{"id":"gen9vgc2026regi-2548277962","format":"[Gen 9] VGC 2026 Reg I","players":["partigiano jonny","cookertree"],"log":"|j|\u2606partigiano jonny\n|j|\u2606cookertree\n|t:|1772197863\n|gametype|doubles\n|player|p1|partigiano jonny|volkner|1294\n|player|p2|cookertree|265|1306\n|gen|9\n|tier|[Gen 9] VGC 2026 Reg I\n|rated|\n|rule|Species Clause: Limit one of each Pok\u00e9mon\n|rule|Item Clause: Limit 1 of each item\n|clearpoke\n|poke|p1|Miraidon, L50|\n|poke|p1|Lunala, L50|\n|poke|p1|Incineroar, L50, M|\n|poke|p1|Ursaluna, L50, F|\n|poke|p1|Urshifu-*, L50, F|\n|poke|p1|Whimsicott, L50, F|\n|poke|p2|Terapagos, L50, M|\n|poke|p2|Calyrex-Ice, L50|\n|poke|p2|Landorus, L50, M|\n|poke|p2|Volcarona, L50, F|\n|poke|p2|Rillaboom, L50, M|\n|poke|p2|Urshifu-*, L50, F|\n|teampreview|4\n|inactive|Battle timer is ON: inactive players will automatically lose when time's up. (requested by partigiano jonny)\n|inactive|cookertree has 60 seconds left.\n|\n|t:|1772197917\n|teamsize|p1|4\n|teamsize|p2|4\n|start\n|switch|p1a: Miraidon|Miraidon, L50|100/100\n|switch|p1b: Incineroar|Incineroar, L50, M|100/100\n|switch|p2a: Blindsided|Volcarona, L50, F|100/100\n|switch|p2b: Bloodhail|Calyrex-Ice, L50|100/100\n|-ability|p2b: Bloodhail|As One\n|-ability|p2b: Bloodhail|Unnerve\n|-fieldstart|move: Electric Terrain|[from] ability: Hadron Engine|[of] p1a: Miraidon\n|-ability|p1b: Incineroar|Intimidate|boost\n|-unboost|p2a: Blindsided|atk|1\n|-fail|p2b: Bloodhail|unboost|[from] item: Clear Amulet|[of] p2b: Bloodhail\n|turn|1\n|\n|t:|1772197932\n|move|p2b: Bloodhail|Protect|p2b: Bloodhail\n|-singleturn|p2b: Bloodhail|Protect\n|move|p1b: Incineroar|Fake Out|p2b: Bloodhail\n|-activate|p2b: Bloodhail|move: Protect\n|move|p1a: Miraidon|Volt Switch|p2a: Blindsided\n|-damage|p2a: Blindsided|11/100\n|\n|t:|1772197942\n|switch|p1a: Lunala|Lunala, L50|100/100|[from] Volt Switch\n|-enditem|p1a: Lunala|Electric Seed\n|-boost|p1a: Lunala|def|1|[from] item: Electric Seed\n|move|p2a: Blindsided|Tailwind|p2a: Blindsided\n|-sidestart|p2: cookertree|move: Tailwind\n|\n|upkeep\n|turn|2\n|\n|t:|1772197956\n|move|p2a: Blindsided|Struggle Bug|p1a: Lunala|[spread] p1a,p1b\n|-damage|p1a: Lunala|95/100\n|-damage|p1b: Incineroar|90/100\n|-unboost|p1a: Lunala|spa|1\n|-unboost|p1b: Incineroar|spa|1\n|move|p2b: Bloodhail|Glacial Lance|p1b: Incineroar|[spread] p1a,p1b\n|-resisted|p1b: Incineroar\n|-damage|p1a: Lunala|67/100\n|-damage|p1b: Incineroar|62/100\n|move|p1b: Incineroar|U-turn|p2b: Bloodhail\n|-supereffective|p2b: Bloodhail\n|-damage|p2b: Bloodhail|74/100\n|\n|t:|1772197966\n|switch|p1b: Urshifu|Urshifu-Rapid-Strike, L50, F|100/100|[from] U-turn\n|move|p1a: Lunala|Trick Room|p1a: Lunala\n|-fieldstart|move: Trick Room|[of] p1a: Lunala\n|\n|upkeep\n|turn|3\n|\n|t:|1772197982\n|move|p2a: Blindsided|Rage Powder|p2a: Blindsided\n|-singleturn|p2a: Blindsided|move: Rage Powder\n|move|p1a: Lunala|Moongeist Beam|p2a: Blindsided\n|-damage|p2a: Blindsided|0 fnt\n|faint|p2a: Blindsided\n|move|p1b: Urshifu|Surging Strikes|p2b: Bloodhail\n|-crit|p2b: Bloodhail\n|-damage|p2b: Bloodhail|56/100\n|-crit|p2b: Bloodhail\n|-damage|p2b: Bloodhail|35/100\n|-crit|p2b: Bloodhail\n|-damage|p2b: Bloodhail|16/100\n|-hitcount|p2b: Bloodhail|3\n|move|p2b: Bloodhail|Leech Seed|p1a: Lunala\n|-start|p1a: Lunala|move: Leech Seed\n|\n|-damage|p1a: Lunala|55/100|[from] Leech Seed|[of] p2b: Bloodhail\n|-heal|p2b: Bloodhail|30/100|[silent]\n|upkeep\n|\n|t:|1772197993\n|switch|p2a: Basketball Shoes|Urshifu-Rapid-Strike, L50, F|100/100\n|turn|4\n|\n|t:|1772198010\n|switch|p2b: Hidden Place|Terapagos, L50, M|100/100\n|-activate|p2b: Hidden Place|ability: Tera Shift\n|detailschange|p2b: Hidden Place|Terapagos-Terastal, L50, M\n|-heal|p2b: Hidden Place|100/100|[silent]\n|-terastallize|p1a: Lunala|Fairy\n|move|p1a: Lunala|Moonblast|p2b: Hidden Place\n|-activate|p2b: Hidden Place|ability: Tera Shell\n|-resisted|p2b: Hidden Place\n|-damage|p2b: Hidden Place|86/100\n|move|p1b: Urshifu|Surging Strikes|p2b: Hidden Place\n|-crit|p2b: Hidden Place\n|-damage|p2b: Hidden Place|59/100\n|-crit|p2b: Hidden Place\n|-damage|p2b: Hidden Place|32/100\n|-crit|p2b: Hidden Place\n|-damage|p2b: Hidden Place|5/100\n|-hitcount|p2b: Hidden Place|3\n|move|p2a: Basketball Shoes|Close Combat|p1b: Urshifu\n|-damage|p1b: Urshifu|35/100\n|-unboost|p2a: Basketball Shoes|def|1\n|-unboost|p2a: Basketball Shoes|spd|1\n|\n|-damage|p1a: Lunala|43/100|[from] Leech Seed|[of] p2b: Hidden Place\n|-heal|p2b: Hidden Place|20/100|[silent]\n|-sideend|p2: cookertree|move: Tailwind\n|upkeep\n|turn|5\n|inactive|cookertree has 30 seconds left.\n|\n|t:|1772198041\n|-terastallize|p2b: Hidden Place|Stellar\n|detailschange|p2b: Hidden Place|Terapagos-Stellar, L50, M, tera:Stellar\n|-heal|p2b: Hidden Place|40/100|[silent]\n|-ability|p2b: Hidden Place|Teraform Zero\n|-fieldend|move: Electric Terrain\n|move|p1a: Lunala|Wide Guard|p1a: Lunala\n|-singleturn|p1a: Lunala|Wide Guard\n|move|p2a: Basketball Shoes|Aqua Jet|p1a: Lunala\n|-damage|p1a: Lunala|31/100\n|move|p2b: Hidden Place|Tera Starstorm|p1a: Lunala|[spread] \n|-activate|p1a: Lunala|move: Wide Guard\n|-activate|p1b: Urshifu|move: Wide Guard\n|move|p1b: Urshifu|Surging Strikes|p2b: Hidden Place\n|-crit|p2b: Hidden Place\n|-damage|p2b: Hidden Place|22/100\n|-crit|p2b: Hidden Place\n|-damage|p2b: Hidden Place|1/100\n|-crit|p2b: Hidden Place\n|-damage|p2b: Hidden Place|0 fnt\n|faint|p2b: Hidden Place\n|detailschange|p2: Hidden Place|Terapagos, L50, M|[silent]\n|-hitcount|p2: Hidden Place|3\n|\n|upkeep\n|-message|cookertree forfeited.\n|\n|win|partigiano jonny\n|raw|partigiano jonny's rating: 1294 &rarr; <strong>1320</strong><br />(+26 for winning)\n|raw|cookertree's rating: 1306 &rarr; <strong>1285</strong><br />(-21 for losing)\n","uploadtime":1772198052,"views":15,"formatid":"gen9vgc2026regi","rating":1285,"private":0,"password":null}