{"id":"gen9vgc2026regi-2578750123","format":"[Gen 9] VGC 2026 Reg I","players":["nuuget","N jordan"],"log":"|j|\u2606nuuget\n|j|\u2606N jordan\n|t:|1775712318\n|gametype|doubles\n|player|p1|nuuget|hugh|1185\n|player|p2|N jordan|n|1261\n|gen|9\n|tier|[Gen 9] VGC 2026 Reg I\n|rated|\n|rule|Species Clause: Limit one of each Pok\u00e9mon\n|rule|Item Clause: Limit 1 of each item\n|clearpoke\n|poke|p1|Kyurem-Black, L50|\n|poke|p1|Lunala, L50|\n|poke|p1|Iron Moth, L50|\n|poke|p1|Iron Hands, L50|\n|poke|p1|Ogerpon-Cornerstone, L50, F|\n|poke|p1|Cramorant, L50, M|\n|poke|p2|Koraidon, L50|\n|poke|p2|Grimmsnarl, L50, M|\n|poke|p2|Farigiraf, L50, M|\n|poke|p2|Volcarona, L50, M|\n|poke|p2|Terapagos, L50, M|\n|poke|p2|Rillaboom, L50, M|\n|teampreview|4\n|inactive|Battle timer is ON: inactive players will automatically lose when time's up. (requested by nuuget)\n|inactive|N jordan has 60 seconds left.\n|\n|t:|1775712423\n|teamsize|p1|4\n|teamsize|p2|4\n|start\n|switch|p1a: Lunala|Lunala, L50, shiny|100/100\n|switch|p1b: Cramorant|Cramorant, L50, M, shiny|100/100\n|switch|p2a: USA's tax money|Grimmsnarl, L50, M|100/100\n|switch|p2b: Trump's Mossad bm|Terapagos, L50, M|100/100\n|-activate|p2b: Trump's Mossad bm|ability: Tera Shift\n|detailschange|p2b: Trump's Mossad bm|Terapagos-Terastal, L50, M\n|-heal|p2b: Trump's Mossad bm|100/100|[silent]\n|turn|1\n|inactive|nuuget has 30 seconds left.\n|inactive|nuuget has 20 seconds left.\n|\n|t:|1775712459\n|-terastallize|p1a: Lunala|Steel\n|move|p2a: USA's tax money|Light Screen|p2a: USA's tax money\n|-sidestart|p2: N jordan|move: Light Screen\n|move|p1b: Cramorant|Surf|p2b: Trump's Mossad bm|[spread] p1a,p2a,p2b\n|-formechange|p1b: Cramorant|Cramorant-Gulping|\n|-activate|p2b: Trump's Mossad bm|ability: Tera Shell\n|-resisted|p2b: Trump's Mossad bm\n|-damage|p1a: Lunala|91/100\n|-damage|p2a: USA's tax money|83/100\n|-damage|p2b: Trump's Mossad bm|94/100\n|move|p1a: Lunala|Tailwind|p1a: Lunala\n|-sidestart|p1: nuuget|move: Tailwind\n|move|p2b: Trump's Mossad bm|Calm Mind|p2b: Trump's Mossad bm\n|-boost|p2b: Trump's Mossad bm|spa|1\n|-boost|p2b: Trump's Mossad bm|spd|1\n|\n|-heal|p2b: Trump's Mossad bm|99/100|[from] item: Leftovers\n|upkeep\n|turn|2\n|inactive|nuuget has 30 seconds left.\n|inactive|N jordan has 30 seconds left.\n|\n|t:|1775712490\n|-terastallize|p2b: Trump's Mossad bm|Stellar\n|detailschange|p2b: Trump's Mossad bm|Terapagos-Stellar, L50, M, tera:Stellar\n|-heal|p2b: Trump's Mossad bm|99/100|[silent]\n|move|p2a: USA's tax money|Reflect|p2a: USA's tax money\n|-sidestart|p2: N jordan|Reflect\n|move|p1b: Cramorant|Air Slash|p2b: Trump's Mossad bm\n|-damage|p2b: Trump's Mossad bm|92/100\n|move|p1a: Lunala|Psychic|p2b: Trump's Mossad bm\n|-crit|p2b: Trump's Mossad bm\n|-damage|p2b: Trump's Mossad bm|45/100\n|move|p2b: Trump's Mossad bm|Tera Starstorm|p1b: Cramorant|[spread] p1a,p1b\n|-supereffective|p1a: Lunala\n|-damage|p1a: Lunala|24/100\n|-damage|p1b: Cramorant|52/100\n|-damage|p2b: Trump's Mossad bm|21/100|[from] ability: Gulp Missile|[of] p1b: Cramorant\n|-unboost|p2b: Trump's Mossad bm|def|1\n|-formechange|p1b: Cramorant|Cramorant|\n|-enditem|p1a: Lunala|Sitrus Berry|[eat]\n|-heal|p1a: Lunala|49/100|[from] item: Sitrus Berry\n|\n|-heal|p1b: Cramorant|59/100|[from] item: Leftovers\n|-heal|p2b: Trump's Mossad bm|27/100|[from] item: Leftovers\n|upkeep\n|turn|3\n|inactive|N jordan has 30 seconds left.\n|\n|t:|1775712519\n|move|p1a: Lunala|Wide Guard|p1a: Lunala\n|-singleturn|p1a: Lunala|Wide Guard\n|move|p1b: Cramorant|Surf|p2b: Trump's Mossad bm|[spread] p2a,p2b\n|-activate|p1a: Lunala|move: Wide Guard\n|-formechange|p1b: Cramorant|Cramorant-Gulping|\n|-damage|p2a: USA's tax money|66/100\n|-damage|p2b: Trump's Mossad bm|20/100\n|move|p2b: Trump's Mossad bm|Tera Starstorm|p1a: Lunala|[spread] \n|-activate|p1a: Lunala|move: Wide Guard\n|-activate|p1b: Cramorant|move: Wide Guard\n|move|p2a: USA's tax money|Spirit Break|p1b: Cramorant\n|-damage|p1b: Cramorant|0 fnt\n|-damage|p2a: USA's tax money|42/100|[from] ability: Gulp Missile|[of] p1b: Cramorant\n|-unboost|p2a: USA's tax money|def|1\n|-formechange|p1b: Cramorant|Cramorant|\n|faint|p1b: Cramorant\n|\n|-heal|p2b: Trump's Mossad bm|26/100|[from] item: Leftovers\n|upkeep\n|inactive|nuuget has 30 seconds left.\n|\n|t:|1775712549\n|switch|p1b: Kyurem|Kyurem-Black, L50|100/100\n|-ability|p1b: Kyurem|Teravolt\n|turn|4\n|\n|t:|1775712565\n|move|p1a: Lunala|Psychic|p2b: Trump's Mossad bm\n|-crit|p2b: Trump's Mossad bm\n|-damage|p2b: Trump's Mossad bm|0 fnt\n|faint|p2b: Trump's Mossad bm\n|detailschange|p2: Trump's Mossad bm|Terapagos, L50, M|[silent]\n|move|p1b: Kyurem|Icicle Spear|p2a: USA's tax money\n|-damage|p2a: USA's tax money|18/100\n|-damage|p2a: USA's tax money|0 fnt\n|faint|p2a: USA's tax money\n|-hitcount|p2: USA's tax money|2\n|\n|-sideend|p1: nuuget|move: Tailwind\n|upkeep\n|\n|t:|1775712576\n|switch|p2b: goons|Rillaboom, L50, M|100/100\n|switch|p2a: Koraidon|Koraidon, L50|100/100\n|-weather|SunnyDay|[from] ability: Orichalcum Pulse|[of] p2a: Koraidon\n|-activate|p2a: Koraidon|Orichalcum Pulse|[source]\n|-fieldstart|move: Grassy Terrain|[from] ability: Grassy Surge|[of] p2b: goons\n|-enditem|p2b: goons|Grassy Seed\n|-boost|p2b: goons|def|1|[from] item: Grassy Seed\n|turn|5\n|inactive|N jordan has 30 seconds left.\n|inactive|N jordan has 20 seconds left.\n|inactive|N jordan has 15 seconds left.\n|inactive|N jordan has 10 seconds left.\n|inactive|N jordan has 5 seconds left.\n|\n|t:|1775712626\n|move|p2a: Koraidon|Collision Course|p1a: Lunala\n|-supereffective|p1a: Lunala\n|-damage|p1a: Lunala|0 fnt\n|faint|p1a: Lunala\n|move|p1b: Kyurem|Scale Shot|p2a: Koraidon\n|-supereffective|p2a: Koraidon\n|-damage|p2a: Koraidon|80/100\n|-supereffective|p2a: Koraidon\n|-damage|p2a: Koraidon|59/100\n|-supereffective|p2a: Koraidon\n|-damage|p2a: Koraidon|38/100\n|-supereffective|p2a: Koraidon\n|-damage|p2a: Koraidon|17/100\n|-hitcount|p2a: Koraidon|4\n|-unboost|p1b: Kyurem|def|1\n|-boost|p1b: Kyurem|spe|1\n|move|p2b: goons|Bulk Up|p2b: goons\n|-boost|p2b: goons|atk|1\n|-boost|p2b: goons|def|1\n|\n|-weather|SunnyDay|[upkeep]\n|-heal|p2a: Koraidon|23/100|[from] Grassy Terrain\n|upkeep\n|inactive|nuuget has 30 seconds left.\n|\n|t:|1775712651\n|switch|p1a: Iron Hands|Iron Hands, L50, shiny|100/100\n|turn|6\n|\n|t:|1775712664\n|move|p1a: Iron Hands|Fake Out|p2a: Koraidon\n|-damage|p2a: Koraidon|14/100\n|cant|p2a: Koraidon|flinch\n|move|p1b: Kyurem|Icicle Spear|p2b: goons\n|-supereffective|p2b: goons\n|-damage|p2b: goons|88/100\n|-supereffective|p2b: goons\n|-damage|p2b: goons|77/100\n|-supereffective|p2b: goons\n|-damage|p2b: goons|65/100\n|-supereffective|p2b: goons\n|-crit|p2b: goons\n|-damage|p2b: goons|10/100\n|-supereffective|p2b: goons\n|-damage|p2b: goons|0 fnt\n|faint|p2b: goons\n|-hitcount|p2: goons|5\n|\n|-weather|SunnyDay|[upkeep]\n|-heal|p2a: Koraidon|20/100|[from] Grassy Terrain\n|upkeep\n|turn|7\n|-message|N jordan forfeited.\n|\n|win|nuuget\n|raw|nuuget's rating: 1185 &rarr; <strong>1215</strong><br />(+30 for winning)\n|raw|N jordan's rating: 1261 &rarr; <strong>1231</strong><br />(-30 for losing)\n|l|\u2606N jordan\n|player|p2|\n|l|\u2606nuuget\n|player|p1|\n","uploadtime":1775712845,"views":7,"formatid":"gen9vgc2026regi","rating":1215,"private":0,"password":null}