{"id":"gen9vgc2026regi-2572063729","format":"[Gen 9] VGC 2026 Reg I","players":["Mirthinion","curfy325"],"log":"|j|\u2606Mirthinion\n|j|\u2606curfy325\n|t:|1774985170\n|gametype|doubles\n|player|p1|Mirthinion|janitor|1444\n|player|p2|curfy325|170|1586\n|gen|9\n|tier|[Gen 9] VGC 2026 Reg I\n|rated|\n|rule|Species Clause: Limit one of each Pok\u00e9mon\n|rule|Item Clause: Limit 1 of each item\n|clearpoke\n|poke|p1|Calyrex-Shadow, L50|\n|poke|p1|Zamazenta-*, L50|\n|poke|p1|Urshifu-*, L50, M|\n|poke|p1|Incineroar, L50, M|\n|poke|p1|Rillaboom, L50, M|\n|poke|p1|Tornadus, L50, M|\n|poke|p2|Zacian-*, L50|\n|poke|p2|Lunala, L50|\n|poke|p2|Umbreon, L50, F|\n|poke|p2|Urshifu-*, L50, M|\n|poke|p2|Rillaboom, L50, F|\n|poke|p2|Thundurus, L50, M|\n|teampreview|4\n|inactive|Battle timer is ON: inactive players will automatically lose when time's up. (requested by curfy325)\n|inactive|Mirthinion also wants the timer to be on.\nMirthinion rejected open team sheets.\n|inactive|Mirthinion has 60 seconds left.\n|\n|t:|1774985218\n|teamsize|p1|4\n|teamsize|p2|4\n|start\n|switch|p1a: Vangwe|Tornadus, L50, M|100/100\n|switch|p1b: Mithrandir|Calyrex-Shadow, L50|100/100\n|switch|p2a: Thundurus|Thundurus, L50, M|100/100\n|switch|p2b: Urshifu|Urshifu-Rapid-Strike, L50, M|100/100\n|-ability|p1b: Mithrandir|As One\n|-ability|p1b: Mithrandir|Unnerve\n|turn|1\n|inactive|curfy325 has 30 seconds left.\n|\n|t:|1774985250\n|move|p2a: Thundurus|Eerie Impulse|p1b: Mithrandir\n|-unboost|p1b: Mithrandir|spa|2\n|move|p1a: Vangwe|Tailwind|p1a: Vangwe\n|-sidestart|p1: Mirthinion|move: Tailwind\n|move|p1b: Mithrandir|Astral Barrage|p2b: Urshifu|[spread] p2a,p2b\n|-damage|p2a: Thundurus|73/100\n|-damage|p2b: Urshifu|66/100\n|move|p2b: Urshifu|Surging Strikes|p1b: Mithrandir\n|-crit|p1b: Mithrandir\n|-damage|p1b: Mithrandir|78/100\n|-crit|p1b: Mithrandir\n|-damage|p1b: Mithrandir|57/100\n|-crit|p1b: Mithrandir\n|-damage|p1b: Mithrandir|35/100\n|-hitcount|p1b: Mithrandir|3\n|\n|upkeep\n|turn|2\n|\n|t:|1774985267\n|switch|p1b: Beowulf|Urshifu-Rapid-Strike, L50, M|100/100\n|move|p2a: Thundurus|Thunder Wave|p1a: Vangwe\n|-status|p1a: Vangwe|par\n|move|p2b: Urshifu|Surging Strikes|p1b: Beowulf\n|-resisted|p1b: Beowulf\n|-crit|p1b: Beowulf\n|-damage|p1b: Beowulf|90/100\n|-resisted|p1b: Beowulf\n|-crit|p1b: Beowulf\n|-damage|p1b: Beowulf|78/100\n|-resisted|p1b: Beowulf\n|-crit|p1b: Beowulf\n|-damage|p1b: Beowulf|66/100\n|-hitcount|p1b: Beowulf|3\n|cant|p1a: Vangwe|par\n|\n|upkeep\n|turn|3\n|inactive|Mirthinion has 30 seconds left.\n|\n|t:|1774985293\n|switch|p1b: Mithrandir|Calyrex-Shadow, L50|35/100\n|-ability|p1b: Mithrandir|As One\n|-ability|p1b: Mithrandir|Unnerve\n|move|p2a: Thundurus|Thunder Wave|p1b: Mithrandir|[miss]\n|-miss|p2a: Thundurus|p1b: Mithrandir\n|move|p1a: Vangwe|Taunt|p2a: Thundurus\n|-start|p2a: Thundurus|move: Taunt\n|move|p2b: Urshifu|Surging Strikes|p1a: Vangwe\n|-crit|p1a: Vangwe\n|-damage|p1a: Vangwe|73/100 par\n|-crit|p1a: Vangwe\n|-damage|p1a: Vangwe|45/100 par\n|-crit|p1a: Vangwe\n|-damage|p1a: Vangwe|18/100 par\n|-hitcount|p1a: Vangwe|3\n|\n|upkeep\n|turn|4\n|\n|t:|1774985313\n|switch|p2b: Zacian|Zacian-Crowned, L50|100/100\n|-ability|p2b: Zacian|Intrepid Sword|boost\n|-boost|p2b: Zacian|atk|1\n|-terastallize|p2a: Thundurus|Dark\n|move|p1b: Mithrandir|Astral Barrage|p2b: Zacian|[spread] p2a,p2b\n|-resisted|p2a: Thundurus\n|-damage|p2a: Thundurus|47/100\n|-damage|p2b: Zacian|60/100\n|move|p2a: Thundurus|Wildbolt Storm|p1a: Vangwe|[spread] p1b\n|-miss|p2a: Thundurus|p1a: Vangwe\n|-damage|p1b: Mithrandir|6/100\n|cant|p1a: Vangwe|par\n|\n|-sideend|p1: Mirthinion|move: Tailwind\n|upkeep\n|turn|5\n|\n|t:|1774985333\n|move|p1a: Vangwe|Tailwind|p1a: Vangwe\n|-sidestart|p1: Mirthinion|move: Tailwind\n|move|p1b: Mithrandir|Pollen Puff|p2a: Thundurus\n|-supereffective|p2a: Thundurus\n|-damage|p2a: Thundurus|0 fnt\n|faint|p2a: Thundurus\n|-ability|p1b: Mithrandir|Grim Neigh|boost\n|-boost|p1b: Mithrandir|spa|1\n|move|p2b: Zacian|Behemoth Blade|p1a: Vangwe\n|-damage|p1a: Vangwe|0 fnt\n|faint|p1a: Vangwe\n|\n|upkeep\n|\n|t:|1774985346\n|switch|p2a: Urshifu|Urshifu-Rapid-Strike, L50, M|66/100\n|switch|p1a: Beowulf|Urshifu-Rapid-Strike, L50, M|66/100\n|turn|6\n|\n|t:|1774985352\n|move|p2a: Urshifu|Aqua Jet|p1b: Mithrandir\n|-damage|p1b: Mithrandir|0 fnt\n|faint|p1b: Mithrandir\n|move|p1a: Beowulf|Surging Strikes|p2b: Zacian\n|-crit|p2b: Zacian\n|-damage|p2b: Zacian|36/100\n|-crit|p2b: Zacian\n|-damage|p2b: Zacian|15/100\n|-crit|p2b: Zacian\n|-damage|p2b: Zacian|0 fnt\n|faint|p2b: Zacian\n|-hitcount|p2: Zacian|3\n|\n|upkeep\n|\n|t:|1774985362\n|switch|p1b: Drambor|Zamazenta-Crowned, L50|100/100\n|switch|p2b: Lunala|Lunala, L50|100/100\n|-ability|p1b: Drambor|Dauntless Shield|boost\n|-boost|p1b: Drambor|def|1\n|turn|7\n|\n|t:|1774985373\n|-terastallize|p1b: Drambor|Grass\n|move|p2a: Urshifu|Aqua Jet|p1b: Drambor\n|-resisted|p1b: Drambor\n|-damage|p1b: Drambor|95/100\n|move|p1b: Drambor|Body Press|p2a: Urshifu\n|-damage|p2a: Urshifu|4/100\n|move|p1a: Beowulf|Surging Strikes|p2b: Lunala\n|-crit|p2b: Lunala\n|-damage|p2b: Lunala|89/100\n|-crit|p2b: Lunala\n|-damage|p2b: Lunala|65/100\n|-crit|p2b: Lunala\n|-damage|p2b: Lunala|42/100\n|-hitcount|p2b: Lunala|3\n|move|p2b: Lunala|Expanding Force|p1a: Beowulf\n|-supereffective|p1a: Beowulf\n|-damage|p1a: Beowulf|0 fnt\n|faint|p1a: Beowulf\n|\n|upkeep\n|turn|8\n|\n|t:|1774985393\n|move|p2a: Urshifu|Aqua Jet|p1b: Drambor\n|-resisted|p1b: Drambor\n|-damage|p1b: Drambor|90/100\n|move|p1b: Drambor|Behemoth Bash|p2b: Lunala\n|-damage|p2b: Lunala|10/100\n|move|p2b: Lunala|Meteor Beam||[still]\n|-prepare|p2b: Lunala|Meteor Beam\n|-boost|p2b: Lunala|spa|1\n|-enditem|p2b: Lunala|Power Herb\n|-anim|p2b: Lunala|Meteor Beam|p1b: Drambor\n|-damage|p1b: Drambor|40/100\n|\n|-sideend|p1: Mirthinion|move: Tailwind\n|upkeep\n|turn|9\n|\n|t:|1774985407\n|move|p2a: Urshifu|Aqua Jet|p1b: Drambor\n|-resisted|p1b: Drambor\n|-damage|p1b: Drambor|35/100\n|move|p1b: Drambor|Behemoth Bash|p2b: Lunala\n|-damage|p2b: Lunala|0 fnt\n|faint|p2b: Lunala\n|\n|upkeep\n|turn|10\n|-message|curfy325 forfeited.\n|\n|win|Mirthinion\n|raw|Mirthinion's rating: 1444 &rarr; <strong>1472</strong><br />(+28 for winning)\n|raw|curfy325's rating: 1586 &rarr; <strong>1558</strong><br />(-28 for losing)\n|l|\u2606curfy325\n|player|p2|\n","uploadtime":1774985417,"views":56,"formatid":"gen9vgc2026regi","rating":1472,"private":0,"password":null}