{"id":"gen9vgc2026regi-2533371968","format":"[Gen 9] VGC 2026 Reg I","players":["pokegambit5","pzyxhic"],"log":"|j|\u2606pokegambit5\n|j|\u2606pzyxhic\n|t:|1770298848\n|gametype|doubles\n|player|p1|pokegambit5|169|1194\n|player|p2|pzyxhic|170|1329\n|gen|9\n|tier|[Gen 9] VGC 2026 Reg I\n|rated|\n|rule|Species Clause: Limit one of each Pok\u00e9mon\n|rule|Item Clause: Limit 1 of each item\n|clearpoke\n|poke|p1|Zamazenta-*, L50|\n|poke|p1|Terapagos, L50, M|\n|poke|p1|Incineroar, L50, F|\n|poke|p1|Cresselia, L50, F|\n|poke|p1|Flutter Mane, L50|\n|poke|p1|Raging Bolt, L50|\n|poke|p2|Calyrex-Shadow, L50|\n|poke|p2|Chi-Yu, L50|\n|poke|p2|Whimsicott, L50, F|\n|poke|p2|Urshifu-*, L50, F|\n|poke|p2|Farigiraf, L50, F|\n|poke|p2|Kyurem-White, L50|\n|teampreview|4\n|j| Ciel29\n|\n|t:|1770298896\n|teamsize|p1|4\n|teamsize|p2|4\n|start\n|switch|p1a: Terapagos|Terapagos, L50, M|100/100\n|switch|p1b: Flutter Mane|Flutter Mane, L50|100/100\n|switch|p2a: Whimsicott|Whimsicott, L50, F|100/100\n|switch|p2b: Kyurem|Kyurem-White, L50|100/100\n|-activate|p1a: Terapagos|ability: Tera Shift\n|detailschange|p1a: Terapagos|Terapagos-Terastal, L50, M\n|-heal|p1a: Terapagos|100/100|[silent]\n|-ability|p2b: Kyurem|Turboblaze\n|-enditem|p1b: Flutter Mane|Booster Energy\n|-activate|p1b: Flutter Mane|ability: Protosynthesis|[fromitem]\n|-start|p1b: Flutter Mane|protosynthesisspe\n|turn|1\n|\n|t:|1770298933\n|-terastallize|p2b: Kyurem|Fire\n|move|p2a: Whimsicott|Tailwind|p2a: Whimsicott\n|-sidestart|p2: pzyxhic|move: Tailwind\n|move|p2b: Kyurem|Fusion Flare|p1b: Flutter Mane\n|-damage|p1b: Flutter Mane|25/100\n|-damage|p2b: Kyurem|91/100|[from] item: Life Orb\n|move|p1b: Flutter Mane|Icy Wind|p2a: Whimsicott|[spread] p2a,p2b\n|-supereffective|p2a: Whimsicott\n|-resisted|p2b: Kyurem\n|-damage|p2a: Whimsicott|71/100\n|-damage|p2b: Kyurem|86/100\n|-unboost|p2b: Kyurem|spe|1\n|move|p1a: Terapagos|Dark Pulse|p2b: Kyurem\n|-damage|p2b: Kyurem|62/100\n|\n|upkeep\n|turn|2\n|\n|t:|1770298962\n|-terastallize|p1a: Terapagos|Stellar\n|detailschange|p1a: Terapagos|Terapagos-Stellar, L50, M, tera:Stellar\n|-heal|p1a: Terapagos|100/100|[silent]\n|move|p2a: Whimsicott|Encore|p1b: Flutter Mane\n|-start|p1b: Flutter Mane|Encore\n|move|p1b: Flutter Mane|Icy Wind|p2b: Kyurem|[spread] p2a,p2b\n|-supereffective|p2a: Whimsicott\n|-resisted|p2b: Kyurem\n|-damage|p2a: Whimsicott|43/100\n|-damage|p2b: Kyurem|57/100\n|-unboost|p2b: Kyurem|spe|1\n|move|p2b: Kyurem|Fusion Flare|p1a: Terapagos\n|-damage|p1a: Terapagos|66/100\n|-damage|p2b: Kyurem|47/100|[from] item: Life Orb\n|move|p1a: Terapagos|Tera Starstorm|p2a: Whimsicott|[spread] p2a,p2b\n|-supereffective|p2b: Kyurem\n|-damage|p2a: Whimsicott|3/100\n|-damage|p2b: Kyurem|0 fnt\n|faint|p2b: Kyurem\n|\n|upkeep\n|\n|t:|1770298984\n|switch|p2b: Urshifu|Urshifu-Rapid-Strike, L50, F|100/100\n|turn|3\n|\n|t:|1770299006\n|move|p1b: Flutter Mane|Icy Wind|p2a: Whimsicott|[spread] p2a,p2b\n|-supereffective|p2a: Whimsicott\n|-resisted|p2b: Urshifu\n|-damage|p2a: Whimsicott|0 fnt\n|-damage|p2b: Urshifu|91/100\n|-unboost|p2b: Urshifu|spe|1\n|faint|p2a: Whimsicott\n|move|p2b: Urshifu|Close Combat|p1a: Terapagos\n|-supereffective|p1a: Terapagos\n|-damage|p1a: Terapagos|0 fnt\n|-unboost|p2b: Urshifu|def|1\n|-unboost|p2b: Urshifu|spd|1\n|faint|p1a: Terapagos\n|detailschange|p1: Terapagos|Terapagos, L50, M|[silent]\n|\n|upkeep\n|\n|t:|1770299019\n|switch|p2a: Calyrex|Calyrex-Shadow, L50|100/100\n|switch|p1a: Zamazenta|Zamazenta-Crowned, L50|100/100\n|-ability|p2a: Calyrex|As One\n|-ability|p2a: Calyrex|Unnerve\n|-ability|p1a: Zamazenta|Dauntless Shield|boost\n|-boost|p1a: Zamazenta|def|1\n|turn|4\n|\n|t:|1770299036\n|move|p1a: Zamazenta|Wide Guard|p1a: Zamazenta\n|-singleturn|p1a: Zamazenta|Wide Guard\n|move|p2a: Calyrex|Psychic|p1b: Flutter Mane\n|-damage|p1b: Flutter Mane|0 fnt\n|faint|p1b: Flutter Mane\n|-end|p1b: Flutter Mane|Protosynthesis|[silent]\n|-ability|p2a: Calyrex|Grim Neigh|boost\n|-boost|p2a: Calyrex|spa|1\n|move|p2b: Urshifu|Surging Strikes|p1a: Zamazenta\n|-crit|p1a: Zamazenta\n|-damage|p1a: Zamazenta|88/100\n|-crit|p1a: Zamazenta\n|-damage|p1a: Zamazenta|74/100\n|-crit|p1a: Zamazenta\n|-damage|p1a: Zamazenta|60/100\n|-hitcount|p1a: Zamazenta|3\n|\n|-sideend|p2: pzyxhic|move: Tailwind\n|upkeep\n|l| Ciel29\n|\n|t:|1770299052\n|switch|p1b: Raging Bolt|Raging Bolt, L50|100/100\n|turn|5\n|\n|t:|1770299064\n|move|p2b: Urshifu|Detect|p2b: Urshifu\n|-singleturn|p2b: Urshifu|Protect\n|move|p2a: Calyrex|Psychic|p1a: Zamazenta\n|-damage|p1a: Zamazenta|0 fnt\n|faint|p1a: Zamazenta\n|-ability|p2a: Calyrex|Grim Neigh|boost\n|-boost|p2a: Calyrex|spa|1\n|move|p1b: Raging Bolt|Snarl|p2a: Calyrex|[spread] p2a\n|-activate|p2b: Urshifu|move: Protect\n|-supereffective|p2a: Calyrex\n|-damage|p2a: Calyrex|45/100\n|-unboost|p2a: Calyrex|spa|1\n|\n|upkeep\n|turn|6\n|\n|t:|1770299081\n|move|p2a: Calyrex|Psychic|p1b: Raging Bolt\n|-damage|p1b: Raging Bolt|25/100\n|move|p1b: Raging Bolt|Snarl|p2a: Calyrex|[spread] p2a,p2b\n|-supereffective|p2a: Calyrex\n|-resisted|p2b: Urshifu\n|-damage|p2a: Calyrex|0 fnt\n|-damage|p2b: Urshifu|74/100\n|-unboost|p2b: Urshifu|spa|1\n|faint|p2a: Calyrex\n|move|p2b: Urshifu|Close Combat|p1b: Raging Bolt\n|-damage|p1b: Raging Bolt|0 fnt\n|-unboost|p2b: Urshifu|def|1\n|-unboost|p2b: Urshifu|spd|1\n|faint|p1b: Raging Bolt\n|-end|p1b: Raging Bolt|Protosynthesis|[silent]\n|\n|win|pzyxhic\n|raw|pokegambit5's rating: 1194 &rarr; <strong>1178</strong><br />(-16 for losing)\n|raw|pzyxhic's rating: 1329 &rarr; <strong>1342</strong><br />(+13 for winning)\n|l|\u2606pzyxhic\n|player|p2|\n|l|\u2606pokegambit5\n|player|p1|\n","uploadtime":1770299285,"views":15,"formatid":"gen9vgc2026regi","rating":1178,"private":0,"password":null}