{"id":"gen9vgc2026regi-2515209350","format":"[Gen 9] VGC 2026 Reg I","players":["marcxhenry","Vezo Vimir"],"log":"|j|\u2606marcxhenry\n|j|\u2606Vezo Vimir\n|t:|1767968383\n|gametype|doubles\n|player|p1|marcxhenry|hilbert-wonderlauncher|1287\n|player|p2|Vezo Vimir|lucas|1203\n|gen|9\n|tier|[Gen 9] VGC 2026 Reg I\n|rated|\n|rule|Species Clause: Limit one of each Pok\u00e9mon\n|rule|Item Clause: Limit 1 of each item\n|clearpoke\n|poke|p1|Calyrex-Shadow, L50|\n|poke|p1|Urshifu-*, L50, M|\n|poke|p1|Roaring Moon, L50|\n|poke|p1|Kyogre, L50|\n|poke|p1|Tsareena, L50, F|\n|poke|p1|Kingambit, L50, M|\n|poke|p2|Tornadus, L50, M|\n|poke|p2|Incineroar, L50, M|\n|poke|p2|Miraidon, L50|\n|poke|p2|Zamazenta-*, L50|\n|poke|p2|Iron Treads, L50|\n|poke|p2|Farigiraf, L50, F|\n|teampreview|4\n|inactive|Battle timer is ON: inactive players will automatically lose when time's up. (requested by Vezo Vimir)\n|inactive|Vezo Vimir has 60 seconds left.\n|inactive|Vezo Vimir has 30 seconds left.\n|\n|t:|1767968450\n|teamsize|p1|4\n|teamsize|p2|4\n|start\n|switch|p1a: Ludwig|Calyrex-Shadow, L50|100/100\n|switch|p1b: Roter Baron|Roaring Moon, L50, shiny|100/100\n|switch|p2a: Miraidon|Miraidon, L50|100/100\n|switch|p2b: Tornadus|Tornadus, L50, M|100/100\n|-ability|p1a: Ludwig|As One\n|-ability|p1a: Ludwig|Unnerve\n|-fieldstart|move: Electric Terrain|[from] ability: Hadron Engine|[of] p2a: Miraidon\n|-enditem|p1b: Roter Baron|Booster Energy\n|-activate|p1b: Roter Baron|ability: Protosynthesis|[fromitem]\n|-start|p1b: Roter Baron|protosynthesisspe\n|turn|1\n|inactive|Vezo Vimir has 30 seconds left.\n|inactive|Vezo Vimir has 20 seconds left.\n|\n|t:|1767968489\n|-terastallize|p1b: Roter Baron|Flying\n|move|p2b: Tornadus|Tailwind|p2b: Tornadus\n|-sidestart|p2: Vezo Vimir|move: Tailwind\n|move|p2a: Miraidon|Dazzling Gleam|p1a: Ludwig|[spread] p1a,p1b\n|-damage|p1a: Ludwig|70/100\n|-damage|p1b: Roter Baron|67/100\n|move|p1b: Roter Baron|Knock Off|p2a: Miraidon\n|-damage|p2a: Miraidon|54/100\n|-enditem|p2a: Miraidon|Assault Vest|[from] move: Knock Off|[of] p1b: Roter Baron\n|move|p1a: Ludwig|Trick Room|p1a: Ludwig\n|-fieldstart|move: Trick Room|[of] p1a: Ludwig\n|\n|upkeep\n|turn|2\n|inactive|marcxhenry has 30 seconds left.\n|inactive|Vezo Vimir has 30 seconds left.\n|\n|t:|1767968521\n|move|p1a: Ludwig|Astral Barrage|p2b: Tornadus|[spread] p2a,p2b\n|-damage|p2a: Miraidon|7/100\n|-damage|p2b: Tornadus|20/100\n|move|p1b: Roter Baron|Acrobatics|p2a: Miraidon\n|-resisted|p2a: Miraidon\n|-damage|p2a: Miraidon|0 fnt\n|faint|p2a: Miraidon\n|move|p2b: Tornadus|Bleakwind Storm|p1a: Ludwig|[spread] p1a,p1b\n|-damage|p1a: Ludwig|35/100\n|-damage|p1b: Roter Baron|29/100\n|\n|upkeep\n|\n|t:|1767968533\n|switch|p2a: Zamazenta|Zamazenta-Crowned, L50|100/100\n|-ability|p2a: Zamazenta|Dauntless Shield|boost\n|-boost|p2a: Zamazenta|def|1\n|turn|3\n|inactive|Vezo Vimir has 30 seconds left.\n|\n|t:|1767968566\n|move|p2a: Zamazenta|Protect|p2a: Zamazenta\n|-singleturn|p2a: Zamazenta|Protect\n|move|p2b: Tornadus|Taunt|p1a: Ludwig\n|-start|p1a: Ludwig|move: Taunt\n|move|p1a: Ludwig|Psychic|p2b: Tornadus\n|-damage|p2b: Tornadus|0 fnt\n|faint|p2b: Tornadus\n|-ability|p1a: Ludwig|Grim Neigh|boost\n|-boost|p1a: Ludwig|spa|1\n|move|p1b: Roter Baron|Acrobatics|p2a: Zamazenta\n|-activate|p2a: Zamazenta|move: Protect\n|\n|upkeep\n|\n|t:|1767968578\n|switch|p2b: Iron Treads|Iron Treads, L50|100/100\n|-activate|p2b: Iron Treads|ability: Quark Drive\n|-start|p2b: Iron Treads|quarkdrivespe\n|turn|4\n|inactive|Vezo Vimir has 30 seconds left.\n|\n|t:|1767968606\n|move|p2b: Iron Treads|Protect|p2b: Iron Treads\n|-singleturn|p2b: Iron Treads|Protect\n|move|p1a: Ludwig|Psychic|p2a: Zamazenta\n|-damage|p2a: Zamazenta|45/100\n|move|p1b: Roter Baron|Tailwind|p1b: Roter Baron\n|-sidestart|p1: marcxhenry|move: Tailwind\n|move|p2a: Zamazenta|Behemoth Bash|p1b: Roter Baron\n|-damage|p1b: Roter Baron|0 fnt\n|faint|p1b: Roter Baron\n|-end|p1b: Roter Baron|Protosynthesis|[silent]\n|\n|-sideend|p2: Vezo Vimir|move: Tailwind\n|upkeep\n|\n|t:|1767968623\n|switch|p1b: Tripitz|Kyogre, L50, shiny|100/100\n|-weather|RainDance|[from] ability: Drizzle|[of] p1b: Tripitz\n|turn|5\n|\n|t:|1767968640\n|switch|p1a: Eva|Tsareena, L50, F, shiny|100/100\n|-terastallize|p2a: Zamazenta|Fighting\n|move|p1b: Tripitz|Protect|p1b: Tripitz\n|-singleturn|p1b: Tripitz|Protect\n|move|p2a: Zamazenta|Body Press|p1b: Tripitz\n|-activate|p1b: Tripitz|move: Protect\n|move|p2b: Iron Treads|Knock Off|p1a: Eva\n|-damage|p1a: Eva|58/100\n|-enditem|p1a: Eva|Wide Lens|[from] move: Knock Off|[of] p2b: Iron Treads\n|-damage|p2b: Iron Treads|91/100|[from] item: Life Orb\n|\n|-weather|RainDance|[upkeep]\n|-fieldend|move: Trick Room\n|-fieldend|move: Electric Terrain\n|-end|p2b: Iron Treads|Quark Drive\n|upkeep\n|turn|6\n|inactive|marcxhenry has 30 seconds left.\n|inactive|Vezo Vimir has 30 seconds left.\n|\n|t:|1767968674\n|move|p2b: Iron Treads|Protect|p2b: Iron Treads\n|-singleturn|p2b: Iron Treads|Protect\n|move|p1b: Tripitz|Hydro Pump|p2b: Iron Treads\n|-activate|p2b: Iron Treads|move: Protect\n|move|p1a: Eva|Power Whip|p2b: Iron Treads\n|-activate|p2b: Iron Treads|move: Protect\n|move|p2a: Zamazenta|Body Press|p1b: Tripitz\n|-damage|p1b: Tripitz|0 fnt\n|faint|p1b: Tripitz\n|\n|-weather|RainDance|[upkeep]\n|upkeep\n|\n|t:|1767968686\n|switch|p1b: Ludwig|Calyrex-Shadow, L50|35/100\n|-ability|p1b: Ludwig|As One\n|-ability|p1b: Ludwig|Unnerve\n|turn|7\n|\n|t:|1767968702\n|move|p1b: Ludwig|Protect|p1b: Ludwig\n|-singleturn|p1b: Ludwig|Protect\n|move|p1a: Eva|Power Whip|p2b: Iron Treads\n|-damage|p2b: Iron Treads|33/100\n|move|p2b: Iron Treads|Knock Off|p1b: Ludwig\n|-activate|p1b: Ludwig|move: Protect\n|move|p2a: Zamazenta|Behemoth Bash|p1b: Ludwig\n|-activate|p1b: Ludwig|move: Protect\n|\n|-weather|RainDance|[upkeep]\n|-sideend|p1: marcxhenry|move: Tailwind\n|upkeep\n|turn|8\n|inactive|marcxhenry has 30 seconds left.\n|inactive|marcxhenry has 20 seconds left.\n|\n|t:|1767968740\n|move|p1b: Ludwig|Psychic|p2a: Zamazenta\n|-supereffective|p2a: Zamazenta\n|-damage|p2a: Zamazenta|0 fnt\n|faint|p2a: Zamazenta\n|-ability|p1b: Ludwig|Grim Neigh|boost\n|-boost|p1b: Ludwig|spa|1\n|move|p2b: Iron Treads|Knock Off|p1b: Ludwig\n|-supereffective|p1b: Ludwig\n|-damage|p1b: Ludwig|0 fnt\n|-enditem|p1b: Ludwig|Focus Sash|[from] move: Knock Off|[of] p2b: Iron Treads\n|faint|p1b: Ludwig\n|-damage|p2b: Iron Treads|23/100|[from] item: Life Orb\n|move|p1a: Eva|Power Whip|p2b: Iron Treads|[miss]\n|-miss|p1a: Eva|p2b: Iron Treads\n|\n|-weather|RainDance|[upkeep]\n|upkeep\n|turn|9\n|inactive|Vezo Vimir has 30 seconds left.\n|\n|t:|1767968770\n|move|p2b: Iron Treads|Iron Head|p1a: Eva\n|-damage|p1a: Eva|3/100\n|-damage|p2b: Iron Treads|14/100|[from] item: Life Orb\n|move|p1a: Eva|Power Whip|p2b: Iron Treads\n|-damage|p2b: Iron Treads|0 fnt\n|faint|p2b: Iron Treads\n|-end|p2b: Iron Treads|Quark Drive|[silent]\n|\n|win|marcxhenry\n|raw|marcxhenry's rating: 1287 &rarr; <strong>1306</strong><br />(+19 for winning)\n|raw|Vezo Vimir's rating: 1203 &rarr; <strong>1184</strong><br />(-19 for losing)\n|c|\u2606Vezo Vimir|xD\n|l|\u2606marcxhenry\n|player|p1|\n|c|\u2606Vezo Vimir|close\n|c|\u2606Vezo Vimir|g\n|l|\u2606Vezo Vimir\n|player|p2|\n","uploadtime":1767968960,"views":11,"formatid":"gen9vgc2026regi","rating":1184,"private":0,"password":null}