{"id":"gen9vgc2026regi-2577671193","format":"[Gen 9] VGC 2026 Reg I","players":["DeeDee95","datbishgames"],"log":"|j|\u2606DeeDee95\n|j|\u2606datbishgames\n|t:|1775594911\n|gametype|doubles\n|player|p1|DeeDee95|170|1270\n|player|p2|datbishgames|mira|1293\n|gen|9\n|tier|[Gen 9] VGC 2026 Reg I\n|rated|\n|rule|Species Clause: Limit one of each Pok\u00e9mon\n|rule|Item Clause: Limit 1 of each item\n|clearpoke\n|poke|p1|Kyogre, L50|\n|poke|p1|Calyrex-Ice, L50|\n|poke|p1|Cresselia, L50, F|\n|poke|p1|Rillaboom, L50, M|\n|poke|p1|Hitmontop, L50, M|\n|poke|p1|Archaludon, L50, M|\n|poke|p2|Dialga-Origin, L50|\n|poke|p2|Ho-Oh, L50|\n|poke|p2|Rotom-Wash, L50|\n|poke|p2|Amoonguss, L50, F|\n|poke|p2|Ursaluna, L50, M|\n|poke|p2|Zoroark-Hisui, L50, M|\n|teampreview|4\n|inactive|Battle timer is ON: inactive players will automatically lose when time's up. (requested by datbishgames)\n|inactive|DeeDee95 has 60 seconds left.\n|\n|t:|1775594946\n|teamsize|p1|4\n|teamsize|p2|4\n|start\n|switch|p1a: Kyogre|Kyogre, L50|100/100\n|switch|p1b: Cresselia|Cresselia, L50, F, shiny|100/100\n|switch|p2a: Dialga|Dialga-Origin, L50|100/100\n|switch|p2b: Ho-Oh|Ho-Oh, L50|100/100\n|-weather|RainDance|[from] ability: Drizzle|[of] p1a: Kyogre\n|turn|1\n|inactive|DeeDee95 has 30 seconds left.\n|inactive|datbishgames has 30 seconds left.\n|\n|t:|1775594983\n|-terastallize|p2b: Ho-Oh|Grass\n|move|p2a: Dialga|Hyper Voice|p1b: Cresselia|[spread] p1a,p1b\n|-damage|p1a: Kyogre|79/100\n|-damage|p1b: Cresselia|81/100\n|move|p2b: Ho-Oh|Brave Bird|p1a: Kyogre\n|-damage|p1a: Kyogre|25/100\n|-damage|p2b: Ho-Oh|85/100|[from] Recoil\n|move|p1a: Kyogre|Origin Pulse|p2a: Dialga|[spread] p2b\n|-miss|p1a: Kyogre|p2a: Dialga\n|-resisted|p2b: Ho-Oh\n|-crit|p2b: Ho-Oh\n|-damage|p2b: Ho-Oh|41/100\n|move|p1b: Cresselia|Lunar Blessing|p1b: Cresselia|[spread] p1a,p1b\n|-heal|p1a: Kyogre|50/100\n|-heal|p1b: Cresselia|100/100\n|\n|-weather|RainDance|[upkeep]\n|upkeep\n|turn|2\n|inactive|DeeDee95 has 30 seconds left.\n|\n|t:|1775595011\n|move|p1a: Kyogre|Protect|p1a: Kyogre\n|-singleturn|p1a: Kyogre|Protect\n|move|p2a: Dialga|Bitter Malice|p1b: Cresselia\n|-supereffective|p1b: Cresselia\n|-damage|p1b: Cresselia|55/100\n|move|p2b: Ho-Oh|Brave Bird|p1b: Cresselia\n|-damage|p1b: Cresselia|16/100\n|-damage|p2b: Ho-Oh|27/100|[from] Recoil\n|move|p1b: Cresselia|Trick Room|p1b: Cresselia\n|-fieldstart|move: Trick Room|[of] p1b: Cresselia\n|\n|-weather|RainDance|[upkeep]\n|upkeep\n|turn|3\n|\n|t:|1775595032\n|switch|p2b: Dialga|Dialga-Origin, L50|100/100\n|move|p1b: Cresselia|Lunar Blessing|p1b: Cresselia|[spread] p1a,p1b\n|-heal|p1a: Kyogre|75/100\n|-heal|p1b: Cresselia|41/100\n|move|p1a: Kyogre|Water Spout|p2b: Dialga|[spread] p2a,p2b\n|-resisted|p2b: Dialga\n|-enditem|p2a: Dialga|Focus Sash\n|-damage|p2a: Dialga|1/100\n|-damage|p2b: Dialga|67/100\n|replace|p2a: Zoroark|Zoroark-Hisui, L50, M\n|-end|p2a: Zoroark|Illusion\n|move|p2a: Zoroark|Hyper Voice|p1a: Kyogre|[spread] p1a,p1b\n|-damage|p1a: Kyogre|48/100\n|-damage|p1b: Cresselia|20/100\n|\n|-weather|RainDance|[upkeep]\n|upkeep\n|turn|4\n|\n|t:|1775595054\n|move|p2a: Zoroark|Protect|p2a: Zoroark\n|-singleturn|p2a: Zoroark|Protect\n|move|p1b: Cresselia|Lunar Blessing|p1b: Cresselia|[spread] p1a,p1b\n|-heal|p1a: Kyogre|73/100\n|-heal|p1b: Cresselia|45/100\n|move|p1a: Kyogre|Water Spout|p2b: Dialga|[spread] p2b\n|-activate|p2a: Zoroark|move: Protect\n|-resisted|p2b: Dialga\n|-damage|p2b: Dialga|32/100\n|move|p2b: Dialga|Trick Room|p2b: Dialga\n|-fieldend|move: Trick Room\n|\n|-weather|RainDance|[upkeep]\n|upkeep\n|turn|5\n|inactive|DeeDee95 has 30 seconds left.\n|\n|t:|1775595086\n|move|p1a: Kyogre|Protect|p1a: Kyogre\n|-singleturn|p1a: Kyogre|Protect\n|move|p2a: Zoroark|Bitter Malice|p1b: Cresselia\n|-supereffective|p1b: Cresselia\n|-damage|p1b: Cresselia|0 fnt\n|faint|p1b: Cresselia\n|move|p2b: Dialga|Draco Meteor|p1a: Kyogre\n|-activate|p1a: Kyogre|move: Protect\n|\n|-weather|none\n|upkeep\n|\n|t:|1775595098\n|switch|p1b: Calyrex|Calyrex-Ice, L50|100/100\n|-ability|p1b: Calyrex|As One\n|-ability|p1b: Calyrex|Unnerve\n|turn|6\n|\n|t:|1775595116\n|switch|p1a: Archaludon|Archaludon, L50, M, shiny|100/100\n|-terastallize|p1b: Calyrex|Poison\n|move|p2a: Zoroark|Bitter Malice|p1b: Calyrex\n|-damage|p1b: Calyrex|74/100\n|move|p2b: Dialga|Draco Meteor|p1b: Calyrex\n|-damage|p1b: Calyrex|8/100\n|-unboost|p2b: Dialga|spa|2\n|move|p1b: Calyrex|Trick Room|p1b: Calyrex\n|-fieldstart|move: Trick Room|[of] p1b: Calyrex\n|\n|upkeep\n|turn|7\n|inactive|DeeDee95 has 30 seconds left.\n|\n|t:|1775595147\n|move|p2b: Dialga|Protect|p2b: Dialga\n|-singleturn|p2b: Dialga|Protect\n|move|p2a: Zoroark|Protect|p2a: Zoroark\n|-singleturn|p2a: Zoroark|Protect\n|move|p1b: Calyrex|Glacial Lance|p2b: Dialga|[spread] \n|-activate|p2a: Zoroark|move: Protect\n|-activate|p2b: Dialga|move: Protect\n|move|p1a: Archaludon|Body Press|p2b: Dialga\n|-activate|p2b: Dialga|move: Protect\n|\n|upkeep\n|turn|8\n|\n|t:|1775595161\n|move|p2b: Dialga|Protect||[still]\n|-fail|p2b: Dialga\n|move|p2a: Zoroark|Protect||[still]\n|-fail|p2a: Zoroark\n|move|p1b: Calyrex|Glacial Lance|p2b: Dialga|[spread] p2a,p2b\n|-damage|p2a: Zoroark|0 fnt\n|-damage|p2b: Dialga|0 fnt\n|faint|p2a: Zoroark\n|faint|p2b: Dialga\n|-ability|p1b: Calyrex|Chilling Neigh|boost\n|-boost|p1b: Calyrex|atk|2\n|move|p1a: Archaludon|Electro Shot||[still]\n|-prepare|p1a: Archaludon|Electro Shot\n|-boost|p1a: Archaludon|spa|1\n|\n|upkeep\n|inactive|datbishgames has 30 seconds left.\n|\n|t:|1775595188\n|switch|p2b: Ho-Oh|Ho-Oh, L50, tera:Grass|61/100\n|switch|p2a: Ursaluna|Ursaluna, L50, M|100/100\n|turn|9\n|inactive|DeeDee95 has 30 seconds left.\n|\n|t:|1775595222\n|move|p2a: Ursaluna|Protect|p2a: Ursaluna\n|-singleturn|p2a: Ursaluna|Protect\n|move|p1b: Calyrex|Glacial Lance|p2b: Ho-Oh|[spread] p2b\n|-activate|p2a: Ursaluna|move: Protect\n|-supereffective|p2b: Ho-Oh\n|-damage|p2b: Ho-Oh|0 fnt\n|faint|p2b: Ho-Oh\n|-ability|p1b: Calyrex|Chilling Neigh|boost\n|-boost|p1b: Calyrex|atk|1\n|move|p1a: Archaludon|Electro Shot|p2a: Ursaluna|[from] lockedmove\n|-activate|p2a: Ursaluna|move: Protect\n|\n|-status|p2a: Ursaluna|brn|[from] item: Flame Orb\n|upkeep\n|turn|10\n|inactive|datbishgames has 30 seconds left.\n|c|\u2606datbishgames|Pls let me double protect \ud83d\ude2d\n|\n|t:|1775595255\n|move|p2a: Ursaluna|Protect|p2a: Ursaluna\n|-singleturn|p2a: Ursaluna|Protect\n|move|p1b: Calyrex|Glacial Lance|p2a: Ursaluna\n|-activate|p2a: Ursaluna|move: Protect\n|move|p1a: Archaludon|Body Press|p2a: Ursaluna\n|-activate|p2a: Ursaluna|move: Protect\n|\n|-damage|p2a: Ursaluna|95/100 brn|[from] brn\n|-fieldend|move: Trick Room\n|upkeep\n|turn|11\n|\n|t:|1775595271\n|move|p2a: Ursaluna|Earthquake|p1a: Archaludon|[spread] p1a,p1b\n|-supereffective|p1a: Archaludon\n|-supereffective|p1b: Calyrex\n|-damage|p1a: Archaludon|24/100\n|-damage|p1b: Calyrex|0 fnt\n|-ability|p1a: Archaludon|Stamina|boost\n|-boost|p1a: Archaludon|def|1\n|faint|p1b: Calyrex\n|move|p1a: Archaludon|Dragon Pulse|p2a: Ursaluna\n|-damage|p2a: Ursaluna|31/100 brn\n|\n|-damage|p2a: Ursaluna|25/100 brn|[from] brn\n|upkeep\n|c|\u2606datbishgames|Thank u!!\n|\n|t:|1775595281\n|switch|p1b: Kyogre|Kyogre, L50|73/100\n|-weather|RainDance|[from] ability: Drizzle|[of] p1b: Kyogre\n|turn|12\n|c|\u2606datbishgames|Crit??\n|c|\u2606datbishgames|hahaha\n|\n|t:|1775595294\n|move|p2a: Ursaluna|Earthquake|p1a: Archaludon|[spread] p1a,p1b\n|-supereffective|p1a: Archaludon\n|-damage|p1a: Archaludon|0 fnt\n|-damage|p1b: Kyogre|22/100\n|faint|p1a: Archaludon\n|move|p1b: Kyogre|Water Spout|p2a: Ursaluna\n|-supereffective|p2a: Ursaluna\n|-damage|p2a: Ursaluna|0 fnt\n|faint|p2a: Ursaluna\n|\n|win|DeeDee95\n|raw|DeeDee95's rating: 1270 &rarr; <strong>1297</strong><br />(+27 for winning)\n|raw|datbishgames's rating: 1293 &rarr; <strong>1266</strong><br />(-27 for losing)\n|c|\u2606datbishgames|Gg\n|l|\u2606datbishgames\n|player|p2|\n|c|\u2606DeeDee95|gg\n","uploadtime":1775595465,"views":7,"formatid":"gen9vgc2026regi","rating":1266,"private":0,"password":null}