{"id":"gen9vgc2026regi-2567868337","format":"[Gen 9] VGC 2026 Reg I","players":["CEExy","Luxerna"],"log":"|j|\u2606CEExy\n|j|\u2606Luxerna\n|t:|1774529034\n|gametype|doubles\n|player|p1|CEExy|hilbert|1382\n|player|p2|Luxerna|dawn-gen4pt|1425\n|gen|9\n|tier|[Gen 9] VGC 2026 Reg I\n|rated|\n|rule|Species Clause: Limit one of each Pok\u00e9mon\n|rule|Item Clause: Limit 1 of each item\n|clearpoke\n|poke|p1|Miraidon, L50|\n|poke|p1|Incineroar, L50, M|\n|poke|p1|Ogerpon, L50, F|\n|poke|p1|Chien-Pao, L50|\n|poke|p1|Zamazenta-*, L50|\n|poke|p1|Volcarona, L50, M|\n|poke|p2|Koraidon, L50|\n|poke|p2|Lunala, L50|\n|poke|p2|Incineroar, L50, F|\n|poke|p2|Flutter Mane, L50|\n|poke|p2|Amoonguss, L50, M|\n|poke|p2|Ursaluna, L50, F|\n|teampreview|4\n|inactive|Battle timer is ON: inactive players will automatically lose when time's up. (requested by Luxerna)\n|inactive|CEExy has 60 seconds left.\n|inactive|CEExy has 30 seconds left.\n|inactive|CEExy has 20 seconds left.\n|inactive|CEExy has 15 seconds left.\n|inactive|CEExy has 10 seconds left.\n|inactive|CEExy has 5 seconds left.\n|\n|t:|1774529200\n|teamsize|p1|4\n|teamsize|p2|4\n|start\n|switch|p1a: Miraidon|Miraidon, L50|100/100\n|switch|p1b: Incineroar|Incineroar, L50, M|100/100\n|switch|p2a: Lunala|Lunala, L50|100/100\n|switch|p2b: Incineroar|Incineroar, L50, F|100/100\n|-fieldstart|move: Electric Terrain|[from] ability: Hadron Engine|[of] p1a: Miraidon\n|-ability|p1b: Incineroar|Intimidate|boost\n|-unboost|p2a: Lunala|atk|1\n|-unboost|p2b: Incineroar|atk|1\n|-ability|p2b: Incineroar|Intimidate|boost\n|-unboost|p1a: Miraidon|atk|1\n|-unboost|p1b: Incineroar|atk|1\n|turn|1\n|inactive|CEExy has 30 seconds left.\n|inactive|CEExy has 20 seconds left.\n|inactive|CEExy has 15 seconds left.\n|inactive|CEExy has 10 seconds left.\n|inactive|CEExy has 5 seconds left.\n|\n|t:|1774529255\n|move|p2b: Incineroar|Fake Out|p1a: Miraidon\n|-damage|p1a: Miraidon|93/100\n|cant|p1a: Miraidon|flinch\n|move|p1b: Incineroar|Flare Blitz|p2b: Incineroar\n|-resisted|p2b: Incineroar\n|-damage|p2b: Incineroar|88/100\n|-damage|p1b: Incineroar|96/100|[from] Recoil\n|move|p2a: Lunala|Trick Room|p2a: Lunala\n|-fieldstart|move: Trick Room|[of] p2a: Lunala\n|\n|upkeep\n|turn|2\n|inactive|CEExy has 30 seconds left.\n|inactive|CEExy has 20 seconds left.\n|inactive|CEExy has 15 seconds left.\n|inactive|CEExy has 10 seconds left.\n|inactive|CEExy has 5 seconds left.\n|\n|t:|1774529311\n|move|p2b: Incineroar|Parting Shot|p1a: Miraidon\n|-unboost|p1a: Miraidon|atk|1\n|-unboost|p1a: Miraidon|spa|1\n|\n|t:|1774529315\n|switch|p2b: Ursaluna|Ursaluna, L50, F|100/100|[from] Parting Shot\n|move|p1b: Incineroar|Flare Blitz|p2b: Ursaluna\n|-damage|p2b: Ursaluna|77/100\n|-damage|p1b: Incineroar|88/100|[from] Recoil\n|move|p2a: Lunala|Meteor Beam||[still]\n|-prepare|p2a: Lunala|Meteor Beam\n|-boost|p2a: Lunala|spa|1\n|-enditem|p2a: Lunala|Power Herb\n|-anim|p2a: Lunala|Meteor Beam|p1b: Incineroar\n|-supereffective|p1b: Incineroar\n|-damage|p1b: Incineroar|15/100\n|move|p1a: Miraidon|Snarl|p2a: Lunala|[spread] p2b\n|-miss|p1a: Miraidon|p2a: Lunala\n|-damage|p2b: Ursaluna|63/100\n|-unboost|p2b: Ursaluna|spa|1\n|\n|-status|p2b: Ursaluna|brn|[from] item: Flame Orb\n|upkeep\n|turn|3\n|inactive|CEExy has 30 seconds left.\n|inactive|CEExy has 20 seconds left.\n|inactive|CEExy has 15 seconds left.\n|inactive|CEExy has 10 seconds left.\n|inactive|CEExy has 5 seconds left.\n|\n|t:|1774529370\n|move|p2a: Lunala|Wide Guard|p2a: Lunala\n|-singleturn|p2a: Lunala|Wide Guard\n|move|p2b: Ursaluna|Earthquake|p1b: Incineroar|[spread] p1a,p1b\n|-activate|p2a: Lunala|move: Wide Guard\n|-supereffective|p1a: Miraidon\n|-supereffective|p1b: Incineroar\n|-damage|p1a: Miraidon|0 fnt\n|-damage|p1b: Incineroar|0 fnt\n|faint|p1a: Miraidon\n|faint|p1b: Incineroar\n|\n|-damage|p2b: Ursaluna|57/100 brn|[from] brn\n|upkeep\n|inactive|CEExy has 30 seconds left.\n|inactive|CEExy has 20 seconds left.\n|inactive|CEExy has 15 seconds left.\n|inactive|CEExy has 10 seconds left.\n|inactive|CEExy has 5 seconds left.\n|\n|t:|1774529425\n|switch|p1b: Chien-Pao|Chien-Pao, L50|100/100\n|switch|p1a: Ogerpon|Ogerpon, L50, F|100/100\n|-ability|p1b: Chien-Pao|Sword of Ruin\n|turn|4\n|inactive|CEExy has 30 seconds left.\n|inactive|CEExy has 20 seconds left.\n|inactive|CEExy has 15 seconds left.\n|inactive|CEExy has 10 seconds left.\n|inactive|CEExy has 5 seconds left.\n|\n|t:|1774529480\n|move|p2b: Ursaluna|Facade|p1b: Chien-Pao\n|-enditem|p1b: Chien-Pao|Focus Sash\n|-damage|p1b: Chien-Pao|1/100\n|move|p2a: Lunala|Moongeist Beam|p1a: Ogerpon\n|-damage|p1a: Ogerpon|15/100\n|-enditem|p1a: Ogerpon|Sitrus Berry|[eat]\n|-heal|p1a: Ogerpon|40/100|[from] item: Sitrus Berry\n|move|p1a: Ogerpon|Knock Off|p2a: Lunala\n|-supereffective|p2a: Lunala\n|-damage|p2a: Lunala|62/100\n|move|p1b: Chien-Pao|Crunch|p2b: Ursaluna\n|-damage|p2b: Ursaluna|14/100 brn\n|-unboost|p2b: Ursaluna|def|1\n|\n|-damage|p2b: Ursaluna|8/100 brn|[from] brn\n|upkeep\n|turn|5\n|inactive|CEExy has 30 seconds left.\n|inactive|Luxerna has 30 seconds left.\n|inactive|CEExy has 20 seconds left.\n|inactive|CEExy has 15 seconds left.\n|inactive|CEExy has 10 seconds left.\n|inactive|CEExy has 5 seconds left.\n|\n|t:|1774529535\n|switch|p2b: Incineroar|Incineroar, L50, F|88/100\n|-ability|p2b: Incineroar|Intimidate|boost\n|-unboost|p1a: Ogerpon|atk|1\n|-ability|p1a: Ogerpon|Defiant|boost\n|-boost|p1a: Ogerpon|atk|2\n|-unboost|p1b: Chien-Pao|atk|1\n|-terastallize|p2a: Lunala|Water\n|move|p2a: Lunala|Moongeist Beam|p1a: Ogerpon\n|-damage|p1a: Ogerpon|0 fnt\n|faint|p1a: Ogerpon\n|move|p1b: Chien-Pao|Crunch|p2a: Lunala\n|-damage|p2a: Lunala|35/100\n|\n|-fieldend|move: Trick Room\n|-fieldend|move: Electric Terrain\n|upkeep\n|turn|6\n|inactive|CEExy has 30 seconds left.\n|inactive|CEExy has 20 seconds left.\n|inactive|CEExy has 15 seconds left.\n|inactive|CEExy has 10 seconds left.\n|inactive|CEExy has 5 seconds left.\n|\n|t:|1774529590\n|move|p1b: Chien-Pao|Crunch|p2a: Lunala\n|-damage|p2a: Lunala|7/100\n|move|p2a: Lunala|Moongeist Beam|p1b: Chien-Pao\n|-resisted|p1b: Chien-Pao\n|-damage|p1b: Chien-Pao|0 fnt\n|faint|p1b: Chien-Pao\n|\n|win|Luxerna\n|raw|CEExy's rating: 1382 &rarr; <strong>1364</strong><br />(-18 for losing)\n|raw|Luxerna's rating: 1425 &rarr; <strong>1443</strong><br />(+18 for winning)\n|l|\u2606Luxerna\n|player|p2|\n","uploadtime":1774529839,"views":10,"formatid":"gen9vgc2026regi","rating":1364,"private":0,"password":null}