{"id":"gen9vgc2026regi-2588938932","format":"[Gen 9] VGC 2026 Reg I","players":["KCLord","BenSon_A27_Zong"],"log":"|j|\u2606KCLord\n|j|\u2606BenSon_A27_Zong\n|t:|1776687755\n|gametype|doubles\n|player|p1|KCLord|266|1523\n|player|p2|BenSon_A27_Zong|bugsy|1512\n|gen|9\n|tier|[Gen 9] VGC 2026 Reg I\n|rated|\n|rule|Species Clause: Limit one of each Pok\u00e9mon\n|rule|Item Clause: Limit 1 of each item\n|clearpoke\n|poke|p1|Zamazenta-*, L50|\n|poke|p1|Chien-Pao, L50|\n|poke|p1|Amoonguss, L50, M|\n|poke|p1|Calyrex-Shadow, L50|\n|poke|p1|Dragonite, L50, F|\n|poke|p1|Raging Bolt, L50|\n|poke|p2|Calyrex-Shadow, L50|\n|poke|p2|Muk-Alola, L50, M|\n|poke|p2|Flamigo, L50, M|\n|poke|p2|Miraidon, L50|\n|poke|p2|Dragonite, L50, M|\n|poke|p2|Smeargle, L50, M|\n|teampreview|4\n|inactive|Battle timer is ON: inactive players will automatically lose when time's up. (requested by BenSon_A27_Zong)\nKCLord has agreed to open team sheets.\n|inactive|KCLord has 60 seconds left.\n|\n|t:|1776687801\n|teamsize|p1|4\n|teamsize|p2|4\n|start\n|switch|p1a: Calyrex|Calyrex-Shadow, L50|100/100\n|switch|p1b: Dragonite|Dragonite, L50, F|100/100\n|switch|p2a: Smeargle|Smeargle, L50, M|100/100\n|switch|p2b: Miraidon|Miraidon, L50|100/100\n|-ability|p1a: Calyrex|As One\n|-ability|p1a: Calyrex|Unnerve\n|-fieldstart|move: Electric Terrain|[from] ability: Hadron Engine|[of] p2b: Miraidon\n|turn|1\n|\n|t:|1776687821\n|-terastallize|p1b: Dragonite|Normal\n|move|p1a: Calyrex|Protect|p1a: Calyrex\n|-singleturn|p1a: Calyrex|Protect\n|move|p2a: Smeargle|Wide Guard|p2a: Smeargle\n|-singleturn|p2a: Smeargle|Wide Guard\n|move|p1b: Dragonite|Extreme Speed|p2b: Miraidon\n|-damage|p2b: Miraidon|23/100\n|move|p2b: Miraidon|Parabolic Charge|p1b: Dragonite|[spread] p1b\n|-activate|p2a: Smeargle|move: Wide Guard\n|-activate|p1a: Calyrex|move: Protect\n|-damage|p1b: Dragonite|47/100\n|-heal|p2b: Miraidon|52/100|[from] drain|[of] p1b: Dragonite\n|-damage|p2b: Miraidon|42/100|[from] item: Life Orb\n|\n|-ability|p2a: Smeargle|Moody|boost\n|-boost|p2a: Smeargle|spe|2\n|-unboost|p2a: Smeargle|spa|1\n|upkeep\n|turn|2\n|\n|t:|1776687840\n|move|p2b: Miraidon|Protect|p2b: Miraidon\n|-singleturn|p2b: Miraidon|Protect\n|move|p1b: Dragonite|Extreme Speed|p2b: Miraidon\n|-activate|p2b: Miraidon|move: Protect\n|move|p2a: Smeargle|Minimize|p2a: Smeargle\n|-boost|p2a: Smeargle|evasion|2\n|move|p1a: Calyrex|Psychic|p2a: Smeargle\n|-enditem|p2a: Smeargle|Focus Sash\n|-damage|p2a: Smeargle|1/100\n|\n|-ability|p2a: Smeargle|Moody|boost\n|-boost|p2a: Smeargle|spd|2\n|-unboost|p2a: Smeargle|spa|1\n|upkeep\n|turn|3\n|inactive|KCLord has 30 seconds left.\n|inactive|BenSon_A27_Zong has 30 seconds left.\n|\n|t:|1776687873\n|move|p1b: Dragonite|Extreme Speed|p2a: Smeargle|[miss]\n|-miss|p1b: Dragonite|p2a: Smeargle\n|move|p2a: Smeargle|Minimize|p2a: Smeargle\n|-boost|p2a: Smeargle|evasion|2\n|move|p1a: Calyrex|Psychic|p2b: Miraidon\n|-damage|p2b: Miraidon|0 fnt\n|faint|p2b: Miraidon\n|-ability|p1a: Calyrex|Grim Neigh|boost\n|-boost|p1a: Calyrex|spa|1\n|\n|-ability|p2a: Smeargle|Moody|boost\n|-boost|p2a: Smeargle|def|2\n|-unboost|p2a: Smeargle|spe|1\n|upkeep\n|\n|t:|1776687882\n|switch|p2b: Flamigo|Flamigo, L50, M|100/100\n|-copyboost|p2b: Flamigo|p2a: Smeargle|[from] ability: Costar\n|-enditem|p2b: Flamigo|White Herb\n|-clearnegativeboost|p2b: Flamigo|[silent]\n|turn|4\n|inactive|BenSon_A27_Zong has 30 seconds left.\n|\n|t:|1776687907\n|-terastallize|p2b: Flamigo|Flying\n|move|p1b: Dragonite|Extreme Speed|p2b: Flamigo|[miss]\n|-miss|p1b: Dragonite|p2b: Flamigo\n|move|p2b: Flamigo|Substitute|p2b: Flamigo\n|-start|p2b: Flamigo|Substitute\n|-damage|p2b: Flamigo|76/100\n|move|p1a: Calyrex|Psychic|p2b: Flamigo\n|-end|p2b: Flamigo|Substitute\n|move|p2a: Smeargle|Minimize|p2a: Smeargle\n|-boost|p2a: Smeargle|evasion|2\n|\n|-ability|p2a: Smeargle|Moody|boost\n|-boost|p2a: Smeargle|spe|2\n|-unboost|p2a: Smeargle|spa|1\n|upkeep\n|turn|5\n|\n|t:|1776687928\n|move|p2a: Smeargle|Wide Guard|p2a: Smeargle\n|-singleturn|p2a: Smeargle|Wide Guard\n|move|p1b: Dragonite|Extreme Speed|p2b: Flamigo\n|-damage|p2b: Flamigo|24/100\n|move|p2b: Flamigo|Substitute|p2b: Flamigo\n|-fail|p2b: Flamigo|move: Substitute|[weak]\n|move|p1a: Calyrex|Psychic|p2b: Flamigo|[miss]\n|-miss|p1a: Calyrex|p2b: Flamigo\n|\n|-fieldend|move: Electric Terrain\n|-ability|p2a: Smeargle|Moody|boost\n|-boost|p2a: Smeargle|spd|2\n|-unboost|p2a: Smeargle|spa|1\n|upkeep\n|turn|6\n|\n|t:|1776687951\n|move|p1b: Dragonite|Extreme Speed|p2b: Flamigo|[miss]\n|-miss|p1b: Dragonite|p2b: Flamigo\n|move|p2a: Smeargle|Spore|p1a: Calyrex\n|-status|p1a: Calyrex|slp|[from] move: Spore\n|move|p2b: Flamigo|Roost|p2b: Flamigo\n|-heal|p2b: Flamigo|74/100\n|-hint|If a Terastallized Pokemon uses Roost, it remains Flying-type.\n|cant|p1a: Calyrex|slp\n|\n|-ability|p2a: Smeargle|Moody|boost\n|-boost|p2a: Smeargle|def|2\n|-unboost|p2a: Smeargle|atk|1\n|upkeep\n|turn|7\n|\n|t:|1776687975\n|move|p1b: Dragonite|Extreme Speed|p2a: Smeargle|[miss]\n|-miss|p1b: Dragonite|p2a: Smeargle\n|move|p2a: Smeargle|Spore|p1b: Dragonite\n|-status|p1b: Dragonite|slp|[from] move: Spore\n|move|p2b: Flamigo|Close Combat|p1b: Dragonite\n|-supereffective|p1b: Dragonite\n|-damage|p1b: Dragonite|0 fnt\n|-unboost|p2b: Flamigo|def|1\n|-unboost|p2b: Flamigo|spd|1\n|faint|p1b: Dragonite\n|-curestatus|p1a: Calyrex|slp|[msg]\n|move|p1a: Calyrex|Psychic|p2b: Flamigo\n|-damage|p2b: Flamigo|0 fnt\n|faint|p2b: Flamigo\n|-ability|p1a: Calyrex|Grim Neigh|boost\n|-boost|p1a: Calyrex|spa|1\n|\n|-ability|p2a: Smeargle|Moody|boost\n|-boost|p2a: Smeargle|spd|2\n|-unboost|p2a: Smeargle|def|1\n|upkeep\n|\n|t:|1776687984\n|switch|p2b: Muk|Muk-Alola, L50, M|100/100\n|switch|p1b: Zamazenta|Zamazenta-Crowned, L50|100/100\n|-ability|p1b: Zamazenta|Dauntless Shield|boost\n|-boost|p1b: Zamazenta|def|1\n|turn|8\n|inactive|KCLord has 30 seconds left.\n|\n|t:|1776688015\n|move|p2a: Smeargle|Spore|p1a: Calyrex\n|-status|p1a: Calyrex|slp|[from] move: Spore\n|cant|p1a: Calyrex|slp\n|move|p1b: Zamazenta|Heavy Slam|p2a: Smeargle\n|-damage|p2a: Smeargle|0 fnt\n|faint|p2a: Smeargle\n|-ability|p2b: Muk|Moody|Power of Alchemy|[from] ability: Power of Alchemy|[of] p2a: Smeargle\n|move|p2b: Muk|Minimize|p2b: Muk\n|-boost|p2b: Muk|evasion|2\n|\n|-ability|p2b: Muk|Moody|boost\n|-boost|p2b: Muk|def|2\n|-unboost|p2b: Muk|atk|1\n|upkeep\n|turn|9\n|\n|t:|1776688031\n|cant|p1a: Calyrex|slp\n|move|p1b: Zamazenta|Heavy Slam|p2b: Muk\n|-damage|p2b: Muk|64/100\n|move|p2b: Muk|Minimize|p2b: Muk\n|-boost|p2b: Muk|evasion|2\n|\n|-heal|p2b: Muk|70/100|[from] item: Leftovers\n|-ability|p2b: Muk|Moody|boost\n|-boost|p2b: Muk|spa|2\n|-unboost|p2b: Muk|spd|1\n|upkeep\n|turn|10\n|\n|t:|1776688034\n|cant|p1a: Calyrex|slp\n|move|p1b: Zamazenta|Heavy Slam|p2b: Muk\n|-damage|p2b: Muk|32/100\n|move|p2b: Muk|Minimize|p2b: Muk\n|-boost|p2b: Muk|evasion|2\n|\n|-heal|p2b: Muk|38/100|[from] item: Leftovers\n|-ability|p2b: Muk|Moody|boost\n|-boost|p2b: Muk|spa|2\n|-unboost|p2b: Muk|atk|1\n|upkeep\n|turn|11\n|\n|t:|1776688046\n|move|p2b: Muk|Protect|p2b: Muk\n|-singleturn|p2b: Muk|Protect\n|-curestatus|p1a: Calyrex|slp|[msg]\n|move|p1a: Calyrex|Astral Barrage|p2b: Muk\n|-activate|p2b: Muk|move: Protect\n|move|p1b: Zamazenta|Heavy Slam|p2b: Muk\n|-activate|p2b: Muk|move: Protect\n|\n|-heal|p2b: Muk|44/100|[from] item: Leftovers\n|-ability|p2b: Muk|Moody|boost\n|-boost|p2b: Muk|spe|2\n|-unboost|p2b: Muk|spd|1\n|upkeep\n|turn|12\n|c|\u2606KCLord|minimize dont work on heavy slam btw\n|\n|t:|1776688068\n|move|p1a: Calyrex|Astral Barrage|p2b: Muk|[miss]\n|-miss|p1a: Calyrex|p2b: Muk\n|move|p1b: Zamazenta|Heavy Slam|p2b: Muk\n|-damage|p2b: Muk|4/100\n|move|p2b: Muk|Rest|p2b: Muk\n|-status|p2b: Muk|slp|[from] move: Rest\n|-heal|p2b: Muk|100/100 slp|[silent]\n|\n|-ability|p2b: Muk|Moody|boost\n|-boost|p2b: Muk|spd|2\n|-unboost|p2b: Muk|atk|1\n|upkeep\n|turn|13\n|\n|t:|1776688088\n|switch|p1a: Chien-Pao|Chien-Pao, L50|100/100\n|-ability|p1a: Chien-Pao|Sword of Ruin\n|cant|p2b: Muk|slp\n|move|p1b: Zamazenta|Heavy Slam|p2b: Muk\n|-damage|p2b: Muk|50/100 slp\n|\n|-heal|p2b: Muk|56/100 slp|[from] item: Leftovers\n|-ability|p2b: Muk|Moody|boost\n|-boost|p2b: Muk|spa|2\n|-unboost|p2b: Muk|def|1\n|upkeep\n|turn|14\n|\n|t:|1776688093\n|cant|p2b: Muk|slp\n|move|p1a: Chien-Pao|Ruination|p2b: Muk|[miss]\n|-miss|p1a: Chien-Pao|p2b: Muk\n|move|p1b: Zamazenta|Heavy Slam|p2b: Muk\n|-crit|p2b: Muk\n|-damage|p2b: Muk|0 fnt\n|faint|p2b: Muk\n|\n|win|KCLord\n|raw|KCLord's rating: 1523 &rarr; <strong>1542</strong><br />(+19 for winning)\n|raw|BenSon_A27_Zong's rating: 1512 &rarr; <strong>1493</strong><br />(-19 for losing)\n|l|\u2606BenSon_A27_Zong\n|player|p2|\n|l|\u2606KCLord\n|player|p1|\n","uploadtime":1776688332,"views":12,"formatid":"gen9vgc2026regi","rating":1493,"private":0,"password":null}