{"id":"gen9vgc2026regi-2578934060","format":"[Gen 9] VGC 2026 Reg I","players":["TheNamesBetty","SandyP_11"],"log":"|j|\u2606TheNamesBetty\n|j|\u2606SandyP_11\n|t:|1775738041\n|gametype|doubles\n|player|p1|TheNamesBetty|koga|1405\n|player|p2|SandyP_11|101|1293\n|gen|9\n|tier|[Gen 9] VGC 2026 Reg I\n|rated|\n|rule|Species Clause: Limit one of each Pok\u00e9mon\n|rule|Item Clause: Limit 1 of each item\n|clearpoke\n|poke|p1|Koraidon, L50|\n|poke|p1|Calyrex-Shadow, L50|\n|poke|p1|Tornadus, L50, M|\n|poke|p1|Urshifu-*, L50, M|\n|poke|p1|Dewgong, L50, M|\n|poke|p1|Electabuzz, L50, M|\n|poke|p2|Miraidon, L50|\n|poke|p2|Kyogre, L50|\n|poke|p2|Incineroar, L50, M|\n|poke|p2|Ludicolo, L50, F|\n|poke|p2|Tornadus, L50, M|\n|poke|p2|Gholdengo, L50|\n|teampreview|4\nTheNamesBetty has agreed to open team sheets.\n|\n|t:|1775738082\n|teamsize|p1|4\n|teamsize|p2|4\n|start\n|switch|p1a: Kedluben|Calyrex-Shadow, L50|100/100\n|switch|p1b: Bleblebl\u00e1k|Electabuzz, L50, M|100/100\n|switch|p2a: Miraidon|Miraidon, L50|100/100\n|switch|p2b: Tornadus|Tornadus, L50, M|100/100\n|-ability|p1a: Kedluben|As One\n|-ability|p1a: Kedluben|Unnerve\n|-fieldstart|move: Electric Terrain|[from] ability: Hadron Engine|[of] p2a: Miraidon\n|turn|1\n|\n|t:|1775738120\n|move|p1b: Bleblebl\u00e1k|Follow Me|p1b: Bleblebl\u00e1k\n|-singleturn|p1b: Bleblebl\u00e1k|move: Follow Me\n|move|p1a: Kedluben|Psychic|p2b: Tornadus\n|-damage|p2b: Tornadus|4/100\n|-damage|p1a: Kedluben|91/100|[from] item: Life Orb\n|move|p2a: Miraidon|Volt Switch|p1b: Bleblebl\u00e1k\n|-resisted|p1b: Bleblebl\u00e1k\n|-damage|p1b: Bleblebl\u00e1k|73/100\n|\n|t:|1775738132\n|switch|p2a: Gholdengo|Gholdengo, L50|100/100|[from] Volt Switch\n|move|p2b: Tornadus|Icy Wind|p1a: Kedluben|[spread] p1a,p1b\n|-damage|p1a: Kedluben|77/100\n|-damage|p1b: Bleblebl\u00e1k|65/100\n|-unboost|p1a: Kedluben|spe|1\n|-unboost|p1b: Bleblebl\u00e1k|spe|1\n|\n|upkeep\n|turn|2\n|\n|t:|1775738144\n|-terastallize|p1a: Kedluben|Dark\n|move|p1b: Bleblebl\u00e1k|Feint|p2b: Tornadus\n|-damage|p2b: Tornadus|0 fnt\n|faint|p2b: Tornadus\n|move|p2a: Gholdengo|Shadow Ball|p1a: Kedluben\n|-resisted|p1a: Kedluben\n|-damage|p1a: Kedluben|48/100\n|-damage|p2a: Gholdengo|91/100|[from] item: Life Orb\n|move|p1a: Kedluben|Astral Barrage|p2a: Gholdengo\n|-supereffective|p2a: Gholdengo\n|-damage|p2a: Gholdengo|0 fnt\n|faint|p2a: Gholdengo\n|-ability|p1a: Kedluben|Grim Neigh|boost\n|-boost|p1a: Kedluben|spa|1\n|-damage|p1a: Kedluben|38/100|[from] item: Life Orb\n|\n|upkeep\n|\n|t:|1775738161\n|switch|p2b: Kyogre|Kyogre, L50|100/100\n|switch|p2a: Miraidon|Miraidon, L50|100/100\n|-activate|p2a: Miraidon|ability: Hadron Engine\n|-weather|RainDance|[from] ability: Drizzle|[of] p2b: Kyogre\n|turn|3\n|\n|t:|1775738175\n|switch|p1a: Jan\u017di\u017ekaZTrocnova|Koraidon, L50|100/100\n|-weather|SunnyDay|[from] ability: Orichalcum Pulse|[of] p1a: Jan\u017di\u017ekaZTrocnova\n|-activate|p1a: Jan\u017di\u017ekaZTrocnova|Orichalcum Pulse|[source]\n|-terastallize|p2a: Miraidon|Fairy\n|move|p2a: Miraidon|Dazzling Gleam|p1b: Bleblebl\u00e1k|[spread] p1a,p1b\n|-supereffective|p1a: Jan\u017di\u017ekaZTrocnova\n|-damage|p1a: Jan\u017di\u017ekaZTrocnova|0 fnt\n|-damage|p1b: Bleblebl\u00e1k|27/100\n|faint|p1a: Jan\u017di\u017ekaZTrocnova\n|move|p2b: Kyogre|Water Spout|p1b: Bleblebl\u00e1k\n|-damage|p1b: Bleblebl\u00e1k|2/100\n|move|p1b: Bleblebl\u00e1k|Electroweb|p2a: Miraidon|[spread] p2a,p2b\n|-supereffective|p2b: Kyogre\n|-damage|p2a: Miraidon|86/100\n|-damage|p2b: Kyogre|77/100\n|-unboost|p2a: Miraidon|spe|1\n|-unboost|p2b: Kyogre|spe|1\n|\n|-weather|SunnyDay|[upkeep]\n|upkeep\n|\n|t:|1775738187\n|switch|p1a: Kedluben|Calyrex-Shadow, L50, tera:Dark|38/100\n|-ability|p1a: Kedluben|As One\n|-ability|p1a: Kedluben|Unnerve\n|turn|4\n|\n|t:|1775738207\n|move|p1b: Bleblebl\u00e1k|Feint|p2a: Miraidon\n|-damage|p2a: Miraidon|79/100\n|move|p1a: Kedluben|Astral Barrage|p2b: Kyogre|[spread] p2a,p2b\n|-damage|p2a: Miraidon|12/100\n|-damage|p2b: Kyogre|24/100\n|-damage|p1a: Kedluben|28/100|[from] item: Life Orb\n|move|p2a: Miraidon|Dazzling Gleam|p1b: Bleblebl\u00e1k|[spread] p1a,p1b\n|-supereffective|p1a: Kedluben\n|-damage|p1a: Kedluben|0 fnt\n|-damage|p1b: Bleblebl\u00e1k|0 fnt\n|faint|p1a: Kedluben\n|faint|p1b: Bleblebl\u00e1k\n|move|p2b: Kyogre|Ice Beam|p1: Kedluben|[notarget]\n|-fail|p2b: Kyogre\n|\n|-weather|SunnyDay|[upkeep]\n|upkeep\n|\n|t:|1775738217\n|switch|p1b: Houska se sal\u00e1mem|Urshifu, L50, M|100/100\n|turn|5\n|\n|t:|1775738231\n|move|p1b: Houska se sal\u00e1mem|Wicked Blow|p2a: Miraidon\n|-resisted|p2a: Miraidon\n|-crit|p2a: Miraidon\n|-damage|p2a: Miraidon|0 fnt\n|faint|p2a: Miraidon\n|move|p2b: Kyogre|Thunder|p1b: Houska se sal\u00e1mem\n|-damage|p1b: Houska se sal\u00e1mem|4/100\n|-status|p1b: Houska se sal\u00e1mem|par\n|\n|-weather|SunnyDay|[upkeep]\n|-fieldend|move: Electric Terrain\n|upkeep\n|turn|6\n|c|\u2606TheNamesBetty|Welp\n|c|\u2606TheNamesBetty|Not my day today lol\n|\n|t:|1775738249\n|cant|p1b: Houska se sal\u00e1mem|par\n|move|p2b: Kyogre|Ice Beam|p1b: Houska se sal\u00e1mem\n|-damage|p1b: Houska se sal\u00e1mem|0 fnt\n|faint|p1b: Houska se sal\u00e1mem\n|\n|win|SandyP_11\n|raw|TheNamesBetty's rating: 1405 &rarr; <strong>1379</strong><br />(-26 for losing)\n|raw|SandyP_11's rating: 1293 &rarr; <strong>1326</strong><br />(+33 for winning)\n|c|\u2606SandyP_11|thats so unlucky\n|c|\u2606SandyP_11|gg\n|c|\u2606TheNamesBetty|Ggs\n|l|\u2606SandyP_11\n|player|p2|\n|l|\u2606TheNamesBetty\n|player|p1|\n","uploadtime":1775738258,"views":10,"formatid":"gen9vgc2026regi","rating":1326,"private":0,"password":null}