{"id":"gen9vgc2026regi-2550383288","format":"[Gen 9] VGC 2026 Reg I","players":["Erseo05","LechonkBro"],"log":"|j|\u2606Erseo05\n|j|\u2606LechonkBro\n|t:|1772482223\n|gametype|doubles\n|player|p1|Erseo05|lucas|1379\n|player|p2|LechonkBro|2|1612\n|gen|9\n|tier|[Gen 9] VGC 2026 Reg I\n|rated|\n|rule|Species Clause: Limit one of each Pok\u00e9mon\n|rule|Item Clause: Limit 1 of each item\n|clearpoke\n|poke|p1|Miraidon, L50|\n|poke|p1|Raging Bolt, L50|\n|poke|p1|Calyrex-Ice, L50|\n|poke|p1|Incineroar, L50, F|\n|poke|p1|Torkoal, L50, M|\n|poke|p1|Murkrow, L50, F|\n|poke|p2|Chien-Pao, L50|\n|poke|p2|Calyrex-Shadow, L50|\n|poke|p2|Dondozo, L50, M|\n|poke|p2|Zamazenta-*, L50|\n|poke|p2|Dragonite, L50, F|\n|poke|p2|Tatsugiri, L50, F|\n|teampreview|4\n|inactive|Battle timer is ON: inactive players will automatically lose when time's up. (requested by LechonkBro)\n|\n|t:|1772482245\n|teamsize|p1|4\n|teamsize|p2|4\n|start\n|switch|p1a: Miraidon|Miraidon, L50|100/100\n|switch|p1b: Raging Bolt|Raging Bolt, L50|100/100\n|switch|p2a: Calyrex|Calyrex-Shadow, L50|100/100\n|switch|p2b: Dragonite|Dragonite, L50, F|100/100\n|-ability|p2a: Calyrex|As One\n|-ability|p2a: Calyrex|Unnerve\n|-fieldstart|move: Electric Terrain|[from] ability: Hadron Engine|[of] p1a: Miraidon\n|turn|1\n|\n|t:|1772482259\n|-terastallize|p2b: Dragonite|Normal\n|move|p2b: Dragonite|Extreme Speed|p1a: Miraidon\n|-damage|p1a: Miraidon|27/100\n|move|p2a: Calyrex|Astral Barrage|p1a: Miraidon|[spread] p1a,p1b\n|-crit|p1a: Miraidon\n|-damage|p1a: Miraidon|0 fnt\n|-damage|p1b: Raging Bolt|66/100\n|faint|p1a: Miraidon\n|-ability|p2a: Calyrex|Grim Neigh|boost\n|-boost|p2a: Calyrex|spa|1\n|move|p1b: Raging Bolt|Snarl|p2a: Calyrex|[spread] p2a,p2b\n|-supereffective|p2a: Calyrex\n|-damage|p2a: Calyrex|30/100\n|-damage|p2b: Dragonite|87/100\n|-unboost|p2a: Calyrex|spa|1\n|-unboost|p2b: Dragonite|spa|1\n|\n|upkeep\n|\n|t:|1772482278\n|switch|p1a: Murkrow|Murkrow, L50, F|100/100\n|turn|2\n|\n|t:|1772482289\n|switch|p2a: Chien-Pao|Chien-Pao, L50|100/100\n|-ability|p2a: Chien-Pao|Sword of Ruin\n|-terastallize|p1b: Raging Bolt|Dark\n|move|p2b: Dragonite|Extreme Speed|p1b: Raging Bolt\n|-damage|p1b: Raging Bolt|0 fnt\n|faint|p1b: Raging Bolt\n|-end|p1b: Raging Bolt|Protosynthesis|[silent]\n|move|p1a: Murkrow|Tailwind|p1a: Murkrow\n|-sidestart|p1: Erseo05|move: Tailwind\n|\n|upkeep\n|\n|t:|1772482298\n|switch|p1b: Calyrex|Calyrex-Ice, L50|100/100\n|-ability|p1b: Calyrex|As One\n|-ability|p1b: Calyrex|Unnerve\n|turn|3\n|\n|t:|1772482306\n|move|p1b: Calyrex|Protect|p1b: Calyrex\n|-singleturn|p1b: Calyrex|Protect\n|move|p2b: Dragonite|Extreme Speed|p1a: Murkrow\n|-damage|p1a: Murkrow|12/100\n|move|p1a: Murkrow|Foul Play|p2b: Dragonite\n|-damage|p2b: Dragonite|12/100\n|move|p2a: Chien-Pao|Ruination|p1b: Calyrex\n|-activate|p1b: Calyrex|move: Protect\n|\n|upkeep\n|turn|4\n|\n|t:|1772482327\n|move|p2b: Dragonite|Extreme Speed|p1a: Murkrow\n|-damage|p1a: Murkrow|0 fnt\n|faint|p1a: Murkrow\n|move|p2a: Chien-Pao|Ruination|p1b: Calyrex\n|-damage|p1b: Calyrex|51/100\n|move|p1b: Calyrex|Trick Room|p1b: Calyrex\n|-fieldstart|move: Trick Room|[of] p1b: Calyrex\n|\n|upkeep\n|turn|5\n|j| yghy8\n|\n|t:|1772482337\n|move|p2b: Dragonite|Extreme Speed|p1b: Calyrex\n|-damage|p1b: Calyrex|0 fnt\n|faint|p1b: Calyrex\n|\n|win|LechonkBro\n|raw|Erseo05's rating: 1379 &rarr; <strong>1371</strong><br />(-8 for losing)\n|raw|LechonkBro's rating: 1612 &rarr; <strong>1620</strong><br />(+8 for winning)\n|l|\u2606LechonkBro\n|player|p2|\n|l| yghy8\n","uploadtime":1772482529,"views":12,"formatid":"gen9vgc2026regi","rating":1371,"private":0,"password":null}