{"id":"gen9vgc2026regi-2568510792","format":"[Gen 9] VGC 2026 Reg I","players":["BK Sergio","XxxInnovationxxX"],"log":"|j|\u2606BK Sergio\n|j|\u2606XxxInnovationxxX\n|t:|1774587845\n|gametype|doubles\n|player|p1|BK Sergio|birdkeeper-gen4dp|1323\n|player|p2|XxxInnovationxxX|2|1315\n|gen|9\n|tier|[Gen 9] VGC 2026 Reg I\n|rated|\n|rule|Species Clause: Limit one of each Pok\u00e9mon\n|rule|Item Clause: Limit 1 of each item\n|clearpoke\n|poke|p1|Calyrex-Ice, L50|\n|poke|p1|Mienshao, L50, M|\n|poke|p1|Kyogre, L50|\n|poke|p1|Landorus, L50, M|\n|poke|p1|Amoonguss, L50, F|\n|poke|p1|Incineroar, L50, F|\n|poke|p2|Whimsicott, L50, M|\n|poke|p2|Koraidon, L50|\n|poke|p2|Gouging Fire, L50|\n|poke|p2|Urshifu-*, L50, M|\n|poke|p2|Indeedee-F, L50, F|\n|poke|p2|Calyrex-Shadow, L50|\n|teampreview|4\n|inactive|Battle timer is ON: inactive players will automatically lose when time's up. (requested by BK Sergio)\n|\n|t:|1774587905\n|teamsize|p1|4\n|teamsize|p2|4\n|start\n|switch|p1a: Mienshao|Mienshao, L50, M|100/100\n|switch|p1b: Landorus|Landorus, L50, M|100/100\n|switch|p2a: Koraidon|Koraidon, L50|100/100\n|switch|p2b: Calyrex|Calyrex-Shadow, L50|100/100\n|-ability|p2b: Calyrex|As One\n|-ability|p2b: Calyrex|Unnerve\n|-weather|SunnyDay|[from] ability: Orichalcum Pulse|[of] p2a: Koraidon\n|-activate|p2a: Koraidon|Orichalcum Pulse|[source]\n|turn|1\n|inactive|XxxInnovationxxX has 30 seconds left.\n|inactive|XxxInnovationxxX has 20 seconds left.\n|\n|t:|1774587943\n|move|p1a: Mienshao|Wide Guard|p1a: Mienshao\n|-singleturn|p1a: Mienshao|Wide Guard\n|move|p1b: Landorus|Earth Power|p2b: Calyrex\n|-damage|p2b: Calyrex|35/100\n|move|p2b: Calyrex|Expanding Force|p1b: Landorus\n|-damage|p1b: Landorus|33/100\n|move|p2a: Koraidon|Flare Blitz|p1b: Landorus\n|-damage|p1b: Landorus|0 fnt\n|faint|p1b: Landorus\n|-damage|p2a: Koraidon|90/100|[from] Recoil\n|\n|-weather|SunnyDay|[upkeep]\n|upkeep\n|\n|t:|1774587956\n|switch|p1b: Kyogre|Kyogre, L50|100/100\n|-weather|RainDance|[from] ability: Drizzle|[of] p1b: Kyogre\n|turn|2\n|\n|t:|1774587977\n|move|p2b: Calyrex|Expanding Force|p1b: Kyogre\n|-damage|p1b: Kyogre|63/100\n|move|p2a: Koraidon|Collision Course|p1b: Kyogre\n|-damage|p1b: Kyogre|12/100\n|move|p1a: Mienshao|Coaching|p1b: Kyogre\n|-boost|p1b: Kyogre|atk|1\n|-boost|p1b: Kyogre|def|1\n|move|p1b: Kyogre|Origin Pulse|p2b: Calyrex|[spread] p2a,p2b\n|-resisted|p2a: Koraidon\n|-damage|p2a: Koraidon|54/100\n|-damage|p2b: Calyrex|0 fnt\n|faint|p2b: Calyrex\n|\n|-weather|RainDance|[upkeep]\n|-heal|p1b: Kyogre|19/100|[from] item: Leftovers\n|upkeep\n|\n|t:|1774587996\n|switch|p2b: Indeedee|Indeedee-F, L50, F|100/100\n|-fieldstart|move: Psychic Terrain|[from] ability: Psychic Surge|[of] p2b: Indeedee\n|turn|3\n|\n|t:|1774588004\n|switch|p1a: Amoonguss|Amoonguss, L50, F|100/100\n|move|p1b: Kyogre|Protect|p1b: Kyogre\n|-singleturn|p1b: Kyogre|Protect\n|move|p2b: Indeedee|Follow Me|p2b: Indeedee\n|-singleturn|p2b: Indeedee|move: Follow Me\n|move|p2a: Koraidon|Collision Course|p1b: Kyogre\n|-activate|p1b: Kyogre|move: Protect\n|\n|-weather|RainDance|[upkeep]\n|-heal|p1b: Kyogre|25/100|[from] item: Leftovers\n|upkeep\n|turn|4\n|inactive|XxxInnovationxxX has 30 seconds left.\n|inactive|XxxInnovationxxX has 20 seconds left.\n|\n|t:|1774588041\n|switch|p2a: Urshifu|Urshifu, L50, M|100/100\n|move|p1a: Amoonguss|Rage Powder|p1a: Amoonguss\n|-singleturn|p1a: Amoonguss|move: Rage Powder\n|move|p1b: Kyogre|Origin Pulse|p2b: Indeedee|[spread] p2a,p2b\n|-damage|p2a: Urshifu|0 fnt\n|-damage|p2b: Indeedee|29/100\n|faint|p2a: Urshifu\n|move|p2b: Indeedee|Dazzling Gleam|p1b: Kyogre|[spread] p1a,p1b\n|-resisted|p1a: Amoonguss\n|-damage|p1a: Amoonguss|95/100\n|-damage|p1b: Kyogre|16/100\n|\n|-weather|RainDance|[upkeep]\n|-heal|p1b: Kyogre|22/100|[from] item: Leftovers\n|upkeep\n|\n|t:|1774588050\n|switch|p2a: Koraidon|Koraidon, L50|54/100\n|-weather|SunnyDay|[from] ability: Orichalcum Pulse|[of] p2a: Koraidon\n|-activate|p2a: Koraidon|Orichalcum Pulse|[source]\n|turn|5\n|inactive|XxxInnovationxxX has 30 seconds left.\n|inactive|XxxInnovationxxX has 20 seconds left.\n|inactive|XxxInnovationxxX has 15 seconds left.\n|inactive|XxxInnovationxxX has 10 seconds left.\n|\n|t:|1774588100\n|-terastallize|p2a: Koraidon|Fire\n|move|p2b: Indeedee|Follow Me|p2b: Indeedee\n|-singleturn|p2b: Indeedee|move: Follow Me\n|move|p1a: Amoonguss|Rage Powder|p1a: Amoonguss\n|-singleturn|p1a: Amoonguss|move: Rage Powder\n|move|p2a: Koraidon|Flare Blitz|p1a: Amoonguss\n|-supereffective|p1a: Amoonguss\n|-damage|p1a: Amoonguss|0 fnt\n|-damage|p2a: Koraidon|38/100|[from] item: Rocky Helmet|[of] p1a: Amoonguss\n|faint|p1a: Amoonguss\n|-damage|p2a: Koraidon|0 fnt|[from] Recoil\n|faint|p2a: Koraidon\n|move|p1b: Kyogre|Ice Beam|p2b: Indeedee\n|-damage|p2b: Indeedee|0 fnt\n|faint|p2b: Indeedee\n|\n|win|BK Sergio\n|raw|BK Sergio's rating: 1323 &rarr; <strong>1343</strong><br />(+20 for winning)\n|raw|XxxInnovationxxX's rating: 1315 &rarr; <strong>1295</strong><br />(-20 for losing)\n|l|\u2606XxxInnovationxxX\n|player|p2|\n|l|\u2606BK Sergio\n|player|p1|\n","uploadtime":1774588259,"views":11,"formatid":"gen9vgc2026regi","rating":1295,"private":0,"password":null}