{"id":"gen9vgc2026regi-2545215211","format":"[Gen 9] VGC 2026 Reg I","players":["bullgod4ever","kelii"],"log":"|j|\u2606bullgod4ever\n|j|\u2606kelii\n|t:|1771813763\n|gametype|doubles\n|player|p1|bullgod4ever|101|1552\n|player|p2|kelii|dawn|1463\n|gen|9\n|tier|[Gen 9] VGC 2026 Reg I\n|rated|\n|rule|Species Clause: Limit one of each Pok\u00e9mon\n|rule|Item Clause: Limit 1 of each item\n|clearpoke\n|poke|p1|Calyrex-Shadow, L50|\n|poke|p1|Zamazenta-*, L50|\n|poke|p1|Chien-Pao, L50|\n|poke|p1|Dragonite, L50, F|\n|poke|p1|Amoonguss, L50, M|\n|poke|p1|Ogerpon-Cornerstone, L50, F|\n|poke|p2|Miraidon, L50|\n|poke|p2|Calyrex-Ice, L50|\n|poke|p2|Whimsicott, L50, F|\n|poke|p2|Incineroar, L50, F|\n|poke|p2|Volcarona, L50, M|\n|poke|p2|Urshifu-*, L50, F|\n|teampreview|4\n|inactive|Battle timer is ON: inactive players will automatically lose when time's up. (requested by kelii)\n|inactive|bullgod4ever has 60 seconds left.\n|inactive|kelii has 60 seconds left.\n|\n|t:|1771813805\n|teamsize|p1|4\n|teamsize|p2|4\n|start\n|switch|p1a: Chien-Pao|Chien-Pao, L50|100/100\n|switch|p1b: Dragonite|Dragonite, L50, F|100/100\n|switch|p2a: Miraidon|Miraidon, L50|100/100\n|switch|p2b: Whimsicott|Whimsicott, L50, F, shiny|100/100\n|-ability|p1a: Chien-Pao|Sword of Ruin\n|-fieldstart|move: Electric Terrain|[from] ability: Hadron Engine|[of] p2a: Miraidon\n|turn|1\n|inactive|kelii has 30 seconds left.\n|\n|t:|1771813839\n|switch|p2a: Volcarona|Volcarona, L50, M|100/100\n|-enditem|p2a: Volcarona|Electric Seed\n|-boost|p2a: Volcarona|def|1|[from] item: Electric Seed\n|-terastallize|p1b: Dragonite|Normal\n|move|p1b: Dragonite|Extreme Speed|p2a: Volcarona\n|-damage|p2a: Volcarona|41/100\n|move|p1a: Chien-Pao|Ice Shard|p2a: Volcarona\n|-resisted|p2a: Volcarona\n|-damage|p2a: Volcarona|34/100\n|move|p2b: Whimsicott|Tailwind|p2b: Whimsicott\n|-sidestart|p2: kelii|move: Tailwind\n|\n|upkeep\n|turn|2\n|inactive|kelii has 30 seconds left.\n|\n|t:|1771813869\n|move|p2a: Volcarona|Rage Powder|p2a: Volcarona\n|-singleturn|p2a: Volcarona|move: Rage Powder\n|move|p1b: Dragonite|Extreme Speed|p2a: Volcarona\n|-damage|p2a: Volcarona|0 fnt\n|-status|p1b: Dragonite|brn|[from] ability: Flame Body|[of] p2a: Volcarona\n|faint|p2a: Volcarona\n|move|p2b: Whimsicott|Endeavor|p1b: Dragonite\n|-damage|p1b: Dragonite|72/100 brn\n|move|p1a: Chien-Pao|Ice Spinner|p2b: Whimsicott\n|-supereffective|p2b: Whimsicott\n|-enditem|p2b: Whimsicott|Focus Sash\n|-damage|p2b: Whimsicott|1/100\n|-fieldend|move: Electric Terrain\n|\n|-damage|p1b: Dragonite|66/100 brn|[from] brn\n|upkeep\n|\n|t:|1771813884\n|switch|p2a: Calyrex|Calyrex-Ice, L50|100/100\n|-ability|p2a: Calyrex|As One\n|-ability|p2a: Calyrex|Unnerve\n|turn|3\n|\n|t:|1771813895\n|-terastallize|p2a: Calyrex|Fire\n|move|p1b: Dragonite|Extreme Speed|p2b: Whimsicott\n|-damage|p2b: Whimsicott|0 fnt\n|faint|p2b: Whimsicott\n|move|p1a: Chien-Pao|Ruination|p2a: Calyrex\n|-damage|p2a: Calyrex|51/100\n|move|p2a: Calyrex|Glacial Lance|p1b: Dragonite|[spread] p1a,p1b\n|-resisted|p1a: Chien-Pao\n|-crit|p1a: Chien-Pao\n|-damage|p1a: Chien-Pao|49/100\n|-damage|p1b: Dragonite|0 fnt\n|faint|p1b: Dragonite\n|-ability|p2a: Calyrex|Chilling Neigh|boost\n|-boost|p2a: Calyrex|atk|1\n|\n|upkeep\n|\n|t:|1771813914\n|switch|p2b: Miraidon|Miraidon, L50|100/100\n|switch|p1b: Calyrex|Calyrex-Shadow, L50|100/100\n|-ability|p1b: Calyrex|As One\n|-ability|p1b: Calyrex|Unnerve\n|-fieldstart|move: Electric Terrain|[from] ability: Hadron Engine|[of] p2b: Miraidon\n|turn|4\n|\n|t:|1771813934\n|move|p1a: Chien-Pao|Sucker Punch||[still]\n|-fail|p1a: Chien-Pao\n|move|p2b: Miraidon|Electro Drift|p1b: Calyrex\n|-enditem|p1b: Calyrex|Focus Sash\n|-damage|p1b: Calyrex|1/100\n|move|p1b: Calyrex|Astral Barrage|p2a: Calyrex|[spread] p2a,p2b\n|-damage|p2a: Calyrex|17/100\n|-damage|p2b: Miraidon|59/100\n|move|p2a: Calyrex|Trick Room|p2a: Calyrex\n|-fieldstart|move: Trick Room|[of] p2a: Calyrex\n|\n|-sideend|p2: kelii|move: Tailwind\n|upkeep\n|turn|5\n|inactive|bullgod4ever has 30 seconds left.\n|inactive|kelii has 30 seconds left.\n|inactive|bullgod4ever has 20 seconds left.\n|\n|t:|1771813973\n|move|p2a: Calyrex|Protect|p2a: Calyrex\n|-singleturn|p2a: Calyrex|Protect\n|move|p1b: Calyrex|Protect|p1b: Calyrex\n|-singleturn|p1b: Calyrex|Protect\n|move|p1a: Chien-Pao|Sucker Punch||[still]\n|-fail|p1a: Chien-Pao\n|move|p2b: Miraidon|Electro Drift|p1a: Chien-Pao\n|-crit|p1a: Chien-Pao\n|-damage|p1a: Chien-Pao|0 fnt\n|faint|p1a: Chien-Pao\n|\n|upkeep\n|\n|t:|1771813986\n|switch|p1a: Ogerpon|Ogerpon-Cornerstone, L50, F|100/100\n|turn|6\n|\n|t:|1771814005\n|move|p1b: Calyrex|Protect||[still]\n|-fail|p1b: Calyrex\n|move|p2a: Calyrex|Glacial Lance|p1b: Calyrex|[spread] p1a,p1b\n|-supereffective|p1a: Ogerpon\n|-ability|p1a: Ogerpon|Sturdy\n|-damage|p1a: Ogerpon|1/100\n|-damage|p1b: Calyrex|0 fnt\n|faint|p1b: Calyrex\n|-ability|p2a: Calyrex|Chilling Neigh|boost\n|-boost|p2a: Calyrex|atk|1\n|move|p2b: Miraidon|Electro Drift|p1a: Ogerpon\n|-resisted|p1a: Ogerpon\n|-damage|p1a: Ogerpon|0 fnt\n|faint|p1a: Ogerpon\n|\n|win|kelii\n|raw|bullgod4ever's rating: 1552 &rarr; <strong>1527</strong><br />(-25 for losing)\n|raw|kelii's rating: 1463 &rarr; <strong>1488</strong><br />(+25 for winning)\n|l|\u2606bullgod4ever\n|player|p1|\n|l|\u2606kelii\n|player|p2|\n","uploadtime":1771814162,"views":17,"formatid":"gen9vgc2026regi","rating":1488,"private":0,"password":null}