{"id":"gen9vgc2026regi-2575084511","format":"[Gen 9] VGC 2026 Reg I","players":["SomeGuyWithFood","ppyyy"],"log":"|j|\u2606SomeGuyWithFood\n|j|\u2606ppyyy\n|html|<table width=\"100%\"><tr><td align=\"left\">SomeGuyWithFood</td><td align=\"right\">ppyyy</tr><tr><td align=\"left\"><i class=\"fa fa-circle-o\"></i> <i class=\"fa fa-circle-o\"></i> </td><td align=\"right\"><i class=\"fa fa-circle-o\"></i> <i class=\"fa fa-circle-o\"></i> </tr></table>\n|uhtml|bestof|<h2><strong>Game 1</strong> of <a href=\"/game-bestof3-gen9vgc2026regi-2575084510\">a best-of-3</a></h2>\n|t:|1775317499\n|gametype|doubles\n|player|p1|SomeGuyWithFood|pokefan-gen3|\n|player|p2|ppyyy|2|\n|gen|9\n|tier|[Gen 9] VGC 2026 Reg I\n|rated|Tournament battle\n|rule|Species Clause: Limit one of each Pok\u00e9mon\n|rule|Item Clause: Limit 1 of each item\n|raw|<div class=\"infobox\"><details class=\"readmore\" open><summary><strong>4 custom rules:</strong></summary> Open Team Sheets, Force Open Team Sheets, !Open Team Sheets, Best of = 3</details></div>\n|clearpoke\n|poke|p1|Cresselia, L50, F|\n|poke|p1|Ursaluna, L50, M|\n|poke|p1|Primarina, L50, F|\n|poke|p1|Metagross, L50|\n|poke|p1|Farigiraf, L50, M|\n|poke|p1|Iron Hands, L50|\n|poke|p2|Ho-Oh, L50|\n|poke|p2|Miraidon, L50|\n|poke|p2|Incineroar, L50, F|\n|poke|p2|Chien-Pao, L50|\n|poke|p2|Iron Hands, L50|\n|poke|p2|Iron Valiant, L50|\n|teampreview|4\n|showteam|p1|Cresselia||SafetyGoggles|Levitate|Psychic,TrickRoom,LunarBlessing,HelpingHand|||F|||50|,,,,,Dark]Ursaluna||FlameOrb|Guts|Protect,Earthquake,Facade,HeadlongRush|||M|||50|,,,,,Ground]Primarina||ThroatSpray|LiquidVoice|HyperVoice,Moonblast,Psychic,IceBeam|||F|||50|,,,,,Steel]Metagross||LifeOrb|ClearBody|HeavySlam,BulletPunch,KnockOff,Protect||||||50|,,,,,Steel]Farigiraf||FocusSash|ArmorTail|TrickRoom,Psychic,HelpingHand,Roar|||M|||50|,,,,,Normal]Iron Hands||AssaultVest|QuarkDrive|WildCharge,DrainPunch,FakeOut,HeavySlam||||||50|,,,,,Fighting\n|showteam|p2|Ho-Oh||ClearAmulet|Regenerator|SacredFire,BraveBird,Tailwind,Protect||||||50|,,,,,Grass]Miraidon||ChoiceSpecs|HadronEngine|ElectroDrift,VoltSwitch,DracoMeteor,DazzlingGleam||||||50|,,,,,Fairy]Incineroar||RockyHelmet|Intimidate|FlareBlitz,KnockOff,PartingShot,FakeOut|||F|||50|,,,,,Bug]Chien-Pao||LifeOrb|SwordofRuin|IcicleCrash,SuckerPunch,SacredSword,Protect||||||50|,,,,,Stellar]Iron Hands||AssaultVest|QuarkDrive|DrainPunch,LowKick,WildCharge,FakeOut||||||50|,,,,,Water]Iron Valiant||FocusSash|QuarkDrive|SpiritBreak,IcyWind,WideGuard,Encore||||||50|,,,,,Ghost\n|c|\u2606SomeGuyWithFood|gl hf!\n|c|\u2606ppyyy|Y2\n|c|\u2606ppyyy|U2\n|\n|t:|1775317531\n|teamsize|p1|4\n|teamsize|p2|4\n|start\n|switch|p1a: Cresselia|Cresselia, L50, F|100/100\n|switch|p1b: Ursaluna|Ursaluna, L50, M, shiny|100/100\n|switch|p2a: Incineroar|Incineroar, L50, F|100/100\n|switch|p2b: Miraidon|Miraidon, L50|100/100\n|-fieldstart|move: Electric Terrain|[from] ability: Hadron Engine|[of] p2b: Miraidon\n|-ability|p2a: Incineroar|Intimidate|boost\n|-unboost|p1a: Cresselia|atk|1\n|-unboost|p1b: Ursaluna|atk|1\n|turn|1\n|\n|t:|1775317549\n|-terastallize|p1b: Ursaluna|Ground\n|move|p1a: Cresselia|Helping Hand|p1b: Ursaluna\n|-singleturn|p1b: Ursaluna|Helping Hand|[of] p1a: Cresselia\n|move|p2b: Miraidon|Volt Switch|p1a: Cresselia\n|-damage|p1a: Cresselia|50/100\n|\n|t:|1775317552\n|switch|p2b: Ho-Oh|Ho-Oh, L50|100/100|[from] Volt Switch\n|move|p2a: Incineroar|Knock Off|p1b: Ursaluna\n|-damage|p1b: Ursaluna|71/100\n|-enditem|p1b: Ursaluna|Flame Orb|[from] move: Knock Off|[of] p2a: Incineroar\n|move|p1b: Ursaluna|Earthquake|p2b: Ho-Oh|[spread] p2a\n|-immune|p1a: Cresselia|[from] ability: Levitate\n|-immune|p2b: Ho-Oh\n|-supereffective|p2a: Incineroar\n|-damage|p2a: Incineroar|0 fnt\n|faint|p2a: Incineroar\n|\n|upkeep\n|\n|t:|1775317566\n|switch|p2a: Miraidon|Miraidon, L50|100/100\n|-activate|p2a: Miraidon|ability: Hadron Engine\n|turn|2\n|\n|t:|1775317589\n|-terastallize|p2a: Miraidon|Fairy\n|move|p1b: Ursaluna|Protect|p1b: Ursaluna\n|-singleturn|p1b: Ursaluna|Protect\n|move|p2a: Miraidon|Dazzling Gleam|p1b: Ursaluna|[spread] p1a\n|-activate|p1b: Ursaluna|move: Protect\n|-damage|p1a: Cresselia|20/100\n|move|p2b: Ho-Oh|Brave Bird|p1a: Cresselia\n|-damage|p1a: Cresselia|0 fnt\n|faint|p1a: Cresselia\n|-damage|p2b: Ho-Oh|93/100|[from] Recoil\n|\n|upkeep\n|\n|t:|1775317601\n|switch|p1a: Metagross|Metagross, L50|100/100\n|turn|3\n|\n|t:|1775317619\n|switch|p2a: Iron Hands|Iron Hands, L50|100/100\n|-activate|p2a: Iron Hands|ability: Quark Drive\n|-start|p2a: Iron Hands|quarkdriveatk\n|move|p2b: Ho-Oh|Tailwind|p2b: Ho-Oh\n|-sidestart|p2: ppyyy|move: Tailwind\n|move|p1a: Metagross|Heavy Slam|p2a: Iron Hands\n|-resisted|p2a: Iron Hands\n|-damage|p2a: Iron Hands|89/100\n|-damage|p1a: Metagross|91/100|[from] item: Life Orb\n|move|p1b: Ursaluna|Facade|p2b: Ho-Oh\n|-crit|p2b: Ho-Oh\n|-damage|p2b: Ho-Oh|39/100\n|\n|upkeep\n|turn|4\n|\n|t:|1775317647\n|move|p1a: Metagross|Protect|p1a: Metagross\n|-singleturn|p1a: Metagross|Protect\n|move|p2b: Ho-Oh|Sacred Fire|p1a: Metagross\n|-activate|p1a: Metagross|move: Protect\n|move|p2a: Iron Hands|Low Kick|p1b: Ursaluna\n|-damage|p1b: Ursaluna|3/100\n|move|p1b: Ursaluna|Earthquake|p2a: Iron Hands|[spread] p2a\n|-activate|p1a: Metagross|move: Protect\n|-immune|p2b: Ho-Oh\n|-supereffective|p2a: Iron Hands\n|-damage|p2a: Iron Hands|32/100\n|\n|upkeep\n|turn|5\n|\n|t:|1775317677\n|move|p2b: Ho-Oh|Sacred Fire|p1a: Metagross\n|-supereffective|p1a: Metagross\n|-damage|p1a: Metagross|2/100\n|move|p2a: Iron Hands|Drain Punch|p1b: Ursaluna\n|-damage|p1b: Ursaluna|0 fnt\n|-heal|p2a: Iron Hands|34/100|[from] drain|[of] p1b: Ursaluna\n|faint|p1b: Ursaluna\n|move|p1a: Metagross|Knock Off|p2b: Ho-Oh\n|-damage|p2b: Ho-Oh|4/100\n|-enditem|p2b: Ho-Oh|Clear Amulet|[from] move: Knock Off|[of] p1a: Metagross\n|-damage|p1a: Metagross|0 fnt|[from] item: Life Orb\n|faint|p1a: Metagross\n|\n|-fieldend|move: Electric Terrain\n|-end|p2a: Iron Hands|Quark Drive\n|upkeep\n|\n|t:|1775317689\n|switch|p1a: Primarina|Primarina, L50, F, shiny|100/100\n|turn|6\n|\n|t:|1775317698\n|move|p2b: Ho-Oh|Brave Bird|p1a: Primarina\n|-crit|p1a: Primarina\n|-damage|p1a: Primarina|0 fnt\n|faint|p1a: Primarina\n|-damage|p2b: Ho-Oh|0 fnt|[from] Recoil\n|faint|p2b: Ho-Oh\n|\n|win|ppyyy\n","uploadtime":1775317700,"views":11,"formatid":"gen9vgc2026regi","rating":null,"private":0,"password":null}