{"id":"gen9vgc2026regi-2552966713","format":"[Gen 9] VGC 2026 Reg I","players":["korean noob","b3testing"],"log":"|j|\u2606korean noob\n|j|\u2606b3testing\n|t:|1772776832\n|gametype|doubles\n|player|p1|korean noob|101|1276\n|player|p2|b3testing|101|1416\n|gen|9\n|tier|[Gen 9] VGC 2026 Reg I\n|rated|\n|rule|Species Clause: Limit one of each Pok\u00e9mon\n|rule|Item Clause: Limit 1 of each item\n|clearpoke\n|poke|p1|Delphox, L50, M|\n|poke|p1|Miraidon, L50|\n|poke|p1|Calyrex-Ice, L50|\n|poke|p1|Grimmsnarl, L50, M|\n|poke|p1|Landorus-Therian, L50, M|\n|poke|p1|Iron Hands, L50|\n|poke|p2|Terapagos, L50, M|\n|poke|p2|Calyrex-Shadow, L50|\n|poke|p2|Incineroar, L50, F|\n|poke|p2|Amoonguss, L50, F|\n|poke|p2|Tornadus, L50, M|\n|poke|p2|Smeargle, L50, F|\n|teampreview|4\n|inactive|Battle timer is ON: inactive players will automatically lose when time's up. (requested by b3testing)\n|inactive|korean noob also wants the timer to be on.\n|inactive|b3testing has 60 seconds left.\n|\n|t:|1772776864\n|teamsize|p1|4\n|teamsize|p2|4\n|start\n|switch|p1a: Miraidon|Miraidon, L50|100/100\n|switch|p1b: Grimmsnarl|Grimmsnarl, L50, M|100/100\n|switch|p2a: Smeargle|Smeargle, L50, F|100/100\n|switch|p2b: Terapagos|Terapagos, L50, M|100/100\n|-activate|p2b: Terapagos|ability: Tera Shift\n|detailschange|p2b: Terapagos|Terapagos-Terastal, L50, M\n|-heal|p2b: Terapagos|100/100|[silent]\n|-fieldstart|move: Electric Terrain|[from] ability: Hadron Engine|[of] p1a: Miraidon\n|turn|1\n|\n|t:|1772776882\n|-terastallize|p2b: Terapagos|Stellar\n|detailschange|p2b: Terapagos|Terapagos-Stellar, L50, M, tera:Stellar\n|-heal|p2b: Terapagos|100/100|[silent]\n|-ability|p2b: Terapagos|Teraform Zero\n|-fieldend|move: Electric Terrain\n|move|p1a: Miraidon|Volt Switch|p2a: Smeargle\n|-damage|p2a: Smeargle|24/100\n|\n|t:|1772776891\n|switch|p1a: Calyrex|Calyrex-Ice, L50|100/100|[from] Volt Switch\n|-ability|p1a: Calyrex|As One\n|-ability|p1a: Calyrex|Unnerve\n|move|p2a: Smeargle|Spore|p1b: Grimmsnarl\n|-status|p1b: Grimmsnarl|slp|[from] move: Spore\n|move|p2b: Terapagos|Calm Mind|p2b: Terapagos\n|-boost|p2b: Terapagos|spa|1\n|-boost|p2b: Terapagos|spd|1\n|cant|p1b: Grimmsnarl|slp\n|\n|-ability|p2a: Smeargle|Moody|boost\n|-boost|p2a: Smeargle|atk|2\n|-unboost|p2a: Smeargle|spe|1\n|upkeep\n|turn|2\n|\n|t:|1772776914\n|switch|p1b: Miraidon|Miraidon, L50|100/100\n|-fieldstart|move: Electric Terrain|[from] ability: Hadron Engine|[of] p1b: Miraidon\n|move|p2b: Terapagos|Tera Starstorm|p1b: Miraidon|[spread] p1a,p1b\n|-damage|p1a: Calyrex|60/100\n|-damage|p1b: Miraidon|47/100\n|move|p2a: Smeargle|Decorate|p2b: Terapagos\n|-boost|p2b: Terapagos|atk|2\n|-boost|p2b: Terapagos|spa|2\n|move|p1a: Calyrex|Glacial Lance|p2a: Smeargle|[spread] p2a,p2b\n|-damage|p2a: Smeargle|0 fnt\n|-damage|p2b: Terapagos|63/100\n|faint|p2a: Smeargle\n|-ability|p1a: Calyrex|Chilling Neigh|boost\n|-boost|p1a: Calyrex|atk|1\n|\n|-heal|p1a: Calyrex|66/100|[from] item: Leftovers\n|upkeep\n|\n|t:|1772776920\n|switch|p2a: Incineroar|Incineroar, L50, F|100/100\n|-ability|p2a: Incineroar|Intimidate|boost\n|-unboost|p1a: Calyrex|atk|1\n|-unboost|p1b: Miraidon|atk|1\n|turn|3\n|\n|t:|1772776934\n|-terastallize|p1b: Miraidon|Electric\n|move|p2a: Incineroar|Fake Out|p1a: Calyrex\n|-damage|p1a: Calyrex|58/100\n|move|p1b: Miraidon|Electro Drift|p2b: Terapagos\n|-damage|p2b: Terapagos|15/100\n|move|p2b: Terapagos|Tera Starstorm|p1b: Miraidon|[spread] p1a,p1b\n|-supereffective|p1b: Miraidon\n|-damage|p1a: Calyrex|0 fnt\n|-damage|p1b: Miraidon|0 fnt\n|faint|p1a: Calyrex\n|faint|p1b: Miraidon\n|\n|upkeep\n|\n|t:|1772776943\n|switch|p1b: Grimmsnarl|Grimmsnarl, L50, M|100/100 slp\n|switch|p1a: Delphox|Delphox, L50, M|100/100\n|-enditem|p1a: Delphox|Electric Seed\n|-boost|p1a: Delphox|def|1|[from] item: Electric Seed\n|turn|4\n|\n|t:|1772776968\n|move|p2b: Terapagos|Protect|p2b: Terapagos\n|-singleturn|p2b: Terapagos|Protect\n|-curestatus|p1b: Grimmsnarl|slp|[msg]\n|move|p1b: Grimmsnarl|Reflect|p1b: Grimmsnarl\n|-sidestart|p1: korean noob|Reflect\n|move|p1a: Delphox|Mystical Fire|p2b: Terapagos\n|-activate|p2b: Terapagos|move: Protect\n|move|p2a: Incineroar|Knock Off|p1a: Delphox\n|-supereffective|p1a: Delphox\n|-damage|p1a: Delphox|55/100\n|\n|upkeep\n|turn|5\n|\n|t:|1772776984\n|move|p1a: Delphox|Mystical Fire|p2b: Terapagos\n|-damage|p2b: Terapagos|0 fnt\n|faint|p2b: Terapagos\n|detailschange|p2: Terapagos|Terapagos, L50, M|[silent]\n|-item|p1a: Delphox|Covert Cloak|[from] ability: Magician|[of] p2: Terapagos\n|move|p2a: Incineroar|U-turn|p1a: Delphox\n|-damage|p1a: Delphox|40/100\n|\n|t:|1772776989\n|switch|p2a: Calyrex|Calyrex-Shadow, L50|100/100|[from] U-turn\n|-ability|p2a: Calyrex|As One\n|-ability|p2a: Calyrex|Unnerve\n|move|p1b: Grimmsnarl|Spirit Break|p2a: Calyrex\n|-damage|p2a: Calyrex|64/100\n|-unboost|p2a: Calyrex|spa|1\n|\n|upkeep\n|\n|t:|1772776998\n|switch|p2b: Incineroar|Incineroar, L50, F|100/100\n|-ability|p2b: Incineroar|Intimidate|boost\n|-unboost|p1a: Delphox|atk|1\n|-unboost|p1b: Grimmsnarl|atk|1\n|turn|6\n|\n|t:|1772777006\n|move|p1a: Delphox|Protect|p1a: Delphox\n|-singleturn|p1a: Delphox|Protect\n|move|p2b: Incineroar|Fake Out|p1b: Grimmsnarl\n|-damage|p1b: Grimmsnarl|92/100\n|cant|p1b: Grimmsnarl|flinch\n|move|p2a: Calyrex|Astral Barrage|p1a: Delphox|[spread] p1b\n|-activate|p1a: Delphox|move: Protect\n|-resisted|p1b: Grimmsnarl\n|-damage|p1b: Grimmsnarl|71/100\n|-damage|p2a: Calyrex|54/100|[from] item: Life Orb\n|\n|-fieldend|move: Electric Terrain\n|upkeep\n|turn|7\n|\n|t:|1772777025\n|move|p1b: Grimmsnarl|Parting Shot|p2a: Calyrex\n|-unboost|p2a: Calyrex|atk|1\n|-unboost|p2a: Calyrex|spa|1\n|move|p2a: Calyrex|Encore|p1a: Delphox\n|-start|p1a: Delphox|Encore\n|move|p1a: Delphox|Protect||[still]\n|-fail|p1a: Delphox\n|move|p2b: Incineroar|Flare Blitz|p1b: Grimmsnarl\n|-damage|p1b: Grimmsnarl|28/100\n|-damage|p2b: Incineroar|87/100|[from] Recoil\n|\n|upkeep\n|turn|8\n|\n|t:|1772777045\n|move|p1a: Delphox|Protect|p1a: Delphox\n|-singleturn|p1a: Delphox|Protect\n|move|p1b: Grimmsnarl|Light Screen|p1b: Grimmsnarl\n|-sidestart|p1: korean noob|move: Light Screen\n|move|p2a: Calyrex|Astral Barrage|p1a: Delphox|[spread] p1b\n|-activate|p1a: Delphox|move: Protect\n|-resisted|p1b: Grimmsnarl\n|-damage|p1b: Grimmsnarl|17/100\n|-damage|p2a: Calyrex|45/100|[from] item: Life Orb\n|move|p2b: Incineroar|Flare Blitz|p1b: Grimmsnarl\n|-damage|p1b: Grimmsnarl|0 fnt\n|faint|p1b: Grimmsnarl\n|-damage|p2b: Incineroar|81/100|[from] Recoil\n|\n|upkeep\n|turn|9\n|inactive|korean noob has 30 seconds left.\n|inactive|korean noob has 20 seconds left.\n|inactive|korean noob has 15 seconds left.\n|inactive|korean noob has 10 seconds left.\n|inactive|korean noob has 5 seconds left.\n|\n|t:|1772777100\n|move|p1a: Delphox|Protect|p1a: Delphox\n|-singleturn|p1a: Delphox|Protect\n|move|p2a: Calyrex|Astral Barrage|p1a: Delphox\n|-activate|p1a: Delphox|move: Protect\n|move|p2b: Incineroar|Knock Off|p1a: Delphox\n|-activate|p1a: Delphox|move: Protect\n|\n|-end|p1a: Delphox|Encore\n|upkeep\n|turn|10\n|inactive|korean noob has 30 seconds left.\n|inactive|korean noob has 20 seconds left.\n|inactive|korean noob has 15 seconds left.\n|inactive|korean noob has 10 seconds left.\n|inactive|korean noob has 5 seconds left.\n|\n|t:|1772777155\n|move|p2a: Calyrex|Encore|p1a: Delphox\n|-start|p1a: Delphox|Encore\n|move|p1a: Delphox|Protect||[still]\n|-fail|p1a: Delphox\n|move|p2b: Incineroar|Knock Off|p1a: Delphox\n|-supereffective|p1a: Delphox\n|-damage|p1a: Delphox|0 fnt\n|-enditem|p1a: Delphox|Covert Cloak|[from] move: Knock Off|[of] p2b: Incineroar\n|faint|p1a: Delphox\n|\n|win|b3testing\n|raw|korean noob's rating: 1276 &rarr; <strong>1261</strong><br />(-15 for losing)\n|raw|b3testing's rating: 1416 &rarr; <strong>1428</strong><br />(+12 for winning)\n|l|\u2606b3testing\n|player|p2|\n|l|\u2606korean noob\n|player|p1|\n","uploadtime":1772777322,"views":15,"formatid":"gen9vgc2026regi","rating":1261,"private":0,"password":null}