{"id":"gen9vgc2026regi-2564289466","format":"[Gen 9] VGC 2026 Reg I","players":["BreakTheShadowWall","Gwefemble0"],"log":"|j|\u2606BreakTheShadowWall\n|j|\u2606Gwefemble0\n|t:|1774128967\n|gametype|doubles\n|player|p1|BreakTheShadowWall|169|1425\n|player|p2|Gwefemble0|firebreather|1328\n|gen|9\n|tier|[Gen 9] VGC 2026 Reg I\n|rated|\n|rule|Species Clause: Limit one of each Pok\u00e9mon\n|rule|Item Clause: Limit 1 of each item\n|clearpoke\n|poke|p1|Miraidon, L50|\n|poke|p1|Iron Bundle, L50|\n|poke|p1|Lunala, L50|\n|poke|p1|Incineroar, L50, F|\n|poke|p1|Urshifu-*, L50, F|\n|poke|p1|Ursaluna, L50, F|\n|poke|p2|Zacian-*, L50|\n|poke|p2|Kyogre, L50|\n|poke|p2|Regieleki, L50|\n|poke|p2|Tornadus, L50, M|\n|poke|p2|Farigiraf, L50, F|\n|poke|p2|Chandelure, L50, F|\n|teampreview|4\n|inactive|Battle timer is ON: inactive players will automatically lose when time's up. (requested by BreakTheShadowWall)\n|\n|t:|1774128995\n|teamsize|p1|4\n|teamsize|p2|4\n|start\n|switch|p1a: Lunala|Lunala, L50, shiny|100/100\n|switch|p1b: Miraidon|Miraidon, L50|100/100\n|switch|p2a: Zacian|Zacian-Crowned, L50|100/100\n|switch|p2b: Chandelure|Chandelure, L50, F|100/100\n|-ability|p2a: Zacian|Intrepid Sword|boost\n|-boost|p2a: Zacian|atk|1\n|-fieldstart|move: Electric Terrain|[from] ability: Hadron Engine|[of] p1b: Miraidon\n|-enditem|p1a: Lunala|Electric Seed\n|-boost|p1a: Lunala|def|1|[from] item: Electric Seed\n|turn|1\n|inactive|BreakTheShadowWall has 30 seconds left.\n|inactive|BreakTheShadowWall has 20 seconds left.\n|\n|t:|1774129038\n|-terastallize|p2a: Zacian|Ground\n|-terastallize|p1b: Miraidon|Fairy\n|move|p2a: Zacian|Behemoth Blade|p1a: Lunala\n|-damage|p1a: Lunala|77/100\n|move|p1b: Miraidon|Volt Switch|p2a: Zacian\n|-immune|p2a: Zacian\n|move|p2b: Chandelure|Shadow Ball|p1a: Lunala\n|-supereffective|p1a: Lunala\n|-damage|p1a: Lunala|0 fnt\n|faint|p1a: Lunala\n|\n|upkeep\n|inactive|BreakTheShadowWall has 30 seconds left.\n|\n|t:|1774129064\n|switch|p1a: Ursaluna|Ursaluna, L50, F|100/100\n|turn|2\n|\n|t:|1774129080\n|switch|p1b: Urshifu|Urshifu-Rapid-Strike, L50, F|100/100\n|switch|p2b: Farigiraf|Farigiraf, L50, F|100/100\n|move|p1a: Ursaluna|Protect|p1a: Ursaluna\n|-singleturn|p1a: Ursaluna|Protect\n|move|p2a: Zacian|Behemoth Blade|p1b: Urshifu\n|-resisted|p1b: Urshifu\n|-damage|p1b: Urshifu|58/100\n|\n|-status|p1a: Ursaluna|brn|[from] item: Flame Orb\n|upkeep\n|turn|3\n|inactive|BreakTheShadowWall has 30 seconds left.\n|inactive|Gwefemble0 has 30 seconds left.\n|inactive|BreakTheShadowWall has 20 seconds left.\n|inactive|BreakTheShadowWall has 15 seconds left.\n|inactive|BreakTheShadowWall has 10 seconds left.\n|inactive|BreakTheShadowWall has 5 seconds left.\n|\n|t:|1774129132\n|move|p2a: Zacian|Tera Blast|p1b: Urshifu|[anim] Tera Blast Ground\n|-damage|p1b: Urshifu|0 fnt\n|faint|p1b: Urshifu\n|move|p2b: Farigiraf|Hyper Voice|p1a: Ursaluna\n|-damage|p1a: Ursaluna|70/100 brn\n|-enditem|p2b: Farigiraf|Throat Spray\n|-boost|p2b: Farigiraf|spa|1|[from] item: Throat Spray\n|move|p1a: Ursaluna|Facade|p2a: Zacian\n|-damage|p2a: Zacian|0 fnt\n|faint|p2a: Zacian\n|\n|-damage|p1a: Ursaluna|64/100 brn|[from] brn\n|upkeep\n|\n|t:|1774129149\n|switch|p2a: Kyogre|Kyogre, L50|100/100\n|switch|p1b: Miraidon|Miraidon, L50, tera:Fairy|100/100\n|-weather|RainDance|[from] ability: Drizzle|[of] p2a: Kyogre\n|-activate|p1b: Miraidon|ability: Hadron Engine\n|turn|4\n|\n|t:|1774129171\n|move|p1a: Ursaluna|Protect|p1a: Ursaluna\n|-singleturn|p1a: Ursaluna|Protect\n|move|p2a: Kyogre|Water Spout|p1a: Ursaluna|[spread] p1b\n|-activate|p1a: Ursaluna|move: Protect\n|-damage|p1b: Miraidon|12/100\n|move|p1b: Miraidon|Electro Drift|p2a: Kyogre\n|-supereffective|p2a: Kyogre\n|-damage|p2a: Kyogre|0 fnt\n|faint|p2a: Kyogre\n|move|p2b: Farigiraf|Psychic|p1b: Miraidon\n|-damage|p1b: Miraidon|0 fnt\n|faint|p1b: Miraidon\n|\n|-weather|RainDance|[upkeep]\n|-damage|p1a: Ursaluna|58/100 brn|[from] brn\n|upkeep\n|\n|t:|1774129186\n|switch|p2a: Chandelure|Chandelure, L50, F|100/100\n|turn|5\n|\n|t:|1774129201\n|move|p2a: Chandelure|Overheat|p1a: Ursaluna\n|-damage|p1a: Ursaluna|11/100 brn\n|-unboost|p2a: Chandelure|spa|2\n|move|p2b: Farigiraf|Psychic|p1a: Ursaluna\n|-damage|p1a: Ursaluna|0 fnt\n|faint|p1a: Ursaluna\n|\n|win|Gwefemble0\n|raw|BreakTheShadowWall's rating: 1425 &rarr; <strong>1400</strong><br />(-25 for losing)\n|raw|Gwefemble0's rating: 1328 &rarr; <strong>1353</strong><br />(+25 for winning)\n|l|\u2606BreakTheShadowWall\n|player|p1|\n|l|\u2606Gwefemble0\n|player|p2|\n","uploadtime":1774129370,"views":11,"formatid":"gen9vgc2026regi","rating":1353,"private":0,"password":null}