{"id":"gen9vgc2026regi-2537832825","format":"[Gen 9] VGC 2026 Reg I","players":["noobtoilet2000","pzyxhic"],"log":"|j|\u2606noobtoilet2000\n|j|\u2606pzyxhic\n|t:|1770853031\n|gametype|doubles\n|player|p1|noobtoilet2000|101|1440\n|player|p2|pzyxhic|102|1309\n|gen|9\n|tier|[Gen 9] VGC 2026 Reg I\n|rated|\n|rule|Species Clause: Limit one of each Pok\u00e9mon\n|rule|Item Clause: Limit 1 of each item\n|clearpoke\n|poke|p1|Miraidon, L50|\n|poke|p1|Lunala, L50|\n|poke|p1|Sylveon, L50, M|\n|poke|p1|Incineroar, L50, M|\n|poke|p1|Whimsicott, L50, F|\n|poke|p1|Urshifu-*, L50, F|\n|poke|p2|Giratina-Origin, L50|\n|poke|p2|Zamazenta-*, L50|\n|poke|p2|Incineroar, L50, F|\n|poke|p2|Amoonguss, L50, F|\n|poke|p2|Urshifu-*, L50, F|\n|poke|p2|Grimmsnarl, L50, M|\n|teampreview|4\n|\n|t:|1770853085\n|teamsize|p1|4\n|teamsize|p2|4\n|start\n|switch|p1a: Urshifu|Urshifu-Rapid-Strike, L50, F|100/100\n|switch|p1b: Whimsicott|Whimsicott, L50, F, shiny|100/100\n|switch|p2a: Incineroar|Incineroar, L50, F|100/100\n|switch|p2b: Urshifu|Urshifu-Rapid-Strike, L50, F|100/100\n|-ability|p2a: Incineroar|Intimidate|boost\n|-unboost|p1a: Urshifu|atk|1\n|-unboost|p1b: Whimsicott|atk|1\n|turn|1\n|\n|t:|1770853099\n|switch|p1a: Lunala|Lunala, L50|100/100\n|switch|p2a: Giratina|Giratina-Origin, L50|100/100\n|move|p1b: Whimsicott|Tailwind|p1b: Whimsicott\n|-sidestart|p1: noobtoilet2000|move: Tailwind\n|move|p2b: Urshifu|Coaching|p2a: Giratina\n|-boost|p2a: Giratina|atk|1\n|-boost|p2a: Giratina|def|1\n|\n|upkeep\n|turn|2\n|\n|t:|1770853136\n|switch|p1b: Miraidon|Miraidon, L50, shiny|100/100\n|-fieldstart|move: Electric Terrain|[from] ability: Hadron Engine|[of] p1b: Miraidon\n|-enditem|p1a: Lunala|Electric Seed\n|-boost|p1a: Lunala|def|1|[from] item: Electric Seed\n|switch|p2b: Incineroar|Incineroar, L50, F|100/100\n|-ability|p2b: Incineroar|Intimidate|boost\n|-unboost|p1a: Lunala|atk|1\n|-unboost|p1b: Miraidon|atk|1\n|-terastallize|p1a: Lunala|Fairy\n|-terastallize|p2a: Giratina|Fairy\n|move|p1a: Lunala|Moonblast|p2a: Giratina\n|-damage|p2a: Giratina|67/100\n|move|p2a: Giratina|Poltergeist|p1b: Miraidon\n|-activate|p1b: Miraidon|move: Poltergeist|Choice Specs\n|-damage|p1b: Miraidon|2/100\n|\n|upkeep\n|turn|3\n|\n|t:|1770853167\n|move|p2b: Incineroar|Fake Out|p1a: Lunala\n|-damage|p1a: Lunala|98/100\n|move|p2a: Giratina|Shadow Sneak|p1b: Miraidon\n|-damage|p1b: Miraidon|0 fnt\n|faint|p1b: Miraidon\n|cant|p1a: Lunala|flinch\n|\n|upkeep\n|\n|t:|1770853173\n|switch|p1b: Urshifu|Urshifu-Rapid-Strike, L50, F|100/100\n|turn|4\n|\n|t:|1770853195\n|move|p1b: Urshifu|Surging Strikes|p2a: Giratina\n|-crit|p2a: Giratina\n|-damage|p2a: Giratina|41/100\n|-crit|p2a: Giratina\n|-damage|p2a: Giratina|16/100\n|-crit|p2a: Giratina\n|-damage|p2a: Giratina|0 fnt\n|faint|p2a: Giratina\n|-hitcount|p2: Giratina|3\n|move|p1a: Lunala|Moonblast|p2b: Incineroar\n|-damage|p2b: Incineroar|74/100\n|move|p2b: Incineroar|U-turn|p1b: Urshifu\n|-resisted|p1b: Urshifu\n|-damage|p1b: Urshifu|91/100\n|\n|t:|1770853216\n|switch|p2b: Zamazenta|Zamazenta-Crowned, L50|100/100|[from] U-turn\n|-ability|p2b: Zamazenta|Dauntless Shield|boost\n|-boost|p2b: Zamazenta|def|1\n|\n|-sideend|p1: noobtoilet2000|move: Tailwind\n|upkeep\n|\n|t:|1770853229\n|switch|p2a: Urshifu|Urshifu-Rapid-Strike, L50, F|100/100\n|turn|5\n|\n|t:|1770853245\n|switch|p1b: Whimsicott|Whimsicott, L50, F, shiny|100/100\n|move|p2a: Urshifu|Coaching|p2b: Zamazenta\n|-boost|p2b: Zamazenta|atk|1\n|-boost|p2b: Zamazenta|def|1\n|move|p2b: Zamazenta|Body Press|p1b: Whimsicott\n|-resisted|p1b: Whimsicott\n|-damage|p1b: Whimsicott|23/100\n|move|p1a: Lunala|Moonblast|p2a: Urshifu\n|-supereffective|p2a: Urshifu\n|-damage|p2a: Urshifu|0 fnt\n|faint|p2a: Urshifu\n|\n|upkeep\n|\n|t:|1770853259\n|switch|p2a: Incineroar|Incineroar, L50, F|74/100\n|-ability|p2a: Incineroar|Intimidate|boost\n|-unboost|p1a: Lunala|atk|1\n|-unboost|p1b: Whimsicott|atk|1\n|turn|6\n|\n|t:|1770853271\n|move|p1b: Whimsicott|Endeavor|p2b: Zamazenta\n|-damage|p2b: Zamazenta|14/100\n|move|p2b: Zamazenta|Heavy Slam|p1a: Lunala\n|-supereffective|p1a: Lunala\n|-damage|p1a: Lunala|30/100\n|move|p2a: Incineroar|Flare Blitz|p1b: Whimsicott\n|-supereffective|p1b: Whimsicott\n|-damage|p1b: Whimsicott|0 fnt\n|faint|p1b: Whimsicott\n|-damage|p2a: Incineroar|69/100|[from] Recoil\n|move|p1a: Lunala|Trick Room|p1a: Lunala\n|-fieldstart|move: Trick Room|[of] p1a: Lunala\n|\n|-fieldend|move: Electric Terrain\n|upkeep\n|\n|t:|1770853283\n|switch|p1b: Urshifu|Urshifu-Rapid-Strike, L50, F|91/100\n|turn|7\n|\n|t:|1770853291\n|move|p2a: Incineroar|Flare Blitz|p1a: Lunala\n|-damage|p1a: Lunala|6/100\n|-damage|p2a: Incineroar|60/100|[from] Recoil\n|move|p1a: Lunala|Moongeist Beam|p2b: Zamazenta\n|-damage|p2b: Zamazenta|0 fnt\n|faint|p2b: Zamazenta\n|move|p1b: Urshifu|Surging Strikes|p2a: Incineroar\n|-supereffective|p2a: Incineroar\n|-crit|p2a: Incineroar\n|-damage|p2a: Incineroar|6/100\n|-supereffective|p2a: Incineroar\n|-crit|p2a: Incineroar\n|-damage|p2a: Incineroar|0 fnt\n|faint|p2a: Incineroar\n|-hitcount|p2: Incineroar|2\n|\n|win|noobtoilet2000\n|raw|noobtoilet2000's rating: 1440 &rarr; <strong>1453</strong><br />(+13 for winning)\n|raw|pzyxhic's rating: 1309 &rarr; <strong>1296</strong><br />(-13 for losing)\n|l|\u2606pzyxhic\n|player|p2|\n|l|\u2606noobtoilet2000\n|player|p1|\n","uploadtime":1770853557,"views":10,"formatid":"gen9vgc2026regi","rating":1296,"private":0,"password":null}