{"id":"gen9vgc2026regi-2579612785","format":"[Gen 9] VGC 2026 Reg I","players":["TheManOfSausage","happidoodledoo"],"log":"|j|\u2606TheManOfSausage\n|j|\u2606happidoodledoo\n|t:|1775805790\n|gametype|doubles\n|player|p1|TheManOfSausage|miku-water|1670\n|player|p2|happidoodledoo|ghetsis|1544\n|gen|9\n|tier|[Gen 9] VGC 2026 Reg I\n|rated|\n|rule|Species Clause: Limit one of each Pok\u00e9mon\n|rule|Item Clause: Limit 1 of each item\n|clearpoke\n|poke|p1|Calyrex-Ice, L50|\n|poke|p1|Miraidon, L50|\n|poke|p1|Farigiraf, L50, F|\n|poke|p1|Urshifu-*, L50, M|\n|poke|p1|Volcarona, L50, M|\n|poke|p1|Iron Hands, L50|\n|poke|p2|Calyrex-Shadow, L50|\n|poke|p2|Weezing-Galar, L50, M|\n|poke|p2|Dondozo, L50, M|\n|poke|p2|Tatsugiri-Droopy, L50, F|\n|poke|p2|Brute Bonnet, L50|\n|poke|p2|Koraidon, L50|\n|teampreview|4\nTheManOfSausage has agreed to open team sheets.\n|\n|t:|1775805820\n|teamsize|p1|4\n|teamsize|p2|4\n|start\n|switch|p1a: Magical Mirai|Miraidon, L50|100/100\n|switch|p1b: Farigiraf|Farigiraf, L50, F|100/100\n|switch|p2a: Weezing|Weezing-Galar, L50, M, shiny|100/100\n|switch|p2b: Calyrex|Calyrex-Shadow, L50|100/100\n|-ability|p2a: Weezing|Neutralizing Gas\n|-ability|p2b: Calyrex|As One\n|-ability|p2b: Calyrex|Unnerve\n|turn|1\n|\n|t:|1775805837\n|move|p1a: Magical Mirai|Volt Switch|p2b: Calyrex\n|-damage|p2b: Calyrex|54/100\n|\n|t:|1775805840\n|switch|p1a: Brian|Iron Hands, L50, shiny|100/100|[from] Volt Switch\n|move|p2b: Calyrex|Astral Barrage|p1b: Farigiraf|[spread] p1a\n|-immune|p1b: Farigiraf\n|-damage|p1a: Brian|56/100\n|-damage|p2b: Calyrex|44/100|[from] item: Life Orb\n|move|p2a: Weezing|Toxic Spikes|p1a: Brian\n|-sidestart|p1: TheManOfSausage|move: Toxic Spikes\n|move|p1b: Farigiraf|Trick Room|p1b: Farigiraf\n|-fieldstart|move: Trick Room|[of] p1b: Farigiraf\n|\n|upkeep\n|turn|2\n|j| BobBobsen1\n|\n|t:|1775805855\n|move|p2b: Calyrex|Protect|p2b: Calyrex\n|-singleturn|p2b: Calyrex|Protect\n|move|p1a: Brian|Fake Out|p2a: Weezing\n|-damage|p2a: Weezing|87/100\n|move|p1b: Farigiraf|Foul Play|p2b: Calyrex\n|-activate|p2b: Calyrex|move: Protect\n|cant|p2a: Weezing|flinch\n|\n|upkeep\n|turn|3\n|\n|t:|1775805865\n|switch|p2b: Tatsugiri|Tatsugiri-Droopy, L50, F|100/100\n|move|p1a: Brian|Wild Charge|p2b: Tatsugiri\n|-damage|p2b: Tatsugiri|4/100\n|-damage|p1a: Brian|42/100|[from] Recoil\n|move|p1b: Farigiraf|Psychic|p2a: Weezing\n|-supereffective|p2a: Weezing\n|-damage|p2a: Weezing|20/100\n|-unboost|p2a: Weezing|spd|1\n|move|p2a: Weezing|Poison Gas|p1a: Brian|[spread] p1a,p1b\n|-status|p1a: Brian|psn\n|-status|p1b: Farigiraf|psn\n|\n|-damage|p1a: Brian|30/100 psn|[from] psn\n|-damage|p1b: Farigiraf|88/100 psn|[from] psn\n|upkeep\n|turn|4\n|\n|t:|1775805888\n|move|p2a: Weezing|Protect|p2a: Weezing\n|-singleturn|p2a: Weezing|Protect\n|move|p2b: Tatsugiri|Protect|p2b: Tatsugiri\n|-singleturn|p2b: Tatsugiri|Protect\n|move|p1a: Brian|Wild Charge|p2a: Weezing\n|-activate|p2a: Weezing|move: Protect\n|move|p1b: Farigiraf|Foul Play|p2b: Tatsugiri\n|-activate|p2b: Tatsugiri|move: Protect\n|\n|-damage|p1a: Brian|18/100 psn|[from] psn\n|-damage|p1b: Farigiraf|76/100 psn|[from] psn\n|upkeep\n|turn|5\n|\n|t:|1775805903\n|-end|p2a: Weezing|ability: Neutralizing Gas\n|switch|p2a: Dondozo|Dondozo, L50, M|100/100\n|-activate|p2b: Tatsugiri|ability: Commander|[of] p2a: Dondozo\n|-boost|p2a: Dondozo|atk|2\n|-boost|p2a: Dondozo|spa|2\n|-boost|p2a: Dondozo|spe|2\n|-boost|p2a: Dondozo|def|2\n|-boost|p2a: Dondozo|spd|2\n|move|p1a: Brian|Wild Charge|p2a: Dondozo\n|-supereffective|p2a: Dondozo\n|-damage|p2a: Dondozo|65/100\n|-damage|p1a: Brian|10/100 psn|[from] Recoil\n|move|p1b: Farigiraf|Foul Play|p2a: Dondozo\n|-damage|p2a: Dondozo|56/100\n|\n|-heal|p2a: Dondozo|62/100|[from] item: Leftovers\n|-damage|p1a: Brian|0 fnt|[from] psn\n|faint|p1a: Brian\n|-end|p1a: Brian|Quark Drive|[silent]\n|-damage|p1b: Farigiraf|64/100 psn|[from] psn\n|-fieldend|move: Trick Room\n|upkeep\n|\n|t:|1775805922\n|switch|p1a: Magical Mirai|Miraidon, L50|100/100\n|-status|p1a: Magical Mirai|psn\n|-fieldstart|move: Electric Terrain|[from] ability: Hadron Engine|[of] p1a: Magical Mirai\n|-enditem|p1b: Farigiraf|Electric Seed\n|-boost|p1b: Farigiraf|def|1|[from] item: Electric Seed\n|turn|6\n|\n|t:|1775805929\n|move|p2a: Dondozo|Protect|p2a: Dondozo\n|-singleturn|p2a: Dondozo|Protect\n|move|p1a: Magical Mirai|Volt Switch|p2a: Dondozo\n|-activate|p2a: Dondozo|move: Protect\n|move|p1b: Farigiraf|Trick Room|p1b: Farigiraf\n|-fieldstart|move: Trick Room|[of] p1b: Farigiraf\n|\n|-heal|p2a: Dondozo|69/100|[from] item: Leftovers\n|-damage|p1b: Farigiraf|52/100 psn|[from] psn\n|-damage|p1a: Magical Mirai|88/100 psn|[from] psn\n|upkeep\n|turn|7\n|\n|t:|1775805942\n|-terastallize|p2a: Dondozo|Grass\n|-terastallize|p1a: Magical Mirai|Electric\n|move|p1b: Farigiraf|Helping Hand|p1a: Magical Mirai\n|-singleturn|p1a: Magical Mirai|Helping Hand|[of] p1b: Farigiraf\n|move|p2a: Dondozo|Order Up|p1a: Magical Mirai\n|-damage|p1a: Magical Mirai|51/100 psn\n|-boost|p2a: Dondozo|def|1\n|move|p1a: Magical Mirai|Volt Switch|p2a: Dondozo\n|-resisted|p2a: Dondozo\n|-damage|p2a: Dondozo|42/100\n|\n|t:|1775805945\n|switch|p1a: Ogurin|Calyrex-Ice, L50|100/100|[from] Volt Switch\n|-ability|p1a: Ogurin|As One\n|-ability|p1a: Ogurin|Unnerve\n|-status|p1a: Ogurin|psn\n|\n|-heal|p2a: Dondozo|48/100|[from] item: Leftovers\n|-damage|p1a: Ogurin|88/100 psn|[from] psn\n|-damage|p1b: Farigiraf|40/100 psn|[from] psn\n|upkeep\n|turn|8\n|\n|t:|1775805962\n|move|p2a: Dondozo|Protect|p2a: Dondozo\n|-singleturn|p2a: Dondozo|Protect\n|move|p1a: Ogurin|Glacial Lance|p2b: Tatsugiri|[spread] \n|-miss|p1a: Ogurin|p2b: Tatsugiri\n|-activate|p2a: Dondozo|move: Protect\n|move|p1b: Farigiraf|Foul Play|p2a: Dondozo\n|-activate|p2a: Dondozo|move: Protect\n|\n|-heal|p2a: Dondozo|54/100|[from] item: Leftovers\n|-damage|p1a: Ogurin|76/100 psn|[from] psn\n|-damage|p1b: Farigiraf|28/100 psn|[from] psn\n|upkeep\n|turn|9\n|\n|t:|1775805972\n|move|p1b: Farigiraf|Helping Hand|p1a: Ogurin\n|-singleturn|p1a: Ogurin|Helping Hand|[of] p1b: Farigiraf\n|move|p1a: Ogurin|Glacial Lance|p2a: Dondozo|[spread] p2a\n|-miss|p1a: Ogurin|p2b: Tatsugiri\n|-supereffective|p2a: Dondozo\n|-damage|p2a: Dondozo|0 fnt\n|faint|p2a: Dondozo\n|-ability|p1a: Ogurin|Chilling Neigh|boost\n|-boost|p1a: Ogurin|atk|1\n|\n|-damage|p1a: Ogurin|64/100 psn|[from] psn\n|-damage|p1b: Farigiraf|16/100 psn|[from] psn\n|upkeep\n|\n|t:|1775806017\n|switch|p2a: Weezing|Weezing-Galar, L50, M, shiny|20/100\n|-ability|p2a: Weezing|Neutralizing Gas\n|turn|10\n|j| elychee267\n|l| elychee267\n|\n|t:|1775806072\n|switch|p1b: Magical Mirai|Miraidon, L50, tera:Electric|51/100 psn\n|move|p2a: Weezing|Protect|p2a: Weezing\n|-singleturn|p2a: Weezing|Protect\n|move|p1a: Ogurin|Glacial Lance|p2b: Tatsugiri|[spread] p2b\n|-activate|p2a: Weezing|move: Protect\n|-damage|p2b: Tatsugiri|0 fnt\n|faint|p2b: Tatsugiri\n|-ability|p1a: Ogurin|Chilling Neigh|boost\n|-boost|p1a: Ogurin|atk|1\n|\n|-damage|p1a: Ogurin|52/100 psn|[from] psn\n|-damage|p1b: Magical Mirai|39/100 psn|[from] psn\n|-fieldend|move: Trick Room\n|-fieldend|move: Electric Terrain\n|upkeep\n|\n|t:|1775806080\n|switch|p2b: Calyrex|Calyrex-Shadow, L50|44/100\n|-ability|p2b: Calyrex|As One\n|-ability|p2b: Calyrex|Unnerve\n|turn|11\n|\n|t:|1775806109\n|move|p1b: Magical Mirai|Electro Drift|p2b: Calyrex\n|-damage|p2b: Calyrex|0 fnt\n|faint|p2b: Calyrex\n|move|p2a: Weezing|Dazzling Gleam|p1b: Magical Mirai|[spread] p1a,p1b\n|-damage|p1a: Ogurin|41/100 psn\n|-damage|p1b: Magical Mirai|22/100 psn\n|move|p1a: Ogurin|Glacial Lance|p2a: Weezing\n|-damage|p2a: Weezing|0 fnt\n|faint|p2a: Weezing\n|-end|p2a: Weezing|ability: Neutralizing Gas\n|-fieldstart|move: Electric Terrain|[from] ability: Hadron Engine|[of] p1b: Magical Mirai\n|\n|win|TheManOfSausage\n|raw|TheManOfSausage's rating: 1670 &rarr; <strong>1683</strong><br />(+13 for winning)\n|raw|happidoodledoo's rating: 1544 &rarr; <strong>1531</strong><br />(-13 for losing)\n|l|\u2606happidoodledoo\n|player|p2|\n|c|\u2606TheManOfSausage|gg\n|l|\u2606TheManOfSausage\n|player|p1|\n","uploadtime":1775806366,"views":23,"formatid":"gen9vgc2026regi","rating":1531,"private":0,"password":null}