{"id":"gen9vgc2026regi-2546834308","format":"[Gen 9] VGC 2026 Reg I","players":["fogdocker","KlNGSALMON"],"log":"|j|\u2606fogdocker\n|j|\u2606KlNGSALMON\n|t:|1772018906\n|gametype|doubles\n|player|p1|fogdocker|2|1424\n|player|p2|KlNGSALMON|red|1439\n|gen|9\n|tier|[Gen 9] VGC 2026 Reg I\n|rated|\n|rule|Species Clause: Limit one of each Pok\u00e9mon\n|rule|Item Clause: Limit 1 of each item\n|clearpoke\n|poke|p1|Calyrex-Ice, L50|\n|poke|p1|Koraidon, L50|\n|poke|p1|Flutter Mane, L50|\n|poke|p1|Incineroar, L50, M|\n|poke|p1|Rillaboom, L50, M|\n|poke|p1|Volcarona, L50, F|\n|poke|p2|Calyrex-Shadow, L50|\n|poke|p2|Zamazenta-*, L50|\n|poke|p2|Chien-Pao, L50|\n|poke|p2|Dragonite, L50, M|\n|poke|p2|Amoonguss, L50, M|\n|poke|p2|Ogerpon-Cornerstone, L50, F|\n|teampreview|4\n|inactive|Battle timer is ON: inactive players will automatically lose when time's up. (requested by fogdocker)\n|inactive|KlNGSALMON has 60 seconds left.\n|\n|t:|1772018985\n|teamsize|p1|4\n|teamsize|p2|4\n|start\n|switch|p1a: Koraidon|Koraidon, L50|100/100\n|switch|p1b: Flutter Mane|Flutter Mane, L50|100/100\n|switch|p2a: Calyrex|Calyrex-Shadow, L50|100/100\n|switch|p2b: Amoonguss|Amoonguss, L50, M|100/100\n|-ability|p2a: Calyrex|As One\n|-ability|p2a: Calyrex|Unnerve\n|-weather|SunnyDay|[from] ability: Orichalcum Pulse|[of] p1a: Koraidon\n|-activate|p1b: Flutter Mane|ability: Protosynthesis\n|-start|p1b: Flutter Mane|protosynthesisspe\n|-activate|p1a: Koraidon|Orichalcum Pulse|[source]\n|turn|1\n|inactive|KlNGSALMON has 30 seconds left.\n|inactive|KlNGSALMON has 20 seconds left.\n|inactive|KlNGSALMON has 15 seconds left.\n|\n|t:|1772019027\n|-terastallize|p1b: Flutter Mane|Normal\n|-terastallize|p2b: Amoonguss|Fire\n|move|p1a: Koraidon|Protect|p1a: Koraidon\n|-singleturn|p1a: Koraidon|Protect\n|move|p1b: Flutter Mane|Icy Wind|p2a: Calyrex|[spread] p2a,p2b\n|-resisted|p2b: Amoonguss\n|-damage|p2a: Calyrex|85/100\n|-damage|p2b: Amoonguss|95/100\n|-unboost|p2a: Calyrex|spe|1\n|-unboost|p2b: Amoonguss|spe|1\n|move|p2a: Calyrex|Astral Barrage|p1b: Flutter Mane|[spread] \n|-activate|p1a: Koraidon|move: Protect\n|-immune|p1b: Flutter Mane\n|move|p2b: Amoonguss|Sludge Bomb|p1b: Flutter Mane\n|-damage|p1b: Flutter Mane|70/100\n|\n|-weather|SunnyDay|[upkeep]\n|upkeep\n|turn|2\n|inactive|KlNGSALMON has 30 seconds left.\n|\n|t:|1772019058\n|move|p2b: Amoonguss|Rage Powder|p2b: Amoonguss\n|-singleturn|p2b: Amoonguss|move: Rage Powder\n|move|p1b: Flutter Mane|Shadow Ball|p2b: Amoonguss\n|-damage|p2b: Amoonguss|60/100\n|-unboost|p2b: Amoonguss|spd|1\n|move|p1a: Koraidon|Close Combat|p2b: Amoonguss\n|-damage|p2b: Amoonguss|0 fnt\n|-unboost|p1a: Koraidon|def|1\n|-unboost|p1a: Koraidon|spd|1\n|-damage|p1a: Koraidon|84/100|[from] item: Rocky Helmet|[of] p2b: Amoonguss\n|faint|p2b: Amoonguss\n|-damage|p1a: Koraidon|74/100|[from] item: Life Orb\n|move|p2a: Calyrex|Encore|p1a: Koraidon\n|-start|p1a: Koraidon|Encore\n|\n|-weather|SunnyDay|[upkeep]\n|upkeep\n|\n|t:|1772019079\n|switch|p2b: Chien-Pao|Chien-Pao, L50|100/100\n|-ability|p2b: Chien-Pao|Sword of Ruin\n|turn|3\n|\n|t:|1772019099\n|switch|p1a: Volcarona|Volcarona, L50, F|100/100\n|move|p1b: Flutter Mane|Protect|p1b: Flutter Mane\n|-singleturn|p1b: Flutter Mane|Protect\n|move|p2b: Chien-Pao|Sucker Punch||[still]\n|-fail|p2b: Chien-Pao\n|move|p2a: Calyrex|Astral Barrage|p1b: Flutter Mane|[spread] p1a\n|-activate|p1b: Flutter Mane|move: Protect\n|-damage|p1a: Volcarona|50/100\n|\n|-weather|SunnyDay|[upkeep]\n|upkeep\n|turn|4\n|inactive|KlNGSALMON has 30 seconds left.\n|\n|t:|1772019132\n|switch|p2a: Zamazenta|Zamazenta-Crowned, L50|100/100\n|-ability|p2a: Zamazenta|Dauntless Shield|boost\n|-boost|p2a: Zamazenta|def|1\n|move|p1a: Volcarona|Rage Powder|p1a: Volcarona\n|-singleturn|p1a: Volcarona|move: Rage Powder\n|move|p2b: Chien-Pao|Sucker Punch||[still]\n|-fail|p2b: Chien-Pao\n|move|p1b: Flutter Mane|Moonblast|p2b: Chien-Pao\n|-supereffective|p2b: Chien-Pao\n|-damage|p2b: Chien-Pao|22/100\n|\n|-weather|SunnyDay|[upkeep]\n|upkeep\n|turn|5\n|inactive|KlNGSALMON has 30 seconds left.\n|\n|t:|1772019163\n|-end|p1b: Flutter Mane|Protosynthesis|[silent]\n|switch|p1b: Calyrex|Calyrex-Ice, L50|100/100\n|-ability|p1b: Calyrex|As One\n|-ability|p1b: Calyrex|Unnerve\n|switch|p2b: Calyrex|Calyrex-Shadow, L50|85/100\n|-ability|p2b: Calyrex|As One\n|-ability|p2b: Calyrex|Unnerve\n|move|p2a: Zamazenta|Protect|p2a: Zamazenta\n|-singleturn|p2a: Zamazenta|Protect\n|move|p1a: Volcarona|Overheat|p2a: Zamazenta\n|-activate|p2a: Zamazenta|move: Protect\n|\n|-weather|none\n|upkeep\n|turn|6\n|inactive|fogdocker has 30 seconds left.\n|inactive|fogdocker has 20 seconds left.\n|inactive|fogdocker has 15 seconds left.\n|\n|t:|1772019205\n|move|p1a: Volcarona|Protect|p1a: Volcarona\n|-singleturn|p1a: Volcarona|Protect\n|move|p2b: Calyrex|Astral Barrage|p1b: Calyrex|[spread] p1b\n|-activate|p1a: Volcarona|move: Protect\n|-supereffective|p1b: Calyrex\n|-damage|p1b: Calyrex|28/100\n|move|p2a: Zamazenta|Body Press|p1a: Volcarona\n|-activate|p1a: Volcarona|move: Protect\n|move|p1b: Calyrex|Glacial Lance|p2b: Calyrex|[spread] p2a,p2b\n|-resisted|p2a: Zamazenta\n|-damage|p2a: Zamazenta|91/100\n|-damage|p2b: Calyrex|25/100\n|\n|-heal|p1b: Calyrex|34/100|[from] item: Leftovers\n|upkeep\n|turn|7\n|inactive|fogdocker has 30 seconds left.\n|inactive|KlNGSALMON has 30 seconds left.\n|inactive|fogdocker has 20 seconds left.\n|inactive|KlNGSALMON has 20 seconds left.\n|inactive|fogdocker has 15 seconds left.\n|\n|t:|1772019246\n|switch|p2a: Chien-Pao|Chien-Pao, L50|22/100\n|-ability|p2a: Chien-Pao|Sword of Ruin\n|move|p2b: Calyrex|Astral Barrage|p1b: Calyrex|[spread] p1a,p1b\n|-supereffective|p1b: Calyrex\n|-damage|p1a: Volcarona|4/100\n|-damage|p1b: Calyrex|0 fnt\n|faint|p1b: Calyrex\n|-ability|p2b: Calyrex|Grim Neigh|boost\n|-boost|p2b: Calyrex|spa|1\n|move|p1a: Volcarona|Overheat|p2a: Chien-Pao\n|-supereffective|p2a: Chien-Pao\n|-damage|p2a: Chien-Pao|0 fnt\n|-unboost|p1a: Volcarona|spa|2\n|faint|p2a: Chien-Pao\n|\n|upkeep\n|\n|t:|1772019259\n|switch|p2a: Zamazenta|Zamazenta-Crowned, L50|91/100\n|switch|p1b: Flutter Mane|Flutter Mane, L50, tera:Normal|70/100\n|turn|8\n|\n|t:|1772019283\n|move|p1a: Volcarona|Rage Powder|p1a: Volcarona\n|-singleturn|p1a: Volcarona|move: Rage Powder\n|move|p2b: Calyrex|Astral Barrage|p1a: Volcarona|[spread] p1a\n|-immune|p1b: Flutter Mane\n|-damage|p1a: Volcarona|0 fnt\n|faint|p1a: Volcarona\n|-ability|p2b: Calyrex|Grim Neigh|boost\n|-boost|p2b: Calyrex|spa|1\n|move|p1b: Flutter Mane|Moonblast|p2b: Calyrex\n|-damage|p2b: Calyrex|0 fnt\n|faint|p2b: Calyrex\n|move|p2a: Zamazenta|Body Press|p1b: Flutter Mane\n|-supereffective|p1b: Flutter Mane\n|-damage|p1b: Flutter Mane|0 fnt\n|faint|p1b: Flutter Mane\n|-end|p1b: Flutter Mane|Protosynthesis|[silent]\n|\n|upkeep\n|\n|t:|1772019293\n|switch|p1b: Koraidon|Koraidon, L50|74/100\n|-weather|SunnyDay|[from] ability: Orichalcum Pulse|[of] p1b: Koraidon\n|-activate|p1b: Koraidon|Orichalcum Pulse|[source]\n|turn|9\n|\n|t:|1772019298\n|move|p1b: Koraidon|Flare Blitz|p2a: Zamazenta\n|-supereffective|p2a: Zamazenta\n|-damage|p2a: Zamazenta|0 fnt\n|faint|p2a: Zamazenta\n|-damage|p1b: Koraidon|41/100|[from] Recoil\n|-damage|p1b: Koraidon|31/100|[from] item: Life Orb\n|\n|win|fogdocker\n|raw|fogdocker's rating: 1424 &rarr; <strong>1445</strong><br />(+21 for winning)\n|raw|KlNGSALMON's rating: 1439 &rarr; <strong>1418</strong><br />(-21 for losing)\n|l|\u2606KlNGSALMON\n|player|p2|\n|l|\u2606fogdocker\n|player|p1|\n","uploadtime":1772019500,"views":14,"formatid":"gen9vgc2026regi","rating":1418,"private":0,"password":null}