{"id":"gen9vgc2026regi-2531211198","format":"[Gen 9] VGC 2026 Reg I","players":["champvdp29","blackred123"],"log":"|j|\u2606champvdp29\n|j|\u2606blackred123\n|t:|1770032311\n|gametype|doubles\n|player|p1|champvdp29|red|1322\n|player|p2|blackred123|iono-masters|1406\n|gen|9\n|tier|[Gen 9] VGC 2026 Reg I\n|rated|\n|rule|Species Clause: Limit one of each Pok\u00e9mon\n|rule|Item Clause: Limit 1 of each item\n|clearpoke\n|poke|p1|Miraidon, L50|\n|poke|p1|Groudon, L50|\n|poke|p1|Tornadus, L50, M|\n|poke|p1|Chi-Yu, L50|\n|poke|p1|Smeargle, L50, F|\n|poke|p1|Ogerpon-Hearthflame, L50, F|\n|poke|p2|Calyrex-Shadow, L50|\n|poke|p2|Zamazenta-*, L50|\n|poke|p2|Chien-Pao, L50|\n|poke|p2|Dragonite, L50, F|\n|poke|p2|Amoonguss, L50, F|\n|poke|p2|Ogerpon-Cornerstone, L50, F|\n|teampreview|4\n|inactive|Battle timer is ON: inactive players will automatically lose when time's up. (requested by blackred123)\n|inactive|champvdp29 also wants the timer to be on.\n|\n|t:|1770032327\n|teamsize|p1|4\n|teamsize|p2|4\n|start\n|switch|p1a: Miraidon|Miraidon, L50|100/100\n|switch|p1b: Tornadus|Tornadus, L50, M|100/100\n|switch|p2a: Zamazenta|Zamazenta-Crowned, L50|100/100\n|switch|p2b: Chien-Pao|Chien-Pao, L50|100/100\n|-ability|p2b: Chien-Pao|Sword of Ruin\n|-fieldstart|move: Electric Terrain|[from] ability: Hadron Engine|[of] p1a: Miraidon\n|-ability|p2a: Zamazenta|Dauntless Shield|boost\n|-boost|p2a: Zamazenta|def|1\n|turn|1\n|\n|t:|1770032346\n|-terastallize|p2a: Zamazenta|Dragon\n|move|p1b: Tornadus|Tailwind|p1b: Tornadus\n|-sidestart|p1: champvdp29|move: Tailwind\n|move|p1a: Miraidon|Electro Drift|p2a: Zamazenta\n|-resisted|p2a: Zamazenta\n|-damage|p2a: Zamazenta|48/100\n|move|p2b: Chien-Pao|Ice Spinner|p1b: Tornadus\n|-supereffective|p1b: Tornadus\n|-damage|p1b: Tornadus|0 fnt\n|-fieldend|move: Electric Terrain\n|faint|p1b: Tornadus\n|move|p2a: Zamazenta|Body Press|p1a: Miraidon\n|-damage|p1a: Miraidon|13/100\n|\n|upkeep\n|\n|t:|1770032363\n|switch|p1b: Chi-Yu|Chi-Yu, L50|100/100\n|-ability|p1b: Chi-Yu|Beads of Ruin\n|turn|2\n|\n|t:|1770032374\n|move|p2b: Chien-Pao|Sucker Punch|p1a: Miraidon\n|-crit|p1a: Miraidon\n|-damage|p1a: Miraidon|0 fnt\n|faint|p1a: Miraidon\n|move|p1b: Chi-Yu|Heat Wave|p2b: Chien-Pao|[spread] p2a,p2b\n|-resisted|p2a: Zamazenta\n|-supereffective|p2b: Chien-Pao\n|-damage|p2a: Zamazenta|30/100\n|-damage|p2b: Chien-Pao|11/100\n|move|p2a: Zamazenta|Body Press|p1b: Chi-Yu\n|-supereffective|p1b: Chi-Yu\n|-damage|p1b: Chi-Yu|0 fnt\n|faint|p1b: Chi-Yu\n|\n|upkeep\n|\n|t:|1770032381\n|switch|p1b: Groudon|Groudon, L50|100/100\n|-weather|SunnyDay|[from] ability: Drought|[of] p1b: Groudon\n|turn|3\n|\n|t:|1770032390\n|-terastallize|p1b: Groudon|Fire\n|move|p2a: Zamazenta|Protect|p2a: Zamazenta\n|-singleturn|p2a: Zamazenta|Protect\n|move|p1b: Groudon|Precipice Blades|p2a: Zamazenta|[spread] \n|-activate|p2a: Zamazenta|move: Protect\n|-miss|p1b: Groudon|p2b: Chien-Pao\n|move|p2b: Chien-Pao|Icy Wind|p1b: Groudon\n|-resisted|p1b: Groudon\n|-damage|p1b: Groudon|94/100\n|-unboost|p1b: Groudon|spe|1\n|\n|-weather|SunnyDay|[upkeep]\n|upkeep\n|turn|4\n|\n|t:|1770032406\n|move|p2b: Chien-Pao|Sucker Punch|p1b: Groudon\n|-damage|p1b: Groudon|68/100\n|move|p1b: Groudon|Precipice Blades|p2b: Chien-Pao|[spread] p2a,p2b\n|-damage|p2a: Zamazenta|0 fnt\n|-damage|p2b: Chien-Pao|0 fnt\n|faint|p2a: Zamazenta\n|faint|p2b: Chien-Pao\n|\n|-weather|SunnyDay|[upkeep]\n|-sideend|p1: champvdp29|move: Tailwind\n|upkeep\n|\n|t:|1770032412\n|switch|p2b: Dragonite|Dragonite, L50, F|100/100\n|switch|p2a: Calyrex|Calyrex-Shadow, L50|100/100\n|-ability|p2a: Calyrex|As One\n|-ability|p2a: Calyrex|Unnerve\n|turn|5\n|\n|t:|1770032418\n|move|p2a: Calyrex|Astral Barrage|p1b: Groudon\n|-damage|p1b: Groudon|0 fnt\n|faint|p1b: Groudon\n|\n|win|blackred123\n|raw|champvdp29's rating: 1322 &rarr; <strong>1307</strong><br />(-15 for losing)\n|raw|blackred123's rating: 1406 &rarr; <strong>1421</strong><br />(+15 for winning)\n|l|\u2606champvdp29\n|player|p1|\n","uploadtime":1770032583,"views":14,"formatid":"gen9vgc2026regi","rating":1307,"private":0,"password":null}