{"id":"gen9vgc2026regi-2528179326","format":"[Gen 9] VGC 2026 Reg I","players":["j0l0k0","bobthemango141"],"log":"|j|\u2606j0l0k0\n|j|\u2606bobthemango141\n|t:|1769627532\n|gametype|doubles\n|player|p1|j0l0k0|brycen|1507\n|player|p2|bobthemango141|2|1459\n|gen|9\n|tier|[Gen 9] VGC 2026 Reg I\n|rated|\n|rule|Species Clause: Limit one of each Pok\u00e9mon\n|rule|Item Clause: Limit 1 of each item\n|clearpoke\n|poke|p1|Calyrex-Ice, L50|\n|poke|p1|Kyogre, L50|\n|poke|p1|Indeedee-F, L50, F|\n|poke|p1|Urshifu-*, L50, F|\n|poke|p1|Amoonguss, L50, F|\n|poke|p1|Landorus, L50, M|\n|poke|p2|Miraidon, L50|\n|poke|p2|Lunala, L50|\n|poke|p2|Sylveon, L50, M|\n|poke|p2|Incineroar, L50, F|\n|poke|p2|Whimsicott, L50, F|\n|poke|p2|Urshifu-*, L50, M|\n|teampreview|4\n|inactive|Battle timer is ON: inactive players will automatically lose when time's up. (requested by j0l0k0)\n|j| yippeee_hooray\n|inactive|j0l0k0 has 60 seconds left.\n|\n|t:|1769627572\n|teamsize|p1|4\n|teamsize|p2|4\n|start\n|switch|p1a: Indeedee|Indeedee-F, L50, F, shiny|100/100\n|switch|p1b: Calyrex|Calyrex-Ice, L50|100/100\n|switch|p2a: Urshifu|Urshifu-Rapid-Strike, L50, M|100/100\n|switch|p2b: Incineroar|Incineroar, L50, F|100/100\n|-ability|p1b: Calyrex|As One\n|-ability|p1b: Calyrex|Unnerve\n|-fieldstart|move: Psychic Terrain|[from] ability: Psychic Surge|[of] p1a: Indeedee\n|-ability|p2b: Incineroar|Intimidate|boost\n|-unboost|p1a: Indeedee|atk|1\n|-fail|p1b: Calyrex|unboost|[from] item: Clear Amulet|[of] p1b: Calyrex\n|turn|1\n|inactive|j0l0k0 has 30 seconds left.\n|\n|t:|1769627601\n|switch|p2a: Miraidon|Miraidon, L50, shiny|100/100\n|-fieldstart|move: Electric Terrain|[from] ability: Hadron Engine|[of] p2a: Miraidon\n|move|p2b: Incineroar|Fake Out|p1b: Calyrex\n|-damage|p1b: Calyrex|94/100\n|move|p1a: Indeedee|Follow Me|p1a: Indeedee\n|-singleturn|p1a: Indeedee|move: Follow Me\n|cant|p1b: Calyrex|flinch\n|\n|upkeep\n|turn|2\n|\n|t:|1769627615\n|switch|p2b: Lunala|Lunala, L50|100/100\n|-enditem|p2b: Lunala|Electric Seed\n|-boost|p2b: Lunala|def|1|[from] item: Electric Seed\n|move|p1a: Indeedee|Follow Me|p1a: Indeedee\n|-singleturn|p1a: Indeedee|move: Follow Me\n|move|p2a: Miraidon|Volt Switch|p1a: Indeedee\n|-damage|p1a: Indeedee|9/100\n|\n|t:|1769627617\n|switch|p2a: Incineroar|Incineroar, L50, F|100/100|[from] Volt Switch\n|-ability|p2a: Incineroar|Intimidate|boost\n|-unboost|p1a: Indeedee|atk|1\n|-fail|p1b: Calyrex|unboost|[from] item: Clear Amulet|[of] p1b: Calyrex\n|move|p1b: Calyrex|Trick Room|p1b: Calyrex\n|-fieldstart|move: Trick Room|[of] p1b: Calyrex\n|\n|upkeep\n|turn|3\n|\n|t:|1769627640\n|-terastallize|p1b: Calyrex|Normal\n|move|p1a: Indeedee|Helping Hand|p1b: Calyrex\n|-singleturn|p1b: Calyrex|Helping Hand|[of] p1a: Indeedee\n|move|p1b: Calyrex|Close Combat|p2a: Incineroar\n|-supereffective|p2a: Incineroar\n|-damage|p2a: Incineroar|0 fnt\n|-unboost|p1b: Calyrex|def|1\n|-unboost|p1b: Calyrex|spd|1\n|faint|p2a: Incineroar\n|-ability|p1b: Calyrex|Chilling Neigh|boost\n|-boost|p1b: Calyrex|atk|1\n|move|p2b: Lunala|Trick Room|p2b: Lunala\n|-fieldend|move: Trick Room\n|\n|upkeep\n|\n|t:|1769627650\n|switch|p2a: Miraidon|Miraidon, L50, shiny|100/100\n|-activate|p2a: Miraidon|ability: Hadron Engine\n|turn|4\n|inactive|bobthemango141 has 30 seconds left.\n|inactive|j0l0k0 has 30 seconds left.\n|\n|t:|1769627692\n|move|p1a: Indeedee|Follow Me|p1a: Indeedee\n|-singleturn|p1a: Indeedee|move: Follow Me\n|move|p2a: Miraidon|Dazzling Gleam|p1a: Indeedee|[spread] p1a,p1b\n|-damage|p1a: Indeedee|0 fnt\n|-damage|p1b: Calyrex|46/100\n|faint|p1a: Indeedee\n|move|p1b: Calyrex|Glacial Lance|p2a: Miraidon|[spread] p2a,p2b\n|-supereffective|p2a: Miraidon\n|-damage|p2a: Miraidon|0 fnt\n|-damage|p2b: Lunala|80/100\n|faint|p2a: Miraidon\n|-ability|p1b: Calyrex|Chilling Neigh|boost\n|-boost|p1b: Calyrex|atk|1\n|move|p2b: Lunala|Trick Room|p2b: Lunala\n|-fieldstart|move: Trick Room|[of] p2b: Lunala\n|\n|upkeep\n|\n|t:|1769627705\n|switch|p1a: Kyogre|Kyogre, L50, shiny|100/100\n|switch|p2a: Urshifu|Urshifu-Rapid-Strike, L50, M|100/100\n|-weather|RainDance|[from] ability: Drizzle|[of] p1a: Kyogre\n|turn|5\n|\n|t:|1769627714\n|-terastallize|p2a: Urshifu|Ghost\n|move|p2b: Lunala|Wide Guard|p2b: Lunala\n|-singleturn|p2b: Lunala|Wide Guard\n|move|p1b: Calyrex|Crunch|p2b: Lunala\n|-supereffective|p2b: Lunala\n|-damage|p2b: Lunala|0 fnt\n|faint|p2b: Lunala\n|-ability|p1b: Calyrex|Chilling Neigh|boost\n|-boost|p1b: Calyrex|atk|1\n|move|p1a: Kyogre|Thunder|p2a: Urshifu\n|-damage|p2a: Urshifu|7/100\n|move|p2a: Urshifu|Surging Strikes|p1b: Calyrex\n|-crit|p1b: Calyrex\n|-damage|p1b: Calyrex|1/100\n|-crit|p1b: Calyrex\n|-damage|p1b: Calyrex|0 fnt\n|faint|p1b: Calyrex\n|-hitcount|p1: Calyrex|2\n|\n|-weather|RainDance|[upkeep]\n|-fieldend|move: Electric Terrain\n|upkeep\n|-message|bobthemango141 forfeited.\n|\n|win|j0l0k0\n|raw|j0l0k0's rating: 1507 &rarr; <strong>1524</strong><br />(+17 for winning)\n|raw|bobthemango141's rating: 1459 &rarr; <strong>1442</strong><br />(-17 for losing)\n|l|\u2606bobthemango141\n|player|p2|\n|j|\u2606bobthemango141\n|player|p2|bobthemango141|2|\n|l|\u2606j0l0k0\n|player|p1|\n|l|\u2606bobthemango141\n|player|p2|\n","uploadtime":1769627870,"views":11,"formatid":"gen9vgc2026regi","rating":1442,"private":0,"password":null}