{"id":"gen9vgc2026regi-2551346887","format":"[Gen 9] VGC 2026 Reg I","players":["mrtryhard485","Coreydfgh"],"log":"|j|\u2606mrtryhard485\n|j|\u2606Coreydfgh\n|t:|1772589730\n|gametype|doubles\n|player|p1|mrtryhard485|crasherwake|1318\n|player|p2|Coreydfgh|265|1371\n|gen|9\n|tier|[Gen 9] VGC 2026 Reg I\n|rated|\n|rule|Species Clause: Limit one of each Pok\u00e9mon\n|rule|Item Clause: Limit 1 of each item\n|clearpoke\n|poke|p1|Calyrex-Shadow, L50|\n|poke|p1|Zamazenta-*, L50|\n|poke|p1|Chien-Pao, L50|\n|poke|p1|Dragonite, L50, F|\n|poke|p1|Raging Bolt, L50|\n|poke|p1|Amoonguss, L50, F|\n|poke|p2|Calyrex-Ice, L50|\n|poke|p2|Indeedee-F, L50, F|\n|poke|p2|Torkoal, L50, M|\n|poke|p2|Brute Bonnet, L50|\n|poke|p2|Lunala, L50|\n|poke|p2|Iron Hands, L50|\n|teampreview|4\n|\n|t:|1772589762\n|teamsize|p1|4\n|teamsize|p2|4\n|start\n|switch|p1a: Dragonite|Dragonite, L50, F|100/100\n|switch|p1b: Amoonguss|Amoonguss, L50, F|100/100\n|switch|p2a: Lunala|Lunala, L50|100/100\n|switch|p2b: Iron Hands|Iron Hands, L50|100/100\n|turn|1\n|\n|t:|1772589783\n|-terastallize|p1a: Dragonite|Normal\n|move|p2b: Iron Hands|Fake Out|p1b: Amoonguss\n|-damage|p1b: Amoonguss|89/100\n|-damage|p2b: Iron Hands|84/100|[from] item: Rocky Helmet|[of] p1b: Amoonguss\n|move|p1a: Dragonite|Extreme Speed|p2b: Iron Hands\n|-damage|p2b: Iron Hands|33/100\n|move|p2a: Lunala|Meteor Beam||[still]\n|-prepare|p2a: Lunala|Meteor Beam\n|-boost|p2a: Lunala|spa|1\n|-enditem|p2a: Lunala|Power Herb\n|-anim|p2a: Lunala|Meteor Beam|p1a: Dragonite\n|-damage|p1a: Dragonite|38/100\n|cant|p1b: Amoonguss|flinch\n|\n|upkeep\n|turn|2\n|\n|t:|1772589805\n|-end|p2b: Iron Hands|Quark Drive|[silent]\n|switch|p2b: Calyrex|Calyrex-Ice, L50|100/100\n|-ability|p2b: Calyrex|As One\n|-ability|p2b: Calyrex|Unnerve\n|move|p1a: Dragonite|Extreme Speed|p2b: Calyrex\n|-crit|p2b: Calyrex\n|-damage|p2b: Calyrex|38/100\n|move|p2a: Lunala|Moongeist Beam|p1b: Amoonguss\n|-damage|p1b: Amoonguss|22/100\n|move|p1b: Amoonguss|Spore|p2a: Lunala\n|-status|p2a: Lunala|slp|[from] move: Spore\n|\n|upkeep\n|turn|3\n|\n|t:|1772589831\n|move|p2b: Calyrex|Protect|p2b: Calyrex\n|-singleturn|p2b: Calyrex|Protect\n|move|p1b: Amoonguss|Protect|p1b: Amoonguss\n|-singleturn|p1b: Amoonguss|Protect\n|move|p1a: Dragonite|Extreme Speed|p2b: Calyrex\n|-activate|p2b: Calyrex|move: Protect\n|cant|p2a: Lunala|slp\n|\n|upkeep\n|turn|4\n|\n|t:|1772589843\n|switch|p2b: Iron Hands|Iron Hands, L50|33/100\n|move|p1a: Dragonite|Extreme Speed|p2b: Iron Hands\n|-damage|p2b: Iron Hands|0 fnt\n|faint|p2b: Iron Hands\n|-end|p2b: Iron Hands|Quark Drive|[silent]\n|move|p1b: Amoonguss|Sludge Bomb|p2a: Lunala\n|-resisted|p2a: Lunala\n|-damage|p2a: Lunala|96/100 slp\n|-curestatus|p2a: Lunala|slp|[msg]\n|move|p2a: Lunala|Trick Room|p2a: Lunala\n|-fieldstart|move: Trick Room|[of] p2a: Lunala\n|\n|upkeep\n|\n|t:|1772589850\n|switch|p2b: Torkoal|Torkoal, L50, M|100/100\n|-weather|SunnyDay|[from] ability: Drought|[of] p2b: Torkoal\n|turn|5\n|j| haka14AI3\n|\n|t:|1772589877\n|-terastallize|p2b: Torkoal|Fire\n|move|p1b: Amoonguss|Rage Powder|p1b: Amoonguss\n|-singleturn|p1b: Amoonguss|move: Rage Powder\n|move|p1a: Dragonite|Extreme Speed|p2b: Torkoal\n|-damage|p2b: Torkoal|42/100\n|move|p2b: Torkoal|Weather Ball|p1b: Amoonguss\n|-supereffective|p1b: Amoonguss\n|-damage|p1b: Amoonguss|0 fnt\n|faint|p1b: Amoonguss\n|move|p2a: Lunala|Moongeist Beam|p1a: Dragonite\n|-immune|p1a: Dragonite\n|\n|-weather|SunnyDay|[upkeep]\n|upkeep\n|-message|Coreydfgh forfeited.\n|\n|win|mrtryhard485\n|raw|mrtryhard485's rating: 1318 &rarr; <strong>1341</strong><br />(+23 for winning)\n|raw|Coreydfgh's rating: 1371 &rarr; <strong>1348</strong><br />(-23 for losing)\n|l|\u2606Coreydfgh\n|player|p2|\n|l| haka14AI3\n|l|\u2606mrtryhard485\n|player|p1|\n","uploadtime":1772590122,"views":14,"formatid":"gen9vgc2026regi","rating":1341,"private":0,"password":null}