{"id":"gen9vgc2026regi-2552311541","format":"[Gen 9] VGC 2026 Reg I","players":["WarlogFV","VJ2511"],"log":"|j|\u2606WarlogFV\n|j|\u2606VJ2511\n|t:|1772706404\n|gametype|doubles\n|player|p1|WarlogFV|erika|1647\n|player|p2|VJ2511|red-masters3|1562\n|gen|9\n|tier|[Gen 9] VGC 2026 Reg I\n|rated|\n|rule|Species Clause: Limit one of each Pok\u00e9mon\n|rule|Item Clause: Limit 1 of each item\n|clearpoke\n|poke|p1|Lunala, L50|\n|poke|p1|Zamazenta-*, L50|\n|poke|p1|Comfey, L50, M|\n|poke|p1|Rillaboom, L50, F|\n|poke|p1|Ogerpon-Cornerstone, L50, F|\n|poke|p1|Chi-Yu, L50|\n|poke|p2|Calyrex-Shadow, L50|\n|poke|p2|Zamazenta-*, L50|\n|poke|p2|Chien-Pao, L50|\n|poke|p2|Dragonite, L50, M|\n|poke|p2|Raging Bolt, L50|\n|poke|p2|Amoonguss, L50, F|\n|teampreview|4\n|inactive|Battle timer is ON: inactive players will automatically lose when time's up. (requested by WarlogFV)\n|\n|t:|1772706426\n|teamsize|p1|4\n|teamsize|p2|4\n|start\n|switch|p1a: Chi-Yu|Chi-Yu, L50|100/100\n|switch|p1b: Lunala|Lunala, L50|100/100\n|switch|p2a: Zamazenta|Zamazenta-Crowned, L50|100/100\n|switch|p2b: Chien-Pao|Chien-Pao, L50|100/100\n|-ability|p1a: Chi-Yu|Beads of Ruin\n|-ability|p2b: Chien-Pao|Sword of Ruin\n|-ability|p2a: Zamazenta|Dauntless Shield|boost\n|-boost|p2a: Zamazenta|def|1\n|turn|1\n|\n|t:|1772706439\n|-terastallize|p1a: Chi-Yu|Ghost\n|-terastallize|p2a: Zamazenta|Dragon\n|move|p1b: Lunala|Protect|p1b: Lunala\n|-singleturn|p1b: Lunala|Protect\n|move|p1a: Chi-Yu|Heat Wave|p2a: Zamazenta|[spread] p2a,p2b\n|-resisted|p2a: Zamazenta\n|-supereffective|p2b: Chien-Pao\n|-damage|p2a: Zamazenta|85/100\n|-damage|p2b: Chien-Pao|14/100\n|move|p2b: Chien-Pao|Ruination|p1b: Lunala\n|-activate|p1b: Lunala|move: Protect\n|move|p2a: Zamazenta|Body Press|p1a: Chi-Yu\n|-immune|p1a: Chi-Yu\n|\n|upkeep\n|turn|2\n|\n|t:|1772706454\n|move|p2b: Chien-Pao|Sucker Punch|p1a: Chi-Yu\n|-supereffective|p1a: Chi-Yu\n|-damage|p1a: Chi-Yu|0 fnt\n|faint|p1a: Chi-Yu\n|move|p2a: Zamazenta|Heavy Slam|p1b: Lunala\n|-damage|p1b: Lunala|78/100\n|move|p1b: Lunala|Moonblast|p2a: Zamazenta\n|-supereffective|p2a: Zamazenta\n|-damage|p2a: Zamazenta|36/100\n|-unboost|p2a: Zamazenta|spa|1\n|\n|-heal|p1b: Lunala|84/100|[from] item: Leftovers\n|upkeep\n|\n|t:|1772706463\n|switch|p1a: Comfey|Comfey, L50, M, shiny|100/100\n|turn|3\n|\n|t:|1772706479\n|move|p1a: Comfey|Draining Kiss|p2b: Chien-Pao\n|-supereffective|p2b: Chien-Pao\n|-damage|p2b: Chien-Pao|0 fnt\n|faint|p2b: Chien-Pao\n|move|p2a: Zamazenta|Heavy Slam|p1a: Comfey\n|-supereffective|p1a: Comfey\n|-damage|p1a: Comfey|16/100\n|-enditem|p1a: Comfey|Sitrus Berry|[eat]\n|-heal|p1a: Comfey|40/100|[from] item: Sitrus Berry\n|move|p1b: Lunala|Moonblast|p2a: Zamazenta\n|-supereffective|p2a: Zamazenta\n|-damage|p2a: Zamazenta|0 fnt\n|faint|p2a: Zamazenta\n|\n|-heal|p1b: Lunala|90/100|[from] item: Leftovers\n|upkeep\n|\n|t:|1772706485\n|switch|p2b: Amoonguss|Amoonguss, L50, F|100/100\n|switch|p2a: Calyrex|Calyrex-Shadow, L50|100/100\n|-ability|p2a: Calyrex|As One\n|-ability|p2a: Calyrex|Unnerve\n|turn|4\n|\n|t:|1772706498\n|move|p1a: Comfey|Floral Healing|p1b: Lunala\n|-heal|p1b: Lunala|100/100\n|move|p2b: Amoonguss|Rage Powder|p2b: Amoonguss\n|-singleturn|p2b: Amoonguss|move: Rage Powder\n|move|p2a: Calyrex|Astral Barrage|p1a: Comfey|[spread] p1a,p1b\n|-supereffective|p1b: Lunala\n|-damage|p1a: Comfey|0 fnt\n|-damage|p1b: Lunala|25/100\n|faint|p1a: Comfey\n|-ability|p2a: Calyrex|Grim Neigh|boost\n|-boost|p2a: Calyrex|spa|1\n|move|p1b: Lunala|Moongeist Beam|p2b: Amoonguss\n|-crit|p2b: Amoonguss\n|-damage|p2b: Amoonguss|33/100\n|\n|-heal|p1b: Lunala|32/100|[from] item: Leftovers\n|upkeep\n|\n|t:|1772706506\n|switch|p1a: Zamazenta|Zamazenta-Crowned, L50|100/100\n|-ability|p1a: Zamazenta|Dauntless Shield|boost\n|-boost|p1a: Zamazenta|def|1\n|turn|5\n|\n|t:|1772706516\n|move|p1b: Lunala|Protect|p1b: Lunala\n|-singleturn|p1b: Lunala|Protect\n|move|p2b: Amoonguss|Rage Powder|p2b: Amoonguss\n|-singleturn|p2b: Amoonguss|move: Rage Powder\n|move|p2a: Calyrex|Astral Barrage|p1b: Lunala|[spread] p1a\n|-activate|p1b: Lunala|move: Protect\n|-damage|p1a: Zamazenta|43/100\n|move|p1a: Zamazenta|Behemoth Bash|p2b: Amoonguss\n|-damage|p2b: Amoonguss|0 fnt\n|-damage|p1a: Zamazenta|26/100|[from] item: Rocky Helmet|[of] p2b: Amoonguss\n|faint|p2b: Amoonguss\n|\n|-heal|p1b: Lunala|38/100|[from] item: Leftovers\n|upkeep\n|turn|6\n|\n|t:|1772706527\n|move|p1a: Zamazenta|Wide Guard|p1a: Zamazenta\n|-singleturn|p1a: Zamazenta|Wide Guard\n|move|p2a: Calyrex|Encore|p1b: Lunala\n|-start|p1b: Lunala|Encore\n|move|p1b: Lunala|Protect||[still]\n|-fail|p1b: Lunala\n|\n|-heal|p1b: Lunala|44/100|[from] item: Leftovers\n|upkeep\n|turn|7\n|c|\u2606VJ2511|gg\n|c|\u2606WarlogFV|gg\n|\n|t:|1772706539\n|move|p1b: Lunala|Protect|p1b: Lunala\n|-singleturn|p1b: Lunala|Protect\n|move|p1a: Zamazenta|Wide Guard|p1a: Zamazenta\n|-singleturn|p1a: Zamazenta|Wide Guard\n|move|p2a: Calyrex|Psychic|p1a: Zamazenta\n|-damage|p1a: Zamazenta|0 fnt\n|faint|p1a: Zamazenta\n|-ability|p2a: Calyrex|Grim Neigh|boost\n|-boost|p2a: Calyrex|spa|1\n|\n|-heal|p1b: Lunala|50/100|[from] item: Leftovers\n|upkeep\n|turn|8\n|-message|WarlogFV forfeited.\n|\n|win|VJ2511\n|raw|WarlogFV's rating: 1647 &rarr; <strong>1622</strong><br />(-25 for losing)\n|raw|VJ2511's rating: 1562 &rarr; <strong>1587</strong><br />(+25 for winning)\n|l|\u2606WarlogFV\n|player|p1|\n|l|\u2606VJ2511\n|player|p2|\n","uploadtime":1772706551,"views":49,"formatid":"gen9vgc2026regi","rating":1587,"private":0,"password":null}