{"id":"gen9vgc2026regi-2553032039","format":"[Gen 9] VGC 2026 Reg I","players":["lalo's pollos","lieyanshu"],"log":"|j|\u2606lalo's pollos\n|j|\u2606lieyanshu\n|t:|1772788157\n|gametype|doubles\n|player|p1|lalo's pollos|1|1418\n|player|p2|lieyanshu|dawn-gen4pt|1521\n|gen|9\n|tier|[Gen 9] VGC 2026 Reg I\n|rated|\n|rule|Species Clause: Limit one of each Pok\u00e9mon\n|rule|Item Clause: Limit 1 of each item\n|clearpoke\n|poke|p1|Miraidon, L50|\n|poke|p1|Landorus, L50, M|\n|poke|p1|Incineroar, L50, F|\n|poke|p1|Iron Bundle, L50|\n|poke|p1|Farigiraf, L50, M|\n|poke|p1|Calyrex-Ice, L50|\n|poke|p2|Tornadus, L50, M|\n|poke|p2|Miraidon, L50|\n|poke|p2|Iron Moth, L50|\n|poke|p2|Urshifu-*, L50, M|\n|poke|p2|Calyrex-Ice, L50|\n|poke|p2|Landorus, L50, M|\n|teampreview|4\n|inactive|Battle timer is ON: inactive players will automatically lose when time's up. (requested by lalo's pollos)\n|\n|t:|1772788227\n|teamsize|p1|4\n|teamsize|p2|4\n|start\n|switch|p1a: Co-Star|Miraidon, L50|100/100\n|switch|p1b: the Manager|Farigiraf, L50, M|100/100\n|switch|p2a: Tornadus|Tornadus, L50, M|100/100\n|switch|p2b: Calyrex|Calyrex-Ice, L50|100/100\n|-ability|p2b: Calyrex|As One\n|-ability|p2b: Calyrex|Unnerve\n|-fieldstart|move: Electric Terrain|[from] ability: Hadron Engine|[of] p1a: Co-Star\n|turn|1\n|\n|t:|1772788250\n|-terastallize|p1a: Co-Star|Fairy\n|-terastallize|p2b: Calyrex|Grass\n|move|p1a: Co-Star|Volt Switch|p2b: Calyrex\n|-resisted|p2b: Calyrex\n|-damage|p2b: Calyrex|59/100\n|\n|t:|1772788256\n|switch|p1a: Calyrex|Calyrex-Ice, L50|100/100|[from] Volt Switch\n|-ability|p1a: Calyrex|As One\n|-ability|p1a: Calyrex|Unnerve\n|move|p2a: Tornadus|Bleakwind Storm|p1b: the Manager|[spread] p1b\n|-miss|p2a: Tornadus|p1a: Calyrex\n|-damage|p1b: the Manager|71/100\n|move|p2b: Calyrex|Imprison|p2b: Calyrex\n|-start|p2b: Calyrex|move: Imprison\n|move|p1b: the Manager|Foul Play|p2b: Calyrex\n|-damage|p2b: Calyrex|31/100\n|\n|upkeep\n|turn|2\n|\n|t:|1772788276\n|switch|p1a: Incineroar|Incineroar, L50, F|100/100\n|-ability|p1a: Incineroar|Intimidate|boost\n|-unboost|p2a: Tornadus|atk|1\n|-unboost|p2b: Calyrex|atk|1\n|move|p2a: Tornadus|Bleakwind Storm|p1a: Incineroar|[spread] p1a,p1b\n|-damage|p1a: Incineroar|78/100\n|-damage|p1b: the Manager|42/100\n|move|p2b: Calyrex|Glacial Lance|p1b: the Manager|[spread] p1a,p1b\n|-resisted|p1a: Incineroar\n|-damage|p1a: Incineroar|62/100\n|-damage|p1b: the Manager|0 fnt\n|faint|p1b: the Manager\n|-ability|p2b: Calyrex|Chilling Neigh|boost\n|-boost|p2b: Calyrex|atk|1\n|\n|upkeep\n|\n|t:|1772788283\n|switch|p1b: Co-Star|Miraidon, L50, tera:Fairy|100/100\n|-activate|p1b: Co-Star|ability: Hadron Engine\n|turn|3\n|\n|t:|1772788298\n|move|p2a: Tornadus|Tailwind|p2a: Tornadus\n|-sidestart|p2: lieyanshu|move: Tailwind\n|move|p1b: Co-Star|Volt Switch|p2a: Tornadus\n|-supereffective|p2a: Tornadus\n|-enditem|p2a: Tornadus|Focus Sash\n|-damage|p2a: Tornadus|1/100\n|\n|t:|1772788303\n|switch|p1b: Calyrex|Calyrex-Ice, L50|100/100|[from] Volt Switch\n|-ability|p1b: Calyrex|As One\n|-ability|p1b: Calyrex|Unnerve\n|move|p2b: Calyrex|Glacial Lance|p1b: Calyrex|[spread] p1a,p1b\n|-resisted|p1a: Incineroar\n|-resisted|p1b: Calyrex\n|-damage|p1a: Incineroar|40/100\n|-damage|p1b: Calyrex|81/100\n|move|p1a: Incineroar|U-turn|p2b: Calyrex\n|-supereffective|p2b: Calyrex\n|-damage|p2b: Calyrex|3/100\n|\n|t:|1772788313\n|switch|p1a: Co-Star|Miraidon, L50, tera:Fairy|100/100|[from] U-turn\n|-activate|p1a: Co-Star|ability: Hadron Engine\n|\n|upkeep\n|turn|4\n|\n|t:|1772788322\n|move|p2a: Tornadus|Bleakwind Storm|p1a: Co-Star|[spread] p1a,p1b\n|-damage|p1a: Co-Star|68/100\n|-damage|p1b: Calyrex|58/100\n|move|p1a: Co-Star|Volt Switch|p2a: Tornadus\n|-supereffective|p2a: Tornadus\n|-damage|p2a: Tornadus|0 fnt\n|faint|p2a: Tornadus\n|\n|t:|1772788327\n|switch|p1a: Incineroar|Incineroar, L50, F|40/100|[from] Volt Switch\n|-ability|p1a: Incineroar|Intimidate|boost\n|-unboost|p2b: Calyrex|atk|1\n|move|p2b: Calyrex|Glacial Lance|p1a: Incineroar|[spread] p1a,p1b\n|-resisted|p1a: Incineroar\n|-resisted|p1b: Calyrex\n|-damage|p1a: Incineroar|25/100\n|-damage|p1b: Calyrex|46/100\n|move|p1b: Calyrex|High Horsepower|p2b: Calyrex\n|-resisted|p2b: Calyrex\n|-damage|p2b: Calyrex|0 fnt\n|faint|p2b: Calyrex\n|-ability|p1b: Calyrex|Chilling Neigh|boost\n|-boost|p1b: Calyrex|atk|1\n|\n|upkeep\n|\n|t:|1772788341\n|switch|p2a: Landorus|Landorus, L50, M|100/100\n|switch|p2b: Miraidon|Miraidon, L50|100/100\n|-activate|p2b: Miraidon|ability: Hadron Engine\n|turn|5\n|\n|t:|1772788364\n|move|p1a: Incineroar|Fake Out|p2b: Miraidon\n|-damage|p2b: Miraidon|89/100\n|cant|p2b: Miraidon|flinch\n|move|p2a: Landorus|Earth Power|p1b: Calyrex\n|-damage|p1b: Calyrex|5/100\n|move|p1b: Calyrex|Glacial Lance|p2a: Landorus|[spread] p2a,p2b\n|-supereffective|p2a: Landorus\n|-supereffective|p2b: Miraidon\n|-damage|p2a: Landorus|0 fnt\n|-damage|p2b: Miraidon|0 fnt\n|faint|p2a: Landorus\n|faint|p2b: Miraidon\n|\n|win|lalo's pollos\n|raw|lalo&apos;s pollos's rating: 1418 &rarr; <strong>1444</strong><br />(+26 for winning)\n|raw|lieyanshu's rating: 1521 &rarr; <strong>1495</strong><br />(-26 for losing)\n|l|\u2606lieyanshu\n|player|p2|\n","uploadtime":1772788566,"views":15,"formatid":"gen9vgc2026regi","rating":1444,"private":0,"password":null}