{"id":"gen9vgc2026regi-2529929157","format":"[Gen 9] VGC 2026 Reg I","players":["marcxhenry","yamato-tak"],"log":"|j|\u2606marcxhenry\n|j|\u2606yamato-tak\n|t:|1769847299\n|gametype|doubles\n|player|p1|marcxhenry|hilbert-wonderlauncher|1587\n|player|p2|yamato-tak|101|1505\n|gen|9\n|tier|[Gen 9] VGC 2026 Reg I\n|rated|\n|rule|Species Clause: Limit one of each Pok\u00e9mon\n|rule|Item Clause: Limit 1 of each item\n|clearpoke\n|poke|p1|Calyrex-Shadow, L50|\n|poke|p1|Urshifu-*, L50, M|\n|poke|p1|Roaring Moon, L50|\n|poke|p1|Kyogre, L50|\n|poke|p1|Tsareena, L50, F|\n|poke|p1|Kingambit, L50, M|\n|poke|p2|Miraidon, L50|\n|poke|p2|Calyrex-Ice, L50|\n|poke|p2|Volcarona, L50, M|\n|poke|p2|Araquanid, L50, F|\n|poke|p2|Grimmsnarl, L50, M|\n|poke|p2|Entei, L50|\n|teampreview|4\n|inactive|Battle timer is ON: inactive players will automatically lose when time's up. (requested by yamato-tak)\n|\n|t:|1769847329\n|teamsize|p1|4\n|teamsize|p2|4\n|start\n|switch|p1a: Tripitz|Kyogre, L50, shiny|100/100\n|switch|p1b: Eva|Tsareena, L50, F, shiny|100/100\n|switch|p2a: Grimmsnarl|Grimmsnarl, L50, M, shiny|100/100\n|switch|p2b: Miraidon|Miraidon, L50, shiny|100/100\n|-fieldstart|move: Electric Terrain|[from] ability: Hadron Engine|[of] p2b: Miraidon\n|-weather|RainDance|[from] ability: Drizzle|[of] p1a: Tripitz\n|turn|1\n|\n|t:|1769847344\n|move|p1a: Tripitz|Protect|p1a: Tripitz\n|-singleturn|p1a: Tripitz|Protect\n|move|p2a: Grimmsnarl|Light Screen|p2a: Grimmsnarl\n|-sidestart|p2: yamato-tak|move: Light Screen\n|move|p2b: Miraidon|Calm Mind|p2b: Miraidon\n|-boost|p2b: Miraidon|spa|1\n|-boost|p2b: Miraidon|spd|1\n|move|p1b: Eva|Triple Axel|p2b: Miraidon\n|-supereffective|p2b: Miraidon\n|-crit|p2b: Miraidon\n|-damage|p2b: Miraidon|81/100\n|-supereffective|p2b: Miraidon\n|-damage|p2b: Miraidon|60/100\n|-supereffective|p2b: Miraidon\n|-damage|p2b: Miraidon|24/100\n|-hitcount|p2b: Miraidon|3\n|\n|-weather|RainDance|[upkeep]\n|upkeep\n|turn|2\n|\n|t:|1769847362\n|-terastallize|p1a: Tripitz|Ground\n|move|p2a: Grimmsnarl|Reflect|p2a: Grimmsnarl\n|-sidestart|p2: yamato-tak|Reflect\n|move|p2b: Miraidon|Parabolic Charge|p1a: Tripitz|[spread] p2a,p1b\n|-immune|p1a: Tripitz\n|-crit|p2a: Grimmsnarl\n|-resisted|p1b: Eva\n|-damage|p2a: Grimmsnarl|17/100\n|-heal|p2b: Miraidon|65/100|[from] drain|[of] p2a: Grimmsnarl\n|-damage|p1b: Eva|65/100\n|-heal|p2b: Miraidon|79/100|[from] drain|[of] p1b: Eva\n|move|p1a: Tripitz|Water Spout|p2b: Miraidon|[spread] p2a,p2b\n|-crit|p2a: Grimmsnarl\n|-resisted|p2b: Miraidon\n|-damage|p2a: Grimmsnarl|0 fnt\n|-damage|p2b: Miraidon|57/100\n|faint|p2a: Grimmsnarl\n|move|p1b: Eva|Power Whip|p2b: Miraidon\n|-resisted|p2b: Miraidon\n|-damage|p2b: Miraidon|39/100\n|\n|-weather|RainDance|[upkeep]\n|upkeep\n|\n|t:|1769847367\n|switch|p2a: Calyrex|Calyrex-Ice, L50|100/100\n|-ability|p2a: Calyrex|As One\n|-ability|p2a: Calyrex|Unnerve\n|turn|3\n|\n|t:|1769847392\n|move|p2b: Miraidon|Calm Mind|p2b: Miraidon\n|-boost|p2b: Miraidon|spa|1\n|-boost|p2b: Miraidon|spd|1\n|move|p1a: Tripitz|Origin Pulse|p2a: Calyrex|[spread] p2a,p2b\n|-resisted|p2b: Miraidon\n|-damage|p2a: Calyrex|63/100\n|-damage|p2b: Miraidon|26/100\n|move|p1b: Eva|Power Whip|p2a: Calyrex\n|-damage|p2a: Calyrex|35/100\n|move|p2a: Calyrex|Glacial Lance|p1b: Eva|[spread] p1a,p1b\n|-supereffective|p1a: Tripitz\n|-supereffective|p1b: Eva\n|-damage|p1a: Tripitz|0 fnt\n|-damage|p1b: Eva|0 fnt\n|faint|p1a: Tripitz\n|faint|p1b: Eva\n|-ability|p2a: Calyrex|Chilling Neigh|boost\n|-boost|p2a: Calyrex|atk|2\n|\n|-weather|RainDance|[upkeep]\n|upkeep\n|\n|t:|1769847407\n|switch|p1a: Ludwig|Calyrex-Shadow, L50|100/100\n|switch|p1b: Hermann|Kingambit, L50, M, shiny|100/100\n|-ability|p1a: Ludwig|As One\n|-ability|p1a: Ludwig|Unnerve\n|turn|4\n|\n|t:|1769847420\n|move|p2a: Calyrex|Protect|p2a: Calyrex\n|-singleturn|p2a: Calyrex|Protect\n|move|p1b: Hermann|Sucker Punch|p2b: Miraidon\n|-damage|p2b: Miraidon|2/100\n|move|p1a: Ludwig|Astral Barrage|p2b: Miraidon|[spread] p2b\n|-activate|p2a: Calyrex|move: Protect\n|-damage|p2b: Miraidon|0 fnt\n|faint|p2b: Miraidon\n|-ability|p1a: Ludwig|Grim Neigh|boost\n|-boost|p1a: Ludwig|spa|1\n|\n|-weather|RainDance|[upkeep]\n|upkeep\n|\n|t:|1769847435\n|switch|p2b: Volcarona|Volcarona, L50, M, shiny|100/100\n|turn|5\n|\n|t:|1769847444\n|-terastallize|p2a: Calyrex|Fairy\n|move|p1a: Ludwig|Protect|p1a: Ludwig\n|-singleturn|p1a: Ludwig|Protect\n|move|p2b: Volcarona|Quiver Dance|p2b: Volcarona\n|-boost|p2b: Volcarona|spa|1\n|-boost|p2b: Volcarona|spd|1\n|-boost|p2b: Volcarona|spe|1\n|move|p1b: Hermann|Kowtow Cleave|p2a: Calyrex\n|-resisted|p2a: Calyrex\n|-damage|p2a: Calyrex|24/100\n|move|p2a: Calyrex|Glacial Lance|p1a: Ludwig|[spread] p1b\n|-activate|p1a: Ludwig|move: Protect\n|-resisted|p1b: Hermann\n|-damage|p1b: Hermann|62/100\n|\n|-weather|none\n|-fieldend|move: Electric Terrain\n|upkeep\n|turn|6\n|inactive|yamato-tak has 30 seconds left.\n|\n|t:|1769847478\n|move|p2a: Calyrex|Protect|p2a: Calyrex\n|-singleturn|p2a: Calyrex|Protect\n|move|p1b: Hermann|Sucker Punch|p2b: Volcarona\n|-damage|p2b: Volcarona|73/100\n|move|p2b: Volcarona|Fiery Dance|p1a: Ludwig\n|-damage|p1a: Ludwig|49/100\n|-boost|p2b: Volcarona|spa|1\n|move|p1a: Ludwig|Astral Barrage|p2a: Calyrex|[spread] p2b\n|-activate|p2a: Calyrex|move: Protect\n|-damage|p2b: Volcarona|37/100\n|\n|-heal|p2b: Volcarona|43/100|[from] item: Leftovers\n|upkeep\n|turn|7\n|inactive|yamato-tak has 30 seconds left.\n|\n|t:|1769847504\n|move|p1a: Ludwig|Protect|p1a: Ludwig\n|-singleturn|p1a: Ludwig|Protect\n|move|p2b: Volcarona|Fiery Dance|p1a: Ludwig\n|-activate|p1a: Ludwig|move: Protect\n|move|p1b: Hermann|Kowtow Cleave|p2b: Volcarona\n|-damage|p2b: Volcarona|10/100\n|move|p2a: Calyrex|Glacial Lance|p1a: Ludwig|[spread] p1b\n|-activate|p1a: Ludwig|move: Protect\n|-resisted|p1b: Hermann\n|-damage|p1b: Hermann|19/100\n|\n|-heal|p2b: Volcarona|16/100|[from] item: Leftovers\n|upkeep\n|turn|8\n|inactive|yamato-tak has 30 seconds left.\n|\n|t:|1769847535\n|move|p1b: Hermann|Sucker Punch|p2b: Volcarona\n|-damage|p2b: Volcarona|0 fnt\n|faint|p2b: Volcarona\n|move|p1a: Ludwig|Astral Barrage|p2a: Calyrex\n|-damage|p2a: Calyrex|0 fnt\n|faint|p2a: Calyrex\n|\n|win|marcxhenry\n|raw|marcxhenry's rating: 1587 &rarr; <strong>1602</strong><br />(+15 for winning)\n|raw|yamato-tak's rating: 1505 &rarr; <strong>1490</strong><br />(-15 for losing)\n|l|\u2606yamato-tak\n|player|p2|\n|j|\u2606yamato-tak\n|player|p2|yamato-tak|101|\n|l|\u2606yamato-tak\n|player|p2|\n|l|\u2606marcxhenry\n|player|p1|\n|j|\u2606yamato-tak\n|player|p2|yamato-tak|101|\n","uploadtime":1769847721,"views":41,"formatid":"gen9vgc2026regi","rating":1490,"private":0,"password":null}