{"id":"gen9vgc2026regi-2523039156","format":"[Gen 9] VGC 2026 Reg I","players":["redstoneblocks","GoofyRonald756"],"log":"|j|\u2606redstoneblocks\n|j|\u2606GoofyRonald756\n|t:|1768976151\n|gametype|doubles\n|player|p1|redstoneblocks|gambler|1112\n|player|p2|GoofyRonald756|266|1083\n|gen|9\n|tier|[Gen 9] VGC 2026 Reg I\n|rated|\n|rule|Species Clause: Limit one of each Pok\u00e9mon\n|rule|Item Clause: Limit 1 of each item\n|clearpoke\n|poke|p1|Kyogre, L50|\n|poke|p1|Araquanid, L50, F|\n|poke|p1|Incineroar, L50, F|\n|poke|p1|Amoonguss, L50, F|\n|poke|p1|Urshifu-*, L50, M|\n|poke|p1|Calyrex-Shadow, L50|\n|poke|p2|Eternatus, L50|\n|poke|p2|Ho-Oh, L50|\n|poke|p2|Rillaboom, L50, F|\n|poke|p2|Incineroar, L50, F|\n|poke|p2|Ting-Lu, L50|\n|poke|p2|Vaporeon, L50, M|\n|teampreview|4\n|inactive|Battle timer is ON: inactive players will automatically lose when time's up. (requested by redstoneblocks)\n|inactive|redstoneblocks has 60 seconds left.\n|inactive|GoofyRonald756 has 60 seconds left.\n|inactive|GoofyRonald756 has 30 seconds left.\n|\n|t:|1768976221\n|teamsize|p1|4\n|teamsize|p2|4\n|start\n|switch|p1a: Kyogre|Kyogre, L50|100/100\n|switch|p1b: Araquanid|Araquanid, L50, F|100/100\n|switch|p2a: Eternatus|Eternatus, L50|100/100\n|switch|p2b: Ho-Oh|Ho-Oh, L50|100/100\n|-ability|p2a: Eternatus|Pressure\n|-weather|RainDance|[from] ability: Drizzle|[of] p1a: Kyogre\n|turn|1\n|inactive|redstoneblocks has 30 seconds left.\n|inactive|redstoneblocks has 20 seconds left.\n|\n|t:|1768976258\n|move|p2b: Ho-Oh|Protect|p2b: Ho-Oh\n|-singleturn|p2b: Ho-Oh|Protect\n|move|p2a: Eternatus|Toxic Spikes|p1a: Kyogre\n|-sidestart|p1: redstoneblocks|move: Toxic Spikes\n|move|p1a: Kyogre|Origin Pulse|p2a: Eternatus|[spread] \n|-activate|p2b: Ho-Oh|move: Protect\n|-miss|p1a: Kyogre|p2a: Eternatus\n|move|p1b: Araquanid|Entrainment|p1a: Kyogre\n|-ability|p1a: Kyogre|Water Bubble|Drizzle|[from] move: Entrainment|[of] p1b: Araquanid\n|\n|-weather|RainDance|[upkeep]\n|upkeep\n|turn|2\n|inactive|GoofyRonald756 has 30 seconds left.\n|inactive|GoofyRonald756 has 20 seconds left.\n|inactive|GoofyRonald756 has 15 seconds left.\n|inactive|GoofyRonald756 has 10 seconds left.\n|inactive|GoofyRonald756 has 5 seconds left.\n|\n|t:|1768976312\n|switch|p2b: Vaporeon|Vaporeon, L50, M|100/100\n|-terastallize|p1a: Kyogre|Water\n|move|p2a: Eternatus|Dynamax Cannon|p1a: Kyogre\n|-crit|p1a: Kyogre\n|-damage|p1a: Kyogre|47/100\n|move|p1a: Kyogre|Origin Pulse|p2b: Vaporeon|[spread] p2a\n|-immune|p2b: Vaporeon|[from] ability: Water Absorb\n|-resisted|p2a: Eternatus\n|-crit|p2a: Eternatus\n|-damage|p2a: Eternatus|0 fnt\n|faint|p2a: Eternatus\n|move|p1b: Araquanid|Icy Wind|p2b: Vaporeon\n|-resisted|p2b: Vaporeon\n|-damage|p2b: Vaporeon|98/100\n|-unboost|p2b: Vaporeon|spe|1\n|\n|-weather|RainDance|[upkeep]\n|upkeep\n|\n|t:|1768976321\n|switch|p2a: Rillaboom|Rillaboom, L50, F|100/100\n|-fieldstart|move: Grassy Terrain|[from] ability: Grassy Surge|[of] p2a: Rillaboom\n|turn|3\n|inactive|redstoneblocks has 30 seconds left.\n|inactive|redstoneblocks has 20 seconds left.\n|\n|t:|1768976357\n|switch|p1a: Urshifu|Urshifu-Rapid-Strike, L50, M|100/100\n|-status|p1a: Urshifu|psn\n|move|p2a: Rillaboom|Grassy Glide|p1a: Urshifu\n|-supereffective|p1a: Urshifu\n|-damage|p1a: Urshifu|28/100 psn\n|move|p1b: Araquanid|Tera Blast|p2b: Vaporeon\n|-damage|p2b: Vaporeon|90/100\n|move|p2b: Vaporeon|Yawn|p1b: Araquanid\n|-start|p1b: Araquanid|move: Yawn|[of] p2b: Vaporeon\n|\n|-weather|RainDance|[upkeep]\n|-heal|p1a: Urshifu|34/100 psn|[from] Grassy Terrain\n|-heal|p2b: Vaporeon|95/100|[from] Grassy Terrain\n|-damage|p1a: Urshifu|22/100 psn|[from] psn\n|upkeep\n|turn|4\n|inactive|redstoneblocks has 30 seconds left.\n|\n|t:|1768976391\n|switch|p1b: Calyrex|Calyrex-Shadow, L50|100/100\n|-ability|p1b: Calyrex|As One\n|-ability|p1b: Calyrex|Unnerve\n|-status|p1b: Calyrex|psn\n|move|p2a: Rillaboom|Grassy Glide|p1a: Urshifu\n|-supereffective|p1a: Urshifu\n|-damage|p1a: Urshifu|0 fnt\n|faint|p1a: Urshifu\n|move|p2b: Vaporeon|Yawn||[still]\n|-fail|p2b: Vaporeon\n|\n|-weather|RainDance|[upkeep]\n|-heal|p2b: Vaporeon|100/100|[from] Grassy Terrain\n|-damage|p1b: Calyrex|88/100 psn|[from] psn\n|upkeep\n|\n|t:|1768976409\n|switch|p1a: Araquanid|Araquanid, L50, F|100/100\n|-status|p1a: Araquanid|psn\n|turn|5\n|inactive|redstoneblocks has 30 seconds left.\n|inactive|redstoneblocks has 20 seconds left.\n|inactive|redstoneblocks has 15 seconds left.\n|inactive|redstoneblocks has 10 seconds left.\n|\n|t:|1768976455\n|move|p2b: Vaporeon|Detect|p2b: Vaporeon\n|-singleturn|p2b: Vaporeon|Protect\n|move|p1b: Calyrex|Astral Barrage|p2a: Rillaboom|[spread] p2a\n|-activate|p2b: Vaporeon|move: Protect\n|-damage|p2a: Rillaboom|55/100\n|-damage|p1b: Calyrex|79/100 psn|[from] item: Life Orb\n|move|p2a: Rillaboom|Wood Hammer|p1b: Calyrex\n|-damage|p1b: Calyrex|0 fnt\n|faint|p1b: Calyrex\n|-damage|p2a: Rillaboom|33/100|[from] Recoil\n|move|p1a: Araquanid|Liquidation|p2a: Rillaboom\n|-resisted|p2a: Rillaboom\n|-damage|p2a: Rillaboom|3/100\n|\n|-weather|none\n|-heal|p2a: Rillaboom|9/100|[from] Grassy Terrain\n|-damage|p1a: Araquanid|88/100 psn|[from] psn\n|upkeep\n|\n|t:|1768976476\n|switch|p1b: Kyogre|Kyogre, L50, tera:Water|47/100\n|-status|p1b: Kyogre|psn\n|-weather|RainDance|[from] ability: Drizzle|[of] p1b: Kyogre\n|turn|6\n|\n|t:|1768976495\n|move|p2a: Rillaboom|Grassy Glide|p1b: Kyogre\n|-supereffective|p1b: Kyogre\n|-damage|p1b: Kyogre|0 fnt\n|faint|p1b: Kyogre\n|move|p1a: Araquanid|Tera Blast|p2b: Vaporeon\n|-crit|p2b: Vaporeon\n|-damage|p2b: Vaporeon|89/100\n|move|p2b: Vaporeon|Whirlpool|p1a: Araquanid\n|-resisted|p1a: Araquanid\n|-damage|p1a: Araquanid|82/100 psn\n|-activate|p1a: Araquanid|move: Whirlpool|[of] p2b: Vaporeon\n|\n|-weather|RainDance|[upkeep]\n|-heal|p2a: Rillaboom|15/100|[from] Grassy Terrain\n|-heal|p1a: Araquanid|88/100 psn|[from] Grassy Terrain\n|-heal|p2b: Vaporeon|95/100|[from] Grassy Terrain\n|-damage|p1a: Araquanid|76/100 psn|[from] psn\n|-damage|p1a: Araquanid|64/100 psn|[from] move: Whirlpool|[partiallytrapped]\n|upkeep\n|turn|7\n|\n|t:|1768976508\n|move|p2a: Rillaboom|Wood Hammer|p1a: Araquanid\n|-damage|p1a: Araquanid|0 fnt\n|faint|p1a: Araquanid\n|-damage|p2a: Rillaboom|0 fnt|[from] Recoil\n|faint|p2a: Rillaboom\n|\n|win|GoofyRonald756\n|raw|redstoneblocks's rating: 1112 &rarr; <strong>1085</strong><br />(-27 for losing)\n|raw|GoofyRonald756's rating: 1083 &rarr; <strong>1113</strong><br />(+30 for winning)\n|l|\u2606GoofyRonald756\n|player|p2|\n|l|\u2606redstoneblocks\n|player|p1|\n","uploadtime":1768976812,"views":13,"formatid":"gen9vgc2026regi","rating":1085,"private":0,"password":null}