{"id":"gen9vgc2026regi-2529543494","format":"[Gen 9] VGC 2026 Reg I","players":["CHR1SPHX","jholloway1993"],"log":"|j|\u2606CHR1SPHX\n|j|\u2606jholloway1993\n|t:|1769797372\n|gametype|doubles\n|player|p1|CHR1SPHX|hilbert-wonderlauncher|1350\n|player|p2|jholloway1993|102|1351\n|gen|9\n|tier|[Gen 9] VGC 2026 Reg I\n|rated|\n|rule|Species Clause: Limit one of each Pok\u00e9mon\n|rule|Item Clause: Limit 1 of each item\n|clearpoke\n|poke|p1|Incineroar, L50, M|\n|poke|p1|Koraidon, L50|\n|poke|p1|Flutter Mane, L50|\n|poke|p1|Brute Bonnet, L50|\n|poke|p1|Indeedee-F, L50, F|\n|poke|p1|Calyrex-Ice, L50|\n|poke|p2|Lunala, L50|\n|poke|p2|Kyogre, L50|\n|poke|p2|Raichu, L50, M|\n|poke|p2|Urshifu-*, L50, M|\n|poke|p2|Incineroar, L50, F|\n|poke|p2|Tornadus, L50, M|\n|teampreview|4\n|inactive|Battle timer is ON: inactive players will automatically lose when time's up. (requested by CHR1SPHX)\n|\n|t:|1769797392\n|teamsize|p1|4\n|teamsize|p2|4\n|start\n|switch|p1a: Brute Bonnet|Brute Bonnet, L50, shiny|100/100\n|switch|p1b: Indeedee|Indeedee-F, L50, F|100/100\n|switch|p2a: Lunala|Lunala, L50|100/100\n|switch|p2b: Incineroar|Incineroar, L50, F|100/100\n|-fieldstart|move: Psychic Terrain|[from] ability: Psychic Surge|[of] p1b: Indeedee\n|-ability|p2b: Incineroar|Intimidate|boost\n|-unboost|p1a: Brute Bonnet|atk|1\n|-unboost|p1b: Indeedee|atk|1\n|turn|1\n|inactive|CHR1SPHX has 30 seconds left.\n|inactive|jholloway1993 has 30 seconds left.\n|inactive|CHR1SPHX has 20 seconds left.\n|inactive|jholloway1993 has 20 seconds left.\n|inactive|CHR1SPHX has 15 seconds left.\n|\n|t:|1769797433\n|switch|p2a: Urshifu|Urshifu-Rapid-Strike, L50, M|100/100\n|move|p1b: Indeedee|Follow Me|p1b: Indeedee\n|-singleturn|p1b: Indeedee|move: Follow Me\n|move|p1a: Brute Bonnet|Spore|p2a: Urshifu\n|-status|p2a: Urshifu|slp|[from] move: Spore\n|move|p2b: Incineroar|U-turn|p1b: Indeedee\n|-supereffective|p1b: Indeedee\n|-damage|p1b: Indeedee|52/100\n|c|\u2606CHR1SPHX|I thought I clicked Indeedee as third\n|\n|t:|1769797448\n|switch|p2b: Kyogre|Kyogre, L50|100/100|[from] U-turn\n|-weather|RainDance|[from] ability: Drizzle|[of] p2b: Kyogre\n|\n|-weather|RainDance|[upkeep]\n|upkeep\n|turn|2\n|\n|t:|1769797463\n|switch|p2b: Incineroar|Incineroar, L50, F|100/100\n|-ability|p2b: Incineroar|Intimidate|boost\n|-unboost|p1a: Brute Bonnet|atk|1\n|-unboost|p1b: Indeedee|atk|1\n|cant|p2a: Urshifu|slp\n|move|p1b: Indeedee|Dazzling Gleam|p2a: Urshifu|[spread] p2a,p2b\n|-supereffective|p2a: Urshifu\n|-damage|p2a: Urshifu|77/100 slp\n|-damage|p2b: Incineroar|91/100\n|move|p1a: Brute Bonnet|Spore|p2b: Incineroar\n|-status|p2b: Incineroar|slp|[from] move: Spore\n|\n|-weather|RainDance|[upkeep]\n|upkeep\n|turn|3\n|inactive|CHR1SPHX has 30 seconds left.\n|inactive|jholloway1993 has 30 seconds left.\n|\n|t:|1769797493\n|-end|p1a: Brute Bonnet|Protosynthesis|[silent]\n|switch|p1a: Koraidon|Koraidon, L50|100/100\n|-weather|SunnyDay|[from] ability: Orichalcum Pulse|[of] p1a: Koraidon\n|-activate|p1a: Koraidon|Orichalcum Pulse|[source]\n|cant|p2a: Urshifu|slp\n|cant|p2b: Incineroar|slp\n|move|p1b: Indeedee|Trick Room|p1b: Indeedee\n|-fieldstart|move: Trick Room|[of] p1b: Indeedee\n|\n|-weather|SunnyDay|[upkeep]\n|upkeep\n|turn|4\n|\n|t:|1769797517\n|switch|p2a: Kyogre|Kyogre, L50|100/100\n|-weather|RainDance|[from] ability: Drizzle|[of] p2a: Kyogre\n|-terastallize|p2b: Incineroar|Ghost\n|move|p1b: Indeedee|Helping Hand|p1a: Koraidon\n|-singleturn|p1a: Koraidon|Helping Hand|[of] p1b: Indeedee\n|-curestatus|p2b: Incineroar|slp|[msg]\n|move|p2b: Incineroar|U-turn|p1a: Koraidon\n|-resisted|p1a: Koraidon\n|-damage|p1a: Koraidon|90/100\n|\n|t:|1769797529\n|switch|p2b: Urshifu|Urshifu-Rapid-Strike, L50, M|77/100 slp|[from] U-turn\n|move|p1a: Koraidon|Breaking Swipe|p2b: Urshifu|[spread] p2a,p2b\n|-damage|p2a: Kyogre|61/100\n|-damage|p2b: Urshifu|48/100 slp\n|-unboost|p2a: Kyogre|atk|1\n|-unboost|p2b: Urshifu|atk|1\n|\n|-weather|RainDance|[upkeep]\n|upkeep\n|turn|5\n|\n|t:|1769797545\n|move|p1b: Indeedee|Follow Me|p1b: Indeedee\n|-singleturn|p1b: Indeedee|move: Follow Me\n|cant|p2b: Urshifu|slp\n|move|p2a: Kyogre|Origin Pulse|p1b: Indeedee|[spread] p1a,p1b\n|-resisted|p1a: Koraidon\n|-damage|p1a: Koraidon|63/100\n|-damage|p1b: Indeedee|0 fnt\n|faint|p1b: Indeedee\n|-damage|p2a: Kyogre|51/100|[from] item: Life Orb\n|move|p1a: Koraidon|Breaking Swipe|p2a: Kyogre|[spread] p2a,p2b\n|-damage|p2a: Kyogre|25/100\n|-damage|p2b: Urshifu|28/100 slp\n|-unboost|p2a: Kyogre|atk|1\n|-unboost|p2b: Urshifu|atk|1\n|\n|-weather|RainDance|[upkeep]\n|-fieldend|move: Psychic Terrain\n|upkeep\n|\n|t:|1769797562\n|switch|p1b: Brute Bonnet|Brute Bonnet, L50, shiny|100/100\n|turn|6\n|\n|t:|1769797575\n|switch|p2a: Incineroar|Incineroar, L50, F, tera:Ghost|91/100\n|-ability|p2a: Incineroar|Intimidate|boost\n|-unboost|p1a: Koraidon|atk|1\n|-unboost|p1b: Brute Bonnet|atk|1\n|switch|p1a: Calyrex|Calyrex-Ice, L50|100/100\n|-ability|p1a: Calyrex|As One\n|-ability|p1a: Calyrex|Unnerve\n|move|p1b: Brute Bonnet|Lash Out|p2b: Urshifu\n|-resisted|p2b: Urshifu\n|-damage|p2b: Urshifu|9/100 slp\n|-curestatus|p2b: Urshifu|slp|[msg]\n|move|p2b: Urshifu|Close Combat|p1b: Brute Bonnet\n|-supereffective|p1b: Brute Bonnet\n|-damage|p1b: Brute Bonnet|61/100\n|-unboost|p2b: Urshifu|def|1\n|-unboost|p2b: Urshifu|spd|1\n|\n|-weather|RainDance|[upkeep]\n|upkeep\n|turn|7\n|\n|t:|1769797599\n|move|p2b: Urshifu|Detect|p2b: Urshifu\n|-singleturn|p2b: Urshifu|Protect\n|move|p2a: Incineroar|U-turn|p1b: Brute Bonnet\n|-supereffective|p1b: Brute Bonnet\n|-damage|p1b: Brute Bonnet|0 fnt\n|faint|p1b: Brute Bonnet\n|-end|p1b: Brute Bonnet|Protosynthesis|[silent]\n|\n|t:|1769797604\n|switch|p2a: Lunala|Lunala, L50|100/100|[from] U-turn\n|move|p1a: Calyrex|Glacial Lance|p2a: Lunala|[spread] p2a\n|-activate|p2b: Urshifu|move: Protect\n|-damage|p2a: Lunala|81/100\n|\n|-weather|RainDance|[upkeep]\n|-fieldend|move: Trick Room\n|upkeep\n|\n|t:|1769797613\n|switch|p1b: Koraidon|Koraidon, L50|63/100\n|-weather|SunnyDay|[from] ability: Orichalcum Pulse|[of] p1b: Koraidon\n|-activate|p1b: Koraidon|Orichalcum Pulse|[source]\n|turn|8\n|inactive|CHR1SPHX has 30 seconds left.\n|inactive|jholloway1993 has 30 seconds left.\n|\n|t:|1769797643\n|switch|p2b: Kyogre|Kyogre, L50|25/100\n|-weather|RainDance|[from] ability: Drizzle|[of] p2b: Kyogre\n|-terastallize|p1a: Calyrex|Ground\n|move|p1b: Koraidon|Collision Course|p2b: Kyogre\n|-damage|p2b: Kyogre|0 fnt\n|faint|p2b: Kyogre\n|move|p2a: Lunala|Meteor Beam||[still]\n|-prepare|p2a: Lunala|Meteor Beam\n|-boost|p2a: Lunala|spa|1\n|-enditem|p2a: Lunala|Power Herb\n|-anim|p2a: Lunala|Meteor Beam|p1a: Calyrex\n|-resisted|p1a: Calyrex\n|-damage|p1a: Calyrex|80/100\n|move|p1a: Calyrex|High Horsepower|p2a: Lunala|[miss]\n|-miss|p1a: Calyrex|p2a: Lunala\n|\n|-weather|RainDance|[upkeep]\n|upkeep\n|c|\u2606CHR1SPHX|no way\n|\n|t:|1769797664\n|switch|p2b: Urshifu|Urshifu-Rapid-Strike, L50, M|9/100\n|turn|9\n|\n|t:|1769797678\n|move|p2b: Urshifu|Aqua Jet|p1a: Calyrex\n|-supereffective|p1a: Calyrex\n|-damage|p1a: Calyrex|31/100\n|move|p1b: Koraidon|Breaking Swipe|p2a: Lunala|[spread] p2a,p2b\n|-damage|p2a: Lunala|66/100\n|-damage|p2b: Urshifu|0 fnt\n|-unboost|p2a: Lunala|atk|1\n|faint|p2b: Urshifu\n|move|p2a: Lunala|Moongeist Beam|p1b: Koraidon\n|-damage|p1b: Koraidon|17/100\n|move|p1a: Calyrex|High Horsepower|p2a: Lunala\n|-damage|p2a: Lunala|22/100\n|\n|-weather|RainDance|[upkeep]\n|upkeep\n|\n|t:|1769797692\n|switch|p2b: Incineroar|Incineroar, L50, F, tera:Ghost|91/100\n|-ability|p2b: Incineroar|Intimidate|boost\n|-fail|p1a: Calyrex|unboost|[from] item: Clear Amulet|[of] p1a: Calyrex\n|-unboost|p1b: Koraidon|atk|1\n|turn|10\n|\n|t:|1769797712\n|move|p1a: Calyrex|Protect|p1a: Calyrex\n|-singleturn|p1a: Calyrex|Protect\n|move|p1b: Koraidon|Breaking Swipe|p2a: Lunala|[spread] p2a,p2b\n|-damage|p2a: Lunala|12/100\n|-damage|p2b: Incineroar|77/100\n|-unboost|p2a: Lunala|atk|1\n|-unboost|p2b: Incineroar|atk|1\n|move|p2a: Lunala|Moongeist Beam|p1a: Calyrex\n|-activate|p1a: Calyrex|move: Protect\n|move|p2b: Incineroar|Knock Off|p1b: Koraidon\n|-resisted|p1b: Koraidon\n|-damage|p1b: Koraidon|3/100\n|-enditem|p1b: Koraidon|Assault Vest|[from] move: Knock Off|[of] p2b: Incineroar\n|\n|-weather|RainDance|[upkeep]\n|upkeep\n|turn|11\n|inactive|jholloway1993 has 30 seconds left.\n|\n|t:|1769797742\n|move|p1b: Koraidon|Breaking Swipe|p2b: Incineroar|[spread] p2a,p2b\n|-damage|p2a: Lunala|0 fnt\n|-damage|p2b: Incineroar|64/100\n|-unboost|p2b: Incineroar|atk|1\n|faint|p2a: Lunala\n|move|p1a: Calyrex|High Horsepower|p2b: Incineroar\n|-damage|p2b: Incineroar|8/100\n|move|p2b: Incineroar|Knock Off|p1a: Calyrex\n|-damage|p1a: Calyrex|13/100\n|-enditem|p1a: Calyrex|Clear Amulet|[from] move: Knock Off|[of] p2b: Incineroar\n|\n|-weather|RainDance|[upkeep]\n|upkeep\n|turn|12\n|c|\u2606jholloway1993|GGs\n|c|\u2606CHR1SPHX|gg bro\n|\n|t:|1769797762\n|move|p1b: Koraidon|Breaking Swipe|p2b: Incineroar\n|-damage|p2b: Incineroar|0 fnt\n|faint|p2b: Incineroar\n|\n|win|CHR1SPHX\n|raw|CHR1SPHX's rating: 1350 &rarr; <strong>1370</strong><br />(+20 for winning)\n|raw|jholloway1993's rating: 1351 &rarr; <strong>1331</strong><br />(-20 for losing)\n|c|\u2606CHR1SPHX|have a nice day\n|l|\u2606CHR1SPHX\n|player|p1|\n|c|\u2606jholloway1993|you too\n|l|\u2606jholloway1993\n|player|p2|\n","uploadtime":1769797930,"views":15,"formatid":"gen9vgc2026regi","rating":1331,"private":0,"password":null}