{"id":"gen9vgc2026regi-2550678259","format":"[Gen 9] VGC 2026 Reg I","players":["blackred123","ConnerTEP"],"log":"|j|\u2606blackred123\n|j|\u2606ConnerTEP\n|t:|1772515491\n|gametype|doubles\n|player|p1|blackred123|iono-masters|1397\n|player|p2|ConnerTEP|acerola-masters2|1441\n|gen|9\n|tier|[Gen 9] VGC 2026 Reg I\n|rated|\n|rule|Species Clause: Limit one of each Pok\u00e9mon\n|rule|Item Clause: Limit 1 of each item\n|clearpoke\n|poke|p1|Kyogre, L50|\n|poke|p1|Zamazenta-*, L50|\n|poke|p1|Chien-Pao, L50|\n|poke|p1|Amoonguss, L50, M|\n|poke|p1|Dragonite, L50, M|\n|poke|p1|Rillaboom, L50, F|\n|poke|p2|Groudon, L50|\n|poke|p2|Miraidon, L50|\n|poke|p2|Volcarona, L50, F|\n|poke|p2|Gouging Fire, L50|\n|poke|p2|Farigiraf, L50, M|\n|poke|p2|Iron Hands, L50|\n|teampreview|4\n|inactive|Battle timer is ON: inactive players will automatically lose when time's up. (requested by ConnerTEP)\n|inactive|blackred123 also wants the timer to be on.\n|\n|t:|1772515506\n|teamsize|p1|4\n|teamsize|p2|4\n|start\n|switch|p1a: Zamazenta|Zamazenta-Crowned, L50|100/100\n|switch|p1b: Chien-Pao|Chien-Pao, L50|100/100\n|switch|p2a: Miraidon|Miraidon, L50|100/100\n|switch|p2b: Volcarona|Volcarona, L50, F|100/100\n|-fieldstart|move: Electric Terrain|[from] ability: Hadron Engine|[of] p2a: Miraidon\n|-ability|p1b: Chien-Pao|Sword of Ruin\n|-ability|p1a: Zamazenta|Dauntless Shield|boost\n|-boost|p1a: Zamazenta|def|1\n|turn|1\n|inactive|blackred123 has 30 seconds left.\n|\n|t:|1772515537\n|-terastallize|p1a: Zamazenta|Grass\n|move|p2b: Volcarona|Rage Powder|p2b: Volcarona\n|-singleturn|p2b: Volcarona|move: Rage Powder\n|move|p2a: Miraidon|Electro Drift|p1a: Zamazenta\n|-resisted|p1a: Zamazenta\n|-damage|p1a: Zamazenta|69/100\n|move|p1b: Chien-Pao|Ice Spinner|p2b: Volcarona\n|-resisted|p2b: Volcarona\n|-damage|p2b: Volcarona|75/100\n|-damage|p1b: Chien-Pao|84/100|[from] item: Rocky Helmet|[of] p2b: Volcarona\n|-fieldend|move: Electric Terrain\n|move|p1a: Zamazenta|Body Press|p2a: Miraidon\n|-damage|p2a: Miraidon|24/100\n|\n|upkeep\n|turn|2\n|\n|t:|1772515556\n|move|p2a: Miraidon|Electro Drift|p1b: Chien-Pao\n|-damage|p1b: Chien-Pao|0 fnt\n|faint|p1b: Chien-Pao\n|move|p1a: Zamazenta|Body Press|p2a: Miraidon\n|-crit|p2a: Miraidon\n|-damage|p2a: Miraidon|0 fnt\n|faint|p2a: Miraidon\n|move|p2b: Volcarona|Will-O-Wisp|p1a: Zamazenta\n|-status|p1a: Zamazenta|brn\n|\n|-damage|p1a: Zamazenta|63/100 brn|[from] brn\n|upkeep\n|\n|t:|1772515567\n|switch|p1b: Dragonite|Dragonite, L50, M|100/100\n|switch|p2a: Iron Hands|Iron Hands, L50|100/100\n|turn|3\n|\n|t:|1772515591\n|switch|p1a: Kyogre|Kyogre, L50|100/100\n|-weather|RainDance|[from] ability: Drizzle|[of] p1a: Kyogre\n|move|p1b: Dragonite|Aqua Jet|p2b: Volcarona\n|-supereffective|p2b: Volcarona\n|-damage|p2b: Volcarona|4/100\n|-damage|p1b: Dragonite|84/100|[from] item: Rocky Helmet|[of] p2b: Volcarona\n|move|p2b: Volcarona|Overheat|p1a: Kyogre\n|-resisted|p1a: Kyogre\n|-damage|p1a: Kyogre|90/100\n|-unboost|p2b: Volcarona|spa|2\n|move|p2a: Iron Hands|Ice Punch|p1b: Dragonite\n|-supereffective|p1b: Dragonite\n|-damage|p1b: Dragonite|0 fnt\n|faint|p1b: Dragonite\n|\n|-weather|RainDance|[upkeep]\n|upkeep\n|\n|t:|1772515605\n|switch|p1b: Zamazenta|Zamazenta-Crowned, L50, tera:Grass|63/100 brn\n|turn|4\n|\n|t:|1772515622\n|-end|p2a: Iron Hands|Quark Drive|[silent]\n|switch|p2a: Groudon|Groudon, L50|100/100\n|-weather|SunnyDay|[from] ability: Drought|[of] p2a: Groudon\n|move|p2b: Volcarona|Rage Powder|p2b: Volcarona\n|-singleturn|p2b: Volcarona|move: Rage Powder\n|move|p1a: Kyogre|Water Spout|p2b: Volcarona|[spread] p2a,p2b\n|-supereffective|p2a: Groudon\n|-supereffective|p2b: Volcarona\n|-damage|p2a: Groudon|59/100\n|-damage|p2b: Volcarona|0 fnt\n|faint|p2b: Volcarona\n|move|p1b: Zamazenta|Body Press|p2a: Groudon\n|-damage|p2a: Groudon|44/100\n|\n|-weather|SunnyDay|[upkeep]\n|-damage|p1b: Zamazenta|57/100 brn|[from] brn\n|upkeep\n|\n|t:|1772515627\n|switch|p2b: Iron Hands|Iron Hands, L50|100/100\n|turn|5\n|inactive|ConnerTEP has 30 seconds left.\n|inactive|ConnerTEP has 20 seconds left.\n|\n|t:|1772515664\n|move|p1b: Zamazenta|Wide Guard|p1b: Zamazenta\n|-singleturn|p1b: Zamazenta|Wide Guard\n|move|p2b: Iron Hands|Fake Out|p1a: Kyogre\n|-damage|p1a: Kyogre|74/100\n|cant|p1a: Kyogre|flinch\n|move|p2a: Groudon|Heat Crash|p1a: Kyogre\n|-resisted|p1a: Kyogre\n|-damage|p1a: Kyogre|56/100\n|\n|-weather|SunnyDay|[upkeep]\n|-damage|p1b: Zamazenta|50/100 brn|[from] brn\n|upkeep\n|turn|6\n|\n|t:|1772515679\n|move|p2a: Groudon|Protect|p2a: Groudon\n|-singleturn|p2a: Groudon|Protect\n|move|p1a: Kyogre|Water Spout|p2b: Iron Hands|[spread] p2b\n|-activate|p2a: Groudon|move: Protect\n|-damage|p2b: Iron Hands|92/100\n|move|p1b: Zamazenta|Body Press|p2a: Groudon\n|-activate|p2a: Groudon|move: Protect\n|move|p2b: Iron Hands|Ice Punch|p1b: Zamazenta\n|-supereffective|p1b: Zamazenta\n|-damage|p1b: Zamazenta|14/100 brn\n|\n|-weather|SunnyDay|[upkeep]\n|-damage|p1b: Zamazenta|8/100 brn|[from] brn\n|upkeep\n|turn|7\n|\n|t:|1772515687\n|move|p1a: Kyogre|Water Spout|p2a: Groudon|[spread] p2a,p2b\n|-supereffective|p2a: Groudon\n|-damage|p2a: Groudon|18/100\n|-damage|p2b: Iron Hands|84/100\n|move|p1b: Zamazenta|Body Press|p2a: Groudon\n|-damage|p2a: Groudon|4/100\n|move|p2a: Groudon|Precipice Blades|p1b: Zamazenta|[spread] \n|-miss|p2a: Groudon|p1a: Kyogre\n|-miss|p2a: Groudon|p1b: Zamazenta\n|move|p2b: Iron Hands|Low Kick|p1a: Kyogre\n|-damage|p1a: Kyogre|0 fnt\n|faint|p1a: Kyogre\n|\n|-weather|SunnyDay|[upkeep]\n|-damage|p1b: Zamazenta|2/100 brn|[from] brn\n|upkeep\n|turn|8\n|-message|blackred123 forfeited.\n|\n|win|ConnerTEP\n|raw|blackred123's rating: 1397 &rarr; <strong>1381</strong><br />(-16 for losing)\n|raw|ConnerTEP's rating: 1466 &rarr; <strong>1482</strong><br />(+16 for winning)\n|l|\u2606blackred123\n|player|p1|\n|l|\u2606ConnerTEP\n|player|p2|\n","uploadtime":1772515945,"views":12,"formatid":"gen9vgc2026regi","rating":1381,"private":0,"password":null}