{"id":"gen9vgc2026regi-2573242816","format":"[Gen 9] VGC 2026 Reg I","players":["KantineVGC","photon sheister"],"log":"|j|\u2606KantineVGC\n|j|\u2606photon sheister\n|t:|1775108107\n|gametype|doubles\n|player|p1|KantineVGC|roughneck-gen4|1439\n|player|p2|photon sheister|barry|1415\n|gen|9\n|tier|[Gen 9] VGC 2026 Reg I\n|rated|\n|rule|Species Clause: Limit one of each Pok\u00e9mon\n|rule|Item Clause: Limit 1 of each item\n|clearpoke\n|poke|p1|Miraidon, L50|\n|poke|p1|Kyogre, L50|\n|poke|p1|Roaring Moon, L50|\n|poke|p1|Ursaluna, L50, M|\n|poke|p1|Farigiraf, L50, F|\n|poke|p1|Urshifu-*, L50, F|\n|poke|p2|Miraidon, L50|\n|poke|p2|Lunala, L50|\n|poke|p2|Sylveon, L50, F|\n|poke|p2|Incineroar, L50, F|\n|poke|p2|Whimsicott, L50, M|\n|poke|p2|Urshifu-*, L50, M|\n|teampreview|4\n|\n|t:|1775108136\n|teamsize|p1|4\n|teamsize|p2|4\n|start\n|switch|p1a: Roaring Moon|Roaring Moon, L50|100/100\n|switch|p1b: Miraidon|Miraidon, L50|100/100\n|switch|p2a: Urshifu|Urshifu-Rapid-Strike, L50, M|100/100\n|switch|p2b: Whimsicott|Whimsicott, L50, M, shiny|100/100\n|-fieldstart|move: Electric Terrain|[from] ability: Hadron Engine|[of] p1b: Miraidon\n|-enditem|p1a: Roaring Moon|Booster Energy\n|-activate|p1a: Roaring Moon|ability: Protosynthesis|[fromitem]\n|-start|p1a: Roaring Moon|protosynthesisspe\n|turn|1\n|l|\u2606KantineVGC\n|player|p1|\n|j|\u2606KantineVGC\n|player|p1|KantineVGC|roughneck-gen4|\n|\n|t:|1775108169\n|move|p2b: Whimsicott|Tailwind|p2b: Whimsicott\n|-sidestart|p2: photon sheister|move: Tailwind\n|move|p2a: Urshifu|U-turn|p1a: Roaring Moon\n|-supereffective|p1a: Roaring Moon\n|-damage|p1a: Roaring Moon|3/100\n|\n|t:|1775108172\n|switch|p2a: Miraidon|Miraidon, L50, shiny|100/100|[from] U-turn\n|-activate|p2a: Miraidon|ability: Hadron Engine\n|move|p1a: Roaring Moon|Acrobatics|p2a: Miraidon\n|-resisted|p2a: Miraidon\n|-damage|p2a: Miraidon|80/100\n|move|p1b: Miraidon|Volt Switch|p2a: Miraidon\n|-resisted|p2a: Miraidon\n|-damage|p2a: Miraidon|60/100\n|-damage|p1b: Miraidon|91/100|[from] item: Life Orb\n|\n|t:|1775108181\n|switch|p1b: Farigiraf|Farigiraf, L50, F|100/100|[from] Volt Switch\n|-enditem|p1b: Farigiraf|Electric Seed\n|-boost|p1b: Farigiraf|def|1|[from] item: Electric Seed\n|\n|upkeep\n|turn|2\n|\n|t:|1775108188\n|-terastallize|p1b: Farigiraf|Grass\n|move|p1a: Roaring Moon|Protect|p1a: Roaring Moon\n|-singleturn|p1a: Roaring Moon|Protect\n|move|p2a: Miraidon|Draco Meteor|p1b: Farigiraf\n|-damage|p1b: Farigiraf|0 fnt\n|-unboost|p2a: Miraidon|spa|2\n|faint|p1b: Farigiraf\n|move|p2b: Whimsicott|Moonblast|p1a: Roaring Moon\n|-activate|p1a: Roaring Moon|move: Protect\n|\n|upkeep\n|\n|t:|1775108201\n|switch|p1b: Kyogre|Kyogre, L50|100/100\n|-weather|RainDance|[from] ability: Drizzle|[of] p1b: Kyogre\n|turn|3\n|\n|t:|1775108208\n|move|p2a: Miraidon|Draco Meteor|p1b: Kyogre\n|-damage|p1b: Kyogre|70/100\n|-unboost|p2a: Miraidon|spa|2\n|move|p2b: Whimsicott|Moonblast|p1a: Roaring Moon\n|-supereffective|p1a: Roaring Moon\n|-damage|p1a: Roaring Moon|0 fnt\n|faint|p1a: Roaring Moon\n|-end|p1a: Roaring Moon|Protosynthesis|[silent]\n|move|p1b: Kyogre|Ice Beam|p2a: Miraidon\n|-supereffective|p2a: Miraidon\n|-damage|p2a: Miraidon|0 fnt\n|faint|p2a: Miraidon\n|\n|-weather|RainDance|[upkeep]\n|upkeep\n|\n|t:|1775108215\n|switch|p1a: Miraidon|Miraidon, L50|91/100\n|switch|p2a: Urshifu|Urshifu-Rapid-Strike, L50, M|100/100\n|-activate|p1a: Miraidon|ability: Hadron Engine\n|turn|4\n|\n|t:|1775108222\n|move|p2b: Whimsicott|Moonblast|p1a: Miraidon\n|-supereffective|p1a: Miraidon\n|-damage|p1a: Miraidon|24/100\n|-unboost|p1a: Miraidon|spa|1\n|move|p2a: Urshifu|Surging Strikes|p1a: Miraidon\n|-resisted|p1a: Miraidon\n|-crit|p1a: Miraidon\n|-damage|p1a: Miraidon|2/100\n|-resisted|p1a: Miraidon\n|-crit|p1a: Miraidon\n|-damage|p1a: Miraidon|0 fnt\n|faint|p1a: Miraidon\n|-hitcount|p1: Miraidon|2\n|move|p1b: Kyogre|Ice Beam|p2b: Whimsicott\n|-supereffective|p2b: Whimsicott\n|-enditem|p2b: Whimsicott|Focus Sash\n|-damage|p2b: Whimsicott|1/100\n|\n|-weather|RainDance|[upkeep]\n|-sideend|p2: photon sheister|move: Tailwind\n|upkeep\n|turn|5\n|\n|t:|1775108229\n|move|p2b: Whimsicott|Endeavor|p1b: Kyogre\n|-damage|p1b: Kyogre|1/100\n|move|p2a: Urshifu|Surging Strikes|p1b: Kyogre\n|-resisted|p1b: Kyogre\n|-crit|p1b: Kyogre\n|-damage|p1b: Kyogre|0 fnt\n|faint|p1b: Kyogre\n|-hitcount|p1: Kyogre|1\n|\n|win|photon sheister\n|raw|KantineVGC's rating: 1439 &rarr; <strong>1418</strong><br />(-21 for losing)\n|raw|photon sheister's rating: 1415 &rarr; <strong>1436</strong><br />(+21 for winning)\n|l|\u2606KantineVGC\n|player|p1|\n|l|\u2606photon sheister\n|player|p2|\n","uploadtime":1775108428,"views":17,"formatid":"gen9vgc2026regi","rating":1418,"private":0,"password":null}