{"id":"gen9vgc2026regi-2546647824","format":"[Gen 9] VGC 2026 Reg I","players":["huanyu0.0","EllenJoe2026"],"log":"|j|\u2606huanyu0.0\n|j|\u2606EllenJoe2026\n|t:|1771988732\n|gametype|doubles\n|player|p1|huanyu0.0|170|1564\n|player|p2|EllenJoe2026|iono|1523\n|gen|9\n|tier|[Gen 9] VGC 2026 Reg I\n|rated|\n|rule|Species Clause: Limit one of each Pok\u00e9mon\n|rule|Item Clause: Limit 1 of each item\n|clearpoke\n|poke|p1|Terapagos, L50, M|\n|poke|p1|Indeedee-F, L50, F|\n|poke|p1|Groudon, L50|\n|poke|p1|Whimsicott, L50, F|\n|poke|p1|Volcarona, L50, M|\n|poke|p1|Raging Bolt, L50|\n|poke|p2|Calyrex-Shadow, L50|\n|poke|p2|Zamazenta-*, L50|\n|poke|p2|Incineroar, L50, F|\n|poke|p2|Rillaboom, L50, F|\n|poke|p2|Ogerpon-Cornerstone, L50, F|\n|poke|p2|Whimsicott, L50, F|\n|teampreview|4\n|inactive|Battle timer is ON: inactive players will automatically lose when time's up. (requested by EllenJoe2026)\n|inactive|EllenJoe2026 has 60 seconds left.\n|inactive|EllenJoe2026 has 30 seconds left.\n|\n|t:|1771988799\n|teamsize|p1|4\n|teamsize|p2|4\n|start\n|switch|p1a: Terapagos|Terapagos, L50, M|100/100\n|switch|p1b: Indeedee|Indeedee-F, L50, F|100/100\n|switch|p2a: Calyrex|Calyrex-Shadow, L50|100/100\n|switch|p2b: Whimsicott|Whimsicott, L50, F, shiny|100/100\n|-activate|p1a: Terapagos|ability: Tera Shift\n|detailschange|p1a: Terapagos|Terapagos-Terastal, L50, M\n|-heal|p1a: Terapagos|100/100|[silent]\n|-ability|p2a: Calyrex|As One\n|-ability|p2a: Calyrex|Unnerve\n|-fieldstart|move: Psychic Terrain|[from] ability: Psychic Surge|[of] p1b: Indeedee\n|turn|1\n|inactive|huanyu0.0 has 30 seconds left.\n|inactive|huanyu0.0 has 20 seconds left.\n|inactive|huanyu0.0 has 15 seconds left.\n|inactive|huanyu0.0 has 10 seconds left.\n|inactive|huanyu0.0 has 5 seconds left.\n|\n|t:|1771988852\n|switch|p2a: Rillaboom|Rillaboom, L50, F, shiny|100/100\n|-fieldstart|move: Grassy Terrain|[from] ability: Grassy Surge|[of] p2a: Rillaboom\n|-terastallize|p1a: Terapagos|Stellar\n|detailschange|p1a: Terapagos|Terapagos-Stellar, L50, M, tera:Stellar\n|-heal|p1a: Terapagos|100/100|[silent]\n|-ability|p1a: Terapagos|Teraform Zero\n|-fieldend|move: Grassy Terrain\n|move|p1b: Indeedee|Fake Out|p2b: Whimsicott\n|-damage|p2b: Whimsicott|87/100\n|cant|p2b: Whimsicott|flinch\n|move|p1a: Terapagos|Meteor Beam||[still]\n|-prepare|p1a: Terapagos|Meteor Beam\n|-boost|p1a: Terapagos|spa|1\n|-enditem|p1a: Terapagos|Power Herb\n|-anim|p1a: Terapagos|Meteor Beam|p2b: Whimsicott\n|-damage|p2b: Whimsicott|0 fnt\n|faint|p2b: Whimsicott\n|\n|upkeep\n|\n|t:|1771988869\n|switch|p2b: Zamazenta|Zamazenta-Crowned, L50, shiny|100/100\n|-ability|p2b: Zamazenta|Dauntless Shield|boost\n|-boost|p2b: Zamazenta|def|1\n|turn|2\n|\n|t:|1771988892\n|move|p1a: Terapagos|Protect|p1a: Terapagos\n|-singleturn|p1a: Terapagos|Protect\n|move|p1b: Indeedee|Follow Me|p1b: Indeedee\n|-singleturn|p1b: Indeedee|move: Follow Me\n|move|p2b: Zamazenta|Body Press|p1b: Indeedee\n|-damage|p1b: Indeedee|34/100\n|-enditem|p1b: Indeedee|Eject Button\n|\n|t:|1771988900\n|switch|p1b: Whimsicott|Whimsicott, L50, F|100/100\n|move|p2a: Rillaboom|U-turn|p1a: Terapagos\n|-activate|p1a: Terapagos|move: Protect\n|\n|upkeep\n|turn|3\n|\n|t:|1771988919\n|move|p1b: Whimsicott|Tailwind|p1b: Whimsicott\n|-sidestart|p1: huanyu0.0|move: Tailwind\n|move|p1a: Terapagos|Earth Power|p2b: Zamazenta\n|-supereffective|p2b: Zamazenta\n|-damage|p2b: Zamazenta|19/100\n|move|p2b: Zamazenta|Body Press|p1a: Terapagos\n|-supereffective|p1a: Terapagos\n|-damage|p1a: Terapagos|0 fnt\n|faint|p1a: Terapagos\n|detailschange|p1: Terapagos|Terapagos, L50, M|[silent]\n|move|p2a: Rillaboom|Wood Hammer|p1b: Whimsicott\n|-resisted|p1b: Whimsicott\n|-damage|p1b: Whimsicott|59/100\n|-damage|p2a: Rillaboom|92/100|[from] Recoil\n|\n|upkeep\n|\n|t:|1771988933\n|switch|p1a: Groudon|Groudon, L50|100/100\n|-weather|SunnyDay|[from] ability: Drought|[of] p1a: Groudon\n|turn|4\n|\n|t:|1771988955\n|-terastallize|p2a: Rillaboom|Fire\n|move|p2b: Zamazenta|Wide Guard|p2b: Zamazenta\n|-singleturn|p2b: Zamazenta|Wide Guard\n|move|p1b: Whimsicott|Taunt|p2b: Zamazenta\n|-start|p2b: Zamazenta|move: Taunt\n|move|p1a: Groudon|Heat Crash|p2a: Rillaboom\n|-resisted|p2a: Rillaboom\n|-damage|p2a: Rillaboom|39/100\n|move|p2a: Rillaboom|Wood Hammer|p1a: Groudon\n|-supereffective|p1a: Groudon\n|-damage|p1a: Groudon|24/100\n|-damage|p2a: Rillaboom|14/100|[from] Recoil\n|\n|-weather|SunnyDay|[upkeep]\n|upkeep\n|turn|5\n|inactive|EllenJoe2026 has 30 seconds left.\n|\n|t:|1771988990\n|switch|p2a: Calyrex|Calyrex-Shadow, L50|100/100\n|-ability|p2a: Calyrex|As One\n|-ability|p2a: Calyrex|Unnerve\n|move|p1b: Whimsicott|Encore|p2b: Zamazenta\n|-start|p2b: Zamazenta|Encore\n|move|p1a: Groudon|Heat Crash|p2a: Calyrex\n|-damage|p2a: Calyrex|0 fnt\n|faint|p2a: Calyrex\n|cant|p2b: Zamazenta|move: Taunt|Wide Guard\n|\n|-weather|SunnyDay|[upkeep]\n|upkeep\n|\n|t:|1771988993\n|switch|p2a: Rillaboom|Rillaboom, L50, F, shiny, tera:Fire|14/100\n|-fieldstart|move: Grassy Terrain|[from] ability: Grassy Surge|[of] p2a: Rillaboom\n|turn|6\n|\n|t:|1771989013\n|switch|p1b: Indeedee|Indeedee-F, L50, F|34/100\n|-fieldstart|move: Psychic Terrain|[from] ability: Psychic Surge|[of] p1b: Indeedee\n|move|p1a: Groudon|Heat Crash|p2a: Rillaboom\n|-resisted|p2a: Rillaboom\n|-damage|p2a: Rillaboom|0 fnt\n|faint|p2a: Rillaboom\n|-activate|p2b: Zamazenta|move: Struggle\n|move|p2b: Zamazenta|Struggle|p1a: Groudon\n|-damage|p1a: Groudon|15/100\n|-damage|p2b: Zamazenta|0 fnt|[from] recoil\n|faint|p2b: Zamazenta\n|\n|win|huanyu0.0\n|raw|huanyu0.0's rating: 1564 &rarr; <strong>1582</strong><br />(+18 for winning)\n|raw|EllenJoe2026's rating: 1523 &rarr; <strong>1505</strong><br />(-18 for losing)\n|l|\u2606EllenJoe2026\n|player|p2|\n|l|\u2606huanyu0.0\n|player|p1|\n","uploadtime":1771989194,"views":16,"formatid":"gen9vgc2026regi","rating":1505,"private":0,"password":null}