{"id":"gen9vgc2026regi-2518519492","format":"[Gen 9] VGC 2026 Reg I","players":["Schimmli","Billlmadz"],"log":"|j|\u2606Schimmli\n|j|\u2606Billlmadz\n|t:|1768400525\n|gametype|doubles\n|player|p1|Schimmli|1|1447\n|player|p2|Billlmadz|red|1338\n|gen|9\n|tier|[Gen 9] VGC 2026 Reg I\n|rated|\n|rule|Species Clause: Limit one of each Pok\u00e9mon\n|rule|Item Clause: Limit 1 of each item\n|clearpoke\n|poke|p1|Terapagos, L50, M|\n|poke|p1|Calyrex-Shadow, L50|\n|poke|p1|Flutter Mane, L50|\n|poke|p1|Ogerpon-Cornerstone, L50, F|\n|poke|p1|Incineroar, L50, F|\n|poke|p1|Rillaboom, L50, F|\n|poke|p2|Miraidon, L50|\n|poke|p2|Zamazenta-*, L50|\n|poke|p2|Chien-Pao, L50|\n|poke|p2|Entei, L50|\n|poke|p2|Iron Hands, L50|\n|poke|p2|Farigiraf, L50, F|\n|teampreview|4\n|\n|t:|1768400562\n|teamsize|p1|4\n|teamsize|p2|4\n|start\n|switch|p1a: Terapagos|Terapagos, L50, M|100/100\n|switch|p1b: Rillaboom|Rillaboom, L50, F|100/100\n|switch|p2a: Miraidon|Miraidon, L50|100/100\n|switch|p2b: Entei|Entei, L50|100/100\n|-activate|p1a: Terapagos|ability: Tera Shift\n|detailschange|p1a: Terapagos|Terapagos-Terastal, L50, M\n|-heal|p1a: Terapagos|100/100|[silent]\n|-fieldstart|move: Electric Terrain|[from] ability: Hadron Engine|[of] p2a: Miraidon\n|-fieldstart|move: Grassy Terrain|[from] ability: Grassy Surge|[of] p1b: Rillaboom\n|turn|1\n|\n|t:|1768400584\n|switch|p1b: Incineroar|Incineroar, L50, F, shiny|100/100\n|-ability|p1b: Incineroar|Intimidate|boost\n|-unboost|p2a: Miraidon|atk|1\n|-fail|p2b: Entei|unboost|Attack|[from] ability: Inner Focus|[of] p2b: Entei\n|move|p1a: Terapagos|Protect|p1a: Terapagos\n|-singleturn|p1a: Terapagos|Protect\n|move|p2a: Miraidon|Snarl|p1a: Terapagos|[spread] p1b\n|-activate|p1a: Terapagos|move: Protect\n|-resisted|p1b: Incineroar\n|-damage|p1b: Incineroar|94/100\n|-unboost|p1b: Incineroar|spa|1\n|move|p2b: Entei|Sacred Fire|p1b: Incineroar\n|-resisted|p1b: Incineroar\n|-damage|p1b: Incineroar|68/100\n|\n|-heal|p1b: Incineroar|74/100|[from] Grassy Terrain\n|upkeep\n|turn|2\n|\n|t:|1768400606\n|switch|p2a: Zamazenta|Zamazenta-Crowned, L50|100/100\n|-ability|p2a: Zamazenta|Dauntless Shield|boost\n|-boost|p2a: Zamazenta|def|1\n|move|p1b: Incineroar|Fake Out|p2a: Zamazenta\n|-resisted|p2a: Zamazenta\n|-damage|p2a: Zamazenta|98/100\n|move|p2b: Entei|Sacred Fire|p1a: Terapagos\n|-activate|p1a: Terapagos|ability: Tera Shell\n|-resisted|p1a: Terapagos\n|-crit|p1a: Terapagos\n|-damage|p1a: Terapagos|62/100\n|move|p1a: Terapagos|Calm Mind|p1a: Terapagos\n|-boost|p1a: Terapagos|spa|1\n|-boost|p1a: Terapagos|spd|1\n|\n|-heal|p2a: Zamazenta|100/100|[from] Grassy Terrain\n|-heal|p1a: Terapagos|68/100|[from] Grassy Terrain\n|-heal|p1a: Terapagos|74/100|[from] item: Leftovers\n|-heal|p1b: Incineroar|80/100|[from] Grassy Terrain\n|upkeep\n|turn|3\n|\n|t:|1768400629\n|-terastallize|p1a: Terapagos|Stellar\n|detailschange|p1a: Terapagos|Terapagos-Stellar, L50, M, tera:Stellar\n|-heal|p1a: Terapagos|81/100|[silent]\n|-ability|p1a: Terapagos|Teraform Zero\n|-fieldend|move: Grassy Terrain\n|move|p2a: Zamazenta|Body Press|p1b: Incineroar\n|-supereffective|p1b: Incineroar\n|-crit|p1b: Incineroar\n|-damage|p1b: Incineroar|0 fnt\n|-damage|p2a: Zamazenta|84/100|[from] item: Rocky Helmet|[of] p1b: Incineroar\n|faint|p1b: Incineroar\n|move|p2b: Entei|Sacred Fire|p1a: Terapagos\n|-damage|p1a: Terapagos|42/100\n|move|p1a: Terapagos|Earth Power|p2a: Zamazenta\n|-supereffective|p2a: Zamazenta\n|-damage|p2a: Zamazenta|12/100\n|\n|-heal|p1a: Terapagos|48/100|[from] item: Leftovers\n|upkeep\n|\n|t:|1768400647\n|switch|p1b: Calyrex|Calyrex-Shadow, L50|100/100\n|-ability|p1b: Calyrex|As One\n|-ability|p1b: Calyrex|Unnerve\n|turn|4\n|\n|t:|1768400670\n|switch|p2a: Chien-Pao|Chien-Pao, L50, shiny|100/100\n|-ability|p2a: Chien-Pao|Sword of Ruin\n|-terastallize|p2b: Entei|Normal\n|move|p1b: Calyrex|Astral Barrage|p2b: Entei|[spread] p2a\n|-immune|p2b: Entei\n|-resisted|p2a: Chien-Pao\n|-damage|p2a: Chien-Pao|51/100\n|move|p2b: Entei|Sacred Fire|p1a: Terapagos\n|-damage|p1a: Terapagos|0 fnt\n|faint|p1a: Terapagos\n|detailschange|p1: Terapagos|Terapagos, L50, M|[silent]\n|\n|upkeep\n|\n|t:|1768400684\n|switch|p1a: Rillaboom|Rillaboom, L50, F|100/100\n|-fieldstart|move: Grassy Terrain|[from] ability: Grassy Surge|[of] p1a: Rillaboom\n|turn|5\n|\n|t:|1768400693\n|move|p1a: Rillaboom|Fake Out|p2a: Chien-Pao\n|-damage|p2a: Chien-Pao|35/100\n|cant|p2a: Chien-Pao|flinch\n|move|p1b: Calyrex|Disable|p2b: Entei\n|-start|p2b: Entei|Disable|Sacred Fire\n|cant|p2b: Entei|Disable|Sacred Fire\n|\n|-heal|p2a: Chien-Pao|40/100|[from] Grassy Terrain\n|upkeep\n|turn|6\n|\n|t:|1768400719\n|switch|p2b: Miraidon|Miraidon, L50|100/100\n|-fieldstart|move: Electric Terrain|[from] ability: Hadron Engine|[of] p2b: Miraidon\n|move|p2a: Chien-Pao|Sucker Punch||[still]\n|-fail|p2a: Chien-Pao\n|move|p1b: Calyrex|Will-O-Wisp|p2a: Chien-Pao\n|-status|p2a: Chien-Pao|brn\n|move|p1a: Rillaboom|Wood Hammer|p2b: Miraidon\n|-resisted|p2b: Miraidon\n|-damage|p2b: Miraidon|67/100\n|-damage|p1a: Rillaboom|90/100|[from] Recoil\n|\n|-damage|p2a: Chien-Pao|35/100 brn|[from] brn\n|upkeep\n|turn|7\n|\n|t:|1768400789\n|move|p1b: Calyrex|Protect|p1b: Calyrex\n|-singleturn|p1b: Calyrex|Protect\n|move|p2a: Chien-Pao|Sucker Punch||[still]\n|-fail|p2a: Chien-Pao\n|move|p2b: Miraidon|Volt Switch|p1b: Calyrex\n|-activate|p1b: Calyrex|move: Protect\n|move|p1a: Rillaboom|U-turn|p2a: Chien-Pao\n|-supereffective|p2a: Chien-Pao\n|-damage|p2a: Chien-Pao|0 fnt\n|faint|p2a: Chien-Pao\n|\n|upkeep\n|\n|t:|1768400796\n|switch|p2a: Entei|Entei, L50, tera:Normal|100/100\n|turn|8\n|\n|t:|1768400806\n|move|p2b: Miraidon|Volt Switch|p1b: Calyrex\n|-damage|p1b: Calyrex|27/100\n|\n|t:|1768400809\n|switch|p2b: Zamazenta|Zamazenta-Crowned, L50|12/100|[from] Volt Switch\n|move|p1b: Calyrex|Will-O-Wisp|p2a: Entei\n|-status|p2a: Entei|brn\n|move|p2a: Entei|Flare Blitz|p1b: Calyrex\n|-damage|p1b: Calyrex|0 fnt\n|faint|p1b: Calyrex\n|-damage|p2a: Entei|93/100 brn|[from] Recoil\n|move|p1a: Rillaboom|Wood Hammer|p2a: Entei\n|-damage|p2a: Entei|39/100 brn\n|-damage|p1a: Rillaboom|72/100|[from] Recoil\n|\n|-damage|p2a: Entei|33/100 brn|[from] brn\n|upkeep\n|turn|9\n|-message|Schimmli forfeited.\n|\n|win|Billlmadz\n|raw|Schimmli's rating: 1447 &rarr; <strong>1421</strong><br />(-26 for losing)\n|raw|Billlmadz's rating: 1338 &rarr; <strong>1364</strong><br />(+26 for winning)\n|l|\u2606Schimmli\n|player|p1|\n","uploadtime":1768401057,"views":20,"formatid":"gen9vgc2026regi","rating":1364,"private":0,"password":null}