{"id":"gen9vgc2026regi-2566907411","format":"[Gen 9] VGC 2026 Reg I","players":["lstdddsg","Galact7adi"],"log":"|j|\u2606lstdddsg\n|j|\u2606Galact7adi\n|t:|1774427970\n|gametype|doubles\n|player|p1|lstdddsg|riley|1456\n|player|p2|Galact7adi|266|1497\n|gen|9\n|tier|[Gen 9] VGC 2026 Reg I\n|rated|\n|rule|Species Clause: Limit one of each Pok\u00e9mon\n|rule|Item Clause: Limit 1 of each item\n|clearpoke\n|poke|p1|Giratina-Origin, L50|\n|poke|p1|Zamazenta-*, L50|\n|poke|p1|Chien-Pao, L50|\n|poke|p1|Entei, L50|\n|poke|p1|Urshifu-*, L50, F|\n|poke|p1|Rillaboom, L50, M|\n|poke|p2|Miraidon, L50|\n|poke|p2|Calyrex-Ice, L50|\n|poke|p2|Farigiraf, L50, F|\n|poke|p2|Iron Hands, L50|\n|poke|p2|Incineroar, L50, F|\n|poke|p2|Smeargle, L50, M|\n|teampreview|4\n|inactive|Battle timer is ON: inactive players will automatically lose when time's up. (requested by Galact7adi)\n|inactive|lstdddsg also wants the timer to be on.\n|inactive|lstdddsg has 60 seconds left.\n|inactive|Galact7adi has 60 seconds left.\n|\n|t:|1774428009\n|teamsize|p1|4\n|teamsize|p2|4\n|start\n|switch|p1a: Zamazenta|Zamazenta-Crowned, L50|100/100\n|switch|p1b: Chien-Pao|Chien-Pao, L50|100/100\n|switch|p2a: Incineroar|Incineroar, L50, F|100/100\n|switch|p2b: Farigiraf|Farigiraf, L50, F|100/100\n|-ability|p1b: Chien-Pao|Sword of Ruin\n|-ability|p1a: Zamazenta|Dauntless Shield|boost\n|-boost|p1a: Zamazenta|def|1\n|-ability|p2a: Incineroar|Intimidate|boost\n|-unboost|p1a: Zamazenta|atk|1\n|-unboost|p1b: Chien-Pao|atk|1\n|turn|1\n|\n|t:|1774428028\n|-terastallize|p1a: Zamazenta|Ghost\n|-terastallize|p2b: Farigiraf|Water\n|move|p2a: Incineroar|Fake Out|p1a: Zamazenta\n|-immune|p1a: Zamazenta\n|move|p1b: Chien-Pao|Ruination|p2b: Farigiraf\n|-damage|p2b: Farigiraf|51/100\n|move|p1a: Zamazenta|Body Press|p2a: Incineroar\n|-supereffective|p2a: Incineroar\n|-damage|p2a: Incineroar|0 fnt\n|-damage|p1a: Zamazenta|84/100|[from] item: Rocky Helmet|[of] p2a: Incineroar\n|faint|p2a: Incineroar\n|move|p2b: Farigiraf|Trick Room|p2b: Farigiraf\n|-fieldstart|move: Trick Room|[of] p2b: Farigiraf\n|\n|upkeep\n|\n|t:|1774428037\n|switch|p2a: Iron Hands|Iron Hands, L50|100/100\n|turn|2\n|inactive|lstdddsg has 30 seconds left.\n|\n|t:|1774428070\n|switch|p1b: Rillaboom|Rillaboom, L50, M|100/100\n|-fieldstart|move: Grassy Terrain|[from] ability: Grassy Surge|[of] p1b: Rillaboom\n|move|p2a: Iron Hands|Drain Punch|p1b: Rillaboom\n|-damage|p1b: Rillaboom|67/100\n|move|p2b: Farigiraf|Foul Play|p1a: Zamazenta\n|-supereffective|p1a: Zamazenta\n|-crit|p1a: Zamazenta\n|-damage|p1a: Zamazenta|38/100\n|move|p1a: Zamazenta|Body Press|p2a: Iron Hands\n|-damage|p2a: Iron Hands|56/100\n|\n|-heal|p2a: Iron Hands|62/100|[from] Grassy Terrain\n|-heal|p2b: Farigiraf|57/100|[from] Grassy Terrain\n|-heal|p1b: Rillaboom|73/100|[from] Grassy Terrain\n|-heal|p1a: Zamazenta|45/100|[from] Grassy Terrain\n|upkeep\n|turn|3\n|inactive|lstdddsg has 30 seconds left.\n|\n|t:|1774428100\n|switch|p2b: Miraidon|Miraidon, L50|100/100\n|-fieldstart|move: Electric Terrain|[from] ability: Hadron Engine|[of] p2b: Miraidon\n|-activate|p2a: Iron Hands|ability: Quark Drive\n|-start|p2a: Iron Hands|quarkdriveatk\n|move|p1a: Zamazenta|Protect|p1a: Zamazenta\n|-singleturn|p1a: Zamazenta|Protect\n|move|p2a: Iron Hands|Drain Punch|p1b: Rillaboom\n|-damage|p1b: Rillaboom|26/100\n|-heal|p2a: Iron Hands|82/100|[from] drain|[of] p1b: Rillaboom\n|move|p1b: Rillaboom|Wood Hammer|p2b: Miraidon\n|-resisted|p2b: Miraidon\n|-damage|p2b: Miraidon|73/100\n|-damage|p1b: Rillaboom|18/100|[from] Recoil\n|\n|upkeep\n|turn|4\n|inactive|lstdddsg has 30 seconds left.\n|inactive|lstdddsg has 20 seconds left.\n|inactive|lstdddsg has 15 seconds left.\n|\n|t:|1774428145\n|move|p2a: Iron Hands|Wild Charge|p1a: Zamazenta\n|-damage|p1a: Zamazenta|11/100\n|-damage|p2a: Iron Hands|75/100|[from] Recoil\n|move|p1b: Rillaboom|U-turn|p2b: Miraidon\n|-damage|p2b: Miraidon|52/100\n|\n|t:|1774428151\n|switch|p1b: Chien-Pao|Chien-Pao, L50|100/100|[from] U-turn\n|-ability|p1b: Chien-Pao|Sword of Ruin\n|move|p1a: Zamazenta|Body Press|p2b: Miraidon\n|-damage|p2b: Miraidon|0 fnt\n|faint|p2b: Miraidon\n|\n|upkeep\n|\n|t:|1774428158\n|switch|p2b: Farigiraf|Farigiraf, L50, F, tera:Water|57/100\n|-enditem|p2b: Farigiraf|Electric Seed\n|-boost|p2b: Farigiraf|def|1|[from] item: Electric Seed\n|turn|5\n|j| helpo69\n|\n|t:|1774428169\n|move|p1a: Zamazenta|Protect|p1a: Zamazenta\n|-singleturn|p1a: Zamazenta|Protect\n|move|p1b: Chien-Pao|Protect|p1b: Chien-Pao\n|-singleturn|p1b: Chien-Pao|Protect\n|move|p2a: Iron Hands|Drain Punch|p1b: Chien-Pao\n|-activate|p1b: Chien-Pao|move: Protect\n|move|p2b: Farigiraf|Roar|p1a: Zamazenta\n|drag|p1a: Entei|Entei, L50|100/100\n|\n|-fieldend|move: Trick Room\n|upkeep\n|turn|6\n|\n|t:|1774428186\n|move|p2b: Farigiraf|Helping Hand|p2a: Iron Hands\n|-singleturn|p2a: Iron Hands|Helping Hand|[of] p2b: Farigiraf\n|move|p1b: Chien-Pao|Ruination|p2a: Iron Hands\n|-damage|p2a: Iron Hands|38/100\n|move|p1a: Entei|Sacred Fire|p2a: Iron Hands\n|-damage|p2a: Iron Hands|0 fnt\n|faint|p2a: Iron Hands\n|-end|p2a: Iron Hands|Quark Drive|[silent]\n|-damage|p1a: Entei|91/100|[from] item: Life Orb\n|\n|upkeep\n|turn|7\n|-message|Galact7adi forfeited.\n|\n|win|lstdddsg\n|raw|lstdddsg's rating: 1456 &rarr; <strong>1478</strong><br />(+22 for winning)\n|raw|Galact7adi's rating: 1497 &rarr; <strong>1475</strong><br />(-22 for losing)\n|l|\u2606Galact7adi\n|player|p2|\n|l|\u2606lstdddsg\n|player|p1|\n|l| helpo69\n","uploadtime":1774428364,"views":13,"formatid":"gen9vgc2026regi","rating":1475,"private":0,"password":null}