{"id":"gen9vgc2026regi-2587200145","format":"[Gen 9] VGC 2026 Reg I","players":["angrybook","blackred123"],"log":"|j|\u2606angrybook\n|j|\u2606blackred123\n|t:|1776507976\n|gametype|doubles\n|player|p1|angrybook|pokemaniac|1615\n|player|p2|blackred123|iono-masters|1710\n|gen|9\n|tier|[Gen 9] VGC 2026 Reg I\n|rated|\n|rule|Species Clause: Limit one of each Pok\u00e9mon\n|rule|Item Clause: Limit 1 of each item\n|clearpoke\n|poke|p1|Calyrex-Ice, L50|\n|poke|p1|Miraidon, L50|\n|poke|p1|Iron Hands, L50|\n|poke|p1|Ogerpon-Cornerstone, L50, F|\n|poke|p1|Farigiraf, L50, M|\n|poke|p1|Iron Bundle, L50|\n|poke|p2|Calyrex-Shadow, L50|\n|poke|p2|Zamazenta-*, L50|\n|poke|p2|Tornadus, L50, M|\n|poke|p2|Rillaboom, L50, M|\n|poke|p2|Ogerpon-Hearthflame, L50, F|\n|poke|p2|Raging Bolt, L50|\n|teampreview|4\n|inactive|Battle timer is ON: inactive players will automatically lose when time's up. (requested by blackred123)\n|\n|t:|1776508007\n|teamsize|p1|4\n|teamsize|p2|4\n|start\n|switch|p1a: Erhmantraut|Calyrex-Ice, L50|100/100\n|switch|p1b: 33rd to 1st|Iron Hands, L50, shiny|100/100\n|switch|p2a: Zamazenta|Zamazenta-Crowned, L50|100/100\n|switch|p2b: Rillaboom|Rillaboom, L50, M|100/100\n|-ability|p1a: Erhmantraut|As One\n|-ability|p1a: Erhmantraut|Unnerve\n|-ability|p2a: Zamazenta|Dauntless Shield|boost\n|-boost|p2a: Zamazenta|def|1\n|-fieldstart|move: Grassy Terrain|[from] ability: Grassy Surge|[of] p2b: Rillaboom\n|turn|1\n|\n|t:|1776508023\n|-end|p1b: 33rd to 1st|Quark Drive|[silent]\n|switch|p1b: Miraidon|Miraidon, L50|100/100\n|-fieldstart|move: Electric Terrain|[from] ability: Hadron Engine|[of] p1b: Miraidon\n|move|p1a: Erhmantraut|Protect|p1a: Erhmantraut\n|-singleturn|p1a: Erhmantraut|Protect\n|move|p2b: Rillaboom|Fake Out|p1b: Miraidon\n|-damage|p1b: Miraidon|88/100\n|move|p2a: Zamazenta|Body Press|p1b: Miraidon\n|-crit|p1b: Miraidon\n|-damage|p1b: Miraidon|0 fnt\n|faint|p1b: Miraidon\n|\n|upkeep\n|\n|t:|1776508039\n|switch|p1b: 33rd to 1st|Iron Hands, L50, shiny|100/100\n|-activate|p1b: 33rd to 1st|ability: Quark Drive\n|-start|p1b: 33rd to 1st|quarkdriveatk\n|turn|2\n|\n|t:|1776508051\n|move|p2a: Zamazenta|Body Press|p1a: Erhmantraut\n|-damage|p1a: Erhmantraut|58/100\n|move|p2b: Rillaboom|U-turn|p1a: Erhmantraut\n|-supereffective|p1a: Erhmantraut\n|-damage|p1a: Erhmantraut|29/100\n|\n|t:|1776508056\n|switch|p2b: Raging Bolt|Raging Bolt, L50|100/100|[from] U-turn\n|-enditem|p2b: Raging Bolt|Booster Energy\n|-activate|p2b: Raging Bolt|ability: Protosynthesis|[fromitem]\n|-start|p2b: Raging Bolt|protosynthesisspa\n|move|p1b: 33rd to 1st|Low Kick|p2a: Zamazenta\n|-supereffective|p2a: Zamazenta\n|-damage|p2a: Zamazenta|34/100\n|move|p1a: Erhmantraut|Trick Room|p1a: Erhmantraut\n|-fieldstart|move: Trick Room|[of] p1a: Erhmantraut\n|\n|upkeep\n|turn|3\n|\n|t:|1776508070\n|-terastallize|p2b: Raging Bolt|Electric\n|move|p1a: Erhmantraut|Protect|p1a: Erhmantraut\n|-singleturn|p1a: Erhmantraut|Protect\n|move|p2a: Zamazenta|Protect|p2a: Zamazenta\n|-singleturn|p2a: Zamazenta|Protect\n|move|p1b: 33rd to 1st|Low Kick|p2b: Raging Bolt\n|-damage|p2b: Raging Bolt|21/100\n|move|p2b: Raging Bolt|Thunderbolt|p1a: Erhmantraut\n|-activate|p1a: Erhmantraut|move: Protect\n|\n|upkeep\n|turn|4\n|\n|t:|1776508080\n|move|p1a: Erhmantraut|Protect|p1a: Erhmantraut\n|-singleturn|p1a: Erhmantraut|Protect\n|move|p2b: Raging Bolt|Thunderclap||[still]\n|-fail|p2b: Raging Bolt\n|move|p1b: 33rd to 1st|Low Kick|p2b: Raging Bolt\n|-damage|p2b: Raging Bolt|0 fnt\n|faint|p2b: Raging Bolt\n|-end|p2b: Raging Bolt|Protosynthesis|[silent]\n|move|p2a: Zamazenta|Body Press|p1b: 33rd to 1st\n|-damage|p1b: 33rd to 1st|52/100\n|\n|upkeep\n|\n|t:|1776508086\n|switch|p2b: Rillaboom|Rillaboom, L50, M|100/100\n|-fieldstart|move: Grassy Terrain|[from] ability: Grassy Surge|[of] p2b: Rillaboom\n|-end|p1b: 33rd to 1st|Quark Drive\n|turn|5\n|\n|t:|1776508097\n|-terastallize|p1a: Erhmantraut|Fairy\n|move|p2b: Rillaboom|Fake Out|p1a: Erhmantraut\n|-damage|p1a: Erhmantraut|21/100\n|move|p1b: 33rd to 1st|Low Kick|p2a: Zamazenta\n|-supereffective|p2a: Zamazenta\n|-damage|p2a: Zamazenta|0 fnt\n|faint|p2a: Zamazenta\n|cant|p1a: Erhmantraut|flinch\n|\n|-heal|p1b: 33rd to 1st|58/100|[from] Grassy Terrain\n|-heal|p1a: Erhmantraut|27/100|[from] Grassy Terrain\n|upkeep\n|\n|t:|1776508100\n|switch|p2a: Calyrex|Calyrex-Shadow, L50|100/100\n|-ability|p2a: Calyrex|As One\n|-ability|p2a: Calyrex|Unnerve\n|turn|6\n|\n|t:|1776508108\n|move|p2a: Calyrex|Protect|p2a: Calyrex\n|-singleturn|p2a: Calyrex|Protect\n|move|p2b: Rillaboom|Grassy Glide|p1a: Erhmantraut\n|-damage|p1a: Erhmantraut|6/100\n|move|p1b: 33rd to 1st|Drain Punch|p2b: Rillaboom\n|-damage|p2b: Rillaboom|66/100\n|-heal|p1b: 33rd to 1st|73/100|[from] drain|[of] p2b: Rillaboom\n|move|p1a: Erhmantraut|Glacial Lance|p2b: Rillaboom|[spread] p2b\n|-activate|p2a: Calyrex|move: Protect\n|-supereffective|p2b: Rillaboom\n|-damage|p2b: Rillaboom|0 fnt\n|faint|p2b: Rillaboom\n|-ability|p1a: Erhmantraut|Chilling Neigh|boost\n|-boost|p1a: Erhmantraut|atk|1\n|\n|-heal|p1b: 33rd to 1st|79/100|[from] Grassy Terrain\n|-heal|p1a: Erhmantraut|12/100|[from] Grassy Terrain\n|-fieldend|move: Trick Room\n|upkeep\n|turn|7\n|\n|t:|1776508122\n|move|p2a: Calyrex|Astral Barrage|p1a: Erhmantraut|[spread] p1a,p1b\n|-damage|p1a: Erhmantraut|0 fnt\n|-damage|p1b: 33rd to 1st|51/100\n|faint|p1a: Erhmantraut\n|-ability|p2a: Calyrex|Grim Neigh|boost\n|-boost|p2a: Calyrex|spa|1\n|move|p1b: 33rd to 1st|Wild Charge|p2a: Calyrex\n|-damage|p2a: Calyrex|36/100\n|-damage|p1b: 33rd to 1st|39/100|[from] Recoil\n|\n|-heal|p2a: Calyrex|42/100|[from] Grassy Terrain\n|-heal|p1b: 33rd to 1st|45/100|[from] Grassy Terrain\n|upkeep\n|\n|t:|1776508126\n|switch|p1a: Krampusnacht|Iron Bundle, L50, shiny|100/100\n|turn|8\n|\n|t:|1776508137\n|move|p2a: Calyrex|Astral Barrage|p1b: 33rd to 1st|[spread] p1a,p1b\n|-enditem|p1a: Krampusnacht|Focus Sash\n|-damage|p1a: Krampusnacht|1/100\n|-damage|p1b: 33rd to 1st|4/100\n|move|p1a: Krampusnacht|Freeze-Dry|p2a: Calyrex\n|-damage|p2a: Calyrex|9/100\n|move|p1b: 33rd to 1st|Wild Charge|p2a: Calyrex\n|-damage|p2a: Calyrex|0 fnt\n|faint|p2a: Calyrex\n|-damage|p1b: 33rd to 1st|2/100|[from] Recoil\n|\n|win|angrybook\n|raw|angrybook's rating: 1615 &rarr; <strong>1640</strong><br />(+25 for winning)\n|raw|blackred123's rating: 1710 &rarr; <strong>1685</strong><br />(-25 for losing)\n|c|\u2606angrybook|gg\n|l|\u2606angrybook\n|player|p1|\n|l|\u2606blackred123\n|player|p2|\n","uploadtime":1776508410,"views":32,"formatid":"gen9vgc2026regi","rating":1640,"private":0,"password":null}