{"id":"gen9vgc2026regi-2544774505","format":"[Gen 9] VGC 2026 Reg I","players":["Bef6","VJ2511"],"log":"|j|\u2606Bef6\n|j|\u2606VJ2511\n|t:|1771757042\n|gametype|doubles\n|player|p1|Bef6|2|1595\n|player|p2|VJ2511|red-masters3|1578\n|gen|9\n|tier|[Gen 9] VGC 2026 Reg I\n|rated|\n|rule|Species Clause: Limit one of each Pok\u00e9mon\n|rule|Item Clause: Limit 1 of each item\n|clearpoke\n|poke|p1|Ho-Oh, L50|\n|poke|p1|Koraidon, L50|\n|poke|p1|Flutter Mane, L50|\n|poke|p1|Incineroar, L50, M|\n|poke|p1|Raging Bolt, L50|\n|poke|p1|Rhydon, L50, M|\n|poke|p2|Calyrex-Shadow, L50|\n|poke|p2|Zamazenta-*, L50|\n|poke|p2|Chien-Pao, L50|\n|poke|p2|Dragonite, L50, F|\n|poke|p2|Raging Bolt, L50|\n|poke|p2|Amoonguss, L50, M|\n|teampreview|4\n|inactive|Battle timer is ON: inactive players will automatically lose when time's up. (requested by VJ2511)\n|inactive|Bef6 has 60 seconds left.\n|\n|t:|1771757090\n|teamsize|p1|4\n|teamsize|p2|4\n|start\n|switch|p1a: Ho-Oh|Ho-Oh, L50|100/100\n|switch|p1b: Rhydon|Rhydon, L50, M|100/100\n|switch|p2a: Calyrex|Calyrex-Shadow, L50|100/100\n|switch|p2b: Dragonite|Dragonite, L50, F, shiny|100/100\n|-ability|p2a: Calyrex|As One\n|-ability|p2a: Calyrex|Unnerve\n|turn|1\n|\n|t:|1771757117\n|-terastallize|p2b: Dragonite|Normal\n|move|p2b: Dragonite|Extreme Speed|p1a: Ho-Oh\n|-damage|p1a: Ho-Oh|43/100\n|move|p2a: Calyrex|Astral Barrage|p1b: Rhydon|[spread] p1a,p1b\n|-damage|p1a: Ho-Oh|8/100\n|-damage|p1b: Rhydon|62/100\n|move|p1a: Ho-Oh|Brave Bird|p2a: Calyrex\n|-damage|p2a: Calyrex|27/100\n|-damage|p1a: Ho-Oh|0 fnt|[from] Recoil\n|faint|p1a: Ho-Oh\n|move|p1b: Rhydon|High Horsepower|p2a: Calyrex\n|-damage|p2a: Calyrex|0 fnt\n|faint|p2a: Calyrex\n|\n|upkeep\n|\n|t:|1771757138\n|switch|p2a: Chien-Pao|Chien-Pao, L50|100/100\n|switch|p1a: Koraidon|Koraidon, L50|100/100\n|-ability|p2a: Chien-Pao|Sword of Ruin\n|-weather|SunnyDay|[from] ability: Orichalcum Pulse|[of] p1a: Koraidon\n|-activate|p1a: Koraidon|Orichalcum Pulse|[source]\n|turn|2\n|\n|t:|1771757147\n|move|p1a: Koraidon|Protect|p1a: Koraidon\n|-singleturn|p1a: Koraidon|Protect\n|move|p2b: Dragonite|Extreme Speed|p1a: Koraidon\n|-activate|p1a: Koraidon|move: Protect\n|move|p2a: Chien-Pao|Ice Spinner|p1b: Rhydon\n|-supereffective|p1b: Rhydon\n|-damage|p1b: Rhydon|18/100\n|move|p1b: Rhydon|Rock Slide|p2b: Dragonite|[spread] p2a,p2b\n|-supereffective|p2a: Chien-Pao\n|-damage|p2a: Chien-Pao|28/100\n|-damage|p2b: Dragonite|66/100\n|\n|-weather|SunnyDay|[upkeep]\n|upkeep\n|turn|3\n|inactive|Bef6 has 30 seconds left.\n|inactive|Bef6 has 20 seconds left.\n|inactive|Bef6 has 15 seconds left.\n|inactive|VJ2511 has 30 seconds left.\n|\n|t:|1771757191\n|-terastallize|p1a: Koraidon|Fire\n|move|p2b: Dragonite|Extreme Speed|p1a: Koraidon\n|-damage|p1a: Koraidon|16/100\n|move|p2a: Chien-Pao|Icy Wind|p1b: Rhydon|[spread] p1b\n|-miss|p2a: Chien-Pao|p1a: Koraidon\n|-supereffective|p1b: Rhydon\n|-damage|p1b: Rhydon|3/100\n|-unboost|p1b: Rhydon|spe|1\n|move|p1a: Koraidon|Dragon Claw|p2a: Chien-Pao\n|-damage|p2a: Chien-Pao|0 fnt\n|faint|p2a: Chien-Pao\n|-damage|p1a: Koraidon|7/100|[from] item: Life Orb\n|move|p1b: Rhydon|Rock Slide|p2b: Dragonite\n|-damage|p2b: Dragonite|33/100\n|\n|-weather|SunnyDay|[upkeep]\n|upkeep\n|\n|t:|1771757197\n|switch|p2a: Zamazenta|Zamazenta-Crowned, L50|100/100\n|-ability|p2a: Zamazenta|Dauntless Shield|boost\n|-boost|p2a: Zamazenta|def|1\n|turn|4\n|\n|t:|1771757213\n|switch|p1a: Flutter Mane|Flutter Mane, L50|100/100\n|-activate|p1a: Flutter Mane|ability: Protosynthesis\n|-start|p1a: Flutter Mane|protosynthesisspe\n|move|p2b: Dragonite|Extreme Speed|p1a: Flutter Mane\n|-immune|p1a: Flutter Mane\n|move|p2a: Zamazenta|Heavy Slam|p1b: Rhydon\n|-supereffective|p1b: Rhydon\n|-damage|p1b: Rhydon|0 fnt\n|faint|p1b: Rhydon\n|\n|-weather|SunnyDay|[upkeep]\n|upkeep\n|\n|t:|1771757219\n|switch|p1b: Koraidon|Koraidon, L50, tera:Fire|7/100\n|-activate|p1b: Koraidon|ability: Orichalcum Pulse\n|turn|5\n|\n|t:|1771757231\n|move|p1b: Koraidon|Protect|p1b: Koraidon\n|-singleturn|p1b: Koraidon|Protect\n|move|p2b: Dragonite|Extreme Speed|p1b: Koraidon\n|-activate|p1b: Koraidon|move: Protect\n|move|p1a: Flutter Mane|Moonblast|p2b: Dragonite\n|-damage|p2b: Dragonite|0 fnt\n|faint|p2b: Dragonite\n|move|p2a: Zamazenta|Heavy Slam|p1a: Flutter Mane\n|-supereffective|p1a: Flutter Mane\n|-enditem|p1a: Flutter Mane|Focus Sash\n|-damage|p1a: Flutter Mane|1/100\n|\n|-weather|SunnyDay|[upkeep]\n|upkeep\n|turn|6\n|\n|t:|1771757238\n|move|p2a: Zamazenta|Protect|p2a: Zamazenta\n|-singleturn|p2a: Zamazenta|Protect\n|move|p1a: Flutter Mane|Moonblast|p2a: Zamazenta\n|-activate|p2a: Zamazenta|move: Protect\n|move|p1b: Koraidon|Flare Blitz|p2a: Zamazenta\n|-activate|p2a: Zamazenta|move: Protect\n|\n|-weather|none\n|-end|p1a: Flutter Mane|Protosynthesis\n|upkeep\n|turn|7\n|\n|t:|1771757247\n|move|p1a: Flutter Mane|Moonblast|p2a: Zamazenta\n|-damage|p2a: Zamazenta|68/100\n|move|p1b: Koraidon|Flare Blitz|p2a: Zamazenta\n|-supereffective|p2a: Zamazenta\n|-damage|p2a: Zamazenta|0 fnt\n|faint|p2a: Zamazenta\n|-damage|p1b: Koraidon|0 fnt|[from] Recoil\n|faint|p1b: Koraidon\n|\n|win|Bef6\n|raw|Bef6's rating: 1595 &rarr; <strong>1614</strong><br />(+19 for winning)\n|raw|VJ2511's rating: 1578 &rarr; <strong>1559</strong><br />(-19 for losing)\n|l|\u2606VJ2511\n|player|p2|\n|l|\u2606Bef6\n|player|p1|\n","uploadtime":1771757438,"views":74,"formatid":"gen9vgc2026regi","rating":1559,"private":0,"password":null}