{"id":"gen9vgc2026regi-2522999611","format":"[Gen 9] VGC 2026 Reg I","players":["Fogdocker","goomba number two"],"log":"|j|\u2606Fogdocker\n|j|\u2606goomba number two\n|t:|1768969580\n|gametype|doubles\n|player|p1|Fogdocker|169|1456\n|player|p2|goomba number two|266|1446\n|gen|9\n|tier|[Gen 9] VGC 2026 Reg I\n|rated|\n|rule|Species Clause: Limit one of each Pok\u00e9mon\n|rule|Item Clause: Limit 1 of each item\n|clearpoke\n|poke|p1|Calyrex-Ice, L50|\n|poke|p1|Kyogre, L50|\n|poke|p1|Urshifu-*, L50, M|\n|poke|p1|Rillaboom, L50, F|\n|poke|p1|Landorus, L50, M|\n|poke|p1|Tornadus, L50, M|\n|poke|p2|Miraidon, L50|\n|poke|p2|Lunala, L50|\n|poke|p2|Sylveon, L50, M|\n|poke|p2|Incineroar, L50, M|\n|poke|p2|Whimsicott, L50, F|\n|poke|p2|Urshifu-*, L50, M|\n|teampreview|4\n|\n|t:|1768969620\n|teamsize|p1|4\n|teamsize|p2|4\n|start\n|switch|p1a: Calyrex|Calyrex-Ice, L50|100/100\n|switch|p1b: Rillaboom|Rillaboom, L50, F|100/100\n|switch|p2a: Urshifu|Urshifu-Rapid-Strike, L50, M|100/100\n|switch|p2b: Whimsicott|Whimsicott, L50, F, shiny|100/100\n|-ability|p1a: Calyrex|As One\n|-ability|p1a: Calyrex|Unnerve\n|-fieldstart|move: Grassy Terrain|[from] ability: Grassy Surge|[of] p1b: Rillaboom\n|turn|1\n|\n|t:|1768969646\n|switch|p2a: Lunala|Lunala, L50|100/100\n|move|p2b: Whimsicott|Endeavor|p1a: Calyrex\n|-damage|p1a: Calyrex|58/100\n|move|p1b: Rillaboom|U-turn|p2a: Lunala\n|-damage|p2a: Lunala|92/100\n|\n|t:|1768969659\n|switch|p1b: Landorus|Landorus, L50, M|100/100|[from] U-turn\n|move|p1a: Calyrex|Glacial Lance|p2b: Whimsicott|[spread] p2a,p2b\n|-supereffective|p2b: Whimsicott\n|-damage|p2a: Lunala|56/100\n|-enditem|p2b: Whimsicott|Focus Sash\n|-damage|p2b: Whimsicott|1/100\n|\n|-heal|p2b: Whimsicott|7/100|[from] Grassy Terrain\n|-heal|p2a: Lunala|63/100|[from] Grassy Terrain\n|-heal|p1a: Calyrex|64/100|[from] Grassy Terrain\n|-heal|p1a: Calyrex|70/100|[from] item: Leftovers\n|upkeep\n|turn|2\n|\n|t:|1768969674\n|move|p1a: Calyrex|Protect|p1a: Calyrex\n|-singleturn|p1a: Calyrex|Protect\n|move|p2b: Whimsicott|Endeavor|p1b: Landorus\n|-damage|p1b: Landorus|5/100\n|move|p1b: Landorus|Earth Power|p2b: Whimsicott\n|-resisted|p2b: Whimsicott\n|-damage|p2b: Whimsicott|0 fnt\n|faint|p2b: Whimsicott\n|move|p2a: Lunala|Moongeist Beam|p1a: Calyrex\n|-activate|p1a: Calyrex|move: Protect\n|\n|-heal|p2a: Lunala|69/100|[from] Grassy Terrain\n|-heal|p1a: Calyrex|76/100|[from] Grassy Terrain\n|-heal|p1a: Calyrex|82/100|[from] item: Leftovers\n|upkeep\n|\n|t:|1768969686\n|switch|p2b: Miraidon|Miraidon, L50, shiny|100/100\n|-fieldstart|move: Electric Terrain|[from] ability: Hadron Engine|[of] p2b: Miraidon\n|-enditem|p2a: Lunala|Electric Seed\n|-boost|p2a: Lunala|def|1|[from] item: Electric Seed\n|turn|3\n|\n|t:|1768969709\n|switch|p1a: Rillaboom|Rillaboom, L50, F|100/100\n|-fieldstart|move: Grassy Terrain|[from] ability: Grassy Surge|[of] p1a: Rillaboom\n|move|p1b: Landorus|Protect|p1b: Landorus\n|-singleturn|p1b: Landorus|Protect\n|move|p2a: Lunala|Wide Guard|p2a: Lunala\n|-singleturn|p2a: Lunala|Wide Guard\n|move|p2b: Miraidon|Dazzling Gleam|p1b: Landorus|[spread] p1a\n|-activate|p1b: Landorus|move: Protect\n|-damage|p1a: Rillaboom|76/100\n|\n|-heal|p2a: Lunala|75/100|[from] Grassy Terrain\n|-heal|p1a: Rillaboom|82/100|[from] Grassy Terrain\n|upkeep\n|turn|4\n|\n|t:|1768969722\n|switch|p2b: Urshifu|Urshifu-Rapid-Strike, L50, M|100/100\n|move|p1a: Rillaboom|Fake Out|p2b: Urshifu\n|-damage|p2b: Urshifu|88/100\n|move|p1b: Landorus|Earth Power|p2b: Urshifu\n|-damage|p2b: Urshifu|0 fnt\n|faint|p2b: Urshifu\n|move|p2a: Lunala|Moongeist Beam|p1b: Landorus\n|-damage|p1b: Landorus|0 fnt\n|faint|p1b: Landorus\n|\n|-heal|p2a: Lunala|81/100|[from] Grassy Terrain\n|-heal|p1a: Rillaboom|88/100|[from] Grassy Terrain\n|upkeep\n|\n|t:|1768969732\n|switch|p1b: Calyrex|Calyrex-Ice, L50|82/100\n|switch|p2b: Miraidon|Miraidon, L50, shiny|100/100\n|-ability|p1b: Calyrex|As One\n|-ability|p1b: Calyrex|Unnerve\n|-fieldstart|move: Electric Terrain|[from] ability: Hadron Engine|[of] p2b: Miraidon\n|turn|5\n|\n|t:|1768969741\n|switch|p1a: Urshifu|Urshifu-Rapid-Strike, L50, M|100/100\n|move|p1b: Calyrex|Protect|p1b: Calyrex\n|-singleturn|p1b: Calyrex|Protect\n|move|p2b: Miraidon|Electro Drift|p1a: Urshifu\n|-supereffective|p1a: Urshifu\n|-damage|p1a: Urshifu|0 fnt\n|faint|p1a: Urshifu\n|move|p2a: Lunala|Moongeist Beam|p1b: Calyrex\n|-activate|p1b: Calyrex|move: Protect\n|\n|-heal|p1b: Calyrex|87/100|[from] item: Leftovers\n|upkeep\n|\n|t:|1768969743\n|switch|p1a: Rillaboom|Rillaboom, L50, F|88/100\n|-fieldstart|move: Grassy Terrain|[from] ability: Grassy Surge|[of] p1a: Rillaboom\n|turn|6\n|inactive|Battle timer is ON: inactive players will automatically lose when time's up. (requested by goomba number two)\n|\n|t:|1768969777\n|-terastallize|p2b: Miraidon|Fairy\n|move|p1a: Rillaboom|Fake Out|p2b: Miraidon\n|-damage|p2b: Miraidon|87/100\n|cant|p2b: Miraidon|flinch\n|move|p2a: Lunala|Moongeist Beam|p1b: Calyrex\n|-supereffective|p1b: Calyrex\n|-damage|p1b: Calyrex|26/100\n|move|p1b: Calyrex|Leech Seed|p2a: Lunala\n|-start|p2a: Lunala|move: Leech Seed\n|\n|-heal|p2b: Miraidon|92/100|[from] Grassy Terrain\n|-heal|p2a: Lunala|87/100|[from] Grassy Terrain\n|-heal|p1a: Rillaboom|94/100|[from] Grassy Terrain\n|-heal|p1b: Calyrex|31/100|[from] Grassy Terrain\n|-heal|p1b: Calyrex|37/100|[from] item: Leftovers\n|-damage|p2a: Lunala|75/100|[from] Leech Seed|[of] p1b: Calyrex\n|-heal|p1b: Calyrex|51/100|[silent]\n|upkeep\n|turn|7\n|j| riyuezi\n|inactive|Fogdocker has 30 seconds left.\n|\n|t:|1768969805\n|move|p1b: Calyrex|Protect|p1b: Calyrex\n|-singleturn|p1b: Calyrex|Protect\n|move|p2b: Miraidon|Electro Drift|p1b: Calyrex\n|-activate|p1b: Calyrex|move: Protect\n|move|p2a: Lunala|Moongeist Beam|p1a: Rillaboom\n|-damage|p1a: Rillaboom|60/100\n|move|p1a: Rillaboom|Wood Hammer|p2b: Miraidon\n|-damage|p2b: Miraidon|15/100\n|-damage|p1a: Rillaboom|38/100|[from] Recoil\n|\n|-heal|p2b: Miraidon|20/100|[from] Grassy Terrain\n|-heal|p2a: Lunala|81/100|[from] Grassy Terrain\n|-heal|p1a: Rillaboom|44/100|[from] Grassy Terrain\n|-heal|p1b: Calyrex|57/100|[from] Grassy Terrain\n|-heal|p1b: Calyrex|62/100|[from] item: Leftovers\n|-damage|p2a: Lunala|69/100|[from] Leech Seed|[of] p1b: Calyrex\n|-heal|p1b: Calyrex|76/100|[silent]\n|upkeep\n|turn|8\n|\n|t:|1768969822\n|-terastallize|p1b: Calyrex|Water\n|move|p1a: Rillaboom|Grassy Glide|p2b: Miraidon\n|-damage|p2b: Miraidon|0 fnt\n|faint|p2b: Miraidon\n|move|p2a: Lunala|Moongeist Beam|p1b: Calyrex\n|-damage|p1b: Calyrex|43/100\n|move|p1b: Calyrex|Glacial Lance|p2a: Lunala\n|-damage|p2a: Lunala|32/100\n|\n|-heal|p2a: Lunala|38/100|[from] Grassy Terrain\n|-heal|p1a: Rillaboom|50/100|[from] Grassy Terrain\n|-heal|p1b: Calyrex|49/100|[from] Grassy Terrain\n|-heal|p1b: Calyrex|55/100|[from] item: Leftovers\n|-damage|p2a: Lunala|25/100|[from] Leech Seed|[of] p1b: Calyrex\n|-heal|p1b: Calyrex|69/100|[silent]\n|upkeep\n|turn|9\n|-message|goomba number two forfeited.\n|\n|win|Fogdocker\n|raw|Fogdocker's rating: 1456 &rarr; <strong>1475</strong><br />(+19 for winning)\n|raw|goomba number two's rating: 1446 &rarr; <strong>1427</strong><br />(-19 for losing)\n|l|\u2606goomba number two\n|player|p2|\n|l|\u2606Fogdocker\n|player|p1|\n|l| riyuezi\n","uploadtime":1768970026,"views":17,"formatid":"gen9vgc2026regi","rating":1427,"private":0,"password":null}