{"id":"gen9vgc2026regi-2525286594","format":"[Gen 9] VGC 2026 Reg I","players":["jpto5","zebraschinge"],"log":"|j|\u2606jpto5\n|j|\u2606zebraschinge\n|t:|1769263214\n|gametype|doubles\n|player|p1|jpto5|170|1211\n|player|p2|zebraschinge|101|1348\n|gen|9\n|tier|[Gen 9] VGC 2026 Reg I\n|rated|\n|rule|Species Clause: Limit one of each Pok\u00e9mon\n|rule|Item Clause: Limit 1 of each item\n|clearpoke\n|poke|p1|Tornadus, L50, M|\n|poke|p1|Kyogre, L50|\n|poke|p1|Zacian-*, L50|\n|poke|p1|Incineroar, L50, M|\n|poke|p1|Basculegion, L50, M|\n|poke|p1|Kilowattrel, L50, F|\n|poke|p2|Miraidon, L50|\n|poke|p2|Grimmsnarl, L50, M|\n|poke|p2|Calyrex-Ice, L50|\n|poke|p2|Farigiraf, L50, F|\n|poke|p2|Tornadus, L50, M|\n|poke|p2|Diglett, L50, F|\n|teampreview|4\n|inactive|Battle timer is ON: inactive players will automatically lose when time's up. (requested by zebraschinge)\n|inactive|jpto5 also wants the timer to be on.\n|inactive|jpto5 has 60 seconds left.\n|\n|t:|1769263248\n|teamsize|p1|4\n|teamsize|p2|4\n|start\n|switch|p1a: Kyogre|Kyogre, L50|100/100\n|switch|p1b: Zacian|Zacian-Crowned, L50|100/100\n|switch|p2a: High Horsepow miss|Calyrex-Ice, L50|100/100\n|switch|p2b: Olangaar|Grimmsnarl, L50, M|100/100\n|-ability|p2a: High Horsepow miss|As One\n|-ability|p2a: High Horsepow miss|Unnerve\n|-ability|p1b: Zacian|Intrepid Sword|boost\n|-boost|p1b: Zacian|atk|1\n|-weather|RainDance|[from] ability: Drizzle|[of] p1a: Kyogre\n|-item|p1a: Kyogre|Assault Vest|[from] ability: Frisk|[of] p2b: Olangaar\n|-item|p1b: Zacian|Rusted Sword|[from] ability: Frisk|[of] p2b: Olangaar\n|turn|1\n|inactive|zebraschinge has 30 seconds left.\n|\n|t:|1769263274\n|-terastallize|p2a: High Horsepow miss|Water\n|move|p2b: Olangaar|Fake Out|p1a: Kyogre\n|-damage|p1a: Kyogre|84/100\n|move|p1b: Zacian|Behemoth Blade|p2a: High Horsepow miss\n|-resisted|p2a: High Horsepow miss\n|-damage|p2a: High Horsepow miss|70/100\n|cant|p1a: Kyogre|flinch\n|move|p2a: High Horsepow miss|Trick Room|p2a: High Horsepow miss\n|-fieldstart|move: Trick Room|[of] p2a: High Horsepow miss\n|\n|-weather|RainDance|[upkeep]\n|upkeep\n|turn|2\n|\n|t:|1769263293\n|move|p2a: High Horsepow miss|Glacial Lance|p1a: Kyogre|[spread] p1a,p1b\n|-resisted|p1a: Kyogre\n|-resisted|p1b: Zacian\n|-damage|p1a: Kyogre|50/100\n|-damage|p1b: Zacian|72/100\n|move|p2b: Olangaar|Spirit Break|p1a: Kyogre\n|-damage|p1a: Kyogre|10/100\n|-unboost|p1a: Kyogre|spa|1\n|move|p1a: Kyogre|Thunder|p2a: High Horsepow miss\n|-supereffective|p2a: High Horsepow miss\n|-damage|p2a: High Horsepow miss|26/100\n|move|p1b: Zacian|Sacred Sword|p2a: High Horsepow miss\n|-damage|p2a: High Horsepow miss|0 fnt\n|faint|p2a: High Horsepow miss\n|\n|-weather|RainDance|[upkeep]\n|upkeep\n|\n|t:|1769263312\n|switch|p2a: Miraidon|Miraidon, L50|100/100\n|-fieldstart|move: Electric Terrain|[from] ability: Hadron Engine|[of] p2a: Miraidon\n|turn|3\n|\n|t:|1769263324\n|switch|p1a: Incineroar|Incineroar, L50, M|100/100\n|-ability|p1a: Incineroar|Intimidate|boost\n|-unboost|p2a: Miraidon|atk|1\n|-unboost|p2b: Olangaar|atk|1\n|move|p2b: Olangaar|Spirit Break|p1a: Incineroar\n|-damage|p1a: Incineroar|78/100\n|-unboost|p1a: Incineroar|spa|1\n|-enditem|p1a: Incineroar|Eject Pack\n|\n|t:|1769263335\n|switch|p1a: Kyogre|Kyogre, L50|10/100\n|move|p2a: Miraidon|Electro Drift|p1b: Zacian\n|-damage|p1b: Zacian|0 fnt\n|faint|p1b: Zacian\n|-damage|p2a: Miraidon|91/100|[from] item: Life Orb\n|\n|-weather|RainDance|[upkeep]\n|upkeep\n|\n|t:|1769263348\n|switch|p1b: Incineroar|Incineroar, L50, M|78/100\n|-ability|p1b: Incineroar|Intimidate|boost\n|-unboost|p2a: Miraidon|atk|1\n|-unboost|p2b: Olangaar|atk|1\n|turn|4\n|\n|t:|1769263365\n|move|p1b: Incineroar|Knock Off|p2a: Miraidon\n|-damage|p2a: Miraidon|61/100\n|-enditem|p2a: Miraidon|Life Orb|[from] move: Knock Off|[of] p1b: Incineroar\n|move|p2b: Olangaar|Spirit Break|p1a: Kyogre\n|-damage|p1a: Kyogre|0 fnt\n|faint|p1a: Kyogre\n|move|p2a: Miraidon|Electro Drift|p1b: Incineroar\n|-damage|p1b: Incineroar|3/100\n|\n|-weather|RainDance|[upkeep]\n|upkeep\n|\n|t:|1769263373\n|switch|p1a: Basculegion|Basculegion, L50, M|100/100\n|turn|5\n|\n|t:|1769263391\n|move|p1b: Incineroar|Knock Off|p2b: Olangaar\n|-resisted|p2b: Olangaar\n|-crit|p2b: Olangaar\n|-damage|p2b: Olangaar|82/100\n|-enditem|p2b: Olangaar|Assault Vest|[from] move: Knock Off|[of] p1b: Incineroar\n|move|p2b: Olangaar|Spirit Break|p1b: Incineroar\n|-damage|p1b: Incineroar|0 fnt\n|faint|p1b: Incineroar\n|move|p2a: Miraidon|Electro Drift|p1a: Basculegion\n|-supereffective|p1a: Basculegion\n|-damage|p1a: Basculegion|0 fnt\n|faint|p1a: Basculegion\n|\n|win|zebraschinge\n|raw|jpto5's rating: 1211 &rarr; <strong>1195</strong><br />(-16 for losing)\n|raw|zebraschinge's rating: 1348 &rarr; <strong>1360</strong><br />(+12 for winning)\n|l|\u2606jpto5\n|player|p1|\n|l|\u2606zebraschinge\n|player|p2|\n","uploadtime":1769263587,"views":11,"formatid":"gen9vgc2026regi","rating":1195,"private":0,"password":null}