{"id":"gen9vgc2026regi-2526982888","format":"[Gen 9] VGC 2026 Reg I","players":["we all hate ursf","Cello L."],"log":"|j|\u2606we all hate ursf\n|j|\u2606Cello L.\n|t:|1769478071\n|gametype|doubles\n|player|p1|we all hate ursf|shadowtriad|1460\n|player|p2|Cello L.|psychic-gen4|1511\n|gen|9\n|tier|[Gen 9] VGC 2026 Reg I\n|rated|\n|rule|Species Clause: Limit one of each Pok\u00e9mon\n|rule|Item Clause: Limit 1 of each item\n|clearpoke\n|poke|p1|Groudon, L50|\n|poke|p1|Calyrex-Ice, L50|\n|poke|p1|Lilligant-Hisui, L50, F|\n|poke|p1|Flutter Mane, L50|\n|poke|p1|Chi-Yu, L50|\n|poke|p1|Raging Bolt, L50|\n|poke|p2|Miraidon, L50|\n|poke|p2|Lunala, L50|\n|poke|p2|Ursaluna, L50, F|\n|poke|p2|Urshifu-*, L50, M|\n|poke|p2|Whimsicott, L50, M|\n|poke|p2|Incineroar, L50, M|\n|teampreview|4\n|inactive|Battle timer is ON: inactive players will automatically lose when time's up. (requested by we all hate ursf)\n|inactive|Cello L. has 60 seconds left.\n|\n|t:|1769478103\n|teamsize|p1|4\n|teamsize|p2|4\n|start\n|switch|p1a: Groudon|Groudon, L50, shiny|100/100\n|switch|p1b: Lilligant|Lilligant-Hisui, L50, F, shiny|100/100\n|switch|p2a: Miraidon|Miraidon, L50|100/100\n|switch|p2b: Incineroar|Incineroar, L50, M|100/100\n|-fieldstart|move: Electric Terrain|[from] ability: Hadron Engine|[of] p2a: Miraidon\n|-weather|SunnyDay|[from] ability: Drought|[of] p1a: Groudon\n|-ability|p2b: Incineroar|Intimidate|boost\n|-unboost|p1a: Groudon|atk|1\n|-unboost|p1b: Lilligant|atk|1\n|turn|1\n|\n|t:|1769478117\n|move|p2b: Incineroar|Fake Out|p1a: Groudon\n|-damage|p1a: Groudon|92/100\n|move|p1b: Lilligant|Coaching|p1a: Groudon\n|-boost|p1a: Groudon|atk|1\n|-boost|p1a: Groudon|def|1\n|move|p2a: Miraidon|Volt Switch|p1b: Lilligant\n|-resisted|p1b: Lilligant\n|-damage|p1b: Lilligant|33/100\n|\n|t:|1769478127\n|switch|p2a: Lunala|Lunala, L50|100/100|[from] Volt Switch\n|-enditem|p2a: Lunala|Electric Seed\n|-boost|p2a: Lunala|def|1|[from] item: Electric Seed\n|cant|p1a: Groudon|flinch\n|\n|-weather|SunnyDay|[upkeep]\n|upkeep\n|turn|2\n|inactive|Cello L. has 30 seconds left.\n|\n|t:|1769478155\n|move|p1b: Lilligant|Coaching|p1a: Groudon\n|-boost|p1a: Groudon|atk|1\n|-boost|p1a: Groudon|def|1\n|move|p1a: Groudon|High Horsepower|p2b: Incineroar\n|-supereffective|p2b: Incineroar\n|-damage|p2b: Incineroar|0 fnt\n|faint|p2b: Incineroar\n|move|p2a: Lunala|Moongeist Beam|p1a: Groudon\n|-damage|p1a: Groudon|53/100\n|\n|-weather|SunnyDay|[upkeep]\n|upkeep\n|\n|t:|1769478171\n|switch|p2b: Miraidon|Miraidon, L50|100/100\n|-activate|p2b: Miraidon|ability: Hadron Engine\n|turn|3\n|inactive|Cello L. has 30 seconds left.\n|\n|t:|1769478203\n|move|p1b: Lilligant|After You|p1a: Groudon\n|-activate|p1a: Groudon|move: After You\n|move|p1a: Groudon|Precipice Blades|p2a: Lunala|[spread] p2a,p2b\n|-supereffective|p2b: Miraidon\n|-damage|p2a: Lunala|82/100\n|-damage|p2b: Miraidon|0 fnt\n|faint|p2b: Miraidon\n|move|p2a: Lunala|Moongeist Beam|p1b: Lilligant\n|-damage|p1b: Lilligant|0 fnt\n|faint|p1b: Lilligant\n|\n|-weather|SunnyDay|[upkeep]\n|upkeep\n|\n|t:|1769478213\n|switch|p2b: Ursaluna|Ursaluna, L50, F|100/100\n|switch|p1b: Chi-Yu|Chi-Yu, L50, shiny|100/100\n|-ability|p1b: Chi-Yu|Beads of Ruin\n|turn|4\n|inactive|we all hate ursf has 30 seconds left.\n|\n|t:|1769478242\n|-terastallize|p2a: Lunala|Fairy\n|move|p2a: Lunala|Wide Guard|p2a: Lunala\n|-singleturn|p2a: Lunala|Wide Guard\n|move|p1b: Chi-Yu|Overheat|p2a: Lunala\n|-crit|p2a: Lunala\n|-damage|p2a: Lunala|0 fnt\n|-unboost|p1b: Chi-Yu|spa|2\n|faint|p2a: Lunala\n|move|p1a: Groudon|High Horsepower|p2b: Ursaluna\n|-damage|p2b: Ursaluna|41/100\n|move|p2b: Ursaluna|Earthquake|p1a: Groudon|[spread] p1a,p1b\n|-supereffective|p1b: Chi-Yu\n|-damage|p1a: Groudon|39/100\n|-damage|p1b: Chi-Yu|0 fnt\n|faint|p1b: Chi-Yu\n|\n|-weather|SunnyDay|[upkeep]\n|-status|p2b: Ursaluna|brn|[from] item: Flame Orb\n|upkeep\n|\n|t:|1769478254\n|switch|p1b: Calyrex|Calyrex-Ice, L50|100/100\n|-ability|p1b: Calyrex|As One\n|-ability|p1b: Calyrex|Unnerve\n|turn|5\n|\n|t:|1769478262\n|move|p1a: Groudon|High Horsepower|p2b: Ursaluna\n|-damage|p2b: Ursaluna|0 fnt\n|faint|p2b: Ursaluna\n|\n|win|we all hate ursf\n|raw|we all hate ursf's rating: 1460 &rarr; <strong>1483</strong><br />(+23 for winning)\n|raw|Cello L.'s rating: 1511 &rarr; <strong>1488</strong><br />(-23 for losing)\n|l|\u2606Cello L.\n|player|p2|\n|l|\u2606we all hate ursf\n|player|p1|\n","uploadtime":1769478492,"views":17,"formatid":"gen9vgc2026regi","rating":1483,"private":0,"password":null}