{"id":"gen9vgc2026regi-2517225384","format":"[Gen 9] VGC 2026 Reg I","players":["Rallen love Zizoe","dasabe\u76d6\u6b27\u5361\u4fa0"],"log":"|j|\u2606Rallen love Zizoe\n|j|\u2606dasabe\u76d6\u6b27\u5361\u4fa0\n|t:|1768240891\n|gametype|doubles\n|player|p1|Rallen love Zizoe|blackbelt-gen4dp|1392\n|player|p2|dasabe\u76d6\u6b27\u5361\u4fa0|may-masters4|1393\n|gen|9\n|tier|[Gen 9] VGC 2026 Reg I\n|rated|\n|rule|Species Clause: Limit one of each Pok\u00e9mon\n|rule|Item Clause: Limit 1 of each item\n|clearpoke\n|poke|p1|Zacian-*, L50|\n|poke|p1|Calyrex-Shadow, L50|\n|poke|p1|Incineroar, L50, M|\n|poke|p1|Whimsicott, L50, F|\n|poke|p1|Dondozo, L50, F|\n|poke|p1|Tatsugiri, L50, M|\n|poke|p2|Calyrex-Shadow, L50|\n|poke|p2|Koraidon, L50|\n|poke|p2|Chi-Yu, L50|\n|poke|p2|Tornadus, L50, M|\n|poke|p2|Indeedee-F, L50, F|\n|poke|p2|Smeargle, L50, M|\n|teampreview|4\n|\n|t:|1768240934\n|teamsize|p1|4\n|teamsize|p2|4\n|start\n|switch|p1a: Zacian|Zacian-Crowned, L50|100/100\n|switch|p1b: Whimsicott|Whimsicott, L50, F|100/100\n|switch|p2a: \u9a6c\u6b7b\u4e86|Calyrex-Shadow, L50|100/100\n|switch|p2b: \u7d2b\u5c3e\u723d\u98de|Tornadus, L50, M, shiny|100/100\n|-ability|p2a: \u9a6c\u6b7b\u4e86|As One\n|-ability|p2a: \u9a6c\u6b7b\u4e86|Unnerve\n|-ability|p1a: Zacian|Intrepid Sword|boost\n|-boost|p1a: Zacian|atk|1\n|turn|1\n|\n|t:|1768240951\n|-terastallize|p2a: \u9a6c\u6b7b\u4e86|Ghost\n|move|p1b: Whimsicott|Tailwind|p1b: Whimsicott\n|-sidestart|p1: Rallen love Zizoe|move: Tailwind\n|move|p2b: \u7d2b\u5c3e\u723d\u98de|Tailwind|p2b: \u7d2b\u5c3e\u723d\u98de\n|-sidestart|p2: dasabe\u76d6\u6b27\u5361\u4fa0|move: Tailwind\n|move|p2a: \u9a6c\u6b7b\u4e86|Astral Barrage|p1b: Whimsicott|[spread] p1a,p1b\n|-damage|p1a: Zacian|12/100\n|-damage|p1b: Whimsicott|0 fnt\n|faint|p1b: Whimsicott\n|-ability|p2a: \u9a6c\u6b7b\u4e86|Grim Neigh|boost\n|-boost|p2a: \u9a6c\u6b7b\u4e86|spa|1\n|move|p1a: Zacian|Behemoth Blade|p2a: \u9a6c\u6b7b\u4e86\n|-damage|p2a: \u9a6c\u6b7b\u4e86|0 fnt\n|faint|p2a: \u9a6c\u6b7b\u4e86\n|\n|upkeep\n|\n|t:|1768240963\n|switch|p2a: \u50bb\u903c|Chi-Yu, L50|100/100\n|switch|p1b: Dondozo|Dondozo, L50, F|100/100\n|-ability|p2a: \u50bb\u903c|Beads of Ruin\n|turn|2\n|\n|t:|1768240968\n|switch|p1a: Tatsugiri|Tatsugiri, L50, M|100/100\n|-activate|p1a: Tatsugiri|ability: Commander|[of] p1b: Dondozo\n|-boost|p1b: Dondozo|atk|2\n|-boost|p1b: Dondozo|spa|2\n|-boost|p1b: Dondozo|spe|2\n|-boost|p1b: Dondozo|def|2\n|-boost|p1b: Dondozo|spd|2\n|move|p2b: \u7d2b\u5c3e\u723d\u98de|Taunt|p1b: Dondozo\n|-start|p1b: Dondozo|move: Taunt\n|move|p2a: \u50bb\u903c|Dark Pulse|p1b: Dondozo\n|-damage|p1b: Dondozo|73/100\n|move|p1b: Dondozo|Wave Crash|p2a: \u50bb\u903c\n|-supereffective|p2a: \u50bb\u903c\n|-damage|p2a: \u50bb\u903c|0 fnt\n|faint|p2a: \u50bb\u903c\n|-damage|p1b: Dondozo|54/100|[from] Recoil\n|\n|-heal|p1b: Dondozo|60/100|[from] item: Leftovers\n|upkeep\n|\n|t:|1768240971\n|switch|p2a: \u4f60\u6731\u5417|Koraidon, L50, shiny|100/100\n|-weather|SunnyDay|[from] ability: Orichalcum Pulse|[of] p2a: \u4f60\u6731\u5417\n|-activate|p2a: \u4f60\u6731\u5417|Orichalcum Pulse|[source]\n|turn|3\n|\n|t:|1768240982\n|move|p2a: \u4f60\u6731\u5417|Close Combat|p1b: Dondozo\n|-damage|p1b: Dondozo|25/100\n|-unboost|p2a: \u4f60\u6731\u5417|def|1\n|-unboost|p2a: \u4f60\u6731\u5417|spd|1\n|-damage|p2a: \u4f60\u6731\u5417|91/100|[from] item: Life Orb\n|move|p2b: \u7d2b\u5c3e\u723d\u98de|Bleakwind Storm|p1a: Tatsugiri|[spread] p1b\n|-miss|p2b: \u7d2b\u5c3e\u723d\u98de|p1a: Tatsugiri\n|-damage|p1b: Dondozo|12/100\n|-unboost|p1b: Dondozo|spe|1\n|move|p1b: Dondozo|Order Up|p2a: \u4f60\u6731\u5417\n|-supereffective|p2a: \u4f60\u6731\u5417\n|-damage|p2a: \u4f60\u6731\u5417|3/100\n|-boost|p1b: Dondozo|atk|1\n|\n|-weather|SunnyDay|[upkeep]\n|-heal|p1b: Dondozo|18/100|[from] item: Leftovers\n|upkeep\n|turn|4\n|\n|t:|1768240991\n|move|p2a: \u4f60\u6731\u5417|Protect|p2a: \u4f60\u6731\u5417\n|-singleturn|p2a: \u4f60\u6731\u5417|Protect\n|move|p2b: \u7d2b\u5c3e\u723d\u98de|Bleakwind Storm|p1b: Dondozo|[spread] p1b\n|-miss|p2b: \u7d2b\u5c3e\u723d\u98de|p1a: Tatsugiri\n|-damage|p1b: Dondozo|3/100\n|move|p1b: Dondozo|Order Up|p2a: \u4f60\u6731\u5417\n|-activate|p2a: \u4f60\u6731\u5417|move: Protect\n|\n|-weather|SunnyDay|[upkeep]\n|-heal|p1b: Dondozo|9/100|[from] item: Leftovers\n|-end|p1b: Dondozo|move: Taunt\n|-sideend|p1: Rallen love Zizoe|move: Tailwind\n|-sideend|p2: dasabe\u76d6\u6b27\u5361\u4fa0|move: Tailwind\n|upkeep\n|turn|5\n|\n|t:|1768240997\n|move|p2a: \u4f60\u6731\u5417|Protect||[still]\n|-fail|p2a: \u4f60\u6731\u5417\n|move|p2b: \u7d2b\u5c3e\u723d\u98de|Bleakwind Storm|p1a: Tatsugiri|[spread] p1b\n|-miss|p2b: \u7d2b\u5c3e\u723d\u98de|p1a: Tatsugiri\n|-damage|p1b: Dondozo|0 fnt\n|faint|p1b: Dondozo\n|\n|-weather|SunnyDay|[upkeep]\n|upkeep\n|\n|t:|1768241000\n|switch|p1b: Zacian|Zacian-Crowned, L50|12/100\n|turn|6\n|\n|t:|1768241022\n|-terastallize|p1a: Tatsugiri|Stellar\n|move|p1b: Zacian|Protect|p1b: Zacian\n|-singleturn|p1b: Zacian|Protect\n|move|p2b: \u7d2b\u5c3e\u723d\u98de|Tailwind|p2b: \u7d2b\u5c3e\u723d\u98de\n|-sidestart|p2: dasabe\u76d6\u6b27\u5361\u4fa0|move: Tailwind\n|move|p2a: \u4f60\u6731\u5417|Close Combat|p1a: Tatsugiri\n|-enditem|p1a: Tatsugiri|Focus Sash\n|-damage|p1a: Tatsugiri|1/100\n|-unboost|p2a: \u4f60\u6731\u5417|def|1\n|-unboost|p2a: \u4f60\u6731\u5417|spd|1\n|-damage|p2a: \u4f60\u6731\u5417|0 fnt|[from] item: Life Orb\n|faint|p2a: \u4f60\u6731\u5417\n|move|p1a: Tatsugiri|Icy Wind|p2b: \u7d2b\u5c3e\u723d\u98de\n|-supereffective|p2b: \u7d2b\u5c3e\u723d\u98de\n|-damage|p2b: \u7d2b\u5c3e\u723d\u98de|50/100\n|-unboost|p2b: \u7d2b\u5c3e\u723d\u98de|spe|1\n|\n|-weather|SunnyDay|[upkeep]\n|upkeep\n|turn|7\n|\n|t:|1768241044\n|move|p1b: Zacian|Protect||[still]\n|-fail|p1b: Zacian\n|move|p2b: \u7d2b\u5c3e\u723d\u98de|Bleakwind Storm|p1b: Zacian|[spread] p1a,p1b\n|-resisted|p1b: Zacian\n|-crit|p1b: Zacian\n|-damage|p1a: Tatsugiri|0 fnt\n|-damage|p1b: Zacian|0 fnt\n|faint|p1a: Tatsugiri\n|faint|p1b: Zacian\n|\n|win|dasabe\u76d6\u6b27\u5361\u4fa0\n|raw|Rallen love Zizoe's rating: 1392 &rarr; <strong>1372</strong><br />(-20 for losing)\n|raw|dasabe\u76d6\u6b27\u5361\u4fa0's rating: 1393 &rarr; <strong>1413</strong><br />(+20 for winning)\n|l|\u2606Rallen love Zizoe\n|player|p1|\n|l|\u2606dasabe\u76d6\u6b27\u5361\u4fa0\n|player|p2|\n","uploadtime":1768241186,"views":19,"formatid":"gen9vgc2026regi","rating":1372,"private":0,"password":null}