{"id":"gen9vgc2026regi-2525353828","format":"[Gen 9] VGC 2026 Reg I","players":["test220102","i\u2764\u5a1c\u7984forever"],"log":"|j|\u2606test220102\n|j|\u2606i\u2764\u5a1c\u7984forever\n|t:|1769271975\n|gametype|doubles\n|player|p1|test220102|266|1221\n|player|p2|i\u2764\u5a1c\u7984forever|youngcouple-gen4dp|1206\n|gen|9\n|tier|[Gen 9] VGC 2026 Reg I\n|rated|\n|rule|Species Clause: Limit one of each Pok\u00e9mon\n|rule|Item Clause: Limit 1 of each item\n|clearpoke\n|poke|p1|Terapagos, L50, M|\n|poke|p1|Miraidon, L50|\n|poke|p1|Incineroar, L50, F|\n|poke|p1|Sinistcha-Masterpiece, L50|\n|poke|p1|Iron Treads, L50|\n|poke|p1|Urshifu-*, L50, M|\n|poke|p2|Groudon, L50|\n|poke|p2|Kyurem-White, L50|\n|poke|p2|Sableye, L50, M|\n|poke|p2|Articuno-Galar, L50|\n|poke|p2|Rillaboom, L50, M|\n|poke|p2|Primarina, L50, F|\n|teampreview|4\n|inactive|Battle timer is ON: inactive players will automatically lose when time's up. (requested by test220102)\n|inactive|i\u2764\u5a1c\u7984forever has 60 seconds left.\n|\n|t:|1769272015\n|teamsize|p1|4\n|teamsize|p2|4\n|start\n|switch|p1a: Terapagos|Terapagos, L50, M|100/100\n|switch|p1b: Miraidon|Miraidon, L50, shiny|100/100\n|switch|p2a: Sableye|Sableye, L50, M|100/100\n|switch|p2b: Kyurem|Kyurem-White, L50|100/100\n|-activate|p1a: Terapagos|ability: Tera Shift\n|detailschange|p1a: Terapagos|Terapagos-Terastal, L50, M\n|-heal|p1a: Terapagos|100/100|[silent]\n|-fieldstart|move: Electric Terrain|[from] ability: Hadron Engine|[of] p1b: Miraidon\n|-enditem|p1a: Terapagos|Electric Seed\n|-boost|p1a: Terapagos|def|1|[from] item: Electric Seed\n|-ability|p2b: Kyurem|Turboblaze\n|turn|1\n|\n|t:|1769272027\n|move|p2a: Sableye|Fake Out|p1b: Miraidon\n|-damage|p1b: Miraidon|94/100\n|cant|p1b: Miraidon|flinch\n|move|p2b: Kyurem|Blizzard|p1a: Terapagos|[spread] p1a,p1b\n|-supereffective|p1b: Miraidon\n|-crit|p1b: Miraidon\n|-damage|p1a: Terapagos|55/100\n|-damage|p1b: Miraidon|0 fnt\n|faint|p1b: Miraidon\n|move|p1a: Terapagos|Earth Power|p2a: Sableye\n|-damage|p2a: Sableye|68/100\n|\n|upkeep\n|\n|t:|1769272036\n|switch|p1b: Incineroar|Incineroar, L50, F|100/100\n|-ability|p1b: Incineroar|Intimidate|boost\n|-unboost|p2a: Sableye|atk|1\n|-unboost|p2b: Kyurem|atk|1\n|turn|2\n|\n|t:|1769272053\n|-terastallize|p2b: Kyurem|Ghost\n|move|p1a: Terapagos|Protect|p1a: Terapagos\n|-singleturn|p1a: Terapagos|Protect\n|move|p2a: Sableye|Gravity|p2a: Sableye\n|-fieldstart|move: Gravity\n|move|p2b: Kyurem|Blizzard|p1b: Incineroar|[spread] p1b\n|-activate|p1a: Terapagos|move: Protect\n|-resisted|p1b: Incineroar\n|-damage|p1b: Incineroar|82/100\n|move|p1b: Incineroar|Flare Blitz|p2a: Sableye\n|-damage|p2a: Sableye|0 fnt\n|faint|p2a: Sableye\n|-damage|p1b: Incineroar|64/100|[from] Recoil\n|\n|upkeep\n|\n|t:|1769272067\n|switch|p2a: Groudon|Groudon, L50|100/100\n|-weather|SunnyDay|[from] ability: Drought|[of] p2a: Groudon\n|turn|3\n|\n|t:|1769272075\n|switch|p1b: Sinistcha|Sinistcha-Masterpiece, L50|100/100\n|-heal|p1a: Terapagos|80/100|[from] ability: Hospitality|[of] p1b: Sinistcha\n|-terastallize|p1a: Terapagos|Stellar\n|detailschange|p1a: Terapagos|Terapagos-Stellar, L50, M, tera:Stellar\n|-heal|p1a: Terapagos|85/100|[silent]\n|-ability|p1a: Terapagos|Teraform Zero\n|-weather|none\n|-fieldend|move: Electric Terrain\n|move|p2b: Kyurem|Blizzard|p1a: Terapagos|[spread] p1a,p1b\n|-supereffective|p1b: Sinistcha\n|-damage|p1a: Terapagos|53/100\n|-enditem|p1b: Sinistcha|Focus Sash\n|-damage|p1b: Sinistcha|1/100\n|move|p2a: Groudon|Precipice Blades|p1b: Sinistcha|[spread] p1a,p1b\n|-resisted|p1b: Sinistcha\n|-damage|p1a: Terapagos|30/100\n|-damage|p1b: Sinistcha|0 fnt\n|faint|p1b: Sinistcha\n|move|p1a: Terapagos|Tera Starstorm|p2a: Groudon|[spread] p2a,p2b\n|-supereffective|p2b: Kyurem\n|-damage|p2a: Groudon|78/100\n|-damage|p2b: Kyurem|28/100\n|\n|upkeep\n|\n|t:|1769272079\n|switch|p1b: Incineroar|Incineroar, L50, F|64/100\n|-ability|p1b: Incineroar|Intimidate|boost\n|-unboost|p2a: Groudon|atk|1\n|-unboost|p2b: Kyurem|atk|1\n|turn|4\n|\n|t:|1769272095\n|move|p1b: Incineroar|Fake Out|p2a: Groudon\n|-damage|p2a: Groudon|71/100\n|move|p2b: Kyurem|Blizzard|p1a: Terapagos|[spread] p1a,p1b\n|-resisted|p1b: Incineroar\n|-damage|p1a: Terapagos|0 fnt\n|-damage|p1b: Incineroar|48/100\n|faint|p1a: Terapagos\n|detailschange|p1: Terapagos|Terapagos, L50, M|[silent]\n|cant|p2a: Groudon|flinch\n|\n|upkeep\n|turn|5\n|\n|t:|1769272102\n|move|p2b: Kyurem|Blizzard|p1b: Incineroar\n|-resisted|p1b: Incineroar\n|-damage|p1b: Incineroar|27/100\n|move|p2a: Groudon|Precipice Blades|p1b: Incineroar\n|-supereffective|p1b: Incineroar\n|-damage|p1b: Incineroar|0 fnt\n|faint|p1b: Incineroar\n|\n|win|i\u2764\u5a1c\u7984forever\n|raw|test220102's rating: 1221 &rarr; <strong>1195</strong><br />(-26 for losing)\n|raw|i\u2764\u5a1c\u7984forever's rating: 1206 &rarr; <strong>1232</strong><br />(+26 for winning)\n|l|\u2606i\u2764\u5a1c\u7984forever\n|player|p2|\n|l|\u2606test220102\n|player|p1|\n","uploadtime":1769272359,"views":11,"formatid":"gen9vgc2026regi","rating":1195,"private":0,"password":null}