{"id":"gen9vgc2026regi-2543098381","format":"[Gen 9] VGC 2026 Reg I","players":["AJyaaay","marcxhenry"],"log":"|j|\u2606AJyaaay\n|j|\u2606marcxhenry\n|t:|1771530280\n|gametype|doubles\n|player|p1|AJyaaay|steven|1285\n|player|p2|marcxhenry|hilbert-wonderlauncher|1466\n|gen|9\n|tier|[Gen 9] VGC 2026 Reg I\n|rated|\n|rule|Species Clause: Limit one of each Pok\u00e9mon\n|rule|Item Clause: Limit 1 of each item\n|clearpoke\n|poke|p1|Koraidon, L50|\n|poke|p1|Flutter Mane, L50|\n|poke|p1|Incineroar, L50, F|\n|poke|p1|Terapagos, L50, M|\n|poke|p1|Jumpluff, L50, M|\n|poke|p1|Chi-Yu, L50|\n|poke|p2|Calyrex-Shadow, L50|\n|poke|p2|Urshifu-*, L50, M|\n|poke|p2|Roaring Moon, L50|\n|poke|p2|Kyogre, L50|\n|poke|p2|Tsareena, L50, F|\n|poke|p2|Kingambit, L50, M|\n|teampreview|4\n|\n|t:|1771530304\n|teamsize|p1|4\n|teamsize|p2|4\n|start\n|switch|p1a: Terapagos|Terapagos, L50, M|100/100\n|switch|p1b: Incineroar|Incineroar, L50, F|100/100\n|switch|p2a: Ludwig|Calyrex-Shadow, L50|100/100\n|switch|p2b: Tripitz|Kyogre, L50, shiny|100/100\n|-activate|p1a: Terapagos|ability: Tera Shift\n|detailschange|p1a: Terapagos|Terapagos-Terastal, L50, M\n|-heal|p1a: Terapagos|100/100|[silent]\n|-ability|p2a: Ludwig|As One\n|-ability|p2a: Ludwig|Unnerve\n|-weather|RainDance|[from] ability: Drizzle|[of] p2b: Tripitz\n|-ability|p1b: Incineroar|Intimidate|boost\n|-unboost|p2a: Ludwig|atk|1\n|-unboost|p2b: Tripitz|atk|1\n|turn|1\n|\n|t:|1771530326\n|switch|p2a: Hitmonshe|Tsareena, L50, F, shiny|100/100\n|switch|p1b: Koraidon|Koraidon, L50|100/100\n|-weather|SunnyDay|[from] ability: Orichalcum Pulse|[of] p1b: Koraidon\n|-activate|p1b: Koraidon|Orichalcum Pulse|[source]\n|move|p2b: Tripitz|Water Spout|p1a: Terapagos|[spread] p1a,p1b\n|-activate|p1a: Terapagos|ability: Tera Shell\n|-resisted|p1a: Terapagos\n|-resisted|p1b: Koraidon\n|-damage|p1a: Terapagos|83/100\n|-damage|p1b: Koraidon|78/100\n|move|p1a: Terapagos|Calm Mind|p1a: Terapagos\n|-boost|p1a: Terapagos|spa|1\n|-boost|p1a: Terapagos|spd|1\n|\n|-weather|SunnyDay|[upkeep]\n|upkeep\n|turn|2\n|\n|t:|1771530349\n|switch|p2b: Hermann|Kingambit, L50, M, shiny|100/100\n|-terastallize|p2a: Hitmonshe|Water\n|-terastallize|p1a: Terapagos|Stellar\n|detailschange|p1a: Terapagos|Terapagos-Stellar, L50, M, tera:Stellar\n|-heal|p1a: Terapagos|87/100|[silent]\n|-ability|p1a: Terapagos|Teraform Zero\n|-weather|none\n|move|p1b: Koraidon|Flame Charge|p2a: Hitmonshe\n|-resisted|p2a: Hitmonshe\n|-damage|p2a: Hitmonshe|87/100\n|-boost|p1b: Koraidon|spe|1\n|-damage|p1b: Koraidon|68/100|[from] item: Life Orb\n|move|p2a: Hitmonshe|Triple Axel|p1b: Koraidon\n|-supereffective|p1b: Koraidon\n|-damage|p1b: Koraidon|54/100\n|-supereffective|p1b: Koraidon\n|-damage|p1b: Koraidon|28/100\n|-supereffective|p1b: Koraidon\n|-damage|p1b: Koraidon|0 fnt\n|faint|p1b: Koraidon\n|-hitcount|p1: Koraidon|3\n|move|p1a: Terapagos|Tera Starstorm|p2a: Hitmonshe|[spread] p2a,p2b\n|-supereffective|p2a: Hitmonshe\n|-damage|p2a: Hitmonshe|0 fnt\n|-damage|p2b: Hermann|70/100\n|faint|p2a: Hitmonshe\n|\n|upkeep\n|\n|t:|1771530378\n|switch|p1b: Chi-Yu|Chi-Yu, L50|100/100\n|switch|p2a: Tripitz|Kyogre, L50, shiny|100/100\n|-ability|p1b: Chi-Yu|Beads of Ruin\n|-weather|RainDance|[from] ability: Drizzle|[of] p2a: Tripitz\n|turn|3\n|\n|t:|1771530394\n|move|p2a: Tripitz|Protect|p2a: Tripitz\n|-singleturn|p2a: Tripitz|Protect\n|move|p1b: Chi-Yu|Nasty Plot|p1b: Chi-Yu\n|-boost|p1b: Chi-Yu|spa|2\n|move|p1a: Terapagos|Tera Starstorm|p2a: Tripitz|[spread] p2b\n|-activate|p2a: Tripitz|move: Protect\n|-damage|p2b: Hermann|31/100\n|move|p2b: Hermann|Brick Break|p1b: Chi-Yu\n|-supereffective|p1b: Chi-Yu\n|-enditem|p1b: Chi-Yu|Focus Sash\n|-damage|p1b: Chi-Yu|1/100\n|\n|-weather|RainDance|[upkeep]\n|upkeep\n|turn|4\n|\n|t:|1771530410\n|move|p2b: Hermann|Sucker Punch|p1b: Chi-Yu\n|-resisted|p1b: Chi-Yu\n|-damage|p1b: Chi-Yu|0 fnt\n|faint|p1b: Chi-Yu\n|move|p2a: Tripitz|Water Spout|p1a: Terapagos\n|-damage|p1a: Terapagos|21/100\n|-enditem|p1a: Terapagos|Sitrus Berry|[eat]\n|-heal|p1a: Terapagos|46/100|[from] item: Sitrus Berry\n|move|p1a: Terapagos|Tera Starstorm|p2a: Tripitz|[spread] p2a,p2b\n|-damage|p2a: Tripitz|63/100\n|-damage|p2b: Hermann|1/100\n|\n|-weather|RainDance|[upkeep]\n|upkeep\n|\n|t:|1771530421\n|switch|p1b: Incineroar|Incineroar, L50, F|100/100\n|-ability|p1b: Incineroar|Intimidate|boost\n|-unboost|p2a: Tripitz|atk|1\n|-unboost|p2b: Hermann|atk|1\n|-ability|p2b: Hermann|Defiant|boost\n|-boost|p2b: Hermann|atk|2\n|turn|5\n|\n|t:|1771530433\n|move|p2a: Tripitz|Protect|p2a: Tripitz\n|-singleturn|p2a: Tripitz|Protect\n|move|p1b: Incineroar|Fake Out|p2b: Hermann\n|-resisted|p2b: Hermann\n|-damage|p2b: Hermann|0 fnt\n|faint|p2b: Hermann\n|move|p1a: Terapagos|Tera Starstorm|p2a: Tripitz\n|-activate|p2a: Tripitz|move: Protect\n|\n|-weather|RainDance|[upkeep]\n|upkeep\n|\n|t:|1771530441\n|switch|p2b: Ludwig|Calyrex-Shadow, L50|100/100\n|-ability|p2b: Ludwig|As One\n|-ability|p2b: Ludwig|Unnerve\n|turn|6\n|\n|t:|1771530450\n|move|p2b: Ludwig|Psychic|p1a: Terapagos\n|-damage|p1a: Terapagos|24/100\n|move|p2a: Tripitz|Origin Pulse|p1a: Terapagos|[spread] p1a,p1b\n|-supereffective|p1b: Incineroar\n|-damage|p1a: Terapagos|0 fnt\n|-damage|p1b: Incineroar|0 fnt\n|faint|p1a: Terapagos\n|detailschange|p1: Terapagos|Terapagos, L50, M|[silent]\n|faint|p1b: Incineroar\n|\n|win|marcxhenry\n|raw|AJyaaay's rating: 1285 &rarr; <strong>1272</strong><br />(-13 for losing)\n|raw|marcxhenry's rating: 1466 &rarr; <strong>1476</strong><br />(+10 for winning)\n|l|\u2606AJyaaay\n|player|p1|\n|l|\u2606marcxhenry\n|player|p2|\n","uploadtime":1771530620,"views":11,"formatid":"gen9vgc2026regi","rating":1272,"private":0,"password":null}