{"id":"gen9vgc2026regi-2565242990","format":"[Gen 9] VGC 2026 Reg I","players":["EllenJoe2026","nandomo"],"log":"|j|\u2606EllenJoe2026\n|j|\u2606nandomo\n|t:|1774250382\n|gametype|doubles\n|player|p1|EllenJoe2026|102|1378\n|player|p2|nandomo|102|1321\n|gen|9\n|tier|[Gen 9] VGC 2026 Reg I\n|rated|\n|rule|Species Clause: Limit one of each Pok\u00e9mon\n|rule|Item Clause: Limit 1 of each item\n|clearpoke\n|poke|p1|Calyrex-Shadow, L50|\n|poke|p1|Zamazenta-*, L50|\n|poke|p1|Incineroar, L50, F|\n|poke|p1|Rillaboom, L50, F|\n|poke|p1|Ogerpon-Cornerstone, L50, F|\n|poke|p1|Tornadus, L50, M|\n|poke|p2|Chi-Yu, L50|\n|poke|p2|Weezing-Galar, L50, M|\n|poke|p2|Walking Wake, L50|\n|poke|p2|Calyrex-Shadow, L50|\n|poke|p2|Brute Bonnet, L50|\n|poke|p2|Koraidon, L50|\n|teampreview|4\n|inactive|Battle timer is ON: inactive players will automatically lose when time's up. (requested by EllenJoe2026)\n|inactive|nandomo has 60 seconds left.\n|\n|t:|1774250415\n|teamsize|p1|4\n|teamsize|p2|4\n|start\n|switch|p1a: Ogerpon|Ogerpon-Cornerstone, L50, F|100/100\n|switch|p1b: Tornadus|Tornadus, L50, M, shiny|100/100\n|switch|p2a: Koraidon|Koraidon, L50|100/100\n|switch|p2b: Chi-Yu|Chi-Yu, L50|100/100\n|-ability|p2b: Chi-Yu|Beads of Ruin\n|-weather|SunnyDay|[from] ability: Orichalcum Pulse|[of] p2a: Koraidon\n|-activate|p2a: Koraidon|Orichalcum Pulse|[source]\n|turn|1\n|inactive|EllenJoe2026 has 30 seconds left.\n|inactive|nandomo has 30 seconds left.\n|inactive|EllenJoe2026 has 20 seconds left.\n|inactive|EllenJoe2026 has 15 seconds left.\n|inactive|EllenJoe2026 has 10 seconds left.\n|\n|t:|1774250467\n|switch|p2b: Walking Wake|Walking Wake, L50|100/100\n|-activate|p2b: Walking Wake|ability: Protosynthesis\n|-start|p2b: Walking Wake|protosynthesisspe\n|move|p1a: Ogerpon|Follow Me|p1a: Ogerpon\n|-singleturn|p1a: Ogerpon|move: Follow Me\n|move|p1b: Tornadus|Tailwind|p1b: Tornadus\n|-sidestart|p1: EllenJoe2026|move: Tailwind\n|move|p2a: Koraidon|Flame Charge|p1a: Ogerpon\n|-damage|p1a: Ogerpon|52/100\n|-boost|p2a: Koraidon|spe|1\n|\n|-weather|SunnyDay|[upkeep]\n|upkeep\n|turn|2\n|inactive|nandomo has 30 seconds left.\n|\n|t:|1774250496\n|move|p1b: Tornadus|Rain Dance|p1b: Tornadus\n|-weather|RainDance\n|-end|p2b: Walking Wake|Protosynthesis\n|move|p1a: Ogerpon|Ivy Cudgel|p2b: Walking Wake|[anim] Ivy Cudgel Rock\n|-damage|p2b: Walking Wake|39/100\n|move|p2a: Koraidon|Flame Charge|p1b: Tornadus\n|-damage|p1b: Tornadus|91/100\n|-boost|p2a: Koraidon|spe|1\n|move|p2b: Walking Wake|Hydro Steam|p1b: Tornadus\n|-damage|p1b: Tornadus|28/100\n|\n|-weather|RainDance|[upkeep]\n|upkeep\n|turn|3\n|inactive|EllenJoe2026 has 30 seconds left.\n|inactive|nandomo has 30 seconds left.\n|\n|t:|1774250527\n|switch|p1b: Calyrex|Calyrex-Shadow, L50|100/100\n|-ability|p1b: Calyrex|As One\n|-ability|p1b: Calyrex|Unnerve\n|move|p2a: Koraidon|Protect|p2a: Koraidon\n|-singleturn|p2a: Koraidon|Protect\n|move|p1a: Ogerpon|Ivy Cudgel|p2b: Walking Wake|[anim] Ivy Cudgel Rock\n|-damage|p2b: Walking Wake|0 fnt\n|faint|p2b: Walking Wake\n|-end|p2b: Walking Wake|Protosynthesis|[silent]\n|\n|-weather|RainDance|[upkeep]\n|upkeep\n|inactive|nandomo has 30 seconds left.\n|\n|t:|1774250554\n|switch|p2b: Chi-Yu|Chi-Yu, L50|100/100\n|-ability|p2b: Chi-Yu|Beads of Ruin\n|turn|4\n|\n|t:|1774250574\n|-terastallize|p1b: Calyrex|Dark\n|-terastallize|p2a: Koraidon|Fire\n|move|p1b: Calyrex|Psychic|p2a: Koraidon\n|-damage|p2a: Koraidon|48/100\n|move|p1a: Ogerpon|Ivy Cudgel|p2a: Koraidon|[anim] Ivy Cudgel Rock\n|-supereffective|p2a: Koraidon\n|-damage|p2a: Koraidon|0 fnt\n|faint|p2a: Koraidon\n|move|p2b: Chi-Yu|Snarl|p1a: Ogerpon|[spread] p1a,p1b\n|-resisted|p1b: Calyrex\n|-damage|p1a: Ogerpon|17/100\n|-damage|p1b: Calyrex|86/100\n|-unboost|p1a: Ogerpon|spa|1\n|-unboost|p1b: Calyrex|spa|1\n|\n|-weather|RainDance|[upkeep]\n|-sideend|p1: EllenJoe2026|move: Tailwind\n|upkeep\n|\n|t:|1774250591\n|switch|p2a: Calyrex|Calyrex-Shadow, L50|100/100\n|-ability|p2a: Calyrex|As One\n|-ability|p2a: Calyrex|Unnerve\n|turn|5\n|\n|t:|1774250604\n|move|p1a: Ogerpon|Spiky Shield|p1a: Ogerpon\n|-singleturn|p1a: Ogerpon|move: Protect\n|move|p2b: Chi-Yu|Snarl|p1a: Ogerpon|[spread] p1b\n|-activate|p1a: Ogerpon|move: Protect\n|-resisted|p1b: Calyrex\n|-damage|p1b: Calyrex|72/100\n|-unboost|p1b: Calyrex|spa|1\n|move|p2a: Calyrex|Astral Barrage|p1b: Calyrex|[spread] p1b\n|-activate|p1a: Ogerpon|move: Protect\n|-resisted|p1b: Calyrex\n|-damage|p1b: Calyrex|37/100\n|move|p1b: Calyrex|Astral Barrage|p2b: Chi-Yu|[spread] p2a,p2b\n|-supereffective|p2a: Calyrex\n|-resisted|p2b: Chi-Yu\n|-enditem|p2a: Calyrex|Focus Sash\n|-damage|p2a: Calyrex|1/100\n|-damage|p2b: Chi-Yu|84/100\n|\n|-weather|RainDance|[upkeep]\n|upkeep\n|turn|6\n|inactive|EllenJoe2026 has 30 seconds left.\n|\n|t:|1774250634\n|switch|p1b: Zamazenta|Zamazenta-Crowned, L50, shiny|100/100\n|-ability|p1b: Zamazenta|Dauntless Shield|boost\n|-boost|p1b: Zamazenta|def|1\n|move|p2b: Chi-Yu|Snarl|p1a: Ogerpon|[spread] p1a,p1b\n|-resisted|p1b: Zamazenta\n|-damage|p1a: Ogerpon|0 fnt\n|-damage|p1b: Zamazenta|90/100\n|-unboost|p1b: Zamazenta|spa|1\n|faint|p1a: Ogerpon\n|move|p2a: Calyrex|Astral Barrage|p1b: Zamazenta\n|-damage|p1b: Zamazenta|22/100\n|\n|-weather|none\n|upkeep\n|\n|t:|1774250641\n|switch|p1a: Tornadus|Tornadus, L50, M, shiny|28/100\n|turn|7\n|-message|nandomo forfeited.\n|\n|win|EllenJoe2026\n|raw|EllenJoe2026's rating: 1378 &rarr; <strong>1395</strong><br />(+17 for winning)\n|raw|nandomo's rating: 1321 &rarr; <strong>1304</strong><br />(-17 for losing)\n|l|\u2606nandomo\n|player|p2|\n|l|\u2606EllenJoe2026\n|player|p1|\n","uploadtime":1774250890,"views":11,"formatid":"gen9vgc2026regi","rating":1304,"private":0,"password":null}