{"id":"gen9vgc2026regi-2555057016","format":"[Gen 9] VGC 2026 Reg I","players":["SycrasisEU","jj11j1"],"log":"|j|\u2606SycrasisEU\n|j|\u2606jj11j1\n|t:|1773051536\n|gametype|doubles\n|player|p1|SycrasisEU|palmer|1198\n|player|p2|jj11j1|265|1272\n|gen|9\n|tier|[Gen 9] VGC 2026 Reg I\n|rated|\n|rule|Species Clause: Limit one of each Pok\u00e9mon\n|rule|Item Clause: Limit 1 of each item\n|clearpoke\n|poke|p1|Koraidon, L50|\n|poke|p1|Charizard, L50, F|\n|poke|p1|Whimsicott, L50, M|\n|poke|p1|Solgaleo, L50|\n|poke|p1|Clefairy, L50, M|\n|poke|p1|Raging Bolt, L50|\n|poke|p2|Kyogre, L50|\n|poke|p2|Calyrex-Ice, L50|\n|poke|p2|Landorus, L50, M|\n|poke|p2|Urshifu-*, L50, M|\n|poke|p2|Smeargle, L50, M|\n|poke|p2|Flutter Mane, L50|\n|teampreview|4\n|\n|t:|1773051577\n|teamsize|p1|4\n|teamsize|p2|4\n|start\n|switch|p1a: Charizard|Charizard, L50, F|100/100\n|switch|p1b: Whimsicott|Whimsicott, L50, M|100/100\n|switch|p2a: Calyrex|Calyrex-Ice, L50|100/100\n|switch|p2b: Smeargle|Smeargle, L50, M|100/100\n|-ability|p2a: Calyrex|As One\n|-ability|p2a: Calyrex|Unnerve\n|turn|1\n|inactive|Battle timer is ON: inactive players will automatically lose when time's up. (requested by jj11j1)\n|\n|t:|1773051591\n|-terastallize|p1a: Charizard|Ghost\n|move|p2b: Smeargle|Fake Out|p1b: Whimsicott\n|-damage|p1b: Whimsicott|94/100\n|cant|p1b: Whimsicott|flinch\n|move|p1a: Charizard|Weather Ball|p2a: Calyrex\n|-damage|p2a: Calyrex|90/100\n|move|p2a: Calyrex|Trick Room|p2a: Calyrex\n|-fieldstart|move: Trick Room|[of] p2a: Calyrex\n|\n|-ability|p2b: Smeargle|Moody|boost\n|-boost|p2b: Smeargle|atk|2\n|-unboost|p2b: Smeargle|def|1\n|-enditem|p2b: Smeargle|Eject Pack\n|upkeep\n|\n|t:|1773051609\n|switch|p2b: Kyogre|Kyogre, L50|100/100\n|-weather|RainDance|[from] ability: Drizzle|[of] p2b: Kyogre\n|turn|2\n|inactive|SycrasisEU has 30 seconds left.\n|inactive|SycrasisEU has 20 seconds left.\n|inactive|SycrasisEU has 15 seconds left.\n|inactive|SycrasisEU has 10 seconds left.\n|\n|t:|1773051661\n|switch|p2a: Smeargle|Smeargle, L50, M|100/100\n|-terastallize|p2b: Kyogre|Water\n|move|p1b: Whimsicott|Sunny Day|p1b: Whimsicott\n|-weather|SunnyDay\n|move|p2b: Kyogre|Water Spout|p1a: Charizard|[spread] p1a,p1b\n|-resisted|p1b: Whimsicott\n|-damage|p1a: Charizard|42/100\n|-damage|p1b: Whimsicott|58/100\n|move|p1a: Charizard|Weather Ball|p2a: Smeargle\n|-damage|p2a: Smeargle|0 fnt\n|faint|p2a: Smeargle\n|\n|-weather|SunnyDay|[upkeep]\n|-damage|p1a: Charizard|29/100|[from] ability: Solar Power|[of] p1a: Charizard\n|upkeep\n|\n|t:|1773051678\n|switch|p2a: Calyrex|Calyrex-Ice, L50|90/100\n|-ability|p2a: Calyrex|As One\n|-ability|p2a: Calyrex|Unnerve\n|turn|3\n|inactive|SycrasisEU has 30 seconds left.\n|inactive|SycrasisEU has 20 seconds left.\n|inactive|SycrasisEU has 15 seconds left.\n|inactive|SycrasisEU has 10 seconds left.\n|inactive|SycrasisEU has 5 seconds left.\n|\n|t:|1773051729\n|switch|p2b: Landorus|Landorus, L50, M|100/100\n|move|p2a: Calyrex|Glacial Lance|p1b: Whimsicott|[spread] p1a,p1b\n|-supereffective|p1b: Whimsicott\n|-damage|p1a: Charizard|0 fnt\n|-damage|p1b: Whimsicott|0 fnt\n|faint|p1a: Charizard\n|faint|p1b: Whimsicott\n|-ability|p2a: Calyrex|Chilling Neigh|boost\n|-boost|p2a: Calyrex|atk|2\n|\n|-weather|SunnyDay|[upkeep]\n|upkeep\n|\n|t:|1773051735\n|switch|p1a: Solgaleo|Solgaleo, L50|100/100\n|switch|p1b: Koraidon|Koraidon, L50, shiny|100/100\n|-activate|p1b: Koraidon|ability: Orichalcum Pulse\n|turn|4\n|\n|t:|1773051750\n|move|p2a: Calyrex|Glacial Lance|p1a: Solgaleo|[spread] p1a,p1b\n|-resisted|p1a: Solgaleo\n|-supereffective|p1b: Koraidon\n|-damage|p1a: Solgaleo|49/100\n|-damage|p1b: Koraidon|0 fnt\n|faint|p1b: Koraidon\n|-ability|p2a: Calyrex|Chilling Neigh|boost\n|-boost|p2a: Calyrex|atk|1\n|move|p2b: Landorus|Sandsear Storm|p1a: Solgaleo|[miss]\n|-miss|p2b: Landorus|p1a: Solgaleo\n|move|p1a: Solgaleo|Sunsteel Strike|p2b: Landorus\n|-damage|p2b: Landorus|14/100\n|-damage|p1a: Solgaleo|39/100|[from] item: Life Orb\n|\n|-weather|SunnyDay|[upkeep]\n|upkeep\n|turn|5\n|-message|SycrasisEU forfeited.\n|\n|win|jj11j1\n|raw|SycrasisEU's rating: 1198 &rarr; <strong>1178</strong><br />(-20 for losing)\n|raw|jj11j1's rating: 1272 &rarr; <strong>1292</strong><br />(+20 for winning)\n|l|\u2606SycrasisEU\n|player|p1|\n|l|\u2606jj11j1\n|player|p2|\n","uploadtime":1773052123,"views":15,"formatid":"gen9vgc2026regi","rating":1178,"private":0,"password":null}