{"id":"gen9vgc2026regi-2550742982","format":"[Gen 9] VGC 2026 Reg I","players":["bsgff","fogdocker"],"log":"|j|\u2606bsgff\n|j|\u2606fogdocker\n|t:|1772526396\n|gametype|doubles\n|player|p1|bsgff|170|1315\n|player|p2|fogdocker|266|1450\n|gen|9\n|tier|[Gen 9] VGC 2026 Reg I\n|rated|\n|rule|Species Clause: Limit one of each Pok\u00e9mon\n|rule|Item Clause: Limit 1 of each item\n|clearpoke\n|poke|p1|Calyrex-Shadow, L50|\n|poke|p1|Kyogre, L50|\n|poke|p1|Grimmsnarl, L50, M|\n|poke|p1|Thundurus, L50, M|\n|poke|p1|Urshifu-*, L50, M|\n|poke|p1|Incineroar, L50, F|\n|poke|p2|Calyrex-Ice, L50|\n|poke|p2|Koraidon, L50|\n|poke|p2|Flutter Mane, L50|\n|poke|p2|Incineroar, L50, M|\n|poke|p2|Rillaboom, L50, F|\n|poke|p2|Annihilape, L50, F|\n|teampreview|4\n|inactive|Battle timer is ON: inactive players will automatically lose when time's up. (requested by bsgff)\n|l|\u2606fogdocker\n|inactive|fogdocker disconnected and has a minute to reconnect!\n|player|p2|\n|j|\u2606fogdocker\n|inactive|fogdocker reconnected and has 70 seconds left.\n|player|p2|fogdocker|266|\n|inactive|fogdocker has 60 seconds left.\n|\n|t:|1772526430\n|teamsize|p1|4\n|teamsize|p2|4\n|start\n|switch|p1a: Calyrex|Calyrex-Shadow, L50|100/100\n|switch|p1b: Grimmsnarl|Grimmsnarl, L50, M|100/100\n|switch|p2a: Calyrex|Calyrex-Ice, L50|100/100\n|switch|p2b: Rillaboom|Rillaboom, L50, F|100/100\n|-ability|p1a: Calyrex|As One\n|-ability|p1a: Calyrex|Unnerve\n|-ability|p2a: Calyrex|As One\n|-ability|p2a: Calyrex|Unnerve\n|-fieldstart|move: Grassy Terrain|[from] ability: Grassy Surge|[of] p2b: Rillaboom\n|turn|1\n|\n|t:|1772526448\n|switch|p1a: Incineroar|Incineroar, L50, F|100/100\n|-ability|p1a: Incineroar|Intimidate|boost\n|-unboost|p2a: Calyrex|atk|1\n|-unboost|p2b: Rillaboom|atk|1\n|-terastallize|p1b: Grimmsnarl|Ghost\n|-terastallize|p2a: Calyrex|Water\n|move|p2b: Rillaboom|U-turn|p1b: Grimmsnarl\n|-resisted|p1b: Grimmsnarl\n|-damage|p1b: Grimmsnarl|91/100\n|\n|t:|1772526463\n|switch|p2b: Koraidon|Koraidon, L50|100/100|[from] U-turn\n|-weather|SunnyDay|[from] ability: Orichalcum Pulse|[of] p2b: Koraidon\n|-activate|p2b: Koraidon|Orichalcum Pulse|[source]\n|move|p1b: Grimmsnarl|Foul Play|p2a: Calyrex\n|-damage|p2a: Calyrex|82/100\n|move|p2a: Calyrex|Glacial Lance|p1a: Incineroar|[spread] p1a,p1b\n|-resisted|p1a: Incineroar\n|-damage|p1a: Incineroar|89/100\n|-damage|p1b: Grimmsnarl|52/100\n|\n|-weather|SunnyDay|[upkeep]\n|-heal|p1a: Incineroar|95/100|[from] Grassy Terrain\n|-heal|p1b: Grimmsnarl|58/100|[from] Grassy Terrain\n|-heal|p2a: Calyrex|87/100|[from] Grassy Terrain\n|-heal|p2a: Calyrex|93/100|[from] item: Leftovers\n|upkeep\n|turn|2\n|inactive|fogdocker has 30 seconds left.\n|inactive|bsgff has 30 seconds left.\n|inactive|bsgff has 20 seconds left.\n|\n|t:|1772526511\n|move|p2b: Koraidon|Protect|p2b: Koraidon\n|-singleturn|p2b: Koraidon|Protect\n|move|p1b: Grimmsnarl|Reflect|p1b: Grimmsnarl\n|-sidestart|p1: bsgff|Reflect\n|move|p1a: Incineroar|Parting Shot|p2a: Calyrex\n|-unboost|p2a: Calyrex|atk|1\n|-unboost|p2a: Calyrex|spa|1\n|\n|t:|1772526526\n|switch|p1a: Kyogre|Kyogre, L50|100/100|[from] Parting Shot\n|-weather|RainDance|[from] ability: Drizzle|[of] p1a: Kyogre\n|move|p2a: Calyrex|Leech Seed|p1b: Grimmsnarl\n|-start|p1b: Grimmsnarl|move: Leech Seed\n|\n|-weather|RainDance|[upkeep]\n|-heal|p1b: Grimmsnarl|64/100|[from] Grassy Terrain\n|-heal|p2a: Calyrex|99/100|[from] Grassy Terrain\n|-heal|p2a: Calyrex|100/100|[from] item: Leftovers\n|-damage|p1b: Grimmsnarl|52/100|[from] Leech Seed|[of] p2a: Calyrex\n|upkeep\n|turn|3\n|\n|t:|1772526537\n|switch|p2b: Rillaboom|Rillaboom, L50, F|100/100\n|switch|p1b: Incineroar|Incineroar, L50, F|95/100\n|-ability|p1b: Incineroar|Intimidate|boost\n|-unboost|p2a: Calyrex|atk|1\n|-unboost|p2b: Rillaboom|atk|1\n|move|p1a: Kyogre|Calm Mind|p1a: Kyogre\n|-boost|p1a: Kyogre|spa|1\n|-boost|p1a: Kyogre|spd|1\n|move|p2a: Calyrex|Leech Seed|p1a: Kyogre\n|-start|p1a: Kyogre|move: Leech Seed\n|\n|-weather|RainDance|[upkeep]\n|-heal|p1b: Incineroar|100/100|[from] Grassy Terrain\n|-damage|p1a: Kyogre|88/100|[from] Leech Seed|[of] p2a: Calyrex\n|upkeep\n|turn|4\n|inactive|bsgff has 30 seconds left.\n|inactive|bsgff has 20 seconds left.\n|inactive|bsgff has 15 seconds left.\n|\n|t:|1772526580\n|switch|p2a: Koraidon|Koraidon, L50|100/100\n|-weather|SunnyDay|[from] ability: Orichalcum Pulse|[of] p2a: Koraidon\n|-activate|p2a: Koraidon|Orichalcum Pulse|[source]\n|move|p1a: Kyogre|Protect|p1a: Kyogre\n|-singleturn|p1a: Kyogre|Protect\n|move|p2b: Rillaboom|U-turn|p1b: Incineroar\n|-damage|p1b: Incineroar|94/100\n|\n|t:|1772526598\n|switch|p2b: Annihilape|Annihilape, L50, F|100/100|[from] U-turn\n|move|p1b: Incineroar|Knock Off|p2a: Koraidon\n|-resisted|p2a: Koraidon\n|-damage|p2a: Koraidon|84/100\n|-enditem|p2a: Koraidon|Life Orb|[from] move: Knock Off|[of] p1b: Incineroar\n|\n|-weather|SunnyDay|[upkeep]\n|-heal|p2a: Koraidon|90/100|[from] Grassy Terrain\n|-heal|p1a: Kyogre|94/100|[from] Grassy Terrain\n|-heal|p1a: Kyogre|99/100|[from] item: Leftovers\n|-heal|p1b: Incineroar|99/100|[from] Grassy Terrain\n|-damage|p1a: Kyogre|88/100|[from] Leech Seed|[of] p2a: Koraidon\n|-heal|p2a: Koraidon|100/100|[silent]\n|upkeep\n|turn|5\n|inactive|bsgff has 30 seconds left.\n|inactive|fogdocker has 30 seconds left.\n|inactive|fogdocker has 20 seconds left.\n|inactive|fogdocker has 15 seconds left.\n|inactive|fogdocker has 10 seconds left.\n|\n|t:|1772526646\n|switch|p1b: Calyrex|Calyrex-Shadow, L50|100/100\n|-ability|p1b: Calyrex|As One\n|-ability|p1b: Calyrex|Unnerve\n|move|p2b: Annihilape|Coaching|p2a: Koraidon\n|-boost|p2a: Koraidon|atk|1\n|-boost|p2a: Koraidon|def|1\n|move|p2a: Koraidon|Close Combat|p1a: Kyogre\n|-damage|p1a: Kyogre|16/100\n|-unboost|p2a: Koraidon|def|1\n|-unboost|p2a: Koraidon|spd|1\n|move|p1a: Kyogre|Ice Beam|p2a: Koraidon\n|-supereffective|p2a: Koraidon\n|-damage|p2a: Koraidon|0 fnt\n|faint|p2a: Koraidon\n|\n|-weather|SunnyDay|[upkeep]\n|-heal|p1a: Kyogre|22/100|[from] Grassy Terrain\n|-heal|p1a: Kyogre|28/100|[from] item: Leftovers\n|-fieldend|move: Grassy Terrain\n|upkeep\n|\n|t:|1772526661\n|switch|p2a: Calyrex|Calyrex-Ice, L50, tera:Water|100/100\n|-ability|p2a: Calyrex|As One\n|-ability|p2a: Calyrex|Unnerve\n|turn|6\n|\n|t:|1772526680\n|switch|p2b: Rillaboom|Rillaboom, L50, F|100/100\n|-fieldstart|move: Grassy Terrain|[from] ability: Grassy Surge|[of] p2b: Rillaboom\n|move|p1b: Calyrex|Astral Barrage|p2b: Rillaboom|[spread] p2a,p2b\n|-damage|p2a: Calyrex|62/100\n|-damage|p2b: Rillaboom|61/100\n|-damage|p1b: Calyrex|91/100|[from] item: Life Orb\n|move|p1a: Kyogre|Ice Beam|p2a: Calyrex\n|-resisted|p2a: Calyrex\n|-damage|p2a: Calyrex|47/100\n|move|p2a: Calyrex|Trick Room|p2a: Calyrex\n|-fieldstart|move: Trick Room|[of] p2a: Calyrex\n|\n|-weather|SunnyDay|[upkeep]\n|-heal|p2a: Calyrex|53/100|[from] Grassy Terrain\n|-heal|p2a: Calyrex|59/100|[from] item: Leftovers\n|-heal|p2b: Rillaboom|67/100|[from] Grassy Terrain\n|-heal|p1a: Kyogre|33/100|[from] Grassy Terrain\n|-heal|p1a: Kyogre|39/100|[from] item: Leftovers\n|-heal|p1b: Calyrex|96/100|[from] Grassy Terrain\n|-damage|p1a: Kyogre|27/100|[from] Leech Seed|[of] p2a: Calyrex\n|-heal|p2a: Calyrex|71/100|[silent]\n|-sideend|p1: bsgff|Reflect\n|upkeep\n|turn|7\n|\n|t:|1772526697\n|switch|p1a: Incineroar|Incineroar, L50, F|99/100\n|-ability|p1a: Incineroar|Intimidate|boost\n|-unboost|p2a: Calyrex|atk|1\n|-unboost|p2b: Rillaboom|atk|1\n|move|p1b: Calyrex|Protect|p1b: Calyrex\n|-singleturn|p1b: Calyrex|Protect\n|move|p2a: Calyrex|Leech Seed|p1b: Calyrex\n|-activate|p1b: Calyrex|move: Protect\n|move|p2b: Rillaboom|Wood Hammer|p1b: Calyrex\n|-activate|p1b: Calyrex|move: Protect\n|\n|-weather|SunnyDay|[upkeep]\n|-heal|p2a: Calyrex|77/100|[from] Grassy Terrain\n|-heal|p2a: Calyrex|83/100|[from] item: Leftovers\n|-heal|p1a: Incineroar|100/100|[from] Grassy Terrain\n|-heal|p2b: Rillaboom|73/100|[from] Grassy Terrain\n|-heal|p1b: Calyrex|100/100|[from] Grassy Terrain\n|upkeep\n|turn|8\n|\n|t:|1772526720\n|switch|p1b: Grimmsnarl|Grimmsnarl, L50, M, tera:Ghost|52/100\n|move|p1a: Incineroar|Fake Out|p2a: Calyrex\n|-damage|p2a: Calyrex|77/100\n|cant|p2a: Calyrex|flinch\n|move|p2b: Rillaboom|Wood Hammer|p1b: Grimmsnarl\n|-damage|p1b: Grimmsnarl|0 fnt\n|faint|p1b: Grimmsnarl\n|-damage|p2b: Rillaboom|56/100|[from] Recoil\n|\n|-weather|none\n|-heal|p2a: Calyrex|83/100|[from] Grassy Terrain\n|-heal|p2a: Calyrex|88/100|[from] item: Leftovers\n|-heal|p2b: Rillaboom|62/100|[from] Grassy Terrain\n|upkeep\n|\n|t:|1772526732\n|switch|p1b: Calyrex|Calyrex-Shadow, L50|100/100\n|-ability|p1b: Calyrex|As One\n|-ability|p1b: Calyrex|Unnerve\n|turn|9\n|inactive|bsgff has 30 seconds left.\n|inactive|fogdocker has 30 seconds left.\n|\n|t:|1772526763\n|move|p2a: Calyrex|Leech Seed|p1b: Calyrex\n|-start|p1b: Calyrex|move: Leech Seed\n|move|p1a: Incineroar|Parting Shot|p2b: Rillaboom\n|-unboost|p2b: Rillaboom|atk|1\n|-unboost|p2b: Rillaboom|spa|1\n|\n|t:|1772526768\n|switch|p1a: Kyogre|Kyogre, L50|27/100|[from] Parting Shot\n|-weather|RainDance|[from] ability: Drizzle|[of] p1a: Kyogre\n|move|p2b: Rillaboom|Wood Hammer|p1b: Calyrex\n|-damage|p1b: Calyrex|59/100\n|-damage|p2b: Rillaboom|50/100|[from] Recoil\n|move|p1b: Calyrex|Nasty Plot|p1b: Calyrex\n|-boost|p1b: Calyrex|spa|2\n|\n|-weather|RainDance|[upkeep]\n|-heal|p2a: Calyrex|94/100|[from] Grassy Terrain\n|-heal|p2a: Calyrex|99/100|[from] item: Leftovers\n|-heal|p2b: Rillaboom|56/100|[from] Grassy Terrain\n|-heal|p1a: Kyogre|33/100|[from] Grassy Terrain\n|-heal|p1a: Kyogre|39/100|[from] item: Leftovers\n|-heal|p1b: Calyrex|64/100|[from] Grassy Terrain\n|-damage|p1b: Calyrex|52/100|[from] Leech Seed|[of] p2a: Calyrex\n|-heal|p2a: Calyrex|100/100|[silent]\n|upkeep\n|turn|10\n|\n|t:|1772526784\n|switch|p1a: Incineroar|Incineroar, L50, F|100/100\n|-ability|p1a: Incineroar|Intimidate|boost\n|-unboost|p2a: Calyrex|atk|1\n|-unboost|p2b: Rillaboom|atk|1\n|move|p1b: Calyrex|Protect|p1b: Calyrex\n|-singleturn|p1b: Calyrex|Protect\n|move|p2a: Calyrex|Glacial Lance|p1a: Incineroar|[spread] p1a\n|-activate|p1b: Calyrex|move: Protect\n|-resisted|p1a: Incineroar\n|-damage|p1a: Incineroar|92/100\n|move|p2b: Rillaboom|U-turn|p1a: Incineroar\n|-damage|p1a: Incineroar|85/100\n|\n|t:|1772526793\n|switch|p2b: Annihilape|Annihilape, L50, F|100/100|[from] U-turn\n|\n|-weather|RainDance|[upkeep]\n|-heal|p1a: Incineroar|91/100|[from] Grassy Terrain\n|-heal|p1b: Calyrex|58/100|[from] Grassy Terrain\n|-damage|p1b: Calyrex|46/100|[from] Leech Seed|[of] p2a: Calyrex\n|-fieldend|move: Trick Room\n|-fieldend|move: Grassy Terrain\n|upkeep\n|turn|11\n|\n|t:|1772526805\n|move|p2b: Annihilape|Shadow Claw|p1b: Calyrex\n|-supereffective|p1b: Calyrex\n|-crit|p1b: Calyrex\n|-damage|p1b: Calyrex|0 fnt\n|faint|p1b: Calyrex\n|move|p1a: Incineroar|Knock Off|p2a: Calyrex\n|-damage|p2a: Calyrex|81/100\n|-enditem|p2a: Calyrex|Leftovers|[from] move: Knock Off|[of] p1a: Incineroar\n|move|p2a: Calyrex|Leech Seed|p1a: Incineroar\n|-start|p1a: Incineroar|move: Leech Seed\n|\n|-weather|RainDance|[upkeep]\n|-damage|p1a: Incineroar|78/100|[from] Leech Seed|[of] p2a: Calyrex\n|-heal|p2a: Calyrex|93/100|[silent]\n|upkeep\n|\n|t:|1772526811\n|switch|p1b: Kyogre|Kyogre, L50|39/100\n|turn|12\n|-message|bsgff forfeited.\n|\n|win|fogdocker\n|raw|bsgff's rating: 1315 &rarr; <strong>1302</strong><br />(-13 for losing)\n|raw|fogdocker's rating: 1450 &rarr; <strong>1463</strong><br />(+13 for winning)\n|l|\u2606bsgff\n|player|p1|\n|l|\u2606fogdocker\n|player|p2|\n","uploadtime":1772527051,"views":13,"formatid":"gen9vgc2026regi","rating":1302,"private":0,"password":null}