{"id":"gen9vgc2026regi-2557049620","format":"[Gen 9] VGC 2026 Reg I","players":["waveniki","ArisHazard"],"log":"|j|\u2606waveniki\n|j|\u2606ArisHazard\n|t:|1773273958\n|gametype|doubles\n|player|p1|waveniki|clerk|1270\n|player|p2|ArisHazard|101|1326\n|gen|9\n|tier|[Gen 9] VGC 2026 Reg I\n|rated|\n|rule|Species Clause: Limit one of each Pok\u00e9mon\n|rule|Item Clause: Limit 1 of each item\n|clearpoke\n|poke|p1|Groudon, L50|\n|poke|p1|Calyrex-Ice, L50|\n|poke|p1|Chi-Yu, L50|\n|poke|p1|Flutter Mane, L50|\n|poke|p1|Brute Bonnet, L50|\n|poke|p1|Raging Bolt, L50|\n|poke|p2|Calyrex-Ice, L50|\n|poke|p2|Scraggy, L50, F|\n|poke|p2|Miraidon, L50|\n|poke|p2|Sableye, L50, M|\n|poke|p2|Ting-Lu, L50|\n|poke|p2|Ditto, L50|\n|teampreview|4\n|inactive|Battle timer is ON: inactive players will automatically lose when time's up. (requested by waveniki)\n|inactive|waveniki has 60 seconds left.\n|inactive|waveniki has 30 seconds left.\n|\n|t:|1773274020\n|teamsize|p1|4\n|teamsize|p2|4\n|start\n|switch|p1a: Calyrex|Calyrex-Ice, L50|100/100\n|switch|p1b: Flutter Mane|Flutter Mane, L50|100/100\n|switch|p2a: Calyrex|Calyrex-Ice, L50|100/100\n|switch|p2b: Miraidon|Miraidon, L50|100/100\n|-ability|p1a: Calyrex|As One\n|-ability|p1a: Calyrex|Unnerve\n|-ability|p2a: Calyrex|As One\n|-ability|p2a: Calyrex|Unnerve\n|-fieldstart|move: Electric Terrain|[from] ability: Hadron Engine|[of] p2b: Miraidon\n|turn|1\n|\n|t:|1773274043\n|move|p1b: Flutter Mane|Moonblast|p2b: Miraidon\n|-supereffective|p2b: Miraidon\n|-damage|p2b: Miraidon|41/100\n|move|p2b: Miraidon|Volt Switch|p1b: Flutter Mane\n|-damage|p1b: Flutter Mane|24/100\n|\n|t:|1773274049\n|switch|p2b: Scraggy|Scraggy, L50, F|100/100|[from] Volt Switch\n|-ability|p2b: Scraggy|Intimidate|boost\n|-unboost|p1a: Calyrex|atk|1\n|-unboost|p1b: Flutter Mane|atk|1\n|move|p1a: Calyrex|Imprison|p1a: Calyrex\n|-start|p1a: Calyrex|move: Imprison\n|cant|p2a: Calyrex|move: Imprison|Glacial Lance\n|\n|upkeep\n|turn|2\n|\n|t:|1773274073\n|move|p2b: Scraggy|Fake Out|p1a: Calyrex\n|-damage|p1a: Calyrex|96/100\n|move|p1b: Flutter Mane|Moonblast|p2b: Scraggy\n|-supereffective|p2b: Scraggy\n|-damage|p2b: Scraggy|0 fnt\n|faint|p2b: Scraggy\n|cant|p1a: Calyrex|flinch\n|move|p2a: Calyrex|Stomping Tantrum|p1b: Flutter Mane\n|-damage|p1b: Flutter Mane|0 fnt\n|faint|p1b: Flutter Mane\n|-end|p1b: Flutter Mane|Protosynthesis|[silent]\n|-ability|p2a: Calyrex|Chilling Neigh|boost\n|-boost|p2a: Calyrex|atk|1\n|\n|-heal|p1a: Calyrex|100/100|[from] item: Leftovers\n|upkeep\n|\n|t:|1773274090\n|switch|p1b: Chi-Yu|Chi-Yu, L50|100/100\n|switch|p2b: Sableye|Sableye, L50, M|100/100\n|-ability|p1b: Chi-Yu|Beads of Ruin\n|turn|3\n|\n|t:|1773274114\n|-terastallize|p2a: Calyrex|Fire\n|move|p2b: Sableye|Encore|p1a: Calyrex\n|-start|p1a: Calyrex|Encore\n|move|p1b: Chi-Yu|Heat Wave|p2b: Sableye|[spread] p2a,p2b\n|-resisted|p2a: Calyrex\n|-damage|p2a: Calyrex|83/100\n|-damage|p2b: Sableye|31/100\n|move|p1a: Calyrex|Imprison||[still]\n|-fail|p1a: Calyrex\n|move|p2a: Calyrex|Stomping Tantrum|p1b: Chi-Yu\n|-supereffective|p1b: Chi-Yu\n|-damage|p1b: Chi-Yu|0 fnt\n|faint|p1b: Chi-Yu\n|-ability|p2a: Calyrex|Chilling Neigh|boost\n|-boost|p2a: Calyrex|atk|1\n|\n|upkeep\n|\n|t:|1773274120\n|switch|p1b: Groudon|Groudon, L50|100/100\n|-weather|SunnyDay|[from] ability: Drought|[of] p1b: Groudon\n|turn|4\n|inactive|waveniki has 30 seconds left.\n|inactive|waveniki has 20 seconds left.\n|\n|t:|1773274155\n|move|p2b: Sableye|Protect|p2b: Sableye\n|-singleturn|p2b: Sableye|Protect\n|move|p2a: Calyrex|Protect|p2a: Calyrex\n|-singleturn|p2a: Calyrex|Protect\n|move|p1b: Groudon|High Horsepower|p2a: Calyrex\n|-activate|p2a: Calyrex|move: Protect\n|move|p1a: Calyrex|Imprison||[still]\n|-fail|p1a: Calyrex\n|\n|-weather|SunnyDay|[upkeep]\n|upkeep\n|turn|5\n|\n|t:|1773274177\n|move|p2b: Sableye|Encore|p1b: Groudon\n|-start|p1b: Groudon|Encore\n|move|p1b: Groudon|High Horsepower|p2b: Sableye\n|-damage|p2b: Sableye|0 fnt\n|faint|p2b: Sableye\n|move|p1a: Calyrex|Imprison||[still]\n|-fail|p1a: Calyrex\n|move|p2a: Calyrex|Stomping Tantrum|p1b: Groudon\n|-damage|p1b: Groudon|58/100\n|\n|-weather|SunnyDay|[upkeep]\n|-end|p1a: Calyrex|Encore\n|-fieldend|move: Electric Terrain\n|upkeep\n|\n|t:|1773274191\n|switch|p2b: Miraidon|Miraidon, L50|41/100\n|-fieldstart|move: Electric Terrain|[from] ability: Hadron Engine|[of] p2b: Miraidon\n|turn|6\n|\n|t:|1773274214\n|move|p2b: Miraidon|Draco Meteor|p1b: Groudon\n|-damage|p1b: Groudon|4/100\n|-unboost|p2b: Miraidon|spa|2\n|move|p1b: Groudon|High Horsepower|p2a: Calyrex\n|-supereffective|p2a: Calyrex\n|-damage|p2a: Calyrex|9/100\n|move|p1a: Calyrex|Glacial Lance|p2a: Calyrex|[spread] p2a,p2b\n|-resisted|p2a: Calyrex\n|-supereffective|p2b: Miraidon\n|-damage|p2a: Calyrex|0 fnt\n|-damage|p2b: Miraidon|0 fnt\n|faint|p2a: Calyrex\n|faint|p2b: Miraidon\n|\n|win|waveniki\n|raw|waveniki's rating: 1270 &rarr; <strong>1299</strong><br />(+29 for winning)\n|raw|ArisHazard's rating: 1326 &rarr; <strong>1303</strong><br />(-23 for losing)\n","uploadtime":1773274214,"views":14,"formatid":"gen9vgc2026regi","rating":1299,"private":0,"password":null}