{"id":"gen9vgc2026regi-2559714110","format":"[Gen 9] VGC 2026 Reg I","players":["Odddish262","jd8erh"],"log":"|j|\u2606Odddish262\n|j|\u2606jd8erh\n|t:|1773602447\n|gametype|doubles\n|player|p1|Odddish262|caitlin|1380\n|player|p2|jd8erh|101|1486\n|gen|9\n|tier|[Gen 9] VGC 2026 Reg I\n|rated|\n|rule|Species Clause: Limit one of each Pok\u00e9mon\n|rule|Item Clause: Limit 1 of each item\n|clearpoke\n|poke|p1|Groudon, L50|\n|poke|p1|Chi-Yu, L50|\n|poke|p1|Flutter Mane, L50|\n|poke|p1|Raging Bolt, L50|\n|poke|p1|Calyrex-Ice, L50|\n|poke|p1|Jumpluff, L50, F|\n|poke|p2|Calyrex-Shadow, L50|\n|poke|p2|Koraidon, L50|\n|poke|p2|Brute Bonnet, L50|\n|poke|p2|Raging Bolt, L50|\n|poke|p2|Bronzong, L50|\n|poke|p2|Incineroar, L50, M|\n|teampreview|4\n|inactive|Battle timer is ON: inactive players will automatically lose when time's up. (requested by jd8erh)\n|inactive|Odddish262 also wants the timer to be on.\n|inactive|Odddish262 has 60 seconds left.\n|inactive|jd8erh has 60 seconds left.\n|\n|t:|1773602487\n|teamsize|p1|4\n|teamsize|p2|4\n|start\n|switch|p1a: buhm|Groudon, L50|100/100\n|switch|p1b: cuh|Chi-Yu, L50|100/100\n|switch|p2a: Calyrex|Calyrex-Shadow, L50|100/100\n|switch|p2b: Brute Bonnet|Brute Bonnet, L50|100/100\n|-ability|p2a: Calyrex|As One\n|-ability|p2a: Calyrex|Unnerve\n|-ability|p1b: cuh|Beads of Ruin\n|-weather|SunnyDay|[from] ability: Drought|[of] p1a: buhm\n|-activate|p2b: Brute Bonnet|ability: Protosynthesis\n|-start|p2b: Brute Bonnet|protosynthesisdef\n|turn|1\n|\n|t:|1773602504\n|-terastallize|p2b: Brute Bonnet|Water\n|move|p2a: Calyrex|Protect|p2a: Calyrex\n|-singleturn|p2a: Calyrex|Protect\n|move|p1b: cuh|Heat Wave|p2a: Calyrex|[spread] \n|-activate|p2a: Calyrex|move: Protect\n|-miss|p1b: cuh|p2b: Brute Bonnet\n|move|p1a: buhm|Precipice Blades|p2b: Brute Bonnet|[spread] p2b\n|-activate|p2a: Calyrex|move: Protect\n|-damage|p2b: Brute Bonnet|73/100\n|move|p2b: Brute Bonnet|Spore|p1b: cuh\n|-status|p1b: cuh|slp|[from] move: Spore\n|\n|-weather|SunnyDay|[upkeep]\n|upkeep\n|turn|2\n|\n|t:|1773602523\n|cant|p1b: cuh|slp\n|move|p2a: Calyrex|Astral Barrage|p1b: cuh|[spread] p1a,p1b\n|-resisted|p1b: cuh\n|-damage|p1a: buhm|46/100\n|-damage|p1b: cuh|65/100 slp\n|-damage|p2a: Calyrex|91/100|[from] item: Life Orb\n|move|p1a: buhm|Precipice Blades|p2a: Calyrex|[spread] p2a,p2b\n|-damage|p2a: Calyrex|36/100\n|-damage|p2b: Brute Bonnet|45/100\n|move|p2b: Brute Bonnet|Seed Bomb|p1b: cuh\n|-resisted|p1b: cuh\n|-damage|p1b: cuh|39/100 slp\n|\n|-weather|SunnyDay|[upkeep]\n|upkeep\n|turn|3\n|\n|t:|1773602544\n|-curestatus|p1b: cuh|slp|[msg]\n|move|p1b: cuh|Heat Wave|p2b: Brute Bonnet|[spread] p2a,p2b\n|-resisted|p2b: Brute Bonnet\n|-damage|p2a: Calyrex|0 fnt\n|-damage|p2b: Brute Bonnet|13/100\n|faint|p2a: Calyrex\n|move|p1a: buhm|Precipice Blades|p2b: Brute Bonnet|[miss]\n|-miss|p1a: buhm|p2b: Brute Bonnet\n|move|p2b: Brute Bonnet|Seed Bomb|p1a: buhm\n|-supereffective|p1a: buhm\n|-damage|p1a: buhm|0 fnt\n|faint|p1a: buhm\n|\n|-weather|SunnyDay|[upkeep]\n|upkeep\n|\n|t:|1773602562\n|switch|p2a: Koraidon|Koraidon, L50|100/100\n|switch|p1a: fuh|Flutter Mane, L50|100/100\n|-activate|p2a: Koraidon|ability: Orichalcum Pulse\n|-activate|p1a: fuh|ability: Protosynthesis\n|-start|p1a: fuh|protosynthesisspe\n|turn|4\n|\n|t:|1773602572\n|move|p1a: fuh|Protect|p1a: fuh\n|-singleturn|p1a: fuh|Protect\n|move|p2b: Brute Bonnet|Rage Powder|p2b: Brute Bonnet\n|-singleturn|p2b: Brute Bonnet|move: Rage Powder\n|move|p1b: cuh|Heat Wave|p2b: Brute Bonnet|[spread] p2a,p2b\n|-resisted|p2a: Koraidon\n|-resisted|p2b: Brute Bonnet\n|-damage|p2a: Koraidon|68/100\n|-damage|p2b: Brute Bonnet|0 fnt\n|faint|p2b: Brute Bonnet\n|-end|p2b: Brute Bonnet|Protosynthesis|[silent]\n|move|p2a: Koraidon|Flame Charge|p1a: fuh\n|-activate|p1a: fuh|move: Protect\n|\n|-weather|SunnyDay|[upkeep]\n|upkeep\n|\n|t:|1773602576\n|switch|p2b: Incineroar|Incineroar, L50, M|100/100\n|-ability|p2b: Incineroar|Intimidate|boost\n|-unboost|p1a: fuh|atk|1\n|-unboost|p1b: cuh|atk|1\n|turn|5\n|\n|t:|1773602589\n|move|p2a: Koraidon|Protect|p2a: Koraidon\n|-singleturn|p2a: Koraidon|Protect\n|move|p1a: fuh|Moonblast|p2a: Koraidon\n|-activate|p2a: Koraidon|move: Protect\n|move|p1b: cuh|Heat Wave|p2b: Incineroar|[spread] p2b\n|-activate|p2a: Koraidon|move: Protect\n|-resisted|p2b: Incineroar\n|-damage|p2b: Incineroar|68/100\n|move|p2b: Incineroar|Flare Blitz|p1a: fuh\n|-enditem|p1a: fuh|Focus Sash\n|-damage|p1a: fuh|1/100\n|-damage|p2b: Incineroar|47/100|[from] Recoil\n|\n|-weather|none\n|-end|p1a: fuh|Protosynthesis\n|upkeep\n|turn|6\n|\n|t:|1773602601\n|move|p1a: fuh|Protect|p1a: fuh\n|-singleturn|p1a: fuh|Protect\n|move|p2a: Koraidon|Protect||[still]\n|-fail|p2a: Koraidon\n|move|p1b: cuh|Heat Wave|p2a: Koraidon|[spread] p2a\n|-miss|p1b: cuh|p2b: Incineroar\n|-resisted|p2a: Koraidon\n|-damage|p2a: Koraidon|47/100\n|move|p2b: Incineroar|Knock Off|p1a: fuh\n|-activate|p1a: fuh|move: Protect\n|\n|upkeep\n|turn|7\n|\n|t:|1773602622\n|move|p2a: Koraidon|Protect|p2a: Koraidon\n|-singleturn|p2a: Koraidon|Protect\n|move|p1b: cuh|Heat Wave|p2b: Incineroar|[spread] p2b\n|-activate|p2a: Koraidon|move: Protect\n|-resisted|p2b: Incineroar\n|-damage|p2b: Incineroar|26/100\n|move|p1a: fuh|Icy Wind|p2a: Koraidon|[spread] p2b\n|-activate|p2a: Koraidon|move: Protect\n|-resisted|p2b: Incineroar\n|-damage|p2b: Incineroar|19/100\n|-unboost|p2b: Incineroar|spe|1\n|move|p2b: Incineroar|Knock Off|p1a: fuh\n|-damage|p1a: fuh|0 fnt\n|faint|p1a: fuh\n|-end|p1a: fuh|Protosynthesis|[silent]\n|\n|upkeep\n|\n|t:|1773602631\n|switch|p1a: suh|Calyrex-Ice, L50|100/100\n|-ability|p1a: suh|As One\n|-ability|p1a: suh|Unnerve\n|turn|8\n|\n|t:|1773602636\n|-terastallize|p1a: suh|Water\n|move|p1b: cuh|Heat Wave|p2b: Incineroar|[spread] p2a,p2b\n|-resisted|p2a: Koraidon\n|-resisted|p2b: Incineroar\n|-damage|p2a: Koraidon|24/100\n|-damage|p2b: Incineroar|0 fnt\n|faint|p2b: Incineroar\n|move|p2a: Koraidon|Collision Course|p1b: cuh\n|-supereffective|p1b: cuh\n|-crit|p1b: cuh\n|-damage|p1b: cuh|0 fnt\n|faint|p1b: cuh\n|move|p1a: suh|Glacial Lance|p2a: Koraidon\n|-supereffective|p2a: Koraidon\n|-damage|p2a: Koraidon|0 fnt\n|faint|p2a: Koraidon\n|\n|win|Odddish262\n|raw|Odddish262's rating: 1380 &rarr; <strong>1406</strong><br />(+26 for winning)\n|raw|jd8erh's rating: 1486 &rarr; <strong>1460</strong><br />(-26 for losing)\n|l|\u2606jd8erh\n|player|p2|\n|l|\u2606Odddish262\n|player|p1|\n","uploadtime":1773602883,"views":11,"formatid":"gen9vgc2026regi","rating":1406,"private":0,"password":null}