{"id":"gen9vgc2026regi-2526772332","format":"[Gen 9] VGC 2026 Reg I","players":["marcxhenry","quagzacian"],"log":"|j|\u2606marcxhenry\n|j|\u2606quagzacian\n|t:|1769456069\n|gametype|doubles\n|player|p1|marcxhenry|hilbert-wonderlauncher|1514\n|player|p2|quagzacian|265|1429\n|gen|9\n|tier|[Gen 9] VGC 2026 Reg I\n|rated|\n|rule|Species Clause: Limit one of each Pok\u00e9mon\n|rule|Item Clause: Limit 1 of each item\n|clearpoke\n|poke|p1|Calyrex-Shadow, L50|\n|poke|p1|Urshifu-*, L50, M|\n|poke|p1|Roaring Moon, L50|\n|poke|p1|Kyogre, L50|\n|poke|p1|Tsareena, L50, F|\n|poke|p1|Kingambit, L50, M|\n|poke|p2|Miraidon, L50|\n|poke|p2|Lunala, L50|\n|poke|p2|Sylveon, L50, F|\n|poke|p2|Incineroar, L50, M|\n|poke|p2|Whimsicott, L50, F|\n|poke|p2|Urshifu-*, L50, F|\n|teampreview|4\n|inactive|Battle timer is ON: inactive players will automatically lose when time's up. (requested by marcxhenry)\n|\n|t:|1769456176\n|teamsize|p1|4\n|teamsize|p2|4\n|start\n|switch|p1a: Ludwig|Calyrex-Shadow, L50|100/100\n|switch|p1b: Tripitz|Kyogre, L50, shiny|100/100\n|switch|p2a: Miraidon|Miraidon, L50, shiny|100/100\n|switch|p2b: Whimsicott|Whimsicott, L50, F, shiny|100/100\n|-ability|p1a: Ludwig|As One\n|-ability|p1a: Ludwig|Unnerve\n|-fieldstart|move: Electric Terrain|[from] ability: Hadron Engine|[of] p2a: Miraidon\n|-weather|RainDance|[from] ability: Drizzle|[of] p1b: Tripitz\n|turn|1\n|\n|t:|1769456193\n|-terastallize|p1b: Tripitz|Ground\n|move|p2b: Whimsicott|Tailwind|p2b: Whimsicott\n|-sidestart|p2: quagzacian|move: Tailwind\n|move|p2a: Miraidon|Draco Meteor|p1b: Tripitz|[miss]\n|-miss|p2a: Miraidon|p1b: Tripitz\n|move|p1b: Tripitz|Origin Pulse|p2b: Whimsicott|[spread] p2a,p2b\n|-resisted|p2a: Miraidon\n|-resisted|p2b: Whimsicott\n|-damage|p2a: Miraidon|59/100\n|-damage|p2b: Whimsicott|5/100\n|move|p1a: Ludwig|Trick Room|p1a: Ludwig\n|-fieldstart|move: Trick Room|[of] p1a: Ludwig\n|\n|-weather|RainDance|[upkeep]\n|upkeep\n|turn|2\n|\n|t:|1769456206\n|switch|p1b: Eva|Tsareena, L50, F, shiny|100/100\n|move|p2b: Whimsicott|Encore||[still]\n|cant|p1b: Eva|ability: Queenly Majesty|Encore|[of] p2b: Whimsicott\n|move|p1a: Ludwig|Astral Barrage|p2b: Whimsicott|[spread] p2a,p2b\n|-damage|p2a: Miraidon|7/100\n|-damage|p2b: Whimsicott|0 fnt\n|faint|p2b: Whimsicott\n|-ability|p1a: Ludwig|Grim Neigh|boost\n|-boost|p1a: Ludwig|spa|1\n|move|p2a: Miraidon|Draco Meteor|p1b: Eva\n|-damage|p1b: Eva|0 fnt\n|-unboost|p2a: Miraidon|spa|2\n|faint|p1b: Eva\n|\n|-weather|RainDance|[upkeep]\n|upkeep\n|\n|t:|1769456222\n|switch|p1b: Hermann|Kingambit, L50, M, shiny|100/100\n|switch|p2b: Lunala|Lunala, L50|100/100\n|-enditem|p2b: Lunala|Electric Seed\n|-boost|p2b: Lunala|def|1|[from] item: Electric Seed\n|turn|3\n|\n|t:|1769456234\n|-terastallize|p2b: Lunala|Fairy\n|move|p1b: Hermann|Iron Head|p2b: Lunala\n|-supereffective|p2b: Lunala\n|-damage|p2b: Lunala|78/100\n|move|p1a: Ludwig|Psychic|p2a: Miraidon\n|-damage|p2a: Miraidon|0 fnt\n|faint|p2a: Miraidon\n|-ability|p1a: Ludwig|Grim Neigh|boost\n|-boost|p1a: Ludwig|spa|1\n|move|p2b: Lunala|Trick Room|p2b: Lunala\n|-fieldend|move: Trick Room\n|\n|-weather|RainDance|[upkeep]\n|upkeep\n|\n|t:|1769456237\n|switch|p2a: Urshifu|Urshifu-Rapid-Strike, L50, F|100/100\n|turn|4\n|\n|t:|1769456254\n|move|p2a: Urshifu|Surging Strikes|p1a: Ludwig\n|-crit|p1a: Ludwig\n|-damage|p1a: Ludwig|42/100\n|-crit|p1a: Ludwig\n|-damage|p1a: Ludwig|0 fnt\n|faint|p1a: Ludwig\n|-hitcount|p1: Ludwig|2\n|move|p2b: Lunala|Moonblast|p1b: Hermann\n|-damage|p1b: Hermann|63/100\n|move|p1b: Hermann|Iron Head|p2b: Lunala\n|-supereffective|p2b: Lunala\n|-damage|p2b: Lunala|35/100\n|\n|-weather|RainDance|[upkeep]\n|-sideend|p2: quagzacian|move: Tailwind\n|upkeep\n|\n|t:|1769456266\n|switch|p1a: Tripitz|Kyogre, L50, shiny, tera:Ground|100/100\n|turn|5\n|\n|t:|1769456275\n|move|p2a: Urshifu|Surging Strikes|p1a: Tripitz\n|-supereffective|p1a: Tripitz\n|-crit|p1a: Tripitz\n|-damage|p1a: Tripitz|0 fnt\n|faint|p1a: Tripitz\n|-hitcount|p1: Tripitz|1\n|move|p2b: Lunala|Moonblast|p1b: Hermann\n|-damage|p1b: Hermann|25/100\n|-unboost|p1b: Hermann|spa|1\n|-ability|p1b: Hermann|Defiant|boost\n|-boost|p1b: Hermann|atk|2\n|move|p1b: Hermann|Iron Head|p2b: Lunala\n|-supereffective|p2b: Lunala\n|-damage|p2b: Lunala|0 fnt\n|faint|p2b: Lunala\n|\n|-weather|none\n|-fieldend|move: Electric Terrain\n|upkeep\n|turn|6\n|\n|t:|1769456292\n|move|p1b: Hermann|Sucker Punch|p2a: Urshifu\n|-resisted|p2a: Urshifu\n|-damage|p2a: Urshifu|61/100\n|move|p2a: Urshifu|Surging Strikes|p1b: Hermann\n|-crit|p1b: Hermann\n|-damage|p1b: Hermann|0 fnt\n|faint|p1b: Hermann\n|-hitcount|p1: Hermann|1\n|\n|win|quagzacian\n|raw|marcxhenry's rating: 1514 &rarr; <strong>1489</strong><br />(-25 for losing)\n|raw|quagzacian's rating: 1429 &rarr; <strong>1454</strong><br />(+25 for winning)\n|l|\u2606marcxhenry\n|player|p1|\n|l|\u2606quagzacian\n|player|p2|\n","uploadtime":1769456300,"views":17,"formatid":"gen9vgc2026regi","rating":1454,"private":0,"password":null}