{"id":"gen9vgc2026regi-2577806775","format":"[Gen 9] VGC 2026 Reg I","players":["navinsachump","freetheturtles"],"log":"|j|\u2606navinsachump\n|j|\u2606freetheturtles\n|t:|1775607895\n|gametype|doubles\n|player|p1|navinsachump|265|1503\n|player|p2|freetheturtles|ethan|1552\n|gen|9\n|tier|[Gen 9] VGC 2026 Reg I\n|rated|\n|rule|Species Clause: Limit one of each Pok\u00e9mon\n|rule|Item Clause: Limit 1 of each item\n|clearpoke\n|poke|p1|Calyrex-Shadow, L50|\n|poke|p1|Koraidon, L50|\n|poke|p1|Raging Bolt, L50|\n|poke|p1|Brute Bonnet, L50|\n|poke|p1|Landorus, L50, M|\n|poke|p1|Incineroar, L50, M|\n|poke|p2|Miraidon, L50|\n|poke|p2|Calyrex-Ice, L50|\n|poke|p2|Iron Hands, L50|\n|poke|p2|Volcarona, L50, F|\n|poke|p2|Grimmsnarl, L50, M|\n|poke|p2|Ursaluna, L50, F|\n|teampreview|4\n|inactive|Battle timer is ON: inactive players will automatically lose when time's up. (requested by freetheturtles)\n|\n|t:|1775607913\n|teamsize|p1|4\n|teamsize|p2|4\n|start\n|switch|p1a: Calyrex|Calyrex-Shadow, L50|100/100\n|switch|p1b: Koraidon|Koraidon, L50|100/100\n|switch|p2a: Miraidon|Miraidon, L50|100/100\n|switch|p2b: Grimmsnarl|Grimmsnarl, L50, M|100/100\n|-ability|p1a: Calyrex|As One\n|-ability|p1a: Calyrex|Unnerve\n|-weather|SunnyDay|[from] ability: Orichalcum Pulse|[of] p1b: Koraidon\n|-activate|p1b: Koraidon|Orichalcum Pulse|[source]\n|-fieldstart|move: Electric Terrain|[from] ability: Hadron Engine|[of] p2a: Miraidon\n|turn|1\n|inactive|freetheturtles has 30 seconds left.\n|\n|t:|1775607940\n|-terastallize|p1b: Koraidon|Fire\n|move|p2b: Grimmsnarl|Thunder Wave|p1b: Koraidon\n|-status|p1b: Koraidon|par\n|move|p1a: Calyrex|Astral Barrage|p2b: Grimmsnarl|[spread] p2a,p2b\n|-resisted|p2b: Grimmsnarl\n|-damage|p2a: Miraidon|56/100\n|-damage|p2b: Grimmsnarl|76/100\n|move|p2a: Miraidon|Volt Switch|p1b: Koraidon\n|-damage|p1b: Koraidon|13/100 par\n|\n|t:|1775607955\n|switch|p2a: Ursaluna|Ursaluna, L50, F|100/100|[from] Volt Switch\n|move|p1b: Koraidon|Flare Blitz|p2b: Grimmsnarl\n|-damage|p2b: Grimmsnarl|0 fnt\n|faint|p2b: Grimmsnarl\n|-damage|p1b: Koraidon|0 fnt|[from] Recoil\n|faint|p1b: Koraidon\n|\n|-weather|SunnyDay|[upkeep]\n|-status|p2a: Ursaluna|brn|[from] item: Flame Orb\n|upkeep\n|\n|t:|1775607967\n|switch|p1b: Incineroar|Incineroar, L50, M|100/100\n|switch|p2b: Calyrex|Calyrex-Ice, L50|100/100\n|-ability|p2b: Calyrex|As One\n|-ability|p2b: Calyrex|Unnerve\n|-ability|p1b: Incineroar|Intimidate|boost\n|-unboost|p2a: Ursaluna|atk|1\n|-unboost|p2b: Calyrex|atk|1\n|turn|2\n|\n|t:|1775607986\n|move|p2b: Calyrex|Protect|p2b: Calyrex\n|-singleturn|p2b: Calyrex|Protect\n|move|p1b: Incineroar|Fake Out|p2a: Ursaluna\n|-damage|p2a: Ursaluna|92/100 brn\n|move|p1a: Calyrex|Psychic|p2a: Ursaluna\n|-damage|p2a: Ursaluna|47/100 brn\n|cant|p2a: Ursaluna|flinch\n|\n|-weather|SunnyDay|[upkeep]\n|-damage|p2a: Ursaluna|41/100 brn|[from] brn\n|upkeep\n|turn|3\n|\n|t:|1775608010\n|-terastallize|p2b: Calyrex|Water\n|move|p2a: Ursaluna|Protect|p2a: Ursaluna\n|-singleturn|p2a: Ursaluna|Protect\n|move|p1a: Calyrex|Psychic|p2a: Ursaluna\n|-activate|p2a: Ursaluna|move: Protect\n|move|p1b: Incineroar|Knock Off|p2b: Calyrex\n|-damage|p2b: Calyrex|77/100\n|-enditem|p2b: Calyrex|Leftovers|[from] move: Knock Off|[of] p1b: Incineroar\n|move|p2b: Calyrex|Trick Room|p2b: Calyrex\n|-fieldstart|move: Trick Room|[of] p2b: Calyrex\n|\n|-weather|SunnyDay|[upkeep]\n|-damage|p2a: Ursaluna|35/100 brn|[from] brn\n|upkeep\n|turn|4\n|inactive|navinsachump has 30 seconds left.\n|inactive|navinsachump has 20 seconds left.\n|inactive|navinsachump has 15 seconds left.\n|\n|t:|1775608051\n|move|p1b: Incineroar|Helping Hand|p1a: Calyrex\n|-singleturn|p1a: Calyrex|Helping Hand|[of] p1b: Incineroar\n|move|p2b: Calyrex|Glacial Lance|p1a: Calyrex|[spread] p1a,p1b\n|-resisted|p1b: Incineroar\n|-damage|p1a: Calyrex|58/100\n|-damage|p1b: Incineroar|87/100\n|move|p2a: Ursaluna|Headlong Rush|p1b: Incineroar\n|-supereffective|p1b: Incineroar\n|-damage|p1b: Incineroar|0 fnt\n|-unboost|p2a: Ursaluna|def|1\n|-unboost|p2a: Ursaluna|spd|1\n|-damage|p2a: Ursaluna|19/100 brn|[from] item: Rocky Helmet|[of] p1b: Incineroar\n|faint|p1b: Incineroar\n|move|p1a: Calyrex|Psychic|p2b: Calyrex\n|-damage|p2b: Calyrex|28/100\n|\n|-weather|SunnyDay|[upkeep]\n|-damage|p2a: Ursaluna|13/100 brn|[from] brn\n|upkeep\n|\n|t:|1775608061\n|switch|p1b: Landorus|Landorus, L50, M|100/100\n|turn|5\n|\n|t:|1775608082\n|move|p1b: Landorus|Protect|p1b: Landorus\n|-singleturn|p1b: Landorus|Protect\n|move|p2b: Calyrex|Glacial Lance|p1b: Landorus|[spread] p1a\n|-activate|p1b: Landorus|move: Protect\n|-damage|p1a: Calyrex|12/100\n|move|p2a: Ursaluna|Crunch|p1a: Calyrex\n|-supereffective|p1a: Calyrex\n|-damage|p1a: Calyrex|0 fnt\n|faint|p1a: Calyrex\n|\n|-weather|none\n|-damage|p2a: Ursaluna|7/100 brn|[from] brn\n|-fieldend|move: Electric Terrain\n|upkeep\n|turn|6\n|\n|t:|1775608096\n|move|p2b: Calyrex|Glacial Lance|p1b: Landorus\n|-supereffective|p1b: Landorus\n|-damage|p1b: Landorus|0 fnt\n|faint|p1b: Landorus\n|\n|win|freetheturtles\n|raw|navinsachump's rating: 1503 &rarr; <strong>1486</strong><br />(-17 for losing)\n|raw|freetheturtles's rating: 1552 &rarr; <strong>1569</strong><br />(+17 for winning)\n|l|\u2606navinsachump\n|player|p1|\n|l|\u2606freetheturtles\n|player|p2|\n","uploadtime":1775608331,"views":7,"formatid":"gen9vgc2026regi","rating":1486,"private":0,"password":null}