{"id":"gen9vgc2026regi-2549780125","format":"[Gen 9] VGC 2026 Reg I","players":["alexit93","ConnerTEP"],"log":"|j|\u2606alexit93\n|j|\u2606ConnerTEP\n|t:|1772408080\n|gametype|doubles\n|player|p1|alexit93|lucas-gen4pt|1410\n|player|p2|ConnerTEP|acerola-masters2|1568\n|gen|9\n|tier|[Gen 9] VGC 2026 Reg I\n|rated|\n|rule|Species Clause: Limit one of each Pok\u00e9mon\n|rule|Item Clause: Limit 1 of each item\n|clearpoke\n|poke|p1|Zamazenta-*, L50|\n|poke|p1|Chien-Pao, L50|\n|poke|p1|Miraidon, L50|\n|poke|p1|Iron Jugulis, L50|\n|poke|p1|Farigiraf, L50, F|\n|poke|p1|Landorus, L50, M|\n|poke|p2|Groudon, L50|\n|poke|p2|Miraidon, L50|\n|poke|p2|Farigiraf, L50, M|\n|poke|p2|Gouging Fire, L50|\n|poke|p2|Iron Hands, L50|\n|poke|p2|Walking Wake, L50|\n|teampreview|4\n|inactive|Battle timer is ON: inactive players will automatically lose when time's up. (requested by ConnerTEP)\n|\n|t:|1772408105\n|teamsize|p1|4\n|teamsize|p2|4\n|start\n|switch|p1a: Miraidon|Miraidon, L50, shiny|100/100\n|switch|p1b: Iron Jugulis|Iron Jugulis, L50|100/100\n|switch|p2a: Groudon|Groudon, L50|100/100\n|switch|p2b: Gouging Fire|Gouging Fire, L50|100/100\n|-fieldstart|move: Electric Terrain|[from] ability: Hadron Engine|[of] p1a: Miraidon\n|-activate|p1b: Iron Jugulis|ability: Quark Drive\n|-start|p1b: Iron Jugulis|quarkdrivespe\n|-weather|SunnyDay|[from] ability: Drought|[of] p2a: Groudon\n|-activate|p2b: Gouging Fire|ability: Protosynthesis\n|-start|p2b: Gouging Fire|protosynthesisspe\n|turn|1\n|\n|t:|1772408122\n|move|p2a: Groudon|Protect|p2a: Groudon\n|-singleturn|p2a: Groudon|Protect\n|move|p1b: Iron Jugulis|Tailwind|p1b: Iron Jugulis\n|-sidestart|p1: alexit93|move: Tailwind\n|move|p1a: Miraidon|Draco Meteor|p2b: Gouging Fire\n|-supereffective|p2b: Gouging Fire\n|-damage|p2b: Gouging Fire|0 fnt\n|-unboost|p1a: Miraidon|spa|2\n|faint|p2b: Gouging Fire\n|-end|p2b: Gouging Fire|Protosynthesis|[silent]\n|\n|-weather|SunnyDay|[upkeep]\n|upkeep\n|\n|t:|1772408128\n|switch|p2b: Farigiraf|Farigiraf, L50, M|100/100\n|-enditem|p2b: Farigiraf|Electric Seed\n|-boost|p2b: Farigiraf|def|1|[from] item: Electric Seed\n|turn|2\n|\n|t:|1772408138\n|switch|p1a: Farigiraf|Farigiraf, L50, F|100/100\n|-enditem|p1a: Farigiraf|Electric Seed\n|-boost|p1a: Farigiraf|def|1|[from] item: Electric Seed\n|-terastallize|p2b: Farigiraf|Water\n|move|p1b: Iron Jugulis|Taunt|p2b: Farigiraf\n|-start|p2b: Farigiraf|move: Taunt\n|move|p2a: Groudon|Bulk Up|p2a: Groudon\n|-boost|p2a: Groudon|atk|1\n|-boost|p2a: Groudon|def|1\n|cant|p2b: Farigiraf|move: Taunt|Trick Room\n|\n|-weather|SunnyDay|[upkeep]\n|upkeep\n|turn|3\n|\n|t:|1772408156\n|move|p1b: Iron Jugulis|Taunt|p2a: Groudon\n|-start|p2a: Groudon|move: Taunt\n|move|p1a: Farigiraf|Foul Play|p2a: Groudon\n|-damage|p2a: Groudon|72/100\n|move|p2a: Groudon|Heat Crash|p1a: Farigiraf\n|-damage|p1a: Farigiraf|31/100\n|move|p2b: Farigiraf|Foul Play|p1a: Farigiraf\n|-supereffective|p1a: Farigiraf\n|-damage|p1a: Farigiraf|7/100\n|\n|-weather|SunnyDay|[upkeep]\n|upkeep\n|turn|4\n|\n|t:|1772408170\n|move|p1b: Iron Jugulis|Hurricane|p2a: Groudon\n|-damage|p2a: Groudon|35/100\n|move|p1a: Farigiraf|Foul Play|p2a: Groudon\n|-damage|p2a: Groudon|10/100\n|move|p2a: Groudon|Heat Crash|p1b: Iron Jugulis\n|-damage|p1b: Iron Jugulis|0 fnt\n|faint|p1b: Iron Jugulis\n|-end|p1b: Iron Jugulis|Quark Drive|[silent]\n|move|p2b: Farigiraf|Foul Play|p1a: Farigiraf\n|-supereffective|p1a: Farigiraf\n|-damage|p1a: Farigiraf|0 fnt\n|faint|p1a: Farigiraf\n|\n|-weather|SunnyDay|[upkeep]\n|-end|p2b: Farigiraf|move: Taunt\n|-sideend|p1: alexit93|move: Tailwind\n|upkeep\n|\n|t:|1772408177\n|switch|p1b: Miraidon|Miraidon, L50, shiny|100/100\n|switch|p1a: Zamazenta|Zamazenta-Crowned, L50, shiny|100/100\n|-activate|p1b: Miraidon|ability: Hadron Engine\n|-ability|p1a: Zamazenta|Dauntless Shield|boost\n|-boost|p1a: Zamazenta|def|1\n|turn|5\n|\n|t:|1772408199\n|switch|p2a: Miraidon|Miraidon, L50|100/100\n|-activate|p2a: Miraidon|ability: Hadron Engine\n|-terastallize|p1b: Miraidon|Fairy\n|move|p1b: Miraidon|Dazzling Gleam|p2a: Miraidon|[spread] p2a,p2b\n|-supereffective|p2a: Miraidon\n|-damage|p2a: Miraidon|0 fnt\n|-damage|p2b: Farigiraf|36/100\n|faint|p2a: Miraidon\n|move|p1a: Zamazenta|Body Press|p2b: Farigiraf\n|-damage|p2b: Farigiraf|0 fnt\n|faint|p2b: Farigiraf\n|\n|-weather|none\n|-fieldend|move: Electric Terrain\n|upkeep\n|-message|ConnerTEP forfeited.\n|\n|win|alexit93\n|raw|alexit93's rating: 1410 &rarr; <strong>1439</strong><br />(+29 for winning)\n|raw|ConnerTEP's rating: 1568 &rarr; <strong>1539</strong><br />(-29 for losing)\n|l|\u2606ConnerTEP\n|player|p2|\n|l|\u2606alexit93\n|player|p1|\n","uploadtime":1772408450,"views":14,"formatid":"gen9vgc2026regi","rating":1439,"private":0,"password":null}