{"id":"gen9vgc2026regi-2578935105","format":"[Gen 9] VGC 2026 Reg I","players":["Jigawoho","buggybrain"],"log":"|j|\u2606Jigawoho\n|j|\u2606buggybrain\n|t:|1775738151\n|gametype|doubles\n|player|p1|Jigawoho|266|1526\n|player|p2|buggybrain|hiker-gen4|1575\n|gen|9\n|tier|[Gen 9] VGC 2026 Reg I\n|rated|\n|rule|Species Clause: Limit one of each Pok\u00e9mon\n|rule|Item Clause: Limit 1 of each item\n|clearpoke\n|poke|p1|Koraidon, L50|\n|poke|p1|Calyrex-Shadow, L50|\n|poke|p1|Weezing-Galar, L50, M|\n|poke|p1|Iron Treads, L50|\n|poke|p1|Chi-Yu, L50|\n|poke|p1|Rillaboom, L50, M|\n|poke|p2|Chien-Pao, L50|\n|poke|p2|Zacian-*, L50|\n|poke|p2|Kyogre, L50|\n|poke|p2|Urshifu-*, L50, M|\n|poke|p2|Roaring Moon, L50|\n|poke|p2|Amoonguss, L50, M|\n|teampreview|4\n|inactive|Battle timer is ON: inactive players will automatically lose when time's up. (requested by Jigawoho)\n|\n|t:|1775738179\n|teamsize|p1|4\n|teamsize|p2|4\n|start\n|switch|p1a: Weezing|Weezing-Galar, L50, M|100/100\n|switch|p1b: Koraidon|Koraidon, L50|100/100\n|switch|p2a: Prince|Zacian-Crowned, L50, shiny|100/100\n|switch|p2b: METAVISION|Amoonguss, L50, M, shiny|100/100\n|-ability|p1a: Weezing|Neutralizing Gas\n|-block|p1b: Koraidon|item: Ability Shield\n|-weather|SunnyDay|[from] ability: Orichalcum Pulse|[of] p1b: Koraidon\n|-activate|p1b: Koraidon|Orichalcum Pulse|[source]\n|turn|1\n|inactive|buggybrain has 30 seconds left.\n|inactive|buggybrain has 20 seconds left.\n|inactive|buggybrain has 15 seconds left.\n|inactive|buggybrain has 10 seconds left.\n|inactive|buggybrain has 5 seconds left.\n|\n|t:|1775738234\n|-terastallize|p1b: Koraidon|Fire\n|move|p1a: Weezing|Protect|p1a: Weezing\n|-singleturn|p1a: Weezing|Protect\n|move|p2a: Prince|Behemoth Blade|p1a: Weezing\n|-activate|p1a: Weezing|move: Protect\n|move|p1b: Koraidon|Flame Charge|p2a: Prince\n|-supereffective|p2a: Prince\n|-damage|p2a: Prince|0 fnt\n|-boost|p1b: Koraidon|spe|1\n|faint|p2a: Prince\n|move|p2b: METAVISION|Pollen Puff|p1a: Weezing\n|-activate|p1a: Weezing|move: Protect\n|\n|-weather|SunnyDay|[upkeep]\n|upkeep\n|inactive|buggybrain has 30 seconds left.\n|inactive|buggybrain has 20 seconds left.\n|c|\u2606buggybrain|oh fuck\n|inactive|buggybrain has 15 seconds left.\n|c|\u2606buggybrain|got a gameeee\n|inactive|buggybrain has 10 seconds left.\n|\n|t:|1775738282\n|switch|p2a: Stars|Roaring Moon, L50|100/100\n|turn|2\n|\n|t:|1775738301\n|-terastallize|p2b: METAVISION|Water\n|move|p2b: METAVISION|Rage Powder|p2b: METAVISION\n|-singleturn|p2b: METAVISION|move: Rage Powder\n|move|p1b: Koraidon|Collision Course|p2b: METAVISION\n|-damage|p2b: METAVISION|48/100\n|-damage|p1b: Koraidon|84/100|[from] item: Rocky Helmet|[of] p2b: METAVISION\n|move|p2a: Stars|Knock Off|p1b: Koraidon\n|-damage|p1b: Koraidon|41/100\n|-enditem|p1b: Koraidon|Ability Shield|[from] move: Knock Off|[of] p2a: Stars\n|move|p1a: Weezing|Taunt|p2b: METAVISION\n|-start|p2b: METAVISION|move: Taunt\n|\n|-weather|SunnyDay|[upkeep]\n|upkeep\n|turn|3\n|\n|t:|1775738320\n|switch|p2b: Runaway|Kyogre, L50, shiny|100/100\n|move|p2a: Stars|Protect|p2a: Stars\n|-singleturn|p2a: Stars|Protect\n|move|p1b: Koraidon|Collision Course|p2a: Stars\n|-activate|p2a: Stars|move: Protect\n|move|p1a: Weezing|Strange Steam|p2b: Runaway\n|-damage|p2b: Runaway|82/100\n|\n|-weather|SunnyDay|[upkeep]\n|upkeep\n|turn|4\n|\n|t:|1775738341\n|-end|p2a: Stars|Protosynthesis|[silent]\n|switch|p2a: METAVISION|Amoonguss, L50, M, shiny, tera:Water|48/100\n|move|p1b: Koraidon|Collision Course|p2a: METAVISION\n|-damage|p2a: METAVISION|5/100\n|-damage|p1b: Koraidon|24/100|[from] item: Rocky Helmet|[of] p2a: METAVISION\n|move|p2b: Runaway|Origin Pulse|p1b: Koraidon|[spread] p1a,p1b\n|-supereffective|p1b: Koraidon\n|-damage|p1a: Weezing|69/100\n|-damage|p1b: Koraidon|0 fnt\n|faint|p1b: Koraidon\n|move|p1a: Weezing|Strange Steam|p2b: Runaway\n|-crit|p2b: Runaway\n|-damage|p2b: Runaway|55/100\n|\n|-weather|SunnyDay|[upkeep]\n|upkeep\n|\n|t:|1775738357\n|switch|p1b: Calyrex|Calyrex-Shadow, L50|100/100\n|-ability|p1b: Calyrex|As One\n|-ability|p1b: Calyrex|Unnerve\n|turn|5\n|\n|t:|1775738368\n|switch|p2a: Stars|Roaring Moon, L50|100/100\n|move|p1b: Calyrex|Astral Barrage|p2b: Runaway|[spread] p2a,p2b\n|-resisted|p2a: Stars\n|-damage|p2a: Stars|77/100\n|-damage|p2b: Runaway|21/100\n|move|p2b: Runaway|Origin Pulse|p1b: Calyrex|[spread] p1a,p1b\n|-damage|p1a: Weezing|38/100\n|-damage|p1b: Calyrex|72/100\n|move|p1a: Weezing|Strange Steam|p2b: Runaway\n|-damage|p2b: Runaway|3/100\n|\n|-weather|none\n|upkeep\n|turn|6\n|inactive|buggybrain has 30 seconds left.\n|inactive|buggybrain has 20 seconds left.\n|inactive|buggybrain has 15 seconds left.\n|inactive|buggybrain has 10 seconds left.\n|\n|t:|1775738416\n|move|p1b: Calyrex|Protect|p1b: Calyrex\n|-singleturn|p1b: Calyrex|Protect\n|move|p2a: Stars|Knock Off|p1b: Calyrex\n|-activate|p1b: Calyrex|move: Protect\n|move|p2b: Runaway|Origin Pulse|p1b: Calyrex|[spread] p1a\n|-activate|p1b: Calyrex|move: Protect\n|-damage|p1a: Weezing|0 fnt\n|faint|p1a: Weezing\n|-end|p1a: Weezing|ability: Neutralizing Gas\n|-weather|RainDance|[from] ability: Drizzle|[of] p2b: Runaway\n|-enditem|p2a: Stars|Booster Energy\n|-activate|p2a: Stars|ability: Protosynthesis|[fromitem]\n|-start|p2a: Stars|protosynthesisspe\n|\n|-weather|RainDance|[upkeep]\n|upkeep\n|\n|t:|1775738425\n|switch|p1a: Rillaboom|Rillaboom, L50, M|100/100\n|-fieldstart|move: Grassy Terrain|[from] ability: Grassy Surge|[of] p1a: Rillaboom\n|turn|7\n|\n|t:|1775738449\n|move|p2a: Stars|Protect|p2a: Stars\n|-singleturn|p2a: Stars|Protect\n|move|p2b: Runaway|Protect|p2b: Runaway\n|-singleturn|p2b: Runaway|Protect\n|move|p1a: Rillaboom|Fake Out|p2a: Stars\n|-activate|p2a: Stars|move: Protect\n|move|p1b: Calyrex|Astral Barrage|p2b: Runaway|[spread] \n|-activate|p2a: Stars|move: Protect\n|-activate|p2b: Runaway|move: Protect\n|\n|-weather|RainDance|[upkeep]\n|-heal|p2a: Stars|83/100|[from] Grassy Terrain\n|-heal|p1b: Calyrex|78/100|[from] Grassy Terrain\n|-heal|p2b: Runaway|9/100|[from] Grassy Terrain\n|upkeep\n|turn|8\n|\n|t:|1775738464\n|move|p1a: Rillaboom|Grassy Glide|p2b: Runaway\n|-supereffective|p2b: Runaway\n|-damage|p2b: Runaway|0 fnt\n|faint|p2b: Runaway\n|move|p2a: Stars|Knock Off|p1b: Calyrex\n|-supereffective|p1b: Calyrex\n|-damage|p1b: Calyrex|0 fnt\n|-enditem|p1b: Calyrex|Focus Sash|[from] move: Knock Off|[of] p2a: Stars\n|faint|p1b: Calyrex\n|\n|-weather|RainDance|[upkeep]\n|-heal|p2a: Stars|89/100|[from] Grassy Terrain\n|upkeep\n|\n|t:|1775738466\n|switch|p2b: METAVISION|Amoonguss, L50, M, shiny, tera:Water|5/100\n|turn|9\n|\n|t:|1775738478\n|move|p2a: Stars|Acrobatics|p1a: Rillaboom\n|-supereffective|p1a: Rillaboom\n|-crit|p1a: Rillaboom\n|-damage|p1a: Rillaboom|0 fnt\n|faint|p1a: Rillaboom\n|\n|win|buggybrain\n|raw|Jigawoho's rating: 1526 &rarr; <strong>1509</strong><br />(-17 for losing)\n|raw|buggybrain's rating: 1575 &rarr; <strong>1592</strong><br />(+17 for winning)\n|l|\u2606Jigawoho\n|player|p1|\n|l|\u2606buggybrain\n|player|p2|\n","uploadtime":1775738727,"views":10,"formatid":"gen9vgc2026regi","rating":1509,"private":0,"password":null}