{"id":"gen9vgc2026regi-2565591784","format":"[Gen 9] VGC 2026 Reg I","players":["pzyxhic","Noya IWNL"],"log":"|j|\u2606pzyxhic\n|j|\u2606Noya IWNL\n|t:|1774287766\n|gametype|doubles\n|player|p1|pzyxhic|101|1261\n|player|p2|Noya IWNL|palmer|1269\n|gen|9\n|tier|[Gen 9] VGC 2026 Reg I\n|rated|\n|rule|Species Clause: Limit one of each Pok\u00e9mon\n|rule|Item Clause: Limit 1 of each item\n|clearpoke\n|poke|p1|Calyrex-Shadow, L50|\n|poke|p1|Chi-Yu, L50|\n|poke|p1|Whimsicott, L50, F|\n|poke|p1|Urshifu-*, L50, F|\n|poke|p1|Farigiraf, L50, F|\n|poke|p1|Kyurem-White, L50|\n|poke|p2|Calyrex-Shadow, L50|\n|poke|p2|Indeedee-F, L50, F|\n|poke|p2|Orthworm, L50, M|\n|poke|p2|Kyogre, L50|\n|poke|p2|Incineroar, L50, M|\n|poke|p2|Hitmontop, L50, M|\n|teampreview|4\n|inactive|Battle timer is ON: inactive players will automatically lose when time's up. (requested by Noya IWNL)\n|inactive|pzyxhic has 60 seconds left.\n|\n|t:|1774287806\n|teamsize|p1|4\n|teamsize|p2|4\n|start\n|switch|p1a: Kyurem|Kyurem-White, L50|100/100\n|switch|p1b: Urshifu|Urshifu-Rapid-Strike, L50, F|100/100\n|switch|p2a: Calyrex|Calyrex-Shadow, L50|100/100\n|switch|p2b: Orthworm|Orthworm, L50, M|100/100\n|-ability|p2a: Calyrex|As One\n|-ability|p2a: Calyrex|Unnerve\n|-ability|p1a: Kyurem|Turboblaze\n|turn|1\n|\n|t:|1774287829\n|move|p2a: Calyrex|Astral Barrage|p1a: Kyurem|[spread] p1a,p1b\n|-damage|p1a: Kyurem|42/100\n|-enditem|p1b: Urshifu|Focus Sash\n|-damage|p1b: Urshifu|1/100\n|-damage|p2a: Calyrex|91/100|[from] item: Life Orb\n|move|p1a: Kyurem|Fusion Flare|p2b: Orthworm\n|-supereffective|p2b: Orthworm\n|-damage|p2b: Orthworm|0 fnt\n|faint|p2b: Orthworm\n|-damage|p1a: Kyurem|32/100|[from] item: Life Orb\n|move|p1b: Urshifu|Surging Strikes|p2a: Calyrex\n|-crit|p2a: Calyrex\n|-damage|p2a: Calyrex|60/100\n|-crit|p2a: Calyrex\n|-damage|p2a: Calyrex|31/100\n|-crit|p2a: Calyrex\n|-damage|p2a: Calyrex|2/100\n|-hitcount|p2a: Calyrex|3\n|\n|upkeep\n|\n|t:|1774287850\n|switch|p2b: Indeedee|Indeedee-F, L50, F|100/100\n|-fieldstart|move: Psychic Terrain|[from] ability: Psychic Surge|[of] p2b: Indeedee\n|turn|2\n|inactive|Noya IWNL has 30 seconds left.\n|\n|t:|1774287876\n|switch|p2a: Kyogre|Kyogre, L50|100/100\n|-weather|RainDance|[from] ability: Drizzle|[of] p2a: Kyogre\n|switch|p1b: Farigiraf|Farigiraf, L50, F|100/100\n|move|p1a: Kyurem|Protect|p1a: Kyurem\n|-singleturn|p1a: Kyurem|Protect\n|move|p2b: Indeedee|Psychic|p1b: Farigiraf\n|-resisted|p1b: Farigiraf\n|-damage|p1b: Farigiraf|81/100\n|\n|-weather|RainDance|[upkeep]\n|upkeep\n|turn|3\n|inactive|pzyxhic has 30 seconds left.\n|\n|t:|1774287901\n|move|p2b: Indeedee|Helping Hand|p2a: Kyogre\n|-singleturn|p2a: Kyogre|Helping Hand|[of] p2b: Indeedee\n|move|p1a: Kyurem|Freeze-Dry|p2a: Kyogre\n|-supereffective|p2a: Kyogre\n|-damage|p2a: Kyogre|10/100\n|-damage|p1a: Kyurem|22/100|[from] item: Life Orb\n|move|p2a: Kyogre|Water Spout|p1b: Farigiraf|[spread] p1a,p1b\n|-resisted|p1a: Kyurem\n|-damage|p1a: Kyurem|13/100\n|-damage|p1b: Farigiraf|57/100\n|move|p1b: Farigiraf|Hyper Voice|p2b: Indeedee|[spread] p2a,p2b\n|-damage|p2a: Kyogre|0 fnt\n|-damage|p2b: Indeedee|75/100\n|faint|p2a: Kyogre\n|\n|-weather|RainDance|[upkeep]\n|upkeep\n|inactive|Noya IWNL has 30 seconds left.\n|inactive|Noya IWNL has 20 seconds left.\n|\n|t:|1774287938\n|switch|p2a: Calyrex|Calyrex-Shadow, L50|2/100\n|-ability|p2a: Calyrex|As One\n|-ability|p2a: Calyrex|Unnerve\n|turn|4\n|inactive|pzyxhic has 30 seconds left.\n|inactive|Noya IWNL has 30 seconds left.\n|\n|t:|1774287970\n|-terastallize|p2a: Calyrex|Ghost\n|move|p1a: Kyurem|Protect|p1a: Kyurem\n|-singleturn|p1a: Kyurem|Protect\n|move|p2b: Indeedee|Follow Me|p2b: Indeedee\n|-singleturn|p2b: Indeedee|move: Follow Me\n|move|p2a: Calyrex|Draining Kiss|p1a: Kyurem\n|-activate|p1a: Kyurem|move: Protect\n|move|p1b: Farigiraf|Hyper Voice|p2a: Calyrex|[spread] p2b\n|-immune|p2a: Calyrex\n|-damage|p2b: Indeedee|53/100\n|\n|-weather|RainDance|[upkeep]\n|upkeep\n|turn|5\n|\n|t:|1774287992\n|move|p2b: Indeedee|Helping Hand|p2a: Calyrex\n|-singleturn|p2a: Calyrex|Helping Hand|[of] p2b: Indeedee\n|move|p2a: Calyrex|Draining Kiss|p1a: Kyurem\n|-supereffective|p1a: Kyurem\n|-damage|p1a: Kyurem|0 fnt\n|-heal|p2a: Calyrex|12/100|[from] drain|[of] p1a: Kyurem\n|faint|p1a: Kyurem\n|-ability|p2a: Calyrex|Grim Neigh|boost\n|-boost|p2a: Calyrex|spa|1\n|-damage|p2a: Calyrex|3/100|[from] item: Life Orb\n|move|p1b: Farigiraf|Hyper Voice|p2b: Indeedee|[spread] p2b\n|-immune|p2a: Calyrex\n|-damage|p2b: Indeedee|28/100\n|\n|-weather|RainDance|[upkeep]\n|upkeep\n|\n|t:|1774288009\n|switch|p1a: Urshifu|Urshifu-Rapid-Strike, L50, F|1/100\n|turn|6\n|\n|t:|1774288018\n|move|p1a: Urshifu|Detect|p1a: Urshifu\n|-singleturn|p1a: Urshifu|Protect\n|move|p2b: Indeedee|Follow Me|p2b: Indeedee\n|-singleturn|p2b: Indeedee|move: Follow Me\n|move|p2a: Calyrex|Draining Kiss|p1b: Farigiraf\n|-damage|p1b: Farigiraf|19/100\n|-heal|p2a: Calyrex|38/100|[from] drain|[of] p1b: Farigiraf\n|-damage|p2a: Calyrex|28/100|[from] item: Life Orb\n|move|p1b: Farigiraf|Hyper Voice|p2b: Indeedee|[spread] p2b\n|-immune|p2a: Calyrex\n|-damage|p2b: Indeedee|3/100\n|\n|-weather|none\n|-fieldend|move: Psychic Terrain\n|upkeep\n|turn|7\n|inactive|pzyxhic has 30 seconds left.\n|\n|t:|1774288046\n|move|p2b: Indeedee|Follow Me|p2b: Indeedee\n|-singleturn|p2b: Indeedee|move: Follow Me\n|move|p1a: Urshifu|Aqua Jet|p2b: Indeedee\n|-damage|p2b: Indeedee|0 fnt\n|-damage|p1a: Urshifu|0 fnt|[from] item: Rocky Helmet|[of] p2b: Indeedee\n|faint|p2b: Indeedee\n|faint|p1a: Urshifu\n|move|p2a: Calyrex|Draining Kiss|p1b: Farigiraf\n|-damage|p1b: Farigiraf|0 fnt\n|-heal|p2a: Calyrex|45/100|[from] drain|[of] p1b: Farigiraf\n|faint|p1b: Farigiraf\n|-ability|p2a: Calyrex|Grim Neigh|boost\n|-boost|p2a: Calyrex|spa|1\n|-damage|p2a: Calyrex|36/100|[from] item: Life Orb\n|\n|upkeep\n|\n|t:|1774288063\n|switch|p1a: Calyrex|Calyrex-Shadow, L50|100/100\n|-ability|p1a: Calyrex|As One\n|-ability|p1a: Calyrex|Unnerve\n|turn|8\n|\n|t:|1774288075\n|-terastallize|p1a: Calyrex|Ghost\n|move|p1a: Calyrex|Astral Barrage|p2a: Calyrex\n|-supereffective|p2a: Calyrex\n|-damage|p2a: Calyrex|0 fnt\n|faint|p2a: Calyrex\n|\n|win|pzyxhic\n|raw|pzyxhic's rating: 1261 &rarr; <strong>1287</strong><br />(+26 for winning)\n|raw|Noya IWNL's rating: 1269 &rarr; <strong>1243</strong><br />(-26 for losing)\n|l|\u2606Noya IWNL\n|player|p2|\n|l|\u2606pzyxhic\n|player|p1|\n","uploadtime":1774288343,"views":12,"formatid":"gen9vgc2026regi","rating":1243,"private":0,"password":null}