{"id":"gen9vgc2026regi-2539685563","format":"[Gen 9] VGC 2026 Reg I","players":["SEITA","Tepig_nNz_498"],"log":"|j|\u2606SEITA\n|j|\u2606Tepig_nNz_498\n|t:|1771096440\n|gametype|doubles\n|player|p1|SEITA|lucas-gen4pt|1249\n|player|p2|Tepig_nNz_498|102|1229\n|gen|9\n|tier|[Gen 9] VGC 2026 Reg I\n|rated|\n|rule|Species Clause: Limit one of each Pok\u00e9mon\n|rule|Item Clause: Limit 1 of each item\n|clearpoke\n|poke|p1|Zamazenta-*, L50|\n|poke|p1|Kyogre, L50|\n|poke|p1|Wo-Chien, L50|\n|poke|p1|Grimmsnarl, L50, M|\n|poke|p1|Landorus, L50, M|\n|poke|p1|Ditto, L50|\n|poke|p2|Miraidon, L50|\n|poke|p2|Iron Bundle, L50|\n|poke|p2|Iron Hands, L50|\n|poke|p2|Farigiraf, L50, F|\n|poke|p2|Dialga-Origin, L50|\n|poke|p2|Ursaluna, L50, M|\n|teampreview|4\n|\n|t:|1771096485\n|teamsize|p1|4\n|teamsize|p2|4\n|start\n|switch|p1a: Grimmsnarl|Grimmsnarl, L50, M|100/100\n|switch|p1b: Zamazenta|Zamazenta-Crowned, L50|100/100\n|switch|p2a: Miraidon|Miraidon, L50|100/100\n|switch|p2b: Iron Bundle|Iron Bundle, L50|100/100\n|-fieldstart|move: Electric Terrain|[from] ability: Hadron Engine|[of] p2a: Miraidon\n|-activate|p2b: Iron Bundle|ability: Quark Drive\n|-start|p2b: Iron Bundle|quarkdrivespe\n|-ability|p1b: Zamazenta|Dauntless Shield|boost\n|-boost|p1b: Zamazenta|def|1\n|turn|1\n|\n|t:|1771096514\n|-terastallize|p2b: Iron Bundle|Ghost\n|-terastallize|p1b: Zamazenta|Grass\n|move|p1a: Grimmsnarl|Light Screen|p1a: Grimmsnarl\n|-sidestart|p1: SEITA|move: Light Screen\n|move|p2b: Iron Bundle|Encore|p1a: Grimmsnarl\n|-start|p1a: Grimmsnarl|Encore\n|move|p2a: Miraidon|Volt Switch|p1b: Zamazenta\n|-resisted|p1b: Zamazenta\n|-damage|p1b: Zamazenta|81/100\n|-damage|p2a: Miraidon|91/100|[from] item: Life Orb\n|\n|t:|1771096525\n|switch|p2a: Farigiraf|Farigiraf, L50, F|100/100|[from] Volt Switch\n|-enditem|p2a: Farigiraf|Electric Seed\n|-boost|p2a: Farigiraf|def|1|[from] item: Electric Seed\n|move|p1b: Zamazenta|Body Press|p2a: Farigiraf\n|-damage|p2a: Farigiraf|63/100\n|\n|upkeep\n|turn|2\n|\n|t:|1771096559\n|switch|p1a: Wo-Chien|Wo-Chien, L50|100/100\n|-ability|p1a: Wo-Chien|Tablets of Ruin\n|move|p2b: Iron Bundle|Freeze-Dry|p1b: Zamazenta\n|-supereffective|p1b: Zamazenta\n|-damage|p1b: Zamazenta|47/100\n|move|p1b: Zamazenta|Behemoth Bash|p2b: Iron Bundle\n|-damage|p2b: Iron Bundle|64/100\n|move|p2a: Farigiraf|Baton Pass|p2a: Farigiraf\n|\n|t:|1771096570\n|switch|p2a: Dialga|Dialga-Origin, L50|100/100|[from] Baton Pass\n|\n|upkeep\n|turn|3\n|\n|t:|1771096601\n|switch|p1b: Grimmsnarl|Grimmsnarl, L50, M|100/100\n|move|p2b: Iron Bundle|Icy Wind|p1b: Grimmsnarl|[spread] p1a,p1b\n|-supereffective|p1a: Wo-Chien\n|-damage|p1a: Wo-Chien|82/100\n|-damage|p1b: Grimmsnarl|85/100\n|-unboost|p1a: Wo-Chien|spe|1\n|-unboost|p1b: Grimmsnarl|spe|1\n|move|p2a: Dialga|Dragon Pulse|p1b: Grimmsnarl\n|-immune|p1b: Grimmsnarl\n|move|p1a: Wo-Chien|Leech Seed|p2a: Dialga\n|-start|p2a: Dialga|move: Leech Seed\n|\n|-damage|p2a: Dialga|88/100|[from] Leech Seed|[of] p1a: Wo-Chien\n|-heal|p1a: Wo-Chien|98/100|[silent]\n|upkeep\n|turn|4\n|\n|t:|1771096626\n|move|p1b: Grimmsnarl|Parting Shot|p2b: Iron Bundle\n|-unboost|p2b: Iron Bundle|atk|1\n|-unboost|p2b: Iron Bundle|spa|1\n|\n|t:|1771096632\n|switch|p1b: Zamazenta|Zamazenta-Crowned, L50, tera:Grass|47/100|[from] Parting Shot\n|move|p2b: Iron Bundle|Encore|p1a: Wo-Chien\n|-start|p1a: Wo-Chien|Encore\n|move|p2a: Dialga|Flash Cannon|p1b: Zamazenta\n|-damage|p1b: Zamazenta|18/100\n|move|p1a: Wo-Chien|Leech Seed|p2b: Iron Bundle\n|-start|p2b: Iron Bundle|move: Leech Seed\n|\n|-damage|p2b: Iron Bundle|52/100|[from] Leech Seed|[of] p1a: Wo-Chien\n|-heal|p1a: Wo-Chien|100/100|[silent]\n|-damage|p2a: Dialga|76/100|[from] Leech Seed|[of] p1a: Wo-Chien\n|upkeep\n|turn|5\n|\n|t:|1771096659\n|switch|p1b: Ditto|Ditto, L50|100/100\n|-transform|p1b: Ditto|p2a: Dialga|[from] ability: Imposter\n|switch|p1a: Grimmsnarl|Grimmsnarl, L50, M|85/100\n|move|p2b: Iron Bundle|Icy Wind|p1b: Ditto|[spread] p1a,p1b\n|-damage|p1a: Grimmsnarl|74/100\n|-damage|p1b: Ditto|91/100\n|-unboost|p1a: Grimmsnarl|spe|1\n|-unboost|p1b: Ditto|spe|1\n|move|p2a: Dialga|Flash Cannon|p1b: Ditto\n|-resisted|p1b: Ditto\n|-damage|p1b: Ditto|69/100\n|\n|-damage|p2b: Iron Bundle|40/100|[from] Leech Seed|[of] p1a: Grimmsnarl\n|-heal|p1a: Grimmsnarl|82/100|[silent]\n|-damage|p2a: Dialga|64/100|[from] Leech Seed|[of] p1a: Grimmsnarl\n|-heal|p1a: Grimmsnarl|95/100|[silent]\n|-fieldend|move: Electric Terrain\n|-end|p2b: Iron Bundle|Quark Drive\n|upkeep\n|turn|6\n|\n|t:|1771096699\n|-end|p2b: Iron Bundle|Quark Drive|[silent]\n|switch|p2b: Farigiraf|Farigiraf, L50, F|63/100\n|move|p1a: Grimmsnarl|Parting Shot||[still]\n|cant|p2b: Farigiraf|ability: Armor Tail|Parting Shot|[of] p1a: Grimmsnarl\n|move|p2a: Dialga|Flash Cannon|p1a: Grimmsnarl\n|-supereffective|p1a: Grimmsnarl\n|-damage|p1a: Grimmsnarl|3/100\n|move|p1b: Ditto|Dragon Pulse|p2b: Farigiraf\n|-damage|p2b: Farigiraf|17/100\n|\n|-damage|p2a: Dialga|52/100|[from] Leech Seed|[of] p1a: Grimmsnarl\n|-heal|p1a: Grimmsnarl|15/100|[silent]\n|upkeep\n|turn|7\n|\n|t:|1771096741\n|move|p2b: Farigiraf|Ally Switch|p2b: Farigiraf\n|swap|p2b: Farigiraf|0|[from] move: Ally Switch\n|move|p1a: Grimmsnarl|Light Screen||[still]\n|-fail|p1a: Grimmsnarl\n|move|p2b: Dialga|Flash Cannon|p1a: Grimmsnarl\n|-supereffective|p1a: Grimmsnarl\n|-damage|p1a: Grimmsnarl|0 fnt\n|faint|p1a: Grimmsnarl\n|move|p1b: Ditto|Earth Power|p2a: Farigiraf\n|-damage|p2a: Farigiraf|0 fnt\n|faint|p2a: Farigiraf\n|\n|upkeep\n|\n|t:|1771096760\n|switch|p2a: Iron Bundle|Iron Bundle, L50, tera:Ghost|40/100\n|switch|p1a: Wo-Chien|Wo-Chien, L50|100/100\n|-ability|p1a: Wo-Chien|Tablets of Ruin\n|turn|8\n|\n|t:|1771096784\n|move|p2a: Iron Bundle|Freeze-Dry|p1a: Wo-Chien\n|-supereffective|p1a: Wo-Chien\n|-damage|p1a: Wo-Chien|65/100\n|move|p2b: Dialga|Earth Power|p1b: Ditto\n|-supereffective|p1b: Ditto\n|-damage|p1b: Ditto|17/100\n|move|p1a: Wo-Chien|Leech Seed|p2a: Iron Bundle\n|-start|p2a: Iron Bundle|move: Leech Seed\n|move|p1b: Ditto|Earth Power|p2b: Dialga\n|-supereffective|p2b: Dialga\n|-damage|p2b: Dialga|0 fnt\n|faint|p2b: Dialga\n|\n|-damage|p2a: Iron Bundle|28/100|[from] Leech Seed|[of] p1a: Wo-Chien\n|-heal|p1a: Wo-Chien|76/100|[silent]\n|-sideend|p1: SEITA|move: Light Screen\n|upkeep\n|\n|t:|1771096799\n|switch|p2b: Miraidon|Miraidon, L50|91/100\n|-fieldstart|move: Electric Terrain|[from] ability: Hadron Engine|[of] p2b: Miraidon\n|-activate|p2a: Iron Bundle|ability: Quark Drive\n|-start|p2a: Iron Bundle|quarkdrivespe\n|turn|9\n|\n|t:|1771096815\n|move|p2a: Iron Bundle|Encore|p1a: Wo-Chien\n|-start|p1a: Wo-Chien|Encore\n|move|p2b: Miraidon|Volt Switch|p1b: Ditto\n|-resisted|p1b: Ditto\n|-damage|p1b: Ditto|0 fnt\n|faint|p1b: Ditto\n|-damage|p2b: Miraidon|81/100|[from] item: Life Orb\n|move|p1a: Wo-Chien|Leech Seed|p2b: Miraidon\n|-start|p2b: Miraidon|move: Leech Seed\n|\n|-damage|p2a: Iron Bundle|16/100|[from] Leech Seed|[of] p1a: Wo-Chien\n|-heal|p1a: Wo-Chien|87/100|[silent]\n|-damage|p2b: Miraidon|69/100|[from] Leech Seed|[of] p1a: Wo-Chien\n|-heal|p1a: Wo-Chien|100/100|[silent]\n|upkeep\n|\n|t:|1771096829\n|switch|p1b: Zamazenta|Zamazenta-Crowned, L50, tera:Grass|18/100\n|turn|10\n|\n|t:|1771096843\n|move|p1b: Zamazenta|Protect|p1b: Zamazenta\n|-singleturn|p1b: Zamazenta|Protect\n|move|p2a: Iron Bundle|Icy Wind|p1a: Wo-Chien|[spread] p1a\n|-activate|p1b: Zamazenta|move: Protect\n|-supereffective|p1a: Wo-Chien\n|-damage|p1a: Wo-Chien|72/100\n|-unboost|p1a: Wo-Chien|spe|1\n|move|p2b: Miraidon|Volt Switch|p1a: Wo-Chien\n|-resisted|p1a: Wo-Chien\n|-damage|p1a: Wo-Chien|42/100\n|-damage|p2b: Miraidon|59/100|[from] item: Life Orb\n|move|p1a: Wo-Chien|Leech Seed||[still]\n|-fail|p1a: Wo-Chien\n|\n|-damage|p2a: Iron Bundle|4/100|[from] Leech Seed|[of] p1a: Wo-Chien\n|-heal|p1a: Wo-Chien|53/100|[silent]\n|-damage|p2b: Miraidon|47/100|[from] Leech Seed|[of] p1a: Wo-Chien\n|-heal|p1a: Wo-Chien|68/100|[silent]\n|upkeep\n|turn|11\n|\n|t:|1771096866\n|move|p1b: Zamazenta|Protect|p1b: Zamazenta\n|-singleturn|p1b: Zamazenta|Protect\n|move|p2a: Iron Bundle|Freeze-Dry|p1a: Wo-Chien\n|-supereffective|p1a: Wo-Chien\n|-damage|p1a: Wo-Chien|18/100\n|move|p2b: Miraidon|Volt Switch|p1b: Zamazenta\n|-activate|p1b: Zamazenta|move: Protect\n|move|p1a: Wo-Chien|Leech Seed||[still]\n|-fail|p1a: Wo-Chien\n|\n|-damage|p2a: Iron Bundle|0 fnt|[from] Leech Seed|[of] p1a: Wo-Chien\n|-heal|p1a: Wo-Chien|21/100|[silent]\n|faint|p2a: Iron Bundle\n|-end|p2a: Iron Bundle|Quark Drive|[silent]\n|-damage|p2b: Miraidon|34/100|[from] Leech Seed|[of] p1a: Wo-Chien\n|-heal|p1a: Wo-Chien|36/100|[silent]\n|-end|p1a: Wo-Chien|Encore\n|upkeep\n|turn|12\n|\n|t:|1771096890\n|move|p2b: Miraidon|Discharge|p1a: Wo-Chien|[spread] p1a,p1b\n|-resisted|p1a: Wo-Chien\n|-resisted|p1b: Zamazenta\n|-damage|p1a: Wo-Chien|8/100\n|-damage|p1b: Zamazenta|0 fnt\n|-status|p1a: Wo-Chien|par\n|faint|p1b: Zamazenta\n|-damage|p2b: Miraidon|24/100|[from] item: Life Orb\n|move|p1a: Wo-Chien|Pollen Puff|p2b: Miraidon\n|-crit|p2b: Miraidon\n|-damage|p2b: Miraidon|0 fnt\n|faint|p2b: Miraidon\n|\n|win|SEITA\n|raw|SEITA's rating: 1249 &rarr; <strong>1273</strong><br />(+24 for winning)\n|raw|Tepig_nNz_498's rating: 1229 &rarr; <strong>1205</strong><br />(-24 for losing)\n|l|\u2606Tepig_nNz_498\n|player|p2|\n|l|\u2606SEITA\n|player|p1|\n","uploadtime":1771097064,"views":24,"formatid":"gen9vgc2026regi","rating":1205,"private":0,"password":null}