{"id":"gen9vgc2026regi-2563487366","format":"[Gen 9] VGC 2026 Reg I","players":["Galact7adi","kfjtdhynd"],"log":"|j|\u2606Galact7adi\n|j|\u2606kfjtdhynd\n|t:|1774030510\n|gametype|doubles\n|player|p1|Galact7adi|266|1525\n|player|p2|kfjtdhynd|101|1580\n|gen|9\n|tier|[Gen 9] VGC 2026 Reg I\n|rated|\n|rule|Species Clause: Limit one of each Pok\u00e9mon\n|rule|Item Clause: Limit 1 of each item\n|clearpoke\n|poke|p1|Calyrex-Shadow, L50|\n|poke|p1|Zamazenta-*, L50|\n|poke|p1|Chien-Pao, L50|\n|poke|p1|Dragonite, L50, M|\n|poke|p1|Raging Bolt, L50|\n|poke|p1|Amoonguss, L50, M|\n|poke|p2|Lunala, L50|\n|poke|p2|Zacian-*, L50|\n|poke|p2|Urshifu-*, L50, M|\n|poke|p2|Rillaboom, L50, F|\n|poke|p2|Pelipper, L50, F|\n|poke|p2|Raging Bolt, L50|\n|teampreview|4\n|inactive|Battle timer is ON: inactive players will automatically lose when time's up. (requested by Galact7adi)\nkfjtdhynd rejected open team sheets.\n|inactive|Galact7adi has 60 seconds left.\n|inactive|kfjtdhynd has 60 seconds left.\n|inactive|Galact7adi has 30 seconds left.\n|inactive|kfjtdhynd has 30 seconds left.\n|\n|t:|1774030575\n|teamsize|p1|4\n|teamsize|p2|4\n|start\n|switch|p1a: Zamazenta|Zamazenta-Crowned, L50|100/100\n|switch|p1b: Amoonguss|Amoonguss, L50, M|100/100\n|switch|p2a: Raging Bolt|Raging Bolt, L50|100/100\n|switch|p2b: Urshifu|Urshifu-Rapid-Strike, L50, M|100/100\n|-ability|p1a: Zamazenta|Dauntless Shield|boost\n|-boost|p1a: Zamazenta|def|1\n|-enditem|p2a: Raging Bolt|Booster Energy\n|-activate|p2a: Raging Bolt|ability: Protosynthesis|[fromitem]\n|-start|p2a: Raging Bolt|protosynthesisspa\n|turn|1\n|\n|t:|1774030588\n|move|p1b: Amoonguss|Rage Powder|p1b: Amoonguss\n|-singleturn|p1b: Amoonguss|move: Rage Powder\n|move|p2b: Urshifu|U-turn|p1b: Amoonguss\n|-damage|p1b: Amoonguss|78/100\n|-damage|p2b: Urshifu|84/100|[from] item: Rocky Helmet|[of] p1b: Amoonguss\n|\n|t:|1774030593\n|switch|p2b: Lunala|Lunala, L50|100/100|[from] U-turn\n|move|p1a: Zamazenta|Body Press|p2a: Raging Bolt\n|-damage|p2a: Raging Bolt|42/100\n|move|p2a: Raging Bolt|Taunt|p1b: Amoonguss\n|-start|p1b: Amoonguss|move: Taunt\n|\n|upkeep\n|turn|2\n|\n|t:|1774030604\n|-end|p2a: Raging Bolt|Protosynthesis|[silent]\n|switch|p2a: Pelipper|Pelipper, L50, F|100/100\n|-weather|RainDance|[from] ability: Drizzle|[of] p2a: Pelipper\n|switch|p1b: Chien-Pao|Chien-Pao, L50|100/100\n|-ability|p1b: Chien-Pao|Sword of Ruin\n|move|p1a: Zamazenta|Body Press|p2a: Pelipper\n|-resisted|p2a: Pelipper\n|-damage|p2a: Pelipper|44/100\n|move|p2b: Lunala|Calm Mind|p2b: Lunala\n|-boost|p2b: Lunala|spa|1\n|-boost|p2b: Lunala|spd|1\n|\n|-weather|RainDance|[upkeep]\n|upkeep\n|turn|3\n|\n|t:|1774030620\n|-terastallize|p2b: Lunala|Fairy\n|move|p1b: Chien-Pao|Ruination|p2b: Lunala\n|-damage|p2b: Lunala|51/100\n|move|p1a: Zamazenta|Body Press|p2a: Pelipper\n|-resisted|p2a: Pelipper\n|-damage|p2a: Pelipper|0 fnt\n|faint|p2a: Pelipper\n|move|p2b: Lunala|Moongeist Beam|p1a: Zamazenta\n|-damage|p1a: Zamazenta|46/100\n|\n|-weather|RainDance|[upkeep]\n|-heal|p2b: Lunala|57/100|[from] item: Leftovers\n|upkeep\n|\n|t:|1774030625\n|switch|p2a: Urshifu|Urshifu-Rapid-Strike, L50, M|84/100\n|turn|4\n|\n|t:|1774030635\n|switch|p1b: Amoonguss|Amoonguss, L50, M|100/100\n|move|p2a: Urshifu|Surging Strikes|p1a: Zamazenta\n|-crit|p1a: Zamazenta\n|-damage|p1a: Zamazenta|28/100\n|-crit|p1a: Zamazenta\n|-damage|p1a: Zamazenta|10/100\n|-crit|p1a: Zamazenta\n|-damage|p1a: Zamazenta|0 fnt\n|faint|p1a: Zamazenta\n|-hitcount|p1: Zamazenta|3\n|move|p2b: Lunala|Moongeist Beam|p1b: Amoonguss\n|-damage|p1b: Amoonguss|28/100\n|\n|-weather|RainDance|[upkeep]\n|-heal|p2b: Lunala|62/100|[from] item: Leftovers\n|upkeep\n|\n|t:|1774030652\n|switch|p1a: Calyrex|Calyrex-Shadow, L50|100/100\n|-ability|p1a: Calyrex|As One\n|-ability|p1a: Calyrex|Unnerve\n|turn|5\n|\n|t:|1774030668\n|switch|p2a: Raging Bolt|Raging Bolt, L50|42/100\n|-terastallize|p1a: Calyrex|Ghost\n|move|p1b: Amoonguss|Rage Powder|p1b: Amoonguss\n|-singleturn|p1b: Amoonguss|move: Rage Powder\n|move|p1a: Calyrex|Astral Barrage|p2a: Raging Bolt|[spread] p2a,p2b\n|-crit|p2b: Lunala\n|-damage|p2a: Raging Bolt|0 fnt\n|-damage|p2b: Lunala|0 fnt\n|faint|p2a: Raging Bolt\n|-end|p2a: Raging Bolt|Protosynthesis|[silent]\n|faint|p2b: Lunala\n|-ability|p1a: Calyrex|Grim Neigh|boost\n|-boost|p1a: Calyrex|spa|2\n|\n|-weather|RainDance|[upkeep]\n|upkeep\n|-message|kfjtdhynd forfeited.\n|\n|win|Galact7adi\n|raw|Galact7adi's rating: 1525 &rarr; <strong>1548</strong><br />(+23 for winning)\n|raw|kfjtdhynd's rating: 1580 &rarr; <strong>1557</strong><br />(-23 for losing)\n|l|\u2606kfjtdhynd\n|player|p2|\n|l|\u2606Galact7adi\n|player|p1|\n","uploadtime":1774030882,"views":19,"formatid":"gen9vgc2026regi","rating":1548,"private":0,"password":null}