{"id":"gen9vgc2026regi-2551906514","format":"[Gen 9] VGC 2026 Reg I","players":["matchbow2","Maphoo"],"log":"|j|\u2606matchbow2\n|j|\u2606Maphoo\n|t:|1772655352\n|gametype|doubles\n|player|p1|matchbow2|101|1376\n|player|p2|Maphoo|2|1420\n|gen|9\n|tier|[Gen 9] VGC 2026 Reg I\n|rated|\n|rule|Species Clause: Limit one of each Pok\u00e9mon\n|rule|Item Clause: Limit 1 of each item\n|clearpoke\n|poke|p1|Groudon, L50|\n|poke|p1|Chi-Yu, L50|\n|poke|p1|Flutter Mane, L50|\n|poke|p1|Raging Bolt, L50|\n|poke|p1|Calyrex-Ice, L50|\n|poke|p1|Jumpluff, L50, F|\n|poke|p2|Lunala, L50|\n|poke|p2|Indeedee-F, L50, F|\n|poke|p2|Roaring Moon, L50|\n|poke|p2|Kyogre, L50|\n|poke|p2|Urshifu-*, L50, M|\n|poke|p2|Ursaluna, L50, M|\n|teampreview|4\n|inactive|Battle timer is ON: inactive players will automatically lose when time's up. (requested by matchbow2)\n|inactive|matchbow2 has 60 seconds left.\n|\n|t:|1772655403\n|teamsize|p1|4\n|teamsize|p2|4\n|start\n|switch|p1a: Calyrex|Calyrex-Ice, L50|100/100\n|switch|p1b: Jumpluff|Jumpluff, L50, F|100/100\n|switch|p2a: Urshifu|Urshifu-Rapid-Strike, L50, M|100/100\n|switch|p2b: Roaring Moon|Roaring Moon, L50|100/100\n|-ability|p1a: Calyrex|As One\n|-ability|p1a: Calyrex|Unnerve\n|-enditem|p2b: Roaring Moon|Booster Energy\n|-activate|p2b: Roaring Moon|ability: Protosynthesis|[fromitem]\n|-start|p2b: Roaring Moon|protosynthesisspe\n|turn|1\n|inactive|matchbow2 has 30 seconds left.\n|inactive|matchbow2 has 20 seconds left.\n|\n|t:|1772655439\n|move|p2b: Roaring Moon|Tailwind|p2b: Roaring Moon\n|-sidestart|p2: Maphoo|move: Tailwind\n|move|p2a: Urshifu|Taunt|p1b: Jumpluff\n|-start|p1b: Jumpluff|move: Taunt\n|cant|p1b: Jumpluff|move: Taunt|Sleep Powder\n|move|p1a: Calyrex|Trick Room|p1a: Calyrex\n|-fieldstart|move: Trick Room|[of] p1a: Calyrex\n|\n|upkeep\n|turn|2\n|\n|t:|1772655461\n|-terastallize|p1a: Calyrex|Water\n|move|p2b: Roaring Moon|Protect|p2b: Roaring Moon\n|-singleturn|p2b: Roaring Moon|Protect\n|move|p1a: Calyrex|Glacial Lance|p2a: Urshifu|[spread] p2a\n|-activate|p2b: Roaring Moon|move: Protect\n|-resisted|p2a: Urshifu\n|-damage|p2a: Urshifu|75/100\n|move|p1b: Jumpluff|Pollen Puff|p2b: Roaring Moon\n|-activate|p2b: Roaring Moon|move: Protect\n|move|p2a: Urshifu|Surging Strikes|p1a: Calyrex\n|-resisted|p1a: Calyrex\n|-crit|p1a: Calyrex\n|-damage|p1a: Calyrex|94/100\n|-resisted|p1a: Calyrex\n|-crit|p1a: Calyrex\n|-damage|p1a: Calyrex|88/100\n|-resisted|p1a: Calyrex\n|-crit|p1a: Calyrex\n|-damage|p1a: Calyrex|82/100\n|-hitcount|p1a: Calyrex|3\n|\n|upkeep\n|turn|3\n|\n|t:|1772655482\n|switch|p1b: Groudon|Groudon, L50|100/100\n|-weather|SunnyDay|[from] ability: Drought|[of] p1b: Groudon\n|-end|p2b: Roaring Moon|Protosynthesis|[silent]\n|switch|p2b: Lunala|Lunala, L50, shiny|100/100\n|move|p2a: Urshifu|Detect|p2a: Urshifu\n|-singleturn|p2a: Urshifu|Protect\n|move|p1a: Calyrex|Glacial Lance|p2a: Urshifu|[spread] p2b\n|-activate|p2a: Urshifu|move: Protect\n|-damage|p2b: Lunala|82/100\n|\n|-weather|SunnyDay|[upkeep]\n|upkeep\n|turn|4\n|inactive|matchbow2 has 30 seconds left.\n|\n|t:|1772655510\n|switch|p2b: Kyogre|Kyogre, L50|100/100\n|-weather|RainDance|[from] ability: Drizzle|[of] p2b: Kyogre\n|move|p1a: Calyrex|Leech Seed|p2b: Kyogre\n|-start|p2b: Kyogre|move: Leech Seed\n|move|p1b: Groudon|High Horsepower|p2a: Urshifu|[miss]\n|-miss|p1b: Groudon|p2a: Urshifu\n|move|p2a: Urshifu|Surging Strikes|p1b: Groudon\n|-supereffective|p1b: Groudon\n|-crit|p1b: Groudon\n|-damage|p1b: Groudon|57/100\n|-supereffective|p1b: Groudon\n|-crit|p1b: Groudon\n|-damage|p1b: Groudon|11/100\n|-supereffective|p1b: Groudon\n|-crit|p1b: Groudon\n|-damage|p1b: Groudon|0 fnt\n|faint|p1b: Groudon\n|-hitcount|p1: Groudon|3\n|\n|-weather|RainDance|[upkeep]\n|-damage|p2b: Kyogre|88/100|[from] Leech Seed|[of] p1a: Calyrex\n|-heal|p1a: Calyrex|94/100|[silent]\n|-sideend|p2: Maphoo|move: Tailwind\n|upkeep\n|\n|t:|1772655522\n|switch|p1b: Flutter Mane|Flutter Mane, L50|100/100\n|turn|5\n|\n|t:|1772655540\n|move|p2b: Kyogre|Protect|p2b: Kyogre\n|-singleturn|p2b: Kyogre|Protect\n|move|p1b: Flutter Mane|Protect|p1b: Flutter Mane\n|-singleturn|p1b: Flutter Mane|Protect\n|move|p1a: Calyrex|Glacial Lance|p2a: Urshifu|[spread] p2a\n|-activate|p2b: Kyogre|move: Protect\n|-resisted|p2a: Urshifu\n|-damage|p2a: Urshifu|50/100\n|move|p2a: Urshifu|Surging Strikes|p1b: Flutter Mane\n|-crit|p1b: Flutter Mane\n|-damage|p1b: Flutter Mane|27/100\n|-crit|p1b: Flutter Mane\n|-damage|p1b: Flutter Mane|0 fnt\n|faint|p1b: Flutter Mane\n|-end|p1b: Flutter Mane|Protosynthesis|[silent]\n|-hitcount|p1: Flutter Mane|2\n|\n|-weather|RainDance|[upkeep]\n|-damage|p2b: Kyogre|76/100|[from] Leech Seed|[of] p1a: Calyrex\n|-heal|p1a: Calyrex|100/100|[silent]\n|-fieldend|move: Trick Room\n|upkeep\n|\n|t:|1772655552\n|switch|p1b: Jumpluff|Jumpluff, L50, F|100/100\n|turn|6\n|\n|t:|1772655567\n|move|p1b: Jumpluff|Sleep Powder|p2b: Kyogre\n|-status|p2b: Kyogre|slp|[from] move: Sleep Powder\n|move|p2a: Urshifu|Taunt|p1a: Calyrex\n|-start|p1a: Calyrex|move: Taunt\n|cant|p2b: Kyogre|slp\n|cant|p1a: Calyrex|move: Taunt|Trick Room\n|\n|-weather|RainDance|[upkeep]\n|-damage|p2b: Kyogre|64/100 slp|[from] Leech Seed|[of] p1a: Calyrex\n|upkeep\n|turn|7\n|\n|t:|1772655584\n|move|p2a: Urshifu|Detect|p2a: Urshifu\n|-singleturn|p2a: Urshifu|Protect\n|move|p1b: Jumpluff|Encore|p2a: Urshifu\n|-activate|p2a: Urshifu|move: Protect\n|cant|p2b: Kyogre|slp\n|move|p1a: Calyrex|Glacial Lance|p2a: Urshifu|[spread] p2b\n|-activate|p2a: Urshifu|move: Protect\n|-resisted|p2b: Kyogre\n|-damage|p2b: Kyogre|41/100 slp\n|\n|-weather|RainDance|[upkeep]\n|-damage|p2b: Kyogre|29/100 slp|[from] Leech Seed|[of] p1a: Calyrex\n|upkeep\n|turn|8\n|\n|t:|1772655602\n|switch|p2a: Lunala|Lunala, L50, shiny|82/100\n|move|p1b: Jumpluff|Sleep Powder|p2a: Lunala\n|-status|p2a: Lunala|slp|[from] move: Sleep Powder\n|cant|p2b: Kyogre|slp\n|move|p1a: Calyrex|Glacial Lance|p2a: Lunala|[spread] p2a,p2b\n|-resisted|p2b: Kyogre\n|-damage|p2a: Lunala|40/100 slp\n|-damage|p2b: Kyogre|6/100 slp\n|\n|-weather|none\n|-damage|p2b: Kyogre|0 fnt|[from] Leech Seed|[of] p1a: Calyrex\n|faint|p2b: Kyogre\n|-end|p1a: Calyrex|move: Taunt\n|upkeep\n|\n|t:|1772655619\n|switch|p2b: Roaring Moon|Roaring Moon, L50|100/100\n|turn|9\n|\n|t:|1772655629\n|move|p2b: Roaring Moon|Tailwind|p2b: Roaring Moon\n|-sidestart|p2: Maphoo|move: Tailwind\n|cant|p2a: Lunala|slp\n|move|p1b: Jumpluff|Sleep Powder|p2b: Roaring Moon\n|-status|p2b: Roaring Moon|slp|[from] move: Sleep Powder\n|move|p1a: Calyrex|Glacial Lance|p2b: Roaring Moon|[spread] p2a,p2b\n|-supereffective|p2b: Roaring Moon\n|-damage|p2a: Lunala|0 fnt\n|-damage|p2b: Roaring Moon|0 fnt\n|faint|p2a: Lunala\n|faint|p2b: Roaring Moon\n|-end|p2b: Roaring Moon|Protosynthesis|[silent]\n|-ability|p1a: Calyrex|Chilling Neigh|boost\n|-boost|p1a: Calyrex|atk|2\n|\n|upkeep\n|inactive|Maphoo has 30 seconds left.\n|\n|t:|1772655656\n|switch|p2b: Urshifu|Urshifu-Rapid-Strike, L50, M|50/100\n|turn|10\n|-message|Maphoo forfeited.\n|\n|win|matchbow2\n|raw|matchbow2's rating: 1376 &rarr; <strong>1399</strong><br />(+23 for winning)\n|raw|Maphoo's rating: 1420 &rarr; <strong>1397</strong><br />(-23 for losing)\n|l|\u2606Maphoo\n|player|p2|\n","uploadtime":1772655688,"views":12,"formatid":"gen9vgc2026regi","rating":1397,"private":0,"password":null}