{"id":"gen9vgc2026regi-2579583379","format":"[Gen 9] VGC 2026 Reg I","players":["Sheevp","dodatid"],"log":"|j|\u2606Sheevp\n|j|\u2606dodatid\n|t:|1775801205\n|gametype|doubles\n|player|p1|Sheevp|170|1431\n|player|p2|dodatid|265|1529\n|gen|9\n|tier|[Gen 9] VGC 2026 Reg I\n|rated|\n|rule|Species Clause: Limit one of each Pok\u00e9mon\n|rule|Item Clause: Limit 1 of each item\n|clearpoke\n|poke|p1|Calyrex-Ice, L50|\n|poke|p1|Kyogre, L50|\n|poke|p1|Smeargle, L50, M|\n|poke|p1|Roaring Moon, L50|\n|poke|p1|Amoonguss, L50, F|\n|poke|p1|Landorus, L50, M|\n|poke|p2|Calyrex-Ice, L50|\n|poke|p2|Lunala, L50|\n|poke|p2|Hariyama, L50, F|\n|poke|p2|Urshifu-*, L50, M|\n|poke|p2|Ursaluna-Bloodmoon, L50, M|\n|poke|p2|Brute Bonnet, L50|\n|teampreview|4\n|\n|t:|1775801242\n|teamsize|p1|4\n|teamsize|p2|4\n|start\n|switch|p1a: Smeargle|Smeargle, L50, M|100/100\n|switch|p1b: Kyogre|Kyogre, L50|100/100\n|switch|p2a: Calyrex|Calyrex-Ice, L50|100/100\n|switch|p2b: Hariyama|Hariyama, L50, F|100/100\n|-ability|p2a: Calyrex|As One\n|-ability|p2a: Calyrex|Unnerve\n|-weather|RainDance|[from] ability: Drizzle|[of] p1b: Kyogre\n|turn|1\n|inactive|Battle timer is ON: inactive players will automatically lose when time's up. (requested by dodatid)\n|\n|t:|1775801266\n|move|p1a: Smeargle|Fake Out|p2b: Hariyama\n|-damage|p2b: Hariyama|93/100\n|cant|p2b: Hariyama|flinch\n|move|p1b: Kyogre|Water Spout|p2b: Hariyama|[spread] p2a,p2b\n|-damage|p2a: Calyrex|14/100\n|-damage|p2b: Hariyama|0 fnt\n|faint|p2b: Hariyama\n|move|p2a: Calyrex|Trick Room|p2a: Calyrex\n|-fieldstart|move: Trick Room|[of] p2a: Calyrex\n|\n|-weather|RainDance|[upkeep]\n|upkeep\n|\n|t:|1775801291\n|switch|p2b: Brute Bonnet|Brute Bonnet, L50|100/100\n|-enditem|p2b: Brute Bonnet|Booster Energy\n|-activate|p2b: Brute Bonnet|ability: Protosynthesis|[fromitem]\n|-start|p2b: Brute Bonnet|protosynthesisatk\n|turn|2\n|\n|t:|1775801309\n|move|p2a: Calyrex|Protect|p2a: Calyrex\n|-singleturn|p2a: Calyrex|Protect\n|move|p1a: Smeargle|Follow Me|p1a: Smeargle\n|-singleturn|p1a: Smeargle|move: Follow Me\n|move|p2b: Brute Bonnet|Spore|p1a: Smeargle\n|-status|p1a: Smeargle|slp|[from] move: Spore\n|move|p1b: Kyogre|Water Spout|p2b: Brute Bonnet|[spread] p2b\n|-activate|p2a: Calyrex|move: Protect\n|-resisted|p2b: Brute Bonnet\n|-damage|p2b: Brute Bonnet|48/100\n|\n|-weather|RainDance|[upkeep]\n|upkeep\n|turn|3\n|\n|t:|1775801327\n|-terastallize|p1b: Kyogre|Grass\n|move|p2a: Calyrex|Glacial Lance|p1a: Smeargle|[spread] p1a,p1b\n|-supereffective|p1b: Kyogre\n|-damage|p1a: Smeargle|17/100 slp\n|-damage|p1b: Kyogre|0 fnt\n|faint|p1b: Kyogre\n|-ability|p2a: Calyrex|Chilling Neigh|boost\n|-boost|p2a: Calyrex|atk|1\n|move|p2b: Brute Bonnet|Spore|p1a: Smeargle\n|-fail|p1a: Smeargle|slp\n|cant|p1a: Smeargle|slp\n|\n|-weather|RainDance|[upkeep]\n|upkeep\n|\n|t:|1775801338\n|switch|p1b: Head|Amoonguss, L50, F|100/100\n|turn|4\n|\n|t:|1775801351\n|move|p2a: Calyrex|Protect|p2a: Calyrex\n|-singleturn|p2a: Calyrex|Protect\n|move|p1b: Head|Spore|p2a: Calyrex\n|-activate|p2a: Calyrex|move: Protect\n|move|p2b: Brute Bonnet|Taunt|p1b: Head\n|-start|p1b: Head|move: Taunt\n|cant|p1a: Smeargle|slp\n|\n|-weather|RainDance|[upkeep]\n|upkeep\n|turn|5\n|\n|t:|1775801368\n|switch|p1a: Calyrex|Calyrex-Ice, L50|100/100\n|-ability|p1a: Calyrex|As One\n|-ability|p1a: Calyrex|Unnerve\n|move|p2b: Brute Bonnet|Sucker Punch|p1b: Head\n|-damage|p1b: Head|64/100\n|-damage|p2b: Brute Bonnet|32/100|[from] item: Rocky Helmet|[of] p1b: Head\n|move|p1b: Head|Pollen Puff|p2b: Brute Bonnet\n|-supereffective|p2b: Brute Bonnet\n|-damage|p2b: Brute Bonnet|0 fnt\n|faint|p2b: Brute Bonnet\n|-end|p2b: Brute Bonnet|Protosynthesis|[silent]\n|move|p2a: Calyrex|Glacial Lance|p1b: Head|[spread] p1a,p1b\n|-resisted|p1a: Calyrex\n|-supereffective|p1b: Head\n|-damage|p1a: Calyrex|74/100\n|-damage|p1b: Head|0 fnt\n|faint|p1b: Head\n|-ability|p2a: Calyrex|Chilling Neigh|boost\n|-boost|p2a: Calyrex|atk|1\n|\n|-weather|none\n|-heal|p1a: Calyrex|80/100|[from] item: Leftovers\n|-fieldend|move: Trick Room\n|upkeep\n|\n|t:|1775801378\n|switch|p2b: Lunala|Lunala, L50|100/100\n|switch|p1b: Smeargle|Smeargle, L50, M|17/100 slp\n|turn|6\n|\n|t:|1775801391\n|cant|p1b: Smeargle|slp\n|move|p2b: Lunala|Meteor Beam||[still]\n|-prepare|p2b: Lunala|Meteor Beam\n|-boost|p2b: Lunala|spa|1\n|-enditem|p2b: Lunala|Power Herb\n|-anim|p2b: Lunala|Meteor Beam|p1a: Calyrex\n|-supereffective|p1a: Calyrex\n|-damage|p1a: Calyrex|0 fnt\n|faint|p1a: Calyrex\n|move|p2a: Calyrex|Close Combat|p1b: Smeargle\n|-supereffective|p1b: Smeargle\n|-damage|p1b: Smeargle|0 fnt\n|-unboost|p2a: Calyrex|def|1\n|-unboost|p2a: Calyrex|spd|1\n|faint|p1b: Smeargle\n|\n|win|dodatid\n|raw|Sheevp's rating: 1431 &rarr; <strong>1416</strong><br />(-15 for losing)\n|raw|dodatid's rating: 1529 &rarr; <strong>1544</strong><br />(+15 for winning)\n|l|\u2606Sheevp\n|player|p1|\n|l|\u2606dodatid\n|player|p2|\n","uploadtime":1775801619,"views":8,"formatid":"gen9vgc2026regi","rating":1416,"private":0,"password":null}