{"id":"gen9vgc2026regi-2590968870","format":"[Gen 9] VGC 2026 Reg I","players":["Cropterledresseur","Realfrytki"],"log":"|j|\u2606Cropterledresseur\n|j|\u2606Realfrytki\n|t:|1776865374\n|gametype|doubles\n|player|p1|Cropterledresseur|lady|1435\n|player|p2|Realfrytki|veteranf|1644\n|gen|9\n|tier|[Gen 9] VGC 2026 Reg I\n|rated|\n|rule|Species Clause: Limit one of each Pok\u00e9mon\n|rule|Item Clause: Limit 1 of each item\n|clearpoke\n|poke|p1|Iron Hands, L50|\n|poke|p1|Chi-Yu, L50|\n|poke|p1|Zamazenta-*, L50|\n|poke|p1|Flutter Mane, L50|\n|poke|p1|Miraidon, L50|\n|poke|p1|Chien-Pao, L50|\n|poke|p2|Calyrex-Shadow, L50|\n|poke|p2|Terapagos, L50, M|\n|poke|p2|Iron Hands, L50|\n|poke|p2|Chi-Yu, L50|\n|poke|p2|Smeargle, L50, F|\n|poke|p2|Whimsicott, L50, M|\n|teampreview|4\n|\n|t:|1776865391\n|teamsize|p1|4\n|teamsize|p2|4\n|start\n|switch|p1a: Flutter Mane|Flutter Mane, L50|100/100\n|switch|p1b: Zamazenta|Zamazenta-Crowned, L50|100/100\n|switch|p2a: Smeargle|Smeargle, L50, F|100/100\n|switch|p2b: Terapagos|Terapagos, L50, M|100/100\n|-activate|p2b: Terapagos|ability: Tera Shift\n|detailschange|p2b: Terapagos|Terapagos-Terastal, L50, M\n|-heal|p2b: Terapagos|100/100|[silent]\n|-ability|p1b: Zamazenta|Dauntless Shield|boost\n|-boost|p1b: Zamazenta|def|1\n|-enditem|p1a: Flutter Mane|Booster Energy\n|-activate|p1a: Flutter Mane|ability: Protosynthesis|[fromitem]\n|-start|p1a: Flutter Mane|protosynthesisspe\n|turn|1\n|\n|t:|1776865408\n|move|p2a: Smeargle|Fake Out|p1b: Zamazenta\n|-resisted|p1b: Zamazenta\n|-damage|p1b: Zamazenta|99/100\n|move|p1a: Flutter Mane|Icy Wind|p2b: Terapagos|[spread] p2a,p2b\n|-activate|p2b: Terapagos|ability: Tera Shell\n|-resisted|p2b: Terapagos\n|-damage|p2a: Smeargle|63/100\n|-damage|p2b: Terapagos|94/100\n|-unboost|p2a: Smeargle|spe|1\n|-unboost|p2b: Terapagos|spe|1\n|cant|p1b: Zamazenta|flinch\n|move|p2b: Terapagos|Earth Power|p1b: Zamazenta\n|-supereffective|p1b: Zamazenta\n|-damage|p1b: Zamazenta|42/100\n|\n|-ability|p2a: Smeargle|Moody|boost\n|-boost|p2a: Smeargle|def|2\n|-unboost|p2a: Smeargle|atk|1\n|upkeep\n|turn|2\n|\n|t:|1776865432\n|switch|p2b: Calyrex|Calyrex-Shadow, L50|100/100\n|-ability|p2b: Calyrex|As One\n|-ability|p2b: Calyrex|Unnerve\n|move|p1a: Flutter Mane|Moonblast|p2a: Smeargle\n|-damage|p2a: Smeargle|0 fnt\n|faint|p2a: Smeargle\n|move|p1b: Zamazenta|Body Press|p2b: Calyrex\n|-immune|p2b: Calyrex\n|\n|upkeep\n|inactive|Battle timer is ON: inactive players will automatically lose when time's up. (requested by Cropterledresseur)\n|\n|t:|1776865452\n|switch|p2a: Terapagos|Terapagos-Terastal, L50, M|94/100\n|turn|3\n|\n|t:|1776865465\n|-terastallize|p2b: Calyrex|Dark\n|move|p1b: Zamazenta|Wide Guard|p1b: Zamazenta\n|-singleturn|p1b: Zamazenta|Wide Guard\n|move|p1a: Flutter Mane|Icy Wind|p2b: Calyrex|[spread] p2a,p2b\n|-damage|p2a: Terapagos|80/100\n|-damage|p2b: Calyrex|86/100\n|-unboost|p2a: Terapagos|spe|1\n|-unboost|p2b: Calyrex|spe|1\n|move|p2b: Calyrex|Astral Barrage|p1b: Zamazenta|[spread] \n|-activate|p1a: Flutter Mane|move: Wide Guard\n|-activate|p1b: Zamazenta|move: Wide Guard\n|move|p2a: Terapagos|Earth Power|p1b: Zamazenta\n|-supereffective|p1b: Zamazenta\n|-damage|p1b: Zamazenta|0 fnt\n|faint|p1b: Zamazenta\n|\n|upkeep\n|\n|t:|1776865482\n|switch|p1b: Miraidon|Miraidon, L50|100/100\n|-fieldstart|move: Electric Terrain|[from] ability: Hadron Engine|[of] p1b: Miraidon\n|turn|4\n|\n|t:|1776865495\n|switch|p2b: Iron Hands|Iron Hands, L50|100/100\n|-activate|p2b: Iron Hands|ability: Quark Drive\n|-start|p2b: Iron Hands|quarkdriveatk\n|move|p1a: Flutter Mane|Moonblast|p2b: Iron Hands\n|-supereffective|p2b: Iron Hands\n|-damage|p2b: Iron Hands|45/100\n|move|p1b: Miraidon|Electro Drift|p2a: Terapagos\n|-damage|p2a: Terapagos|0 fnt\n|faint|p2a: Terapagos\n|-damage|p1b: Miraidon|91/100|[from] item: Life Orb\n|\n|upkeep\n|\n|t:|1776865507\n|switch|p2a: Calyrex|Calyrex-Shadow, L50, tera:Dark|86/100\n|-ability|p2a: Calyrex|As One\n|-ability|p2a: Calyrex|Unnerve\n|turn|5\n|\n|t:|1776865513\n|-terastallize|p1b: Miraidon|Fairy\n|move|p2a: Calyrex|Protect|p2a: Calyrex\n|-singleturn|p2a: Calyrex|Protect\n|move|p1a: Flutter Mane|Icy Wind|p2a: Calyrex|[spread] p2b\n|-activate|p2a: Calyrex|move: Protect\n|-crit|p2b: Iron Hands\n|-damage|p2b: Iron Hands|33/100\n|-unboost|p2b: Iron Hands|spe|1\n|move|p1b: Miraidon|Dazzling Gleam|p2a: Calyrex|[spread] p2b\n|-activate|p2a: Calyrex|move: Protect\n|-supereffective|p2b: Iron Hands\n|-damage|p2b: Iron Hands|0 fnt\n|faint|p2b: Iron Hands\n|-end|p2b: Iron Hands|Quark Drive|[silent]\n|-damage|p1b: Miraidon|81/100|[from] item: Life Orb\n|\n|upkeep\n|turn|6\n|-message|Realfrytki forfeited.\n|\n|win|Cropterledresseur\n|raw|Cropterledresseur's rating: 1435 &rarr; <strong>1466</strong><br />(+31 for winning)\n|raw|Realfrytki's rating: 1644 &rarr; <strong>1613</strong><br />(-31 for losing)\n|l|\u2606Realfrytki\n|player|p2|\n|l|\u2606Cropterledresseur\n|player|p1|\n","uploadtime":1776865664,"views":14,"formatid":"gen9vgc2026regi","rating":1466,"private":0,"password":null}