{"id":"gen9vgc2026regi-2530888789","format":"[Gen 9] VGC 2026 Reg I","players":["ice spice rider","marcxhenry"],"log":"|j|\u2606ice spice rider\n|j|\u2606marcxhenry\n|t:|1769983700\n|gametype|doubles\n|player|p1|ice spice rider|1|1260\n|player|p2|marcxhenry|hilbert-wonderlauncher|1524\n|gen|9\n|tier|[Gen 9] VGC 2026 Reg I\n|rated|\n|rule|Species Clause: Limit one of each Pok\u00e9mon\n|rule|Item Clause: Limit 1 of each item\n|clearpoke\n|poke|p1|Kyogre, L50|\n|poke|p1|Calyrex-Ice, L50|\n|poke|p1|Basculegion, L50, M|\n|poke|p1|Amoonguss, L50, F|\n|poke|p1|Iron Jugulis, L50|\n|poke|p1|Rillaboom, L50, F|\n|poke|p2|Calyrex-Shadow, L50|\n|poke|p2|Urshifu-*, L50, M|\n|poke|p2|Roaring Moon, L50|\n|poke|p2|Kyogre, L50|\n|poke|p2|Tsareena, L50, F|\n|poke|p2|Kingambit, L50, M|\n|teampreview|4\n|\n|t:|1769983730\n|teamsize|p1|4\n|teamsize|p2|4\n|start\n|switch|p1a: Calyrex|Calyrex-Ice, L50|100/100\n|switch|p1b: Morjal|Amoonguss, L50, F|100/100\n|switch|p2a: Roter Baron|Roaring Moon, L50, shiny|100/100\n|switch|p2b: Tripitz|Kyogre, L50, shiny|100/100\n|-ability|p1a: Calyrex|As One\n|-ability|p1a: Calyrex|Unnerve\n|-weather|RainDance|[from] ability: Drizzle|[of] p2b: Tripitz\n|-enditem|p2a: Roter Baron|Booster Energy\n|-activate|p2a: Roter Baron|ability: Protosynthesis|[fromitem]\n|-start|p2a: Roter Baron|protosynthesisspe\n|turn|1\n|\n|t:|1769983746\n|-terastallize|p1a: Calyrex|Water\n|move|p1b: Morjal|Rage Powder|p1b: Morjal\n|-singleturn|p1b: Morjal|move: Rage Powder\n|move|p2a: Roter Baron|Acrobatics|p1b: Morjal\n|-supereffective|p1b: Morjal\n|-damage|p1b: Morjal|34/100\n|-damage|p2a: Roter Baron|84/100|[from] item: Rocky Helmet|[of] p1b: Morjal\n|move|p2b: Tripitz|Water Spout|p1b: Morjal|[spread] p1a,p1b\n|-resisted|p1a: Calyrex\n|-resisted|p1b: Morjal\n|-damage|p1a: Calyrex|63/100\n|-damage|p1b: Morjal|0 fnt\n|faint|p1b: Morjal\n|move|p1a: Calyrex|Trick Room|p1a: Calyrex\n|-fieldstart|move: Trick Room|[of] p1a: Calyrex\n|\n|-weather|RainDance|[upkeep]\n|-heal|p1a: Calyrex|69/100|[from] item: Leftovers\n|upkeep\n|\n|t:|1769983766\n|switch|p1b: Kyogre|Kyogre, L50|100/100\n|turn|2\n|\n|t:|1769983776\n|move|p2a: Roter Baron|Protect|p2a: Roter Baron\n|-singleturn|p2a: Roter Baron|Protect\n|move|p1a: Calyrex|Glacial Lance|p2b: Tripitz|[spread] p2b\n|-activate|p2a: Roter Baron|move: Protect\n|-resisted|p2b: Tripitz\n|-damage|p2b: Tripitz|69/100\n|move|p1b: Kyogre|Water Spout|p2a: Roter Baron|[spread] p2b\n|-activate|p2a: Roter Baron|move: Protect\n|-resisted|p2b: Tripitz\n|-damage|p2b: Tripitz|20/100\n|move|p2b: Tripitz|Origin Pulse|p1b: Kyogre|[spread] p1a,p1b\n|-resisted|p1a: Calyrex\n|-resisted|p1b: Kyogre\n|-damage|p1a: Calyrex|40/100\n|-damage|p1b: Kyogre|70/100\n|\n|-weather|RainDance|[upkeep]\n|-heal|p1a: Calyrex|46/100|[from] item: Leftovers\n|upkeep\n|turn|3\n|\n|t:|1769983800\n|-end|p2a: Roter Baron|Protosynthesis|[silent]\n|switch|p2a: Hermann|Kingambit, L50, M, shiny|100/100\n|move|p2b: Tripitz|Protect|p2b: Tripitz\n|-singleturn|p2b: Tripitz|Protect\n|move|p1a: Calyrex|Glacial Lance|p2a: Hermann|[spread] p2a\n|-activate|p2b: Tripitz|move: Protect\n|-resisted|p2a: Hermann\n|-damage|p2a: Hermann|81/100\n|move|p1b: Kyogre|Water Spout|p2a: Hermann|[spread] p2a\n|-activate|p2b: Tripitz|move: Protect\n|-damage|p2a: Hermann|29/100\n|\n|-weather|RainDance|[upkeep]\n|-heal|p1a: Calyrex|52/100|[from] item: Leftovers\n|upkeep\n|turn|4\n|\n|t:|1769983820\n|move|p2b: Tripitz|Protect||[still]\n|-fail|p2b: Tripitz\n|move|p2a: Hermann|Sucker Punch|p1b: Kyogre\n|-damage|p1b: Kyogre|32/100\n|move|p1a: Calyrex|Glacial Lance|p2b: Tripitz|[spread] p2a,p2b\n|-resisted|p2a: Hermann\n|-resisted|p2b: Tripitz\n|-damage|p2a: Hermann|9/100\n|-damage|p2b: Tripitz|0 fnt\n|faint|p2b: Tripitz\n|-ability|p1a: Calyrex|Chilling Neigh|boost\n|-boost|p1a: Calyrex|atk|1\n|move|p1b: Kyogre|Water Spout|p2a: Hermann\n|-damage|p2a: Hermann|0 fnt\n|faint|p2a: Hermann\n|\n|-weather|RainDance|[upkeep]\n|-heal|p1a: Calyrex|58/100|[from] item: Leftovers\n|upkeep\n|\n|t:|1769983836\n|switch|p2a: Eva|Tsareena, L50, F, shiny|100/100\n|switch|p2b: Roter Baron|Roaring Moon, L50, shiny|84/100\n|turn|5\n|\n|t:|1769983846\n|switch|p1b: Basculegion|Basculegion, L50, M|100/100\n|move|p2a: Eva|Protect|p2a: Eva\n|-singleturn|p2a: Eva|Protect\n|move|p2b: Roter Baron|Protect|p2b: Roter Baron\n|-singleturn|p2b: Roter Baron|Protect\n|move|p1a: Calyrex|Glacial Lance|p2a: Eva|[spread] \n|-activate|p2a: Eva|move: Protect\n|-activate|p2b: Roter Baron|move: Protect\n|\n|-weather|none\n|-heal|p1a: Calyrex|63/100|[from] item: Leftovers\n|-fieldend|move: Trick Room\n|upkeep\n|turn|6\n|\n|t:|1769983864\n|switch|p1a: Kyogre|Kyogre, L50|32/100\n|-weather|RainDance|[from] ability: Drizzle|[of] p1a: Kyogre\n|-terastallize|p2a: Eva|Water\n|move|p1b: Basculegion|Last Respects|p2a: Eva\n|-damage|p2a: Eva|30/100\n|-damage|p1b: Basculegion|91/100|[from] item: Life Orb\n|move|p2b: Roter Baron|Tailwind|p2b: Roter Baron\n|-sidestart|p2: marcxhenry|move: Tailwind\n|move|p2a: Eva|Power Whip|p1a: Kyogre\n|-supereffective|p1a: Kyogre\n|-damage|p1a: Kyogre|0 fnt\n|faint|p1a: Kyogre\n|\n|-weather|RainDance|[upkeep]\n|upkeep\n|\n|t:|1769983876\n|switch|p1a: Calyrex|Calyrex-Ice, L50, tera:Water|63/100\n|-ability|p1a: Calyrex|As One\n|-ability|p1a: Calyrex|Unnerve\n|turn|7\n|\n|t:|1769983886\n|move|p2b: Roter Baron|Knock Off|p1b: Basculegion\n|-supereffective|p1b: Basculegion\n|-damage|p1b: Basculegion|0 fnt\n|-enditem|p1b: Basculegion|Life Orb|[from] move: Knock Off|[of] p2b: Roter Baron\n|faint|p1b: Basculegion\n|move|p2a: Eva|Power Whip|p1a: Calyrex\n|-supereffective|p1a: Calyrex\n|-damage|p1a: Calyrex|0 fnt\n|faint|p1a: Calyrex\n|\n|win|marcxhenry\n|raw|ice spice rider's rating: 1275 &rarr; <strong>1265</strong><br />(-10 for losing)\n|raw|marcxhenry's rating: 1524 &rarr; <strong>1532</strong><br />(+8 for winning)\n|l|\u2606ice spice rider\n|player|p1|\n|l|\u2606marcxhenry\n|player|p2|\n","uploadtime":1769984157,"views":12,"formatid":"gen9vgc2026regi","rating":1265,"private":0,"password":null}