{"id":"gen9vgc2026regi-2574790372","format":"[Gen 9] VGC 2026 Reg I","players":["Xendari","VJ2511"],"log":"|j|\u2606Xendari\n|j|\u2606VJ2511\n|t:|1775275279\n|gametype|doubles\n|player|p1|Xendari|caitlin|1542\n|player|p2|VJ2511|266|1611\n|gen|9\n|tier|[Gen 9] VGC 2026 Reg I\n|rated|\n|rule|Species Clause: Limit one of each Pok\u00e9mon\n|rule|Item Clause: Limit 1 of each item\n|clearpoke\n|poke|p1|Miraidon, L50|\n|poke|p1|Lunala, L50|\n|poke|p1|Whimsicott, L50, F|\n|poke|p1|Urshifu-*, L50, F|\n|poke|p1|Incineroar, L50, M|\n|poke|p1|Ursaluna, L50, F|\n|poke|p2|Calyrex-Shadow, L50|\n|poke|p2|Koraidon, L50|\n|poke|p2|Flutter Mane, L50|\n|poke|p2|Incineroar, L50, F|\n|poke|p2|Rillaboom, L50, F|\n|poke|p2|Clefairy, L50, F|\n|teampreview|4\n|inactive|Battle timer is ON: inactive players will automatically lose when time's up. (requested by VJ2511)\n|inactive|Xendari has 60 seconds left.\n|\n|t:|1775275316\n|teamsize|p1|4\n|teamsize|p2|4\n|start\n|switch|p1a: Incineroar|Incineroar, L50, M|100/100\n|switch|p1b: Lunala|Lunala, L50|100/100\n|switch|p2a: Calyrex|Calyrex-Shadow, L50|100/100\n|switch|p2b: Clefairy|Clefairy, L50, F|100/100\n|-ability|p2a: Calyrex|As One\n|-ability|p2a: Calyrex|Unnerve\n|-ability|p1a: Incineroar|Intimidate|boost\n|-unboost|p2a: Calyrex|atk|1\n|-unboost|p2b: Clefairy|atk|1\n|turn|1\n|\n|t:|1775275324\n|move|p1b: Lunala|Wide Guard|p1b: Lunala\n|-singleturn|p1b: Lunala|Wide Guard\n|move|p2b: Clefairy|Follow Me|p2b: Clefairy\n|-singleturn|p2b: Clefairy|move: Follow Me\n|move|p2a: Calyrex|Astral Barrage|p1a: Incineroar|[spread] \n|-activate|p1a: Incineroar|move: Wide Guard\n|-activate|p1b: Lunala|move: Wide Guard\n|move|p1a: Incineroar|Knock Off|p2b: Clefairy\n|-resisted|p2b: Clefairy\n|-damage|p2b: Clefairy|85/100\n|-enditem|p2b: Clefairy|Eviolite|[from] move: Knock Off|[of] p1a: Incineroar\n|\n|upkeep\n|turn|2\n|\n|t:|1775275348\n|move|p1b: Lunala|Wide Guard|p1b: Lunala\n|-singleturn|p1b: Lunala|Wide Guard\n|move|p2b: Clefairy|Follow Me|p2b: Clefairy\n|-singleturn|p2b: Clefairy|move: Follow Me\n|move|p2a: Calyrex|Astral Barrage|p1b: Lunala|[spread] \n|-activate|p1a: Incineroar|move: Wide Guard\n|-activate|p1b: Lunala|move: Wide Guard\n|move|p1a: Incineroar|Knock Off|p2b: Clefairy\n|-resisted|p2b: Clefairy\n|-damage|p2b: Clefairy|68/100\n|\n|upkeep\n|turn|3\n|\n|t:|1775275362\n|move|p1b: Lunala|Wide Guard|p1b: Lunala\n|-singleturn|p1b: Lunala|Wide Guard\n|move|p2b: Clefairy|Follow Me|p2b: Clefairy\n|-singleturn|p2b: Clefairy|move: Follow Me\n|move|p2a: Calyrex|Nasty Plot|p2a: Calyrex\n|-boost|p2a: Calyrex|spa|2\n|move|p1a: Incineroar|Flare Blitz|p2b: Clefairy\n|-damage|p2b: Clefairy|4/100\n|-damage|p1a: Incineroar|82/100|[from] Recoil\n|\n|upkeep\n|turn|4\n|\n|t:|1775275381\n|-terastallize|p1b: Lunala|Fairy\n|move|p2b: Clefairy|Helping Hand|p2a: Calyrex\n|-singleturn|p2a: Calyrex|Helping Hand|[of] p2b: Clefairy\n|move|p2a: Calyrex|Psychic|p1b: Lunala\n|-damage|p1b: Lunala|18/100\n|-damage|p2a: Calyrex|91/100|[from] item: Life Orb\n|move|p1a: Incineroar|U-turn|p2a: Calyrex\n|-damage|p2a: Calyrex|73/100\n|\n|t:|1775275392\n|switch|p1a: Ursaluna|Ursaluna, L50, F|100/100|[from] U-turn\n|move|p1b: Lunala|Trick Room|p1b: Lunala\n|-fieldstart|move: Trick Room|[of] p1b: Lunala\n|\n|-status|p1a: Ursaluna|brn|[from] item: Flame Orb\n|upkeep\n|turn|5\n|\n|t:|1775275398\n|switch|p2b: Rillaboom|Rillaboom, L50, F|100/100\n|-fieldstart|move: Grassy Terrain|[from] ability: Grassy Surge|[of] p2b: Rillaboom\n|move|p1a: Ursaluna|Protect|p1a: Ursaluna\n|-singleturn|p1a: Ursaluna|Protect\n|move|p2a: Calyrex|Protect|p2a: Calyrex\n|-singleturn|p2a: Calyrex|Protect\n|move|p1b: Lunala|Moongeist Beam|p2a: Calyrex\n|-activate|p2a: Calyrex|move: Protect\n|\n|-heal|p1b: Lunala|25/100|[from] Grassy Terrain\n|-heal|p2a: Calyrex|79/100|[from] Grassy Terrain\n|-damage|p1a: Ursaluna|94/100 brn|[from] brn\n|upkeep\n|turn|6\n|\n|t:|1775275417\n|-terastallize|p2a: Calyrex|Dark\n|move|p2b: Rillaboom|Fake Out|p1a: Ursaluna\n|-damage|p1a: Ursaluna|85/100 brn\n|cant|p1a: Ursaluna|flinch\n|move|p1b: Lunala|Moongeist Beam|p2a: Calyrex\n|-resisted|p2a: Calyrex\n|-damage|p2a: Calyrex|48/100\n|move|p2a: Calyrex|Psychic|p1a: Ursaluna\n|-damage|p1a: Ursaluna|0 fnt\n|faint|p1a: Ursaluna\n|-ability|p2a: Calyrex|Grim Neigh|boost\n|-boost|p2a: Calyrex|spa|1\n|-damage|p2a: Calyrex|38/100|[from] item: Life Orb\n|\n|-heal|p1b: Lunala|31/100|[from] Grassy Terrain\n|-heal|p2a: Calyrex|44/100|[from] Grassy Terrain\n|upkeep\n|\n|t:|1775275431\n|switch|p1a: Miraidon|Miraidon, L50|100/100\n|-fieldstart|move: Electric Terrain|[from] ability: Hadron Engine|[of] p1a: Miraidon\n|-enditem|p1b: Lunala|Electric Seed\n|-boost|p1b: Lunala|def|1|[from] item: Electric Seed\n|turn|7\n|\n|t:|1775275442\n|switch|p1b: Incineroar|Incineroar, L50, M|82/100\n|-ability|p1b: Incineroar|Intimidate|boost\n|-unboost|p2a: Calyrex|atk|1\n|-unboost|p2b: Rillaboom|atk|1\n|move|p2a: Calyrex|Protect|p2a: Calyrex\n|-singleturn|p2a: Calyrex|Protect\n|move|p2b: Rillaboom|U-turn|p1a: Miraidon\n|-damage|p1a: Miraidon|85/100\n|\n|t:|1775275451\n|switch|p2b: Clefairy|Clefairy, L50, F|4/100|[from] U-turn\n|move|p1a: Miraidon|Draco Meteor|p2b: Clefairy\n|-immune|p2b: Clefairy\n|\n|upkeep\n|turn|8\n|-message|Xendari forfeited.\n|\n|win|VJ2511\n|raw|Xendari's rating: 1542 &rarr; <strong>1526</strong><br />(-16 for losing)\n|raw|VJ2511's rating: 1611 &rarr; <strong>1627</strong><br />(+16 for winning)\n","uploadtime":1775275457,"views":45,"formatid":"gen9vgc2026regi","rating":1526,"private":0,"password":null}