{"id":"gen9vgc2026regi-2575289377","format":"[Gen 9] VGC 2026 Reg I","players":["realcomrade379","jeffthemalmar"],"log":"|j|\u2606realcomrade379\n|j|\u2606jeffthemalmar\n|t:|1775336842\n|gametype|doubles\n|player|p1|realcomrade379|shadowtriad|\n|player|p2|jeffthemalmar|lucas|\n|gen|9\n|tier|[Gen 9] VGC 2026 Reg I\n|rated|Tournament battle\n|rule|Species Clause: Limit one of each Pok\u00e9mon\n|rule|Item Clause: Limit 1 of each item\n|raw|<div class=\"infobox\"><details class=\"readmore\" open><summary><strong>3 custom rules:</strong></summary> Open Team Sheets, Force Open Team Sheets, !Open Team Sheets</details></div>\n|clearpoke\n|poke|p1|Miraidon, L50|\n|poke|p1|Calyrex-Ice, L50|\n|poke|p1|Ogerpon-Wellspring, L50, F|\n|poke|p1|Incineroar, L50, F|\n|poke|p1|Landorus, L50, M|\n|poke|p1|Grimmsnarl, L50, M|\n|poke|p2|Miraidon, L50|\n|poke|p2|Calyrex-Ice, L50|\n|poke|p2|Iron Hands, L50|\n|poke|p2|Urshifu-*, L50, M|\n|poke|p2|Farigiraf, L50, F|\n|poke|p2|Amoonguss, L50, M|\n|teampreview|4\n|showteam|p1|Miraidon||AssaultVest|HadronEngine|ElectroDrift,DracoMeteor,VoltSwitch,Snarl||||||50|,,,,,Electric]Calyrex-Ice||Leftovers|AsOneGlastrier|Protect,TrickRoom,LeechSeed,GlacialLance||||||50|,,,,,Fairy]Ogerpon-Wellspring||WellspringMask|WaterAbsorb|SpikyShield,FollowMe,HornLeech,IvyCudgel|||F|||50|,,,,,Water]Incineroar||RockyHelmet|Intimidate|KnockOff,FlareBlitz,PartingShot,FakeOut|||F|||50|,,,,,Grass]Landorus||LifeOrb|SheerForce|Protect,Taunt,SludgeBomb,EarthPower|||M|||50|,,,,,Water]Grimmsnarl||LightClay|Prankster|SpiritBreak,LightScreen,Reflect,ThunderWave|||M|||50|,,,,,Ghost\n|showteam|p2|Miraidon||ChoiceSpecs|HadronEngine|ElectroDrift,VoltSwitch,DracoMeteor,DazzlingGleam||||||50|,,,,,Fairy]Calyrex-Ice||ClearAmulet|AsOneGlastrier|GlacialLance,HighHorsepower,TrickRoom,Protect||||||50|,,,,,Water]Iron Hands||AssaultVest|QuarkDrive|WildCharge,DrainPunch,LowKick,FakeOut||||||50|,,,,,Bug]Urshifu-Rapid-Strike||ChoiceScarf|UnseenFist|SurgingStrikes,CloseCombat,Uturn,Coaching|||M|||50|,,,,,Water]Farigiraf||ElectricSeed|ArmorTail|Psychic,FoulPlay,TrickRoom,HelpingHand|||F|||50|,,,,,Fire]Amoonguss||RockyHelmet|Regenerator|Spore,RagePowder,ClearSmog,Protect|||M|||50|,,,,,Water\n|inactive|Battle timer is ON: inactive players will automatically lose when time's up. (requested by realcomrade379)\n|inactive|jeffthemalmar has 60 seconds left.\n|\n|t:|1775336885\n|teamsize|p1|4\n|teamsize|p2|4\n|start\n|switch|p1a: Grimmsnarl|Grimmsnarl, L50, M|100/100\n|switch|p1b: Miraidon|Miraidon, L50|100/100\n|switch|p2a: Calyrex|Calyrex-Ice, L50|100/100\n|switch|p2b: Amoonguss|Amoonguss, L50, M|100/100\n|-ability|p2a: Calyrex|As One\n|-ability|p2a: Calyrex|Unnerve\n|-fieldstart|move: Electric Terrain|[from] ability: Hadron Engine|[of] p1b: Miraidon\n|turn|1\n|\n|t:|1775336899\n|-terastallize|p1b: Miraidon|Electric\n|move|p2b: Amoonguss|Rage Powder|p2b: Amoonguss\n|-singleturn|p2b: Amoonguss|move: Rage Powder\n|move|p1a: Grimmsnarl|Reflect|p1a: Grimmsnarl\n|-sidestart|p1: realcomrade379|Reflect\n|move|p1b: Miraidon|Electro Drift|p2b: Amoonguss\n|-resisted|p2b: Amoonguss\n|-damage|p2b: Amoonguss|35/100\n|-damage|p1b: Miraidon|84/100|[from] item: Rocky Helmet|[of] p2b: Amoonguss\n|move|p2a: Calyrex|Trick Room|p2a: Calyrex\n|-fieldstart|move: Trick Room|[of] p2a: Calyrex\n|\n|upkeep\n|turn|2\n|\n|t:|1775336915\n|switch|p1a: Incineroar|Incineroar, L50, F|100/100\n|-ability|p1a: Incineroar|Intimidate|boost\n|-fail|p2a: Calyrex|unboost|[from] item: Clear Amulet|[of] p2a: Calyrex\n|-unboost|p2b: Amoonguss|atk|1\n|move|p2b: Amoonguss|Rage Powder|p2b: Amoonguss\n|-singleturn|p2b: Amoonguss|move: Rage Powder\n|move|p2a: Calyrex|Glacial Lance|p1b: Miraidon|[spread] p1a,p1b\n|-resisted|p1a: Incineroar\n|-damage|p1a: Incineroar|86/100\n|-damage|p1b: Miraidon|50/100\n|move|p1b: Miraidon|Electro Drift|p2b: Amoonguss\n|-resisted|p2b: Amoonguss\n|-damage|p2b: Amoonguss|0 fnt\n|-damage|p1b: Miraidon|33/100|[from] item: Rocky Helmet|[of] p2b: Amoonguss\n|faint|p2b: Amoonguss\n|\n|upkeep\n|\n|t:|1775336930\n|switch|p2b: Iron Hands|Iron Hands, L50|100/100\n|-activate|p2b: Iron Hands|ability: Quark Drive\n|-start|p2b: Iron Hands|quarkdriveatk\n|turn|3\n|\n|t:|1775336951\n|switch|p1a: Grimmsnarl|Grimmsnarl, L50, M|100/100\n|switch|p1b: Calyrex|Calyrex-Ice, L50|100/100\n|-ability|p1b: Calyrex|As One\n|-ability|p1b: Calyrex|Unnerve\n|move|p2b: Iron Hands|Fake Out|p1a: Grimmsnarl\n|-damage|p1a: Grimmsnarl|86/100\n|move|p2a: Calyrex|High Horsepower|p1b: Calyrex\n|-damage|p1b: Calyrex|83/100\n|\n|-heal|p1b: Calyrex|88/100|[from] item: Leftovers\n|upkeep\n|turn|4\n|\n|t:|1775336974\n|switch|p1a: Incineroar|Incineroar, L50, F|86/100\n|-ability|p1a: Incineroar|Intimidate|boost\n|-fail|p2a: Calyrex|unboost|[from] item: Clear Amulet|[of] p2a: Calyrex\n|-unboost|p2b: Iron Hands|atk|1\n|move|p2b: Iron Hands|Low Kick|p1b: Calyrex\n|-damage|p1b: Calyrex|61/100\n|move|p2a: Calyrex|Glacial Lance|p1a: Incineroar|[spread] p1a,p1b\n|-resisted|p1a: Incineroar\n|-resisted|p1b: Calyrex\n|-damage|p1a: Incineroar|70/100\n|-damage|p1b: Calyrex|48/100\n|move|p1b: Calyrex|Glacial Lance|p2a: Calyrex|[spread] p2a,p2b\n|-resisted|p2a: Calyrex\n|-damage|p2a: Calyrex|85/100\n|-damage|p2b: Iron Hands|63/100\n|\n|-heal|p1b: Calyrex|54/100|[from] item: Leftovers\n|upkeep\n|turn|5\n|j| LanternComic\n|inactive|jeffthemalmar has 30 seconds left.\n|\n|t:|1775337000\n|move|p1a: Incineroar|Fake Out|p2b: Iron Hands\n|-damage|p2b: Iron Hands|55/100\n|cant|p2b: Iron Hands|flinch\n|move|p2a: Calyrex|High Horsepower|p1a: Incineroar\n|-supereffective|p1a: Incineroar\n|-damage|p1a: Incineroar|22/100\n|-damage|p2a: Calyrex|69/100|[from] item: Rocky Helmet|[of] p1a: Incineroar\n|move|p1b: Calyrex|Glacial Lance|p2b: Iron Hands|[spread] p2a,p2b\n|-resisted|p2a: Calyrex\n|-damage|p2a: Calyrex|52/100\n|-damage|p2b: Iron Hands|17/100\n|\n|-heal|p1b: Calyrex|60/100|[from] item: Leftovers\n|-fieldend|move: Trick Room\n|-fieldend|move: Electric Terrain\n|-end|p2b: Iron Hands|Quark Drive\n|upkeep\n|turn|6\n|inactive|jeffthemalmar has 30 seconds left.\n|\n|t:|1775337033\n|move|p1a: Incineroar|Knock Off|p2a: Calyrex\n|-supereffective|p2a: Calyrex\n|-damage|p2a: Calyrex|8/100\n|-enditem|p2a: Calyrex|Clear Amulet|[from] move: Knock Off|[of] p1a: Incineroar\n|move|p1b: Calyrex|Glacial Lance|p2b: Iron Hands|[spread] p2a,p2b\n|-resisted|p2a: Calyrex\n|-damage|p2a: Calyrex|0 fnt\n|-damage|p2b: Iron Hands|0 fnt\n|faint|p2a: Calyrex\n|faint|p2b: Iron Hands\n|-end|p2b: Iron Hands|Quark Drive|[silent]\n|-ability|p1b: Calyrex|Chilling Neigh|boost\n|-boost|p1b: Calyrex|atk|2\n|\n|-heal|p1b: Calyrex|66/100|[from] item: Leftovers\n|upkeep\n|\n|t:|1775337038\n|switch|p2a: Miraidon|Miraidon, L50|100/100\n|-fieldstart|move: Electric Terrain|[from] ability: Hadron Engine|[of] p2a: Miraidon\n|turn|7\n|\n|t:|1775337054\n|move|p2a: Miraidon|Electro Drift|p1b: Calyrex\n|-damage|p1b: Calyrex|0 fnt\n|faint|p1b: Calyrex\n|move|p1a: Incineroar|Parting Shot|p2a: Miraidon\n|-unboost|p2a: Miraidon|atk|1\n|-unboost|p2a: Miraidon|spa|1\n|\n|t:|1775337061\n|switch|p1a: Grimmsnarl|Grimmsnarl, L50, M|86/100|[from] Parting Shot\n|\n|upkeep\n|\n|t:|1775337063\n|switch|p1b: Incineroar|Incineroar, L50, F|22/100\n|-ability|p1b: Incineroar|Intimidate|boost\n|-unboost|p2a: Miraidon|atk|1\n|turn|8\n|\n|t:|1775337070\n|-terastallize|p2a: Miraidon|Fairy\n|move|p1b: Incineroar|Fake Out|p2a: Miraidon\n|-damage|p2a: Miraidon|90/100\n|cant|p2a: Miraidon|flinch\n|move|p1a: Grimmsnarl|Spirit Break|p2a: Miraidon\n|-damage|p2a: Miraidon|62/100\n|-unboost|p2a: Miraidon|spa|1\n|\n|-sideend|p1: realcomrade379|Reflect\n|upkeep\n|turn|9\n|\n|t:|1775337082\n|move|p2a: Miraidon|Electro Drift|p1b: Incineroar\n|-damage|p1b: Incineroar|0 fnt\n|-damage|p2a: Miraidon|45/100|[from] item: Rocky Helmet|[of] p1b: Incineroar\n|faint|p1b: Incineroar\n|move|p1a: Grimmsnarl|Spirit Break|p2a: Miraidon\n|-damage|p2a: Miraidon|17/100\n|-unboost|p2a: Miraidon|spa|1\n|\n|upkeep\n|\n|t:|1775337086\n|switch|p1b: Miraidon|Miraidon, L50, tera:Electric|33/100\n|-activate|p1b: Miraidon|ability: Hadron Engine\n|turn|10\n|j| gamerej2012\n|\n|t:|1775337094\n|move|p2a: Miraidon|Electro Drift|p1a: Grimmsnarl\n|-damage|p1a: Grimmsnarl|30/100\n|move|p1b: Miraidon|Electro Drift|p2a: Miraidon\n|-damage|p2a: Miraidon|0 fnt\n|faint|p2a: Miraidon\n|\n|win|realcomrade379\n|n|\u2606realcomrade379|realcomrade379\n|n|\u2606jeffthemalmar|jeffthemalmar\n|n| LanternComic|lanterncomic\n|n| gamerej2012|gamerej2012\n|l| gamerej2012\n|l|\u2606jeffthemalmar\n|player|p2|\n","uploadtime":1775337100,"views":12,"formatid":"gen9vgc2026regi","rating":null,"private":0,"password":null}