{"id":"gen9vgc2026regi-2541388683","format":"[Gen 9] VGC 2026 Reg I","players":["RyushinYuki","marcxhenry"],"log":"|j|\u2606RyushinYuki\n|j|\u2606marcxhenry\n|t:|1771328241\n|gametype|doubles\n|player|p1|RyushinYuki|roxie|1414\n|player|p2|marcxhenry|hilbert-wonderlauncher|1469\n|gen|9\n|tier|[Gen 9] VGC 2026 Reg I\n|rated|\n|rule|Species Clause: Limit one of each Pok\u00e9mon\n|rule|Item Clause: Limit 1 of each item\n|clearpoke\n|poke|p1|Calyrex-Ice, L50|\n|poke|p1|Indeedee-F, L50, F|\n|poke|p1|Lunala, L50|\n|poke|p1|Smeargle, L50, F|\n|poke|p1|Ursaluna, L50, F|\n|poke|p1|Murkrow, L50, F|\n|poke|p2|Calyrex-Ice, L50|\n|poke|p2|Farigiraf, L50, F|\n|poke|p2|Conkeldurr, L50, M|\n|poke|p2|Magmortar, L50, F|\n|poke|p2|Flutter Mane, L50|\n|poke|p2|Miraidon, L50|\n|teampreview|4\n|\n|t:|1771328280\n|teamsize|p1|4\n|teamsize|p2|4\n|start\n|switch|p1a: Lunala|Lunala, L50|100/100\n|switch|p1b: Smeargle|Smeargle, L50, F|100/100\n|switch|p2a: Conkeldurr|Conkeldurr, L50, M, shiny|100/100\n|switch|p2b: Calyrex|Calyrex-Ice, L50|100/100\n|-ability|p2b: Calyrex|As One\n|-ability|p2b: Calyrex|Unnerve\n|turn|1\n|\n|t:|1771328316\n|switch|p2b: Miraidon|Miraidon, L50|100/100\n|-fieldstart|move: Electric Terrain|[from] ability: Hadron Engine|[of] p2b: Miraidon\n|move|p1a: Lunala|Wide Guard|p1a: Lunala\n|-singleturn|p1a: Lunala|Wide Guard\n|move|p1b: Smeargle|Spore|p2a: Conkeldurr\n|-activate|p2a: Conkeldurr|move: Electric Terrain\n|move|p2a: Conkeldurr|Knock Off|p1a: Lunala\n|-supereffective|p1a: Lunala\n|-damage|p1a: Lunala|35/100\n|-enditem|p1a: Lunala|Leftovers|[from] move: Knock Off|[of] p2a: Conkeldurr\n|\n|-ability|p1b: Smeargle|Moody|boost\n|-boost|p1b: Smeargle|spd|2\n|-unboost|p1b: Smeargle|def|1\n|-status|p2a: Conkeldurr|brn|[from] item: Flame Orb\n|upkeep\n|turn|2\n|j| riyuezi\n|\n|t:|1771328347\n|switch|p1a: Calyrex|Calyrex-Ice, L50|100/100\n|-ability|p1a: Calyrex|As One\n|-ability|p1a: Calyrex|Unnerve\n|move|p2b: Miraidon|Dazzling Gleam|p1a: Calyrex|[spread] p1a,p1b\n|-damage|p1a: Calyrex|72/100\n|-damage|p1b: Smeargle|56/100\n|move|p1b: Smeargle|Decorate|p1a: Calyrex\n|-boost|p1a: Calyrex|atk|2\n|-boost|p1a: Calyrex|spa|2\n|move|p2a: Conkeldurr|Drain Punch|p1b: Smeargle\n|-supereffective|p1b: Smeargle\n|-damage|p1b: Smeargle|0 fnt\n|faint|p1b: Smeargle\n|\n|-damage|p2a: Conkeldurr|94/100 brn|[from] brn\n|upkeep\n|\n|t:|1771328362\n|switch|p1b: Indeedee|Indeedee-F, L50, F|100/100\n|-fieldstart|move: Psychic Terrain|[from] ability: Psychic Surge|[of] p1b: Indeedee\n|turn|3\n|\n|t:|1771328379\n|-terastallize|p2b: Miraidon|Fairy\n|-terastallize|p1a: Calyrex|Fire\n|move|p2a: Conkeldurr|Wide Guard|p2a: Conkeldurr\n|-singleturn|p2a: Conkeldurr|Wide Guard\n|move|p1b: Indeedee|Follow Me|p1b: Indeedee\n|-singleturn|p1b: Indeedee|move: Follow Me\n|move|p2b: Miraidon|Dazzling Gleam|p1b: Indeedee|[spread] p1a,p1b\n|-resisted|p1a: Calyrex\n|-damage|p1a: Calyrex|56/100\n|-damage|p1b: Indeedee|56/100\n|move|p1a: Calyrex|Glacial Lance|p2a: Conkeldurr|[spread] \n|-activate|p2a: Conkeldurr|move: Wide Guard\n|-activate|p2b: Miraidon|move: Wide Guard\n|\n|-damage|p2a: Conkeldurr|88/100 brn|[from] brn\n|upkeep\n|turn|4\n|\n|t:|1771328400\n|switch|p2b: Calyrex|Calyrex-Ice, L50|100/100\n|-ability|p2b: Calyrex|As One\n|-ability|p2b: Calyrex|Unnerve\n|move|p1b: Indeedee|Helping Hand|p1a: Calyrex\n|-singleturn|p1a: Calyrex|Helping Hand|[of] p1b: Indeedee\n|move|p1a: Calyrex|Glacial Lance|p2a: Conkeldurr|[spread] p2a,p2b\n|-resisted|p2b: Calyrex\n|-damage|p2a: Conkeldurr|0 fnt\n|-damage|p2b: Calyrex|51/100\n|faint|p2a: Conkeldurr\n|-ability|p1a: Calyrex|Chilling Neigh|boost\n|-boost|p1a: Calyrex|atk|1\n|\n|upkeep\n|\n|t:|1771328414\n|switch|p2a: Miraidon|Miraidon, L50, tera:Fairy|100/100\n|-fieldstart|move: Electric Terrain|[from] ability: Hadron Engine|[of] p2a: Miraidon\n|turn|5\n|\n|t:|1771328424\n|move|p1b: Indeedee|Follow Me|p1b: Indeedee\n|-singleturn|p1b: Indeedee|move: Follow Me\n|move|p2a: Miraidon|Volt Switch|p1b: Indeedee\n|-damage|p1b: Indeedee|0 fnt\n|faint|p1b: Indeedee\n|\n|t:|1771328429\n|switch|p2a: Magmortar|Magmortar, L50, F|100/100|[from] Volt Switch\n|move|p1a: Calyrex|Glacial Lance|p2a: Magmortar|[spread] p2a,p2b\n|-resisted|p2a: Magmortar\n|-resisted|p2b: Calyrex\n|-damage|p2a: Magmortar|38/100\n|-damage|p2b: Calyrex|6/100\n|move|p2b: Calyrex|High Horsepower|p1a: Calyrex|[miss]\n|-miss|p2b: Calyrex|p1a: Calyrex\n|\n|upkeep\n|\n|t:|1771328437\n|switch|p1b: Lunala|Lunala, L50|35/100\n|turn|6\n|-message|marcxhenry forfeited.\n|\n|win|RyushinYuki\n|raw|RyushinYuki's rating: 1414 &rarr; <strong>1437</strong><br />(+23 for winning)\n|raw|marcxhenry's rating: 1469 &rarr; <strong>1446</strong><br />(-23 for losing)\n|l|\u2606marcxhenry\n|player|p2|\n|l|\u2606RyushinYuki\n|player|p1|\n","uploadtime":1771328595,"views":18,"formatid":"gen9vgc2026regi","rating":1437,"private":0,"password":null}