{"id":"gen9vgc2026regi-2517127304","format":"[Gen 9] VGC 2026 Reg I","players":["fhutu","Galact7adi"],"log":"|j|\u2606fhutu\n|j|\u2606Galact7adi\n|t:|1768231479\n|gametype|doubles\n|player|p1|fhutu|parasollady-gen4|1175\n|player|p2|Galact7adi|170|1208\n|gen|9\n|tier|[Gen 9] VGC 2026 Reg I\n|rated|\n|rule|Species Clause: Limit one of each Pok\u00e9mon\n|rule|Item Clause: Limit 1 of each item\n|clearpoke\n|poke|p1|Muk-Alola, L50, M|\n|poke|p1|Smeargle, L50, M|\n|poke|p1|Scream Tail, L50|\n|poke|p1|Lugia, L50|\n|poke|p1|Ting-Lu, L50|\n|poke|p1|Gothitelle, L50, M|\n|poke|p2|Miraidon, L50|\n|poke|p2|Lunala, L50|\n|poke|p2|Urshifu-*, L50, M|\n|poke|p2|Incineroar, L50, M|\n|poke|p2|Whimsicott, L50, F|\n|poke|p2|Ursaluna, L50, F|\n|teampreview|4\n|inactive|Battle timer is ON: inactive players will automatically lose when time's up. (requested by fhutu)\n|inactive|Galact7adi also wants the timer to be on.\n|\n|t:|1768231504\n|teamsize|p1|4\n|teamsize|p2|4\n|start\n|switch|p1a: Moodymuk?|Muk-Alola, L50, M|100/100\n|switch|p1b: I like carrots|Smeargle, L50, M, shiny|100/100\n|switch|p2a: Miraidon|Miraidon, L50|100/100\n|switch|p2b: Incineroar|Incineroar, L50, M|100/100\n|-fieldstart|move: Electric Terrain|[from] ability: Hadron Engine|[of] p2a: Miraidon\n|-ability|p2b: Incineroar|Intimidate|boost\n|-unboost|p1a: Moodymuk?|atk|1\n|-unboost|p1b: I like carrots|atk|1\n|turn|1\n|inactive|Galact7adi has 30 seconds left.\n|\n|t:|1768231534\n|move|p1b: I like carrots|Fake Out|p2a: Miraidon\n|-damage|p2a: Miraidon|97/100\n|cant|p2a: Miraidon|flinch\n|move|p2b: Incineroar|U-turn|p1b: I like carrots\n|-damage|p1b: I like carrots|57/100\n|\n|t:|1768231539\n|switch|p2b: Whimsicott|Whimsicott, L50, F|100/100|[from] U-turn\n|move|p1a: Moodymuk?|Minimize|p1a: Moodymuk?\n|-boost|p1a: Moodymuk?|evasion|2\n|\n|-ability|p1b: I like carrots|Moody|boost\n|-boost|p1b: I like carrots|spe|2\n|-unboost|p1b: I like carrots|spd|1\n|upkeep\n|turn|2\n|\n|t:|1768231548\n|move|p1b: I like carrots|Follow Me|p1b: I like carrots\n|-singleturn|p1b: I like carrots|move: Follow Me\n|move|p2b: Whimsicott|Encore|p1b: I like carrots\n|-start|p1b: I like carrots|Encore\n|move|p2a: Miraidon|Electro Drift|p1b: I like carrots\n|-damage|p1b: I like carrots|0 fnt\n|faint|p1b: I like carrots\n|-ability|p1a: Moodymuk?|Moody|Power of Alchemy|[from] ability: Power of Alchemy|[of] p1b: I like carrots\n|move|p1a: Moodymuk?|Minimize|p1a: Moodymuk?\n|-boost|p1a: Moodymuk?|evasion|2\n|\n|-ability|p1a: Moodymuk?|Moody|boost\n|-boost|p1a: Moodymuk?|spd|2\n|-unboost|p1a: Moodymuk?|spa|1\n|upkeep\n|\n|t:|1768231561\n|switch|p1b: Ruining ur day|Scream Tail, L50|100/100\n|-enditem|p1b: Ruining ur day|Booster Energy\n|-activate|p1b: Ruining ur day|ability: Protosynthesis|[fromitem]\n|-start|p1b: Ruining ur day|protosynthesisspe\n|turn|3\n|\n|t:|1768231569\n|move|p2b: Whimsicott|Tailwind|p2b: Whimsicott\n|-sidestart|p2: Galact7adi|move: Tailwind\n|move|p2a: Miraidon|Electro Drift|p1b: Ruining ur day\n|-damage|p1b: Ruining ur day|0 fnt\n|faint|p1b: Ruining ur day\n|-end|p1b: Ruining ur day|Protosynthesis|[silent]\n|move|p1a: Moodymuk?|Minimize|p1a: Moodymuk?\n|-boost|p1a: Moodymuk?|evasion|2\n|\n|-ability|p1a: Moodymuk?|Moody|boost\n|-boost|p1a: Moodymuk?|atk|2\n|-unboost|p1a: Moodymuk?|spd|1\n|upkeep\n|\n|t:|1768231579\n|switch|p1b: Not even close|Lugia, L50|100/100\n|turn|4\n|\n|t:|1768231587\n|-terastallize|p1b: Not even close|Steel\n|move|p2b: Whimsicott|Light Screen|p2b: Whimsicott\n|-sidestart|p2: Galact7adi|move: Light Screen\n|move|p2a: Miraidon|Electro Drift|p1a: Moodymuk?|[miss]\n|-miss|p2a: Miraidon|p1a: Moodymuk?\n|move|p1b: Not even close|Psych Up|p1a: Moodymuk?\n|-copyboost|p1b: Not even close|p1a: Moodymuk?|[from] move: Psych Up\n|move|p1a: Moodymuk?|Substitute|p1a: Moodymuk?\n|-start|p1a: Moodymuk?|Substitute\n|-damage|p1a: Moodymuk?|75/100\n|\n|-heal|p1a: Moodymuk?|82/100|[from] item: Leftovers\n|-ability|p1a: Moodymuk?|Moody|boost\n|-boost|p1a: Moodymuk?|spa|2\n|-unboost|p1a: Moodymuk?|atk|1\n|upkeep\n|turn|5\n|\n|t:|1768231604\n|move|p2b: Whimsicott|Encore|p1b: Not even close|[miss]\n|-miss|p2b: Whimsicott|p1b: Not even close\n|move|p2a: Miraidon|Electro Drift|p1a: Moodymuk?|[miss]\n|-miss|p2a: Miraidon|p1a: Moodymuk?\n|move|p1b: Not even close|Calm Mind|p1b: Not even close\n|-boost|p1b: Not even close|spa|1\n|-boost|p1b: Not even close|spd|1\n|move|p1a: Moodymuk?|Knock Off|p2a: Miraidon\n|-damage|p2a: Miraidon|61/100\n|-enditem|p2a: Miraidon|Choice Specs|[from] move: Knock Off|[of] p1a: Moodymuk?\n|\n|-heal|p1a: Moodymuk?|88/100|[from] item: Leftovers\n|-fieldend|move: Electric Terrain\n|-ability|p1a: Moodymuk?|Moody|boost\n|-boost|p1a: Moodymuk?|spa|2\n|-unboost|p1a: Moodymuk?|atk|1\n|upkeep\n|turn|6\n|\n|t:|1768231628\n|move|p2b: Whimsicott|Encore|p1b: Not even close|[miss]\n|-miss|p2b: Whimsicott|p1b: Not even close\n|move|p2a: Miraidon|Volt Switch|p1a: Moodymuk?|[miss]\n|-miss|p2a: Miraidon|p1a: Moodymuk?\n|move|p1b: Not even close|Calm Mind|p1b: Not even close\n|-boost|p1b: Not even close|spa|1\n|-boost|p1b: Not even close|spd|1\n|move|p1a: Moodymuk?|Knock Off|p2a: Miraidon\n|-damage|p2a: Miraidon|47/100\n|\n|-heal|p1a: Moodymuk?|94/100|[from] item: Leftovers\n|-sideend|p2: Galact7adi|move: Tailwind\n|-ability|p1a: Moodymuk?|Moody|boost\n|-boost|p1a: Moodymuk?|spd|2\n|-unboost|p1a: Moodymuk?|spe|1\n|upkeep\n|turn|7\n|\n|t:|1768231641\n|move|p2b: Whimsicott|Encore|p1b: Not even close|[miss]\n|-miss|p2b: Whimsicott|p1b: Not even close\n|move|p2a: Miraidon|Volt Switch|p1a: Moodymuk?|[miss]\n|-miss|p2a: Miraidon|p1a: Moodymuk?\n|move|p1b: Not even close|Air Cutter|p2a: Miraidon|[spread] p2a,p2b\n|-resisted|p2a: Miraidon\n|-supereffective|p2b: Whimsicott\n|-crit|p2b: Whimsicott\n|-damage|p2a: Miraidon|41/100\n|-damage|p2b: Whimsicott|27/100\n|move|p1a: Moodymuk?|Knock Off|p2a: Miraidon\n|-damage|p2a: Miraidon|25/100\n|\n|-heal|p1a: Moodymuk?|99/100|[from] item: Leftovers\n|-ability|p1a: Moodymuk?|Moody|boost\n|-boost|p1a: Moodymuk?|atk|2\n|-unboost|p1a: Moodymuk?|spa|1\n|upkeep\n|turn|8\n|inactive|Galact7adi has 30 seconds left.\n|\n|t:|1768231667\n|switch|p2a: Incineroar|Incineroar, L50, M|100/100\n|-ability|p2a: Incineroar|Intimidate|boost\n|-immune|p1a: Moodymuk?\n|-unboost|p1b: Not even close|atk|1\n|move|p2b: Whimsicott|Tailwind|p2b: Whimsicott\n|-sidestart|p2: Galact7adi|move: Tailwind\n|move|p1b: Not even close|Air Cutter|p2a: Incineroar|[spread] p2a,p2b\n|-crit|p2a: Incineroar\n|-supereffective|p2b: Whimsicott\n|-damage|p2a: Incineroar|82/100\n|-damage|p2b: Whimsicott|0 fnt\n|faint|p2b: Whimsicott\n|move|p1a: Moodymuk?|Knock Off|p2a: Incineroar\n|-resisted|p2a: Incineroar\n|-damage|p2a: Incineroar|62/100\n|-enditem|p2a: Incineroar|Assault Vest|[from] move: Knock Off|[of] p1a: Moodymuk?\n|\n|-heal|p1a: Moodymuk?|100/100|[from] item: Leftovers\n|-sideend|p2: Galact7adi|move: Light Screen\n|-ability|p1a: Moodymuk?|Moody|boost\n|-boost|p1a: Moodymuk?|spd|2\n|-unboost|p1a: Moodymuk?|atk|1\n|upkeep\n|\n|t:|1768231672\n|switch|p2b: Urshifu|Urshifu-Rapid-Strike, L50, M|100/100\n|turn|9\n|\n|t:|1768231696\n|-terastallize|p2b: Urshifu|Ghost\n|move|p2a: Incineroar|Fake Out|p1b: Not even close|[miss]\n|-miss|p2a: Incineroar|p1b: Not even close\n|move|p2b: Urshifu|Close Combat|p1b: Not even close|[miss]\n|-miss|p2b: Urshifu|p1b: Not even close\n|move|p1b: Not even close|Air Cutter|p2b: Urshifu|[spread] p2b\n|-miss|p1b: Not even close|p2a: Incineroar\n|-damage|p2b: Urshifu|69/100\n|move|p1a: Moodymuk?|Knock Off|p2b: Urshifu\n|-supereffective|p2b: Urshifu\n|-damage|p2b: Urshifu|3/100\n|-enditem|p2b: Urshifu|Choice Band|[from] move: Knock Off|[of] p1a: Moodymuk?\n|\n|-ability|p1a: Moodymuk?|Moody|boost\n|-boost|p1a: Moodymuk?|spa|2\n|-unboost|p1a: Moodymuk?|spd|1\n|upkeep\n|turn|10\n|c|\u2606Galact7adi|Cringe \u00d7100\n|\n|t:|1768231718\n|move|p2b: Urshifu|Surging Strikes|p1b: Not even close|[miss]\n|-miss|p2b: Urshifu|p1b: Not even close\n|move|p2a: Incineroar|Flare Blitz|p1b: Not even close|[miss]\n|-miss|p2a: Incineroar|p1b: Not even close\n|move|p1b: Not even close|Air Cutter|p2a: Incineroar|[spread] p2a,p2b\n|-damage|p2a: Incineroar|43/100\n|-damage|p2b: Urshifu|0 fnt\n|faint|p2b: Urshifu\n|move|p1a: Moodymuk?|Knock Off|p2a: Incineroar\n|-resisted|p2a: Incineroar\n|-damage|p2a: Incineroar|34/100\n|\n|-ability|p1a: Moodymuk?|Moody|boost\n|-boost|p1a: Moodymuk?|def|2\n|-unboost|p1a: Moodymuk?|spa|1\n|upkeep\n|-message|Galact7adi forfeited.\n|\n|win|fhutu\n|raw|fhutu's rating: 1175 &rarr; <strong>1202</strong><br />(+27 for winning)\n|raw|Galact7adi's rating: 1208 &rarr; <strong>1181</strong><br />(-27 for losing)\n|l|\u2606Galact7adi\n|player|p2|\n|l|\u2606fhutu\n|player|p1|\n","uploadtime":1768231864,"views":12,"formatid":"gen9vgc2026regi","rating":1181,"private":0,"password":null}