{"id":"gen9vgc2026regi-2555058643","format":"[Gen 9] VGC 2026 Reg I","players":["whisperdvgc","jj11j1"],"log":"|j|\u2606whisperdvgc\n|j|\u2606jj11j1\n|t:|1773051788\n|gametype|doubles\n|player|p1|whisperdvgc|170|1300\n|player|p2|jj11j1|265|1292\n|gen|9\n|tier|[Gen 9] VGC 2026 Reg I\n|rated|\n|rule|Species Clause: Limit one of each Pok\u00e9mon\n|rule|Item Clause: Limit 1 of each item\n|clearpoke\n|poke|p1|Chien-Pao, L50|\n|poke|p1|Dragonite, L50, M|\n|poke|p1|Kyogre, L50|\n|poke|p1|Kingambit, L50, F|\n|poke|p1|Miraidon, L50|\n|poke|p1|Iron Boulder, L50|\n|poke|p2|Kyogre, L50|\n|poke|p2|Calyrex-Ice, L50|\n|poke|p2|Landorus, L50, M|\n|poke|p2|Urshifu-*, L50, M|\n|poke|p2|Smeargle, L50, F|\n|poke|p2|Flutter Mane, L50|\n|teampreview|4\n|j| jakijames\n|\n|t:|1773051815\n|teamsize|p1|4\n|teamsize|p2|4\n|start\n|switch|p1a: Miraidon|Miraidon, L50|100/100\n|switch|p1b: Iron Boulder|Iron Boulder, L50|100/100\n|switch|p2a: Flutter Mane|Flutter Mane, L50|100/100\n|switch|p2b: Smeargle|Smeargle, L50, F|100/100\n|-fieldstart|move: Electric Terrain|[from] ability: Hadron Engine|[of] p1a: Miraidon\n|-activate|p1b: Iron Boulder|ability: Quark Drive\n|-start|p1b: Iron Boulder|quarkdrivespe\n|turn|1\n|\n|t:|1773051838\n|switch|p1a: Kyogre|Kyogre, L50|100/100\n|-weather|RainDance|[from] ability: Drizzle|[of] p1a: Kyogre\n|move|p2b: Smeargle|Fake Out|p1b: Iron Boulder\n|-resisted|p1b: Iron Boulder\n|-damage|p1b: Iron Boulder|97/100\n|cant|p1b: Iron Boulder|flinch\n|move|p2a: Flutter Mane|Trick Room|p2a: Flutter Mane\n|-fieldstart|move: Trick Room|[of] p2a: Flutter Mane\n|\n|-weather|RainDance|[upkeep]\n|-ability|p2b: Smeargle|Moody|boost\n|-boost|p2b: Smeargle|spd|2\n|-unboost|p2b: Smeargle|atk|1\n|-enditem|p2b: Smeargle|Eject Pack\n|upkeep\n|\n|t:|1773051857\n|switch|p2b: Kyogre|Kyogre, L50|100/100\n|turn|2\n|\n|t:|1773051883\n|-end|p2a: Flutter Mane|Protosynthesis|[silent]\n|switch|p2a: Smeargle|Smeargle, L50, F|100/100\n|-terastallize|p2b: Kyogre|Water\n|move|p1b: Iron Boulder|Protect|p1b: Iron Boulder\n|-singleturn|p1b: Iron Boulder|Protect\n|move|p2b: Kyogre|Water Spout|p1a: Kyogre|[spread] p1a\n|-activate|p1b: Iron Boulder|move: Protect\n|-resisted|p1a: Kyogre\n|-damage|p1a: Kyogre|70/100\n|move|p1a: Kyogre|Thunder|p2b: Kyogre\n|-supereffective|p2b: Kyogre\n|-damage|p2b: Kyogre|37/100\n|\n|-weather|RainDance|[upkeep]\n|-ability|p2a: Smeargle|Moody|boost\n|-boost|p2a: Smeargle|spd|2\n|-unboost|p2a: Smeargle|atk|1\n|upkeep\n|turn|3\n|inactive|Battle timer is ON: inactive players will automatically lose when time's up. (requested by jj11j1)\n|inactive|whisperdvgc has 60 seconds left.\n|\n|t:|1773051915\n|switch|p1a: Miraidon|Miraidon, L50|100/100\n|-activate|p1a: Miraidon|ability: Hadron Engine\n|move|p2a: Smeargle|Fake Out|p1a: Miraidon\n|-damage|p1a: Miraidon|97/100\n|move|p2b: Kyogre|Origin Pulse|p1b: Iron Boulder|[spread] p1a,p1b\n|-resisted|p1a: Miraidon\n|-supereffective|p1b: Iron Boulder\n|-damage|p1a: Miraidon|57/100\n|-damage|p1b: Iron Boulder|0 fnt\n|faint|p1b: Iron Boulder\n|-end|p1b: Iron Boulder|Quark Drive|[silent]\n|\n|-weather|RainDance|[upkeep]\n|-ability|p2a: Smeargle|Moody|boost\n|-boost|p2a: Smeargle|atk|2\n|-unboost|p2a: Smeargle|spd|1\n|upkeep\n|\n|t:|1773051929\n|switch|p1b: Kingambit|Kingambit, L50, F|100/100\n|turn|4\n|\n|t:|1773051949\n|move|p2a: Smeargle|Follow Me|p2a: Smeargle\n|-singleturn|p2a: Smeargle|move: Follow Me\n|move|p2b: Kyogre|Origin Pulse|p1a: Miraidon|[spread] p1a,p1b\n|-resisted|p1a: Miraidon\n|-damage|p1a: Miraidon|14/100\n|-damage|p1b: Kingambit|14/100\n|move|p1b: Kingambit|Kowtow Cleave|p2a: Smeargle\n|-damage|p2a: Smeargle|0 fnt\n|faint|p2a: Smeargle\n|move|p1a: Miraidon|Volt Switch|p2b: Kyogre\n|-supereffective|p2b: Kyogre\n|-crit|p2b: Kyogre\n|-damage|p2b: Kyogre|0 fnt\n|faint|p2b: Kyogre\n|\n|t:|1773051962\n|switch|p1a: Kyogre|Kyogre, L50|70/100|[from] Volt Switch\n|\n|-weather|RainDance|[upkeep]\n|upkeep\n|\n|t:|1773051980\n|switch|p2b: Flutter Mane|Flutter Mane, L50|100/100\n|switch|p2a: Calyrex|Calyrex-Ice, L50|100/100\n|-ability|p2a: Calyrex|As One\n|-ability|p2a: Calyrex|Unnerve\n|turn|5\n|\n|t:|1773051992\n|move|p1b: Kingambit|Protect|p1b: Kingambit\n|-singleturn|p1b: Kingambit|Protect\n|move|p1a: Kyogre|Origin Pulse|p2b: Flutter Mane|[spread] p2a,p2b\n|-damage|p2a: Calyrex|53/100\n|-damage|p2b: Flutter Mane|38/100\n|move|p2a: Calyrex|Trick Room|p2a: Calyrex\n|-fieldend|move: Trick Room\n|move|p2b: Flutter Mane|Trick Room|p2b: Flutter Mane\n|-fieldstart|move: Trick Room|[of] p2b: Flutter Mane\n|\n|-weather|none\n|-fieldend|move: Electric Terrain\n|upkeep\n|turn|6\n|inactive|whisperdvgc has 30 seconds left.\n|\n|t:|1773052023\n|move|p1b: Kingambit|Sucker Punch|p2a: Calyrex\n|-supereffective|p2a: Calyrex\n|-damage|p2a: Calyrex|6/100\n|move|p2a: Calyrex|Glacial Lance|p1b: Kingambit|[spread] p1a,p1b\n|-resisted|p1a: Kyogre\n|-resisted|p1b: Kingambit\n|-damage|p1a: Kyogre|47/100\n|-damage|p1b: Kingambit|0 fnt\n|faint|p1b: Kingambit\n|-ability|p2a: Calyrex|Chilling Neigh|boost\n|-boost|p2a: Calyrex|atk|1\n|move|p1a: Kyogre|Origin Pulse|p2a: Calyrex|[spread] p2a,p2b\n|-damage|p2a: Calyrex|0 fnt\n|-damage|p2b: Flutter Mane|0 fnt\n|faint|p2a: Calyrex\n|faint|p2b: Flutter Mane\n|-end|p2b: Flutter Mane|Protosynthesis|[silent]\n|\n|win|whisperdvgc\n|raw|whisperdvgc's rating: 1300 &rarr; <strong>1324</strong><br />(+24 for winning)\n|raw|jj11j1's rating: 1292 &rarr; <strong>1268</strong><br />(-24 for losing)\n|l|\u2606jj11j1\n|player|p2|\n|l|\u2606whisperdvgc\n|player|p1|\n|l| jakijames\n","uploadtime":1773052260,"views":20,"formatid":"gen9vgc2026regi","rating":1268,"private":0,"password":null}