{"id":"gen9vgc2026regi-2550698078","format":"[Gen 9] VGC 2026 Reg I","players":["DR06","EllenJoe2026"],"log":"|j|\u2606DR06\n|j|\u2606EllenJoe2026\n|t:|1772518800\n|gametype|doubles\n|player|p1|DR06|skyla|1319\n|player|p2|EllenJoe2026|iono|1384\n|gen|9\n|tier|[Gen 9] VGC 2026 Reg I\n|rated|\n|rule|Species Clause: Limit one of each Pok\u00e9mon\n|rule|Item Clause: Limit 1 of each item\n|clearpoke\n|poke|p1|Koraidon, L50|\n|poke|p1|Flutter Mane, L50|\n|poke|p1|Calyrex-Shadow, L50|\n|poke|p1|Chi-Yu, L50|\n|poke|p1|Whimsicott, L50, F|\n|poke|p1|Iron Hands, L50|\n|poke|p2|Calyrex-Shadow, L50|\n|poke|p2|Zamazenta-*, L50|\n|poke|p2|Incineroar, L50, F|\n|poke|p2|Rillaboom, L50, F|\n|poke|p2|Ogerpon-Cornerstone, L50, F|\n|poke|p2|Tornadus, L50, M|\n|teampreview|4\n|inactive|Battle timer is ON: inactive players will automatically lose when time's up. (requested by DR06)\n|inactive|EllenJoe2026 also wants the timer to be on.\n|inactive|DR06 has 60 seconds left.\n|\n|t:|1772518846\n|teamsize|p1|4\n|teamsize|p2|4\n|start\n|switch|p1a: Whimsicott|Whimsicott, L50, F|100/100\n|switch|p1b: Calyrex|Calyrex-Shadow, L50|100/100\n|switch|p2a: Ogerpon|Ogerpon-Cornerstone, L50, F|100/100\n|switch|p2b: Tornadus|Tornadus, L50, M, shiny|100/100\n|-ability|p1b: Calyrex|As One\n|-ability|p1b: Calyrex|Unnerve\n|turn|1\n|\n|t:|1772518867\n|move|p1a: Whimsicott|Tailwind|p1a: Whimsicott\n|-sidestart|p1: DR06|move: Tailwind\n|move|p1b: Calyrex|Nasty Plot|p1b: Calyrex\n|-boost|p1b: Calyrex|spa|2\n|move|p2a: Ogerpon|Ivy Cudgel|p1a: Whimsicott|[anim] Ivy Cudgel Rock\n|-damage|p1a: Whimsicott|28/100\n|move|p2b: Tornadus|Bleakwind Storm|p1b: Calyrex|[spread] p1a,p1b\n|-supereffective|p1a: Whimsicott\n|-damage|p1a: Whimsicott|0 fnt\n|-damage|p1b: Calyrex|73/100\n|faint|p1a: Whimsicott\n|\n|upkeep\n|\n|t:|1772518879\n|switch|p1a: Koraidon|Koraidon, L50|100/100\n|-weather|SunnyDay|[from] ability: Orichalcum Pulse|[of] p1a: Koraidon\n|-activate|p1a: Koraidon|Orichalcum Pulse|[source]\n|turn|2\n|\n|t:|1772518892\n|move|p2b: Tornadus|Protect|p2b: Tornadus\n|-singleturn|p2b: Tornadus|Protect\n|move|p2a: Ogerpon|Spiky Shield|p2a: Ogerpon\n|-singleturn|p2a: Ogerpon|move: Protect\n|move|p1b: Calyrex|Astral Barrage|p2b: Tornadus|[spread] \n|-activate|p2a: Ogerpon|move: Protect\n|-activate|p2b: Tornadus|move: Protect\n|move|p1a: Koraidon|Flame Charge|p2a: Ogerpon\n|-activate|p2a: Ogerpon|move: Protect\n|-damage|p1a: Koraidon|88/100|[from] Spiky Shield|[of] p2a: Ogerpon\n|\n|-weather|SunnyDay|[upkeep]\n|upkeep\n|turn|3\n|inactive|EllenJoe2026 has 30 seconds left.\n|inactive|EllenJoe2026 has 20 seconds left.\n|\n|t:|1772518931\n|-terastallize|p2b: Tornadus|Dark\n|move|p2a: Ogerpon|Follow Me|p2a: Ogerpon\n|-singleturn|p2a: Ogerpon|move: Follow Me\n|move|p2b: Tornadus|Rain Dance|p2b: Tornadus\n|-weather|RainDance\n|move|p1b: Calyrex|Astral Barrage|p2a: Ogerpon|[spread] p2a,p2b\n|-resisted|p2b: Tornadus\n|-ability|p2a: Ogerpon|Sturdy\n|-damage|p2a: Ogerpon|1/100\n|-damage|p2b: Tornadus|31/100\n|-damage|p1b: Calyrex|63/100|[from] item: Life Orb\n|move|p1a: Koraidon|Flame Charge|p2a: Ogerpon\n|-damage|p2a: Ogerpon|0 fnt\n|-boost|p1a: Koraidon|spe|1\n|faint|p2a: Ogerpon\n|\n|-weather|RainDance|[upkeep]\n|upkeep\n|\n|t:|1772518947\n|switch|p2a: Calyrex|Calyrex-Shadow, L50|100/100\n|-ability|p2a: Calyrex|As One\n|-ability|p2a: Calyrex|Unnerve\n|turn|4\n|\n|t:|1772518972\n|-terastallize|p1b: Calyrex|Dark\n|move|p2b: Tornadus|Protect|p2b: Tornadus\n|-singleturn|p2b: Tornadus|Protect\n|move|p2a: Calyrex|Protect|p2a: Calyrex\n|-singleturn|p2a: Calyrex|Protect\n|move|p1a: Koraidon|Flame Charge|p2a: Calyrex\n|-activate|p2a: Calyrex|move: Protect\n|move|p1b: Calyrex|Astral Barrage|p2b: Tornadus|[spread] \n|-activate|p2a: Calyrex|move: Protect\n|-activate|p2b: Tornadus|move: Protect\n|\n|-weather|RainDance|[upkeep]\n|-sideend|p1: DR06|move: Tailwind\n|upkeep\n|turn|5\n|inactive|DR06 has 30 seconds left.\n|inactive|EllenJoe2026 has 30 seconds left.\n|inactive|DR06 has 20 seconds left.\n|\n|t:|1772519012\n|switch|p2a: Zamazenta|Zamazenta-Crowned, L50, shiny|100/100\n|-ability|p2a: Zamazenta|Dauntless Shield|boost\n|-boost|p2a: Zamazenta|def|1\n|move|p1a: Koraidon|Protect|p1a: Koraidon\n|-singleturn|p1a: Koraidon|Protect\n|move|p2b: Tornadus|Tailwind|p2b: Tornadus\n|-sidestart|p2: EllenJoe2026|move: Tailwind\n|move|p1b: Calyrex|Astral Barrage|p2a: Zamazenta|[spread] p2a,p2b\n|-resisted|p2b: Tornadus\n|-damage|p2a: Zamazenta|4/100\n|-damage|p2b: Tornadus|0 fnt\n|faint|p2b: Tornadus\n|-ability|p1b: Calyrex|Grim Neigh|boost\n|-boost|p1b: Calyrex|spa|1\n|-damage|p1b: Calyrex|54/100|[from] item: Life Orb\n|\n|-weather|RainDance|[upkeep]\n|upkeep\n|\n|t:|1772519019\n|switch|p2b: Calyrex|Calyrex-Shadow, L50|100/100\n|-ability|p2b: Calyrex|As One\n|-ability|p2b: Calyrex|Unnerve\n|turn|6\n|\n|t:|1772519043\n|move|p1b: Calyrex|Protect|p1b: Calyrex\n|-singleturn|p1b: Calyrex|Protect\n|move|p2b: Calyrex|Psychic|p1a: Koraidon\n|-supereffective|p1a: Koraidon\n|-crit|p1a: Koraidon\n|-damage|p1a: Koraidon|0 fnt\n|faint|p1a: Koraidon\n|-ability|p2b: Calyrex|Grim Neigh|boost\n|-boost|p2b: Calyrex|spa|1\n|move|p2a: Zamazenta|Body Press|p1b: Calyrex\n|-activate|p1b: Calyrex|move: Protect\n|\n|-weather|RainDance|[upkeep]\n|upkeep\n|\n|t:|1772519054\n|switch|p1a: Flutter Mane|Flutter Mane, L50, shiny|100/100\n|turn|7\n|inactive|DR06 has 30 seconds left.\n|inactive|DR06 has 20 seconds left.\n|inactive|DR06 has 15 seconds left.\n|inactive|DR06 has 10 seconds left.\n|\n|t:|1772519104\n|move|p1b: Calyrex|Protect|p1b: Calyrex\n|-singleturn|p1b: Calyrex|Protect\n|move|p2b: Calyrex|Astral Barrage|p1a: Flutter Mane|[spread] p1a\n|-activate|p1b: Calyrex|move: Protect\n|-supereffective|p1a: Flutter Mane\n|-enditem|p1a: Flutter Mane|Focus Sash\n|-damage|p1a: Flutter Mane|1/100\n|move|p2a: Zamazenta|Body Press|p1b: Calyrex\n|-activate|p1b: Calyrex|move: Protect\n|move|p1a: Flutter Mane|Moonblast|p2a: Zamazenta\n|-damage|p2a: Zamazenta|0 fnt\n|faint|p2a: Zamazenta\n|\n|-weather|none\n|upkeep\n|turn|8\n|\n|t:|1772519121\n|move|p1a: Flutter Mane|Protect|p1a: Flutter Mane\n|-singleturn|p1a: Flutter Mane|Protect\n|move|p2b: Calyrex|Astral Barrage|p1a: Flutter Mane|[spread] p1b\n|-activate|p1a: Flutter Mane|move: Protect\n|-resisted|p1b: Calyrex\n|-damage|p1b: Calyrex|13/100\n|move|p1b: Calyrex|Astral Barrage|p2b: Calyrex\n|-supereffective|p2b: Calyrex\n|-damage|p2b: Calyrex|0 fnt\n|faint|p2b: Calyrex\n|-damage|p1b: Calyrex|3/100|[from] item: Life Orb\n|\n|win|DR06\n|raw|DR06's rating: 1319 &rarr; <strong>1343</strong><br />(+24 for winning)\n|raw|EllenJoe2026's rating: 1384 &rarr; <strong>1360</strong><br />(-24 for losing)\n|l|\u2606EllenJoe2026\n|player|p2|\n","uploadtime":1772519263,"views":14,"formatid":"gen9vgc2026regi","rating":1343,"private":0,"password":null}