{"id":"gen9vgc2026regi-2537927957","format":"[Gen 9] VGC 2026 Reg I","players":["Johten","alexit93"],"log":"|j|\u2606Johten\n|j|\u2606alexit93\n|t:|1770864809\n|gametype|doubles\n|player|p1|Johten|101|1236\n|player|p2|alexit93|lucas-gen4pt|1389\n|gen|9\n|tier|[Gen 9] VGC 2026 Reg I\n|rated|\n|rule|Species Clause: Limit one of each Pok\u00e9mon\n|rule|Item Clause: Limit 1 of each item\n|clearpoke\n|poke|p1|Rayquaza, L50|\n|poke|p1|Terapagos, L50, M|\n|poke|p1|Volcarona, L50, M|\n|poke|p1|Rillaboom, L50, F|\n|poke|p1|Urshifu-*, L50, F|\n|poke|p1|Grimmsnarl, L50, M|\n|poke|p2|Zamazenta-*, L50|\n|poke|p2|Riolu, L50, F|\n|poke|p2|Calyrex-Ice, L50|\n|poke|p2|Rillaboom, L50, M|\n|poke|p2|Incineroar, L50, M|\n|poke|p2|Urshifu-*, L50, F|\n|teampreview|4\n|\n|t:|1770864835\n|teamsize|p1|4\n|teamsize|p2|4\n|start\n|switch|p1a: Volcarona|Volcarona, L50, M|100/100\n|switch|p1b: Urshifu|Urshifu-Rapid-Strike, L50, F|100/100\n|switch|p2a: Calyrex|Calyrex-Ice, L50|100/100\n|switch|p2b: Riolu|Riolu, L50, F|100/100\n|-ability|p2a: Calyrex|As One\n|-ability|p2a: Calyrex|Unnerve\n|turn|1\n|\n|t:|1770864847\n|switch|p2a: Urshifu|Urshifu-Rapid-Strike, L50, F|100/100\n|move|p2b: Riolu|Coaching|p2a: Urshifu\n|-boost|p2a: Urshifu|atk|1\n|-boost|p2a: Urshifu|def|1\n|move|p1b: Urshifu|Surging Strikes|p2b: Riolu\n|-crit|p2b: Riolu\n|-damage|p2b: Riolu|71/100\n|-crit|p2b: Riolu\n|-damage|p2b: Riolu|44/100\n|-crit|p2b: Riolu\n|-damage|p2b: Riolu|17/100\n|-hitcount|p2b: Riolu|3\n|move|p1a: Volcarona|Overheat|p2a: Urshifu\n|-resisted|p2a: Urshifu\n|-damage|p2a: Urshifu|54/100\n|-unboost|p1a: Volcarona|spa|2\n|\n|upkeep\n|turn|2\n|\n|t:|1770864867\n|switch|p1a: Rillaboom|Rillaboom, L50, F|100/100\n|-fieldstart|move: Grassy Terrain|[from] ability: Grassy Surge|[of] p1a: Rillaboom\n|move|p2b: Riolu|Coaching|p2a: Urshifu\n|-boost|p2a: Urshifu|atk|1\n|-boost|p2a: Urshifu|def|1\n|move|p2a: Urshifu|Surging Strikes|p1a: Rillaboom\n|-resisted|p1a: Rillaboom\n|-crit|p1a: Rillaboom\n|-damage|p1a: Rillaboom|81/100\n|-resisted|p1a: Rillaboom\n|-crit|p1a: Rillaboom\n|-damage|p1a: Rillaboom|61/100\n|-resisted|p1a: Rillaboom\n|-crit|p1a: Rillaboom\n|-damage|p1a: Rillaboom|43/100\n|-hitcount|p1a: Rillaboom|3\n|move|p1b: Urshifu|Close Combat|p2a: Urshifu\n|-damage|p2a: Urshifu|15/100\n|-unboost|p1b: Urshifu|def|1\n|-unboost|p1b: Urshifu|spd|1\n|\n|-heal|p2a: Urshifu|21/100|[from] Grassy Terrain\n|-heal|p1a: Rillaboom|48/100|[from] Grassy Terrain\n|-heal|p2b: Riolu|23/100|[from] Grassy Terrain\n|upkeep\n|turn|3\n|\n|t:|1770864889\n|move|p2b: Riolu|Quick Guard|p2b: Riolu\n|-singleturn|p2b: Riolu|Quick Guard\n|move|p1a: Rillaboom|Fake Out|p2a: Urshifu\n|-activate|p2a: Urshifu|move: Quick Guard\n|move|p2a: Urshifu|Surging Strikes|p1b: Urshifu\n|-resisted|p1b: Urshifu\n|-crit|p1b: Urshifu\n|-damage|p1b: Urshifu|69/100\n|-resisted|p1b: Urshifu\n|-crit|p1b: Urshifu\n|-damage|p1b: Urshifu|38/100\n|-resisted|p1b: Urshifu\n|-crit|p1b: Urshifu\n|-damage|p1b: Urshifu|6/100\n|-hitcount|p1b: Urshifu|3\n|move|p1b: Urshifu|Surging Strikes|p2b: Riolu\n|-crit|p2b: Riolu\n|-damage|p2b: Riolu|0 fnt\n|faint|p2b: Riolu\n|-hitcount|p2: Riolu|1\n|\n|-heal|p2a: Urshifu|27/100|[from] Grassy Terrain\n|-heal|p1b: Urshifu|12/100|[from] Grassy Terrain\n|-heal|p1a: Rillaboom|54/100|[from] Grassy Terrain\n|upkeep\n|\n|t:|1770864900\n|switch|p2b: Incineroar|Incineroar, L50, M|100/100\n|-ability|p2b: Incineroar|Intimidate|boost\n|-unboost|p1a: Rillaboom|atk|1\n|-unboost|p1b: Urshifu|atk|1\n|turn|4\n|\n|t:|1770864927\n|move|p2b: Incineroar|Fake Out|p1a: Rillaboom\n|-damage|p1a: Rillaboom|43/100\n|move|p2a: Urshifu|Surging Strikes|p1b: Urshifu\n|-resisted|p1b: Urshifu\n|-crit|p1b: Urshifu\n|-damage|p1b: Urshifu|0 fnt\n|faint|p1b: Urshifu\n|-hitcount|p1: Urshifu|1\n|cant|p1a: Rillaboom|flinch\n|\n|-heal|p2a: Urshifu|32/100|[from] Grassy Terrain\n|-heal|p1a: Rillaboom|49/100|[from] Grassy Terrain\n|upkeep\n|\n|t:|1770864937\n|switch|p1b: Volcarona|Volcarona, L50, M|100/100\n|turn|5\n|\n|t:|1770864957\n|switch|p2a: Calyrex|Calyrex-Ice, L50|100/100\n|-ability|p2a: Calyrex|As One\n|-ability|p2a: Calyrex|Unnerve\n|switch|p1a: Grimmsnarl|Grimmsnarl, L50, M|100/100\n|-terastallize|p1b: Volcarona|Grass\n|move|p1b: Volcarona|Protect|p1b: Volcarona\n|-singleturn|p1b: Volcarona|Protect\n|move|p2b: Incineroar|Will-O-Wisp|p1a: Grimmsnarl\n|-status|p1a: Grimmsnarl|brn\n|\n|-damage|p1a: Grimmsnarl|95/100 brn|[from] brn\n|upkeep\n|turn|6\n|\n|t:|1770864981\n|move|p2a: Calyrex|Protect|p2a: Calyrex\n|-singleturn|p2a: Calyrex|Protect\n|move|p1a: Grimmsnarl|Reflect|p1a: Grimmsnarl\n|-sidestart|p1: Johten|Reflect\n|move|p1b: Volcarona|Overheat|p2a: Calyrex\n|-activate|p2a: Calyrex|move: Protect\n|move|p2b: Incineroar|Parting Shot|p1b: Volcarona\n|-unboost|p1b: Volcarona|atk|1\n|-unboost|p1b: Volcarona|spa|1\n|\n|t:|1770864986\n|switch|p2b: Urshifu|Urshifu-Rapid-Strike, L50, F|32/100|[from] Parting Shot\n|\n|-heal|p2b: Urshifu|38/100|[from] Grassy Terrain\n|-heal|p1a: Grimmsnarl|100/100 brn|[from] Grassy Terrain\n|-damage|p1a: Grimmsnarl|95/100 brn|[from] brn\n|-fieldend|move: Grassy Terrain\n|upkeep\n|turn|7\n|\n|t:|1770864996\n|switch|p1b: Rillaboom|Rillaboom, L50, F|49/100\n|-fieldstart|move: Grassy Terrain|[from] ability: Grassy Surge|[of] p1b: Rillaboom\n|-terastallize|p2a: Calyrex|Ground\n|move|p2b: Urshifu|Surging Strikes|p1a: Grimmsnarl\n|-crit|p1a: Grimmsnarl\n|-damage|p1a: Grimmsnarl|75/100 brn\n|-crit|p1a: Grimmsnarl\n|-damage|p1a: Grimmsnarl|54/100 brn\n|-crit|p1a: Grimmsnarl\n|-damage|p1a: Grimmsnarl|32/100 brn\n|-hitcount|p1a: Grimmsnarl|3\n|move|p1a: Grimmsnarl|Foul Play|p2b: Urshifu\n|-resisted|p2b: Urshifu\n|-damage|p2b: Urshifu|26/100\n|move|p2a: Calyrex|Trick Room|p2a: Calyrex\n|-fieldstart|move: Trick Room|[of] p2a: Calyrex\n|\n|-heal|p1a: Grimmsnarl|38/100 brn|[from] Grassy Terrain\n|-heal|p1b: Rillaboom|55/100|[from] Grassy Terrain\n|-heal|p2b: Urshifu|32/100|[from] Grassy Terrain\n|-damage|p1a: Grimmsnarl|32/100 brn|[from] brn\n|upkeep\n|turn|8\n|\n|t:|1770865023\n|switch|p2b: Incineroar|Incineroar, L50, M|100/100\n|-ability|p2b: Incineroar|Intimidate|boost\n|-unboost|p1a: Grimmsnarl|atk|1\n|-unboost|p1b: Rillaboom|atk|1\n|move|p2a: Calyrex|Protect|p2a: Calyrex\n|-singleturn|p2a: Calyrex|Protect\n|move|p1a: Grimmsnarl|Parting Shot|p2b: Incineroar\n|-hint|Since gen 7, Dark is immune to Prankster moves.\n|-immune|p2b: Incineroar\n|move|p1b: Rillaboom|Wood Hammer|p2b: Incineroar\n|-resisted|p2b: Incineroar\n|-damage|p2b: Incineroar|72/100\n|-damage|p1b: Rillaboom|39/100|[from] item: Rocky Helmet|[of] p2b: Incineroar\n|-damage|p1b: Rillaboom|31/100|[from] Recoil\n|\n|-heal|p1a: Grimmsnarl|38/100 brn|[from] Grassy Terrain\n|-heal|p2b: Incineroar|78/100|[from] Grassy Terrain\n|-heal|p1b: Rillaboom|37/100|[from] Grassy Terrain\n|-damage|p1a: Grimmsnarl|32/100 brn|[from] brn\n|upkeep\n|turn|9\n|\n|t:|1770865042\n|move|p1b: Rillaboom|Protect|p1b: Rillaboom\n|-singleturn|p1b: Rillaboom|Protect\n|move|p1a: Grimmsnarl|Parting Shot|p2a: Calyrex\n|-fail|p2a: Calyrex|unboost|[from] item: Clear Amulet|[of] p2a: Calyrex\n|move|p2a: Calyrex|Glacial Lance|p1b: Rillaboom|[spread] p1a\n|-activate|p1b: Rillaboom|move: Protect\n|-damage|p1a: Grimmsnarl|0 fnt\n|faint|p1a: Grimmsnarl\n|-ability|p2a: Calyrex|Chilling Neigh|boost\n|-boost|p2a: Calyrex|atk|1\n|move|p2b: Incineroar|Will-O-Wisp|p1b: Rillaboom\n|-activate|p1b: Rillaboom|move: Protect\n|\n|-heal|p2b: Incineroar|84/100|[from] Grassy Terrain\n|-heal|p1b: Rillaboom|43/100|[from] Grassy Terrain\n|upkeep\n|\n|t:|1770865057\n|switch|p1a: Volcarona|Volcarona, L50, M, tera:Grass|100/100\n|turn|10\n|\n|t:|1770865065\n|move|p1a: Volcarona|Protect|p1a: Volcarona\n|-singleturn|p1a: Volcarona|Protect\n|move|p2a: Calyrex|Glacial Lance|p1a: Volcarona|[spread] p1b\n|-activate|p1a: Volcarona|move: Protect\n|-supereffective|p1b: Rillaboom\n|-damage|p1b: Rillaboom|0 fnt\n|faint|p1b: Rillaboom\n|-ability|p2a: Calyrex|Chilling Neigh|boost\n|-boost|p2a: Calyrex|atk|1\n|move|p2b: Incineroar|Will-O-Wisp|p1a: Volcarona\n|-activate|p1a: Volcarona|move: Protect\n|\n|-heal|p2b: Incineroar|90/100|[from] Grassy Terrain\n|-sideend|p1: Johten|Reflect\n|upkeep\n|turn|11\n|\n|t:|1770865078\n|move|p1a: Volcarona|Protect||[still]\n|-fail|p1a: Volcarona\n|move|p2a: Calyrex|Glacial Lance|p1a: Volcarona\n|-supereffective|p1a: Volcarona\n|-damage|p1a: Volcarona|0 fnt\n|faint|p1a: Volcarona\n|\n|win|alexit93\n|raw|Johten's rating: 1236 &rarr; <strong>1221</strong><br />(-15 for losing)\n|raw|alexit93's rating: 1389 &rarr; <strong>1401</strong><br />(+12 for winning)\n","uploadtime":1770865085,"views":24,"formatid":"gen9vgc2026regi","rating":1221,"private":0,"password":null}