{"id":"gen9vgc2026regi-2587205189","format":"[Gen 9] VGC 2026 Reg I","players":["Pigduckeater","blackred123"],"log":"|j|\u2606Pigduckeater\n|j|\u2606blackred123\n|t:|1776508681\n|gametype|doubles\n|player|p1|Pigduckeater|1|1539\n|player|p2|blackred123|iono-masters|1663\n|gen|9\n|tier|[Gen 9] VGC 2026 Reg I\n|rated|\n|rule|Species Clause: Limit one of each Pok\u00e9mon\n|rule|Item Clause: Limit 1 of each item\n|clearpoke\n|poke|p1|Incineroar, L50, M|\n|poke|p1|Miraidon, L50|\n|poke|p1|Farigiraf, L50, F|\n|poke|p1|Calyrex-Shadow, L50|\n|poke|p1|Glimmora, L50, M|\n|poke|p1|Urshifu-*, L50, F|\n|poke|p2|Calyrex-Shadow, L50|\n|poke|p2|Zamazenta-*, L50|\n|poke|p2|Tornadus, L50, M|\n|poke|p2|Rillaboom, L50, M|\n|poke|p2|Ogerpon-Hearthflame, L50, F|\n|poke|p2|Raging Bolt, L50|\n|teampreview|4\n|inactive|Battle timer is ON: inactive players will automatically lose when time's up. (requested by blackred123)\n|inactive|Pigduckeater has 60 seconds left.\n|inactive|Pigduckeater has 30 seconds left.\n|inactive|Pigduckeater has 20 seconds left.\n|inactive|Pigduckeater has 15 seconds left.\n|inactive|Pigduckeater has 10 seconds left.\n|\n|t:|1776508764\n|teamsize|p1|4\n|teamsize|p2|4\n|start\n|switch|p1a: Incineroar|Incineroar, L50, M|100/100\n|switch|p1b: Glimmora|Glimmora, L50, M|100/100\n|switch|p2a: Zamazenta|Zamazenta-Crowned, L50|100/100\n|switch|p2b: Rillaboom|Rillaboom, L50, M|100/100\n|-ability|p2a: Zamazenta|Dauntless Shield|boost\n|-boost|p2a: Zamazenta|def|1\n|-fieldstart|move: Grassy Terrain|[from] ability: Grassy Surge|[of] p2b: Rillaboom\n|-ability|p1a: Incineroar|Intimidate|boost\n|-unboost|p2a: Zamazenta|atk|1\n|-unboost|p2b: Rillaboom|atk|1\n|turn|1\n|inactive|blackred123 has 30 seconds left.\n|\n|t:|1776508794\n|switch|p1a: Calyrex|Calyrex-Shadow, L50|100/100\n|-ability|p1a: Calyrex|As One\n|-ability|p1a: Calyrex|Unnerve\n|-terastallize|p1b: Glimmora|Flying\n|move|p2b: Rillaboom|Fake Out|p1a: Calyrex\n|-immune|p1a: Calyrex\n|move|p2a: Zamazenta|Body Press|p1a: Calyrex\n|-immune|p1a: Calyrex\n|move|p1b: Glimmora|Mortal Spin|p2a: Zamazenta|[spread] p2b\n|-immune|p2a: Zamazenta\n|-supereffective|p2b: Rillaboom\n|-damage|p2b: Rillaboom|94/100\n|-status|p2b: Rillaboom|psn\n|\n|-heal|p2b: Rillaboom|99/100 psn|[from] Grassy Terrain\n|-damage|p2b: Rillaboom|87/100 psn|[from] psn\n|upkeep\n|turn|2\n|\n|t:|1776508814\n|move|p1a: Calyrex|Substitute|p1a: Calyrex\n|-start|p1a: Calyrex|Substitute\n|-damage|p1a: Calyrex|76/100\n|move|p2a: Zamazenta|Heavy Slam|p1b: Glimmora\n|-damage|p1b: Glimmora|64/100\n|-damage|p2a: Zamazenta|84/100|[from] item: Rocky Helmet|[of] p1b: Glimmora\n|-activate|p1b: Glimmora|ability: Toxic Debris\n|-sidestart|p2: blackred123|move: Toxic Spikes\n|move|p1b: Glimmora|Acid Spray|p2b: Rillaboom\n|-supereffective|p2b: Rillaboom\n|-damage|p2b: Rillaboom|64/100 psn\n|-unboost|p2b: Rillaboom|spd|2\n|move|p2b: Rillaboom|U-turn|p1b: Glimmora\n|-resisted|p1b: Glimmora\n|-damage|p1b: Glimmora|57/100\n|-damage|p2b: Rillaboom|48/100 psn|[from] item: Rocky Helmet|[of] p1b: Glimmora\n|-activate|p1b: Glimmora|ability: Toxic Debris\n|-sidestart|p2: blackred123|move: Toxic Spikes\n|\n|t:|1776508824\n|switch|p2b: Raging Bolt|Raging Bolt, L50|100/100|[from] U-turn\n|-status|p2b: Raging Bolt|tox\n|-enditem|p2b: Raging Bolt|Booster Energy\n|-activate|p2b: Raging Bolt|ability: Protosynthesis|[fromitem]\n|-start|p2b: Raging Bolt|protosynthesisspa\n|\n|-heal|p1a: Calyrex|82/100|[from] Grassy Terrain\n|-heal|p2a: Zamazenta|90/100|[from] Grassy Terrain\n|-damage|p2b: Raging Bolt|94/100 tox|[from] psn\n|upkeep\n|turn|3\n|\n|t:|1776508840\n|switch|p1b: Incineroar|Incineroar, L50, M|100/100\n|-ability|p1b: Incineroar|Intimidate|boost\n|-unboost|p2a: Zamazenta|atk|1\n|-unboost|p2b: Raging Bolt|atk|1\n|move|p1a: Calyrex|Protect|p1a: Calyrex\n|-singleturn|p1a: Calyrex|Protect\n|move|p2a: Zamazenta|Wide Guard|p2a: Zamazenta\n|-singleturn|p2a: Zamazenta|Wide Guard\n|move|p2b: Raging Bolt|Thunderclap||[still]\n|-fail|p2b: Raging Bolt\n|\n|-heal|p1a: Calyrex|88/100|[from] Grassy Terrain\n|-heal|p2a: Zamazenta|96/100|[from] Grassy Terrain\n|-heal|p2b: Raging Bolt|100/100 tox|[from] Grassy Terrain\n|-damage|p2b: Raging Bolt|88/100 tox|[from] psn\n|upkeep\n|turn|4\n|\n|t:|1776508849\n|move|p2b: Raging Bolt|Protect|p2b: Raging Bolt\n|-singleturn|p2b: Raging Bolt|Protect\n|move|p1b: Incineroar|Fake Out|p2b: Raging Bolt\n|-activate|p2b: Raging Bolt|move: Protect\n|move|p1a: Calyrex|Astral Barrage|p2b: Raging Bolt|[spread] p2a\n|-activate|p2b: Raging Bolt|move: Protect\n|-damage|p2a: Zamazenta|56/100\n|-damage|p1a: Calyrex|78/100|[from] item: Life Orb\n|move|p2a: Zamazenta|Body Press|p1b: Incineroar\n|-supereffective|p1b: Incineroar\n|-damage|p1b: Incineroar|0 fnt\n|faint|p1b: Incineroar\n|\n|-heal|p1a: Calyrex|84/100|[from] Grassy Terrain\n|-heal|p2a: Zamazenta|62/100|[from] Grassy Terrain\n|-heal|p2b: Raging Bolt|94/100 tox|[from] Grassy Terrain\n|-damage|p2b: Raging Bolt|76/100 tox|[from] psn\n|upkeep\n|\n|t:|1776508856\n|switch|p1b: Farigiraf|Farigiraf, L50, F|100/100\n|turn|5\n|\n|t:|1776508877\n|move|p1a: Calyrex|Protect|p1a: Calyrex\n|-singleturn|p1a: Calyrex|Protect\n|move|p2a: Zamazenta|Heavy Slam|p1a: Calyrex\n|-activate|p1a: Calyrex|move: Protect\n|move|p2b: Raging Bolt|Thunderbolt|p1a: Calyrex\n|-activate|p1a: Calyrex|move: Protect\n|move|p1b: Farigiraf|Psyshock|p2b: Raging Bolt\n|-damage|p2b: Raging Bolt|51/100 tox\n|\n|-heal|p1a: Calyrex|91/100|[from] Grassy Terrain\n|-heal|p2a: Zamazenta|68/100|[from] Grassy Terrain\n|-heal|p2b: Raging Bolt|57/100 tox|[from] Grassy Terrain\n|-damage|p2b: Raging Bolt|33/100 tox|[from] psn\n|-fieldend|move: Grassy Terrain\n|upkeep\n|turn|6\n|\n|t:|1776508891\n|move|p1b: Farigiraf|Helping Hand|p1a: Calyrex\n|-singleturn|p1a: Calyrex|Helping Hand|[of] p1b: Farigiraf\n|move|p2a: Zamazenta|Wide Guard|p2a: Zamazenta\n|-singleturn|p2a: Zamazenta|Wide Guard\n|move|p1a: Calyrex|Astral Barrage|p2b: Raging Bolt|[spread] \n|-activate|p2a: Zamazenta|move: Wide Guard\n|-activate|p2b: Raging Bolt|move: Wide Guard\n|move|p2b: Raging Bolt|Thunderbolt|p1a: Calyrex\n|-crit|p1a: Calyrex\n|-end|p1a: Calyrex|Substitute\n|\n|-damage|p2b: Raging Bolt|2/100 tox|[from] psn\n|upkeep\n|turn|7\n|\n|t:|1776508910\n|move|p1a: Calyrex|Giga Drain|p2b: Raging Bolt\n|-resisted|p2b: Raging Bolt\n|-damage|p2b: Raging Bolt|0 fnt\n|-heal|p1a: Calyrex|92/100|[from] drain|[of] p2b: Raging Bolt\n|faint|p2b: Raging Bolt\n|-end|p2b: Raging Bolt|Protosynthesis|[silent]\n|-ability|p1a: Calyrex|Grim Neigh|boost\n|-boost|p1a: Calyrex|spa|1\n|-damage|p1a: Calyrex|82/100|[from] item: Life Orb\n|move|p2a: Zamazenta|Heavy Slam|p1b: Farigiraf\n|-damage|p1b: Farigiraf|84/100\n|move|p1b: Farigiraf|Trick Room|p1b: Farigiraf\n|-fieldstart|move: Trick Room|[of] p1b: Farigiraf\n|\n|upkeep\n|\n|t:|1776508916\n|switch|p2b: Rillaboom|Rillaboom, L50, M|48/100 psn\n|-fieldstart|move: Grassy Terrain|[from] ability: Grassy Surge|[of] p2b: Rillaboom\n|turn|8\n|inactive|Pigduckeater has 30 seconds left.\n|\n|t:|1776508943\n|move|p1a: Calyrex|Protect|p1a: Calyrex\n|-singleturn|p1a: Calyrex|Protect\n|move|p1b: Farigiraf|Psyshock|p2b: Rillaboom\n|-crit|p2b: Rillaboom\n|-damage|p2b: Rillaboom|10/100 psn\n|move|p2b: Rillaboom|U-turn|p1a: Calyrex\n|-activate|p1a: Calyrex|move: Protect\n|move|p2a: Zamazenta|Body Press|p1b: Farigiraf\n|-damage|p1b: Farigiraf|26/100\n|\n|-heal|p1b: Farigiraf|32/100|[from] Grassy Terrain\n|-heal|p2b: Rillaboom|16/100 psn|[from] Grassy Terrain\n|-heal|p2a: Zamazenta|75/100|[from] Grassy Terrain\n|-heal|p1a: Calyrex|88/100|[from] Grassy Terrain\n|-damage|p2b: Rillaboom|4/100 psn|[from] psn\n|upkeep\n|turn|9\n|\n|t:|1776508967\n|move|p2a: Zamazenta|Wide Guard|p2a: Zamazenta\n|-singleturn|p2a: Zamazenta|Wide Guard\n|move|p1b: Farigiraf|Psyshock|p2b: Rillaboom\n|-damage|p2b: Rillaboom|0 fnt\n|faint|p2b: Rillaboom\n|move|p1a: Calyrex|Substitute|p1a: Calyrex\n|-start|p1a: Calyrex|Substitute\n|-damage|p1a: Calyrex|63/100\n|\n|-heal|p1b: Farigiraf|38/100|[from] Grassy Terrain\n|-heal|p2a: Zamazenta|81/100|[from] Grassy Terrain\n|-heal|p1a: Calyrex|69/100|[from] Grassy Terrain\n|upkeep\n|\n|t:|1776508973\n|switch|p2b: Calyrex|Calyrex-Shadow, L50|100/100\n|-ability|p2b: Calyrex|As One\n|-ability|p2b: Calyrex|Unnerve\n|-status|p2b: Calyrex|tox\n|turn|10\n|\n|t:|1776508984\n|move|p1b: Farigiraf|Helping Hand|p1a: Calyrex\n|-singleturn|p1a: Calyrex|Helping Hand|[of] p1b: Farigiraf\n|move|p2b: Calyrex|Protect|p2b: Calyrex\n|-singleturn|p2b: Calyrex|Protect\n|move|p2a: Zamazenta|Body Press|p1b: Farigiraf\n|-damage|p1b: Farigiraf|0 fnt\n|faint|p1b: Farigiraf\n|move|p1a: Calyrex|Giga Drain|p2b: Calyrex\n|-activate|p2b: Calyrex|move: Protect\n|\n|-heal|p2a: Zamazenta|87/100|[from] Grassy Terrain\n|-heal|p1a: Calyrex|76/100|[from] Grassy Terrain\n|-damage|p2b: Calyrex|95/100 tox|[from] psn\n|upkeep\n|\n|t:|1776508989\n|switch|p1b: Glimmora|Glimmora, L50, M, tera:Flying|57/100\n|turn|11\n|\n|t:|1776509004\n|-terastallize|p2b: Calyrex|Ghost\n|move|p2a: Zamazenta|Wide Guard|p2a: Zamazenta\n|-singleturn|p2a: Zamazenta|Wide Guard\n|move|p1b: Glimmora|Acid Spray|p2b: Calyrex\n|-resisted|p2b: Calyrex\n|-damage|p2b: Calyrex|86/100 tox\n|-unboost|p2b: Calyrex|spd|2\n|move|p1a: Calyrex|Giga Drain|p2b: Calyrex\n|-damage|p2b: Calyrex|0 fnt\n|-heal|p1a: Calyrex|100/100|[from] drain|[of] p2b: Calyrex\n|faint|p2b: Calyrex\n|-ability|p1a: Calyrex|Grim Neigh|boost\n|-boost|p1a: Calyrex|spa|1\n|-damage|p1a: Calyrex|91/100|[from] item: Life Orb\n|\n|-heal|p2a: Zamazenta|93/100|[from] Grassy Terrain\n|-heal|p1a: Calyrex|97/100|[from] Grassy Terrain\n|-fieldend|move: Trick Room\n|upkeep\n|turn|12\n|\n|t:|1776509017\n|move|p1a: Calyrex|Astral Barrage|p2a: Zamazenta\n|-damage|p2a: Zamazenta|0 fnt\n|faint|p2a: Zamazenta\n|-damage|p1a: Calyrex|87/100|[from] item: Life Orb\n|\n|win|Pigduckeater\n|raw|Pigduckeater's rating: 1539 &rarr; <strong>1566</strong><br />(+27 for winning)\n|raw|blackred123's rating: 1663 &rarr; <strong>1636</strong><br />(-27 for losing)\n|l|\u2606blackred123\n|player|p2|\n|l|\u2606Pigduckeater\n|player|p1|\n","uploadtime":1776509234,"views":8,"formatid":"gen9vgc2026regi","rating":1566,"private":0,"password":null}