{"id":"gen9vgc2026regi-2536525191","format":"[Gen 9] VGC 2026 Reg I","players":["justalolalt","blackred123"],"log":"|j|\u2606justalolalt\n|j|\u2606blackred123\n|t:|1770699520\n|gametype|doubles\n|player|p1|justalolalt|2|1304\n|player|p2|blackred123|iono-masters|1239\n|gen|9\n|tier|[Gen 9] VGC 2026 Reg I\n|rated|\n|rule|Species Clause: Limit one of each Pok\u00e9mon\n|rule|Item Clause: Limit 1 of each item\n|clearpoke\n|poke|p1|Koraidon, L50|\n|poke|p1|Flutter Mane, L50|\n|poke|p1|Incineroar, L50, F|\n|poke|p1|Amoonguss, L50, F|\n|poke|p1|Lunala, L50|\n|poke|p1|Ursaluna, L50, M|\n|poke|p2|Miraidon, L50|\n|poke|p2|Calyrex-Ice, L50|\n|poke|p2|Whimsicott, L50, F|\n|poke|p2|Volcarona, L50, F|\n|poke|p2|Incineroar, L50, M|\n|poke|p2|Urshifu-*, L50, M|\n|teampreview|4\n|inactive|Battle timer is ON: inactive players will automatically lose when time's up. (requested by blackred123)\n|inactive|justalolalt has 60 seconds left.\n|\n|t:|1770699563\n|teamsize|p1|4\n|teamsize|p2|4\n|start\n|switch|p1a: BIG NEBBY|Lunala, L50|100/100\n|switch|p1b: Incineroar|Incineroar, L50, F|100/100\n|switch|p2a: Miraidon|Miraidon, L50, shiny|100/100\n|switch|p2b: Whimsicott|Whimsicott, L50, F|100/100\n|-fieldstart|move: Electric Terrain|[from] ability: Hadron Engine|[of] p2a: Miraidon\n|-ability|p1b: Incineroar|Intimidate|boost\n|-unboost|p2a: Miraidon|atk|1\n|-unboost|p2b: Whimsicott|atk|1\n|turn|1\n|inactive|justalolalt has 30 seconds left.\n|inactive|blackred123 has 30 seconds left.\n|\n|t:|1770699591\n|switch|p1b: Franklin|Ursaluna, L50, M|100/100\n|move|p2b: Whimsicott|Light Screen|p2b: Whimsicott\n|-sidestart|p2: blackred123|move: Light Screen\n|move|p2a: Miraidon|Snarl|p1a: BIG NEBBY|[spread] p1a,p1b\n|-supereffective|p1a: BIG NEBBY\n|-damage|p1a: BIG NEBBY|74/100\n|-damage|p1b: Franklin|80/100\n|-unboost|p1b: Franklin|spa|1\n|move|p1a: BIG NEBBY|Trick Room|p1a: BIG NEBBY\n|-fieldstart|move: Trick Room|[of] p1a: BIG NEBBY\n|\n|-status|p1b: Franklin|brn|[from] item: Flame Orb\n|upkeep\n|turn|2\n|\n|t:|1770699614\n|switch|p2a: Incineroar|Incineroar, L50, M|100/100\n|-ability|p2a: Incineroar|Intimidate|boost\n|-unboost|p1a: BIG NEBBY|atk|1\n|-unboost|p1b: Franklin|atk|1\n|move|p2b: Whimsicott|Encore|p1a: BIG NEBBY\n|-start|p1a: BIG NEBBY|Encore\n|move|p1b: Franklin|Facade|p2a: Incineroar\n|-damage|p2a: Incineroar|27/100\n|move|p1a: BIG NEBBY|Trick Room|p1a: BIG NEBBY\n|-fieldend|move: Trick Room\n|\n|-damage|p1b: Franklin|74/100 brn|[from] brn\n|upkeep\n|turn|3\n|inactive|justalolalt has 30 seconds left.\n|\n|t:|1770699650\n|switch|p1a: Incineroar|Incineroar, L50, F|100/100\n|-ability|p1a: Incineroar|Intimidate|boost\n|-unboost|p2a: Incineroar|atk|1\n|-unboost|p2b: Whimsicott|atk|1\n|-terastallize|p1b: Franklin|Ghost\n|move|p2b: Whimsicott|Encore|p1b: Franklin\n|-start|p1b: Franklin|Encore\n|move|p2a: Incineroar|Knock Off|p1a: Incineroar\n|-resisted|p1a: Incineroar\n|-damage|p1a: Incineroar|87/100\n|-enditem|p1a: Incineroar|Safety Goggles|[from] move: Knock Off|[of] p2a: Incineroar\n|move|p1b: Franklin|Facade|p2b: Whimsicott\n|-enditem|p2b: Whimsicott|Focus Sash\n|-damage|p2b: Whimsicott|1/100\n|\n|-damage|p1b: Franklin|68/100 brn|[from] brn\n|upkeep\n|turn|4\n|inactive|justalolalt has 30 seconds left.\n|inactive|blackred123 has 30 seconds left.\n|\n|t:|1770699683\n|move|p1a: Incineroar|Fake Out|p2b: Whimsicott\n|-damage|p2b: Whimsicott|0 fnt\n|faint|p2b: Whimsicott\n|move|p2a: Incineroar|Knock Off|p1b: Franklin\n|-supereffective|p1b: Franklin\n|-damage|p1b: Franklin|24/100 brn\n|-enditem|p1b: Franklin|Flame Orb|[from] move: Knock Off|[of] p2a: Incineroar\n|move|p1b: Franklin|Facade|p2a: Incineroar\n|-crit|p2a: Incineroar\n|-damage|p2a: Incineroar|0 fnt\n|faint|p2a: Incineroar\n|\n|-damage|p1b: Franklin|18/100 brn|[from] brn\n|upkeep\n|\n|t:|1770699688\n|switch|p2b: Miraidon|Miraidon, L50, shiny|100/100\n|switch|p2a: Calyrex|Calyrex-Ice, L50|100/100\n|-ability|p2a: Calyrex|As One\n|-ability|p2a: Calyrex|Unnerve\n|-activate|p2b: Miraidon|ability: Hadron Engine\n|turn|5\n|\n|t:|1770699703\n|move|p2b: Miraidon|Electro Drift|p1a: Incineroar\n|-damage|p1a: Incineroar|16/100\n|move|p1a: Incineroar|Will-O-Wisp|p2a: Calyrex\n|-status|p2a: Calyrex|brn\n|move|p1b: Franklin|Facade|p2b: Miraidon\n|-damage|p2b: Miraidon|27/100\n|move|p2a: Calyrex|Glacial Lance|p1a: Incineroar|[spread] p1a,p1b\n|-resisted|p1a: Incineroar\n|-damage|p1a: Incineroar|4/100\n|-damage|p1b: Franklin|0 fnt\n|faint|p1b: Franklin\n|-ability|p2a: Calyrex|Chilling Neigh|boost\n|-boost|p2a: Calyrex|atk|1\n|\n|-damage|p2a: Calyrex|95/100 brn|[from] brn\n|-sideend|p2: blackred123|move: Light Screen\n|-fieldend|move: Electric Terrain\n|upkeep\n|\n|t:|1770699714\n|switch|p1b: The Chomperr|Koraidon, L50|100/100\n|-weather|SunnyDay|[from] ability: Orichalcum Pulse|[of] p1b: The Chomperr\n|-activate|p1b: The Chomperr|Orichalcum Pulse|[source]\n|turn|6\n|\n|t:|1770699731\n|move|p1b: The Chomperr|Flare Blitz|p2b: Miraidon\n|-resisted|p2b: Miraidon\n|-damage|p2b: Miraidon|0 fnt\n|faint|p2b: Miraidon\n|-damage|p1b: The Chomperr|90/100|[from] Recoil\n|-damage|p1b: The Chomperr|81/100|[from] item: Life Orb\n|move|p1a: Incineroar|Flare Blitz|p2a: Calyrex\n|-supereffective|p2a: Calyrex\n|-damage|p2a: Calyrex|7/100 brn\n|-damage|p1a: Incineroar|0 fnt|[from] Recoil\n|faint|p1a: Incineroar\n|move|p2a: Calyrex|Glacial Lance|p1b: The Chomperr\n|-supereffective|p1b: The Chomperr\n|-damage|p1b: The Chomperr|0 fnt\n|faint|p1b: The Chomperr\n|-ability|p2a: Calyrex|Chilling Neigh|boost\n|-boost|p2a: Calyrex|atk|1\n|\n|-weather|SunnyDay|[upkeep]\n|-damage|p2a: Calyrex|1/100 brn|[from] brn\n|upkeep\n|\n|t:|1770699747\n|switch|p1b: BIG NEBBY|Lunala, L50|74/100\n|turn|7\n|-message|blackred123 forfeited.\n|\n|win|justalolalt\n|raw|justalolalt's rating: 1304 &rarr; <strong>1320</strong><br />(+16 for winning)\n|raw|blackred123's rating: 1239 &rarr; <strong>1219</strong><br />(-20 for losing)\n|l|\u2606blackred123\n|player|p2|\n","uploadtime":1770699752,"views":13,"formatid":"gen9vgc2026regi","rating":1219,"private":0,"password":null}