{"id":"gen9vgc2026regi-2557188221","format":"[Gen 9] VGC 2026 Reg I","players":["StellarDevil","501JFW"],"log":"|j|\u2606StellarDevil\n|j|\u2606501JFW\n|t:|1773291264\n|gametype|doubles\n|player|p1|StellarDevil|dawn-gen4pt|1419\n|player|p2|501JFW|101|1520\n|gen|9\n|tier|[Gen 9] VGC 2026 Reg I\n|rated|\n|rule|Species Clause: Limit one of each Pok\u00e9mon\n|rule|Item Clause: Limit 1 of each item\n|clearpoke\n|poke|p1|Calyrex-Ice, L50|\n|poke|p1|Miraidon, L50|\n|poke|p1|Whimsicott, L50, F|\n|poke|p1|Farigiraf, L50, F|\n|poke|p1|Urshifu-*, L50, M|\n|poke|p1|Ogerpon-Hearthflame, L50, F|\n|poke|p2|Lunala, L50|\n|poke|p2|Koraidon, L50|\n|poke|p2|Jumpluff, L50, F|\n|poke|p2|Ogerpon-Cornerstone, L50, F|\n|poke|p2|Raging Bolt, L50|\n|poke|p2|Ursaluna, L50, F|\n|teampreview|4\n|l|\u2606501JFW\n|player|p2|\n|j|\u2606501JFW\n|player|p2|501JFW|101|\n|\n|t:|1773291279\n|teamsize|p1|4\n|teamsize|p2|4\n|start\n|switch|p1a: Calyrex|Calyrex-Ice, L50|100/100\n|switch|p1b: Whimsicott|Whimsicott, L50, F|100/100\n|switch|p2a: Lunala|Lunala, L50, shiny|100/100\n|switch|p2b: Koraidon|Koraidon, L50, shiny|100/100\n|-ability|p1a: Calyrex|As One\n|-ability|p1a: Calyrex|Unnerve\n|-weather|SunnyDay|[from] ability: Orichalcum Pulse|[of] p2b: Koraidon\n|-activate|p2b: Koraidon|Orichalcum Pulse|[source]\n|turn|1\n|inactive|Battle timer is ON: inactive players will automatically lose when time's up. (requested by 501JFW)\n|l|\u2606501JFW\n|inactive|501JFW disconnected and has a minute to reconnect!\n|player|p2|\n|j|\u2606501JFW\n|inactive|501JFW reconnected and has 65 seconds left.\n|player|p2|501JFW|101|\n|inactive|StellarDevil has 60 seconds left.\n|inactive|501JFW has 60 seconds left.\n|\n|t:|1773291314\n|-terastallize|p1b: Whimsicott|Water\n|-terastallize|p2a: Lunala|Fire\n|move|p1a: Calyrex|Protect|p1a: Calyrex\n|-singleturn|p1a: Calyrex|Protect\n|move|p1b: Whimsicott|Light Screen|p1b: Whimsicott\n|-sidestart|p1: StellarDevil|move: Light Screen\n|move|p2b: Koraidon|Close Combat|p1a: Calyrex\n|-activate|p1a: Calyrex|move: Protect\n|move|p2a: Lunala|Heat Wave|p1a: Calyrex|[spread] p1b\n|-activate|p1a: Calyrex|move: Protect\n|-resisted|p1b: Whimsicott\n|-damage|p1b: Whimsicott|72/100\n|\n|-weather|SunnyDay|[upkeep]\n|upkeep\n|turn|2\n|inactive|501JFW has 30 seconds left.\n|\n|t:|1773291344\n|switch|p1a: Miraidon|Miraidon, L50|100/100\n|-fieldstart|move: Electric Terrain|[from] ability: Hadron Engine|[of] p1a: Miraidon\n|move|p1b: Whimsicott|Tailwind|p1b: Whimsicott\n|-sidestart|p1: StellarDevil|move: Tailwind\n|move|p2b: Koraidon|Close Combat|p1b: Whimsicott\n|-damage|p1b: Whimsicott|0 fnt\n|-unboost|p2b: Koraidon|def|1\n|-unboost|p2b: Koraidon|spd|1\n|faint|p1b: Whimsicott\n|move|p2a: Lunala|Meteor Beam||[still]\n|-prepare|p2a: Lunala|Meteor Beam\n|-boost|p2a: Lunala|spa|1\n|-enditem|p2a: Lunala|Power Herb\n|-anim|p2a: Lunala|Meteor Beam|p1a: Miraidon\n|-damage|p1a: Miraidon|55/100\n|\n|-weather|SunnyDay|[upkeep]\n|upkeep\n|\n|t:|1773291368\n|switch|p1b: Calyrex|Calyrex-Ice, L50|100/100\n|-ability|p1b: Calyrex|As One\n|-ability|p1b: Calyrex|Unnerve\n|turn|3\n|\n|t:|1773291384\n|move|p2b: Koraidon|Protect|p2b: Koraidon\n|-singleturn|p2b: Koraidon|Protect\n|move|p1a: Miraidon|Electro Drift|p2b: Koraidon\n|-activate|p2b: Koraidon|move: Protect\n|move|p1b: Calyrex|High Horsepower|p2a: Lunala\n|-supereffective|p2a: Lunala\n|-damage|p2a: Lunala|67/100\n|move|p2a: Lunala|Heat Wave|p1b: Calyrex|[spread] p1a,p1b\n|-resisted|p1a: Miraidon\n|-supereffective|p1b: Calyrex\n|-damage|p1a: Miraidon|29/100\n|-damage|p1b: Calyrex|0 fnt\n|faint|p1b: Calyrex\n|\n|-weather|SunnyDay|[upkeep]\n|upkeep\n|\n|t:|1773291394\n|switch|p1b: Ogerpon|Ogerpon-Hearthflame, L50, F|100/100\n|-ability|p1b: Ogerpon|Mold Breaker\n|turn|4\n|\n|t:|1773291409\n|move|p1a: Miraidon|Electro Drift|p2b: Koraidon\n|-resisted|p2b: Koraidon\n|-damage|p2b: Koraidon|3/100\n|move|p1b: Ogerpon|Ivy Cudgel|p2a: Lunala|[anim] Ivy Cudgel Fire\n|-resisted|p2a: Lunala\n|-damage|p2a: Lunala|20/100\n|move|p2b: Koraidon|Close Combat|p1a: Miraidon\n|-damage|p1a: Miraidon|0 fnt\n|-unboost|p2b: Koraidon|def|1\n|-unboost|p2b: Koraidon|spd|1\n|faint|p1a: Miraidon\n|move|p2a: Lunala|Moongeist Beam|p1b: Ogerpon\n|-damage|p1b: Ogerpon|32/100\n|\n|-weather|SunnyDay|[upkeep]\n|upkeep\n|turn|5\n|\n|t:|1773291421\n|move|p1b: Ogerpon|Ivy Cudgel|p2b: Koraidon|[anim] Ivy Cudgel Fire\n|-resisted|p2b: Koraidon\n|-damage|p2b: Koraidon|0 fnt\n|faint|p2b: Koraidon\n|move|p2a: Lunala|Moongeist Beam|p1b: Ogerpon\n|-damage|p1b: Ogerpon|0 fnt\n|faint|p1b: Ogerpon\n|\n|win|501JFW\n|raw|StellarDevil's rating: 1419 &rarr; <strong>1405</strong><br />(-14 for losing)\n|raw|501JFW's rating: 1520 &rarr; <strong>1534</strong><br />(+14 for winning)\n|l|\u2606StellarDevil\n|player|p1|\n|l|\u2606501JFW\n|player|p2|\n","uploadtime":1773291608,"views":13,"formatid":"gen9vgc2026regi","rating":1405,"private":0,"password":null}