{"id":"gen9vgc2026regi-2578872319","format":"[Gen 9] VGC 2026 Reg I","players":["testmon675","Sheevp"],"log":"|j|\u2606testmon675\n|j|\u2606Sheevp\n|t:|1775730511\n|gametype|doubles\n|player|p1|testmon675|barry|1423\n|player|p2|Sheevp|102|1453\n|gen|9\n|tier|[Gen 9] VGC 2026 Reg I\n|rated|\n|rule|Species Clause: Limit one of each Pok\u00e9mon\n|rule|Item Clause: Limit 1 of each item\n|clearpoke\n|poke|p1|Miraidon, L50|\n|poke|p1|Calyrex-Ice, L50|\n|poke|p1|Iron Hands, L50|\n|poke|p1|Ogerpon-Cornerstone, L50, F|\n|poke|p1|Incineroar, L50, M|\n|poke|p1|Whimsicott, L50, F|\n|poke|p2|Miraidon, L50|\n|poke|p2|Okidogi, L50, M|\n|poke|p2|Lunala, L50|\n|poke|p2|Iron Bundle, L50|\n|poke|p2|Ursaluna, L50, F|\n|poke|p2|Entei, L50|\n|teampreview|4\n|\n|t:|1775730551\n|teamsize|p1|4\n|teamsize|p2|4\n|start\n|switch|p1a: Calyrex|Calyrex-Ice, L50|100/100\n|switch|p1b: Ogerpon|Ogerpon-Cornerstone, L50, F|100/100\n|switch|p2a: Miraidon|Miraidon, L50|100/100\n|switch|p2b: Okidogi|Okidogi, L50, M|100/100\n|-ability|p1a: Calyrex|As One\n|-ability|p1a: Calyrex|Unnerve\n|-fieldstart|move: Electric Terrain|[from] ability: Hadron Engine|[of] p2a: Miraidon\n|turn|1\n|\n|t:|1775730584\n|move|p1b: Ogerpon|Follow Me|p1b: Ogerpon\n|-singleturn|p1b: Ogerpon|move: Follow Me\n|move|p2a: Miraidon|Volt Switch|p1b: Ogerpon\n|-resisted|p1b: Ogerpon\n|-damage|p1b: Ogerpon|51/100\n|-damage|p2a: Miraidon|91/100|[from] item: Life Orb\n|\n|t:|1775730592\n|switch|p2a: Lunala|Lunala, L50|100/100|[from] Volt Switch\n|-enditem|p2a: Lunala|Electric Seed\n|-boost|p2a: Lunala|def|1|[from] item: Electric Seed\n|move|p2b: Okidogi|Gunk Shot|p1b: Ogerpon\n|-damage|p1b: Ogerpon|0 fnt\n|faint|p1b: Ogerpon\n|move|p1a: Calyrex|Trick Room|p1a: Calyrex\n|-fieldstart|move: Trick Room|[of] p1a: Calyrex\n|\n|upkeep\n|\n|t:|1775730609\n|switch|p1b: Iron Hands|Iron Hands, L50|100/100\n|-activate|p1b: Iron Hands|ability: Quark Drive\n|-start|p1b: Iron Hands|quarkdriveatk\n|turn|2\n|\n|t:|1775730620\n|move|p2a: Lunala|Wide Guard|p2a: Lunala\n|-singleturn|p2a: Lunala|Wide Guard\n|move|p1a: Calyrex|Glacial Lance|p2b: Okidogi|[spread] \n|-activate|p2a: Lunala|move: Wide Guard\n|-activate|p2b: Okidogi|move: Wide Guard\n|move|p1b: Iron Hands|Wild Charge|p2b: Okidogi\n|-damage|p2b: Okidogi|21/100\n|-damage|p1b: Iron Hands|85/100|[from] Recoil\n|move|p2b: Okidogi|Knock Off|p1a: Calyrex\n|-supereffective|p1a: Calyrex\n|-damage|p1a: Calyrex|57/100\n|-enditem|p1a: Calyrex|Clear Amulet|[from] move: Knock Off|[of] p2b: Okidogi\n|\n|upkeep\n|turn|3\n|\n|t:|1775730634\n|switch|p2b: Ursaluna|Ursaluna, L50, F|100/100\n|move|p2a: Lunala|Wide Guard|p2a: Lunala\n|-singleturn|p2a: Lunala|Wide Guard\n|move|p1a: Calyrex|Glacial Lance|p2b: Ursaluna|[spread] \n|-activate|p2a: Lunala|move: Wide Guard\n|-activate|p2b: Ursaluna|move: Wide Guard\n|move|p1b: Iron Hands|Wild Charge|p2a: Lunala\n|-damage|p2a: Lunala|76/100\n|-damage|p1b: Iron Hands|79/100|[from] Recoil\n|\n|-status|p2b: Ursaluna|brn|[from] item: Flame Orb\n|upkeep\n|turn|4\n|\n|t:|1775730659\n|-terastallize|p2b: Ursaluna|Ghost\n|move|p2a: Lunala|Wide Guard|p2a: Lunala\n|-singleturn|p2a: Lunala|Wide Guard\n|move|p1a: Calyrex|Glacial Lance|p2b: Ursaluna|[spread] \n|-activate|p2a: Lunala|move: Wide Guard\n|-activate|p2b: Ursaluna|move: Wide Guard\n|move|p1b: Iron Hands|Close Combat|p2b: Ursaluna\n|-immune|p2b: Ursaluna\n|move|p2b: Ursaluna|Earthquake|p1b: Iron Hands|[spread] p1a,p1b\n|-activate|p2a: Lunala|move: Wide Guard\n|-supereffective|p1b: Iron Hands\n|-damage|p1a: Calyrex|15/100\n|-damage|p1b: Iron Hands|0 fnt\n|faint|p1b: Iron Hands\n|-end|p1b: Iron Hands|Quark Drive|[silent]\n|\n|-damage|p2b: Ursaluna|95/100 brn|[from] brn\n|upkeep\n|\n|t:|1775730665\n|switch|p1b: Incineroar|Incineroar, L50, M|100/100\n|-ability|p1b: Incineroar|Intimidate|boost\n|-unboost|p2a: Lunala|atk|1\n|-unboost|p2b: Ursaluna|atk|1\n|turn|5\n|\n|t:|1775730681\n|move|p2a: Lunala|Wide Guard|p2a: Lunala\n|-singleturn|p2a: Lunala|Wide Guard\n|move|p1a: Calyrex|High Horsepower|p2a: Lunala\n|-damage|p2a: Lunala|55/100\n|move|p2b: Ursaluna|Earthquake|p1b: Incineroar|[spread] p1a,p1b\n|-activate|p2a: Lunala|move: Wide Guard\n|-supereffective|p1b: Incineroar\n|-damage|p1a: Calyrex|0 fnt\n|-damage|p1b: Incineroar|15/100\n|-enditem|p1b: Incineroar|Sitrus Berry|[eat]\n|-heal|p1b: Incineroar|40/100|[from] item: Sitrus Berry\n|faint|p1a: Calyrex\n|move|p1b: Incineroar|Knock Off|p2b: Ursaluna\n|-supereffective|p2b: Ursaluna\n|-damage|p2b: Ursaluna|36/100 brn\n|-enditem|p2b: Ursaluna|Flame Orb|[from] move: Knock Off|[of] p1b: Incineroar\n|\n|-damage|p2b: Ursaluna|30/100 brn|[from] brn\n|-fieldend|move: Trick Room\n|-fieldend|move: Electric Terrain\n|upkeep\n|turn|6\n|\n|t:|1775730693\n|-terastallize|p1b: Incineroar|Bug\n|move|p2a: Lunala|Moonblast|p1b: Incineroar\n|-damage|p1b: Incineroar|13/100\n|-unboost|p1b: Incineroar|spa|1\n|move|p1b: Incineroar|Knock Off|p2a: Lunala\n|-supereffective|p2a: Lunala\n|-damage|p2a: Lunala|3/100\n|move|p2b: Ursaluna|Facade|p1b: Incineroar\n|-damage|p1b: Incineroar|0 fnt\n|faint|p1b: Incineroar\n|\n|win|Sheevp\n|raw|testmon675's rating: 1423 &rarr; <strong>1405</strong><br />(-18 for losing)\n|raw|Sheevp's rating: 1453 &rarr; <strong>1471</strong><br />(+18 for winning)\n|l|\u2606Sheevp\n|player|p2|\n","uploadtime":1775730938,"views":11,"formatid":"gen9vgc2026regi","rating":1405,"private":0,"password":null}