{"id":"gen9vgc2026regi-2570026007","format":"[Gen 9] VGC 2026 Reg I","players":["moonrockdoobie","Snowsquall brute"],"log":"|j|\u2606moonrockdoobie\n|j|\u2606Snowsquall brute\n|t:|1774758300\n|gametype|doubles\n|player|p1|moonrockdoobie|swimmerf-gen4dp|1318\n|player|p2|Snowsquall brute|veteran|1426\n|gen|9\n|tier|[Gen 9] VGC 2026 Reg I\n|rated|\n|rule|Species Clause: Limit one of each Pok\u00e9mon\n|rule|Item Clause: Limit 1 of each item\n|clearpoke\n|poke|p1|Miraidon, L50|\n|poke|p1|Drifblim, L50, M|\n|poke|p1|Eternatus, L50|\n|poke|p1|Chansey, L50, F|\n|poke|p1|Golem-Alola, L50, M|\n|poke|p1|Iron Hands, L50|\n|poke|p2|Miraidon, L50|\n|poke|p2|Landorus-Therian, L50, M|\n|poke|p2|Kingambit, L50, M|\n|poke|p2|Lunala, L50|\n|teampreview|4\n|inactive|Battle timer is ON: inactive players will automatically lose when time's up. (requested by moonrockdoobie)\n|\n|t:|1774758315\n|teamsize|p1|4\n|teamsize|p2|4\n|start\n|switch|p1a: Drifblim|Drifblim, L50, M, shiny|100/100\n|switch|p1b: Miraidon|Miraidon, L50|100/100\n|switch|p2a: Miraidon|Miraidon, L50|100/100\n|switch|p2b: Landorus|Landorus-Therian, L50, M|100/100\n|-fieldstart|move: Electric Terrain|[from] ability: Hadron Engine|[of] p1b: Miraidon\n|-enditem|p2a: Miraidon|Electric Seed\n|-boost|p2a: Miraidon|def|1|[from] item: Electric Seed\n|-enditem|p1a: Drifblim|Electric Seed\n|-boost|p1a: Drifblim|def|1|[from] item: Electric Seed\n|-activate|p2a: Miraidon|ability: Hadron Engine\n|-ability|p2b: Landorus|Intimidate|boost\n|-unboost|p1a: Drifblim|atk|1\n|-unboost|p1b: Miraidon|atk|1\n|turn|1\n|inactive|Snowsquall brute has 30 seconds left.\n|\n|t:|1774758345\n|move|p1a: Drifblim|Protect|p1a: Drifblim\n|-singleturn|p1a: Drifblim|Protect\n|move|p1b: Miraidon|Protect|p1b: Miraidon\n|-singleturn|p1b: Miraidon|Protect\n|move|p2a: Miraidon|Protect|p2a: Miraidon\n|-singleturn|p2a: Miraidon|Protect\n|move|p2b: Landorus|U-turn|p1b: Miraidon\n|-activate|p1b: Miraidon|move: Protect\n|\n|upkeep\n|turn|2\n|\n|t:|1774758361\n|-terastallize|p2a: Miraidon|Electric\n|move|p1a: Drifblim|Minimize|p1a: Drifblim\n|-boost|p1a: Drifblim|evasion|2\n|move|p1b: Miraidon|Light Screen|p1b: Miraidon\n|-sidestart|p1: moonrockdoobie|move: Light Screen\n|move|p2a: Miraidon|Parabolic Charge|p1b: Miraidon|[spread] p1a,p1b\n|-immune|p2b: Landorus\n|-supereffective|p1a: Drifblim\n|-resisted|p1b: Miraidon\n|-damage|p1a: Drifblim|46/100\n|-damage|p1b: Miraidon|94/100\n|move|p2b: Landorus|U-turn|p1b: Miraidon\n|-damage|p1b: Miraidon|66/100\n|\n|t:|1774758366\n|switch|p2b: Kingambit|Kingambit, L50, M|100/100|[from] U-turn\n|\n|upkeep\n|turn|3\n|\n|t:|1774758381\n|move|p1a: Drifblim|Disable|p2a: Miraidon\n|-start|p2a: Miraidon|Disable|Parabolic Charge\n|move|p1b: Miraidon|Dazzling Gleam|p2a: Miraidon|[spread] p2a,p2b\n|-damage|p2a: Miraidon|83/100\n|-damage|p2b: Kingambit|74/100\n|move|p2a: Miraidon|Calm Mind|p2a: Miraidon\n|-boost|p2a: Miraidon|spa|1\n|-boost|p2a: Miraidon|spd|1\n|move|p2b: Kingambit|Kowtow Cleave|p1a: Drifblim\n|-supereffective|p1a: Drifblim\n|-damage|p1a: Drifblim|0 fnt\n|faint|p1a: Drifblim\n|\n|upkeep\n|\n|t:|1774758395\n|switch|p1a: Golem|Golem-Alola, L50, M|100/100\n|turn|4\n|\n|t:|1774758404\n|move|p1b: Miraidon|Protect|p1b: Miraidon\n|-singleturn|p1b: Miraidon|Protect\n|move|p2a: Miraidon|Protect|p2a: Miraidon\n|-singleturn|p2a: Miraidon|Protect\n|move|p2b: Kingambit|Sucker Punch||[still]\n|-fail|p2b: Kingambit\n|move|p1a: Golem|Body Press|p2b: Kingambit\n|-supereffective|p2b: Kingambit\n|-damage|p2b: Kingambit|0 fnt\n|faint|p2b: Kingambit\n|\n|upkeep\n|\n|t:|1774758407\n|switch|p2b: Landorus|Landorus-Therian, L50, M|100/100\n|-ability|p2b: Landorus|Intimidate|boost\n|-unboost|p1a: Golem|atk|1\n|-unboost|p1b: Miraidon|atk|1\n|turn|5\n|\n|t:|1774758432\n|-terastallize|p1a: Golem|Grass\n|move|p1b: Miraidon|Dazzling Gleam|p2a: Miraidon|[spread] p2a,p2b\n|-damage|p2a: Miraidon|70/100\n|-damage|p2b: Landorus|81/100\n|move|p2a: Miraidon|Dragon Pulse|p1b: Miraidon\n|-supereffective|p1b: Miraidon\n|-damage|p1b: Miraidon|0 fnt\n|faint|p1b: Miraidon\n|move|p2b: Landorus|Stomping Tantrum|p1a: Golem\n|-resisted|p1a: Golem\n|-damage|p1a: Golem|87/100\n|move|p1a: Golem|Body Press|p2a: Miraidon\n|-damage|p2a: Miraidon|56/100\n|\n|-fieldend|move: Electric Terrain\n|upkeep\n|\n|t:|1774758447\n|switch|p1b: Eternity|Eternatus, L50, shiny|100/100\n|-ability|p1b: Eternity|Pressure\n|turn|6\n|-message|moonrockdoobie forfeited.\n|\n|win|Snowsquall brute\n|raw|moonrockdoobie's rating: 1318 &rarr; <strong>1304</strong><br />(-14 for losing)\n|raw|Snowsquall brute's rating: 1426 &rarr; <strong>1440</strong><br />(+14 for winning)\n|l|\u2606moonrockdoobie\n|player|p1|\n|l|\u2606Snowsquall brute\n|player|p2|\n","uploadtime":1774758602,"views":11,"formatid":"gen9vgc2026regi","rating":1304,"private":0,"password":null}