{"id":"gen9vgc2026regi-2526714796","format":"[Gen 9] VGC 2026 Reg I","players":["mail xd","CHR1SPHX"],"log":"|j|\u2606mail xd\n|j|\u2606CHR1SPHX\n|t:|1769450791\n|gametype|doubles\n|player|p1|mail xd|266|1107\n|player|p2|CHR1SPHX|hilbert-wonderlauncher|1077\n|gen|9\n|tier|[Gen 9] VGC 2026 Reg I\n|rated|\n|rule|Species Clause: Limit one of each Pok\u00e9mon\n|rule|Item Clause: Limit 1 of each item\n|clearpoke\n|poke|p1|Zacian-*, L50|\n|poke|p1|Chien-Pao, L50|\n|poke|p1|Rillaboom, L50, F|\n|poke|p1|Incineroar, L50, F|\n|poke|p1|Calyrex-Shadow, L50|\n|poke|p1|Swampert, L50, M|\n|poke|p2|Brute Bonnet, L50|\n|poke|p2|Lunala, L50|\n|poke|p2|Ursaluna, L50, M|\n|poke|p2|Chi-Yu, L50|\n|poke|p2|Koraidon, L50|\n|poke|p2|Flutter Mane, L50|\n|teampreview|4\n|inactive|Battle timer is ON: inactive players will automatically lose when time's up. (requested by CHR1SPHX)\n|\n|t:|1769450809\n|teamsize|p1|4\n|teamsize|p2|4\n|start\n|switch|p1a: Calyrex|Calyrex-Shadow, L50|100/100\n|switch|p1b: Incineroar|Incineroar, L50, F|100/100\n|switch|p2a: Lunala|Lunala, L50|100/100\n|switch|p2b: Brute Bonnet|Brute Bonnet, L50, shiny|100/100\n|-ability|p1a: Calyrex|As One\n|-ability|p1a: Calyrex|Unnerve\n|-ability|p1b: Incineroar|Intimidate|boost\n|-unboost|p2a: Lunala|atk|1\n|-unboost|p2b: Brute Bonnet|atk|1\n|turn|1\n|\n|t:|1769450833\n|move|p1a: Calyrex|Protect|p1a: Calyrex\n|-singleturn|p1a: Calyrex|Protect\n|move|p2a: Lunala|Wide Guard|p2a: Lunala\n|-singleturn|p2a: Lunala|Wide Guard\n|move|p2b: Brute Bonnet|Sucker Punch||[still]\n|-fail|p2b: Brute Bonnet\n|move|p1b: Incineroar|Will-O-Wisp|p2b: Brute Bonnet\n|-status|p2b: Brute Bonnet|brn\n|\n|-damage|p2b: Brute Bonnet|95/100 brn|[from] brn\n|upkeep\n|turn|2\n|\n|t:|1769450845\n|switch|p1a: Zacian|Zacian-Crowned, L50|100/100\n|-ability|p1a: Zacian|Intrepid Sword|boost\n|-boost|p1a: Zacian|atk|1\n|move|p2a: Lunala|Wide Guard|p2a: Lunala\n|-singleturn|p2a: Lunala|Wide Guard\n|move|p1b: Incineroar|Knock Off|p2a: Lunala\n|-supereffective|p2a: Lunala\n|-damage|p2a: Lunala|46/100\n|-enditem|p2a: Lunala|Power Herb|[from] move: Knock Off|[of] p1b: Incineroar\n|move|p2b: Brute Bonnet|Spore|p1a: Zacian\n|-status|p1a: Zacian|slp|[from] move: Spore\n|\n|-damage|p2b: Brute Bonnet|89/100 brn|[from] brn\n|upkeep\n|turn|3\n|\n|t:|1769450864\n|cant|p1a: Zacian|slp\n|move|p1b: Incineroar|Knock Off|p2a: Lunala\n|-supereffective|p2a: Lunala\n|-damage|p2a: Lunala|0 fnt\n|faint|p2a: Lunala\n|move|p2b: Brute Bonnet|Spore|p1b: Incineroar\n|-status|p1b: Incineroar|slp|[from] move: Spore\n|\n|-damage|p2b: Brute Bonnet|83/100 brn|[from] brn\n|upkeep\n|\n|t:|1769450869\n|switch|p2a: Ursaluna|Ursaluna, L50, M|100/100\n|turn|4\n|\n|t:|1769450883\n|switch|p1b: Swampert|Swampert, L50, M|100/100\n|cant|p1a: Zacian|slp\n|move|p2b: Brute Bonnet|Spore|p1a: Zacian\n|-fail|p1a: Zacian|slp\n|move|p2a: Ursaluna|Headlong Rush|p1a: Zacian\n|-supereffective|p1a: Zacian\n|-crit|p1a: Zacian\n|-damage|p1a: Zacian|0 fnt\n|-unboost|p2a: Ursaluna|def|1\n|-unboost|p2a: Ursaluna|spd|1\n|faint|p1a: Zacian\n|\n|-damage|p2b: Brute Bonnet|77/100 brn|[from] brn\n|-status|p2a: Ursaluna|brn|[from] item: Flame Orb\n|upkeep\n|\n|t:|1769450893\n|switch|p1a: Incineroar|Incineroar, L50, F|100/100 slp\n|-ability|p1a: Incineroar|Intimidate|boost\n|-unboost|p2a: Ursaluna|atk|1\n|-unboost|p2b: Brute Bonnet|atk|1\n|turn|5\n|\n|t:|1769450904\n|-terastallize|p1b: Swampert|Grass\n|move|p2a: Ursaluna|Protect|p2a: Ursaluna\n|-singleturn|p2a: Ursaluna|Protect\n|cant|p1a: Incineroar|slp\n|move|p1b: Swampert|Ice Beam|p2a: Ursaluna\n|-activate|p2a: Ursaluna|move: Protect\n|move|p2b: Brute Bonnet|Spore|p1b: Swampert\n|-immune|p1b: Swampert\n|\n|-damage|p2b: Brute Bonnet|71/100 brn|[from] brn\n|-damage|p2a: Ursaluna|94/100 brn|[from] brn\n|upkeep\n|turn|6\n|c|\u2606CHR1SPHX|tbh im not very proud of doing this strat\n|inactive|mail xd has 30 seconds left.\n|\n|t:|1769450930\n|-terastallize|p2a: Ursaluna|Ghost\n|move|p2b: Brute Bonnet|Rage Powder|p2b: Brute Bonnet\n|-singleturn|p2b: Brute Bonnet|move: Rage Powder\n|cant|p1a: Incineroar|slp\n|move|p1b: Swampert|Ice Beam|p2a: Ursaluna\n|-damage|p2a: Ursaluna|72/100 brn\n|move|p2a: Ursaluna|Earthquake|p1b: Swampert|[spread] p2b,p1a,p1b\n|-resisted|p2b: Brute Bonnet\n|-supereffective|p1a: Incineroar\n|-resisted|p1b: Swampert\n|-damage|p2b: Brute Bonnet|56/100 brn\n|-damage|p1a: Incineroar|47/100 slp\n|-damage|p1b: Swampert|85/100\n|\n|-heal|p1b: Swampert|91/100|[from] item: Leftovers\n|-damage|p2b: Brute Bonnet|50/100 brn|[from] brn\n|-damage|p2a: Ursaluna|66/100 brn|[from] brn\n|upkeep\n|-enditem|p2b: Brute Bonnet|Sitrus Berry|[eat]\n|-heal|p2b: Brute Bonnet|75/100 brn|[from] item: Sitrus Berry\n|turn|7\n|inactive|CHR1SPHX has 30 seconds left.\n|\n|t:|1769450965\n|switch|p2a: Koraidon|Koraidon, L50|100/100\n|-weather|SunnyDay|[from] ability: Orichalcum Pulse|[of] p2a: Koraidon\n|-activate|p2b: Brute Bonnet|ability: Protosynthesis\n|-start|p2b: Brute Bonnet|protosynthesisdef\n|-activate|p2a: Koraidon|Orichalcum Pulse|[source]\n|move|p1b: Swampert|Wide Guard|p1b: Swampert\n|-singleturn|p1b: Swampert|Wide Guard\n|move|p2b: Brute Bonnet|Sucker Punch||[still]\n|-fail|p2b: Brute Bonnet\n|cant|p1a: Incineroar|slp\n|\n|-weather|SunnyDay|[upkeep]\n|-heal|p1b: Swampert|97/100|[from] item: Leftovers\n|-damage|p2b: Brute Bonnet|69/100 brn|[from] brn\n|upkeep\n|turn|8\n|\n|t:|1769450987\n|move|p2a: Koraidon|Flame Charge|p1b: Swampert\n|-supereffective|p1b: Swampert\n|-crit|p1b: Swampert\n|-damage|p1b: Swampert|4/100\n|-boost|p2a: Koraidon|spe|1\n|-damage|p2a: Koraidon|90/100|[from] item: Life Orb\n|-curestatus|p1a: Incineroar|slp|[msg]\n|move|p1a: Incineroar|Parting Shot|p2a: Koraidon\n|-unboost|p2a: Koraidon|atk|1\n|-unboost|p2a: Koraidon|spa|1\n|\n|t:|1769450996\n|switch|p1a: Calyrex|Calyrex-Shadow, L50|100/100|[from] Parting Shot\n|-ability|p1a: Calyrex|As One\n|-ability|p1a: Calyrex|Unnerve\n|move|p1b: Swampert|Ice Beam|p2b: Brute Bonnet\n|-supereffective|p2b: Brute Bonnet\n|-damage|p2b: Brute Bonnet|42/100 brn\n|move|p2b: Brute Bonnet|Spore|p1a: Calyrex\n|-status|p1a: Calyrex|slp|[from] move: Spore\n|\n|-weather|SunnyDay|[upkeep]\n|-heal|p1b: Swampert|10/100|[from] item: Leftovers\n|-damage|p2b: Brute Bonnet|36/100 brn|[from] brn\n|upkeep\n|turn|9\n|-message|mail xd forfeited.\n|\n|win|CHR1SPHX\n|raw|mail xd's rating: 1107 &rarr; <strong>1080</strong><br />(-27 for losing)\n|raw|CHR1SPHX's rating: 1077 &rarr; <strong>1108</strong><br />(+31 for winning)\n|l|\u2606mail xd\n|player|p1|\n|l|\u2606CHR1SPHX\n|player|p2|\n","uploadtime":1769451156,"views":11,"formatid":"gen9vgc2026regi","rating":1080,"private":0,"password":null}