{"id":"gen9vgc2026regi-2562893678","format":"[Gen 9] VGC 2026 Reg I","players":["randypants","blackred123"],"log":"|j|\u2606randypants\n|j|\u2606blackred123\n|t:|1773959898\n|gametype|doubles\n|player|p1|randypants|petrel|1233\n|player|p2|blackred123|iono-masters|1344\n|gen|9\n|tier|[Gen 9] VGC 2026 Reg I\n|rated|\n|rule|Species Clause: Limit one of each Pok\u00e9mon\n|rule|Item Clause: Limit 1 of each item\n|clearpoke\n|poke|p1|Kyogre, L50|\n|poke|p1|Calyrex-Shadow, L50|\n|poke|p1|Smeargle, L50, F|\n|poke|p1|Muk-Alola, L50, M|\n|poke|p1|Flamigo, L50, M|\n|poke|p1|Carbink, L50|\n|poke|p2|Miraidon, L50|\n|poke|p2|Zamazenta-*, L50|\n|poke|p2|Chien-Pao, L50|\n|poke|p2|Incineroar, L50, M|\n|poke|p2|Urshifu-*, L50, F|\n|poke|p2|Tornadus, L50, M|\n|teampreview|4\n|inactive|Battle timer is ON: inactive players will automatically lose when time's up. (requested by blackred123)\n|\n|t:|1773959922\n|teamsize|p1|4\n|teamsize|p2|4\n|start\n|switch|p1a: Smeargle|Smeargle, L50, F|100/100\n|switch|p1b: Carbink|Carbink, L50|100/100\n|switch|p2a: \u4e09\u4e0b\u5c31\u51fa\u6c34|Urshifu-Rapid-Strike, L50, F|100/100\n|switch|p2b: \u829d\u58eb\u96ea\u8c79|Chien-Pao, L50|100/100\n|-ability|p2b: \u829d\u58eb\u96ea\u8c79|Sword of Ruin\n|turn|1\n|\n|t:|1773959935\n|move|p1a: Smeargle|Fake Out|p2a: \u4e09\u4e0b\u5c31\u51fa\u6c34\n|-damage|p2a: \u4e09\u4e0b\u5c31\u51fa\u6c34|94/100\n|move|p2b: \u829d\u58eb\u96ea\u8c79|Ice Spinner|p1b: Carbink\n|-damage|p1b: Carbink|60/100\n|cant|p2a: \u4e09\u4e0b\u5c31\u51fa\u6c34|flinch\n|move|p1b: Carbink|Trick Room|p1b: Carbink\n|-fieldstart|move: Trick Room|[of] p1b: Carbink\n|\n|upkeep\n|turn|2\n|\n|t:|1773959955\n|switch|p2b: \u94f6\u91d1\u7535\u86c7|Miraidon, L50, shiny|100/100\n|-fieldstart|move: Electric Terrain|[from] ability: Hadron Engine|[of] p2b: \u94f6\u91d1\u7535\u86c7\n|-terastallize|p2a: \u4e09\u4e0b\u5c31\u51fa\u6c34|Water\n|move|p1b: Carbink|Endeavor|p2a: \u4e09\u4e0b\u5c31\u51fa\u6c34\n|-damage|p2a: \u4e09\u4e0b\u5c31\u51fa\u6c34|43/100\n|move|p1a: Smeargle|Spore|p2b: \u94f6\u91d1\u7535\u86c7\n|-activate|p2b: \u94f6\u91d1\u7535\u86c7|move: Electric Terrain\n|move|p2a: \u4e09\u4e0b\u5c31\u51fa\u6c34|Surging Strikes|p1b: Carbink\n|-supereffective|p1b: Carbink\n|-crit|p1b: Carbink\n|-damage|p1b: Carbink|0 fnt\n|faint|p1b: Carbink\n|-hitcount|p1: Carbink|1\n|\n|upkeep\n|\n|t:|1773959968\n|switch|p1b: Calyrex|Calyrex-Shadow, L50|100/100\n|-ability|p1b: Calyrex|As One\n|-ability|p1b: Calyrex|Unnerve\n|turn|3\n|\n|t:|1773959981\n|switch|p2a: \u829d\u58eb\u96ea\u8c79|Chien-Pao, L50|100/100\n|-ability|p2a: \u829d\u58eb\u96ea\u8c79|Sword of Ruin\n|-terastallize|p1b: Calyrex|Grass\n|move|p1b: Calyrex|Astral Barrage|p2b: \u94f6\u91d1\u7535\u86c7|[spread] p2a,p2b\n|-resisted|p2a: \u829d\u58eb\u96ea\u8c79\n|-damage|p2a: \u829d\u58eb\u96ea\u8c79|69/100\n|-damage|p2b: \u94f6\u91d1\u7535\u86c7|49/100\n|move|p1a: Smeargle|Instruct|p1b: Calyrex\n|-singleturn|p1b: Calyrex|move: Instruct|[of] p1a: Smeargle\n|move|p1b: Calyrex|Astral Barrage|p2b: \u94f6\u91d1\u7535\u86c7|[spread] p2a,p2b\n|-resisted|p2a: \u829d\u58eb\u96ea\u8c79\n|-damage|p2a: \u829d\u58eb\u96ea\u8c79|36/100\n|-damage|p2b: \u94f6\u91d1\u7535\u86c7|4/100\n|move|p2b: \u94f6\u91d1\u7535\u86c7|Electro Drift|p1b: Calyrex\n|-resisted|p1b: Calyrex\n|-damage|p1b: Calyrex|60/100\n|\n|upkeep\n|turn|4\n|inactive|blackred123 has 30 seconds left.\n|\n|t:|1773960010\n|switch|p2b: \u4e09\u4e0b\u5c31\u51fa\u6c34|Urshifu-Rapid-Strike, L50, F, tera:Water|43/100\n|move|p1a: Smeargle|Follow Me|p1a: Smeargle\n|-singleturn|p1a: Smeargle|move: Follow Me\n|move|p2a: \u829d\u58eb\u96ea\u8c79|Ice Shard|p1a: Smeargle\n|-damage|p1a: Smeargle|46/100\n|move|p1b: Calyrex|Astral Barrage|p2a: \u829d\u58eb\u96ea\u8c79|[spread] p2a,p2b\n|-resisted|p2a: \u829d\u58eb\u96ea\u8c79\n|-damage|p2a: \u829d\u58eb\u96ea\u8c79|4/100\n|-damage|p2b: \u4e09\u4e0b\u5c31\u51fa\u6c34|0 fnt\n|faint|p2b: \u4e09\u4e0b\u5c31\u51fa\u6c34\n|-ability|p1b: Calyrex|Grim Neigh|boost\n|-boost|p1b: Calyrex|spa|1\n|\n|upkeep\n|\n|t:|1773960019\n|switch|p2b: \u556a\u556a\u556a|Zamazenta-Crowned, L50|100/100\n|-ability|p2b: \u556a\u556a\u556a|Dauntless Shield|boost\n|-boost|p2b: \u556a\u556a\u556a|def|1\n|turn|5\n|\n|t:|1773960041\n|switch|p1a: Kyogre|Kyogre, L50|100/100\n|-weather|RainDance|[from] ability: Drizzle|[of] p1a: Kyogre\n|move|p1b: Calyrex|Protect|p1b: Calyrex\n|-singleturn|p1b: Calyrex|Protect\n|move|p2b: \u556a\u556a\u556a|Wide Guard|p2b: \u556a\u556a\u556a\n|-singleturn|p2b: \u556a\u556a\u556a|Wide Guard\n|move|p2a: \u829d\u58eb\u96ea\u8c79|Ice Shard|p1b: Calyrex\n|-activate|p1b: Calyrex|move: Protect\n|\n|-weather|RainDance|[upkeep]\n|-fieldend|move: Trick Room\n|upkeep\n|turn|6\n|inactive|randypants has 30 seconds left.\n|\n|t:|1773960069\n|move|p2a: \u829d\u58eb\u96ea\u8c79|Ice Spinner|p1b: Calyrex\n|-supereffective|p1b: Calyrex\n|-damage|p1b: Calyrex|0 fnt\n|-fieldend|move: Electric Terrain\n|faint|p1b: Calyrex\n|move|p2b: \u556a\u556a\u556a|Body Press|p1a: Kyogre\n|-damage|p1a: Kyogre|18/100\n|move|p1a: Kyogre|Hydro Pump|p2a: \u829d\u58eb\u96ea\u8c79|[miss]\n|-miss|p1a: Kyogre|p2a: \u829d\u58eb\u96ea\u8c79\n|\n|-weather|RainDance|[upkeep]\n|upkeep\n|\n|t:|1773960072\n|switch|p1b: Smeargle|Smeargle, L50, F|46/100\n|turn|7\n|\n|t:|1773960085\n|move|p1a: Kyogre|Protect|p1a: Kyogre\n|-singleturn|p1a: Kyogre|Protect\n|move|p1b: Smeargle|Fake Out|p2a: \u829d\u58eb\u96ea\u8c79\n|-damage|p2a: \u829d\u58eb\u96ea\u8c79|0 fnt\n|faint|p2a: \u829d\u58eb\u96ea\u8c79\n|move|p2b: \u556a\u556a\u556a|Body Press|p1a: Kyogre\n|-activate|p1a: Kyogre|move: Protect\n|\n|-weather|RainDance|[upkeep]\n|upkeep\n|\n|t:|1773960089\n|switch|p2a: \u94f6\u91d1\u7535\u86c7|Miraidon, L50, shiny|4/100\n|-fieldstart|move: Electric Terrain|[from] ability: Hadron Engine|[of] p2a: \u94f6\u91d1\u7535\u86c7\n|turn|8\n|\n|t:|1773960098\n|move|p1b: Smeargle|Follow Me|p1b: Smeargle\n|-singleturn|p1b: Smeargle|move: Follow Me\n|move|p2a: \u94f6\u91d1\u7535\u86c7|Electro Drift|p1b: Smeargle\n|-damage|p1b: Smeargle|0 fnt\n|faint|p1b: Smeargle\n|move|p2b: \u556a\u556a\u556a|Body Press|p1a: Kyogre\n|-damage|p1a: Kyogre|0 fnt\n|faint|p1a: Kyogre\n|\n|win|blackred123\n|raw|randypants's rating: 1233 &rarr; <strong>1216</strong><br />(-17 for losing)\n|raw|blackred123's rating: 1344 &rarr; <strong>1358</strong><br />(+14 for winning)\n|c|\u2606randypants|Gg\n|l|\u2606randypants\n|player|p1|\n|l|\u2606blackred123\n|player|p2|\n","uploadtime":1773960312,"views":13,"formatid":"gen9vgc2026regi","rating":1216,"private":0,"password":null}