{"id":"gen9vgc2026regi-2589712660","format":"[Gen 9] VGC 2026 Reg I","players":["Rogersayyouare2486","Glaceon_1740"],"log":"|j|\u2606Rogersayyouare2486\n|j|\u203dGlaceon_1740\n|t:|1776750618\n|gametype|doubles\n|player|p1|Rogersayyouare2486|170|1322\n|player|p2|Glaceon_1740|dawn-gen4pt|1432\n|gen|9\n|tier|[Gen 9] VGC 2026 Reg I\n|rated|\n|rule|Species Clause: Limit one of each Pok\u00e9mon\n|rule|Item Clause: Limit 1 of each item\n|clearpoke\n|poke|p1|Calyrex-Ice, L50|\n|poke|p1|Kyogre, L50|\n|poke|p1|Hatterene, L50, F|\n|poke|p1|Urshifu-*, L50, F|\n|poke|p1|Amoonguss, L50, M|\n|poke|p1|Indeedee-F, L50, F|\n|poke|p2|Meowscarada, L50, F|\n|poke|p2|Murkrow, L50, M|\n|poke|p2|Kyogre, L50|\n|poke|p2|Zacian-*, L50|\n|poke|p2|Incineroar, L50, F|\n|poke|p2|Rillaboom, L50, F|\n|teampreview|4\n|inactive|Battle timer is ON: inactive players will automatically lose when time's up. (requested by Glaceon_1740)\n|inactive|Rogersayyouare2486 also wants the timer to be on.\n|inactive|Rogersayyouare2486 has 60 seconds left.\n|\n|t:|1776750654\n|teamsize|p1|4\n|teamsize|p2|4\n|start\n|switch|p1a: Calyrex|Calyrex-Ice, L50|100/100\n|switch|p1b: Amoonguss|Amoonguss, L50, M|100/100\n|switch|p2a: Meowscarada|Meowscarada, L50, F|100/100\n|switch|p2b: Kyogre|Kyogre, L50|100/100\n|-ability|p1a: Calyrex|As One\n|-ability|p1a: Calyrex|Unnerve\n|-weather|RainDance|[from] ability: Drizzle|[of] p2b: Kyogre\n|turn|1\n|\n|t:|1776750670\n|-terastallize|p1a: Calyrex|Grass\n|move|p2a: Meowscarada|Triple Axel|p1b: Amoonguss\n|-start|p2a: Meowscarada|typechange|Ice|[from] ability: Protean\n|-supereffective|p1b: Amoonguss\n|-damage|p1b: Amoonguss|84/100\n|-supereffective|p1b: Amoonguss\n|-damage|p1b: Amoonguss|54/100\n|-hitcount|p1b: Amoonguss|2\n|move|p2b: Kyogre|Water Spout|p1b: Amoonguss|[spread] p1a,p1b\n|-resisted|p1a: Calyrex\n|-resisted|p1b: Amoonguss\n|-damage|p1a: Calyrex|69/100\n|-damage|p1b: Amoonguss|18/100\n|move|p1b: Amoonguss|Spore|p2b: Kyogre\n|-status|p2b: Kyogre|slp|[from] move: Spore\n|move|p1a: Calyrex|Trick Room|p1a: Calyrex\n|-fieldstart|move: Trick Room|[of] p1a: Calyrex\n|\n|-weather|RainDance|[upkeep]\n|upkeep\n|turn|2\n|inactive|Rogersayyouare2486 has 30 seconds left.\n|\n|t:|1776750697\n|switch|p1b: Urshifu|Urshifu, L50, F|100/100\n|move|p1a: Calyrex|Glacial Lance|p2b: Kyogre|[spread] p2a,p2b\n|-resisted|p2a: Meowscarada\n|-resisted|p2b: Kyogre\n|-damage|p2a: Meowscarada|63/100\n|-damage|p2b: Kyogre|80/100 slp\n|cant|p2b: Kyogre|slp\n|move|p2a: Meowscarada|Triple Axel|p1a: Calyrex\n|-supereffective|p1a: Calyrex\n|-damage|p1a: Calyrex|57/100\n|-supereffective|p1a: Calyrex\n|-damage|p1a: Calyrex|33/100\n|-supereffective|p1a: Calyrex\n|-damage|p1a: Calyrex|0 fnt\n|faint|p1a: Calyrex\n|-hitcount|p1: Calyrex|3\n|\n|-weather|RainDance|[upkeep]\n|upkeep\n|\n|t:|1776750716\n|switch|p1a: Hatterene|Hatterene, L50, F|100/100\n|turn|3\n|inactive|Glaceon_1740 has 30 seconds left.\n|\n|t:|1776750745\n|move|p1a: Hatterene|Dazzling Gleam|p2a: Meowscarada|[spread] p2a,p2b\n|-damage|p2a: Meowscarada|7/100\n|-damage|p2b: Kyogre|49/100 slp\n|-damage|p1a: Hatterene|91/100|[from] item: Life Orb\n|move|p1b: Urshifu|Wicked Blow|p2a: Meowscarada\n|-crit|p2a: Meowscarada\n|-damage|p2a: Meowscarada|0 fnt\n|faint|p2a: Meowscarada\n|cant|p2b: Kyogre|slp\n|\n|-weather|RainDance|[upkeep]\n|upkeep\n|\n|t:|1776750761\n|switch|p2a: Rillaboom|Rillaboom, L50, F, shiny|100/100\n|-fieldstart|move: Grassy Terrain|[from] ability: Grassy Surge|[of] p2a: Rillaboom\n|turn|4\n|\n|t:|1776750782\n|move|p2a: Rillaboom|Fake Out|p1b: Urshifu\n|-damage|p1b: Urshifu|88/100\n|move|p1a: Hatterene|Dazzling Gleam|p2b: Kyogre|[spread] p2a,p2b\n|-damage|p2a: Rillaboom|64/100\n|-damage|p2b: Kyogre|20/100 slp\n|-damage|p1a: Hatterene|81/100|[from] item: Life Orb\n|cant|p1b: Urshifu|flinch\n|cant|p2b: Kyogre|slp\n|\n|-weather|RainDance|[upkeep]\n|-heal|p1a: Hatterene|87/100|[from] Grassy Terrain\n|-heal|p1b: Urshifu|94/100|[from] Grassy Terrain\n|-heal|p2a: Rillaboom|70/100|[from] Grassy Terrain\n|-heal|p2b: Kyogre|26/100 slp|[from] Grassy Terrain\n|upkeep\n|turn|5\n|inactive|Glaceon_1740 has 30 seconds left.\n|inactive|Glaceon_1740 has 20 seconds left.\n|inactive|Glaceon_1740 has 15 seconds left.\n|\n|t:|1776750826\n|-curestatus|p2b: Kyogre|slp|[msg]\n|move|p2b: Kyogre|Protect|p2b: Kyogre\n|-singleturn|p2b: Kyogre|Protect\n|move|p1a: Hatterene|Dazzling Gleam|p2a: Rillaboom|[spread] p2a\n|-activate|p2b: Kyogre|move: Protect\n|-damage|p2a: Rillaboom|36/100\n|-damage|p1a: Hatterene|77/100|[from] item: Life Orb\n|move|p1b: Urshifu|Wicked Blow|p2a: Rillaboom\n|-crit|p2a: Rillaboom\n|-damage|p2a: Rillaboom|0 fnt\n|faint|p2a: Rillaboom\n|\n|-weather|none\n|-heal|p1a: Hatterene|83/100|[from] Grassy Terrain\n|-heal|p1b: Urshifu|99/100|[from] Grassy Terrain\n|-heal|p2b: Kyogre|32/100|[from] Grassy Terrain\n|-fieldend|move: Trick Room\n|upkeep\n|\n|t:|1776750844\n|switch|p2a: Zacian|Zacian-Crowned, L50|100/100\n|-ability|p2a: Zacian|Intrepid Sword|boost\n|-boost|p2a: Zacian|atk|1\n|turn|6\n|inactive|Rogersayyouare2486 has 30 seconds left.\n|\n|t:|1776750873\n|move|p1b: Urshifu|Detect|p1b: Urshifu\n|-singleturn|p1b: Urshifu|Protect\n|move|p2a: Zacian|Behemoth Blade|p1a: Hatterene\n|-supereffective|p1a: Hatterene\n|-damage|p1a: Hatterene|0 fnt\n|faint|p1a: Hatterene\n|move|p2b: Kyogre|Origin Pulse|p1b: Urshifu\n|-activate|p1b: Urshifu|move: Protect\n|\n|-heal|p2b: Kyogre|38/100|[from] Grassy Terrain\n|-heal|p1b: Urshifu|100/100|[from] Grassy Terrain\n|upkeep\n|inactive|Rogersayyouare2486 has 30 seconds left.\n|inactive|Rogersayyouare2486 has 20 seconds left.\n|inactive|Rogersayyouare2486 has 15 seconds left.\n|inactive|Rogersayyouare2486 has 10 seconds left.\n|inactive|Rogersayyouare2486 has 5 seconds left.\n|\n|t:|1776750928\n|switch|p1a: Amoonguss|Amoonguss, L50, M|51/100\n|turn|7\n|inactive|Rogersayyouare2486 has 30 seconds left.\n|inactive|Rogersayyouare2486 has 20 seconds left.\n|inactive|Rogersayyouare2486 has 15 seconds left.\n|inactive|Rogersayyouare2486 has 10 seconds left.\n|inactive|Rogersayyouare2486 has 5 seconds left.\n|\n|t:|1776750983\n|move|p2a: Zacian|Play Rough|p1b: Urshifu\n|-supereffective|p1b: Urshifu\n|-damage|p1b: Urshifu|0 fnt\n|faint|p1b: Urshifu\n|move|p2b: Kyogre|Ice Beam|p1a: Amoonguss\n|-supereffective|p1a: Amoonguss\n|-damage|p1a: Amoonguss|0 fnt\n|faint|p1a: Amoonguss\n|\n|win|Glaceon_1740\n|raw|Rogersayyouare2486's rating: 1322 &rarr; <strong>1308</strong><br />(-14 for losing)\n|raw|Glaceon_1740's rating: 1432 &rarr; <strong>1446</strong><br />(+14 for winning)\n|l|\u203dGlaceon_1740\n|player|p2|\n|l|\u2606Rogersayyouare2486\n|player|p1|\n","uploadtime":1776751153,"views":7,"formatid":"gen9vgc2026regi","rating":1308,"private":0,"password":null}