{"id":"gen9vgc2026regi-2578884398","format":"[Gen 9] VGC 2026 Reg I","players":["Shellos Inc.","don juan dozo"],"log":"|j|\u2606Shellos Inc.\n|j|\u2606don juan dozo\n|t:|1775732129\n|gametype|doubles\n|player|p1|Shellos Inc.|265|1528\n|player|p2|don juan dozo|170|1608\n|gen|9\n|tier|[Gen 9] VGC 2026 Reg I\n|rated|\n|rule|Species Clause: Limit one of each Pok\u00e9mon\n|rule|Item Clause: Limit 1 of each item\n|clearpoke\n|poke|p1|Zamazenta-*, L50|\n|poke|p1|Chien-Pao, L50|\n|poke|p1|Miraidon, L50|\n|poke|p1|Iron Hands, L50|\n|poke|p1|Volcarona, L50, F|\n|poke|p1|Grimmsnarl, L50, M|\n|poke|p2|Calyrex-Shadow, L50|\n|poke|p2|Zamazenta-*, L50|\n|poke|p2|Ting-Lu, L50|\n|poke|p2|Dondozo, L50, M|\n|poke|p2|Chien-Pao, L50|\n|poke|p2|Ogerpon-Hearthflame, L50, F|\n|teampreview|4\nShellos Inc. rejected open team sheets.\n|c|\u2606Shellos Inc.|ugh :(\n|\n|t:|1775732167\n|teamsize|p1|4\n|teamsize|p2|4\n|start\n|switch|p1a: Volcarona|Volcarona, L50, F|100/100\n|switch|p1b: Miraidon|Miraidon, L50|100/100\n|switch|p2a: 221 speed|Calyrex-Shadow, L50|100/100\n|switch|p2b: Chromakopia|Ogerpon-Hearthflame, L50, F|100/100\n|-ability|p2a: 221 speed|As One\n|-ability|p2a: 221 speed|Unnerve\n|-fieldstart|move: Electric Terrain|[from] ability: Hadron Engine|[of] p1b: Miraidon\n|-ability|p2b: Chromakopia|Mold Breaker\n|turn|1\n|\n|t:|1775732174\n|switch|p2a: Jordan 96/97|Ting-Lu, L50|100/100\n|-ability|p2a: Jordan 96/97|Vessel of Ruin\n|-terastallize|p2b: Chromakopia|Fire\n|detailschange|p2b: Chromakopia|Ogerpon-Hearthflame-Tera, L50, F, tera:Fire\n|-ability|p2b: Chromakopia|Embody Aspect (Hearthflame)|boost\n|-boost|p2b: Chromakopia|atk|1\n|move|p1b: Miraidon|Draco Meteor|p2b: Chromakopia\n|-damage|p2b: Chromakopia|0 fnt\n|-unboost|p1b: Miraidon|spa|2\n|faint|p2b: Chromakopia\n|detailschange|p2: Chromakopia|Ogerpon-Hearthflame, L50, F|[silent]\n|move|p1a: Volcarona|Quiver Dance|p1a: Volcarona\n|-boost|p1a: Volcarona|spa|1\n|-boost|p1a: Volcarona|spd|1\n|-boost|p1a: Volcarona|spe|1\n|\n|upkeep\n|c|\u2606don juan dozo|frick gg\n|\n|t:|1775732187\n|switch|p2b: 221 speed|Calyrex-Shadow, L50|100/100\n|-ability|p2b: 221 speed|As One\n|-ability|p2b: 221 speed|Unnerve\n|turn|2\n|\n|t:|1775732198\n|-terastallize|p1a: Volcarona|Dragon\n|move|p1a: Volcarona|Struggle Bug|p2b: 221 speed|[spread] p2a,p2b\n|-supereffective|p2a: Jordan 96/97\n|-damage|p2a: Jordan 96/97|74/100\n|-damage|p2b: 221 speed|81/100\n|-unboost|p2a: Jordan 96/97|spa|1\n|-unboost|p2b: 221 speed|spa|1\n|move|p2b: 221 speed|Encore|p1a: Volcarona\n|-start|p1a: Volcarona|Encore\n|move|p1b: Miraidon|Draco Meteor|p2b: 221 speed\n|-damage|p2b: 221 speed|30/100\n|-unboost|p1b: Miraidon|spa|2\n|move|p2a: Jordan 96/97|Sand Tomb|p1b: Miraidon\n|-supereffective|p1b: Miraidon\n|-damage|p1b: Miraidon|77/100\n|-activate|p1b: Miraidon|move: Sand Tomb|[of] p2a: Jordan 96/97\n|\n|-damage|p1b: Miraidon|65/100|[from] move: Sand Tomb|[partiallytrapped]\n|upkeep\n|turn|3\n|\n|t:|1775732215\n|switch|p2b: Magnus Carlsen|Zamazenta-Crowned, L50|100/100\n|-ability|p2b: Magnus Carlsen|Dauntless Shield|boost\n|-boost|p2b: Magnus Carlsen|def|1\n|move|p1a: Volcarona|Struggle Bug|p2b: Magnus Carlsen|[spread] p2a,p2b\n|-supereffective|p2a: Jordan 96/97\n|-resisted|p2b: Magnus Carlsen\n|-crit|p2b: Magnus Carlsen\n|-damage|p2a: Jordan 96/97|50/100\n|-damage|p2b: Magnus Carlsen|96/100\n|-unboost|p2a: Jordan 96/97|spa|1\n|-unboost|p2b: Magnus Carlsen|spa|1\n|move|p1b: Miraidon|Draco Meteor|p2a: Jordan 96/97|[miss]\n|-miss|p1b: Miraidon|p2a: Jordan 96/97\n|move|p2a: Jordan 96/97|Sand Tomb|p1a: Volcarona|[miss]\n|-miss|p2a: Jordan 96/97|p1a: Volcarona\n|\n|-damage|p1b: Miraidon|53/100|[from] move: Sand Tomb|[partiallytrapped]\n|upkeep\n|turn|4\n|j| Stehem\n|\n|t:|1775732226\n|move|p1a: Volcarona|Struggle Bug|p2b: Magnus Carlsen|[spread] p2a,p2b\n|-supereffective|p2a: Jordan 96/97\n|-crit|p2a: Jordan 96/97\n|-resisted|p2b: Magnus Carlsen\n|-damage|p2a: Jordan 96/97|14/100\n|-damage|p2b: Magnus Carlsen|93/100\n|-unboost|p2a: Jordan 96/97|spa|1\n|-unboost|p2b: Magnus Carlsen|spa|1\n|move|p2b: Magnus Carlsen|Body Press|p1a: Volcarona\n|-damage|p1a: Volcarona|27/100\n|move|p1b: Miraidon|Draco Meteor|p2a: Jordan 96/97\n|-damage|p2a: Jordan 96/97|0 fnt\n|-unboost|p1b: Miraidon|spa|2\n|faint|p2a: Jordan 96/97\n|\n|-heal|p1a: Volcarona|33/100|[from] item: Leftovers\n|-end|p1b: Miraidon|Sand Tomb|[partiallytrapped]|[silent]\n|upkeep\n|\n|t:|1775732235\n|switch|p2a: 221 speed|Calyrex-Shadow, L50|30/100\n|-ability|p2a: 221 speed|As One\n|-ability|p2a: 221 speed|Unnerve\n|turn|5\n|\n|t:|1775732240\n|move|p2b: Magnus Carlsen|Wide Guard|p2b: Magnus Carlsen\n|-singleturn|p2b: Magnus Carlsen|Wide Guard\n|move|p1a: Volcarona|Struggle Bug|p2a: 221 speed|[spread] \n|-activate|p2a: 221 speed|move: Wide Guard\n|-activate|p2b: Magnus Carlsen|move: Wide Guard\n|move|p2a: 221 speed|Astral Barrage|p1a: Volcarona|[spread] p1a,p1b\n|-damage|p1a: Volcarona|2/100\n|-damage|p1b: Miraidon|15/100\n|move|p1b: Miraidon|Draco Meteor|p2a: 221 speed\n|-damage|p2a: 221 speed|0 fnt\n|faint|p2a: 221 speed\n|\n|-heal|p1a: Volcarona|8/100|[from] item: Leftovers\n|-end|p1a: Volcarona|Encore\n|-fieldend|move: Electric Terrain\n|upkeep\n|turn|6\n|-message|don juan dozo forfeited.\n|\n|win|Shellos Inc.\n|raw|Shellos Inc.'s rating: 1528 &rarr; <strong>1553</strong><br />(+25 for winning)\n|raw|don juan dozo's rating: 1608 &rarr; <strong>1583</strong><br />(-25 for losing)\n|l|\u2606don juan dozo\n|player|p2|\n|c|\u2606Shellos Inc.|ayo\n|l| Stehem\n|l|\u2606Shellos Inc.\n|player|p1|\n","uploadtime":1775732262,"views":24,"formatid":"gen9vgc2026regi","rating":1553,"private":0,"password":null}