{"id":"gen9vgc2026regi-2589951014","format":"[Gen 9] VGC 2026 Reg I","players":["JakeNBake3D","testhan92"],"log":"|j|\u2606JakeNBake3D\n|j|\u2606testhan92\n|t:|1776776728\n|gametype|doubles\n|player|p1|JakeNBake3D|2|1525\n|player|p2|testhan92|102|1436\n|gen|9\n|tier|[Gen 9] VGC 2026 Reg I\n|rated|\n|rule|Species Clause: Limit one of each Pok\u00e9mon\n|rule|Item Clause: Limit 1 of each item\n|clearpoke\n|poke|p1|Miraidon, L50|\n|poke|p1|Lunala, L50|\n|poke|p1|Incineroar, L50, F|\n|poke|p1|Urshifu-*, L50, F|\n|poke|p1|Grimmsnarl, L50, M|\n|poke|p1|Ursaluna, L50, F|\n|poke|p2|Koraidon, L50|\n|poke|p2|Calyrex-Ice, L50|\n|poke|p2|Rillaboom, L50, F|\n|poke|p2|Incineroar, L50, M|\n|poke|p2|Smeargle, L50, F|\n|poke|p2|Landorus, L50, M|\n|teampreview|4\n|inactive|Battle timer is ON: inactive players will automatically lose when time's up. (requested by JakeNBake3D)\n|\n|t:|1776776757\n|teamsize|p1|4\n|teamsize|p2|4\n|start\n|switch|p1a: Incineroar|Incineroar, L50, F, shiny|100/100\n|switch|p1b: Grimmsnarl|Grimmsnarl, L50, M, shiny|100/100\n|switch|p2a: Calyrex|Calyrex-Ice, L50|100/100\n|switch|p2b: Rillaboom|Rillaboom, L50, F|100/100\n|-ability|p2a: Calyrex|As One\n|-ability|p2a: Calyrex|Unnerve\n|-fieldstart|move: Grassy Terrain|[from] ability: Grassy Surge|[of] p2b: Rillaboom\n|-ability|p1a: Incineroar|Intimidate|boost\n|-unboost|p2a: Calyrex|atk|1\n|-unboost|p2b: Rillaboom|atk|1\n|turn|1\n|\n|t:|1776776780\n|switch|p2a: Landorus|Landorus, L50, M|100/100\n|move|p2b: Rillaboom|Fake Out|p1a: Incineroar\n|-damage|p1a: Incineroar|95/100\n|-damage|p2b: Rillaboom|84/100|[from] item: Rocky Helmet|[of] p1a: Incineroar\n|move|p1b: Grimmsnarl|Reflect|p1b: Grimmsnarl\n|-sidestart|p1: JakeNBake3D|Reflect\n|cant|p1a: Incineroar|flinch\n|\n|-heal|p2b: Rillaboom|90/100|[from] Grassy Terrain\n|-heal|p1a: Incineroar|100/100|[from] Grassy Terrain\n|upkeep\n|turn|2\n|inactive|JakeNBake3D has 30 seconds left.\n|inactive|JakeNBake3D has 20 seconds left.\n|\n|t:|1776776819\n|move|p1b: Grimmsnarl|Light Screen|p1b: Grimmsnarl\n|-sidestart|p1: JakeNBake3D|move: Light Screen\n|move|p2b: Rillaboom|Wood Hammer|p1a: Incineroar\n|-resisted|p1a: Incineroar\n|-damage|p1a: Incineroar|91/100\n|-damage|p2b: Rillaboom|74/100|[from] item: Rocky Helmet|[of] p1a: Incineroar\n|-damage|p2b: Rillaboom|70/100|[from] Recoil\n|move|p2a: Landorus|Earth Power|p1a: Incineroar\n|-supereffective|p1a: Incineroar\n|-damage|p1a: Incineroar|0 fnt\n|faint|p1a: Incineroar\n|\n|-heal|p2b: Rillaboom|77/100|[from] Grassy Terrain\n|upkeep\n|\n|t:|1776776841\n|switch|p1a: Miraidon|Miraidon, L50|100/100\n|-fieldstart|move: Electric Terrain|[from] ability: Hadron Engine|[of] p1a: Miraidon\n|turn|3\n|\n|t:|1776776863\n|switch|p2b: Smeargle|Smeargle, L50, F|100/100\n|move|p2a: Landorus|Protect|p2a: Landorus\n|-singleturn|p2a: Landorus|Protect\n|move|p1a: Miraidon|Draco Meteor|p2a: Landorus\n|-activate|p2a: Landorus|move: Protect\n|move|p1b: Grimmsnarl|Spirit Break|p2a: Landorus\n|-activate|p2a: Landorus|move: Protect\n|\n|-ability|p2b: Smeargle|Moody|boost\n|-boost|p2b: Smeargle|def|2\n|-unboost|p2b: Smeargle|spe|1\n|upkeep\n|turn|4\n|inactive|JakeNBake3D has 30 seconds left.\n|inactive|testhan92 has 30 seconds left.\n|inactive|testhan92 has 20 seconds left.\n|\n|t:|1776776900\n|switch|p1a: Lunala|Lunala, L50, shiny|100/100\n|-enditem|p1a: Lunala|Electric Seed\n|-boost|p1a: Lunala|def|1|[from] item: Electric Seed\n|move|p2b: Smeargle|Follow Me|p2b: Smeargle\n|-singleturn|p2b: Smeargle|move: Follow Me\n|move|p2a: Landorus|Earth Power|p1a: Lunala\n|-damage|p1a: Lunala|80/100\n|move|p1b: Grimmsnarl|Spirit Break|p2b: Smeargle\n|-damage|p2b: Smeargle|69/100\n|-unboost|p2b: Smeargle|spa|1\n|\n|-ability|p2b: Smeargle|Moody|boost\n|-boost|p2b: Smeargle|spd|2\n|-unboost|p2b: Smeargle|spa|1\n|upkeep\n|turn|5\n|inactive|JakeNBake3D has 30 seconds left.\n|inactive|JakeNBake3D has 20 seconds left.\n|inactive|JakeNBake3D has 15 seconds left.\n|inactive|JakeNBake3D has 10 seconds left.\n|inactive|JakeNBake3D has 5 seconds left.\n|\n|t:|1776776951\n|switch|p2a: Rillaboom|Rillaboom, L50, F|77/100\n|-fieldstart|move: Grassy Terrain|[from] ability: Grassy Surge|[of] p2a: Rillaboom\n|-terastallize|p1a: Lunala|Fairy\n|move|p1a: Lunala|Moonblast|p2a: Rillaboom\n|-damage|p2a: Rillaboom|38/100\n|move|p2b: Smeargle|Spore|p1a: Lunala\n|-status|p1a: Lunala|slp|[from] move: Spore\n|move|p1b: Grimmsnarl|Spirit Break|p2a: Rillaboom\n|-damage|p2a: Rillaboom|10/100\n|-unboost|p2a: Rillaboom|spa|1\n|\n|-heal|p2a: Rillaboom|16/100|[from] Grassy Terrain\n|-heal|p1a: Lunala|87/100 slp|[from] Grassy Terrain\n|-heal|p2b: Smeargle|75/100|[from] Grassy Terrain\n|-ability|p2b: Smeargle|Moody|boost\n|-boost|p2b: Smeargle|atk|2\n|-unboost|p2b: Smeargle|spa|1\n|upkeep\n|turn|6\n|inactive|JakeNBake3D has 30 seconds left.\n|\n|t:|1776776979\n|switch|p1b: Miraidon|Miraidon, L50|100/100\n|-fieldstart|move: Electric Terrain|[from] ability: Hadron Engine|[of] p1b: Miraidon\n|move|p2a: Rillaboom|U-turn|p1b: Miraidon\n|-damage|p1b: Miraidon|90/100\n|\n|t:|1776776986\n|switch|p2a: Landorus|Landorus, L50, M|100/100|[from] U-turn\n|cant|p1a: Lunala|slp\n|move|p2b: Smeargle|Ruination|p1a: Lunala\n|-damage|p1a: Lunala|44/100 slp\n|\n|-ability|p2b: Smeargle|Moody|boost\n|-boost|p2b: Smeargle|def|2\n|-unboost|p2b: Smeargle|spe|1\n|upkeep\n|turn|7\n|\n|t:|1776777009\n|switch|p1b: Grimmsnarl|Grimmsnarl, L50, M, shiny|100/100\n|move|p2b: Smeargle|Follow Me|p2b: Smeargle\n|-singleturn|p2b: Smeargle|move: Follow Me\n|move|p2a: Landorus|Sludge Bomb|p1a: Lunala\n|-supereffective|p1a: Lunala\n|-damage|p1a: Lunala|0 fnt\n|faint|p1a: Lunala\n|\n|-ability|p2b: Smeargle|Moody|boost\n|-boost|p2b: Smeargle|atk|2\n|-unboost|p2b: Smeargle|spa|1\n|upkeep\n|\n|t:|1776777023\n|switch|p1a: Miraidon|Miraidon, L50|90/100\n|-activate|p1a: Miraidon|ability: Hadron Engine\n|turn|8\n|\n|t:|1776777038\n|switch|p2a: Rillaboom|Rillaboom, L50, F|16/100\n|-fieldstart|move: Grassy Terrain|[from] ability: Grassy Surge|[of] p2a: Rillaboom\n|move|p1a: Miraidon|Electro Drift|p2b: Smeargle\n|-damage|p2b: Smeargle|8/100\n|move|p1b: Grimmsnarl|Spirit Break|p2a: Rillaboom\n|-damage|p2a: Rillaboom|0 fnt\n|faint|p2a: Rillaboom\n|move|p2b: Smeargle|Spore|p1a: Miraidon\n|-status|p1a: Miraidon|slp|[from] move: Spore\n|\n|-heal|p1a: Miraidon|96/100 slp|[from] Grassy Terrain\n|-heal|p2b: Smeargle|14/100|[from] Grassy Terrain\n|-sideend|p1: JakeNBake3D|Reflect\n|-ability|p2b: Smeargle|Moody|boost\n|-boost|p2b: Smeargle|atk|2\n|-unboost|p2b: Smeargle|spa|1\n|upkeep\n|\n|t:|1776777054\n|switch|p2a: Landorus|Landorus, L50, M|100/100\n|turn|9\n|\n|t:|1776777064\n|cant|p1a: Miraidon|slp\n|move|p2a: Landorus|Earth Power|p1a: Miraidon\n|-supereffective|p1a: Miraidon\n|-damage|p1a: Miraidon|44/100 slp\n|move|p1b: Grimmsnarl|Spirit Break|p2a: Landorus\n|-damage|p2a: Landorus|71/100\n|-unboost|p2a: Landorus|spa|1\n|move|p2b: Smeargle|Spore|p1b: Grimmsnarl\n|-status|p1b: Grimmsnarl|slp|[from] move: Spore\n|\n|-heal|p1a: Miraidon|50/100 slp|[from] Grassy Terrain\n|-heal|p2b: Smeargle|20/100|[from] Grassy Terrain\n|-sideend|p1: JakeNBake3D|move: Light Screen\n|-ability|p2b: Smeargle|Moody|boost\n|-boost|p2b: Smeargle|spd|2\n|-unboost|p2b: Smeargle|spe|1\n|upkeep\n|turn|10\n|\n|t:|1776777086\n|move|p2b: Smeargle|Follow Me|p2b: Smeargle\n|-singleturn|p2b: Smeargle|move: Follow Me\n|cant|p1a: Miraidon|slp\n|move|p2a: Landorus|Earth Power|p1a: Miraidon\n|-supereffective|p1a: Miraidon\n|-damage|p1a: Miraidon|0 fnt\n|faint|p1a: Miraidon\n|cant|p1b: Grimmsnarl|slp\n|\n|-heal|p2b: Smeargle|26/100|[from] Grassy Terrain\n|-ability|p2b: Smeargle|Moody|boost\n|-boost|p2b: Smeargle|spa|2\n|-unboost|p2b: Smeargle|spe|1\n|upkeep\n|turn|11\n|-message|JakeNBake3D forfeited.\n|\n|win|testhan92\n|raw|JakeNBake3D's rating: 1525 &rarr; <strong>1500</strong><br />(-25 for losing)\n|raw|testhan92's rating: 1436 &rarr; <strong>1461</strong><br />(+25 for winning)\n|l|\u2606JakeNBake3D\n|player|p1|\n|l|\u2606testhan92\n|player|p2|\n|j|\u2606testhan92\n|player|p2|testhan92|102|\n","uploadtime":1776777107,"views":18,"formatid":"gen9vgc2026regi","rating":1461,"private":0,"password":null}