{"id":"gen9vgc2026regi-2578742453","format":"[Gen 9] VGC 2026 Reg I","players":["dpsicieu","Serbias"],"log":"|j|\u2606dpsicieu\n|j|\u2606Serbias\n|t:|1775711128\n|gametype|doubles\n|player|p1|dpsicieu|169|1598\n|player|p2|Serbias|falkner|1485\n|gen|9\n|tier|[Gen 9] VGC 2026 Reg I\n|rated|\n|rule|Species Clause: Limit one of each Pok\u00e9mon\n|rule|Item Clause: Limit 1 of each item\n|clearpoke\n|poke|p1|Calyrex-Ice, L50|\n|poke|p1|Miraidon, L50|\n|poke|p1|Iron Hands, L50|\n|poke|p1|Farigiraf, L50, M|\n|poke|p1|Torkoal, L50, F|\n|poke|p1|Smeargle, L50, F|\n|poke|p2|Calyrex-Shadow, L50|\n|poke|p2|Zamazenta-*, L50|\n|poke|p2|Grimmsnarl, L50, M|\n|poke|p2|Dondozo, L50, M|\n|poke|p2|Tatsugiri, L50, M|\n|poke|p2|Pawmot, L50, M|\n|teampreview|4\n|inactive|Battle timer is ON: inactive players will automatically lose when time's up. (requested by dpsicieu)\n|\n|t:|1775711147\n|teamsize|p1|4\n|teamsize|p2|4\n|start\n|switch|p1a: Calyrex|Calyrex-Ice, L50|100/100\n|switch|p1b: Miraidon|Miraidon, L50|100/100\n|switch|p2a: Calyrex|Calyrex-Shadow, L50|100/100\n|switch|p2b: Dondozo|Dondozo, L50, M|100/100\n|-ability|p2a: Calyrex|As One\n|-ability|p2a: Calyrex|Unnerve\n|-ability|p1a: Calyrex|As One\n|-ability|p1a: Calyrex|Unnerve\n|-fieldstart|move: Electric Terrain|[from] ability: Hadron Engine|[of] p1b: Miraidon\n|turn|1\n|\n|t:|1775711156\n|switch|p1b: Smeargle|Smeargle, L50, F|100/100\n|move|p2b: Dondozo|Protect|p2b: Dondozo\n|-singleturn|p2b: Dondozo|Protect\n|move|p1a: Calyrex|Protect|p1a: Calyrex\n|-singleturn|p1a: Calyrex|Protect\n|move|p2a: Calyrex|Astral Barrage|p1a: Calyrex|[spread] \n|-activate|p1a: Calyrex|move: Protect\n|-immune|p1b: Smeargle\n|\n|upkeep\n|turn|2\n|inactive|Serbias has 30 seconds left.\n|\n|t:|1775711183\n|move|p1b: Smeargle|Fake Out|p2b: Dondozo\n|-damage|p2b: Dondozo|96/100\n|move|p2a: Calyrex|Psychic|p1b: Smeargle\n|-enditem|p1b: Smeargle|Focus Sash\n|-damage|p1b: Smeargle|1/100\n|-damage|p2a: Calyrex|91/100|[from] item: Life Orb\n|cant|p2b: Dondozo|flinch\n|move|p1a: Calyrex|Trick Room|p1a: Calyrex\n|-fieldstart|move: Trick Room|[of] p1a: Calyrex\n|\n|upkeep\n|turn|3\n|\n|t:|1775711194\n|switch|p2a: Tatsugiri|Tatsugiri, L50, M|100/100\n|-activate|p2a: Tatsugiri|ability: Commander|[of] p2b: Dondozo\n|-boost|p2b: Dondozo|atk|2\n|-boost|p2b: Dondozo|spa|2\n|-boost|p2b: Dondozo|spe|2\n|-boost|p2b: Dondozo|def|2\n|-boost|p2b: Dondozo|spd|2\n|move|p1a: Calyrex|Glacial Lance|p2b: Dondozo|[spread] p2b\n|-miss|p1a: Calyrex|p2a: Tatsugiri\n|-resisted|p2b: Dondozo\n|-damage|p2b: Dondozo|88/100\n|move|p1b: Smeargle|Ruination|p2b: Dondozo\n|-damage|p2b: Dondozo|44/100\n|move|p2b: Dondozo|Order Up|p1b: Smeargle\n|-damage|p1b: Smeargle|0 fnt\n|faint|p1b: Smeargle\n|-boost|p2b: Dondozo|atk|1\n|\n|upkeep\n|\n|t:|1775711209\n|switch|p1b: Iron Hands|Iron Hands, L50|100/100\n|-activate|p1b: Iron Hands|ability: Quark Drive\n|-start|p1b: Iron Hands|quarkdriveatk\n|turn|4\n|\n|t:|1775711211\n|move|p2b: Dondozo|Protect|p2b: Dondozo\n|-singleturn|p2b: Dondozo|Protect\n|move|p1a: Calyrex|Glacial Lance|p2b: Dondozo|[spread] \n|-miss|p1a: Calyrex|p2a: Tatsugiri\n|-activate|p2b: Dondozo|move: Protect\n|move|p1b: Iron Hands|Wild Charge|p2b: Dondozo\n|-activate|p2b: Dondozo|move: Protect\n|\n|upkeep\n|turn|5\n|\n|t:|1775711222\n|move|p1b: Iron Hands|Wild Charge|p2b: Dondozo\n|-supereffective|p2b: Dondozo\n|-damage|p2b: Dondozo|0 fnt\n|faint|p2b: Dondozo\n|-damage|p1b: Iron Hands|89/100|[from] Recoil\n|move|p1a: Calyrex|Glacial Lance|p2a: Tatsugiri\n|-damage|p2a: Tatsugiri|0 fnt\n|faint|p2a: Tatsugiri\n|-ability|p1a: Calyrex|Chilling Neigh|boost\n|-boost|p1a: Calyrex|atk|1\n|\n|-fieldend|move: Electric Terrain\n|-end|p1b: Iron Hands|Quark Drive\n|upkeep\n|\n|t:|1775711226\n|switch|p2b: Calyrex|Calyrex-Shadow, L50|91/100\n|switch|p2a: Zamazenta|Zamazenta-Crowned, L50, shiny|100/100\n|-ability|p2b: Calyrex|As One\n|-ability|p2b: Calyrex|Unnerve\n|-ability|p2a: Zamazenta|Dauntless Shield|boost\n|-boost|p2a: Zamazenta|def|1\n|turn|6\n|\n|t:|1775711238\n|-terastallize|p1a: Calyrex|Ground\n|move|p2a: Zamazenta|Protect|p2a: Zamazenta\n|-singleturn|p2a: Zamazenta|Protect\n|move|p2b: Calyrex|Protect|p2b: Calyrex\n|-singleturn|p2b: Calyrex|Protect\n|move|p1b: Iron Hands|Wild Charge|p2b: Calyrex\n|-activate|p2b: Calyrex|move: Protect\n|move|p1a: Calyrex|High Horsepower|p2a: Zamazenta\n|-activate|p2a: Zamazenta|move: Protect\n|\n|-fieldend|move: Trick Room\n|upkeep\n|turn|7\n|\n|t:|1775711252\n|-terastallize|p2a: Zamazenta|Dragon\n|move|p2b: Calyrex|Psychic|p1b: Iron Hands\n|-supereffective|p1b: Iron Hands\n|-damage|p1b: Iron Hands|4/100\n|-damage|p2b: Calyrex|81/100|[from] item: Life Orb\n|move|p2a: Zamazenta|Body Press|p1b: Iron Hands\n|-damage|p1b: Iron Hands|0 fnt\n|faint|p1b: Iron Hands\n|-end|p1b: Iron Hands|Quark Drive|[silent]\n|move|p1a: Calyrex|High Horsepower|p2b: Calyrex\n|-damage|p2b: Calyrex|0 fnt\n|faint|p2b: Calyrex\n|-ability|p1a: Calyrex|Chilling Neigh|boost\n|-boost|p1a: Calyrex|atk|1\n|\n|upkeep\n|-message|Serbias forfeited.\n|\n|win|dpsicieu\n|raw|dpsicieu's rating: 1598 &rarr; <strong>1612</strong><br />(+14 for winning)\n|raw|Serbias's rating: 1485 &rarr; <strong>1471</strong><br />(-14 for losing)\n|l|\u2606Serbias\n|player|p2|\n|l|\u2606dpsicieu\n|player|p1|\n","uploadtime":1775711471,"views":15,"formatid":"gen9vgc2026regi","rating":1471,"private":0,"password":null}