{"id":"gen9vgc2026regi-2547719471","format":"[Gen 9] VGC 2026 Reg I","players":["jason986","jepeg"],"log":"|j|\u2606jason986\n|j|\u2606jepeg\n|t:|1772125575\n|gametype|doubles\n|player|p1|jason986|whitney|1432\n|player|p2|jepeg|beauty-gen4dp|1353\n|gen|9\n|tier|[Gen 9] VGC 2026 Reg I\n|rated|\n|rule|Species Clause: Limit one of each Pok\u00e9mon\n|rule|Item Clause: Limit 1 of each item\n|clearpoke\n|poke|p1|Calyrex-Ice, L50|\n|poke|p1|Kyogre, L50|\n|poke|p1|Rillaboom, L50, F|\n|poke|p1|Farigiraf, L50, M|\n|poke|p1|Archaludon, L50, M|\n|poke|p1|Urshifu-*, L50, F|\n|poke|p2|Calyrex-Ice, L50|\n|poke|p2|Annihilape, L50, F|\n|poke|p2|Oranguru, L50, F|\n|poke|p2|Miraidon, L50|\n|poke|p2|Ogerpon-Hearthflame, L50, F|\n|poke|p2|Bruxish, L50, F|\n|teampreview|4\n|\n|t:|1772125599\n|teamsize|p1|4\n|teamsize|p2|4\n|start\n|switch|p1a: Calyrex|Calyrex-Ice, L50|100/100\n|switch|p1b: Rillaboom|Rillaboom, L50, F|100/100\n|switch|p2a: Annihilape|Annihilape, L50, F|100/100\n|switch|p2b: Oranguru|Oranguru, L50, F, shiny|100/100\n|-ability|p1a: Calyrex|As One\n|-ability|p1a: Calyrex|Unnerve\n|-fieldstart|move: Grassy Terrain|[from] ability: Grassy Surge|[of] p1b: Rillaboom\n|turn|1\n|\n|t:|1772125633\n|switch|p2b: Bruxish|Bruxish, L50, F, shiny|100/100\n|switch|p1a: Urshifu|Urshifu-Rapid-Strike, L50, F|100/100\n|move|p2a: Annihilape|Shadow Claw|p1a: Urshifu\n|-damage|p1a: Urshifu|75/100\n|move|p1b: Rillaboom|U-turn|p2b: Bruxish\n|-supereffective|p2b: Bruxish\n|-damage|p2b: Bruxish|43/100\n|\n|t:|1772125646\n|switch|p1b: Calyrex|Calyrex-Ice, L50|100/100|[from] U-turn\n|-ability|p1b: Calyrex|As One\n|-ability|p1b: Calyrex|Unnerve\n|\n|-heal|p1a: Urshifu|81/100|[from] Grassy Terrain\n|-heal|p2b: Bruxish|49/100|[from] Grassy Terrain\n|upkeep\n|turn|2\n|\n|t:|1772125660\n|move|p1b: Calyrex|Protect|p1b: Calyrex\n|-singleturn|p1b: Calyrex|Protect\n|move|p2b: Bruxish|Protect|p2b: Bruxish\n|-singleturn|p2b: Bruxish|Protect\n|move|p2a: Annihilape|Shadow Claw|p1b: Calyrex\n|-activate|p1b: Calyrex|move: Protect\n|move|p1a: Urshifu|U-turn|p2b: Bruxish\n|-supereffective|p2b: Bruxish\n|-damage|p2b: Bruxish|0 fnt\n|faint|p2b: Bruxish\n|\n|t:|1772125671\n|switch|p1a: Rillaboom|Rillaboom, L50, F|100/100|[from] U-turn\n|\n|upkeep\n|\n|t:|1772125679\n|switch|p2b: Oranguru|Oranguru, L50, F, shiny|100/100\n|turn|3\n|\n|t:|1772125688\n|move|p2a: Annihilape|Shadow Claw|p1b: Calyrex\n|-supereffective|p1b: Calyrex\n|-damage|p1b: Calyrex|63/100\n|move|p1a: Rillaboom|U-turn|p2b: Oranguru\n|-supereffective|p2b: Oranguru\n|-damage|p2b: Oranguru|61/100\n|\n|t:|1772125697\n|switch|p1a: Kyogre|Kyogre, L50|100/100|[from] U-turn\n|-weather|RainDance|[from] ability: Drizzle|[of] p1a: Kyogre\n|move|p2b: Oranguru|Trick Room|p2b: Oranguru\n|-fieldstart|move: Trick Room|[of] p2b: Oranguru\n|move|p1b: Calyrex|Trick Room|p1b: Calyrex\n|-fieldend|move: Trick Room\n|\n|-weather|RainDance|[upkeep]\n|-heal|p2b: Oranguru|67/100|[from] Grassy Terrain\n|-heal|p1b: Calyrex|69/100|[from] Grassy Terrain\n|upkeep\n|turn|4\n|\n|t:|1772125713\n|-terastallize|p1b: Calyrex|Fire\n|move|p2a: Annihilape|Shadow Claw|p1a: Kyogre\n|-damage|p1a: Kyogre|72/100\n|move|p1a: Kyogre|Origin Pulse|p2b: Oranguru|[spread] p2a,p2b\n|-damage|p2a: Annihilape|20/100\n|-damage|p2b: Oranguru|0 fnt\n|faint|p2b: Oranguru\n|move|p1b: Calyrex|Trick Room|p1b: Calyrex\n|-fieldstart|move: Trick Room|[of] p1b: Calyrex\n|\n|-weather|RainDance|[upkeep]\n|-heal|p1b: Calyrex|74/100|[from] Grassy Terrain\n|-heal|p1a: Kyogre|77/100|[from] Grassy Terrain\n|-heal|p2a: Annihilape|26/100|[from] Grassy Terrain\n|upkeep\n|\n|t:|1772125722\n|switch|p2b: Calyrex|Calyrex-Ice, L50|100/100\n|-ability|p2b: Calyrex|As One\n|-ability|p2b: Calyrex|Unnerve\n|turn|5\n|\n|t:|1772125737\n|-terastallize|p2b: Calyrex|Water\n|move|p1b: Calyrex|Glacial Lance|p2b: Calyrex|[spread] p2a,p2b\n|-resisted|p2b: Calyrex\n|-damage|p2a: Annihilape|0 fnt\n|-damage|p2b: Calyrex|83/100\n|faint|p2a: Annihilape\n|-ability|p1b: Calyrex|Chilling Neigh|boost\n|-boost|p1b: Calyrex|atk|1\n|move|p2b: Calyrex|High Horsepower|p1b: Calyrex\n|-supereffective|p1b: Calyrex\n|-damage|p1b: Calyrex|22/100\n|move|p1a: Kyogre|Hydro Pump|p2b: Calyrex\n|-resisted|p2b: Calyrex\n|-damage|p2b: Calyrex|43/100\n|\n|-weather|RainDance|[upkeep]\n|-heal|p1b: Calyrex|28/100|[from] Grassy Terrain\n|-heal|p2b: Calyrex|49/100|[from] Grassy Terrain\n|-heal|p1a: Kyogre|83/100|[from] Grassy Terrain\n|-fieldend|move: Grassy Terrain\n|upkeep\n|turn|6\n|\n|t:|1772125766\n|move|p2b: Calyrex|Protect|p2b: Calyrex\n|-singleturn|p2b: Calyrex|Protect\n|move|p1b: Calyrex|High Horsepower|p2b: Calyrex\n|-activate|p2b: Calyrex|move: Protect\n|move|p1a: Kyogre|Hydro Pump|p2b: Calyrex\n|-activate|p2b: Calyrex|move: Protect\n|\n|-weather|RainDance|[upkeep]\n|upkeep\n|turn|7\n|-message|jepeg forfeited.\n|\n|win|jason986\n|raw|jason986's rating: 1432 &rarr; <strong>1448</strong><br />(+16 for winning)\n|raw|jepeg's rating: 1353 &rarr; <strong>1337</strong><br />(-16 for losing)\n|l|\u2606jepeg\n|player|p2|\n","uploadtime":1772125797,"views":26,"formatid":"gen9vgc2026regi","rating":1337,"private":0,"password":null}