{"id":"gen9vgc2026regi-2573293111","format":"[Gen 9] VGC 2026 Reg I","players":["chrisjhall12","duncan ellenberg"],"log":"|j|\u2606chrisjhall12\n|j|\u2606duncan ellenberg\n|t:|1775116775\n|gametype|doubles\n|player|p1|chrisjhall12|dawn|1451\n|player|p2|duncan ellenberg|101|1463\n|gen|9\n|tier|[Gen 9] VGC 2026 Reg I\n|rated|\n|rule|Species Clause: Limit one of each Pok\u00e9mon\n|rule|Item Clause: Limit 1 of each item\n|clearpoke\n|poke|p1|Zamazenta-*, L50|\n|poke|p1|Miraidon, L50|\n|poke|p1|Chien-Pao, L50|\n|poke|p1|Whimsicott, L50, M|\n|poke|p1|Ogerpon-Hearthflame, L50, F|\n|poke|p1|Dragonite, L50, F|\n|poke|p2|Terapagos, L50, M|\n|poke|p2|Calyrex-Shadow, L50|\n|poke|p2|Chien-Pao, L50|\n|poke|p2|Urshifu-*, L50, M|\n|poke|p2|Tornadus, L50, M|\n|poke|p2|Iron Treads, L50|\n|teampreview|4\nduncan ellenberg rejected open team sheets.\n|inactive|Battle timer is ON: inactive players will automatically lose when time's up. (requested by duncan ellenberg)\n|inactive|duncan ellenberg has 60 seconds left.\n|inactive|duncan ellenberg has 30 seconds left.\n|j| Machinationz\n|\n|t:|1775116853\n|teamsize|p1|4\n|teamsize|p2|4\n|start\n|switch|p1a: Miraidon|Miraidon, L50|100/100\n|switch|p1b: Whimsicott|Whimsicott, L50, M|100/100\n|switch|p2a: Iron Treads|Iron Treads, L50|100/100\n|switch|p2b: Calyrex|Calyrex-Shadow, L50|100/100\n|-ability|p2b: Calyrex|As One\n|-ability|p2b: Calyrex|Unnerve\n|-fieldstart|move: Electric Terrain|[from] ability: Hadron Engine|[of] p1a: Miraidon\n|-activate|p2a: Iron Treads|ability: Quark Drive\n|-start|p2a: Iron Treads|quarkdrivespe\n|turn|1\n|inactive|duncan ellenberg has 30 seconds left.\n|\n|t:|1775116886\n|move|p1b: Whimsicott|Tailwind|p1b: Whimsicott\n|-sidestart|p1: chrisjhall12|move: Tailwind\n|move|p1a: Miraidon|Volt Switch|p2b: Calyrex\n|-enditem|p2b: Calyrex|Focus Sash\n|-damage|p2b: Calyrex|1/100\n|\n|t:|1775116907\n|switch|p1a: Chien-Pao|Chien-Pao, L50|100/100|[from] Volt Switch\n|-ability|p1a: Chien-Pao|Sword of Ruin\n|move|p2a: Iron Treads|Iron Head|p1b: Whimsicott\n|-supereffective|p1b: Whimsicott\n|-damage|p1b: Whimsicott|0 fnt\n|faint|p1b: Whimsicott\n|-damage|p2a: Iron Treads|91/100|[from] item: Life Orb\n|move|p2b: Calyrex|Astral Barrage|p1a: Chien-Pao\n|-resisted|p1a: Chien-Pao\n|-damage|p1a: Chien-Pao|39/100\n|\n|upkeep\n|\n|t:|1775116928\n|switch|p1b: Zamazenta|Zamazenta-Crowned, L50|100/100\n|-ability|p1b: Zamazenta|Dauntless Shield|boost\n|-boost|p1b: Zamazenta|def|1\n|turn|2\n|\n|t:|1775116938\n|switch|p2b: Tornadus|Tornadus, L50, M|100/100\n|-terastallize|p1b: Zamazenta|Dragon\n|move|p2a: Iron Treads|Protect|p2a: Iron Treads\n|-singleturn|p2a: Iron Treads|Protect\n|move|p1a: Chien-Pao|Crunch|p2b: Tornadus\n|-damage|p2b: Tornadus|37/100\n|-damage|p1a: Chien-Pao|22/100|[from] item: Rocky Helmet|[of] p2b: Tornadus\n|move|p1b: Zamazenta|Body Press|p2a: Iron Treads\n|-activate|p2a: Iron Treads|move: Protect\n|\n|upkeep\n|turn|3\n|\n|t:|1775116954\n|move|p1a: Chien-Pao|Protect|p1a: Chien-Pao\n|-singleturn|p1a: Chien-Pao|Protect\n|move|p2b: Tornadus|Tailwind|p2b: Tornadus\n|-sidestart|p2: duncan ellenberg|move: Tailwind\n|move|p2a: Iron Treads|Earthquake|p1a: Chien-Pao|[spread] p1b\n|-activate|p1a: Chien-Pao|move: Protect\n|-immune|p2b: Tornadus\n|-damage|p1b: Zamazenta|76/100\n|-damage|p2a: Iron Treads|81/100|[from] item: Life Orb\n|move|p1b: Zamazenta|Body Press|p2a: Iron Treads\n|-supereffective|p2a: Iron Treads\n|-damage|p2a: Iron Treads|0 fnt\n|faint|p2a: Iron Treads\n|-end|p2a: Iron Treads|Quark Drive|[silent]\n|\n|upkeep\n|inactive|duncan ellenberg has 30 seconds left.\n|inactive|duncan ellenberg has 20 seconds left.\n|inactive|duncan ellenberg has 15 seconds left.\n|inactive|duncan ellenberg has 10 seconds left.\n|\n|t:|1775117002\n|switch|p2a: Terapagos|Terapagos, L50, M|100/100\n|-activate|p2a: Terapagos|ability: Tera Shift\n|detailschange|p2a: Terapagos|Terapagos-Terastal, L50, M\n|-heal|p2a: Terapagos|100/100|[silent]\n|turn|4\n|inactive|chrisjhall12 has 30 seconds left.\n|inactive|chrisjhall12 has 20 seconds left.\n|\n|t:|1775117038\n|switch|p1a: Miraidon|Miraidon, L50|100/100\n|-activate|p1a: Miraidon|ability: Hadron Engine\n|move|p2a: Terapagos|Protect|p2a: Terapagos\n|-singleturn|p2a: Terapagos|Protect\n|move|p1b: Zamazenta|Body Press|p2a: Terapagos\n|-activate|p2a: Terapagos|move: Protect\n|move|p2b: Tornadus|Bleakwind Storm|p1b: Zamazenta|[spread] p1a,p1b\n|-resisted|p1a: Miraidon\n|-damage|p1a: Miraidon|86/100\n|-damage|p1b: Zamazenta|53/100\n|\n|-sideend|p1: chrisjhall12|move: Tailwind\n|upkeep\n|turn|5\n|inactive|duncan ellenberg has 30 seconds left.\n|inactive|duncan ellenberg has 20 seconds left.\n|inactive|duncan ellenberg has 15 seconds left.\n|\n|t:|1775117083\n|move|p1b: Zamazenta|Wide Guard|p1b: Zamazenta\n|-singleturn|p1b: Zamazenta|Wide Guard\n|move|p2b: Tornadus|Hurricane|p1b: Zamazenta\n|-damage|p1b: Zamazenta|17/100\n|move|p2a: Terapagos|Meteor Beam||[still]\n|-prepare|p2a: Terapagos|Meteor Beam\n|-boost|p2a: Terapagos|spa|1\n|-enditem|p2a: Terapagos|Power Herb\n|-anim|p2a: Terapagos|Meteor Beam|p1b: Zamazenta\n|-damage|p1b: Zamazenta|0 fnt\n|faint|p1b: Zamazenta\n|move|p1a: Miraidon|Dazzling Gleam|p2b: Tornadus|[spread] p2a,p2b\n|-activate|p2a: Terapagos|ability: Tera Shell\n|-resisted|p2a: Terapagos\n|-damage|p2a: Terapagos|80/100\n|-damage|p2b: Tornadus|0 fnt\n|faint|p2b: Tornadus\n|\n|-fieldend|move: Electric Terrain\n|upkeep\n|\n|t:|1775117100\n|switch|p1b: Chien-Pao|Chien-Pao, L50|22/100\n|switch|p2b: Calyrex|Calyrex-Shadow, L50|1/100\n|-ability|p2b: Calyrex|As One\n|-ability|p2b: Calyrex|Unnerve\n|-ability|p1b: Chien-Pao|Sword of Ruin\n|turn|6\n|\n|t:|1775117112\n|-terastallize|p2a: Terapagos|Stellar\n|detailschange|p2a: Terapagos|Terapagos-Stellar, L50, M, tera:Stellar\n|-heal|p2a: Terapagos|86/100|[silent]\n|move|p1b: Chien-Pao|Protect|p1b: Chien-Pao\n|-singleturn|p1b: Chien-Pao|Protect\n|move|p2b: Calyrex|Astral Barrage|p1b: Chien-Pao|[spread] p1a\n|-activate|p1b: Chien-Pao|move: Protect\n|-damage|p1a: Miraidon|35/100\n|move|p2a: Terapagos|Tera Starstorm|p1b: Chien-Pao|[spread] p1a\n|-activate|p1b: Chien-Pao|move: Protect\n|-damage|p1a: Miraidon|0 fnt\n|faint|p1a: Miraidon\n|\n|-sideend|p2: duncan ellenberg|move: Tailwind\n|upkeep\n|turn|7\n|-message|chrisjhall12 forfeited.\n|\n|win|duncan ellenberg\n|raw|chrisjhall12's rating: 1451 &rarr; <strong>1432</strong><br />(-19 for losing)\n|raw|duncan ellenberg's rating: 1463 &rarr; <strong>1482</strong><br />(+19 for winning)\n|l|\u2606chrisjhall12\n|player|p1|\n|l| Machinationz\n","uploadtime":1775117358,"views":13,"formatid":"gen9vgc2026regi","rating":1432,"private":0,"password":null}