{"id":"gen9vgc2026regi-2576414377","format":"[Gen 9] VGC 2026 Reg I","players":["Spea1","24kpure"],"log":"|j|\u2606Spea1\n|j|\u260624kpure\n|t:|1775471000\n|gametype|doubles\n|player|p1|Spea1|grimsley|1250\n|player|p2|24kpure|2|1248\n|gen|9\n|tier|[Gen 9] VGC 2026 Reg I\n|rated|\n|rule|Species Clause: Limit one of each Pok\u00e9mon\n|rule|Item Clause: Limit 1 of each item\n|clearpoke\n|poke|p1|Koraidon, L50|\n|poke|p1|Calyrex-Shadow, L50|\n|poke|p1|Whimsicott, L50, F|\n|poke|p1|Raging Bolt, L50|\n|poke|p1|Farigiraf, L50, M|\n|poke|p1|Dragonite, L50, F|\n|poke|p2|Muk-Alola, L50, F|\n|poke|p2|Smeargle, L50, M|\n|poke|p2|Rillaboom, L50, F|\n|poke|p2|Flamigo, L50, M|\n|poke|p2|Koraidon, L50|\n|poke|p2|Incineroar, L50, F|\n|teampreview|4\n|inactive|Battle timer is ON: inactive players will automatically lose when time's up. (requested by 24kpure)\nSpea1 rejected open team sheets.\n|\n|t:|1775471017\n|teamsize|p1|4\n|teamsize|p2|4\n|start\n|switch|p1a: Calyrex|Calyrex-Shadow, L50|100/100\n|switch|p1b: Whimsicott|Whimsicott, L50, F|100/100\n|switch|p2a: Muk|Muk-Alola, L50, F|100/100\n|switch|p2b: Smeargle|Smeargle, L50, M|100/100\n|-ability|p1a: Calyrex|As One\n|-ability|p1a: Calyrex|Unnerve\n|turn|1\n|\n|t:|1775471031\n|move|p1a: Calyrex|Protect|p1a: Calyrex\n|-singleturn|p1a: Calyrex|Protect\n|move|p2b: Smeargle|Follow Me|p2b: Smeargle\n|-singleturn|p2b: Smeargle|move: Follow Me\n|move|p1b: Whimsicott|Taunt|p2b: Smeargle\n|-start|p2b: Smeargle|move: Taunt\n|move|p2a: Muk|Minimize|p2a: Muk\n|-boost|p2a: Muk|evasion|2\n|\n|-ability|p2b: Smeargle|Moody|boost\n|-boost|p2b: Smeargle|spd|2\n|-unboost|p2b: Smeargle|atk|1\n|upkeep\n|turn|2\n|\n|t:|1775471047\n|move|p1b: Whimsicott|Taunt|p2a: Muk\n|-hint|Since gen 7, Dark is immune to Prankster moves.\n|-immune|p2a: Muk\n|move|p1a: Calyrex|Encore|p2b: Smeargle\n|-start|p2b: Smeargle|Encore\n|cant|p2b: Smeargle|move: Taunt|Follow Me\n|move|p2a: Muk|Minimize|p2a: Muk\n|-boost|p2a: Muk|evasion|2\n|\n|-ability|p2b: Smeargle|Moody|boost\n|-boost|p2b: Smeargle|def|2\n|-unboost|p2b: Smeargle|atk|1\n|upkeep\n|turn|3\n|\n|t:|1775471071\n|switch|p2b: Incineroar|Incineroar, L50, F|100/100\n|-ability|p2b: Incineroar|Intimidate|boost\n|-unboost|p1a: Calyrex|atk|1\n|-unboost|p1b: Whimsicott|atk|1\n|-terastallize|p1a: Calyrex|Ghost\n|move|p1b: Whimsicott|Tailwind|p1b: Whimsicott\n|-sidestart|p1: Spea1|move: Tailwind\n|move|p1a: Calyrex|Astral Barrage|p2b: Incineroar|[spread] p2b\n|-miss|p1a: Calyrex|p2a: Muk\n|-resisted|p2b: Incineroar\n|-damage|p2b: Incineroar|74/100\n|move|p2a: Muk|Toxic|p1a: Calyrex\n|-status|p1a: Calyrex|tox\n|\n|-damage|p1a: Calyrex|94/100 tox|[from] psn\n|upkeep\n|turn|4\n|\n|t:|1775471095\n|move|p1a: Calyrex|Astral Barrage|p2b: Incineroar|[spread] p2b\n|-miss|p1a: Calyrex|p2a: Muk\n|-resisted|p2b: Incineroar\n|-damage|p2b: Incineroar|46/100\n|move|p1b: Whimsicott|Moonblast|p2b: Incineroar\n|-damage|p2b: Incineroar|27/100\n|move|p2b: Incineroar|Parting Shot|p1a: Calyrex\n|-unboost|p1a: Calyrex|atk|1\n|-unboost|p1a: Calyrex|spa|1\n|\n|t:|1775471099\n|switch|p2b: Smeargle|Smeargle, L50, M|100/100|[from] Parting Shot\n|move|p2a: Muk|Minimize|p2a: Muk\n|-boost|p2a: Muk|evasion|2\n|\n|-damage|p1a: Calyrex|82/100 tox|[from] psn\n|-ability|p2b: Smeargle|Moody|boost\n|-boost|p2b: Smeargle|spe|2\n|-unboost|p2b: Smeargle|spd|1\n|upkeep\n|turn|5\n|\n|t:|1775471114\n|move|p1a: Calyrex|Protect|p1a: Calyrex\n|-singleturn|p1a: Calyrex|Protect\n|move|p2b: Smeargle|Wide Guard|p2b: Smeargle\n|-singleturn|p2b: Smeargle|Wide Guard\n|move|p1b: Whimsicott|Taunt|p2b: Smeargle\n|-start|p2b: Smeargle|move: Taunt\n|move|p2a: Muk|Knock Off|p1a: Calyrex\n|-activate|p1a: Calyrex|move: Protect\n|\n|-damage|p1a: Calyrex|63/100 tox|[from] psn\n|-ability|p2b: Smeargle|Moody|boost\n|-boost|p2b: Smeargle|def|2\n|-unboost|p2b: Smeargle|spa|1\n|upkeep\n|turn|6\n|\n|t:|1775471129\n|move|p1a: Calyrex|Psychic|p2b: Smeargle\n|-enditem|p2b: Smeargle|Focus Sash\n|-damage|p2b: Smeargle|1/100\n|move|p1b: Whimsicott|Moonblast|p2b: Smeargle\n|-damage|p2b: Smeargle|0 fnt\n|faint|p2b: Smeargle\n|-ability|p2a: Muk|Moody|Power of Alchemy|[from] ability: Power of Alchemy|[of] p2b: Smeargle\n|move|p2a: Muk|Knock Off|p1a: Calyrex\n|-supereffective|p1a: Calyrex\n|-damage|p1a: Calyrex|0 fnt\n|-enditem|p1a: Calyrex|Focus Sash|[from] move: Knock Off|[of] p2a: Muk\n|faint|p1a: Calyrex\n|\n|-sideend|p1: Spea1|move: Tailwind\n|-ability|p2a: Muk|Moody|boost\n|-boost|p2a: Muk|spd|2\n|-unboost|p2a: Muk|def|1\n|upkeep\n|\n|t:|1775471146\n|switch|p1a: Koraidon|Koraidon, L50|100/100\n|switch|p2b: Incineroar|Incineroar, L50, F|27/100\n|-weather|SunnyDay|[from] ability: Orichalcum Pulse|[of] p1a: Koraidon\n|-activate|p1a: Koraidon|Orichalcum Pulse|[source]\n|-ability|p2b: Incineroar|Intimidate|boost\n|-unboost|p1a: Koraidon|atk|1\n|-unboost|p1b: Whimsicott|atk|1\n|turn|7\n|\n|t:|1775471167\n|move|p2b: Incineroar|Fake Out|p1a: Koraidon\n|-damage|p1a: Koraidon|90/100\n|move|p1b: Whimsicott|Tailwind|p1b: Whimsicott\n|-sidestart|p1: Spea1|move: Tailwind\n|cant|p1a: Koraidon|flinch\n|move|p2a: Muk|Toxic|p1b: Whimsicott\n|-status|p1b: Whimsicott|tox\n|\n|-weather|SunnyDay|[upkeep]\n|-damage|p1b: Whimsicott|95/100 tox|[from] psn\n|-ability|p2a: Muk|Moody|boost\n|-boost|p2a: Muk|spa|2\n|-unboost|p2a: Muk|spd|1\n|upkeep\n|turn|8\n|\n|t:|1775471187\n|move|p2a: Muk|Protect|p2a: Muk\n|-singleturn|p2a: Muk|Protect\n|move|p1b: Whimsicott|Encore|p2b: Incineroar\n|-hint|Since gen 7, Dark is immune to Prankster moves.\n|-immune|p2b: Incineroar\n|move|p1a: Koraidon|Flare Blitz|p2a: Muk\n|-activate|p2a: Muk|move: Protect\n|move|p2b: Incineroar|Parting Shot|p1a: Koraidon\n|-unboost|p1a: Koraidon|atk|1\n|-unboost|p1a: Koraidon|spa|1\n|\n|t:|1775471191\n|switch|p2b: Flamigo|Flamigo, L50, M|100/100|[from] Parting Shot\n|-copyboost|p2b: Flamigo|p2a: Muk|[from] ability: Costar\n|\n|-weather|SunnyDay|[upkeep]\n|-damage|p1b: Whimsicott|83/100 tox|[from] psn\n|-ability|p2a: Muk|Moody|boost\n|-boost|p2a: Muk|spa|2\n|-unboost|p2a: Muk|spe|1\n|upkeep\n|turn|9\n|\n|t:|1775471204\n|switch|p2b: Incineroar|Incineroar, L50, F|27/100\n|-ability|p2b: Incineroar|Intimidate|boost\n|-unboost|p1a: Koraidon|atk|1\n|-unboost|p1b: Whimsicott|atk|1\n|move|p1a: Koraidon|Flare Blitz|p2a: Muk\n|-damage|p2a: Muk|43/100\n|-damage|p1a: Koraidon|68/100|[from] Recoil\n|-damage|p1a: Koraidon|59/100|[from] item: Life Orb\n|move|p1b: Whimsicott|Moonblast|p2a: Muk|[miss]\n|-miss|p1b: Whimsicott|p2a: Muk\n|move|p2a: Muk|Knock Off|p1a: Koraidon\n|-resisted|p1a: Koraidon\n|-damage|p1a: Koraidon|43/100\n|-enditem|p1a: Koraidon|Life Orb|[from] move: Knock Off|[of] p2a: Muk\n|\n|-weather|SunnyDay|[upkeep]\n|-heal|p2a: Muk|49/100|[from] item: Leftovers\n|-damage|p1b: Whimsicott|66/100 tox|[from] psn\n|-ability|p2a: Muk|Moody|boost\n|-boost|p2a: Muk|spd|2\n|-unboost|p2a: Muk|def|1\n|upkeep\n|turn|10\n|\n|t:|1775471228\n|move|p2b: Incineroar|Fake Out|p1a: Koraidon\n|-damage|p1a: Koraidon|33/100\n|cant|p1a: Koraidon|flinch\n|move|p1b: Whimsicott|Moonblast|p2b: Incineroar\n|-damage|p2b: Incineroar|7/100\n|move|p2a: Muk|Knock Off|p1b: Whimsicott\n|-resisted|p1b: Whimsicott\n|-damage|p1b: Whimsicott|44/100 tox\n|-enditem|p1b: Whimsicott|Covert Cloak|[from] move: Knock Off|[of] p2a: Muk\n|\n|-weather|SunnyDay|[upkeep]\n|-heal|p2a: Muk|55/100|[from] item: Leftovers\n|-damage|p1b: Whimsicott|21/100 tox|[from] psn\n|-sideend|p1: Spea1|move: Tailwind\n|-ability|p2a: Muk|Moody|boost\n|-boost|p2a: Muk|spe|2\n|-unboost|p2a: Muk|spd|1\n|upkeep\n|turn|11\n|\n|t:|1775471252\n|switch|p1a: Farigiraf|Farigiraf, L50, M|100/100\n|move|p2a: Muk|Protect|p2a: Muk\n|-singleturn|p2a: Muk|Protect\n|move|p1b: Whimsicott|Taunt|p2b: Incineroar\n|-hint|Since gen 7, Dark is immune to Prankster moves.\n|-immune|p2b: Incineroar\n|move|p2b: Incineroar|Will-O-Wisp|p1a: Farigiraf\n|-status|p1a: Farigiraf|brn\n|\n|-weather|none\n|-heal|p2a: Muk|61/100|[from] item: Leftovers\n|-damage|p1b: Whimsicott|0 fnt|[from] psn\n|faint|p1b: Whimsicott\n|-damage|p1a: Farigiraf|94/100 brn|[from] brn\n|-ability|p2a: Muk|Moody|boost\n|-boost|p2a: Muk|atk|2\n|-unboost|p2a: Muk|spd|1\n|upkeep\n|\n|t:|1775471269\n|switch|p1b: Koraidon|Koraidon, L50|33/100\n|-weather|SunnyDay|[from] ability: Orichalcum Pulse|[of] p1b: Koraidon\n|-activate|p1b: Koraidon|Orichalcum Pulse|[source]\n|turn|12\n|\n|t:|1775471285\n|switch|p2b: Flamigo|Flamigo, L50, M|100/100\n|-copyboost|p2b: Flamigo|p2a: Muk|[from] ability: Costar\n|move|p1a: Farigiraf|Helping Hand|p1b: Koraidon\n|-singleturn|p1b: Koraidon|Helping Hand|[of] p1a: Farigiraf\n|move|p2a: Muk|Protect||[still]\n|-fail|p2a: Muk\n|move|p1b: Koraidon|Flare Blitz|p2a: Muk\n|-damage|p2a: Muk|0 fnt\n|faint|p2a: Muk\n|-damage|p1b: Koraidon|9/100|[from] Recoil\n|\n|-weather|SunnyDay|[upkeep]\n|-damage|p1a: Farigiraf|88/100 brn|[from] brn\n|upkeep\n|\n|t:|1775471288\n|switch|p2a: Incineroar|Incineroar, L50, F|7/100\n|-ability|p2a: Incineroar|Intimidate|boost\n|-unboost|p1a: Farigiraf|atk|1\n|-unboost|p1b: Koraidon|atk|1\n|turn|13\n|inactive|Spea1 has 30 seconds left.\n|inactive|24kpure has 30 seconds left.\n|\n|t:|1775471316\n|move|p2b: Flamigo|Substitute|p2b: Flamigo\n|-start|p2b: Flamigo|Substitute\n|-damage|p2b: Flamigo|76/100\n|move|p1b: Koraidon|Flare Blitz|p2b: Flamigo\n|-end|p2b: Flamigo|Substitute\n|-damage|p1b: Koraidon|2/100|[from] Recoil|[of] p2b: Flamigo\n|move|p2a: Incineroar|Will-O-Wisp|p1b: Koraidon|[miss]\n|-miss|p2a: Incineroar|p1b: Koraidon\n|move|p1a: Farigiraf|Psychic|p2b: Flamigo|[miss]\n|-miss|p1a: Farigiraf|p2b: Flamigo\n|\n|-weather|SunnyDay|[upkeep]\n|-damage|p1a: Farigiraf|82/100 brn|[from] brn\n|upkeep\n|turn|14\n|\n|t:|1775471338\n|-terastallize|p2b: Flamigo|Flying\n|move|p2b: Flamigo|Low Kick|p1b: Koraidon\n|-damage|p1b: Koraidon|0 fnt\n|faint|p1b: Koraidon\n|move|p2a: Incineroar|Knock Off|p1a: Farigiraf\n|-supereffective|p1a: Farigiraf\n|-damage|p1a: Farigiraf|20/100 brn\n|-enditem|p1a: Farigiraf|Mental Herb|[from] move: Knock Off|[of] p2a: Incineroar\n|move|p1a: Farigiraf|Psychic|p2b: Flamigo\n|-damage|p2b: Flamigo|39/100\n|\n|-weather|SunnyDay|[upkeep]\n|-damage|p1a: Farigiraf|13/100 brn|[from] brn\n|upkeep\n|turn|15\n|\n|t:|1775471356\n|move|p2b: Flamigo|Brave Bird|p1a: Farigiraf\n|-crit|p1a: Farigiraf\n|-damage|p1a: Farigiraf|0 fnt\n|faint|p1a: Farigiraf\n|-damage|p2b: Flamigo|33/100|[from] Recoil\n|\n|win|24kpure\n|raw|Spea1's rating: 1250 &rarr; <strong>1225</strong><br />(-25 for losing)\n|raw|24kpure's rating: 1248 &rarr; <strong>1273</strong><br />(+25 for winning)\n|l|\u260624kpure\n|player|p2|\n","uploadtime":1775471369,"views":9,"formatid":"gen9vgc2026regi","rating":1225,"private":0,"password":null}