{"id":"gen9vgc2026regi-2564554007","format":"[Gen 9] VGC 2026 Reg I","players":["darkest_contender","terafireflareblitz"],"log":"|j|\u2606darkest_contender\n|j|\u2606terafireflareblitz\n|t:|1774162749\n|gametype|doubles\n|player|p1|darkest_contender|cynthia-masters3|1516\n|player|p2|terafireflareblitz|sycamore|1472\n|gen|9\n|tier|[Gen 9] VGC 2026 Reg I\n|rated|\n|rule|Species Clause: Limit one of each Pok\u00e9mon\n|rule|Item Clause: Limit 1 of each item\n|clearpoke\n|poke|p1|Calyrex-Shadow, L50|\n|poke|p1|Zamazenta-*, L50|\n|poke|p1|Ogerpon-Cornerstone, L50, F|\n|poke|p1|Flutter Mane, L50|\n|poke|p1|Whimsicott, L50, F|\n|poke|p1|Torkoal, L50, M|\n|poke|p2|Koraidon, L50|\n|poke|p2|Lunala, L50|\n|poke|p2|Indeedee-F, L50, F|\n|poke|p2|Flutter Mane, L50|\n|poke|p2|Volcarona, L50, F|\n|poke|p2|Ursaluna, L50, F|\n|teampreview|4\n|inactive|Battle timer is ON: inactive players will automatically lose when time's up. (requested by terafireflareblitz)\n|\n|t:|1774162778\n|teamsize|p1|4\n|teamsize|p2|4\n|start\n|switch|p1a: Calyrex|Calyrex-Shadow, L50|100/100\n|switch|p1b: Flutter Mane|Flutter Mane, L50|100/100\n|switch|p2a: Lunala|Lunala, L50, shiny|100/100\n|switch|p2b: Indeedee|Indeedee-F, L50, F|100/100\n|-ability|p1a: Calyrex|As One\n|-ability|p1a: Calyrex|Unnerve\n|-fieldstart|move: Psychic Terrain|[from] ability: Psychic Surge|[of] p2b: Indeedee\n|-enditem|p1b: Flutter Mane|Booster Energy\n|-activate|p1b: Flutter Mane|ability: Protosynthesis|[fromitem]\n|-start|p1b: Flutter Mane|protosynthesisspe\n|turn|1\n|\n|t:|1774162789\n|-terastallize|p1a: Calyrex|Dark\n|-terastallize|p2a: Lunala|Water\n|move|p1b: Flutter Mane|Taunt|p2a: Lunala\n|-start|p2a: Lunala|move: Taunt\n|move|p1a: Calyrex|Dark Pulse|p2b: Indeedee\n|-supereffective|p2b: Indeedee\n|-damage|p2b: Indeedee|6/100\n|move|p2a: Lunala|Moongeist Beam|p1a: Calyrex\n|-resisted|p1a: Calyrex\n|-damage|p1a: Calyrex|68/100\n|move|p2b: Indeedee|Trick Room|p2b: Indeedee\n|-fieldstart|move: Trick Room|[of] p2b: Indeedee\n|\n|upkeep\n|turn|2\n|\n|t:|1774162805\n|move|p1a: Calyrex|Protect|p1a: Calyrex\n|-singleturn|p1a: Calyrex|Protect\n|move|p2b: Indeedee|Alluring Voice|p1a: Calyrex\n|-activate|p1a: Calyrex|move: Protect\n|move|p2a: Lunala|Moongeist Beam|p1b: Flutter Mane\n|-supereffective|p1b: Flutter Mane\n|-damage|p1b: Flutter Mane|0 fnt\n|faint|p1b: Flutter Mane\n|-end|p1b: Flutter Mane|Protosynthesis|[silent]\n|\n|upkeep\n|\n|t:|1774162815\n|switch|p1b: Zamazenta|Zamazenta-Crowned, L50|100/100\n|-ability|p1b: Zamazenta|Dauntless Shield|boost\n|-boost|p1b: Zamazenta|def|1\n|turn|3\n|\n|t:|1774162821\n|switch|p1a: Ogerpon|Ogerpon-Cornerstone, L50, F|100/100\n|move|p2b: Indeedee|Alluring Voice|p1a: Ogerpon\n|-damage|p1a: Ogerpon|79/100\n|move|p2a: Lunala|Meteor Beam||[still]\n|-prepare|p2a: Lunala|Meteor Beam\n|-boost|p2a: Lunala|spa|1\n|-enditem|p2a: Lunala|Power Herb\n|-anim|p2a: Lunala|Meteor Beam|p1a: Ogerpon\n|-damage|p1a: Ogerpon|0 fnt\n|faint|p1a: Ogerpon\n|move|p1b: Zamazenta|Body Press|p2a: Lunala\n|-damage|p2a: Lunala|71/100\n|\n|-end|p2a: Lunala|move: Taunt\n|upkeep\n|\n|t:|1774162834\n|switch|p1a: Calyrex|Calyrex-Shadow, L50, tera:Dark|68/100\n|-ability|p1a: Calyrex|As One\n|-ability|p1a: Calyrex|Unnerve\n|turn|4\n|\n|t:|1774162847\n|move|p2b: Indeedee|Helping Hand|p2a: Lunala\n|-singleturn|p2a: Lunala|Helping Hand|[of] p2b: Indeedee\n|move|p1a: Calyrex|Protect|p1a: Calyrex\n|-singleturn|p1a: Calyrex|Protect\n|move|p2a: Lunala|Expanding Force|p1a: Calyrex|[spread] p1b\n|-activate|p1a: Calyrex|move: Protect\n|-damage|p1b: Zamazenta|0 fnt\n|faint|p1b: Zamazenta\n|\n|upkeep\n|turn|5\n|\n|t:|1774162859\n|move|p2b: Indeedee|Alluring Voice|p1a: Calyrex\n|-supereffective|p1a: Calyrex\n|-damage|p1a: Calyrex|33/100\n|move|p2a: Lunala|Moongeist Beam|p1a: Calyrex\n|-resisted|p1a: Calyrex\n|-damage|p1a: Calyrex|0 fnt\n|faint|p1a: Calyrex\n|\n|win|terafireflareblitz\n|raw|darkest_contender's rating: 1516 &rarr; <strong>1493</strong><br />(-23 for losing)\n|raw|terafireflareblitz's rating: 1472 &rarr; <strong>1495</strong><br />(+23 for winning)\n|l|\u2606darkest_contender\n|player|p1|\n|l|\u2606terafireflareblitz\n|player|p2|\n","uploadtime":1774162859,"views":14,"formatid":"gen9vgc2026regi","rating":1493,"private":0,"password":null}