{"id":"gen9vgc2026regi-2559581465","format":"[Gen 9] VGC 2026 Reg I","players":["Fireswhoosh","sleemo2"],"log":"|j|\u2606Fireswhoosh\n|j|\u2606sleemo2\n|t:|1773588794\n|gametype|doubles\n|player|p1|Fireswhoosh|102|1317\n|player|p2|sleemo2|266|1310\n|gen|9\n|tier|[Gen 9] VGC 2026 Reg I\n|rated|\n|rule|Species Clause: Limit one of each Pok\u00e9mon\n|rule|Item Clause: Limit 1 of each item\n|clearpoke\n|poke|p1|Terapagos, L50, M|\n|poke|p1|Slowking-Galar, L50, M|\n|poke|p1|Calyrex-Ice, L50|\n|poke|p1|Indeedee-F, L50, F|\n|poke|p1|Avalugg-Hisui, L50, M|\n|poke|p1|Sinistcha, L50|\n|poke|p2|Calyrex-Shadow, L50|\n|poke|p2|Zamazenta-*, L50|\n|poke|p2|Whimsicott, L50, M|\n|poke|p2|Amoonguss, L50, F|\n|poke|p2|Chi-Yu, L50|\n|poke|p2|Urshifu-*, L50, M|\n|teampreview|4\n|inactive|Battle timer is ON: inactive players will automatically lose when time's up. (requested by Fireswhoosh)\n|inactive|sleemo2 has 60 seconds left.\n|\n|t:|1773588828\n|teamsize|p1|4\n|teamsize|p2|4\n|start\n|switch|p1a: Terapagos|Terapagos, L50, M|100/100\n|switch|p1b: Indeedee|Indeedee-F, L50, F|100/100\n|switch|p2a: Zamazenta|Zamazenta-Crowned, L50|100/100\n|switch|p2b: Chi-Yu|Chi-Yu, L50|100/100\n|-activate|p1a: Terapagos|ability: Tera Shift\n|detailschange|p1a: Terapagos|Terapagos-Terastal, L50, M\n|-heal|p1a: Terapagos|100/100|[silent]\n|-ability|p2b: Chi-Yu|Beads of Ruin\n|-ability|p2a: Zamazenta|Dauntless Shield|boost\n|-boost|p2a: Zamazenta|def|1\n|-fieldstart|move: Psychic Terrain|[from] ability: Psychic Surge|[of] p1b: Indeedee\n|turn|1\n|\n|t:|1773588845\n|move|p2b: Chi-Yu|Snarl|p1a: Terapagos|[spread] p1a,p1b\n|-activate|p1a: Terapagos|ability: Tera Shell\n|-resisted|p1a: Terapagos\n|-supereffective|p1b: Indeedee\n|-damage|p1a: Terapagos|89/100\n|-damage|p1b: Indeedee|42/100\n|-unboost|p1a: Terapagos|spa|1\n|-unboost|p1b: Indeedee|spa|1\n|move|p2a: Zamazenta|Body Press|p1a: Terapagos\n|-supereffective|p1a: Terapagos\n|-damage|p1a: Terapagos|0 fnt\n|faint|p1a: Terapagos\n|move|p1b: Indeedee|Trick Room|p1b: Indeedee\n|-fieldstart|move: Trick Room|[of] p1b: Indeedee\n|\n|upkeep\n|\n|t:|1773588854\n|switch|p1a: Calyrex|Calyrex-Ice, L50|100/100\n|-ability|p1a: Calyrex|As One\n|-ability|p1a: Calyrex|Unnerve\n|turn|2\n|\n|t:|1773588871\n|switch|p2b: Amoonguss|Amoonguss, L50, F, shiny|100/100\n|move|p2a: Zamazenta|Wide Guard|p2a: Zamazenta\n|-singleturn|p2a: Zamazenta|Wide Guard\n|move|p1a: Calyrex|High Horsepower|p2b: Amoonguss\n|-damage|p2b: Amoonguss|55/100\n|move|p1b: Indeedee|Dazzling Gleam|p2a: Zamazenta|[spread] \n|-activate|p2a: Zamazenta|move: Wide Guard\n|-activate|p2b: Amoonguss|move: Wide Guard\n|\n|upkeep\n|turn|3\n|j| majic8ball\n|\n|t:|1773588890\n|-terastallize|p1a: Calyrex|Water\n|move|p2b: Amoonguss|Protect|p2b: Amoonguss\n|-singleturn|p2b: Amoonguss|Protect\n|move|p1b: Indeedee|Follow Me|p1b: Indeedee\n|-singleturn|p1b: Indeedee|move: Follow Me\n|move|p1a: Calyrex|High Horsepower|p2a: Zamazenta\n|-supereffective|p2a: Zamazenta\n|-crit|p2a: Zamazenta\n|-damage|p2a: Zamazenta|27/100\n|move|p2a: Zamazenta|Body Press|p1b: Indeedee\n|-damage|p1b: Indeedee|0 fnt\n|-damage|p2a: Zamazenta|10/100|[from] item: Rocky Helmet|[of] p1b: Indeedee\n|faint|p1b: Indeedee\n|\n|upkeep\n|\n|t:|1773588906\n|switch|p1b: Sinistcha|Sinistcha, L50|100/100\n|turn|4\n|\n|t:|1773588923\n|move|p1a: Calyrex|Protect|p1a: Calyrex\n|-singleturn|p1a: Calyrex|Protect\n|move|p2b: Amoonguss|Spore|p1a: Calyrex\n|-activate|p1a: Calyrex|move: Protect\n|move|p1b: Sinistcha|Shadow Ball|p2a: Zamazenta\n|-damage|p2a: Zamazenta|0 fnt\n|faint|p2a: Zamazenta\n|\n|upkeep\n|\n|t:|1773588926\n|switch|p2a: Calyrex|Calyrex-Shadow, L50|100/100\n|-ability|p2a: Calyrex|As One\n|-ability|p2a: Calyrex|Unnerve\n|turn|5\n|\n|t:|1773588939\n|-terastallize|p2a: Calyrex|Ghost\n|move|p2b: Amoonguss|Spore|p1a: Calyrex\n|-status|p1a: Calyrex|slp|[from] move: Spore\n|cant|p1a: Calyrex|slp\n|move|p1b: Sinistcha|Shadow Ball|p2a: Calyrex\n|-supereffective|p2a: Calyrex\n|-damage|p2a: Calyrex|38/100\n|-unboost|p2a: Calyrex|spd|1\n|move|p2a: Calyrex|Astral Barrage|p1b: Sinistcha|[spread] p1a,p1b\n|-supereffective|p1b: Sinistcha\n|-damage|p1a: Calyrex|49/100 slp\n|-damage|p1b: Sinistcha|0 fnt\n|faint|p1b: Sinistcha\n|-ability|p2a: Calyrex|Grim Neigh|boost\n|-boost|p2a: Calyrex|spa|1\n|\n|-fieldend|move: Trick Room\n|-fieldend|move: Psychic Terrain\n|upkeep\n|turn|6\n|\n|t:|1773588958\n|switch|p2b: Chi-Yu|Chi-Yu, L50|100/100\n|-ability|p2b: Chi-Yu|Beads of Ruin\n|move|p2a: Calyrex|Astral Barrage|p1a: Calyrex\n|-damage|p1a: Calyrex|0 fnt\n|faint|p1a: Calyrex\n|\n|win|sleemo2\n|raw|Fireswhoosh's rating: 1317 &rarr; <strong>1297</strong><br />(-20 for losing)\n|raw|sleemo2's rating: 1310 &rarr; <strong>1330</strong><br />(+20 for winning)\n|l|\u2606sleemo2\n|player|p2|\n|l|\u2606Fireswhoosh\n|player|p1|\n|l| majic8ball\n","uploadtime":1773589129,"views":11,"formatid":"gen9vgc2026regi","rating":1297,"private":0,"password":null}