{"id":"gen9vgc2026regi-2521125258","format":"[Gen 9] VGC 2026 Reg I","players":["Dvsh_1604","jpto5"],"log":"|j|\u2606Dvsh_1604\n|j|\u2606jpto5\n|t:|1768733708\n|gametype|doubles\n|player|p1|Dvsh_1604|wattson|1218\n|player|p2|jpto5|1|1355\n|gen|9\n|tier|[Gen 9] VGC 2026 Reg I\n|rated|\n|rule|Species Clause: Limit one of each Pok\u00e9mon\n|rule|Item Clause: Limit 1 of each item\n|clearpoke\n|poke|p1|Lunala, L50|\n|poke|p1|Calyrex-Ice, L50|\n|poke|p1|Ursaluna-Bloodmoon, L50, M|\n|poke|p1|Smeargle, L50, M|\n|poke|p1|Urshifu-*, L50, M|\n|poke|p1|Flutter Mane, L50|\n|poke|p2|Tornadus, L50, M|\n|poke|p2|Kyogre, L50|\n|poke|p2|Zacian-*, L50|\n|poke|p2|Incineroar, L50, M|\n|poke|p2|Basculegion, L50, M|\n|poke|p2|Kilowattrel, L50, F|\n|teampreview|4\n|inactive|Battle timer is ON: inactive players will automatically lose when time's up. (requested by jpto5)\n|\n|t:|1768733731\n|teamsize|p1|4\n|teamsize|p2|4\n|start\n|switch|p1a: Smeargle|Smeargle, L50, M, shiny|100/100\n|switch|p1b: Lunala|Lunala, L50|100/100\n|switch|p2a: Tornadus|Tornadus, L50, M|100/100\n|switch|p2b: Zacian|Zacian-Crowned, L50|100/100\n|-ability|p2b: Zacian|Intrepid Sword|boost\n|-boost|p2b: Zacian|atk|1\n|turn|1\n|\n|t:|1768733745\n|move|p1a: Smeargle|Burning Bulwark|p1a: Smeargle\n|-singleturn|p1a: Smeargle|move: Protect\n|move|p2b: Zacian|Quick Guard|p2b: Zacian\n|-singleturn|p2b: Zacian|Quick Guard\n|move|p2a: Tornadus|Taunt|p1b: Lunala\n|-start|p1b: Lunala|move: Taunt\n|-enditem|p1b: Lunala|Mental Herb\n|-end|p1b: Lunala|move: Taunt\n|move|p1b: Lunala|Trick Room|p1b: Lunala\n|-fieldstart|move: Trick Room|[of] p1b: Lunala\n|\n|upkeep\n|turn|2\n|inactive|Dvsh_1604 has 30 seconds left.\n|\n|t:|1768733772\n|switch|p1b: Calyrex|Calyrex-Ice, L50|100/100\n|-ability|p1b: Calyrex|As One\n|-ability|p1b: Calyrex|Unnerve\n|move|p1a: Smeargle|Spore|p2b: Zacian\n|-status|p2b: Zacian|slp|[from] move: Spore\n|move|p2a: Tornadus|Bleakwind Storm|p1b: Calyrex|[spread] p1a,p1b\n|-damage|p1a: Smeargle|24/100\n|-damage|p1b: Calyrex|71/100\n|cant|p2b: Zacian|slp\n|\n|upkeep\n|turn|3\n|\n|t:|1768733793\n|switch|p2b: Incineroar|Incineroar, L50, M|100/100\n|-ability|p2b: Incineroar|Intimidate|boost\n|-fail|p1a: Smeargle|unboost|Attack|[from] ability: Own Tempo|[of] p1a: Smeargle\n|-fail|p1b: Calyrex|unboost|[from] item: Clear Amulet|[of] p1b: Calyrex\n|move|p2a: Tornadus|Taunt|p1a: Smeargle\n|-start|p1a: Smeargle|move: Taunt\n|cant|p1a: Smeargle|move: Taunt|Decorate\n|move|p1b: Calyrex|Glacial Lance|p2a: Tornadus|[spread] p2a,p2b\n|-supereffective|p2a: Tornadus\n|-resisted|p2b: Incineroar\n|-enditem|p2a: Tornadus|Focus Sash\n|-damage|p2a: Tornadus|1/100\n|-damage|p2b: Incineroar|71/100\n|\n|upkeep\n|turn|4\n|\n|t:|1768733815\n|switch|p2a: Zacian|Zacian-Crowned, L50|100/100 slp\n|move|p1b: Calyrex|Protect|p1b: Calyrex\n|-singleturn|p1b: Calyrex|Protect\n|move|p2b: Incineroar|Knock Off|p1b: Calyrex\n|-activate|p1b: Calyrex|move: Protect\n|-activate|p1a: Smeargle|move: Struggle\n|move|p1a: Smeargle|Struggle|p2b: Incineroar\n|-damage|p2b: Incineroar|68/100\n|-damage|p1a: Smeargle|0 fnt|[from] recoil\n|faint|p1a: Smeargle\n|\n|upkeep\n|\n|t:|1768733830\n|switch|p1a: Ursaluna|Ursaluna-Bloodmoon, L50, M|100/100\n|turn|5\n|\n|t:|1768733849\n|switch|p2a: Tornadus|Tornadus, L50, M|1/100\n|-terastallize|p1b: Calyrex|Fire\n|move|p2b: Incineroar|Knock Off|p1b: Calyrex\n|-damage|p1b: Calyrex|48/100\n|-enditem|p1b: Calyrex|Clear Amulet|[from] move: Knock Off|[of] p2b: Incineroar\n|move|p1b: Calyrex|High Horsepower|p2a: Tornadus\n|-immune|p2a: Tornadus\n|move|p1a: Ursaluna|Earth Power|p2b: Incineroar\n|-supereffective|p2b: Incineroar\n|-damage|p2b: Incineroar|0 fnt\n|faint|p2b: Incineroar\n|-damage|p1a: Ursaluna|91/100|[from] item: Life Orb\n|\n|-fieldend|move: Trick Room\n|upkeep\n|\n|t:|1768733865\n|switch|p2b: Basculegion|Basculegion, L50, M|100/100\n|turn|6\n|\n|t:|1768733889\n|move|p2a: Tornadus|Bleakwind Storm|p1a: Ursaluna|[spread] p1a,p1b\n|-damage|p1a: Ursaluna|46/100\n|-damage|p1b: Calyrex|21/100\n|move|p2b: Basculegion|Wave Crash|p1b: Calyrex\n|-supereffective|p1b: Calyrex\n|-damage|p1b: Calyrex|0 fnt\n|faint|p1b: Calyrex\n|-damage|p2b: Basculegion|93/100|[from] Recoil\n|-damage|p2b: Basculegion|84/100|[from] item: Life Orb\n|move|p1a: Ursaluna|Hyper Voice|p2a: Tornadus|[spread] p2a,p2b\n|-damage|p2a: Tornadus|0 fnt\n|-damage|p2b: Basculegion|20/100\n|faint|p2a: Tornadus\n|-damage|p1a: Ursaluna|37/100|[from] item: Life Orb\n|\n|upkeep\n|\n|t:|1768733906\n|switch|p2a: Zacian|Zacian-Crowned, L50|100/100 slp\n|switch|p1b: Lunala|Lunala, L50|100/100\n|turn|7\n|\n|t:|1768733918\n|move|p2b: Basculegion|Protect|p2b: Basculegion\n|-singleturn|p2b: Basculegion|Protect\n|move|p1a: Ursaluna|Protect|p1a: Ursaluna\n|-singleturn|p1a: Ursaluna|Protect\n|cant|p2a: Zacian|slp\n|move|p1b: Lunala|Trick Room|p1b: Lunala\n|-fieldstart|move: Trick Room|[of] p1b: Lunala\n|\n|upkeep\n|turn|8\n|\n|t:|1768733933\n|move|p1a: Ursaluna|Earth Power|p2a: Zacian\n|-supereffective|p2a: Zacian\n|-damage|p2a: Zacian|0 fnt\n|faint|p2a: Zacian\n|-damage|p1a: Ursaluna|27/100|[from] item: Life Orb\n|move|p1b: Lunala|Moongeist Beam|p2b: Basculegion\n|-supereffective|p2b: Basculegion\n|-damage|p2b: Basculegion|0 fnt\n|faint|p2b: Basculegion\n|\n|win|Dvsh_1604\n|raw|Dvsh_1604's rating: 1218 &rarr; <strong>1252</strong><br />(+34 for winning)\n|raw|jpto5's rating: 1355 &rarr; <strong>1327</strong><br />(-28 for losing)\n|l|\u2606jpto5\n|player|p2|\n|l|\u2606Dvsh_1604\n|player|p1|\n","uploadtime":1768734340,"views":12,"formatid":"gen9vgc2026regi","rating":1252,"private":0,"password":null}