{"id":"gen9vgc2026regi-2562231916","format":"[Gen 9] VGC 2026 Reg I","players":["ggbond12138","itastelikeiron"],"log":"|j|\u2606ggbond12138\n|j|\u2606itastelikeiron\n|t:|1773885191\n|gametype|doubles\n|player|p1|ggbond12138|101|1342\n|player|p2|itastelikeiron|infielder|1357\n|gen|9\n|tier|[Gen 9] VGC 2026 Reg I\n|rated|\n|rule|Species Clause: Limit one of each Pok\u00e9mon\n|rule|Item Clause: Limit 1 of each item\n|clearpoke\n|poke|p1|Incineroar, L50, F|\n|poke|p1|Kyogre, L50|\n|poke|p1|Tornadus, L50, M|\n|poke|p1|Landorus, L50, M|\n|poke|p1|Raging Bolt, L50|\n|poke|p1|Zamazenta-*, L50|\n|poke|p2|Ting-Lu, L50|\n|poke|p2|Ogerpon-Hearthflame, L50, F|\n|poke|p2|Calyrex-Shadow, L50|\n|poke|p2|Koraidon, L50|\n|poke|p2|Dondozo, L50, M|\n|poke|p2|Raging Bolt, L50|\n|teampreview|4\n|inactive|Battle timer is ON: inactive players will automatically lose when time's up. (requested by ggbond12138)\n|inactive|ggbond12138 has 60 seconds left.\n|\n|t:|1773885231\n|teamsize|p1|4\n|teamsize|p2|4\n|start\n|switch|p1a: Tornadus|Tornadus, L50, M|100/100\n|switch|p1b: Kyogre|Kyogre, L50|100/100\n|switch|p2a: Dondozo|Dondozo, L50, M|100/100\n|switch|p2b: Ting-Lu|Ting-Lu, L50|100/100\n|-weather|RainDance|[from] ability: Drizzle|[of] p1b: Kyogre\n|-ability|p2b: Ting-Lu|Vessel of Ruin\n|turn|1\n|l|\u2606ggbond12138\n|inactive|ggbond12138 disconnected and has a minute to reconnect!\n|player|p1|\n|inactive|ggbond12138 has 30 seconds left.\n|inactive|ggbond12138 has 20 seconds left.\n|j|\u2606ggbond12138\n|inactive|ggbond12138 reconnected and has 20 seconds left.\n|player|p1|ggbond12138|101|\n|inactive|ggbond12138 has 15 seconds left.\n|\n|t:|1773885272\n|-terastallize|p2b: Ting-Lu|Fairy\n|move|p1a: Tornadus|Bleakwind Storm|p2a: Dondozo|[spread] p2a,p2b\n|-damage|p2a: Dondozo|75/100\n|-damage|p2b: Ting-Lu|77/100\n|move|p1b: Kyogre|Water Spout|p2a: Dondozo|[spread] p2a,p2b\n|-resisted|p2a: Dondozo\n|-damage|p2a: Dondozo|49/100\n|-damage|p2b: Ting-Lu|23/100\n|move|p2b: Ting-Lu|Sand Tomb|p1b: Kyogre\n|-damage|p1b: Kyogre|86/100\n|-activate|p1b: Kyogre|move: Sand Tomb|[of] p2b: Ting-Lu\n|move|p2a: Dondozo|Yawn|p1b: Kyogre\n|-start|p1b: Kyogre|move: Yawn|[of] p2a: Dondozo\n|\n|-weather|RainDance|[upkeep]\n|-heal|p2a: Dondozo|56/100|[from] item: Leftovers\n|-damage|p1b: Kyogre|74/100|[from] move: Sand Tomb|[partiallytrapped]\n|upkeep\n|turn|2\n|inactive|ggbond12138 has 30 seconds left.\n|\n|t:|1773885306\n|move|p2b: Ting-Lu|Protect|p2b: Ting-Lu\n|-singleturn|p2b: Ting-Lu|Protect\n|move|p2a: Dondozo|Protect|p2a: Dondozo\n|-singleturn|p2a: Dondozo|Protect\n|move|p1a: Tornadus|Bleakwind Storm|p2a: Dondozo|[spread] \n|-activate|p2a: Dondozo|move: Protect\n|-activate|p2b: Ting-Lu|move: Protect\n|move|p1b: Kyogre|Water Spout|p2a: Dondozo|[spread] \n|-activate|p2a: Dondozo|move: Protect\n|-activate|p2b: Ting-Lu|move: Protect\n|\n|-weather|RainDance|[upkeep]\n|-heal|p2a: Dondozo|62/100|[from] item: Leftovers\n|-damage|p1b: Kyogre|62/100|[from] move: Sand Tomb|[partiallytrapped]\n|-end|p1b: Kyogre|move: Yawn|[silent]\n|-status|p1b: Kyogre|slp\n|upkeep\n|turn|3\n|\n|t:|1773885323\n|move|p1a: Tornadus|Protect|p1a: Tornadus\n|-singleturn|p1a: Tornadus|Protect\n|cant|p1b: Kyogre|slp\n|move|p2b: Ting-Lu|Ruination|p1a: Tornadus\n|-activate|p1a: Tornadus|move: Protect\n|move|p2a: Dondozo|Yawn|p1a: Tornadus\n|-activate|p1a: Tornadus|move: Protect\n|\n|-weather|RainDance|[upkeep]\n|-heal|p2a: Dondozo|68/100|[from] item: Leftovers\n|-damage|p1b: Kyogre|50/100 slp|[from] move: Sand Tomb|[partiallytrapped]\n|upkeep\n|turn|4\n|\n|t:|1773885343\n|move|p1a: Tornadus|Bleakwind Storm|p2b: Ting-Lu|[spread] p2a,p2b\n|-crit|p2a: Dondozo\n|-damage|p2a: Dondozo|31/100\n|-damage|p2b: Ting-Lu|0 fnt\n|faint|p2b: Ting-Lu\n|cant|p1b: Kyogre|slp\n|move|p2a: Dondozo|Yawn|p1a: Tornadus\n|-start|p1a: Tornadus|move: Yawn|[of] p2a: Dondozo\n|\n|-weather|RainDance|[upkeep]\n|-heal|p2a: Dondozo|37/100|[from] item: Leftovers\n|-end|p1b: Kyogre|Sand Tomb|[partiallytrapped]|[silent]\n|upkeep\n|\n|t:|1773885349\n|switch|p2b: Koraidon|Koraidon, L50|100/100\n|-weather|SunnyDay|[from] ability: Orichalcum Pulse|[of] p2b: Koraidon\n|-activate|p2b: Koraidon|Orichalcum Pulse|[source]\n|turn|5\n|inactive|ggbond12138 has 30 seconds left.\n|inactive|ggbond12138 has 20 seconds left.\n|inactive|ggbond12138 has 15 seconds left.\n|inactive|ggbond12138 has 10 seconds left.\n|inactive|ggbond12138 has 5 seconds left.\n|\n|t:|1773885402\n|switch|p1a: Landorus|Landorus, L50, M|100/100\n|switch|p2a: Calyrex|Calyrex-Shadow, L50|100/100\n|-ability|p2a: Calyrex|As One\n|-ability|p2a: Calyrex|Unnerve\n|move|p2b: Koraidon|Flame Charge|p1a: Landorus\n|-damage|p1a: Landorus|58/100\n|-boost|p2b: Koraidon|spe|1\n|cant|p1b: Kyogre|slp\n|\n|-weather|SunnyDay|[upkeep]\n|upkeep\n|turn|6\n|inactive|ggbond12138 has 30 seconds left.\n|inactive|ggbond12138 has 20 seconds left.\n|inactive|ggbond12138 has 15 seconds left.\n|inactive|ggbond12138 has 10 seconds left.\n|\n|t:|1773885451\n|move|p2b: Koraidon|Collision Course|p1b: Kyogre\n|-damage|p1b: Kyogre|0 fnt\n|faint|p1b: Kyogre\n|move|p1a: Landorus|Fissure|p2b: Koraidon\n|-damage|p2b: Koraidon|0 fnt\n|faint|p2b: Koraidon\n|-ohko\n|move|p2a: Calyrex|Astral Barrage|p1a: Landorus\n|-damage|p1a: Landorus|0 fnt\n|faint|p1a: Landorus\n|-ability|p2a: Calyrex|Grim Neigh|boost\n|-boost|p2a: Calyrex|spa|1\n|\n|-weather|SunnyDay|[upkeep]\n|upkeep\n|\n|t:|1773885464\n|switch|p2b: Dondozo|Dondozo, L50, M|37/100\n|switch|p1a: Tornadus|Tornadus, L50, M|100/100\n|switch|p1b: Zamazenta|Zamazenta-Crowned, L50, shiny|100/100\n|-ability|p1b: Zamazenta|Dauntless Shield|boost\n|-boost|p1b: Zamazenta|def|1\n|turn|7\n|inactive|ggbond12138 has 30 seconds left.\n|\n|t:|1773885493\n|-terastallize|p1a: Tornadus|Normal\n|move|p1b: Zamazenta|Protect|p1b: Zamazenta\n|-singleturn|p1b: Zamazenta|Protect\n|move|p2a: Calyrex|Psychic|p1b: Zamazenta\n|-activate|p1b: Zamazenta|move: Protect\n|move|p1a: Tornadus|Bleakwind Storm|p2b: Dondozo|[spread] p2a,p2b\n|-damage|p2a: Calyrex|51/100\n|-damage|p2b: Dondozo|4/100\n|-unboost|p2b: Dondozo|spe|1\n|move|p2b: Dondozo|Yawn|p1a: Tornadus\n|-start|p1a: Tornadus|move: Yawn|[of] p2b: Dondozo\n|\n|-weather|SunnyDay|[upkeep]\n|-heal|p2b: Dondozo|10/100|[from] item: Leftovers\n|upkeep\n|turn|8\n|\n|t:|1773885516\n|move|p2a: Calyrex|Protect|p2a: Calyrex\n|-singleturn|p2a: Calyrex|Protect\n|move|p2b: Dondozo|Protect|p2b: Dondozo\n|-singleturn|p2b: Dondozo|Protect\n|move|p1a: Tornadus|Tailwind|p1a: Tornadus\n|-sidestart|p1: ggbond12138|move: Tailwind\n|move|p1b: Zamazenta|Behemoth Bash|p2a: Calyrex\n|-activate|p2a: Calyrex|move: Protect\n|\n|-weather|SunnyDay|[upkeep]\n|-heal|p2b: Dondozo|16/100|[from] item: Leftovers\n|-end|p1a: Tornadus|move: Yawn|[silent]\n|-status|p1a: Tornadus|slp\n|upkeep\n|turn|9\n|\n|t:|1773885530\n|cant|p1a: Tornadus|slp\n|move|p1b: Zamazenta|Behemoth Bash|p2a: Calyrex\n|-damage|p2a: Calyrex|3/100\n|move|p2a: Calyrex|Psychic|p1b: Zamazenta\n|-damage|p1b: Zamazenta|44/100\n|move|p2b: Dondozo|Yawn|p1b: Zamazenta\n|-start|p1b: Zamazenta|move: Yawn|[of] p2b: Dondozo\n|\n|-weather|none\n|-heal|p2b: Dondozo|22/100|[from] item: Leftovers\n|upkeep\n|turn|10\n|\n|t:|1773885548\n|move|p2a: Calyrex|Protect|p2a: Calyrex\n|-singleturn|p2a: Calyrex|Protect\n|cant|p1a: Tornadus|slp\n|move|p1b: Zamazenta|Body Press|p2b: Dondozo\n|-damage|p2b: Dondozo|0 fnt\n|faint|p2b: Dondozo\n|\n|-end|p1b: Zamazenta|move: Yawn|[silent]\n|-status|p1b: Zamazenta|slp\n|upkeep\n|turn|11\n|\n|t:|1773885566\n|cant|p1a: Tornadus|slp\n|cant|p1b: Zamazenta|slp\n|move|p2a: Calyrex|Psychic|p1b: Zamazenta\n|-damage|p1b: Zamazenta|0 fnt\n|faint|p1b: Zamazenta\n|-ability|p2a: Calyrex|Grim Neigh|boost\n|-boost|p2a: Calyrex|spa|1\n|\n|-sideend|p1: ggbond12138|move: Tailwind\n|upkeep\n|turn|12\n|\n|t:|1773885584\n|move|p2a: Calyrex|Encore|p1a: Tornadus\n|-start|p1a: Tornadus|Encore\n|-curestatus|p1a: Tornadus|slp|[msg]\n|move|p1a: Tornadus|Tailwind|p1a: Tornadus\n|-sidestart|p1: ggbond12138|move: Tailwind\n|\n|upkeep\n|turn|13\n|\n|t:|1773885593\n|move|p1a: Tornadus|Tailwind||[still]\n|-fail|p1a: Tornadus\n|move|p2a: Calyrex|Psychic|p1a: Tornadus\n|-damage|p1a: Tornadus|0 fnt\n|faint|p1a: Tornadus\n|\n|win|itastelikeiron\n|raw|ggbond12138's rating: 1342 &rarr; <strong>1323</strong><br />(-19 for losing)\n|raw|itastelikeiron's rating: 1357 &rarr; <strong>1376</strong><br />(+19 for winning)\n|l|\u2606ggbond12138\n|player|p1|\n","uploadtime":1773885596,"views":14,"formatid":"gen9vgc2026regi","rating":1323,"private":0,"password":null}