{"id":"gen9vgc2026regi-2563324530","format":"[Gen 9] VGC 2026 Reg I","players":["pzyxhic","just4fsh"],"log":"|j|\u2606pzyxhic\n|j|\u2606just4fsh\n|t:|1774016428\n|gametype|doubles\n|player|p1|pzyxhic|169|1365\n|player|p2|just4fsh|gentleman-gen4|1317\n|gen|9\n|tier|[Gen 9] VGC 2026 Reg I\n|rated|\n|rule|Species Clause: Limit one of each Pok\u00e9mon\n|rule|Item Clause: Limit 1 of each item\n|clearpoke\n|poke|p1|Giratina-Origin, L50|\n|poke|p1|Zamazenta-*, L50|\n|poke|p1|Incineroar, L50, F|\n|poke|p1|Amoonguss, L50, F|\n|poke|p1|Urshifu-*, L50, F|\n|poke|p1|Grimmsnarl, L50, M|\n|poke|p2|Koraidon, L50|\n|poke|p2|Flutter Mane, L50|\n|poke|p2|Brute Bonnet, L50|\n|poke|p2|Chi-Yu, L50|\n|poke|p2|Raging Bolt, L50|\n|poke|p2|Jumpluff, L50, M|\n|teampreview|4\n|inactive|Battle timer is ON: inactive players will automatically lose when time's up. (requested by just4fsh)\n|inactive|pzyxhic has 60 seconds left.\njust4fsh has agreed to open team sheets.\n|inactive|pzyxhic has 30 seconds left.\n|inactive|pzyxhic has 20 seconds left.\n|\n|t:|1774016499\n|teamsize|p1|4\n|teamsize|p2|4\n|start\n|switch|p1a: Urshifu|Urshifu-Rapid-Strike, L50, F|100/100\n|switch|p1b: Grimmsnarl|Grimmsnarl, L50, M|100/100\n|switch|p2a: Koraidon|Koraidon, L50|100/100\n|switch|p2b: xD|Jumpluff, L50, M|100/100\n|-weather|SunnyDay|[from] ability: Orichalcum Pulse|[of] p2a: Koraidon\n|-activate|p2a: Koraidon|Orichalcum Pulse|[source]\n|turn|1\n|\n|t:|1774016524\n|move|p1b: Grimmsnarl|Reflect|p1b: Grimmsnarl\n|-sidestart|p1: pzyxhic|Reflect\n|move|p2b: xD|Tailwind|p2b: xD\n|-sidestart|p2: just4fsh|move: Tailwind\n|move|p2a: Koraidon|Close Combat|p1a: Urshifu\n|-damage|p1a: Urshifu|40/100\n|-unboost|p2a: Koraidon|def|1\n|-unboost|p2a: Koraidon|spd|1\n|move|p1a: Urshifu|U-turn|p2b: xD\n|-damage|p2b: xD|70/100\n|\n|t:|1774016534\n|switch|p1a: Giratina|Giratina-Origin, L50|100/100|[from] U-turn\n|\n|-weather|SunnyDay|[upkeep]\n|upkeep\n|turn|2\n|\n|t:|1774016552\n|switch|p2a: Flutter Mane|Flutter Mane, L50|100/100\n|-activate|p2a: Flutter Mane|ability: Protosynthesis\n|-start|p2a: Flutter Mane|protosynthesisspe\n|move|p1b: Grimmsnarl|Thunder Wave|p2a: Flutter Mane\n|-status|p2a: Flutter Mane|par\n|move|p2b: xD|Encore|p1b: Grimmsnarl\n|-start|p1b: Grimmsnarl|Encore\n|move|p1a: Giratina|Breaking Swipe|p2b: xD|[spread] p2b\n|-immune|p2a: Flutter Mane\n|-damage|p2b: xD|30/100\n|\n|-weather|SunnyDay|[upkeep]\n|upkeep\n|turn|3\n|inactive|just4fsh has 30 seconds left.\n|\n|t:|1774016580\n|move|p1a: Giratina|Protect|p1a: Giratina\n|-singleturn|p1a: Giratina|Protect\n|move|p1b: Grimmsnarl|Thunder Wave|p2b: xD\n|-status|p2b: xD|par\n|move|p2b: xD|Sleep Powder|p1a: Giratina\n|-activate|p1a: Giratina|move: Protect\n|move|p2a: Flutter Mane|Shadow Ball|p1a: Giratina\n|-activate|p1a: Giratina|move: Protect\n|\n|-weather|SunnyDay|[upkeep]\n|upkeep\n|turn|4\n|inactive|pzyxhic has 30 seconds left.\n|inactive|pzyxhic has 20 seconds left.\n|\n|t:|1774016619\n|switch|p1b: Urshifu|Urshifu-Rapid-Strike, L50, F|40/100\n|move|p1a: Giratina|Shadow Sneak|p2b: xD\n|-damage|p2b: xD|0 fnt\n|faint|p2b: xD\n|move|p2a: Flutter Mane|Moonblast|p1b: Urshifu\n|-supereffective|p1b: Urshifu\n|-damage|p1b: Urshifu|0 fnt\n|faint|p1b: Urshifu\n|\n|-weather|SunnyDay|[upkeep]\n|-sideend|p2: just4fsh|move: Tailwind\n|upkeep\n|\n|t:|1774016632\n|switch|p2b: Raging Bolt|Raging Bolt, L50|100/100\n|switch|p1b: Grimmsnarl|Grimmsnarl, L50, M|100/100\n|-activate|p2b: Raging Bolt|ability: Protosynthesis\n|-start|p2b: Raging Bolt|protosynthesisspa\n|turn|5\n|\n|t:|1774016651\n|-terastallize|p2b: Raging Bolt|Electric\n|move|p1a: Giratina|Protect|p1a: Giratina\n|-singleturn|p1a: Giratina|Protect\n|move|p1b: Grimmsnarl|Light Screen|p1b: Grimmsnarl\n|-sidestart|p1: pzyxhic|move: Light Screen\n|move|p2a: Flutter Mane|Moonblast|p1b: Grimmsnarl\n|-supereffective|p1b: Grimmsnarl\n|-damage|p1b: Grimmsnarl|47/100\n|move|p2b: Raging Bolt|Dragon Pulse|p1a: Giratina\n|-activate|p1a: Giratina|move: Protect\n|\n|-weather|none\n|-end|p2a: Flutter Mane|Protosynthesis\n|-end|p2b: Raging Bolt|Protosynthesis\n|-sideend|p1: pzyxhic|Reflect\n|upkeep\n|-enditem|p2b: Raging Bolt|Booster Energy\n|-activate|p2b: Raging Bolt|ability: Protosynthesis|[fromitem]\n|-start|p2b: Raging Bolt|protosynthesisspa\n|turn|6\n|inactive|pzyxhic has 30 seconds left.\n|inactive|pzyxhic has 20 seconds left.\n|inactive|pzyxhic has 15 seconds left.\n|inactive|pzyxhic has 10 seconds left.\n|\n|t:|1774016699\n|switch|p1a: Zamazenta|Zamazenta-Crowned, L50|100/100\n|-ability|p1a: Zamazenta|Dauntless Shield|boost\n|-boost|p1a: Zamazenta|def|1\n|move|p2b: Raging Bolt|Dragon Pulse|p1a: Zamazenta\n|-resisted|p1a: Zamazenta\n|-damage|p1a: Zamazenta|86/100\n|move|p2a: Flutter Mane|Moonblast|p1b: Grimmsnarl\n|-supereffective|p1b: Grimmsnarl\n|-crit|p1b: Grimmsnarl\n|-damage|p1b: Grimmsnarl|0 fnt\n|faint|p1b: Grimmsnarl\n|\n|upkeep\n|\n|t:|1774016711\n|switch|p1b: Giratina|Giratina-Origin, L50|100/100\n|turn|7\n|\n|t:|1774016721\n|move|p1b: Giratina|Protect|p1b: Giratina\n|-singleturn|p1b: Giratina|Protect\n|move|p1a: Zamazenta|Heavy Slam|p2a: Flutter Mane\n|-supereffective|p2a: Flutter Mane\n|-enditem|p2a: Flutter Mane|Focus Sash\n|-damage|p2a: Flutter Mane|1/100 par\n|move|p2b: Raging Bolt|Dragon Pulse|p1b: Giratina\n|-activate|p1b: Giratina|move: Protect\n|move|p2a: Flutter Mane|Moonblast|p1a: Zamazenta\n|-damage|p1a: Zamazenta|64/100\n|-unboost|p1a: Zamazenta|spa|1\n|\n|upkeep\n|turn|8\n|\n|t:|1774016744\n|-terastallize|p1b: Giratina|Fairy\n|move|p1b: Giratina|Shadow Sneak|p2a: Flutter Mane\n|-supereffective|p2a: Flutter Mane\n|-damage|p2a: Flutter Mane|0 fnt\n|faint|p2a: Flutter Mane\n|-end|p2a: Flutter Mane|Protosynthesis|[silent]\n|move|p1a: Zamazenta|Body Press|p2b: Raging Bolt\n|-damage|p2b: Raging Bolt|37/100\n|move|p2b: Raging Bolt|Thunderbolt|p1a: Zamazenta\n|-damage|p1a: Zamazenta|24/100\n|\n|upkeep\n|\n|t:|1774016757\n|switch|p2a: Koraidon|Koraidon, L50|100/100\n|-weather|SunnyDay|[from] ability: Orichalcum Pulse|[of] p2a: Koraidon\n|-activate|p2a: Koraidon|Orichalcum Pulse|[source]\n|turn|9\n|\n|t:|1774016781\n|move|p1a: Zamazenta|Protect|p1a: Zamazenta\n|-singleturn|p1a: Zamazenta|Protect\n|move|p2b: Raging Bolt|Thunderclap||[still]\n|-fail|p2b: Raging Bolt\n|move|p2a: Koraidon|Flare Blitz|p1b: Giratina\n|-damage|p1b: Giratina|35/100\n|-damage|p2a: Koraidon|73/100|[from] Recoil\n|move|p1b: Giratina|Breaking Swipe|p2b: Raging Bolt|[spread] p2a,p2b\n|-supereffective|p2a: Koraidon\n|-damage|p2a: Koraidon|15/100\n|-damage|p2b: Raging Bolt|12/100\n|-unboost|p2b: Raging Bolt|atk|1\n|\n|-weather|SunnyDay|[upkeep]\n|-sideend|p1: pzyxhic|move: Light Screen\n|upkeep\n|turn|10\n|inactive|pzyxhic has 30 seconds left.\n|inactive|just4fsh has 30 seconds left.\n|inactive|just4fsh has 20 seconds left.\n|\n|t:|1774016827\n|move|p2b: Raging Bolt|Thunderclap|p1b: Giratina\n|-damage|p1b: Giratina|0 fnt\n|faint|p1b: Giratina\n|move|p2a: Koraidon|Close Combat|p1a: Zamazenta\n|-supereffective|p1a: Zamazenta\n|-damage|p1a: Zamazenta|0 fnt\n|-unboost|p2a: Koraidon|def|1\n|-unboost|p2a: Koraidon|spd|1\n|faint|p1a: Zamazenta\n|\n|win|just4fsh\n|raw|pzyxhic's rating: 1365 &rarr; <strong>1342</strong><br />(-23 for losing)\n|raw|just4fsh's rating: 1317 &rarr; <strong>1340</strong><br />(+23 for winning)\n|l|\u2606pzyxhic\n|player|p1|\n|l|\u2606just4fsh\n|player|p2|\n","uploadtime":1774017039,"views":14,"formatid":"gen9vgc2026regi","rating":1340,"private":0,"password":null}