{"id":"gen9vgc2026regi-2581755240","format":"[Gen 9] VGC 2026 Reg I","players":["nabongo_o","Praguesheevp"],"log":"|j|\u2606nabongo_o\n|j|\u2606Praguesheevp\n|t:|1776025896\n|gametype|doubles\n|player|p1|nabongo_o|265|1286\n|player|p2|Praguesheevp|170|1475\n|gen|9\n|tier|[Gen 9] VGC 2026 Reg I\n|rated|\n|rule|Species Clause: Limit one of each Pok\u00e9mon\n|rule|Item Clause: Limit 1 of each item\n|clearpoke\n|poke|p1|Calyrex-Shadow, L50|\n|poke|p1|Incineroar, L50, F|\n|poke|p1|Urshifu-*, L50, F|\n|poke|p1|Rillaboom, L50, F|\n|poke|p1|Koraidon, L50|\n|poke|p1|Amoonguss, L50, F|\n|poke|p2|Calyrex-Ice, L50|\n|poke|p2|Kyogre, L50|\n|poke|p2|Smeargle, L50, M|\n|poke|p2|Roaring Moon, L50|\n|poke|p2|Landorus, L50, M|\n|poke|p2|Ogerpon-Cornerstone, L50, F|\n|teampreview|4\n|inactive|Battle timer is ON: inactive players will automatically lose when time's up. (requested by Praguesheevp)\n|inactive|nabongo_o has 60 seconds left.\n|\n|t:|1776026017\n|teamsize|p1|4\n|teamsize|p2|4\n|start\n|switch|p1a: Rillaboom|Rillaboom, L50, F|100/100\n|switch|p1b: Calyrex|Calyrex-Shadow, L50|100/100\n|switch|p2a: Smeargle|Smeargle, L50, M|100/100\n|switch|p2b: Landorus|Landorus, L50, M|100/100\n|-ability|p1b: Calyrex|As One\n|-ability|p1b: Calyrex|Unnerve\n|-fieldstart|move: Grassy Terrain|[from] ability: Grassy Surge|[of] p1a: Rillaboom\n|turn|1\n|inactive|nabongo_o has 30 seconds left.\n|\n|t:|1776026044\n|-terastallize|p1b: Calyrex|Water\n|move|p2a: Smeargle|Fake Out|p1a: Rillaboom\n|-damage|p1a: Rillaboom|94/100\n|cant|p1a: Rillaboom|flinch\n|move|p1b: Calyrex|Nasty Plot|p1b: Calyrex\n|-boost|p1b: Calyrex|spa|2\n|move|p2b: Landorus|Earth Power|p1b: Calyrex\n|-damage|p1b: Calyrex|33/100\n|\n|-heal|p1b: Calyrex|39/100|[from] Grassy Terrain\n|-heal|p1a: Rillaboom|99/100|[from] Grassy Terrain\n|upkeep\n|turn|2\n|inactive|nabongo_o has 30 seconds left.\n|\n|t:|1776026072\n|switch|p2b: Roaring Moon|Roaring Moon, L50|100/100\n|-enditem|p2b: Roaring Moon|Booster Energy\n|-activate|p2b: Roaring Moon|ability: Protosynthesis|[fromitem]\n|-start|p2b: Roaring Moon|protosynthesisspe\n|move|p1b: Calyrex|Protect|p1b: Calyrex\n|-singleturn|p1b: Calyrex|Protect\n|move|p2a: Smeargle|Spore|p1b: Calyrex\n|-activate|p1b: Calyrex|move: Protect\n|move|p1a: Rillaboom|U-turn|p2a: Smeargle\n|-damage|p2a: Smeargle|59/100\n|\n|t:|1776026086\n|switch|p1a: Amoonguss|Amoonguss, L50, F, shiny|100/100|[from] U-turn\n|\n|-heal|p1b: Calyrex|46/100|[from] Grassy Terrain\n|-heal|p2a: Smeargle|65/100|[from] Grassy Terrain\n|upkeep\n|turn|3\n|\n|t:|1776026099\n|-terastallize|p2a: Smeargle|Grass\n|move|p1a: Amoonguss|Rage Powder|p1a: Amoonguss\n|-singleturn|p1a: Amoonguss|move: Rage Powder\n|move|p2b: Roaring Moon|Tailwind|p2b: Roaring Moon\n|-sidestart|p2: Praguesheevp|move: Tailwind\n|move|p2a: Smeargle|Spore|p1b: Calyrex\n|-status|p1b: Calyrex|slp|[from] move: Spore\n|cant|p1b: Calyrex|slp\n|\n|-heal|p2a: Smeargle|71/100|[from] Grassy Terrain\n|-heal|p1b: Calyrex|52/100 slp|[from] Grassy Terrain\n|upkeep\n|turn|4\n|inactive|nabongo_o has 30 seconds left.\n|inactive|nabongo_o has 20 seconds left.\n|inactive|nabongo_o has 15 seconds left.\n|inactive|nabongo_o has 10 seconds left.\n|\n|t:|1776026147\n|switch|p2a: Landorus|Landorus, L50, M|100/100\n|move|p2b: Roaring Moon|Protect|p2b: Roaring Moon\n|-singleturn|p2b: Roaring Moon|Protect\n|move|p1a: Amoonguss|Rage Powder|p1a: Amoonguss\n|-singleturn|p1a: Amoonguss|move: Rage Powder\n|cant|p1b: Calyrex|slp\n|\n|-heal|p1b: Calyrex|58/100 slp|[from] Grassy Terrain\n|upkeep\n|turn|5\n|\n|t:|1776026164\n|move|p1a: Amoonguss|Rage Powder|p1a: Amoonguss\n|-singleturn|p1a: Amoonguss|move: Rage Powder\n|move|p2b: Roaring Moon|Knock Off|p1a: Amoonguss\n|-damage|p1a: Amoonguss|56/100\n|-enditem|p1a: Amoonguss|Sitrus Berry|[from] move: Knock Off|[of] p2b: Roaring Moon\n|move|p2a: Landorus|Sandsear Storm|p1b: Calyrex|[spread] p1a\n|-miss|p2a: Landorus|p1b: Calyrex\n|-damage|p1a: Amoonguss|0 fnt\n|faint|p1a: Amoonguss\n|-curestatus|p1b: Calyrex|slp|[msg]\n|move|p1b: Calyrex|Astral Barrage|p2a: Landorus|[spread] p2a,p2b\n|-resisted|p2b: Roaring Moon\n|-damage|p2a: Landorus|0 fnt\n|-damage|p2b: Roaring Moon|52/100\n|faint|p2a: Landorus\n|-ability|p1b: Calyrex|Grim Neigh|boost\n|-boost|p1b: Calyrex|spa|1\n|\n|-heal|p2b: Roaring Moon|58/100|[from] Grassy Terrain\n|-heal|p1b: Calyrex|64/100|[from] Grassy Terrain\n|-fieldend|move: Grassy Terrain\n|upkeep\n|inactive|nabongo_o has 30 seconds left.\n|inactive|nabongo_o has 20 seconds left.\n|\n|t:|1776026203\n|switch|p2a: Smeargle|Smeargle, L50, M, tera:Grass|71/100\n|switch|p1a: Koraidon|Koraidon, L50, shiny|100/100\n|-weather|SunnyDay|[from] ability: Orichalcum Pulse|[of] p1a: Koraidon\n|-activate|p1a: Koraidon|Orichalcum Pulse|[source]\n|turn|6\n|\n|t:|1776026226\n|move|p1b: Calyrex|Protect|p1b: Calyrex\n|-singleturn|p1b: Calyrex|Protect\n|move|p1a: Koraidon|Protect|p1a: Koraidon\n|-singleturn|p1a: Koraidon|Protect\n|move|p2b: Roaring Moon|Knock Off|p1b: Calyrex\n|-activate|p1b: Calyrex|move: Protect\n|move|p2a: Smeargle|Spore|p1a: Koraidon\n|-activate|p1a: Koraidon|move: Protect\n|\n|-weather|SunnyDay|[upkeep]\n|-sideend|p2: Praguesheevp|move: Tailwind\n|upkeep\n|turn|7\n|\n|t:|1776026248\n|move|p2b: Roaring Moon|Tailwind|p2b: Roaring Moon\n|-sidestart|p2: Praguesheevp|move: Tailwind\n|move|p2a: Smeargle|Spore|p1a: Koraidon\n|-status|p1a: Koraidon|slp|[from] move: Spore\n|move|p1b: Calyrex|Astral Barrage|p2a: Smeargle|[spread] p2a,p2b\n|-resisted|p2b: Roaring Moon\n|-damage|p2a: Smeargle|0 fnt\n|-damage|p2b: Roaring Moon|0 fnt\n|faint|p2a: Smeargle\n|faint|p2b: Roaring Moon\n|-end|p2b: Roaring Moon|Protosynthesis|[silent]\n|-ability|p1b: Calyrex|Grim Neigh|boost\n|-boost|p1b: Calyrex|spa|2\n|cant|p1a: Koraidon|slp\n|\n|-weather|SunnyDay|[upkeep]\n|upkeep\n|-message|Praguesheevp forfeited.\n|\n|win|nabongo_o\n|raw|nabongo_o's rating: 1286 &rarr; <strong>1323</strong><br />(+37 for winning)\n|raw|Praguesheevp's rating: 1475 &rarr; <strong>1445</strong><br />(-30 for losing)\n|l|\u2606Praguesheevp\n|player|p2|\n|l|\u2606nabongo_o\n|player|p1|\n","uploadtime":1776026403,"views":15,"formatid":"gen9vgc2026regi","rating":1323,"private":0,"password":null}