{"id":"gen9vgc2026regi-2552284633","format":"[Gen 9] VGC 2026 Reg I","players":["pogego","CHR1SPHX"],"log":"|j|\u203dpogego\n|j|\u2606CHR1SPHX\n|t:|1772702318\n|gametype|doubles\n|player|p1|pogego|alder|1178\n|player|p2|CHR1SPHX|hilbert|1259\n|gen|9\n|tier|[Gen 9] VGC 2026 Reg I\n|rated|\n|rule|Species Clause: Limit one of each Pok\u00e9mon\n|rule|Item Clause: Limit 1 of each item\n|clearpoke\n|poke|p1|Groudon, L50|\n|poke|p1|Chi-Yu, L50|\n|poke|p1|Whimsicott, L50, M|\n|poke|p1|Calyrex-Shadow, L50|\n|poke|p1|Araquanid, L50, M|\n|poke|p1|Indeedee-F, L50, F|\n|poke|p2|Lunala, L50|\n|poke|p2|Amoonguss, L50, M|\n|poke|p2|Ursaluna-Bloodmoon, L50, M|\n|poke|p2|Incineroar, L50, M|\n|poke|p2|Koraidon, L50|\n|poke|p2|Flutter Mane, L50|\n|teampreview|4\n|inactive|Battle timer is ON: inactive players will automatically lose when time's up. (requested by CHR1SPHX)\n|inactive|pogego also wants the timer to be on.\n|inactive|pogego has 60 seconds left.\n|\n|t:|1772702367\n|teamsize|p1|4\n|teamsize|p2|4\n|start\n|switch|p1a: Calyrex|Calyrex-Shadow, L50|100/100\n|switch|p1b: Whimsicott|Whimsicott, L50, M|100/100\n|switch|p2a: Lunala|Lunala, L50, shiny|100/100\n|switch|p2b: Incineroar|Incineroar, L50, M|100/100\n|-ability|p1a: Calyrex|As One\n|-ability|p1a: Calyrex|Unnerve\n|-ability|p2b: Incineroar|Intimidate|boost\n|-unboost|p1a: Calyrex|atk|1\n|-unboost|p1b: Whimsicott|atk|1\n|turn|1\n|inactive|CHR1SPHX has 30 seconds left.\n|\n|t:|1772702398\n|move|p2a: Lunala|Wide Guard|p2a: Lunala\n|-singleturn|p2a: Lunala|Wide Guard\n|move|p1a: Calyrex|Nasty Plot|p1a: Calyrex\n|-boost|p1a: Calyrex|spa|2\n|move|p1b: Whimsicott|Moonblast|p2b: Incineroar\n|-damage|p2b: Incineroar|75/100\n|-unboost|p2b: Incineroar|spa|1\n|move|p2b: Incineroar|Taunt|p1b: Whimsicott\n|-start|p1b: Whimsicott|move: Taunt\n|-enditem|p1b: Whimsicott|Mental Herb\n|-end|p1b: Whimsicott|move: Taunt\n|\n|upkeep\n|turn|2\n|inactive|CHR1SPHX has 30 seconds left.\n|\n|t:|1772702429\n|-terastallize|p1a: Calyrex|Stellar\n|-terastallize|p2a: Lunala|Fairy\n|move|p1b: Whimsicott|Encore|p2a: Lunala\n|-start|p2a: Lunala|Encore\n|-enditem|p2a: Lunala|Mental Herb\n|-end|p2a: Lunala|Encore\n|move|p1a: Calyrex|Astral Barrage|p2b: Incineroar|[spread] p2a,p2b\n|-resisted|p2b: Incineroar\n|-damage|p2a: Lunala|47/100\n|-damage|p2b: Incineroar|22/100\n|move|p2b: Incineroar|Knock Off|p1a: Calyrex\n|-supereffective|p1a: Calyrex\n|-enditem|p1a: Calyrex|Focus Sash\n|-damage|p1a: Calyrex|1/100\n|move|p2a: Lunala|Trick Room|p2a: Lunala\n|-fieldstart|move: Trick Room|[of] p2a: Lunala\n|\n|upkeep\n|turn|3\n|inactive|CHR1SPHX has 30 seconds left.\n|\n|t:|1772702461\n|switch|p2a: Ursaluna|Ursaluna-Bloodmoon, L50, M|100/100\n|move|p1a: Calyrex|Protect|p1a: Calyrex\n|-singleturn|p1a: Calyrex|Protect\n|move|p1b: Whimsicott|Encore||[still]\n|-fail|p1b: Whimsicott\n|move|p2b: Incineroar|Parting Shot|p1b: Whimsicott\n|-unboost|p1b: Whimsicott|atk|1\n|-unboost|p1b: Whimsicott|spa|1\n|inactive|CHR1SPHX has 30 seconds left.\n|\n|t:|1772702488\n|switch|p2b: Amoonguss|Amoonguss, L50, M, shiny|100/100|[from] Parting Shot\n|\n|upkeep\n|turn|4\n|\n|t:|1772702507\n|move|p1b: Whimsicott|Protect|p1b: Whimsicott\n|-singleturn|p1b: Whimsicott|Protect\n|move|p2b: Amoonguss|Sludge Bomb|p1b: Whimsicott\n|-activate|p1b: Whimsicott|move: Protect\n|move|p2a: Ursaluna|Hyper Voice|p1b: Whimsicott|[spread] p1a\n|-activate|p1b: Whimsicott|move: Protect\n|-damage|p1a: Calyrex|0 fnt\n|faint|p1a: Calyrex\n|-damage|p2a: Ursaluna|91/100|[from] item: Life Orb\n|\n|upkeep\n|\n|t:|1772702509\n|switch|p1a: Groudon|Groudon, L50|100/100\n|-weather|SunnyDay|[from] ability: Drought|[of] p1a: Groudon\n|turn|5\n|\n|t:|1772702531\n|switch|p2b: Incineroar|Incineroar, L50, M|22/100\n|-ability|p2b: Incineroar|Intimidate|boost\n|-unboost|p1a: Groudon|atk|1\n|-unboost|p1b: Whimsicott|atk|1\n|move|p1b: Whimsicott|Encore|p2b: Incineroar\n|-hint|Since gen 7, Dark is immune to Prankster moves.\n|-immune|p2b: Incineroar\n|move|p2a: Ursaluna|Blood Moon|p1a: Groudon\n|-damage|p1a: Groudon|0 fnt\n|faint|p1a: Groudon\n|-damage|p2a: Ursaluna|81/100|[from] item: Life Orb\n|\n|-weather|SunnyDay|[upkeep]\n|upkeep\n|\n|t:|1772702539\n|switch|p1a: Chi-Yu|Chi-Yu, L50|100/100\n|-ability|p1a: Chi-Yu|Beads of Ruin\n|turn|6\n|inactive|pogego has 30 seconds left.\n|\n|t:|1772702567\n|move|p1b: Whimsicott|Encore|p2a: Ursaluna\n|-start|p2a: Ursaluna|Encore\n|move|p2a: Ursaluna|Blood Moon|p1b: Whimsicott\n|-damage|p1b: Whimsicott|0 fnt\n|faint|p1b: Whimsicott\n|-damage|p2a: Ursaluna|72/100|[from] item: Life Orb\n|-hint|Some effects can force a Pokemon to use Blood Moon again in a row.\n|move|p2b: Incineroar|Parting Shot|p1a: Chi-Yu\n|-unboost|p1a: Chi-Yu|atk|1\n|-unboost|p1a: Chi-Yu|spa|1\n|c|\u2606CHR1SPHX|what?\n|\n|t:|1772702586\n|switch|p2b: Amoonguss|Amoonguss, L50, M, shiny|100/100|[from] Parting Shot\n|move|p1a: Chi-Yu|Heat Wave|p2b: Amoonguss|[spread] p2a,p2b\n|-supereffective|p2b: Amoonguss\n|-damage|p2a: Ursaluna|20/100\n|-damage|p2b: Amoonguss|15/100\n|\n|-weather|SunnyDay|[upkeep]\n|-fieldend|move: Trick Room\n|upkeep\n|turn|7\n|-message|pogego forfeited.\n|\n|win|CHR1SPHX\n|raw|pogego's rating: 1178 &rarr; <strong>1159</strong><br />(-19 for losing)\n|raw|CHR1SPHX's rating: 1259 &rarr; <strong>1278</strong><br />(+19 for winning)\n|l|\u203dpogego\n|player|p1|\n|l|\u2606CHR1SPHX\n|player|p2|\n","uploadtime":1772702970,"views":15,"formatid":"gen9vgc2026regi","rating":1159,"private":0,"password":null}