{"id":"gen9vgc2026regi-2513212343","format":"[Gen 9] VGC 2026 Reg I","players":["taka89","no1.pokemon"],"log":"|j|\u2606taka89\n|j|\u2606no1.pokemon\n|t:|1767711146\n|gametype|doubles\n|player|p1|taka89|clerk-boss|1193\n|player|p2|no1.pokemon|n-masters|1181\n|gen|9\n|tier|[Gen 9] VGC 2026 Reg I\n|rated|\n|rule|Species Clause: Limit one of each Pok\u00e9mon\n|rule|Item Clause: Limit 1 of each item\n|clearpoke\n|poke|p1|Calyrex-Ice, L50|\n|poke|p1|Miraidon, L50|\n|poke|p1|Incineroar, L50, F|\n|poke|p1|Urshifu-*, L50, F|\n|poke|p1|Whimsicott, L50, F|\n|poke|p1|Volcarona, L50, F|\n|poke|p2|Koraidon, L50|\n|poke|p2|Chi-Yu, L50|\n|poke|p2|Miraidon, L50|\n|poke|p2|Grimmsnarl, L50, M|\n|poke|p2|Flutter Mane, L50|\n|poke|p2|Farigiraf, L50, M|\n|teampreview|4\n|inactive|Battle timer is ON: inactive players will automatically lose when time's up. (requested by no1.pokemon)\n|inactive|taka89 has 60 seconds left.\n|inactive|no1.pokemon has 60 seconds left.\n|\n|t:|1767711200\n|teamsize|p1|4\n|teamsize|p2|4\n|start\n|switch|p1a: Whimsicott|Whimsicott, L50, F|100/100\n|switch|p1b: Calyrex|Calyrex-Ice, L50|100/100\n|switch|p2a: Chi-Ngu|Chi-Yu, L50, shiny|100/100\n|switch|p2b: Farigiraf|Farigiraf, L50, M|100/100\n|-ability|p1b: Calyrex|As One\n|-ability|p1b: Calyrex|Unnerve\n|-ability|p2a: Chi-Ngu|Beads of Ruin\n|turn|1\n|inactive|taka89 has 30 seconds left.\n|\n|t:|1767711230\n|-terastallize|p1b: Calyrex|Fire\n|move|p1a: Whimsicott|Light Screen|p1a: Whimsicott\n|-sidestart|p1: taka89|move: Light Screen\n|move|p2a: Chi-Ngu|Heat Wave|p1a: Whimsicott|[spread] p1a,p1b\n|-supereffective|p1a: Whimsicott\n|-resisted|p1b: Calyrex\n|-damage|p1a: Whimsicott|35/100\n|-damage|p1b: Calyrex|88/100\n|move|p1b: Calyrex|Glacial Lance|p2b: Farigiraf|[spread] p2a,p2b\n|-resisted|p2a: Chi-Ngu\n|-damage|p2a: Chi-Ngu|54/100\n|-damage|p2b: Farigiraf|39/100\n|move|p2b: Farigiraf|Imprison|p2b: Farigiraf\n|-start|p2b: Farigiraf|move: Imprison\n|\n|upkeep\n|turn|2\n|inactive|no1.pokemon has 30 seconds left.\n|inactive|no1.pokemon has 20 seconds left.\n|inactive|no1.pokemon has 15 seconds left.\n|\n|t:|1767711270\n|move|p2b: Farigiraf|Protect|p2b: Farigiraf\n|-singleturn|p2b: Farigiraf|Protect\n|move|p1a: Whimsicott|Tailwind|p1a: Whimsicott\n|-sidestart|p1: taka89|move: Tailwind\n|move|p2a: Chi-Ngu|Heat Wave|p1b: Calyrex|[spread] p1a,p1b\n|-supereffective|p1a: Whimsicott\n|-resisted|p1b: Calyrex\n|-damage|p1a: Whimsicott|0 fnt\n|-damage|p1b: Calyrex|76/100\n|faint|p1a: Whimsicott\n|move|p1b: Calyrex|Glacial Lance|p2a: Chi-Ngu|[spread] p2a\n|-activate|p2b: Farigiraf|move: Protect\n|-resisted|p2a: Chi-Ngu\n|-damage|p2a: Chi-Ngu|11/100\n|\n|upkeep\n|\n|t:|1767711292\n|switch|p1a: Urshifu|Urshifu, L50, F|100/100\n|turn|3\n|\n|t:|1767711305\n|move|p1a: Urshifu|Wicked Blow|p2a: Chi-Ngu\n|-resisted|p2a: Chi-Ngu\n|-crit|p2a: Chi-Ngu\n|-damage|p2a: Chi-Ngu|0 fnt\n|faint|p2a: Chi-Ngu\n|move|p1b: Calyrex|Glacial Lance|p2b: Farigiraf\n|-damage|p2b: Farigiraf|0 fnt\n|faint|p2b: Farigiraf\n|-ability|p1b: Calyrex|Chilling Neigh|boost\n|-boost|p1b: Calyrex|atk|1\n|\n|upkeep\n|\n|t:|1767711309\n|switch|p2a: Koraidon|Koraidon, L50, shiny|100/100\n|switch|p2b: Miraidon|Miraidon, L50|100/100\n|-weather|SunnyDay|[from] ability: Orichalcum Pulse|[of] p2a: Koraidon\n|-activate|p2a: Koraidon|Orichalcum Pulse|[source]\n|-fieldstart|move: Electric Terrain|[from] ability: Hadron Engine|[of] p2b: Miraidon\n|turn|4\n|inactive|taka89 has 30 seconds left.\n|\n|t:|1767711337\n|-terastallize|p2a: Koraidon|Fire\n|move|p1a: Urshifu|Close Combat|p2a: Koraidon\n|-damage|p2a: Koraidon|44/100\n|-unboost|p1a: Urshifu|def|1\n|-unboost|p1a: Urshifu|spd|1\n|move|p1b: Calyrex|Glacial Lance|p2b: Miraidon|[spread] p2a,p2b\n|-resisted|p2a: Koraidon\n|-supereffective|p2b: Miraidon\n|-damage|p2a: Koraidon|12/100\n|-damage|p2b: Miraidon|0 fnt\n|faint|p2b: Miraidon\n|-ability|p1b: Calyrex|Chilling Neigh|boost\n|-boost|p1b: Calyrex|atk|1\n|move|p2a: Koraidon|Collision Course|p1b: Calyrex\n|-damage|p1b: Calyrex|29/100\n|\n|-weather|SunnyDay|[upkeep]\n|upkeep\n|turn|5\n|-message|no1.pokemon forfeited.\n|\n|win|taka89\n|raw|taka89's rating: 1193 &rarr; <strong>1217</strong><br />(+24 for winning)\n|raw|no1.pokemon's rating: 1175 &rarr; <strong>1151</strong><br />(-24 for losing)\n","uploadtime":1767711355,"views":47,"formatid":"gen9vgc2026regi","rating":1151,"private":0,"password":null}