{"id":"gen9vgc2026regi-2563174405","format":"[Gen 9] VGC 2026 Reg I","players":["Jonen","mojaaa"],"log":"|j|\u2606Jonen\n|j|\u2606mojaaa\n|t:|1773998476\n|gametype|doubles\n|player|p1|Jonen|medium|1320\n|player|p2|mojaaa|2|1319\n|gen|9\n|tier|[Gen 9] VGC 2026 Reg I\n|rated|\n|rule|Species Clause: Limit one of each Pok\u00e9mon\n|rule|Item Clause: Limit 1 of each item\n|clearpoke\n|poke|p1|Groudon, L50|\n|poke|p1|Lunala, L50|\n|poke|p1|Sableye, L50, M|\n|poke|p1|Chi-Yu, L50|\n|poke|p1|Rillaboom, L50, M|\n|poke|p1|Jumpluff, L50, F|\n|poke|p2|Urshifu-*, L50, M|\n|poke|p2|Calyrex-Ice, L50|\n|poke|p2|Grimmsnarl, L50, M|\n|poke|p2|Incineroar, L50, M|\n|poke|p2|Rillaboom, L50, F|\n|poke|p2|Miraidon, L50|\n|teampreview|4\n|\n|t:|1773998524\n|teamsize|p1|4\n|teamsize|p2|4\n|start\n|switch|p1a: Groudon|Groudon, L50|100/100\n|switch|p1b: Sableye|Sableye, L50, M|100/100\n|switch|p2a: Calyrex|Calyrex-Ice, L50|100/100\n|switch|p2b: Grimmsnarl|Grimmsnarl, L50, M|100/100\n|-ability|p2a: Calyrex|As One\n|-ability|p2a: Calyrex|Unnerve\n|-weather|SunnyDay|[from] ability: Drought|[of] p1a: Groudon\n|turn|1\n|\n|t:|1773998550\n|-terastallize|p1a: Groudon|Fire\n|move|p2b: Grimmsnarl|Reflect|p2b: Grimmsnarl\n|-sidestart|p2: mojaaa|Reflect\n|move|p1a: Groudon|Precipice Blades|p2b: Grimmsnarl|[spread] p2a,p2b\n|-damage|p2a: Calyrex|71/100\n|-damage|p2b: Grimmsnarl|60/100\n|-damage|p1a: Groudon|91/100|[from] item: Life Orb\n|move|p1b: Sableye|Foul Play|p2a: Calyrex\n|-supereffective|p2a: Calyrex\n|-damage|p2a: Calyrex|19/100\n|move|p2a: Calyrex|Leech Seed|p1a: Groudon\n|-start|p1a: Groudon|move: Leech Seed\n|\n|-weather|SunnyDay|[upkeep]\n|-heal|p2a: Calyrex|25/100|[from] item: Leftovers\n|-damage|p1a: Groudon|79/100|[from] Leech Seed|[of] p2a: Calyrex\n|-heal|p2a: Calyrex|35/100|[silent]\n|upkeep\n|turn|2\n|\n|t:|1773998568\n|move|p2a: Calyrex|Protect|p2a: Calyrex\n|-singleturn|p2a: Calyrex|Protect\n|move|p1a: Groudon|Heat Crash|p2b: Grimmsnarl\n|-damage|p2b: Grimmsnarl|0 fnt\n|faint|p2b: Grimmsnarl\n|-damage|p1a: Groudon|69/100|[from] item: Life Orb\n|move|p1b: Sableye|Foul Play|p2a: Calyrex\n|-activate|p2a: Calyrex|move: Protect\n|\n|-weather|SunnyDay|[upkeep]\n|-heal|p2a: Calyrex|41/100|[from] item: Leftovers\n|-damage|p1a: Groudon|57/100|[from] Leech Seed|[of] p2a: Calyrex\n|-heal|p2a: Calyrex|51/100|[silent]\n|upkeep\n|\n|t:|1773998581\n|switch|p2b: Incineroar|Incineroar, L50, M|100/100\n|-ability|p2b: Incineroar|Intimidate|boost\n|-unboost|p1a: Groudon|atk|1\n|-unboost|p1b: Sableye|atk|1\n|turn|3\n|\n|t:|1773998592\n|switch|p1a: Lunala|Lunala, L50|100/100\n|-terastallize|p2a: Calyrex|Fairy\n|move|p2b: Incineroar|Fake Out|p1a: Lunala\n|-immune|p1a: Lunala\n|move|p1b: Sableye|Foul Play|p2a: Calyrex\n|-resisted|p2a: Calyrex\n|-damage|p2a: Calyrex|38/100\n|move|p2a: Calyrex|Leech Seed|p1b: Sableye\n|-start|p1b: Sableye|move: Leech Seed\n|\n|-weather|SunnyDay|[upkeep]\n|-heal|p2a: Calyrex|44/100|[from] item: Leftovers\n|-damage|p1b: Sableye|88/100|[from] Leech Seed|[of] p2a: Calyrex\n|-heal|p2a: Calyrex|53/100|[silent]\n|upkeep\n|turn|4\n|\n|t:|1773998616\n|move|p1b: Sableye|Gravity|p1b: Sableye\n|-fieldstart|move: Gravity\n|move|p1a: Lunala|Hypnosis|p2a: Calyrex\n|-status|p2a: Calyrex|slp|[from] move: Hypnosis\n|cant|p2a: Calyrex|slp\n|move|p2b: Incineroar|Roar|p1a: Lunala\n|drag|p1a: Rillaboom|Rillaboom, L50, M|100/100\n|-fieldstart|move: Grassy Terrain|[from] ability: Grassy Surge|[of] p1a: Rillaboom\n|\n|-weather|SunnyDay|[upkeep]\n|-heal|p1b: Sableye|94/100|[from] Grassy Terrain\n|-heal|p2a: Calyrex|59/100 slp|[from] Grassy Terrain\n|-heal|p2a: Calyrex|65/100 slp|[from] item: Leftovers\n|-damage|p1b: Sableye|82/100|[from] Leech Seed|[of] p2a: Calyrex\n|-heal|p2a: Calyrex|74/100 slp|[silent]\n|upkeep\n|turn|5\n|-message|mojaaa forfeited.\n|\n|win|Jonen\n|raw|Jonen's rating: 1320 &rarr; <strong>1340</strong><br />(+20 for winning)\n|raw|mojaaa's rating: 1319 &rarr; <strong>1299</strong><br />(-20 for losing)\n|l|\u2606mojaaa\n|player|p2|\n|l|\u2606Jonen\n|player|p1|\n","uploadtime":1773998622,"views":10,"formatid":"gen9vgc2026regi","rating":1299,"private":0,"password":null}