{"id":"gen9vgc2026regi-2525894987","format":"[Gen 9] VGC 2026 Reg I","players":["blackred123","Ergodicity"],"log":"|j|\u2606blackred123\n|j|\u2606Ergodicity\n|t:|1769347544\n|gametype|doubles\n|player|p1|blackred123|iono-masters|1349\n|player|p2|Ergodicity|artist-gen4|1323\n|gen|9\n|tier|[Gen 9] VGC 2026 Reg I\n|rated|\n|rule|Species Clause: Limit one of each Pok\u00e9mon\n|rule|Item Clause: Limit 1 of each item\n|clearpoke\n|poke|p1|Calyrex-Shadow, L50|\n|poke|p1|Zamazenta-*, L50|\n|poke|p1|Tornadus, L50, M|\n|poke|p1|Rillaboom, L50, F|\n|poke|p1|Ogerpon-Hearthflame, L50, F|\n|poke|p1|Raging Bolt, L50|\n|poke|p2|Smeargle, L50, M|\n|poke|p2|Tornadus, L50, M|\n|poke|p2|Calyrex-Shadow, L50|\n|poke|p2|Terapagos, L50, M|\n|poke|p2|Incineroar, L50, F|\n|poke|p2|Urshifu-*, L50, F|\n|teampreview|4\n|inactive|Battle timer is ON: inactive players will automatically lose when time's up. (requested by Ergodicity)\n|inactive|blackred123 also wants the timer to be on.\n|c|\u2606Ergodicity|nice sprite, where did you get it?\n|inactive|Ergodicity has 60 seconds left.\n|\n|t:|1769347582\n|teamsize|p1|4\n|teamsize|p2|4\n|start\n|switch|p1a: Calyrex|Calyrex-Shadow, L50|100/100\n|switch|p1b: Tornadus|Tornadus, L50, M|100/100\n|switch|p2a: Tornadus|Tornadus, L50, M|100/100\n|switch|p2b: Urshifu|Urshifu-Rapid-Strike, L50, F|100/100\n|-ability|p1a: Calyrex|As One\n|-ability|p1a: Calyrex|Unnerve\n|turn|1\n|\n|t:|1769347604\n|switch|p1a: Raging Bolt|Raging Bolt, L50|100/100\n|-enditem|p1a: Raging Bolt|Booster Energy\n|-activate|p1a: Raging Bolt|ability: Protosynthesis|[fromitem]\n|-start|p1a: Raging Bolt|protosynthesisspa\n|move|p2a: Tornadus|Tailwind|p2a: Tornadus\n|-sidestart|p2: Ergodicity|move: Tailwind\n|move|p1b: Tornadus|Taunt|p2a: Tornadus\n|-start|p2a: Tornadus|move: Taunt\n|move|p2b: Urshifu|U-turn|p1a: Raging Bolt\n|-damage|p1a: Raging Bolt|77/100\n|c|\u2606Ergodicity|min speed?\n|\n|t:|1769347629\n|switch|p2b: Terapagos|Terapagos, L50, M|100/100|[from] U-turn\n|-activate|p2b: Terapagos|ability: Tera Shift\n|detailschange|p2b: Terapagos|Terapagos-Terastal, L50, M\n|-heal|p2b: Terapagos|100/100|[silent]\n|\n|upkeep\n|turn|2\n|\n|t:|1769347645\n|move|p1b: Tornadus|Tailwind|p1b: Tornadus\n|-sidestart|p1: blackred123|move: Tailwind\n|move|p1a: Raging Bolt|Thunderclap|p2a: Tornadus\n|-supereffective|p2a: Tornadus\n|-damage|p2a: Tornadus|0 fnt\n|faint|p2a: Tornadus\n|move|p2b: Terapagos|Earth Power|p1a: Raging Bolt\n|-supereffective|p1a: Raging Bolt\n|-damage|p1a: Raging Bolt|0 fnt\n|faint|p1a: Raging Bolt\n|-end|p1a: Raging Bolt|Protosynthesis|[silent]\n|\n|upkeep\n|\n|t:|1769347656\n|switch|p2a: Urshifu|Urshifu-Rapid-Strike, L50, F|100/100\n|switch|p1a: Zamazenta|Zamazenta-Crowned, L50|100/100\n|-ability|p1a: Zamazenta|Dauntless Shield|boost\n|-boost|p1a: Zamazenta|def|1\n|turn|3\n|inactive|Ergodicity has 30 seconds left.\n|inactive|Ergodicity has 20 seconds left.\n|\n|t:|1769347693\n|-terastallize|p1b: Tornadus|Water\n|move|p2a: Urshifu|U-turn|p1b: Tornadus\n|-damage|p1b: Tornadus|73/100\n|\n|t:|1769347697\n|switch|p2a: Calyrex|Calyrex-Shadow, L50|100/100|[from] U-turn\n|-ability|p2a: Calyrex|As One\n|-ability|p2a: Calyrex|Unnerve\n|move|p1a: Zamazenta|Body Press|p2b: Terapagos\n|-activate|p2b: Terapagos|ability: Tera Shell\n|-resisted|p2b: Terapagos\n|-damage|p2b: Terapagos|72/100\n|move|p1b: Tornadus|Bleakwind Storm|p2b: Terapagos|[spread] p2a,p2b\n|-damage|p2a: Calyrex|55/100\n|-damage|p2b: Terapagos|32/100\n|move|p2b: Terapagos|Earth Power|p1a: Zamazenta\n|-supereffective|p1a: Zamazenta\n|-damage|p1a: Zamazenta|37/100\n|\n|upkeep\n|turn|4\n|inactive|blackred123 has 30 seconds left.\n|inactive|Ergodicity has 30 seconds left.\n|inactive|blackred123 has 20 seconds left.\n|inactive|Ergodicity has 20 seconds left.\n|inactive|blackred123 has 15 seconds left.\n|inactive|blackred123 has 10 seconds left.\n|\n|t:|1769347743\n|move|p2a: Calyrex|Protect|p2a: Calyrex\n|-singleturn|p2a: Calyrex|Protect\n|move|p1a: Zamazenta|Protect|p1a: Zamazenta\n|-singleturn|p1a: Zamazenta|Protect\n|move|p1b: Tornadus|Bleakwind Storm|p2a: Calyrex|[spread] \n|-activate|p2a: Calyrex|move: Protect\n|-miss|p1b: Tornadus|p2b: Terapagos\n|move|p2b: Terapagos|Earth Power|p1a: Zamazenta\n|-activate|p1a: Zamazenta|move: Protect\n|\n|-sideend|p2: Ergodicity|move: Tailwind\n|upkeep\n|turn|5\n|\n|t:|1769347760\n|move|p2a: Calyrex|Protect||[still]\n|-fail|p2a: Calyrex\n|move|p1a: Zamazenta|Heavy Slam|p2a: Calyrex\n|-damage|p2a: Calyrex|0 fnt\n|faint|p2a: Calyrex\n|move|p1b: Tornadus|Bleakwind Storm|p2b: Terapagos|[miss]\n|-miss|p1b: Tornadus|p2b: Terapagos\n|move|p2b: Terapagos|Earth Power|p1a: Zamazenta\n|-supereffective|p1a: Zamazenta\n|-damage|p1a: Zamazenta|0 fnt\n|faint|p1a: Zamazenta\n|\n|-sideend|p1: blackred123|move: Tailwind\n|upkeep\n|\n|t:|1769347772\n|switch|p2a: Urshifu|Urshifu-Rapid-Strike, L50, F|100/100\n|switch|p1a: Calyrex|Calyrex-Shadow, L50|100/100\n|-ability|p1a: Calyrex|As One\n|-ability|p1a: Calyrex|Unnerve\n|turn|6\n|inactive|Ergodicity has 30 seconds left.\n|\n|t:|1769347803\n|-terastallize|p2a: Urshifu|Water\n|move|p1b: Tornadus|Tailwind|p1b: Tornadus\n|-sidestart|p1: blackred123|move: Tailwind\n|move|p1a: Calyrex|Psychic|p2a: Urshifu\n|-damage|p2a: Urshifu|12/100\n|move|p2a: Urshifu|Surging Strikes|p1a: Calyrex\n|-crit|p1a: Calyrex\n|-damage|p1a: Calyrex|70/100\n|-crit|p1a: Calyrex\n|-damage|p1a: Calyrex|35/100\n|-crit|p1a: Calyrex\n|-damage|p1a: Calyrex|2/100\n|-hitcount|p1a: Calyrex|3\n|move|p2b: Terapagos|Earth Power|p1b: Tornadus\n|-damage|p1b: Tornadus|24/100\n|\n|upkeep\n|turn|7\n|\n|t:|1769347823\n|move|p1a: Calyrex|Psychic|p2b: Terapagos\n|-damage|p2b: Terapagos|0 fnt\n|faint|p2b: Terapagos\n|-ability|p1a: Calyrex|Grim Neigh|boost\n|-boost|p1a: Calyrex|spa|1\n|move|p1b: Tornadus|Bleakwind Storm|p2a: Urshifu\n|-damage|p2a: Urshifu|0 fnt\n|faint|p2a: Urshifu\n|\n|win|blackred123\n|raw|blackred123's rating: 1349 &rarr; <strong>1368</strong><br />(+19 for winning)\n|raw|Ergodicity's rating: 1323 &rarr; <strong>1304</strong><br />(-19 for losing)\n|l|\u2606Ergodicity\n|player|p2|\n","uploadtime":1769348066,"views":6,"formatid":"gen9vgc2026regi","rating":1304,"private":0,"password":null}