{"id":"gen9vgc2026regi-2536526792","format":"[Gen 9] VGC 2026 Reg I","players":["foxy67um","blackred123"],"log":"|j|\u2606foxy67um\n|j|\u2606blackred123\n|t:|1770699782\n|gametype|doubles\n|player|p1|foxy67um|elesa|1110\n|player|p2|blackred123|iono-masters|1219\n|gen|9\n|tier|[Gen 9] VGC 2026 Reg I\n|rated|\n|rule|Species Clause: Limit one of each Pok\u00e9mon\n|rule|Item Clause: Limit 1 of each item\n|clearpoke\n|poke|p1|Charjabug, L50, M|\n|poke|p1|Armarouge, L50, F|\n|poke|p1|Indeedee-F, L50, F|\n|poke|p1|Torkoal, L50, M|\n|poke|p1|Hydreigon, L50, M|\n|poke|p1|Iron Bundle, L50|\n|poke|p2|Miraidon, L50|\n|poke|p2|Calyrex-Ice, L50|\n|poke|p2|Whimsicott, L50, F|\n|poke|p2|Volcarona, L50, M|\n|poke|p2|Incineroar, L50, M|\n|poke|p2|Urshifu-*, L50, M|\n|teampreview|4\n|inactive|Battle timer is ON: inactive players will automatically lose when time's up. (requested by blackred123)\n|\n|t:|1770699807\n|teamsize|p1|4\n|teamsize|p2|4\n|start\n|switch|p1a: Torkoal|Torkoal, L50, M|100/100\n|switch|p1b: Indeedee|Indeedee-F, L50, F|100/100\n|switch|p2a: Miraidon|Miraidon, L50, shiny|100/100\n|switch|p2b: Volcarona|Volcarona, L50, M|100/100\n|-fieldstart|move: Electric Terrain|[from] ability: Hadron Engine|[of] p2a: Miraidon\n|-enditem|p2b: Volcarona|Electric Seed\n|-boost|p2b: Volcarona|def|1|[from] item: Electric Seed\n|-fieldstart|move: Psychic Terrain|[from] ability: Psychic Surge|[of] p1b: Indeedee\n|-enditem|p1b: Indeedee|Psychic Seed\n|-boost|p1b: Indeedee|spd|1|[from] item: Psychic Seed\n|-weather|SunnyDay|[from] ability: Drought|[of] p1a: Torkoal\n|turn|1\n|\n|t:|1770699825\n|move|p1a: Torkoal|Protect|p1a: Torkoal\n|-singleturn|p1a: Torkoal|Protect\n|move|p2a: Miraidon|Electro Drift|p1b: Indeedee\n|-damage|p1b: Indeedee|70/100\n|move|p2b: Volcarona|Fiery Dance|p1b: Indeedee\n|-damage|p1b: Indeedee|39/100\n|move|p1b: Indeedee|Trick Room|p1b: Indeedee\n|-fieldstart|move: Trick Room|[of] p1b: Indeedee\n|\n|-weather|SunnyDay|[upkeep]\n|upkeep\n|turn|2\n|\n|t:|1770699848\n|switch|p1b: Charjabug|Charjabug, L50, M|100/100\n|move|p1a: Torkoal|Eruption|p2a: Miraidon|[spread] p2a,p2b\n|-resisted|p2a: Miraidon\n|-damage|p2a: Miraidon|55/100\n|-damage|p2b: Volcarona|0 fnt\n|faint|p2b: Volcarona\n|move|p2a: Miraidon|Electro Drift|p1a: Torkoal\n|-damage|p1a: Torkoal|24/100\n|\n|-weather|SunnyDay|[upkeep]\n|upkeep\n|\n|t:|1770699860\n|switch|p2b: Calyrex|Calyrex-Ice, L50|100/100\n|-ability|p2b: Calyrex|As One\n|-ability|p2b: Calyrex|Unnerve\n|turn|3\n|\n|t:|1770699870\n|-terastallize|p1a: Torkoal|Fire\n|-terastallize|p2b: Calyrex|Fire\n|move|p1a: Torkoal|Heat Wave|p2a: Miraidon|[spread] p2a,p2b\n|-resisted|p2a: Miraidon\n|-resisted|p2b: Calyrex\n|-damage|p2a: Miraidon|20/100\n|-damage|p2b: Calyrex|68/100\n|move|p1b: Charjabug|Electroweb|p2b: Calyrex|[spread] p2a,p2b\n|-resisted|p2a: Miraidon\n|-crit|p2b: Calyrex\n|-damage|p2a: Miraidon|18/100\n|-damage|p2b: Calyrex|59/100\n|move|p2b: Calyrex|Glacial Lance|p1a: Torkoal|[spread] p1a,p1b\n|-resisted|p1a: Torkoal\n|-damage|p1a: Torkoal|2/100\n|-damage|p1b: Charjabug|71/100\n|move|p2a: Miraidon|Electro Drift|p1b: Charjabug\n|-resisted|p1b: Charjabug\n|-damage|p1b: Charjabug|46/100\n|\n|-weather|SunnyDay|[upkeep]\n|upkeep\n|turn|4\n|inactive|foxy67um has 30 seconds left.\n|inactive|blackred123 has 30 seconds left.\n|\n|t:|1770699897\n|switch|p2a: Whimsicott|Whimsicott, L50, F|100/100\n|move|p1a: Torkoal|Earth Power|p2b: Calyrex\n|-supereffective|p2b: Calyrex\n|-damage|p2b: Calyrex|15/100\n|move|p1b: Charjabug|Electroweb|p2a: Whimsicott|[spread] p2a,p2b\n|-resisted|p2a: Whimsicott\n|-damage|p2a: Whimsicott|95/100\n|-damage|p2b: Calyrex|9/100\n|-unboost|p2a: Whimsicott|spe|1\n|move|p2b: Calyrex|Trick Room|p2b: Calyrex\n|-fieldend|move: Trick Room\n|\n|-weather|SunnyDay|[upkeep]\n|upkeep\n|turn|5\n|inactive|foxy67um has 30 seconds left.\n|\n|t:|1770699927\n|switch|p1a: Armarouge|Armarouge, L50, F|100/100\n|move|p1b: Charjabug|Protect|p1b: Charjabug\n|-singleturn|p1b: Charjabug|Protect\n|move|p2a: Whimsicott|Light Screen|p2a: Whimsicott\n|-sidestart|p2: blackred123|move: Light Screen\n|move|p2b: Calyrex|Glacial Lance|p1b: Charjabug|[spread] p1a\n|-activate|p1b: Charjabug|move: Protect\n|-resisted|p1a: Armarouge\n|-damage|p1a: Armarouge|74/100\n|\n|-weather|none\n|-fieldend|move: Psychic Terrain\n|upkeep\n|turn|6\n|inactive|foxy67um has 30 seconds left.\n|\n|t:|1770699954\n|move|p2a: Whimsicott|Encore|p1b: Charjabug\n|-start|p1b: Charjabug|Encore\n|move|p2b: Calyrex|High Horsepower|p1a: Armarouge\n|-supereffective|p1a: Armarouge\n|-damage|p1a: Armarouge|5/100\n|move|p1b: Charjabug|Protect||[still]\n|-fail|p1b: Charjabug\n|move|p1a: Armarouge|Trick Room|p1a: Armarouge\n|-fieldstart|move: Trick Room|[of] p1a: Armarouge\n|\n|upkeep\n|turn|7\n|inactive|foxy67um has 30 seconds left.\n|\n|t:|1770699984\n|switch|p1b: Indeedee|Indeedee-F, L50, F|39/100\n|-fieldstart|move: Psychic Terrain|[from] ability: Psychic Surge|[of] p1b: Indeedee\n|move|p2a: Whimsicott|Encore|p1a: Armarouge\n|-activate|p1a: Armarouge|move: Psychic Terrain\n|move|p2b: Calyrex|High Horsepower|p1b: Indeedee\n|-damage|p1b: Indeedee|0 fnt\n|faint|p1b: Indeedee\n|-ability|p2b: Calyrex|Chilling Neigh|boost\n|-boost|p2b: Calyrex|atk|1\n|move|p1a: Armarouge|Armor Cannon|p2a: Whimsicott\n|-supereffective|p2a: Whimsicott\n|-damage|p2a: Whimsicott|0 fnt\n|-unboost|p1a: Armarouge|def|1\n|-unboost|p1a: Armarouge|spd|1\n|faint|p2a: Whimsicott\n|-damage|p1a: Armarouge|0 fnt|[from] item: Life Orb\n|faint|p1a: Armarouge\n|\n|upkeep\n|\n|t:|1770700004\n|switch|p1a: Torkoal|Torkoal, L50, M, tera:Fire|2/100\n|switch|p1b: Charjabug|Charjabug, L50, M|46/100\n|switch|p2a: Miraidon|Miraidon, L50, shiny|18/100\n|-weather|SunnyDay|[from] ability: Drought|[of] p1a: Torkoal\n|-fieldstart|move: Electric Terrain|[from] ability: Hadron Engine|[of] p2a: Miraidon\n|turn|8\n|\n|t:|1770700016\n|move|p1a: Torkoal|Heat Wave|p2b: Calyrex|[spread] p2a,p2b\n|-resisted|p2a: Miraidon\n|-resisted|p2b: Calyrex\n|-damage|p2a: Miraidon|0 fnt\n|-damage|p2b: Calyrex|0 fnt\n|faint|p2a: Miraidon\n|faint|p2b: Calyrex\n|\n|win|foxy67um\n|raw|foxy67um's rating: 1110 &rarr; <strong>1143</strong><br />(+33 for winning)\n|raw|blackred123's rating: 1219 &rarr; <strong>1186</strong><br />(-33 for losing)\n|l|\u2606blackred123\n|player|p2|\n|l|\u2606foxy67um\n|player|p1|\n","uploadtime":1770700294,"views":11,"formatid":"gen9vgc2026regi","rating":1143,"private":0,"password":null}