{"id":"gen9vgc2026regi-2561233723","format":"[Gen 9] VGC 2026 Reg I","players":["schisch","jd8erh"],"log":"|j|\u2606schisch\n|j|\u2606jd8erh\n|t:|1773775825\n|gametype|doubles\n|player|p1|schisch|2|1474\n|player|p2|jd8erh|265|1433\n|gen|9\n|tier|[Gen 9] VGC 2026 Reg I\n|rated|\n|rule|Species Clause: Limit one of each Pok\u00e9mon\n|rule|Item Clause: Limit 1 of each item\n|clearpoke\n|poke|p1|Dialga-Origin, L50|\n|poke|p1|Ursaluna, L50, M|\n|poke|p1|Ogerpon-Wellspring, L50, F|\n|poke|p1|Ho-Oh, L50|\n|poke|p1|Flutter Mane, L50|\n|poke|p1|Amoonguss, L50, M|\n|poke|p2|Miraidon, L50|\n|poke|p2|Lunala, L50|\n|poke|p2|Incineroar, L50, M|\n|poke|p2|Wo-Chien, L50|\n|poke|p2|Urshifu-*, L50, M|\n|poke|p2|Iron Treads, L50|\n|teampreview|4\n|inactive|Battle timer is ON: inactive players will automatically lose when time's up. (requested by jd8erh)\njd8erh has agreed to open team sheets.\n|inactive|schisch has 60 seconds left.\n|inactive|jd8erh has 60 seconds left.\n|\n|t:|1773775861\n|teamsize|p1|4\n|teamsize|p2|4\n|start\n|switch|p1a: Ho-Oh|Ho-Oh, L50|100/100\n|switch|p1b: Flutter Mane|Flutter Mane, L50|100/100\n|switch|p2a: Miraidon|Miraidon, L50|100/100\n|switch|p2b: Incineroar|Incineroar, L50, M|100/100\n|-fieldstart|move: Electric Terrain|[from] ability: Hadron Engine|[of] p2a: Miraidon\n|-ability|p2b: Incineroar|Intimidate|boost\n|-fail|p1a: Ho-Oh|unboost|[from] item: Clear Amulet|[of] p1a: Ho-Oh\n|-unboost|p1b: Flutter Mane|atk|1\n|turn|1\n|\n|t:|1773775879\n|-terastallize|p2a: Miraidon|Electric\n|move|p1b: Flutter Mane|Protect|p1b: Flutter Mane\n|-singleturn|p1b: Flutter Mane|Protect\n|move|p1a: Ho-Oh|Protect|p1a: Ho-Oh\n|-singleturn|p1a: Ho-Oh|Protect\n|move|p2a: Miraidon|Volt Switch|p1b: Flutter Mane\n|-activate|p1b: Flutter Mane|move: Protect\n|move|p2b: Incineroar|Flare Blitz|p1b: Flutter Mane\n|-activate|p1b: Flutter Mane|move: Protect\n|\n|upkeep\n|turn|2\n|\n|t:|1773775899\n|switch|p1a: Ursaluna|Ursaluna, L50, M|100/100\n|move|p1b: Flutter Mane|Shadow Ball|p2a: Miraidon\n|-damage|p2a: Miraidon|80/100\n|-unboost|p2a: Miraidon|spd|1\n|move|p2a: Miraidon|Volt Switch|p1a: Ursaluna\n|-immune|p1a: Ursaluna\n|move|p2b: Incineroar|Knock Off|p1b: Flutter Mane\n|-damage|p1b: Flutter Mane|22/100\n|-enditem|p1b: Flutter Mane|Focus Sash|[from] move: Knock Off|[of] p2b: Incineroar\n|\n|-status|p1a: Ursaluna|brn|[from] item: Flame Orb\n|upkeep\n|turn|3\n|inactive|schisch has 30 seconds left.\n|\n|t:|1773775934\n|-end|p1b: Flutter Mane|Protosynthesis|[silent]\n|switch|p1b: Ho-Oh|Ho-Oh, L50|100/100\n|switch|p2a: Wo-Chien|Wo-Chien, L50|100/100\n|-ability|p2a: Wo-Chien|Tablets of Ruin\n|move|p2b: Incineroar|Parting Shot|p1a: Ursaluna\n|-unboost|p1a: Ursaluna|atk|1\n|-unboost|p1a: Ursaluna|spa|1\n|\n|t:|1773775942\n|switch|p2b: Lunala|Lunala, L50|100/100|[from] Parting Shot\n|-enditem|p2b: Lunala|Electric Seed\n|-boost|p2b: Lunala|def|1|[from] item: Electric Seed\n|move|p1a: Ursaluna|Earthquake|p2a: Wo-Chien|[spread] p2a,p2b\n|-immune|p1b: Ho-Oh\n|-resisted|p2a: Wo-Chien\n|-damage|p2a: Wo-Chien|89/100\n|-damage|p2b: Lunala|93/100\n|\n|-heal|p2a: Wo-Chien|95/100|[from] item: Leftovers\n|-damage|p1a: Ursaluna|94/100 brn|[from] brn\n|upkeep\n|turn|4\n|\n|t:|1773775960\n|switch|p2a: Incineroar|Incineroar, L50, M|100/100\n|-ability|p2a: Incineroar|Intimidate|boost\n|-unboost|p1a: Ursaluna|atk|1\n|-fail|p1b: Ho-Oh|unboost|[from] item: Clear Amulet|[of] p1b: Ho-Oh\n|move|p1b: Ho-Oh|Sacred Fire|p2a: Incineroar\n|-resisted|p2a: Incineroar\n|-damage|p2a: Incineroar|75/100\n|move|p2b: Lunala|Moongeist Beam|p1b: Ho-Oh\n|-damage|p1b: Ho-Oh|66/100\n|move|p1a: Ursaluna|Facade|p2a: Incineroar\n|-damage|p2a: Incineroar|18/100\n|-damage|p1a: Ursaluna|78/100 brn|[from] item: Rocky Helmet|[of] p2a: Incineroar\n|\n|-damage|p1a: Ursaluna|72/100 brn|[from] brn\n|upkeep\n|turn|5\n|inactive|schisch has 30 seconds left.\n|inactive|schisch has 20 seconds left.\n|inactive|schisch has 15 seconds left.\n|\n|t:|1773776003\n|switch|p1a: Ogerpon|Ogerpon-Wellspring, L50, F|100/100\n|move|p1b: Ho-Oh|Protect|p1b: Ho-Oh\n|-singleturn|p1b: Ho-Oh|Protect\n|move|p2a: Incineroar|Fake Out|p1a: Ogerpon\n|-crit|p1a: Ogerpon\n|-damage|p1a: Ogerpon|82/100\n|move|p2b: Lunala|Moongeist Beam|p1b: Ho-Oh\n|-activate|p1b: Ho-Oh|move: Protect\n|\n|-fieldend|move: Electric Terrain\n|upkeep\n|turn|6\n|\n|t:|1773776024\n|switch|p2a: Miraidon|Miraidon, L50, tera:Electric|80/100\n|-fieldstart|move: Electric Terrain|[from] ability: Hadron Engine|[of] p2a: Miraidon\n|move|p1a: Ogerpon|Ivy Cudgel|p2b: Lunala|[anim] Ivy Cudgel Water\n|-crit|p2b: Lunala\n|-damage|p2b: Lunala|39/100\n|move|p1b: Ho-Oh|Sacred Fire|p2b: Lunala\n|-damage|p2b: Lunala|9/100\n|-status|p2b: Lunala|brn\n|move|p2b: Lunala|Moongeist Beam|p1a: Ogerpon\n|-damage|p1a: Ogerpon|30/100\n|\n|-damage|p2b: Lunala|3/100 brn|[from] brn\n|upkeep\n|turn|7\n|inactive|schisch has 30 seconds left.\n|inactive|schisch has 20 seconds left.\n|inactive|schisch has 15 seconds left.\n|inactive|schisch has 10 seconds left.\n|\n|t:|1773776072\n|switch|p1a: Ursaluna|Ursaluna, L50, M|72/100 brn\n|-terastallize|p1b: Ho-Oh|Grass\n|move|p2a: Miraidon|Volt Switch|p1b: Ho-Oh\n|-resisted|p1b: Ho-Oh\n|-damage|p1b: Ho-Oh|35/100\n|\n|t:|1773776080\n|switch|p2a: Incineroar|Incineroar, L50, M|18/100|[from] Volt Switch\n|-ability|p2a: Incineroar|Intimidate|boost\n|-unboost|p1a: Ursaluna|atk|1\n|-fail|p1b: Ho-Oh|unboost|[from] item: Clear Amulet|[of] p1b: Ho-Oh\n|move|p1b: Ho-Oh|Tailwind|p1b: Ho-Oh\n|-sidestart|p1: schisch|move: Tailwind\n|move|p2b: Lunala|Moongeist Beam|p1a: Ursaluna\n|-immune|p1a: Ursaluna\n|\n|-damage|p1a: Ursaluna|65/100 brn|[from] brn\n|-damage|p2b: Lunala|0 fnt|[from] brn\n|faint|p2b: Lunala\n|upkeep\n|\n|t:|1773776085\n|switch|p2b: Miraidon|Miraidon, L50, tera:Electric|80/100\n|-activate|p2b: Miraidon|ability: Hadron Engine\n|turn|8\n|\n|t:|1773776104\n|switch|p1a: Ogerpon|Ogerpon-Wellspring, L50, F|30/100\n|move|p1b: Ho-Oh|Protect|p1b: Ho-Oh\n|-singleturn|p1b: Ho-Oh|Protect\n|move|p2a: Incineroar|Fake Out|p1a: Ogerpon\n|-damage|p1a: Ogerpon|18/100\n|move|p2b: Miraidon|Electro Drift|p1b: Ho-Oh\n|-activate|p1b: Ho-Oh|move: Protect\n|\n|upkeep\n|turn|9\n|\n|t:|1773776126\n|switch|p2a: Wo-Chien|Wo-Chien, L50|95/100\n|-ability|p2a: Wo-Chien|Tablets of Ruin\n|move|p1a: Ogerpon|Ivy Cudgel|p2a: Wo-Chien|[anim] Ivy Cudgel Water\n|-resisted|p2a: Wo-Chien\n|-damage|p2a: Wo-Chien|80/100\n|move|p1b: Ho-Oh|Sacred Fire|p2b: Miraidon\n|-damage|p2b: Miraidon|37/100\n|-status|p2b: Miraidon|brn\n|move|p2b: Miraidon|Electro Drift|p1b: Ho-Oh\n|-resisted|p1b: Ho-Oh\n|-damage|p1b: Ho-Oh|0 fnt\n|faint|p1b: Ho-Oh\n|\n|-heal|p2a: Wo-Chien|86/100|[from] item: Leftovers\n|-damage|p2b: Miraidon|32/100 brn|[from] brn\n|upkeep\n|\n|t:|1773776146\n|switch|p1b: Flutter Mane|Flutter Mane, L50|22/100\n|turn|10\n|\n|t:|1773776159\n|move|p1b: Flutter Mane|Moonblast|p2a: Wo-Chien\n|-supereffective|p2a: Wo-Chien\n|-damage|p2a: Wo-Chien|24/100\n|move|p1a: Ogerpon|Ivy Cudgel|p2b: Miraidon|[anim] Ivy Cudgel Water\n|-damage|p2b: Miraidon|0 fnt\n|faint|p2b: Miraidon\n|move|p2a: Wo-Chien|Foul Play|p1b: Flutter Mane\n|-damage|p1b: Flutter Mane|0 fnt\n|faint|p1b: Flutter Mane\n|-end|p1b: Flutter Mane|Protosynthesis|[silent]\n|\n|-heal|p2a: Wo-Chien|30/100|[from] item: Leftovers\n|-sideend|p1: schisch|move: Tailwind\n|-fieldend|move: Electric Terrain\n|upkeep\n|\n|t:|1773776176\n|switch|p1b: Ursaluna|Ursaluna, L50, M|65/100 brn\n|switch|p2b: Incineroar|Incineroar, L50, M|18/100\n|-ability|p2b: Incineroar|Intimidate|boost\n|-unboost|p1a: Ogerpon|atk|1\n|-unboost|p1b: Ursaluna|atk|1\n|turn|11\n|\n|t:|1773776187\n|move|p1a: Ogerpon|Spiky Shield|p1a: Ogerpon\n|-singleturn|p1a: Ogerpon|move: Protect\n|move|p1b: Ursaluna|Protect|p1b: Ursaluna\n|-singleturn|p1b: Ursaluna|Protect\n|move|p2b: Incineroar|Fake Out|p1b: Ursaluna\n|-activate|p1b: Ursaluna|move: Protect\n|move|p2a: Wo-Chien|Pollen Puff|p2b: Incineroar\n|-heal|p2b: Incineroar|68/100\n|\n|-heal|p2a: Wo-Chien|36/100|[from] item: Leftovers\n|-damage|p1b: Ursaluna|59/100 brn|[from] brn\n|upkeep\n|turn|12\n|\n|t:|1773776204\n|move|p1a: Ogerpon|Ivy Cudgel|p2b: Incineroar|[anim] Ivy Cudgel Water\n|-supereffective|p2b: Incineroar\n|-crit|p2b: Incineroar\n|-damage|p2b: Incineroar|0 fnt\n|faint|p2b: Incineroar\n|move|p2a: Wo-Chien|Foul Play|p1b: Ursaluna\n|-crit|p1b: Ursaluna\n|-damage|p1b: Ursaluna|0 fnt\n|faint|p1b: Ursaluna\n|\n|-heal|p2a: Wo-Chien|43/100|[from] item: Leftovers\n|upkeep\n|turn|13\n|\n|t:|1773776219\n|move|p2a: Wo-Chien|Protect|p2a: Wo-Chien\n|-singleturn|p2a: Wo-Chien|Protect\n|move|p1a: Ogerpon|Ivy Cudgel|p2a: Wo-Chien|[anim] Ivy Cudgel Water\n|-activate|p2a: Wo-Chien|move: Protect\n|\n|-heal|p2a: Wo-Chien|49/100|[from] item: Leftovers\n|upkeep\n|turn|14\n|c|\u2606jd8erh|Gg\n|\n|t:|1773776231\n|move|p1a: Ogerpon|Horn Leech|p2a: Wo-Chien\n|-resisted|p2a: Wo-Chien\n|-damage|p2a: Wo-Chien|42/100\n|-heal|p1a: Ogerpon|22/100|[from] drain|[of] p2a: Wo-Chien\n|move|p2a: Wo-Chien|Pollen Puff|p1a: Ogerpon\n|-supereffective|p1a: Ogerpon\n|-damage|p1a: Ogerpon|0 fnt\n|faint|p1a: Ogerpon\n|\n|win|jd8erh\n|raw|schisch's rating: 1474 &rarr; <strong>1452</strong><br />(-22 for losing)\n|raw|jd8erh's rating: 1433 &rarr; <strong>1455</strong><br />(+22 for winning)\n|l|\u2606schisch\n|player|p1|\n|l|\u2606jd8erh\n|player|p2|\n","uploadtime":1773776477,"views":13,"formatid":"gen9vgc2026regi","rating":1452,"private":0,"password":null}