{"id":"gen9vgc2026regi-2584877382","format":"[Gen 9] VGC 2026 Reg I","players":["Asteroidfish224","Bman311"],"log":"|j|\u2606Asteroidfish224\n|j|\u2606Bman311\n|t:|1776290811\n|gametype|doubles\n|player|p1|Asteroidfish224|266|1364\n|player|p2|Bman311|1|1527\n|gen|9\n|tier|[Gen 9] VGC 2026 Reg I\n|rated|\n|rule|Species Clause: Limit one of each Pok\u00e9mon\n|rule|Item Clause: Limit 1 of each item\n|clearpoke\n|poke|p1|Raging Bolt, L50|\n|poke|p1|Chien-Pao, L50|\n|poke|p1|Calyrex-Shadow, L50|\n|poke|p1|Rillaboom, L50, M|\n|poke|p1|Amoonguss, L50, F|\n|poke|p1|Zamazenta-*, L50|\n|poke|p2|Iron Bundle, L50|\n|poke|p2|Farigiraf, L50, M|\n|poke|p2|Calyrex-Ice, L50|\n|poke|p2|Miraidon, L50|\n|poke|p2|Iron Hands, L50|\n|poke|p2|Annihilape, L50, M|\n|teampreview|4\n|inactive|Battle timer is ON: inactive players will automatically lose when time's up. (requested by Bman311)\n|\n|t:|1776290834\n|teamsize|p1|4\n|teamsize|p2|4\n|start\n|switch|p1a: Calyrex|Calyrex-Shadow, L50|100/100\n|switch|p1b: Rillaboom|Rillaboom, L50, M|100/100\n|switch|p2a: Calyrex|Calyrex-Ice, L50|100/100\n|switch|p2b: Annihilape|Annihilape, L50, M|100/100\n|-ability|p1a: Calyrex|As One\n|-ability|p1a: Calyrex|Unnerve\n|-ability|p2a: Calyrex|As One\n|-ability|p2a: Calyrex|Unnerve\n|-fieldstart|move: Grassy Terrain|[from] ability: Grassy Surge|[of] p1b: Rillaboom\n|turn|1\n|inactive|Bman311 has 30 seconds left.\n|\n|t:|1776290861\n|switch|p2b: Farigiraf|Farigiraf, L50, M|100/100\n|-terastallize|p2a: Calyrex|Fire\n|move|p1b: Rillaboom|Fake Out||[still]\n|cant|p2b: Farigiraf|ability: Armor Tail|Fake Out|[of] p1b: Rillaboom\n|move|p1a: Calyrex|Astral Barrage|p2b: Farigiraf|[spread] p2a\n|-immune|p2b: Farigiraf\n|-damage|p2a: Calyrex|61/100\n|move|p2a: Calyrex|Glacial Lance|p1b: Rillaboom|[spread] p1a,p1b\n|-supereffective|p1b: Rillaboom\n|-damage|p1a: Calyrex|29/100\n|-damage|p1b: Rillaboom|0 fnt\n|faint|p1b: Rillaboom\n|-ability|p2a: Calyrex|Chilling Neigh|boost\n|-boost|p2a: Calyrex|atk|1\n|\n|-heal|p1a: Calyrex|35/100|[from] Grassy Terrain\n|-heal|p2a: Calyrex|67/100|[from] Grassy Terrain\n|upkeep\n|\n|t:|1776290875\n|switch|p1b: Zamazenta|Zamazenta-Crowned, L50|100/100\n|-ability|p1b: Zamazenta|Dauntless Shield|boost\n|-boost|p1b: Zamazenta|def|1\n|turn|2\n|\n|t:|1776290888\n|move|p2a: Calyrex|Protect|p2a: Calyrex\n|-singleturn|p2a: Calyrex|Protect\n|move|p1a: Calyrex|Astral Barrage|p2a: Calyrex|[spread] \n|-activate|p2a: Calyrex|move: Protect\n|-immune|p2b: Farigiraf\n|move|p1b: Zamazenta|Body Press|p2b: Farigiraf\n|-damage|p2b: Farigiraf|49/100\n|move|p2b: Farigiraf|Trick Room|p2b: Farigiraf\n|-fieldstart|move: Trick Room|[of] p2b: Farigiraf\n|\n|-heal|p2a: Calyrex|73/100|[from] Grassy Terrain\n|-heal|p2b: Farigiraf|55/100|[from] Grassy Terrain\n|-heal|p1a: Calyrex|41/100|[from] Grassy Terrain\n|upkeep\n|turn|3\n|\n|t:|1776290905\n|move|p1b: Zamazenta|Wide Guard|p1b: Zamazenta\n|-singleturn|p1b: Zamazenta|Wide Guard\n|move|p2a: Calyrex|High Horsepower|p1a: Calyrex\n|-damage|p1a: Calyrex|0 fnt\n|faint|p1a: Calyrex\n|-ability|p2a: Calyrex|Chilling Neigh|boost\n|-boost|p2a: Calyrex|atk|1\n|move|p2b: Farigiraf|Roar|p1b: Zamazenta\n|drag|p1b: Raging Bolt|Raging Bolt, L50|100/100\n|\n|-heal|p2a: Calyrex|79/100|[from] Grassy Terrain\n|-heal|p2b: Farigiraf|61/100|[from] Grassy Terrain\n|upkeep\n|\n|t:|1776290911\n|switch|p1a: Zamazenta|Zamazenta-Crowned, L50|100/100\n|turn|4\n|\n|t:|1776290935\n|move|p2a: Calyrex|High Horsepower|p1b: Raging Bolt\n|-supereffective|p1b: Raging Bolt\n|-damage|p1b: Raging Bolt|0 fnt\n|faint|p1b: Raging Bolt\n|-end|p1b: Raging Bolt|Protosynthesis|[silent]\n|-ability|p2a: Calyrex|Chilling Neigh|boost\n|-boost|p2a: Calyrex|atk|1\n|move|p1a: Zamazenta|Body Press|p2a: Calyrex\n|-damage|p2a: Calyrex|51/100\n|move|p2b: Farigiraf|Trick Room|p2b: Farigiraf\n|-fieldend|move: Trick Room\n|\n|-heal|p2b: Farigiraf|67/100|[from] Grassy Terrain\n|-heal|p2a: Calyrex|57/100|[from] Grassy Terrain\n|upkeep\n|turn|5\n|-message|Asteroidfish224 forfeited.\n|\n|win|Bman311\n|raw|Asteroidfish224's rating: 1364 &rarr; <strong>1353</strong><br />(-11 for losing)\n|raw|Bman311's rating: 1527 &rarr; <strong>1538</strong><br />(+11 for winning)\n|l|\u2606Asteroidfish224\n|player|p1|\n","uploadtime":1776290950,"views":13,"formatid":"gen9vgc2026regi","rating":1353,"private":0,"password":null}