{"id":"gen9vgc2026regi-2560778012","format":"[Gen 9] VGC 2026 Reg I","players":["ninjafrog666","TheManOfSausage"],"log":"|j|\u2606ninjafrog666\n|j|\u2606TheManOfSausage\n|t:|1773724665\n|gametype|doubles\n|player|p1|ninjafrog666|170|1379\n|player|p2|TheManOfSausage|miku-water|1372\n|gen|9\n|tier|[Gen 9] VGC 2026 Reg I\n|rated|\n|rule|Species Clause: Limit one of each Pok\u00e9mon\n|rule|Item Clause: Limit 1 of each item\n|clearpoke\n|poke|p1|Calyrex-Ice, L50|\n|poke|p1|Lunala, L50|\n|poke|p1|Urshifu-*, L50, M|\n|poke|p1|Smeargle, L50, M|\n|poke|p1|Torkoal, L50, M|\n|poke|p1|Grimmsnarl, L50, M|\n|poke|p2|Calyrex-Shadow, L50|\n|poke|p2|Miraidon, L50|\n|poke|p2|Clefairy, L50, M|\n|poke|p2|Rillaboom, L50, M|\n|poke|p2|Incineroar, L50, M|\n|poke|p2|Iron Bundle, L50|\n|teampreview|4\nTheManOfSausage has agreed to open team sheets.\n|\n|t:|1773724686\n|teamsize|p1|4\n|teamsize|p2|4\n|start\n|switch|p1a: Smeargle|Smeargle, L50, M|100/100\n|switch|p1b: Lunala|Lunala, L50|100/100\n|switch|p2a: Rice Shower|Calyrex-Shadow, L50|100/100\n|switch|p2b: Magical Mirai|Miraidon, L50|100/100\n|-ability|p2a: Rice Shower|As One\n|-ability|p2a: Rice Shower|Unnerve\n|-fieldstart|move: Electric Terrain|[from] ability: Hadron Engine|[of] p2b: Magical Mirai\n|turn|1\n|inactive|Battle timer is ON: inactive players will automatically lose when time's up. (requested by ninjafrog666)\n|\n|t:|1773724711\n|-terastallize|p1b: Lunala|Fairy\n|move|p1a: Smeargle|Follow Me|p1a: Smeargle\n|-singleturn|p1a: Smeargle|move: Follow Me\n|move|p2b: Magical Mirai|Snarl|p1b: Lunala|[spread] p1a,p1b\n|-resisted|p1b: Lunala\n|-damage|p1a: Smeargle|59/100\n|-damage|p1b: Lunala|97/100\n|-unboost|p1a: Smeargle|spa|1\n|-unboost|p1b: Lunala|spa|1\n|move|p2a: Rice Shower|Nasty Plot|p2a: Rice Shower\n|-boost|p2a: Rice Shower|spa|2\n|move|p1b: Lunala|Trick Room|p1b: Lunala\n|-fieldstart|move: Trick Room|[of] p1b: Lunala\n|\n|-ability|p1a: Smeargle|Moody|boost\n|-boost|p1a: Smeargle|def|2\n|-unboost|p1a: Smeargle|spd|1\n|upkeep\n|turn|2\n|inactive|ninjafrog666 has 30 seconds left.\n|\n|t:|1773724739\n|switch|p2b: Incineroar|Incineroar, L50, M, shiny|100/100\n|-ability|p2b: Incineroar|Intimidate|boost\n|-unboost|p1a: Smeargle|atk|1\n|-unboost|p1b: Lunala|atk|1\n|move|p2a: Rice Shower|Protect|p2a: Rice Shower\n|-singleturn|p2a: Rice Shower|Protect\n|move|p1b: Lunala|Meteor Beam||[still]\n|-prepare|p1b: Lunala|Meteor Beam\n|-boost|p1b: Lunala|spa|1\n|-enditem|p1b: Lunala|Power Herb\n|-anim|p1b: Lunala|Meteor Beam|p2a: Rice Shower\n|-activate|p2a: Rice Shower|move: Protect\n|move|p1a: Smeargle|Decorate|p1b: Lunala\n|-boost|p1b: Lunala|atk|2\n|-boost|p1b: Lunala|spa|2\n|\n|-ability|p1a: Smeargle|Moody|boost\n|-boost|p1a: Smeargle|def|2\n|-unboost|p1a: Smeargle|spe|1\n|upkeep\n|turn|3\n|\n|t:|1773724754\n|move|p2b: Incineroar|Fake Out|p1b: Lunala\n|-damage|p1b: Lunala|88/100\n|move|p1a: Smeargle|Decorate|p1b: Lunala\n|-boost|p1b: Lunala|atk|2\n|-boost|p1b: Lunala|spa|2\n|cant|p1b: Lunala|flinch\n|move|p2a: Rice Shower|Nasty Plot|p2a: Rice Shower\n|-boost|p2a: Rice Shower|spa|2\n|\n|-ability|p1a: Smeargle|Moody|boost\n|-boost|p1a: Smeargle|spa|2\n|-unboost|p1a: Smeargle|spd|1\n|upkeep\n|turn|4\n|\n|t:|1773724763\n|move|p2a: Rice Shower|Protect|p2a: Rice Shower\n|-singleturn|p2a: Rice Shower|Protect\n|move|p1a: Smeargle|Follow Me|p1a: Smeargle\n|-singleturn|p1a: Smeargle|move: Follow Me\n|move|p2b: Incineroar|Parting Shot|p1a: Smeargle\n|-unboost|p1a: Smeargle|atk|1\n|-unboost|p1a: Smeargle|spa|1\n|\n|t:|1773724766\n|switch|p2b: Clefairy|Clefairy, L50, M|100/100|[from] Parting Shot\n|move|p1b: Lunala|Moongeist Beam|p2a: Rice Shower\n|-activate|p2a: Rice Shower|move: Protect\n|\n|-ability|p1a: Smeargle|Moody|boost\n|-boost|p1a: Smeargle|spa|2\n|-unboost|p1a: Smeargle|spe|1\n|upkeep\n|turn|5\n|\n|t:|1773724784\n|move|p2b: Clefairy|Follow Me|p2b: Clefairy\n|-singleturn|p2b: Clefairy|move: Follow Me\n|move|p1a: Smeargle|Follow Me|p1a: Smeargle\n|-singleturn|p1a: Smeargle|move: Follow Me\n|move|p1b: Lunala|Dazzling Gleam|p2a: Rice Shower|[spread] p2a,p2b\n|-damage|p2a: Rice Shower|26/100\n|-damage|p2b: Clefairy|26/100\n|move|p2a: Rice Shower|Astral Barrage|p1a: Smeargle|[spread] p1b\n|-immune|p1a: Smeargle\n|-damage|p1b: Lunala|0 fnt\n|faint|p1b: Lunala\n|-ability|p2a: Rice Shower|Grim Neigh|boost\n|-boost|p2a: Rice Shower|spa|1\n|\n|-fieldend|move: Trick Room\n|-fieldend|move: Electric Terrain\n|-ability|p1a: Smeargle|Moody|boost\n|-boost|p1a: Smeargle|def|2\n|-unboost|p1a: Smeargle|atk|1\n|upkeep\n|\n|t:|1773724795\n|switch|p1b: Torkoal|Torkoal, L50, M|100/100\n|-weather|SunnyDay|[from] ability: Drought|[of] p1b: Torkoal\n|turn|6\n|\n|t:|1773724803\n|switch|p2b: Magical Mirai|Miraidon, L50|100/100\n|-fieldstart|move: Electric Terrain|[from] ability: Hadron Engine|[of] p2b: Magical Mirai\n|move|p1b: Torkoal|Protect|p1b: Torkoal\n|-singleturn|p1b: Torkoal|Protect\n|move|p2a: Rice Shower|Astral Barrage|p1a: Smeargle|[spread] \n|-activate|p1b: Torkoal|move: Protect\n|-immune|p1a: Smeargle\n|move|p1a: Smeargle|Spore|p2a: Rice Shower\n|-activate|p2a: Rice Shower|move: Electric Terrain\n|\n|-weather|SunnyDay|[upkeep]\n|-ability|p1a: Smeargle|Moody|boost\n|-boost|p1a: Smeargle|spe|2\n|-unboost|p1a: Smeargle|spa|1\n|upkeep\n|turn|7\n|-message|ninjafrog666 forfeited.\n|\n|win|TheManOfSausage\n|raw|ninjafrog666's rating: 1379 &rarr; <strong>1359</strong><br />(-20 for losing)\n|raw|TheManOfSausage's rating: 1372 &rarr; <strong>1392</strong><br />(+20 for winning)\n|l|\u2606ninjafrog666\n|player|p1|\n|l|\u2606TheManOfSausage\n|player|p2|\n","uploadtime":1773725091,"views":11,"formatid":"gen9vgc2026regi","rating":1359,"private":0,"password":null}