{"id":"gen9vgc2026regi-2565323263","format":"[Gen 9] VGC 2026 Reg I","players":["TheManOfSausage","Wawesome"],"log":"|j|\u2606TheManOfSausage\n|j|\u203dWawesome\n|t:|1774263014\n|gametype|doubles\n|player|p1|TheManOfSausage|1|1531\n|player|p2|Wawesome|1|1445\n|gen|9\n|tier|[Gen 9] VGC 2026 Reg I\n|rated|\n|rule|Species Clause: Limit one of each Pok\u00e9mon\n|rule|Item Clause: Limit 1 of each item\n|clearpoke\n|poke|p1|Calyrex-Shadow, L50|\n|poke|p1|Koraidon, L50|\n|poke|p1|Weezing-Galar, L50, M|\n|poke|p1|Brute Bonnet, L50|\n|poke|p1|Chi-Yu, L50|\n|poke|p1|Raging Bolt, L50|\n|poke|p2|Miraidon, L50|\n|poke|p2|Iron Hands, L50|\n|poke|p2|Calyrex-Ice, L50|\n|poke|p2|Ogerpon-Hearthflame, L50, F|\n|poke|p2|Farigiraf, L50, F|\n|poke|p2|Whimsicott, L50, F|\n|teampreview|4\n|\n|t:|1774263045\n|teamsize|p1|4\n|teamsize|p2|4\n|start\n|switch|p1a: Koraidon|Koraidon, L50|100/100\n|switch|p1b: Weezing|Weezing-Galar, L50, M|100/100\n|switch|p2a: Miraidon|Miraidon, L50|100/100\n|switch|p2b: Calyrex|Calyrex-Ice, L50|100/100\n|-ability|p1b: Weezing|Neutralizing Gas\n|-block|p1a: Koraidon|item: Ability Shield\n|-ability|p2b: Calyrex|As One\n|-ability|p2b: Calyrex|Unnerve\n|-weather|SunnyDay|[from] ability: Orichalcum Pulse|[of] p1a: Koraidon\n|-activate|p1a: Koraidon|Orichalcum Pulse|[source]\n|turn|1\n|\n|t:|1774263061\n|-terastallize|p2b: Calyrex|Fairy\n|move|p1a: Koraidon|Protect|p1a: Koraidon\n|-singleturn|p1a: Koraidon|Protect\n|move|p2a: Miraidon|Volt Switch|p1b: Weezing\n|-damage|p1b: Weezing|47/100\n|\n|t:|1774263069\n|switch|p2a: Iron Hands|Iron Hands, L50|100/100|[from] Volt Switch\n|move|p1b: Weezing|Taunt|p2b: Calyrex\n|-start|p2b: Calyrex|move: Taunt\n|move|p2b: Calyrex|Glacial Lance|p1b: Weezing|[spread] p1b\n|-activate|p1a: Koraidon|move: Protect\n|-damage|p1b: Weezing|8/100\n|\n|-weather|SunnyDay|[upkeep]\n|upkeep\n|turn|2\n|\n|t:|1774263089\n|-terastallize|p1a: Koraidon|Fire\n|move|p2a: Iron Hands|Fake Out|p1b: Weezing\n|-damage|p1b: Weezing|0 fnt\n|-damage|p2a: Iron Hands|84/100|[from] item: Rocky Helmet|[of] p1b: Weezing\n|faint|p1b: Weezing\n|-end|p1b: Weezing|ability: Neutralizing Gas\n|move|p1a: Koraidon|Flare Blitz|p2b: Calyrex\n|-damage|p2b: Calyrex|11/100\n|-damage|p1a: Koraidon|67/100|[from] Recoil\n|move|p2b: Calyrex|Glacial Lance|p1a: Koraidon\n|-resisted|p1a: Koraidon\n|-damage|p1a: Koraidon|35/100\n|\n|-weather|SunnyDay|[upkeep]\n|upkeep\n|\n|t:|1774263092\n|switch|p1b: Rice Shower|Calyrex-Shadow, L50|100/100\n|-ability|p1b: Rice Shower|As One\n|-ability|p1b: Rice Shower|Unnerve\n|turn|3\n|\n|t:|1774263114\n|move|p1b: Rice Shower|Astral Barrage|p2b: Calyrex|[spread] p2a,p2b\n|-damage|p2a: Iron Hands|47/100\n|-damage|p2b: Calyrex|0 fnt\n|faint|p2b: Calyrex\n|-ability|p1b: Rice Shower|Grim Neigh|boost\n|-boost|p1b: Rice Shower|spa|1\n|move|p1a: Koraidon|Flame Charge|p2a: Iron Hands\n|-damage|p2a: Iron Hands|0 fnt\n|-boost|p1a: Koraidon|spe|1\n|faint|p2a: Iron Hands\n|-end|p2a: Iron Hands|Quark Drive|[silent]\n|\n|-weather|SunnyDay|[upkeep]\n|upkeep\n|\n|t:|1774263124\n|switch|p2a: Miraidon|Miraidon, L50|100/100\n|switch|p2b: Ogerpon|Ogerpon-Hearthflame, L50, F|100/100\n|-fieldstart|move: Electric Terrain|[from] ability: Hadron Engine|[of] p2a: Miraidon\n|-ability|p2b: Ogerpon|Mold Breaker\n|turn|4\n|\n|t:|1774263134\n|move|p2a: Miraidon|Snarl|p1b: Rice Shower|[spread] p1a,p1b\n|-supereffective|p1b: Rice Shower\n|-damage|p1a: Koraidon|16/100\n|-damage|p1b: Rice Shower|14/100\n|-unboost|p1a: Koraidon|spa|1\n|-unboost|p1b: Rice Shower|spa|1\n|move|p1a: Koraidon|Collision Course|p2a: Miraidon\n|-damage|p2a: Miraidon|20/100\n|move|p1b: Rice Shower|Astral Barrage|p2b: Ogerpon|[spread] p2a,p2b\n|-damage|p2a: Miraidon|0 fnt\n|-damage|p2b: Ogerpon|35/100\n|faint|p2a: Miraidon\n|-ability|p1b: Rice Shower|Grim Neigh|boost\n|-boost|p1b: Rice Shower|spa|1\n|move|p2b: Ogerpon|Ivy Cudgel|p1a: Koraidon|[anim] Ivy Cudgel Fire\n|-resisted|p1a: Koraidon\n|-crit|p1a: Koraidon\n|-damage|p1a: Koraidon|0 fnt\n|faint|p1a: Koraidon\n|\n|-weather|SunnyDay|[upkeep]\n|upkeep\n|\n|t:|1774263137\n|switch|p1a: Brute Bonnet|Brute Bonnet, L50|100/100\n|-activate|p1a: Brute Bonnet|ability: Protosynthesis\n|-start|p1a: Brute Bonnet|protosynthesisdef\n|turn|5\n|-message|Wawesome forfeited.\n|\n|win|TheManOfSausage\n|raw|TheManOfSausage's rating: 1531 &rarr; <strong>1546</strong><br />(+15 for winning)\n|raw|Wawesome's rating: 1445 &rarr; <strong>1430</strong><br />(-15 for losing)\n|l|\u2606TheManOfSausage\n|player|p1|\n","uploadtime":1774263369,"views":16,"formatid":"gen9vgc2026regi","rating":1430,"private":0,"password":null}