{"id":"gen9vgc2026regi-2561756322","format":"[Gen 9] VGC 2026 Reg I","players":["Jerald Jimes","DJCoolAwesome13"],"log":"|j|\u2606Jerald Jimes\n|j|\u2606DJCoolAwesome13\n|t:|1773840671\n|gametype|doubles\n|player|p1|Jerald Jimes|turo|1419\n|player|p2|DJCoolAwesome13|1|1357\n|gen|9\n|tier|[Gen 9] VGC 2026 Reg I\n|rated|\n|rule|Species Clause: Limit one of each Pok\u00e9mon\n|rule|Item Clause: Limit 1 of each item\n|clearpoke\n|poke|p1|Chi-Yu, L50|\n|poke|p1|Landorus, L50, M|\n|poke|p1|Tornadus, L50, M|\n|poke|p1|Calyrex-Shadow, L50|\n|poke|p1|Zamazenta-*, L50|\n|poke|p1|Rillaboom, L50, M|\n|poke|p2|Lunala, L50|\n|poke|p2|Ursaluna, L50, F|\n|poke|p2|Urshifu-*, L50, F|\n|poke|p2|Miraidon, L50|\n|poke|p2|Grimmsnarl, L50, M|\n|poke|p2|Incineroar, L50, M|\n|teampreview|4\n|\n|t:|1773840761\n|teamsize|p1|4\n|teamsize|p2|4\n|start\n|switch|p1a: Landorus|Landorus, L50, M, shiny|100/100\n|switch|p1b: Calyrex|Calyrex-Shadow, L50|100/100\n|switch|p2a: Lunala|Lunala, L50|100/100\n|switch|p2b: Miraidon|Miraidon, L50|100/100\n|-ability|p1b: Calyrex|As One\n|-ability|p1b: Calyrex|Unnerve\n|-fieldstart|move: Electric Terrain|[from] ability: Hadron Engine|[of] p2b: Miraidon\n|-enditem|p2a: Lunala|Electric Seed\n|-boost|p2a: Lunala|def|1|[from] item: Electric Seed\n|turn|1\n|\n|t:|1773840779\n|-terastallize|p2a: Lunala|Fairy\n|move|p1b: Calyrex|Protect|p1b: Calyrex\n|-singleturn|p1b: Calyrex|Protect\n|move|p1a: Landorus|Protect|p1a: Landorus\n|-singleturn|p1a: Landorus|Protect\n|move|p2b: Miraidon|Volt Switch|p1b: Calyrex\n|-activate|p1b: Calyrex|move: Protect\n|move|p2a: Lunala|Trick Room|p2a: Lunala\n|-fieldstart|move: Trick Room|[of] p2a: Lunala\n|\n|upkeep\n|turn|2\n|\n|t:|1773840795\n|move|p2a: Lunala|Moongeist Beam|p1a: Landorus\n|-damage|p1a: Landorus|36/100\n|move|p1a: Landorus|Earth Power|p2b: Miraidon\n|-supereffective|p2b: Miraidon\n|-damage|p2b: Miraidon|31/100\n|move|p2b: Miraidon|Snarl|p1a: Landorus|[spread] p1a,p1b\n|-supereffective|p1b: Calyrex\n|-damage|p1a: Landorus|14/100\n|-damage|p1b: Calyrex|18/100\n|-unboost|p1a: Landorus|spa|1\n|-unboost|p1b: Calyrex|spa|1\n|move|p1b: Calyrex|Astral Barrage|p2a: Lunala|[spread] p2a,p2b\n|-damage|p2a: Lunala|87/100\n|-damage|p2b: Miraidon|14/100\n|\n|upkeep\n|turn|3\n|\n|t:|1773840816\n|switch|p1a: Rillaboom|Rillaboom, L50, M, shiny|100/100\n|-fieldstart|move: Grassy Terrain|[from] ability: Grassy Surge|[of] p1a: Rillaboom\n|move|p1b: Calyrex|Protect|p1b: Calyrex\n|-singleturn|p1b: Calyrex|Protect\n|move|p2a: Lunala|Moonblast|p1a: Rillaboom\n|-damage|p1a: Rillaboom|72/100\n|move|p2b: Miraidon|Snarl|p1b: Calyrex|[spread] p1a\n|-activate|p1b: Calyrex|move: Protect\n|-damage|p1a: Rillaboom|61/100\n|-unboost|p1a: Rillaboom|spa|1\n|\n|-heal|p1a: Rillaboom|67/100|[from] Grassy Terrain\n|-heal|p2a: Lunala|94/100|[from] Grassy Terrain\n|-heal|p2b: Miraidon|19/100|[from] Grassy Terrain\n|-heal|p1b: Calyrex|24/100|[from] Grassy Terrain\n|upkeep\n|turn|4\n|\n|t:|1773840838\n|switch|p1b: Tornadus|Tornadus, L50, M, shiny|100/100\n|move|p1a: Rillaboom|U-turn|p2b: Miraidon\n|-damage|p2b: Miraidon|0 fnt\n|faint|p2b: Miraidon\n|\n|t:|1773840856\n|switch|p1a: Calyrex|Calyrex-Shadow, L50|24/100|[from] U-turn\n|-ability|p1a: Calyrex|As One\n|-ability|p1a: Calyrex|Unnerve\n|move|p2a: Lunala|Moonblast|p1b: Tornadus\n|-damage|p1b: Tornadus|38/100\n|\n|-heal|p2a: Lunala|99/100|[from] Grassy Terrain\n|-heal|p1a: Calyrex|30/100|[from] Grassy Terrain\n|upkeep\n|\n|t:|1773840865\n|switch|p2b: Urshifu|Urshifu-Rapid-Strike, L50, F|100/100\n|turn|5\n|\n|t:|1773840908\n|switch|p1a: Rillaboom|Rillaboom, L50, M, shiny|67/100\n|move|p1b: Tornadus|Tailwind|p1b: Tornadus\n|-sidestart|p1: Jerald Jimes|move: Tailwind\n|move|p2a: Lunala|Moongeist Beam|p1a: Rillaboom\n|-damage|p1a: Rillaboom|35/100\n|move|p2b: Urshifu|Surging Strikes|p1b: Tornadus\n|-crit|p1b: Tornadus\n|-damage|p1b: Tornadus|0 fnt\n|faint|p1b: Tornadus\n|-hitcount|p1: Tornadus|1\n|\n|-heal|p2a: Lunala|100/100|[from] Grassy Terrain\n|-heal|p1a: Rillaboom|41/100|[from] Grassy Terrain\n|-fieldend|move: Trick Room\n|upkeep\n|\n|t:|1773840929\n|switch|p1b: Calyrex|Calyrex-Shadow, L50|30/100\n|-ability|p1b: Calyrex|As One\n|-ability|p1b: Calyrex|Unnerve\n|turn|6\n|\n|t:|1773840968\n|switch|p2a: Ursaluna|Ursaluna, L50, F|100/100\n|move|p1a: Rillaboom|Fake Out|p2a: Ursaluna\n|-damage|p2a: Ursaluna|90/100\n|move|p1b: Calyrex|Psyshock|p2b: Urshifu\n|-supereffective|p2b: Urshifu\n|-damage|p2b: Urshifu|0 fnt\n|faint|p2b: Urshifu\n|-ability|p1b: Calyrex|Grim Neigh|boost\n|-boost|p1b: Calyrex|spa|1\n|\n|-heal|p1b: Calyrex|35/100|[from] Grassy Terrain\n|-heal|p1a: Rillaboom|47/100|[from] Grassy Terrain\n|-heal|p2a: Ursaluna|96/100|[from] Grassy Terrain\n|-status|p2a: Ursaluna|brn|[from] item: Flame Orb\n|upkeep\n|\n|t:|1773840975\n|switch|p2b: Lunala|Lunala, L50, tera:Fairy|100/100\n|turn|7\n|\n|t:|1773841024\n|move|p2a: Ursaluna|Protect|p2a: Ursaluna\n|-singleturn|p2a: Ursaluna|Protect\n|move|p1b: Calyrex|Psyshock|p2b: Lunala\n|-damage|p2b: Lunala|76/100\n|move|p1a: Rillaboom|Wood Hammer|p2b: Lunala\n|-damage|p2b: Lunala|24/100\n|-damage|p1a: Rillaboom|28/100|[from] Recoil\n|move|p2b: Lunala|Trick Room|p2b: Lunala\n|-fieldstart|move: Trick Room|[of] p2b: Lunala\n|\n|-heal|p2a: Ursaluna|100/100 brn|[from] Grassy Terrain\n|-heal|p2b: Lunala|30/100|[from] Grassy Terrain\n|-heal|p1a: Rillaboom|33/100|[from] Grassy Terrain\n|-heal|p1b: Calyrex|41/100|[from] Grassy Terrain\n|-damage|p2a: Ursaluna|95/100 brn|[from] brn\n|-fieldend|move: Grassy Terrain\n|upkeep\n|turn|8\n|\n|t:|1773841052\n|switch|p1a: Landorus|Landorus, L50, M, shiny|14/100\n|move|p1b: Calyrex|Protect|p1b: Calyrex\n|-singleturn|p1b: Calyrex|Protect\n|move|p2a: Ursaluna|Facade|p1a: Landorus\n|-damage|p1a: Landorus|0 fnt\n|faint|p1a: Landorus\n|move|p2b: Lunala|Moongeist Beam|p1b: Calyrex\n|-activate|p1b: Calyrex|move: Protect\n|\n|-damage|p2a: Ursaluna|89/100 brn|[from] brn\n|-sideend|p1: Jerald Jimes|move: Tailwind\n|upkeep\n|\n|t:|1773841054\n|switch|p1a: Rillaboom|Rillaboom, L50, M, shiny|33/100\n|-fieldstart|move: Grassy Terrain|[from] ability: Grassy Surge|[of] p1a: Rillaboom\n|turn|9\n|\n|t:|1773841096\n|move|p1b: Calyrex|Protect|p1b: Calyrex\n|-singleturn|p1b: Calyrex|Protect\n|move|p1a: Rillaboom|Grassy Glide|p2b: Lunala\n|-damage|p2b: Lunala|6/100\n|move|p2a: Ursaluna|Headlong Rush|p1b: Calyrex\n|-activate|p1b: Calyrex|move: Protect\n|move|p2b: Lunala|Moongeist Beam|p1b: Calyrex\n|-activate|p1b: Calyrex|move: Protect\n|\n|-heal|p2a: Ursaluna|95/100 brn|[from] Grassy Terrain\n|-heal|p1a: Rillaboom|39/100|[from] Grassy Terrain\n|-heal|p2b: Lunala|12/100|[from] Grassy Terrain\n|-heal|p1b: Calyrex|47/100|[from] Grassy Terrain\n|-damage|p2a: Ursaluna|89/100 brn|[from] brn\n|upkeep\n|turn|10\n|\n|t:|1773841141\n|move|p1a: Rillaboom|Grassy Glide|p2b: Lunala\n|-damage|p2b: Lunala|0 fnt\n|faint|p2b: Lunala\n|move|p2a: Ursaluna|Facade|p1a: Rillaboom\n|-damage|p1a: Rillaboom|0 fnt\n|faint|p1a: Rillaboom\n|move|p1b: Calyrex|Psyshock|p2a: Ursaluna\n|-damage|p2a: Ursaluna|31/100 brn\n|\n|-heal|p2a: Ursaluna|36/100 brn|[from] Grassy Terrain\n|-heal|p1b: Calyrex|52/100|[from] Grassy Terrain\n|-damage|p2a: Ursaluna|31/100 brn|[from] brn\n|upkeep\n|turn|11\n|-message|DJCoolAwesome13 forfeited.\n|\n|win|Jerald Jimes\n|raw|Jerald Jimes's rating: 1419 &rarr; <strong>1435</strong><br />(+16 for winning)\n|raw|DJCoolAwesome13's rating: 1357 &rarr; <strong>1341</strong><br />(-16 for losing)\n|l|\u2606DJCoolAwesome13\n|player|p2|\n","uploadtime":1773841152,"views":11,"formatid":"gen9vgc2026regi","rating":1341,"private":0,"password":null}