{"id":"gen9vgc2026regi-2584521109","format":"[Gen 9] VGC 2026 Reg I","players":["Tweak69","avarussurava"],"log":"|j|\u2606Tweak69\n|j|\u2606avarussurava\n|t:|1776266310\n|gametype|doubles\n|player|p1|Tweak69|bruno|1367\n|player|p2|avarussurava|101|1451\n|gen|9\n|tier|[Gen 9] VGC 2026 Reg I\n|rated|\n|rule|Species Clause: Limit one of each Pok\u00e9mon\n|rule|Item Clause: Limit 1 of each item\n|clearpoke\n|poke|p1|Amoonguss, L50, F|\n|poke|p1|Calyrex-Ice, L50|\n|poke|p1|Kyogre, L50|\n|poke|p1|Grimmsnarl, L50, M|\n|poke|p1|Flutter Mane, L50|\n|poke|p1|Rillaboom, L50, M|\n|poke|p2|Kyogre, L50|\n|poke|p2|Tyranitar, L50, M|\n|poke|p2|Zamazenta-*, L50|\n|poke|p2|Gastrodon, L50, F|\n|poke|p2|Sinistcha, L50|\n|poke|p2|Ceruledge, L50, F|\n|teampreview|4\n|inactive|Battle timer is ON: inactive players will automatically lose when time's up. (requested by Tweak69)\n|\n|t:|1776266340\n|teamsize|p1|4\n|teamsize|p2|4\n|start\n|switch|p1a: Calyrex|Calyrex-Ice, L50|100/100\n|switch|p1b: Amoonguss|Amoonguss, L50, F|100/100\n|switch|p2a: Zamazenta|Zamazenta-Crowned, L50|100/100\n|switch|p2b: Ceruledge|Ceruledge, L50, F|100/100\n|-ability|p1a: Calyrex|As One\n|-ability|p1a: Calyrex|Unnerve\n|-ability|p2a: Zamazenta|Dauntless Shield|boost\n|-boost|p2a: Zamazenta|def|1\n|turn|1\n|inactive|Tweak69 has 30 seconds left.\n|\n|t:|1776266370\n|move|p1a: Calyrex|Protect|p1a: Calyrex\n|-singleturn|p1a: Calyrex|Protect\n|move|p2a: Zamazenta|Iron Defense|p2a: Zamazenta\n|-boost|p2a: Zamazenta|def|2\n|move|p2b: Ceruledge|Taunt|p1a: Calyrex\n|-activate|p1a: Calyrex|move: Protect\n|move|p1b: Amoonguss|Spore|p2a: Zamazenta\n|-status|p2a: Zamazenta|slp|[from] move: Spore\n|\n|upkeep\n|turn|2\n|\n|t:|1776266391\n|move|p1b: Amoonguss|Rage Powder|p1b: Amoonguss\n|-singleturn|p1b: Amoonguss|move: Rage Powder\n|cant|p2a: Zamazenta|slp\n|move|p2b: Ceruledge|Taunt|p1a: Calyrex\n|-start|p1a: Calyrex|move: Taunt\n|move|p1a: Calyrex|Glacial Lance|p2b: Ceruledge|[spread] p2a,p2b\n|-resisted|p2a: Zamazenta\n|-resisted|p2b: Ceruledge\n|-damage|p2a: Zamazenta|95/100 slp\n|-damage|p2b: Ceruledge|66/100\n|\n|upkeep\n|turn|3\n|inactive|Tweak69 has 30 seconds left.\n|\n|t:|1776266418\n|cant|p2a: Zamazenta|slp\n|move|p2b: Ceruledge|Bitter Blade|p1a: Calyrex\n|-supereffective|p1a: Calyrex\n|-damage|p1a: Calyrex|48/100\n|-heal|p2b: Ceruledge|100/100|[from] drain|[of] p1a: Calyrex\n|move|p1a: Calyrex|Glacial Lance|p2a: Zamazenta|[spread] p2a,p2b\n|-resisted|p2a: Zamazenta\n|-resisted|p2b: Ceruledge\n|-damage|p2a: Zamazenta|89/100 slp\n|-damage|p2b: Ceruledge|68/100\n|move|p1b: Amoonguss|Spore|p2b: Ceruledge\n|-activate|p2b: Ceruledge|item: Safety Goggles|Spore\n|\n|-heal|p1a: Calyrex|54/100|[from] item: Leftovers\n|upkeep\n|turn|4\n|\n|t:|1776266441\n|-curestatus|p2a: Zamazenta|slp|[msg]\n|move|p2a: Zamazenta|Iron Defense|p2a: Zamazenta\n|-boost|p2a: Zamazenta|def|2\n|move|p2b: Ceruledge|Taunt|p1b: Amoonguss\n|-start|p1b: Amoonguss|move: Taunt\n|move|p1a: Calyrex|Glacial Lance|p2a: Zamazenta|[spread] p2a,p2b\n|-resisted|p2a: Zamazenta\n|-resisted|p2b: Ceruledge\n|-damage|p2a: Zamazenta|84/100\n|-damage|p2b: Ceruledge|36/100\n|move|p1b: Amoonguss|Pollen Puff|p1a: Calyrex\n|-heal|p1a: Calyrex|100/100\n|\n|-end|p1a: Calyrex|move: Taunt\n|upkeep\n|turn|5\n|\n|t:|1776266463\n|switch|p1b: Kyogre|Kyogre, L50|100/100\n|-weather|RainDance|[from] ability: Drizzle|[of] p1b: Kyogre\n|move|p1a: Calyrex|Protect|p1a: Calyrex\n|-singleturn|p1a: Calyrex|Protect\n|move|p2a: Zamazenta|Body Press|p1a: Calyrex\n|-activate|p1a: Calyrex|move: Protect\n|move|p2b: Ceruledge|Bitter Blade|p1b: Kyogre\n|-resisted|p1b: Kyogre\n|-damage|p1b: Kyogre|88/100\n|-heal|p2b: Ceruledge|44/100|[from] drain|[of] p1b: Kyogre\n|\n|-weather|RainDance|[upkeep]\n|upkeep\n|turn|6\n|\n|t:|1776266482\n|move|p2a: Zamazenta|Body Press|p1b: Kyogre\n|-damage|p1b: Kyogre|0 fnt\n|faint|p1b: Kyogre\n|move|p2b: Ceruledge|Taunt|p1a: Calyrex\n|-start|p1a: Calyrex|move: Taunt\n|cant|p1a: Calyrex|move: Taunt|Leech Seed\n|\n|-weather|RainDance|[upkeep]\n|upkeep\n|\n|t:|1776266492\n|switch|p1b: Flutter Mane|Flutter Mane, L50|100/100\n|turn|7\n|\n|t:|1776266509\n|move|p2b: Ceruledge|Shadow Sneak|p1b: Flutter Mane\n|-supereffective|p1b: Flutter Mane\n|-enditem|p1b: Flutter Mane|Focus Sash\n|-damage|p1b: Flutter Mane|1/100\n|move|p1b: Flutter Mane|Shadow Ball|p2b: Ceruledge\n|-supereffective|p2b: Ceruledge\n|-damage|p2b: Ceruledge|0 fnt\n|faint|p2b: Ceruledge\n|move|p2a: Zamazenta|Snarl|p1b: Flutter Mane|[spread] p1a,p1b\n|-supereffective|p1a: Calyrex\n|-damage|p1a: Calyrex|92/100\n|-damage|p1b: Flutter Mane|0 fnt\n|-unboost|p1a: Calyrex|spa|1\n|faint|p1b: Flutter Mane\n|-end|p1b: Flutter Mane|Protosynthesis|[silent]\n|move|p1a: Calyrex|Glacial Lance|p2a: Zamazenta\n|-resisted|p2a: Zamazenta\n|-damage|p2a: Zamazenta|78/100\n|\n|-weather|RainDance|[upkeep]\n|-heal|p1a: Calyrex|98/100|[from] item: Leftovers\n|upkeep\n|inactive|avarussurava has 30 seconds left.\n|inactive|avarussurava has 20 seconds left.\n|\n|t:|1776266545\n|switch|p1b: Amoonguss|Amoonguss, L50, F|100/100\n|switch|p2b: Gastrodon|Gastrodon, L50, F|100/100\n|turn|8\n|\n|t:|1776266561\n|move|p2a: Zamazenta|Body Press|p1b: Amoonguss\n|-resisted|p1b: Amoonguss\n|-damage|p1b: Amoonguss|28/100\n|-damage|p2a: Zamazenta|62/100|[from] item: Rocky Helmet|[of] p1b: Amoonguss\n|move|p2b: Gastrodon|Ice Beam|p1b: Amoonguss\n|-supereffective|p1b: Amoonguss\n|-damage|p1b: Amoonguss|0 fnt\n|faint|p1b: Amoonguss\n|move|p1a: Calyrex|Glacial Lance|p2a: Zamazenta|[spread] p2a,p2b\n|-resisted|p2a: Zamazenta\n|-damage|p2a: Zamazenta|57/100\n|-damage|p2b: Gastrodon|48/100\n|\n|-weather|RainDance|[upkeep]\n|-heal|p1a: Calyrex|100/100|[from] item: Leftovers\n|-end|p1a: Calyrex|move: Taunt\n|upkeep\n|turn|9\n|inactive|avarussurava has 30 seconds left.\n|\n|t:|1776266591\n|-terastallize|p1a: Calyrex|Fairy\n|move|p2a: Zamazenta|Body Press|p1a: Calyrex\n|-resisted|p1a: Calyrex\n|-damage|p1a: Calyrex|59/100\n|move|p2b: Gastrodon|Earth Power|p1a: Calyrex\n|-crit|p1a: Calyrex\n|-damage|p1a: Calyrex|27/100\n|move|p1a: Calyrex|Leech Seed|p2a: Zamazenta\n|-start|p2a: Zamazenta|move: Leech Seed\n|\n|-weather|none\n|-heal|p1a: Calyrex|33/100|[from] item: Leftovers\n|-damage|p2a: Zamazenta|45/100|[from] Leech Seed|[of] p1a: Calyrex\n|-heal|p1a: Calyrex|43/100|[silent]\n|upkeep\n|turn|10\n|\n|t:|1776266608\n|move|p1a: Calyrex|Protect|p1a: Calyrex\n|-singleturn|p1a: Calyrex|Protect\n|move|p2a: Zamazenta|Body Press|p1a: Calyrex\n|-activate|p1a: Calyrex|move: Protect\n|move|p2b: Gastrodon|Earth Power|p1a: Calyrex\n|-activate|p1a: Calyrex|move: Protect\n|\n|-heal|p1a: Calyrex|48/100|[from] item: Leftovers\n|-damage|p2a: Zamazenta|33/100|[from] Leech Seed|[of] p1a: Calyrex\n|-heal|p1a: Calyrex|58/100|[silent]\n|upkeep\n|turn|11\n|\n|t:|1776266623\n|move|p2a: Zamazenta|Body Press|p1a: Calyrex\n|-resisted|p1a: Calyrex\n|-damage|p1a: Calyrex|16/100\n|move|p2b: Gastrodon|Earth Power|p1a: Calyrex\n|-damage|p1a: Calyrex|0 fnt\n|faint|p1a: Calyrex\n|\n|win|avarussurava\n|raw|Tweak69's rating: 1367 &rarr; <strong>1352</strong><br />(-15 for losing)\n|raw|avarussurava's rating: 1451 &rarr; <strong>1466</strong><br />(+15 for winning)\n|l|\u2606Tweak69\n|player|p1|\n","uploadtime":1776266632,"views":9,"formatid":"gen9vgc2026regi","rating":1352,"private":0,"password":null}