{"id":"gen9vgc2026regi-2566701596","format":"[Gen 9] VGC 2026 Reg I","players":["mokoulove (\u2312_\u309d\u2312)","slimeslatt252"],"log":"|j|\u2606mokoulove (\u2312_\u309d\u2312)\n|j|\u2606slimeslatt252\n|t:|1774399764\n|gametype|doubles\n|player|p1|mokoulove (\u2312_\u309d\u2312)|169|1383\n|player|p2|slimeslatt252|170|1476\n|gen|9\n|tier|[Gen 9] VGC 2026 Reg I\n|rated|\n|rule|Species Clause: Limit one of each Pok\u00e9mon\n|rule|Item Clause: Limit 1 of each item\n|clearpoke\n|poke|p1|Weezing-Galar, L50, F|\n|poke|p1|Murkrow, L50, F|\n|poke|p1|Terapagos, L50, M|\n|poke|p1|Smeargle, L50, M|\n|poke|p1|Lunala, L50|\n|poke|p1|Urshifu-*, L50, M|\n|poke|p2|Calyrex-Shadow, L50|\n|poke|p2|Koraidon, L50|\n|poke|p2|Incineroar, L50, M|\n|poke|p2|Raging Bolt, L50|\n|poke|p2|Brute Bonnet, L50|\n|poke|p2|Landorus, L50, M|\n|teampreview|4\n|inactive|Battle timer is ON: inactive players will automatically lose when time's up. (requested by slimeslatt252)\n|inactive|slimeslatt252 has 60 seconds left.\n|inactive|slimeslatt252 has 30 seconds left.\n|inactive|slimeslatt252 has 20 seconds left.\n|inactive|slimeslatt252 has 15 seconds left.\n|\n|t:|1774399841\n|teamsize|p1|4\n|teamsize|p2|4\n|start\n|switch|p1a: Weezing|Weezing-Galar, L50, F|100/100\n|switch|p1b: Murkrow|Murkrow, L50, F|100/100\n|switch|p2a: Koraidon|Koraidon, L50|100/100\n|switch|p2b: Incineroar|Incineroar, L50, M|100/100\n|-ability|p1a: Weezing|Neutralizing Gas\n|-block|p1b: Murkrow|item: Ability Shield\n|turn|1\n|\n|t:|1774399857\n|-terastallize|p2a: Koraidon|Fire\n|move|p1b: Murkrow|Protect|p1b: Murkrow\n|-singleturn|p1b: Murkrow|Protect\n|move|p1a: Weezing|Protect|p1a: Weezing\n|-singleturn|p1a: Weezing|Protect\n|move|p2b: Incineroar|Fake Out|p1b: Murkrow\n|-activate|p1b: Murkrow|move: Protect\n|move|p2a: Koraidon|Flame Charge|p1b: Murkrow\n|-activate|p1b: Murkrow|move: Protect\n|\n|upkeep\n|turn|2\n|\n|t:|1774399879\n|move|p1b: Murkrow|Tailwind|p1b: Murkrow\n|-sidestart|p1: mokoulove (\u2312_\u309d\u2312)|move: Tailwind\n|move|p1a: Weezing|Misty Explosion|p2b: Incineroar|[spread] p1b,p2a,p2b\n|-supereffective|p1b: Murkrow\n|-resisted|p2a: Koraidon\n|-damage|p1b: Murkrow|0 fnt\n|-damage|p2a: Koraidon|82/100\n|-damage|p2b: Incineroar|70/100\n|faint|p1a: Weezing\n|-end|p1a: Weezing|ability: Neutralizing Gas\n|-weather|SunnyDay|[from] ability: Orichalcum Pulse|[of] p2a: Koraidon\n|-activate|p2a: Koraidon|Orichalcum Pulse|[source]\n|faint|p1b: Murkrow\n|move|p2a: Koraidon|Flame Charge|p2b: Incineroar\n|-resisted|p2b: Incineroar\n|-damage|p2b: Incineroar|45/100\n|-boost|p2a: Koraidon|spe|1\n|-damage|p2a: Koraidon|66/100|[from] item: Rocky Helmet|[of] p2b: Incineroar\n|move|p2b: Incineroar|Parting Shot|p1: Weezing|[notarget]\n|-fail|p2b: Incineroar\n|\n|-weather|SunnyDay|[upkeep]\n|upkeep\n|\n|t:|1774399898\n|switch|p1a: Terapagos|Terapagos, L50, M|100/100\n|switch|p1b: Smeargle|Smeargle, L50, M|100/100\n|-activate|p1a: Terapagos|ability: Tera Shift\n|detailschange|p1a: Terapagos|Terapagos-Terastal, L50, M\n|-heal|p1a: Terapagos|100/100|[silent]\n|turn|3\n|\n|t:|1774399917\n|-terastallize|p1a: Terapagos|Stellar\n|detailschange|p1a: Terapagos|Terapagos-Stellar, L50, M, tera:Stellar\n|-heal|p1a: Terapagos|100/100|[silent]\n|-ability|p1a: Terapagos|Teraform Zero\n|-weather|none\n|move|p2a: Koraidon|Protect|p2a: Koraidon\n|-singleturn|p2a: Koraidon|Protect\n|move|p1b: Smeargle|Decorate|p1a: Terapagos\n|-boost|p1a: Terapagos|atk|2\n|-boost|p1a: Terapagos|spa|2\n|move|p1a: Terapagos|Tera Starstorm|p2a: Koraidon|[spread] p2b\n|-activate|p2a: Koraidon|move: Protect\n|-crit|p2b: Incineroar\n|-damage|p2b: Incineroar|0 fnt\n|faint|p2b: Incineroar\n|\n|upkeep\n|\n|t:|1774399936\n|switch|p2b: Calyrex|Calyrex-Shadow, L50|100/100\n|-ability|p2b: Calyrex|As One\n|-ability|p2b: Calyrex|Unnerve\n|turn|4\n|\n|t:|1774399944\n|move|p2b: Calyrex|Protect|p2b: Calyrex\n|-singleturn|p2b: Calyrex|Protect\n|move|p1b: Smeargle|Follow Me|p1b: Smeargle\n|-singleturn|p1b: Smeargle|move: Follow Me\n|move|p2a: Koraidon|Collision Course|p1b: Smeargle\n|-supereffective|p1b: Smeargle\n|-enditem|p1b: Smeargle|Focus Sash\n|-damage|p1b: Smeargle|1/100\n|move|p1a: Terapagos|Tera Starstorm|p2b: Calyrex|[spread] p2a\n|-activate|p2b: Calyrex|move: Protect\n|-supereffective|p2a: Koraidon\n|-damage|p2a: Koraidon|0 fnt\n|faint|p2a: Koraidon\n|\n|upkeep\n|\n|t:|1774399956\n|switch|p2a: raging dingus|Raging Bolt, L50|100/100\n|turn|5\n|\n|t:|1774399965\n|move|p1b: Smeargle|Decorate|p1a: Terapagos\n|-boost|p1a: Terapagos|atk|2\n|-boost|p1a: Terapagos|spa|2\n|move|p1a: Terapagos|Tera Starstorm|p2b: Calyrex|[spread] p2a,p2b\n|-damage|p2a: raging dingus|0 fnt\n|-enditem|p2b: Calyrex|Focus Sash\n|-damage|p2b: Calyrex|1/100\n|faint|p2a: raging dingus\n|-end|p2a: raging dingus|Protosynthesis|[silent]\n|move|p2b: Calyrex|Psychic|p1b: Smeargle\n|-damage|p1b: Smeargle|0 fnt\n|faint|p1b: Smeargle\n|-ability|p2b: Calyrex|Grim Neigh|boost\n|-boost|p2b: Calyrex|spa|1\n|\n|-sideend|p1: mokoulove (\u2312_\u309d\u2312)|move: Tailwind\n|upkeep\n|turn|6\n|-message|slimeslatt252 forfeited.\n|\n|win|mokoulove (\u2312_\u309d\u2312)\n|raw|mokoulove (\u2312_\u309d\u2312)'s rating: 1383 &rarr; <strong>1408</strong><br />(+25 for winning)\n|raw|slimeslatt252's rating: 1476 &rarr; <strong>1451</strong><br />(-25 for losing)\n|l|\u2606mokoulove (\u2312_\u309d\u2312)\n|player|p1|\n","uploadtime":1774400248,"views":15,"formatid":"gen9vgc2026regi","rating":1408,"private":0,"password":null}