{"id":"gen9vgc2026regi-2547376919","format":"[Gen 9] VGC 2026 Reg I","players":["501JFW","Rypassed You"],"log":"|j|\u2606501JFW\n|j|\u2606Rypassed You\n|t:|1772078185\n|gametype|doubles\n|player|p1|501JFW|2|1558\n|player|p2|Rypassed You|drayton|1613\n|gen|9\n|tier|[Gen 9] VGC 2026 Reg I\n|rated|\n|rule|Species Clause: Limit one of each Pok\u00e9mon\n|rule|Item Clause: Limit 1 of each item\n|clearpoke\n|poke|p1|Kyogre, L50|\n|poke|p1|Calyrex-Ice, L50|\n|poke|p1|Amoonguss, L50, M|\n|poke|p1|Urshifu-*, L50, F|\n|poke|p1|Indeedee-F, L50, F|\n|poke|p1|Incineroar, L50, F|\n|poke|p2|Kyogre, L50|\n|poke|p2|Miraidon, L50|\n|poke|p2|Tornadus, L50, M|\n|poke|p2|Iron Hands, L50|\n|poke|p2|Farigiraf, L50, F|\n|poke|p2|Urshifu-*, L50, M|\n|teampreview|4\n|inactive|Battle timer is ON: inactive players will automatically lose when time's up. (requested by Rypassed You)\n|\n|t:|1772078197\n|teamsize|p1|4\n|teamsize|p2|4\n|start\n|switch|p1a: Calyrex|Calyrex-Ice, L50|100/100\n|switch|p1b: Indeedee|Indeedee-F, L50, F, shiny|100/100\n|switch|p2a: Dhruva|Kyogre, L50|100/100\n|switch|p2b: Josy|Farigiraf, L50, F|100/100\n|-ability|p1a: Calyrex|As One\n|-ability|p1a: Calyrex|Unnerve\n|-weather|RainDance|[from] ability: Drizzle|[of] p2a: Dhruva\n|-fieldstart|move: Psychic Terrain|[from] ability: Psychic Surge|[of] p1b: Indeedee\n|-enditem|p1b: Indeedee|Psychic Seed\n|-boost|p1b: Indeedee|spd|1|[from] item: Psychic Seed\n|turn|1\n|\n|t:|1772078212\n|-terastallize|p1a: Calyrex|Grass\n|move|p1b: Indeedee|Helping Hand|p1a: Calyrex\n|-singleturn|p1a: Calyrex|Helping Hand|[of] p1b: Indeedee\n|move|p2a: Dhruva|Water Spout|p1b: Indeedee|[spread] p1a,p1b\n|-resisted|p1a: Calyrex\n|-damage|p1a: Calyrex|68/100\n|-damage|p1b: Indeedee|32/100\n|move|p2b: Josy|Imprison|p2b: Josy\n|-start|p2b: Josy|move: Imprison\n|move|p1a: Calyrex|Glacial Lance|p2b: Josy|[spread] p2a,p2b\n|-resisted|p2a: Dhruva\n|-damage|p2a: Dhruva|45/100\n|-damage|p2b: Josy|17/100\n|\n|-weather|RainDance|[upkeep]\n|upkeep\n|turn|2\n|inactive|501JFW has 30 seconds left.\n|\n|t:|1772078240\n|switch|p1b: Amoonguss|Amoonguss, L50, M, shiny|100/100\n|switch|p2b: Eugene|Iron Hands, L50|100/100\n|move|p2a: Dhruva|Origin Pulse|p1a: Calyrex|[spread] p1a,p1b\n|-resisted|p1a: Calyrex\n|-resisted|p1b: Amoonguss\n|-damage|p1a: Calyrex|45/100\n|-damage|p1b: Amoonguss|58/100\n|move|p1a: Calyrex|Glacial Lance|p2b: Eugene|[spread] p2a,p2b\n|-resisted|p2a: Dhruva\n|-damage|p2a: Dhruva|12/100\n|-damage|p2b: Eugene|58/100\n|\n|-weather|RainDance|[upkeep]\n|upkeep\n|turn|3\n|\n|t:|1772078262\n|move|p2a: Dhruva|Ice Beam|p1a: Calyrex\n|-supereffective|p1a: Calyrex\n|-damage|p1a: Calyrex|2/100\n|move|p1a: Calyrex|Glacial Lance|p2b: Eugene|[spread] p2a,p2b\n|-resisted|p2a: Dhruva\n|-damage|p2a: Dhruva|0 fnt\n|-damage|p2b: Eugene|17/100\n|faint|p2a: Dhruva\n|-ability|p1a: Calyrex|Chilling Neigh|boost\n|-boost|p1a: Calyrex|atk|1\n|move|p2b: Eugene|Drain Punch|p1a: Calyrex\n|-crit|p1a: Calyrex\n|-damage|p1a: Calyrex|0 fnt\n|-heal|p2b: Eugene|18/100|[from] drain|[of] p1a: Calyrex\n|faint|p1a: Calyrex\n|move|p1b: Amoonguss|Pollen Puff|p1: Calyrex|[notarget]\n|-fail|p1b: Amoonguss\n|\n|-weather|RainDance|[upkeep]\n|upkeep\n|j| mr.matsumoto1\n|\n|t:|1772078274\n|switch|p2a: Natalia|Miraidon, L50|100/100\n|switch|p1a: Kyogre|Kyogre, L50, shiny|100/100\n|-fieldstart|move: Electric Terrain|[from] ability: Hadron Engine|[of] p2a: Natalia\n|-activate|p2b: Eugene|ability: Quark Drive\n|-start|p2b: Eugene|quarkdriveatk\n|turn|4\n|\n|t:|1772078289\n|move|p1b: Amoonguss|Rage Powder|p1b: Amoonguss\n|-singleturn|p1b: Amoonguss|move: Rage Powder\n|move|p2a: Natalia|Electro Drift|p1b: Amoonguss\n|-resisted|p1b: Amoonguss\n|-damage|p1b: Amoonguss|0 fnt\n|-damage|p2a: Natalia|84/100|[from] item: Rocky Helmet|[of] p1b: Amoonguss\n|faint|p1b: Amoonguss\n|move|p1a: Kyogre|Water Spout|p2b: Eugene|[spread] p2a,p2b\n|-resisted|p2a: Natalia\n|-damage|p2a: Natalia|10/100\n|-damage|p2b: Eugene|0 fnt\n|faint|p2b: Eugene\n|-end|p2b: Eugene|Quark Drive|[silent]\n|\n|-weather|RainDance|[upkeep]\n|upkeep\n|\n|t:|1772078300\n|switch|p2b: Josy|Farigiraf, L50, F|17/100\n|switch|p1b: Indeedee|Indeedee-F, L50, F, shiny|32/100\n|-fieldstart|move: Psychic Terrain|[from] ability: Psychic Surge|[of] p1b: Indeedee\n|turn|5\n|\n|t:|1772078306\n|move|p1b: Indeedee|Follow Me|p1b: Indeedee\n|-singleturn|p1b: Indeedee|move: Follow Me\n|move|p2a: Natalia|Electro Drift|p1b: Indeedee\n|-damage|p1b: Indeedee|0 fnt\n|faint|p1b: Indeedee\n|move|p1a: Kyogre|Water Spout|p2a: Natalia|[spread] p2a,p2b\n|-resisted|p2a: Natalia\n|-damage|p2a: Natalia|0 fnt\n|-damage|p2b: Josy|0 fnt\n|faint|p2a: Natalia\n|faint|p2b: Josy\n|\n|win|501JFW\n|raw|501JFW's rating: 1558 &rarr; <strong>1581</strong><br />(+23 for winning)\n|raw|Rypassed You's rating: 1613 &rarr; <strong>1590</strong><br />(-23 for losing)\n|l| mr.matsumoto1\n|l|\u2606Rypassed You\n|player|p2|\n|l|\u2606501JFW\n|player|p1|\n","uploadtime":1772078565,"views":61,"formatid":"gen9vgc2026regi","rating":1581,"private":0,"password":null}