{"id":"gen9vgc2026regi-2545999731","format":"[Gen 9] VGC 2026 Reg I","players":["jun2014","fogdocker"],"log":"|j|\u2606jun2014\n|j|\u2606fogdocker\n|t:|1771911622\n|gametype|doubles\n|player|p1|jun2014|1|1484\n|player|p2|fogdocker|265|1470\n|gen|9\n|tier|[Gen 9] VGC 2026 Reg I\n|rated|\n|rule|Species Clause: Limit one of each Pok\u00e9mon\n|rule|Item Clause: Limit 1 of each item\n|clearpoke\n|poke|p1|Flutter Mane, L50|\n|poke|p1|Indeedee-F, L50, F|\n|poke|p1|Groudon, L50|\n|poke|p1|Whimsicott, L50, M|\n|poke|p1|Zapdos, L50|\n|poke|p1|Lunala, L50|\n|poke|p2|Calyrex-Ice, L50|\n|poke|p2|Koraidon, L50|\n|poke|p2|Flutter Mane, L50|\n|poke|p2|Incineroar, L50, M|\n|poke|p2|Rillaboom, L50, M|\n|poke|p2|Volcarona, L50, F|\n|teampreview|4\n|inactive|Battle timer is ON: inactive players will automatically lose when time's up. (requested by jun2014)\n|\n|t:|1771911652\n|teamsize|p1|4\n|teamsize|p2|4\n|start\n|switch|p1a: Groudon|Groudon, L50|100/100\n|switch|p1b: Whimsicott|Whimsicott, L50, M|100/100\n|switch|p2a: Calyrex|Calyrex-Ice, L50|100/100\n|switch|p2b: Incineroar|Incineroar, L50, M|100/100\n|-ability|p2a: Calyrex|As One\n|-ability|p2a: Calyrex|Unnerve\n|-weather|SunnyDay|[from] ability: Drought|[of] p1a: Groudon\n|-ability|p2b: Incineroar|Intimidate|boost\n|-unboost|p1a: Groudon|atk|1\n|-unboost|p1b: Whimsicott|atk|1\n|turn|1\n|inactive|jun2014 has 30 seconds left.\n|inactive|jun2014 has 20 seconds left.\n|\n|t:|1771911687\n|switch|p1a: Flutter Mane|Flutter Mane, L50|100/100\n|-activate|p1a: Flutter Mane|ability: Protosynthesis\n|-start|p1a: Flutter Mane|protosynthesisspe\n|switch|p2b: Rillaboom|Rillaboom, L50, M|100/100\n|-fieldstart|move: Grassy Terrain|[from] ability: Grassy Surge|[of] p2b: Rillaboom\n|move|p1b: Whimsicott|Moonblast|p2a: Calyrex\n|-damage|p2a: Calyrex|84/100\n|move|p2a: Calyrex|Glacial Lance|p1b: Whimsicott|[spread] p1a,p1b\n|-crit|p1a: Flutter Mane\n|-supereffective|p1b: Whimsicott\n|-damage|p1a: Flutter Mane|0 fnt\n|-enditem|p1b: Whimsicott|Focus Sash\n|-damage|p1b: Whimsicott|1/100\n|faint|p1a: Flutter Mane\n|-end|p1a: Flutter Mane|Protosynthesis|[silent]\n|-ability|p2a: Calyrex|Chilling Neigh|boost\n|-boost|p2a: Calyrex|atk|1\n|\n|-weather|SunnyDay|[upkeep]\n|-heal|p1b: Whimsicott|7/100|[from] Grassy Terrain\n|-heal|p2a: Calyrex|90/100|[from] Grassy Terrain\n|-heal|p2a: Calyrex|96/100|[from] item: Leftovers\n|upkeep\n|inactive|jun2014 has 30 seconds left.\n|\n|t:|1771911716\n|switch|p1a: Lunala|Lunala, L50|100/100\n|turn|2\n|\n|t:|1771911732\n|-terastallize|p2a: Calyrex|Water\n|move|p1b: Whimsicott|Endeavor|p2a: Calyrex\n|-damage|p2a: Calyrex|5/100\n|move|p1a: Lunala|Meteor Beam||[still]\n|-prepare|p1a: Lunala|Meteor Beam\n|-boost|p1a: Lunala|spa|1\n|-enditem|p1a: Lunala|Power Herb\n|-anim|p1a: Lunala|Meteor Beam|p2a: Calyrex\n|-damage|p2a: Calyrex|0 fnt\n|faint|p2a: Calyrex\n|move|p2b: Rillaboom|U-turn|p1a: Lunala\n|-damage|p1a: Lunala|91/100\n|\n|t:|1771911746\n|switch|p2b: Incineroar|Incineroar, L50, M|100/100|[from] U-turn\n|-ability|p2b: Incineroar|Intimidate|boost\n|-unboost|p1a: Lunala|atk|1\n|-unboost|p1b: Whimsicott|atk|1\n|\n|-weather|SunnyDay|[upkeep]\n|-heal|p1b: Whimsicott|13/100|[from] Grassy Terrain\n|-heal|p1a: Lunala|97/100|[from] Grassy Terrain\n|upkeep\n|\n|t:|1771911757\n|switch|p2a: Koraidon|Koraidon, L50|100/100\n|-activate|p2a: Koraidon|ability: Orichalcum Pulse\n|turn|3\n|inactive|jun2014 has 30 seconds left.\n|inactive|jun2014 has 20 seconds left.\n|\n|t:|1771911794\n|switch|p1b: Groudon|Groudon, L50|100/100\n|-terastallize|p1a: Lunala|Water\n|move|p2a: Koraidon|Protect|p2a: Koraidon\n|-singleturn|p2a: Koraidon|Protect\n|move|p1a: Lunala|Expanding Force|p2a: Koraidon\n|-activate|p2a: Koraidon|move: Protect\n|move|p2b: Incineroar|Knock Off|p1a: Lunala\n|-damage|p1a: Lunala|75/100\n|\n|-weather|SunnyDay|[upkeep]\n|-heal|p1a: Lunala|81/100|[from] Grassy Terrain\n|upkeep\n|turn|4\n|inactive|jun2014 has 30 seconds left.\n|\n|t:|1771911822\n|switch|p2b: Rillaboom|Rillaboom, L50, M|100/100\n|move|p2a: Koraidon|Close Combat|p1a: Lunala\n|-damage|p1a: Lunala|0 fnt\n|-unboost|p2a: Koraidon|def|1\n|-unboost|p2a: Koraidon|spd|1\n|faint|p1a: Lunala\n|-damage|p2a: Koraidon|91/100|[from] item: Life Orb\n|move|p1b: Groudon|High Horsepower|p2b: Rillaboom\n|-resisted|p2b: Rillaboom\n|-damage|p2b: Rillaboom|55/100\n|\n|-weather|SunnyDay|[upkeep]\n|-heal|p2a: Koraidon|96/100|[from] Grassy Terrain\n|-heal|p2b: Rillaboom|61/100|[from] Grassy Terrain\n|upkeep\n|\n|t:|1771911838\n|switch|p1a: Whimsicott|Whimsicott, L50, M|13/100\n|turn|5\n|\n|t:|1771911849\n|move|p2b: Rillaboom|Fake Out|p1b: Groudon\n|-damage|p1b: Groudon|91/100\n|move|p1a: Whimsicott|Endeavor|p2b: Rillaboom\n|-damage|p2b: Rillaboom|9/100\n|move|p2a: Koraidon|Flame Charge|p1a: Whimsicott\n|-supereffective|p1a: Whimsicott\n|-damage|p1a: Whimsicott|0 fnt\n|-boost|p2a: Koraidon|spe|1\n|faint|p1a: Whimsicott\n|-damage|p2a: Koraidon|87/100|[from] item: Life Orb\n|cant|p1b: Groudon|flinch\n|\n|-weather|none\n|-heal|p2a: Koraidon|92/100|[from] Grassy Terrain\n|-heal|p1b: Groudon|97/100|[from] Grassy Terrain\n|-heal|p2b: Rillaboom|15/100|[from] Grassy Terrain\n|-fieldend|move: Grassy Terrain\n|upkeep\n|turn|6\n|-message|jun2014 forfeited.\n|\n|win|fogdocker\n|raw|jun2014's rating: 1484 &rarr; <strong>1463</strong><br />(-21 for losing)\n|raw|fogdocker's rating: 1470 &rarr; <strong>1491</strong><br />(+21 for winning)\n|l|\u2606jun2014\n|player|p1|\n|l|\u2606fogdocker\n|player|p2|\n","uploadtime":1771912091,"views":15,"formatid":"gen9vgc2026regi","rating":1463,"private":0,"password":null}