{"id":"gen9vgc2026regi-2563170580","format":"[Gen 9] VGC 2026 Reg I","players":["Jonen","VJ2511"],"log":"|j|\u2606Jonen\n|j|\u2606VJ2511\n|t:|1773997896\n|gametype|doubles\n|player|p1|Jonen|medium|1315\n|player|p2|VJ2511|170|1488\n|gen|9\n|tier|[Gen 9] VGC 2026 Reg I\n|rated|\n|rule|Species Clause: Limit one of each Pok\u00e9mon\n|rule|Item Clause: Limit 1 of each item\n|clearpoke\n|poke|p1|Groudon, L50|\n|poke|p1|Lunala, L50|\n|poke|p1|Sableye, L50, M|\n|poke|p1|Chi-Yu, L50|\n|poke|p1|Rillaboom, L50, M|\n|poke|p1|Jumpluff, L50, M|\n|poke|p2|Calyrex-Shadow, L50|\n|poke|p2|Zamazenta-*, L50|\n|poke|p2|Chien-Pao, L50|\n|poke|p2|Dragonite, L50, F|\n|poke|p2|Raging Bolt, L50|\n|poke|p2|Amoonguss, L50, M|\n|teampreview|4\n|inactive|Battle timer is ON: inactive players will automatically lose when time's up. (requested by VJ2511)\n|\n|t:|1773997927\n|teamsize|p1|4\n|teamsize|p2|4\n|start\n|switch|p1a: Groudon|Groudon, L50|100/100\n|switch|p1b: Jumpluff|Jumpluff, L50, M|100/100\n|switch|p2a: Dragonite|Dragonite, L50, F, shiny|100/100\n|switch|p2b: Chien-Pao|Chien-Pao, L50|100/100\n|-ability|p2b: Chien-Pao|Sword of Ruin\n|-weather|SunnyDay|[from] ability: Drought|[of] p1a: Groudon\n|turn|1\n|\n|t:|1773997939\n|switch|p1b: Sableye|Sableye, L50, M|100/100\n|move|p1a: Groudon|Protect|p1a: Groudon\n|-singleturn|p1a: Groudon|Protect\n|move|p2b: Chien-Pao|Ice Spinner|p1b: Sableye\n|-crit|p1b: Sableye\n|-damage|p1b: Sableye|29/100\n|move|p2a: Dragonite|Outrage|p1a: Groudon\n|-activate|p1a: Groudon|move: Protect\n|\n|-weather|SunnyDay|[upkeep]\n|upkeep\n|turn|2\n|\n|t:|1773997956\n|move|p1b: Sableye|Disable|p2a: Dragonite\n|-start|p2a: Dragonite|Disable|Outrage\n|move|p2b: Chien-Pao|Ice Spinner|p1b: Sableye\n|-damage|p1b: Sableye|0 fnt\n|faint|p1b: Sableye\n|move|p1a: Groudon|Substitute|p1a: Groudon\n|-start|p1a: Groudon|Substitute\n|-damage|p1a: Groudon|76/100\n|cant|p2a: Dragonite|Disable|Outrage\n|\n|-weather|SunnyDay|[upkeep]\n|upkeep\n|\n|t:|1773997962\n|switch|p1b: Jumpluff|Jumpluff, L50, M|100/100\n|turn|3\n|c|\u2606VJ2511|welcome to the 1500s where we meet all the cheap teams\n|\n|t:|1773997973\n|switch|p2a: Zamazenta|Zamazenta-Crowned, L50|100/100\n|-ability|p2a: Zamazenta|Dauntless Shield|boost\n|-boost|p2a: Zamazenta|def|1\n|move|p1b: Jumpluff|Sleep Powder|p2b: Chien-Pao\n|-status|p2b: Chien-Pao|slp|[from] move: Sleep Powder\n|cant|p2b: Chien-Pao|slp\n|move|p1a: Groudon|Precipice Blades|p2b: Chien-Pao|[spread] p2a,p2b\n|-supereffective|p2a: Zamazenta\n|-damage|p2a: Zamazenta|33/100\n|-damage|p2b: Chien-Pao|5/100 slp\n|-damage|p1a: Groudon|66/100|[from] item: Life Orb\n|\n|-weather|SunnyDay|[upkeep]\n|upkeep\n|turn|4\n|\n|t:|1773997993\n|move|p2a: Zamazenta|Wide Guard|p2a: Zamazenta\n|-singleturn|p2a: Zamazenta|Wide Guard\n|move|p1b: Jumpluff|Sleep Powder|p2a: Zamazenta|[miss]\n|-miss|p1b: Jumpluff|p2a: Zamazenta\n|cant|p2b: Chien-Pao|slp\n|move|p1a: Groudon|Heat Crash|p2b: Chien-Pao\n|-supereffective|p2b: Chien-Pao\n|-damage|p2b: Chien-Pao|0 fnt\n|faint|p2b: Chien-Pao\n|-damage|p1a: Groudon|56/100|[from] item: Life Orb\n|\n|-weather|SunnyDay|[upkeep]\n|upkeep\n|\n|t:|1773998003\n|switch|p2b: Calyrex|Calyrex-Shadow, L50|100/100\n|-ability|p2b: Calyrex|As One\n|-ability|p2b: Calyrex|Unnerve\n|turn|5\n|\n|t:|1773998023\n|-terastallize|p1b: Jumpluff|Dark\n|move|p2b: Calyrex|Protect|p2b: Calyrex\n|-singleturn|p2b: Calyrex|Protect\n|move|p2a: Zamazenta|Protect||[still]\n|-fail|p2a: Zamazenta\n|move|p1b: Jumpluff|Encore|p2a: Zamazenta\n|-start|p2a: Zamazenta|Encore\n|move|p1a: Groudon|Heat Crash|p2b: Calyrex\n|-activate|p2b: Calyrex|move: Protect\n|\n|-weather|none\n|upkeep\n|turn|6\n|\n|t:|1773998038\n|switch|p2a: Dragonite|Dragonite, L50, F, shiny|100/100\n|move|p2b: Calyrex|Encore||[still]\n|-fail|p2b: Calyrex\n|move|p1b: Jumpluff|Sleep Powder|p2a: Dragonite\n|-status|p2a: Dragonite|slp|[from] move: Sleep Powder\n|move|p1a: Groudon|Heat Crash|p2b: Calyrex\n|-damage|p2b: Calyrex|20/100\n|-damage|p1a: Groudon|47/100|[from] item: Life Orb\n|\n|upkeep\n|turn|7\n|\n|t:|1773998052\n|switch|p1b: Lunala|Lunala, L50|100/100\n|-terastallize|p2b: Calyrex|Ghost\n|cant|p2a: Dragonite|slp\n|move|p2b: Calyrex|Astral Barrage|p1a: Groudon|[spread] p1a,p1b\n|-end|p1a: Groudon|Substitute\n|-supereffective|p1b: Lunala\n|-damage|p1b: Lunala|0 fnt\n|faint|p1b: Lunala\n|-ability|p2b: Calyrex|Grim Neigh|boost\n|-boost|p2b: Calyrex|spa|1\n|move|p1a: Groudon|Heat Crash|p2b: Calyrex\n|-damage|p2b: Calyrex|0 fnt\n|faint|p2b: Calyrex\n|-damage|p1a: Groudon|37/100|[from] item: Life Orb\n|\n|upkeep\n|\n|t:|1773998061\n|switch|p2b: Zamazenta|Zamazenta-Crowned, L50|33/100\n|switch|p1b: Jumpluff|Jumpluff, L50, M, tera:Dark|100/100\n|turn|8\n|\n|t:|1773998083\n|move|p1b: Jumpluff|Rage Powder|p1b: Jumpluff\n|-singleturn|p1b: Jumpluff|move: Rage Powder\n|move|p2b: Zamazenta|Body Press|p1b: Jumpluff\n|-supereffective|p1b: Jumpluff\n|-damage|p1b: Jumpluff|0 fnt\n|faint|p1b: Jumpluff\n|move|p1a: Groudon|Precipice Blades|p2b: Zamazenta|[spread] \n|-immune|p2a: Dragonite\n|-miss|p1a: Groudon|p2b: Zamazenta\n|cant|p2a: Dragonite|slp\n|\n|upkeep\n|turn|9\n|c|\u2606VJ2511|daym\n|c|\u2606VJ2511|how'd u throw that so hard\n|c|\u2606VJ2511|u had 50 winning positions\n|\n|t:|1773998101\n|move|p2b: Zamazenta|Body Press|p1a: Groudon\n|-damage|p1a: Groudon|3/100\n|move|p1a: Groudon|Precipice Blades|p2b: Zamazenta|[spread] p2b\n|-immune|p2a: Dragonite\n|-supereffective|p2b: Zamazenta\n|-damage|p2b: Zamazenta|0 fnt\n|faint|p2b: Zamazenta\n|-damage|p1a: Groudon|0 fnt|[from] item: Life Orb\n|faint|p1a: Groudon\n|\n|win|VJ2511\n|raw|Jonen's rating: 1315 &rarr; <strong>1304</strong><br />(-11 for losing)\n|raw|VJ2511's rating: 1488 &rarr; <strong>1499</strong><br />(+11 for winning)\n|l|\u2606VJ2511\n|player|p2|\n|l|\u2606Jonen\n|player|p1|\n","uploadtime":1773998101,"views":10,"formatid":"gen9vgc2026regi","rating":1304,"private":0,"password":null}