{"id":"gen9vgc2026regi-2568920958","format":"[Gen 9] VGC 2026 Reg I","players":["Lord Bartlett","KaiMVGC"],"log":"|j|\u2606Lord Bartlett\n|j|\u2606KaiMVGC\n|t:|1774633380\n|gametype|doubles\n|player|p1|Lord Bartlett|170|1393\n|player|p2|KaiMVGC|boarder|1484\n|gen|9\n|tier|[Gen 9] VGC 2026 Reg I\n|rated|\n|rule|Species Clause: Limit one of each Pok\u00e9mon\n|rule|Item Clause: Limit 1 of each item\n|clearpoke\n|poke|p1|Dondozo, L50, F|\n|poke|p1|Tatsugiri, L50, M|\n|poke|p1|Kingambit, L50, M|\n|poke|p1|Ho-Oh, L50|\n|poke|p1|Glimmora, L50, F|\n|poke|p1|Flutter Mane, L50|\n|poke|p2|Calyrex-Shadow, L50|\n|poke|p2|Zamazenta-*, L50|\n|poke|p2|Rillaboom, L50, F|\n|poke|p2|Raging Bolt, L50|\n|poke|p2|Smeargle, L50, M|\n|poke|p2|Tornadus, L50, M|\n|teampreview|4\n|\n|t:|1774633413\n|teamsize|p1|4\n|teamsize|p2|4\n|start\n|switch|p1a: Ho-Oh|Ho-Oh, L50|100/100\n|switch|p1b: Glimmora|Glimmora, L50, F|100/100\n|switch|p2a: T-Wind|Tornadus, L50, M|100/100\n|switch|p2b: Dark Void X|Smeargle, L50, M|100/100\n|turn|1\n|inactive|Battle timer is ON: inactive players will automatically lose when time's up. (requested by Lord Bartlett)\n|\n|t:|1774633444\n|move|p2a: T-Wind|Tailwind|p2a: T-Wind\n|-sidestart|p2: KaiMVGC|move: Tailwind\n|move|p2b: Dark Void X|Spore|p1b: Glimmora\n|-status|p1b: Glimmora|slp|[from] move: Spore\n|move|p1a: Ho-Oh|Tailwind|p1a: Ho-Oh\n|-sidestart|p1: Lord Bartlett|move: Tailwind\n|cant|p1b: Glimmora|slp\n|\n|-ability|p2b: Dark Void X|Moody|boost\n|-boost|p2b: Dark Void X|def|2\n|-unboost|p2b: Dark Void X|spd|1\n|upkeep\n|turn|2\n|\n|t:|1774633453\n|move|p1a: Ho-Oh|Protect|p1a: Ho-Oh\n|-singleturn|p1a: Ho-Oh|Protect\n|move|p2a: T-Wind|Bleakwind Storm|p1b: Glimmora|[spread] p1b\n|-activate|p1a: Ho-Oh|move: Protect\n|-resisted|p1b: Glimmora\n|-damage|p1b: Glimmora|86/100 slp\n|move|p2b: Dark Void X|Spore|p1a: Ho-Oh\n|-activate|p1a: Ho-Oh|move: Protect\n|cant|p1b: Glimmora|slp\n|\n|-ability|p2b: Dark Void X|Moody|boost\n|-boost|p2b: Dark Void X|spe|2\n|-unboost|p2b: Dark Void X|spa|1\n|upkeep\n|turn|3\n|\n|t:|1774633475\n|move|p2b: Dark Void X|Spore|p1a: Ho-Oh\n|-status|p1a: Ho-Oh|slp|[from] move: Spore\n|move|p2a: T-Wind|Bleakwind Storm|p1b: Glimmora|[spread] p1a\n|-miss|p2a: T-Wind|p1b: Glimmora\n|-damage|p1a: Ho-Oh|70/100 slp\n|cant|p1a: Ho-Oh|slp\n|cant|p1b: Glimmora|slp\n|\n|-ability|p2b: Dark Void X|Moody|boost\n|-boost|p2b: Dark Void X|atk|2\n|-unboost|p2b: Dark Void X|def|1\n|upkeep\n|turn|4\n|\n|t:|1774633489\n|move|p2b: Dark Void X|Follow Me|p2b: Dark Void X\n|-singleturn|p2b: Dark Void X|move: Follow Me\n|move|p2a: T-Wind|Bleakwind Storm|p1a: Ho-Oh|[spread] p1a,p1b\n|-resisted|p1b: Glimmora\n|-damage|p1a: Ho-Oh|41/100 slp\n|-damage|p1b: Glimmora|72/100 slp\n|cant|p1a: Ho-Oh|slp\n|-curestatus|p1b: Glimmora|slp|[msg]\n|move|p1b: Glimmora|Power Gem|p2b: Dark Void X\n|-enditem|p2b: Dark Void X|Focus Sash\n|-damage|p2b: Dark Void X|1/100\n|\n|-sideend|p2: KaiMVGC|move: Tailwind\n|-sideend|p1: Lord Bartlett|move: Tailwind\n|-ability|p2b: Dark Void X|Moody|boost\n|-boost|p2b: Dark Void X|spa|2\n|-unboost|p2b: Dark Void X|def|1\n|upkeep\n|turn|5\n|\n|t:|1774633506\n|move|p2b: Dark Void X|Spore|p1b: Glimmora\n|-status|p1b: Glimmora|slp|[from] move: Spore\n|move|p2a: T-Wind|Bleakwind Storm|p1a: Ho-Oh|[spread] p1a,p1b\n|-resisted|p1b: Glimmora\n|-damage|p1a: Ho-Oh|11/100 slp\n|-damage|p1b: Glimmora|57/100 slp\n|cant|p1a: Ho-Oh|slp\n|cant|p1b: Glimmora|slp\n|\n|-ability|p2b: Dark Void X|Moody|boost\n|-boost|p2b: Dark Void X|spa|2\n|-unboost|p2b: Dark Void X|spe|1\n|upkeep\n|turn|6\n|\n|t:|1774633519\n|switch|p2b: Notorious CSR|Calyrex-Shadow, L50|100/100\n|-ability|p2b: Notorious CSR|As One\n|-ability|p2b: Notorious CSR|Unnerve\n|move|p2a: T-Wind|Bleakwind Storm|p1b: Glimmora|[spread] p1a,p1b\n|-resisted|p1b: Glimmora\n|-damage|p1a: Ho-Oh|0 fnt\n|-damage|p1b: Glimmora|42/100 slp\n|faint|p1a: Ho-Oh\n|-curestatus|p1b: Glimmora|slp|[msg]\n|move|p1b: Glimmora|Power Gem|p2a: T-Wind\n|-supereffective|p2a: T-Wind\n|-damage|p2a: T-Wind|28/100\n|\n|upkeep\n|\n|t:|1774633531\n|switch|p1a: Dondozo|Dondozo, L50, F|100/100\n|turn|7\n|\n|t:|1774633550\n|switch|p1b: Tatsugiri|Tatsugiri, L50, M|100/100\n|-activate|p1b: Tatsugiri|ability: Commander|[of] p1a: Dondozo\n|-boost|p1a: Dondozo|atk|2\n|-boost|p1a: Dondozo|spa|2\n|-boost|p1a: Dondozo|spe|2\n|-boost|p1a: Dondozo|def|2\n|-boost|p1a: Dondozo|spd|2\n|move|p2b: Notorious CSR|Protect|p2b: Notorious CSR\n|-singleturn|p2b: Notorious CSR|Protect\n|move|p2a: T-Wind|Tailwind|p2a: T-Wind\n|-sidestart|p2: KaiMVGC|move: Tailwind\n|move|p1a: Dondozo|Order Up|p2b: Notorious CSR\n|-activate|p2b: Notorious CSR|move: Protect\n|\n|upkeep\n|turn|8\n|\n|t:|1774633565\n|switch|p2b: 50 Zent|Zamazenta-Crowned, L50|100/100\n|-ability|p2b: 50 Zent|Dauntless Shield|boost\n|-boost|p2b: 50 Zent|def|1\n|move|p2a: T-Wind|Bleakwind Storm|p1b: Tatsugiri|[spread] p1a\n|-miss|p2a: T-Wind|p1b: Tatsugiri\n|-damage|p1a: Dondozo|84/100\n|move|p1a: Dondozo|Order Up|p2b: 50 Zent\n|-resisted|p2b: 50 Zent\n|-damage|p2b: 50 Zent|90/100\n|-boost|p1a: Dondozo|atk|1\n|\n|-heal|p1a: Dondozo|90/100|[from] item: Leftovers\n|upkeep\n|turn|9\n|\n|t:|1774633576\n|move|p2a: T-Wind|Protect|p2a: T-Wind\n|-singleturn|p2a: T-Wind|Protect\n|move|p2b: 50 Zent|Body Press|p1a: Dondozo\n|-damage|p1a: Dondozo|76/100\n|move|p1a: Dondozo|Order Up|p2a: T-Wind\n|-activate|p2a: T-Wind|move: Protect\n|\n|-heal|p1a: Dondozo|82/100|[from] item: Leftovers\n|upkeep\n|turn|10\n|\n|t:|1774633585\n|move|p2b: 50 Zent|Body Press|p1a: Dondozo\n|-damage|p1a: Dondozo|68/100\n|move|p2a: T-Wind|Bleakwind Storm|p1a: Dondozo|[spread] \n|-miss|p2a: T-Wind|p1b: Tatsugiri\n|-miss|p2a: T-Wind|p1a: Dondozo\n|move|p1a: Dondozo|Order Up|p2a: T-Wind\n|-damage|p2a: T-Wind|0 fnt\n|faint|p2a: T-Wind\n|-boost|p1a: Dondozo|atk|1\n|\n|-heal|p1a: Dondozo|75/100|[from] item: Leftovers\n|-sideend|p2: KaiMVGC|move: Tailwind\n|upkeep\n|\n|t:|1774633590\n|switch|p2a: Dark Void X|Smeargle, L50, M|1/100\n|turn|11\n|\n|t:|1774633594\n|-terastallize|p1a: Dondozo|Grass\n|move|p2a: Dark Void X|Fake Out|p1a: Dondozo\n|-damage|p1a: Dondozo|72/100\n|move|p2b: 50 Zent|Body Press|p1a: Dondozo\n|-damage|p1a: Dondozo|58/100\n|cant|p1a: Dondozo|flinch\n|\n|-heal|p1a: Dondozo|65/100|[from] item: Leftovers\n|-ability|p2a: Dark Void X|Moody|boost\n|-boost|p2a: Dark Void X|spd|2\n|-unboost|p2a: Dark Void X|spe|1\n|upkeep\n|turn|12\n|\n|t:|1774633605\n|move|p2a: Dark Void X|Follow Me|p2a: Dark Void X\n|-singleturn|p2a: Dark Void X|move: Follow Me\n|move|p2b: 50 Zent|Body Press|p1a: Dondozo\n|-damage|p1a: Dondozo|50/100\n|move|p1a: Dondozo|Order Up|p2a: Dark Void X\n|-damage|p2a: Dark Void X|0 fnt\n|faint|p2a: Dark Void X\n|-boost|p1a: Dondozo|atk|1\n|\n|-heal|p1a: Dondozo|57/100|[from] item: Leftovers\n|upkeep\n|\n|t:|1774633610\n|switch|p2a: Notorious CSR|Calyrex-Shadow, L50|100/100\n|-ability|p2a: Notorious CSR|As One\n|-ability|p2a: Notorious CSR|Unnerve\n|turn|13\n|\n|t:|1774633612\n|move|p2a: Notorious CSR|Protect|p2a: Notorious CSR\n|-singleturn|p2a: Notorious CSR|Protect\n|move|p1a: Dondozo|Protect|p1a: Dondozo\n|-singleturn|p1a: Dondozo|Protect\n|move|p2b: 50 Zent|Body Press|p1a: Dondozo\n|-activate|p1a: Dondozo|move: Protect\n|\n|-heal|p1a: Dondozo|63/100|[from] item: Leftovers\n|upkeep\n|turn|14\n|\n|t:|1774633617\n|move|p2a: Notorious CSR|Astral Barrage|p1b: Tatsugiri|[spread] p1a\n|-miss|p2a: Notorious CSR|p1b: Tatsugiri\n|-damage|p1a: Dondozo|37/100\n|-damage|p2a: Notorious CSR|91/100|[from] item: Life Orb\n|move|p2b: 50 Zent|Body Press|p1a: Dondozo\n|-damage|p1a: Dondozo|23/100\n|move|p1a: Dondozo|Order Up|p2a: Notorious CSR\n|-damage|p2a: Notorious CSR|13/100\n|-boost|p1a: Dondozo|atk|1\n|\n|-heal|p1a: Dondozo|29/100|[from] item: Leftovers\n|upkeep\n|turn|15\n|\n|t:|1774633626\n|move|p2a: Notorious CSR|Astral Barrage|p1b: Tatsugiri|[spread] p1a\n|-miss|p2a: Notorious CSR|p1b: Tatsugiri\n|-damage|p1a: Dondozo|1/100\n|-damage|p2a: Notorious CSR|3/100|[from] item: Life Orb\n|move|p2b: 50 Zent|Body Press|p1a: Dondozo\n|-damage|p1a: Dondozo|0 fnt\n|faint|p1a: Dondozo\n|\n|upkeep\n|\n|t:|1774633628\n|switch|p1a: Glimmora|Glimmora, L50, F|42/100\n|turn|16\n|\n|t:|1774633639\n|-terastallize|p2b: 50 Zent|Dragon\n|move|p2a: Notorious CSR|Protect|p2a: Notorious CSR\n|-singleturn|p2a: Notorious CSR|Protect\n|move|p1b: Tatsugiri|Icy Wind|p2b: 50 Zent|[spread] p2b\n|-activate|p2a: Notorious CSR|move: Protect\n|-supereffective|p2b: 50 Zent\n|-damage|p2b: 50 Zent|73/100\n|-unboost|p2b: 50 Zent|spe|1\n|move|p1a: Glimmora|Earth Power|p2b: 50 Zent\n|-damage|p2b: 50 Zent|54/100\n|move|p2b: 50 Zent|Body Press|p1a: Glimmora\n|-damage|p1a: Glimmora|0 fnt\n|-activate|p1a: Glimmora|ability: Toxic Debris\n|-sidestart|p2: KaiMVGC|move: Toxic Spikes\n|faint|p1a: Glimmora\n|\n|upkeep\n|turn|17\n|\n|t:|1774633645\n|move|p1b: Tatsugiri|Icy Wind|p2b: 50 Zent|[spread] p2a,p2b\n|-supereffective|p2b: 50 Zent\n|-damage|p2a: Notorious CSR|0 fnt\n|-damage|p2b: 50 Zent|35/100\n|-unboost|p2b: 50 Zent|spe|1\n|faint|p2a: Notorious CSR\n|move|p2b: 50 Zent|Body Press|p1b: Tatsugiri\n|-damage|p1b: Tatsugiri|0 fnt\n|faint|p1b: Tatsugiri\n|\n|win|KaiMVGC\n|raw|Lord Bartlett's rating: 1393 &rarr; <strong>1378</strong><br />(-15 for losing)\n|raw|KaiMVGC's rating: 1484 &rarr; <strong>1499</strong><br />(+15 for winning)\n|l|\u2606KaiMVGC\n|player|p2|\n","uploadtime":1774633814,"views":10,"formatid":"gen9vgc2026regi","rating":1378,"private":0,"password":null}