{"id":"gen9vgc2026regi-2576795666","format":"[Gen 9] VGC 2026 Reg I","players":["kdjfalkcsd","SycrasisEU"],"log":"|j|\u2606kdjfalkcsd\n|j|\u2606SycrasisEU\n|t:|1775506353\n|gametype|doubles\n|player|p1|kdjfalkcsd|265|1216\n|player|p2|SycrasisEU|backpacker|1201\n|gen|9\n|tier|[Gen 9] VGC 2026 Reg I\n|rated|\n|rule|Species Clause: Limit one of each Pok\u00e9mon\n|rule|Item Clause: Limit 1 of each item\n|clearpoke\n|poke|p1|Ting-Lu, L50|\n|poke|p1|Ho-Oh, L50|\n|poke|p1|Amoonguss, L50, F|\n|poke|p1|Grimmsnarl, L50, M|\n|poke|p1|Raging Bolt, L50|\n|poke|p1|Lunala, L50|\n|poke|p2|Koraidon, L50|\n|poke|p2|Miraidon, L50|\n|poke|p2|Raichu-Alola, L50, F|\n|poke|p2|Incineroar, L50, F|\n|poke|p2|Venusaur, L50, F|\n|poke|p2|Clefairy, L50, M|\n|teampreview|4\n|inactive|Battle timer is ON: inactive players will automatically lose when time's up. (requested by SycrasisEU)\n|\n|t:|1775506397\n|teamsize|p1|4\n|teamsize|p2|4\n|start\n|switch|p1a: Raging Bolt|Raging Bolt, L50|100/100\n|switch|p1b: Ho-Oh|Ho-Oh, L50|100/100\n|switch|p2a: Miraidon|Miraidon, L50|100/100\n|switch|p2b: Raichu|Raichu-Alola, L50, F|100/100\n|-fieldstart|move: Electric Terrain|[from] ability: Hadron Engine|[of] p2a: Miraidon\n|turn|1\n|inactive|kdjfalkcsd has 30 seconds left.\n|\n|t:|1775506423\n|switch|p1b: Ting-Lu|Ting-Lu, L50|100/100\n|-ability|p1b: Ting-Lu|Vessel of Ruin\n|-terastallize|p1a: Raging Bolt|Electric\n|move|p2b: Raichu|Fake Out|p1b: Ting-Lu\n|-damage|p1b: Ting-Lu|96/100\n|move|p2a: Miraidon|Dragon Pulse|p1a: Raging Bolt\n|-damage|p1a: Raging Bolt|64/100\n|move|p1a: Raging Bolt|Snarl|p2b: Raichu|[spread] p2a,p2b\n|-supereffective|p2b: Raichu\n|-damage|p2a: Miraidon|89/100\n|-damage|p2b: Raichu|75/100\n|-unboost|p2a: Miraidon|spa|1\n|-unboost|p2b: Raichu|spa|1\n|\n|upkeep\n|turn|2\n|inactive|SycrasisEU has 30 seconds left.\n|\n|t:|1775506449\n|switch|p2b: Venusaur|Venusaur, L50, F|100/100\n|switch|p2a: Koraidon|Koraidon, L50, shiny|100/100\n|-weather|SunnyDay|[from] ability: Orichalcum Pulse|[of] p2a: Koraidon\n|-activate|p1a: Raging Bolt|ability: Protosynthesis\n|-start|p1a: Raging Bolt|protosynthesisspa\n|-activate|p2a: Koraidon|Orichalcum Pulse|[source]\n|move|p1a: Raging Bolt|Snarl|p2b: Venusaur|[spread] p2a,p2b\n|-resisted|p2a: Koraidon\n|-damage|p2a: Koraidon|92/100\n|-damage|p2b: Venusaur|83/100\n|-unboost|p2b: Venusaur|spa|1\n|move|p1b: Ting-Lu|Sand Tomb|p2a: Koraidon|[miss]\n|-miss|p1b: Ting-Lu|p2a: Koraidon\n|\n|-weather|SunnyDay|[upkeep]\n|upkeep\n|turn|3\n|inactive|kdjfalkcsd has 30 seconds left.\n|inactive|SycrasisEU has 30 seconds left.\n|inactive|kdjfalkcsd has 20 seconds left.\n|\n|t:|1775506485\n|-end|p1a: Raging Bolt|Protosynthesis|[silent]\n|switch|p1a: Lunala|Lunala, L50|100/100\n|switch|p1b: Ho-Oh|Ho-Oh, L50|100/100\n|-terastallize|p2b: Venusaur|Ground\n|move|p2b: Venusaur|Earth Power|p1a: Lunala\n|-damage|p1a: Lunala|87/100\n|-damage|p2b: Venusaur|73/100|[from] item: Life Orb\n|move|p2a: Koraidon|Collision Course|p1b: Ho-Oh\n|-resisted|p1b: Ho-Oh\n|-damage|p1b: Ho-Oh|72/100\n|\n|-weather|SunnyDay|[upkeep]\n|-heal|p1a: Lunala|94/100|[from] item: Leftovers\n|upkeep\n|turn|4\n|inactive|SycrasisEU has 30 seconds left.\n|inactive|SycrasisEU has 20 seconds left.\n|inactive|SycrasisEU has 15 seconds left.\n|inactive|SycrasisEU has 10 seconds left.\n|inactive|SycrasisEU has 5 seconds left.\n|\n|t:|1775506536\n|switch|p2b: Miraidon|Miraidon, L50|89/100\n|-activate|p2b: Miraidon|ability: Hadron Engine\n|switch|p2a: Raichu|Raichu-Alola, L50, F|75/100\n|move|p1b: Ho-Oh|Brave Bird|p2a: Raichu\n|-resisted|p2a: Raichu\n|-damage|p2a: Raichu|0 fnt\n|faint|p2a: Raichu\n|-damage|p1b: Ho-Oh|56/100|[from] Recoil\n|move|p1a: Lunala|Trick Room|p1a: Lunala\n|-fieldstart|move: Trick Room|[of] p1a: Lunala\n|\n|-weather|SunnyDay|[upkeep]\n|-heal|p1a: Lunala|99/100|[from] item: Leftovers\n|upkeep\n|\n|t:|1775506547\n|switch|p2a: Venusaur|Venusaur, L50, F, tera:Ground|73/100\n|turn|5\n|\n|t:|1775506571\n|switch|p1b: Ting-Lu|Ting-Lu, L50|96/100\n|-ability|p1b: Ting-Lu|Vessel of Ruin\n|move|p1a: Lunala|Moongeist Beam|p2a: Venusaur\n|-damage|p2a: Venusaur|23/100\n|move|p2b: Miraidon|Electro Drift|p1b: Ting-Lu\n|-immune|p1b: Ting-Lu\n|move|p2a: Venusaur|Sludge Bomb|p1a: Lunala\n|-resisted|p1a: Lunala\n|-damage|p1a: Lunala|87/100\n|-damage|p2a: Venusaur|13/100|[from] item: Life Orb\n|\n|-weather|SunnyDay|[upkeep]\n|-heal|p1a: Lunala|93/100|[from] item: Leftovers\n|-fieldend|move: Electric Terrain\n|upkeep\n|turn|6\n|inactive|SycrasisEU has 30 seconds left.\n|\n|t:|1775506599\n|switch|p2b: Koraidon|Koraidon, L50, shiny|92/100\n|-activate|p2b: Koraidon|ability: Orichalcum Pulse\n|move|p2a: Venusaur|Protect|p2a: Venusaur\n|-singleturn|p2a: Venusaur|Protect\n|move|p1b: Ting-Lu|Sand Tomb|p2b: Koraidon\n|-damage|p2b: Koraidon|80/100\n|-activate|p2b: Koraidon|move: Sand Tomb|[of] p1b: Ting-Lu\n|move|p1a: Lunala|Moonblast|p2a: Venusaur\n|-activate|p2a: Venusaur|move: Protect\n|\n|-weather|none\n|-heal|p1a: Lunala|99/100|[from] item: Leftovers\n|-damage|p2b: Koraidon|68/100|[from] move: Sand Tomb|[partiallytrapped]\n|upkeep\n|turn|7\n|-message|SycrasisEU forfeited.\n|\n|win|kdjfalkcsd\n|raw|kdjfalkcsd's rating: 1216 &rarr; <strong>1240</strong><br />(+24 for winning)\n|raw|SycrasisEU's rating: 1201 &rarr; <strong>1177</strong><br />(-24 for losing)\n|l|\u2606SycrasisEU\n|player|p2|\n|l|\u2606kdjfalkcsd\n|player|p1|\n","uploadtime":1775506856,"views":3,"formatid":"gen9vgc2026regi","rating":1177,"private":0,"password":null}