{"id":"gen9vgc2026regi-2587507439","format":"[Gen 9] VGC 2026 Reg I","players":["pumpkinflame","omaramg"],"log":"|j|\u2606pumpkinflame\n|j|\u2606omaramg\n|t:|1776537718\n|gametype|doubles\n|player|p1|pumpkinflame|adaman-masters|1427\n|player|p2|omaramg|265|1510\n|gen|9\n|tier|[Gen 9] VGC 2026 Reg I\n|rated|\n|rule|Species Clause: Limit one of each Pok\u00e9mon\n|rule|Item Clause: Limit 1 of each item\n|clearpoke\n|poke|p1|Bronzong, L50|\n|poke|p1|Calyrex-Shadow, L50|\n|poke|p1|Indeedee-F, L50, F|\n|poke|p1|Flutter Mane, L50|\n|poke|p1|Kyogre, L50|\n|poke|p1|Archaludon, L50, F|\n|poke|p2|Calyrex-Shadow, L50|\n|poke|p2|Smeargle, L50, M|\n|poke|p2|Incineroar, L50, M|\n|poke|p2|Urshifu-*, L50, F|\n|poke|p2|Thundurus, L50, M|\n|poke|p2|Miraidon, L50|\n|teampreview|4\n|inactive|Battle timer is ON: inactive players will automatically lose when time's up. (requested by omaramg)\n|\n|t:|1776537751\n|teamsize|p1|4\n|teamsize|p2|4\n|start\n|switch|p1a: Bronzong|Bronzong, L50|100/100\n|switch|p1b: Indeedee|Indeedee-F, L50, F|100/100\n|switch|p2a: Calyrex|Calyrex-Shadow, L50|100/100\n|switch|p2b: Smeargle|Smeargle, L50, M|100/100\n|-ability|p2a: Calyrex|As One\n|-ability|p2a: Calyrex|Unnerve\n|-fieldstart|move: Psychic Terrain|[from] ability: Psychic Surge|[of] p1b: Indeedee\n|turn|1\n|\n|t:|1776537777\n|move|p2a: Calyrex|Taunt|p1b: Indeedee\n|-start|p1b: Indeedee|move: Taunt\n|move|p2b: Smeargle|Decorate|p2a: Calyrex\n|-boost|p2a: Calyrex|atk|2\n|-boost|p2a: Calyrex|spa|2\n|move|p1a: Bronzong|Gyro Ball|p2a: Calyrex\n|-damage|p2a: Calyrex|34/100\n|cant|p1b: Indeedee|move: Taunt|Trick Room\n|\n|-ability|p2b: Smeargle|Moody|boost\n|-boost|p2b: Smeargle|spd|2\n|-unboost|p2b: Smeargle|spe|1\n|upkeep\n|turn|2\n|inactive|omaramg has 30 seconds left.\n|\n|t:|1776537803\n|move|p2b: Smeargle|Follow Me|p2b: Smeargle\n|-singleturn|p2b: Smeargle|move: Follow Me\n|move|p2a: Calyrex|Astral Barrage|p1a: Bronzong|[spread] p1a\n|-immune|p1b: Indeedee\n|-supereffective|p1a: Bronzong\n|-damage|p1a: Bronzong|0 fnt\n|faint|p1a: Bronzong\n|-ability|p2a: Calyrex|Grim Neigh|boost\n|-boost|p2a: Calyrex|spa|1\n|-damage|p2a: Calyrex|24/100|[from] item: Life Orb\n|move|p1b: Indeedee|Psychic|p2b: Smeargle\n|-damage|p2b: Smeargle|60/100\n|\n|-ability|p2b: Smeargle|Moody|boost\n|-boost|p2b: Smeargle|def|2\n|-unboost|p2b: Smeargle|spe|1\n|upkeep\n|\n|t:|1776537822\n|switch|p1a: Calyrex|Calyrex-Shadow, L50|100/100\n|-ability|p1a: Calyrex|As One\n|-ability|p1a: Calyrex|Unnerve\n|turn|3\n|\n|t:|1776537832\n|-terastallize|p2a: Calyrex|Fairy\n|move|p2b: Smeargle|Wide Guard|p2b: Smeargle\n|-singleturn|p2b: Smeargle|Wide Guard\n|move|p2a: Calyrex|Draining Kiss|p1a: Calyrex\n|-enditem|p1a: Calyrex|Focus Sash\n|-damage|p1a: Calyrex|1/100\n|-heal|p2a: Calyrex|99/100|[from] drain|[of] p1a: Calyrex\n|-damage|p2a: Calyrex|89/100|[from] item: Life Orb\n|move|p1a: Calyrex|Expanding Force|p2b: Smeargle|[spread] \n|-activate|p2a: Calyrex|move: Wide Guard\n|-activate|p2b: Smeargle|move: Wide Guard\n|move|p1b: Indeedee|Psychic|p2a: Calyrex\n|-damage|p2a: Calyrex|52/100\n|\n|-end|p1b: Indeedee|move: Taunt\n|-ability|p2b: Smeargle|Moody|boost\n|-boost|p2b: Smeargle|spd|2\n|-unboost|p2b: Smeargle|atk|1\n|upkeep\n|turn|4\n|inactive|omaramg has 30 seconds left.\n|\n|t:|1776537865\n|move|p2b: Smeargle|Wide Guard|p2b: Smeargle\n|-singleturn|p2b: Smeargle|Wide Guard\n|move|p2a: Calyrex|Draining Kiss|p1b: Indeedee\n|-damage|p1b: Indeedee|3/100\n|-heal|p2a: Calyrex|100/100|[from] drain|[of] p1b: Indeedee\n|-damage|p2a: Calyrex|91/100|[from] item: Life Orb\n|move|p1a: Calyrex|Dark Pulse|p2a: Calyrex\n|-resisted|p2a: Calyrex\n|-damage|p2a: Calyrex|73/100\n|move|p1b: Indeedee|Psychic|p2a: Calyrex\n|-damage|p2a: Calyrex|34/100\n|\n|-ability|p2b: Smeargle|Moody|boost\n|-boost|p2b: Smeargle|spd|2\n|-unboost|p2b: Smeargle|spa|1\n|upkeep\n|turn|5\n|\n|t:|1776537888\n|switch|p2b: Miraidon|Miraidon, L50|100/100\n|-fieldstart|move: Electric Terrain|[from] ability: Hadron Engine|[of] p2b: Miraidon\n|move|p1a: Calyrex|Dark Pulse|p2b: Miraidon\n|-damage|p2b: Miraidon|83/100\n|move|p2a: Calyrex|Draining Kiss|p1a: Calyrex\n|-damage|p1a: Calyrex|0 fnt\n|-heal|p2a: Calyrex|34/100|[from] drain|[of] p1a: Calyrex\n|faint|p1a: Calyrex\n|-ability|p2a: Calyrex|Grim Neigh|boost\n|-boost|p2a: Calyrex|spa|1\n|-damage|p2a: Calyrex|24/100|[from] item: Life Orb\n|move|p1b: Indeedee|Psychic|p2a: Calyrex\n|-damage|p2a: Calyrex|0 fnt\n|-enditem|p1b: Indeedee|Sitrus Berry|[eat]\n|-heal|p1b: Indeedee|28/100|[from] item: Sitrus Berry\n|faint|p2a: Calyrex\n|\n|upkeep\n|\n|t:|1776537903\n|switch|p2a: Thundurus|Thundurus, L50, M|100/100\n|switch|p1a: K.O|Kyogre, L50|100/100\n|-weather|RainDance|[from] ability: Drizzle|[of] p1a: K.O\n|turn|6\n|\n|t:|1776537921\n|-terastallize|p1a: K.O|Dragon\n|move|p1b: Indeedee|Helping Hand|p1a: K.O\n|-singleturn|p1a: K.O|Helping Hand|[of] p1b: Indeedee\n|move|p2a: Thundurus|Eerie Impulse|p1a: K.O\n|-unboost|p1a: K.O|spa|2\n|move|p2b: Miraidon|Volt Switch|p1b: Indeedee\n|-damage|p1b: Indeedee|0 fnt\n|faint|p1b: Indeedee\n|\n|t:|1776537930\n|switch|p2b: Smeargle|Smeargle, L50, M|60/100|[from] Volt Switch\n|move|p1a: K.O|Blizzard|p2b: Smeargle|[spread] p2a,p2b\n|-supereffective|p2a: Thundurus\n|-damage|p2a: Thundurus|62/100\n|-damage|p2b: Smeargle|7/100\n|\n|-weather|RainDance|[upkeep]\n|-ability|p2b: Smeargle|Moody|boost\n|-boost|p2b: Smeargle|spd|2\n|-unboost|p2b: Smeargle|atk|1\n|upkeep\n|turn|7\n|\n|t:|1776537940\n|move|p2b: Smeargle|Fake Out|p1a: K.O\n|-damage|p1a: K.O|97/100\n|move|p2a: Thundurus|Eerie Impulse|p1a: K.O\n|-unboost|p1a: K.O|spa|2\n|cant|p1a: K.O|flinch\n|\n|-weather|RainDance|[upkeep]\n|-ability|p2b: Smeargle|Moody|boost\n|-boost|p2b: Smeargle|atk|2\n|-unboost|p2b: Smeargle|spa|1\n|upkeep\n|turn|8\n|\n|t:|1776537949\n|move|p2b: Smeargle|Wide Guard|p2b: Smeargle\n|-singleturn|p2b: Smeargle|Wide Guard\n|move|p2a: Thundurus|Eerie Impulse|p1a: K.O\n|-unboost|p1a: K.O|spa|2\n|move|p1a: K.O|Blizzard|p2b: Smeargle|[spread] \n|-activate|p2a: Thundurus|move: Wide Guard\n|-activate|p2b: Smeargle|move: Wide Guard\n|\n|-weather|RainDance|[upkeep]\n|-ability|p2b: Smeargle|Moody|boost\n|-boost|p2b: Smeargle|def|2\n|-unboost|p2b: Smeargle|spe|1\n|upkeep\n|turn|9\n|-message|pumpkinflame forfeited.\n|\n|win|omaramg\n|raw|pumpkinflame's rating: 1427 &rarr; <strong>1412</strong><br />(-15 for losing)\n|raw|omaramg's rating: 1510 &rarr; <strong>1525</strong><br />(+15 for winning)\n|l|\u2606pumpkinflame\n|player|p1|\n|l|\u2606omaramg\n|player|p2|\n","uploadtime":1776538194,"views":13,"formatid":"gen9vgc2026regi","rating":1412,"private":0,"password":null}