{"id":"gen9vgc2026regi-2560432333","format":"[Gen 9] VGC 2026 Reg I","players":["Javike","dthk1216"],"log":"|j|\u2606Javike\n|j|\u2606dthk1216\n|t:|1773686702\n|gametype|doubles\n|player|p1|Javike|crasherwake|1419\n|player|p2|dthk1216|dawn|1581\n|gen|9\n|tier|[Gen 9] VGC 2026 Reg I\n|rated|\n|rule|Species Clause: Limit one of each Pok\u00e9mon\n|rule|Item Clause: Limit 1 of each item\n|clearpoke\n|poke|p1|Kyogre, L50|\n|poke|p1|Miraidon, L50|\n|poke|p1|Farigiraf, L50, M|\n|poke|p1|Whimsicott, L50, F|\n|poke|p1|Rhyperior, L50, M|\n|poke|p1|Sneasler, L50, F|\n|poke|p2|Calyrex-Ice, L50|\n|poke|p2|Kyogre, L50|\n|poke|p2|Urshifu-*, L50, F|\n|poke|p2|Rillaboom, L50, F|\n|poke|p2|Grimmsnarl, L50, M|\n|poke|p2|Amoonguss, L50, M|\n|teampreview|4\n|inactive|Battle timer is ON: inactive players will automatically lose when time's up. (requested by Javike)\n|inactive|Javike has 60 seconds left.\n|inactive|dthk1216 has 60 seconds left.\n|\n|t:|1773686744\n|teamsize|p1|4\n|teamsize|p2|4\n|start\n|switch|p1a: Sneasler|Sneasler, L50, F|100/100\n|switch|p1b: Miraidon|Miraidon, L50|100/100\n|switch|p2a: Rillaboom|Rillaboom, L50, F|100/100\n|switch|p2b: Calyrex|Calyrex-Ice, L50|100/100\n|-ability|p2b: Calyrex|As One\n|-ability|p2b: Calyrex|Unnerve\n|-fieldstart|move: Electric Terrain|[from] ability: Hadron Engine|[of] p1b: Miraidon\n|-fieldstart|move: Grassy Terrain|[from] ability: Grassy Surge|[of] p2a: Rillaboom\n|turn|1\n|inactive|Javike has 30 seconds left.\n|\n|t:|1773686776\n|switch|p2a: Amoonguss|Amoonguss, L50, M|100/100\n|move|p1a: Sneasler|Fake Out|p2b: Calyrex\n|-enditem|p1a: Sneasler|Normal Gem|[from] gem\n|-damage|p2b: Calyrex|89/100\n|move|p1b: Miraidon|Volt Switch|p2b: Calyrex\n|-damage|p2b: Calyrex|60/100\n|-damage|p1b: Miraidon|91/100|[from] item: Life Orb\n|\n|t:|1773686788\n|switch|p1b: Kyogre|Kyogre, L50|100/100|[from] Volt Switch\n|-weather|RainDance|[from] ability: Drizzle|[of] p1b: Kyogre\n|cant|p2b: Calyrex|flinch\n|\n|-weather|RainDance|[upkeep]\n|-heal|p2b: Calyrex|66/100|[from] Grassy Terrain\n|-heal|p2b: Calyrex|72/100|[from] item: Leftovers\n|upkeep\n|turn|2\n|inactive|dthk1216 has 30 seconds left.\n|inactive|dthk1216 has 20 seconds left.\n|\n|t:|1773686826\n|switch|p1b: Miraidon|Miraidon, L50|91/100\n|-fieldstart|move: Electric Terrain|[from] ability: Hadron Engine|[of] p1b: Miraidon\n|move|p2b: Calyrex|Protect|p2b: Calyrex\n|-singleturn|p2b: Calyrex|Protect\n|move|p1a: Sneasler|Dire Claw|p2b: Calyrex\n|-activate|p2b: Calyrex|move: Protect\n|move|p2a: Amoonguss|Spore|p1a: Sneasler\n|-activate|p1a: Sneasler|move: Electric Terrain\n|\n|-weather|RainDance|[upkeep]\n|-heal|p2b: Calyrex|77/100|[from] item: Leftovers\n|upkeep\n|turn|3\n|inactive|Javike has 30 seconds left.\n|\n|t:|1773686852\n|switch|p2b: Rillaboom|Rillaboom, L50, F|100/100\n|-fieldstart|move: Grassy Terrain|[from] ability: Grassy Surge|[of] p2b: Rillaboom\n|move|p1a: Sneasler|Close Combat|p2b: Rillaboom\n|-damage|p2b: Rillaboom|37/100\n|-unboost|p1a: Sneasler|def|1\n|-unboost|p1a: Sneasler|spd|1\n|move|p1b: Miraidon|Electro Drift|p2b: Rillaboom\n|-resisted|p2b: Rillaboom\n|-damage|p2b: Rillaboom|11/100\n|-damage|p1b: Miraidon|81/100|[from] item: Life Orb\n|move|p2a: Amoonguss|Spore|p1b: Miraidon\n|-status|p1b: Miraidon|slp|[from] move: Spore\n|\n|-weather|RainDance|[upkeep]\n|-heal|p1b: Miraidon|87/100 slp|[from] Grassy Terrain\n|-heal|p2b: Rillaboom|17/100|[from] Grassy Terrain\n|upkeep\n|turn|4\n|inactive|Javike has 30 seconds left.\n|\n|t:|1773686887\n|switch|p1b: Farigiraf|Farigiraf, L50, M|100/100\n|switch|p2b: Calyrex|Calyrex-Ice, L50|77/100\n|-ability|p2b: Calyrex|As One\n|-ability|p2b: Calyrex|Unnerve\n|move|p1a: Sneasler|Acrobatics|p2b: Calyrex\n|-damage|p2b: Calyrex|52/100\n|move|p2a: Amoonguss|Spore|p1a: Sneasler\n|-status|p1a: Sneasler|slp|[from] move: Spore\n|\n|-weather|RainDance|[upkeep]\n|-heal|p2b: Calyrex|58/100|[from] Grassy Terrain\n|-heal|p2b: Calyrex|64/100|[from] item: Leftovers\n|upkeep\n|turn|5\n|inactive|Javike has 30 seconds left.\n|\n|t:|1773686920\n|switch|p1a: Miraidon|Miraidon, L50|87/100 slp\n|-fieldstart|move: Electric Terrain|[from] ability: Hadron Engine|[of] p1a: Miraidon\n|move|p1b: Farigiraf|Hyper Voice|p2b: Calyrex|[spread] p2a,p2b\n|-damage|p2a: Amoonguss|77/100\n|-damage|p2b: Calyrex|47/100\n|-enditem|p1b: Farigiraf|Throat Spray\n|-boost|p1b: Farigiraf|spa|1|[from] item: Throat Spray\n|move|p2a: Amoonguss|Spore|p1b: Farigiraf\n|-activate|p1b: Farigiraf|move: Electric Terrain\n|move|p2b: Calyrex|Trick Room|p2b: Calyrex\n|-fieldstart|move: Trick Room|[of] p2b: Calyrex\n|\n|-weather|none\n|-heal|p2b: Calyrex|53/100|[from] item: Leftovers\n|upkeep\n|turn|6\n|inactive|Javike has 30 seconds left.\n|\n|t:|1773686949\n|cant|p1a: Miraidon|slp\n|move|p2a: Amoonguss|Pollen Puff|p2b: Calyrex\n|-heal|p2b: Calyrex|100/100\n|move|p2b: Calyrex|Glacial Lance|p1a: Miraidon|[spread] p1a,p1b\n|-supereffective|p1a: Miraidon\n|-crit|p1a: Miraidon\n|-damage|p1a: Miraidon|0 fnt\n|-damage|p1b: Farigiraf|50/100\n|faint|p1a: Miraidon\n|-ability|p2b: Calyrex|Chilling Neigh|boost\n|-boost|p2b: Calyrex|atk|1\n|move|p1b: Farigiraf|Trick Room|p1b: Farigiraf\n|-fieldend|move: Trick Room\n|\n|upkeep\n|inactive|Javike has 30 seconds left.\n|\n|t:|1773686975\n|switch|p1a: Kyogre|Kyogre, L50|100/100\n|-weather|RainDance|[from] ability: Drizzle|[of] p1a: Kyogre\n|turn|7\n|\n|t:|1773686986\n|switch|p2a: Rillaboom|Rillaboom, L50, F|17/100\n|-fieldstart|move: Grassy Terrain|[from] ability: Grassy Surge|[of] p2a: Rillaboom\n|-terastallize|p2b: Calyrex|Grass\n|move|p1a: Kyogre|Ice Beam|p2a: Rillaboom\n|-supereffective|p2a: Rillaboom\n|-damage|p2a: Rillaboom|0 fnt\n|faint|p2a: Rillaboom\n|move|p1b: Farigiraf|Shadow Ball|p2b: Calyrex\n|-damage|p2b: Calyrex|80/100\n|move|p2b: Calyrex|Glacial Lance|p1a: Kyogre|[spread] p1a,p1b\n|-resisted|p1a: Kyogre\n|-damage|p1a: Kyogre|55/100\n|-damage|p1b: Farigiraf|0 fnt\n|faint|p1b: Farigiraf\n|-ability|p2b: Calyrex|Chilling Neigh|boost\n|-boost|p2b: Calyrex|atk|1\n|\n|-weather|RainDance|[upkeep]\n|-heal|p1a: Kyogre|61/100|[from] Grassy Terrain\n|-heal|p2b: Calyrex|86/100|[from] Grassy Terrain\n|-heal|p2b: Calyrex|91/100|[from] item: Leftovers\n|upkeep\n|inactive|Javike has 30 seconds left.\n|inactive|Javike has 20 seconds left.\n|inactive|Javike has 15 seconds left.\n|\n|t:|1773687030\n|switch|p2a: Kyogre|Kyogre, L50|100/100\n|switch|p1b: Sneasler|Sneasler, L50, F|100/100 slp\n|turn|8\n|\n|t:|1773687042\n|move|p2b: Calyrex|Protect|p2b: Calyrex\n|-singleturn|p2b: Calyrex|Protect\n|cant|p1b: Sneasler|slp\n|move|p1a: Kyogre|Ice Beam|p2b: Calyrex\n|-activate|p2b: Calyrex|move: Protect\n|move|p2a: Kyogre|Water Spout|p1b: Sneasler|[spread] p1a,p1b\n|-resisted|p1a: Kyogre\n|-damage|p1a: Kyogre|5/100\n|-damage|p1b: Sneasler|0 fnt\n|faint|p1b: Sneasler\n|\n|-weather|RainDance|[upkeep]\n|-heal|p1a: Kyogre|11/100|[from] Grassy Terrain\n|-heal|p2b: Calyrex|97/100|[from] Grassy Terrain\n|-heal|p2b: Calyrex|100/100|[from] item: Leftovers\n|upkeep\n|turn|9\n|-message|Javike forfeited.\n|\n|win|dthk1216\n|raw|Javike's rating: 1419 &rarr; <strong>1408</strong><br />(-11 for losing)\n|raw|dthk1216's rating: 1581 &rarr; <strong>1592</strong><br />(+11 for winning)\n|l|\u2606Javike\n|player|p1|\n|l|\u2606dthk1216\n|player|p2|\n","uploadtime":1773687236,"views":17,"formatid":"gen9vgc2026regi","rating":1408,"private":0,"password":null}