{"id":"gen9vgc2026regi-2524163637","format":"[Gen 9] VGC 2026 Reg I","players":["j0l0k0","GoofyRonald756"],"log":"|j|\u2606j0l0k0\n|j|\u2606GoofyRonald756\n|t:|1769113774\n|gametype|doubles\n|player|p1|j0l0k0|brycen|1386\n|player|p2|GoofyRonald756|265|1404\n|gen|9\n|tier|[Gen 9] VGC 2026 Reg I\n|rated|\n|rule|Species Clause: Limit one of each Pok\u00e9mon\n|rule|Item Clause: Limit 1 of each item\n|clearpoke\n|poke|p1|Calyrex-Ice, L50|\n|poke|p1|Kyogre, L50|\n|poke|p1|Indeedee-F, L50, F|\n|poke|p1|Urshifu-*, L50, F|\n|poke|p1|Amoonguss, L50, F|\n|poke|p1|Landorus, L50, M|\n|poke|p2|Miraidon, L50|\n|poke|p2|Lunala, L50|\n|poke|p2|Sylveon, L50, M|\n|poke|p2|Incineroar, L50, F|\n|poke|p2|Whimsicott, L50, M|\n|poke|p2|Urshifu-*, L50, F|\n|teampreview|4\n|inactive|Battle timer is ON: inactive players will automatically lose when time's up. (requested by j0l0k0)\n|\n|t:|1769113795\n|teamsize|p1|4\n|teamsize|p2|4\n|start\n|switch|p1a: Indeedee|Indeedee-F, L50, F, shiny|100/100\n|switch|p1b: Calyrex|Calyrex-Ice, L50|100/100\n|switch|p2a: Urshifu|Urshifu-Rapid-Strike, L50, F|100/100\n|switch|p2b: Lunala|Lunala, L50|100/100\n|-ability|p1b: Calyrex|As One\n|-ability|p1b: Calyrex|Unnerve\n|-fieldstart|move: Psychic Terrain|[from] ability: Psychic Surge|[of] p1a: Indeedee\n|turn|1\n|\n|t:|1769113815\n|-terastallize|p1b: Calyrex|Normal\n|move|p1a: Indeedee|Follow Me|p1a: Indeedee\n|-singleturn|p1a: Indeedee|move: Follow Me\n|move|p2a: Urshifu|U-turn|p1a: Indeedee\n|-supereffective|p1a: Indeedee\n|-damage|p1a: Indeedee|11/100\n|\n|t:|1769113820\n|switch|p2a: Sylveon|Sylveon, L50, M, shiny|100/100|[from] U-turn\n|move|p2b: Lunala|Moonblast|p1a: Indeedee\n|-damage|p1a: Indeedee|0 fnt\n|faint|p1a: Indeedee\n|move|p1b: Calyrex|Trick Room|p1b: Calyrex\n|-fieldstart|move: Trick Room|[of] p1b: Calyrex\n|\n|upkeep\n|j| riyuezi\n|\n|t:|1769113829\n|switch|p1a: Kyogre|Kyogre, L50, shiny|100/100\n|-weather|RainDance|[from] ability: Drizzle|[of] p1a: Kyogre\n|turn|2\n|\n|t:|1769113855\n|move|p2a: Sylveon|Detect|p2a: Sylveon\n|-singleturn|p2a: Sylveon|Protect\n|move|p1b: Calyrex|Glacial Lance|p2b: Lunala|[spread] p2b\n|-activate|p2a: Sylveon|move: Protect\n|-damage|p2b: Lunala|78/100\n|move|p1a: Kyogre|Hydro Pump|p2a: Sylveon\n|-activate|p2a: Sylveon|move: Protect\n|move|p2b: Lunala|Trick Room|p2b: Lunala\n|-fieldend|move: Trick Room\n|\n|-weather|RainDance|[upkeep]\n|upkeep\n|turn|3\n|\n|t:|1769113868\n|move|p2b: Lunala|Moongeist Beam|p1a: Kyogre\n|-damage|p1a: Kyogre|74/100\n|move|p1a: Kyogre|Hydro Pump|p2a: Sylveon\n|-damage|p2a: Sylveon|30/100\n|move|p1b: Calyrex|Crunch|p2b: Lunala\n|-supereffective|p2b: Lunala\n|-damage|p2b: Lunala|0 fnt\n|faint|p2b: Lunala\n|-ability|p1b: Calyrex|Chilling Neigh|boost\n|-boost|p1b: Calyrex|atk|1\n|move|p2a: Sylveon|Roar|p1b: Calyrex\n|drag|p1b: Urshifu|Urshifu, L50, F|100/100\n|\n|-weather|RainDance|[upkeep]\n|upkeep\n|\n|t:|1769113875\n|switch|p2b: Miraidon|Miraidon, L50, shiny|100/100\n|-fieldstart|move: Electric Terrain|[from] ability: Hadron Engine|[of] p2b: Miraidon\n|turn|4\n|\n|t:|1769113899\n|switch|p1a: Calyrex|Calyrex-Ice, L50, tera:Normal|100/100\n|-ability|p1a: Calyrex|As One\n|-ability|p1a: Calyrex|Unnerve\n|move|p2b: Miraidon|Dazzling Gleam|p1a: Calyrex|[spread] p1a,p1b\n|-supereffective|p1b: Urshifu\n|-damage|p1a: Calyrex|68/100\n|-enditem|p1b: Urshifu|Focus Sash\n|-damage|p1b: Urshifu|1/100\n|move|p1b: Urshifu|Wicked Blow|p2b: Miraidon\n|-crit|p2b: Miraidon\n|-damage|p2b: Miraidon|33/100\n|move|p2a: Sylveon|Hyper Voice|p1a: Calyrex|[spread] p1a,p1b\n|-supereffective|p1b: Urshifu\n|-damage|p1a: Calyrex|39/100\n|-damage|p1b: Urshifu|0 fnt\n|faint|p1b: Urshifu\n|\n|-weather|RainDance|[upkeep]\n|upkeep\n|\n|t:|1769113916\n|switch|p1b: Kyogre|Kyogre, L50, shiny|74/100\n|turn|5\n|\n|t:|1769113921\n|move|p2b: Miraidon|Dazzling Gleam|p1b: Kyogre|[spread] p1a,p1b\n|-damage|p1a: Calyrex|5/100\n|-damage|p1b: Kyogre|55/100\n|move|p1b: Kyogre|Ice Beam|p2b: Miraidon\n|-supereffective|p2b: Miraidon\n|-damage|p2b: Miraidon|0 fnt\n|faint|p2b: Miraidon\n|move|p2a: Sylveon|Hyper Voice|p1a: Calyrex|[spread] p1a,p1b\n|-damage|p1a: Calyrex|0 fnt\n|-damage|p1b: Kyogre|38/100\n|faint|p1a: Calyrex\n|\n|-weather|RainDance|[upkeep]\n|upkeep\n|\n|t:|1769113924\n|switch|p2b: Urshifu|Urshifu-Rapid-Strike, L50, F|100/100\n|turn|6\n|\n|t:|1769113933\n|move|p2b: Urshifu|Surging Strikes|p1b: Kyogre\n|-resisted|p1b: Kyogre\n|-crit|p1b: Kyogre\n|-damage|p1b: Kyogre|16/100\n|-resisted|p1b: Kyogre\n|-crit|p1b: Kyogre\n|-damage|p1b: Kyogre|0 fnt\n|faint|p1b: Kyogre\n|-hitcount|p1: Kyogre|2\n|\n|win|GoofyRonald756\n|raw|j0l0k0's rating: 1386 &rarr; <strong>1367</strong><br />(-19 for losing)\n|raw|GoofyRonald756's rating: 1404 &rarr; <strong>1423</strong><br />(+19 for winning)\n|l|\u2606GoofyRonald756\n|player|p2|\n|l|\u2606j0l0k0\n|player|p1|\n|l| riyuezi\n","uploadtime":1769114090,"views":17,"formatid":"gen9vgc2026regi","rating":1367,"private":0,"password":null}