{"id":"gen9vgc2026regi-2555898910","format":"[Gen 9] VGC 2026 Reg I","players":["Galact7adi","blackred123"],"log":"|j|\u2606Galact7adi\n|j|\u2606blackred123\n|t:|1773150046\n|gametype|doubles\n|player|p1|Galact7adi|102|1467\n|player|p2|blackred123|iono-masters|1419\n|gen|9\n|tier|[Gen 9] VGC 2026 Reg I\n|rated|\n|rule|Species Clause: Limit one of each Pok\u00e9mon\n|rule|Item Clause: Limit 1 of each item\n|clearpoke\n|poke|p1|Brute Bonnet, L50|\n|poke|p1|Lunala, L50|\n|poke|p1|Ursaluna, L50, M|\n|poke|p1|Chi-Yu, L50|\n|poke|p1|Koraidon, L50|\n|poke|p1|Flutter Mane, L50|\n|poke|p2|Groudon, L50|\n|poke|p2|Volcarona, L50, M|\n|poke|p2|Rillaboom, L50, F|\n|poke|p2|Incineroar, L50, M|\n|poke|p2|Miraidon, L50|\n|poke|p2|Grimmsnarl, L50, M|\n|teampreview|4\n|inactive|Battle timer is ON: inactive players will automatically lose when time's up. (requested by Galact7adi)\n|inactive|blackred123 also wants the timer to be on.\n|inactive|blackred123 has 60 seconds left.\n|inactive|Galact7adi has 60 seconds left.\n|\n|t:|1773150095\n|teamsize|p1|4\n|teamsize|p2|4\n|start\n|switch|p1a: Lunala|Lunala, L50|100/100\n|switch|p1b: Flutter Mane|Flutter Mane, L50|100/100\n|switch|p2a: \u6c38\u96cf\u5854\u83f2|Groudon, L50|100/100\n|switch|p2b: Grimmsnarl|Grimmsnarl, L50, M|100/100\n|-weather|SunnyDay|[from] ability: Drought|[of] p2a: \u6c38\u96cf\u5854\u83f2\n|-activate|p1b: Flutter Mane|ability: Protosynthesis\n|-start|p1b: Flutter Mane|protosynthesisspe\n|turn|1\n|\n|t:|1773150108\n|move|p1a: Lunala|Wide Guard|p1a: Lunala\n|-singleturn|p1a: Lunala|Wide Guard\n|move|p2b: Grimmsnarl|Light Screen|p2b: Grimmsnarl\n|-sidestart|p2: blackred123|move: Light Screen\n|move|p1b: Flutter Mane|Moonblast|p2b: Grimmsnarl\n|-supereffective|p2b: Grimmsnarl\n|-damage|p2b: Grimmsnarl|35/100\n|move|p2a: \u6c38\u96cf\u5854\u83f2|Precipice Blades|p1b: Flutter Mane|[spread] \n|-activate|p1a: Lunala|move: Wide Guard\n|-activate|p1b: Flutter Mane|move: Wide Guard\n|\n|-weather|SunnyDay|[upkeep]\n|upkeep\n|turn|2\n|\n|t:|1773150124\n|move|p1b: Flutter Mane|Protect|p1b: Flutter Mane\n|-singleturn|p1b: Flutter Mane|Protect\n|move|p2b: Grimmsnarl|Parting Shot|p1b: Flutter Mane\n|-activate|p1b: Flutter Mane|move: Protect\n|move|p1a: Lunala|Meteor Beam||[still]\n|-prepare|p1a: Lunala|Meteor Beam\n|-boost|p1a: Lunala|spa|1\n|-enditem|p1a: Lunala|Power Herb\n|-anim|p1a: Lunala|Meteor Beam|p2b: Grimmsnarl|[miss]\n|-miss|p1a: Lunala|p2b: Grimmsnarl\n|move|p2a: \u6c38\u96cf\u5854\u83f2|Precipice Blades|p1b: Flutter Mane|[spread] p1a\n|-activate|p1b: Flutter Mane|move: Protect\n|-damage|p1a: Lunala|80/100\n|\n|-weather|SunnyDay|[upkeep]\n|upkeep\n|turn|3\n|\n|t:|1773150140\n|-end|p1b: Flutter Mane|Protosynthesis|[silent]\n|switch|p1b: Chi-Yu|Chi-Yu, L50|100/100\n|-ability|p1b: Chi-Yu|Beads of Ruin\n|move|p1a: Lunala|Wide Guard|p1a: Lunala\n|-singleturn|p1a: Lunala|Wide Guard\n|move|p2b: Grimmsnarl|Parting Shot|p1a: Lunala\n|-unboost|p1a: Lunala|atk|1\n|-unboost|p1a: Lunala|spa|1\n|\n|t:|1773150151\n|switch|p2b: \u94f6\u91d1\u7535\u86c7|Miraidon, L50, shiny|100/100|[from] Parting Shot\n|-fieldstart|move: Electric Terrain|[from] ability: Hadron Engine|[of] p2b: \u94f6\u91d1\u7535\u86c7\n|move|p2a: \u6c38\u96cf\u5854\u83f2|High Horsepower|p1b: Chi-Yu|[miss]\n|-miss|p2a: \u6c38\u96cf\u5854\u83f2|p1b: Chi-Yu\n|\n|-weather|SunnyDay|[upkeep]\n|upkeep\n|turn|4\n|inactive|Galact7adi has 30 seconds left.\n|inactive|Galact7adi has 20 seconds left.\n|inactive|Galact7adi has 15 seconds left.\n|inactive|blackred123 has 30 seconds left.\n|inactive|Galact7adi has 10 seconds left.\n|inactive|blackred123 has 20 seconds left.\n|\n|t:|1773150204\n|-terastallize|p2b: \u94f6\u91d1\u7535\u86c7|Electric\n|move|p2b: \u94f6\u91d1\u7535\u86c7|Electro Drift|p1b: Chi-Yu\n|-damage|p1b: Chi-Yu|0 fnt\n|faint|p1b: Chi-Yu\n|move|p1a: Lunala|Moongeist Beam|p2a: \u6c38\u96cf\u5854\u83f2\n|-damage|p2a: \u6c38\u96cf\u5854\u83f2|78/100\n|move|p2a: \u6c38\u96cf\u5854\u83f2|Precipice Blades|p1a: Lunala\n|-damage|p1a: Lunala|31/100\n|\n|-weather|SunnyDay|[upkeep]\n|upkeep\n|\n|t:|1773150218\n|switch|p1b: Flutter Mane|Flutter Mane, L50|100/100\n|-activate|p1b: Flutter Mane|ability: Protosynthesis\n|-start|p1b: Flutter Mane|protosynthesisspe\n|turn|5\n|\n|t:|1773150229\n|switch|p2b: \u629b\u4e0b\u864e\u54e5\u5578\u7a74|Incineroar, L50, M|100/100\n|-ability|p2b: \u629b\u4e0b\u864e\u54e5\u5578\u7a74|Intimidate|boost\n|-unboost|p1a: Lunala|atk|1\n|-unboost|p1b: Flutter Mane|atk|1\n|move|p1a: Lunala|Wide Guard|p1a: Lunala\n|-singleturn|p1a: Lunala|Wide Guard\n|move|p1b: Flutter Mane|Icy Wind|p2a: \u6c38\u96cf\u5854\u83f2|[spread] p2a,p2b\n|-supereffective|p2a: \u6c38\u96cf\u5854\u83f2\n|-resisted|p2b: \u629b\u4e0b\u864e\u54e5\u5578\u7a74\n|-damage|p2a: \u6c38\u96cf\u5854\u83f2|66/100\n|-damage|p2b: \u629b\u4e0b\u864e\u54e5\u5578\u7a74|96/100\n|-unboost|p2a: \u6c38\u96cf\u5854\u83f2|spe|1\n|-unboost|p2b: \u629b\u4e0b\u864e\u54e5\u5578\u7a74|spe|1\n|move|p2a: \u6c38\u96cf\u5854\u83f2|High Horsepower|p1a: Lunala\n|-damage|p1a: Lunala|0 fnt\n|faint|p1a: Lunala\n|\n|-weather|none\n|-end|p1b: Flutter Mane|Protosynthesis\n|upkeep\n|\n|t:|1773150234\n|switch|p1a: Koraidon|Koraidon, L50|100/100\n|-weather|SunnyDay|[from] ability: Orichalcum Pulse|[of] p1a: Koraidon\n|-activate|p1b: Flutter Mane|ability: Protosynthesis\n|-start|p1b: Flutter Mane|protosynthesisspe\n|-activate|p1a: Koraidon|Orichalcum Pulse|[source]\n|turn|6\n|\n|t:|1773150255\n|move|p1b: Flutter Mane|Protect|p1b: Flutter Mane\n|-singleturn|p1b: Flutter Mane|Protect\n|move|p1a: Koraidon|Protect|p1a: Koraidon\n|-singleturn|p1a: Koraidon|Protect\n|move|p2b: \u629b\u4e0b\u864e\u54e5\u5578\u7a74|Fake Out|p1a: Koraidon\n|-activate|p1a: Koraidon|move: Protect\n|move|p2a: \u6c38\u96cf\u5854\u83f2|Precipice Blades|p1b: Flutter Mane|[spread] \n|-activate|p1a: Koraidon|move: Protect\n|-activate|p1b: Flutter Mane|move: Protect\n|\n|-weather|SunnyDay|[upkeep]\n|upkeep\n|turn|7\n|\n|t:|1773150272\n|-terastallize|p1a: Koraidon|Fire\n|move|p1b: Flutter Mane|Moonblast|p2b: \u629b\u4e0b\u864e\u54e5\u5578\u7a74\n|-damage|p2b: \u629b\u4e0b\u864e\u54e5\u5578\u7a74|65/100\n|-unboost|p2b: \u629b\u4e0b\u864e\u54e5\u5578\u7a74|spa|1\n|move|p1a: Koraidon|Flare Blitz|p2a: \u6c38\u96cf\u5854\u83f2\n|-damage|p2a: \u6c38\u96cf\u5854\u83f2|0 fnt\n|faint|p2a: \u6c38\u96cf\u5854\u83f2\n|-damage|p1a: Koraidon|77/100|[from] Recoil\n|-damage|p1a: Koraidon|67/100|[from] item: Life Orb\n|move|p2b: \u629b\u4e0b\u864e\u54e5\u5578\u7a74|Knock Off|p1b: Flutter Mane\n|-damage|p1b: Flutter Mane|18/100\n|-enditem|p1b: Flutter Mane|Focus Sash|[from] move: Knock Off|[of] p2b: \u629b\u4e0b\u864e\u54e5\u5578\u7a74\n|\n|-weather|SunnyDay|[upkeep]\n|-fieldend|move: Electric Terrain\n|upkeep\n|\n|t:|1773150281\n|switch|p2a: Grimmsnarl|Grimmsnarl, L50, M|35/100\n|turn|8\n|\n|t:|1773150306\n|move|p1b: Flutter Mane|Protect|p1b: Flutter Mane\n|-singleturn|p1b: Flutter Mane|Protect\n|move|p2a: Grimmsnarl|Reflect|p2a: Grimmsnarl\n|-sidestart|p2: blackred123|Reflect\n|move|p1a: Koraidon|Flame Charge|p2a: Grimmsnarl\n|-damage|p2a: Grimmsnarl|0 fnt\n|-boost|p1a: Koraidon|spe|1\n|faint|p2a: Grimmsnarl\n|-damage|p1a: Koraidon|58/100|[from] item: Life Orb\n|move|p2b: \u629b\u4e0b\u864e\u54e5\u5578\u7a74|Flare Blitz|p1b: Flutter Mane\n|-activate|p1b: Flutter Mane|move: Protect\n|\n|-weather|SunnyDay|[upkeep]\n|-sideend|p2: blackred123|move: Light Screen\n|upkeep\n|\n|t:|1773150309\n|switch|p2a: \u94f6\u91d1\u7535\u86c7|Miraidon, L50, shiny, tera:Electric|100/100\n|-fieldstart|move: Electric Terrain|[from] ability: Hadron Engine|[of] p2a: \u94f6\u91d1\u7535\u86c7\n|turn|9\n|\n|t:|1773150323\n|move|p1b: Flutter Mane|Moonblast|p2a: \u94f6\u91d1\u7535\u86c7\n|-damage|p2a: \u94f6\u91d1\u7535\u86c7|57/100\n|move|p1a: Koraidon|Close Combat|p2a: \u94f6\u91d1\u7535\u86c7\n|-damage|p2a: \u94f6\u91d1\u7535\u86c7|0 fnt\n|-unboost|p1a: Koraidon|def|1\n|-unboost|p1a: Koraidon|spd|1\n|faint|p2a: \u94f6\u91d1\u7535\u86c7\n|-damage|p1a: Koraidon|48/100|[from] item: Life Orb\n|move|p2b: \u629b\u4e0b\u864e\u54e5\u5578\u7a74|Knock Off|p1a: Koraidon\n|-damage|p1a: Koraidon|0 fnt\n|-enditem|p1a: Koraidon|Life Orb|[from] move: Knock Off|[of] p2b: \u629b\u4e0b\u864e\u54e5\u5578\u7a74\n|faint|p1a: Koraidon\n|\n|-weather|SunnyDay|[upkeep]\n|upkeep\n|turn|10\n|\n|t:|1773150337\n|move|p1b: Flutter Mane|Moonblast|p2b: \u629b\u4e0b\u864e\u54e5\u5578\u7a74\n|-damage|p2b: \u629b\u4e0b\u864e\u54e5\u5578\u7a74|22/100\n|move|p2b: \u629b\u4e0b\u864e\u54e5\u5578\u7a74|Flare Blitz|p1b: Flutter Mane\n|-damage|p1b: Flutter Mane|0 fnt\n|faint|p1b: Flutter Mane\n|-end|p1b: Flutter Mane|Protosynthesis|[silent]\n|-damage|p2b: \u629b\u4e0b\u864e\u54e5\u5578\u7a74|18/100|[from] Recoil\n|\n|win|blackred123\n|raw|Galact7adi's rating: 1467 &rarr; <strong>1444</strong><br />(-23 for losing)\n|raw|blackred123's rating: 1419 &rarr; <strong>1442</strong><br />(+23 for winning)\n|c|\u2606Galact7adi|Gg wp\n|l|\u2606Galact7adi\n|player|p1|\n","uploadtime":1773150349,"views":16,"formatid":"gen9vgc2026regi","rating":1442,"private":0,"password":null}