{"id":"gen9vgc2026regi-2551325144","format":"[Gen 9] VGC 2026 Reg I","players":["littleht666","inb_178"],"log":"|j|\u2606littleht666\n|j|\u2606inb_178\n|t:|1772587206\n|gametype|doubles\n|player|p1|littleht666|elesa|1403\n|player|p2|inb_178|169|1427\n|gen|9\n|tier|[Gen 9] VGC 2026 Reg I\n|rated|\n|rule|Species Clause: Limit one of each Pok\u00e9mon\n|rule|Item Clause: Limit 1 of each item\n|clearpoke\n|poke|p1|Calyrex-Ice, L50|\n|poke|p1|Miraidon, L50|\n|poke|p1|Incineroar, L50, F|\n|poke|p1|Urshifu-*, L50, F|\n|poke|p1|Ursaluna-Bloodmoon, L50, M|\n|poke|p1|Grimmsnarl, L50, M|\n|poke|p2|Miraidon, L50|\n|poke|p2|Groudon, L50|\n|poke|p2|Incineroar, L50, M|\n|poke|p2|Sneasler, L50, F|\n|poke|p2|Walking Wake, L50|\n|poke|p2|Iron Bundle, L50|\n|teampreview|4\n|inactive|Battle timer is ON: inactive players will automatically lose when time's up. (requested by littleht666)\n|\n|t:|1772587244\n|teamsize|p1|4\n|teamsize|p2|4\n|start\n|switch|p1a: Miraidon|Miraidon, L50, shiny|100/100\n|switch|p1b: Incineroar|Incineroar, L50, F|100/100\n|switch|p2a: Groudon|Groudon, L50|100/100\n|switch|p2b: Walking Wake|Walking Wake, L50|100/100\n|-fieldstart|move: Electric Terrain|[from] ability: Hadron Engine|[of] p1a: Miraidon\n|-weather|SunnyDay|[from] ability: Drought|[of] p2a: Groudon\n|-activate|p2b: Walking Wake|ability: Protosynthesis\n|-start|p2b: Walking Wake|protosynthesisspe\n|-ability|p1b: Incineroar|Intimidate|boost\n|-fail|p2a: Groudon|unboost|[from] item: Clear Amulet|[of] p2a: Groudon\n|-unboost|p2b: Walking Wake|atk|1\n|turn|1\n|l|\u2606littleht666\n|inactive|littleht666 disconnected and has a minute to reconnect!\n|player|p1|\n|inactive|littleht666 has 30 seconds left.\n|j|\u2606littleht666\n|inactive|littleht666 reconnected and has 30 seconds left.\n|player|p1|littleht666|elesa|\n|inactive|littleht666 has 20 seconds left.\n|\n|t:|1772587282\n|move|p1b: Incineroar|Fake Out|p2a: Groudon\n|-damage|p2a: Groudon|94/100\n|move|p1a: Miraidon|Draco Meteor|p2b: Walking Wake\n|-supereffective|p2b: Walking Wake\n|-damage|p2b: Walking Wake|0 fnt\n|-unboost|p1a: Miraidon|spa|2\n|faint|p2b: Walking Wake\n|-end|p2b: Walking Wake|Protosynthesis|[silent]\n|cant|p2a: Groudon|flinch\n|\n|-weather|SunnyDay|[upkeep]\n|upkeep\n|\n|t:|1772587300\n|switch|p2b: Sneasler|Sneasler, L50, F|100/100\n|-enditem|p2b: Sneasler|Electric Seed\n|-boost|p2b: Sneasler|def|1|[from] item: Electric Seed\n|turn|2\n|\n|t:|1772587317\n|switch|p1a: Grimmsnarl|Grimmsnarl, L50, M|100/100\n|switch|p1b: Calyrex|Calyrex-Ice, L50|100/100\n|-ability|p1b: Calyrex|As One\n|-ability|p1b: Calyrex|Unnerve\n|move|p2b: Sneasler|Low Kick|p1b: Calyrex\n|-damage|p1b: Calyrex|56/100\n|move|p2a: Groudon|Precipice Blades|p1b: Calyrex|[spread] p1a,p1b\n|-damage|p1a: Grimmsnarl|47/100\n|-damage|p1b: Calyrex|19/100\n|\n|-weather|SunnyDay|[upkeep]\n|-heal|p1b: Calyrex|25/100|[from] item: Leftovers\n|upkeep\n|turn|3\n|\n|t:|1772587337\n|move|p1b: Calyrex|Protect|p1b: Calyrex\n|-singleturn|p1b: Calyrex|Protect\n|move|p1a: Grimmsnarl|Reflect|p1a: Grimmsnarl\n|-sidestart|p1: littleht666|Reflect\n|move|p2b: Sneasler|Dire Claw|p1a: Grimmsnarl\n|-supereffective|p1a: Grimmsnarl\n|-crit|p1a: Grimmsnarl\n|-damage|p1a: Grimmsnarl|0 fnt\n|faint|p1a: Grimmsnarl\n|move|p2a: Groudon|Precipice Blades|p1b: Calyrex\n|-activate|p1b: Calyrex|move: Protect\n|\n|-weather|SunnyDay|[upkeep]\n|-heal|p1b: Calyrex|31/100|[from] item: Leftovers\n|upkeep\n|\n|t:|1772587345\n|switch|p1a: Incineroar|Incineroar, L50, F|100/100\n|-ability|p1a: Incineroar|Intimidate|boost\n|-fail|p2a: Groudon|unboost|[from] item: Clear Amulet|[of] p2a: Groudon\n|-unboost|p2b: Sneasler|atk|1\n|turn|4\n|\n|t:|1772587365\n|move|p1a: Incineroar|Fake Out|p2a: Groudon\n|-damage|p2a: Groudon|86/100\n|move|p2b: Sneasler|Throat Chop|p1b: Calyrex\n|-supereffective|p1b: Calyrex\n|-damage|p1b: Calyrex|15/100\n|-start|p1b: Calyrex|Throat Chop|[silent]\n|cant|p2a: Groudon|flinch\n|move|p1b: Calyrex|Glacial Lance|p2b: Sneasler|[spread] p2a,p2b\n|-supereffective|p2a: Groudon\n|-damage|p2a: Groudon|2/100\n|-damage|p2b: Sneasler|43/100\n|\n|-weather|SunnyDay|[upkeep]\n|-heal|p1b: Calyrex|21/100|[from] item: Leftovers\n|upkeep\n|turn|5\n|\n|t:|1772587382\n|move|p1b: Calyrex|Protect|p1b: Calyrex\n|-singleturn|p1b: Calyrex|Protect\n|move|p2b: Sneasler|Low Kick|p1a: Incineroar\n|-supereffective|p1a: Incineroar\n|-crit|p1a: Incineroar\n|-damage|p1a: Incineroar|0 fnt\n|faint|p1a: Incineroar\n|move|p2a: Groudon|Precipice Blades|p1b: Calyrex\n|-activate|p1b: Calyrex|move: Protect\n|\n|-weather|none\n|-heal|p1b: Calyrex|27/100|[from] item: Leftovers\n|-end|p1b: Calyrex|Throat Chop|[silent]\n|-fieldend|move: Electric Terrain\n|upkeep\n|\n|t:|1772587387\n|switch|p1a: Miraidon|Miraidon, L50, shiny|100/100\n|-fieldstart|move: Electric Terrain|[from] ability: Hadron Engine|[of] p1a: Miraidon\n|turn|6\n|\n|t:|1772587404\n|move|p2b: Sneasler|Low Kick|p1b: Calyrex\n|-damage|p1b: Calyrex|9/100\n|move|p1a: Miraidon|Snarl|p2b: Sneasler|[spread] p2a,p2b\n|-resisted|p2b: Sneasler\n|-damage|p2a: Groudon|0 fnt\n|-damage|p2b: Sneasler|31/100\n|-unboost|p2b: Sneasler|spa|1\n|faint|p2a: Groudon\n|move|p1b: Calyrex|Glacial Lance|p2b: Sneasler\n|-damage|p2b: Sneasler|0 fnt\n|faint|p2b: Sneasler\n|-ability|p1b: Calyrex|Chilling Neigh|boost\n|-boost|p1b: Calyrex|atk|1\n|\n|-heal|p1b: Calyrex|15/100|[from] item: Leftovers\n|upkeep\n|\n|t:|1772587425\n|switch|p2a: Miraidon|Miraidon, L50|100/100\n|-activate|p2a: Miraidon|ability: Hadron Engine\n|turn|7\n|\n|t:|1772587431\n|-terastallize|p2a: Miraidon|Electric\n|move|p1b: Calyrex|Protect|p1b: Calyrex\n|-singleturn|p1b: Calyrex|Protect\n|move|p1a: Miraidon|Snarl|p2a: Miraidon\n|-damage|p2a: Miraidon|87/100\n|-unboost|p2a: Miraidon|spa|1\n|move|p2a: Miraidon|Parabolic Charge|p1b: Calyrex|[spread] p1a\n|-activate|p1b: Calyrex|move: Protect\n|-resisted|p1a: Miraidon\n|-damage|p1a: Miraidon|92/100\n|-heal|p2a: Miraidon|91/100|[from] drain|[of] p1a: Miraidon\n|\n|-heal|p1b: Calyrex|20/100|[from] item: Leftovers\n|upkeep\n|turn|8\n|\n|t:|1772587447\n|move|p1a: Miraidon|Snarl|p2a: Miraidon|[miss]\n|-miss|p1a: Miraidon|p2a: Miraidon\n|move|p2a: Miraidon|Parabolic Charge|p1b: Calyrex|[spread] p1a,p1b\n|-resisted|p1a: Miraidon\n|-damage|p1a: Miraidon|83/100\n|-heal|p2a: Miraidon|96/100|[from] drain|[of] p1a: Miraidon\n|-damage|p1b: Calyrex|0 fnt\n|-heal|p2a: Miraidon|100/100|[from] drain|[of] p1b: Calyrex\n|faint|p1b: Calyrex\n|\n|upkeep\n|turn|9\n|\n|t:|1772587459\n|move|p1a: Miraidon|Snarl|p2a: Miraidon\n|-damage|p2a: Miraidon|87/100\n|-unboost|p2a: Miraidon|spa|1\n|move|p2a: Miraidon|Draco Meteor|p1a: Miraidon|[miss]\n|-miss|p2a: Miraidon|p1a: Miraidon\n|\n|upkeep\n|turn|10\n|\n|t:|1772587468\n|-terastallize|p1a: Miraidon|Electric\n|move|p1a: Miraidon|Snarl|p2a: Miraidon\n|-damage|p2a: Miraidon|71/100\n|-unboost|p2a: Miraidon|spa|1\n|move|p2a: Miraidon|Draco Meteor|p1a: Miraidon\n|-damage|p1a: Miraidon|50/100\n|-unboost|p2a: Miraidon|spa|2\n|\n|-sideend|p1: littleht666|Reflect\n|-fieldend|move: Electric Terrain\n|upkeep\n|turn|11\n|\n|t:|1772587480\n|move|p1a: Miraidon|Snarl|p2a: Miraidon\n|-damage|p2a: Miraidon|60/100\n|-unboost|p2a: Miraidon|spa|1\n|move|p2a: Miraidon|Parabolic Charge|p1a: Miraidon\n|-resisted|p1a: Miraidon\n|-damage|p1a: Miraidon|45/100\n|-heal|p2a: Miraidon|63/100|[from] drain|[of] p1a: Miraidon\n|\n|upkeep\n|turn|12\n|\n|t:|1772587489\n|move|p1a: Miraidon|Snarl|p2a: Miraidon\n|-damage|p2a: Miraidon|52/100\n|move|p2a: Miraidon|Parabolic Charge|p1a: Miraidon\n|-resisted|p1a: Miraidon\n|-damage|p1a: Miraidon|40/100\n|-heal|p2a: Miraidon|55/100|[from] drain|[of] p1a: Miraidon\n|\n|upkeep\n|turn|13\n|\n|t:|1772587497\n|move|p1a: Miraidon|Snarl|p2a: Miraidon\n|-damage|p2a: Miraidon|44/100\n|move|p2a: Miraidon|Parabolic Charge|p1a: Miraidon\n|-resisted|p1a: Miraidon\n|-damage|p1a: Miraidon|34/100\n|-heal|p2a: Miraidon|46/100|[from] drain|[of] p1a: Miraidon\n|\n|upkeep\n|turn|14\n|\n|t:|1772587505\n|move|p1a: Miraidon|Snarl|p2a: Miraidon\n|-damage|p2a: Miraidon|34/100\n|move|p2a: Miraidon|Parabolic Charge|p1a: Miraidon\n|-resisted|p1a: Miraidon\n|-damage|p1a: Miraidon|29/100\n|-heal|p2a: Miraidon|37/100|[from] drain|[of] p1a: Miraidon\n|\n|upkeep\n|turn|15\n|\n|t:|1772587515\n|move|p1a: Miraidon|Snarl|p2a: Miraidon\n|-damage|p2a: Miraidon|25/100\n|move|p2a: Miraidon|Draco Meteor|p1a: Miraidon\n|-damage|p1a: Miraidon|11/100\n|\n|upkeep\n|turn|16\n|\n|t:|1772587523\n|move|p1a: Miraidon|Snarl|p2a: Miraidon\n|-damage|p2a: Miraidon|14/100\n|move|p2a: Miraidon|Draco Meteor|p1a: Miraidon\n|-damage|p1a: Miraidon|0 fnt\n|faint|p1a: Miraidon\n|\n|win|inb_178\n|raw|littleht666's rating: 1403 &rarr; <strong>1384</strong><br />(-19 for losing)\n|raw|inb_178's rating: 1427 &rarr; <strong>1446</strong><br />(+19 for winning)\n|l|\u2606littleht666\n|player|p1|\n|l|\u2606inb_178\n|player|p2|\n","uploadtime":1772587791,"views":14,"formatid":"gen9vgc2026regi","rating":1384,"private":0,"password":null}