{"id":"gen9vgc2026regi-2563427576","format":"[Gen 9] VGC 2026 Reg I","players":["TheAndUrgeTheUrge","SnarkyShane"],"log":"|j|\u2606TheAndUrgeTheUrge\n|j|\u2606SnarkyShane\n|t:|1774025326\n|gametype|doubles\n|player|p1|TheAndUrgeTheUrge|266|1472\n|player|p2|SnarkyShane|gambler|1499\n|gen|9\n|tier|[Gen 9] VGC 2026 Reg I\n|rated|\n|rule|Species Clause: Limit one of each Pok\u00e9mon\n|rule|Item Clause: Limit 1 of each item\n|clearpoke\n|poke|p1|Kyogre, L50|\n|poke|p1|Zamazenta-*, L50|\n|poke|p1|Incineroar, L50, M|\n|poke|p1|Rillaboom, L50, F|\n|poke|p1|Chien-Pao, L50|\n|poke|p1|Raging Bolt, L50|\n|poke|p2|Rayquaza, L50|\n|poke|p2|Calyrex-Shadow, L50|\n|poke|p2|Chien-Pao, L50|\n|poke|p2|Ting-Lu, L50|\n|poke|p2|Amoonguss, L50, F|\n|poke|p2|Avalugg-Hisui, L50, M|\n|teampreview|4\n|inactive|Battle timer is ON: inactive players will automatically lose when time's up. (requested by SnarkyShane)\n|inactive|TheAndUrgeTheUrge has 60 seconds left.\n|inactive|SnarkyShane has 60 seconds left.\n|\n|t:|1774025374\n|teamsize|p1|4\n|teamsize|p2|4\n|start\n|switch|p1a: Zamazenta|Zamazenta-Crowned, L50, shiny|100/100\n|switch|p1b: Incineroar|Incineroar, L50, M, shiny|100/100\n|switch|p2a: Victor Creed|Chien-Pao, L50|100/100\n|switch|p2b: Noodle Del Muerte|Rayquaza, L50|100/100\n|-ability|p2a: Victor Creed|Sword of Ruin\n|-ability|p1a: Zamazenta|Dauntless Shield|boost\n|-boost|p1a: Zamazenta|def|1\n|-ability|p2b: Noodle Del Muerte|Air Lock\n|-ability|p1b: Incineroar|Intimidate|boost\n|-unboost|p2a: Victor Creed|atk|1\n|-fail|p2b: Noodle Del Muerte|unboost|[from] item: Clear Amulet|[of] p2b: Noodle Del Muerte\n|turn|1\n|\n|t:|1774025395\n|switch|p2a: Breathe Deep|Amoonguss, L50, F|100/100\n|move|p1a: Zamazenta|Iron Defense|p1a: Zamazenta\n|-boost|p1a: Zamazenta|def|2\n|move|p2b: Noodle Del Muerte|Swords Dance|p2b: Noodle Del Muerte\n|-boost|p2b: Noodle Del Muerte|atk|2\n|move|p1b: Incineroar|Knock Off|p2b: Noodle Del Muerte\n|-damage|p2b: Noodle Del Muerte|65/100\n|-enditem|p2b: Noodle Del Muerte|Clear Amulet|[from] move: Knock Off|[of] p1b: Incineroar\n|\n|upkeep\n|turn|2\n|\n|t:|1774025411\n|move|p1a: Zamazenta|Protect|p1a: Zamazenta\n|-singleturn|p1a: Zamazenta|Protect\n|move|p2b: Noodle Del Muerte|Dragon Ascent|p1b: Incineroar\n|-damage|p1b: Incineroar|0 fnt\n|-unboost|p2b: Noodle Del Muerte|def|1\n|-unboost|p2b: Noodle Del Muerte|spd|1\n|faint|p1b: Incineroar\n|move|p2a: Breathe Deep|Spore|p1a: Zamazenta\n|-activate|p1a: Zamazenta|move: Protect\n|\n|upkeep\n|\n|t:|1774025421\n|switch|p1b: Chien-Pao|Chien-Pao, L50, shiny|100/100\n|-ability|p1b: Chien-Pao|Sword of Ruin\n|turn|3\n|\n|t:|1774025443\n|move|p1b: Chien-Pao|Protect|p1b: Chien-Pao\n|-singleturn|p1b: Chien-Pao|Protect\n|move|p2b: Noodle Del Muerte|Extreme Speed|p1b: Chien-Pao\n|-activate|p1b: Chien-Pao|move: Protect\n|move|p1a: Zamazenta|Body Press|p2b: Noodle Del Muerte\n|-resisted|p2b: Noodle Del Muerte\n|-damage|p2b: Noodle Del Muerte|0 fnt\n|faint|p2b: Noodle Del Muerte\n|move|p2a: Breathe Deep|Pollen Puff|p1b: Chien-Pao\n|-activate|p1b: Chien-Pao|move: Protect\n|\n|upkeep\n|\n|t:|1774025454\n|switch|p2b: Victor Creed|Chien-Pao, L50|100/100\n|-ability|p2b: Victor Creed|Sword of Ruin\n|turn|4\n|\n|t:|1774025474\n|switch|p1b: Kyogre|Kyogre, L50|100/100\n|-weather|RainDance|[from] ability: Drizzle|[of] p1b: Kyogre\n|-terastallize|p2b: Victor Creed|Ghost\n|move|p2b: Victor Creed|Sacred Sword|p1b: Kyogre\n|-crit|p1b: Kyogre\n|-damage|p1b: Kyogre|34/100\n|-damage|p2b: Victor Creed|91/100|[from] item: Life Orb\n|move|p1a: Zamazenta|Heavy Slam|p2a: Breathe Deep\n|-damage|p2a: Breathe Deep|50/100\n|-enditem|p2a: Breathe Deep|Sitrus Berry|[eat]\n|-heal|p2a: Breathe Deep|75/100|[from] item: Sitrus Berry\n|move|p2a: Breathe Deep|Pollen Puff|p1b: Kyogre\n|-damage|p1b: Kyogre|21/100\n|\n|-weather|RainDance|[upkeep]\n|-heal|p1b: Kyogre|27/100|[from] item: Leftovers\n|upkeep\n|turn|5\n|inactive|TheAndUrgeTheUrge has 30 seconds left.\n|inactive|SnarkyShane has 30 seconds left.\n|\n|t:|1774025509\n|move|p1b: Kyogre|Protect|p1b: Kyogre\n|-singleturn|p1b: Kyogre|Protect\n|move|p2b: Victor Creed|Sucker Punch||[still]\n|-fail|p2b: Victor Creed\n|move|p1a: Zamazenta|Heavy Slam|p2b: Victor Creed\n|-damage|p2b: Victor Creed|22/100\n|move|p2a: Breathe Deep|Spore|p1b: Kyogre\n|-activate|p1b: Kyogre|move: Protect\n|\n|-weather|RainDance|[upkeep]\n|-heal|p1b: Kyogre|33/100|[from] item: Leftovers\n|upkeep\n|turn|6\n|inactive|TheAndUrgeTheUrge has 30 seconds left.\n|\n|t:|1774025538\n|move|p1a: Zamazenta|Protect|p1a: Zamazenta\n|-singleturn|p1a: Zamazenta|Protect\n|move|p2b: Victor Creed|Sacred Sword|p1b: Kyogre\n|-damage|p1b: Kyogre|0 fnt\n|faint|p1b: Kyogre\n|-damage|p2b: Victor Creed|12/100|[from] item: Life Orb\n|move|p2a: Breathe Deep|Spore|p1a: Zamazenta\n|-activate|p1a: Zamazenta|move: Protect\n|\n|-weather|RainDance|[upkeep]\n|upkeep\n|\n|t:|1774025550\n|switch|p1b: Chien-Pao|Chien-Pao, L50, shiny|100/100\n|-ability|p1b: Chien-Pao|Sword of Ruin\n|turn|7\n|\n|t:|1774025563\n|move|p2a: Breathe Deep|Rage Powder|p2a: Breathe Deep\n|-singleturn|p2a: Breathe Deep|move: Rage Powder\n|move|p1b: Chien-Pao|Icicle Crash|p2a: Breathe Deep\n|-supereffective|p2a: Breathe Deep\n|-damage|p2a: Breathe Deep|0 fnt\n|faint|p2a: Breathe Deep\n|move|p2b: Victor Creed|Sacred Sword|p1b: Chien-Pao\n|-supereffective|p1b: Chien-Pao\n|-enditem|p1b: Chien-Pao|Focus Sash\n|-damage|p1b: Chien-Pao|1/100\n|-damage|p2b: Victor Creed|2/100|[from] item: Life Orb\n|move|p1a: Zamazenta|Heavy Slam|p2b: Victor Creed\n|-damage|p2b: Victor Creed|0 fnt\n|faint|p2b: Victor Creed\n|\n|-weather|RainDance|[upkeep]\n|upkeep\n|\n|t:|1774025573\n|switch|p2b: FesterinEquestrian|Calyrex-Shadow, L50|100/100\n|-ability|p2b: FesterinEquestrian|As One\n|-ability|p2b: FesterinEquestrian|Unnerve\n|turn|8\n|\n|t:|1774025587\n|move|p1b: Chien-Pao|Sucker Punch|p2b: FesterinEquestrian\n|-supereffective|p2b: FesterinEquestrian\n|-enditem|p2b: FesterinEquestrian|Focus Sash\n|-damage|p2b: FesterinEquestrian|1/100\n|move|p2b: FesterinEquestrian|Astral Barrage|p1a: Zamazenta|[spread] p1a,p1b\n|-resisted|p1b: Chien-Pao\n|-damage|p1a: Zamazenta|69/100\n|-damage|p1b: Chien-Pao|0 fnt\n|faint|p1b: Chien-Pao\n|-ability|p2b: FesterinEquestrian|Grim Neigh|boost\n|-boost|p2b: FesterinEquestrian|spa|1\n|move|p1a: Zamazenta|Heavy Slam|p2b: FesterinEquestrian\n|-damage|p2b: FesterinEquestrian|0 fnt\n|faint|p2b: FesterinEquestrian\n|\n|win|TheAndUrgeTheUrge\n|raw|TheAndUrgeTheUrge's rating: 1472 &rarr; <strong>1494</strong><br />(+22 for winning)\n|raw|SnarkyShane's rating: 1499 &rarr; <strong>1477</strong><br />(-22 for losing)\n|l|\u2606SnarkyShane\n|player|p2|\n|l|\u2606TheAndUrgeTheUrge\n|player|p1|\n","uploadtime":1774025745,"views":23,"formatid":"gen9vgc2026regi","rating":1477,"private":0,"password":null}