{"id":"gen9vgc2026regi-2569655024","format":"[Gen 9] VGC 2026 Reg I","players":["Crlg92","TheNamesBetty"],"log":"|j|\u2606Crlg92\n|j|\u2606TheNamesBetty\n|t:|1774720020\n|gametype|doubles\n|player|p1|Crlg92|lucas|1296\n|player|p2|TheNamesBetty|koga|1269\n|gen|9\n|tier|[Gen 9] VGC 2026 Reg I\n|rated|\n|rule|Species Clause: Limit one of each Pok\u00e9mon\n|rule|Item Clause: Limit 1 of each item\n|clearpoke\n|poke|p1|Ogerpon-Wellspring, L50, F|\n|poke|p1|Incineroar, L50, M|\n|poke|p1|Raging Bolt, L50|\n|poke|p1|Calyrex-Shadow, L50|\n|poke|p1|Whimsicott, L50, M|\n|poke|p1|Miraidon, L50|\n|poke|p2|Calyrex-Shadow, L50|\n|poke|p2|Koraidon, L50|\n|poke|p2|Rillaboom, L50, M|\n|poke|p2|Incineroar, L50, F|\n|poke|p2|Regieleki, L50|\n|poke|p2|Cramorant, L50, M|\n|teampreview|4\nTheNamesBetty has agreed to open team sheets.\n|\n|t:|1774720047\n|teamsize|p1|4\n|teamsize|p2|4\n|start\n|switch|p1a: Whimsicott|Whimsicott, L50, M|100/100\n|switch|p1b: Miraidon|Miraidon, L50|100/100\n|switch|p2a: Rillaboom|Rillaboom, L50, M|100/100\n|switch|p2b: Regieleki|Regieleki, L50|100/100\n|-fieldstart|move: Electric Terrain|[from] ability: Hadron Engine|[of] p1b: Miraidon\n|-fieldstart|move: Grassy Terrain|[from] ability: Grassy Surge|[of] p2a: Rillaboom\n|turn|1\n|\n|t:|1774720065\n|move|p1a: Whimsicott|Tailwind|p1a: Whimsicott\n|-sidestart|p1: Crlg92|move: Tailwind\n|move|p1b: Miraidon|Volt Switch|p2a: Rillaboom\n|-resisted|p2a: Rillaboom\n|-damage|p2a: Rillaboom|82/100\n|\n|t:|1774720071\n|switch|p1b: Incineroar|Incineroar, L50, M|100/100|[from] Volt Switch\n|-ability|p1b: Incineroar|Intimidate|boost\n|-unboost|p2a: Rillaboom|atk|1\n|-unboost|p2b: Regieleki|atk|1\n|move|p2b: Regieleki|Volt Switch|p1b: Incineroar\n|-damage|p1b: Incineroar|78/100\n|\n|t:|1774720080\n|switch|p2b: Koraidon|Koraidon, L50|100/100|[from] Volt Switch\n|-weather|SunnyDay|[from] ability: Orichalcum Pulse|[of] p2b: Koraidon\n|-activate|p2b: Koraidon|Orichalcum Pulse|[source]\n|move|p2a: Rillaboom|Wood Hammer|p1b: Incineroar\n|-resisted|p1b: Incineroar\n|-crit|p1b: Incineroar\n|-damage|p1b: Incineroar|26/100\n|-damage|p2a: Rillaboom|65/100|[from] Recoil\n|\n|-weather|SunnyDay|[upkeep]\n|-heal|p1b: Incineroar|32/100|[from] Grassy Terrain\n|-heal|p2a: Rillaboom|71/100|[from] Grassy Terrain\n|upkeep\n|turn|2\n|\n|t:|1774720106\n|move|p1b: Incineroar|Fake Out|p2b: Koraidon\n|-damage|p2b: Koraidon|93/100\n|move|p1a: Whimsicott|Encore|p2a: Rillaboom\n|-start|p2a: Rillaboom|Encore\n|cant|p2b: Koraidon|flinch\n|move|p2a: Rillaboom|Wood Hammer|p1b: Incineroar\n|-resisted|p1b: Incineroar\n|-damage|p1b: Incineroar|12/100\n|-damage|p2a: Rillaboom|65/100|[from] Recoil\n|\n|-weather|SunnyDay|[upkeep]\n|-heal|p2b: Koraidon|99/100|[from] Grassy Terrain\n|-heal|p1b: Incineroar|18/100|[from] Grassy Terrain\n|-heal|p2a: Rillaboom|71/100|[from] Grassy Terrain\n|upkeep\n|turn|3\n|\n|t:|1774720151\n|switch|p2a: Regieleki|Regieleki, L50|100/100\n|-terastallize|p2b: Koraidon|Fire\n|move|p1a: Whimsicott|Moonblast|p2b: Koraidon\n|-resisted|p2b: Koraidon\n|-damage|p2b: Koraidon|88/100\n|move|p2b: Koraidon|Flame Charge|p1a: Whimsicott\n|-supereffective|p1a: Whimsicott\n|-enditem|p1a: Whimsicott|Focus Sash\n|-damage|p1a: Whimsicott|1/100\n|-boost|p2b: Koraidon|spe|1\n|move|p1b: Incineroar|U-turn|p2a: Regieleki\n|-damage|p2a: Regieleki|65/100\n|\n|t:|1774720167\n|switch|p1b: Calyrex|Calyrex-Shadow, L50|100/100|[from] U-turn\n|-ability|p1b: Calyrex|As One\n|-ability|p1b: Calyrex|Unnerve\n|\n|-weather|SunnyDay|[upkeep]\n|-heal|p1a: Whimsicott|7/100|[from] Grassy Terrain\n|-heal|p2b: Koraidon|94/100|[from] Grassy Terrain\n|-heal|p2a: Regieleki|71/100|[from] Grassy Terrain\n|upkeep\n|turn|4\n|\n|t:|1774720186\n|move|p1a: Whimsicott|Protect|p1a: Whimsicott\n|-singleturn|p1a: Whimsicott|Protect\n|move|p1b: Calyrex|Astral Barrage|p2a: Regieleki|[spread] p2a,p2b\n|-damage|p2a: Regieleki|0 fnt\n|-damage|p2b: Koraidon|33/100\n|faint|p2a: Regieleki\n|-ability|p1b: Calyrex|Grim Neigh|boost\n|-boost|p1b: Calyrex|spa|1\n|-damage|p1b: Calyrex|91/100|[from] item: Life Orb\n|move|p2b: Koraidon|Flame Charge|p1a: Whimsicott\n|-activate|p1a: Whimsicott|move: Protect\n|\n|-weather|SunnyDay|[upkeep]\n|-heal|p1b: Calyrex|97/100|[from] Grassy Terrain\n|-heal|p1a: Whimsicott|13/100|[from] Grassy Terrain\n|-heal|p2b: Koraidon|39/100|[from] Grassy Terrain\n|-sideend|p1: Crlg92|move: Tailwind\n|upkeep\n|\n|t:|1774720195\n|switch|p2a: Rillaboom|Rillaboom, L50, M|71/100\n|turn|5\n|\n|t:|1774720223\n|switch|p1b: Miraidon|Miraidon, L50|100/100\n|-fieldstart|move: Electric Terrain|[from] ability: Hadron Engine|[of] p1b: Miraidon\n|move|p2a: Rillaboom|Fake Out|p1a: Whimsicott\n|-damage|p1a: Whimsicott|0 fnt\n|faint|p1a: Whimsicott\n|move|p2b: Koraidon|Collision Course|p1b: Miraidon\n|-damage|p1b: Miraidon|29/100\n|\n|-weather|none\n|upkeep\n|\n|t:|1774720237\n|switch|p1a: Incineroar|Incineroar, L50, M|18/100\n|-ability|p1a: Incineroar|Intimidate|boost\n|-unboost|p2a: Rillaboom|atk|1\n|-unboost|p2b: Koraidon|atk|1\n|turn|6\n|\n|t:|1774720250\n|-terastallize|p1b: Miraidon|Fairy\n|move|p2b: Koraidon|Protect|p2b: Koraidon\n|-singleturn|p2b: Koraidon|Protect\n|move|p1a: Incineroar|Fake Out|p2b: Koraidon\n|-activate|p2b: Koraidon|move: Protect\n|move|p1b: Miraidon|Dazzling Gleam|p2a: Rillaboom|[spread] p2a\n|-activate|p2b: Koraidon|move: Protect\n|-damage|p2a: Rillaboom|33/100\n|move|p2a: Rillaboom|U-turn|p1a: Incineroar\n|-damage|p1a: Incineroar|5/100\n|\n|t:|1774720262\n|switch|p2a: Calyrex|Calyrex-Shadow, L50|100/100|[from] U-turn\n|-ability|p2a: Calyrex|As One\n|-ability|p2a: Calyrex|Unnerve\n|\n|upkeep\n|turn|7\n|-message|Crlg92 forfeited.\n|\n|win|TheNamesBetty\n|raw|Crlg92's rating: 1296 &rarr; <strong>1269</strong><br />(-27 for losing)\n|raw|TheNamesBetty's rating: 1269 &rarr; <strong>1296</strong><br />(+27 for winning)\n|l|\u2606Crlg92\n|player|p1|\n|l|\u2606TheNamesBetty\n|player|p2|\n|j|\u2606TheNamesBetty\n|player|p2|TheNamesBetty|koga|\n","uploadtime":1774720892,"views":14,"formatid":"gen9vgc2026regi","rating":1269,"private":0,"password":null}