{"id":"gen9vgc2026regi-2544418867","format":"[Gen 9] VGC 2026 Reg I","players":["localdealerr2","j0l0k0"],"log":"|j|\u203dlocaldealerr2\n|j|\u2606j0l0k0\n|t:|1771704653\n|gametype|doubles\n|player|p1|localdealerr2|1|1218\n|player|p2|j0l0k0|brycen|1405\n|gen|9\n|tier|[Gen 9] VGC 2026 Reg I\n|rated|\n|rule|Species Clause: Limit one of each Pok\u00e9mon\n|rule|Item Clause: Limit 1 of each item\n|clearpoke\n|poke|p1|Frosmoth, L50, F|\n|poke|p1|Kyurem-White, L50|\n|poke|p1|Ninetales-Alola, L50, M|\n|poke|p1|Calyrex-Ice, L50|\n|poke|p1|Goodra-Hisui, L50, M|\n|poke|p1|Incineroar, L50, F|\n|poke|p2|Calyrex-Ice, L50|\n|poke|p2|Kyogre, L50|\n|poke|p2|Indeedee-F, L50, F|\n|poke|p2|Urshifu-*, L50, F|\n|poke|p2|Amoonguss, L50, F|\n|poke|p2|Landorus, L50, M|\n|teampreview|4\n|inactive|Battle timer is ON: inactive players will automatically lose when time's up. (requested by j0l0k0)\n|inactive|j0l0k0 has 60 seconds left.\n|\n|t:|1771704690\n|teamsize|p1|4\n|teamsize|p2|4\n|start\n|switch|p1a: Frosmoth|Frosmoth, L50, F|100/100\n|switch|p1b: Kyurem|Kyurem-White, L50|100/100\n|switch|p2a: Urshifu|Urshifu, L50, F|100/100\n|switch|p2b: Calyrex|Calyrex-Ice, L50|100/100\n|-ability|p2b: Calyrex|As One\n|-ability|p2b: Calyrex|Unnerve\n|-ability|p1b: Kyurem|Turboblaze\n|turn|1\n|\n|t:|1771704714\n|switch|p1a: Ninetales|Ninetales-Alola, L50, M|100/100\n|-weather|Snowscape|[from] ability: Snow Warning|[of] p1a: Ninetales\n|move|p2a: Urshifu|Close Combat|p1b: Kyurem\n|-supereffective|p1b: Kyurem\n|-damage|p1b: Kyurem|24/100\n|-unboost|p2a: Urshifu|def|1\n|-unboost|p2a: Urshifu|spd|1\n|move|p1b: Kyurem|Dragon Pulse|p2a: Urshifu\n|-enditem|p2a: Urshifu|Focus Sash\n|-damage|p2a: Urshifu|1/100\n|move|p2b: Calyrex|Trick Room|p2b: Calyrex\n|-fieldstart|move: Trick Room|[of] p2b: Calyrex\n|\n|-weather|Snowscape|[upkeep]\n|upkeep\n|turn|2\n|\n|t:|1771704726\n|switch|p1b: Frosmoth|Frosmoth, L50, F|100/100\n|move|p2b: Calyrex|Glacial Lance|p1b: Frosmoth|[spread] p1a,p1b\n|-resisted|p1a: Ninetales\n|-resisted|p1b: Frosmoth\n|-damage|p1a: Ninetales|75/100\n|-damage|p1b: Frosmoth|78/100\n|move|p2a: Urshifu|Poison Jab|p1a: Ninetales\n|-supereffective|p1a: Ninetales\n|-damage|p1a: Ninetales|25/100\n|move|p1a: Ninetales|Moonblast|p2a: Urshifu\n|-supereffective|p2a: Urshifu\n|-damage|p2a: Urshifu|0 fnt\n|faint|p2a: Urshifu\n|\n|-weather|Snowscape|[upkeep]\n|upkeep\n|\n|t:|1771704743\n|switch|p2a: Amoonguss|Amoonguss, L50, F, shiny|100/100\n|turn|3\n|\n|t:|1771704755\n|move|p1b: Frosmoth|Wide Guard|p1b: Frosmoth\n|-singleturn|p1b: Frosmoth|Wide Guard\n|move|p2a: Amoonguss|Spore|p1b: Frosmoth\n|-status|p1b: Frosmoth|slp|[from] move: Spore\n|move|p2b: Calyrex|Close Combat|p1a: Ninetales\n|-damage|p1a: Ninetales|0 fnt\n|-unboost|p2b: Calyrex|def|1\n|-unboost|p2b: Calyrex|spd|1\n|faint|p1a: Ninetales\n|-ability|p2b: Calyrex|Chilling Neigh|boost\n|-boost|p2b: Calyrex|atk|1\n|\n|-weather|Snowscape|[upkeep]\n|upkeep\n|\n|t:|1771704763\n|switch|p1a: Calyrex|Calyrex-Ice, L50|100/100\n|-ability|p1a: Calyrex|As One\n|-ability|p1a: Calyrex|Unnerve\n|turn|4\n|j| Markzard\n|\n|t:|1771704774\n|move|p1a: Calyrex|Protect|p1a: Calyrex\n|-singleturn|p1a: Calyrex|Protect\n|move|p2a: Amoonguss|Spore|p1a: Calyrex\n|-activate|p1a: Calyrex|move: Protect\n|move|p2b: Calyrex|Crunch|p1a: Calyrex\n|-activate|p1a: Calyrex|move: Protect\n|cant|p1b: Frosmoth|slp\n|\n|-weather|Snowscape|[upkeep]\n|upkeep\n|turn|5\n|\n|t:|1771704795\n|switch|p2b: Kyogre|Kyogre, L50, shiny|100/100\n|-weather|RainDance|[from] ability: Drizzle|[of] p2b: Kyogre\n|switch|p1a: Kyurem|Kyurem-White, L50|24/100\n|-ability|p1a: Kyurem|Turboblaze\n|move|p2a: Amoonguss|Spore|p1a: Kyurem\n|-status|p1a: Kyurem|slp|[from] move: Spore\n|cant|p1b: Frosmoth|slp\n|\n|-weather|RainDance|[upkeep]\n|-fieldend|move: Trick Room\n|upkeep\n|turn|6\n|inactive|j0l0k0 has 30 seconds left.\n|inactive|j0l0k0 has 20 seconds left.\n|inactive|j0l0k0 has 15 seconds left.\n|\n|t:|1771704836\n|switch|p2a: Calyrex|Calyrex-Ice, L50|100/100\n|-ability|p2a: Calyrex|As One\n|-ability|p2a: Calyrex|Unnerve\n|-curestatus|p1b: Frosmoth|slp|[msg]\n|move|p1b: Frosmoth|Wide Guard|p1b: Frosmoth\n|-singleturn|p1b: Frosmoth|Wide Guard\n|cant|p1a: Kyurem|slp\n|move|p2b: Kyogre|Ice Beam|p1a: Kyurem\n|-damage|p1a: Kyurem|4/100 slp\n|\n|-weather|RainDance|[upkeep]\n|upkeep\n|turn|7\n|inactive|localdealerr2 has 30 seconds left.\n|\n|t:|1771704865\n|cant|p1a: Kyurem|slp\n|move|p2b: Kyogre|Water Spout|p1a: Kyurem|[spread] p1a,p1b\n|-resisted|p1a: Kyurem\n|-crit|p1a: Kyurem\n|-damage|p1a: Kyurem|0 fnt\n|-damage|p1b: Frosmoth|25/100\n|faint|p1a: Kyurem\n|move|p1b: Frosmoth|Snowscape|p1b: Frosmoth\n|-weather|Snowscape\n|move|p2a: Calyrex|Glacial Lance|p1b: Frosmoth\n|-resisted|p1b: Frosmoth\n|-damage|p1b: Frosmoth|0 fnt\n|faint|p1b: Frosmoth\n|-ability|p2a: Calyrex|Chilling Neigh|boost\n|-boost|p2a: Calyrex|atk|1\n|\n|-weather|Snowscape|[upkeep]\n|upkeep\n|-message|localdealerr2 forfeited.\n|\n|win|j0l0k0\n|raw|localdealerr2's rating: 1218 &rarr; <strong>1205</strong><br />(-13 for losing)\n|raw|j0l0k0's rating: 1405 &rarr; <strong>1415</strong><br />(+10 for winning)\n|l|\u203dlocaldealerr2\n|player|p1|\n|l|\u2606j0l0k0\n|player|p2|\n","uploadtime":1771705027,"views":14,"formatid":"gen9vgc2026regi","rating":1205,"private":0,"password":null}