{"id":"gen9vgc2026regi-2577691483","format":"[Gen 9] VGC 2026 Reg I","players":["PR340Test","jd8erh"],"log":"|j|\u2606PR340Test\n|j|\u2606jd8erh\n|t:|1775596676\n|gametype|doubles\n|player|p1|PR340Test|hiker-gen4|1475\n|player|p2|jd8erh|101|1604\n|gen|9\n|tier|[Gen 9] VGC 2026 Reg I\n|rated|\n|rule|Species Clause: Limit one of each Pok\u00e9mon\n|rule|Item Clause: Limit 1 of each item\n|clearpoke\n|poke|p1|Farigiraf, L50, F|\n|poke|p1|Miraidon, L50|\n|poke|p1|Incineroar, L50, M|\n|poke|p1|Zoroark-Hisui, L50, F|\n|poke|p1|Calyrex-Ice, L50|\n|poke|p1|Ogerpon-Wellspring, L50, F|\n|poke|p2|Calyrex-Ice, L50|\n|poke|p2|Miraidon, L50|\n|poke|p2|Incineroar, L50, F|\n|poke|p2|Farigiraf, L50, F|\n|poke|p2|Volcarona, L50, M|\n|poke|p2|Grimmsnarl, L50, M|\n|teampreview|4\n|inactive|Battle timer is ON: inactive players will automatically lose when time's up. (requested by jd8erh)\njd8erh has agreed to open team sheets.\nPR340Test has agreed to open team sheets.\n|showteam|p1|Farigiraf||ThroatSpray|ArmorTail|TrickRoom,Psychic,HyperVoice,Protect|||F|||50|,,,,,Grass]Miraidon||ChoiceScarf|HadronEngine|ElectroDrift,VoltSwitch,DazzlingGleam,DracoMeteor||||||50|,,,,,Electric]Incineroar|||Intimidate|PartingShot,FakeOut,WillOWisp,KnockOff|||M|||50|,,,,,Ghost]Zoroark-Hisui||FocusSash|Illusion|BitterMalice,IcyWind,Taunt,Protect|||F|||50|,,,,,Ghost]Calyrex-Ice||SitrusBerry|AsOneGlastrier|Protect,GlacialLance,TrickRoom,HighHorsepower||||||50|,,,,,Water]Ogerpon-Wellspring||WellspringMask|WaterAbsorb|SpikyShield,FollowMe,IvyCudgel,HornLeech|||F|||50|,,,,,Water\n|showteam|p2|Calyrex-Ice||Leftovers|AsOneGlastrier|GlacialLance,LeechSeed,TrickRoom,Protect||||||50|,,,,,Water]Miraidon||ChoiceScarf|HadronEngine|ElectroDrift,VoltSwitch,DracoMeteor,Snarl||||||50|,,,,,Electric]Incineroar||AssaultVest|Intimidate|FakeOut,FlareBlitz,KnockOff,Uturn|||F|||50|,,,,,Bug]Farigiraf||ElectricSeed|ArmorTail|PsychicNoise,FoulPlay,TrickRoom,HelpingHand|||F|||50|,,,,,Water]Volcarona||RockyHelmet|FlameBody|Overheat,RagePowder,WillOWisp,StruggleBug|||M|||50|,,,,,Grass]Grimmsnarl||LightClay|Prankster|Reflect,LightScreen,SpiritBreak,ThunderWave|||M|||50|,,,,,Steel\n|\n|t:|1775596697\n|teamsize|p1|4\n|teamsize|p2|4\n|start\n|switch|p1a: Incineroar|Incineroar, L50, M|100/100\n|switch|p1b: Miraidon|Miraidon, L50|100/100\n|switch|p2a: Grimmsnarl|Grimmsnarl, L50, M|100/100\n|switch|p2b: Incineroar|Incineroar, L50, F|100/100\n|-fieldstart|move: Electric Terrain|[from] ability: Hadron Engine|[of] p1b: Miraidon\n|-ability|p2b: Incineroar|Intimidate|boost\n|-unboost|p1a: Incineroar|atk|1\n|-unboost|p1b: Miraidon|atk|1\n|-ability|p1a: Incineroar|Intimidate|boost\n|-unboost|p2a: Grimmsnarl|atk|1\n|-unboost|p2b: Incineroar|atk|1\n|turn|1\n|\n|t:|1775596715\n|move|p2b: Incineroar|Fake Out|p1b: Miraidon\n|-damage|p1b: Miraidon|93/100\n|move|p1a: Incineroar|Fake Out|p2a: Grimmsnarl\n|-damage|p2a: Grimmsnarl|92/100\n|cant|p2a: Grimmsnarl|flinch\n|cant|p1b: Miraidon|flinch\n|\n|upkeep\n|turn|2\n|\n|t:|1775596726\n|move|p2a: Grimmsnarl|Light Screen|p2a: Grimmsnarl\n|-sidestart|p2: jd8erh|move: Light Screen\n|move|p1b: Miraidon|Volt Switch|p2b: Incineroar\n|-damage|p2b: Incineroar|78/100\n|\n|t:|1775596731\n|switch|p1b: Ogerpon|Ogerpon-Wellspring, L50, F|100/100|[from] Volt Switch\n|move|p2b: Incineroar|Knock Off|p1b: Ogerpon\n|-damage|p1b: Ogerpon|79/100\n|move|p1a: Incineroar|Parting Shot|p2a: Grimmsnarl\n|-unboost|p2a: Grimmsnarl|atk|1\n|-unboost|p2a: Grimmsnarl|spa|1\n|\n|t:|1775596738\n|switch|p1a: Calyrex|Calyrex-Ice, L50|100/100|[from] Parting Shot\n|-ability|p1a: Calyrex|As One\n|-ability|p1a: Calyrex|Unnerve\n|\n|upkeep\n|turn|3\n|\n|t:|1775596747\n|switch|p2b: Calyrex|Calyrex-Ice, L50|100/100\n|-ability|p2b: Calyrex|As One\n|-ability|p2b: Calyrex|Unnerve\n|-terastallize|p1b: Ogerpon|Water\n|detailschange|p1b: Ogerpon|Ogerpon-Wellspring-Tera, L50, F, tera:Water\n|-ability|p1b: Ogerpon|Embody Aspect (Wellspring)|boost\n|-boost|p1b: Ogerpon|spd|1\n|move|p2a: Grimmsnarl|Reflect|p2a: Grimmsnarl\n|-sidestart|p2: jd8erh|Reflect\n|move|p1b: Ogerpon|Ivy Cudgel|p2b: Calyrex|[anim] Ivy Cudgel Water\n|-damage|p2b: Calyrex|73/100\n|move|p1a: Calyrex|Glacial Lance|p2a: Grimmsnarl|[spread] p2a,p2b\n|-resisted|p2b: Calyrex\n|-damage|p2a: Grimmsnarl|46/100\n|-damage|p2b: Calyrex|62/100\n|\n|-heal|p2b: Calyrex|68/100|[from] item: Leftovers\n|upkeep\n|turn|4\n|\n|t:|1775596764\n|move|p2a: Grimmsnarl|Thunder Wave|p1b: Ogerpon\n|-status|p1b: Ogerpon|par\n|move|p1b: Ogerpon|Ivy Cudgel|p2b: Calyrex|[anim] Ivy Cudgel Water\n|-damage|p2b: Calyrex|40/100\n|move|p2b: Calyrex|Leech Seed|p1a: Calyrex\n|-start|p1a: Calyrex|move: Leech Seed\n|move|p1a: Calyrex|Glacial Lance|p2a: Grimmsnarl|[spread] p2a,p2b\n|-resisted|p2b: Calyrex\n|-damage|p2a: Grimmsnarl|0 fnt\n|-damage|p2b: Calyrex|28/100\n|faint|p2a: Grimmsnarl\n|-ability|p1a: Calyrex|Chilling Neigh|boost\n|-boost|p1a: Calyrex|atk|1\n|\n|-heal|p2b: Calyrex|34/100|[from] item: Leftovers\n|-damage|p1a: Calyrex|88/100|[from] Leech Seed|[of] p2b: Calyrex\n|-heal|p2b: Calyrex|46/100|[silent]\n|upkeep\n|\n|t:|1775596775\n|switch|p2a: Incineroar|Incineroar, L50, F|78/100\n|-ability|p2a: Incineroar|Intimidate|boost\n|-unboost|p1a: Calyrex|atk|1\n|-unboost|p1b: Ogerpon|atk|1\n|turn|5\n|\n|t:|1775596782\n|cant|p1b: Ogerpon|par\n|move|p1a: Calyrex|Protect|p1a: Calyrex\n|-singleturn|p1a: Calyrex|Protect\n|move|p2a: Incineroar|Fake Out|p1a: Calyrex\n|-activate|p1a: Calyrex|move: Protect\n|move|p2b: Calyrex|Leech Seed|p1b: Ogerpon\n|-start|p1b: Ogerpon|move: Leech Seed\n|\n|-heal|p2b: Calyrex|52/100|[from] item: Leftovers\n|-damage|p1b: Ogerpon|67/100 par|[from] Leech Seed|[of] p2b: Calyrex\n|-heal|p2b: Calyrex|62/100|[silent]\n|-damage|p1a: Calyrex|75/100|[from] Leech Seed|[of] p2b: Calyrex\n|-heal|p2b: Calyrex|74/100|[silent]\n|-fieldend|move: Electric Terrain\n|upkeep\n|turn|6\n|\n|t:|1775596797\n|move|p1b: Ogerpon|Ivy Cudgel|p2a: Incineroar|[anim] Ivy Cudgel Water\n|-supereffective|p2a: Incineroar\n|-damage|p2a: Incineroar|24/100\n|move|p2a: Incineroar|Knock Off|p1a: Calyrex\n|-supereffective|p1a: Calyrex\n|-damage|p1a: Calyrex|21/100\n|-enditem|p1a: Calyrex|Sitrus Berry|[from] move: Knock Off|[of] p2a: Incineroar\n|move|p2b: Calyrex|Glacial Lance|p1a: Calyrex|[spread] p1a,p1b\n|-resisted|p1a: Calyrex\n|-crit|p1a: Calyrex\n|-resisted|p1b: Ogerpon\n|-damage|p1a: Calyrex|0 fnt\n|-damage|p1b: Ogerpon|39/100 par\n|faint|p1a: Calyrex\n|-ability|p2b: Calyrex|Chilling Neigh|boost\n|-boost|p2b: Calyrex|atk|1\n|\n|-heal|p2b: Calyrex|80/100|[from] item: Leftovers\n|-damage|p1b: Ogerpon|27/100 par|[from] Leech Seed|[of] p2b: Calyrex\n|-heal|p2b: Calyrex|90/100|[silent]\n|upkeep\n|\n|t:|1775596806\n|switch|p1a: Incineroar|Incineroar, L50, M|100/100\n|-ability|p1a: Incineroar|Intimidate|boost\n|-unboost|p2a: Incineroar|atk|1\n|-unboost|p2b: Calyrex|atk|1\n|turn|7\n|\n|t:|1775596812\n|switch|p2a: Miraidon|Miraidon, L50|100/100\n|-fieldstart|move: Electric Terrain|[from] ability: Hadron Engine|[of] p2a: Miraidon\n|move|p2b: Calyrex|Protect|p2b: Calyrex\n|-singleturn|p2b: Calyrex|Protect\n|move|p1a: Incineroar|Fake Out|p2b: Calyrex\n|-activate|p2b: Calyrex|move: Protect\n|cant|p1b: Ogerpon|par\n|\n|-heal|p2b: Calyrex|96/100|[from] item: Leftovers\n|-damage|p1b: Ogerpon|15/100 par|[from] Leech Seed|[of] p2b: Calyrex\n|-heal|p2b: Calyrex|100/100|[silent]\n|upkeep\n|turn|8\n|\n|t:|1775596822\n|switch|p2b: Incineroar|Incineroar, L50, F|24/100\n|-ability|p2b: Incineroar|Intimidate|boost\n|-unboost|p1a: Incineroar|atk|1\n|-unboost|p1b: Ogerpon|atk|1\n|cant|p1b: Ogerpon|par\n|move|p2a: Miraidon|Volt Switch|p1b: Ogerpon\n|-supereffective|p1b: Ogerpon\n|-damage|p1b: Ogerpon|0 fnt\n|faint|p1b: Ogerpon\n|detailschange|p1: Ogerpon|Ogerpon-Wellspring, L50, F|[silent]\n|\n|t:|1775596829\n|switch|p2a: Calyrex|Calyrex-Ice, L50|100/100|[from] Volt Switch\n|-ability|p2a: Calyrex|As One\n|-ability|p2a: Calyrex|Unnerve\n|move|p1a: Incineroar|Will-O-Wisp|p2b: Incineroar\n|-immune|p2b: Incineroar\n|\n|upkeep\n|c|\u2606jd8erh|Im sorry bro\n|\n|t:|1775596842\n|switch|p1b: Miraidon|Miraidon, L50|93/100\n|-activate|p1b: Miraidon|ability: Hadron Engine\n|turn|9\n|\n|t:|1775596853\n|move|p2b: Incineroar|Fake Out|p1b: Miraidon\n|-damage|p1b: Miraidon|84/100\n|cant|p1b: Miraidon|flinch\n|move|p2a: Calyrex|Glacial Lance|p1a: Incineroar|[spread] p1a,p1b\n|-resisted|p1a: Incineroar\n|-supereffective|p1b: Miraidon\n|-damage|p1a: Incineroar|76/100\n|-damage|p1b: Miraidon|0 fnt\n|faint|p1b: Miraidon\n|-ability|p2a: Calyrex|Chilling Neigh|boost\n|-boost|p2a: Calyrex|atk|1\n|move|p1a: Incineroar|Will-O-Wisp|p2a: Calyrex\n|-status|p2a: Calyrex|brn\n|\n|-damage|p2a: Calyrex|95/100 brn|[from] brn\n|-sideend|p2: jd8erh|move: Light Screen\n|upkeep\n|turn|10\n|\n|t:|1775596865\n|move|p2b: Incineroar|U-turn|p1a: Incineroar\n|-damage|p1a: Incineroar|59/100\n|\n|t:|1775596867\n|switch|p2b: Miraidon|Miraidon, L50|100/100|[from] U-turn\n|-activate|p2b: Miraidon|ability: Hadron Engine\n|move|p2a: Calyrex|Leech Seed|p1a: Incineroar\n|-start|p1a: Incineroar|move: Leech Seed\n|move|p1a: Incineroar|Knock Off|p2b: Miraidon\n|-damage|p2b: Miraidon|87/100\n|-enditem|p2b: Miraidon|Choice Scarf|[from] move: Knock Off|[of] p1a: Incineroar\n|\n|-heal|p2a: Calyrex|100/100 brn|[from] item: Leftovers\n|-damage|p1a: Incineroar|46/100|[from] Leech Seed|[of] p2a: Calyrex\n|-damage|p2a: Calyrex|95/100 brn|[from] brn\n|-sideend|p2: jd8erh|Reflect\n|upkeep\n|turn|11\n|-message|PR340Test forfeited.\n|\n|win|jd8erh\n|raw|PR340Test's rating: 1475 &rarr; <strong>1462</strong><br />(-13 for losing)\n|raw|jd8erh's rating: 1604 &rarr; <strong>1617</strong><br />(+13 for winning)\n|l|\u2606PR340Test\n|player|p1|\n|l|\u2606jd8erh\n|player|p2|\n","uploadtime":1775597117,"views":10,"formatid":"gen9vgc2026regi","rating":1462,"private":0,"password":null}