{"id":"gen9vgc2026regi-2526051556","format":"[Gen 9] VGC 2026 Reg I","players":["ice spice rider","Schimmli"],"log":"|j|\u2606ice spice rider\n|j|\u2606Schimmli\n|t:|1769366716\n|gametype|doubles\n|player|p1|ice spice rider|169|1435\n|player|p2|Schimmli|1|1497\n|gen|9\n|tier|[Gen 9] VGC 2026 Reg I\n|rated|\n|rule|Species Clause: Limit one of each Pok\u00e9mon\n|rule|Item Clause: Limit 1 of each item\n|clearpoke\n|poke|p1|Calyrex-Shadow, L50|\n|poke|p1|Zamazenta-*, L50|\n|poke|p1|Ting-Lu, L50|\n|poke|p1|Dondozo, L50, F|\n|poke|p1|Chien-Pao, L50|\n|poke|p1|Ogerpon-Hearthflame, L50, F|\n|poke|p2|Terapagos, L50, M|\n|poke|p2|Calyrex-Shadow, L50|\n|poke|p2|Flutter Mane, L50|\n|poke|p2|Ogerpon-Cornerstone, L50, F|\n|poke|p2|Incineroar, L50, F|\n|poke|p2|Rillaboom, L50, M|\n|teampreview|4\n|\n|t:|1769366744\n|teamsize|p1|4\n|teamsize|p2|4\n|start\n|switch|p1a: Jordan 96/97|Ting-Lu, L50|100/100\n|switch|p1b: Ivan Karamazov|Dondozo, L50, F|100/100\n|switch|p2a: Calyrex|Calyrex-Shadow, L50|100/100\n|switch|p2b: Ogerpon|Ogerpon-Cornerstone, L50, F|100/100\n|-ability|p2a: Calyrex|As One\n|-ability|p2a: Calyrex|Unnerve\n|-ability|p1a: Jordan 96/97|Vessel of Ruin\n|turn|1\n|\n|t:|1769366759\n|move|p2a: Calyrex|Protect|p2a: Calyrex\n|-singleturn|p2a: Calyrex|Protect\n|move|p2b: Ogerpon|Power Whip|p1b: Ivan Karamazov\n|-supereffective|p1b: Ivan Karamazov\n|-damage|p1b: Ivan Karamazov|23/100\n|move|p1a: Jordan 96/97|Sand Tomb|p2b: Ogerpon\n|-damage|p2b: Ogerpon|81/100\n|-activate|p2b: Ogerpon|move: Sand Tomb|[of] p1a: Jordan 96/97\n|move|p1b: Ivan Karamazov|Yawn|p2a: Calyrex\n|-activate|p2a: Calyrex|move: Protect\n|\n|-heal|p1b: Ivan Karamazov|29/100|[from] item: Leftovers\n|-damage|p2b: Ogerpon|69/100|[from] move: Sand Tomb|[partiallytrapped]\n|upkeep\n|turn|2\n|\n|t:|1769366778\n|move|p1b: Ivan Karamazov|Protect|p1b: Ivan Karamazov\n|-singleturn|p1b: Ivan Karamazov|Protect\n|move|p2a: Calyrex|Astral Barrage|p1a: Jordan 96/97|[spread] p1a\n|-activate|p1b: Ivan Karamazov|move: Protect\n|-resisted|p1a: Jordan 96/97\n|-damage|p1a: Jordan 96/97|86/100\n|move|p2b: Ogerpon|Power Whip|p1a: Jordan 96/97\n|-supereffective|p1a: Jordan 96/97\n|-damage|p1a: Jordan 96/97|16/100\n|-damage|p2b: Ogerpon|52/100|[from] item: Rocky Helmet|[of] p1a: Jordan 96/97\n|move|p1a: Jordan 96/97|Ruination|p2a: Calyrex\n|-damage|p2a: Calyrex|51/100\n|\n|-heal|p1b: Ivan Karamazov|35/100|[from] item: Leftovers\n|-damage|p2b: Ogerpon|40/100|[from] move: Sand Tomb|[partiallytrapped]\n|upkeep\n|turn|3\n|\n|t:|1769366804\n|move|p1a: Jordan 96/97|Protect|p1a: Jordan 96/97\n|-singleturn|p1a: Jordan 96/97|Protect\n|move|p2a: Calyrex|Astral Barrage|p1a: Jordan 96/97|[spread] p1b\n|-activate|p1a: Jordan 96/97|move: Protect\n|-damage|p1b: Ivan Karamazov|9/100\n|move|p2b: Ogerpon|Ivy Cudgel|p1a: Jordan 96/97|[anim] Ivy Cudgel Rock\n|-activate|p1a: Jordan 96/97|move: Protect\n|move|p1b: Ivan Karamazov|Wave Crash|p2a: Calyrex\n|-damage|p2a: Calyrex|3/100\n|-damage|p1b: Ivan Karamazov|0 fnt|[from] Recoil\n|faint|p1b: Ivan Karamazov\n|\n|-damage|p2b: Ogerpon|28/100|[from] move: Sand Tomb|[partiallytrapped]\n|upkeep\n|\n|t:|1769366814\n|switch|p1b: 221 speed|Calyrex-Shadow, L50|100/100\n|-ability|p1b: 221 speed|As One\n|-ability|p1b: 221 speed|Unnerve\n|turn|4\n|\n|t:|1769366832\n|switch|p1a: Magnus Carlsen|Zamazenta-Crowned, L50|100/100\n|-ability|p1a: Magnus Carlsen|Dauntless Shield|boost\n|-boost|p1a: Magnus Carlsen|def|1\n|move|p2b: Ogerpon|Spiky Shield|p2b: Ogerpon\n|-singleturn|p2b: Ogerpon|move: Protect\n|move|p1b: 221 speed|Astral Barrage|p2b: Ogerpon|[spread] p2a\n|-activate|p2b: Ogerpon|move: Protect\n|-supereffective|p2a: Calyrex\n|-crit|p2a: Calyrex\n|-damage|p2a: Calyrex|0 fnt\n|faint|p2a: Calyrex\n|-ability|p1b: 221 speed|Grim Neigh|boost\n|-boost|p1b: 221 speed|spa|1\n|\n|-end|p2b: Ogerpon|Sand Tomb|[partiallytrapped]|[silent]\n|upkeep\n|\n|t:|1769366844\n|switch|p2a: Flutter Mane|Flutter Mane, L50|100/100\n|-enditem|p2a: Flutter Mane|Booster Energy\n|-activate|p2a: Flutter Mane|ability: Protosynthesis|[fromitem]\n|-start|p2a: Flutter Mane|protosynthesisspe\n|turn|5\n|\n|t:|1769366858\n|switch|p2b: Incineroar|Incineroar, L50, F, shiny|100/100\n|-ability|p2b: Incineroar|Intimidate|boost\n|-unboost|p1a: Magnus Carlsen|atk|1\n|-unboost|p1b: 221 speed|atk|1\n|move|p2a: Flutter Mane|Protect|p2a: Flutter Mane\n|-singleturn|p2a: Flutter Mane|Protect\n|move|p1a: Magnus Carlsen|Wide Guard|p1a: Magnus Carlsen\n|-singleturn|p1a: Magnus Carlsen|Wide Guard\n|move|p1b: 221 speed|Astral Barrage|p2b: Incineroar|[spread] p2b\n|-activate|p2a: Flutter Mane|move: Protect\n|-resisted|p2b: Incineroar\n|-damage|p2b: Incineroar|63/100\n|\n|upkeep\n|turn|6\n|\n|t:|1769366877\n|-terastallize|p2a: Flutter Mane|Fairy\n|move|p2b: Incineroar|Fake Out|p1a: Magnus Carlsen\n|-resisted|p1a: Magnus Carlsen\n|-damage|p1a: Magnus Carlsen|99/100\n|move|p2a: Flutter Mane|Moonblast|p1b: 221 speed\n|-damage|p1b: 221 speed|44/100\n|move|p1b: 221 speed|Astral Barrage|p2a: Flutter Mane|[spread] p2a,p2b\n|-resisted|p2b: Incineroar\n|-damage|p2a: Flutter Mane|34/100\n|-damage|p2b: Incineroar|25/100\n|cant|p1a: Magnus Carlsen|flinch\n|\n|upkeep\n|turn|7\n|\n|t:|1769366903\n|move|p1b: 221 speed|Protect|p1b: 221 speed\n|-singleturn|p1b: 221 speed|Protect\n|move|p2a: Flutter Mane|Moonblast|p1a: Magnus Carlsen\n|-damage|p1a: Magnus Carlsen|59/100\n|move|p1a: Magnus Carlsen|Heavy Slam|p2a: Flutter Mane\n|-supereffective|p2a: Flutter Mane\n|-damage|p2a: Flutter Mane|0 fnt\n|faint|p2a: Flutter Mane\n|-end|p2a: Flutter Mane|Protosynthesis|[silent]\n|move|p2b: Incineroar|Will-O-Wisp|p1a: Magnus Carlsen\n|-status|p1a: Magnus Carlsen|brn\n|\n|-damage|p1a: Magnus Carlsen|53/100 brn|[from] brn\n|upkeep\n|\n|t:|1769366914\n|switch|p2a: Ogerpon|Ogerpon-Cornerstone, L50, F|28/100\n|turn|8\n|\n|t:|1769366923\n|-terastallize|p1b: 221 speed|Ghost\n|move|p2a: Ogerpon|Spiky Shield|p2a: Ogerpon\n|-singleturn|p2a: Ogerpon|move: Protect\n|move|p1b: 221 speed|Astral Barrage|p2a: Ogerpon|[spread] p2b\n|-activate|p2a: Ogerpon|move: Protect\n|-resisted|p2b: Incineroar\n|-damage|p2b: Incineroar|0 fnt\n|faint|p2b: Incineroar\n|-ability|p1b: 221 speed|Grim Neigh|boost\n|-boost|p1b: 221 speed|spa|1\n|move|p1a: Magnus Carlsen|Body Press|p2a: Ogerpon\n|-activate|p2a: Ogerpon|move: Protect\n|-damage|p1a: Magnus Carlsen|40/100 brn|[from] Spiky Shield|[of] p2a: Ogerpon\n|\n|-damage|p1a: Magnus Carlsen|34/100 brn|[from] brn\n|upkeep\n|turn|9\n|-message|Schimmli forfeited.\n|\n|win|ice spice rider\n|raw|ice spice rider's rating: 1448 &rarr; <strong>1471</strong><br />(+23 for winning)\n|raw|Schimmli's rating: 1497 &rarr; <strong>1474</strong><br />(-23 for losing)\n|l|\u2606Schimmli\n|player|p2|\n|l|\u2606ice spice rider\n|player|p1|\n","uploadtime":1769367144,"views":20,"formatid":"gen9vgc2026regi","rating":1471,"private":0,"password":null}