{"id":"gen9vgc2026regi-2550831944","format":"[Gen 9] VGC 2026 Reg I","players":["blackred123\u6c38\u96cf\u5854\u83f2\u4fa0","rito buff zed"],"log":"|j|\u2606blackred123\u6c38\u96cf\u5854\u83f2\u4fa0\n|j|\u2606rito buff zed\n|t:|1772539500\n|gametype|doubles\n|player|p1|blackred123\u6c38\u96cf\u5854\u83f2\u4fa0|iono-masters|1508\n|player|p2|rito buff zed|cynthia|1391\n|gen|9\n|tier|[Gen 9] VGC 2026 Reg I\n|rated|\n|rule|Species Clause: Limit one of each Pok\u00e9mon\n|rule|Item Clause: Limit 1 of each item\n|clearpoke\n|poke|p1|Kyogre, L50|\n|poke|p1|Zamazenta-*, L50|\n|poke|p1|Chien-Pao, L50|\n|poke|p1|Amoonguss, L50, M|\n|poke|p1|Dragonite, L50, F|\n|poke|p1|Rillaboom, L50, M|\n|poke|p2|Calyrex-Shadow, L50|\n|poke|p2|Zamazenta-*, L50|\n|poke|p2|Incineroar, L50, M|\n|poke|p2|Rillaboom, L50, M|\n|poke|p2|Amoonguss, L50, M|\n|poke|p2|Urshifu-*, L50, F|\n|teampreview|4\n|inactive|Battle timer is ON: inactive players will automatically lose when time's up. (requested by rito buff zed)\n|inactive|blackred123\u6c38\u96cf\u5854\u83f2\u4fa0 also wants the timer to be on.\n|inactive|rito buff zed has 60 seconds left.\n|\n|t:|1772539540\n|teamsize|p1|4\n|teamsize|p2|4\n|start\n|switch|p1a: Zamazenta|Zamazenta-Crowned, L50|100/100\n|switch|p1b: Chien-Pao|Chien-Pao, L50|100/100\n|switch|p2a: Calyrex|Calyrex-Shadow, L50|100/100\n|switch|p2b: Incineroar|Incineroar, L50, M|100/100\n|-ability|p2a: Calyrex|As One\n|-ability|p2a: Calyrex|Unnerve\n|-ability|p1b: Chien-Pao|Sword of Ruin\n|-ability|p1a: Zamazenta|Dauntless Shield|boost\n|-boost|p1a: Zamazenta|def|1\n|-ability|p2b: Incineroar|Intimidate|boost\n|-unboost|p1a: Zamazenta|atk|1\n|-unboost|p1b: Chien-Pao|atk|1\n|turn|1\n|inactive|rito buff zed has 30 seconds left.\n|\n|t:|1772539575\n|switch|p2a: Zamazenta|Zamazenta-Crowned, L50|100/100\n|-ability|p2a: Zamazenta|Dauntless Shield|boost\n|-boost|p2a: Zamazenta|def|1\n|move|p1b: Chien-Pao|Ice Spinner|p2a: Zamazenta\n|-resisted|p2a: Zamazenta\n|-damage|p2a: Zamazenta|94/100\n|move|p1a: Zamazenta|Body Press|p2b: Incineroar\n|-supereffective|p2b: Incineroar\n|-enditem|p2b: Incineroar|Chople Berry|[eat]\n|-enditem|p2b: Incineroar|Chople Berry|[weaken]\n|-damage|p2b: Incineroar|42/100\n|move|p2b: Incineroar|Will-O-Wisp|p1a: Zamazenta\n|-status|p1a: Zamazenta|brn\n|\n|-damage|p1a: Zamazenta|94/100 brn|[from] brn\n|upkeep\n|turn|2\n|inactive|blackred123\u6c38\u96cf\u5854\u83f2\u4fa0 has 30 seconds left.\n|inactive|rito buff zed has 30 seconds left.\n|inactive|blackred123\u6c38\u96cf\u5854\u83f2\u4fa0 has 20 seconds left.\n|inactive|rito buff zed has 20 seconds left.\n|inactive|blackred123\u6c38\u96cf\u5854\u83f2\u4fa0 has 15 seconds left.\n|\n|t:|1772539615\n|-terastallize|p2b: Incineroar|Bug\n|move|p1b: Chien-Pao|Protect|p1b: Chien-Pao\n|-singleturn|p1b: Chien-Pao|Protect\n|move|p1a: Zamazenta|Imprison|p1a: Zamazenta\n|-start|p1a: Zamazenta|move: Imprison\n|cant|p2a: Zamazenta|move: Imprison|Body Press\n|move|p2b: Incineroar|Knock Off|p1b: Chien-Pao\n|-activate|p1b: Chien-Pao|move: Protect\n|\n|-damage|p1a: Zamazenta|88/100 brn|[from] brn\n|upkeep\n|turn|3\n|inactive|rito buff zed has 30 seconds left.\n|inactive|rito buff zed has 20 seconds left.\n|inactive|rito buff zed has 15 seconds left.\n|inactive|rito buff zed has 10 seconds left.\n|\n|t:|1772539662\n|switch|p2a: Calyrex|Calyrex-Shadow, L50|100/100\n|-ability|p2a: Calyrex|As One\n|-ability|p2a: Calyrex|Unnerve\n|move|p1b: Chien-Pao|Ice Spinner|p2b: Incineroar\n|-damage|p2b: Incineroar|15/100\n|move|p1a: Zamazenta|Body Press|p2b: Incineroar\n|-resisted|p2b: Incineroar\n|-damage|p2b: Incineroar|0 fnt\n|faint|p2b: Incineroar\n|\n|-damage|p1a: Zamazenta|82/100 brn|[from] brn\n|upkeep\n|\n|t:|1772539675\n|switch|p2b: Rillaboom|Rillaboom, L50, M|100/100\n|-fieldstart|move: Grassy Terrain|[from] ability: Grassy Surge|[of] p2b: Rillaboom\n|turn|4\n|\n|t:|1772539690\n|move|p1b: Chien-Pao|Protect|p1b: Chien-Pao\n|-singleturn|p1b: Chien-Pao|Protect\n|move|p2b: Rillaboom|Fake Out|p1b: Chien-Pao\n|-activate|p1b: Chien-Pao|move: Protect\n|move|p2a: Calyrex|Nasty Plot|p2a: Calyrex\n|-boost|p2a: Calyrex|spa|2\n|move|p1a: Zamazenta|Body Press|p2b: Rillaboom\n|-damage|p2b: Rillaboom|59/100\n|\n|-heal|p1a: Zamazenta|88/100 brn|[from] Grassy Terrain\n|-heal|p2b: Rillaboom|65/100|[from] Grassy Terrain\n|-damage|p1a: Zamazenta|82/100 brn|[from] brn\n|upkeep\n|turn|5\n|\n|t:|1772539707\n|move|p1a: Zamazenta|Wide Guard|p1a: Zamazenta\n|-singleturn|p1a: Zamazenta|Wide Guard\n|move|p2b: Rillaboom|Grassy Glide|p1b: Chien-Pao\n|-damage|p1b: Chien-Pao|50/100\n|move|p2a: Calyrex|Astral Barrage|p1a: Zamazenta|[spread] \n|-activate|p1a: Zamazenta|move: Wide Guard\n|-activate|p1b: Chien-Pao|move: Wide Guard\n|move|p1b: Chien-Pao|Ice Spinner|p2b: Rillaboom\n|-supereffective|p2b: Rillaboom\n|-damage|p2b: Rillaboom|0 fnt\n|-fieldend|move: Grassy Terrain\n|faint|p2b: Rillaboom\n|\n|-damage|p1a: Zamazenta|75/100 brn|[from] brn\n|upkeep\n|\n|t:|1772539722\n|switch|p2b: Zamazenta|Zamazenta-Crowned, L50|94/100\n|turn|6\n|\n|t:|1772539734\n|move|p2b: Zamazenta|Protect|p2b: Zamazenta\n|-singleturn|p2b: Zamazenta|Protect\n|move|p1a: Zamazenta|Wide Guard|p1a: Zamazenta\n|-singleturn|p1a: Zamazenta|Wide Guard\n|move|p1b: Chien-Pao|Sucker Punch|p2a: Calyrex\n|-supereffective|p2a: Calyrex\n|-enditem|p2a: Calyrex|Focus Sash\n|-damage|p2a: Calyrex|1/100\n|move|p2a: Calyrex|Psychic|p1a: Zamazenta\n|-damage|p1a: Zamazenta|3/100 brn\n|\n|-damage|p1a: Zamazenta|0 fnt|[from] brn\n|faint|p1a: Zamazenta\n|upkeep\n|\n|t:|1772539747\n|switch|p1a: Kyogre|Kyogre, L50|100/100\n|-weather|RainDance|[from] ability: Drizzle|[of] p1a: Kyogre\n|turn|7\n|\n|t:|1772539761\n|-terastallize|p1a: Kyogre|Ghost\n|move|p2b: Zamazenta|Wide Guard|p2b: Zamazenta\n|-singleturn|p2b: Zamazenta|Wide Guard\n|move|p1b: Chien-Pao|Sucker Punch||[still]\n|-fail|p1b: Chien-Pao\n|move|p1a: Kyogre|Water Spout|p2a: Calyrex|[spread] \n|-activate|p2a: Calyrex|move: Wide Guard\n|-activate|p2b: Zamazenta|move: Wide Guard\n|move|p2a: Calyrex|Nasty Plot|p2a: Calyrex\n|-boost|p2a: Calyrex|spa|2\n|\n|-weather|RainDance|[upkeep]\n|upkeep\n|turn|8\n|\n|t:|1772539778\n|switch|p1a: Dragonite|Dragonite, L50, F|100/100\n|move|p2a: Calyrex|Protect|p2a: Calyrex\n|-singleturn|p2a: Calyrex|Protect\n|move|p1b: Chien-Pao|Sucker Punch||[still]\n|-fail|p1b: Chien-Pao\n|move|p2b: Zamazenta|Body Press|p1b: Chien-Pao\n|-supereffective|p1b: Chien-Pao\n|-damage|p1b: Chien-Pao|0 fnt\n|faint|p1b: Chien-Pao\n|\n|-weather|RainDance|[upkeep]\n|upkeep\n|\n|t:|1772539782\n|switch|p1b: Kyogre|Kyogre, L50, tera:Ghost|100/100\n|turn|9\n|inactive|rito buff zed has 30 seconds left.\n|\n|t:|1772539815\n|move|p1a: Dragonite|Aqua Jet|p2a: Calyrex\n|-damage|p2a: Calyrex|0 fnt\n|faint|p2a: Calyrex\n|move|p1b: Kyogre|Hydro Pump|p2b: Zamazenta\n|-damage|p2b: Zamazenta|35/100\n|move|p2b: Zamazenta|Body Press|p1a: Dragonite\n|-resisted|p1a: Dragonite\n|-damage|p1a: Dragonite|76/100\n|\n|-weather|RainDance|[upkeep]\n|upkeep\n|turn|10\n|\n|t:|1772539830\n|move|p1a: Dragonite|Aqua Jet|p2b: Zamazenta\n|-damage|p2b: Zamazenta|14/100\n|move|p1b: Kyogre|Hydro Pump|p2b: Zamazenta\n|-damage|p2b: Zamazenta|0 fnt\n|faint|p2b: Zamazenta\n|\n|win|blackred123\u6c38\u96cf\u5854\u83f2\u4fa0\n|raw|blackred123\u6c38\u96cf\u5854\u83f2\u4fa0's rating: 1508 &rarr; <strong>1522</strong><br />(+14 for winning)\n|raw|rito buff zed's rating: 1391 &rarr; <strong>1377</strong><br />(-14 for losing)\n|j| dasabe\u76d6\u6b27\u5361\u4fa0\n|j| QVQ\u6c34\u83b2Lana\n|j| zhajacey\u6d88\u6563\n|j| gungou\n|l| zhajacey\u6d88\u6563\n|j| Q?uq.E^e.E\n|l| gungou\n|j| Yancy0721\u56fe\u56fe\u72ac\u4fa0\n|l| Q?uq.E^e.E\n","uploadtime":1772539907,"views":12,"formatid":"gen9vgc2026regi","rating":1377,"private":0,"password":null}