{"id":"gen9vgc2026regi-2527651981","format":"[Gen 9] VGC 2026 Reg I","players":["lalo's pollos","peripon_poke"],"log":"|j|\u2606lalo's pollos\n|j|\u2606peripon_poke\n|t:|1769559535\n|gametype|doubles\n|player|p1|lalo's pollos|265|1421\n|player|p2|peripon_poke|swimmer-gen4dp|1284\n|gen|9\n|tier|[Gen 9] VGC 2026 Reg I\n|rated|\n|rule|Species Clause: Limit one of each Pok\u00e9mon\n|rule|Item Clause: Limit 1 of each item\n|clearpoke\n|poke|p1|Miraidon, L50|\n|poke|p1|Landorus, L50, M|\n|poke|p1|Incineroar, L50, M|\n|poke|p1|Iron Bundle, L50|\n|poke|p1|Farigiraf, L50, M|\n|poke|p1|Calyrex-Ice, L50|\n|poke|p2|Kyogre, L50|\n|poke|p2|Zamazenta-*, L50|\n|poke|p2|Tornadus, L50, M|\n|poke|p2|Chien-Pao, L50|\n|poke|p2|Landorus, L50, M|\n|poke|p2|Rillaboom, L50, M|\n|teampreview|4\n|\n|t:|1769559615\n|teamsize|p1|4\n|teamsize|p2|4\n|start\n|switch|p1a: Co-Star|Miraidon, L50|100/100\n|switch|p1b: Calyrex|Calyrex-Ice, L50|100/100\n|switch|p2a: Zamazenta|Zamazenta-Crowned, L50, shiny|100/100\n|switch|p2b: Rillaboom|Rillaboom, L50, M, shiny|100/100\n|-ability|p1b: Calyrex|As One\n|-ability|p1b: Calyrex|Unnerve\n|-fieldstart|move: Electric Terrain|[from] ability: Hadron Engine|[of] p1a: Co-Star\n|-ability|p2a: Zamazenta|Dauntless Shield|boost\n|-boost|p2a: Zamazenta|def|1\n|-fieldstart|move: Grassy Terrain|[from] ability: Grassy Surge|[of] p2b: Rillaboom\n|turn|1\n|\n|t:|1769559652\n|switch|p1a: the Manager|Farigiraf, L50, M|100/100\n|move|p2b: Rillaboom|Fake Out||[still]\n|cant|p1a: the Manager|ability: Armor Tail|Fake Out|[of] p2b: Rillaboom\n|move|p2a: Zamazenta|Body Press|p1a: the Manager\n|-damage|p1a: the Manager|30/100\n|move|p1b: Calyrex|Glacial Lance|p2a: Zamazenta|[spread] p2a,p2b\n|-resisted|p2a: Zamazenta\n|-supereffective|p2b: Rillaboom\n|-damage|p2a: Zamazenta|89/100\n|-damage|p2b: Rillaboom|0 fnt\n|faint|p2b: Rillaboom\n|-ability|p1b: Calyrex|Chilling Neigh|boost\n|-boost|p1b: Calyrex|atk|1\n|\n|-heal|p2a: Zamazenta|95/100|[from] Grassy Terrain\n|-heal|p1a: the Manager|37/100|[from] Grassy Terrain\n|upkeep\n|\n|t:|1769559672\n|switch|p2b: Kyogre|Kyogre, L50, shiny|100/100\n|-weather|RainDance|[from] ability: Drizzle|[of] p2b: Kyogre\n|turn|2\n|\n|t:|1769559678\n|move|p1b: Calyrex|Protect|p1b: Calyrex\n|-singleturn|p1b: Calyrex|Protect\n|move|p2a: Zamazenta|Body Press|p1b: Calyrex\n|-activate|p1b: Calyrex|move: Protect\n|move|p2b: Kyogre|Water Spout|p1a: the Manager|[spread] p1a\n|-activate|p1b: Calyrex|move: Protect\n|-damage|p1a: the Manager|0 fnt\n|faint|p1a: the Manager\n|\n|-weather|RainDance|[upkeep]\n|-heal|p2a: Zamazenta|100/100|[from] Grassy Terrain\n|upkeep\n|\n|t:|1769559687\n|switch|p1a: Co-Star|Miraidon, L50|100/100\n|-fieldstart|move: Electric Terrain|[from] ability: Hadron Engine|[of] p1a: Co-Star\n|turn|3\n|j| not world\n|l| not world\n|\n|t:|1769559709\n|move|p2a: Zamazenta|Protect|p2a: Zamazenta\n|-singleturn|p2a: Zamazenta|Protect\n|move|p1a: Co-Star|Electro Drift|p2a: Zamazenta\n|-activate|p2a: Zamazenta|move: Protect\n|move|p2b: Kyogre|Water Spout|p1b: Calyrex|[spread] p1a,p1b\n|-resisted|p1a: Co-Star\n|-damage|p1a: Co-Star|53/100\n|-damage|p1b: Calyrex|39/100\n|move|p1b: Calyrex|High Horsepower|p2a: Zamazenta\n|-activate|p2a: Zamazenta|move: Protect\n|\n|-weather|RainDance|[upkeep]\n|upkeep\n|turn|4\n|\n|t:|1769559730\n|-terastallize|p2a: Zamazenta|Grass\n|move|p1b: Calyrex|Protect|p1b: Calyrex\n|-singleturn|p1b: Calyrex|Protect\n|move|p1a: Co-Star|Electro Drift|p2b: Kyogre\n|-supereffective|p2b: Kyogre\n|-damage|p2b: Kyogre|0 fnt\n|faint|p2b: Kyogre\n|move|p2a: Zamazenta|Body Press|p1b: Calyrex\n|-activate|p1b: Calyrex|move: Protect\n|\n|-weather|RainDance|[upkeep]\n|upkeep\n|\n|t:|1769559744\n|switch|p2b: Chien-Pao|Chien-Pao, L50, shiny|100/100\n|-ability|p2b: Chien-Pao|Sword of Ruin\n|turn|5\n|\n|t:|1769559757\n|move|p1a: Co-Star|Electro Drift|p2b: Chien-Pao\n|-enditem|p2b: Chien-Pao|Focus Sash\n|-damage|p2b: Chien-Pao|1/100\n|move|p2b: Chien-Pao|Ice Spinner|p1a: Co-Star\n|-supereffective|p1a: Co-Star\n|-damage|p1a: Co-Star|0 fnt\n|-fieldend|move: Electric Terrain\n|faint|p1a: Co-Star\n|move|p2a: Zamazenta|Body Press|p1b: Calyrex\n|-damage|p1b: Calyrex|0 fnt\n|faint|p1b: Calyrex\n|\n|-weather|RainDance|[upkeep]\n|upkeep\n|\n|t:|1769559761\n|switch|p1b: the Star|Iron Bundle, L50|100/100\n|turn|6\n|\n|t:|1769559782\n|-terastallize|p1b: the Star|Ghost\n|move|p2b: Chien-Pao|Sucker Punch|p1b: the Star\n|-supereffective|p1b: the Star\n|-enditem|p1b: the Star|Focus Sash\n|-damage|p1b: the Star|1/100\n|move|p1b: the Star|Icy Wind|p2b: Chien-Pao|[spread] p2a,p2b\n|-supereffective|p2a: Zamazenta\n|-resisted|p2b: Chien-Pao\n|-damage|p2a: Zamazenta|75/100\n|-damage|p2b: Chien-Pao|0 fnt\n|-unboost|p2a: Zamazenta|spe|1\n|faint|p2b: Chien-Pao\n|move|p2a: Zamazenta|Body Press|p1b: the Star\n|-immune|p1b: the Star\n|\n|-weather|none\n|upkeep\n|turn|7\n|\n|t:|1769559800\n|move|p1b: the Star|Freeze-Dry|p2a: Zamazenta\n|-supereffective|p2a: Zamazenta\n|-damage|p2a: Zamazenta|32/100\n|move|p2a: Zamazenta|Behemoth Bash|p1b: the Star\n|-damage|p1b: the Star|0 fnt\n|faint|p1b: the Star\n|-end|p1b: the Star|Quark Drive|[silent]\n|\n|win|peripon_poke\n|raw|lalo&apos;s pollos's rating: 1421 &rarr; <strong>1393</strong><br />(-28 for losing)\n|raw|peripon_poke's rating: 1284 &rarr; <strong>1318</strong><br />(+34 for winning)\n","uploadtime":1769559815,"views":14,"formatid":"gen9vgc2026regi","rating":1318,"private":0,"password":null}