{"id":"gen9vgc2026regi-2547549872","format":"[Gen 9] VGC 2026 Reg I","players":["Moopiti","Simon0123"],"log":"|j|\u2606Moopiti\n|j|\u2606Simon0123\n|t:|1772107244\n|gametype|doubles\n|player|p1|Moopiti|aaron|1109\n|player|p2|Simon0123|benga|1127\n|gen|9\n|tier|[Gen 9] VGC 2026 Reg I\n|rated|\n|rule|Species Clause: Limit one of each Pok\u00e9mon\n|rule|Item Clause: Limit 1 of each item\n|clearpoke\n|poke|p1|Calyrex-Ice, L50|\n|poke|p1|Indeedee-F, L50, F|\n|poke|p1|Hatterene, L50, F|\n|poke|p1|Torkoal, L50, F|\n|poke|p1|Smeargle, L50, M|\n|poke|p1|Ogerpon-Hearthflame, L50, F|\n|poke|p2|Miraidon, L50|\n|poke|p2|Flutter Mane, L50|\n|poke|p2|Incineroar, L50, F|\n|poke|p2|Urshifu-*, L50, M|\n|poke|p2|Tornadus, L50, M|\n|poke|p2|Amoonguss, L50, F|\n|teampreview|4\n|inactive|Battle timer is ON: inactive players will automatically lose when time's up. (requested by Simon0123)\n|inactive|Simon0123 has 60 seconds left.\n|\n|t:|1772107305\n|teamsize|p1|4\n|teamsize|p2|4\n|start\n|switch|p1a: Indeedee|Indeedee-F, L50, F, shiny|100/100\n|switch|p1b: Calyrex|Calyrex-Ice, L50|100/100\n|switch|p2a: Tornadus|Tornadus, L50, M|100/100\n|switch|p2b: Urshifu|Urshifu-Rapid-Strike, L50, M|100/100\n|-ability|p1b: Calyrex|As One\n|-ability|p1b: Calyrex|Unnerve\n|-fieldstart|move: Psychic Terrain|[from] ability: Psychic Surge|[of] p1a: Indeedee\n|turn|1\n|\n|t:|1772107328\n|-terastallize|p2b: Urshifu|Water\n|move|p1a: Indeedee|Follow Me|p1a: Indeedee\n|-singleturn|p1a: Indeedee|move: Follow Me\n|move|p2a: Tornadus|Bleakwind Storm|p1b: Calyrex|[spread] p1a,p1b\n|-damage|p1a: Indeedee|78/100\n|-damage|p1b: Calyrex|79/100\n|move|p2b: Urshifu|Surging Strikes|p1a: Indeedee\n|-crit|p1a: Indeedee\n|-damage|p1a: Indeedee|33/100\n|-crit|p1a: Indeedee\n|-damage|p1a: Indeedee|0 fnt\n|faint|p1a: Indeedee\n|-hitcount|p1: Indeedee|2\n|move|p1b: Calyrex|Trick Room|p1b: Calyrex\n|-fieldstart|move: Trick Room|[of] p1b: Calyrex\n|\n|upkeep\n|\n|t:|1772107340\n|switch|p1a: Hatterene|Hatterene, L50, F|100/100\n|turn|2\n|\n|t:|1772107349\n|move|p2a: Tornadus|Protect|p2a: Tornadus\n|-singleturn|p2a: Tornadus|Protect\n|move|p1a: Hatterene|Expanding Force|p2b: Urshifu|[spread] p2b\n|-activate|p2a: Tornadus|move: Protect\n|-damage|p2b: Urshifu|0 fnt\n|faint|p2b: Urshifu\n|-damage|p1a: Hatterene|91/100|[from] item: Life Orb\n|move|p1b: Calyrex|Glacial Lance|p2a: Tornadus\n|-activate|p2a: Tornadus|move: Protect\n|\n|upkeep\n|\n|t:|1772107365\n|switch|p2b: Incineroar|Incineroar, L50, F|100/100\n|-ability|p2b: Incineroar|Intimidate|boost\n|-unboost|p1a: Hatterene|atk|1\n|-fail|p1b: Calyrex|unboost|[from] item: Clear Amulet|[of] p1b: Calyrex\n|turn|3\n|\n|t:|1772107374\n|move|p1a: Hatterene|Dazzling Gleam|p2a: Tornadus|[spread] p2a,p2b\n|-damage|p2a: Tornadus|47/100\n|-damage|p2b: Incineroar|65/100\n|-damage|p1a: Hatterene|81/100|[from] item: Life Orb\n|move|p1b: Calyrex|High Horsepower|p2b: Incineroar\n|-supereffective|p2b: Incineroar\n|-damage|p2b: Incineroar|0 fnt\n|faint|p2b: Incineroar\n|-ability|p1b: Calyrex|Chilling Neigh|boost\n|-boost|p1b: Calyrex|atk|1\n|move|p2a: Tornadus|Bleakwind Storm|p1b: Calyrex|[spread] p1a,p1b\n|-damage|p1a: Hatterene|50/100\n|-damage|p1b: Calyrex|58/100\n|\n|upkeep\n|\n|t:|1772107390\n|switch|p2b: Miraidon|Miraidon, L50|100/100\n|-fieldstart|move: Electric Terrain|[from] ability: Hadron Engine|[of] p2b: Miraidon\n|turn|4\n|\n|t:|1772107400\n|move|p2a: Tornadus|Protect|p2a: Tornadus\n|-singleturn|p2a: Tornadus|Protect\n|move|p1a: Hatterene|Dazzling Gleam|p2b: Miraidon|[spread] p2b\n|-activate|p2a: Tornadus|move: Protect\n|-supereffective|p2b: Miraidon\n|-damage|p2b: Miraidon|15/100\n|-damage|p1a: Hatterene|40/100|[from] item: Life Orb\n|move|p1b: Calyrex|Glacial Lance|p2b: Miraidon|[spread] p2b\n|-activate|p2a: Tornadus|move: Protect\n|-supereffective|p2b: Miraidon\n|-damage|p2b: Miraidon|0 fnt\n|faint|p2b: Miraidon\n|-ability|p1b: Calyrex|Chilling Neigh|boost\n|-boost|p1b: Calyrex|atk|1\n|\n|upkeep\n|turn|5\n|-message|Simon0123 forfeited.\n|\n|win|Moopiti\n|raw|Moopiti's rating: 1109 &rarr; <strong>1135</strong><br />(+26 for winning)\n|raw|Simon0123's rating: 1127 &rarr; <strong>1101</strong><br />(-26 for losing)\n|l|\u2606Simon0123\n|player|p2|\n|l|\u2606Moopiti\n|player|p1|\n","uploadtime":1772107801,"views":11,"formatid":"gen9vgc2026regi","rating":1101,"private":0,"password":null}