{"id":"gen9vgc2026regi-2549389870","format":"[Gen 9] VGC 2026 Reg I","players":["sunl1ight","dasabe\u76d6\u6b27\u5361\u4fa0"],"log":"|j|\u2606sunl1ight\n|j|\u2606dasabe\u76d6\u6b27\u5361\u4fa0\n|t:|1772358026\n|gametype|doubles\n|player|p1|sunl1ight|marley|1302\n|player|p2|dasabe\u76d6\u6b27\u5361\u4fa0|may-masters4|1535\n|gen|9\n|tier|[Gen 9] VGC 2026 Reg I\n|rated|\n|rule|Species Clause: Limit one of each Pok\u00e9mon\n|rule|Item Clause: Limit 1 of each item\n|clearpoke\n|poke|p1|Calyrex-Shadow, L50|\n|poke|p1|Koraidon, L50|\n|poke|p1|Whimsicott, L50, M|\n|poke|p1|Chi-Yu, L50|\n|poke|p1|Hitmontop, L50, M|\n|poke|p1|Tsareena, L50, F|\n|poke|p2|Kyogre, L50|\n|poke|p2|Miraidon, L50|\n|poke|p2|Whimsicott, L50, F|\n|poke|p2|Iron Hands, L50|\n|poke|p2|Farigiraf, L50, F|\n|poke|p2|Urshifu-*, L50, M|\n|teampreview|4\n|inactive|Battle timer is ON: inactive players will automatically lose when time's up. (requested by sunl1ight)\n|inactive|sunl1ight has 60 seconds left.\n|inactive|sunl1ight has 30 seconds left.\n|inactive|sunl1ight has 20 seconds left.\n|\n|t:|1772358102\n|teamsize|p1|4\n|teamsize|p2|4\n|start\n|switch|p1a: Tsareena|Tsareena, L50, F|100/100\n|switch|p1b: Calyrex|Calyrex-Shadow, L50|100/100\n|switch|p2a: \u5c0f\u5934\u63a7\u5927\u5934|Farigiraf, L50, F, shiny|100/100\n|switch|p2b: \u624b\u94f6|Iron Hands, L50, shiny|100/100\n|-ability|p1b: Calyrex|As One\n|-ability|p1b: Calyrex|Unnerve\n|turn|1\n|inactive|sunl1ight has 30 seconds left.\n|\n|t:|1772358133\n|switch|p1b: Koraidon|Koraidon, L50|100/100\n|-weather|SunnyDay|[from] ability: Orichalcum Pulse|[of] p1b: Koraidon\n|-activate|p1b: Koraidon|Orichalcum Pulse|[source]\n|move|p1a: Tsareena|Taunt|p2a: \u5c0f\u5934\u63a7\u5927\u5934\n|-start|p2a: \u5c0f\u5934\u63a7\u5927\u5934|move: Taunt\n|move|p2b: \u624b\u94f6|Wild Charge|p1b: Koraidon\n|-resisted|p1b: Koraidon\n|-damage|p1b: Koraidon|78/100\n|-damage|p2b: \u624b\u94f6|96/100|[from] Recoil\n|cant|p2a: \u5c0f\u5934\u63a7\u5927\u5934|move: Taunt|Trick Room\n|\n|-weather|SunnyDay|[upkeep]\n|upkeep\n|turn|2\n|inactive|sunl1ight has 30 seconds left.\n|inactive|sunl1ight has 20 seconds left.\n|inactive|sunl1ight has 15 seconds left.\n|inactive|sunl1ight has 10 seconds left.\n|\n|t:|1772358180\n|move|p1b: Koraidon|Protect|p1b: Koraidon\n|-singleturn|p1b: Koraidon|Protect\n|move|p1a: Tsareena|Power Whip|p2a: \u5c0f\u5934\u63a7\u5927\u5934\n|-damage|p2a: \u5c0f\u5934\u63a7\u5927\u5934|60/100\n|move|p2a: \u5c0f\u5934\u63a7\u5927\u5934|Psychic|p1b: Koraidon\n|-activate|p1b: Koraidon|move: Protect\n|move|p2b: \u624b\u94f6|Low Kick|p1b: Koraidon\n|-activate|p1b: Koraidon|move: Protect\n|\n|-weather|SunnyDay|[upkeep]\n|upkeep\n|turn|3\n|inactive|sunl1ight has 30 seconds left.\n|j| westtail_VGC\n|\n|t:|1772358205\n|switch|p2a: \u94f6\u91d1\u5996\u86c7|Miraidon, L50, shiny|100/100\n|-fieldstart|move: Electric Terrain|[from] ability: Hadron Engine|[of] p2a: \u94f6\u91d1\u5996\u86c7\n|-activate|p2b: \u624b\u94f6|ability: Quark Drive\n|-start|p2b: \u624b\u94f6|quarkdriveatk\n|-terastallize|p1b: Koraidon|Fire\n|move|p1a: Tsareena|Helping Hand|p1b: Koraidon\n|-singleturn|p1b: Koraidon|Helping Hand|[of] p1a: Tsareena\n|move|p1b: Koraidon|Flare Blitz|p2b: \u624b\u94f6\n|-damage|p2b: \u624b\u94f6|0 fnt\n|faint|p2b: \u624b\u94f6\n|-end|p2b: \u624b\u94f6|Quark Drive|[silent]\n|-damage|p1b: Koraidon|36/100|[from] Recoil\n|\n|-weather|SunnyDay|[upkeep]\n|upkeep\n|\n|t:|1772358212\n|switch|p2b: \u6210\u90fd\u8001\u76d6|Kyogre, L50, shiny|100/100\n|-weather|RainDance|[from] ability: Drizzle|[of] p2b: \u6210\u90fd\u8001\u76d6\n|turn|4\n|inactive|sunl1ight has 30 seconds left.\n|\n|t:|1772358238\n|-terastallize|p2a: \u94f6\u91d1\u5996\u86c7|Fairy\n|move|p1a: Tsareena|Protect|p1a: Tsareena\n|-singleturn|p1a: Tsareena|Protect\n|move|p1b: Koraidon|Close Combat|p2b: \u6210\u90fd\u8001\u76d6\n|-crit|p2b: \u6210\u90fd\u8001\u76d6\n|-damage|p2b: \u6210\u90fd\u8001\u76d6|0 fnt\n|-unboost|p1b: Koraidon|def|1\n|-unboost|p1b: Koraidon|spd|1\n|faint|p2b: \u6210\u90fd\u8001\u76d6\n|move|p2a: \u94f6\u91d1\u5996\u86c7|Dazzling Gleam|p1b: Koraidon|[spread] p1b\n|-activate|p1a: Tsareena|move: Protect\n|-resisted|p1b: Koraidon\n|-damage|p1b: Koraidon|0 fnt\n|faint|p1b: Koraidon\n|-damage|p2a: \u94f6\u91d1\u5996\u86c7|91/100|[from] item: Life Orb\n|\n|-weather|RainDance|[upkeep]\n|upkeep\n|\n|t:|1772358253\n|switch|p1b: Calyrex|Calyrex-Shadow, L50|100/100\n|switch|p2b: \u5c0f\u5934\u63a7\u5927\u5934|Farigiraf, L50, F, shiny|60/100\n|-ability|p1b: Calyrex|As One\n|-ability|p1b: Calyrex|Unnerve\n|-enditem|p2b: \u5c0f\u5934\u63a7\u5927\u5934|Electric Seed\n|-boost|p2b: \u5c0f\u5934\u63a7\u5927\u5934|def|1|[from] item: Electric Seed\n|turn|5\n|inactive|sunl1ight has 30 seconds left.\n|\n|t:|1772358288\n|move|p1b: Calyrex|Psychic|p2a: \u94f6\u91d1\u5996\u86c7\n|-damage|p2a: \u94f6\u91d1\u5996\u86c7|48/100\n|move|p2a: \u94f6\u91d1\u5996\u86c7|Draco Meteor|p1a: Tsareena\n|-damage|p1a: Tsareena|0 fnt\n|-unboost|p2a: \u94f6\u91d1\u5996\u86c7|spa|2\n|faint|p1a: Tsareena\n|-damage|p2a: \u94f6\u91d1\u5996\u86c7|38/100|[from] item: Life Orb\n|move|p2b: \u5c0f\u5934\u63a7\u5927\u5934|Trick Room|p2b: \u5c0f\u5934\u63a7\u5927\u5934\n|-fieldstart|move: Trick Room|[of] p2b: \u5c0f\u5934\u63a7\u5927\u5934\n|\n|-weather|RainDance|[upkeep]\n|upkeep\n|\n|t:|1772358294\n|switch|p1a: Chi-Yu|Chi-Yu, L50|100/100\n|-ability|p1a: Chi-Yu|Beads of Ruin\n|turn|6\n|\n|t:|1772358314\n|move|p2b: \u5c0f\u5934\u63a7\u5927\u5934|Helping Hand|p2a: \u94f6\u91d1\u5996\u86c7\n|-singleturn|p2a: \u94f6\u91d1\u5996\u86c7|Helping Hand|[of] p2b: \u5c0f\u5934\u63a7\u5927\u5934\n|move|p1b: Calyrex|Protect|p1b: Calyrex\n|-singleturn|p1b: Calyrex|Protect\n|move|p2a: \u94f6\u91d1\u5996\u86c7|Electro Drift|p1a: Chi-Yu\n|-damage|p1a: Chi-Yu|0 fnt\n|faint|p1a: Chi-Yu\n|-damage|p2a: \u94f6\u91d1\u5996\u86c7|28/100|[from] item: Life Orb\n|\n|-weather|RainDance|[upkeep]\n|upkeep\n|turn|7\n|\n|t:|1772358326\n|move|p2b: \u5c0f\u5934\u63a7\u5927\u5934|Imprison|p2b: \u5c0f\u5934\u63a7\u5927\u5934\n|-start|p2b: \u5c0f\u5934\u63a7\u5927\u5934|move: Imprison\n|move|p2a: \u94f6\u91d1\u5996\u86c7|Electro Drift|p1b: Calyrex\n|-damage|p1b: Calyrex|36/100\n|-damage|p2a: \u94f6\u91d1\u5996\u86c7|18/100|[from] item: Life Orb\n|move|p1b: Calyrex|Astral Barrage|p2a: \u94f6\u91d1\u5996\u86c7|[spread] p2a\n|-immune|p2b: \u5c0f\u5934\u63a7\u5927\u5934\n|-damage|p2a: \u94f6\u91d1\u5996\u86c7|0 fnt\n|faint|p2a: \u94f6\u91d1\u5996\u86c7\n|-ability|p1b: Calyrex|Grim Neigh|boost\n|-boost|p1b: Calyrex|spa|1\n|\n|-weather|RainDance|[upkeep]\n|-fieldend|move: Electric Terrain\n|upkeep\n|turn|8\n|inactive|sunl1ight has 30 seconds left.\n|-message|sunl1ight forfeited.\n|\n|win|dasabe\u76d6\u6b27\u5361\u4fa0\n|raw|sunl1ight's rating: 1302 &rarr; <strong>1294</strong><br />(-8 for losing)\n|raw|dasabe\u76d6\u6b27\u5361\u4fa0's rating: 1535 &rarr; <strong>1543</strong><br />(+8 for winning)\n|l|\u2606sunl1ight\n|player|p1|\n|j| Zip770\n|l| Zip770\n","uploadtime":1772358368,"views":8,"formatid":"gen9vgc2026regi","rating":1294,"private":0,"password":null}