{"id":"gen9vgc2026regi-2544419022","format":"[Gen 9] VGC 2026 Reg I","players":["Tepig_nNz_498","Schimmli"],"log":"|j|\u2606Tepig_nNz_498\n|j|\u2606Schimmli\n|t:|1771704670\n|gametype|doubles\n|player|p1|Tepig_nNz_498|102|1395\n|player|p2|Schimmli|2|1580\n|gen|9\n|tier|[Gen 9] VGC 2026 Reg I\n|rated|\n|rule|Species Clause: Limit one of each Pok\u00e9mon\n|rule|Item Clause: Limit 1 of each item\n|clearpoke\n|poke|p1|Whimsicott, L50, F|\n|poke|p1|Reshiram, L50|\n|poke|p1|Incineroar, L50, M|\n|poke|p1|Lilligant-Hisui, L50, F|\n|poke|p1|Brute Bonnet, L50|\n|poke|p1|Koraidon, L50|\n|poke|p2|Terapagos, L50, M|\n|poke|p2|Calyrex-Shadow, L50|\n|poke|p2|Flutter Mane, L50|\n|poke|p2|Ogerpon-Cornerstone, L50, F|\n|poke|p2|Incineroar, L50, F|\n|poke|p2|Rillaboom, L50, M|\n|teampreview|4\n|\n|t:|1771704700\n|teamsize|p1|4\n|teamsize|p2|4\n|start\n|switch|p1a: Whimsicott|Whimsicott, L50, F|100/100\n|switch|p1b: Koraidon|Koraidon, L50|100/100\n|switch|p2a: Terapagos|Terapagos, L50, M|100/100\n|switch|p2b: Incineroar|Incineroar, L50, F, shiny|100/100\n|-activate|p2a: Terapagos|ability: Tera Shift\n|detailschange|p2a: Terapagos|Terapagos-Terastal, L50, M\n|-heal|p2a: Terapagos|100/100|[silent]\n|-weather|SunnyDay|[from] ability: Orichalcum Pulse|[of] p1b: Koraidon\n|-activate|p1b: Koraidon|Orichalcum Pulse|[source]\n|-ability|p2b: Incineroar|Intimidate|boost\n|-unboost|p1a: Whimsicott|atk|1\n|-unboost|p1b: Koraidon|atk|1\n|-enditem|p1b: Koraidon|Eject Pack\n|\n|t:|1771704712\n|switch|p1b: Reshiram|Reshiram, L50|100/100\n|-ability|p1b: Reshiram|Turboblaze\n|turn|1\n|\n|t:|1771704743\n|move|p2b: Incineroar|Fake Out|p1b: Reshiram\n|-damage|p1b: Reshiram|91/100\n|move|p1a: Whimsicott|Taunt|p2a: Terapagos\n|-start|p2a: Terapagos|move: Taunt\n|cant|p2a: Terapagos|move: Taunt|Calm Mind\n|cant|p1b: Reshiram|flinch\n|\n|-weather|SunnyDay|[upkeep]\n|upkeep\n|turn|2\n|\n|t:|1771704761\n|-terastallize|p2a: Terapagos|Stellar\n|detailschange|p2a: Terapagos|Terapagos-Stellar, L50, M, tera:Stellar\n|-heal|p2a: Terapagos|100/100|[silent]\n|-ability|p2a: Terapagos|Teraform Zero\n|-weather|none\n|move|p1a: Whimsicott|Moonblast|p2b: Incineroar\n|-damage|p2b: Incineroar|77/100\n|move|p2a: Terapagos|Earth Power|p1b: Reshiram\n|-supereffective|p1b: Reshiram\n|-damage|p1b: Reshiram|42/100\n|-unboost|p1b: Reshiram|spd|1\n|move|p1b: Reshiram|Earth Power|p2b: Incineroar\n|-supereffective|p2b: Incineroar\n|-damage|p2b: Incineroar|0 fnt\n|faint|p2b: Incineroar\n|-damage|p1b: Reshiram|32/100|[from] item: Life Orb\n|\n|upkeep\n|\n|t:|1771704776\n|switch|p2b: Calyrex|Calyrex-Shadow, L50|100/100\n|-ability|p2b: Calyrex|As One\n|-ability|p2b: Calyrex|Unnerve\n|turn|3\n|\n|t:|1771704791\n|move|p1b: Reshiram|Protect|p1b: Reshiram\n|-singleturn|p1b: Reshiram|Protect\n|move|p1a: Whimsicott|Tailwind|p1a: Whimsicott\n|-sidestart|p1: Tepig_nNz_498|move: Tailwind\n|move|p2b: Calyrex|Astral Barrage|p1b: Reshiram|[spread] p1a\n|-activate|p1b: Reshiram|move: Protect\n|-damage|p1a: Whimsicott|26/100\n|move|p2a: Terapagos|Tera Starstorm|p1b: Reshiram|[spread] p1a\n|-activate|p1b: Reshiram|move: Protect\n|-damage|p1a: Whimsicott|0 fnt\n|faint|p1a: Whimsicott\n|\n|-end|p2a: Terapagos|move: Taunt\n|upkeep\n|\n|t:|1771704792\n|switch|p1a: Koraidon|Koraidon, L50|100/100\n|-weather|SunnyDay|[from] ability: Orichalcum Pulse|[of] p1a: Koraidon\n|-activate|p1a: Koraidon|Orichalcum Pulse|[source]\n|turn|4\n|\n|t:|1771704818\n|-terastallize|p1b: Reshiram|Fire\n|move|p1a: Koraidon|Flare Blitz|p2b: Calyrex\n|-enditem|p2b: Calyrex|Focus Sash\n|-damage|p2b: Calyrex|1/100\n|-damage|p1a: Koraidon|68/100|[from] Recoil\n|move|p1b: Reshiram|Heat Wave|p2b: Calyrex|[spread] p2a,p2b\n|-damage|p2a: Terapagos|30/100\n|-damage|p2b: Calyrex|0 fnt\n|faint|p2b: Calyrex\n|-damage|p1b: Reshiram|22/100|[from] item: Life Orb\n|move|p2a: Terapagos|Tera Starstorm|p1b: Reshiram|[spread] p1a,p1b\n|-supereffective|p1b: Reshiram\n|-damage|p1a: Koraidon|33/100\n|-damage|p1b: Reshiram|0 fnt\n|faint|p1b: Reshiram\n|\n|-weather|SunnyDay|[upkeep]\n|-heal|p2a: Terapagos|36/100|[from] item: Leftovers\n|upkeep\n|\n|t:|1771704835\n|switch|p2b: Ogerpon|Ogerpon-Cornerstone, L50, F|100/100\n|switch|p1b: Lilligant|Lilligant-Hisui, L50, F|100/100\n|turn|5\n|\n|t:|1771704852\n|move|p2b: Ogerpon|Spiky Shield|p2b: Ogerpon\n|-singleturn|p2b: Ogerpon|move: Protect\n|move|p2a: Terapagos|Protect|p2a: Terapagos\n|-singleturn|p2a: Terapagos|Protect\n|move|p1b: Lilligant|Solar Blade||[still]\n|-prepare|p1b: Lilligant|Solar Blade\n|-anim|p1b: Lilligant|Solar Blade|p2a: Terapagos\n|-activate|p2a: Terapagos|move: Protect\n|move|p1a: Koraidon|Flare Blitz|p2a: Terapagos\n|-activate|p2a: Terapagos|move: Protect\n|\n|-weather|SunnyDay|[upkeep]\n|-heal|p2a: Terapagos|42/100|[from] item: Leftovers\n|upkeep\n|turn|6\n|\n|t:|1771704868\n|move|p2b: Ogerpon|Follow Me|p2b: Ogerpon\n|-singleturn|p2b: Ogerpon|move: Follow Me\n|move|p1b: Lilligant|Solar Blade||[still]\n|-prepare|p1b: Lilligant|Solar Blade\n|-anim|p1b: Lilligant|Solar Blade|p2b: Ogerpon\n|-damage|p2b: Ogerpon|22/100\n|move|p1a: Koraidon|Flare Blitz|p2b: Ogerpon\n|-damage|p2b: Ogerpon|0 fnt\n|faint|p2b: Ogerpon\n|-damage|p1a: Koraidon|27/100|[from] Recoil\n|move|p2a: Terapagos|Tera Starstorm|p1a: Koraidon|[spread] p1a,p1b\n|-damage|p1a: Koraidon|0 fnt\n|-damage|p1b: Lilligant|52/100\n|faint|p1a: Koraidon\n|\n|-weather|SunnyDay|[upkeep]\n|-heal|p2a: Terapagos|48/100|[from] item: Leftovers\n|-sideend|p1: Tepig_nNz_498|move: Tailwind\n|upkeep\n|turn|7\n|\n|t:|1771704884\n|move|p2a: Terapagos|Protect|p2a: Terapagos\n|-singleturn|p2a: Terapagos|Protect\n|move|p1b: Lilligant|Close Combat|p2a: Terapagos\n|-activate|p2a: Terapagos|move: Protect\n|\n|-weather|SunnyDay|[upkeep]\n|-heal|p2a: Terapagos|55/100|[from] item: Leftovers\n|upkeep\n|turn|8\n|\n|t:|1771704936\n|move|p1b: Lilligant|Close Combat|p2a: Terapagos\n|-supereffective|p2a: Terapagos\n|-damage|p2a: Terapagos|2/100\n|-unboost|p1b: Lilligant|def|1\n|-unboost|p1b: Lilligant|spd|1\n|move|p2a: Terapagos|Tera Starstorm|p1b: Lilligant\n|-damage|p1b: Lilligant|0 fnt\n|faint|p1b: Lilligant\n|\n|win|Schimmli\n|raw|Tepig_nNz_498's rating: 1395 &rarr; <strong>1385</strong><br />(-10 for losing)\n|raw|Schimmli's rating: 1580 &rarr; <strong>1590</strong><br />(+10 for winning)\n|c|\u2606Schimmli|gg\n|l|\u2606Schimmli\n|player|p2|\n","uploadtime":1771705168,"views":12,"formatid":"gen9vgc2026regi","rating":1385,"private":0,"password":null}