{"id":"gen9vgc2026regi-2560673093","format":"[Gen 9] VGC 2026 Reg I","players":["mistah mistah 11","firefalls"],"log":"|j|\u2606mistah mistah 11\n|j|\u2606firefalls\n|t:|1773710986\n|gametype|doubles\n|player|p1|mistah mistah 11|101|1131\n|player|p2|firefalls|n|1121\n|gen|9\n|tier|[Gen 9] VGC 2026 Reg I\n|rated|\n|rule|Species Clause: Limit one of each Pok\u00e9mon\n|rule|Item Clause: Limit 1 of each item\n|clearpoke\n|poke|p1|Eternatus, L50|\n|poke|p1|Corviknight, L50, M|\n|poke|p1|Flamigo, L50, F|\n|poke|p1|Kyogre, L50|\n|poke|p1|Tornadus, L50, M|\n|poke|p1|Rillaboom, L50, F|\n|poke|p2|Koraidon, L50|\n|poke|p2|Raging Bolt, L50|\n|poke|p2|Ho-Oh, L50|\n|poke|p2|Iron Treads, L50|\n|poke|p2|Incineroar, L50, F|\n|poke|p2|Flutter Mane, L50|\n|teampreview|4\nfirefalls has agreed to open team sheets.\n|inactive|Battle timer is ON: inactive players will automatically lose when time's up. (requested by firefalls)\n|\n|t:|1773711084\n|teamsize|p1|4\n|teamsize|p2|4\n|start\n|switch|p1a: Kyogre|Kyogre, L50|100/100\n|switch|p1b: Tornadus|Tornadus, L50, M|100/100\n|switch|p2a: Ho-Oh|Ho-Oh, L50|100/100\n|switch|p2b: Flutter Mane|Flutter Mane, L50|100/100\n|-weather|RainDance|[from] ability: Drizzle|[of] p1a: Kyogre\n|turn|1\n|\n|t:|1773711105\n|-terastallize|p2a: Ho-Oh|Water\n|move|p1b: Tornadus|Rain Dance||[still]\n|-fail|p1b: Tornadus\n|move|p1a: Kyogre|Water Spout|p2b: Flutter Mane|[spread] p2a,p2b\n|-resisted|p2a: Ho-Oh\n|-crit|p2a: Ho-Oh\n|-damage|p2a: Ho-Oh|62/100\n|-enditem|p2b: Flutter Mane|Focus Sash\n|-damage|p2b: Flutter Mane|1/100\n|move|p2b: Flutter Mane|Taunt|p1b: Tornadus\n|-start|p1b: Tornadus|move: Taunt\n|move|p2a: Ho-Oh|Tailwind|p2a: Ho-Oh\n|-sidestart|p2: firefalls|move: Tailwind\n|\n|-weather|RainDance|[upkeep]\n|upkeep\n|turn|2\n|inactive|firefalls has 30 seconds left.\n|inactive|firefalls has 20 seconds left.\n|inactive|firefalls has 15 seconds left.\n|\n|t:|1773711149\n|switch|p2a: Raging Bolt|Raging Bolt, L50|100/100\n|switch|p1b: Eternatus|Eternatus, L50|100/100\n|-ability|p1b: Eternatus|Pressure\n|move|p2b: Flutter Mane|Moonblast|p1b: Eternatus\n|-damage|p1b: Eternatus|53/100\n|move|p1a: Kyogre|Water Spout|p2a: Raging Bolt|[spread] p2a,p2b\n|-resisted|p2a: Raging Bolt\n|-damage|p2a: Raging Bolt|72/100\n|-damage|p2b: Flutter Mane|0 fnt\n|faint|p2b: Flutter Mane\n|-end|p2b: Flutter Mane|Protosynthesis|[silent]\n|\n|-weather|RainDance|[upkeep]\n|upkeep\n|\n|t:|1773711159\n|switch|p2b: Koraidon|Koraidon, L50|100/100\n|-weather|SunnyDay|[from] ability: Orichalcum Pulse|[of] p2b: Koraidon\n|-activate|p2a: Raging Bolt|ability: Protosynthesis\n|-start|p2a: Raging Bolt|protosynthesisspa\n|-activate|p2b: Koraidon|Orichalcum Pulse|[source]\n|turn|3\n|\n|t:|1773711182\n|switch|p1a: Flamigo|Flamigo, L50, F|100/100\n|move|p2b: Koraidon|Scale Shot|p1b: Eternatus\n|-supereffective|p1b: Eternatus\n|-damage|p1b: Eternatus|20/100\n|-supereffective|p1b: Eternatus\n|-damage|p1b: Eternatus|0 fnt\n|faint|p1b: Eternatus\n|-hitcount|p1: Eternatus|2\n|-unboost|p2b: Koraidon|def|1\n|-boost|p2b: Koraidon|spe|1\n|move|p2a: Raging Bolt|Electroweb|p1a: Flamigo\n|-supereffective|p1a: Flamigo\n|-enditem|p1a: Flamigo|Focus Sash\n|-damage|p1a: Flamigo|1/100\n|-unboost|p1a: Flamigo|spe|1\n|\n|-weather|SunnyDay|[upkeep]\n|upkeep\n|\n|t:|1773711203\n|switch|p1b: Kyogre|Kyogre, L50|100/100\n|-weather|RainDance|[from] ability: Drizzle|[of] p1b: Kyogre\n|-end|p2a: Raging Bolt|Protosynthesis\n|turn|4\n|\n|t:|1773711216\n|switch|p2b: Ho-Oh|Ho-Oh, L50, tera:Water|95/100\n|move|p1a: Flamigo|Wide Guard|p1a: Flamigo\n|-singleturn|p1a: Flamigo|Wide Guard\n|move|p1b: Kyogre|Ice Beam|p2b: Ho-Oh\n|-resisted|p2b: Ho-Oh\n|-damage|p2b: Ho-Oh|85/100\n|move|p2a: Raging Bolt|Electroweb|p1b: Kyogre|[spread] \n|-activate|p1a: Flamigo|move: Wide Guard\n|-activate|p1b: Kyogre|move: Wide Guard\n|\n|-weather|RainDance|[upkeep]\n|-sideend|p2: firefalls|move: Tailwind\n|upkeep\n|turn|5\n|\n|t:|1773711236\n|switch|p1a: Tornadus|Tornadus, L50, M|100/100\n|move|p1b: Kyogre|Ice Beam|p2a: Raging Bolt\n|-supereffective|p2a: Raging Bolt\n|-damage|p2a: Raging Bolt|35/100\n|move|p2b: Ho-Oh|Tailwind|p2b: Ho-Oh\n|-sidestart|p2: firefalls|move: Tailwind\n|move|p2a: Raging Bolt|Snarl|p1b: Kyogre|[spread] p1a,p1b\n|-crit|p1b: Kyogre\n|-damage|p1a: Tornadus|84/100\n|-damage|p1b: Kyogre|83/100\n|-unboost|p1b: Kyogre|spa|1\n|\n|-weather|RainDance|[upkeep]\n|upkeep\n|turn|6\n|\n|t:|1773711254\n|move|p2a: Raging Bolt|Thunderclap|p1b: Kyogre\n|-supereffective|p1b: Kyogre\n|-damage|p1b: Kyogre|29/100\n|move|p1a: Tornadus|Tailwind|p1a: Tornadus\n|-sidestart|p1: mistah mistah 11|move: Tailwind\n|move|p1b: Kyogre|Ice Beam|p2a: Raging Bolt\n|-supereffective|p2a: Raging Bolt\n|-damage|p2a: Raging Bolt|8/100\n|move|p2b: Ho-Oh|Brave Bird|p1a: Tornadus\n|-damage|p1a: Tornadus|5/100\n|-damage|p2b: Ho-Oh|63/100|[from] Recoil\n|\n|-weather|RainDance|[upkeep]\n|upkeep\n|turn|7\n|\n|t:|1773711270\n|switch|p1b: Flamigo|Flamigo, L50, F|1/100\n|move|p1a: Tornadus|Taunt|p2b: Ho-Oh\n|-start|p2b: Ho-Oh|move: Taunt\n|move|p2a: Raging Bolt|Thunderclap||[still]\n|-fail|p2a: Raging Bolt\n|move|p2b: Ho-Oh|Brave Bird|p1b: Flamigo\n|-supereffective|p1b: Flamigo\n|-damage|p1b: Flamigo|0 fnt\n|faint|p1b: Flamigo\n|-damage|p2b: Ho-Oh|62/100|[from] Recoil\n|\n|-weather|RainDance|[upkeep]\n|upkeep\n|\n|t:|1773711282\n|switch|p1b: Kyogre|Kyogre, L50|29/100\n|turn|8\n|\n|t:|1773711289\n|move|p2a: Raging Bolt|Thunderclap|p1a: Tornadus\n|-supereffective|p1a: Tornadus\n|-damage|p1a: Tornadus|0 fnt\n|faint|p1a: Tornadus\n|move|p1b: Kyogre|Origin Pulse|p2a: Raging Bolt|[spread] p2a,p2b\n|-resisted|p2a: Raging Bolt\n|-resisted|p2b: Ho-Oh\n|-damage|p2a: Raging Bolt|0 fnt\n|-damage|p2b: Ho-Oh|43/100\n|faint|p2a: Raging Bolt\n|-end|p2a: Raging Bolt|Protosynthesis|[silent]\n|move|p2b: Ho-Oh|Brave Bird|p1b: Kyogre\n|-damage|p1b: Kyogre|0 fnt\n|faint|p1b: Kyogre\n|-damage|p2b: Ho-Oh|35/100|[from] Recoil\n|\n|win|firefalls\n|raw|mistah mistah 11's rating: 1131 &rarr; <strong>1105</strong><br />(-26 for losing)\n|raw|firefalls's rating: 1121 &rarr; <strong>1147</strong><br />(+26 for winning)\n","uploadtime":1773711298,"views":13,"formatid":"gen9vgc2026regi","rating":1105,"private":0,"password":null}