{"id":"gen9vgc2026regi-2518578090","format":"[Gen 9] VGC 2026 Reg I","players":["paradox franco","kojimuranishi"],"log":"|j|\u2606paradox franco\n|j|\u2606kojimuranishi\n|t:|1768406456\n|gametype|doubles\n|player|p1|paradox franco|elesa|1320\n|player|p2|kojimuranishi|1|1510\n|gen|9\n|tier|[Gen 9] VGC 2026 Reg I\n|rated|\n|rule|Species Clause: Limit one of each Pok\u00e9mon\n|rule|Item Clause: Limit 1 of each item\n|clearpoke\n|poke|p1|Lunala, L50|\n|poke|p1|Groudon, L50|\n|poke|p1|Whimsicott, L50, M|\n|poke|p1|Raging Bolt, L50|\n|poke|p1|Kingambit, L50, M|\n|poke|p1|Chi-Yu, L50|\n|poke|p2|Whimsicott, L50, F|\n|poke|p2|Calyrex-Ice, L50|\n|poke|p2|Miraidon, L50|\n|poke|p2|Chi-Yu, L50|\n|poke|p2|Landorus, L50, M|\n|poke|p2|Ogerpon-Cornerstone, L50, F|\n|teampreview|4\n|inactive|Battle timer is ON: inactive players will automatically lose when time's up. (requested by kojimuranishi)\n|\n|t:|1768406483\n|teamsize|p1|4\n|teamsize|p2|4\n|start\n|switch|p1a: Lunala|Lunala, L50|100/100\n|switch|p1b: Whimsicott|Whimsicott, L50, M|100/100\n|switch|p2a: Ogerpon|Ogerpon-Cornerstone, L50, F|100/100\n|switch|p2b: Chi-Yu|Chi-Yu, L50|100/100\n|-ability|p2b: Chi-Yu|Beads of Ruin\n|turn|1\n|\n|t:|1768406496\n|-terastallize|p1a: Lunala|Fairy\n|move|p1b: Whimsicott|Tailwind|p1b: Whimsicott\n|-sidestart|p1: paradox franco|move: Tailwind\n|move|p1a: Lunala|Dazzling Gleam|p2b: Chi-Yu|[spread] p2a,p2b\n|-damage|p2a: Ogerpon|15/100\n|-damage|p2b: Chi-Yu|36/100\n|move|p2a: Ogerpon|Ivy Cudgel|p1a: Lunala|[anim] Ivy Cudgel Rock\n|-damage|p1a: Lunala|74/100\n|move|p2b: Chi-Yu|Heat Wave|p1a: Lunala|[spread] p1a,p1b\n|-supereffective|p1b: Whimsicott\n|-crit|p1b: Whimsicott\n|-damage|p1a: Lunala|10/100\n|-enditem|p1b: Whimsicott|Focus Sash\n|-damage|p1b: Whimsicott|1/100\n|\n|upkeep\n|turn|2\n|\n|t:|1768406520\n|move|p2a: Ogerpon|Spiky Shield|p2a: Ogerpon\n|-singleturn|p2a: Ogerpon|move: Protect\n|move|p1b: Whimsicott|Moonblast|p2b: Chi-Yu\n|-damage|p2b: Chi-Yu|0 fnt\n|faint|p2b: Chi-Yu\n|move|p1a: Lunala|Dazzling Gleam|p2a: Ogerpon\n|-activate|p2a: Ogerpon|move: Protect\n|\n|upkeep\n|\n|t:|1768406530\n|switch|p2b: Miraidon|Miraidon, L50|100/100\n|-fieldstart|move: Electric Terrain|[from] ability: Hadron Engine|[of] p2b: Miraidon\n|turn|3\n|\n|t:|1768406553\n|switch|p2a: Calyrex|Calyrex-Ice, L50|100/100\n|-ability|p2a: Calyrex|As One\n|-ability|p2a: Calyrex|Unnerve\n|-terastallize|p2b: Miraidon|Electric\n|move|p1b: Whimsicott|Moonblast|p2b: Miraidon\n|-damage|p2b: Miraidon|68/100\n|move|p2b: Miraidon|Volt Switch|p1b: Whimsicott\n|-resisted|p1b: Whimsicott\n|-crit|p1b: Whimsicott\n|-damage|p1b: Whimsicott|0 fnt\n|faint|p1b: Whimsicott\n|\n|t:|1768406567\n|switch|p2b: Ogerpon|Ogerpon-Cornerstone, L50, F|15/100|[from] Volt Switch\n|move|p1a: Lunala|Dazzling Gleam|p2a: Calyrex|[spread] p2a,p2b\n|-damage|p2a: Calyrex|61/100\n|-damage|p2b: Ogerpon|0 fnt\n|faint|p2b: Ogerpon\n|\n|upkeep\n|\n|t:|1768406576\n|switch|p1b: Chi-Yu|Chi-Yu, L50|100/100\n|switch|p2b: Miraidon|Miraidon, L50, tera:Electric|68/100\n|-ability|p1b: Chi-Yu|Beads of Ruin\n|-activate|p2b: Miraidon|ability: Hadron Engine\n|turn|4\n|\n|t:|1768406587\n|move|p1b: Chi-Yu|Heat Wave|p2b: Miraidon|[spread] p2a\n|-miss|p1b: Chi-Yu|p2b: Miraidon\n|-supereffective|p2a: Calyrex\n|-damage|p2a: Calyrex|0 fnt\n|faint|p2a: Calyrex\n|move|p2b: Miraidon|Electro Drift|p1b: Chi-Yu\n|-damage|p1b: Chi-Yu|0 fnt\n|faint|p1b: Chi-Yu\n|move|p1a: Lunala|Dazzling Gleam|p2b: Miraidon\n|-damage|p2b: Miraidon|3/100\n|\n|-sideend|p1: paradox franco|move: Tailwind\n|upkeep\n|\n|t:|1768406591\n|switch|p1b: Groudon|Groudon, L50|100/100\n|-weather|SunnyDay|[from] ability: Drought|[of] p1b: Groudon\n|turn|5\n|c|\u2606paradox franco|gg\n|\n|t:|1768406604\n|move|p2b: Miraidon|Electro Drift|p1a: Lunala\n|-damage|p1a: Lunala|0 fnt\n|faint|p1a: Lunala\n|move|p1b: Groudon|Heat Crash|p2b: Miraidon\n|-damage|p2b: Miraidon|0 fnt\n|faint|p2b: Miraidon\n|\n|win|paradox franco\n|raw|paradox franco's rating: 1320 &rarr; <strong>1350</strong><br />(+30 for winning)\n|raw|kojimuranishi's rating: 1510 &rarr; <strong>1480</strong><br />(-30 for losing)\n|l|\u2606paradox franco\n|player|p1|\n|l|\u2606kojimuranishi\n|player|p2|\n","uploadtime":1768406794,"views":17,"formatid":"gen9vgc2026regi","rating":1350,"private":0,"password":null}