{"id":"gen9vgc2026regi-2561268912","format":"[Gen 9] VGC 2026 Reg I","players":["wktkfakfuqek","It'sJustKen VGC"],"log":"|j|\u2606wktkfakfuqek\n|j|\u2606It'sJustKen VGC\n|t:|1773778961\n|gametype|doubles\n|player|p1|wktkfakfuqek|hiker-gen4|1259\n|player|p2|It'sJustKen VGC|102|1339\n|gen|9\n|tier|[Gen 9] VGC 2026 Reg I\n|rated|\n|rule|Species Clause: Limit one of each Pok\u00e9mon\n|rule|Item Clause: Limit 1 of each item\n|clearpoke\n|poke|p1|Smeargle, L50, M|\n|poke|p1|Muk-Alola, L50, M|\n|poke|p1|Glimmora, L50, M|\n|poke|p1|Sinistcha-Masterpiece, L50|\n|poke|p1|Ho-Oh, L50|\n|poke|p1|Calyrex-Shadow, L50|\n|poke|p2|Iron Hands, L50|\n|poke|p2|Incineroar, L50, F|\n|poke|p2|Calyrex-Shadow, L50|\n|poke|p2|Whimsicott, L50, F|\n|poke|p2|Farigiraf, L50, M|\n|poke|p2|Miraidon, L50|\n|teampreview|4\n|inactive|Battle timer is ON: inactive players will automatically lose when time's up. (requested by wktkfakfuqek)\n|inactive|It'sJustKen VGC also wants the timer to be on.\n|\n|t:|1773778975\n|teamsize|p1|4\n|teamsize|p2|4\n|start\n|switch|p1a: Smeargle|Smeargle, L50, M|100/100\n|switch|p1b: Muk|Muk-Alola, L50, M|100/100\n|switch|p2a: Farigiraf|Farigiraf, L50, M|100/100\n|switch|p2b: Miraidon|Miraidon, L50, shiny|100/100\n|-fieldstart|move: Electric Terrain|[from] ability: Hadron Engine|[of] p2b: Miraidon\n|-enditem|p2a: Farigiraf|Electric Seed\n|-boost|p2a: Farigiraf|def|1|[from] item: Electric Seed\n|turn|1\n|\n|t:|1773778983\n|move|p1a: Smeargle|Follow Me|p1a: Smeargle\n|-singleturn|p1a: Smeargle|move: Follow Me\n|move|p2b: Miraidon|Volt Switch|p1a: Smeargle\n|-enditem|p1a: Smeargle|Focus Sash\n|-damage|p1a: Smeargle|1/100\n|\n|t:|1773778988\n|switch|p2b: Iron Hands|Iron Hands, L50|100/100|[from] Volt Switch\n|-activate|p2b: Iron Hands|ability: Quark Drive\n|-start|p2b: Iron Hands|quarkdriveatk\n|move|p1b: Muk|Minimize|p1b: Muk\n|-boost|p1b: Muk|evasion|2\n|move|p2a: Farigiraf|Roar|p1a: Smeargle\n|drag|p1a: Calyrex|Calyrex-Shadow, L50|100/100\n|-ability|p1a: Calyrex|As One\n|-ability|p1a: Calyrex|Unnerve\n|\n|upkeep\n|turn|2\n|\n|t:|1773778999\n|switch|p1b: Glimmora|Glimmora, L50, M|100/100\n|-item|p1b: Glimmora|Air Balloon\n|move|p1a: Calyrex|Leech Seed|p2a: Farigiraf\n|-start|p2a: Farigiraf|move: Leech Seed\n|move|p2b: Iron Hands|Wild Charge|p1a: Calyrex\n|-damage|p1a: Calyrex|18/100\n|-damage|p2b: Iron Hands|83/100|[from] Recoil\n|move|p2a: Farigiraf|Trick Room|p2a: Farigiraf\n|-fieldstart|move: Trick Room|[of] p2a: Farigiraf\n|\n|-damage|p2a: Farigiraf|88/100|[from] Leech Seed|[of] p1a: Calyrex\n|-heal|p1a: Calyrex|31/100|[silent]\n|upkeep\n|turn|3\n|\n|t:|1773779013\n|switch|p2a: Incineroar|Incineroar, L50, F|100/100\n|-ability|p2a: Incineroar|Intimidate|boost\n|-unboost|p1a: Calyrex|atk|1\n|-unboost|p1b: Glimmora|atk|1\n|move|p1a: Calyrex|Protect|p1a: Calyrex\n|-singleturn|p1a: Calyrex|Protect\n|move|p2b: Iron Hands|Wild Charge|p1b: Glimmora\n|-damage|p1b: Glimmora|9/100\n|-enditem|p1b: Glimmora|Air Balloon\n|-damage|p2b: Iron Hands|64/100|[from] Recoil\n|move|p1b: Glimmora|Mortal Spin|p2b: Iron Hands|[spread] p2a,p2b\n|-damage|p2a: Incineroar|99/100\n|-damage|p2b: Iron Hands|62/100\n|-status|p2a: Incineroar|psn\n|-status|p2b: Iron Hands|psn\n|-damage|p1b: Glimmora|0 fnt|[from] item: Rocky Helmet|[of] p2a: Incineroar\n|faint|p1b: Glimmora\n|\n|-damage|p2b: Iron Hands|49/100 psn|[from] psn\n|-damage|p2a: Incineroar|86/100 psn|[from] psn\n|upkeep\n|\n|t:|1773779019\n|switch|p1b: Smeargle|Smeargle, L50, M|1/100\n|turn|4\n|\n|t:|1773779026\n|switch|p2a: Farigiraf|Farigiraf, L50, M|88/100\n|switch|p1a: Muk|Muk-Alola, L50, M|100/100\n|move|p1b: Smeargle|Fake Out||[still]\n|cant|p2a: Farigiraf|ability: Armor Tail|Fake Out|[of] p1b: Smeargle\n|move|p2b: Iron Hands|Wild Charge|p1a: Muk\n|-damage|p1a: Muk|34/100\n|-damage|p2b: Iron Hands|34/100 psn|[from] Recoil\n|\n|-heal|p1a: Muk|40/100|[from] item: Leftovers\n|-damage|p2b: Iron Hands|22/100 psn|[from] psn\n|-ability|p1b: Smeargle|Moody|boost\n|-boost|p1b: Smeargle|spa|2\n|-unboost|p1b: Smeargle|def|1\n|upkeep\n|turn|5\n|\n|t:|1773779044\n|move|p1b: Smeargle|Follow Me|p1b: Smeargle\n|-singleturn|p1b: Smeargle|move: Follow Me\n|move|p2b: Iron Hands|Wild Charge|p1b: Smeargle\n|-damage|p1b: Smeargle|0 fnt\n|faint|p1b: Smeargle\n|-ability|p1a: Muk|Moody|Power of Alchemy|[from] ability: Power of Alchemy|[of] p1b: Smeargle\n|-damage|p2b: Iron Hands|21/100 psn|[from] Recoil\n|move|p1a: Muk|Knock Off|p2a: Farigiraf\n|-supereffective|p2a: Farigiraf\n|-damage|p2a: Farigiraf|50/100\n|move|p2a: Farigiraf|Psychic|p1a: Muk\n|-immune|p1a: Muk\n|\n|-heal|p1a: Muk|46/100|[from] item: Leftovers\n|-damage|p2b: Iron Hands|9/100 psn|[from] psn\n|-fieldend|move: Electric Terrain\n|-end|p2b: Iron Hands|Quark Drive\n|-ability|p1a: Muk|Moody|boost\n|-boost|p1a: Muk|spe|2\n|-unboost|p1a: Muk|atk|1\n|upkeep\n|\n|t:|1773779046\n|switch|p1b: Calyrex|Calyrex-Shadow, L50|31/100\n|-ability|p1b: Calyrex|As One\n|-ability|p1b: Calyrex|Unnerve\n|turn|6\n|\n|t:|1773779059\n|-end|p2b: Iron Hands|Quark Drive|[silent]\n|switch|p2b: Incineroar|Incineroar, L50, F|86/100 psn\n|-ability|p2b: Incineroar|Intimidate|boost\n|-unboost|p1a: Muk|atk|1\n|-unboost|p1b: Calyrex|atk|1\n|switch|p2a: Miraidon|Miraidon, L50, shiny|100/100\n|-fieldstart|move: Electric Terrain|[from] ability: Hadron Engine|[of] p2a: Miraidon\n|move|p1a: Muk|Protect|p1a: Muk\n|-singleturn|p1a: Muk|Protect\n|move|p1b: Calyrex|Protect||[still]\n|-fail|p1b: Calyrex\n|\n|-heal|p1a: Muk|52/100|[from] item: Leftovers\n|-damage|p2b: Incineroar|74/100 psn|[from] psn\n|-fieldend|move: Trick Room\n|-ability|p1a: Muk|Moody|boost\n|-boost|p1a: Muk|spe|2\n|-unboost|p1a: Muk|spa|1\n|upkeep\n|turn|7\n|\n|t:|1773779074\n|-terastallize|p1a: Muk|Grass\n|-terastallize|p2a: Miraidon|Fairy\n|move|p2b: Incineroar|Fake Out|p1a: Muk\n|-damage|p1a: Muk|43/100\n|move|p1b: Calyrex|Astral Barrage|p2a: Miraidon|[spread] p2a,p2b\n|-resisted|p2b: Incineroar\n|-damage|p2a: Miraidon|65/100\n|-damage|p2b: Incineroar|56/100 psn\n|cant|p1a: Muk|flinch\n|move|p2a: Miraidon|Dazzling Gleam|p1a: Muk|[spread] p1a,p1b\n|-damage|p1a: Muk|0 fnt\n|-damage|p1b: Calyrex|0 fnt\n|faint|p1a: Muk\n|faint|p1b: Calyrex\n|\n|win|It'sJustKen VGC\n|raw|wktkfakfuqek's rating: 1259 &rarr; <strong>1240</strong><br />(-19 for losing)\n|raw|It&apos;sJustKen VGC's rating: 1339 &rarr; <strong>1354</strong><br />(+15 for winning)\n|l|\u2606wktkfakfuqek\n|player|p1|\n|l|\u2606It'sJustKen VGC\n|player|p2|\n|j|\u2606It'sJustKen VGC\n|player|p2|It'sJustKen VGC|102|\n","uploadtime":1773779087,"views":10,"formatid":"gen9vgc2026regi","rating":1240,"private":0,"password":null}