{"id":"gen9vgc2026regi-2586914470","format":"[Gen 9] VGC 2026 Reg I","players":["avarussurava","airline198"],"log":"|j|\u2606avarussurava\n|j|\u2606airline198\n|t:|1776471326\n|gametype|doubles\n|player|p1|avarussurava|2|1496\n|player|p2|airline198|winona-gen6|1477\n|gen|9\n|tier|[Gen 9] VGC 2026 Reg I\n|rated|\n|rule|Species Clause: Limit one of each Pok\u00e9mon\n|rule|Item Clause: Limit 1 of each item\n|clearpoke\n|poke|p1|Kyogre, L50|\n|poke|p1|Tyranitar, L50, F|\n|poke|p1|Zamazenta-*, L50|\n|poke|p1|Gastrodon, L50, F|\n|poke|p1|Sinistcha, L50|\n|poke|p1|Ceruledge, L50, M|\n|poke|p2|Calyrex-Ice, L50|\n|poke|p2|Scraggy, L50, M|\n|poke|p2|Miraidon, L50|\n|poke|p2|Farigiraf, L50, M|\n|poke|p2|Iron Treads, L50|\n|poke|p2|Iron Hands, L50|\n|teampreview|4\nairline198 has agreed to open team sheets.\n|inactive|Battle timer is ON: inactive players will automatically lose when time's up. (requested by airline198)\n|\n|t:|1776471351\n|teamsize|p1|4\n|teamsize|p2|4\n|start\n|switch|p1a: Zamazenta|Zamazenta-Crowned, L50|100/100\n|switch|p1b: Ceruledge|Ceruledge, L50, M|100/100\n|switch|p2a: Miraidon|Miraidon, L50|100/100\n|switch|p2b: Farigiraf|Farigiraf, L50, M|100/100\n|-fieldstart|move: Electric Terrain|[from] ability: Hadron Engine|[of] p2a: Miraidon\n|-enditem|p2b: Farigiraf|Electric Seed\n|-boost|p2b: Farigiraf|def|1|[from] item: Electric Seed\n|-ability|p1a: Zamazenta|Dauntless Shield|boost\n|-boost|p1a: Zamazenta|def|1\n|turn|1\n|inactive|airline198 has 30 seconds left.\n|inactive|airline198 has 20 seconds left.\n|inactive|airline198 has 15 seconds left.\n|\n|t:|1776471393\n|-terastallize|p1a: Zamazenta|Ground\n|-terastallize|p2b: Farigiraf|Water\n|move|p2a: Miraidon|Electro Drift|p1a: Zamazenta\n|-immune|p1a: Zamazenta\n|move|p1a: Zamazenta|Iron Defense|p1a: Zamazenta\n|-boost|p1a: Zamazenta|def|2\n|move|p1b: Ceruledge|Taunt|p2b: Farigiraf\n|-start|p2b: Farigiraf|move: Taunt\n|cant|p2b: Farigiraf|move: Taunt|Trick Room\n|\n|upkeep\n|turn|2\n|\n|t:|1776471410\n|switch|p2a: Iron Hands|Iron Hands, L50|100/100\n|-activate|p2a: Iron Hands|ability: Quark Drive\n|-start|p2a: Iron Hands|quarkdriveatk\n|switch|p1b: Gastrodon|Gastrodon, L50, F|100/100\n|move|p1a: Zamazenta|Body Press|p2a: Iron Hands\n|-damage|p2a: Iron Hands|10/100\n|move|p2b: Farigiraf|Foul Play|p1b: Gastrodon\n|-damage|p1b: Gastrodon|86/100\n|\n|upkeep\n|turn|3\n|\n|t:|1776471427\n|switch|p2b: Miraidon|Miraidon, L50|100/100\n|-activate|p2b: Miraidon|ability: Hadron Engine\n|switch|p1b: Sinistcha|Sinistcha, L50|100/100\n|move|p2a: Iron Hands|Fake Out|p1a: Zamazenta\n|-damage|p1a: Zamazenta|95/100\n|cant|p1a: Zamazenta|flinch\n|\n|upkeep\n|turn|4\n|inactive|airline198 has 30 seconds left.\n|\n|t:|1776471453\n|move|p1b: Sinistcha|Rage Powder|p1b: Sinistcha\n|-singleturn|p1b: Sinistcha|move: Rage Powder\n|move|p2b: Miraidon|Volt Switch|p1b: Sinistcha\n|-resisted|p1b: Sinistcha\n|-damage|p1b: Sinistcha|30/100\n|-enditem|p1b: Sinistcha|Sitrus Berry|[eat]\n|-heal|p1b: Sinistcha|55/100|[from] item: Sitrus Berry\n|\n|t:|1776471459\n|switch|p2b: Farigiraf|Farigiraf, L50, M, tera:Water|100/100|[from] Volt Switch\n|move|p1a: Zamazenta|Body Press|p2b: Farigiraf\n|-damage|p2b: Farigiraf|12/100\n|move|p2a: Iron Hands|Wild Charge|p1b: Sinistcha\n|-resisted|p1b: Sinistcha\n|-damage|p1b: Sinistcha|11/100\n|-damage|p2a: Iron Hands|3/100|[from] Recoil\n|\n|upkeep\n|turn|5\n|\n|t:|1776471479\n|move|p1a: Zamazenta|Body Press|p2b: Farigiraf\n|-damage|p2b: Farigiraf|0 fnt\n|faint|p2b: Farigiraf\n|move|p1b: Sinistcha|Shadow Ball|p2a: Iron Hands\n|-damage|p2a: Iron Hands|0 fnt\n|faint|p2a: Iron Hands\n|-end|p2a: Iron Hands|Quark Drive|[silent]\n|\n|-fieldend|move: Electric Terrain\n|upkeep\n|\n|t:|1776471482\n|switch|p2b: Miraidon|Miraidon, L50|100/100\n|switch|p2a: Calyrex|Calyrex-Ice, L50|100/100\n|-ability|p2a: Calyrex|As One\n|-ability|p2a: Calyrex|Unnerve\n|-fieldstart|move: Electric Terrain|[from] ability: Hadron Engine|[of] p2b: Miraidon\n|turn|6\n|\n|t:|1776471504\n|move|p1b: Sinistcha|Rage Powder|p1b: Sinistcha\n|-singleturn|p1b: Sinistcha|move: Rage Powder\n|move|p2b: Miraidon|Dazzling Gleam|p1a: Zamazenta|[spread] p1a,p1b\n|-damage|p1a: Zamazenta|64/100\n|-damage|p1b: Sinistcha|0 fnt\n|faint|p1b: Sinistcha\n|move|p1a: Zamazenta|Body Press|p2b: Miraidon\n|-damage|p2b: Miraidon|0 fnt\n|faint|p2b: Miraidon\n|move|p2a: Calyrex|Trick Room|p2a: Calyrex\n|-fieldstart|move: Trick Room|[of] p2a: Calyrex\n|\n|upkeep\n|\n|t:|1776471516\n|switch|p1b: Ceruledge|Ceruledge, L50, M|100/100\n|turn|7\n|-message|airline198 forfeited.\n|\n|win|avarussurava\n|raw|avarussurava's rating: 1496 &rarr; <strong>1515</strong><br />(+19 for winning)\n|raw|airline198's rating: 1477 &rarr; <strong>1458</strong><br />(-19 for losing)\n|l|\u2606airline198\n|player|p2|\n|l|\u2606avarussurava\n|player|p1|\n","uploadtime":1776471523,"views":12,"formatid":"gen9vgc2026regi","rating":1458,"private":0,"password":null}