{"id":"gen9vgc2026regi-2568319933","format":"[Gen 9] VGC 2026 Reg I","players":["Bman311","louhew22"],"log":"|j|\u2606Bman311\n|j|\u2606louhew22\n|t:|1774566074\n|gametype|doubles\n|player|p1|Bman311|265|1350\n|player|p2|louhew22|1|1326\n|gen|9\n|tier|[Gen 9] VGC 2026 Reg I\n|rated|\n|rule|Species Clause: Limit one of each Pok\u00e9mon\n|rule|Item Clause: Limit 1 of each item\n|clearpoke\n|poke|p1|Calyrex-Shadow, L50|\n|poke|p1|Koraidon, L50|\n|poke|p1|Rillaboom, L50, F|\n|poke|p1|Incineroar, L50, F|\n|poke|p1|Volcarona, L50, M|\n|poke|p1|Regieleki, L50|\n|poke|p2|Zamazenta-*, L50|\n|poke|p2|Calyrex-Shadow, L50|\n|poke|p2|Chien-Pao, L50|\n|poke|p2|Raging Bolt, L50|\n|poke|p2|Dragonite, L50, M|\n|poke|p2|Amoonguss, L50, F|\n|teampreview|4\n|inactive|Battle timer is ON: inactive players will automatically lose when time's up. (requested by Bman311)\n|inactive|Bman311 has 60 seconds left.\n|inactive|louhew22 has 60 seconds left.\n|\n|t:|1774566109\n|teamsize|p1|4\n|teamsize|p2|4\n|start\n|switch|p1a: Koraidon|Koraidon, L50|100/100\n|switch|p1b: Regieleki|Regieleki, L50|100/100\n|switch|p2a: Zamazenta|Zamazenta-Crowned, L50|100/100\n|switch|p2b: Calyrex|Calyrex-Shadow, L50|100/100\n|-ability|p2b: Calyrex|As One\n|-ability|p2b: Calyrex|Unnerve\n|-weather|SunnyDay|[from] ability: Orichalcum Pulse|[of] p1a: Koraidon\n|-activate|p1a: Koraidon|Orichalcum Pulse|[source]\n|-ability|p2a: Zamazenta|Dauntless Shield|boost\n|-boost|p2a: Zamazenta|def|1\n|turn|1\n|inactive|louhew22 has 30 seconds left.\n|inactive|Bman311 has 30 seconds left.\n|\n|t:|1774566147\n|move|p2a: Zamazenta|Wide Guard|p2a: Zamazenta\n|-singleturn|p2a: Zamazenta|Wide Guard\n|move|p1b: Regieleki|Electroweb|p2a: Zamazenta|[spread] \n|-activate|p2a: Zamazenta|move: Wide Guard\n|-activate|p2b: Calyrex|move: Wide Guard\n|move|p2b: Calyrex|Astral Barrage|p1b: Regieleki|[spread] p1a,p1b\n|-damage|p1a: Koraidon|54/100\n|-enditem|p1b: Regieleki|Focus Sash\n|-damage|p1b: Regieleki|1/100\n|move|p1a: Koraidon|Flare Blitz|p2b: Calyrex\n|-enditem|p2b: Calyrex|Focus Sash\n|-damage|p2b: Calyrex|1/100\n|-damage|p1a: Koraidon|27/100|[from] Recoil\n|\n|-weather|SunnyDay|[upkeep]\n|upkeep\n|turn|2\n|inactive|louhew22 has 30 seconds left.\n|inactive|louhew22 has 20 seconds left.\n|\n|t:|1774566184\n|move|p2b: Calyrex|Protect|p2b: Calyrex\n|-singleturn|p2b: Calyrex|Protect\n|move|p1b: Regieleki|Volt Switch|p2b: Calyrex\n|-activate|p2b: Calyrex|move: Protect\n|move|p1a: Koraidon|Collision Course|p2a: Zamazenta\n|-supereffective|p2a: Zamazenta\n|-damage|p2a: Zamazenta|26/100\n|move|p2a: Zamazenta|Heavy Slam|p1b: Regieleki\n|-resisted|p1b: Regieleki\n|-damage|p1b: Regieleki|0 fnt\n|faint|p1b: Regieleki\n|\n|-weather|SunnyDay|[upkeep]\n|upkeep\n|\n|t:|1774566189\n|switch|p1b: Rillaboom|Rillaboom, L50, F|100/100\n|-fieldstart|move: Grassy Terrain|[from] ability: Grassy Surge|[of] p1b: Rillaboom\n|turn|3\n|inactive|louhew22 has 30 seconds left.\n|\n|t:|1774566216\n|move|p1b: Rillaboom|Grassy Glide|p2b: Calyrex\n|-damage|p2b: Calyrex|0 fnt\n|faint|p2b: Calyrex\n|move|p1a: Koraidon|Flame Charge|p2a: Zamazenta\n|-supereffective|p2a: Zamazenta\n|-damage|p2a: Zamazenta|0 fnt\n|-boost|p1a: Koraidon|spe|1\n|faint|p2a: Zamazenta\n|\n|-weather|SunnyDay|[upkeep]\n|-heal|p1a: Koraidon|32/100|[from] Grassy Terrain\n|upkeep\n|\n|t:|1774566226\n|switch|p2b: Dragonite|Dragonite, L50, M|100/100\n|switch|p2a: Chien-Pao|Chien-Pao, L50|100/100\n|-ability|p2a: Chien-Pao|Sword of Ruin\n|turn|4\n|\n|t:|1774566239\n|-terastallize|p2b: Dragonite|Normal\n|-terastallize|p1b: Rillaboom|Fire\n|move|p1a: Koraidon|Protect|p1a: Koraidon\n|-singleturn|p1a: Koraidon|Protect\n|move|p2b: Dragonite|Extreme Speed|p1a: Koraidon\n|-activate|p1a: Koraidon|move: Protect\n|move|p2a: Chien-Pao|Ice Spinner|p1b: Rillaboom\n|-resisted|p1b: Rillaboom\n|-damage|p1b: Rillaboom|66/100\n|-fieldend|move: Grassy Terrain\n|-damage|p2a: Chien-Pao|91/100|[from] item: Life Orb\n|move|p1b: Rillaboom|Wood Hammer|p2a: Chien-Pao\n|-damage|p2a: Chien-Pao|9/100\n|-damage|p1b: Rillaboom|45/100|[from] Recoil\n|\n|-weather|SunnyDay|[upkeep]\n|upkeep\n|turn|5\n|inactive|Bman311 has 30 seconds left.\n|inactive|louhew22 has 30 seconds left.\n|inactive|Bman311 has 20 seconds left.\n|inactive|Bman311 has 15 seconds left.\n|inactive|Bman311 has 10 seconds left.\n|\n|t:|1774566287\n|switch|p1b: Calyrex|Calyrex-Shadow, L50|100/100\n|-ability|p1b: Calyrex|As One\n|-ability|p1b: Calyrex|Unnerve\n|move|p2a: Chien-Pao|Protect|p2a: Chien-Pao\n|-singleturn|p2a: Chien-Pao|Protect\n|move|p2b: Dragonite|Extreme Speed|p1b: Calyrex\n|-immune|p1b: Calyrex\n|move|p1a: Koraidon|Flame Charge|p2a: Chien-Pao\n|-activate|p2a: Chien-Pao|move: Protect\n|\n|-weather|none\n|upkeep\n|turn|6\n|\n|t:|1774566303\n|move|p1b: Calyrex|Protect|p1b: Calyrex\n|-singleturn|p1b: Calyrex|Protect\n|move|p2b: Dragonite|Extreme Speed|p1a: Koraidon\n|-damage|p1a: Koraidon|0 fnt\n|faint|p1a: Koraidon\n|move|p2a: Chien-Pao|Sucker Punch||[still]\n|-fail|p2a: Chien-Pao\n|\n|upkeep\n|\n|t:|1774566305\n|switch|p1a: Rillaboom|Rillaboom, L50, F, tera:Fire|45/100\n|-fieldstart|move: Grassy Terrain|[from] ability: Grassy Surge|[of] p1a: Rillaboom\n|turn|7\n|\n|t:|1774566315\n|move|p2a: Chien-Pao|Protect|p2a: Chien-Pao\n|-singleturn|p2a: Chien-Pao|Protect\n|move|p1a: Rillaboom|Fake Out|p2a: Chien-Pao\n|-activate|p2a: Chien-Pao|move: Protect\n|move|p2b: Dragonite|Extreme Speed|p1a: Rillaboom\n|-crit|p1a: Rillaboom\n|-damage|p1a: Rillaboom|0 fnt\n|faint|p1a: Rillaboom\n|move|p1b: Calyrex|Nasty Plot|p1b: Calyrex\n|-boost|p1b: Calyrex|spa|2\n|\n|-heal|p2a: Chien-Pao|15/100|[from] Grassy Terrain\n|upkeep\n|turn|8\n|\n|t:|1774566336\n|move|p1b: Calyrex|Protect|p1b: Calyrex\n|-singleturn|p1b: Calyrex|Protect\n|move|p2b: Dragonite|Extreme Speed|p1b: Calyrex\n|-activate|p1b: Calyrex|move: Protect\n|move|p2a: Chien-Pao|Sucker Punch||[still]\n|-fail|p2a: Chien-Pao\n|\n|-heal|p2a: Chien-Pao|21/100|[from] Grassy Terrain\n|upkeep\n|turn|9\n|\n|t:|1774566346\n|move|p2b: Dragonite|Extreme Speed|p1b: Calyrex\n|-immune|p1b: Calyrex\n|move|p2a: Chien-Pao|Sucker Punch||[still]\n|-fail|p2a: Chien-Pao\n|move|p1b: Calyrex|Nasty Plot|p1b: Calyrex\n|-boost|p1b: Calyrex|spa|2\n|\n|-heal|p2a: Chien-Pao|27/100|[from] Grassy Terrain\n|upkeep\n|turn|10\n|\n|t:|1774566360\n|move|p2b: Dragonite|Extreme Speed|p1b: Calyrex\n|-immune|p1b: Calyrex\n|move|p1b: Calyrex|Astral Barrage|p2b: Dragonite|[spread] p2a\n|-immune|p2b: Dragonite\n|-resisted|p2a: Chien-Pao\n|-damage|p2a: Chien-Pao|0 fnt\n|faint|p2a: Chien-Pao\n|-ability|p1b: Calyrex|Grim Neigh|boost\n|-boost|p1b: Calyrex|spa|1\n|-damage|p1b: Calyrex|91/100|[from] item: Life Orb\n|\n|-heal|p1b: Calyrex|97/100|[from] Grassy Terrain\n|upkeep\n|turn|11\n|c|\u2606Bman311|gg\n|\n|t:|1774566384\n|move|p2b: Dragonite|Extreme Speed|p1b: Calyrex\n|-immune|p1b: Calyrex\n|move|p1b: Calyrex|Psychic|p2b: Dragonite\n|-damage|p2b: Dragonite|0 fnt\n|faint|p2b: Dragonite\n|-damage|p1b: Calyrex|87/100|[from] item: Life Orb\n|\n|win|Bman311\n|raw|Bman311's rating: 1350 &rarr; <strong>1369</strong><br />(+19 for winning)\n|raw|louhew22's rating: 1326 &rarr; <strong>1307</strong><br />(-19 for losing)\n","uploadtime":1774566387,"views":16,"formatid":"gen9vgc2026regi","rating":1307,"private":0,"password":null}