{"id":"gen9vgc2026regi-2567096438","format":"[Gen 9] VGC 2026 Reg I","players":["14M605","ScribbleScribble"],"log":"|j|\u260614M605\n|j|\u2606ScribbleScribble\n|t:|1774448777\n|gametype|doubles\n|player|p1|14M605|doubleteam|1430\n|player|p2|ScribbleScribble|mina-lgpe|1601\n|gen|9\n|tier|[Gen 9] VGC 2026 Reg I\n|rated|\n|rule|Species Clause: Limit one of each Pok\u00e9mon\n|rule|Item Clause: Limit 1 of each item\n|clearpoke\n|poke|p1|Zamazenta-*, L50|\n|poke|p1|Groudon, L50|\n|poke|p1|Grimmsnarl, L50, M|\n|poke|p1|Chi-Yu, L50|\n|poke|p1|Hawlucha, L50, F|\n|poke|p1|Raging Bolt, L50|\n|poke|p2|Calyrex-Ice, L50|\n|poke|p2|Kyogre, L50|\n|poke|p2|Tornadus, L50, M|\n|poke|p2|Indeedee-F, L50, F|\n|poke|p2|Urshifu-*, L50, F|\n|poke|p2|Landorus, L50, M|\n|teampreview|4\n|inactive|Battle timer is ON: inactive players will automatically lose when time's up. (requested by ScribbleScribble)\n|inactive|14M605 has 60 seconds left.\n|inactive|14M605 has 30 seconds left.\n|\n|t:|1774448839\n|teamsize|p1|4\n|teamsize|p2|4\n|start\n|switch|p1a: Hawlucha|Hawlucha, L50, F|100/100\n|switch|p1b: Raging Bolt|Raging Bolt, L50|100/100\n|switch|p2a: Tornadus|Tornadus, L50, M|100/100\n|switch|p2b: Calyrex|Calyrex-Ice, L50|100/100\n|-ability|p2b: Calyrex|As One\n|-ability|p2b: Calyrex|Unnerve\n|turn|1\n|\n|t:|1774448849\n|-end|p1b: Raging Bolt|Protosynthesis|[silent]\n|switch|p1b: Zamazenta|Zamazenta-Crowned, L50|100/100\n|-ability|p1b: Zamazenta|Dauntless Shield|boost\n|-boost|p1b: Zamazenta|def|1\n|move|p2a: Tornadus|Tailwind|p2a: Tornadus\n|-sidestart|p2: ScribbleScribble|move: Tailwind\n|move|p2b: Calyrex|Glacial Lance|p1a: Hawlucha|[spread] p1a,p1b\n|-supereffective|p1a: Hawlucha\n|-resisted|p1b: Zamazenta\n|-enditem|p1a: Hawlucha|Focus Sash\n|-damage|p1a: Hawlucha|1/100\n|-damage|p1b: Zamazenta|91/100\n|move|p1a: Hawlucha|Coaching|p1b: Zamazenta\n|-boost|p1b: Zamazenta|atk|1\n|-boost|p1b: Zamazenta|def|1\n|\n|upkeep\n|turn|2\n|\n|t:|1774448873\n|move|p2a: Tornadus|Taunt|p1b: Zamazenta\n|-start|p1b: Zamazenta|move: Taunt\n|move|p1a: Hawlucha|Coaching|p1b: Zamazenta\n|-boost|p1b: Zamazenta|atk|1\n|-boost|p1b: Zamazenta|def|1\n|move|p2b: Calyrex|Seed Bomb|p1a: Hawlucha\n|-resisted|p1a: Hawlucha\n|-damage|p1a: Hawlucha|0 fnt\n|faint|p1a: Hawlucha\n|-ability|p2b: Calyrex|Chilling Neigh|boost\n|-boost|p2b: Calyrex|atk|1\n|move|p1b: Zamazenta|Body Press|p2b: Calyrex\n|-damage|p2b: Calyrex|28/100\n|\n|upkeep\n|\n|t:|1774448890\n|switch|p1a: Raging Bolt|Raging Bolt, L50|100/100\n|turn|3\n|\n|t:|1774448897\n|-terastallize|p2b: Calyrex|Grass\n|move|p1a: Raging Bolt|Thunderclap|p2b: Calyrex\n|-resisted|p2b: Calyrex\n|-damage|p2b: Calyrex|8/100\n|-damage|p1a: Raging Bolt|91/100|[from] item: Life Orb\n|move|p2a: Tornadus|Bleakwind Storm|p1b: Zamazenta|[spread] p1a,p1b\n|-resisted|p1a: Raging Bolt\n|-damage|p1a: Raging Bolt|75/100\n|-damage|p1b: Zamazenta|66/100\n|-unboost|p1b: Zamazenta|spe|1\n|move|p2b: Calyrex|Glacial Lance|p1a: Raging Bolt|[spread] p1a,p1b\n|-supereffective|p1a: Raging Bolt\n|-crit|p1a: Raging Bolt\n|-resisted|p1b: Zamazenta\n|-damage|p1a: Raging Bolt|0 fnt\n|-damage|p1b: Zamazenta|57/100\n|faint|p1a: Raging Bolt\n|-end|p1a: Raging Bolt|Protosynthesis|[silent]\n|-ability|p2b: Calyrex|Chilling Neigh|boost\n|-boost|p2b: Calyrex|atk|1\n|move|p1b: Zamazenta|Body Press|p2b: Calyrex\n|-damage|p2b: Calyrex|0 fnt\n|faint|p2b: Calyrex\n|\n|upkeep\n|\n|t:|1774448909\n|switch|p2b: Landorus|Landorus, L50, M|100/100\n|switch|p1a: Groudon|Groudon, L50|100/100\n|-weather|SunnyDay|[from] ability: Drought|[of] p1a: Groudon\n|turn|4\n|\n|t:|1774448922\n|-terastallize|p1b: Zamazenta|Fighting\n|move|p2a: Tornadus|Rain Dance|p2a: Tornadus\n|-weather|RainDance\n|move|p2b: Landorus|Sandsear Storm|p1a: Groudon|[spread] p1a,p1b\n|-damage|p1a: Groudon|65/100\n|-damage|p1b: Zamazenta|9/100\n|move|p1a: Groudon|Heat Crash|p2a: Tornadus\n|-damage|p2a: Tornadus|62/100\n|move|p1b: Zamazenta|Body Press|p2b: Landorus\n|-resisted|p2b: Landorus\n|-damage|p2b: Landorus|27/100\n|\n|-weather|RainDance|[upkeep]\n|-end|p1b: Zamazenta|move: Taunt\n|-sideend|p2: ScribbleScribble|move: Tailwind\n|upkeep\n|turn|5\n|\n|t:|1774448940\n|move|p1b: Zamazenta|Protect|p1b: Zamazenta\n|-singleturn|p1b: Zamazenta|Protect\n|move|p2a: Tornadus|Tailwind|p2a: Tornadus\n|-sidestart|p2: ScribbleScribble|move: Tailwind\n|move|p2b: Landorus|Sandsear Storm|p1b: Zamazenta|[spread] p1a\n|-activate|p1b: Zamazenta|move: Protect\n|-damage|p1a: Groudon|33/100\n|move|p1a: Groudon|Crunch|p2b: Landorus\n|-damage|p2b: Landorus|0 fnt\n|faint|p2b: Landorus\n|\n|-weather|RainDance|[upkeep]\n|upkeep\n|\n|t:|1774448961\n|switch|p2b: Kyogre|Kyogre, L50|100/100\n|turn|6\n|\n|t:|1774448966\n|move|p1b: Zamazenta|Wide Guard|p1b: Zamazenta\n|-singleturn|p1b: Zamazenta|Wide Guard\n|move|p2a: Tornadus|Bleakwind Storm|p1b: Zamazenta|[spread] \n|-activate|p1a: Groudon|move: Wide Guard\n|-activate|p1b: Zamazenta|move: Wide Guard\n|move|p2b: Kyogre|Thunder|p1b: Zamazenta\n|-damage|p1b: Zamazenta|0 fnt\n|faint|p1b: Zamazenta\n|move|p1a: Groudon|Crunch|p2a: Tornadus\n|-damage|p2a: Tornadus|16/100\n|\n|-weather|RainDance|[upkeep]\n|upkeep\n|turn|7\n|\n|t:|1774448979\n|move|p2a: Tornadus|Bleakwind Storm|p1a: Groudon\n|-damage|p1a: Groudon|6/100\n|move|p2b: Kyogre|Water Spout|p1a: Groudon\n|-supereffective|p1a: Groudon\n|-damage|p1a: Groudon|0 fnt\n|faint|p1a: Groudon\n|\n|win|ScribbleScribble\n|raw|14M605's rating: 1430 &rarr; <strong>1420</strong><br />(-10 for losing)\n|raw|ScribbleScribble's rating: 1622 &rarr; <strong>1632</strong><br />(+10 for winning)\n|l|\u260614M605\n|player|p1|\n|l|\u2606ScribbleScribble\n|player|p2|\n","uploadtime":1774449120,"views":17,"formatid":"gen9vgc2026regi","rating":1420,"private":0,"password":null}