{"id":"gen9vgc2026regi-2516356693","format":"[Gen 9] VGC 2026 Reg I","players":["fogdocker","Scaramouche_UwU6"],"log":"|j|\u2606fogdocker\n|j|\u2606Scaramouche_UwU6\n|t:|1768127506\n|gametype|doubles\n|player|p1|fogdocker|102|1250\n|player|p2|Scaramouche_UwU6|zinzolin|1140\n|gen|9\n|tier|[Gen 9] VGC 2026 Reg I\n|rated|\n|rule|Species Clause: Limit one of each Pok\u00e9mon\n|rule|Item Clause: Limit 1 of each item\n|clearpoke\n|poke|p1|Koraidon, L50|\n|poke|p1|Flutter Mane, L50|\n|poke|p1|Calyrex-Ice, L50|\n|poke|p1|Incineroar, L50, F|\n|poke|p1|Rillaboom, L50, M|\n|poke|p1|Amoonguss, L50, F|\n|poke|p2|Raichu-Alola, L50, M|\n|poke|p2|Miraidon, L50|\n|poke|p2|Groudon, L50|\n|poke|p2|Lilligant-Hisui, L50, F|\n|teampreview|4\n|inactive|Battle timer is ON: inactive players will automatically lose when time's up. (requested by Scaramouche_UwU6)\n|\n|t:|1768127535\n|teamsize|p1|4\n|teamsize|p2|4\n|start\n|switch|p1a: Calyrex|Calyrex-Ice, L50|100/100\n|switch|p1b: Koraidon|Koraidon, L50|100/100\n|switch|p2a: Jerry|Raichu-Alola, L50, M, shiny|100/100\n|switch|p2b: Lilligant|Lilligant-Hisui, L50, F, shiny|100/100\n|-ability|p1a: Calyrex|As One\n|-ability|p1a: Calyrex|Unnerve\n|-weather|SunnyDay|[from] ability: Orichalcum Pulse|[of] p1b: Koraidon\n|-activate|p1b: Koraidon|Orichalcum Pulse|[source]\n|turn|1\n|\n|t:|1768127560\n|switch|p1b: Rillaboom|Rillaboom, L50, M|100/100\n|-fieldstart|move: Grassy Terrain|[from] ability: Grassy Surge|[of] p1b: Rillaboom\n|move|p1a: Calyrex|Protect|p1a: Calyrex\n|-singleturn|p1a: Calyrex|Protect\n|move|p2b: Lilligant|Close Combat|p1a: Calyrex\n|-activate|p1a: Calyrex|move: Protect\n|move|p2a: Jerry|Electroweb|p1b: Rillaboom|[spread] p1b\n|-activate|p1a: Calyrex|move: Protect\n|-resisted|p1b: Rillaboom\n|-damage|p1b: Rillaboom|96/100\n|-unboost|p1b: Rillaboom|spe|1\n|\n|-weather|SunnyDay|[upkeep]\n|-heal|p1b: Rillaboom|100/100|[from] Grassy Terrain\n|upkeep\n|turn|2\n|\n|t:|1768127576\n|switch|p2b: Magneto|Miraidon, L50|100/100\n|-fieldstart|move: Electric Terrain|[from] ability: Hadron Engine|[of] p2b: Magneto\n|-terastallize|p2a: Jerry|Ghost\n|move|p1b: Rillaboom|Fake Out|p2b: Magneto\n|-damage|p2b: Magneto|88/100\n|move|p2a: Jerry|Encore|p1a: Calyrex\n|-start|p1a: Calyrex|Encore\n|move|p1a: Calyrex|Protect||[still]\n|-fail|p1a: Calyrex\n|\n|-weather|SunnyDay|[upkeep]\n|upkeep\n|turn|3\n|\n|t:|1768127596\n|switch|p1a: Amoonguss|Amoonguss, L50, F|100/100\n|move|p2a: Jerry|Fake Tears|p1b: Rillaboom\n|-unboost|p1b: Rillaboom|spd|2\n|move|p2b: Magneto|Volt Switch|p1a: Amoonguss\n|-resisted|p1a: Amoonguss\n|-damage|p1a: Amoonguss|53/100\n|\n|t:|1768127599\n|switch|p2b: Lilligant|Lilligant-Hisui, L50, F, shiny|100/100|[from] Volt Switch\n|move|p1b: Rillaboom|U-turn|p2a: Jerry\n|-resisted|p2a: Jerry\n|-damage|p2a: Jerry|73/100\n|\n|t:|1768127606\n|switch|p1b: Calyrex|Calyrex-Ice, L50|100/100|[from] U-turn\n|-ability|p1b: Calyrex|As One\n|-ability|p1b: Calyrex|Unnerve\n|\n|-weather|SunnyDay|[upkeep]\n|upkeep\n|turn|4\n|\n|t:|1768127614\n|move|p1a: Amoonguss|Rage Powder|p1a: Amoonguss\n|-singleturn|p1a: Amoonguss|move: Rage Powder\n|move|p2a: Jerry|Psychic Noise|p1a: Amoonguss\n|-supereffective|p1a: Amoonguss\n|-damage|p1a: Amoonguss|0 fnt\n|faint|p1a: Amoonguss\n|move|p2b: Lilligant|Coaching|p2a: Jerry\n|-boost|p2a: Jerry|atk|1\n|-boost|p2a: Jerry|def|1\n|move|p1b: Calyrex|Trick Room|p1b: Calyrex\n|-fieldstart|move: Trick Room|[of] p1b: Calyrex\n|\n|-weather|SunnyDay|[upkeep]\n|upkeep\n|\n|t:|1768127623\n|switch|p1a: Rillaboom|Rillaboom, L50, M|100/100\n|-fieldstart|move: Grassy Terrain|[from] ability: Grassy Surge|[of] p1a: Rillaboom\n|turn|5\n|-message|Scaramouche_UwU6 forfeited.\n|\n|win|fogdocker\n|raw|fogdocker's rating: 1250 &rarr; <strong>1267</strong><br />(+17 for winning)\n|raw|Scaramouche_UwU6's rating: 1140 &rarr; <strong>1123</strong><br />(-17 for losing)\n|l|\u2606Scaramouche_UwU6\n|player|p2|\n|l|\u2606fogdocker\n|player|p1|\n","uploadtime":1768128044,"views":22,"formatid":"gen9vgc2026regi","rating":1123,"private":0,"password":null}