{"id":"gen9vgc2026regi-2555852224","format":"[Gen 9] VGC 2026 Reg I","players":["porygon-epilepz","Galact7adi"],"log":"|j|\u2606porygon-epilepz\n|j|\u2606Galact7adi\n|t:|1773145110\n|gametype|doubles\n|player|p1|porygon-epilepz|hiker-gen4|1421\n|player|p2|Galact7adi|102|1430\n|gen|9\n|tier|[Gen 9] VGC 2026 Reg I\n|rated|\n|rule|Species Clause: Limit one of each Pok\u00e9mon\n|rule|Item Clause: Limit 1 of each item\n|clearpoke\n|poke|p1|Lunala, L50|\n|poke|p1|Ursaluna, L50, F|\n|poke|p1|Urshifu-*, L50, M|\n|poke|p1|Miraidon, L50|\n|poke|p1|Grimmsnarl, L50, M|\n|poke|p1|Incineroar, L50, F|\n|poke|p2|Brute Bonnet, L50|\n|poke|p2|Lunala, L50|\n|poke|p2|Ursaluna, L50, M|\n|poke|p2|Chi-Yu, L50|\n|poke|p2|Koraidon, L50|\n|poke|p2|Flutter Mane, L50|\n|teampreview|4\n|inactive|Battle timer is ON: inactive players will automatically lose when time's up. (requested by Galact7adi)\n|inactive|porygon-epilepz has 60 seconds left.\n|inactive|Galact7adi has 60 seconds left.\n|\n|t:|1773145158\n|teamsize|p1|4\n|teamsize|p2|4\n|start\n|switch|p1a: Miraidon|Miraidon, L50|100/100\n|switch|p1b: Grimmsnarl|Grimmsnarl, L50, M|100/100\n|switch|p2a: Flutter Mane|Flutter Mane, L50|100/100\n|switch|p2b: Chi-Yu|Chi-Yu, L50|100/100\n|-ability|p2b: Chi-Yu|Beads of Ruin\n|-fieldstart|move: Electric Terrain|[from] ability: Hadron Engine|[of] p1a: Miraidon\n|turn|1\n|inactive|porygon-epilepz has 30 seconds left.\n|inactive|Galact7adi has 30 seconds left.\n|inactive|Galact7adi has 20 seconds left.\n|\n|t:|1773145197\n|-terastallize|p1a: Miraidon|Electric\n|move|p1b: Grimmsnarl|Light Screen|p1b: Grimmsnarl\n|-sidestart|p1: porygon-epilepz|move: Light Screen\n|move|p2b: Chi-Yu|Snarl|p1a: Miraidon|[spread] p1a,p1b\n|-resisted|p1b: Grimmsnarl\n|-damage|p1a: Miraidon|89/100\n|-damage|p1b: Grimmsnarl|95/100\n|-unboost|p1a: Miraidon|spa|1\n|-unboost|p1b: Grimmsnarl|spa|1\n|move|p2a: Flutter Mane|Moonblast|p1b: Grimmsnarl\n|-supereffective|p1b: Grimmsnarl\n|-crit|p1b: Grimmsnarl\n|-damage|p1b: Grimmsnarl|0 fnt\n|faint|p1b: Grimmsnarl\n|move|p1a: Miraidon|Volt Switch|p2b: Chi-Yu\n|-damage|p2b: Chi-Yu|29/100\n|\n|t:|1773145208\n|switch|p1a: Ursaluna|Ursaluna, L50, F|100/100|[from] Volt Switch\n|\n|-status|p1a: Ursaluna|brn|[from] item: Flame Orb\n|upkeep\n|\n|t:|1773145213\n|switch|p1b: Miraidon|Miraidon, L50, tera:Electric|89/100\n|-activate|p1b: Miraidon|ability: Hadron Engine\n|turn|2\n|\n|t:|1773145227\n|move|p2b: Chi-Yu|Snarl|p1a: Ursaluna|[spread] p1a,p1b\n|-damage|p1a: Ursaluna|82/100 brn\n|-damage|p1b: Miraidon|78/100\n|-unboost|p1a: Ursaluna|spa|1\n|-unboost|p1b: Miraidon|spa|1\n|move|p2a: Flutter Mane|Moonblast|p1b: Miraidon\n|-damage|p1b: Miraidon|52/100\n|move|p1b: Miraidon|Electro Drift|p2a: Flutter Mane\n|-enditem|p2a: Flutter Mane|Focus Sash\n|-damage|p2a: Flutter Mane|1/100\n|move|p1a: Ursaluna|Facade|p2b: Chi-Yu\n|-damage|p2b: Chi-Yu|0 fnt\n|faint|p2b: Chi-Yu\n|\n|-damage|p1a: Ursaluna|76/100 brn|[from] brn\n|upkeep\n|\n|t:|1773145241\n|switch|p2b: Koraidon|Koraidon, L50|100/100\n|-weather|SunnyDay|[from] ability: Orichalcum Pulse|[of] p2b: Koraidon\n|-activate|p2a: Flutter Mane|ability: Protosynthesis\n|-start|p2a: Flutter Mane|protosynthesisspe\n|-activate|p2b: Koraidon|Orichalcum Pulse|[source]\n|turn|3\n|inactive|Galact7adi has 30 seconds left.\n|inactive|Galact7adi has 20 seconds left.\n|inactive|Galact7adi has 15 seconds left.\n|inactive|Galact7adi has 10 seconds left.\n|inactive|Galact7adi has 5 seconds left.\n|\n|t:|1773145292\n|switch|p1a: Lunala|Lunala, L50|100/100\n|-enditem|p1a: Lunala|Electric Seed\n|-boost|p1a: Lunala|def|1|[from] item: Electric Seed\n|-terastallize|p2b: Koraidon|Fire\n|move|p2a: Flutter Mane|Moonblast|p1b: Miraidon\n|-damage|p1b: Miraidon|36/100\n|move|p2b: Koraidon|Flare Blitz|p1a: Lunala\n|-damage|p1a: Lunala|64/100\n|-damage|p2b: Koraidon|84/100|[from] Recoil\n|-damage|p2b: Koraidon|75/100|[from] item: Life Orb\n|move|p1b: Miraidon|Volt Switch|p2a: Flutter Mane\n|-damage|p2a: Flutter Mane|0 fnt\n|faint|p2a: Flutter Mane\n|-end|p2a: Flutter Mane|Protosynthesis|[silent]\n|\n|t:|1773145306\n|switch|p1b: Ursaluna|Ursaluna, L50, F|76/100 brn|[from] Volt Switch\n|\n|-weather|SunnyDay|[upkeep]\n|-damage|p1b: Ursaluna|70/100 brn|[from] brn\n|upkeep\n|\n|t:|1773145308\n|switch|p2a: Lunala|Lunala, L50|100/100\n|turn|4\n|inactive|porygon-epilepz has 30 seconds left.\n|\n|t:|1773145334\n|move|p2b: Koraidon|Close Combat|p1b: Ursaluna\n|-supereffective|p1b: Ursaluna\n|-damage|p1b: Ursaluna|0 fnt\n|-unboost|p2b: Koraidon|def|1\n|-unboost|p2b: Koraidon|spd|1\n|faint|p1b: Ursaluna\n|-damage|p2b: Koraidon|65/100|[from] item: Life Orb\n|move|p1a: Lunala|Moongeist Beam|p2a: Lunala\n|-supereffective|p2a: Lunala\n|-damage|p2a: Lunala|17/100\n|move|p2a: Lunala|Moongeist Beam|p1a: Lunala\n|-supereffective|p1a: Lunala\n|-damage|p1a: Lunala|0 fnt\n|faint|p1a: Lunala\n|\n|-weather|SunnyDay|[upkeep]\n|upkeep\n|\n|t:|1773145338\n|switch|p1b: Miraidon|Miraidon, L50, tera:Electric|36/100\n|-activate|p1b: Miraidon|ability: Hadron Engine\n|turn|5\n|\n|t:|1773145355\n|move|p2b: Koraidon|Flare Blitz|p1b: Miraidon\n|-damage|p1b: Miraidon|0 fnt\n|faint|p1b: Miraidon\n|-damage|p2b: Koraidon|51/100|[from] Recoil\n|-damage|p2b: Koraidon|42/100|[from] item: Life Orb\n|\n|win|Galact7adi\n|raw|porygon-epilepz's rating: 1421 &rarr; <strong>1402</strong><br />(-19 for losing)\n|raw|Galact7adi's rating: 1430 &rarr; <strong>1449</strong><br />(+19 for winning)\n|l|\u2606porygon-epilepz\n|player|p1|\n|l|\u2606Galact7adi\n|player|p2|\n","uploadtime":1773145355,"views":15,"formatid":"gen9vgc2026regi","rating":1402,"private":0,"password":null}