{"id":"gen9vgc2026regi-2555028832","format":"[Gen 9] VGC 2026 Reg I","players":["SycrasisEU","yoyogamingpro"],"log":"|j|\u2606SycrasisEU\n|j|\u2606yoyogamingpro\n|t:|1773047074\n|gametype|doubles\n|player|p1|SycrasisEU|palmer|1154\n|player|p2|yoyogamingpro|steven|1224\n|gen|9\n|tier|[Gen 9] VGC 2026 Reg I\n|rated|\n|rule|Species Clause: Limit one of each Pok\u00e9mon\n|rule|Item Clause: Limit 1 of each item\n|clearpoke\n|poke|p1|Calyrex-Shadow, L50|\n|poke|p1|Incineroar, L50, F|\n|poke|p1|Clefairy, L50, M|\n|poke|p1|Kyogre, L50|\n|poke|p1|Tornadus, L50, M|\n|poke|p1|Tinkaton, L50, F|\n|poke|p2|Rillaboom, L50, F|\n|poke|p2|Zamazenta-*, L50|\n|poke|p2|Tornadus, L50, M|\n|poke|p2|Flutter Mane, L50|\n|poke|p2|Chi-Yu, L50|\n|poke|p2|Koraidon, L50|\n|teampreview|4\n|\n|t:|1773047130\n|teamsize|p1|4\n|teamsize|p2|4\n|start\n|switch|p1a: Calyrex|Calyrex-Shadow, L50|100/100\n|switch|p1b: Tinkaton|Tinkaton, L50, F|100/100\n|switch|p2a: Tornadus|Tornadus, L50, M|100/100\n|switch|p2b: Flutter Mane|Flutter Mane, L50|100/100\n|-ability|p1a: Calyrex|As One\n|-ability|p1a: Calyrex|Unnerve\n|-ability|p1b: Tinkaton|Mold Breaker\n|turn|1\n|\n|t:|1773047152\n|-terastallize|p2b: Flutter Mane|Normal\n|move|p1a: Calyrex|Protect|p1a: Calyrex\n|-singleturn|p1a: Calyrex|Protect\n|move|p2a: Tornadus|Tailwind|p2a: Tornadus\n|-sidestart|p2: yoyogamingpro|move: Tailwind\n|move|p2b: Flutter Mane|Shadow Ball|p1a: Calyrex\n|-activate|p1a: Calyrex|move: Protect\n|move|p1b: Tinkaton|Gigaton Hammer|p2b: Flutter Mane\n|-enditem|p2b: Flutter Mane|Focus Sash\n|-damage|p2b: Flutter Mane|1/100\n|\n|upkeep\n|turn|2\n|\n|t:|1773047209\n|move|p1b: Tinkaton|Feint|p2b: Flutter Mane\n|-damage|p2b: Flutter Mane|0 fnt\n|faint|p2b: Flutter Mane\n|-end|p2b: Flutter Mane|Protosynthesis|[silent]\n|move|p2a: Tornadus|Knock Off|p1a: Calyrex\n|-supereffective|p1a: Calyrex\n|-enditem|p1a: Calyrex|Focus Sash\n|-damage|p1a: Calyrex|1/100\n|move|p1a: Calyrex|Nasty Plot|p1a: Calyrex\n|-boost|p1a: Calyrex|spa|2\n|\n|upkeep\n|\n|t:|1773047227\n|switch|p2b: Chi-Yu|Chi-Yu, L50|100/100\n|-ability|p2b: Chi-Yu|Beads of Ruin\n|turn|3\n|inactive|Battle timer is ON: inactive players will automatically lose when time's up. (requested by SycrasisEU)\n|inactive|SycrasisEU has 60 seconds left.\n|\n|t:|1773047292\n|switch|p2a: Koraidon|Koraidon, L50|100/100\n|-weather|SunnyDay|[from] ability: Orichalcum Pulse|[of] p2a: Koraidon\n|-activate|p2a: Koraidon|Orichalcum Pulse|[source]\n|move|p1a: Calyrex|Protect|p1a: Calyrex\n|-singleturn|p1a: Calyrex|Protect\n|move|p2b: Chi-Yu|Snarl|p1a: Calyrex|[spread] p1b\n|-activate|p1a: Calyrex|move: Protect\n|-resisted|p1b: Tinkaton\n|-damage|p1b: Tinkaton|89/100\n|-unboost|p1b: Tinkaton|spa|1\n|move|p1b: Tinkaton|Knock Off|p2b: Chi-Yu\n|-resisted|p2b: Chi-Yu\n|-damage|p2b: Chi-Yu|81/100\n|-enditem|p2b: Chi-Yu|Choice Scarf|[from] move: Knock Off|[of] p1b: Tinkaton\n|\n|-weather|SunnyDay|[upkeep]\n|upkeep\n|turn|4\n|inactive|SycrasisEU has 30 seconds left.\n|inactive|yoyogamingpro has 30 seconds left.\n|inactive|SycrasisEU has 20 seconds left.\n|inactive|yoyogamingpro has 20 seconds left.\n|inactive|SycrasisEU has 15 seconds left.\n|inactive|SycrasisEU has 10 seconds left.\n|inactive|yoyogamingpro has 15 seconds left.\n|inactive|SycrasisEU has 5 seconds left.\n|inactive|yoyogamingpro has 10 seconds left.\n|\n|t:|1773047346\n|switch|p1b: Kyogre|Kyogre, L50|100/100\n|-weather|RainDance|[from] ability: Drizzle|[of] p1b: Kyogre\n|move|p2a: Koraidon|Flare Blitz|p1b: Kyogre\n|-resisted|p1b: Kyogre\n|-damage|p1b: Kyogre|85/100\n|-status|p1b: Kyogre|brn\n|-damage|p2a: Koraidon|95/100|[from] Recoil\n|-damage|p2a: Koraidon|86/100|[from] item: Life Orb\n|move|p2b: Chi-Yu|Heat Wave|p1b: Kyogre|[spread] p1a\n|-miss|p2b: Chi-Yu|p1b: Kyogre\n|-damage|p1a: Calyrex|0 fnt\n|faint|p1a: Calyrex\n|\n|-weather|RainDance|[upkeep]\n|-damage|p1b: Kyogre|79/100 brn|[from] brn\n|-sideend|p2: yoyogamingpro|move: Tailwind\n|upkeep\n|\n|t:|1773047362\n|switch|p1a: Tornadus|Tornadus, L50, M|100/100\n|turn|5\n|\n|t:|1773047369\n|switch|p2a: Tornadus|Tornadus, L50, M|100/100\n|-terastallize|p1b: Kyogre|Water\n|move|p1b: Kyogre|Water Spout|p2a: Tornadus|[spread] p2a,p2b\n|-supereffective|p2b: Chi-Yu\n|-damage|p2a: Tornadus|0 fnt\n|-damage|p2b: Chi-Yu|0 fnt\n|faint|p2a: Tornadus\n|faint|p2b: Chi-Yu\n|move|p1a: Tornadus|Bleakwind Storm|p2: Tornadus|[notarget]\n|-fail|p1a: Tornadus\n|\n|-weather|RainDance|[upkeep]\n|-damage|p1b: Kyogre|74/100 brn|[from] brn\n|upkeep\n|\n|t:|1773047384\n|switch|p2b: Koraidon|Koraidon, L50|86/100\n|-weather|SunnyDay|[from] ability: Orichalcum Pulse|[of] p2b: Koraidon\n|-activate|p2b: Koraidon|Orichalcum Pulse|[source]\n|turn|6\n|\n|t:|1773047404\n|switch|p1b: Tinkaton|Tinkaton, L50, F|89/100\n|-ability|p1b: Tinkaton|Mold Breaker\n|move|p1a: Tornadus|Tailwind|p1a: Tornadus\n|-sidestart|p1: SycrasisEU|move: Tailwind\n|move|p2b: Koraidon|Close Combat|p1b: Tinkaton\n|-damage|p1b: Tinkaton|0 fnt\n|-unboost|p2b: Koraidon|def|1\n|-unboost|p2b: Koraidon|spd|1\n|faint|p1b: Tinkaton\n|-damage|p2b: Koraidon|76/100|[from] item: Life Orb\n|\n|-weather|SunnyDay|[upkeep]\n|upkeep\n|\n|t:|1773047412\n|switch|p1b: Kyogre|Kyogre, L50, tera:Water|74/100 brn\n|-weather|RainDance|[from] ability: Drizzle|[of] p1b: Kyogre\n|turn|7\n|\n|t:|1773047419\n|move|p1b: Kyogre|Ice Beam|p2b: Koraidon\n|-supereffective|p2b: Koraidon\n|-crit|p2b: Koraidon\n|-damage|p2b: Koraidon|0 fnt\n|faint|p2b: Koraidon\n|\n|win|SycrasisEU\n|raw|SycrasisEU's rating: 1154 &rarr; <strong>1184</strong><br />(+30 for winning)\n|raw|yoyogamingpro's rating: 1224 &rarr; <strong>1194</strong><br />(-30 for losing)\n|l|\u2606yoyogamingpro\n|player|p2|\n|l|\u2606SycrasisEU\n|player|p1|\n","uploadtime":1773047734,"views":14,"formatid":"gen9vgc2026regi","rating":1184,"private":0,"password":null}