{"id":"gen9vgc2026regi-2577404283","format":"[Gen 9] VGC 2026 Reg I","players":["Hazweioh","Mirthinion"],"log":"|j|\u2606Hazweioh\n|j|\u2606Mirthinion\n|t:|1775574346\n|gametype|doubles\n|player|p1|Hazweioh|265|1442\n|player|p2|Mirthinion|janitor|1543\n|gen|9\n|tier|[Gen 9] VGC 2026 Reg I\n|rated|\n|rule|Species Clause: Limit one of each Pok\u00e9mon\n|rule|Item Clause: Limit 1 of each item\n|clearpoke\n|poke|p1|Calyrex-Shadow, L50|\n|poke|p1|Zamazenta-*, L50|\n|poke|p1|Chien-Pao, L50|\n|poke|p1|Dragonite, L50, M|\n|poke|p1|Raging Bolt, L50|\n|poke|p1|Amoonguss, L50, M|\n|poke|p2|Calyrex-Shadow, L50|\n|poke|p2|Zamazenta-*, L50|\n|poke|p2|Urshifu-*, L50, M|\n|poke|p2|Incineroar, L50, M|\n|poke|p2|Rillaboom, L50, M|\n|poke|p2|Tornadus, L50, M|\n|teampreview|4\n|inactive|Battle timer is ON: inactive players will automatically lose when time's up. (requested by Mirthinion)\nMirthinion rejected open team sheets.\n|inactive|Hazweioh has 60 seconds left.\n|inactive|Mirthinion has 60 seconds left.\n|\n|t:|1775574379\n|teamsize|p1|4\n|teamsize|p2|4\n|start\n|switch|p1a: PinkPonyClub|Calyrex-Shadow, L50|100/100\n|switch|p1b: protec|Zamazenta-Crowned, L50|100/100\n|switch|p2a: Wolfgang|Incineroar, L50, M|100/100\n|switch|p2b: Drambor|Zamazenta-Crowned, L50|100/100\n|-ability|p1a: PinkPonyClub|As One\n|-ability|p1a: PinkPonyClub|Unnerve\n|-ability|p2b: Drambor|Dauntless Shield|boost\n|-boost|p2b: Drambor|def|1\n|-ability|p1b: protec|Dauntless Shield|boost\n|-boost|p1b: protec|def|1\n|-ability|p2a: Wolfgang|Intimidate|boost\n|-unboost|p1a: PinkPonyClub|atk|1\n|-unboost|p1b: protec|atk|1\n|turn|1\n|j| EmotionlessPassion\n|inactive|Mirthinion has 30 seconds left.\n|inactive|Mirthinion has 20 seconds left.\n|inactive|Mirthinion has 15 seconds left.\n|inactive|Mirthinion has 10 seconds left.\n|\n|t:|1775574429\n|move|p1a: PinkPonyClub|Protect|p1a: PinkPonyClub\n|-singleturn|p1a: PinkPonyClub|Protect\n|move|p1b: protec|Protect|p1b: protec\n|-singleturn|p1b: protec|Protect\n|move|p2b: Drambor|Body Press|p1b: protec\n|-activate|p1b: protec|move: Protect\n|move|p2a: Wolfgang|Knock Off|p1a: PinkPonyClub\n|-activate|p1a: PinkPonyClub|move: Protect\n|\n|upkeep\n|turn|2\n|inactive|Mirthinion has 30 seconds left.\n|inactive|Mirthinion has 20 seconds left.\n|inactive|Mirthinion has 15 seconds left.\n|\n|t:|1775574469\n|-terastallize|p2a: Wolfgang|Bug\n|move|p1a: PinkPonyClub|Astral Barrage|p2a: Wolfgang|[spread] p2a,p2b\n|-damage|p2a: Wolfgang|64/100\n|-damage|p2b: Drambor|56/100\n|move|p2b: Drambor|Body Press|p1a: PinkPonyClub\n|-immune|p1a: PinkPonyClub\n|move|p1b: protec|Body Press|p2a: Wolfgang\n|-resisted|p2a: Wolfgang\n|-damage|p2a: Wolfgang|31/100\n|move|p2a: Wolfgang|Parting Shot|p1a: PinkPonyClub\n|-unboost|p1a: PinkPonyClub|atk|1\n|-unboost|p1a: PinkPonyClub|spa|1\n|\n|t:|1775574482\n|switch|p2a: Mithrandir|Calyrex-Shadow, L50|100/100|[from] Parting Shot\n|-ability|p2a: Mithrandir|As One\n|-ability|p2a: Mithrandir|Unnerve\n|\n|upkeep\n|turn|3\n|\n|t:|1775574504\n|move|p1a: PinkPonyClub|Protect|p1a: PinkPonyClub\n|-singleturn|p1a: PinkPonyClub|Protect\n|move|p2b: Drambor|Wide Guard|p2b: Drambor\n|-singleturn|p2b: Drambor|Wide Guard\n|move|p2a: Mithrandir|Nasty Plot|p2a: Mithrandir\n|-boost|p2a: Mithrandir|spa|2\n|move|p1b: protec|Body Press|p2b: Drambor\n|-supereffective|p2b: Drambor\n|-damage|p2b: Drambor|0 fnt\n|faint|p2b: Drambor\n|\n|upkeep\n|j| TheEnzo2\n|\n|t:|1775574517\n|switch|p2b: Wolfgang|Incineroar, L50, M, tera:Bug|31/100\n|-ability|p2b: Wolfgang|Intimidate|boost\n|-unboost|p1a: PinkPonyClub|atk|1\n|-unboost|p1b: protec|atk|1\n|turn|4\n|\n|t:|1775574529\n|move|p1b: protec|Protect|p1b: protec\n|-singleturn|p1b: protec|Protect\n|move|p2b: Wolfgang|Fake Out|p1b: protec\n|-activate|p1b: protec|move: Protect\n|move|p2a: Mithrandir|Pollen Puff|p1a: PinkPonyClub\n|-damage|p1a: PinkPonyClub|36/100\n|move|p1a: PinkPonyClub|Astral Barrage|p2b: Wolfgang|[spread] p2a,p2b\n|-supereffective|p2a: Mithrandir\n|-crit|p2a: Mithrandir\n|-enditem|p2a: Mithrandir|Focus Sash\n|-damage|p2a: Mithrandir|1/100\n|-damage|p2b: Wolfgang|5/100\n|\n|upkeep\n|turn|5\n|inactive|Hazweioh has 30 seconds left.\n|inactive|Mirthinion has 30 seconds left.\n|inactive|Hazweioh has 20 seconds left.\n|inactive|Mirthinion has 20 seconds left.\n|inactive|Mirthinion has 15 seconds left.\n|inactive|Mirthinion has 10 seconds left.\n|inactive|Mirthinion has 5 seconds left.\n|\n|t:|1775574579\n|move|p1a: PinkPonyClub|Astral Barrage|p2b: Wolfgang|[spread] p2a,p2b\n|-supereffective|p2a: Mithrandir\n|-damage|p2a: Mithrandir|0 fnt\n|-damage|p2b: Wolfgang|0 fnt\n|faint|p2a: Mithrandir\n|faint|p2b: Wolfgang\n|-ability|p1a: PinkPonyClub|Grim Neigh|boost\n|-boost|p1a: PinkPonyClub|spa|2\n|move|p1b: protec|Body Press|p2: Mithrandir|[notarget]\n|-fail|p1b: protec\n|\n|upkeep\n|\n|t:|1775574590\n|switch|p2b: Hoplite|Rillaboom, L50, M|100/100\n|-fieldstart|move: Grassy Terrain|[from] ability: Grassy Surge|[of] p2b: Hoplite\n|turn|6\n|c|\u2606Hazweioh|Gg\n|\n|t:|1775574598\n|move|p1a: PinkPonyClub|Protect|p1a: PinkPonyClub\n|-singleturn|p1a: PinkPonyClub|Protect\n|move|p1b: protec|Protect|p1b: protec\n|-singleturn|p1b: protec|Protect\n|move|p2b: Hoplite|Grassy Glide|p1a: PinkPonyClub\n|-activate|p1a: PinkPonyClub|move: Protect\n|\n|-heal|p1a: PinkPonyClub|43/100|[from] Grassy Terrain\n|upkeep\n|turn|7\n|\n|t:|1775574609\n|move|p2b: Hoplite|Grassy Glide|p1a: PinkPonyClub\n|-damage|p1a: PinkPonyClub|0 fnt\n|faint|p1a: PinkPonyClub\n|move|p1b: protec|Body Press|p2b: Hoplite\n|-crit|p2b: Hoplite\n|-damage|p2b: Hoplite|0 fnt\n|faint|p2b: Hoplite\n|\n|win|Hazweioh\n|raw|Hazweioh's rating: 1442 &rarr; <strong>1468</strong><br />(+26 for winning)\n|raw|Mirthinion's rating: 1543 &rarr; <strong>1517</strong><br />(-26 for losing)\n|l|\u2606Hazweioh\n|player|p1|\n|c|\u2606Mirthinion|gg\n","uploadtime":1775574618,"views":28,"formatid":"gen9vgc2026regi","rating":1468,"private":0,"password":null}