{"id":"gen9vgc2026regi-2589339915","format":"[Gen 9] VGC 2026 Reg I","players":["Reaper OLykos","Like Texas"],"log":"|j|\u2606Reaper OLykos\n|j|\u2606Like Texas\n|t:|1776715433\n|gametype|doubles\n|player|p1|Reaper OLykos|dawn|1514\n|player|p2|Like Texas|silver-gen2|1519\n|gen|9\n|tier|[Gen 9] VGC 2026 Reg I\n|rated|\n|rule|Species Clause: Limit one of each Pok\u00e9mon\n|rule|Item Clause: Limit 1 of each item\n|clearpoke\n|poke|p1|Urshifu-*, L50, M|\n|poke|p1|Calyrex-Ice, L50|\n|poke|p1|Tornadus, L50, M|\n|poke|p1|Landorus, L50, M|\n|poke|p1|Rillaboom, L50, F|\n|poke|p1|Kyogre, L50|\n|poke|p2|Dragonite, L50, M|\n|poke|p2|Chien-Pao, L50|\n|poke|p2|Zamazenta-*, L50|\n|poke|p2|Incineroar, L50, M|\n|poke|p2|Volcarona, L50, M|\n|poke|p2|Miraidon, L50|\n|teampreview|4\n|inactive|Battle timer is ON: inactive players will automatically lose when time's up. (requested by Like Texas)\n|\n|t:|1776715452\n|teamsize|p1|4\n|teamsize|p2|4\n|start\n|switch|p1a: Victra|Kyogre, L50|100/100\n|switch|p1b: Roque|Landorus, L50, M|100/100\n|switch|p2a: Chien-Pao|Chien-Pao, L50, shiny|100/100\n|switch|p2b: Dragonite|Dragonite, L50, M, shiny|100/100\n|-ability|p2a: Chien-Pao|Sword of Ruin\n|-weather|RainDance|[from] ability: Drizzle|[of] p1a: Victra\n|turn|1\n|inactive|Like Texas has 30 seconds left.\n|\n|t:|1776715481\n|switch|p1b: Mustang|Calyrex-Ice, L50|100/100\n|-ability|p1b: Mustang|As One\n|-ability|p1b: Mustang|Unnerve\n|switch|p1a: Darrow|Rillaboom, L50, F|100/100\n|-fieldstart|move: Grassy Terrain|[from] ability: Grassy Surge|[of] p1a: Darrow\n|move|p2b: Dragonite|Extreme Speed|p1a: Darrow\n|-damage|p1a: Darrow|44/100\n|move|p2a: Chien-Pao|Icicle Crash|p1b: Mustang\n|-resisted|p1b: Mustang\n|-crit|p1b: Mustang\n|-damage|p1b: Mustang|71/100\n|\n|-weather|RainDance|[upkeep]\n|-heal|p1a: Darrow|50/100|[from] Grassy Terrain\n|-heal|p1b: Mustang|77/100|[from] Grassy Terrain\n|-heal|p1b: Mustang|83/100|[from] item: Leftovers\n|upkeep\n|turn|2\n|j| Jdca\n|inactive|Like Texas has 30 seconds left.\n|\n|t:|1776715513\n|-terastallize|p2b: Dragonite|Normal\n|move|p2a: Chien-Pao|Protect|p2a: Chien-Pao\n|-singleturn|p2a: Chien-Pao|Protect\n|move|p1a: Darrow|Fake Out|p2a: Chien-Pao\n|-activate|p2a: Chien-Pao|move: Protect\n|move|p2b: Dragonite|Extreme Speed|p1b: Mustang\n|-damage|p1b: Mustang|24/100\n|move|p1b: Mustang|Glacial Lance|p2b: Dragonite|[spread] p2b\n|-activate|p2a: Chien-Pao|move: Protect\n|-damage|p2b: Dragonite|31/100\n|\n|-weather|RainDance|[upkeep]\n|-heal|p1a: Darrow|56/100|[from] Grassy Terrain\n|-heal|p2b: Dragonite|37/100|[from] Grassy Terrain\n|-heal|p1b: Mustang|30/100|[from] Grassy Terrain\n|-heal|p1b: Mustang|36/100|[from] item: Leftovers\n|upkeep\n|turn|3\n|inactive|Like Texas has 30 seconds left.\n|\n|t:|1776715540\n|-terastallize|p1b: Mustang|Water\n|move|p2b: Dragonite|Extreme Speed|p1b: Mustang\n|-damage|p1b: Mustang|0 fnt\n|faint|p1b: Mustang\n|move|p1a: Darrow|Grassy Glide|p2b: Dragonite\n|-damage|p2b: Dragonite|0 fnt\n|faint|p2b: Dragonite\n|move|p2a: Chien-Pao|Icicle Crash|p1a: Darrow\n|-supereffective|p1a: Darrow\n|-damage|p1a: Darrow|0 fnt\n|faint|p1a: Darrow\n|\n|-weather|RainDance|[upkeep]\n|upkeep\n|\n|t:|1776715563\n|switch|p1a: Victra|Kyogre, L50|100/100\n|switch|p2b: Miraidon|Miraidon, L50, shiny|100/100\n|switch|p1b: Roque|Landorus, L50, M|100/100\n|-fieldstart|move: Electric Terrain|[from] ability: Hadron Engine|[of] p2b: Miraidon\n|turn|4\n|\n|t:|1776715584\n|move|p1a: Victra|Protect|p1a: Victra\n|-singleturn|p1a: Victra|Protect\n|move|p2b: Miraidon|Electro Drift|p1a: Victra\n|-activate|p1a: Victra|move: Protect\n|move|p2a: Chien-Pao|Icicle Crash|p1b: Roque\n|-supereffective|p1b: Roque\n|-damage|p1b: Roque|0 fnt\n|faint|p1b: Roque\n|\n|-weather|RainDance|[upkeep]\n|upkeep\n|turn|5\n|-message|Reaper OLykos forfeited.\n|\n|win|Like Texas\n|raw|Reaper OLykos's rating: 1514 &rarr; <strong>1494</strong><br />(-20 for losing)\n|raw|Like Texas's rating: 1519 &rarr; <strong>1539</strong><br />(+20 for winning)\n|l|\u2606Reaper OLykos\n|player|p1|\n|l|\u2606Like Texas\n|player|p2|\n","uploadtime":1776715601,"views":10,"formatid":"gen9vgc2026regi","rating":1494,"private":0,"password":null}