{"id":"gen9vgc2026regi-2573075757","format":"[Gen 9] VGC 2026 Reg I","players":["jj11j1","bichboyinc"],"log":"|j|\u2606jj11j1\n|j|\u2606bichboyinc\n|t:|1775088163\n|gametype|doubles\n|player|p1|jj11j1|169|1302\n|player|p2|bichboyinc|266|1230\n|gen|9\n|tier|[Gen 9] VGC 2026 Reg I\n|rated|\n|rule|Species Clause: Limit one of each Pok\u00e9mon\n|rule|Item Clause: Limit 1 of each item\n|clearpoke\n|poke|p1|Kyogre, L50|\n|poke|p1|Calyrex-Shadow, L50|\n|poke|p1|Landorus, L50, M|\n|poke|p1|Indeedee-F, L50, F|\n|poke|p1|Whimsicott, L50, M|\n|poke|p1|Flutter Mane, L50|\n|poke|p2|Lunala, L50|\n|poke|p2|Amoonguss, L50, M|\n|poke|p2|Bronzong, L50|\n|poke|p2|Urshifu-*, L50, M|\n|poke|p2|Whimsicott, L50, M|\n|poke|p2|Calyrex-Ice, L50|\n|teampreview|4\n|\n|t:|1775088183\n|teamsize|p1|4\n|teamsize|p2|4\n|start\n|switch|p1a: Kyogre|Kyogre, L50|100/100\n|switch|p1b: Calyrex|Calyrex-Shadow, L50|100/100\n|switch|p2a: Urshifu|Urshifu, L50, M|100/100\n|switch|p2b: Whimsicott|Whimsicott, L50, M|100/100\n|-ability|p1b: Calyrex|As One\n|-ability|p1b: Calyrex|Unnerve\n|-weather|RainDance|[from] ability: Drizzle|[of] p1a: Kyogre\n|turn|1\n|inactive|Battle timer is ON: inactive players will automatically lose when time's up. (requested by jj11j1)\n|\n|t:|1775088204\n|switch|p1b: Whimsicott|Whimsicott, L50, M|100/100\n|move|p2b: Whimsicott|Tailwind|p2b: Whimsicott\n|-sidestart|p2: bichboyinc|move: Tailwind\n|move|p2a: Urshifu|Wicked Blow|p1b: Whimsicott\n|-resisted|p1b: Whimsicott\n|-crit|p1b: Whimsicott\n|-damage|p1b: Whimsicott|45/100\n|-damage|p2a: Urshifu|90/100|[from] item: Life Orb\n|move|p1a: Kyogre|Water Spout|p2a: Urshifu|[spread] p2a,p2b\n|-resisted|p2b: Whimsicott\n|-damage|p2a: Urshifu|0 fnt\n|-damage|p2b: Whimsicott|25/100\n|faint|p2a: Urshifu\n|\n|-weather|RainDance|[upkeep]\n|upkeep\n|\n|t:|1775088209\n|switch|p2a: Lunala|Lunala, L50|100/100\n|turn|2\n|\n|t:|1775088233\n|-terastallize|p2a: Lunala|Fairy\n|move|p2b: Whimsicott|Taunt|p1b: Whimsicott\n|-start|p1b: Whimsicott|move: Taunt\n|cant|p1b: Whimsicott|move: Taunt|Switcheroo\n|move|p2a: Lunala|Dazzling Gleam|p1a: Kyogre|[spread] p1a,p1b\n|-damage|p1a: Kyogre|79/100\n|-damage|p1b: Whimsicott|0 fnt\n|faint|p1b: Whimsicott\n|move|p1a: Kyogre|Hydro Pump|p2a: Lunala\n|-damage|p2a: Lunala|63/100\n|\n|-weather|RainDance|[upkeep]\n|upkeep\n|\n|t:|1775088249\n|switch|p1b: Flutter Mane|Flutter Mane, L50|100/100\n|-enditem|p1b: Flutter Mane|Booster Energy\n|-activate|p1b: Flutter Mane|ability: Protosynthesis|[fromitem]\n|-start|p1b: Flutter Mane|protosynthesisspe\n|turn|3\n|\n|t:|1775088264\n|move|p2b: Whimsicott|Energy Ball|p1a: Kyogre\n|-supereffective|p1a: Kyogre\n|-damage|p1a: Kyogre|43/100\n|move|p1b: Flutter Mane|Icy Wind|p2a: Lunala|[spread] p2a,p2b\n|-supereffective|p2b: Whimsicott\n|-damage|p2a: Lunala|53/100\n|-damage|p2b: Whimsicott|0 fnt\n|-unboost|p2a: Lunala|spe|1\n|faint|p2b: Whimsicott\n|move|p2a: Lunala|Moongeist Beam|p1b: Flutter Mane\n|-supereffective|p1b: Flutter Mane\n|-damage|p1b: Flutter Mane|0 fnt\n|faint|p1b: Flutter Mane\n|-end|p1b: Flutter Mane|Protosynthesis|[silent]\n|move|p1a: Kyogre|Hydro Pump|p2a: Lunala\n|-damage|p2a: Lunala|0 fnt\n|faint|p2a: Lunala\n|\n|-weather|RainDance|[upkeep]\n|upkeep\n|\n|t:|1775088284\n|switch|p1b: Calyrex|Calyrex-Shadow, L50|100/100\n|switch|p2b: Calyrex|Calyrex-Ice, L50|100/100\n|-ability|p1b: Calyrex|As One\n|-ability|p1b: Calyrex|Unnerve\n|-ability|p2b: Calyrex|As One\n|-ability|p2b: Calyrex|Unnerve\n|turn|4\n|\n|t:|1775088295\n|move|p1b: Calyrex|Protect|p1b: Calyrex\n|-singleturn|p1b: Calyrex|Protect\n|move|p1a: Kyogre|Protect|p1a: Kyogre\n|-singleturn|p1a: Kyogre|Protect\n|move|p2b: Calyrex|Glacial Lance|p1a: Kyogre|[spread] \n|-activate|p1a: Kyogre|move: Protect\n|-activate|p1b: Calyrex|move: Protect\n|\n|-weather|RainDance|[upkeep]\n|-sideend|p2: bichboyinc|move: Tailwind\n|upkeep\n|turn|5\n|inactive|jj11j1 has 30 seconds left.\n|\n|t:|1775088323\n|move|p1b: Calyrex|Astral Barrage|p2b: Calyrex\n|-supereffective|p2b: Calyrex\n|-damage|p2b: Calyrex|2/100\n|move|p2b: Calyrex|Glacial Lance|p1b: Calyrex|[spread] p1a,p1b\n|-resisted|p1a: Kyogre\n|-damage|p1a: Kyogre|15/100\n|-damage|p1b: Calyrex|24/100\n|move|p1a: Kyogre|Hydro Pump|p2b: Calyrex\n|-damage|p2b: Calyrex|0 fnt\n|faint|p2b: Calyrex\n|\n|win|jj11j1\n|raw|jj11j1's rating: 1302 &rarr; <strong>1318</strong><br />(+16 for winning)\n|raw|bichboyinc's rating: 1230 &rarr; <strong>1210</strong><br />(-20 for losing)\n|l|\u2606jj11j1\n|player|p1|\n|l|\u2606bichboyinc\n|player|p2|\n","uploadtime":1775088575,"views":13,"formatid":"gen9vgc2026regi","rating":1210,"private":0,"password":null}