{"id":"gen9vgc2026regi-2551877746","format":"[Gen 9] VGC 2026 Reg I","players":["ConnerTEP","drive stone"],"log":"|j|\u2606ConnerTEP\n|j|\u2606drive stone\n|t:|1772652807\n|gametype|doubles\n|player|p1|ConnerTEP|acerola-masters2|1618\n|player|p2|drive stone|cilan|1499\n|gen|9\n|tier|[Gen 9] VGC 2026 Reg I\n|rated|\n|rule|Species Clause: Limit one of each Pok\u00e9mon\n|rule|Item Clause: Limit 1 of each item\n|clearpoke\n|poke|p1|Groudon, L50|\n|poke|p1|Zacian-*, L50|\n|poke|p1|Chien-Pao, L50|\n|poke|p1|Volcarona, L50, F|\n|poke|p1|Raging Bolt, L50|\n|poke|p1|Walking Wake, L50|\n|poke|p2|Rayquaza, L50|\n|poke|p2|Zacian-*, L50|\n|poke|p2|Annihilape, L50, F|\n|poke|p2|Farigiraf, L50, M|\n|poke|p2|Chien-Pao, L50|\n|poke|p2|Volcarona, L50, F|\n|teampreview|4\n|inactive|Battle timer is ON: inactive players will automatically lose when time's up. (requested by ConnerTEP)\n|inactive|drive stone has 60 seconds left.\n|\n|t:|1772652843\n|teamsize|p1|4\n|teamsize|p2|4\n|start\n|switch|p1a: Groudon|Groudon, L50|100/100\n|switch|p1b: Volcarona|Volcarona, L50, F|100/100\n|switch|p2a: Rayquaza|Rayquaza, L50|100/100\n|switch|p2b: Volcarona|Volcarona, L50, F|100/100\n|-ability|p2a: Rayquaza|Air Lock\n|-weather|SunnyDay|[from] ability: Drought|[of] p1a: Groudon\n|turn|1\n|\n|t:|1772652858\n|-terastallize|p1a: Groudon|Fire\n|move|p2b: Volcarona|Will-O-Wisp|p1a: Groudon\n|-immune|p1a: Groudon\n|move|p1b: Volcarona|Tailwind|p1b: Volcarona\n|-sidestart|p1: ConnerTEP|move: Tailwind\n|move|p1a: Groudon|Heat Crash|p2b: Volcarona\n|-damage|p2b: Volcarona|30/100\n|-damage|p1a: Groudon|84/100|[from] item: Rocky Helmet|[of] p2b: Volcarona\n|move|p2a: Rayquaza|Swords Dance|p2a: Rayquaza\n|-boost|p2a: Rayquaza|atk|2\n|\n|-weather|SunnyDay|[upkeep]\n|upkeep\n|turn|2\n|inactive|drive stone has 30 seconds left.\n|\n|t:|1772652883\n|move|p2b: Volcarona|Protect|p2b: Volcarona\n|-singleturn|p2b: Volcarona|Protect\n|move|p2a: Rayquaza|Protect|p2a: Rayquaza\n|-singleturn|p2a: Rayquaza|Protect\n|move|p1b: Volcarona|Overheat|p2b: Volcarona\n|-activate|p2b: Volcarona|move: Protect\n|move|p1a: Groudon|Will-O-Wisp|p2a: Rayquaza\n|-activate|p2a: Rayquaza|move: Protect\n|\n|-weather|SunnyDay|[upkeep]\n|upkeep\n|turn|3\n|\n|t:|1772652908\n|-terastallize|p2a: Rayquaza|Normal\n|move|p1b: Volcarona|Rage Powder|p1b: Volcarona\n|-singleturn|p1b: Volcarona|move: Rage Powder\n|move|p2b: Volcarona|Rage Powder|p2b: Volcarona\n|-singleturn|p2b: Volcarona|move: Rage Powder\n|move|p2a: Rayquaza|Extreme Speed|p1b: Volcarona\n|-damage|p1b: Volcarona|0 fnt\n|-status|p2a: Rayquaza|brn|[from] ability: Flame Body|[of] p1b: Volcarona\n|faint|p1b: Volcarona\n|-damage|p2a: Rayquaza|91/100 brn|[from] item: Life Orb\n|move|p1a: Groudon|Precipice Blades|p2a: Rayquaza|[spread] p2a,p2b\n|-damage|p2a: Rayquaza|36/100 brn\n|-damage|p2b: Volcarona|0 fnt\n|faint|p2b: Volcarona\n|\n|-weather|SunnyDay|[upkeep]\n|-damage|p2a: Rayquaza|31/100 brn|[from] brn\n|upkeep\n|\n|t:|1772652927\n|switch|p2b: Chien-Pao|Chien-Pao, L50|100/100\n|switch|p1b: Chien-Pao|Chien-Pao, L50|100/100\n|-ability|p1b: Chien-Pao|Sword of Ruin\n|-ability|p2b: Chien-Pao|Sword of Ruin\n|turn|4\n|\n|t:|1772652950\n|move|p2b: Chien-Pao|Protect|p2b: Chien-Pao\n|-singleturn|p2b: Chien-Pao|Protect\n|move|p2a: Rayquaza|Protect|p2a: Rayquaza\n|-singleturn|p2a: Rayquaza|Protect\n|move|p1b: Chien-Pao|Throat Chop|p2a: Rayquaza\n|-activate|p2a: Rayquaza|move: Protect\n|move|p1a: Groudon|Heat Crash|p2b: Chien-Pao\n|-activate|p2b: Chien-Pao|move: Protect\n|\n|-weather|SunnyDay|[upkeep]\n|-damage|p2a: Rayquaza|25/100 brn|[from] brn\n|-sideend|p1: ConnerTEP|move: Tailwind\n|upkeep\n|turn|5\n|inactive|ConnerTEP has 30 seconds left.\n|inactive|ConnerTEP has 20 seconds left.\n|\n|t:|1772652986\n|switch|p1a: Zacian|Zacian-Crowned, L50|100/100\n|-ability|p1a: Zacian|Intrepid Sword|boost\n|-boost|p1a: Zacian|atk|1\n|move|p2a: Rayquaza|Extreme Speed|p1a: Zacian\n|-resisted|p1a: Zacian\n|-damage|p1a: Zacian|64/100\n|-damage|p2a: Rayquaza|15/100 brn|[from] item: Life Orb\n|move|p2b: Chien-Pao|Crunch|p1a: Zacian\n|-resisted|p1a: Zacian\n|-damage|p1a: Zacian|42/100\n|-unboost|p1a: Zacian|def|1\n|move|p1b: Chien-Pao|Throat Chop|p2a: Rayquaza\n|-damage|p2a: Rayquaza|0 fnt\n|faint|p2a: Rayquaza\n|\n|-weather|none\n|upkeep\n|\n|t:|1772653004\n|switch|p2a: Zacian|Zacian-Crowned, L50|100/100\n|-ability|p2a: Zacian|Intrepid Sword|boost\n|-boost|p2a: Zacian|atk|1\n|turn|6\n|\n|t:|1772653027\n|move|p2a: Zacian|Behemoth Blade|p1a: Zacian\n|-damage|p1a: Zacian|0 fnt\n|faint|p1a: Zacian\n|move|p2b: Chien-Pao|Crunch|p1b: Chien-Pao\n|-resisted|p1b: Chien-Pao\n|-damage|p1b: Chien-Pao|73/100\n|move|p1b: Chien-Pao|Ice Spinner|p2b: Chien-Pao\n|-resisted|p2b: Chien-Pao\n|-damage|p2b: Chien-Pao|70/100\n|\n|upkeep\n|\n|t:|1772653035\n|switch|p1a: Groudon|Groudon, L50, tera:Fire|84/100\n|-weather|SunnyDay|[from] ability: Drought|[of] p1a: Groudon\n|turn|7\n|\n|t:|1772653049\n|move|p1a: Groudon|Protect|p1a: Groudon\n|-singleturn|p1a: Groudon|Protect\n|move|p2a: Zacian|Sacred Sword|p1a: Groudon\n|-activate|p1a: Groudon|move: Protect\n|move|p2b: Chien-Pao|Crunch|p1a: Groudon\n|-activate|p1a: Groudon|move: Protect\n|move|p1b: Chien-Pao|Ice Spinner|p2b: Chien-Pao\n|-resisted|p2b: Chien-Pao\n|-damage|p2b: Chien-Pao|39/100\n|\n|-weather|SunnyDay|[upkeep]\n|upkeep\n|turn|8\n|\n|t:|1772653062\n|move|p2a: Zacian|Sacred Sword|p1a: Groudon\n|-damage|p1a: Groudon|41/100\n|move|p2b: Chien-Pao|Crunch|p1a: Groudon\n|-damage|p1a: Groudon|5/100\n|move|p1b: Chien-Pao|Ice Spinner|p2b: Chien-Pao\n|-resisted|p2b: Chien-Pao\n|-crit|p2b: Chien-Pao\n|-damage|p2b: Chien-Pao|0 fnt\n|faint|p2b: Chien-Pao\n|move|p1a: Groudon|Precipice Blades|p2a: Zacian|[miss]\n|-miss|p1a: Groudon|p2a: Zacian\n|\n|-weather|SunnyDay|[upkeep]\n|upkeep\n|turn|9\n|inactive|drive stone has 30 seconds left.\n|c|\u2606ConnerTEP|welp\n|c|\u2606ConnerTEP|gg\n|\n|t:|1772653091\n|move|p2a: Zacian|Protect|p2a: Zacian\n|-singleturn|p2a: Zacian|Protect\n|move|p1a: Groudon|Protect|p1a: Groudon\n|-singleturn|p1a: Groudon|Protect\n|move|p1b: Chien-Pao|Ice Spinner|p2a: Zacian\n|-activate|p2a: Zacian|move: Protect\n|\n|-weather|SunnyDay|[upkeep]\n|upkeep\n|turn|10\n|\n|t:|1772653100\n|move|p1a: Groudon|Protect||[still]\n|-fail|p1a: Groudon\n|move|p2a: Zacian|Sacred Sword|p1a: Groudon\n|-damage|p1a: Groudon|0 fnt\n|faint|p1a: Groudon\n|move|p1b: Chien-Pao|Ice Spinner|p2a: Zacian\n|-resisted|p2a: Zacian\n|-damage|p2a: Zacian|76/100\n|\n|-weather|SunnyDay|[upkeep]\n|upkeep\n|turn|11\n|-message|ConnerTEP forfeited.\n|\n|win|drive stone\n|raw|ConnerTEP's rating: 1618 &rarr; <strong>1591</strong><br />(-27 for losing)\n|raw|drive stone's rating: 1499 &rarr; <strong>1526</strong><br />(+27 for winning)\n|l|\u2606ConnerTEP\n|player|p1|\n|l|\u2606drive stone\n|player|p2|\n","uploadtime":1772653358,"views":23,"formatid":"gen9vgc2026regi","rating":1526,"private":0,"password":null}