{"id":"gen9vgc2026regi-2536542866","format":"[Gen 9] VGC 2026 Reg I","players":["emmmmmmn","blackred123"],"log":"|j|\u2606emmmmmmn\n|j|\u2606blackred123\n|t:|1770702412\n|gametype|doubles\n|player|p1|emmmmmmn|dawn-gen4pt|1275\n|player|p2|blackred123|iono-masters|1326\n|gen|9\n|tier|[Gen 9] VGC 2026 Reg I\n|rated|\n|rule|Species Clause: Limit one of each Pok\u00e9mon\n|rule|Item Clause: Limit 1 of each item\n|clearpoke\n|poke|p1|Indeedee-F, L50, F|\n|poke|p1|Smeargle, L50, F|\n|poke|p1|Urshifu-*, L50, M|\n|poke|p1|Calyrex-Ice, L50|\n|poke|p1|Lunala, L50|\n|poke|p1|Torkoal, L50, M|\n|poke|p2|Calyrex-Shadow, L50|\n|poke|p2|Zamazenta-*, L50|\n|poke|p2|Incineroar, L50, F|\n|poke|p2|Rillaboom, L50, M|\n|poke|p2|Ogerpon-Cornerstone, L50, F|\n|poke|p2|Tornadus, L50, M|\n|teampreview|4\n|inactive|Battle timer is ON: inactive players will automatically lose when time's up. (requested by blackred123)\n|\n|t:|1770702431\n|teamsize|p1|4\n|teamsize|p2|4\n|start\n|switch|p1a: \u6211\u8981\u9a91\u4f60\u4e86|Calyrex-Ice, L50|100/100\n|switch|p1b: \u53a8\u795e\u72ac|Smeargle, L50, F|100/100\n|switch|p2a: \u54c7\u8884\uff08\u72d7\u53eb\u58f0\uff09|Zamazenta-Crowned, L50|100/100\n|switch|p2b: \u5e05otto\u5e05|Incineroar, L50, F|100/100\n|-ability|p1a: \u6211\u8981\u9a91\u4f60\u4e86|As One\n|-ability|p1a: \u6211\u8981\u9a91\u4f60\u4e86|Unnerve\n|-ability|p2a: \u54c7\u8884\uff08\u72d7\u53eb\u58f0\uff09|Dauntless Shield|boost\n|-boost|p2a: \u54c7\u8884\uff08\u72d7\u53eb\u58f0\uff09|def|1\n|-ability|p2b: \u5e05otto\u5e05|Intimidate|boost\n|-fail|p1a: \u6211\u8981\u9a91\u4f60\u4e86|unboost|[from] item: Clear Amulet|[of] p1a: \u6211\u8981\u9a91\u4f60\u4e86\n|-unboost|p1b: \u53a8\u795e\u72ac|atk|1\n|turn|1\n|\n|t:|1770702442\n|switch|p1a: \u7231\u9e7f\u7ba1|Indeedee-F, L50, F|100/100\n|-fieldstart|move: Psychic Terrain|[from] ability: Psychic Surge|[of] p1a: \u7231\u9e7f\u7ba1\n|move|p2a: \u54c7\u8884\uff08\u72d7\u53eb\u58f0\uff09|Body Press|p1b: \u53a8\u795e\u72ac\n|-supereffective|p1b: \u53a8\u795e\u72ac\n|-enditem|p1b: \u53a8\u795e\u72ac|Focus Sash\n|-damage|p1b: \u53a8\u795e\u72ac|1/100\n|move|p1b: \u53a8\u795e\u72ac|Spore|p2a: \u54c7\u8884\uff08\u72d7\u53eb\u58f0\uff09\n|-status|p2a: \u54c7\u8884\uff08\u72d7\u53eb\u58f0\uff09|slp|[from] move: Spore\n|move|p2b: \u5e05otto\u5e05|Taunt|p1a: \u7231\u9e7f\u7ba1\n|-start|p1a: \u7231\u9e7f\u7ba1|move: Taunt\n|\n|-ability|p1b: \u53a8\u795e\u72ac|Moody|boost\n|-boost|p1b: \u53a8\u795e\u72ac|atk|2\n|-unboost|p1b: \u53a8\u795e\u72ac|spa|1\n|upkeep\n|turn|2\n|\n|t:|1770702465\n|switch|p1a: \u6211\u8981\u9a91\u4f60\u4e86|Calyrex-Ice, L50|100/100\n|-ability|p1a: \u6211\u8981\u9a91\u4f60\u4e86|As One\n|-ability|p1a: \u6211\u8981\u9a91\u4f60\u4e86|Unnerve\n|switch|p2b: \u90a3\u6211\u7f3a\u7684\u8425\u517b\u8fd9\u5757\u8c01\u7ed9\u6211\u8865\u554a\uff08\u6307\u8349\u573a\uff09|Rillaboom, L50, M|100/100\n|-fieldstart|move: Grassy Terrain|[from] ability: Grassy Surge|[of] p2b: \u90a3\u6211\u7f3a\u7684\u8425\u517b\u8fd9\u5757\u8c01\u7ed9\u6211\u8865\u554a\uff08\u6307\u8349\u573a\uff09\n|cant|p2a: \u54c7\u8884\uff08\u72d7\u53eb\u58f0\uff09|slp\n|move|p1b: \u53a8\u795e\u72ac|Spore|p2b: \u90a3\u6211\u7f3a\u7684\u8425\u517b\u8fd9\u5757\u8c01\u7ed9\u6211\u8865\u554a\uff08\u6307\u8349\u573a\uff09\n|-immune|p2b: \u90a3\u6211\u7f3a\u7684\u8425\u517b\u8fd9\u5757\u8c01\u7ed9\u6211\u8865\u554a\uff08\u6307\u8349\u573a\uff09\n|\n|-heal|p1b: \u53a8\u795e\u72ac|7/100|[from] Grassy Terrain\n|-ability|p1b: \u53a8\u795e\u72ac|Moody|boost\n|-boost|p1b: \u53a8\u795e\u72ac|spa|2\n|-unboost|p1b: \u53a8\u795e\u72ac|spd|1\n|upkeep\n|turn|3\n|\n|t:|1770702481\n|switch|p1b: \u7231\u9e7f\u7ba1|Indeedee-F, L50, F|100/100\n|-fieldstart|move: Psychic Terrain|[from] ability: Psychic Surge|[of] p1b: \u7231\u9e7f\u7ba1\n|switch|p2b: \u5e05otto\u5e05|Incineroar, L50, F|100/100\n|-ability|p2b: \u5e05otto\u5e05|Intimidate|boost\n|-fail|p1a: \u6211\u8981\u9a91\u4f60\u4e86|unboost|[from] item: Clear Amulet|[of] p1a: \u6211\u8981\u9a91\u4f60\u4e86\n|-unboost|p1b: \u7231\u9e7f\u7ba1|atk|1\n|cant|p2a: \u54c7\u8884\uff08\u72d7\u53eb\u58f0\uff09|slp\n|move|p1a: \u6211\u8981\u9a91\u4f60\u4e86|Trick Room|p1a: \u6211\u8981\u9a91\u4f60\u4e86\n|-fieldstart|move: Trick Room|[of] p1a: \u6211\u8981\u9a91\u4f60\u4e86\n|\n|upkeep\n|turn|4\n|\n|t:|1770702502\n|move|p1b: \u7231\u9e7f\u7ba1|Follow Me|p1b: \u7231\u9e7f\u7ba1\n|-singleturn|p1b: \u7231\u9e7f\u7ba1|move: Follow Me\n|move|p1a: \u6211\u8981\u9a91\u4f60\u4e86|High Horsepower|p2b: \u5e05otto\u5e05\n|-supereffective|p2b: \u5e05otto\u5e05\n|-damage|p2b: \u5e05otto\u5e05|42/100\n|-damage|p1a: \u6211\u8981\u9a91\u4f60\u4e86|84/100|[from] item: Rocky Helmet|[of] p2b: \u5e05otto\u5e05\n|move|p2b: \u5e05otto\u5e05|Knock Off|p1b: \u7231\u9e7f\u7ba1\n|-supereffective|p1b: \u7231\u9e7f\u7ba1\n|-damage|p1b: \u7231\u9e7f\u7ba1|29/100\n|-damage|p2b: \u5e05otto\u5e05|26/100|[from] item: Rocky Helmet|[of] p1b: \u7231\u9e7f\u7ba1\n|-enditem|p1b: \u7231\u9e7f\u7ba1|Rocky Helmet|[from] move: Knock Off|[of] p2b: \u5e05otto\u5e05\n|-curestatus|p2a: \u54c7\u8884\uff08\u72d7\u53eb\u58f0\uff09|slp|[msg]\n|move|p2a: \u54c7\u8884\uff08\u72d7\u53eb\u58f0\uff09|Body Press|p1b: \u7231\u9e7f\u7ba1\n|-damage|p1b: \u7231\u9e7f\u7ba1|0 fnt\n|faint|p1b: \u7231\u9e7f\u7ba1\n|\n|upkeep\n|\n|t:|1770702511\n|switch|p1b: \u5192\u6c14\u7684\u5b54|Torkoal, L50, M|100/100\n|-weather|SunnyDay|[from] ability: Drought|[of] p1b: \u5192\u6c14\u7684\u5b54\n|turn|5\n|\n|t:|1770702527\n|-terastallize|p1b: \u5192\u6c14\u7684\u5b54|Fire\n|move|p2a: \u54c7\u8884\uff08\u72d7\u53eb\u58f0\uff09|Protect|p2a: \u54c7\u8884\uff08\u72d7\u53eb\u58f0\uff09\n|-singleturn|p2a: \u54c7\u8884\uff08\u72d7\u53eb\u58f0\uff09|Protect\n|move|p1b: \u5192\u6c14\u7684\u5b54|Weather Ball|p2a: \u54c7\u8884\uff08\u72d7\u53eb\u58f0\uff09\n|-activate|p2a: \u54c7\u8884\uff08\u72d7\u53eb\u58f0\uff09|move: Protect\n|move|p1a: \u6211\u8981\u9a91\u4f60\u4e86|High Horsepower|p2b: \u5e05otto\u5e05\n|-supereffective|p2b: \u5e05otto\u5e05\n|-damage|p2b: \u5e05otto\u5e05|0 fnt\n|-damage|p1a: \u6211\u8981\u9a91\u4f60\u4e86|67/100|[from] item: Rocky Helmet|[of] p2b: \u5e05otto\u5e05\n|faint|p2b: \u5e05otto\u5e05\n|-ability|p1a: \u6211\u8981\u9a91\u4f60\u4e86|Chilling Neigh|boost\n|-boost|p1a: \u6211\u8981\u9a91\u4f60\u4e86|atk|1\n|\n|-weather|SunnyDay|[upkeep]\n|upkeep\n|\n|t:|1770702537\n|switch|p2b: \u90a3\u6211\u7f3a\u7684\u8425\u517b\u8fd9\u5757\u8c01\u7ed9\u6211\u8865\u554a\uff08\u6307\u8349\u573a\uff09|Rillaboom, L50, M|100/100\n|-fieldstart|move: Grassy Terrain|[from] ability: Grassy Surge|[of] p2b: \u90a3\u6211\u7f3a\u7684\u8425\u517b\u8fd9\u5757\u8c01\u7ed9\u6211\u8865\u554a\uff08\u6307\u8349\u573a\uff09\n|turn|6\n|inactive|blackred123 has 30 seconds left.\n|\n|t:|1770702568\n|-terastallize|p2a: \u54c7\u8884\uff08\u72d7\u53eb\u58f0\uff09|Dragon\n|move|p2b: \u90a3\u6211\u7f3a\u7684\u8425\u517b\u8fd9\u5757\u8c01\u7ed9\u6211\u8865\u554a\uff08\u6307\u8349\u573a\uff09|Fake Out|p1a: \u6211\u8981\u9a91\u4f60\u4e86\n|-damage|p1a: \u6211\u8981\u9a91\u4f60\u4e86|59/100\n|move|p1b: \u5192\u6c14\u7684\u5b54|Eruption|p2b: \u90a3\u6211\u7f3a\u7684\u8425\u517b\u8fd9\u5757\u8c01\u7ed9\u6211\u8865\u554a\uff08\u6307\u8349\u573a\uff09|[spread] p2a,p2b\n|-resisted|p2a: \u54c7\u8884\uff08\u72d7\u53eb\u58f0\uff09\n|-supereffective|p2b: \u90a3\u6211\u7f3a\u7684\u8425\u517b\u8fd9\u5757\u8c01\u7ed9\u6211\u8865\u554a\uff08\u6307\u8349\u573a\uff09\n|-damage|p2a: \u54c7\u8884\uff08\u72d7\u53eb\u58f0\uff09|60/100\n|-damage|p2b: \u90a3\u6211\u7f3a\u7684\u8425\u517b\u8fd9\u5757\u8c01\u7ed9\u6211\u8865\u554a\uff08\u6307\u8349\u573a\uff09|0 fnt\n|faint|p2b: \u90a3\u6211\u7f3a\u7684\u8425\u517b\u8fd9\u5757\u8c01\u7ed9\u6211\u8865\u554a\uff08\u6307\u8349\u573a\uff09\n|cant|p1a: \u6211\u8981\u9a91\u4f60\u4e86|flinch\n|move|p2a: \u54c7\u8884\uff08\u72d7\u53eb\u58f0\uff09|Body Press|p1a: \u6211\u8981\u9a91\u4f60\u4e86\n|-damage|p1a: \u6211\u8981\u9a91\u4f60\u4e86|11/100\n|\n|-weather|SunnyDay|[upkeep]\n|-heal|p1a: \u6211\u8981\u9a91\u4f60\u4e86|17/100|[from] Grassy Terrain\n|-heal|p2a: \u54c7\u8884\uff08\u72d7\u53eb\u58f0\uff09|66/100|[from] Grassy Terrain\n|upkeep\n|\n|t:|1770702581\n|switch|p2b: \u5636\u9a6c\u51a0\u54e5|Calyrex-Shadow, L50|100/100\n|-ability|p2b: \u5636\u9a6c\u51a0\u54e5|As One\n|-ability|p2b: \u5636\u9a6c\u51a0\u54e5|Unnerve\n|turn|7\n|j| FlyingSudowoodo\n|\n|t:|1770702602\n|switch|p1b: \u53a8\u795e\u72ac|Smeargle, L50, F|7/100\n|move|p2a: \u54c7\u8884\uff08\u72d7\u53eb\u58f0\uff09|Protect|p2a: \u54c7\u8884\uff08\u72d7\u53eb\u58f0\uff09\n|-singleturn|p2a: \u54c7\u8884\uff08\u72d7\u53eb\u58f0\uff09|Protect\n|move|p2b: \u5636\u9a6c\u51a0\u54e5|Protect|p2b: \u5636\u9a6c\u51a0\u54e5\n|-singleturn|p2b: \u5636\u9a6c\u51a0\u54e5|Protect\n|move|p1a: \u6211\u8981\u9a91\u4f60\u4e86|Glacial Lance|p2b: \u5636\u9a6c\u51a0\u54e5|[spread] \n|-activate|p2a: \u54c7\u8884\uff08\u72d7\u53eb\u58f0\uff09|move: Protect\n|-activate|p2b: \u5636\u9a6c\u51a0\u54e5|move: Protect\n|\n|-weather|SunnyDay|[upkeep]\n|-heal|p1a: \u6211\u8981\u9a91\u4f60\u4e86|23/100|[from] Grassy Terrain\n|-heal|p1b: \u53a8\u795e\u72ac|14/100|[from] Grassy Terrain\n|-heal|p2a: \u54c7\u8884\uff08\u72d7\u53eb\u58f0\uff09|72/100|[from] Grassy Terrain\n|-fieldend|move: Trick Room\n|-ability|p1b: \u53a8\u795e\u72ac|Moody|boost\n|-boost|p1b: \u53a8\u795e\u72ac|spa|2\n|-unboost|p1b: \u53a8\u795e\u72ac|atk|1\n|upkeep\n|turn|8\n|inactive|emmmmmmn has 30 seconds left.\n|\n|t:|1770702628\n|move|p1b: \u53a8\u795e\u72ac|Wide Guard|p1b: \u53a8\u795e\u72ac\n|-singleturn|p1b: \u53a8\u795e\u72ac|Wide Guard\n|move|p2b: \u5636\u9a6c\u51a0\u54e5|Astral Barrage|p1b: \u53a8\u795e\u72ac|[spread] \n|-activate|p1a: \u6211\u8981\u9a91\u4f60\u4e86|move: Wide Guard\n|-activate|p1b: \u53a8\u795e\u72ac|move: Wide Guard\n|move|p2a: \u54c7\u8884\uff08\u72d7\u53eb\u58f0\uff09|Body Press|p1b: \u53a8\u795e\u72ac\n|-supereffective|p1b: \u53a8\u795e\u72ac\n|-damage|p1b: \u53a8\u795e\u72ac|0 fnt\n|faint|p1b: \u53a8\u795e\u72ac\n|move|p1a: \u6211\u8981\u9a91\u4f60\u4e86|Trick Room|p1a: \u6211\u8981\u9a91\u4f60\u4e86\n|-fieldstart|move: Trick Room|[of] p1a: \u6211\u8981\u9a91\u4f60\u4e86\n|\n|-weather|SunnyDay|[upkeep]\n|-heal|p1a: \u6211\u8981\u9a91\u4f60\u4e86|29/100|[from] Grassy Terrain\n|-heal|p2a: \u54c7\u8884\uff08\u72d7\u53eb\u58f0\uff09|78/100|[from] Grassy Terrain\n|upkeep\n|\n|t:|1770702631\n|switch|p1b: \u5192\u6c14\u7684\u5b54|Torkoal, L50, M, tera:Fire|100/100\n|turn|9\n|\n|t:|1770702648\n|move|p1b: \u5192\u6c14\u7684\u5b54|Protect|p1b: \u5192\u6c14\u7684\u5b54\n|-singleturn|p1b: \u5192\u6c14\u7684\u5b54|Protect\n|move|p1a: \u6211\u8981\u9a91\u4f60\u4e86|Protect|p1a: \u6211\u8981\u9a91\u4f60\u4e86\n|-singleturn|p1a: \u6211\u8981\u9a91\u4f60\u4e86|Protect\n|move|p2a: \u54c7\u8884\uff08\u72d7\u53eb\u58f0\uff09|Protect|p2a: \u54c7\u8884\uff08\u72d7\u53eb\u58f0\uff09\n|-singleturn|p2a: \u54c7\u8884\uff08\u72d7\u53eb\u58f0\uff09|Protect\n|move|p2b: \u5636\u9a6c\u51a0\u54e5|Protect||[still]\n|-fail|p2b: \u5636\u9a6c\u51a0\u54e5\n|\n|-weather|none\n|-heal|p1a: \u6211\u8981\u9a91\u4f60\u4e86|34/100|[from] Grassy Terrain\n|-heal|p2a: \u54c7\u8884\uff08\u72d7\u53eb\u58f0\uff09|84/100|[from] Grassy Terrain\n|upkeep\n|turn|10\n|\n|t:|1770702665\n|move|p2a: \u54c7\u8884\uff08\u72d7\u53eb\u58f0\uff09|Wide Guard|p2a: \u54c7\u8884\uff08\u72d7\u53eb\u58f0\uff09\n|-singleturn|p2a: \u54c7\u8884\uff08\u72d7\u53eb\u58f0\uff09|Wide Guard\n|move|p1b: \u5192\u6c14\u7684\u5b54|Eruption|p2b: \u5636\u9a6c\u51a0\u54e5|[spread] \n|-activate|p2a: \u54c7\u8884\uff08\u72d7\u53eb\u58f0\uff09|move: Wide Guard\n|-activate|p2b: \u5636\u9a6c\u51a0\u54e5|move: Wide Guard\n|move|p1a: \u6211\u8981\u9a91\u4f60\u4e86|High Horsepower|p2b: \u5636\u9a6c\u51a0\u54e5\n|-damage|p2b: \u5636\u9a6c\u51a0\u54e5|33/100\n|move|p2b: \u5636\u9a6c\u51a0\u54e5|Astral Barrage|p1a: \u6211\u8981\u9a91\u4f60\u4e86|[spread] p1a,p1b\n|-supereffective|p1a: \u6211\u8981\u9a91\u4f60\u4e86\n|-damage|p1a: \u6211\u8981\u9a91\u4f60\u4e86|0 fnt\n|-damage|p1b: \u5192\u6c14\u7684\u5b54|23/100\n|faint|p1a: \u6211\u8981\u9a91\u4f60\u4e86\n|-ability|p2b: \u5636\u9a6c\u51a0\u54e5|Grim Neigh|boost\n|-boost|p2b: \u5636\u9a6c\u51a0\u54e5|spa|1\n|\n|-heal|p1b: \u5192\u6c14\u7684\u5b54|29/100|[from] Grassy Terrain\n|-heal|p2a: \u54c7\u8884\uff08\u72d7\u53eb\u58f0\uff09|90/100|[from] Grassy Terrain\n|-heal|p2b: \u5636\u9a6c\u51a0\u54e5|39/100|[from] Grassy Terrain\n|-fieldend|move: Grassy Terrain\n|upkeep\n|turn|11\n|-message|emmmmmmn forfeited.\n|\n|win|blackred123\n|raw|emmmmmmn's rating: 1275 &rarr; <strong>1254</strong><br />(-21 for losing)\n|raw|blackred123's rating: 1326 &rarr; <strong>1343</strong><br />(+17 for winning)\n|l|\u2606emmmmmmn\n|player|p1|\n|l| FlyingSudowoodo\n","uploadtime":1770702905,"views":11,"formatid":"gen9vgc2026regi","rating":1254,"private":0,"password":null}