{"id":"gen9vgc2026regi-2549712771","format":"[Gen 9] VGC 2026 Reg I","players":["RandomcatFFR","Crawsomeness"],"log":"|j|\u2606RandomcatFFR\n|j|\u2606Crawsomeness\n|t:|1772400465\n|gametype|doubles\n|player|p1|RandomcatFFR|artist-gen4|1406\n|player|p2|Crawsomeness|hiker-gen4|1366\n|gen|9\n|tier|[Gen 9] VGC 2026 Reg I\n|rated|\n|rule|Species Clause: Limit one of each Pok\u00e9mon\n|rule|Item Clause: Limit 1 of each item\n|clearpoke\n|poke|p1|Lunala, L50|\n|poke|p1|Incineroar, L50, F|\n|poke|p1|Brute Bonnet, L50|\n|poke|p1|Ursaluna, L50, M|\n|poke|p1|Flutter Mane, L50|\n|poke|p1|Koraidon, L50|\n|poke|p2|Terapagos, L50, M|\n|poke|p2|Incineroar, L50, F|\n|poke|p2|Farigiraf, L50, M|\n|poke|p2|Groudon, L50|\n|poke|p2|Iron Valiant, L50|\n|poke|p2|Chi-Yu, L50|\n|teampreview|4\n|\n|t:|1772400528\n|teamsize|p1|4\n|teamsize|p2|4\n|start\n|switch|p1a: Brute Bonnet|Brute Bonnet, L50|100/100\n|switch|p1b: Incineroar|Incineroar, L50, F|100/100\n|switch|p2a: Chi-Yu|Chi-Yu, L50|100/100\n|switch|p2b: Groudon|Groudon, L50|100/100\n|-ability|p2a: Chi-Yu|Beads of Ruin\n|-weather|SunnyDay|[from] ability: Drought|[of] p2b: Groudon\n|-activate|p1a: Brute Bonnet|ability: Protosynthesis\n|-start|p1a: Brute Bonnet|protosynthesisdef\n|-ability|p1b: Incineroar|Intimidate|boost\n|-unboost|p2a: Chi-Yu|atk|1\n|-unboost|p2b: Groudon|atk|1\n|turn|1\n|\n|t:|1772400541\n|switch|p2a: Incineroar|Incineroar, L50, F|100/100\n|-ability|p2a: Incineroar|Intimidate|boost\n|-unboost|p1a: Brute Bonnet|atk|1\n|-unboost|p1b: Incineroar|atk|1\n|move|p1b: Incineroar|Fake Out|p2a: Incineroar\n|-crit|p2a: Incineroar\n|-damage|p2a: Incineroar|88/100\n|move|p2b: Groudon|Precipice Blades|p1a: Brute Bonnet|[spread] p1a,p1b\n|-resisted|p1a: Brute Bonnet\n|-supereffective|p1b: Incineroar\n|-damage|p1a: Brute Bonnet|93/100\n|-damage|p1b: Incineroar|58/100\n|move|p1a: Brute Bonnet|Spore|p2b: Groudon\n|-status|p2b: Groudon|slp|[from] move: Spore\n|\n|-weather|SunnyDay|[upkeep]\n|upkeep\n|turn|2\n|\n|t:|1772400559\n|cant|p2b: Groudon|slp\n|move|p2a: Incineroar|Flare Blitz|p1a: Brute Bonnet\n|-supereffective|p1a: Brute Bonnet\n|-damage|p1a: Brute Bonnet|30/100\n|-enditem|p1a: Brute Bonnet|Sitrus Berry|[eat]\n|-heal|p1a: Brute Bonnet|55/100|[from] item: Sitrus Berry\n|-damage|p2a: Incineroar|66/100|[from] Recoil\n|move|p1b: Incineroar|Parting Shot|p2b: Groudon\n|-unboost|p2b: Groudon|atk|1\n|-unboost|p2b: Groudon|spa|1\n|\n|t:|1772400567\n|switch|p1b: Koraidon|Koraidon, L50|100/100|[from] Parting Shot\n|-activate|p1b: Koraidon|ability: Orichalcum Pulse\n|move|p1a: Brute Bonnet|Seed Bomb|p2b: Groudon\n|-supereffective|p2b: Groudon\n|-damage|p2b: Groudon|71/100 slp\n|\n|-weather|SunnyDay|[upkeep]\n|upkeep\n|turn|3\n|\n|t:|1772400600\n|switch|p2b: Chi-Yu|Chi-Yu, L50|100/100\n|-ability|p2b: Chi-Yu|Beads of Ruin\n|-end|p1a: Brute Bonnet|Protosynthesis|[silent]\n|switch|p1a: Incineroar|Incineroar, L50, F|58/100\n|-ability|p1a: Incineroar|Intimidate|boost\n|-unboost|p2a: Incineroar|atk|1\n|-unboost|p2b: Chi-Yu|atk|1\n|-terastallize|p2a: Incineroar|Ghost\n|move|p1b: Koraidon|Close Combat|p2a: Incineroar\n|-immune|p2a: Incineroar\n|move|p2a: Incineroar|Parting Shot|p1b: Koraidon\n|-unboost|p1b: Koraidon|atk|1\n|-unboost|p1b: Koraidon|spa|1\n|\n|t:|1772400613\n|switch|p2a: Iron Valiant|Iron Valiant, L50|100/100|[from] Parting Shot\n|-enditem|p2a: Iron Valiant|Booster Energy\n|-activate|p2a: Iron Valiant|ability: Quark Drive|[fromitem]\n|-start|p2a: Iron Valiant|quarkdrivespe\n|\n|-weather|SunnyDay|[upkeep]\n|upkeep\n|turn|4\n|\n|t:|1772400629\n|-terastallize|p1b: Koraidon|Fire\n|move|p2a: Iron Valiant|Quick Guard|p2a: Iron Valiant\n|-singleturn|p2a: Iron Valiant|Quick Guard\n|move|p1a: Incineroar|Fake Out|p2a: Iron Valiant\n|-activate|p2a: Iron Valiant|move: Quick Guard\n|move|p2b: Chi-Yu|Heat Wave|p1a: Incineroar|[spread] p1a,p1b\n|-resisted|p1a: Incineroar\n|-resisted|p1b: Koraidon\n|-damage|p1a: Incineroar|21/100\n|-damage|p1b: Koraidon|54/100\n|move|p1b: Koraidon|Flame Charge|p2b: Chi-Yu\n|-resisted|p2b: Chi-Yu\n|-damage|p2b: Chi-Yu|49/100\n|-boost|p1b: Koraidon|spe|1\n|-damage|p1b: Koraidon|45/100|[from] item: Life Orb\n|\n|-weather|SunnyDay|[upkeep]\n|upkeep\n|turn|5\n|inactive|Battle timer is ON: inactive players will automatically lose when time's up. (requested by RandomcatFFR)\n|\n|t:|1772400691\n|switch|p1b: Brute Bonnet|Brute Bonnet, L50|55/100\n|-activate|p1b: Brute Bonnet|ability: Protosynthesis\n|-start|p1b: Brute Bonnet|protosynthesisdef\n|switch|p2b: Incineroar|Incineroar, L50, F, tera:Ghost|66/100\n|-ability|p2b: Incineroar|Intimidate|boost\n|-unboost|p1a: Incineroar|atk|1\n|-unboost|p1b: Brute Bonnet|atk|1\n|move|p2a: Iron Valiant|Encore|p1a: Incineroar\n|-start|p1a: Incineroar|Encore\n|move|p1a: Incineroar|Fake Out||[still]\n|-hint|Fake Out only works on your first turn out.\n|-fail|p1a: Incineroar\n|\n|-weather|none\n|-end|p1b: Brute Bonnet|Protosynthesis\n|upkeep\n|turn|6\n|inactive|RandomcatFFR has 30 seconds left.\n|\n|t:|1772400718\n|switch|p1a: Koraidon|Koraidon, L50, tera:Fire|45/100\n|-weather|SunnyDay|[from] ability: Orichalcum Pulse|[of] p1a: Koraidon\n|-activate|p1b: Brute Bonnet|ability: Protosynthesis\n|-start|p1b: Brute Bonnet|protosynthesisdef\n|-activate|p1a: Koraidon|Orichalcum Pulse|[source]\n|move|p1b: Brute Bonnet|Sucker Punch|p2b: Incineroar\n|-supereffective|p2b: Incineroar\n|-damage|p2b: Incineroar|34/100\n|move|p2a: Iron Valiant|Spirit Break|p1b: Brute Bonnet\n|-supereffective|p1b: Brute Bonnet\n|-damage|p1b: Brute Bonnet|21/100\n|-unboost|p1b: Brute Bonnet|spa|1\n|move|p2b: Incineroar|Flare Blitz|p1b: Brute Bonnet\n|-supereffective|p1b: Brute Bonnet\n|-damage|p1b: Brute Bonnet|0 fnt\n|faint|p1b: Brute Bonnet\n|-end|p1b: Brute Bonnet|Protosynthesis|[silent]\n|-damage|p2b: Incineroar|27/100|[from] Recoil\n|\n|-weather|SunnyDay|[upkeep]\n|upkeep\n|\n|t:|1772400735\n|switch|p1b: Flutter Mane|Flutter Mane, L50|100/100\n|-activate|p1b: Flutter Mane|ability: Protosynthesis\n|-start|p1b: Flutter Mane|protosynthesisspe\n|turn|7\n|\n|t:|1772400750\n|move|p1b: Flutter Mane|Moonblast|p2a: Iron Valiant\n|-supereffective|p2a: Iron Valiant\n|-damage|p2a: Iron Valiant|0 fnt\n|faint|p2a: Iron Valiant\n|-end|p2a: Iron Valiant|Quark Drive|[silent]\n|move|p1a: Koraidon|Flame Charge|p2b: Incineroar\n|-damage|p2b: Incineroar|0 fnt\n|-boost|p1a: Koraidon|spe|1\n|faint|p2b: Incineroar\n|-damage|p1a: Koraidon|35/100|[from] item: Life Orb\n|\n|-weather|SunnyDay|[upkeep]\n|upkeep\n|\n|t:|1772400753\n|switch|p2a: Groudon|Groudon, L50|71/100 slp\n|switch|p2b: Chi-Yu|Chi-Yu, L50|49/100\n|-ability|p2b: Chi-Yu|Beads of Ruin\n|turn|8\n|\n|t:|1772400763\n|move|p1b: Flutter Mane|Moonblast|p2b: Chi-Yu\n|-damage|p2b: Chi-Yu|0 fnt\n|faint|p2b: Chi-Yu\n|move|p1a: Koraidon|Flare Blitz|p2a: Groudon\n|-crit|p2a: Groudon\n|-damage|p2a: Groudon|0 fnt\n|faint|p2a: Groudon\n|-damage|p1a: Koraidon|8/100|[from] Recoil\n|-damage|p1a: Koraidon|0 fnt|[from] item: Life Orb\n|faint|p1a: Koraidon\n|\n|win|RandomcatFFR\n|raw|RandomcatFFR's rating: 1406 &rarr; <strong>1424</strong><br />(+18 for winning)\n|raw|Crawsomeness's rating: 1366 &rarr; <strong>1348</strong><br />(-18 for losing)\n|l|\u2606RandomcatFFR\n|player|p1|\n|l|\u2606Crawsomeness\n|player|p2|\n","uploadtime":1772400985,"views":11,"formatid":"gen9vgc2026regi","rating":1348,"private":0,"password":null}