{"id":"gen9vgc2026regi-2557981818","format":"[Gen 9] VGC 2026 Reg I","players":["501JFW","Kwiper"],"log":"|j|\u2606501JFW\n|j|\u2606Kwiper\n|t:|1773384456\n|gametype|doubles\n|player|p1|501JFW|1|1529\n|player|p2|Kwiper|sycamore|1663\n|gen|9\n|tier|[Gen 9] VGC 2026 Reg I\n|rated|\n|rule|Species Clause: Limit one of each Pok\u00e9mon\n|rule|Item Clause: Limit 1 of each item\n|clearpoke\n|poke|p1|Calyrex-Shadow, L50|\n|poke|p1|Koraidon, L50|\n|poke|p1|Indeedee-F, L50, F|\n|poke|p1|Maushold, L50|\n|poke|p1|Incineroar, L50, F|\n|poke|p1|Roaring Moon, L50|\n|poke|p2|Koraidon, L50|\n|poke|p2|Lunala, L50|\n|poke|p2|Indeedee-F, L50, F|\n|poke|p2|Flutter Mane, L50|\n|poke|p2|Volcarona, L50, F|\n|poke|p2|Ursaluna, L50, M|\n|teampreview|4\n|inactive|Battle timer is ON: inactive players will automatically lose when time's up. (requested by Kwiper)\n|inactive|501JFW has 60 seconds left.\n|\n|t:|1773384495\n|teamsize|p1|4\n|teamsize|p2|4\n|start\n|switch|p1a: Maushold|Maushold, L50, shiny|100/100\n|switch|p1b: Koraidon|Koraidon, L50, shiny|100/100\n|switch|p2a: Lunala|Lunala, L50, shiny|100/100\n|switch|p2b: Indeedee|Indeedee-F, L50, F|100/100\n|-weather|SunnyDay|[from] ability: Orichalcum Pulse|[of] p1b: Koraidon\n|-activate|p1b: Koraidon|Orichalcum Pulse|[source]\n|-fieldstart|move: Psychic Terrain|[from] ability: Psychic Surge|[of] p2b: Indeedee\n|turn|1\n|inactive|501JFW has 30 seconds left.\n|inactive|501JFW has 20 seconds left.\n|inactive|501JFW has 15 seconds left.\n|inactive|501JFW has 10 seconds left.\n|\n|t:|1773384545\n|switch|p1b: Roaring Moon|Roaring Moon, L50, shiny|100/100\n|-activate|p1b: Roaring Moon|ability: Protosynthesis\n|-start|p1b: Roaring Moon|protosynthesisspe\n|move|p1a: Maushold|Population Bomb|p2b: Indeedee\n|-damage|p2b: Indeedee|88/100\n|-damage|p2b: Indeedee|76/100\n|-damage|p2b: Indeedee|63/100\n|-damage|p2b: Indeedee|50/100\n|-damage|p2b: Indeedee|38/100\n|-damage|p2b: Indeedee|26/100\n|-damage|p2b: Indeedee|13/100\n|-damage|p2b: Indeedee|3/100\n|-damage|p2b: Indeedee|0 fnt\n|faint|p2b: Indeedee\n|-hitcount|p2: Indeedee|9\n|move|p2a: Lunala|Expanding Force|p1b: Roaring Moon|[spread] p1a\n|-immune|p1b: Roaring Moon\n|-damage|p1a: Maushold|5/100\n|\n|-weather|SunnyDay|[upkeep]\n|upkeep\n|\n|t:|1773384550\n|switch|p2b: Volcarona|Volcarona, L50, F|100/100\n|turn|2\n|\n|t:|1773384572\n|-terastallize|p2a: Lunala|Water\n|move|p1b: Roaring Moon|Knock Off|p2a: Lunala\n|-damage|p2a: Lunala|80/100\n|-enditem|p2a: Lunala|Power Herb|[from] move: Knock Off|[of] p1b: Roaring Moon\n|move|p1a: Maushold|Population Bomb|p2b: Volcarona\n|-damage|p2b: Volcarona|89/100\n|-damage|p1a: Maushold|0 fnt|[from] item: Rocky Helmet|[of] p2b: Volcarona\n|faint|p1a: Maushold\n|-hitcount|p2b: Volcarona|1\n|move|p2a: Lunala|Meteor Beam||[still]\n|-prepare|p2a: Lunala|Meteor Beam\n|-boost|p2a: Lunala|spa|1\n|move|p2b: Volcarona|Struggle Bug|p1b: Roaring Moon\n|-supereffective|p1b: Roaring Moon\n|-damage|p1b: Roaring Moon|55/100\n|-unboost|p1b: Roaring Moon|spa|1\n|\n|-weather|SunnyDay|[upkeep]\n|upkeep\n|inactive|501JFW has 30 seconds left.\n|\n|t:|1773384597\n|switch|p1a: Calyrex|Calyrex-Shadow, L50|100/100\n|-ability|p1a: Calyrex|As One\n|-ability|p1a: Calyrex|Unnerve\n|turn|3\n|\n|t:|1773384616\n|-terastallize|p1b: Roaring Moon|Flying\n|move|p1b: Roaring Moon|Acrobatics|p2b: Volcarona\n|-supereffective|p2b: Volcarona\n|-damage|p2b: Volcarona|35/100\n|-damage|p1b: Roaring Moon|39/100|[from] item: Rocky Helmet|[of] p2b: Volcarona\n|move|p1a: Calyrex|Astral Barrage|p2b: Volcarona|[spread] p2a,p2b\n|-damage|p2a: Lunala|15/100\n|-damage|p2b: Volcarona|0 fnt\n|faint|p2b: Volcarona\n|-ability|p1a: Calyrex|Grim Neigh|boost\n|-boost|p1a: Calyrex|spa|1\n|move|p2a: Lunala|Meteor Beam|p1b: Roaring Moon|[from] lockedmove\n|-supereffective|p1b: Roaring Moon\n|-damage|p1b: Roaring Moon|0 fnt\n|faint|p1b: Roaring Moon\n|-end|p1b: Roaring Moon|Protosynthesis|[silent]\n|\n|-weather|SunnyDay|[upkeep]\n|upkeep\n|\n|t:|1773384627\n|switch|p1b: Koraidon|Koraidon, L50, shiny|100/100\n|switch|p2b: Koraidon|Koraidon, L50, shiny|100/100\n|-activate|p2b: Koraidon|ability: Orichalcum Pulse\n|-activate|p1b: Koraidon|ability: Orichalcum Pulse\n|turn|4\n|\n|t:|1773384631\n|move|p2a: Lunala|Wide Guard|p2a: Lunala\n|-singleturn|p2a: Lunala|Wide Guard\n|move|p2b: Koraidon|Flare Blitz|p1a: Calyrex\n|-damage|p1a: Calyrex|0 fnt\n|faint|p1a: Calyrex\n|-damage|p2b: Koraidon|65/100|[from] Recoil\n|-damage|p2b: Koraidon|55/100|[from] item: Life Orb\n|move|p1b: Koraidon|Breaking Swipe|p2b: Koraidon|[spread] \n|-activate|p2a: Lunala|move: Wide Guard\n|-activate|p2b: Koraidon|move: Wide Guard\n|\n|-weather|SunnyDay|[upkeep]\n|upkeep\n|turn|5\n|\n|t:|1773384649\n|move|p2b: Koraidon|Breaking Swipe|p1b: Koraidon\n|-supereffective|p1b: Koraidon\n|-damage|p1b: Koraidon|9/100\n|-unboost|p1b: Koraidon|atk|1\n|-damage|p2b: Koraidon|46/100|[from] item: Life Orb\n|move|p1b: Koraidon|Flame Charge|p2a: Lunala\n|-resisted|p2a: Lunala\n|-damage|p2a: Lunala|5/100\n|-boost|p1b: Koraidon|spe|1\n|move|p2a: Lunala|Expanding Force|p1b: Koraidon\n|-supereffective|p1b: Koraidon\n|-damage|p1b: Koraidon|0 fnt\n|faint|p1b: Koraidon\n|\n|win|Kwiper\n|raw|501JFW's rating: 1529 &rarr; <strong>1516</strong><br />(-13 for losing)\n|raw|Kwiper's rating: 1663 &rarr; <strong>1676</strong><br />(+13 for winning)\n|l|\u2606501JFW\n|player|p1|\n|l|\u2606Kwiper\n|player|p2|\n","uploadtime":1773384649,"views":51,"formatid":"gen9vgc2026regi","rating":1516,"private":0,"password":null}