{"id":"gen9vgc2026regi-2545421022","format":"[Gen 9] VGC 2026 Reg I","players":["Bubebdbd","ryo8989"],"log":"|j|\u2606Bubebdbd\n|j|\u2606ryo8989\n|t:|1771846817\n|gametype|doubles\n|player|p1|Bubebdbd|101|1376\n|player|p2|ryo8989|erika|1351\n|gen|9\n|tier|[Gen 9] VGC 2026 Reg I\n|rated|\n|rule|Species Clause: Limit one of each Pok\u00e9mon\n|rule|Item Clause: Limit 1 of each item\n|clearpoke\n|poke|p1|Groudon, L50|\n|poke|p1|Sableye, L50, M|\n|poke|p1|Iron Valiant, L50|\n|poke|p1|Ho-Oh, L50|\n|poke|p1|Chien-Pao, L50|\n|poke|p1|Rillaboom, L50, M|\n|poke|p2|Calyrex-Shadow, L50|\n|poke|p2|Zamazenta-*, L50|\n|poke|p2|Raging Bolt, L50|\n|poke|p2|Tornadus, L50, M|\n|poke|p2|Urshifu-*, L50, M|\n|poke|p2|Indeedee-F, L50, F|\n|teampreview|4\n|inactive|Battle timer is ON: inactive players will automatically lose when time's up. (requested by Bubebdbd)\n|\n|t:|1771846839\n|teamsize|p1|4\n|teamsize|p2|4\n|start\n|switch|p1a: Sableye|Sableye, L50, M, shiny|100/100\n|switch|p1b: Iron Valiant|Iron Valiant, L50, shiny|100/100\n|switch|p2a: Tornadus|Tornadus, L50, M|100/100\n|switch|p2b: Urshifu|Urshifu-Rapid-Strike, L50, M|100/100\n|-enditem|p1b: Iron Valiant|Booster Energy\n|-activate|p1b: Iron Valiant|ability: Quark Drive|[fromitem]\n|-start|p1b: Iron Valiant|quarkdrivespe\n|turn|1\n|inactive|Bubebdbd has 30 seconds left.\n|\n|t:|1771846872\n|move|p2a: Tornadus|Tailwind|p2a: Tornadus\n|-sidestart|p2: ryo8989|move: Tailwind\n|move|p1a: Sableye|Quash|p2b: Urshifu\n|-activate|p2b: Urshifu|move: Quash\n|move|p1b: Iron Valiant|Moonblast|p2b: Urshifu\n|-supereffective|p2b: Urshifu\n|-crit|p2b: Urshifu\n|-damage|p2b: Urshifu|0 fnt\n|faint|p2b: Urshifu\n|\n|upkeep\n|\n|t:|1771846883\n|switch|p2b: Zamazenta|Zamazenta-Crowned, L50, shiny|100/100\n|-ability|p2b: Zamazenta|Dauntless Shield|boost\n|-boost|p2b: Zamazenta|def|1\n|turn|2\n|\n|t:|1771846908\n|-terastallize|p1b: Iron Valiant|Ghost\n|move|p1a: Sableye|Gravity|p1a: Sableye\n|-fieldstart|move: Gravity\n|move|p2b: Zamazenta|Heavy Slam|p1b: Iron Valiant\n|-damage|p1b: Iron Valiant|40/100\n|move|p2a: Tornadus|Bleakwind Storm|p1a: Sableye|[spread] p1a,p1b\n|-damage|p1a: Sableye|56/100\n|-damage|p1b: Iron Valiant|0 fnt\n|faint|p1b: Iron Valiant\n|-end|p1b: Iron Valiant|Quark Drive|[silent]\n|-enditem|p1a: Sableye|Eject Button\n|\n|t:|1771846921\n|switch|p1a: Groudon|Groudon, L50, shiny|100/100\n|-weather|SunnyDay|[from] ability: Drought|[of] p1a: Groudon\n|\n|-weather|SunnyDay|[upkeep]\n|upkeep\n|\n|t:|1771846926\n|switch|p1b: Chien-Pao|Chien-Pao, L50, shiny|100/100\n|-ability|p1b: Chien-Pao|Sword of Ruin\n|turn|3\n|inactive|Bubebdbd has 30 seconds left.\n|\n|t:|1771846958\n|-terastallize|p2b: Zamazenta|Dragon\n|move|p2a: Tornadus|Rain Dance|p2a: Tornadus\n|-weather|RainDance\n|move|p2b: Zamazenta|Body Press|p1b: Chien-Pao\n|-supereffective|p1b: Chien-Pao\n|-enditem|p1b: Chien-Pao|Focus Sash\n|-damage|p1b: Chien-Pao|1/100\n|move|p1a: Groudon|Heat Crash|p2b: Zamazenta\n|-resisted|p2b: Zamazenta\n|-damage|p2b: Zamazenta|99/100\n|move|p1b: Chien-Pao|Sacred Sword|p2b: Zamazenta\n|-damage|p2b: Zamazenta|77/100\n|\n|-weather|RainDance|[upkeep]\n|upkeep\n|turn|4\n|\n|t:|1771846978\n|switch|p1a: Sableye|Sableye, L50, M, shiny|56/100\n|move|p1b: Chien-Pao|Protect|p1b: Chien-Pao\n|-singleturn|p1b: Chien-Pao|Protect\n|move|p2b: Zamazenta|Body Press|p1a: Sableye\n|-immune|p1a: Sableye\n|move|p2a: Tornadus|Bleakwind Storm|p1b: Chien-Pao|[spread] p1a\n|-activate|p1b: Chien-Pao|move: Protect\n|-damage|p1a: Sableye|8/100\n|-unboost|p1a: Sableye|spe|1\n|\n|-weather|RainDance|[upkeep]\n|-sideend|p2: ryo8989|move: Tailwind\n|upkeep\n|turn|5\n|inactive|Bubebdbd has 30 seconds left.\n|\n|t:|1771847011\n|move|p2b: Zamazenta|Protect|p2b: Zamazenta\n|-singleturn|p2b: Zamazenta|Protect\n|move|p1b: Chien-Pao|Ice Shard|p2a: Tornadus\n|-supereffective|p2a: Tornadus\n|-damage|p2a: Tornadus|26/100\n|move|p1a: Sableye|Quash|p2b: Zamazenta\n|-activate|p2b: Zamazenta|move: Protect\n|move|p2a: Tornadus|Bleakwind Storm|p1a: Sableye|[spread] p1a,p1b\n|-damage|p1a: Sableye|0 fnt\n|-damage|p1b: Chien-Pao|0 fnt\n|faint|p1a: Sableye\n|faint|p1b: Chien-Pao\n|\n|-weather|RainDance|[upkeep]\n|upkeep\n|\n|t:|1771847024\n|switch|p1b: Groudon|Groudon, L50, shiny|100/100\n|-weather|SunnyDay|[from] ability: Drought|[of] p1b: Groudon\n|turn|6\n|\n|t:|1771847033\n|move|p2a: Tornadus|Tailwind|p2a: Tornadus\n|-sidestart|p2: ryo8989|move: Tailwind\n|move|p2b: Zamazenta|Body Press|p1b: Groudon\n|-damage|p1b: Groudon|47/100\n|move|p1b: Groudon|Precipice Blades|p2b: Zamazenta|[spread] p2a,p2b\n|-damage|p2a: Tornadus|0 fnt\n|-damage|p2b: Zamazenta|57/100\n|faint|p2a: Tornadus\n|\n|-weather|SunnyDay|[upkeep]\n|-fieldend|move: Gravity\n|upkeep\n|\n|t:|1771847045\n|switch|p2a: Calyrex|Calyrex-Shadow, L50|100/100\n|-ability|p2a: Calyrex|As One\n|-ability|p2a: Calyrex|Unnerve\n|turn|7\n|-message|Bubebdbd forfeited.\n|\n|win|ryo8989\n|raw|Bubebdbd's rating: 1376 &rarr; <strong>1355</strong><br />(-21 for losing)\n|raw|ryo8989's rating: 1351 &rarr; <strong>1372</strong><br />(+21 for winning)\n|l|\u2606Bubebdbd\n|player|p1|\n|l|\u2606ryo8989\n|player|p2|\n","uploadtime":1771847212,"views":14,"formatid":"gen9vgc2026regi","rating":1355,"private":0,"password":null}