{"id":"gen9vgc2026regi-2571306227","format":"[Gen 9] VGC 2026 Reg I","players":["FireFerret12","Hazweioh"],"log":"|j|\u2606FireFerret12\n|j|\u2606Hazweioh\n|t:|1774902179\n|gametype|doubles\n|player|p1|FireFerret12|nate|1335\n|player|p2|Hazweioh|102|1387\n|gen|9\n|tier|[Gen 9] VGC 2026 Reg I\n|rated|\n|rule|Species Clause: Limit one of each Pok\u00e9mon\n|rule|Item Clause: Limit 1 of each item\n|clearpoke\n|poke|p1|Koraidon, L50|\n|poke|p1|Lunala, L50|\n|poke|p1|Ursaluna, L50, M|\n|poke|p1|Incineroar, L50, F|\n|poke|p1|Flutter Mane, L50|\n|poke|p1|Amoonguss, L50, F|\n|poke|p2|Lugia, L50|\n|poke|p2|Miraidon, L50|\n|poke|p2|Iron Hands, L50|\n|poke|p2|Entei, L50|\n|poke|p2|Chien-Pao, L50|\n|poke|p2|Whimsicott, L50, F|\n|teampreview|4\n|inactive|Battle timer is ON: inactive players will automatically lose when time's up. (requested by FireFerret12)\n|inactive|FireFerret12 has 60 seconds left.\n|inactive|Hazweioh has 60 seconds left.\n|\n|t:|1774902226\n|teamsize|p1|4\n|teamsize|p2|4\n|start\n|switch|p1a: Lunala|Lunala, L50|100/100\n|switch|p1b: Incineroar|Incineroar, L50, F|100/100\n|switch|p2a: Lugia|Lugia, L50, shiny|100/100\n|switch|p2b: Miraidon|Miraidon, L50|100/100\n|-fieldstart|move: Electric Terrain|[from] ability: Hadron Engine|[of] p2b: Miraidon\n|-enditem|p2a: Lugia|Electric Seed\n|-boost|p2a: Lugia|def|1|[from] item: Electric Seed\n|-ability|p1b: Incineroar|Intimidate|boost\n|-unboost|p2a: Lugia|atk|1\n|-unboost|p2b: Miraidon|atk|1\n|turn|1\n|\n|t:|1774902246\n|move|p2b: Miraidon|Electro Drift|p1a: Lunala\n|-damage|p1a: Lunala|45/100\n|move|p2a: Lugia|Calm Mind|p2a: Lugia\n|-boost|p2a: Lugia|spa|1\n|-boost|p2a: Lugia|spd|1\n|move|p1b: Incineroar|U-turn|p2a: Lugia\n|-damage|p2a: Lugia|94/100\n|\n|t:|1774902252\n|switch|p1b: Ursaluna|Ursaluna, L50, M, shiny|100/100|[from] U-turn\n|move|p1a: Lunala|Trick Room|p1a: Lunala\n|-fieldstart|move: Trick Room|[of] p1a: Lunala\n|\n|-status|p1b: Ursaluna|brn|[from] item: Flame Orb\n|upkeep\n|turn|2\n|inactive|Hazweioh has 30 seconds left.\n|\n|t:|1774902278\n|switch|p2b: Chien-Pao|Chien-Pao, L50|100/100\n|-ability|p2b: Chien-Pao|Sword of Ruin\n|move|p1b: Ursaluna|Headlong Rush|p2b: Chien-Pao\n|-enditem|p2b: Chien-Pao|Focus Sash\n|-damage|p2b: Chien-Pao|1/100\n|-unboost|p1b: Ursaluna|def|1\n|-unboost|p1b: Ursaluna|spd|1\n|move|p1a: Lunala|Moongeist Beam|p2a: Lugia\n|-supereffective|p2a: Lugia\n|-damage|p2a: Lugia|40/100\n|move|p2a: Lugia|Aeroblast|p1b: Ursaluna\n|-damage|p1b: Ursaluna|3/100 brn\n|\n|-damage|p1b: Ursaluna|0 fnt|[from] brn\n|faint|p1b: Ursaluna\n|upkeep\n|\n|t:|1774902286\n|switch|p1b: Incineroar|Incineroar, L50, F|100/100\n|-ability|p1b: Incineroar|Intimidate|boost\n|-unboost|p2a: Lugia|atk|1\n|-unboost|p2b: Chien-Pao|atk|1\n|turn|3\n|inactive|Hazweioh has 30 seconds left.\n|inactive|Hazweioh has 20 seconds left.\n|\n|t:|1774902324\n|move|p2a: Lugia|Protect|p2a: Lugia\n|-singleturn|p2a: Lugia|Protect\n|move|p2b: Chien-Pao|Protect|p2b: Chien-Pao\n|-singleturn|p2b: Chien-Pao|Protect\n|move|p1b: Incineroar|Fake Out|p2b: Chien-Pao\n|-activate|p2b: Chien-Pao|move: Protect\n|move|p1a: Lunala|Moongeist Beam|p2a: Lugia\n|-activate|p2a: Lugia|move: Protect\n|\n|upkeep\n|turn|4\n|\n|t:|1774902339\n|-terastallize|p1a: Lunala|Fairy\n|-terastallize|p2a: Lugia|Fairy\n|move|p2b: Chien-Pao|Sucker Punch|p1a: Lunala\n|-resisted|p1a: Lunala\n|-damage|p1a: Lunala|34/100\n|move|p1b: Incineroar|U-turn|p2b: Chien-Pao\n|-supereffective|p2b: Chien-Pao\n|-damage|p2b: Chien-Pao|0 fnt\n|faint|p2b: Chien-Pao\n|\n|t:|1774902347\n|switch|p1b: Koraidon|Koraidon, L50|100/100|[from] U-turn\n|-weather|SunnyDay|[from] ability: Orichalcum Pulse|[of] p1b: Koraidon\n|-activate|p1b: Koraidon|Orichalcum Pulse|[source]\n|move|p1a: Lunala|Moongeist Beam|p2a: Lugia\n|-damage|p2a: Lugia|11/100\n|move|p2a: Lugia|Recover|p2a: Lugia\n|-heal|p2a: Lugia|61/100\n|\n|-weather|SunnyDay|[upkeep]\n|upkeep\n|\n|t:|1774902364\n|switch|p2b: Iron Hands|Iron Hands, L50|100/100\n|-activate|p2b: Iron Hands|ability: Quark Drive\n|-start|p2b: Iron Hands|quarkdriveatk\n|turn|5\n|\n|t:|1774902384\n|switch|p1a: Incineroar|Incineroar, L50, F|100/100\n|-ability|p1a: Incineroar|Intimidate|boost\n|-unboost|p2a: Lugia|atk|1\n|-unboost|p2b: Iron Hands|atk|1\n|move|p1b: Koraidon|Protect|p1b: Koraidon\n|-singleturn|p1b: Koraidon|Protect\n|move|p2b: Iron Hands|Heavy Slam|p1a: Incineroar\n|-resisted|p1a: Incineroar\n|-damage|p1a: Incineroar|84/100\n|move|p2a: Lugia|Recover|p2a: Lugia\n|-heal|p2a: Lugia|100/100\n|\n|-weather|SunnyDay|[upkeep]\n|-fieldend|move: Trick Room\n|-fieldend|move: Electric Terrain\n|-end|p2b: Iron Hands|Quark Drive\n|upkeep\n|turn|6\n|inactive|FireFerret12 has 30 seconds left.\n|\n|t:|1774902418\n|-end|p2b: Iron Hands|Quark Drive|[silent]\n|switch|p2b: Miraidon|Miraidon, L50|100/100\n|-fieldstart|move: Electric Terrain|[from] ability: Hadron Engine|[of] p2b: Miraidon\n|move|p2a: Lugia|Protect|p2a: Lugia\n|-singleturn|p2a: Lugia|Protect\n|move|p1a: Incineroar|Fake Out|p2b: Miraidon\n|-damage|p2b: Miraidon|87/100\n|move|p1b: Koraidon|Close Combat|p2b: Miraidon\n|-damage|p2b: Miraidon|0 fnt\n|-unboost|p1b: Koraidon|def|1\n|-unboost|p1b: Koraidon|spd|1\n|faint|p2b: Miraidon\n|-damage|p1b: Koraidon|91/100|[from] item: Life Orb\n|\n|-weather|SunnyDay|[upkeep]\n|upkeep\n|\n|t:|1774902432\n|switch|p2b: Iron Hands|Iron Hands, L50|100/100\n|-activate|p2b: Iron Hands|ability: Quark Drive\n|-start|p2b: Iron Hands|quarkdriveatk\n|turn|7\n|\n|t:|1774902450\n|move|p1b: Koraidon|Protect|p1b: Koraidon\n|-singleturn|p1b: Koraidon|Protect\n|move|p2a: Lugia|Aeroblast|p1b: Koraidon\n|-activate|p1b: Koraidon|move: Protect\n|move|p1a: Incineroar|Flare Blitz|p2a: Lugia\n|-damage|p2a: Lugia|76/100\n|-damage|p1a: Incineroar|77/100|[from] Recoil\n|move|p2b: Iron Hands|Drain Punch|p1a: Incineroar\n|-supereffective|p1a: Incineroar\n|-damage|p1a: Incineroar|0 fnt\n|faint|p1a: Incineroar\n|\n|-weather|SunnyDay|[upkeep]\n|upkeep\n|\n|t:|1774902456\n|switch|p1a: Lunala|Lunala, L50, tera:Fairy|34/100\n|turn|8\n|\n|t:|1774902476\n|move|p2a: Lugia|Protect|p2a: Lugia\n|-singleturn|p2a: Lugia|Protect\n|move|p1b: Koraidon|Close Combat|p2b: Iron Hands\n|-damage|p2b: Iron Hands|25/100\n|-unboost|p1b: Koraidon|def|1\n|-unboost|p1b: Koraidon|spd|1\n|-damage|p1b: Koraidon|81/100|[from] item: Life Orb\n|move|p1a: Lunala|Moonblast|p2b: Iron Hands\n|-supereffective|p2b: Iron Hands\n|-damage|p2b: Iron Hands|0 fnt\n|faint|p2b: Iron Hands\n|-end|p2b: Iron Hands|Quark Drive|[silent]\n|\n|-weather|none\n|upkeep\n|turn|9\n|\n|t:|1774902493\n|move|p1b: Koraidon|Close Combat|p2a: Lugia\n|-resisted|p2a: Lugia\n|-damage|p2a: Lugia|54/100\n|-unboost|p1b: Koraidon|def|1\n|-unboost|p1b: Koraidon|spd|1\n|-damage|p1b: Koraidon|72/100|[from] item: Life Orb\n|move|p2a: Lugia|Aeroblast|p1b: Koraidon\n|-supereffective|p1b: Koraidon\n|-damage|p1b: Koraidon|0 fnt\n|faint|p1b: Koraidon\n|move|p1a: Lunala|Moongeist Beam|p2a: Lugia\n|-damage|p2a: Lugia|26/100\n|\n|upkeep\n|turn|10\n|\n|t:|1774902507\n|move|p2a: Lugia|Recover|p2a: Lugia\n|-heal|p2a: Lugia|76/100\n|move|p1a: Lunala|Moongeist Beam|p2a: Lugia\n|-damage|p2a: Lugia|48/100\n|\n|-fieldend|move: Electric Terrain\n|upkeep\n|turn|11\n|\n|t:|1774902516\n|move|p2a: Lugia|Recover|p2a: Lugia\n|-heal|p2a: Lugia|98/100\n|move|p1a: Lunala|Moongeist Beam|p2a: Lugia\n|-damage|p2a: Lugia|73/100\n|\n|upkeep\n|turn|12\n|\n|t:|1774902523\n|move|p2a: Lugia|Recover|p2a: Lugia\n|-heal|p2a: Lugia|100/100\n|move|p1a: Lunala|Moongeist Beam|p2a: Lugia\n|-damage|p2a: Lugia|75/100\n|\n|upkeep\n|turn|13\n|\n|t:|1774902532\n|move|p2a: Lugia|Calm Mind|p2a: Lugia\n|-boost|p2a: Lugia|spa|1\n|-boost|p2a: Lugia|spd|1\n|move|p1a: Lunala|Moongeist Beam|p2a: Lugia\n|-damage|p2a: Lugia|55/100\n|\n|upkeep\n|turn|14\n|\n|t:|1774902539\n|move|p2a: Lugia|Recover|p2a: Lugia\n|-heal|p2a: Lugia|100/100\n|move|p1a: Lunala|Moonblast|p2a: Lugia\n|-damage|p2a: Lugia|92/100\n|-unboost|p2a: Lugia|spa|1\n|\n|upkeep\n|turn|15\n|\n|t:|1774902545\n|move|p2a: Lugia|Aeroblast|p1a: Lunala\n|-damage|p1a: Lunala|0 fnt\n|faint|p1a: Lunala\n|\n|win|Hazweioh\n|raw|FireFerret12's rating: 1335 &rarr; <strong>1318</strong><br />(-17 for losing)\n|raw|Hazweioh's rating: 1387 &rarr; <strong>1404</strong><br />(+17 for winning)\n|l|\u2606Hazweioh\n|player|p2|\n|l|\u2606FireFerret12\n|player|p1|\n","uploadtime":1774902748,"views":15,"formatid":"gen9vgc2026regi","rating":1318,"private":0,"password":null}