{"id":"gen9vgc2026regi-2539378530","format":"[Gen 9] VGC 2026 Reg I","players":["Coreydfgh","Gwenchikita"],"log":"|j|\u2606Coreydfgh\n|j|\u2606Gwenchikita\n|t:|1771046795\n|gametype|doubles\n|player|p1|Coreydfgh|170|1177\n|player|p2|Gwenchikita|preschoolerf|1101\n|gen|9\n|tier|[Gen 9] VGC 2026 Reg I\n|rated|\n|rule|Species Clause: Limit one of each Pok\u00e9mon\n|rule|Item Clause: Limit 1 of each item\n|clearpoke\n|poke|p1|Calyrex-Ice, L50|\n|poke|p1|Indeedee-F, L50, F|\n|poke|p1|Torkoal, L50, F|\n|poke|p1|Brute Bonnet, L50|\n|poke|p1|Lunala, L50|\n|poke|p1|Iron Hands, L50|\n|poke|p2|Kyogre, L50|\n|poke|p2|Lumineon, L50, F|\n|poke|p2|Palkia-Origin, L50|\n|poke|p2|Serperior, L50, F|\n|poke|p2|Incineroar, L50, F|\n|poke|p2|Iron Treads, L50|\n|teampreview|4\n|c|\u2606Gwenchikita|haiiiiiiiiiiiiii\n|c|\u2606Gwenchikita|good luck!!\n|c|\u2606Gwenchikita|and have fun!!!^^\n|\n|t:|1771046834\n|teamsize|p1|4\n|teamsize|p2|4\n|start\n|switch|p1a: Calyrex|Calyrex-Ice, L50|100/100\n|switch|p1b: Brute Bonnet|Brute Bonnet, L50|100/100\n|switch|p2a: Incineroar|Incineroar, L50, F|100/100\n|switch|p2b: Iron Treads|Iron Treads, L50|100/100\n|-ability|p1a: Calyrex|As One\n|-ability|p1a: Calyrex|Unnerve\n|-ability|p2a: Incineroar|Intimidate|boost\n|-fail|p1a: Calyrex|unboost|[from] item: Clear Amulet|[of] p1a: Calyrex\n|-unboost|p1b: Brute Bonnet|atk|1\n|-enditem|p1b: Brute Bonnet|Booster Energy\n|-activate|p1b: Brute Bonnet|ability: Protosynthesis|[fromitem]\n|-start|p1b: Brute Bonnet|protosynthesisspd\n|turn|1\n|\n|t:|1771046870\n|move|p1a: Calyrex|Protect|p1a: Calyrex\n|-singleturn|p1a: Calyrex|Protect\n|move|p2a: Incineroar|Fake Out|p1b: Brute Bonnet\n|-damage|p1b: Brute Bonnet|92/100\n|move|p2b: Iron Treads|High Horsepower|p1a: Calyrex\n|-activate|p1a: Calyrex|move: Protect\n|cant|p1b: Brute Bonnet|flinch\n|\n|upkeep\n|turn|2\n|\n|t:|1771046882\n|move|p1b: Brute Bonnet|Rage Powder|p1b: Brute Bonnet\n|-singleturn|p1b: Brute Bonnet|move: Rage Powder\n|move|p2b: Iron Treads|High Horsepower|p1b: Brute Bonnet\n|-resisted|p1b: Brute Bonnet\n|-damage|p1b: Brute Bonnet|67/100\n|move|p2a: Incineroar|Knock Off|p1b: Brute Bonnet\n|-resisted|p1b: Brute Bonnet\n|-damage|p1b: Brute Bonnet|58/100\n|move|p1a: Calyrex|Trick Room|p1a: Calyrex\n|-fieldstart|move: Trick Room|[of] p1a: Calyrex\n|\n|upkeep\n|turn|3\n|\n|t:|1771046908\n|move|p1b: Brute Bonnet|Rage Powder|p1b: Brute Bonnet\n|-singleturn|p1b: Brute Bonnet|move: Rage Powder\n|move|p1a: Calyrex|Glacial Lance|p2a: Incineroar|[spread] p2a,p2b\n|-resisted|p2a: Incineroar\n|-damage|p2a: Incineroar|71/100\n|-damage|p2b: Iron Treads|50/100\n|move|p2a: Incineroar|Parting Shot|p1b: Brute Bonnet\n|-unboost|p1b: Brute Bonnet|atk|1\n|-unboost|p1b: Brute Bonnet|spa|1\n|\n|t:|1771046910\n|switch|p2a: the way i see it|Kyogre, L50|100/100|[from] Parting Shot\n|-weather|RainDance|[from] ability: Drizzle|[of] p2a: the way i see it\n|move|p2b: Iron Treads|High Horsepower|p1b: Brute Bonnet\n|-resisted|p1b: Brute Bonnet\n|-damage|p1b: Brute Bonnet|31/100\n|\n|-weather|RainDance|[upkeep]\n|upkeep\n|turn|4\n|\n|t:|1771046934\n|-end|p2b: Iron Treads|Quark Drive|[silent]\n|switch|p2b: Incineroar|Incineroar, L50, F|71/100\n|-ability|p2b: Incineroar|Intimidate|boost\n|-fail|p1a: Calyrex|unboost|[from] item: Clear Amulet|[of] p1a: Calyrex\n|-unboost|p1b: Brute Bonnet|atk|1\n|move|p1b: Brute Bonnet|Sucker Punch|p2a: the way i see it\n|-damage|p2a: the way i see it|87/100\n|move|p1a: Calyrex|Glacial Lance|p2b: Incineroar|[spread] p2a,p2b\n|-resisted|p2a: the way i see it\n|-resisted|p2b: Incineroar\n|-damage|p2a: the way i see it|58/100\n|-damage|p2b: Incineroar|45/100\n|move|p2a: the way i see it|Ice Beam|p1b: Brute Bonnet\n|-supereffective|p1b: Brute Bonnet\n|-damage|p1b: Brute Bonnet|0 fnt\n|faint|p1b: Brute Bonnet\n|-end|p1b: Brute Bonnet|Protosynthesis|[silent]\n|\n|-weather|RainDance|[upkeep]\n|-heal|p2a: the way i see it|64/100|[from] item: Leftovers\n|upkeep\n|\n|t:|1771046948\n|switch|p1b: Torkoal|Torkoal, L50, F|100/100\n|-weather|SunnyDay|[from] ability: Drought|[of] p1b: Torkoal\n|turn|5\n|\n|t:|1771046981\n|move|p2a: the way i see it|Protect|p2a: the way i see it\n|-singleturn|p2a: the way i see it|Protect\n|move|p2b: Incineroar|Fake Out|p1b: Torkoal\n|-damage|p1b: Torkoal|92/100\n|cant|p1b: Torkoal|flinch\n|move|p1a: Calyrex|Glacial Lance|p2a: the way i see it|[spread] p2b\n|-activate|p2a: the way i see it|move: Protect\n|-resisted|p2b: Incineroar\n|-damage|p2b: Incineroar|18/100\n|\n|-weather|SunnyDay|[upkeep]\n|-heal|p2a: the way i see it|70/100|[from] item: Leftovers\n|upkeep\n|turn|6\n|\n|t:|1771046998\n|switch|p2b: meow|Lumineon, L50, F|100/100\n|-terastallize|p1b: Torkoal|Fire\n|move|p1b: Torkoal|Eruption|p2b: meow|[spread] p2a,p2b\n|-resisted|p2a: the way i see it\n|-resisted|p2b: meow\n|-damage|p2a: the way i see it|30/100\n|-damage|p2b: meow|28/100\n|move|p1a: Calyrex|Glacial Lance|p2b: meow|[spread] p2a,p2b\n|-resisted|p2a: the way i see it\n|-resisted|p2b: meow\n|-damage|p2a: the way i see it|2/100\n|-damage|p2b: meow|0 fnt\n|faint|p2b: meow\n|-ability|p1a: Calyrex|Chilling Neigh|boost\n|-boost|p1a: Calyrex|atk|1\n|move|p2a: the way i see it|Water Spout|p1b: Torkoal|[spread] p1a,p1b\n|-supereffective|p1b: Torkoal\n|-damage|p1a: Calyrex|99/100\n|-damage|p1b: Torkoal|91/100\n|\n|-weather|SunnyDay|[upkeep]\n|-heal|p2a: the way i see it|8/100|[from] item: Leftovers\n|-fieldend|move: Trick Room\n|upkeep\n|\n|t:|1771047010\n|switch|p2b: Incineroar|Incineroar, L50, F|18/100\n|-ability|p2b: Incineroar|Intimidate|boost\n|-fail|p1a: Calyrex|unboost|[from] item: Clear Amulet|[of] p1a: Calyrex\n|-unboost|p1b: Torkoal|atk|1\n|turn|7\n|\n|t:|1771047025\n|move|p2a: the way i see it|Protect|p2a: the way i see it\n|-singleturn|p2a: the way i see it|Protect\n|move|p1a: Calyrex|Protect|p1a: Calyrex\n|-singleturn|p1a: Calyrex|Protect\n|move|p2b: Incineroar|Snarl|p1b: Torkoal|[spread] p1b\n|-activate|p1a: Calyrex|move: Protect\n|-damage|p1b: Torkoal|78/100\n|-unboost|p1b: Torkoal|spa|1\n|move|p1b: Torkoal|Eruption|p2a: the way i see it|[spread] p2b\n|-activate|p2a: the way i see it|move: Protect\n|-resisted|p2b: Incineroar\n|-damage|p2b: Incineroar|0 fnt\n|faint|p2b: Incineroar\n|\n|-weather|SunnyDay|[upkeep]\n|-heal|p2a: the way i see it|14/100|[from] item: Leftovers\n|upkeep\n|\n|t:|1771047032\n|switch|p2b: Iron Treads|Iron Treads, L50|50/100\n|turn|8\n|\n|t:|1771047057\n|-terastallize|p2b: Iron Treads|Ghost\n|move|p2a: the way i see it|Protect|p2a: the way i see it\n|-singleturn|p2a: the way i see it|Protect\n|move|p2b: Iron Treads|High Horsepower|p1b: Torkoal\n|-supereffective|p1b: Torkoal\n|-damage|p1b: Torkoal|0 fnt\n|faint|p1b: Torkoal\n|move|p1a: Calyrex|Glacial Lance|p2b: Iron Treads|[spread] p2b\n|-activate|p2a: the way i see it|move: Protect\n|-damage|p2b: Iron Treads|0 fnt\n|faint|p2b: Iron Treads\n|-end|p2b: Iron Treads|Quark Drive|[silent]\n|-ability|p1a: Calyrex|Chilling Neigh|boost\n|-boost|p1a: Calyrex|atk|1\n|\n|-weather|SunnyDay|[upkeep]\n|-heal|p2a: the way i see it|20/100|[from] item: Leftovers\n|upkeep\n|\n|t:|1771047064\n|switch|p1b: Iron Hands|Iron Hands, L50|100/100\n|turn|9\n|\n|t:|1771047068\n|move|p2a: the way i see it|Protect||[still]\n|-fail|p2a: the way i see it\n|move|p1b: Iron Hands|Fake Out|p2a: the way i see it\n|-damage|p2a: the way i see it|4/100\n|move|p1a: Calyrex|Trick Room|p1a: Calyrex\n|-fieldstart|move: Trick Room|[of] p1a: Calyrex\n|\n|-weather|none\n|-heal|p2a: the way i see it|10/100|[from] item: Leftovers\n|upkeep\n|turn|10\n|c|\u2606Gwenchikita|gg wp!!\n|-message|Gwenchikita forfeited.\n|\n|win|Coreydfgh\n|raw|Coreydfgh's rating: 1177 &rarr; <strong>1197</strong><br />(+20 for winning)\n|raw|Gwenchikita's rating: 1101 &rarr; <strong>1081</strong><br />(-20 for losing)\n|l|\u2606Gwenchikita\n|player|p2|\n|l|\u2606Coreydfgh\n|player|p1|\n","uploadtime":1771047408,"views":28,"formatid":"gen9vgc2026regi","rating":1081,"private":0,"password":null}