{"id":"gen9vgc2026regi-2560091387","format":"[Gen 9] VGC 2026 Reg I","players":["ZYJHENGREG","b3testing"],"log":"|j|\u2606ZYJHENGREG\n|j|\u2606b3testing\n|t:|1773650293\n|gametype|doubles\n|player|p1|ZYJHENGREG|101|1450\n|player|p2|b3testing|1|1477\n|gen|9\n|tier|[Gen 9] VGC 2026 Reg I\n|rated|\n|rule|Species Clause: Limit one of each Pok\u00e9mon\n|rule|Item Clause: Limit 1 of each item\n|clearpoke\n|poke|p1|Koraidon, L50|\n|poke|p1|Lunala, L50|\n|poke|p1|Chi-Yu, L50|\n|poke|p1|Flutter Mane, L50|\n|poke|p1|Indeedee-F, L50, F|\n|poke|p1|Brute Bonnet, L50|\n|poke|p2|Terapagos, L50, M|\n|poke|p2|Calyrex-Shadow, L50|\n|poke|p2|Incineroar, L50, M|\n|poke|p2|Amoonguss, L50, F|\n|poke|p2|Tornadus, L50, M|\n|poke|p2|Smeargle, L50, F|\n|teampreview|4\n|inactive|Battle timer is ON: inactive players will automatically lose when time's up. (requested by b3testing)\n|inactive|ZYJHENGREG also wants the timer to be on.\n|\n|t:|1773650318\n|teamsize|p1|4\n|teamsize|p2|4\n|start\n|switch|p1a: Chi-Yu|Chi-Yu, L50|100/100\n|switch|p1b: Flutter Mane|Flutter Mane, L50|100/100\n|switch|p2a: Terapagos|Terapagos, L50, M|100/100\n|switch|p2b: Smeargle|Smeargle, L50, F|100/100\n|-activate|p2a: Terapagos|ability: Tera Shift\n|detailschange|p2a: Terapagos|Terapagos-Terastal, L50, M\n|-heal|p2a: Terapagos|100/100|[silent]\n|-ability|p1a: Chi-Yu|Beads of Ruin\n|turn|1\n|inactive|b3testing has 30 seconds left.\n|\n|t:|1773650349\n|move|p2b: Smeargle|Fake Out|p1a: Chi-Yu\n|-damage|p1a: Chi-Yu|92/100\n|cant|p1a: Chi-Yu|flinch\n|move|p1b: Flutter Mane|Icy Wind|p2a: Terapagos|[spread] p2a,p2b\n|-activate|p2a: Terapagos|ability: Tera Shell\n|-resisted|p2a: Terapagos\n|-damage|p2a: Terapagos|92/100\n|-damage|p2b: Smeargle|60/100\n|-unboost|p2b: Smeargle|spe|1\n|move|p2a: Terapagos|Calm Mind|p2a: Terapagos\n|-boost|p2a: Terapagos|spa|1\n|-boost|p2a: Terapagos|spd|1\n|\n|-ability|p2b: Smeargle|Moody|boost\n|-boost|p2b: Smeargle|spa|2\n|-unboost|p2b: Smeargle|atk|1\n|upkeep\n|turn|2\n|inactive|ZYJHENGREG has 30 seconds left.\n|inactive|ZYJHENGREG has 20 seconds left.\n|\n|t:|1773650387\n|move|p2a: Terapagos|Protect|p2a: Terapagos\n|-singleturn|p2a: Terapagos|Protect\n|move|p1a: Chi-Yu|Dark Pulse|p2a: Terapagos\n|-activate|p2a: Terapagos|move: Protect\n|move|p1b: Flutter Mane|Moonblast|p2b: Smeargle\n|-damage|p2b: Smeargle|0 fnt\n|faint|p2b: Smeargle\n|\n|upkeep\n|\n|t:|1773650395\n|switch|p2b: Tornadus|Tornadus, L50, M|100/100\n|turn|3\n|\n|t:|1773650407\n|-end|p1b: Flutter Mane|Protosynthesis|[silent]\n|switch|p1b: Brute Bonnet|Brute Bonnet, L50|100/100\n|-terastallize|p2a: Terapagos|Stellar\n|detailschange|p2a: Terapagos|Terapagos-Stellar, L50, M, tera:Stellar\n|-heal|p2a: Terapagos|94/100|[silent]\n|move|p2b: Tornadus|Tailwind|p2b: Tornadus\n|-sidestart|p2: b3testing|move: Tailwind\n|move|p1a: Chi-Yu|Dark Pulse|p2a: Terapagos\n|-crit|p2a: Terapagos\n|-damage|p2a: Terapagos|41/100\n|move|p2a: Terapagos|Tera Starstorm|p1b: Brute Bonnet|[spread] p1a,p1b\n|-damage|p1a: Chi-Yu|22/100\n|-damage|p1b: Brute Bonnet|42/100\n|-enditem|p1b: Brute Bonnet|Sitrus Berry|[eat]\n|-heal|p1b: Brute Bonnet|67/100|[from] item: Sitrus Berry\n|\n|upkeep\n|turn|4\n|\n|t:|1773650427\n|move|p2b: Tornadus|Bleakwind Storm|p1a: Chi-Yu|[spread] \n|-miss|p2b: Tornadus|p1a: Chi-Yu\n|-miss|p2b: Tornadus|p1b: Brute Bonnet\n|move|p1a: Chi-Yu|Dark Pulse|p2b: Tornadus\n|-damage|p2b: Tornadus|32/100\n|move|p2a: Terapagos|Tera Starstorm|p1a: Chi-Yu|[spread] p1a,p1b\n|-damage|p1a: Chi-Yu|0 fnt\n|-damage|p1b: Brute Bonnet|12/100\n|faint|p1a: Chi-Yu\n|move|p1b: Brute Bonnet|Spore|p2a: Terapagos\n|-status|p2a: Terapagos|slp|[from] move: Spore\n|\n|upkeep\n|\n|t:|1773650443\n|switch|p1a: Koraidon|Koraidon, L50|100/100\n|-weather|SunnyDay|[from] ability: Orichalcum Pulse|[of] p1a: Koraidon\n|-activate|p1b: Brute Bonnet|ability: Protosynthesis\n|-start|p1b: Brute Bonnet|protosynthesisdef\n|-activate|p1a: Koraidon|Orichalcum Pulse|[source]\n|turn|5\n|\n|t:|1773650452\n|-terastallize|p1a: Koraidon|Fire\n|move|p1b: Brute Bonnet|Sucker Punch|p2b: Tornadus\n|-damage|p2b: Tornadus|3/100\n|move|p2b: Tornadus|Bleakwind Storm|p1a: Koraidon|[spread] p1a,p1b\n|-supereffective|p1b: Brute Bonnet\n|-damage|p1a: Koraidon|58/100\n|-damage|p1b: Brute Bonnet|0 fnt\n|faint|p1b: Brute Bonnet\n|-end|p1b: Brute Bonnet|Protosynthesis|[silent]\n|cant|p2a: Terapagos|slp\n|move|p1a: Koraidon|Flame Charge|p2b: Tornadus\n|-damage|p2b: Tornadus|0 fnt\n|-boost|p1a: Koraidon|spe|1\n|faint|p2b: Tornadus\n|-damage|p1a: Koraidon|48/100|[from] item: Life Orb\n|\n|-weather|SunnyDay|[upkeep]\n|upkeep\n|\n|t:|1773650460\n|switch|p2b: Calyrex|Calyrex-Shadow, L50|100/100\n|switch|p1b: Flutter Mane|Flutter Mane, L50|100/100\n|-ability|p2b: Calyrex|As One\n|-ability|p2b: Calyrex|Unnerve\n|-activate|p1b: Flutter Mane|ability: Protosynthesis\n|-start|p1b: Flutter Mane|protosynthesisspe\n|turn|6\n|\n|t:|1773650477\n|move|p1b: Flutter Mane|Protect|p1b: Flutter Mane\n|-singleturn|p1b: Flutter Mane|Protect\n|move|p1a: Koraidon|Protect|p1a: Koraidon\n|-singleturn|p1a: Koraidon|Protect\n|move|p2b: Calyrex|Astral Barrage|p1b: Flutter Mane|[spread] \n|-activate|p1a: Koraidon|move: Protect\n|-activate|p1b: Flutter Mane|move: Protect\n|cant|p2a: Terapagos|slp\n|\n|-weather|SunnyDay|[upkeep]\n|-sideend|p2: b3testing|move: Tailwind\n|upkeep\n|turn|7\n|\n|t:|1773650489\n|move|p1b: Flutter Mane|Icy Wind|p2a: Terapagos|[spread] p2a,p2b\n|-damage|p2a: Terapagos|35/100 slp\n|-damage|p2b: Calyrex|86/100\n|-unboost|p2b: Calyrex|spe|1\n|move|p1a: Koraidon|Close Combat|p2a: Terapagos\n|-supereffective|p2a: Terapagos\n|-damage|p2a: Terapagos|0 fnt\n|-unboost|p1a: Koraidon|def|1\n|-unboost|p1a: Koraidon|spd|1\n|faint|p2a: Terapagos\n|detailschange|p2: Terapagos|Terapagos, L50, M|[silent]\n|-damage|p1a: Koraidon|39/100|[from] item: Life Orb\n|move|p2b: Calyrex|Astral Barrage|p1b: Flutter Mane|[spread] p1a,p1b\n|-supereffective|p1b: Flutter Mane\n|-damage|p1a: Koraidon|0 fnt\n|-enditem|p1b: Flutter Mane|Focus Sash\n|-damage|p1b: Flutter Mane|1/100\n|faint|p1a: Koraidon\n|-ability|p2b: Calyrex|Grim Neigh|boost\n|-boost|p2b: Calyrex|spa|1\n|-damage|p2b: Calyrex|77/100|[from] item: Life Orb\n|\n|-weather|SunnyDay|[upkeep]\n|upkeep\n|turn|8\n|\n|t:|1773650498\n|move|p1b: Flutter Mane|Shadow Ball|p2b: Calyrex\n|-supereffective|p2b: Calyrex\n|-damage|p2b: Calyrex|0 fnt\n|faint|p2b: Calyrex\n|\n|win|ZYJHENGREG\n|raw|ZYJHENGREG's rating: 1450 &rarr; <strong>1472</strong><br />(+22 for winning)\n|raw|b3testing's rating: 1477 &rarr; <strong>1455</strong><br />(-22 for losing)\n|l|\u2606b3testing\n|player|p2|\n|l|\u2606ZYJHENGREG\n|player|p1|\n","uploadtime":1773650760,"views":16,"formatid":"gen9vgc2026regi","rating":1455,"private":0,"password":null}