{"id":"gen9vgc2026regi-2561270437","format":"[Gen 9] VGC 2026 Reg I","players":["Leonrz25","It'sJustKen VGC"],"log":"|j|\u2606Leonrz25\n|j|\u2606It'sJustKen VGC\n|t:|1773779101\n|gametype|doubles\n|player|p1|Leonrz25|170|1244\n|player|p2|It'sJustKen VGC|102|1354\n|gen|9\n|tier|[Gen 9] VGC 2026 Reg I\n|rated|\n|rule|Species Clause: Limit one of each Pok\u00e9mon\n|rule|Item Clause: Limit 1 of each item\n|clearpoke\n|poke|p1|Miraidon, L50|\n|poke|p1|Incineroar, L50, M|\n|poke|p1|Landorus, L50, M|\n|poke|p1|Farigiraf, L50, M|\n|poke|p1|Lunala, L50|\n|poke|p1|Iron Hands, L50|\n|poke|p2|Iron Hands, L50|\n|poke|p2|Incineroar, L50, F|\n|poke|p2|Calyrex-Shadow, L50|\n|poke|p2|Whimsicott, L50, M|\n|poke|p2|Farigiraf, L50, M|\n|poke|p2|Miraidon, L50|\n|teampreview|4\n|inactive|Battle timer is ON: inactive players will automatically lose when time's up. (requested by It'sJustKen VGC)\n|\n|t:|1773779115\n|teamsize|p1|4\n|teamsize|p2|4\n|start\n|switch|p1a: Lunala|Lunala, L50, shiny|100/100\n|switch|p1b: Miraidon|Miraidon, L50, shiny|100/100\n|switch|p2a: Farigiraf|Farigiraf, L50, M|100/100\n|switch|p2b: Miraidon|Miraidon, L50, shiny|100/100\n|-fieldstart|move: Electric Terrain|[from] ability: Hadron Engine|[of] p1b: Miraidon\n|-enditem|p2a: Farigiraf|Electric Seed\n|-boost|p2a: Farigiraf|def|1|[from] item: Electric Seed\n|-activate|p2b: Miraidon|ability: Hadron Engine\n|turn|1\n|\n|t:|1773779133\n|-terastallize|p2b: Miraidon|Fairy\n|move|p1b: Miraidon|Volt Switch|p2a: Farigiraf\n|-damage|p2a: Farigiraf|38/100\n|\n|t:|1773779138\n|switch|p1b: Iron Hands|Iron Hands, L50|100/100|[from] Volt Switch\n|-activate|p1b: Iron Hands|ability: Quark Drive\n|-start|p1b: Iron Hands|quarkdriveatk\n|move|p2b: Miraidon|Dazzling Gleam|p1a: Lunala|[spread] p1a,p1b\n|-supereffective|p1b: Iron Hands\n|-crit|p1b: Iron Hands\n|-damage|p1a: Lunala|77/100\n|-damage|p1b: Iron Hands|0 fnt\n|faint|p1b: Iron Hands\n|-end|p1b: Iron Hands|Quark Drive|[silent]\n|move|p1a: Lunala|Meteor Beam||[still]\n|-prepare|p1a: Lunala|Meteor Beam\n|-boost|p1a: Lunala|spa|1\n|-enditem|p1a: Lunala|Power Herb\n|-anim|p1a: Lunala|Meteor Beam|p2b: Miraidon\n|-damage|p2b: Miraidon|45/100\n|move|p2a: Farigiraf|Psychic|p1a: Lunala\n|-resisted|p1a: Lunala\n|-damage|p1a: Lunala|64/100\n|\n|upkeep\n|\n|t:|1773779154\n|switch|p1b: Miraidon|Miraidon, L50, shiny|100/100\n|-activate|p1b: Miraidon|ability: Hadron Engine\n|turn|2\n|\n|t:|1773779164\n|switch|p2b: Iron Hands|Iron Hands, L50|100/100\n|-activate|p2b: Iron Hands|ability: Quark Drive\n|-start|p2b: Iron Hands|quarkdriveatk\n|move|p1b: Miraidon|Electro Drift|p2b: Iron Hands\n|-resisted|p2b: Iron Hands\n|-damage|p2b: Iron Hands|74/100\n|move|p1a: Lunala|Moonblast|p2a: Farigiraf\n|-damage|p2a: Farigiraf|0 fnt\n|faint|p2a: Farigiraf\n|\n|upkeep\n|\n|t:|1773779174\n|switch|p2a: Miraidon|Miraidon, L50, shiny, tera:Fairy|45/100\n|-activate|p2a: Miraidon|ability: Hadron Engine\n|turn|3\n|\n|t:|1773779185\n|switch|p1b: Incineroar|Incineroar, L50, M|100/100\n|-ability|p1b: Incineroar|Intimidate|boost\n|-unboost|p2a: Miraidon|atk|1\n|-unboost|p2b: Iron Hands|atk|1\n|move|p2b: Iron Hands|Fake Out|p1b: Incineroar\n|-damage|p1b: Incineroar|86/100\n|-damage|p2b: Iron Hands|57/100|[from] item: Rocky Helmet|[of] p1b: Incineroar\n|move|p2a: Miraidon|Electro Drift|p1a: Lunala\n|-damage|p1a: Lunala|0 fnt\n|faint|p1a: Lunala\n|\n|upkeep\n|\n|t:|1773779198\n|switch|p1a: Miraidon|Miraidon, L50, shiny|100/100\n|-activate|p1a: Miraidon|ability: Hadron Engine\n|turn|4\n|\n|t:|1773779210\n|-end|p2b: Iron Hands|Quark Drive|[silent]\n|switch|p2b: Incineroar|Incineroar, L50, F|100/100\n|-ability|p2b: Incineroar|Intimidate|boost\n|-unboost|p1a: Miraidon|atk|1\n|-unboost|p1b: Incineroar|atk|1\n|-terastallize|p1a: Miraidon|Fairy\n|move|p1a: Miraidon|Dazzling Gleam|p2b: Incineroar|[spread] p2a,p2b\n|-damage|p2a: Miraidon|12/100\n|-damage|p2b: Incineroar|63/100\n|move|p2a: Miraidon|Electro Drift|p1b: Incineroar\n|-damage|p1b: Incineroar|0 fnt\n|-damage|p2a: Miraidon|0 fnt|[from] item: Rocky Helmet|[of] p1b: Incineroar\n|faint|p1b: Incineroar\n|faint|p2a: Miraidon\n|\n|upkeep\n|\n|t:|1773779214\n|switch|p2a: Iron Hands|Iron Hands, L50|57/100\n|-activate|p2a: Iron Hands|ability: Quark Drive\n|-start|p2a: Iron Hands|quarkdriveatk\n|turn|5\n|\n|t:|1773779227\n|move|p2b: Incineroar|Fake Out|p1a: Miraidon\n|-damage|p1a: Miraidon|91/100\n|cant|p1a: Miraidon|flinch\n|move|p2a: Iron Hands|Wild Charge|p1a: Miraidon\n|-damage|p1a: Miraidon|10/100\n|-damage|p2a: Iron Hands|41/100|[from] Recoil\n|\n|-fieldend|move: Electric Terrain\n|-end|p2a: Iron Hands|Quark Drive\n|upkeep\n|turn|6\n|\n|t:|1773779236\n|move|p1a: Miraidon|Dazzling Gleam|p2a: Iron Hands|[spread] p2a,p2b\n|-supereffective|p2a: Iron Hands\n|-damage|p2a: Iron Hands|3/100\n|-damage|p2b: Incineroar|38/100\n|move|p2b: Incineroar|Flare Blitz|p1a: Miraidon\n|-damage|p1a: Miraidon|0 fnt\n|faint|p1a: Miraidon\n|-damage|p2b: Incineroar|35/100|[from] Recoil\n|\n|win|It'sJustKen VGC\n|raw|Leonrz25's rating: 1244 &rarr; <strong>1227</strong><br />(-17 for losing)\n|raw|It&apos;sJustKen VGC's rating: 1354 &rarr; <strong>1368</strong><br />(+14 for winning)\n|l|\u2606Leonrz25\n|player|p1|\n|l|\u2606It'sJustKen VGC\n|player|p2|\n|j|\u2606It'sJustKen VGC\n|player|p2|It'sJustKen VGC|102|\n","uploadtime":1773779242,"views":10,"formatid":"gen9vgc2026regi","rating":1227,"private":0,"password":null}