{"id":"gen9vgc2026regi-2559659920","format":"[Gen 9] VGC 2026 Reg I","players":["shecallmedada","Nasch1312"],"log":"|j|\u2606shecallmedada\n|j|\u2606Nasch1312\n|t:|1773597001\n|gametype|doubles\n|player|p1|shecallmedada|burglar-gen1rb|1154\n|player|p2|Nasch1312|hilbert|1254\n|gen|9\n|tier|[Gen 9] VGC 2026 Reg I\n|rated|\n|rule|Species Clause: Limit one of each Pok\u00e9mon\n|rule|Item Clause: Limit 1 of each item\n|clearpoke\n|poke|p1|Koraidon, L50|\n|poke|p1|Miraidon, L50|\n|poke|p1|Flutter Mane, L50|\n|poke|p1|Ogerpon-Cornerstone, L50, F|\n|poke|p1|Incineroar, L50, F|\n|poke|p1|Toxapex, L50, F|\n|poke|p2|Zamazenta-*, L50|\n|poke|p2|Calyrex-Shadow, L50|\n|poke|p2|Dragonite, L50, M|\n|poke|p2|Chien-Pao, L50|\n|poke|p2|Raging Bolt, L50|\n|poke|p2|Clefairy, L50, F|\n|teampreview|4\n|inactive|Battle timer is ON: inactive players will automatically lose when time's up. (requested by shecallmedada)\n|\n|t:|1773597034\n|teamsize|p1|4\n|teamsize|p2|4\n|start\n|switch|p1a: Flintmobile|Koraidon, L50|100/100\n|switch|p1b: Fatbike|Miraidon, L50|100/100\n|switch|p2a: Electry|Raging Bolt, L50|100/100\n|switch|p2b: Chiey|Chien-Pao, L50|100/100\n|-fieldstart|move: Electric Terrain|[from] ability: Hadron Engine|[of] p1b: Fatbike\n|-enditem|p1a: Flintmobile|Electric Seed\n|-boost|p1a: Flintmobile|def|1|[from] item: Electric Seed\n|-ability|p2b: Chiey|Sword of Ruin\n|-weather|SunnyDay|[from] ability: Orichalcum Pulse|[of] p1a: Flintmobile\n|-activate|p2a: Electry|ability: Protosynthesis\n|-start|p2a: Electry|protosynthesisspa\n|-activate|p1a: Flintmobile|Orichalcum Pulse|[source]\n|turn|1\n|inactive|Nasch1312 has 30 seconds left.\n|\n|t:|1773597068\n|-terastallize|p1a: Flintmobile|Fire\n|move|p1b: Fatbike|Volt Switch|p2b: Chiey\n|-enditem|p2b: Chiey|Focus Sash\n|-damage|p2b: Chiey|1/100\n|\n|t:|1773597089\n|switch|p1b: PivotPurpleWatrPex|Toxapex, L50, F|100/100|[from] Volt Switch\n|move|p2b: Chiey|Icy Wind|p1b: PivotPurpleWatrPex|[spread] p1a,p1b\n|-resisted|p1a: Flintmobile\n|-resisted|p1b: PivotPurpleWatrPex\n|-damage|p1a: Flintmobile|95/100\n|-damage|p1b: PivotPurpleWatrPex|97/100\n|-unboost|p1a: Flintmobile|spe|1\n|-unboost|p1b: PivotPurpleWatrPex|spe|1\n|move|p2a: Electry|Snarl|p1b: PivotPurpleWatrPex|[spread] p1a,p1b\n|-damage|p1a: Flintmobile|78/100\n|-damage|p1b: PivotPurpleWatrPex|81/100\n|-unboost|p1a: Flintmobile|spa|1\n|-unboost|p1b: PivotPurpleWatrPex|spa|1\n|move|p1a: Flintmobile|Flame Charge|p2b: Chiey\n|-supereffective|p2b: Chiey\n|-damage|p2b: Chiey|0 fnt\n|-boost|p1a: Flintmobile|spe|1\n|faint|p2b: Chiey\n|\n|-weather|SunnyDay|[upkeep]\n|upkeep\n|\n|t:|1773597107\n|switch|p2b: Calyrex|Calyrex-Shadow, L50|100/100\n|-ability|p2b: Calyrex|As One\n|-ability|p2b: Calyrex|Unnerve\n|turn|2\n|\n|t:|1773597124\n|-terastallize|p2b: Calyrex|Normal\n|move|p1b: PivotPurpleWatrPex|Wide Guard|p1b: PivotPurpleWatrPex\n|-singleturn|p1b: PivotPurpleWatrPex|Wide Guard\n|move|p2b: Calyrex|Astral Barrage|p1b: PivotPurpleWatrPex|[spread] \n|-activate|p1a: Flintmobile|move: Wide Guard\n|-activate|p1b: PivotPurpleWatrPex|move: Wide Guard\n|move|p1a: Flintmobile|Flare Blitz|p2b: Calyrex\n|-damage|p2b: Calyrex|0 fnt\n|faint|p2b: Calyrex\n|-damage|p1a: Flintmobile|48/100|[from] Recoil\n|move|p2a: Electry|Volt Switch|p1a: Flintmobile\n|-damage|p1a: Flintmobile|0 fnt\n|faint|p1a: Flintmobile\n|\n|t:|1773597137\n|-end|p2a: Electry|Protosynthesis|[silent]\n|switch|p2a: Zamazenta|Zamazenta-Crowned, L50|100/100|[from] Volt Switch\n|-ability|p2a: Zamazenta|Dauntless Shield|boost\n|-boost|p2a: Zamazenta|def|1\n|\n|-weather|SunnyDay|[upkeep]\n|upkeep\n|\n|t:|1773597145\n|switch|p2b: Electry|Raging Bolt, L50|100/100\n|switch|p1a: 3.1415926534|Flutter Mane, L50|100/100\n|-activate|p1a: 3.1415926534|ability: Protosynthesis\n|-start|p1a: 3.1415926534|protosynthesisspe\n|-activate|p2b: Electry|ability: Protosynthesis\n|-start|p2b: Electry|protosynthesisspa\n|turn|3\n|\n|t:|1773597152\n|move|p1b: PivotPurpleWatrPex|Baneful Bunker|p1b: PivotPurpleWatrPex\n|-singleturn|p1b: PivotPurpleWatrPex|move: Protect\n|move|p1a: 3.1415926534|Moonblast|p2b: Electry\n|-supereffective|p2b: Electry\n|-damage|p2b: Electry|40/100\n|move|p2a: Zamazenta|Behemoth Bash|p1a: 3.1415926534\n|-supereffective|p1a: 3.1415926534\n|-enditem|p1a: 3.1415926534|Focus Sash\n|-damage|p1a: 3.1415926534|1/100\n|move|p2b: Electry|Volt Switch|p1b: PivotPurpleWatrPex\n|-activate|p1b: PivotPurpleWatrPex|move: Protect\n|\n|-weather|SunnyDay|[upkeep]\n|upkeep\n|turn|4\n|\n|t:|1773597175\n|move|p2b: Electry|Thunderclap|p1a: 3.1415926534\n|-damage|p1a: 3.1415926534|0 fnt\n|faint|p1a: 3.1415926534\n|-end|p1a: 3.1415926534|Protosynthesis|[silent]\n|move|p2a: Zamazenta|Body Press|p1b: PivotPurpleWatrPex\n|-resisted|p1b: PivotPurpleWatrPex\n|-damage|p1b: PivotPurpleWatrPex|56/100\n|-damage|p2a: Zamazenta|84/100|[from] item: Rocky Helmet|[of] p1b: PivotPurpleWatrPex\n|move|p1b: PivotPurpleWatrPex|Infestation|p2a: Zamazenta\n|-resisted|p2a: Zamazenta\n|-damage|p2a: Zamazenta|84/100\n|-activate|p2a: Zamazenta|move: Infestation|[of] p1b: PivotPurpleWatrPex\n|\n|-weather|SunnyDay|[upkeep]\n|-damage|p2a: Zamazenta|72/100|[from] move: Infestation|[partiallytrapped]\n|upkeep\n|\n|t:|1773597185\n|switch|p1a: Fatbike|Miraidon, L50|100/100\n|-activate|p1a: Fatbike|ability: Hadron Engine\n|turn|5\n|\n|t:|1773597207\n|move|p2b: Electry|Thunderclap|p1a: Fatbike\n|-resisted|p1a: Fatbike\n|-damage|p1a: Fatbike|88/100\n|move|p1a: Fatbike|Draco Meteor|p2b: Electry\n|-supereffective|p2b: Electry\n|-damage|p2b: Electry|0 fnt\n|-unboost|p1a: Fatbike|spa|2\n|faint|p2b: Electry\n|-end|p2b: Electry|Protosynthesis|[silent]\n|move|p2a: Zamazenta|Body Press|p1a: Fatbike\n|-damage|p1a: Fatbike|22/100\n|move|p1b: PivotPurpleWatrPex|Infestation|p2a: Zamazenta\n|-resisted|p2a: Zamazenta\n|-damage|p2a: Zamazenta|71/100\n|\n|-weather|none\n|-damage|p2a: Zamazenta|59/100|[from] move: Infestation|[partiallytrapped]\n|-fieldend|move: Electric Terrain\n|upkeep\n|turn|6\n|\n|t:|1773597227\n|move|p1a: Fatbike|Draco Meteor|p2a: Zamazenta\n|-resisted|p2a: Zamazenta\n|-damage|p2a: Zamazenta|48/100\n|-unboost|p1a: Fatbike|spa|2\n|move|p2a: Zamazenta|Body Press|p1a: Fatbike\n|-damage|p1a: Fatbike|0 fnt\n|faint|p1a: Fatbike\n|move|p1b: PivotPurpleWatrPex|Infestation|p2a: Zamazenta\n|-resisted|p2a: Zamazenta\n|-damage|p2a: Zamazenta|47/100\n|\n|-damage|p2a: Zamazenta|35/100|[from] move: Infestation|[partiallytrapped]\n|upkeep\n|turn|7\n|\n|t:|1773597235\n|move|p2a: Zamazenta|Behemoth Bash|p1b: PivotPurpleWatrPex\n|-resisted|p1b: PivotPurpleWatrPex\n|-damage|p1b: PivotPurpleWatrPex|43/100\n|-damage|p2a: Zamazenta|19/100|[from] item: Rocky Helmet|[of] p1b: PivotPurpleWatrPex\n|move|p1b: PivotPurpleWatrPex|Infestation|p2a: Zamazenta\n|-resisted|p2a: Zamazenta\n|-damage|p2a: Zamazenta|18/100\n|\n|-damage|p2a: Zamazenta|6/100|[from] move: Infestation|[partiallytrapped]\n|upkeep\n|turn|8\n|\n|t:|1773597243\n|move|p2a: Zamazenta|Body Press|p1b: PivotPurpleWatrPex\n|-resisted|p1b: PivotPurpleWatrPex\n|-damage|p1b: PivotPurpleWatrPex|20/100\n|-damage|p2a: Zamazenta|0 fnt|[from] item: Rocky Helmet|[of] p1b: PivotPurpleWatrPex\n|faint|p2a: Zamazenta\n|\n|win|shecallmedada\n|raw|shecallmedada's rating: 1154 &rarr; <strong>1186</strong><br />(+32 for winning)\n|raw|Nasch1312's rating: 1254 &rarr; <strong>1222</strong><br />(-32 for losing)\n|l|\u2606Nasch1312\n|player|p2|\n|l|\u2606shecallmedada\n|player|p1|\n","uploadtime":1773597494,"views":11,"formatid":"gen9vgc2026regi","rating":1186,"private":0,"password":null}