{"id":"gen9vgc2026regi-2582452964","format":"[Gen 9] VGC 2026 Reg I","players":["Dragoonlong1","Lil Tic"],"log":"|j|\u2606Dragoonlong1\n|j|\u2606Lil Tic\n|t:|1776092655\n|gametype|doubles\n|player|p1|Dragoonlong1|cynthia|1361\n|player|p2|Lil Tic|101|1452\n|gen|9\n|tier|[Gen 9] VGC 2026 Reg I\n|rated|\n|rule|Species Clause: Limit one of each Pok\u00e9mon\n|rule|Item Clause: Limit 1 of each item\n|clearpoke\n|poke|p1|Muk-Alola, L50, F|\n|poke|p1|Smeargle, L50, F|\n|poke|p1|Calyrex-Shadow, L50|\n|poke|p1|Kyogre, L50|\n|poke|p1|Flamigo, L50, F|\n|poke|p1|Rillaboom, L50, F|\n|poke|p2|Koraidon, L50|\n|poke|p2|Flutter Mane, L50|\n|poke|p2|Ho-Oh, L50|\n|poke|p2|Incineroar, L50, F|\n|poke|p2|Amoonguss, L50, M|\n|poke|p2|Ting-Lu, L50|\n|teampreview|4\n|\n|t:|1776092690\n|teamsize|p1|4\n|teamsize|p2|4\n|start\n|switch|p1a: Muk|Muk-Alola, L50, F|100/100\n|switch|p1b: Smeargle|Smeargle, L50, F|100/100\n|switch|p2a: Incineroar|Incineroar, L50, F|100/100\n|switch|p2b: Koraidon|Koraidon, L50|100/100\n|-weather|SunnyDay|[from] ability: Orichalcum Pulse|[of] p2b: Koraidon\n|-activate|p2b: Koraidon|Orichalcum Pulse|[source]\n|-ability|p2a: Incineroar|Intimidate|boost\n|-unboost|p1a: Muk|atk|1\n|-unboost|p1b: Smeargle|atk|1\n|turn|1\n|\n|t:|1776092720\n|-terastallize|p1b: Smeargle|Ghost\n|move|p1a: Muk|Protect|p1a: Muk\n|-singleturn|p1a: Muk|Protect\n|move|p2a: Incineroar|Fake Out|p1a: Muk\n|-activate|p1a: Muk|move: Protect\n|move|p2b: Koraidon|Collision Course|p1b: Smeargle\n|-immune|p1b: Smeargle\n|move|p1b: Smeargle|Spore|p2b: Koraidon\n|-status|p2b: Koraidon|slp|[from] move: Spore\n|\n|-weather|SunnyDay|[upkeep]\n|-ability|p1b: Smeargle|Moody|boost\n|-boost|p1b: Smeargle|spd|2\n|-unboost|p1b: Smeargle|spa|1\n|upkeep\n|turn|2\n|\n|t:|1776092740\n|cant|p2b: Koraidon|slp\n|move|p1b: Smeargle|Spore|p2a: Incineroar\n|-activate|p2a: Incineroar|item: Safety Goggles|Spore\n|move|p2a: Incineroar|Knock Off|p1a: Muk\n|-resisted|p1a: Muk\n|-damage|p1a: Muk|85/100\n|-enditem|p1a: Muk|Leftovers|[from] move: Knock Off|[of] p2a: Incineroar\n|move|p1a: Muk|Minimize|p1a: Muk\n|-boost|p1a: Muk|evasion|2\n|\n|-weather|SunnyDay|[upkeep]\n|-ability|p1b: Smeargle|Moody|boost\n|-boost|p1b: Smeargle|spe|2\n|-unboost|p1b: Smeargle|spa|1\n|upkeep\n|turn|3\n|\n|t:|1776092749\n|move|p1b: Smeargle|Salt Cure|p2b: Koraidon\n|-resisted|p2b: Koraidon\n|-damage|p2b: Koraidon|99/100 slp\n|-start|p2b: Koraidon|Salt Cure\n|-curestatus|p2b: Koraidon|slp|[msg]\n|move|p2b: Koraidon|Flare Blitz|p1a: Muk\n|-damage|p1a: Muk|0 fnt\n|faint|p1a: Muk\n|-damage|p2b: Koraidon|66/100|[from] Recoil\n|-damage|p2b: Koraidon|56/100|[from] item: Life Orb\n|move|p2a: Incineroar|Flare Blitz|p1b: Smeargle\n|-enditem|p1b: Smeargle|Focus Sash\n|-damage|p1b: Smeargle|1/100\n|-status|p1b: Smeargle|brn\n|-damage|p2a: Incineroar|79/100|[from] Recoil\n|\n|-weather|SunnyDay|[upkeep]\n|-damage|p1b: Smeargle|0 fnt|[from] brn\n|faint|p1b: Smeargle\n|-damage|p2b: Koraidon|44/100|[from] Salt Cure\n|upkeep\n|\n|t:|1776092758\n|switch|p1b: Kyogre|Kyogre, L50|100/100\n|switch|p1a: \u6709\u8010\u4e45|Calyrex-Shadow, L50|100/100\n|-ability|p1a: \u6709\u8010\u4e45|As One\n|-ability|p1a: \u6709\u8010\u4e45|Unnerve\n|-weather|RainDance|[from] ability: Drizzle|[of] p1b: Kyogre\n|turn|4\n|\n|t:|1776092785\n|switch|p2b: Ho-Oh|Ho-Oh, L50|100/100\n|move|p1b: Kyogre|Water Spout|p2a: Incineroar|[spread] p2a,p2b\n|-supereffective|p2a: Incineroar\n|-supereffective|p2b: Ho-Oh\n|-damage|p2a: Incineroar|0 fnt\n|-damage|p2b: Ho-Oh|0 fnt\n|faint|p2a: Incineroar\n|faint|p2b: Ho-Oh\n|move|p1a: \u6709\u8010\u4e45|Astral Barrage|p2: Incineroar|[notarget]\n|-fail|p1a: \u6709\u8010\u4e45\n|\n|-weather|RainDance|[upkeep]\n|upkeep\n|\n|t:|1776092788\n|switch|p2b: Ting-Lu|Ting-Lu, L50|100/100\n|switch|p2a: Koraidon|Koraidon, L50|44/100\n|-weather|SunnyDay|[from] ability: Orichalcum Pulse|[of] p2a: Koraidon\n|-activate|p2a: Koraidon|Orichalcum Pulse|[source]\n|-ability|p2b: Ting-Lu|Vessel of Ruin\n|turn|5\n|\n|t:|1776092817\n|move|p1b: Kyogre|Water Spout|p2b: Ting-Lu|[spread] p2a,p2b\n|-resisted|p2a: Koraidon\n|-supereffective|p2b: Ting-Lu\n|-damage|p2a: Koraidon|30/100\n|-damage|p2b: Ting-Lu|68/100\n|move|p1a: \u6709\u8010\u4e45|Astral Barrage|p2b: Ting-Lu|[spread] p2a,p2b\n|-resisted|p2b: Ting-Lu\n|-crit|p2b: Ting-Lu\n|-damage|p2a: Koraidon|0 fnt\n|-damage|p2b: Ting-Lu|42/100\n|faint|p2a: Koraidon\n|-ability|p1a: \u6709\u8010\u4e45|Grim Neigh|boost\n|-boost|p1a: \u6709\u8010\u4e45|spa|1\n|move|p2b: Ting-Lu|Stomping Tantrum|p1b: Kyogre\n|-damage|p1b: Kyogre|68/100\n|\n|-weather|SunnyDay|[upkeep]\n|-heal|p2b: Ting-Lu|48/100|[from] item: Leftovers\n|upkeep\n|turn|6\n|c|\u2606Lil Tic|gg\n|-message|Lil Tic forfeited.\n|\n|win|Dragoonlong1\n|raw|Dragoonlong1's rating: 1361 &rarr; <strong>1386</strong><br />(+25 for winning)\n|raw|Lil Tic's rating: 1452 &rarr; <strong>1427</strong><br />(-25 for losing)\n|l|\u2606Lil Tic\n|player|p2|\n|l|\u2606Dragoonlong1\n|player|p1|\n","uploadtime":1776093011,"views":8,"formatid":"gen9vgc2026regi","rating":1386,"private":0,"password":null}