{"id":"gen9vgc2026regi-2555107610","format":"[Gen 9] VGC 2026 Reg I","players":["amaya122725k","SycrasisEU"],"log":"|j|\u2606amaya122725k\n|j|\u2606SycrasisEU\n|t:|1773058650\n|gametype|doubles\n|player|p1|amaya122725k|hooligans|1184\n|player|p2|SycrasisEU|pryce|1115\n|gen|9\n|tier|[Gen 9] VGC 2026 Reg I\n|rated|\n|rule|Species Clause: Limit one of each Pok\u00e9mon\n|rule|Item Clause: Limit 1 of each item\n|clearpoke\n|poke|p1|Calyrex-Shadow, L50|\n|poke|p1|Kyogre, L50|\n|poke|p1|Whimsicott, L50, M|\n|poke|p1|Archaludon, L50, M|\n|poke|p1|Cobalion, L50|\n|poke|p1|Fezandipiti, L50, M|\n|poke|p2|Kyurem-White, L50|\n|poke|p2|Calyrex-Ice, L50|\n|poke|p2|Abomasnow, L50, M|\n|poke|p2|Chien-Pao, L50|\n|poke|p2|Dewgong, L50, M|\n|poke|p2|Piloswine, L50, M|\n|teampreview|4\n|inactive|Battle timer is ON: inactive players will automatically lose when time's up. (requested by amaya122725k)\n|inactive|SycrasisEU has 60 seconds left.\n|inactive|SycrasisEU has 30 seconds left.\n|\n|t:|1773058711\n|teamsize|p1|4\n|teamsize|p2|4\n|start\n|switch|p1a: Whimsicott|Whimsicott, L50, M|100/100\n|switch|p1b: Kyogre|Kyogre, L50|100/100\n|switch|p2a: Calyrex|Calyrex-Ice, L50|100/100\n|switch|p2b: Dewgong|Dewgong, L50, M|100/100\n|-ability|p2a: Calyrex|As One\n|-ability|p2a: Calyrex|Unnerve\n|-weather|RainDance|[from] ability: Drizzle|[of] p1b: Kyogre\n|turn|1\n|\n|t:|1773058723\n|move|p2b: Dewgong|Fake Out|p1b: Kyogre\n|-damage|p1b: Kyogre|89/100\n|move|p1a: Whimsicott|Taunt|p2a: Calyrex\n|-start|p2a: Calyrex|move: Taunt\n|cant|p1b: Kyogre|flinch\n|cant|p2a: Calyrex|move: Taunt|Trick Room\n|\n|-weather|RainDance|[upkeep]\n|upkeep\n|turn|2\n|inactive|SycrasisEU has 30 seconds left.\n|\n|t:|1773058749\n|move|p1a: Whimsicott|Moonblast|p2a: Calyrex\n|-damage|p2a: Calyrex|77/100\n|move|p1b: Kyogre|Water Spout|p2b: Dewgong|[spread] p2a,p2b\n|-resisted|p2b: Dewgong\n|-damage|p2a: Calyrex|22/100\n|-damage|p2b: Dewgong|75/100\n|move|p2b: Dewgong|Flip Turn|p1b: Kyogre\n|-resisted|p1b: Kyogre\n|-damage|p1b: Kyogre|68/100\n|\n|t:|1773058759\n|switch|p2b: Abomasnow|Abomasnow, L50, M|100/100|[from] Flip Turn\n|-weather|Snowscape|[from] ability: Snow Warning|[of] p2b: Abomasnow\n|move|p2a: Calyrex|Glacial Lance|p1b: Kyogre|[spread] p1a,p1b\n|-supereffective|p1a: Whimsicott\n|-resisted|p1b: Kyogre\n|-enditem|p1a: Whimsicott|Focus Sash\n|-damage|p1a: Whimsicott|1/100\n|-damage|p1b: Kyogre|34/100\n|\n|-weather|Snowscape|[upkeep]\n|upkeep\n|turn|3\n|\n|t:|1773058778\n|switch|p2a: Dewgong|Dewgong, L50, M|75/100\n|move|p1a: Whimsicott|Moonblast|p2b: Abomasnow\n|-damage|p2b: Abomasnow|65/100\n|move|p1b: Kyogre|Origin Pulse|p2a: Dewgong|[spread] p2a,p2b\n|-resisted|p2a: Dewgong\n|-resisted|p2b: Abomasnow\n|-crit|p2b: Abomasnow\n|-damage|p2a: Dewgong|61/100\n|-damage|p2b: Abomasnow|27/100\n|move|p2b: Abomasnow|Blizzard|p1a: Whimsicott|[spread] p1a,p1b\n|-supereffective|p1a: Whimsicott\n|-resisted|p1b: Kyogre\n|-damage|p1a: Whimsicott|0 fnt\n|-damage|p1b: Kyogre|24/100\n|faint|p1a: Whimsicott\n|\n|-weather|Snowscape|[upkeep]\n|upkeep\n|\n|t:|1773058789\n|switch|p1a: Calyrex|Calyrex-Shadow, L50|100/100\n|-ability|p1a: Calyrex|As One\n|-ability|p1a: Calyrex|Unnerve\n|turn|4\n|\n|t:|1773058801\n|move|p2b: Abomasnow|Protect|p2b: Abomasnow\n|-singleturn|p2b: Abomasnow|Protect\n|move|p1a: Calyrex|Astral Barrage|p2a: Dewgong|[spread] p2a\n|-activate|p2b: Abomasnow|move: Protect\n|-damage|p2a: Dewgong|13/100\n|-damage|p1a: Calyrex|91/100|[from] item: Life Orb\n|move|p1b: Kyogre|Origin Pulse|p2a: Dewgong|[spread] \n|-activate|p2b: Abomasnow|move: Protect\n|-miss|p1b: Kyogre|p2a: Dewgong\n|move|p2a: Dewgong|Knock Off|p1a: Calyrex\n|-supereffective|p1a: Calyrex\n|-crit|p1a: Calyrex\n|-damage|p1a: Calyrex|0 fnt\n|-enditem|p1a: Calyrex|Life Orb|[from] move: Knock Off|[of] p2a: Dewgong\n|faint|p1a: Calyrex\n|\n|-weather|Snowscape|[upkeep]\n|upkeep\n|\n|t:|1773058813\n|switch|p1a: Archaludon|Archaludon, L50, M|100/100\n|turn|5\n|\n|t:|1773058836\n|move|p1b: Kyogre|Origin Pulse|p2b: Abomasnow|[spread] p2a,p2b\n|-resisted|p2a: Dewgong\n|-resisted|p2b: Abomasnow\n|-damage|p2a: Dewgong|0 fnt\n|-damage|p2b: Abomasnow|3/100\n|faint|p2a: Dewgong\n|move|p1a: Archaludon|Aura Sphere|p2b: Abomasnow\n|-supereffective|p2b: Abomasnow\n|-damage|p2b: Abomasnow|0 fnt\n|faint|p2b: Abomasnow\n|\n|-weather|Snowscape|[upkeep]\n|upkeep\n|\n|t:|1773058839\n|switch|p2a: Calyrex|Calyrex-Ice, L50|22/100\n|switch|p2b: Kyurem|Kyurem-White, L50|100/100\n|-ability|p2a: Calyrex|As One\n|-ability|p2a: Calyrex|Unnerve\n|-ability|p2b: Kyurem|Turboblaze\n|turn|6\n|\n|t:|1773058853\n|-terastallize|p2b: Kyurem|Ice\n|move|p2a: Calyrex|Protect|p2a: Calyrex\n|-singleturn|p2a: Calyrex|Protect\n|move|p1b: Kyogre|Origin Pulse|p2a: Calyrex|[spread] p2b\n|-activate|p2a: Calyrex|move: Protect\n|-damage|p2b: Kyurem|65/100\n|move|p1a: Archaludon|Steel Beam|p2b: Kyurem\n|-supereffective|p2b: Kyurem\n|-damage|p2b: Kyurem|0 fnt\n|-damage|p1a: Archaludon|50/100|[from] steelbeam\n|faint|p2b: Kyurem\n|\n|-weather|none\n|upkeep\n|turn|7\n|c|\u2606amaya122725k|its gg\n|c|\u2606SycrasisEU|it is\n|inactive|amaya122725k has 30 seconds left.\n|c|\u2606SycrasisEU|do it\n|\n|t:|1773058880\n|move|p1b: Kyogre|Origin Pulse|p2a: Calyrex\n|-crit|p2a: Calyrex\n|-damage|p2a: Calyrex|0 fnt\n|faint|p2a: Calyrex\n|\n|win|amaya122725k\n|raw|amaya122725k's rating: 1184 &rarr; <strong>1204</strong><br />(+20 for winning)\n|raw|SycrasisEU's rating: 1115 &rarr; <strong>1095</strong><br />(-20 for losing)\n|c|\u2606SycrasisEU|gg\n|l|\u2606amaya122725k\n|player|p1|\n|l|\u2606SycrasisEU\n|player|p2|\n","uploadtime":1773059278,"views":20,"formatid":"gen9vgc2026regi","rating":1095,"private":0,"password":null}