{"id":"gen9vgc2026regi-2553510021","format":"[Gen 9] VGC 2026 Reg I","players":["Pokemonst3r","Low Tier Goodra"],"log":"|j|\u2606Pokemonst3r\n|j|\u2606Low Tier Goodra\n|t:|1772838560\n|gametype|doubles\n|player|p1|Pokemonst3r|169|1557\n|player|p2|Low Tier Goodra|jasmine|1477\n|gen|9\n|tier|[Gen 9] VGC 2026 Reg I\n|rated|\n|rule|Species Clause: Limit one of each Pok\u00e9mon\n|rule|Item Clause: Limit 1 of each item\n|clearpoke\n|poke|p1|Chien-Pao, L50|\n|poke|p1|Calyrex-Shadow, L50|\n|poke|p1|Dondozo, L50, M|\n|poke|p1|Zamazenta-*, L50|\n|poke|p1|Dragonite, L50, M|\n|poke|p1|Tatsugiri, L50, F|\n|poke|p2|Calyrex-Ice, L50|\n|poke|p2|Kyogre, L50|\n|poke|p2|Sinistcha-Masterpiece, L50|\n|poke|p2|Rillaboom, L50, M|\n|poke|p2|Ursaluna, L50, M|\n|poke|p2|Incineroar, L50, M|\n|teampreview|4\n|inactive|Battle timer is ON: inactive players will automatically lose when time's up. (requested by Pokemonst3r)\n|inactive|Pokemonst3r has 60 seconds left.\n|inactive|Pokemonst3r has 30 seconds left.\n|\n|t:|1772838626\n|teamsize|p1|4\n|teamsize|p2|4\n|start\n|switch|p1a: Calyrex|Calyrex-Shadow, L50|100/100\n|switch|p1b: Dragonite|Dragonite, L50, M|100/100\n|switch|p2a: Rillaboom|Rillaboom, L50, M|100/100\n|switch|p2b: Calyrex|Calyrex-Ice, L50|100/100\n|-ability|p1a: Calyrex|As One\n|-ability|p1a: Calyrex|Unnerve\n|-ability|p2b: Calyrex|As One\n|-ability|p2b: Calyrex|Unnerve\n|-fieldstart|move: Grassy Terrain|[from] ability: Grassy Surge|[of] p2a: Rillaboom\n|turn|1\n|inactive|Low Tier Goodra has 30 seconds left.\n|\n|t:|1772838657\n|-terastallize|p1b: Dragonite|Normal\n|-terastallize|p2b: Calyrex|Water\n|move|p1b: Dragonite|Extreme Speed|p2a: Rillaboom\n|-damage|p2a: Rillaboom|32/100\n|move|p1a: Calyrex|Astral Barrage|p2a: Rillaboom|[spread] p2a,p2b\n|-damage|p2a: Rillaboom|0 fnt\n|-damage|p2b: Calyrex|73/100\n|faint|p2a: Rillaboom\n|-ability|p1a: Calyrex|Grim Neigh|boost\n|-boost|p1a: Calyrex|spa|1\n|move|p2b: Calyrex|Trick Room|p2b: Calyrex\n|-fieldstart|move: Trick Room|[of] p2b: Calyrex\n|\n|-heal|p2b: Calyrex|79/100|[from] Grassy Terrain\n|upkeep\n|\n|t:|1772838671\n|switch|p2a: Sinistcha|Sinistcha-Masterpiece, L50|100/100\n|-enditem|p2a: Sinistcha|Grassy Seed\n|-boost|p2a: Sinistcha|def|1|[from] item: Grassy Seed\n|turn|2\n|\n|t:|1772838684\n|move|p1b: Dragonite|Extreme Speed|p2b: Calyrex\n|-damage|p2b: Calyrex|38/100\n|move|p2b: Calyrex|Glacial Lance|p1a: Calyrex|[spread] p1a,p1b\n|-damage|p1a: Calyrex|38/100\n|-damage|p1b: Dragonite|53/100\n|move|p2a: Sinistcha|Shadow Ball|p1a: Calyrex\n|-supereffective|p1a: Calyrex\n|-damage|p1a: Calyrex|0 fnt\n|faint|p1a: Calyrex\n|\n|-heal|p2b: Calyrex|43/100|[from] Grassy Terrain\n|-heal|p1b: Dragonite|60/100|[from] Grassy Terrain\n|upkeep\n|\n|t:|1772838697\n|switch|p1a: Chien-Pao|Chien-Pao, L50|100/100\n|-ability|p1a: Chien-Pao|Sword of Ruin\n|turn|3\n|\n|t:|1772838710\n|move|p1b: Dragonite|Extreme Speed|p2b: Calyrex\n|-damage|p2b: Calyrex|0 fnt\n|faint|p2b: Calyrex\n|move|p2a: Sinistcha|Calm Mind|p2a: Sinistcha\n|-boost|p2a: Sinistcha|spa|1\n|-boost|p2a: Sinistcha|spd|1\n|move|p1a: Chien-Pao|Ice Spinner|p2a: Sinistcha\n|-supereffective|p2a: Sinistcha\n|-damage|p2a: Sinistcha|26/100\n|-fieldend|move: Grassy Terrain\n|\n|upkeep\n|\n|t:|1772838719\n|switch|p2b: Kyogre|Kyogre, L50|100/100\n|-weather|RainDance|[from] ability: Drizzle|[of] p2b: Kyogre\n|turn|4\n|\n|t:|1772838735\n|move|p1b: Dragonite|Extreme Speed|p2b: Kyogre\n|-damage|p2b: Kyogre|9/100\n|move|p2b: Kyogre|Origin Pulse|p1b: Dragonite|[spread] p1a,p1b\n|-enditem|p1a: Chien-Pao|Focus Sash\n|-damage|p1a: Chien-Pao|1/100\n|-damage|p1b: Dragonite|0 fnt\n|faint|p1b: Dragonite\n|move|p2a: Sinistcha|Matcha Gotcha|p1a: Chien-Pao\n|-damage|p1a: Chien-Pao|0 fnt\n|-heal|p2a: Sinistcha|27/100|[from] drain|[of] p1a: Chien-Pao\n|faint|p1a: Chien-Pao\n|\n|-weather|RainDance|[upkeep]\n|upkeep\n|\n|t:|1772838749\n|switch|p1b: Zamazenta|Zamazenta-Crowned, L50|100/100\n|-ability|p1b: Zamazenta|Dauntless Shield|boost\n|-boost|p1b: Zamazenta|def|1\n|turn|5\n|\n|t:|1772838760\n|move|p1b: Zamazenta|Protect|p1b: Zamazenta\n|-singleturn|p1b: Zamazenta|Protect\n|move|p2b: Kyogre|Origin Pulse|p1b: Zamazenta\n|-activate|p1b: Zamazenta|move: Protect\n|move|p2a: Sinistcha|Matcha Gotcha|p1b: Zamazenta\n|-activate|p1b: Zamazenta|move: Protect\n|\n|-weather|RainDance|[upkeep]\n|-fieldend|move: Trick Room\n|upkeep\n|turn|6\n|\n|t:|1772838773\n|move|p2b: Kyogre|Protect|p2b: Kyogre\n|-singleturn|p2b: Kyogre|Protect\n|move|p1b: Zamazenta|Behemoth Bash|p2a: Sinistcha\n|-damage|p2a: Sinistcha|2/100\n|move|p2a: Sinistcha|Trick Room|p2a: Sinistcha\n|-fieldstart|move: Trick Room|[of] p2a: Sinistcha\n|\n|-weather|RainDance|[upkeep]\n|upkeep\n|turn|7\n|\n|t:|1772838787\n|move|p1b: Zamazenta|Protect|p1b: Zamazenta\n|-singleturn|p1b: Zamazenta|Protect\n|move|p2b: Kyogre|Origin Pulse|p1b: Zamazenta\n|-activate|p1b: Zamazenta|move: Protect\n|move|p2a: Sinistcha|Shadow Ball|p1b: Zamazenta\n|-activate|p1b: Zamazenta|move: Protect\n|\n|-weather|RainDance|[upkeep]\n|upkeep\n|turn|8\n|\n|t:|1772838796\n|move|p1b: Zamazenta|Wide Guard|p1b: Zamazenta\n|-singleturn|p1b: Zamazenta|Wide Guard\n|move|p2b: Kyogre|Origin Pulse|p1b: Zamazenta\n|-activate|p1b: Zamazenta|move: Wide Guard\n|move|p2a: Sinistcha|Shadow Ball|p1b: Zamazenta\n|-damage|p1b: Zamazenta|49/100\n|\n|-weather|none\n|upkeep\n|turn|9\n|\n|t:|1772838814\n|move|p2b: Kyogre|Origin Pulse|p1b: Zamazenta|[miss]\n|-miss|p2b: Kyogre|p1b: Zamazenta\n|move|p2a: Sinistcha|Shadow Ball|p1b: Zamazenta\n|-damage|p1b: Zamazenta|5/100\n|move|p1b: Zamazenta|Body Press|p2b: Kyogre\n|-damage|p2b: Kyogre|0 fnt\n|faint|p2b: Kyogre\n|\n|upkeep\n|turn|10\n|-message|Low Tier Goodra forfeited.\n|\n|win|Pokemonst3r\n|raw|Pokemonst3r's rating: 1557 &rarr; <strong>1572</strong><br />(+15 for winning)\n|raw|Low Tier Goodra's rating: 1477 &rarr; <strong>1462</strong><br />(-15 for losing)\n|l|\u2606Low Tier Goodra\n|player|p2|\n|l|\u2606Pokemonst3r\n|player|p1|\n","uploadtime":1772839093,"views":16,"formatid":"gen9vgc2026regi","rating":1462,"private":0,"password":null}