{"id":"gen9vgc2026regi-2578893417","format":"[Gen 9] VGC 2026 Reg I","players":["dfadDADAD","vestige666"],"log":"|j|\u2606dfadDADAD\n|j|\u2606vestige666\n|t:|1775733309\n|gametype|doubles\n|player|p1|dfadDADAD|170|1536\n|player|p2|vestige666|170|1569\n|gen|9\n|tier|[Gen 9] VGC 2026 Reg I\n|rated|\n|rule|Species Clause: Limit one of each Pok\u00e9mon\n|rule|Item Clause: Limit 1 of each item\n|clearpoke\n|poke|p1|Calyrex-Shadow, L50|\n|poke|p1|Terapagos, L50, M|\n|poke|p1|Rillaboom, L50, F|\n|poke|p1|Urshifu-*, L50, M|\n|poke|p1|Volcarona, L50, F|\n|poke|p1|Flutter Mane, L50|\n|poke|p2|Rayquaza, L50|\n|poke|p2|Calyrex-Shadow, L50|\n|poke|p2|Tornadus, L50, M|\n|poke|p2|Smeargle, L50, F|\n|poke|p2|Urshifu-*, L50, M|\n|poke|p2|Clefairy, L50, M|\n|teampreview|4\n|inactive|Battle timer is ON: inactive players will automatically lose when time's up. (requested by dfadDADAD)\n|\n|t:|1775733329\n|teamsize|p1|4\n|teamsize|p2|4\n|start\n|switch|p1a: Flutter Mane|Flutter Mane, L50|100/100\n|switch|p1b: Terapagos|Terapagos, L50, M|100/100\n|switch|p2a: Gigi|Smeargle, L50, F|100/100\n|switch|p2b: Kronii|Urshifu-Rapid-Strike, L50, M|100/100\n|-activate|p1b: Terapagos|ability: Tera Shift\n|detailschange|p1b: Terapagos|Terapagos-Terastal, L50, M\n|-heal|p1b: Terapagos|100/100|[silent]\n|-enditem|p1a: Flutter Mane|Booster Energy\n|-activate|p1a: Flutter Mane|ability: Protosynthesis|[fromitem]\n|-start|p1a: Flutter Mane|protosynthesisspe\n|turn|1\n|\n|t:|1775733348\n|switch|p1b: Volcarona|Volcarona, L50, F|100/100\n|-terastallize|p2b: Kronii|Water\n|move|p2a: Gigi|Fake Out|p1b: Volcarona\n|-damage|p1b: Volcarona|96/100\n|-damage|p2a: Gigi|84/100|[from] item: Rocky Helmet|[of] p1b: Volcarona\n|move|p1a: Flutter Mane|Taunt|p2a: Gigi\n|-start|p2a: Gigi|move: Taunt\n|move|p2b: Kronii|Surging Strikes|p1a: Flutter Mane\n|-crit|p1a: Flutter Mane\n|-damage|p1a: Flutter Mane|58/100\n|-crit|p1a: Flutter Mane\n|-damage|p1a: Flutter Mane|18/100\n|-crit|p1a: Flutter Mane\n|-damage|p1a: Flutter Mane|0 fnt\n|faint|p1a: Flutter Mane\n|-end|p1a: Flutter Mane|Protosynthesis|[silent]\n|-hitcount|p1: Flutter Mane|3\n|\n|-ability|p2a: Gigi|Moody|boost\n|-boost|p2a: Gigi|spe|2\n|-unboost|p2a: Gigi|def|1\n|upkeep\n|\n|t:|1775733371\n|switch|p1a: Calyrex|Calyrex-Shadow, L50|100/100\n|-ability|p1a: Calyrex|As One\n|-ability|p1a: Calyrex|Unnerve\n|turn|2\n|\n|t:|1775733392\n|switch|p2a: Kanade|Rayquaza, L50|100/100\n|-ability|p2a: Kanade|Air Lock\n|-terastallize|p1b: Volcarona|Water\n|move|p1b: Volcarona|Rage Powder|p1b: Volcarona\n|-singleturn|p1b: Volcarona|move: Rage Powder\n|move|p2b: Kronii|Surging Strikes|p1b: Volcarona\n|-resisted|p1b: Volcarona\n|-crit|p1b: Volcarona\n|-damage|p1b: Volcarona|83/100\n|-damage|p2b: Kronii|84/100|[from] item: Rocky Helmet|[of] p1b: Volcarona\n|-resisted|p1b: Volcarona\n|-crit|p1b: Volcarona\n|-damage|p1b: Volcarona|69/100\n|-damage|p2b: Kronii|68/100|[from] item: Rocky Helmet|[of] p1b: Volcarona\n|-resisted|p1b: Volcarona\n|-crit|p1b: Volcarona\n|-damage|p1b: Volcarona|56/100\n|-damage|p2b: Kronii|51/100|[from] item: Rocky Helmet|[of] p1b: Volcarona\n|-hitcount|p1b: Volcarona|3\n|move|p1a: Calyrex|Astral Barrage|p2b: Kronii|[spread] p2a,p2b\n|-damage|p2a: Kanade|50/100\n|-damage|p2b: Kronii|0 fnt\n|faint|p2b: Kronii\n|-ability|p1a: Calyrex|Grim Neigh|boost\n|-boost|p1a: Calyrex|spa|1\n|\n|upkeep\n|inactive|vestige666 has 30 seconds left.\n|\n|t:|1775733421\n|switch|p2b: Nerissa|Calyrex-Shadow, L50|100/100\n|-ability|p2b: Nerissa|As One\n|-ability|p2b: Nerissa|Unnerve\n|turn|3\n|\n|t:|1775733441\n|switch|p1b: Terapagos|Terapagos-Terastal, L50, M|100/100\n|switch|p2a: Gigi|Smeargle, L50, F|84/100\n|move|p2b: Nerissa|Protect|p2b: Nerissa\n|-singleturn|p2b: Nerissa|Protect\n|move|p1a: Calyrex|Astral Barrage|p2b: Nerissa|[spread] \n|-activate|p2b: Nerissa|move: Protect\n|-immune|p2a: Gigi\n|\n|-ability|p2a: Gigi|Moody|boost\n|-boost|p2a: Gigi|spe|2\n|-unboost|p2a: Gigi|def|1\n|upkeep\n|turn|4\n|inactive|vestige666 has 30 seconds left.\n|inactive|vestige666 has 20 seconds left.\n|\n|t:|1775733478\n|move|p2a: Gigi|Spore|p1b: Terapagos\n|-status|p1b: Terapagos|slp|[from] move: Spore\n|move|p2b: Nerissa|Nasty Plot|p2b: Nerissa\n|-boost|p2b: Nerissa|spa|2\n|move|p1a: Calyrex|Astral Barrage|p2b: Nerissa|[spread] p2b\n|-immune|p2a: Gigi\n|-supereffective|p2b: Nerissa\n|-damage|p2b: Nerissa|0 fnt\n|faint|p2b: Nerissa\n|-ability|p1a: Calyrex|Grim Neigh|boost\n|-boost|p1a: Calyrex|spa|1\n|cant|p1b: Terapagos|slp\n|\n|-ability|p2a: Gigi|Moody|boost\n|-boost|p2a: Gigi|spa|2\n|-unboost|p2a: Gigi|def|1\n|upkeep\n|\n|t:|1775733495\n|switch|p2b: Kanade|Rayquaza, L50|50/100\n|-ability|p2b: Kanade|Air Lock\n|turn|5\n|\n|t:|1775733511\n|move|p2a: Gigi|Spore|p1a: Calyrex\n|-status|p1a: Calyrex|slp|[from] move: Spore\n|cant|p1a: Calyrex|slp\n|move|p2b: Kanade|Swords Dance|p2b: Kanade\n|-boost|p2b: Kanade|atk|2\n|cant|p1b: Terapagos|slp\n|\n|-ability|p2a: Gigi|Moody|boost\n|-boost|p2a: Gigi|atk|2\n|-unboost|p2a: Gigi|spa|1\n|upkeep\n|turn|6\n|inactive|vestige666 has 30 seconds left.\n|\n|t:|1775733538\n|move|p2a: Gigi|Follow Me|p2a: Gigi\n|-singleturn|p2a: Gigi|move: Follow Me\n|-curestatus|p1a: Calyrex|slp|[msg]\n|move|p1a: Calyrex|Astral Barrage|p2a: Gigi|[spread] p2b\n|-immune|p2a: Gigi\n|-damage|p2b: Kanade|0 fnt\n|faint|p2b: Kanade\n|-ability|p1a: Calyrex|Grim Neigh|boost\n|-boost|p1a: Calyrex|spa|1\n|-curestatus|p1b: Terapagos|slp|[msg]\n|move|p1b: Terapagos|Tera Starstorm|p2a: Gigi\n|-damage|p2a: Gigi|0 fnt\n|faint|p2a: Gigi\n|\n|win|dfadDADAD\n|raw|dfadDADAD's rating: 1536 &rarr; <strong>1558</strong><br />(+22 for winning)\n|raw|vestige666's rating: 1569 &rarr; <strong>1547</strong><br />(-22 for losing)\n|c|\u2606vestige666|ddsdf\n|l|\u2606dfadDADAD\n|player|p1|\n|c|\u2606vestige666|gg\n|l|\u2606vestige666\n|player|p2|\n","uploadtime":1775733682,"views":10,"formatid":"gen9vgc2026regi","rating":1547,"private":0,"password":null}