{"id":"gen9vgc2026regi-2587308658","format":"[Gen 9] VGC 2026 Reg I","players":["wasaad5","build33"],"log":"|j|\u2606wasaad5\n|j|\u2606build33\n|t:|1776520603\n|gametype|doubles\n|player|p1|wasaad5|blue|1319\n|player|p2|build33|265|1234\n|gen|9\n|tier|[Gen 9] VGC 2026 Reg I\n|rated|\n|rule|Species Clause: Limit one of each Pok\u00e9mon\n|rule|Item Clause: Limit 1 of each item\n|clearpoke\n|poke|p1|Kyurem-White, L50|\n|poke|p1|Zacian-*, L50|\n|poke|p1|Sableye, L50, F|\n|poke|p1|Urshifu-*, L50, M|\n|poke|p1|Amoonguss, L50, F|\n|poke|p1|Incineroar, L50, F|\n|poke|p2|Kyogre, L50|\n|poke|p2|Ursaluna-Bloodmoon, L50, M|\n|poke|p2|Urshifu-*, L50, F|\n|poke|p2|Tornadus, L50, M|\n|poke|p2|Farigiraf, L50, M|\n|poke|p2|Calyrex-Ice, L50|\n|teampreview|4\n|\n|t:|1776520639\n|teamsize|p1|4\n|teamsize|p2|4\n|start\n|switch|p1a: Sableye|Sableye, L50, F|100/100\n|switch|p1b: Kyurem|Kyurem-White, L50, shiny|100/100\n|switch|p2a: Ursaluna|Ursaluna-Bloodmoon, L50, M|100/100\n|switch|p2b: Farigiraf|Farigiraf, L50, M|100/100\n|-ability|p1b: Kyurem|Turboblaze\n|turn|1\n|inactive|Battle timer is ON: inactive players will automatically lose when time's up. (requested by build33)\n|inactive|wasaad5 has 60 seconds left.\n|\n|t:|1776520672\n|switch|p1a: Incineroar|Incineroar, L50, F|100/100\n|-ability|p1a: Incineroar|Intimidate|boost\n|-unboost|p2a: Ursaluna|atk|1\n|-unboost|p2b: Farigiraf|atk|1\n|-terastallize|p2a: Ursaluna|Normal\n|move|p1b: Kyurem|Freeze-Dry|p2b: Farigiraf\n|-damage|p2b: Farigiraf|52/100\n|-damage|p1b: Kyurem|91/100|[from] item: Life Orb\n|move|p2a: Ursaluna|Hyper Voice|p1a: Incineroar|[spread] p1a,p1b\n|-damage|p1a: Incineroar|69/100\n|-damage|p1b: Kyurem|31/100\n|move|p2b: Farigiraf|Trick Room|p2b: Farigiraf\n|-fieldstart|move: Trick Room|[of] p2b: Farigiraf\n|\n|upkeep\n|turn|2\n|\n|t:|1776520695\n|move|p1b: Kyurem|Protect|p1b: Kyurem\n|-singleturn|p1b: Kyurem|Protect\n|move|p2b: Farigiraf|Ally Switch|p2b: Farigiraf\n|swap|p2b: Farigiraf|0|[from] move: Ally Switch\n|move|p2b: Ursaluna|Hyper Voice|p1b: Kyurem|[spread] p1a\n|-activate|p1b: Kyurem|move: Protect\n|-damage|p1a: Incineroar|39/100\n|move|p1a: Incineroar|Knock Off|p2b: Ursaluna\n|-damage|p2b: Ursaluna|74/100\n|-enditem|p2b: Ursaluna|Silk Scarf|[from] move: Knock Off|[of] p1a: Incineroar\n|\n|upkeep\n|turn|3\n|\n|t:|1776520718\n|switch|p1a: Sableye|Sableye, L50, F|100/100\n|move|p2a: Farigiraf|Helping Hand|p2b: Ursaluna\n|-singleturn|p2b: Ursaluna|Helping Hand|[of] p2a: Farigiraf\n|move|p2b: Ursaluna|Hyper Voice|p1b: Kyurem|[spread] p1a,p1b\n|-enditem|p1a: Sableye|Focus Sash\n|-damage|p1a: Sableye|1/100\n|-damage|p1b: Kyurem|0 fnt\n|faint|p1b: Kyurem\n|\n|upkeep\n|\n|t:|1776520721\n|switch|p1b: Incineroar|Incineroar, L50, F|39/100\n|-ability|p1b: Incineroar|Intimidate|boost\n|-unboost|p2a: Farigiraf|atk|1\n|-unboost|p2b: Ursaluna|atk|1\n|turn|4\n|\n|t:|1776520741\n|switch|p1a: Zacian|Zacian-Crowned, L50|100/100\n|-ability|p1a: Zacian|Intrepid Sword|boost\n|-boost|p1a: Zacian|atk|1\n|switch|p2a: Urshifu|Urshifu, L50, F|100/100\n|switch|p2b: Calyrex|Calyrex-Ice, L50|100/100\n|-ability|p2b: Calyrex|As One\n|-ability|p2b: Calyrex|Unnerve\n|move|p1b: Incineroar|Knock Off|p2a: Urshifu\n|-resisted|p2a: Urshifu\n|-damage|p2a: Urshifu|91/100\n|-enditem|p2a: Urshifu|Choice Band|[from] move: Knock Off|[of] p1b: Incineroar\n|\n|upkeep\n|turn|5\n|\n|t:|1776520764\n|move|p2b: Calyrex|Glacial Lance|p1b: Incineroar|[spread] p1a,p1b\n|-resisted|p1a: Zacian\n|-resisted|p1b: Incineroar\n|-damage|p1a: Zacian|72/100\n|-damage|p1b: Incineroar|10/100\n|move|p1b: Incineroar|U-turn|p2a: Urshifu\n|-damage|p2a: Urshifu|73/100\n|\n|t:|1776520770\n|switch|p1b: Sableye|Sableye, L50, F|1/100|[from] U-turn\n|move|p2a: Urshifu|Wicked Blow|p1a: Zacian\n|-resisted|p1a: Zacian\n|-crit|p1a: Zacian\n|-damage|p1a: Zacian|44/100\n|move|p1a: Zacian|Behemoth Blade|p2b: Calyrex\n|-supereffective|p2b: Calyrex\n|-damage|p2b: Calyrex|0 fnt\n|faint|p2b: Calyrex\n|\n|-fieldend|move: Trick Room\n|upkeep\n|\n|t:|1776520778\n|switch|p2b: Farigiraf|Farigiraf, L50, M|52/100\n|turn|6\n|\n|t:|1776520797\n|switch|p1b: Incineroar|Incineroar, L50, F|10/100\n|-ability|p1b: Incineroar|Intimidate|boost\n|-unboost|p2a: Urshifu|atk|1\n|-unboost|p2b: Farigiraf|atk|1\n|move|p1a: Zacian|Play Rough|p2b: Farigiraf\n|-damage|p2b: Farigiraf|0 fnt\n|faint|p2b: Farigiraf\n|move|p2a: Urshifu|Close Combat|p1a: Zacian\n|-crit|p1a: Zacian\n|-damage|p1a: Zacian|0 fnt\n|-unboost|p2a: Urshifu|def|1\n|-unboost|p2a: Urshifu|spd|1\n|faint|p1a: Zacian\n|\n|upkeep\n|\n|t:|1776520807\n|switch|p1a: Sableye|Sableye, L50, F|1/100\n|switch|p2b: Ursaluna|Ursaluna-Bloodmoon, L50, M, tera:Normal|74/100\n|turn|7\n|-message|wasaad5 forfeited.\n|\n|win|build33\n|raw|wasaad5's rating: 1319 &rarr; <strong>1294</strong><br />(-25 for losing)\n|raw|build33's rating: 1234 &rarr; <strong>1265</strong><br />(+31 for winning)\n|l|\u2606wasaad5\n|player|p1|\n|l|\u2606build33\n|player|p2|\n","uploadtime":1776521071,"views":10,"formatid":"gen9vgc2026regi","rating":1265,"private":0,"password":null}