{"id":"gen9vgc2026regi-2515171693","format":"[Gen 9] VGC 2026 Reg I","players":["ydjsk","ComputerYui"],"log":"|j|\u2606ydjsk\n|j|\u2606ComputerYui\n|t:|1767963741\n|gametype|doubles\n|player|p1|ydjsk|hiker-gen4|1201\n|player|p2|ComputerYui|artist-gen4|1199\n|gen|9\n|tier|[Gen 9] VGC 2026 Reg I\n|rated|\n|rule|Species Clause: Limit one of each Pok\u00e9mon\n|rule|Item Clause: Limit 1 of each item\n|clearpoke\n|poke|p1|Groudon, L50|\n|poke|p1|Miraidon, L50|\n|poke|p1|Tatsugiri, L50, F|\n|poke|p1|Dondozo, L50, M|\n|poke|p1|Sneasler, L50, M|\n|poke|p1|Garganacl, L50, F|\n|poke|p2|Armarouge, L50, M|\n|poke|p2|Koraidon, L50|\n|poke|p2|Indeedee-F, L50, F|\n|poke|p2|Calyrex-Shadow, L50|\n|poke|p2|Whimsicott, L50, F|\n|poke|p2|Scream Tail, L50|\n|teampreview|4\n|j| riyuezi\n|\n|t:|1767963764\n|teamsize|p1|4\n|teamsize|p2|4\n|start\n|switch|p1a: Groudon|Groudon, L50, shiny|100/100\n|switch|p1b: Garganacl|Garganacl, L50, F, shiny|100/100\n|switch|p2a: Koraidon|Koraidon, L50|100/100\n|switch|p2b: Whimsicott|Whimsicott, L50, F, shiny|100/100\n|-weather|SunnyDay|[from] ability: Orichalcum Pulse|[of] p2a: Koraidon\n|-activate|p2a: Koraidon|Orichalcum Pulse|[source]\n|turn|1\n|\n|t:|1767963780\n|-terastallize|p1b: Garganacl|Fairy\n|move|p2b: Whimsicott|Taunt|p1b: Garganacl\n|-start|p1b: Garganacl|move: Taunt\n|move|p2a: Koraidon|U-turn|p1a: Groudon\n|-damage|p1a: Groudon|77/100\n|\n|t:|1767963788\n|switch|p2a: Indeedee|Indeedee-F, L50, F, shiny|100/100|[from] U-turn\n|-fieldstart|move: Psychic Terrain|[from] ability: Psychic Surge|[of] p2a: Indeedee\n|move|p1a: Groudon|Precipice Blades|p2a: Indeedee|[spread] p2a,p2b\n|-resisted|p2b: Whimsicott\n|-damage|p2a: Indeedee|31/100\n|-damage|p2b: Whimsicott|61/100\n|-enditem|p2a: Indeedee|Eject Button\n|\n|t:|1767963796\n|switch|p2a: Armarouge|Armarouge, L50, M, shiny|100/100\n|move|p1b: Garganacl|Salt Cure|p2a: Armarouge\n|-supereffective|p2a: Armarouge\n|-crit|p2a: Armarouge\n|-damage|p2a: Armarouge|52/100\n|-start|p2a: Armarouge|Salt Cure\n|-ability|p2a: Armarouge|Weak Armor|boost\n|-unboost|p2a: Armarouge|def|1\n|-boost|p2a: Armarouge|spe|2\n|-enditem|p2a: Armarouge|Weakness Policy\n|-boost|p2a: Armarouge|atk|2|[from] item: Weakness Policy\n|-boost|p2a: Armarouge|spa|2|[from] item: Weakness Policy\n|\n|-weather|SunnyDay|[upkeep]\n|-damage|p2a: Armarouge|40/100|[from] Salt Cure\n|upkeep\n|turn|2\n|\n|t:|1767963820\n|switch|p1a: Dondozo|Dondozo, L50, M, shiny|100/100\n|switch|p1b: Tatsugiri|Tatsugiri, L50, F, shiny|100/100\n|-activate|p1b: Tatsugiri|ability: Commander|[of] p1a: Dondozo\n|-boost|p1a: Dondozo|atk|2\n|-boost|p1a: Dondozo|spa|2\n|-boost|p1a: Dondozo|spe|2\n|-boost|p1a: Dondozo|def|2\n|-boost|p1a: Dondozo|spd|2\n|move|p2b: Whimsicott|Beat Up|p1b: Tatsugiri|[miss]\n|-miss|p2b: Whimsicott|p1b: Tatsugiri\n|move|p2a: Armarouge|Expanding Force|p1b: Tatsugiri|[spread] p1a\n|-miss|p2a: Armarouge|p1b: Tatsugiri\n|-damage|p1a: Dondozo|73/100\n|\n|-weather|SunnyDay|[upkeep]\n|-heal|p1a: Dondozo|79/100|[from] item: Leftovers\n|-damage|p2a: Armarouge|27/100|[from] Salt Cure\n|upkeep\n|turn|3\n|l| riyuezi\n|\n|t:|1767963844\n|move|p2b: Whimsicott|Endeavor|p1a: Dondozo\n|-damage|p1a: Dondozo|30/100\n|move|p2a: Armarouge|Stored Power|p1a: Dondozo\n|-crit|p1a: Dondozo\n|-damage|p1a: Dondozo|0 fnt\n|faint|p1a: Dondozo\n|\n|-weather|SunnyDay|[upkeep]\n|-damage|p2a: Armarouge|15/100|[from] Salt Cure\n|upkeep\n|\n|t:|1767963875\n|switch|p1a: Garganacl|Garganacl, L50, F, shiny, tera:Fairy|100/100\n|turn|4\n|\n|t:|1767963899\n|move|p1a: Garganacl|Wide Guard|p1a: Garganacl\n|-singleturn|p1a: Garganacl|Wide Guard\n|move|p2b: Whimsicott|Endeavor|p1b: Tatsugiri\n|-damage|p1b: Tatsugiri|51/100\n|move|p2a: Armarouge|Stored Power|p1a: Garganacl\n|-damage|p1a: Garganacl|0 fnt\n|faint|p1a: Garganacl\n|move|p1b: Tatsugiri|Icy Wind|p2b: Whimsicott|[spread] p2a,p2b\n|-resisted|p2a: Armarouge\n|-supereffective|p2b: Whimsicott\n|-damage|p2a: Armarouge|7/100\n|-damage|p2b: Whimsicott|18/100\n|-unboost|p2a: Armarouge|spe|1\n|-unboost|p2b: Whimsicott|spe|1\n|\n|-weather|SunnyDay|[upkeep]\n|-damage|p2a: Armarouge|0 fnt|[from] Salt Cure\n|faint|p2a: Armarouge\n|upkeep\n|\n|t:|1767963917\n|switch|p2a: Koraidon|Koraidon, L50|100/100\n|switch|p1a: Groudon|Groudon, L50, shiny|77/100\n|-activate|p2a: Koraidon|ability: Orichalcum Pulse\n|turn|5\n|\n|t:|1767963938\n|move|p2a: Koraidon|U-turn|p1a: Groudon\n|-damage|p1a: Groudon|54/100\n|\n|t:|1767963941\n|switch|p2a: Indeedee|Indeedee-F, L50, F, shiny|31/100|[from] U-turn\n|move|p2b: Whimsicott|Endeavor|p1a: Groudon\n|-damage|p1a: Groudon|11/100\n|move|p1b: Tatsugiri|Icy Wind|p2b: Whimsicott|[spread] p2a,p2b\n|-supereffective|p2b: Whimsicott\n|-damage|p2a: Indeedee|20/100\n|-damage|p2b: Whimsicott|0 fnt\n|-unboost|p2a: Indeedee|spe|1\n|faint|p2b: Whimsicott\n|move|p1a: Groudon|Precipice Blades|p2a: Indeedee\n|-damage|p2a: Indeedee|0 fnt\n|faint|p2a: Indeedee\n|\n|-weather|none\n|-fieldend|move: Psychic Terrain\n|upkeep\n|\n|t:|1767963960\n|switch|p2b: Koraidon|Koraidon, L50|100/100\n|-weather|SunnyDay|[from] ability: Orichalcum Pulse|[of] p2b: Koraidon\n|-activate|p2b: Koraidon|Orichalcum Pulse|[source]\n|turn|6\n|\n|t:|1767963973\n|-terastallize|p2b: Koraidon|Ghost\n|move|p2b: Koraidon|Bulldoze|p1a: Groudon|[spread] p1a,p1b\n|-crit|p1a: Groudon\n|-damage|p1a: Groudon|0 fnt\n|-damage|p1b: Tatsugiri|14/100\n|-unboost|p1b: Tatsugiri|spe|1\n|faint|p1a: Groudon\n|move|p1b: Tatsugiri|Dragon Pulse|p2b: Koraidon\n|-crit|p2b: Koraidon\n|-damage|p2b: Koraidon|35/100\n|\n|-weather|SunnyDay|[upkeep]\n|upkeep\n|turn|7\n|\n|t:|1767963985\n|move|p2b: Koraidon|Bulldoze|p1b: Tatsugiri\n|-damage|p1b: Tatsugiri|0 fnt\n|faint|p1b: Tatsugiri\n|\n|win|ComputerYui\n|raw|ydjsk's rating: 1201 &rarr; <strong>1176</strong><br />(-25 for losing)\n|raw|ComputerYui's rating: 1199 &rarr; <strong>1224</strong><br />(+25 for winning)\n|l|\u2606ydjsk\n|player|p1|\n|l|\u2606ComputerYui\n|player|p2|\n","uploadtime":1767964160,"views":12,"formatid":"gen9vgc2026regi","rating":1176,"private":0,"password":null}