{"id":"gen9vgc2026regi-2534976770","format":"[Gen 9] VGC 2026 Reg I","players":["jayoticnl","GoofyRonald756"],"log":"|j|\u2606jayoticnl\n|j|\u2606GoofyRonald756\n|t:|1770499002\n|gametype|doubles\n|player|p1|jayoticnl|idol|1259\n|player|p2|GoofyRonald756|2|1487\n|gen|9\n|tier|[Gen 9] VGC 2026 Reg I\n|rated|\n|rule|Species Clause: Limit one of each Pok\u00e9mon\n|rule|Item Clause: Limit 1 of each item\n|clearpoke\n|poke|p1|Koraidon, L50|\n|poke|p1|Calyrex-Shadow, L50|\n|poke|p1|Incineroar, L50, F|\n|poke|p1|Rillaboom, L50, M|\n|poke|p1|Ogerpon-Hearthflame, L50, F|\n|poke|p1|Walking Wake, L50|\n|poke|p2|Miraidon, L50|\n|poke|p2|Lunala, L50|\n|poke|p2|Sylveon, L50, F|\n|poke|p2|Incineroar, L50, F|\n|poke|p2|Whimsicott, L50, F|\n|poke|p2|Urshifu-*, L50, F|\n|teampreview|4\n|\n|t:|1770499014\n|teamsize|p1|4\n|teamsize|p2|4\n|start\n|switch|p1a: Calyrex|Calyrex-Shadow, L50|100/100\n|switch|p1b: Incineroar|Incineroar, L50, F|100/100\n|switch|p2a: Lunala|Lunala, L50|100/100\n|switch|p2b: Whimsicott|Whimsicott, L50, F, shiny|100/100\n|-ability|p1a: Calyrex|As One\n|-ability|p1a: Calyrex|Unnerve\n|-ability|p1b: Incineroar|Intimidate|boost\n|-unboost|p2a: Lunala|atk|1\n|-unboost|p2b: Whimsicott|atk|1\n|turn|1\n|\n|t:|1770499028\n|-terastallize|p1a: Calyrex|Ghost\n|-terastallize|p2a: Lunala|Fairy\n|move|p1b: Incineroar|Helping Hand|p1a: Calyrex\n|-singleturn|p1a: Calyrex|Helping Hand|[of] p1b: Incineroar\n|move|p2b: Whimsicott|Tailwind|p2b: Whimsicott\n|-sidestart|p2: GoofyRonald756|move: Tailwind\n|move|p2a: Lunala|Moonblast|p1a: Calyrex\n|-damage|p1a: Calyrex|47/100\n|move|p1a: Calyrex|Astral Barrage|p2b: Whimsicott|[spread] p2a,p2b\n|-damage|p2a: Lunala|57/100\n|-enditem|p2b: Whimsicott|Focus Sash\n|-damage|p2b: Whimsicott|1/100\n|\n|upkeep\n|turn|2\n|\n|t:|1770499047\n|move|p1a: Calyrex|Protect|p1a: Calyrex\n|-singleturn|p1a: Calyrex|Protect\n|move|p2b: Whimsicott|Endeavor|p1b: Incineroar\n|-damage|p1b: Incineroar|1/100\n|move|p2a: Lunala|Moonblast|p1a: Calyrex\n|-activate|p1a: Calyrex|move: Protect\n|move|p1b: Incineroar|Parting Shot|p2a: Lunala\n|-unboost|p2a: Lunala|atk|1\n|-unboost|p2a: Lunala|spa|1\n|\n|t:|1770499052\n|switch|p1b: Rillaboom|Rillaboom, L50, M|100/100|[from] Parting Shot\n|-fieldstart|move: Grassy Terrain|[from] ability: Grassy Surge|[of] p1b: Rillaboom\n|\n|-heal|p2b: Whimsicott|7/100|[from] Grassy Terrain\n|-heal|p2a: Lunala|63/100|[from] Grassy Terrain\n|-heal|p1a: Calyrex|53/100|[from] Grassy Terrain\n|upkeep\n|turn|3\n|\n|t:|1770499064\n|switch|p2a: Miraidon|Miraidon, L50, shiny|100/100\n|-fieldstart|move: Electric Terrain|[from] ability: Hadron Engine|[of] p2a: Miraidon\n|switch|p1a: Incineroar|Incineroar, L50, F|1/100\n|-ability|p1a: Incineroar|Intimidate|boost\n|-unboost|p2a: Miraidon|atk|1\n|-unboost|p2b: Whimsicott|atk|1\n|move|p2b: Whimsicott|Encore|p1a: Incineroar\n|-hint|Since gen 7, Dark is immune to Prankster moves.\n|-immune|p1a: Incineroar\n|move|p1b: Rillaboom|Wood Hammer|p2a: Miraidon\n|-resisted|p2a: Miraidon\n|-damage|p2a: Miraidon|71/100\n|-damage|p1b: Rillaboom|92/100|[from] Recoil\n|\n|upkeep\n|turn|4\n|\n|t:|1770499073\n|switch|p1b: Koraidon|Koraidon, L50|100/100\n|-weather|SunnyDay|[from] ability: Orichalcum Pulse|[of] p1b: Koraidon\n|-activate|p1b: Koraidon|Orichalcum Pulse|[source]\n|move|p1a: Incineroar|Fake Out|p2b: Whimsicott\n|-damage|p2b: Whimsicott|0 fnt\n|faint|p2b: Whimsicott\n|move|p2a: Miraidon|Volt Switch|p1b: Koraidon\n|-resisted|p1b: Koraidon\n|-damage|p1b: Koraidon|45/100\n|\n|t:|1770499078\n|switch|p2a: Lunala|Lunala, L50, tera:Fairy|63/100|[from] Volt Switch\n|-enditem|p2a: Lunala|Electric Seed\n|-boost|p2a: Lunala|def|1|[from] item: Electric Seed\n|\n|-weather|SunnyDay|[upkeep]\n|-sideend|p2: GoofyRonald756|move: Tailwind\n|upkeep\n|\n|t:|1770499086\n|switch|p2b: Miraidon|Miraidon, L50, shiny|71/100\n|-activate|p2b: Miraidon|ability: Hadron Engine\n|turn|5\n|\n|t:|1770499100\n|move|p1b: Koraidon|Close Combat|p2b: Miraidon\n|-damage|p2b: Miraidon|0 fnt\n|-unboost|p1b: Koraidon|def|1\n|-unboost|p1b: Koraidon|spd|1\n|faint|p2b: Miraidon\n|-damage|p1b: Koraidon|35/100|[from] item: Life Orb\n|move|p1a: Incineroar|Parting Shot|p2a: Lunala\n|-unboost|p2a: Lunala|atk|1\n|-unboost|p2a: Lunala|spa|1\n|\n|t:|1770499109\n|switch|p1a: Rillaboom|Rillaboom, L50, M|92/100|[from] Parting Shot\n|-fieldstart|move: Grassy Terrain|[from] ability: Grassy Surge|[of] p1a: Rillaboom\n|move|p2a: Lunala|Trick Room|p2a: Lunala\n|-fieldstart|move: Trick Room|[of] p2a: Lunala\n|\n|-weather|SunnyDay|[upkeep]\n|-heal|p1a: Rillaboom|98/100|[from] Grassy Terrain\n|-heal|p2a: Lunala|69/100|[from] Grassy Terrain\n|-heal|p1b: Koraidon|41/100|[from] Grassy Terrain\n|upkeep\n|-message|GoofyRonald756 forfeited.\n|\n|win|jayoticnl\n|raw|jayoticnl's rating: 1259 &rarr; <strong>1298</strong><br />(+39 for winning)\n|raw|GoofyRonald756's rating: 1487 &rarr; <strong>1455</strong><br />(-32 for losing)\n|l|\u2606GoofyRonald756\n|player|p2|\n|j|\u2606GoofyRonald756\n|player|p2|GoofyRonald756|2|\n|l|\u2606GoofyRonald756\n|player|p2|\n","uploadtime":1770499702,"views":25,"formatid":"gen9vgc2026regi","rating":1298,"private":0,"password":null}