{"id":"gen9vgc2026regi-2577818613","format":"[Gen 9] VGC 2026 Reg I","players":["uhh daneooo","ness#1glazer"],"log":"|j|\u2606uhh daneooo\n|j|\u2606ness#1glazer\n|t:|1775609112\n|gametype|doubles\n|player|p1|uhh daneooo|2|1443\n|player|p2|ness#1glazer|265|1503\n|gen|9\n|tier|[Gen 9] VGC 2026 Reg I\n|rated|\n|rule|Species Clause: Limit one of each Pok\u00e9mon\n|rule|Item Clause: Limit 1 of each item\n|clearpoke\n|poke|p1|Grafaiai, L50, M|\n|poke|p1|Miraidon, L50|\n|poke|p1|Tornadus, L50, M|\n|poke|p1|Kyogre, L50|\n|poke|p1|Iron Treads, L50|\n|poke|p1|Flutter Mane, L50|\n|poke|p2|Tornadus, L50, M|\n|poke|p2|Indeedee-F, L50, F|\n|poke|p2|Calyrex-Shadow, L50|\n|poke|p2|Urshifu-*, L50, F|\n|poke|p2|Kyogre, L50|\n|poke|p2|Raichu, L50, F|\n|teampreview|4\n|\n|t:|1775609128\n|teamsize|p1|4\n|teamsize|p2|4\n|start\n|switch|p1a: Miraidon|Miraidon, L50|100/100\n|switch|p1b: Grafaiai|Grafaiai, L50, M|100/100\n|switch|p2a: Kyogre|Kyogre, L50|100/100\n|switch|p2b: Tornadus|Tornadus, L50, M|100/100\n|-fieldstart|move: Electric Terrain|[from] ability: Hadron Engine|[of] p1a: Miraidon\n|-enditem|p1b: Grafaiai|Electric Seed\n|-boost|p1b: Grafaiai|def|1|[from] item: Electric Seed\n|-weather|RainDance|[from] ability: Drizzle|[of] p2a: Kyogre\n|turn|1\n|\n|t:|1775609144\n|switch|p2b: Raichu|Raichu, L50, F|100/100\n|-terastallize|p2a: Kyogre|Water\n|move|p1b: Grafaiai|Acid Spray|p2a: Kyogre\n|-damage|p2a: Kyogre|93/100\n|-unboost|p2a: Kyogre|spd|2\n|move|p1a: Miraidon|Dragon Pulse|p2a: Kyogre\n|-damage|p2a: Kyogre|2/100\n|move|p2a: Kyogre|Water Spout|p1a: Miraidon|[spread] p1a,p1b\n|-resisted|p1a: Miraidon\n|-damage|p1a: Miraidon|99/100\n|-damage|p1b: Grafaiai|98/100\n|\n|-weather|RainDance|[upkeep]\n|upkeep\n|turn|2\n|c|\u2606uhh daneooo|that tickles\n|\n|t:|1775609170\n|switch|p2b: Tornadus|Tornadus, L50, M|100/100\n|move|p2a: Kyogre|Protect|p2a: Kyogre\n|-singleturn|p2a: Kyogre|Protect\n|move|p1b: Grafaiai|Gunk Shot|p2b: Tornadus\n|-damage|p2b: Tornadus|28/100\n|move|p1a: Miraidon|Dragon Pulse|p2a: Kyogre\n|-activate|p2a: Kyogre|move: Protect\n|\n|-weather|RainDance|[upkeep]\n|upkeep\n|turn|3\n|\n|t:|1775609196\n|move|p2b: Tornadus|Tailwind|p2b: Tornadus\n|-sidestart|p2: ness#1glazer|move: Tailwind\n|move|p1b: Grafaiai|Scary Face|p2a: Kyogre\n|-unboost|p2a: Kyogre|spe|2\n|move|p1a: Miraidon|Dragon Pulse|p2a: Kyogre\n|-damage|p2a: Kyogre|0 fnt\n|faint|p2a: Kyogre\n|\n|-weather|RainDance|[upkeep]\n|upkeep\n|\n|t:|1775609207\n|switch|p2a: Calyrex|Calyrex-Shadow, L50|100/100\n|-ability|p2a: Calyrex|As One\n|-ability|p2a: Calyrex|Unnerve\n|turn|4\n|\n|t:|1775609221\n|move|p1a: Miraidon|Protect|p1a: Miraidon\n|-singleturn|p1a: Miraidon|Protect\n|move|p2b: Tornadus|Taunt|p1b: Grafaiai\n|-start|p1b: Grafaiai|move: Taunt\n|move|p2a: Calyrex|Astral Barrage|p1a: Miraidon|[spread] \n|-activate|p1a: Miraidon|move: Protect\n|-immune|p1b: Grafaiai\n|cant|p1b: Grafaiai|move: Taunt|Scary Face\n|\n|-weather|RainDance|[upkeep]\n|upkeep\n|turn|5\n|\n|t:|1775609234\n|move|p2a: Calyrex|Astral Barrage|p1b: Grafaiai|[spread] p1a\n|-immune|p1b: Grafaiai\n|-crit|p1a: Miraidon\n|-damage|p1a: Miraidon|36/100\n|move|p2b: Tornadus|Bleakwind Storm|p1b: Grafaiai|[spread] p1a,p1b\n|-resisted|p1a: Miraidon\n|-damage|p1a: Miraidon|19/100\n|-damage|p1b: Grafaiai|48/100\n|-unboost|p1b: Grafaiai|spe|1\n|move|p1b: Grafaiai|Acid Spray|p2a: Calyrex\n|-resisted|p2a: Calyrex\n|-damage|p2a: Calyrex|95/100\n|-unboost|p2a: Calyrex|spd|2\n|move|p1a: Miraidon|Electro Drift|p2a: Calyrex\n|-damage|p2a: Calyrex|0 fnt\n|faint|p2a: Calyrex\n|\n|-weather|none\n|-fieldend|move: Electric Terrain\n|upkeep\n|inactive|Battle timer is ON: inactive players will automatically lose when time's up. (requested by uhh daneooo)\n|\n|t:|1775609243\n|switch|p2a: Raichu|Raichu, L50, F|100/100\n|turn|6\n|\n|t:|1775609262\n|switch|p1a: Flutter Mane|Flutter Mane, L50|100/100\n|-enditem|p1a: Flutter Mane|Booster Energy\n|-activate|p1a: Flutter Mane|ability: Protosynthesis|[fromitem]\n|-start|p1a: Flutter Mane|protosynthesisspe\n|move|p2a: Raichu|Fake Out|p1a: Flutter Mane\n|-immune|p1a: Flutter Mane\n|move|p2b: Tornadus|Bleakwind Storm|p1a: Flutter Mane|[spread] p1a,p1b\n|-damage|p1a: Flutter Mane|64/100\n|-damage|p1b: Grafaiai|0 fnt\n|faint|p1b: Grafaiai\n|\n|-sideend|p2: ness#1glazer|move: Tailwind\n|upkeep\n|\n|t:|1775609271\n|switch|p1b: Miraidon|Miraidon, L50|19/100\n|-fieldstart|move: Electric Terrain|[from] ability: Hadron Engine|[of] p1b: Miraidon\n|turn|7\n|\n|t:|1775609294\n|move|p1a: Flutter Mane|Dazzling Gleam|p2b: Tornadus|[spread] p2a,p2b\n|-damage|p2a: Raichu|74/100\n|-damage|p2b: Tornadus|0 fnt\n|faint|p2b: Tornadus\n|move|p1b: Miraidon|Dragon Pulse|p2a: Raichu\n|-damage|p2a: Raichu|11/100\n|move|p2a: Raichu|Thunder|p1a: Flutter Mane|[miss]\n|-miss|p2a: Raichu|p1a: Flutter Mane\n|\n|upkeep\n|turn|8\n|-message|ness#1glazer forfeited.\n|\n|win|uhh daneooo\n|raw|uhh daneooo's rating: 1443 &rarr; <strong>1466</strong><br />(+23 for winning)\n|raw|ness#1glazer's rating: 1503 &rarr; <strong>1480</strong><br />(-23 for losing)\n|l|\u2606uhh daneooo\n|player|p1|\n|l|\u2606ness#1glazer\n|player|p2|\n","uploadtime":1775609566,"views":9,"formatid":"gen9vgc2026regi","rating":1466,"private":0,"password":null}