{"id":"gen9vgc2026regi-2553392414","format":"[Gen 9] VGC 2026 Reg I","players":["dolivo1122","Pokemonst3r"],"log":"|j|\u2606dolivo1122\n|j|\u2606Pokemonst3r\n|t:|1772826646\n|gametype|doubles\n|player|p1|dolivo1122|102|1371\n|player|p2|Pokemonst3r|101|1598\n|gen|9\n|tier|[Gen 9] VGC 2026 Reg I\n|rated|\n|rule|Species Clause: Limit one of each Pok\u00e9mon\n|rule|Item Clause: Limit 1 of each item\n|clearpoke\n|poke|p1|Koraidon, L50|\n|poke|p1|Lunala, L50|\n|poke|p1|Flutter Mane, L50|\n|poke|p1|Farigiraf, L50, M|\n|poke|p1|Rillaboom, L50, M|\n|poke|p1|Tornadus, L50, M|\n|poke|p2|Chien-Pao, L50|\n|poke|p2|Calyrex-Shadow, L50|\n|poke|p2|Dondozo, L50, F|\n|poke|p2|Zamazenta-*, L50|\n|poke|p2|Dragonite, L50, F|\n|poke|p2|Tatsugiri, L50, F|\n|teampreview|4\n|inactive|Battle timer is ON: inactive players will automatically lose when time's up. (requested by Pokemonst3r)\n|inactive|dolivo1122 has 60 seconds left.\n|inactive|Pokemonst3r has 60 seconds left.\n|\n|t:|1772826687\n|teamsize|p1|4\n|teamsize|p2|4\n|start\n|switch|p1a: Koraidon|Koraidon, L50|100/100\n|switch|p1b: Tornadus|Tornadus, L50, M|100/100\n|switch|p2a: Dondozo|Dondozo, L50, F|100/100\n|switch|p2b: Calyrex|Calyrex-Shadow, L50|100/100\n|-ability|p2b: Calyrex|As One\n|-ability|p2b: Calyrex|Unnerve\n|-weather|SunnyDay|[from] ability: Orichalcum Pulse|[of] p1a: Koraidon\n|-activate|p1a: Koraidon|Orichalcum Pulse|[source]\n|turn|1\n|inactive|dolivo1122 has 30 seconds left.\n|\n|t:|1772826720\n|switch|p2b: Tatsugiri|Tatsugiri, L50, F|100/100\n|-activate|p2b: Tatsugiri|ability: Commander|[of] p2a: Dondozo\n|-boost|p2a: Dondozo|atk|2\n|-boost|p2a: Dondozo|spa|2\n|-boost|p2a: Dondozo|spe|2\n|-boost|p2a: Dondozo|def|2\n|-boost|p2a: Dondozo|spd|2\n|move|p1a: Koraidon|Protect|p1a: Koraidon\n|-singleturn|p1a: Koraidon|Protect\n|move|p1b: Tornadus|Tailwind|p1b: Tornadus\n|-sidestart|p1: dolivo1122|move: Tailwind\n|move|p2a: Dondozo|Order Up|p1a: Koraidon\n|-activate|p1a: Koraidon|move: Protect\n|\n|-weather|SunnyDay|[upkeep]\n|upkeep\n|turn|2\n|inactive|dolivo1122 has 30 seconds left.\n|\n|t:|1772826747\n|-terastallize|p1a: Koraidon|Fire\n|move|p1a: Koraidon|Close Combat|p2a: Dondozo\n|-damage|p2a: Dondozo|61/100\n|-unboost|p1a: Koraidon|def|1\n|-unboost|p1a: Koraidon|spd|1\n|-damage|p1a: Koraidon|91/100|[from] item: Life Orb\n|move|p1b: Tornadus|Bleakwind Storm|p2b: Tatsugiri|[spread] p2a\n|-miss|p1b: Tornadus|p2b: Tatsugiri\n|-damage|p2a: Dondozo|47/100\n|move|p2a: Dondozo|Substitute|p2a: Dondozo\n|-start|p2a: Dondozo|Substitute\n|-damage|p2a: Dondozo|22/100\n|\n|-weather|SunnyDay|[upkeep]\n|-heal|p2a: Dondozo|28/100|[from] item: Leftovers\n|upkeep\n|turn|3\n|\n|t:|1772826764\n|move|p1a: Koraidon|Protect|p1a: Koraidon\n|-singleturn|p1a: Koraidon|Protect\n|move|p1b: Tornadus|Bleakwind Storm|p2b: Tatsugiri|[spread] p2a\n|-miss|p1b: Tornadus|p2b: Tatsugiri\n|-activate|p2a: Dondozo|move: Substitute|[damage]\n|move|p2a: Dondozo|Earthquake|p1b: Tornadus|[spread] \n|-miss|p2a: Dondozo|p2b: Tatsugiri\n|-activate|p1a: Koraidon|move: Protect\n|-immune|p1b: Tornadus\n|\n|-weather|SunnyDay|[upkeep]\n|-heal|p2a: Dondozo|34/100|[from] item: Leftovers\n|upkeep\n|turn|4\n|\n|t:|1772826789\n|switch|p1a: Lunala|Lunala, L50|100/100\n|move|p2a: Dondozo|Protect|p2a: Dondozo\n|-singleturn|p2a: Dondozo|Protect\n|move|p1b: Tornadus|Bleakwind Storm|p2a: Dondozo|[spread] \n|-miss|p1b: Tornadus|p2b: Tatsugiri\n|-activate|p2a: Dondozo|move: Protect\n|\n|-weather|SunnyDay|[upkeep]\n|-heal|p2a: Dondozo|41/100|[from] item: Leftovers\n|-sideend|p1: dolivo1122|move: Tailwind\n|upkeep\n|turn|5\n|\n|t:|1772826811\n|move|p1b: Tornadus|Bleakwind Storm|p2b: Tatsugiri|[spread] p2a\n|-miss|p1b: Tornadus|p2b: Tatsugiri\n|-end|p2a: Dondozo|Substitute\n|move|p1a: Lunala|Meteor Beam||[still]\n|-prepare|p1a: Lunala|Meteor Beam\n|-boost|p1a: Lunala|spa|1\n|-enditem|p1a: Lunala|Power Herb\n|-anim|p1a: Lunala|Meteor Beam|p2a: Dondozo\n|-damage|p2a: Dondozo|20/100\n|move|p2a: Dondozo|Order Up|p1a: Lunala\n|-crit|p1a: Lunala\n|-damage|p1a: Lunala|74/100\n|-boost|p2a: Dondozo|atk|1\n|\n|-weather|none\n|-heal|p2a: Dondozo|26/100|[from] item: Leftovers\n|upkeep\n|turn|6\n|inactive|dolivo1122 has 30 seconds left.\n|inactive|dolivo1122 has 20 seconds left.\n|\n|t:|1772826849\n|move|p1b: Tornadus|Bleakwind Storm|p2a: Dondozo|[spread] p2a\n|-miss|p1b: Tornadus|p2b: Tatsugiri\n|-damage|p2a: Dondozo|12/100\n|move|p1a: Lunala|Moongeist Beam|p2a: Dondozo\n|-damage|p2a: Dondozo|0 fnt\n|faint|p2a: Dondozo\n|\n|upkeep\n|\n|t:|1772826859\n|switch|p2a: Calyrex|Calyrex-Shadow, L50|100/100\n|-ability|p2a: Calyrex|As One\n|-ability|p2a: Calyrex|Unnerve\n|turn|7\n|inactive|dolivo1122 has 30 seconds left.\n|inactive|Pokemonst3r has 30 seconds left.\n|\n|t:|1772826885\n|move|p1b: Tornadus|Tailwind|p1b: Tornadus\n|-sidestart|p1: dolivo1122|move: Tailwind\n|move|p2a: Calyrex|Shadow Ball|p1a: Lunala\n|-supereffective|p1a: Lunala\n|-damage|p1a: Lunala|0 fnt\n|faint|p1a: Lunala\n|-ability|p2a: Calyrex|Grim Neigh|boost\n|-boost|p2a: Calyrex|spa|1\n|move|p2b: Tatsugiri|Icy Wind|p1b: Tornadus\n|-supereffective|p1b: Tornadus\n|-damage|p1b: Tornadus|48/100\n|\n|upkeep\n|\n|t:|1772826898\n|switch|p1a: Flutter Mane|Flutter Mane, L50|100/100\n|turn|8\n|\n|t:|1772826922\n|-terastallize|p2a: Calyrex|Ghost\n|move|p1a: Flutter Mane|Shadow Ball|p2a: Calyrex\n|-supereffective|p2a: Calyrex\n|-damage|p2a: Calyrex|14/100\n|-unboost|p2a: Calyrex|spd|1\n|move|p1b: Tornadus|Bleakwind Storm|p2a: Calyrex|[spread] p2a,p2b\n|-damage|p2a: Calyrex|0 fnt\n|-damage|p2b: Tatsugiri|66/100\n|faint|p2a: Calyrex\n|move|p2b: Tatsugiri|Icy Wind|p1a: Flutter Mane|[spread] p1a,p1b\n|-supereffective|p1b: Tornadus\n|-crit|p1b: Tornadus\n|-damage|p1a: Flutter Mane|85/100\n|-damage|p1b: Tornadus|0 fnt\n|-unboost|p1a: Flutter Mane|spe|1\n|faint|p1b: Tornadus\n|\n|upkeep\n|\n|t:|1772826938\n|switch|p2a: Zamazenta|Zamazenta-Crowned, L50|100/100\n|switch|p1b: Koraidon|Koraidon, L50, tera:Fire|91/100\n|-weather|SunnyDay|[from] ability: Orichalcum Pulse|[of] p1b: Koraidon\n|-activate|p1a: Flutter Mane|ability: Protosynthesis\n|-start|p1a: Flutter Mane|protosynthesisspa\n|-activate|p1b: Koraidon|Orichalcum Pulse|[source]\n|-ability|p2a: Zamazenta|Dauntless Shield|boost\n|-boost|p2a: Zamazenta|def|1\n|turn|9\n|-message|Pokemonst3r forfeited.\n|\n|win|dolivo1122\n|raw|dolivo1122's rating: 1371 &rarr; <strong>1402</strong><br />(+31 for winning)\n|raw|Pokemonst3r's rating: 1598 &rarr; <strong>1567</strong><br />(-31 for losing)\n|l|\u2606Pokemonst3r\n|player|p2|\n|l|\u2606dolivo1122\n|player|p1|\n","uploadtime":1772827140,"views":16,"formatid":"gen9vgc2026regi","rating":1402,"private":0,"password":null}