{"id":"gen9vgc2026regi-2558709925","format":"[Gen 9] VGC 2026 Reg I","players":["TimeforCHILLI","wasaad5"],"log":"|j|\u2606TimeforCHILLI\n|j|\u2606wasaad5\n|t:|1773467350\n|gametype|doubles\n|player|p1|TimeforCHILLI|caitlin|1151\n|player|p2|wasaad5|blue|1259\n|gen|9\n|tier|[Gen 9] VGC 2026 Reg I\n|rated|\n|rule|Species Clause: Limit one of each Pok\u00e9mon\n|rule|Item Clause: Limit 1 of each item\n|clearpoke\n|poke|p1|Groudon, L50|\n|poke|p1|Kyogre, L50|\n|poke|p1|Flutter Mane, L50|\n|poke|p1|Wo-Chien, L50|\n|poke|p1|Raging Bolt, L50|\n|poke|p1|Slither Wing, L50|\n|poke|p2|Kyurem-White, L50|\n|poke|p2|Zacian-*, L50|\n|poke|p2|Sableye, L50, M|\n|poke|p2|Urshifu-*, L50, F|\n|poke|p2|Amoonguss, L50, M|\n|poke|p2|Incineroar, L50, F|\n|teampreview|4\n|\n|t:|1773467377\n|teamsize|p1|4\n|teamsize|p2|4\n|start\n|switch|p1a: OOPARTS|Slither Wing, L50|100/100\n|switch|p1b: \u30ad\u30e3\u30f3\u30c7\u30a3\u30af\u30c3\u30ad\u30fc\u30c1\u30e7\u30b3\u30ec\u30c3\u30c8~\u2661|Flutter Mane, L50|100/100\n|switch|p2a: Kyurem|Kyurem-White, L50, shiny|100/100\n|switch|p2b: Urshifu|Urshifu-Rapid-Strike, L50, F|100/100\n|-ability|p2a: Kyurem|Turboblaze\n|turn|1\n|\n|t:|1773467396\n|-end|p1b: \u30ad\u30e3\u30f3\u30c7\u30a3\u30af\u30c3\u30ad\u30fc\u30c1\u30e7\u30b3\u30ec\u30c3\u30c8~\u2661|Protosynthesis|[silent]\n|switch|p1b: GROUND\u30de\u30cb\u30a2|Groudon, L50|100/100\n|-weather|SunnyDay|[from] ability: Drought|[of] p1b: GROUND\u30de\u30cb\u30a2\n|-activate|p1a: OOPARTS|ability: Protosynthesis\n|-start|p1a: OOPARTS|protosynthesisatk\n|-terastallize|p2b: Urshifu|Water\n|move|p2b: Urshifu|Surging Strikes|p1b: GROUND\u30de\u30cb\u30a2\n|-supereffective|p1b: GROUND\u30de\u30cb\u30a2\n|-crit|p1b: GROUND\u30de\u30cb\u30a2\n|-damage|p1b: GROUND\u30de\u30cb\u30a2|83/100\n|-supereffective|p1b: GROUND\u30de\u30cb\u30a2\n|-crit|p1b: GROUND\u30de\u30cb\u30a2\n|-damage|p1b: GROUND\u30de\u30cb\u30a2|66/100\n|-supereffective|p1b: GROUND\u30de\u30cb\u30a2\n|-crit|p1b: GROUND\u30de\u30cb\u30a2\n|-damage|p1b: GROUND\u30de\u30cb\u30a2|48/100\n|-hitcount|p1b: GROUND\u30de\u30cb\u30a2|3\n|move|p2a: Kyurem|Fusion Flare|p1a: OOPARTS\n|-supereffective|p1a: OOPARTS\n|-damage|p1a: OOPARTS|0 fnt\n|faint|p1a: OOPARTS\n|-end|p1a: OOPARTS|Protosynthesis|[silent]\n|\n|-weather|SunnyDay|[upkeep]\n|upkeep\n|\n|t:|1773467423\n|switch|p1a: \u30ad\u30e3\u30f3\u30c7\u30a3\u30af\u30c3\u30ad\u30fc\u30c1\u30e7\u30b3\u30ec\u30c3\u30c8~\u2661|Flutter Mane, L50|100/100\n|-activate|p1a: \u30ad\u30e3\u30f3\u30c7\u30a3\u30af\u30c3\u30ad\u30fc\u30c1\u30e7\u30b3\u30ec\u30c3\u30c8~\u2661|ability: Protosynthesis\n|-start|p1a: \u30ad\u30e3\u30f3\u30c7\u30a3\u30af\u30c3\u30ad\u30fc\u30c1\u30e7\u30b3\u30ec\u30c3\u30c8~\u2661|protosynthesisspe\n|turn|2\n|\n|t:|1773467459\n|move|p1a: \u30ad\u30e3\u30f3\u30c7\u30a3\u30af\u30c3\u30ad\u30fc\u30c1\u30e7\u30b3\u30ec\u30c3\u30c8~\u2661|Icy Wind|p2a: Kyurem|[spread] p2a,p2b\n|-resisted|p2b: Urshifu\n|-damage|p2a: Kyurem|93/100\n|-damage|p2b: Urshifu|90/100\n|-unboost|p2a: Kyurem|spe|1\n|-unboost|p2b: Urshifu|spe|1\n|move|p2b: Urshifu|Surging Strikes|p1b: GROUND\u30de\u30cb\u30a2\n|-supereffective|p1b: GROUND\u30de\u30cb\u30a2\n|-crit|p1b: GROUND\u30de\u30cb\u30a2\n|-damage|p1b: GROUND\u30de\u30cb\u30a2|31/100\n|-supereffective|p1b: GROUND\u30de\u30cb\u30a2\n|-crit|p1b: GROUND\u30de\u30cb\u30a2\n|-damage|p1b: GROUND\u30de\u30cb\u30a2|14/100\n|-supereffective|p1b: GROUND\u30de\u30cb\u30a2\n|-crit|p1b: GROUND\u30de\u30cb\u30a2\n|-damage|p1b: GROUND\u30de\u30cb\u30a2|0 fnt\n|faint|p1b: GROUND\u30de\u30cb\u30a2\n|-hitcount|p1: GROUND\u30de\u30cb\u30a2|3\n|move|p2a: Kyurem|Ice Beam|p1a: \u30ad\u30e3\u30f3\u30c7\u30a3\u30af\u30c3\u30ad\u30fc\u30c1\u30e7\u30b3\u30ec\u30c3\u30c8~\u2661\n|-damage|p1a: \u30ad\u30e3\u30f3\u30c7\u30a3\u30af\u30c3\u30ad\u30fc\u30c1\u30e7\u30b3\u30ec\u30c3\u30c8~\u2661|45/100\n|\n|-weather|SunnyDay|[upkeep]\n|upkeep\n|\n|t:|1773467478\n|switch|p1b: \u3056\u3053|Kyogre, L50|100/100\n|-weather|RainDance|[from] ability: Drizzle|[of] p1b: \u3056\u3053\n|-end|p1a: \u30ad\u30e3\u30f3\u30c7\u30a3\u30af\u30c3\u30ad\u30fc\u30c1\u30e7\u30b3\u30ec\u30c3\u30c8~\u2661|Protosynthesis\n|turn|3\n|\n|t:|1773467492\n|switch|p2b: Sableye|Sableye, L50, M|100/100\n|move|p1a: \u30ad\u30e3\u30f3\u30c7\u30a3\u30af\u30c3\u30ad\u30fc\u30c1\u30e7\u30b3\u30ec\u30c3\u30c8~\u2661|Moonblast|p2a: Kyurem\n|-supereffective|p2a: Kyurem\n|-damage|p2a: Kyurem|36/100\n|move|p1b: \u3056\u3053|Water Spout|p2a: Kyurem|[spread] p2a,p2b\n|-resisted|p2a: Kyurem\n|-damage|p2a: Kyurem|10/100\n|-enditem|p2b: Sableye|Focus Sash\n|-damage|p2b: Sableye|1/100\n|move|p2a: Kyurem|Ice Beam|p1a: \u30ad\u30e3\u30f3\u30c7\u30a3\u30af\u30c3\u30ad\u30fc\u30c1\u30e7\u30b3\u30ec\u30c3\u30c8~\u2661\n|-damage|p1a: \u30ad\u30e3\u30f3\u30c7\u30a3\u30af\u30c3\u30ad\u30fc\u30c1\u30e7\u30b3\u30ec\u30c3\u30c8~\u2661|0 fnt\n|faint|p1a: \u30ad\u30e3\u30f3\u30c7\u30a3\u30af\u30c3\u30ad\u30fc\u30c1\u30e7\u30b3\u30ec\u30c3\u30c8~\u2661\n|-end|p1a: \u30ad\u30e3\u30f3\u30c7\u30a3\u30af\u30c3\u30ad\u30fc\u30c1\u30e7\u30b3\u30ec\u30c3\u30c8~\u2661|Protosynthesis|[silent]\n|\n|-weather|RainDance|[upkeep]\n|upkeep\n|turn|4\n|\n|t:|1773467513\n|move|p2b: Sableye|Disable|p1b: \u3056\u3053\n|-start|p1b: \u3056\u3053|Disable|Water Spout\n|cant|p1b: \u3056\u3053|Disable|Water Spout\n|move|p2a: Kyurem|Freeze-Dry|p1b: \u3056\u3053\n|-supereffective|p1b: \u3056\u3053\n|-damage|p1b: \u3056\u3053|62/100\n|\n|-weather|RainDance|[upkeep]\n|upkeep\n|turn|5\n|\n|t:|1773467524\n|move|p2b: Sableye|Encore|p1b: \u3056\u3053\n|-start|p1b: \u3056\u3053|Encore\n|cant|p1b: \u3056\u3053|Disable|Water Spout\n|move|p2a: Kyurem|Freeze-Dry|p1b: \u3056\u3053\n|-supereffective|p1b: \u3056\u3053\n|-damage|p1b: \u3056\u3053|26/100\n|\n|-weather|RainDance|[upkeep]\n|upkeep\n|turn|6\n|-message|TimeforCHILLI forfeited.\n|\n|win|wasaad5\n|raw|TimeforCHILLI's rating: 1151 &rarr; <strong>1134</strong><br />(-17 for losing)\n|raw|wasaad5's rating: 1259 &rarr; <strong>1276</strong><br />(+17 for winning)\n|l|\u2606TimeforCHILLI\n|player|p1|\n","uploadtime":1773467693,"views":14,"formatid":"gen9vgc2026regi","rating":1134,"private":0,"password":null}