{"id":"gen9vgc2026regi-2553726988","format":"[Gen 9] VGC 2026 Reg I","players":["BHeast42","I\u2764\ufe0f\u5a1c\u7984forever"],"log":"|j|\u2606BHeast42\n|j|\u2606I\u2764\ufe0f\u5a1c\u7984forever\n|t:|1772868501\n|gametype|doubles\n|player|p1|BHeast42|169|1424\n|player|p2|I\u2764\ufe0f\u5a1c\u7984forever|youngcouple-gen4dp|1333\n|gen|9\n|tier|[Gen 9] VGC 2026 Reg I\n|rated|\n|rule|Species Clause: Limit one of each Pok\u00e9mon\n|rule|Item Clause: Limit 1 of each item\n|clearpoke\n|poke|p1|Koraidon, L50|\n|poke|p1|Entei, L50|\n|poke|p1|Rillaboom, L50, F|\n|poke|p1|Raging Bolt, L50|\n|poke|p1|Calyrex-Shadow, L50|\n|poke|p1|Walking Wake, L50|\n|poke|p2|Groudon, L50|\n|poke|p2|Kyurem-White, L50|\n|poke|p2|Heatran, L50, F|\n|poke|p2|Whimsicott, L50, F|\n|poke|p2|Roaring Moon, L50|\n|poke|p2|Ditto, L50|\n|teampreview|4\n|inactive|Battle timer is ON: inactive players will automatically lose when time's up. (requested by BHeast42)\n|inactive|BHeast42 has 60 seconds left.\n|\n|t:|1772868535\n|teamsize|p1|4\n|teamsize|p2|4\n|start\n|switch|p1a: Entei|Entei, L50|100/100\n|switch|p1b: Walking Wake|Walking Wake, L50|100/100\n|switch|p2a: Whimsicott|Whimsicott, L50, F|100/100\n|switch|p2b: Kyurem|Kyurem-White, L50|100/100\n|-ability|p2b: Kyurem|Turboblaze\n|turn|1\n|\n|t:|1772868560\n|move|p1b: Walking Wake|Draco Meteor|p2b: Kyurem\n|-supereffective|p2b: Kyurem\n|-damage|p2b: Kyurem|0 fnt\n|-unboost|p1b: Walking Wake|spa|2\n|faint|p2b: Kyurem\n|move|p2a: Whimsicott|Endeavor|p1b: Walking Wake\n|-damage|p1b: Walking Wake|69/100\n|move|p1a: Entei|Sacred Fire|p2a: Whimsicott\n|-supereffective|p2a: Whimsicott\n|-enditem|p2a: Whimsicott|Focus Sash\n|-damage|p2a: Whimsicott|1/100\n|\n|upkeep\n|\n|t:|1772868572\n|switch|p2b: Groudon|Groudon, L50|100/100\n|-weather|SunnyDay|[from] ability: Drought|[of] p2b: Groudon\n|-activate|p1b: Walking Wake|ability: Protosynthesis\n|-start|p1b: Walking Wake|protosynthesisspe\n|turn|2\n|\n|t:|1772868581\n|-end|p1b: Walking Wake|Protosynthesis|[silent]\n|switch|p1b: Koraidon|Koraidon, L50|100/100\n|-activate|p1b: Koraidon|ability: Orichalcum Pulse\n|move|p1a: Entei|Extreme Speed|p2a: Whimsicott\n|-damage|p2a: Whimsicott|0 fnt\n|faint|p2a: Whimsicott\n|move|p2b: Groudon|Precipice Blades|p1b: Koraidon|[spread] p1a,p1b\n|-supereffective|p1a: Entei\n|-damage|p1a: Entei|0 fnt\n|-damage|p1b: Koraidon|57/100\n|faint|p1a: Entei\n|\n|-weather|SunnyDay|[upkeep]\n|upkeep\n|\n|t:|1772868594\n|switch|p2a: Ditto|Ditto, L50|100/100\n|switch|p1a: Walking Wake|Walking Wake, L50|69/100\n|-transform|p2a: Ditto|p1b: Koraidon|[from] ability: Imposter\n|-activate|p2a: Ditto|ability: Orichalcum Pulse\n|-activate|p1a: Walking Wake|ability: Protosynthesis\n|-start|p1a: Walking Wake|protosynthesisspe\n|turn|3\n|\n|t:|1772868617\n|-terastallize|p1b: Koraidon|Fire\n|-terastallize|p2b: Groudon|Water\n|move|p1a: Walking Wake|Hydro Steam|p2b: Groudon\n|-resisted|p2b: Groudon\n|-damage|p2b: Groudon|72/100\n|move|p1b: Koraidon|Dragon Claw|p2a: Ditto\n|-supereffective|p2a: Ditto\n|-damage|p2a: Ditto|0 fnt\n|faint|p2a: Ditto\n|move|p2b: Groudon|Precipice Blades|p1a: Walking Wake|[spread] p1a,p1b\n|-supereffective|p1b: Koraidon\n|-damage|p1a: Walking Wake|14/100\n|-damage|p1b: Koraidon|0 fnt\n|faint|p1b: Koraidon\n|\n|-weather|SunnyDay|[upkeep]\n|upkeep\n|\n|t:|1772868632\n|switch|p1b: Calyrex|Calyrex-Shadow, L50|100/100\n|-ability|p1b: Calyrex|As One\n|-ability|p1b: Calyrex|Unnerve\n|turn|4\n|\n|t:|1772868638\n|move|p1a: Walking Wake|Hydro Steam|p2b: Groudon\n|-resisted|p2b: Groudon\n|-damage|p2b: Groudon|45/100\n|move|p1b: Calyrex|Astral Barrage|p2b: Groudon\n|-damage|p2b: Groudon|1/100\n|move|p2b: Groudon|Precipice Blades|p1b: Calyrex|[spread] p1a\n|-miss|p2b: Groudon|p1b: Calyrex\n|-damage|p1a: Walking Wake|0 fnt\n|faint|p1a: Walking Wake\n|-end|p1a: Walking Wake|Protosynthesis|[silent]\n|\n|-weather|SunnyDay|[upkeep]\n|upkeep\n|turn|5\n|\n|t:|1772868651\n|move|p1b: Calyrex|Astral Barrage|p2b: Groudon\n|-damage|p2b: Groudon|0 fnt\n|faint|p2b: Groudon\n|\n|win|BHeast42\n|raw|BHeast42's rating: 1424 &rarr; <strong>1439</strong><br />(+15 for winning)\n|raw|I\u2764\ufe0f\u5a1c\u7984forever's rating: 1333 &rarr; <strong>1318</strong><br />(-15 for losing)\n|l|\u2606I\u2764\ufe0f\u5a1c\u7984forever\n|player|p2|\n|l|\u2606BHeast42\n|player|p1|\n","uploadtime":1772868797,"views":12,"formatid":"gen9vgc2026regi","rating":1318,"private":0,"password":null}