{"id":"gen9vgc2026regi-2563851055","format":"[Gen 9] VGC 2026 Reg I","players":["Aabraao","TheManOfSausage"],"log":"|j|\u2606Aabraao\n|j|\u2606TheManOfSausage\n|t:|1774071436\n|gametype|doubles\n|player|p1|Aabraao|102|1427\n|player|p2|TheManOfSausage|miku-water|1500\n|gen|9\n|tier|[Gen 9] VGC 2026 Reg I\n|rated|\n|rule|Species Clause: Limit one of each Pok\u00e9mon\n|rule|Item Clause: Limit 1 of each item\n|clearpoke\n|poke|p1|Calyrex-Ice, L50|\n|poke|p1|Farigiraf, L50, F|\n|poke|p1|Incineroar, L50, F|\n|poke|p1|Miraidon, L50|\n|poke|p1|Iron Hands, L50|\n|poke|p1|Amoonguss, L50, M|\n|poke|p2|Calyrex-Ice, L50|\n|poke|p2|Miraidon, L50|\n|poke|p2|Amoonguss, L50, F|\n|poke|p2|Volcarona, L50, M|\n|poke|p2|Iron Valiant, L50|\n|poke|p2|Iron Hands, L50|\n|teampreview|4\nTheManOfSausage has agreed to open team sheets.\n|inactive|Battle timer is ON: inactive players will automatically lose when time's up. (requested by Aabraao)\n|\n|t:|1774071459\n|teamsize|p1|4\n|teamsize|p2|4\n|start\n|switch|p1a: Farigiraf|Farigiraf, L50, F|100/100\n|switch|p1b: Miraidon|Miraidon, L50|100/100\n|switch|p2a: Tama|Miraidon, L50|100/100\n|switch|p2b: Iron Valiant|Iron Valiant, L50|100/100\n|-fieldstart|move: Electric Terrain|[from] ability: Hadron Engine|[of] p2a: Tama\n|-activate|p2b: Iron Valiant|ability: Quark Drive\n|-start|p2b: Iron Valiant|quarkdrivespe\n|-activate|p1b: Miraidon|ability: Hadron Engine\n|turn|1\n|\n|t:|1774071470\n|-terastallize|p1b: Miraidon|Fairy\n|move|p2a: Tama|Volt Switch|p1a: Farigiraf\n|-damage|p1a: Farigiraf|25/100\n|\n|t:|1774071476\n|switch|p2a: Ogurin|Calyrex-Ice, L50|100/100|[from] Volt Switch\n|-ability|p2a: Ogurin|As One\n|-ability|p2a: Ogurin|Unnerve\n|move|p2b: Iron Valiant|Coaching|p2a: Ogurin\n|-boost|p2a: Ogurin|atk|1\n|-boost|p2a: Ogurin|def|1\n|move|p1b: Miraidon|Dazzling Gleam|p2a: Ogurin|[spread] p2a,p2b\n|-supereffective|p2b: Iron Valiant\n|-crit|p2b: Iron Valiant\n|-damage|p2a: Ogurin|58/100\n|-damage|p2b: Iron Valiant|0 fnt\n|faint|p2b: Iron Valiant\n|-end|p2b: Iron Valiant|Quark Drive|[silent]\n|move|p1a: Farigiraf|Trick Room|p1a: Farigiraf\n|-fieldstart|move: Trick Room|[of] p1a: Farigiraf\n|\n|upkeep\n|\n|t:|1774071481\n|switch|p2b: Volcarona|Volcarona, L50, M|100/100\n|-enditem|p2b: Volcarona|Electric Seed\n|-boost|p2b: Volcarona|def|1|[from] item: Electric Seed\n|turn|2\n|\n|t:|1774071490\n|move|p1a: Farigiraf|Protect|p1a: Farigiraf\n|-singleturn|p1a: Farigiraf|Protect\n|move|p2a: Ogurin|Glacial Lance|p1a: Farigiraf|[spread] p1b\n|-activate|p1a: Farigiraf|move: Protect\n|-damage|p1b: Miraidon|4/100\n|move|p2b: Volcarona|Fiery Dance|p1b: Miraidon\n|-damage|p1b: Miraidon|0 fnt\n|faint|p1b: Miraidon\n|\n|upkeep\n|\n|t:|1774071492\n|switch|p1b: Calyrex|Calyrex-Ice, L50|100/100\n|-ability|p1b: Calyrex|As One\n|-ability|p1b: Calyrex|Unnerve\n|turn|3\n|\n|t:|1774071498\n|move|p1a: Farigiraf|Helping Hand|p1b: Calyrex\n|-singleturn|p1b: Calyrex|Helping Hand|[of] p1a: Farigiraf\n|move|p1b: Calyrex|Glacial Lance|p2b: Volcarona|[spread] p2a,p2b\n|-resisted|p2a: Ogurin\n|-resisted|p2b: Volcarona\n|-damage|p2a: Ogurin|32/100\n|-damage|p2b: Volcarona|33/100\n|move|p2a: Ogurin|Glacial Lance|p1a: Farigiraf|[spread] p1a,p1b\n|-resisted|p1b: Calyrex\n|-damage|p1a: Farigiraf|0 fnt\n|-damage|p1b: Calyrex|73/100\n|faint|p1a: Farigiraf\n|-ability|p2a: Ogurin|Chilling Neigh|boost\n|-boost|p2a: Ogurin|atk|1\n|move|p2b: Volcarona|Fiery Dance|p1b: Calyrex\n|-supereffective|p1b: Calyrex\n|-damage|p1b: Calyrex|13/100\n|-boost|p2b: Volcarona|spa|1\n|\n|upkeep\n|\n|t:|1774071509\n|switch|p1a: Iron Hands|Iron Hands, L50|100/100\n|-activate|p1a: Iron Hands|ability: Quark Drive\n|-start|p1a: Iron Hands|quarkdriveatk\n|turn|4\n|\n|t:|1774071512\n|move|p2a: Ogurin|Protect|p2a: Ogurin\n|-singleturn|p2a: Ogurin|Protect\n|move|p2b: Volcarona|Protect|p2b: Volcarona\n|-singleturn|p2b: Volcarona|Protect\n|move|p1a: Iron Hands|Fake Out|p2a: Ogurin\n|-activate|p2a: Ogurin|move: Protect\n|move|p1b: Calyrex|Glacial Lance|p2b: Volcarona|[spread] \n|-activate|p2a: Ogurin|move: Protect\n|-activate|p2b: Volcarona|move: Protect\n|\n|upkeep\n|turn|5\n|\n|t:|1774071524\n|move|p1b: Calyrex|Glacial Lance|p2a: Ogurin|[spread] p2a,p2b\n|-resisted|p2a: Ogurin\n|-resisted|p2b: Volcarona\n|-damage|p2a: Ogurin|14/100\n|-damage|p2b: Volcarona|0 fnt\n|faint|p2b: Volcarona\n|-ability|p1b: Calyrex|Chilling Neigh|boost\n|-boost|p1b: Calyrex|atk|1\n|move|p2a: Ogurin|Glacial Lance|p1b: Calyrex|[spread] p1a,p1b\n|-resisted|p1b: Calyrex\n|-damage|p1a: Iron Hands|26/100\n|-damage|p1b: Calyrex|0 fnt\n|faint|p1b: Calyrex\n|-ability|p2a: Ogurin|Chilling Neigh|boost\n|-boost|p2a: Ogurin|atk|1\n|move|p1a: Iron Hands|Wild Charge|p2a: Ogurin\n|-damage|p2a: Ogurin|0 fnt\n|faint|p2a: Ogurin\n|-damage|p1a: Iron Hands|23/100|[from] Recoil\n|\n|-fieldend|move: Trick Room\n|-fieldend|move: Electric Terrain\n|-end|p1a: Iron Hands|Quark Drive\n|upkeep\n|\n|t:|1774071528\n|switch|p2a: Tama|Miraidon, L50|100/100\n|-fieldstart|move: Electric Terrain|[from] ability: Hadron Engine|[of] p2a: Tama\n|-activate|p1a: Iron Hands|ability: Quark Drive\n|-start|p1a: Iron Hands|quarkdriveatk\n|turn|6\n|\n|t:|1774071532\n|-terastallize|p2a: Tama|Electric\n|move|p2a: Tama|Electro Drift|p1a: Iron Hands\n|-resisted|p1a: Iron Hands\n|-damage|p1a: Iron Hands|0 fnt\n|faint|p1a: Iron Hands\n|-end|p1a: Iron Hands|Quark Drive|[silent]\n|\n|win|TheManOfSausage\n|raw|Aabraao's rating: 1427 &rarr; <strong>1411</strong><br />(-16 for losing)\n|raw|TheManOfSausage's rating: 1500 &rarr; <strong>1516</strong><br />(+16 for winning)\n|l|\u2606Aabraao\n|player|p1|\n|c|\u2606TheManOfSausage|gg\n|l|\u2606TheManOfSausage\n|player|p2|\n","uploadtime":1774071798,"views":17,"formatid":"gen9vgc2026regi","rating":1411,"private":0,"password":null}