{"id":"gen9vgc2026regi-2535058760","format":"[Gen 9] VGC 2026 Reg I","players":["yanhaobw","alexit93"],"log":"|j|\u2606yanhaobw\n|j|\u2606alexit93\n|t:|1770508527\n|gametype|doubles\n|player|p1|yanhaobw|101|1437\n|player|p2|alexit93|lucas-gen4pt|1407\n|gen|9\n|tier|[Gen 9] VGC 2026 Reg I\n|rated|\n|rule|Species Clause: Limit one of each Pok\u00e9mon\n|rule|Item Clause: Limit 1 of each item\n|clearpoke\n|poke|p1|Groudon, L50|\n|poke|p1|Calyrex-Ice, L50|\n|poke|p1|Lilligant-Hisui, L50, F|\n|poke|p1|Incineroar, L50, F|\n|poke|p1|Ogerpon-Cornerstone, L50, F|\n|poke|p1|Raging Bolt, L50|\n|poke|p2|Zamazenta-*, L50|\n|poke|p2|Riolu, L50, F|\n|poke|p2|Calyrex-Ice, L50|\n|poke|p2|Rillaboom, L50, M|\n|poke|p2|Incineroar, L50, M|\n|poke|p2|Urshifu-*, L50, F|\n|teampreview|4\n|inactive|Battle timer is ON: inactive players will automatically lose when time's up. (requested by yanhaobw)\n|\n|t:|1770508589\n|teamsize|p1|4\n|teamsize|p2|4\n|start\n|switch|p1a: Groudon|Groudon, L50|100/100\n|switch|p1b: Lilligant|Lilligant-Hisui, L50, F|100/100\n|switch|p2a: Riolu|Riolu, L50, F|100/100\n|switch|p2b: Urshifu|Urshifu-Rapid-Strike, L50, F|100/100\n|-weather|SunnyDay|[from] ability: Drought|[of] p1a: Groudon\n|turn|1\n|\n|t:|1770508602\n|move|p2a: Riolu|Rain Dance|p2a: Riolu\n|-weather|RainDance\n|move|p2b: Urshifu|Surging Strikes|p1a: Groudon\n|-supereffective|p1a: Groudon\n|-crit|p1a: Groudon\n|-damage|p1a: Groudon|62/100\n|-supereffective|p1a: Groudon\n|-crit|p1a: Groudon\n|-damage|p1a: Groudon|24/100\n|-supereffective|p1a: Groudon\n|-crit|p1a: Groudon\n|-damage|p1a: Groudon|0 fnt\n|faint|p1a: Groudon\n|-hitcount|p1: Groudon|3\n|move|p1b: Lilligant|Coaching|p1: Groudon|[notarget]\n|-fail|p1b: Lilligant\n|\n|-weather|RainDance|[upkeep]\n|upkeep\n|\n|t:|1770508610\n|switch|p1a: Raging Bolt|Raging Bolt, L50|100/100\n|turn|2\n|\n|t:|1770508623\n|switch|p2b: Zamazenta|Zamazenta-Crowned, L50, shiny|100/100\n|-ability|p2b: Zamazenta|Dauntless Shield|boost\n|-boost|p2b: Zamazenta|def|1\n|move|p2a: Riolu|Coaching|p2b: Zamazenta\n|-boost|p2b: Zamazenta|atk|1\n|-boost|p2b: Zamazenta|def|1\n|move|p1b: Lilligant|Sleep Powder|p2a: Riolu\n|-status|p2a: Riolu|slp|[from] move: Sleep Powder\n|move|p1a: Raging Bolt|Dragon Pulse|p2b: Zamazenta\n|-resisted|p2b: Zamazenta\n|-damage|p2b: Zamazenta|75/100\n|-damage|p1a: Raging Bolt|91/100|[from] item: Life Orb\n|\n|-weather|RainDance|[upkeep]\n|upkeep\n|turn|3\n|\n|t:|1770508643\n|-terastallize|p2b: Zamazenta|Dragon\n|move|p1a: Raging Bolt|Protect|p1a: Raging Bolt\n|-singleturn|p1a: Raging Bolt|Protect\n|cant|p2a: Riolu|slp\n|move|p2b: Zamazenta|Body Press|p1a: Raging Bolt\n|-activate|p1a: Raging Bolt|move: Protect\n|move|p1b: Lilligant|Sleep Powder|p2b: Zamazenta\n|-status|p2b: Zamazenta|slp|[from] move: Sleep Powder\n|\n|-weather|RainDance|[upkeep]\n|upkeep\n|turn|4\n|\n|t:|1770508663\n|switch|p1b: Calyrex|Calyrex-Ice, L50|100/100\n|-ability|p1b: Calyrex|As One\n|-ability|p1b: Calyrex|Unnerve\n|-terastallize|p1a: Raging Bolt|Electric\n|cant|p2a: Riolu|slp\n|cant|p2b: Zamazenta|slp\n|move|p1a: Raging Bolt|Thunderbolt|p2b: Zamazenta\n|-resisted|p2b: Zamazenta\n|-damage|p2b: Zamazenta|37/100 slp\n|-damage|p1a: Raging Bolt|81/100|[from] item: Life Orb\n|\n|-weather|RainDance|[upkeep]\n|upkeep\n|turn|5\n|inactive|yanhaobw has 30 seconds left.\n|\n|t:|1770508693\n|cant|p2a: Riolu|slp\n|-curestatus|p2b: Zamazenta|slp|[msg]\n|move|p2b: Zamazenta|Body Press|p1a: Raging Bolt\n|-damage|p1a: Raging Bolt|3/100\n|move|p1a: Raging Bolt|Dragon Pulse|p2b: Zamazenta\n|-supereffective|p2b: Zamazenta\n|-damage|p2b: Zamazenta|0 fnt\n|faint|p2b: Zamazenta\n|-damage|p1a: Raging Bolt|0 fnt|[from] item: Life Orb\n|faint|p1a: Raging Bolt\n|-end|p1a: Raging Bolt|Protosynthesis|[silent]\n|move|p1b: Calyrex|Trick Room|p1b: Calyrex\n|-fieldstart|move: Trick Room|[of] p1b: Calyrex\n|\n|-weather|none\n|upkeep\n|\n|t:|1770508709\n|switch|p1a: Lilligant|Lilligant-Hisui, L50, F|100/100\n|switch|p2b: Incineroar|Incineroar, L50, M|100/100\n|-ability|p2b: Incineroar|Intimidate|boost\n|-unboost|p1a: Lilligant|atk|1\n|-unboost|p1b: Calyrex|atk|1\n|turn|6\n|\n|t:|1770508721\n|move|p1b: Calyrex|Protect|p1b: Calyrex\n|-singleturn|p1b: Calyrex|Protect\n|move|p2b: Incineroar|Fake Out|p1a: Lilligant\n|-damage|p1a: Lilligant|81/100\n|-curestatus|p2a: Riolu|slp|[msg]\n|move|p2a: Riolu|Coaching|p2b: Incineroar\n|-boost|p2b: Incineroar|atk|1\n|-boost|p2b: Incineroar|def|1\n|cant|p1a: Lilligant|flinch\n|\n|upkeep\n|turn|7\n|\n|t:|1770508737\n|move|p2a: Riolu|Coaching|p2b: Incineroar\n|-boost|p2b: Incineroar|atk|1\n|-boost|p2b: Incineroar|def|1\n|move|p1b: Calyrex|Leech Seed|p2b: Incineroar\n|-start|p2b: Incineroar|move: Leech Seed\n|move|p2b: Incineroar|Will-O-Wisp|p1a: Lilligant\n|-status|p1a: Lilligant|brn\n|move|p1a: Lilligant|Coaching|p1b: Calyrex\n|-boost|p1b: Calyrex|atk|1\n|-boost|p1b: Calyrex|def|1\n|\n|-damage|p2b: Incineroar|88/100|[from] Leech Seed|[of] p1b: Calyrex\n|-damage|p1a: Lilligant|74/100 brn|[from] brn\n|upkeep\n|turn|8\n|\n|t:|1770508757\n|move|p1b: Calyrex|Protect|p1b: Calyrex\n|-singleturn|p1b: Calyrex|Protect\n|move|p2a: Riolu|Coaching|p2b: Incineroar\n|-boost|p2b: Incineroar|atk|1\n|-boost|p2b: Incineroar|def|1\n|move|p2b: Incineroar|Knock Off|p1b: Calyrex\n|-activate|p1b: Calyrex|move: Protect\n|move|p1a: Lilligant|Sleep Powder|p2b: Incineroar|[miss]\n|-miss|p1a: Lilligant|p2b: Incineroar\n|\n|-damage|p2b: Incineroar|76/100|[from] Leech Seed|[of] p1b: Calyrex\n|-damage|p1a: Lilligant|68/100 brn|[from] brn\n|upkeep\n|turn|9\n|\n|t:|1770508771\n|move|p2a: Riolu|Coaching|p2b: Incineroar\n|-boost|p2b: Incineroar|atk|1\n|-boost|p2b: Incineroar|def|1\n|move|p1b: Calyrex|Glacial Lance|p2a: Riolu|[spread] p2a,p2b\n|-resisted|p2b: Incineroar\n|-crit|p2b: Incineroar\n|-damage|p2a: Riolu|35/100\n|-damage|p2b: Incineroar|43/100\n|move|p2b: Incineroar|Knock Off|p1b: Calyrex\n|-supereffective|p1b: Calyrex\n|-damage|p1b: Calyrex|0 fnt\n|-enditem|p1b: Calyrex|Leftovers|[from] move: Knock Off|[of] p2b: Incineroar\n|faint|p1b: Calyrex\n|move|p1a: Lilligant|Coaching|p1: Calyrex|[notarget]\n|-fail|p1a: Lilligant\n|\n|-damage|p1a: Lilligant|62/100 brn|[from] brn\n|-fieldend|move: Trick Room\n|upkeep\n|turn|10\n|-message|yanhaobw forfeited.\n|\n|win|alexit93\n|raw|yanhaobw's rating: 1437 &rarr; <strong>1415</strong><br />(-22 for losing)\n|raw|alexit93's rating: 1407 &rarr; <strong>1429</strong><br />(+22 for winning)\n|l|\u2606yanhaobw\n|player|p1|\n|l|\u2606alexit93\n|player|p2|\n","uploadtime":1770509022,"views":26,"formatid":"gen9vgc2026regi","rating":1415,"private":0,"password":null}