{"id":"gen9vgc2026regi-2539666364","format":"[Gen 9] VGC 2026 Reg I","players":["Brrn44","SEITA"],"log":"|j|\u2606Brrn44\n|j|\u2606SEITA\n|t:|1771094128\n|gametype|doubles\n|player|p1|Brrn44|red|1171\n|player|p2|SEITA|lucas-gen4pt|1296\n|gen|9\n|tier|[Gen 9] VGC 2026 Reg I\n|rated|\n|rule|Species Clause: Limit one of each Pok\u00e9mon\n|rule|Item Clause: Limit 1 of each item\n|clearpoke\n|poke|p1|Miraidon, L50|\n|poke|p1|Groudon, L50|\n|poke|p1|Tornadus, L50, M|\n|poke|p1|Incineroar, L50, M|\n|poke|p1|Flutter Mane, L50|\n|poke|p1|Baxcalibur, L50, M|\n|poke|p2|Zamazenta-*, L50|\n|poke|p2|Kyogre, L50|\n|poke|p2|Wo-Chien, L50|\n|poke|p2|Grimmsnarl, L50, M|\n|poke|p2|Landorus, L50, M|\n|poke|p2|Ditto, L50|\n|teampreview|4\n|inactive|Battle timer is ON: inactive players will automatically lose when time's up. (requested by Brrn44)\n|\n|t:|1771094146\n|teamsize|p1|4\n|teamsize|p2|4\n|start\n|switch|p1a: Slim Jim|Miraidon, L50, shiny|100/100\n|switch|p1b: Golfe Wlick|Incineroar, L50, M, shiny|100/100\n|switch|p2a: Grimmsnarl|Grimmsnarl, L50, M|100/100\n|switch|p2b: Zamazenta|Zamazenta-Crowned, L50|100/100\n|-fieldstart|move: Electric Terrain|[from] ability: Hadron Engine|[of] p1a: Slim Jim\n|-ability|p2b: Zamazenta|Dauntless Shield|boost\n|-boost|p2b: Zamazenta|def|1\n|-ability|p1b: Golfe Wlick|Intimidate|boost\n|-unboost|p2a: Grimmsnarl|atk|1\n|-unboost|p2b: Zamazenta|atk|1\n|turn|1\n|inactive|SEITA has 30 seconds left.\n|inactive|SEITA has 20 seconds left.\n|inactive|SEITA has 15 seconds left.\n|inactive|SEITA has 10 seconds left.\n|inactive|SEITA has 5 seconds left.\n|\n|t:|1771094199\n|-terastallize|p2a: Grimmsnarl|Ghost\n|move|p1b: Golfe Wlick|Fake Out|p2b: Zamazenta\n|-resisted|p2b: Zamazenta\n|-damage|p2b: Zamazenta|98/100\n|move|p2a: Grimmsnarl|Light Screen|p2a: Grimmsnarl\n|-sidestart|p2: SEITA|move: Light Screen\n|move|p1a: Slim Jim|Volt Switch|p2a: Grimmsnarl\n|-damage|p2a: Grimmsnarl|19/100\n|\n|t:|1771094212\n|switch|p1a: Timtam|Groudon, L50, shiny|100/100|[from] Volt Switch\n|-weather|SunnyDay|[from] ability: Drought|[of] p1a: Timtam\n|cant|p2b: Zamazenta|flinch\n|\n|-weather|SunnyDay|[upkeep]\n|upkeep\n|turn|2\n|\n|t:|1771094233\n|move|p2a: Grimmsnarl|Reflect|p2a: Grimmsnarl\n|-sidestart|p2: SEITA|Reflect\n|move|p2b: Zamazenta|Body Press|p1b: Golfe Wlick\n|-supereffective|p1b: Golfe Wlick\n|-damage|p1b: Golfe Wlick|0 fnt\n|faint|p1b: Golfe Wlick\n|move|p1a: Timtam|Precipice Blades|p2a: Grimmsnarl|[spread] p2a,p2b\n|-supereffective|p2b: Zamazenta\n|-damage|p2a: Grimmsnarl|0 fnt\n|-damage|p2b: Zamazenta|76/100\n|faint|p2a: Grimmsnarl\n|\n|-weather|SunnyDay|[upkeep]\n|upkeep\n|\n|t:|1771094247\n|switch|p1b: Jimbob|Baxcalibur, L50, M, shiny|100/100\n|switch|p2a: Wo-Chien|Wo-Chien, L50|100/100\n|-ability|p2a: Wo-Chien|Tablets of Ruin\n|turn|3\n|inactive|SEITA has 30 seconds left.\n|\n|t:|1771094275\n|switch|p1a: Slim Jim|Miraidon, L50, shiny|100/100\n|-activate|p1a: Slim Jim|ability: Hadron Engine\n|move|p1b: Jimbob|Protect|p1b: Jimbob\n|-singleturn|p1b: Jimbob|Protect\n|move|p2b: Zamazenta|Iron Defense|p2b: Zamazenta\n|-boost|p2b: Zamazenta|def|2\n|move|p2a: Wo-Chien|Leech Seed|p1a: Slim Jim\n|-start|p1a: Slim Jim|move: Leech Seed\n|\n|-weather|SunnyDay|[upkeep]\n|-damage|p1a: Slim Jim|88/100|[from] Leech Seed|[of] p2a: Wo-Chien\n|upkeep\n|turn|4\n|inactive|SEITA has 30 seconds left.\n|inactive|SEITA has 20 seconds left.\n|\n|t:|1771094314\n|switch|p1b: Timtam|Groudon, L50, shiny|100/100\n|-terastallize|p1a: Slim Jim|Electric\n|move|p1a: Slim Jim|Discharge|p2a: Wo-Chien|[spread] p2a,p2b\n|-immune|p1b: Timtam\n|-resisted|p2a: Wo-Chien\n|-damage|p2a: Wo-Chien|69/100\n|-damage|p2b: Zamazenta|18/100\n|-status|p2b: Zamazenta|par\n|move|p2a: Wo-Chien|Leech Seed|p1b: Timtam\n|-start|p1b: Timtam|move: Leech Seed\n|move|p2b: Zamazenta|Body Press|p1a: Slim Jim\n|-damage|p1a: Slim Jim|9/100\n|\n|-weather|SunnyDay|[upkeep]\n|-damage|p1a: Slim Jim|0 fnt|[from] Leech Seed|[of] p2a: Wo-Chien\n|-heal|p2a: Wo-Chien|79/100|[silent]\n|faint|p1a: Slim Jim\n|-damage|p1b: Timtam|88/100|[from] Leech Seed|[of] p2a: Wo-Chien\n|-heal|p2a: Wo-Chien|93/100|[silent]\n|upkeep\n|\n|t:|1771094335\n|switch|p1a: Jimbob|Baxcalibur, L50, M, shiny|100/100\n|turn|5\n|\n|t:|1771094346\n|switch|p2b: Kyogre|Kyogre, L50|100/100\n|-weather|RainDance|[from] ability: Drizzle|[of] p2b: Kyogre\n|move|p1a: Jimbob|Dragon Dance|p1a: Jimbob\n|-boost|p1a: Jimbob|atk|1\n|-boost|p1a: Jimbob|spe|1\n|move|p2a: Wo-Chien|Leech Seed|p1a: Jimbob\n|-start|p1a: Jimbob|move: Leech Seed\n|move|p1b: Timtam|Eruption|p2a: Wo-Chien|[spread] p2a,p2b\n|-supereffective|p2a: Wo-Chien\n|-resisted|p2b: Kyogre\n|-damage|p2a: Wo-Chien|81/100\n|-damage|p2b: Kyogre|98/100\n|\n|-weather|RainDance|[upkeep]\n|-heal|p2b: Kyogre|100/100|[from] item: Leftovers\n|-damage|p1a: Jimbob|88/100|[from] Leech Seed|[of] p2a: Wo-Chien\n|-heal|p2a: Wo-Chien|97/100|[silent]\n|-damage|p1b: Timtam|76/100|[from] Leech Seed|[of] p2a: Wo-Chien\n|-heal|p2a: Wo-Chien|100/100|[silent]\n|-fieldend|move: Electric Terrain\n|upkeep\n|turn|6\n|\n|t:|1771094370\n|move|p1a: Jimbob|Glaive Rush|p2b: Kyogre\n|-damage|p2b: Kyogre|43/100\n|-singlemove|p1a: Jimbob|Glaive Rush|[silent]\n|-damage|p1a: Jimbob|78/100|[from] item: Life Orb\n|move|p2a: Wo-Chien|Foul Play|p1a: Jimbob\n|-damage|p1a: Jimbob|0 fnt\n|faint|p1a: Jimbob\n|move|p2b: Kyogre|Origin Pulse|p1b: Timtam\n|-supereffective|p1b: Timtam\n|-damage|p1b: Timtam|0 fnt\n|faint|p1b: Timtam\n|\n|win|SEITA\n|raw|Brrn44's rating: 1171 &rarr; <strong>1155</strong><br />(-16 for losing)\n|raw|SEITA's rating: 1296 &rarr; <strong>1312</strong><br />(+16 for winning)\n|l|\u2606Brrn44\n|player|p1|\n|l|\u2606SEITA\n|player|p2|\n","uploadtime":1771094630,"views":30,"formatid":"gen9vgc2026regi","rating":1155,"private":0,"password":null}