{"id":"gen9vgc2026regi-2579599350","format":"[Gen 9] VGC 2026 Reg I","players":["Chenpion192","datbishgames"],"log":"|j|\u2606Chenpion192\n|j|\u2606datbishgames\n|t:|1775803734\n|gametype|doubles\n|player|p1|Chenpion192|cynthia-gen4|1396\n|player|p2|datbishgames|mira|1456\n|gen|9\n|tier|[Gen 9] VGC 2026 Reg I\n|rated|\n|rule|Species Clause: Limit one of each Pok\u00e9mon\n|rule|Item Clause: Limit 1 of each item\n|clearpoke\n|poke|p1|Calyrex-Ice, L50|\n|poke|p1|Miraidon, L50|\n|poke|p1|Grimmsnarl, L50, M|\n|poke|p1|Urshifu-*, L50, F|\n|poke|p1|Incineroar, L50, M|\n|poke|p1|Landorus, L50, M|\n|poke|p2|Dialga-Origin, L50|\n|poke|p2|Ho-Oh, L50|\n|poke|p2|Rotom-Wash, L50|\n|poke|p2|Amoonguss, L50, F|\n|poke|p2|Ursaluna, L50, F|\n|poke|p2|Zoroark-Hisui, L50, F|\n|teampreview|4\n|inactive|Battle timer is ON: inactive players will automatically lose when time's up. (requested by datbishgames)\n|inactive|Chenpion192 also wants the timer to be on.\n|inactive|Chenpion192 has 60 seconds left.\n|inactive|datbishgames has 60 seconds left.\n|\n|t:|1775803777\n|teamsize|p1|4\n|teamsize|p2|4\n|start\n|switch|p1a: Miraidon|Miraidon, L50|100/100\n|switch|p1b: Calyrex|Calyrex-Ice, L50|100/100\n|switch|p2a: Dialga|Dialga-Origin, L50|100/100\n|switch|p2b: Ursaluna|Ursaluna, L50, F|100/100\n|-ability|p1b: Calyrex|As One\n|-ability|p1b: Calyrex|Unnerve\n|-fieldstart|move: Electric Terrain|[from] ability: Hadron Engine|[of] p1a: Miraidon\n|turn|1\n|\n|t:|1775803791\n|-terastallize|p2b: Ursaluna|Ghost\n|-terastallize|p1b: Calyrex|Water\n|move|p2a: Dialga|Will-O-Wisp|p1b: Calyrex\n|-status|p1b: Calyrex|brn\n|move|p1a: Miraidon|Volt Switch|p2a: Dialga\n|-enditem|p2a: Dialga|Focus Sash\n|-damage|p2a: Dialga|1/100\n|replace|p2a: Zoroark|Zoroark-Hisui, L50, F\n|-end|p2a: Zoroark|Illusion\n|\n|t:|1775803805\n|switch|p1a: Incineroar|Incineroar, L50, M|100/100|[from] Volt Switch\n|-ability|p1a: Incineroar|Intimidate|boost\n|-unboost|p2a: Zoroark|atk|1\n|-unboost|p2b: Ursaluna|atk|1\n|move|p2b: Ursaluna|Swords Dance|p2b: Ursaluna\n|-boost|p2b: Ursaluna|atk|2\n|move|p1b: Calyrex|Glacial Lance|p2b: Ursaluna|[spread] p2a,p2b\n|-damage|p2a: Zoroark|0 fnt\n|-damage|p2b: Ursaluna|80/100\n|faint|p2a: Zoroark\n|-ability|p1b: Calyrex|Chilling Neigh|boost\n|-boost|p1b: Calyrex|atk|1\n|\n|-damage|p1b: Calyrex|95/100 brn|[from] brn\n|-status|p2b: Ursaluna|brn|[from] item: Flame Orb\n|upkeep\n|\n|t:|1775803821\n|switch|p2a: Dialga|Dialga-Origin, L50|100/100\n|turn|2\n|\n|t:|1775803833\n|switch|p1a: Landorus|Landorus, L50, M|100/100\n|move|p2b: Ursaluna|Earthquake|p1b: Calyrex|[spread] p1b\n|-activate|p2a: Dialga|ability: Telepathy\n|-immune|p1a: Landorus\n|-damage|p1b: Calyrex|45/100 brn\n|move|p2a: Dialga|Draco Meteor|p1b: Calyrex|[miss]\n|-miss|p2a: Dialga|p1b: Calyrex\n|move|p1b: Calyrex|Leech Seed|p2b: Ursaluna\n|-start|p2b: Ursaluna|move: Leech Seed\n|\n|-heal|p1b: Calyrex|51/100 brn|[from] item: Leftovers\n|-damage|p2b: Ursaluna|68/100 brn|[from] Leech Seed|[of] p1b: Calyrex\n|-heal|p1b: Calyrex|64/100 brn|[silent]\n|-damage|p2b: Ursaluna|62/100 brn|[from] brn\n|-damage|p1b: Calyrex|58/100 brn|[from] brn\n|upkeep\n|turn|3\n|inactive|Chenpion192 has 30 seconds left.\n|\n|t:|1775803862\n|switch|p2a: Rotom|Rotom-Wash, L50|100/100\n|switch|p1b: Incineroar|Incineroar, L50, M|100/100\n|-ability|p1b: Incineroar|Intimidate|boost\n|-unboost|p2a: Rotom|atk|1\n|-unboost|p2b: Ursaluna|atk|1\n|move|p1a: Landorus|Earth Power|p2a: Rotom\n|-immune|p2a: Rotom|[from] ability: Levitate\n|move|p2b: Ursaluna|Facade|p1a: Landorus\n|-damage|p1a: Landorus|0 fnt\n|faint|p1a: Landorus\n|\n|-damage|p2b: Ursaluna|50/100 brn|[from] Leech Seed|[of] p1b: Incineroar\n|-damage|p2b: Ursaluna|44/100 brn|[from] brn\n|upkeep\n|\n|t:|1775803877\n|switch|p1a: Miraidon|Miraidon, L50|100/100\n|-activate|p1a: Miraidon|ability: Hadron Engine\n|turn|4\n|\n|t:|1775803883\n|move|p2b: Ursaluna|Protect|p2b: Ursaluna\n|-singleturn|p2b: Ursaluna|Protect\n|move|p1b: Incineroar|Fake Out|p2a: Rotom\n|-damage|p2a: Rotom|92/100\n|move|p1a: Miraidon|Volt Switch|p2b: Ursaluna\n|-activate|p2b: Ursaluna|move: Protect\n|cant|p2a: Rotom|flinch\n|\n|-damage|p2b: Ursaluna|32/100 brn|[from] Leech Seed|[of] p1b: Incineroar\n|-damage|p2b: Ursaluna|26/100 brn|[from] brn\n|upkeep\n|turn|5\n|\n|t:|1775803897\n|switch|p2b: Dialga|Dialga-Origin, L50|100/100\n|move|p1a: Miraidon|Volt Switch|p2b: Dialga\n|-resisted|p2b: Dialga\n|-damage|p2b: Dialga|67/100\n|\n|t:|1775803902\n|switch|p1a: Calyrex|Calyrex-Ice, L50, tera:Water|58/100 brn|[from] Volt Switch\n|-ability|p1a: Calyrex|As One\n|-ability|p1a: Calyrex|Unnerve\n|move|p1b: Incineroar|U-turn|p2a: Rotom\n|-damage|p2a: Rotom|78/100\n|\n|t:|1775803911\n|switch|p1b: Miraidon|Miraidon, L50|100/100|[from] U-turn\n|-activate|p1b: Miraidon|ability: Hadron Engine\n|move|p2a: Rotom|Foul Play|p1a: Calyrex\n|-damage|p1a: Calyrex|37/100 brn\n|\n|-heal|p1a: Calyrex|43/100 brn|[from] item: Leftovers\n|-damage|p1a: Calyrex|37/100 brn|[from] brn\n|-fieldend|move: Electric Terrain\n|upkeep\n|turn|6\n|\n|t:|1775803927\n|move|p1b: Miraidon|Volt Switch|p2a: Rotom\n|-damage|p2a: Rotom|43/100\n|\n|t:|1775803930\n|switch|p1b: Incineroar|Incineroar, L50, M|100/100|[from] Volt Switch\n|-ability|p1b: Incineroar|Intimidate|boost\n|-unboost|p2a: Rotom|atk|1\n|-unboost|p2b: Dialga|atk|1\n|move|p2a: Rotom|Volt Switch|p1a: Calyrex\n|-supereffective|p1a: Calyrex\n|-damage|p1a: Calyrex|5/100 brn\n|\n|t:|1775803938\n|switch|p2a: Ursaluna|Ursaluna, L50, F, tera:Ghost|26/100 brn|[from] Volt Switch\n|move|p1a: Calyrex|Leech Seed|p2b: Dialga|[miss]\n|-miss|p1a: Calyrex|p2b: Dialga\n|move|p2b: Dialga|Trick Room|p2b: Dialga\n|-fieldstart|move: Trick Room|[of] p2b: Dialga\n|\n|-heal|p1a: Calyrex|11/100 brn|[from] item: Leftovers\n|-damage|p1a: Calyrex|5/100 brn|[from] brn\n|-damage|p2a: Ursaluna|20/100 brn|[from] brn\n|upkeep\n|turn|7\n|inactive|Chenpion192 has 30 seconds left.\n|inactive|Chenpion192 has 20 seconds left.\n|\n|t:|1775803974\n|move|p2a: Ursaluna|Protect|p2a: Ursaluna\n|-singleturn|p2a: Ursaluna|Protect\n|move|p1a: Calyrex|Leech Seed|p2a: Ursaluna\n|-activate|p2a: Ursaluna|move: Protect\n|move|p2b: Dialga|Draco Meteor|p1b: Incineroar\n|-damage|p1b: Incineroar|35/100\n|-unboost|p2b: Dialga|spa|2\n|move|p1b: Incineroar|Knock Off|p2a: Ursaluna\n|-activate|p2a: Ursaluna|move: Protect\n|\n|-heal|p1a: Calyrex|11/100 brn|[from] item: Leftovers\n|-damage|p1a: Calyrex|5/100 brn|[from] brn\n|-damage|p2a: Ursaluna|14/100 brn|[from] brn\n|upkeep\n|turn|8\n|\n|t:|1775803999\n|move|p1a: Calyrex|Protect|p1a: Calyrex\n|-singleturn|p1a: Calyrex|Protect\n|move|p2b: Dialga|Draco Meteor|p1a: Calyrex\n|-activate|p1a: Calyrex|move: Protect\n|move|p2a: Ursaluna|Earthquake|p1a: Calyrex|[spread] p1b\n|-activate|p1a: Calyrex|move: Protect\n|-activate|p2b: Dialga|ability: Telepathy\n|-supereffective|p1b: Incineroar\n|-damage|p1b: Incineroar|0 fnt\n|faint|p1b: Incineroar\n|\n|-heal|p1a: Calyrex|11/100 brn|[from] item: Leftovers\n|-damage|p1a: Calyrex|5/100 brn|[from] brn\n|-damage|p2a: Ursaluna|9/100 brn|[from] brn\n|upkeep\n|\n|t:|1775804006\n|switch|p1b: Miraidon|Miraidon, L50|100/100\n|-fieldstart|move: Electric Terrain|[from] ability: Hadron Engine|[of] p1b: Miraidon\n|turn|9\n|\n|t:|1775804013\n|switch|p2a: Rotom|Rotom-Wash, L50|43/100\n|move|p1a: Calyrex|Glacial Lance|p2a: Rotom|[spread] p2a,p2b\n|-resisted|p2a: Rotom\n|-damage|p2a: Rotom|34/100\n|-damage|p2b: Dialga|46/100\n|move|p2b: Dialga|Draco Meteor|p1a: Calyrex\n|-damage|p1a: Calyrex|0 fnt\n|-unboost|p2b: Dialga|spa|2\n|faint|p1a: Calyrex\n|move|p1b: Miraidon|Electro Drift|p2a: Rotom\n|-crit|p2a: Rotom\n|-damage|p2a: Rotom|0 fnt\n|faint|p2a: Rotom\n|\n|upkeep\n|\n|t:|1775804025\n|switch|p2a: Ursaluna|Ursaluna, L50, F, tera:Ghost|9/100 brn\n|turn|10\n|\n|t:|1775804031\n|move|p2b: Dialga|Draco Meteor|p1b: Miraidon\n|-supereffective|p1b: Miraidon\n|-damage|p1b: Miraidon|56/100\n|-unboost|p2b: Dialga|spa|2\n|move|p2a: Ursaluna|Earthquake|p1b: Miraidon|[spread] p1b\n|-activate|p2b: Dialga|ability: Telepathy\n|-supereffective|p1b: Miraidon\n|-damage|p1b: Miraidon|0 fnt\n|faint|p1b: Miraidon\n|\n|win|datbishgames\n|raw|Chenpion192's rating: 1396 &rarr; <strong>1379</strong><br />(-17 for losing)\n|raw|datbishgames's rating: 1456 &rarr; <strong>1473</strong><br />(+17 for winning)\n|l|\u2606Chenpion192\n|player|p1|\n|l|\u2606datbishgames\n|player|p2|\n","uploadtime":1775804195,"views":8,"formatid":"gen9vgc2026regi","rating":1379,"private":0,"password":null}