{"id":"gen9vgc2026regi-2525378022","format":"[Gen 9] VGC 2026 Reg I","players":["Pitecus","Rillabossman"],"log":"|j|\u2606Pitecus\n|j|\u2606Rillabossman\n|t:|1769274789\n|gametype|doubles\n|player|p1|Pitecus|steven|1300\n|player|p2|Rillabossman|burglar|1433\n|gen|9\n|tier|[Gen 9] VGC 2026 Reg I\n|rated|\n|rule|Species Clause: Limit one of each Pok\u00e9mon\n|rule|Item Clause: Limit 1 of each item\n|clearpoke\n|poke|p1|Calyrex-Ice, L50|\n|poke|p1|Enamorus-Therian, L50, F|\n|poke|p1|Lunala, L50|\n|poke|p1|Indeedee-F, L50, F|\n|poke|p1|Ditto, L50|\n|poke|p1|Brute Bonnet, L50|\n|poke|p2|Salazzle, L50, F|\n|poke|p2|Necrozma-Dusk-Mane, L50|\n|poke|p2|Breloom, L50, F|\n|poke|p2|Ho-Oh, L50|\n|poke|p2|Gyarados, L50, M|\n|poke|p2|Rhydon, L50, F|\n|teampreview|4\n|\n|t:|1769274818\n|teamsize|p1|4\n|teamsize|p2|4\n|start\n|switch|p1a: Lunala|Lunala, L50|100/100\n|switch|p1b: Indeedee|Indeedee-F, L50, F|100/100\n|switch|p2a: Salazzle|Salazzle, L50, F, shiny|100/100\n|switch|p2b: Necrozma|Necrozma-Dusk-Mane, L50, shiny|100/100\n|-fieldstart|move: Psychic Terrain|[from] ability: Psychic Surge|[of] p1b: Indeedee\n|-enditem|p1b: Indeedee|Psychic Seed\n|-boost|p1b: Indeedee|spd|1|[from] item: Psychic Seed\n|turn|1\n|c|\u2606Rillabossman|glhf\n|\n|t:|1769274832\n|-terastallize|p2b: Necrozma|Water\n|move|p1b: Indeedee|Follow Me|p1b: Indeedee\n|-singleturn|p1b: Indeedee|move: Follow Me\n|move|p2a: Salazzle|Fling|p1b: Indeedee\n|-supereffective|p1b: Indeedee\n|-damage|p1b: Indeedee|91/100\n|-enditem|p2a: Salazzle|Razor Fang|[from] move: Fling\n|move|p2b: Necrozma|Dragon Dance|p2b: Necrozma\n|-boost|p2b: Necrozma|atk|1\n|-boost|p2b: Necrozma|spe|1\n|move|p1a: Lunala|Trick Room|p1a: Lunala\n|-fieldstart|move: Trick Room|[of] p1a: Lunala\n|\n|upkeep\n|turn|2\n|\n|t:|1769274862\n|switch|p2a: Rhydon|Rhydon, L50, F|100/100\n|move|p2b: Necrozma|Protect|p2b: Necrozma\n|-singleturn|p2b: Necrozma|Protect\n|move|p1b: Indeedee|Follow Me|p1b: Indeedee\n|-singleturn|p1b: Indeedee|move: Follow Me\n|move|p1a: Lunala|Meteor Beam||[still]\n|-prepare|p1a: Lunala|Meteor Beam\n|-boost|p1a: Lunala|spa|1\n|-enditem|p1a: Lunala|Power Herb\n|-anim|p1a: Lunala|Meteor Beam|p2b: Necrozma\n|-activate|p2b: Necrozma|move: Protect\n|\n|upkeep\n|turn|3\n|\n|t:|1769274880\n|move|p1b: Indeedee|Follow Me|p1b: Indeedee\n|-singleturn|p1b: Indeedee|move: Follow Me\n|move|p2a: Rhydon|Rock Slide|p1a: Lunala|[spread] p1a\n|-miss|p2a: Rhydon|p1b: Indeedee\n|-damage|p1a: Lunala|92/100\n|move|p1a: Lunala|Expanding Force|p2a: Rhydon|[spread] p2a,p2b\n|-damage|p2a: Rhydon|31/100\n|-damage|p2b: Necrozma|11/100\n|move|p2b: Necrozma|Sunsteel Strike|p1b: Indeedee\n|-damage|p1b: Indeedee|0 fnt\n|faint|p1b: Indeedee\n|\n|upkeep\n|\n|t:|1769274894\n|switch|p1b: Calyrex|Calyrex-Ice, L50|100/100\n|-ability|p1b: Calyrex|As One\n|-ability|p1b: Calyrex|Unnerve\n|turn|4\n|\n|t:|1769274918\n|switch|p2b: Gyarados|Gyarados, L50, M|100/100\n|-ability|p2b: Gyarados|Intimidate|boost\n|-unboost|p1a: Lunala|atk|1\n|-fail|p1b: Calyrex|unboost|[from] item: Clear Amulet|[of] p1b: Calyrex\n|move|p2a: Rhydon|Crunch|p1a: Lunala\n|-supereffective|p1a: Lunala\n|-damage|p1a: Lunala|17/100\n|move|p1b: Calyrex|Glacial Lance|p2a: Rhydon|[spread] p2a,p2b\n|-supereffective|p2a: Rhydon\n|-damage|p2a: Rhydon|0 fnt\n|-damage|p2b: Gyarados|41/100\n|faint|p2a: Rhydon\n|-ability|p1b: Calyrex|Chilling Neigh|boost\n|-boost|p1b: Calyrex|atk|1\n|move|p1a: Lunala|Meteor Beam||[still]\n|-prepare|p1a: Lunala|Meteor Beam\n|-boost|p1a: Lunala|spa|1\n|\n|upkeep\n|\n|t:|1769274925\n|switch|p2a: Necrozma|Necrozma-Dusk-Mane, L50, shiny, tera:Water|11/100\n|turn|5\n|\n|t:|1769274939\n|move|p2b: Gyarados|Protect|p2b: Gyarados\n|-singleturn|p2b: Gyarados|Protect\n|move|p2a: Necrozma|Protect|p2a: Necrozma\n|-singleturn|p2a: Necrozma|Protect\n|move|p1b: Calyrex|Glacial Lance|p2a: Necrozma|[spread] \n|-activate|p2a: Necrozma|move: Protect\n|-activate|p2b: Gyarados|move: Protect\n|move|p1a: Lunala|Meteor Beam|p2a: Necrozma|[from] lockedmove\n|-activate|p2a: Necrozma|move: Protect\n|\n|-fieldend|move: Trick Room\n|-fieldend|move: Psychic Terrain\n|upkeep\n|turn|6\n|\n|t:|1769274949\n|move|p2a: Necrozma|Sunsteel Strike|p1a: Lunala\n|-damage|p1a: Lunala|0 fnt\n|faint|p1a: Lunala\n|move|p2b: Gyarados|Taunt|p1b: Calyrex\n|-start|p1b: Calyrex|move: Taunt\n|move|p1b: Calyrex|Glacial Lance|p2a: Necrozma|[spread] p2a,p2b\n|-resisted|p2a: Necrozma\n|-damage|p2a: Necrozma|0 fnt\n|-damage|p2b: Gyarados|0 fnt\n|faint|p2a: Necrozma\n|faint|p2b: Gyarados\n|-ability|p1b: Calyrex|Chilling Neigh|boost\n|-boost|p1b: Calyrex|atk|2\n|\n|upkeep\n|\n|t:|1769274958\n|switch|p2b: Salazzle|Salazzle, L50, F, shiny|100/100\n|switch|p1a: Brute Bonnet|Brute Bonnet, L50|100/100\n|-enditem|p1a: Brute Bonnet|Booster Energy\n|-activate|p1a: Brute Bonnet|ability: Protosynthesis|[fromitem]\n|-start|p1a: Brute Bonnet|protosynthesisdef\n|turn|7\n|\n|t:|1769274981\n|move|p2b: Salazzle|Sludge Bomb|p1a: Brute Bonnet\n|-supereffective|p1a: Brute Bonnet\n|-damage|p1a: Brute Bonnet|24/100\n|-status|p1a: Brute Bonnet|psn\n|move|p1a: Brute Bonnet|Spore|p2b: Salazzle\n|-status|p2b: Salazzle|slp|[from] move: Spore\n|move|p1b: Calyrex|Throat Chop|p2b: Salazzle\n|-damage|p2b: Salazzle|0 fnt\n|faint|p2b: Salazzle\n|\n|win|Pitecus\n|raw|Pitecus's rating: 1300 &rarr; <strong>1334</strong><br />(+34 for winning)\n|raw|Rillabossman's rating: 1433 &rarr; <strong>1406</strong><br />(-27 for losing)\n|l|\u2606Pitecus\n|player|p1|\n|l|\u2606Rillabossman\n|player|p2|\n","uploadtime":1769275230,"views":26,"formatid":"gen9vgc2026regi","rating":1334,"private":0,"password":null}