{"id":"gen9vgc2026regi-2580277470","format":"[Gen 9] VGC 2026 Reg I","players":["Noobilio","lsslsssllsslsssl"],"log":"|j|\u2606Noobilio\n|j|\u2606lsslsssllsslsssl\n|t:|1775873688\n|gametype|doubles\n|player|p1|Noobilio|nurse|1418\n|player|p2|lsslsssllsslsssl|266|1505\n|gen|9\n|tier|[Gen 9] VGC 2026 Reg I\n|rated|\n|rule|Species Clause: Limit one of each Pok\u00e9mon\n|rule|Item Clause: Limit 1 of each item\n|clearpoke\n|poke|p1|Ho-Oh, L50|\n|poke|p1|Koraidon, L50|\n|poke|p1|Flutter Mane, L50|\n|poke|p1|Iron Treads, L50|\n|poke|p1|Incineroar, L50, F|\n|poke|p1|Raging Bolt, L50|\n|poke|p2|Muk-Alola, L50, F|\n|poke|p2|Smeargle, L50, F|\n|poke|p2|Flamigo, L50, F|\n|poke|p2|Calyrex-Shadow, L50|\n|poke|p2|Indeedee-F, L50, F|\n|poke|p2|Kyogre, L50|\n|teampreview|4\n|inactive|Battle timer is ON: inactive players will automatically lose when time's up. (requested by lsslsssllsslsssl)\n|\n|t:|1775873714\n|teamsize|p1|4\n|teamsize|p2|4\n|start\n|switch|p1a: Ho-Oh|Ho-Oh, L50|100/100\n|switch|p1b: Raging Bolt|Raging Bolt, L50|100/100\n|switch|p2a: Indeedee|Indeedee-F, L50, F|100/100\n|switch|p2b: Calyrex|Calyrex-Shadow, L50|100/100\n|-ability|p2b: Calyrex|As One\n|-ability|p2b: Calyrex|Unnerve\n|-fieldstart|move: Psychic Terrain|[from] ability: Psychic Surge|[of] p2a: Indeedee\n|turn|1\n|inactive|Noobilio has 30 seconds left.\n|inactive|Noobilio has 20 seconds left.\n|\n|t:|1775873750\n|move|p2a: Indeedee|Helping Hand|p2b: Calyrex\n|-singleturn|p2b: Calyrex|Helping Hand|[of] p2a: Indeedee\n|move|p2b: Calyrex|Expanding Force|p1b: Raging Bolt|[spread] p1a,p1b\n|-damage|p1a: Ho-Oh|24/100\n|-damage|p1b: Raging Bolt|17/100\n|-damage|p2b: Calyrex|91/100|[from] item: Life Orb\n|move|p1a: Ho-Oh|Sacred Fire|p2b: Calyrex\n|-damage|p2b: Calyrex|26/100\n|-status|p2b: Calyrex|brn\n|move|p1b: Raging Bolt|Electroweb|p2a: Indeedee|[spread] p2a,p2b\n|-damage|p2a: Indeedee|81/100\n|-damage|p2b: Calyrex|3/100 brn\n|-unboost|p2a: Indeedee|spe|1\n|-unboost|p2b: Calyrex|spe|1\n|\n|-damage|p2b: Calyrex|0 fnt|[from] brn\n|faint|p2b: Calyrex\n|upkeep\n|\n|t:|1775873767\n|switch|p2b: Kyogre|Kyogre, L50|100/100\n|-weather|RainDance|[from] ability: Drizzle|[of] p2b: Kyogre\n|turn|2\n|inactive|Noobilio has 30 seconds left.\n|inactive|Noobilio has 20 seconds left.\n|inactive|Noobilio has 15 seconds left.\n|inactive|Noobilio has 10 seconds left.\n|\n|t:|1775873814\n|switch|p1a: Trystan|Koraidon, L50|100/100\n|-weather|SunnyDay|[from] ability: Orichalcum Pulse|[of] p1a: Trystan\n|-activate|p1b: Raging Bolt|ability: Protosynthesis\n|-start|p1b: Raging Bolt|protosynthesisspa\n|-activate|p1a: Trystan|Orichalcum Pulse|[source]\n|move|p2b: Kyogre|Water Spout|p1b: Raging Bolt|[spread] p1a,p1b\n|-resisted|p1a: Trystan\n|-resisted|p1b: Raging Bolt\n|-damage|p1a: Trystan|86/100\n|-damage|p1b: Raging Bolt|9/100\n|move|p1b: Raging Bolt|Volt Switch|p2a: Indeedee\n|-damage|p2a: Indeedee|34/100\n|j| 801344244b\n|\n|t:|1775873827\n|-end|p1b: Raging Bolt|Protosynthesis|[silent]\n|switch|p1b: Ho-Oh|Ho-Oh, L50|57/100|[from] Volt Switch\n|move|p2a: Indeedee|Psychic|p1a: Trystan\n|-supereffective|p1a: Trystan\n|-damage|p1a: Trystan|18/100\n|\n|-weather|SunnyDay|[upkeep]\n|upkeep\n|turn|3\n|\n|t:|1775873849\n|switch|p2b: Smeargle|Smeargle, L50, F|100/100\n|move|p1a: Trystan|Low Kick|p2b: Smeargle\n|-supereffective|p2b: Smeargle\n|-enditem|p2b: Smeargle|Focus Sash\n|-damage|p2b: Smeargle|1/100\n|move|p1b: Ho-Oh|Brave Bird|p2a: Indeedee\n|-damage|p2a: Indeedee|0 fnt\n|-damage|p1b: Ho-Oh|40/100|[from] item: Rocky Helmet|[of] p2a: Indeedee\n|faint|p2a: Indeedee\n|-damage|p1b: Ho-Oh|31/100|[from] Recoil\n|\n|-weather|SunnyDay|[upkeep]\n|-ability|p2b: Smeargle|Moody|boost\n|-boost|p2b: Smeargle|atk|2\n|-unboost|p2b: Smeargle|spe|1\n|upkeep\n|\n|t:|1775873863\n|switch|p2a: Kyogre|Kyogre, L50|100/100\n|-weather|RainDance|[from] ability: Drizzle|[of] p2a: Kyogre\n|turn|4\n|inactive|Noobilio has 30 seconds left.\n|\n|t:|1775873894\n|switch|p1b: Raging Bolt|Raging Bolt, L50|9/100\n|move|p2b: Smeargle|Fake Out|p1b: Raging Bolt\n|-activate|p1b: Raging Bolt|move: Psychic Terrain\n|move|p2a: Kyogre|Water Spout|p1a: Trystan|[spread] p1a,p1b\n|-resisted|p1a: Trystan\n|-resisted|p1b: Raging Bolt\n|-damage|p1a: Trystan|0 fnt\n|-damage|p1b: Raging Bolt|0 fnt\n|faint|p1a: Trystan\n|faint|p1b: Raging Bolt\n|-end|p1b: Raging Bolt|Protosynthesis|[silent]\n|\n|-weather|RainDance|[upkeep]\n|-ability|p2b: Smeargle|Moody|boost\n|-boost|p2b: Smeargle|def|2\n|-unboost|p2b: Smeargle|spd|1\n|upkeep\n|\n|t:|1775873905\n|switch|p1a: Flutter Mane|Flutter Mane, L50|100/100\n|switch|p1b: Ho-Oh|Ho-Oh, L50|65/100\n|turn|5\n|\n|t:|1775873928\n|-terastallize|p1b: Ho-Oh|Water\n|move|p2b: Smeargle|Follow Me|p2b: Smeargle\n|-singleturn|p2b: Smeargle|move: Follow Me\n|move|p2a: Kyogre|Water Spout|p1b: Ho-Oh|[spread] p1a,p1b\n|-resisted|p1b: Ho-Oh\n|-enditem|p1a: Flutter Mane|Focus Sash\n|-damage|p1a: Flutter Mane|1/100\n|-damage|p1b: Ho-Oh|39/100\n|move|p1a: Flutter Mane|Icy Wind|p2b: Smeargle|[spread] p2a,p2b\n|-resisted|p2a: Kyogre\n|-damage|p2a: Kyogre|94/100\n|-damage|p2b: Smeargle|0 fnt\n|-unboost|p2a: Kyogre|spe|1\n|faint|p2b: Smeargle\n|move|p1b: Ho-Oh|Brave Bird|p2a: Kyogre\n|-damage|p2a: Kyogre|33/100\n|-damage|p1b: Ho-Oh|22/100|[from] Recoil\n|\n|-weather|RainDance|[upkeep]\n|-fieldend|move: Psychic Terrain\n|upkeep\n|turn|6\n|\n|t:|1775873948\n|move|p1a: Flutter Mane|Moonblast|p2a: Kyogre\n|-damage|p2a: Kyogre|0 fnt\n|faint|p2a: Kyogre\n|\n|win|Noobilio\n|raw|Noobilio's rating: 1418 &rarr; <strong>1443</strong><br />(+25 for winning)\n|raw|lsslsssllsslsssl's rating: 1505 &rarr; <strong>1480</strong><br />(-25 for losing)\n|l|\u2606lsslsssllsslsssl\n|player|p2|\n","uploadtime":1775873953,"views":26,"formatid":"gen9vgc2026regi","rating":1443,"private":0,"password":null}