{"id":"gen9vgc2026regi-2568253553","format":"[Gen 9] VGC 2026 Reg I","players":["Nestorro700","conniecut"],"log":"|j|\u2606Nestorro700\n|j|\u2606conniecut\n|t:|1774559898\n|gametype|doubles\n|player|p1|Nestorro700|n|1353\n|player|p2|conniecut|lady|1364\n|gen|9\n|tier|[Gen 9] VGC 2026 Reg I\n|rated|\n|rule|Species Clause: Limit one of each Pok\u00e9mon\n|rule|Item Clause: Limit 1 of each item\n|clearpoke\n|poke|p1|Miraidon, L50|\n|poke|p1|Incineroar, L50, M|\n|poke|p1|Amoonguss, L50, F|\n|poke|p1|Calyrex-Ice, L50|\n|poke|p1|Farigiraf, L50, F|\n|poke|p1|Urshifu-*, L50, M|\n|poke|p2|Calyrex-Ice, L50|\n|poke|p2|Sentret, L50, M|\n|poke|p2|Ho-Oh, L50|\n|poke|p2|Ursaluna-Bloodmoon, L50, M|\n|poke|p2|Amoonguss, L50, M|\n|poke|p2|Urshifu-*, L50, M|\n|teampreview|4\n|inactive|Battle timer is ON: inactive players will automatically lose when time's up. (requested by Nestorro700)\n|inactive|Nestorro700 has 60 seconds left.\n|\n|t:|1774559932\n|teamsize|p1|4\n|teamsize|p2|4\n|start\n|switch|p1a: Rayo|Miraidon, L50, shiny|100/100\n|switch|p1b: Garfield|Incineroar, L50, M, shiny|100/100\n|switch|p2a: Calyrex|Calyrex-Ice, L50|100/100\n|switch|p2b: Sentret|Sentret, L50, M|100/100\n|-ability|p2a: Calyrex|As One\n|-ability|p2a: Calyrex|Unnerve\n|-fieldstart|move: Electric Terrain|[from] ability: Hadron Engine|[of] p1a: Rayo\n|-ability|p1b: Garfield|Intimidate|boost\n|-unboost|p2a: Calyrex|atk|1\n|-unboost|p2b: Sentret|atk|1\n|-item|p1a: Rayo|Choice Specs|[from] ability: Frisk|[of] p2b: Sentret\n|-item|p1b: Garfield|Safety Goggles|[from] ability: Frisk|[of] p2b: Sentret\n|turn|1\n|inactive|Nestorro700 has 30 seconds left.\n|inactive|Nestorro700 has 20 seconds left.\n|inactive|Nestorro700 has 15 seconds left.\n|\n|t:|1774559973\n|move|p2a: Calyrex|Protect|p2a: Calyrex\n|-singleturn|p2a: Calyrex|Protect\n|move|p2b: Sentret|Protect|p2b: Sentret\n|-singleturn|p2b: Sentret|Protect\n|move|p1b: Garfield|Fake Out|p2a: Calyrex\n|-activate|p2a: Calyrex|move: Protect\n|move|p1a: Rayo|Electro Drift|p2a: Calyrex\n|-activate|p2a: Calyrex|move: Protect\n|\n|upkeep\n|turn|2\n|\n|t:|1774559995\n|switch|p1a: Glaciaci\u00f3n|Calyrex-Ice, L50|100/100\n|-ability|p1a: Glaciaci\u00f3n|As One\n|-ability|p1a: Glaciaci\u00f3n|Unnerve\n|move|p2b: Sentret|Follow Me|p2b: Sentret\n|-singleturn|p2b: Sentret|move: Follow Me\n|move|p1b: Garfield|Knock Off|p2b: Sentret\n|-enditem|p2b: Sentret|Focus Sash\n|-damage|p2b: Sentret|1/100\n|move|p2a: Calyrex|Trick Room|p2a: Calyrex\n|-fieldstart|move: Trick Room|[of] p2a: Calyrex\n|\n|upkeep\n|turn|3\n|\n|t:|1774560020\n|move|p2b: Sentret|Endeavor|p1a: Glaciaci\u00f3n\n|-damage|p1a: Glaciaci\u00f3n|1/100\n|move|p1a: Glaciaci\u00f3n|Glacial Lance|p2a: Calyrex|[spread] p2a,p2b\n|-resisted|p2a: Calyrex\n|-crit|p2b: Sentret\n|-damage|p2a: Calyrex|84/100\n|-damage|p2b: Sentret|0 fnt\n|faint|p2b: Sentret\n|-ability|p1a: Glaciaci\u00f3n|Chilling Neigh|boost\n|-boost|p1a: Glaciaci\u00f3n|atk|1\n|move|p2a: Calyrex|Glacial Lance|p1b: Garfield|[spread] p1a,p1b\n|-resisted|p1a: Glaciaci\u00f3n\n|-resisted|p1b: Garfield\n|-damage|p1a: Glaciaci\u00f3n|0 fnt\n|-damage|p1b: Garfield|80/100\n|faint|p1a: Glaciaci\u00f3n\n|-ability|p2a: Calyrex|Chilling Neigh|boost\n|-boost|p2a: Calyrex|atk|1\n|move|p1b: Garfield|Parting Shot|p2a: Calyrex\n|-unboost|p2a: Calyrex|atk|1\n|-unboost|p2a: Calyrex|spa|1\n|\n|t:|1774560039\n|switch|p1b: Rayo|Miraidon, L50, shiny|100/100|[from] Parting Shot\n|-activate|p1b: Rayo|ability: Hadron Engine\n|\n|upkeep\n|\n|t:|1774560042\n|switch|p2b: Ursaluna|Ursaluna-Bloodmoon, L50, M|100/100\n|switch|p1a: Garfield|Incineroar, L50, M, shiny|80/100\n|-ability|p1a: Garfield|Intimidate|boost\n|-unboost|p2a: Calyrex|atk|1\n|-unboost|p2b: Ursaluna|atk|1\n|turn|4\n|inactive|Nestorro700 has 30 seconds left.\n|\n|t:|1774560067\n|switch|p2a: Amoonguss|Amoonguss, L50, M|100/100\n|switch|p1b: Jirafa|Farigiraf, L50, F|100/100\n|-enditem|p1b: Jirafa|Electric Seed\n|-boost|p1b: Jirafa|def|1|[from] item: Electric Seed\n|move|p1a: Garfield|Fake Out|p2b: Ursaluna\n|-damage|p2b: Ursaluna|93/100\n|cant|p2b: Ursaluna|flinch\n|\n|upkeep\n|turn|5\n|\n|t:|1774560092\n|switch|p2a: Calyrex|Calyrex-Ice, L50|84/100\n|-ability|p2a: Calyrex|As One\n|-ability|p2a: Calyrex|Unnerve\n|move|p2b: Ursaluna|Blood Moon|p1b: Jirafa\n|-damage|p1b: Jirafa|0 fnt\n|faint|p1b: Jirafa\n|-damage|p2b: Ursaluna|83/100|[from] item: Life Orb\n|move|p1a: Garfield|Flare Blitz|p2a: Calyrex\n|-supereffective|p2a: Calyrex\n|-damage|p2a: Calyrex|25/100\n|-status|p2a: Calyrex|brn\n|-damage|p1a: Garfield|61/100|[from] Recoil\n|\n|-damage|p2a: Calyrex|19/100 brn|[from] brn\n|-fieldend|move: Electric Terrain\n|upkeep\n|\n|t:|1774560106\n|switch|p1b: Rayo|Miraidon, L50, shiny|100/100\n|-fieldstart|move: Electric Terrain|[from] ability: Hadron Engine|[of] p1b: Rayo\n|turn|6\n|\n|t:|1774560120\n|switch|p2b: Amoonguss|Amoonguss, L50, M|100/100\n|-terastallize|p1b: Rayo|Fairy\n|move|p2a: Calyrex|Protect|p2a: Calyrex\n|-singleturn|p2a: Calyrex|Protect\n|move|p1a: Garfield|Knock Off|p2b: Amoonguss\n|-damage|p2b: Amoonguss|70/100\n|-damage|p1a: Garfield|45/100|[from] item: Rocky Helmet|[of] p2b: Amoonguss\n|-enditem|p2b: Amoonguss|Rocky Helmet|[from] move: Knock Off|[of] p1a: Garfield\n|move|p1b: Rayo|Dazzling Gleam|p2b: Amoonguss|[spread] p2b\n|-activate|p2a: Calyrex|move: Protect\n|-resisted|p2b: Amoonguss\n|-damage|p2b: Amoonguss|44/100\n|\n|-damage|p2a: Calyrex|13/100 brn|[from] brn\n|-fieldend|move: Trick Room\n|upkeep\n|turn|7\n|\n|t:|1774560139\n|move|p2b: Amoonguss|Protect|p2b: Amoonguss\n|-singleturn|p2b: Amoonguss|Protect\n|move|p1b: Rayo|Dazzling Gleam|p2b: Amoonguss|[spread] p2a\n|-activate|p2b: Amoonguss|move: Protect\n|-damage|p2a: Calyrex|0 fnt\n|faint|p2a: Calyrex\n|move|p1a: Garfield|Flare Blitz|p2b: Amoonguss\n|-activate|p2b: Amoonguss|move: Protect\n|\n|upkeep\n|\n|t:|1774560140\n|switch|p2a: Ursaluna|Ursaluna-Bloodmoon, L50, M|83/100\n|turn|8\n|\n|t:|1774560154\n|-terastallize|p2a: Ursaluna|Normal\n|move|p2b: Amoonguss|Rage Powder|p2b: Amoonguss\n|-singleturn|p2b: Amoonguss|move: Rage Powder\n|move|p1b: Rayo|Dazzling Gleam|p2b: Amoonguss|[spread] p2a,p2b\n|-crit|p2a: Ursaluna\n|-resisted|p2b: Amoonguss\n|-damage|p2a: Ursaluna|0 fnt\n|-damage|p2b: Amoonguss|18/100\n|faint|p2a: Ursaluna\n|move|p1a: Garfield|Flare Blitz|p2b: Amoonguss\n|-supereffective|p2b: Amoonguss\n|-damage|p2b: Amoonguss|0 fnt\n|faint|p2b: Amoonguss\n|-damage|p1a: Garfield|38/100|[from] Recoil\n|\n|win|Nestorro700\n|raw|Nestorro700's rating: 1353 &rarr; <strong>1374</strong><br />(+21 for winning)\n|raw|conniecut's rating: 1364 &rarr; <strong>1343</strong><br />(-21 for losing)\n|l|\u2606Nestorro700\n|player|p1|\n|l|\u2606conniecut\n|player|p2|\n","uploadtime":1774560302,"views":5,"formatid":"gen9vgc2026regi","rating":1343,"private":0,"password":null}