{"id":"gen9vgc2026regi-2558209952","format":"[Gen 9] VGC 2026 Reg I","players":["ArisHazard","Poly love"],"log":"|j|\u2606ArisHazard\n|j|\u2606Poly love\n|t:|1773413992\n|gametype|doubles\n|player|p1|ArisHazard|1|1384\n|player|p2|Poly love|dawn-masters2|1351\n|gen|9\n|tier|[Gen 9] VGC 2026 Reg I\n|rated|\n|rule|Species Clause: Limit one of each Pok\u00e9mon\n|rule|Item Clause: Limit 1 of each item\n|clearpoke\n|poke|p1|Calyrex-Ice, L50|\n|poke|p1|Hitmontop, L50, M|\n|poke|p1|Miraidon, L50|\n|poke|p1|Sableye, L50, M|\n|poke|p1|Ting-Lu, L50|\n|poke|p1|Iron Valiant, L50|\n|poke|p2|Calyrex-Ice, L50|\n|poke|p2|Rillaboom, L50, M|\n|poke|p2|Raging Bolt, L50|\n|poke|p2|Groudon, L50|\n|poke|p2|Farigiraf, L50, F|\n|poke|p2|Incineroar, L50, M|\n|teampreview|4\n|inactive|Battle timer is ON: inactive players will automatically lose when time's up. (requested by ArisHazard)\n|\n|t:|1773414024\n|teamsize|p1|4\n|teamsize|p2|4\n|start\n|switch|p1a: Calyrex|Calyrex-Ice, L50|100/100\n|switch|p1b: Hitmontop|Hitmontop, L50, M|100/100\n|switch|p2a: Incineroar|Incineroar, L50, M|100/100\n|switch|p2b: Calyrex|Calyrex-Ice, L50|100/100\n|-ability|p2b: Calyrex|As One\n|-ability|p2b: Calyrex|Unnerve\n|-ability|p1a: Calyrex|As One\n|-ability|p1a: Calyrex|Unnerve\n|-ability|p1b: Hitmontop|Intimidate|boost\n|-unboost|p2a: Incineroar|atk|1\n|-unboost|p2b: Calyrex|atk|1\n|-ability|p2a: Incineroar|Intimidate|boost\n|-fail|p1a: Calyrex|unboost|[from] item: Clear Amulet|[of] p1a: Calyrex\n|-unboost|p1b: Hitmontop|atk|1\n|turn|1\n|\n|t:|1773414045\n|move|p1a: Calyrex|Protect|p1a: Calyrex\n|-singleturn|p1a: Calyrex|Protect\n|move|p1b: Hitmontop|Coaching|p1a: Calyrex\n|-boost|p1a: Calyrex|atk|1\n|-boost|p1a: Calyrex|def|1\n|move|p2a: Incineroar|Knock Off|p1a: Calyrex\n|-activate|p1a: Calyrex|move: Protect\n|move|p2b: Calyrex|Glacial Lance|p1b: Hitmontop|[spread] p1b\n|-activate|p1a: Calyrex|move: Protect\n|-damage|p1b: Hitmontop|55/100\n|\n|upkeep\n|turn|2\n|\n|t:|1773414062\n|-terastallize|p1a: Calyrex|Fire\n|move|p1b: Hitmontop|Coaching|p1a: Calyrex\n|-boost|p1a: Calyrex|atk|1\n|-boost|p1a: Calyrex|def|1\n|move|p2a: Incineroar|Knock Off|p1a: Calyrex\n|-damage|p1a: Calyrex|92/100\n|-enditem|p1a: Calyrex|Clear Amulet|[from] move: Knock Off|[of] p2a: Incineroar\n|move|p2b: Calyrex|Glacial Lance|p1b: Hitmontop|[spread] p1a,p1b\n|-resisted|p1a: Calyrex\n|-damage|p1a: Calyrex|85/100\n|-damage|p1b: Hitmontop|9/100\n|move|p1a: Calyrex|Stomping Tantrum|p2a: Incineroar\n|-supereffective|p2a: Incineroar\n|-damage|p2a: Incineroar|0 fnt\n|faint|p2a: Incineroar\n|-ability|p1a: Calyrex|Chilling Neigh|boost\n|-boost|p1a: Calyrex|atk|1\n|\n|upkeep\n|\n|t:|1773414084\n|switch|p2a: Rillaboom|Rillaboom, L50, M|100/100\n|-fieldstart|move: Grassy Terrain|[from] ability: Grassy Surge|[of] p2a: Rillaboom\n|turn|3\n|\n|t:|1773414095\n|switch|p1b: Sableye|Sableye, L50, M|100/100\n|-terastallize|p2b: Calyrex|Water\n|move|p1a: Calyrex|Protect|p1a: Calyrex\n|-singleturn|p1a: Calyrex|Protect\n|move|p2a: Rillaboom|Fake Out|p1b: Sableye\n|-immune|p1b: Sableye\n|move|p2b: Calyrex|High Horsepower|p1a: Calyrex\n|-activate|p1a: Calyrex|move: Protect\n|\n|-heal|p1a: Calyrex|91/100|[from] Grassy Terrain\n|upkeep\n|turn|4\n|\n|t:|1773414112\n|move|p1b: Sableye|Disable|p2b: Calyrex\n|-start|p2b: Calyrex|Disable|High Horsepower\n|move|p2a: Rillaboom|Wood Hammer|p1b: Sableye\n|-damage|p1b: Sableye|6/100\n|-damage|p2a: Rillaboom|76/100|[from] Recoil\n|cant|p2b: Calyrex|Disable|High Horsepower\n|move|p1a: Calyrex|Glacial Lance|p2b: Calyrex|[spread] p2a,p2b\n|-supereffective|p2a: Rillaboom\n|-resisted|p2b: Calyrex\n|-damage|p2a: Rillaboom|0 fnt\n|-damage|p2b: Calyrex|54/100\n|faint|p2a: Rillaboom\n|-ability|p1a: Calyrex|Chilling Neigh|boost\n|-boost|p1a: Calyrex|atk|1\n|\n|-heal|p2b: Calyrex|60/100|[from] Grassy Terrain\n|-heal|p1b: Sableye|12/100|[from] Grassy Terrain\n|-heal|p1a: Calyrex|97/100|[from] Grassy Terrain\n|upkeep\n|\n|t:|1773414118\n|switch|p2a: Farigiraf|Farigiraf, L50, F|100/100\n|turn|5\n|\n|t:|1773414135\n|switch|p1b: Hitmontop|Hitmontop, L50, M|9/100\n|-ability|p1b: Hitmontop|Intimidate|boost\n|-unboost|p2a: Farigiraf|atk|1\n|-unboost|p2b: Calyrex|atk|1\n|move|p2b: Calyrex|Glacial Lance|p1a: Calyrex|[spread] p1a,p1b\n|-resisted|p1a: Calyrex\n|-damage|p1a: Calyrex|93/100\n|-damage|p1b: Hitmontop|0 fnt\n|faint|p1b: Hitmontop\n|-ability|p2b: Calyrex|Chilling Neigh|boost\n|-boost|p2b: Calyrex|atk|1\n|move|p2a: Farigiraf|Hyper Voice|p1a: Calyrex\n|-damage|p1a: Calyrex|63/100\n|-enditem|p2a: Farigiraf|Throat Spray\n|-boost|p2a: Farigiraf|spa|1|[from] item: Throat Spray\n|move|p1a: Calyrex|Glacial Lance|p2b: Calyrex|[spread] p2a,p2b\n|-resisted|p2b: Calyrex\n|-damage|p2a: Farigiraf|0 fnt\n|-damage|p2b: Calyrex|2/100\n|faint|p2a: Farigiraf\n|-ability|p1a: Calyrex|Chilling Neigh|boost\n|-boost|p1a: Calyrex|atk|1\n|\n|-heal|p2b: Calyrex|8/100|[from] Grassy Terrain\n|-heal|p1a: Calyrex|69/100|[from] Grassy Terrain\n|upkeep\n|\n|t:|1773414158\n|switch|p1b: Iron Valiant|Iron Valiant, L50|100/100\n|-enditem|p1b: Iron Valiant|Booster Energy\n|-activate|p1b: Iron Valiant|ability: Quark Drive|[fromitem]\n|-start|p1b: Iron Valiant|quarkdrivespe\n|turn|6\n|\n|t:|1773414164\n|move|p1b: Iron Valiant|Moonblast|p2b: Calyrex\n|-damage|p2b: Calyrex|0 fnt\n|faint|p2b: Calyrex\n|\n|win|ArisHazard\n|raw|ArisHazard's rating: 1384 &rarr; <strong>1402</strong><br />(+18 for winning)\n|raw|Poly love's rating: 1351 &rarr; <strong>1333</strong><br />(-18 for losing)\n|l|\u2606ArisHazard\n|player|p1|\n|l|\u2606Poly love\n|player|p2|\n","uploadtime":1773414354,"views":14,"formatid":"gen9vgc2026regi","rating":1333,"private":0,"password":null}