{"id":"gen9vgc2026regi-2590556159","format":"[Gen 9] VGC 2026 Reg I","players":["Cyclondo3","pumpkinflame"],"log":"|j|\u2606Cyclondo3\n|j|\u2606pumpkinflame\n|t:|1776820757\n|gametype|doubles\n|player|p1|Cyclondo3|hilbert|1313\n|player|p2|pumpkinflame|adaman-masters|1455\n|gen|9\n|tier|[Gen 9] VGC 2026 Reg I\n|rated|\n|rule|Species Clause: Limit one of each Pok\u00e9mon\n|rule|Item Clause: Limit 1 of each item\n|clearpoke\n|poke|p1|Miraidon, L50|\n|poke|p1|Koraidon, L50|\n|poke|p1|Pawmot, L50, F|\n|poke|p1|Flutter Mane, L50|\n|poke|p1|Brute Bonnet, L50|\n|poke|p1|Cyclizar, L50, M|\n|poke|p2|Kyogre, L50|\n|poke|p2|Archaludon, L50, F|\n|poke|p2|Rillaboom, L50, F|\n|poke|p2|Roaring Moon, L50|\n|poke|p2|Calyrex-Ice, L50|\n|poke|p2|Incineroar, L50, F|\n|teampreview|4\n|inactive|Battle timer is ON: inactive players will automatically lose when time's up. (requested by Cyclondo3)\nCyclondo3 has agreed to open team sheets.\n|c|\u2606Cyclondo3|Glhf\n|\n|t:|1776820785\n|teamsize|p1|4\n|teamsize|p2|4\n|start\n|switch|p1a: Flutter Mane|Flutter Mane, L50|100/100\n|switch|p1b: Cyclizar|Cyclizar, L50, M|100/100\n|switch|p2a: Chilly and Willy|Calyrex-Ice, L50|100/100\n|switch|p2b: Freak|Incineroar, L50, F|100/100\n|-ability|p2a: Chilly and Willy|As One\n|-ability|p2a: Chilly and Willy|Unnerve\n|-ability|p2b: Freak|Intimidate|boost\n|-unboost|p1a: Flutter Mane|atk|1\n|-unboost|p1b: Cyclizar|atk|1\n|turn|1\n|\n|t:|1776820807\n|move|p1a: Flutter Mane|Moonblast|p2a: Chilly and Willy\n|-damage|p2a: Chilly and Willy|68/100\n|-unboost|p2a: Chilly and Willy|spa|1\n|move|p1b: Cyclizar|Shed Tail|p1b: Cyclizar\n|-start|p1b: Cyclizar|Substitute|[from] move: Shed Tail\n|-damage|p1b: Cyclizar|50/100\n|\n|t:|1776820816\n|switch|p1b: Miraidon|Miraidon, L50|100/100|[from] Shed Tail\n|-fieldstart|move: Electric Terrain|[from] ability: Hadron Engine|[of] p1b: Miraidon\n|move|p2b: Freak|Knock Off|p1a: Flutter Mane\n|-damage|p1a: Flutter Mane|24/100\n|-enditem|p1a: Flutter Mane|Choice Scarf|[from] move: Knock Off|[of] p2b: Freak\n|move|p2a: Chilly and Willy|Trick Room|p2a: Chilly and Willy\n|-fieldstart|move: Trick Room|[of] p2a: Chilly and Willy\n|\n|-heal|p2a: Chilly and Willy|74/100|[from] item: Leftovers\n|upkeep\n|turn|2\n|inactive|Cyclondo3 has 30 seconds left.\n|\n|t:|1776820845\n|-terastallize|p1b: Miraidon|Electric\n|move|p2b: Freak|Knock Off|p1b: Miraidon\n|-end|p1b: Miraidon|Substitute\n|move|p2a: Chilly and Willy|Glacial Lance|p1a: Flutter Mane|[spread] p1a,p1b\n|-damage|p1a: Flutter Mane|0 fnt\n|-damage|p1b: Miraidon|46/100\n|faint|p1a: Flutter Mane\n|-end|p1a: Flutter Mane|Protosynthesis|[silent]\n|-ability|p2a: Chilly and Willy|Chilling Neigh|boost\n|-boost|p2a: Chilly and Willy|atk|1\n|move|p1b: Miraidon|Thunderbolt|p2a: Chilly and Willy\n|-damage|p2a: Chilly and Willy|0 fnt\n|faint|p2a: Chilly and Willy\n|\n|upkeep\n|\n|t:|1776820862\n|switch|p2a: K.O|Kyogre, L50|100/100\n|switch|p1a: Cyclizar|Cyclizar, L50, M|84/100\n|-weather|RainDance|[from] ability: Drizzle|[of] p2a: K.O\n|turn|3\n|\n|t:|1776820873\n|switch|p1b: Koraidon|Koraidon, L50|100/100\n|-weather|SunnyDay|[from] ability: Orichalcum Pulse|[of] p1b: Koraidon\n|-activate|p1b: Koraidon|Orichalcum Pulse|[source]\n|move|p1a: Cyclizar|Protect|p1a: Cyclizar\n|-singleturn|p1a: Cyclizar|Protect\n|move|p2b: Freak|Knock Off|p1a: Cyclizar\n|-activate|p1a: Cyclizar|move: Protect\n|move|p2a: K.O|Water Spout|p1b: Koraidon|[spread] p1b\n|-activate|p1a: Cyclizar|move: Protect\n|-resisted|p1b: Koraidon\n|-damage|p1b: Koraidon|80/100\n|\n|-weather|SunnyDay|[upkeep]\n|upkeep\n|turn|4\n|inactive|Cyclondo3 has 30 seconds left.\n|inactive|pumpkinflame has 30 seconds left.\n|\n|t:|1776820911\n|switch|p2a: Mrs. Dreads|Rillaboom, L50, F, shiny|100/100\n|-fieldstart|move: Grassy Terrain|[from] ability: Grassy Surge|[of] p2a: Mrs. Dreads\n|move|p1b: Koraidon|Protect|p1b: Koraidon\n|-singleturn|p1b: Koraidon|Protect\n|move|p2b: Freak|Knock Off|p1b: Koraidon\n|-activate|p1b: Koraidon|move: Protect\n|move|p1a: Cyclizar|Shed Tail|p1a: Cyclizar\n|-start|p1a: Cyclizar|Substitute|[from] move: Shed Tail\n|-damage|p1a: Cyclizar|33/100\n|\n|t:|1776820922\n|switch|p1a: Miraidon|Miraidon, L50, tera:Electric|46/100|[from] Shed Tail\n|-fieldstart|move: Electric Terrain|[from] ability: Hadron Engine|[of] p1a: Miraidon\n|\n|-weather|SunnyDay|[upkeep]\n|upkeep\n|turn|5\n|\n|t:|1776820942\n|move|p2b: Freak|Knock Off|p1a: Miraidon\n|-end|p1a: Miraidon|Substitute\n|move|p2a: Mrs. Dreads|High Horsepower|p1a: Miraidon\n|-supereffective|p1a: Miraidon\n|-damage|p1a: Miraidon|0 fnt\n|faint|p1a: Miraidon\n|move|p1b: Koraidon|Flame Charge|p2a: Mrs. Dreads\n|-supereffective|p2a: Mrs. Dreads\n|-damage|p2a: Mrs. Dreads|6/100\n|-boost|p1b: Koraidon|spe|1\n|-damage|p1b: Koraidon|71/100|[from] item: Life Orb\n|\n|-weather|SunnyDay|[upkeep]\n|-fieldend|move: Trick Room\n|upkeep\n|\n|t:|1776820953\n|switch|p1a: Cyclizar|Cyclizar, L50, M|67/100\n|turn|6\n|\n|t:|1776820973\n|switch|p2a: K.O|Kyogre, L50|100/100\n|-weather|RainDance|[from] ability: Drizzle|[of] p2a: K.O\n|move|p1b: Koraidon|Close Combat|p2b: Freak\n|-supereffective|p2b: Freak\n|-damage|p2b: Freak|0 fnt\n|-unboost|p1b: Koraidon|def|1\n|-unboost|p1b: Koraidon|spd|1\n|-damage|p1b: Koraidon|54/100|[from] item: Rocky Helmet|[of] p2b: Freak\n|faint|p2b: Freak\n|-damage|p1b: Koraidon|44/100|[from] item: Life Orb\n|move|p1a: Cyclizar|Scale Shot|p2a: K.O|[miss]\n|-miss|p1a: Cyclizar|p2a: K.O\n|\n|-weather|RainDance|[upkeep]\n|upkeep\n|\n|t:|1776820985\n|switch|p2b: Mrs. Dreads|Rillaboom, L50, F, shiny|6/100\n|-fieldstart|move: Grassy Terrain|[from] ability: Grassy Surge|[of] p2b: Mrs. Dreads\n|turn|7\n|\n|t:|1776821006\n|move|p1b: Koraidon|Protect|p1b: Koraidon\n|-singleturn|p1b: Koraidon|Protect\n|move|p1a: Cyclizar|Protect|p1a: Cyclizar\n|-singleturn|p1a: Cyclizar|Protect\n|move|p2b: Mrs. Dreads|Fake Out|p1b: Koraidon\n|-activate|p1b: Koraidon|move: Protect\n|move|p2a: K.O|Ice Beam|p1a: Cyclizar\n|-activate|p1a: Cyclizar|move: Protect\n|\n|-weather|RainDance|[upkeep]\n|-heal|p1b: Koraidon|50/100|[from] Grassy Terrain\n|-heal|p1a: Cyclizar|73/100|[from] Grassy Terrain\n|-heal|p2b: Mrs. Dreads|12/100|[from] Grassy Terrain\n|upkeep\n|turn|8\n|\n|t:|1776821014\n|move|p2b: Mrs. Dreads|Grassy Glide|p1b: Koraidon\n|-resisted|p1b: Koraidon\n|-damage|p1b: Koraidon|16/100\n|move|p1b: Koraidon|Close Combat|p2a: K.O\n|-damage|p2a: K.O|25/100\n|-unboost|p1b: Koraidon|def|1\n|-unboost|p1b: Koraidon|spd|1\n|-damage|p1b: Koraidon|7/100|[from] item: Life Orb\n|move|p1a: Cyclizar|Scale Shot|p2a: K.O\n|-damage|p2a: K.O|17/100\n|-damage|p2a: K.O|10/100\n|-damage|p2a: K.O|2/100\n|-damage|p2a: K.O|0 fnt\n|faint|p2a: K.O\n|-hitcount|p2: K.O|4\n|-unboost|p1a: Cyclizar|def|1\n|-boost|p1a: Cyclizar|spe|1\n|\n|-weather|RainDance|[upkeep]\n|-heal|p1b: Koraidon|12/100|[from] Grassy Terrain\n|-heal|p1a: Cyclizar|79/100|[from] Grassy Terrain\n|-heal|p2b: Mrs. Dreads|18/100|[from] Grassy Terrain\n|upkeep\n|turn|9\n|\n|t:|1776821032\n|-terastallize|p2b: Mrs. Dreads|Fairy\n|move|p1b: Koraidon|Protect|p1b: Koraidon\n|-singleturn|p1b: Koraidon|Protect\n|move|p2b: Mrs. Dreads|Grassy Glide|p1b: Koraidon\n|-activate|p1b: Koraidon|move: Protect\n|move|p1a: Cyclizar|Scale Shot|p2b: Mrs. Dreads\n|-immune|p2b: Mrs. Dreads\n|\n|-weather|RainDance|[upkeep]\n|-heal|p1b: Koraidon|18/100|[from] Grassy Terrain\n|-heal|p1a: Cyclizar|85/100|[from] Grassy Terrain\n|-heal|p2b: Mrs. Dreads|24/100|[from] Grassy Terrain\n|upkeep\n|turn|10\n|\n|t:|1776821050\n|move|p2b: Mrs. Dreads|Grassy Glide|p1b: Koraidon\n|-resisted|p1b: Koraidon\n|-crit|p1b: Koraidon\n|-damage|p1b: Koraidon|0 fnt\n|faint|p1b: Koraidon\n|move|p1a: Cyclizar|Shift Gear|p1a: Cyclizar\n|-boost|p1a: Cyclizar|spe|2\n|-boost|p1a: Cyclizar|atk|1\n|\n|-weather|none\n|-heal|p1a: Cyclizar|91/100|[from] Grassy Terrain\n|-heal|p2b: Mrs. Dreads|29/100|[from] Grassy Terrain\n|upkeep\n|turn|11\n|-message|Cyclondo3 forfeited.\n|\n|win|pumpkinflame\n|raw|Cyclondo3's rating: 1313 &rarr; <strong>1301</strong><br />(-12 for losing)\n|raw|pumpkinflame's rating: 1455 &rarr; <strong>1467</strong><br />(+12 for winning)\n|l|\u2606Cyclondo3\n|player|p1|\n|l|\u2606pumpkinflame\n|player|p2|\n","uploadtime":1776821232,"views":8,"formatid":"gen9vgc2026regi","rating":1301,"private":0,"password":null}