{"id":"gen9vgc2026regi-2569319587","format":"[Gen 9] VGC 2026 Reg I","players":["vovuvu","BanKingambit69247"],"log":"|j|\u2606vovuvu\n|j|\u2606BanKingambit69247\n|t:|1774673638\n|gametype|doubles\n|player|p1|vovuvu|101|1351\n|player|p2|BanKingambit69247|266|1590\n|gen|9\n|tier|[Gen 9] VGC 2026 Reg I\n|rated|\n|rule|Species Clause: Limit one of each Pok\u00e9mon\n|rule|Item Clause: Limit 1 of each item\n|clearpoke\n|poke|p1|Calyrex-Shadow, L50|\n|poke|p1|Zamazenta-*, L50|\n|poke|p1|Chien-Pao, L50|\n|poke|p1|Dragonite, L50, F|\n|poke|p1|Raging Bolt, L50|\n|poke|p1|Amoonguss, L50, M|\n|poke|p2|Calyrex-Ice, L50|\n|poke|p2|Miraidon, L50|\n|poke|p2|Incineroar, L50, M|\n|poke|p2|Rillaboom, L50, F|\n|poke|p2|Urshifu-*, L50, F|\n|poke|p2|Flutter Mane, L50|\n|teampreview|4\n|inactive|Battle timer is ON: inactive players will automatically lose when time's up. (requested by BanKingambit69247)\n|inactive|vovuvu has 60 seconds left.\n|j| playerqwe\n|l| playerqwe\n|inactive|vovuvu has 30 seconds left.\n|\n|t:|1774673708\n|teamsize|p1|4\n|teamsize|p2|4\n|start\n|switch|p1a: Calyrex|Calyrex-Shadow, L50|100/100\n|switch|p1b: Zamazenta|Zamazenta-Crowned, L50|100/100\n|switch|p2a: Miraidon|Miraidon, L50|100/100\n|switch|p2b: Urshifu|Urshifu-Rapid-Strike, L50, F|100/100\n|-ability|p1a: Calyrex|As One\n|-ability|p1a: Calyrex|Unnerve\n|-fieldstart|move: Electric Terrain|[from] ability: Hadron Engine|[of] p2a: Miraidon\n|-ability|p1b: Zamazenta|Dauntless Shield|boost\n|-boost|p1b: Zamazenta|def|1\n|turn|1\n|inactive|vovuvu has 30 seconds left.\n|inactive|BanKingambit69247 has 30 seconds left.\n|inactive|vovuvu has 20 seconds left.\n|inactive|BanKingambit69247 has 20 seconds left.\n|inactive|vovuvu has 15 seconds left.\n|inactive|vovuvu has 10 seconds left.\n|inactive|BanKingambit69247 has 15 seconds left.\n|inactive|vovuvu has 5 seconds left.\n|inactive|BanKingambit69247 has 10 seconds left.\n|\n|t:|1774673763\n|move|p2a: Miraidon|Volt Switch|p1a: Calyrex\n|-damage|p1a: Calyrex|23/100\n|\n|t:|1774673766\n|switch|p2a: Incineroar|Incineroar, L50, M|100/100|[from] Volt Switch\n|-ability|p2a: Incineroar|Intimidate|boost\n|-unboost|p1a: Calyrex|atk|1\n|-unboost|p1b: Zamazenta|atk|1\n|move|p1a: Calyrex|Astral Barrage|p2a: Incineroar|[spread] p2a,p2b\n|-resisted|p2a: Incineroar\n|-damage|p2a: Incineroar|78/100\n|-damage|p2b: Urshifu|36/100\n|move|p1b: Zamazenta|Body Press|p2a: Incineroar\n|-supereffective|p2a: Incineroar\n|-damage|p2a: Incineroar|0 fnt\n|faint|p2a: Incineroar\n|move|p2b: Urshifu|Surging Strikes|p1a: Calyrex\n|-crit|p1a: Calyrex\n|-damage|p1a: Calyrex|0 fnt\n|faint|p1a: Calyrex\n|-hitcount|p1: Calyrex|1\n|\n|upkeep\n|\n|t:|1774673789\n|switch|p1a: Dragonite|Dragonite, L50, F|100/100\n|switch|p2a: Calyrex|Calyrex-Ice, L50|100/100\n|-ability|p2a: Calyrex|As One\n|-ability|p2a: Calyrex|Unnerve\n|turn|2\n|\n|t:|1774673810\n|move|p1b: Zamazenta|Body Press|p2a: Calyrex\n|-damage|p2a: Calyrex|60/100\n|move|p2b: Urshifu|Surging Strikes|p1b: Zamazenta\n|-crit|p1b: Zamazenta\n|-damage|p1b: Zamazenta|82/100\n|-crit|p1b: Zamazenta\n|-damage|p1b: Zamazenta|64/100\n|-crit|p1b: Zamazenta\n|-damage|p1b: Zamazenta|47/100\n|-hitcount|p1b: Zamazenta|3\n|move|p1a: Dragonite|Low Kick|p2a: Calyrex\n|-damage|p2a: Calyrex|19/100\n|move|p2a: Calyrex|Leech Seed|p1b: Zamazenta\n|-start|p1b: Zamazenta|move: Leech Seed\n|\n|-heal|p2a: Calyrex|25/100|[from] item: Leftovers\n|-damage|p1b: Zamazenta|35/100|[from] Leech Seed|[of] p2a: Calyrex\n|-heal|p2a: Calyrex|37/100|[silent]\n|upkeep\n|turn|3\n|inactive|vovuvu has 30 seconds left.\n|\n|t:|1774673844\n|switch|p2b: Miraidon|Miraidon, L50|100/100\n|-activate|p2b: Miraidon|ability: Hadron Engine\n|switch|p1a: Chien-Pao|Chien-Pao, L50|100/100\n|-ability|p1a: Chien-Pao|Sword of Ruin\n|move|p2a: Calyrex|Protect|p2a: Calyrex\n|-singleturn|p2a: Calyrex|Protect\n|move|p1b: Zamazenta|Body Press|p2a: Calyrex\n|-activate|p2a: Calyrex|move: Protect\n|\n|-heal|p2a: Calyrex|43/100|[from] item: Leftovers\n|-damage|p1b: Zamazenta|23/100|[from] Leech Seed|[of] p2a: Calyrex\n|-heal|p2a: Calyrex|54/100|[silent]\n|upkeep\n|turn|4\n|inactive|vovuvu has 30 seconds left.\n|inactive|BanKingambit69247 has 30 seconds left.\n|inactive|vovuvu has 20 seconds left.\n|inactive|BanKingambit69247 has 20 seconds left.\n|inactive|vovuvu has 15 seconds left.\n|inactive|vovuvu has 10 seconds left.\n|inactive|vovuvu has 5 seconds left.\n|\n|t:|1774673899\n|switch|p2a: Urshifu|Urshifu-Rapid-Strike, L50, F|36/100\n|-terastallize|p2b: Miraidon|Electric\n|move|p2b: Miraidon|Electro Drift|p1a: Chien-Pao\n|-damage|p1a: Chien-Pao|0 fnt\n|faint|p1a: Chien-Pao\n|move|p1b: Zamazenta|Body Press|p2a: Urshifu\n|-damage|p2a: Urshifu|0 fnt\n|faint|p2a: Urshifu\n|\n|upkeep\n|\n|t:|1774673907\n|switch|p1a: Dragonite|Dragonite, L50, F|100/100\n|switch|p2a: Calyrex|Calyrex-Ice, L50|54/100\n|-ability|p2a: Calyrex|As One\n|-ability|p2a: Calyrex|Unnerve\n|turn|5\n|inactive|vovuvu has 30 seconds left.\n|\n|t:|1774673937\n|-terastallize|p1a: Dragonite|Normal\n|move|p2a: Calyrex|Protect|p2a: Calyrex\n|-singleturn|p2a: Calyrex|Protect\n|move|p1a: Dragonite|Extreme Speed|p2b: Miraidon\n|-damage|p2b: Miraidon|27/100\n|move|p2b: Miraidon|Electro Drift|p1a: Dragonite\n|-damage|p1a: Dragonite|0 fnt\n|faint|p1a: Dragonite\n|move|p1b: Zamazenta|Body Press|p2a: Calyrex\n|-activate|p2a: Calyrex|move: Protect\n|\n|-heal|p2a: Calyrex|60/100|[from] item: Leftovers\n|-damage|p1b: Zamazenta|11/100|[from] Leech Seed|[of] p2a: Calyrex\n|-heal|p2a: Calyrex|72/100|[silent]\n|-fieldend|move: Electric Terrain\n|upkeep\n|turn|6\n|-message|vovuvu forfeited.\n|\n|win|BanKingambit69247\n|raw|vovuvu's rating: 1351 &rarr; <strong>1343</strong><br />(-8 for losing)\n|raw|BanKingambit69247's rating: 1590 &rarr; <strong>1598</strong><br />(+8 for winning)\n|l|\u2606vovuvu\n|player|p1|\n","uploadtime":1774673957,"views":15,"formatid":"gen9vgc2026regi","rating":1343,"private":0,"password":null}