{"id":"gen9vgc2026regi-2539619292","format":"[Gen 9] VGC 2026 Reg I","players":["BBQ Squirtle","SEITA"],"log":"|j|\u2606BBQ Squirtle\n|j|\u2606SEITA\n|t:|1771088474\n|gametype|doubles\n|player|p1|BBQ Squirtle|paxton|1185\n|player|p2|SEITA|lucas-gen4pt|1265\n|gen|9\n|tier|[Gen 9] VGC 2026 Reg I\n|rated|\n|rule|Species Clause: Limit one of each Pok\u00e9mon\n|rule|Item Clause: Limit 1 of each item\n|clearpoke\n|poke|p1|Terapagos, L50, M|\n|poke|p1|Brute Bonnet, L50|\n|poke|p1|Skeledirge, L50, F|\n|poke|p1|Calyrex-Shadow, L50|\n|poke|p1|Zoroark, L50, M|\n|poke|p1|Grimmsnarl, L50, M|\n|poke|p2|Zamazenta-*, L50|\n|poke|p2|Kyogre, L50|\n|poke|p2|Wo-Chien, L50|\n|poke|p2|Grimmsnarl, L50, M|\n|poke|p2|Landorus, L50, M|\n|poke|p2|Ditto, L50|\n|teampreview|4\n|inactive|Battle timer is ON: inactive players will automatically lose when time's up. (requested by BBQ Squirtle)\n|c|\u2606BBQ Squirtle|hi\n|\n|t:|1771088489\n|teamsize|p1|4\n|teamsize|p2|4\n|start\n|switch|p1a: Imp|Grimmsnarl, L50, M, shiny|100/100\n|switch|p1b: Gatr|Skeledirge, L50, F, shiny|100/100\n|switch|p2a: Grimmsnarl|Grimmsnarl, L50, M|100/100\n|switch|p2b: Zamazenta|Zamazenta-Crowned, L50|100/100\n|-ability|p2b: Zamazenta|Dauntless Shield|boost\n|-boost|p2b: Zamazenta|def|1\n|turn|1\n|\n|t:|1771088514\n|switch|p2b: Kyogre|Kyogre, L50|100/100\n|-weather|RainDance|[from] ability: Drizzle|[of] p2b: Kyogre\n|move|p1a: Imp|Reflect|p1a: Imp\n|-sidestart|p1: BBQ Squirtle|Reflect\n|move|p2a: Grimmsnarl|Light Screen|p2a: Grimmsnarl\n|-sidestart|p2: SEITA|move: Light Screen\n|move|p1b: Gatr|Torch Song|p2b: Kyogre\n|-resisted|p2b: Kyogre\n|-damage|p2b: Kyogre|97/100\n|-boost|p1b: Gatr|spa|1\n|-enditem|p1b: Gatr|Throat Spray\n|-boost|p1b: Gatr|spa|1|[from] item: Throat Spray\n|\n|-weather|RainDance|[upkeep]\n|-heal|p2b: Kyogre|100/100|[from] item: Leftovers\n|upkeep\n|turn|2\n|inactive|BBQ Squirtle has 30 seconds left.\n|\n|t:|1771088541\n|move|p1a: Imp|Light Screen|p1a: Imp\n|-sidestart|p1: BBQ Squirtle|move: Light Screen\n|move|p2b: Kyogre|Origin Pulse|p1b: Gatr|[spread] p1a,p1b\n|-supereffective|p1b: Gatr\n|-damage|p1a: Imp|67/100\n|-damage|p1b: Gatr|0 fnt\n|faint|p1b: Gatr\n|move|p2a: Grimmsnarl|Spirit Break|p1a: Imp\n|-supereffective|p1a: Imp\n|-damage|p1a: Imp|20/100\n|-unboost|p1a: Imp|spa|1\n|\n|-weather|RainDance|[upkeep]\n|upkeep\n|\n|t:|1771088547\n|switch|p1b: Tortlee|Terapagos, L50, M|100/100\n|-activate|p1b: Tortlee|ability: Tera Shift\n|detailschange|p1b: Tortlee|Terapagos-Terastal, L50, M\n|-heal|p1b: Tortlee|100/100|[silent]\n|turn|3\n|\n|t:|1771088564\n|-terastallize|p1b: Tortlee|Stellar\n|detailschange|p1b: Tortlee|Terapagos-Stellar, L50, M, tera:Stellar\n|-heal|p1b: Tortlee|100/100|[silent]\n|-ability|p1b: Tortlee|Teraform Zero\n|-weather|none\n|move|p2a: Grimmsnarl|Parting Shot|p1b: Tortlee\n|-unboost|p1b: Tortlee|atk|1\n|-unboost|p1b: Tortlee|spa|1\n|\n|t:|1771088581\n|switch|p2a: Zamazenta|Zamazenta-Crowned, L50|100/100|[from] Parting Shot\n|move|p1a: Imp|Thunder Wave|p2b: Kyogre\n|-status|p2b: Kyogre|par\n|move|p1b: Tortlee|Tera Starstorm|p2b: Kyogre|[spread] p2a,p2b\n|-damage|p2a: Zamazenta|82/100\n|-damage|p2b: Kyogre|83/100 par\n|cant|p2b: Kyogre|par\n|\n|-heal|p2b: Kyogre|88/100 par|[from] item: Leftovers\n|upkeep\n|turn|4\n|\n|t:|1771088601\n|switch|p1b: First Sweeper|Calyrex-Shadow, L50|100/100\n|-ability|p1b: First Sweeper|As One\n|-ability|p1b: First Sweeper|Unnerve\n|move|p1a: Imp|Parting Shot|p2b: Kyogre\n|-unboost|p2b: Kyogre|atk|1\n|-unboost|p2b: Kyogre|spa|1\n|\n|t:|1771088606\n|switch|p1a: Tortlee|Terapagos-Stellar, L50, M, tera:Stellar|100/100|[from] Parting Shot\n|move|p2a: Zamazenta|Body Press|p1b: First Sweeper\n|-immune|p1b: First Sweeper\n|move|p2b: Kyogre|Origin Pulse|p1a: Tortlee|[spread] p1a,p1b\n|-damage|p1a: Tortlee|87/100\n|-damage|p1b: First Sweeper|78/100\n|\n|-heal|p2b: Kyogre|94/100 par|[from] item: Leftovers\n|upkeep\n|turn|5\n|inactive|SEITA has 30 seconds left.\n|\n|t:|1771088634\n|switch|p2b: Grimmsnarl|Grimmsnarl, L50, M|100/100\n|move|p1b: First Sweeper|Astral Barrage|p2b: Grimmsnarl|[spread] p2a,p2b\n|-resisted|p2b: Grimmsnarl\n|-damage|p2a: Zamazenta|55/100\n|-damage|p2b: Grimmsnarl|78/100\n|move|p2a: Zamazenta|Body Press|p1a: Tortlee\n|-supereffective|p1a: Tortlee\n|-damage|p1a: Tortlee|51/100\n|move|p1a: Tortlee|Tera Starstorm|p2a: Zamazenta|[spread] p2a,p2b\n|-crit|p2a: Zamazenta\n|-damage|p2a: Zamazenta|0 fnt\n|-damage|p2b: Grimmsnarl|29/100\n|faint|p2a: Zamazenta\n|\n|upkeep\n|\n|t:|1771088652\n|switch|p2a: Kyogre|Kyogre, L50|94/100 par\n|-weather|RainDance|[from] ability: Drizzle|[of] p2a: Kyogre\n|turn|6\n|\n|t:|1771088671\n|move|p2b: Grimmsnarl|Parting Shot|p1a: Tortlee\n|-unboost|p1a: Tortlee|atk|1\n|-unboost|p1a: Tortlee|spa|1\n|\n|t:|1771088674\n|switch|p2b: Wo-Chien|Wo-Chien, L50|100/100|[from] Parting Shot\n|-ability|p2b: Wo-Chien|Tablets of Ruin\n|move|p1b: First Sweeper|Draining Kiss|p2a: Kyogre\n|-damage|p2a: Kyogre|85/100 par\n|-heal|p1b: First Sweeper|86/100|[from] drain|[of] p2a: Kyogre\n|move|p1a: Tortlee|Tera Starstorm|p2a: Kyogre|[spread] p2a,p2b\n|-damage|p2a: Kyogre|68/100 par\n|-damage|p2b: Wo-Chien|80/100\n|move|p2a: Kyogre|Origin Pulse|p1a: Tortlee|[spread] p1a,p1b\n|-damage|p1a: Tortlee|23/100\n|-damage|p1b: First Sweeper|40/100\n|\n|-weather|RainDance|[upkeep]\n|-heal|p2a: Kyogre|74/100 par|[from] item: Leftovers\n|upkeep\n|turn|7\n|\n|t:|1771088696\n|switch|p1a: Imp|Grimmsnarl, L50, M, shiny|20/100\n|move|p1b: First Sweeper|Draining Kiss|p2b: Wo-Chien\n|-supereffective|p2b: Wo-Chien\n|-damage|p2b: Wo-Chien|60/100\n|-heal|p1b: First Sweeper|56/100|[from] drain|[of] p2b: Wo-Chien\n|move|p2b: Wo-Chien|Pollen Puff|p2a: Kyogre\n|-heal|p2a: Kyogre|100/100 par\n|move|p2a: Kyogre|Origin Pulse|p1b: First Sweeper|[spread] p1b\n|-miss|p2a: Kyogre|p1a: Imp\n|-damage|p1b: First Sweeper|12/100\n|\n|-weather|RainDance|[upkeep]\n|upkeep\n|turn|8\n|inactive|BBQ Squirtle has 30 seconds left.\n|\n|t:|1771088722\n|move|p2b: Wo-Chien|Protect|p2b: Wo-Chien\n|-singleturn|p2b: Wo-Chien|Protect\n|move|p1a: Imp|Light Screen||[still]\n|-fail|p1a: Imp\n|move|p1b: First Sweeper|Draining Kiss|p2b: Wo-Chien\n|-activate|p2b: Wo-Chien|move: Protect\n|move|p2a: Kyogre|Origin Pulse|p1b: First Sweeper|[spread] p1b\n|-miss|p2a: Kyogre|p1a: Imp\n|-damage|p1b: First Sweeper|0 fnt\n|faint|p1b: First Sweeper\n|\n|-weather|RainDance|[upkeep]\n|-sideend|p1: BBQ Squirtle|Reflect\n|-sideend|p2: SEITA|move: Light Screen\n|upkeep\n|\n|t:|1771088726\n|switch|p1b: Tortlee|Terapagos-Stellar, L50, M, tera:Stellar|23/100\n|turn|9\n|\n|t:|1771088746\n|move|p1a: Imp|Parting Shot|p2a: Kyogre\n|-unboost|p2a: Kyogre|atk|1\n|-unboost|p2a: Kyogre|spa|1\n|move|p2b: Wo-Chien|Leech Seed|p1b: Tortlee\n|-start|p1b: Tortlee|move: Leech Seed\n|move|p1b: Tortlee|Tera Starstorm|p2b: Wo-Chien|[spread] p2a,p2b\n|-damage|p2a: Kyogre|61/100 par\n|-damage|p2b: Wo-Chien|17/100\n|move|p2a: Kyogre|Origin Pulse|p1b: Tortlee|[spread] p1a,p1b\n|-damage|p1a: Imp|0 fnt\n|-damage|p1b: Tortlee|3/100\n|faint|p1a: Imp\n|\n|-weather|RainDance|[upkeep]\n|-heal|p2a: Kyogre|67/100 par|[from] item: Leftovers\n|-damage|p1b: Tortlee|0 fnt|[from] Leech Seed|[of] p2b: Wo-Chien\n|-heal|p2b: Wo-Chien|21/100|[silent]\n|faint|p1b: Tortlee\n|detailschange|p1: Tortlee|Terapagos, L50, M|[silent]\n|\n|win|SEITA\n|raw|BBQ Squirtle's rating: 1185 &rarr; <strong>1166</strong><br />(-19 for losing)\n|raw|SEITA's rating: 1265 &rarr; <strong>1284</strong><br />(+19 for winning)\n|l|\u2606BBQ Squirtle\n|player|p1|\n|l|\u2606SEITA\n|player|p2|\n","uploadtime":1771088955,"views":27,"formatid":"gen9vgc2026regi","rating":1166,"private":0,"password":null}