{"id":"gen9vgc2026regi-2548101280","format":"[Gen 9] VGC 2026 Reg I","players":["pokemon fan 281747","lalo's pollos"],"log":"|j|\u2606pokemon fan 281747\n|j|\u2606lalo's pollos\n|t:|1772168551\n|gametype|doubles\n|player|p1|pokemon fan 281747|sabrina-masters|1460\n|player|p2|lalo's pollos|1|1576\n|gen|9\n|tier|[Gen 9] VGC 2026 Reg I\n|rated|\n|rule|Species Clause: Limit one of each Pok\u00e9mon\n|rule|Item Clause: Limit 1 of each item\n|clearpoke\n|poke|p1|Miraidon, L50|\n|poke|p1|Chi-Yu, L50|\n|poke|p1|Farigiraf, L50, M|\n|poke|p1|Iron Hands, L50|\n|poke|p1|Calyrex-Ice, L50|\n|poke|p1|Urshifu-*, L50, M|\n|poke|p2|Zamazenta-*, L50|\n|poke|p2|Lunala, L50|\n|poke|p2|Rillaboom, L50, M|\n|poke|p2|Incineroar, L50, M|\n|poke|p2|Urshifu-*, L50, M|\n|poke|p2|Tornadus, L50, M|\n|teampreview|4\n|inactive|Battle timer is ON: inactive players will automatically lose when time's up. (requested by pokemon fan 281747)\n|inactive|pokemon fan 281747 has 60 seconds left.\n|\n|t:|1772168589\n|teamsize|p1|4\n|teamsize|p2|4\n|start\n|switch|p1a: Chi-Yu|Chi-Yu, L50|100/100\n|switch|p1b: Calyrex|Calyrex-Ice, L50|100/100\n|switch|p2a: Rillaboom|Rillaboom, L50, M|100/100\n|switch|p2b: Lunala|Lunala, L50|100/100\n|-ability|p1b: Calyrex|As One\n|-ability|p1b: Calyrex|Unnerve\n|-ability|p1a: Chi-Yu|Beads of Ruin\n|-fieldstart|move: Grassy Terrain|[from] ability: Grassy Surge|[of] p2a: Rillaboom\n|turn|1\n|\n|t:|1772168600\n|move|p2b: Lunala|Protect|p2b: Lunala\n|-singleturn|p2b: Lunala|Protect\n|move|p1b: Calyrex|Protect|p1b: Calyrex\n|-singleturn|p1b: Calyrex|Protect\n|move|p1a: Chi-Yu|Dark Pulse|p2b: Lunala\n|-activate|p2b: Lunala|move: Protect\n|move|p2a: Rillaboom|U-turn|p1a: Chi-Yu\n|-damage|p1a: Chi-Yu|67/100\n|\n|t:|1772168616\n|switch|p2a: Incineroar|Incineroar, L50, M|100/100|[from] U-turn\n|-ability|p2a: Incineroar|Intimidate|boost\n|-unboost|p1a: Chi-Yu|atk|1\n|-fail|p1b: Calyrex|unboost|[from] item: Clear Amulet|[of] p1b: Calyrex\n|\n|-heal|p1a: Chi-Yu|74/100|[from] Grassy Terrain\n|upkeep\n|turn|2\n|\n|t:|1772168630\n|switch|p1b: Miraidon|Miraidon, L50|100/100\n|-fieldstart|move: Electric Terrain|[from] ability: Hadron Engine|[of] p1b: Miraidon\n|-terastallize|p2b: Lunala|Fairy\n|move|p1a: Chi-Yu|Dark Pulse|p2b: Lunala\n|-resisted|p2b: Lunala\n|-damage|p2b: Lunala|91/100\n|cant|p2b: Lunala|flinch\n|move|p2a: Incineroar|Knock Off|p1b: Miraidon\n|-damage|p1b: Miraidon|60/100\n|-enditem|p1b: Miraidon|Choice Specs|[from] move: Knock Off|[of] p2a: Incineroar\n|\n|-heal|p2b: Lunala|97/100|[from] item: Leftovers\n|upkeep\n|turn|3\n|inactive|lalo's pollos has 30 seconds left.\n|inactive|lalo's pollos has 20 seconds left.\n|\n|t:|1772168670\n|switch|p1a: Iron Hands|Iron Hands, L50, shiny|100/100\n|-activate|p1a: Iron Hands|ability: Quark Drive\n|-start|p1a: Iron Hands|quarkdriveatk\n|move|p2b: Lunala|Protect|p2b: Lunala\n|-singleturn|p2b: Lunala|Protect\n|move|p1b: Miraidon|Volt Switch|p2a: Incineroar\n|-damage|p2a: Incineroar|48/100\n|\n|t:|1772168679\n|switch|p1b: Chi-Yu|Chi-Yu, L50|74/100|[from] Volt Switch\n|-ability|p1b: Chi-Yu|Beads of Ruin\n|move|p2a: Incineroar|Parting Shot|p1b: Chi-Yu\n|-unboost|p1b: Chi-Yu|atk|1\n|-unboost|p1b: Chi-Yu|spa|1\n|\n|t:|1772168691\n|switch|p2a: Zamazenta|Zamazenta-Crowned, L50|100/100|[from] Parting Shot\n|-ability|p2a: Zamazenta|Dauntless Shield|boost\n|-boost|p2a: Zamazenta|def|1\n|\n|-heal|p2b: Lunala|100/100|[from] item: Leftovers\n|upkeep\n|turn|4\n|\n|t:|1772168703\n|move|p2a: Zamazenta|Protect|p2a: Zamazenta\n|-singleturn|p2a: Zamazenta|Protect\n|move|p1a: Iron Hands|Fake Out|p2b: Lunala\n|-damage|p2b: Lunala|93/100\n|move|p1b: Chi-Yu|Heat Wave|p2a: Zamazenta|[spread] p2b\n|-activate|p2a: Zamazenta|move: Protect\n|-damage|p2b: Lunala|67/100\n|cant|p2b: Lunala|flinch\n|\n|-heal|p2b: Lunala|73/100|[from] item: Leftovers\n|upkeep\n|turn|5\n|\n|t:|1772168714\n|move|p2a: Zamazenta|Wide Guard|p2a: Zamazenta\n|-singleturn|p2a: Zamazenta|Wide Guard\n|move|p1b: Chi-Yu|Heat Wave|p2a: Zamazenta|[spread] \n|-activate|p2a: Zamazenta|move: Wide Guard\n|-activate|p2b: Lunala|move: Wide Guard\n|move|p2b: Lunala|Moonblast|p1a: Iron Hands\n|-supereffective|p1a: Iron Hands\n|-damage|p1a: Iron Hands|27/100\n|-unboost|p1a: Iron Hands|spa|1\n|move|p1a: Iron Hands|Low Kick|p2a: Zamazenta\n|-supereffective|p2a: Zamazenta\n|-damage|p2a: Zamazenta|21/100\n|\n|-heal|p2b: Lunala|79/100|[from] item: Leftovers\n|upkeep\n|turn|6\n|\n|t:|1772168730\n|-end|p1a: Iron Hands|Quark Drive|[silent]\n|switch|p1a: Calyrex|Calyrex-Ice, L50|100/100\n|-ability|p1a: Calyrex|As One\n|-ability|p1a: Calyrex|Unnerve\n|move|p2a: Zamazenta|Wide Guard|p2a: Zamazenta\n|-singleturn|p2a: Zamazenta|Wide Guard\n|move|p1b: Chi-Yu|Heat Wave|p2b: Lunala|[spread] \n|-activate|p2a: Zamazenta|move: Wide Guard\n|-activate|p2b: Lunala|move: Wide Guard\n|move|p2b: Lunala|Moonblast|p1a: Calyrex\n|-damage|p1a: Calyrex|53/100\n|\n|-heal|p2b: Lunala|85/100|[from] item: Leftovers\n|-fieldend|move: Electric Terrain\n|upkeep\n|turn|7\n|\n|t:|1772168744\n|-terastallize|p1a: Calyrex|Water\n|move|p2a: Zamazenta|Wide Guard|p2a: Zamazenta\n|-singleturn|p2a: Zamazenta|Wide Guard\n|move|p1b: Chi-Yu|Heat Wave|p2b: Lunala|[spread] \n|-activate|p2a: Zamazenta|move: Wide Guard\n|-activate|p2b: Lunala|move: Wide Guard\n|move|p2b: Lunala|Moongeist Beam|p1a: Calyrex\n|-damage|p1a: Calyrex|8/100\n|move|p1a: Calyrex|High Horsepower|p2a: Zamazenta\n|-supereffective|p2a: Zamazenta\n|-damage|p2a: Zamazenta|0 fnt\n|faint|p2a: Zamazenta\n|-ability|p1a: Calyrex|Chilling Neigh|boost\n|-boost|p1a: Calyrex|atk|1\n|\n|-heal|p2b: Lunala|91/100|[from] item: Leftovers\n|upkeep\n|\n|t:|1772168750\n|switch|p2a: Rillaboom|Rillaboom, L50, M|100/100\n|-fieldstart|move: Grassy Terrain|[from] ability: Grassy Surge|[of] p2a: Rillaboom\n|turn|8\n|inactive|lalo's pollos has 30 seconds left.\n|\n|t:|1772168776\n|switch|p1b: Iron Hands|Iron Hands, L50, shiny|27/100\n|move|p1a: Calyrex|Protect|p1a: Calyrex\n|-singleturn|p1a: Calyrex|Protect\n|move|p2a: Rillaboom|Fake Out|p1a: Calyrex\n|-activate|p1a: Calyrex|move: Protect\n|move|p2b: Lunala|Moonblast|p1b: Iron Hands\n|-supereffective|p1b: Iron Hands\n|-damage|p1b: Iron Hands|0 fnt\n|faint|p1b: Iron Hands\n|-end|p1b: Iron Hands|Quark Drive|[silent]\n|\n|-heal|p2b: Lunala|97/100|[from] Grassy Terrain\n|-heal|p2b: Lunala|100/100|[from] item: Leftovers\n|-heal|p1a: Calyrex|14/100|[from] Grassy Terrain\n|upkeep\n|\n|t:|1772168783\n|switch|p1b: Miraidon|Miraidon, L50|60/100\n|-fieldstart|move: Electric Terrain|[from] ability: Hadron Engine|[of] p1b: Miraidon\n|turn|9\n|\n|t:|1772168798\n|move|p1b: Miraidon|Draco Meteor|p2a: Rillaboom\n|-damage|p2a: Rillaboom|29/100\n|-unboost|p1b: Miraidon|spa|2\n|move|p2b: Lunala|Moonblast|p1a: Calyrex\n|-crit|p1a: Calyrex\n|-damage|p1a: Calyrex|0 fnt\n|faint|p1a: Calyrex\n|move|p2a: Rillaboom|Wood Hammer|p1b: Miraidon\n|-resisted|p1b: Miraidon\n|-damage|p1b: Miraidon|35/100\n|-damage|p2a: Rillaboom|21/100|[from] Recoil\n|\n|upkeep\n|c|\u2606pokemon fan 281747|ggwp\n|-message|pokemon fan 281747 forfeited.\n|\n|win|lalo's pollos\n|raw|pokemon fan 281747's rating: 1460 &rarr; <strong>1446</strong><br />(-14 for losing)\n|raw|lalo&apos;s pollos's rating: 1576 &rarr; <strong>1590</strong><br />(+14 for winning)\n|j| globalfish39\n|l|\u2606pokemon fan 281747\n|player|p1|\n","uploadtime":1772168953,"views":13,"formatid":"gen9vgc2026regi","rating":1446,"private":0,"password":null}