{"id":"gen9vgc2026regi-2544373161","format":"[Gen 9] VGC 2026 Reg I","players":["520zhb","EllenJoe2026"],"log":"|j|\u2606520zhb\n|j|\u2606EllenJoe2026\n|t:|1771699404\n|gametype|doubles\n|player|p1|520zhb|265|1389\n|player|p2|EllenJoe2026|iono|1496\n|gen|9\n|tier|[Gen 9] VGC 2026 Reg I\n|rated|\n|rule|Species Clause: Limit one of each Pok\u00e9mon\n|rule|Item Clause: Limit 1 of each item\n|clearpoke\n|poke|p1|Ho-Oh, L50|\n|poke|p1|Calyrex-Ice, L50|\n|poke|p1|Tyranitar, L50, F|\n|poke|p1|Overqwil, L50, F|\n|poke|p1|Ogerpon-Wellspring, L50, F|\n|poke|p1|Incineroar, L50, M|\n|poke|p2|Calyrex-Shadow, L50|\n|poke|p2|Zamazenta-*, L50|\n|poke|p2|Chien-Pao, L50|\n|poke|p2|Dragonite, L50, F|\n|poke|p2|Amoonguss, L50, M|\n|poke|p2|Ogerpon-Cornerstone, L50, F|\n|teampreview|4\n|inactive|Battle timer is ON: inactive players will automatically lose when time's up. (requested by 520zhb)\n|inactive|EllenJoe2026 also wants the timer to be on.\n|inactive|EllenJoe2026 has 60 seconds left.\n|\n|t:|1771699436\n|teamsize|p1|4\n|teamsize|p2|4\n|start\n|switch|p1a: Tyranitar|Tyranitar, L50, F|100/100\n|switch|p1b: Incineroar|Incineroar, L50, M|100/100\n|switch|p2a: Chien-Pao|Chien-Pao, L50|100/100\n|switch|p2b: Dragonite|Dragonite, L50, F|100/100\n|-ability|p2a: Chien-Pao|Sword of Ruin\n|-weather|Sandstorm|[from] ability: Sand Stream|[of] p1a: Tyranitar\n|-ability|p1b: Incineroar|Intimidate|boost\n|-unboost|p2a: Chien-Pao|atk|1\n|-fail|p2b: Dragonite|unboost|Attack|[from] ability: Inner Focus|[of] p2b: Dragonite\n|turn|1\n|inactive|520zhb has 30 seconds left.\n|\n|t:|1771699463\n|-terastallize|p2b: Dragonite|Normal\n|move|p2a: Chien-Pao|Protect|p2a: Chien-Pao\n|-singleturn|p2a: Chien-Pao|Protect\n|move|p1b: Incineroar|Protect|p1b: Incineroar\n|-singleturn|p1b: Incineroar|Protect\n|move|p2b: Dragonite|Extreme Speed|p1b: Incineroar\n|-activate|p1b: Incineroar|move: Protect\n|move|p1a: Tyranitar|Stealth Rock|p2a: Chien-Pao\n|-sidestart|p2: EllenJoe2026|move: Stealth Rock\n|\n|-weather|Sandstorm|[upkeep]\n|-damage|p2a: Chien-Pao|95/100|[from] Sandstorm\n|-damage|p2b: Dragonite|95/100|[from] Sandstorm\n|upkeep\n|turn|2\n|inactive|520zhb has 30 seconds left.\n|inactive|520zhb has 20 seconds left.\n|inactive|520zhb has 15 seconds left.\n|\n|t:|1771699504\n|move|p2b: Dragonite|Extreme Speed|p1b: Incineroar\n|-damage|p1b: Incineroar|21/100\n|move|p2a: Chien-Pao|Sacred Sword|p1a: Tyranitar\n|-supereffective|p1a: Tyranitar\n|-damage|p1a: Tyranitar|17/100\n|-damage|p2a: Chien-Pao|78/100|[from] item: Rocky Helmet|[of] p1a: Tyranitar\n|-damage|p2a: Chien-Pao|68/100|[from] item: Life Orb\n|move|p1a: Tyranitar|Knock Off|p2b: Dragonite\n|-damage|p2b: Dragonite|37/100\n|-enditem|p2b: Dragonite|Choice Band|[from] move: Knock Off|[of] p1a: Tyranitar\n|move|p1b: Incineroar|Parting Shot|p2b: Dragonite\n|-unboost|p2b: Dragonite|atk|1\n|-unboost|p2b: Dragonite|spa|1\n|\n|t:|1771699522\n|switch|p1b: Overqwil|Overqwil, L50, F|100/100|[from] Parting Shot\n|-ability|p1b: Overqwil|Intimidate|boost\n|-unboost|p2a: Chien-Pao|atk|1\n|-fail|p2b: Dragonite|unboost|Attack|[from] ability: Inner Focus|[of] p2b: Dragonite\n|\n|-weather|Sandstorm|[upkeep]\n|-damage|p2a: Chien-Pao|63/100|[from] Sandstorm\n|-damage|p2b: Dragonite|31/100|[from] Sandstorm\n|-damage|p1b: Overqwil|94/100|[from] Sandstorm\n|-heal|p1b: Overqwil|100/100|[from] item: Black Sludge\n|upkeep\n|turn|3\n|inactive|EllenJoe2026 has 30 seconds left.\n|\n|t:|1771699553\n|switch|p2a: Zamazenta|Zamazenta-Crowned, L50|100/100\n|-damage|p2a: Zamazenta|97/100|[from] Stealth Rock\n|-ability|p2a: Zamazenta|Dauntless Shield|boost\n|-boost|p2a: Zamazenta|def|1\n|move|p1a: Tyranitar|Protect|p1a: Tyranitar\n|-singleturn|p1a: Tyranitar|Protect\n|move|p2b: Dragonite|Low Kick|p1a: Tyranitar\n|-activate|p1a: Tyranitar|move: Protect\n|move|p1b: Overqwil|Toxic Spikes|p2a: Zamazenta\n|-sidestart|p2: EllenJoe2026|move: Toxic Spikes\n|\n|-weather|Sandstorm|[upkeep]\n|-damage|p2b: Dragonite|25/100|[from] Sandstorm\n|-damage|p1b: Overqwil|94/100|[from] Sandstorm\n|-heal|p1b: Overqwil|100/100|[from] item: Black Sludge\n|upkeep\n|turn|4\n|inactive|EllenJoe2026 has 30 seconds left.\n|\n|t:|1771699580\n|switch|p1a: Ho-Oh|Ho-Oh, L50|100/100\n|move|p2a: Zamazenta|Body Press|p1a: Ho-Oh\n|-resisted|p1a: Ho-Oh\n|-damage|p1a: Ho-Oh|77/100\n|-enditem|p1a: Ho-Oh|Red Card|[of] p2a: Zamazenta\n|drag|p2a: Chien-Pao|Chien-Pao, L50|63/100\n|-damage|p2a: Chien-Pao|38/100|[from] Stealth Rock\n|-status|p2a: Chien-Pao|psn\n|-ability|p2a: Chien-Pao|Sword of Ruin\n|move|p2b: Dragonite|Outrage|p1b: Overqwil\n|-damage|p1b: Overqwil|41/100\n|move|p1b: Overqwil|Toxic Spikes|p2a: Chien-Pao\n|-sidestart|p2: EllenJoe2026|move: Toxic Spikes\n|\n|-weather|Sandstorm|[upkeep]\n|-damage|p2a: Chien-Pao|32/100 psn|[from] Sandstorm\n|-damage|p1a: Ho-Oh|70/100|[from] Sandstorm\n|-damage|p2b: Dragonite|20/100|[from] Sandstorm\n|-damage|p1b: Overqwil|35/100|[from] Sandstorm\n|-heal|p1b: Overqwil|41/100|[from] item: Black Sludge\n|-damage|p2a: Chien-Pao|20/100 psn|[from] psn\n|upkeep\n|turn|5\n|inactive|520zhb has 30 seconds left.\n|inactive|EllenJoe2026 has 30 seconds left.\n|\n|t:|1771699613\n|move|p2a: Chien-Pao|Protect|p2a: Chien-Pao\n|-singleturn|p2a: Chien-Pao|Protect\n|move|p1a: Ho-Oh|Protect|p1a: Ho-Oh\n|-singleturn|p1a: Ho-Oh|Protect\n|move|p1b: Overqwil|Protect|p1b: Overqwil\n|-singleturn|p1b: Overqwil|Protect\n|move|p2b: Dragonite|Outrage|p1b: Overqwil|[from] lockedmove\n|-activate|p1b: Overqwil|move: Protect\n|-start|p2b: Dragonite|confusion|[fatigue]\n|\n|-weather|none\n|-heal|p1b: Overqwil|47/100|[from] item: Black Sludge\n|-damage|p2a: Chien-Pao|8/100 psn|[from] psn\n|upkeep\n|turn|6\n|\n|t:|1771699633\n|switch|p1b: Incineroar|Incineroar, L50, M|21/100\n|-ability|p1b: Incineroar|Intimidate|boost\n|-unboost|p2a: Chien-Pao|atk|1\n|-fail|p2b: Dragonite|unboost|Attack|[from] ability: Inner Focus|[of] p2b: Dragonite\n|-activate|p2b: Dragonite|confusion\n|move|p2b: Dragonite|Extreme Speed|p1a: Ho-Oh\n|-damage|p1a: Ho-Oh|41/100\n|move|p2a: Chien-Pao|Ice Spinner|p1a: Ho-Oh\n|-damage|p1a: Ho-Oh|9/100\n|-damage|p2a: Chien-Pao|0 fnt|[from] item: Life Orb\n|faint|p2a: Chien-Pao\n|move|p1a: Ho-Oh|Life Dew|p1a: Ho-Oh|[spread] p1a,p1b\n|-heal|p1a: Ho-Oh|34/100\n|-heal|p1b: Incineroar|47/100\n|\n|upkeep\n|\n|t:|1771699654\n|switch|p2a: Calyrex|Calyrex-Shadow, L50|100/100\n|-ability|p2a: Calyrex|As One\n|-ability|p2a: Calyrex|Unnerve\n|-damage|p2a: Calyrex|88/100|[from] Stealth Rock\n|-status|p2a: Calyrex|tox\n|turn|7\n|\n|t:|1771699677\n|move|p2a: Calyrex|Protect|p2a: Calyrex\n|-singleturn|p2a: Calyrex|Protect\n|move|p1a: Ho-Oh|Protect|p1a: Ho-Oh\n|-singleturn|p1a: Ho-Oh|Protect\n|move|p1b: Incineroar|Protect|p1b: Incineroar\n|-singleturn|p1b: Incineroar|Protect\n|-activate|p2b: Dragonite|confusion\n|-damage|p2b: Dragonite|8/100|[from] confusion\n|\n|-damage|p2a: Calyrex|82/100 tox|[from] psn\n|upkeep\n|turn|8\n|\n|t:|1771699700\n|switch|p1a: Overqwil|Overqwil, L50, F|47/100\n|-ability|p1a: Overqwil|Intimidate|boost\n|-unboost|p2a: Calyrex|atk|1\n|-fail|p2b: Dragonite|unboost|Attack|[from] ability: Inner Focus|[of] p2b: Dragonite\n|switch|p1b: Tyranitar|Tyranitar, L50, F|17/100\n|-weather|Sandstorm|[from] ability: Sand Stream|[of] p1b: Tyranitar\n|-activate|p2b: Dragonite|confusion\n|-damage|p2b: Dragonite|0 fnt|[from] confusion\n|faint|p2b: Dragonite\n|move|p2a: Calyrex|Encore||[still]\n|-fail|p2a: Calyrex\n|\n|-weather|Sandstorm|[upkeep]\n|-damage|p2a: Calyrex|75/100 tox|[from] Sandstorm\n|-damage|p1a: Overqwil|41/100|[from] Sandstorm\n|-heal|p1a: Overqwil|47/100|[from] item: Black Sludge\n|-damage|p2a: Calyrex|63/100 tox|[from] psn\n|upkeep\n|\n|t:|1771699705\n|switch|p2b: Zamazenta|Zamazenta-Crowned, L50|97/100\n|-damage|p2b: Zamazenta|94/100|[from] Stealth Rock\n|turn|9\n|inactive|520zhb has 30 seconds left.\n|inactive|520zhb has 20 seconds left.\n|\n|t:|1771699740\n|move|p2a: Calyrex|Protect|p2a: Calyrex\n|-singleturn|p2a: Calyrex|Protect\n|move|p1b: Tyranitar|Protect|p1b: Tyranitar\n|-singleturn|p1b: Tyranitar|Protect\n|move|p2b: Zamazenta|Body Press|p1a: Overqwil\n|-damage|p1a: Overqwil|7/100\n|move|p1a: Overqwil|Throat Chop|p2a: Calyrex\n|-activate|p2a: Calyrex|move: Protect\n|\n|-weather|Sandstorm|[upkeep]\n|-damage|p2a: Calyrex|57/100 tox|[from] Sandstorm\n|-damage|p1a: Overqwil|0 fnt|[from] Sandstorm\n|faint|p1a: Overqwil\n|-damage|p2a: Calyrex|38/100 tox|[from] psn\n|upkeep\n|\n|t:|1771699762\n|switch|p1a: Ho-Oh|Ho-Oh, L50|67/100\n|turn|10\n|\n|t:|1771699781\n|switch|p1a: Incineroar|Incineroar, L50, M|47/100\n|-ability|p1a: Incineroar|Intimidate|boost\n|-unboost|p2a: Calyrex|atk|1\n|-unboost|p2b: Zamazenta|atk|1\n|move|p2a: Calyrex|Astral Barrage|p1a: Incineroar|[spread] p1a,p1b\n|-resisted|p1a: Incineroar\n|-resisted|p1b: Tyranitar\n|-damage|p1a: Incineroar|26/100\n|-damage|p1b: Tyranitar|2/100\n|move|p2b: Zamazenta|Body Press|p1b: Tyranitar\n|-supereffective|p1b: Tyranitar\n|-damage|p1b: Tyranitar|0 fnt\n|-damage|p2b: Zamazenta|78/100|[from] item: Rocky Helmet|[of] p1b: Tyranitar\n|faint|p1b: Tyranitar\n|\n|-weather|Sandstorm|[upkeep]\n|-damage|p2a: Calyrex|32/100 tox|[from] Sandstorm\n|-damage|p2a: Calyrex|7/100 tox|[from] psn\n|upkeep\n|-message|EllenJoe2026 forfeited.\n|\n|win|520zhb\n|raw|520zhb's rating: 1389 &rarr; <strong>1415</strong><br />(+26 for winning)\n|raw|EllenJoe2026's rating: 1496 &rarr; <strong>1470</strong><br />(-26 for losing)\n|l|\u2606EllenJoe2026\n|player|p2|\n|l|\u2606520zhb\n|player|p1|\n","uploadtime":1771699949,"views":19,"formatid":"gen9vgc2026regi","rating":1415,"private":0,"password":null}