{"id":"gen9vgc2026regi-2578818026","format":"[Gen 9] VGC 2026 Reg I","players":["rkmu","fogdocker"],"log":"|j|\u2606rkmu\n|j|\u2606fogdocker\n|t:|1775722703\n|gametype|doubles\n|player|p1|rkmu|lucas|1393\n|player|p2|fogdocker|170|1506\n|gen|9\n|tier|[Gen 9] VGC 2026 Reg I\n|rated|\n|rule|Species Clause: Limit one of each Pok\u00e9mon\n|rule|Item Clause: Limit 1 of each item\n|clearpoke\n|poke|p1|Incineroar, L50, M|\n|poke|p1|Tyranitar, L50, F|\n|poke|p1|Zamazenta-*, L50|\n|poke|p1|Amoonguss, L50, F|\n|poke|p1|Calyrex-Shadow, L50|\n|poke|p1|Araquanid, L50, F|\n|poke|p2|Calyrex-Ice, L50|\n|poke|p2|Koraidon, L50|\n|poke|p2|Flutter Mane, L50|\n|poke|p2|Incineroar, L50, M|\n|poke|p2|Rillaboom, L50, M|\n|poke|p2|Volcarona, L50, F|\n|teampreview|4\n|\n|t:|1775722742\n|teamsize|p1|4\n|teamsize|p2|4\n|start\n|switch|p1a: Tyranitar|Tyranitar, L50, F|100/100\n|switch|p1b: Calyrex|Calyrex-Shadow, L50|100/100\n|switch|p2a: Koraidon|Koraidon, L50|100/100\n|switch|p2b: Flutter Mane|Flutter Mane, L50|100/100\n|-ability|p1b: Calyrex|As One\n|-ability|p1b: Calyrex|Unnerve\n|-weather|SunnyDay|[from] ability: Orichalcum Pulse|[of] p2a: Koraidon\n|-activate|p2b: Flutter Mane|ability: Protosynthesis\n|-start|p2b: Flutter Mane|protosynthesisspe\n|-activate|p2a: Koraidon|Orichalcum Pulse|[source]\n|-weather|Sandstorm|[from] ability: Sand Stream|[of] p1a: Tyranitar\n|-end|p2b: Flutter Mane|Protosynthesis\n|turn|1\n|\n|t:|1775722801\n|switch|p1b: cactus|Incineroar, L50, M|100/100\n|-ability|p1b: cactus|Intimidate|boost\n|-unboost|p2a: Koraidon|atk|1\n|-unboost|p2b: Flutter Mane|atk|1\n|switch|p2a: Incineroar|Incineroar, L50, M|100/100\n|-ability|p2a: Incineroar|Intimidate|boost\n|-unboost|p1a: Tyranitar|atk|1\n|-unboost|p1b: cactus|atk|1\n|-terastallize|p2b: Flutter Mane|Normal\n|move|p2b: Flutter Mane|Moonblast|p1b: cactus\n|-damage|p1b: cactus|51/100\n|-unboost|p1b: cactus|spa|1\n|move|p1a: Tyranitar|Rock Slide|p2a: Incineroar|[spread] p2b\n|-miss|p1a: Tyranitar|p2a: Incineroar\n|-damage|p2b: Flutter Mane|54/100\n|\n|-weather|Sandstorm|[upkeep]\n|-damage|p2b: Flutter Mane|47/100|[from] Sandstorm\n|upkeep\n|turn|2\n|\n|t:|1775722842\n|-end|p2b: Flutter Mane|Protosynthesis|[silent]\n|switch|p2b: Koraidon|Koraidon, L50|100/100\n|-weather|SunnyDay|[from] ability: Orichalcum Pulse|[of] p2b: Koraidon\n|-activate|p2b: Koraidon|Orichalcum Pulse|[source]\n|move|p2a: Incineroar|Fake Out|p1a: Tyranitar\n|-resisted|p1a: Tyranitar\n|-damage|p1a: Tyranitar|96/100\n|move|p1b: cactus|Parting Shot|p2a: Incineroar\n|-unboost|p2a: Incineroar|atk|1\n|-unboost|p2a: Incineroar|spa|1\n|\n|t:|1775722860\n|switch|p1b: Calyrex|Calyrex-Shadow, L50|100/100|[from] Parting Shot\n|-ability|p1b: Calyrex|As One\n|-ability|p1b: Calyrex|Unnerve\n|cant|p1a: Tyranitar|flinch\n|\n|-weather|SunnyDay|[upkeep]\n|upkeep\n|turn|3\n|\n|t:|1775722887\n|switch|p1b: cactus|Incineroar, L50, M|51/100\n|-ability|p1b: cactus|Intimidate|boost\n|-unboost|p2a: Incineroar|atk|1\n|-unboost|p2b: Koraidon|atk|1\n|move|p2b: Koraidon|Protect|p2b: Koraidon\n|-singleturn|p2b: Koraidon|Protect\n|move|p1a: Tyranitar|Rock Slide|p2a: Incineroar|[spread] p2a\n|-activate|p2b: Koraidon|move: Protect\n|-supereffective|p2a: Incineroar\n|-damage|p2a: Incineroar|68/100\n|cant|p2a: Incineroar|flinch\n|\n|-weather|SunnyDay|[upkeep]\n|upkeep\n|turn|4\n|\n|t:|1775722910\n|move|p1b: cactus|Fake Out|p2b: Koraidon\n|-damage|p2b: Koraidon|90/100\n|cant|p2b: Koraidon|flinch\n|move|p1a: Tyranitar|Rock Slide|p2a: Incineroar|[spread] p2a,p2b\n|-supereffective|p2a: Incineroar\n|-resisted|p2b: Koraidon\n|-damage|p2a: Incineroar|34/100\n|-damage|p2b: Koraidon|80/100\n|move|p2a: Incineroar|Parting Shot|p1a: Tyranitar\n|-unboost|p1a: Tyranitar|atk|1\n|-unboost|p1a: Tyranitar|spa|1\n|\n|t:|1775722919\n|switch|p2a: Flutter Mane|Flutter Mane, L50, tera:Normal|47/100|[from] Parting Shot\n|-activate|p2a: Flutter Mane|ability: Protosynthesis\n|-start|p2a: Flutter Mane|protosynthesisspe\n|\n|-weather|SunnyDay|[upkeep]\n|upkeep\n|turn|5\n|\n|t:|1775722933\n|-terastallize|p1a: Tyranitar|Flying\n|move|p2a: Flutter Mane|Moonblast|p1b: cactus\n|-damage|p1b: cactus|0 fnt\n|faint|p1b: cactus\n|move|p2b: Koraidon|Flame Charge|p1a: Tyranitar\n|-damage|p1a: Tyranitar|71/100\n|-boost|p2b: Koraidon|spe|1\n|-damage|p2b: Koraidon|70/100|[from] item: Life Orb\n|move|p1a: Tyranitar|Rock Slide|p2b: Koraidon|[spread] p2a,p2b\n|-resisted|p2b: Koraidon\n|-damage|p2a: Flutter Mane|13/100\n|-damage|p2b: Koraidon|63/100\n|\n|-weather|SunnyDay|[upkeep]\n|upkeep\n|\n|t:|1775722946\n|switch|p1b: Calyrex|Calyrex-Shadow, L50|100/100\n|-ability|p1b: Calyrex|As One\n|-ability|p1b: Calyrex|Unnerve\n|turn|6\n|\n|t:|1775722958\n|move|p1b: Calyrex|Protect|p1b: Calyrex\n|-singleturn|p1b: Calyrex|Protect\n|move|p2a: Flutter Mane|Shadow Ball|p1b: Calyrex\n|-activate|p1b: Calyrex|move: Protect\n|move|p2b: Koraidon|Flare Blitz|p1a: Tyranitar\n|-damage|p1a: Tyranitar|10/100\n|-damage|p2b: Koraidon|39/100|[from] Recoil\n|-damage|p2b: Koraidon|30/100|[from] item: Life Orb\n|move|p1a: Tyranitar|Rock Slide|p2b: Koraidon|[spread] p2a,p2b\n|-resisted|p2b: Koraidon\n|-damage|p2a: Flutter Mane|0 fnt\n|-damage|p2b: Koraidon|23/100\n|faint|p2a: Flutter Mane\n|-end|p2a: Flutter Mane|Protosynthesis|[silent]\n|\n|-weather|none\n|upkeep\n|\n|t:|1775722964\n|switch|p2a: Incineroar|Incineroar, L50, M|34/100\n|-ability|p2a: Incineroar|Intimidate|boost\n|-unboost|p1a: Tyranitar|atk|1\n|-unboost|p1b: Calyrex|atk|1\n|turn|7\n|\n|t:|1775722992\n|move|p2b: Koraidon|Flare Blitz|p1b: Calyrex\n|-damage|p1b: Calyrex|58/100\n|-damage|p2b: Koraidon|8/100|[from] Recoil\n|-damage|p2b: Koraidon|0 fnt|[from] item: Life Orb\n|faint|p2b: Koraidon\n|move|p1b: Calyrex|Astral Barrage|p2a: Incineroar\n|-resisted|p2a: Incineroar\n|-damage|p2a: Incineroar|1/100\n|move|p1a: Tyranitar|Rock Slide|p2a: Incineroar\n|-supereffective|p2a: Incineroar\n|-damage|p2a: Incineroar|0 fnt\n|faint|p2a: Incineroar\n|\n|upkeep\n|\n|t:|1775722999\n|switch|p2b: Volcarona|Volcarona, L50, F|100/100\n|turn|8\n|\n|t:|1775723013\n|switch|p1a: Zamazenta|Zamazenta-Crowned, L50|100/100\n|-ability|p1a: Zamazenta|Dauntless Shield|boost\n|-boost|p1a: Zamazenta|def|1\n|move|p1b: Calyrex|Psychic|p2b: Volcarona\n|-damage|p2b: Volcarona|48/100\n|move|p2b: Volcarona|Struggle Bug|p1a: Zamazenta|[spread] p1a,p1b\n|-resisted|p1a: Zamazenta\n|-damage|p1a: Zamazenta|98/100\n|-damage|p1b: Calyrex|40/100\n|-unboost|p1a: Zamazenta|spa|1\n|-unboost|p1b: Calyrex|spa|1\n|\n|upkeep\n|turn|9\n|\n|t:|1775723026\n|move|p1a: Zamazenta|Wide Guard|p1a: Zamazenta\n|-singleturn|p1a: Zamazenta|Wide Guard\n|move|p1b: Calyrex|Astral Barrage|p2b: Volcarona\n|-damage|p2b: Volcarona|3/100\n|move|p2b: Volcarona|Fiery Dance|p1b: Calyrex\n|-damage|p1b: Calyrex|6/100\n|-boost|p2b: Volcarona|spa|1\n|\n|upkeep\n|turn|10\n|\n|t:|1775723037\n|move|p1b: Calyrex|Astral Barrage|p2b: Volcarona\n|-damage|p2b: Volcarona|0 fnt\n|faint|p2b: Volcarona\n|\n|win|rkmu\n|raw|rkmu's rating: 1379 &rarr; <strong>1406</strong><br />(+27 for winning)\n|raw|fogdocker's rating: 1506 &rarr; <strong>1479</strong><br />(-27 for losing)\n|l|\u2606fogdocker\n|player|p2|\n|l|\u2606rkmu\n|player|p1|\n","uploadtime":1775723258,"views":8,"formatid":"gen9vgc2026regi","rating":1406,"private":0,"password":null}