{"id":"gen9vgc2026regi-2552622156","format":"[Gen 9] VGC 2026 Reg I","players":["2LOOKKKAP","lalo's pollos"],"log":"|j|\u26062LOOKKKAP\n|j|\u2606lalo's pollos\n|t:|1772737799\n|gametype|doubles\n|player|p1|2LOOKKKAP|169|1397\n|player|p2|lalo's pollos|266|1445\n|gen|9\n|tier|[Gen 9] VGC 2026 Reg I\n|rated|\n|rule|Species Clause: Limit one of each Pok\u00e9mon\n|rule|Item Clause: Limit 1 of each item\n|clearpoke\n|poke|p1|Dondozo, L50, F|\n|poke|p1|Tatsugiri, L50, M|\n|poke|p1|Calyrex-Shadow, L50|\n|poke|p1|Kyogre, L50|\n|poke|p1|Rillaboom, L50, F|\n|poke|p1|Raichu, L50, F|\n|poke|p2|Zamazenta-*, L50|\n|poke|p2|Lunala, L50|\n|poke|p2|Rillaboom, L50, M|\n|poke|p2|Incineroar, L50, F|\n|poke|p2|Urshifu-*, L50, F|\n|poke|p2|Tornadus, L50, M|\n|teampreview|4\n|inactive|Battle timer is ON: inactive players will automatically lose when time's up. (requested by 2LOOKKKAP)\n|\n|t:|1772737821\n|teamsize|p1|4\n|teamsize|p2|4\n|start\n|switch|p1a: Dondozo|Dondozo, L50, F|100/100\n|switch|p1b: Kyogre|Kyogre, L50|100/100\n|switch|p2a: Lunala|Lunala, L50|100/100\n|switch|p2b: Tornadus|Tornadus, L50, M|100/100\n|-weather|RainDance|[from] ability: Drizzle|[of] p1b: Kyogre\n|turn|1\n|\n|t:|1772737838\n|move|p2a: Lunala|Protect|p2a: Lunala\n|-singleturn|p2a: Lunala|Protect\n|move|p1b: Kyogre|Thunder|p2b: Tornadus\n|-supereffective|p2b: Tornadus\n|-crit|p2b: Tornadus\n|-enditem|p2b: Tornadus|Focus Sash\n|-damage|p2b: Tornadus|1/100\n|move|p2b: Tornadus|Bleakwind Storm|p1a: Dondozo|[spread] p1a,p1b\n|-damage|p1a: Dondozo|62/100\n|-damage|p1b: Kyogre|72/100\n|move|p1a: Dondozo|Substitute|p1a: Dondozo\n|-start|p1a: Dondozo|Substitute\n|-damage|p1a: Dondozo|37/100\n|\n|-weather|RainDance|[upkeep]\n|-heal|p1a: Dondozo|43/100|[from] item: Leftovers\n|upkeep\n|turn|2\n|\n|t:|1772737861\n|switch|p2b: Rillaboom|Rillaboom, L50, M|100/100\n|-fieldstart|move: Grassy Terrain|[from] ability: Grassy Surge|[of] p2b: Rillaboom\n|move|p1a: Dondozo|Protect|p1a: Dondozo\n|-singleturn|p1a: Dondozo|Protect\n|move|p1b: Kyogre|Thunder|p2a: Lunala\n|-damage|p2a: Lunala|84/100\n|move|p2a: Lunala|Moongeist Beam|p1a: Dondozo\n|-activate|p1a: Dondozo|move: Protect\n|\n|-weather|RainDance|[upkeep]\n|-heal|p1b: Kyogre|78/100|[from] Grassy Terrain\n|-heal|p2a: Lunala|90/100|[from] Grassy Terrain\n|-heal|p2a: Lunala|96/100|[from] item: Leftovers\n|-heal|p1a: Dondozo|49/100|[from] Grassy Terrain\n|-heal|p1a: Dondozo|55/100|[from] item: Leftovers\n|upkeep\n|turn|3\n|\n|t:|1772737880\n|switch|p1b: Tatsugiri|Tatsugiri, L50, M|100/100\n|-activate|p1b: Tatsugiri|ability: Commander|[of] p1a: Dondozo\n|-boost|p1a: Dondozo|atk|2\n|-boost|p1a: Dondozo|spa|2\n|-boost|p1a: Dondozo|spe|2\n|-boost|p1a: Dondozo|def|2\n|-boost|p1a: Dondozo|spd|2\n|-terastallize|p1a: Dondozo|Water\n|move|p2a: Lunala|Calm Mind|p2a: Lunala\n|-boost|p2a: Lunala|spa|1\n|-boost|p2a: Lunala|spd|1\n|move|p2b: Rillaboom|Wood Hammer|p1a: Dondozo\n|-supereffective|p1a: Dondozo\n|-end|p1a: Dondozo|Substitute\n|-damage|p2b: Rillaboom|89/100|[from] Recoil|[of] p1a: Dondozo\n|move|p1a: Dondozo|Surf|p2a: Lunala|[spread] p2a,p2b\n|-miss|p1a: Dondozo|p1b: Tatsugiri\n|-resisted|p2b: Rillaboom\n|-damage|p2a: Lunala|27/100\n|-damage|p2b: Rillaboom|56/100\n|\n|-weather|RainDance|[upkeep]\n|-heal|p2a: Lunala|33/100|[from] Grassy Terrain\n|-heal|p2a: Lunala|39/100|[from] item: Leftovers\n|-heal|p2b: Rillaboom|61/100|[from] Grassy Terrain\n|-heal|p1a: Dondozo|62/100|[from] Grassy Terrain\n|-heal|p1a: Dondozo|68/100|[from] item: Leftovers\n|upkeep\n|turn|4\n|\n|t:|1772737903\n|move|p1a: Dondozo|Protect|p1a: Dondozo\n|-singleturn|p1a: Dondozo|Protect\n|move|p2a: Lunala|Moongeist Beam|p1a: Dondozo\n|-activate|p1a: Dondozo|move: Protect\n|move|p2b: Rillaboom|Wood Hammer|p1a: Dondozo\n|-activate|p1a: Dondozo|move: Protect\n|\n|-weather|RainDance|[upkeep]\n|-heal|p2a: Lunala|45/100|[from] Grassy Terrain\n|-heal|p2a: Lunala|51/100|[from] item: Leftovers\n|-heal|p2b: Rillaboom|67/100|[from] Grassy Terrain\n|-heal|p1a: Dondozo|74/100|[from] Grassy Terrain\n|-heal|p1a: Dondozo|80/100|[from] item: Leftovers\n|upkeep\n|turn|5\n|\n|t:|1772737917\n|move|p2a: Lunala|Moongeist Beam|p1a: Dondozo\n|-damage|p1a: Dondozo|37/100\n|move|p2b: Rillaboom|Wood Hammer|p1a: Dondozo\n|-supereffective|p1a: Dondozo\n|-damage|p1a: Dondozo|0 fnt\n|faint|p1a: Dondozo\n|-damage|p2b: Rillaboom|51/100|[from] Recoil\n|\n|-weather|none\n|-heal|p2a: Lunala|57/100|[from] Grassy Terrain\n|-heal|p2a: Lunala|63/100|[from] item: Leftovers\n|-heal|p2b: Rillaboom|57/100|[from] Grassy Terrain\n|upkeep\n|j| globalfish39\n|\n|t:|1772737931\n|switch|p1a: Kyogre|Kyogre, L50|78/100\n|-weather|RainDance|[from] ability: Drizzle|[of] p1a: Kyogre\n|turn|6\n|\n|t:|1772737944\n|move|p2a: Lunala|Protect|p2a: Lunala\n|-singleturn|p2a: Lunala|Protect\n|move|p1a: Kyogre|Ice Beam|p2b: Rillaboom\n|-supereffective|p2b: Rillaboom\n|-damage|p2b: Rillaboom|4/100\n|move|p1b: Tatsugiri|Muddy Water|p2a: Lunala|[spread] p2b\n|-activate|p2a: Lunala|move: Protect\n|-resisted|p2b: Rillaboom\n|-damage|p2b: Rillaboom|0 fnt\n|faint|p2b: Rillaboom\n|\n|-weather|RainDance|[upkeep]\n|-heal|p1a: Kyogre|84/100|[from] Grassy Terrain\n|-heal|p2a: Lunala|69/100|[from] Grassy Terrain\n|-heal|p2a: Lunala|75/100|[from] item: Leftovers\n|-fieldend|move: Grassy Terrain\n|upkeep\n|\n|t:|1772737951\n|switch|p2b: Tornadus|Tornadus, L50, M|1/100\n|turn|7\n|\n|t:|1772737965\n|move|p2b: Tornadus|Tailwind|p2b: Tornadus\n|-sidestart|p2: lalo's pollos|move: Tailwind\n|move|p2a: Lunala|Moonblast|p1b: Tatsugiri\n|-supereffective|p1b: Tatsugiri\n|-enditem|p1b: Tatsugiri|Focus Sash\n|-damage|p1b: Tatsugiri|1/100\n|move|p1a: Kyogre|Ice Beam|p2a: Lunala\n|-crit|p2a: Lunala\n|-damage|p2a: Lunala|37/100\n|move|p1b: Tatsugiri|Icy Wind|p2a: Lunala|[spread] p2a,p2b\n|-supereffective|p2b: Tornadus\n|-damage|p2a: Lunala|30/100\n|-damage|p2b: Tornadus|0 fnt\n|-unboost|p2a: Lunala|spe|1\n|faint|p2b: Tornadus\n|\n|-weather|RainDance|[upkeep]\n|-heal|p2a: Lunala|36/100|[from] item: Leftovers\n|upkeep\n|\n|t:|1772737973\n|switch|p2b: Zamazenta|Zamazenta-Crowned, L50|100/100\n|-ability|p2b: Zamazenta|Dauntless Shield|boost\n|-boost|p2b: Zamazenta|def|1\n|turn|8\n|\n|t:|1772737991\n|switch|p1a: Calyrex|Calyrex-Shadow, L50|100/100\n|-ability|p1a: Calyrex|As One\n|-ability|p1a: Calyrex|Unnerve\n|move|p2b: Zamazenta|Body Press|p1a: Calyrex\n|-immune|p1a: Calyrex\n|move|p2a: Lunala|Moongeist Beam|p1a: Calyrex\n|-supereffective|p1a: Calyrex\n|-damage|p1a: Calyrex|0 fnt\n|faint|p1a: Calyrex\n|move|p1b: Tatsugiri|Muddy Water|p2a: Lunala|[spread] p2a,p2b\n|-damage|p2a: Lunala|9/100\n|-damage|p2b: Zamazenta|59/100\n|\n|-weather|RainDance|[upkeep]\n|-heal|p2a: Lunala|15/100|[from] item: Leftovers\n|upkeep\n|\n|t:|1772738007\n|switch|p1a: Kyogre|Kyogre, L50|84/100\n|turn|9\n|\n|t:|1772738031\n|move|p2b: Zamazenta|Body Press|p1a: Kyogre\n|-damage|p1a: Kyogre|5/100\n|move|p1a: Kyogre|Water Pulse|p2b: Zamazenta\n|-damage|p2b: Zamazenta|21/100\n|move|p2a: Lunala|Moongeist Beam|p1b: Tatsugiri\n|-damage|p1b: Tatsugiri|0 fnt\n|faint|p1b: Tatsugiri\n|\n|-weather|RainDance|[upkeep]\n|-heal|p2a: Lunala|21/100|[from] item: Leftovers\n|upkeep\n|turn|10\n|\n|t:|1772738043\n|-terastallize|p2b: Zamazenta|Water\n|move|p2b: Zamazenta|Body Press|p1a: Kyogre\n|-damage|p1a: Kyogre|0 fnt\n|faint|p1a: Kyogre\n|\n|win|lalo's pollos\n|raw|2LOOKKKAP's rating: 1397 &rarr; <strong>1380</strong><br />(-17 for losing)\n|raw|lalo&apos;s pollos's rating: 1445 &rarr; <strong>1462</strong><br />(+17 for winning)\n|l|\u26062LOOKKKAP\n|player|p1|\n|l| globalfish39\n","uploadtime":1772738272,"views":15,"formatid":"gen9vgc2026regi","rating":1380,"private":0,"password":null}