{"id":"gen9vgc2026regi-2544391067","format":"[Gen 9] VGC 2026 Reg I","players":["schisch","Schimmli"],"log":"|j|\u2606schisch\n|j|\u2606Schimmli\n|t:|1771701456\n|gametype|doubles\n|player|p1|schisch|1|1545\n|player|p2|Schimmli|2|1548\n|gen|9\n|tier|[Gen 9] VGC 2026 Reg I\n|rated|\n|rule|Species Clause: Limit one of each Pok\u00e9mon\n|rule|Item Clause: Limit 1 of each item\n|clearpoke\n|poke|p1|Dialga-Origin, L50|\n|poke|p1|Ursaluna, L50, F|\n|poke|p1|Ogerpon-Wellspring, L50, F|\n|poke|p1|Ho-Oh, L50|\n|poke|p1|Flutter Mane, L50|\n|poke|p1|Rillaboom, L50, M|\n|poke|p2|Terapagos, L50, M|\n|poke|p2|Calyrex-Shadow, L50|\n|poke|p2|Flutter Mane, L50|\n|poke|p2|Ogerpon-Cornerstone, L50, F|\n|poke|p2|Incineroar, L50, M|\n|poke|p2|Rillaboom, L50, M|\n|teampreview|4\n|inactive|Battle timer is ON: inactive players will automatically lose when time's up. (requested by schisch)\n|\n|t:|1771701522\n|teamsize|p1|4\n|teamsize|p2|4\n|start\n|switch|p1a: Flutter Mane|Flutter Mane, L50|100/100\n|switch|p1b: Rillaboom|Rillaboom, L50, M|100/100\n|switch|p2a: Terapagos|Terapagos, L50, M|100/100\n|switch|p2b: Incineroar|Incineroar, L50, M, shiny|100/100\n|-activate|p2a: Terapagos|ability: Tera Shift\n|detailschange|p2a: Terapagos|Terapagos-Terastal, L50, M\n|-heal|p2a: Terapagos|100/100|[silent]\n|-fieldstart|move: Grassy Terrain|[from] ability: Grassy Surge|[of] p1b: Rillaboom\n|-ability|p2b: Incineroar|Intimidate|boost\n|-unboost|p1a: Flutter Mane|atk|1\n|-unboost|p1b: Rillaboom|atk|1\n|turn|1\n|\n|t:|1771701542\n|move|p1b: Rillaboom|Fake Out|p2b: Incineroar\n|-damage|p2b: Incineroar|94/100\n|-damage|p1b: Rillaboom|84/100|[from] item: Rocky Helmet|[of] p2b: Incineroar\n|move|p1a: Flutter Mane|Taunt|p2a: Terapagos\n|-start|p2a: Terapagos|move: Taunt\n|cant|p2a: Terapagos|move: Taunt|Calm Mind\n|cant|p2b: Incineroar|flinch\n|\n|-heal|p1b: Rillaboom|90/100|[from] Grassy Terrain\n|-heal|p2b: Incineroar|99/100|[from] Grassy Terrain\n|upkeep\n|turn|2\n|\n|t:|1771701558\n|move|p1a: Flutter Mane|Moonblast|p2a: Terapagos\n|-activate|p2a: Terapagos|ability: Tera Shell\n|-resisted|p2a: Terapagos\n|-damage|p2a: Terapagos|80/100\n|move|p1b: Rillaboom|U-turn|p2a: Terapagos\n|-damage|p2a: Terapagos|68/100\n|\n|t:|1771701567\n|switch|p1b: Ho-Oh|Ho-Oh, L50|100/100|[from] U-turn\n|move|p2a: Terapagos|Tera Starstorm|p1b: Ho-Oh\n|-damage|p1b: Ho-Oh|71/100\n|move|p2b: Incineroar|Knock Off|p1a: Flutter Mane\n|-damage|p1a: Flutter Mane|24/100\n|-enditem|p1a: Flutter Mane|Focus Sash|[from] move: Knock Off|[of] p2b: Incineroar\n|\n|-heal|p1a: Flutter Mane|30/100|[from] Grassy Terrain\n|-heal|p2a: Terapagos|74/100|[from] Grassy Terrain\n|-heal|p2a: Terapagos|80/100|[from] item: Leftovers\n|-heal|p2b: Incineroar|100/100|[from] Grassy Terrain\n|upkeep\n|turn|3\n|inactive|Schimmli has 30 seconds left.\n|\n|t:|1771701592\n|-terastallize|p2a: Terapagos|Stellar\n|detailschange|p2a: Terapagos|Terapagos-Stellar, L50, M, tera:Stellar\n|-heal|p2a: Terapagos|85/100|[silent]\n|-ability|p2a: Terapagos|Teraform Zero\n|-fieldend|move: Grassy Terrain\n|move|p1a: Flutter Mane|Moonblast|p2a: Terapagos\n|-damage|p2a: Terapagos|52/100\n|move|p1b: Ho-Oh|Tailwind|p1b: Ho-Oh\n|-sidestart|p1: schisch|move: Tailwind\n|move|p2a: Terapagos|Tera Starstorm|p1a: Flutter Mane|[spread] p1a,p1b\n|-damage|p1a: Flutter Mane|0 fnt\n|-damage|p1b: Ho-Oh|49/100\n|faint|p1a: Flutter Mane\n|-end|p1a: Flutter Mane|Protosynthesis|[silent]\n|move|p2b: Incineroar|Knock Off|p1b: Ho-Oh\n|-damage|p1b: Ho-Oh|8/100\n|-enditem|p1b: Ho-Oh|Clear Amulet|[from] move: Knock Off|[of] p2b: Incineroar\n|\n|-heal|p2a: Terapagos|58/100|[from] item: Leftovers\n|-end|p2a: Terapagos|move: Taunt\n|upkeep\n|\n|t:|1771701614\n|switch|p1a: Ursaluna|Ursaluna, L50, F|100/100\n|turn|4\n|\n|t:|1771701629\n|move|p2a: Terapagos|Protect|p2a: Terapagos\n|-singleturn|p2a: Terapagos|Protect\n|move|p1b: Ho-Oh|Brave Bird|p2b: Incineroar\n|-damage|p2b: Incineroar|50/100\n|-damage|p1b: Ho-Oh|0 fnt|[from] item: Rocky Helmet|[of] p2b: Incineroar\n|faint|p1b: Ho-Oh\n|move|p1a: Ursaluna|Earthquake|p2b: Incineroar|[spread] p2b\n|-activate|p2a: Terapagos|move: Protect\n|-supereffective|p2b: Incineroar\n|-damage|p2b: Incineroar|0 fnt\n|faint|p2b: Incineroar\n|\n|-heal|p2a: Terapagos|65/100|[from] item: Leftovers\n|-status|p1a: Ursaluna|brn|[from] item: Flame Orb\n|upkeep\n|\n|t:|1771701644\n|switch|p1b: Rillaboom|Rillaboom, L50, M|90/100\n|switch|p2b: Rillaboom|Rillaboom, L50, M|100/100\n|-fieldstart|move: Grassy Terrain|[from] ability: Grassy Surge|[of] p1b: Rillaboom\n|turn|5\n|\n|t:|1771701668\n|switch|p2a: Calyrex|Calyrex-Shadow, L50|100/100\n|-ability|p2a: Calyrex|As One\n|-ability|p2a: Calyrex|Unnerve\n|move|p1b: Rillaboom|Fake Out|p2b: Rillaboom\n|-damage|p2b: Rillaboom|88/100\n|cant|p2b: Rillaboom|flinch\n|move|p1a: Ursaluna|Facade|p2a: Calyrex\n|-immune|p2a: Calyrex\n|\n|-heal|p1b: Rillaboom|96/100|[from] Grassy Terrain\n|-heal|p2b: Rillaboom|94/100|[from] Grassy Terrain\n|-damage|p1a: Ursaluna|94/100 brn|[from] brn\n|upkeep\n|turn|6\n|inactive|schisch has 30 seconds left.\n|inactive|Schimmli has 30 seconds left.\n|inactive|schisch has 20 seconds left.\n|inactive|schisch has 15 seconds left.\n|inactive|schisch has 10 seconds left.\n|\n|t:|1771701715\n|move|p1a: Ursaluna|Protect|p1a: Ursaluna\n|-singleturn|p1a: Ursaluna|Protect\n|move|p1b: Rillaboom|Knock Off|p2b: Rillaboom\n|-damage|p2b: Rillaboom|65/100\n|-enditem|p2b: Rillaboom|Assault Vest|[from] move: Knock Off|[of] p1b: Rillaboom\n|move|p2a: Calyrex|Disable|p1a: Ursaluna\n|-activate|p1a: Ursaluna|move: Protect\n|move|p2b: Rillaboom|Wood Hammer|p1a: Ursaluna\n|-activate|p1a: Ursaluna|move: Protect\n|\n|-heal|p1b: Rillaboom|100/100|[from] Grassy Terrain\n|-heal|p1a: Ursaluna|100/100 brn|[from] Grassy Terrain\n|-heal|p2b: Rillaboom|71/100|[from] Grassy Terrain\n|-damage|p1a: Ursaluna|94/100 brn|[from] brn\n|-sideend|p1: schisch|move: Tailwind\n|upkeep\n|turn|7\n|\n|t:|1771701734\n|-terastallize|p1a: Ursaluna|Poison\n|move|p2a: Calyrex|Astral Barrage|p1b: Rillaboom|[spread] p1a,p1b\n|-crit|p1a: Ursaluna\n|-damage|p1a: Ursaluna|10/100 brn\n|-damage|p1b: Rillaboom|56/100\n|move|p1b: Rillaboom|Knock Off|p2a: Calyrex\n|-supereffective|p2a: Calyrex\n|-enditem|p2a: Calyrex|Focus Sash\n|-damage|p2a: Calyrex|1/100\n|move|p2b: Rillaboom|Wood Hammer|p1a: Ursaluna\n|-resisted|p1a: Ursaluna\n|-damage|p1a: Ursaluna|0 fnt\n|faint|p1a: Ursaluna\n|-damage|p2b: Rillaboom|68/100|[from] Recoil\n|\n|-heal|p2a: Calyrex|7/100|[from] Grassy Terrain\n|-heal|p1b: Rillaboom|62/100|[from] Grassy Terrain\n|-heal|p2b: Rillaboom|73/100|[from] Grassy Terrain\n|upkeep\n|turn|8\n|-message|schisch forfeited.\n|\n|win|Schimmli\n|raw|schisch's rating: 1545 &rarr; <strong>1525</strong><br />(-20 for losing)\n|raw|Schimmli's rating: 1548 &rarr; <strong>1568</strong><br />(+20 for winning)\n|l|\u2606schisch\n|player|p1|\n|l|\u2606Schimmli\n|player|p2|\n","uploadtime":1771701924,"views":32,"formatid":"gen9vgc2026regi","rating":1525,"private":0,"password":null}