{"id":"gen9vgc2026regi-2571133970","format":"[Gen 9] VGC 2026 Reg I","players":["chrisjhall12","lolgz"],"log":"|j|\u2606chrisjhall12\n|j|\u2606lolgz\n|t:|1774888868\n|gametype|doubles\n|player|p1|chrisjhall12|dawn|1385\n|player|p2|lolgz|102|1449\n|gen|9\n|tier|[Gen 9] VGC 2026 Reg I\n|rated|\n|rule|Species Clause: Limit one of each Pok\u00e9mon\n|rule|Item Clause: Limit 1 of each item\n|clearpoke\n|poke|p1|Zamazenta-*, L50|\n|poke|p1|Miraidon, L50|\n|poke|p1|Chien-Pao, L50|\n|poke|p1|Whimsicott, L50, F|\n|poke|p1|Ogerpon-Hearthflame, L50, F|\n|poke|p1|Dragonite, L50, F|\n|poke|p2|Calyrex-Ice, L50|\n|poke|p2|Lunala, L50|\n|poke|p2|Indeedee-F, L50, F|\n|poke|p2|Ursaluna, L50, M|\n|poke|p2|Torkoal, L50, M|\n|poke|p2|Iron Hands, L50|\n|teampreview|4\n|\n|t:|1774888942\n|teamsize|p1|4\n|teamsize|p2|4\n|start\n|switch|p1a: Zamazenta|Zamazenta-Crowned, L50|100/100\n|switch|p1b: Chien-Pao|Chien-Pao, L50|100/100\n|switch|p2a: Iron Hands|Iron Hands, L50|100/100\n|switch|p2b: Lunala|Lunala, L50|100/100\n|-ability|p1b: Chien-Pao|Sword of Ruin\n|-ability|p1a: Zamazenta|Dauntless Shield|boost\n|-boost|p1a: Zamazenta|def|1\n|turn|1\n|\n|t:|1774888971\n|switch|p1b: Whimsicott|Whimsicott, L50, F|100/100\n|-terastallize|p2b: Lunala|Fairy\n|move|p2a: Iron Hands|Fake Out|p1a: Zamazenta\n|-resisted|p1a: Zamazenta\n|-damage|p1a: Zamazenta|97/100\n|cant|p1a: Zamazenta|flinch\n|move|p2b: Lunala|Trick Room|p2b: Lunala\n|-fieldstart|move: Trick Room|[of] p2b: Lunala\n|\n|upkeep\n|turn|2\n|\n|t:|1774888990\n|-end|p2a: Iron Hands|Quark Drive|[silent]\n|switch|p2a: Indeedee|Indeedee-F, L50, F|100/100\n|-fieldstart|move: Psychic Terrain|[from] ability: Psychic Surge|[of] p2a: Indeedee\n|move|p1b: Whimsicott|Encore|p2b: Lunala\n|-activate|p2b: Lunala|move: Psychic Terrain\n|move|p2b: Lunala|Meteor Beam||[still]\n|-prepare|p2b: Lunala|Meteor Beam\n|-boost|p2b: Lunala|spa|1\n|-enditem|p2b: Lunala|Power Herb\n|-anim|p2b: Lunala|Meteor Beam|p1b: Whimsicott\n|-damage|p1b: Whimsicott|25/100\n|move|p1a: Zamazenta|Body Press|p2a: Indeedee\n|-damage|p2a: Indeedee|41/100\n|\n|upkeep\n|turn|3\n|\n|t:|1774889038\n|switch|p1b: Chien-Pao|Chien-Pao, L50|100/100\n|-ability|p1b: Chien-Pao|Sword of Ruin\n|move|p2a: Indeedee|Helping Hand|p2b: Lunala\n|-singleturn|p2b: Lunala|Helping Hand|[of] p2a: Indeedee\n|move|p2b: Lunala|Moongeist Beam|p1a: Zamazenta\n|-damage|p1a: Zamazenta|13/100\n|move|p1a: Zamazenta|Body Press|p2a: Indeedee\n|-damage|p2a: Indeedee|0 fnt\n|faint|p2a: Indeedee\n|\n|upkeep\n|\n|t:|1774889062\n|switch|p2a: Iron Hands|Iron Hands, L50|100/100\n|turn|4\n|\n|t:|1774889068\n|move|p1a: Zamazenta|Protect|p1a: Zamazenta\n|-singleturn|p1a: Zamazenta|Protect\n|move|p1b: Chien-Pao|Protect|p1b: Chien-Pao\n|-singleturn|p1b: Chien-Pao|Protect\n|move|p2a: Iron Hands|Drain Punch|p1b: Chien-Pao\n|-activate|p1b: Chien-Pao|move: Protect\n|move|p2b: Lunala|Moongeist Beam|p1b: Chien-Pao\n|-activate|p1b: Chien-Pao|move: Protect\n|\n|upkeep\n|turn|5\n|\n|t:|1774889086\n|switch|p1b: Whimsicott|Whimsicott, L50, F|25/100\n|move|p1a: Zamazenta|Protect||[still]\n|-fail|p1a: Zamazenta\n|move|p2a: Iron Hands|Drain Punch|p1b: Whimsicott\n|-resisted|p1b: Whimsicott\n|-damage|p1b: Whimsicott|2/100\n|move|p2b: Lunala|Moongeist Beam|p1b: Whimsicott\n|-damage|p1b: Whimsicott|0 fnt\n|faint|p1b: Whimsicott\n|\n|-fieldend|move: Trick Room\n|upkeep\n|\n|t:|1774889110\n|switch|p1b: Chien-Pao|Chien-Pao, L50|100/100\n|-ability|p1b: Chien-Pao|Sword of Ruin\n|turn|6\n|\n|t:|1774889115\n|move|p1b: Chien-Pao|Icicle Crash|p2b: Lunala\n|-damage|p2b: Lunala|79/100\n|move|p1a: Zamazenta|Behemoth Bash|p2b: Lunala\n|-supereffective|p2b: Lunala\n|-damage|p2b: Lunala|0 fnt\n|faint|p2b: Lunala\n|move|p2a: Iron Hands|Drain Punch|p1b: Chien-Pao\n|-supereffective|p1b: Chien-Pao\n|-enditem|p1b: Chien-Pao|Focus Sash\n|-damage|p1b: Chien-Pao|1/100\n|\n|-fieldend|move: Psychic Terrain\n|upkeep\n|\n|t:|1774889121\n|switch|p2b: Calyrex|Calyrex-Ice, L50|100/100\n|-ability|p2b: Calyrex|As One\n|-ability|p2b: Calyrex|Unnerve\n|turn|7\n|\n|t:|1774889140\n|move|p1b: Chien-Pao|Crunch|p2b: Calyrex\n|-supereffective|p2b: Calyrex\n|-damage|p2b: Calyrex|40/100\n|-unboost|p2b: Calyrex|def|1\n|move|p1a: Zamazenta|Behemoth Bash|p2b: Calyrex\n|-supereffective|p2b: Calyrex\n|-damage|p2b: Calyrex|0 fnt\n|faint|p2b: Calyrex\n|move|p2a: Iron Hands|Drain Punch|p1a: Zamazenta\n|-supereffective|p1a: Zamazenta\n|-damage|p1a: Zamazenta|0 fnt\n|faint|p1a: Zamazenta\n|\n|upkeep\n|-message|lolgz forfeited.\n|\n|win|chrisjhall12\n|raw|chrisjhall12's rating: 1385 &rarr; <strong>1409</strong><br />(+24 for winning)\n|raw|lolgz's rating: 1449 &rarr; <strong>1425</strong><br />(-24 for losing)\n","uploadtime":1774889149,"views":10,"formatid":"gen9vgc2026regi","rating":1409,"private":0,"password":null}