{"id":"gen9vgc2026regi-2538502753","format":"[Gen 9] VGC 2026 Reg I","players":["Adamicus16","eye-zitt"],"log":"|j|\u2606Adamicus16\n|j|\u2606eye-zitt\n|t:|1770934007\n|gametype|doubles\n|player|p1|Adamicus16|swimmer-gen4|1294\n|player|p2|eye-zitt|hilbert|1195\n|gen|9\n|tier|[Gen 9] VGC 2026 Reg I\n|rated|\n|rule|Species Clause: Limit one of each Pok\u00e9mon\n|rule|Item Clause: Limit 1 of each item\n|clearpoke\n|poke|p1|Giratina-Origin, L50|\n|poke|p1|Zamazenta-*, L50|\n|poke|p1|Chien-Pao, L50|\n|poke|p1|Rillaboom, L50, M|\n|poke|p1|Dragonite, L50, F|\n|poke|p1|Flutter Mane, L50|\n|poke|p2|Iron Bundle, L50|\n|poke|p2|Iron Hands, L50|\n|poke|p2|Ursaluna, L50, F|\n|poke|p2|Farigiraf, L50, M|\n|poke|p2|Ho-Oh, L50|\n|poke|p2|Miraidon, L50|\n|teampreview|4\n|inactive|Battle timer is ON: inactive players will automatically lose when time's up. (requested by eye-zitt)\n|inactive|Adamicus16 has 60 seconds left.\n|inactive|Adamicus16 has 30 seconds left.\n|inactive|Adamicus16 has 20 seconds left.\n|inactive|Adamicus16 has 15 seconds left.\n|inactive|Adamicus16 has 10 seconds left.\n|inactive|Adamicus16 has 5 seconds left.\n|\n|t:|1770934098\n|teamsize|p1|4\n|teamsize|p2|4\n|start\n|switch|p1a: Giratina|Giratina-Origin, L50, shiny|100/100\n|switch|p1b: Zamazenta|Zamazenta-Crowned, L50|100/100\n|switch|p2a: Farigiraf|Farigiraf, L50, M, shiny|100/100\n|switch|p2b: Miraidon|Miraidon, L50, shiny|100/100\n|-fieldstart|move: Electric Terrain|[from] ability: Hadron Engine|[of] p2b: Miraidon\n|-enditem|p2a: Farigiraf|Electric Seed\n|-boost|p2a: Farigiraf|def|1|[from] item: Electric Seed\n|-ability|p1b: Zamazenta|Dauntless Shield|boost\n|-boost|p1b: Zamazenta|def|1\n|turn|1\n|inactive|eye-zitt has 30 seconds left.\n|\n|t:|1770934130\n|move|p1a: Giratina|Protect|p1a: Giratina\n|-singleturn|p1a: Giratina|Protect\n|move|p2b: Miraidon|Volt Switch|p1b: Zamazenta\n|-damage|p1b: Zamazenta|45/100\n|\n|t:|1770934143\n|switch|p2b: Ho-Oh|Ho-Oh, L50, shiny|100/100|[from] Volt Switch\n|move|p1b: Zamazenta|Body Press|p2b: Ho-Oh\n|-resisted|p2b: Ho-Oh\n|-damage|p2b: Ho-Oh|67/100\n|move|p2a: Farigiraf|Foul Play|p1a: Giratina\n|-activate|p1a: Giratina|move: Protect\n|\n|upkeep\n|turn|2\n|inactive|Adamicus16 has 30 seconds left.\n|\n|t:|1770934173\n|move|p1b: Zamazenta|Body Press|p2a: Farigiraf\n|-damage|p2a: Farigiraf|64/100\n|move|p2b: Ho-Oh|Brave Bird|p1a: Giratina\n|-damage|p1a: Giratina|58/100\n|-damage|p2b: Ho-Oh|50/100|[from] Recoil\n|move|p1a: Giratina|Draco Meteor|p2a: Farigiraf|[miss]\n|-miss|p1a: Giratina|p2a: Farigiraf\n|move|p2a: Farigiraf|Psychic|p1b: Zamazenta\n|-damage|p1b: Zamazenta|19/100\n|\n|upkeep\n|turn|3\n|\n|t:|1770934196\n|move|p2a: Farigiraf|Helping Hand|p2b: Ho-Oh\n|-singleturn|p2b: Ho-Oh|Helping Hand|[of] p2a: Farigiraf\n|move|p1a: Giratina|Protect|p1a: Giratina\n|-singleturn|p1a: Giratina|Protect\n|move|p1b: Zamazenta|Body Press|p2a: Farigiraf\n|-damage|p2a: Farigiraf|28/100\n|move|p2b: Ho-Oh|Brave Bird|p1a: Giratina\n|-activate|p1a: Giratina|move: Protect\n|\n|upkeep\n|turn|4\n|inactive|Adamicus16 has 30 seconds left.\n|\n|t:|1770934223\n|switch|p1a: Chien-Pao|Chien-Pao, L50|100/100\n|-ability|p1a: Chien-Pao|Sword of Ruin\n|move|p1b: Zamazenta|Body Press|p2a: Farigiraf\n|-damage|p2a: Farigiraf|0 fnt\n|faint|p2a: Farigiraf\n|move|p2b: Ho-Oh|Sacred Fire|p1b: Zamazenta\n|-supereffective|p1b: Zamazenta\n|-damage|p1b: Zamazenta|0 fnt\n|faint|p1b: Zamazenta\n|\n|upkeep\n|\n|t:|1770934240\n|switch|p1b: Giratina|Giratina-Origin, L50, shiny|58/100\n|switch|p2a: Iron Hands|Iron Hands, L50, shiny|100/100\n|-activate|p2a: Iron Hands|ability: Quark Drive\n|-start|p2a: Iron Hands|quarkdriveatk\n|turn|5\n|\n|t:|1770934256\n|move|p1a: Chien-Pao|Protect|p1a: Chien-Pao\n|-singleturn|p1a: Chien-Pao|Protect\n|move|p1b: Giratina|Protect|p1b: Giratina\n|-singleturn|p1b: Giratina|Protect\n|move|p2b: Ho-Oh|Sacred Fire|p1a: Chien-Pao\n|-activate|p1a: Chien-Pao|move: Protect\n|move|p2a: Iron Hands|Volt Switch|p1a: Chien-Pao\n|-activate|p1a: Chien-Pao|move: Protect\n|\n|-fieldend|move: Electric Terrain\n|-end|p2a: Iron Hands|Quark Drive\n|upkeep\n|turn|6\n|\n|t:|1770934277\n|switch|p2b: Miraidon|Miraidon, L50, shiny|100/100\n|-fieldstart|move: Electric Terrain|[from] ability: Hadron Engine|[of] p2b: Miraidon\n|-activate|p2a: Iron Hands|ability: Quark Drive\n|-start|p2a: Iron Hands|quarkdriveatk\n|move|p1a: Chien-Pao|Icicle Crash|p2b: Miraidon\n|-supereffective|p2b: Miraidon\n|-damage|p2b: Miraidon|0 fnt\n|faint|p2b: Miraidon\n|move|p1b: Giratina|Poltergeist|p2a: Iron Hands\n|-activate|p2a: Iron Hands|move: Poltergeist|Assault Vest\n|-damage|p2a: Iron Hands|28/100\n|move|p2a: Iron Hands|Volt Switch|p1a: Chien-Pao\n|-damage|p1a: Chien-Pao|71/100\n|\n|t:|1770934279\n|-end|p2a: Iron Hands|Quark Drive|[silent]\n|switch|p2a: Ho-Oh|Ho-Oh, L50, shiny|83/100|[from] Volt Switch\n|\n|upkeep\n|\n|t:|1770934282\n|switch|p2b: Iron Hands|Iron Hands, L50, shiny|28/100\n|-activate|p2b: Iron Hands|ability: Quark Drive\n|-start|p2b: Iron Hands|quarkdriveatk\n|turn|7\n|\n|t:|1770934295\n|-terastallize|p2b: Iron Hands|Fire\n|move|p1a: Chien-Pao|Protect|p1a: Chien-Pao\n|-singleturn|p1a: Chien-Pao|Protect\n|move|p1b: Giratina|Protect|p1b: Giratina\n|-singleturn|p1b: Giratina|Protect\n|move|p2a: Ho-Oh|Tailwind|p2a: Ho-Oh\n|-sidestart|p2: eye-zitt|move: Tailwind\n|move|p2b: Iron Hands|Drain Punch|p1a: Chien-Pao\n|-activate|p1a: Chien-Pao|move: Protect\n|\n|upkeep\n|turn|8\n|\n|t:|1770934315\n|move|p1a: Chien-Pao|Sucker Punch|p2b: Iron Hands\n|-damage|p2b: Iron Hands|0 fnt\n|faint|p2b: Iron Hands\n|-end|p2b: Iron Hands|Quark Drive|[silent]\n|move|p2a: Ho-Oh|Sacred Fire|p1a: Chien-Pao\n|-supereffective|p1a: Chien-Pao\n|-damage|p1a: Chien-Pao|0 fnt\n|faint|p1a: Chien-Pao\n|move|p1b: Giratina|Poltergeist|p2a: Ho-Oh\n|-activate|p2a: Ho-Oh|move: Poltergeist|Clear Amulet\n|-damage|p2a: Ho-Oh|20/100\n|\n|upkeep\n|\n|t:|1770934321\n|switch|p1a: Rillaboom|Rillaboom, L50, M|100/100\n|-fieldstart|move: Grassy Terrain|[from] ability: Grassy Surge|[of] p1a: Rillaboom\n|turn|9\n|\n|t:|1770934329\n|move|p2a: Ho-Oh|Protect|p2a: Ho-Oh\n|-singleturn|p2a: Ho-Oh|Protect\n|move|p1a: Rillaboom|Fake Out|p2a: Ho-Oh\n|-activate|p2a: Ho-Oh|move: Protect\n|move|p1b: Giratina|Poltergeist|p2a: Ho-Oh\n|-activate|p2a: Ho-Oh|move: Protect\n|\n|upkeep\n|turn|10\n|\n|t:|1770934338\n|-terastallize|p1a: Rillaboom|Water\n|move|p1b: Giratina|Shadow Sneak|p2a: Ho-Oh\n|-damage|p2a: Ho-Oh|0 fnt\n|faint|p2a: Ho-Oh\n|\n|win|Adamicus16\n|raw|Adamicus16's rating: 1294 &rarr; <strong>1312</strong><br />(+18 for winning)\n|raw|eye-zitt's rating: 1195 &rarr; <strong>1177</strong><br />(-18 for losing)\n","uploadtime":1770934341,"views":21,"formatid":"gen9vgc2026regi","rating":1177,"private":0,"password":null}