{"id":"gen9vgc2026regi-2551501044","format":"[Gen 9] VGC 2026 Reg I","players":["RandomcatFFR","lior97h"],"log":"|j|\u2606RandomcatFFR\n|j|\u2606lior97h\n|t:|1772612325\n|gametype|doubles\n|player|p1|RandomcatFFR|artist-gen4|1441\n|player|p2|lior97h|lucas|1379\n|gen|9\n|tier|[Gen 9] VGC 2026 Reg I\n|rated|\n|rule|Species Clause: Limit one of each Pok\u00e9mon\n|rule|Item Clause: Limit 1 of each item\n|clearpoke\n|poke|p1|Lunala, L50|\n|poke|p1|Incineroar, L50, F|\n|poke|p1|Brute Bonnet, L50|\n|poke|p1|Ursaluna, L50, F|\n|poke|p1|Flutter Mane, L50|\n|poke|p1|Koraidon, L50|\n|poke|p2|Zamazenta-*, L50|\n|poke|p2|Gengar, L50, M|\n|poke|p2|Whimsicott, L50, M|\n|poke|p2|Calyrex-Shadow, L50|\n|poke|p2|Sableye, L50, F|\n|poke|p2|Smeargle, L50, F|\n|teampreview|4\n|inactive|Battle timer is ON: inactive players will automatically lose when time's up. (requested by lior97h)\n|inactive|RandomcatFFR has 60 seconds left.\n|inactive|lior97h has 60 seconds left.\n|\n|t:|1772612359\n|teamsize|p1|4\n|teamsize|p2|4\n|start\n|switch|p1a: Incineroar|Incineroar, L50, F|100/100\n|switch|p1b: Koraidon|Koraidon, L50|100/100\n|switch|p2a: Sableye|Sableye, L50, F|100/100\n|switch|p2b: Zamazenta|Zamazenta-Crowned, L50|100/100\n|-weather|SunnyDay|[from] ability: Orichalcum Pulse|[of] p1b: Koraidon\n|-activate|p1b: Koraidon|Orichalcum Pulse|[source]\n|-ability|p2b: Zamazenta|Dauntless Shield|boost\n|-boost|p2b: Zamazenta|def|1\n|-ability|p1a: Incineroar|Intimidate|boost\n|-unboost|p2a: Sableye|atk|1\n|-unboost|p2b: Zamazenta|atk|1\n|turn|1\n|\n|t:|1772612375\n|-terastallize|p1b: Koraidon|Fire\n|move|p2b: Zamazenta|Protect|p2b: Zamazenta\n|-singleturn|p2b: Zamazenta|Protect\n|move|p1a: Incineroar|Fake Out|p2b: Zamazenta\n|-activate|p2b: Zamazenta|move: Protect\n|move|p2a: Sableye|Fake Out|p1a: Incineroar\n|-damage|p1a: Incineroar|97/100\n|move|p1b: Koraidon|Flame Charge|p2a: Sableye\n|-damage|p2a: Sableye|10/100\n|-boost|p1b: Koraidon|spe|1\n|-enditem|p2a: Sableye|Eject Button\n|-damage|p1b: Koraidon|91/100|[from] item: Life Orb\n|\n|t:|1772612396\n|switch|p2a: Smeargle|Smeargle, L50, F|100/100\n|\n|-weather|SunnyDay|[upkeep]\n|-ability|p2a: Smeargle|Moody|boost\n|-boost|p2a: Smeargle|spd|2\n|-unboost|p2a: Smeargle|spa|1\n|upkeep\n|turn|2\n|inactive|RandomcatFFR has 30 seconds left.\n|inactive|lior97h has 30 seconds left.\n|\n|t:|1772612426\n|-terastallize|p2b: Zamazenta|Fighting\n|move|p1b: Koraidon|Protect|p1b: Koraidon\n|-singleturn|p1b: Koraidon|Protect\n|move|p2b: Zamazenta|Body Press|p1a: Incineroar\n|-supereffective|p1a: Incineroar\n|-damage|p1a: Incineroar|0 fnt\n|faint|p1a: Incineroar\n|move|p2a: Smeargle|Spore|p1b: Koraidon\n|-activate|p1b: Koraidon|move: Protect\n|\n|-weather|SunnyDay|[upkeep]\n|-ability|p2a: Smeargle|Moody|boost\n|-boost|p2a: Smeargle|atk|2\n|-unboost|p2a: Smeargle|def|1\n|upkeep\n|\n|t:|1772612446\n|switch|p1a: Brute Bonnet|Brute Bonnet, L50|100/100\n|-activate|p1a: Brute Bonnet|ability: Protosynthesis\n|-start|p1a: Brute Bonnet|protosynthesisspd\n|turn|3\n|inactive|RandomcatFFR has 30 seconds left.\n|inactive|lior97h has 30 seconds left.\n|inactive|RandomcatFFR has 20 seconds left.\n|inactive|RandomcatFFR has 15 seconds left.\n|\n|t:|1772612503\n|move|p1a: Brute Bonnet|Rage Powder|p1a: Brute Bonnet\n|-singleturn|p1a: Brute Bonnet|move: Rage Powder\n|move|p1b: Koraidon|Flare Blitz|p2b: Zamazenta\n|-damage|p2b: Zamazenta|36/100\n|-damage|p1b: Koraidon|69/100|[from] Recoil\n|-damage|p1b: Koraidon|59/100|[from] item: Life Orb\n|move|p2b: Zamazenta|Body Press|p1a: Brute Bonnet\n|-supereffective|p1a: Brute Bonnet\n|-damage|p1a: Brute Bonnet|0 fnt\n|faint|p1a: Brute Bonnet\n|-end|p1a: Brute Bonnet|Protosynthesis|[silent]\n|move|p2a: Smeargle|Spore|p1b: Koraidon\n|-status|p1b: Koraidon|slp|[from] move: Spore\n|\n|-weather|SunnyDay|[upkeep]\n|-ability|p2a: Smeargle|Moody|boost\n|-boost|p2a: Smeargle|spd|2\n|-unboost|p2a: Smeargle|spa|1\n|upkeep\n|\n|t:|1772612513\n|switch|p1a: Flutter Mane|Flutter Mane, L50|100/100\n|-activate|p1a: Flutter Mane|ability: Protosynthesis\n|-start|p1a: Flutter Mane|protosynthesisspe\n|turn|4\n|\n|t:|1772612530\n|move|p2a: Smeargle|Wide Guard|p2a: Smeargle\n|-singleturn|p2a: Smeargle|Wide Guard\n|cant|p1b: Koraidon|slp\n|move|p1a: Flutter Mane|Moonblast|p2b: Zamazenta\n|-supereffective|p2b: Zamazenta\n|-damage|p2b: Zamazenta|0 fnt\n|faint|p2b: Zamazenta\n|\n|-weather|SunnyDay|[upkeep]\n|-ability|p2a: Smeargle|Moody|boost\n|-boost|p2a: Smeargle|spa|2\n|-unboost|p2a: Smeargle|spd|1\n|upkeep\n|inactive|lior97h has 30 seconds left.\n|\n|t:|1772612555\n|switch|p2b: Sableye|Sableye, L50, F|10/100\n|turn|5\n|\n|t:|1772612572\n|move|p1a: Flutter Mane|Protect|p1a: Flutter Mane\n|-singleturn|p1a: Flutter Mane|Protect\n|-curestatus|p1b: Koraidon|slp|[msg]\n|move|p1b: Koraidon|Protect|p1b: Koraidon\n|-singleturn|p1b: Koraidon|Protect\n|move|p2b: Sableye|Skill Swap|p2a: Smeargle\n|-activate|p2b: Sableye|Skill Swap\n|move|p2a: Smeargle|Spore|p1a: Flutter Mane\n|-activate|p1a: Flutter Mane|move: Protect\n|\n|-weather|none\n|-end|p1a: Flutter Mane|Protosynthesis\n|-ability|p2b: Sableye|Moody|boost\n|-boost|p2b: Sableye|spd|2\n|-unboost|p2b: Sableye|spe|1\n|upkeep\n|turn|6\n|inactive|RandomcatFFR has 30 seconds left.\n|\n|t:|1772612605\n|move|p2a: Smeargle|Spore|p1a: Flutter Mane\n|-status|p1a: Flutter Mane|slp|[from] move: Spore\n|move|p1b: Koraidon|Flame Charge|p2a: Smeargle\n|-enditem|p2a: Smeargle|Focus Sash\n|-damage|p2a: Smeargle|1/100\n|-boost|p1b: Koraidon|spe|1\n|-damage|p1b: Koraidon|49/100|[from] item: Life Orb\n|cant|p1a: Flutter Mane|slp\n|move|p2b: Sableye|Encore|p1b: Koraidon\n|-start|p1b: Koraidon|Encore\n|\n|-ability|p2b: Sableye|Moody|boost\n|-boost|p2b: Sableye|spe|2\n|-unboost|p2b: Sableye|spa|1\n|upkeep\n|turn|7\n|inactive|RandomcatFFR has 30 seconds left.\n|\n|t:|1772612639\n|switch|p2b: Calyrex|Calyrex-Shadow, L50|100/100\n|-ability|p2b: Calyrex|As One\n|-ability|p2b: Calyrex|Unnerve\n|move|p2a: Smeargle|Spore|p1b: Koraidon\n|-status|p1b: Koraidon|slp|[from] move: Spore\n|cant|p1b: Koraidon|slp\n|cant|p1a: Flutter Mane|slp\n|\n|upkeep\n|turn|8\n|inactive|RandomcatFFR has 30 seconds left.\n|\n|t:|1772612672\n|move|p2a: Smeargle|Follow Me|p2a: Smeargle\n|-singleturn|p2a: Smeargle|move: Follow Me\n|cant|p1b: Koraidon|slp\n|move|p2b: Calyrex|Astral Barrage|p1b: Koraidon|[spread] p1a,p1b\n|-supereffective|p1a: Flutter Mane\n|-enditem|p1a: Flutter Mane|Focus Sash\n|-damage|p1a: Flutter Mane|1/100 slp\n|-damage|p1b: Koraidon|0 fnt\n|faint|p1b: Koraidon\n|-ability|p2b: Calyrex|Grim Neigh|boost\n|-boost|p2b: Calyrex|spa|1\n|cant|p1a: Flutter Mane|slp\n|\n|upkeep\n|turn|9\n|-message|RandomcatFFR forfeited.\n|\n|win|lior97h\n|raw|RandomcatFFR's rating: 1441 &rarr; <strong>1417</strong><br />(-24 for losing)\n|raw|lior97h's rating: 1379 &rarr; <strong>1403</strong><br />(+24 for winning)\n|l|\u2606RandomcatFFR\n|player|p1|\n","uploadtime":1772612880,"views":15,"formatid":"gen9vgc2026regi","rating":1403,"private":0,"password":null}