{"id":"gen9vgc2026regi-2577159049","format":"[Gen 9] VGC 2026 Reg I","players":["avarussurava","ComputerYui"],"log":"|j|\u2606avarussurava\n|j|\u2606ComputerYui\n|t:|1775546352\n|gametype|doubles\n|player|p1|avarussurava|265|1459\n|player|p2|ComputerYui|artist-gen4|1363\n|gen|9\n|tier|[Gen 9] VGC 2026 Reg I\n|rated|\n|rule|Species Clause: Limit one of each Pok\u00e9mon\n|rule|Item Clause: Limit 1 of each item\n|clearpoke\n|poke|p1|Kyogre, L50|\n|poke|p1|Tyranitar, L50, M|\n|poke|p1|Zamazenta-*, L50|\n|poke|p1|Gastrodon, L50, F|\n|poke|p1|Sinistcha, L50|\n|poke|p1|Ceruledge, L50, F|\n|poke|p2|Armarouge, L50, M|\n|poke|p2|Koraidon, L50|\n|poke|p2|Whimsicott, L50, F|\n|poke|p2|Indeedee-F, L50, F|\n|poke|p2|Calyrex-Shadow, L50|\n|poke|p2|Brute Bonnet, L50|\n|teampreview|4\n|\n|t:|1775546396\n|teamsize|p1|4\n|teamsize|p2|4\n|start\n|switch|p1a: Zamazenta|Zamazenta-Crowned, L50|100/100\n|switch|p1b: Ceruledge|Ceruledge, L50, F|100/100\n|switch|p2a: Brute Bonnet|Brute Bonnet, L50, shiny|100/100\n|switch|p2b: Koraidon|Koraidon, L50|100/100\n|-weather|SunnyDay|[from] ability: Orichalcum Pulse|[of] p2b: Koraidon\n|-activate|p2a: Brute Bonnet|ability: Protosynthesis\n|-start|p2a: Brute Bonnet|protosynthesisdef\n|-activate|p2b: Koraidon|Orichalcum Pulse|[source]\n|-ability|p1a: Zamazenta|Dauntless Shield|boost\n|-boost|p1a: Zamazenta|def|1\n|turn|1\n|\n|t:|1775546436\n|-terastallize|p1a: Zamazenta|Ground\n|-terastallize|p2a: Brute Bonnet|Ground\n|move|p2b: Koraidon|U-turn|p1b: Ceruledge\n|-resisted|p1b: Ceruledge\n|-damage|p1b: Ceruledge|90/100\n|\n|t:|1775546442\n|switch|p2b: Indeedee|Indeedee-F, L50, F, shiny|100/100|[from] U-turn\n|-fieldstart|move: Psychic Terrain|[from] ability: Psychic Surge|[of] p2b: Indeedee\n|-enditem|p2a: Brute Bonnet|Psychic Seed\n|-boost|p2a: Brute Bonnet|spd|1|[from] item: Psychic Seed\n|move|p1a: Zamazenta|Iron Defense|p1a: Zamazenta\n|-boost|p1a: Zamazenta|def|2\n|move|p1b: Ceruledge|Taunt|p2a: Brute Bonnet\n|-start|p2a: Brute Bonnet|move: Taunt\n|cant|p2a: Brute Bonnet|move: Taunt|Spore\n|\n|-weather|SunnyDay|[upkeep]\n|upkeep\n|turn|2\n|\n|t:|1775546483\n|-end|p2a: Brute Bonnet|Protosynthesis|[silent]\n|switch|p2a: Koraidon|Koraidon, L50|100/100\n|-activate|p2a: Koraidon|ability: Orichalcum Pulse\n|move|p2b: Indeedee|Follow Me|p2b: Indeedee\n|-singleturn|p2b: Indeedee|move: Follow Me\n|move|p1a: Zamazenta|Snarl|p2a: Koraidon|[spread] p2a,p2b\n|-resisted|p2a: Koraidon\n|-supereffective|p2b: Indeedee\n|-damage|p2a: Koraidon|97/100\n|-damage|p2b: Indeedee|89/100\n|-unboost|p2a: Koraidon|spa|1\n|-unboost|p2b: Indeedee|spa|1\n|-enditem|p2b: Indeedee|Eject Button\n|\n|t:|1775546501\n|switch|p2b: Armarouge|Armarouge, L50, M, shiny|100/100\n|move|p1b: Ceruledge|Bulk Up|p1b: Ceruledge\n|-boost|p1b: Ceruledge|atk|1\n|-boost|p1b: Ceruledge|def|1\n|\n|-weather|SunnyDay|[upkeep]\n|upkeep\n|turn|3\n|\n|t:|1775546543\n|switch|p1b: Tyranitar|Tyranitar, L50, M|100/100\n|-weather|Sandstorm|[from] ability: Sand Stream|[of] p1b: Tyranitar\n|move|p2a: Koraidon|Bulldoze|p1b: Tyranitar|[spread] p2b,p1a,p1b\n|-supereffective|p2b: Armarouge\n|-supereffective|p1b: Tyranitar\n|-damage|p2b: Armarouge|62/100\n|-damage|p1a: Zamazenta|96/100\n|-damage|p1b: Tyranitar|76/100\n|-unboost|p2b: Armarouge|spe|1\n|-unboost|p1a: Zamazenta|spe|1\n|-unboost|p1b: Tyranitar|spe|1\n|-ability|p2b: Armarouge|Weak Armor|boost\n|-unboost|p2b: Armarouge|def|1\n|-boost|p2b: Armarouge|spe|2\n|-enditem|p2b: Armarouge|Weakness Policy\n|-boost|p2b: Armarouge|atk|2|[from] item: Weakness Policy\n|-boost|p2b: Armarouge|spa|2|[from] item: Weakness Policy\n|move|p2b: Armarouge|Expanding Force|p1b: Tyranitar|[spread] p1a\n|-immune|p1b: Tyranitar\n|-damage|p1a: Zamazenta|6/100\n|move|p1a: Zamazenta|Body Press|p2a: Koraidon\n|-damage|p2a: Koraidon|0 fnt\n|faint|p2a: Koraidon\n|\n|-weather|Sandstorm|[upkeep]\n|-damage|p2b: Armarouge|56/100|[from] Sandstorm\n|upkeep\n|\n|t:|1775546576\n|switch|p2a: Brute Bonnet|Brute Bonnet, L50, shiny, tera:Ground|100/100\n|turn|4\n|\n|t:|1775546593\n|move|p1a: Zamazenta|Wide Guard|p1a: Zamazenta\n|-singleturn|p1a: Zamazenta|Wide Guard\n|move|p2b: Armarouge|Heat Wave|p1b: Tyranitar|[spread] \n|-activate|p1a: Zamazenta|move: Wide Guard\n|-activate|p1b: Tyranitar|move: Wide Guard\n|move|p2a: Brute Bonnet|Spore|p1b: Tyranitar\n|-status|p1b: Tyranitar|slp|[from] move: Spore\n|cant|p1b: Tyranitar|slp\n|\n|-weather|Sandstorm|[upkeep]\n|-damage|p2b: Armarouge|50/100|[from] Sandstorm\n|upkeep\n|turn|5\n|\n|t:|1775546622\n|move|p2b: Armarouge|Heat Wave|p1b: Tyranitar|[spread] p1a,p1b\n|-resisted|p1b: Tyranitar\n|-damage|p1a: Zamazenta|0 fnt\n|-damage|p1b: Tyranitar|58/100 slp\n|faint|p1a: Zamazenta\n|move|p2a: Brute Bonnet|Earth Power|p1b: Tyranitar\n|-supereffective|p1b: Tyranitar\n|-damage|p1b: Tyranitar|26/100 slp\n|cant|p1b: Tyranitar|slp\n|\n|-weather|Sandstorm|[upkeep]\n|-damage|p2b: Armarouge|43/100|[from] Sandstorm\n|-fieldend|move: Psychic Terrain\n|upkeep\n|\n|t:|1775546637\n|switch|p1a: Ceruledge|Ceruledge, L50, F|90/100\n|turn|6\n|\n|t:|1775546645\n|move|p1a: Ceruledge|Shadow Sneak|p2b: Armarouge\n|-supereffective|p2b: Armarouge\n|-damage|p2b: Armarouge|0 fnt\n|faint|p2b: Armarouge\n|move|p2a: Brute Bonnet|Earth Power|p1b: Tyranitar\n|-supereffective|p1b: Tyranitar\n|-damage|p1b: Tyranitar|0 fnt\n|faint|p1b: Tyranitar\n|\n|-weather|Sandstorm|[upkeep]\n|upkeep\n|\n|t:|1775546655\n|switch|p2b: Indeedee|Indeedee-F, L50, F, shiny|89/100\n|switch|p1b: Sinistcha|Sinistcha, L50|100/100\n|-fieldstart|move: Psychic Terrain|[from] ability: Psychic Surge|[of] p2b: Indeedee\n|-heal|p1a: Ceruledge|100/100|[from] ability: Hospitality|[of] p1b: Sinistcha\n|turn|7\n|\n|t:|1775546670\n|move|p2b: Indeedee|Follow Me|p2b: Indeedee\n|-singleturn|p2b: Indeedee|move: Follow Me\n|move|p1a: Ceruledge|Bulk Up|p1a: Ceruledge\n|-boost|p1a: Ceruledge|atk|1\n|-boost|p1a: Ceruledge|def|1\n|move|p1b: Sinistcha|Matcha Gotcha|p2b: Indeedee|[spread] p2a,p2b\n|-supereffective|p2a: Brute Bonnet\n|-damage|p2a: Brute Bonnet|45/100\n|-damage|p2b: Indeedee|65/100\n|move|p2a: Brute Bonnet|Taunt|p1b: Sinistcha\n|-start|p1b: Sinistcha|move: Taunt\n|\n|-weather|none\n|upkeep\n|turn|8\n|\n|t:|1775546686\n|move|p2b: Indeedee|Helping Hand|p2a: Brute Bonnet\n|-singleturn|p2a: Brute Bonnet|Helping Hand|[of] p2b: Indeedee\n|move|p1a: Ceruledge|Bitter Blade|p2b: Indeedee\n|-damage|p2b: Indeedee|0 fnt\n|faint|p2b: Indeedee\n|move|p1b: Sinistcha|Matcha Gotcha|p2a: Brute Bonnet\n|-supereffective|p2a: Brute Bonnet\n|-damage|p2a: Brute Bonnet|0 fnt\n|faint|p2a: Brute Bonnet\n|-end|p2a: Brute Bonnet|Protosynthesis|[silent]\n|\n|win|avarussurava\n|raw|avarussurava's rating: 1459 &rarr; <strong>1474</strong><br />(+15 for winning)\n|raw|ComputerYui's rating: 1363 &rarr; <strong>1348</strong><br />(-15 for losing)\n|l|\u2606ComputerYui\n|player|p2|\n","uploadtime":1775546698,"views":15,"formatid":"gen9vgc2026regi","rating":1348,"private":0,"password":null}