{"id":"gen9vgc2026regi-2549448035","format":"[Gen 9] VGC 2026 Reg I","players":["kojimuranishi","partigiano jonny"],"log":"|j|\u2606kojimuranishi\n|j|\u2606partigiano jonny\n|t:|1772369078\n|gametype|doubles\n|player|p1|kojimuranishi|102|1390\n|player|p2|partigiano jonny|265|1560\n|gen|9\n|tier|[Gen 9] VGC 2026 Reg I\n|rated|\n|rule|Species Clause: Limit one of each Pok\u00e9mon\n|rule|Item Clause: Limit 1 of each item\n|clearpoke\n|poke|p1|Raging Bolt, L50|\n|poke|p1|Calyrex-Ice, L50|\n|poke|p1|Kyogre, L50|\n|poke|p1|Indeedee-F, L50, F|\n|poke|p1|Ursaluna, L50, M|\n|poke|p1|Torkoal, L50, M|\n|poke|p2|Terapagos, L50, M|\n|poke|p2|Miraidon, L50|\n|poke|p2|Incineroar, L50, M|\n|poke|p2|Iron Treads, L50|\n|poke|p2|Sinistcha, L50|\n|poke|p2|Urshifu-*, L50, F|\n|teampreview|4\n|inactive|Battle timer is ON: inactive players will automatically lose when time's up. (requested by kojimuranishi)\n|inactive|partigiano jonny also wants the timer to be on.\n|\n|t:|1772369100\n|teamsize|p1|4\n|teamsize|p2|4\n|start\n|switch|p1a: Indeedee|Indeedee-F, L50, F|100/100\n|switch|p1b: Calyrex|Calyrex-Ice, L50|100/100\n|switch|p2a: Terapagos|Terapagos, L50, M|100/100\n|switch|p2b: Miraidon|Miraidon, L50|100/100\n|-activate|p2a: Terapagos|ability: Tera Shift\n|detailschange|p2a: Terapagos|Terapagos-Terastal, L50, M\n|-heal|p2a: Terapagos|100/100|[silent]\n|-ability|p1b: Calyrex|As One\n|-ability|p1b: Calyrex|Unnerve\n|-fieldstart|move: Electric Terrain|[from] ability: Hadron Engine|[of] p2b: Miraidon\n|-enditem|p2a: Terapagos|Electric Seed\n|-boost|p2a: Terapagos|def|1|[from] item: Electric Seed\n|-fieldstart|move: Psychic Terrain|[from] ability: Psychic Surge|[of] p1a: Indeedee\n|turn|1\n|\n|t:|1772369121\n|move|p2b: Miraidon|Volt Switch|p1b: Calyrex\n|-damage|p1b: Calyrex|78/100\n|\n|t:|1772369125\n|switch|p2b: Incineroar|Incineroar, L50, M|100/100|[from] Volt Switch\n|-ability|p2b: Incineroar|Intimidate|boost\n|-unboost|p1a: Indeedee|atk|1\n|-unboost|p1b: Calyrex|atk|1\n|move|p2a: Terapagos|Calm Mind|p2a: Terapagos\n|-boost|p2a: Terapagos|spa|1\n|-boost|p2a: Terapagos|spd|1\n|move|p1b: Calyrex|Leech Seed|p2a: Terapagos\n|-start|p2a: Terapagos|move: Leech Seed\n|move|p1a: Indeedee|Trick Room|p1a: Indeedee\n|-fieldstart|move: Trick Room|[of] p1a: Indeedee\n|\n|-heal|p1b: Calyrex|84/100|[from] item: Leftovers\n|-damage|p2a: Terapagos|88/100|[from] Leech Seed|[of] p1b: Calyrex\n|-heal|p1b: Calyrex|96/100|[silent]\n|upkeep\n|turn|2\n|\n|t:|1772369146\n|switch|p1a: Ursaluna|Ursaluna, L50, M|100/100\n|-terastallize|p2a: Terapagos|Stellar\n|detailschange|p2a: Terapagos|Terapagos-Stellar, L50, M, tera:Stellar\n|-heal|p2a: Terapagos|91/100|[silent]\n|-ability|p2a: Terapagos|Teraform Zero\n|-fieldend|move: Psychic Terrain\n|move|p1b: Calyrex|Protect|p1b: Calyrex\n|-singleturn|p1b: Calyrex|Protect\n|move|p2b: Incineroar|Knock Off|p1b: Calyrex\n|-activate|p1b: Calyrex|move: Protect\n|move|p2a: Terapagos|Tera Starstorm|p1a: Ursaluna|[spread] p1a\n|-activate|p1b: Calyrex|move: Protect\n|-damage|p1a: Ursaluna|45/100\n|\n|-heal|p1b: Calyrex|100/100|[from] item: Leftovers\n|-damage|p2a: Terapagos|79/100|[from] Leech Seed|[of] p1b: Calyrex\n|-status|p1a: Ursaluna|brn|[from] item: Flame Orb\n|upkeep\n|turn|3\n|inactive|kojimuranishi has 30 seconds left.\n|inactive|kojimuranishi has 20 seconds left.\n|inactive|kojimuranishi has 15 seconds left.\n|\n|t:|1772369187\n|switch|p2b: Sinistcha|Sinistcha, L50|100/100\n|-heal|p2a: Terapagos|100/100|[from] ability: Hospitality|[of] p2b: Sinistcha\n|move|p1a: Ursaluna|Protect|p1a: Ursaluna\n|-singleturn|p1a: Ursaluna|Protect\n|move|p1b: Calyrex|Leech Seed|p2b: Sinistcha\n|-immune|p2b: Sinistcha\n|move|p2a: Terapagos|Tera Starstorm|p1b: Calyrex|[spread] p1b\n|-activate|p1a: Ursaluna|move: Protect\n|-damage|p1b: Calyrex|68/100\n|\n|-heal|p1b: Calyrex|74/100|[from] item: Leftovers\n|-damage|p2a: Terapagos|88/100|[from] Leech Seed|[of] p1b: Calyrex\n|-heal|p1b: Calyrex|90/100|[silent]\n|-damage|p1a: Ursaluna|39/100 brn|[from] brn\n|upkeep\n|turn|4\n|\n|t:|1772369204\n|switch|p2b: Incineroar|Incineroar, L50, M|100/100\n|-ability|p2b: Incineroar|Intimidate|boost\n|-unboost|p1a: Ursaluna|atk|1\n|-unboost|p1b: Calyrex|atk|1\n|move|p1a: Ursaluna|Protect|p1a: Ursaluna\n|-singleturn|p1a: Ursaluna|Protect\n|move|p1b: Calyrex|Glacial Lance|p2b: Incineroar|[spread] p2a,p2b\n|-resisted|p2b: Incineroar\n|-damage|p2a: Terapagos|79/100\n|-damage|p2b: Incineroar|92/100\n|move|p2a: Terapagos|Tera Starstorm|p1b: Calyrex|[spread] p1b\n|-activate|p1a: Ursaluna|move: Protect\n|-damage|p1b: Calyrex|61/100\n|\n|-heal|p1b: Calyrex|67/100|[from] item: Leftovers\n|-damage|p2a: Terapagos|67/100|[from] Leech Seed|[of] p1b: Calyrex\n|-heal|p1b: Calyrex|83/100|[silent]\n|-damage|p1a: Ursaluna|33/100 brn|[from] brn\n|upkeep\n|turn|5\n|\n|t:|1772369226\n|move|p1b: Calyrex|Glacial Lance|p2a: Terapagos|[spread] p2a,p2b\n|-resisted|p2b: Incineroar\n|-damage|p2a: Terapagos|57/100\n|-damage|p2b: Incineroar|83/100\n|move|p1a: Ursaluna|Facade|p2a: Terapagos\n|-damage|p2a: Terapagos|23/100\n|move|p2b: Incineroar|Flare Blitz|p1b: Calyrex\n|-supereffective|p1b: Calyrex\n|-damage|p1b: Calyrex|25/100\n|-damage|p2b: Incineroar|63/100|[from] Recoil\n|move|p2a: Terapagos|Tera Starstorm|p1a: Ursaluna|[spread] p1a,p1b\n|-damage|p1a: Ursaluna|0 fnt\n|-damage|p1b: Calyrex|0 fnt\n|faint|p1a: Ursaluna\n|faint|p1b: Calyrex\n|\n|-fieldend|move: Trick Room\n|upkeep\n|\n|t:|1772369244\n|switch|p1a: Torkoal|Torkoal, L50, M|100/100\n|switch|p1b: Indeedee|Indeedee-F, L50, F|100/100\n|-fieldstart|move: Psychic Terrain|[from] ability: Psychic Surge|[of] p1b: Indeedee\n|-weather|SunnyDay|[from] ability: Drought|[of] p1a: Torkoal\n|turn|6\n|-message|kojimuranishi forfeited.\n|\n|win|partigiano jonny\n|raw|kojimuranishi's rating: 1390 &rarr; <strong>1379</strong><br />(-11 for losing)\n|raw|partigiano jonny's rating: 1560 &rarr; <strong>1571</strong><br />(+11 for winning)\n","uploadtime":1772369258,"views":19,"formatid":"gen9vgc2026regi","rating":1379,"private":0,"password":null}