{"id":"gen9vgc2026regi-2558118069","format":"[Gen 9] VGC 2026 Reg I","players":["Bb4210","dasabe\u76d6\u6b27\u5361\u4fa0"],"log":"|j|\u2606Bb4210\n|j|\u2606dasabe\u76d6\u6b27\u5361\u4fa0\n|t:|1773405081\n|gametype|doubles\n|player|p1|Bb4210|265|1445\n|player|p2|dasabe\u76d6\u6b27\u5361\u4fa0|may-masters4|1488\n|gen|9\n|tier|[Gen 9] VGC 2026 Reg I\n|rated|\n|rule|Species Clause: Limit one of each Pok\u00e9mon\n|rule|Item Clause: Limit 1 of each item\n|clearpoke\n|poke|p1|Flutter Mane, L50|\n|poke|p1|Urshifu-*, L50, F|\n|poke|p1|Sinistcha, L50|\n|poke|p1|Indeedee-F, L50, F|\n|poke|p1|Calyrex-Ice, L50|\n|poke|p1|Zamazenta-*, L50|\n|poke|p2|Tatsugiri, L50, F|\n|poke|p2|Dondozo, L50, M|\n|poke|p2|Miraidon, L50|\n|poke|p2|Calyrex-Ice, L50|\n|poke|p2|Incineroar, L50, M|\n|poke|p2|Landorus, L50, M|\n|teampreview|4\n|\n|t:|1773405146\n|teamsize|p1|4\n|teamsize|p2|4\n|start\n|switch|p1a: Zamazenta|Zamazenta-Crowned, L50|100/100\n|switch|p1b: Calyrex|Calyrex-Ice, L50|100/100\n|switch|p2a: o.O|Tatsugiri, L50, F, shiny|100/100\n|switch|p2b: \u94f6\u91d1\u5996\u86c7|Miraidon, L50, shiny|100/100\n|-ability|p1b: Calyrex|As One\n|-ability|p1b: Calyrex|Unnerve\n|-fieldstart|move: Electric Terrain|[from] ability: Hadron Engine|[of] p2b: \u94f6\u91d1\u5996\u86c7\n|-ability|p1a: Zamazenta|Dauntless Shield|boost\n|-boost|p1a: Zamazenta|def|1\n|turn|1\n|inactive|Battle timer is ON: inactive players will automatically lose when time's up. (requested by Bb4210)\n|\n|t:|1773405157\n|switch|p2a: \u662f\u554a\uff0c\u5403\u4ec0\u4e48|Dondozo, L50, M, shiny|100/100\n|-terastallize|p1b: Calyrex|Ground\n|move|p2b: \u94f6\u91d1\u5996\u86c7|Volt Switch|p1b: Calyrex\n|-immune|p1b: Calyrex\n|move|p1a: Zamazenta|Coaching|p1b: Calyrex\n|-boost|p1b: Calyrex|atk|1\n|-boost|p1b: Calyrex|def|1\n|move|p1b: Calyrex|Glacial Lance|p2a: \u662f\u554a\uff0c\u5403\u4ec0\u4e48|[spread] p2a,p2b\n|-resisted|p2a: \u662f\u554a\uff0c\u5403\u4ec0\u4e48\n|-supereffective|p2b: \u94f6\u91d1\u5996\u86c7\n|-damage|p2a: \u662f\u554a\uff0c\u5403\u4ec0\u4e48|71/100\n|-damage|p2b: \u94f6\u91d1\u5996\u86c7|0 fnt\n|faint|p2b: \u94f6\u91d1\u5996\u86c7\n|-ability|p1b: Calyrex|Chilling Neigh|boost\n|-boost|p1b: Calyrex|atk|1\n|\n|-heal|p2a: \u662f\u554a\uff0c\u5403\u4ec0\u4e48|77/100|[from] item: Leftovers\n|upkeep\n|\n|t:|1773405164\n|switch|p2b: o.O|Tatsugiri, L50, F, shiny|100/100\n|-activate|p2b: o.O|ability: Commander|[of] p2a: \u662f\u554a\uff0c\u5403\u4ec0\u4e48\n|-boost|p2a: \u662f\u554a\uff0c\u5403\u4ec0\u4e48|atk|2\n|-boost|p2a: \u662f\u554a\uff0c\u5403\u4ec0\u4e48|spa|2\n|-boost|p2a: \u662f\u554a\uff0c\u5403\u4ec0\u4e48|spe|2\n|-boost|p2a: \u662f\u554a\uff0c\u5403\u4ec0\u4e48|def|2\n|-boost|p2a: \u662f\u554a\uff0c\u5403\u4ec0\u4e48|spd|2\n|turn|2\n|\n|t:|1773405171\n|move|p1a: Zamazenta|Coaching|p1b: Calyrex\n|-boost|p1b: Calyrex|atk|1\n|-boost|p1b: Calyrex|def|1\n|move|p2a: \u662f\u554a\uff0c\u5403\u4ec0\u4e48|Order Up|p1b: Calyrex\n|-damage|p1b: Calyrex|84/100\n|-boost|p2a: \u662f\u554a\uff0c\u5403\u4ec0\u4e48|atk|1\n|move|p1b: Calyrex|Glacial Lance|p2a: \u662f\u554a\uff0c\u5403\u4ec0\u4e48|[spread] p2a\n|-miss|p1b: Calyrex|p2b: o.O\n|-resisted|p2a: \u662f\u554a\uff0c\u5403\u4ec0\u4e48\n|-damage|p2a: \u662f\u554a\uff0c\u5403\u4ec0\u4e48|49/100\n|\n|-heal|p2a: \u662f\u554a\uff0c\u5403\u4ec0\u4e48|55/100|[from] item: Leftovers\n|upkeep\n|turn|3\n|\n|t:|1773405192\n|move|p1a: Zamazenta|Coaching|p1b: Calyrex\n|-boost|p1b: Calyrex|atk|1\n|-boost|p1b: Calyrex|def|1\n|move|p2a: \u662f\u554a\uff0c\u5403\u4ec0\u4e48|Wave Crash|p1b: Calyrex\n|-supereffective|p1b: Calyrex\n|-damage|p1b: Calyrex|15/100\n|-damage|p2a: \u662f\u554a\uff0c\u5403\u4ec0\u4e48|34/100|[from] Recoil\n|move|p1b: Calyrex|High Horsepower|p2a: \u662f\u554a\uff0c\u5403\u4ec0\u4e48\n|-damage|p2a: \u662f\u554a\uff0c\u5403\u4ec0\u4e48|0 fnt\n|faint|p2a: \u662f\u554a\uff0c\u5403\u4ec0\u4e48\n|-ability|p1b: Calyrex|Chilling Neigh|boost\n|-boost|p1b: Calyrex|atk|1\n|\n|upkeep\n|\n|t:|1773405195\n|switch|p2a: \u9e7f\u51a0\u738b|Calyrex-Ice, L50|100/100\n|-ability|p2a: \u9e7f\u51a0\u738b|As One\n|-ability|p2a: \u9e7f\u51a0\u738b|Unnerve\n|turn|4\n|\n|t:|1773405219\n|move|p2a: \u9e7f\u51a0\u738b|Protect|p2a: \u9e7f\u51a0\u738b\n|-singleturn|p2a: \u9e7f\u51a0\u738b|Protect\n|move|p1a: Zamazenta|Wide Guard|p1a: Zamazenta\n|-singleturn|p1a: Zamazenta|Wide Guard\n|move|p2b: o.O|Muddy Water|p1a: Zamazenta|[spread] \n|-activate|p1a: Zamazenta|move: Wide Guard\n|-activate|p1b: Calyrex|move: Wide Guard\n|move|p1b: Calyrex|Glacial Lance|p2a: \u9e7f\u51a0\u738b|[spread] p2b\n|-activate|p2a: \u9e7f\u51a0\u738b|move: Protect\n|-enditem|p2b: o.O|Focus Sash\n|-damage|p2b: o.O|1/100\n|\n|upkeep\n|turn|5\n|\n|t:|1773405244\n|move|p1a: Zamazenta|Body Press|p2b: o.O\n|-damage|p2b: o.O|0 fnt\n|faint|p2b: o.O\n|move|p1b: Calyrex|Glacial Lance|p2a: \u9e7f\u51a0\u738b\n|-resisted|p2a: \u9e7f\u51a0\u738b\n|-damage|p2a: \u9e7f\u51a0\u738b|14/100\n|move|p2a: \u9e7f\u51a0\u738b|Leech Seed|p1a: Zamazenta|[miss]\n|-miss|p2a: \u9e7f\u51a0\u738b|p1a: Zamazenta\n|\n|-fieldend|move: Electric Terrain\n|upkeep\n|turn|6\n|-message|dasabe\u76d6\u6b27\u5361\u4fa0 forfeited.\n|\n|win|Bb4210\n|raw|Bb4210's rating: 1445 &rarr; <strong>1467</strong><br />(+22 for winning)\n|raw|dasabe\u76d6\u6b27\u5361\u4fa0's rating: 1488 &rarr; <strong>1466</strong><br />(-22 for losing)\n|l|\u2606dasabe\u76d6\u6b27\u5361\u4fa0\n|player|p2|\n|l|\u2606Bb4210\n|player|p1|\n","uploadtime":1773405385,"views":17,"formatid":"gen9vgc2026regi","rating":1466,"private":0,"password":null}