{"id":"gen9vgc2026regi-2517601646","format":"[Gen 9] VGC 2026 Reg I","players":["ToiletClogger456","VJ2511"],"log":"|j|\u2606ToiletClogger456\n|j|\u2606VJ2511\n|t:|1768283183\n|gametype|doubles\n|player|p1|ToiletClogger456|2|1253\n|player|p2|VJ2511|red-masters3|1374\n|gen|9\n|tier|[Gen 9] VGC 2026 Reg I\n|rated|\n|rule|Species Clause: Limit one of each Pok\u00e9mon\n|rule|Item Clause: Limit 1 of each item\n|clearpoke\n|poke|p1|Eternatus, L50|\n|poke|p1|Ho-Oh, L50|\n|poke|p1|Rillaboom, L50, F|\n|poke|p1|Incineroar, L50, M|\n|poke|p1|Ting-Lu, L50|\n|poke|p1|Vaporeon, L50, M|\n|poke|p2|Calyrex-Shadow, L50|\n|poke|p2|Zamazenta-*, L50|\n|poke|p2|Chien-Pao, L50|\n|poke|p2|Dragonite, L50, M|\n|poke|p2|Raging Bolt, L50|\n|poke|p2|Amoonguss, L50, F|\n|teampreview|4\n|inactive|Battle timer is ON: inactive players will automatically lose when time's up. (requested by VJ2511)\n|\n|t:|1768283196\n|teamsize|p1|4\n|teamsize|p2|4\n|start\n|switch|p1a: Eternatus|Eternatus, L50|100/100\n|switch|p1b: Incineroar|Incineroar, L50, M|100/100\n|switch|p2a: Dragonite|Dragonite, L50, M, shiny|100/100\n|switch|p2b: Chien-Pao|Chien-Pao, L50|100/100\n|-ability|p2b: Chien-Pao|Sword of Ruin\n|-ability|p1a: Eternatus|Pressure\n|-ability|p1b: Incineroar|Intimidate|boost\n|-fail|p2a: Dragonite|unboost|Attack|[from] ability: Inner Focus|[of] p2a: Dragonite\n|-unboost|p2b: Chien-Pao|atk|1\n|turn|1\n|\n|t:|1768283205\n|move|p1b: Incineroar|Fake Out|p2b: Chien-Pao\n|-damage|p2b: Chien-Pao|87/100\n|cant|p2b: Chien-Pao|flinch\n|move|p1a: Eternatus|Toxic Spikes|p2a: Dragonite\n|-sidestart|p2: VJ2511|move: Toxic Spikes\n|move|p2a: Dragonite|Outrage|p1a: Eternatus\n|-supereffective|p1a: Eternatus\n|-damage|p1a: Eternatus|0 fnt\n|faint|p1a: Eternatus\n|\n|upkeep\n|\n|t:|1768283211\n|switch|p1a: Ho-Oh|Ho-Oh, L50|100/100\n|turn|2\n|\n|t:|1768283214\n|move|p1b: Incineroar|Protect|p1b: Incineroar\n|-singleturn|p1b: Incineroar|Protect\n|move|p2b: Chien-Pao|Ruination|p1a: Ho-Oh\n|-damage|p1a: Ho-Oh|51/100\n|-enditem|p1a: Ho-Oh|Red Card|[of] p2b: Chien-Pao\n|drag|p2b: Raging Bolt|Raging Bolt, L50|100/100\n|-status|p2b: Raging Bolt|psn\n|-enditem|p2b: Raging Bolt|Booster Energy\n|-activate|p2b: Raging Bolt|ability: Protosynthesis|[fromitem]\n|-start|p2b: Raging Bolt|protosynthesisspa\n|move|p1a: Ho-Oh|Sacred Fire|p2a: Dragonite\n|-resisted|p2a: Dragonite\n|-damage|p2a: Dragonite|82/100\n|-status|p2a: Dragonite|brn\n|move|p2a: Dragonite|Outrage|p1b: Incineroar|[from] lockedmove\n|-activate|p1b: Incineroar|move: Protect\n|\n|-damage|p2b: Raging Bolt|88/100 psn|[from] psn\n|-damage|p2a: Dragonite|75/100 brn|[from] brn\n|upkeep\n|turn|3\n|\n|t:|1768283231\n|switch|p1a: Ting-Lu|Ting-Lu, L50|100/100\n|-ability|p1a: Ting-Lu|Vessel of Ruin\n|move|p2b: Raging Bolt|Thunderbolt|p1b: Incineroar\n|-damage|p1b: Incineroar|63/100\n|move|p2a: Dragonite|Outrage|p1a: Ting-Lu\n|-damage|p1a: Ting-Lu|75/100\n|move|p1b: Incineroar|Parting Shot|p2b: Raging Bolt\n|-unboost|p2b: Raging Bolt|atk|1\n|-unboost|p2b: Raging Bolt|spa|1\n|\n|t:|1768283243\n|switch|p1b: Ho-Oh|Ho-Oh, L50|84/100|[from] Parting Shot\n|\n|-heal|p1a: Ting-Lu|81/100|[from] item: Leftovers\n|-damage|p2b: Raging Bolt|76/100 psn|[from] psn\n|-damage|p2a: Dragonite|69/100 brn|[from] brn\n|upkeep\n|turn|4\n|\n|t:|1768283249\n|move|p1b: Ho-Oh|Protect|p1b: Ho-Oh\n|-singleturn|p1b: Ho-Oh|Protect\n|move|p2a: Dragonite|Outrage|p1b: Ho-Oh|[from] lockedmove\n|-activate|p1b: Ho-Oh|move: Protect\n|-start|p2a: Dragonite|confusion|[fatigue]\n|move|p2b: Raging Bolt|Dragon Pulse|p1a: Ting-Lu\n|-damage|p1a: Ting-Lu|58/100\n|move|p1a: Ting-Lu|Stealth Rock|p2b: Raging Bolt\n|-sidestart|p2: VJ2511|move: Stealth Rock\n|\n|-heal|p1a: Ting-Lu|64/100|[from] item: Leftovers\n|-damage|p2b: Raging Bolt|63/100 psn|[from] psn\n|-damage|p2a: Dragonite|63/100 brn|[from] brn\n|upkeep\n|turn|5\n|\n|t:|1768283261\n|move|p1b: Ho-Oh|Life Dew|p1b: Ho-Oh|[spread] p1a,p1b\n|-heal|p1a: Ting-Lu|89/100\n|-heal|p1b: Ho-Oh|100/100\n|move|p2b: Raging Bolt|Thunderbolt|p1b: Ho-Oh\n|-supereffective|p1b: Ho-Oh\n|-damage|p1b: Ho-Oh|63/100\n|-activate|p2a: Dragonite|confusion\n|move|p2a: Dragonite|Outrage|p1b: Ho-Oh\n|-damage|p1b: Ho-Oh|28/100\n|move|p1a: Ting-Lu|Ruination|p2b: Raging Bolt\n|-damage|p2b: Raging Bolt|32/100 psn\n|\n|-heal|p1a: Ting-Lu|95/100|[from] item: Leftovers\n|-damage|p2b: Raging Bolt|20/100 psn|[from] psn\n|-damage|p2a: Dragonite|57/100 brn|[from] brn\n|upkeep\n|turn|6\n|\n|t:|1768283272\n|switch|p1b: Incineroar|Incineroar, L50, M|63/100\n|-ability|p1b: Incineroar|Intimidate|boost\n|-fail|p2a: Dragonite|unboost|Attack|[from] ability: Inner Focus|[of] p2a: Dragonite\n|-unboost|p2b: Raging Bolt|atk|1\n|move|p1a: Ting-Lu|Protect|p1a: Ting-Lu\n|-singleturn|p1a: Ting-Lu|Protect\n|move|p2b: Raging Bolt|Dragon Pulse|p1a: Ting-Lu\n|-activate|p1a: Ting-Lu|move: Protect\n|-end|p2a: Dragonite|confusion\n|move|p2a: Dragonite|Outrage|p1a: Ting-Lu|[from] lockedmove\n|-activate|p1a: Ting-Lu|move: Protect\n|-start|p2a: Dragonite|confusion|[fatigue]\n|\n|-heal|p1a: Ting-Lu|100/100|[from] item: Leftovers\n|-damage|p2b: Raging Bolt|7/100 psn|[from] psn\n|-damage|p2a: Dragonite|51/100 brn|[from] brn\n|upkeep\n|turn|7\n|\n|t:|1768283295\n|switch|p2a: Chien-Pao|Chien-Pao, L50|87/100\n|-status|p2a: Chien-Pao|psn\n|-damage|p2a: Chien-Pao|62/100 psn|[from] Stealth Rock\n|-ability|p2a: Chien-Pao|Sword of Ruin\n|move|p2b: Raging Bolt|Thunderbolt|p1b: Incineroar\n|-damage|p1b: Incineroar|34/100\n|move|p1b: Incineroar|Parting Shot|p2a: Chien-Pao\n|-unboost|p2a: Chien-Pao|atk|1\n|-unboost|p2a: Chien-Pao|spa|1\n|\n|t:|1768283305\n|switch|p1b: Ho-Oh|Ho-Oh, L50|61/100|[from] Parting Shot\n|move|p1a: Ting-Lu|Ruination|p2a: Chien-Pao\n|-damage|p2a: Chien-Pao|32/100 psn\n|\n|-damage|p2a: Chien-Pao|19/100 psn|[from] psn\n|-damage|p2b: Raging Bolt|0 fnt|[from] psn\n|faint|p2b: Raging Bolt\n|-end|p2b: Raging Bolt|Protosynthesis|[silent]\n|upkeep\n|\n|t:|1768283308\n|switch|p2b: Calyrex|Calyrex-Shadow, L50|100/100\n|-ability|p2b: Calyrex|As One\n|-ability|p2b: Calyrex|Unnerve\n|-status|p2b: Calyrex|psn\n|-damage|p2b: Calyrex|88/100 psn|[from] Stealth Rock\n|turn|8\n|\n|t:|1768283320\n|-terastallize|p2b: Calyrex|Ghost\n|move|p2b: Calyrex|Astral Barrage|p1a: Ting-Lu|[spread] p1a,p1b\n|-resisted|p1a: Ting-Lu\n|-damage|p1a: Ting-Lu|83/100\n|-damage|p1b: Ho-Oh|30/100\n|move|p2a: Chien-Pao|Ruination|p1a: Ting-Lu\n|-damage|p1a: Ting-Lu|42/100\n|move|p1b: Ho-Oh|Life Dew|p1b: Ho-Oh|[spread] p1a,p1b\n|-heal|p1a: Ting-Lu|67/100\n|-heal|p1b: Ho-Oh|55/100\n|move|p1a: Ting-Lu|Whirlwind|p2b: Calyrex\n|drag|p2b: Dragonite|Dragonite, L50, M, shiny|51/100 brn\n|-damage|p2b: Dragonite|26/100 brn|[from] Stealth Rock\n|\n|-heal|p1a: Ting-Lu|73/100|[from] item: Leftovers\n|-damage|p2a: Chien-Pao|7/100 psn|[from] psn\n|-damage|p2b: Dragonite|20/100 brn|[from] brn\n|upkeep\n|turn|9\n|j| inheatran38\n|\n|t:|1768283338\n|move|p1a: Ting-Lu|Protect|p1a: Ting-Lu\n|-singleturn|p1a: Ting-Lu|Protect\n|move|p2a: Chien-Pao|Ice Spinner|p1a: Ting-Lu\n|-activate|p1a: Ting-Lu|move: Protect\n|move|p1b: Ho-Oh|Life Dew|p1b: Ho-Oh|[spread] p1a,p1b\n|-heal|p1a: Ting-Lu|98/100\n|-heal|p1b: Ho-Oh|80/100\n|move|p2b: Dragonite|Outrage|p1a: Ting-Lu\n|-activate|p1a: Ting-Lu|move: Protect\n|\n|-heal|p1a: Ting-Lu|100/100|[from] item: Leftovers\n|-damage|p2a: Chien-Pao|0 fnt|[from] psn\n|faint|p2a: Chien-Pao\n|-damage|p2b: Dragonite|14/100 brn|[from] brn\n|upkeep\n|l| inheatran38\n|\n|t:|1768283341\n|switch|p2a: Calyrex|Calyrex-Shadow, L50, tera:Ghost|88/100 psn\n|-ability|p2a: Calyrex|As One\n|-ability|p2a: Calyrex|Unnerve\n|-damage|p2a: Calyrex|75/100 psn|[from] Stealth Rock\n|turn|10\n|\n|t:|1768283348\n|move|p2a: Calyrex|Astral Barrage|p1b: Ho-Oh|[spread] p1a,p1b\n|-resisted|p1a: Ting-Lu\n|-damage|p1a: Ting-Lu|81/100\n|-damage|p1b: Ho-Oh|48/100\n|move|p1b: Ho-Oh|Sacred Fire|p2a: Calyrex|[miss]\n|-miss|p1b: Ho-Oh|p2a: Calyrex\n|move|p2b: Dragonite|Outrage|p1b: Ho-Oh\n|-damage|p1b: Ho-Oh|12/100\n|move|p1a: Ting-Lu|Ruination|p2a: Calyrex\n|-damage|p2a: Calyrex|38/100 psn\n|\n|-heal|p1a: Ting-Lu|87/100|[from] item: Leftovers\n|-damage|p2a: Calyrex|25/100 psn|[from] psn\n|-damage|p2b: Dragonite|8/100 brn|[from] brn\n|upkeep\n|turn|11\n|-message|VJ2511 forfeited.\n|\n|win|ToiletClogger456\n|raw|ToiletClogger456's rating: 1253 &rarr; <strong>1286</strong><br />(+33 for winning)\n|raw|VJ2511's rating: 1374 &rarr; <strong>1347</strong><br />(-27 for losing)\n|l|\u2606ToiletClogger456\n|player|p1|\n|l|\u2606VJ2511\n|player|p2|\n","uploadtime":1768283520,"views":13,"formatid":"gen9vgc2026regi","rating":1286,"private":0,"password":null}