{"id":"gen9vgc2026regi-2561832141","format":"[Gen 9] VGC 2026 Reg I","players":["theboyparris","Rillabossman"],"log":"|j|\u2606theboyparris\n|j|\u2606Rillabossman\n|t:|1773847496\n|gametype|doubles\n|player|p1|theboyparris|policeman|1447\n|player|p2|Rillabossman|burglar|1449\n|gen|9\n|tier|[Gen 9] VGC 2026 Reg I\n|rated|\n|rule|Species Clause: Limit one of each Pok\u00e9mon\n|rule|Item Clause: Limit 1 of each item\n|clearpoke\n|poke|p1|Calyrex-Shadow, L50|\n|poke|p1|Miraidon, L50|\n|poke|p1|Grimmsnarl, L50, M|\n|poke|p1|Iron Hands, L50|\n|poke|p1|Iron Jugulis, L50|\n|poke|p1|Iron Treads, L50|\n|poke|p2|Rayquaza, L50|\n|poke|p2|Urshifu-*, L50, F|\n|poke|p2|Calyrex-Ice, L50|\n|poke|p2|Tinkaton, L50, F|\n|poke|p2|Gouging Fire, L50|\n|poke|p2|Ogerpon-Cornerstone, L50, F|\n|teampreview|4\n|inactive|Battle timer is ON: inactive players will automatically lose when time's up. (requested by theboyparris)\n|c|\u2606Rillabossman|glhf\n|inactive|Rillabossman has 60 seconds left.\n|\n|t:|1773847531\n|teamsize|p1|4\n|teamsize|p2|4\n|start\n|switch|p1a: Grimmsnarl|Grimmsnarl, L50, M, shiny|100/100\n|switch|p1b: Calyrex|Calyrex-Shadow, L50|100/100\n|switch|p2a: Calyrex|Calyrex-Ice, L50|100/100\n|switch|p2b: Tinkaton|Tinkaton, L50, F|100/100\n|-ability|p1b: Calyrex|As One\n|-ability|p1b: Calyrex|Unnerve\n|-ability|p2a: Calyrex|As One\n|-ability|p2a: Calyrex|Unnerve\n|-ability|p2b: Tinkaton|Mold Breaker\n|turn|1\n|c|\u2606theboyparris|gl\n|\n|t:|1773847542\n|-terastallize|p2a: Calyrex|Fairy\n|move|p1a: Grimmsnarl|Reflect|p1a: Grimmsnarl\n|-sidestart|p1: theboyparris|Reflect\n|move|p1b: Calyrex|Nasty Plot|p1b: Calyrex\n|-boost|p1b: Calyrex|spa|2\n|move|p2b: Tinkaton|Gigaton Hammer|p1b: Calyrex\n|-damage|p1b: Calyrex|72/100\n|move|p2a: Calyrex|Glacial Lance|p1a: Grimmsnarl|[spread] p1a,p1b\n|-damage|p1a: Grimmsnarl|69/100\n|-damage|p1b: Calyrex|47/100\n|\n|upkeep\n|turn|2\n|inactive|theboyparris has 30 seconds left.\n|\n|t:|1773847577\n|switch|p1a: Miraidon|Miraidon, L50|100/100\n|-fieldstart|move: Electric Terrain|[from] ability: Hadron Engine|[of] p1a: Miraidon\n|-enditem|p1b: Calyrex|Electric Seed\n|-boost|p1b: Calyrex|def|1|[from] item: Electric Seed\n|-terastallize|p1b: Calyrex|Fairy\n|move|p1b: Calyrex|Draining Kiss|p2a: Calyrex\n|-damage|p2a: Calyrex|65/100\n|-heal|p1b: Calyrex|74/100|[from] drain|[of] p2a: Calyrex\n|move|p2b: Tinkaton|Play Rough|p1b: Calyrex\n|-damage|p1b: Calyrex|62/100\n|move|p2a: Calyrex|Glacial Lance|p1a: Miraidon|[spread] p1a,p1b\n|-supereffective|p1a: Miraidon\n|-damage|p1a: Miraidon|56/100\n|-damage|p1b: Calyrex|45/100\n|\n|-heal|p2a: Calyrex|71/100|[from] item: Leftovers\n|upkeep\n|turn|3\n|inactive|Rillabossman has 30 seconds left.\n|\n|t:|1773847602\n|move|p1b: Calyrex|Astral Barrage|p2b: Tinkaton|[spread] p2a,p2b\n|-damage|p2a: Calyrex|18/100\n|-damage|p2b: Tinkaton|24/100\n|move|p1a: Miraidon|Electro Drift|p2b: Tinkaton\n|-damage|p2b: Tinkaton|0 fnt\n|faint|p2b: Tinkaton\n|move|p2a: Calyrex|Glacial Lance|p1a: Miraidon|[spread] p1a,p1b\n|-supereffective|p1a: Miraidon\n|-damage|p1a: Miraidon|5/100\n|-damage|p1b: Calyrex|27/100\n|\n|-heal|p2a: Calyrex|24/100|[from] item: Leftovers\n|upkeep\n|\n|t:|1773847609\n|switch|p2b: Gouging Fire|Gouging Fire, L50|100/100\n|-enditem|p2b: Gouging Fire|Booster Energy\n|-activate|p2b: Gouging Fire|ability: Protosynthesis|[fromitem]\n|-start|p2b: Gouging Fire|protosynthesisspe\n|turn|4\n|\n|t:|1773847633\n|move|p2a: Calyrex|Protect|p2a: Calyrex\n|-singleturn|p2a: Calyrex|Protect\n|move|p2b: Gouging Fire|Flare Blitz|p1b: Calyrex\n|-damage|p1b: Calyrex|12/100\n|-damage|p2b: Gouging Fire|95/100|[from] Recoil\n|move|p1b: Calyrex|Draining Kiss|p2b: Gouging Fire\n|-damage|p2b: Gouging Fire|34/100\n|-heal|p1b: Calyrex|60/100|[from] drain|[of] p2b: Gouging Fire\n|move|p1a: Miraidon|Electro Drift|p2a: Calyrex\n|-activate|p2a: Calyrex|move: Protect\n|\n|-heal|p2a: Calyrex|30/100|[from] item: Leftovers\n|upkeep\n|turn|5\n|-message|Rillabossman forfeited.\n|\n|win|theboyparris\n|raw|theboyparris's rating: 1447 &rarr; <strong>1467</strong><br />(+20 for winning)\n|raw|Rillabossman's rating: 1449 &rarr; <strong>1429</strong><br />(-20 for losing)\n|l|\u2606Rillabossman\n|player|p2|\n|l|\u2606theboyparris\n|player|p1|\n","uploadtime":1773847826,"views":14,"formatid":"gen9vgc2026regi","rating":1429,"private":0,"password":null}