{"id":"gen9vgc2026regi-2538253196","format":"[Gen 9] VGC 2026 Reg I","players":["SMK_1106","marcxhenry"],"log":"|j|\u2606SMK_1106\n|j|\u2606marcxhenry\n|t:|1770910774\n|gametype|doubles\n|player|p1|SMK_1106|265|1471\n|player|p2|marcxhenry|hilbert-wonderlauncher|1562\n|gen|9\n|tier|[Gen 9] VGC 2026 Reg I\n|rated|\n|rule|Species Clause: Limit one of each Pok\u00e9mon\n|rule|Item Clause: Limit 1 of each item\n|clearpoke\n|poke|p1|Flutter Mane, L50|\n|poke|p1|Ursaluna, L50, M|\n|poke|p1|Brute Bonnet, L50|\n|poke|p1|Lunala, L50|\n|poke|p1|Chi-Yu, L50|\n|poke|p1|Koraidon, L50|\n|poke|p2|Calyrex-Shadow, L50|\n|poke|p2|Urshifu-*, L50, M|\n|poke|p2|Roaring Moon, L50|\n|poke|p2|Kyogre, L50|\n|poke|p2|Tsareena, L50, F|\n|poke|p2|Kingambit, L50, M|\n|teampreview|4\n|\n|t:|1770910826\n|teamsize|p1|4\n|teamsize|p2|4\n|start\n|switch|p1a: Koraidon|Koraidon, L50|100/100\n|switch|p1b: Flutter Mane|Flutter Mane, L50|100/100\n|switch|p2a: Roter Baron|Roaring Moon, L50, shiny|100/100\n|switch|p2b: Hitmonshe|Tsareena, L50, F, shiny|100/100\n|-weather|SunnyDay|[from] ability: Orichalcum Pulse|[of] p1a: Koraidon\n|-activate|p1b: Flutter Mane|ability: Protosynthesis\n|-start|p1b: Flutter Mane|protosynthesisspe\n|-activate|p2a: Roter Baron|ability: Protosynthesis\n|-start|p2a: Roter Baron|protosynthesisspe\n|-activate|p1a: Koraidon|Orichalcum Pulse|[source]\n|turn|1\n|inactive|Battle timer is ON: inactive players will automatically lose when time's up. (requested by SMK_1106)\n|inactive|SMK_1106 has 60 seconds left.\n|\n|t:|1770910868\n|-terastallize|p2a: Roter Baron|Flying\n|-terastallize|p1a: Koraidon|Fire\n|move|p2b: Hitmonshe|Protect|p2b: Hitmonshe\n|-singleturn|p2b: Hitmonshe|Protect\n|move|p1b: Flutter Mane|Icy Wind|p2a: Roter Baron|[spread] p2a\n|-activate|p2b: Hitmonshe|move: Protect\n|-supereffective|p2a: Roter Baron\n|-damage|p2a: Roter Baron|74/100\n|-unboost|p2a: Roter Baron|spe|1\n|move|p1a: Koraidon|Flame Charge|p2b: Hitmonshe\n|-activate|p2b: Hitmonshe|move: Protect\n|move|p2a: Roter Baron|Tailwind|p2a: Roter Baron\n|-sidestart|p2: marcxhenry|move: Tailwind\n|\n|-weather|SunnyDay|[upkeep]\n|upkeep\n|turn|2\n|inactive|marcxhenry has 30 seconds left.\n|\n|t:|1770910897\n|switch|p2b: Tripitz|Kyogre, L50, shiny|100/100\n|-weather|RainDance|[from] ability: Drizzle|[of] p2b: Tripitz\n|-end|p2a: Roter Baron|Protosynthesis\n|-end|p1b: Flutter Mane|Protosynthesis\n|-enditem|p2a: Roter Baron|Booster Energy\n|-activate|p2a: Roter Baron|ability: Protosynthesis|[fromitem]\n|-start|p2a: Roter Baron|protosynthesisatk\n|move|p2a: Roter Baron|Knock Off|p1b: Flutter Mane\n|-enditem|p1b: Flutter Mane|Focus Sash\n|-damage|p1b: Flutter Mane|1/100\n|move|p1b: Flutter Mane|Icy Wind|p2a: Roter Baron|[spread] p2a,p2b\n|-supereffective|p2a: Roter Baron\n|-resisted|p2b: Tripitz\n|-damage|p2a: Roter Baron|43/100\n|-damage|p2b: Tripitz|95/100\n|-unboost|p2a: Roter Baron|spe|1\n|-unboost|p2b: Tripitz|spe|1\n|move|p1a: Koraidon|Flame Charge|p2b: Tripitz\n|-resisted|p2b: Tripitz\n|-damage|p2b: Tripitz|84/100\n|-boost|p1a: Koraidon|spe|1\n|-damage|p1a: Koraidon|91/100|[from] item: Life Orb\n|\n|-weather|RainDance|[upkeep]\n|upkeep\n|turn|3\n|inactive|SMK_1106 has 30 seconds left.\n|inactive|marcxhenry has 30 seconds left.\n|\n|t:|1770910928\n|-end|p1b: Flutter Mane|Protosynthesis|[silent]\n|switch|p1b: Brute Bonnet|Brute Bonnet, L50|100/100\n|move|p1a: Koraidon|Protect|p1a: Koraidon\n|-singleturn|p1a: Koraidon|Protect\n|move|p2a: Roter Baron|Knock Off|p1b: Brute Bonnet\n|-resisted|p1b: Brute Bonnet\n|-damage|p1b: Brute Bonnet|79/100\n|-enditem|p1b: Brute Bonnet|Sitrus Berry|[from] move: Knock Off|[of] p2a: Roter Baron\n|move|p2b: Tripitz|Origin Pulse|p1a: Koraidon|[spread] p1b\n|-activate|p1a: Koraidon|move: Protect\n|-resisted|p1b: Brute Bonnet\n|-damage|p1b: Brute Bonnet|43/100\n|\n|-weather|RainDance|[upkeep]\n|upkeep\n|turn|4\n|\n|t:|1770910946\n|switch|p2b: Hitmonshe|Tsareena, L50, F, shiny|100/100\n|move|p1b: Brute Bonnet|Sucker Punch||[still]\n|cant|p2b: Hitmonshe|ability: Queenly Majesty|Sucker Punch|[of] p1b: Brute Bonnet\n|move|p1a: Koraidon|Close Combat|p2b: Hitmonshe\n|-damage|p2b: Hitmonshe|6/100\n|-unboost|p1a: Koraidon|def|1\n|-unboost|p1a: Koraidon|spd|1\n|-damage|p1a: Koraidon|81/100|[from] item: Life Orb\n|move|p2a: Roter Baron|Acrobatics|p1b: Brute Bonnet\n|-supereffective|p1b: Brute Bonnet\n|-damage|p1b: Brute Bonnet|0 fnt\n|faint|p1b: Brute Bonnet\n|-end|p1b: Brute Bonnet|Protosynthesis|[silent]\n|\n|-weather|RainDance|[upkeep]\n|-sideend|p2: marcxhenry|move: Tailwind\n|upkeep\n|\n|t:|1770910955\n|switch|p1b: Chi-Yu|Chi-Yu, L50|100/100\n|-ability|p1b: Chi-Yu|Beads of Ruin\n|turn|5\n|\n|t:|1770910970\n|switch|p1a: Flutter Mane|Flutter Mane, L50|1/100\n|move|p2a: Roter Baron|Protect|p2a: Roter Baron\n|-singleturn|p2a: Roter Baron|Protect\n|move|p1b: Chi-Yu|Dark Pulse|p2a: Roter Baron\n|-activate|p2a: Roter Baron|move: Protect\n|move|p2b: Hitmonshe|Power Whip|p1b: Chi-Yu\n|-resisted|p1b: Chi-Yu\n|-damage|p1b: Chi-Yu|52/100\n|\n|-weather|RainDance|[upkeep]\n|upkeep\n|turn|6\n|\n|t:|1770910986\n|move|p1b: Chi-Yu|Dark Pulse|p2b: Hitmonshe\n|-damage|p2b: Hitmonshe|0 fnt\n|faint|p2b: Hitmonshe\n|move|p1a: Flutter Mane|Moonblast|p2a: Roter Baron\n|-damage|p2a: Roter Baron|0 fnt\n|faint|p2a: Roter Baron\n|-end|p2a: Roter Baron|Protosynthesis|[silent]\n|\n|-weather|none\n|upkeep\n|\n|t:|1770910993\n|switch|p2a: Ludwig|Calyrex-Shadow, L50|100/100\n|switch|p2b: Tripitz|Kyogre, L50, shiny|84/100\n|-ability|p2a: Ludwig|As One\n|-ability|p2a: Ludwig|Unnerve\n|-weather|RainDance|[from] ability: Drizzle|[of] p2b: Tripitz\n|turn|7\n|\n|t:|1770911008\n|move|p1b: Chi-Yu|Dark Pulse|p2b: Tripitz\n|-damage|p2b: Tripitz|43/100\n|move|p1a: Flutter Mane|Moonblast|p2b: Tripitz\n|-crit|p2b: Tripitz\n|-damage|p2b: Tripitz|0 fnt\n|faint|p2b: Tripitz\n|move|p2a: Ludwig|Trick Room|p2a: Ludwig\n|-fieldstart|move: Trick Room|[of] p2a: Ludwig\n|\n|-weather|RainDance|[upkeep]\n|upkeep\n|turn|8\n|j| Pelipperdamprocks!\n|c|\u2606SMK_1106|yo what\n|l| Pelipperdamprocks!\n|inactive|SMK_1106 has 30 seconds left.\n|c|\u2606marcxhenry|i was sure you dont go for ogre\n|c|\u2606marcxhenry|whhhy\n|\n|t:|1770911042\n|move|p1a: Flutter Mane|Protect|p1a: Flutter Mane\n|-singleturn|p1a: Flutter Mane|Protect\n|move|p2a: Ludwig|Astral Barrage|p1b: Chi-Yu|[spread] p1b\n|-activate|p1a: Flutter Mane|move: Protect\n|-resisted|p1b: Chi-Yu\n|-damage|p1b: Chi-Yu|23/100\n|move|p1b: Chi-Yu|Dark Pulse|p2a: Ludwig\n|-supereffective|p2a: Ludwig\n|-enditem|p2a: Ludwig|Focus Sash\n|-damage|p2a: Ludwig|1/100\n|\n|-weather|RainDance|[upkeep]\n|upkeep\n|turn|9\n|inactive|SMK_1106 has 30 seconds left.\n|inactive|SMK_1106 has 20 seconds left.\n|\n|t:|1770911081\n|-end|p1a: Flutter Mane|Protosynthesis|[silent]\n|switch|p1a: Koraidon|Koraidon, L50, tera:Fire|81/100\n|-weather|SunnyDay|[from] ability: Orichalcum Pulse|[of] p1a: Koraidon\n|-activate|p1a: Koraidon|Orichalcum Pulse|[source]\n|move|p2a: Ludwig|Astral Barrage|p1b: Chi-Yu|[spread] p1a,p1b\n|-resisted|p1b: Chi-Yu\n|-damage|p1a: Koraidon|11/100\n|-damage|p1b: Chi-Yu|0 fnt\n|faint|p1b: Chi-Yu\n|-ability|p2a: Ludwig|Grim Neigh|boost\n|-boost|p2a: Ludwig|spa|1\n|\n|-weather|SunnyDay|[upkeep]\n|upkeep\n|\n|t:|1770911084\n|switch|p1b: Flutter Mane|Flutter Mane, L50|1/100\n|-activate|p1b: Flutter Mane|ability: Protosynthesis\n|-start|p1b: Flutter Mane|protosynthesisspe\n|turn|10\n|\n|t:|1770911107\n|move|p1a: Koraidon|Protect|p1a: Koraidon\n|-singleturn|p1a: Koraidon|Protect\n|move|p1b: Flutter Mane|Protect|p1b: Flutter Mane\n|-singleturn|p1b: Flutter Mane|Protect\n|move|p2a: Ludwig|Astral Barrage|p1a: Koraidon|[spread] \n|-activate|p1a: Koraidon|move: Protect\n|-activate|p1b: Flutter Mane|move: Protect\n|\n|-weather|SunnyDay|[upkeep]\n|upkeep\n|turn|11\n|\n|t:|1770911117\n|move|p1a: Koraidon|Protect||[still]\n|-fail|p1a: Koraidon\n|move|p1b: Flutter Mane|Protect||[still]\n|-fail|p1b: Flutter Mane\n|move|p2a: Ludwig|Astral Barrage|p1b: Flutter Mane|[spread] p1a,p1b\n|-supereffective|p1b: Flutter Mane\n|-damage|p1a: Koraidon|0 fnt\n|-damage|p1b: Flutter Mane|0 fnt\n|faint|p1a: Koraidon\n|faint|p1b: Flutter Mane\n|-end|p1b: Flutter Mane|Protosynthesis|[silent]\n|\n|win|marcxhenry\n|raw|SMK_1106's rating: 1471 &rarr; <strong>1456</strong><br />(-15 for losing)\n|raw|marcxhenry's rating: 1562 &rarr; <strong>1577</strong><br />(+15 for winning)\n|c|\u2606SMK_1106|wow\n|c|\u2606SMK_1106|how slow is calyrex?\n|c|\u2606SMK_1106|139 ?\n|c|\u2606marcxhenry|max speed\n|c|\u2606SMK_1106|wtf\n|c|\u2606marcxhenry|its timid\n|c|\u2606SMK_1106|i played risky for no reason\n|c|\u2606marcxhenry|you could beat me\n|c|\u2606SMK_1106|i thought with trick room it min speed\n|c|\u2606SMK_1106|so i gambled with doublt protec\n|c|\u2606marcxhenry|its for prankster tailwind\n|l|\u2606SMK_1106\n|player|p1|\n|l|\u2606marcxhenry\n|player|p2|\n","uploadtime":1770911267,"views":30,"formatid":"gen9vgc2026regi","rating":1456,"private":0,"password":null}