{"id":"gen9vgc2026regi-2588875667","format":"[Gen 9] VGC 2026 Reg I","players":["Lil Tic","igrisgoogoodolls"],"log":"|j|\u2606Lil Tic\n|j|\u2606igrisgoogoodolls\n|t:|1776681302\n|gametype|doubles\n|player|p1|Lil Tic|169|1384\n|player|p2|igrisgoogoodolls|266|1398\n|gen|9\n|tier|[Gen 9] VGC 2026 Reg I\n|rated|\n|rule|Species Clause: Limit one of each Pok\u00e9mon\n|rule|Item Clause: Limit 1 of each item\n|clearpoke\n|poke|p1|Koraidon, L50|\n|poke|p1|Flutter Mane, L50|\n|poke|p1|Ho-Oh, L50|\n|poke|p1|Incineroar, L50, F|\n|poke|p1|Amoonguss, L50, M|\n|poke|p1|Ting-Lu, L50|\n|poke|p2|Koraidon, L50|\n|poke|p2|Calyrex-Shadow, L50|\n|poke|p2|Murkrow, L50, M|\n|poke|p2|Raichu, L50, F|\n|poke|p2|Torkoal, L50, M|\n|poke|p2|Typhlosion-Hisui, L50, F|\n|teampreview|4\n|\n|t:|1776681380\n|teamsize|p1|4\n|teamsize|p2|4\n|start\n|switch|p1a: Ting-Lu|Ting-Lu, L50|100/100\n|switch|p1b: Incineroar|Incineroar, L50, F|100/100\n|switch|p2a: Koraidon|Koraidon, L50|100/100\n|switch|p2b: Typhlosion|Typhlosion-Hisui, L50, F|100/100\n|-item|p1a: Ting-Lu|Leftovers|[from] ability: Frisk|[of] p2b: Typhlosion\n|-item|p1b: Incineroar|Safety Goggles|[from] ability: Frisk|[of] p2b: Typhlosion\n|-weather|SunnyDay|[from] ability: Orichalcum Pulse|[of] p2a: Koraidon\n|-activate|p2a: Koraidon|Orichalcum Pulse|[source]\n|-ability|p1b: Incineroar|Intimidate|boost\n|-unboost|p2a: Koraidon|atk|1\n|-unboost|p2b: Typhlosion|atk|1\n|-ability|p1a: Ting-Lu|Vessel of Ruin\n|turn|1\n|\n|t:|1776681399\n|switch|p2b: Raichu|Raichu, L50, F|100/100\n|move|p1b: Incineroar|Fake Out|p2a: Koraidon\n|-crit|p2a: Koraidon\n|-damage|p2a: Koraidon|83/100\n|cant|p2a: Koraidon|flinch\n|move|p1a: Ting-Lu|Stealth Rock|p2b: Raichu\n|-sidestart|p2: igrisgoogoodolls|move: Stealth Rock\n|\n|-weather|SunnyDay|[upkeep]\n|upkeep\n|turn|2\n|\n|t:|1776681415\n|switch|p1b: Ho-Oh|Ho-Oh, L50|100/100\n|move|p2a: Koraidon|Close Combat|p1a: Ting-Lu\n|-supereffective|p1a: Ting-Lu\n|-damage|p1a: Ting-Lu|31/100\n|-unboost|p2a: Koraidon|def|1\n|-unboost|p2a: Koraidon|spd|1\n|-damage|p2a: Koraidon|73/100|[from] item: Life Orb\n|move|p2b: Raichu|Encore||[still]\n|-fail|p2b: Raichu\n|move|p1a: Ting-Lu|Stomping Tantrum|p2b: Raichu\n|-supereffective|p2b: Raichu\n|-damage|p2b: Raichu|3/100\n|\n|-weather|SunnyDay|[upkeep]\n|-heal|p1a: Ting-Lu|37/100|[from] item: Leftovers\n|upkeep\n|turn|3\n|\n|t:|1776681443\n|switch|p1a: Incineroar|Incineroar, L50, F|100/100\n|-ability|p1a: Incineroar|Intimidate|boost\n|-unboost|p2a: Koraidon|atk|1\n|-unboost|p2b: Raichu|atk|1\n|move|p2a: Koraidon|Close Combat|p1a: Incineroar\n|-supereffective|p1a: Incineroar\n|-damage|p1a: Incineroar|0 fnt\n|-unboost|p2a: Koraidon|def|1\n|-unboost|p2a: Koraidon|spd|1\n|faint|p1a: Incineroar\n|-damage|p2a: Koraidon|64/100|[from] item: Life Orb\n|move|p2b: Raichu|Endeavor|p1b: Ho-Oh\n|-damage|p1b: Ho-Oh|2/100\n|move|p1b: Ho-Oh|Brave Bird|p2a: Koraidon\n|-supereffective|p2a: Koraidon\n|-damage|p2a: Koraidon|0 fnt\n|faint|p2a: Koraidon\n|-damage|p1b: Ho-Oh|0 fnt|[from] Recoil\n|faint|p1b: Ho-Oh\n|\n|-weather|SunnyDay|[upkeep]\n|upkeep\n|\n|t:|1776681467\n|switch|p2a: Typhlosion|Typhlosion-Hisui, L50, F|100/100\n|switch|p1b: Ting-Lu|Ting-Lu, L50|37/100\n|switch|p1a: Koraidon|Koraidon, L50|100/100\n|-damage|p2a: Typhlosion|76/100|[from] Stealth Rock\n|-item|p1a: Koraidon|Life Orb|[from] ability: Frisk|[of] p2a: Typhlosion\n|-item|p1b: Ting-Lu|Leftovers|[from] ability: Frisk|[of] p2a: Typhlosion\n|-activate|p1a: Koraidon|ability: Orichalcum Pulse\n|-ability|p1b: Ting-Lu|Vessel of Ruin\n|turn|4\n|\n|t:|1776681497\n|move|p2a: Typhlosion|Eruption|p1b: Ting-Lu|[spread] p1a,p1b\n|-resisted|p1a: Koraidon\n|-damage|p1a: Koraidon|76/100\n|-damage|p1b: Ting-Lu|2/100\n|move|p1a: Koraidon|Dragon Claw|p2b: Raichu\n|-damage|p2b: Raichu|0 fnt\n|faint|p2b: Raichu\n|-damage|p1a: Koraidon|67/100|[from] item: Life Orb\n|move|p1b: Ting-Lu|Stomping Tantrum|p2a: Typhlosion\n|-supereffective|p2a: Typhlosion\n|-crit|p2a: Typhlosion\n|-damage|p2a: Typhlosion|0 fnt\n|faint|p2a: Typhlosion\n|\n|-weather|SunnyDay|[upkeep]\n|-heal|p1b: Ting-Lu|9/100|[from] item: Leftovers\n|upkeep\n|\n|t:|1776681510\n|switch|p2b: Calyrex|Calyrex-Shadow, L50|100/100\n|-ability|p2b: Calyrex|As One\n|-ability|p2b: Calyrex|Unnerve\n|-damage|p2b: Calyrex|88/100|[from] Stealth Rock\n|turn|5\n|\n|t:|1776681515\n|-terastallize|p1a: Koraidon|Fire\n|move|p1b: Ting-Lu|Protect|p1b: Ting-Lu\n|-singleturn|p1b: Ting-Lu|Protect\n|move|p2b: Calyrex|Astral Barrage|p1b: Ting-Lu|[spread] p1a\n|-activate|p1b: Ting-Lu|move: Protect\n|-damage|p1a: Koraidon|14/100\n|move|p1a: Koraidon|Flare Blitz|p2b: Calyrex\n|-damage|p2b: Calyrex|0 fnt\n|faint|p2b: Calyrex\n|-damage|p1a: Koraidon|0 fnt|[from] Recoil\n|faint|p1a: Koraidon\n|\n|win|Lil Tic\n|raw|Lil Tic's rating: 1384 &rarr; <strong>1405</strong><br />(+21 for winning)\n|raw|igrisgoogoodolls's rating: 1398 &rarr; <strong>1377</strong><br />(-21 for losing)\n|l|\u2606Lil Tic\n|player|p1|\n|l|\u2606igrisgoogoodolls\n|player|p2|\n","uploadtime":1776681740,"views":6,"formatid":"gen9vgc2026regi","rating":1377,"private":0,"password":null}