{"id":"gen9vgc2026regi-2560757498","format":"[Gen 9] VGC 2026 Reg I","players":["It'sJustKen VGC","shangenb6"],"log":"|j|\u2606It'sJustKen VGC\n|j|\u2606shangenb6\n|t:|1773721393\n|gametype|doubles\n|player|p1|It'sJustKen VGC|1|1362\n|player|p2|shangenb6|102|1490\n|gen|9\n|tier|[Gen 9] VGC 2026 Reg I\n|rated|\n|rule|Species Clause: Limit one of each Pok\u00e9mon\n|rule|Item Clause: Limit 1 of each item\n|clearpoke\n|poke|p1|Koraidon, L50|\n|poke|p1|Incineroar, L50, F|\n|poke|p1|Raging Bolt, L50|\n|poke|p1|Amoonguss, L50, M|\n|poke|p1|Flutter Mane, L50|\n|poke|p1|Lunala, L50|\n|poke|p2|Koraidon, L50|\n|poke|p2|Lunala, L50|\n|poke|p2|Flutter Mane, L50|\n|poke|p2|Chi-Yu, L50|\n|poke|p2|Raging Bolt, L50|\n|poke|p2|Indeedee-F, L50, F|\n|teampreview|4\n|inactive|Battle timer is ON: inactive players will automatically lose when time's up. (requested by shangenb6)\n|inactive|It'sJustKen VGC also wants the timer to be on.\n|inactive|shangenb6 has 60 seconds left.\n|\n|t:|1773721430\n|teamsize|p1|4\n|teamsize|p2|4\n|start\n|switch|p1a: Koraidon|Koraidon, L50|100/100\n|switch|p1b: Flutter Mane|Flutter Mane, L50|100/100\n|switch|p2a: Lunala|Lunala, L50|100/100\n|switch|p2b: Flutter Mane|Flutter Mane, L50|100/100\n|-weather|SunnyDay|[from] ability: Orichalcum Pulse|[of] p1a: Koraidon\n|-activate|p2b: Flutter Mane|ability: Protosynthesis\n|-start|p2b: Flutter Mane|protosynthesisspe\n|-activate|p1b: Flutter Mane|ability: Protosynthesis\n|-start|p1b: Flutter Mane|protosynthesisspe\n|-activate|p1a: Koraidon|Orichalcum Pulse|[source]\n|turn|1\n|\n|t:|1773721454\n|-terastallize|p1a: Koraidon|Fire\n|-terastallize|p2a: Lunala|Water\n|move|p2b: Flutter Mane|Icy Wind|p1a: Koraidon|[spread] p1a,p1b\n|-resisted|p1a: Koraidon\n|-damage|p1a: Koraidon|93/100\n|-damage|p1b: Flutter Mane|85/100\n|-unboost|p1b: Flutter Mane|spe|1\n|move|p1b: Flutter Mane|Icy Wind|p2a: Lunala|[spread] p2a,p2b\n|-resisted|p2a: Lunala\n|-damage|p2a: Lunala|98/100\n|-damage|p2b: Flutter Mane|86/100\n|-unboost|p2a: Lunala|spe|1\n|-unboost|p2b: Flutter Mane|spe|1\n|move|p1a: Koraidon|Flare Blitz|p2a: Lunala\n|-resisted|p2a: Lunala\n|-damage|p2a: Lunala|29/100\n|-damage|p1a: Koraidon|65/100|[from] Recoil\n|move|p2a: Lunala|Meteor Beam||[still]\n|-prepare|p2a: Lunala|Meteor Beam\n|-boost|p2a: Lunala|spa|1\n|-enditem|p2a: Lunala|Power Herb\n|-anim|p2a: Lunala|Meteor Beam|p1a: Koraidon\n|-supereffective|p1a: Koraidon\n|-damage|p1a: Koraidon|0 fnt\n|faint|p1a: Koraidon\n|\n|-weather|SunnyDay|[upkeep]\n|upkeep\n|\n|t:|1773721460\n|switch|p1a: Lunala|Lunala, L50|100/100\n|turn|2\n|inactive|shangenb6 has 30 seconds left.\n|inactive|shangenb6 has 20 seconds left.\n|\n|t:|1773721499\n|move|p2a: Lunala|Wide Guard|p2a: Lunala\n|-singleturn|p2a: Lunala|Wide Guard\n|move|p2b: Flutter Mane|Icy Wind|p1a: Lunala|[spread] p1a,p1b\n|-damage|p1a: Lunala|95/100\n|-damage|p1b: Flutter Mane|70/100\n|-unboost|p1a: Lunala|spe|1\n|-unboost|p1b: Flutter Mane|spe|1\n|move|p1b: Flutter Mane|Shadow Ball|p2b: Flutter Mane\n|-supereffective|p2b: Flutter Mane\n|-damage|p2b: Flutter Mane|0 fnt\n|faint|p2b: Flutter Mane\n|-end|p2b: Flutter Mane|Protosynthesis|[silent]\n|move|p1a: Lunala|Meteor Beam||[still]\n|-prepare|p1a: Lunala|Meteor Beam\n|-boost|p1a: Lunala|spa|1\n|-enditem|p1a: Lunala|Power Herb\n|-anim|p1a: Lunala|Meteor Beam|p2a: Lunala\n|-damage|p2a: Lunala|0 fnt\n|faint|p2a: Lunala\n|\n|-weather|SunnyDay|[upkeep]\n|upkeep\n|\n|t:|1773721519\n|switch|p2b: Koraidon|Koraidon, L50|100/100\n|switch|p2a: Indeedee|Indeedee-F, L50, F|100/100\n|-activate|p2b: Koraidon|ability: Orichalcum Pulse\n|-fieldstart|move: Psychic Terrain|[from] ability: Psychic Surge|[of] p2a: Indeedee\n|turn|3\n|\n|t:|1773721534\n|-end|p1b: Flutter Mane|Protosynthesis|[silent]\n|switch|p1b: Incineroar|Incineroar, L50, F|100/100\n|-ability|p1b: Incineroar|Intimidate|boost\n|-unboost|p2a: Indeedee|atk|1\n|-fail|p2b: Koraidon|unboost|[from] item: Clear Amulet|[of] p2b: Koraidon\n|move|p2a: Indeedee|Follow Me|p2a: Indeedee\n|-singleturn|p2a: Indeedee|move: Follow Me\n|move|p2b: Koraidon|Flare Blitz|p1a: Lunala\n|-damage|p1a: Lunala|7/100\n|-damage|p2b: Koraidon|69/100|[from] Recoil\n|move|p1a: Lunala|Meteor Beam||[still]\n|-prepare|p1a: Lunala|Meteor Beam\n|-boost|p1a: Lunala|spa|1\n|\n|-weather|SunnyDay|[upkeep]\n|upkeep\n|turn|4\n|\n|t:|1773721558\n|move|p2a: Indeedee|Follow Me|p2a: Indeedee\n|-singleturn|p2a: Indeedee|move: Follow Me\n|move|p2b: Koraidon|Flame Charge|p1a: Lunala\n|-damage|p1a: Lunala|0 fnt\n|-boost|p2b: Koraidon|spe|1\n|faint|p1a: Lunala\n|move|p1b: Incineroar|Knock Off|p2a: Indeedee\n|-supereffective|p2a: Indeedee\n|-damage|p2a: Indeedee|12/100\n|-damage|p1b: Incineroar|84/100|[from] item: Rocky Helmet|[of] p2a: Indeedee\n|-enditem|p2a: Indeedee|Rocky Helmet|[from] move: Knock Off|[of] p1b: Incineroar\n|\n|-weather|SunnyDay|[upkeep]\n|upkeep\n|\n|t:|1773721562\n|switch|p1a: Flutter Mane|Flutter Mane, L50|70/100\n|-activate|p1a: Flutter Mane|ability: Protosynthesis\n|-start|p1a: Flutter Mane|protosynthesisspe\n|turn|5\n|\n|t:|1773721578\n|move|p2a: Indeedee|Follow Me|p2a: Indeedee\n|-singleturn|p2a: Indeedee|move: Follow Me\n|move|p1a: Flutter Mane|Icy Wind|p2a: Indeedee|[spread] p2a,p2b\n|-supereffective|p2b: Koraidon\n|-damage|p2a: Indeedee|0 fnt\n|-damage|p2b: Koraidon|44/100\n|faint|p2a: Indeedee\n|move|p2b: Koraidon|Collision Course|p1b: Incineroar\n|-supereffective|p1b: Incineroar\n|-damage|p1b: Incineroar|0 fnt\n|faint|p1b: Incineroar\n|\n|-weather|none\n|-end|p1a: Flutter Mane|Protosynthesis\n|upkeep\n|turn|6\n|\n|t:|1773721593\n|move|p2b: Koraidon|Flare Blitz|p1a: Flutter Mane\n|-damage|p1a: Flutter Mane|0 fnt\n|faint|p1a: Flutter Mane\n|-end|p1a: Flutter Mane|Protosynthesis|[silent]\n|-damage|p2b: Koraidon|29/100|[from] Recoil\n|\n|win|shangenb6\n|raw|It&apos;sJustKen VGC's rating: 1362 &rarr; <strong>1349</strong><br />(-13 for losing)\n|raw|shangenb6's rating: 1490 &rarr; <strong>1503</strong><br />(+13 for winning)\n|l|\u2606It'sJustKen VGC\n|player|p1|\n|l|\u2606shangenb6\n|player|p2|\n","uploadtime":1773721600,"views":14,"formatid":"gen9vgc2026regi","rating":1349,"private":0,"password":null}