{"id":"gen9vgc2026regi-2558868515","format":"[Gen 9] VGC 2026 Reg I","players":["krmkk","blackred123"],"log":"|j|\u2606krmkk\n|j|\u2606blackred123\n|t:|1773495650\n|gametype|doubles\n|player|p1|krmkk|2|1351\n|player|p2|blackred123|iono-masters|1342\n|gen|9\n|tier|[Gen 9] VGC 2026 Reg I\n|rated|\n|rule|Species Clause: Limit one of each Pok\u00e9mon\n|rule|Item Clause: Limit 1 of each item\n|clearpoke\n|poke|p1|Venomoth, L50, F|\n|poke|p1|Kyogre, L50|\n|poke|p1|Bruxish, L50, M|\n|poke|p1|Smeargle, L50, M|\n|poke|p1|Whimsicott, L50, M|\n|poke|p1|Annihilape, L50, F|\n|poke|p2|Kyogre, L50|\n|poke|p2|Zamazenta-*, L50|\n|poke|p2|Chien-Pao, L50|\n|poke|p2|Amoonguss, L50, M|\n|poke|p2|Dragonite, L50, F|\n|poke|p2|Rillaboom, L50, M|\n|teampreview|4\n|inactive|Battle timer is ON: inactive players will automatically lose when time's up. (requested by blackred123)\n|\n|t:|1773495667\n|teamsize|p1|4\n|teamsize|p2|4\n|start\n|switch|p1a: Whimsicott|Whimsicott, L50, M|100/100\n|switch|p1b: Annihilape|Annihilape, L50, F|100/100\n|switch|p2a: Zamazenta|Zamazenta-Crowned, L50|100/100\n|switch|p2b: Chien-Pao|Chien-Pao, L50|100/100\n|-ability|p2b: Chien-Pao|Sword of Ruin\n|-ability|p2a: Zamazenta|Dauntless Shield|boost\n|-boost|p2a: Zamazenta|def|1\n|turn|1\n|\n|t:|1773495682\n|-terastallize|p2b: Chien-Pao|Stellar\n|move|p1a: Whimsicott|Protect|p1a: Whimsicott\n|-singleturn|p1a: Whimsicott|Protect\n|move|p2b: Chien-Pao|Sucker Punch|p1b: Annihilape\n|-damage|p1b: Annihilape|37/100\n|-enditem|p1b: Annihilape|Sitrus Berry|[eat]\n|-heal|p1b: Annihilape|62/100|[from] item: Sitrus Berry\n|move|p2a: Zamazenta|Heavy Slam|p1a: Whimsicott\n|-activate|p1a: Whimsicott|move: Protect\n|move|p1b: Annihilape|Bulldoze|p2b: Chien-Pao|[spread] p2a,p2b\n|-activate|p1a: Whimsicott|move: Protect\n|-supereffective|p2a: Zamazenta\n|-damage|p2a: Zamazenta|87/100\n|-damage|p2b: Chien-Pao|85/100\n|-unboost|p2a: Zamazenta|spe|1\n|-unboost|p2b: Chien-Pao|spe|1\n|\n|upkeep\n|turn|2\n|inactive|krmkk has 30 seconds left.\n|inactive|blackred123 has 30 seconds left.\n|\n|t:|1773495710\n|move|p1a: Whimsicott|Tailwind|p1a: Whimsicott\n|-sidestart|p1: krmkk|move: Tailwind\n|move|p2b: Chien-Pao|Sucker Punch||[still]\n|-fail|p2b: Chien-Pao\n|move|p1b: Annihilape|Taunt|p2a: Zamazenta\n|-start|p2a: Zamazenta|move: Taunt\n|move|p2a: Zamazenta|Heavy Slam|p1a: Whimsicott\n|-supereffective|p1a: Whimsicott\n|-damage|p1a: Whimsicott|0 fnt\n|faint|p1a: Whimsicott\n|\n|upkeep\n|\n|t:|1773495720\n|switch|p1a: Kyogre|Kyogre, L50|100/100\n|-weather|RainDance|[from] ability: Drizzle|[of] p1a: Kyogre\n|turn|3\n|\n|t:|1773495726\n|switch|p1b: Bruxish|Bruxish, L50, M|100/100\n|-terastallize|p1a: Kyogre|Water\n|move|p2b: Chien-Pao|Sucker Punch||[still]\n|cant|p1b: Bruxish|ability: Dazzling|Sucker Punch|[of] p2b: Chien-Pao\n|move|p1a: Kyogre|Water Spout|p2b: Chien-Pao|[spread] p2a,p2b\n|-damage|p2a: Zamazenta|0 fnt\n|-damage|p2b: Chien-Pao|0 fnt\n|faint|p2a: Zamazenta\n|faint|p2b: Chien-Pao\n|\n|-weather|RainDance|[upkeep]\n|upkeep\n|\n|t:|1773495732\n|switch|p2b: Dragonite|Dragonite, L50, F|100/100\n|switch|p2a: Kyogre|Kyogre, L50|100/100\n|turn|4\n|\n|t:|1773495751\n|move|p1b: Bruxish|Wave Crash|p2b: Dragonite\n|-resisted|p2b: Dragonite\n|-damage|p2b: Dragonite|33/100\n|-damage|p1b: Bruxish|73/100|[from] Recoil\n|-damage|p1b: Bruxish|64/100|[from] item: Life Orb\n|move|p1a: Kyogre|Water Spout|p2a: Kyogre|[spread] p2a,p2b\n|-resisted|p2a: Kyogre\n|-resisted|p2b: Dragonite\n|-damage|p2a: Kyogre|35/100\n|-damage|p2b: Dragonite|0 fnt\n|faint|p2b: Dragonite\n|move|p2a: Kyogre|Thunder|p1b: Bruxish\n|-supereffective|p1b: Bruxish\n|-damage|p1b: Bruxish|0 fnt\n|faint|p1b: Bruxish\n|\n|-weather|RainDance|[upkeep]\n|upkeep\n|\n|t:|1773495764\n|switch|p1b: Annihilape|Annihilape, L50, F|62/100\n|turn|5\n|-message|blackred123 forfeited.\n|\n|win|krmkk\n|raw|krmkk's rating: 1351 &rarr; <strong>1370</strong><br />(+19 for winning)\n|raw|blackred123's rating: 1342 &rarr; <strong>1323</strong><br />(-19 for losing)\n|l|\u2606blackred123\n|player|p2|\n|l|\u2606krmkk\n|player|p1|\n","uploadtime":1773495997,"views":14,"formatid":"gen9vgc2026regi","rating":1323,"private":0,"password":null}