{"id":"gen9vgc2026regi-2560459412","format":"[Gen 9] VGC 2026 Reg I","players":["subbersach","marcxhenry"],"log":"|j|\u2606subbersach\n|j|\u2606marcxhenry\n|t:|1773689194\n|gametype|doubles\n|player|p1|subbersach|169|1244\n|player|p2|marcxhenry|hilbert-wonderlauncher|1352\n|gen|9\n|tier|[Gen 9] VGC 2026 Reg I\n|rated|\n|rule|Species Clause: Limit one of each Pok\u00e9mon\n|rule|Item Clause: Limit 1 of each item\n|clearpoke\n|poke|p1|Iron Hands, L50|\n|poke|p1|Miraidon, L50|\n|poke|p1|Whimsicott, L50, M|\n|poke|p1|Zacian-*, L50|\n|poke|p1|Incineroar, L50, F|\n|poke|p1|Meowstic, L50, M|\n|poke|p2|Calyrex-Shadow, L50|\n|poke|p2|Urshifu-*, L50, M|\n|poke|p2|Roaring Moon, L50|\n|poke|p2|Kyogre, L50|\n|poke|p2|Tsareena, L50, F|\n|poke|p2|Kingambit, L50, M|\n|teampreview|4\n|\n|t:|1773689226\n|teamsize|p1|4\n|teamsize|p2|4\n|start\n|switch|p1a: Incineroar|Incineroar, L50, F|100/100\n|switch|p1b: Miraidon|Miraidon, L50|100/100\n|switch|p2a: Ludwig|Calyrex-Shadow, L50|100/100\n|switch|p2b: Tripitz|Kyogre, L50, shiny|100/100\n|-ability|p2a: Ludwig|As One\n|-ability|p2a: Ludwig|Unnerve\n|-fieldstart|move: Electric Terrain|[from] ability: Hadron Engine|[of] p1b: Miraidon\n|-weather|RainDance|[from] ability: Drizzle|[of] p2b: Tripitz\n|-ability|p1a: Incineroar|Intimidate|boost\n|-unboost|p2a: Ludwig|atk|1\n|-unboost|p2b: Tripitz|atk|1\n|turn|1\n|\n|t:|1773689248\n|switch|p2a: Hitmonshe|Tsareena, L50, F, shiny|100/100\n|-terastallize|p2b: Tripitz|Ground\n|move|p1a: Incineroar|Fake Out||[still]\n|cant|p2a: Hitmonshe|ability: Queenly Majesty|Fake Out|[of] p1a: Incineroar\n|move|p1b: Miraidon|Electro Drift|p2a: Hitmonshe\n|-resisted|p2a: Hitmonshe\n|-damage|p2a: Hitmonshe|49/100\n|move|p2b: Tripitz|Water Spout|p1a: Incineroar|[spread] p1a,p1b\n|-supereffective|p1a: Incineroar\n|-resisted|p1b: Miraidon\n|-damage|p1a: Incineroar|0 fnt\n|-damage|p1b: Miraidon|62/100\n|faint|p1a: Incineroar\n|\n|-weather|RainDance|[upkeep]\n|upkeep\n|\n|t:|1773689278\n|switch|p1a: Zacian|Zacian-Crowned, L50|100/100\n|-ability|p1a: Zacian|Intrepid Sword|boost\n|-boost|p1a: Zacian|atk|1\n|turn|2\n|\n|t:|1773689287\n|-terastallize|p1a: Zacian|Water\n|move|p1b: Miraidon|Electro Drift|p2a: Hitmonshe\n|-resisted|p2a: Hitmonshe\n|-damage|p2a: Hitmonshe|0 fnt\n|faint|p2a: Hitmonshe\n|move|p1a: Zacian|Tera Blast|p2b: Tripitz|[anim] Tera Blast Water\n|-supereffective|p2b: Tripitz\n|-damage|p2b: Tripitz|0 fnt\n|faint|p2b: Tripitz\n|\n|-weather|RainDance|[upkeep]\n|upkeep\n|\n|t:|1773689297\n|switch|p2b: Hermann|Kingambit, L50, M, shiny|100/100\n|switch|p2a: Ludwig|Calyrex-Shadow, L50|100/100\n|-ability|p2a: Ludwig|As One\n|-ability|p2a: Ludwig|Unnerve\n|turn|3\n|\n|t:|1773689310\n|move|p2b: Hermann|Sucker Punch|p1a: Zacian\n|-damage|p1a: Zacian|59/100\n|move|p2a: Ludwig|Astral Barrage|p1b: Miraidon|[spread] p1a,p1b\n|-damage|p1a: Zacian|3/100\n|-damage|p1b: Miraidon|29/100\n|move|p1b: Miraidon|Electro Drift|p2a: Ludwig\n|-enditem|p2a: Ludwig|Focus Sash\n|-damage|p2a: Ludwig|1/100\n|move|p1a: Zacian|Play Rough|p2b: Hermann\n|-damage|p2b: Hermann|32/100\n|\n|-weather|RainDance|[upkeep]\n|upkeep\n|turn|4\n|\n|t:|1773689341\n|switch|p1a: Whimsicott|Whimsicott, L50, M|100/100\n|move|p2a: Ludwig|Astral Barrage|p1a: Whimsicott|[spread] p1a,p1b\n|-damage|p1a: Whimsicott|30/100\n|-damage|p1b: Miraidon|0 fnt\n|faint|p1b: Miraidon\n|-ability|p2a: Ludwig|Grim Neigh|boost\n|-boost|p2a: Ludwig|spa|1\n|move|p2b: Hermann|Iron Head|p1a: Whimsicott\n|-supereffective|p1a: Whimsicott\n|-damage|p1a: Whimsicott|0 fnt\n|faint|p1a: Whimsicott\n|\n|-weather|RainDance|[upkeep]\n|upkeep\n|\n|t:|1773689349\n|switch|p1b: Zacian|Zacian-Crowned, L50, tera:Water|3/100\n|turn|5\n|\n|t:|1773689356\n|move|p2b: Hermann|Sucker Punch|p1b: Zacian\n|-damage|p1b: Zacian|0 fnt\n|faint|p1b: Zacian\n|\n|win|marcxhenry\n|raw|subbersach's rating: 1244 &rarr; <strong>1227</strong><br />(-17 for losing)\n|raw|marcxhenry's rating: 1352 &rarr; <strong>1366</strong><br />(+14 for winning)\n|l|\u2606subbersach\n|player|p1|\n|l|\u2606marcxhenry\n|player|p2|\n","uploadtime":1773689631,"views":12,"formatid":"gen9vgc2026regi","rating":1227,"private":0,"password":null}