{"id":"gen9vgc2026regi-2558275497","format":"[Gen 9] VGC 2026 Reg I","players":["DudeGaming 25","BanKingambit69247"],"log":"|j|\u2606DudeGaming 25\n|j|\u2606BanKingambit69247\n|t:|1773419745\n|gametype|doubles\n|player|p1|DudeGaming 25|hugh|1449\n|player|p2|BanKingambit69247|2|1514\n|gen|9\n|tier|[Gen 9] VGC 2026 Reg I\n|rated|\n|rule|Species Clause: Limit one of each Pok\u00e9mon\n|rule|Item Clause: Limit 1 of each item\n|clearpoke\n|poke|p1|Calyrex-Ice, L50|\n|poke|p1|Kyogre, L50|\n|poke|p1|Ursaluna-Bloodmoon, L50, M|\n|poke|p1|Indeedee-F, L50, F|\n|poke|p1|Smeargle, L50, M|\n|poke|p1|Sinistcha-Masterpiece, L50|\n|poke|p2|Calyrex-Ice, L50|\n|poke|p2|Koraidon, L50|\n|poke|p2|Incineroar, L50, M|\n|poke|p2|Rillaboom, L50, M|\n|poke|p2|Chi-Yu, L50|\n|poke|p2|Flutter Mane, L50|\n|teampreview|4\n|inactive|Battle timer is ON: inactive players will automatically lose when time's up. (requested by BanKingambit69247)\n|inactive|BanKingambit69247 has 60 seconds left.\n|\n|t:|1773419783\n|teamsize|p1|4\n|teamsize|p2|4\n|start\n|switch|p1a: Kyogre|Kyogre, L50|100/100\n|switch|p1b: Indeedee|Indeedee-F, L50, F|100/100\n|switch|p2a: \u8499\u53e4\u725b\u2642\u5976~|Rillaboom, L50, M|100/100\n|switch|p2b: \u2764\ufe0fCIR4Ever|Calyrex-Ice, L50|100/100\n|-ability|p2b: \u2764\ufe0fCIR4Ever|As One\n|-ability|p2b: \u2764\ufe0fCIR4Ever|Unnerve\n|-fieldstart|move: Grassy Terrain|[from] ability: Grassy Surge|[of] p2a: \u8499\u53e4\u725b\u2642\u5976~\n|-weather|RainDance|[from] ability: Drizzle|[of] p1a: Kyogre\n|-fieldstart|move: Psychic Terrain|[from] ability: Psychic Surge|[of] p1b: Indeedee\n|turn|1\n|inactive|DudeGaming 25 has 30 seconds left.\n|inactive|DudeGaming 25 has 20 seconds left.\n|inactive|DudeGaming 25 has 15 seconds left.\n|inactive|DudeGaming 25 has 10 seconds left.\n|\n|t:|1773419830\n|switch|p2a: who\u2019s good boy?|Koraidon, L50|100/100\n|-weather|SunnyDay|[from] ability: Orichalcum Pulse|[of] p2a: who\u2019s good boy?\n|-activate|p2a: who\u2019s good boy?|Orichalcum Pulse|[source]\n|switch|p1b: Smeargle|Smeargle, L50, M, shiny|100/100\n|move|p1a: Kyogre|Protect|p1a: Kyogre\n|-singleturn|p1a: Kyogre|Protect\n|move|p2b: \u2764\ufe0fCIR4Ever|Glacial Lance|p1a: Kyogre|[spread] p1b\n|-activate|p1a: Kyogre|move: Protect\n|-enditem|p1b: Smeargle|Focus Sash\n|-damage|p1b: Smeargle|1/100\n|\n|-weather|SunnyDay|[upkeep]\n|-ability|p1b: Smeargle|Moody|boost\n|-boost|p1b: Smeargle|def|2\n|-unboost|p1b: Smeargle|spa|1\n|upkeep\n|turn|2\n|inactive|DudeGaming 25 has 30 seconds left.\n|\n|t:|1773419860\n|switch|p1a: Calyrex|Calyrex-Ice, L50|100/100\n|-ability|p1a: Calyrex|As One\n|-ability|p1a: Calyrex|Unnerve\n|move|p2a: who\u2019s good boy?|Flame Charge|p1b: Smeargle\n|-damage|p1b: Smeargle|0 fnt\n|-boost|p2a: who\u2019s good boy?|spe|1\n|faint|p1b: Smeargle\n|move|p2b: \u2764\ufe0fCIR4Ever|Leech Seed|p1a: Calyrex|[miss]\n|-miss|p2b: \u2764\ufe0fCIR4Ever|p1a: Calyrex\n|\n|-weather|SunnyDay|[upkeep]\n|upkeep\n|\n|t:|1773419873\n|switch|p1b: Kyogre|Kyogre, L50|100/100\n|-weather|RainDance|[from] ability: Drizzle|[of] p1b: Kyogre\n|turn|3\n|\n|t:|1773419882\n|switch|p2a: \u795e\u7684\u4f1f\u5927\u65e0\u9700\u591a\u8a00|Incineroar, L50, M|100/100\n|-ability|p2a: \u795e\u7684\u4f1f\u5927\u65e0\u9700\u591a\u8a00|Intimidate|boost\n|-fail|p1a: Calyrex|unboost|[from] item: Clear Amulet|[of] p1a: Calyrex\n|-unboost|p1b: Kyogre|atk|1\n|-terastallize|p1b: Kyogre|Water\n|move|p2b: \u2764\ufe0fCIR4Ever|Protect|p2b: \u2764\ufe0fCIR4Ever\n|-singleturn|p2b: \u2764\ufe0fCIR4Ever|Protect\n|move|p1b: Kyogre|Water Spout|p2b: \u2764\ufe0fCIR4Ever|[spread] p2a\n|-activate|p2b: \u2764\ufe0fCIR4Ever|move: Protect\n|-supereffective|p2a: \u795e\u7684\u4f1f\u5927\u65e0\u9700\u591a\u8a00\n|-damage|p2a: \u795e\u7684\u4f1f\u5927\u65e0\u9700\u591a\u8a00|0 fnt\n|faint|p2a: \u795e\u7684\u4f1f\u5927\u65e0\u9700\u591a\u8a00\n|move|p1a: Calyrex|Glacial Lance|p2b: \u2764\ufe0fCIR4Ever\n|-activate|p2b: \u2764\ufe0fCIR4Ever|move: Protect\n|\n|-weather|RainDance|[upkeep]\n|upkeep\n|\n|t:|1773419887\n|switch|p2a: who\u2019s good boy?|Koraidon, L50|100/100\n|-weather|SunnyDay|[from] ability: Orichalcum Pulse|[of] p2a: who\u2019s good boy?\n|-activate|p2a: who\u2019s good boy?|Orichalcum Pulse|[source]\n|turn|4\n|\n|t:|1773419910\n|switch|p1b: Indeedee|Indeedee-F, L50, F|100/100\n|move|p2a: who\u2019s good boy?|Collision Course|p1b: Indeedee\n|-damage|p1b: Indeedee|24/100\n|move|p2b: \u2764\ufe0fCIR4Ever|Leech Seed|p1a: Calyrex\n|-start|p1a: Calyrex|move: Leech Seed\n|move|p1a: Calyrex|Glacial Lance|p2b: \u2764\ufe0fCIR4Ever|[spread] p2a,p2b\n|-supereffective|p2a: who\u2019s good boy?\n|-resisted|p2b: \u2764\ufe0fCIR4Ever\n|-damage|p2a: who\u2019s good boy?|0 fnt\n|-damage|p2b: \u2764\ufe0fCIR4Ever|82/100\n|faint|p2a: who\u2019s good boy?\n|-ability|p1a: Calyrex|Chilling Neigh|boost\n|-boost|p1a: Calyrex|atk|1\n|\n|-weather|SunnyDay|[upkeep]\n|-heal|p2b: \u2764\ufe0fCIR4Ever|87/100|[from] item: Leftovers\n|-damage|p1a: Calyrex|88/100|[from] Leech Seed|[of] p2b: \u2764\ufe0fCIR4Ever\n|-heal|p2b: \u2764\ufe0fCIR4Ever|99/100|[silent]\n|upkeep\n|\n|t:|1773419916\n|switch|p2a: \u8499\u53e4\u725b\u2642\u5976~|Rillaboom, L50, M|100/100\n|-fieldstart|move: Grassy Terrain|[from] ability: Grassy Surge|[of] p2a: \u8499\u53e4\u725b\u2642\u5976~\n|turn|5\n|inactive|DudeGaming 25 has 30 seconds left.\n|\n|t:|1773419947\n|move|p1a: Calyrex|Protect|p1a: Calyrex\n|-singleturn|p1a: Calyrex|Protect\n|move|p2a: \u8499\u53e4\u725b\u2642\u5976~|Fake Out|p1a: Calyrex\n|-activate|p1a: Calyrex|move: Protect\n|move|p1b: Indeedee|Heal Pulse|p1a: Calyrex\n|-activate|p1a: Calyrex|move: Protect\n|move|p2b: \u2764\ufe0fCIR4Ever|Glacial Lance|p1b: Indeedee|[spread] p1b\n|-activate|p1a: Calyrex|move: Protect\n|-damage|p1b: Indeedee|0 fnt\n|faint|p1b: Indeedee\n|-ability|p2b: \u2764\ufe0fCIR4Ever|Chilling Neigh|boost\n|-boost|p2b: \u2764\ufe0fCIR4Ever|atk|1\n|\n|-weather|SunnyDay|[upkeep]\n|-heal|p2b: \u2764\ufe0fCIR4Ever|100/100|[from] Grassy Terrain\n|-heal|p1a: Calyrex|94/100|[from] Grassy Terrain\n|-damage|p1a: Calyrex|82/100|[from] Leech Seed|[of] p2b: \u2764\ufe0fCIR4Ever\n|upkeep\n|\n|t:|1773419966\n|switch|p1b: Kyogre|Kyogre, L50, tera:Water|100/100\n|-weather|RainDance|[from] ability: Drizzle|[of] p1b: Kyogre\n|turn|6\n|\n|t:|1773419984\n|-terastallize|p2a: \u8499\u53e4\u725b\u2642\u5976~|Water\n|move|p1b: Kyogre|Protect|p1b: Kyogre\n|-singleturn|p1b: Kyogre|Protect\n|move|p2b: \u2764\ufe0fCIR4Ever|Protect|p2b: \u2764\ufe0fCIR4Ever\n|-singleturn|p2b: \u2764\ufe0fCIR4Ever|Protect\n|move|p2a: \u8499\u53e4\u725b\u2642\u5976~|Wood Hammer|p1a: Calyrex\n|-damage|p1a: Calyrex|31/100\n|-damage|p2a: \u8499\u53e4\u725b\u2642\u5976~|84/100|[from] Recoil\n|move|p1a: Calyrex|Trick Room|p1a: Calyrex\n|-fieldstart|move: Trick Room|[of] p1a: Calyrex\n|\n|-weather|RainDance|[upkeep]\n|-heal|p1a: Calyrex|37/100|[from] Grassy Terrain\n|-heal|p2a: \u8499\u53e4\u725b\u2642\u5976~|90/100|[from] Grassy Terrain\n|-damage|p1a: Calyrex|25/100|[from] Leech Seed|[of] p2b: \u2764\ufe0fCIR4Ever\n|upkeep\n|turn|7\n|j| LFGamer2009\n|\n|t:|1773420002\n|move|p2a: \u8499\u53e4\u725b\u2642\u5976~|Grassy Glide|p1b: Kyogre\n|-supereffective|p1b: Kyogre\n|-damage|p1b: Kyogre|42/100\n|move|p1a: Calyrex|Glacial Lance|p2a: \u8499\u53e4\u725b\u2642\u5976~|[spread] p2a,p2b\n|-resisted|p2a: \u8499\u53e4\u725b\u2642\u5976~\n|-resisted|p2b: \u2764\ufe0fCIR4Ever\n|-damage|p2a: \u8499\u53e4\u725b\u2642\u5976~|51/100\n|-damage|p2b: \u2764\ufe0fCIR4Ever|76/100\n|move|p2b: \u2764\ufe0fCIR4Ever|Glacial Lance|p1a: Calyrex|[spread] p1a,p1b\n|-resisted|p1a: Calyrex\n|-resisted|p1b: Kyogre\n|-damage|p1a: Calyrex|0 fnt\n|-damage|p1b: Kyogre|8/100\n|faint|p1a: Calyrex\n|-ability|p2b: \u2764\ufe0fCIR4Ever|Chilling Neigh|boost\n|-boost|p2b: \u2764\ufe0fCIR4Ever|atk|1\n|move|p1b: Kyogre|Water Spout|p2b: \u2764\ufe0fCIR4Ever|[spread] p2a,p2b\n|-resisted|p2a: \u8499\u53e4\u725b\u2642\u5976~\n|-damage|p2a: \u8499\u53e4\u725b\u2642\u5976~|46/100\n|-damage|p2b: \u2764\ufe0fCIR4Ever|67/100\n|\n|-weather|RainDance|[upkeep]\n|-heal|p2b: \u2764\ufe0fCIR4Ever|73/100|[from] Grassy Terrain\n|-heal|p2b: \u2764\ufe0fCIR4Ever|79/100|[from] item: Leftovers\n|-heal|p1b: Kyogre|14/100|[from] Grassy Terrain\n|-heal|p2a: \u8499\u53e4\u725b\u2642\u5976~|52/100|[from] Grassy Terrain\n|upkeep\n|turn|8\n|-message|DudeGaming 25 forfeited.\n|\n|win|BanKingambit69247\n|raw|DudeGaming 25's rating: 1449 &rarr; <strong>1433</strong><br />(-16 for losing)\n|raw|BanKingambit69247's rating: 1514 &rarr; <strong>1530</strong><br />(+16 for winning)\n","uploadtime":1773420024,"views":21,"formatid":"gen9vgc2026regi","rating":1433,"private":0,"password":null}