{"id":"gen9vgc2026regi-2554850945","format":"[Gen 9] VGC 2026 Reg I","players":["alexit93","beaterheater"],"log":"|j|\u2606alexit93\n|j|\u2606beaterheater\n|t:|1773019130\n|gametype|doubles\n|player|p1|alexit93|lucas-gen4pt|1353\n|player|p2|beaterheater|marshal|1453\n|gen|9\n|tier|[Gen 9] VGC 2026 Reg I\n|rated|\n|rule|Species Clause: Limit one of each Pok\u00e9mon\n|rule|Item Clause: Limit 1 of each item\n|clearpoke\n|poke|p1|Zamazenta-*, L50|\n|poke|p1|Chien-Pao, L50|\n|poke|p1|Miraidon, L50|\n|poke|p1|Whimsicott, L50, F|\n|poke|p1|Farigiraf, L50, M|\n|poke|p1|Landorus, L50, M|\n|poke|p2|Zamazenta-*, L50|\n|poke|p2|Grimmsnarl, L50, M|\n|poke|p2|Urshifu-*, L50, M|\n|poke|p2|Volcarona, L50, M|\n|poke|p2|Miraidon, L50|\n|poke|p2|Iron Hands, L50|\n|teampreview|4\n|\n|t:|1773019164\n|teamsize|p1|4\n|teamsize|p2|4\n|start\n|switch|p1a: Miraidon|Miraidon, L50, shiny|100/100\n|switch|p1b: Whimsicott|Whimsicott, L50, F|100/100\n|switch|p2a: Grimmsnarl|Grimmsnarl, L50, M, shiny|100/100\n|switch|p2b: Zamazenta|Zamazenta-Crowned, L50, shiny|100/100\n|-fieldstart|move: Electric Terrain|[from] ability: Hadron Engine|[of] p1a: Miraidon\n|-ability|p2b: Zamazenta|Dauntless Shield|boost\n|-boost|p2b: Zamazenta|def|1\n|turn|1\n|inactive|Battle timer is ON: inactive players will automatically lose when time's up. (requested by beaterheater)\n|\n|t:|1773019185\n|switch|p1b: Farigiraf|Farigiraf, L50, M|100/100\n|-enditem|p1b: Farigiraf|Electric Seed\n|-boost|p1b: Farigiraf|def|1|[from] item: Electric Seed\n|move|p2a: Grimmsnarl|Light Screen|p2a: Grimmsnarl\n|-sidestart|p2: beaterheater|move: Light Screen\n|move|p1a: Miraidon|Electro Drift|p2b: Zamazenta\n|-damage|p2b: Zamazenta|44/100\n|move|p2b: Zamazenta|Behemoth Bash|p1b: Farigiraf\n|-damage|p1b: Farigiraf|73/100\n|\n|upkeep\n|turn|2\n|inactive|alexit93 has 30 seconds left.\n|inactive|alexit93 has 20 seconds left.\n|\n|t:|1773019221\n|move|p1b: Farigiraf|Helping Hand|p1a: Miraidon\n|-singleturn|p1a: Miraidon|Helping Hand|[of] p1b: Farigiraf\n|move|p2b: Zamazenta|Protect|p2b: Zamazenta\n|-singleturn|p2b: Zamazenta|Protect\n|move|p1a: Miraidon|Electro Drift|p2a: Grimmsnarl\n|-damage|p2a: Grimmsnarl|0 fnt\n|faint|p2a: Grimmsnarl\n|\n|upkeep\n|\n|t:|1773019233\n|switch|p2a: Miraidon|Miraidon, L50|100/100\n|-activate|p2a: Miraidon|ability: Hadron Engine\n|turn|3\n|\n|t:|1773019240\n|-terastallize|p1a: Miraidon|Fairy\n|move|p1b: Farigiraf|Helping Hand|p1a: Miraidon\n|-singleturn|p1a: Miraidon|Helping Hand|[of] p1b: Farigiraf\n|move|p2a: Miraidon|Dazzling Gleam|p1a: Miraidon|[spread] p1a,p1b\n|-damage|p1a: Miraidon|61/100\n|-damage|p1b: Farigiraf|41/100\n|move|p1a: Miraidon|Electro Drift|p2b: Zamazenta\n|-damage|p2b: Zamazenta|0 fnt\n|faint|p2b: Zamazenta\n|\n|upkeep\n|\n|t:|1773019253\n|switch|p2b: Urshifu|Urshifu, L50, M|100/100\n|turn|4\n|\n|t:|1773019268\n|-terastallize|p2a: Miraidon|Fairy\n|move|p1b: Farigiraf|Helping Hand|p1a: Miraidon\n|-singleturn|p1a: Miraidon|Helping Hand|[of] p1b: Farigiraf\n|move|p2a: Miraidon|Dazzling Gleam|p1b: Farigiraf|[spread] p1a,p1b\n|-crit|p1b: Farigiraf\n|-damage|p1a: Miraidon|2/100\n|-damage|p1b: Farigiraf|0 fnt\n|faint|p1b: Farigiraf\n|move|p1a: Miraidon|Electro Drift|p2b: Urshifu\n|-enditem|p2b: Urshifu|Focus Sash\n|-damage|p2b: Urshifu|1/100\n|move|p2b: Urshifu|Wicked Blow|p1a: Miraidon\n|-resisted|p1a: Miraidon\n|-crit|p1a: Miraidon\n|-damage|p1a: Miraidon|0 fnt\n|faint|p1a: Miraidon\n|\n|upkeep\n|\n|t:|1773019281\n|switch|p1a: Landorus|Landorus, L50, M|100/100\n|switch|p1b: Whimsicott|Whimsicott, L50, F|100/100\n|turn|5\n|\n|t:|1773019296\n|move|p1a: Landorus|Protect|p1a: Landorus\n|-singleturn|p1a: Landorus|Protect\n|move|p2b: Urshifu|Sucker Punch||[still]\n|-fail|p2b: Urshifu\n|move|p2a: Miraidon|Dazzling Gleam|p1b: Whimsicott|[spread] p1b\n|-activate|p1a: Landorus|move: Protect\n|-damage|p1b: Whimsicott|10/100\n|move|p1b: Whimsicott|Moonblast|p2b: Urshifu\n|-supereffective|p2b: Urshifu\n|-damage|p2b: Urshifu|0 fnt\n|faint|p2b: Urshifu\n|\n|-fieldend|move: Electric Terrain\n|upkeep\n|turn|6\n|\n|t:|1773019312\n|move|p1b: Whimsicott|Tailwind|p1b: Whimsicott\n|-sidestart|p1: alexit93|move: Tailwind\n|move|p1a: Landorus|Sludge Bomb|p2a: Miraidon\n|-supereffective|p2a: Miraidon\n|-damage|p2a: Miraidon|47/100\n|move|p2a: Miraidon|Dazzling Gleam|p1a: Landorus|[spread] p1a,p1b\n|-damage|p1a: Landorus|35/100\n|-damage|p1b: Whimsicott|0 fnt\n|faint|p1b: Whimsicott\n|\n|upkeep\n|turn|7\n|\n|t:|1773019328\n|move|p1a: Landorus|Sludge Bomb|p2a: Miraidon\n|-supereffective|p2a: Miraidon\n|-damage|p2a: Miraidon|0 fnt\n|faint|p2a: Miraidon\n|\n|win|alexit93\n|raw|alexit93's rating: 1353 &rarr; <strong>1379</strong><br />(+26 for winning)\n|raw|beaterheater's rating: 1453 &rarr; <strong>1427</strong><br />(-26 for losing)\n|l|\u2606beaterheater\n|player|p2|\n","uploadtime":1773019498,"views":12,"formatid":"gen9vgc2026regi","rating":1379,"private":0,"password":null}