{"id":"gen9vgc2026regi-2545229239","format":"[Gen 9] VGC 2026 Reg I","players":["ragmmaril1","lalo's pollos"],"log":"|j|\u2606ragmmaril1\n|j|\u2606lalo's pollos\n|t:|1771815553\n|gametype|doubles\n|player|p1|ragmmaril1|266|1274\n|player|p2|lalo's pollos|265|1472\n|gen|9\n|tier|[Gen 9] VGC 2026 Reg I\n|rated|\n|rule|Species Clause: Limit one of each Pok\u00e9mon\n|rule|Item Clause: Limit 1 of each item\n|clearpoke\n|poke|p1|Eternatus, L50|\n|poke|p1|Zamazenta-*, L50|\n|poke|p1|Tinkaton, L50, F|\n|poke|p1|Tornadus, L50, M|\n|poke|p1|Ogerpon-Wellspring, L50, F|\n|poke|p1|Incineroar, L50, M|\n|poke|p2|Zamazenta-*, L50|\n|poke|p2|Lunala, L50|\n|poke|p2|Rillaboom, L50, M|\n|poke|p2|Incineroar, L50, M|\n|poke|p2|Urshifu-*, L50, F|\n|poke|p2|Tornadus, L50, M|\n|teampreview|4\n|\n|t:|1771815585\n|teamsize|p1|4\n|teamsize|p2|4\n|start\n|switch|p1a: Eternatus|Eternatus, L50|100/100\n|switch|p1b: Tinkaton|Tinkaton, L50, F|100/100\n|switch|p2a: Lunala|Lunala, L50|100/100\n|switch|p2b: Tornadus|Tornadus, L50, M|100/100\n|-ability|p1a: Eternatus|Pressure\n|-ability|p1b: Tinkaton|Mold Breaker\n|turn|1\n|\n|t:|1771815599\n|move|p2b: Tornadus|Taunt|p1a: Eternatus\n|-start|p1a: Eternatus|move: Taunt\n|move|p1a: Eternatus|Shadow Ball|p2a: Lunala\n|-supereffective|p2a: Lunala\n|-damage|p2a: Lunala|32/100\n|move|p2a: Lunala|Calm Mind|p2a: Lunala\n|-boost|p2a: Lunala|spa|1\n|-boost|p2a: Lunala|spd|1\n|move|p1b: Tinkaton|Knock Off|p2a: Lunala\n|-supereffective|p2a: Lunala\n|-damage|p2a: Lunala|0 fnt\n|-enditem|p2a: Lunala|Leftovers|[from] move: Knock Off|[of] p1b: Tinkaton\n|faint|p2a: Lunala\n|\n|upkeep\n|\n|t:|1771815620\n|switch|p2a: Zamazenta|Zamazenta-Crowned, L50|100/100\n|-ability|p2a: Zamazenta|Dauntless Shield|boost\n|-boost|p2a: Zamazenta|def|1\n|turn|2\n|\n|t:|1771815633\n|move|p1a: Eternatus|Shadow Ball|p2a: Zamazenta\n|-damage|p2a: Zamazenta|66/100\n|move|p2b: Tornadus|Bleakwind Storm|p1b: Tinkaton|[spread] p1a,p1b\n|-crit|p1a: Eternatus\n|-resisted|p1b: Tinkaton\n|-damage|p1a: Eternatus|54/100\n|-damage|p1b: Tinkaton|92/100\n|move|p2a: Zamazenta|Body Press|p1b: Tinkaton\n|-damage|p1b: Tinkaton|7/100\n|move|p1b: Tinkaton|Play Rough|p2a: Zamazenta\n|-damage|p2a: Zamazenta|56/100\n|\n|upkeep\n|turn|3\n|\n|t:|1771815669\n|move|p2a: Zamazenta|Protect|p2a: Zamazenta\n|-singleturn|p2a: Zamazenta|Protect\n|move|p1a: Eternatus|Shadow Ball|p2a: Zamazenta\n|-activate|p2a: Zamazenta|move: Protect\n|move|p2b: Tornadus|Bleakwind Storm|p1a: Eternatus|[spread] p1a\n|-miss|p2b: Tornadus|p1b: Tinkaton\n|-damage|p1a: Eternatus|25/100\n|move|p1b: Tinkaton|Gigaton Hammer|p2b: Tornadus\n|-damage|p2b: Tornadus|22/100\n|\n|-end|p1a: Eternatus|move: Taunt\n|upkeep\n|turn|4\n|\n|t:|1771815690\n|move|p2b: Tornadus|Tailwind|p2b: Tornadus\n|-sidestart|p2: lalo's pollos|move: Tailwind\n|move|p2a: Zamazenta|Heavy Slam|p1a: Eternatus\n|-damage|p1a: Eternatus|12/100\n|move|p1a: Eternatus|Shadow Ball|p2b: Tornadus\n|-damage|p2b: Tornadus|0 fnt\n|faint|p2b: Tornadus\n|move|p1b: Tinkaton|Play Rough|p2a: Zamazenta\n|-damage|p2a: Zamazenta|45/100\n|\n|upkeep\n|\n|t:|1771815704\n|switch|p2b: Incineroar|Incineroar, L50, M|100/100\n|-ability|p2b: Incineroar|Intimidate|boost\n|-unboost|p1a: Eternatus|atk|1\n|-unboost|p1b: Tinkaton|atk|1\n|turn|5\n|\n|t:|1771815725\n|switch|p1a: Ogerpon|Ogerpon-Wellspring, L50, F|100/100\n|switch|p1b: Incineroar|Incineroar, L50, M|100/100\n|-ability|p1b: Incineroar|Intimidate|boost\n|-unboost|p2a: Zamazenta|atk|1\n|-unboost|p2b: Incineroar|atk|1\n|move|p2a: Zamazenta|Heavy Slam|p1a: Ogerpon\n|-resisted|p1a: Ogerpon\n|-damage|p1a: Ogerpon|86/100\n|move|p2b: Incineroar|Knock Off|p1b: Incineroar\n|-resisted|p1b: Incineroar\n|-damage|p1b: Incineroar|91/100\n|-enditem|p1b: Incineroar|Sitrus Berry|[from] move: Knock Off|[of] p2b: Incineroar\n|\n|upkeep\n|turn|6\n|\n|t:|1771815734\n|-terastallize|p2b: Incineroar|Bug\n|move|p1b: Incineroar|Fake Out|p2a: Zamazenta\n|-resisted|p2a: Zamazenta\n|-damage|p2a: Zamazenta|43/100\n|cant|p2a: Zamazenta|flinch\n|move|p2b: Incineroar|Parting Shot|p1a: Ogerpon\n|-unboost|p1a: Ogerpon|atk|1\n|-unboost|p1a: Ogerpon|spa|1\n|move|p1a: Ogerpon|Ivy Cudgel|p2b: Incineroar|[anim] Ivy Cudgel Water\n|-damage|p2b: Incineroar|70/100\n|\n|upkeep\n|turn|7\n|\n|t:|1771815759\n|-terastallize|p1b: Incineroar|Bug\n|move|p2a: Zamazenta|Body Press|p1b: Incineroar\n|-resisted|p1b: Incineroar\n|-damage|p1b: Incineroar|64/100\n|move|p2b: Incineroar|Knock Off|p1a: Ogerpon\n|-damage|p1a: Ogerpon|72/100\n|move|p1a: Ogerpon|Ivy Cudgel|p2b: Incineroar|[anim] Ivy Cudgel Water\n|-damage|p2b: Incineroar|40/100\n|move|p1b: Incineroar|Parting Shot|p2b: Incineroar\n|-unboost|p2b: Incineroar|atk|1\n|-unboost|p2b: Incineroar|spa|1\n|-message|lalo's pollos forfeited.\n|\n|win|ragmmaril1\n|raw|ragmmaril1's rating: 1274 &rarr; <strong>1312</strong><br />(+38 for winning)\n|raw|lalo&apos;s pollos's rating: 1472 &rarr; <strong>1442</strong><br />(-30 for losing)\n|l|\u2606lalo's pollos\n|player|p2|\n|l|\u2606ragmmaril1\n|player|p1|\n","uploadtime":1771815987,"views":12,"formatid":"gen9vgc2026regi","rating":1312,"private":0,"password":null}