{"id":"gen9vgc2026regi-2575267669","format":"[Gen 9] VGC 2026 Reg I","players":["Harry Koekenpan","NotAShortKid232323"],"log":"|j|\u2606Harry Koekenpan\n|j|\u2606NotAShortKid232323\n|t:|1775334813\n|gametype|doubles\n|player|p1|Harry Koekenpan|265|1355\n|player|p2|NotAShortKid232323|266|1280\n|gen|9\n|tier|[Gen 9] VGC 2026 Reg I\n|rated|\n|rule|Species Clause: Limit one of each Pok\u00e9mon\n|rule|Item Clause: Limit 1 of each item\n|clearpoke\n|poke|p1|Weezing-Galar, L50, F|\n|poke|p1|Calyrex-Shadow, L50|\n|poke|p1|Regigigas, L50|\n|poke|p1|Tatsugiri, L50, M|\n|poke|p1|Dondozo, L50, M|\n|poke|p1|Koraidon, L50|\n|poke|p2|Calyrex-Shadow, L50|\n|poke|p2|Indeedee-F, L50, F|\n|poke|p2|Iron Bundle, L50|\n|poke|p2|Koraidon, L50|\n|poke|p2|Incineroar, L50, M|\n|poke|p2|Brute Bonnet, L50|\n|teampreview|4\n|inactive|Battle timer is ON: inactive players will automatically lose when time's up. (requested by Harry Koekenpan)\n|\n|t:|1775334843\n|teamsize|p1|4\n|teamsize|p2|4\n|start\n|switch|p1a: Weezing|Weezing-Galar, L50, F|100/100\n|switch|p1b: Regigigas|Regigigas, L50|100/100\n|switch|p2a: Koraidon|Koraidon, L50|100/100\n|switch|p2b: Iron Bundle|Iron Bundle, L50|100/100\n|-ability|p1a: Weezing|Neutralizing Gas\n|turn|1\n|\n|t:|1775334867\n|move|p2a: Koraidon|Protect|p2a: Koraidon\n|-singleturn|p2a: Koraidon|Protect\n|move|p1b: Regigigas|Knock Off|p2a: Koraidon\n|-activate|p2a: Koraidon|move: Protect\n|move|p2b: Iron Bundle|Icy Wind|p1b: Regigigas|[spread] p1a,p1b\n|-crit|p1a: Weezing\n|-damage|p1a: Weezing|69/100\n|-damage|p1b: Regigigas|83/100\n|-unboost|p1a: Weezing|spe|1\n|-unboost|p1b: Regigigas|spe|1\n|move|p1a: Weezing|Toxic Spikes|p2a: Koraidon\n|-sidestart|p2: NotAShortKid232323|move: Toxic Spikes\n|\n|upkeep\n|turn|2\n|inactive|NotAShortKid232323 has 30 seconds left.\n|inactive|NotAShortKid232323 has 20 seconds left.\n|\n|t:|1775334903\n|move|p2b: Iron Bundle|Freeze-Dry|p1b: Regigigas\n|-damage|p1b: Regigigas|53/100\n|move|p2a: Koraidon|Flare Blitz|p1a: Weezing\n|-damage|p1a: Weezing|21/100\n|-status|p1a: Weezing|brn\n|-enditem|p1a: Weezing|Sitrus Berry|[eat]\n|-heal|p1a: Weezing|46/100 brn|[from] item: Sitrus Berry\n|-damage|p2a: Koraidon|85/100|[from] Recoil\n|-damage|p2a: Koraidon|75/100|[from] item: Life Orb\n|move|p1b: Regigigas|Knock Off|p2a: Koraidon\n|-resisted|p2a: Koraidon\n|-damage|p2a: Koraidon|54/100\n|-enditem|p2a: Koraidon|Life Orb|[from] move: Knock Off|[of] p1b: Regigigas\n|move|p1a: Weezing|Poison Gas|p2b: Iron Bundle|[spread] p2a\n|-miss|p1a: Weezing|p2b: Iron Bundle\n|-status|p2a: Koraidon|psn\n|\n|-damage|p2a: Koraidon|42/100 psn|[from] psn\n|-damage|p1a: Weezing|40/100 brn|[from] brn\n|upkeep\n|turn|3\n|\n|t:|1775334926\n|move|p2b: Iron Bundle|Icy Wind|p1b: Regigigas|[spread] p1a,p1b\n|-damage|p1a: Weezing|22/100 brn\n|-damage|p1b: Regigigas|35/100\n|-unboost|p1a: Weezing|spe|1\n|-unboost|p1b: Regigigas|spe|1\n|move|p2a: Koraidon|Flare Blitz|p1a: Weezing\n|-damage|p1a: Weezing|0 fnt\n|faint|p1a: Weezing\n|-end|p1a: Weezing|ability: Neutralizing Gas\n|-weather|SunnyDay|[from] ability: Orichalcum Pulse|[of] p2a: Koraidon\n|-activate|p2a: Koraidon|Orichalcum Pulse|[source]\n|-start|p1b: Regigigas|ability: Slow Start\n|-damage|p2a: Koraidon|35/100 psn|[from] Recoil\n|-enditem|p2b: Iron Bundle|Booster Energy\n|-activate|p2b: Iron Bundle|ability: Quark Drive|[fromitem]\n|-start|p2b: Iron Bundle|quarkdrivespe\n|move|p1b: Regigigas|Knock Off|p2b: Iron Bundle\n|-damage|p2b: Iron Bundle|83/100\n|\n|-weather|SunnyDay|[upkeep]\n|-damage|p2a: Koraidon|23/100 psn|[from] psn\n|upkeep\n|\n|t:|1775334947\n|switch|p1a: Koraidon|Koraidon, L50|100/100\n|-activate|p1a: Koraidon|ability: Orichalcum Pulse\n|turn|4\n|\n|t:|1775334959\n|-terastallize|p1a: Koraidon|Fire\n|move|p2a: Koraidon|Protect|p2a: Koraidon\n|-singleturn|p2a: Koraidon|Protect\n|move|p2b: Iron Bundle|Icy Wind|p1b: Regigigas|[spread] p1a,p1b\n|-resisted|p1a: Koraidon\n|-damage|p1a: Koraidon|90/100\n|-damage|p1b: Regigigas|17/100\n|-unboost|p1b: Regigigas|spe|1\n|move|p1a: Koraidon|Flame Charge|p2b: Iron Bundle\n|-damage|p2b: Iron Bundle|0 fnt\n|-boost|p1a: Koraidon|spe|1\n|faint|p2b: Iron Bundle\n|-end|p2b: Iron Bundle|Quark Drive|[silent]\n|move|p1b: Regigigas|Knock Off|p2a: Koraidon\n|-activate|p2a: Koraidon|move: Protect\n|\n|-weather|SunnyDay|[upkeep]\n|-damage|p2a: Koraidon|11/100 psn|[from] psn\n|upkeep\n|\n|t:|1775334975\n|switch|p2b: Calyrex|Calyrex-Shadow, L50|100/100\n|-ability|p2b: Calyrex|As One\n|-ability|p2b: Calyrex|Unnerve\n|-status|p2b: Calyrex|psn\n|turn|5\n|\n|t:|1775334991\n|move|p1a: Koraidon|Flare Blitz|p2b: Calyrex\n|-enditem|p2b: Calyrex|Focus Sash\n|-damage|p2b: Calyrex|1/100 psn\n|-damage|p1a: Koraidon|58/100|[from] Recoil\n|move|p2b: Calyrex|Astral Barrage|p1b: Regigigas|[spread] p1a\n|-immune|p1b: Regigigas\n|-damage|p1a: Koraidon|3/100\n|move|p2a: Koraidon|Close Combat|p1a: Koraidon\n|-damage|p1a: Koraidon|0 fnt\n|-unboost|p2a: Koraidon|def|1\n|-unboost|p2a: Koraidon|spd|1\n|faint|p1a: Koraidon\n|move|p1b: Regigigas|Knock Off|p2b: Calyrex\n|-supereffective|p2b: Calyrex\n|-damage|p2b: Calyrex|0 fnt\n|faint|p2b: Calyrex\n|\n|-weather|SunnyDay|[upkeep]\n|-damage|p2a: Koraidon|0 fnt|[from] psn\n|faint|p2a: Koraidon\n|upkeep\n|-message|NotAShortKid232323 forfeited.\n|\n|win|Harry Koekenpan\n|raw|Harry Koekenpan's rating: 1355 &rarr; <strong>1371</strong><br />(+16 for winning)\n|raw|NotAShortKid232323's rating: 1280 &rarr; <strong>1260</strong><br />(-20 for losing)\n","uploadtime":1775335002,"views":16,"formatid":"gen9vgc2026regi","rating":1260,"private":0,"password":null}