{"id":"gen9vgc2026regi-2532923667","format":"[Gen 9] VGC 2026 Reg I","players":["AstralWisp9","j0l0k0"],"log":"|j|\u2606AstralWisp9\n|j|\u2606j0l0k0\n|t:|1770237058\n|gametype|doubles\n|player|p1|AstralWisp9|1|1560\n|player|p2|j0l0k0|brycen|1559\n|gen|9\n|tier|[Gen 9] VGC 2026 Reg I\n|rated|\n|rule|Species Clause: Limit one of each Pok\u00e9mon\n|rule|Item Clause: Limit 1 of each item\n|clearpoke\n|poke|p1|Calyrex-Ice, L50|\n|poke|p1|Lunala, L50|\n|poke|p1|Smeargle, L50, M|\n|poke|p1|Urshifu-*, L50, M|\n|poke|p1|Torkoal, L50, M|\n|poke|p1|Indeedee-F, L50, F|\n|poke|p2|Calyrex-Ice, L50|\n|poke|p2|Kyogre, L50|\n|poke|p2|Indeedee-F, L50, F|\n|poke|p2|Urshifu-*, L50, F|\n|poke|p2|Amoonguss, L50, F|\n|poke|p2|Landorus, L50, M|\n|teampreview|4\n|inactive|Battle timer is ON: inactive players will automatically lose when time's up. (requested by j0l0k0)\n|inactive|AstralWisp9 has 60 seconds left.\n|inactive|AstralWisp9 has 30 seconds left.\n|inactive|AstralWisp9 has 20 seconds left.\n|inactive|AstralWisp9 has 15 seconds left.\n|inactive|AstralWisp9 has 10 seconds left.\n|inactive|AstralWisp9 has 5 seconds left.\n|\n|t:|1770237145\n|teamsize|p1|4\n|teamsize|p2|4\n|start\n|switch|p1a: Smeargle|Smeargle, L50, M|100/100\n|switch|p1b: Calyrex|Calyrex-Ice, L50|100/100\n|switch|p2a: Kyogre|Kyogre, L50, shiny|100/100\n|switch|p2b: Indeedee|Indeedee-F, L50, F, shiny|100/100\n|-ability|p1b: Calyrex|As One\n|-ability|p1b: Calyrex|Unnerve\n|-fieldstart|move: Psychic Terrain|[from] ability: Psychic Surge|[of] p2b: Indeedee\n|-weather|RainDance|[from] ability: Drizzle|[of] p2a: Kyogre\n|turn|1\n|\n|t:|1770237166\n|move|p2b: Indeedee|Follow Me|p2b: Indeedee\n|-singleturn|p2b: Indeedee|move: Follow Me\n|move|p1a: Smeargle|Spore|p2b: Indeedee\n|-activate|p2b: Indeedee|item: Safety Goggles|Spore\n|move|p2a: Kyogre|Water Spout|p1a: Smeargle|[spread] p1a,p1b\n|-enditem|p1a: Smeargle|Focus Sash\n|-damage|p1a: Smeargle|1/100\n|-damage|p1b: Calyrex|26/100\n|move|p1b: Calyrex|Trick Room|p1b: Calyrex\n|-fieldstart|move: Trick Room|[of] p1b: Calyrex\n|\n|-weather|RainDance|[upkeep]\n|upkeep\n|turn|2\n|\n|t:|1770237188\n|move|p1b: Calyrex|Protect|p1b: Calyrex\n|-singleturn|p1b: Calyrex|Protect\n|move|p2a: Kyogre|Thunder|p1b: Calyrex\n|-activate|p1b: Calyrex|move: Protect\n|move|p2b: Indeedee|Psychic|p1a: Smeargle\n|-damage|p1a: Smeargle|0 fnt\n|faint|p1a: Smeargle\n|\n|-weather|RainDance|[upkeep]\n|upkeep\n|\n|t:|1770237197\n|switch|p1a: Urshifu|Urshifu, L50, M|100/100\n|turn|3\n|\n|t:|1770237205\n|-terastallize|p1a: Urshifu|Grass\n|move|p2b: Indeedee|Follow Me|p2b: Indeedee\n|-singleturn|p2b: Indeedee|move: Follow Me\n|move|p1b: Calyrex|Glacial Lance|p2a: Kyogre|[spread] p2a,p2b\n|-resisted|p2a: Kyogre\n|-damage|p2a: Kyogre|72/100\n|-damage|p2b: Indeedee|34/100\n|move|p1a: Urshifu|Wicked Blow|p2b: Indeedee\n|-supereffective|p2b: Indeedee\n|-crit|p2b: Indeedee\n|-damage|p2b: Indeedee|0 fnt\n|faint|p2b: Indeedee\n|move|p2a: Kyogre|Water Spout|p1a: Urshifu|[spread] p1a,p1b\n|-resisted|p1a: Urshifu\n|-damage|p1a: Urshifu|53/100\n|-damage|p1b: Calyrex|0 fnt\n|faint|p1b: Calyrex\n|\n|-weather|RainDance|[upkeep]\n|upkeep\n|\n|t:|1770237221\n|switch|p1b: Lunala|Lunala, L50|100/100\n|switch|p2b: Calyrex|Calyrex-Ice, L50|100/100\n|-ability|p2b: Calyrex|As One\n|-ability|p2b: Calyrex|Unnerve\n|turn|4\n|\n|t:|1770237238\n|-terastallize|p2b: Calyrex|Normal\n|move|p2b: Calyrex|Close Combat|p1a: Urshifu\n|-damage|p1a: Urshifu|8/100\n|-unboost|p2b: Calyrex|def|1\n|-unboost|p2b: Calyrex|spd|1\n|move|p1a: Urshifu|Wicked Blow|p2b: Calyrex\n|-crit|p2b: Calyrex\n|-damage|p2b: Calyrex|7/100\n|move|p2a: Kyogre|Thunder|p1b: Lunala\n|-damage|p1b: Lunala|83/100\n|move|p1b: Lunala|Meteor Beam||[still]\n|-prepare|p1b: Lunala|Meteor Beam\n|-boost|p1b: Lunala|spa|1\n|-enditem|p1b: Lunala|Power Herb\n|-anim|p1b: Lunala|Meteor Beam|p2a: Kyogre\n|-damage|p2a: Kyogre|41/100\n|\n|-weather|RainDance|[upkeep]\n|upkeep\n|turn|5\n|\n|t:|1770237257\n|move|p2b: Calyrex|Crunch|p1b: Lunala\n|-supereffective|p1b: Lunala\n|-damage|p1b: Lunala|0 fnt\n|faint|p1b: Lunala\n|-ability|p2b: Calyrex|Chilling Neigh|boost\n|-boost|p2b: Calyrex|atk|1\n|move|p1a: Urshifu|Wicked Blow|p2b: Calyrex\n|-crit|p2b: Calyrex\n|-damage|p2b: Calyrex|0 fnt\n|faint|p2b: Calyrex\n|move|p2a: Kyogre|Ice Beam|p1a: Urshifu\n|-supereffective|p1a: Urshifu\n|-damage|p1a: Urshifu|0 fnt\n|faint|p1a: Urshifu\n|\n|win|j0l0k0\n|raw|AstralWisp9's rating: 1560 &rarr; <strong>1540</strong><br />(-20 for losing)\n|raw|j0l0k0's rating: 1559 &rarr; <strong>1579</strong><br />(+20 for winning)\n|l|\u2606AstralWisp9\n|player|p1|\n|l|\u2606j0l0k0\n|player|p2|\n","uploadtime":1770237464,"views":46,"formatid":"gen9vgc2026regi","rating":1540,"private":0,"password":null}