{"id":"gen9vgc2026regi-2563876673","format":"[Gen 9] VGC 2026 Reg I","players":["arstgmnei","slimeslatt252"],"log":"|j|\u2606arstgmnei\n|j|\u2606slimeslatt252\n|t:|1774076105\n|gametype|doubles\n|player|p1|arstgmnei|101|1327\n|player|p2|slimeslatt252|170|1529\n|gen|9\n|tier|[Gen 9] VGC 2026 Reg I\n|rated|\n|rule|Species Clause: Limit one of each Pok\u00e9mon\n|rule|Item Clause: Limit 1 of each item\n|clearpoke\n|poke|p1|Kyogre, L50|\n|poke|p1|Calyrex-Ice, L50|\n|poke|p1|Urshifu-*, L50, F|\n|poke|p1|Amoonguss, L50, F|\n|poke|p1|Iron Jugulis, L50|\n|poke|p1|Rillaboom, L50, M|\n|poke|p2|Calyrex-Shadow, L50|\n|poke|p2|Koraidon, L50|\n|poke|p2|Incineroar, L50, M|\n|poke|p2|Raging Bolt, L50|\n|poke|p2|Brute Bonnet, L50|\n|poke|p2|Landorus, L50, M|\n|teampreview|4\n|inactive|Battle timer is ON: inactive players will automatically lose when time's up. (requested by slimeslatt252)\n|inactive|arstgmnei has 60 seconds left.\nslimeslatt252 rejected open team sheets.\n|\n|t:|1774076147\n|teamsize|p1|4\n|teamsize|p2|4\n|start\n|switch|p1a: Dragon|Iron Jugulis, L50|100/100\n|switch|p1b: Orca|Kyogre, L50|100/100\n|switch|p2a: Brute Bonnet|Brute Bonnet, L50|100/100\n|switch|p2b: Calyrex|Calyrex-Shadow, L50|100/100\n|-ability|p2b: Calyrex|As One\n|-ability|p2b: Calyrex|Unnerve\n|-weather|RainDance|[from] ability: Drizzle|[of] p1b: Orca\n|-enditem|p1a: Dragon|Booster Energy\n|-activate|p1a: Dragon|ability: Quark Drive|[fromitem]\n|-start|p1a: Dragon|quarkdrivespe\n|turn|1\n|\n|t:|1774076164\n|-terastallize|p1b: Orca|Grass\n|move|p2b: Calyrex|Protect|p2b: Calyrex\n|-singleturn|p2b: Calyrex|Protect\n|move|p1a: Dragon|Snarl|p2b: Calyrex|[spread] p2a\n|-activate|p2b: Calyrex|move: Protect\n|-resisted|p2a: Brute Bonnet\n|-damage|p2a: Brute Bonnet|93/100\n|move|p1b: Orca|Water Spout|p2a: Brute Bonnet|[spread] p2a\n|-activate|p2b: Calyrex|move: Protect\n|-resisted|p2a: Brute Bonnet\n|-damage|p2a: Brute Bonnet|40/100\n|move|p2a: Brute Bonnet|Spore|p1a: Dragon\n|-status|p1a: Dragon|slp|[from] move: Spore\n|\n|-weather|RainDance|[upkeep]\n|upkeep\n|turn|2\n|\n|t:|1774076182\n|-end|p2a: Brute Bonnet|Protosynthesis|[silent]\n|switch|p2a: Koraidon|Koraidon, L50|100/100\n|-weather|SunnyDay|[from] ability: Orichalcum Pulse|[of] p2a: Koraidon\n|-activate|p2a: Koraidon|Orichalcum Pulse|[source]\n|-terastallize|p2b: Calyrex|Ghost\n|cant|p1a: Dragon|slp\n|move|p2b: Calyrex|Astral Barrage|p1a: Dragon|[spread] p1a,p1b\n|-resisted|p1a: Dragon\n|-damage|p1a: Dragon|66/100 slp\n|-damage|p1b: Orca|48/100\n|move|p1b: Orca|Water Spout|p2a: Koraidon|[spread] p2a,p2b\n|-resisted|p2a: Koraidon\n|-damage|p2a: Koraidon|92/100\n|-damage|p2b: Calyrex|83/100\n|\n|-weather|SunnyDay|[upkeep]\n|upkeep\n|turn|3\n|inactive|arstgmnei has 30 seconds left.\n|\n|t:|1774076217\n|switch|p1b: Mushroom|Amoonguss, L50, F|100/100\n|cant|p1a: Dragon|slp\n|move|p2b: Calyrex|Astral Barrage|p1a: Dragon|[spread] p1a,p1b\n|-resisted|p1a: Dragon\n|-damage|p1a: Dragon|28/100 slp\n|-damage|p1b: Mushroom|40/100\n|move|p2a: Koraidon|Collision Course|p1a: Dragon\n|-damage|p1a: Dragon|0 fnt\n|faint|p1a: Dragon\n|-end|p1a: Dragon|Quark Drive|[silent]\n|\n|-weather|SunnyDay|[upkeep]\n|upkeep\n|\n|t:|1774076229\n|switch|p1a: Orca|Kyogre, L50, tera:Grass|48/100\n|-weather|RainDance|[from] ability: Drizzle|[of] p1a: Orca\n|turn|4\n|\n|t:|1774076252\n|switch|p2a: Brute Bonnet|Brute Bonnet, L50|40/100\n|move|p2b: Calyrex|Astral Barrage|p1a: Orca|[spread] p1a,p1b\n|-crit|p1a: Orca\n|-damage|p1a: Orca|0 fnt\n|-damage|p1b: Mushroom|0 fnt\n|faint|p1a: Orca\n|faint|p1b: Mushroom\n|-ability|p2b: Calyrex|Grim Neigh|boost\n|-boost|p2b: Calyrex|spa|2\n|\n|-weather|RainDance|[upkeep]\n|upkeep\n|\n|t:|1774076263\n|switch|p1a: Horse|Calyrex-Ice, L50|100/100\n|-ability|p1a: Horse|As One\n|-ability|p1a: Horse|Unnerve\n|turn|5\n|c|\u2606slimeslatt252|gg\n|\n|t:|1774076269\n|move|p2b: Calyrex|Astral Barrage|p1a: Horse\n|-supereffective|p1a: Horse\n|-damage|p1a: Horse|0 fnt\n|faint|p1a: Horse\n|\n|win|slimeslatt252\n|raw|arstgmnei's rating: 1327 &rarr; <strong>1317</strong><br />(-10 for losing)\n|raw|slimeslatt252's rating: 1529 &rarr; <strong>1539</strong><br />(+10 for winning)\n|l|\u2606arstgmnei\n|player|p1|\n|l|\u2606slimeslatt252\n|player|p2|\n","uploadtime":1774076471,"views":11,"formatid":"gen9vgc2026regi","rating":1317,"private":0,"password":null}