{"id":"gen9vgc2026regi-2559965135","format":"[Gen 9] VGC 2026 Reg I","players":["DanDoesSpeed","testhan92"],"log":"|j|\u2606DanDoesSpeed\n|j|\u2606testhan92\n|t:|1773629325\n|gametype|doubles\n|player|p1|DanDoesSpeed|102|1204\n|player|p2|testhan92|2|1207\n|gen|9\n|tier|[Gen 9] VGC 2026 Reg I\n|rated|\n|rule|Species Clause: Limit one of each Pok\u00e9mon\n|rule|Item Clause: Limit 1 of each item\n|clearpoke\n|poke|p1|Chi-Yu, L50|\n|poke|p1|Groudon, L50|\n|poke|p1|Raging Bolt, L50|\n|poke|p1|Zamazenta-*, L50|\n|poke|p1|Jumpluff, L50, M|\n|poke|p1|Flutter Mane, L50|\n|poke|p2|Calyrex-Shadow, L50|\n|poke|p2|Koraidon, L50|\n|poke|p2|Ogerpon-Hearthflame, L50, F|\n|poke|p2|Raging Bolt, L50|\n|poke|p2|Rillaboom, L50, M|\n|poke|p2|Incineroar, L50, M|\n|teampreview|4\n|inactive|Battle timer is ON: inactive players will automatically lose when time's up. (requested by DanDoesSpeed)\n|\n|t:|1773629363\n|teamsize|p1|4\n|teamsize|p2|4\n|start\n|switch|p1a: Groudon|Groudon, L50|100/100\n|switch|p1b: Jumpluff|Jumpluff, L50, M|100/100\n|switch|p2a: Ogerpon|Ogerpon-Hearthflame, L50, F|100/100\n|switch|p2b: Calyrex|Calyrex-Shadow, L50|100/100\n|-ability|p2b: Calyrex|As One\n|-ability|p2b: Calyrex|Unnerve\n|-ability|p2a: Ogerpon|Mold Breaker\n|-weather|SunnyDay|[from] ability: Drought|[of] p1a: Groudon\n|turn|1\n|inactive|testhan92 has 30 seconds left.\n|\n|t:|1773629389\n|-terastallize|p2b: Calyrex|Ghost\n|move|p1b: Jumpluff|Tailwind|p1b: Jumpluff\n|-sidestart|p1: DanDoesSpeed|move: Tailwind\n|move|p1a: Groudon|Precipice Blades|p2b: Calyrex|[spread] p2a,p2b\n|-damage|p2a: Ogerpon|37/100\n|-damage|p2b: Calyrex|30/100\n|move|p2b: Calyrex|Astral Barrage|p1b: Jumpluff|[spread] p1a,p1b\n|-damage|p1a: Groudon|54/100\n|-damage|p1b: Jumpluff|17/100\n|move|p2a: Ogerpon|Ivy Cudgel|p1a: Groudon|[anim] Ivy Cudgel Fire\n|-damage|p1a: Groudon|2/100\n|\n|-weather|SunnyDay|[upkeep]\n|upkeep\n|turn|2\n|inactive|testhan92 has 30 seconds left.\n|\n|t:|1773629416\n|move|p2b: Calyrex|Protect|p2b: Calyrex\n|-singleturn|p2b: Calyrex|Protect\n|move|p2a: Ogerpon|Follow Me|p2a: Ogerpon\n|-singleturn|p2a: Ogerpon|move: Follow Me\n|move|p1b: Jumpluff|Pollen Puff|p2a: Ogerpon\n|-damage|p2a: Ogerpon|26/100\n|move|p1a: Groudon|Precipice Blades|p2a: Ogerpon|[spread] p2a\n|-activate|p2b: Calyrex|move: Protect\n|-crit|p2a: Ogerpon\n|-damage|p2a: Ogerpon|0 fnt\n|faint|p2a: Ogerpon\n|\n|-weather|SunnyDay|[upkeep]\n|upkeep\n|\n|t:|1773629429\n|switch|p2a: Incineroar|Incineroar, L50, M|100/100\n|-ability|p2a: Incineroar|Intimidate|boost\n|-unboost|p1a: Groudon|atk|1\n|-unboost|p1b: Jumpluff|atk|1\n|turn|3\n|\n|t:|1773629450\n|switch|p1a: Chi-Yu|Chi-Yu, L50, shiny|100/100\n|-ability|p1a: Chi-Yu|Beads of Ruin\n|switch|p2b: Koraidon|Koraidon, L50|100/100\n|-activate|p2b: Koraidon|ability: Orichalcum Pulse\n|move|p2a: Incineroar|Fake Out|p1b: Jumpluff\n|-damage|p1b: Jumpluff|3/100\n|move|p1b: Jumpluff|Sleep Powder|p2b: Koraidon|[miss]\n|-miss|p1b: Jumpluff|p2b: Koraidon\n|\n|-weather|SunnyDay|[upkeep]\n|upkeep\n|turn|4\n|inactive|DanDoesSpeed has 30 seconds left.\n|inactive|DanDoesSpeed has 20 seconds left.\n|\n|t:|1773629488\n|move|p2b: Koraidon|Protect|p2b: Koraidon\n|-singleturn|p2b: Koraidon|Protect\n|move|p1b: Jumpluff|Encore|p2a: Incineroar\n|-start|p2a: Incineroar|Encore\n|move|p1a: Chi-Yu|Heat Wave|p2b: Koraidon|[spread] p2a\n|-activate|p2b: Koraidon|move: Protect\n|-resisted|p2a: Incineroar\n|-damage|p2a: Incineroar|66/100\n|move|p2a: Incineroar|Fake Out||[still]\n|-hint|Fake Out only works on your first turn out.\n|-fail|p2a: Incineroar\n|\n|-weather|SunnyDay|[upkeep]\n|-sideend|p1: DanDoesSpeed|move: Tailwind\n|upkeep\n|turn|5\n|\n|t:|1773629504\n|switch|p1a: Groudon|Groudon, L50|2/100\n|move|p2a: Incineroar|Fake Out||[still]\n|-hint|Fake Out only works on your first turn out.\n|-fail|p2a: Incineroar\n|move|p1b: Jumpluff|Encore|p2b: Koraidon\n|-start|p2b: Koraidon|Encore\n|move|p2b: Koraidon|Protect||[still]\n|-fail|p2b: Koraidon\n|\n|-weather|none\n|upkeep\n|turn|6\n|\n|t:|1773629518\n|move|p2b: Koraidon|Protect|p2b: Koraidon\n|-singleturn|p2b: Koraidon|Protect\n|move|p2a: Incineroar|Fake Out||[still]\n|-hint|Fake Out only works on your first turn out.\n|-fail|p2a: Incineroar\n|move|p1b: Jumpluff|Pollen Puff|p1a: Groudon\n|-heal|p1a: Groudon|52/100\n|move|p1a: Groudon|Precipice Blades|p2a: Incineroar|[spread] p2a\n|-activate|p2b: Koraidon|move: Protect\n|-supereffective|p2a: Incineroar\n|-damage|p2a: Incineroar|0 fnt\n|faint|p2a: Incineroar\n|\n|upkeep\n|\n|t:|1773629522\n|switch|p2a: Calyrex|Calyrex-Shadow, L50, tera:Ghost|30/100\n|-ability|p2a: Calyrex|As One\n|-ability|p2a: Calyrex|Unnerve\n|turn|7\n|\n|t:|1773629540\n|move|p2b: Koraidon|Protect||[still]\n|-fail|p2b: Koraidon\n|move|p2a: Calyrex|Astral Barrage|p1b: Jumpluff|[spread] p1a,p1b\n|-damage|p1a: Groudon|6/100\n|-damage|p1b: Jumpluff|0 fnt\n|faint|p1b: Jumpluff\n|-ability|p2a: Calyrex|Grim Neigh|boost\n|-boost|p2a: Calyrex|spa|1\n|move|p1a: Groudon|Heat Crash|p2a: Calyrex\n|-damage|p2a: Calyrex|0 fnt\n|faint|p2a: Calyrex\n|\n|-end|p2b: Koraidon|Encore\n|upkeep\n|\n|t:|1773629559\n|switch|p1b: Zamazenta|Zamazenta-Crowned, L50|100/100\n|-ability|p1b: Zamazenta|Dauntless Shield|boost\n|-boost|p1b: Zamazenta|def|1\n|turn|8\n|\n|t:|1773629575\n|-terastallize|p1b: Zamazenta|Dragon\n|move|p2b: Koraidon|Flame Charge|p1a: Groudon\n|-damage|p1a: Groudon|0 fnt\n|-boost|p2b: Koraidon|spe|1\n|faint|p1a: Groudon\n|move|p1b: Zamazenta|Body Press|p2b: Koraidon\n|-damage|p2b: Koraidon|52/100\n|\n|upkeep\n|\n|t:|1773629585\n|switch|p1a: Chi-Yu|Chi-Yu, L50, shiny|100/100\n|-ability|p1a: Chi-Yu|Beads of Ruin\n|turn|9\n|\n|t:|1773629595\n|move|p1a: Chi-Yu|Overheat|p2b: Koraidon\n|-resisted|p2b: Koraidon\n|-damage|p2b: Koraidon|20/100\n|-unboost|p1a: Chi-Yu|spa|2\n|move|p2b: Koraidon|Collision Course|p1a: Chi-Yu\n|-supereffective|p1a: Chi-Yu\n|-damage|p1a: Chi-Yu|0 fnt\n|faint|p1a: Chi-Yu\n|move|p1b: Zamazenta|Body Press|p2b: Koraidon\n|-damage|p2b: Koraidon|0 fnt\n|faint|p2b: Koraidon\n|\n|win|DanDoesSpeed\n|raw|DanDoesSpeed's rating: 1204 &rarr; <strong>1229</strong><br />(+25 for winning)\n|raw|testhan92's rating: 1207 &rarr; <strong>1182</strong><br />(-25 for losing)\n","uploadtime":1773629595,"views":10,"formatid":"gen9vgc2026regi","rating":1182,"private":0,"password":null}