{"id":"gen9vgc2026regi-2587414195","format":"[Gen 9] VGC 2026 Reg I","players":["Kingkai08776","sevaag"],"log":"|j|\u2606Kingkai08776\n|j|\u2606sevaag\n|t:|1776529816\n|gametype|doubles\n|player|p1|Kingkai08776|169|1469\n|player|p2|sevaag|clerkf|1526\n|gen|9\n|tier|[Gen 9] VGC 2026 Reg I\n|rated|\n|rule|Species Clause: Limit one of each Pok\u00e9mon\n|rule|Item Clause: Limit 1 of each item\n|clearpoke\n|poke|p1|Terapagos, L50, M|\n|poke|p1|Scream Tail, L50|\n|poke|p1|Ho-Oh, L50|\n|poke|p1|Amoonguss, L50, M|\n|poke|p1|Incineroar, L50, M|\n|poke|p1|Ogerpon-Cornerstone, L50, F|\n|poke|p2|Miraidon, L50|\n|poke|p2|Lunala, L50|\n|poke|p2|Whimsicott, L50, M|\n|poke|p2|Urshifu-*, L50, F|\n|poke|p2|Incineroar, L50, F|\n|poke|p2|Ursaluna, L50, M|\n|teampreview|4\n|\n|t:|1776529848\n|teamsize|p1|4\n|teamsize|p2|4\n|start\n|switch|p1a: Ho-Oh|Ho-Oh, L50|100/100\n|switch|p1b: Ogerpon|Ogerpon-Cornerstone, L50, F|100/100\n|switch|p2a: Lunala|Lunala, L50|100/100\n|switch|p2b: Ursaluna|Ursaluna, L50, M|100/100\n|turn|1\n|\n|t:|1776529864\n|-terastallize|p1b: Ogerpon|Rock\n|detailschange|p1b: Ogerpon|Ogerpon-Cornerstone-Tera, L50, F, tera:Rock\n|-ability|p1b: Ogerpon|Embody Aspect (Cornerstone)|boost\n|-boost|p1b: Ogerpon|def|1\n|move|p2b: Ursaluna|Protect|p2b: Ursaluna\n|-singleturn|p2b: Ursaluna|Protect\n|move|p1b: Ogerpon|Ivy Cudgel|p2a: Lunala|[anim] Ivy Cudgel Rock\n|-damage|p2a: Lunala|67/100\n|move|p1a: Ho-Oh|Sacred Fire|p2a: Lunala\n|-damage|p2a: Lunala|31/100\n|move|p2a: Lunala|Trick Room|p2a: Lunala\n|-fieldstart|move: Trick Room|[of] p2a: Lunala\n|\n|-status|p2b: Ursaluna|brn|[from] item: Flame Orb\n|upkeep\n|turn|2\n|\n|t:|1776529894\n|switch|p2a: Miraidon|Miraidon, L50|100/100\n|-fieldstart|move: Electric Terrain|[from] ability: Hadron Engine|[of] p2a: Miraidon\n|move|p2b: Ursaluna|Headlong Rush|p1b: Ogerpon\n|-supereffective|p1b: Ogerpon\n|-damage|p1b: Ogerpon|0 fnt\n|-unboost|p2b: Ursaluna|def|1\n|-unboost|p2b: Ursaluna|spd|1\n|faint|p1b: Ogerpon\n|detailschange|p1: Ogerpon|Ogerpon-Cornerstone, L50, F|[silent]\n|move|p1a: Ho-Oh|Brave Bird|p2b: Ursaluna\n|-damage|p2b: Ursaluna|35/100 brn\n|-damage|p1a: Ho-Oh|76/100|[from] Recoil\n|\n|-damage|p2b: Ursaluna|29/100 brn|[from] brn\n|upkeep\n|\n|t:|1776529911\n|switch|p1b: Terapagos|Terapagos, L50, M|100/100\n|-activate|p1b: Terapagos|ability: Tera Shift\n|detailschange|p1b: Terapagos|Terapagos-Terastal, L50, M\n|-heal|p1b: Terapagos|100/100|[silent]\n|turn|3\n|\n|t:|1776529930\n|-terastallize|p2a: Miraidon|Electric\n|move|p1a: Ho-Oh|Protect|p1a: Ho-Oh\n|-singleturn|p1a: Ho-Oh|Protect\n|move|p2b: Ursaluna|Facade|p1a: Ho-Oh\n|-activate|p1a: Ho-Oh|move: Protect\n|move|p1b: Terapagos|Calm Mind|p1b: Terapagos\n|-boost|p1b: Terapagos|spa|1\n|-boost|p1b: Terapagos|spd|1\n|move|p2a: Miraidon|Electro Drift|p1b: Terapagos\n|-activate|p1b: Terapagos|ability: Tera Shell\n|-resisted|p1b: Terapagos\n|-damage|p1b: Terapagos|55/100\n|-damage|p2a: Miraidon|91/100|[from] item: Life Orb\n|\n|-heal|p1b: Terapagos|61/100|[from] item: Leftovers\n|-damage|p2b: Ursaluna|23/100 brn|[from] brn\n|upkeep\n|turn|4\n|\n|t:|1776529959\n|move|p1b: Terapagos|Protect|p1b: Terapagos\n|-singleturn|p1b: Terapagos|Protect\n|move|p2b: Ursaluna|Facade|p1a: Ho-Oh\n|-damage|p1a: Ho-Oh|0 fnt\n|faint|p1a: Ho-Oh\n|move|p2a: Miraidon|Electro Drift|p1b: Terapagos\n|-activate|p1b: Terapagos|move: Protect\n|\n|-heal|p1b: Terapagos|67/100|[from] item: Leftovers\n|-damage|p2b: Ursaluna|17/100 brn|[from] brn\n|upkeep\n|\n|t:|1776529969\n|switch|p1a: Scream Tail|Scream Tail, L50|100/100\n|-enditem|p1a: Scream Tail|Booster Energy\n|-activate|p1a: Scream Tail|ability: Protosynthesis|[fromitem]\n|-start|p1a: Scream Tail|protosynthesisspe\n|turn|5\n|\n|t:|1776529978\n|move|p2b: Ursaluna|Facade|p1b: Terapagos\n|-damage|p1b: Terapagos|0 fnt\n|faint|p1b: Terapagos\n|move|p2a: Miraidon|Electro Drift|p1a: Scream Tail\n|-damage|p1a: Scream Tail|0 fnt\n|faint|p1a: Scream Tail\n|-end|p1a: Scream Tail|Protosynthesis|[silent]\n|-damage|p2a: Miraidon|82/100|[from] item: Life Orb\n|\n|win|sevaag\n|raw|Kingkai08776's rating: 1469 &rarr; <strong>1452</strong><br />(-17 for losing)\n|raw|sevaag's rating: 1526 &rarr; <strong>1543</strong><br />(+17 for winning)\n|l|\u2606Kingkai08776\n|player|p1|\n|l|\u2606sevaag\n|player|p2|\n","uploadtime":1776530212,"views":9,"formatid":"gen9vgc2026regi","rating":1452,"private":0,"password":null}