{"id":"gen9vgc2026regi-2516269876","format":"[Gen 9] VGC 2026 Reg I","players":["bullgod4ever","ooooiuo"],"log":"|j|\u2606bullgod4ever\n|j|\u2606ooooiuo\n|t:|1768110608\n|gametype|doubles\n|player|p1|bullgod4ever|169|1262\n|player|p2|ooooiuo|iris-gen5bw2|1282\n|gen|9\n|tier|[Gen 9] VGC 2026 Reg I\n|rated|\n|rule|Species Clause: Limit one of each Pok\u00e9mon\n|rule|Item Clause: Limit 1 of each item\n|clearpoke\n|poke|p1|Calyrex-Shadow, L50|\n|poke|p1|Zamazenta-*, L50|\n|poke|p1|Chien-Pao, L50|\n|poke|p1|Dragonite, L50, F|\n|poke|p1|Amoonguss, L50, M|\n|poke|p1|Ogerpon-Cornerstone, L50, F|\n|poke|p2|Zamazenta-*, L50|\n|poke|p2|Calyrex-Shadow, L50|\n|poke|p2|Tornadus, L50, M|\n|poke|p2|Raging Bolt, L50|\n|poke|p2|Chien-Pao, L50|\n|poke|p2|Amoonguss, L50, F|\n|teampreview|4\n|inactive|Battle timer is ON: inactive players will automatically lose when time's up. (requested by bullgod4ever)\n|\n|t:|1768110648\n|teamsize|p1|4\n|teamsize|p2|4\n|start\n|switch|p1a: Dragonite|Dragonite, L50, F|100/100\n|switch|p1b: Chien-Pao|Chien-Pao, L50|100/100\n|switch|p2a: Chien-Pao|Chien-Pao, L50|100/100\n|switch|p2b: Zamazenta|Zamazenta-Crowned, L50|100/100\n|-ability|p2a: Chien-Pao|Sword of Ruin\n|-ability|p1b: Chien-Pao|Sword of Ruin\n|-ability|p2b: Zamazenta|Dauntless Shield|boost\n|-boost|p2b: Zamazenta|def|1\n|turn|1\n|\n|t:|1768110672\n|-terastallize|p1b: Chien-Pao|Ghost\n|move|p1a: Dragonite|Extreme Speed|p2a: Chien-Pao\n|-damage|p2a: Chien-Pao|34/100\n|move|p2a: Chien-Pao|Ice Spinner|p1a: Dragonite\n|-supereffective|p1a: Dragonite\n|-damage|p1a: Dragonite|0 fnt\n|faint|p1a: Dragonite\n|move|p1b: Chien-Pao|Ruination|p2b: Zamazenta\n|-damage|p2b: Zamazenta|51/100\n|move|p2b: Zamazenta|Body Press|p1b: Chien-Pao\n|-immune|p1b: Chien-Pao\n|\n|upkeep\n|\n|t:|1768110692\n|switch|p1a: Zamazenta|Zamazenta-Crowned, L50|100/100\n|-ability|p1a: Zamazenta|Dauntless Shield|boost\n|-boost|p1a: Zamazenta|def|1\n|turn|2\n|\n|t:|1768110714\n|switch|p1b: Calyrex|Calyrex-Shadow, L50|100/100\n|-ability|p1b: Calyrex|As One\n|-ability|p1b: Calyrex|Unnerve\n|move|p2b: Zamazenta|Protect|p2b: Zamazenta\n|-singleturn|p2b: Zamazenta|Protect\n|move|p2a: Chien-Pao|Taunt|p1a: Zamazenta\n|-start|p1a: Zamazenta|move: Taunt\n|move|p1a: Zamazenta|Body Press|p2b: Zamazenta\n|-activate|p2b: Zamazenta|move: Protect\n|\n|upkeep\n|turn|3\n|\n|t:|1768110738\n|move|p2b: Zamazenta|Wide Guard|p2b: Zamazenta\n|-singleturn|p2b: Zamazenta|Wide Guard\n|move|p1b: Calyrex|Encore|p2a: Chien-Pao\n|-start|p2a: Chien-Pao|Encore\n|move|p2a: Chien-Pao|Taunt||[still]\n|-fail|p2a: Chien-Pao\n|move|p1a: Zamazenta|Body Press|p2b: Zamazenta\n|-supereffective|p2b: Zamazenta\n|-damage|p2b: Zamazenta|0 fnt\n|faint|p2b: Zamazenta\n|\n|upkeep\n|\n|t:|1768110751\n|switch|p2b: Calyrex|Calyrex-Shadow, L50|100/100\n|-ability|p2b: Calyrex|As One\n|-ability|p2b: Calyrex|Unnerve\n|turn|4\n|\n|t:|1768110765\n|switch|p2a: Raging Bolt|Raging Bolt, L50|100/100\n|-enditem|p2a: Raging Bolt|Booster Energy\n|-activate|p2a: Raging Bolt|ability: Protosynthesis|[fromitem]\n|-start|p2a: Raging Bolt|protosynthesisspa\n|-terastallize|p2b: Calyrex|Ghost\n|move|p1b: Calyrex|Astral Barrage|p2b: Calyrex|[spread] p2a,p2b\n|-supereffective|p2b: Calyrex\n|-damage|p2a: Raging Bolt|56/100\n|-enditem|p2b: Calyrex|Focus Sash\n|-damage|p2b: Calyrex|1/100\n|move|p2b: Calyrex|Astral Barrage|p1a: Zamazenta|[spread] p1a,p1b\n|-crit|p1a: Zamazenta\n|-supereffective|p1b: Calyrex\n|-damage|p1a: Zamazenta|18/100\n|-enditem|p1b: Calyrex|Focus Sash\n|-damage|p1b: Calyrex|1/100\n|move|p1a: Zamazenta|Behemoth Bash|p2b: Calyrex\n|-damage|p2b: Calyrex|0 fnt\n|faint|p2b: Calyrex\n|\n|-end|p1a: Zamazenta|move: Taunt\n|upkeep\n|inactive|ooooiuo has 30 seconds left.\n|\n|t:|1768110791\n|switch|p2b: Chien-Pao|Chien-Pao, L50|34/100\n|-ability|p2b: Chien-Pao|Sword of Ruin\n|turn|5\n|inactive|ooooiuo has 30 seconds left.\n|inactive|ooooiuo has 20 seconds left.\n|\n|t:|1768110828\n|move|p1b: Calyrex|Protect|p1b: Calyrex\n|-singleturn|p1b: Calyrex|Protect\n|move|p2a: Raging Bolt|Thunderclap|p1a: Zamazenta\n|-damage|p1a: Zamazenta|0 fnt\n|faint|p1a: Zamazenta\n|move|p2b: Chien-Pao|Icy Wind|p1b: Calyrex\n|-activate|p1b: Calyrex|move: Protect\n|\n|upkeep\n|\n|t:|1768110837\n|switch|p1a: Chien-Pao|Chien-Pao, L50, tera:Ghost|100/100\n|-ability|p1a: Chien-Pao|Sword of Ruin\n|turn|6\n|inactive|ooooiuo has 30 seconds left.\n|\n|t:|1768110875\n|move|p2a: Raging Bolt|Thunderclap|p1a: Chien-Pao\n|-damage|p1a: Chien-Pao|59/100\n|move|p1b: Calyrex|Encore|p2b: Chien-Pao\n|-start|p2b: Chien-Pao|Encore\n|move|p2b: Chien-Pao|Icy Wind|p1b: Calyrex|[spread] p1a,p1b\n|-damage|p1a: Chien-Pao|49/100\n|-damage|p1b: Calyrex|0 fnt\n|-unboost|p1a: Chien-Pao|spe|1\n|faint|p1b: Calyrex\n|move|p1a: Chien-Pao|Ice Spinner|p2a: Raging Bolt\n|-supereffective|p2a: Raging Bolt\n|-damage|p2a: Raging Bolt|0 fnt\n|faint|p2a: Raging Bolt\n|-end|p2a: Raging Bolt|Protosynthesis|[silent]\n|\n|upkeep\n|turn|7\n|\n|t:|1768110895\n|move|p1a: Chien-Pao|Sucker Punch|p2b: Chien-Pao\n|-resisted|p2b: Chien-Pao\n|-damage|p2b: Chien-Pao|15/100\n|move|p2b: Chien-Pao|Icy Wind|p1a: Chien-Pao\n|-damage|p1a: Chien-Pao|36/100\n|-unboost|p1a: Chien-Pao|spe|1\n|\n|upkeep\n|turn|8\n|\n|t:|1768110903\n|move|p1a: Chien-Pao|Sucker Punch|p2b: Chien-Pao\n|-resisted|p2b: Chien-Pao\n|-damage|p2b: Chien-Pao|0 fnt\n|faint|p2b: Chien-Pao\n|\n|win|bullgod4ever\n|raw|bullgod4ever's rating: 1262 &rarr; <strong>1288</strong><br />(+26 for winning)\n|raw|ooooiuo's rating: 1282 &rarr; <strong>1256</strong><br />(-26 for losing)\n|l|\u2606ooooiuo\n|player|p2|\n|c|\u2606bullgod4ever|Gg\n|l|\u2606bullgod4ever\n|player|p1|\n","uploadtime":1768111057,"views":11,"formatid":"gen9vgc2026regi","rating":1256,"private":0,"password":null}