{"id":"gen9vgc2026regi-2580611214","format":"[Gen 9] VGC 2026 Reg I","players":["4Test4","sunny_zong4"],"log":"|j|\u26064Test4\n|j|\u2606sunny_zong4\n|t:|1775917931\n|gametype|doubles\n|player|p1|4Test4|blue|1390\n|player|p2|sunny_zong4|265|1443\n|gen|9\n|tier|[Gen 9] VGC 2026 Reg I\n|rated|\n|rule|Species Clause: Limit one of each Pok\u00e9mon\n|rule|Item Clause: Limit 1 of each item\n|clearpoke\n|poke|p1|Calyrex-Shadow, L50|\n|poke|p1|Zamazenta-*, L50|\n|poke|p1|Incineroar, L50, F|\n|poke|p1|Raging Bolt, L50|\n|poke|p1|Whimsicott, L50, M|\n|poke|p1|Ogerpon-Wellspring, L50, F|\n|poke|p2|Grimmsnarl, L50, M|\n|poke|p2|Miraidon, L50|\n|poke|p2|Groudon, L50|\n|poke|p2|Wo-Chien, L50|\n|poke|p2|Ting-Lu, L50|\n|poke|p2|Landorus-Therian, L50, M|\n|teampreview|4\n|inactive|Battle timer is ON: inactive players will automatically lose when time's up. (requested by sunny_zong4)\n|j| VegitoSKBEST\n|inactive|4Test4 has 60 seconds left.\n|inactive|sunny_zong4 has 60 seconds left.\n|\n|t:|1775917979\n|teamsize|p1|4\n|teamsize|p2|4\n|start\n|switch|p1a: Calyrex|Calyrex-Shadow, L50|100/100\n|switch|p1b: Zamazenta|Zamazenta-Crowned, L50|100/100\n|switch|p2a: Wo-Chien|Wo-Chien, L50|100/100\n|switch|p2b: Grimmsnarl|Grimmsnarl, L50, M|100/100\n|-ability|p1a: Calyrex|As One\n|-ability|p1a: Calyrex|Unnerve\n|-ability|p1b: Zamazenta|Dauntless Shield|boost\n|-boost|p1b: Zamazenta|def|1\n|-ability|p2a: Wo-Chien|Tablets of Ruin\n|turn|1\n|\n|t:|1775917993\n|move|p2b: Grimmsnarl|Reflect|p2b: Grimmsnarl\n|-sidestart|p2: sunny_zong4|Reflect\n|move|p1a: Calyrex|Nasty Plot|p1a: Calyrex\n|-boost|p1a: Calyrex|spa|2\n|move|p1b: Zamazenta|Body Press|p2a: Wo-Chien\n|-supereffective|p2a: Wo-Chien\n|-damage|p2a: Wo-Chien|34/100\n|move|p2a: Wo-Chien|Snarl|p1b: Zamazenta|[spread] p1a,p1b\n|-supereffective|p1a: Calyrex\n|-resisted|p1b: Zamazenta\n|-damage|p1a: Calyrex|39/100\n|-damage|p1b: Zamazenta|96/100\n|-unboost|p1a: Calyrex|spa|1\n|-unboost|p1b: Zamazenta|spa|1\n|\n|-heal|p2a: Wo-Chien|40/100|[from] item: Leftovers\n|upkeep\n|turn|2\n|\n|t:|1775918011\n|-terastallize|p1a: Calyrex|Ghost\n|move|p2a: Wo-Chien|Protect|p2a: Wo-Chien\n|-singleturn|p2a: Wo-Chien|Protect\n|move|p2b: Grimmsnarl|Light Screen|p2b: Grimmsnarl\n|-sidestart|p2: sunny_zong4|move: Light Screen\n|move|p1a: Calyrex|Astral Barrage|p2b: Grimmsnarl|[spread] p2b\n|-activate|p2a: Wo-Chien|move: Protect\n|-resisted|p2b: Grimmsnarl\n|-damage|p2b: Grimmsnarl|72/100\n|move|p1b: Zamazenta|Body Press|p2a: Wo-Chien\n|-activate|p2a: Wo-Chien|move: Protect\n|\n|-heal|p2a: Wo-Chien|46/100|[from] item: Leftovers\n|upkeep\n|turn|3\n|l| VegitoSKBEST\n|\n|t:|1775918034\n|-terastallize|p2a: Wo-Chien|Water\n|move|p1a: Calyrex|Protect|p1a: Calyrex\n|-singleturn|p1a: Calyrex|Protect\n|move|p1b: Zamazenta|Heavy Slam|p2b: Grimmsnarl\n|-supereffective|p2b: Grimmsnarl\n|-damage|p2b: Grimmsnarl|11/100\n|move|p2a: Wo-Chien|Snarl|p1b: Zamazenta|[spread] p1b\n|-activate|p1a: Calyrex|move: Protect\n|-resisted|p1b: Zamazenta\n|-damage|p1b: Zamazenta|92/100\n|-unboost|p1b: Zamazenta|spa|1\n|move|p2b: Grimmsnarl|Foul Play|p1a: Calyrex\n|-activate|p1a: Calyrex|move: Protect\n|\n|-heal|p2a: Wo-Chien|53/100|[from] item: Leftovers\n|upkeep\n|turn|4\n|\n|t:|1775918047\n|move|p2a: Wo-Chien|Protect|p2a: Wo-Chien\n|-singleturn|p2a: Wo-Chien|Protect\n|move|p2b: Grimmsnarl|Thunder Wave|p1a: Calyrex\n|-status|p1a: Calyrex|par\n|move|p1b: Zamazenta|Body Press|p2a: Wo-Chien\n|-activate|p2a: Wo-Chien|move: Protect\n|cant|p1a: Calyrex|par\n|\n|-heal|p2a: Wo-Chien|59/100|[from] item: Leftovers\n|upkeep\n|turn|5\n|\n|t:|1775918067\n|switch|p2b: Groudon|Groudon, L50|100/100\n|-weather|SunnyDay|[from] ability: Drought|[of] p2b: Groudon\n|move|p1b: Zamazenta|Body Press|p2a: Wo-Chien\n|-damage|p2a: Wo-Chien|27/100\n|cant|p1a: Calyrex|par\n|move|p2a: Wo-Chien|Snarl|p1b: Zamazenta|[spread] p1a,p1b\n|-supereffective|p1a: Calyrex\n|-resisted|p1b: Zamazenta\n|-damage|p1a: Calyrex|10/100 par\n|-damage|p1b: Zamazenta|88/100\n|-unboost|p1a: Calyrex|spa|1\n|-unboost|p1b: Zamazenta|spa|1\n|\n|-weather|SunnyDay|[upkeep]\n|-heal|p2a: Wo-Chien|33/100|[from] item: Leftovers\n|upkeep\n|turn|6\n|\n|t:|1775918080\n|move|p1b: Zamazenta|Wide Guard|p1b: Zamazenta\n|-singleturn|p1b: Zamazenta|Wide Guard\n|move|p1a: Calyrex|Astral Barrage|p2a: Wo-Chien|[spread] p2a,p2b\n|-damage|p2a: Wo-Chien|6/100\n|-damage|p2b: Groudon|69/100\n|move|p2b: Groudon|Precipice Blades|p1b: Zamazenta|[spread] \n|-activate|p1a: Calyrex|move: Wide Guard\n|-activate|p1b: Zamazenta|move: Wide Guard\n|move|p2a: Wo-Chien|Leech Seed|p1b: Zamazenta\n|-start|p1b: Zamazenta|move: Leech Seed\n|\n|-weather|SunnyDay|[upkeep]\n|-heal|p2a: Wo-Chien|12/100|[from] item: Leftovers\n|-damage|p1b: Zamazenta|76/100|[from] Leech Seed|[of] p2a: Wo-Chien\n|-heal|p2a: Wo-Chien|25/100|[silent]\n|upkeep\n|turn|7\n|\n|t:|1775918096\n|switch|p1b: Incineroar|Incineroar, L50, F|100/100\n|-ability|p1b: Incineroar|Intimidate|boost\n|-unboost|p2a: Wo-Chien|atk|1\n|-unboost|p2b: Groudon|atk|1\n|move|p2a: Wo-Chien|Protect|p2a: Wo-Chien\n|-singleturn|p2a: Wo-Chien|Protect\n|move|p1a: Calyrex|Astral Barrage|p2a: Wo-Chien|[spread] p2b\n|-activate|p2a: Wo-Chien|move: Protect\n|-damage|p2b: Groudon|40/100\n|move|p2b: Groudon|Heat Crash|p1a: Calyrex\n|-damage|p1a: Calyrex|0 fnt\n|faint|p1a: Calyrex\n|\n|-weather|SunnyDay|[upkeep]\n|-heal|p2a: Wo-Chien|31/100|[from] item: Leftovers\n|upkeep\n|\n|t:|1775918112\n|switch|p1a: Ogerpon|Ogerpon-Wellspring, L50, F|100/100\n|turn|8\n|\n|t:|1775918125\n|switch|p2a: Miraidon|Miraidon, L50|100/100\n|-fieldstart|move: Electric Terrain|[from] ability: Hadron Engine|[of] p2a: Miraidon\n|move|p1b: Incineroar|Fake Out|p2b: Groudon\n|-damage|p2b: Groudon|35/100\n|move|p1a: Ogerpon|Horn Leech|p2a: Miraidon\n|-resisted|p2a: Miraidon\n|-crit|p2a: Miraidon\n|-damage|p2a: Miraidon|76/100\n|cant|p2b: Groudon|flinch\n|\n|-weather|SunnyDay|[upkeep]\n|-sideend|p2: sunny_zong4|Reflect\n|upkeep\n|turn|9\n|\n|t:|1775918138\n|move|p2a: Miraidon|Parabolic Charge|p1b: Incineroar|[spread] p1a,p1b\n|-immune|p2b: Groudon\n|-damage|p1a: Ogerpon|40/100\n|-heal|p2a: Miraidon|100/100|[from] drain|[of] p1a: Ogerpon\n|-damage|p1b: Incineroar|52/100\n|-damage|p2a: Miraidon|91/100|[from] item: Life Orb\n|move|p1a: Ogerpon|Horn Leech|p2b: Groudon\n|-supereffective|p2b: Groudon\n|-damage|p2b: Groudon|0 fnt\n|-heal|p1a: Ogerpon|59/100|[from] drain|[of] p2b: Groudon\n|faint|p2b: Groudon\n|move|p1b: Incineroar|Parting Shot|p2a: Miraidon\n|-unboost|p2a: Miraidon|atk|1\n|-unboost|p2a: Miraidon|spa|1\n|\n|t:|1775918154\n|switch|p1b: Zamazenta|Zamazenta-Crowned, L50|76/100|[from] Parting Shot\n|\n|-weather|none\n|-sideend|p2: sunny_zong4|move: Light Screen\n|upkeep\n|\n|t:|1775918157\n|switch|p2b: Grimmsnarl|Grimmsnarl, L50, M|11/100\n|turn|10\n|\n|t:|1775918164\n|move|p1a: Ogerpon|Spiky Shield|p1a: Ogerpon\n|-singleturn|p1a: Ogerpon|move: Protect\n|move|p1b: Zamazenta|Protect|p1b: Zamazenta\n|-singleturn|p1b: Zamazenta|Protect\n|move|p2b: Grimmsnarl|Reflect|p2b: Grimmsnarl\n|-sidestart|p2: sunny_zong4|Reflect\n|move|p2a: Miraidon|Volt Switch|p1b: Zamazenta\n|-activate|p1b: Zamazenta|move: Protect\n|\n|upkeep\n|turn|11\n|inactive|sunny_zong4 has 30 seconds left.\n|\n|t:|1775918196\n|move|p2b: Grimmsnarl|Thunder Wave|p1b: Zamazenta\n|-status|p1b: Zamazenta|par\n|move|p1a: Ogerpon|Horn Leech|p2a: Miraidon\n|-resisted|p2a: Miraidon\n|-damage|p2a: Miraidon|79/100\n|-heal|p1a: Ogerpon|66/100|[from] drain|[of] p2a: Miraidon\n|move|p2a: Miraidon|Electro Drift|p1b: Zamazenta\n|-damage|p1b: Zamazenta|26/100 par\n|-damage|p2a: Miraidon|69/100|[from] item: Life Orb\n|move|p1b: Zamazenta|Heavy Slam|p2b: Grimmsnarl\n|-supereffective|p2b: Grimmsnarl\n|-damage|p2b: Grimmsnarl|0 fnt\n|faint|p2b: Grimmsnarl\n|\n|upkeep\n|\n|t:|1775918197\n|switch|p2b: Wo-Chien|Wo-Chien, L50, tera:Water|31/100\n|-ability|p2b: Wo-Chien|Tablets of Ruin\n|turn|12\n|\n|t:|1775918210\n|move|p1a: Ogerpon|Spiky Shield|p1a: Ogerpon\n|-singleturn|p1a: Ogerpon|move: Protect\n|move|p2b: Wo-Chien|Protect|p2b: Wo-Chien\n|-singleturn|p2b: Wo-Chien|Protect\n|move|p2a: Miraidon|Parabolic Charge|p1a: Ogerpon|[spread] p1b\n|-activate|p2b: Wo-Chien|move: Protect\n|-activate|p1a: Ogerpon|move: Protect\n|-damage|p1b: Zamazenta|0 fnt\n|-heal|p2a: Miraidon|82/100|[from] drain|[of] p1b: Zamazenta\n|faint|p1b: Zamazenta\n|-damage|p2a: Miraidon|73/100|[from] item: Life Orb\n|\n|-heal|p2b: Wo-Chien|37/100|[from] item: Leftovers\n|-fieldend|move: Electric Terrain\n|upkeep\n|\n|t:|1775918218\n|switch|p1b: Incineroar|Incineroar, L50, F|52/100\n|-ability|p1b: Incineroar|Intimidate|boost\n|-unboost|p2a: Miraidon|atk|1\n|-unboost|p2b: Wo-Chien|atk|1\n|turn|13\n|\n|t:|1775918233\n|move|p1b: Incineroar|Fake Out|p2a: Miraidon\n|-damage|p2a: Miraidon|68/100\n|move|p1a: Ogerpon|Horn Leech|p2b: Wo-Chien\n|-supereffective|p2b: Wo-Chien\n|-damage|p2b: Wo-Chien|0 fnt\n|-heal|p1a: Ogerpon|85/100|[from] drain|[of] p2b: Wo-Chien\n|faint|p2b: Wo-Chien\n|cant|p2a: Miraidon|flinch\n|\n|upkeep\n|turn|14\n|\n|t:|1775918248\n|move|p1a: Ogerpon|Spiky Shield|p1a: Ogerpon\n|-singleturn|p1a: Ogerpon|move: Protect\n|move|p2a: Miraidon|Parabolic Charge|p1b: Incineroar|[spread] p1b\n|-activate|p1a: Ogerpon|move: Protect\n|-damage|p1b: Incineroar|33/100\n|-heal|p2a: Miraidon|78/100|[from] drain|[of] p1b: Incineroar\n|-damage|p2a: Miraidon|68/100|[from] item: Life Orb\n|move|p1b: Incineroar|Will-O-Wisp|p2a: Miraidon|[miss]\n|-miss|p1b: Incineroar|p2a: Miraidon\n|\n|upkeep\n|turn|15\n|\n|t:|1775918270\n|move|p2a: Miraidon|Electro Drift|p1b: Incineroar\n|-damage|p1b: Incineroar|0 fnt\n|-damage|p2a: Miraidon|52/100|[from] item: Rocky Helmet|[of] p1b: Incineroar\n|faint|p1b: Incineroar\n|-damage|p2a: Miraidon|42/100|[from] item: Life Orb\n|move|p1a: Ogerpon|Ivy Cudgel|p2a: Miraidon|[anim] Ivy Cudgel Water\n|-resisted|p2a: Miraidon\n|-damage|p2a: Miraidon|27/100\n|\n|upkeep\n|turn|16\n|\n|t:|1775918281\n|move|p1a: Ogerpon|Spiky Shield|p1a: Ogerpon\n|-singleturn|p1a: Ogerpon|move: Protect\n|move|p2a: Miraidon|Parabolic Charge|p1a: Ogerpon\n|-activate|p1a: Ogerpon|move: Protect\n|\n|upkeep\n|turn|17\n|\n|t:|1775918291\n|move|p2a: Miraidon|Parabolic Charge|p1a: Ogerpon\n|-damage|p1a: Ogerpon|54/100\n|-heal|p2a: Miraidon|42/100|[from] drain|[of] p1a: Ogerpon\n|-damage|p2a: Miraidon|32/100|[from] item: Life Orb\n|move|p1a: Ogerpon|Horn Leech|p2a: Miraidon\n|-resisted|p2a: Miraidon\n|-damage|p2a: Miraidon|21/100\n|-heal|p1a: Ogerpon|60/100|[from] drain|[of] p2a: Miraidon\n|\n|-sideend|p2: sunny_zong4|Reflect\n|upkeep\n|turn|18\n|\n|t:|1775918304\n|move|p1a: Ogerpon|Spiky Shield|p1a: Ogerpon\n|-singleturn|p1a: Ogerpon|move: Protect\n|move|p2a: Miraidon|Electro Drift|p1a: Ogerpon\n|-activate|p1a: Ogerpon|move: Protect\n|-damage|p2a: Miraidon|8/100|[from] Spiky Shield|[of] p1a: Ogerpon\n|\n|upkeep\n|turn|19\n|\n|t:|1775918314\n|move|p1a: Ogerpon|Ivy Cudgel|p2a: Miraidon|[anim] Ivy Cudgel Water\n|-resisted|p2a: Miraidon\n|-crit|p2a: Miraidon\n|-damage|p2a: Miraidon|0 fnt\n|faint|p2a: Miraidon\n|\n|win|4Test4\n|raw|4Test4's rating: 1390 &rarr; <strong>1413</strong><br />(+23 for winning)\n|raw|sunny_zong4's rating: 1443 &rarr; <strong>1420</strong><br />(-23 for losing)\n|l|\u2606sunny_zong4\n|player|p2|\n|l|\u26064Test4\n|player|p1|\n|j|\u26064Test4\n|player|p1|4Test4|blue|\n","uploadtime":1775918412,"views":16,"formatid":"gen9vgc2026regi","rating":1413,"private":0,"password":null}