{"id":"gen9vgc2026regi-2570854989","format":"[Gen 9] VGC 2026 Reg I","players":["randomcatFFR","poeppauze.nl"],"log":"|j|\u2606randomcatFFR\n|j|\u2606poeppauze.nl\n|t:|1774859833\n|gametype|doubles\n|player|p1|randomcatFFR|bugcatcher-gen4dp|1456\n|player|p2|poeppauze.nl|1|1413\n|gen|9\n|tier|[Gen 9] VGC 2026 Reg I\n|rated|\n|rule|Species Clause: Limit one of each Pok\u00e9mon\n|rule|Item Clause: Limit 1 of each item\n|clearpoke\n|poke|p1|Miraidon, L50|\n|poke|p1|Lunala, L50|\n|poke|p1|Whimsicott, L50, F|\n|poke|p1|Urshifu-*, L50, F|\n|poke|p1|Incineroar, L50, M|\n|poke|p1|Ursaluna, L50, F|\n|poke|p2|Rillaboom, L50, M|\n|poke|p2|Zamazenta-*, L50|\n|poke|p2|Chien-Pao, L50|\n|poke|p2|Kyogre, L50|\n|poke|p2|Landorus, L50, M|\n|poke|p2|Latios, L50, M|\n|teampreview|4\n|\n|t:|1774859877\n|teamsize|p1|4\n|teamsize|p2|4\n|start\n|switch|p1a: Miraidon|Miraidon, L50|100/100\n|switch|p1b: Incineroar|Incineroar, L50, M|100/100\n|switch|p2a: Landorus|Landorus, L50, M|100/100\n|switch|p2b: Kyogre|Kyogre, L50|100/100\n|-fieldstart|move: Electric Terrain|[from] ability: Hadron Engine|[of] p1a: Miraidon\n|-ability|p1b: Incineroar|Intimidate|boost\n|-unboost|p2a: Landorus|atk|1\n|-unboost|p2b: Kyogre|atk|1\n|-weather|RainDance|[from] ability: Drizzle|[of] p2b: Kyogre\n|turn|1\n|\n|t:|1774859899\n|switch|p2a: Rillaboom|Rillaboom, L50, M|100/100\n|-fieldstart|move: Grassy Terrain|[from] ability: Grassy Surge|[of] p2a: Rillaboom\n|-terastallize|p2b: Kyogre|Grass\n|move|p1b: Incineroar|Fake Out|p2b: Kyogre\n|-damage|p2b: Kyogre|91/100\n|move|p1a: Miraidon|Draco Meteor|p2a: Rillaboom\n|-damage|p2a: Rillaboom|14/100\n|-unboost|p1a: Miraidon|spa|2\n|-damage|p1a: Miraidon|91/100|[from] item: Life Orb\n|cant|p2b: Kyogre|flinch\n|\n|-weather|RainDance|[upkeep]\n|-heal|p1a: Miraidon|97/100|[from] Grassy Terrain\n|-heal|p2a: Rillaboom|20/100|[from] Grassy Terrain\n|-heal|p2b: Kyogre|97/100|[from] Grassy Terrain\n|upkeep\n|turn|2\n|j| 801344244b\n|\n|t:|1774859936\n|-terastallize|p1b: Incineroar|Bug\n|move|p1a: Miraidon|Volt Switch|p2a: Rillaboom\n|-resisted|p2a: Rillaboom\n|-damage|p2a: Rillaboom|7/100\n|-damage|p1a: Miraidon|87/100|[from] item: Life Orb\n|\n|t:|1774859948\n|switch|p1a: Urshifu|Urshifu-Rapid-Strike, L50, F|100/100|[from] Volt Switch\n|move|p2a: Rillaboom|Wood Hammer|p1a: Urshifu\n|-supereffective|p1a: Urshifu\n|-damage|p1a: Urshifu|0 fnt\n|faint|p1a: Urshifu\n|-damage|p2a: Rillaboom|0 fnt|[from] Recoil\n|faint|p2a: Rillaboom\n|move|p1b: Incineroar|U-turn|p2b: Kyogre\n|-supereffective|p2b: Kyogre\n|-damage|p2b: Kyogre|43/100\n|\n|t:|1774859959\n|switch|p1b: Miraidon|Miraidon, L50|87/100|[from] U-turn\n|-fieldstart|move: Electric Terrain|[from] ability: Hadron Engine|[of] p1b: Miraidon\n|move|p2b: Kyogre|Water Spout|p1b: Miraidon\n|-resisted|p1b: Miraidon\n|-damage|p1b: Miraidon|64/100\n|\n|-weather|RainDance|[upkeep]\n|upkeep\n|\n|t:|1774859962\n|switch|p1a: Incineroar|Incineroar, L50, M, tera:Bug|100/100\n|switch|p2a: Landorus|Landorus, L50, M|100/100\n|-ability|p1a: Incineroar|Intimidate|boost\n|-unboost|p2a: Landorus|atk|1\n|-unboost|p2b: Kyogre|atk|1\n|turn|3\n|\n|t:|1774860007\n|move|p1a: Incineroar|Fake Out|p2a: Landorus\n|-damage|p2a: Landorus|88/100\n|cant|p2a: Landorus|flinch\n|move|p1b: Miraidon|Draco Meteor|p2a: Landorus\n|-crit|p2a: Landorus\n|-damage|p2a: Landorus|0 fnt\n|-unboost|p1b: Miraidon|spa|2\n|faint|p2a: Landorus\n|-damage|p1b: Miraidon|55/100|[from] item: Life Orb\n|move|p2b: Kyogre|Origin Pulse|p1b: Miraidon|[spread] p1b\n|-miss|p2b: Kyogre|p1a: Incineroar\n|-resisted|p1b: Miraidon\n|-damage|p1b: Miraidon|25/100\n|\n|-weather|RainDance|[upkeep]\n|upkeep\n|\n|t:|1774860022\n|switch|p2a: Chien-Pao|Chien-Pao, L50|100/100\n|-ability|p2a: Chien-Pao|Sword of Ruin\n|turn|4\n|\n|t:|1774860047\n|move|p2a: Chien-Pao|Icicle Crash|p1a: Incineroar\n|-damage|p1a: Incineroar|44/100\n|move|p1b: Miraidon|Volt Switch|p2a: Chien-Pao\n|-damage|p2a: Chien-Pao|39/100\n|-damage|p1b: Miraidon|15/100|[from] item: Life Orb\n|\n|t:|1774860052\n|switch|p1b: Lunala|Lunala, L50|100/100|[from] Volt Switch\n|-enditem|p1b: Lunala|Electric Seed\n|-boost|p1b: Lunala|def|1|[from] item: Electric Seed\n|move|p1a: Incineroar|U-turn|p2b: Kyogre\n|-supereffective|p2b: Kyogre\n|-damage|p2b: Kyogre|0 fnt\n|faint|p2b: Kyogre\n|\n|t:|1774860057\n|switch|p1a: Miraidon|Miraidon, L50|15/100|[from] U-turn\n|-activate|p1a: Miraidon|ability: Hadron Engine\n|\n|-weather|RainDance|[upkeep]\n|upkeep\n|turn|5\n|-message|poeppauze.nl forfeited.\n|\n|win|randomcatFFR\n|raw|randomcatFFR's rating: 1456 &rarr; <strong>1474</strong><br />(+18 for winning)\n|raw|poeppauze.nl's rating: 1413 &rarr; <strong>1395</strong><br />(-18 for losing)\n|l| 801344244b\n|l|\u2606poeppauze.nl\n|player|p2|\n|l|\u2606randomcatFFR\n|player|p1|\n","uploadtime":1774860240,"views":11,"formatid":"gen9vgc2026regi","rating":1395,"private":0,"password":null}