{"id":"gen9vgc2026regi-2544068520","format":"[Gen 9] VGC 2026 Reg I","players":["TheManOfSausage","123456ag"],"log":"|j|\u2606TheManOfSausage\n|j|\u2606123456ag\n|t:|1771650765\n|gametype|doubles\n|player|p1|TheManOfSausage|miku-water|1496\n|player|p2|123456ag|swimmerf-gen4dp|1509\n|gen|9\n|tier|[Gen 9] VGC 2026 Reg I\n|rated|\n|rule|Species Clause: Limit one of each Pok\u00e9mon\n|rule|Item Clause: Limit 1 of each item\n|clearpoke\n|poke|p1|Kyogre, L50|\n|poke|p1|Zacian-*, L50|\n|poke|p1|Tsareena, L50, F|\n|poke|p1|Urshifu-*, L50, M|\n|poke|p1|Tornadus, L50, M|\n|poke|p1|Landorus, L50, M|\n|poke|p2|Calyrex-Ice, L50|\n|poke|p2|Miraidon, L50|\n|poke|p2|Incineroar, L50, M|\n|poke|p2|Urshifu-*, L50, F|\n|poke|p2|Grimmsnarl, L50, M|\n|poke|p2|Landorus, L50, M|\n|teampreview|4\n|\n|t:|1771650824\n|teamsize|p1|4\n|teamsize|p2|4\n|start\n|switch|p1a: Kyogre|Kyogre, L50|100/100\n|switch|p1b: Urshifu|Urshifu-Rapid-Strike, L50, M|100/100\n|switch|p2a: Grimmsnarl|Grimmsnarl, L50, M|100/100\n|switch|p2b: Miraidon|Miraidon, L50|100/100\n|-fieldstart|move: Electric Terrain|[from] ability: Hadron Engine|[of] p2b: Miraidon\n|-weather|RainDance|[from] ability: Drizzle|[of] p1a: Kyogre\n|turn|1\n|\n|t:|1771650864\n|switch|p1a: Tsareena|Tsareena, L50, F|100/100\n|move|p2a: Grimmsnarl|Reflect|p2a: Grimmsnarl\n|-sidestart|p2: 123456ag|Reflect\n|move|p1b: Urshifu|U-turn|p2b: Miraidon\n|-damage|p2b: Miraidon|86/100\n|\n|t:|1771650874\n|switch|p1b: Zacian|Zacian-Crowned, L50|100/100|[from] U-turn\n|-ability|p1b: Zacian|Intrepid Sword|boost\n|-boost|p1b: Zacian|atk|1\n|move|p2b: Miraidon|Volt Switch|p1a: Tsareena\n|-resisted|p1a: Tsareena\n|-crit|p1a: Tsareena\n|-damage|p1a: Tsareena|40/100\n|\n|t:|1771650885\n|switch|p2b: Urshifu|Urshifu-Rapid-Strike, L50, F|100/100|[from] Volt Switch\n|\n|-weather|RainDance|[upkeep]\n|upkeep\n|turn|2\n|\n|t:|1771650906\n|-terastallize|p2b: Urshifu|Water\n|move|p2a: Grimmsnarl|Thunder Wave||[still]\n|cant|p1a: Tsareena|ability: Queenly Majesty|Thunder Wave|[of] p2a: Grimmsnarl\n|move|p1b: Zacian|Play Rough|p2b: Urshifu\n|-damage|p2b: Urshifu|53/100\n|move|p1a: Tsareena|U-turn|p2a: Grimmsnarl\n|-damage|p2a: Grimmsnarl|82/100\n|\n|t:|1771650912\n|switch|p1a: Urshifu|Urshifu-Rapid-Strike, L50, M|100/100|[from] U-turn\n|move|p2b: Urshifu|Surging Strikes|p1b: Zacian\n|-crit|p1b: Zacian\n|-damage|p1b: Zacian|53/100\n|-crit|p1b: Zacian\n|-damage|p1b: Zacian|7/100\n|-crit|p1b: Zacian\n|-damage|p1b: Zacian|0 fnt\n|faint|p1b: Zacian\n|-hitcount|p1: Zacian|3\n|\n|-weather|RainDance|[upkeep]\n|upkeep\n|\n|t:|1771650916\n|switch|p1b: Tsareena|Tsareena, L50, F|40/100\n|turn|3\n|\n|t:|1771650980\n|-terastallize|p1a: Urshifu|Water\n|move|p1b: Tsareena|Protect|p1b: Tsareena\n|-singleturn|p1b: Tsareena|Protect\n|move|p1a: Urshifu|Surging Strikes|p2b: Urshifu\n|-resisted|p2b: Urshifu\n|-crit|p2b: Urshifu\n|-damage|p2b: Urshifu|33/100\n|-resisted|p2b: Urshifu\n|-crit|p2b: Urshifu\n|-damage|p2b: Urshifu|13/100\n|-resisted|p2b: Urshifu\n|-crit|p2b: Urshifu\n|-damage|p2b: Urshifu|0 fnt\n|faint|p2b: Urshifu\n|-hitcount|p2: Urshifu|3\n|move|p2a: Grimmsnarl|Spirit Break|p1a: Urshifu\n|-damage|p1a: Urshifu|72/100\n|-unboost|p1a: Urshifu|spa|1\n|\n|-weather|RainDance|[upkeep]\n|upkeep\n|\n|t:|1771650999\n|switch|p2b: Miraidon|Miraidon, L50|86/100\n|-activate|p2b: Miraidon|ability: Hadron Engine\n|turn|4\n|j| duckiepatlong\n|\n|t:|1771651014\n|move|p1b: Tsareena|Helping Hand|p1a: Urshifu\n|-singleturn|p1a: Urshifu|Helping Hand|[of] p1b: Tsareena\n|move|p2a: Grimmsnarl|Light Screen|p2a: Grimmsnarl\n|-sidestart|p2: 123456ag|move: Light Screen\n|move|p1a: Urshifu|Surging Strikes|p2b: Miraidon\n|-resisted|p2b: Miraidon\n|-crit|p2b: Miraidon\n|-damage|p2b: Miraidon|57/100\n|-resisted|p2b: Miraidon\n|-crit|p2b: Miraidon\n|-damage|p2b: Miraidon|28/100\n|-resisted|p2b: Miraidon\n|-crit|p2b: Miraidon\n|-damage|p2b: Miraidon|0 fnt\n|faint|p2b: Miraidon\n|-hitcount|p2: Miraidon|3\n|\n|-weather|RainDance|[upkeep]\n|upkeep\n|\n|t:|1771651028\n|switch|p2b: Calyrex|Calyrex-Ice, L50|100/100\n|-ability|p2b: Calyrex|As One\n|-ability|p2b: Calyrex|Unnerve\n|turn|5\n|\n|t:|1771651040\n|move|p1b: Tsareena|Helping Hand|p1a: Urshifu\n|-singleturn|p1a: Urshifu|Helping Hand|[of] p1b: Tsareena\n|move|p1a: Urshifu|Surging Strikes|p2b: Calyrex\n|-crit|p2b: Calyrex\n|-damage|p2b: Calyrex|57/100\n|-crit|p2b: Calyrex\n|-damage|p2b: Calyrex|15/100\n|-crit|p2b: Calyrex\n|-damage|p2b: Calyrex|0 fnt\n|faint|p2b: Calyrex\n|-hitcount|p2: Calyrex|3\n|move|p2a: Grimmsnarl|Spirit Break|p1a: Urshifu\n|-damage|p1a: Urshifu|39/100\n|-unboost|p1a: Urshifu|spa|1\n|\n|-weather|none\n|-fieldend|move: Electric Terrain\n|upkeep\n|turn|6\n|-message|123456ag forfeited.\n|\n|win|TheManOfSausage\n|raw|TheManOfSausage's rating: 1496 &rarr; <strong>1517</strong><br />(+21 for winning)\n|raw|123456ag's rating: 1509 &rarr; <strong>1488</strong><br />(-21 for losing)\n|l|\u2606123456ag\n|player|p2|\n|l|\u2606TheManOfSausage\n|player|p1|\n|l| duckiepatlong\n","uploadtime":1771651235,"views":23,"formatid":"gen9vgc2026regi","rating":1488,"private":0,"password":null}