{"id":"gen9vgc2026regi-2537952463","format":"[Gen 9] VGC 2026 Reg I","players":["stayinawake","blackred123"],"log":"|j|\u2606stayinawake\n|j|\u2606blackred123\n|t:|1770868024\n|gametype|doubles\n|player|p1|stayinawake|102|1299\n|player|p2|blackred123|iono-masters|1486\n|gen|9\n|tier|[Gen 9] VGC 2026 Reg I\n|rated|\n|rule|Species Clause: Limit one of each Pok\u00e9mon\n|rule|Item Clause: Limit 1 of each item\n|clearpoke\n|poke|p1|Kyogre, L50|\n|poke|p1|Tornadus, L50, M|\n|poke|p1|Miraidon, L50|\n|poke|p1|Landorus, L50, M|\n|poke|p1|Pachirisu, L50, M|\n|poke|p1|Tsareena, L50, F|\n|poke|p2|Calyrex-Shadow, L50|\n|poke|p2|Zamazenta-*, L50|\n|poke|p2|Incineroar, L50, F|\n|poke|p2|Rillaboom, L50, F|\n|poke|p2|Ogerpon-Cornerstone, L50, F|\n|poke|p2|Tornadus, L50, M|\n|teampreview|4\n|inactive|Battle timer is ON: inactive players will automatically lose when time's up. (requested by blackred123)\n|inactive|stayinawake has 60 seconds left.\n|\n|t:|1770868060\n|teamsize|p1|4\n|teamsize|p2|4\n|start\n|switch|p1a: Pachirisu|Pachirisu, L50, M|100/100\n|switch|p1b: Tornadus|Tornadus, L50, M|100/100\n|switch|p2a: \u54c7\u8884\uff08\u72d7\u53eb\u58f0\uff09|Zamazenta-Crowned, L50|100/100\n|switch|p2b: \u90a3\u6211\u7f3a\u7684\u8425\u517b\u8fd9\u5757\u8c01\u7ed9\u6211\u8865\u554a\uff08\u6307\u8349\u573a\uff09|Rillaboom, L50, F|100/100\n|-ability|p2a: \u54c7\u8884\uff08\u72d7\u53eb\u58f0\uff09|Dauntless Shield|boost\n|-boost|p2a: \u54c7\u8884\uff08\u72d7\u53eb\u58f0\uff09|def|1\n|-fieldstart|move: Grassy Terrain|[from] ability: Grassy Surge|[of] p2b: \u90a3\u6211\u7f3a\u7684\u8425\u517b\u8fd9\u5757\u8c01\u7ed9\u6211\u8865\u554a\uff08\u6307\u8349\u573a\uff09\n|turn|1\n|\n|t:|1770868072\n|move|p2b: \u90a3\u6211\u7f3a\u7684\u8425\u517b\u8fd9\u5757\u8c01\u7ed9\u6211\u8865\u554a\uff08\u6307\u8349\u573a\uff09|Fake Out|p1a: Pachirisu\n|-damage|p1a: Pachirisu|84/100\n|move|p2a: \u54c7\u8884\uff08\u72d7\u53eb\u58f0\uff09|Body Press|p1a: Pachirisu\n|-damage|p1a: Pachirisu|0 fnt\n|faint|p1a: Pachirisu\n|move|p1b: Tornadus|Bleakwind Storm|p2b: \u90a3\u6211\u7f3a\u7684\u8425\u517b\u8fd9\u5757\u8c01\u7ed9\u6211\u8865\u554a\uff08\u6307\u8349\u573a\uff09|[spread] p2a,p2b\n|-supereffective|p2b: \u90a3\u6211\u7f3a\u7684\u8425\u517b\u8fd9\u5757\u8c01\u7ed9\u6211\u8865\u554a\uff08\u6307\u8349\u573a\uff09\n|-damage|p2a: \u54c7\u8884\uff08\u72d7\u53eb\u58f0\uff09|73/100\n|-damage|p2b: \u90a3\u6211\u7f3a\u7684\u8425\u517b\u8fd9\u5757\u8c01\u7ed9\u6211\u8865\u554a\uff08\u6307\u8349\u573a\uff09|56/100\n|\n|-heal|p2a: \u54c7\u8884\uff08\u72d7\u53eb\u58f0\uff09|79/100|[from] Grassy Terrain\n|-heal|p2b: \u90a3\u6211\u7f3a\u7684\u8425\u517b\u8fd9\u5757\u8c01\u7ed9\u6211\u8865\u554a\uff08\u6307\u8349\u573a\uff09|62/100|[from] Grassy Terrain\n|upkeep\n|\n|t:|1770868081\n|switch|p1a: Kyogre|Kyogre, L50|100/100\n|-weather|RainDance|[from] ability: Drizzle|[of] p1a: Kyogre\n|turn|2\n|\n|t:|1770868094\n|-terastallize|p2a: \u54c7\u8884\uff08\u72d7\u53eb\u58f0\uff09|Dragon\n|move|p1a: Kyogre|Protect|p1a: Kyogre\n|-singleturn|p1a: Kyogre|Protect\n|move|p1b: Tornadus|Tailwind|p1b: Tornadus\n|-sidestart|p1: stayinawake|move: Tailwind\n|move|p2b: \u90a3\u6211\u7f3a\u7684\u8425\u517b\u8fd9\u5757\u8c01\u7ed9\u6211\u8865\u554a\uff08\u6307\u8349\u573a\uff09|Grassy Glide|p1b: Tornadus\n|-resisted|p1b: Tornadus\n|-damage|p1b: Tornadus|76/100\n|move|p2a: \u54c7\u8884\uff08\u72d7\u53eb\u58f0\uff09|Heavy Slam|p1b: Tornadus\n|-damage|p1b: Tornadus|16/100\n|\n|-weather|RainDance|[upkeep]\n|-heal|p2a: \u54c7\u8884\uff08\u72d7\u53eb\u58f0\uff09|85/100|[from] Grassy Terrain\n|-heal|p2b: \u90a3\u6211\u7f3a\u7684\u8425\u517b\u8fd9\u5757\u8c01\u7ed9\u6211\u8865\u554a\uff08\u6307\u8349\u573a\uff09|67/100|[from] Grassy Terrain\n|upkeep\n|turn|3\n|\n|t:|1770868108\n|switch|p1b: Miraidon|Miraidon, L50|100/100\n|-fieldstart|move: Electric Terrain|[from] ability: Hadron Engine|[of] p1b: Miraidon\n|-terastallize|p1a: Kyogre|Water\n|move|p1a: Kyogre|Hydro Pump|p2b: \u90a3\u6211\u7f3a\u7684\u8425\u517b\u8fd9\u5757\u8c01\u7ed9\u6211\u8865\u554a\uff08\u6307\u8349\u573a\uff09\n|-resisted|p2b: \u90a3\u6211\u7f3a\u7684\u8425\u517b\u8fd9\u5757\u8c01\u7ed9\u6211\u8865\u554a\uff08\u6307\u8349\u573a\uff09\n|-damage|p2b: \u90a3\u6211\u7f3a\u7684\u8425\u517b\u8fd9\u5757\u8c01\u7ed9\u6211\u8865\u554a\uff08\u6307\u8349\u573a\uff09|12/100\n|move|p2a: \u54c7\u8884\uff08\u72d7\u53eb\u58f0\uff09|Body Press|p1a: Kyogre\n|-damage|p1a: Kyogre|13/100\n|move|p2b: \u90a3\u6211\u7f3a\u7684\u8425\u517b\u8fd9\u5757\u8c01\u7ed9\u6211\u8865\u554a\uff08\u6307\u8349\u573a\uff09|Grassy Glide|p1b: Miraidon\n|-resisted|p1b: Miraidon\n|-damage|p1b: Miraidon|85/100\n|\n|-weather|RainDance|[upkeep]\n|upkeep\n|turn|4\n|\n|t:|1770868124\n|switch|p2b: \u68cd\u7236|Tornadus, L50, M|100/100\n|move|p2a: \u54c7\u8884\uff08\u72d7\u53eb\u58f0\uff09|Protect|p2a: \u54c7\u8884\uff08\u72d7\u53eb\u58f0\uff09\n|-singleturn|p2a: \u54c7\u8884\uff08\u72d7\u53eb\u58f0\uff09|Protect\n|move|p1b: Miraidon|Dazzling Gleam|p2b: \u68cd\u7236|[spread] p2b\n|-activate|p2a: \u54c7\u8884\uff08\u72d7\u53eb\u58f0\uff09|move: Protect\n|-damage|p2b: \u68cd\u7236|63/100\n|move|p1a: Kyogre|Origin Pulse|p2b: \u68cd\u7236|[spread] p2b\n|-activate|p2a: \u54c7\u8884\uff08\u72d7\u53eb\u58f0\uff09|move: Protect\n|-damage|p2b: \u68cd\u7236|0 fnt\n|faint|p2b: \u68cd\u7236\n|\n|-weather|RainDance|[upkeep]\n|upkeep\n|\n|t:|1770868136\n|switch|p2b: \u90a3\u6211\u7f3a\u7684\u8425\u517b\u8fd9\u5757\u8c01\u7ed9\u6211\u8865\u554a\uff08\u6307\u8349\u573a\uff09|Rillaboom, L50, F|12/100\n|-fieldstart|move: Grassy Terrain|[from] ability: Grassy Surge|[of] p2b: \u90a3\u6211\u7f3a\u7684\u8425\u517b\u8fd9\u5757\u8c01\u7ed9\u6211\u8865\u554a\uff08\u6307\u8349\u573a\uff09\n|turn|5\n|\n|t:|1770868147\n|move|p2b: \u90a3\u6211\u7f3a\u7684\u8425\u517b\u8fd9\u5757\u8c01\u7ed9\u6211\u8865\u554a\uff08\u6307\u8349\u573a\uff09|Fake Out|p1b: Miraidon\n|-damage|p1b: Miraidon|71/100\n|cant|p1b: Miraidon|flinch\n|move|p1a: Kyogre|Origin Pulse|p2a: \u54c7\u8884\uff08\u72d7\u53eb\u58f0\uff09|[spread] p2a,p2b\n|-resisted|p2a: \u54c7\u8884\uff08\u72d7\u53eb\u58f0\uff09\n|-resisted|p2b: \u90a3\u6211\u7f3a\u7684\u8425\u517b\u8fd9\u5757\u8c01\u7ed9\u6211\u8865\u554a\uff08\u6307\u8349\u573a\uff09\n|-damage|p2a: \u54c7\u8884\uff08\u72d7\u53eb\u58f0\uff09|42/100\n|-damage|p2b: \u90a3\u6211\u7f3a\u7684\u8425\u517b\u8fd9\u5757\u8c01\u7ed9\u6211\u8865\u554a\uff08\u6307\u8349\u573a\uff09|0 fnt\n|faint|p2b: \u90a3\u6211\u7f3a\u7684\u8425\u517b\u8fd9\u5757\u8c01\u7ed9\u6211\u8865\u554a\uff08\u6307\u8349\u573a\uff09\n|move|p2a: \u54c7\u8884\uff08\u72d7\u53eb\u58f0\uff09|Body Press|p1b: Miraidon\n|-damage|p1b: Miraidon|0 fnt\n|faint|p1b: Miraidon\n|\n|-weather|RainDance|[upkeep]\n|-heal|p1a: Kyogre|19/100|[from] Grassy Terrain\n|-heal|p2a: \u54c7\u8884\uff08\u72d7\u53eb\u58f0\uff09|48/100|[from] Grassy Terrain\n|-sideend|p1: stayinawake|move: Tailwind\n|upkeep\n|\n|t:|1770868158\n|switch|p1b: Tornadus|Tornadus, L50, M|16/100\n|switch|p2b: \u5636\u9a6c\u51a0\u54e5|Calyrex-Shadow, L50|100/100\n|-ability|p2b: \u5636\u9a6c\u51a0\u54e5|As One\n|-ability|p2b: \u5636\u9a6c\u51a0\u54e5|Unnerve\n|turn|6\n|\n|t:|1770868172\n|move|p2a: \u54c7\u8884\uff08\u72d7\u53eb\u58f0\uff09|Wide Guard|p2a: \u54c7\u8884\uff08\u72d7\u53eb\u58f0\uff09\n|-singleturn|p2a: \u54c7\u8884\uff08\u72d7\u53eb\u58f0\uff09|Wide Guard\n|move|p1b: Tornadus|Tailwind|p1b: Tornadus\n|-sidestart|p1: stayinawake|move: Tailwind\n|move|p1a: Kyogre|Hydro Pump|p2b: \u5636\u9a6c\u51a0\u54e5\n|-damage|p2b: \u5636\u9a6c\u51a0\u54e5|0 fnt\n|faint|p2b: \u5636\u9a6c\u51a0\u54e5\n|\n|-weather|none\n|-heal|p1a: Kyogre|24/100|[from] Grassy Terrain\n|-heal|p2a: \u54c7\u8884\uff08\u72d7\u53eb\u58f0\uff09|54/100|[from] Grassy Terrain\n|upkeep\n|turn|7\n|inactive|stayinawake has 30 seconds left.\n|inactive|stayinawake has 20 seconds left.\n|\n|t:|1770868210\n|move|p1a: Kyogre|Protect|p1a: Kyogre\n|-singleturn|p1a: Kyogre|Protect\n|move|p1b: Tornadus|Rain Dance|p1b: Tornadus\n|-weather|RainDance\n|move|p2a: \u54c7\u8884\uff08\u72d7\u53eb\u58f0\uff09|Body Press|p1a: Kyogre\n|-activate|p1a: Kyogre|move: Protect\n|\n|-weather|RainDance|[upkeep]\n|-heal|p1a: Kyogre|30/100|[from] Grassy Terrain\n|-heal|p2a: \u54c7\u8884\uff08\u72d7\u53eb\u58f0\uff09|60/100|[from] Grassy Terrain\n|upkeep\n|turn|8\n|\n|t:|1770868220\n|move|p2a: \u54c7\u8884\uff08\u72d7\u53eb\u58f0\uff09|Protect|p2a: \u54c7\u8884\uff08\u72d7\u53eb\u58f0\uff09\n|-singleturn|p2a: \u54c7\u8884\uff08\u72d7\u53eb\u58f0\uff09|Protect\n|move|p1b: Tornadus|Bleakwind Storm|p2a: \u54c7\u8884\uff08\u72d7\u53eb\u58f0\uff09\n|-activate|p2a: \u54c7\u8884\uff08\u72d7\u53eb\u58f0\uff09|move: Protect\n|move|p1a: Kyogre|Hydro Pump|p2a: \u54c7\u8884\uff08\u72d7\u53eb\u58f0\uff09\n|-activate|p2a: \u54c7\u8884\uff08\u72d7\u53eb\u58f0\uff09|move: Protect\n|\n|-weather|RainDance|[upkeep]\n|-heal|p1a: Kyogre|36/100|[from] Grassy Terrain\n|-heal|p2a: \u54c7\u8884\uff08\u72d7\u53eb\u58f0\uff09|66/100|[from] Grassy Terrain\n|upkeep\n|turn|9\n|\n|t:|1770868229\n|move|p1b: Tornadus|Bleakwind Storm|p2a: \u54c7\u8884\uff08\u72d7\u53eb\u58f0\uff09\n|-damage|p2a: \u54c7\u8884\uff08\u72d7\u53eb\u58f0\uff09|30/100\n|move|p1a: Kyogre|Hydro Pump|p2a: \u54c7\u8884\uff08\u72d7\u53eb\u58f0\uff09\n|-resisted|p2a: \u54c7\u8884\uff08\u72d7\u53eb\u58f0\uff09\n|-damage|p2a: \u54c7\u8884\uff08\u72d7\u53eb\u58f0\uff09|0 fnt\n|faint|p2a: \u54c7\u8884\uff08\u72d7\u53eb\u58f0\uff09\n|\n|win|stayinawake\n|raw|stayinawake's rating: 1299 &rarr; <strong>1336</strong><br />(+37 for winning)\n|raw|blackred123's rating: 1486 &rarr; <strong>1456</strong><br />(-30 for losing)\n|l|\u2606blackred123\n|player|p2|\n","uploadtime":1770868371,"views":23,"formatid":"gen9vgc2026regi","rating":1336,"private":0,"password":null}