{"id":"gen9vgc2026regi-2545851664","format":"[Gen 9] VGC 2026 Reg I","players":["alexit93","dimplewiskers"],"log":"|j|\u2606alexit93\n|j|\u2606dimplewiskers\n|t:|1771892333\n|gametype|doubles\n|player|p1|alexit93|lucas-gen4pt|1349\n|player|p2|dimplewiskers|170|1367\n|gen|9\n|tier|[Gen 9] VGC 2026 Reg I\n|rated|\n|rule|Species Clause: Limit one of each Pok\u00e9mon\n|rule|Item Clause: Limit 1 of each item\n|clearpoke\n|poke|p1|Zamazenta-*, L50|\n|poke|p1|Riolu, L50, F|\n|poke|p1|Calyrex-Ice, L50|\n|poke|p1|Rillaboom, L50, M|\n|poke|p1|Incineroar, L50, F|\n|poke|p1|Urshifu-*, L50, M|\n|poke|p2|Calyrex-Ice, L50|\n|poke|p2|Lunala, L50|\n|poke|p2|Smeargle, L50, F|\n|poke|p2|Indeedee-F, L50, F|\n|poke|p2|Torkoal, L50, M|\n|poke|p2|Urshifu-*, L50, F|\n|teampreview|4\n|inactive|Battle timer is ON: inactive players will automatically lose when time's up. (requested by dimplewiskers)\n|inactive|alexit93 has 60 seconds left.\n|\n|t:|1771892366\n|teamsize|p1|4\n|teamsize|p2|4\n|start\n|switch|p1a: Riolu|Riolu, L50, F|100/100\n|switch|p1b: Urshifu|Urshifu-Rapid-Strike, L50, M|100/100\n|switch|p2a: Henry VIII|Calyrex-Ice, L50|100/100\n|switch|p2b: Bob Ross|Smeargle, L50, F, shiny|100/100\n|-ability|p2a: Henry VIII|As One\n|-ability|p2a: Henry VIII|Unnerve\n|turn|1\n|inactive|dimplewiskers has 30 seconds left.\n|inactive|dimplewiskers has 20 seconds left.\n|\n|t:|1771892404\n|move|p1a: Riolu|Quick Guard|p1a: Riolu\n|-singleturn|p1a: Riolu|Quick Guard\n|move|p2b: Bob Ross|Fake Out|p1b: Urshifu\n|-activate|p1b: Urshifu|move: Quick Guard\n|move|p1b: Urshifu|Surging Strikes|p2b: Bob Ross\n|-crit|p2b: Bob Ross\n|-damage|p2b: Bob Ross|54/100\n|-crit|p2b: Bob Ross\n|-damage|p2b: Bob Ross|8/100\n|-crit|p2b: Bob Ross\n|-damage|p2b: Bob Ross|0 fnt\n|faint|p2b: Bob Ross\n|-hitcount|p2: Bob Ross|3\n|move|p2a: Henry VIII|Glacial Lance|p1a: Riolu|[spread] p1a,p1b\n|-resisted|p1b: Urshifu\n|-damage|p1a: Riolu|15/100\n|-damage|p1b: Urshifu|71/100\n|\n|upkeep\n|\n|t:|1771892421\n|switch|p2b: Coach|Indeedee-F, L50, F, shiny|100/100\n|-fieldstart|move: Psychic Terrain|[from] ability: Psychic Surge|[of] p2b: Coach\n|turn|2\n|inactive|dimplewiskers has 30 seconds left.\n|\n|t:|1771892449\n|switch|p1a: Zamazenta|Zamazenta-Crowned, L50, shiny|100/100\n|-ability|p1a: Zamazenta|Dauntless Shield|boost\n|-boost|p1a: Zamazenta|def|1\n|move|p1b: Urshifu|Surging Strikes|p2b: Coach\n|-crit|p2b: Coach\n|-damage|p2b: Coach|81/100\n|-crit|p2b: Coach\n|-damage|p2b: Coach|61/100\n|-crit|p2b: Coach\n|-damage|p2b: Coach|43/100\n|-hitcount|p2b: Coach|3\n|move|p2a: Henry VIII|Glacial Lance|p1b: Urshifu|[spread] p1a,p1b\n|-resisted|p1a: Zamazenta\n|-resisted|p1b: Urshifu\n|-damage|p1a: Zamazenta|89/100\n|-damage|p1b: Urshifu|38/100\n|move|p2b: Coach|Trick Room|p2b: Coach\n|-fieldstart|move: Trick Room|[of] p2b: Coach\n|\n|upkeep\n|turn|3\n|inactive|alexit93 has 30 seconds left.\n|\n|t:|1771892474\n|move|p2b: Coach|Helping Hand|p2a: Henry VIII\n|-singleturn|p2a: Henry VIII|Helping Hand|[of] p2b: Coach\n|move|p2a: Henry VIII|Crunch|p1b: Urshifu\n|-resisted|p1b: Urshifu\n|-damage|p1b: Urshifu|10/100\n|move|p1a: Zamazenta|Body Press|p2a: Henry VIII\n|-damage|p2a: Henry VIII|57/100\n|move|p1b: Urshifu|Surging Strikes|p2a: Henry VIII\n|-crit|p2a: Henry VIII\n|-damage|p2a: Henry VIII|45/100\n|-crit|p2a: Henry VIII\n|-damage|p2a: Henry VIII|33/100\n|-crit|p2a: Henry VIII\n|-damage|p2a: Henry VIII|21/100\n|-hitcount|p2a: Henry VIII|3\n|\n|upkeep\n|turn|4\n|\n|t:|1771892492\n|move|p2b: Coach|Follow Me|p2b: Coach\n|-singleturn|p2b: Coach|move: Follow Me\n|move|p2a: Henry VIII|Glacial Lance|p1a: Zamazenta|[spread] p1a,p1b\n|-resisted|p1a: Zamazenta\n|-resisted|p1b: Urshifu\n|-damage|p1a: Zamazenta|75/100\n|-damage|p1b: Urshifu|0 fnt\n|faint|p1b: Urshifu\n|-ability|p2a: Henry VIII|Chilling Neigh|boost\n|-boost|p2a: Henry VIII|atk|1\n|move|p1a: Zamazenta|Body Press|p2b: Coach\n|-damage|p2b: Coach|0 fnt\n|faint|p2b: Coach\n|\n|upkeep\n|\n|t:|1771892506\n|switch|p2b: Krakatoa|Torkoal, L50, M, shiny|100/100\n|switch|p1b: Riolu|Riolu, L50, F|15/100\n|-weather|SunnyDay|[from] ability: Drought|[of] p2b: Krakatoa\n|turn|5\n|\n|t:|1771892522\n|-terastallize|p2b: Krakatoa|Fire\n|-terastallize|p1a: Zamazenta|Dragon\n|move|p1a: Zamazenta|Wide Guard|p1a: Zamazenta\n|-singleturn|p1a: Zamazenta|Wide Guard\n|move|p1b: Riolu|Rain Dance|p1b: Riolu\n|-weather|RainDance\n|move|p2b: Krakatoa|Eruption|p1b: Riolu|[spread] \n|-activate|p1a: Zamazenta|move: Wide Guard\n|-activate|p1b: Riolu|move: Wide Guard\n|move|p2a: Henry VIII|Crunch|p1b: Riolu\n|-resisted|p1b: Riolu\n|-damage|p1b: Riolu|0 fnt\n|faint|p1b: Riolu\n|-ability|p2a: Henry VIII|Chilling Neigh|boost\n|-boost|p2a: Henry VIII|atk|1\n|\n|-weather|RainDance|[upkeep]\n|upkeep\n|\n|t:|1771892534\n|switch|p1b: Calyrex|Calyrex-Ice, L50|100/100\n|-ability|p1b: Calyrex|As One\n|-ability|p1b: Calyrex|Unnerve\n|turn|6\n|\n|t:|1771892555\n|move|p1b: Calyrex|Protect|p1b: Calyrex\n|-singleturn|p1b: Calyrex|Protect\n|move|p1a: Zamazenta|Wide Guard|p1a: Zamazenta\n|-singleturn|p1a: Zamazenta|Wide Guard\n|move|p2b: Krakatoa|Eruption|p1b: Calyrex|[spread] \n|-activate|p1a: Zamazenta|move: Wide Guard\n|-activate|p1b: Calyrex|move: Wide Guard\n|move|p2a: Henry VIII|Crunch|p1b: Calyrex\n|-activate|p1b: Calyrex|move: Protect\n|\n|-weather|RainDance|[upkeep]\n|-fieldend|move: Trick Room\n|-fieldend|move: Psychic Terrain\n|upkeep\n|turn|7\n|-message|dimplewiskers forfeited.\n|\n|win|alexit93\n|raw|alexit93's rating: 1349 &rarr; <strong>1370</strong><br />(+21 for winning)\n|raw|dimplewiskers's rating: 1367 &rarr; <strong>1346</strong><br />(-21 for losing)\n|l|\u2606dimplewiskers\n|player|p2|\n|l|\u2606alexit93\n|player|p1|\n","uploadtime":1771892795,"views":15,"formatid":"gen9vgc2026regi","rating":1346,"private":0,"password":null}