{"id":"gen9vgc2026regi-2544758057","format":"[Gen 9] VGC 2026 Reg I","players":["VJ2511","cpinalli4"],"log":"|j|\u2606VJ2511\n|j|\u2606cpinalli4\n|t:|1771753702\n|gametype|doubles\n|player|p1|VJ2511|red-masters3|1517\n|player|p2|cpinalli4|elesa|1578\n|gen|9\n|tier|[Gen 9] VGC 2026 Reg I\n|rated|\n|rule|Species Clause: Limit one of each Pok\u00e9mon\n|rule|Item Clause: Limit 1 of each item\n|clearpoke\n|poke|p1|Calyrex-Shadow, L50|\n|poke|p1|Zamazenta-*, L50|\n|poke|p1|Chien-Pao, L50|\n|poke|p1|Dragonite, L50, M|\n|poke|p1|Raging Bolt, L50|\n|poke|p1|Amoonguss, L50, F|\n|poke|p2|Kyogre, L50|\n|poke|p2|Flutter Mane, L50|\n|poke|p2|Urshifu-*, L50, M|\n|poke|p2|Landorus, L50, M|\n|poke|p2|Smeargle, L50, F|\n|poke|p2|Calyrex-Ice, L50|\n|teampreview|4\n|inactive|Battle timer is ON: inactive players will automatically lose when time's up. (requested by VJ2511)\n|c|\u2606cpinalli4|gl\n|inactive|VJ2511 has 60 seconds left.\n|\n|t:|1771753746\n|teamsize|p1|4\n|teamsize|p2|4\n|start\n|switch|p1a: Zamazenta|Zamazenta-Crowned, L50|100/100\n|switch|p1b: Chien-Pao|Chien-Pao, L50|100/100\n|switch|p2a: Smeargle|Smeargle, L50, F|100/100\n|switch|p2b: Calyrex|Calyrex-Ice, L50|100/100\n|-ability|p2b: Calyrex|As One\n|-ability|p2b: Calyrex|Unnerve\n|-ability|p1b: Chien-Pao|Sword of Ruin\n|-ability|p1a: Zamazenta|Dauntless Shield|boost\n|-boost|p1a: Zamazenta|def|1\n|turn|1\n|\n|t:|1771753761\n|-terastallize|p2b: Calyrex|Grass\n|move|p2a: Smeargle|Fake Out|p1b: Chien-Pao\n|-damage|p1b: Chien-Pao|95/100\n|cant|p1b: Chien-Pao|flinch\n|move|p1a: Zamazenta|Heavy Slam|p2a: Smeargle\n|-damage|p2a: Smeargle|0 fnt\n|faint|p2a: Smeargle\n|move|p2b: Calyrex|Trick Room|p2b: Calyrex\n|-fieldstart|move: Trick Room|[of] p2b: Calyrex\n|\n|upkeep\n|\n|t:|1771753770\n|switch|p2a: Landorus|Landorus, L50, M|100/100\n|turn|2\n|\n|t:|1771753783\n|-terastallize|p1a: Zamazenta|Dragon\n|move|p2b: Calyrex|Seed Bomb|p1b: Chien-Pao\n|-damage|p1b: Chien-Pao|21/100\n|move|p1a: Zamazenta|Body Press|p2b: Calyrex\n|-damage|p2b: Calyrex|48/100\n|move|p2a: Landorus|Earth Power|p1a: Zamazenta\n|-damage|p1a: Zamazenta|49/100\n|move|p1b: Chien-Pao|Ruination|p2b: Calyrex\n|-damage|p2b: Calyrex|24/100\n|\n|upkeep\n|turn|3\n|\n|t:|1771753799\n|move|p1b: Chien-Pao|Sucker Punch|p2a: Landorus\n|-damage|p2a: Landorus|50/100\n|move|p2b: Calyrex|Seed Bomb|p1b: Chien-Pao\n|-damage|p1b: Chien-Pao|0 fnt\n|faint|p1b: Chien-Pao\n|-ability|p2b: Calyrex|Chilling Neigh|boost\n|-boost|p2b: Calyrex|atk|1\n|move|p1a: Zamazenta|Heavy Slam|p2a: Landorus\n|-damage|p2a: Landorus|0 fnt\n|faint|p2a: Landorus\n|\n|upkeep\n|\n|t:|1771753808\n|switch|p2a: alex|Kyogre, L50|100/100\n|switch|p1b: Amoonguss|Amoonguss, L50, F|100/100\n|-weather|RainDance|[from] ability: Drizzle|[of] p2a: alex\n|turn|4\n|\n|t:|1771753818\n|move|p1b: Amoonguss|Sludge Bomb|p2b: Calyrex\n|-supereffective|p2b: Calyrex\n|-damage|p2b: Calyrex|0 fnt\n|faint|p2b: Calyrex\n|move|p2a: alex|Ice Beam|p1a: Zamazenta\n|-supereffective|p1a: Zamazenta\n|-damage|p1a: Zamazenta|0 fnt\n|faint|p1a: Zamazenta\n|\n|-weather|RainDance|[upkeep]\n|upkeep\n|\n|t:|1771753827\n|switch|p1a: Calyrex|Calyrex-Shadow, L50|100/100\n|-ability|p1a: Calyrex|As One\n|-ability|p1a: Calyrex|Unnerve\n|turn|5\n|\n|t:|1771753829\n|move|p2a: alex|Protect|p2a: alex\n|-singleturn|p2a: alex|Protect\n|move|p1a: Calyrex|Protect|p1a: Calyrex\n|-singleturn|p1a: Calyrex|Protect\n|move|p1b: Amoonguss|Spore|p2a: alex\n|-activate|p2a: alex|move: Protect\n|\n|-weather|RainDance|[upkeep]\n|-fieldend|move: Trick Room\n|upkeep\n|turn|6\n|\n|t:|1771753838\n|move|p1a: Calyrex|Encore|p2a: alex\n|-start|p2a: alex|Encore\n|move|p2a: alex|Protect||[still]\n|-fail|p2a: alex\n|move|p1b: Amoonguss|Spore|p2a: alex\n|-status|p2a: alex|slp|[from] move: Spore\n|\n|-weather|RainDance|[upkeep]\n|upkeep\n|turn|7\n|c|\u2606VJ2511|gg\n|c|\u2606cpinalli4|gg well played\n|\n|t:|1771753851\n|cant|p2a: alex|slp\n|move|p1a: Calyrex|Astral Barrage|p2a: alex\n|-damage|p2a: alex|51/100 slp\n|move|p1b: Amoonguss|Sludge Bomb|p2a: alex\n|-damage|p2a: alex|35/100 slp\n|\n|-weather|RainDance|[upkeep]\n|upkeep\n|turn|8\n|c|\u2606VJ2511|u2\n|c|\u2606cpinalli4|you should let me win lol\n|c|\u2606VJ2511|hahaha this is our 3rd time isnt it\n|c|\u2606cpinalli4|is it\n|inactive|cpinalli4 has 30 seconds left.\n|c|\u2606VJ2511|i believe so yea\n|c|\u2606VJ2511|we're 2-1 with this\n|inactive|cpinalli4 has 20 seconds left.\n|inactive|cpinalli4 has 15 seconds left.\n|inactive|cpinalli4 has 10 seconds left.\n|c|\u2606cpinalli4|i honestly dont remember ive played like 50 games today im about 41 n 9\n|inactive|cpinalli4 has 5 seconds left.\n|\n|t:|1771753902\n|cant|p2a: alex|slp\n|move|p1a: Calyrex|Astral Barrage|p2a: alex\n|-damage|p2a: alex|0 fnt\n|faint|p2a: alex\n|\n|win|VJ2511\n|raw|VJ2511's rating: 1517 &rarr; <strong>1540</strong><br />(+23 for winning)\n|raw|cpinalli4's rating: 1578 &rarr; <strong>1555</strong><br />(-23 for losing)\n|c|\u2606VJ2511|pretty cool ggs wp\n|c|\u2606cpinalli4|gg\n|l|\u2606VJ2511\n|player|p1|\n|l|\u2606cpinalli4\n|player|p2|\n","uploadtime":1771754121,"views":19,"formatid":"gen9vgc2026regi","rating":1540,"private":0,"password":null}