{"id":"gen9vgc2026regi-2585552838","format":"[Gen 9] VGC 2026 Reg I","players":["Delljo","Harry Koekenpan"],"log":"|j|\u2606Delljo\n|j|\u2606Harry Koekenpan\n|t:|1776355075\n|gametype|doubles\n|player|p1|Delljo|iris-gen5bw2|1257\n|player|p2|Harry Koekenpan|102|1330\n|gen|9\n|tier|[Gen 9] VGC 2026 Reg I\n|rated|\n|rule|Species Clause: Limit one of each Pok\u00e9mon\n|rule|Item Clause: Limit 1 of each item\n|clearpoke\n|poke|p1|Zacian-*, L50|\n|poke|p1|Kyogre, L50|\n|poke|p1|Rillaboom, L50, M|\n|poke|p1|Landorus, L50, M|\n|poke|p1|Tornadus, L50, M|\n|poke|p1|Chi-Yu, L50|\n|poke|p2|Weezing-Galar, L50, M|\n|poke|p2|Calyrex-Shadow, L50|\n|poke|p2|Regigigas, L50|\n|poke|p2|Koraidon, L50|\n|poke|p2|Chi-Yu, L50|\n|poke|p2|Brute Bonnet, L50|\n|teampreview|4\n|inactive|Battle timer is ON: inactive players will automatically lose when time's up. (requested by Harry Koekenpan)\n|inactive|Harry Koekenpan has 60 seconds left.\n|\n|t:|1776355126\n|teamsize|p1|4\n|teamsize|p2|4\n|start\n|switch|p1a: Chi-Yu|Chi-Yu, L50|100/100\n|switch|p1b: Tornadus|Tornadus, L50, M|100/100\n|switch|p2a: Weezing|Weezing-Galar, L50, M|100/100\n|switch|p2b: Koraidon|Koraidon, L50|100/100\n|-ability|p2a: Weezing|Neutralizing Gas\n|-block|p2b: Koraidon|item: Ability Shield\n|-weather|SunnyDay|[from] ability: Orichalcum Pulse|[of] p2b: Koraidon\n|-activate|p2b: Koraidon|Orichalcum Pulse|[source]\n|turn|1\n|\n|t:|1776355150\n|switch|p1a: Landorus|Landorus, L50, M|100/100\n|-terastallize|p2b: Koraidon|Fire\n|move|p2b: Koraidon|Flame Charge|p1b: Tornadus\n|-damage|p1b: Tornadus|22/100\n|-boost|p2b: Koraidon|spe|1\n|move|p1b: Tornadus|Tailwind|p1b: Tornadus\n|-sidestart|p1: Delljo|move: Tailwind\n|move|p2a: Weezing|Poison Gas|p1b: Tornadus|[spread] p1a,p1b\n|-status|p1a: Landorus|psn\n|-status|p1b: Tornadus|psn\n|\n|-weather|SunnyDay|[upkeep]\n|-damage|p1b: Tornadus|10/100 psn|[from] psn\n|-damage|p1a: Landorus|88/100 psn|[from] psn\n|upkeep\n|turn|2\n|inactive|Delljo has 30 seconds left.\n|inactive|Harry Koekenpan has 30 seconds left.\n|inactive|Delljo has 20 seconds left.\n|\n|t:|1776355188\n|move|p1b: Tornadus|Protect|p1b: Tornadus\n|-singleturn|p1b: Tornadus|Protect\n|move|p2a: Weezing|Protect|p2a: Weezing\n|-singleturn|p2a: Weezing|Protect\n|move|p2b: Koraidon|Flare Blitz|p1a: Landorus\n|-damage|p1a: Landorus|0 fnt\n|faint|p1a: Landorus\n|-damage|p2b: Koraidon|68/100|[from] Recoil\n|\n|-weather|SunnyDay|[upkeep]\n|-damage|p1b: Tornadus|0 fnt|[from] psn\n|faint|p1b: Tornadus\n|upkeep\n|\n|t:|1776355197\n|switch|p1b: Chi-Yu|Chi-Yu, L50|100/100\n|switch|p1a: Kyogre|Kyogre, L50|100/100\n|turn|3\n|\n|t:|1776355216\n|move|p1a: Kyogre|Protect|p1a: Kyogre\n|-singleturn|p1a: Kyogre|Protect\n|move|p1b: Chi-Yu|Dark Pulse|p2b: Koraidon\n|-damage|p2b: Koraidon|18/100\n|move|p2b: Koraidon|Collision Course|p1b: Chi-Yu\n|-supereffective|p1b: Chi-Yu\n|-damage|p1b: Chi-Yu|0 fnt\n|faint|p1b: Chi-Yu\n|move|p2a: Weezing|Poison Gas|p1a: Kyogre\n|-activate|p1a: Kyogre|move: Protect\n|\n|-weather|SunnyDay|[upkeep]\n|upkeep\n|turn|4\n|\n|t:|1776355231\n|move|p2b: Koraidon|Protect|p2b: Koraidon\n|-singleturn|p2b: Koraidon|Protect\n|move|p2a: Weezing|Protect|p2a: Weezing\n|-singleturn|p2a: Weezing|Protect\n|move|p1a: Kyogre|Origin Pulse|p2a: Weezing|[spread] \n|-activate|p2a: Weezing|move: Protect\n|-activate|p2b: Koraidon|move: Protect\n|\n|-weather|SunnyDay|[upkeep]\n|-sideend|p1: Delljo|move: Tailwind\n|upkeep\n|turn|5\n|\n|t:|1776355246\n|switch|p2b: Chi-Yu|Chi-Yu, L50|100/100\n|move|p1a: Kyogre|Origin Pulse|p2a: Weezing|[spread] p2a,p2b\n|-supereffective|p2b: Chi-Yu\n|-damage|p2a: Weezing|71/100\n|-damage|p2b: Chi-Yu|32/100\n|move|p2a: Weezing|Poison Gas|p1a: Kyogre\n|-status|p1a: Kyogre|psn\n|\n|-weather|none\n|-damage|p1a: Kyogre|88/100 psn|[from] psn\n|upkeep\n|turn|6\n|inactive|Delljo has 30 seconds left.\n|inactive|Delljo has 20 seconds left.\n|inactive|Delljo has 15 seconds left.\n|inactive|Delljo has 10 seconds left.\n|inactive|Delljo has 5 seconds left.\n|\n|t:|1776355301\n|move|p2a: Weezing|Protect|p2a: Weezing\n|-singleturn|p2a: Weezing|Protect\n|move|p2b: Chi-Yu|Snarl|p1a: Kyogre\n|-damage|p1a: Kyogre|65/100 psn\n|-unboost|p1a: Kyogre|spa|1\n|move|p1a: Kyogre|Origin Pulse|p2b: Chi-Yu|[spread] p2b\n|-activate|p2a: Weezing|move: Protect\n|-supereffective|p2b: Chi-Yu\n|-damage|p2b: Chi-Yu|0 fnt\n|faint|p2b: Chi-Yu\n|\n|-damage|p1a: Kyogre|53/100 psn|[from] psn\n|upkeep\n|\n|t:|1776355311\n|switch|p2b: Koraidon|Koraidon, L50, tera:Fire|18/100\n|-weather|SunnyDay|[from] ability: Orichalcum Pulse|[of] p2b: Koraidon\n|-activate|p2b: Koraidon|Orichalcum Pulse|[source]\n|turn|7\n|inactive|Delljo has 30 seconds left.\n|c|\u2606Harry Koekenpan|Ggs\n|inactive|Delljo has 20 seconds left.\n|inactive|Delljo has 15 seconds left.\n|inactive|Delljo has 10 seconds left.\n|inactive|Delljo has 5 seconds left.\n|\n|t:|1776355363\n|move|p2b: Koraidon|Collision Course|p1a: Kyogre\n|-damage|p1a: Kyogre|0 fnt\n|faint|p1a: Kyogre\n|\n|win|Harry Koekenpan\n|raw|Delljo's rating: 1257 &rarr; <strong>1237</strong><br />(-20 for losing)\n|raw|Harry Koekenpan's rating: 1330 &rarr; <strong>1346</strong><br />(+16 for winning)\n","uploadtime":1776355372,"views":19,"formatid":"gen9vgc2026regi","rating":1237,"private":0,"password":null}