{"id":"gen9vgc2026regi-2561534928","format":"[Gen 9] VGC 2026 Reg I","players":["San gerger","sheeshshane925"],"log":"|j|\u2606San gerger\n|j|\u2606sheeshshane925\n|t:|1773808350\n|gametype|doubles\n|player|p1|San gerger|265|1466\n|player|p2|sheeshshane925|chuck|1444\n|gen|9\n|tier|[Gen 9] VGC 2026 Reg I\n|rated|\n|rule|Species Clause: Limit one of each Pok\u00e9mon\n|rule|Item Clause: Limit 1 of each item\n|clearpoke\n|poke|p1|Calyrex-Ice, L50|\n|poke|p1|Miraidon, L50|\n|poke|p1|Smeargle, L50, M|\n|poke|p1|Incineroar, L50, M|\n|poke|p1|Flutter Mane, L50|\n|poke|p1|Ogerpon-Cornerstone, L50, F|\n|poke|p2|Miraidon, L50|\n|poke|p2|Lunala, L50|\n|poke|p2|Ursaluna, L50, M|\n|poke|p2|Whimsicott, L50, F|\n|poke|p2|Incineroar, L50, F|\n|poke|p2|Urshifu-*, L50, M|\n|teampreview|4\n|inactive|Battle timer is ON: inactive players will automatically lose when time's up. (requested by San gerger)\n|\n|t:|1773808386\n|teamsize|p1|4\n|teamsize|p2|4\n|start\n|switch|p1a: Flutter Mane|Flutter Mane, L50|100/100\n|switch|p1b: Miraidon|Miraidon, L50|100/100\n|switch|p2a: Miraidon|Miraidon, L50|100/100\n|switch|p2b: Lunala|Lunala, L50|100/100\n|-fieldstart|move: Electric Terrain|[from] ability: Hadron Engine|[of] p2a: Miraidon\n|-enditem|p2b: Lunala|Electric Seed\n|-boost|p2b: Lunala|def|1|[from] item: Electric Seed\n|-activate|p1b: Miraidon|ability: Hadron Engine\n|-enditem|p1a: Flutter Mane|Booster Energy\n|-activate|p1a: Flutter Mane|ability: Protosynthesis|[fromitem]\n|-start|p1a: Flutter Mane|protosynthesisspe\n|turn|1\n|inactive|San gerger has 30 seconds left.\n|\n|t:|1773808411\n|-terastallize|p2a: Miraidon|Electric\n|move|p1b: Miraidon|Protect|p1b: Miraidon\n|-singleturn|p1b: Miraidon|Protect\n|move|p1a: Flutter Mane|Taunt|p2b: Lunala\n|-start|p2b: Lunala|move: Taunt\n|move|p2a: Miraidon|Volt Switch|p1a: Flutter Mane\n|-damage|p1a: Flutter Mane|0 fnt\n|faint|p1a: Flutter Mane\n|-end|p1a: Flutter Mane|Protosynthesis|[silent]\n|-damage|p2a: Miraidon|91/100|[from] item: Life Orb\n|\n|t:|1773808424\n|switch|p2a: Ursaluna|Ursaluna, L50, M|100/100|[from] Volt Switch\n|cant|p2b: Lunala|move: Taunt|Trick Room\n|\n|-status|p2a: Ursaluna|brn|[from] item: Flame Orb\n|upkeep\n|\n|t:|1773808440\n|switch|p1a: Calyrex|Calyrex-Ice, L50|100/100\n|-ability|p1a: Calyrex|As One\n|-ability|p1a: Calyrex|Unnerve\n|turn|2\n|\n|t:|1773808456\n|switch|p2b: Incineroar|Incineroar, L50, F|100/100\n|-ability|p2b: Incineroar|Intimidate|boost\n|-fail|p1a: Calyrex|unboost|[from] item: Clear Amulet|[of] p1a: Calyrex\n|-unboost|p1b: Miraidon|atk|1\n|-terastallize|p1a: Calyrex|Fairy\n|move|p2a: Ursaluna|Protect|p2a: Ursaluna\n|-singleturn|p2a: Ursaluna|Protect\n|move|p1b: Miraidon|Draco Meteor|p2a: Ursaluna\n|-activate|p2a: Ursaluna|move: Protect\n|move|p1a: Calyrex|Leech Seed|p2b: Incineroar\n|-start|p2b: Incineroar|move: Leech Seed\n|\n|-damage|p2b: Incineroar|88/100|[from] Leech Seed|[of] p1a: Calyrex\n|-damage|p2a: Ursaluna|94/100 brn|[from] brn\n|upkeep\n|turn|3\n|inactive|San gerger has 30 seconds left.\n|inactive|sheeshshane925 has 30 seconds left.\n|\n|t:|1773808486\n|move|p1b: Miraidon|Protect|p1b: Miraidon\n|-singleturn|p1b: Miraidon|Protect\n|move|p1a: Calyrex|Protect|p1a: Calyrex\n|-singleturn|p1a: Calyrex|Protect\n|move|p2b: Incineroar|Fake Out|p1b: Miraidon\n|-activate|p1b: Miraidon|move: Protect\n|move|p2a: Ursaluna|Facade|p1a: Calyrex\n|-activate|p1a: Calyrex|move: Protect\n|\n|-damage|p2b: Incineroar|76/100|[from] Leech Seed|[of] p1a: Calyrex\n|-damage|p2a: Ursaluna|88/100 brn|[from] brn\n|upkeep\n|turn|4\n|inactive|San gerger has 30 seconds left.\n|inactive|sheeshshane925 has 30 seconds left.\n|inactive|sheeshshane925 has 20 seconds left.\n|inactive|sheeshshane925 has 15 seconds left.\n|inactive|sheeshshane925 has 10 seconds left.\n|\n|t:|1773808534\n|move|p1b: Miraidon|Electro Drift|p2b: Incineroar\n|-damage|p2b: Incineroar|0 fnt\n|faint|p2b: Incineroar\n|-damage|p1b: Miraidon|91/100|[from] item: Life Orb\n|move|p1a: Calyrex|Glacial Lance|p2a: Ursaluna\n|-supereffective|p2a: Ursaluna\n|-crit|p2a: Ursaluna\n|-damage|p2a: Ursaluna|0 fnt\n|faint|p2a: Ursaluna\n|-ability|p1a: Calyrex|Chilling Neigh|boost\n|-boost|p1a: Calyrex|atk|1\n|\n|upkeep\n|\n|t:|1773808542\n|switch|p2b: Lunala|Lunala, L50|100/100\n|switch|p2a: Miraidon|Miraidon, L50, tera:Electric|91/100\n|-activate|p2a: Miraidon|ability: Hadron Engine\n|turn|5\n|inactive|San gerger has 30 seconds left.\n|inactive|San gerger has 20 seconds left.\n|inactive|San gerger has 15 seconds left.\n|inactive|San gerger has 10 seconds left.\n|\n|t:|1773808588\n|move|p2b: Lunala|Wide Guard|p2b: Lunala\n|-singleturn|p2b: Lunala|Wide Guard\n|move|p2a: Miraidon|Draco Meteor|p1b: Miraidon\n|-supereffective|p1b: Miraidon\n|-damage|p1b: Miraidon|0 fnt\n|-unboost|p2a: Miraidon|spa|2\n|faint|p1b: Miraidon\n|-damage|p2a: Miraidon|82/100|[from] item: Life Orb\n|move|p1a: Calyrex|Leech Seed|p2b: Lunala\n|-start|p2b: Lunala|move: Leech Seed\n|\n|-damage|p2b: Lunala|88/100|[from] Leech Seed|[of] p1a: Calyrex\n|-fieldend|move: Electric Terrain\n|upkeep\n|\n|t:|1773808602\n|switch|p1b: Incineroar|Incineroar, L50, M|100/100\n|-ability|p1b: Incineroar|Intimidate|boost\n|-unboost|p2a: Miraidon|atk|1\n|-unboost|p2b: Lunala|atk|1\n|turn|6\n|\n|t:|1773808618\n|move|p2a: Miraidon|Protect|p2a: Miraidon\n|-singleturn|p2a: Miraidon|Protect\n|move|p1b: Incineroar|Fake Out|p2a: Miraidon\n|-activate|p2a: Miraidon|move: Protect\n|move|p2b: Lunala|Moongeist Beam|p1a: Calyrex\n|-damage|p1a: Calyrex|65/100\n|move|p1a: Calyrex|Leech Seed|p2a: Miraidon\n|-activate|p2a: Miraidon|move: Protect\n|\n|-damage|p2b: Lunala|75/100|[from] Leech Seed|[of] p1a: Calyrex\n|-heal|p1a: Calyrex|80/100|[silent]\n|upkeep\n|turn|7\n|inactive|San gerger has 30 seconds left.\n|\n|t:|1773808653\n|move|p1a: Calyrex|Protect|p1a: Calyrex\n|-singleturn|p1a: Calyrex|Protect\n|move|p2b: Lunala|Wide Guard|p2b: Lunala\n|-singleturn|p2b: Lunala|Wide Guard\n|move|p2a: Miraidon|Electro Drift|p1a: Calyrex\n|-activate|p1a: Calyrex|move: Protect\n|move|p1b: Incineroar|Knock Off|p2a: Miraidon\n|-damage|p2a: Miraidon|46/100\n|-enditem|p2a: Miraidon|Life Orb|[from] move: Knock Off|[of] p1b: Incineroar\n|\n|-damage|p2b: Lunala|63/100|[from] Leech Seed|[of] p1a: Calyrex\n|-heal|p1a: Calyrex|94/100|[silent]\n|upkeep\n|turn|8\n|-message|sheeshshane925 forfeited.\n|\n|win|San gerger\n|raw|San gerger's rating: 1466 &rarr; <strong>1485</strong><br />(+19 for winning)\n|raw|sheeshshane925's rating: 1444 &rarr; <strong>1425</strong><br />(-19 for losing)\n|l|\u2606sheeshshane925\n|player|p2|\n|l|\u2606San gerger\n|player|p1|\n","uploadtime":1773808861,"views":12,"formatid":"gen9vgc2026regi","rating":1425,"private":0,"password":null}