{"id":"gen9vgc2026regi-2570846319","format":"[Gen 9] VGC 2026 Reg I","players":["JakeNBake3D","RoayVn"],"log":"|j|\u2606JakeNBake3D\n|j|\u2606RoayVn\n|t:|1774858429\n|gametype|doubles\n|player|p1|JakeNBake3D|1|1317\n|player|p2|RoayVn|nate|1350\n|gen|9\n|tier|[Gen 9] VGC 2026 Reg I\n|rated|\n|rule|Species Clause: Limit one of each Pok\u00e9mon\n|rule|Item Clause: Limit 1 of each item\n|clearpoke\n|poke|p1|Calyrex-Ice, L50|\n|poke|p1|Lunala, L50|\n|poke|p1|Ursaluna, L50, F|\n|poke|p1|Indeedee-F, L50, F|\n|poke|p1|Urshifu-*, L50, F|\n|poke|p1|Amoonguss, L50, M|\n|poke|p2|Dondozo, L50, M|\n|poke|p2|Tatsugiri, L50, M|\n|poke|p2|Grimmsnarl, L50, M|\n|poke|p2|Glimmora, L50, M|\n|poke|p2|Regieleki, L50|\n|poke|p2|Calyrex-Shadow, L50|\n|teampreview|4\n|inactive|Battle timer is ON: inactive players will automatically lose when time's up. (requested by RoayVn)\n|\n|t:|1774858467\n|teamsize|p1|4\n|teamsize|p2|4\n|start\n|switch|p1a: Calyrex|Calyrex-Ice, L50|100/100\n|switch|p1b: Indeedee|Indeedee-F, L50, F|100/100\n|switch|p2a: Glimmora|Glimmora, L50, M, shiny|100/100\n|switch|p2b: Grimmsnarl|Grimmsnarl, L50, M, shiny|100/100\n|-ability|p1a: Calyrex|As One\n|-ability|p1a: Calyrex|Unnerve\n|-fieldstart|move: Psychic Terrain|[from] ability: Psychic Surge|[of] p1b: Indeedee\n|turn|1\n|\n|t:|1774858488\n|-terastallize|p1a: Calyrex|Fire\n|move|p2b: Grimmsnarl|Reflect|p2b: Grimmsnarl\n|-sidestart|p2: RoayVn|Reflect\n|move|p2a: Glimmora|Mortal Spin|p1b: Indeedee|[spread] p1a,p1b\n|-damage|p1a: Calyrex|98/100\n|-damage|p1b: Indeedee|95/100\n|-status|p1a: Calyrex|psn\n|-status|p1b: Indeedee|psn\n|move|p1a: Calyrex|Glacial Lance|p2a: Glimmora|[spread] p2a,p2b\n|-damage|p2a: Glimmora|49/100\n|-damage|p2b: Grimmsnarl|59/100\n|-activate|p2a: Glimmora|ability: Toxic Debris\n|-sidestart|p1: JakeNBake3D|move: Toxic Spikes\n|move|p1b: Indeedee|Trick Room|p1b: Indeedee\n|-fieldstart|move: Trick Room|[of] p1b: Indeedee\n|\n|-damage|p1a: Calyrex|86/100 psn|[from] psn\n|-damage|p1b: Indeedee|83/100 psn|[from] psn\n|upkeep\n|turn|2\n|j| thundersnd77\n|inactive|JakeNBake3D has 30 seconds left.\n|inactive|JakeNBake3D has 20 seconds left.\n|inactive|JakeNBake3D has 15 seconds left.\n|\n|t:|1774858533\n|move|p1b: Indeedee|Follow Me|p1b: Indeedee\n|-singleturn|p1b: Indeedee|move: Follow Me\n|move|p2b: Grimmsnarl|Light Screen|p2b: Grimmsnarl\n|-sidestart|p2: RoayVn|move: Light Screen\n|move|p1a: Calyrex|Glacial Lance|p2b: Grimmsnarl|[spread] p2a,p2b\n|-damage|p2a: Glimmora|0 fnt\n|-damage|p2b: Grimmsnarl|18/100\n|-activate|p2a: Glimmora|ability: Toxic Debris\n|-sidestart|p1: JakeNBake3D|move: Toxic Spikes\n|faint|p2a: Glimmora\n|-ability|p1a: Calyrex|Chilling Neigh|boost\n|-boost|p1a: Calyrex|atk|1\n|\n|-damage|p1a: Calyrex|73/100 psn|[from] psn\n|-damage|p1b: Indeedee|71/100 psn|[from] psn\n|upkeep\n|\n|t:|1774858543\n|switch|p2a: Dondozo|Dondozo, L50, M, shiny|100/100\n|turn|3\n|\n|t:|1774858557\n|switch|p2b: Tatsugiri|Tatsugiri, L50, M, shiny|100/100\n|-activate|p2b: Tatsugiri|ability: Commander|[of] p2a: Dondozo\n|-boost|p2a: Dondozo|atk|2\n|-boost|p2a: Dondozo|spa|2\n|-boost|p2a: Dondozo|spe|2\n|-boost|p2a: Dondozo|def|2\n|-boost|p2a: Dondozo|spd|2\n|move|p1a: Calyrex|Glacial Lance|p2b: Tatsugiri|[spread] p2a\n|-miss|p1a: Calyrex|p2b: Tatsugiri\n|-resisted|p2a: Dondozo\n|-damage|p2a: Dondozo|94/100\n|move|p1b: Indeedee|Psychic|p2a: Dondozo\n|-damage|p2a: Dondozo|80/100\n|move|p2a: Dondozo|Order Up|p1b: Indeedee\n|-damage|p1b: Indeedee|25/100 psn\n|-boost|p2a: Dondozo|atk|1\n|\n|-heal|p2a: Dondozo|86/100|[from] item: Leftovers\n|-damage|p1a: Calyrex|61/100 psn|[from] psn\n|-damage|p1b: Indeedee|13/100 psn|[from] psn\n|-status|p2b: Tatsugiri|tox|[from] item: Toxic Orb\n|upkeep\n|turn|4\n|inactive|JakeNBake3D has 30 seconds left.\n|\n|t:|1774858591\n|move|p2a: Dondozo|Protect|p2a: Dondozo\n|-singleturn|p2a: Dondozo|Protect\n|move|p1b: Indeedee|Follow Me|p1b: Indeedee\n|-singleturn|p1b: Indeedee|move: Follow Me\n|move|p1a: Calyrex|Glacial Lance|p2b: Tatsugiri|[spread] \n|-miss|p1a: Calyrex|p2b: Tatsugiri\n|-activate|p2a: Dondozo|move: Protect\n|\n|-heal|p2a: Dondozo|92/100|[from] item: Leftovers\n|-damage|p1a: Calyrex|49/100 psn|[from] psn\n|-damage|p1b: Indeedee|0 fnt|[from] psn\n|faint|p1b: Indeedee\n|-damage|p2b: Tatsugiri|94/100 tox|[from] psn\n|upkeep\n|\n|t:|1774858613\n|switch|p1b: Urshifu|Urshifu, L50, F|100/100\n|-status|p1b: Urshifu|tox\n|turn|5\n|\n|t:|1774858635\n|move|p1a: Calyrex|Body Press|p2a: Dondozo\n|-damage|p2a: Dondozo|85/100\n|move|p1b: Urshifu|Wicked Blow|p2a: Dondozo\n|-crit|p2a: Dondozo\n|-damage|p2a: Dondozo|11/100\n|move|p2a: Dondozo|Earthquake|p1b: Urshifu|[spread] p1a,p1b\n|-miss|p2a: Dondozo|p2b: Tatsugiri\n|-supereffective|p1a: Calyrex\n|-damage|p1a: Calyrex|0 fnt\n|-damage|p1b: Urshifu|44/100 tox\n|faint|p1a: Calyrex\n|\n|-heal|p2a: Dondozo|17/100|[from] item: Leftovers\n|-damage|p1b: Urshifu|38/100 tox|[from] psn\n|-damage|p2b: Tatsugiri|82/100 tox|[from] psn\n|-fieldend|move: Trick Room\n|-fieldend|move: Psychic Terrain\n|upkeep\n|\n|t:|1774858652\n|switch|p1a: Ursaluna|Ursaluna, L50, F|100/100\n|-status|p1a: Ursaluna|tox\n|turn|6\n|l| thundersnd77\n|\n|t:|1774858669\n|move|p2a: Dondozo|Order Up|p1b: Urshifu\n|-damage|p1b: Urshifu|0 fnt\n|faint|p1b: Urshifu\n|-boost|p2a: Dondozo|atk|1\n|move|p1a: Ursaluna|Facade|p2a: Dondozo\n|-damage|p2a: Dondozo|0 fnt\n|faint|p2a: Dondozo\n|\n|-damage|p2b: Tatsugiri|63/100 tox|[from] psn\n|-damage|p1a: Ursaluna|95/100 tox|[from] psn\n|upkeep\n|\n|t:|1774858677\n|switch|p2a: Grimmsnarl|Grimmsnarl, L50, M, shiny|18/100\n|turn|7\n|j| thundersnd77\n|\n|t:|1774858693\n|move|p2a: Grimmsnarl|Sucker Punch|p1a: Ursaluna\n|-damage|p1a: Ursaluna|73/100 tox\n|move|p2b: Tatsugiri|Muddy Water|p1a: Ursaluna\n|-supereffective|p1a: Ursaluna\n|-damage|p1a: Ursaluna|0 fnt\n|faint|p1a: Ursaluna\n|\n|win|RoayVn\n|raw|JakeNBake3D's rating: 1317 &rarr; <strong>1299</strong><br />(-18 for losing)\n|raw|RoayVn's rating: 1350 &rarr; <strong>1368</strong><br />(+18 for winning)\n|l|\u2606JakeNBake3D\n|player|p1|\n|l|\u2606RoayVn\n|player|p2|\n|l| thundersnd77\n","uploadtime":1774858854,"views":10,"formatid":"gen9vgc2026regi","rating":1299,"private":0,"password":null}