{"id":"gen9vgc2026regi-2569949390","format":"[Gen 9] VGC 2026 Reg I","players":["San gerger","newlifecicle"],"log":"|j|\u2606San gerger\n|j|\u2606newlifecicle\n|t:|1774749333\n|gametype|doubles\n|player|p1|San gerger|170|1452\n|player|p2|newlifecicle|veteran|1680\n|gen|9\n|tier|[Gen 9] VGC 2026 Reg I\n|rated|\n|rule|Species Clause: Limit one of each Pok\u00e9mon\n|rule|Item Clause: Limit 1 of each item\n|clearpoke\n|poke|p1|Calyrex-Shadow, L50|\n|poke|p1|Zamazenta-*, L50|\n|poke|p1|Tornadus, L50, M|\n|poke|p1|Rillaboom, L50, M|\n|poke|p1|Ogerpon-Hearthflame, L50, F|\n|poke|p1|Raging Bolt, L50|\n|poke|p2|Calyrex-Shadow, L50|\n|poke|p2|Zamazenta-*, L50|\n|poke|p2|Chien-Pao, L50|\n|poke|p2|Dragonite, L50, F|\n|poke|p2|Raging Bolt, L50|\n|poke|p2|Amoonguss, L50, F|\n|teampreview|4\n|inactive|Battle timer is ON: inactive players will automatically lose when time's up. (requested by newlifecicle)\n|inactive|San gerger has 60 seconds left.\n|inactive|newlifecicle has 60 seconds left.\n|\n|t:|1774749384\n|teamsize|p1|4\n|teamsize|p2|4\n|start\n|switch|p1a: Calyrex|Calyrex-Shadow, L50|100/100\n|switch|p1b: Tornadus|Tornadus, L50, M|100/100\n|switch|p2a: PinkPonyClub|Calyrex-Shadow, L50|100/100\n|switch|p2b: protec|Zamazenta-Crowned, L50|100/100\n|-ability|p1a: Calyrex|As One\n|-ability|p1a: Calyrex|Unnerve\n|-ability|p2a: PinkPonyClub|As One\n|-ability|p2a: PinkPonyClub|Unnerve\n|-ability|p2b: protec|Dauntless Shield|boost\n|-boost|p2b: protec|def|1\n|turn|1\n|inactive|San gerger has 30 seconds left.\n|\n|t:|1774749409\n|-terastallize|p1a: Calyrex|Dark\n|move|p1b: Tornadus|Tailwind|p1b: Tornadus\n|-sidestart|p1: San gerger|move: Tailwind\n|move|p1a: Calyrex|Psychic|p2b: protec\n|-damage|p2b: protec|53/100\n|-damage|p1a: Calyrex|91/100|[from] item: Life Orb\n|move|p2a: PinkPonyClub|Astral Barrage|p1a: Calyrex|[spread] p1a,p1b\n|-resisted|p1a: Calyrex\n|-damage|p1a: Calyrex|65/100\n|-damage|p1b: Tornadus|42/100\n|move|p2b: protec|Body Press|p1a: Calyrex\n|-supereffective|p1a: Calyrex\n|-damage|p1a: Calyrex|0 fnt\n|faint|p1a: Calyrex\n|\n|upkeep\n|\n|t:|1774749430\n|switch|p1a: Zamazenta|Zamazenta-Crowned, L50|100/100\n|-ability|p1a: Zamazenta|Dauntless Shield|boost\n|-boost|p1a: Zamazenta|def|1\n|turn|2\n|\n|t:|1774749440\n|move|p2b: protec|Wide Guard|p2b: protec\n|-singleturn|p2b: protec|Wide Guard\n|move|p1a: Zamazenta|Heavy Slam|p2a: PinkPonyClub\n|-damage|p2a: PinkPonyClub|44/100\n|move|p1b: Tornadus|Bleakwind Storm|p2a: PinkPonyClub|[spread] \n|-activate|p2a: PinkPonyClub|move: Wide Guard\n|-activate|p2b: protec|move: Wide Guard\n|move|p2a: PinkPonyClub|Psychic|p1b: Tornadus\n|-damage|p1b: Tornadus|0 fnt\n|faint|p1b: Tornadus\n|-ability|p2a: PinkPonyClub|Grim Neigh|boost\n|-boost|p2a: PinkPonyClub|spa|1\n|\n|upkeep\n|\n|t:|1774749455\n|switch|p1b: Ogerpon|Ogerpon-Hearthflame, L50, F|100/100\n|-ability|p1b: Ogerpon|Mold Breaker\n|turn|3\n|\n|t:|1774749475\n|-terastallize|p2b: protec|Dragon\n|move|p1a: Zamazenta|Body Press|p2b: protec\n|-damage|p2b: protec|27/100\n|move|p1b: Ogerpon|Ivy Cudgel|p2a: PinkPonyClub|[anim] Ivy Cudgel Fire\n|-damage|p2a: PinkPonyClub|0 fnt\n|faint|p2a: PinkPonyClub\n|move|p2b: protec|Body Press|p1b: Ogerpon\n|-damage|p1b: Ogerpon|42/100\n|\n|upkeep\n|\n|t:|1774749495\n|switch|p2a: Raging Bolt|Raging Bolt, L50|100/100\n|-enditem|p2a: Raging Bolt|Booster Energy\n|-activate|p2a: Raging Bolt|ability: Protosynthesis|[fromitem]\n|-start|p2a: Raging Bolt|protosynthesisspa\n|turn|4\n|\n|t:|1774749513\n|move|p1b: Ogerpon|Spiky Shield|p1b: Ogerpon\n|-singleturn|p1b: Ogerpon|move: Protect\n|move|p1a: Zamazenta|Body Press|p2b: protec\n|-crit|p2b: protec\n|-damage|p2b: protec|0 fnt\n|faint|p2b: protec\n|move|p2a: Raging Bolt|Dragon Pulse|p1b: Ogerpon\n|-activate|p1b: Ogerpon|move: Protect\n|\n|-sideend|p1: San gerger|move: Tailwind\n|upkeep\n|\n|t:|1774749517\n|switch|p2b: Green Goober|Dragonite, L50, F|100/100\n|turn|5\n|inactive|San gerger has 30 seconds left.\n|\n|t:|1774749551\n|move|p1b: Ogerpon|Follow Me|p1b: Ogerpon\n|-singleturn|p1b: Ogerpon|move: Follow Me\n|move|p2b: Green Goober|Extreme Speed|p1b: Ogerpon\n|-damage|p1b: Ogerpon|0 fnt\n|faint|p1b: Ogerpon\n|move|p1a: Zamazenta|Body Press|p2a: Raging Bolt\n|-damage|p2a: Raging Bolt|40/100\n|move|p2a: Raging Bolt|Thunderbolt|p1a: Zamazenta\n|-damage|p1a: Zamazenta|49/100\n|\n|upkeep\n|turn|6\n|\n|t:|1774749564\n|move|p2b: Green Goober|Extreme Speed|p1a: Zamazenta\n|-resisted|p1a: Zamazenta\n|-damage|p1a: Zamazenta|40/100\n|move|p2a: Raging Bolt|Thunderclap|p1a: Zamazenta\n|-damage|p1a: Zamazenta|3/100\n|move|p1a: Zamazenta|Body Press|p2a: Raging Bolt\n|-damage|p2a: Raging Bolt|0 fnt\n|faint|p2a: Raging Bolt\n|-end|p2a: Raging Bolt|Protosynthesis|[silent]\n|\n|upkeep\n|turn|7\n|-message|San gerger forfeited.\n|\n|win|newlifecicle\n|raw|San gerger's rating: 1452 &rarr; <strong>1444</strong><br />(-8 for losing)\n|raw|newlifecicle's rating: 1680 &rarr; <strong>1688</strong><br />(+8 for winning)\n|l|\u2606San gerger\n|player|p1|\n|l|\u2606newlifecicle\n|player|p2|\n","uploadtime":1774749847,"views":16,"formatid":"gen9vgc2026regi","rating":1444,"private":0,"password":null}