{"id":"gen9vgc2026regi-2523903476","format":"[Gen 9] VGC 2026 Reg I","players":["Fogdocker","Philippejava"],"log":"|j|\u2606Fogdocker\n|j|\u2606Philippejava\n|t:|1769088764\n|gametype|doubles\n|player|p1|Fogdocker|2|1406\n|player|p2|Philippejava|falkner|1321\n|gen|9\n|tier|[Gen 9] VGC 2026 Reg I\n|rated|\n|rule|Species Clause: Limit one of each Pok\u00e9mon\n|rule|Item Clause: Limit 1 of each item\n|clearpoke\n|poke|p1|Calyrex-Ice, L50|\n|poke|p1|Kyogre, L50|\n|poke|p1|Urshifu-*, L50, F|\n|poke|p1|Rillaboom, L50, M|\n|poke|p1|Landorus, L50, M|\n|poke|p1|Tornadus, L50, M|\n|poke|p2|Koraidon, L50|\n|poke|p2|Calyrex-Ice, L50|\n|poke|p2|Ursaluna, L50, F|\n|poke|p2|Chi-Yu, L50|\n|poke|p2|Raging Bolt, L50|\n|poke|p2|Brute Bonnet, L50|\n|teampreview|4\n|inactive|Battle timer is ON: inactive players will automatically lose when time's up. (requested by Philippejava)\n|inactive|Fogdocker has 60 seconds left.\n|\n|t:|1769088815\n|teamsize|p1|4\n|teamsize|p2|4\n|start\n|switch|p1a: Tornadus|Tornadus, L50, M|100/100\n|switch|p1b: Landorus|Landorus, L50, M|100/100\n|switch|p2a: Kintoki|Raging Bolt, L50|100/100\n|switch|p2b: Iskandar|Calyrex-Ice, L50|100/100\n|-ability|p2b: Iskandar|As One\n|-ability|p2b: Iskandar|Unnerve\n|turn|1\n|inactive|Fogdocker has 30 seconds left.\n|inactive|Philippejava has 30 seconds left.\n|\n|t:|1769088850\n|switch|p1a: Calyrex|Calyrex-Ice, L50|100/100\n|-ability|p1a: Calyrex|As One\n|-ability|p1a: Calyrex|Unnerve\n|move|p1b: Landorus|Protect|p1b: Landorus\n|-singleturn|p1b: Landorus|Protect\n|move|p2a: Kintoki|Volt Switch|p1a: Calyrex\n|-damage|p1a: Calyrex|77/100\n|\n|t:|1769088861\n|-end|p2a: Kintoki|Protosynthesis|[silent]\n|switch|p2a: Quetzalcpatl|Koraidon, L50|100/100|[from] Volt Switch\n|-weather|SunnyDay|[from] ability: Orichalcum Pulse|[of] p2a: Quetzalcpatl\n|-activate|p2a: Quetzalcpatl|Orichalcum Pulse|[source]\n|move|p2b: Iskandar|Glacial Lance|p1a: Calyrex|[spread] p1a\n|-activate|p1b: Landorus|move: Protect\n|-resisted|p1a: Calyrex\n|-damage|p1a: Calyrex|59/100\n|\n|-weather|SunnyDay|[upkeep]\n|-heal|p1a: Calyrex|65/100|[from] item: Leftovers\n|upkeep\n|turn|2\n|\n|t:|1769088884\n|switch|p1b: Urshifu|Urshifu-Rapid-Strike, L50, F|100/100\n|-terastallize|p1a: Calyrex|Water\n|move|p2a: Quetzalcpatl|Flare Blitz|p1a: Calyrex\n|-resisted|p1a: Calyrex\n|-damage|p1a: Calyrex|30/100\n|-damage|p2a: Quetzalcpatl|87/100|[from] Recoil\n|-damage|p2a: Quetzalcpatl|78/100|[from] item: Life Orb\n|move|p1a: Calyrex|Glacial Lance|p2b: Iskandar|[spread] p2a,p2b\n|-supereffective|p2a: Quetzalcpatl\n|-resisted|p2b: Iskandar\n|-damage|p2a: Quetzalcpatl|0 fnt\n|-damage|p2b: Iskandar|85/100\n|faint|p2a: Quetzalcpatl\n|-ability|p1a: Calyrex|Chilling Neigh|boost\n|-boost|p1a: Calyrex|atk|1\n|move|p2b: Iskandar|Glacial Lance|p1b: Urshifu|[spread] p1a,p1b\n|-resisted|p1a: Calyrex\n|-resisted|p1b: Urshifu\n|-damage|p1a: Calyrex|12/100\n|-damage|p1b: Urshifu|72/100\n|\n|-weather|SunnyDay|[upkeep]\n|-heal|p1a: Calyrex|18/100|[from] item: Leftovers\n|upkeep\n|\n|t:|1769088908\n|switch|p2a: Kintoki|Raging Bolt, L50|100/100\n|-activate|p2a: Kintoki|ability: Protosynthesis\n|-start|p2a: Kintoki|protosynthesisspa\n|turn|3\n|\n|t:|1769088917\n|switch|p1b: Tornadus|Tornadus, L50, M|100/100\n|move|p2a: Kintoki|Thunderclap||[still]\n|-fail|p2a: Kintoki\n|move|p1a: Calyrex|Glacial Lance|p2b: Iskandar|[spread] p2a,p2b\n|-supereffective|p2a: Kintoki\n|-resisted|p2b: Iskandar\n|-damage|p2a: Kintoki|0 fnt\n|-damage|p2b: Iskandar|60/100\n|faint|p2a: Kintoki\n|-end|p2a: Kintoki|Protosynthesis|[silent]\n|-ability|p1a: Calyrex|Chilling Neigh|boost\n|-boost|p1a: Calyrex|atk|1\n|move|p2b: Iskandar|Trick Room|p2b: Iskandar\n|-fieldstart|move: Trick Room|[of] p2b: Iskandar\n|\n|-weather|SunnyDay|[upkeep]\n|-heal|p1a: Calyrex|24/100|[from] item: Leftovers\n|upkeep\n|\n|t:|1769088933\n|switch|p2a: Orion|Ursaluna, L50, F|100/100\n|turn|4\n|\n|t:|1769088955\n|move|p2a: Orion|Helping Hand|p2b: Iskandar\n|-singleturn|p2b: Iskandar|Helping Hand|[of] p2a: Orion\n|move|p1a: Calyrex|Protect|p1a: Calyrex\n|-singleturn|p1a: Calyrex|Protect\n|move|p1b: Tornadus|Rain Dance|p1b: Tornadus\n|-weather|RainDance\n|move|p2b: Iskandar|Glacial Lance|p1a: Calyrex|[spread] p1b\n|-activate|p1a: Calyrex|move: Protect\n|-supereffective|p1b: Tornadus\n|-damage|p1b: Tornadus|0 fnt\n|faint|p1b: Tornadus\n|-ability|p2b: Iskandar|Chilling Neigh|boost\n|-boost|p2b: Iskandar|atk|1\n|\n|-weather|RainDance|[upkeep]\n|-heal|p1a: Calyrex|29/100|[from] item: Leftovers\n|-status|p2a: Orion|brn|[from] item: Flame Orb\n|upkeep\n|\n|t:|1769088965\n|switch|p1b: Urshifu|Urshifu-Rapid-Strike, L50, F|72/100\n|turn|5\n|inactive|Philippejava has 30 seconds left.\n|\n|t:|1769088994\n|move|p1b: Urshifu|Aqua Jet|p2a: Orion\n|-supereffective|p2a: Orion\n|-damage|p2a: Orion|17/100 brn\n|move|p2b: Iskandar|High Horsepower|p1a: Calyrex\n|-damage|p1a: Calyrex|0 fnt\n|faint|p1a: Calyrex\n|-ability|p2b: Iskandar|Chilling Neigh|boost\n|-boost|p2b: Iskandar|atk|1\n|move|p2a: Orion|Facade|p1b: Urshifu\n|-damage|p1b: Urshifu|0 fnt\n|faint|p1b: Urshifu\n|\n|-weather|RainDance|[upkeep]\n|-damage|p2a: Orion|11/100 brn|[from] brn\n|upkeep\n|\n|t:|1769089006\n|switch|p1b: Landorus|Landorus, L50, M|100/100\n|turn|6\n|\n|t:|1769089020\n|move|p1b: Landorus|Protect|p1b: Landorus\n|-singleturn|p1b: Landorus|Protect\n|move|p2a: Orion|Facade|p1b: Landorus\n|-activate|p1b: Landorus|move: Protect\n|move|p2b: Iskandar|Glacial Lance|p1b: Landorus\n|-activate|p1b: Landorus|move: Protect\n|\n|-weather|RainDance|[upkeep]\n|-damage|p2a: Orion|5/100 brn|[from] brn\n|upkeep\n|turn|7\n|\n|t:|1769089033\n|move|p1b: Landorus|Protect||[still]\n|-fail|p1b: Landorus\n|move|p2a: Orion|Facade|p1b: Landorus\n|-damage|p1b: Landorus|0 fnt\n|faint|p1b: Landorus\n|\n|win|Philippejava\n|raw|Fogdocker's rating: 1406 &rarr; <strong>1381</strong><br />(-25 for losing)\n|raw|Philippejava's rating: 1321 &rarr; <strong>1346</strong><br />(+25 for winning)\n|l|\u2606Fogdocker\n|player|p1|\n|l|\u2606Philippejava\n|player|p2|\n","uploadtime":1769089265,"views":14,"formatid":"gen9vgc2026regi","rating":1346,"private":0,"password":null}