{"id":"gen9vgc2026regi-2587746267","format":"[Gen 9] VGC 2026 Reg I","players":["unzksakdk","kyoshimon"],"log":"|j|\u2606unzksakdk\n|j|\u2606kyoshimon\n|t:|1776559838\n|gametype|doubles\n|player|p1|unzksakdk|266|1365\n|player|p2|kyoshimon|steven|1449\n|gen|9\n|tier|[Gen 9] VGC 2026 Reg I\n|rated|\n|rule|Species Clause: Limit one of each Pok\u00e9mon\n|rule|Item Clause: Limit 1 of each item\n|clearpoke\n|poke|p1|Groudon, L50|\n|poke|p1|Brute Bonnet, L50|\n|poke|p1|Miraidon, L50|\n|poke|p1|Farigiraf, L50, M|\n|poke|p1|Incineroar, L50, F|\n|poke|p1|Grimmsnarl, L50, M|\n|poke|p2|Kyogre, L50|\n|poke|p2|Chien-Pao, L50|\n|poke|p2|Landorus, L50, M|\n|poke|p2|Zamazenta-*, L50|\n|poke|p2|Iron Jugulis, L50|\n|poke|p2|Amoonguss, L50, F|\n|teampreview|4\n|inactive|Battle timer is ON: inactive players will automatically lose when time's up. (requested by kyoshimon)\n|\n|t:|1776559886\n|teamsize|p1|4\n|teamsize|p2|4\n|start\n|switch|p1a: Grimmsnarl|Grimmsnarl, L50, M|100/100\n|switch|p1b: Brute Bonnet|Brute Bonnet, L50|100/100\n|switch|p2a: Landorus|Landorus, L50, M|100/100\n|switch|p2b: Chien-Pao|Chien-Pao, L50|100/100\n|-ability|p2b: Chien-Pao|Sword of Ruin\n|turn|1\n|inactive|unzksakdk has 30 seconds left.\n|inactive|unzksakdk has 20 seconds left.\n|inactive|unzksakdk has 15 seconds left.\n|inactive|unzksakdk has 10 seconds left.\n|inactive|unzksakdk has 5 seconds left.\n|\n|t:|1776559941\n|move|p1b: Brute Bonnet|Rage Powder|p1b: Brute Bonnet\n|-singleturn|p1b: Brute Bonnet|move: Rage Powder\n|move|p1a: Grimmsnarl|Light Screen|p1a: Grimmsnarl\n|-sidestart|p1: unzksakdk|move: Light Screen\n|move|p2b: Chien-Pao|Ice Spinner|p1b: Brute Bonnet\n|-supereffective|p1b: Brute Bonnet\n|-damage|p1b: Brute Bonnet|12/100\n|-damage|p2b: Chien-Pao|84/100|[from] item: Rocky Helmet|[of] p1b: Brute Bonnet\n|move|p2a: Landorus|Earth Power|p1b: Brute Bonnet\n|-resisted|p1b: Brute Bonnet\n|-damage|p1b: Brute Bonnet|0 fnt\n|faint|p1b: Brute Bonnet\n|-end|p1b: Brute Bonnet|Protosynthesis|[silent]\n|\n|upkeep\n|\n|t:|1776559964\n|switch|p1b: Groudon|Groudon, L50|100/100\n|-weather|SunnyDay|[from] ability: Drought|[of] p1b: Groudon\n|turn|2\n|\n|t:|1776559972\n|move|p1b: Groudon|Protect|p1b: Groudon\n|-singleturn|p1b: Groudon|Protect\n|move|p1a: Grimmsnarl|Reflect|p1a: Grimmsnarl\n|-sidestart|p1: unzksakdk|Reflect\n|move|p2b: Chien-Pao|Ruination|p1b: Groudon\n|-activate|p1b: Groudon|move: Protect\n|move|p2a: Landorus|Earth Power|p1b: Groudon\n|-activate|p1b: Groudon|move: Protect\n|\n|-weather|SunnyDay|[upkeep]\n|upkeep\n|turn|3\n|\n|t:|1776559991\n|switch|p2b: Kyogre|Kyogre, L50|100/100\n|-weather|RainDance|[from] ability: Drizzle|[of] p2b: Kyogre\n|move|p2a: Landorus|Sandsear Storm|p1b: Groudon|[spread] p1a,p1b\n|-damage|p1a: Grimmsnarl|70/100\n|-damage|p1b: Groudon|60/100\n|move|p1b: Groudon|Heat Crash|p2a: Landorus\n|-crit|p2a: Landorus\n|-damage|p2a: Landorus|60/100\n|move|p1a: Grimmsnarl|Spirit Break|p2b: Kyogre\n|-damage|p2b: Kyogre|74/100\n|-unboost|p2b: Kyogre|spa|1\n|\n|-weather|RainDance|[upkeep]\n|upkeep\n|turn|4\n|inactive|unzksakdk has 30 seconds left.\n|\n|t:|1776560019\n|move|p1b: Groudon|Protect|p1b: Groudon\n|-singleturn|p1b: Groudon|Protect\n|move|p1a: Grimmsnarl|Thunder Wave|p2a: Landorus\n|-immune|p2a: Landorus\n|move|p2a: Landorus|Sandsear Storm|p1b: Groudon|[spread] p1a\n|-activate|p1b: Groudon|move: Protect\n|-damage|p1a: Grimmsnarl|39/100\n|move|p2b: Kyogre|Water Spout|p1b: Groudon|[spread] p1a\n|-activate|p1b: Groudon|move: Protect\n|-damage|p1a: Grimmsnarl|6/100\n|\n|-weather|RainDance|[upkeep]\n|upkeep\n|turn|5\n|\n|t:|1776560033\n|switch|p2b: Chien-Pao|Chien-Pao, L50|84/100\n|-ability|p2b: Chien-Pao|Sword of Ruin\n|move|p2a: Landorus|Sandsear Storm|p1b: Groudon|[spread] p1a,p1b\n|-damage|p1a: Grimmsnarl|0 fnt\n|-damage|p1b: Groudon|20/100\n|faint|p1a: Grimmsnarl\n|move|p1b: Groudon|Precipice Blades|p2b: Chien-Pao|[spread] p2b\n|-immune|p2a: Landorus\n|-damage|p2b: Chien-Pao|13/100\n|\n|-weather|RainDance|[upkeep]\n|upkeep\n|\n|t:|1776560040\n|switch|p1a: Miraidon|Miraidon, L50|100/100\n|-fieldstart|move: Electric Terrain|[from] ability: Hadron Engine|[of] p1a: Miraidon\n|turn|6\n|\n|t:|1776560048\n|-terastallize|p1a: Miraidon|Fairy\n|move|p1b: Groudon|Protect|p1b: Groudon\n|-singleturn|p1b: Groudon|Protect\n|move|p2b: Chien-Pao|Ice Spinner|p1a: Miraidon\n|-damage|p1a: Miraidon|65/100\n|-fieldend|move: Electric Terrain\n|move|p1a: Miraidon|Dazzling Gleam|p2a: Landorus|[spread] p2a,p2b\n|-supereffective|p2b: Chien-Pao\n|-damage|p2a: Landorus|11/100\n|-damage|p2b: Chien-Pao|0 fnt\n|faint|p2b: Chien-Pao\n|move|p2a: Landorus|Sandsear Storm|p1a: Miraidon|[spread] p1a\n|-activate|p1b: Groudon|move: Protect\n|-damage|p1a: Miraidon|25/100\n|\n|-weather|RainDance|[upkeep]\n|upkeep\n|\n|t:|1776560054\n|switch|p2b: Zamazenta|Zamazenta-Crowned, L50|100/100\n|-ability|p2b: Zamazenta|Dauntless Shield|boost\n|-boost|p2b: Zamazenta|def|1\n|turn|7\n|\n|t:|1776560062\n|-terastallize|p2b: Zamazenta|Grass\n|move|p1a: Miraidon|Dazzling Gleam|p2a: Landorus|[spread] p2a,p2b\n|-damage|p2a: Landorus|0 fnt\n|-damage|p2b: Zamazenta|67/100\n|faint|p2a: Landorus\n|move|p2b: Zamazenta|Behemoth Bash|p1a: Miraidon\n|-supereffective|p1a: Miraidon\n|-damage|p1a: Miraidon|0 fnt\n|faint|p1a: Miraidon\n|move|p1b: Groudon|Precipice Blades|p2b: Zamazenta\n|-resisted|p2b: Zamazenta\n|-damage|p2b: Zamazenta|53/100\n|\n|-weather|none\n|upkeep\n|\n|t:|1776560066\n|switch|p2a: Kyogre|Kyogre, L50|74/100\n|-weather|RainDance|[from] ability: Drizzle|[of] p2a: Kyogre\n|turn|8\n|inactive|unzksakdk has 30 seconds left.\n|\n|t:|1776560098\n|move|p2b: Zamazenta|Body Press|p1b: Groudon\n|-damage|p1b: Groudon|0 fnt\n|faint|p1b: Groudon\n|\n|win|kyoshimon\n|raw|unzksakdk's rating: 1365 &rarr; <strong>1350</strong><br />(-15 for losing)\n|raw|kyoshimon's rating: 1449 &rarr; <strong>1464</strong><br />(+15 for winning)\n|l|\u2606kyoshimon\n|player|p2|\n|j|\u2606kyoshimon\n|player|p2|kyoshimon|steven|\n","uploadtime":1776560160,"views":94,"formatid":"gen9vgc2026regi","rating":1350,"private":0,"password":null}