{"id":"gen9vgc2026regi-2541402875","format":"[Gen 9] VGC 2026 Reg I","players":["j0l0k0","noturdad2"],"log":"|j|\u2606j0l0k0\n|j|\u203dnoturdad2\n|t:|1771330423\n|gametype|doubles\n|player|p1|j0l0k0|brycen|1370\n|player|p2|noturdad2|byron|1352\n|gen|9\n|tier|[Gen 9] VGC 2026 Reg I\n|rated|\n|rule|Species Clause: Limit one of each Pok\u00e9mon\n|rule|Item Clause: Limit 1 of each item\n|clearpoke\n|poke|p1|Calyrex-Ice, L50|\n|poke|p1|Kyogre, L50|\n|poke|p1|Indeedee-F, L50, F|\n|poke|p1|Urshifu-*, L50, F|\n|poke|p1|Amoonguss, L50, F|\n|poke|p1|Landorus, L50, M|\n|poke|p2|Raichu, L50, M|\n|poke|p2|Incineroar, L50, M|\n|poke|p2|Chien-Pao, L50|\n|poke|p2|Zamazenta-*, L50|\n|poke|p2|Pelipper, L50, F|\n|poke|p2|Calyrex-Shadow, L50|\n|teampreview|4\n|inactive|Battle timer is ON: inactive players will automatically lose when time's up. (requested by noturdad2)\n|inactive|j0l0k0 also wants the timer to be on.\n|\n|t:|1771330440\n|teamsize|p1|4\n|teamsize|p2|4\n|start\n|switch|p1a: Indeedee|Indeedee-F, L50, F, shiny|100/100\n|switch|p1b: Calyrex|Calyrex-Ice, L50|100/100\n|switch|p2a: Zamazenta|Zamazenta-Crowned, L50|100/100\n|switch|p2b: Raichu|Raichu, L50, M, shiny|100/100\n|-ability|p1b: Calyrex|As One\n|-ability|p1b: Calyrex|Unnerve\n|-ability|p2a: Zamazenta|Dauntless Shield|boost\n|-boost|p2a: Zamazenta|def|1\n|-fieldstart|move: Psychic Terrain|[from] ability: Psychic Surge|[of] p1a: Indeedee\n|turn|1\n|inactive|j0l0k0 has 30 seconds left.\n|\n|t:|1771330465\n|move|p1a: Indeedee|Follow Me|p1a: Indeedee\n|-singleturn|p1a: Indeedee|move: Follow Me\n|move|p2b: Raichu|Nuzzle|p1a: Indeedee\n|-damage|p1a: Indeedee|94/100\n|-status|p1a: Indeedee|par\n|move|p2a: Zamazenta|Iron Defense|p2a: Zamazenta\n|-boost|p2a: Zamazenta|def|2\n|move|p1b: Calyrex|Trick Room|p1b: Calyrex\n|-fieldstart|move: Trick Room|[of] p1b: Calyrex\n|\n|upkeep\n|turn|2\n|\n|t:|1771330480\n|cant|p1a: Indeedee|par\n|move|p1b: Calyrex|Glacial Lance|p2b: Raichu|[spread] p2a,p2b\n|-resisted|p2a: Zamazenta\n|-damage|p2a: Zamazenta|93/100\n|-damage|p2b: Raichu|11/100\n|move|p2a: Zamazenta|Body Press|p1b: Calyrex\n|-damage|p1b: Calyrex|32/100\n|move|p2b: Raichu|Nuzzle|p1b: Calyrex\n|-damage|p1b: Calyrex|28/100\n|-status|p1b: Calyrex|par\n|\n|upkeep\n|turn|3\n|\n|t:|1771330494\n|move|p1b: Calyrex|Close Combat|p2b: Raichu\n|-damage|p2b: Raichu|0 fnt\n|-unboost|p1b: Calyrex|def|1\n|-unboost|p1b: Calyrex|spd|1\n|faint|p2b: Raichu\n|-ability|p1b: Calyrex|Chilling Neigh|boost\n|-boost|p1b: Calyrex|atk|1\n|move|p1a: Indeedee|Psychic|p2a: Zamazenta\n|-damage|p2a: Zamazenta|69/100\n|move|p2a: Zamazenta|Body Press|p1b: Calyrex\n|-damage|p1b: Calyrex|0 fnt\n|faint|p1b: Calyrex\n|\n|upkeep\n|\n|t:|1771330508\n|switch|p1b: Landorus|Landorus, L50, M, shiny|100/100\n|switch|p2b: Chien-Pao|Chien-Pao, L50|100/100\n|-ability|p2b: Chien-Pao|Sword of Ruin\n|turn|4\n|\n|t:|1771330524\n|-terastallize|p1b: Landorus|Steel\n|-terastallize|p2a: Zamazenta|Grass\n|move|p1a: Indeedee|Helping Hand|p1b: Landorus\n|-singleturn|p1b: Landorus|Helping Hand|[of] p1a: Indeedee\n|move|p1b: Landorus|Sandsear Storm|p2b: Chien-Pao|[spread] p2b\n|-miss|p1b: Landorus|p2a: Zamazenta\n|-enditem|p2b: Chien-Pao|Focus Sash\n|-damage|p2b: Chien-Pao|1/100\n|move|p2a: Zamazenta|Body Press|p1a: Indeedee\n|-damage|p1a: Indeedee|0 fnt\n|faint|p1a: Indeedee\n|move|p2b: Chien-Pao|Icicle Crash|p1b: Landorus\n|-resisted|p1b: Landorus\n|-damage|p1b: Landorus|74/100\n|\n|upkeep\n|\n|t:|1771330533\n|switch|p1a: Kyogre|Kyogre, L50, shiny|100/100\n|-weather|RainDance|[from] ability: Drizzle|[of] p1a: Kyogre\n|turn|5\n|\n|t:|1771330547\n|move|p2b: Chien-Pao|Sucker Punch|p1a: Kyogre\n|-activate|p1a: Kyogre|move: Psychic Terrain\n|move|p1b: Landorus|Sludge Bomb|p2a: Zamazenta\n|-supereffective|p2a: Zamazenta\n|-damage|p2a: Zamazenta|4/100\n|move|p1a: Kyogre|Ice Beam|p2a: Zamazenta\n|-supereffective|p2a: Zamazenta\n|-damage|p2a: Zamazenta|0 fnt\n|faint|p2a: Zamazenta\n|\n|-weather|RainDance|[upkeep]\n|-fieldend|move: Trick Room\n|-fieldend|move: Psychic Terrain\n|upkeep\n|\n|t:|1771330556\n|switch|p2a: Calyrex|Calyrex-Shadow, L50|100/100\n|-ability|p2a: Calyrex|As One\n|-ability|p2a: Calyrex|Unnerve\n|turn|6\n|\n|t:|1771330573\n|move|p1b: Landorus|Protect|p1b: Landorus\n|-singleturn|p1b: Landorus|Protect\n|move|p2a: Calyrex|Astral Barrage|p1b: Landorus|[spread] p1a\n|-activate|p1b: Landorus|move: Protect\n|-damage|p1a: Kyogre|67/100\n|-damage|p2a: Calyrex|91/100|[from] item: Life Orb\n|move|p2b: Chien-Pao|Sacred Sword|p1b: Landorus\n|-activate|p1b: Landorus|move: Protect\n|move|p1a: Kyogre|Thunder|p2b: Chien-Pao\n|-damage|p2b: Chien-Pao|0 fnt\n|faint|p2b: Chien-Pao\n|\n|-weather|RainDance|[upkeep]\n|upkeep\n|turn|7\n|\n|t:|1771330589\n|move|p2a: Calyrex|Astral Barrage|p1a: Kyogre|[spread] p1a,p1b\n|-damage|p1a: Kyogre|36/100\n|-damage|p1b: Landorus|0 fnt\n|faint|p1b: Landorus\n|-ability|p2a: Calyrex|Grim Neigh|boost\n|-boost|p2a: Calyrex|spa|1\n|-damage|p2a: Calyrex|81/100|[from] item: Life Orb\n|move|p1a: Kyogre|Hydro Pump|p2a: Calyrex\n|-damage|p2a: Calyrex|0 fnt\n|faint|p2a: Calyrex\n|\n|win|j0l0k0\n|raw|j0l0k0's rating: 1370 &rarr; <strong>1389</strong><br />(+19 for winning)\n|raw|noturdad2's rating: 1352 &rarr; <strong>1333</strong><br />(-19 for losing)\n|c|\u2606j0l0k0|ggwp\n|l|\u203dnoturdad2\n|player|p2|\n|l|\u2606j0l0k0\n|player|p1|\n","uploadtime":1771330833,"views":11,"formatid":"gen9vgc2026regi","rating":1333,"private":0,"password":null}