{"id":"gen9vgc2026regi-2532437617","format":"[Gen 9] VGC 2026 Reg I","players":["Kwiper","ky123456"],"log":"|j|\u2606Kwiper\n|j|\u2606ky123456\n|t:|1770176407\n|gametype|doubles\n|player|p1|Kwiper|sycamore|1355\n|player|p2|ky123456|cynthia-gen4|1526\n|gen|9\n|tier|[Gen 9] VGC 2026 Reg I\n|rated|\n|rule|Species Clause: Limit one of each Pok\u00e9mon\n|rule|Item Clause: Limit 1 of each item\n|clearpoke\n|poke|p1|Koraidon, L50|\n|poke|p1|Lunala, L50|\n|poke|p1|Indeedee-F, L50, F|\n|poke|p1|Flutter Mane, L50|\n|poke|p1|Volcarona, L50, F|\n|poke|p1|Ursaluna, L50, M|\n|poke|p2|Koraidon, L50|\n|poke|p2|Calyrex-Ice, L50|\n|poke|p2|Incineroar, L50, M|\n|poke|p2|Smeargle, L50, M|\n|poke|p2|Rillaboom, L50, M|\n|poke|p2|Landorus, L50, M|\n|teampreview|4\n|inactive|Battle timer is ON: inactive players will automatically lose when time's up. (requested by Kwiper)\n|\n|t:|1770176429\n|teamsize|p1|4\n|teamsize|p2|4\n|start\n|switch|p1a: Lunala|Lunala, L50, shiny|100/100\n|switch|p1b: Indeedee|Indeedee-F, L50, F|100/100\n|switch|p2a: Calyrex|Calyrex-Ice, L50|100/100\n|switch|p2b: Smeargle|Smeargle, L50, M|100/100\n|-ability|p2a: Calyrex|As One\n|-ability|p2a: Calyrex|Unnerve\n|-fieldstart|move: Psychic Terrain|[from] ability: Psychic Surge|[of] p1b: Indeedee\n|turn|1\n|\n|t:|1770176441\n|-terastallize|p2a: Calyrex|Fairy\n|move|p1b: Indeedee|Follow Me|p1b: Indeedee\n|-singleturn|p1b: Indeedee|move: Follow Me\n|move|p2b: Smeargle|Spore|p1b: Indeedee\n|-activate|p1b: Indeedee|item: Safety Goggles|Spore\n|move|p1a: Lunala|Expanding Force|p2b: Smeargle|[spread] p2a,p2b\n|-damage|p2a: Calyrex|62/100\n|-enditem|p2b: Smeargle|Focus Sash\n|-damage|p2b: Smeargle|1/100\n|move|p2a: Calyrex|Leech Seed|p1b: Indeedee\n|-start|p1b: Indeedee|move: Leech Seed\n|\n|-heal|p2a: Calyrex|68/100|[from] item: Leftovers\n|-damage|p1b: Indeedee|88/100|[from] Leech Seed|[of] p2a: Calyrex\n|-heal|p2a: Calyrex|79/100|[silent]\n|-ability|p2b: Smeargle|Moody|boost\n|-boost|p2b: Smeargle|def|2\n|-unboost|p2b: Smeargle|spd|1\n|upkeep\n|turn|2\n|\n|t:|1770176462\n|move|p1b: Indeedee|Follow Me|p1b: Indeedee\n|-singleturn|p1b: Indeedee|move: Follow Me\n|move|p2b: Smeargle|Ruination|p1b: Indeedee\n|-damage|p1b: Indeedee|45/100\n|move|p1a: Lunala|Meteor Beam||[still]\n|-prepare|p1a: Lunala|Meteor Beam\n|-boost|p1a: Lunala|spa|1\n|-enditem|p1a: Lunala|Power Herb\n|-anim|p1a: Lunala|Meteor Beam|p2b: Smeargle\n|-damage|p2b: Smeargle|0 fnt\n|faint|p2b: Smeargle\n|move|p2a: Calyrex|Glacial Lance|p1b: Indeedee|[spread] p1a,p1b\n|-damage|p1a: Lunala|79/100\n|-damage|p1b: Indeedee|0 fnt\n|faint|p1b: Indeedee\n|-ability|p2a: Calyrex|Chilling Neigh|boost\n|-boost|p2a: Calyrex|atk|1\n|\n|-heal|p2a: Calyrex|85/100|[from] item: Leftovers\n|upkeep\n|\n|t:|1770176483\n|switch|p2b: Incineroar|Incineroar, L50, M|100/100\n|switch|p1b: Volcarona|Volcarona, L50, F|100/100\n|-ability|p2b: Incineroar|Intimidate|boost\n|-unboost|p1a: Lunala|atk|1\n|-unboost|p1b: Volcarona|atk|1\n|turn|3\n|\n|t:|1770176492\n|move|p1a: Lunala|Expanding Force|p2b: Incineroar|[spread] p2a\n|-immune|p2b: Incineroar\n|-damage|p2a: Calyrex|20/100\n|move|p1b: Volcarona|Will-O-Wisp|p2a: Calyrex\n|-status|p2a: Calyrex|brn\n|move|p2b: Incineroar|Knock Off|p1b: Volcarona\n|-damage|p1b: Volcarona|64/100\n|-damage|p2b: Incineroar|84/100|[from] item: Rocky Helmet|[of] p1b: Volcarona\n|-enditem|p1b: Volcarona|Rocky Helmet|[from] move: Knock Off|[of] p2b: Incineroar\n|move|p2a: Calyrex|Leech Seed|p1a: Lunala\n|-start|p1a: Lunala|move: Leech Seed\n|\n|-heal|p2a: Calyrex|26/100 brn|[from] item: Leftovers\n|-damage|p1a: Lunala|67/100|[from] Leech Seed|[of] p2a: Calyrex\n|-heal|p2a: Calyrex|40/100 brn|[silent]\n|-damage|p2a: Calyrex|34/100 brn|[from] brn\n|upkeep\n|turn|4\n|inactive|ky123456 has 30 seconds left.\n|\n|t:|1770176525\n|switch|p1a: Koraidon|Koraidon, L50, shiny|100/100\n|-weather|SunnyDay|[from] ability: Orichalcum Pulse|[of] p1a: Koraidon\n|-activate|p1a: Koraidon|Orichalcum Pulse|[source]\n|move|p2a: Calyrex|Protect|p2a: Calyrex\n|-singleturn|p2a: Calyrex|Protect\n|move|p1b: Volcarona|Struggle Bug|p2b: Incineroar|[spread] p2b\n|-activate|p2a: Calyrex|move: Protect\n|-damage|p2b: Incineroar|70/100\n|-unboost|p2b: Incineroar|spa|1\n|move|p2b: Incineroar|Knock Off|p1a: Koraidon\n|-resisted|p1a: Koraidon\n|-damage|p1a: Koraidon|83/100\n|-enditem|p1a: Koraidon|Life Orb|[from] move: Knock Off|[of] p2b: Incineroar\n|\n|-weather|SunnyDay|[upkeep]\n|-heal|p2a: Calyrex|40/100 brn|[from] item: Leftovers\n|-damage|p2a: Calyrex|34/100 brn|[from] brn\n|upkeep\n|turn|5\n|inactive|ky123456 has 30 seconds left.\n|\n|t:|1770176552\n|-terastallize|p1a: Koraidon|Fire\n|move|p1a: Koraidon|Close Combat|p2b: Incineroar\n|-supereffective|p2b: Incineroar\n|-damage|p2b: Incineroar|0 fnt\n|-unboost|p1a: Koraidon|def|1\n|-unboost|p1a: Koraidon|spd|1\n|faint|p2b: Incineroar\n|move|p1b: Volcarona|Struggle Bug|p2a: Calyrex\n|-resisted|p2a: Calyrex\n|-damage|p2a: Calyrex|28/100 brn\n|-unboost|p2a: Calyrex|spa|1\n|move|p2a: Calyrex|Glacial Lance|p1b: Volcarona|[spread] p1a,p1b\n|-resisted|p1a: Koraidon\n|-resisted|p1b: Volcarona\n|-damage|p1a: Koraidon|57/100\n|-damage|p1b: Volcarona|45/100\n|\n|-weather|SunnyDay|[upkeep]\n|-heal|p2a: Calyrex|33/100 brn|[from] item: Leftovers\n|-damage|p2a: Calyrex|28/100 brn|[from] brn\n|-fieldend|move: Psychic Terrain\n|upkeep\n|\n|t:|1770176565\n|switch|p2b: Koraidon|Koraidon, L50|100/100\n|-activate|p2b: Koraidon|ability: Orichalcum Pulse\n|turn|6\n|\n|t:|1770176584\n|move|p1b: Volcarona|Rage Powder|p1b: Volcarona\n|-singleturn|p1b: Volcarona|move: Rage Powder\n|move|p1a: Koraidon|Close Combat|p2b: Koraidon\n|-damage|p2b: Koraidon|32/100\n|-unboost|p1a: Koraidon|def|1\n|-unboost|p1a: Koraidon|spd|1\n|move|p2b: Koraidon|Low Kick|p1b: Volcarona\n|-resisted|p1b: Volcarona\n|-damage|p1b: Volcarona|24/100\n|move|p2a: Calyrex|Leech Seed|p1b: Volcarona\n|-start|p1b: Volcarona|move: Leech Seed\n|\n|-weather|SunnyDay|[upkeep]\n|-heal|p2a: Calyrex|33/100 brn|[from] item: Leftovers\n|-damage|p1b: Volcarona|11/100|[from] Leech Seed|[of] p2a: Calyrex\n|-heal|p2a: Calyrex|45/100 brn|[silent]\n|-damage|p2a: Calyrex|39/100 brn|[from] brn\n|upkeep\n|turn|7\n|inactive|ky123456 has 30 seconds left.\n|inactive|ky123456 has 20 seconds left.\n|inactive|ky123456 has 15 seconds left.\n|inactive|ky123456 has 10 seconds left.\n|\n|t:|1770176631\n|switch|p1a: Lunala|Lunala, L50, shiny|67/100\n|move|p2b: Koraidon|Protect|p2b: Koraidon\n|-singleturn|p2b: Koraidon|Protect\n|move|p1b: Volcarona|Will-O-Wisp|p2b: Koraidon\n|-activate|p2b: Koraidon|move: Protect\n|move|p2a: Calyrex|Glacial Lance|p1a: Lunala|[spread] p1a,p1b\n|-crit|p1a: Lunala\n|-resisted|p1b: Volcarona\n|-damage|p1a: Lunala|19/100\n|-damage|p1b: Volcarona|0 fnt\n|faint|p1b: Volcarona\n|-ability|p2a: Calyrex|Chilling Neigh|boost\n|-boost|p2a: Calyrex|atk|1\n|\n|-weather|SunnyDay|[upkeep]\n|-heal|p2a: Calyrex|45/100 brn|[from] item: Leftovers\n|-damage|p2a: Calyrex|39/100 brn|[from] brn\n|upkeep\n|\n|t:|1770176633\n|switch|p1b: Koraidon|Koraidon, L50, shiny, tera:Fire|57/100\n|-activate|p1b: Koraidon|ability: Orichalcum Pulse\n|turn|8\n|inactive|ky123456 has 30 seconds left.\n|\n|t:|1770176660\n|move|p1b: Koraidon|Flare Blitz|p2a: Calyrex\n|-damage|p2a: Calyrex|0 fnt\n|faint|p2a: Calyrex\n|-damage|p1b: Koraidon|42/100|[from] Recoil\n|move|p2b: Koraidon|Flame Charge|p1a: Lunala\n|-damage|p1a: Lunala|0 fnt\n|-boost|p2b: Koraidon|spe|1\n|faint|p1a: Lunala\n|\n|-weather|none\n|upkeep\n|turn|9\n|\n|t:|1770176671\n|move|p2b: Koraidon|Low Kick|p1b: Koraidon\n|-damage|p1b: Koraidon|0 fnt\n|faint|p1b: Koraidon\n|\n|win|ky123456\n|raw|Kwiper's rating: 1355 &rarr; <strong>1344</strong><br />(-11 for losing)\n|raw|ky123456's rating: 1526 &rarr; <strong>1537</strong><br />(+11 for winning)\n","uploadtime":1770176671,"views":15,"formatid":"gen9vgc2026regi","rating":1344,"private":0,"password":null}