{"id":"gen9vgc2026regi-2541214689","format":"[Gen 9] VGC 2026 Reg I","players":["blackred123","nngf\u9b3c\u8749\u4fa0"],"log":"|j|\u2606blackred123\n|j|\u2606nngf\u9b3c\u8749\u4fa0\n|t:|1771299396\n|gametype|doubles\n|player|p1|blackred123|iono-masters|1335\n|player|p2|nngf\u9b3c\u8749\u4fa0|bugsy|1345\n|gen|9\n|tier|[Gen 9] VGC 2026 Reg I\n|rated|\n|rule|Species Clause: Limit one of each Pok\u00e9mon\n|rule|Item Clause: Limit 1 of each item\n|clearpoke\n|poke|p1|Lunala, L50|\n|poke|p1|Ursaluna, L50, M|\n|poke|p1|Urshifu-*, L50, M|\n|poke|p1|Miraidon, L50|\n|poke|p1|Grimmsnarl, L50, M|\n|poke|p1|Incineroar, L50, M|\n|poke|p2|Calyrex-Ice, L50|\n|poke|p2|Kyogre, L50|\n|poke|p2|Urshifu-*, L50, M|\n|poke|p2|Landorus, L50, M|\n|poke|p2|Flutter Mane, L50|\n|poke|p2|Smeargle, L50, F|\n|teampreview|4\n|inactive|Battle timer is ON: inactive players will automatically lose when time's up. (requested by blackred123)\n|inactive|blackred123 has 60 seconds left.\n|\n|t:|1771299432\n|teamsize|p1|4\n|teamsize|p2|4\n|start\n|switch|p1a: Miraidon|Miraidon, L50|100/100\n|switch|p1b: Grimmsnarl|Grimmsnarl, L50, M|100/100\n|switch|p2a: Calyrex|Calyrex-Ice, L50|100/100\n|switch|p2b: Smeargle|Smeargle, L50, F, shiny|100/100\n|-ability|p2a: Calyrex|As One\n|-ability|p2a: Calyrex|Unnerve\n|-fieldstart|move: Electric Terrain|[from] ability: Hadron Engine|[of] p1a: Miraidon\n|turn|1\n|\n|t:|1771299455\n|move|p2b: Smeargle|Fake Out|p1a: Miraidon\n|-damage|p1a: Miraidon|96/100\n|cant|p1a: Miraidon|flinch\n|move|p1b: Grimmsnarl|Spirit Break|p2b: Smeargle\n|-damage|p2b: Smeargle|6/100\n|-unboost|p2b: Smeargle|spa|1\n|-enditem|p2b: Smeargle|Eject Pack\n|\n|t:|1771299465\n|switch|p2b: Kyogre|Kyogre, L50, shiny|100/100\n|-weather|RainDance|[from] ability: Drizzle|[of] p2b: Kyogre\n|move|p2a: Calyrex|Trick Room|p2a: Calyrex\n|-fieldstart|move: Trick Room|[of] p2a: Calyrex\n|\n|-weather|RainDance|[upkeep]\n|upkeep\n|turn|2\n|\n|t:|1771299480\n|-terastallize|p2b: Kyogre|Water\n|-terastallize|p1a: Miraidon|Electric\n|move|p1b: Grimmsnarl|Thunder Wave|p2a: Calyrex\n|-status|p2a: Calyrex|par\n|cant|p2a: Calyrex|par\n|move|p2b: Kyogre|Water Spout|p1b: Grimmsnarl|[spread] p1a,p1b\n|-damage|p1a: Miraidon|24/100\n|-damage|p1b: Grimmsnarl|0 fnt\n|faint|p1b: Grimmsnarl\n|move|p1a: Miraidon|Electro Drift|p2b: Kyogre\n|-supereffective|p2b: Kyogre\n|-damage|p2b: Kyogre|0 fnt\n|faint|p2b: Kyogre\n|\n|-weather|RainDance|[upkeep]\n|upkeep\n|\n|t:|1771299494\n|switch|p1b: Lunala|Lunala, L50|100/100\n|switch|p2b: Landorus|Landorus, L50, M, shiny|100/100\n|-enditem|p1b: Lunala|Electric Seed\n|-boost|p1b: Lunala|def|1|[from] item: Electric Seed\n|turn|3\n|\n|t:|1771299501\n|switch|p1a: Urshifu|Urshifu-Rapid-Strike, L50, M|100/100\n|move|p2a: Calyrex|Glacial Lance|p1b: Lunala|[spread] p1a,p1b\n|-resisted|p1a: Urshifu\n|-damage|p1a: Urshifu|70/100\n|-damage|p1b: Lunala|86/100\n|move|p2b: Landorus|Earth Power|p1b: Lunala\n|-damage|p1b: Lunala|27/100\n|move|p1b: Lunala|Trick Room|p1b: Lunala\n|-fieldend|move: Trick Room\n|\n|-weather|RainDance|[upkeep]\n|upkeep\n|turn|4\n|\n|t:|1771299519\n|switch|p2b: Smeargle|Smeargle, L50, F, shiny|6/100\n|move|p1a: Urshifu|Surging Strikes|p2b: Smeargle\n|-crit|p2b: Smeargle\n|-damage|p2b: Smeargle|0 fnt\n|faint|p2b: Smeargle\n|-hitcount|p2: Smeargle|1\n|move|p1b: Lunala|Moongeist Beam|p2a: Calyrex\n|-supereffective|p2a: Calyrex\n|-damage|p2a: Calyrex|28/100 par\n|move|p2a: Calyrex|Glacial Lance|p1a: Urshifu|[spread] p1a,p1b\n|-resisted|p1a: Urshifu\n|-damage|p1a: Urshifu|41/100\n|-damage|p1b: Lunala|0 fnt\n|faint|p1b: Lunala\n|-ability|p2a: Calyrex|Chilling Neigh|boost\n|-boost|p2a: Calyrex|atk|1\n|\n|-weather|RainDance|[upkeep]\n|upkeep\n|\n|t:|1771299531\n|switch|p2b: Landorus|Landorus, L50, M, shiny|100/100\n|switch|p1b: Miraidon|Miraidon, L50, tera:Electric|24/100\n|-activate|p1b: Miraidon|ability: Hadron Engine\n|turn|5\n|\n|t:|1771299535\n|move|p1b: Miraidon|Electro Drift|p2a: Calyrex\n|-damage|p2a: Calyrex|0 fnt\n|faint|p2a: Calyrex\n|move|p2b: Landorus|Sandsear Storm|p1a: Urshifu|[spread] p1a,p1b\n|-supereffective|p1b: Miraidon\n|-crit|p1b: Miraidon\n|-damage|p1a: Urshifu|0 fnt\n|-damage|p1b: Miraidon|0 fnt\n|faint|p1a: Urshifu\n|faint|p1b: Miraidon\n|\n|win|nngf\u9b3c\u8749\u4fa0\n|raw|blackred123's rating: 1335 &rarr; <strong>1316</strong><br />(-19 for losing)\n|raw|nngf\u9b3c\u8749\u4fa0's rating: 1345 &rarr; <strong>1364</strong><br />(+19 for winning)\n","uploadtime":1771299545,"views":28,"formatid":"gen9vgc2026regi","rating":1316,"private":0,"password":null}