{"id":"gen9vgc2026regi-2563153225","format":"[Gen 9] VGC 2026 Reg I","players":["1400SpotsForTCG","Jonen"],"log":"|j|\u26061400SpotsForTCG\n|j|\u2606Jonen\n|t:|1773995093\n|gametype|doubles\n|player|p1|1400SpotsForTCG|170|1199\n|player|p2|Jonen|medium|1278\n|gen|9\n|tier|[Gen 9] VGC 2026 Reg I\n|rated|\n|rule|Species Clause: Limit one of each Pok\u00e9mon\n|rule|Item Clause: Limit 1 of each item\n|clearpoke\n|poke|p1|Groudon, L50|\n|poke|p1|Ogerpon-Hearthflame, L50, F|\n|poke|p1|Flutter Mane, L50|\n|poke|p1|Raging Bolt, L50|\n|poke|p1|Lunala, L50|\n|poke|p1|Jumpluff, L50, M|\n|poke|p2|Groudon, L50|\n|poke|p2|Chi-Yu, L50|\n|poke|p2|Flutter Mane, L50|\n|poke|p2|Raging Bolt, L50|\n|poke|p2|Calyrex-Ice, L50|\n|poke|p2|Jumpluff, L50, F|\n|teampreview|4\n|inactive|Battle timer is ON: inactive players will automatically lose when time's up. (requested by 1400SpotsForTCG)\n|inactive|Jonen has 60 seconds left.\n|\n|t:|1773995178\n|teamsize|p1|4\n|teamsize|p2|4\n|start\n|switch|p1a: Jumpluff|Jumpluff, L50, M|100/100\n|switch|p1b: Ogerpon|Ogerpon-Hearthflame, L50, F|100/100\n|switch|p2a: Groudon|Groudon, L50|100/100\n|switch|p2b: Jumpluff|Jumpluff, L50, F|100/100\n|-ability|p1b: Ogerpon|Mold Breaker\n|-weather|SunnyDay|[from] ability: Drought|[of] p2a: Groudon\n|turn|1\n|\n|t:|1773995207\n|-terastallize|p1b: Ogerpon|Fire\n|detailschange|p1b: Ogerpon|Ogerpon-Hearthflame-Tera, L50, F, tera:Fire\n|-ability|p1b: Ogerpon|Embody Aspect (Hearthflame)|boost\n|-boost|p1b: Ogerpon|atk|1\n|move|p1a: Jumpluff|Sleep Powder|p2a: Groudon\n|-status|p2a: Groudon|slp|[from] move: Sleep Powder\n|move|p2b: Jumpluff|Tailwind|p2b: Jumpluff\n|-sidestart|p2: Jonen|move: Tailwind\n|cant|p2a: Groudon|slp\n|move|p1b: Ogerpon|Ivy Cudgel|p2b: Jumpluff|[anim] Ivy Cudgel Fire\n|-supereffective|p2b: Jumpluff\n|-damage|p2b: Jumpluff|0 fnt\n|faint|p2b: Jumpluff\n|\n|-weather|SunnyDay|[upkeep]\n|upkeep\n|\n|t:|1773995222\n|switch|p2b: Flutter Mane|Flutter Mane, L50|100/100\n|-activate|p2b: Flutter Mane|ability: Protosynthesis\n|-start|p2b: Flutter Mane|protosynthesisspe\n|turn|2\n|inactive|1400SpotsForTCG has 30 seconds left.\n|\n|t:|1773995248\n|-terastallize|p2a: Groudon|Fire\n|move|p2b: Flutter Mane|Protect|p2b: Flutter Mane\n|-singleturn|p2b: Flutter Mane|Protect\n|move|p1a: Jumpluff|Tailwind|p1a: Jumpluff\n|-sidestart|p1: 1400SpotsForTCG|move: Tailwind\n|move|p1b: Ogerpon|Ivy Cudgel|p2a: Groudon|[anim] Ivy Cudgel Fire\n|-resisted|p2a: Groudon\n|-damage|p2a: Groudon|42/100 slp\n|-curestatus|p2a: Groudon|slp|[msg]\n|move|p2a: Groudon|High Horsepower|p1b: Ogerpon\n|-supereffective|p1b: Ogerpon\n|-damage|p1b: Ogerpon|0 fnt\n|faint|p1b: Ogerpon\n|detailschange|p1: Ogerpon|Ogerpon-Hearthflame, L50, F|[silent]\n|\n|-weather|SunnyDay|[upkeep]\n|upkeep\n|\n|t:|1773995264\n|switch|p1b: Groudon|Groudon, L50|100/100\n|turn|3\n|\n|t:|1773995269\n|switch|p2a: Calyrex|Calyrex-Ice, L50|100/100\n|-ability|p2a: Calyrex|As One\n|-ability|p2a: Calyrex|Unnerve\n|move|p1a: Jumpluff|Encore|p2b: Flutter Mane\n|-start|p2b: Flutter Mane|Encore\n|move|p2b: Flutter Mane|Protect|p2b: Flutter Mane\n|-singleturn|p2b: Flutter Mane|Protect\n|move|p1b: Groudon|Precipice Blades|p2b: Flutter Mane|[spread] p2a\n|-activate|p2b: Flutter Mane|move: Protect\n|-damage|p2a: Calyrex|72/100\n|\n|-weather|SunnyDay|[upkeep]\n|upkeep\n|turn|4\n|inactive|1400SpotsForTCG has 30 seconds left.\n|\n|t:|1773995303\n|move|p2b: Flutter Mane|Protect||[still]\n|-fail|p2b: Flutter Mane\n|move|p1a: Jumpluff|Sleep Powder|p2a: Calyrex\n|-status|p2a: Calyrex|slp|[from] move: Sleep Powder\n|move|p1b: Groudon|Heat Crash|p2a: Calyrex\n|-supereffective|p2a: Calyrex\n|-damage|p2a: Calyrex|44/100 slp\n|-enditem|p2a: Calyrex|Sitrus Berry|[eat]\n|-heal|p2a: Calyrex|69/100 slp|[from] item: Sitrus Berry\n|cant|p2a: Calyrex|slp\n|\n|-weather|SunnyDay|[upkeep]\n|-sideend|p2: Jonen|move: Tailwind\n|upkeep\n|turn|5\n|\n|t:|1773995320\n|-end|p2b: Flutter Mane|Protosynthesis|[silent]\n|switch|p2b: Groudon|Groudon, L50, tera:Fire|42/100\n|move|p1a: Jumpluff|Pollen Puff|p2a: Calyrex\n|-supereffective|p2a: Calyrex\n|-damage|p2a: Calyrex|51/100 slp\n|move|p1b: Groudon|Precipice Blades|p2b: Groudon|[spread] p2a,p2b\n|-supereffective|p2b: Groudon\n|-damage|p2a: Calyrex|21/100 slp\n|-damage|p2b: Groudon|0 fnt\n|faint|p2b: Groudon\n|-curestatus|p2a: Calyrex|slp|[msg]\n|move|p2a: Calyrex|Trick Room|p2a: Calyrex\n|-fieldstart|move: Trick Room|[of] p2a: Calyrex\n|\n|-weather|none\n|-sideend|p1: 1400SpotsForTCG|move: Tailwind\n|upkeep\n|\n|t:|1773995331\n|switch|p2b: Flutter Mane|Flutter Mane, L50|100/100\n|turn|6\n|inactive|1400SpotsForTCG has 30 seconds left.\n|\n|t:|1773995364\n|switch|p1a: Lunala|Lunala, L50|100/100\n|move|p1b: Groudon|Protect|p1b: Groudon\n|-singleturn|p1b: Groudon|Protect\n|move|p2a: Calyrex|Glacial Lance|p1b: Groudon|[spread] \n|-activate|p1b: Groudon|move: Protect\n|-miss|p2a: Calyrex|p1a: Lunala\n|move|p2b: Flutter Mane|Shadow Ball|p1a: Lunala|[miss]\n|-miss|p2b: Flutter Mane|p1a: Lunala\n|\n|upkeep\n|turn|7\n|inactive|1400SpotsForTCG has 30 seconds left.\n|inactive|Jonen has 30 seconds left.\n|inactive|1400SpotsForTCG has 20 seconds left.\n|inactive|Jonen has 20 seconds left.\n|\n|t:|1773995402\n|switch|p1b: Jumpluff|Jumpluff, L50, M|100/100\n|move|p2a: Calyrex|Glacial Lance|p1a: Lunala|[spread] p1a,p1b\n|-supereffective|p1b: Jumpluff\n|-damage|p1a: Lunala|80/100\n|-damage|p1b: Jumpluff|0 fnt\n|faint|p1b: Jumpluff\n|-ability|p2a: Calyrex|Chilling Neigh|boost\n|-boost|p2a: Calyrex|atk|1\n|move|p1a: Lunala|Moongeist Beam|p2a: Calyrex\n|-supereffective|p2a: Calyrex\n|-damage|p2a: Calyrex|0 fnt\n|faint|p2a: Calyrex\n|move|p2b: Flutter Mane|Shadow Ball|p1a: Lunala\n|-supereffective|p1a: Lunala\n|-damage|p1a: Lunala|0 fnt\n|faint|p1a: Lunala\n|\n|upkeep\n|\n|t:|1773995423\n|switch|p1b: Groudon|Groudon, L50|100/100\n|-weather|SunnyDay|[from] ability: Drought|[of] p1b: Groudon\n|-activate|p2b: Flutter Mane|ability: Protosynthesis\n|-start|p2b: Flutter Mane|protosynthesisspe\n|turn|8\n|\n|t:|1773995441\n|move|p2b: Flutter Mane|Protect|p2b: Flutter Mane\n|-singleturn|p2b: Flutter Mane|Protect\n|move|p1b: Groudon|High Horsepower|p2b: Flutter Mane\n|-activate|p2b: Flutter Mane|move: Protect\n|\n|-weather|SunnyDay|[upkeep]\n|upkeep\n|turn|9\n|\n|t:|1773995453\n|move|p1b: Groudon|High Horsepower|p2b: Flutter Mane\n|-enditem|p2b: Flutter Mane|Focus Sash\n|-damage|p2b: Flutter Mane|1/100\n|move|p2b: Flutter Mane|Moonblast|p1b: Groudon\n|-damage|p1b: Groudon|53/100\n|\n|-weather|SunnyDay|[upkeep]\n|-fieldend|move: Trick Room\n|upkeep\n|turn|10\n|\n|t:|1773995463\n|move|p2b: Flutter Mane|Moonblast|p1b: Groudon\n|-damage|p1b: Groudon|10/100\n|move|p1b: Groudon|Heat Crash|p2b: Flutter Mane\n|-damage|p2b: Flutter Mane|0 fnt\n|faint|p2b: Flutter Mane\n|-end|p2b: Flutter Mane|Protosynthesis|[silent]\n|\n|win|1400SpotsForTCG\n|raw|1400SpotsForTCG's rating: 1199 &rarr; <strong>1230</strong><br />(+31 for winning)\n|raw|Jonen's rating: 1278 &rarr; <strong>1247</strong><br />(-31 for losing)\n","uploadtime":1773995463,"views":11,"formatid":"gen9vgc2026regi","rating":1230,"private":0,"password":null}