{"id":"gen9vgc2026regi-2529298164","format":"[Gen 9] VGC 2026 Reg I","players":["Stinky57","yamato-tak"],"log":"|j|\u2606Stinky57\n|j|\u2606yamato-tak\n|t:|1769769510\n|gametype|doubles\n|player|p1|Stinky57|265|1539\n|player|p2|yamato-tak|101|1524\n|gen|9\n|tier|[Gen 9] VGC 2026 Reg I\n|rated|\n|rule|Species Clause: Limit one of each Pok\u00e9mon\n|rule|Item Clause: Limit 1 of each item\n|clearpoke\n|poke|p1|Miraidon, L50|\n|poke|p1|Necrozma-Dusk-Mane, L50|\n|poke|p1|Pelipper, L50, M|\n|poke|p1|Whimsicott, L50, F|\n|poke|p1|Incineroar, L50, F|\n|poke|p1|Urshifu-*, L50, F|\n|poke|p2|Miraidon, L50|\n|poke|p2|Calyrex-Ice, L50|\n|poke|p2|Volcarona, L50, F|\n|poke|p2|Araquanid, L50, M|\n|poke|p2|Grimmsnarl, L50, M|\n|poke|p2|Entei, L50|\n|teampreview|4\n|j| PerryL'Ornitorinco\n|\n|t:|1769769549\n|teamsize|p1|4\n|teamsize|p2|4\n|start\n|switch|p1a: Miraidon|Miraidon, L50, shiny|100/100\n|switch|p1b: Whimsicott|Whimsicott, L50, F, shiny|100/100\n|switch|p2a: Grimmsnarl|Grimmsnarl, L50, M, shiny|100/100\n|switch|p2b: Miraidon|Miraidon, L50, shiny|100/100\n|-fieldstart|move: Electric Terrain|[from] ability: Hadron Engine|[of] p1a: Miraidon\n|-activate|p2b: Miraidon|ability: Hadron Engine\n|turn|1\n|inactive|Battle timer is ON: inactive players will automatically lose when time's up. (requested by Stinky57)\n|\n|t:|1769769564\n|switch|p2b: Calyrex|Calyrex-Ice, L50|100/100\n|-ability|p2b: Calyrex|As One\n|-ability|p2b: Calyrex|Unnerve\n|-terastallize|p1a: Miraidon|Electric\n|move|p1b: Whimsicott|Light Screen|p1b: Whimsicott\n|-sidestart|p1: Stinky57|move: Light Screen\n|move|p2a: Grimmsnarl|Light Screen|p2a: Grimmsnarl\n|-sidestart|p2: yamato-tak|move: Light Screen\n|move|p1a: Miraidon|Electro Drift|p2a: Grimmsnarl\n|-damage|p2a: Grimmsnarl|7/100\n|-damage|p1a: Miraidon|91/100|[from] item: Life Orb\n|\n|upkeep\n|turn|2\n|\n|t:|1769769570\n|move|p2a: Grimmsnarl|Reflect|p2a: Grimmsnarl\n|-sidestart|p2: yamato-tak|Reflect\n|move|p1a: Miraidon|Electro Drift|p2b: Calyrex\n|-damage|p2b: Calyrex|32/100\n|-damage|p1a: Miraidon|81/100|[from] item: Life Orb\n|move|p1b: Whimsicott|Moonblast|p2a: Grimmsnarl\n|-supereffective|p2a: Grimmsnarl\n|-damage|p2a: Grimmsnarl|0 fnt\n|faint|p2a: Grimmsnarl\n|move|p2b: Calyrex|Glacial Lance|p1a: Miraidon|[spread] p1a,p1b\n|-crit|p1a: Miraidon\n|-supereffective|p1b: Whimsicott\n|-damage|p1a: Miraidon|4/100\n|-damage|p1b: Whimsicott|0 fnt\n|faint|p1b: Whimsicott\n|-ability|p2b: Calyrex|Chilling Neigh|boost\n|-boost|p2b: Calyrex|atk|1\n|\n|upkeep\n|j| riyuezi\n|\n|t:|1769769579\n|switch|p1b: Necrozma|Necrozma-Dusk-Mane, L50|100/100\n|switch|p2a: Miraidon|Miraidon, L50, shiny|100/100\n|-activate|p2a: Miraidon|ability: Hadron Engine\n|turn|3\n|l| riyuezi\n|inactive|yamato-tak has 30 seconds left.\n|\n|t:|1769769610\n|-terastallize|p2a: Miraidon|Electric\n|move|p1a: Miraidon|Protect|p1a: Miraidon\n|-singleturn|p1a: Miraidon|Protect\n|move|p2a: Miraidon|Calm Mind|p2a: Miraidon\n|-boost|p2a: Miraidon|spa|1\n|-boost|p2a: Miraidon|spd|1\n|move|p1b: Necrozma|Sunsteel Strike|p2b: Calyrex\n|-supereffective|p2b: Calyrex\n|-damage|p2b: Calyrex|0 fnt\n|faint|p2b: Calyrex\n|\n|upkeep\n|\n|t:|1769769614\n|switch|p2b: Volcarona|Volcarona, L50, F, shiny|100/100\n|turn|4\n|\n|t:|1769769627\n|move|p2b: Volcarona|Protect|p2b: Volcarona\n|-singleturn|p2b: Volcarona|Protect\n|move|p1a: Miraidon|Electro Drift|p2b: Volcarona\n|-activate|p2b: Volcarona|move: Protect\n|move|p2a: Miraidon|Parabolic Charge|p1b: Necrozma|[spread] p1a,p1b\n|-activate|p2b: Volcarona|move: Protect\n|-resisted|p1a: Miraidon\n|-damage|p1a: Miraidon|0 fnt\n|-damage|p1b: Necrozma|60/100\n|faint|p1a: Miraidon\n|move|p1b: Necrozma|Trick Room|p1b: Necrozma\n|-fieldstart|move: Trick Room|[of] p1b: Necrozma\n|\n|upkeep\n|\n|t:|1769769630\n|switch|p1a: Urshifu|Urshifu-Rapid-Strike, L50, F|100/100\n|turn|5\n|\n|t:|1769769640\n|move|p1b: Necrozma|Photon Geyser|p2a: Miraidon\n|-damage|p2a: Miraidon|66/100\n|move|p2b: Volcarona|Giga Drain|p1a: Urshifu\n|-supereffective|p1a: Urshifu\n|-damage|p1a: Urshifu|53/100\n|move|p1a: Urshifu|Surging Strikes|p2a: Miraidon\n|-crit|p2a: Miraidon\n|-damage|p2a: Miraidon|37/100\n|-crit|p2a: Miraidon\n|-damage|p2a: Miraidon|8/100\n|-crit|p2a: Miraidon\n|-damage|p2a: Miraidon|0 fnt\n|faint|p2a: Miraidon\n|-hitcount|p2: Miraidon|3\n|\n|-sideend|p1: Stinky57|move: Light Screen\n|-fieldend|move: Electric Terrain\n|upkeep\n|turn|6\n|\n|t:|1769769652\n|move|p1b: Necrozma|Photon Geyser|p2b: Volcarona\n|-crit|p2b: Volcarona\n|-damage|p2b: Volcarona|10/100\n|move|p2b: Volcarona|Giga Drain|p1a: Urshifu\n|-supereffective|p1a: Urshifu\n|-damage|p1a: Urshifu|0 fnt\n|-heal|p2b: Volcarona|37/100|[from] drain|[of] p1a: Urshifu\n|faint|p1a: Urshifu\n|\n|-heal|p2b: Volcarona|43/100|[from] item: Leftovers\n|upkeep\n|turn|7\n|\n|t:|1769769663\n|move|p1b: Necrozma|Photon Geyser|p2b: Volcarona\n|-damage|p2b: Volcarona|2/100\n|move|p2b: Volcarona|Fiery Dance|p1b: Necrozma\n|-supereffective|p1b: Necrozma\n|-damage|p1b: Necrozma|17/100\n|-boost|p2b: Volcarona|spa|1\n|\n|-heal|p2b: Volcarona|8/100|[from] item: Leftovers\n|upkeep\n|turn|8\n|\n|t:|1769769672\n|move|p2b: Volcarona|Protect|p2b: Volcarona\n|-singleturn|p2b: Volcarona|Protect\n|move|p1b: Necrozma|Photon Geyser|p2b: Volcarona\n|-activate|p2b: Volcarona|move: Protect\n|\n|-heal|p2b: Volcarona|14/100|[from] item: Leftovers\n|-sideend|p2: yamato-tak|move: Light Screen\n|-fieldend|move: Trick Room\n|upkeep\n|turn|9\n|\n|t:|1769769678\n|move|p1b: Necrozma|Protect|p1b: Necrozma\n|-singleturn|p1b: Necrozma|Protect\n|move|p2b: Volcarona|Fiery Dance|p1b: Necrozma\n|-activate|p1b: Necrozma|move: Protect\n|\n|-heal|p2b: Volcarona|20/100|[from] item: Leftovers\n|-sideend|p2: yamato-tak|Reflect\n|upkeep\n|turn|10\n|\n|t:|1769769682\n|move|p2b: Volcarona|Fiery Dance|p1b: Necrozma\n|-supereffective|p1b: Necrozma\n|-damage|p1b: Necrozma|0 fnt\n|faint|p1b: Necrozma\n|\n|win|yamato-tak\n|raw|Stinky57's rating: 1539 &rarr; <strong>1518</strong><br />(-21 for losing)\n|raw|yamato-tak's rating: 1524 &rarr; <strong>1545</strong><br />(+21 for winning)\n|l|\u2606Stinky57\n|player|p1|\n|l|\u2606yamato-tak\n|player|p2|\n|l| PerryL'Ornitorinco\n","uploadtime":1769769952,"views":48,"formatid":"gen9vgc2026regi","rating":1518,"private":0,"password":null}