{"id":"gen9vgc2026regi-2566755465","format":"[Gen 9] VGC 2026 Reg I","players":["CLOUDSOFSTRIFE","Bman311"],"log":"|j|\u203dCLOUDSOFSTRIFE\n|j|\u2606Bman311\n|html|<table width=\"100%\"><tr><td align=\"left\">CLOUDSOFSTRIFE</td><td align=\"right\">Bman311</tr><tr><td align=\"left\"><i class=\"fa fa-circle-o\"></i> <i class=\"fa fa-circle-o\"></i> </td><td align=\"right\"><i class=\"fa fa-circle-o\"></i> <i class=\"fa fa-circle-o\"></i> </tr></table>\n|uhtml|bestof|<h2><strong>Game 1</strong> of <a href=\"/game-bestof3-gen9vgc2026regi-2566755464\">a best-of-3</a></h2>\n|t:|1774405495\n|gametype|doubles\n|player|p1|CLOUDSOFSTRIFE|102|\n|player|p2|Bman311|2|\n|gen|9\n|tier|[Gen 9] VGC 2026 Reg I\n|rated|Tournament battle\n|rule|Species Clause: Limit one of each Pok\u00e9mon\n|rule|Item Clause: Limit 1 of each item\n|raw|<div class=\"infobox\"><details class=\"readmore\" open><summary><strong>4 custom rules:</strong></summary> Open Team Sheets, Force Open Team Sheets, !Open Team Sheets, Best of = 3</details></div>\n|clearpoke\n|poke|p1|Amoonguss, L50, M|\n|poke|p1|Koraidon, L50|\n|poke|p1|Rillaboom, L50, M|\n|poke|p1|Raging Bolt, L50|\n|poke|p1|Calyrex-Shadow, L50|\n|poke|p1|Urshifu-*, L50, M|\n|poke|p2|Calyrex-Shadow, L50|\n|poke|p2|Koraidon, L50|\n|poke|p2|Rillaboom, L50, F|\n|poke|p2|Incineroar, L50, M|\n|poke|p2|Volcarona, L50, M|\n|poke|p2|Regieleki, L50|\n|teampreview|4\n|showteam|p1|Amoonguss||SitrusBerry|Regenerator|Spore,Protect,RagePowder,PollenPuff|||M|||50|,,,,,Water]Koraidon||ClearAmulet|OrichalcumPulse|Protect,CollisionCourse,DragonClaw,FlareBlitz||||||50|,,,,,Steel]Rillaboom||ChoiceBand|GrassySurge|KnockOff,StompingTantrum,GrassyGlide,Uturn|||M|||50|,,,,,Water]Raging Bolt||AssaultVest|Protosynthesis|DragonPulse,Thunderclap,Snarl,Electroweb||||||50|,,,,,Fairy]Calyrex-Shadow||FocusSash|AsOneSpectrier|AstralBarrage,Protect,CalmMind,DrainingKiss||||||50|,,,,,Fairy]Urshifu-Rapid-Strike||ChoiceScarf|UnseenFist|SurgingStrikes,CloseCombat,PoisonJab,Uturn|||M|||50|,,,,,Water\n|showteam|p2|Calyrex-Shadow||LifeOrb|AsOneSpectrier|AstralBarrage,Psychic,NastyPlot,Protect||||||50|,,,,,Dark]Koraidon||ClearAmulet|OrichalcumPulse|FlareBlitz,CollisionCourse,FlameCharge,Protect||||||50|,,,,,Fire]Rillaboom||AssaultVest|GrassySurge|FakeOut,WoodHammer,GrassyGlide,Uturn|||F|||50|,,,,,Fire]Incineroar||SafetyGoggles|Intimidate|FakeOut,KnockOff,Roar,PartingShot|||M|||50|,,,,,Bug]Volcarona||Leftovers|FlameBody|FieryDance,GigaDrain,QuiverDance,Protect|||M|||50|,,,,,Water]Regieleki||FocusSash|Transistor|Thunderbolt,VoltSwitch,Electroweb,Protect||||||50|,,,,,Electric\n|inactive|Battle timer is ON: inactive players will automatically lose when time's up. (requested by Bman311)\n|j| magicalarcher57\n|inactive|CLOUDSOFSTRIFE has 60 seconds left.\n|j| reverse cuomo\n|\n|t:|1774405539\n|teamsize|p1|4\n|teamsize|p2|4\n|start\n|switch|p1a: Raging Bolt|Raging Bolt, L50|100/100\n|switch|p1b: Calyrex|Calyrex-Shadow, L50|100/100\n|switch|p2a: Regieleki|Regieleki, L50|100/100\n|switch|p2b: Calyrex|Calyrex-Shadow, L50|100/100\n|-ability|p1b: Calyrex|As One\n|-ability|p1b: Calyrex|Unnerve\n|-ability|p2b: Calyrex|As One\n|-ability|p2b: Calyrex|Unnerve\n|turn|1\n|\n|t:|1774405550\n|switch|p1b: Rillaboom|Rillaboom, L50, M, shiny|100/100\n|-fieldstart|move: Grassy Terrain|[from] ability: Grassy Surge|[of] p1b: Rillaboom\n|-terastallize|p2b: Calyrex|Dark\n|move|p2a: Regieleki|Electroweb|p1a: Raging Bolt|[spread] p1a,p1b\n|-resisted|p1a: Raging Bolt\n|-resisted|p1b: Rillaboom\n|-damage|p1a: Raging Bolt|97/100\n|-damage|p1b: Rillaboom|86/100\n|-unboost|p1a: Raging Bolt|spe|1\n|-unboost|p1b: Rillaboom|spe|1\n|move|p2b: Calyrex|Nasty Plot|p2b: Calyrex\n|-boost|p2b: Calyrex|spa|2\n|move|p1a: Raging Bolt|Snarl|p2b: Calyrex|[spread] p2a,p2b\n|-resisted|p2b: Calyrex\n|-crit|p2b: Calyrex\n|-damage|p2a: Regieleki|71/100\n|-damage|p2b: Calyrex|90/100\n|-unboost|p2a: Regieleki|spa|1\n|-unboost|p2b: Calyrex|spa|1\n|\n|-heal|p2a: Regieleki|77/100|[from] Grassy Terrain\n|-heal|p2b: Calyrex|96/100|[from] Grassy Terrain\n|-heal|p1b: Rillaboom|91/100|[from] Grassy Terrain\n|-heal|p1a: Raging Bolt|100/100|[from] Grassy Terrain\n|upkeep\n|turn|2\n|j| LanternComic\n|j| dewottiscool1\n|inactive|CLOUDSOFSTRIFE has 30 seconds left.\n|\n|t:|1774405580\n|switch|p2a: Rillaboom|Rillaboom, L50, F|100/100\n|move|p2b: Calyrex|Protect|p2b: Calyrex\n|-singleturn|p2b: Calyrex|Protect\n|move|p1b: Rillaboom|Grassy Glide|p2b: Calyrex\n|-activate|p2b: Calyrex|move: Protect\n|move|p1a: Raging Bolt|Thunderclap||[still]\n|-fail|p1a: Raging Bolt\n|\n|-heal|p2b: Calyrex|100/100|[from] Grassy Terrain\n|-heal|p1b: Rillaboom|97/100|[from] Grassy Terrain\n|upkeep\n|turn|3\n|l| reverse cuomo\n|j| aurora ltd\n|inactive|CLOUDSOFSTRIFE has 30 seconds left.\n|j| JkShowdownguest\n|inactive|CLOUDSOFSTRIFE has 20 seconds left.\n|\n|t:|1774405617\n|switch|p1b: Koraidon|Koraidon, L50|100/100\n|-weather|SunnyDay|[from] ability: Orichalcum Pulse|[of] p1b: Koraidon\n|-activate|p1a: Raging Bolt|ability: Protosynthesis\n|-start|p1a: Raging Bolt|protosynthesisspa\n|-activate|p1b: Koraidon|Orichalcum Pulse|[source]\n|move|p2a: Rillaboom|Fake Out|p1b: Koraidon\n|-damage|p1b: Koraidon|89/100\n|move|p2b: Calyrex|Astral Barrage|p1b: Koraidon|[spread] p1a,p1b\n|-damage|p1a: Raging Bolt|42/100\n|-damage|p1b: Koraidon|0 fnt\n|faint|p1b: Koraidon\n|-ability|p2b: Calyrex|Grim Neigh|boost\n|-boost|p2b: Calyrex|spa|1\n|-damage|p2b: Calyrex|91/100|[from] item: Life Orb\n|move|p1a: Raging Bolt|Electroweb|p2a: Rillaboom|[spread] p2a,p2b\n|-resisted|p2a: Rillaboom\n|-damage|p2a: Rillaboom|90/100\n|-damage|p2b: Calyrex|64/100\n|-unboost|p2a: Rillaboom|spe|1\n|-unboost|p2b: Calyrex|spe|1\n|\n|-weather|SunnyDay|[upkeep]\n|-heal|p2b: Calyrex|71/100|[from] Grassy Terrain\n|-heal|p2a: Rillaboom|96/100|[from] Grassy Terrain\n|-heal|p1a: Raging Bolt|49/100|[from] Grassy Terrain\n|upkeep\n|j| TimeforCHILLI\n|\n|t:|1774405639\n|switch|p1b: Calyrex|Calyrex-Shadow, L50|100/100\n|-ability|p1b: Calyrex|As One\n|-ability|p1b: Calyrex|Unnerve\n|turn|4\n|j| luckydfrnt\n|j| speedyturtle87\n|l| luckydfrnt\n|l| speedyturtle87\n|inactive|CLOUDSOFSTRIFE has 30 seconds left.\n|\n|t:|1774405674\n|move|p2b: Calyrex|Protect|p2b: Calyrex\n|-singleturn|p2b: Calyrex|Protect\n|move|p1b: Calyrex|Calm Mind|p1b: Calyrex\n|-boost|p1b: Calyrex|spa|1\n|-boost|p1b: Calyrex|spd|1\n|move|p2a: Rillaboom|U-turn|p1b: Calyrex\n|-damage|p1b: Calyrex|70/100\n|\n|t:|1774405689\n|switch|p2a: Regieleki|Regieleki, L50|77/100|[from] U-turn\n|move|p1a: Raging Bolt|Dragon Pulse|p2a: Regieleki\n|-damage|p2a: Regieleki|0 fnt\n|faint|p2a: Regieleki\n|\n|-weather|SunnyDay|[upkeep]\n|-heal|p1b: Calyrex|76/100|[from] Grassy Terrain\n|-heal|p2b: Calyrex|77/100|[from] Grassy Terrain\n|-heal|p1a: Raging Bolt|55/100|[from] Grassy Terrain\n|upkeep\n|\n|t:|1774405691\n|switch|p2a: Rillaboom|Rillaboom, L50, F|96/100\n|turn|5\n|\n|t:|1774405700\n|-end|p1a: Raging Bolt|Protosynthesis|[silent]\n|switch|p1a: Rillaboom|Rillaboom, L50, M, shiny|97/100\n|move|p1b: Calyrex|Draining Kiss|p2b: Calyrex\n|-supereffective|p2b: Calyrex\n|-damage|p2b: Calyrex|25/100\n|-heal|p1b: Calyrex|100/100|[from] drain|[of] p2b: Calyrex\n|move|p2b: Calyrex|Astral Barrage|p1b: Calyrex|[spread] p1a,p1b\n|-supereffective|p1b: Calyrex\n|-damage|p1a: Rillaboom|0 fnt\n|-enditem|p1b: Calyrex|Focus Sash\n|-damage|p1b: Calyrex|1/100\n|faint|p1a: Rillaboom\n|-ability|p2b: Calyrex|Grim Neigh|boost\n|-boost|p2b: Calyrex|spa|1\n|-damage|p2b: Calyrex|15/100|[from] item: Life Orb\n|move|p2a: Rillaboom|Wood Hammer|p1b: Calyrex\n|-damage|p1b: Calyrex|0 fnt\n|faint|p1b: Calyrex\n|-damage|p2a: Rillaboom|95/100|[from] Recoil\n|\n|-weather|SunnyDay|[upkeep]\n|-heal|p2b: Calyrex|21/100|[from] Grassy Terrain\n|-heal|p2a: Rillaboom|100/100|[from] Grassy Terrain\n|-fieldend|move: Grassy Terrain\n|upkeep\n|-message|CLOUDSOFSTRIFE forfeited.\n|\n|win|Bman311\n|l|\u203dCLOUDSOFSTRIFE\n|player|p1|\n|l| LanternComic\n||CLOUDSOFSTRIFE is ready for game 2.\n|inactive|Bman311 has 30 seconds to confirm battle start!\n||Bman311 is ready for game 2.\n|uhtml|next|Next: <a href=\"/battle-gen9vgc2026regi-2566757666\"><strong>Game 2 of 3</strong></a>\n|l|\u2606Bman311\n|player|p2|\n|l| JkShowdownguest\n","uploadtime":1774405946,"views":17,"formatid":"gen9vgc2026regi","rating":null,"private":0,"password":null}