{"id":"gen9vgc2026regi-2565358492","format":"[Gen 9] VGC 2026 Reg I","players":["CHR1SPHX","jontar gurning"],"log":"|j|\u2606CHR1SPHX\n|j|\u2606jontar gurning\n|t:|1774267471\n|gametype|doubles\n|player|p1|CHR1SPHX|hilbert|1433\n|player|p2|jontar gurning|swimmerf-gen4dp|1419\n|gen|9\n|tier|[Gen 9] VGC 2026 Reg I\n|rated|\n|rule|Species Clause: Limit one of each Pok\u00e9mon\n|rule|Item Clause: Limit 1 of each item\n|clearpoke\n|poke|p1|Flutter Mane, L50|\n|poke|p1|Incineroar, L50, M|\n|poke|p1|Ursaluna-Bloodmoon, L50, M|\n|poke|p1|Amoonguss, L50, M|\n|poke|p1|Koraidon, L50|\n|poke|p1|Lunala, L50|\n|poke|p2|Calyrex-Shadow, L50|\n|poke|p2|Koraidon, L50|\n|poke|p2|Flutter Mane, L50|\n|poke|p2|Incineroar, L50, M|\n|poke|p2|Brute Bonnet, L50|\n|poke|p2|Raging Bolt, L50|\n|teampreview|4\n|inactive|Battle timer is ON: inactive players will automatically lose when time's up. (requested by CHR1SPHX)\nCHR1SPHX has agreed to open team sheets.\n|inactive|CHR1SPHX has 60 seconds left.\n|inactive|CHR1SPHX has 30 seconds left.\n|\n|t:|1774267536\n|teamsize|p1|4\n|teamsize|p2|4\n|start\n|switch|p1a: Lunala|Lunala, L50, shiny|100/100\n|switch|p1b: Flutter Mane|Flutter Mane, L50|100/100\n|switch|p2a: Flutter Mane|Flutter Mane, L50|100/100\n|switch|p2b: Calyrex|Calyrex-Shadow, L50|100/100\n|-ability|p2b: Calyrex|As One\n|-ability|p2b: Calyrex|Unnerve\n|turn|1\n|\n|t:|1774267554\n|-end|p1b: Flutter Mane|Protosynthesis|[silent]\n|switch|p1b: Ursaluna|Ursaluna-Bloodmoon, L50, M|100/100\n|-terastallize|p1a: Lunala|Fairy\n|move|p2b: Calyrex|Protect|p2b: Calyrex\n|-singleturn|p2b: Calyrex|Protect\n|move|p2a: Flutter Mane|Icy Wind|p1a: Lunala|[spread] p1a\n|-miss|p2a: Flutter Mane|p1b: Ursaluna\n|-damage|p1a: Lunala|95/100\n|-unboost|p1a: Lunala|spe|1\n|move|p1a: Lunala|Moongeist Beam|p2b: Calyrex\n|-activate|p2b: Calyrex|move: Protect\n|\n|upkeep\n|turn|2\n|inactive|jontar gurning has 30 seconds left.\n|\n|t:|1774267580\n|-terastallize|p2b: Calyrex|Water\n|move|p2b: Calyrex|Astral Barrage|p1a: Lunala|[spread] p1a\n|-immune|p1b: Ursaluna\n|-damage|p1a: Lunala|58/100\n|move|p2a: Flutter Mane|Moonblast|p1a: Lunala\n|-damage|p1a: Lunala|25/100\n|move|p1a: Lunala|Moongeist Beam|p2b: Calyrex\n|-damage|p2b: Calyrex|49/100\n|move|p1b: Ursaluna|Hyper Voice|p2a: Flutter Mane|[spread] p2a,p2b\n|-damage|p2a: Flutter Mane|53/100\n|-damage|p2b: Calyrex|2/100\n|-damage|p1b: Ursaluna|91/100|[from] item: Life Orb\n|\n|upkeep\n|turn|3\n|inactive|CHR1SPHX has 30 seconds left.\n|inactive|jontar gurning has 30 seconds left.\n|inactive|CHR1SPHX has 20 seconds left.\n|inactive|CHR1SPHX has 15 seconds left.\n|\n|t:|1774267624\n|move|p1a: Lunala|Wide Guard|p1a: Lunala\n|-singleturn|p1a: Lunala|Wide Guard\n|move|p2b: Calyrex|Psyshock|p1a: Lunala\n|-damage|p1a: Lunala|0 fnt\n|faint|p1a: Lunala\n|-ability|p2b: Calyrex|Grim Neigh|boost\n|-boost|p2b: Calyrex|spa|1\n|move|p2a: Flutter Mane|Moonblast|p1b: Ursaluna\n|-damage|p1b: Ursaluna|41/100\n|-unboost|p1b: Ursaluna|spa|1\n|move|p1b: Ursaluna|Hyper Voice|p2a: Flutter Mane|[spread] p2a,p2b\n|-damage|p2a: Flutter Mane|17/100\n|-damage|p2b: Calyrex|0 fnt\n|faint|p2b: Calyrex\n|-damage|p1b: Ursaluna|32/100|[from] item: Life Orb\n|\n|upkeep\n|\n|t:|1774267649\n|switch|p2b: Raging Bolt|Raging Bolt, L50|100/100\n|switch|p1a: Flutter Mane|Flutter Mane, L50|100/100\n|turn|4\n|\n|t:|1774267671\n|-end|p2b: Raging Bolt|Protosynthesis|[silent]\n|switch|p2b: Incineroar|Incineroar, L50, M|100/100\n|-ability|p2b: Incineroar|Intimidate|boost\n|-unboost|p1a: Flutter Mane|atk|1\n|-unboost|p1b: Ursaluna|atk|1\n|move|p1a: Flutter Mane|Dazzling Gleam|p2a: Flutter Mane|[spread] p2a,p2b\n|-crit|p2a: Flutter Mane\n|-damage|p2a: Flutter Mane|0 fnt\n|-damage|p2b: Incineroar|76/100\n|faint|p2a: Flutter Mane\n|-end|p2a: Flutter Mane|Protosynthesis|[silent]\n|move|p1b: Ursaluna|Earth Power|p2b: Incineroar\n|-supereffective|p2b: Incineroar\n|-damage|p2b: Incineroar|13/100\n|-damage|p1b: Ursaluna|22/100|[from] item: Life Orb\n|\n|upkeep\n|\n|t:|1774267678\n|switch|p2a: Raging Bolt|Raging Bolt, L50|100/100\n|turn|5\n|\n|t:|1774267697\n|move|p1b: Ursaluna|Protect|p1b: Ursaluna\n|-singleturn|p1b: Ursaluna|Protect\n|move|p2b: Incineroar|Fake Out|p1b: Ursaluna\n|-activate|p1b: Ursaluna|move: Protect\n|move|p1a: Flutter Mane|Dazzling Gleam|p2a: Raging Bolt|[spread] p2a,p2b\n|-supereffective|p2a: Raging Bolt\n|-damage|p2a: Raging Bolt|67/100\n|-damage|p2b: Incineroar|0 fnt\n|faint|p2b: Incineroar\n|move|p2a: Raging Bolt|Thunderbolt|p1a: Flutter Mane\n|-damage|p1a: Flutter Mane|52/100\n|\n|upkeep\n|turn|6\n|\n|t:|1774267709\n|move|p2a: Raging Bolt|Thunderclap|p1a: Flutter Mane\n|-damage|p1a: Flutter Mane|9/100\n|move|p1a: Flutter Mane|Dazzling Gleam|p2a: Raging Bolt\n|-supereffective|p2a: Raging Bolt\n|-damage|p2a: Raging Bolt|14/100\n|move|p1b: Ursaluna|Earth Power|p2a: Raging Bolt\n|-supereffective|p2a: Raging Bolt\n|-damage|p2a: Raging Bolt|0 fnt\n|faint|p2a: Raging Bolt\n|-end|p2a: Raging Bolt|Protosynthesis|[silent]\n|-damage|p1b: Ursaluna|12/100|[from] item: Life Orb\n|\n|win|CHR1SPHX\n|raw|CHR1SPHX's rating: 1433 &rarr; <strong>1452</strong><br />(+19 for winning)\n|raw|jontar gurning's rating: 1419 &rarr; <strong>1400</strong><br />(-19 for losing)\n|c|\u2606CHR1SPHX|gg\n","uploadtime":1774267724,"views":16,"formatid":"gen9vgc2026regi","rating":1400,"private":0,"password":null}