{"id":"gen9vgc2026regi-2539487996","format":"[Gen 9] VGC 2026 Reg I","players":["Yancy0721\u56fe\u56fe\u72ac\u4fa0","Luca8"],"log":"|j|\u2606Yancy0721\u56fe\u56fe\u72ac\u4fa0\n|j|\u2606Luca8\n|t:|1771069239\n|gametype|doubles\n|player|p1|Yancy0721\u56fe\u56fe\u72ac\u4fa0|may-masters4|1392\n|player|p2|Luca8|flint|1332\n|gen|9\n|tier|[Gen 9] VGC 2026 Reg I\n|rated|\n|rule|Species Clause: Limit one of each Pok\u00e9mon\n|rule|Item Clause: Limit 1 of each item\n|clearpoke\n|poke|p1|Miraidon, L50|\n|poke|p1|Groudon, L50|\n|poke|p1|Grimmsnarl, L50, M|\n|poke|p1|Farigiraf, L50, F|\n|poke|p1|Incineroar, L50, M|\n|poke|p1|Ditto, L50|\n|poke|p2|Whimsicott, L50, M|\n|poke|p2|Calyrex-Ice, L50|\n|poke|p2|Kyogre, L50|\n|poke|p2|Farigiraf, L50, M|\n|poke|p2|Archaludon, L50, M|\n|poke|p2|Volcarona, L50, F|\n|teampreview|4\n|inactive|Battle timer is ON: inactive players will automatically lose when time's up. (requested by Yancy0721\u56fe\u56fe\u72ac\u4fa0)\n|\n|t:|1771069265\n|teamsize|p1|4\n|teamsize|p2|4\n|start\n|switch|p1a: Miraidon|Miraidon, L50|100/100\n|switch|p1b: Grimmsnarl|Grimmsnarl, L50, M|100/100\n|switch|p2a: Whimsicott|Whimsicott, L50, M|100/100\n|switch|p2b: Calyrex|Calyrex-Ice, L50|100/100\n|-ability|p2b: Calyrex|As One\n|-ability|p2b: Calyrex|Unnerve\n|-fieldstart|move: Electric Terrain|[from] ability: Hadron Engine|[of] p1a: Miraidon\n|turn|1\n|\n|t:|1771069280\n|-terastallize|p1a: Miraidon|Electric\n|-terastallize|p2b: Calyrex|Electric\n|move|p2a: Whimsicott|Tailwind|p2a: Whimsicott\n|-sidestart|p2: Luca8|move: Tailwind\n|move|p1b: Grimmsnarl|Thunder Wave|p2b: Calyrex\n|-immune|p2b: Calyrex\n|move|p2b: Calyrex|Glacial Lance|p1b: Grimmsnarl|[spread] p1a,p1b\n|-damage|p1a: Miraidon|57/100\n|-damage|p1b: Grimmsnarl|48/100\n|move|p1a: Miraidon|Electro Drift|p2b: Calyrex\n|-resisted|p2b: Calyrex\n|-damage|p2b: Calyrex|51/100\n|\n|upkeep\n|turn|2\n|inactive|Yancy0721\u56fe\u56fe\u72ac\u4fa0 has 30 seconds left.\n|\n|t:|1771069308\n|move|p1b: Grimmsnarl|Reflect|p1b: Grimmsnarl\n|-sidestart|p1: Yancy0721\u56fe\u56fe\u72ac\u4fa0|Reflect\n|move|p2a: Whimsicott|Moonblast|p1a: Miraidon\n|-damage|p1a: Miraidon|39/100\n|-unboost|p1a: Miraidon|spa|1\n|move|p2b: Calyrex|Glacial Lance|p1a: Miraidon|[spread] p1a,p1b\n|-damage|p1a: Miraidon|6/100\n|-damage|p1b: Grimmsnarl|6/100\n|move|p1a: Miraidon|Draco Meteor|p2b: Calyrex\n|-damage|p2b: Calyrex|0 fnt\n|-unboost|p1a: Miraidon|spa|2\n|faint|p2b: Calyrex\n|\n|upkeep\n|\n|t:|1771069327\n|switch|p2b: Archaludon|Archaludon, L50, M|100/100\n|turn|3\n|\n|t:|1771069342\n|move|p1b: Grimmsnarl|Light Screen|p1b: Grimmsnarl\n|-sidestart|p1: Yancy0721\u56fe\u56fe\u72ac\u4fa0|move: Light Screen\n|move|p2a: Whimsicott|Moonblast|p1a: Miraidon\n|-damage|p1a: Miraidon|0 fnt\n|faint|p1a: Miraidon\n|move|p2b: Archaludon|Meteor Beam||[still]\n|-prepare|p2b: Archaludon|Meteor Beam\n|-boost|p2b: Archaludon|spa|1\n|-enditem|p2b: Archaludon|Power Herb\n|-anim|p2b: Archaludon|Meteor Beam|p1b: Grimmsnarl\n|-damage|p1b: Grimmsnarl|0 fnt\n|faint|p1b: Grimmsnarl\n|\n|upkeep\n|\n|t:|1771069347\n|switch|p1a: Groudon|Groudon, L50|100/100\n|switch|p1b: Ditto|Ditto, L50|100/100\n|-weather|SunnyDay|[from] ability: Drought|[of] p1a: Groudon\n|-transform|p1b: Ditto|p2a: Whimsicott|[from] ability: Imposter\n|turn|4\n|inactive|Luca8 has 30 seconds left.\n|\n|t:|1771069377\n|move|p2a: Whimsicott|Cotton Spore|p1b: Ditto|[spread] \n|-immune|p1b: Ditto\n|-fail|p1a: Groudon|unboost|[from] item: Clear Amulet|[of] p1a: Groudon\n|move|p1b: Ditto|Tailwind|p1b: Ditto\n|-sidestart|p1: Yancy0721\u56fe\u56fe\u72ac\u4fa0|move: Tailwind\n|move|p2b: Archaludon|Flash Cannon|p1b: Ditto\n|-supereffective|p1b: Ditto\n|-enditem|p1b: Ditto|Focus Sash\n|-damage|p1b: Ditto|1/100\n|-unboost|p1b: Ditto|spd|1\n|move|p1a: Groudon|Precipice Blades|p2a: Whimsicott|[spread] p2a,p2b\n|-resisted|p2a: Whimsicott\n|-supereffective|p2b: Archaludon\n|-damage|p2a: Whimsicott|61/100\n|-damage|p2b: Archaludon|6/100\n|\n|-weather|SunnyDay|[upkeep]\n|-sideend|p2: Luca8|move: Tailwind\n|upkeep\n|turn|5\n|\n|t:|1771069398\n|move|p2a: Whimsicott|Tailwind|p2a: Whimsicott\n|-sidestart|p2: Luca8|move: Tailwind\n|move|p1b: Ditto|Moonblast|p2b: Archaludon\n|-damage|p2b: Archaludon|0 fnt\n|faint|p2b: Archaludon\n|move|p1a: Groudon|Heat Crash|p2a: Whimsicott\n|-supereffective|p2a: Whimsicott\n|-damage|p2a: Whimsicott|0 fnt\n|faint|p2a: Whimsicott\n|\n|-weather|SunnyDay|[upkeep]\n|-fieldend|move: Electric Terrain\n|upkeep\n|l|\u2606Yancy0721\u56fe\u56fe\u72ac\u4fa0\n|inactive|Yancy0721\u56fe\u56fe\u72ac\u4fa0 disconnected and has a minute to reconnect!\n|player|p1|\n|\n|t:|1771069411\n|switch|p2b: Kyogre|Kyogre, L50|100/100\n|-weather|RainDance|[from] ability: Drizzle|[of] p2b: Kyogre\n|turn|6\n|j|\u2606Yancy0721\u56fe\u56fe\u72ac\u4fa0\n|inactive|Yancy0721\u56fe\u56fe\u72ac\u4fa0 reconnected and has 50 seconds left.\n|player|p1|Yancy0721\u56fe\u56fe\u72ac\u4fa0|may-masters4|\n|\n|t:|1771069432\n|move|p2b: Kyogre|Water Spout|p1b: Ditto|[spread] p1a,p1b\n|-supereffective|p1a: Groudon\n|-resisted|p1b: Ditto\n|-damage|p1a: Groudon|0 fnt\n|-damage|p1b: Ditto|0 fnt\n|faint|p1a: Groudon\n|faint|p1b: Ditto\n|\n|win|Luca8\n|raw|Yancy0721\u56fe\u56fe\u72ac\u4fa0's rating: 1392 &rarr; <strong>1369</strong><br />(-23 for losing)\n|raw|Luca8's rating: 1332 &rarr; <strong>1355</strong><br />(+23 for winning)\n|l|\u2606Yancy0721\u56fe\u56fe\u72ac\u4fa0\n|player|p1|\n|l|\u2606Luca8\n|player|p2|\n","uploadtime":1771069553,"views":32,"formatid":"gen9vgc2026regi","rating":1355,"private":0,"password":null}