{"id":"gen9vgc2026regi-2558391782","format":"[Gen 9] VGC 2026 Reg I","players":["Simon0123","Art Harmonia"],"log":"|j|\u2606Simon0123\n|j|\u2606Art Harmonia\n|t:|1773430065\n|gametype|doubles\n|player|p1|Simon0123|benga|1283\n|player|p2|Art Harmonia|n|1338\n|gen|9\n|tier|[Gen 9] VGC 2026 Reg I\n|rated|\n|rule|Species Clause: Limit one of each Pok\u00e9mon\n|rule|Item Clause: Limit 1 of each item\n|clearpoke\n|poke|p1|Miraidon, L50|\n|poke|p1|Calyrex-Shadow, L50|\n|poke|p1|Iron Hands, L50|\n|poke|p1|Tornadus, L50, M|\n|poke|p1|Urshifu-*, L50, F|\n|poke|p1|Amoonguss, L50, F|\n|poke|p2|Zoroark-Hisui, L50, M|\n|poke|p2|Pelipper, L50, M|\n|poke|p2|Ogerpon-Cornerstone, L50, F|\n|poke|p2|Archaludon, L50, M|\n|poke|p2|Miraidon, L50|\n|poke|p2|Palkia-Origin, L50|\n|teampreview|4\n|inactive|Battle timer is ON: inactive players will automatically lose when time's up. (requested by Simon0123)\n|inactive|Simon0123 has 60 seconds left.\n|inactive|Art Harmonia has 60 seconds left.\n|\n|t:|1773430107\n|teamsize|p1|4\n|teamsize|p2|4\n|start\n|switch|p1a: Tornadus|Tornadus, L50, M, shiny|100/100\n|switch|p1b: Calyrex|Calyrex-Shadow, L50|100/100\n|switch|p2a: Gullopi|Pelipper, L50, M, shiny|100/100\n|switch|p2b: Palkia|Palkia-Origin, L50, shiny|100/100\n|-ability|p1b: Calyrex|As One\n|-ability|p1b: Calyrex|Unnerve\n|-weather|RainDance|[from] ability: Drizzle|[of] p2a: Gullopi\n|turn|1\n|\n|t:|1773430130\n|-terastallize|p1b: Calyrex|Dark\n|move|p1b: Calyrex|Nasty Plot|p1b: Calyrex\n|-boost|p1b: Calyrex|spa|2\n|move|p2b: Palkia|Nasty Plot|p2b: Palkia\n|-boost|p2b: Palkia|spa|2\n|move|p1a: Tornadus|Bleakwind Storm|p2b: Palkia|[spread] p2a,p2b\n|-damage|p2a: Gullopi|72/100\n|-damage|p2b: Palkia|36/100\n|-unboost|p2a: Gullopi|spe|1\n|replace|p2b: Zelmorath|Zoroark-Hisui, L50, M, shiny\n|-end|p2b: Zelmorath|Illusion\n|move|p2a: Gullopi|Tailwind|p2a: Gullopi\n|-sidestart|p2: Art Harmonia|move: Tailwind\n|\n|-weather|RainDance|[upkeep]\n|upkeep\n|turn|2\n|inactive|Art Harmonia has 30 seconds left.\n|\n|t:|1773430159\n|move|p2b: Zelmorath|Protect|p2b: Zelmorath\n|-singleturn|p2b: Zelmorath|Protect\n|move|p1a: Tornadus|Tailwind|p1a: Tornadus\n|-sidestart|p1: Simon0123|move: Tailwind\n|move|p1b: Calyrex|Psychic|p2b: Zelmorath\n|-activate|p2b: Zelmorath|move: Protect\n|move|p2a: Gullopi|Weather Ball|p1b: Calyrex\n|-damage|p1b: Calyrex|48/100\n|\n|-weather|RainDance|[upkeep]\n|upkeep\n|turn|3\n|\n|t:|1773430178\n|move|p1b: Calyrex|Protect|p1b: Calyrex\n|-singleturn|p1b: Calyrex|Protect\n|move|p2b: Zelmorath|Hyper Voice|p1b: Calyrex|[spread] p1a\n|-activate|p1b: Calyrex|move: Protect\n|-damage|p1a: Tornadus|26/100\n|move|p1a: Tornadus|Bleakwind Storm|p2a: Gullopi|[spread] p2a,p2b\n|-crit|p2b: Zelmorath\n|-damage|p2a: Gullopi|41/100\n|-damage|p2b: Zelmorath|0 fnt\n|faint|p2b: Zelmorath\n|move|p2a: Gullopi|Hurricane|p1b: Calyrex\n|-activate|p1b: Calyrex|move: Protect\n|\n|-weather|RainDance|[upkeep]\n|upkeep\n|inactive|Art Harmonia has 30 seconds left.\n|\n|t:|1773430209\n|switch|p2b: Palkia|Palkia-Origin, L50, shiny|100/100\n|turn|4\n|\n|t:|1773430227\n|move|p2b: Palkia|Protect|p2b: Palkia\n|-singleturn|p2b: Palkia|Protect\n|move|p1b: Calyrex|Astral Barrage|p2a: Gullopi|[spread] p2a\n|-activate|p2b: Palkia|move: Protect\n|-damage|p2a: Gullopi|0 fnt\n|faint|p2a: Gullopi\n|-ability|p1b: Calyrex|Grim Neigh|boost\n|-boost|p1b: Calyrex|spa|1\n|move|p1a: Tornadus|Bleakwind Storm|p2b: Palkia\n|-activate|p2b: Palkia|move: Protect\n|\n|-weather|RainDance|[upkeep]\n|-sideend|p2: Art Harmonia|move: Tailwind\n|upkeep\n|\n|t:|1773430242\n|switch|p2a: Miraidon|Miraidon, L50, shiny|100/100\n|-fieldstart|move: Electric Terrain|[from] ability: Hadron Engine|[of] p2a: Miraidon\n|turn|5\n|\n|t:|1773430249\n|move|p1a: Tornadus|Protect|p1a: Tornadus\n|-singleturn|p1a: Tornadus|Protect\n|move|p2a: Miraidon|Protect|p2a: Miraidon\n|-singleturn|p2a: Miraidon|Protect\n|move|p1b: Calyrex|Astral Barrage|p2a: Miraidon|[spread] p2b\n|-activate|p2a: Miraidon|move: Protect\n|-damage|p2b: Palkia|0 fnt\n|faint|p2b: Palkia\n|-ability|p1b: Calyrex|Grim Neigh|boost\n|-boost|p1b: Calyrex|spa|1\n|\n|-weather|none\n|-sideend|p1: Simon0123|move: Tailwind\n|upkeep\n|turn|6\n|c|\u2606Simon0123|Gg\n|-message|Art Harmonia forfeited.\n|\n|win|Simon0123\n|raw|Simon0123's rating: 1283 &rarr; <strong>1312</strong><br />(+29 for winning)\n|raw|Art Harmonia's rating: 1338 &rarr; <strong>1315</strong><br />(-23 for losing)\n|l|\u2606Art Harmonia\n|player|p2|\n|l|\u2606Simon0123\n|player|p1|\n","uploadtime":1773430479,"views":13,"formatid":"gen9vgc2026regi","rating":1312,"private":0,"password":null}