{"id":"gen9vgc2026regi-2561664576","format":"[Gen 9] VGC 2026 Reg I","players":["Hazweioh","Sdbhcsgudcuguh"],"log":"|j|\u2606Hazweioh\n|j|\u2606Sdbhcsgudcuguh\n|t:|1773829892\n|gametype|doubles\n|player|p1|Hazweioh|1|1161\n|player|p2|Sdbhcsgudcuguh|101|1118\n|gen|9\n|tier|[Gen 9] VGC 2026 Reg I\n|rated|\n|rule|Species Clause: Limit one of each Pok\u00e9mon\n|rule|Item Clause: Limit 1 of each item\n|clearpoke\n|poke|p1|Koraidon, L50|\n|poke|p1|Raging Bolt, L50|\n|poke|p1|Ho-Oh, L50|\n|poke|p1|Iron Treads, L50|\n|poke|p1|Incineroar, L50, F|\n|poke|p1|Flutter Mane, L50|\n|poke|p2|Smeargle, L50, F|\n|poke|p2|Ditto, L50|\n|poke|p2|Indeedee-F, L50, F|\n|poke|p2|Terapagos, L50, M|\n|poke|p2|Ursaluna-Bloodmoon, L50, M|\n|poke|p2|Fletchling, L50, M|\n|teampreview|4\n|inactive|Battle timer is ON: inactive players will automatically lose when time's up. (requested by Sdbhcsgudcuguh)\n|inactive|Hazweioh has 60 seconds left.\n|inactive|Sdbhcsgudcuguh has 60 seconds left.\n|\n|t:|1773829940\n|teamsize|p1|4\n|teamsize|p2|4\n|start\n|switch|p1a: Ho-Oh|Ho-Oh, L50|100/100\n|switch|p1b: Flutter Mane|Flutter Mane, L50|100/100\n|switch|p2a: Smeargle|Smeargle, L50, F|100/100\n|switch|p2b: Terapagos|Terapagos, L50, M|100/100\n|-activate|p2b: Terapagos|ability: Tera Shift\n|detailschange|p2b: Terapagos|Terapagos-Terastal, L50, M\n|-heal|p2b: Terapagos|100/100|[silent]\n|turn|1\n|inactive|Sdbhcsgudcuguh has 30 seconds left.\n|\n|t:|1773829973\n|move|p1b: Flutter Mane|Taunt|p2b: Terapagos\n|-start|p2b: Terapagos|move: Taunt\n|move|p2a: Smeargle|Spore|p1b: Flutter Mane\n|-status|p1b: Flutter Mane|slp|[from] move: Spore\n|move|p2b: Terapagos|Hyper Beam|p1a: Ho-Oh\n|-damage|p1a: Ho-Oh|38/100\n|-mustrecharge|p2b: Terapagos\n|move|p1a: Ho-Oh|Sacred Fire|p2b: Terapagos\n|-activate|p2b: Terapagos|ability: Tera Shell\n|-resisted|p2b: Terapagos\n|-damage|p2b: Terapagos|77/100\n|-status|p2b: Terapagos|brn\n|\n|-damage|p2b: Terapagos|71/100 brn|[from] brn\n|-ability|p2a: Smeargle|Moody|boost\n|-boost|p2a: Smeargle|spe|2\n|-unboost|p2a: Smeargle|def|1\n|upkeep\n|turn|2\n|inactive|Sdbhcsgudcuguh has 30 seconds left.\n|\n|t:|1773829999\n|switch|p1a: Incineroar|Incineroar, L50, F|100/100\n|-ability|p1a: Incineroar|Intimidate|boost\n|-unboost|p2a: Smeargle|atk|1\n|-unboost|p2b: Terapagos|atk|1\n|move|p2a: Smeargle|Spore|p1a: Incineroar\n|-status|p1a: Incineroar|slp|[from] move: Spore\n|cant|p1b: Flutter Mane|slp\n|cant|p2b: Terapagos|recharge\n|\n|-damage|p2b: Terapagos|65/100 brn|[from] brn\n|-ability|p2a: Smeargle|Moody|boost\n|-boost|p2a: Smeargle|spd|2\n|-unboost|p2a: Smeargle|spa|1\n|upkeep\n|turn|3\n|inactive|Sdbhcsgudcuguh has 30 seconds left.\n|\n|t:|1773830031\n|switch|p2b: Ursaluna|Ursaluna-Bloodmoon, L50, M|100/100\n|move|p2a: Smeargle|Decorate|p2b: Ursaluna\n|-boost|p2b: Ursaluna|atk|2\n|-boost|p2b: Ursaluna|spa|2\n|-curestatus|p1b: Flutter Mane|slp|[msg]\n|move|p1b: Flutter Mane|Icy Wind|p2b: Ursaluna|[spread] p2a,p2b\n|-supereffective|p2b: Ursaluna\n|-damage|p2a: Smeargle|86/100\n|-damage|p2b: Ursaluna|61/100\n|-unboost|p2a: Smeargle|spe|1\n|-unboost|p2b: Ursaluna|spe|1\n|cant|p1a: Incineroar|slp\n|\n|-ability|p2a: Smeargle|Moody|boost\n|-boost|p2a: Smeargle|spd|2\n|-unboost|p2a: Smeargle|spa|1\n|upkeep\n|turn|4\n|inactive|Hazweioh has 30 seconds left.\n|inactive|Sdbhcsgudcuguh has 30 seconds left.\n|\n|t:|1773830060\n|move|p2b: Ursaluna|Protect|p2b: Ursaluna\n|-singleturn|p2b: Ursaluna|Protect\n|move|p2a: Smeargle|Spore|p1b: Flutter Mane\n|-status|p1b: Flutter Mane|slp|[from] move: Spore\n|cant|p1b: Flutter Mane|slp\n|-curestatus|p1a: Incineroar|slp|[msg]\n|move|p1a: Incineroar|Knock Off|p2a: Smeargle\n|-damage|p2a: Smeargle|0 fnt\n|-enditem|p2a: Smeargle|Focus Sash|[from] move: Knock Off|[of] p1a: Incineroar\n|faint|p2a: Smeargle\n|\n|upkeep\n|\n|t:|1773830072\n|switch|p2a: Fletchling|Fletchling, L50, M|100/100\n|turn|5\n|inactive|Hazweioh has 30 seconds left.\n|\n|t:|1773830098\n|-terastallize|p2b: Ursaluna|Normal\n|move|p2a: Fletchling|Tailwind|p2a: Fletchling\n|-sidestart|p2: Sdbhcsgudcuguh|move: Tailwind\n|cant|p1b: Flutter Mane|slp\n|move|p2b: Ursaluna|Hyper Voice|p1b: Flutter Mane|[spread] p1a,p1b\n|-damage|p1a: Incineroar|0 fnt\n|-enditem|p1b: Flutter Mane|Focus Sash\n|-damage|p1b: Flutter Mane|1/100 slp\n|faint|p1a: Incineroar\n|-damage|p2b: Ursaluna|52/100|[from] item: Life Orb\n|\n|upkeep\n|\n|t:|1773830116\n|switch|p1a: Ho-Oh|Ho-Oh, L50|71/100\n|turn|6\n|\n|t:|1773830127\n|-curestatus|p1b: Flutter Mane|slp|[msg]\n|move|p1b: Flutter Mane|Protect|p1b: Flutter Mane\n|-singleturn|p1b: Flutter Mane|Protect\n|move|p2a: Fletchling|Air Slash|p1a: Ho-Oh\n|-damage|p1a: Ho-Oh|64/100\n|move|p2b: Ursaluna|Hyper Voice|p1a: Ho-Oh|[spread] p1a\n|-activate|p1b: Flutter Mane|move: Protect\n|-damage|p1a: Ho-Oh|0 fnt\n|faint|p1a: Ho-Oh\n|-damage|p2b: Ursaluna|42/100|[from] item: Life Orb\n|\n|upkeep\n|\n|t:|1773830141\n|switch|p1a: Koraidon|Koraidon, L50|100/100\n|-weather|SunnyDay|[from] ability: Orichalcum Pulse|[of] p1a: Koraidon\n|-activate|p1b: Flutter Mane|ability: Protosynthesis\n|-start|p1b: Flutter Mane|protosynthesisspe\n|-activate|p1a: Koraidon|Orichalcum Pulse|[source]\n|turn|7\n|inactive|Hazweioh has 30 seconds left.\n|inactive|Sdbhcsgudcuguh has 30 seconds left.\n|inactive|Hazweioh has 20 seconds left.\n|inactive|Sdbhcsgudcuguh has 20 seconds left.\n|\n|t:|1773830177\n|move|p2a: Fletchling|Air Slash|p1a: Koraidon\n|-supereffective|p1a: Koraidon\n|-damage|p1a: Koraidon|73/100\n|move|p1b: Flutter Mane|Icy Wind|p2b: Ursaluna|[spread] p2a,p2b\n|-supereffective|p2a: Fletchling\n|-damage|p2a: Fletchling|55/100\n|-damage|p2b: Ursaluna|23/100\n|-unboost|p2a: Fletchling|spe|1\n|-unboost|p2b: Ursaluna|spe|1\n|move|p1a: Koraidon|Scale Shot|p2a: Fletchling\n|-damage|p2a: Fletchling|28/100\n|-damage|p2a: Fletchling|0 fnt\n|faint|p2a: Fletchling\n|-hitcount|p2: Fletchling|2\n|-unboost|p1a: Koraidon|def|1\n|-boost|p1a: Koraidon|spe|1\n|move|p2b: Ursaluna|Blood Moon|p1a: Koraidon\n|-damage|p1a: Koraidon|0 fnt\n|faint|p1a: Koraidon\n|-damage|p2b: Ursaluna|14/100|[from] item: Life Orb\n|\n|-weather|SunnyDay|[upkeep]\n|upkeep\n|c|\u2606Hazweioh|Absolute missplay wins u the game xD\n|inactive|Sdbhcsgudcuguh has 30 seconds left.\n|\n|t:|1773830203\n|switch|p2a: Terapagos|Terapagos-Terastal, L50, M|65/100 brn\n|turn|8\n|\n|t:|1773830210\n|move|p1b: Flutter Mane|Protect|p1b: Flutter Mane\n|-singleturn|p1b: Flutter Mane|Protect\n|move|p2a: Terapagos|Tera Starstorm|p1b: Flutter Mane\n|-activate|p1b: Flutter Mane|move: Protect\n|move|p2b: Ursaluna|Hyper Voice|p1b: Flutter Mane\n|-activate|p1b: Flutter Mane|move: Protect\n|\n|-weather|SunnyDay|[upkeep]\n|-damage|p2a: Terapagos|60/100 brn|[from] brn\n|-sideend|p2: Sdbhcsgudcuguh|move: Tailwind\n|upkeep\n|turn|9\n|\n|t:|1773830223\n|move|p1b: Flutter Mane|Moonblast|p2b: Ursaluna\n|-damage|p2b: Ursaluna|0 fnt\n|faint|p2b: Ursaluna\n|move|p2a: Terapagos|Tera Starstorm|p1b: Flutter Mane\n|-immune|p1b: Flutter Mane\n|\n|-weather|SunnyDay|[upkeep]\n|-damage|p2a: Terapagos|54/100 brn|[from] brn\n|upkeep\n|turn|10\n|-message|Sdbhcsgudcuguh forfeited.\n|\n|win|Hazweioh\n|raw|Hazweioh's rating: 1161 &rarr; <strong>1183</strong><br />(+22 for winning)\n|raw|Sdbhcsgudcuguh's rating: 1118 &rarr; <strong>1096</strong><br />(-22 for losing)\n|l|\u2606Sdbhcsgudcuguh\n|player|p2|\n|l|\u2606Hazweioh\n|player|p1|\n","uploadtime":1773830388,"views":10,"formatid":"gen9vgc2026regi","rating":1096,"private":0,"password":null}