{"id":"gen9vgc2026regi-2573245939","format":"[Gen 9] VGC 2026 Reg I","players":["BK Sergio","photon sheister"],"log":"|j|\u2606BK Sergio\n|j|\u2606photon sheister\n|t:|1775108627\n|gametype|doubles\n|player|p1|BK Sergio|birdkeeper-gen4dp|1388\n|player|p2|photon sheister|barry|1419\n|gen|9\n|tier|[Gen 9] VGC 2026 Reg I\n|rated|\n|rule|Species Clause: Limit one of each Pok\u00e9mon\n|rule|Item Clause: Limit 1 of each item\n|clearpoke\n|poke|p1|Calyrex-Ice, L50|\n|poke|p1|Mienshao, L50, F|\n|poke|p1|Kyogre, L50|\n|poke|p1|Landorus, L50, M|\n|poke|p1|Amoonguss, L50, M|\n|poke|p1|Rillaboom, L50, M|\n|poke|p2|Miraidon, L50|\n|poke|p2|Lunala, L50|\n|poke|p2|Sylveon, L50, F|\n|poke|p2|Incineroar, L50, F|\n|poke|p2|Whimsicott, L50, F|\n|poke|p2|Urshifu-*, L50, M|\n|teampreview|4\n|\n|t:|1775108652\n|teamsize|p1|4\n|teamsize|p2|4\n|start\n|switch|p1a: Calyrex|Calyrex-Ice, L50|100/100\n|switch|p1b: Mienshao|Mienshao, L50, F|100/100\n|switch|p2a: Lunala|Lunala, L50|100/100\n|switch|p2b: Incineroar|Incineroar, L50, F|100/100\n|-ability|p1a: Calyrex|As One\n|-ability|p1a: Calyrex|Unnerve\n|-ability|p2b: Incineroar|Intimidate|boost\n|-fail|p1a: Calyrex|unboost|[from] item: Clear Amulet|[of] p1a: Calyrex\n|-fail|p1b: Mienshao|unboost|Attack|[from] ability: Inner Focus|[of] p1b: Mienshao\n|turn|1\n|\n|t:|1775108672\n|switch|p2b: Urshifu|Urshifu-Rapid-Strike, L50, M|100/100\n|move|p1b: Mienshao|Fake Out|p2b: Urshifu\n|-damage|p2b: Urshifu|87/100\n|move|p2a: Lunala|Moonblast|p1b: Mienshao\n|-supereffective|p1b: Mienshao\n|-enditem|p1b: Mienshao|Focus Sash\n|-damage|p1b: Mienshao|1/100\n|move|p1a: Calyrex|High Horsepower|p2b: Urshifu\n|-damage|p2b: Urshifu|50/100\n|\n|upkeep\n|turn|2\n|\n|t:|1775108697\n|switch|p1a: Amoonguss|Amoonguss, L50, M|100/100\n|move|p1b: Mienshao|Close Combat|p2b: Urshifu\n|-damage|p2b: Urshifu|0 fnt\n|-unboost|p1b: Mienshao|def|1\n|-unboost|p1b: Mienshao|spd|1\n|faint|p2b: Urshifu\n|move|p2a: Lunala|Moongeist Beam|p1a: Amoonguss\n|-damage|p1a: Amoonguss|54/100\n|\n|upkeep\n|\n|t:|1775108703\n|switch|p2b: Miraidon|Miraidon, L50, shiny|100/100\n|-fieldstart|move: Electric Terrain|[from] ability: Hadron Engine|[of] p2b: Miraidon\n|-enditem|p2a: Lunala|Electric Seed\n|-boost|p2a: Lunala|def|1|[from] item: Electric Seed\n|turn|3\n|\n|t:|1775108730\n|switch|p1b: Landorus|Landorus, L50, M|100/100\n|move|p2b: Miraidon|Dazzling Gleam|p1a: Amoonguss|[spread] p1a,p1b\n|-resisted|p1a: Amoonguss\n|-damage|p1a: Amoonguss|34/100\n|-damage|p1b: Landorus|39/100\n|move|p2a: Lunala|Moongeist Beam|p1a: Amoonguss\n|-damage|p1a: Amoonguss|0 fnt\n|faint|p1a: Amoonguss\n|\n|upkeep\n|\n|t:|1775108747\n|switch|p1a: Calyrex|Calyrex-Ice, L50|100/100\n|-ability|p1a: Calyrex|As One\n|-ability|p1a: Calyrex|Unnerve\n|turn|4\n|\n|t:|1775108756\n|-terastallize|p1a: Calyrex|Fire\n|move|p2a: Lunala|Wide Guard|p2a: Lunala\n|-singleturn|p2a: Lunala|Wide Guard\n|move|p1b: Landorus|Earth Power|p2b: Miraidon\n|-supereffective|p2b: Miraidon\n|-crit|p2b: Miraidon\n|-damage|p2b: Miraidon|0 fnt\n|faint|p2b: Miraidon\n|move|p1a: Calyrex|Glacial Lance|p2a: Lunala\n|-activate|p2a: Lunala|move: Wide Guard\n|\n|upkeep\n|inactive|Battle timer is ON: inactive players will automatically lose when time's up. (requested by BK Sergio)\n|\n|t:|1775108761\n|switch|p2b: Incineroar|Incineroar, L50, F|100/100\n|-ability|p2b: Incineroar|Intimidate|boost\n|-fail|p1a: Calyrex|unboost|[from] item: Clear Amulet|[of] p1a: Calyrex\n|-unboost|p1b: Landorus|atk|1\n|turn|5\n|\n|t:|1775108771\n|switch|p1b: Mienshao|Mienshao, L50, F|1/100\n|move|p1a: Calyrex|Protect|p1a: Calyrex\n|-singleturn|p1a: Calyrex|Protect\n|move|p2b: Incineroar|Fake Out|p1b: Mienshao\n|-damage|p1b: Mienshao|0 fnt\n|faint|p1b: Mienshao\n|move|p2a: Lunala|Moongeist Beam|p1a: Calyrex\n|-activate|p1a: Calyrex|move: Protect\n|\n|upkeep\n|\n|t:|1775108782\n|switch|p1b: Landorus|Landorus, L50, M|39/100\n|turn|6\n|\n|t:|1775108789\n|-terastallize|p2b: Incineroar|Ghost\n|move|p1b: Landorus|Earth Power|p2b: Incineroar\n|-damage|p2b: Incineroar|61/100\n|move|p2a: Lunala|Moongeist Beam|p1a: Calyrex\n|-damage|p1a: Calyrex|69/100\n|move|p2b: Incineroar|Flare Blitz|p1b: Landorus\n|-damage|p1b: Landorus|0 fnt\n|faint|p1b: Landorus\n|-damage|p2b: Incineroar|51/100|[from] Recoil\n|move|p1a: Calyrex|Glacial Lance|p2b: Incineroar|[spread] p2a,p2b\n|-damage|p2a: Lunala|89/100\n|-damage|p2b: Incineroar|17/100\n|\n|upkeep\n|turn|7\n|\n|t:|1775108810\n|move|p2a: Lunala|Moongeist Beam|p1a: Calyrex\n|-damage|p1a: Calyrex|39/100\n|move|p2b: Incineroar|Knock Off|p1a: Calyrex\n|-damage|p1a: Calyrex|14/100\n|-enditem|p1a: Calyrex|Clear Amulet|[from] move: Knock Off|[of] p2b: Incineroar\n|move|p1a: Calyrex|Seed Bomb|p2b: Incineroar\n|-crit|p2b: Incineroar\n|-damage|p2b: Incineroar|0 fnt\n|faint|p2b: Incineroar\n|-ability|p1a: Calyrex|Chilling Neigh|boost\n|-boost|p1a: Calyrex|atk|1\n|\n|-fieldend|move: Electric Terrain\n|upkeep\n|turn|8\n|j| CrazyyBoi\n|inactive|photon sheister has 30 seconds left.\n|j| eggs egs\n|\n|t:|1775108844\n|move|p2a: Lunala|Moongeist Beam|p1a: Calyrex\n|-damage|p1a: Calyrex|0 fnt\n|faint|p1a: Calyrex\n|\n|win|photon sheister\n|raw|BK Sergio's rating: 1388 &rarr; <strong>1370</strong><br />(-18 for losing)\n|raw|photon sheister's rating: 1419 &rarr; <strong>1437</strong><br />(+18 for winning)\n|l|\u2606photon sheister\n|player|p2|\n|l|\u2606BK Sergio\n|player|p1|\n|l| CrazyyBoi\n","uploadtime":1775108989,"views":21,"formatid":"gen9vgc2026regi","rating":1370,"private":0,"password":null}