{"id":"gen9vgc2026regi-2546789006","format":"[Gen 9] VGC 2026 Reg I","players":["stayinawake","RandomcatFFR"],"log":"|j|\u2606stayinawake\n|j|\u2606RandomcatFFR\n|t:|1772011780\n|gametype|doubles\n|player|p1|stayinawake|2|1307\n|player|p2|RandomcatFFR|artist-gen4|1326\n|gen|9\n|tier|[Gen 9] VGC 2026 Reg I\n|rated|\n|rule|Species Clause: Limit one of each Pok\u00e9mon\n|rule|Item Clause: Limit 1 of each item\n|clearpoke\n|poke|p1|Zamazenta-*, L50|\n|poke|p1|Palkia, L50|\n|poke|p1|Pelipper, L50, M|\n|poke|p1|Basculegion, L50, M|\n|poke|p1|Ting-Lu, L50|\n|poke|p1|Scream Tail, L50|\n|poke|p2|Calyrex-Shadow, L50|\n|poke|p2|Zamazenta-*, L50|\n|poke|p2|Ogerpon-Hearthflame, L50, F|\n|poke|p2|Incineroar, L50, M|\n|poke|p2|Rillaboom, L50, M|\n|poke|p2|Raging Bolt, L50|\n|teampreview|4\n|\n|t:|1772011880\n|teamsize|p1|4\n|teamsize|p2|4\n|start\n|switch|p1a: Pelipper|Pelipper, L50, M|100/100\n|switch|p1b: Scream Tail|Scream Tail, L50|100/100\n|switch|p2a: Zamazenta|Zamazenta-Crowned, L50, shiny|100/100\n|switch|p2b: Raging Bolt|Raging Bolt, L50|100/100\n|-ability|p2a: Zamazenta|Dauntless Shield|boost\n|-boost|p2a: Zamazenta|def|1\n|-weather|RainDance|[from] ability: Drizzle|[of] p1a: Pelipper\n|-enditem|p1b: Scream Tail|Booster Energy\n|-activate|p1b: Scream Tail|ability: Protosynthesis|[fromitem]\n|-start|p1b: Scream Tail|protosynthesisspe\n|turn|1\n|\n|t:|1772011914\n|move|p1b: Scream Tail|Protect|p1b: Scream Tail\n|-singleturn|p1b: Scream Tail|Protect\n|move|p2a: Zamazenta|Heavy Slam|p1b: Scream Tail\n|-activate|p1b: Scream Tail|move: Protect\n|move|p1a: Pelipper|Weather Ball|p2a: Zamazenta\n|-damage|p2a: Zamazenta|57/100\n|move|p2b: Raging Bolt|Thunderbolt|p1b: Scream Tail\n|-activate|p1b: Scream Tail|move: Protect\n|\n|-weather|RainDance|[upkeep]\n|upkeep\n|turn|2\n|\n|t:|1772011937\n|move|p1b: Scream Tail|Disable|p2a: Zamazenta\n|-start|p2a: Zamazenta|Disable|Heavy Slam\n|cant|p2a: Zamazenta|Disable|Heavy Slam\n|move|p1a: Pelipper|Tailwind|p1a: Pelipper\n|-sidestart|p1: stayinawake|move: Tailwind\n|move|p2b: Raging Bolt|Thunderbolt|p1a: Pelipper\n|-supereffective|p1a: Pelipper\n|-crit|p1a: Pelipper\n|-enditem|p1a: Pelipper|Focus Sash\n|-damage|p1a: Pelipper|1/100\n|\n|-weather|RainDance|[upkeep]\n|upkeep\n|turn|3\n|\n|t:|1772011985\n|switch|p2a: Rillaboom|Rillaboom, L50, M, shiny|100/100\n|-fieldstart|move: Grassy Terrain|[from] ability: Grassy Surge|[of] p2a: Rillaboom\n|move|p2b: Raging Bolt|Thunderclap|p1a: Pelipper\n|-supereffective|p1a: Pelipper\n|-damage|p1a: Pelipper|0 fnt\n|faint|p1a: Pelipper\n|move|p1b: Scream Tail|Encore|p2b: Raging Bolt\n|-start|p2b: Raging Bolt|Encore\n|\n|-weather|RainDance|[upkeep]\n|upkeep\n|\n|t:|1772011991\n|switch|p1a: Palkia|Palkia, L50|100/100\n|turn|4\n|\n|t:|1772012012\n|move|p1a: Palkia|Protect|p1a: Palkia\n|-singleturn|p1a: Palkia|Protect\n|move|p2b: Raging Bolt|Thunderclap||[still]\n|-fail|p2b: Raging Bolt\n|move|p1b: Scream Tail|Disable|p2b: Raging Bolt\n|-start|p2b: Raging Bolt|Disable|Thunderclap\n|move|p2a: Rillaboom|Wood Hammer|p1b: Scream Tail\n|-crit|p1b: Scream Tail\n|-damage|p1b: Scream Tail|9/100\n|-damage|p2a: Rillaboom|68/100|[from] Recoil\n|\n|-weather|RainDance|[upkeep]\n|-heal|p1b: Scream Tail|14/100|[from] Grassy Terrain\n|-heal|p2a: Rillaboom|74/100|[from] Grassy Terrain\n|upkeep\n|turn|5\n|\n|t:|1772012037\n|-end|p1b: Scream Tail|Protosynthesis|[silent]\n|switch|p1b: Zamazenta|Zamazenta-Crowned, L50|100/100\n|-ability|p1b: Zamazenta|Dauntless Shield|boost\n|-boost|p1b: Zamazenta|def|1\n|-end|p2b: Raging Bolt|Protosynthesis|[silent]\n|switch|p2b: Zamazenta|Zamazenta-Crowned, L50, shiny|57/100\n|move|p1a: Palkia|Spacial Rend|p2b: Zamazenta|[miss]\n|-miss|p1a: Palkia|p2b: Zamazenta\n|move|p2a: Rillaboom|U-turn|p1b: Zamazenta\n|-resisted|p1b: Zamazenta\n|-damage|p1b: Zamazenta|98/100\n|\n|t:|1772012055\n|switch|p2a: Raging Bolt|Raging Bolt, L50|100/100|[from] U-turn\n|\n|-weather|none\n|-heal|p1b: Zamazenta|100/100|[from] Grassy Terrain\n|-heal|p2b: Zamazenta|63/100|[from] Grassy Terrain\n|-sideend|p1: stayinawake|move: Tailwind\n|upkeep\n|turn|6\n|\n|t:|1772012091\n|-terastallize|p2a: Raging Bolt|Electric\n|move|p2a: Raging Bolt|Thunderclap||[still]\n|-fail|p2a: Raging Bolt\n|move|p1b: Zamazenta|Iron Defense|p1b: Zamazenta\n|-boost|p1b: Zamazenta|def|2\n|move|p1a: Palkia|Icy Wind|p2a: Raging Bolt|[spread] p2a,p2b\n|-resisted|p2b: Zamazenta\n|-damage|p2a: Raging Bolt|87/100\n|-damage|p2b: Zamazenta|57/100\n|-unboost|p2a: Raging Bolt|spe|1\n|-unboost|p2b: Zamazenta|spe|1\n|move|p2b: Zamazenta|Body Press|p1a: Palkia\n|-damage|p1a: Palkia|49/100\n|\n|-heal|p1a: Palkia|55/100|[from] Grassy Terrain\n|-heal|p2b: Zamazenta|63/100|[from] Grassy Terrain\n|-heal|p2a: Raging Bolt|93/100|[from] Grassy Terrain\n|upkeep\n|turn|7\n|\n|t:|1772012114\n|-terastallize|p1b: Zamazenta|Fighting\n|move|p2a: Raging Bolt|Thunderclap|p1b: Zamazenta\n|-crit|p1b: Zamazenta\n|-damage|p1b: Zamazenta|24/100\n|move|p1b: Zamazenta|Body Press|p2a: Raging Bolt\n|-damage|p2a: Raging Bolt|0 fnt\n|faint|p2a: Raging Bolt\n|-end|p2a: Raging Bolt|Protosynthesis|[silent]\n|move|p1a: Palkia|Hydro Pump|p2b: Zamazenta\n|-damage|p2b: Zamazenta|9/100\n|move|p2b: Zamazenta|Body Press|p1a: Palkia\n|-damage|p1a: Palkia|7/100\n|\n|-heal|p1b: Zamazenta|30/100|[from] Grassy Terrain\n|-heal|p1a: Palkia|13/100|[from] Grassy Terrain\n|-heal|p2b: Zamazenta|15/100|[from] Grassy Terrain\n|-fieldend|move: Grassy Terrain\n|upkeep\n|\n|t:|1772012138\n|switch|p2a: Calyrex|Calyrex-Shadow, L50|100/100\n|-ability|p2a: Calyrex|As One\n|-ability|p2a: Calyrex|Unnerve\n|turn|8\n|\n|t:|1772012181\n|switch|p2b: Rillaboom|Rillaboom, L50, M, shiny|74/100\n|-fieldstart|move: Grassy Terrain|[from] ability: Grassy Surge|[of] p2b: Rillaboom\n|move|p2a: Calyrex|Protect|p2a: Calyrex\n|-singleturn|p2a: Calyrex|Protect\n|move|p1b: Zamazenta|Wide Guard|p1b: Zamazenta\n|-singleturn|p1b: Zamazenta|Wide Guard\n|move|p1a: Palkia|Icy Wind|p2a: Calyrex|[spread] p2b\n|-activate|p2a: Calyrex|move: Protect\n|-supereffective|p2b: Rillaboom\n|-damage|p2b: Rillaboom|54/100\n|-unboost|p2b: Rillaboom|spe|1\n|\n|-heal|p1b: Zamazenta|36/100|[from] Grassy Terrain\n|-heal|p1a: Palkia|19/100|[from] Grassy Terrain\n|-heal|p2b: Rillaboom|59/100|[from] Grassy Terrain\n|upkeep\n|turn|9\n|-message|stayinawake forfeited.\n|\n|win|RandomcatFFR\n|raw|stayinawake's rating: 1307 &rarr; <strong>1288</strong><br />(-19 for losing)\n|raw|RandomcatFFR's rating: 1326 &rarr; <strong>1345</strong><br />(+19 for winning)\n|l|\u2606stayinawake\n|player|p1|\n|l|\u2606RandomcatFFR\n|player|p2|\n","uploadtime":1772012450,"views":11,"formatid":"gen9vgc2026regi","rating":1288,"private":0,"password":null}