{"id":"gen9vgc2026regi-2551871397","format":"[Gen 9] VGC 2026 Reg I","players":["j0l0k0","ConnerTEP"],"log":"|j|\u2606j0l0k0\n|j|\u2606ConnerTEP\n|t:|1772652271\n|gametype|doubles\n|player|p1|j0l0k0|brycen|1499\n|player|p2|ConnerTEP|acerola-masters2|1626\n|gen|9\n|tier|[Gen 9] VGC 2026 Reg I\n|rated|\n|rule|Species Clause: Limit one of each Pok\u00e9mon\n|rule|Item Clause: Limit 1 of each item\n|clearpoke\n|poke|p1|Calyrex-Ice, L50|\n|poke|p1|Kyogre, L50|\n|poke|p1|Indeedee-F, L50, F|\n|poke|p1|Urshifu-*, L50, F|\n|poke|p1|Amoonguss, L50, F|\n|poke|p1|Landorus, L50, M|\n|poke|p2|Groudon, L50|\n|poke|p2|Zacian-*, L50|\n|poke|p2|Chien-Pao, L50|\n|poke|p2|Volcarona, L50, F|\n|poke|p2|Raging Bolt, L50|\n|poke|p2|Walking Wake, L50|\n|teampreview|4\n|inactive|Battle timer is ON: inactive players will automatically lose when time's up. (requested by j0l0k0)\n|inactive|ConnerTEP also wants the timer to be on.\n|inactive|ConnerTEP has 60 seconds left.\n|\n|t:|1772652303\n|teamsize|p1|4\n|teamsize|p2|4\n|start\n|switch|p1a: Indeedee|Indeedee-F, L50, F, shiny|100/100\n|switch|p1b: Calyrex|Calyrex-Ice, L50|100/100\n|switch|p2a: Zacian|Zacian-Crowned, L50|100/100\n|switch|p2b: Chien-Pao|Chien-Pao, L50|100/100\n|-ability|p1b: Calyrex|As One\n|-ability|p1b: Calyrex|Unnerve\n|-ability|p2a: Zacian|Intrepid Sword|boost\n|-boost|p2a: Zacian|atk|1\n|-ability|p2b: Chien-Pao|Sword of Ruin\n|-fieldstart|move: Psychic Terrain|[from] ability: Psychic Surge|[of] p1a: Indeedee\n|turn|1\n|inactive|j0l0k0 has 30 seconds left.\n|inactive|j0l0k0 has 20 seconds left.\n|inactive|j0l0k0 has 15 seconds left.\n|inactive|j0l0k0 has 10 seconds left.\n|\n|t:|1772652356\n|move|p1a: Indeedee|Follow Me|p1a: Indeedee\n|-singleturn|p1a: Indeedee|move: Follow Me\n|move|p2a: Zacian|Behemoth Blade|p1a: Indeedee\n|-damage|p1a: Indeedee|0 fnt\n|faint|p1a: Indeedee\n|move|p2b: Chien-Pao|Throat Chop|p1b: Calyrex\n|-supereffective|p1b: Calyrex\n|-damage|p1b: Calyrex|31/100\n|-start|p1b: Calyrex|Throat Chop|[silent]\n|move|p1b: Calyrex|Trick Room|p1b: Calyrex\n|-fieldstart|move: Trick Room|[of] p1b: Calyrex\n|\n|upkeep\n|\n|t:|1772652370\n|switch|p1a: Landorus|Landorus, L50, M, shiny|100/100\n|turn|2\n|j| Motisma Z\n|\n|t:|1772652394\n|-terastallize|p2a: Zacian|Water\n|move|p2b: Chien-Pao|Protect|p2b: Chien-Pao\n|-singleturn|p2b: Chien-Pao|Protect\n|move|p1b: Calyrex|Glacial Lance|p2a: Zacian|[spread] p2a\n|-activate|p2b: Chien-Pao|move: Protect\n|-resisted|p2a: Zacian\n|-damage|p2a: Zacian|65/100\n|move|p1a: Landorus|Sandsear Storm|p2a: Zacian|[spread] p2a\n|-activate|p2b: Chien-Pao|move: Protect\n|-damage|p2a: Zacian|10/100\n|move|p2a: Zacian|Behemoth Blade|p1a: Landorus\n|-damage|p1a: Landorus|0 fnt\n|faint|p1a: Landorus\n|\n|-end|p1b: Calyrex|Throat Chop|[silent]\n|upkeep\n|\n|t:|1772652405\n|switch|p1a: Kyogre|Kyogre, L50, shiny|100/100\n|-weather|RainDance|[from] ability: Drizzle|[of] p1a: Kyogre\n|turn|3\n|\n|t:|1772652418\n|switch|p2b: Walking Wake|Walking Wake, L50|100/100\n|move|p2a: Zacian|Protect|p2a: Zacian\n|-singleturn|p2a: Zacian|Protect\n|move|p1b: Calyrex|Glacial Lance|p2b: Walking Wake|[spread] p2b\n|-activate|p2a: Zacian|move: Protect\n|-damage|p2b: Walking Wake|33/100\n|move|p1a: Kyogre|Water Spout|p2a: Zacian|[spread] p2b\n|-activate|p2a: Zacian|move: Protect\n|-resisted|p2b: Walking Wake\n|-damage|p2b: Walking Wake|11/100\n|\n|-weather|RainDance|[upkeep]\n|upkeep\n|turn|4\n|\n|t:|1772652436\n|move|p1b: Calyrex|Glacial Lance|p2a: Zacian|[spread] p2a,p2b\n|-resisted|p2a: Zacian\n|-damage|p2a: Zacian|0 fnt\n|-damage|p2b: Walking Wake|0 fnt\n|faint|p2a: Zacian\n|faint|p2b: Walking Wake\n|-end|p2b: Walking Wake|Protosynthesis|[silent]\n|-ability|p1b: Calyrex|Chilling Neigh|boost\n|-boost|p1b: Calyrex|atk|2\n|move|p1a: Kyogre|Water Spout|p2: Zacian|[notarget]\n|-fail|p1a: Kyogre\n|\n|-weather|RainDance|[upkeep]\n|upkeep\n|\n|t:|1772652437\n|switch|p2b: Chien-Pao|Chien-Pao, L50|100/100\n|switch|p2a: Groudon|Groudon, L50|100/100\n|-weather|SunnyDay|[from] ability: Drought|[of] p2a: Groudon\n|-ability|p2b: Chien-Pao|Sword of Ruin\n|turn|5\n|\n|t:|1772652441\n|move|p2a: Groudon|Protect|p2a: Groudon\n|-singleturn|p2a: Groudon|Protect\n|move|p2b: Chien-Pao|Protect|p2b: Chien-Pao\n|-singleturn|p2b: Chien-Pao|Protect\n|move|p1b: Calyrex|Glacial Lance|p2a: Groudon|[spread] \n|-activate|p2a: Groudon|move: Protect\n|-activate|p2b: Chien-Pao|move: Protect\n|move|p1a: Kyogre|Water Spout|p2b: Chien-Pao|[spread] \n|-activate|p2a: Groudon|move: Protect\n|-activate|p2b: Chien-Pao|move: Protect\n|\n|-weather|SunnyDay|[upkeep]\n|-fieldend|move: Trick Room\n|-fieldend|move: Psychic Terrain\n|upkeep\n|turn|6\n|\n|t:|1772652448\n|move|p2b: Chien-Pao|Throat Chop|p1a: Kyogre\n|-damage|p1a: Kyogre|41/100\n|-start|p1a: Kyogre|Throat Chop|[silent]\n|move|p2a: Groudon|Precipice Blades|p1a: Kyogre|[spread] p1a\n|-miss|p2a: Groudon|p1b: Calyrex\n|-damage|p1a: Kyogre|0 fnt\n|faint|p1a: Kyogre\n|move|p1b: Calyrex|Glacial Lance|p2a: Groudon|[spread] p2a,p2b\n|-supereffective|p2a: Groudon\n|-resisted|p2b: Chien-Pao\n|-damage|p2a: Groudon|0 fnt\n|-damage|p2b: Chien-Pao|15/100\n|faint|p2a: Groudon\n|-ability|p1b: Calyrex|Chilling Neigh|boost\n|-boost|p1b: Calyrex|atk|1\n|\n|-weather|SunnyDay|[upkeep]\n|upkeep\n|turn|7\n|\n|t:|1772652460\n|-terastallize|p1b: Calyrex|Normal\n|move|p2b: Chien-Pao|Protect|p2b: Chien-Pao\n|-singleturn|p2b: Chien-Pao|Protect\n|move|p1b: Calyrex|Glacial Lance|p2b: Chien-Pao\n|-activate|p2b: Chien-Pao|move: Protect\n|\n|-weather|SunnyDay|[upkeep]\n|upkeep\n|turn|8\n|\n|t:|1772652466\n|move|p2b: Chien-Pao|Ice Spinner|p1b: Calyrex\n|-damage|p1b: Calyrex|0 fnt\n|faint|p1b: Calyrex\n|\n|win|ConnerTEP\n|raw|j0l0k0's rating: 1499 &rarr; <strong>1486</strong><br />(-13 for losing)\n|raw|ConnerTEP's rating: 1626 &rarr; <strong>1639</strong><br />(+13 for winning)\n|c|\u2606j0l0k0|GGWP\n|l|\u2606j0l0k0\n|player|p1|\n|c|\u2606ConnerTEP|gg\n|l|\u2606ConnerTEP\n|player|p2|\n","uploadtime":1772652672,"views":15,"formatid":"gen9vgc2026regi","rating":1486,"private":0,"password":null}