{"id":"gen9vgc2026regi-2528180144","format":"[Gen 9] VGC 2026 Reg I","players":["CHR1SPHX","Atlas Erol VGC"],"log":"|j|\u2606CHR1SPHX\n|j|\u2606Atlas Erol VGC\n|t:|1769627601\n|gametype|doubles\n|player|p1|CHR1SPHX|hilbert-wonderlauncher|1309\n|player|p2|Atlas Erol VGC|swimmer-gen4dp|1442\n|gen|9\n|tier|[Gen 9] VGC 2026 Reg I\n|rated|\n|rule|Species Clause: Limit one of each Pok\u00e9mon\n|rule|Item Clause: Limit 1 of each item\n|clearpoke\n|poke|p1|Incineroar, L50, M|\n|poke|p1|Koraidon, L50|\n|poke|p1|Flutter Mane, L50|\n|poke|p1|Brute Bonnet, L50|\n|poke|p1|Indeedee-F, L50, F|\n|poke|p1|Groudon, L50|\n|poke|p2|Eternatus, L50|\n|poke|p2|Grimmsnarl, L50, M|\n|poke|p2|Rillaboom, L50, M|\n|poke|p2|Ting-Lu, L50|\n|poke|p2|Zamazenta-*, L50|\n|poke|p2|Glimmora, L50, F|\n|teampreview|4\n|inactive|Battle timer is ON: inactive players will automatically lose when time's up. (requested by CHR1SPHX)\n|inactive|CHR1SPHX has 60 seconds left.\n|inactive|CHR1SPHX has 30 seconds left.\n|\n|t:|1769627669\n|teamsize|p1|4\n|teamsize|p2|4\n|start\n|switch|p1a: Brute Bonnet|Brute Bonnet, L50, shiny|100/100\n|switch|p1b: Flutter Mane|Flutter Mane, L50|100/100\n|switch|p2a: Eternatus|Eternatus, L50|100/100\n|switch|p2b: Glimmora|Glimmora, L50, F|100/100\n|-ability|p2a: Eternatus|Pressure\n|turn|1\n|\n|t:|1769627683\n|move|p2a: Eternatus|Protect|p2a: Eternatus\n|-singleturn|p2a: Eternatus|Protect\n|move|p1b: Flutter Mane|Shadow Ball|p2b: Glimmora\n|-crit|p2b: Glimmora\n|-damage|p2b: Glimmora|26/100\n|-unboost|p2b: Glimmora|spd|1\n|move|p2b: Glimmora|Mortal Spin|p1a: Brute Bonnet|[spread] p1a,p1b\n|-supereffective|p1a: Brute Bonnet\n|-damage|p1a: Brute Bonnet|95/100\n|-damage|p1b: Flutter Mane|91/100\n|-status|p1a: Brute Bonnet|psn\n|-status|p1b: Flutter Mane|psn\n|move|p1a: Brute Bonnet|Spore|p2a: Eternatus\n|-activate|p2a: Eternatus|move: Protect\n|\n|-damage|p1b: Flutter Mane|78/100 psn|[from] psn\n|-damage|p1a: Brute Bonnet|83/100 psn|[from] psn\n|upkeep\n|turn|2\n|\n|t:|1769627697\n|switch|p2b: Grimmsnarl|Grimmsnarl, L50, M|100/100\n|move|p1b: Flutter Mane|Shadow Ball|p2b: Grimmsnarl\n|-resisted|p2b: Grimmsnarl\n|-damage|p2b: Grimmsnarl|80/100\n|move|p2a: Eternatus|Cosmic Power|p2a: Eternatus\n|-boost|p2a: Eternatus|def|1\n|-boost|p2a: Eternatus|spd|1\n|move|p1a: Brute Bonnet|Spore|p2a: Eternatus\n|-status|p2a: Eternatus|slp|[from] move: Spore\n|\n|-damage|p1b: Flutter Mane|66/100 psn|[from] psn\n|-damage|p1a: Brute Bonnet|70/100 psn|[from] psn\n|upkeep\n|turn|3\n|\n|t:|1769627711\n|move|p2b: Grimmsnarl|Parting Shot|p1b: Flutter Mane\n|-unboost|p1b: Flutter Mane|atk|1\n|-unboost|p1b: Flutter Mane|spa|1\n|\n|t:|1769627713\n|switch|p2b: Glimmora|Glimmora, L50, F|26/100|[from] Parting Shot\n|move|p1b: Flutter Mane|Dazzling Gleam|p2b: Glimmora|[spread] p2a,p2b\n|-resisted|p2b: Glimmora\n|-damage|p2a: Eternatus|91/100 slp\n|-damage|p2b: Glimmora|14/100\n|cant|p2a: Eternatus|slp\n|move|p1a: Brute Bonnet|Lash Out|p2a: Eternatus\n|-crit|p2a: Eternatus\n|-damage|p2a: Eternatus|58/100 slp\n|\n|-heal|p2a: Eternatus|65/100 slp|[from] item: Leftovers\n|-damage|p1b: Flutter Mane|54/100 psn|[from] psn\n|-damage|p1a: Brute Bonnet|58/100 psn|[from] psn\n|upkeep\n|turn|4\n|\n|t:|1769627732\n|-end|p1a: Brute Bonnet|Protosynthesis|[silent]\n|switch|p1a: Groudon|Groudon, L50|100/100\n|-weather|SunnyDay|[from] ability: Drought|[of] p1a: Groudon\n|-activate|p1b: Flutter Mane|ability: Protosynthesis\n|-start|p1b: Flutter Mane|protosynthesisspe\n|move|p1b: Flutter Mane|Dazzling Gleam|p2b: Glimmora|[spread] p2a,p2b\n|-resisted|p2b: Glimmora\n|-damage|p2a: Eternatus|55/100 slp\n|-damage|p2b: Glimmora|2/100\n|move|p2b: Glimmora|Toxic Spikes|p1b: Flutter Mane\n|-sidestart|p1: CHR1SPHX|move: Toxic Spikes\n|cant|p2a: Eternatus|slp\n|\n|-weather|SunnyDay|[upkeep]\n|-heal|p2a: Eternatus|61/100 slp|[from] item: Leftovers\n|-damage|p1b: Flutter Mane|42/100 psn|[from] psn\n|upkeep\n|turn|5\n|j| yippeee_hooray\n|inactive|Atlas Erol VGC has 30 seconds left.\n|\n|t:|1769627758\n|-terastallize|p2a: Eternatus|Fairy\n|move|p1b: Flutter Mane|Dazzling Gleam|p2b: Glimmora|[spread] p2a,p2b\n|-resisted|p2b: Glimmora\n|-damage|p2a: Eternatus|53/100 slp\n|-damage|p2b: Glimmora|0 fnt\n|faint|p2b: Glimmora\n|cant|p2a: Eternatus|slp\n|move|p1a: Groudon|High Horsepower|p2a: Eternatus\n|-damage|p2a: Eternatus|29/100 slp\n|\n|-weather|SunnyDay|[upkeep]\n|-heal|p2a: Eternatus|35/100 slp|[from] item: Leftovers\n|-damage|p1b: Flutter Mane|30/100 psn|[from] psn\n|upkeep\n|\n|t:|1769627763\n|switch|p2b: Grimmsnarl|Grimmsnarl, L50, M|80/100\n|turn|6\n|\n|t:|1769627781\n|switch|p1a: Brute Bonnet|Brute Bonnet, L50, shiny|58/100 psn\n|-activate|p1a: Brute Bonnet|ability: Protosynthesis\n|-start|p1a: Brute Bonnet|protosynthesisdef\n|move|p2b: Grimmsnarl|Sucker Punch|p1b: Flutter Mane\n|-damage|p1b: Flutter Mane|0 fnt\n|faint|p1b: Flutter Mane\n|-end|p1b: Flutter Mane|Protosynthesis|[silent]\n|-curestatus|p2a: Eternatus|slp|[msg]\n|move|p2a: Eternatus|Recover|p2a: Eternatus\n|-heal|p2a: Eternatus|85/100\n|\n|-weather|SunnyDay|[upkeep]\n|-heal|p2a: Eternatus|92/100|[from] item: Leftovers\n|-damage|p1a: Brute Bonnet|46/100 psn|[from] psn\n|upkeep\n|-enditem|p1a: Brute Bonnet|Sitrus Berry|[eat]\n|-heal|p1a: Brute Bonnet|71/100 psn|[from] item: Sitrus Berry\n|\n|t:|1769627793\n|switch|p1b: Groudon|Groudon, L50|100/100\n|-status|p1b: Groudon|psn\n|turn|7\n|\n|t:|1769627814\n|move|p2b: Grimmsnarl|Reflect|p2b: Grimmsnarl\n|-sidestart|p2: Atlas Erol VGC|Reflect\n|move|p2a: Eternatus|Cosmic Power|p2a: Eternatus\n|-boost|p2a: Eternatus|def|1\n|-boost|p2a: Eternatus|spd|1\n|move|p1b: Groudon|Precipice Blades|p2b: Grimmsnarl|[spread] p2a,p2b\n|-damage|p2a: Eternatus|79/100\n|-damage|p2b: Grimmsnarl|44/100\n|move|p1a: Brute Bonnet|Spore|p2a: Eternatus\n|-status|p2a: Eternatus|slp|[from] move: Spore\n|\n|-weather|SunnyDay|[upkeep]\n|-heal|p2a: Eternatus|85/100 slp|[from] item: Leftovers\n|-damage|p1b: Groudon|88/100 psn|[from] psn\n|-damage|p1a: Brute Bonnet|59/100 psn|[from] psn\n|upkeep\n|turn|8\n|\n|t:|1769627831\n|switch|p2b: Ting-Lu|Ting-Lu, L50|100/100\n|-ability|p2b: Ting-Lu|Vessel of Ruin\n|cant|p2a: Eternatus|slp\n|move|p1b: Groudon|Precipice Blades|p2b: Ting-Lu|[spread] p2b\n|-miss|p1b: Groudon|p2a: Eternatus\n|-damage|p2b: Ting-Lu|82/100\n|move|p1a: Brute Bonnet|Lash Out|p2a: Eternatus\n|-resisted|p2a: Eternatus\n|-damage|p2a: Eternatus|82/100 slp\n|\n|-weather|none\n|-end|p1a: Brute Bonnet|Protosynthesis\n|-heal|p2a: Eternatus|88/100 slp|[from] item: Leftovers\n|-damage|p1b: Groudon|75/100 psn|[from] psn\n|-damage|p1a: Brute Bonnet|47/100 psn|[from] psn\n|upkeep\n|turn|9\n|\n|t:|1769627845\n|cant|p2a: Eternatus|slp\n|move|p1b: Groudon|Precipice Blades|p2b: Ting-Lu|[spread] p2b\n|-miss|p1b: Groudon|p2a: Eternatus\n|-damage|p2b: Ting-Lu|65/100\n|move|p1a: Brute Bonnet|Spore|p2b: Ting-Lu\n|-status|p2b: Ting-Lu|slp|[from] move: Spore\n|cant|p2b: Ting-Lu|slp\n|\n|-heal|p2a: Eternatus|94/100 slp|[from] item: Leftovers\n|-damage|p1b: Groudon|63/100 psn|[from] psn\n|-damage|p1a: Brute Bonnet|34/100 psn|[from] psn\n|upkeep\n|turn|10\n|\n|t:|1769627862\n|-curestatus|p2a: Eternatus|slp|[msg]\n|move|p2a: Eternatus|Fire Spin|p1a: Brute Bonnet|[miss]\n|-miss|p2a: Eternatus|p1a: Brute Bonnet\n|move|p1b: Groudon|Precipice Blades|p2a: Eternatus|[spread] p2b\n|-miss|p1b: Groudon|p2a: Eternatus\n|-damage|p2b: Ting-Lu|47/100 slp\n|move|p1a: Brute Bonnet|Lash Out|p2a: Eternatus\n|-resisted|p2a: Eternatus\n|-damage|p2a: Eternatus|90/100\n|cant|p2b: Ting-Lu|slp\n|\n|-heal|p2a: Eternatus|97/100|[from] item: Leftovers\n|-damage|p1b: Groudon|50/100 psn|[from] psn\n|-damage|p1a: Brute Bonnet|22/100 psn|[from] psn\n|upkeep\n|turn|11\n|c|\u2606CHR1SPHX|wth\n|c|\u2606CHR1SPHX|three in a row\n|\n|t:|1769627880\n|move|p2a: Eternatus|Protect|p2a: Eternatus\n|-singleturn|p2a: Eternatus|Protect\n|move|p1b: Groudon|Precipice Blades|p2a: Eternatus|[spread] \n|-activate|p2a: Eternatus|move: Protect\n|-miss|p1b: Groudon|p2b: Ting-Lu\n|move|p1a: Brute Bonnet|Spore|p2a: Eternatus\n|-activate|p2a: Eternatus|move: Protect\n|cant|p2b: Ting-Lu|slp\n|\n|-heal|p2a: Eternatus|100/100|[from] item: Leftovers\n|-damage|p1b: Groudon|38/100 psn|[from] psn\n|-damage|p1a: Brute Bonnet|10/100 psn|[from] psn\n|upkeep\n|turn|12\n|c| yippeee_hooray|it didn't matter\n|c| yippeee_hooray|unless you got more than 1 crit\n|\n|t:|1769627896\n|switch|p2b: Grimmsnarl|Grimmsnarl, L50, M|44/100\n|move|p2a: Eternatus|Cosmic Power|p2a: Eternatus\n|-boost|p2a: Eternatus|def|1\n|-boost|p2a: Eternatus|spd|1\n|move|p1b: Groudon|Precipice Blades|p2b: Grimmsnarl|[spread] p2b\n|-miss|p1b: Groudon|p2a: Eternatus\n|-damage|p2b: Grimmsnarl|9/100\n|move|p1a: Brute Bonnet|Spore|p2a: Eternatus\n|-status|p2a: Eternatus|slp|[from] move: Spore\n|\n|-damage|p1b: Groudon|25/100 psn|[from] psn\n|-damage|p1a: Brute Bonnet|0 fnt|[from] psn\n|faint|p1a: Brute Bonnet\n|-end|p1a: Brute Bonnet|Protosynthesis|[silent]\n|upkeep\n|\n|t:|1769627902\n|switch|p1a: Koraidon|Koraidon, L50|100/100\n|-status|p1a: Koraidon|psn\n|-weather|SunnyDay|[from] ability: Orichalcum Pulse|[of] p1a: Koraidon\n|-activate|p1a: Koraidon|Orichalcum Pulse|[source]\n|turn|13\n|\n|t:|1769627911\n|-terastallize|p1a: Koraidon|Fire\n|cant|p2a: Eternatus|slp\n|move|p2b: Grimmsnarl|Parting Shot|p1b: Groudon\n|-fail|p1b: Groudon|unboost|[from] item: Clear Amulet|[of] p1b: Groudon\n|move|p1a: Koraidon|Flare Blitz|p2a: Eternatus\n|-damage|p2a: Eternatus|81/100 slp\n|-damage|p1a: Koraidon|92/100 psn|[from] Recoil\n|move|p1b: Groudon|Precipice Blades|p2b: Grimmsnarl|[spread] p2a,p2b\n|-damage|p2a: Eternatus|71/100 slp\n|-damage|p2b: Grimmsnarl|0 fnt\n|faint|p2b: Grimmsnarl\n|\n|-weather|SunnyDay|[upkeep]\n|-heal|p2a: Eternatus|78/100 slp|[from] item: Leftovers\n|-damage|p1a: Koraidon|80/100 psn|[from] psn\n|-damage|p1b: Groudon|13/100 psn|[from] psn\n|upkeep\n|\n|t:|1769627917\n|switch|p2b: Ting-Lu|Ting-Lu, L50|47/100 slp\n|-ability|p2b: Ting-Lu|Vessel of Ruin\n|turn|14\n|j| riyuezi\n|\n|t:|1769627928\n|move|p1a: Koraidon|Flare Blitz|p2a: Eternatus\n|-damage|p2a: Eternatus|57/100 slp\n|-damage|p1a: Koraidon|71/100 psn|[from] Recoil\n|cant|p2a: Eternatus|slp\n|move|p1b: Groudon|Precipice Blades|p2a: Eternatus|[spread] p2b\n|-miss|p1b: Groudon|p2a: Eternatus\n|-damage|p2b: Ting-Lu|31/100 slp\n|-curestatus|p2b: Ting-Lu|slp|[msg]\n|move|p2b: Ting-Lu|Sand Tomb|p1a: Koraidon\n|-supereffective|p1a: Koraidon\n|-damage|p1a: Koraidon|49/100 psn\n|-activate|p1a: Koraidon|move: Sand Tomb|[of] p2b: Ting-Lu\n|\n|-weather|SunnyDay|[upkeep]\n|-heal|p2a: Eternatus|63/100 slp|[from] item: Leftovers\n|-damage|p1a: Koraidon|37/100 psn|[from] psn\n|-damage|p1b: Groudon|0 fnt|[from] psn\n|faint|p1b: Groudon\n|-damage|p1a: Koraidon|24/100 psn|[from] move: Sand Tomb|[partiallytrapped]\n|-sideend|p2: Atlas Erol VGC|Reflect\n|upkeep\n|turn|15\n|l| riyuezi\n|\n|t:|1769627946\n|cant|p2a: Eternatus|slp\n|move|p2b: Ting-Lu|Protect|p2b: Ting-Lu\n|-singleturn|p2b: Ting-Lu|Protect\n|move|p1a: Koraidon|Flare Blitz|p2a: Eternatus\n|-damage|p2a: Eternatus|35/100 slp\n|-damage|p1a: Koraidon|13/100 psn|[from] Recoil\n|\n|-weather|SunnyDay|[upkeep]\n|-heal|p2a: Eternatus|41/100 slp|[from] item: Leftovers\n|-damage|p1a: Koraidon|1/100 psn|[from] psn\n|-damage|p1a: Koraidon|0 fnt|[from] move: Sand Tomb|[partiallytrapped]\n|faint|p1a: Koraidon\n|\n|win|Atlas Erol VGC\n|raw|CHR1SPHX's rating: 1309 &rarr; <strong>1296</strong><br />(-13 for losing)\n|raw|Atlas Erol VGC's rating: 1442 &rarr; <strong>1455</strong><br />(+13 for winning)\n|c|\u2606CHR1SPHX|gg\n|c|\u2606Atlas Erol VGC|Gg\n|l|\u2606CHR1SPHX\n|player|p1|\n|l|\u2606Atlas Erol VGC\n|player|p2|\n|l| yippeee_hooray\n","uploadtime":1769628151,"views":16,"formatid":"gen9vgc2026regi","rating":1296,"private":0,"password":null}