{"id":"gen9vgc2026regi-2582336847","format":"[Gen 9] VGC 2026 Reg I","players":["joymaxxing","sunny_zong2"],"log":"|j|\u2606joymaxxing\n|j|\u2606sunny_zong2\n|t:|1776084458\n|gametype|doubles\n|player|p1|joymaxxing|elesa|1478\n|player|p2|sunny_zong2|102|1450\n|gen|9\n|tier|[Gen 9] VGC 2026 Reg I\n|rated|\n|rule|Species Clause: Limit one of each Pok\u00e9mon\n|rule|Item Clause: Limit 1 of each item\n|clearpoke\n|poke|p1|Incineroar, L50, M|\n|poke|p1|Amoonguss, L50, M|\n|poke|p1|Farigiraf, L50, F|\n|poke|p1|Ursaluna, L50, F|\n|poke|p1|Koraidon, L50|\n|poke|p1|Lunala, L50|\n|poke|p2|Muk-Alola, L50, M|\n|poke|p2|Flamigo, L50, F|\n|poke|p2|Miraidon, L50|\n|poke|p2|Calyrex-Shadow, L50|\n|poke|p2|Indeedee, L50, M|\n|poke|p2|Smeargle, L50, F|\n|teampreview|4\n|inactive|Battle timer is ON: inactive players will automatically lose when time's up. (requested by sunny_zong2)\n|\n|t:|1776084479\n|teamsize|p1|4\n|teamsize|p2|4\n|start\n|switch|p1a: Amoonguss|Amoonguss, L50, M, shiny|100/100\n|switch|p1b: Perfume Yuda|Farigiraf, L50, F, shiny|100/100\n|switch|p2a: Smeargle|Smeargle, L50, F|100/100\n|switch|p2b: Calyrex|Calyrex-Shadow, L50|100/100\n|-ability|p2b: Calyrex|As One\n|-ability|p2b: Calyrex|Unnerve\n|turn|1\n|inactive|joymaxxing has 30 seconds left.\n|\n|t:|1776084512\n|-terastallize|p1a: Amoonguss|Fire\n|move|p1b: Perfume Yuda|Protect|p1b: Perfume Yuda\n|-singleturn|p1b: Perfume Yuda|Protect\n|move|p2b: Calyrex|Expanding Force|p1a: Amoonguss\n|-damage|p1a: Amoonguss|58/100\n|move|p2a: Smeargle|Minimize|p2a: Smeargle\n|-boost|p2a: Smeargle|evasion|2\n|move|p1a: Amoonguss|Spore|p2b: Calyrex\n|-status|p2b: Calyrex|slp|[from] move: Spore\n|\n|-ability|p2a: Smeargle|Moody|boost\n|-boost|p2a: Smeargle|def|2\n|-unboost|p2a: Smeargle|spe|1\n|upkeep\n|turn|2\n|inactive|joymaxxing has 30 seconds left.\n|\n|t:|1776084543\n|cant|p2b: Calyrex|slp\n|move|p2a: Smeargle|Spore|p1b: Perfume Yuda\n|-status|p1b: Perfume Yuda|slp|[from] move: Spore\n|cant|p1b: Perfume Yuda|slp\n|move|p1a: Amoonguss|Spore|p2a: Smeargle\n|-status|p2a: Smeargle|slp|[from] move: Spore\n|\n|-ability|p2a: Smeargle|Moody|boost\n|-boost|p2a: Smeargle|spd|2\n|-unboost|p2a: Smeargle|def|1\n|upkeep\n|turn|3\n|inactive|joymaxxing has 30 seconds left.\n|\n|t:|1776084576\n|switch|p1a: Going Merry|Lunala, L50|100/100\n|cant|p2b: Calyrex|slp\n|cant|p2a: Smeargle|slp\n|-curestatus|p1b: Perfume Yuda|slp|[msg]\n|move|p1b: Perfume Yuda|Trick Room|p1b: Perfume Yuda\n|-fieldstart|move: Trick Room|[of] p1b: Perfume Yuda\n|\n|-ability|p2a: Smeargle|Moody|boost\n|-boost|p2a: Smeargle|spa|2\n|-unboost|p2a: Smeargle|spd|1\n|upkeep\n|turn|4\n|inactive|joymaxxing has 30 seconds left.\n|\n|t:|1776084604\n|switch|p2b: Muk|Muk-Alola, L50, M|100/100\n|move|p1b: Perfume Yuda|Psychic|p2b: Muk\n|-immune|p2b: Muk\n|-curestatus|p2a: Smeargle|slp|[msg]\n|move|p2a: Smeargle|Spore|p1a: Going Merry\n|-status|p1a: Going Merry|slp|[from] move: Spore\n|cant|p1a: Going Merry|slp\n|\n|-ability|p2a: Smeargle|Moody|boost\n|-boost|p2a: Smeargle|def|2\n|-unboost|p2a: Smeargle|spa|1\n|upkeep\n|turn|5\n|\n|t:|1776084609\n|move|p2b: Muk|Minimize|p2b: Muk\n|-boost|p2b: Muk|evasion|2\n|move|p1b: Perfume Yuda|Hyper Voice|p2b: Muk|[spread] p2a\n|-miss|p1b: Perfume Yuda|p2b: Muk\n|-damage|p2a: Smeargle|55/100\n|-enditem|p1b: Perfume Yuda|Throat Spray\n|-boost|p1b: Perfume Yuda|spa|1|[from] item: Throat Spray\n|move|p2a: Smeargle|Spore|p1b: Perfume Yuda\n|-status|p1b: Perfume Yuda|slp|[from] move: Spore\n|cant|p1a: Going Merry|slp\n|\n|-ability|p2a: Smeargle|Moody|boost\n|-boost|p2a: Smeargle|spa|2\n|-unboost|p2a: Smeargle|spd|1\n|upkeep\n|turn|6\n|\n|t:|1776084620\n|move|p2b: Muk|Minimize|p2b: Muk\n|-boost|p2b: Muk|evasion|2\n|cant|p1b: Perfume Yuda|slp\n|move|p2a: Smeargle|Minimize|p2a: Smeargle\n|-boost|p2a: Smeargle|evasion|2\n|cant|p1a: Going Merry|slp\n|\n|-ability|p2a: Smeargle|Moody|boost\n|-boost|p2a: Smeargle|atk|2\n|-unboost|p2a: Smeargle|spe|1\n|upkeep\n|turn|7\n|\n|t:|1776084635\n|move|p2a: Smeargle|Minimize|p2a: Smeargle\n|-boost|p2a: Smeargle|evasion|2\n|move|p2b: Muk|Minimize|p2b: Muk\n|-boost|p2b: Muk|evasion|2\n|-curestatus|p1b: Perfume Yuda|slp|[msg]\n|move|p1b: Perfume Yuda|Hyper Voice|p2b: Muk|[spread] \n|-miss|p1b: Perfume Yuda|p2a: Smeargle\n|-miss|p1b: Perfume Yuda|p2b: Muk\n|-curestatus|p1a: Going Merry|slp|[msg]\n|move|p1a: Going Merry|Moonblast|p2a: Smeargle|[miss]\n|-miss|p1a: Going Merry|p2a: Smeargle\n|\n|-fieldend|move: Trick Room\n|-ability|p2a: Smeargle|Moody|boost\n|-boost|p2a: Smeargle|spd|2\n|-unboost|p2a: Smeargle|spe|1\n|upkeep\n|turn|8\n|\n|t:|1776084658\n|move|p1a: Going Merry|Moonblast|p2a: Smeargle|[miss]\n|-miss|p1a: Going Merry|p2a: Smeargle\n|move|p1b: Perfume Yuda|Hyper Voice|p2a: Smeargle|[spread] p2b\n|-miss|p1b: Perfume Yuda|p2a: Smeargle\n|-damage|p2b: Muk|65/100\n|move|p2b: Muk|Poison Jab|p1b: Perfume Yuda\n|-damage|p1b: Perfume Yuda|69/100\n|move|p2a: Smeargle|Spore|p1a: Going Merry\n|-status|p1a: Going Merry|slp|[from] move: Spore\n|\n|-heal|p2b: Muk|71/100|[from] item: Leftovers\n|-ability|p2a: Smeargle|Moody|boost\n|-boost|p2a: Smeargle|spd|2\n|-unboost|p2a: Smeargle|spa|1\n|upkeep\n|turn|9\n|\n|t:|1776084667\n|cant|p1a: Going Merry|slp\n|move|p1b: Perfume Yuda|Hyper Voice|p2a: Smeargle|[spread] p2a,p2b\n|-damage|p2a: Smeargle|17/100\n|-damage|p2b: Muk|34/100\n|move|p2b: Muk|Poison Jab|p1a: Going Merry\n|-resisted|p1a: Going Merry\n|-damage|p1a: Going Merry|94/100 slp\n|move|p2a: Smeargle|Spore|p1b: Perfume Yuda\n|-status|p1b: Perfume Yuda|slp|[from] move: Spore\n|\n|-heal|p2b: Muk|40/100|[from] item: Leftovers\n|-ability|p2a: Smeargle|Moody|boost\n|-boost|p2a: Smeargle|def|2\n|-unboost|p2a: Smeargle|spa|1\n|upkeep\n|turn|10\n|\n|t:|1776084687\n|move|p2a: Smeargle|Wide Guard|p2a: Smeargle\n|-singleturn|p2a: Smeargle|Wide Guard\n|cant|p1a: Going Merry|slp\n|cant|p1b: Perfume Yuda|slp\n|move|p2b: Muk|Poison Jab|p1b: Perfume Yuda\n|-damage|p1b: Perfume Yuda|40/100 slp\n|\n|-heal|p2b: Muk|46/100|[from] item: Leftovers\n|-ability|p2a: Smeargle|Moody|boost\n|-boost|p2a: Smeargle|spd|2\n|-unboost|p2a: Smeargle|spa|1\n|upkeep\n|turn|11\n|inactive|joymaxxing has 30 seconds left.\n|\n|t:|1776084721\n|move|p2a: Smeargle|Wide Guard|p2a: Smeargle\n|-singleturn|p2a: Smeargle|Wide Guard\n|cant|p1a: Going Merry|slp\n|cant|p1b: Perfume Yuda|slp\n|move|p2b: Muk|Poison Jab|p1b: Perfume Yuda\n|-damage|p1b: Perfume Yuda|9/100 slp\n|\n|-heal|p2b: Muk|52/100|[from] item: Leftovers\n|-ability|p2a: Smeargle|Moody|boost\n|-boost|p2a: Smeargle|atk|2\n|-unboost|p2a: Smeargle|spa|1\n|upkeep\n|turn|12\n|\n|t:|1776084733\n|-curestatus|p1b: Perfume Yuda|slp|[msg]\n|move|p1b: Perfume Yuda|Protect|p1b: Perfume Yuda\n|-singleturn|p1b: Perfume Yuda|Protect\n|move|p2a: Smeargle|Wide Guard|p2a: Smeargle\n|-singleturn|p2a: Smeargle|Wide Guard\n|-curestatus|p1a: Going Merry|slp|[msg]\n|move|p1a: Going Merry|Moonblast|p2a: Smeargle|[miss]\n|-miss|p1a: Going Merry|p2a: Smeargle\n|move|p2b: Muk|Poison Jab|p1b: Perfume Yuda\n|-activate|p1b: Perfume Yuda|move: Protect\n|\n|-heal|p2b: Muk|59/100|[from] item: Leftovers\n|-ability|p2a: Smeargle|Moody|boost\n|-boost|p2a: Smeargle|spe|2\n|-unboost|p2a: Smeargle|spd|1\n|upkeep\n|turn|13\n|\n|t:|1776084742\n|move|p1a: Going Merry|Moonblast|p2b: Muk|[miss]\n|-miss|p1a: Going Merry|p2b: Muk\n|move|p2a: Smeargle|Spore|p1a: Going Merry\n|-status|p1a: Going Merry|slp|[from] move: Spore\n|move|p1b: Perfume Yuda|Psychic|p2a: Smeargle\n|-damage|p2a: Smeargle|0 fnt\n|faint|p2a: Smeargle\n|-ability|p2b: Muk|Moody|Power of Alchemy|[from] ability: Power of Alchemy|[of] p2a: Smeargle\n|move|p2b: Muk|Poison Jab|p1b: Perfume Yuda\n|-damage|p1b: Perfume Yuda|0 fnt\n|faint|p1b: Perfume Yuda\n|\n|-heal|p2b: Muk|65/100|[from] item: Leftovers\n|-ability|p2b: Muk|Moody|boost\n|-boost|p2b: Muk|def|2\n|-unboost|p2b: Muk|spa|1\n|upkeep\n|\n|t:|1776084754\n|switch|p2a: Calyrex|Calyrex-Shadow, L50|100/100 slp\n|switch|p1b: Thousand Sunny|Koraidon, L50|100/100\n|-ability|p2a: Calyrex|As One\n|-ability|p2a: Calyrex|Unnerve\n|-weather|SunnyDay|[from] ability: Orichalcum Pulse|[of] p1b: Thousand Sunny\n|-activate|p1b: Thousand Sunny|Orichalcum Pulse|[source]\n|turn|14\n|\n|t:|1776084769\n|cant|p1a: Going Merry|slp\n|-curestatus|p2a: Calyrex|slp|[msg]\n|move|p2a: Calyrex|Expanding Force|p1b: Thousand Sunny\n|-supereffective|p1b: Thousand Sunny\n|-damage|p1b: Thousand Sunny|4/100\n|move|p1b: Thousand Sunny|Flame Charge|p2a: Calyrex\n|-damage|p2a: Calyrex|48/100\n|-boost|p1b: Thousand Sunny|spe|1\n|-damage|p1b: Thousand Sunny|0 fnt|[from] item: Life Orb\n|faint|p1b: Thousand Sunny\n|move|p2b: Muk|Poison Jab|p1a: Going Merry\n|-resisted|p1a: Going Merry\n|-damage|p1a: Going Merry|83/100 slp\n|\n|-weather|SunnyDay|[upkeep]\n|-heal|p2b: Muk|71/100|[from] item: Leftovers\n|-ability|p2b: Muk|Moody|boost\n|-boost|p2b: Muk|spd|2\n|-unboost|p2b: Muk|spa|1\n|upkeep\n|\n|t:|1776084775\n|switch|p1b: Amoonguss|Amoonguss, L50, M, shiny, tera:Fire|91/100\n|turn|15\n|\n|t:|1776084780\n|cant|p1a: Going Merry|slp\n|move|p2a: Calyrex|Astral Barrage|p1a: Going Merry|[spread] p1a,p1b\n|-supereffective|p1a: Going Merry\n|-damage|p1a: Going Merry|0 fnt\n|-damage|p1b: Amoonguss|39/100\n|faint|p1a: Going Merry\n|-ability|p2a: Calyrex|Grim Neigh|boost\n|-boost|p2a: Calyrex|spa|1\n|move|p2b: Muk|Poison Jab|p1b: Amoonguss\n|-damage|p1b: Amoonguss|17/100\n|-damage|p2b: Muk|54/100|[from] item: Rocky Helmet|[of] p1b: Amoonguss\n|move|p1b: Amoonguss|Spore|p2a: Calyrex\n|-status|p2a: Calyrex|slp|[from] move: Spore\n|\n|-weather|SunnyDay|[upkeep]\n|-heal|p2b: Muk|60/100|[from] item: Leftovers\n|-ability|p2b: Muk|Moody|boost\n|-boost|p2b: Muk|def|2\n|-unboost|p2b: Muk|spa|1\n|upkeep\n|turn|16\n|-message|joymaxxing forfeited.\n|\n|win|sunny_zong2\n|raw|joymaxxing's rating: 1478 &rarr; <strong>1456</strong><br />(-22 for losing)\n|raw|sunny_zong2's rating: 1450 &rarr; <strong>1472</strong><br />(+22 for winning)\n|l|\u2606joymaxxing\n|player|p1|\n|l|\u2606sunny_zong2\n|player|p2|\n","uploadtime":1776085045,"views":9,"formatid":"gen9vgc2026regi","rating":1456,"private":0,"password":null}