{"id":"gen9vgc2026regi-2566512609","format":"[Gen 9] VGC 2026 Reg I","players":["disciple of blahaj","yuri1910"],"log":"|j|\u2606disciple of blahaj\n|j|\u2606yuri1910\n|t:|1774382272\n|gametype|doubles\n|player|p1|disciple of blahaj|mina-lgpe|1329\n|player|p2|yuri1910|linebacker|1368\n|gen|9\n|tier|[Gen 9] VGC 2026 Reg I\n|rated|\n|rule|Species Clause: Limit one of each Pok\u00e9mon\n|rule|Item Clause: Limit 1 of each item\n|clearpoke\n|poke|p1|Incineroar, L50, M|\n|poke|p1|Miraidon, L50|\n|poke|p1|Ogerpon-Hearthflame, L50, F|\n|poke|p1|Urshifu-*, L50, F|\n|poke|p1|Koraidon, L50|\n|poke|p1|Clefairy, L50, F|\n|poke|p2|Calyrex-Ice, L50|\n|poke|p2|Kyogre, L50|\n|poke|p2|Grimmsnarl, L50, M|\n|poke|p2|Rillaboom, L50, F|\n|poke|p2|Urshifu-*, L50, F|\n|poke|p2|Landorus, L50, M|\n|teampreview|4\n|\n|t:|1774382303\n|teamsize|p1|4\n|teamsize|p2|4\n|start\n|switch|p1a: \"NotVeryEffective\"|Miraidon, L50|100/100\n|switch|p1b: Ogerpon|Ogerpon-Hearthflame, L50, F|100/100\n|switch|p2a: Grimmsnarl|Grimmsnarl, L50, M|100/100\n|switch|p2b: Rillaboom|Rillaboom, L50, F|100/100\n|-fieldstart|move: Electric Terrain|[from] ability: Hadron Engine|[of] p1a: \"NotVeryEffective\"\n|-ability|p1b: Ogerpon|Mold Breaker\n|-fieldstart|move: Grassy Terrain|[from] ability: Grassy Surge|[of] p2b: Rillaboom\n|turn|1\n|\n|t:|1774382314\n|switch|p1a: Wolfe's Incineroar|Incineroar, L50, M|100/100\n|-ability|p1a: Wolfe's Incineroar|Intimidate|boost\n|-unboost|p2a: Grimmsnarl|atk|1\n|-unboost|p2b: Rillaboom|atk|1\n|switch|p2b: Kyogre|Kyogre, L50|100/100\n|-weather|RainDance|[from] ability: Drizzle|[of] p2b: Kyogre\n|move|p2a: Grimmsnarl|Light Screen|p2a: Grimmsnarl\n|-sidestart|p2: yuri1910|move: Light Screen\n|move|p1b: Ogerpon|Ivy Cudgel|p2b: Kyogre|[anim] Ivy Cudgel Fire\n|-resisted|p2b: Kyogre\n|-damage|p2b: Kyogre|87/100\n|\n|-weather|RainDance|[upkeep]\n|-heal|p2b: Kyogre|93/100|[from] Grassy Terrain\n|upkeep\n|turn|2\n|\n|t:|1774382330\n|switch|p2b: Calyrex|Calyrex-Ice, L50|100/100\n|-ability|p2b: Calyrex|As One\n|-ability|p2b: Calyrex|Unnerve\n|switch|p1a: Crit|Koraidon, L50|100/100\n|-weather|SunnyDay|[from] ability: Orichalcum Pulse|[of] p1a: Crit\n|-activate|p1a: Crit|Orichalcum Pulse|[source]\n|move|p2a: Grimmsnarl|Reflect|p2a: Grimmsnarl\n|-sidestart|p2: yuri1910|Reflect\n|move|p1b: Ogerpon|Trailblaze|p2b: Calyrex\n|-damage|p2b: Calyrex|85/100\n|-boost|p1b: Ogerpon|spe|1\n|\n|-weather|SunnyDay|[upkeep]\n|-heal|p2b: Calyrex|90/100|[from] Grassy Terrain\n|-heal|p2b: Calyrex|96/100|[from] item: Leftovers\n|upkeep\n|turn|3\n|\n|t:|1774382408\n|switch|p1a: Wolfe's Incineroar|Incineroar, L50, M|100/100\n|-ability|p1a: Wolfe's Incineroar|Intimidate|boost\n|-unboost|p2a: Grimmsnarl|atk|1\n|-unboost|p2b: Calyrex|atk|1\n|switch|p2b: Kyogre|Kyogre, L50|93/100\n|-weather|RainDance|[from] ability: Drizzle|[of] p2b: Kyogre\n|move|p1b: Ogerpon|Spiky Shield|p1b: Ogerpon\n|-singleturn|p1b: Ogerpon|move: Protect\n|move|p2a: Grimmsnarl|Thunder Wave|p1a: Wolfe's Incineroar\n|-hint|Since gen 7, Dark is immune to Prankster moves.\n|-immune|p1a: Wolfe's Incineroar\n|\n|-weather|RainDance|[upkeep]\n|-heal|p2b: Kyogre|99/100|[from] Grassy Terrain\n|upkeep\n|turn|4\n|l|\u2606disciple of blahaj\n|player|p1|\n|j|\u2606disciple of blahaj\n|player|p1|disciple of blahaj|mina-lgpe|\n|\n|t:|1774382449\n|move|p1a: Wolfe's Incineroar|Fake Out|p2b: Kyogre\n|-damage|p2b: Kyogre|92/100\n|move|p2a: Grimmsnarl|Thunder Wave|p1b: Ogerpon\n|-status|p1b: Ogerpon|par\n|move|p1b: Ogerpon|Trailblaze|p2b: Kyogre\n|-supereffective|p2b: Kyogre\n|-damage|p2b: Kyogre|51/100\n|-boost|p1b: Ogerpon|spe|1\n|cant|p2b: Kyogre|flinch\n|\n|-weather|RainDance|[upkeep]\n|-heal|p2b: Kyogre|57/100|[from] Grassy Terrain\n|upkeep\n|turn|5\n|\n|t:|1774382473\n|switch|p1a: Crit|Koraidon, L50|100/100\n|-weather|SunnyDay|[from] ability: Orichalcum Pulse|[of] p1a: Crit\n|-activate|p1a: Crit|Orichalcum Pulse|[source]\n|move|p2a: Grimmsnarl|Thunder Wave|p1a: Crit\n|-status|p1a: Crit|par\n|move|p1b: Ogerpon|Ivy Cudgel|p2b: Kyogre|[anim] Ivy Cudgel Fire\n|-resisted|p2b: Kyogre\n|-damage|p2b: Kyogre|33/100\n|move|p2b: Kyogre|Origin Pulse|p1a: Crit|[spread] p1a,p1b\n|-resisted|p1a: Crit\n|-damage|p1a: Crit|89/100 par\n|-damage|p1b: Ogerpon|70/100 par\n|\n|-weather|SunnyDay|[upkeep]\n|-heal|p1b: Ogerpon|75/100 par|[from] Grassy Terrain\n|-heal|p2b: Kyogre|39/100|[from] Grassy Terrain\n|-heal|p1a: Crit|95/100 par|[from] Grassy Terrain\n|-fieldend|move: Grassy Terrain\n|upkeep\n|turn|6\n|\n|t:|1774382498\n|switch|p2b: Rillaboom|Rillaboom, L50, F|100/100\n|-fieldstart|move: Grassy Terrain|[from] ability: Grassy Surge|[of] p2b: Rillaboom\n|switch|p1a: \"NotVeryEffective\"|Miraidon, L50|100/100\n|-fieldstart|move: Electric Terrain|[from] ability: Hadron Engine|[of] p1a: \"NotVeryEffective\"\n|move|p1b: Ogerpon|Ivy Cudgel|p2b: Rillaboom|[anim] Ivy Cudgel Fire\n|-supereffective|p2b: Rillaboom\n|-damage|p2b: Rillaboom|0 fnt\n|faint|p2b: Rillaboom\n|move|p2a: Grimmsnarl|Spirit Break|p1a: \"NotVeryEffective\"\n|-supereffective|p1a: \"NotVeryEffective\"\n|-damage|p1a: \"NotVeryEffective\"|70/100\n|-unboost|p1a: \"NotVeryEffective\"|spa|1\n|\n|-weather|SunnyDay|[upkeep]\n|upkeep\n|\n|t:|1774382528\n|switch|p2b: Calyrex|Calyrex-Ice, L50|96/100\n|-ability|p2b: Calyrex|As One\n|-ability|p2b: Calyrex|Unnerve\n|turn|7\n|\n|t:|1774382546\n|move|p1a: \"NotVeryEffective\"|Volt Switch|p2b: Calyrex\n|-damage|p2b: Calyrex|71/100\n|\n|t:|1774382553\n|switch|p1a: Wolfe's Incineroar|Incineroar, L50, M|100/100|[from] Volt Switch\n|-ability|p1a: Wolfe's Incineroar|Intimidate|boost\n|-unboost|p2a: Grimmsnarl|atk|1\n|-unboost|p2b: Calyrex|atk|1\n|move|p1b: Ogerpon|Ivy Cudgel|p2b: Calyrex|[anim] Ivy Cudgel Fire\n|-supereffective|p2b: Calyrex\n|-crit|p2b: Calyrex\n|-damage|p2b: Calyrex|0 fnt\n|faint|p2b: Calyrex\n|move|p2a: Grimmsnarl|Spirit Break|p1b: Ogerpon\n|-resisted|p1b: Ogerpon\n|-damage|p1b: Ogerpon|68/100 par\n|-unboost|p1b: Ogerpon|spa|1\n|\n|-weather|SunnyDay|[upkeep]\n|upkeep\n|\n|t:|1774382558\n|switch|p2b: Kyogre|Kyogre, L50|39/100\n|-weather|RainDance|[from] ability: Drizzle|[of] p2b: Kyogre\n|turn|8\n|\n|t:|1774382575\n|move|p1a: Wolfe's Incineroar|Fake Out|p2b: Kyogre\n|-damage|p2b: Kyogre|32/100\n|move|p1b: Ogerpon|Trailblaze|p2b: Kyogre\n|-supereffective|p2b: Kyogre\n|-damage|p2b: Kyogre|0 fnt\n|-boost|p1b: Ogerpon|spe|1\n|faint|p2b: Kyogre\n|move|p2a: Grimmsnarl|Spirit Break|p1a: Wolfe's Incineroar\n|-damage|p1a: Wolfe's Incineroar|89/100\n|-unboost|p1a: Wolfe's Incineroar|spa|1\n|\n|-weather|RainDance|[upkeep]\n|-sideend|p2: yuri1910|move: Light Screen\n|upkeep\n|turn|9\n|-message|yuri1910 forfeited.\n|\n|win|disciple of blahaj\n|raw|disciple of blahaj's rating: 1329 &rarr; <strong>1351</strong><br />(+22 for winning)\n|raw|yuri1910's rating: 1368 &rarr; <strong>1346</strong><br />(-22 for losing)\n|l|\u2606yuri1910\n|player|p2|\n","uploadtime":1774382606,"views":30,"formatid":"gen9vgc2026regi","rating":1346,"private":0,"password":null}