{"id":"gen9vgc2026regi-2541602183","format":"[Gen 9] VGC 2026 Reg I","players":["j0l0k0","ColonelSquid"],"log":"|j|\u2606j0l0k0\n|j|\u2606ColonelSquid\n|t:|1771351418\n|gametype|doubles\n|player|p1|j0l0k0|brycen|1426\n|player|p2|ColonelSquid|102|1456\n|gen|9\n|tier|[Gen 9] VGC 2026 Reg I\n|rated|\n|rule|Species Clause: Limit one of each Pok\u00e9mon\n|rule|Item Clause: Limit 1 of each item\n|clearpoke\n|poke|p1|Calyrex-Ice, L50|\n|poke|p1|Kyogre, L50|\n|poke|p1|Indeedee-F, L50, F|\n|poke|p1|Urshifu-*, L50, F|\n|poke|p1|Amoonguss, L50, F|\n|poke|p1|Landorus, L50, M|\n|poke|p2|Clefairy, L50, F|\n|poke|p2|Ogerpon-Wellspring, L50, F|\n|poke|p2|Zamazenta-*, L50|\n|poke|p2|Rillaboom, L50, M|\n|poke|p2|Chien-Pao, L50|\n|poke|p2|Calyrex-Shadow, L50|\n|teampreview|4\n|inactive|Battle timer is ON: inactive players will automatically lose when time's up. (requested by ColonelSquid)\n|inactive|j0l0k0 also wants the timer to be on.\n|\n|t:|1771351432\n|teamsize|p1|4\n|teamsize|p2|4\n|start\n|switch|p1a: Indeedee|Indeedee-F, L50, F, shiny|100/100\n|switch|p1b: Calyrex|Calyrex-Ice, L50|100/100\n|switch|p2a: Zamazenta|Zamazenta-Crowned, L50|100/100\n|switch|p2b: Calyrex|Calyrex-Shadow, L50|100/100\n|-ability|p2b: Calyrex|As One\n|-ability|p2b: Calyrex|Unnerve\n|-ability|p1b: Calyrex|As One\n|-ability|p1b: Calyrex|Unnerve\n|-ability|p2a: Zamazenta|Dauntless Shield|boost\n|-boost|p2a: Zamazenta|def|1\n|-fieldstart|move: Psychic Terrain|[from] ability: Psychic Surge|[of] p1a: Indeedee\n|turn|1\n|\n|t:|1771351450\n|-terastallize|p1b: Calyrex|Normal\n|move|p1a: Indeedee|Follow Me|p1a: Indeedee\n|-singleturn|p1a: Indeedee|move: Follow Me\n|move|p2b: Calyrex|Nasty Plot|p2b: Calyrex\n|-boost|p2b: Calyrex|spa|2\n|move|p2a: Zamazenta|Body Press|p1a: Indeedee\n|-damage|p1a: Indeedee|24/100\n|move|p1b: Calyrex|Trick Room|p1b: Calyrex\n|-fieldstart|move: Trick Room|[of] p1b: Calyrex\n|\n|upkeep\n|turn|2\n|inactive|ColonelSquid has 30 seconds left.\n|\n|t:|1771351476\n|move|p2a: Zamazenta|Protect|p2a: Zamazenta\n|-singleturn|p2a: Zamazenta|Protect\n|move|p2b: Calyrex|Protect|p2b: Calyrex\n|-singleturn|p2b: Calyrex|Protect\n|move|p1a: Indeedee|Follow Me|p1a: Indeedee\n|-singleturn|p1a: Indeedee|move: Follow Me\n|move|p1b: Calyrex|Crunch|p2b: Calyrex\n|-activate|p2b: Calyrex|move: Protect\n|\n|upkeep\n|turn|3\n|\n|t:|1771351488\n|-terastallize|p2b: Calyrex|Dark\n|move|p2a: Zamazenta|Wide Guard|p2a: Zamazenta\n|-singleturn|p2a: Zamazenta|Wide Guard\n|move|p1a: Indeedee|Follow Me|p1a: Indeedee\n|-singleturn|p1a: Indeedee|move: Follow Me\n|move|p1b: Calyrex|Glacial Lance|p2b: Calyrex|[spread] \n|-activate|p2a: Zamazenta|move: Wide Guard\n|-activate|p2b: Calyrex|move: Wide Guard\n|move|p2b: Calyrex|Pollen Puff|p1a: Indeedee\n|-supereffective|p1a: Indeedee\n|-damage|p1a: Indeedee|0 fnt\n|faint|p1a: Indeedee\n|-ability|p2b: Calyrex|Grim Neigh|boost\n|-boost|p2b: Calyrex|spa|1\n|\n|upkeep\n|\n|t:|1771351497\n|switch|p1a: Kyogre|Kyogre, L50, shiny|100/100\n|-weather|RainDance|[from] ability: Drizzle|[of] p1a: Kyogre\n|turn|4\n|\n|t:|1771351515\n|move|p2b: Calyrex|Protect|p2b: Calyrex\n|-singleturn|p2b: Calyrex|Protect\n|move|p1b: Calyrex|Close Combat|p2b: Calyrex\n|-activate|p2b: Calyrex|move: Protect\n|move|p1a: Kyogre|Hydro Pump|p2a: Zamazenta\n|-damage|p2a: Zamazenta|27/100\n|move|p2a: Zamazenta|Body Press|p1b: Calyrex\n|-supereffective|p1b: Calyrex\n|-damage|p1b: Calyrex|19/100\n|\n|-weather|RainDance|[upkeep]\n|upkeep\n|turn|5\n|\n|t:|1771351538\n|switch|p2b: Clefairy|Clefairy, L50, F|100/100\n|move|p2a: Zamazenta|Protect|p2a: Zamazenta\n|-singleturn|p2a: Zamazenta|Protect\n|move|p1b: Calyrex|Close Combat|p2a: Zamazenta\n|-activate|p2a: Zamazenta|move: Protect\n|move|p1a: Kyogre|Hydro Pump|p2b: Clefairy\n|-damage|p2b: Clefairy|34/100\n|\n|-weather|RainDance|[upkeep]\n|-fieldend|move: Trick Room\n|-fieldend|move: Psychic Terrain\n|upkeep\n|turn|6\n|\n|t:|1771351560\n|move|p2a: Zamazenta|Body Press|p1b: Calyrex\n|-supereffective|p1b: Calyrex\n|-damage|p1b: Calyrex|0 fnt\n|faint|p1b: Calyrex\n|move|p1a: Kyogre|Water Spout|p2b: Clefairy|[spread] p2a,p2b\n|-damage|p2a: Zamazenta|0 fnt\n|-damage|p2b: Clefairy|0 fnt\n|faint|p2a: Zamazenta\n|faint|p2b: Clefairy\n|\n|-weather|RainDance|[upkeep]\n|upkeep\n|\n|t:|1771351567\n|switch|p2a: Ogerpon|Ogerpon-Wellspring, L50, F|100/100\n|switch|p1b: Urshifu|Urshifu, L50, F|100/100\n|switch|p2b: Calyrex|Calyrex-Shadow, L50, tera:Dark|100/100\n|-ability|p2b: Calyrex|As One\n|-ability|p2b: Calyrex|Unnerve\n|turn|7\n|\n|t:|1771351583\n|move|p2a: Ogerpon|Follow Me|p2a: Ogerpon\n|-singleturn|p2a: Ogerpon|move: Follow Me\n|move|p2b: Calyrex|Astral Barrage|p1b: Urshifu|[spread] p1a,p1b\n|-resisted|p1b: Urshifu\n|-damage|p1a: Kyogre|80/100\n|-damage|p1b: Urshifu|62/100\n|move|p1b: Urshifu|Close Combat|p2a: Ogerpon\n|-damage|p2a: Ogerpon|25/100\n|-unboost|p1b: Urshifu|def|1\n|-unboost|p1b: Urshifu|spd|1\n|move|p1a: Kyogre|Thunder|p2a: Ogerpon\n|-damage|p2a: Ogerpon|0 fnt\n|faint|p2a: Ogerpon\n|\n|-weather|RainDance|[upkeep]\n|upkeep\n|turn|8\n|inactive|j0l0k0 has 30 seconds left.\n|inactive|j0l0k0 has 20 seconds left.\n|inactive|j0l0k0 has 15 seconds left.\n|inactive|j0l0k0 has 10 seconds left.\n|\n|t:|1771351629\n|move|p2b: Calyrex|Pollen Puff|p1b: Urshifu\n|-damage|p1b: Urshifu|0 fnt\n|faint|p1b: Urshifu\n|-ability|p2b: Calyrex|Grim Neigh|boost\n|-boost|p2b: Calyrex|spa|1\n|move|p1a: Kyogre|Hydro Pump|p2b: Calyrex\n|-damage|p2b: Calyrex|0 fnt\n|faint|p2b: Calyrex\n|\n|win|j0l0k0\n|raw|j0l0k0's rating: 1426 &rarr; <strong>1448</strong><br />(+22 for winning)\n|raw|ColonelSquid's rating: 1456 &rarr; <strong>1434</strong><br />(-22 for losing)\n|l|\u2606ColonelSquid\n|player|p2|\n|l|\u2606j0l0k0\n|player|p1|\n","uploadtime":1771351824,"views":18,"formatid":"gen9vgc2026regi","rating":1434,"private":0,"password":null}