{"id":"gen9vgc2026regi-2558456972","format":"[Gen 9] VGC 2026 Reg I","players":["blue totey","Shagrathisbeast"],"log":"|j|\u2606blue totey\n|j|\u2606Shagrathisbeast\n|t:|1773436391\n|gametype|doubles\n|player|p1|blue totey|ninjaboy|1229\n|player|p2|Shagrathisbeast|steven|1401\n|gen|9\n|tier|[Gen 9] VGC 2026 Reg I\n|rated|\n|rule|Species Clause: Limit one of each Pok\u00e9mon\n|rule|Item Clause: Limit 1 of each item\n|clearpoke\n|poke|p1|Ho-Oh, L50|\n|poke|p1|Koraidon, L50|\n|poke|p1|Raging Bolt, L50|\n|poke|p1|Iron Treads, L50|\n|poke|p1|Flutter Mane, L50|\n|poke|p1|Brute Bonnet, L50|\n|poke|p2|Giratina-Origin, L50|\n|poke|p2|Zamazenta-*, L50|\n|poke|p2|Chien-Pao, L50|\n|poke|p2|Urshifu-*, L50, M|\n|poke|p2|Rillaboom, L50, M|\n|poke|p2|Entei, L50|\n|teampreview|4\n|inactive|Battle timer is ON: inactive players will automatically lose when time's up. (requested by blue totey)\nblue totey has agreed to open team sheets.\n|inactive|blue totey has 60 seconds left.\n|inactive|Shagrathisbeast has 60 seconds left.\n|inactive|Shagrathisbeast has 30 seconds left.\n|inactive|Shagrathisbeast has 20 seconds left.\n|inactive|Shagrathisbeast has 15 seconds left.\n|inactive|Shagrathisbeast has 10 seconds left.\n|\n|t:|1773436476\n|teamsize|p1|4\n|teamsize|p2|4\n|start\n|switch|p1a: Koraidon|Koraidon, L50|100/100\n|switch|p1b: Brute Bonnet|Brute Bonnet, L50|100/100\n|switch|p2a: Entei|Entei, L50|100/100\n|switch|p2b: Zamazenta|Zamazenta-Crowned, L50, shiny|100/100\n|-weather|SunnyDay|[from] ability: Orichalcum Pulse|[of] p1a: Koraidon\n|-activate|p1b: Brute Bonnet|ability: Protosynthesis\n|-start|p1b: Brute Bonnet|protosynthesisdef\n|-activate|p1a: Koraidon|Orichalcum Pulse|[source]\n|-ability|p2b: Zamazenta|Dauntless Shield|boost\n|-boost|p2b: Zamazenta|def|1\n|turn|1\n|inactive|Shagrathisbeast has 30 seconds left.\n|\n|t:|1773436503\n|-terastallize|p1b: Brute Bonnet|Water\n|move|p1a: Koraidon|Protect|p1a: Koraidon\n|-singleturn|p1a: Koraidon|Protect\n|move|p2b: Zamazenta|Protect|p2b: Zamazenta\n|-singleturn|p2b: Zamazenta|Protect\n|move|p2a: Entei|Sacred Fire|p1b: Brute Bonnet\n|-resisted|p1b: Brute Bonnet\n|-damage|p1b: Brute Bonnet|79/100\n|-damage|p2a: Entei|91/100|[from] item: Life Orb\n|move|p1b: Brute Bonnet|Spore|p2a: Entei\n|-status|p2a: Entei|slp|[from] move: Spore\n|\n|-weather|SunnyDay|[upkeep]\n|upkeep\n|turn|2\n|\n|t:|1773436528\n|-terastallize|p2b: Zamazenta|Dragon\n|move|p1b: Brute Bonnet|Rage Powder|p1b: Brute Bonnet\n|-singleturn|p1b: Brute Bonnet|move: Rage Powder\n|move|p1a: Koraidon|Close Combat|p2b: Zamazenta\n|-crit|p2b: Zamazenta\n|-damage|p2b: Zamazenta|0 fnt\n|-unboost|p1a: Koraidon|def|1\n|-unboost|p1a: Koraidon|spd|1\n|faint|p2b: Zamazenta\n|-damage|p1a: Koraidon|91/100|[from] item: Life Orb\n|cant|p2a: Entei|slp\n|\n|-weather|SunnyDay|[upkeep]\n|upkeep\n|\n|t:|1773436542\n|switch|p2b: Giratina|Giratina-Origin, L50, shiny|100/100\n|turn|3\n|\n|t:|1773436552\n|move|p1a: Koraidon|Breaking Swipe|p2b: Giratina|[spread] p2a,p2b\n|-supereffective|p2b: Giratina\n|-damage|p2a: Entei|47/100 slp\n|-damage|p2b: Giratina|36/100\n|-unboost|p2a: Entei|atk|1\n|-unboost|p2b: Giratina|atk|1\n|-damage|p1a: Koraidon|81/100|[from] item: Life Orb\n|-curestatus|p2a: Entei|slp|[msg]\n|move|p2a: Entei|Sacred Fire|p1a: Koraidon\n|-resisted|p1a: Koraidon\n|-damage|p1a: Koraidon|44/100\n|-status|p1a: Koraidon|brn\n|-damage|p2a: Entei|38/100|[from] item: Life Orb\n|move|p2b: Giratina|Draco Meteor|p1a: Koraidon\n|-supereffective|p1a: Koraidon\n|-damage|p1a: Koraidon|0 fnt\n|-unboost|p2b: Giratina|spa|2\n|faint|p1a: Koraidon\n|move|p1b: Brute Bonnet|Spore|p2b: Giratina\n|-status|p2b: Giratina|slp|[from] move: Spore\n|\n|-weather|SunnyDay|[upkeep]\n|upkeep\n|\n|t:|1773436576\n|switch|p1a: Raging Bolt|Raging Bolt, L50|100/100\n|-activate|p1a: Raging Bolt|ability: Protosynthesis\n|-start|p1a: Raging Bolt|protosynthesisspa\n|turn|4\n|inactive|Shagrathisbeast has 30 seconds left.\n|\n|t:|1773436602\n|move|p2a: Entei|Protect|p2a: Entei\n|-singleturn|p2a: Entei|Protect\n|cant|p2b: Giratina|slp\n|move|p1a: Raging Bolt|Dragon Pulse|p2b: Giratina\n|-supereffective|p2b: Giratina\n|-damage|p2b: Giratina|0 fnt\n|faint|p2b: Giratina\n|move|p1b: Brute Bonnet|Spore|p2a: Entei\n|-activate|p2a: Entei|move: Protect\n|\n|-weather|SunnyDay|[upkeep]\n|upkeep\n|\n|t:|1773436609\n|switch|p2b: Chien-Pao|Chien-Pao, L50, shiny|100/100\n|-ability|p2b: Chien-Pao|Sword of Ruin\n|turn|5\n|\n|t:|1773436620\n|move|p1b: Brute Bonnet|Rage Powder|p1b: Brute Bonnet\n|-singleturn|p1b: Brute Bonnet|move: Rage Powder\n|move|p2b: Chien-Pao|Icicle Crash|p1b: Brute Bonnet\n|-resisted|p1b: Brute Bonnet\n|-damage|p1b: Brute Bonnet|65/100\n|move|p2a: Entei|Sacred Fire|p1b: Brute Bonnet\n|-resisted|p1b: Brute Bonnet\n|-damage|p1b: Brute Bonnet|45/100\n|-damage|p2a: Entei|28/100|[from] item: Life Orb\n|move|p1a: Raging Bolt|Thunderbolt|p2a: Entei\n|-damage|p2a: Entei|0 fnt\n|faint|p2a: Entei\n|\n|-weather|none\n|-end|p1a: Raging Bolt|Protosynthesis\n|-end|p1b: Brute Bonnet|Protosynthesis\n|upkeep\n|turn|6\n|-message|Shagrathisbeast forfeited.\n|\n|win|blue totey\n|raw|blue totey's rating: 1229 &rarr; <strong>1265</strong><br />(+36 for winning)\n|raw|Shagrathisbeast's rating: 1401 &rarr; <strong>1372</strong><br />(-29 for losing)\n|l|\u2606Shagrathisbeast\n|player|p2|\n|l|\u2606blue totey\n|player|p1|\n","uploadtime":1773436845,"views":13,"formatid":"gen9vgc2026regi","rating":1265,"private":0,"password":null}