{"id":"gen9vgc2026regi-2567057985","format":"[Gen 9] VGC 2026 Reg I","players":["Matte23","Highkage2"],"log":"|j|\u2606Matte23\n|j|\u203dHighkage2\n|t:|1774445584\n|gametype|doubles\n|player|p1|Matte23|169|1580\n|player|p2|Highkage2|doubleteam|1645\n|gen|9\n|tier|[Gen 9] VGC 2026 Reg I\n|rated|\n|rule|Species Clause: Limit one of each Pok\u00e9mon\n|rule|Item Clause: Limit 1 of each item\n|clearpoke\n|poke|p1|Calyrex-Ice, L50|\n|poke|p1|Miraidon, L50|\n|poke|p1|Grimmsnarl, L50, M|\n|poke|p1|Urshifu-*, L50, M|\n|poke|p1|Incineroar, L50, F|\n|poke|p1|Landorus, L50, M|\n|poke|p2|Incineroar, L50, M|\n|poke|p2|Calyrex-Ice, L50|\n|poke|p2|Miraidon, L50|\n|poke|p2|Pelipper, L50, M|\n|poke|p2|Iron Treads, L50|\n|poke|p2|Volcarona, L50, M|\n|teampreview|4\n|inactive|Battle timer is ON: inactive players will automatically lose when time's up. (requested by Highkage2)\n|j| Knightdozo\n|inactive|Matte23 has 60 seconds left.\n|\n|t:|1774445622\n|teamsize|p1|4\n|teamsize|p2|4\n|start\n|switch|p1a: Grimmsnarl|Grimmsnarl, L50, M|100/100\n|switch|p1b: Calyrex|Calyrex-Ice, L50|100/100\n|switch|p2a: Incineroar|Incineroar, L50, M|100/100\n|switch|p2b: Miraidon|Miraidon, L50|100/100\n|-ability|p1b: Calyrex|As One\n|-ability|p1b: Calyrex|Unnerve\n|-fieldstart|move: Electric Terrain|[from] ability: Hadron Engine|[of] p2b: Miraidon\n|-ability|p2a: Incineroar|Intimidate|boost\n|-unboost|p1a: Grimmsnarl|atk|1\n|-unboost|p1b: Calyrex|atk|1\n|turn|1\n|inactive|Highkage2 has 30 seconds left.\n|\n|t:|1774445647\n|move|p1b: Calyrex|Protect|p1b: Calyrex\n|-singleturn|p1b: Calyrex|Protect\n|move|p1a: Grimmsnarl|Light Screen|p1a: Grimmsnarl\n|-sidestart|p1: Matte23|move: Light Screen\n|move|p2b: Miraidon|Volt Switch|p1a: Grimmsnarl\n|-damage|p1a: Grimmsnarl|48/100\n|\n|t:|1774445656\n|switch|p2b: Iron Treads|Iron Treads, L50|100/100|[from] Volt Switch\n|-activate|p2b: Iron Treads|ability: Quark Drive\n|-start|p2b: Iron Treads|quarkdrivespe\n|move|p2a: Incineroar|U-turn|p1a: Grimmsnarl\n|-damage|p1a: Grimmsnarl|28/100\n|\n|t:|1774445663\n|switch|p2a: Miraidon|Miraidon, L50|100/100|[from] U-turn\n|-activate|p2a: Miraidon|ability: Hadron Engine\n|\n|upkeep\n|turn|2\n|inactive|Highkage2 has 30 seconds left.\n|inactive|Highkage2 has 20 seconds left.\n|\n|t:|1774445699\n|switch|p1b: Miraidon|Miraidon, L50|100/100\n|-activate|p1b: Miraidon|ability: Hadron Engine\n|move|p2b: Iron Treads|Iron Head|p1a: Grimmsnarl\n|-supereffective|p1a: Grimmsnarl\n|-crit|p1a: Grimmsnarl\n|-damage|p1a: Grimmsnarl|0 fnt\n|faint|p1a: Grimmsnarl\n|move|p2a: Miraidon|Volt Switch|p1b: Miraidon\n|-resisted|p1b: Miraidon\n|-damage|p1b: Miraidon|89/100\n|\n|t:|1774445723\n|switch|p2a: Incineroar|Incineroar, L50, M|100/100|[from] Volt Switch\n|-ability|p2a: Incineroar|Intimidate|boost\n|-unboost|p1b: Miraidon|atk|1\n|\n|upkeep\n|\n|t:|1774445732\n|switch|p1a: Urshifu|Urshifu-Rapid-Strike, L50, M|100/100\n|turn|3\n|inactive|Highkage2 has 30 seconds left.\n|\n|t:|1774445758\n|-end|p2b: Iron Treads|Quark Drive|[silent]\n|switch|p2b: Miraidon|Miraidon, L50|100/100\n|-activate|p2b: Miraidon|ability: Hadron Engine\n|switch|p1b: Calyrex|Calyrex-Ice, L50|100/100\n|-ability|p1b: Calyrex|As One\n|-ability|p1b: Calyrex|Unnerve\n|-terastallize|p1a: Urshifu|Ghost\n|move|p2a: Incineroar|Fake Out|p1a: Urshifu\n|-immune|p1a: Urshifu\n|move|p1a: Urshifu|Surging Strikes|p2b: Miraidon\n|-resisted|p2b: Miraidon\n|-crit|p2b: Miraidon\n|-damage|p2b: Miraidon|85/100\n|-resisted|p2b: Miraidon\n|-crit|p2b: Miraidon\n|-damage|p2b: Miraidon|72/100\n|-resisted|p2b: Miraidon\n|-crit|p2b: Miraidon\n|-damage|p2b: Miraidon|58/100\n|-hitcount|p2b: Miraidon|3\n|\n|upkeep\n|turn|4\n|inactive|Matte23 has 30 seconds left.\n|inactive|Highkage2 has 30 seconds left.\n|\n|t:|1774445787\n|switch|p1b: Miraidon|Miraidon, L50|89/100\n|-activate|p1b: Miraidon|ability: Hadron Engine\n|-terastallize|p2b: Miraidon|Fairy\n|move|p2b: Miraidon|Dazzling Gleam|p1a: Urshifu|[spread] p1a,p1b\n|-supereffective|p1b: Miraidon\n|-damage|p1a: Urshifu|53/100\n|-damage|p1b: Miraidon|28/100\n|move|p1a: Urshifu|Surging Strikes|p2a: Incineroar\n|-supereffective|p2a: Incineroar\n|-crit|p2a: Incineroar\n|-damage|p2a: Incineroar|52/100\n|-supereffective|p2a: Incineroar\n|-crit|p2a: Incineroar\n|-damage|p2a: Incineroar|3/100\n|-supereffective|p2a: Incineroar\n|-crit|p2a: Incineroar\n|-damage|p2a: Incineroar|0 fnt\n|faint|p2a: Incineroar\n|-hitcount|p2: Incineroar|3\n|\n|upkeep\n|\n|t:|1774445804\n|switch|p2a: Iron Treads|Iron Treads, L50|100/100\n|-activate|p2a: Iron Treads|ability: Quark Drive\n|-start|p2a: Iron Treads|quarkdrivespe\n|turn|5\n|\n|t:|1774445813\n|switch|p1b: Calyrex|Calyrex-Ice, L50|100/100\n|-ability|p1b: Calyrex|As One\n|-ability|p1b: Calyrex|Unnerve\n|move|p2a: Iron Treads|High Horsepower|p1a: Urshifu\n|-damage|p1a: Urshifu|0 fnt\n|faint|p1a: Urshifu\n|move|p2b: Miraidon|Dazzling Gleam|p1b: Calyrex\n|-damage|p1b: Calyrex|67/100\n|\n|-heal|p1b: Calyrex|72/100|[from] item: Leftovers\n|-fieldend|move: Electric Terrain\n|-end|p2a: Iron Treads|Quark Drive\n|upkeep\n|\n|t:|1774445824\n|switch|p1a: Miraidon|Miraidon, L50|28/100\n|-fieldstart|move: Electric Terrain|[from] ability: Hadron Engine|[of] p1a: Miraidon\n|-activate|p2a: Iron Treads|ability: Quark Drive\n|-start|p2a: Iron Treads|quarkdrivespe\n|turn|6\n|\n|t:|1774445832\n|move|p2a: Iron Treads|High Horsepower|p1a: Miraidon\n|-supereffective|p1a: Miraidon\n|-damage|p1a: Miraidon|0 fnt\n|faint|p1a: Miraidon\n|move|p2b: Miraidon|Dazzling Gleam|p1b: Calyrex\n|-damage|p1b: Calyrex|36/100\n|move|p1b: Calyrex|Glacial Lance|p2b: Miraidon|[spread] p2a,p2b\n|-damage|p2a: Iron Treads|55/100\n|-damage|p2b: Miraidon|8/100\n|\n|-heal|p1b: Calyrex|42/100|[from] item: Leftovers\n|upkeep\n|turn|7\n|\n|t:|1774445858\n|move|p2a: Iron Treads|High Horsepower|p1b: Calyrex\n|-damage|p1b: Calyrex|0 fnt\n|faint|p1b: Calyrex\n|\n|win|Highkage2\n|raw|Matte23's rating: 1580 &rarr; <strong>1564</strong><br />(-16 for losing)\n|raw|Highkage2's rating: 1645 &rarr; <strong>1661</strong><br />(+16 for winning)\n|l|\u2606Matte23\n|player|p1|\n|l| Knightdozo\n","uploadtime":1774446036,"views":18,"formatid":"gen9vgc2026regi","rating":1564,"private":0,"password":null}