{"id":"gen9vgc2026regi-2557737085","format":"[Gen 9] VGC 2026 Reg I","players":["Mirthinion","meowmix407"],"log":"|j|\u2606Mirthinion\n|j|\u2606meowmix407\n|t:|1773352510\n|gametype|doubles\n|player|p1|Mirthinion|janitor|1158\n|player|p2|meowmix407|266|1208\n|gen|9\n|tier|[Gen 9] VGC 2026 Reg I\n|rated|\n|rule|Species Clause: Limit one of each Pok\u00e9mon\n|rule|Item Clause: Limit 1 of each item\n|clearpoke\n|poke|p1|Calyrex-Ice, L50|\n|poke|p1|Miraidon, L50|\n|poke|p1|Grimmsnarl, L50, M|\n|poke|p1|Urshifu-*, L50, M|\n|poke|p1|Incineroar, L50, F|\n|poke|p1|Landorus, L50, M|\n|poke|p2|Terapagos, L50, M|\n|poke|p2|Calyrex-Shadow, L50|\n|poke|p2|Flutter Mane, L50|\n|poke|p2|Incineroar, L50, F|\n|poke|p2|Tornadus, L50, M|\n|poke|p2|Amoonguss, L50, M|\n|teampreview|4\n|inactive|Battle timer is ON: inactive players will automatically lose when time's up. (requested by Mirthinion)\n|inactive|Mirthinion has 60 seconds left.\n|\n|t:|1773352548\n|teamsize|p1|4\n|teamsize|p2|4\n|start\n|switch|p1a: Grimmsnarl|Grimmsnarl, L50, M|100/100\n|switch|p1b: Calyrex|Calyrex-Ice, L50|100/100\n|switch|p2a: Flutter Mane|Flutter Mane, L50|100/100\n|switch|p2b: Terapagos|Terapagos, L50, M|100/100\n|-activate|p2b: Terapagos|ability: Tera Shift\n|detailschange|p2b: Terapagos|Terapagos-Terastal, L50, M\n|-heal|p2b: Terapagos|100/100|[silent]\n|-ability|p1b: Calyrex|As One\n|-ability|p1b: Calyrex|Unnerve\n|-enditem|p2a: Flutter Mane|Booster Energy\n|-activate|p2a: Flutter Mane|ability: Protosynthesis|[fromitem]\n|-start|p2a: Flutter Mane|protosynthesisspa\n|turn|1\n|inactive|Mirthinion has 30 seconds left.\n|inactive|meowmix407 has 30 seconds left.\n|\n|t:|1773352579\n|-terastallize|p1b: Calyrex|Water\n|move|p1a: Grimmsnarl|Light Screen|p1a: Grimmsnarl\n|-sidestart|p1: Mirthinion|move: Light Screen\n|move|p2a: Flutter Mane|Moonblast|p1b: Calyrex\n|-damage|p1b: Calyrex|75/100\n|move|p2b: Terapagos|Calm Mind|p2b: Terapagos\n|-boost|p2b: Terapagos|spa|1\n|-boost|p2b: Terapagos|spd|1\n|move|p1b: Calyrex|Leech Seed|p2b: Terapagos\n|-start|p2b: Terapagos|move: Leech Seed\n|\n|-heal|p1b: Calyrex|81/100|[from] item: Leftovers\n|-damage|p2b: Terapagos|88/100|[from] Leech Seed|[of] p1b: Calyrex\n|-heal|p1b: Calyrex|93/100|[silent]\n|upkeep\n|turn|2\n|inactive|meowmix407 has 30 seconds left.\n|\n|t:|1773352604\n|-terastallize|p2b: Terapagos|Stellar\n|detailschange|p2b: Terapagos|Terapagos-Stellar, L50, M, tera:Stellar\n|-heal|p2b: Terapagos|91/100|[silent]\n|move|p2a: Flutter Mane|Moonblast|p1b: Calyrex\n|-damage|p1b: Calyrex|66/100\n|move|p2b: Terapagos|Tera Starstorm|p1b: Calyrex|[spread] p1a,p1b\n|-supereffective|p1b: Calyrex\n|-damage|p1a: Grimmsnarl|72/100\n|-damage|p1b: Calyrex|28/100\n|move|p1a: Grimmsnarl|Spirit Break|p2b: Terapagos\n|-damage|p2b: Terapagos|75/100\n|-unboost|p2b: Terapagos|spa|1\n|move|p1b: Calyrex|Trick Room|p1b: Calyrex\n|-fieldstart|move: Trick Room|[of] p1b: Calyrex\n|\n|-heal|p1b: Calyrex|33/100|[from] item: Leftovers\n|-heal|p2b: Terapagos|81/100|[from] item: Leftovers\n|-damage|p2b: Terapagos|69/100|[from] Leech Seed|[of] p1b: Calyrex\n|-heal|p1b: Calyrex|49/100|[silent]\n|upkeep\n|turn|3\n|\n|t:|1773352628\n|move|p1b: Calyrex|Protect|p1b: Calyrex\n|-singleturn|p1b: Calyrex|Protect\n|move|p1a: Grimmsnarl|Spirit Break|p2a: Flutter Mane\n|-damage|p2a: Flutter Mane|47/100\n|-unboost|p2a: Flutter Mane|spa|1\n|move|p2b: Terapagos|Tera Starstorm|p1b: Calyrex|[spread] p1a\n|-activate|p1b: Calyrex|move: Protect\n|-damage|p1a: Grimmsnarl|54/100\n|move|p2a: Flutter Mane|Moonblast|p1b: Calyrex\n|-activate|p1b: Calyrex|move: Protect\n|\n|-heal|p1b: Calyrex|55/100|[from] item: Leftovers\n|-heal|p2b: Terapagos|75/100|[from] item: Leftovers\n|-damage|p2b: Terapagos|62/100|[from] Leech Seed|[of] p1b: Calyrex\n|-heal|p1b: Calyrex|70/100|[silent]\n|upkeep\n|turn|4\n|\n|t:|1773352645\n|move|p1b: Calyrex|Glacial Lance|p2b: Terapagos|[spread] p2a,p2b\n|-damage|p2a: Flutter Mane|0 fnt\n|-damage|p2b: Terapagos|37/100\n|faint|p2a: Flutter Mane\n|-end|p2a: Flutter Mane|Protosynthesis|[silent]\n|-ability|p1b: Calyrex|Chilling Neigh|boost\n|-boost|p1b: Calyrex|atk|1\n|move|p1a: Grimmsnarl|Spirit Break|p2b: Terapagos\n|-damage|p2b: Terapagos|21/100\n|-unboost|p2b: Terapagos|spa|1\n|move|p2b: Terapagos|Tera Starstorm|p1b: Calyrex|[spread] p1a,p1b\n|-supereffective|p1b: Calyrex\n|-damage|p1a: Grimmsnarl|42/100\n|-damage|p1b: Calyrex|52/100\n|\n|-heal|p1b: Calyrex|58/100|[from] item: Leftovers\n|-heal|p2b: Terapagos|27/100|[from] item: Leftovers\n|-damage|p2b: Terapagos|15/100|[from] Leech Seed|[of] p1b: Calyrex\n|-heal|p1b: Calyrex|73/100|[silent]\n|upkeep\n|\n|t:|1773352662\n|switch|p2a: Incineroar|Incineroar, L50, F|100/100\n|-ability|p2a: Incineroar|Intimidate|boost\n|-unboost|p1a: Grimmsnarl|atk|1\n|-unboost|p1b: Calyrex|atk|1\n|turn|5\n|\n|t:|1773352682\n|switch|p2b: Amoonguss|Amoonguss, L50, M|100/100\n|move|p2a: Incineroar|Fake Out|p1b: Calyrex\n|-damage|p1b: Calyrex|67/100\n|move|p1a: Grimmsnarl|Reflect|p1a: Grimmsnarl\n|-sidestart|p1: Mirthinion|Reflect\n|cant|p1b: Calyrex|flinch\n|\n|-heal|p1b: Calyrex|72/100|[from] item: Leftovers\n|upkeep\n|turn|6\n|\n|t:|1773352711\n|switch|p1a: Miraidon|Miraidon, L50|100/100\n|-fieldstart|move: Electric Terrain|[from] ability: Hadron Engine|[of] p1a: Miraidon\n|move|p2b: Amoonguss|Spore|p1b: Calyrex\n|-activate|p1b: Calyrex|move: Electric Terrain\n|move|p1b: Calyrex|Glacial Lance|p2b: Amoonguss|[spread] p2a,p2b\n|-resisted|p2a: Incineroar\n|-supereffective|p2b: Amoonguss\n|-damage|p2a: Incineroar|80/100\n|-damage|p2b: Amoonguss|13/100\n|move|p2a: Incineroar|Knock Off|p1b: Calyrex\n|-damage|p1b: Calyrex|58/100\n|-enditem|p1b: Calyrex|Leftovers|[from] move: Knock Off|[of] p2a: Incineroar\n|\n|-fieldend|move: Trick Room\n|upkeep\n|turn|7\n|inactive|meowmix407 has 30 seconds left.\n|\n|t:|1773352736\n|switch|p2b: Terapagos|Terapagos-Stellar, L50, M, tera:Stellar|15/100\n|move|p1a: Miraidon|Volt Switch|p2a: Incineroar\n|-damage|p2a: Incineroar|0 fnt\n|faint|p2a: Incineroar\n|\n|t:|1773352747\n|switch|p1a: Urshifu|Urshifu-Rapid-Strike, L50, M|100/100|[from] Volt Switch\n|move|p1b: Calyrex|Glacial Lance|p2b: Terapagos\n|-damage|p2b: Terapagos|0 fnt\n|faint|p2b: Terapagos\n|detailschange|p2: Terapagos|Terapagos, L50, M|[silent]\n|-ability|p1b: Calyrex|Chilling Neigh|boost\n|-boost|p1b: Calyrex|atk|1\n|\n|upkeep\n|\n|t:|1773352757\n|switch|p2b: Amoonguss|Amoonguss, L50, M|46/100\n|turn|8\n|-message|meowmix407 forfeited.\n|\n|win|Mirthinion\n|raw|Mirthinion's rating: 1158 &rarr; <strong>1187</strong><br />(+29 for winning)\n|raw|meowmix407's rating: 1208 &rarr; <strong>1179</strong><br />(-29 for losing)\n|l|\u2606meowmix407\n|player|p2|\n","uploadtime":1773352763,"views":32,"formatid":"gen9vgc2026regi","rating":1179,"private":0,"password":null}