{"id":"gen9vgc2026regi-2577706314","format":"[Gen 9] VGC 2026 Reg I","players":["Mirthinion","Bellsproutfanwill"],"log":"|j|\u2606Mirthinion\n|j|\u2606Bellsproutfanwill\n|t:|1775597982\n|gametype|doubles\n|player|p1|Mirthinion|janitor|1570\n|player|p2|Bellsproutfanwill|hiker-gen4|1564\n|gen|9\n|tier|[Gen 9] VGC 2026 Reg I\n|rated|\n|rule|Species Clause: Limit one of each Pok\u00e9mon\n|rule|Item Clause: Limit 1 of each item\n|clearpoke\n|poke|p1|Calyrex-Shadow, L50|\n|poke|p1|Zamazenta-*, L50|\n|poke|p1|Urshifu-*, L50, M|\n|poke|p1|Incineroar, L50, M|\n|poke|p1|Rillaboom, L50, M|\n|poke|p1|Tornadus, L50, M|\n|poke|p2|Terapagos, L50, M|\n|poke|p2|Grimmsnarl, L50, M|\n|poke|p2|Rillaboom, L50, M|\n|poke|p2|Incineroar, L50, M|\n|poke|p2|Calyrex-Shadow, L50|\n|poke|p2|Chi-Yu, L50|\n|teampreview|4\n|inactive|Battle timer is ON: inactive players will automatically lose when time's up. (requested by Mirthinion)\n|\n|t:|1775598008\n|teamsize|p1|4\n|teamsize|p2|4\n|start\n|switch|p1a: Vangwe|Tornadus, L50, M|100/100\n|switch|p1b: Drambor|Zamazenta-Crowned, L50|100/100\n|switch|p2a: Terapagos|Terapagos, L50, M|100/100\n|switch|p2b: Grimmsnarl|Grimmsnarl, L50, M|100/100\n|-activate|p2a: Terapagos|ability: Tera Shift\n|detailschange|p2a: Terapagos|Terapagos-Terastal, L50, M\n|-heal|p2a: Terapagos|100/100|[silent]\n|-ability|p1b: Drambor|Dauntless Shield|boost\n|-boost|p1b: Drambor|def|1\n|turn|1\n|j| RedPlaysvGC\n|l| RedPlaysvGC\n|\n|t:|1775598027\n|move|p1a: Vangwe|Taunt|p2a: Terapagos\n|-start|p2a: Terapagos|move: Taunt\n|move|p2b: Grimmsnarl|Reflect|p2b: Grimmsnarl\n|-sidestart|p2: Bellsproutfanwill|Reflect\n|move|p1b: Drambor|Body Press|p2a: Terapagos\n|-activate|p2a: Terapagos|ability: Tera Shell\n|-resisted|p2a: Terapagos\n|-damage|p2a: Terapagos|82/100\n|cant|p2a: Terapagos|move: Taunt|Calm Mind\n|\n|-heal|p2a: Terapagos|88/100|[from] item: Leftovers\n|upkeep\n|turn|2\n|\n|t:|1775598044\n|-terastallize|p2a: Terapagos|Stellar\n|detailschange|p2a: Terapagos|Terapagos-Stellar, L50, M, tera:Stellar\n|-heal|p2a: Terapagos|91/100|[silent]\n|move|p1a: Vangwe|Tailwind|p1a: Vangwe\n|-sidestart|p1: Mirthinion|move: Tailwind\n|move|p2b: Grimmsnarl|Thunder Wave|p1b: Drambor\n|-status|p1b: Drambor|par\n|move|p1b: Drambor|Body Press|p2a: Terapagos\n|-supereffective|p2a: Terapagos\n|-damage|p2a: Terapagos|38/100\n|move|p2a: Terapagos|Earth Power|p1b: Drambor\n|-supereffective|p1b: Drambor\n|-damage|p1b: Drambor|42/100 par\n|\n|-heal|p2a: Terapagos|44/100|[from] item: Leftovers\n|upkeep\n|turn|3\n|inactive|Bellsproutfanwill has 30 seconds left.\n|\n|t:|1775598069\n|switch|p2a: Calyrex|Calyrex-Shadow, L50|100/100\n|-ability|p2a: Calyrex|As One\n|-ability|p2a: Calyrex|Unnerve\n|move|p1a: Vangwe|Rain Dance|p1a: Vangwe\n|-weather|RainDance\n|move|p2b: Grimmsnarl|Thunder Wave|p1a: Vangwe\n|-status|p1a: Vangwe|par\n|cant|p1b: Drambor|par\n|\n|-weather|RainDance|[upkeep]\n|upkeep\n|turn|4\n|\n|t:|1775598088\n|cant|p1b: Drambor|par\n|move|p2b: Grimmsnarl|Light Screen|p2b: Grimmsnarl\n|-sidestart|p2: Bellsproutfanwill|move: Light Screen\n|move|p2a: Calyrex|Astral Barrage|p1a: Vangwe|[spread] p1a,p1b\n|-damage|p1a: Vangwe|45/100 par\n|-damage|p1b: Drambor|0 fnt\n|faint|p1b: Drambor\n|-ability|p2a: Calyrex|Grim Neigh|boost\n|-boost|p2a: Calyrex|spa|1\n|move|p1a: Vangwe|Bleakwind Storm|p2a: Calyrex|[spread] p2a,p2b\n|-damage|p2a: Calyrex|75/100\n|-damage|p2b: Grimmsnarl|77/100\n|-unboost|p2b: Grimmsnarl|spe|1\n|\n|-weather|RainDance|[upkeep]\n|upkeep\n|\n|t:|1775598107\n|switch|p1b: Mithrandir|Calyrex-Shadow, L50|100/100\n|-ability|p1b: Mithrandir|As One\n|-ability|p1b: Mithrandir|Unnerve\n|turn|5\n|\n|t:|1775598119\n|move|p2a: Calyrex|Protect|p2a: Calyrex\n|-singleturn|p2a: Calyrex|Protect\n|move|p1b: Mithrandir|Astral Barrage|p2a: Calyrex|[spread] p2b\n|-activate|p2a: Calyrex|move: Protect\n|-resisted|p2b: Grimmsnarl\n|-damage|p2b: Grimmsnarl|63/100\n|cant|p1a: Vangwe|par\n|move|p2b: Grimmsnarl|Spirit Break|p1b: Mithrandir\n|-damage|p1b: Mithrandir|71/100\n|-unboost|p1b: Mithrandir|spa|1\n|\n|-weather|RainDance|[upkeep]\n|-sideend|p1: Mirthinion|move: Tailwind\n|upkeep\n|turn|6\n|j| rexstar333\n|\n|t:|1775598138\n|move|p1a: Vangwe|Tailwind|p1a: Vangwe\n|-sidestart|p1: Mirthinion|move: Tailwind\n|move|p2b: Grimmsnarl|Thunder Wave|p1b: Mithrandir\n|-status|p1b: Mithrandir|par\n|move|p2a: Calyrex|Astral Barrage|p1b: Mithrandir|[spread] p1a,p1b\n|-supereffective|p1b: Mithrandir\n|-damage|p1a: Vangwe|0 fnt\n|-damage|p1b: Mithrandir|0 fnt\n|faint|p1a: Vangwe\n|faint|p1b: Mithrandir\n|-ability|p2a: Calyrex|Grim Neigh|boost\n|-boost|p2a: Calyrex|spa|2\n|\n|-weather|RainDance|[upkeep]\n|upkeep\n|\n|t:|1775598153\n|switch|p1b: Beowulf|Urshifu-Rapid-Strike, L50, M|100/100\n|turn|7\n|\n|t:|1775598162\n|move|p2b: Grimmsnarl|Thunder Wave|p1b: Beowulf\n|-status|p1b: Beowulf|par\n|move|p2a: Calyrex|Astral Barrage|p1b: Beowulf\n|-damage|p1b: Beowulf|0 fnt\n|faint|p1b: Beowulf\n|\n|win|Bellsproutfanwill\n|raw|Mirthinion's rating: 1570 &rarr; <strong>1550</strong><br />(-20 for losing)\n|raw|Bellsproutfanwill's rating: 1564 &rarr; <strong>1584</strong><br />(+20 for winning)\n|c|\u2606Mirthinion|gg\n|l|\u2606Mirthinion\n|player|p1|\n|l|\u2606Bellsproutfanwill\n|player|p2|\n","uploadtime":1775598171,"views":25,"formatid":"gen9vgc2026regi","rating":1550,"private":0,"password":null}