{"id":"gen9vgc2026regi-2589956605","format":"[Gen 9] VGC 2026 Reg I","players":["JD Pope","swordsdanceurshifu"],"log":"|j|\u2606JD Pope\n|j|\u2606swordsdanceurshifu\n|t:|1776777171\n|gametype|doubles\n|player|p1|JD Pope|101|1487\n|player|p2|swordsdanceurshifu|170|1574\n|gen|9\n|tier|[Gen 9] VGC 2026 Reg I\n|rated|\n|rule|Species Clause: Limit one of each Pok\u00e9mon\n|rule|Item Clause: Limit 1 of each item\n|clearpoke\n|poke|p1|Iron Bundle, L50|\n|poke|p1|Miraidon, L50|\n|poke|p1|Lunala, L50|\n|poke|p1|Ursaluna, L50, M|\n|poke|p1|Iron Hands, L50|\n|poke|p1|Ogerpon-Hearthflame, L50, F|\n|poke|p2|Iron Bundle, L50|\n|poke|p2|Farigiraf, L50, M|\n|poke|p2|Calyrex-Ice, L50|\n|poke|p2|Miraidon, L50|\n|poke|p2|Iron Hands, L50|\n|poke|p2|Annihilape, L50, M|\n|teampreview|4\n|inactive|Battle timer is ON: inactive players will automatically lose when time's up. (requested by swordsdanceurshifu)\n|inactive|swordsdanceurshifu has 60 seconds left.\n|inactive|JD Pope has 60 seconds left.\n|\n|t:|1776777219\n|teamsize|p1|4\n|teamsize|p2|4\n|start\n|switch|p1a: Ogerpon|Ogerpon-Hearthflame, L50, F|100/100\n|switch|p1b: Lunala|Lunala, L50|100/100\n|switch|p2a: Calyrex|Calyrex-Ice, L50|100/100\n|switch|p2b: Iron Hands|Iron Hands, L50|100/100\n|-ability|p2a: Calyrex|As One\n|-ability|p2a: Calyrex|Unnerve\n|-ability|p1a: Ogerpon|Mold Breaker\n|turn|1\n|\n|t:|1776777234\n|-terastallize|p2a: Calyrex|Fairy\n|move|p1a: Ogerpon|Spiky Shield|p1a: Ogerpon\n|-singleturn|p1a: Ogerpon|move: Protect\n|move|p2b: Iron Hands|Fake Out|p1a: Ogerpon\n|-activate|p1a: Ogerpon|move: Protect\n|-damage|p2b: Iron Hands|88/100|[from] Spiky Shield|[of] p1a: Ogerpon\n|move|p1b: Lunala|Moonblast|p2b: Iron Hands\n|-supereffective|p2b: Iron Hands\n|-damage|p2b: Iron Hands|53/100\n|move|p2a: Calyrex|Leech Seed|p1b: Lunala\n|-start|p1b: Lunala|move: Leech Seed\n|\n|-damage|p1b: Lunala|88/100|[from] Leech Seed|[of] p2a: Calyrex\n|upkeep\n|turn|2\n|inactive|JD Pope has 30 seconds left.\n|inactive|swordsdanceurshifu has 30 seconds left.\n|inactive|JD Pope has 20 seconds left.\n|\n|t:|1776777276\n|move|p1a: Ogerpon|Ivy Cudgel|p2b: Iron Hands|[anim] Ivy Cudgel Fire\n|-damage|p2b: Iron Hands|7/100\n|move|p1b: Lunala|Moonblast|p2b: Iron Hands\n|-supereffective|p2b: Iron Hands\n|-damage|p2b: Iron Hands|0 fnt\n|faint|p2b: Iron Hands\n|-end|p2b: Iron Hands|Quark Drive|[silent]\n|move|p2a: Calyrex|Glacial Lance|p1a: Ogerpon|[spread] p1a,p1b\n|-damage|p1a: Ogerpon|31/100\n|-damage|p1b: Lunala|40/100\n|\n|-damage|p1b: Lunala|28/100|[from] Leech Seed|[of] p2a: Calyrex\n|upkeep\n|\n|t:|1776777288\n|switch|p2b: Miraidon|Miraidon, L50|100/100\n|-fieldstart|move: Electric Terrain|[from] ability: Hadron Engine|[of] p2b: Miraidon\n|-enditem|p1b: Lunala|Electric Seed\n|-boost|p1b: Lunala|def|1|[from] item: Electric Seed\n|turn|3\n|inactive|JD Pope has 30 seconds left.\n|inactive|JD Pope has 20 seconds left.\n|inactive|JD Pope has 15 seconds left.\n|inactive|JD Pope has 10 seconds left.\n|\n|t:|1776777333\n|switch|p1a: Ursaluna|Ursaluna, L50, M|100/100\n|move|p2b: Miraidon|Volt Switch|p1a: Ursaluna\n|-immune|p1a: Ursaluna\n|move|p2a: Calyrex|Glacial Lance|p1b: Lunala|[spread] p1a,p1b\n|-supereffective|p1a: Ursaluna\n|-damage|p1a: Ursaluna|16/100\n|-damage|p1b: Lunala|0 fnt\n|faint|p1b: Lunala\n|-ability|p2a: Calyrex|Chilling Neigh|boost\n|-boost|p2a: Calyrex|atk|1\n|\n|-status|p1a: Ursaluna|brn|[from] item: Flame Orb\n|upkeep\n|\n|t:|1776777350\n|switch|p1b: Miraidon|Miraidon, L50|100/100\n|-activate|p1b: Miraidon|ability: Hadron Engine\n|turn|4\n|\n|t:|1776777374\n|move|p2a: Calyrex|Protect|p2a: Calyrex\n|-singleturn|p2a: Calyrex|Protect\n|move|p2b: Miraidon|Draco Meteor|p1b: Miraidon\n|-supereffective|p1b: Miraidon\n|-damage|p1b: Miraidon|0 fnt\n|-unboost|p2b: Miraidon|spa|2\n|faint|p1b: Miraidon\n|-damage|p2b: Miraidon|91/100|[from] item: Life Orb\n|move|p1a: Ursaluna|Facade|p2a: Calyrex\n|-activate|p2a: Calyrex|move: Protect\n|\n|-damage|p1a: Ursaluna|10/100 brn|[from] brn\n|upkeep\n|\n|t:|1776777377\n|switch|p1b: Ogerpon|Ogerpon-Hearthflame, L50, F|31/100\n|-ability|p1b: Ogerpon|Mold Breaker\n|turn|5\n|\n|t:|1776777390\n|-terastallize|p1b: Ogerpon|Fire\n|detailschange|p1b: Ogerpon|Ogerpon-Hearthflame-Tera, L50, F, tera:Fire\n|-ability|p1b: Ogerpon|Embody Aspect (Hearthflame)|boost\n|-boost|p1b: Ogerpon|atk|1\n|move|p2b: Miraidon|Draco Meteor|p1a: Ursaluna|[miss]\n|-miss|p2b: Miraidon|p1a: Ursaluna\n|move|p1b: Ogerpon|Ivy Cudgel|p2a: Calyrex|[anim] Ivy Cudgel Fire\n|-damage|p2a: Calyrex|17/100\n|move|p2a: Calyrex|Glacial Lance|p1a: Ursaluna|[spread] p1a,p1b\n|-supereffective|p1a: Ursaluna\n|-resisted|p1b: Ogerpon\n|-damage|p1a: Ursaluna|0 fnt\n|-damage|p1b: Ogerpon|0 fnt\n|faint|p1a: Ursaluna\n|faint|p1b: Ogerpon\n|detailschange|p1: Ogerpon|Ogerpon-Hearthflame, L50, F|[silent]\n|\n|win|swordsdanceurshifu\n|raw|JD Pope's rating: 1487 &rarr; <strong>1472</strong><br />(-15 for losing)\n|raw|swordsdanceurshifu's rating: 1574 &rarr; <strong>1589</strong><br />(+15 for winning)\n|l|\u2606JD Pope\n|player|p1|\n|l|\u2606swordsdanceurshifu\n|player|p2|\n","uploadtime":1776777616,"views":11,"formatid":"gen9vgc2026regi","rating":1472,"private":0,"password":null}