{"id":"gen9vgc2026regi-2576447077","format":"[Gen 9] VGC 2026 Reg I","players":["MoralesManco","moyuanjie"],"log":"|j|\u2606MoralesManco\n|j|\u2606moyuanjie\n|t:|1775475812\n|gametype|doubles\n|player|p1|MoralesManco|canari|1580\n|player|p2|moyuanjie|101|1462\n|gen|9\n|tier|[Gen 9] VGC 2026 Reg I\n|rated|\n|rule|Species Clause: Limit one of each Pok\u00e9mon\n|rule|Item Clause: Limit 1 of each item\n|clearpoke\n|poke|p1|Ogerpon, L50, F|\n|poke|p1|Zamazenta-*, L50|\n|poke|p1|Farigiraf, L50, M|\n|poke|p1|Scraggy, L50, F|\n|poke|p1|Calyrex-Shadow, L50|\n|poke|p1|Rillaboom, L50, F|\n|poke|p2|Smeargle, L50, M|\n|poke|p2|Muk-Alola, L50, F|\n|poke|p2|Calyrex-Shadow, L50|\n|poke|p2|Rillaboom, L50, M|\n|poke|p2|Flamigo, L50, M|\n|poke|p2|Miraidon, L50|\n|teampreview|4\n|inactive|Battle timer is ON: inactive players will automatically lose when time's up. (requested by MoralesManco)\n|j| tsrhuevo\n|l| tsrhuevo\n|inactive|MoralesManco has 60 seconds left.\n|\n|t:|1775475845\n|teamsize|p1|4\n|teamsize|p2|4\n|start\n|switch|p1a: Ogerpon|Ogerpon, L50, F|100/100\n|switch|p1b: Calyrex|Calyrex-Shadow, L50|100/100\n|switch|p2a: Smeargle|Smeargle, L50, M|100/100\n|switch|p2b: Muk|Muk-Alola, L50, F|100/100\n|-ability|p1b: Calyrex|As One\n|-ability|p1b: Calyrex|Unnerve\n|turn|1\n|j| HildaVGC's\n|inactive|moyuanjie has 30 seconds left.\n|\n|t:|1775475877\n|move|p1b: Calyrex|Protect|p1b: Calyrex\n|-singleturn|p1b: Calyrex|Protect\n|move|p1a: Ogerpon|Spiky Shield|p1a: Ogerpon\n|-singleturn|p1a: Ogerpon|move: Protect\n|move|p2a: Smeargle|Fake Out|p1a: Ogerpon\n|-activate|p1a: Ogerpon|move: Protect\n|-damage|p2a: Smeargle|88/100|[from] Spiky Shield|[of] p1a: Ogerpon\n|move|p2b: Muk|Toxic|p1b: Calyrex\n|-activate|p1b: Calyrex|move: Protect\n|\n|-ability|p2a: Smeargle|Moody|boost\n|-boost|p2a: Smeargle|spa|2\n|-unboost|p2a: Smeargle|def|1\n|upkeep\n|turn|2\n|inactive|moyuanjie has 30 seconds left.\n|\n|t:|1775475903\n|switch|p1b: Zamazenta|Zamazenta-Crowned, L50|100/100\n|-ability|p1b: Zamazenta|Dauntless Shield|boost\n|-boost|p1b: Zamazenta|def|1\n|switch|p2a: Miraidon|Miraidon, L50|100/100\n|-fieldstart|move: Electric Terrain|[from] ability: Hadron Engine|[of] p2a: Miraidon\n|move|p1a: Ogerpon|Bullet Seed|p2a: Miraidon\n|-resisted|p2a: Miraidon\n|-damage|p2a: Miraidon|95/100\n|-resisted|p2a: Miraidon\n|-damage|p2a: Miraidon|89/100\n|-resisted|p2a: Miraidon\n|-damage|p2a: Miraidon|83/100\n|-resisted|p2a: Miraidon\n|-damage|p2a: Miraidon|77/100\n|-hitcount|p2a: Miraidon|4\n|move|p2b: Muk|Minimize|p2b: Muk\n|-boost|p2b: Muk|evasion|2\n|\n|upkeep\n|turn|3\n|\n|t:|1775475926\n|-terastallize|p1a: Ogerpon|Grass\n|detailschange|p1a: Ogerpon|Ogerpon-Teal-Tera, L50, F, tera:Grass\n|-ability|p1a: Ogerpon|Embody Aspect (Teal)|boost\n|-boost|p1a: Ogerpon|spe|1\n|move|p2b: Muk|Protect|p2b: Muk\n|-singleturn|p2b: Muk|Protect\n|move|p2a: Miraidon|Volt Switch|p1b: Zamazenta\n|-damage|p1b: Zamazenta|55/100\n|\n|t:|1775475936\n|switch|p2a: Smeargle|Smeargle, L50, M|88/100|[from] Volt Switch\n|move|p1a: Ogerpon|Play Rough|p2a: Smeargle\n|-damage|p2a: Smeargle|7/100\n|move|p1b: Zamazenta|Body Press|p2b: Muk\n|-activate|p2b: Muk|move: Protect\n|\n|-ability|p2a: Smeargle|Moody|boost\n|-boost|p2a: Smeargle|spe|2\n|-unboost|p2a: Smeargle|atk|1\n|upkeep\n|turn|4\n|\n|t:|1775475954\n|move|p2a: Smeargle|Spore|p1b: Zamazenta\n|-activate|p1b: Zamazenta|move: Electric Terrain\n|move|p1a: Ogerpon|Bullet Seed|p2a: Smeargle\n|-damage|p2a: Smeargle|0 fnt\n|faint|p2a: Smeargle\n|-ability|p2b: Muk|Moody|Power of Alchemy|[from] ability: Power of Alchemy|[of] p2a: Smeargle\n|-hitcount|p2: Smeargle|1\n|move|p1b: Zamazenta|Body Press|p2b: Muk|[miss]\n|-miss|p1b: Zamazenta|p2b: Muk\n|move|p2b: Muk|Minimize|p2b: Muk\n|-boost|p2b: Muk|evasion|2\n|\n|-ability|p2b: Muk|Moody|boost\n|-boost|p2b: Muk|spe|2\n|-unboost|p2b: Muk|spd|1\n|upkeep\n|c|\u2606MoralesManco|?\n|c|\u2606MoralesManco|Thats it cheese gurl\n|\n|t:|1775475975\n|switch|p2a: Miraidon|Miraidon, L50|77/100\n|-activate|p2a: Miraidon|ability: Hadron Engine\n|turn|5\n|\n|t:|1775475987\n|move|p2a: Miraidon|Draco Meteor|p1a: Ogerpon\n|-damage|p1a: Ogerpon|0 fnt\n|-unboost|p2a: Miraidon|spa|2\n|faint|p1a: Ogerpon\n|detailschange|p1: Ogerpon|Ogerpon, L50, F|[silent]\n|move|p1b: Zamazenta|Body Press|p2b: Muk|[miss]\n|-miss|p1b: Zamazenta|p2b: Muk\n|move|p2b: Muk|Toxic|p1b: Zamazenta\n|-immune|p1b: Zamazenta\n|\n|-ability|p2b: Muk|Moody|boost\n|-boost|p2b: Muk|def|2\n|-unboost|p2b: Muk|spa|1\n|upkeep\n|l| HildaVGC's\n|\n|t:|1775475995\n|switch|p1a: Calyrex|Calyrex-Shadow, L50|100/100\n|-ability|p1a: Calyrex|As One\n|-ability|p1a: Calyrex|Unnerve\n|turn|6\n|\n|t:|1775476010\n|move|p2a: Miraidon|Draco Meteor|p1a: Calyrex\n|-damage|p1a: Calyrex|49/100\n|-unboost|p2a: Miraidon|spa|2\n|move|p1a: Calyrex|Encore|p2b: Muk\n|-start|p2b: Muk|Encore\n|move|p1b: Zamazenta|Body Press|p2a: Miraidon\n|-damage|p2a: Miraidon|15/100\n|move|p2b: Muk|Toxic|p1b: Zamazenta\n|-immune|p1b: Zamazenta\n|\n|-fieldend|move: Electric Terrain\n|-ability|p2b: Muk|Moody|boost\n|-boost|p2b: Muk|spe|2\n|-unboost|p2b: Muk|spd|1\n|upkeep\n|turn|7\n|\n|t:|1775476032\n|move|p2a: Miraidon|Draco Meteor|p1a: Calyrex\n|-damage|p1a: Calyrex|22/100\n|-unboost|p2a: Miraidon|spa|2\n|move|p1a: Calyrex|Astral Barrage|p2a: Miraidon|[spread] p2a\n|-miss|p1a: Calyrex|p2b: Muk\n|-damage|p2a: Miraidon|0 fnt\n|faint|p2a: Miraidon\n|-ability|p1a: Calyrex|Grim Neigh|boost\n|-boost|p1a: Calyrex|spa|1\n|move|p2b: Muk|Toxic|p1a: Calyrex\n|-status|p1a: Calyrex|tox\n|move|p1b: Zamazenta|Body Press|p2b: Muk\n|-damage|p2b: Muk|71/100\n|\n|-heal|p2b: Muk|77/100|[from] item: Leftovers\n|-damage|p1a: Calyrex|16/100 tox|[from] psn\n|-ability|p2b: Muk|Moody|boost\n|-boost|p2b: Muk|def|2\n|-unboost|p2b: Muk|atk|1\n|upkeep\n|\n|t:|1775476057\n|switch|p2a: Calyrex|Calyrex-Shadow, L50|100/100\n|-ability|p2a: Calyrex|As One\n|-ability|p2a: Calyrex|Unnerve\n|turn|8\n|\n|t:|1775476080\n|-terastallize|p2a: Calyrex|Fairy\n|move|p1b: Zamazenta|Wide Guard|p1b: Zamazenta\n|-singleturn|p1b: Zamazenta|Wide Guard\n|move|p1a: Calyrex|Astral Barrage|p2a: Calyrex|[spread] p2a\n|-miss|p1a: Calyrex|p2b: Muk\n|-damage|p2a: Calyrex|29/100\n|move|p2a: Calyrex|Astral Barrage|p1a: Calyrex|[spread] \n|-activate|p1a: Calyrex|move: Wide Guard\n|-activate|p1b: Zamazenta|move: Wide Guard\n|move|p2b: Muk|Toxic|p1a: Calyrex\n|-fail|p1a: Calyrex|tox\n|\n|-heal|p2b: Muk|83/100|[from] item: Leftovers\n|-damage|p1a: Calyrex|3/100 tox|[from] psn\n|-end|p2b: Muk|Encore\n|-ability|p2b: Muk|Moody|boost\n|-boost|p2b: Muk|spd|2\n|-unboost|p2b: Muk|spe|1\n|upkeep\n|turn|9\n|inactive|moyuanjie has 30 seconds left.\n|\n|t:|1775476109\n|move|p2a: Calyrex|Protect|p2a: Calyrex\n|-singleturn|p2a: Calyrex|Protect\n|move|p1a: Calyrex|Astral Barrage|p2a: Calyrex|[spread] \n|-activate|p2a: Calyrex|move: Protect\n|-miss|p1a: Calyrex|p2b: Muk\n|move|p2b: Muk|Minimize|p2b: Muk\n|-boost|p2b: Muk|evasion|2\n|move|p1b: Zamazenta|Body Press|p2b: Muk|[miss]\n|-miss|p1b: Zamazenta|p2b: Muk\n|\n|-heal|p2b: Muk|89/100|[from] item: Leftovers\n|-damage|p1a: Calyrex|0 fnt|[from] psn\n|faint|p1a: Calyrex\n|-ability|p2b: Muk|Moody|boost\n|-boost|p2b: Muk|spe|2\n|-unboost|p2b: Muk|spd|1\n|upkeep\n|\n|t:|1775476113\n|switch|p1a: Rillaboom|Rillaboom, L50, F|100/100\n|-fieldstart|move: Grassy Terrain|[from] ability: Grassy Surge|[of] p1a: Rillaboom\n|turn|10\n|\n|t:|1775476137\n|move|p2a: Calyrex|Protect||[still]\n|-fail|p2a: Calyrex\n|move|p1a: Rillaboom|Grassy Glide|p2a: Calyrex\n|-damage|p2a: Calyrex|0 fnt\n|faint|p2a: Calyrex\n|move|p2b: Muk|Toxic|p1a: Rillaboom\n|-status|p1a: Rillaboom|tox\n|move|p1b: Zamazenta|Body Press|p2b: Muk\n|-damage|p2b: Muk|71/100\n|\n|-heal|p2b: Muk|77/100|[from] Grassy Terrain\n|-heal|p2b: Muk|83/100|[from] item: Leftovers\n|-heal|p1b: Zamazenta|61/100|[from] Grassy Terrain\n|-damage|p1a: Rillaboom|94/100 tox|[from] psn\n|-ability|p2b: Muk|Moody|boost\n|-boost|p2b: Muk|spa|2\n|-unboost|p2b: Muk|atk|1\n|upkeep\n|turn|11\n|\n|t:|1775476160\n|move|p2b: Muk|Protect|p2b: Muk\n|-singleturn|p2b: Muk|Protect\n|move|p1b: Zamazenta|Body Press|p2b: Muk\n|-activate|p2b: Muk|move: Protect\n|move|p1a: Rillaboom|High Horsepower|p2b: Muk\n|-activate|p2b: Muk|move: Protect\n|\n|-heal|p2b: Muk|89/100|[from] Grassy Terrain\n|-heal|p2b: Muk|95/100|[from] item: Leftovers\n|-heal|p1b: Zamazenta|67/100|[from] Grassy Terrain\n|-heal|p1a: Rillaboom|100/100 tox|[from] Grassy Terrain\n|-damage|p1a: Rillaboom|88/100 tox|[from] psn\n|-ability|p2b: Muk|Moody|boost\n|-boost|p2b: Muk|spd|2\n|-unboost|p2b: Muk|def|1\n|upkeep\n|turn|12\n|inactive|MoralesManco has 30 seconds left.\n|c|\u2606MoralesManco|How you feel about coming up with some gameplay that actually requires skill u cringe loser\n|\n|t:|1775476190\n|move|p2b: Muk|Knock Off|p1a: Rillaboom\n|-damage|p1a: Rillaboom|71/100 tox\n|-enditem|p1a: Rillaboom|Assault Vest|[from] move: Knock Off|[of] p2b: Muk\n|move|p1b: Zamazenta|Body Press|p2b: Muk|[miss]\n|-miss|p1b: Zamazenta|p2b: Muk\n|move|p1a: Rillaboom|High Horsepower|p2b: Muk\n|-supereffective|p2b: Muk\n|-damage|p2b: Muk|72/100\n|\n|-heal|p2b: Muk|78/100|[from] Grassy Terrain\n|-heal|p2b: Muk|84/100|[from] item: Leftovers\n|-heal|p1b: Zamazenta|73/100|[from] Grassy Terrain\n|-heal|p1a: Rillaboom|77/100 tox|[from] Grassy Terrain\n|-damage|p1a: Rillaboom|59/100 tox|[from] psn\n|-ability|p2b: Muk|Moody|boost\n|-boost|p2b: Muk|spa|2\n|-unboost|p2b: Muk|atk|1\n|upkeep\n|turn|13\n|\n|t:|1775476210\n|move|p2b: Muk|Protect|p2b: Muk\n|-singleturn|p2b: Muk|Protect\n|move|p1b: Zamazenta|Body Press|p2b: Muk\n|-activate|p2b: Muk|move: Protect\n|move|p1a: Rillaboom|High Horsepower|p2b: Muk\n|-activate|p2b: Muk|move: Protect\n|\n|-heal|p2b: Muk|90/100|[from] Grassy Terrain\n|-heal|p2b: Muk|96/100|[from] item: Leftovers\n|-heal|p1b: Zamazenta|79/100|[from] Grassy Terrain\n|-heal|p1a: Rillaboom|65/100 tox|[from] Grassy Terrain\n|-damage|p1a: Rillaboom|41/100 tox|[from] psn\n|-ability|p2b: Muk|Moody|boost\n|-boost|p2b: Muk|def|2\n|-unboost|p2b: Muk|spd|1\n|upkeep\n|turn|14\n|\n|t:|1775476230\n|move|p2b: Muk|Knock Off|p1a: Rillaboom\n|-damage|p1a: Rillaboom|30/100 tox\n|move|p1b: Zamazenta|Body Press|p2b: Muk\n|-damage|p2b: Muk|80/100\n|move|p1a: Rillaboom|High Horsepower|p2b: Muk|[miss]\n|-miss|p1a: Rillaboom|p2b: Muk\n|\n|-heal|p2b: Muk|86/100|[from] Grassy Terrain\n|-heal|p2b: Muk|92/100|[from] item: Leftovers\n|-heal|p1b: Zamazenta|85/100|[from] Grassy Terrain\n|-heal|p1a: Rillaboom|36/100 tox|[from] Grassy Terrain\n|-damage|p1a: Rillaboom|6/100 tox|[from] psn\n|-fieldend|move: Grassy Terrain\n|-ability|p2b: Muk|Moody|boost\n|-boost|p2b: Muk|spe|1\n|-unboost|p2b: Muk|spa|1\n|upkeep\n|turn|15\n|\n|t:|1775476249\n|move|p2b: Muk|Protect|p2b: Muk\n|-singleturn|p2b: Muk|Protect\n|move|p1b: Zamazenta|Body Press|p2b: Muk\n|-activate|p2b: Muk|move: Protect\n|move|p1a: Rillaboom|High Horsepower|p2b: Muk\n|-activate|p2b: Muk|move: Protect\n|\n|-heal|p2b: Muk|99/100|[from] item: Leftovers\n|-damage|p1a: Rillaboom|0 fnt|[from] psn\n|faint|p1a: Rillaboom\n|-ability|p2b: Muk|Moody|boost\n|-boost|p2b: Muk|def|1\n|-unboost|p2b: Muk|spd|1\n|upkeep\n|turn|16\n|\n|t:|1775476268\n|move|p2b: Muk|Minimize|p2b: Muk\n|-boost|p2b: Muk|evasion|0\n|move|p1b: Zamazenta|Body Press|p2b: Muk|[miss]\n|-miss|p1b: Zamazenta|p2b: Muk\n|\n|-heal|p2b: Muk|100/100|[from] item: Leftovers\n|-ability|p2b: Muk|Moody|boost\n|-boost|p2b: Muk|spa|2\n|-unboost|p2b: Muk|spd|1\n|upkeep\n|turn|17\n|\n|t:|1775476281\n|move|p2b: Muk|Toxic|p1b: Zamazenta\n|-immune|p1b: Zamazenta\n|move|p1b: Zamazenta|Body Press|p2b: Muk\n|-damage|p2b: Muk|86/100\n|\n|-heal|p2b: Muk|92/100|[from] item: Leftovers\n|-ability|p2b: Muk|Moody|boost\n|-boost|p2b: Muk|spd|2\n|-unboost|p2b: Muk|def|1\n|upkeep\n|turn|18\n|c|\u2606MoralesManco|U should get banned u fcking fetus\n|\n|t:|1775476294\n|move|p2b: Muk|Toxic|p1b: Zamazenta\n|-immune|p1b: Zamazenta\n|move|p1b: Zamazenta|Body Press|p2b: Muk|[miss]\n|-miss|p1b: Zamazenta|p2b: Muk\n|\n|-heal|p2b: Muk|99/100|[from] item: Leftovers\n|-ability|p2b: Muk|Moody|boost\n|-boost|p2b: Muk|spa|2\n|-unboost|p2b: Muk|def|1\n|upkeep\n|turn|19\n|\n|t:|1775476309\n|move|p2b: Muk|Protect|p2b: Muk\n|-singleturn|p2b: Muk|Protect\n|move|p1b: Zamazenta|Heavy Slam|p2b: Muk\n|-activate|p2b: Muk|move: Protect\n|\n|-heal|p2b: Muk|100/100|[from] item: Leftovers\n|-ability|p2b: Muk|Moody|boost\n|-boost|p2b: Muk|spd|2\n|-unboost|p2b: Muk|spa|1\n|upkeep\n|turn|20\n|\n|t:|1775476324\n|move|p2b: Muk|Knock Off|p1b: Zamazenta\n|-resisted|p1b: Zamazenta\n|-damage|p1b: Zamazenta|83/100\n|move|p1b: Zamazenta|Body Press|p2b: Muk|[miss]\n|-miss|p1b: Zamazenta|p2b: Muk\n|\n|-ability|p2b: Muk|Moody|boost\n|-boost|p2b: Muk|def|2\n|-unboost|p2b: Muk|spa|1\n|upkeep\n|turn|21\n|\n|t:|1775476335\n|move|p2b: Muk|Protect|p2b: Muk\n|-singleturn|p2b: Muk|Protect\n|move|p1b: Zamazenta|Heavy Slam|p2b: Muk\n|-activate|p2b: Muk|move: Protect\n|\n|-ability|p2b: Muk|Moody|boost\n|-boost|p2b: Muk|spa|2\n|-unboost|p2b: Muk|def|1\n|upkeep\n|turn|22\n|inactive|moyuanjie has 30 seconds left.\n|inactive|moyuanjie has 20 seconds left.\n|inactive|moyuanjie has 15 seconds left.\n|l|\u2606moyuanjie\n|inactive|moyuanjie disconnected and has a minute to reconnect!\n|player|p2|\n|inactive|moyuanjie has 10 seconds left.\n|inactive|moyuanjie has 5 seconds left.\n|-message|moyuanjie lost due to inactivity.\n|\n|win|MoralesManco\n","uploadtime":1775476285,"views":12,"formatid":"gen9vgc2026regi","rating":null,"private":0,"password":null}