{"id":"gen9vgc2026regi-2570875437","format":"[Gen 9] VGC 2026 Reg I","players":["Hrivik","D4RKEVA"],"log":"|j|\u2606Hrivik\n|j|\u2606D4RKEVA\n|t:|1774863037\n|gametype|doubles\n|player|p1|Hrivik|170|1394\n|player|p2|D4RKEVA|170|1412\n|gen|9\n|tier|[Gen 9] VGC 2026 Reg I\n|rated|\n|rule|Species Clause: Limit one of each Pok\u00e9mon\n|rule|Item Clause: Limit 1 of each item\n|clearpoke\n|poke|p1|Houndstone, L50, M|\n|poke|p1|Whimsicott, L50, F|\n|poke|p1|Koraidon, L50|\n|poke|p1|Chi-Yu, L50|\n|poke|p1|Calyrex-Shadow, L50|\n|poke|p1|Pawmot, L50, M|\n|poke|p2|Lunala, L50|\n|poke|p2|Koraidon, L50|\n|poke|p2|Flutter Mane, L50|\n|poke|p2|Brute Bonnet, L50|\n|poke|p2|Chi-Yu, L50|\n|poke|p2|Ursaluna, L50, F|\n|teampreview|4\n|inactive|Battle timer is ON: inactive players will automatically lose when time's up. (requested by D4RKEVA)\nD4RKEVA rejected open team sheets.\n|inactive|Hrivik has 60 seconds left.\n|inactive|D4RKEVA has 60 seconds left.\n|\n|t:|1774863086\n|teamsize|p1|4\n|teamsize|p2|4\n|start\n|switch|p1a: Whimsicott|Whimsicott, L50, F|100/100\n|switch|p1b: Koraidon|Koraidon, L50|100/100\n|switch|p2a: MoonMoon|Lunala, L50|100/100\n|switch|p2b: Brute Bonnie|Brute Bonnet, L50|100/100\n|-weather|SunnyDay|[from] ability: Orichalcum Pulse|[of] p1b: Koraidon\n|-activate|p2b: Brute Bonnie|ability: Protosynthesis\n|-start|p2b: Brute Bonnie|protosynthesisdef\n|-activate|p1b: Koraidon|Orichalcum Pulse|[source]\n|turn|1\n|\n|t:|1774863106\n|-terastallize|p2b: Brute Bonnie|Water\n|move|p1b: Koraidon|Protect|p1b: Koraidon\n|-singleturn|p1b: Koraidon|Protect\n|move|p1a: Whimsicott|Tailwind|p1a: Whimsicott\n|-sidestart|p1: Hrivik|move: Tailwind\n|move|p2b: Brute Bonnie|Spore|p1b: Koraidon\n|-activate|p1b: Koraidon|move: Protect\n|move|p2a: MoonMoon|Trick Room|p2a: MoonMoon\n|-fieldstart|move: Trick Room|[of] p2a: MoonMoon\n|\n|-weather|SunnyDay|[upkeep]\n|upkeep\n|turn|2\n|inactive|Hrivik has 30 seconds left.\n|\n|t:|1774863135\n|switch|p2a: Girl Math|Ursaluna, L50, F|100/100\n|move|p1a: Whimsicott|Encore||[still]\n|-fail|p1a: Whimsicott\n|move|p2b: Brute Bonnie|Spore|p1b: Koraidon\n|-status|p1b: Koraidon|slp|[from] move: Spore\n|cant|p1b: Koraidon|slp\n|\n|-weather|SunnyDay|[upkeep]\n|-status|p2a: Girl Math|brn|[from] item: Flame Orb\n|upkeep\n|turn|3\n|\n|t:|1774863155\n|cant|p1b: Koraidon|slp\n|move|p2a: Girl Math|Facade|p1b: Koraidon\n|-damage|p1b: Koraidon|0 fnt\n|faint|p1b: Koraidon\n|move|p2b: Brute Bonnie|Spore|p1a: Whimsicott\n|-immune|p1a: Whimsicott\n|move|p1a: Whimsicott|Moonblast|p2a: Girl Math\n|-damage|p2a: Girl Math|69/100 brn\n|\n|-weather|SunnyDay|[upkeep]\n|-damage|p2a: Girl Math|63/100 brn|[from] brn\n|upkeep\n|\n|t:|1774863175\n|switch|p1b: Calyrex|Calyrex-Shadow, L50|100/100\n|-ability|p1b: Calyrex|As One\n|-ability|p1b: Calyrex|Unnerve\n|turn|4\n|\n|t:|1774863190\n|move|p1b: Calyrex|Protect|p1b: Calyrex\n|-singleturn|p1b: Calyrex|Protect\n|move|p1a: Whimsicott|Encore|p2a: Girl Math\n|-start|p2a: Girl Math|Encore\n|move|p2a: Girl Math|Facade|p1a: Whimsicott\n|-damage|p1a: Whimsicott|0 fnt\n|faint|p1a: Whimsicott\n|move|p2b: Brute Bonnie|Spore|p1b: Calyrex\n|-activate|p1b: Calyrex|move: Protect\n|\n|-weather|SunnyDay|[upkeep]\n|-damage|p2a: Girl Math|57/100 brn|[from] brn\n|-sideend|p1: Hrivik|move: Tailwind\n|upkeep\n|\n|t:|1774863199\n|switch|p1a: Chi-Yu|Chi-Yu, L50|100/100\n|-ability|p1a: Chi-Yu|Beads of Ruin\n|turn|5\n|\n|t:|1774863223\n|-terastallize|p1b: Calyrex|Dark\n|move|p1a: Chi-Yu|Protect|p1a: Chi-Yu\n|-singleturn|p1a: Chi-Yu|Protect\n|move|p2a: Girl Math|Facade|p1a: Chi-Yu\n|-activate|p1a: Chi-Yu|move: Protect\n|move|p2b: Brute Bonnie|Spore|p1b: Calyrex\n|-status|p1b: Calyrex|slp|[from] move: Spore\n|cant|p1b: Calyrex|slp\n|\n|-weather|none\n|-end|p2b: Brute Bonnie|Protosynthesis\n|-damage|p2a: Girl Math|52/100 brn|[from] brn\n|-fieldend|move: Trick Room\n|upkeep\n|turn|6\n|\n|t:|1774863237\n|-curestatus|p1b: Calyrex|slp|[msg]\n|move|p1b: Calyrex|Astral Barrage|p2a: Girl Math|[spread] p2b\n|-immune|p2a: Girl Math\n|-damage|p2b: Brute Bonnie|42/100\n|move|p1a: Chi-Yu|Dark Pulse|p2a: Girl Math\n|-damage|p2a: Girl Math|0 fnt\n|faint|p2a: Girl Math\n|move|p2b: Brute Bonnie|Spore|p1a: Chi-Yu\n|-status|p1a: Chi-Yu|slp|[from] move: Spore\n|\n|upkeep\n|\n|t:|1774863250\n|switch|p2a: Flutter Mane|Flutter Mane, L50|100/100\n|turn|7\n|j| canismellyoursweat\n|inactive|D4RKEVA has 30 seconds left.\n|\n|t:|1774863275\n|move|p2b: Brute Bonnie|Sucker Punch|p1b: Calyrex\n|-resisted|p1b: Calyrex\n|-damage|p1b: Calyrex|81/100\n|move|p1b: Calyrex|Astral Barrage|p2b: Brute Bonnie|[spread] p2a,p2b\n|-supereffective|p2a: Flutter Mane\n|-enditem|p2a: Flutter Mane|Focus Sash\n|-damage|p2a: Flutter Mane|1/100\n|-damage|p2b: Brute Bonnie|0 fnt\n|faint|p2b: Brute Bonnie\n|-end|p2b: Brute Bonnie|Protosynthesis|[silent]\n|-ability|p1b: Calyrex|Grim Neigh|boost\n|-boost|p1b: Calyrex|spa|1\n|move|p2a: Flutter Mane|Moonblast|p1b: Calyrex\n|-supereffective|p1b: Calyrex\n|-damage|p1b: Calyrex|0 fnt\n|faint|p1b: Calyrex\n|cant|p1a: Chi-Yu|slp\n|\n|upkeep\n|\n|t:|1774863278\n|switch|p2b: MoonMoon|Lunala, L50|100/100\n|turn|8\n|\n|t:|1774863285\n|move|p2a: Flutter Mane|Moonblast|p1a: Chi-Yu\n|-damage|p1a: Chi-Yu|45/100 slp\n|cant|p1a: Chi-Yu|slp\n|move|p2b: MoonMoon|Meteor Beam||[still]\n|-prepare|p2b: MoonMoon|Meteor Beam\n|-boost|p2b: MoonMoon|spa|1\n|-enditem|p2b: MoonMoon|Power Herb\n|-anim|p2b: MoonMoon|Meteor Beam|p1a: Chi-Yu\n|-supereffective|p1a: Chi-Yu\n|-damage|p1a: Chi-Yu|0 fnt\n|faint|p1a: Chi-Yu\n|\n|win|D4RKEVA\n|raw|Hrivik's rating: 1394 &rarr; <strong>1375</strong><br />(-19 for losing)\n|raw|D4RKEVA's rating: 1412 &rarr; <strong>1431</strong><br />(+19 for winning)\n","uploadtime":1774863290,"views":25,"formatid":"gen9vgc2026regi","rating":1375,"private":0,"password":null}