{"id":"gen9vgc2026regi-2557054888","format":"[Gen 9] VGC 2026 Reg I","players":["Gene10","i\u2764\u5a1c\u7984forever"],"log":"|j|\u2606Gene10\n|j|\u2606i\u2764\u5a1c\u7984forever\n|t:|1773274556\n|gametype|doubles\n|player|p1|Gene10|170|1400\n|player|p2|i\u2764\u5a1c\u7984forever|youngcouple-gen4dp|1389\n|gen|9\n|tier|[Gen 9] VGC 2026 Reg I\n|rated|\n|rule|Species Clause: Limit one of each Pok\u00e9mon\n|rule|Item Clause: Limit 1 of each item\n|clearpoke\n|poke|p1|Calyrex-Ice, L50|\n|poke|p1|Incineroar, L50, F|\n|poke|p1|Kyogre, L50|\n|poke|p1|Urshifu-*, L50, F|\n|poke|p1|Rillaboom, L50, F|\n|poke|p1|Farigiraf, L50, F|\n|poke|p2|Groudon, L50|\n|poke|p2|Kyurem-White, L50|\n|poke|p2|Heatran, L50, M|\n|poke|p2|Whimsicott, L50, M|\n|poke|p2|Roaring Moon, L50|\n|poke|p2|Ditto, L50|\n|teampreview|4\n|inactive|Battle timer is ON: inactive players will automatically lose when time's up. (requested by Gene10)\n|\n|t:|1773274583\n|teamsize|p1|4\n|teamsize|p2|4\n|start\n|switch|p1a: Calyrex|Calyrex-Ice, L50|100/100\n|switch|p1b: Incineroar|Incineroar, L50, F, shiny|100/100\n|switch|p2a: Kyurem|Kyurem-White, L50|100/100\n|switch|p2b: Roaring Moon|Roaring Moon, L50|100/100\n|-ability|p1a: Calyrex|As One\n|-ability|p1a: Calyrex|Unnerve\n|-ability|p2a: Kyurem|Turboblaze\n|-ability|p1b: Incineroar|Intimidate|boost\n|-unboost|p2a: Kyurem|atk|1\n|-unboost|p2b: Roaring Moon|atk|1\n|turn|1\n|\n|t:|1773274594\n|-terastallize|p1a: Calyrex|Fire\n|move|p2b: Roaring Moon|Rock Slide|p1b: Incineroar|[spread] p1a\n|-miss|p2b: Roaring Moon|p1b: Incineroar\n|-supereffective|p1a: Calyrex\n|-crit|p1a: Calyrex\n|-damage|p1a: Calyrex|64/100\n|move|p2a: Kyurem|Shadow Ball|p1a: Calyrex\n|-damage|p1a: Calyrex|41/100\n|move|p1b: Incineroar|Parting Shot|p2a: Kyurem\n|-unboost|p2a: Kyurem|atk|1\n|-unboost|p2a: Kyurem|spa|1\n|\n|t:|1773274607\n|switch|p1b: Urshifu|Urshifu, L50, F|100/100|[from] Parting Shot\n|move|p1a: Calyrex|Trick Room|p1a: Calyrex\n|-fieldstart|move: Trick Room|[of] p1a: Calyrex\n|\n|upkeep\n|turn|2\n|\n|t:|1773274627\n|move|p1a: Calyrex|Glacial Lance|p2a: Kyurem|[spread] p2a,p2b\n|-supereffective|p2b: Roaring Moon\n|-damage|p2a: Kyurem|48/100\n|-damage|p2b: Roaring Moon|0 fnt\n|faint|p2b: Roaring Moon\n|-end|p2b: Roaring Moon|Protosynthesis|[silent]\n|-ability|p1a: Calyrex|Chilling Neigh|boost\n|-boost|p1a: Calyrex|atk|1\n|move|p1b: Urshifu|Close Combat|p2a: Kyurem\n|-supereffective|p2a: Kyurem\n|-damage|p2a: Kyurem|0 fnt\n|-unboost|p1b: Urshifu|def|1\n|-unboost|p1b: Urshifu|spd|1\n|faint|p2a: Kyurem\n|\n|upkeep\n|\n|t:|1773274639\n|switch|p2a: Groudon|Groudon, L50|100/100\n|switch|p2b: Ditto|Ditto, L50|100/100\n|-transform|p2b: Ditto|p1a: Calyrex|[from] ability: Imposter\n|-ability|p2b: Ditto|As One\n|-ability|p2b: Ditto|Unnerve\n|-weather|SunnyDay|[from] ability: Drought|[of] p2a: Groudon\n|-start|p2b: Ditto|typechange|Psychic/Ice|[silent]\n|turn|3\n|\n|t:|1773274664\n|switch|p1b: Incineroar|Incineroar, L50, F, shiny|100/100\n|-ability|p1b: Incineroar|Intimidate|boost\n|-unboost|p2a: Groudon|atk|1\n|-unboost|p2b: Ditto|atk|1\n|-terastallize|p2a: Groudon|Water\n|move|p2b: Ditto|Glacial Lance|p1b: Incineroar|[spread] p1a,p1b\n|-resisted|p1a: Calyrex\n|-resisted|p1b: Incineroar\n|-damage|p1a: Calyrex|24/100\n|-damage|p1b: Incineroar|75/100\n|move|p1a: Calyrex|Glacial Lance|p2a: Groudon|[spread] p2a,p2b\n|-resisted|p2a: Groudon\n|-resisted|p2b: Ditto\n|-damage|p2a: Groudon|73/100\n|-damage|p2b: Ditto|64/100\n|move|p2a: Groudon|Precipice Blades|p1b: Incineroar|[spread] p1a,p1b\n|-supereffective|p1a: Calyrex\n|-supereffective|p1b: Incineroar\n|-damage|p1a: Calyrex|0 fnt\n|-damage|p1b: Incineroar|9/100\n|faint|p1a: Calyrex\n|\n|-weather|SunnyDay|[upkeep]\n|upkeep\n|inactive|Gene10 has 30 seconds left.\n|inactive|Gene10 has 20 seconds left.\n|\n|t:|1773274701\n|switch|p1a: Urshifu|Urshifu, L50, F|100/100\n|turn|4\n|\n|t:|1773274716\n|move|p1b: Incineroar|Fake Out|p2b: Ditto\n|-damage|p2b: Ditto|56/100\n|cant|p2b: Ditto|flinch\n|move|p1a: Urshifu|Wicked Blow|p2a: Groudon\n|-crit|p2a: Groudon\n|-damage|p2a: Groudon|8/100\n|move|p2a: Groudon|Precipice Blades|p1a: Urshifu|[spread] p1a\n|-miss|p2a: Groudon|p1b: Incineroar\n|-damage|p1a: Urshifu|71/100\n|\n|-weather|SunnyDay|[upkeep]\n|upkeep\n|turn|5\n|inactive|Gene10 has 30 seconds left.\n|\n|t:|1773274746\n|move|p2b: Ditto|Glacial Lance|p1a: Urshifu|[spread] p1a,p1b\n|-resisted|p1b: Incineroar\n|-damage|p1a: Urshifu|23/100\n|-damage|p1b: Incineroar|0 fnt\n|faint|p1b: Incineroar\n|-ability|p2b: Ditto|Chilling Neigh|boost\n|-boost|p2b: Ditto|atk|1\n|move|p1a: Urshifu|Wicked Blow|p2b: Ditto\n|-supereffective|p2b: Ditto\n|-crit|p2b: Ditto\n|-damage|p2b: Ditto|0 fnt\n|faint|p2b: Ditto\n|move|p2a: Groudon|Precipice Blades|p1a: Urshifu|[miss]\n|-miss|p2a: Groudon|p1a: Urshifu\n|\n|-weather|SunnyDay|[upkeep]\n|-fieldend|move: Trick Room\n|upkeep\n|\n|t:|1773274758\n|switch|p1b: Kyogre|Kyogre, L50|100/100\n|-weather|RainDance|[from] ability: Drizzle|[of] p1b: Kyogre\n|turn|6\n|\n|t:|1773274772\n|move|p2a: Groudon|Precipice Blades|p1a: Urshifu|[spread] p1a,p1b\n|-damage|p1a: Urshifu|0 fnt\n|-damage|p1b: Kyogre|65/100\n|faint|p1a: Urshifu\n|move|p1b: Kyogre|Thunder|p2a: Groudon\n|-supereffective|p2a: Groudon\n|-damage|p2a: Groudon|0 fnt\n|faint|p2a: Groudon\n|\n|win|Gene10\n|raw|Gene10's rating: 1400 &rarr; <strong>1419</strong><br />(+19 for winning)\n|raw|i\u2764\u5a1c\u7984forever's rating: 1389 &rarr; <strong>1370</strong><br />(-19 for losing)\n|l|\u2606Gene10\n|player|p1|\n","uploadtime":1773274986,"views":14,"formatid":"gen9vgc2026regi","rating":1370,"private":0,"password":null}