{"id":"gen9vgc2026regi-2589659762","format":"[Gen 9] VGC 2026 Reg I","players":["clessvgc","Faux Jacques"],"log":"|j|\u2606clessvgc\n|j|\u2606Faux Jacques\n|t:|1776744090\n|gametype|doubles\n|player|p1|clessvgc|proton|1479\n|player|p2|Faux Jacques|265|1478\n|gen|9\n|tier|[Gen 9] VGC 2026 Reg I\n|rated|\n|rule|Species Clause: Limit one of each Pok\u00e9mon\n|rule|Item Clause: Limit 1 of each item\n|clearpoke\n|poke|p1|Landorus-Therian, L50, M|\n|poke|p1|Calyrex-Shadow, L50|\n|poke|p1|Iron Moth, L50|\n|poke|p1|Tornadus, L50, M|\n|poke|p1|Tinkaton, L50, F|\n|poke|p1|Kyogre, L50|\n|poke|p2|Incineroar, L50, F|\n|poke|p2|Calyrex-Ice, L50|\n|poke|p2|Clefairy, L50, F|\n|poke|p2|Smeargle, L50, M|\n|poke|p2|Miraidon, L50|\n|poke|p2|Hitmontop, L50, M|\n|teampreview|4\n|inactive|Battle timer is ON: inactive players will automatically lose when time's up. (requested by clessvgc)\n|\n|t:|1776744118\n|teamsize|p1|4\n|teamsize|p2|4\n|start\n|switch|p1a: Tinkaton|Tinkaton, L50, F|100/100\n|switch|p1b: Calyrex|Calyrex-Shadow, L50|100/100\n|switch|p2a: Hitmontop|Hitmontop, L50, M|100/100\n|switch|p2b: Calyrex|Calyrex-Ice, L50|100/100\n|-ability|p1b: Calyrex|As One\n|-ability|p1b: Calyrex|Unnerve\n|-ability|p2b: Calyrex|As One\n|-ability|p2b: Calyrex|Unnerve\n|-ability|p1a: Tinkaton|Mold Breaker\n|-ability|p2a: Hitmontop|Intimidate|boost\n|-unboost|p1a: Tinkaton|atk|1\n|-unboost|p1b: Calyrex|atk|1\n|turn|1\n|inactive|clessvgc has 30 seconds left.\n|\n|t:|1776744145\n|-terastallize|p2b: Calyrex|Ghost\n|move|p1a: Tinkaton|Fake Out|p2b: Calyrex\n|-immune|p2b: Calyrex\n|move|p2a: Hitmontop|Wide Guard|p2a: Hitmontop\n|-singleturn|p2a: Hitmontop|Wide Guard\n|move|p1b: Calyrex|Astral Barrage|p2a: Hitmontop|[spread] \n|-activate|p2a: Hitmontop|move: Wide Guard\n|-activate|p2b: Calyrex|move: Wide Guard\n|move|p2b: Calyrex|Trick Room|p2b: Calyrex\n|-fieldstart|move: Trick Room|[of] p2b: Calyrex\n|\n|upkeep\n|turn|2\n|\n|t:|1776744159\n|move|p1a: Tinkaton|Feint|p2a: Hitmontop\n|-damage|p2a: Hitmontop|97/100\n|move|p2a: Hitmontop|Sucker Punch|p2b: Calyrex\n|-supereffective|p2b: Calyrex\n|-damage|p2b: Calyrex|72/100\n|-enditem|p2b: Calyrex|Weakness Policy\n|-boost|p2b: Calyrex|atk|2|[from] item: Weakness Policy\n|-boost|p2b: Calyrex|spa|2|[from] item: Weakness Policy\n|move|p2b: Calyrex|Glacial Lance|p1a: Tinkaton|[spread] p1a,p1b\n|-resisted|p1a: Tinkaton\n|-damage|p1a: Tinkaton|25/100\n|-enditem|p1b: Calyrex|Focus Sash\n|-damage|p1b: Calyrex|1/100\n|move|p1b: Calyrex|Astral Barrage|p2a: Hitmontop|[spread] p2a,p2b\n|-supereffective|p2b: Calyrex\n|-damage|p2a: Hitmontop|35/100\n|-damage|p2b: Calyrex|0 fnt\n|faint|p2b: Calyrex\n|-ability|p1b: Calyrex|Grim Neigh|boost\n|-boost|p1b: Calyrex|spa|1\n|\n|upkeep\n|\n|t:|1776744182\n|switch|p2b: Smeargle|Smeargle, L50, M|100/100\n|turn|3\n|\n|t:|1776744194\n|move|p1b: Calyrex|Protect|p1b: Calyrex\n|-singleturn|p1b: Calyrex|Protect\n|move|p2b: Smeargle|Shadow Sneak|p1b: Calyrex\n|-activate|p1b: Calyrex|move: Protect\n|move|p2a: Hitmontop|Close Combat|p1a: Tinkaton\n|-damage|p1a: Tinkaton|0 fnt\n|-unboost|p2a: Hitmontop|def|1\n|-unboost|p2a: Hitmontop|spd|1\n|faint|p1a: Tinkaton\n|\n|-ability|p2b: Smeargle|Moody|boost\n|-boost|p2b: Smeargle|spd|2\n|-unboost|p2b: Smeargle|def|1\n|upkeep\n|\n|t:|1776744199\n|switch|p1a: Iron Moth|Iron Moth, L50|100/100\n|turn|4\n|inactive|Faux Jacques has 30 seconds left.\n|\n|t:|1776744233\n|-terastallize|p1a: Iron Moth|Grass\n|move|p2a: Hitmontop|Sucker Punch|p1a: Iron Moth\n|-damage|p1a: Iron Moth|69/100\n|move|p2b: Smeargle|Shadow Sneak|p1b: Calyrex\n|-supereffective|p1b: Calyrex\n|-damage|p1b: Calyrex|0 fnt\n|-enditem|p2a: Hitmontop|Sitrus Berry|[eat]\n|-heal|p2a: Hitmontop|60/100|[from] item: Sitrus Berry\n|faint|p1b: Calyrex\n|move|p1a: Iron Moth|Heat Wave|p2b: Smeargle|[spread] p2a,p2b\n|-damage|p2a: Hitmontop|0 fnt\n|-damage|p2b: Smeargle|52/100\n|faint|p2a: Hitmontop\n|-damage|p1a: Iron Moth|59/100|[from] item: Life Orb\n|\n|-ability|p2b: Smeargle|Moody|boost\n|-boost|p2b: Smeargle|spe|2\n|-unboost|p2b: Smeargle|spd|1\n|upkeep\n|\n|t:|1776744245\n|switch|p2a: Miraidon|Miraidon, L50|100/100\n|switch|p1b: Kyogre|Kyogre, L50|100/100\n|-weather|RainDance|[from] ability: Drizzle|[of] p1b: Kyogre\n|-fieldstart|move: Electric Terrain|[from] ability: Hadron Engine|[of] p2a: Miraidon\n|-activate|p1a: Iron Moth|ability: Quark Drive\n|-start|p1a: Iron Moth|quarkdrivespa\n|turn|5\n|\n|t:|1776744260\n|move|p1b: Kyogre|Protect|p1b: Kyogre\n|-singleturn|p1b: Kyogre|Protect\n|move|p2a: Miraidon|Protect|p2a: Miraidon\n|-singleturn|p2a: Miraidon|Protect\n|move|p2b: Smeargle|Shadow Sneak|p1a: Iron Moth\n|-damage|p1a: Iron Moth|54/100\n|move|p1a: Iron Moth|Energy Ball|p2b: Smeargle\n|-damage|p2b: Smeargle|0 fnt\n|faint|p2b: Smeargle\n|-damage|p1a: Iron Moth|45/100|[from] item: Life Orb\n|\n|-weather|RainDance|[upkeep]\n|-fieldend|move: Trick Room\n|upkeep\n|turn|6\n|\n|t:|1776744282\n|move|p2a: Miraidon|Volt Switch|p1b: Kyogre\n|-supereffective|p1b: Kyogre\n|-damage|p1b: Kyogre|0 fnt\n|faint|p1b: Kyogre\n|-damage|p2a: Miraidon|91/100|[from] item: Life Orb\n|move|p1a: Iron Moth|Sludge Wave|p2a: Miraidon\n|-damage|p2a: Miraidon|23/100\n|-damage|p1a: Iron Moth|35/100|[from] item: Life Orb\n|\n|-weather|RainDance|[upkeep]\n|upkeep\n|turn|7\n|\n|t:|1776744293\n|move|p1a: Iron Moth|Protect|p1a: Iron Moth\n|-singleturn|p1a: Iron Moth|Protect\n|move|p2a: Miraidon|Draco Meteor|p1a: Iron Moth\n|-activate|p1a: Iron Moth|move: Protect\n|\n|-weather|RainDance|[upkeep]\n|upkeep\n|turn|8\n|\n|t:|1776744296\n|move|p2a: Miraidon|Draco Meteor|p1a: Iron Moth\n|-damage|p1a: Iron Moth|0 fnt\n|-unboost|p2a: Miraidon|spa|2\n|faint|p1a: Iron Moth\n|-end|p1a: Iron Moth|Quark Drive|[silent]\n|-damage|p2a: Miraidon|14/100|[from] item: Life Orb\n|\n|win|Faux Jacques\n|raw|clessvgc's rating: 1479 &rarr; <strong>1459</strong><br />(-20 for losing)\n|raw|Faux Jacques's rating: 1478 &rarr; <strong>1498</strong><br />(+20 for winning)\n|l|\u2606clessvgc\n|player|p1|\n|l|\u2606Faux Jacques\n|player|p2|\n","uploadtime":1776744559,"views":10,"formatid":"gen9vgc2026regi","rating":1459,"private":0,"password":null}