{"id":"gen9vgc2026regi-2540071534","format":"[Gen 9] VGC 2026 Reg I","players":["SEITA","marcxhenry"],"log":"|j|\u2606SEITA\n|j|\u2606marcxhenry\n|t:|1771156729\n|gametype|doubles\n|player|p1|SEITA|lucas-gen4pt|1490\n|player|p2|marcxhenry|hilbert-wonderlauncher|1446\n|gen|9\n|tier|[Gen 9] VGC 2026 Reg I\n|rated|\n|rule|Species Clause: Limit one of each Pok\u00e9mon\n|rule|Item Clause: Limit 1 of each item\n|clearpoke\n|poke|p1|Zamazenta-*, L50|\n|poke|p1|Kyogre, L50|\n|poke|p1|Wo-Chien, L50|\n|poke|p1|Grimmsnarl, L50, M|\n|poke|p1|Rhyperior, L50, M|\n|poke|p1|Ditto, L50|\n|poke|p2|Calyrex-Shadow, L50|\n|poke|p2|Urshifu-*, L50, M|\n|poke|p2|Roaring Moon, L50|\n|poke|p2|Kyogre, L50|\n|poke|p2|Tsareena, L50, F|\n|poke|p2|Kingambit, L50, M|\n|teampreview|4\n|\n|t:|1771156747\n|teamsize|p1|4\n|teamsize|p2|4\n|start\n|switch|p1a: Grimmsnarl|Grimmsnarl, L50, M|100/100\n|switch|p1b: Zamazenta|Zamazenta-Crowned, L50|100/100\n|switch|p2a: Roter Baron|Roaring Moon, L50, shiny|100/100\n|switch|p2b: Hitmonshe|Tsareena, L50, F, shiny|100/100\n|-ability|p1b: Zamazenta|Dauntless Shield|boost\n|-boost|p1b: Zamazenta|def|1\n|-enditem|p2a: Roter Baron|Booster Energy\n|-activate|p2a: Roter Baron|ability: Protosynthesis|[fromitem]\n|-start|p2a: Roter Baron|protosynthesisspe\n|turn|1\n|\n|t:|1771156761\n|-terastallize|p2a: Roter Baron|Flying\n|move|p1a: Grimmsnarl|Reflect|p1a: Grimmsnarl\n|-sidestart|p1: SEITA|Reflect\n|move|p2a: Roter Baron|Tailwind|p2a: Roter Baron\n|-sidestart|p2: marcxhenry|move: Tailwind\n|move|p2b: Hitmonshe|Taunt|p1b: Zamazenta\n|-start|p1b: Zamazenta|move: Taunt\n|cant|p1b: Zamazenta|move: Taunt|Iron Defense\n|\n|upkeep\n|turn|2\n|\n|t:|1771156777\n|move|p1a: Grimmsnarl|Light Screen|p1a: Grimmsnarl\n|-sidestart|p1: SEITA|move: Light Screen\n|move|p2a: Roter Baron|Acrobatics|p1b: Zamazenta\n|-damage|p1b: Zamazenta|84/100\n|move|p2b: Hitmonshe|Power Whip|p1a: Grimmsnarl\n|-damage|p1a: Grimmsnarl|62/100\n|move|p1b: Zamazenta|Body Press|p2b: Hitmonshe\n|-damage|p2b: Hitmonshe|23/100\n|\n|upkeep\n|turn|3\n|\n|t:|1771156796\n|move|p2b: Hitmonshe|Protect|p2b: Hitmonshe\n|-singleturn|p2b: Hitmonshe|Protect\n|move|p2a: Roter Baron|Acrobatics|p1b: Zamazenta\n|-damage|p1b: Zamazenta|68/100\n|move|p1b: Zamazenta|Body Press|p2b: Hitmonshe\n|-activate|p2b: Hitmonshe|move: Protect\n|move|p1a: Grimmsnarl|Spirit Break|p2b: Hitmonshe\n|-activate|p2b: Hitmonshe|move: Protect\n|\n|-end|p1b: Zamazenta|move: Taunt\n|upkeep\n|turn|4\n|\n|t:|1771156818\n|move|p1b: Zamazenta|Protect|p1b: Zamazenta\n|-singleturn|p1b: Zamazenta|Protect\n|move|p2a: Roter Baron|Acrobatics|p1a: Grimmsnarl\n|-damage|p1a: Grimmsnarl|30/100\n|move|p2b: Hitmonshe|Taunt|p1b: Zamazenta\n|-activate|p1b: Zamazenta|move: Protect\n|move|p1a: Grimmsnarl|Spirit Break|p2b: Hitmonshe\n|-damage|p2b: Hitmonshe|0 fnt\n|faint|p2b: Hitmonshe\n|\n|-sideend|p2: marcxhenry|move: Tailwind\n|upkeep\n|\n|t:|1771156832\n|switch|p2b: Tripitz|Kyogre, L50, shiny|100/100\n|-weather|RainDance|[from] ability: Drizzle|[of] p2b: Tripitz\n|turn|5\n|\n|t:|1771156845\n|move|p1a: Grimmsnarl|Parting Shot|p2b: Tripitz\n|-unboost|p2b: Tripitz|atk|1\n|-unboost|p2b: Tripitz|spa|1\n|\n|t:|1771156848\n|switch|p1a: Kyogre|Kyogre, L50|100/100|[from] Parting Shot\n|move|p2a: Roter Baron|Acrobatics|p1b: Zamazenta\n|-damage|p1b: Zamazenta|52/100\n|move|p1b: Zamazenta|Body Press|p2b: Tripitz\n|-damage|p2b: Tripitz|32/100\n|move|p2b: Tripitz|Water Spout|p1b: Zamazenta|[spread] p1a,p1b\n|-resisted|p1a: Kyogre\n|-damage|p1a: Kyogre|95/100\n|-damage|p1b: Zamazenta|41/100\n|\n|-weather|RainDance|[upkeep]\n|-heal|p1a: Kyogre|100/100|[from] item: Leftovers\n|upkeep\n|turn|6\n|\n|t:|1771156869\n|move|p2b: Tripitz|Protect|p2b: Tripitz\n|-singleturn|p2b: Tripitz|Protect\n|move|p2a: Roter Baron|Knock Off|p1a: Kyogre\n|-damage|p1a: Kyogre|75/100\n|-enditem|p1a: Kyogre|Leftovers|[from] move: Knock Off|[of] p2a: Roter Baron\n|move|p1b: Zamazenta|Behemoth Bash|p2a: Roter Baron\n|-damage|p2a: Roter Baron|47/100\n|move|p1a: Kyogre|Thunder|p2a: Roter Baron\n|-supereffective|p2a: Roter Baron\n|-damage|p2a: Roter Baron|0 fnt\n|faint|p2a: Roter Baron\n|-end|p2a: Roter Baron|Protosynthesis|[silent]\n|\n|-weather|RainDance|[upkeep]\n|upkeep\n|-message|marcxhenry forfeited.\n|\n|win|SEITA\n|raw|SEITA's rating: 1490 &rarr; <strong>1507</strong><br />(+17 for winning)\n|raw|marcxhenry's rating: 1446 &rarr; <strong>1429</strong><br />(-17 for losing)\n|l|\u2606marcxhenry\n|player|p2|\n|l|\u2606SEITA\n|player|p1|\n","uploadtime":1771157093,"views":33,"formatid":"gen9vgc2026regi","rating":1429,"private":0,"password":null}