{"id":"gen9vgc2026regi-2546635366","format":"[Gen 9] VGC 2026 Reg I","players":["lalo's pollos","foobert %0il99p"],"log":"|j|\u2606lalo's pollos\n|j|\u2606foobert %0il99p\n|t:|1771987147\n|gametype|doubles\n|player|p1|lalo's pollos|169|1429\n|player|p2|foobert %0il99p|engineer-gen3|1313\n|gen|9\n|tier|[Gen 9] VGC 2026 Reg I\n|rated|\n|rule|Species Clause: Limit one of each Pok\u00e9mon\n|rule|Item Clause: Limit 1 of each item\n|clearpoke\n|poke|p1|Zamazenta-*, L50|\n|poke|p1|Lunala, L50|\n|poke|p1|Rillaboom, L50, F|\n|poke|p1|Incineroar, L50, F|\n|poke|p1|Urshifu-*, L50, F|\n|poke|p1|Tornadus, L50, M|\n|poke|p2|Samurott-Hisui, L50, M|\n|poke|p2|Incineroar, L50, F|\n|poke|p2|Glimmora, L50, M|\n|poke|p2|Calyrex-Ice, L50|\n|poke|p2|Miraidon, L50|\n|poke|p2|Sinistcha, L50|\n|teampreview|4\n|inactive|Battle timer is ON: inactive players will automatically lose when time's up. (requested by lalo's pollos)\n|inactive|foobert %0il99p has 60 seconds left.\n|inactive|foobert %0il99p has 30 seconds left.\n|inactive|foobert %0il99p has 20 seconds left.\n|inactive|foobert %0il99p has 15 seconds left.\n|\n|t:|1771987333\n|teamsize|p1|4\n|teamsize|p2|4\n|start\n|switch|p1a: Lunala|Lunala, L50|100/100\n|switch|p1b: Incineroar|Incineroar, L50, F|100/100\n|switch|p2a: Samurott|Samurott-Hisui, L50, M|100/100\n|switch|p2b: Miraidon|Miraidon, L50|100/100\n|-fieldstart|move: Electric Terrain|[from] ability: Hadron Engine|[of] p2b: Miraidon\n|-ability|p1b: Incineroar|Intimidate|boost\n|-unboost|p2a: Samurott|atk|1\n|-unboost|p2b: Miraidon|atk|1\n|turn|1\n|\n|t:|1771987352\n|-terastallize|p1a: Lunala|Fairy\n|move|p1b: Incineroar|Fake Out|p2b: Miraidon\n|-damage|p2b: Miraidon|91/100\n|cant|p2b: Miraidon|flinch\n|move|p1a: Lunala|Calm Mind|p1a: Lunala\n|-boost|p1a: Lunala|spa|1\n|-boost|p1a: Lunala|spd|1\n|move|p2a: Samurott|Ceaseless Edge|p1a: Lunala\n|-resisted|p1a: Lunala\n|-damage|p1a: Lunala|94/100\n|-sidestart|p1: lalo's pollos|Spikes\n|\n|-heal|p1a: Lunala|99/100|[from] item: Leftovers\n|upkeep\n|turn|2\n|\n|t:|1771987376\n|move|p1a: Lunala|Protect|p1a: Lunala\n|-singleturn|p1a: Lunala|Protect\n|move|p2b: Miraidon|Snarl|p1b: Incineroar|[spread] p1b\n|-activate|p1a: Lunala|move: Protect\n|-resisted|p1b: Incineroar\n|-damage|p1b: Incineroar|93/100\n|-unboost|p1b: Incineroar|spa|1\n|move|p2a: Samurott|Taunt|p1a: Lunala\n|-activate|p1a: Lunala|move: Protect\n|move|p1b: Incineroar|Parting Shot|p2b: Miraidon\n|-unboost|p2b: Miraidon|atk|1\n|-unboost|p2b: Miraidon|spa|1\n|\n|t:|1771987389\n|switch|p1b: Zamazenta|Zamazenta-Crowned, L50|100/100|[from] Parting Shot\n|-damage|p1b: Zamazenta|88/100|[from] Spikes\n|-ability|p1b: Zamazenta|Dauntless Shield|boost\n|-boost|p1b: Zamazenta|def|1\n|\n|-heal|p1a: Lunala|100/100|[from] item: Leftovers\n|upkeep\n|turn|3\n|\n|t:|1771987410\n|switch|p2b: Sinistcha|Sinistcha, L50|100/100\n|move|p1b: Zamazenta|Wide Guard|p1b: Zamazenta\n|-singleturn|p1b: Zamazenta|Wide Guard\n|move|p1a: Lunala|Moonblast|p2a: Samurott\n|-supereffective|p2a: Samurott\n|-damage|p2a: Samurott|0 fnt\n|faint|p2a: Samurott\n|\n|upkeep\n|\n|t:|1771987420\n|switch|p2a: Calyrex|Calyrex-Ice, L50|100/100\n|-ability|p2a: Calyrex|As One\n|-ability|p2a: Calyrex|Unnerve\n|turn|4\n|\n|t:|1771987429\n|move|p2b: Sinistcha|Rage Powder|p2b: Sinistcha\n|-singleturn|p2b: Sinistcha|move: Rage Powder\n|move|p1b: Zamazenta|Heavy Slam|p2b: Sinistcha\n|-damage|p2b: Sinistcha|53/100\n|move|p1a: Lunala|Moonblast|p2b: Sinistcha\n|-damage|p2b: Sinistcha|0 fnt\n|faint|p2b: Sinistcha\n|move|p2a: Calyrex|Leech Seed|p1a: Lunala\n|-start|p1a: Lunala|move: Leech Seed\n|\n|-damage|p1a: Lunala|88/100|[from] Leech Seed|[of] p2a: Calyrex\n|upkeep\n|\n|t:|1771987433\n|switch|p2b: Miraidon|Miraidon, L50|91/100\n|-activate|p2b: Miraidon|ability: Hadron Engine\n|turn|5\n|\n|t:|1771987452\n|-terastallize|p2a: Calyrex|Water\n|move|p1a: Lunala|Protect|p1a: Lunala\n|-singleturn|p1a: Lunala|Protect\n|move|p2b: Miraidon|Electro Drift|p1a: Lunala\n|-activate|p1a: Lunala|move: Protect\n|move|p1b: Zamazenta|Body Press|p2b: Miraidon\n|-damage|p2b: Miraidon|27/100\n|move|p2a: Calyrex|Leech Seed|p1b: Zamazenta\n|-start|p1b: Zamazenta|move: Leech Seed\n|\n|-heal|p1a: Lunala|94/100|[from] item: Leftovers\n|-damage|p1b: Zamazenta|76/100|[from] Leech Seed|[of] p2a: Calyrex\n|-damage|p1a: Lunala|82/100|[from] Leech Seed|[of] p2a: Calyrex\n|-fieldend|move: Electric Terrain\n|upkeep\n|turn|6\n|\n|t:|1771987467\n|move|p1b: Zamazenta|Wide Guard|p1b: Zamazenta\n|-singleturn|p1b: Zamazenta|Wide Guard\n|move|p2b: Miraidon|Electro Drift|p1a: Lunala\n|-damage|p1a: Lunala|57/100\n|move|p1a: Lunala|Moonblast|p2b: Miraidon\n|-supereffective|p2b: Miraidon\n|-damage|p2b: Miraidon|0 fnt\n|faint|p2b: Miraidon\n|move|p2a: Calyrex|Glacial Lance|p1a: Lunala|[spread] \n|-activate|p1a: Lunala|move: Wide Guard\n|-activate|p1b: Zamazenta|move: Wide Guard\n|\n|-heal|p1a: Lunala|63/100|[from] item: Leftovers\n|-damage|p1b: Zamazenta|63/100|[from] Leech Seed|[of] p2a: Calyrex\n|-damage|p1a: Lunala|50/100|[from] Leech Seed|[of] p2a: Calyrex\n|upkeep\n|turn|7\n|\n|t:|1771987473\n|switch|p1a: Incineroar|Incineroar, L50, F|93/100\n|-damage|p1a: Incineroar|81/100|[from] Spikes\n|-ability|p1a: Incineroar|Intimidate|boost\n|-unboost|p2a: Calyrex|atk|1\n|move|p1b: Zamazenta|Wide Guard|p1b: Zamazenta\n|-singleturn|p1b: Zamazenta|Wide Guard\n|move|p2a: Calyrex|Trick Room|p2a: Calyrex\n|-fieldstart|move: Trick Room|[of] p2a: Calyrex\n|\n|-damage|p1b: Zamazenta|51/100|[from] Leech Seed|[of] p2a: Calyrex\n|upkeep\n|turn|8\n|\n|t:|1771987485\n|switch|p1b: Tornadus|Tornadus, L50, M|100/100\n|move|p1a: Incineroar|Fake Out|p2a: Calyrex\n|-damage|p2a: Calyrex|94/100\n|cant|p2a: Calyrex|flinch\n|\n|-heal|p2a: Calyrex|99/100|[from] item: Leftovers\n|upkeep\n|turn|9\n|\n|t:|1771987497\n|switch|p1b: Zamazenta|Zamazenta-Crowned, L50|51/100\n|-damage|p1b: Zamazenta|38/100|[from] Spikes\n|move|p2a: Calyrex|Leech Seed|p1b: Zamazenta\n|-start|p1b: Zamazenta|move: Leech Seed\n|move|p1a: Incineroar|Taunt|p2a: Calyrex\n|-start|p2a: Calyrex|move: Taunt\n|\n|-heal|p2a: Calyrex|100/100|[from] item: Leftovers\n|-damage|p1b: Zamazenta|26/100|[from] Leech Seed|[of] p2a: Calyrex\n|upkeep\n|turn|10\n|\n|t:|1771987506\n|move|p1b: Zamazenta|Wide Guard|p1b: Zamazenta\n|-singleturn|p1b: Zamazenta|Wide Guard\n|move|p2a: Calyrex|Glacial Lance|p1b: Zamazenta|[spread] \n|-activate|p1a: Incineroar|move: Wide Guard\n|-activate|p1b: Zamazenta|move: Wide Guard\n|move|p1a: Incineroar|Parting Shot|p2a: Calyrex\n|-unboost|p2a: Calyrex|atk|1\n|-unboost|p2a: Calyrex|spa|1\n|\n|t:|1771987510\n|switch|p1a: Tornadus|Tornadus, L50, M|100/100|[from] Parting Shot\n|\n|-damage|p1b: Zamazenta|13/100|[from] Leech Seed|[of] p2a: Calyrex\n|upkeep\n|turn|11\n|\n|t:|1771987519\n|switch|p1b: Incineroar|Incineroar, L50, F|81/100\n|-damage|p1b: Incineroar|69/100|[from] Spikes\n|-ability|p1b: Incineroar|Intimidate|boost\n|-unboost|p2a: Calyrex|atk|1\n|move|p2a: Calyrex|Glacial Lance|p1b: Incineroar|[spread] p1a,p1b\n|-supereffective|p1a: Tornadus\n|-resisted|p1b: Incineroar\n|-damage|p1a: Tornadus|31/100\n|-damage|p1b: Incineroar|61/100\n|move|p1a: Tornadus|Bleakwind Storm|p2a: Calyrex\n|-damage|p2a: Calyrex|74/100\n|-unboost|p2a: Calyrex|spe|1\n|\n|-heal|p2a: Calyrex|80/100|[from] item: Leftovers\n|-fieldend|move: Trick Room\n|upkeep\n|turn|12\n|\n|t:|1771987534\n|move|p1a: Tornadus|Bleakwind Storm|p2a: Calyrex|[miss]\n|-miss|p1a: Tornadus|p2a: Calyrex\n|move|p1b: Incineroar|Knock Off|p2a: Calyrex\n|-damage|p2a: Calyrex|56/100\n|-enditem|p2a: Calyrex|Leftovers|[from] move: Knock Off|[of] p1b: Incineroar\n|move|p2a: Calyrex|Glacial Lance|p1b: Incineroar|[spread] p1a,p1b\n|-supereffective|p1a: Tornadus\n|-resisted|p1b: Incineroar\n|-damage|p1a: Tornadus|0 fnt\n|-damage|p1b: Incineroar|54/100\n|faint|p1a: Tornadus\n|-ability|p2a: Calyrex|Chilling Neigh|boost\n|-boost|p2a: Calyrex|atk|1\n|\n|-end|p2a: Calyrex|move: Taunt\n|upkeep\n|\n|t:|1771987542\n|switch|p1a: Lunala|Lunala, L50, tera:Fairy|50/100\n|-damage|p1a: Lunala|38/100|[from] Spikes\n|turn|13\n|\n|t:|1771987550\n|move|p1a: Lunala|Protect|p1a: Lunala\n|-singleturn|p1a: Lunala|Protect\n|move|p2a: Calyrex|Protect|p2a: Calyrex\n|-singleturn|p2a: Calyrex|Protect\n|move|p1b: Incineroar|Taunt|p2a: Calyrex\n|-activate|p2a: Calyrex|move: Protect\n|\n|-heal|p1a: Lunala|44/100|[from] item: Leftovers\n|upkeep\n|turn|14\n|\n|t:|1771987558\n|move|p1a: Lunala|Moongeist Beam|p2a: Calyrex\n|-damage|p2a: Calyrex|25/100\n|move|p1b: Incineroar|Taunt|p2a: Calyrex\n|-start|p2a: Calyrex|move: Taunt\n|move|p2a: Calyrex|Glacial Lance|p1a: Lunala|[spread] p1a,p1b\n|-resisted|p1b: Incineroar\n|-damage|p1a: Lunala|24/100\n|-damage|p1b: Incineroar|42/100\n|\n|-heal|p1a: Lunala|30/100|[from] item: Leftovers\n|upkeep\n|turn|15\n|\n|t:|1771987579\n|move|p1a: Lunala|Protect|p1a: Lunala\n|-singleturn|p1a: Lunala|Protect\n|move|p1b: Incineroar|Parting Shot|p2a: Calyrex\n|-unboost|p2a: Calyrex|atk|1\n|-unboost|p2a: Calyrex|spa|1\n|\n|t:|1771987583\n|switch|p1b: Zamazenta|Zamazenta-Crowned, L50|13/100|[from] Parting Shot\n|-damage|p1b: Zamazenta|1/100|[from] Spikes\n|move|p2a: Calyrex|Glacial Lance|p1b: Zamazenta|[spread] p1b\n|-activate|p1a: Lunala|move: Protect\n|-resisted|p1b: Zamazenta\n|-damage|p1b: Zamazenta|0 fnt\n|faint|p1b: Zamazenta\n|-ability|p2a: Calyrex|Chilling Neigh|boost\n|-boost|p2a: Calyrex|atk|1\n|\n|-heal|p1a: Lunala|36/100|[from] item: Leftovers\n|upkeep\n|\n|t:|1771987585\n|switch|p1b: Incineroar|Incineroar, L50, F|42/100\n|-damage|p1b: Incineroar|30/100|[from] Spikes\n|-ability|p1b: Incineroar|Intimidate|boost\n|-unboost|p2a: Calyrex|atk|1\n|turn|16\n|\n|t:|1771987598\n|move|p1b: Incineroar|Fake Out|p2a: Calyrex\n|-damage|p2a: Calyrex|18/100\n|move|p1a: Lunala|Calm Mind|p1a: Lunala\n|-boost|p1a: Lunala|spa|1\n|-boost|p1a: Lunala|spd|1\n|cant|p2a: Calyrex|flinch\n|\n|-heal|p1a: Lunala|42/100|[from] item: Leftovers\n|-end|p2a: Calyrex|move: Taunt\n|upkeep\n|turn|17\n|\n|t:|1771987604\n|move|p1a: Lunala|Moongeist Beam|p2a: Calyrex\n|-damage|p2a: Calyrex|0 fnt\n|faint|p2a: Calyrex\n|\n|win|lalo's pollos\n|raw|lalo&apos;s pollos's rating: 1429 &rarr; <strong>1443</strong><br />(+14 for winning)\n|raw|foobert %0il99p's rating: 1313 &rarr; <strong>1299</strong><br />(-14 for losing)\n|l|\u2606foobert %0il99p\n|player|p2|\n","uploadtime":1771987840,"views":12,"formatid":"gen9vgc2026regi","rating":1299,"private":0,"password":null}