{"id":"gen9vgc2026regi-2548199102","format":"[Gen 9] VGC 2026 Reg I","players":["xiaoliyunVGC","Ibaraki Rino"],"log":"|j|\u2606xiaoliyunVGC\n|j|\u2606Ibaraki Rino\n|t:|1772185924\n|gametype|doubles\n|player|p1|xiaoliyunVGC|liko|1471\n|player|p2|Ibaraki Rino|dawn|1385\n|gen|9\n|tier|[Gen 9] VGC 2026 Reg I\n|rated|\n|rule|Species Clause: Limit one of each Pok\u00e9mon\n|rule|Item Clause: Limit 1 of each item\n|clearpoke\n|poke|p1|Zamazenta-*, L50|\n|poke|p1|Kyogre, L50|\n|poke|p1|Raichu, L50, M|\n|poke|p1|Flutter Mane, L50|\n|poke|p1|Tornadus, L50, M|\n|poke|p1|Kingambit, L50, M|\n|poke|p2|Calyrex-Shadow, L50|\n|poke|p2|Zamazenta-*, L50|\n|poke|p2|Chien-Pao, L50|\n|poke|p2|Incineroar, L50, M|\n|poke|p2|Amoonguss, L50, M|\n|poke|p2|Tornadus, L50, M|\n|teampreview|4\n|inactive|Battle timer is ON: inactive players will automatically lose when time's up. (requested by xiaoliyunVGC)\n|inactive|Ibaraki Rino has 60 seconds left.\n|\n|t:|1772185985\n|teamsize|p1|4\n|teamsize|p2|4\n|start\n|switch|p1a: Kyogre|Kyogre, L50|100/100\n|switch|p1b: Raichu|Raichu, L50, M|100/100\n|switch|p2a: Zamazenta|Zamazenta-Crowned, L50|100/100\n|switch|p2b: Tornadus|Tornadus, L50, M|100/100\n|-weather|RainDance|[from] ability: Drizzle|[of] p1a: Kyogre\n|-ability|p2a: Zamazenta|Dauntless Shield|boost\n|-boost|p2a: Zamazenta|def|1\n|turn|1\n|\n|t:|1772186003\n|-terastallize|p1a: Kyogre|Water\n|move|p2b: Tornadus|Protect|p2b: Tornadus\n|-singleturn|p2b: Tornadus|Protect\n|move|p2a: Zamazenta|Protect|p2a: Zamazenta\n|-singleturn|p2a: Zamazenta|Protect\n|move|p1b: Raichu|Feint|p2a: Zamazenta\n|-activate|p2a: Zamazenta|move: Feint\n|-resisted|p2a: Zamazenta\n|-damage|p2a: Zamazenta|99/100\n|move|p1a: Kyogre|Water Spout|p2b: Tornadus|[spread] p2a\n|-activate|p2b: Tornadus|move: Protect\n|-damage|p2a: Zamazenta|12/100\n|\n|-weather|RainDance|[upkeep]\n|upkeep\n|turn|2\n|inactive|Ibaraki Rino has 30 seconds left.\n|inactive|Ibaraki Rino has 20 seconds left.\n|inactive|Ibaraki Rino has 15 seconds left.\n|\n|t:|1772186044\n|switch|p1a: Flutter Mane|Flutter Mane, L50|100/100\n|-enditem|p1a: Flutter Mane|Booster Energy\n|-activate|p1a: Flutter Mane|ability: Protosynthesis|[fromitem]\n|-start|p1a: Flutter Mane|protosynthesisspe\n|move|p2b: Tornadus|Tailwind|p2b: Tornadus\n|-sidestart|p2: Ibaraki Rino|move: Tailwind\n|move|p2a: Zamazenta|Body Press|p1a: Flutter Mane\n|-immune|p1a: Flutter Mane\n|move|p1b: Raichu|Nuzzle|p2a: Zamazenta\n|-damage|p2a: Zamazenta|9/100\n|-status|p2a: Zamazenta|par\n|\n|-weather|RainDance|[upkeep]\n|upkeep\n|turn|3\n|inactive|xiaoliyunVGC has 30 seconds left.\n|inactive|Ibaraki Rino has 30 seconds left.\n|inactive|xiaoliyunVGC has 20 seconds left.\n|\n|t:|1772186082\n|switch|p1b: Zamazenta|Zamazenta-Crowned, L50, shiny|100/100\n|-ability|p1b: Zamazenta|Dauntless Shield|boost\n|-boost|p1b: Zamazenta|def|1\n|move|p1a: Flutter Mane|Moonblast|p2a: Zamazenta\n|-damage|p2a: Zamazenta|0 fnt\n|faint|p2a: Zamazenta\n|move|p2b: Tornadus|Bleakwind Storm|p1a: Flutter Mane|[spread] p1a,p1b\n|-damage|p1a: Flutter Mane|58/100\n|-damage|p1b: Zamazenta|73/100\n|-unboost|p1b: Zamazenta|spe|1\n|\n|-weather|RainDance|[upkeep]\n|upkeep\n|\n|t:|1772186097\n|switch|p2a: Calyrex|Calyrex-Shadow, L50|100/100\n|-ability|p2a: Calyrex|As One\n|-ability|p2a: Calyrex|Unnerve\n|turn|4\n|inactive|Ibaraki Rino has 30 seconds left.\n|\n|t:|1772186128\n|switch|p2b: Chien-Pao|Chien-Pao, L50|100/100\n|-ability|p2b: Chien-Pao|Sword of Ruin\n|move|p1b: Zamazenta|Wide Guard|p1b: Zamazenta\n|-singleturn|p1b: Zamazenta|Wide Guard\n|move|p2a: Calyrex|Shadow Ball|p1a: Flutter Mane\n|-supereffective|p1a: Flutter Mane\n|-damage|p1a: Flutter Mane|0 fnt\n|faint|p1a: Flutter Mane\n|-end|p1a: Flutter Mane|Protosynthesis|[silent]\n|-ability|p2a: Calyrex|Grim Neigh|boost\n|-boost|p2a: Calyrex|spa|1\n|\n|-weather|RainDance|[upkeep]\n|upkeep\n|\n|t:|1772186143\n|switch|p1a: Raichu|Raichu, L50, M|100/100\n|turn|5\n|inactive|Ibaraki Rino has 30 seconds left.\n|inactive|Ibaraki Rino has 20 seconds left.\n|inactive|Ibaraki Rino has 15 seconds left.\n|inactive|Ibaraki Rino has 10 seconds left.\n|\n|t:|1772186190\n|move|p2b: Chien-Pao|Ice Shard|p1a: Raichu\n|-damage|p1a: Raichu|54/100\n|move|p2a: Calyrex|Shadow Ball|p1a: Raichu\n|-damage|p1a: Raichu|0 fnt\n|faint|p1a: Raichu\n|-ability|p2a: Calyrex|Grim Neigh|boost\n|-boost|p2a: Calyrex|spa|1\n|move|p1b: Zamazenta|Behemoth Bash|p2b: Chien-Pao\n|-supereffective|p2b: Chien-Pao\n|-enditem|p2b: Chien-Pao|Focus Sash\n|-damage|p2b: Chien-Pao|1/100\n|\n|-weather|none\n|-sideend|p2: Ibaraki Rino|move: Tailwind\n|upkeep\n|\n|t:|1772186203\n|switch|p1a: Kyogre|Kyogre, L50, tera:Water|100/100\n|-weather|RainDance|[from] ability: Drizzle|[of] p1a: Kyogre\n|turn|6\n|inactive|Ibaraki Rino has 30 seconds left.\n|inactive|Ibaraki Rino has 20 seconds left.\n|inactive|Ibaraki Rino has 15 seconds left.\n|inactive|Ibaraki Rino has 10 seconds left.\n|inactive|Ibaraki Rino has 5 seconds left.\n|\n|t:|1772186256\n|-terastallize|p2a: Calyrex|Ghost\n|move|p2a: Calyrex|Shadow Ball|p1a: Kyogre\n|-damage|p1a: Kyogre|5/100\n|move|p1a: Kyogre|Origin Pulse|p2b: Chien-Pao|[spread] p2b\n|-miss|p1a: Kyogre|p2a: Calyrex\n|-damage|p2b: Chien-Pao|0 fnt\n|faint|p2b: Chien-Pao\n|move|p1b: Zamazenta|Behemoth Bash|p2a: Calyrex\n|-damage|p2a: Calyrex|54/100\n|\n|-weather|RainDance|[upkeep]\n|upkeep\n|\n|t:|1772186270\n|switch|p2b: Tornadus|Tornadus, L50, M|100/100\n|turn|7\n|c|\u2606Ibaraki Rino|My bad\n|\n|t:|1772186288\n|move|p2a: Calyrex|Shadow Ball|p1a: Kyogre\n|-damage|p1a: Kyogre|0 fnt\n|faint|p1a: Kyogre\n|-ability|p2a: Calyrex|Grim Neigh|boost\n|-boost|p2a: Calyrex|spa|1\n|move|p2b: Tornadus|Bleakwind Storm|p1b: Zamazenta\n|-damage|p1b: Zamazenta|34/100\n|move|p1b: Zamazenta|Behemoth Bash|p2a: Calyrex\n|-damage|p2a: Calyrex|11/100\n|\n|-weather|RainDance|[upkeep]\n|upkeep\n|turn|8\n|-message|xiaoliyunVGC forfeited.\n|\n|win|Ibaraki Rino\n|raw|xiaoliyunVGC's rating: 1471 &rarr; <strong>1446</strong><br />(-25 for losing)\n|raw|Ibaraki Rino's rating: 1385 &rarr; <strong>1410</strong><br />(+25 for winning)\n|l|\u2606xiaoliyunVGC\n|player|p1|\n|l|\u2606Ibaraki Rino\n|player|p2|\n","uploadtime":1772186509,"views":14,"formatid":"gen9vgc2026regi","rating":1410,"private":0,"password":null}