{"id":"gen9vgc2026regi-2563975308","format":"[Gen 9] VGC 2026 Reg I","players":["TheManOfSausage","Lacossg"],"log":"|j|\u2606TheManOfSausage\n|j|\u2606Lacossg\n|t:|1774094552\n|gametype|doubles\n|player|p1|TheManOfSausage|miku-water|1459\n|player|p2|Lacossg|266|1650\n|gen|9\n|tier|[Gen 9] VGC 2026 Reg I\n|rated|\n|rule|Species Clause: Limit one of each Pok\u00e9mon\n|rule|Item Clause: Limit 1 of each item\n|clearpoke\n|poke|p1|Calyrex-Shadow, L50|\n|poke|p1|Koraidon, L50|\n|poke|p1|Weezing-Galar, L50, M|\n|poke|p1|Ditto, L50|\n|poke|p1|Regieleki, L50|\n|poke|p1|Walking Wake, L50|\n|poke|p2|Zacian-*, L50|\n|poke|p2|Iron Valiant, L50|\n|poke|p2|Tyranitar, L50, M|\n|poke|p2|Zamazenta-*, L50|\n|poke|p2|Landorus, L50, M|\n|poke|p2|Tornadus, L50, M|\n|teampreview|4\nTheManOfSausage has agreed to open team sheets.\n|\n|t:|1774094616\n|teamsize|p1|4\n|teamsize|p2|4\n|start\n|switch|p1a: Koraidon|Koraidon, L50|100/100\n|switch|p1b: Weezing|Weezing-Galar, L50, M|100/100\n|switch|p2a: Tyranitar|Tyranitar, L50, M|100/100\n|switch|p2b: Zacian|Zacian-Crowned, L50|100/100\n|-ability|p1b: Weezing|Neutralizing Gas\n|-block|p1a: Koraidon|item: Ability Shield\n|-weather|SunnyDay|[from] ability: Orichalcum Pulse|[of] p1a: Koraidon\n|-activate|p1a: Koraidon|Orichalcum Pulse|[source]\n|turn|1\n|\n|t:|1774094627\n|-terastallize|p1a: Koraidon|Fire\n|move|p2b: Zacian|Protect|p2b: Zacian\n|-singleturn|p2b: Zacian|Protect\n|move|p2a: Tyranitar|Protect|p2a: Tyranitar\n|-singleturn|p2a: Tyranitar|Protect\n|move|p1b: Weezing|Protect|p1b: Weezing\n|-singleturn|p1b: Weezing|Protect\n|move|p1a: Koraidon|Flame Charge|p2b: Zacian\n|-activate|p2b: Zacian|move: Protect\n|\n|-weather|SunnyDay|[upkeep]\n|upkeep\n|turn|2\n|\n|t:|1774094655\n|-terastallize|p2b: Zacian|Ground\n|move|p2b: Zacian|Tera Blast|p1a: Koraidon|[anim] Tera Blast Ground\n|-supereffective|p1a: Koraidon\n|-damage|p1a: Koraidon|17/100\n|move|p1a: Koraidon|Collision Course|p2a: Tyranitar\n|-supereffective|p2a: Tyranitar\n|-enditem|p2a: Tyranitar|Focus Sash\n|-damage|p2a: Tyranitar|1/100\n|move|p2a: Tyranitar|Rock Slide|p1b: Weezing|[spread] p1a,p1b\n|-supereffective|p1a: Koraidon\n|-crit|p1a: Koraidon\n|-damage|p1a: Koraidon|0 fnt\n|-damage|p1b: Weezing|79/100\n|faint|p1a: Koraidon\n|move|p1b: Weezing|Toxic Spikes|p2a: Tyranitar\n|-sidestart|p2: Lacossg|move: Toxic Spikes\n|\n|-weather|SunnyDay|[upkeep]\n|upkeep\n|\n|t:|1774094662\n|switch|p1a: Rice Shower|Calyrex-Shadow, L50|100/100\n|-ability|p1a: Rice Shower|As One\n|-ability|p1a: Rice Shower|Unnerve\n|turn|3\n|\n|t:|1774094688\n|move|p2b: Zacian|Protect|p2b: Zacian\n|-singleturn|p2b: Zacian|Protect\n|move|p2a: Tyranitar|Protect|p2a: Tyranitar\n|-singleturn|p2a: Tyranitar|Protect\n|move|p1b: Weezing|Protect|p1b: Weezing\n|-singleturn|p1b: Weezing|Protect\n|move|p1a: Rice Shower|Astral Barrage|p2b: Zacian|[spread] \n|-activate|p2a: Tyranitar|move: Protect\n|-activate|p2b: Zacian|move: Protect\n|\n|-weather|SunnyDay|[upkeep]\n|upkeep\n|turn|4\n|\n|t:|1774094705\n|move|p1a: Rice Shower|Astral Barrage|p2b: Zacian|[spread] p2a,p2b\n|-resisted|p2a: Tyranitar\n|-damage|p2a: Tyranitar|0 fnt\n|-damage|p2b: Zacian|52/100\n|faint|p2a: Tyranitar\n|-ability|p1a: Rice Shower|Grim Neigh|boost\n|-boost|p1a: Rice Shower|spa|1\n|move|p2b: Zacian|Behemoth Blade|p1b: Weezing\n|-supereffective|p1b: Weezing\n|-damage|p1b: Weezing|0 fnt\n|-damage|p2b: Zacian|35/100|[from] item: Rocky Helmet|[of] p1b: Weezing\n|faint|p1b: Weezing\n|-end|p1b: Weezing|ability: Neutralizing Gas\n|-ability|p2b: Zacian|Intrepid Sword|boost\n|-boost|p2b: Zacian|atk|1\n|\n|-weather|SunnyDay|[upkeep]\n|upkeep\n|\n|t:|1774094722\n|switch|p2a: Tornadus|Tornadus, L50, M|100/100\n|switch|p1b: Ditto|Ditto, L50|100/100\n|turn|5\n|c|\u2606TheManOfSausage|forgot about that\n|\n|t:|1774094781\n|move|p2a: Tornadus|Tailwind|p2a: Tornadus\n|-sidestart|p2: Lacossg|move: Tailwind\n|move|p2b: Zacian|Behemoth Blade|p1a: Rice Shower\n|-damage|p1a: Rice Shower|2/100\n|move|p1a: Rice Shower|Astral Barrage|p2b: Zacian|[spread] p2a,p2b\n|-damage|p2a: Tornadus|0 fnt\n|-damage|p2b: Zacian|0 fnt\n|faint|p2a: Tornadus\n|faint|p2b: Zacian\n|-ability|p1a: Rice Shower|Grim Neigh|boost\n|-boost|p1a: Rice Shower|spa|2\n|move|p1b: Ditto|Transform|p2: Tornadus|[notarget]\n|-fail|p1b: Ditto\n|\n|-weather|none\n|upkeep\n|\n|t:|1774094789\n|switch|p2b: Landorus|Landorus, L50, M|100/100\n|turn|6\n|\n|t:|1774094804\n|move|p1a: Rice Shower|Protect|p1a: Rice Shower\n|-singleturn|p1a: Rice Shower|Protect\n|move|p2b: Landorus|Earth Power|p1a: Rice Shower\n|-activate|p1a: Rice Shower|move: Protect\n|move|p1b: Ditto|Transform|p2b: Landorus\n|-transform|p1b: Ditto|p2b: Landorus\n|\n|upkeep\n|turn|7\n|\n|t:|1774094811\n|move|p1a: Rice Shower|Protect||[still]\n|-fail|p1a: Rice Shower\n|move|p2b: Landorus|Earth Power|p1a: Rice Shower\n|-damage|p1a: Rice Shower|0 fnt\n|faint|p1a: Rice Shower\n|move|p1b: Ditto|Sludge Bomb|p2b: Landorus\n|-resisted|p2b: Landorus\n|-damage|p2b: Landorus|75/100\n|\n|upkeep\n|turn|8\n|\n|t:|1774094816\n|move|p2b: Landorus|Sludge Bomb|p1b: Ditto\n|-resisted|p1b: Ditto\n|-damage|p1b: Ditto|68/100\n|move|p1b: Ditto|Sludge Bomb|p2b: Landorus\n|-resisted|p2b: Landorus\n|-damage|p2b: Landorus|50/100\n|\n|-sideend|p2: Lacossg|move: Tailwind\n|upkeep\n|turn|9\n|\n|t:|1774094821\n|move|p1b: Ditto|Sludge Bomb|p2b: Landorus\n|-resisted|p2b: Landorus\n|-damage|p2b: Landorus|24/100\n|move|p2b: Landorus|Sludge Bomb|p1b: Ditto\n|-resisted|p1b: Ditto\n|-damage|p1b: Ditto|32/100\n|\n|upkeep\n|turn|10\n|c|\u2606Lacossg|It all comes down\n|c|\u2606Lacossg|To a tie\n|c|\u2606TheManOfSausage|im scarf\n|c|\u2606Lacossg|Ggs anyways\n|c|\u2606TheManOfSausage|so a double protect\n|\n|t:|1774094848\n|move|p2b: Landorus|Protect|p2b: Landorus\n|-singleturn|p2b: Landorus|Protect\n|move|p1b: Ditto|Sludge Bomb|p2b: Landorus\n|-activate|p2b: Landorus|move: Protect\n|\n|upkeep\n|turn|11\n|c|\u2606Lacossg|Then double protect it is\n|\n|t:|1774094859\n|move|p2b: Landorus|Protect|p2b: Landorus\n|-singleturn|p2b: Landorus|Protect\n|move|p1b: Ditto|Sludge Bomb|p2b: Landorus\n|-activate|p2b: Landorus|move: Protect\n|\n|upkeep\n|turn|12\n|c|\u2606TheManOfSausage|ggwp\n|\n|t:|1774094865\n|-activate|p1b: Ditto|move: Struggle\n|move|p1b: Ditto|Struggle|p2b: Landorus\n|-damage|p2b: Landorus|11/100\n|-damage|p1b: Ditto|7/100|[from] recoil\n|move|p2b: Landorus|Sludge Bomb|p1b: Ditto\n|-resisted|p1b: Ditto\n|-damage|p1b: Ditto|0 fnt\n|faint|p1b: Ditto\n|\n|win|Lacossg\n|raw|TheManOfSausage's rating: 1459 &rarr; <strong>1449</strong><br />(-10 for losing)\n|raw|Lacossg's rating: 1650 &rarr; <strong>1660</strong><br />(+10 for winning)\n|c|\u2606TheManOfSausage|lol\n|l|\u2606Lacossg\n|player|p2|\n|l|\u2606TheManOfSausage\n|player|p1|\n","uploadtime":1774095095,"views":17,"formatid":"gen9vgc2026regi","rating":1449,"private":0,"password":null}