{"id":"gen9vgc2026regi-2520506264","format":"[Gen 9] VGC 2026 Reg I","players":["woj_yd","yaochangzhe"],"log":"|j|\u2606woj_yd\n|j|\u2606yaochangzhe\n|t:|1768644659\n|gametype|doubles\n|player|p1|woj_yd|steven|1361\n|player|p2|yaochangzhe|169|1386\n|gen|9\n|tier|[Gen 9] VGC 2026 Reg I\n|rated|\n|rule|Species Clause: Limit one of each Pok\u00e9mon\n|rule|Item Clause: Limit 1 of each item\n|clearpoke\n|poke|p1|Groudon, L50|\n|poke|p1|Lunala, L50|\n|poke|p1|Chi-Yu, L50|\n|poke|p1|Walking Wake, L50|\n|poke|p1|Shiftry, L50, F|\n|poke|p1|Urshifu-*, L50, F|\n|poke|p2|Miraidon, L50|\n|poke|p2|Calyrex-Ice, L50|\n|poke|p2|Ogerpon-Wellspring, L50, F|\n|poke|p2|Volcarona, L50, M|\n|poke|p2|Ditto, L50|\n|poke|p2|Farigiraf, L50, M|\n|teampreview|4\n|\n|t:|1768644691\n|teamsize|p1|4\n|teamsize|p2|4\n|start\n|switch|p1a: Groudon|Groudon, L50|100/100\n|switch|p1b: Shiftry|Shiftry, L50, F, shiny|100/100\n|switch|p2a: Miraidon|Miraidon, L50|100/100\n|switch|p2b: Ditto|Ditto, L50|100/100\n|-fieldstart|move: Electric Terrain|[from] ability: Hadron Engine|[of] p2a: Miraidon\n|-weather|SunnyDay|[from] ability: Drought|[of] p1a: Groudon\n|-transform|p2b: Ditto|p1a: Groudon|[from] ability: Imposter\n|turn|1\n|inactive|Battle timer is ON: inactive players will automatically lose when time's up. (requested by woj_yd)\n|inactive|yaochangzhe has 60 seconds left.\n|inactive|yaochangzhe has 30 seconds left.\n|inactive|yaochangzhe has 20 seconds left.\n|\n|t:|1768644801\n|move|p2a: Miraidon|Volt Switch|p1b: Shiftry\n|-resisted|p1b: Shiftry\n|-damage|p1b: Shiftry|63/100\n|-enditem|p1b: Shiftry|Eject Button\n|\n|t:|1768644806\n|switch|p1b: Walking Wake|Walking Wake, L50|100/100\n|-activate|p1b: Walking Wake|ability: Protosynthesis\n|-start|p1b: Walking Wake|protosynthesisspe\n|move|p2b: Ditto|Heat Crash|p1b: Walking Wake\n|-resisted|p1b: Walking Wake\n|-damage|p1b: Walking Wake|86/100\n|move|p1a: Groudon|Precipice Blades|p2b: Ditto|[spread] p2a\n|-miss|p1a: Groudon|p2b: Ditto\n|-supereffective|p2a: Miraidon\n|-crit|p2a: Miraidon\n|-damage|p2a: Miraidon|0 fnt\n|faint|p2a: Miraidon\n|\n|-weather|SunnyDay|[upkeep]\n|upkeep\n|\n|t:|1768644819\n|switch|p2a: Calyrex|Calyrex-Ice, L50|100/100\n|-ability|p2a: Calyrex|As One\n|-ability|p2a: Calyrex|Unnerve\n|turn|2\n|inactive|woj_yd has 30 seconds left.\n|inactive|woj_yd has 20 seconds left.\n|inactive|woj_yd has 15 seconds left.\n|inactive|woj_yd has 10 seconds left.\n|\n|t:|1768644865\n|-terastallize|p2a: Calyrex|Water\n|move|p1b: Walking Wake|Hydro Steam|p2b: Ditto\n|-supereffective|p2b: Ditto\n|-enditem|p2b: Ditto|Focus Sash\n|-damage|p2b: Ditto|1/100\n|-damage|p1b: Walking Wake|77/100|[from] item: Life Orb\n|move|p2b: Ditto|Precipice Blades|p1b: Walking Wake|[spread] p1a,p1b\n|-damage|p1a: Groudon|67/100\n|-damage|p1b: Walking Wake|22/100\n|move|p1a: Groudon|Precipice Blades|p2b: Ditto|[spread] p2b\n|-miss|p1a: Groudon|p2a: Calyrex\n|-damage|p2b: Ditto|0 fnt\n|faint|p2b: Ditto\n|move|p2a: Calyrex|Trick Room|p2a: Calyrex\n|-fieldstart|move: Trick Room|[of] p2a: Calyrex\n|\n|-weather|SunnyDay|[upkeep]\n|upkeep\n|inactive|yaochangzhe has 30 seconds left.\n|\n|t:|1768644895\n|switch|p2b: Volcarona|Volcarona, L50, M|100/100\n|turn|3\n|inactive|woj_yd has 30 seconds left.\n|\n|t:|1768644927\n|-terastallize|p1a: Groudon|Fire\n|move|p1b: Walking Wake|Protect|p1b: Walking Wake\n|-singleturn|p1b: Walking Wake|Protect\n|move|p2a: Calyrex|Glacial Lance|p1a: Groudon|[spread] p1a\n|-activate|p1b: Walking Wake|move: Protect\n|-resisted|p1a: Groudon\n|-damage|p1a: Groudon|51/100\n|move|p1a: Groudon|Rock Slide|p2b: Volcarona|[spread] p2a,p2b\n|-supereffective|p2b: Volcarona\n|-damage|p2a: Calyrex|86/100\n|-damage|p2b: Volcarona|15/100\n|move|p2b: Volcarona|Fiery Dance|p1a: Groudon\n|-resisted|p1a: Groudon\n|-damage|p1a: Groudon|34/100\n|-boost|p2b: Volcarona|spa|1\n|\n|-weather|SunnyDay|[upkeep]\n|upkeep\n|turn|4\n|inactive|woj_yd has 30 seconds left.\n|\n|t:|1768644953\n|move|p2b: Volcarona|Rage Powder|p2b: Volcarona\n|-singleturn|p2b: Volcarona|move: Rage Powder\n|move|p2a: Calyrex|High Horsepower|p1a: Groudon\n|-supereffective|p1a: Groudon\n|-damage|p1a: Groudon|0 fnt\n|faint|p1a: Groudon\n|-ability|p2a: Calyrex|Chilling Neigh|boost\n|-boost|p2a: Calyrex|atk|1\n|move|p1b: Walking Wake|Dragon Pulse|p2b: Volcarona\n|-damage|p2b: Volcarona|0 fnt\n|faint|p2b: Volcarona\n|-damage|p1b: Walking Wake|12/100|[from] item: Life Orb\n|\n|-weather|SunnyDay|[upkeep]\n|upkeep\n|\n|t:|1768644965\n|switch|p1a: Shiftry|Shiftry, L50, F, shiny|63/100\n|turn|5\n|inactive|yaochangzhe has 30 seconds left.\n|inactive|yaochangzhe has 20 seconds left.\n|\n|t:|1768645002\n|move|p1a: Shiftry|Fake Out|p2a: Calyrex\n|-damage|p2a: Calyrex|80/100\n|cant|p2a: Calyrex|flinch\n|move|p1b: Walking Wake|Dragon Pulse|p2a: Calyrex\n|-damage|p2a: Calyrex|47/100\n|-damage|p1b: Walking Wake|2/100|[from] item: Life Orb\n|\n|-weather|none\n|-end|p1b: Walking Wake|Protosynthesis\n|-fieldend|move: Electric Terrain\n|upkeep\n|turn|6\n|\n|t:|1768645021\n|move|p1b: Walking Wake|Protect|p1b: Walking Wake\n|-singleturn|p1b: Walking Wake|Protect\n|move|p2a: Calyrex|Glacial Lance|p1b: Walking Wake|[spread] p1a\n|-activate|p1b: Walking Wake|move: Protect\n|-supereffective|p1a: Shiftry\n|-damage|p1a: Shiftry|0 fnt\n|faint|p1a: Shiftry\n|-ability|p2a: Calyrex|Chilling Neigh|boost\n|-boost|p2a: Calyrex|atk|1\n|\n|-fieldend|move: Trick Room\n|upkeep\n|\n|t:|1768645031\n|switch|p1a: Chi-Yu|Chi-Yu, L50|100/100\n|-ability|p1a: Chi-Yu|Beads of Ruin\n|turn|7\n|inactive|yaochangzhe has 30 seconds left.\n|inactive|yaochangzhe has 20 seconds left.\n|inactive|yaochangzhe has 15 seconds left.\n|inactive|yaochangzhe has 10 seconds left.\n|inactive|yaochangzhe has 5 seconds left.\n|\n|t:|1768645086\n|move|p1a: Chi-Yu|Overheat|p2a: Calyrex\n|-resisted|p2a: Calyrex\n|-damage|p2a: Calyrex|18/100\n|-unboost|p1a: Chi-Yu|spa|2\n|move|p1b: Walking Wake|Dragon Pulse|p2a: Calyrex\n|-damage|p2a: Calyrex|0 fnt\n|faint|p2a: Calyrex\n|-damage|p1b: Walking Wake|0 fnt|[from] item: Life Orb\n|faint|p1b: Walking Wake\n|-end|p1b: Walking Wake|Protosynthesis|[silent]\n|\n|win|woj_yd\n|raw|woj_yd's rating: 1361 &rarr; <strong>1382</strong><br />(+21 for winning)\n|raw|yaochangzhe's rating: 1386 &rarr; <strong>1365</strong><br />(-21 for losing)\n|l|\u2606woj_yd\n|player|p1|\n|l|\u2606yaochangzhe\n|player|p2|\n","uploadtime":1768645351,"views":19,"formatid":"gen9vgc2026regi","rating":1365,"private":0,"password":null}