{"id":"gen9vgc2026regi-2574030370","format":"[Gen 9] VGC 2026 Reg I","players":["elychee267","1VLTSQ Joker"],"log":"|j|\u2606elychee267\n|j|\u26061VLTSQ Joker\n|html|<table width=\"100%\"><tr><td align=\"left\">elychee267</td><td align=\"right\">1VLTSQ Joker</tr><tr><td align=\"left\"><i class=\"fa fa-circle-o\"></i> <i class=\"fa fa-circle-o\"></i> </td><td align=\"right\"><i class=\"fa fa-circle-o\"></i> <i class=\"fa fa-circle\"></i> </tr></table>\n|uhtml|bestof|<h2><strong>Game 2</strong> of <a href=\"/game-bestof3-gen9vgc2026regi-2574027399\">a best-of-3</a></h2>\n|t:|1775190930\n|gametype|doubles\n|player|p1|elychee267|nate|\n|player|p2|1VLTSQ Joker|blue|\n|gen|9\n|tier|[Gen 9] VGC 2026 Reg I\n|rated|Tournament battle\n|rule|Species Clause: Limit one of each Pok\u00e9mon\n|rule|Item Clause: Limit 1 of each item\n|raw|<div class=\"infobox\"><details class=\"readmore\" open><summary><strong>4 custom rules:</strong></summary> Open Team Sheets, Force Open Team Sheets, !Open Team Sheets, Best of = 3</details></div>\n|clearpoke\n|poke|p1|Lunala, L50|\n|poke|p1|Indeedee-F, L50, F|\n|poke|p1|Incineroar, L50, M|\n|poke|p1|Koraidon, L50|\n|poke|p1|Ursaluna, L50, F|\n|poke|p1|Flutter Mane, L50|\n|poke|p2|Calyrex-Ice, L50|\n|poke|p2|Smeargle, L50, M|\n|poke|p2|Kyogre, L50|\n|poke|p2|Maushold, L50|\n|poke|p2|Volcarona, L50, M|\n|poke|p2|Pawmot, L50, F|\n|teampreview|4\n|showteam|p1|Lunala||Leftovers|ShadowShield|MoongeistBeam,ExpandingForce,WideGuard,TrickRoom||||||50|,,,,,Water]Indeedee-F||SafetyGoggles|PsychicSurge|TrickRoom,HelpingHand,FollowMe,DazzlingGleam|||F|||50|,,,,,Fairy]Incineroar||AssaultVest|Intimidate|FakeOut,FlareBlitz,KnockOff,Uturn|||M|||50|,,,,,Bug]Koraidon||LifeOrb|OrichalcumPulse|CloseCombat,Protect,FlareBlitz,FlameCharge||||||50|,,,,,Fire]Ursaluna||FlameOrb|Guts|Facade,Earthquake,HeadlongRush,Protect|||F|||50|,,,,,Ghost]Flutter Mane||FocusSash|Protosynthesis|Moonblast,IcyWind,Protect,Taunt||||||50|,,,,,Normal\n|showteam|p2|Calyrex-Ice||AssaultVest|AsOneGlastrier|GlacialLance,HighHorsepower,Crunch,SeedBomb||||||50|,,,,,Grass]Smeargle||FocusSash|Moody|FollowMe,Spore,FakeOut,Decorate|||M|||50|,,,,,Ghost]Kyogre||ChoiceScarf|Drizzle|WaterSpout,OriginPulse,HydroPump,Thunder||||||50|,,,,,Water]Maushold||WideLens|Technician|PopulationBomb,Bite,FollowMe,Protect||||||50|,,,,,Normal]Volcarona||RockyHelmet|FlameBody|Flamethrower,RagePowder,Tailwind,Protect|||M|||50|,,,,,Normal]Pawmot||MentalHerb|VoltAbsorb|FakeOut,RevivalBlessing,CloseCombat,Nuzzle|||F|||50|,,,,,Dark\n|inactive|Battle timer is ON: inactive players will automatically lose when time's up. (requested by elychee267)\n|j|+holdingb\n|j|@Radio Free C-Side\n|j| SpatulaHands\n|\n|t:|1775190942\n|teamsize|p1|4\n|teamsize|p2|4\n|start\n|switch|p1a: Flutter Mane|Flutter Mane, L50, shiny|100/100\n|switch|p1b: Incineroar|Incineroar, L50, M, shiny|100/100\n|switch|p2a: Calyrex|Calyrex-Ice, L50|100/100\n|switch|p2b: Smeargle|Smeargle, L50, M|100/100\n|-ability|p2a: Calyrex|As One\n|-ability|p2a: Calyrex|Unnerve\n|-ability|p1b: Incineroar|Intimidate|boost\n|-unboost|p2a: Calyrex|atk|1\n|-unboost|p2b: Smeargle|atk|1\n|turn|1\n|\n|t:|1775190958\n|move|p2b: Smeargle|Fake Out|p1b: Incineroar\n|-damage|p1b: Incineroar|97/100\n|move|p1a: Flutter Mane|Taunt|p2b: Smeargle\n|-start|p2b: Smeargle|move: Taunt\n|cant|p1b: Incineroar|flinch\n|move|p2a: Calyrex|Glacial Lance|p1b: Incineroar|[spread] p1a,p1b\n|-resisted|p1b: Incineroar\n|-damage|p1a: Flutter Mane|12/100\n|-damage|p1b: Incineroar|80/100\n|\n|-ability|p2b: Smeargle|Moody|boost\n|-boost|p2b: Smeargle|def|2\n|-unboost|p2b: Smeargle|atk|1\n|upkeep\n|turn|2\n|j| speedyturtle87\n|inactive|elychee267 has 30 seconds left.\n|\n|t:|1775190987\n|switch|p2b: Kyogre|Kyogre, L50|100/100\n|-weather|RainDance|[from] ability: Drizzle|[of] p2b: Kyogre\n|move|p1a: Flutter Mane|Moonblast|p2b: Kyogre\n|-damage|p2b: Kyogre|61/100\n|move|p1b: Incineroar|Knock Off|p2b: Kyogre\n|-damage|p2b: Kyogre|11/100\n|-enditem|p2b: Kyogre|Choice Scarf|[from] move: Knock Off|[of] p1b: Incineroar\n|move|p2a: Calyrex|Glacial Lance|p1b: Incineroar|[spread] p1a,p1b\n|-resisted|p1b: Incineroar\n|-damage|p1a: Flutter Mane|0 fnt\n|-damage|p1b: Incineroar|64/100\n|faint|p1a: Flutter Mane\n|-end|p1a: Flutter Mane|Protosynthesis|[silent]\n|-ability|p2a: Calyrex|Chilling Neigh|boost\n|-boost|p2a: Calyrex|atk|1\n|\n|-weather|RainDance|[upkeep]\n|upkeep\n|\n|t:|1775190989\n|switch|p1a: Koraidon|Koraidon, L50|100/100\n|-weather|SunnyDay|[from] ability: Orichalcum Pulse|[of] p1a: Koraidon\n|-activate|p1a: Koraidon|Orichalcum Pulse|[source]\n|turn|3\n|j| 9999999ooo9999\n|j| pieking221\n|\n|t:|1775191009\n|switch|p2b: Pawmot|Pawmot, L50, F|100/100\n|switch|p2a: Smeargle|Smeargle, L50, M|100/100\n|-terastallize|p1b: Incineroar|Bug\n|move|p1a: Koraidon|Protect|p1a: Koraidon\n|-singleturn|p1a: Koraidon|Protect\n|move|p1b: Incineroar|Knock Off|p2b: Pawmot\n|-resisted|p2b: Pawmot\n|-damage|p2b: Pawmot|69/100\n|-enditem|p2b: Pawmot|Mental Herb|[from] move: Knock Off|[of] p1b: Incineroar\n|\n|-weather|SunnyDay|[upkeep]\n|-ability|p2a: Smeargle|Moody|boost\n|-boost|p2a: Smeargle|def|2\n|-unboost|p2a: Smeargle|atk|1\n|upkeep\n|turn|4\n|j| Graffiti Boy\n|l| Graffiti Boy\n|inactive|1VLTSQ Joker has 30 seconds left.\n|\n|t:|1775191035\n|switch|p1a: Lunala|Lunala, L50|100/100\n|move|p2b: Pawmot|Nuzzle|p1a: Lunala\n|-damage|p1a: Lunala|98/100\n|-status|p1a: Lunala|par\n|move|p2a: Smeargle|Spore||[still]\n|-fail|p2a: Smeargle\n|move|p1b: Incineroar|Knock Off|p2a: Smeargle\n|-damage|p2a: Smeargle|52/100\n|-enditem|p2a: Smeargle|Focus Sash|[from] move: Knock Off|[of] p1b: Incineroar\n|\n|-weather|SunnyDay|[upkeep]\n|-heal|p1a: Lunala|100/100 par|[from] item: Leftovers\n|-ability|p2a: Smeargle|Moody|boost\n|-boost|p2a: Smeargle|spd|2\n|-unboost|p2a: Smeargle|spe|1\n|upkeep\n|turn|5\n|c|\u26061VLTSQ Joker|im too tired lol\n|l| 9999999ooo9999\n|inactive|1VLTSQ Joker has 30 seconds left.\n|\n|t:|1775191061\n|switch|p2b: Kyogre|Kyogre, L50|11/100\n|-weather|RainDance|[from] ability: Drizzle|[of] p2b: Kyogre\n|move|p2a: Smeargle|Spore|p1b: Incineroar\n|-status|p1b: Incineroar|slp|[from] move: Spore\n|cant|p1b: Incineroar|slp\n|move|p1a: Lunala|Expanding Force|p2b: Kyogre\n|-damage|p2b: Kyogre|0 fnt\n|faint|p2b: Kyogre\n|\n|-weather|RainDance|[upkeep]\n|-ability|p2a: Smeargle|Moody|boost\n|-boost|p2a: Smeargle|atk|2\n|-unboost|p2a: Smeargle|spe|1\n|upkeep\n|c|\u2606elychee267|u have 2x in both defense :(\n|\n|t:|1775191071\n|switch|p2b: Calyrex|Calyrex-Ice, L50|100/100\n|-ability|p2b: Calyrex|As One\n|-ability|p2b: Calyrex|Unnerve\n|turn|6\n|j| 9999999ooo9999\n|\n|t:|1775191080\n|-terastallize|p2b: Calyrex|Grass\n|cant|p1b: Incineroar|slp\n|move|p2b: Calyrex|Crunch|p1a: Lunala\n|-supereffective|p1a: Lunala\n|-damage|p1a: Lunala|54/100 par\n|move|p2a: Smeargle|Decorate|p2b: Calyrex\n|-boost|p2b: Calyrex|atk|2\n|-boost|p2b: Calyrex|spa|2\n|cant|p1a: Lunala|par\n|\n|-weather|RainDance|[upkeep]\n|-heal|p1a: Lunala|60/100 par|[from] item: Leftovers\n|-ability|p2a: Smeargle|Moody|boost\n|-boost|p2a: Smeargle|spd|2\n|-unboost|p2a: Smeargle|spe|1\n|upkeep\n|turn|7\n|c|+holdingb|this smeargle has been insane in the past like four games\n|\n|t:|1775191093\n|cant|p1b: Incineroar|slp\n|move|p2b: Calyrex|Glacial Lance|p1a: Lunala|[spread] p1a,p1b\n|-damage|p1a: Lunala|0 fnt\n|-damage|p1b: Incineroar|0 fnt\n|faint|p1a: Lunala\n|faint|p1b: Incineroar\n|-ability|p2b: Calyrex|Chilling Neigh|boost\n|-boost|p2b: Calyrex|atk|2\n|move|p2a: Smeargle|Decorate|p2b: Calyrex\n|-boost|p2b: Calyrex|atk|2\n|-boost|p2b: Calyrex|spa|2\n|\n|-weather|RainDance|[upkeep]\n|-ability|p2a: Smeargle|Moody|boost\n|-boost|p2a: Smeargle|atk|2\n|-unboost|p2a: Smeargle|spe|1\n|upkeep\n|\n|t:|1775191099\n|switch|p1b: Koraidon|Koraidon, L50|100/100\n|-weather|SunnyDay|[from] ability: Orichalcum Pulse|[of] p1b: Koraidon\n|-activate|p1b: Koraidon|Orichalcum Pulse|[source]\n|turn|8\n|j| toadsamongmen\n|c|\u26061VLTSQ Joker|call him bob ross\n|\n|t:|1775191110\n|move|p2a: Smeargle|Follow Me|p2a: Smeargle\n|-singleturn|p2a: Smeargle|move: Follow Me\n|move|p1b: Koraidon|Flare Blitz|p2a: Smeargle\n|-damage|p2a: Smeargle|0 fnt\n|faint|p2a: Smeargle\n|-damage|p1b: Koraidon|85/100|[from] Recoil\n|-damage|p1b: Koraidon|75/100|[from] item: Life Orb\n|move|p2b: Calyrex|Glacial Lance|p1b: Koraidon\n|-supereffective|p1b: Koraidon\n|-damage|p1b: Koraidon|0 fnt\n|faint|p1b: Koraidon\n|\n|win|1VLTSQ Joker\n|c|\u2606elychee267|hate smearlge\n|c|\u2606elychee267|gg\n|l|+Radio Free C-Side\n|l| 9999999ooo9999\n|l|\u26061VLTSQ Joker\n|player|p2|\n|l| holdingb\n|l| toadsamongmen\n|j| aurora ltd\n|l| speedyturtle87\n","uploadtime":1775191296,"views":11,"formatid":"gen9vgc2026regi","rating":null,"private":0,"password":null}