{"id":"gen9vgc2026regi-2587622816","format":"[Gen 9] VGC 2026 Reg I","players":["be_011","castiel123"],"log":"|j|\u2606be_011\n|j|\u2606castiel123\n|t:|1776547854\n|gametype|doubles\n|player|p1|be_011|265|1362\n|player|p2|castiel123|169|1417\n|gen|9\n|tier|[Gen 9] VGC 2026 Reg I\n|rated|\n|rule|Species Clause: Limit one of each Pok\u00e9mon\n|rule|Item Clause: Limit 1 of each item\n|clearpoke\n|poke|p1|Tyranitar, L50, M|\n|poke|p1|Ho-Oh, L50|\n|poke|p1|Ogerpon-Cornerstone, L50, F|\n|poke|p1|Rillaboom, L50, F|\n|poke|p1|Zacian-*, L50|\n|poke|p1|Hitmontop, L50, M|\n|poke|p2|Zamazenta-*, L50|\n|poke|p2|Annihilape, L50, M|\n|poke|p2|Amoonguss, L50, M|\n|poke|p2|Terapagos, L50, M|\n|poke|p2|Chi-Yu, L50|\n|poke|p2|Whimsicott, L50, M|\n|teampreview|4\n|inactive|Battle timer is ON: inactive players will automatically lose when time's up. (requested by be_011)\n|\n|t:|1776547901\n|teamsize|p1|4\n|teamsize|p2|4\n|start\n|switch|p1a: Ho-Oh|Ho-Oh, L50|100/100\n|switch|p1b: Tyranitar|Tyranitar, L50, M|100/100\n|switch|p2a: Whimsicott|Whimsicott, L50, M|100/100\n|switch|p2b: Annihilape|Annihilape, L50, M|100/100\n|-weather|Sandstorm|[from] ability: Sand Stream|[of] p1b: Tyranitar\n|turn|1\n|inactive|be_011 has 30 seconds left.\n|\n|t:|1776547941\n|-terastallize|p1b: Tyranitar|Flying\n|move|p2b: Annihilape|Final Gambit|p1a: Ho-Oh\n|-damage|p1a: Ho-Oh|0 fnt\n|faint|p2b: Annihilape\n|faint|p1a: Ho-Oh\n|move|p2a: Whimsicott|Moonblast|p1b: Tyranitar\n|-damage|p1b: Tyranitar|78/100\n|move|p1b: Tyranitar|Taunt|p2a: Whimsicott\n|-start|p2a: Whimsicott|move: Taunt\n|\n|-weather|Sandstorm|[upkeep]\n|-damage|p2a: Whimsicott|95/100|[from] Sandstorm\n|-damage|p1b: Tyranitar|72/100|[from] Sandstorm\n|-heal|p1b: Tyranitar|78/100|[from] item: Leftovers\n|upkeep\n|\n|t:|1776547960\n|switch|p2b: Terapagos|Terapagos, L50, M|100/100\n|switch|p1a: Hitmontop|Hitmontop, L50, M|100/100\n|-activate|p2b: Terapagos|ability: Tera Shift\n|detailschange|p2b: Terapagos|Terapagos-Terastal, L50, M\n|-heal|p2b: Terapagos|100/100|[silent]\n|-ability|p1a: Hitmontop|Intimidate|boost\n|-unboost|p2a: Whimsicott|atk|1\n|-unboost|p2b: Terapagos|atk|1\n|turn|2\n|\n|t:|1776547972\n|switch|p2a: Zamazenta|Zamazenta-Crowned, L50|100/100\n|-ability|p2a: Zamazenta|Dauntless Shield|boost\n|-boost|p2a: Zamazenta|def|1\n|move|p2b: Terapagos|Calm Mind|p2b: Terapagos\n|-boost|p2b: Terapagos|spa|1\n|-boost|p2b: Terapagos|spd|1\n|move|p1a: Hitmontop|Low Kick|p2b: Terapagos\n|-activate|p2b: Terapagos|ability: Tera Shell\n|-resisted|p2b: Terapagos\n|-damage|p2b: Terapagos|97/100\n|move|p1b: Tyranitar|Snarl|p2b: Terapagos|[spread] p2a,p2b\n|-resisted|p2a: Zamazenta\n|-damage|p2a: Zamazenta|97/100\n|-damage|p2b: Terapagos|90/100\n|-unboost|p2a: Zamazenta|spa|1\n|-unboost|p2b: Terapagos|spa|1\n|\n|-weather|Sandstorm|[upkeep]\n|-damage|p2b: Terapagos|84/100|[from] Sandstorm\n|-damage|p1a: Hitmontop|95/100|[from] Sandstorm\n|-damage|p1b: Tyranitar|72/100|[from] Sandstorm\n|-heal|p2b: Terapagos|90/100|[from] item: Leftovers\n|-heal|p1b: Tyranitar|78/100|[from] item: Leftovers\n|upkeep\n|turn|3\n|\n|t:|1776547988\n|move|p2b: Terapagos|Protect|p2b: Terapagos\n|-singleturn|p2b: Terapagos|Protect\n|move|p2a: Zamazenta|Body Press|p1a: Hitmontop\n|-damage|p1a: Hitmontop|36/100\n|-enditem|p1a: Hitmontop|Sitrus Berry|[eat]\n|-heal|p1a: Hitmontop|60/100|[from] item: Sitrus Berry\n|move|p1a: Hitmontop|Low Kick|p2a: Zamazenta\n|-supereffective|p2a: Zamazenta\n|-damage|p2a: Zamazenta|64/100\n|move|p1b: Tyranitar|Snarl|p2a: Zamazenta|[spread] p2a\n|-activate|p2b: Terapagos|move: Protect\n|-resisted|p2a: Zamazenta\n|-damage|p2a: Zamazenta|61/100\n|-unboost|p2a: Zamazenta|spa|1\n|\n|-weather|Sandstorm|[upkeep]\n|-damage|p2b: Terapagos|84/100|[from] Sandstorm\n|-damage|p1a: Hitmontop|55/100|[from] Sandstorm\n|-damage|p1b: Tyranitar|72/100|[from] Sandstorm\n|-heal|p2b: Terapagos|90/100|[from] item: Leftovers\n|-heal|p1b: Tyranitar|78/100|[from] item: Leftovers\n|upkeep\n|turn|4\n|\n|t:|1776548011\n|-terastallize|p2b: Terapagos|Stellar\n|detailschange|p2b: Terapagos|Terapagos-Stellar, L50, M, tera:Stellar\n|-heal|p2b: Terapagos|93/100|[silent]\n|-ability|p2b: Terapagos|Teraform Zero\n|-weather|none\n|move|p2a: Zamazenta|Body Press|p1a: Hitmontop\n|-crit|p1a: Hitmontop\n|-damage|p1a: Hitmontop|0 fnt\n|faint|p1a: Hitmontop\n|move|p2b: Terapagos|Tera Starstorm|p1b: Tyranitar\n|-supereffective|p1b: Tyranitar\n|-damage|p1b: Tyranitar|5/100\n|move|p1b: Tyranitar|Snarl|p2b: Terapagos|[spread] p2a,p2b\n|-resisted|p2a: Zamazenta\n|-damage|p2a: Zamazenta|58/100\n|-damage|p2b: Terapagos|88/100\n|-unboost|p2a: Zamazenta|spa|1\n|-unboost|p2b: Terapagos|spa|1\n|\n|-heal|p2b: Terapagos|94/100|[from] item: Leftovers\n|-heal|p1b: Tyranitar|11/100|[from] item: Leftovers\n|upkeep\n|\n|t:|1776548014\n|switch|p1a: Ogerpon|Ogerpon-Cornerstone, L50, F|100/100\n|turn|5\n|-message|be_011 forfeited.\n|\n|win|castiel123\n|raw|be_011's rating: 1362 &rarr; <strong>1345</strong><br />(-17 for losing)\n|raw|castiel123's rating: 1417 &rarr; <strong>1434</strong><br />(+17 for winning)\n|l|\u2606be_011\n|player|p1|\n|l|\u2606castiel123\n|player|p2|\n","uploadtime":1776548270,"views":7,"formatid":"gen9vgc2026regi","rating":1345,"private":0,"password":null}