{"id":"gen9vgc2026regi-2516494788","format":"[Gen 9] VGC 2026 Reg I","players":["jason986","j0l0k0"],"log":"|j|\u2606jason986\n|j|\u2606j0l0k0\n|t:|1768148460\n|gametype|doubles\n|player|p1|jason986|lady|1181\n|player|p2|j0l0k0|brycen|1299\n|gen|9\n|tier|[Gen 9] VGC 2026 Reg I\n|rated|\n|rule|Species Clause: Limit one of each Pok\u00e9mon\n|rule|Item Clause: Limit 1 of each item\n|clearpoke\n|poke|p1|Smeargle, L50, M|\n|poke|p1|Muk-Alola, L50, M|\n|poke|p1|Flamigo, L50, M|\n|poke|p1|Calyrex-Shadow, L50|\n|poke|p1|Rillaboom, L50, F|\n|poke|p1|Cresselia, L50, F|\n|poke|p2|Calyrex-Ice, L50|\n|poke|p2|Kyogre, L50|\n|poke|p2|Indeedee-F, L50, F|\n|poke|p2|Urshifu-*, L50, F|\n|poke|p2|Amoonguss, L50, F|\n|poke|p2|Landorus, L50, M|\n|teampreview|4\n|inactive|Battle timer is ON: inactive players will automatically lose when time's up. (requested by j0l0k0)\n|inactive|jason986 also wants the timer to be on.\n|\n|t:|1768148474\n|teamsize|p1|4\n|teamsize|p2|4\n|start\n|switch|p1a: Smeargle|Smeargle, L50, M|100/100\n|switch|p1b: Muk|Muk-Alola, L50, M|100/100\n|switch|p2a: Kyogre|Kyogre, L50, shiny|100/100\n|switch|p2b: Calyrex|Calyrex-Ice, L50|100/100\n|-ability|p2b: Calyrex|As One\n|-ability|p2b: Calyrex|Unnerve\n|-weather|RainDance|[from] ability: Drizzle|[of] p2a: Kyogre\n|turn|1\n|\n|t:|1768148491\n|-terastallize|p2a: Kyogre|Grass\n|move|p1a: Smeargle|Fake Out|p2a: Kyogre\n|-damage|p2a: Kyogre|96/100\n|cant|p2a: Kyogre|flinch\n|move|p1b: Muk|Minimize|p1b: Muk\n|-boost|p1b: Muk|evasion|2\n|move|p2b: Calyrex|Trick Room|p2b: Calyrex\n|-fieldstart|move: Trick Room|[of] p2b: Calyrex\n|\n|-weather|RainDance|[upkeep]\n|-ability|p1a: Smeargle|Moody|boost\n|-boost|p1a: Smeargle|atk|2\n|-unboost|p1a: Smeargle|spa|1\n|upkeep\n|turn|2\n|\n|t:|1768148510\n|move|p1a: Smeargle|Follow Me|p1a: Smeargle\n|-singleturn|p1a: Smeargle|move: Follow Me\n|move|p2b: Calyrex|Close Combat|p1a: Smeargle\n|-supereffective|p1a: Smeargle\n|-crit|p1a: Smeargle\n|-enditem|p1a: Smeargle|Focus Sash\n|-damage|p1a: Smeargle|1/100\n|-unboost|p2b: Calyrex|def|1\n|-unboost|p2b: Calyrex|spd|1\n|move|p1b: Muk|Minimize|p1b: Muk\n|-boost|p1b: Muk|evasion|2\n|move|p2a: Kyogre|Hydro Pump|p1a: Smeargle\n|-damage|p1a: Smeargle|0 fnt\n|faint|p1a: Smeargle\n|-ability|p1b: Muk|Moody|Power of Alchemy|[from] ability: Power of Alchemy|[of] p1a: Smeargle\n|\n|-weather|RainDance|[upkeep]\n|-ability|p1b: Muk|Moody|boost\n|-boost|p1b: Muk|atk|2\n|-unboost|p1b: Muk|def|1\n|upkeep\n|\n|t:|1768148525\n|switch|p1a: Cresselia|Cresselia, L50, F|100/100\n|turn|3\n|\n|t:|1768148534\n|move|p1a: Cresselia|Protect|p1a: Cresselia\n|-singleturn|p1a: Cresselia|Protect\n|move|p2b: Calyrex|Crunch|p1a: Cresselia\n|-activate|p1a: Cresselia|move: Protect\n|move|p1b: Muk|Minimize|p1b: Muk\n|-boost|p1b: Muk|evasion|2\n|move|p2a: Kyogre|Water Spout|p1a: Cresselia|[spread] \n|-activate|p1a: Cresselia|move: Protect\n|-miss|p2a: Kyogre|p1b: Muk\n|\n|-weather|RainDance|[upkeep]\n|-ability|p1b: Muk|Moody|boost\n|-boost|p1b: Muk|spe|2\n|-unboost|p1b: Muk|spa|1\n|upkeep\n|turn|4\n|\n|t:|1768148550\n|move|p2b: Calyrex|Crunch|p1a: Cresselia\n|-supereffective|p1a: Cresselia\n|-damage|p1a: Cresselia|56/100\n|move|p2a: Kyogre|Water Spout|p1b: Muk|[spread] p1a,p1b\n|-damage|p1a: Cresselia|0 fnt\n|-damage|p1b: Muk|23/100\n|faint|p1a: Cresselia\n|move|p1b: Muk|Toxic|p2a: Kyogre\n|-status|p2a: Kyogre|tox\n|\n|-weather|RainDance|[upkeep]\n|-heal|p1b: Muk|29/100|[from] item: Leftovers\n|-damage|p2a: Kyogre|90/100 tox|[from] psn\n|-ability|p1b: Muk|Moody|boost\n|-boost|p1b: Muk|spd|2\n|-unboost|p1b: Muk|spe|1\n|upkeep\n|\n|t:|1768148557\n|switch|p1a: Flamigo|Flamigo, L50, M|100/100\n|-copyboost|p1a: Flamigo|p1b: Muk|[from] ability: Costar\n|-enditem|p1a: Flamigo|White Herb\n|-clearnegativeboost|p1a: Flamigo|[silent]\n|turn|5\n|\n|t:|1768148568\n|move|p2b: Calyrex|Glacial Lance|p1a: Flamigo|[spread] \n|-miss|p2b: Calyrex|p1a: Flamigo\n|-miss|p2b: Calyrex|p1b: Muk\n|move|p2a: Kyogre|Water Spout|p1b: Muk|[spread] p1b\n|-miss|p2a: Kyogre|p1a: Flamigo\n|-damage|p1b: Muk|0 fnt\n|faint|p1b: Muk\n|move|p1a: Flamigo|Acrobatics|p2a: Kyogre\n|-supereffective|p2a: Kyogre\n|-damage|p2a: Kyogre|0 fnt\n|faint|p2a: Kyogre\n|\n|-weather|none\n|-fieldend|move: Trick Room\n|upkeep\n|\n|t:|1768148582\n|switch|p2a: Indeedee|Indeedee-F, L50, F, shiny|100/100\n|-fieldstart|move: Psychic Terrain|[from] ability: Psychic Surge|[of] p2a: Indeedee\n|turn|6\n|\n|t:|1768148594\n|-terastallize|p1a: Flamigo|Stellar\n|move|p2a: Indeedee|Follow Me|p2a: Indeedee\n|-singleturn|p2a: Indeedee|move: Follow Me\n|move|p1a: Flamigo|Acrobatics|p2a: Indeedee\n|-damage|p2a: Indeedee|0 fnt\n|faint|p2a: Indeedee\n|move|p2b: Calyrex|Trick Room|p2b: Calyrex\n|-fieldstart|move: Trick Room|[of] p2b: Calyrex\n|\n|upkeep\n|\n|t:|1768148601\n|switch|p2a: Urshifu|Urshifu, L50, F|100/100\n|turn|7\n|inactive|j0l0k0 has 30 seconds left.\n|inactive|j0l0k0 has 20 seconds left.\n|\n|t:|1768148638\n|move|p2b: Calyrex|Glacial Lance|p1a: Flamigo|[miss]\n|-miss|p2b: Calyrex|p1a: Flamigo\n|move|p2a: Urshifu|Wicked Blow|p1a: Flamigo\n|-resisted|p1a: Flamigo\n|-crit|p1a: Flamigo\n|-damage|p1a: Flamigo|51/100\n|move|p1a: Flamigo|Acrobatics|p2a: Urshifu\n|-supereffective|p2a: Urshifu\n|-enditem|p2a: Urshifu|Focus Sash\n|-damage|p2a: Urshifu|1/100\n|\n|upkeep\n|turn|8\n|\n|t:|1768148651\n|move|p2b: Calyrex|Glacial Lance|p1a: Flamigo|[miss]\n|-miss|p2b: Calyrex|p1a: Flamigo\n|move|p2a: Urshifu|Close Combat|p1a: Flamigo\n|-resisted|p1a: Flamigo\n|-damage|p1a: Flamigo|3/100\n|-unboost|p2a: Urshifu|def|1\n|-unboost|p2a: Urshifu|spd|1\n|move|p1a: Flamigo|Throat Chop|p2b: Calyrex\n|-supereffective|p2b: Calyrex\n|-damage|p2b: Calyrex|0 fnt\n|faint|p2b: Calyrex\n|\n|upkeep\n|turn|9\n|\n|t:|1768148663\n|move|p2a: Urshifu|Wicked Blow|p1a: Flamigo|[miss]\n|-miss|p2a: Urshifu|p1a: Flamigo\n|move|p1a: Flamigo|Acrobatics|p2a: Urshifu\n|-supereffective|p2a: Urshifu\n|-damage|p2a: Urshifu|0 fnt\n|faint|p2a: Urshifu\n|\n|win|jason986\n|raw|jason986's rating: 1181 &rarr; <strong>1214</strong><br />(+33 for winning)\n|raw|j0l0k0's rating: 1299 &rarr; <strong>1266</strong><br />(-33 for losing)\n|c|\u2606jason986|noob\n|l|\u2606j0l0k0\n|player|p2|\n|l|\u2606jason986\n|player|p1|\n","uploadtime":1768148812,"views":19,"formatid":"gen9vgc2026regi","rating":1214,"private":0,"password":null}