{"id":"gen9vgc2026regi-2568506071","format":"[Gen 9] VGC 2026 Reg I","players":["987w","Retro_R0B"],"log":"|j|\u2606987w\n|j|\u2606Retro_R0B\n|t:|1774587113\n|gametype|doubles\n|player|p1|987w|lacey|1331\n|player|p2|Retro_R0B|101|1263\n|gen|9\n|tier|[Gen 9] VGC 2026 Reg I\n|rated|\n|rule|Species Clause: Limit one of each Pok\u00e9mon\n|rule|Item Clause: Limit 1 of each item\n|clearpoke\n|poke|p1|Miraidon, L50|\n|poke|p1|Calyrex-Ice, L50|\n|poke|p1|Volcarona, L50, F|\n|poke|p1|Incineroar, L50, F|\n|poke|p1|Urshifu-*, L50, F|\n|poke|p1|Whimsicott, L50, F|\n|poke|p2|Zamazenta-*, L50|\n|poke|p2|Kyogre, L50|\n|poke|p2|Rillaboom, L50, F|\n|poke|p2|Iron Jugulis, L50|\n|poke|p2|Scizor, L50, M|\n|poke|p2|Chien-Pao, L50|\n|teampreview|4\n|inactive|Battle timer is ON: inactive players will automatically lose when time's up. (requested by 987w)\n|\n|t:|1774587144\n|teamsize|p1|4\n|teamsize|p2|4\n|start\n|switch|p1a: Miraidon|Miraidon, L50|100/100\n|switch|p1b: Whimsicott|Whimsicott, L50, F|100/100\n|switch|p2a: Iron Jugulis|Iron Jugulis, L50|100/100\n|switch|p2b: Scizor|Scizor, L50, M|100/100\n|-fieldstart|move: Electric Terrain|[from] ability: Hadron Engine|[of] p1a: Miraidon\n|-activate|p2a: Iron Jugulis|ability: Quark Drive\n|-start|p2a: Iron Jugulis|quarkdrivespe\n|turn|1\n|inactive|Retro_R0B has 30 seconds left.\n|\n|t:|1774587170\n|-end|p2a: Iron Jugulis|Quark Drive|[silent]\n|switch|p2a: Rillaboom|Rillaboom, L50, F|100/100\n|-fieldstart|move: Grassy Terrain|[from] ability: Grassy Surge|[of] p2a: Rillaboom\n|-terastallize|p1a: Miraidon|Electric\n|move|p1b: Whimsicott|Tailwind|p1b: Whimsicott\n|-sidestart|p1: 987w|move: Tailwind\n|move|p1a: Miraidon|Electro Drift|p2b: Scizor\n|-damage|p2b: Scizor|12/100\n|move|p2b: Scizor|U-turn|p1b: Whimsicott\n|-enditem|p1b: Whimsicott|Focus Sash\n|-damage|p1b: Whimsicott|1/100\n|\n|t:|1774587188\n|switch|p2b: Iron Jugulis|Iron Jugulis, L50|100/100|[from] U-turn\n|-enditem|p2b: Iron Jugulis|Booster Energy\n|-activate|p2b: Iron Jugulis|ability: Quark Drive|[fromitem]\n|-start|p2b: Iron Jugulis|quarkdrivespe\n|\n|-heal|p1b: Whimsicott|7/100|[from] Grassy Terrain\n|upkeep\n|turn|2\n|\n|t:|1774587205\n|-terastallize|p2b: Iron Jugulis|Steel\n|move|p2a: Rillaboom|Fake Out|p1b: Whimsicott\n|-damage|p1b: Whimsicott|0 fnt\n|faint|p1b: Whimsicott\n|move|p1a: Miraidon|Volt Switch|p2b: Iron Jugulis\n|-damage|p2b: Iron Jugulis|39/100\n|\n|t:|1774587210\n|switch|p1a: Calyrex|Calyrex-Ice, L50|100/100|[from] Volt Switch\n|-ability|p1a: Calyrex|As One\n|-ability|p1a: Calyrex|Unnerve\n|move|p2b: Iron Jugulis|Tailwind|p2b: Iron Jugulis\n|-sidestart|p2: Retro_R0B|move: Tailwind\n|\n|-heal|p2b: Iron Jugulis|45/100|[from] Grassy Terrain\n|upkeep\n|\n|t:|1774587215\n|switch|p1b: Miraidon|Miraidon, L50, tera:Electric|100/100\n|-fieldstart|move: Electric Terrain|[from] ability: Hadron Engine|[of] p1b: Miraidon\n|turn|3\n|\n|t:|1774587238\n|move|p2b: Iron Jugulis|Snarl|p1b: Miraidon|[spread] p1a,p1b\n|-supereffective|p1a: Calyrex\n|-damage|p1a: Calyrex|74/100\n|-damage|p1b: Miraidon|89/100\n|-unboost|p1b: Miraidon|spa|1\n|move|p1b: Miraidon|Volt Switch|p2b: Iron Jugulis\n|-crit|p2b: Iron Jugulis\n|-damage|p2b: Iron Jugulis|0 fnt\n|faint|p2b: Iron Jugulis\n|-end|p2b: Iron Jugulis|Quark Drive|[silent]\n|\n|t:|1774587244\n|switch|p1b: Urshifu|Urshifu-Rapid-Strike, L50, F|100/100|[from] Volt Switch\n|move|p2a: Rillaboom|Knock Off|p1a: Calyrex\n|-supereffective|p1a: Calyrex\n|-damage|p1a: Calyrex|33/100\n|-enditem|p1a: Calyrex|Clear Amulet|[from] move: Knock Off|[of] p2a: Rillaboom\n|move|p1a: Calyrex|Glacial Lance|p2a: Rillaboom\n|-supereffective|p2a: Rillaboom\n|-damage|p2a: Rillaboom|0 fnt\n|faint|p2a: Rillaboom\n|-ability|p1a: Calyrex|Chilling Neigh|boost\n|-boost|p1a: Calyrex|atk|1\n|\n|upkeep\n|\n|t:|1774587257\n|switch|p2b: Kyogre|Kyogre, L50|100/100\n|switch|p2a: Scizor|Scizor, L50, M|12/100\n|-weather|RainDance|[from] ability: Drizzle|[of] p2b: Kyogre\n|turn|4\n|\n|t:|1774587270\n|move|p1a: Calyrex|Protect|p1a: Calyrex\n|-singleturn|p1a: Calyrex|Protect\n|move|p1b: Urshifu|Aqua Jet|p2a: Scizor\n|-crit|p2a: Scizor\n|-damage|p2a: Scizor|0 fnt\n|faint|p2a: Scizor\n|move|p2b: Kyogre|Thunder|p1b: Urshifu\n|-supereffective|p1b: Urshifu\n|-damage|p1b: Urshifu|0 fnt\n|faint|p1b: Urshifu\n|\n|-weather|RainDance|[upkeep]\n|-sideend|p1: 987w|move: Tailwind\n|upkeep\n|\n|t:|1774587273\n|switch|p1b: Miraidon|Miraidon, L50, tera:Electric|89/100\n|-activate|p1b: Miraidon|ability: Hadron Engine\n|turn|5\n|\n|t:|1774587283\n|move|p2b: Kyogre|Origin Pulse|p1b: Miraidon|[spread] p1a,p1b\n|-damage|p1a: Calyrex|0 fnt\n|-damage|p1b: Miraidon|47/100\n|faint|p1a: Calyrex\n|move|p1b: Miraidon|Electro Drift|p2b: Kyogre\n|-supereffective|p2b: Kyogre\n|-damage|p2b: Kyogre|0 fnt\n|faint|p2b: Kyogre\n|\n|win|987w\n|raw|987w's rating: 1331 &rarr; <strong>1347</strong><br />(+16 for winning)\n|raw|Retro_R0B's rating: 1263 &rarr; <strong>1243</strong><br />(-20 for losing)\n|l|\u2606987w\n|player|p1|\n|c|\u2606Retro_R0B|gg\n|l|\u2606Retro_R0B\n|player|p2|\n","uploadtime":1774587436,"views":11,"formatid":"gen9vgc2026regi","rating":1243,"private":0,"password":null}