{"id":"gen9vgc2026regi-2576444940","format":"[Gen 9] VGC 2026 Reg I","players":["moyuanjie","dasabe\u76d6\u6b27\u5361\u4fa0"],"log":"|j|\u2606moyuanjie\n|j|\u2606dasabe\u76d6\u6b27\u5361\u4fa0\n|t:|1775475526\n|gametype|doubles\n|player|p1|moyuanjie|101|1476\n|player|p2|dasabe\u76d6\u6b27\u5361\u4fa0|may-masters4|1580\n|gen|9\n|tier|[Gen 9] VGC 2026 Reg I\n|rated|\n|rule|Species Clause: Limit one of each Pok\u00e9mon\n|rule|Item Clause: Limit 1 of each item\n|clearpoke\n|poke|p1|Smeargle, L50, F|\n|poke|p1|Muk-Alola, L50, F|\n|poke|p1|Calyrex-Shadow, L50|\n|poke|p1|Rillaboom, L50, M|\n|poke|p1|Flamigo, L50, F|\n|poke|p1|Miraidon, L50|\n|poke|p2|Calyrex-Ice, L50|\n|poke|p2|Miraidon, L50|\n|poke|p2|Volcarona, L50, M|\n|poke|p2|Grimmsnarl, L50, M|\n|poke|p2|Urshifu-*, L50, F|\n|poke|p2|Incineroar, L50, M|\n|teampreview|4\n|\n|t:|1775475555\n|teamsize|p1|4\n|teamsize|p2|4\n|start\n|switch|p1a: Smeargle|Smeargle, L50, F|100/100\n|switch|p1b: Muk|Muk-Alola, L50, F|100/100\n|switch|p2a: \u9e7f\u51a0\u738b|Calyrex-Ice, L50|100/100\n|switch|p2b: \u4e94\u5bfc\u718a\u6e7f|Urshifu-Rapid-Strike, L50, F|100/100\n|-ability|p2a: \u9e7f\u51a0\u738b|As One\n|-ability|p2a: \u9e7f\u51a0\u738b|Unnerve\n|turn|1\n|\n|t:|1775475574\n|move|p1a: Smeargle|Fake Out|p2b: \u4e94\u5bfc\u718a\u6e7f\n|-damage|p2b: \u4e94\u5bfc\u718a\u6e7f|95/100\n|cant|p2b: \u4e94\u5bfc\u718a\u6e7f|flinch\n|move|p2a: \u9e7f\u51a0\u738b|Leech Seed|p1b: Muk|[miss]\n|-miss|p2a: \u9e7f\u51a0\u738b|p1b: Muk\n|move|p1b: Muk|Toxic|p2a: \u9e7f\u51a0\u738b\n|-status|p2a: \u9e7f\u51a0\u738b|tox\n|\n|-damage|p2a: \u9e7f\u51a0\u738b|95/100 tox|[from] psn\n|-ability|p1a: Smeargle|Moody|boost\n|-boost|p1a: Smeargle|spd|2\n|-unboost|p1a: Smeargle|atk|1\n|upkeep\n|turn|2\n|\n|t:|1775475601\n|-terastallize|p2a: \u9e7f\u51a0\u738b|Fire\n|move|p2b: \u4e94\u5bfc\u718a\u6e7f|Surging Strikes|p1a: Smeargle\n|-crit|p1a: Smeargle\n|-damage|p1a: Smeargle|23/100\n|-crit|p1a: Smeargle\n|-damage|p1a: Smeargle|0 fnt\n|faint|p1a: Smeargle\n|-ability|p1b: Muk|Moody|Power of Alchemy|[from] ability: Power of Alchemy|[of] p1a: Smeargle\n|-hitcount|p1: Smeargle|2\n|move|p1b: Muk|Minimize|p1b: Muk\n|-boost|p1b: Muk|evasion|2\n|move|p2a: \u9e7f\u51a0\u738b|Leech Seed|p1b: Muk|[miss]\n|-miss|p2a: \u9e7f\u51a0\u738b|p1b: Muk\n|\n|-damage|p2a: \u9e7f\u51a0\u738b|83/100 tox|[from] psn\n|-ability|p1b: Muk|Moody|boost\n|-boost|p1b: Muk|spe|2\n|-unboost|p1b: Muk|atk|1\n|upkeep\n|\n|t:|1775475623\n|switch|p1a: Rillaboom|Rillaboom, L50, M|100/100\n|-fieldstart|move: Grassy Terrain|[from] ability: Grassy Surge|[of] p1a: Rillaboom\n|turn|3\n|\n|t:|1775475631\n|switch|p2a: \u629b\u5f00\u864e\u54e5\u54ee\u7a74|Incineroar, L50, M|100/100\n|-ability|p2a: \u629b\u5f00\u864e\u54e5\u54ee\u7a74|Intimidate|boost\n|-unboost|p1a: Rillaboom|atk|1\n|-unboost|p1b: Muk|atk|1\n|move|p1a: Rillaboom|Fake Out|p2a: \u629b\u5f00\u864e\u54e5\u54ee\u7a74\n|-damage|p2a: \u629b\u5f00\u864e\u54e5\u54ee\u7a74|95/100\n|move|p2b: \u4e94\u5bfc\u718a\u6e7f|Surging Strikes|p1b: Muk\n|-crit|p1b: Muk\n|-damage|p1b: Muk|75/100\n|-crit|p1b: Muk\n|-damage|p1b: Muk|51/100\n|-crit|p1b: Muk\n|-damage|p1b: Muk|24/100\n|-hitcount|p1b: Muk|3\n|move|p1b: Muk|Minimize|p1b: Muk\n|-boost|p1b: Muk|evasion|2\n|\n|-heal|p2b: \u4e94\u5bfc\u718a\u6e7f|100/100|[from] Grassy Terrain\n|-heal|p1b: Muk|30/100|[from] Grassy Terrain\n|-heal|p1b: Muk|36/100|[from] item: Leftovers\n|-heal|p2a: \u629b\u5f00\u864e\u54e5\u54ee\u7a74|100/100|[from] Grassy Terrain\n|-ability|p1b: Muk|Moody|boost\n|-boost|p1b: Muk|spe|2\n|-unboost|p1b: Muk|def|1\n|upkeep\n|turn|4\n|j| tsrhuevo\n|j| Kabukimono103\n|\n|t:|1775475663\n|switch|p1a: Calyrex|Calyrex-Shadow, L50|100/100\n|-ability|p1a: Calyrex|As One\n|-ability|p1a: Calyrex|Unnerve\n|-terastallize|p1b: Muk|Water\n|move|p2a: \u629b\u5f00\u864e\u54e5\u54ee\u7a74|Fake Out|p1a: Calyrex\n|-immune|p1a: Calyrex\n|move|p1b: Muk|Minimize|p1b: Muk\n|-boost|p1b: Muk|evasion|2\n|move|p2b: \u4e94\u5bfc\u718a\u6e7f|Surging Strikes|p1b: Muk|[miss]\n|-miss|p2b: \u4e94\u5bfc\u718a\u6e7f|p1b: Muk\n|\n|-heal|p1b: Muk|42/100|[from] Grassy Terrain\n|-heal|p1b: Muk|48/100|[from] item: Leftovers\n|-ability|p1b: Muk|Moody|boost\n|-boost|p1b: Muk|spd|2\n|-unboost|p1b: Muk|def|1\n|upkeep\n|turn|5\n|\n|t:|1775475694\n|move|p1a: Calyrex|Psych Up|p1b: Muk\n|-copyboost|p1a: Calyrex|p1b: Muk|[from] move: Psych Up\n|move|p1b: Muk|Toxic|p2a: \u629b\u5f00\u864e\u54e5\u54ee\u7a74\n|-status|p2a: \u629b\u5f00\u864e\u54e5\u54ee\u7a74|tox\n|move|p2b: \u4e94\u5bfc\u718a\u6e7f|Surging Strikes|p1a: Calyrex\n|-crit|p1a: Calyrex\n|-damage|p1a: Calyrex|26/100\n|-crit|p1a: Calyrex\n|-damage|p1a: Calyrex|0 fnt\n|faint|p1a: Calyrex\n|-hitcount|p1: Calyrex|2\n|move|p2a: \u629b\u5f00\u864e\u54e5\u54ee\u7a74|Knock Off|p1b: Muk|[miss]\n|-miss|p2a: \u629b\u5f00\u864e\u54e5\u54ee\u7a74|p1b: Muk\n|\n|-heal|p1b: Muk|54/100|[from] Grassy Terrain\n|-heal|p1b: Muk|60/100|[from] item: Leftovers\n|-damage|p2a: \u629b\u5f00\u864e\u54e5\u54ee\u7a74|95/100 tox|[from] psn\n|-ability|p1b: Muk|Moody|boost\n|-boost|p1b: Muk|atk|2\n|-unboost|p1b: Muk|def|1\n|upkeep\n|\n|t:|1775475716\n|switch|p1a: Rillaboom|Rillaboom, L50, M|100/100\n|turn|6\n|j| wuminshi\n|\n|t:|1775475723\n|switch|p2b: \u94f6\u91d1\u5996\u86c7|Miraidon, L50, shiny|100/100\n|-fieldstart|move: Electric Terrain|[from] ability: Hadron Engine|[of] p2b: \u94f6\u91d1\u5996\u86c7\n|move|p1a: Rillaboom|Fake Out|p2b: \u94f6\u91d1\u5996\u86c7\n|-damage|p2b: \u94f6\u91d1\u5996\u86c7|86/100\n|move|p1b: Muk|Toxic|p2b: \u94f6\u91d1\u5996\u86c7\n|-status|p2b: \u94f6\u91d1\u5996\u86c7|tox\n|move|p2a: \u629b\u5f00\u864e\u54e5\u54ee\u7a74|U-turn|p1a: Rillaboom\n|-supereffective|p1a: Rillaboom\n|-damage|p1a: Rillaboom|68/100\n|\n|t:|1775475733\n|switch|p2a: \u9e7f\u51a0\u738b|Calyrex-Ice, L50, tera:Fire|83/100 tox|[from] U-turn\n|-ability|p2a: \u9e7f\u51a0\u738b|As One\n|-ability|p2a: \u9e7f\u51a0\u738b|Unnerve\n|\n|-heal|p1b: Muk|67/100|[from] item: Leftovers\n|-damage|p2b: \u94f6\u91d1\u5996\u86c7|80/100 tox|[from] psn\n|-damage|p2a: \u9e7f\u51a0\u738b|77/100 tox|[from] psn\n|-ability|p1b: Muk|Moody|boost\n|-boost|p1b: Muk|spa|2\n|-unboost|p1b: Muk|spd|1\n|upkeep\n|turn|7\n|\n|t:|1775475756\n|move|p1b: Muk|Knock Off|p2b: \u94f6\u91d1\u5996\u86c7\n|-damage|p2b: \u94f6\u91d1\u5996\u86c7|44/100 tox\n|-enditem|p2b: \u94f6\u91d1\u5996\u86c7|Life Orb|[from] move: Knock Off|[of] p1b: Muk\n|move|p2b: \u94f6\u91d1\u5996\u86c7|Electro Drift|p1b: Muk|[miss]\n|-miss|p2b: \u94f6\u91d1\u5996\u86c7|p1b: Muk\n|move|p1a: Rillaboom|Knock Off|p2b: \u94f6\u91d1\u5996\u86c7\n|-damage|p2b: \u94f6\u91d1\u5996\u86c7|20/100 tox\n|move|p2a: \u9e7f\u51a0\u738b|Glacial Lance|p1b: Muk|[spread] p1a,p1b\n|-supereffective|p1a: Rillaboom\n|-resisted|p1b: Muk\n|-damage|p1a: Rillaboom|0 fnt\n|-damage|p1b: Muk|9/100\n|faint|p1a: Rillaboom\n|-ability|p2a: \u9e7f\u51a0\u738b|Chilling Neigh|boost\n|-boost|p2a: \u9e7f\u51a0\u738b|atk|1\n|\n|-heal|p1b: Muk|15/100|[from] item: Leftovers\n|-damage|p2b: \u94f6\u91d1\u5996\u86c7|8/100 tox|[from] psn\n|-damage|p2a: \u9e7f\u51a0\u738b|66/100 tox|[from] psn\n|-ability|p1b: Muk|Moody|boost\n|-boost|p1b: Muk|spe|2\n|-unboost|p1b: Muk|spd|1\n|upkeep\n|turn|8\n|l| Kabukimono103\n|j| Kabukimono103\n|\n|t:|1775475782\n|switch|p2b: \u629b\u5f00\u864e\u54e5\u54ee\u7a74|Incineroar, L50, M|95/100 tox\n|-ability|p2b: \u629b\u5f00\u864e\u54e5\u54ee\u7a74|Intimidate|boost\n|-unboost|p1b: Muk|atk|1\n|move|p1b: Muk|Protect|p1b: Muk\n|-singleturn|p1b: Muk|Protect\n|move|p2a: \u9e7f\u51a0\u738b|Trick Room|p2a: \u9e7f\u51a0\u738b\n|-fieldstart|move: Trick Room|[of] p2a: \u9e7f\u51a0\u738b\n|\n|-heal|p1b: Muk|21/100|[from] item: Leftovers\n|-damage|p2a: \u9e7f\u51a0\u738b|48/100 tox|[from] psn\n|-damage|p2b: \u629b\u5f00\u864e\u54e5\u54ee\u7a74|89/100 tox|[from] psn\n|-ability|p1b: Muk|Moody|boost\n|-boost|p1b: Muk|spa|2\n|-unboost|p1b: Muk|atk|1\n|upkeep\n|turn|9\n|\n|t:|1775475798\n|move|p2a: \u9e7f\u51a0\u738b|Glacial Lance|p1b: Muk\n|-resisted|p1b: Muk\n|-damage|p1b: Muk|0 fnt\n|faint|p1b: Muk\n|\n|win|dasabe\u76d6\u6b27\u5361\u4fa0\n|raw|moyuanjie's rating: 1476 &rarr; <strong>1462</strong><br />(-14 for losing)\n|raw|dasabe\u76d6\u6b27\u5361\u4fa0's rating: 1580 &rarr; <strong>1594</strong><br />(+14 for winning)\n|l|\u2606moyuanjie\n|player|p1|\n|l|\u2606dasabe\u76d6\u6b27\u5361\u4fa0\n|player|p2|\n","uploadtime":1775475811,"views":11,"formatid":"gen9vgc2026regi","rating":1462,"private":0,"password":null}