{"id":"gen9vgc2026regi-2551430766","format":"[Gen 9] VGC 2026 Reg I","players":["GX champion","501JFW"],"log":"|j|\u2606GX champion\n|j|\u2606501JFW\n|t:|1772600547\n|gametype|doubles\n|player|p1|GX champion|red|1474\n|player|p2|501JFW|2|1476\n|gen|9\n|tier|[Gen 9] VGC 2026 Reg I\n|rated|\n|rule|Species Clause: Limit one of each Pok\u00e9mon\n|rule|Item Clause: Limit 1 of each item\n|clearpoke\n|poke|p1|Zamazenta-*, L50|\n|poke|p1|Kyogre, L50|\n|poke|p1|Iron Jugulis, L50|\n|poke|p1|Rillaboom, L50, M|\n|poke|p1|Chien-Pao, L50|\n|poke|p1|Kingambit, L50, M|\n|poke|p2|Lunala, L50|\n|poke|p2|Koraidon, L50|\n|poke|p2|Jumpluff, L50, F|\n|poke|p2|Ogerpon-Cornerstone, L50, F|\n|poke|p2|Raging Bolt, L50|\n|poke|p2|Ursaluna, L50, F|\n|teampreview|4\n|inactive|Battle timer is ON: inactive players will automatically lose when time's up. (requested by GX champion)\n|inactive|501JFW has 60 seconds left.\n|j| ConnerTEP\n|inactive|501JFW has 30 seconds left.\n|\n|t:|1772600621\n|teamsize|p1|4\n|teamsize|p2|4\n|start\n|switch|p1a: Iron Jugulis|Iron Jugulis, L50|100/100\n|switch|p1b: Kingambit|Kingambit, L50, M|100/100\n|switch|p2a: Raging Bolt|Raging Bolt, L50|100/100\n|switch|p2b: Lunala|Lunala, L50, shiny|100/100\n|-enditem|p1a: Iron Jugulis|Booster Energy\n|-activate|p1a: Iron Jugulis|ability: Quark Drive|[fromitem]\n|-start|p1a: Iron Jugulis|quarkdrivespe\n|turn|1\n|inactive|GX champion has 30 seconds left.\n|\n|t:|1772600651\n|-terastallize|p1a: Iron Jugulis|Steel\n|-terastallize|p2b: Lunala|Fire\n|move|p1a: Iron Jugulis|Snarl|p2a: Raging Bolt|[spread] p2a,p2b\n|-damage|p2a: Raging Bolt|92/100\n|-damage|p2b: Lunala|93/100\n|-unboost|p2a: Raging Bolt|spa|1\n|-unboost|p2b: Lunala|spa|1\n|move|p2b: Lunala|Meteor Beam||[still]\n|-prepare|p2b: Lunala|Meteor Beam\n|-boost|p2b: Lunala|spa|1\n|-enditem|p2b: Lunala|Power Herb\n|-anim|p2b: Lunala|Meteor Beam|p1a: Iron Jugulis\n|-resisted|p1a: Iron Jugulis\n|-damage|p1a: Iron Jugulis|77/100\n|move|p2a: Raging Bolt|Volt Switch|p1b: Kingambit\n|-damage|p1b: Kingambit|77/100\n|\n|t:|1772600661\n|-end|p2a: Raging Bolt|Protosynthesis|[silent]\n|switch|p2a: Koraidon|Koraidon, L50, shiny|100/100|[from] Volt Switch\n|-weather|SunnyDay|[from] ability: Orichalcum Pulse|[of] p2a: Koraidon\n|-activate|p2a: Koraidon|Orichalcum Pulse|[source]\n|move|p1b: Kingambit|Kowtow Cleave|p2b: Lunala\n|-damage|p2b: Lunala|36/100\n|-damage|p1b: Kingambit|67/100|[from] item: Life Orb\n|\n|-weather|SunnyDay|[upkeep]\n|upkeep\n|turn|2\n|\n|t:|1772600689\n|move|p1a: Iron Jugulis|Tailwind|p1a: Iron Jugulis\n|-sidestart|p1: GX champion|move: Tailwind\n|move|p2a: Koraidon|Close Combat|p1a: Iron Jugulis\n|-supereffective|p1a: Iron Jugulis\n|-damage|p1a: Iron Jugulis|0 fnt\n|-unboost|p2a: Koraidon|def|1\n|-unboost|p2a: Koraidon|spd|1\n|faint|p1a: Iron Jugulis\n|-end|p1a: Iron Jugulis|Quark Drive|[silent]\n|move|p2b: Lunala|Moongeist Beam|p1b: Kingambit\n|-resisted|p1b: Kingambit\n|-damage|p1b: Kingambit|38/100\n|move|p1b: Kingambit|Kowtow Cleave|p2b: Lunala\n|-damage|p2b: Lunala|0 fnt\n|faint|p2b: Lunala\n|-damage|p1b: Kingambit|28/100|[from] item: Life Orb\n|\n|-weather|SunnyDay|[upkeep]\n|upkeep\n|\n|t:|1772600701\n|switch|p1a: Zamazenta|Zamazenta-Crowned, L50|100/100\n|switch|p2b: Raging Bolt|Raging Bolt, L50|92/100\n|-ability|p1a: Zamazenta|Dauntless Shield|boost\n|-boost|p1a: Zamazenta|def|1\n|-activate|p2b: Raging Bolt|ability: Protosynthesis\n|-start|p2b: Raging Bolt|protosynthesisspa\n|turn|3\n|inactive|501JFW has 30 seconds left.\n|inactive|501JFW has 20 seconds left.\n|\n|t:|1772600740\n|switch|p2a: Jumpluff|Jumpluff, L50, F, shiny|100/100\n|switch|p1b: Kyogre|Kyogre, L50|100/100\n|-weather|RainDance|[from] ability: Drizzle|[of] p1b: Kyogre\n|-end|p2b: Raging Bolt|Protosynthesis\n|move|p1a: Zamazenta|Body Press|p2b: Raging Bolt\n|-damage|p2b: Raging Bolt|33/100\n|move|p2b: Raging Bolt|Volt Switch|p1b: Kyogre\n|-supereffective|p1b: Kyogre\n|-damage|p1b: Kyogre|66/100\n|\n|t:|1772600749\n|-end|p2b: Raging Bolt|Protosynthesis|[silent]\n|switch|p2b: Koraidon|Koraidon, L50, shiny|100/100|[from] Volt Switch\n|-weather|SunnyDay|[from] ability: Orichalcum Pulse|[of] p2b: Koraidon\n|-activate|p2b: Koraidon|Orichalcum Pulse|[source]\n|\n|-weather|SunnyDay|[upkeep]\n|upkeep\n|turn|4\n|\n|t:|1772600759\n|switch|p1b: Kingambit|Kingambit, L50, M|28/100\n|move|p1a: Zamazenta|Body Press|p2b: Koraidon\n|-damage|p2b: Koraidon|32/100\n|move|p2a: Jumpluff|Tailwind|p2a: Jumpluff\n|-sidestart|p2: 501JFW|move: Tailwind\n|move|p2b: Koraidon|Close Combat|p1b: Kingambit\n|-supereffective|p1b: Kingambit\n|-damage|p1b: Kingambit|0 fnt\n|-unboost|p2b: Koraidon|def|1\n|-unboost|p2b: Koraidon|spd|1\n|faint|p1b: Kingambit\n|\n|-weather|SunnyDay|[upkeep]\n|upkeep\n|\n|t:|1772600769\n|switch|p1b: Kyogre|Kyogre, L50|66/100\n|-weather|RainDance|[from] ability: Drizzle|[of] p1b: Kyogre\n|turn|5\n|\n|t:|1772600784\n|move|p2b: Koraidon|U-turn|p1a: Zamazenta\n|-resisted|p1a: Zamazenta\n|-damage|p1a: Zamazenta|98/100\n|\n|t:|1772600787\n|switch|p2b: Raging Bolt|Raging Bolt, L50|33/100|[from] U-turn\n|move|p1a: Zamazenta|Heavy Slam|p2a: Jumpluff\n|-damage|p2a: Jumpluff|53/100\n|move|p2a: Jumpluff|Sleep Powder|p1b: Kyogre\n|-status|p1b: Kyogre|slp|[from] move: Sleep Powder\n|cant|p1b: Kyogre|slp\n|\n|-weather|RainDance|[upkeep]\n|-sideend|p1: GX champion|move: Tailwind\n|upkeep\n|turn|6\n|inactive|501JFW has 30 seconds left.\n|\n|t:|1772600820\n|move|p2a: Jumpluff|Sleep Powder|p1a: Zamazenta\n|-status|p1a: Zamazenta|slp|[from] move: Sleep Powder\n|move|p2b: Raging Bolt|Volt Switch|p1b: Kyogre\n|-supereffective|p1b: Kyogre\n|-damage|p1b: Kyogre|33/100 slp\n|\n|t:|1772600826\n|-end|p2b: Raging Bolt|Protosynthesis|[silent]\n|switch|p2b: Koraidon|Koraidon, L50, shiny|32/100|[from] Volt Switch\n|-weather|SunnyDay|[from] ability: Orichalcum Pulse|[of] p2b: Koraidon\n|-activate|p2b: Koraidon|Orichalcum Pulse|[source]\n|cant|p1a: Zamazenta|slp\n|cant|p1b: Kyogre|slp\n|\n|-weather|SunnyDay|[upkeep]\n|upkeep\n|turn|7\n|l| ConnerTEP\n|\n|t:|1772600846\n|move|p2a: Jumpluff|Pollen Puff|p2b: Koraidon\n|-heal|p2b: Koraidon|82/100\n|move|p2b: Koraidon|Shadow Claw|p1b: Kyogre\n|-damage|p1b: Kyogre|3/100 slp\n|-curestatus|p1a: Zamazenta|slp|[msg]\n|move|p1a: Zamazenta|Body Press|p2b: Koraidon\n|-damage|p2b: Koraidon|13/100\n|-curestatus|p1b: Kyogre|slp|[msg]\n|move|p1b: Kyogre|Ice Beam|p2b: Koraidon\n|-supereffective|p2b: Koraidon\n|-damage|p2b: Koraidon|0 fnt\n|faint|p2b: Koraidon\n|\n|-weather|SunnyDay|[upkeep]\n|-sideend|p2: 501JFW|move: Tailwind\n|upkeep\n|\n|t:|1772600854\n|switch|p2b: Raging Bolt|Raging Bolt, L50|33/100\n|-activate|p2b: Raging Bolt|ability: Protosynthesis\n|-start|p2b: Raging Bolt|protosynthesisspa\n|turn|8\n|inactive|501JFW has 30 seconds left.\n|\n|t:|1772600885\n|move|p2a: Jumpluff|Tailwind|p2a: Jumpluff\n|-sidestart|p2: 501JFW|move: Tailwind\n|move|p2b: Raging Bolt|Electroweb|p1b: Kyogre|[spread] p1a,p1b\n|-supereffective|p1b: Kyogre\n|-damage|p1a: Zamazenta|78/100\n|-damage|p1b: Kyogre|0 fnt\n|-unboost|p1a: Zamazenta|spe|1\n|faint|p1b: Kyogre\n|move|p1a: Zamazenta|Body Press|p2b: Raging Bolt\n|-damage|p2b: Raging Bolt|0 fnt\n|faint|p2b: Raging Bolt\n|-end|p2b: Raging Bolt|Protosynthesis|[silent]\n|\n|-weather|SunnyDay|[upkeep]\n|upkeep\n|turn|9\n|\n|t:|1772600892\n|move|p2a: Jumpluff|Sleep Powder|p1a: Zamazenta\n|-status|p1a: Zamazenta|slp|[from] move: Sleep Powder\n|cant|p1a: Zamazenta|slp\n|\n|-weather|SunnyDay|[upkeep]\n|upkeep\n|turn|10\n|\n|t:|1772600898\n|move|p2a: Jumpluff|Strength Sap|p1a: Zamazenta\n|-unboost|p1a: Zamazenta|atk|1\n|-heal|p2a: Jumpluff|100/100\n|cant|p1a: Zamazenta|slp\n|\n|-weather|none\n|upkeep\n|turn|11\n|\n|t:|1772600901\n|move|p2a: Jumpluff|Pollen Puff|p1a: Zamazenta\n|-resisted|p1a: Zamazenta\n|-damage|p1a: Zamazenta|75/100 slp\n|cant|p1a: Zamazenta|slp\n|\n|-sideend|p2: 501JFW|move: Tailwind\n|upkeep\n|turn|12\n|\n|t:|1772600906\n|move|p2a: Jumpluff|Pollen Puff|p1a: Zamazenta\n|-resisted|p1a: Zamazenta\n|-damage|p1a: Zamazenta|73/100 slp\n|-curestatus|p1a: Zamazenta|slp|[msg]\n|move|p1a: Zamazenta|Iron Defense|p1a: Zamazenta\n|-boost|p1a: Zamazenta|def|2\n|\n|upkeep\n|turn|13\n|\n|t:|1772600910\n|move|p2a: Jumpluff|Pollen Puff|p1a: Zamazenta\n|-resisted|p1a: Zamazenta\n|-damage|p1a: Zamazenta|71/100\n|move|p1a: Zamazenta|Iron Defense|p1a: Zamazenta\n|-boost|p1a: Zamazenta|def|2\n|\n|upkeep\n|turn|14\n|\n|t:|1772600914\n|move|p2a: Jumpluff|Sleep Powder|p1a: Zamazenta|[miss]\n|-miss|p2a: Jumpluff|p1a: Zamazenta\n|move|p1a: Zamazenta|Body Press|p2a: Jumpluff\n|-resisted|p2a: Jumpluff\n|-damage|p2a: Jumpluff|14/100\n|\n|upkeep\n|turn|15\n|\n|t:|1772600918\n|move|p2a: Jumpluff|Sleep Powder|p1a: Zamazenta\n|-status|p1a: Zamazenta|slp|[from] move: Sleep Powder\n|cant|p1a: Zamazenta|slp\n|\n|upkeep\n|turn|16\n|\n|t:|1772600922\n|move|p2a: Jumpluff|Strength Sap|p1a: Zamazenta\n|-unboost|p1a: Zamazenta|atk|1\n|-heal|p2a: Jumpluff|69/100\n|cant|p1a: Zamazenta|slp\n|\n|upkeep\n|turn|17\n|\n|t:|1772600927\n|move|p2a: Jumpluff|Pollen Puff|p1a: Zamazenta\n|-resisted|p1a: Zamazenta\n|-damage|p1a: Zamazenta|69/100 slp\n|cant|p1a: Zamazenta|slp\n|\n|upkeep\n|turn|18\n|-message|501JFW forfeited.\n|\n|win|GX champion\n|raw|GX champion's rating: 1474 &rarr; <strong>1494</strong><br />(+20 for winning)\n|raw|501JFW's rating: 1476 &rarr; <strong>1456</strong><br />(-20 for losing)\n|l|\u2606501JFW\n|player|p2|\n","uploadtime":1772601088,"views":18,"formatid":"gen9vgc2026regi","rating":1456,"private":0,"password":null}