{"id":"gen9vgc2026regi-2555700991","format":"[Gen 9] VGC 2026 Reg I","players":["Voth","bola696"],"log":"|j|\u2606Voth\n|j|\u2606bola696\n|t:|1773121121\n|gametype|doubles\n|player|p1|Voth|dawn|1379\n|player|p2|bola696|red|1403\n|gen|9\n|tier|[Gen 9] VGC 2026 Reg I\n|rated|\n|rule|Species Clause: Limit one of each Pok\u00e9mon\n|rule|Item Clause: Limit 1 of each item\n|clearpoke\n|poke|p1|Urshifu-*, L50, M|\n|poke|p1|Calyrex-Ice, L50|\n|poke|p1|Tornadus, L50, M|\n|poke|p1|Landorus, L50, M|\n|poke|p1|Rillaboom, L50, F|\n|poke|p1|Kyogre, L50|\n|poke|p2|Terapagos, L50, M|\n|poke|p2|Incineroar, L50, F|\n|poke|p2|Flutter Mane, L50|\n|poke|p2|Miraidon, L50|\n|poke|p2|Smeargle, L50, F|\n|poke|p2|Urshifu-*, L50, M|\n|teampreview|4\n|inactive|Battle timer is ON: inactive players will automatically lose when time's up. (requested by bola696)\n|\n|t:|1773121141\n|teamsize|p1|4\n|teamsize|p2|4\n|start\n|switch|p1a: Aang|Tornadus, L50, M|100/100\n|switch|p1b: Nuke|Kyogre, L50|100/100\n|switch|p2a: Terapagos|Terapagos, L50, M|100/100\n|switch|p2b: Smeargle|Smeargle, L50, F, shiny|100/100\n|-activate|p2a: Terapagos|ability: Tera Shift\n|detailschange|p2a: Terapagos|Terapagos-Terastal, L50, M\n|-heal|p2a: Terapagos|100/100|[silent]\n|-weather|RainDance|[from] ability: Drizzle|[of] p1b: Nuke\n|turn|1\n|\n|t:|1773121164\n|move|p1a: Aang|Tailwind|p1a: Aang\n|-sidestart|p1: Voth|move: Tailwind\n|move|p1b: Nuke|Thunder|p2b: Smeargle\n|-damage|p2b: Smeargle|11/100\n|-status|p2b: Smeargle|par\n|move|p2a: Terapagos|Calm Mind|p2a: Terapagos\n|-boost|p2a: Terapagos|spa|1\n|-boost|p2a: Terapagos|spd|1\n|cant|p2b: Smeargle|par\n|\n|-weather|RainDance|[upkeep]\n|-ability|p2b: Smeargle|Moody|boost\n|-boost|p2b: Smeargle|spe|2\n|-unboost|p2b: Smeargle|atk|1\n|upkeep\n|turn|2\n|\n|t:|1773121181\n|move|p2b: Smeargle|Follow Me|p2b: Smeargle\n|-singleturn|p2b: Smeargle|move: Follow Me\n|move|p1a: Aang|Rain Dance||[still]\n|-fail|p1a: Aang\n|move|p1b: Nuke|Water Spout|p2b: Smeargle|[spread] p2a,p2b\n|-activate|p2a: Terapagos|ability: Tera Shell\n|-resisted|p2a: Terapagos\n|-damage|p2a: Terapagos|60/100\n|-damage|p2b: Smeargle|0 fnt\n|faint|p2b: Smeargle\n|move|p2a: Terapagos|Tera Starstorm|p1b: Nuke\n|-crit|p1b: Nuke\n|-damage|p1b: Nuke|13/100\n|\n|-weather|RainDance|[upkeep]\n|upkeep\n|\n|t:|1773121185\n|switch|p2b: Flutter Mane|Flutter Mane, L50, shiny|100/100\n|-enditem|p2b: Flutter Mane|Booster Energy\n|-activate|p2b: Flutter Mane|ability: Protosynthesis|[fromitem]\n|-start|p2b: Flutter Mane|protosynthesisspe\n|turn|3\n|\n|t:|1773121200\n|-terastallize|p2a: Terapagos|Stellar\n|detailschange|p2a: Terapagos|Terapagos-Stellar, L50, M, tera:Stellar\n|-heal|p2a: Terapagos|71/100|[silent]\n|-ability|p2a: Terapagos|Teraform Zero\n|-weather|none\n|move|p1b: Nuke|Protect|p1b: Nuke\n|-singleturn|p1b: Nuke|Protect\n|move|p1a: Aang|Rain Dance|p1a: Aang\n|-weather|RainDance\n|move|p2b: Flutter Mane|Icy Wind|p1a: Aang|[spread] p1a\n|-activate|p1b: Nuke|move: Protect\n|-supereffective|p1a: Aang\n|-damage|p1a: Aang|70/100\n|move|p2a: Terapagos|Tera Starstorm|p1b: Nuke|[spread] p1a\n|-activate|p1b: Nuke|move: Protect\n|-damage|p1a: Aang|11/100\n|\n|-weather|RainDance|[upkeep]\n|upkeep\n|turn|4\n|inactive|bola696 has 30 seconds left.\n|\n|t:|1773121228\n|switch|p1b: Harambe|Rillaboom, L50, F|100/100\n|-fieldstart|move: Grassy Terrain|[from] ability: Grassy Surge|[of] p1b: Harambe\n|move|p1a: Aang|Protect|p1a: Aang\n|-singleturn|p1a: Aang|Protect\n|move|p2b: Flutter Mane|Icy Wind|p1a: Aang|[spread] p1b\n|-activate|p1a: Aang|move: Protect\n|-supereffective|p1b: Harambe\n|-damage|p1b: Harambe|82/100\n|-unboost|p1b: Harambe|spe|1\n|move|p2a: Terapagos|Tera Starstorm|p1a: Aang|[spread] p1b\n|-activate|p1a: Aang|move: Protect\n|-damage|p1b: Harambe|44/100\n|\n|-weather|RainDance|[upkeep]\n|-heal|p1b: Harambe|50/100|[from] Grassy Terrain\n|-heal|p2a: Terapagos|77/100|[from] Grassy Terrain\n|-sideend|p1: Voth|move: Tailwind\n|upkeep\n|turn|5\n|l|\u2606Voth\n|inactive|Voth disconnected and has a minute to reconnect!\n|player|p1|\n|inactive|Voth has 30 seconds left.\n|j|\u2606Voth\n|inactive|Voth reconnected and has 25 seconds left.\n|player|p1|Voth|dawn|\n|inactive|Voth has 20 seconds left.\n|inactive|Voth has 15 seconds left.\n|inactive|Voth has 10 seconds left.\n|\n|t:|1773121274\n|-end|p2b: Flutter Mane|Protosynthesis|[silent]\n|switch|p2b: Miraidon|Miraidon, L50, shiny|100/100\n|-fieldstart|move: Electric Terrain|[from] ability: Hadron Engine|[of] p2b: Miraidon\n|-enditem|p2a: Terapagos|Electric Seed\n|-boost|p2a: Terapagos|def|1|[from] item: Electric Seed\n|move|p2a: Terapagos|Protect|p2a: Terapagos\n|-singleturn|p2a: Terapagos|Protect\n|move|p1a: Aang|Tailwind|p1a: Aang\n|-sidestart|p1: Voth|move: Tailwind\n|move|p1b: Harambe|Wood Hammer|p2a: Terapagos\n|-activate|p2a: Terapagos|move: Protect\n|\n|-weather|RainDance|[upkeep]\n|upkeep\n|turn|6\n|\n|t:|1773121281\n|move|p1a: Aang|Protect|p1a: Aang\n|-singleturn|p1a: Aang|Protect\n|move|p2b: Miraidon|Dazzling Gleam|p1b: Harambe|[spread] p1b\n|-activate|p1a: Aang|move: Protect\n|-damage|p1b: Harambe|29/100\n|move|p1b: Harambe|U-turn|p2a: Terapagos\n|-damage|p2a: Terapagos|67/100\n|\n|t:|1773121292\n|switch|p1b: Nuke|Kyogre, L50|13/100|[from] U-turn\n|move|p2a: Terapagos|Tera Starstorm|p1a: Aang|[spread] p1b\n|-activate|p1a: Aang|move: Protect\n|-damage|p1b: Nuke|0 fnt\n|faint|p1b: Nuke\n|\n|-weather|RainDance|[upkeep]\n|upkeep\n|\n|t:|1773121294\n|switch|p1b: Harambe|Rillaboom, L50, F|29/100\n|-fieldstart|move: Grassy Terrain|[from] ability: Grassy Surge|[of] p1b: Harambe\n|turn|7\n|\n|t:|1773121306\n|move|p1a: Aang|Bleakwind Storm|p2a: Terapagos|[spread] p2a,p2b\n|-resisted|p2b: Miraidon\n|-damage|p2a: Terapagos|51/100\n|-damage|p2b: Miraidon|91/100\n|move|p1b: Harambe|Wood Hammer|p2a: Terapagos\n|-damage|p2a: Terapagos|15/100\n|-damage|p1b: Harambe|16/100|[from] Recoil\n|move|p2b: Miraidon|Dazzling Gleam|p1b: Harambe|[spread] p1a,p1b\n|-damage|p1a: Aang|0 fnt\n|-damage|p1b: Harambe|2/100\n|faint|p1a: Aang\n|move|p2a: Terapagos|Tera Starstorm|p1b: Harambe\n|-damage|p1b: Harambe|0 fnt\n|faint|p1b: Harambe\n|\n|-weather|none\n|-heal|p2b: Miraidon|97/100|[from] Grassy Terrain\n|-heal|p2a: Terapagos|21/100|[from] Grassy Terrain\n|upkeep\n|\n|t:|1773121314\n|switch|p1b: Korra|Calyrex-Ice, L50|100/100\n|-ability|p1b: Korra|As One\n|-ability|p1b: Korra|Unnerve\n|turn|8\n|\n|t:|1773121321\n|move|p2a: Terapagos|Protect|p2a: Terapagos\n|-singleturn|p2a: Terapagos|Protect\n|move|p2b: Miraidon|Draco Meteor|p1b: Korra\n|-damage|p1b: Korra|59/100\n|-unboost|p2b: Miraidon|spa|2\n|move|p1b: Korra|Trick Room|p1b: Korra\n|-fieldstart|move: Trick Room|[of] p1b: Korra\n|\n|-heal|p1b: Korra|65/100|[from] Grassy Terrain\n|-heal|p1b: Korra|71/100|[from] item: Leftovers\n|-heal|p2a: Terapagos|27/100|[from] Grassy Terrain\n|-heal|p2b: Miraidon|100/100|[from] Grassy Terrain\n|-sideend|p1: Voth|move: Tailwind\n|upkeep\n|turn|9\n|j| globalfish39\n|\n|t:|1773121335\n|move|p1b: Korra|Glacial Lance|p2b: Miraidon|[spread] p2a,p2b\n|-supereffective|p2b: Miraidon\n|-damage|p2a: Terapagos|4/100\n|-damage|p2b: Miraidon|15/100\n|move|p2a: Terapagos|Tera Starstorm|p1b: Korra\n|-damage|p1b: Korra|25/100\n|move|p2b: Miraidon|Electro Drift|p1b: Korra\n|-damage|p1b: Korra|7/100\n|\n|-heal|p1b: Korra|13/100|[from] Grassy Terrain\n|-heal|p1b: Korra|19/100|[from] item: Leftovers\n|-heal|p2a: Terapagos|10/100|[from] Grassy Terrain\n|-heal|p2b: Miraidon|21/100|[from] Grassy Terrain\n|upkeep\n|turn|10\n|inactive|Voth has 30 seconds left.\n|inactive|Voth has 20 seconds left.\n|\n|t:|1773121374\n|move|p1b: Korra|Protect|p1b: Korra\n|-singleturn|p1b: Korra|Protect\n|move|p2a: Terapagos|Protect|p2a: Terapagos\n|-singleturn|p2a: Terapagos|Protect\n|move|p2b: Miraidon|Electro Drift|p1b: Korra\n|-activate|p1b: Korra|move: Protect\n|\n|-heal|p1b: Korra|25/100|[from] Grassy Terrain\n|-heal|p1b: Korra|30/100|[from] item: Leftovers\n|-heal|p2a: Terapagos|16/100|[from] Grassy Terrain\n|-heal|p2b: Miraidon|27/100|[from] Grassy Terrain\n|upkeep\n|turn|11\n|\n|t:|1773121388\n|switch|p2b: Flutter Mane|Flutter Mane, L50, shiny|100/100\n|move|p1b: Korra|Glacial Lance|p2b: Flutter Mane|[spread] p2a,p2b\n|-damage|p2a: Terapagos|0 fnt\n|-damage|p2b: Flutter Mane|0 fnt\n|faint|p2a: Terapagos\n|detailschange|p2: Terapagos|Terapagos, L50, M|[silent]\n|faint|p2b: Flutter Mane\n|-end|p2b: Flutter Mane|Protosynthesis|[silent]\n|-ability|p1b: Korra|Chilling Neigh|boost\n|-boost|p1b: Korra|atk|2\n|\n|-heal|p1b: Korra|36/100|[from] Grassy Terrain\n|-heal|p1b: Korra|42/100|[from] item: Leftovers\n|-fieldend|move: Grassy Terrain\n|upkeep\n|\n|t:|1773121390\n|switch|p2b: Miraidon|Miraidon, L50, shiny|27/100\n|-fieldstart|move: Electric Terrain|[from] ability: Hadron Engine|[of] p2b: Miraidon\n|turn|12\n|\n|t:|1773121403\n|move|p1b: Korra|Glacial Lance|p2b: Miraidon\n|-supereffective|p2b: Miraidon\n|-crit|p2b: Miraidon\n|-damage|p2b: Miraidon|0 fnt\n|faint|p2b: Miraidon\n|\n|win|Voth\n|raw|Voth's rating: 1379 &rarr; <strong>1400</strong><br />(+21 for winning)\n|raw|bola696's rating: 1403 &rarr; <strong>1382</strong><br />(-21 for losing)\n|l|\u2606bola696\n|player|p2|\n|l|\u2606Voth\n|player|p1|\n","uploadtime":1773121569,"views":18,"formatid":"gen9vgc2026regi","rating":1382,"private":0,"password":null}