{"id":"gen9vgc2026regi-2558701526","format":"[Gen 9] VGC 2026 Reg I","players":["Hi jump kicker","yubanmeiqin"],"log":"|j|\u2606Hi jump kicker\n|j|\u2606yubanmeiqin\n|t:|1773465908\n|gametype|doubles\n|player|p1|Hi jump kicker|blackbelt-gen4dp|1307\n|player|p2|yubanmeiqin|iono-masters|1393\n|gen|9\n|tier|[Gen 9] VGC 2026 Reg I\n|rated|\n|rule|Species Clause: Limit one of each Pok\u00e9mon\n|rule|Item Clause: Limit 1 of each item\n|clearpoke\n|poke|p1|Murkrow, L50, F|\n|poke|p1|Reshiram, L50|\n|poke|p1|Zekrom, L50|\n|poke|p1|Great Tusk, L50|\n|poke|p1|Flutter Mane, L50|\n|poke|p1|Urshifu-*, L50, M|\n|poke|p2|Miraidon, L50|\n|poke|p2|Kyogre, L50|\n|poke|p2|Whimsicott, L50, F|\n|poke|p2|Iron Hands, L50|\n|poke|p2|Farigiraf, L50, M|\n|poke|p2|Urshifu-*, L50, M|\n|teampreview|4\n|\n|t:|1773465928\n|teamsize|p1|4\n|teamsize|p2|4\n|start\n|switch|p1a: Murkrow|Murkrow, L50, F|100/100\n|switch|p1b: Reshiram|Reshiram, L50|100/100\n|switch|p2a: \u5996\u820d\u7cbe\u62c9|Whimsicott, L50, F, shiny|100/100\n|switch|p2b: \u7d2b\u8272\u5fc3\u60c5|Miraidon, L50, shiny|100/100\n|-fieldstart|move: Electric Terrain|[from] ability: Hadron Engine|[of] p2b: \u7d2b\u8272\u5fc3\u60c5\n|-ability|p1b: Reshiram|Turboblaze\n|turn|1\n|\n|t:|1773465963\n|-terastallize|p2b: \u7d2b\u8272\u5fc3\u60c5|Fairy\n|-terastallize|p1b: Reshiram|Fire\n|move|p2a: \u5996\u820d\u7cbe\u62c9|Tailwind|p2a: \u5996\u820d\u7cbe\u62c9\n|-sidestart|p2: yubanmeiqin|move: Tailwind\n|move|p1a: Murkrow|Tailwind|p1a: Murkrow\n|-sidestart|p1: Hi jump kicker|move: Tailwind\n|move|p2b: \u7d2b\u8272\u5fc3\u60c5|Dazzling Gleam|p1a: Murkrow|[spread] p1a,p1b\n|-supereffective|p1a: Murkrow\n|-resisted|p1b: Reshiram\n|-damage|p1a: Murkrow|0 fnt\n|-damage|p1b: Reshiram|77/100\n|faint|p1a: Murkrow\n|-damage|p2b: \u7d2b\u8272\u5fc3\u60c5|91/100|[from] item: Life Orb\n|move|p1b: Reshiram|Heat Wave|p2a: \u5996\u820d\u7cbe\u62c9|[spread] p2a,p2b\n|-supereffective|p2a: \u5996\u820d\u7cbe\u62c9\n|-enditem|p2a: \u5996\u820d\u7cbe\u62c9|Focus Sash\n|-damage|p2a: \u5996\u820d\u7cbe\u62c9|1/100\n|-damage|p2b: \u7d2b\u8272\u5fc3\u60c5|40/100\n|\n|upkeep\n|\n|t:|1773465984\n|switch|p1a: Great Tusk|Great Tusk, L50|100/100\n|turn|2\n|\n|t:|1773465998\n|move|p1a: Great Tusk|Headlong Rush|p2b: \u7d2b\u8272\u5fc3\u60c5\n|-damage|p2b: \u7d2b\u8272\u5fc3\u60c5|0 fnt\n|-unboost|p1a: Great Tusk|def|1\n|-unboost|p1a: Great Tusk|spd|1\n|faint|p2b: \u7d2b\u8272\u5fc3\u60c5\n|move|p2a: \u5996\u820d\u7cbe\u62c9|Endeavor|p1b: Reshiram\n|-damage|p1b: Reshiram|1/100\n|move|p1b: Reshiram|Fusion Flare|p2a: \u5996\u820d\u7cbe\u62c9\n|-supereffective|p2a: \u5996\u820d\u7cbe\u62c9\n|-damage|p2a: \u5996\u820d\u7cbe\u62c9|0 fnt\n|faint|p2a: \u5996\u820d\u7cbe\u62c9\n|\n|upkeep\n|\n|t:|1773466011\n|switch|p2a: \u7d2b\u9c7c\u5b66\u59d0|Kyogre, L50, shiny|100/100\n|switch|p2b: 770|Farigiraf, L50, M|100/100\n|-weather|RainDance|[from] ability: Drizzle|[of] p2a: \u7d2b\u9c7c\u5b66\u59d0\n|-enditem|p2b: 770|Electric Seed\n|-boost|p2b: 770|def|1|[from] item: Electric Seed\n|turn|3\n|\n|t:|1773466021\n|move|p2b: 770|Helping Hand|p2a: \u7d2b\u9c7c\u5b66\u59d0\n|-singleturn|p2a: \u7d2b\u9c7c\u5b66\u59d0|Helping Hand|[of] p2b: 770\n|move|p1a: Great Tusk|Headlong Rush|p2b: 770\n|-damage|p2b: 770|63/100\n|-unboost|p1a: Great Tusk|def|1\n|-unboost|p1a: Great Tusk|spd|1\n|move|p2a: \u7d2b\u9c7c\u5b66\u59d0|Origin Pulse|p1a: Great Tusk|[spread] p1b\n|-miss|p2a: \u7d2b\u9c7c\u5b66\u59d0|p1a: Great Tusk\n|-supereffective|p1b: Reshiram\n|-damage|p1b: Reshiram|0 fnt\n|faint|p1b: Reshiram\n|\n|-weather|RainDance|[upkeep]\n|upkeep\n|\n|t:|1773466036\n|switch|p1b: Zekrom|Zekrom, L50|100/100\n|-ability|p1b: Zekrom|Teravolt\n|turn|4\n|\n|t:|1773466049\n|move|p2b: 770|Helping Hand|p2a: \u7d2b\u9c7c\u5b66\u59d0\n|-singleturn|p2a: \u7d2b\u9c7c\u5b66\u59d0|Helping Hand|[of] p2b: 770\n|move|p1a: Great Tusk|Headlong Rush|p2b: 770\n|-damage|p2b: 770|20/100\n|-unboost|p1a: Great Tusk|def|1\n|-unboost|p1a: Great Tusk|spd|1\n|move|p2a: \u7d2b\u9c7c\u5b66\u59d0|Origin Pulse|p1a: Great Tusk|[spread] p1a,p1b\n|-supereffective|p1a: Great Tusk\n|-resisted|p1b: Zekrom\n|-damage|p1a: Great Tusk|0 fnt\n|-damage|p1b: Zekrom|29/100\n|faint|p1a: Great Tusk\n|-end|p1a: Great Tusk|Protosynthesis|[silent]\n|move|p1b: Zekrom|Fusion Bolt|p2b: 770\n|-damage|p2b: 770|0 fnt\n|faint|p2b: 770\n|\n|-weather|RainDance|[upkeep]\n|-sideend|p1: Hi jump kicker|move: Tailwind\n|-sideend|p2: yubanmeiqin|move: Tailwind\n|upkeep\n|turn|5\n|\n|t:|1773466069\n|move|p2a: \u7d2b\u9c7c\u5b66\u59d0|Origin Pulse|p1b: Zekrom|[miss]\n|-miss|p2a: \u7d2b\u9c7c\u5b66\u59d0|p1b: Zekrom\n|move|p1b: Zekrom|Fusion Bolt|p2a: \u7d2b\u9c7c\u5b66\u59d0\n|-supereffective|p2a: \u7d2b\u9c7c\u5b66\u59d0\n|-damage|p2a: \u7d2b\u9c7c\u5b66\u59d0|0 fnt\n|faint|p2a: \u7d2b\u9c7c\u5b66\u59d0\n|\n|win|Hi jump kicker\n|raw|Hi jump kicker's rating: 1307 &rarr; <strong>1332</strong><br />(+25 for winning)\n|raw|yubanmeiqin's rating: 1393 &rarr; <strong>1368</strong><br />(-25 for losing)\n|l|\u2606yubanmeiqin\n|player|p2|\n|l|\u2606Hi jump kicker\n|player|p1|\n","uploadtime":1773466314,"views":13,"formatid":"gen9vgc2026regi","rating":1332,"private":0,"password":null}