{"id":"gen9vgc2026regi-2560207056","format":"[Gen 9] VGC 2026 Reg I","players":["Billlmads","WrestlingDemon"],"log":"|j|\u2606Billlmads\n|j|\u2606WrestlingDemon\n|t:|1773666230\n|gametype|doubles\n|player|p1|Billlmads|red|1465\n|player|p2|WrestlingDemon|hiker-gen4|1481\n|gen|9\n|tier|[Gen 9] VGC 2026 Reg I\n|rated|\n|rule|Species Clause: Limit one of each Pok\u00e9mon\n|rule|Item Clause: Limit 1 of each item\n|clearpoke\n|poke|p1|Calyrex-Ice, L50|\n|poke|p1|Miraidon, L50|\n|poke|p1|Volcarona, L50, F|\n|poke|p1|Grimmsnarl, L50, M|\n|poke|p1|Incineroar, L50, M|\n|poke|p1|Ditto, L50|\n|poke|p2|Calyrex-Shadow, L50|\n|poke|p2|Zamazenta-*, L50|\n|poke|p2|Raging Bolt, L50|\n|poke|p2|Rillaboom, L50, F|\n|poke|p2|Tornadus, L50, M|\n|poke|p2|Smeargle, L50, F|\n|teampreview|4\n|inactive|Battle timer is ON: inactive players will automatically lose when time's up. (requested by WrestlingDemon)\n|inactive|WrestlingDemon has 60 seconds left.\n|\n|t:|1773666282\n|teamsize|p1|4\n|teamsize|p2|4\n|start\n|switch|p1a: Miraidon|Miraidon, L50|100/100\n|switch|p1b: Grimmsnarl|Grimmsnarl, L50, M, shiny|100/100\n|switch|p2a: Raging Bolt|Raging Bolt, L50|100/100\n|switch|p2b: Smeargle|Smeargle, L50, F|100/100\n|-fieldstart|move: Electric Terrain|[from] ability: Hadron Engine|[of] p1a: Miraidon\n|-enditem|p2a: Raging Bolt|Booster Energy\n|-activate|p2a: Raging Bolt|ability: Protosynthesis|[fromitem]\n|-start|p2a: Raging Bolt|protosynthesisspa\n|turn|1\n|inactive|Billlmads has 30 seconds left.\n|inactive|WrestlingDemon has 30 seconds left.\n|\n|t:|1773666317\n|-terastallize|p1a: Miraidon|Electric\n|move|p2b: Smeargle|Fake Out|p1a: Miraidon\n|-damage|p1a: Miraidon|96/100\n|cant|p1a: Miraidon|flinch\n|move|p2a: Raging Bolt|Draco Meteor|p1a: Miraidon\n|-damage|p1a: Miraidon|43/100\n|-unboost|p2a: Raging Bolt|spa|2\n|move|p1b: Grimmsnarl|Spirit Break|p2a: Raging Bolt\n|-supereffective|p2a: Raging Bolt\n|-damage|p2a: Raging Bolt|57/100\n|-unboost|p2a: Raging Bolt|spa|1\n|\n|-ability|p2b: Smeargle|Moody|boost\n|-boost|p2b: Smeargle|atk|2\n|-unboost|p2b: Smeargle|def|1\n|upkeep\n|turn|2\n|\n|t:|1773666342\n|-end|p2a: Raging Bolt|Protosynthesis|[silent]\n|switch|p2a: Calyrex|Calyrex-Shadow, L50|100/100\n|-ability|p2a: Calyrex|As One\n|-ability|p2a: Calyrex|Unnerve\n|move|p2b: Smeargle|Follow Me|p2b: Smeargle\n|-singleturn|p2b: Smeargle|move: Follow Me\n|move|p1a: Miraidon|Volt Switch|p2b: Smeargle\n|-enditem|p2b: Smeargle|Focus Sash\n|-damage|p2b: Smeargle|1/100\n|\n|t:|1773666359\n|switch|p1a: Volcarona|Volcarona, L50, F, shiny|100/100|[from] Volt Switch\n|-enditem|p1a: Volcarona|Electric Seed\n|-boost|p1a: Volcarona|def|1|[from] item: Electric Seed\n|move|p1b: Grimmsnarl|Spirit Break|p2b: Smeargle\n|-damage|p2b: Smeargle|0 fnt\n|faint|p2b: Smeargle\n|\n|upkeep\n|\n|t:|1773666363\n|switch|p2b: Raging Bolt|Raging Bolt, L50|57/100\n|turn|3\n|\n|t:|1773666383\n|move|p1b: Grimmsnarl|Light Screen|p1b: Grimmsnarl\n|-sidestart|p1: Billlmads|move: Light Screen\n|move|p2a: Calyrex|Nasty Plot|p2a: Calyrex\n|-boost|p2a: Calyrex|spa|2\n|move|p1a: Volcarona|Quiver Dance|p1a: Volcarona\n|-boost|p1a: Volcarona|spa|1\n|-boost|p1a: Volcarona|spd|1\n|-boost|p1a: Volcarona|spe|1\n|move|p2b: Raging Bolt|Thunderbolt|p1a: Volcarona\n|-damage|p1a: Volcarona|75/100\n|\n|upkeep\n|turn|4\n|\n|t:|1773666402\n|move|p1b: Grimmsnarl|Thunder Wave|p2a: Calyrex\n|-status|p2a: Calyrex|par\n|move|p1a: Volcarona|Quiver Dance|p1a: Volcarona\n|-boost|p1a: Volcarona|spa|1\n|-boost|p1a: Volcarona|spd|1\n|-boost|p1a: Volcarona|spe|1\n|cant|p2a: Calyrex|par\n|move|p2b: Raging Bolt|Thunderbolt|p1a: Volcarona\n|-damage|p1a: Volcarona|56/100\n|\n|upkeep\n|turn|5\n|\n|t:|1773666417\n|move|p2b: Raging Bolt|Thunderclap|p1a: Volcarona\n|-damage|p1a: Volcarona|39/100\n|move|p1a: Volcarona|Giga Drain|p2b: Raging Bolt\n|-resisted|p2b: Raging Bolt\n|-crit|p2b: Raging Bolt\n|-damage|p2b: Raging Bolt|26/100\n|-heal|p1a: Volcarona|57/100|[from] drain|[of] p2b: Raging Bolt\n|move|p2a: Calyrex|Astral Barrage|p1b: Grimmsnarl|[spread] p1a,p1b\n|-resisted|p1b: Grimmsnarl\n|-damage|p1a: Volcarona|18/100\n|-damage|p1b: Grimmsnarl|57/100\n|-damage|p2a: Calyrex|91/100 par|[from] item: Life Orb\n|move|p1b: Grimmsnarl|Spirit Break|p2b: Raging Bolt\n|-supereffective|p2b: Raging Bolt\n|-damage|p2b: Raging Bolt|0 fnt\n|faint|p2b: Raging Bolt\n|-end|p2b: Raging Bolt|Protosynthesis|[silent]\n|\n|-fieldend|move: Electric Terrain\n|upkeep\n|\n|t:|1773666424\n|switch|p2b: Zamazenta|Zamazenta-Crowned, L50|100/100\n|-ability|p2b: Zamazenta|Dauntless Shield|boost\n|-boost|p2b: Zamazenta|def|1\n|turn|6\n|\n|t:|1773666446\n|move|p2b: Zamazenta|Protect|p2b: Zamazenta\n|-singleturn|p2b: Zamazenta|Protect\n|move|p1b: Grimmsnarl|Reflect|p1b: Grimmsnarl\n|-sidestart|p1: Billlmads|Reflect\n|move|p1a: Volcarona|Giga Drain|p2a: Calyrex\n|-damage|p2a: Calyrex|53/100 par\n|-heal|p1a: Volcarona|37/100|[from] drain|[of] p2a: Calyrex\n|move|p2a: Calyrex|Astral Barrage|p1a: Volcarona|[spread] p1a,p1b\n|-resisted|p1b: Grimmsnarl\n|-damage|p1a: Volcarona|0 fnt\n|-damage|p1b: Grimmsnarl|14/100\n|faint|p1a: Volcarona\n|-ability|p2a: Calyrex|Grim Neigh|boost\n|-boost|p2a: Calyrex|spa|1\n|-damage|p2a: Calyrex|43/100 par|[from] item: Life Orb\n|\n|upkeep\n|\n|t:|1773666466\n|switch|p1a: Ditto|Ditto, L50|100/100\n|-transform|p1a: Ditto|p2b: Zamazenta|[from] ability: Imposter\n|-ability|p1a: Ditto|Dauntless Shield|boost\n|-boost|p1a: Ditto|def|1\n|turn|7\n|\n|t:|1773666486\n|-terastallize|p2b: Zamazenta|Grass\n|move|p2a: Calyrex|Protect|p2a: Calyrex\n|-singleturn|p2a: Calyrex|Protect\n|move|p1b: Grimmsnarl|Thunder Wave|p2b: Zamazenta\n|-status|p2b: Zamazenta|par\n|move|p1a: Ditto|Heavy Slam|p2a: Calyrex\n|-activate|p2a: Calyrex|move: Protect\n|move|p2b: Zamazenta|Body Press|p1a: Ditto\n|-supereffective|p1a: Ditto\n|-damage|p1a: Ditto|66/100\n|\n|upkeep\n|turn|8\n|\n|t:|1773666499\n|move|p1a: Ditto|Heavy Slam|p2a: Calyrex\n|-damage|p2a: Calyrex|0 fnt\n|faint|p2a: Calyrex\n|move|p2b: Zamazenta|Body Press|p1a: Ditto\n|-supereffective|p1a: Ditto\n|-damage|p1a: Ditto|35/100\n|move|p1b: Grimmsnarl|Spirit Break|p2b: Zamazenta\n|-damage|p2b: Zamazenta|90/100 par\n|-unboost|p2b: Zamazenta|spa|1\n|\n|upkeep\n|turn|9\n|\n|t:|1773666510\n|move|p1a: Ditto|Body Press|p2b: Zamazenta\n|-damage|p2b: Zamazenta|52/100 par\n|move|p2b: Zamazenta|Body Press|p1a: Ditto\n|-supereffective|p1a: Ditto\n|-damage|p1a: Ditto|0 fnt\n|faint|p1a: Ditto\n|move|p1b: Grimmsnarl|Spirit Break|p2b: Zamazenta\n|-damage|p2b: Zamazenta|41/100 par\n|-unboost|p2b: Zamazenta|spa|1\n|\n|upkeep\n|\n|t:|1773666516\n|switch|p1a: Miraidon|Miraidon, L50, tera:Electric|43/100\n|-fieldstart|move: Electric Terrain|[from] ability: Hadron Engine|[of] p1a: Miraidon\n|turn|10\n|\n|t:|1773666522\n|move|p1a: Miraidon|Draco Meteor|p2b: Zamazenta\n|-damage|p2b: Zamazenta|0 fnt\n|-unboost|p1a: Miraidon|spa|2\n|faint|p2b: Zamazenta\n|\n|win|Billlmads\n|raw|Billlmads's rating: 1465 &rarr; <strong>1486</strong><br />(+21 for winning)\n|raw|WrestlingDemon's rating: 1481 &rarr; <strong>1460</strong><br />(-21 for losing)\n|l|\u2606WrestlingDemon\n|player|p2|\n","uploadtime":1773666754,"views":13,"formatid":"gen9vgc2026regi","rating":1460,"private":0,"password":null}