{"id":"gen9vgc2026regi-2577950106","format":"[Gen 9] VGC 2026 Reg I","players":["EllenJoe2026","GAPDHD"],"log":"|j|\u2606EllenJoe2026\n|j|\u2606GAPDHD\n|t:|1775625206\n|gametype|doubles\n|player|p1|EllenJoe2026|elesa|1584\n|player|p2|GAPDHD|ruinmaniac|1527\n|gen|9\n|tier|[Gen 9] VGC 2026 Reg I\n|rated|\n|rule|Species Clause: Limit one of each Pok\u00e9mon\n|rule|Item Clause: Limit 1 of each item\n|clearpoke\n|poke|p1|Calyrex-Ice, L50|\n|poke|p1|Miraidon, L50|\n|poke|p1|Tornadus, L50, M|\n|poke|p1|Urshifu-*, L50, F|\n|poke|p1|Volcarona, L50, F|\n|poke|p1|Indeedee-F, L50, F|\n|poke|p2|Urshifu-*, L50, F|\n|poke|p2|Tornadus, L50, M|\n|poke|p2|Lunala, L50|\n|poke|p2|Calyrex-Ice, L50|\n|poke|p2|Grimmsnarl, L50, M|\n|poke|p2|Rillaboom, L50, M|\n|teampreview|4\nGAPDHD has agreed to open team sheets.\n|inactive|Battle timer is ON: inactive players will automatically lose when time's up. (requested by EllenJoe2026)\n|inactive|GAPDHD has 60 seconds left.\n|\n|t:|1775625251\n|teamsize|p1|4\n|teamsize|p2|4\n|start\n|switch|p1a: Miraidon|Miraidon, L50, shiny|100/100\n|switch|p1b: Tornadus|Tornadus, L50, M, shiny|100/100\n|switch|p2a: Calyrex|Calyrex-Ice, L50|100/100\n|switch|p2b: Grimmsnarl|Grimmsnarl, L50, M|100/100\n|-ability|p2a: Calyrex|As One\n|-ability|p2a: Calyrex|Unnerve\n|-fieldstart|move: Electric Terrain|[from] ability: Hadron Engine|[of] p1a: Miraidon\n|turn|1\n|\n|t:|1775625273\n|-terastallize|p1a: Miraidon|Ghost\n|-terastallize|p2a: Calyrex|Grass\n|move|p2b: Grimmsnarl|Light Screen|p2b: Grimmsnarl\n|-sidestart|p2: GAPDHD|move: Light Screen\n|move|p1a: Miraidon|Electro Drift|p2a: Calyrex\n|-resisted|p2a: Calyrex\n|-damage|p2a: Calyrex|68/100\n|move|p1b: Tornadus|Dark Pulse|p2a: Calyrex\n|-damage|p2a: Calyrex|55/100\n|move|p2a: Calyrex|Glacial Lance|p1b: Tornadus|[spread] p1a,p1b\n|-supereffective|p1b: Tornadus\n|-damage|p1a: Miraidon|36/100\n|-enditem|p1b: Tornadus|Focus Sash\n|-damage|p1b: Tornadus|1/100\n|\n|-heal|p2a: Calyrex|61/100|[from] item: Leftovers\n|upkeep\n|turn|2\n|inactive|GAPDHD has 30 seconds left.\n|\n|t:|1775625301\n|switch|p2b: Rillaboom|Rillaboom, L50, M|100/100\n|-fieldstart|move: Grassy Terrain|[from] ability: Grassy Surge|[of] p2b: Rillaboom\n|move|p1b: Tornadus|Taunt|p2a: Calyrex\n|-start|p2a: Calyrex|move: Taunt\n|move|p1a: Miraidon|Electro Drift|p2b: Rillaboom\n|-resisted|p2b: Rillaboom\n|-damage|p2b: Rillaboom|79/100\n|move|p2a: Calyrex|Glacial Lance|p1b: Tornadus|[spread] p1a,p1b\n|-supereffective|p1b: Tornadus\n|-damage|p1a: Miraidon|0 fnt\n|-damage|p1b: Tornadus|0 fnt\n|faint|p1a: Miraidon\n|faint|p1b: Tornadus\n|-ability|p2a: Calyrex|Chilling Neigh|boost\n|-boost|p2a: Calyrex|atk|2\n|\n|-heal|p2a: Calyrex|67/100|[from] Grassy Terrain\n|-heal|p2a: Calyrex|74/100|[from] item: Leftovers\n|-heal|p2b: Rillaboom|85/100|[from] Grassy Terrain\n|upkeep\n|\n|t:|1775625308\n|switch|p1a: Calyrex|Calyrex-Ice, L50|100/100\n|switch|p1b: Urshifu|Urshifu-Rapid-Strike, L50, F|100/100\n|-ability|p1a: Calyrex|As One\n|-ability|p1a: Calyrex|Unnerve\n|turn|3\n|\n|t:|1775625328\n|move|p1a: Calyrex|Protect|p1a: Calyrex\n|-singleturn|p1a: Calyrex|Protect\n|move|p2b: Rillaboom|Fake Out|p1a: Calyrex\n|-activate|p1a: Calyrex|move: Protect\n|move|p1b: Urshifu|Ice Spinner|p2a: Calyrex\n|-supereffective|p2a: Calyrex\n|-damage|p2a: Calyrex|31/100\n|-fieldend|move: Grassy Terrain\n|move|p2a: Calyrex|Glacial Lance|p1a: Calyrex|[spread] p1b\n|-activate|p1a: Calyrex|move: Protect\n|-resisted|p1b: Urshifu\n|-damage|p1b: Urshifu|36/100\n|\n|-heal|p2a: Calyrex|37/100|[from] item: Leftovers\n|upkeep\n|turn|4\n|\n|t:|1775625353\n|switch|p2a: Grimmsnarl|Grimmsnarl, L50, M|100/100\n|move|p1b: Urshifu|Ice Spinner|p2b: Rillaboom\n|-supereffective|p2b: Rillaboom\n|-crit|p2b: Rillaboom\n|-damage|p2b: Rillaboom|0 fnt\n|faint|p2b: Rillaboom\n|move|p1a: Calyrex|Glacial Lance|p2a: Grimmsnarl\n|-damage|p2a: Grimmsnarl|13/100\n|\n|upkeep\n|\n|t:|1775625362\n|switch|p2b: Lunala|Lunala, L50|100/100\n|turn|5\n|\n|t:|1775625372\n|move|p2a: Grimmsnarl|Reflect|p2a: Grimmsnarl\n|-sidestart|p2: GAPDHD|Reflect\n|move|p1b: Urshifu|Ice Spinner|p2b: Lunala\n|-damage|p2b: Lunala|91/100\n|move|p2b: Lunala|Meteor Beam||[still]\n|-prepare|p2b: Lunala|Meteor Beam\n|-boost|p2b: Lunala|spa|1\n|-enditem|p2b: Lunala|Power Herb\n|-anim|p2b: Lunala|Meteor Beam|p1b: Urshifu\n|-resisted|p1b: Urshifu\n|-damage|p1b: Urshifu|0 fnt\n|faint|p1b: Urshifu\n|move|p1a: Calyrex|Seed Bomb|p2b: Lunala\n|-damage|p2b: Lunala|73/100\n|\n|upkeep\n|turn|6\n|\n|t:|1775625386\n|move|p2b: Lunala|Moongeist Beam|p1a: Calyrex\n|-supereffective|p1a: Calyrex\n|-damage|p1a: Calyrex|0 fnt\n|faint|p1a: Calyrex\n|\n|win|GAPDHD\n|raw|EllenJoe2026's rating: 1554 &rarr; <strong>1532</strong><br />(-22 for losing)\n|raw|GAPDHD's rating: 1527 &rarr; <strong>1549</strong><br />(+22 for winning)\n|l|\u2606EllenJoe2026\n|player|p1|\n|l|\u2606GAPDHD\n|player|p2|\n","uploadtime":1775625659,"views":15,"formatid":"gen9vgc2026regi","rating":1532,"private":0,"password":null}