{"id":"gen9vgc2026regi-2573548758","format":"[Gen 9] VGC 2026 Reg I","players":["Peppersalt1","Harry Koekenpan"],"log":"|j|\u2606Peppersalt1\n|j|\u2606Harry Koekenpan\n|t:|1775145863\n|gametype|doubles\n|player|p1|Peppersalt1|265|1432\n|player|p2|Harry Koekenpan|266|1331\n|gen|9\n|tier|[Gen 9] VGC 2026 Reg I\n|rated|\n|rule|Species Clause: Limit one of each Pok\u00e9mon\n|rule|Item Clause: Limit 1 of each item\n|clearpoke\n|poke|p1|Dialga-Origin, L50|\n|poke|p1|Ursaluna, L50, M|\n|poke|p1|Incineroar, L50, M|\n|poke|p1|Calyrex-Shadow, L50|\n|poke|p1|Indeedee-F, L50, F|\n|poke|p1|Sneasler, L50, F|\n|poke|p2|Weezing-Galar, L50, F|\n|poke|p2|Calyrex-Shadow, L50|\n|poke|p2|Brute Bonnet, L50|\n|poke|p2|Koraidon, L50|\n|poke|p2|Chien-Pao, L50|\n|poke|p2|Regigigas, L50|\n|teampreview|4\n|inactive|Battle timer is ON: inactive players will automatically lose when time's up. (requested by Peppersalt1)\n|inactive|Harry Koekenpan has 60 seconds left.\n|\n|t:|1775145905\n|teamsize|p1|4\n|teamsize|p2|4\n|start\n|switch|p1a: Incineroar|Incineroar, L50, M|100/100\n|switch|p1b: Dialga|Dialga-Origin, L50|100/100\n|switch|p2a: Weezing|Weezing-Galar, L50, F|100/100\n|switch|p2b: Regigigas|Regigigas, L50|100/100\n|-ability|p2a: Weezing|Neutralizing Gas\n|turn|1\n|inactive|Harry Koekenpan has 30 seconds left.\n|inactive|Harry Koekenpan has 20 seconds left.\n|\n|t:|1775145941\n|move|p1b: Dialga|Protect|p1b: Dialga\n|-singleturn|p1b: Dialga|Protect\n|move|p2b: Regigigas|High Horsepower|p1b: Dialga\n|-activate|p1b: Dialga|move: Protect\n|move|p1a: Incineroar|Knock Off|p2b: Regigigas\n|-damage|p2b: Regigigas|65/100\n|-enditem|p2b: Regigigas|Choice Scarf|[from] move: Knock Off|[of] p1a: Incineroar\n|move|p2a: Weezing|Toxic Spikes|p1a: Incineroar\n|-sidestart|p1: Peppersalt1|move: Toxic Spikes\n|\n|upkeep\n|turn|2\n|\n|t:|1775145957\n|-terastallize|p1b: Dialga|Grass\n|move|p2b: Regigigas|High Horsepower|p1b: Dialga\n|-resisted|p1b: Dialga\n|-damage|p1b: Dialga|86/100\n|move|p1a: Incineroar|U-turn|p2b: Regigigas\n|-damage|p2b: Regigigas|49/100\n|\n|t:|1775145964\n|switch|p1a: Ursaluna|Ursaluna, L50, M|100/100|[from] U-turn\n|-status|p1a: Ursaluna|psn\n|move|p2a: Weezing|Sludge Bomb|p1a: Ursaluna\n|-resisted|p1a: Ursaluna\n|-damage|p1a: Ursaluna|87/100 psn\n|move|p1b: Dialga|Trick Room|p1b: Dialga\n|-fieldstart|move: Trick Room|[of] p1b: Dialga\n|\n|-damage|p1a: Ursaluna|75/100 psn|[from] psn\n|upkeep\n|turn|3\n|\n|t:|1775145988\n|move|p1a: Ursaluna|Earthquake|p2b: Regigigas|[spread] p1b,p2a,p2b\n|-resisted|p1b: Dialga\n|-supereffective|p2a: Weezing\n|-damage|p1b: Dialga|70/100\n|-damage|p2a: Weezing|17/100\n|-damage|p2b: Regigigas|9/100\n|-enditem|p2a: Weezing|Sitrus Berry|[eat]\n|-heal|p2a: Weezing|42/100|[from] item: Sitrus Berry\n|move|p2a: Weezing|Sludge Bomb|p1b: Dialga\n|-supereffective|p1b: Dialga\n|-damage|p1b: Dialga|27/100\n|-status|p1b: Dialga|psn\n|move|p1b: Dialga|Flash Cannon|p2a: Weezing\n|-supereffective|p2a: Weezing\n|-damage|p2a: Weezing|0 fnt\n|faint|p2a: Weezing\n|-end|p2a: Weezing|ability: Neutralizing Gas\n|-start|p2b: Regigigas|ability: Slow Start\n|move|p2b: Regigigas|Double-Edge|p1a: Ursaluna\n|-damage|p1a: Ursaluna|46/100 psn\n|-damage|p2b: Regigigas|0 fnt|[from] Recoil\n|faint|p2b: Regigigas\n|-end|p2b: Regigigas|Slow Start|[silent]\n|\n|-damage|p1a: Ursaluna|34/100 psn|[from] psn\n|-damage|p1b: Dialga|15/100 psn|[from] psn\n|upkeep\n|inactive|Harry Koekenpan has 30 seconds left.\n|\n|t:|1775146016\n|switch|p2a: Chien-Pao|Chien-Pao, L50|100/100\n|switch|p2b: Koraidon|Koraidon, L50|100/100\n|-weather|SunnyDay|[from] ability: Orichalcum Pulse|[of] p2b: Koraidon\n|-activate|p2b: Koraidon|Orichalcum Pulse|[source]\n|-ability|p2a: Chien-Pao|Sword of Ruin\n|turn|4\n|\n|t:|1775146027\n|move|p2b: Koraidon|Protect|p2b: Koraidon\n|-singleturn|p2b: Koraidon|Protect\n|move|p2a: Chien-Pao|Protect|p2a: Chien-Pao\n|-singleturn|p2a: Chien-Pao|Protect\n|move|p1a: Ursaluna|Earthquake|p2b: Koraidon|[spread] \n|-activate|p2a: Chien-Pao|move: Protect\n|-activate|p2b: Koraidon|move: Protect\n|-activate|p1b: Dialga|ability: Telepathy\n|move|p1b: Dialga|Flash Cannon|p2a: Chien-Pao\n|-activate|p2a: Chien-Pao|move: Protect\n|\n|-weather|SunnyDay|[upkeep]\n|-damage|p1a: Ursaluna|22/100 psn|[from] psn\n|-damage|p1b: Dialga|2/100 psn|[from] psn\n|upkeep\n|turn|5\n|\n|t:|1775146051\n|move|p2a: Chien-Pao|Sucker Punch|p1a: Ursaluna\n|-damage|p1a: Ursaluna|0 fnt\n|faint|p1a: Ursaluna\n|move|p1b: Dialga|Flash Cannon|p2a: Chien-Pao\n|-supereffective|p2a: Chien-Pao\n|-enditem|p2a: Chien-Pao|Focus Sash\n|-damage|p2a: Chien-Pao|1/100\n|move|p2b: Koraidon|Flame Charge|p1b: Dialga\n|-supereffective|p1b: Dialga\n|-damage|p1b: Dialga|0 fnt\n|-boost|p2b: Koraidon|spe|1\n|faint|p1b: Dialga\n|\n|-weather|SunnyDay|[upkeep]\n|upkeep\n|\n|t:|1775146061\n|switch|p1a: Incineroar|Incineroar, L50, M|100/100\n|switch|p1b: Calyrex|Calyrex-Shadow, L50|100/100\n|-ability|p1b: Calyrex|As One\n|-ability|p1b: Calyrex|Unnerve\n|-status|p1a: Incineroar|psn\n|-ability|p1a: Incineroar|Intimidate|boost\n|-unboost|p2a: Chien-Pao|atk|1\n|-fail|p2b: Koraidon|unboost|[from] item: Clear Amulet|[of] p2b: Koraidon\n|-status|p1b: Calyrex|psn\n|turn|6\n|\n|t:|1775146080\n|move|p2a: Chien-Pao|Protect|p2a: Chien-Pao\n|-singleturn|p2a: Chien-Pao|Protect\n|move|p2b: Koraidon|Protect|p2b: Koraidon\n|-singleturn|p2b: Koraidon|Protect\n|move|p1a: Incineroar|U-turn|p2a: Chien-Pao\n|-activate|p2a: Chien-Pao|move: Protect\n|move|p1b: Calyrex|Nasty Plot|p1b: Calyrex\n|-boost|p1b: Calyrex|spa|2\n|\n|-weather|SunnyDay|[upkeep]\n|-damage|p1a: Incineroar|88/100 psn|[from] psn\n|-damage|p1b: Calyrex|88/100 psn|[from] psn\n|-fieldend|move: Trick Room\n|upkeep\n|turn|7\n|\n|t:|1775146096\n|-terastallize|p2b: Koraidon|Fire\n|move|p1b: Calyrex|Protect|p1b: Calyrex\n|-singleturn|p1b: Calyrex|Protect\n|move|p2b: Koraidon|Flare Blitz|p1b: Calyrex\n|-activate|p1b: Calyrex|move: Protect\n|move|p2a: Chien-Pao|Sacred Sword|p1a: Incineroar\n|-supereffective|p1a: Incineroar\n|-damage|p1a: Incineroar|44/100 psn\n|move|p1a: Incineroar|U-turn|p2a: Chien-Pao\n|-supereffective|p2a: Chien-Pao\n|-damage|p2a: Chien-Pao|0 fnt\n|faint|p2a: Chien-Pao\n|\n|-weather|SunnyDay|[upkeep]\n|-damage|p1b: Calyrex|76/100 psn|[from] psn\n|-damage|p1a: Incineroar|31/100 psn|[from] psn\n|upkeep\n|turn|8\n|\n|t:|1775146113\n|move|p2b: Koraidon|Flare Blitz|p1b: Calyrex\n|-damage|p1b: Calyrex|0 fnt\n|faint|p1b: Calyrex\n|-damage|p2b: Koraidon|75/100|[from] Recoil\n|move|p1a: Incineroar|Knock Off|p2b: Koraidon\n|-damage|p2b: Koraidon|40/100\n|-enditem|p2b: Koraidon|Clear Amulet|[from] move: Knock Off|[of] p1a: Incineroar\n|\n|-weather|none\n|-damage|p1a: Incineroar|19/100 psn|[from] psn\n|upkeep\n|turn|9\n|\n|t:|1775146122\n|move|p2b: Koraidon|Protect|p2b: Koraidon\n|-singleturn|p2b: Koraidon|Protect\n|move|p1a: Incineroar|Flare Blitz|p2b: Koraidon\n|-activate|p2b: Koraidon|move: Protect\n|\n|-damage|p1a: Incineroar|6/100 psn|[from] psn\n|upkeep\n|turn|10\n|\n|t:|1775146126\n|move|p2b: Koraidon|Collision Course|p1a: Incineroar\n|-supereffective|p1a: Incineroar\n|-damage|p1a: Incineroar|0 fnt\n|faint|p1a: Incineroar\n|\n|win|Harry Koekenpan\n|raw|Peppersalt1's rating: 1432 &rarr; <strong>1406</strong><br />(-26 for losing)\n|raw|Harry Koekenpan's rating: 1331 &rarr; <strong>1357</strong><br />(+26 for winning)\n|l|\u2606Harry Koekenpan\n|player|p2|\n|l|\u2606Peppersalt1\n|player|p1|\n","uploadtime":1775146300,"views":11,"formatid":"gen9vgc2026regi","rating":1357,"private":0,"password":null}