{"id":"gen9vgc2026regi-2566920666","format":"[Gen 9] VGC 2026 Reg I","players":["Zori53","lstdddsg"],"log":"|j|\u2606Zori53\n|j|\u2606lstdddsg\n|t:|1774429910\n|gametype|doubles\n|player|p1|Zori53|169|1421\n|player|p2|lstdddsg|riley|1528\n|gen|9\n|tier|[Gen 9] VGC 2026 Reg I\n|rated|\n|rule|Species Clause: Limit one of each Pok\u00e9mon\n|rule|Item Clause: Limit 1 of each item\n|clearpoke\n|poke|p1|Calyrex-Shadow, L50|\n|poke|p1|Terapagos, L50, M|\n|poke|p1|Weezing-Galar, L50, M|\n|poke|p1|Tornadus, L50, M|\n|poke|p1|Ditto, L50|\n|poke|p1|Farigiraf, L50, M|\n|poke|p2|Giratina-Origin, L50|\n|poke|p2|Zamazenta-*, L50|\n|poke|p2|Chien-Pao, L50|\n|poke|p2|Entei, L50|\n|poke|p2|Urshifu-*, L50, M|\n|poke|p2|Rillaboom, L50, F|\n|teampreview|4\n|inactive|Battle timer is ON: inactive players will automatically lose when time's up. (requested by lstdddsg)\n|inactive|Zori53 has 60 seconds left.\n|inactive|lstdddsg has 60 seconds left.\n|inactive|Zori53 has 30 seconds left.\n|inactive|Zori53 has 20 seconds left.\n|inactive|Zori53 has 15 seconds left.\n|\n|t:|1774429986\n|teamsize|p1|4\n|teamsize|p2|4\n|start\n|switch|p1a: Ditto|Ditto, L50|100/100\n|switch|p1b: Farigiraf|Farigiraf, L50, M|100/100\n|switch|p2a: Chien-Pao|Chien-Pao, L50|100/100\n|switch|p2b: Zamazenta|Zamazenta-Crowned, L50|100/100\n|-ability|p2a: Chien-Pao|Sword of Ruin\n|-transform|p1a: Ditto|p2b: Zamazenta|[from] ability: Imposter\n|-ability|p1a: Ditto|Dauntless Shield|boost\n|-boost|p1a: Ditto|def|1\n|-ability|p2b: Zamazenta|Dauntless Shield|boost\n|-boost|p2b: Zamazenta|def|1\n|turn|1\n|inactive|Zori53 has 30 seconds left.\n|inactive|lstdddsg has 30 seconds left.\n|inactive|lstdddsg has 20 seconds left.\n|inactive|lstdddsg has 15 seconds left.\n|inactive|lstdddsg has 10 seconds left.\n|inactive|lstdddsg has 5 seconds left.\n|\n|t:|1774430036\n|switch|p1b: Tornadus|Tornadus, L50, M|100/100\n|move|p1a: Ditto|Body Press|p2a: Chien-Pao\n|-supereffective|p2a: Chien-Pao\n|-enditem|p2a: Chien-Pao|Focus Sash\n|-damage|p2a: Chien-Pao|1/100\n|move|p2a: Chien-Pao|Ruination|p1a: Ditto\n|-damage|p1a: Ditto|51/100\n|move|p2b: Zamazenta|Body Press|p1a: Ditto\n|-supereffective|p1a: Ditto\n|-damage|p1a: Ditto|0 fnt\n|faint|p1a: Ditto\n|\n|upkeep\n|\n|t:|1774430057\n|switch|p1a: Farigiraf|Farigiraf, L50, M|100/100\n|turn|2\n|\n|t:|1774430081\n|move|p1b: Tornadus|Taunt|p2b: Zamazenta\n|-start|p2b: Zamazenta|move: Taunt\n|move|p2a: Chien-Pao|Ruination|p1a: Farigiraf\n|-damage|p1a: Farigiraf|50/100\n|move|p2b: Zamazenta|Body Press|p1a: Farigiraf\n|-damage|p1a: Farigiraf|0 fnt\n|faint|p1a: Farigiraf\n|\n|upkeep\n|\n|t:|1774430090\n|switch|p1a: Calyrex|Calyrex-Shadow, L50|100/100\n|-ability|p1a: Calyrex|As One\n|-ability|p1a: Calyrex|Unnerve\n|turn|3\n|inactive|lstdddsg has 30 seconds left.\n|inactive|lstdddsg has 20 seconds left.\n|\n|t:|1774430127\n|-terastallize|p1a: Calyrex|Normal\n|move|p2a: Chien-Pao|Sucker Punch|p1a: Calyrex\n|-damage|p1a: Calyrex|46/100\n|move|p1a: Calyrex|Astral Barrage|p2b: Zamazenta|[spread] p2a,p2b\n|-resisted|p2a: Chien-Pao\n|-damage|p2a: Chien-Pao|0 fnt\n|-damage|p2b: Zamazenta|59/100\n|faint|p2a: Chien-Pao\n|-ability|p1a: Calyrex|Grim Neigh|boost\n|-boost|p1a: Calyrex|spa|1\n|move|p1b: Tornadus|Bleakwind Storm|p2b: Zamazenta\n|-damage|p2b: Zamazenta|29/100\n|-unboost|p2b: Zamazenta|spe|1\n|move|p2b: Zamazenta|Body Press|p1b: Tornadus\n|-resisted|p1b: Tornadus\n|-damage|p1b: Tornadus|65/100\n|-damage|p2b: Zamazenta|12/100|[from] item: Rocky Helmet|[of] p1b: Tornadus\n|\n|upkeep\n|\n|t:|1774430149\n|switch|p2a: Entei|Entei, L50|100/100\n|turn|4\n|\n|t:|1774430178\n|-terastallize|p2a: Entei|Normal\n|move|p1a: Calyrex|Protect|p1a: Calyrex\n|-singleturn|p1a: Calyrex|Protect\n|move|p2a: Entei|Extreme Speed|p1b: Tornadus\n|-damage|p1b: Tornadus|4/100\n|-damage|p2a: Entei|84/100|[from] item: Rocky Helmet|[of] p1b: Tornadus\n|-damage|p2a: Entei|75/100|[from] item: Life Orb\n|move|p1b: Tornadus|Tailwind|p1b: Tornadus\n|-sidestart|p1: Zori53|move: Tailwind\n|move|p2b: Zamazenta|Body Press|p1a: Calyrex\n|-activate|p1a: Calyrex|move: Protect\n|\n|-end|p2b: Zamazenta|move: Taunt\n|upkeep\n|turn|5\n|inactive|Zori53 has 30 seconds left.\n|inactive|lstdddsg has 30 seconds left.\n|\n|t:|1774430210\n|move|p2b: Zamazenta|Wide Guard|p2b: Zamazenta\n|-singleturn|p2b: Zamazenta|Wide Guard\n|move|p2a: Entei|Extreme Speed|p1a: Calyrex\n|-damage|p1a: Calyrex|0 fnt\n|faint|p1a: Calyrex\n|-damage|p2a: Entei|65/100|[from] item: Life Orb\n|move|p1b: Tornadus|Taunt|p2b: Zamazenta\n|-start|p2b: Zamazenta|move: Taunt\n|\n|upkeep\n|turn|6\n|\n|t:|1774430224\n|move|p2a: Entei|Extreme Speed|p1b: Tornadus\n|-damage|p1b: Tornadus|0 fnt\n|-damage|p2a: Entei|49/100|[from] item: Rocky Helmet|[of] p1b: Tornadus\n|faint|p1b: Tornadus\n|-damage|p2a: Entei|39/100|[from] item: Life Orb\n|\n|win|lstdddsg\n|raw|Zori53's rating: 1421 &rarr; <strong>1407</strong><br />(-14 for losing)\n|raw|lstdddsg's rating: 1528 &rarr; <strong>1542</strong><br />(+14 for winning)\n|l|\u2606Zori53\n|player|p1|\n","uploadtime":1774430234,"views":18,"formatid":"gen9vgc2026regi","rating":1407,"private":0,"password":null}