{"id":"gen9vgc2026regi-2557311071","format":"[Gen 9] VGC 2026 Reg I","players":["Worstmb","Simon0123"],"log":"|j|\u2606Worstmb\n|j|\u2606Simon0123\n|t:|1773312034\n|gametype|doubles\n|player|p1|Worstmb|102|1309\n|player|p2|Simon0123|benga|1352\n|gen|9\n|tier|[Gen 9] VGC 2026 Reg I\n|rated|\n|rule|Species Clause: Limit one of each Pok\u00e9mon\n|rule|Item Clause: Limit 1 of each item\n|clearpoke\n|poke|p1|Whimsicott, L50, F|\n|poke|p1|Urshifu-*, L50, M|\n|poke|p1|Ursaluna-Bloodmoon, L50, M|\n|poke|p1|Kyogre, L50|\n|poke|p1|Rillaboom, L50, F|\n|poke|p1|Farigiraf, L50, F|\n|poke|p2|Miraidon, L50|\n|poke|p2|Calyrex-Shadow, L50|\n|poke|p2|Iron Hands, L50|\n|poke|p2|Tornadus, L50, M|\n|poke|p2|Urshifu-*, L50, M|\n|poke|p2|Amoonguss, L50, M|\n|teampreview|4\n|inactive|Battle timer is ON: inactive players will automatically lose when time's up. (requested by Simon0123)\n|\n|t:|1773312064\n|teamsize|p1|4\n|teamsize|p2|4\n|start\n|switch|p1a: Whimsicott|Whimsicott, L50, F|100/100\n|switch|p1b: Ursaluna|Ursaluna-Bloodmoon, L50, M|100/100\n|switch|p2a: Urshifu|Urshifu-Rapid-Strike, L50, M|100/100\n|switch|p2b: Calyrex|Calyrex-Shadow, L50|100/100\n|-ability|p2b: Calyrex|As One\n|-ability|p2b: Calyrex|Unnerve\n|turn|1\n|\n|t:|1773312085\n|-terastallize|p1b: Ursaluna|Water\n|move|p1a: Whimsicott|Fake Tears|p2b: Calyrex\n|-unboost|p2b: Calyrex|spd|2\n|move|p2b: Calyrex|Astral Barrage|p1b: Ursaluna|[spread] p1a,p1b\n|-damage|p1a: Whimsicott|32/100\n|-damage|p1b: Ursaluna|62/100\n|move|p2a: Urshifu|Surging Strikes|p1b: Ursaluna\n|-resisted|p1b: Ursaluna\n|-crit|p1b: Ursaluna\n|-damage|p1b: Ursaluna|54/100\n|-resisted|p1b: Ursaluna\n|-crit|p1b: Ursaluna\n|-damage|p1b: Ursaluna|45/100\n|-resisted|p1b: Ursaluna\n|-crit|p1b: Ursaluna\n|-damage|p1b: Ursaluna|36/100\n|-hitcount|p1b: Ursaluna|3\n|move|p1b: Ursaluna|Blood Moon|p2b: Calyrex\n|-enditem|p2b: Calyrex|Focus Sash\n|-damage|p2b: Calyrex|1/100\n|\n|upkeep\n|turn|2\n|inactive|Worstmb has 30 seconds left.\n|inactive|Simon0123 has 30 seconds left.\n|inactive|Simon0123 has 20 seconds left.\n|inactive|Simon0123 has 15 seconds left.\n|\n|t:|1773312130\n|move|p2b: Calyrex|Protect|p2b: Calyrex\n|-singleturn|p2b: Calyrex|Protect\n|move|p1a: Whimsicott|Tailwind|p1a: Whimsicott\n|-sidestart|p1: Worstmb|move: Tailwind\n|move|p1b: Ursaluna|Vacuum Wave|p2b: Calyrex\n|-activate|p2b: Calyrex|move: Protect\n|move|p2a: Urshifu|Close Combat|p1b: Ursaluna\n|-damage|p1b: Ursaluna|0 fnt\n|-unboost|p2a: Urshifu|def|1\n|-unboost|p2a: Urshifu|spd|1\n|faint|p1b: Ursaluna\n|\n|upkeep\n|\n|t:|1773312134\n|switch|p1b: Kyogre|Kyogre, L50|100/100\n|-weather|RainDance|[from] ability: Drizzle|[of] p1b: Kyogre\n|turn|3\n|\n|t:|1773312151\n|move|p2a: Urshifu|Detect|p2a: Urshifu\n|-singleturn|p2a: Urshifu|Protect\n|move|p1a: Whimsicott|Moonblast|p2a: Urshifu\n|-activate|p2a: Urshifu|move: Protect\n|move|p1b: Kyogre|Water Spout|p2b: Calyrex|[spread] p2b\n|-activate|p2a: Urshifu|move: Protect\n|-crit|p2b: Calyrex\n|-damage|p2b: Calyrex|0 fnt\n|faint|p2b: Calyrex\n|\n|-weather|RainDance|[upkeep]\n|upkeep\n|\n|t:|1773312161\n|switch|p2b: Tornadus|Tornadus, L50, M, shiny|100/100\n|turn|4\n|\n|t:|1773312178\n|move|p1a: Whimsicott|Taunt|p2b: Tornadus\n|-start|p2b: Tornadus|move: Taunt\n|cant|p2b: Tornadus|move: Taunt|Tailwind\n|move|p1b: Kyogre|Water Spout|p2a: Urshifu|[spread] p2a,p2b\n|-resisted|p2a: Urshifu\n|-damage|p2a: Urshifu|0 fnt\n|-damage|p2b: Tornadus|0 fnt\n|faint|p2a: Urshifu\n|faint|p2b: Tornadus\n|\n|-weather|RainDance|[upkeep]\n|upkeep\n|\n|t:|1773312181\n|switch|p2b: Miraidon|Miraidon, L50, shiny|100/100\n|-fieldstart|move: Electric Terrain|[from] ability: Hadron Engine|[of] p2b: Miraidon\n|turn|5\n|\n|t:|1773312193\n|move|p1a: Whimsicott|Fake Tears|p2b: Miraidon\n|-unboost|p2b: Miraidon|spd|2\n|move|p1b: Kyogre|Water Spout|p2b: Miraidon\n|-resisted|p2b: Miraidon\n|-damage|p2b: Miraidon|0 fnt\n|faint|p2b: Miraidon\n|\n|win|Worstmb\n|raw|Worstmb's rating: 1309 &rarr; <strong>1331</strong><br />(+22 for winning)\n|raw|Simon0123's rating: 1352 &rarr; <strong>1330</strong><br />(-22 for losing)\n|l|\u2606Simon0123\n|player|p2|\n|l|\u2606Worstmb\n|player|p1|\n","uploadtime":1773312448,"views":11,"formatid":"gen9vgc2026regi","rating":1330,"private":0,"password":null}