{"id":"gen9vgc2026regi-2527142675","format":"[Gen 9] VGC 2026 Reg I","players":["Schimmli","moyuanjie"],"log":"|j|\u2606Schimmli\n|j|\u2606moyuanjie\n|t:|1769502536\n|gametype|doubles\n|player|p1|Schimmli|169|1460\n|player|p2|moyuanjie|2|1564\n|gen|9\n|tier|[Gen 9] VGC 2026 Reg I\n|rated|\n|rule|Species Clause: Limit one of each Pok\u00e9mon\n|rule|Item Clause: Limit 1 of each item\n|clearpoke\n|poke|p1|Terapagos, L50, M|\n|poke|p1|Calyrex-Shadow, L50|\n|poke|p1|Flutter Mane, L50|\n|poke|p1|Ogerpon-Cornerstone, L50, F|\n|poke|p1|Incineroar, L50, F|\n|poke|p1|Rillaboom, L50, M|\n|poke|p2|Calyrex-Ice, L50|\n|poke|p2|Miraidon, L50|\n|poke|p2|Smeargle, L50, F|\n|poke|p2|Roaring Moon, L50|\n|poke|p2|Incineroar, L50, M|\n|poke|p2|Urshifu-*, L50, M|\n|teampreview|4\n|\n|t:|1769502553\n|teamsize|p1|4\n|teamsize|p2|4\n|start\n|switch|p1a: Terapagos|Terapagos, L50, M|100/100\n|switch|p1b: Rillaboom|Rillaboom, L50, M|100/100\n|switch|p2a: Calyrex|Calyrex-Ice, L50|100/100\n|switch|p2b: Smeargle|Smeargle, L50, F|100/100\n|-activate|p1a: Terapagos|ability: Tera Shift\n|detailschange|p1a: Terapagos|Terapagos-Terastal, L50, M\n|-heal|p1a: Terapagos|100/100|[silent]\n|-ability|p2a: Calyrex|As One\n|-ability|p2a: Calyrex|Unnerve\n|-fieldstart|move: Grassy Terrain|[from] ability: Grassy Surge|[of] p1b: Rillaboom\n|turn|1\n|\n|t:|1769502572\n|move|p2b: Smeargle|Fake Out|p1a: Terapagos\n|-activate|p1a: Terapagos|ability: Tera Shell\n|-resisted|p1a: Terapagos\n|-damage|p1a: Terapagos|99/100\n|cant|p1a: Terapagos|flinch\n|move|p1b: Rillaboom|U-turn|p2b: Smeargle\n|-damage|p2b: Smeargle|69/100\n|\n|t:|1769502580\n|switch|p1b: Incineroar|Incineroar, L50, F, shiny|100/100|[from] U-turn\n|-ability|p1b: Incineroar|Intimidate|boost\n|-fail|p2a: Calyrex|unboost|[from] item: Clear Amulet|[of] p2a: Calyrex\n|-unboost|p2b: Smeargle|atk|1\n|move|p2a: Calyrex|Trick Room|p2a: Calyrex\n|-fieldstart|move: Trick Room|[of] p2a: Calyrex\n|\n|-heal|p2b: Smeargle|75/100|[from] Grassy Terrain\n|-heal|p1a: Terapagos|100/100|[from] Grassy Terrain\n|-ability|p2b: Smeargle|Moody|boost\n|-boost|p2b: Smeargle|spd|2\n|-unboost|p2b: Smeargle|spa|1\n|upkeep\n|turn|2\n|\n|t:|1769502596\n|move|p2b: Smeargle|Decorate|p2a: Calyrex\n|-boost|p2a: Calyrex|atk|2\n|-boost|p2a: Calyrex|spa|2\n|move|p2a: Calyrex|High Horsepower|p1b: Incineroar\n|-supereffective|p1b: Incineroar\n|-damage|p1b: Incineroar|0 fnt\n|-damage|p2a: Calyrex|84/100|[from] item: Rocky Helmet|[of] p1b: Incineroar\n|faint|p1b: Incineroar\n|-ability|p2a: Calyrex|Chilling Neigh|boost\n|-boost|p2a: Calyrex|atk|1\n|move|p1a: Terapagos|Calm Mind|p1a: Terapagos\n|-boost|p1a: Terapagos|spa|1\n|-boost|p1a: Terapagos|spd|1\n|\n|-heal|p2b: Smeargle|81/100|[from] Grassy Terrain\n|-heal|p2a: Calyrex|90/100|[from] Grassy Terrain\n|-ability|p2b: Smeargle|Moody|boost\n|-boost|p2b: Smeargle|spd|2\n|-unboost|p2b: Smeargle|def|1\n|upkeep\n|\n|t:|1769502618\n|switch|p1b: Rillaboom|Rillaboom, L50, M|100/100\n|turn|3\n|\n|t:|1769502624\n|move|p1b: Rillaboom|Fake Out|p2a: Calyrex\n|-damage|p2a: Calyrex|82/100\n|move|p2b: Smeargle|Decorate|p2a: Calyrex\n|-boost|p2a: Calyrex|atk|2\n|-boost|p2a: Calyrex|spa|2\n|cant|p2a: Calyrex|flinch\n|move|p1a: Terapagos|Tera Starstorm|p2b: Smeargle\n|-damage|p2b: Smeargle|34/100\n|\n|-heal|p2b: Smeargle|41/100|[from] Grassy Terrain\n|-heal|p2a: Calyrex|88/100|[from] Grassy Terrain\n|-ability|p2b: Smeargle|Moody|boost\n|-boost|p2b: Smeargle|spa|2\n|-unboost|p2b: Smeargle|def|1\n|upkeep\n|turn|4\n|\n|t:|1769502643\n|move|p2b: Smeargle|Wide Guard|p2b: Smeargle\n|-singleturn|p2b: Smeargle|Wide Guard\n|move|p1b: Rillaboom|Grassy Glide|p2b: Smeargle\n|-damage|p2b: Smeargle|0 fnt\n|faint|p2b: Smeargle\n|move|p2a: Calyrex|Glacial Lance|p1b: Rillaboom|[spread] p1a,p1b\n|-activate|p1a: Terapagos|ability: Tera Shell\n|-resisted|p1a: Terapagos\n|-supereffective|p1b: Rillaboom\n|-damage|p1a: Terapagos|39/100\n|-damage|p1b: Rillaboom|0 fnt\n|faint|p1b: Rillaboom\n|-ability|p2a: Calyrex|Chilling Neigh|boost\n|-boost|p2a: Calyrex|atk|1\n|move|p1a: Terapagos|Tera Starstorm|p2a: Calyrex\n|-crit|p2a: Calyrex\n|-damage|p2a: Calyrex|18/100\n|\n|-heal|p2a: Calyrex|24/100|[from] Grassy Terrain\n|-heal|p1a: Terapagos|45/100|[from] Grassy Terrain\n|-heal|p1a: Terapagos|52/100|[from] item: Leftovers\n|upkeep\n|\n|t:|1769502666\n|switch|p2b: Miraidon|Miraidon, L50|100/100\n|switch|p1b: Flutter Mane|Flutter Mane, L50|100/100\n|-fieldstart|move: Electric Terrain|[from] ability: Hadron Engine|[of] p2b: Miraidon\n|-enditem|p1b: Flutter Mane|Booster Energy\n|-activate|p1b: Flutter Mane|ability: Protosynthesis|[fromitem]\n|-start|p1b: Flutter Mane|protosynthesisspe\n|turn|5\n|\n|t:|1769502688\n|-terastallize|p2b: Miraidon|Electric\n|move|p1a: Terapagos|Protect|p1a: Terapagos\n|-singleturn|p1a: Terapagos|Protect\n|move|p1b: Flutter Mane|Protect|p1b: Flutter Mane\n|-singleturn|p1b: Flutter Mane|Protect\n|move|p2a: Calyrex|Glacial Lance|p1a: Terapagos|[spread] \n|-activate|p1a: Terapagos|move: Protect\n|-activate|p1b: Flutter Mane|move: Protect\n|move|p2b: Miraidon|Electro Drift|p1b: Flutter Mane\n|-activate|p1b: Flutter Mane|move: Protect\n|\n|-heal|p1a: Terapagos|58/100|[from] item: Leftovers\n|-fieldend|move: Trick Room\n|upkeep\n|turn|6\n|\n|t:|1769502707\n|-terastallize|p1a: Terapagos|Stellar\n|detailschange|p1a: Terapagos|Terapagos-Stellar, L50, M, tera:Stellar\n|-heal|p1a: Terapagos|69/100|[silent]\n|-ability|p1a: Terapagos|Teraform Zero\n|-fieldend|move: Electric Terrain\n|move|p2a: Calyrex|Protect|p2a: Calyrex\n|-singleturn|p2a: Calyrex|Protect\n|move|p1b: Flutter Mane|Moonblast|p2b: Miraidon\n|-damage|p2b: Miraidon|68/100\n|-unboost|p2b: Miraidon|spa|1\n|move|p2b: Miraidon|Electro Drift|p1b: Flutter Mane\n|-damage|p1b: Flutter Mane|58/100\n|move|p1a: Terapagos|Tera Starstorm|p2a: Calyrex|[spread] p2b\n|-activate|p2a: Calyrex|move: Protect\n|-supereffective|p2b: Miraidon\n|-damage|p2b: Miraidon|0 fnt\n|faint|p2b: Miraidon\n|\n|-heal|p1a: Terapagos|75/100|[from] item: Leftovers\n|upkeep\n|-message|moyuanjie forfeited.\n|\n|win|Schimmli\n|raw|Schimmli's rating: 1460 &rarr; <strong>1486</strong><br />(+26 for winning)\n|raw|moyuanjie's rating: 1564 &rarr; <strong>1538</strong><br />(-26 for losing)\n|l|\u2606moyuanjie\n|player|p2|\n|l|\u2606Schimmli\n|player|p1|\n","uploadtime":1769502925,"views":16,"formatid":"gen9vgc2026regi","rating":1486,"private":0,"password":null}