{"id":"gen9vgc2026regi-2560667353","format":"[Gen 9] VGC 2026 Reg I","players":["AuroraaaVGC5","It'sJustKen VGC"],"log":"|j|\u2606AuroraaaVGC5\n|j|\u2606It'sJustKen VGC\n|t:|1773710338\n|gametype|doubles\n|player|p1|AuroraaaVGC5|penny|1325\n|player|p2|It'sJustKen VGC|2|1407\n|gen|9\n|tier|[Gen 9] VGC 2026 Reg I\n|rated|\n|rule|Species Clause: Limit one of each Pok\u00e9mon\n|rule|Item Clause: Limit 1 of each item\n|clearpoke\n|poke|p1|Koraidon, L50|\n|poke|p1|Lunala, L50|\n|poke|p1|Ursaluna, L50, F|\n|poke|p1|Amoonguss, L50, F|\n|poke|p1|Incineroar, L50, M|\n|poke|p1|Indeedee-F, L50, F|\n|poke|p2|Smeargle, L50, F|\n|poke|p2|Terapagos, L50, M|\n|poke|p2|Tatsugiri, L50, M|\n|poke|p2|Dondozo, L50, M|\n|poke|p2|Chien-Pao, L50|\n|poke|p2|Dragonite, L50, M|\n|teampreview|4\n|inactive|Battle timer is ON: inactive players will automatically lose when time's up. (requested by AuroraaaVGC5)\n|inactive|It'sJustKen VGC also wants the timer to be on.\n|\n|t:|1773710368\n|teamsize|p1|4\n|teamsize|p2|4\n|start\n|switch|p1a: Billy|Indeedee-F, L50, F|100/100\n|switch|p1b: Spector|Lunala, L50|100/100\n|switch|p2a: Dragonite|Dragonite, L50, M|100/100\n|switch|p2b: Chien-Pao|Chien-Pao, L50|100/100\n|-ability|p2b: Chien-Pao|Sword of Ruin\n|-fieldstart|move: Psychic Terrain|[from] ability: Psychic Surge|[of] p1a: Billy\n|turn|1\n|\n|t:|1773710377\n|switch|p1a: Bearemy|Ursaluna, L50, F|100/100\n|-terastallize|p1b: Spector|Water\n|move|p2b: Chien-Pao|Icy Wind|p1a: Bearemy|[spread] p1a,p1b\n|-supereffective|p1a: Bearemy\n|-resisted|p1b: Spector\n|-damage|p1a: Bearemy|80/100\n|-damage|p1b: Spector|98/100\n|-unboost|p1a: Bearemy|spe|1\n|-unboost|p1b: Spector|spe|1\n|move|p2a: Dragonite|Outrage|p1a: Bearemy\n|-damage|p1a: Bearemy|0 fnt\n|faint|p1a: Bearemy\n|move|p1b: Spector|Trick Room|p1b: Spector\n|-fieldstart|move: Trick Room|[of] p1b: Spector\n|\n|upkeep\n|\n|t:|1773710380\n|switch|p1a: Gwen|Amoonguss, L50, F|100/100\n|turn|2\n|\n|t:|1773710396\n|move|p1a: Gwen|Spore|p2b: Chien-Pao\n|-status|p2b: Chien-Pao|slp|[from] move: Spore\n|move|p1b: Spector|Meteor Beam||[still]\n|-prepare|p1b: Spector|Meteor Beam\n|-boost|p1b: Spector|spa|1\n|-enditem|p1b: Spector|Power Herb\n|-anim|p1b: Spector|Meteor Beam|p2a: Dragonite|[miss]\n|-miss|p1b: Spector|p2a: Dragonite\n|move|p2a: Dragonite|Outrage|p1a: Gwen|[from] lockedmove\n|-damage|p1a: Gwen|0 fnt\n|-damage|p2a: Dragonite|84/100|[from] item: Rocky Helmet|[of] p1a: Gwen\n|faint|p1a: Gwen\n|cant|p2b: Chien-Pao|slp\n|\n|upkeep\n|\n|t:|1773710404\n|switch|p1a: Billy|Indeedee-F, L50, F|100/100\n|turn|3\n|\n|t:|1773710409\n|move|p1b: Spector|Expanding Force|p2b: Chien-Pao|[spread] p2a\n|-immune|p2b: Chien-Pao\n|-damage|p2a: Dragonite|0 fnt\n|faint|p2a: Dragonite\n|move|p1a: Billy|Dazzling Gleam|p2b: Chien-Pao\n|-supereffective|p2b: Chien-Pao\n|-damage|p2b: Chien-Pao|63/100 slp\n|cant|p2b: Chien-Pao|slp\n|\n|upkeep\n|\n|t:|1773710413\n|switch|p2a: Dondozo|Dondozo, L50, M|100/100\n|turn|4\n|\n|t:|1773710418\n|move|p2a: Dondozo|Protect|p2a: Dondozo\n|-singleturn|p2a: Dondozo|Protect\n|move|p1b: Spector|Expanding Force|p2a: Dondozo|[spread] \n|-activate|p2a: Dondozo|move: Protect\n|-immune|p2b: Chien-Pao\n|move|p1a: Billy|Dazzling Gleam|p2a: Dondozo|[spread] p2b\n|-activate|p2a: Dondozo|move: Protect\n|-supereffective|p2b: Chien-Pao\n|-damage|p2b: Chien-Pao|36/100 slp\n|cant|p2b: Chien-Pao|slp\n|\n|upkeep\n|turn|5\n|\n|t:|1773710428\n|switch|p2b: Tatsugiri|Tatsugiri, L50, M|100/100\n|-activate|p2b: Tatsugiri|ability: Commander|[of] p2a: Dondozo\n|-boost|p2a: Dondozo|atk|2\n|-boost|p2a: Dondozo|spa|2\n|-boost|p2a: Dondozo|spe|2\n|-boost|p2a: Dondozo|def|2\n|-boost|p2a: Dondozo|spd|2\n|-terastallize|p2a: Dondozo|Ground\n|move|p1b: Spector|Expanding Force|p2a: Dondozo|[spread] p2a\n|-miss|p1b: Spector|p2b: Tatsugiri\n|-damage|p2a: Dondozo|44/100\n|move|p1a: Billy|Dazzling Gleam|p2a: Dondozo|[spread] p2a\n|-miss|p1a: Billy|p2b: Tatsugiri\n|-damage|p2a: Dondozo|36/100\n|move|p2a: Dondozo|Earthquake|p1b: Spector|[spread] p1a,p1b\n|-miss|p2a: Dondozo|p2b: Tatsugiri\n|-damage|p1a: Billy|24/100\n|-damage|p1b: Spector|43/100\n|\n|-fieldend|move: Trick Room\n|-fieldend|move: Psychic Terrain\n|upkeep\n|turn|6\n|\n|t:|1773710438\n|move|p2a: Dondozo|Order Up|p1a: Billy\n|-damage|p1a: Billy|0 fnt\n|faint|p1a: Billy\n|-boost|p2a: Dondozo|atk|1\n|move|p1b: Spector|Trick Room|p1b: Spector\n|-fieldstart|move: Trick Room|[of] p1b: Spector\n|\n|upkeep\n|turn|7\n|\n|t:|1773710444\n|move|p2a: Dondozo|Protect|p2a: Dondozo\n|-singleturn|p2a: Dondozo|Protect\n|move|p1b: Spector|Moongeist Beam|p2a: Dondozo\n|-activate|p2a: Dondozo|move: Protect\n|\n|upkeep\n|turn|8\n|\n|t:|1773710448\n|move|p1b: Spector|Moongeist Beam|p2a: Dondozo\n|-damage|p2a: Dondozo|0 fnt\n|faint|p2a: Dondozo\n|\n|upkeep\n|\n|t:|1773710450\n|switch|p2a: Chien-Pao|Chien-Pao, L50|36/100 slp\n|-ability|p2a: Chien-Pao|Sword of Ruin\n|turn|9\n|\n|t:|1773710456\n|-curestatus|p2a: Chien-Pao|slp|[msg]\n|move|p2a: Chien-Pao|Sucker Punch|p1b: Spector\n|-damage|p1b: Spector|3/100\n|move|p1b: Spector|Moongeist Beam|p2b: Tatsugiri\n|-damage|p2b: Tatsugiri|0 fnt\n|faint|p2b: Tatsugiri\n|\n|upkeep\n|turn|10\n|\n|t:|1773710463\n|move|p2a: Chien-Pao|Sucker Punch|p1b: Spector\n|-damage|p1b: Spector|0 fnt\n|faint|p1b: Spector\n|\n|win|It'sJustKen VGC\n|raw|AuroraaaVGC5's rating: 1325 &rarr; <strong>1310</strong><br />(-15 for losing)\n|raw|It&apos;sJustKen VGC's rating: 1407 &rarr; <strong>1422</strong><br />(+15 for winning)\n|l|\u2606AuroraaaVGC5\n|player|p1|\n","uploadtime":1773710465,"views":15,"formatid":"gen9vgc2026regi","rating":1310,"private":0,"password":null}