{"id":"gen9vgc2026regi-2553627270","format":"[Gen 9] VGC 2026 Reg I","players":["carrotvg","blackred123"],"log":"|j|\u2606carrotvg\n|j|\u2606blackred123\n|t:|1772852847\n|gametype|doubles\n|player|p1|carrotvg|lucas|1602\n|player|p2|blackred123|iono-masters|1488\n|gen|9\n|tier|[Gen 9] VGC 2026 Reg I\n|rated|\n|rule|Species Clause: Limit one of each Pok\u00e9mon\n|rule|Item Clause: Limit 1 of each item\n|clearpoke\n|poke|p1|Calyrex-Shadow, L50|\n|poke|p1|Zamazenta-*, L50|\n|poke|p1|Raging Bolt, L50|\n|poke|p1|Dragonite, L50, F|\n|poke|p1|Amoonguss, L50, M|\n|poke|p1|Chien-Pao, L50|\n|poke|p2|Kyogre, L50|\n|poke|p2|Zamazenta-*, L50|\n|poke|p2|Chien-Pao, L50|\n|poke|p2|Amoonguss, L50, M|\n|poke|p2|Dragonite, L50, M|\n|poke|p2|Rillaboom, L50, F|\n|teampreview|4\n|inactive|Battle timer is ON: inactive players will automatically lose when time's up. (requested by blackred123)\n|\n|t:|1772852868\n|teamsize|p1|4\n|teamsize|p2|4\n|start\n|switch|p1a: Zamazenta|Zamazenta-Crowned, L50|100/100\n|switch|p1b: Calyrex|Calyrex-Shadow, L50|100/100\n|switch|p2a: Zamazenta|Zamazenta-Crowned, L50|100/100\n|switch|p2b: Chien-Pao|Chien-Pao, L50|100/100\n|-ability|p1b: Calyrex|As One\n|-ability|p1b: Calyrex|Unnerve\n|-ability|p2b: Chien-Pao|Sword of Ruin\n|-ability|p2a: Zamazenta|Dauntless Shield|boost\n|-boost|p2a: Zamazenta|def|1\n|-ability|p1a: Zamazenta|Dauntless Shield|boost\n|-boost|p1a: Zamazenta|def|1\n|turn|1\n|\n|t:|1772852884\n|-terastallize|p1a: Zamazenta|Fighting\n|move|p1b: Calyrex|Astral Barrage|p2a: Zamazenta|[spread] p2a,p2b\n|-resisted|p2b: Chien-Pao\n|-damage|p2a: Zamazenta|66/100\n|-damage|p2b: Chien-Pao|48/100\n|move|p2b: Chien-Pao|Ice Spinner|p1b: Calyrex\n|-damage|p1b: Calyrex|39/100\n|move|p2a: Zamazenta|Imprison|p2a: Zamazenta\n|-start|p2a: Zamazenta|move: Imprison\n|cant|p1a: Zamazenta|move: Imprison|Body Press\n|\n|upkeep\n|turn|2\n|\n|t:|1772852907\n|switch|p1a: Raging Bolt|Raging Bolt, L50|100/100\n|-enditem|p1a: Raging Bolt|Booster Energy\n|-activate|p1a: Raging Bolt|ability: Protosynthesis|[fromitem]\n|-start|p1a: Raging Bolt|protosynthesisspa\n|move|p2b: Chien-Pao|Sucker Punch||[still]\n|-fail|p2b: Chien-Pao\n|move|p1b: Calyrex|Encore|p2a: Zamazenta\n|-start|p2a: Zamazenta|Encore\n|move|p2a: Zamazenta|Imprison||[still]\n|-fail|p2a: Zamazenta\n|\n|upkeep\n|turn|3\n|\n|t:|1772852927\n|move|p1b: Calyrex|Encore|p2b: Chien-Pao\n|-start|p2b: Chien-Pao|Encore\n|move|p2b: Chien-Pao|Sucker Punch||[still]\n|-fail|p2b: Chien-Pao\n|move|p2a: Zamazenta|Imprison||[still]\n|-fail|p2a: Zamazenta\n|move|p1a: Raging Bolt|Electroweb|p2a: Zamazenta|[spread] p2a,p2b\n|-damage|p2a: Zamazenta|45/100\n|-damage|p2b: Chien-Pao|0 fnt\n|-unboost|p2a: Zamazenta|spe|1\n|faint|p2b: Chien-Pao\n|\n|upkeep\n|\n|t:|1772852933\n|switch|p2b: Dragonite|Dragonite, L50, M|100/100\n|turn|4\n|\n|t:|1772852940\n|-terastallize|p2b: Dragonite|Normal\n|move|p2b: Dragonite|Extreme Speed|p1a: Raging Bolt\n|-damage|p1a: Raging Bolt|44/100\n|move|p1b: Calyrex|Astral Barrage|p2b: Dragonite|[spread] p2a\n|-immune|p2b: Dragonite\n|-damage|p2a: Zamazenta|10/100\n|move|p2a: Zamazenta|Imprison||[still]\n|-fail|p2a: Zamazenta\n|move|p1a: Raging Bolt|Dragon Pulse|p2b: Dragonite\n|-damage|p2b: Dragonite|35/100\n|\n|-end|p2a: Zamazenta|Encore\n|upkeep\n|turn|5\n|\n|t:|1772852958\n|move|p1a: Raging Bolt|Protect|p1a: Raging Bolt\n|-singleturn|p1a: Raging Bolt|Protect\n|move|p2a: Zamazenta|Wide Guard|p2a: Zamazenta\n|-singleturn|p2a: Zamazenta|Wide Guard\n|move|p2b: Dragonite|Extreme Speed|p1a: Raging Bolt\n|-activate|p1a: Raging Bolt|move: Protect\n|move|p1b: Calyrex|Disable|p2b: Dragonite\n|-start|p2b: Dragonite|Disable|Extreme Speed\n|\n|upkeep\n|turn|6\n|\n|t:|1772852972\n|switch|p2b: Kyogre|Kyogre, L50|100/100\n|-weather|RainDance|[from] ability: Drizzle|[of] p2b: Kyogre\n|move|p1b: Calyrex|Encore|p2a: Zamazenta\n|-start|p2a: Zamazenta|Encore\n|move|p2a: Zamazenta|Wide Guard|p2a: Zamazenta\n|-singleturn|p2a: Zamazenta|Wide Guard\n|move|p1a: Raging Bolt|Dragon Pulse|p2b: Kyogre\n|-damage|p2b: Kyogre|51/100\n|\n|-weather|RainDance|[upkeep]\n|upkeep\n|turn|7\n|\n|t:|1772852979\n|switch|p2b: Dragonite|Dragonite, L50, M, tera:Normal|35/100\n|move|p2a: Zamazenta|Wide Guard|p2a: Zamazenta\n|-singleturn|p2a: Zamazenta|Wide Guard\n|move|p1a: Raging Bolt|Thunderclap||[still]\n|-fail|p1a: Raging Bolt\n|move|p1b: Calyrex|Disable|p2a: Zamazenta\n|-start|p2a: Zamazenta|Disable|Wide Guard\n|\n|-weather|RainDance|[upkeep]\n|upkeep\n|turn|8\n|\n|t:|1772852986\n|move|p1a: Raging Bolt|Protect|p1a: Raging Bolt\n|-singleturn|p1a: Raging Bolt|Protect\n|move|p2b: Dragonite|Aqua Jet|p1b: Calyrex\n|-damage|p1b: Calyrex|0 fnt\n|faint|p1b: Calyrex\n|-activate|p2a: Zamazenta|move: Struggle\n|move|p2a: Zamazenta|Struggle|p1a: Raging Bolt\n|-activate|p1a: Raging Bolt|move: Protect\n|\n|-weather|RainDance|[upkeep]\n|-end|p2a: Zamazenta|Encore\n|upkeep\n|\n|t:|1772852994\n|switch|p1b: Chien-Pao|Chien-Pao, L50|100/100\n|-ability|p1b: Chien-Pao|Sword of Ruin\n|turn|9\n|\n|t:|1772853010\n|switch|p2a: Kyogre|Kyogre, L50|51/100\n|move|p1b: Chien-Pao|Sucker Punch|p2b: Dragonite\n|-damage|p2b: Dragonite|0 fnt\n|faint|p2b: Dragonite\n|move|p1a: Raging Bolt|Thunderclap||[still]\n|-fail|p1a: Raging Bolt\n|\n|-weather|RainDance|[upkeep]\n|upkeep\n|\n|t:|1772853015\n|switch|p2b: Zamazenta|Zamazenta-Crowned, L50|10/100\n|turn|10\n|\n|t:|1772853026\n|move|p1b: Chien-Pao|Sucker Punch|p2a: Kyogre\n|-damage|p2a: Kyogre|11/100\n|move|p1a: Raging Bolt|Thunderclap|p2b: Zamazenta\n|-damage|p2b: Zamazenta|0 fnt\n|faint|p2b: Zamazenta\n|move|p2a: Kyogre|Origin Pulse|p1a: Raging Bolt|[spread] p1a,p1b\n|-resisted|p1a: Raging Bolt\n|-damage|p1a: Raging Bolt|13/100\n|-damage|p1b: Chien-Pao|36/100\n|\n|-weather|none\n|upkeep\n|turn|11\n|-message|blackred123 forfeited.\n|\n|win|carrotvg\n|raw|carrotvg's rating: 1602 &rarr; <strong>1616</strong><br />(+14 for winning)\n|raw|blackred123's rating: 1488 &rarr; <strong>1474</strong><br />(-14 for losing)\n|l|\u2606blackred123\n|player|p2|\n|l|\u2606carrotvg\n|player|p1|\n","uploadtime":1772853207,"views":18,"formatid":"gen9vgc2026regi","rating":1474,"private":0,"password":null}