{"id":"gen9vgc2026regi-2574719350","format":"[Gen 9] VGC 2026 Reg I","players":["rudy06","BanKingambit69247"],"log":"|j|\u2606rudy06\n|j|\u2606BanKingambit69247\n|t:|1775267205\n|gametype|doubles\n|player|p1|rudy06|102|1422\n|player|p2|BanKingambit69247|lucas|1583\n|gen|9\n|tier|[Gen 9] VGC 2026 Reg I\n|rated|\n|rule|Species Clause: Limit one of each Pok\u00e9mon\n|rule|Item Clause: Limit 1 of each item\n|clearpoke\n|poke|p1|Groudon, L50|\n|poke|p1|Sableye, L50, F|\n|poke|p1|Ho-Oh, L50|\n|poke|p1|Iron Valiant, L50|\n|poke|p1|Chien-Pao, L50|\n|poke|p1|Tornadus, L50, M|\n|poke|p2|Calyrex-Ice, L50|\n|poke|p2|Koraidon, L50|\n|poke|p2|Incineroar, L50, F|\n|poke|p2|Rillaboom, L50, F|\n|poke|p2|Landorus, L50, M|\n|poke|p2|Smeargle, L50, M|\n|teampreview|4\n|inactive|Battle timer is ON: inactive players will automatically lose when time's up. (requested by rudy06)\n|\n|t:|1775267230\n|teamsize|p1|4\n|teamsize|p2|4\n|start\n|switch|p1a: Iron Valiant|Iron Valiant, L50|100/100\n|switch|p1b: Sableye|Sableye, L50, F|100/100\n|switch|p2a: Smeargle|Smeargle, L50, M|100/100\n|switch|p2b: Calyrex|Calyrex-Ice, L50|100/100\n|-ability|p2b: Calyrex|As One\n|-ability|p2b: Calyrex|Unnerve\n|-enditem|p1a: Iron Valiant|Booster Energy\n|-activate|p1a: Iron Valiant|ability: Quark Drive|[fromitem]\n|-start|p1a: Iron Valiant|quarkdrivespe\n|turn|1\n|\n|t:|1775267248\n|-terastallize|p1a: Iron Valiant|Ghost\n|move|p1b: Sableye|Gravity|p1b: Sableye\n|-fieldstart|move: Gravity\n|move|p1a: Iron Valiant|Hypnosis|p2b: Calyrex\n|-status|p2b: Calyrex|slp|[from] move: Hypnosis\n|move|p2a: Smeargle|Spore|p1a: Iron Valiant\n|-status|p1a: Iron Valiant|slp|[from] move: Spore\n|cant|p2b: Calyrex|slp\n|\n|-ability|p2a: Smeargle|Moody|boost\n|-boost|p2a: Smeargle|atk|2\n|-unboost|p2a: Smeargle|spa|1\n|upkeep\n|turn|2\n|\n|t:|1775267267\n|cant|p1a: Iron Valiant|slp\n|move|p2a: Smeargle|Spore|p1b: Sableye\n|-status|p1b: Sableye|slp|[from] move: Spore\n|cant|p1b: Sableye|slp\n|cant|p2b: Calyrex|slp\n|\n|-ability|p2a: Smeargle|Moody|boost\n|-boost|p2a: Smeargle|spa|2\n|-unboost|p2a: Smeargle|atk|1\n|upkeep\n|turn|3\n|\n|t:|1775267282\n|-curestatus|p1a: Iron Valiant|slp|[msg]\n|move|p1a: Iron Valiant|Hypnosis|p2a: Smeargle\n|-status|p2a: Smeargle|slp|[from] move: Hypnosis\n|cant|p2a: Smeargle|slp\n|cant|p1b: Sableye|slp\n|-curestatus|p2b: Calyrex|slp|[msg]\n|move|p2b: Calyrex|Glacial Lance|p1b: Sableye|[spread] p1a,p1b\n|-damage|p1a: Iron Valiant|32/100\n|-damage|p1b: Sableye|37/100 slp\n|-enditem|p1b: Sableye|Eject Button\n|\n|t:|1775267296\n|switch|p1b: Groudon|Groudon, L50|100/100\n|-weather|SunnyDay|[from] ability: Drought|[of] p1b: Groudon\n|\n|-weather|SunnyDay|[upkeep]\n|-ability|p2a: Smeargle|Moody|boost\n|-boost|p2a: Smeargle|spd|2\n|-unboost|p2a: Smeargle|def|1\n|upkeep\n|turn|4\n|\n|t:|1775267307\n|move|p2b: Calyrex|Protect|p2b: Calyrex\n|-singleturn|p2b: Calyrex|Protect\n|move|p1a: Iron Valiant|Wide Guard|p1a: Iron Valiant\n|-singleturn|p1a: Iron Valiant|Wide Guard\n|move|p1b: Groudon|Precipice Blades|p2a: Smeargle|[spread] p2a\n|-activate|p2b: Calyrex|move: Protect\n|-enditem|p2a: Smeargle|Focus Sash\n|-damage|p2a: Smeargle|1/100 slp\n|cant|p2a: Smeargle|slp\n|\n|-weather|SunnyDay|[upkeep]\n|-ability|p2a: Smeargle|Moody|boost\n|-boost|p2a: Smeargle|spe|2\n|-unboost|p2a: Smeargle|spd|1\n|upkeep\n|turn|5\n|\n|t:|1775267325\n|-curestatus|p2a: Smeargle|slp|[msg]\n|move|p2a: Smeargle|Spore|p1b: Groudon\n|-status|p1b: Groudon|slp|[from] move: Spore\n|move|p1a: Iron Valiant|Coaching|p1b: Groudon\n|-boost|p1b: Groudon|atk|1\n|-boost|p1b: Groudon|def|1\n|cant|p1b: Groudon|slp\n|move|p2b: Calyrex|Glacial Lance|p1b: Groudon|[spread] p1a,p1b\n|-supereffective|p1b: Groudon\n|-damage|p1a: Iron Valiant|0 fnt\n|-damage|p1b: Groudon|49/100 slp\n|faint|p1a: Iron Valiant\n|-end|p1a: Iron Valiant|Quark Drive|[silent]\n|-ability|p2b: Calyrex|Chilling Neigh|boost\n|-boost|p2b: Calyrex|atk|1\n|\n|-weather|SunnyDay|[upkeep]\n|-fieldend|move: Gravity\n|-ability|p2a: Smeargle|Moody|boost\n|-boost|p2a: Smeargle|def|2\n|-unboost|p2a: Smeargle|spe|1\n|upkeep\n|\n|t:|1775267346\n|switch|p1a: Chien-Pao|Chien-Pao, L50|100/100\n|-ability|p1a: Chien-Pao|Sword of Ruin\n|turn|6\n|\n|t:|1775267353\n|cant|p1b: Groudon|slp\n|move|p2a: Smeargle|Spore|p1a: Chien-Pao\n|-status|p1a: Chien-Pao|slp|[from] move: Spore\n|cant|p1a: Chien-Pao|slp\n|move|p2b: Calyrex|Glacial Lance|p1a: Chien-Pao|[spread] p1a,p1b\n|-resisted|p1a: Chien-Pao\n|-supereffective|p1b: Groudon\n|-damage|p1a: Chien-Pao|41/100 slp\n|-damage|p1b: Groudon|0 fnt\n|faint|p1b: Groudon\n|-ability|p2b: Calyrex|Chilling Neigh|boost\n|-boost|p2b: Calyrex|atk|1\n|\n|-weather|SunnyDay|[upkeep]\n|-ability|p2a: Smeargle|Moody|boost\n|-boost|p2a: Smeargle|atk|2\n|-unboost|p2a: Smeargle|def|1\n|upkeep\n|-message|rudy06 forfeited.\n|\n|win|BanKingambit69247\n|raw|rudy06's rating: 1422 &rarr; <strong>1411</strong><br />(-11 for losing)\n|raw|BanKingambit69247's rating: 1583 &rarr; <strong>1594</strong><br />(+11 for winning)\n|l|\u2606rudy06\n|player|p1|\n","uploadtime":1775267360,"views":10,"formatid":"gen9vgc2026regi","rating":1411,"private":0,"password":null}