{"id":"gen9vgc2026regi-2560899299","format":"[Gen 9] VGC 2026 Reg I","players":["benniovy","KaiMVGC"],"log":"|j|\u203dbenniovy\n|j|\u2606KaiMVGC\n|t:|1773744756\n|gametype|doubles\n|player|p1|benniovy|psychic-gen4|\n|player|p2|KaiMVGC|boarder|\n|gen|9\n|tier|[Gen 9] VGC 2026 Reg I\n|rated|Tournament battle\n|rule|Species Clause: Limit one of each Pok\u00e9mon\n|rule|Item Clause: Limit 1 of each item\n|raw|<div class=\"infobox\"><details class=\"readmore\" open><summary><strong>3 custom rules:</strong></summary> Open Team Sheets, Force Open Team Sheets, !Open Team Sheets</details></div>\n|clearpoke\n|poke|p1|Calyrex-Shadow, L50|\n|poke|p1|Koraidon, L50|\n|poke|p1|Incineroar, L50, F|\n|poke|p1|Landorus, L50, M|\n|poke|p1|Brute Bonnet, L50|\n|poke|p1|Raging Bolt, L50|\n|poke|p2|Calyrex-Shadow, L50|\n|poke|p2|Zamazenta-*, L50|\n|poke|p2|Incineroar, L50, F|\n|poke|p2|Rillaboom, L50, M|\n|poke|p2|Amoonguss, L50, M|\n|poke|p2|Urshifu-*, L50, F|\n|teampreview|4\n|showteam|p1|Calyrex-Shadow||FocusSash|AsOneSpectrier|AstralBarrage,Encore,Psychic,Protect||||||50|,,,,,Ghost]Koraidon||ClearAmulet|OrichalcumPulse|FlareBlitz,CollisionCourse,FlameCharge,Protect||||||50|,,,,,Fire]Incineroar||RockyHelmet|Intimidate|FakeOut,KnockOff,HelpingHand,PartingShot|||F|||50|,,,,,Water]Landorus||LifeOrb|SheerForce|EarthPower,SludgeBomb,SandsearStorm,Protect|||M|||50|,,,,,Water]Brute Bonnet||CovertCloak|Protosynthesis|SuckerPunch,RagePowder,Spore,SeedBomb||||||50|,,,,,Water]Raging Bolt||AssaultVest|Protosynthesis|Thunderclap,VoltSwitch,WeatherBall,DracoMeteor||||||50|,,,,,Electric\n|showteam|p2|Calyrex-Shadow||FocusSash|AsOneSpectrier|AstralBarrage,Psychic,NastyPlot,Protect||||||50|,,,,,Ghost]Zamazenta-Crowned||RustedShield|DauntlessShield|BodyPress,HeavySlam,WideGuard,Protect||||||50|,,,,,Dragon]Incineroar||ChopleBerry|Intimidate|KnockOff,WillOWisp,FakeOut,PartingShot|||F|||50|,,,,,Bug]Rillaboom||AssaultVest|GrassySurge|WoodHammer,GrassyGlide,FakeOut,Uturn|||M|||50|,,,,,Fire]Amoonguss||MentalHerb|Regenerator|PollenPuff,Spore,RagePowder,Protect|||M|||50|,,,,,Fire]Urshifu||BlackGlasses|UnseenFist|WickedBlow,CloseCombat,SuckerPunch,Detect|||F|||50|,,,,,Dark\n|j| mynamegrassgreen\n|j| P terry's\n|j| TimeforCHILLI\n|j| TinkerBilll\n|j| taijem\n|j| GuevaraGaming2\n|j| DeDonutNoob\n|\n|t:|1773744826\n|teamsize|p1|4\n|teamsize|p2|4\n|start\n|switch|p1a: Koraidon|Koraidon, L50|100/100\n|switch|p1b: Incineroar|Incineroar, L50, F|100/100\n|switch|p2a: Incineroar|Incineroar, L50, F|100/100\n|switch|p2b: Amoonguss|Amoonguss, L50, M|100/100\n|-weather|SunnyDay|[from] ability: Orichalcum Pulse|[of] p1a: Koraidon\n|-activate|p1a: Koraidon|Orichalcum Pulse|[source]\n|-ability|p1b: Incineroar|Intimidate|boost\n|-unboost|p2a: Incineroar|atk|1\n|-unboost|p2b: Amoonguss|atk|1\n|-ability|p2a: Incineroar|Intimidate|boost\n|-fail|p1a: Koraidon|unboost|[from] item: Clear Amulet|[of] p1a: Koraidon\n|-unboost|p1b: Incineroar|atk|1\n|turn|1\n|\n|t:|1773744869\n|move|p2b: Amoonguss|Protect|p2b: Amoonguss\n|-singleturn|p2b: Amoonguss|Protect\n|move|p1b: Incineroar|Fake Out|p2b: Amoonguss\n|-activate|p2b: Amoonguss|move: Protect\n|move|p1a: Koraidon|Collision Course|p2a: Incineroar\n|-supereffective|p2a: Incineroar\n|-enditem|p2a: Incineroar|Chople Berry|[eat]\n|-enditem|p2a: Incineroar|Chople Berry|[weaken]\n|-damage|p2a: Incineroar|34/100\n|move|p2a: Incineroar|Knock Off|p1a: Koraidon\n|-resisted|p1a: Koraidon\n|-damage|p1a: Koraidon|90/100\n|-enditem|p1a: Koraidon|Clear Amulet|[from] move: Knock Off|[of] p2a: Incineroar\n|\n|-weather|SunnyDay|[upkeep]\n|upkeep\n|turn|2\n|j| Ice124567890\n|\n|t:|1773744901\n|switch|p2a: Calyrex|Calyrex-Shadow, L50|100/100\n|-ability|p2a: Calyrex|As One\n|-ability|p2a: Calyrex|Unnerve\n|-terastallize|p2b: Amoonguss|Fire\n|move|p1a: Koraidon|Protect|p1a: Koraidon\n|-singleturn|p1a: Koraidon|Protect\n|move|p1b: Incineroar|Parting Shot|p2a: Calyrex\n|-unboost|p2a: Calyrex|atk|1\n|-unboost|p2a: Calyrex|spa|1\n|\n|t:|1773744915\n|switch|p1b: Brute Bonnet|Brute Bonnet, L50|100/100|[from] Parting Shot\n|-activate|p1b: Brute Bonnet|ability: Protosynthesis\n|-start|p1b: Brute Bonnet|protosynthesisdef\n|move|p2b: Amoonguss|Spore|p1b: Brute Bonnet\n|-immune|p1b: Brute Bonnet\n|\n|-weather|SunnyDay|[upkeep]\n|upkeep\n|turn|3\n|\n|t:|1773744926\n|switch|p2a: Incineroar|Incineroar, L50, F|34/100\n|-ability|p2a: Incineroar|Intimidate|boost\n|-unboost|p1a: Koraidon|atk|1\n|-unboost|p1b: Brute Bonnet|atk|1\n|switch|p1a: Incineroar|Incineroar, L50, F|100/100\n|-ability|p1a: Incineroar|Intimidate|boost\n|-unboost|p2a: Incineroar|atk|1\n|-unboost|p2b: Amoonguss|atk|1\n|move|p1b: Brute Bonnet|Spore|p2a: Incineroar\n|-status|p2a: Incineroar|slp|[from] move: Spore\n|move|p2b: Amoonguss|Spore|p1a: Incineroar\n|-status|p1a: Incineroar|slp|[from] move: Spore\n|\n|-weather|SunnyDay|[upkeep]\n|upkeep\n|turn|4\n|\n|t:|1773744953\n|switch|p1a: Calyrex|Calyrex-Shadow, L50|100/100\n|-ability|p1a: Calyrex|As One\n|-ability|p1a: Calyrex|Unnerve\n|move|p2b: Amoonguss|Protect|p2b: Amoonguss\n|-singleturn|p2b: Amoonguss|Protect\n|move|p1b: Brute Bonnet|Spore|p2b: Amoonguss\n|-activate|p2b: Amoonguss|move: Protect\n|cant|p2a: Incineroar|slp\n|\n|-weather|SunnyDay|[upkeep]\n|upkeep\n|turn|5\n|\n|t:|1773744964\n|switch|p2b: Rillaboom|Rillaboom, L50, M|100/100\n|-fieldstart|move: Grassy Terrain|[from] ability: Grassy Surge|[of] p2b: Rillaboom\n|-terastallize|p1a: Calyrex|Ghost\n|move|p1a: Calyrex|Astral Barrage|p2a: Incineroar|[spread] p2a,p2b\n|-resisted|p2a: Incineroar\n|-damage|p2a: Incineroar|0 fnt\n|-damage|p2b: Rillaboom|56/100\n|faint|p2a: Incineroar\n|-ability|p1a: Calyrex|Grim Neigh|boost\n|-boost|p1a: Calyrex|spa|1\n|move|p1b: Brute Bonnet|Spore|p2b: Rillaboom\n|-immune|p2b: Rillaboom\n|\n|-weather|none\n|-end|p1b: Brute Bonnet|Protosynthesis\n|-heal|p2b: Rillaboom|62/100|[from] Grassy Terrain\n|upkeep\n|\n|t:|1773744985\n|switch|p2a: Amoonguss|Amoonguss, L50, M, tera:Fire|100/100\n|turn|6\n|\n|t:|1773744990\n|move|p1a: Calyrex|Astral Barrage|p2b: Rillaboom|[spread] p2a,p2b\n|-damage|p2a: Amoonguss|15/100\n|-damage|p2b: Rillaboom|0 fnt\n|faint|p2b: Rillaboom\n|-ability|p1a: Calyrex|Grim Neigh|boost\n|-boost|p1a: Calyrex|spa|1\n|move|p1b: Brute Bonnet|Spore|p2a: Amoonguss\n|-status|p2a: Amoonguss|slp|[from] move: Spore\n|cant|p2a: Amoonguss|slp\n|\n|-heal|p2a: Amoonguss|21/100 slp|[from] Grassy Terrain\n|upkeep\n|c|\u2606KaiMVGC|damn its over\n|c|\u2606KaiMVGC|gg\n|-message|KaiMVGC forfeited.\n|\n|win|benniovy\n|n|\u203dbenniovy|benniovy\n|n|\u2606KaiMVGC|kaimvgc\n|n| mynamegrassgreen|mynamegrassgreen\n|n| P terry's|pterrys\n|n| TimeforCHILLI|timeforchilli\n|n| TinkerBilll|tinkerbilll\n|n| taijem|taijem\n|n| GuevaraGaming2|guevaragaming2\n|n| DeDonutNoob|dedonutnoob\n|n| Ice124567890|ice124567890\n","uploadtime":1773745002,"views":12,"formatid":"gen9vgc2026regi","rating":null,"private":0,"password":null}