{"id":"gen9vgc2026regi-2519845250","format":"[Gen 9] VGC 2026 Reg I","players":["mosca9876","yaochangzhe"],"log":"|j|\u2606mosca9876\n|j|\u2606yaochangzhe\n|t:|1768559873\n|gametype|doubles\n|player|p1|mosca9876|101|1324\n|player|p2|yaochangzhe|266|1289\n|gen|9\n|tier|[Gen 9] VGC 2026 Reg I\n|rated|\n|rule|Species Clause: Limit one of each Pok\u00e9mon\n|rule|Item Clause: Limit 1 of each item\n|clearpoke\n|poke|p1|Miraidon, L50|\n|poke|p1|Dondozo, L50, M|\n|poke|p1|Tatsugiri-Droopy, L50, M|\n|poke|p1|Sneasler, L50, F|\n|poke|p1|Calyrex-Shadow, L50|\n|poke|p1|Raging Bolt, L50|\n|poke|p2|Miraidon, L50|\n|poke|p2|Calyrex-Ice, L50|\n|poke|p2|Ogerpon-Wellspring, L50, F|\n|poke|p2|Volcarona, L50, M|\n|poke|p2|Farigiraf, L50, F|\n|poke|p2|Ditto, L50|\n|teampreview|4\n|\n|t:|1768559912\n|teamsize|p1|4\n|teamsize|p2|4\n|start\n|switch|p1a: Sneasler|Sneasler, L50, F|100/100\n|switch|p1b: Miraidon|Miraidon, L50|100/100\n|switch|p2a: Miraidon|Miraidon, L50|100/100\n|switch|p2b: Calyrex|Calyrex-Ice, L50|100/100\n|-ability|p2b: Calyrex|As One\n|-ability|p2b: Calyrex|Unnerve\n|-fieldstart|move: Electric Terrain|[from] ability: Hadron Engine|[of] p1b: Miraidon\n|-enditem|p1a: Sneasler|Electric Seed\n|-boost|p1a: Sneasler|def|1|[from] item: Electric Seed\n|-activate|p2a: Miraidon|ability: Hadron Engine\n|turn|1\n|\n|t:|1768559940\n|move|p1a: Sneasler|Fake Out|p2a: Miraidon\n|-damage|p2a: Miraidon|88/100\n|move|p1b: Miraidon|Electro Drift|p2b: Calyrex\n|-damage|p2b: Calyrex|48/100\n|cant|p2a: Miraidon|flinch\n|move|p2b: Calyrex|Glacial Lance|p1b: Miraidon|[spread] p1a,p1b\n|-crit|p1a: Sneasler\n|-supereffective|p1b: Miraidon\n|-damage|p1a: Sneasler|0 fnt\n|-damage|p1b: Miraidon|0 fnt\n|faint|p1a: Sneasler\n|faint|p1b: Miraidon\n|-ability|p2b: Calyrex|Chilling Neigh|boost\n|-boost|p2b: Calyrex|atk|2\n|\n|upkeep\n|\n|t:|1768559948\n|switch|p1b: Tatsugiri|Tatsugiri-Droopy, L50, M|100/100\n|switch|p1a: Dondozo|Dondozo, L50, M|100/100\n|-activate|p1b: Tatsugiri|ability: Commander|[of] p1a: Dondozo\n|-boost|p1a: Dondozo|atk|2\n|-boost|p1a: Dondozo|spa|2\n|-boost|p1a: Dondozo|spe|2\n|-boost|p1a: Dondozo|def|2\n|-boost|p1a: Dondozo|spd|2\n|turn|2\n|\n|t:|1768559977\n|switch|p2b: Ditto|Ditto, L50|100/100\n|-transform|p2b: Ditto|p1a: Dondozo|[from] ability: Imposter\n|-terastallize|p1a: Dondozo|Grass\n|move|p2a: Miraidon|Volt Switch|p1a: Dondozo\n|-resisted|p1a: Dondozo\n|-damage|p1a: Dondozo|85/100\n|\n|t:|1768559986\n|switch|p2a: Volcarona|Volcarona, L50, M|100/100|[from] Volt Switch\n|move|p1a: Dondozo|Order Up|p2a: Volcarona\n|-damage|p2a: Volcarona|70/100\n|-boost|p1a: Dondozo|def|1\n|\n|-heal|p1a: Dondozo|91/100|[from] item: Leftovers\n|upkeep\n|turn|3\n|\n|t:|1768560014\n|move|p1a: Dondozo|Earthquake|p2b: Ditto|[spread] p2a,p2b\n|-miss|p1a: Dondozo|p1b: Tatsugiri\n|-damage|p2a: Volcarona|39/100\n|-damage|p2b: Ditto|88/100\n|move|p2b: Ditto|Order Up|p1a: Dondozo\n|-damage|p1a: Dondozo|80/100\n|move|p2a: Volcarona|Fiery Dance|p1a: Dondozo\n|-supereffective|p1a: Dondozo\n|-damage|p1a: Dondozo|47/100\n|-boost|p2a: Volcarona|spa|1\n|\n|-heal|p1a: Dondozo|54/100|[from] item: Leftovers\n|upkeep\n|turn|4\n|\n|t:|1768560038\n|move|p1a: Dondozo|Protect|p1a: Dondozo\n|-singleturn|p1a: Dondozo|Protect\n|move|p2b: Ditto|Body Press|p1a: Dondozo\n|-activate|p1a: Dondozo|move: Protect\n|move|p2a: Volcarona|Tailwind|p2a: Volcarona\n|-sidestart|p2: yaochangzhe|move: Tailwind\n|\n|-heal|p1a: Dondozo|60/100|[from] item: Leftovers\n|upkeep\n|turn|5\n|\n|t:|1768560046\n|move|p2b: Ditto|Body Press|p1a: Dondozo\n|-damage|p1a: Dondozo|45/100\n|move|p2a: Volcarona|Fiery Dance|p1a: Dondozo\n|-supereffective|p1a: Dondozo\n|-damage|p1a: Dondozo|9/100\n|-boost|p2a: Volcarona|spa|1\n|move|p1a: Dondozo|Earthquake|p2b: Ditto|[spread] p2a,p2b\n|-miss|p1a: Dondozo|p1b: Tatsugiri\n|-damage|p2a: Volcarona|8/100\n|-damage|p2b: Ditto|74/100\n|\n|-heal|p1a: Dondozo|16/100|[from] item: Leftovers\n|-fieldend|move: Electric Terrain\n|upkeep\n|turn|6\n|inactive|Battle timer is ON: inactive players will automatically lose when time's up. (requested by yaochangzhe)\n|-message|mosca9876 forfeited.\n|\n|win|yaochangzhe\n|raw|mosca9876's rating: 1324 &rarr; <strong>1301</strong><br />(-23 for losing)\n|raw|yaochangzhe's rating: 1268 &rarr; <strong>1297</strong><br />(+29 for winning)\n|l|\u2606mosca9876\n|player|p1|\n","uploadtime":1768560239,"views":14,"formatid":"gen9vgc2026regi","rating":1297,"private":0,"password":null}