{"id":"gen9vgc2026regi-2568935973","format":"[Gen 9] VGC 2026 Reg I","players":["lozraff","Cello L."],"log":"|j|\u2606lozraff\n|j|\u2606Cello L.\n|t:|1774634588\n|gametype|doubles\n|player|p1|lozraff|2|1425\n|player|p2|Cello L.|cynthia-gen4|1567\n|gen|9\n|tier|[Gen 9] VGC 2026 Reg I\n|rated|\n|rule|Species Clause: Limit one of each Pok\u00e9mon\n|rule|Item Clause: Limit 1 of each item\n|clearpoke\n|poke|p1|Eternatus, L50|\n|poke|p1|Chi-Yu, L50|\n|poke|p1|Flutter Mane, L50|\n|poke|p1|Incineroar, L50, F|\n|poke|p1|Grimmsnarl, L50, M|\n|poke|p1|Groudon, L50|\n|poke|p2|Miraidon, L50|\n|poke|p2|Zamazenta-*, L50|\n|poke|p2|Chien-Pao, L50|\n|poke|p2|Iron Hands, L50|\n|poke|p2|Volcarona, L50, M|\n|poke|p2|Grimmsnarl, L50, M|\n|teampreview|4\n|inactive|Battle timer is ON: inactive players will automatically lose when time's up. (requested by lozraff)\n|\n|t:|1774634607\n|teamsize|p1|4\n|teamsize|p2|4\n|start\n|switch|p1a: Grimmsnarl|Grimmsnarl, L50, M|100/100\n|switch|p1b: Eternatus|Eternatus, L50|100/100\n|switch|p2a: Miraidon|Miraidon, L50|100/100\n|switch|p2b: Grimmsnarl|Grimmsnarl, L50, M|100/100\n|-fieldstart|move: Electric Terrain|[from] ability: Hadron Engine|[of] p2a: Miraidon\n|-ability|p1b: Eternatus|Pressure\n|turn|1\n|inactive|lozraff has 30 seconds left.\n|\n|t:|1774634634\n|move|p2b: Grimmsnarl|Light Screen|p2b: Grimmsnarl\n|-sidestart|p2: Cello L.|move: Light Screen\n|move|p1a: Grimmsnarl|Light Screen|p1a: Grimmsnarl\n|-sidestart|p1: lozraff|move: Light Screen\n|move|p2a: Miraidon|Volt Switch|p1a: Grimmsnarl\n|-damage|p1a: Grimmsnarl|32/100\n|\n|t:|1774634642\n|switch|p2a: Zamazenta|Zamazenta-Crowned, L50|100/100|[from] Volt Switch\n|-ability|p2a: Zamazenta|Dauntless Shield|boost\n|-boost|p2a: Zamazenta|def|1\n|move|p1b: Eternatus|Cosmic Power|p1b: Eternatus\n|-boost|p1b: Eternatus|def|1\n|-boost|p1b: Eternatus|spd|1\n|\n|upkeep\n|turn|2\n|\n|t:|1774634654\n|move|p2b: Grimmsnarl|Thunder Wave|p1b: Eternatus\n|-status|p1b: Eternatus|par\n|move|p1a: Grimmsnarl|Reflect|p1a: Grimmsnarl\n|-sidestart|p1: lozraff|Reflect\n|move|p2a: Zamazenta|Body Press|p1a: Grimmsnarl\n|-damage|p1a: Grimmsnarl|0 fnt\n|faint|p1a: Grimmsnarl\n|cant|p1b: Eternatus|par\n|\n|upkeep\n|\n|t:|1774634664\n|switch|p1a: Incineroar|Incineroar, L50, F|100/100\n|-ability|p1a: Incineroar|Intimidate|boost\n|-unboost|p2a: Zamazenta|atk|1\n|-unboost|p2b: Grimmsnarl|atk|1\n|turn|3\n|\n|t:|1774634674\n|move|p2a: Zamazenta|Body Press|p1a: Incineroar\n|-supereffective|p1a: Incineroar\n|-damage|p1a: Incineroar|29/100\n|move|p2b: Grimmsnarl|Spirit Break|p1b: Eternatus\n|-damage|p1b: Eternatus|95/100 par\n|-unboost|p1b: Eternatus|spa|1\n|move|p1b: Eternatus|Toxic|p2b: Grimmsnarl\n|-status|p2b: Grimmsnarl|tox\n|move|p1a: Incineroar|Will-O-Wisp|p2a: Zamazenta\n|-status|p2a: Zamazenta|brn\n|\n|-heal|p1b: Eternatus|100/100 par|[from] item: Leftovers\n|-damage|p2b: Grimmsnarl|94/100 tox|[from] psn\n|-damage|p2a: Zamazenta|94/100 brn|[from] brn\n|upkeep\n|turn|4\n|\n|t:|1774634695\n|move|p2b: Grimmsnarl|Reflect|p2b: Grimmsnarl\n|-sidestart|p2: Cello L.|Reflect\n|move|p2a: Zamazenta|Body Press|p1a: Incineroar\n|-supereffective|p1a: Incineroar\n|-damage|p1a: Incineroar|0 fnt\n|faint|p1a: Incineroar\n|move|p1b: Eternatus|Cosmic Power|p1b: Eternatus\n|-boost|p1b: Eternatus|def|1\n|-boost|p1b: Eternatus|spd|1\n|\n|-damage|p2b: Grimmsnarl|82/100 tox|[from] psn\n|-damage|p2a: Zamazenta|88/100 brn|[from] brn\n|upkeep\n|\n|t:|1774634706\n|switch|p1a: Groudon|Groudon, L50|100/100\n|-weather|SunnyDay|[from] ability: Drought|[of] p1a: Groudon\n|turn|5\n|inactive|Cello L. has 30 seconds left.\n|inactive|Cello L. has 20 seconds left.\n|\n|t:|1774634744\n|switch|p2b: Chien-Pao|Chien-Pao, L50|100/100\n|-ability|p2b: Chien-Pao|Sword of Ruin\n|move|p2a: Zamazenta|Wide Guard|p2a: Zamazenta\n|-singleturn|p2a: Zamazenta|Wide Guard\n|move|p1a: Groudon|Swords Dance|p1a: Groudon\n|-boost|p1a: Groudon|atk|2\n|cant|p1b: Eternatus|par\n|\n|-weather|SunnyDay|[upkeep]\n|-damage|p2a: Zamazenta|82/100 brn|[from] brn\n|-fieldend|move: Electric Terrain\n|upkeep\n|turn|6\n|\n|t:|1774634768\n|move|p2b: Chien-Pao|Icicle Crash|p1a: Groudon\n|-supereffective|p1a: Groudon\n|-damage|p1a: Groudon|50/100\n|move|p2a: Zamazenta|Body Press|p1a: Groudon\n|-damage|p1a: Groudon|28/100\n|move|p1a: Groudon|High Horsepower|p2b: Chien-Pao\n|-enditem|p2b: Chien-Pao|Focus Sash\n|-damage|p2b: Chien-Pao|1/100\n|move|p1b: Eternatus|Toxic|p2b: Chien-Pao\n|-status|p2b: Chien-Pao|tox\n|\n|-weather|SunnyDay|[upkeep]\n|-damage|p2b: Chien-Pao|0 fnt|[from] psn\n|faint|p2b: Chien-Pao\n|-damage|p2a: Zamazenta|76/100 brn|[from] brn\n|upkeep\n|\n|t:|1774634784\n|switch|p2b: Miraidon|Miraidon, L50|100/100\n|-fieldstart|move: Electric Terrain|[from] ability: Hadron Engine|[of] p2b: Miraidon\n|turn|7\n|\n|t:|1774634806\n|-terastallize|p2b: Miraidon|Fairy\n|-terastallize|p1b: Eternatus|Fire\n|move|p2b: Miraidon|Dazzling Gleam|p1a: Groudon|[spread] p1a,p1b\n|-crit|p1a: Groudon\n|-resisted|p1b: Eternatus\n|-damage|p1a: Groudon|0 fnt\n|-damage|p1b: Eternatus|93/100 par\n|faint|p1a: Groudon\n|move|p2a: Zamazenta|Body Press|p1b: Eternatus\n|-damage|p1b: Eternatus|86/100 par\n|move|p1b: Eternatus|Cosmic Power|p1b: Eternatus\n|-boost|p1b: Eternatus|def|1\n|-boost|p1b: Eternatus|spd|1\n|\n|-weather|SunnyDay|[upkeep]\n|-heal|p1b: Eternatus|92/100 par|[from] item: Leftovers\n|-damage|p2a: Zamazenta|70/100 brn|[from] brn\n|upkeep\n|turn|8\n|\n|t:|1774634823\n|switch|p2b: Grimmsnarl|Grimmsnarl, L50, M|82/100 tox\n|move|p2a: Zamazenta|Body Press|p1b: Eternatus\n|-damage|p1b: Eternatus|86/100 par\n|cant|p1b: Eternatus|par\n|\n|-weather|SunnyDay|[upkeep]\n|-heal|p1b: Eternatus|92/100 par|[from] item: Leftovers\n|-damage|p2b: Grimmsnarl|76/100 tox|[from] psn\n|-damage|p2a: Zamazenta|64/100 brn|[from] brn\n|-sideend|p1: lozraff|move: Light Screen\n|-sideend|p2: Cello L.|move: Light Screen\n|upkeep\n|turn|9\n|\n|t:|1774634835\n|switch|p2b: Miraidon|Miraidon, L50, tera:Fairy|100/100\n|-activate|p2b: Miraidon|ability: Hadron Engine\n|move|p2a: Zamazenta|Body Press|p1b: Eternatus\n|-damage|p1b: Eternatus|86/100 par\n|cant|p1b: Eternatus|par\n|\n|-weather|none\n|-heal|p1b: Eternatus|92/100 par|[from] item: Leftovers\n|-damage|p2a: Zamazenta|58/100 brn|[from] brn\n|-sideend|p1: lozraff|Reflect\n|upkeep\n|turn|10\n|\n|t:|1774634848\n|move|p2b: Miraidon|Electro Drift|p1b: Eternatus\n|-damage|p1b: Eternatus|55/100 par\n|move|p2a: Zamazenta|Body Press|p1b: Eternatus\n|-damage|p1b: Eternatus|46/100 par\n|move|p1b: Eternatus|Recover|p1b: Eternatus\n|-heal|p1b: Eternatus|96/100 par\n|\n|-heal|p1b: Eternatus|100/100 par|[from] item: Leftovers\n|-damage|p2a: Zamazenta|52/100 brn|[from] brn\n|upkeep\n|turn|11\n|\n|t:|1774634863\n|switch|p2b: Grimmsnarl|Grimmsnarl, L50, M|76/100 tox\n|move|p2a: Zamazenta|Body Press|p1b: Eternatus\n|-damage|p1b: Eternatus|93/100 par\n|move|p1b: Eternatus|Flamethrower|p2a: Zamazenta\n|-supereffective|p2a: Zamazenta\n|-damage|p2a: Zamazenta|11/100 brn\n|\n|-heal|p1b: Eternatus|99/100 par|[from] item: Leftovers\n|-damage|p2b: Grimmsnarl|70/100 tox|[from] psn\n|-damage|p2a: Zamazenta|5/100 brn|[from] brn\n|-sideend|p2: Cello L.|Reflect\n|-fieldend|move: Electric Terrain\n|upkeep\n|turn|12\n|\n|t:|1774634878\n|move|p2b: Grimmsnarl|Light Screen|p2b: Grimmsnarl\n|-sidestart|p2: Cello L.|move: Light Screen\n|move|p2a: Zamazenta|Body Press|p1b: Eternatus\n|-damage|p1b: Eternatus|90/100 par\n|move|p1b: Eternatus|Cosmic Power|p1b: Eternatus\n|-boost|p1b: Eternatus|def|1\n|-boost|p1b: Eternatus|spd|1\n|\n|-heal|p1b: Eternatus|96/100 par|[from] item: Leftovers\n|-damage|p2b: Grimmsnarl|58/100 tox|[from] psn\n|-damage|p2a: Zamazenta|0 fnt|[from] brn\n|faint|p2a: Zamazenta\n|upkeep\n|\n|t:|1774634883\n|switch|p2a: Miraidon|Miraidon, L50, tera:Fairy|100/100\n|-fieldstart|move: Electric Terrain|[from] ability: Hadron Engine|[of] p2a: Miraidon\n|turn|13\n|\n|t:|1774634893\n|move|p2a: Miraidon|Electro Drift|p1b: Eternatus\n|-damage|p1b: Eternatus|62/100 par\n|move|p2b: Grimmsnarl|Spirit Break|p1b: Eternatus\n|-resisted|p1b: Eternatus\n|-damage|p1b: Eternatus|60/100 par\n|-unboost|p1b: Eternatus|spa|1\n|move|p1b: Eternatus|Recover|p1b: Eternatus\n|-heal|p1b: Eternatus|100/100 par\n|\n|-damage|p2b: Grimmsnarl|40/100 tox|[from] psn\n|upkeep\n|turn|14\n|\n|t:|1774634907\n|move|p2a: Miraidon|Electro Drift|p1b: Eternatus\n|-damage|p1b: Eternatus|68/100 par\n|move|p2b: Grimmsnarl|Spirit Break|p1b: Eternatus\n|-resisted|p1b: Eternatus\n|-damage|p1b: Eternatus|65/100 par\n|-unboost|p1b: Eternatus|spa|1\n|cant|p1b: Eternatus|par\n|\n|-heal|p1b: Eternatus|71/100 par|[from] item: Leftovers\n|-damage|p2b: Grimmsnarl|16/100 tox|[from] psn\n|upkeep\n|turn|15\n|\n|t:|1774634921\n|move|p2a: Miraidon|Electro Drift|p1b: Eternatus\n|-damage|p1b: Eternatus|40/100 par\n|move|p2b: Grimmsnarl|Spirit Break|p1b: Eternatus\n|-resisted|p1b: Eternatus\n|-damage|p1b: Eternatus|37/100 par\n|-unboost|p1b: Eternatus|spa|1\n|move|p1b: Eternatus|Recover|p1b: Eternatus\n|-heal|p1b: Eternatus|88/100 par\n|\n|-heal|p1b: Eternatus|94/100 par|[from] item: Leftovers\n|-damage|p2b: Grimmsnarl|0 fnt|[from] psn\n|faint|p2b: Grimmsnarl\n|upkeep\n|turn|16\n|\n|t:|1774634936\n|-activate|p2a: Miraidon|move: Struggle\n|move|p2a: Miraidon|Struggle|p1b: Eternatus\n|-damage|p1b: Eternatus|92/100 par\n|-damage|p2a: Miraidon|75/100|[from] recoil\n|cant|p1b: Eternatus|par\n|\n|-heal|p1b: Eternatus|98/100 par|[from] item: Leftovers\n|upkeep\n|turn|17\n|-message|Cello L. forfeited.\n|\n|win|lozraff\n|raw|lozraff's rating: 1425 &rarr; <strong>1453</strong><br />(+28 for winning)\n|raw|Cello L.'s rating: 1567 &rarr; <strong>1539</strong><br />(-28 for losing)\n|l|\u2606Cello L.\n|player|p2|\n|l|\u2606lozraff\n|player|p1|\n","uploadtime":1774635191,"views":17,"formatid":"gen9vgc2026regi","rating":1453,"private":0,"password":null}