{"id":"gen9vgc2026regi-2528157294","format":"[Gen 9] VGC 2026 Reg I","players":["CHR1SPHX","EduLm"],"log":"|j|\u2606CHR1SPHX\n|j|\u2606EduLm\n|t:|1769625547\n|gametype|doubles\n|player|p1|CHR1SPHX|hilbert-wonderlauncher|1294\n|player|p2|EduLm|blue|1330\n|gen|9\n|tier|[Gen 9] VGC 2026 Reg I\n|rated|\n|rule|Species Clause: Limit one of each Pok\u00e9mon\n|rule|Item Clause: Limit 1 of each item\n|clearpoke\n|poke|p1|Incineroar, L50, M|\n|poke|p1|Koraidon, L50|\n|poke|p1|Flutter Mane, L50|\n|poke|p1|Brute Bonnet, L50|\n|poke|p1|Indeedee-F, L50, F|\n|poke|p1|Groudon, L50|\n|poke|p2|Dialga-Origin, L50|\n|poke|p2|Kyurem-White, L50|\n|poke|p2|Ninetales-Alola, L50, F|\n|poke|p2|Decidueye-Hisui, L50, M|\n|poke|p2|Milotic, L50, F|\n|poke|p2|Talonflame, L50, M|\n|teampreview|4\n|inactive|Battle timer is ON: inactive players will automatically lose when time's up. (requested by CHR1SPHX)\n|inactive|CHR1SPHX has 60 seconds left.\n|\n|t:|1769625597\n|teamsize|p1|4\n|teamsize|p2|4\n|start\n|switch|p1a: Brute Bonnet|Brute Bonnet, L50, shiny|100/100\n|switch|p1b: Incineroar|Incineroar, L50, M|100/100\n|switch|p2a: Milotic|Milotic, L50, F, shiny|100/100\n|switch|p2b: Talonflame|Talonflame, L50, M, shiny|100/100\n|-ability|p1b: Incineroar|Intimidate|boost\n|-unboost|p2a: Milotic|atk|1\n|-ability|p2a: Milotic|Competitive|boost\n|-boost|p2a: Milotic|spa|2\n|-unboost|p2b: Talonflame|atk|1\n|turn|1\n|\n|t:|1769625615\n|move|p1b: Incineroar|Fake Out|p2a: Milotic\n|-damage|p2a: Milotic|88/100\n|move|p2b: Talonflame|Tailwind|p2b: Talonflame\n|-sidestart|p2: EduLm|move: Tailwind\n|cant|p2a: Milotic|flinch\n|move|p1a: Brute Bonnet|Spore|p2a: Milotic\n|-status|p2a: Milotic|slp|[from] move: Spore\n|\n|-heal|p2a: Milotic|94/100 slp|[from] item: Leftovers\n|upkeep\n|turn|2\n|\n|t:|1769625633\n|move|p1a: Brute Bonnet|Sucker Punch||[still]\n|-fail|p1a: Brute Bonnet\n|move|p2b: Talonflame|Will-O-Wisp|p1a: Brute Bonnet\n|-status|p1a: Brute Bonnet|brn\n|cant|p2a: Milotic|slp\n|move|p1b: Incineroar|Parting Shot|p2b: Talonflame\n|-unboost|p2b: Talonflame|atk|1\n|-unboost|p2b: Talonflame|spa|1\n|\n|t:|1769625647\n|switch|p1b: Groudon|Groudon, L50|100/100|[from] Parting Shot\n|-weather|SunnyDay|[from] ability: Drought|[of] p1b: Groudon\n|-activate|p1a: Brute Bonnet|ability: Protosynthesis\n|-start|p1a: Brute Bonnet|protosynthesisatk\n|\n|-weather|SunnyDay|[upkeep]\n|-heal|p2a: Milotic|99/100 slp|[from] item: Leftovers\n|-damage|p1a: Brute Bonnet|95/100 brn|[from] brn\n|upkeep\n|turn|3\n|\n|t:|1769625660\n|switch|p2b: Ninetales|Ninetales-Alola, L50, F, shiny|100/100\n|-weather|Snowscape|[from] ability: Snow Warning|[of] p2b: Ninetales\n|-end|p1a: Brute Bonnet|Protosynthesis\n|cant|p2a: Milotic|slp\n|move|p1b: Groudon|Precipice Blades|p2a: Milotic|[spread] p2a\n|-miss|p1b: Groudon|p2b: Ninetales\n|-damage|p2a: Milotic|46/100 slp\n|move|p1a: Brute Bonnet|Spore|p2b: Ninetales\n|-status|p2b: Ninetales|slp|[from] move: Spore\n|\n|-weather|Snowscape|[upkeep]\n|-heal|p2a: Milotic|52/100 slp|[from] item: Leftovers\n|-damage|p1a: Brute Bonnet|89/100 brn|[from] brn\n|upkeep\n|turn|4\n|\n|t:|1769625683\n|switch|p1b: Flutter Mane|Flutter Mane, L50|100/100\n|move|p1a: Brute Bonnet|Sucker Punch||[still]\n|-fail|p1a: Brute Bonnet\n|cant|p2b: Ninetales|slp\n|cant|p2a: Milotic|slp\n|\n|-weather|Snowscape|[upkeep]\n|-heal|p2a: Milotic|58/100 slp|[from] item: Leftovers\n|-damage|p1a: Brute Bonnet|83/100 brn|[from] brn\n|-sideend|p2: EduLm|move: Tailwind\n|upkeep\n|turn|5\n|\n|t:|1769625693\n|-end|p1a: Brute Bonnet|Protosynthesis|[silent]\n|switch|p1a: Groudon|Groudon, L50|100/100\n|-weather|SunnyDay|[from] ability: Drought|[of] p1a: Groudon\n|-activate|p1b: Flutter Mane|ability: Protosynthesis\n|-start|p1b: Flutter Mane|protosynthesisspe\n|move|p1b: Flutter Mane|Dazzling Gleam|p2b: Ninetales|[spread] p2a,p2b\n|-damage|p2a: Milotic|38/100 slp\n|-damage|p2b: Ninetales|65/100 slp\n|cant|p2b: Ninetales|slp\n|-curestatus|p2a: Milotic|slp|[msg]\n|move|p2a: Milotic|Coil|p2a: Milotic\n|-boost|p2a: Milotic|atk|1\n|-boost|p2a: Milotic|def|1\n|-boost|p2a: Milotic|accuracy|1\n|\n|-weather|SunnyDay|[upkeep]\n|-heal|p2a: Milotic|44/100|[from] item: Leftovers\n|upkeep\n|turn|6\n|inactive|EduLm has 30 seconds left.\n|\n|t:|1769625721\n|move|p1b: Flutter Mane|Dazzling Gleam|p2b: Ninetales|[spread] p2a,p2b\n|-damage|p2a: Milotic|24/100\n|-damage|p2b: Ninetales|32/100 slp\n|-curestatus|p2b: Ninetales|slp|[msg]\n|move|p2b: Ninetales|Icy Wind|p1a: Groudon|[spread] p1a,p1b\n|-supereffective|p1a: Groudon\n|-damage|p1a: Groudon|76/100\n|-damage|p1b: Flutter Mane|88/100\n|-unboost|p1b: Flutter Mane|spe|1\n|move|p1a: Groudon|Precipice Blades|p2a: Milotic|[spread] p2a,p2b\n|-damage|p2a: Milotic|0 fnt\n|-damage|p2b: Ninetales|0 fnt\n|faint|p2a: Milotic\n|faint|p2b: Ninetales\n|\n|-weather|SunnyDay|[upkeep]\n|upkeep\n|\n|t:|1769625732\n|switch|p2b: Kyurem|Kyurem-White, L50, shiny|100/100\n|switch|p2a: Talonflame|Talonflame, L50, M, shiny|100/100\n|-ability|p2b: Kyurem|Turboblaze\n|turn|7\n|inactive|CHR1SPHX has 30 seconds left.\n|\n|t:|1769625762\n|-terastallize|p2b: Kyurem|Fairy\n|move|p2a: Talonflame|Tailwind|p2a: Talonflame\n|-sidestart|p2: EduLm|move: Tailwind\n|move|p2b: Kyurem|Blizzard|p1b: Flutter Mane|[spread] p1a\n|-miss|p2b: Kyurem|p1b: Flutter Mane\n|-supereffective|p1a: Groudon\n|-crit|p1a: Groudon\n|-damage|p1a: Groudon|0 fnt\n|faint|p1a: Groudon\n|move|p1b: Flutter Mane|Dazzling Gleam|p2a: Talonflame|[spread] p2a,p2b\n|-resisted|p2a: Talonflame\n|-damage|p2a: Talonflame|83/100\n|-damage|p2b: Kyurem|82/100\n|\n|-weather|SunnyDay|[upkeep]\n|upkeep\n|\n|t:|1769625786\n|switch|p1a: Brute Bonnet|Brute Bonnet, L50, shiny|83/100 brn\n|-activate|p1a: Brute Bonnet|ability: Protosynthesis\n|-start|p1a: Brute Bonnet|protosynthesisatk\n|turn|8\n|\n|t:|1769625795\n|-terastallize|p1a: Brute Bonnet|Water\n|move|p1b: Flutter Mane|Protect|p1b: Flutter Mane\n|-singleturn|p1b: Flutter Mane|Protect\n|move|p2a: Talonflame|Flare Blitz|p1a: Brute Bonnet\n|-resisted|p1a: Brute Bonnet\n|-damage|p1a: Brute Bonnet|64/100 brn\n|-damage|p2a: Talonflame|76/100|[from] Recoil\n|move|p2b: Kyurem|Blizzard|p1b: Flutter Mane|[spread] p1a\n|-activate|p1b: Flutter Mane|move: Protect\n|-resisted|p1a: Brute Bonnet\n|-damage|p1a: Brute Bonnet|45/100 brn\n|-enditem|p1a: Brute Bonnet|Sitrus Berry|[eat]\n|-heal|p1a: Brute Bonnet|70/100 brn|[from] item: Sitrus Berry\n|move|p1a: Brute Bonnet|Spore|p2b: Kyurem\n|-status|p2b: Kyurem|slp|[from] move: Spore\n|\n|-weather|SunnyDay|[upkeep]\n|-damage|p1a: Brute Bonnet|64/100 brn|[from] brn\n|upkeep\n|turn|9\n|inactive|CHR1SPHX has 30 seconds left.\n|inactive|CHR1SPHX has 20 seconds left.\n|\n|t:|1769625835\n|move|p1a: Brute Bonnet|Rage Powder|p1a: Brute Bonnet\n|-singleturn|p1a: Brute Bonnet|move: Rage Powder\n|move|p2a: Talonflame|Flare Blitz|p1b: Flutter Mane\n|-crit|p1b: Flutter Mane\n|-damage|p1b: Flutter Mane|0 fnt\n|faint|p1b: Flutter Mane\n|-end|p1b: Flutter Mane|Protosynthesis|[silent]\n|-damage|p2a: Talonflame|55/100|[from] Recoil\n|cant|p2b: Kyurem|slp\n|\n|-weather|none\n|-end|p1a: Brute Bonnet|Protosynthesis\n|-damage|p1a: Brute Bonnet|58/100 brn|[from] brn\n|upkeep\n|\n|t:|1769625845\n|switch|p1b: Incineroar|Incineroar, L50, M|100/100\n|-ability|p1b: Incineroar|Intimidate|boost\n|-unboost|p2a: Talonflame|atk|1\n|-unboost|p2b: Kyurem|atk|1\n|turn|10\n|\n|t:|1769625854\n|move|p2a: Talonflame|Brave Bird|p1a: Brute Bonnet\n|-damage|p1a: Brute Bonnet|39/100 brn\n|-damage|p2a: Talonflame|48/100|[from] Recoil\n|cant|p2b: Kyurem|slp\n|move|p1b: Incineroar|Flare Blitz|p2b: Kyurem\n|-damage|p2b: Kyurem|39/100 slp\n|-damage|p1b: Incineroar|85/100|[from] Recoil\n|move|p1a: Brute Bonnet|Spore|p2a: Talonflame\n|-activate|p2a: Talonflame|item: Safety Goggles|Spore\n|\n|-damage|p1a: Brute Bonnet|34/100 brn|[from] brn\n|-sideend|p2: EduLm|move: Tailwind\n|upkeep\n|turn|11\n|\n|t:|1769625873\n|move|p1a: Brute Bonnet|Sucker Punch|p2b: Kyurem\n|-resisted|p2b: Kyurem\n|-damage|p2b: Kyurem|33/100 slp\n|move|p2a: Talonflame|Brave Bird|p1b: Incineroar\n|-damage|p1b: Incineroar|64/100\n|-damage|p2a: Talonflame|40/100|[from] Recoil\n|cant|p2b: Kyurem|slp\n|move|p1b: Incineroar|Flare Blitz|p2b: Kyurem\n|-damage|p2b: Kyurem|0 fnt\n|faint|p2b: Kyurem\n|-damage|p1b: Incineroar|52/100|[from] Recoil\n|\n|-damage|p1a: Brute Bonnet|28/100 brn|[from] brn\n|upkeep\n|turn|12\n|\n|t:|1769625888\n|move|p1a: Brute Bonnet|Sucker Punch|p2a: Talonflame\n|-damage|p2a: Talonflame|22/100\n|move|p2a: Talonflame|Brave Bird|p1b: Incineroar\n|-damage|p1b: Incineroar|32/100\n|-damage|p2a: Talonflame|15/100|[from] Recoil\n|move|p1b: Incineroar|Flare Blitz|p2a: Talonflame\n|-resisted|p2a: Talonflame\n|-damage|p2a: Talonflame|0 fnt\n|faint|p2a: Talonflame\n|-damage|p1b: Incineroar|27/100|[from] Recoil\n|\n|win|CHR1SPHX\n|raw|CHR1SPHX's rating: 1294 &rarr; <strong>1322</strong><br />(+28 for winning)\n|raw|EduLm's rating: 1330 &rarr; <strong>1308</strong><br />(-22 for losing)\n|c|\u2606CHR1SPHX|gg\n|l|\u2606EduLm\n|player|p2|\n|l|\u2606CHR1SPHX\n|player|p1|\n","uploadtime":1769626048,"views":19,"formatid":"gen9vgc2026regi","rating":1308,"private":0,"password":null}