{"id":"gen9vgc2026regi-2550269259","format":"[Gen 9] VGC 2026 Reg I","players":["123456ag","LechonkBro"],"log":"|j|\u2606123456ag\n|j|\u2606LechonkBro\n|t:|1772472243\n|gametype|doubles\n|player|p1|123456ag|swimmerf-gen4dp|1395\n|player|p2|LechonkBro|2|1505\n|gen|9\n|tier|[Gen 9] VGC 2026 Reg I\n|rated|\n|rule|Species Clause: Limit one of each Pok\u00e9mon\n|rule|Item Clause: Limit 1 of each item\n|clearpoke\n|poke|p1|Incineroar, L50, M|\n|poke|p1|Calyrex-Shadow, L50|\n|poke|p1|Rillaboom, L50, F|\n|poke|p1|Koraidon, L50|\n|poke|p1|Clefairy, L50, F|\n|poke|p1|Chi-Yu, L50|\n|poke|p2|Chien-Pao, L50|\n|poke|p2|Calyrex-Shadow, L50|\n|poke|p2|Dondozo, L50, F|\n|poke|p2|Zamazenta-*, L50|\n|poke|p2|Dragonite, L50, M|\n|poke|p2|Tatsugiri, L50, M|\n|teampreview|4\n|inactive|Battle timer is ON: inactive players will automatically lose when time's up. (requested by LechonkBro)\n|j| globalfish39\n|inactive|123456ag has 60 seconds left.\n|\n|t:|1772472292\n|teamsize|p1|4\n|teamsize|p2|4\n|start\n|switch|p1a: Koraidon|Koraidon, L50|100/100\n|switch|p1b: Incineroar|Incineroar, L50, M|100/100\n|switch|p2a: Calyrex|Calyrex-Shadow, L50|100/100\n|switch|p2b: Dragonite|Dragonite, L50, M|100/100\n|-ability|p2a: Calyrex|As One\n|-ability|p2a: Calyrex|Unnerve\n|-weather|SunnyDay|[from] ability: Orichalcum Pulse|[of] p1a: Koraidon\n|-activate|p1a: Koraidon|Orichalcum Pulse|[source]\n|-ability|p1b: Incineroar|Intimidate|boost\n|-unboost|p2a: Calyrex|atk|1\n|-fail|p2b: Dragonite|unboost|Attack|[from] ability: Inner Focus|[of] p2b: Dragonite\n|turn|1\n|\n|t:|1772472310\n|switch|p2a: Chien-Pao|Chien-Pao, L50|100/100\n|-ability|p2a: Chien-Pao|Sword of Ruin\n|move|p1a: Koraidon|Protect|p1a: Koraidon\n|-singleturn|p1a: Koraidon|Protect\n|move|p2b: Dragonite|Low Kick|p1b: Incineroar\n|-supereffective|p1b: Incineroar\n|-damage|p1b: Incineroar|9/100\n|move|p1b: Incineroar|Knock Off|p2a: Chien-Pao\n|-resisted|p2a: Chien-Pao\n|-damage|p2a: Chien-Pao|73/100\n|-enditem|p2a: Chien-Pao|Focus Sash|[from] move: Knock Off|[of] p1b: Incineroar\n|\n|-weather|SunnyDay|[upkeep]\n|upkeep\n|turn|2\n|\n|t:|1772472333\n|switch|p1b: siuuu|Calyrex-Shadow, L50|100/100\n|-ability|p1b: siuuu|As One\n|-ability|p1b: siuuu|Unnerve\n|-terastallize|p1a: Koraidon|Fire\n|move|p2a: Chien-Pao|Ice Spinner|p1a: Koraidon\n|-resisted|p1a: Koraidon\n|-damage|p1a: Koraidon|80/100\n|move|p1a: Koraidon|Flame Charge|p2a: Chien-Pao\n|-supereffective|p2a: Chien-Pao\n|-damage|p2a: Chien-Pao|0 fnt\n|-boost|p1a: Koraidon|spe|1\n|faint|p2a: Chien-Pao\n|move|p2b: Dragonite|Low Kick|p1b: siuuu\n|-immune|p1b: siuuu\n|\n|-weather|SunnyDay|[upkeep]\n|upkeep\n|\n|t:|1772472349\n|switch|p2a: Calyrex|Calyrex-Shadow, L50|100/100\n|-ability|p2a: Calyrex|As One\n|-ability|p2a: Calyrex|Unnerve\n|turn|3\n|\n|t:|1772472369\n|switch|p1b: Rillaboom|Rillaboom, L50, F|100/100\n|-fieldstart|move: Grassy Terrain|[from] ability: Grassy Surge|[of] p1b: Rillaboom\n|switch|p2b: Zamazenta|Zamazenta-Crowned, L50|100/100\n|-ability|p2b: Zamazenta|Dauntless Shield|boost\n|-boost|p2b: Zamazenta|def|1\n|-terastallize|p2a: Calyrex|Ghost\n|move|p2a: Calyrex|Astral Barrage|p1a: Koraidon|[spread] p1a,p1b\n|-damage|p1a: Koraidon|14/100\n|-damage|p1b: Rillaboom|53/100\n|move|p1a: Koraidon|Flame Charge|p2a: Calyrex\n|-damage|p2a: Calyrex|14/100\n|-boost|p1a: Koraidon|spe|1\n|\n|-weather|SunnyDay|[upkeep]\n|-heal|p2a: Calyrex|20/100|[from] Grassy Terrain\n|-heal|p1a: Koraidon|19/100|[from] Grassy Terrain\n|-heal|p1b: Rillaboom|59/100|[from] Grassy Terrain\n|upkeep\n|turn|4\n|inactive|123456ag has 30 seconds left.\n|inactive|LechonkBro has 30 seconds left.\n|inactive|123456ag has 20 seconds left.\n|\n|t:|1772472407\n|switch|p2a: Dragonite|Dragonite, L50, M|100/100\n|move|p2b: Zamazenta|Protect|p2b: Zamazenta\n|-singleturn|p2b: Zamazenta|Protect\n|move|p1b: Rillaboom|Fake Out|p2b: Zamazenta\n|-activate|p2b: Zamazenta|move: Protect\n|move|p1a: Koraidon|Collision Course|p2a: Dragonite\n|-resisted|p2a: Dragonite\n|-crit|p2a: Dragonite\n|-damage|p2a: Dragonite|49/100\n|\n|-weather|SunnyDay|[upkeep]\n|-heal|p1a: Koraidon|25/100|[from] Grassy Terrain\n|-heal|p1b: Rillaboom|65/100|[from] Grassy Terrain\n|upkeep\n|turn|5\n|inactive|123456ag has 30 seconds left.\n|\n|t:|1772472440\n|switch|p1a: siuuu|Calyrex-Shadow, L50|100/100\n|-ability|p1a: siuuu|As One\n|-ability|p1a: siuuu|Unnerve\n|switch|p1b: Incineroar|Incineroar, L50, M|9/100\n|-ability|p1b: Incineroar|Intimidate|boost\n|-fail|p2a: Dragonite|unboost|Attack|[from] ability: Inner Focus|[of] p2a: Dragonite\n|-unboost|p2b: Zamazenta|atk|1\n|move|p2a: Dragonite|Extreme Speed|p1a: siuuu\n|-immune|p1a: siuuu\n|move|p2b: Zamazenta|Body Press|p1b: Incineroar\n|-supereffective|p1b: Incineroar\n|-damage|p1b: Incineroar|0 fnt\n|faint|p1b: Incineroar\n|\n|-weather|none\n|upkeep\n|inactive|123456ag has 30 seconds left.\n|\n|t:|1772472472\n|switch|p1b: Koraidon|Koraidon, L50, tera:Fire|25/100\n|-weather|SunnyDay|[from] ability: Orichalcum Pulse|[of] p1b: Koraidon\n|-activate|p1b: Koraidon|Orichalcum Pulse|[source]\n|turn|6\n|inactive|123456ag has 30 seconds left.\n|inactive|123456ag has 20 seconds left.\n|inactive|123456ag has 15 seconds left.\n|inactive|123456ag has 10 seconds left.\n|inactive|123456ag has 5 seconds left.\n|\n|t:|1772472524\n|move|p2a: Dragonite|Extreme Speed|p1b: Koraidon\n|-damage|p1b: Koraidon|0 fnt\n|faint|p1b: Koraidon\n|move|p1a: siuuu|Draining Kiss|p2a: Dragonite\n|-supereffective|p2a: Dragonite\n|-damage|p2a: Dragonite|2/100\n|-damage|p1a: siuuu|91/100|[from] item: Life Orb\n|move|p2b: Zamazenta|Behemoth Bash|p1a: siuuu\n|-damage|p1a: siuuu|63/100\n|\n|-weather|SunnyDay|[upkeep]\n|-heal|p1a: siuuu|69/100|[from] Grassy Terrain\n|upkeep\n|\n|t:|1772472532\n|switch|p1b: Rillaboom|Rillaboom, L50, F|65/100\n|turn|7\n|inactive|LechonkBro has 30 seconds left.\n|\n|t:|1772472558\n|move|p2b: Zamazenta|Protect|p2b: Zamazenta\n|-singleturn|p2b: Zamazenta|Protect\n|move|p1b: Rillaboom|Fake Out|p2a: Dragonite\n|-damage|p2a: Dragonite|0 fnt\n|faint|p2a: Dragonite\n|move|p1a: siuuu|Nasty Plot|p1a: siuuu\n|-boost|p1a: siuuu|spa|2\n|\n|-weather|SunnyDay|[upkeep]\n|-heal|p1a: siuuu|75/100|[from] Grassy Terrain\n|-heal|p1b: Rillaboom|71/100|[from] Grassy Terrain\n|-fieldend|move: Grassy Terrain\n|upkeep\n|-message|123456ag forfeited.\n|\n|win|LechonkBro\n|raw|123456ag's rating: 1395 &rarr; <strong>1381</strong><br />(-14 for losing)\n|raw|LechonkBro's rating: 1505 &rarr; <strong>1519</strong><br />(+14 for winning)\n|l|\u2606123456ag\n|player|p1|\n|l|\u2606LechonkBro\n|player|p2|\n","uploadtime":1772472769,"views":12,"formatid":"gen9vgc2026regi","rating":1381,"private":0,"password":null}