{"id":"gen9vgc2026regi-2581884404","format":"[Gen 9] VGC 2026 Reg I","players":["tavares vgc","castiel123"],"log":"|j|\u2606tavares vgc\n|j|\u2606castiel123\n|t:|1776036591\n|gametype|doubles\n|player|p1|tavares vgc|ethan|1485\n|player|p2|castiel123|101|1386\n|gen|9\n|tier|[Gen 9] VGC 2026 Reg I\n|rated|\n|rule|Species Clause: Limit one of each Pok\u00e9mon\n|rule|Item Clause: Limit 1 of each item\n|clearpoke\n|poke|p1|Kyogre, L50|\n|poke|p1|Tornadus, L50, M|\n|poke|p1|Miraidon, L50|\n|poke|p1|Incineroar, L50, M|\n|poke|p1|Amoonguss, L50, M|\n|poke|p1|Palafin, L50, F|\n|poke|p2|Zamazenta-*, L50|\n|poke|p2|Terapagos, L50, M|\n|poke|p2|Whimsicott, L50, M|\n|poke|p2|Indeedee, L50, M|\n|poke|p2|Flutter Mane, L50|\n|poke|p2|Annihilape, L50, M|\n|teampreview|4\n|\n|t:|1776036632\n|teamsize|p1|4\n|teamsize|p2|4\n|start\n|switch|p1a: Kyogre|Kyogre, L50|100/100\n|switch|p1b: Palafin|Palafin, L50, F|100/100\n|switch|p2a: Flutter Mane|Flutter Mane, L50|100/100\n|switch|p2b: Annihilape|Annihilape, L50, M|100/100\n|-weather|RainDance|[from] ability: Drizzle|[of] p1a: Kyogre\n|-enditem|p2a: Flutter Mane|Booster Energy\n|-activate|p2a: Flutter Mane|ability: Protosynthesis|[fromitem]\n|-start|p2a: Flutter Mane|protosynthesisspe\n|turn|1\n|\n|t:|1776036649\n|move|p2a: Flutter Mane|Protect|p2a: Flutter Mane\n|-singleturn|p2a: Flutter Mane|Protect\n|move|p1b: Palafin|Jet Punch|p2b: Annihilape\n|-damage|p2b: Annihilape|57/100\n|-damage|p1b: Palafin|91/100|[from] item: Life Orb\n|move|p2b: Annihilape|Final Gambit|p1a: Kyogre\n|-damage|p1a: Kyogre|42/100\n|faint|p2b: Annihilape\n|move|p1a: Kyogre|Water Spout|p2a: Flutter Mane\n|-activate|p2a: Flutter Mane|move: Protect\n|\n|-weather|RainDance|[upkeep]\n|upkeep\n|\n|t:|1776036662\n|switch|p2b: Indeedee|Indeedee, L50, M|100/100\n|-fieldstart|move: Psychic Terrain|[from] ability: Psychic Surge|[of] p2b: Indeedee\n|turn|2\n|\n|t:|1776036680\n|detailschange|p1b: Palafin|Palafin-Hero, L50, F\n|switch|p1b: Tornadus|Tornadus, L50, M|100/100\n|move|p2a: Flutter Mane|Icy Wind|p1b: Tornadus|[spread] p1a,p1b\n|-resisted|p1a: Kyogre\n|-crit|p1a: Kyogre\n|-supereffective|p1b: Tornadus\n|-damage|p1a: Kyogre|37/100\n|-damage|p1b: Tornadus|62/100\n|-unboost|p1a: Kyogre|spe|1\n|-unboost|p1b: Tornadus|spe|1\n|move|p2b: Indeedee|Expanding Force|p1a: Kyogre|[spread] p1a,p1b\n|-damage|p1a: Kyogre|0 fnt\n|-damage|p1b: Tornadus|0 fnt\n|faint|p1a: Kyogre\n|faint|p1b: Tornadus\n|\n|-weather|RainDance|[upkeep]\n|upkeep\n|\n|t:|1776036693\n|switch|p1b: Miraidon|Miraidon, L50|100/100\n|switch|p1a: Palafin|Palafin-Hero, L50, F|91/100\n|-fieldstart|move: Electric Terrain|[from] ability: Hadron Engine|[of] p1b: Miraidon\n|-activate|p1a: Palafin|ability: Zero to Hero\n|turn|3\n|\n|t:|1776036744\n|switch|p2b: Terapagos|Terapagos, L50, M|100/100\n|-activate|p2b: Terapagos|ability: Tera Shift\n|detailschange|p2b: Terapagos|Terapagos-Terastal, L50, M\n|-heal|p2b: Terapagos|100/100|[silent]\n|move|p1a: Palafin|Jet Punch|p2a: Flutter Mane\n|-damage|p2a: Flutter Mane|0 fnt\n|faint|p2a: Flutter Mane\n|-end|p2a: Flutter Mane|Protosynthesis|[silent]\n|-damage|p1a: Palafin|81/100|[from] item: Life Orb\n|move|p1b: Miraidon|Electro Drift|p2b: Terapagos\n|-activate|p2b: Terapagos|ability: Tera Shell\n|-resisted|p2b: Terapagos\n|-damage|p2b: Terapagos|50/100\n|\n|-weather|RainDance|[upkeep]\n|-heal|p2b: Terapagos|56/100|[from] item: Leftovers\n|upkeep\n|\n|t:|1776036758\n|switch|p2a: Indeedee|Indeedee, L50, M|100/100\n|-fieldstart|move: Psychic Terrain|[from] ability: Psychic Surge|[of] p2a: Indeedee\n|turn|4\n|\n|t:|1776036792\n|move|p1a: Palafin|Protect|p1a: Palafin\n|-singleturn|p1a: Palafin|Protect\n|move|p1b: Miraidon|Electro Drift|p2a: Indeedee\n|-damage|p2a: Indeedee|0 fnt\n|faint|p2a: Indeedee\n|move|p2b: Terapagos|Tera Starstorm|p1b: Miraidon\n|-damage|p1b: Miraidon|58/100\n|\n|-weather|RainDance|[upkeep]\n|-heal|p2b: Terapagos|62/100|[from] item: Leftovers\n|upkeep\n|turn|5\n|\n|t:|1776036810\n|-terastallize|p1a: Palafin|Water\n|move|p2b: Terapagos|Protect|p2b: Terapagos\n|-singleturn|p2b: Terapagos|Protect\n|move|p1b: Miraidon|Electro Drift|p2b: Terapagos\n|-activate|p2b: Terapagos|move: Protect\n|move|p1a: Palafin|Wave Crash|p2b: Terapagos\n|-activate|p2b: Terapagos|move: Protect\n|\n|-weather|none\n|-heal|p2b: Terapagos|68/100|[from] item: Leftovers\n|upkeep\n|turn|6\n|\n|t:|1776036818\n|-terastallize|p2b: Terapagos|Stellar\n|detailschange|p2b: Terapagos|Terapagos-Stellar, L50, M, tera:Stellar\n|-heal|p2b: Terapagos|76/100|[silent]\n|-ability|p2b: Terapagos|Teraform Zero\n|-fieldend|move: Psychic Terrain\n|move|p1b: Miraidon|Electro Drift|p2b: Terapagos\n|-damage|p2b: Terapagos|27/100\n|move|p1a: Palafin|Close Combat|p2b: Terapagos\n|-supereffective|p2b: Terapagos\n|-damage|p2b: Terapagos|0 fnt\n|-unboost|p1a: Palafin|def|1\n|-unboost|p1a: Palafin|spd|1\n|faint|p2b: Terapagos\n|detailschange|p2: Terapagos|Terapagos, L50, M|[silent]\n|-damage|p1a: Palafin|71/100|[from] item: Life Orb\n|\n|win|tavares vgc\n|raw|tavares vgc's rating: 1485 &rarr; <strong>1499</strong><br />(+14 for winning)\n|raw|castiel123's rating: 1386 &rarr; <strong>1372</strong><br />(-14 for losing)\n|l|\u2606castiel123\n|player|p2|\n|l|\u2606tavares vgc\n|player|p1|\n|j|\u2606castiel123\n|player|p2|castiel123|101|\n|l|\u2606castiel123\n|player|p2|\n","uploadtime":1776036985,"views":9,"formatid":"gen9vgc2026regi","rating":1372,"private":0,"password":null}