{"id":"gen9vgc2026regi-2532394304","format":"[Gen 9] VGC 2026 Reg I","players":["salmonpepsi","ky123456"],"log":"|j|\u2606salmonpepsi\n|j|\u2606ky123456\n|t:|1770170743\n|gametype|doubles\n|player|p1|salmonpepsi|hiker-gen4|1411\n|player|p2|ky123456|cynthia-gen4|1590\n|gen|9\n|tier|[Gen 9] VGC 2026 Reg I\n|rated|\n|rule|Species Clause: Limit one of each Pok\u00e9mon\n|rule|Item Clause: Limit 1 of each item\n|clearpoke\n|poke|p1|Groudon, L50|\n|poke|p1|Miraidon, L50|\n|poke|p1|Tatsugiri, L50, F|\n|poke|p1|Dondozo, L50, M|\n|poke|p1|Sneasler, L50, M|\n|poke|p1|Garganacl, L50, F|\n|poke|p2|Koraidon, L50|\n|poke|p2|Calyrex-Ice, L50|\n|poke|p2|Incineroar, L50, M|\n|poke|p2|Smeargle, L50, M|\n|poke|p2|Rillaboom, L50, M|\n|poke|p2|Landorus, L50, M|\n|teampreview|4\n|\n|t:|1770170785\n|teamsize|p1|4\n|teamsize|p2|4\n|start\n|switch|p1a: Miraidon|Miraidon, L50, shiny|100/100\n|switch|p1b: Sneasler|Sneasler, L50, M, shiny|100/100\n|switch|p2a: Calyrex|Calyrex-Ice, L50|100/100\n|switch|p2b: Rillaboom|Rillaboom, L50, M|100/100\n|-ability|p2a: Calyrex|As One\n|-ability|p2a: Calyrex|Unnerve\n|-fieldstart|move: Electric Terrain|[from] ability: Hadron Engine|[of] p1a: Miraidon\n|-enditem|p1b: Sneasler|Electric Seed\n|-boost|p1b: Sneasler|def|1|[from] item: Electric Seed\n|-fieldstart|move: Grassy Terrain|[from] ability: Grassy Surge|[of] p2b: Rillaboom\n|turn|1\n|\n|t:|1770170799\n|move|p1b: Sneasler|Fake Out|p2a: Calyrex\n|-damage|p2a: Calyrex|91/100\n|move|p2b: Rillaboom|Fake Out|p1a: Miraidon\n|-damage|p1a: Miraidon|89/100\n|cant|p1a: Miraidon|flinch\n|cant|p2a: Calyrex|flinch\n|\n|-heal|p1a: Miraidon|95/100|[from] Grassy Terrain\n|-heal|p2a: Calyrex|97/100|[from] Grassy Terrain\n|-heal|p2a: Calyrex|100/100|[from] item: Leftovers\n|upkeep\n|turn|2\n|\n|t:|1770170813\n|move|p1b: Sneasler|Dire Claw|p2b: Rillaboom\n|-supereffective|p2b: Rillaboom\n|-damage|p2b: Rillaboom|1/100\n|move|p1a: Miraidon|Volt Switch|p2a: Calyrex\n|-damage|p2a: Calyrex|64/100\n|\n|t:|1770170819\n|switch|p1a: Dondozo|Dondozo, L50, M, shiny|100/100|[from] Volt Switch\n|move|p2b: Rillaboom|U-turn|p1b: Sneasler\n|-resisted|p1b: Sneasler\n|-damage|p1b: Sneasler|95/100\n|\n|t:|1770170828\n|switch|p2b: Smeargle|Smeargle, L50, M|100/100|[from] U-turn\n|move|p2a: Calyrex|Glacial Lance|p1a: Dondozo|[spread] p1a,p1b\n|-resisted|p1a: Dondozo\n|-damage|p1a: Dondozo|82/100\n|-damage|p1b: Sneasler|29/100\n|\n|-heal|p1b: Sneasler|34/100|[from] Grassy Terrain\n|-heal|p2a: Calyrex|70/100|[from] Grassy Terrain\n|-heal|p1a: Dondozo|88/100|[from] Grassy Terrain\n|-heal|p1a: Dondozo|94/100|[from] item: Leftovers\n|-heal|p2a: Calyrex|76/100|[from] item: Leftovers\n|-ability|p2b: Smeargle|Moody|boost\n|-boost|p2b: Smeargle|atk|2\n|-unboost|p2b: Smeargle|spa|1\n|upkeep\n|turn|3\n|\n|t:|1770170844\n|move|p2b: Smeargle|Spiky Shield|p2b: Smeargle\n|-singleturn|p2b: Smeargle|move: Protect\n|move|p1a: Dondozo|Protect|p1a: Dondozo\n|-singleturn|p1a: Dondozo|Protect\n|move|p1b: Sneasler|Toxic Spikes|p2b: Smeargle\n|-sidestart|p2: ky123456|move: Toxic Spikes\n|move|p2a: Calyrex|Leech Seed|p1a: Dondozo\n|-activate|p1a: Dondozo|move: Protect\n|\n|-heal|p1b: Sneasler|40/100|[from] Grassy Terrain\n|-heal|p2a: Calyrex|82/100|[from] Grassy Terrain\n|-heal|p1a: Dondozo|100/100|[from] Grassy Terrain\n|-heal|p2a: Calyrex|87/100|[from] item: Leftovers\n|-ability|p2b: Smeargle|Moody|boost\n|-boost|p2b: Smeargle|atk|2\n|-unboost|p2b: Smeargle|spa|1\n|upkeep\n|turn|4\n|\n|t:|1770170862\n|switch|p1a: Miraidon|Miraidon, L50, shiny|95/100\n|-fieldstart|move: Electric Terrain|[from] ability: Hadron Engine|[of] p1a: Miraidon\n|move|p1b: Sneasler|Dire Claw|p2a: Calyrex\n|-damage|p2a: Calyrex|57/100\n|move|p2b: Smeargle|Spore|p1a: Miraidon\n|-activate|p1a: Miraidon|move: Electric Terrain\n|move|p2a: Calyrex|Glacial Lance|p1a: Miraidon|[spread] p1a,p1b\n|-supereffective|p1a: Miraidon\n|-damage|p1a: Miraidon|0 fnt\n|-damage|p1b: Sneasler|0 fnt\n|faint|p1a: Miraidon\n|faint|p1b: Sneasler\n|-ability|p2a: Calyrex|Chilling Neigh|boost\n|-boost|p2a: Calyrex|atk|2\n|\n|-heal|p2a: Calyrex|62/100|[from] item: Leftovers\n|-ability|p2b: Smeargle|Moody|boost\n|-boost|p2b: Smeargle|atk|2\n|-unboost|p2b: Smeargle|spe|1\n|upkeep\n|\n|t:|1770170871\n|switch|p1a: Dondozo|Dondozo, L50, M, shiny|100/100\n|switch|p1b: Tatsugiri|Tatsugiri, L50, F, shiny|100/100\n|-activate|p1b: Tatsugiri|ability: Commander|[of] p1a: Dondozo\n|-boost|p1a: Dondozo|atk|2\n|-boost|p1a: Dondozo|spa|2\n|-boost|p1a: Dondozo|spe|2\n|-boost|p1a: Dondozo|def|2\n|-boost|p1a: Dondozo|spd|2\n|turn|5\n|\n|t:|1770170889\n|-terastallize|p2a: Calyrex|Fairy\n|move|p2b: Smeargle|Spiky Shield|p2b: Smeargle\n|-singleturn|p2b: Smeargle|move: Protect\n|move|p1a: Dondozo|Order Up|p2b: Smeargle\n|-activate|p2b: Smeargle|move: Protect\n|move|p2a: Calyrex|Leech Seed|p1a: Dondozo|[miss]\n|-miss|p2a: Calyrex|p1a: Dondozo\n|\n|-heal|p2a: Calyrex|68/100|[from] item: Leftovers\n|-ability|p2b: Smeargle|Moody|boost\n|-boost|p2b: Smeargle|def|2\n|-unboost|p2b: Smeargle|spa|1\n|upkeep\n|turn|6\n|\n|t:|1770170902\n|move|p1a: Dondozo|Order Up|p2b: Smeargle\n|-damage|p2b: Smeargle|6/100\n|-boost|p1a: Dondozo|atk|1\n|move|p2b: Smeargle|Ruination|p1a: Dondozo\n|-damage|p1a: Dondozo|51/100\n|move|p2a: Calyrex|Leech Seed|p1a: Dondozo\n|-start|p1a: Dondozo|move: Leech Seed\n|\n|-heal|p1a: Dondozo|57/100|[from] item: Leftovers\n|-heal|p2a: Calyrex|74/100|[from] item: Leftovers\n|-damage|p1a: Dondozo|45/100|[from] Leech Seed|[of] p2a: Calyrex\n|-heal|p2a: Calyrex|88/100|[silent]\n|-ability|p2b: Smeargle|Moody|boost\n|-boost|p2b: Smeargle|spe|2\n|-unboost|p2b: Smeargle|spd|1\n|upkeep\n|turn|7\n|\n|t:|1770170919\n|move|p2b: Smeargle|Spiky Shield|p2b: Smeargle\n|-singleturn|p2b: Smeargle|move: Protect\n|move|p2a: Calyrex|Protect|p2a: Calyrex\n|-singleturn|p2a: Calyrex|Protect\n|move|p1a: Dondozo|Earthquake|p2b: Smeargle|[spread] \n|-miss|p1a: Dondozo|p1b: Tatsugiri\n|-activate|p2a: Calyrex|move: Protect\n|-activate|p2b: Smeargle|move: Protect\n|\n|-heal|p1a: Dondozo|51/100|[from] item: Leftovers\n|-heal|p2a: Calyrex|94/100|[from] item: Leftovers\n|-damage|p1a: Dondozo|38/100|[from] Leech Seed|[of] p2a: Calyrex\n|-heal|p2a: Calyrex|100/100|[silent]\n|-ability|p2b: Smeargle|Moody|boost\n|-boost|p2b: Smeargle|def|2\n|-unboost|p2b: Smeargle|spd|1\n|upkeep\n|turn|8\n|\n|t:|1770170936\n|move|p2b: Smeargle|Spiky Shield||[still]\n|-fail|p2b: Smeargle\n|move|p1a: Dondozo|Earthquake|p2a: Calyrex|[spread] p2a,p2b\n|-miss|p1a: Dondozo|p1b: Tatsugiri\n|-damage|p2a: Calyrex|69/100\n|-damage|p2b: Smeargle|0 fnt\n|faint|p2b: Smeargle\n|move|p2a: Calyrex|Glacial Lance|p1a: Dondozo|[spread] p1a\n|-miss|p2a: Calyrex|p1b: Tatsugiri\n|-resisted|p1a: Dondozo\n|-damage|p1a: Dondozo|29/100\n|\n|-heal|p1a: Dondozo|36/100|[from] item: Leftovers\n|-heal|p2a: Calyrex|74/100|[from] item: Leftovers\n|-damage|p1a: Dondozo|23/100|[from] Leech Seed|[of] p2a: Calyrex\n|-heal|p2a: Calyrex|89/100|[silent]\n|-fieldend|move: Electric Terrain\n|upkeep\n|-message|salmonpepsi forfeited.\n|\n|win|ky123456\n|raw|salmonpepsi's rating: 1411 &rarr; <strong>1400</strong><br />(-11 for losing)\n|raw|ky123456's rating: 1590 &rarr; <strong>1601</strong><br />(+11 for winning)\n|l|\u2606salmonpepsi\n|player|p1|\n|l|\u2606ky123456\n|player|p2|\n","uploadtime":1770171213,"views":20,"formatid":"gen9vgc2026regi","rating":1400,"private":0,"password":null}