{"id":"gen9vgc2026regi-2550741490","format":"[Gen 9] VGC 2026 Reg I","players":["Sgwc","lpve"],"log":"|j|\u2606Sgwc\n|j|\u2606lpve\n|t:|1772526156\n|gametype|doubles\n|player|p1|Sgwc|169|1094\n|player|p2|lpve|1|1055\n|gen|9\n|tier|[Gen 9] VGC 2026 Reg I\n|rated|\n|rule|Species Clause: Limit one of each Pok\u00e9mon\n|rule|Item Clause: Limit 1 of each item\n|clearpoke\n|poke|p1|Incineroar, L50, M|\n|poke|p1|Amoonguss, L50, F|\n|poke|p1|Kyogre, L50|\n|poke|p1|Tornadus, L50, M|\n|poke|p1|Rillaboom, L50, F|\n|poke|p1|Urshifu-*, L50, M|\n|poke|p2|Kyogre, L50|\n|poke|p2|Tornadus, L50, M|\n|poke|p2|Rillaboom, L50, M|\n|poke|p2|Incineroar, L50, F|\n|poke|p2|Raging Bolt, L50|\n|poke|p2|Calyrex-Shadow, L50|\n|teampreview|4\n|inactive|Battle timer is ON: inactive players will automatically lose when time's up. (requested by lpve)\n|inactive|Sgwc has 60 seconds left.\n|inactive|lpve has 60 seconds left.\n|\n|t:|1772526197\n|teamsize|p1|4\n|teamsize|p2|4\n|start\n|switch|p1a: Tornadus|Tornadus, L50, M|100/100\n|switch|p1b: Amoonguss|Amoonguss, L50, F|100/100\n|switch|p2a: Calyrex|Calyrex-Shadow, L50|100/100\n|switch|p2b: Rillaboom|Rillaboom, L50, M|100/100\n|-ability|p2a: Calyrex|As One\n|-ability|p2a: Calyrex|Unnerve\n|-fieldstart|move: Grassy Terrain|[from] ability: Grassy Surge|[of] p2b: Rillaboom\n|turn|1\n|inactive|Sgwc has 30 seconds left.\n|\n|t:|1772526231\n|move|p2b: Rillaboom|Fake Out|p1b: Amoonguss\n|-damage|p1b: Amoonguss|88/100\n|move|p1a: Tornadus|Rain Dance|p1a: Tornadus\n|-weather|RainDance\n|move|p2a: Calyrex|Nasty Plot|p2a: Calyrex\n|-boost|p2a: Calyrex|spa|2\n|move|p1b: Amoonguss|Spore|p2a: Calyrex\n|-status|p2a: Calyrex|slp|[from] move: Spore\n|\n|-weather|RainDance|[upkeep]\n|-heal|p1b: Amoonguss|94/100|[from] Grassy Terrain\n|upkeep\n|turn|2\n|\n|t:|1772526250\n|move|p1a: Tornadus|Protect|p1a: Tornadus\n|-singleturn|p1a: Tornadus|Protect\n|cant|p2a: Calyrex|slp\n|move|p2b: Rillaboom|U-turn|p1a: Tornadus\n|-activate|p1a: Tornadus|move: Protect\n|move|p1b: Amoonguss|Sludge Bomb|p2b: Rillaboom\n|-supereffective|p2b: Rillaboom\n|-damage|p2b: Rillaboom|69/100\n|\n|-weather|RainDance|[upkeep]\n|-heal|p2b: Rillaboom|74/100|[from] Grassy Terrain\n|-heal|p1b: Amoonguss|99/100|[from] Grassy Terrain\n|upkeep\n|turn|3\n|inactive|Sgwc has 30 seconds left.\n|inactive|Sgwc has 20 seconds left.\n|\n|t:|1772526285\n|move|p1a: Tornadus|Tailwind|p1a: Tornadus\n|-sidestart|p1: Sgwc|move: Tailwind\n|cant|p2a: Calyrex|slp\n|move|p1b: Amoonguss|Sludge Bomb|p2a: Calyrex\n|-resisted|p2a: Calyrex\n|-damage|p2a: Calyrex|87/100 slp\n|move|p2b: Rillaboom|Wood Hammer|p1a: Tornadus\n|-resisted|p1a: Tornadus\n|-damage|p1a: Tornadus|45/100\n|-damage|p2b: Rillaboom|61/100|[from] Recoil\n|\n|-weather|RainDance|[upkeep]\n|-heal|p2a: Calyrex|92/100 slp|[from] Grassy Terrain\n|-heal|p1b: Amoonguss|100/100|[from] Grassy Terrain\n|-heal|p2b: Rillaboom|67/100|[from] Grassy Terrain\n|upkeep\n|turn|4\n|inactive|Sgwc has 30 seconds left.\n|inactive|lpve has 30 seconds left.\n|inactive|Sgwc has 20 seconds left.\n|\n|t:|1772526324\n|move|p1a: Tornadus|Bleakwind Storm|p2b: Rillaboom|[spread] p2a,p2b\n|-supereffective|p2b: Rillaboom\n|-damage|p2a: Calyrex|54/100 slp\n|-damage|p2b: Rillaboom|16/100\n|-curestatus|p2a: Calyrex|slp|[msg]\n|move|p2a: Calyrex|Psychic|p1b: Amoonguss\n|-supereffective|p1b: Amoonguss\n|-damage|p1b: Amoonguss|0 fnt\n|faint|p1b: Amoonguss\n|-ability|p2a: Calyrex|Grim Neigh|boost\n|-boost|p2a: Calyrex|spa|1\n|move|p2b: Rillaboom|Wood Hammer|p1a: Tornadus\n|-resisted|p1a: Tornadus\n|-damage|p1a: Tornadus|0 fnt\n|faint|p1a: Tornadus\n|-damage|p2b: Rillaboom|5/100|[from] Recoil\n|\n|-weather|RainDance|[upkeep]\n|-heal|p2a: Calyrex|60/100|[from] Grassy Terrain\n|-heal|p2b: Rillaboom|11/100|[from] Grassy Terrain\n|upkeep\n|\n|t:|1772526344\n|switch|p1a: Urshifu|Urshifu-Rapid-Strike, L50, M|100/100\n|switch|p1b: Rillaboom|Rillaboom, L50, F|100/100\n|turn|5\n|inactive|Sgwc has 30 seconds left.\n|\n|t:|1772526373\n|-terastallize|p2a: Calyrex|Grass\n|move|p2a: Calyrex|Protect|p2a: Calyrex\n|-singleturn|p2a: Calyrex|Protect\n|move|p1b: Rillaboom|Fake Out|p2a: Calyrex\n|-activate|p2a: Calyrex|move: Protect\n|move|p1a: Urshifu|Surging Strikes|p2a: Calyrex\n|-resisted|p2a: Calyrex\n|-crit|p2a: Calyrex\n|-damage|p2a: Calyrex|43/100\n|-resisted|p2a: Calyrex\n|-crit|p2a: Calyrex\n|-damage|p2a: Calyrex|24/100\n|-resisted|p2a: Calyrex\n|-crit|p2a: Calyrex\n|-damage|p2a: Calyrex|5/100\n|-hitcount|p2a: Calyrex|3\n|move|p2b: Rillaboom|U-turn|p1a: Urshifu\n|-resisted|p1a: Urshifu\n|-damage|p1a: Urshifu|90/100\n|\n|t:|1772526384\n|switch|p2b: Tornadus|Tornadus, L50, M|100/100|[from] U-turn\n|\n|-weather|none\n|-heal|p1a: Urshifu|96/100|[from] Grassy Terrain\n|-heal|p2a: Calyrex|11/100|[from] Grassy Terrain\n|-fieldend|move: Grassy Terrain\n|upkeep\n|turn|6\n|inactive|Sgwc has 30 seconds left.\n|\n|t:|1772526414\n|move|p2b: Tornadus|Tailwind|p2b: Tornadus\n|-sidestart|p2: lpve|move: Tailwind\n|move|p2a: Calyrex|Astral Barrage|p1a: Urshifu|[spread] p1a,p1b\n|-damage|p1a: Urshifu|0 fnt\n|-damage|p1b: Rillaboom|0 fnt\n|faint|p1a: Urshifu\n|faint|p1b: Rillaboom\n|\n|win|lpve\n|raw|Sgwc's rating: 1094 &rarr; <strong>1067</strong><br />(-27 for losing)\n|raw|lpve's rating: 1055 &rarr; <strong>1090</strong><br />(+35 for winning)\n","uploadtime":1772526419,"views":13,"formatid":"gen9vgc2026regi","rating":1067,"private":0,"password":null}