{"id":"gen9vgc2026regi-2564638666","format":"[Gen 9] VGC 2026 Reg I","players":["clefci","mrshtark"],"log":"|j|\u2606clefci\n|j|\u2606mrshtark\n|t:|1774179170\n|gametype|doubles\n|player|p1|clefci|2|1215\n|player|p2|mrshtark|101|1216\n|gen|9\n|tier|[Gen 9] VGC 2026 Reg I\n|rated|\n|rule|Species Clause: Limit one of each Pok\u00e9mon\n|rule|Item Clause: Limit 1 of each item\n|clearpoke\n|poke|p1|Kyogre, L50|\n|poke|p1|Groudon, L50|\n|poke|p1|Wo-Chien, L50|\n|poke|p1|Urshifu-*, L50, F|\n|poke|p1|Shiftry, L50, F|\n|poke|p1|Raging Bolt, L50|\n|poke|p2|Amoonguss, L50, F|\n|poke|p2|Calyrex-Ice, L50|\n|poke|p2|Koraidon, L50|\n|poke|p2|Urshifu-*, L50, M|\n|poke|p2|Incineroar, L50, M|\n|poke|p2|Flutter Mane, L50|\n|teampreview|4\n|inactive|Battle timer is ON: inactive players will automatically lose when time's up. (requested by clefci)\n|inactive|clefci has 60 seconds left.\n|\n|t:|1774179231\n|teamsize|p1|4\n|teamsize|p2|4\n|start\n|switch|p1a: Groudon|Groudon, L50|100/100\n|switch|p1b: Urshifu|Urshifu-Rapid-Strike, L50, F|100/100\n|switch|p2a: Calyrex|Calyrex-Ice, L50|100/100\n|switch|p2b: Amoonguss|Amoonguss, L50, F|100/100\n|-ability|p2a: Calyrex|As One\n|-ability|p2a: Calyrex|Unnerve\n|-weather|SunnyDay|[from] ability: Drought|[of] p1a: Groudon\n|turn|1\n|\n|t:|1774179253\n|move|p2b: Amoonguss|Rage Powder|p2b: Amoonguss\n|-singleturn|p2b: Amoonguss|move: Rage Powder\n|move|p1b: Urshifu|U-turn|p2b: Amoonguss\n|-damage|p2b: Amoonguss|78/100\n|-damage|p1b: Urshifu|84/100|[from] item: Rocky Helmet|[of] p2b: Amoonguss\n|\n|t:|1774179257\n|switch|p1b: Kyogre|Kyogre, L50|100/100|[from] U-turn\n|-weather|RainDance|[from] ability: Drizzle|[of] p1b: Kyogre\n|move|p1a: Groudon|Will-O-Wisp|p2b: Amoonguss\n|-status|p2b: Amoonguss|brn\n|move|p2a: Calyrex|Glacial Lance|p1a: Groudon|[spread] p1a,p1b\n|-supereffective|p1a: Groudon\n|-resisted|p1b: Kyogre\n|-damage|p1a: Groudon|24/100\n|-damage|p1b: Kyogre|77/100\n|\n|-weather|RainDance|[upkeep]\n|-damage|p2b: Amoonguss|72/100 brn|[from] brn\n|upkeep\n|turn|2\n|inactive|clefci has 30 seconds left.\n|inactive|mrshtark has 30 seconds left.\n|\n|t:|1774179291\n|switch|p1a: Urshifu|Urshifu-Rapid-Strike, L50, F|84/100\n|move|p1b: Kyogre|Origin Pulse|p2a: Calyrex|[spread] p2a,p2b\n|-resisted|p2b: Amoonguss\n|-damage|p2a: Calyrex|56/100\n|-damage|p2b: Amoonguss|43/100 brn\n|move|p2a: Calyrex|Glacial Lance|p1a: Urshifu|[spread] p1a,p1b\n|-resisted|p1a: Urshifu\n|-resisted|p1b: Kyogre\n|-damage|p1a: Urshifu|54/100\n|-damage|p1b: Kyogre|53/100\n|move|p2b: Amoonguss|Spore|p1b: Kyogre\n|-status|p1b: Kyogre|slp|[from] move: Spore\n|\n|-weather|RainDance|[upkeep]\n|-heal|p2a: Calyrex|61/100|[from] item: Leftovers\n|-damage|p2b: Amoonguss|37/100 brn|[from] brn\n|upkeep\n|turn|3\n|\n|t:|1774179310\n|switch|p1b: Shiftry|Shiftry, L50, F|100/100\n|-terastallize|p1a: Urshifu|Grass\n|move|p2b: Amoonguss|Rage Powder|p2b: Amoonguss\n|-singleturn|p2b: Amoonguss|move: Rage Powder\n|move|p1a: Urshifu|Surging Strikes|p2a: Calyrex\n|-crit|p2a: Calyrex\n|-damage|p2a: Calyrex|43/100\n|-crit|p2a: Calyrex\n|-damage|p2a: Calyrex|26/100\n|-crit|p2a: Calyrex\n|-damage|p2a: Calyrex|8/100\n|-hitcount|p2a: Calyrex|3\n|move|p2a: Calyrex|Glacial Lance|p1b: Shiftry|[spread] p1a,p1b\n|-supereffective|p1a: Urshifu\n|-supereffective|p1b: Shiftry\n|-damage|p1a: Urshifu|0 fnt\n|-enditem|p1b: Shiftry|Focus Sash\n|-damage|p1b: Shiftry|1/100\n|faint|p1a: Urshifu\n|-ability|p2a: Calyrex|Chilling Neigh|boost\n|-boost|p2a: Calyrex|atk|1\n|\n|-weather|RainDance|[upkeep]\n|-heal|p2a: Calyrex|14/100|[from] item: Leftovers\n|-damage|p2b: Amoonguss|31/100 brn|[from] brn\n|upkeep\n|\n|t:|1774179326\n|switch|p1a: Groudon|Groudon, L50|24/100\n|-weather|SunnyDay|[from] ability: Drought|[of] p1a: Groudon\n|turn|4\n|\n|t:|1774179342\n|move|p2b: Amoonguss|Rage Powder|p2b: Amoonguss\n|-singleturn|p2b: Amoonguss|move: Rage Powder\n|move|p1b: Shiftry|Tailwind|p1b: Shiftry\n|-sidestart|p1: clefci|move: Tailwind\n|move|p1a: Groudon|Precipice Blades|p2b: Amoonguss|[spread] p2a,p2b\n|-damage|p2a: Calyrex|0 fnt\n|-damage|p2b: Amoonguss|0 fnt\n|faint|p2a: Calyrex\n|faint|p2b: Amoonguss\n|\n|-weather|SunnyDay|[upkeep]\n|upkeep\n|\n|t:|1774179353\n|switch|p2a: Koraidon|Koraidon, L50|100/100\n|switch|p2b: Flutter Mane|Flutter Mane, L50|100/100\n|-activate|p2a: Koraidon|ability: Orichalcum Pulse\n|-activate|p2b: Flutter Mane|ability: Protosynthesis\n|-start|p2b: Flutter Mane|protosynthesisspe\n|turn|5\n|\n|t:|1774179370\n|move|p1b: Shiftry|Will-O-Wisp|p2a: Koraidon\n|-status|p2a: Koraidon|brn\n|move|p2b: Flutter Mane|Thunderbolt|p1b: Shiftry\n|-resisted|p1b: Shiftry\n|-damage|p1b: Shiftry|0 fnt\n|faint|p1b: Shiftry\n|move|p1a: Groudon|Heat Crash|p2b: Flutter Mane\n|-enditem|p2b: Flutter Mane|Focus Sash\n|-damage|p2b: Flutter Mane|1/100\n|move|p2a: Koraidon|Flame Charge|p1a: Groudon\n|-damage|p1a: Groudon|10/100\n|-boost|p2a: Koraidon|spe|1\n|-damage|p2a: Koraidon|91/100 brn|[from] item: Life Orb\n|\n|-weather|SunnyDay|[upkeep]\n|-damage|p2a: Koraidon|85/100 brn|[from] brn\n|upkeep\n|\n|t:|1774179382\n|switch|p1b: Kyogre|Kyogre, L50|53/100 slp\n|-weather|RainDance|[from] ability: Drizzle|[of] p1b: Kyogre\n|-end|p2b: Flutter Mane|Protosynthesis\n|turn|6\n|inactive|mrshtark has 30 seconds left.\n|\n|t:|1774179413\n|move|p2a: Koraidon|Flame Charge|p1a: Groudon\n|-damage|p1a: Groudon|7/100\n|-boost|p2a: Koraidon|spe|1\n|-damage|p2a: Koraidon|75/100 brn|[from] item: Life Orb\n|cant|p1b: Kyogre|slp\n|move|p1a: Groudon|Precipice Blades|p2b: Flutter Mane|[spread] p2a,p2b\n|-crit|p2b: Flutter Mane\n|-damage|p2a: Koraidon|34/100 brn\n|-damage|p2b: Flutter Mane|0 fnt\n|faint|p2b: Flutter Mane\n|-end|p2b: Flutter Mane|Protosynthesis|[silent]\n|\n|-weather|RainDance|[upkeep]\n|-damage|p2a: Koraidon|28/100 brn|[from] brn\n|upkeep\n|turn|7\n|\n|t:|1774179433\n|-terastallize|p2a: Koraidon|Fire\n|move|p2a: Koraidon|Flare Blitz|p1a: Groudon\n|-damage|p1a: Groudon|0 fnt\n|faint|p1a: Groudon\n|-damage|p2a: Koraidon|26/100 brn|[from] Recoil\n|-damage|p2a: Koraidon|16/100 brn|[from] item: Life Orb\n|cant|p1b: Kyogre|slp\n|\n|-weather|RainDance|[upkeep]\n|-damage|p2a: Koraidon|10/100 brn|[from] brn\n|-sideend|p1: clefci|move: Tailwind\n|upkeep\n|turn|8\n|\n|t:|1774179447\n|move|p2a: Koraidon|Close Combat|p1b: Kyogre\n|-damage|p1b: Kyogre|22/100 slp\n|-unboost|p2a: Koraidon|def|1\n|-unboost|p2a: Koraidon|spd|1\n|-damage|p2a: Koraidon|0 fnt|[from] item: Life Orb\n|faint|p2a: Koraidon\n|\n|win|clefci\n|raw|clefci's rating: 1215 &rarr; <strong>1240</strong><br />(+25 for winning)\n|raw|mrshtark's rating: 1216 &rarr; <strong>1191</strong><br />(-25 for losing)\n|l|\u2606clefci\n|player|p1|\n|l|\u2606mrshtark\n|player|p2|\n","uploadtime":1774179614,"views":11,"formatid":"gen9vgc2026regi","rating":1191,"private":0,"password":null}