{"id":"gen9vgc2026regi-2577936785","format":"[Gen 9] VGC 2026 Reg I","players":["ev_evan","swty_tryhrd"],"log":"|j|\u2606ev_evan\n|j|\u2606swty_tryhrd\n|t:|1775623107\n|gametype|doubles\n|player|p1|ev_evan|266|1326\n|player|p2|swty_tryhrd|hilbert|1395\n|gen|9\n|tier|[Gen 9] VGC 2026 Reg I\n|rated|\n|rule|Species Clause: Limit one of each Pok\u00e9mon\n|rule|Item Clause: Limit 1 of each item\n|clearpoke\n|poke|p1|Raging Bolt, L50|\n|poke|p1|Miraidon, L50|\n|poke|p1|Incineroar, L50, F|\n|poke|p1|Iron Jugulis, L50|\n|poke|p1|Ogerpon-Wellspring, L50, F|\n|poke|p1|Calyrex-Ice, L50|\n|poke|p2|Rillaboom, L50, F|\n|poke|p2|Calyrex-Ice, L50|\n|poke|p2|Incineroar, L50, M|\n|poke|p2|Urshifu-*, L50, F|\n|poke|p2|Kyogre, L50|\n|poke|p2|Landorus, L50, M|\n|teampreview|4\n|inactive|Battle timer is ON: inactive players will automatically lose when time's up. (requested by ev_evan)\n|inactive|ev_evan has 60 seconds left.\n|inactive|ev_evan has 30 seconds left.\n|inactive|ev_evan has 20 seconds left.\n|\n|t:|1775623178\n|teamsize|p1|4\n|teamsize|p2|4\n|start\n|switch|p1a: Iron Jugulis|Iron Jugulis, L50|100/100\n|switch|p1b: Miraidon|Miraidon, L50|100/100\n|switch|p2a: Calyrex|Calyrex-Ice, L50|100/100\n|switch|p2b: Rillaboom|Rillaboom, L50, F|100/100\n|-ability|p2a: Calyrex|As One\n|-ability|p2a: Calyrex|Unnerve\n|-fieldstart|move: Electric Terrain|[from] ability: Hadron Engine|[of] p1b: Miraidon\n|-activate|p1a: Iron Jugulis|ability: Quark Drive\n|-start|p1a: Iron Jugulis|quarkdrivespe\n|-fieldstart|move: Grassy Terrain|[from] ability: Grassy Surge|[of] p2b: Rillaboom\n|-end|p1a: Iron Jugulis|Quark Drive\n|turn|1\n|\n|t:|1775623200\n|switch|p1b: Calyrex|Calyrex-Ice, L50|100/100\n|-ability|p1b: Calyrex|As One\n|-ability|p1b: Calyrex|Unnerve\n|-terastallize|p1a: Iron Jugulis|Steel\n|move|p2b: Rillaboom|Fake Out|p1b: Calyrex\n|-damage|p1b: Calyrex|94/100\n|move|p1a: Iron Jugulis|Taunt|p2a: Calyrex\n|-start|p2a: Calyrex|move: Taunt\n|move|p2a: Calyrex|Glacial Lance|p1b: Calyrex|[spread] p1a,p1b\n|-resisted|p1a: Iron Jugulis\n|-resisted|p1b: Calyrex\n|-damage|p1a: Iron Jugulis|71/100\n|-damage|p1b: Calyrex|81/100\n|\n|-heal|p1a: Iron Jugulis|77/100|[from] Grassy Terrain\n|-heal|p1b: Calyrex|86/100|[from] Grassy Terrain\n|-heal|p1b: Calyrex|92/100|[from] item: Leftovers\n|upkeep\n|turn|2\n|\n|t:|1775623223\n|-terastallize|p2a: Calyrex|Water\n|move|p1a: Iron Jugulis|Dragon Cheer|p1b: Calyrex\n|-start|p1b: Calyrex|move: Dragon Cheer\n|move|p2b: Rillaboom|U-turn|p1b: Calyrex\n|-supereffective|p1b: Calyrex\n|-damage|p1b: Calyrex|71/100\n|\n|t:|1775623228\n|switch|p2b: Kyogre|Kyogre, L50|100/100|[from] U-turn\n|-weather|RainDance|[from] ability: Drizzle|[of] p2b: Kyogre\n|move|p2a: Calyrex|High Horsepower|p1a: Iron Jugulis\n|-supereffective|p1a: Iron Jugulis\n|-damage|p1a: Iron Jugulis|0 fnt\n|faint|p1a: Iron Jugulis\n|-end|p1a: Iron Jugulis|Quark Drive|[silent]\n|-ability|p2a: Calyrex|Chilling Neigh|boost\n|-boost|p2a: Calyrex|atk|1\n|move|p1b: Calyrex|Glacial Lance|p2a: Calyrex|[spread] p2a,p2b\n|-resisted|p2a: Calyrex\n|-crit|p2a: Calyrex\n|-resisted|p2b: Kyogre\n|-damage|p2a: Calyrex|80/100\n|-damage|p2b: Kyogre|75/100\n|\n|-weather|RainDance|[upkeep]\n|-heal|p2b: Kyogre|81/100|[from] Grassy Terrain\n|-heal|p2a: Calyrex|86/100|[from] Grassy Terrain\n|-heal|p1b: Calyrex|77/100|[from] Grassy Terrain\n|-heal|p1b: Calyrex|83/100|[from] item: Leftovers\n|upkeep\n|\n|t:|1775623243\n|switch|p1a: Raging Bolt|Raging Bolt, L50|100/100\n|turn|3\n|\n|t:|1775623258\n|switch|p1b: Miraidon|Miraidon, L50|100/100\n|-fieldstart|move: Electric Terrain|[from] ability: Hadron Engine|[of] p1b: Miraidon\n|move|p2b: Kyogre|Origin Pulse|p1a: Raging Bolt|[spread] p1a,p1b\n|-resisted|p1a: Raging Bolt\n|-resisted|p1b: Miraidon\n|-damage|p1a: Raging Bolt|60/100\n|-damage|p1b: Miraidon|62/100\n|move|p1a: Raging Bolt|Rising Voltage|p2a: Calyrex\n|-hint|Rising Voltage's BP doubled on grounded target.\n|-supereffective|p2a: Calyrex\n|-damage|p2a: Calyrex|0 fnt\n|faint|p2a: Calyrex\n|\n|-weather|RainDance|[upkeep]\n|upkeep\n|\n|t:|1775623275\n|switch|p2a: Rillaboom|Rillaboom, L50, F|100/100\n|-fieldstart|move: Grassy Terrain|[from] ability: Grassy Surge|[of] p2a: Rillaboom\n|turn|4\n|\n|t:|1775623298\n|switch|p2b: Landorus|Landorus, L50, M|100/100\n|move|p1a: Raging Bolt|Thunderclap||[still]\n|-fail|p1a: Raging Bolt\n|move|p1b: Miraidon|Volt Switch|p2b: Landorus\n|-immune|p2b: Landorus\n|move|p2a: Rillaboom|Wood Hammer|p1b: Miraidon\n|-resisted|p1b: Miraidon\n|-damage|p1b: Miraidon|25/100\n|-damage|p2a: Rillaboom|90/100|[from] Recoil\n|\n|-weather|RainDance|[upkeep]\n|-heal|p1b: Miraidon|31/100|[from] Grassy Terrain\n|-heal|p2a: Rillaboom|96/100|[from] Grassy Terrain\n|-heal|p1a: Raging Bolt|66/100|[from] Grassy Terrain\n|upkeep\n|turn|5\n|inactive|swty_tryhrd has 30 seconds left.\n|\n|t:|1775623325\n|move|p1a: Raging Bolt|Protect|p1a: Raging Bolt\n|-singleturn|p1a: Raging Bolt|Protect\n|move|p1b: Miraidon|Volt Switch|p2a: Rillaboom\n|-resisted|p2a: Rillaboom\n|-damage|p2a: Rillaboom|80/100\n|\n|t:|1775623330\n|switch|p1b: Calyrex|Calyrex-Ice, L50|83/100|[from] Volt Switch\n|-ability|p1b: Calyrex|As One\n|-ability|p1b: Calyrex|Unnerve\n|move|p2b: Landorus|Earth Power|p1b: Calyrex\n|-damage|p1b: Calyrex|34/100\n|move|p2a: Rillaboom|Wood Hammer|p1b: Calyrex\n|-damage|p1b: Calyrex|0 fnt\n|faint|p1b: Calyrex\n|-damage|p2a: Rillaboom|68/100|[from] Recoil\n|\n|-weather|RainDance|[upkeep]\n|-heal|p2a: Rillaboom|74/100|[from] Grassy Terrain\n|-heal|p1a: Raging Bolt|72/100|[from] Grassy Terrain\n|upkeep\n|\n|t:|1775623332\n|switch|p1b: Miraidon|Miraidon, L50|31/100\n|-fieldstart|move: Electric Terrain|[from] ability: Hadron Engine|[of] p1b: Miraidon\n|turn|6\n|\n|t:|1775623351\n|switch|p2a: Kyogre|Kyogre, L50|81/100\n|move|p2b: Landorus|Protect|p2b: Landorus\n|-singleturn|p2b: Landorus|Protect\n|move|p1b: Miraidon|Draco Meteor|p2b: Landorus\n|-activate|p2b: Landorus|move: Protect\n|move|p1a: Raging Bolt|Draco Meteor|p2a: Kyogre\n|-damage|p2a: Kyogre|34/100\n|-unboost|p1a: Raging Bolt|spa|2\n|\n|-weather|none\n|upkeep\n|turn|7\n|\n|t:|1775623369\n|switch|p2b: Rillaboom|Rillaboom, L50, F|74/100\n|-fieldstart|move: Grassy Terrain|[from] ability: Grassy Surge|[of] p2b: Rillaboom\n|move|p1a: Raging Bolt|Thunderclap|p2a: Kyogre\n|-supereffective|p2a: Kyogre\n|-damage|p2a: Kyogre|2/100\n|move|p1b: Miraidon|Draco Meteor|p2b: Rillaboom\n|-damage|p2b: Rillaboom|17/100\n|-unboost|p1b: Miraidon|spa|2\n|move|p2a: Kyogre|Origin Pulse|p1a: Raging Bolt|[spread] p1a,p1b\n|-resisted|p1a: Raging Bolt\n|-resisted|p1b: Miraidon\n|-damage|p1a: Raging Bolt|46/100\n|-damage|p1b: Miraidon|2/100\n|\n|-heal|p1b: Miraidon|8/100|[from] Grassy Terrain\n|-heal|p2a: Kyogre|8/100|[from] Grassy Terrain\n|-heal|p2b: Rillaboom|23/100|[from] Grassy Terrain\n|-heal|p1a: Raging Bolt|52/100|[from] Grassy Terrain\n|upkeep\n|turn|8\n|inactive|swty_tryhrd has 30 seconds left.\n|inactive|swty_tryhrd has 20 seconds left.\n|inactive|swty_tryhrd has 15 seconds left.\n|\n|t:|1775623411\n|switch|p2a: Landorus|Landorus, L50, M|100/100\n|move|p2b: Rillaboom|Grassy Glide|p1b: Miraidon\n|-resisted|p1b: Miraidon\n|-damage|p1b: Miraidon|0 fnt\n|faint|p1b: Miraidon\n|move|p1a: Raging Bolt|Thunderclap||[still]\n|-fail|p1a: Raging Bolt\n|\n|-heal|p2b: Rillaboom|29/100|[from] Grassy Terrain\n|-heal|p1a: Raging Bolt|59/100|[from] Grassy Terrain\n|upkeep\n|turn|9\n|\n|t:|1775623424\n|move|p1a: Raging Bolt|Protect|p1a: Raging Bolt\n|-singleturn|p1a: Raging Bolt|Protect\n|move|p2a: Landorus|Earth Power|p1a: Raging Bolt\n|-activate|p1a: Raging Bolt|move: Protect\n|move|p2b: Rillaboom|Wood Hammer|p1a: Raging Bolt\n|-activate|p1a: Raging Bolt|move: Protect\n|\n|-heal|p2b: Rillaboom|34/100|[from] Grassy Terrain\n|-heal|p1a: Raging Bolt|65/100|[from] Grassy Terrain\n|upkeep\n|turn|10\n|\n|t:|1775623435\n|move|p2a: Landorus|Earth Power|p1a: Raging Bolt\n|-supereffective|p1a: Raging Bolt\n|-damage|p1a: Raging Bolt|0 fnt\n|faint|p1a: Raging Bolt\n|-end|p1a: Raging Bolt|Protosynthesis|[silent]\n|\n|win|swty_tryhrd\n|raw|ev_evan's rating: 1326 &rarr; <strong>1310</strong><br />(-16 for losing)\n|raw|swty_tryhrd's rating: 1395 &rarr; <strong>1411</strong><br />(+16 for winning)\n|l|\u2606swty_tryhrd\n|player|p2|\n","uploadtime":1775623579,"views":10,"formatid":"gen9vgc2026regi","rating":1310,"private":0,"password":null}