{"id":"gen9vgc2026regi-2515596088","format":"[Gen 9] VGC 2026 Reg I","players":["Rypassed You","Cello L."],"log":"|j|\u2606Rypassed You\n|j|\u2606Cello L.\n|t:|1768008550\n|gametype|doubles\n|player|p1|Rypassed You|drayton|1363\n|player|p2|Cello L.|cynthia-gen4|1362\n|gen|9\n|tier|[Gen 9] VGC 2026 Reg I\n|rated|\n|rule|Species Clause: Limit one of each Pok\u00e9mon\n|rule|Item Clause: Limit 1 of each item\n|clearpoke\n|poke|p1|Kyogre, L50|\n|poke|p1|Miraidon, L50|\n|poke|p1|Tornadus, L50, M|\n|poke|p1|Iron Hands, L50|\n|poke|p1|Farigiraf, L50, F|\n|poke|p1|Urshifu-*, L50, M|\n|poke|p2|Calyrex-Shadow, L50|\n|poke|p2|Zamazenta-*, L50|\n|poke|p2|Raging Bolt, L50|\n|poke|p2|Smeargle, L50, M|\n|poke|p2|Rillaboom, L50, M|\n|poke|p2|Incineroar, L50, F|\n|teampreview|4\n|inactive|Battle timer is ON: inactive players will automatically lose when time's up. (requested by Rypassed You)\n|inactive|Rypassed You has 60 seconds left.\n|inactive|Cello L. has 60 seconds left.\n|\n|t:|1768008590\n|teamsize|p1|4\n|teamsize|p2|4\n|start\n|switch|p1a: Dhruva|Kyogre, L50|100/100\n|switch|p1b: George|Urshifu-Rapid-Strike, L50, M|100/100\n|switch|p2a: Zamazenta|Zamazenta-Crowned, L50|100/100\n|switch|p2b: Rillaboom|Rillaboom, L50, M|100/100\n|-ability|p2a: Zamazenta|Dauntless Shield|boost\n|-boost|p2a: Zamazenta|def|1\n|-weather|RainDance|[from] ability: Drizzle|[of] p1a: Dhruva\n|-fieldstart|move: Grassy Terrain|[from] ability: Grassy Surge|[of] p2b: Rillaboom\n|turn|1\n|inactive|Rypassed You has 30 seconds left.\n|inactive|Cello L. has 30 seconds left.\n|inactive|Cello L. has 20 seconds left.\n|inactive|Cello L. has 15 seconds left.\n|inactive|Cello L. has 10 seconds left.\n|\n|t:|1768008635\n|switch|p1a: Josy|Farigiraf, L50, F|100/100\n|-terastallize|p2a: Zamazenta|Water\n|move|p2b: Rillaboom|Fake Out||[still]\n|cant|p1a: Josy|ability: Armor Tail|Fake Out|[of] p2b: Rillaboom\n|move|p1b: George|U-turn|p2b: Rillaboom\n|-supereffective|p2b: Rillaboom\n|-damage|p2b: Rillaboom|46/100\n|\n|t:|1768008643\n|switch|p1b: Natalia|Miraidon, L50|100/100|[from] U-turn\n|-fieldstart|move: Electric Terrain|[from] ability: Hadron Engine|[of] p1b: Natalia\n|-enditem|p1a: Josy|Electric Seed\n|-boost|p1a: Josy|def|1|[from] item: Electric Seed\n|move|p2a: Zamazenta|Body Press|p1b: Natalia\n|-damage|p1b: Natalia|36/100\n|\n|-weather|RainDance|[upkeep]\n|upkeep\n|turn|2\n|\n|t:|1768008662\n|switch|p2b: Raging Bolt|Raging Bolt, L50|100/100\n|-enditem|p2b: Raging Bolt|Booster Energy\n|-activate|p2b: Raging Bolt|ability: Protosynthesis|[fromitem]\n|-start|p2b: Raging Bolt|protosynthesisspa\n|move|p2a: Zamazenta|Protect|p2a: Zamazenta\n|-singleturn|p2a: Zamazenta|Protect\n|move|p1b: Natalia|Volt Switch|p2a: Zamazenta\n|-activate|p2a: Zamazenta|move: Protect\n|move|p1a: Josy|Foul Play|p2b: Raging Bolt\n|-damage|p2b: Raging Bolt|89/100\n|\n|-weather|RainDance|[upkeep]\n|upkeep\n|turn|3\n|inactive|Cello L. has 30 seconds left.\n|\n|t:|1768008697\n|switch|p2a: Rillaboom|Rillaboom, L50, M|46/100\n|-fieldstart|move: Grassy Terrain|[from] ability: Grassy Surge|[of] p2a: Rillaboom\n|move|p1a: Josy|Helping Hand|p1b: Natalia\n|-singleturn|p1b: Natalia|Helping Hand|[of] p1a: Josy\n|move|p1b: Natalia|Volt Switch|p2a: Rillaboom\n|-resisted|p2a: Rillaboom\n|-damage|p2a: Rillaboom|19/100\n|\n|t:|1768008705\n|switch|p1b: Dhruva|Kyogre, L50|100/100|[from] Volt Switch\n|move|p2b: Raging Bolt|Dragon Pulse|p1b: Dhruva\n|-damage|p1b: Dhruva|54/100\n|\n|-weather|RainDance|[upkeep]\n|-heal|p1b: Dhruva|60/100|[from] Grassy Terrain\n|-heal|p2a: Rillaboom|25/100|[from] Grassy Terrain\n|-heal|p2b: Raging Bolt|95/100|[from] Grassy Terrain\n|upkeep\n|turn|4\n|\n|t:|1768008722\n|switch|p2a: Zamazenta|Zamazenta-Crowned, L50, tera:Water|100/100\n|move|p1a: Josy|Helping Hand|p1b: Dhruva\n|-singleturn|p1b: Dhruva|Helping Hand|[of] p1a: Josy\n|move|p1b: Dhruva|Water Spout|p2b: Raging Bolt|[spread] p2a,p2b\n|-resisted|p2a: Zamazenta\n|-resisted|p2b: Raging Bolt\n|-damage|p2a: Zamazenta|59/100\n|-damage|p2b: Raging Bolt|54/100\n|move|p2b: Raging Bolt|Thunderbolt|p1b: Dhruva\n|-supereffective|p1b: Dhruva\n|-damage|p1b: Dhruva|0 fnt\n|faint|p1b: Dhruva\n|\n|-weather|RainDance|[upkeep]\n|-heal|p2a: Zamazenta|65/100|[from] Grassy Terrain\n|-heal|p2b: Raging Bolt|60/100|[from] Grassy Terrain\n|upkeep\n|\n|t:|1768008741\n|switch|p1b: Natalia|Miraidon, L50|36/100\n|-fieldstart|move: Electric Terrain|[from] ability: Hadron Engine|[of] p1b: Natalia\n|turn|5\n|\n|t:|1768008755\n|-terastallize|p1b: Natalia|Fairy\n|move|p1a: Josy|Helping Hand|p1b: Natalia\n|-singleturn|p1b: Natalia|Helping Hand|[of] p1a: Josy\n|move|p2a: Zamazenta|Protect|p2a: Zamazenta\n|-singleturn|p2a: Zamazenta|Protect\n|move|p2b: Raging Bolt|Protect|p2b: Raging Bolt\n|-singleturn|p2b: Raging Bolt|Protect\n|move|p1b: Natalia|Dazzling Gleam|p2a: Zamazenta|[spread] \n|-activate|p2a: Zamazenta|move: Protect\n|-activate|p2b: Raging Bolt|move: Protect\n|\n|-weather|none\n|upkeep\n|turn|6\n|-message|Rypassed You forfeited.\n|\n|win|Cello L.\n|raw|Rypassed You's rating: 1363 &rarr; <strong>1343</strong><br />(-20 for losing)\n|raw|Cello L.'s rating: 1362 &rarr; <strong>1382</strong><br />(+20 for winning)\n|l|\u2606Rypassed You\n|player|p1|\n|l|\u2606Cello L.\n|player|p2|\n","uploadtime":1768009001,"views":13,"formatid":"gen9vgc2026regi","rating":1343,"private":0,"password":null}