{"id":"gen9vgc2026regi-2544183833","format":"[Gen 9] VGC 2026 Reg I","players":["Bef6","501JFW"],"log":"|j|\u2606Bef6\n|j|\u2606501JFW\n|t:|1771673850\n|gametype|doubles\n|player|p1|Bef6|265|1582\n|player|p2|501JFW|1|1457\n|gen|9\n|tier|[Gen 9] VGC 2026 Reg I\n|rated|\n|rule|Species Clause: Limit one of each Pok\u00e9mon\n|rule|Item Clause: Limit 1 of each item\n|clearpoke\n|poke|p1|Ho-Oh, L50|\n|poke|p1|Koraidon, L50|\n|poke|p1|Flutter Mane, L50|\n|poke|p1|Incineroar, L50, M|\n|poke|p1|Raging Bolt, L50|\n|poke|p1|Rhydon, L50, M|\n|poke|p2|Kyogre, L50|\n|poke|p2|Calyrex-Ice, L50|\n|poke|p2|Amoonguss, L50, F|\n|poke|p2|Iron Jugulis, L50|\n|poke|p2|Urshifu-*, L50, F|\n|poke|p2|Indeedee-F, L50, F|\n|teampreview|4\n|inactive|Battle timer is ON: inactive players will automatically lose when time's up. (requested by 501JFW)\n|inactive|Bef6 has 60 seconds left.\n|\n|t:|1771673903\n|teamsize|p1|4\n|teamsize|p2|4\n|start\n|switch|p1a: Ho-Oh|Ho-Oh, L50|100/100\n|switch|p1b: Incineroar|Incineroar, L50, M|100/100\n|switch|p2a: Calyrex|Calyrex-Ice, L50|100/100\n|switch|p2b: Indeedee|Indeedee-F, L50, F, shiny|100/100\n|-ability|p2a: Calyrex|As One\n|-ability|p2a: Calyrex|Unnerve\n|-ability|p1b: Incineroar|Intimidate|boost\n|-unboost|p2a: Calyrex|atk|1\n|-unboost|p2b: Indeedee|atk|1\n|-fieldstart|move: Psychic Terrain|[from] ability: Psychic Surge|[of] p2b: Indeedee\n|-enditem|p2b: Indeedee|Psychic Seed\n|-boost|p2b: Indeedee|spd|1|[from] item: Psychic Seed\n|turn|1\n|\n|t:|1771673920\n|move|p1a: Ho-Oh|Sacred Fire|p2a: Calyrex\n|-supereffective|p2a: Calyrex\n|-damage|p2a: Calyrex|40/100\n|move|p1b: Incineroar|Knock Off|p2a: Calyrex\n|-supereffective|p2a: Calyrex\n|-damage|p2a: Calyrex|0 fnt\n|-enditem|p2a: Calyrex|Icicle Plate|[from] move: Knock Off|[of] p1b: Incineroar\n|faint|p2a: Calyrex\n|move|p2b: Indeedee|Trick Room|p2b: Indeedee\n|-fieldstart|move: Trick Room|[of] p2b: Indeedee\n|\n|upkeep\n|\n|t:|1771673924\n|switch|p2a: Kyogre|Kyogre, L50, shiny|100/100\n|-weather|RainDance|[from] ability: Drizzle|[of] p2a: Kyogre\n|turn|2\n|\n|t:|1771673944\n|switch|p1b: Koraidon|Koraidon, L50|100/100\n|-weather|SunnyDay|[from] ability: Orichalcum Pulse|[of] p1b: Koraidon\n|-activate|p1b: Koraidon|Orichalcum Pulse|[source]\n|switch|p1a: Raging Bolt|Raging Bolt, L50|100/100\n|-activate|p1a: Raging Bolt|ability: Protosynthesis\n|-start|p1a: Raging Bolt|protosynthesisspa\n|-terastallize|p2a: Kyogre|Water\n|move|p2b: Indeedee|Follow Me|p2b: Indeedee\n|-singleturn|p2b: Indeedee|move: Follow Me\n|move|p2a: Kyogre|Water Spout|p1b: Koraidon|[spread] p1a,p1b\n|-resisted|p1a: Raging Bolt\n|-resisted|p1b: Koraidon\n|-damage|p1a: Raging Bolt|82/100\n|-damage|p1b: Koraidon|64/100\n|\n|-weather|SunnyDay|[upkeep]\n|upkeep\n|turn|3\n|\n|t:|1771673955\n|switch|p2a: Amoonguss|Amoonguss, L50, F, shiny|100/100\n|move|p1b: Koraidon|Protect|p1b: Koraidon\n|-singleturn|p1b: Koraidon|Protect\n|move|p2b: Indeedee|Psychic|p1b: Koraidon\n|-activate|p1b: Koraidon|move: Protect\n|move|p1a: Raging Bolt|Snarl|p2b: Indeedee|[spread] p2a,p2b\n|-supereffective|p2b: Indeedee\n|-damage|p2a: Amoonguss|84/100\n|-damage|p2b: Indeedee|77/100\n|-unboost|p2a: Amoonguss|spa|1\n|-unboost|p2b: Indeedee|spa|1\n|\n|-weather|SunnyDay|[upkeep]\n|upkeep\n|turn|4\n|\n|t:|1771673975\n|switch|p2b: Kyogre|Kyogre, L50, shiny, tera:Water|100/100\n|-weather|RainDance|[from] ability: Drizzle|[of] p2b: Kyogre\n|-end|p1a: Raging Bolt|Protosynthesis\n|move|p2a: Amoonguss|Spore|p1a: Raging Bolt\n|-status|p1a: Raging Bolt|slp|[from] move: Spore\n|cant|p1a: Raging Bolt|slp\n|move|p1b: Koraidon|Close Combat|p2b: Kyogre\n|-damage|p2b: Kyogre|19/100\n|-unboost|p1b: Koraidon|def|1\n|-unboost|p1b: Koraidon|spd|1\n|-damage|p1b: Koraidon|54/100|[from] item: Life Orb\n|\n|-weather|RainDance|[upkeep]\n|upkeep\n|turn|5\n|\n|t:|1771673989\n|move|p1b: Koraidon|Protect|p1b: Koraidon\n|-singleturn|p1b: Koraidon|Protect\n|move|p2a: Amoonguss|Pollen Puff|p2b: Kyogre\n|-heal|p2b: Kyogre|69/100\n|cant|p1a: Raging Bolt|slp\n|move|p2b: Kyogre|Water Spout|p1a: Raging Bolt|[spread] p1a\n|-activate|p1b: Koraidon|move: Protect\n|-resisted|p1a: Raging Bolt\n|-damage|p1a: Raging Bolt|45/100 slp\n|\n|-weather|RainDance|[upkeep]\n|-fieldend|move: Trick Room\n|-fieldend|move: Psychic Terrain\n|upkeep\n|turn|6\n|\n|t:|1771674010\n|switch|p1b: Ho-Oh|Ho-Oh, L50|100/100\n|move|p2a: Amoonguss|Rage Powder|p2a: Amoonguss\n|-singleturn|p2a: Amoonguss|move: Rage Powder\n|move|p2b: Kyogre|Water Spout|p1a: Raging Bolt|[spread] p1a,p1b\n|-resisted|p1a: Raging Bolt\n|-supereffective|p1b: Ho-Oh\n|-damage|p1a: Raging Bolt|11/100 slp\n|-damage|p1b: Ho-Oh|0 fnt\n|faint|p1b: Ho-Oh\n|cant|p1a: Raging Bolt|slp\n|\n|-weather|RainDance|[upkeep]\n|upkeep\n|\n|t:|1771674018\n|switch|p1b: Koraidon|Koraidon, L50|54/100\n|-weather|SunnyDay|[from] ability: Orichalcum Pulse|[of] p1b: Koraidon\n|-activate|p1a: Raging Bolt|ability: Protosynthesis\n|-start|p1a: Raging Bolt|protosynthesisspa\n|-activate|p1b: Koraidon|Orichalcum Pulse|[source]\n|turn|7\n|\n|t:|1771674046\n|switch|p2b: Indeedee|Indeedee-F, L50, F, shiny|77/100\n|-fieldstart|move: Psychic Terrain|[from] ability: Psychic Surge|[of] p2b: Indeedee\n|move|p1b: Koraidon|Flare Blitz|p2a: Amoonguss\n|-supereffective|p2a: Amoonguss\n|-damage|p2a: Amoonguss|0 fnt\n|-damage|p1b: Koraidon|37/100|[from] item: Rocky Helmet|[of] p2a: Amoonguss\n|faint|p2a: Amoonguss\n|-damage|p1b: Koraidon|3/100|[from] Recoil\n|-damage|p1b: Koraidon|0 fnt|[from] item: Life Orb\n|faint|p1b: Koraidon\n|-curestatus|p1a: Raging Bolt|slp|[msg]\n|move|p1a: Raging Bolt|Thunderbolt|p2b: Indeedee\n|-damage|p2b: Indeedee|19/100\n|-status|p2b: Indeedee|par\n|\n|-weather|SunnyDay|[upkeep]\n|upkeep\n|\n|t:|1771674055\n|switch|p1b: Incineroar|Incineroar, L50, M|100/100\n|switch|p2a: Kyogre|Kyogre, L50, shiny, tera:Water|69/100\n|-weather|RainDance|[from] ability: Drizzle|[of] p2a: Kyogre\n|-end|p1a: Raging Bolt|Protosynthesis\n|-ability|p1b: Incineroar|Intimidate|boost\n|-unboost|p2a: Kyogre|atk|1\n|-unboost|p2b: Indeedee|atk|1\n|turn|8\n|inactive|501JFW has 30 seconds left.\n|inactive|501JFW has 20 seconds left.\n|inactive|501JFW has 15 seconds left.\n|inactive|501JFW has 10 seconds left.\n|inactive|501JFW has 5 seconds left.\n|\n|t:|1771674107\n|-terastallize|p1b: Incineroar|Water\n|move|p2b: Indeedee|Helping Hand|p2a: Kyogre\n|-singleturn|p2a: Kyogre|Helping Hand|[of] p2b: Indeedee\n|move|p2a: Kyogre|Origin Pulse|p1b: Incineroar|[spread] p1a,p1b\n|-resisted|p1a: Raging Bolt\n|-resisted|p1b: Incineroar\n|-damage|p1a: Raging Bolt|0 fnt\n|-damage|p1b: Incineroar|0 fnt\n|faint|p1a: Raging Bolt\n|-end|p1a: Raging Bolt|Protosynthesis|[silent]\n|faint|p1b: Incineroar\n|\n|win|501JFW\n|raw|Bef6's rating: 1582 &rarr; <strong>1555</strong><br />(-27 for losing)\n|raw|501JFW's rating: 1457 &rarr; <strong>1484</strong><br />(+27 for winning)\n|l|\u2606Bef6\n|player|p1|\n|l|\u2606501JFW\n|player|p2|\n","uploadtime":1771674301,"views":24,"formatid":"gen9vgc2026regi","rating":1484,"private":0,"password":null}