{"id":"gen9vgc2026regi-2582355438","format":"[Gen 9] VGC 2026 Reg I","players":["marcxhenry","joymaxxing"],"log":"|j|\u2606marcxhenry\n|j|\u2606joymaxxing\n|t:|1776085952\n|gametype|doubles\n|player|p1|marcxhenry|hilbert-wonderlauncher|1397\n|player|p2|joymaxxing|elesa|1461\n|gen|9\n|tier|[Gen 9] VGC 2026 Reg I\n|rated|\n|rule|Species Clause: Limit one of each Pok\u00e9mon\n|rule|Item Clause: Limit 1 of each item\n|clearpoke\n|poke|p1|Calyrex-Shadow, L50|\n|poke|p1|Urshifu-*, L50, M|\n|poke|p1|Roaring Moon, L50|\n|poke|p1|Kyogre, L50|\n|poke|p1|Tsareena, L50, F|\n|poke|p1|Kingambit, L50, M|\n|poke|p2|Incineroar, L50, M|\n|poke|p2|Amoonguss, L50, F|\n|poke|p2|Farigiraf, L50, F|\n|poke|p2|Ursaluna, L50, F|\n|poke|p2|Koraidon, L50|\n|poke|p2|Lunala, L50|\n|teampreview|4\n|\n|t:|1776085985\n|teamsize|p1|4\n|teamsize|p2|4\n|start\n|switch|p1a: Ludwig|Calyrex-Shadow, L50|100/100\n|switch|p1b: Tripitz|Kyogre, L50, shiny|100/100\n|switch|p2a: Amoonguss|Amoonguss, L50, F, shiny|100/100\n|switch|p2b: Going Merry|Lunala, L50|100/100\n|-ability|p1a: Ludwig|As One\n|-ability|p1a: Ludwig|Unnerve\n|-weather|RainDance|[from] ability: Drizzle|[of] p1b: Tripitz\n|turn|1\n|\n|t:|1776086009\n|switch|p1b: Hermann|Kingambit, L50, M, shiny|100/100\n|-terastallize|p2a: Amoonguss|Fire\n|move|p2b: Going Merry|Wide Guard|p2b: Going Merry\n|-singleturn|p2b: Going Merry|Wide Guard\n|move|p1a: Ludwig|Psychic|p2a: Amoonguss\n|-damage|p2a: Amoonguss|47/100\n|move|p2a: Amoonguss|Spore|p1a: Ludwig\n|-status|p1a: Ludwig|slp|[from] move: Spore\n|\n|-weather|RainDance|[upkeep]\n|upkeep\n|turn|2\n|\n|t:|1776086030\n|switch|p1b: Hitmonshe|Tsareena, L50, F, shiny|100/100\n|cant|p1a: Ludwig|slp\n|move|p2b: Going Merry|Moongeist Beam|p1a: Ludwig\n|-supereffective|p1a: Ludwig\n|-enditem|p1a: Ludwig|Focus Sash\n|-damage|p1a: Ludwig|1/100 slp\n|move|p2a: Amoonguss|Spore|p1b: Hitmonshe\n|-immune|p1b: Hitmonshe\n|\n|-weather|RainDance|[upkeep]\n|upkeep\n|turn|3\n|\n|t:|1776086050\n|switch|p2b: Jewelry Margherita|Incineroar, L50, M, shiny|100/100\n|-ability|p2b: Jewelry Margherita|Intimidate|boost\n|-unboost|p1a: Ludwig|atk|1\n|-unboost|p1b: Hitmonshe|atk|1\n|-terastallize|p1a: Ludwig|Normal\n|cant|p1a: Ludwig|slp\n|move|p1b: Hitmonshe|Triple Axel|p2b: Jewelry Margherita\n|-resisted|p2b: Jewelry Margherita\n|-damage|p2b: Jewelry Margherita|99/100\n|-resisted|p2b: Jewelry Margherita\n|-damage|p2b: Jewelry Margherita|95/100\n|-resisted|p2b: Jewelry Margherita\n|-damage|p2b: Jewelry Margherita|88/100\n|-hitcount|p2b: Jewelry Margherita|3\n|move|p2a: Amoonguss|Pollen Puff|p1a: Ludwig\n|-damage|p1a: Ludwig|0 fnt\n|faint|p1a: Ludwig\n|\n|-weather|RainDance|[upkeep]\n|upkeep\n|\n|t:|1776086069\n|switch|p1a: Tripitz|Kyogre, L50, shiny|100/100\n|turn|4\n|\n|t:|1776086081\n|switch|p2a: Thousand Sunny|Koraidon, L50|100/100\n|-weather|SunnyDay|[from] ability: Orichalcum Pulse|[of] p2a: Thousand Sunny\n|-activate|p2a: Thousand Sunny|Orichalcum Pulse|[source]\n|move|p1a: Tripitz|Water Spout|p2b: Jewelry Margherita|[spread] p2a,p2b\n|-resisted|p2a: Thousand Sunny\n|-supereffective|p2b: Jewelry Margherita\n|-damage|p2a: Thousand Sunny|79/100\n|-damage|p2b: Jewelry Margherita|37/100\n|move|p1b: Hitmonshe|Triple Axel|p2b: Jewelry Margherita\n|-resisted|p2b: Jewelry Margherita\n|-damage|p2b: Jewelry Margherita|35/100\n|-resisted|p2b: Jewelry Margherita\n|-damage|p2b: Jewelry Margherita|31/100\n|-resisted|p2b: Jewelry Margherita\n|-damage|p2b: Jewelry Margherita|24/100\n|-hitcount|p2b: Jewelry Margherita|3\n|move|p2b: Jewelry Margherita|U-turn|p1b: Hitmonshe\n|-supereffective|p1b: Hitmonshe\n|-damage|p1b: Hitmonshe|50/100\n|\n|t:|1776086095\n|switch|p2b: Going Merry|Lunala, L50|100/100|[from] U-turn\n|\n|-weather|SunnyDay|[upkeep]\n|upkeep\n|turn|5\n|\n|t:|1776086109\n|move|p2a: Thousand Sunny|Close Combat|p1a: Tripitz\n|-damage|p1a: Tripitz|0 fnt\n|-unboost|p2a: Thousand Sunny|def|1\n|-unboost|p2a: Thousand Sunny|spd|1\n|faint|p1a: Tripitz\n|-damage|p2a: Thousand Sunny|70/100|[from] item: Life Orb\n|move|p2b: Going Merry|Moongeist Beam|p1b: Hitmonshe\n|-damage|p1b: Hitmonshe|0 fnt\n|faint|p1b: Hitmonshe\n|\n|-weather|SunnyDay|[upkeep]\n|upkeep\n|-message|marcxhenry forfeited.\n|\n|win|joymaxxing\n|raw|marcxhenry's rating: 1397 &rarr; <strong>1381</strong><br />(-16 for losing)\n|raw|joymaxxing's rating: 1461 &rarr; <strong>1477</strong><br />(+16 for winning)\n|l|\u2606marcxhenry\n|player|p1|\n","uploadtime":1776086280,"views":11,"formatid":"gen9vgc2026regi","rating":1381,"private":0,"password":null}