{"id":"gen9vgc2026regi-2561500609","format":"[Gen 9] VGC 2026 Reg I","players":["greenlightdmp","It'sJustKen VGC"],"log":"|j|\u2606greenlightdmp\n|j|\u2606It'sJustKen VGC\n|t:|1773803560\n|gametype|doubles\n|player|p1|greenlightdmp|170|1491\n|player|p2|It'sJustKen VGC|1|1459\n|gen|9\n|tier|[Gen 9] VGC 2026 Reg I\n|rated|\n|rule|Species Clause: Limit one of each Pok\u00e9mon\n|rule|Item Clause: Limit 1 of each item\n|clearpoke\n|poke|p1|Calyrex-Ice, L50|\n|poke|p1|Koraidon, L50|\n|poke|p1|Rillaboom, L50, M|\n|poke|p1|Incineroar, L50, F|\n|poke|p1|Landorus, L50, M|\n|poke|p1|Flutter Mane, L50|\n|poke|p2|Iron Hands, L50|\n|poke|p2|Incineroar, L50, F|\n|poke|p2|Calyrex-Shadow, L50|\n|poke|p2|Whimsicott, L50, F|\n|poke|p2|Farigiraf, L50, F|\n|poke|p2|Miraidon, L50|\n|teampreview|4\n|inactive|Battle timer is ON: inactive players will automatically lose when time's up. (requested by It'sJustKen VGC)\n|inactive|It'sJustKen VGC has 60 seconds left.\n|l|\u2606greenlightdmp\n|inactive|greenlightdmp disconnected and has a minute to reconnect!\n|player|p1|\n|\n|t:|1773803599\n|teamsize|p1|4\n|teamsize|p2|4\n|start\n|switch|p1a: Calyrex|Calyrex-Ice, L50|100/100\n|switch|p1b: Incineroar|Incineroar, L50, F|100/100\n|switch|p2a: Farigiraf|Farigiraf, L50, F|100/100\n|switch|p2b: Miraidon|Miraidon, L50, shiny|100/100\n|-ability|p1a: Calyrex|As One\n|-ability|p1a: Calyrex|Unnerve\n|-fieldstart|move: Electric Terrain|[from] ability: Hadron Engine|[of] p2b: Miraidon\n|-enditem|p2a: Farigiraf|Electric Seed\n|-boost|p2a: Farigiraf|def|1|[from] item: Electric Seed\n|-ability|p1b: Incineroar|Intimidate|boost\n|-unboost|p2a: Farigiraf|atk|1\n|-unboost|p2b: Miraidon|atk|1\n|turn|1\n|j|\u2606greenlightdmp\n|inactive|greenlightdmp reconnected and has 45 seconds left.\n|player|p1|greenlightdmp|170|\n|inactive|greenlightdmp has 30 seconds left.\n|inactive|It'sJustKen VGC has 30 seconds left.\n|\n|t:|1773803631\n|switch|p1b: Rillaboom|Rillaboom, L50, M|100/100\n|-fieldstart|move: Grassy Terrain|[from] ability: Grassy Surge|[of] p1b: Rillaboom\n|-terastallize|p1a: Calyrex|Fairy\n|move|p2a: Farigiraf|Helping Hand|p2b: Miraidon\n|-singleturn|p2b: Miraidon|Helping Hand|[of] p2a: Farigiraf\n|move|p2b: Miraidon|Volt Switch|p1b: Rillaboom\n|-resisted|p1b: Rillaboom\n|-damage|p1b: Rillaboom|66/100\n|\n|t:|1773803634\n|switch|p2b: Incineroar|Incineroar, L50, F|100/100|[from] Volt Switch\n|-ability|p2b: Incineroar|Intimidate|boost\n|-unboost|p1a: Calyrex|atk|1\n|-unboost|p1b: Rillaboom|atk|1\n|move|p1a: Calyrex|Leech Seed|p2a: Farigiraf\n|-start|p2a: Farigiraf|move: Leech Seed\n|\n|-heal|p1b: Rillaboom|73/100|[from] Grassy Terrain\n|-damage|p2a: Farigiraf|88/100|[from] Leech Seed|[of] p1a: Calyrex\n|upkeep\n|turn|2\n|\n|t:|1773803659\n|move|p2b: Incineroar|Fake Out|p1b: Rillaboom\n|-damage|p1b: Rillaboom|63/100\n|cant|p1b: Rillaboom|flinch\n|move|p1a: Calyrex|Leech Seed|p2b: Incineroar\n|-start|p2b: Incineroar|move: Leech Seed\n|move|p2a: Farigiraf|Trick Room|p2a: Farigiraf\n|-fieldstart|move: Trick Room|[of] p2a: Farigiraf\n|\n|-heal|p2a: Farigiraf|94/100|[from] Grassy Terrain\n|-heal|p1b: Rillaboom|69/100|[from] Grassy Terrain\n|-damage|p2b: Incineroar|88/100|[from] Leech Seed|[of] p1a: Calyrex\n|-damage|p2a: Farigiraf|82/100|[from] Leech Seed|[of] p1a: Calyrex\n|upkeep\n|turn|3\n|inactive|greenlightdmp has 30 seconds left.\n|\n|t:|1773803684\n|switch|p2a: Iron Hands|Iron Hands, L50|100/100\n|switch|p1b: Incineroar|Incineroar, L50, F|100/100\n|-ability|p1b: Incineroar|Intimidate|boost\n|-unboost|p2a: Iron Hands|atk|1\n|-unboost|p2b: Incineroar|atk|1\n|move|p1a: Calyrex|Protect|p1a: Calyrex\n|-singleturn|p1a: Calyrex|Protect\n|move|p2b: Incineroar|U-turn|p1b: Incineroar\n|-damage|p1b: Incineroar|91/100\n|\n|t:|1773803687\n|switch|p2b: Miraidon|Miraidon, L50, shiny|100/100|[from] U-turn\n|-fieldstart|move: Electric Terrain|[from] ability: Hadron Engine|[of] p2b: Miraidon\n|-activate|p2a: Iron Hands|ability: Quark Drive\n|-start|p2a: Iron Hands|quarkdriveatk\n|\n|upkeep\n|turn|4\n|inactive|greenlightdmp has 30 seconds left.\n|inactive|greenlightdmp has 20 seconds left.\n|inactive|greenlightdmp has 15 seconds left.\n|inactive|greenlightdmp has 10 seconds left.\n|\n|t:|1773803735\n|switch|p1a: Rillaboom|Rillaboom, L50, M|69/100\n|-fieldstart|move: Grassy Terrain|[from] ability: Grassy Surge|[of] p1a: Rillaboom\n|-end|p2a: Iron Hands|Quark Drive\n|move|p2a: Iron Hands|Fake Out|p1a: Rillaboom\n|-damage|p1a: Rillaboom|57/100\n|move|p1b: Incineroar|Parting Shot|p2a: Iron Hands\n|-unboost|p2a: Iron Hands|atk|1\n|-unboost|p2a: Iron Hands|spa|1\n|\n|t:|1773803745\n|switch|p1b: Calyrex|Calyrex-Ice, L50, tera:Fairy|100/100|[from] Parting Shot\n|-ability|p1b: Calyrex|As One\n|-ability|p1b: Calyrex|Unnerve\n|move|p2b: Miraidon|Volt Switch|p1a: Rillaboom\n|-resisted|p1a: Rillaboom\n|-damage|p1a: Rillaboom|31/100\n|\n|t:|1773803757\n|switch|p2b: Incineroar|Incineroar, L50, F|88/100|[from] Volt Switch\n|-ability|p2b: Incineroar|Intimidate|boost\n|-unboost|p1a: Rillaboom|atk|1\n|-unboost|p1b: Calyrex|atk|1\n|\n|-heal|p2b: Incineroar|94/100|[from] Grassy Terrain\n|-heal|p1a: Rillaboom|37/100|[from] Grassy Terrain\n|upkeep\n|turn|5\n|\n|t:|1773803769\n|-end|p2a: Iron Hands|Quark Drive|[silent]\n|switch|p2a: Farigiraf|Farigiraf, L50, F|82/100\n|switch|p1a: Incineroar|Incineroar, L50, F|91/100\n|-ability|p1a: Incineroar|Intimidate|boost\n|-unboost|p2a: Farigiraf|atk|1\n|-unboost|p2b: Incineroar|atk|1\n|move|p2b: Incineroar|U-turn|p1a: Incineroar\n|-damage|p1a: Incineroar|81/100\n|\n|t:|1773803777\n|switch|p2b: Iron Hands|Iron Hands, L50|100/100|[from] U-turn\n|move|p1b: Calyrex|Leech Seed|p2a: Farigiraf\n|-start|p2a: Farigiraf|move: Leech Seed\n|\n|-heal|p1a: Incineroar|87/100|[from] Grassy Terrain\n|-heal|p2a: Farigiraf|88/100|[from] Grassy Terrain\n|-damage|p2a: Farigiraf|75/100|[from] Leech Seed|[of] p1b: Calyrex\n|upkeep\n|turn|6\n|inactive|greenlightdmp has 30 seconds left.\n|\n|t:|1773803807\n|move|p2a: Farigiraf|Helping Hand|p2b: Iron Hands\n|-singleturn|p2b: Iron Hands|Helping Hand|[of] p2a: Farigiraf\n|move|p2b: Iron Hands|Low Kick|p1a: Incineroar\n|-supereffective|p1a: Incineroar\n|-damage|p1a: Incineroar|0 fnt\n|faint|p1a: Incineroar\n|move|p1b: Calyrex|Leech Seed|p2b: Iron Hands\n|-start|p2b: Iron Hands|move: Leech Seed\n|\n|-heal|p2a: Farigiraf|82/100|[from] Grassy Terrain\n|-damage|p2b: Iron Hands|88/100|[from] Leech Seed|[of] p1b: Calyrex\n|-damage|p2a: Farigiraf|69/100|[from] Leech Seed|[of] p1b: Calyrex\n|-fieldend|move: Trick Room\n|upkeep\n|\n|t:|1773803820\n|switch|p1a: Koraidon|Koraidon, L50|100/100\n|-weather|SunnyDay|[from] ability: Orichalcum Pulse|[of] p1a: Koraidon\n|-activate|p1a: Koraidon|Orichalcum Pulse|[source]\n|turn|7\n|\n|t:|1773803834\n|switch|p2a: Incineroar|Incineroar, L50, F|94/100\n|-ability|p2a: Incineroar|Intimidate|boost\n|-fail|p1a: Koraidon|unboost|[from] item: Clear Amulet|[of] p1a: Koraidon\n|-unboost|p1b: Calyrex|atk|1\n|move|p1a: Koraidon|Protect|p1a: Koraidon\n|-singleturn|p1a: Koraidon|Protect\n|move|p1b: Calyrex|Glacial Lance|p2b: Iron Hands|[spread] p2a,p2b\n|-resisted|p2a: Incineroar\n|-damage|p2a: Incineroar|84/100\n|-damage|p2b: Iron Hands|69/100\n|move|p2b: Iron Hands|Low Kick|p1a: Koraidon\n|-activate|p1a: Koraidon|move: Protect\n|\n|-weather|SunnyDay|[upkeep]\n|-heal|p2a: Incineroar|90/100|[from] Grassy Terrain\n|-heal|p2b: Iron Hands|75/100|[from] Grassy Terrain\n|-damage|p2b: Iron Hands|63/100|[from] Leech Seed|[of] p1b: Calyrex\n|upkeep\n|turn|8\n|j| 7x18a\n|\n|t:|1773803854\n|switch|p1a: Rillaboom|Rillaboom, L50, M|37/100\n|-end|p2b: Iron Hands|Quark Drive|[silent]\n|switch|p2b: Miraidon|Miraidon, L50, shiny|100/100\n|-fieldstart|move: Electric Terrain|[from] ability: Hadron Engine|[of] p2b: Miraidon\n|move|p2a: Incineroar|Fake Out|p1b: Calyrex\n|-damage|p1b: Calyrex|95/100\n|cant|p1b: Calyrex|flinch\n|\n|-weather|SunnyDay|[upkeep]\n|-heal|p1b: Calyrex|100/100|[from] item: Leftovers\n|upkeep\n|turn|9\n|j| Ceadros\n|\n|t:|1773803872\n|-terastallize|p2b: Miraidon|Fairy\n|move|p2b: Miraidon|Electro Drift|p1a: Rillaboom\n|-resisted|p1a: Rillaboom\n|-damage|p1a: Rillaboom|0 fnt\n|faint|p1a: Rillaboom\n|move|p1b: Calyrex|Leech Seed|p2a: Incineroar|[miss]\n|-miss|p1b: Calyrex|p2a: Incineroar\n|move|p2a: Incineroar|U-turn|p1b: Calyrex\n|-resisted|p1b: Calyrex\n|-damage|p1b: Calyrex|95/100\n|\n|t:|1773803877\n|switch|p2a: Iron Hands|Iron Hands, L50|63/100|[from] U-turn\n|-activate|p2a: Iron Hands|ability: Quark Drive\n|-start|p2a: Iron Hands|quarkdriveatk\n|\n|-weather|SunnyDay|[upkeep]\n|-heal|p1b: Calyrex|100/100|[from] item: Leftovers\n|upkeep\n|-message|greenlightdmp forfeited.\n|\n|win|It'sJustKen VGC\n|raw|greenlightdmp's rating: 1491 &rarr; <strong>1469</strong><br />(-22 for losing)\n|raw|It&apos;sJustKen VGC's rating: 1459 &rarr; <strong>1481</strong><br />(+22 for winning)\n|l|\u2606greenlightdmp\n|player|p1|\n|l| 7x18a\n|l| Ceadros\n","uploadtime":1773803884,"views":17,"formatid":"gen9vgc2026regi","rating":1469,"private":0,"password":null}