{"id":"gen9vgc2026regi-2559404249","format":"[Gen 9] VGC 2026 Reg I","players":["terafireflareblitz","itszachstone"],"log":"|j|\u2606terafireflareblitz\n|j|\u2606itszachstone\n|t:|1773560085\n|gametype|doubles\n|player|p1|terafireflareblitz|sycamore|1241\n|player|p2|itszachstone|flannery|1436\n|gen|9\n|tier|[Gen 9] VGC 2026 Reg I\n|rated|\n|rule|Species Clause: Limit one of each Pok\u00e9mon\n|rule|Item Clause: Limit 1 of each item\n|clearpoke\n|poke|p1|Koraidon, L50|\n|poke|p1|Lunala, L50|\n|poke|p1|Indeedee-F, L50, F|\n|poke|p1|Flutter Mane, L50|\n|poke|p1|Chi-Yu, L50|\n|poke|p1|Ursaluna, L50, M|\n|poke|p2|Miraidon, L50|\n|poke|p2|Iron Treads, L50|\n|poke|p2|Incineroar, L50, M|\n|poke|p2|Grimmsnarl, L50, M|\n|poke|p2|Lunala, L50|\n|poke|p2|Iron Moth, L50|\n|teampreview|4\n|inactive|Battle timer is ON: inactive players will automatically lose when time's up. (requested by itszachstone)\n|inactive|terafireflareblitz also wants the timer to be on.\n|inactive|itszachstone has 60 seconds left.\n|inactive|itszachstone has 30 seconds left.\n|inactive|itszachstone has 20 seconds left.\n|inactive|itszachstone has 15 seconds left.\n|\n|t:|1773560162\n|teamsize|p1|4\n|teamsize|p2|4\n|start\n|switch|p1a: Koraidon|Koraidon, L50, shiny|100/100\n|switch|p1b: Indeedee|Indeedee-F, L50, F|100/100\n|switch|p2a: Grimmsnarl|Grimmsnarl, L50, M|100/100\n|switch|p2b: Lunala|Lunala, L50|100/100\n|-weather|SunnyDay|[from] ability: Orichalcum Pulse|[of] p1a: Koraidon\n|-activate|p1a: Koraidon|Orichalcum Pulse|[source]\n|-fieldstart|move: Psychic Terrain|[from] ability: Psychic Surge|[of] p1b: Indeedee\n|turn|1\n|\n|t:|1773560176\n|switch|p1b: Lunala|Lunala, L50, shiny|100/100\n|-terastallize|p1a: Koraidon|Fire\n|move|p2a: Grimmsnarl|Reflect|p2a: Grimmsnarl\n|-sidestart|p2: itszachstone|Reflect\n|move|p1a: Koraidon|Flare Blitz|p2a: Grimmsnarl\n|-damage|p2a: Grimmsnarl|0 fnt\n|faint|p2a: Grimmsnarl\n|-damage|p1a: Koraidon|62/100|[from] Recoil\n|-damage|p1a: Koraidon|52/100|[from] item: Life Orb\n|move|p2b: Lunala|Moonblast|p1a: Koraidon\n|-resisted|p1a: Koraidon\n|-damage|p1a: Koraidon|35/100\n|\n|-weather|SunnyDay|[upkeep]\n|upkeep\n|inactive|itszachstone has 30 seconds left.\n|\n|t:|1773560206\n|switch|p2a: Miraidon|Miraidon, L50|100/100\n|-fieldstart|move: Electric Terrain|[from] ability: Hadron Engine|[of] p2a: Miraidon\n|turn|2\n|\n|t:|1773560220\n|-terastallize|p2a: Miraidon|Electric\n|move|p2b: Lunala|Wide Guard|p2b: Lunala\n|-singleturn|p2b: Lunala|Wide Guard\n|move|p1a: Koraidon|Breaking Swipe|p2b: Lunala|[spread] \n|-activate|p2a: Miraidon|move: Wide Guard\n|-activate|p2b: Lunala|move: Wide Guard\n|move|p2a: Miraidon|Parabolic Charge|p1a: Koraidon|[spread] p1a,p1b\n|-activate|p2b: Lunala|move: Wide Guard\n|-damage|p1a: Koraidon|0 fnt\n|-damage|p1b: Lunala|79/100\n|faint|p1a: Koraidon\n|move|p1b: Lunala|Meteor Beam||[still]\n|-prepare|p1b: Lunala|Meteor Beam\n|-boost|p1b: Lunala|spa|1\n|-enditem|p1b: Lunala|Power Herb\n|-anim|p1b: Lunala|Meteor Beam|p2a: Miraidon|[miss]\n|-miss|p1b: Lunala|p2a: Miraidon\n|\n|-weather|SunnyDay|[upkeep]\n|upkeep\n|\n|t:|1773560228\n|switch|p1a: Chi-Yu|Chi-Yu, L50, shiny|100/100\n|-ability|p1a: Chi-Yu|Beads of Ruin\n|turn|3\n|inactive|itszachstone has 30 seconds left.\n|\n|t:|1773560258\n|switch|p2b: Incineroar|Incineroar, L50, M|100/100\n|-ability|p2b: Incineroar|Intimidate|boost\n|-unboost|p1a: Chi-Yu|atk|1\n|-unboost|p1b: Lunala|atk|1\n|move|p1a: Chi-Yu|Overheat|p2a: Miraidon\n|-damage|p2a: Miraidon|0 fnt\n|-unboost|p1a: Chi-Yu|spa|2\n|faint|p2a: Miraidon\n|move|p1b: Lunala|Moongeist Beam|p2b: Incineroar\n|-resisted|p2b: Incineroar\n|-damage|p2b: Incineroar|70/100\n|\n|-weather|SunnyDay|[upkeep]\n|upkeep\n|\n|t:|1773560269\n|switch|p2a: Lunala|Lunala, L50|100/100\n|turn|4\n|\n|t:|1773560281\n|switch|p1a: Indeedee|Indeedee-F, L50, F|100/100\n|-fieldstart|move: Psychic Terrain|[from] ability: Psychic Surge|[of] p1a: Indeedee\n|move|p2b: Incineroar|Fake Out|p1a: Indeedee\n|-activate|p1a: Indeedee|move: Psychic Terrain\n|move|p1b: Lunala|Moongeist Beam|p2a: Lunala\n|-supereffective|p2a: Lunala\n|-damage|p2a: Lunala|0 fnt\n|faint|p2a: Lunala\n|\n|-weather|SunnyDay|[upkeep]\n|upkeep\n|turn|5\n|-message|itszachstone forfeited.\n|\n|win|terafireflareblitz\n|raw|terafireflareblitz's rating: 1241 &rarr; <strong>1279</strong><br />(+38 for winning)\n|raw|itszachstone's rating: 1436 &rarr; <strong>1406</strong><br />(-30 for losing)\n","uploadtime":1773560284,"views":12,"formatid":"gen9vgc2026regi","rating":1279,"private":0,"password":null}