{"id":"gen9vgc2026regi-2525604170","format":"[Gen 9] VGC 2026 Reg I","players":["ky123456","Nand0_420"],"log":"|j|\u2606ky123456\n|j|\u2606Nand0_420\n|t:|1769300448\n|gametype|doubles\n|player|p1|ky123456|cynthia-gen4|1430\n|player|p2|Nand0_420|170|1341\n|gen|9\n|tier|[Gen 9] VGC 2026 Reg I\n|rated|\n|rule|Species Clause: Limit one of each Pok\u00e9mon\n|rule|Item Clause: Limit 1 of each item\n|clearpoke\n|poke|p1|Kyogre, L50|\n|poke|p1|Calyrex-Ice, L50|\n|poke|p1|Grimmsnarl, L50, M|\n|poke|p1|Rillaboom, L50, M|\n|poke|p1|Landorus, L50, M|\n|poke|p1|Urshifu-*, L50, M|\n|poke|p2|Miraidon, L50|\n|poke|p2|Groudon, L50|\n|poke|p2|Whimsicott, L50, M|\n|poke|p2|Volcarona, L50, F|\n|poke|p2|Bastiodon, L50, F|\n|poke|p2|Chien-Pao, L50|\n|teampreview|4\n|\n|t:|1769300484\n|teamsize|p1|4\n|teamsize|p2|4\n|start\n|switch|p1a: Calyrex|Calyrex-Ice, L50|100/100\n|switch|p1b: Rillaboom|Rillaboom, L50, M|100/100\n|switch|p2a: Miraidon|Miraidon, L50|100/100\n|switch|p2b: Bastiodon|Bastiodon, L50, F|100/100\n|-ability|p1a: Calyrex|As One\n|-ability|p1a: Calyrex|Unnerve\n|-fieldstart|move: Electric Terrain|[from] ability: Hadron Engine|[of] p2a: Miraidon\n|-enditem|p2b: Bastiodon|Electric Seed\n|-boost|p2b: Bastiodon|def|1|[from] item: Electric Seed\n|-fieldstart|move: Grassy Terrain|[from] ability: Grassy Surge|[of] p1b: Rillaboom\n|turn|1\n|\n|t:|1769300518\n|move|p1b: Rillaboom|Fake Out|p2a: Miraidon\n|-damage|p2a: Miraidon|88/100\n|move|p2b: Bastiodon|Wide Guard|p2b: Bastiodon\n|-singleturn|p2b: Bastiodon|Wide Guard\n|cant|p2a: Miraidon|flinch\n|move|p1a: Calyrex|Leech Seed|p2b: Bastiodon\n|-start|p2b: Bastiodon|move: Leech Seed\n|\n|-heal|p2a: Miraidon|94/100|[from] Grassy Terrain\n|-damage|p2b: Bastiodon|89/100|[from] Leech Seed|[of] p1a: Calyrex\n|upkeep\n|turn|2\n|\n|t:|1769300556\n|move|p2a: Miraidon|Volt Switch|p1b: Rillaboom\n|-resisted|p1b: Rillaboom\n|-damage|p1b: Rillaboom|80/100\n|\n|t:|1769300561\n|switch|p2a: Groudon|Groudon, L50|100/100|[from] Volt Switch\n|-weather|SunnyDay|[from] ability: Drought|[of] p2a: Groudon\n|move|p1b: Rillaboom|U-turn|p2a: Groudon\n|-damage|p2a: Groudon|86/100\n|\n|t:|1769300571\n|switch|p1b: Kyogre|Kyogre, L50|100/100|[from] U-turn\n|-weather|RainDance|[from] ability: Drizzle|[of] p1b: Kyogre\n|move|p1a: Calyrex|Glacial Lance|p2b: Bastiodon|[spread] p2a,p2b\n|-supereffective|p2a: Groudon\n|-resisted|p2b: Bastiodon\n|-damage|p2a: Groudon|19/100\n|-damage|p2b: Bastiodon|80/100\n|move|p2b: Bastiodon|Body Press|p1a: Calyrex\n|-damage|p1a: Calyrex|65/100\n|\n|-weather|RainDance|[upkeep]\n|-heal|p2a: Groudon|25/100|[from] Grassy Terrain\n|-heal|p1a: Calyrex|71/100|[from] Grassy Terrain\n|-heal|p1a: Calyrex|77/100|[from] item: Leftovers\n|-heal|p2b: Bastiodon|86/100|[from] Grassy Terrain\n|-damage|p2b: Bastiodon|74/100|[from] Leech Seed|[of] p1a: Calyrex\n|-heal|p1a: Calyrex|86/100|[silent]\n|upkeep\n|turn|3\n|\n|t:|1769300606\n|move|p2a: Groudon|Protect|p2a: Groudon\n|-singleturn|p2a: Groudon|Protect\n|move|p1a: Calyrex|Protect|p1a: Calyrex\n|-singleturn|p1a: Calyrex|Protect\n|move|p1b: Kyogre|Ice Beam|p2a: Groudon\n|-activate|p2a: Groudon|move: Protect\n|move|p2b: Bastiodon|Foul Play|p1a: Calyrex\n|-activate|p1a: Calyrex|move: Protect\n|\n|-weather|RainDance|[upkeep]\n|-heal|p2a: Groudon|31/100|[from] Grassy Terrain\n|-heal|p1a: Calyrex|92/100|[from] Grassy Terrain\n|-heal|p1a: Calyrex|98/100|[from] item: Leftovers\n|-heal|p2b: Bastiodon|80/100|[from] Grassy Terrain\n|-damage|p2b: Bastiodon|68/100|[from] Leech Seed|[of] p1a: Calyrex\n|-heal|p1a: Calyrex|100/100|[silent]\n|upkeep\n|turn|4\n|\n|t:|1769300634\n|switch|p2b: Whimsicott|Whimsicott, L50, M|100/100\n|move|p1b: Kyogre|Water Spout|p2a: Groudon|[spread] p2a,p2b\n|-supereffective|p2a: Groudon\n|-resisted|p2b: Whimsicott\n|-damage|p2a: Groudon|0 fnt\n|-damage|p2b: Whimsicott|45/100\n|faint|p2a: Groudon\n|move|p1a: Calyrex|Trick Room|p1a: Calyrex\n|-fieldstart|move: Trick Room|[of] p1a: Calyrex\n|\n|-weather|RainDance|[upkeep]\n|-heal|p2b: Whimsicott|51/100|[from] Grassy Terrain\n|upkeep\n|\n|t:|1769300647\n|switch|p2a: Bastiodon|Bastiodon, L50, F|68/100\n|turn|5\n|\n|t:|1769300660\n|move|p2a: Bastiodon|Wide Guard|p2a: Bastiodon\n|-singleturn|p2a: Bastiodon|Wide Guard\n|move|p2b: Whimsicott|Encore|p1a: Calyrex\n|-start|p1a: Calyrex|Encore\n|move|p1a: Calyrex|Trick Room|p1a: Calyrex\n|-fieldend|move: Trick Room\n|move|p1b: Kyogre|Ice Beam|p2b: Whimsicott\n|-supereffective|p2b: Whimsicott\n|-damage|p2b: Whimsicott|0 fnt\n|faint|p2b: Whimsicott\n|\n|-weather|RainDance|[upkeep]\n|-heal|p2a: Bastiodon|74/100|[from] Grassy Terrain\n|-fieldend|move: Grassy Terrain\n|upkeep\n|\n|t:|1769300675\n|switch|p2b: Miraidon|Miraidon, L50|94/100\n|-fieldstart|move: Electric Terrain|[from] ability: Hadron Engine|[of] p2b: Miraidon\n|turn|6\n|\n|t:|1769300704\n|switch|p1a: Rillaboom|Rillaboom, L50, M|80/100\n|-fieldstart|move: Grassy Terrain|[from] ability: Grassy Surge|[of] p1a: Rillaboom\n|-terastallize|p2b: Miraidon|Electric\n|-terastallize|p1b: Kyogre|Grass\n|move|p2a: Bastiodon|Wide Guard|p2a: Bastiodon\n|-singleturn|p2a: Bastiodon|Wide Guard\n|move|p2b: Miraidon|Discharge|p1b: Kyogre|[spread] p1a,p1b\n|-activate|p2a: Bastiodon|move: Wide Guard\n|-resisted|p1a: Rillaboom\n|-resisted|p1b: Kyogre\n|-damage|p1a: Rillaboom|55/100\n|-damage|p1b: Kyogre|90/100\n|move|p1b: Kyogre|Origin Pulse|p2a: Bastiodon|[spread] \n|-activate|p2a: Bastiodon|move: Wide Guard\n|-activate|p2b: Miraidon|move: Wide Guard\n|\n|-weather|none\n|-heal|p2b: Miraidon|99/100|[from] Grassy Terrain\n|-heal|p1b: Kyogre|96/100|[from] Grassy Terrain\n|-heal|p1a: Rillaboom|61/100|[from] Grassy Terrain\n|-heal|p2a: Bastiodon|80/100|[from] Grassy Terrain\n|upkeep\n|turn|7\n|\n|t:|1769300737\n|move|p2a: Bastiodon|Protect|p2a: Bastiodon\n|-singleturn|p2a: Bastiodon|Protect\n|move|p1a: Rillaboom|Fake Out|p2a: Bastiodon\n|-activate|p2a: Bastiodon|move: Protect\n|move|p2b: Miraidon|Discharge|p1b: Kyogre|[spread] p1a,p1b\n|-activate|p2a: Bastiodon|move: Protect\n|-resisted|p1a: Rillaboom\n|-resisted|p1b: Kyogre\n|-damage|p1a: Rillaboom|37/100\n|-damage|p1b: Kyogre|84/100\n|-status|p1a: Rillaboom|par\n|-status|p1b: Kyogre|par\n|move|p1b: Kyogre|Origin Pulse|p2a: Bastiodon|[spread] p2b\n|-activate|p2a: Bastiodon|move: Protect\n|-damage|p2b: Miraidon|58/100\n|\n|-heal|p2b: Miraidon|64/100|[from] Grassy Terrain\n|-heal|p1b: Kyogre|90/100 par|[from] Grassy Terrain\n|-heal|p1a: Rillaboom|43/100 par|[from] Grassy Terrain\n|-heal|p2a: Bastiodon|86/100|[from] Grassy Terrain\n|upkeep\n|turn|8\n|\n|t:|1769300775\n|move|p2b: Miraidon|Discharge|p1a: Rillaboom|[spread] p2a,p1a,p1b\n|-resisted|p1a: Rillaboom\n|-resisted|p1b: Kyogre\n|-damage|p2a: Bastiodon|47/100\n|-damage|p1a: Rillaboom|19/100 par\n|-damage|p1b: Kyogre|81/100 par\n|cant|p1b: Kyogre|par\n|move|p1a: Rillaboom|Wood Hammer|p2b: Miraidon\n|-damage|p2b: Miraidon|0 fnt\n|faint|p2b: Miraidon\n|-damage|p1a: Rillaboom|0 fnt|[from] Recoil\n|faint|p1a: Rillaboom\n|move|p2a: Bastiodon|Body Press|p1b: Kyogre\n|-damage|p1b: Kyogre|42/100 par\n|\n|-heal|p1b: Kyogre|48/100 par|[from] Grassy Terrain\n|-heal|p2a: Bastiodon|53/100|[from] Grassy Terrain\n|upkeep\n|\n|t:|1769300789\n|switch|p1a: Calyrex|Calyrex-Ice, L50|100/100\n|-ability|p1a: Calyrex|As One\n|-ability|p1a: Calyrex|Unnerve\n|turn|9\n|\n|t:|1769300799\n|move|p2a: Bastiodon|Protect|p2a: Bastiodon\n|-singleturn|p2a: Bastiodon|Protect\n|move|p1a: Calyrex|Leech Seed|p2a: Bastiodon\n|-activate|p2a: Bastiodon|move: Protect\n|move|p1b: Kyogre|Origin Pulse|p2a: Bastiodon\n|-activate|p2a: Bastiodon|move: Protect\n|\n|-heal|p1b: Kyogre|54/100 par|[from] Grassy Terrain\n|-heal|p2a: Bastiodon|59/100|[from] Grassy Terrain\n|upkeep\n|turn|10\n|\n|t:|1769300817\n|move|p1a: Calyrex|Leech Seed|p2a: Bastiodon\n|-start|p2a: Bastiodon|move: Leech Seed\n|cant|p1b: Kyogre|par\n|move|p2a: Bastiodon|Foul Play|p1a: Calyrex\n|-supereffective|p1a: Calyrex\n|-damage|p1a: Calyrex|57/100\n|\n|-heal|p1a: Calyrex|63/100|[from] Grassy Terrain\n|-heal|p1a: Calyrex|69/100|[from] item: Leftovers\n|-heal|p1b: Kyogre|60/100 par|[from] Grassy Terrain\n|-heal|p2a: Bastiodon|65/100|[from] Grassy Terrain\n|-damage|p2a: Bastiodon|53/100|[from] Leech Seed|[of] p1a: Calyrex\n|-heal|p1a: Calyrex|78/100|[silent]\n|-fieldend|move: Grassy Terrain\n|upkeep\n|turn|11\n|\n|t:|1769300830\n|move|p1a: Calyrex|Protect|p1a: Calyrex\n|-singleturn|p1a: Calyrex|Protect\n|cant|p1b: Kyogre|par\n|move|p2a: Bastiodon|Body Press|p1b: Kyogre\n|-damage|p1b: Kyogre|26/100 par\n|\n|-heal|p1a: Calyrex|84/100|[from] item: Leftovers\n|-damage|p2a: Bastiodon|41/100|[from] Leech Seed|[of] p1a: Calyrex\n|-heal|p1a: Calyrex|94/100|[silent]\n|upkeep\n|turn|12\n|\n|t:|1769300845\n|move|p1a: Calyrex|Glacial Lance|p2a: Bastiodon\n|-resisted|p2a: Bastiodon\n|-damage|p2a: Bastiodon|23/100\n|cant|p1b: Kyogre|par\n|move|p2a: Bastiodon|Foul Play|p1a: Calyrex\n|-supereffective|p1a: Calyrex\n|-damage|p1a: Calyrex|49/100\n|\n|-heal|p1a: Calyrex|55/100|[from] item: Leftovers\n|-damage|p2a: Bastiodon|11/100|[from] Leech Seed|[of] p1a: Calyrex\n|-heal|p1a: Calyrex|65/100|[silent]\n|upkeep\n|turn|13\n|\n|t:|1769300859\n|move|p1a: Calyrex|Glacial Lance|p2a: Bastiodon\n|-resisted|p2a: Bastiodon\n|-damage|p2a: Bastiodon|0 fnt\n|faint|p2a: Bastiodon\n|\n|win|ky123456\n|raw|ky123456's rating: 1430 &rarr; <strong>1445</strong><br />(+15 for winning)\n|raw|Nand0_420's rating: 1341 &rarr; <strong>1326</strong><br />(-15 for losing)\n|l|\u2606Nand0_420\n|player|p2|\n|l|\u2606ky123456\n|player|p1|\n","uploadtime":1769301026,"views":23,"formatid":"gen9vgc2026regi","rating":1326,"private":0,"password":null}