{"id":"gen9vgc2026regi-2560941230","format":"[Gen 9] VGC 2026 Reg I","players":["Jonen","rillabob"],"log":"|j|\u2606Jonen\n|j|\u2606rillabob\n|t:|1773750022\n|gametype|doubles\n|player|p1|Jonen|hiker-gen4|1294\n|player|p2|rillabob|101|1341\n|gen|9\n|tier|[Gen 9] VGC 2026 Reg I\n|rated|\n|rule|Species Clause: Limit one of each Pok\u00e9mon\n|rule|Item Clause: Limit 1 of each item\n|clearpoke\n|poke|p1|Groudon, L50|\n|poke|p1|Lunala, L50|\n|poke|p1|Sableye, L50, F|\n|poke|p1|Chi-Yu, L50|\n|poke|p1|Rillaboom, L50, F|\n|poke|p1|Jumpluff, L50, M|\n|poke|p2|Calyrex-Shadow, L50|\n|poke|p2|Zamazenta-*, L50|\n|poke|p2|Ursaluna, L50, M|\n|poke|p2|Indeedee-F, L50, F|\n|poke|p2|Entei, L50|\n|poke|p2|Flutter Mane, L50|\n|teampreview|4\n|inactive|Battle timer is ON: inactive players will automatically lose when time's up. (requested by rillabob)\n|\n|t:|1773750067\n|teamsize|p1|4\n|teamsize|p2|4\n|start\n|switch|p1a: Groudon|Groudon, L50|100/100\n|switch|p1b: Jumpluff|Jumpluff, L50, M|100/100\n|switch|p2a: Flutter Mane|Flutter Mane, L50|100/100\n|switch|p2b: Entei|Entei, L50|100/100\n|-weather|SunnyDay|[from] ability: Drought|[of] p1a: Groudon\n|-activate|p2a: Flutter Mane|ability: Protosynthesis\n|-start|p2a: Flutter Mane|protosynthesisspe\n|turn|1\n|\n|t:|1773750088\n|-terastallize|p1a: Groudon|Fire\n|-terastallize|p2b: Entei|Grass\n|move|p1b: Jumpluff|Tailwind|p1b: Jumpluff\n|-sidestart|p1: Jonen|move: Tailwind\n|move|p2a: Flutter Mane|Icy Wind|p1a: Groudon|[spread] p1a\n|-miss|p2a: Flutter Mane|p1b: Jumpluff\n|-resisted|p1a: Groudon\n|-damage|p1a: Groudon|92/100\n|-unboost|p1a: Groudon|spe|1\n|move|p1a: Groudon|Precipice Blades|p2a: Flutter Mane|[spread] p2a\n|-miss|p1a: Groudon|p2b: Entei\n|-damage|p2a: Flutter Mane|0 fnt\n|faint|p2a: Flutter Mane\n|-end|p2a: Flutter Mane|Protosynthesis|[silent]\n|-damage|p1a: Groudon|82/100|[from] item: Life Orb\n|move|p2b: Entei|Sacred Fire|p1b: Jumpluff\n|-supereffective|p1b: Jumpluff\n|-damage|p1b: Jumpluff|0 fnt\n|faint|p1b: Jumpluff\n|\n|-weather|SunnyDay|[upkeep]\n|upkeep\n|\n|t:|1773750112\n|switch|p2a: Calyrex|Calyrex-Shadow, L50|100/100\n|switch|p1b: Chi-Yu|Chi-Yu, L50|100/100\n|-ability|p2a: Calyrex|As One\n|-ability|p2a: Calyrex|Unnerve\n|-ability|p1b: Chi-Yu|Beads of Ruin\n|turn|2\n|\n|t:|1773750135\n|move|p2b: Entei|Extreme Speed|p1b: Chi-Yu\n|-damage|p1b: Chi-Yu|50/100\n|move|p1b: Chi-Yu|Dark Pulse|p2a: Calyrex\n|-supereffective|p2a: Calyrex\n|-enditem|p2a: Calyrex|Focus Sash\n|-damage|p2a: Calyrex|1/100\n|cant|p2a: Calyrex|flinch\n|move|p1a: Groudon|Heat Crash|p2b: Entei\n|-supereffective|p2b: Entei\n|-damage|p2b: Entei|0 fnt\n|faint|p2b: Entei\n|-damage|p1a: Groudon|72/100|[from] item: Life Orb\n|\n|-weather|SunnyDay|[upkeep]\n|upkeep\n|\n|t:|1773750151\n|switch|p2b: Zamazenta|Zamazenta-Crowned, L50|100/100\n|-ability|p2b: Zamazenta|Dauntless Shield|boost\n|-boost|p2b: Zamazenta|def|1\n|turn|3\n|\n|t:|1773750161\n|switch|p1b: Lunala|Lunala, L50|100/100\n|move|p2a: Calyrex|Protect|p2a: Calyrex\n|-singleturn|p2a: Calyrex|Protect\n|move|p2b: Zamazenta|Wide Guard|p2b: Zamazenta\n|-singleturn|p2b: Zamazenta|Wide Guard\n|move|p1a: Groudon|Heat Crash|p2a: Calyrex\n|-activate|p2a: Calyrex|move: Protect\n|\n|-weather|SunnyDay|[upkeep]\n|upkeep\n|turn|4\n|\n|t:|1773750184\n|move|p1b: Lunala|Moongeist Beam|p2a: Calyrex\n|-supereffective|p2a: Calyrex\n|-damage|p2a: Calyrex|0 fnt\n|faint|p2a: Calyrex\n|move|p1a: Groudon|High Horsepower|p2b: Zamazenta\n|-supereffective|p2b: Zamazenta\n|-damage|p2b: Zamazenta|37/100\n|-damage|p1a: Groudon|63/100|[from] item: Life Orb\n|move|p2b: Zamazenta|Body Press|p1a: Groudon\n|-damage|p1a: Groudon|13/100\n|\n|-weather|SunnyDay|[upkeep]\n|-sideend|p1: Jonen|move: Tailwind\n|upkeep\n|turn|5\n|\n|t:|1773750199\n|move|p1b: Lunala|Moongeist Beam|p2b: Zamazenta\n|-damage|p2b: Zamazenta|0 fnt\n|faint|p2b: Zamazenta\n|\n|win|Jonen\n|raw|Jonen's rating: 1294 &rarr; <strong>1322</strong><br />(+28 for winning)\n|raw|rillabob's rating: 1341 &rarr; <strong>1318</strong><br />(-23 for losing)\n|l|\u2606Jonen\n|player|p1|\n|l|\u2606rillabob\n|player|p2|\n","uploadtime":1773750199,"views":10,"formatid":"gen9vgc2026regi","rating":1318,"private":0,"password":null}