{"id":"gen9vgc2026regi-2570259161","format":"[Gen 9] VGC 2026 Reg I","players":["Avocanoodle","blackred123"],"log":"|j|\u2606Avocanoodle\n|j|\u2606blackred123\n|t:|1774794809\n|gametype|doubles\n|player|p1|Avocanoodle|sonia-professor|1464\n|player|p2|blackred123|iono-masters|1391\n|gen|9\n|tier|[Gen 9] VGC 2026 Reg I\n|rated|\n|rule|Species Clause: Limit one of each Pok\u00e9mon\n|rule|Item Clause: Limit 1 of each item\n|clearpoke\n|poke|p1|Kyogre, L50|\n|poke|p1|Overqwil, L50, F|\n|poke|p1|Lunala, L50|\n|poke|p1|Ogerpon-Cornerstone, L50, F|\n|poke|p1|Ursaluna, L50, F|\n|poke|p1|Iron Hands, L50|\n|poke|p2|Muk-Alola, L50, F|\n|poke|p2|Smeargle, L50, F|\n|poke|p2|Flamigo, L50, F|\n|poke|p2|Calyrex-Shadow, L50|\n|poke|p2|Rillaboom, L50, F|\n|poke|p2|Eternatus, L50|\n|teampreview|4\n|inactive|Battle timer is ON: inactive players will automatically lose when time's up. (requested by Avocanoodle)\n|inactive|blackred123 also wants the timer to be on.\n|\n|t:|1774794836\n|teamsize|p1|4\n|teamsize|p2|4\n|start\n|switch|p1a: Iron Hands|Iron Hands, L50|100/100\n|switch|p1b: Kyogre|Kyogre, L50|100/100\n|switch|p2a: Muk|Muk-Alola, L50, F|100/100\n|switch|p2b: Smeargle|Smeargle, L50, F|100/100\n|-weather|RainDance|[from] ability: Drizzle|[of] p1b: Kyogre\n|turn|1\n|inactive|blackred123 has 30 seconds left.\n|inactive|blackred123 has 20 seconds left.\n|inactive|blackred123 has 15 seconds left.\n|\n|t:|1774794877\n|-terastallize|p2a: Muk|Water\n|move|p1b: Kyogre|Protect|p1b: Kyogre\n|-singleturn|p1b: Kyogre|Protect\n|move|p2b: Smeargle|Fake Out|p1a: Iron Hands\n|-damage|p1a: Iron Hands|95/100\n|cant|p1a: Iron Hands|flinch\n|move|p2a: Muk|Minimize|p2a: Muk\n|-boost|p2a: Muk|evasion|2\n|\n|-weather|RainDance|[upkeep]\n|-ability|p2b: Smeargle|Moody|boost\n|-boost|p2b: Smeargle|spd|2\n|-unboost|p2b: Smeargle|spe|1\n|upkeep\n|turn|2\n|\n|t:|1774794890\n|move|p1b: Kyogre|Water Spout|p2a: Muk|[spread] p2a,p2b\n|-resisted|p2a: Muk\n|-damage|p2a: Muk|52/100\n|-enditem|p2b: Smeargle|Focus Sash\n|-damage|p2b: Smeargle|1/100\n|move|p2b: Smeargle|Spore|p1b: Kyogre\n|-status|p1b: Kyogre|slp|[from] move: Spore\n|move|p1a: Iron Hands|Wild Charge|p2a: Muk|[miss]\n|-miss|p1a: Iron Hands|p2a: Muk\n|move|p2a: Muk|Minimize|p2a: Muk\n|-boost|p2a: Muk|evasion|2\n|\n|-weather|RainDance|[upkeep]\n|-heal|p2a: Muk|58/100|[from] item: Leftovers\n|-ability|p2b: Smeargle|Moody|boost\n|-boost|p2b: Smeargle|spe|2\n|-unboost|p2b: Smeargle|spd|1\n|upkeep\n|turn|3\n|\n|t:|1774794908\n|move|p2b: Smeargle|Spore|p1a: Iron Hands\n|-status|p1a: Iron Hands|slp|[from] move: Spore\n|cant|p1b: Kyogre|slp\n|cant|p1a: Iron Hands|slp\n|move|p2a: Muk|Minimize|p2a: Muk\n|-boost|p2a: Muk|evasion|2\n|\n|-weather|RainDance|[upkeep]\n|-heal|p2a: Muk|64/100|[from] item: Leftovers\n|-ability|p2b: Smeargle|Moody|boost\n|-boost|p2b: Smeargle|atk|2\n|-unboost|p2b: Smeargle|def|1\n|upkeep\n|turn|4\n|\n|t:|1774794924\n|move|p2b: Smeargle|Follow Me|p2b: Smeargle\n|-singleturn|p2b: Smeargle|move: Follow Me\n|-curestatus|p1b: Kyogre|slp|[msg]\n|move|p1b: Kyogre|Water Spout|p2a: Muk|[spread] p2a,p2b\n|-resisted|p2a: Muk\n|-damage|p2a: Muk|12/100\n|-damage|p2b: Smeargle|0 fnt\n|faint|p2b: Smeargle\n|-ability|p2a: Muk|Moody|Power of Alchemy|[from] ability: Power of Alchemy|[of] p2b: Smeargle\n|cant|p1a: Iron Hands|slp\n|move|p2a: Muk|Knock Off|p1b: Kyogre\n|-damage|p1b: Kyogre|59/100\n|-enditem|p1b: Kyogre|Splash Plate|[from] move: Knock Off|[of] p2a: Muk\n|\n|-weather|RainDance|[upkeep]\n|-heal|p2a: Muk|18/100|[from] item: Leftovers\n|-ability|p2a: Muk|Moody|boost\n|-boost|p2a: Muk|spe|2\n|-unboost|p2a: Muk|def|1\n|upkeep\n|\n|t:|1774794941\n|switch|p2b: Calyrex|Calyrex-Shadow, L50|100/100\n|-ability|p2b: Calyrex|As One\n|-ability|p2b: Calyrex|Unnerve\n|turn|5\n|\n|t:|1774794956\n|move|p2a: Muk|Protect|p2a: Muk\n|-singleturn|p2a: Muk|Protect\n|move|p2b: Calyrex|Giga Drain|p1b: Kyogre\n|-supereffective|p1b: Kyogre\n|-damage|p1b: Kyogre|7/100\n|move|p1b: Kyogre|Origin Pulse|p2b: Calyrex|[spread] p2b\n|-activate|p2a: Muk|move: Protect\n|-damage|p2b: Calyrex|30/100\n|cant|p1a: Iron Hands|slp\n|\n|-weather|none\n|-heal|p2a: Muk|24/100|[from] item: Leftovers\n|-ability|p2a: Muk|Moody|boost\n|-boost|p2a: Muk|spd|2\n|-unboost|p2a: Muk|spa|1\n|upkeep\n|turn|6\n|inactive|blackred123 has 30 seconds left.\n|\n|t:|1774794982\n|move|p2b: Calyrex|Psych Up|p2a: Muk\n|-copyboost|p2b: Calyrex|p2a: Muk|[from] move: Psych Up\n|move|p1b: Kyogre|Origin Pulse|p2a: Muk|[spread] \n|-miss|p1b: Kyogre|p2a: Muk\n|-miss|p1b: Kyogre|p2b: Calyrex\n|move|p2a: Muk|Knock Off|p1b: Kyogre\n|-damage|p1b: Kyogre|0 fnt\n|faint|p1b: Kyogre\n|-curestatus|p1a: Iron Hands|slp|[msg]\n|move|p1a: Iron Hands|Wild Charge|p2a: Muk|[miss]\n|-miss|p1a: Iron Hands|p2a: Muk\n|\n|-heal|p2a: Muk|30/100|[from] item: Leftovers\n|-ability|p2a: Muk|Moody|boost\n|-boost|p2a: Muk|spa|2\n|-unboost|p2a: Muk|spe|1\n|upkeep\n|\n|t:|1774795006\n|switch|p1b: Ursaluna|Ursaluna, L50, F|100/100\n|turn|7\n|\n|t:|1774795029\n|-terastallize|p1a: Iron Hands|Bug\n|move|p2b: Calyrex|Astral Barrage|p1b: Ursaluna|[spread] p1a\n|-immune|p1b: Ursaluna\n|-damage|p1a: Iron Hands|74/100\n|move|p2a: Muk|Knock Off|p1a: Iron Hands\n|-damage|p1a: Iron Hands|49/100\n|-enditem|p1a: Iron Hands|Assault Vest|[from] move: Knock Off|[of] p2a: Muk\n|move|p1a: Iron Hands|Wild Charge|p2a: Muk|[miss]\n|-miss|p1a: Iron Hands|p2a: Muk\n|move|p1b: Ursaluna|Earthquake|p2b: Calyrex|[spread] p1a,p2b\n|-miss|p1b: Ursaluna|p2a: Muk\n|-resisted|p1a: Iron Hands\n|-damage|p1a: Iron Hands|34/100\n|-damage|p2b: Calyrex|0 fnt\n|faint|p2b: Calyrex\n|\n|-heal|p2a: Muk|36/100|[from] item: Leftovers\n|-ability|p2a: Muk|Moody|boost\n|-boost|p2a: Muk|spa|2\n|-unboost|p2a: Muk|spe|1\n|-status|p1b: Ursaluna|brn|[from] item: Flame Orb\n|upkeep\n|\n|t:|1774795043\n|switch|p2b: Eternatus|Eternatus, L50|100/100\n|-ability|p2b: Eternatus|Pressure\n|turn|8\n|j| Esiolamondhax\n|\n|t:|1774795062\n|move|p2b: Eternatus|Sludge Bomb|p1b: Ursaluna\n|-resisted|p1b: Ursaluna\n|-damage|p1b: Ursaluna|80/100 brn\n|move|p1a: Iron Hands|Wild Charge|p2a: Muk|[miss]\n|-miss|p1a: Iron Hands|p2a: Muk\n|move|p2a: Muk|Knock Off|p1b: Ursaluna\n|-damage|p1b: Ursaluna|54/100 brn\n|-enditem|p1b: Ursaluna|Flame Orb|[from] move: Knock Off|[of] p2a: Muk\n|move|p1b: Ursaluna|Earthquake|p2b: Eternatus|[spread] p1a,p2b\n|-miss|p1b: Ursaluna|p2a: Muk\n|-resisted|p1a: Iron Hands\n|-supereffective|p2b: Eternatus\n|-damage|p1a: Iron Hands|8/100\n|-damage|p2b: Eternatus|0 fnt\n|faint|p2b: Eternatus\n|\n|-heal|p2a: Muk|42/100|[from] item: Leftovers\n|-damage|p1b: Ursaluna|48/100 brn|[from] brn\n|-ability|p2a: Muk|Moody|boost\n|-boost|p2a: Muk|spe|2\n|-unboost|p2a: Muk|spd|1\n|upkeep\n|turn|9\n|\n|t:|1774795077\n|move|p2a: Muk|Knock Off|p1a: Iron Hands\n|-damage|p1a: Iron Hands|0 fnt\n|faint|p1a: Iron Hands\n|-end|p1a: Iron Hands|Quark Drive|[silent]\n|move|p1b: Ursaluna|Headlong Rush|p2a: Muk|[miss]\n|-miss|p1b: Ursaluna|p2a: Muk\n|\n|-heal|p2a: Muk|49/100|[from] item: Leftovers\n|-damage|p1b: Ursaluna|42/100 brn|[from] brn\n|-ability|p2a: Muk|Moody|boost\n|-boost|p2a: Muk|spe|2\n|-unboost|p2a: Muk|def|1\n|upkeep\n|\n|t:|1774795079\n|switch|p1a: Lunala|Lunala, L50|100/100\n|turn|10\n|c| Esiolamondhax|...and justice for all\n|\n|t:|1774795098\n|move|p1b: Ursaluna|Protect|p1b: Ursaluna\n|-singleturn|p1b: Ursaluna|Protect\n|move|p2a: Muk|Knock Off|p1b: Ursaluna\n|-activate|p1b: Ursaluna|move: Protect\n|move|p1a: Lunala|Trick Room|p1a: Lunala\n|-fieldstart|move: Trick Room|[of] p1a: Lunala\n|\n|-heal|p2a: Muk|55/100|[from] item: Leftovers\n|-damage|p1b: Ursaluna|36/100 brn|[from] brn\n|-ability|p2a: Muk|Moody|boost\n|-boost|p2a: Muk|spd|2\n|-unboost|p2a: Muk|atk|1\n|upkeep\n|turn|11\n|\n|t:|1774795110\n|move|p1b: Ursaluna|Facade|p2a: Muk|[miss]\n|-miss|p1b: Ursaluna|p2a: Muk\n|move|p1a: Lunala|Moongeist Beam|p2a: Muk|[miss]\n|-miss|p1a: Lunala|p2a: Muk\n|move|p2a: Muk|Knock Off|p1b: Ursaluna\n|-damage|p1b: Ursaluna|25/100 brn\n|\n|-heal|p2a: Muk|61/100|[from] item: Leftovers\n|-damage|p1b: Ursaluna|19/100 brn|[from] brn\n|-ability|p2a: Muk|Moody|boost\n|-boost|p2a: Muk|atk|2\n|-unboost|p2a: Muk|spa|1\n|upkeep\n|turn|12\n|\n|t:|1774795119\n|move|p1b: Ursaluna|Facade|p2a: Muk|[miss]\n|-miss|p1b: Ursaluna|p2a: Muk\n|move|p1a: Lunala|Moongeist Beam|p2a: Muk\n|-damage|p2a: Muk|42/100\n|move|p2a: Muk|Knock Off|p1b: Ursaluna\n|-damage|p1b: Ursaluna|0 fnt\n|faint|p1b: Ursaluna\n|\n|-heal|p2a: Muk|49/100|[from] item: Leftovers\n|-ability|p2a: Muk|Moody|boost\n|-boost|p2a: Muk|spa|2\n|-unboost|p2a: Muk|atk|1\n|upkeep\n|turn|13\n|\n|t:|1774795127\n|move|p1a: Lunala|Moongeist Beam|p2a: Muk\n|-damage|p2a: Muk|31/100\n|move|p2a: Muk|Knock Off|p1a: Lunala\n|-supereffective|p1a: Lunala\n|-damage|p1a: Lunala|50/100\n|-damage|p2a: Muk|15/100|[from] item: Rocky Helmet|[of] p1a: Lunala\n|-enditem|p1a: Lunala|Rocky Helmet|[from] move: Knock Off|[of] p2a: Muk\n|\n|-heal|p2a: Muk|21/100|[from] item: Leftovers\n|-ability|p2a: Muk|Moody|boost\n|-boost|p2a: Muk|def|2\n|-unboost|p2a: Muk|spa|1\n|upkeep\n|turn|14\n|\n|t:|1774795141\n|move|p1a: Lunala|Moongeist Beam|p2a: Muk|[miss]\n|-miss|p1a: Lunala|p2a: Muk\n|move|p2a: Muk|Knock Off|p1a: Lunala\n|-supereffective|p1a: Lunala\n|-damage|p1a: Lunala|0 fnt\n|faint|p1a: Lunala\n|\n|win|blackred123\n|raw|Avocanoodle's rating: 1464 &rarr; <strong>1440</strong><br />(-24 for losing)\n|raw|blackred123's rating: 1391 &rarr; <strong>1415</strong><br />(+24 for winning)\n","uploadtime":1774795141,"views":13,"formatid":"gen9vgc2026regi","rating":1415,"private":0,"password":null}