{"id":"gen9vgc2026regi-2534487236","format":"[Gen 9] VGC 2026 Reg I","players":["Colonelsquid","SnarkyShane"],"log":"|j|\u2606Colonelsquid\n|j|\u2606SnarkyShane\n|t:|1770427209\n|gametype|doubles\n|player|p1|Colonelsquid|266|1501\n|player|p2|SnarkyShane|gambler|1451\n|gen|9\n|tier|[Gen 9] VGC 2026 Reg I\n|rated|\n|rule|Species Clause: Limit one of each Pok\u00e9mon\n|rule|Item Clause: Limit 1 of each item\n|clearpoke\n|poke|p1|Smeargle, L50, M|\n|poke|p1|Calyrex-Ice, L50|\n|poke|p1|Lunala, L50|\n|poke|p1|Indeedee-F, L50, F|\n|poke|p1|Raging Bolt, L50|\n|poke|p1|Urshifu-*, L50, F|\n|poke|p2|Rayquaza, L50|\n|poke|p2|Calyrex-Shadow, L50|\n|poke|p2|Chien-Pao, L50|\n|poke|p2|Ting-Lu, L50|\n|poke|p2|Amoonguss, L50, M|\n|poke|p2|Avalugg-Hisui, L50, M|\n|teampreview|4\n|inactive|Battle timer is ON: inactive players will automatically lose when time's up. (requested by Colonelsquid)\n|inactive|SnarkyShane also wants the timer to be on.\n|inactive|SnarkyShane has 60 seconds left.\n|inactive|Colonelsquid has 60 seconds left.\n|\n|t:|1770427251\n|teamsize|p1|4\n|teamsize|p2|4\n|start\n|switch|p1a: Smeargle|Smeargle, L50, M|100/100\n|switch|p1b: Lunala|Lunala, L50|100/100\n|switch|p2a: FesterinEquestrian|Calyrex-Shadow, L50|100/100\n|switch|p2b: Victor Creed|Chien-Pao, L50|100/100\n|-ability|p2a: FesterinEquestrian|As One\n|-ability|p2a: FesterinEquestrian|Unnerve\n|-ability|p2b: Victor Creed|Sword of Ruin\n|turn|1\n|\n|t:|1770427269\n|switch|p2b: Big Gulp|Ting-Lu, L50|100/100\n|-ability|p2b: Big Gulp|Vessel of Ruin\n|-terastallize|p1b: Lunala|Water\n|move|p2a: FesterinEquestrian|Taunt|p1a: Smeargle\n|-start|p1a: Smeargle|move: Taunt\n|cant|p1a: Smeargle|move: Taunt|Spore\n|move|p1b: Lunala|Trick Room|p1b: Lunala\n|-fieldstart|move: Trick Room|[of] p1b: Lunala\n|\n|-ability|p1a: Smeargle|Moody|boost\n|-boost|p1a: Smeargle|spd|2\n|-unboost|p1a: Smeargle|atk|1\n|upkeep\n|turn|2\n|j| whyarceus\n|inactive|SnarkyShane has 30 seconds left.\n|\n|t:|1770427297\n|switch|p1a: Calyrex|Calyrex-Ice, L50|100/100\n|-ability|p1a: Calyrex|As One\n|-ability|p1a: Calyrex|Unnerve\n|move|p2b: Big Gulp|Throat Chop|p1a: Calyrex\n|-supereffective|p1a: Calyrex\n|-damage|p1a: Calyrex|57/100\n|-start|p1a: Calyrex|Throat Chop|[silent]\n|move|p1b: Lunala|Moongeist Beam|p2a: FesterinEquestrian\n|-supereffective|p2a: FesterinEquestrian\n|-enditem|p2a: FesterinEquestrian|Focus Sash\n|-damage|p2a: FesterinEquestrian|1/100\n|move|p2a: FesterinEquestrian|Astral Barrage|p1b: Lunala|[spread] p1a,p1b\n|-supereffective|p1a: Calyrex\n|-crit|p1a: Calyrex\n|-damage|p1a: Calyrex|0 fnt\n|-damage|p1b: Lunala|87/100\n|faint|p1a: Calyrex\n|-ability|p2a: FesterinEquestrian|Grim Neigh|boost\n|-boost|p2a: FesterinEquestrian|spa|1\n|\n|upkeep\n|\n|t:|1770427311\n|switch|p1a: Smeargle|Smeargle, L50, M|100/100\n|turn|3\n|j| riyuezi\n|inactive|SnarkyShane has 30 seconds left.\n|\n|t:|1770427346\n|move|p2b: Big Gulp|Throat Chop|p1a: Smeargle\n|-damage|p1a: Smeargle|5/100\n|-start|p1a: Smeargle|Throat Chop|[silent]\n|move|p1b: Lunala|Moongeist Beam|p2a: FesterinEquestrian\n|-supereffective|p2a: FesterinEquestrian\n|-damage|p2a: FesterinEquestrian|0 fnt\n|faint|p2a: FesterinEquestrian\n|move|p1a: Smeargle|Spore|p2b: Big Gulp\n|-status|p2b: Big Gulp|slp|[from] move: Spore\n|\n|-ability|p1a: Smeargle|Moody|boost\n|-boost|p1a: Smeargle|def|2\n|-unboost|p1a: Smeargle|spe|1\n|upkeep\n|\n|t:|1770427358\n|switch|p2a: Avalugg|Avalugg-Hisui, L50, M|100/100\n|turn|4\n|\n|t:|1770427373\n|move|p2a: Avalugg|Icicle Spear|p1a: Smeargle\n|-damage|p1a: Smeargle|0 fnt\n|faint|p1a: Smeargle\n|-hitcount|p1: Smeargle|1\n|cant|p2b: Big Gulp|slp\n|move|p1b: Lunala|Moongeist Beam|p2a: Avalugg\n|-damage|p2a: Avalugg|23/100\n|\n|upkeep\n|\n|t:|1770427381\n|switch|p1a: Indeedee|Indeedee-F, L50, F|100/100\n|-fieldstart|move: Psychic Terrain|[from] ability: Psychic Surge|[of] p1a: Indeedee\n|turn|5\n|\n|t:|1770427391\n|move|p1a: Indeedee|Helping Hand|p1b: Lunala\n|-singleturn|p1b: Lunala|Helping Hand|[of] p1a: Indeedee\n|move|p2a: Avalugg|Icicle Spear|p1a: Indeedee\n|-damage|p1a: Indeedee|87/100\n|-damage|p1a: Indeedee|73/100\n|-damage|p1a: Indeedee|59/100\n|-damage|p1a: Indeedee|45/100\n|-damage|p1a: Indeedee|31/100\n|-hitcount|p1a: Indeedee|5\n|cant|p2b: Big Gulp|slp\n|move|p1b: Lunala|Meteor Beam||[still]\n|-prepare|p1b: Lunala|Meteor Beam\n|-boost|p1b: Lunala|spa|1\n|-enditem|p1b: Lunala|Power Herb\n|-anim|p1b: Lunala|Meteor Beam|p2b: Big Gulp\n|-resisted|p2b: Big Gulp\n|-damage|p2b: Big Gulp|83/100 slp\n|\n|-fieldend|move: Trick Room\n|upkeep\n|turn|6\n|l| riyuezi\n|inactive|SnarkyShane has 30 seconds left.\n|l| whyarceus\n|\n|t:|1770427419\n|move|p1b: Lunala|Moongeist Beam|p2b: Big Gulp\n|-resisted|p2b: Big Gulp\n|-damage|p2b: Big Gulp|67/100 slp\n|move|p1a: Indeedee|Psychic|p2a: Avalugg\n|-damage|p2a: Avalugg|0 fnt\n|faint|p2a: Avalugg\n|-curestatus|p2b: Big Gulp|slp|[msg]\n|move|p2b: Big Gulp|Throat Chop|p1a: Indeedee\n|-supereffective|p1a: Indeedee\n|-damage|p1a: Indeedee|0 fnt\n|faint|p1a: Indeedee\n|\n|upkeep\n|-message|Colonelsquid forfeited.\n|\n|win|SnarkyShane\n|raw|Colonelsquid's rating: 1501 &rarr; <strong>1478</strong><br />(-23 for losing)\n|raw|SnarkyShane's rating: 1451 &rarr; <strong>1474</strong><br />(+23 for winning)\n|l|\u2606Colonelsquid\n|player|p1|\n|l|\u2606SnarkyShane\n|player|p2|\n|j| riyuezi\n|l| riyuezi\n","uploadtime":1770427652,"views":25,"formatid":"gen9vgc2026regi","rating":1474,"private":0,"password":null}