{"id":"gen9vgc2026regi-2520898083","format":"[Gen 9] VGC 2026 Reg I","players":["yubanmeiqin","Yancy0902\u56fe\u56fe\u72ac\u4fa0"],"log":"|j|\u2606yubanmeiqin\n|j|\u2606Yancy0902\u56fe\u56fe\u72ac\u4fa0\n|t:|1768696125\n|gametype|doubles\n|player|p1|yubanmeiqin|iono-masters|\n|player|p2|Yancy0902\u56fe\u56fe\u72ac\u4fa0|iono-masters2|\n|gen|9\n|tier|[Gen 9] VGC 2026 Reg I\n|rule|Species Clause: Limit one of each Pok\u00e9mon\n|rule|Item Clause: Limit 1 of each item\n|clearpoke\n|poke|p1|Calyrex-Shadow, L50|\n|poke|p1|Zamazenta-*, L50|\n|poke|p1|Dragonite, L50, F|\n|poke|p1|Annihilape, L50, F|\n|poke|p1|Rillaboom, L50, F|\n|poke|p1|Chien-Pao, L50|\n|poke|p2|Calyrex-Ice, L50|\n|poke|p2|Miraidon, L50|\n|poke|p2|Volcarona, L50, M|\n|poke|p2|Grimmsnarl, L50, M|\n|poke|p2|Urshifu-*, L50, F|\n|poke|p2|Incineroar, L50, F|\n|teampreview|4\n|j| Fumocatcher\n|\n|t:|1768696173\n|teamsize|p1|4\n|teamsize|p2|4\n|start\n|switch|p1a: Annihilape|Annihilape, L50, F|100/100\n|switch|p1b: Rillaboom|Rillaboom, L50, F|100/100\n|switch|p2a: \u9a91\u767d\u77db\u9a6c|Calyrex-Ice, L50|100/100\n|switch|p2b: \u767d\uff08__\uff09|Incineroar, L50, F, shiny|100/100\n|-ability|p2a: \u9a91\u767d\u77db\u9a6c|As One\n|-ability|p2a: \u9a91\u767d\u77db\u9a6c|Unnerve\n|-fieldstart|move: Grassy Terrain|[from] ability: Grassy Surge|[of] p1b: Rillaboom\n|-ability|p2b: \u767d\uff08__\uff09|Intimidate|boost\n|-unboost|p1a: Annihilape|atk|1\n|-ability|p1a: Annihilape|Defiant|boost\n|-boost|p1a: Annihilape|atk|2\n|-unboost|p1b: Rillaboom|atk|1\n|turn|1\n|\n|t:|1768696204\n|switch|p1b: Zamazenta|Zamazenta-Crowned, L50|100/100\n|-ability|p1b: Zamazenta|Dauntless Shield|boost\n|-boost|p1b: Zamazenta|def|1\n|move|p2a: \u9a91\u767d\u77db\u9a6c|Protect|p2a: \u9a91\u767d\u77db\u9a6c\n|-singleturn|p2a: \u9a91\u767d\u77db\u9a6c|Protect\n|move|p1a: Annihilape|Coaching|p1b: Zamazenta\n|-boost|p1b: Zamazenta|atk|1\n|-boost|p1b: Zamazenta|def|1\n|move|p2b: \u767d\uff08__\uff09|U-turn|p1a: Annihilape\n|-resisted|p1a: Annihilape\n|-damage|p1a: Annihilape|96/100\n|\n|t:|1768696219\n|switch|p2b: \u94f6\u91d1\u5996\u86c7|Miraidon, L50, shiny|100/100|[from] U-turn\n|-fieldstart|move: Electric Terrain|[from] ability: Hadron Engine|[of] p2b: \u94f6\u91d1\u5996\u86c7\n|\n|upkeep\n|turn|2\n|j| QUQeee\n|c| QUQeee|\ud83d\udc40\n|\n|t:|1768696254\n|move|p1b: Zamazenta|Protect|p1b: Zamazenta\n|-singleturn|p1b: Zamazenta|Protect\n|move|p1a: Annihilape|Coaching|p1b: Zamazenta\n|-boost|p1b: Zamazenta|atk|1\n|-boost|p1b: Zamazenta|def|1\n|move|p2b: \u94f6\u91d1\u5996\u86c7|Electro Drift|p1b: Zamazenta\n|-activate|p1b: Zamazenta|move: Protect\n|move|p2a: \u9a91\u767d\u77db\u9a6c|Glacial Lance|p1b: Zamazenta|[spread] p1a\n|-activate|p1b: Zamazenta|move: Protect\n|-damage|p1a: Annihilape|36/100\n|\n|upkeep\n|turn|3\n|c| Fumocatcher|\u773c\u955c\u7d2b\u80fd\u4e0d\u80fd\u79d2\u72d7\u5c06\u76f4\u63a5\u5206\u51fa\u80dc\u8d1f\n|\n|t:|1768696273\n|-terastallize|p1b: Zamazenta|Grass\n|-terastallize|p2a: \u9a91\u767d\u77db\u9a6c|Water\n|move|p1a: Annihilape|Coaching|p1b: Zamazenta\n|-boost|p1b: Zamazenta|atk|1\n|-boost|p1b: Zamazenta|def|1\n|move|p2b: \u94f6\u91d1\u5996\u86c7|Electro Drift|p1b: Zamazenta\n|-resisted|p1b: Zamazenta\n|-damage|p1b: Zamazenta|46/100\n|move|p1b: Zamazenta|Body Press|p2b: \u94f6\u91d1\u5996\u86c7\n|-damage|p2b: \u94f6\u91d1\u5996\u86c7|0 fnt\n|faint|p2b: \u94f6\u91d1\u5996\u86c7\n|move|p2a: \u9a91\u767d\u77db\u9a6c|Glacial Lance|p1b: Zamazenta|[spread] p1a,p1b\n|-supereffective|p1b: Zamazenta\n|-damage|p1a: Annihilape|0 fnt\n|-damage|p1b: Zamazenta|23/100\n|faint|p1a: Annihilape\n|-ability|p2a: \u9a91\u767d\u77db\u9a6c|Chilling Neigh|boost\n|-boost|p2a: \u9a91\u767d\u77db\u9a6c|atk|1\n|\n|upkeep\n|\n|t:|1768696301\n|switch|p2b: \u767d\uff08__\uff09|Incineroar, L50, F, shiny|100/100\n|switch|p1a: Rillaboom|Rillaboom, L50, F|100/100\n|-fieldstart|move: Grassy Terrain|[from] ability: Grassy Surge|[of] p1a: Rillaboom\n|-ability|p2b: \u767d\uff08__\uff09|Intimidate|boost\n|-unboost|p1a: Rillaboom|atk|1\n|-unboost|p1b: Zamazenta|atk|1\n|turn|4\n|\n|t:|1768696328\n|move|p2b: \u767d\uff08__\uff09|Fake Out|p1b: Zamazenta\n|-damage|p1b: Zamazenta|21/100\n|cant|p1b: Zamazenta|flinch\n|move|p1a: Rillaboom|Wood Hammer|p2a: \u9a91\u767d\u77db\u9a6c\n|-supereffective|p2a: \u9a91\u767d\u77db\u9a6c\n|-damage|p2a: \u9a91\u767d\u77db\u9a6c|1/100\n|-damage|p1a: Rillaboom|68/100|[from] Recoil\n|move|p2a: \u9a91\u767d\u77db\u9a6c|Glacial Lance|p1a: Rillaboom|[spread] p1a,p1b\n|-supereffective|p1a: Rillaboom\n|-supereffective|p1b: Zamazenta\n|-damage|p1a: Rillaboom|0 fnt\n|-damage|p1b: Zamazenta|0 fnt\n|faint|p1a: Rillaboom\n|faint|p1b: Zamazenta\n|-ability|p2a: \u9a91\u767d\u77db\u9a6c|Chilling Neigh|boost\n|-boost|p2a: \u9a91\u767d\u77db\u9a6c|atk|2\n|\n|-heal|p2a: \u9a91\u767d\u77db\u9a6c|7/100|[from] Grassy Terrain\n|upkeep\n|c|\u2606yubanmeiqin|\uff1f\n|c|\u2606yubanmeiqin|\u4e0d\u662f\n|c|\u2606Yancy0902\u56fe\u56fe\u72ac\u4fa0|dasabe\u7684\u6069\u60c5\u8fd8\u4e0d\u5b8c\ud83d\ude2d\n|c|\u2606yubanmeiqin|\u4ec0\u4e48\u5f31\u667a\u968f\u673a\u6570\n|n| hhxh\u955c\u82b1\u6c34\u6708|fumocatcher\n|\n|t:|1768696355\n|switch|p1b: Calyrex|Calyrex-Shadow, L50|100/100\n|-ability|p1b: Calyrex|As One\n|-ability|p1b: Calyrex|Unnerve\n|turn|5\n|c| hhxh\u955c\u82b1\u6c34\u6708|\u7ef7\n|c| hhxh\u955c\u82b1\u6c34\u6708|\u8def\u8fb9\n|c|\u2606yubanmeiqin|\u6211cb\u6781\u653b\u7684\u554a\ud83d\ude21\n|c|\u2606yubanmeiqin|\u95ed\u5634\n|\n|t:|1768696376\n|move|p1b: Calyrex|Astral Barrage|p2a: \u9a91\u767d\u77db\u9a6c|[spread] p2a,p2b\n|-resisted|p2b: \u767d\uff08__\uff09\n|-damage|p2a: \u9a91\u767d\u77db\u9a6c|0 fnt\n|-damage|p2b: \u767d\uff08__\uff09|83/100\n|faint|p2a: \u9a91\u767d\u77db\u9a6c\n|-ability|p1b: Calyrex|Grim Neigh|boost\n|-boost|p1b: Calyrex|spa|1\n|move|p2b: \u767d\uff08__\uff09|Knock Off|p1b: Calyrex\n|-supereffective|p1b: Calyrex\n|-enditem|p1b: Calyrex|Focus Sash\n|-damage|p1b: Calyrex|1/100\n|\n|-heal|p1b: Calyrex|7/100|[from] Grassy Terrain\n|-heal|p2b: \u767d\uff08__\uff09|89/100|[from] Grassy Terrain\n|upkeep\n|\n|t:|1768696380\n|switch|p2a: \u708e\u7ffc\u4e01\u771f|Volcarona, L50, M|100/100\n|turn|6\n|c|\u2606yubanmeiqin|\u8fd9\u4e0d\u4e00\u773c\u968f\u673a\u6570\ud83d\ude21\ud83d\ude21\ud83d\ude21\n|\n|t:|1768696391\n|move|p1b: Calyrex|Astral Barrage|p2b: \u767d\uff08__\uff09|[spread] p2a,p2b\n|-resisted|p2b: \u767d\uff08__\uff09\n|-damage|p2a: \u708e\u7ffc\u4e01\u771f|30/100\n|-damage|p2b: \u767d\uff08__\uff09|62/100\n|move|p2a: \u708e\u7ffc\u4e01\u771f|Giga Drain|p1b: Calyrex\n|-damage|p1b: Calyrex|0 fnt\n|-heal|p2a: \u708e\u7ffc\u4e01\u771f|33/100|[from] drain|[of] p1b: Calyrex\n|faint|p1b: Calyrex\n|\n|win|Yancy0902\u56fe\u56fe\u72ac\u4fa0\n|c| hhxh\u955c\u82b1\u6c34\u6708|\u90a3\u6211\u95ee\u4f60 \u4e3a\u4ec0\u4e48\u4e0d\u62cd\u767d\u9a6c\u4fdd\u62a4\u4e00\u56de\u5408\n|c|\u2606yubanmeiqin|\u6211\u5934\u5e26\u4f60\u8033\u6735\u804b\u5417\n|c| hhxh\u955c\u82b1\u6c34\u6708|\u90a3\u6211\u95ee\u4f60\u4f60\u660e\u77e5\u5486\u54ee\u864e\u4e0d\u53ef\u80fd\u653e\u5f03\u51fb\u638c\u6743\n|c| hhxh\u955c\u82b1\u6c34\u6708|\u4e3a\u4ec0\u4e48\u4e0d\u4fdd\u62a4\n|c|\u2606yubanmeiqin|\u6211\u8981\u94c1\u58c1\n|c| hhxh\u955c\u82b1\u6c34\u6708|\u9c7c\u5507\n|c|\u2606yubanmeiqin|\u4ed6\u62cd\u6211\u7329\u7a7a\u95f4\u6211\u76f4\u63a5\u70b8\u4e86\n|c| hhxh\u955c\u82b1\u6c34\u6708|\u4ed6\u600e\u4e48\u77e5\u9053\u4f60\u6ca1\u62cd\n|c|\u2606yubanmeiqin|\u8fd9\u961f\u662f\u660e\u724c\u961f\n|c| hhxh\u955c\u82b1\u6c34\u6708|\u884c\n|c|\u2606yubanmeiqin|\u7c73\u52a0\u7684\n|l|\u2606yubanmeiqin\n|player|p1|\n|l| hhxh\u955c\u82b1\u6c34\u6708\n|j|\u2606yubanmeiqin\n|player|p1|yubanmeiqin|iono-masters|\n|l|\u2606yubanmeiqin\n|player|p1|\n","uploadtime":1768696624,"views":16,"formatid":"gen9vgc2026regi","rating":null,"private":0,"password":null}