{"id":"gen9vgc2026regi-2548875828","format":"[Gen 9] VGC 2026 Reg I","players":["TheManOfSausage","RyushinYuki"],"log":"|j|\u2606TheManOfSausage\n|j|\u2606RyushinYuki\n|t:|1772274909\n|gametype|doubles\n|player|p1|TheManOfSausage|miku-water|1491\n|player|p2|RyushinYuki|roxie|1483\n|gen|9\n|tier|[Gen 9] VGC 2026 Reg I\n|rated|\n|rule|Species Clause: Limit one of each Pok\u00e9mon\n|rule|Item Clause: Limit 1 of each item\n|clearpoke\n|poke|p1|Miraidon, L50|\n|poke|p1|Groudon, L50|\n|poke|p1|Whimsicott, L50, M|\n|poke|p1|Chi-Yu, L50|\n|poke|p1|Iron Hands, L50|\n|poke|p1|Farigiraf, L50, F|\n|poke|p2|Calyrex-Ice, L50|\n|poke|p2|Indeedee-F, L50, F|\n|poke|p2|Lunala, L50|\n|poke|p2|Smeargle, L50, M|\n|poke|p2|Murkrow, L50, F|\n|poke|p2|Torkoal, L50, M|\n|teampreview|4\n|\n|t:|1772274942\n|teamsize|p1|4\n|teamsize|p2|4\n|start\n|switch|p1a: Groudon|Groudon, L50|100/100\n|switch|p1b: Chi-Yu|Chi-Yu, L50|100/100\n|switch|p2a: Calyrex|Calyrex-Ice, L50|100/100\n|switch|p2b: Lunala|Lunala, L50|100/100\n|-ability|p2a: Calyrex|As One\n|-ability|p2a: Calyrex|Unnerve\n|-ability|p1b: Chi-Yu|Beads of Ruin\n|-weather|SunnyDay|[from] ability: Drought|[of] p1a: Groudon\n|turn|1\n|inactive|Battle timer is ON: inactive players will automatically lose when time's up. (requested by RyushinYuki)\n|\n|t:|1772274966\n|-terastallize|p2a: Calyrex|Fire\n|move|p2b: Lunala|Wide Guard|p2b: Lunala\n|-singleturn|p2b: Lunala|Wide Guard\n|move|p1b: Chi-Yu|Heat Wave|p2a: Calyrex|[spread] \n|-activate|p2a: Calyrex|move: Wide Guard\n|-activate|p2b: Lunala|move: Wide Guard\n|move|p1a: Groudon|Swords Dance|p1a: Groudon\n|-boost|p1a: Groudon|atk|2\n|move|p2a: Calyrex|Glacial Lance|p1b: Chi-Yu|[spread] p1a,p1b\n|-supereffective|p1a: Groudon\n|-resisted|p1b: Chi-Yu\n|-damage|p1a: Groudon|33/100\n|-damage|p1b: Chi-Yu|55/100\n|\n|-weather|SunnyDay|[upkeep]\n|upkeep\n|turn|2\n|inactive|RyushinYuki has 30 seconds left.\n|\n|t:|1772274999\n|switch|p1b: Brian|Iron Hands, L50, shiny|100/100\n|move|p1a: Groudon|Protect|p1a: Groudon\n|-singleturn|p1a: Groudon|Protect\n|move|p2b: Lunala|Moongeist Beam|p1a: Groudon\n|-activate|p1a: Groudon|move: Protect\n|move|p2a: Calyrex|Glacial Lance|p1b: Brian|[spread] p1b\n|-activate|p1a: Groudon|move: Protect\n|-damage|p1b: Brian|65/100\n|\n|-weather|SunnyDay|[upkeep]\n|upkeep\n|turn|3\n|\n|t:|1772275023\n|move|p2a: Calyrex|Protect|p2a: Calyrex\n|-singleturn|p2a: Calyrex|Protect\n|move|p2b: Lunala|Moongeist Beam|p1a: Groudon\n|-damage|p1a: Groudon|0 fnt\n|faint|p1a: Groudon\n|move|p1b: Brian|Volt Switch|p2b: Lunala\n|-damage|p2b: Lunala|97/100\n|\n|t:|1772275029\n|-end|p1b: Brian|Quark Drive|[silent]\n|switch|p1b: Chi-Yu|Chi-Yu, L50|55/100|[from] Volt Switch\n|-ability|p1b: Chi-Yu|Beads of Ruin\n|\n|-weather|SunnyDay|[upkeep]\n|upkeep\n|\n|t:|1772275033\n|switch|p1a: Miraidon|Miraidon, L50|100/100\n|-fieldstart|move: Electric Terrain|[from] ability: Hadron Engine|[of] p1a: Miraidon\n|turn|4\n|inactive|RyushinYuki has 30 seconds left.\n|\n|t:|1772275063\n|switch|p2b: Indeedee|Indeedee-F, L50, F|100/100\n|-fieldstart|move: Psychic Terrain|[from] ability: Psychic Surge|[of] p2b: Indeedee\n|move|p1b: Chi-Yu|Dark Pulse|p2b: Indeedee\n|-supereffective|p2b: Indeedee\n|-damage|p2b: Indeedee|0 fnt\n|faint|p2b: Indeedee\n|move|p1a: Miraidon|Electro Drift|p2a: Calyrex\n|-damage|p2a: Calyrex|20/100\n|move|p2a: Calyrex|Trick Room|p2a: Calyrex\n|-fieldstart|move: Trick Room|[of] p2a: Calyrex\n|\n|-weather|SunnyDay|[upkeep]\n|upkeep\n|\n|t:|1772275081\n|switch|p2b: Lunala|Lunala, L50|97/100\n|turn|5\n|\n|t:|1772275087\n|switch|p1a: Brian|Iron Hands, L50, shiny|65/100\n|move|p2a: Calyrex|Protect|p2a: Calyrex\n|-singleturn|p2a: Calyrex|Protect\n|move|p2b: Lunala|Meteor Beam||[still]\n|-prepare|p2b: Lunala|Meteor Beam\n|-boost|p2b: Lunala|spa|1\n|-enditem|p2b: Lunala|Power Herb\n|-anim|p2b: Lunala|Meteor Beam|p1b: Chi-Yu\n|-supereffective|p1b: Chi-Yu\n|-damage|p1b: Chi-Yu|0 fnt\n|faint|p1b: Chi-Yu\n|\n|-weather|none\n|upkeep\n|\n|t:|1772275090\n|switch|p1b: Miraidon|Miraidon, L50|100/100\n|-fieldstart|move: Electric Terrain|[from] ability: Hadron Engine|[of] p1b: Miraidon\n|-activate|p1a: Brian|ability: Quark Drive\n|-start|p1a: Brian|quarkdriveatk\n|turn|6\n|\n|t:|1772275110\n|switch|p2a: Smeargle|Smeargle, L50, M|100/100\n|move|p1a: Brian|Drain Punch|p2a: Smeargle\n|-supereffective|p2a: Smeargle\n|-enditem|p2a: Smeargle|Focus Sash\n|-damage|p2a: Smeargle|1/100\n|-heal|p1a: Brian|97/100|[from] drain|[of] p2a: Smeargle\n|move|p2b: Lunala|Expanding Force|p1a: Brian\n|-supereffective|p1a: Brian\n|-damage|p1a: Brian|3/100\n|move|p1b: Miraidon|Electro Drift|p2b: Lunala\n|-damage|p2b: Lunala|0 fnt\n|faint|p2b: Lunala\n|\n|-ability|p2a: Smeargle|Moody|boost\n|-boost|p2a: Smeargle|spd|2\n|-unboost|p2a: Smeargle|spe|1\n|upkeep\n|\n|t:|1772275123\n|switch|p2b: Calyrex|Calyrex-Ice, L50, tera:Fire|20/100\n|-ability|p2b: Calyrex|As One\n|-ability|p2b: Calyrex|Unnerve\n|turn|7\n|inactive|RyushinYuki has 30 seconds left.\n|\n|t:|1772275149\n|-terastallize|p1b: Miraidon|Fairy\n|move|p2a: Smeargle|Follow Me|p2a: Smeargle\n|-singleturn|p2a: Smeargle|move: Follow Me\n|move|p1a: Brian|Drain Punch|p2a: Smeargle\n|-supereffective|p2a: Smeargle\n|-damage|p2a: Smeargle|0 fnt\n|-heal|p1a: Brian|3/100|[from] drain|[of] p2a: Smeargle\n|faint|p2a: Smeargle\n|move|p2b: Calyrex|Glacial Lance|p1a: Brian|[spread] p1a,p1b\n|-crit|p1b: Miraidon\n|-damage|p1a: Brian|0 fnt\n|-damage|p1b: Miraidon|19/100\n|faint|p1a: Brian\n|-end|p1a: Brian|Quark Drive|[silent]\n|-ability|p2b: Calyrex|Chilling Neigh|boost\n|-boost|p2b: Calyrex|atk|1\n|move|p1b: Miraidon|Electro Drift|p2b: Calyrex\n|-damage|p2b: Calyrex|0 fnt\n|faint|p2b: Calyrex\n|\n|win|TheManOfSausage\n|raw|TheManOfSausage's rating: 1491 &rarr; <strong>1511</strong><br />(+20 for winning)\n|raw|RyushinYuki's rating: 1483 &rarr; <strong>1463</strong><br />(-20 for losing)\n|c|\u2606TheManOfSausage|gg\n|l|\u2606RyushinYuki\n|player|p2|\n|l|\u2606TheManOfSausage\n|player|p1|\n","uploadtime":1772275393,"views":24,"formatid":"gen9vgc2026regi","rating":1463,"private":0,"password":null}