{"id":"gen9vgc2026regi-2537700879","format":"[Gen 9] VGC 2026 Reg I","players":["Sakura-Machi","EllenJoe2026"],"log":"|j|\u2606Sakura-Machi\n|j|\u2606EllenJoe2026\n|t:|1770839762\n|gametype|doubles\n|player|p1|Sakura-Machi|rosa|1447\n|player|p2|EllenJoe2026|iono|1459\n|gen|9\n|tier|[Gen 9] VGC 2026 Reg I\n|rated|\n|rule|Species Clause: Limit one of each Pok\u00e9mon\n|rule|Item Clause: Limit 1 of each item\n|clearpoke\n|poke|p1|Calyrex-Shadow, L50|\n|poke|p1|Zamazenta-*, L50|\n|poke|p1|Chien-Pao, L50|\n|poke|p1|Raging Bolt, L50|\n|poke|p1|Tornadus, L50, M|\n|poke|p1|Ting-Lu, L50|\n|poke|p2|Kyogre, L50|\n|poke|p2|Calyrex-Shadow, L50|\n|poke|p2|Indeedee-F, L50, F|\n|poke|p2|Tornadus, L50, M|\n|poke|p2|Urshifu-*, L50, F|\n|poke|p2|Smeargle, L50, F|\n|teampreview|4\n|inactive|Battle timer is ON: inactive players will automatically lose when time's up. (requested by EllenJoe2026)\n|inactive|Sakura-Machi has 60 seconds left.\n|inactive|EllenJoe2026 has 60 seconds left.\n|\n|t:|1770839803\n|teamsize|p1|4\n|teamsize|p2|4\n|start\n|switch|p1a: Chien-Pao|Chien-Pao, L50|100/100\n|switch|p1b: Ting-Lu|Ting-Lu, L50|100/100\n|switch|p2a: Calyrex|Calyrex-Shadow, L50|100/100\n|switch|p2b: Smeargle|Smeargle, L50, F, shiny|100/100\n|-ability|p2a: Calyrex|As One\n|-ability|p2a: Calyrex|Unnerve\n|-ability|p1a: Chien-Pao|Sword of Ruin\n|-ability|p1b: Ting-Lu|Vessel of Ruin\n|turn|1\n|\n|t:|1770839823\n|-terastallize|p2a: Calyrex|Water\n|move|p2b: Smeargle|Feint|p1a: Chien-Pao\n|-damage|p1a: Chien-Pao|90/100\n|move|p2a: Calyrex|Pollen Puff|p1a: Chien-Pao\n|-supereffective|p1a: Chien-Pao\n|-damage|p1a: Chien-Pao|0 fnt\n|faint|p1a: Chien-Pao\n|-ability|p2a: Calyrex|Grim Neigh|boost\n|-boost|p2a: Calyrex|spa|1\n|move|p1b: Ting-Lu|Payback|p2a: Calyrex\n|-damage|p2a: Calyrex|39/100\n|\n|upkeep\n|\n|t:|1770839837\n|switch|p1a: Zamazenta|Zamazenta-Crowned, L50|100/100\n|-ability|p1a: Zamazenta|Dauntless Shield|boost\n|-boost|p1a: Zamazenta|def|1\n|turn|2\n|inactive|Sakura-Machi has 30 seconds left.\n|\n|t:|1770839863\n|move|p1a: Zamazenta|Protect|p1a: Zamazenta\n|-singleturn|p1a: Zamazenta|Protect\n|move|p2a: Calyrex|Pollen Puff|p1b: Ting-Lu\n|-supereffective|p1b: Ting-Lu\n|-crit|p1b: Ting-Lu\n|-damage|p1b: Ting-Lu|5/100\n|move|p2b: Smeargle|Spore|p1a: Zamazenta\n|-activate|p1a: Zamazenta|move: Protect\n|move|p1b: Ting-Lu|Earthquake|p2b: Smeargle|[spread] p2a,p2b\n|-activate|p1a: Zamazenta|move: Protect\n|-damage|p2a: Calyrex|0 fnt\n|-enditem|p2b: Smeargle|Focus Sash\n|-damage|p2b: Smeargle|1/100\n|faint|p2a: Calyrex\n|\n|upkeep\n|\n|t:|1770839873\n|switch|p2a: Kyogre|Kyogre, L50, shiny|100/100\n|-weather|RainDance|[from] ability: Drizzle|[of] p2a: Kyogre\n|turn|3\n|\n|t:|1770839892\n|-terastallize|p1a: Zamazenta|Grass\n|move|p2b: Smeargle|Feint|p1a: Zamazenta\n|-damage|p1a: Zamazenta|97/100\n|move|p2a: Kyogre|Water Spout|p1a: Zamazenta|[spread] p1a,p1b\n|-resisted|p1a: Zamazenta\n|-crit|p1a: Zamazenta\n|-supereffective|p1b: Ting-Lu\n|-damage|p1a: Zamazenta|63/100\n|-damage|p1b: Ting-Lu|0 fnt\n|faint|p1b: Ting-Lu\n|move|p1a: Zamazenta|Body Press|p2b: Smeargle\n|-supereffective|p2b: Smeargle\n|-damage|p2b: Smeargle|0 fnt\n|faint|p2b: Smeargle\n|\n|-weather|RainDance|[upkeep]\n|upkeep\n|\n|t:|1770839896\n|switch|p2b: Indeedee|Indeedee-F, L50, F, shiny|100/100\n|switch|p1b: Raging Bolt|Raging Bolt, L50|100/100\n|-fieldstart|move: Psychic Terrain|[from] ability: Psychic Surge|[of] p2b: Indeedee\n|-enditem|p1b: Raging Bolt|Booster Energy\n|-activate|p1b: Raging Bolt|ability: Protosynthesis|[fromitem]\n|-start|p1b: Raging Bolt|protosynthesisspa\n|turn|4\n|\n|t:|1770839905\n|move|p2b: Indeedee|Helping Hand|p2a: Kyogre\n|-singleturn|p2a: Kyogre|Helping Hand|[of] p2b: Indeedee\n|move|p1a: Zamazenta|Protect|p1a: Zamazenta\n|-singleturn|p1a: Zamazenta|Protect\n|move|p2a: Kyogre|Water Spout|p1b: Raging Bolt|[spread] p1b\n|-activate|p1a: Zamazenta|move: Protect\n|-resisted|p1b: Raging Bolt\n|-damage|p1b: Raging Bolt|33/100\n|move|p1b: Raging Bolt|Thunderbolt|p2b: Indeedee\n|-damage|p2b: Indeedee|32/100\n|\n|-weather|RainDance|[upkeep]\n|upkeep\n|turn|5\n|\n|t:|1770839918\n|move|p2b: Indeedee|Helping Hand|p2a: Kyogre\n|-singleturn|p2a: Kyogre|Helping Hand|[of] p2b: Indeedee\n|move|p1a: Zamazenta|Wide Guard|p1a: Zamazenta\n|-singleturn|p1a: Zamazenta|Wide Guard\n|move|p2a: Kyogre|Water Spout|p1b: Raging Bolt|[spread] \n|-activate|p1a: Zamazenta|move: Wide Guard\n|-activate|p1b: Raging Bolt|move: Wide Guard\n|move|p1b: Raging Bolt|Thunderbolt|p2a: Kyogre\n|-supereffective|p2a: Kyogre\n|-damage|p2a: Kyogre|0 fnt\n|faint|p2a: Kyogre\n|\n|-weather|RainDance|[upkeep]\n|upkeep\n|turn|6\n|-message|EllenJoe2026 forfeited.\n|\n|win|Sakura-Machi\n|raw|Sakura-Machi's rating: 1447 &rarr; <strong>1468</strong><br />(+21 for winning)\n|raw|EllenJoe2026's rating: 1459 &rarr; <strong>1438</strong><br />(-21 for losing)\n|l|\u2606EllenJoe2026\n|player|p2|\n|l|\u2606Sakura-Machi\n|player|p1|\n","uploadtime":1770840189,"views":15,"formatid":"gen9vgc2026regi","rating":1438,"private":0,"password":null}