{"id":"gen9vgc2026regi-2564938869","format":"[Gen 9] VGC 2026 Reg I","players":["Harry Koekenpan","CasOart"],"log":"|j|\u2606Harry Koekenpan\n|j|\u2606CasOart\n|t:|1774212399\n|gametype|doubles\n|player|p1|Harry Koekenpan|101|1246\n|player|p2|CasOart|guzma|1332\n|gen|9\n|tier|[Gen 9] VGC 2026 Reg I\n|rated|\n|rule|Species Clause: Limit one of each Pok\u00e9mon\n|rule|Item Clause: Limit 1 of each item\n|clearpoke\n|poke|p1|Dondozo, L50, M|\n|poke|p1|Tatsugiri-Droopy, L50, M|\n|poke|p1|Weezing-Galar, L50, F|\n|poke|p1|Calyrex-Shadow, L50|\n|poke|p1|Miraidon, L50|\n|poke|p1|Iron Hands, L50|\n|poke|p2|Lunala, L50|\n|poke|p2|Indeedee-F, L50, F|\n|poke|p2|Calyrex-Ice, L50|\n|poke|p2|Ursaluna, L50, F|\n|poke|p2|Amoonguss, L50, M|\n|poke|p2|Raging Bolt, L50|\n|teampreview|4\n|inactive|Battle timer is ON: inactive players will automatically lose when time's up. (requested by Harry Koekenpan)\n|inactive|CasOart has 60 seconds left.\n|\n|t:|1774212435\n|teamsize|p1|4\n|teamsize|p2|4\n|start\n|switch|p1a: Weezing|Weezing-Galar, L50, F|100/100\n|switch|p1b: Calyrex|Calyrex-Shadow, L50|100/100\n|switch|p2a: Calyrex|Calyrex-Ice, L50|100/100\n|switch|p2b: Amoonguss|Amoonguss, L50, M|100/100\n|-ability|p1a: Weezing|Neutralizing Gas\n|-ability|p1b: Calyrex|As One\n|-ability|p1b: Calyrex|Unnerve\n|-ability|p2a: Calyrex|As One\n|-ability|p2a: Calyrex|Unnerve\n|turn|1\n|\n|t:|1774212451\n|-terastallize|p2a: Calyrex|Water\n|move|p1b: Calyrex|Psychic|p2b: Amoonguss\n|-supereffective|p2b: Amoonguss\n|-crit|p2b: Amoonguss\n|-damage|p2b: Amoonguss|0 fnt\n|faint|p2b: Amoonguss\n|-ability|p1b: Calyrex|Grim Neigh|boost\n|-boost|p1b: Calyrex|spa|1\n|-damage|p1b: Calyrex|91/100|[from] item: Life Orb\n|move|p1a: Weezing|Poison Gas|p2a: Calyrex\n|-status|p2a: Calyrex|psn\n|move|p2a: Calyrex|Trick Room|p2a: Calyrex\n|-fieldstart|move: Trick Room|[of] p2a: Calyrex\n|\n|-damage|p2a: Calyrex|88/100 psn|[from] psn\n|upkeep\n|\n|t:|1774212466\n|switch|p2b: Lunala|Lunala, L50, shiny|100/100\n|turn|2\n|\n|t:|1774212472\n|move|p2a: Calyrex|Glacial Lance|p1a: Weezing|[spread] p1a,p1b\n|-crit|p1a: Weezing\n|-damage|p1a: Weezing|14/100\n|-damage|p1b: Calyrex|15/100\n|move|p1a: Weezing|Poison Gas|p2b: Lunala|[spread] p2a,p2b\n|-fail|p2a: Calyrex|psn\n|-status|p2b: Lunala|psn\n|move|p2b: Lunala|Meteor Beam||[still]\n|-prepare|p2b: Lunala|Meteor Beam\n|-boost|p2b: Lunala|spa|1\n|-enditem|p2b: Lunala|Power Herb\n|-anim|p2b: Lunala|Meteor Beam|p1b: Calyrex\n|-damage|p1b: Calyrex|0 fnt\n|faint|p1b: Calyrex\n|\n|-damage|p2a: Calyrex|76/100 psn|[from] psn\n|-damage|p2b: Lunala|88/100 psn|[from] psn\n|upkeep\n|\n|t:|1774212492\n|switch|p1b: Iron Hands|Iron Hands, L50|100/100\n|turn|3\n|\n|t:|1774212509\n|switch|p2a: Indeedee|Indeedee-F, L50, F|100/100\n|move|p1a: Weezing|Protect|p1a: Weezing\n|-singleturn|p1a: Weezing|Protect\n|move|p1b: Iron Hands|Wild Charge|p2a: Indeedee\n|-damage|p2a: Indeedee|56/100\n|-damage|p1b: Iron Hands|92/100|[from] Recoil\n|move|p2b: Lunala|Expanding Force|p1b: Iron Hands\n|-supereffective|p1b: Iron Hands\n|-damage|p1b: Iron Hands|24/100\n|\n|-damage|p2b: Lunala|76/100 psn|[from] psn\n|upkeep\n|turn|4\n|inactive|Harry Koekenpan has 30 seconds left.\n|\n|t:|1774212538\n|-end|p1a: Weezing|ability: Neutralizing Gas\n|-fieldstart|move: Psychic Terrain|[from] ability: Psychic Surge|[of] p2a: Indeedee\n|switch|p1a: Miraidon|Miraidon, L50|100/100\n|-fieldstart|move: Electric Terrain|[from] ability: Hadron Engine|[of] p1a: Miraidon\n|-activate|p1b: Iron Hands|ability: Quark Drive\n|-start|p1b: Iron Hands|quarkdriveatk\n|move|p2a: Indeedee|Helping Hand|p2b: Lunala\n|-singleturn|p2b: Lunala|Helping Hand|[of] p2a: Indeedee\n|move|p1b: Iron Hands|Wild Charge|p2b: Lunala\n|-damage|p2b: Lunala|22/100 psn\n|-damage|p1b: Iron Hands|11/100|[from] Recoil\n|move|p2b: Lunala|Expanding Force|p1a: Miraidon\n|-damage|p1a: Miraidon|15/100\n|\n|-damage|p2b: Lunala|10/100 psn|[from] psn\n|upkeep\n|turn|5\n|inactive|Harry Koekenpan has 30 seconds left.\n|inactive|CasOart has 30 seconds left.\n|inactive|Harry Koekenpan has 20 seconds left.\n|\n|t:|1774212577\n|switch|p1a: Weezing|Weezing-Galar, L50, F|14/100\n|-ability|p1a: Weezing|Neutralizing Gas\n|move|p1b: Iron Hands|Drain Punch|p2a: Indeedee\n|-damage|p2a: Indeedee|15/100\n|-heal|p1b: Iron Hands|26/100|[from] drain|[of] p2a: Indeedee\n|move|p2b: Lunala|Expanding Force|p1a: Weezing\n|-supereffective|p1a: Weezing\n|-damage|p1a: Weezing|0 fnt\n|faint|p1a: Weezing\n|-end|p1a: Weezing|ability: Neutralizing Gas\n|-fieldstart|move: Psychic Terrain|[from] ability: Psychic Surge|[of] p2a: Indeedee\n|-end|p1b: Iron Hands|Quark Drive\n|move|p2a: Indeedee|Dazzling Gleam|p1b: Iron Hands\n|-supereffective|p1b: Iron Hands\n|-damage|p1b: Iron Hands|9/100\n|\n|-damage|p2b: Lunala|0 fnt|[from] psn\n|faint|p2b: Lunala\n|-fieldend|move: Trick Room\n|upkeep\n|\n|t:|1774212599\n|switch|p2b: Calyrex|Calyrex-Ice, L50, tera:Water|76/100 psn\n|switch|p1a: Miraidon|Miraidon, L50|15/100\n|-ability|p2b: Calyrex|As One\n|-ability|p2b: Calyrex|Unnerve\n|-fieldstart|move: Electric Terrain|[from] ability: Hadron Engine|[of] p1a: Miraidon\n|-activate|p1b: Iron Hands|ability: Quark Drive\n|-start|p1b: Iron Hands|quarkdriveatk\n|turn|6\n|\n|t:|1774212619\n|-terastallize|p1a: Miraidon|Fairy\n|move|p2a: Indeedee|Follow Me|p2a: Indeedee\n|-singleturn|p2a: Indeedee|move: Follow Me\n|move|p1a: Miraidon|Dazzling Gleam|p2b: Calyrex|[spread] p2a,p2b\n|-damage|p2a: Indeedee|0 fnt\n|-damage|p2b: Calyrex|31/100 psn\n|faint|p2a: Indeedee\n|move|p1b: Iron Hands|Wild Charge|p2b: Calyrex\n|-supereffective|p2b: Calyrex\n|-damage|p2b: Calyrex|0 fnt\n|faint|p2b: Calyrex\n|-damage|p1b: Iron Hands|2/100|[from] Recoil\n|\n|win|Harry Koekenpan\n|raw|Harry Koekenpan's rating: 1246 &rarr; <strong>1277</strong><br />(+31 for winning)\n|raw|CasOart's rating: 1332 &rarr; <strong>1307</strong><br />(-25 for losing)\n|l|\u2606CasOart\n|player|p2|\n","uploadtime":1774212636,"views":17,"formatid":"gen9vgc2026regi","rating":1277,"private":0,"password":null}