{"id":"gen9vgc2026regi-2561751466","format":"[Gen 9] VGC 2026 Reg I","players":["Tepig_nNz_498","slimeslatt252"],"log":"|j|\u2606Tepig_nNz_498\n|j|\u2606slimeslatt252\n|t:|1773840181\n|gametype|doubles\n|player|p1|Tepig_nNz_498|1|1419\n|player|p2|slimeslatt252|101|1358\n|gen|9\n|tier|[Gen 9] VGC 2026 Reg I\n|rated|\n|rule|Species Clause: Limit one of each Pok\u00e9mon\n|rule|Item Clause: Limit 1 of each item\n|clearpoke\n|poke|p1|Miraidon, L50|\n|poke|p1|Iron Bundle, L50|\n|poke|p1|Iron Hands, L50|\n|poke|p1|Farigiraf, L50, F|\n|poke|p1|Dialga-Origin, L50|\n|poke|p1|Ursaluna, L50, M|\n|poke|p2|Calyrex-Shadow, L50|\n|poke|p2|Koraidon, L50|\n|poke|p2|Incineroar, L50, M|\n|poke|p2|Raging Bolt, L50|\n|poke|p2|Brute Bonnet, L50|\n|poke|p2|Landorus, L50, M|\n|teampreview|4\n|inactive|Battle timer is ON: inactive players will automatically lose when time's up. (requested by slimeslatt252)\n|\n|t:|1773840195\n|teamsize|p1|4\n|teamsize|p2|4\n|start\n|switch|p1a: Iron Bundle|Iron Bundle, L50|100/100\n|switch|p1b: Miraidon|Miraidon, L50|100/100\n|switch|p2a: raging dingus|Raging Bolt, L50|100/100\n|switch|p2b: Incineroar|Incineroar, L50, M|100/100\n|-fieldstart|move: Electric Terrain|[from] ability: Hadron Engine|[of] p1b: Miraidon\n|-activate|p1a: Iron Bundle|ability: Quark Drive\n|-start|p1a: Iron Bundle|quarkdrivespe\n|-ability|p2b: Incineroar|Intimidate|boost\n|-unboost|p1a: Iron Bundle|atk|1\n|-unboost|p1b: Miraidon|atk|1\n|turn|1\n|\n|t:|1773840208\n|switch|p1b: Farigiraf|Farigiraf, L50, F|100/100\n|-enditem|p1b: Farigiraf|Electric Seed\n|-boost|p1b: Farigiraf|def|1|[from] item: Electric Seed\n|move|p2b: Incineroar|Fake Out||[still]\n|cant|p1b: Farigiraf|ability: Armor Tail|Fake Out|[of] p2b: Incineroar\n|move|p1a: Iron Bundle|Freeze-Dry|p2a: raging dingus\n|-supereffective|p2a: raging dingus\n|-damage|p2a: raging dingus|62/100\n|move|p2a: raging dingus|Dragon Pulse|p1b: Farigiraf\n|-damage|p1b: Farigiraf|60/100\n|\n|upkeep\n|turn|2\n|\n|t:|1773840226\n|-terastallize|p2a: raging dingus|Electric\n|move|p1b: Farigiraf|Ally Switch|p1b: Farigiraf\n|swap|p1b: Farigiraf|0|[from] move: Ally Switch\n|move|p1b: Iron Bundle|Encore|p2b: Incineroar\n|-start|p2b: Incineroar|Encore\n|move|p2a: raging dingus|Volt Switch|p1a: Farigiraf\n|-damage|p1a: Farigiraf|3/100\n|\n|t:|1773840241\n|-end|p2a: raging dingus|Protosynthesis|[silent]\n|switch|p2a: Calyrex|Calyrex-Shadow, L50|100/100|[from] Volt Switch\n|-ability|p2a: Calyrex|As One\n|-ability|p2a: Calyrex|Unnerve\n|move|p2b: Incineroar|Fake Out||[still]\n|-hint|Fake Out only works on your first turn out.\n|-fail|p2b: Incineroar\n|\n|upkeep\n|turn|3\n|\n|t:|1773840251\n|switch|p2b: raging dingus|Raging Bolt, L50, tera:Electric|62/100\n|move|p1b: Iron Bundle|Icy Wind|p2b: raging dingus|[spread] p2a,p2b\n|-damage|p2a: Calyrex|80/100\n|-damage|p2b: raging dingus|49/100\n|-unboost|p2a: Calyrex|spe|1\n|-unboost|p2b: raging dingus|spe|1\n|move|p2a: Calyrex|Psychic|p1a: Farigiraf\n|-resisted|p1a: Farigiraf\n|-damage|p1a: Farigiraf|0 fnt\n|faint|p1a: Farigiraf\n|-ability|p2a: Calyrex|Grim Neigh|boost\n|-boost|p2a: Calyrex|spa|1\n|\n|upkeep\n|\n|t:|1773840264\n|switch|p1a: Miraidon|Miraidon, L50|100/100\n|-activate|p1a: Miraidon|ability: Hadron Engine\n|turn|4\n|\n|t:|1773840273\n|-end|p1b: Iron Bundle|Quark Drive|[silent]\n|switch|p1b: Dialga|Dialga-Origin, L50|100/100\n|-terastallize|p1a: Miraidon|Electric\n|move|p2a: Calyrex|Protect|p2a: Calyrex\n|-singleturn|p2a: Calyrex|Protect\n|move|p1a: Miraidon|Discharge|p2b: raging dingus|[spread] p2b\n|-activate|p2a: Calyrex|move: Protect\n|-activate|p1b: Dialga|ability: Telepathy\n|-resisted|p2b: raging dingus\n|-damage|p2b: raging dingus|20/100\n|-damage|p1a: Miraidon|91/100|[from] item: Life Orb\n|move|p2b: raging dingus|Volt Switch|p1b: Dialga\n|-resisted|p1b: Dialga\n|-damage|p1b: Dialga|77/100\n|\n|t:|1773840289\n|-end|p2b: raging dingus|Protosynthesis|[silent]\n|switch|p2b: Incineroar|Incineroar, L50, M|100/100|[from] Volt Switch\n|-ability|p2b: Incineroar|Intimidate|boost\n|-unboost|p1a: Miraidon|atk|1\n|-unboost|p1b: Dialga|atk|1\n|\n|upkeep\n|turn|5\n|inactive|slimeslatt252 has 30 seconds left.\n|inactive|Tepig_nNz_498 has 30 seconds left.\n|inactive|slimeslatt252 has 20 seconds left.\n|inactive|slimeslatt252 has 15 seconds left.\n|\n|t:|1773840332\n|switch|p2a: Koraidon|Koraidon, L50|100/100\n|-weather|SunnyDay|[from] ability: Orichalcum Pulse|[of] p2a: Koraidon\n|-activate|p2a: Koraidon|Orichalcum Pulse|[source]\n|move|p1a: Miraidon|Protect|p1a: Miraidon\n|-singleturn|p1a: Miraidon|Protect\n|move|p2b: Incineroar|Fake Out|p1b: Dialga\n|-resisted|p1b: Dialga\n|-damage|p1b: Dialga|73/100\n|cant|p1b: Dialga|flinch\n|\n|-weather|SunnyDay|[upkeep]\n|-fieldend|move: Electric Terrain\n|upkeep\n|turn|6\n|inactive|Tepig_nNz_498 has 30 seconds left.\n|\n|t:|1773840363\n|move|p1a: Miraidon|Volt Switch|p2b: Incineroar\n|-damage|p2b: Incineroar|49/100\n|-damage|p1a: Miraidon|81/100|[from] item: Life Orb\n|\n|t:|1773840366\n|switch|p1a: Iron Bundle|Iron Bundle, L50|100/100|[from] Volt Switch\n|move|p2a: Koraidon|Collision Course|p1b: Dialga\n|-supereffective|p1b: Dialga\n|-crit|p1b: Dialga\n|-damage|p1b: Dialga|0 fnt\n|faint|p1b: Dialga\n|move|p2b: Incineroar|Knock Off|p1a: Iron Bundle\n|-damage|p1a: Iron Bundle|52/100\n|-enditem|p1a: Iron Bundle|Focus Sash|[from] move: Knock Off|[of] p2b: Incineroar\n|\n|-weather|SunnyDay|[upkeep]\n|upkeep\n|\n|t:|1773840372\n|switch|p1b: Miraidon|Miraidon, L50, tera:Electric|81/100\n|-fieldstart|move: Electric Terrain|[from] ability: Hadron Engine|[of] p1b: Miraidon\n|-activate|p1a: Iron Bundle|ability: Quark Drive\n|-start|p1a: Iron Bundle|quarkdrivespe\n|turn|7\n|-message|Tepig_nNz_498 forfeited.\n|\n|win|slimeslatt252\n|raw|Tepig_nNz_498's rating: 1419 &rarr; <strong>1396</strong><br />(-23 for losing)\n|raw|slimeslatt252's rating: 1358 &rarr; <strong>1381</strong><br />(+23 for winning)\n|l|\u2606Tepig_nNz_498\n|player|p1|\n|l|\u2606slimeslatt252\n|player|p2|\n|j|\u2606slimeslatt252\n|player|p2|slimeslatt252|101|\n","uploadtime":1773840638,"views":12,"formatid":"gen9vgc2026regi","rating":1381,"private":0,"password":null}