{"id":"gen9vgc2026regi-2516533966","format":"[Gen 9] VGC 2026 Reg I","players":["dasabe\u76d6\u6b27\u5361\u4fa0","sazar saifi"],"log":"|j|\u2606dasabe\u76d6\u6b27\u5361\u4fa0\n|j|\u2606sazar saifi\n|t:|1768152946\n|gametype|doubles\n|player|p1|dasabe\u76d6\u6b27\u5361\u4fa0|may-masters4|1420\n|player|p2|sazar saifi|1|1323\n|gen|9\n|tier|[Gen 9] VGC 2026 Reg I\n|rated|\n|rule|Species Clause: Limit one of each Pok\u00e9mon\n|rule|Item Clause: Limit 1 of each item\n|clearpoke\n|poke|p1|Kyogre, L50|\n|poke|p1|Miraidon, L50|\n|poke|p1|Whimsicott, L50, F|\n|poke|p1|Iron Hands, L50|\n|poke|p1|Farigiraf, L50, F|\n|poke|p1|Urshifu-*, L50, M|\n|poke|p2|Calyrex-Shadow, L50|\n|poke|p2|Zamazenta-*, L50|\n|poke|p2|Chien-Pao, L50|\n|poke|p2|Dragonite, L50, M|\n|poke|p2|Incineroar, L50, F|\n|poke|p2|Amoonguss, L50, F|\n|teampreview|4\n|c|\u2606sazar saifi|glhf\n|\n|t:|1768152972\n|teamsize|p1|4\n|teamsize|p2|4\n|start\n|switch|p1a: \u5996\u820d\u7cbe\u62c9|Whimsicott, L50, F, shiny|100/100\n|switch|p1b: \u6210\u90fd\u8001\u76d6|Kyogre, L50, shiny|100/100\n|switch|p2a: Calyrex|Calyrex-Shadow, L50|100/100\n|switch|p2b: Zamazenta|Zamazenta-Crowned, L50|100/100\n|-ability|p2a: Calyrex|As One\n|-ability|p2a: Calyrex|Unnerve\n|-ability|p2b: Zamazenta|Dauntless Shield|boost\n|-boost|p2b: Zamazenta|def|1\n|-weather|RainDance|[from] ability: Drizzle|[of] p1b: \u6210\u90fd\u8001\u76d6\n|turn|1\n|c|\u2606dasabe\u76d6\u6b27\u5361\u4fa0|glhf\n|\n|t:|1768152996\n|switch|p2a: Chien-Pao|Chien-Pao, L50|100/100\n|-ability|p2a: Chien-Pao|Sword of Ruin\n|-terastallize|p2b: Zamazenta|Water\n|move|p1a: \u5996\u820d\u7cbe\u62c9|Tailwind|p1a: \u5996\u820d\u7cbe\u62c9\n|-sidestart|p1: dasabe\u76d6\u6b27\u5361\u4fa0|move: Tailwind\n|move|p1b: \u6210\u90fd\u8001\u76d6|Hydro Pump|p2a: Chien-Pao\n|-enditem|p2a: Chien-Pao|Focus Sash\n|-damage|p2a: Chien-Pao|1/100\n|move|p2b: Zamazenta|Body Press|p1b: \u6210\u90fd\u8001\u76d6\n|-damage|p1b: \u6210\u90fd\u8001\u76d6|12/100\n|\n|-weather|RainDance|[upkeep]\n|upkeep\n|turn|2\n|\n|t:|1768153013\n|switch|p1b: \u5c0f\u5934\u63a7\u5927\u5934|Farigiraf, L50, F, shiny|100/100\n|move|p2a: Chien-Pao|Sucker Punch||[still]\n|cant|p1b: \u5c0f\u5934\u63a7\u5927\u5934|ability: Armor Tail|Sucker Punch|[of] p2a: Chien-Pao\n|move|p1a: \u5996\u820d\u7cbe\u62c9|Moonblast|p2a: Chien-Pao\n|-supereffective|p2a: Chien-Pao\n|-damage|p2a: Chien-Pao|0 fnt\n|faint|p2a: Chien-Pao\n|move|p2b: Zamazenta|Heavy Slam|p1a: \u5996\u820d\u7cbe\u62c9\n|-supereffective|p1a: \u5996\u820d\u7cbe\u62c9\n|-enditem|p1a: \u5996\u820d\u7cbe\u62c9|Focus Sash\n|-damage|p1a: \u5996\u820d\u7cbe\u62c9|1/100\n|\n|-weather|RainDance|[upkeep]\n|upkeep\n|\n|t:|1768153023\n|switch|p2a: Calyrex|Calyrex-Shadow, L50|100/100\n|-ability|p2a: Calyrex|As One\n|-ability|p2a: Calyrex|Unnerve\n|turn|3\n|\n|t:|1768153031\n|move|p1a: \u5996\u820d\u7cbe\u62c9|Endeavor|p2b: Zamazenta\n|-damage|p2b: Zamazenta|1/100\n|move|p2a: Calyrex|Astral Barrage|p1a: \u5996\u820d\u7cbe\u62c9|[spread] p1a\n|-immune|p1b: \u5c0f\u5934\u63a7\u5927\u5934\n|-damage|p1a: \u5996\u820d\u7cbe\u62c9|0 fnt\n|faint|p1a: \u5996\u820d\u7cbe\u62c9\n|-ability|p2a: Calyrex|Grim Neigh|boost\n|-boost|p2a: Calyrex|spa|1\n|-damage|p2a: Calyrex|91/100|[from] item: Life Orb\n|move|p2b: Zamazenta|Heavy Slam|p1b: \u5c0f\u5934\u63a7\u5927\u5934\n|-damage|p1b: \u5c0f\u5934\u63a7\u5927\u5934|67/100\n|move|p1b: \u5c0f\u5934\u63a7\u5927\u5934|Psychic|p2b: Zamazenta\n|-damage|p2b: Zamazenta|0 fnt\n|faint|p2b: Zamazenta\n|\n|-weather|RainDance|[upkeep]\n|upkeep\n|\n|t:|1768153040\n|switch|p1a: \u94f6\u91d1\u5996\u86c7|Miraidon, L50, shiny|100/100\n|switch|p2b: Amoonguss|Amoonguss, L50, F|100/100\n|-fieldstart|move: Electric Terrain|[from] ability: Hadron Engine|[of] p1a: \u94f6\u91d1\u5996\u86c7\n|-enditem|p1b: \u5c0f\u5934\u63a7\u5927\u5934|Electric Seed\n|-boost|p1b: \u5c0f\u5934\u63a7\u5927\u5934|def|1|[from] item: Electric Seed\n|turn|4\n|\n|t:|1768153059\n|move|p2b: Amoonguss|Rage Powder|p2b: Amoonguss\n|-singleturn|p2b: Amoonguss|move: Rage Powder\n|move|p1a: \u94f6\u91d1\u5996\u86c7|Draco Meteor|p2b: Amoonguss|[miss]\n|-miss|p1a: \u94f6\u91d1\u5996\u86c7|p2b: Amoonguss\n|move|p2a: Calyrex|Encore|p1b: \u5c0f\u5934\u63a7\u5927\u5934\n|-start|p1b: \u5c0f\u5934\u63a7\u5927\u5934|Encore\n|move|p1b: \u5c0f\u5934\u63a7\u5927\u5934|Psychic|p2b: Amoonguss\n|-supereffective|p2b: Amoonguss\n|-damage|p2b: Amoonguss|48/100\n|\n|-weather|RainDance|[upkeep]\n|-sideend|p1: dasabe\u76d6\u6b27\u5361\u4fa0|move: Tailwind\n|upkeep\n|turn|5\n|c|\u2606sazar saifi|i am cooked\n|c|\u2606dasabe\u76d6\u6b27\u5361\u4fa0|\ud83d\ude0b\n|\n|t:|1768153083\n|-terastallize|p1a: \u94f6\u91d1\u5996\u86c7|Fairy\n|move|p2b: Amoonguss|Rage Powder|p2b: Amoonguss\n|-singleturn|p2b: Amoonguss|move: Rage Powder\n|move|p2a: Calyrex|Astral Barrage|p1b: \u5c0f\u5934\u63a7\u5927\u5934|[spread] p1a\n|-immune|p1b: \u5c0f\u5934\u63a7\u5927\u5934\n|-damage|p1a: \u94f6\u91d1\u5996\u86c7|5/100\n|-damage|p2a: Calyrex|81/100|[from] item: Life Orb\n|move|p1a: \u94f6\u91d1\u5996\u86c7|Dazzling Gleam|p2b: Amoonguss|[spread] p2a,p2b\n|-resisted|p2b: Amoonguss\n|-damage|p2a: Calyrex|19/100\n|-damage|p2b: Amoonguss|24/100\n|-damage|p1a: \u94f6\u91d1\u5996\u86c7|0 fnt|[from] item: Life Orb\n|faint|p1a: \u94f6\u91d1\u5996\u86c7\n|move|p1b: \u5c0f\u5934\u63a7\u5927\u5934|Psychic|p2b: Amoonguss\n|-supereffective|p2b: Amoonguss\n|-damage|p2b: Amoonguss|0 fnt\n|faint|p2b: Amoonguss\n|\n|-weather|none\n|upkeep\n|\n|t:|1768153086\n|switch|p1a: \u6210\u90fd\u8001\u76d6|Kyogre, L50, shiny|12/100\n|-weather|RainDance|[from] ability: Drizzle|[of] p1a: \u6210\u90fd\u8001\u76d6\n|turn|6\n|\n|t:|1768153096\n|move|p2a: Calyrex|Astral Barrage|p1a: \u6210\u90fd\u8001\u76d6|[spread] p1a\n|-immune|p1b: \u5c0f\u5934\u63a7\u5927\u5934\n|-damage|p1a: \u6210\u90fd\u8001\u76d6|0 fnt\n|faint|p1a: \u6210\u90fd\u8001\u76d6\n|-ability|p2a: Calyrex|Grim Neigh|boost\n|-boost|p2a: Calyrex|spa|1\n|-damage|p2a: Calyrex|9/100|[from] item: Life Orb\n|move|p1b: \u5c0f\u5934\u63a7\u5927\u5934|Psychic|p2a: Calyrex\n|-resisted|p2a: Calyrex\n|-damage|p2a: Calyrex|0 fnt\n|faint|p2a: Calyrex\n|\n|win|dasabe\u76d6\u6b27\u5361\u4fa0\n|raw|dasabe\u76d6\u6b27\u5361\u4fa0's rating: 1420 &rarr; <strong>1435</strong><br />(+15 for winning)\n|raw|sazar saifi's rating: 1323 &rarr; <strong>1308</strong><br />(-15 for losing)\n|c|\u2606sazar saifi|gg\n|c|\u2606dasabe\u76d6\u6b27\u5361\u4fa0|gg\n|c|\u2606sazar saifi|rematch?\n|l|\u2606dasabe\u76d6\u6b27\u5361\u4fa0\n|player|p1|\n|l|\u2606sazar saifi\n|player|p2|\n","uploadtime":1768153322,"views":12,"formatid":"gen9vgc2026regi","rating":1308,"private":0,"password":null}