{"id":"gen9vgc2026regi-2538501903","format":"[Gen 9] VGC 2026 Reg I","players":["Schimmli","infinitygroudon"],"log":"|j|\u2606Schimmli\n|j|\u2606infinitygroudon\n|t:|1770933918\n|gametype|doubles\n|player|p1|Schimmli|170|1403\n|player|p2|infinitygroudon|1|1489\n|gen|9\n|tier|[Gen 9] VGC 2026 Reg I\n|rated|\n|rule|Species Clause: Limit one of each Pok\u00e9mon\n|rule|Item Clause: Limit 1 of each item\n|clearpoke\n|poke|p1|Terapagos, L50, M|\n|poke|p1|Calyrex-Shadow, L50|\n|poke|p1|Flutter Mane, L50|\n|poke|p1|Ogerpon-Cornerstone, L50, F|\n|poke|p1|Incineroar, L50, F|\n|poke|p1|Rillaboom, L50, M|\n|poke|p2|Kyogre, L50|\n|poke|p2|Palkia-Origin, L50|\n|poke|p2|Farigiraf, L50, M|\n|poke|p2|Archaludon, L50, M|\n|poke|p2|Iron Jugulis, L50|\n|poke|p2|Raging Bolt, L50|\n|teampreview|4\n|\n|t:|1770933931\n|teamsize|p1|4\n|teamsize|p2|4\n|start\n|switch|p1a: Terapagos|Terapagos, L50, M|100/100\n|switch|p1b: Rillaboom|Rillaboom, L50, M|100/100\n|switch|p2a: Archibald|Archaludon, L50, M, shiny|100/100\n|switch|p2b: Jorris|Iron Jugulis, L50|100/100\n|-activate|p1a: Terapagos|ability: Tera Shift\n|detailschange|p1a: Terapagos|Terapagos-Terastal, L50, M\n|-heal|p1a: Terapagos|100/100|[silent]\n|-fieldstart|move: Grassy Terrain|[from] ability: Grassy Surge|[of] p1b: Rillaboom\n|-enditem|p2b: Jorris|Booster Energy\n|-activate|p2b: Jorris|ability: Quark Drive|[fromitem]\n|-start|p2b: Jorris|quarkdrivespe\n|turn|1\n|\n|t:|1770933941\n|move|p1b: Rillaboom|Fake Out|p2b: Jorris\n|-damage|p2b: Jorris|89/100\n|cant|p2b: Jorris|flinch\n|move|p1a: Terapagos|Calm Mind|p1a: Terapagos\n|-boost|p1a: Terapagos|spa|1\n|-boost|p1a: Terapagos|spd|1\n|move|p2a: Archibald|Flash Cannon|p1b: Rillaboom\n|-damage|p1b: Rillaboom|74/100\n|\n|-heal|p1b: Rillaboom|80/100|[from] Grassy Terrain\n|upkeep\n|turn|2\n|\n|t:|1770933953\n|move|p1a: Terapagos|Protect|p1a: Terapagos\n|-singleturn|p1a: Terapagos|Protect\n|move|p2b: Jorris|Dragon Cheer|p2a: Archibald\n|-start|p2a: Archibald|move: Dragon Cheer\n|move|p2a: Archibald|Flash Cannon|p1b: Rillaboom\n|-crit|p1b: Rillaboom\n|-damage|p1b: Rillaboom|43/100\n|move|p1b: Rillaboom|U-turn|p2b: Jorris\n|-damage|p2b: Jorris|66/100\n|\n|t:|1770933963\n|switch|p1b: Calyrex|Calyrex-Shadow, L50|100/100|[from] U-turn\n|-ability|p1b: Calyrex|As One\n|-ability|p1b: Calyrex|Unnerve\n|\n|upkeep\n|turn|3\n|\n|t:|1770933972\n|switch|p1b: Rillaboom|Rillaboom, L50, M|43/100\n|move|p2b: Jorris|Snarl|p1b: Rillaboom|[spread] p1a,p1b\n|-activate|p1a: Terapagos|ability: Tera Shell\n|-resisted|p1a: Terapagos\n|-damage|p1a: Terapagos|96/100\n|-damage|p1b: Rillaboom|33/100\n|-unboost|p1a: Terapagos|spa|1\n|-unboost|p1b: Rillaboom|spa|1\n|move|p1a: Terapagos|Calm Mind|p1a: Terapagos\n|-boost|p1a: Terapagos|spa|1\n|-boost|p1a: Terapagos|spd|1\n|move|p2a: Archibald|Body Press|p1a: Terapagos\n|-supereffective|p1a: Terapagos\n|-damage|p1a: Terapagos|61/100\n|\n|-heal|p1a: Terapagos|68/100|[from] Grassy Terrain\n|-heal|p1a: Terapagos|74/100|[from] item: Leftovers\n|-heal|p1b: Rillaboom|39/100|[from] Grassy Terrain\n|upkeep\n|turn|4\n|\n|t:|1770933993\n|move|p1b: Rillaboom|Fake Out|p2b: Jorris\n|-damage|p2b: Jorris|54/100\n|cant|p2b: Jorris|flinch\n|move|p1a: Terapagos|Tera Starstorm|p2b: Jorris\n|-damage|p2b: Jorris|0 fnt\n|faint|p2b: Jorris\n|-end|p2b: Jorris|Quark Drive|[silent]\n|move|p2a: Archibald|Draco Meteor|p1b: Rillaboom\n|-crit|p1b: Rillaboom\n|-damage|p1b: Rillaboom|0 fnt\n|-unboost|p2a: Archibald|spa|2\n|faint|p1b: Rillaboom\n|\n|-heal|p1a: Terapagos|80/100|[from] Grassy Terrain\n|-heal|p1a: Terapagos|86/100|[from] item: Leftovers\n|upkeep\n|\n|t:|1770934012\n|switch|p2b: Piratebeard|Kyogre, L50|100/100\n|switch|p1b: Calyrex|Calyrex-Shadow, L50|100/100\n|-ability|p1b: Calyrex|As One\n|-ability|p1b: Calyrex|Unnerve\n|-weather|RainDance|[from] ability: Drizzle|[of] p2b: Piratebeard\n|turn|5\n|\n|t:|1770934030\n|-terastallize|p2b: Piratebeard|Water\n|-terastallize|p1a: Terapagos|Stellar\n|detailschange|p1a: Terapagos|Terapagos-Stellar, L50, M, tera:Stellar\n|-heal|p1a: Terapagos|90/100|[silent]\n|-ability|p1a: Terapagos|Teraform Zero\n|-weather|none\n|-fieldend|move: Grassy Terrain\n|move|p2b: Piratebeard|Water Spout|p1b: Calyrex|[spread] p1a,p1b\n|-damage|p1a: Terapagos|64/100\n|-damage|p1b: Calyrex|17/100\n|move|p1b: Calyrex|Astral Barrage|p2b: Piratebeard|[spread] p2a,p2b\n|-crit|p2a: Archibald\n|-damage|p2a: Archibald|35/100\n|-damage|p2b: Piratebeard|56/100\n|-ability|p2a: Archibald|Stamina|boost\n|-boost|p2a: Archibald|def|1\n|move|p1a: Terapagos|Tera Starstorm|p2a: Archibald|[spread] p2a,p2b\n|-crit|p2a: Archibald\n|-supereffective|p2b: Piratebeard\n|-damage|p2a: Archibald|0 fnt\n|-damage|p2b: Piratebeard|0 fnt\n|faint|p2a: Archibald\n|faint|p2b: Piratebeard\n|\n|-heal|p1a: Terapagos|71/100|[from] item: Leftovers\n|upkeep\n|-message|infinitygroudon forfeited.\n|\n|win|Schimmli\n|raw|Schimmli's rating: 1403 &rarr; <strong>1428</strong><br />(+25 for winning)\n|raw|infinitygroudon's rating: 1489 &rarr; <strong>1464</strong><br />(-25 for losing)\n|l|\u2606infinitygroudon\n|player|p2|\n|l|\u2606Schimmli\n|player|p1|\n","uploadtime":1770934206,"views":23,"formatid":"gen9vgc2026regi","rating":1428,"private":0,"password":null}