{"id":"gen9vgc2026regi-2567495125","format":"[Gen 9] VGC 2026 Reg I","players":["mroreo328","JakeNBake3D"],"log":"|j|\u2606mroreo328\n|j|\u2606JakeNBake3D\n|t:|1774481378\n|gametype|doubles\n|player|p1|mroreo328|youngster-gen4dp|1310\n|player|p2|JakeNBake3D|169|1329\n|gen|9\n|tier|[Gen 9] VGC 2026 Reg I\n|rated|\n|rule|Species Clause: Limit one of each Pok\u00e9mon\n|rule|Item Clause: Limit 1 of each item\n|clearpoke\n|poke|p1|Whimsicott, L50, M|\n|poke|p1|Indeedee, L50, M|\n|poke|p1|Terrakion, L50|\n|poke|p1|Archaludon, L50, F|\n|poke|p1|Urshifu-*, L50, M|\n|poke|p1|Dragonite, L50, M|\n|poke|p2|Calyrex-Ice, L50|\n|poke|p2|Koraidon, L50|\n|poke|p2|Rillaboom, L50, M|\n|poke|p2|Incineroar, L50, F|\n|poke|p2|Smeargle, L50, M|\n|poke|p2|Landorus, L50, M|\n|teampreview|4\n|inactive|Battle timer is ON: inactive players will automatically lose when time's up. (requested by mroreo328)\n|inactive|mroreo328 has 60 seconds left.\n|inactive|JakeNBake3D has 60 seconds left.\n|\n|t:|1774481427\n|teamsize|p1|4\n|teamsize|p2|4\n|start\n|switch|p1a: Indeedee|Indeedee, L50, M|100/100\n|switch|p1b: Terrakion|Terrakion, L50|100/100\n|switch|p2a: Calyrex|Calyrex-Ice, L50|100/100\n|switch|p2b: Rillaboom|Rillaboom, L50, M|100/100\n|-ability|p2a: Calyrex|As One\n|-ability|p2a: Calyrex|Unnerve\n|-fieldstart|move: Psychic Terrain|[from] ability: Psychic Surge|[of] p1a: Indeedee\n|-fieldstart|move: Grassy Terrain|[from] ability: Grassy Surge|[of] p2b: Rillaboom\n|turn|1\n|inactive|JakeNBake3D has 30 seconds left.\n|\n|t:|1774481459\n|switch|p1a: Archaludon|Archaludon, L50, F|100/100\n|-terastallize|p1b: Terrakion|Ghost\n|move|p2b: Rillaboom|Fake Out|p1b: Terrakion\n|-immune|p1b: Terrakion\n|move|p1b: Terrakion|Taunt|p2a: Calyrex\n|-start|p2a: Calyrex|move: Taunt\n|cant|p2a: Calyrex|move: Taunt|Trick Room\n|\n|upkeep\n|turn|2\n|inactive|mroreo328 has 30 seconds left.\n|inactive|JakeNBake3D has 30 seconds left.\n|\n|t:|1774481487\n|switch|p2a: Koraidon|Koraidon, L50|100/100\n|-weather|SunnyDay|[from] ability: Orichalcum Pulse|[of] p2a: Koraidon\n|-activate|p2a: Koraidon|Orichalcum Pulse|[source]\n|move|p1b: Terrakion|Rock Slide|p2a: Koraidon|[spread] p2a,p2b\n|-resisted|p2a: Koraidon\n|-damage|p2a: Koraidon|90/100\n|-damage|p2b: Rillaboom|74/100\n|move|p2b: Rillaboom|U-turn|p1b: Terrakion\n|-resisted|p1b: Terrakion\n|-damage|p1b: Terrakion|89/100\n|\n|t:|1774481500\n|switch|p2b: Incineroar|Incineroar, L50, F|100/100|[from] U-turn\n|-ability|p2b: Incineroar|Intimidate|boost\n|-unboost|p1a: Archaludon|atk|1\n|-unboost|p1b: Terrakion|atk|1\n|move|p1a: Archaludon|Flash Cannon|p2a: Koraidon\n|-damage|p2a: Koraidon|59/100\n|\n|-weather|SunnyDay|[upkeep]\n|-heal|p1b: Terrakion|95/100|[from] Grassy Terrain\n|-heal|p2a: Koraidon|65/100|[from] Grassy Terrain\n|upkeep\n|turn|3\n|inactive|JakeNBake3D has 30 seconds left.\n|inactive|JakeNBake3D has 20 seconds left.\n|\n|t:|1774481539\n|switch|p1a: Dragonite|Dragonite, L50, M, shiny|100/100\n|move|p1b: Terrakion|Protect|p1b: Terrakion\n|-singleturn|p1b: Terrakion|Protect\n|move|p2a: Koraidon|Low Kick|p1a: Dragonite\n|-resisted|p1a: Dragonite\n|-damage|p1a: Dragonite|78/100\n|move|p2b: Incineroar|Knock Off|p1b: Terrakion\n|-activate|p1b: Terrakion|move: Protect\n|\n|-weather|SunnyDay|[upkeep]\n|-heal|p1b: Terrakion|100/100|[from] Grassy Terrain\n|-heal|p2a: Koraidon|72/100|[from] Grassy Terrain\n|upkeep\n|turn|4\n|inactive|JakeNBake3D has 30 seconds left.\n|inactive|JakeNBake3D has 20 seconds left.\n|\n|t:|1774481575\n|switch|p2a: Calyrex|Calyrex-Ice, L50|100/100\n|-ability|p2a: Calyrex|As One\n|-ability|p2a: Calyrex|Unnerve\n|move|p1b: Terrakion|Rock Slide|p2a: Calyrex|[spread] p2a,p2b\n|-supereffective|p2a: Calyrex\n|-crit|p2a: Calyrex\n|-supereffective|p2b: Incineroar\n|-damage|p2a: Calyrex|51/100\n|-damage|p2b: Incineroar|73/100\n|move|p1a: Dragonite|Scale Shot|p2a: Calyrex\n|-damage|p2a: Calyrex|41/100\n|-damage|p2a: Calyrex|31/100\n|-damage|p2a: Calyrex|21/100\n|-damage|p2a: Calyrex|12/100\n|-hitcount|p2a: Calyrex|4\n|-unboost|p1a: Dragonite|def|1\n|-boost|p1a: Dragonite|spe|1\n|move|p2b: Incineroar|Parting Shot|p1a: Dragonite\n|-unboost|p1a: Dragonite|atk|1\n|-unboost|p1a: Dragonite|spa|1\n|inactive|JakeNBake3D has 30 seconds left.\n|\n|t:|1774481601\n|switch|p2b: Rillaboom|Rillaboom, L50, M|74/100|[from] Parting Shot\n|\n|-weather|SunnyDay|[upkeep]\n|-heal|p2b: Rillaboom|80/100|[from] Grassy Terrain\n|-heal|p2a: Calyrex|17/100|[from] Grassy Terrain\n|-heal|p2a: Calyrex|23/100|[from] item: Leftovers\n|upkeep\n|turn|5\n|\n|t:|1774481619\n|move|p2a: Calyrex|Protect|p2a: Calyrex\n|-singleturn|p2a: Calyrex|Protect\n|move|p2b: Rillaboom|Fake Out|p1a: Dragonite\n|-damage|p1a: Dragonite|59/100\n|cant|p1a: Dragonite|flinch\n|move|p1b: Terrakion|Rock Slide|p2b: Rillaboom|[spread] p2b\n|-activate|p2a: Calyrex|move: Protect\n|-damage|p2b: Rillaboom|62/100\n|\n|-weather|SunnyDay|[upkeep]\n|-heal|p2b: Rillaboom|68/100|[from] Grassy Terrain\n|-heal|p2a: Calyrex|29/100|[from] Grassy Terrain\n|-heal|p2a: Calyrex|35/100|[from] item: Leftovers\n|-fieldend|move: Grassy Terrain\n|upkeep\n|turn|6\n|inactive|JakeNBake3D has 30 seconds left.\n|\n|t:|1774481651\n|switch|p2b: Incineroar|Incineroar, L50, F|73/100\n|-ability|p2b: Incineroar|Intimidate|boost\n|-unboost|p1a: Dragonite|atk|1\n|-unboost|p1b: Terrakion|atk|1\n|-terastallize|p2a: Calyrex|Fairy\n|move|p1a: Dragonite|Scale Shot|p2a: Calyrex\n|-immune|p2a: Calyrex\n|move|p1b: Terrakion|Rock Slide|p2b: Incineroar|[spread] p2b\n|-miss|p1b: Terrakion|p2a: Calyrex\n|-supereffective|p2b: Incineroar\n|-damage|p2b: Incineroar|52/100\n|move|p2a: Calyrex|Leech Seed|p1b: Terrakion\n|-start|p1b: Terrakion|move: Leech Seed\n|\n|-weather|none\n|-heal|p2a: Calyrex|41/100|[from] item: Leftovers\n|-damage|p1b: Terrakion|88/100|[from] Leech Seed|[of] p2a: Calyrex\n|-heal|p2a: Calyrex|52/100|[silent]\n|upkeep\n|turn|7\n|inactive|JakeNBake3D has 30 seconds left.\n|\n|t:|1774481682\n|switch|p1a: Archaludon|Archaludon, L50, F|100/100\n|switch|p2b: Rillaboom|Rillaboom, L50, M|68/100\n|-fieldstart|move: Grassy Terrain|[from] ability: Grassy Surge|[of] p2b: Rillaboom\n|move|p1b: Terrakion|Protect|p1b: Terrakion\n|-singleturn|p1b: Terrakion|Protect\n|move|p2a: Calyrex|Protect||[still]\n|-fail|p2a: Calyrex\n|\n|-heal|p1b: Terrakion|94/100|[from] Grassy Terrain\n|-heal|p2b: Rillaboom|74/100|[from] Grassy Terrain\n|-heal|p2a: Calyrex|58/100|[from] Grassy Terrain\n|-heal|p2a: Calyrex|63/100|[from] item: Leftovers\n|-damage|p1b: Terrakion|82/100|[from] Leech Seed|[of] p2a: Calyrex\n|-heal|p2a: Calyrex|74/100|[silent]\n|upkeep\n|turn|8\n|inactive|JakeNBake3D has 30 seconds left.\n|\n|t:|1774481713\n|move|p2a: Calyrex|Protect|p2a: Calyrex\n|-singleturn|p2a: Calyrex|Protect\n|move|p1b: Terrakion|Rock Slide|p2b: Rillaboom|[spread] p2b\n|-activate|p2a: Calyrex|move: Protect\n|-damage|p2b: Rillaboom|61/100\n|cant|p2b: Rillaboom|flinch\n|move|p1a: Archaludon|Flash Cannon|p2a: Calyrex\n|-activate|p2a: Calyrex|move: Protect\n|\n|-heal|p1b: Terrakion|88/100|[from] Grassy Terrain\n|-heal|p2b: Rillaboom|67/100|[from] Grassy Terrain\n|-heal|p2a: Calyrex|80/100|[from] Grassy Terrain\n|-heal|p2a: Calyrex|86/100|[from] item: Leftovers\n|-damage|p1b: Terrakion|75/100|[from] Leech Seed|[of] p2a: Calyrex\n|-heal|p2a: Calyrex|97/100|[silent]\n|upkeep\n|turn|9\n|inactive|JakeNBake3D has 30 seconds left.\n|inactive|JakeNBake3D has 20 seconds left.\n|\n|t:|1774481753\n|switch|p1b: Dragonite|Dragonite, L50, M, shiny|59/100\n|switch|p2a: Koraidon|Koraidon, L50|72/100\n|-weather|SunnyDay|[from] ability: Orichalcum Pulse|[of] p2a: Koraidon\n|-activate|p2a: Koraidon|Orichalcum Pulse|[source]\n|move|p2b: Rillaboom|Wood Hammer|p1b: Dragonite\n|-resisted|p1b: Dragonite\n|-damage|p1b: Dragonite|42/100\n|-damage|p2b: Rillaboom|62/100|[from] Recoil\n|move|p1a: Archaludon|Flash Cannon|p2a: Koraidon\n|-damage|p2a: Koraidon|44/100\n|\n|-weather|SunnyDay|[upkeep]\n|-heal|p2a: Koraidon|50/100|[from] Grassy Terrain\n|-heal|p2b: Rillaboom|68/100|[from] Grassy Terrain\n|upkeep\n|turn|10\n|inactive|JakeNBake3D has 30 seconds left.\n|\n|t:|1774481780\n|switch|p1a: Terrakion|Terrakion, L50, tera:Ghost|75/100\n|move|p2b: Rillaboom|Fake Out||[still]\n|-hint|Fake Out only works on your first turn out.\n|-fail|p2b: Rillaboom\n|move|p2a: Koraidon|Low Kick|p1a: Terrakion\n|-immune|p1a: Terrakion\n|move|p1b: Dragonite|Scale Shot|p2a: Koraidon\n|-supereffective|p2a: Koraidon\n|-damage|p2a: Koraidon|26/100\n|-supereffective|p2a: Koraidon\n|-damage|p2a: Koraidon|0 fnt\n|faint|p2a: Koraidon\n|-hitcount|p2: Koraidon|2\n|-unboost|p1b: Dragonite|def|1\n|-boost|p1b: Dragonite|spe|1\n|\n|-weather|SunnyDay|[upkeep]\n|-heal|p1a: Terrakion|81/100|[from] Grassy Terrain\n|-heal|p2b: Rillaboom|74/100|[from] Grassy Terrain\n|upkeep\n|\n|t:|1774481803\n|switch|p2a: Calyrex|Calyrex-Ice, L50, tera:Fairy|97/100\n|-ability|p2a: Calyrex|As One\n|-ability|p2a: Calyrex|Unnerve\n|turn|11\n|\n|t:|1774481822\n|switch|p2b: Incineroar|Incineroar, L50, F|52/100\n|-ability|p2b: Incineroar|Intimidate|boost\n|-unboost|p1a: Terrakion|atk|1\n|-unboost|p1b: Dragonite|atk|1\n|move|p1b: Dragonite|Iron Head|p2a: Calyrex\n|-supereffective|p2a: Calyrex\n|-damage|p2a: Calyrex|71/100\n|move|p1a: Terrakion|Rock Slide|p2a: Calyrex|[spread] p2a,p2b\n|-supereffective|p2b: Incineroar\n|-damage|p2a: Calyrex|60/100\n|-damage|p2b: Incineroar|22/100\n|cant|p2a: Calyrex|flinch\n|\n|-weather|SunnyDay|[upkeep]\n|-heal|p1a: Terrakion|87/100|[from] Grassy Terrain\n|-heal|p2b: Incineroar|28/100|[from] Grassy Terrain\n|-heal|p2a: Calyrex|66/100|[from] Grassy Terrain\n|-heal|p2a: Calyrex|72/100|[from] item: Leftovers\n|-fieldend|move: Grassy Terrain\n|upkeep\n|turn|12\n|inactive|JakeNBake3D has 30 seconds left.\n|\n|t:|1774481847\n|switch|p1b: Archaludon|Archaludon, L50, F|100/100\n|move|p1a: Terrakion|Protect|p1a: Terrakion\n|-singleturn|p1a: Terrakion|Protect\n|move|p2b: Incineroar|Fake Out|p1b: Archaludon\n|-resisted|p1b: Archaludon\n|-damage|p1b: Archaludon|97/100\n|-ability|p1b: Archaludon|Stamina|boost\n|-boost|p1b: Archaludon|def|1\n|move|p2a: Calyrex|Trick Room|p2a: Calyrex\n|-fieldstart|move: Trick Room|[of] p2a: Calyrex\n|\n|-weather|SunnyDay|[upkeep]\n|-heal|p2a: Calyrex|78/100|[from] item: Leftovers\n|upkeep\n|turn|13\n|inactive|JakeNBake3D has 30 seconds left.\n|inactive|JakeNBake3D has 20 seconds left.\n|inactive|JakeNBake3D has 15 seconds left.\n|\n|t:|1774481875\n|move|p2a: Calyrex|Leech Seed|p1b: Archaludon\n|-start|p1b: Archaludon|move: Leech Seed\n|move|p2b: Incineroar|Parting Shot|p1b: Archaludon\n|-unboost|p1b: Archaludon|atk|1\n|-unboost|p1b: Archaludon|spa|1\n|inactive|JakeNBake3D has 15 seconds left this turn.\n|inactive|JakeNBake3D has 10 seconds left.\n|\n|t:|1774481881\n|switch|p2b: Rillaboom|Rillaboom, L50, M|74/100|[from] Parting Shot\n|-fieldstart|move: Grassy Terrain|[from] ability: Grassy Surge|[of] p2b: Rillaboom\n|move|p1b: Archaludon|Flash Cannon|p2a: Calyrex\n|-supereffective|p2a: Calyrex\n|-damage|p2a: Calyrex|49/100\n|move|p1a: Terrakion|Rock Slide|p2b: Rillaboom|[spread] p2a,p2b\n|-crit|p2b: Rillaboom\n|-damage|p2a: Calyrex|39/100\n|-damage|p2b: Rillaboom|34/100\n|\n|-weather|none\n|-heal|p2a: Calyrex|44/100|[from] Grassy Terrain\n|-heal|p2a: Calyrex|50/100|[from] item: Leftovers\n|-heal|p1b: Archaludon|100/100|[from] Grassy Terrain\n|-heal|p2b: Rillaboom|40/100|[from] Grassy Terrain\n|-heal|p1a: Terrakion|93/100|[from] Grassy Terrain\n|-damage|p1b: Archaludon|88/100|[from] Leech Seed|[of] p2a: Calyrex\n|-heal|p2a: Calyrex|62/100|[silent]\n|upkeep\n|turn|14\n|inactive|JakeNBake3D has 10 seconds left this turn.\n|inactive|JakeNBake3D has 5 seconds left.\n|-message|JakeNBake3D lost due to inactivity.\n|\n|win|mroreo328\n|raw|mroreo328's rating: 1310 &rarr; <strong>1331</strong><br />(+21 for winning)\n|raw|JakeNBake3D's rating: 1329 &rarr; <strong>1308</strong><br />(-21 for losing)\n|l|\u2606JakeNBake3D\n|player|p2|\n|l|\u2606mroreo328\n|player|p1|\n","uploadtime":1774482037,"views":5,"formatid":"gen9vgc2026regi","rating":1308,"private":0,"password":null}