{"id":"gen9vgc2026regi-2542317434","format":"[Gen 9] VGC 2026 Reg I","players":["EllenJoe2026","wtacrv"],"log":"|j|\u203dEllenJoe2026\n|j|\u2606wtacrv\n|t:|1771437604\n|gametype|doubles\n|player|p1|EllenJoe2026|iono|1449\n|player|p2|wtacrv|biker-gen4|1436\n|gen|9\n|tier|[Gen 9] VGC 2026 Reg I\n|rated|\n|rule|Species Clause: Limit one of each Pok\u00e9mon\n|rule|Item Clause: Limit 1 of each item\n|clearpoke\n|poke|p1|Calyrex-Ice, L50|\n|poke|p1|Miraidon, L50|\n|poke|p1|Tornadus, L50, M|\n|poke|p1|Urshifu-*, L50, F|\n|poke|p1|Grimmsnarl, L50, M|\n|poke|p1|Indeedee-F, L50, F|\n|poke|p2|Calyrex-Ice, L50|\n|poke|p2|Moltres-Galar, L50|\n|poke|p2|Groudon, L50|\n|poke|p2|Iron Hands, L50|\n|poke|p2|Sinistcha, L50|\n|poke|p2|Rillaboom, L50, F|\n|teampreview|4\n|inactive|Battle timer is ON: inactive players will automatically lose when time's up. (requested by wtacrv)\n|inactive|EllenJoe2026 also wants the timer to be on.\n|inactive|wtacrv has 60 seconds left.\n|\n|t:|1771437636\n|teamsize|p1|4\n|teamsize|p2|4\n|start\n|switch|p1a: Calyrex|Calyrex-Ice, L50|100/100\n|switch|p1b: Indeedee|Indeedee-F, L50, F, shiny|100/100\n|switch|p2a: Iron Hands|Iron Hands, L50|100/100\n|switch|p2b: Sinistcha|Sinistcha, L50|100/100\n|-ability|p1a: Calyrex|As One\n|-ability|p1a: Calyrex|Unnerve\n|-fieldstart|move: Psychic Terrain|[from] ability: Psychic Surge|[of] p1b: Indeedee\n|turn|1\n|\n|t:|1771437652\n|switch|p2b: Calyrex|Calyrex-Ice, L50|100/100\n|-ability|p2b: Calyrex|As One\n|-ability|p2b: Calyrex|Unnerve\n|move|p1b: Indeedee|Helping Hand|p1a: Calyrex\n|-singleturn|p1a: Calyrex|Helping Hand|[of] p1b: Indeedee\n|move|p1a: Calyrex|Glacial Lance|p2b: Calyrex|[spread] p2a,p2b\n|-resisted|p2b: Calyrex\n|-damage|p2a: Iron Hands|52/100\n|-damage|p2b: Calyrex|76/100\n|move|p2a: Iron Hands|Swords Dance|p2a: Iron Hands\n|-boost|p2a: Iron Hands|atk|2\n|\n|upkeep\n|turn|2\n|inactive|wtacrv has 30 seconds left.\n|inactive|wtacrv has 20 seconds left.\n|inactive|wtacrv has 15 seconds left.\n|inactive|wtacrv has 10 seconds left.\n|\n|t:|1771437701\n|switch|p2b: Sinistcha|Sinistcha, L50|100/100\n|-heal|p2a: Iron Hands|77/100|[from] ability: Hospitality|[of] p2b: Sinistcha\n|-terastallize|p1a: Calyrex|Grass\n|move|p1b: Indeedee|Follow Me|p1b: Indeedee\n|-singleturn|p1b: Indeedee|move: Follow Me\n|move|p1a: Calyrex|Imprison|p1a: Calyrex\n|-start|p1a: Calyrex|move: Imprison\n|move|p2a: Iron Hands|Close Combat|p1b: Indeedee\n|-damage|p1b: Indeedee|2/100\n|-unboost|p2a: Iron Hands|def|1\n|-unboost|p2a: Iron Hands|spd|1\n|-enditem|p1b: Indeedee|Eject Button\n|\n|t:|1771437719\n|switch|p1b: Miraidon|Miraidon, L50, shiny|100/100\n|-fieldstart|move: Electric Terrain|[from] ability: Hadron Engine|[of] p1b: Miraidon\n|-activate|p2a: Iron Hands|ability: Quark Drive\n|-start|p2a: Iron Hands|quarkdriveatk\n|\n|upkeep\n|turn|3\n|inactive|wtacrv has 30 seconds left.\n|\n|t:|1771437745\n|move|p2b: Sinistcha|Rage Powder|p2b: Sinistcha\n|-singleturn|p2b: Sinistcha|move: Rage Powder\n|move|p1b: Miraidon|Dazzling Gleam|p2b: Sinistcha|[spread] p2a,p2b\n|-supereffective|p2a: Iron Hands\n|-crit|p2b: Sinistcha\n|-damage|p2a: Iron Hands|0 fnt\n|-damage|p2b: Sinistcha|54/100\n|faint|p2a: Iron Hands\n|-end|p2a: Iron Hands|Quark Drive|[silent]\n|move|p1a: Calyrex|Glacial Lance|p2b: Sinistcha\n|-supereffective|p2b: Sinistcha\n|-crit|p2b: Sinistcha\n|-damage|p2b: Sinistcha|0 fnt\n|faint|p2b: Sinistcha\n|-ability|p1a: Calyrex|Chilling Neigh|boost\n|-boost|p1a: Calyrex|atk|1\n|\n|upkeep\n|\n|t:|1771437757\n|switch|p2b: Calyrex|Calyrex-Ice, L50|76/100\n|switch|p2a: Groudon|Groudon, L50|100/100\n|-ability|p2b: Calyrex|As One\n|-ability|p2b: Calyrex|Unnerve\n|-weather|SunnyDay|[from] ability: Drought|[of] p2a: Groudon\n|turn|4\n|\n|t:|1771437770\n|-terastallize|p2a: Groudon|Fire\n|move|p2b: Calyrex|Protect|p2b: Calyrex\n|-singleturn|p2b: Calyrex|Protect\n|move|p1b: Miraidon|Dazzling Gleam|p2b: Calyrex|[spread] p2a\n|-activate|p2b: Calyrex|move: Protect\n|-resisted|p2a: Groudon\n|-damage|p2a: Groudon|83/100\n|move|p2a: Groudon|Heat Crash|p1a: Calyrex\n|-supereffective|p1a: Calyrex\n|-damage|p1a: Calyrex|35/100\n|-damage|p2a: Groudon|74/100|[from] item: Life Orb\n|move|p1a: Calyrex|Glacial Lance|p2a: Groudon|[spread] p2a\n|-activate|p2b: Calyrex|move: Protect\n|-resisted|p2a: Groudon\n|-damage|p2a: Groudon|44/100\n|\n|-weather|SunnyDay|[upkeep]\n|upkeep\n|turn|5\n|inactive|EllenJoe2026 has 30 seconds left.\n|inactive|wtacrv has 30 seconds left.\n|\n|t:|1771437798\n|switch|p1a: Urshifu|Urshifu-Rapid-Strike, L50, F|100/100\n|move|p1b: Miraidon|Dazzling Gleam|p2a: Groudon|[spread] p2a,p2b\n|-resisted|p2a: Groudon\n|-damage|p2a: Groudon|27/100\n|-damage|p2b: Calyrex|49/100\n|move|p2a: Groudon|Precipice Blades|p1b: Miraidon|[spread] p1a,p1b\n|-supereffective|p1b: Miraidon\n|-damage|p1a: Urshifu|24/100\n|-damage|p1b: Miraidon|0 fnt\n|faint|p1b: Miraidon\n|-damage|p2a: Groudon|17/100|[from] item: Life Orb\n|move|p2b: Calyrex|High Horsepower|p1a: Urshifu|[miss]\n|-miss|p2b: Calyrex|p1a: Urshifu\n|\n|-weather|SunnyDay|[upkeep]\n|upkeep\n|\n|t:|1771437805\n|switch|p1b: Calyrex|Calyrex-Ice, L50, tera:Grass|35/100\n|-ability|p1b: Calyrex|As One\n|-ability|p1b: Calyrex|Unnerve\n|turn|6\n|\n|t:|1771437821\n|move|p1a: Urshifu|Close Combat|p2a: Groudon\n|-damage|p2a: Groudon|0 fnt\n|-unboost|p1a: Urshifu|def|1\n|-unboost|p1a: Urshifu|spd|1\n|faint|p2a: Groudon\n|move|p1b: Calyrex|Imprison|p1b: Calyrex\n|-start|p1b: Calyrex|move: Imprison\n|cant|p2b: Calyrex|move: Imprison|Glacial Lance\n|\n|-weather|SunnyDay|[upkeep]\n|-fieldend|move: Electric Terrain\n|upkeep\n|turn|7\n|\n|t:|1771437836\n|move|p1a: Urshifu|Close Combat|p2b: Calyrex\n|-damage|p2b: Calyrex|0 fnt\n|-unboost|p1a: Urshifu|def|1\n|-unboost|p1a: Urshifu|spd|1\n|faint|p2b: Calyrex\n|\n|win|EllenJoe2026\n|raw|EllenJoe2026's rating: 1449 &rarr; <strong>1468</strong><br />(+19 for winning)\n|raw|wtacrv's rating: 1436 &rarr; <strong>1417</strong><br />(-19 for losing)\n|l|\u2606wtacrv\n|player|p2|\n|l|\u203dEllenJoe2026\n|player|p1|\n","uploadtime":1771438018,"views":14,"formatid":"gen9vgc2026regi","rating":1417,"private":0,"password":null}