{"id":"gen9vgc2026regi-2582081973","format":"[Gen 9] VGC 2026 Reg I","players":["Markingdra","RK9 Only"],"log":"|j|\u2606Markingdra\n|j|\u2606RK9 Only\n|t:|1776055588\n|gametype|doubles\n|player|p1|Markingdra|unknown|1550\n|player|p2|RK9 Only|crasherwake|1476\n|gen|9\n|tier|[Gen 9] VGC 2026 Reg I\n|rated|\n|rule|Species Clause: Limit one of each Pok\u00e9mon\n|rule|Item Clause: Limit 1 of each item\n|clearpoke\n|poke|p1|Koraidon, L50|\n|poke|p1|Calyrex-Shadow, L50|\n|poke|p1|Incineroar, L50, F|\n|poke|p1|Brute Bonnet, L50|\n|poke|p1|Raging Bolt, L50|\n|poke|p1|Ogerpon-Cornerstone, L50, F|\n|poke|p2|Kyogre, L50|\n|poke|p2|Tornadus, L50, M|\n|poke|p2|Rillaboom, L50, M|\n|poke|p2|Urshifu-*, L50, F|\n|poke|p2|Salamence, L50, F|\n|poke|p2|Calyrex-Ice, L50|\n|teampreview|4\nRK9 Only rejected open team sheets.\n|inactive|Battle timer is ON: inactive players will automatically lose when time's up. (requested by RK9 Only)\n|\n|t:|1776055618\n|teamsize|p1|4\n|teamsize|p2|4\n|start\n|switch|p1a: Brute Bonnet|Brute Bonnet, L50, shiny|100/100\n|switch|p1b: Raging Bolt|Raging Bolt, L50|100/100\n|switch|p2a: Tornadus|Tornadus, L50, M|100/100\n|switch|p2b: Salamence|Salamence, L50, F|100/100\n|-ability|p2b: Salamence|Intimidate|boost\n|-unboost|p1a: Brute Bonnet|atk|1\n|-unboost|p1b: Raging Bolt|atk|1\n|turn|1\n|\n|t:|1776055633\n|-terastallize|p2b: Salamence|Fire\n|-terastallize|p1a: Brute Bonnet|Water\n|move|p2a: Tornadus|Tailwind|p2a: Tornadus\n|-sidestart|p2: RK9 Only|move: Tailwind\n|move|p2b: Salamence|Fire Blast|p1a: Brute Bonnet\n|-resisted|p1a: Brute Bonnet\n|-damage|p1a: Brute Bonnet|66/100\n|move|p1b: Raging Bolt|Volt Switch|p2a: Tornadus\n|-supereffective|p2a: Tornadus\n|-damage|p2a: Tornadus|0 fnt\n|faint|p2a: Tornadus\n|inactive|Markingdra has 30 seconds left.\n|\n|t:|1776055660\n|-end|p1b: Raging Bolt|Protosynthesis|[silent]\n|switch|p1b: Koraidon|Koraidon, L50, shiny|100/100|[from] Volt Switch\n|-weather|SunnyDay|[from] ability: Orichalcum Pulse|[of] p1b: Koraidon\n|-activate|p1a: Brute Bonnet|ability: Protosynthesis\n|-start|p1a: Brute Bonnet|protosynthesisdef\n|-activate|p1b: Koraidon|Orichalcum Pulse|[source]\n|move|p1a: Brute Bonnet|Spore|p2b: Salamence\n|-status|p2b: Salamence|slp|[from] move: Spore\n|\n|-weather|SunnyDay|[upkeep]\n|upkeep\n|\n|t:|1776055674\n|switch|p2a: Kyogre|Kyogre, L50|100/100\n|-weather|RainDance|[from] ability: Drizzle|[of] p2a: Kyogre\n|-end|p1a: Brute Bonnet|Protosynthesis\n|turn|2\n|\n|t:|1776055685\n|switch|p2b: Urshifu|Urshifu, L50, F|100/100\n|switch|p1b: Raging Bolt|Raging Bolt, L50|100/100\n|move|p2a: Kyogre|Water Spout|p1a: Brute Bonnet|[spread] p1a,p1b\n|-resisted|p1a: Brute Bonnet\n|-resisted|p1b: Raging Bolt\n|-damage|p1a: Brute Bonnet|21/100\n|-damage|p1b: Raging Bolt|74/100\n|move|p1a: Brute Bonnet|Spore|p2a: Kyogre\n|-status|p2a: Kyogre|slp|[from] move: Spore\n|\n|-weather|RainDance|[upkeep]\n|upkeep\n|turn|3\n|\n|t:|1776055700\n|switch|p2a: Salamence|Salamence, L50, F, tera:Fire|100/100 slp\n|-ability|p2a: Salamence|Intimidate|boost\n|-unboost|p1a: Brute Bonnet|atk|1\n|-unboost|p1b: Raging Bolt|atk|1\n|-end|p1a: Brute Bonnet|Protosynthesis|[silent]\n|switch|p1a: Koraidon|Koraidon, L50, shiny|100/100\n|-weather|SunnyDay|[from] ability: Orichalcum Pulse|[of] p1a: Koraidon\n|-activate|p1b: Raging Bolt|ability: Protosynthesis\n|-start|p1b: Raging Bolt|protosynthesisspa\n|-activate|p1a: Koraidon|Orichalcum Pulse|[source]\n|move|p2b: Urshifu|Wicked Blow|p1b: Raging Bolt\n|-crit|p1b: Raging Bolt\n|-damage|p1b: Raging Bolt|5/100\n|move|p1b: Raging Bolt|Volt Switch|p2a: Salamence\n|-damage|p2a: Salamence|49/100 slp\n|\n|t:|1776055713\n|-end|p1b: Raging Bolt|Protosynthesis|[silent]\n|switch|p1b: Brute Bonnet|Brute Bonnet, L50, shiny, tera:Water|21/100|[from] Volt Switch\n|-activate|p1b: Brute Bonnet|ability: Protosynthesis\n|-start|p1b: Brute Bonnet|protosynthesisdef\n|\n|-weather|SunnyDay|[upkeep]\n|upkeep\n|turn|4\n|\n|t:|1776055721\n|switch|p2a: Kyogre|Kyogre, L50|100/100 slp\n|-weather|RainDance|[from] ability: Drizzle|[of] p2a: Kyogre\n|-end|p1b: Brute Bonnet|Protosynthesis\n|move|p1b: Brute Bonnet|Rage Powder|p1b: Brute Bonnet\n|-singleturn|p1b: Brute Bonnet|move: Rage Powder\n|move|p2b: Urshifu|Wicked Blow|p1b: Brute Bonnet\n|-crit|p1b: Brute Bonnet\n|-damage|p1b: Brute Bonnet|0 fnt\n|faint|p1b: Brute Bonnet\n|-end|p1b: Brute Bonnet|Protosynthesis|[silent]\n|move|p1a: Koraidon|Collision Course|p2b: Urshifu\n|-supereffective|p2b: Urshifu\n|-damage|p2b: Urshifu|0 fnt\n|faint|p2b: Urshifu\n|\n|-weather|RainDance|[upkeep]\n|-sideend|p2: RK9 Only|move: Tailwind\n|upkeep\n|\n|t:|1776055735\n|switch|p2b: Salamence|Salamence, L50, F, tera:Fire|49/100 slp\n|switch|p1b: Calyrex|Calyrex-Shadow, L50|100/100\n|-ability|p1b: Calyrex|As One\n|-ability|p1b: Calyrex|Unnerve\n|-ability|p2b: Salamence|Intimidate|boost\n|-fail|p1a: Koraidon|unboost|[from] item: Clear Amulet|[of] p1a: Koraidon\n|-unboost|p1b: Calyrex|atk|1\n|turn|5\n|\n|t:|1776055748\n|cant|p2a: Kyogre|slp\n|move|p1b: Calyrex|Astral Barrage|p2a: Kyogre|[spread] p2a,p2b\n|-damage|p2a: Kyogre|58/100 slp\n|-damage|p2b: Salamence|0 fnt\n|faint|p2b: Salamence\n|-ability|p1b: Calyrex|Grim Neigh|boost\n|-boost|p1b: Calyrex|spa|1\n|move|p1a: Koraidon|Collision Course|p2a: Kyogre\n|-damage|p2a: Kyogre|2/100 slp\n|\n|-weather|RainDance|[upkeep]\n|upkeep\n|turn|6\n|\n|t:|1776055760\n|-curestatus|p2a: Kyogre|slp|[msg]\n|move|p2a: Kyogre|Hydro Pump|p1b: Calyrex\n|-damage|p1b: Calyrex|8/100\n|move|p1b: Calyrex|Astral Barrage|p2a: Kyogre\n|-damage|p2a: Kyogre|0 fnt\n|faint|p2a: Kyogre\n|\n|win|Markingdra\n|raw|Markingdra's rating: 1550 &rarr; <strong>1566</strong><br />(+16 for winning)\n|raw|RK9 Only's rating: 1476 &rarr; <strong>1460</strong><br />(-16 for losing)\n|l|\u2606RK9 Only\n|player|p2|\n|l|\u2606Markingdra\n|player|p1|\n","uploadtime":1776055957,"views":12,"formatid":"gen9vgc2026regi","rating":1460,"private":0,"password":null}