{"id":"gen9vgc2026regi-2580328964","format":"[Gen 9] VGC 2026 Reg I","players":["hiieeuu","eltutonach"],"log":"|j|\u2606hiieeuu\n|j|\u2606eltutonach\n|t:|1775881113\n|gametype|doubles\n|player|p1|hiieeuu|youngster-gen4dp|1104\n|player|p2|eltutonach|102|1140\n|gen|9\n|tier|[Gen 9] VGC 2026 Reg I\n|rated|\n|rule|Species Clause: Limit one of each Pok\u00e9mon\n|rule|Item Clause: Limit 1 of each item\n|clearpoke\n|poke|p1|Tornadus, L50, M|\n|poke|p1|Comfey, L50, F|\n|poke|p1|Serperior, L50, F|\n|poke|p1|Haxorus, L50, F|\n|poke|p1|Persian, L50, F|\n|poke|p1|Milotic, L50, M|\n|poke|p2|Kyogre, L50|\n|poke|p2|Farigiraf, L50, F|\n|poke|p2|Calyrex-Ice, L50|\n|poke|p2|Raichu, L50, F|\n|poke|p2|Iron Valiant, L50|\n|poke|p2|Grimmsnarl, L50, M|\n|teampreview|4\n|inactive|Battle timer is ON: inactive players will automatically lose when time's up. (requested by eltutonach)\n|\n|t:|1775881140\n|teamsize|p1|4\n|teamsize|p2|4\n|start\n|switch|p1a: Persian|Persian, L50, F|100/100\n|switch|p1b: Haxorus|Haxorus, L50, F|100/100\n|switch|p2a: Kyogre|Kyogre, L50, shiny|100/100\n|switch|p2b: Farigiraf|Farigiraf, L50, F|100/100\n|-ability|p1b: Haxorus|Mold Breaker\n|-weather|RainDance|[from] ability: Drizzle|[of] p2a: Kyogre\n|turn|1\n|\n|t:|1775881153\n|move|p2a: Kyogre|Protect|p2a: Kyogre\n|-singleturn|p2a: Kyogre|Protect\n|move|p1a: Persian|Knock Off|p2b: Farigiraf\n|-supereffective|p2b: Farigiraf\n|-damage|p2b: Farigiraf|56/100\n|-enditem|p2b: Farigiraf|Mental Herb|[from] move: Knock Off|[of] p1a: Persian\n|move|p1b: Haxorus|Dragon Dance|p1b: Haxorus\n|-boost|p1b: Haxorus|atk|1\n|-boost|p1b: Haxorus|spe|1\n|move|p2b: Farigiraf|Trick Room|p2b: Farigiraf\n|-fieldstart|move: Trick Room|[of] p2b: Farigiraf\n|\n|-weather|RainDance|[upkeep]\n|upkeep\n|turn|2\n|\n|t:|1775881170\n|switch|p1a: Serperior|Serperior, L50, F, shiny|100/100\n|move|p2b: Farigiraf|Helping Hand|p2a: Kyogre\n|-singleturn|p2a: Kyogre|Helping Hand|[of] p2b: Farigiraf\n|move|p2a: Kyogre|Ice Beam|p1b: Haxorus\n|-supereffective|p1b: Haxorus\n|-damage|p1b: Haxorus|0 fnt\n|faint|p1b: Haxorus\n|\n|-weather|RainDance|[upkeep]\n|upkeep\n|\n|t:|1775881182\n|switch|p1b: Milotic|Milotic, L50, M|100/100\n|turn|3\n|inactive|eltutonach has 30 seconds left.\n|inactive|eltutonach has 20 seconds left.\n|inactive|eltutonach has 15 seconds left.\n|inactive|eltutonach has 10 seconds left.\n|\n|t:|1775881229\n|move|p2b: Farigiraf|Helping Hand|p2a: Kyogre\n|-singleturn|p2a: Kyogre|Helping Hand|[of] p2b: Farigiraf\n|move|p2a: Kyogre|Ice Beam|p1a: Serperior\n|-supereffective|p1a: Serperior\n|-damage|p1a: Serperior|0 fnt\n|faint|p1a: Serperior\n|move|p1b: Milotic|Scald|p2b: Farigiraf\n|-damage|p2b: Farigiraf|27/100\n|-status|p2b: Farigiraf|brn\n|\n|-weather|RainDance|[upkeep]\n|-damage|p2b: Farigiraf|21/100 brn|[from] brn\n|upkeep\n|\n|t:|1775881252\n|switch|p1a: Persian|Persian, L50, F|100/100\n|turn|4\n|\n|t:|1775881257\n|move|p2b: Farigiraf|Helping Hand|p2a: Kyogre\n|-singleturn|p2a: Kyogre|Helping Hand|[of] p2b: Farigiraf\n|move|p2a: Kyogre|Thunder|p1b: Milotic\n|-supereffective|p1b: Milotic\n|-damage|p1b: Milotic|0 fnt\n|faint|p1b: Milotic\n|move|p1a: Persian|Endeavor|p2a: Kyogre\n|-damage|p2a: Kyogre|68/100\n|\n|-weather|RainDance|[upkeep]\n|-heal|p2a: Kyogre|74/100|[from] item: Leftovers\n|-damage|p2b: Farigiraf|15/100 brn|[from] brn\n|upkeep\n|turn|5\n|\n|t:|1775881270\n|move|p2b: Farigiraf|Foul Play|p1a: Persian\n|-damage|p1a: Persian|80/100\n|move|p2a: Kyogre|Water Spout|p1a: Persian\n|-damage|p1a: Persian|0 fnt\n|faint|p1a: Persian\n|\n|win|eltutonach\n|raw|hiieeuu's rating: 1104 &rarr; <strong>1082</strong><br />(-22 for losing)\n|raw|eltutonach's rating: 1140 &rarr; <strong>1162</strong><br />(+22 for winning)\n|l|\u2606hiieeuu\n|player|p1|\n|l|\u2606eltutonach\n|player|p2|\n","uploadtime":1775881519,"views":9,"formatid":"gen9vgc2026regi","rating":1082,"private":0,"password":null}