{"id":"gen9vgc2026regi-2579553053","format":"[Gen 9] VGC 2026 Reg I","players":["dpsicieu","ranchsauce"],"log":"|j|\u2606dpsicieu\n|j|\u2606ranchsauce\n|t:|1775796429\n|gametype|doubles\n|player|p1|dpsicieu|101|1568\n|player|p2|ranchsauce|baker|1441\n|gen|9\n|tier|[Gen 9] VGC 2026 Reg I\n|rated|\n|rule|Species Clause: Limit one of each Pok\u00e9mon\n|rule|Item Clause: Limit 1 of each item\n|clearpoke\n|poke|p1|Calyrex-Ice, L50|\n|poke|p1|Miraidon, L50|\n|poke|p1|Iron Hands, L50|\n|poke|p1|Farigiraf, L50, F|\n|poke|p1|Torkoal, L50, M|\n|poke|p1|Smeargle, L50, F|\n|poke|p2|Garganacl, L50, M|\n|poke|p2|Calyrex-Shadow, L50|\n|poke|p2|Incineroar, L50, F|\n|poke|p2|Rillaboom, L50, M|\n|poke|p2|Eternatus, L50|\n|poke|p2|Weezing-Galar, L50, F|\n|teampreview|4\n|inactive|Battle timer is ON: inactive players will automatically lose when time's up. (requested by dpsicieu)\n|inactive|ranchsauce has 60 seconds left.\n|inactive|dpsicieu has 60 seconds left.\n|\n|t:|1775796476\n|teamsize|p1|4\n|teamsize|p2|4\n|start\n|switch|p1a: Miraidon|Miraidon, L50|100/100\n|switch|p1b: Farigiraf|Farigiraf, L50, F|100/100\n|switch|p2a: Garganacl|Garganacl, L50, M|100/100\n|switch|p2b: Calyrex|Calyrex-Shadow, L50|100/100\n|-ability|p2b: Calyrex|As One\n|-ability|p2b: Calyrex|Unnerve\n|-fieldstart|move: Electric Terrain|[from] ability: Hadron Engine|[of] p1a: Miraidon\n|-enditem|p1b: Farigiraf|Electric Seed\n|-boost|p1b: Farigiraf|def|1|[from] item: Electric Seed\n|turn|1\n|\n|t:|1775796492\n|switch|p2b: Eternatus|Eternatus, L50|100/100\n|-ability|p2b: Eternatus|Pressure\n|-terastallize|p2a: Garganacl|Dragon\n|move|p1a: Miraidon|Volt Switch|p2b: Eternatus\n|-resisted|p2b: Eternatus\n|-damage|p2b: Eternatus|77/100\n|\n|t:|1775796501\n|switch|p1a: Calyrex|Calyrex-Ice, L50|100/100|[from] Volt Switch\n|-ability|p1a: Calyrex|As One\n|-ability|p1a: Calyrex|Unnerve\n|move|p1b: Farigiraf|Psychic|p2a: Garganacl\n|-damage|p2a: Garganacl|68/100\n|move|p2a: Garganacl|Salt Cure|p1b: Farigiraf\n|-damage|p1b: Farigiraf|91/100\n|-start|p1b: Farigiraf|Salt Cure\n|\n|-heal|p2a: Garganacl|74/100|[from] item: Leftovers\n|-damage|p1b: Farigiraf|79/100|[from] Salt Cure\n|upkeep\n|turn|2\n|\n|t:|1775796515\n|-terastallize|p1a: Calyrex|Ground\n|move|p2b: Eternatus|Cosmic Power|p2b: Eternatus\n|-boost|p2b: Eternatus|def|1\n|-boost|p2b: Eternatus|spd|1\n|move|p2a: Garganacl|Salt Cure|p1a: Calyrex\n|-resisted|p1a: Calyrex\n|-damage|p1a: Calyrex|96/100\n|-start|p1a: Calyrex|Salt Cure\n|move|p1a: Calyrex|High Horsepower|p2b: Eternatus\n|-supereffective|p2b: Eternatus\n|-damage|p2b: Eternatus|26/100\n|move|p1b: Farigiraf|Trick Room|p1b: Farigiraf\n|-fieldstart|move: Trick Room|[of] p1b: Farigiraf\n|\n|-heal|p2a: Garganacl|80/100|[from] item: Leftovers\n|-damage|p1a: Calyrex|84/100|[from] Salt Cure\n|-damage|p1b: Farigiraf|67/100|[from] Salt Cure\n|upkeep\n|turn|3\n|\n|t:|1775796542\n|switch|p1b: Iron Hands|Iron Hands, L50|100/100\n|-activate|p1b: Iron Hands|ability: Quark Drive\n|-start|p1b: Iron Hands|quarkdriveatk\n|move|p2a: Garganacl|Wide Guard|p2a: Garganacl\n|-singleturn|p2a: Garganacl|Wide Guard\n|move|p1a: Calyrex|High Horsepower|p2b: Eternatus\n|-supereffective|p2b: Eternatus\n|-damage|p2b: Eternatus|0 fnt\n|faint|p2b: Eternatus\n|-ability|p1a: Calyrex|Chilling Neigh|boost\n|-boost|p1a: Calyrex|atk|1\n|\n|-heal|p2a: Garganacl|86/100|[from] item: Leftovers\n|-damage|p1a: Calyrex|72/100|[from] Salt Cure\n|upkeep\n|\n|t:|1775796555\n|switch|p2b: Rillaboom|Rillaboom, L50, M|100/100\n|-fieldstart|move: Grassy Terrain|[from] ability: Grassy Surge|[of] p2b: Rillaboom\n|-end|p1b: Iron Hands|Quark Drive\n|turn|4\n|\n|t:|1775796571\n|-end|p1b: Iron Hands|Quark Drive|[silent]\n|switch|p1b: Farigiraf|Farigiraf, L50, F|67/100\n|move|p2a: Garganacl|Wide Guard|p2a: Garganacl\n|-singleturn|p2a: Garganacl|Wide Guard\n|move|p1a: Calyrex|Glacial Lance|p2a: Garganacl|[spread] \n|-activate|p2a: Garganacl|move: Wide Guard\n|-activate|p2b: Rillaboom|move: Wide Guard\n|move|p2b: Rillaboom|Wood Hammer|p1a: Calyrex\n|-supereffective|p1a: Calyrex\n|-damage|p1a: Calyrex|0 fnt\n|faint|p1a: Calyrex\n|-damage|p2b: Rillaboom|76/100|[from] Recoil\n|\n|-heal|p2a: Garganacl|91/100|[from] Grassy Terrain\n|-heal|p2a: Garganacl|97/100|[from] item: Leftovers\n|-heal|p1b: Farigiraf|73/100|[from] Grassy Terrain\n|-heal|p2b: Rillaboom|82/100|[from] Grassy Terrain\n|upkeep\n|\n|t:|1775796579\n|switch|p1a: Iron Hands|Iron Hands, L50|100/100\n|turn|5\n|\n|t:|1775796588\n|move|p1a: Iron Hands|Low Kick|p2b: Rillaboom\n|-damage|p2b: Rillaboom|32/100\n|move|p2a: Garganacl|Salt Cure|p1b: Farigiraf\n|-damage|p1b: Farigiraf|57/100\n|-start|p1b: Farigiraf|Salt Cure\n|move|p1b: Farigiraf|Foul Play|p2b: Rillaboom\n|-damage|p2b: Rillaboom|0 fnt\n|faint|p2b: Rillaboom\n|\n|-heal|p2a: Garganacl|100/100|[from] Grassy Terrain\n|-heal|p1b: Farigiraf|63/100|[from] Grassy Terrain\n|-damage|p1b: Farigiraf|51/100|[from] Salt Cure\n|upkeep\n|\n|t:|1775796596\n|switch|p2b: Calyrex|Calyrex-Shadow, L50|100/100\n|-ability|p2b: Calyrex|As One\n|-ability|p2b: Calyrex|Unnerve\n|turn|6\n|\n|t:|1775796605\n|move|p1a: Iron Hands|Low Kick|p2a: Garganacl\n|-damage|p2a: Garganacl|60/100\n|move|p2a: Garganacl|Salt Cure|p1a: Iron Hands\n|-resisted|p1a: Iron Hands\n|-damage|p1a: Iron Hands|96/100\n|-start|p1a: Iron Hands|Salt Cure\n|move|p1b: Farigiraf|Foul Play|p2b: Calyrex\n|-supereffective|p2b: Calyrex\n|-damage|p2b: Calyrex|32/100\n|move|p2b: Calyrex|Psychic|p1a: Iron Hands\n|-supereffective|p1a: Iron Hands\n|-damage|p1a: Iron Hands|7/100\n|\n|-heal|p1a: Iron Hands|13/100|[from] Grassy Terrain\n|-heal|p2a: Garganacl|66/100|[from] Grassy Terrain\n|-heal|p2a: Garganacl|72/100|[from] item: Leftovers\n|-heal|p1b: Farigiraf|57/100|[from] Grassy Terrain\n|-heal|p2b: Calyrex|38/100|[from] Grassy Terrain\n|-damage|p1a: Iron Hands|0 fnt|[from] Salt Cure\n|faint|p1a: Iron Hands\n|-end|p1a: Iron Hands|Quark Drive|[silent]\n|-damage|p1b: Farigiraf|45/100|[from] Salt Cure\n|-fieldend|move: Trick Room\n|upkeep\n|\n|t:|1775796616\n|switch|p1a: Miraidon|Miraidon, L50|100/100\n|-fieldstart|move: Electric Terrain|[from] ability: Hadron Engine|[of] p1a: Miraidon\n|turn|7\n|\n|t:|1775796622\n|move|p1a: Miraidon|Draco Meteor|p2a: Garganacl\n|-supereffective|p2a: Garganacl\n|-damage|p2a: Garganacl|0 fnt\n|-unboost|p1a: Miraidon|spa|2\n|faint|p2a: Garganacl\n|move|p2b: Calyrex|Psychic|p1a: Miraidon\n|-damage|p1a: Miraidon|27/100\n|move|p1b: Farigiraf|Foul Play|p2b: Calyrex\n|-supereffective|p2b: Calyrex\n|-damage|p2b: Calyrex|0 fnt\n|faint|p2b: Calyrex\n|\n|win|dpsicieu\n|raw|dpsicieu's rating: 1568 &rarr; <strong>1581</strong><br />(+13 for winning)\n|raw|ranchsauce's rating: 1441 &rarr; <strong>1428</strong><br />(-13 for losing)\n|l|\u2606ranchsauce\n|player|p2|\n|l|\u2606dpsicieu\n|player|p1|\n","uploadtime":1775796872,"views":9,"formatid":"gen9vgc2026regi","rating":1428,"private":0,"password":null}