{"id":"gen9vgc2026regi-2561509110","format":"[Gen 9] VGC 2026 Reg I","players":["lawrence123","It'sJustKen VGC"],"log":"|j|\u2606lawrence123\n|j|\u2606It'sJustKen VGC\n|t:|1773804639\n|gametype|doubles\n|player|p1|lawrence123|cynthia-masters|\n|player|p2|It'sJustKen VGC|1|\n|gen|9\n|tier|[Gen 9] VGC 2026 Reg I\n|rated|Tournament battle\n|rule|Species Clause: Limit one of each Pok\u00e9mon\n|rule|Item Clause: Limit 1 of each item\n|raw|<div class=\"infobox\"><details class=\"readmore\" open><summary><strong>3 custom rules:</strong></summary> Open Team Sheets, Force Open Team Sheets, !Open Team Sheets</details></div>\n|clearpoke\n|poke|p1|Calyrex-Shadow, L50|\n|poke|p1|Zamazenta-*, L50|\n|poke|p1|Chien-Pao, L50|\n|poke|p1|Dragonite, L50, M|\n|poke|p1|Raging Bolt, L50|\n|poke|p1|Rillaboom, L50, M|\n|poke|p2|Iron Hands, L50|\n|poke|p2|Incineroar, L50, F|\n|poke|p2|Calyrex-Shadow, L50|\n|poke|p2|Whimsicott, L50, F|\n|poke|p2|Farigiraf, L50, M|\n|poke|p2|Miraidon, L50|\n|teampreview|4\n|showteam|p1|Calyrex-Shadow||FocusSash|AsOneSpectrier|AstralBarrage,Psychic,DarkPulse,Protect||||||50|,,,,,Stellar]Zamazenta-Crowned||RustedShield|DauntlessShield|BodyPress,HeavySlam,WideGuard,Protect||||||50|,,,,,Water]Chien-Pao||LifeOrb|SwordofRuin|SacredSword,SuckerPunch,IceShard,Protect||||||50|,,,,,Stellar]Dragonite||ChoiceBand|InnerFocus|DragonClaw,ExtremeSpeed,AquaJet,IronHead|||M|||50|,,,,,Normal]Raging Bolt||BoosterEnergy|Protosynthesis|DragonPulse,Thunderbolt,Thunderclap,Protect||||||50|,,,,,Electric]Rillaboom||AssaultVest|GrassySurge|WoodHammer,GrassyGlide,Uturn,FakeOut|||M|||50|,,,,,Fire\n|showteam|p2|Iron Hands||AssaultVest|QuarkDrive|FakeOut,DrainPunch,WildCharge,LowKick||||||50|,,,,,Water]Incineroar||RockyHelmet|Intimidate|FakeOut,Uturn,KnockOff,FlareBlitz|||F|||50|,,,,,Bug]Calyrex-Shadow||FocusSash|AsOneSpectrier|Protect,AstralBarrage,Psychic,Imprison||||||50|,,,,,Ghost]Whimsicott||CovertCloak|Prankster|Tailwind,Encore,Moonblast,LightScreen|||F|||50|,,,,,Fire]Farigiraf||ElectricSeed|ArmorTail|Psychic,Roar,TrickRoom,HelpingHand|||M|||50|,,,,,Water]Miraidon||ChoiceSpecs|HadronEngine|ElectroDrift,VoltSwitch,DracoMeteor,DazzlingGleam||||||50|,,,,,Fairy\n|inactive|Battle timer is ON: inactive players will automatically lose when time's up. (requested by It'sJustKen VGC)\n|j|@Radio Free C-Side\n|inactive|lawrence123 has 60 seconds left.\n|inactive|It'sJustKen VGC has 60 seconds left.\n|inactive|It'sJustKen VGC has 30 seconds left.\n|\n|t:|1773804704\n|teamsize|p1|4\n|teamsize|p2|4\n|start\n|switch|p1a: Chien-Pao|Chien-Pao, L50|100/100\n|switch|p1b: Calyrex|Calyrex-Shadow, L50|100/100\n|switch|p2a: Miraidon|Miraidon, L50, shiny|100/100\n|switch|p2b: Whimsicott|Whimsicott, L50, F|100/100\n|-ability|p1b: Calyrex|As One\n|-ability|p1b: Calyrex|Unnerve\n|-ability|p1a: Chien-Pao|Sword of Ruin\n|-fieldstart|move: Electric Terrain|[from] ability: Hadron Engine|[of] p2a: Miraidon\n|turn|1\n|inactive|lawrence123 has 30 seconds left.\n|inactive|lawrence123 has 20 seconds left.\n|\n|t:|1773804742\n|-terastallize|p1b: Calyrex|Stellar\n|move|p1a: Chien-Pao|Ice Shard|p2a: Miraidon\n|-supereffective|p2a: Miraidon\n|-damage|p2a: Miraidon|40/100\n|-damage|p1a: Chien-Pao|91/100|[from] item: Life Orb\n|move|p2b: Whimsicott|Tailwind|p2b: Whimsicott\n|-sidestart|p2: It'sJustKen VGC|move: Tailwind\n|move|p2a: Miraidon|Volt Switch|p1a: Chien-Pao\n|-damage|p1a: Chien-Pao|0 fnt\n|faint|p1a: Chien-Pao\n|\n|t:|1773804755\n|switch|p2a: Incineroar|Incineroar, L50, F|100/100|[from] Volt Switch\n|-ability|p2a: Incineroar|Intimidate|boost\n|-unboost|p1b: Calyrex|atk|1\n|move|p1b: Calyrex|Astral Barrage|p2b: Whimsicott|[spread] p2a,p2b\n|-resisted|p2a: Incineroar\n|-damage|p2a: Incineroar|73/100\n|-damage|p2b: Whimsicott|4/100\n|\n|upkeep\n|\n|t:|1773804764\n|switch|p1a: Zamazenta|Zamazenta-Crowned, L50, shiny|100/100\n|-ability|p1a: Zamazenta|Dauntless Shield|boost\n|-boost|p1a: Zamazenta|def|1\n|turn|2\n|\n|t:|1773804779\n|move|p1b: Calyrex|Protect|p1b: Calyrex\n|-singleturn|p1b: Calyrex|Protect\n|move|p2a: Incineroar|Fake Out|p1a: Zamazenta\n|-resisted|p1a: Zamazenta\n|-damage|p1a: Zamazenta|98/100\n|move|p2b: Whimsicott|Moonblast|p1a: Zamazenta\n|-damage|p1a: Zamazenta|78/100\n|cant|p1a: Zamazenta|flinch\n|\n|upkeep\n|turn|3\n|\n|t:|1773804789\n|switch|p1b: Rillaboom|Rillaboom, L50, M, shiny|100/100\n|-fieldstart|move: Grassy Terrain|[from] ability: Grassy Surge|[of] p1b: Rillaboom\n|switch|p2a: Calyrex|Calyrex-Shadow, L50|100/100\n|-ability|p2a: Calyrex|As One\n|-ability|p2a: Calyrex|Unnerve\n|move|p2b: Whimsicott|Encore||[still]\n|-fail|p2b: Whimsicott\n|move|p1a: Zamazenta|Body Press|p2a: Calyrex\n|-immune|p2a: Calyrex\n|\n|-heal|p2b: Whimsicott|10/100|[from] Grassy Terrain\n|-heal|p1a: Zamazenta|84/100|[from] Grassy Terrain\n|upkeep\n|turn|4\n|\n|t:|1773804802\n|-terastallize|p2a: Calyrex|Ghost\n|move|p2b: Whimsicott|Encore|p1a: Zamazenta\n|-start|p1a: Zamazenta|Encore\n|move|p2a: Calyrex|Astral Barrage|p1b: Rillaboom|[spread] p1a,p1b\n|-damage|p1a: Zamazenta|27/100\n|-damage|p1b: Rillaboom|43/100\n|move|p1a: Zamazenta|Body Press|p2a: Calyrex\n|-immune|p2a: Calyrex\n|move|p1b: Rillaboom|Wood Hammer|p2a: Calyrex\n|-enditem|p2a: Calyrex|Focus Sash\n|-damage|p2a: Calyrex|1/100\n|-damage|p1b: Rillaboom|15/100|[from] Recoil\n|\n|-heal|p2a: Calyrex|7/100|[from] Grassy Terrain\n|-heal|p2b: Whimsicott|16/100|[from] Grassy Terrain\n|-heal|p1a: Zamazenta|33/100|[from] Grassy Terrain\n|-heal|p1b: Rillaboom|21/100|[from] Grassy Terrain\n|-sideend|p2: It'sJustKen VGC|move: Tailwind\n|upkeep\n|turn|5\n|\n|t:|1773804824\n|switch|p1b: Calyrex|Calyrex-Shadow, L50, tera:Stellar|100/100\n|-ability|p1b: Calyrex|As One\n|-ability|p1b: Calyrex|Unnerve\n|move|p2a: Calyrex|Protect|p2a: Calyrex\n|-singleturn|p2a: Calyrex|Protect\n|move|p2b: Whimsicott|Tailwind|p2b: Whimsicott\n|-sidestart|p2: It'sJustKen VGC|move: Tailwind\n|move|p1a: Zamazenta|Body Press|p2b: Whimsicott\n|-resisted|p2b: Whimsicott\n|-damage|p2b: Whimsicott|0 fnt\n|faint|p2b: Whimsicott\n|\n|-heal|p2a: Calyrex|14/100|[from] Grassy Terrain\n|-heal|p1a: Zamazenta|39/100|[from] Grassy Terrain\n|upkeep\n|\n|t:|1773804828\n|switch|p2b: Miraidon|Miraidon, L50, shiny|40/100\n|-fieldstart|move: Electric Terrain|[from] ability: Hadron Engine|[of] p2b: Miraidon\n|turn|6\n|\n|t:|1773804837\n|move|p1b: Calyrex|Protect|p1b: Calyrex\n|-singleturn|p1b: Calyrex|Protect\n|move|p2a: Calyrex|Astral Barrage|p1b: Calyrex|[spread] p1a\n|-activate|p1b: Calyrex|move: Protect\n|-damage|p1a: Zamazenta|0 fnt\n|faint|p1a: Zamazenta\n|-ability|p2a: Calyrex|Grim Neigh|boost\n|-boost|p2a: Calyrex|spa|1\n|move|p2b: Miraidon|Volt Switch|p1b: Calyrex\n|-activate|p1b: Calyrex|move: Protect\n|\n|upkeep\n|\n|t:|1773804840\n|switch|p1a: Rillaboom|Rillaboom, L50, M, shiny|21/100\n|-fieldstart|move: Grassy Terrain|[from] ability: Grassy Surge|[of] p1a: Rillaboom\n|turn|7\n|\n|t:|1773804852\n|switch|p2b: Incineroar|Incineroar, L50, F|73/100\n|-ability|p2b: Incineroar|Intimidate|boost\n|-unboost|p1a: Rillaboom|atk|1\n|-unboost|p1b: Calyrex|atk|1\n|move|p2a: Calyrex|Protect|p2a: Calyrex\n|-singleturn|p2a: Calyrex|Protect\n|move|p1b: Calyrex|Astral Barrage|p2a: Calyrex|[spread] p2b\n|-activate|p2a: Calyrex|move: Protect\n|-resisted|p2b: Incineroar\n|-damage|p2b: Incineroar|51/100\n|move|p1a: Rillaboom|U-turn|p2b: Incineroar\n|-damage|p2b: Incineroar|38/100\n|-damage|p1a: Rillaboom|5/100|[from] item: Rocky Helmet|[of] p2b: Incineroar\n|\n|-heal|p2a: Calyrex|20/100|[from] Grassy Terrain\n|-heal|p2b: Incineroar|44/100|[from] Grassy Terrain\n|-heal|p1a: Rillaboom|11/100|[from] Grassy Terrain\n|upkeep\n|turn|8\n|\n|t:|1773804870\n|move|p2b: Incineroar|Fake Out|p1a: Rillaboom\n|-damage|p1a: Rillaboom|1/100\n|cant|p1a: Rillaboom|flinch\n|move|p2a: Calyrex|Imprison|p2a: Calyrex\n|-start|p2a: Calyrex|move: Imprison\n|cant|p1b: Calyrex|move: Imprison|Astral Barrage\n|\n|-heal|p2a: Calyrex|26/100|[from] Grassy Terrain\n|-heal|p2b: Incineroar|50/100|[from] Grassy Terrain\n|-heal|p1a: Rillaboom|7/100|[from] Grassy Terrain\n|-sideend|p2: It'sJustKen VGC|move: Tailwind\n|upkeep\n|turn|9\n|inactive|It'sJustKen VGC has 30 seconds left.\n|\n|t:|1773804899\n|move|p2a: Calyrex|Protect|p2a: Calyrex\n|-singleturn|p2a: Calyrex|Protect\n|move|p1b: Calyrex|Dark Pulse|p2a: Calyrex\n|-activate|p2a: Calyrex|move: Protect\n|move|p1a: Rillaboom|Wood Hammer|p2b: Incineroar\n|-resisted|p2b: Incineroar\n|-damage|p2b: Incineroar|31/100\n|-damage|p1a: Rillaboom|0 fnt|[from] item: Rocky Helmet|[of] p2b: Incineroar\n|faint|p1a: Rillaboom\n|move|p2b: Incineroar|U-turn|p1b: Calyrex\n|-damage|p1b: Calyrex|77/100\n|\n|t:|1773804901\n|switch|p2b: Miraidon|Miraidon, L50, shiny|40/100|[from] U-turn\n|-fieldstart|move: Electric Terrain|[from] ability: Hadron Engine|[of] p2b: Miraidon\n|\n|upkeep\n|turn|10\n|\n|t:|1773804907\n|move|p1b: Calyrex|Dark Pulse|p2a: Calyrex\n|-supereffective|p2a: Calyrex\n|-damage|p2a: Calyrex|0 fnt\n|faint|p2a: Calyrex\n|-ability|p1b: Calyrex|Grim Neigh|boost\n|-boost|p1b: Calyrex|spa|1\n|move|p2b: Miraidon|Electro Drift|p1b: Calyrex\n|-damage|p1b: Calyrex|0 fnt\n|faint|p1b: Calyrex\n|\n|win|It'sJustKen VGC\n|n|\u2606lawrence123|lawrence123\n|n|\u2606It'sJustKen VGC|itsjustkenvgc\n|n|+Radio Free C-Side|radiofreecside\n|c|\u2606lawrence123|gg\n|l|\u2606lawrence123\n|player|p1|\n|c|\u2606It'sJustKen VGC|gg wp\n","uploadtime":1773804915,"views":17,"formatid":"gen9vgc2026regi","rating":null,"private":0,"password":null}