{"id":"gen9vgc2026regi-2564932031","format":"[Gen 9] VGC 2026 Reg I","players":["Guzaguileraa","Harry Koekenpan"],"log":"|j|\u2606Guzaguileraa\n|j|\u2606Harry Koekenpan\n|t:|1774211737\n|gametype|doubles\n|player|p1|Guzaguileraa|rosa|1134\n|player|p2|Harry Koekenpan|101|1228\n|gen|9\n|tier|[Gen 9] VGC 2026 Reg I\n|rated|\n|rule|Species Clause: Limit one of each Pok\u00e9mon\n|rule|Item Clause: Limit 1 of each item\n|clearpoke\n|poke|p1|Calyrex-Shadow, L50|\n|poke|p1|Zamazenta-*, L50|\n|poke|p1|Farigiraf, L50, M|\n|poke|p1|Urshifu-*, L50, M|\n|poke|p1|Rillaboom, L50, F|\n|poke|p1|Ogerpon-Hearthflame, L50, F|\n|poke|p2|Dondozo, L50, M|\n|poke|p2|Tatsugiri-Droopy, L50, F|\n|poke|p2|Weezing-Galar, L50, F|\n|poke|p2|Calyrex-Shadow, L50|\n|poke|p2|Miraidon, L50|\n|poke|p2|Iron Hands, L50|\n|teampreview|4\n|inactive|Battle timer is ON: inactive players will automatically lose when time's up. (requested by Harry Koekenpan)\n|inactive|Harry Koekenpan has 60 seconds left.\n|inactive|Harry Koekenpan has 30 seconds left.\n|inactive|Harry Koekenpan has 20 seconds left.\n|\n|t:|1774211821\n|teamsize|p1|4\n|teamsize|p2|4\n|start\n|switch|p1a: Farigiraf|Farigiraf, L50, M|100/100\n|switch|p1b: Kong\u00b4s brother|Rillaboom, L50, F|100/100\n|switch|p2a: Dondozo|Dondozo, L50, M|100/100\n|switch|p2b: Miraidon|Miraidon, L50|100/100\n|-fieldstart|move: Electric Terrain|[from] ability: Hadron Engine|[of] p2b: Miraidon\n|-fieldstart|move: Grassy Terrain|[from] ability: Grassy Surge|[of] p1b: Kong\u00b4s brother\n|-enditem|p1a: Farigiraf|Grassy Seed\n|-boost|p1a: Farigiraf|def|1|[from] item: Grassy Seed\n|turn|1\n|inactive|Harry Koekenpan has 30 seconds left.\n|\n|t:|1774211850\n|move|p2a: Dondozo|Protect|p2a: Dondozo\n|-singleturn|p2a: Dondozo|Protect\n|move|p1b: Kong\u00b4s brother|Fake Out|p2b: Miraidon\n|-damage|p2b: Miraidon|89/100\n|cant|p2b: Miraidon|flinch\n|move|p1a: Farigiraf|Trick Room|p1a: Farigiraf\n|-fieldstart|move: Trick Room|[of] p1a: Farigiraf\n|\n|-heal|p2b: Miraidon|95/100|[from] Grassy Terrain\n|upkeep\n|turn|2\n|\n|t:|1774211874\n|switch|p2b: Tatsugiri|Tatsugiri-Droopy, L50, F|100/100\n|-activate|p2b: Tatsugiri|ability: Commander|[of] p2a: Dondozo\n|-boost|p2a: Dondozo|atk|2\n|-boost|p2a: Dondozo|spa|2\n|-boost|p2a: Dondozo|spe|2\n|-boost|p2a: Dondozo|def|2\n|-boost|p2a: Dondozo|spd|2\n|-terastallize|p2a: Dondozo|Grass\n|move|p1a: Farigiraf|Helping Hand|p1b: Kong\u00b4s brother\n|-singleturn|p1b: Kong\u00b4s brother|Helping Hand|[of] p1a: Farigiraf\n|move|p1b: Kong\u00b4s brother|Grassy Glide|p2a: Dondozo\n|-resisted|p2a: Dondozo\n|-damage|p2a: Dondozo|94/100\n|move|p2a: Dondozo|Order Up|p1a: Farigiraf\n|-damage|p1a: Farigiraf|61/100\n|-boost|p2a: Dondozo|def|1\n|\n|-heal|p1a: Farigiraf|67/100|[from] Grassy Terrain\n|-heal|p2a: Dondozo|100/100|[from] Grassy Terrain\n|upkeep\n|turn|3\n|inactive|Guzaguileraa has 30 seconds left.\n|\n|t:|1774211902\n|move|p1a: Farigiraf|Protect|p1a: Farigiraf\n|-singleturn|p1a: Farigiraf|Protect\n|move|p1b: Kong\u00b4s brother|U-turn|p2a: Dondozo\n|-supereffective|p2a: Dondozo\n|-damage|p2a: Dondozo|91/100\n|\n|t:|1774211911\n|switch|p1b: Zamazenta|Zamazenta-Crowned, L50|100/100|[from] U-turn\n|-ability|p1b: Zamazenta|Dauntless Shield|boost\n|-boost|p1b: Zamazenta|def|1\n|move|p2a: Dondozo|Order Up|p1a: Farigiraf\n|-activate|p1a: Farigiraf|move: Protect\n|\n|-heal|p1a: Farigiraf|73/100|[from] Grassy Terrain\n|-heal|p2a: Dondozo|97/100|[from] Grassy Terrain\n|-heal|p2a: Dondozo|100/100|[from] item: Leftovers\n|upkeep\n|turn|4\n|\n|t:|1774211932\n|-terastallize|p1b: Zamazenta|Flying\n|move|p1a: Farigiraf|Psychic|p2a: Dondozo\n|-damage|p2a: Dondozo|85/100\n|move|p2a: Dondozo|Order Up|p1a: Farigiraf\n|-damage|p1a: Farigiraf|28/100\n|-boost|p2a: Dondozo|def|1\n|move|p1b: Zamazenta|Iron Defense|p1b: Zamazenta\n|-boost|p1b: Zamazenta|def|2\n|\n|-heal|p1a: Farigiraf|34/100|[from] Grassy Terrain\n|-heal|p2a: Dondozo|92/100|[from] Grassy Terrain\n|-heal|p2a: Dondozo|98/100|[from] item: Leftovers\n|upkeep\n|turn|5\n|\n|t:|1774211949\n|move|p1a: Farigiraf|Helping Hand|p1b: Zamazenta\n|-singleturn|p1b: Zamazenta|Helping Hand|[of] p1a: Farigiraf\n|move|p2a: Dondozo|Body Press|p1a: Farigiraf\n|-damage|p1a: Farigiraf|0 fnt\n|faint|p1a: Farigiraf\n|move|p1b: Zamazenta|Body Press|p2a: Dondozo\n|-crit|p2a: Dondozo\n|-damage|p2a: Dondozo|55/100\n|\n|-heal|p2a: Dondozo|61/100|[from] Grassy Terrain\n|-heal|p2a: Dondozo|67/100|[from] item: Leftovers\n|-fieldend|move: Trick Room\n|-fieldend|move: Grassy Terrain\n|upkeep\n|\n|t:|1774211964\n|switch|p1a: Kong\u00b4s brother|Rillaboom, L50, F|100/100\n|-fieldstart|move: Grassy Terrain|[from] ability: Grassy Surge|[of] p1a: Kong\u00b4s brother\n|turn|6\n|\n|t:|1774211974\n|switch|p1a: Reg I Reaper|Calyrex-Shadow, L50|100/100\n|-ability|p1a: Reg I Reaper|As One\n|-ability|p1a: Reg I Reaper|Unnerve\n|move|p2a: Dondozo|Protect|p2a: Dondozo\n|-singleturn|p2a: Dondozo|Protect\n|move|p1b: Zamazenta|Iron Defense|p1b: Zamazenta\n|-boost|p1b: Zamazenta|def|2\n|\n|-heal|p2a: Dondozo|73/100|[from] Grassy Terrain\n|-heal|p2a: Dondozo|79/100|[from] item: Leftovers\n|upkeep\n|turn|7\n|inactive|Guzaguileraa has 30 seconds left.\n|\n|t:|1774212004\n|move|p1a: Reg I Reaper|Taunt|p2a: Dondozo\n|-start|p2a: Dondozo|move: Taunt\n|move|p1b: Zamazenta|Body Press|p2a: Dondozo\n|-damage|p2a: Dondozo|72/100\n|move|p2a: Dondozo|Order Up|p1a: Reg I Reaper\n|-damage|p1a: Reg I Reaper|62/100\n|-boost|p2a: Dondozo|def|1\n|\n|-heal|p1a: Reg I Reaper|68/100|[from] Grassy Terrain\n|-heal|p2a: Dondozo|79/100|[from] Grassy Terrain\n|-heal|p2a: Dondozo|85/100|[from] item: Leftovers\n|upkeep\n|turn|8\n|inactive|Guzaguileraa has 30 seconds left.\n|\n|t:|1774212032\n|move|p1a: Reg I Reaper|Draining Kiss|p2a: Dondozo\n|-damage|p2a: Dondozo|70/100\n|-heal|p1a: Reg I Reaper|82/100|[from] drain|[of] p2a: Dondozo\n|-damage|p1a: Reg I Reaper|72/100|[from] item: Life Orb\n|move|p1b: Zamazenta|Behemoth Bash|p2a: Dondozo\n|-damage|p2a: Dondozo|64/100\n|move|p2a: Dondozo|Order Up|p1a: Reg I Reaper\n|-damage|p1a: Reg I Reaper|33/100\n|-boost|p2a: Dondozo|def|1\n|\n|-heal|p1a: Reg I Reaper|39/100|[from] Grassy Terrain\n|-heal|p2a: Dondozo|70/100|[from] Grassy Terrain\n|-heal|p2a: Dondozo|76/100|[from] item: Leftovers\n|upkeep\n|turn|9\n|\n|t:|1774212051\n|move|p1a: Reg I Reaper|Protect|p1a: Reg I Reaper\n|-singleturn|p1a: Reg I Reaper|Protect\n|move|p1b: Zamazenta|Body Press|p2a: Dondozo\n|-damage|p2a: Dondozo|71/100\n|move|p2a: Dondozo|Order Up|p1a: Reg I Reaper\n|-activate|p1a: Reg I Reaper|move: Protect\n|\n|-heal|p1a: Reg I Reaper|45/100|[from] Grassy Terrain\n|-heal|p2a: Dondozo|77/100|[from] Grassy Terrain\n|-heal|p2a: Dondozo|83/100|[from] item: Leftovers\n|-end|p2a: Dondozo|move: Taunt\n|upkeep\n|turn|10\n|\n|t:|1774212070\n|switch|p1a: Kong\u00b4s brother|Rillaboom, L50, F|100/100\n|move|p1b: Zamazenta|Behemoth Bash|p2a: Dondozo\n|-damage|p2a: Dondozo|78/100\n|move|p2a: Dondozo|Order Up|p1a: Kong\u00b4s brother\n|-damage|p1a: Kong\u00b4s brother|73/100\n|-boost|p2a: Dondozo|def|0\n|\n|-heal|p2a: Dondozo|84/100|[from] Grassy Terrain\n|-heal|p2a: Dondozo|90/100|[from] item: Leftovers\n|-heal|p1a: Kong\u00b4s brother|79/100|[from] Grassy Terrain\n|-fieldend|move: Grassy Terrain\n|upkeep\n|turn|11\n|inactive|Guzaguileraa has 30 seconds left.\n|c|\u2606Guzaguileraa|This man is the bulkiest boss battle in history\n|inactive|Guzaguileraa has 20 seconds left.\n|inactive|Guzaguileraa has 15 seconds left.\n|inactive|Guzaguileraa has 10 seconds left.\n|inactive|Guzaguileraa has 5 seconds left.\n|c|\u2606Guzaguileraa|Im not breaking all that in a million years\n|\n|t:|1774212125\n|move|p2a: Dondozo|Protect|p2a: Dondozo\n|-singleturn|p2a: Dondozo|Protect\n|move|p1b: Zamazenta|Body Press|p2a: Dondozo\n|-activate|p2a: Dondozo|move: Protect\n|move|p1a: Kong\u00b4s brother|High Horsepower|p2a: Dondozo\n|-activate|p2a: Dondozo|move: Protect\n|\n|-heal|p2a: Dondozo|96/100|[from] item: Leftovers\n|upkeep\n|turn|12\n|\n|t:|1774212141\n|move|p1b: Zamazenta|Iron Defense|p1b: Zamazenta\n|-boost|p1b: Zamazenta|def|1\n|move|p2a: Dondozo|Order Up|p1a: Kong\u00b4s brother\n|-damage|p1a: Kong\u00b4s brother|52/100\n|-boost|p2a: Dondozo|def|0\n|move|p1a: Kong\u00b4s brother|U-turn|p2a: Dondozo\n|-supereffective|p2a: Dondozo\n|-damage|p2a: Dondozo|91/100\n|\n|t:|1774212149\n|switch|p1a: Reg I Reaper|Calyrex-Shadow, L50|45/100|[from] U-turn\n|-ability|p1a: Reg I Reaper|As One\n|-ability|p1a: Reg I Reaper|Unnerve\n|\n|-heal|p2a: Dondozo|97/100|[from] item: Leftovers\n|upkeep\n|turn|13\n|\n|t:|1774212158\n|move|p1a: Reg I Reaper|Protect|p1a: Reg I Reaper\n|-singleturn|p1a: Reg I Reaper|Protect\n|move|p1b: Zamazenta|Iron Defense|p1b: Zamazenta\n|-boost|p1b: Zamazenta|def|0\n|move|p2a: Dondozo|Earthquake|p1a: Reg I Reaper|[spread] \n|-miss|p2a: Dondozo|p2b: Tatsugiri\n|-activate|p1a: Reg I Reaper|move: Protect\n|-immune|p1b: Zamazenta\n|\n|-heal|p2a: Dondozo|100/100|[from] item: Leftovers\n|upkeep\n|turn|14\n|\n|t:|1774212175\n|move|p1a: Reg I Reaper|Draining Kiss|p2a: Dondozo\n|-damage|p2a: Dondozo|86/100\n|-heal|p1a: Reg I Reaper|59/100|[from] drain|[of] p2a: Dondozo\n|-damage|p1a: Reg I Reaper|50/100|[from] item: Life Orb\n|move|p1b: Zamazenta|Body Press|p2a: Dondozo\n|-damage|p2a: Dondozo|80/100\n|move|p2a: Dondozo|Earthquake|p1b: Zamazenta|[spread] p1a\n|-miss|p2a: Dondozo|p2b: Tatsugiri\n|-immune|p1b: Zamazenta\n|-crit|p1a: Reg I Reaper\n|-damage|p1a: Reg I Reaper|0 fnt\n|faint|p1a: Reg I Reaper\n|\n|-heal|p2a: Dondozo|86/100|[from] item: Leftovers\n|upkeep\n|\n|t:|1774212191\n|switch|p1a: Kong\u00b4s brother|Rillaboom, L50, F|52/100\n|-fieldstart|move: Grassy Terrain|[from] ability: Grassy Surge|[of] p1a: Kong\u00b4s brother\n|turn|15\n|\n|t:|1774212205\n|move|p2a: Dondozo|Protect|p2a: Dondozo\n|-singleturn|p2a: Dondozo|Protect\n|move|p1b: Zamazenta|Body Press|p2a: Dondozo\n|-activate|p2a: Dondozo|move: Protect\n|move|p1a: Kong\u00b4s brother|U-turn|p2a: Dondozo\n|-activate|p2a: Dondozo|move: Protect\n|\n|-heal|p2a: Dondozo|92/100|[from] Grassy Terrain\n|-heal|p2a: Dondozo|98/100|[from] item: Leftovers\n|-heal|p1a: Kong\u00b4s brother|58/100|[from] Grassy Terrain\n|upkeep\n|turn|16\n|c|\u2606Harry Koekenpan|Big fish\n|inactive|Guzaguileraa has 30 seconds left.\n|inactive|Guzaguileraa has 20 seconds left.\n|c|\u2606Guzaguileraa|im telling you big D is surviving nuclear bombs atp\n|inactive|Guzaguileraa has 15 seconds left.\n|inactive|Guzaguileraa has 10 seconds left.\n|c|\u2606Guzaguileraa|O well i gess nuclear bombs are special attack\n|inactive|Guzaguileraa has 5 seconds left.\n|c|\u2606Guzaguileraa|Gg\n|\n|t:|1774212260\n|move|p1b: Zamazenta|Body Press|p2b: Tatsugiri|[miss]\n|-miss|p1b: Zamazenta|p2b: Tatsugiri\n|move|p2a: Dondozo|Body Press|p1a: Kong\u00b4s brother\n|-damage|p1a: Kong\u00b4s brother|0 fnt\n|faint|p1a: Kong\u00b4s brother\n|\n|-heal|p2a: Dondozo|100/100|[from] Grassy Terrain\n|upkeep\n|turn|17\n|-message|Guzaguileraa forfeited.\n|\n|win|Harry Koekenpan\n|raw|Guzaguileraa's rating: 1134 &rarr; <strong>1116</strong><br />(-18 for losing)\n|raw|Harry Koekenpan's rating: 1228 &rarr; <strong>1246</strong><br />(+18 for winning)\n|c|\u2606Harry Koekenpan|Ggs\n","uploadtime":1774212326,"views":13,"formatid":"gen9vgc2026regi","rating":1116,"private":0,"password":null}