{"id":"gen9vgc2026regi-2529957795","format":"[Gen 9] VGC 2026 Reg I","players":["ky123456","QAQeee\u603b\u5bfc\u6f14"],"log":"|j|\u2606ky123456\n|j|\u2606QAQeee\u603b\u5bfc\u6f14\n|t:|1769853456\n|gametype|doubles\n|player|p1|ky123456|cynthia-gen4|1473\n|player|p2|QAQeee\u603b\u5bfc\u6f14|may-masters4|1440\n|gen|9\n|tier|[Gen 9] VGC 2026 Reg I\n|rated|\n|rule|Species Clause: Limit one of each Pok\u00e9mon\n|rule|Item Clause: Limit 1 of each item\n|clearpoke\n|poke|p1|Calyrex-Shadow, L50|\n|poke|p1|Zamazenta-*, L50|\n|poke|p1|Roaring Moon, L50|\n|poke|p1|Maushold, L50|\n|poke|p1|Weezing, L50, M|\n|poke|p1|Amoonguss, L50, M|\n|poke|p2|Calyrex-Shadow, L50|\n|poke|p2|Zamazenta-*, L50|\n|poke|p2|Chien-Pao, L50|\n|poke|p2|Dragonite, L50, M|\n|poke|p2|Amoonguss, L50, M|\n|poke|p2|Ogerpon-Cornerstone, L50, F|\n|teampreview|4\n|\n|t:|1769853495\n|teamsize|p1|4\n|teamsize|p2|4\n|start\n|switch|p1a: Zamazenta|Zamazenta-Crowned, L50|100/100\n|switch|p1b: Roaring Moon|Roaring Moon, L50|100/100\n|switch|p2a: Dragonite|Dragonite, L50, M|100/100\n|switch|p2b: Chien-Pao|Chien-Pao, L50|100/100\n|-ability|p2b: Chien-Pao|Sword of Ruin\n|-ability|p1a: Zamazenta|Dauntless Shield|boost\n|-boost|p1a: Zamazenta|def|1\n|-enditem|p1b: Roaring Moon|Booster Energy\n|-activate|p1b: Roaring Moon|ability: Protosynthesis|[fromitem]\n|-start|p1b: Roaring Moon|protosynthesisspe\n|turn|1\n|\n|t:|1769853524\n|move|p1b: Roaring Moon|Tailwind|p1b: Roaring Moon\n|-sidestart|p1: ky123456|move: Tailwind\n|move|p1a: Zamazenta|Body Press|p2b: Chien-Pao\n|-supereffective|p2b: Chien-Pao\n|-damage|p2b: Chien-Pao|0 fnt\n|faint|p2b: Chien-Pao\n|move|p2a: Dragonite|Low Kick|p1a: Zamazenta\n|-supereffective|p1a: Zamazenta\n|-damage|p1a: Zamazenta|55/100\n|\n|upkeep\n|\n|t:|1769853538\n|switch|p2b: Zamazenta|Zamazenta-Crowned, L50|100/100\n|-ability|p2b: Zamazenta|Dauntless Shield|boost\n|-boost|p2b: Zamazenta|def|1\n|turn|2\n|\n|t:|1769853557\n|-terastallize|p1a: Zamazenta|Dragon\n|-terastallize|p2b: Zamazenta|Dragon\n|move|p1a: Zamazenta|Wide Guard|p1a: Zamazenta\n|-singleturn|p1a: Zamazenta|Wide Guard\n|move|p1b: Roaring Moon|Knock Off|p2a: Dragonite\n|-damage|p2a: Dragonite|48/100\n|-enditem|p2a: Dragonite|Choice Band|[from] move: Knock Off|[of] p1b: Roaring Moon\n|move|p2b: Zamazenta|Body Press|p1a: Zamazenta\n|-damage|p1a: Zamazenta|29/100\n|move|p2a: Dragonite|Low Kick|p1b: Roaring Moon\n|-supereffective|p1b: Roaring Moon\n|-damage|p1b: Roaring Moon|0 fnt\n|faint|p1b: Roaring Moon\n|-end|p1b: Roaring Moon|Protosynthesis|[silent]\n|\n|upkeep\n|\n|t:|1769853574\n|switch|p1b: Calyrex|Calyrex-Shadow, L50|100/100\n|-ability|p1b: Calyrex|As One\n|-ability|p1b: Calyrex|Unnerve\n|turn|3\n|\n|t:|1769853589\n|move|p2a: Dragonite|Aqua Jet|p1b: Calyrex\n|-damage|p1b: Calyrex|81/100\n|move|p1b: Calyrex|Astral Barrage|p2a: Dragonite|[spread] p2a,p2b\n|-damage|p2a: Dragonite|0 fnt\n|-damage|p2b: Zamazenta|47/100\n|faint|p2a: Dragonite\n|-ability|p1b: Calyrex|Grim Neigh|boost\n|-boost|p1b: Calyrex|spa|1\n|move|p1a: Zamazenta|Imprison|p1a: Zamazenta\n|-start|p1a: Zamazenta|move: Imprison\n|cant|p2b: Zamazenta|move: Imprison|Body Press\n|\n|upkeep\n|\n|t:|1769853598\n|switch|p2a: Calyrex|Calyrex-Shadow, L50|100/100\n|-ability|p2a: Calyrex|As One\n|-ability|p2a: Calyrex|Unnerve\n|turn|4\n|l|\u2606ky123456\n|player|p1|\n|inactive|Battle timer is ON: inactive players will automatically lose when time's up. (requested by QAQeee\u603b\u5bfc\u6f14)\n|inactive|ky123456 has 30 seconds to reconnect!\n|inactive|ky123456 has 20 seconds to reconnect!\n|inactive|ky123456 has 15 seconds to reconnect!\n|inactive|ky123456 has 10 seconds to reconnect!\n|inactive|ky123456 has 5 seconds to reconnect!\n|j|\u2606ky123456\n|inactive|ky123456 reconnected and has 35 seconds left.\n|player|p1|ky123456|cynthia-gen4|\n|inactive|ky123456 has 30 seconds left.\n|\n|t:|1769853714\n|move|p1a: Zamazenta|Wide Guard|p1a: Zamazenta\n|-singleturn|p1a: Zamazenta|Wide Guard\n|move|p1b: Calyrex|Astral Barrage|p2a: Calyrex|[spread] p2a,p2b\n|-supereffective|p2a: Calyrex\n|-enditem|p2a: Calyrex|Focus Sash\n|-damage|p2a: Calyrex|1/100\n|-damage|p2b: Zamazenta|0 fnt\n|faint|p2b: Zamazenta\n|-ability|p1b: Calyrex|Grim Neigh|boost\n|-boost|p1b: Calyrex|spa|1\n|move|p2a: Calyrex|Astral Barrage|p1a: Zamazenta|[spread] \n|-activate|p1a: Zamazenta|move: Wide Guard\n|-activate|p1b: Calyrex|move: Wide Guard\n|\n|-sideend|p1: ky123456|move: Tailwind\n|upkeep\n|turn|5\n|-message|QAQeee\u603b\u5bfc\u6f14 forfeited.\n|\n|win|ky123456\n|raw|ky123456's rating: 1473 &rarr; <strong>1491</strong><br />(+18 for winning)\n|raw|QAQeee\u603b\u5bfc\u6f14's rating: 1440 &rarr; <strong>1422</strong><br />(-18 for losing)\n|l|\u2606ky123456\n|player|p1|\n|j| QUQee\n|l| QUQee\n|l|\u2606QAQeee\u603b\u5bfc\u6f14\n|player|p2|\n","uploadtime":1769853953,"views":14,"formatid":"gen9vgc2026regi","rating":1422,"private":0,"password":null}