{"id":"gen9vgc2026regi-2528352182","format":"[Gen 9] VGC 2026 Reg I","players":["we all hate ursf","zonavideovigilada"],"log":"|j|\u2606we all hate ursf\n|j|\u2606zonavideovigilada\n|t:|1769645345\n|gametype|doubles\n|player|p1|we all hate ursf|shadowtriad|1417\n|player|p2|zonavideovigilada|101|1489\n|gen|9\n|tier|[Gen 9] VGC 2026 Reg I\n|rated|\n|rule|Species Clause: Limit one of each Pok\u00e9mon\n|rule|Item Clause: Limit 1 of each item\n|clearpoke\n|poke|p1|Groudon, L50|\n|poke|p1|Calyrex-Ice, L50|\n|poke|p1|Lilligant-Hisui, L50, F|\n|poke|p1|Flutter Mane, L50|\n|poke|p1|Chi-Yu, L50|\n|poke|p1|Raging Bolt, L50|\n|poke|p2|Calyrex-Shadow, L50|\n|poke|p2|Zamazenta-*, L50|\n|poke|p2|Amoonguss, L50, F|\n|poke|p2|Chi-Yu, L50|\n|poke|p2|Rillaboom, L50, M|\n|poke|p2|Chien-Pao, L50|\n|teampreview|4\n|inactive|Battle timer is ON: inactive players will automatically lose when time's up. (requested by we all hate ursf)\n|inactive|zonavideovigilada has 60 seconds left.\n|\n|t:|1769645378\n|teamsize|p1|4\n|teamsize|p2|4\n|start\n|switch|p1a: Groudon|Groudon, L50, shiny|100/100\n|switch|p1b: Lilligant|Lilligant-Hisui, L50, F, shiny|100/100\n|switch|p2a: Zamazenta|Zamazenta-Crowned, L50|100/100\n|switch|p2b: Chi-Yu|Chi-Yu, L50|100/100\n|-ability|p2b: Chi-Yu|Beads of Ruin\n|-ability|p2a: Zamazenta|Dauntless Shield|boost\n|-boost|p2a: Zamazenta|def|1\n|-weather|SunnyDay|[from] ability: Drought|[of] p1a: Groudon\n|turn|1\n|\n|t:|1769645396\n|-terastallize|p2a: Zamazenta|Dragon\n|move|p1b: Lilligant|Sleep Powder|p2b: Chi-Yu\n|-status|p2b: Chi-Yu|slp|[from] move: Sleep Powder\n|cant|p2b: Chi-Yu|slp\n|move|p2a: Zamazenta|Body Press|p1b: Lilligant\n|-damage|p1b: Lilligant|12/100\n|move|p1a: Groudon|Precipice Blades|p2b: Chi-Yu|[spread] p2a,p2b\n|-supereffective|p2b: Chi-Yu\n|-damage|p2a: Zamazenta|80/100\n|-damage|p2b: Chi-Yu|0 fnt\n|faint|p2b: Chi-Yu\n|\n|-weather|SunnyDay|[upkeep]\n|upkeep\n|\n|t:|1769645418\n|switch|p2b: Chien-Pao|Chien-Pao, L50|100/100\n|-ability|p2b: Chien-Pao|Sword of Ruin\n|turn|2\n|\n|t:|1769645428\n|move|p2b: Chien-Pao|Ice Shard|p1b: Lilligant\n|-supereffective|p1b: Lilligant\n|-damage|p1b: Lilligant|0 fnt\n|faint|p1b: Lilligant\n|move|p2a: Zamazenta|Body Press|p1a: Groudon\n|-damage|p1a: Groudon|34/100\n|move|p1a: Groudon|Precipice Blades|p2a: Zamazenta|[spread] p2a,p2b\n|-damage|p2a: Zamazenta|54/100\n|-damage|p2b: Chien-Pao|34/100\n|\n|-weather|SunnyDay|[upkeep]\n|upkeep\n|\n|t:|1769645431\n|switch|p1b: Chi-Yu|Chi-Yu, L50, shiny|100/100\n|-ability|p1b: Chi-Yu|Beads of Ruin\n|turn|3\n|inactive|zonavideovigilada has 30 seconds left.\n|inactive|zonavideovigilada has 20 seconds left.\n|inactive|zonavideovigilada has 15 seconds left.\n|inactive|zonavideovigilada has 10 seconds left.\n|\n|t:|1769645477\n|switch|p1a: Flutter Mane|Flutter Mane, L50, shiny|100/100\n|-activate|p1a: Flutter Mane|ability: Protosynthesis\n|-start|p1a: Flutter Mane|protosynthesisspe\n|move|p2b: Chien-Pao|Ice Shard|p1a: Flutter Mane\n|-damage|p1a: Flutter Mane|49/100\n|move|p1b: Chi-Yu|Overheat|p2b: Chien-Pao\n|-supereffective|p2b: Chien-Pao\n|-damage|p2b: Chien-Pao|0 fnt\n|-unboost|p1b: Chi-Yu|spa|2\n|faint|p2b: Chien-Pao\n|move|p2a: Zamazenta|Body Press|p1b: Chi-Yu\n|-supereffective|p1b: Chi-Yu\n|-damage|p1b: Chi-Yu|0 fnt\n|faint|p1b: Chi-Yu\n|\n|-weather|SunnyDay|[upkeep]\n|upkeep\n|\n|t:|1769645486\n|switch|p2b: Calyrex|Calyrex-Shadow, L50|100/100\n|switch|p1b: Groudon|Groudon, L50, shiny|34/100\n|-ability|p2b: Calyrex|As One\n|-ability|p2b: Calyrex|Unnerve\n|turn|4\n|\n|t:|1769645497\n|move|p1a: Flutter Mane|Protect|p1a: Flutter Mane\n|-singleturn|p1a: Flutter Mane|Protect\n|move|p2b: Calyrex|Protect|p2b: Calyrex\n|-singleturn|p2b: Calyrex|Protect\n|move|p2a: Zamazenta|Protect|p2a: Zamazenta\n|-singleturn|p2a: Zamazenta|Protect\n|move|p1b: Groudon|Precipice Blades|p2b: Calyrex|[spread] \n|-activate|p2a: Zamazenta|move: Protect\n|-activate|p2b: Calyrex|move: Protect\n|\n|-weather|SunnyDay|[upkeep]\n|upkeep\n|turn|5\n|\n|t:|1769645511\n|move|p2a: Zamazenta|Wide Guard|p2a: Zamazenta\n|-singleturn|p2a: Zamazenta|Wide Guard\n|move|p1a: Flutter Mane|Shadow Ball|p2b: Calyrex\n|-supereffective|p2b: Calyrex\n|-enditem|p2b: Calyrex|Focus Sash\n|-damage|p2b: Calyrex|1/100\n|move|p2b: Calyrex|Astral Barrage|p1b: Groudon|[spread] p1a,p1b\n|-supereffective|p1a: Flutter Mane\n|-damage|p1a: Flutter Mane|0 fnt\n|-damage|p1b: Groudon|0 fnt\n|faint|p1a: Flutter Mane\n|-end|p1a: Flutter Mane|Protosynthesis|[silent]\n|faint|p1b: Groudon\n|\n|win|zonavideovigilada\n|raw|we all hate ursf's rating: 1417 &rarr; <strong>1401</strong><br />(-16 for losing)\n|raw|zonavideovigilada's rating: 1489 &rarr; <strong>1505</strong><br />(+16 for winning)\n|l|\u2606we all hate ursf\n|player|p1|\n|c|\u2606zonavideovigilada|Gg\n|l|\u2606zonavideovigilada\n|player|p2|\n","uploadtime":1769645718,"views":18,"formatid":"gen9vgc2026regi","rating":1401,"private":0,"password":null}