{"id":"gen9vgc2026regi-2564006487","format":"[Gen 9] VGC 2026 Reg I","players":["Shikanoko32","TheManOfSausage"],"log":"|j|\u2606Shikanoko32\n|j|\u2606TheManOfSausage\n|t:|1774098996\n|gametype|doubles\n|player|p1|Shikanoko32|2|1470\n|player|p2|TheManOfSausage|miku-water|1486\n|gen|9\n|tier|[Gen 9] VGC 2026 Reg I\n|rated|\n|rule|Species Clause: Limit one of each Pok\u00e9mon\n|rule|Item Clause: Limit 1 of each item\n|clearpoke\n|poke|p1|Miraidon, L50|\n|poke|p1|Lunala, L50|\n|poke|p1|Whimsicott, L50, M|\n|poke|p1|Urshifu-*, L50, M|\n|poke|p1|Incineroar, L50, M|\n|poke|p1|Ursaluna, L50, M|\n|poke|p2|Calyrex-Shadow, L50|\n|poke|p2|Koraidon, L50|\n|poke|p2|Weezing-Galar, L50, M|\n|poke|p2|Brute Bonnet, L50|\n|poke|p2|Chi-Yu, L50|\n|poke|p2|Walking Wake, L50|\n|teampreview|4\nTheManOfSausage has agreed to open team sheets.\n|\n|t:|1774099022\n|teamsize|p1|4\n|teamsize|p2|4\n|start\n|switch|p1a: Incineroar|Incineroar, L50, M|100/100\n|switch|p1b: Lunala|Lunala, L50|100/100\n|switch|p2a: Koraidon|Koraidon, L50|100/100\n|switch|p2b: Weezing|Weezing-Galar, L50, M|100/100\n|-ability|p2b: Weezing|Neutralizing Gas\n|-block|p2a: Koraidon|item: Ability Shield\n|-weather|SunnyDay|[from] ability: Orichalcum Pulse|[of] p2a: Koraidon\n|-activate|p2a: Koraidon|Orichalcum Pulse|[source]\n|turn|1\n|\n|t:|1774099046\n|-terastallize|p2a: Koraidon|Fire\n|move|p2a: Koraidon|Flare Blitz|p1b: Lunala\n|-damage|p1b: Lunala|0 fnt\n|faint|p1b: Lunala\n|-damage|p2a: Koraidon|57/100|[from] Recoil\n|move|p1a: Incineroar|Knock Off|p2b: Weezing\n|-resisted|p2b: Weezing\n|-damage|p2b: Weezing|87/100\n|-damage|p1a: Incineroar|84/100|[from] item: Rocky Helmet|[of] p2b: Weezing\n|-enditem|p2b: Weezing|Rocky Helmet|[from] move: Knock Off|[of] p1a: Incineroar\n|move|p2b: Weezing|Taunt|p1a: Incineroar\n|-start|p1a: Incineroar|move: Taunt\n|\n|-weather|SunnyDay|[upkeep]\n|upkeep\n|\n|t:|1774099067\n|switch|p1b: Urshifu|Urshifu-Rapid-Strike, L50, M|100/100\n|turn|2\n|\n|t:|1774099075\n|move|p2a: Koraidon|Protect|p2a: Koraidon\n|-singleturn|p2a: Koraidon|Protect\n|move|p1b: Urshifu|Surging Strikes|p2a: Koraidon\n|-activate|p2a: Koraidon|move: Protect\n|move|p1a: Incineroar|Flare Blitz|p2b: Weezing\n|-damage|p2b: Weezing|38/100\n|-damage|p1a: Incineroar|70/100|[from] Recoil\n|move|p2b: Weezing|Toxic Spikes|p1b: Urshifu\n|-sidestart|p1: Shikanoko32|move: Toxic Spikes\n|\n|-weather|SunnyDay|[upkeep]\n|upkeep\n|turn|3\n|\n|t:|1774099092\n|-terastallize|p1a: Incineroar|Bug\n|move|p2a: Koraidon|Collision Course|p1a: Incineroar\n|-resisted|p1a: Incineroar\n|-damage|p1a: Incineroar|37/100\n|move|p1b: Urshifu|Surging Strikes|p2a: Koraidon\n|-supereffective|p2a: Koraidon\n|-crit|p2a: Koraidon\n|-damage|p2a: Koraidon|30/100\n|-supereffective|p2a: Koraidon\n|-crit|p2a: Koraidon\n|-damage|p2a: Koraidon|2/100\n|-supereffective|p2a: Koraidon\n|-crit|p2a: Koraidon\n|-damage|p2a: Koraidon|0 fnt\n|faint|p2a: Koraidon\n|-hitcount|p2: Koraidon|3\n|move|p1a: Incineroar|Flare Blitz|p2b: Weezing\n|-damage|p2b: Weezing|0 fnt\n|faint|p2b: Weezing\n|-end|p2b: Weezing|ability: Neutralizing Gas\n|-damage|p1a: Incineroar|26/100|[from] Recoil\n|\n|-weather|SunnyDay|[upkeep]\n|upkeep\n|\n|t:|1774099095\n|switch|p2a: Rice Shower|Calyrex-Shadow, L50|100/100\n|switch|p2b: Brute Bonnet|Brute Bonnet, L50|100/100\n|-ability|p2a: Rice Shower|As One\n|-ability|p2a: Rice Shower|Unnerve\n|-activate|p2b: Brute Bonnet|ability: Protosynthesis\n|-start|p2b: Brute Bonnet|protosynthesisdef\n|turn|4\n|\n|t:|1774099130\n|move|p2a: Rice Shower|Astral Barrage|p1a: Incineroar|[spread] p1a,p1b\n|-damage|p1a: Incineroar|0 fnt\n|-damage|p1b: Urshifu|20/100\n|faint|p1a: Incineroar\n|-ability|p2a: Rice Shower|Grim Neigh|boost\n|-boost|p2a: Rice Shower|spa|1\n|move|p1b: Urshifu|Surging Strikes|p2a: Rice Shower\n|-crit|p2a: Rice Shower\n|-damage|p2a: Rice Shower|80/100\n|-crit|p2a: Rice Shower\n|-damage|p2a: Rice Shower|59/100\n|-crit|p2a: Rice Shower\n|-damage|p2a: Rice Shower|40/100\n|-hitcount|p2a: Rice Shower|3\n|move|p2b: Brute Bonnet|Seed Bomb|p1b: Urshifu\n|-supereffective|p1b: Urshifu\n|-damage|p1b: Urshifu|0 fnt\n|faint|p1b: Urshifu\n|\n|-weather|SunnyDay|[upkeep]\n|upkeep\n|\n|t:|1774099149\n|switch|p1a: Miraidon|Miraidon, L50|100/100\n|-status|p1a: Miraidon|psn\n|-fieldstart|move: Electric Terrain|[from] ability: Hadron Engine|[of] p1a: Miraidon\n|turn|5\n|\n|t:|1774099155\n|move|p2a: Rice Shower|Protect|p2a: Rice Shower\n|-singleturn|p2a: Rice Shower|Protect\n|move|p2b: Brute Bonnet|Sucker Punch|p1a: Miraidon\n|-damage|p1a: Miraidon|70/100 psn\n|move|p1a: Miraidon|Electro Drift|p2a: Rice Shower\n|-activate|p2a: Rice Shower|move: Protect\n|\n|-weather|none\n|-end|p2b: Brute Bonnet|Protosynthesis\n|-damage|p1a: Miraidon|58/100 psn|[from] psn\n|upkeep\n|turn|6\n|-message|Shikanoko32 forfeited.\n|\n|win|TheManOfSausage\n|raw|Shikanoko32's rating: 1470 &rarr; <strong>1451</strong><br />(-19 for losing)\n|raw|TheManOfSausage's rating: 1486 &rarr; <strong>1505</strong><br />(+19 for winning)\n|l|\u2606Shikanoko32\n|player|p1|\n|l|\u2606TheManOfSausage\n|player|p2|\n","uploadtime":1774099334,"views":17,"formatid":"gen9vgc2026regi","rating":1451,"private":0,"password":null}