{"id":"gen9vgc2026regi-2563208832","format":"[Gen 9] VGC 2026 Reg I","players":["tomcheung22","ido1234567890"],"log":"|j|\u2606tomcheung22\n|j|\u2606ido1234567890\n|html|<table width=\"100%\"><tr><td align=\"left\">tomcheung22</td><td align=\"right\">ido1234567890</tr><tr><td align=\"left\"><i class=\"fa fa-circle-o\"></i> <i class=\"fa fa-circle-o\"></i> </td><td align=\"right\"><i class=\"fa fa-circle-o\"></i> <i class=\"fa fa-circle\"></i> </tr></table>\n|uhtml|bestof|<h2><strong>Game 2</strong> of <a href=\"/game-bestof3-gen9vgc2026regi-2563206850\">a best-of-3</a></h2>\n|t:|1774003498\n|gametype|doubles\n|player|p1|tomcheung22|lady|\n|player|p2|ido1234567890|calem|\n|gen|9\n|tier|[Gen 9] VGC 2026 Reg I\n|rated|Tournament battle\n|rule|Species Clause: Limit one of each Pok\u00e9mon\n|rule|Item Clause: Limit 1 of each item\n|raw|<div class=\"infobox\"><details class=\"readmore\" open><summary><strong>4 custom rules:</strong></summary> Open Team Sheets, Force Open Team Sheets, !Open Team Sheets, Best of = 3</details></div>\n|clearpoke\n|poke|p1|Koraidon, L50|\n|poke|p1|Miraidon, L50|\n|poke|p1|Flutter Mane, L50|\n|poke|p1|Incineroar, L50, M|\n|poke|p1|Gothitelle, L50, M|\n|poke|p1|Scream Tail, L50|\n|poke|p2|Rhydon, L50, F|\n|poke|p2|Chien-Pao, L50|\n|poke|p2|Kyogre, L50|\n|poke|p2|Urshifu-*, L50, M|\n|poke|p2|Zacian-*, L50|\n|poke|p2|Tornadus, L50, M|\n|teampreview|4\n|showteam|p1|Koraidon||LifeOrb|OrichalcumPulse|FlareBlitz,CloseCombat,FlameCharge,Protect||||||50|,,,,,Fire]Miraidon||ChoiceScarf|HadronEngine|ElectroDrift,DracoMeteor,Snarl,VoltSwitch||||||50|,,,,,Electric]Flutter Mane||FocusSash|Protosynthesis|Moonblast,ShadowBall,IcyWind,Protect||||||50|,,,,,Normal]Incineroar||SafetyGoggles|Intimidate|KnockOff,PartingShot,FakeOut,Protect|||M|||50|,,,,,Bug]Gothitelle||Leftovers|ShadowTag|Psychic,FakeOut,HelpingHand,Protect|||M|||50|,,,,,Water]Scream Tail||BoosterEnergy|Protosynthesis|PerishSong,Encore,Disable,Protect||||||50|,,,,,Dark\n|showteam|p2|Rhydon||Eviolite|LightningRod|HighHorsepower,Protect,RockSlide,SwordsDance|||F|||50|,,,,,Fairy]Chien-Pao||FocusSash|SwordofRuin|Protect,SuckerPunch,ThroatChop,IcicleCrash||||||50|,,,,,Stellar]Kyogre||MysticWater|Drizzle|WaterSpout,OriginPulse,Protect,Thunder||||||50|,,,,,Grass]Urshifu-Rapid-Strike||ChoiceScarf|UnseenFist|SurgingStrikes,AquaJet,CloseCombat,Uturn|||M|||50|,,,,,Water]Zacian-Crowned||RustedSword|IntrepidSword|behemothblade,Protect,PlayRough,SacredSword||||||50|,,,,,Fairy]Tornadus||CovertCloak|Prankster|Tailwind,BleakwindStorm,Taunt,RainDance|||M|||50|,,,,,Dark\n|j| UnholySheep\n|j| itotio\n|\n|t:|1774003533\n|teamsize|p1|4\n|teamsize|p2|4\n|start\n|switch|p1a: Incineroar|Incineroar, L50, M|100/100\n|switch|p1b: Scream Tail|Scream Tail, L50|100/100\n|switch|p2a: Kyogre|Kyogre, L50|100/100\n|switch|p2b: Tornadus|Tornadus, L50, M|100/100\n|-weather|RainDance|[from] ability: Drizzle|[of] p2a: Kyogre\n|-ability|p1a: Incineroar|Intimidate|boost\n|-unboost|p2a: Kyogre|atk|1\n|-unboost|p2b: Tornadus|atk|1\n|-enditem|p1b: Scream Tail|Booster Energy\n|-activate|p1b: Scream Tail|ability: Protosynthesis|[fromitem]\n|-start|p1b: Scream Tail|protosynthesisspe\n|turn|1\n|inactive|Battle timer is ON: inactive players will automatically lose when time's up. (requested by ido1234567890)\n|\n|t:|1774003585\n|-terastallize|p1b: Scream Tail|Dark\n|move|p1a: Incineroar|Fake Out|p2a: Kyogre\n|-damage|p2a: Kyogre|91/100\n|move|p2b: Tornadus|Taunt|p1b: Scream Tail\n|-hint|Since gen 7, Dark is immune to Prankster moves.\n|-immune|p1b: Scream Tail\n|move|p1b: Scream Tail|Encore|p2b: Tornadus\n|-start|p2b: Tornadus|Encore\n|cant|p2a: Kyogre|flinch\n|\n|-weather|RainDance|[upkeep]\n|upkeep\n|turn|2\n|inactive|tomcheung22 has 30 seconds left.\n|inactive|ido1234567890 has 30 seconds left.\n|\n|t:|1774003610\n|switch|p2b: Rhydon|Rhydon, L50, F|100/100\n|switch|p1a: Koraidon|Koraidon, L50|100/100\n|-weather|SunnyDay|[from] ability: Orichalcum Pulse|[of] p1a: Koraidon\n|-activate|p1a: Koraidon|Orichalcum Pulse|[source]\n|move|p1b: Scream Tail|Perish Song|p1b: Scream Tail\n|-start|p1a: Koraidon|perish3|[silent]\n|-start|p1b: Scream Tail|perish3|[silent]\n|-start|p2a: Kyogre|perish3|[silent]\n|-start|p2b: Rhydon|perish3|[silent]\n|-fieldactivate|move: Perish Song\n|move|p2a: Kyogre|Water Spout|p1b: Scream Tail|[spread] p1a,p1b\n|-resisted|p1a: Koraidon\n|-damage|p1a: Koraidon|81/100\n|-damage|p1b: Scream Tail|76/100\n|\n|-weather|SunnyDay|[upkeep]\n|-start|p1b: Scream Tail|perish3\n|-start|p1a: Koraidon|perish3\n|-start|p2a: Kyogre|perish3\n|-start|p2b: Rhydon|perish3\n|upkeep\n|turn|3\n|\n|t:|1774003632\n|-end|p1b: Scream Tail|Protosynthesis|[silent]\n|switch|p1b: Gothitelle|Gothitelle, L50, M|100/100\n|switch|p2a: Tornadus|Tornadus, L50, M|100/100\n|move|p1a: Koraidon|Flare Blitz|p2a: Tornadus\n|-damage|p2a: Tornadus|0 fnt\n|faint|p2a: Tornadus\n|-damage|p1a: Koraidon|46/100|[from] Recoil\n|-damage|p1a: Koraidon|36/100|[from] item: Life Orb\n|move|p2b: Rhydon|Rock Slide|p1b: Gothitelle|[spread] p1a,p1b\n|-resisted|p1a: Koraidon\n|-crit|p1b: Gothitelle\n|-damage|p1a: Koraidon|23/100\n|-damage|p1b: Gothitelle|61/100\n|\n|-weather|SunnyDay|[upkeep]\n|-heal|p1b: Gothitelle|67/100|[from] item: Leftovers\n|-start|p1a: Koraidon|perish2\n|-start|p2b: Rhydon|perish2\n|upkeep\n|\n|t:|1774003644\n|switch|p2a: Kyogre|Kyogre, L50|91/100\n|-weather|RainDance|[from] ability: Drizzle|[of] p2a: Kyogre\n|turn|4\n|j| porygon-epilepz\n|\n|t:|1774003660\n|switch|p1a: Scream Tail|Scream Tail, L50, tera:Dark|76/100\n|move|p1b: Gothitelle|Fake Out|p2a: Kyogre\n|-damage|p2a: Kyogre|87/100\n|cant|p2a: Kyogre|flinch\n|move|p2b: Rhydon|Rock Slide|p1b: Gothitelle|[spread] p1a,p1b\n|-damage|p1a: Scream Tail|51/100\n|-damage|p1b: Gothitelle|36/100\n|\n|-weather|RainDance|[upkeep]\n|-heal|p1b: Gothitelle|42/100|[from] item: Leftovers\n|-start|p2b: Rhydon|perish1\n|upkeep\n|turn|5\n|\n|t:|1774003680\n|move|p1a: Scream Tail|Protect|p1a: Scream Tail\n|-singleturn|p1a: Scream Tail|Protect\n|move|p1b: Gothitelle|Protect|p1b: Gothitelle\n|-singleturn|p1b: Gothitelle|Protect\n|move|p2a: Kyogre|Water Spout|p1a: Scream Tail|[spread] \n|-activate|p1a: Scream Tail|move: Protect\n|-activate|p1b: Gothitelle|move: Protect\n|move|p2b: Rhydon|Rock Slide|p1a: Scream Tail|[spread] \n|-activate|p1a: Scream Tail|move: Protect\n|-activate|p1b: Gothitelle|move: Protect\n|\n|-weather|RainDance|[upkeep]\n|-heal|p1b: Gothitelle|49/100|[from] item: Leftovers\n|-start|p2b: Rhydon|perish0\n|faint|p2b: Rhydon\n|upkeep\n|\n|t:|1774003683\n|switch|p2b: Zacian|Zacian-Crowned, L50|100/100\n|-ability|p2b: Zacian|Intrepid Sword|boost\n|-boost|p2b: Zacian|atk|1\n|turn|6\n|\n|t:|1774003698\n|switch|p1b: Koraidon|Koraidon, L50|23/100\n|-weather|SunnyDay|[from] ability: Orichalcum Pulse|[of] p1b: Koraidon\n|-activate|p1a: Scream Tail|ability: Protosynthesis\n|-start|p1a: Scream Tail|protosynthesisspe\n|-activate|p1b: Koraidon|Orichalcum Pulse|[source]\n|move|p1a: Scream Tail|Perish Song|p1a: Scream Tail\n|-start|p1a: Scream Tail|perish3|[silent]\n|-start|p1b: Koraidon|perish3|[silent]\n|-start|p2a: Kyogre|perish3|[silent]\n|-start|p2b: Zacian|perish3|[silent]\n|-fieldactivate|move: Perish Song\n|move|p2b: Zacian|Behemoth Blade|p1a: Scream Tail\n|-damage|p1a: Scream Tail|0 fnt\n|faint|p1a: Scream Tail\n|-end|p1a: Scream Tail|Protosynthesis|[silent]\n|move|p2a: Kyogre|Water Spout|p1b: Koraidon\n|-resisted|p1b: Koraidon\n|-damage|p1b: Koraidon|0 fnt\n|faint|p1b: Koraidon\n|\n|-weather|SunnyDay|[upkeep]\n|-start|p2b: Zacian|perish3\n|-start|p2a: Kyogre|perish3\n|upkeep\n|\n|t:|1774003716\n|switch|p1b: Gothitelle|Gothitelle, L50, M|49/100\n|switch|p1a: Incineroar|Incineroar, L50, M|100/100\n|-ability|p1a: Incineroar|Intimidate|boost\n|-unboost|p2a: Kyogre|atk|1\n|-unboost|p2b: Zacian|atk|1\n|turn|7\n|\n|t:|1774003725\n|-terastallize|p2b: Zacian|Fairy\n|move|p1b: Gothitelle|Fake Out|p2b: Zacian\n|-damage|p2b: Zacian|96/100\n|move|p1a: Incineroar|Fake Out|p2a: Kyogre\n|-damage|p2a: Kyogre|78/100\n|cant|p2b: Zacian|flinch\n|cant|p2a: Kyogre|flinch\n|\n|-weather|SunnyDay|[upkeep]\n|-heal|p1b: Gothitelle|55/100|[from] item: Leftovers\n|-start|p2b: Zacian|perish2\n|-start|p2a: Kyogre|perish2\n|upkeep\n|turn|8\n|\n|t:|1774003743\n|move|p1b: Gothitelle|Protect|p1b: Gothitelle\n|-singleturn|p1b: Gothitelle|Protect\n|move|p1a: Incineroar|Protect|p1a: Incineroar\n|-singleturn|p1a: Incineroar|Protect\n|move|p2b: Zacian|Play Rough|p1b: Gothitelle\n|-activate|p1b: Gothitelle|move: Protect\n|move|p2a: Kyogre|Water Spout|p1a: Incineroar|[spread] \n|-activate|p1a: Incineroar|move: Protect\n|-activate|p1b: Gothitelle|move: Protect\n|\n|-weather|SunnyDay|[upkeep]\n|-heal|p1b: Gothitelle|61/100|[from] item: Leftovers\n|-start|p2b: Zacian|perish1\n|-start|p2a: Kyogre|perish1\n|upkeep\n|turn|9\n|j| jsjdjejdjklf\n|\n|t:|1774003754\n|move|p1b: Gothitelle|Protect||[still]\n|-fail|p1b: Gothitelle\n|move|p1a: Incineroar|Protect|p1a: Incineroar\n|-singleturn|p1a: Incineroar|Protect\n|move|p2b: Zacian|Play Rough|p1b: Gothitelle\n|-damage|p1b: Gothitelle|0 fnt\n|faint|p1b: Gothitelle\n|move|p2a: Kyogre|Water Spout|p1a: Incineroar\n|-activate|p1a: Incineroar|move: Protect\n|\n|-weather|SunnyDay|[upkeep]\n|-start|p2b: Zacian|perish0\n|-start|p2a: Kyogre|perish0\n|faint|p2b: Zacian\n|faint|p2a: Kyogre\n|\n|win|tomcheung22\n||ido1234567890 is ready for game 3.\n||tomcheung22 is ready for game 3.\n|uhtml|next|Next: <a href=\"/battle-gen9vgc2026regi-2563210842\"><strong>Game 3 of 3</strong></a>\n|l| itotio\n|l| jsjdjejdjklf\n|j| jzdr2\n|l| porygon-epilepz\n|l| UnholySheep\n|l|\u2606ido1234567890\n|player|p2|\n|l| jzdr2\n|l|\u2606tomcheung22\n|player|p1|\n|j|\u2606tomcheung22\n|player|p1|tomcheung22|lady|\n","uploadtime":1774004123,"views":18,"formatid":"gen9vgc2026regi","rating":null,"private":0,"password":null}