{"id":"gen9vgc2026regi-2578297262","format":"[Gen 9] VGC 2026 Reg I","players":["robstopheruzi","itastelikeiron"],"log":"|j|\u2606robstopheruzi\n|j|\u2606itastelikeiron\n|t:|1775666261\n|gametype|doubles\n|player|p1|robstopheruzi|burglar|1395\n|player|p2|itastelikeiron|infielder|1599\n|gen|9\n|tier|[Gen 9] VGC 2026 Reg I\n|rated|\n|rule|Species Clause: Limit one of each Pok\u00e9mon\n|rule|Item Clause: Limit 1 of each item\n|clearpoke\n|poke|p1|Calyrex-Shadow, L50|\n|poke|p1|Kyogre, L50|\n|poke|p1|Volbeat, L50, M|\n|poke|p1|Ogerpon-Wellspring, L50, F|\n|poke|p1|Hitmontop, L50, M|\n|poke|p1|Sableye, L50, M|\n|poke|p2|Kyogre, L50|\n|poke|p2|Zacian-*, L50|\n|poke|p2|Incineroar, L50, F|\n|poke|p2|Raichu, L50, F|\n|poke|p2|Urshifu-*, L50, F|\n|poke|p2|Whimsicott, L50, F|\n|teampreview|4\nrobstopheruzi has agreed to open team sheets.\nitastelikeiron has agreed to open team sheets.\n|showteam|p1|Calyrex-Shadow||FocusSash|AsOneSpectrier|AstralBarrage,Psychic,Protect,TeraBlast||||||50|,,,,,Fighting]Kyogre||MysticWater|Drizzle|WaterSpout,OriginPulse,Thunder,Protect||||||50|,,,,,Ground]Volbeat||CovertCloak|Prankster|RainDance,Taunt,Tailwind,Encore|||M|||50|,,,,,Dark]Ogerpon-Wellspring||WellspringMask|WaterAbsorb|IvyCudgel,HornLeech,FollowMe,SpikyShield|||F|||50|,,,,,Water]Hitmontop||MentalHerb|Intimidate|IceSpinner,WideGuard,BrickBreak,SuckerPunch|||M|||50|,,,,,Dark]Sableye||SitrusBerry|Prankster|Taunt,Quash,FoulPlay,SuckerPunch|||M|||50|,,,,,Water\n|showteam|p2|Kyogre||ChoiceScarf|Drizzle|WaterSpout,OriginPulse,IceBeam,TeraBlast||||||50|,,,,,Water]Zacian-Crowned||RustedSword|IntrepidSword|PlayRough,behemothblade,TeraBlast,Protect||||||50|,,,,,Ground]Incineroar||RockyHelmet|Intimidate|FakeOut,KnockOff,WillOWisp,PartingShot|||F|||50|,,,,,Ghost]Raichu||AssaultVest|LightningRod|FakeOut,Feint,Nuzzle,Thunder|||F|||50|,,,,,Fairy]Urshifu||FocusSash|UnseenFist|CloseCombat,WickedBlow,Detect,SuckerPunch|||F|||50|,,,,,Stellar]Whimsicott||CovertCloak|Prankster|Moonblast,Tickle,Tailwind,Encore|||F|||50|,,,,,Fire\n|inactive|Battle timer is ON: inactive players will automatically lose when time's up. (requested by robstopheruzi)\n|inactive|robstopheruzi has 30 seconds left.\n|inactive|itastelikeiron has 60 seconds left.\n|\n|t:|1775666317\n|teamsize|p1|4\n|teamsize|p2|4\n|start\n|switch|p1a: Big Horse|Calyrex-Shadow, L50|100/100\n|switch|p1b: Big Diamonds|Sableye, L50, M|100/100\n|switch|p2a: Urshifu|Urshifu, L50, F|100/100\n|switch|p2b: Incineroar|Incineroar, L50, F|100/100\n|-ability|p1a: Big Horse|As One\n|-ability|p1a: Big Horse|Unnerve\n|-ability|p2b: Incineroar|Intimidate|boost\n|-unboost|p1a: Big Horse|atk|1\n|-unboost|p1b: Big Diamonds|atk|1\n|turn|1\n|inactive|itastelikeiron has 30 seconds left.\n|\n|t:|1775666347\n|-terastallize|p1a: Big Horse|Fighting\n|move|p2a: Urshifu|Detect|p2a: Urshifu\n|-singleturn|p2a: Urshifu|Protect\n|move|p1a: Big Horse|Tera Blast|p2a: Urshifu|[anim] Tera Blast Fighting\n|-activate|p2a: Urshifu|move: Protect\n|move|p2b: Incineroar|Parting Shot|p1a: Big Horse\n|-unboost|p1a: Big Horse|atk|1\n|-unboost|p1a: Big Horse|spa|1\n|\n|t:|1775666351\n|switch|p2b: Kyogre|Kyogre, L50|100/100|[from] Parting Shot\n|-weather|RainDance|[from] ability: Drizzle|[of] p2b: Kyogre\n|move|p1b: Big Diamonds|Foul Play|p2a: Urshifu\n|-activate|p2a: Urshifu|move: Protect\n|\n|-weather|RainDance|[upkeep]\n|upkeep\n|turn|2\n|inactive|robstopheruzi has 30 seconds left.\n|inactive|itastelikeiron has 30 seconds left.\n|inactive|robstopheruzi has 20 seconds left.\n|inactive|robstopheruzi has 15 seconds left.\n|inactive|itastelikeiron has 20 seconds left.\n|inactive|itastelikeiron has 15 seconds left.\n|\n|t:|1775666402\n|switch|p1a: Big Mask|Ogerpon-Wellspring, L50, F|100/100\n|-terastallize|p2b: Kyogre|Water\n|move|p2a: Urshifu|Sucker Punch||[still]\n|-fail|p2a: Urshifu\n|move|p2b: Kyogre|Origin Pulse|p1a: Big Mask|[spread] p1b\n|-immune|p1a: Big Mask|[from] ability: Water Absorb\n|-damage|p1b: Big Diamonds|6/100\n|-enditem|p1b: Big Diamonds|Sitrus Berry|[eat]\n|-heal|p1b: Big Diamonds|31/100|[from] item: Sitrus Berry\n|move|p1b: Big Diamonds|Foul Play|p2a: Urshifu\n|-resisted|p2a: Urshifu\n|-damage|p2a: Urshifu|89/100\n|\n|-weather|RainDance|[upkeep]\n|upkeep\n|turn|3\n|inactive|robstopheruzi has 30 seconds left.\n|\n|t:|1775666430\n|switch|p2b: Incineroar|Incineroar, L50, F|100/100\n|-ability|p2b: Incineroar|Intimidate|boost\n|-unboost|p1a: Big Mask|atk|1\n|-unboost|p1b: Big Diamonds|atk|1\n|move|p1a: Big Mask|Ivy Cudgel|p2b: Incineroar|[anim] Ivy Cudgel Water\n|-supereffective|p2b: Incineroar\n|-damage|p2b: Incineroar|16/100\n|move|p2a: Urshifu|Wicked Blow|p1a: Big Mask\n|-crit|p1a: Big Mask\n|-damage|p1a: Big Mask|33/100\n|move|p1b: Big Diamonds|Foul Play|p2a: Urshifu\n|-resisted|p2a: Urshifu\n|-crit|p2a: Urshifu\n|-damage|p2a: Urshifu|71/100\n|\n|-weather|RainDance|[upkeep]\n|upkeep\n|turn|4\n|inactive|robstopheruzi has 30 seconds left.\n|inactive|itastelikeiron has 30 seconds left.\n|\n|t:|1775666460\n|switch|p1a: Big Fish|Kyogre, L50|100/100\n|move|p2b: Incineroar|Fake Out|p1a: Big Fish\n|-damage|p1a: Big Fish|90/100\n|move|p2a: Urshifu|Wicked Blow|p1b: Big Diamonds\n|-crit|p1b: Big Diamonds\n|-damage|p1b: Big Diamonds|0 fnt\n|faint|p1b: Big Diamonds\n|\n|-weather|RainDance|[upkeep]\n|upkeep\n|\n|t:|1775666476\n|switch|p1b: Big Mask|Ogerpon-Wellspring, L50, F|33/100\n|turn|5\n|\n|t:|1775666484\n|move|p2a: Urshifu|Detect|p2a: Urshifu\n|-singleturn|p2a: Urshifu|Protect\n|move|p1b: Big Mask|Follow Me|p1b: Big Mask\n|-singleturn|p1b: Big Mask|move: Follow Me\n|move|p1a: Big Fish|Water Spout|p2a: Urshifu|[spread] p2b\n|-activate|p2a: Urshifu|move: Protect\n|-supereffective|p2b: Incineroar\n|-damage|p2b: Incineroar|0 fnt\n|faint|p2b: Incineroar\n|\n|-weather|none\n|upkeep\n|\n|t:|1775666490\n|switch|p2b: Zacian|Zacian-Crowned, L50|100/100\n|-ability|p2b: Zacian|Intrepid Sword|boost\n|-boost|p2b: Zacian|atk|1\n|turn|6\n|\n|t:|1775666514\n|move|p1a: Big Fish|Protect|p1a: Big Fish\n|-singleturn|p1a: Big Fish|Protect\n|move|p2b: Zacian|Play Rough|p1a: Big Fish\n|-activate|p1a: Big Fish|move: Protect\n|move|p1b: Big Mask|Horn Leech|p2a: Urshifu\n|-damage|p2a: Urshifu|31/100\n|-heal|p1b: Big Mask|53/100|[from] drain|[of] p2a: Urshifu\n|move|p2a: Urshifu|Wicked Blow|p1b: Big Mask\n|-crit|p1b: Big Mask\n|-damage|p1b: Big Mask|0 fnt\n|faint|p1b: Big Mask\n|\n|upkeep\n|\n|t:|1775666528\n|switch|p1b: Big Horse|Calyrex-Shadow, L50, tera:Fighting|100/100\n|-ability|p1b: Big Horse|As One\n|-ability|p1b: Big Horse|Unnerve\n|turn|7\n|\n|t:|1775666539\n|move|p2a: Urshifu|Sucker Punch|p1b: Big Horse\n|-resisted|p1b: Big Horse\n|-damage|p1b: Big Horse|80/100\n|move|p1b: Big Horse|Astral Barrage|p2a: Urshifu|[spread] p2a,p2b\n|-resisted|p2a: Urshifu\n|-damage|p2a: Urshifu|0 fnt\n|-damage|p2b: Zacian|53/100\n|faint|p2a: Urshifu\n|-ability|p1b: Big Horse|Grim Neigh|boost\n|-boost|p1b: Big Horse|spa|1\n|move|p2b: Zacian|Play Rough|p1a: Big Fish\n|-damage|p1a: Big Fish|14/100\n|move|p1a: Big Fish|Origin Pulse|p2b: Zacian|[miss]\n|-miss|p1a: Big Fish|p2b: Zacian\n|\n|upkeep\n|\n|t:|1775666545\n|switch|p2a: Kyogre|Kyogre, L50, tera:Water|100/100\n|-weather|RainDance|[from] ability: Drizzle|[of] p2a: Kyogre\n|turn|8\n|inactive|robstopheruzi has 30 seconds left.\n|\n|t:|1775666571\n|move|p1a: Big Fish|Protect|p1a: Big Fish\n|-singleturn|p1a: Big Fish|Protect\n|move|p2a: Kyogre|Water Spout|p1b: Big Horse|[spread] p1b\n|-activate|p1a: Big Fish|move: Protect\n|-damage|p1b: Big Horse|0 fnt\n|faint|p1b: Big Horse\n|move|p2b: Zacian|Behemoth Blade|p1a: Big Fish\n|-activate|p1a: Big Fish|move: Protect\n|\n|-weather|RainDance|[upkeep]\n|upkeep\n|turn|9\n|-message|robstopheruzi forfeited.\n|\n|win|itastelikeiron\n|raw|robstopheruzi's rating: 1395 &rarr; <strong>1386</strong><br />(-9 for losing)\n|raw|itastelikeiron's rating: 1599 &rarr; <strong>1608</strong><br />(+9 for winning)\n|l|\u2606robstopheruzi\n|player|p1|\n|l|\u2606itastelikeiron\n|player|p2|\n","uploadtime":1775666761,"views":9,"formatid":"gen9vgc2026regi","rating":1386,"private":0,"password":null}