{"id":"gen9vgc2026regi-2551041974","format":"[Gen 9] VGC 2026 Reg I","players":["jdslk","Zorse Mentality"],"log":"|j|\u2606jdslk\n|j|\u2606Zorse Mentality\n|t:|1772559885\n|gametype|doubles\n|player|p1|jdslk|265|1180\n|player|p2|Zorse Mentality|266|1343\n|gen|9\n|tier|[Gen 9] VGC 2026 Reg I\n|rated|\n|rule|Species Clause: Limit one of each Pok\u00e9mon\n|rule|Item Clause: Limit 1 of each item\n|clearpoke\n|poke|p1|Kyogre, L50|\n|poke|p1|Calyrex-Ice, L50|\n|poke|p1|Iron Jugulis, L50|\n|poke|p1|Rillaboom, L50, F|\n|poke|p1|Urshifu-*, L50, F|\n|poke|p1|Amoonguss, L50, M|\n|poke|p2|Miraidon, L50|\n|poke|p2|Lunala, L50|\n|poke|p2|Dondozo, L50, F|\n|poke|p2|Tatsugiri, L50, F|\n|poke|p2|Raichu-Alola, L50, F|\n|poke|p2|Ursaluna, L50, F|\n|teampreview|4\n|inactive|Battle timer is ON: inactive players will automatically lose when time's up. (requested by jdslk)\n|\n|t:|1772559909\n|teamsize|p1|4\n|teamsize|p2|4\n|start\n|switch|p1a: Calyrex|Calyrex-Ice, L50|100/100\n|switch|p1b: Rillaboom|Rillaboom, L50, F|100/100\n|switch|p2a: Raichu|Raichu-Alola, L50, F|100/100\n|switch|p2b: Miraidon|Miraidon, L50|100/100\n|-ability|p1a: Calyrex|As One\n|-ability|p1a: Calyrex|Unnerve\n|-fieldstart|move: Electric Terrain|[from] ability: Hadron Engine|[of] p2b: Miraidon\n|-fieldstart|move: Grassy Terrain|[from] ability: Grassy Surge|[of] p1b: Rillaboom\n|turn|1\n|inactive|Zorse Mentality has 30 seconds left.\n|inactive|Zorse Mentality has 20 seconds left.\n|inactive|Zorse Mentality has 15 seconds left.\n|\n|t:|1772559952\n|move|p2a: Raichu|Fake Out|p1a: Calyrex\n|-damage|p1a: Calyrex|97/100\n|move|p1b: Rillaboom|Fake Out|p2a: Raichu\n|-damage|p2a: Raichu|81/100\n|move|p2b: Miraidon|Draco Meteor|p1b: Rillaboom\n|-damage|p1b: Rillaboom|35/100\n|-unboost|p2b: Miraidon|spa|2\n|cant|p1a: Calyrex|flinch\n|\n|-heal|p2a: Raichu|87/100|[from] Grassy Terrain\n|-heal|p1b: Rillaboom|41/100|[from] Grassy Terrain\n|-heal|p1a: Calyrex|100/100|[from] Grassy Terrain\n|upkeep\n|turn|2\n|inactive|Zorse Mentality has 30 seconds left.\n|inactive|Zorse Mentality has 20 seconds left.\n|inactive|Zorse Mentality has 15 seconds left.\n|\n|t:|1772559993\n|switch|p2b: Tatsugiri|Tatsugiri, L50, F|100/100\n|switch|p1b: Kyogre|Kyogre, L50|100/100\n|-weather|RainDance|[from] ability: Drizzle|[of] p1b: Kyogre\n|move|p2a: Raichu|Volt Switch|p1b: Kyogre\n|-supereffective|p1b: Kyogre\n|-damage|p1b: Kyogre|71/100\n|\n|t:|1772560003\n|switch|p2a: Dondozo|Dondozo, L50, F|100/100|[from] Volt Switch\n|-activate|p2b: Tatsugiri|ability: Commander|[of] p2a: Dondozo\n|-boost|p2a: Dondozo|atk|2\n|-boost|p2a: Dondozo|spa|2\n|-boost|p2a: Dondozo|spe|2\n|-boost|p2a: Dondozo|def|2\n|-boost|p2a: Dondozo|spd|2\n|move|p1a: Calyrex|Glacial Lance|p2a: Dondozo|[spread] p2a\n|-miss|p1a: Calyrex|p2b: Tatsugiri\n|-resisted|p2a: Dondozo\n|-damage|p2a: Dondozo|93/100\n|\n|-weather|RainDance|[upkeep]\n|-heal|p1b: Kyogre|78/100|[from] Grassy Terrain\n|-heal|p2a: Dondozo|99/100|[from] Grassy Terrain\n|upkeep\n|turn|3\n|inactive|jdslk has 30 seconds left.\n|\n|t:|1772560032\n|move|p1b: Kyogre|Thunder|p2a: Dondozo\n|-supereffective|p2a: Dondozo\n|-damage|p2a: Dondozo|66/100\n|move|p2a: Dondozo|Earthquake|p1a: Calyrex|[spread] p1a,p1b\n|-miss|p2a: Dondozo|p2b: Tatsugiri\n|-damage|p1a: Calyrex|92/100\n|-damage|p1b: Kyogre|61/100\n|move|p1a: Calyrex|Seed Bomb|p2a: Dondozo\n|-supereffective|p2a: Dondozo\n|-damage|p2a: Dondozo|45/100\n|\n|-weather|RainDance|[upkeep]\n|-heal|p2a: Dondozo|51/100|[from] Grassy Terrain\n|-heal|p1b: Kyogre|67/100|[from] Grassy Terrain\n|-heal|p1a: Calyrex|98/100|[from] Grassy Terrain\n|upkeep\n|turn|4\n|inactive|jdslk has 30 seconds left.\n|\n|t:|1772560061\n|move|p2a: Dondozo|Rest|p2a: Dondozo\n|-status|p2a: Dondozo|slp|[from] move: Rest\n|-heal|p2a: Dondozo|100/100 slp|[silent]\n|move|p1b: Kyogre|Thunder|p2a: Dondozo\n|-supereffective|p2a: Dondozo\n|-damage|p2a: Dondozo|65/100 slp\n|move|p1a: Calyrex|Seed Bomb|p2a: Dondozo\n|-supereffective|p2a: Dondozo\n|-damage|p2a: Dondozo|41/100 slp\n|\n|-weather|RainDance|[upkeep]\n|-heal|p1b: Kyogre|73/100|[from] Grassy Terrain\n|-heal|p2a: Dondozo|47/100 slp|[from] Grassy Terrain\n|-heal|p1a: Calyrex|100/100|[from] Grassy Terrain\n|upkeep\n|turn|5\n|\n|t:|1772560079\n|cant|p2a: Dondozo|slp\n|move|p2a: Dondozo|Sleep Talk|p2a: Dondozo\n|move|p2a: Dondozo|Rest||[from] move: Sleep Talk|[still]\n|-fail|p2a: Dondozo\n|move|p1b: Kyogre|Thunder|p2a: Dondozo\n|-supereffective|p2a: Dondozo\n|-damage|p2a: Dondozo|12/100 slp\n|move|p1a: Calyrex|Seed Bomb|p2a: Dondozo\n|-supereffective|p2a: Dondozo\n|-damage|p2a: Dondozo|0 fnt\n|faint|p2a: Dondozo\n|-ability|p1a: Calyrex|Chilling Neigh|boost\n|-boost|p1a: Calyrex|atk|1\n|\n|-weather|RainDance|[upkeep]\n|-heal|p1b: Kyogre|80/100|[from] Grassy Terrain\n|-fieldend|move: Grassy Terrain\n|upkeep\n|\n|t:|1772560097\n|switch|p2a: Miraidon|Miraidon, L50|100/100\n|-fieldstart|move: Electric Terrain|[from] ability: Hadron Engine|[of] p2a: Miraidon\n|turn|6\n|\n|t:|1772560117\n|-terastallize|p2a: Miraidon|Electric\n|move|p1b: Kyogre|Protect|p1b: Kyogre\n|-singleturn|p1b: Kyogre|Protect\n|move|p2a: Miraidon|Volt Switch|p1a: Calyrex\n|-damage|p1a: Calyrex|34/100\n|\n|t:|1772560124\n|switch|p2a: Raichu|Raichu-Alola, L50, F|87/100|[from] Volt Switch\n|move|p2b: Tatsugiri|Draco Meteor|p1b: Kyogre\n|-activate|p1b: Kyogre|move: Protect\n|move|p1a: Calyrex|Glacial Lance|p2b: Tatsugiri|[spread] p2a,p2b\n|-damage|p2a: Raichu|0 fnt\n|-enditem|p2b: Tatsugiri|Focus Sash\n|-damage|p2b: Tatsugiri|1/100\n|faint|p2a: Raichu\n|-ability|p1a: Calyrex|Chilling Neigh|boost\n|-boost|p1a: Calyrex|atk|1\n|\n|-weather|none\n|upkeep\n|\n|t:|1772560139\n|switch|p2a: Miraidon|Miraidon, L50, tera:Electric|100/100\n|-activate|p2a: Miraidon|ability: Hadron Engine\n|turn|7\n|\n|t:|1772560156\n|-terastallize|p1b: Kyogre|Grass\n|move|p2a: Miraidon|Electro Drift|p1b: Kyogre\n|-resisted|p1b: Kyogre\n|-damage|p1b: Kyogre|40/100\n|move|p2b: Tatsugiri|Draco Meteor|p1a: Calyrex|[miss]\n|-miss|p2b: Tatsugiri|p1a: Calyrex\n|move|p1b: Kyogre|Water Spout|p2a: Miraidon|[spread] p2a,p2b\n|-resisted|p2b: Tatsugiri\n|-damage|p2a: Miraidon|73/100\n|-damage|p2b: Tatsugiri|0 fnt\n|faint|p2b: Tatsugiri\n|move|p1a: Calyrex|Glacial Lance|p2a: Miraidon\n|-damage|p2a: Miraidon|0 fnt\n|faint|p2a: Miraidon\n|\n|win|jdslk\n|raw|jdslk's rating: 1180 &rarr; <strong>1216</strong><br />(+36 for winning)\n|raw|Zorse Mentality's rating: 1343 &rarr; <strong>1314</strong><br />(-29 for losing)\n|l|\u2606Zorse Mentality\n|player|p2|\n|l|\u2606jdslk\n|player|p1|\n","uploadtime":1772560322,"views":12,"formatid":"gen9vgc2026regi","rating":1216,"private":0,"password":null}