{"id":"gen9vgc2026regi-2535279584","format":"[Gen 9] VGC 2026 Reg I","players":["Caiya","j0l0k0"],"log":"|j|\u2606Caiya\n|j|\u2606j0l0k0\n|t:|1770543320\n|gametype|doubles\n|player|p1|Caiya|266|1362\n|player|p2|j0l0k0|brycen|1364\n|gen|9\n|tier|[Gen 9] VGC 2026 Reg I\n|rated|\n|rule|Species Clause: Limit one of each Pok\u00e9mon\n|rule|Item Clause: Limit 1 of each item\n|clearpoke\n|poke|p1|Zamazenta-*, L50|\n|poke|p1|Ogerpon-Hearthflame, L50, F|\n|poke|p1|Chien-Pao, L50|\n|poke|p1|Terapagos, L50, M|\n|poke|p1|Farigiraf, L50, M|\n|poke|p1|Urshifu-*, L50, F|\n|poke|p2|Calyrex-Ice, L50|\n|poke|p2|Kyogre, L50|\n|poke|p2|Indeedee-F, L50, F|\n|poke|p2|Urshifu-*, L50, F|\n|poke|p2|Amoonguss, L50, F|\n|poke|p2|Landorus, L50, M|\n|teampreview|4\n|inactive|Battle timer is ON: inactive players will automatically lose when time's up. (requested by j0l0k0)\n|\n|t:|1770543331\n|teamsize|p1|4\n|teamsize|p2|4\n|start\n|switch|p1a: Ogerpon|Ogerpon-Hearthflame, L50, F|100/100\n|switch|p1b: Zamazenta|Zamazenta-Crowned, L50|100/100\n|switch|p2a: Indeedee|Indeedee-F, L50, F, shiny|100/100\n|switch|p2b: Calyrex|Calyrex-Ice, L50|100/100\n|-ability|p2b: Calyrex|As One\n|-ability|p2b: Calyrex|Unnerve\n|-ability|p1b: Zamazenta|Dauntless Shield|boost\n|-boost|p1b: Zamazenta|def|1\n|-ability|p1a: Ogerpon|Mold Breaker\n|-fieldstart|move: Psychic Terrain|[from] ability: Psychic Surge|[of] p2a: Indeedee\n|turn|1\n|\n|t:|1770543354\n|move|p2a: Indeedee|Follow Me|p2a: Indeedee\n|-singleturn|p2a: Indeedee|move: Follow Me\n|move|p1b: Zamazenta|Iron Defense|p1b: Zamazenta\n|-boost|p1b: Zamazenta|def|2\n|move|p1a: Ogerpon|Ivy Cudgel|p2a: Indeedee|[anim] Ivy Cudgel Fire\n|-damage|p2a: Indeedee|46/100\n|move|p2b: Calyrex|Trick Room|p2b: Calyrex\n|-fieldstart|move: Trick Room|[of] p2b: Calyrex\n|\n|upkeep\n|turn|2\n|\n|t:|1770543368\n|move|p2a: Indeedee|Follow Me|p2a: Indeedee\n|-singleturn|p2a: Indeedee|move: Follow Me\n|move|p2b: Calyrex|Glacial Lance|p1b: Zamazenta|[spread] p1a,p1b\n|-resisted|p1b: Zamazenta\n|-damage|p1a: Ogerpon|31/100\n|-damage|p1b: Zamazenta|93/100\n|move|p1a: Ogerpon|Ivy Cudgel|p2a: Indeedee|[anim] Ivy Cudgel Fire\n|-damage|p2a: Indeedee|0 fnt\n|faint|p2a: Indeedee\n|move|p1b: Zamazenta|Body Press|p2b: Calyrex\n|-damage|p2b: Calyrex|23/100\n|\n|upkeep\n|\n|t:|1770543381\n|switch|p2a: Landorus|Landorus, L50, M, shiny|100/100\n|turn|3\n|\n|t:|1770543391\n|-terastallize|p1b: Zamazenta|Dragon\n|move|p1b: Zamazenta|Wide Guard|p1b: Zamazenta\n|-singleturn|p1b: Zamazenta|Wide Guard\n|move|p2b: Calyrex|Close Combat|p1a: Ogerpon\n|-damage|p1a: Ogerpon|0 fnt\n|-unboost|p2b: Calyrex|def|1\n|-unboost|p2b: Calyrex|spd|1\n|faint|p1a: Ogerpon\n|-ability|p2b: Calyrex|Chilling Neigh|boost\n|-boost|p2b: Calyrex|atk|1\n|move|p2a: Landorus|Earth Power|p1b: Zamazenta\n|-damage|p1b: Zamazenta|34/100\n|\n|upkeep\n|\n|t:|1770543408\n|switch|p1a: Terapagos|Terapagos, L50, M|100/100\n|-activate|p1a: Terapagos|ability: Tera Shift\n|detailschange|p1a: Terapagos|Terapagos-Terastal, L50, M\n|-heal|p1a: Terapagos|100/100|[silent]\n|turn|4\n|\n|t:|1770543426\n|move|p1a: Terapagos|Protect|p1a: Terapagos\n|-singleturn|p1a: Terapagos|Protect\n|move|p2b: Calyrex|Crunch|p1a: Terapagos\n|-activate|p1a: Terapagos|move: Protect\n|move|p2a: Landorus|Earth Power|p1b: Zamazenta\n|-damage|p1b: Zamazenta|0 fnt\n|faint|p1b: Zamazenta\n|\n|upkeep\n|\n|t:|1770543434\n|switch|p1b: Chien-Pao|Chien-Pao, L50|100/100\n|-ability|p1b: Chien-Pao|Sword of Ruin\n|turn|5\n|inactive|Caiya has 30 seconds left.\n|\n|t:|1770543467\n|-terastallize|p2a: Landorus|Steel\n|move|p1b: Chien-Pao|Protect|p1b: Chien-Pao\n|-singleturn|p1b: Chien-Pao|Protect\n|move|p2b: Calyrex|Glacial Lance|p1a: Terapagos|[spread] p1a\n|-activate|p1b: Chien-Pao|move: Protect\n|-activate|p1a: Terapagos|ability: Tera Shell\n|-resisted|p1a: Terapagos\n|-damage|p1a: Terapagos|41/100\n|move|p2a: Landorus|Sandsear Storm|p1a: Terapagos|[spread] \n|-activate|p1b: Chien-Pao|move: Protect\n|-miss|p2a: Landorus|p1a: Terapagos\n|move|p1a: Terapagos|Meteor Beam||[still]\n|-prepare|p1a: Terapagos|Meteor Beam\n|-boost|p1a: Terapagos|spa|1\n|-enditem|p1a: Terapagos|Power Herb\n|-anim|p1a: Terapagos|Meteor Beam|p2b: Calyrex\n|-supereffective|p2b: Calyrex\n|-damage|p2b: Calyrex|0 fnt\n|faint|p2b: Calyrex\n|\n|-fieldend|move: Trick Room\n|-fieldend|move: Psychic Terrain\n|upkeep\n|\n|t:|1770543471\n|switch|p2b: Kyogre|Kyogre, L50, shiny|100/100\n|-weather|RainDance|[from] ability: Drizzle|[of] p2b: Kyogre\n|turn|6\n|inactive|Caiya has 30 seconds left.\n|inactive|j0l0k0 has 30 seconds left.\n|\n|t:|1770543504\n|move|p1a: Terapagos|Protect|p1a: Terapagos\n|-singleturn|p1a: Terapagos|Protect\n|move|p1b: Chien-Pao|Crunch|p2b: Kyogre\n|-damage|p2b: Kyogre|46/100\n|move|p2a: Landorus|Sandsear Storm|p1b: Chien-Pao|[spread] p1b\n|-activate|p1a: Terapagos|move: Protect\n|-enditem|p1b: Chien-Pao|Focus Sash\n|-damage|p1b: Chien-Pao|1/100\n|move|p2b: Kyogre|Hydro Pump|p1a: Terapagos\n|-activate|p1a: Terapagos|move: Protect\n|\n|-weather|RainDance|[upkeep]\n|upkeep\n|turn|7\n|\n|t:|1770543524\n|move|p1b: Chien-Pao|Crunch|p2b: Kyogre\n|-damage|p2b: Kyogre|0 fnt\n|faint|p2b: Kyogre\n|move|p1a: Terapagos|Earth Power|p2a: Landorus\n|-supereffective|p2a: Landorus\n|-damage|p2a: Landorus|6/100\n|move|p2a: Landorus|Sandsear Storm|p1a: Terapagos|[spread] p1a,p1b\n|-damage|p1a: Terapagos|0 fnt\n|-damage|p1b: Chien-Pao|0 fnt\n|faint|p1a: Terapagos\n|faint|p1b: Chien-Pao\n|\n|win|j0l0k0\n|raw|Caiya's rating: 1362 &rarr; <strong>1342</strong><br />(-20 for losing)\n|raw|j0l0k0's rating: 1364 &rarr; <strong>1384</strong><br />(+20 for winning)\n|c|\u2606j0l0k0|ggwp\n|c|\u2606Caiya|gg\n|l|\u2606j0l0k0\n|player|p2|\n|c|\u2606Caiya|u2\n|l|\u2606Caiya\n|player|p1|\n","uploadtime":1770543682,"views":14,"formatid":"gen9vgc2026regi","rating":1342,"private":0,"password":null}