{"id":"gen9vgc2026regi-2587475946","format":"[Gen 9] VGC 2026 Reg I","players":["abs9191","BenSon_A27_Zong"],"log":"|j|\u2606abs9191\n|j|\u2606BenSon_A27_Zong\n|t:|1776535008\n|gametype|doubles\n|player|p1|abs9191|2|1246\n|player|p2|BenSon_A27_Zong|bugsy|1218\n|gen|9\n|tier|[Gen 9] VGC 2026 Reg I\n|rated|\n|rule|Species Clause: Limit one of each Pok\u00e9mon\n|rule|Item Clause: Limit 1 of each item\n|clearpoke\n|poke|p1|Necrozma-Dawn-Wings, L50|\n|poke|p1|Indeedee-F, L50, F|\n|poke|p1|Ursaluna-Bloodmoon, L50, M|\n|poke|p1|Amoonguss, L50, F|\n|poke|p1|Calyrex-Ice, L50|\n|poke|p1|Iron Hands, L50|\n|poke|p2|Muk-Alola, L50, F|\n|poke|p2|Grimmsnarl, L50, M|\n|poke|p2|Incineroar, L50, M|\n|poke|p2|Smeargle, L50, F|\n|poke|p2|Calyrex-Shadow, L50|\n|poke|p2|Miraidon, L50|\n|teampreview|4\n|inactive|Battle timer is ON: inactive players will automatically lose when time's up. (requested by BenSon_A27_Zong)\n|\n|t:|1776535023\n|teamsize|p1|4\n|teamsize|p2|4\n|start\n|switch|p1a: Indeedee|Indeedee-F, L50, F|100/100\n|switch|p1b: Necrozma|Necrozma-Dawn-Wings, L50|100/100\n|switch|p2a: Incineroar|Incineroar, L50, M|100/100\n|switch|p2b: Grimmsnarl|Grimmsnarl, L50, M|100/100\n|-fieldstart|move: Psychic Terrain|[from] ability: Psychic Surge|[of] p1a: Indeedee\n|-ability|p2a: Incineroar|Intimidate|boost\n|-unboost|p1a: Indeedee|atk|1\n|-unboost|p1b: Necrozma|atk|1\n|turn|1\n|\n|t:|1776535040\n|move|p1a: Indeedee|Follow Me|p1a: Indeedee\n|-singleturn|p1a: Indeedee|move: Follow Me\n|move|p2b: Grimmsnarl|Light Screen|p2b: Grimmsnarl\n|-sidestart|p2: BenSon_A27_Zong|move: Light Screen\n|move|p2a: Incineroar|Snarl|p1a: Indeedee|[spread] p1a,p1b\n|-supereffective|p1a: Indeedee\n|-supereffective|p1b: Necrozma\n|-damage|p1a: Indeedee|76/100\n|-damage|p1b: Necrozma|77/100\n|-unboost|p1a: Indeedee|spa|1\n|-unboost|p1b: Necrozma|spa|1\n|-enditem|p1a: Indeedee|Eject Button\n|\n|t:|1776535049\n|switch|p1a: Amoonguss|Amoonguss, L50, F|100/100\n|move|p1b: Necrozma|Trick Room|p1b: Necrozma\n|-fieldstart|move: Trick Room|[of] p1b: Necrozma\n|-enditem|p1b: Necrozma|Room Service\n|-unboost|p1b: Necrozma|spe|1|[from] item: Room Service\n|\n|upkeep\n|turn|2\n|inactive|BenSon_A27_Zong has 30 seconds left.\n|\n|t:|1776535079\n|move|p2b: Grimmsnarl|Reflect|p2b: Grimmsnarl\n|-sidestart|p2: BenSon_A27_Zong|Reflect\n|move|p1a: Amoonguss|Spore|p2a: Incineroar\n|-status|p2a: Incineroar|slp|[from] move: Spore\n|move|p1b: Necrozma|Calm Mind|p1b: Necrozma\n|-boost|p1b: Necrozma|spa|1\n|-boost|p1b: Necrozma|spd|1\n|cant|p2a: Incineroar|slp\n|\n|upkeep\n|turn|3\n|\n|t:|1776535091\n|move|p1a: Amoonguss|Spore|p2b: Grimmsnarl\n|-status|p2b: Grimmsnarl|slp|[from] move: Spore\n|move|p1b: Necrozma|Calm Mind|p1b: Necrozma\n|-boost|p1b: Necrozma|spa|1\n|-boost|p1b: Necrozma|spd|1\n|cant|p2b: Grimmsnarl|slp\n|-curestatus|p2a: Incineroar|slp|[msg]\n|move|p2a: Incineroar|Roar|p1b: Necrozma\n|drag|p1b: Iron Hands|Iron Hands, L50|100/100\n|-enditem|p1b: Iron Hands|Booster Energy\n|-activate|p1b: Iron Hands|ability: Quark Drive|[fromitem]\n|-start|p1b: Iron Hands|quarkdriveatk\n|\n|upkeep\n|turn|4\n|\n|t:|1776535110\n|move|p1a: Amoonguss|Spore|p2a: Incineroar\n|-status|p2a: Incineroar|slp|[from] move: Spore\n|move|p1b: Iron Hands|Low Kick|p2a: Incineroar\n|-supereffective|p2a: Incineroar\n|-damage|p2a: Incineroar|23/100 slp\n|-enditem|p2a: Incineroar|Sitrus Berry|[eat]\n|-heal|p2a: Incineroar|48/100 slp|[from] item: Sitrus Berry\n|cant|p2a: Incineroar|slp\n|cant|p2b: Grimmsnarl|slp\n|\n|upkeep\n|turn|5\n|\n|t:|1776535130\n|move|p1a: Amoonguss|Pollen Puff|p2b: Grimmsnarl\n|-damage|p2b: Grimmsnarl|87/100 slp\n|move|p1b: Iron Hands|Heavy Slam|p2b: Grimmsnarl\n|-supereffective|p2b: Grimmsnarl\n|-damage|p2b: Grimmsnarl|0 fnt\n|faint|p2b: Grimmsnarl\n|cant|p2a: Incineroar|slp\n|\n|-fieldend|move: Trick Room\n|-fieldend|move: Psychic Terrain\n|upkeep\n|\n|t:|1776535142\n|switch|p2b: Muk|Muk-Alola, L50, F|100/100\n|turn|6\n|\n|t:|1776535165\n|switch|p2a: Smeargle|Smeargle, L50, F|100/100\n|move|p2b: Muk|Minimize|p2b: Muk\n|-boost|p2b: Muk|evasion|2\n|move|p1b: Iron Hands|Low Kick|p2b: Muk|[miss]\n|-miss|p1b: Iron Hands|p2b: Muk\n|move|p1a: Amoonguss|Spore|p2b: Muk\n|-status|p2b: Muk|slp|[from] move: Spore\n|\n|-ability|p2a: Smeargle|Moody|boost\n|-boost|p2a: Smeargle|spd|2\n|-unboost|p2a: Smeargle|atk|1\n|upkeep\n|turn|7\n|\n|t:|1776535189\n|move|p1a: Amoonguss|Rage Powder|p1a: Amoonguss\n|-singleturn|p1a: Amoonguss|move: Rage Powder\n|move|p2a: Smeargle|Minimize|p2a: Smeargle\n|-boost|p2a: Smeargle|evasion|2\n|cant|p2b: Muk|slp\n|move|p1b: Iron Hands|Low Kick|p2a: Smeargle\n|-supereffective|p2a: Smeargle\n|-enditem|p2a: Smeargle|Focus Sash\n|-damage|p2a: Smeargle|1/100\n|\n|-ability|p2a: Smeargle|Moody|boost\n|-boost|p2a: Smeargle|spa|2\n|-unboost|p2a: Smeargle|spd|1\n|upkeep\n|turn|8\n|inactive|abs9191 has 30 seconds left.\n|\n|t:|1776535217\n|move|p1a: Amoonguss|Rage Powder|p1a: Amoonguss\n|-singleturn|p1a: Amoonguss|move: Rage Powder\n|move|p2a: Smeargle|Spore|p1a: Amoonguss\n|-immune|p1a: Amoonguss\n|cant|p2b: Muk|slp\n|move|p1b: Iron Hands|Low Kick|p2b: Muk\n|-damage|p2b: Muk|66/100 slp\n|\n|-heal|p2b: Muk|72/100 slp|[from] item: Leftovers\n|-sideend|p2: BenSon_A27_Zong|move: Light Screen\n|-ability|p2a: Smeargle|Moody|boost\n|-boost|p2a: Smeargle|spa|2\n|-unboost|p2a: Smeargle|spd|1\n|upkeep\n|turn|9\n|\n|t:|1776535239\n|move|p1a: Amoonguss|Rage Powder|p1a: Amoonguss\n|-singleturn|p1a: Amoonguss|move: Rage Powder\n|move|p2a: Smeargle|Spore|p1a: Amoonguss\n|-immune|p1a: Amoonguss\n|cant|p2b: Muk|slp\n|move|p1b: Iron Hands|Heavy Slam|p2b: Muk\n|-damage|p2b: Muk|9/100 slp\n|\n|-heal|p2b: Muk|15/100 slp|[from] item: Leftovers\n|-sideend|p2: BenSon_A27_Zong|Reflect\n|-ability|p2a: Smeargle|Moody|boost\n|-boost|p2a: Smeargle|spa|2\n|-unboost|p2a: Smeargle|atk|1\n|upkeep\n|turn|10\n|\n|t:|1776535257\n|move|p2a: Smeargle|Follow Me|p2a: Smeargle\n|-singleturn|p2a: Smeargle|move: Follow Me\n|move|p1a: Amoonguss|Rage Powder|p1a: Amoonguss\n|-singleturn|p1a: Amoonguss|move: Rage Powder\n|-curestatus|p2b: Muk|slp|[msg]\n|move|p2b: Muk|Minimize|p2b: Muk\n|-boost|p2b: Muk|evasion|2\n|move|p1b: Iron Hands|Heavy Slam|p2a: Smeargle\n|-damage|p2a: Smeargle|0 fnt\n|faint|p2a: Smeargle\n|-ability|p2b: Muk|Moody|Power of Alchemy|[from] ability: Power of Alchemy|[of] p2a: Smeargle\n|\n|-heal|p2b: Muk|21/100|[from] item: Leftovers\n|-ability|p2b: Muk|Moody|boost\n|-boost|p2b: Muk|spe|2\n|-unboost|p2b: Muk|atk|1\n|upkeep\n|\n|t:|1776535261\n|switch|p2a: Incineroar|Incineroar, L50, M|48/100 slp\n|-ability|p2a: Incineroar|Intimidate|boost\n|-unboost|p1a: Amoonguss|atk|1\n|-unboost|p1b: Iron Hands|atk|1\n|turn|11\n|\n|t:|1776535283\n|-curestatus|p2a: Incineroar|slp|[msg]\n|move|p2a: Incineroar|Fake Out|p1b: Iron Hands\n|-damage|p1b: Iron Hands|93/100\n|move|p1a: Amoonguss|Rage Powder|p1a: Amoonguss\n|-singleturn|p1a: Amoonguss|move: Rage Powder\n|move|p2b: Muk|Rest|p2b: Muk\n|-status|p2b: Muk|slp|[from] move: Rest\n|-heal|p2b: Muk|100/100 slp|[silent]\n|cant|p1b: Iron Hands|flinch\n|\n|-ability|p2b: Muk|Moody|boost\n|-boost|p2b: Muk|spd|2\n|-unboost|p2b: Muk|spe|1\n|upkeep\n|turn|12\n|\n|t:|1776535307\n|move|p1a: Amoonguss|Rage Powder|p1a: Amoonguss\n|-singleturn|p1a: Amoonguss|move: Rage Powder\n|cant|p2b: Muk|slp\n|move|p2a: Incineroar|Parting Shot|p1a: Amoonguss\n|-unboost|p1a: Amoonguss|atk|1\n|-unboost|p1a: Amoonguss|spa|1\n|move|p1b: Iron Hands|Low Kick|p2a: Incineroar\n|-supereffective|p2a: Incineroar\n|-damage|p2a: Incineroar|0 fnt\n|faint|p2a: Incineroar\n|\n|-ability|p2b: Muk|Moody|boost\n|-boost|p2b: Muk|spe|2\n|-unboost|p2b: Muk|atk|1\n|upkeep\n|turn|13\n|\n|t:|1776535327\n|-end|p1b: Iron Hands|Quark Drive|[silent]\n|switch|p1b: Necrozma|Necrozma-Dawn-Wings, L50|77/100\n|move|p1a: Amoonguss|Rage Powder|p1a: Amoonguss\n|-singleturn|p1a: Amoonguss|move: Rage Powder\n|cant|p2b: Muk|slp\n|\n|-ability|p2b: Muk|Moody|boost\n|-boost|p2b: Muk|def|2\n|-unboost|p2b: Muk|atk|1\n|upkeep\n|turn|14\n|\n|t:|1776535338\n|move|p1a: Amoonguss|Rage Powder|p1a: Amoonguss\n|-singleturn|p1a: Amoonguss|move: Rage Powder\n|-curestatus|p2b: Muk|slp|[msg]\n|move|p2b: Muk|Minimize|p2b: Muk\n|-boost|p2b: Muk|evasion|2\n|move|p1b: Necrozma|Calm Mind|p1b: Necrozma\n|-boost|p1b: Necrozma|spa|1\n|-boost|p1b: Necrozma|spd|1\n|\n|-ability|p2b: Muk|Moody|boost\n|-boost|p2b: Muk|atk|2\n|-unboost|p2b: Muk|spa|1\n|upkeep\n|turn|15\n|\n|t:|1776535351\n|move|p1a: Amoonguss|Rage Powder|p1a: Amoonguss\n|-singleturn|p1a: Amoonguss|move: Rage Powder\n|move|p2b: Muk|Poison Jab|p1a: Amoonguss\n|-damage|p1a: Amoonguss|84/100\n|-damage|p2b: Muk|84/100|[from] item: Rocky Helmet|[of] p1a: Amoonguss\n|move|p1b: Necrozma|Calm Mind|p1b: Necrozma\n|-boost|p1b: Necrozma|spa|1\n|-boost|p1b: Necrozma|spd|1\n|\n|-heal|p2b: Muk|90/100|[from] item: Leftovers\n|-ability|p2b: Muk|Moody|boost\n|-boost|p2b: Muk|def|2\n|-unboost|p2b: Muk|spe|1\n|upkeep\n|turn|16\n|\n|t:|1776535366\n|move|p1a: Amoonguss|Rage Powder|p1a: Amoonguss\n|-singleturn|p1a: Amoonguss|move: Rage Powder\n|move|p2b: Muk|Poison Jab|p1a: Amoonguss\n|-damage|p1a: Amoonguss|68/100\n|-damage|p2b: Muk|74/100|[from] item: Rocky Helmet|[of] p1a: Amoonguss\n|move|p1b: Necrozma|Calm Mind|p1b: Necrozma\n|-boost|p1b: Necrozma|spa|1\n|-boost|p1b: Necrozma|spd|1\n|\n|-heal|p2b: Muk|80/100|[from] item: Leftovers\n|-ability|p2b: Muk|Moody|boost\n|-boost|p2b: Muk|atk|2\n|-unboost|p2b: Muk|spd|1\n|upkeep\n|turn|17\n|\n|t:|1776535381\n|move|p1a: Amoonguss|Rage Powder|p1a: Amoonguss\n|-singleturn|p1a: Amoonguss|move: Rage Powder\n|move|p2b: Muk|Poison Jab|p1a: Amoonguss\n|-damage|p1a: Amoonguss|30/100\n|-damage|p2b: Muk|63/100|[from] item: Rocky Helmet|[of] p1a: Amoonguss\n|move|p1b: Necrozma|Calm Mind|p1b: Necrozma\n|-boost|p1b: Necrozma|spa|1\n|-boost|p1b: Necrozma|spd|1\n|\n|-heal|p2b: Muk|69/100|[from] item: Leftovers\n|-ability|p2b: Muk|Moody|boost\n|-boost|p2b: Muk|spa|2\n|-unboost|p2b: Muk|spd|1\n|upkeep\n|turn|18\n|\n|t:|1776535396\n|move|p1a: Amoonguss|Rage Powder|p1a: Amoonguss\n|-singleturn|p1a: Amoonguss|move: Rage Powder\n|move|p2b: Muk|Poison Jab|p1a: Amoonguss\n|-damage|p1a: Amoonguss|0 fnt\n|-damage|p2b: Muk|53/100|[from] item: Rocky Helmet|[of] p1a: Amoonguss\n|faint|p1a: Amoonguss\n|move|p1b: Necrozma|Calm Mind|p1b: Necrozma\n|-boost|p1b: Necrozma|spa|1\n|-boost|p1b: Necrozma|spd|1\n|\n|-heal|p2b: Muk|59/100|[from] item: Leftovers\n|-ability|p2b: Muk|Moody|boost\n|-boost|p2b: Muk|spa|2\n|-unboost|p2b: Muk|atk|1\n|upkeep\n|\n|t:|1776535409\n|switch|p1a: Indeedee|Indeedee-F, L50, F|76/100\n|-fieldstart|move: Psychic Terrain|[from] ability: Psychic Surge|[of] p1a: Indeedee\n|turn|19\n|\n|t:|1776535415\n|move|p2b: Muk|Protect|p2b: Muk\n|-singleturn|p2b: Muk|Protect\n|move|p1a: Indeedee|Follow Me|p1a: Indeedee\n|-singleturn|p1a: Indeedee|move: Follow Me\n|move|p1b: Necrozma|Calm Mind|p1b: Necrozma\n|-boost|p1b: Necrozma|spa|1\n|-boost|p1b: Necrozma|spd|1\n|\n|-heal|p2b: Muk|65/100|[from] item: Leftovers\n|-ability|p2b: Muk|Moody|boost\n|-boost|p2b: Muk|spd|2\n|-unboost|p2b: Muk|atk|1\n|upkeep\n|turn|20\n|\n|t:|1776535433\n|move|p1a: Indeedee|Follow Me|p1a: Indeedee\n|-singleturn|p1a: Indeedee|move: Follow Me\n|move|p2b: Muk|Poison Jab|p1a: Indeedee\n|-damage|p1a: Indeedee|57/100\n|move|p1b: Necrozma|Trick Room|p1b: Necrozma\n|-fieldstart|move: Trick Room|[of] p1b: Necrozma\n|\n|-heal|p2b: Muk|71/100|[from] item: Leftovers\n|-ability|p2b: Muk|Moody|boost\n|-boost|p2b: Muk|atk|2\n|-unboost|p2b: Muk|spa|1\n|upkeep\n|turn|21\n|\n|t:|1776535446\n|move|p2b: Muk|Protect|p2b: Muk\n|-singleturn|p2b: Muk|Protect\n|move|p1a: Indeedee|Follow Me|p1a: Indeedee\n|-singleturn|p1a: Indeedee|move: Follow Me\n|move|p1b: Necrozma|Moongeist Beam|p2b: Muk\n|-activate|p2b: Muk|move: Protect\n|\n|-heal|p2b: Muk|77/100|[from] item: Leftovers\n|-ability|p2b: Muk|Moody|boost\n|-boost|p2b: Muk|spa|2\n|-unboost|p2b: Muk|spe|1\n|upkeep\n|turn|22\n|\n|t:|1776535461\n|move|p1a: Indeedee|Follow Me|p1a: Indeedee\n|-singleturn|p1a: Indeedee|move: Follow Me\n|move|p1b: Necrozma|Moongeist Beam|p2b: Muk\n|-resisted|p2b: Muk\n|-damage|p2b: Muk|26/100\n|move|p2b: Muk|Poison Jab|p1a: Indeedee\n|-damage|p1a: Indeedee|18/100\n|\n|-heal|p2b: Muk|33/100|[from] item: Leftovers\n|-ability|p2b: Muk|Moody|boost\n|-boost|p2b: Muk|def|2\n|-unboost|p2b: Muk|spe|1\n|upkeep\n|turn|23\n|\n|t:|1776535481\n|move|p2b: Muk|Protect|p2b: Muk\n|-singleturn|p2b: Muk|Protect\n|move|p1a: Indeedee|Follow Me|p1a: Indeedee\n|-singleturn|p1a: Indeedee|move: Follow Me\n|move|p1b: Necrozma|Calm Mind|p1b: Necrozma\n|-boost|p1b: Necrozma|spa|0\n|-boost|p1b: Necrozma|spd|0\n|\n|-heal|p2b: Muk|39/100|[from] item: Leftovers\n|-fieldend|move: Psychic Terrain\n|-ability|p2b: Muk|Moody|boost\n|-boost|p2b: Muk|spe|2\n|-unboost|p2b: Muk|def|1\n|upkeep\n|turn|24\n|\n|t:|1776535495\n|move|p1a: Indeedee|Follow Me|p1a: Indeedee\n|-singleturn|p1a: Indeedee|move: Follow Me\n|move|p1b: Necrozma|Calm Mind|p1b: Necrozma\n|-boost|p1b: Necrozma|spa|0\n|-boost|p1b: Necrozma|spd|0\n|move|p2b: Muk|Rest|p2b: Muk\n|-status|p2b: Muk|slp|[from] move: Rest\n|-heal|p2b: Muk|100/100 slp|[silent]\n|\n|-fieldend|move: Trick Room\n|-ability|p2b: Muk|Moody|boost\n|-boost|p2b: Muk|atk|2\n|-unboost|p2b: Muk|spa|1\n|upkeep\n|turn|25\n|\n|t:|1776535511\n|move|p1a: Indeedee|Follow Me|p1a: Indeedee\n|-singleturn|p1a: Indeedee|move: Follow Me\n|cant|p2b: Muk|slp\n|move|p1b: Necrozma|Moongeist Beam|p2b: Muk|[miss]\n|-miss|p1b: Necrozma|p2b: Muk\n|\n|-ability|p2b: Muk|Moody|boost\n|-boost|p2b: Muk|spa|2\n|-unboost|p2b: Muk|spe|1\n|upkeep\n|turn|26\n|inactive|abs9191 has 30 seconds left.\n|\n|t:|1776535528\n|switch|p1a: Iron Hands|Iron Hands, L50|93/100\n|cant|p2b: Muk|slp\n|move|p1b: Necrozma|Moongeist Beam|p2b: Muk|[miss]\n|-miss|p1b: Necrozma|p2b: Muk\n|\n|-ability|p2b: Muk|Moody|boost\n|-boost|p2b: Muk|spa|1\n|-unboost|p2b: Muk|atk|1\n|upkeep\n|turn|27\n|inactive|abs9191 has 30 seconds left this turn.\n|inactive|abs9191 has 20 seconds left.\n|inactive|abs9191 has 15 seconds left.\n|\n|t:|1776535546\n|-curestatus|p2b: Muk|slp|[msg]\n|move|p2b: Muk|Protect|p2b: Muk\n|-singleturn|p2b: Muk|Protect\n|move|p1b: Necrozma|Moongeist Beam|p2b: Muk\n|-activate|p2b: Muk|move: Protect\n|move|p1a: Iron Hands|Heavy Slam|p2b: Muk\n|-activate|p2b: Muk|move: Protect\n|\n|-ability|p2b: Muk|Moody|boost\n|-boost|p2b: Muk|atk|2\n|-unboost|p2b: Muk|spd|1\n|upkeep\n|turn|28\n|inactive|abs9191 has 15 seconds left this turn.\n|inactive|abs9191 has 10 seconds left.\n|inactive|abs9191 has 5 seconds left.\n|\n|t:|1776535561\n|move|p2b: Muk|Poison Jab|p1b: Necrozma\n|-resisted|p1b: Necrozma\n|-damage|p1b: Necrozma|39/100\n|move|p1b: Necrozma|Moongeist Beam|p2b: Muk\n|-resisted|p2b: Muk\n|-damage|p2b: Muk|33/100\n|move|p1a: Iron Hands|Heavy Slam|p2b: Muk\n|-damage|p2b: Muk|10/100\n|\n|-heal|p2b: Muk|16/100|[from] item: Leftovers\n|-ability|p2b: Muk|Moody|boost\n|-boost|p2b: Muk|spe|2\n|-unboost|p2b: Muk|spa|1\n|upkeep\n|turn|29\n|inactive|abs9191 has 5 seconds left this turn.\n|-message|abs9191 lost due to inactivity.\n|\n|win|BenSon_A27_Zong\n|raw|abs9191's rating: 1246 &rarr; <strong>1217</strong><br />(-29 for losing)\n|raw|BenSon_A27_Zong's rating: 1189 &rarr; <strong>1218</strong><br />(+29 for winning)\n|l|\u2606BenSon_A27_Zong\n|player|p2|\n|l|\u2606abs9191\n|player|p1|\n","uploadtime":1776535717,"views":8,"formatid":"gen9vgc2026regi","rating":1217,"private":0,"password":null}