{"id":"gen9vgc2026regi-2556029207","format":"[Gen 9] VGC 2026 Reg I","players":["magicturtle74","EllenJoe2026"],"log":"|j|\u2606magicturtle74\n|j|\u203dEllenJoe2026\n|t:|1773161587\n|gametype|doubles\n|player|p1|magicturtle74|n|1441\n|player|p2|EllenJoe2026|2|1633\n|gen|9\n|tier|[Gen 9] VGC 2026 Reg I\n|rated|\n|rule|Species Clause: Limit one of each Pok\u00e9mon\n|rule|Item Clause: Limit 1 of each item\n|clearpoke\n|poke|p1|Calyrex-Ice, L50|\n|poke|p1|Kyogre, L50|\n|poke|p1|Tornadus, L50, M|\n|poke|p1|Smeargle, L50, F|\n|poke|p1|Rillaboom, L50, F|\n|poke|p1|Basculegion, L50, M|\n|poke|p2|Calyrex-Shadow, L50|\n|poke|p2|Zamazenta-*, L50|\n|poke|p2|Chien-Pao, L50|\n|poke|p2|Dragonite, L50, F|\n|poke|p2|Tornadus, L50, M|\n|poke|p2|Urshifu-*, L50, F|\n|teampreview|4\n|inactive|Battle timer is ON: inactive players will automatically lose when time's up. (requested by EllenJoe2026)\n|\n|t:|1773161612\n|teamsize|p1|4\n|teamsize|p2|4\n|start\n|switch|p1a: me when rain|Kyogre, L50|100/100\n|switch|p1b: Basculegion|Basculegion, L50, M|100/100\n|switch|p2a: Dragonite|Dragonite, L50, F|100/100\n|switch|p2b: Chien-Pao|Chien-Pao, L50, shiny|100/100\n|-ability|p2b: Chien-Pao|Sword of Ruin\n|-weather|RainDance|[from] ability: Drizzle|[of] p1a: me when rain\n|turn|1\n|\n|t:|1773161627\n|-terastallize|p2a: Dragonite|Normal\n|move|p2a: Dragonite|Extreme Speed|p1a: me when rain\n|-damage|p1a: me when rain|19/100\n|move|p2b: Chien-Pao|Sucker Punch|p1b: Basculegion\n|-supereffective|p1b: Basculegion\n|-damage|p1b: Basculegion|0 fnt\n|faint|p1b: Basculegion\n|move|p1a: me when rain|Origin Pulse|p2a: Dragonite|[spread] p2a,p2b\n|-damage|p2a: Dragonite|22/100\n|-enditem|p2b: Chien-Pao|Focus Sash\n|-damage|p2b: Chien-Pao|1/100\n|\n|-weather|RainDance|[upkeep]\n|upkeep\n|\n|t:|1773161647\n|switch|p1b: prankster frfr|Tornadus, L50, M|100/100\n|turn|2\n|\n|t:|1773161667\n|-terastallize|p1b: prankster frfr|Dark\n|move|p1a: me when rain|Protect|p1a: me when rain\n|-singleturn|p1a: me when rain|Protect\n|move|p2a: Dragonite|Extreme Speed|p1a: me when rain\n|-activate|p1a: me when rain|move: Protect\n|move|p2b: Chien-Pao|Ice Shard|p1b: prankster frfr\n|-damage|p1b: prankster frfr|69/100\n|move|p1b: prankster frfr|Bleakwind Storm|p2a: Dragonite|[spread] p2a,p2b\n|-damage|p2a: Dragonite|0 fnt\n|-damage|p2b: Chien-Pao|0 fnt\n|faint|p2a: Dragonite\n|faint|p2b: Chien-Pao\n|\n|-weather|RainDance|[upkeep]\n|upkeep\n|\n|t:|1773161674\n|switch|p2b: Calyrex|Calyrex-Shadow, L50|100/100\n|switch|p2a: Zamazenta|Zamazenta-Crowned, L50, shiny|100/100\n|-ability|p2b: Calyrex|As One\n|-ability|p2b: Calyrex|Unnerve\n|-ability|p2a: Zamazenta|Dauntless Shield|boost\n|-boost|p2a: Zamazenta|def|1\n|turn|3\n|\n|t:|1773161688\n|move|p2b: Calyrex|Protect|p2b: Calyrex\n|-singleturn|p2b: Calyrex|Protect\n|move|p1b: prankster frfr|Tailwind|p1b: prankster frfr\n|-sidestart|p1: magicturtle74|move: Tailwind\n|move|p1a: me when rain|Origin Pulse|p2b: Calyrex|[spread] p2a\n|-activate|p2b: Calyrex|move: Protect\n|-crit|p2a: Zamazenta\n|-damage|p2a: Zamazenta|7/100\n|move|p2a: Zamazenta|Body Press|p1a: me when rain\n|-damage|p1a: me when rain|0 fnt\n|faint|p1a: me when rain\n|\n|-weather|RainDance|[upkeep]\n|upkeep\n|\n|t:|1773161701\n|switch|p1a: 3x attack|Calyrex-Ice, L50|100/100\n|-ability|p1a: 3x attack|As One\n|-ability|p1a: 3x attack|Unnerve\n|turn|4\n|\n|t:|1773161707\n|move|p2a: Zamazenta|Wide Guard|p2a: Zamazenta\n|-singleturn|p2a: Zamazenta|Wide Guard\n|move|p1b: prankster frfr|Bleakwind Storm|p2a: Zamazenta|[spread] \n|-activate|p2a: Zamazenta|move: Wide Guard\n|-activate|p2b: Calyrex|move: Wide Guard\n|move|p2b: Calyrex|Astral Barrage|p1a: 3x attack|[spread] p1a,p1b\n|-supereffective|p1a: 3x attack\n|-resisted|p1b: prankster frfr\n|-damage|p1a: 3x attack|20/100\n|-damage|p1b: prankster frfr|25/100\n|-damage|p2b: Calyrex|91/100|[from] item: Life Orb\n|move|p1a: 3x attack|Glacial Lance|p2b: Calyrex|[spread] \n|-activate|p2a: Zamazenta|move: Wide Guard\n|-activate|p2b: Calyrex|move: Wide Guard\n|\n|-weather|RainDance|[upkeep]\n|upkeep\n|turn|5\n|\n|t:|1773161724\n|move|p1a: 3x attack|Protect|p1a: 3x attack\n|-singleturn|p1a: 3x attack|Protect\n|move|p2a: Zamazenta|Wide Guard|p2a: Zamazenta\n|-singleturn|p2a: Zamazenta|Wide Guard\n|move|p1b: prankster frfr|Taunt|p2a: Zamazenta\n|-start|p2a: Zamazenta|move: Taunt\n|move|p2b: Calyrex|Astral Barrage|p1b: prankster frfr|[spread] p1b\n|-activate|p1a: 3x attack|move: Protect\n|-resisted|p1b: prankster frfr\n|-damage|p1b: prankster frfr|0 fnt\n|faint|p1b: prankster frfr\n|-ability|p2b: Calyrex|Grim Neigh|boost\n|-boost|p2b: Calyrex|spa|1\n|-damage|p2b: Calyrex|81/100|[from] item: Life Orb\n|\n|-weather|none\n|upkeep\n|turn|6\n|\n|t:|1773161734\n|move|p2b: Calyrex|Astral Barrage|p1a: 3x attack\n|-supereffective|p1a: 3x attack\n|-damage|p1a: 3x attack|0 fnt\n|faint|p1a: 3x attack\n|-damage|p2b: Calyrex|72/100|[from] item: Life Orb\n|\n|win|EllenJoe2026\n|raw|magicturtle74's rating: 1441 &rarr; <strong>1431</strong><br />(-10 for losing)\n|raw|EllenJoe2026's rating: 1633 &rarr; <strong>1643</strong><br />(+10 for winning)\n|l|\u203dEllenJoe2026\n|player|p2|\n|l|\u2606magicturtle74\n|player|p1|\n","uploadtime":1773162001,"views":24,"formatid":"gen9vgc2026regi","rating":1431,"private":0,"password":null}