{"id":"gen9vgc2026regi-2580347136","format":"[Gen 9] VGC 2026 Reg I","players":["bigevilbananan","24kpure"],"log":"|j|\u2606bigevilbananan\n|j|\u260624kpure\n|t:|1775883401\n|gametype|doubles\n|player|p1|bigevilbananan|hilbert-wonderlauncher|1212\n|player|p2|24kpure|265|1331\n|gen|9\n|tier|[Gen 9] VGC 2026 Reg I\n|rated|\n|rule|Species Clause: Limit one of each Pok\u00e9mon\n|rule|Item Clause: Limit 1 of each item\n|clearpoke\n|poke|p1|Calyrex-Shadow, L50|\n|poke|p1|Zamazenta-*, L50|\n|poke|p1|Ogerpon-Hearthflame, L50, F|\n|poke|p1|Rillaboom, L50, M|\n|poke|p1|Incineroar, L50, F|\n|poke|p1|Whimsicott, L50, F|\n|poke|p2|Muk-Alola, L50, F|\n|poke|p2|Smeargle, L50, F|\n|poke|p2|Rillaboom, L50, M|\n|poke|p2|Flamigo, L50, F|\n|poke|p2|Koraidon, L50|\n|poke|p2|Incineroar, L50, M|\n|teampreview|4\n|inactive|Battle timer is ON: inactive players will automatically lose when time's up. (requested by 24kpure)\n|\n|t:|1775883431\n|teamsize|p1|4\n|teamsize|p2|4\n|start\n|switch|p1a: Zamazenta|Zamazenta-Crowned, L50|100/100\n|switch|p1b: Whimsicott|Whimsicott, L50, F|100/100\n|switch|p2a: Muk|Muk-Alola, L50, F|100/100\n|switch|p2b: Smeargle|Smeargle, L50, F|100/100\n|-ability|p1a: Zamazenta|Dauntless Shield|boost\n|-boost|p1a: Zamazenta|def|1\n|turn|1\n|\n|t:|1775883445\n|move|p2b: Smeargle|Fake Out|p1a: Zamazenta\n|-resisted|p1a: Zamazenta\n|-damage|p1a: Zamazenta|99/100\n|move|p1b: Whimsicott|Moonblast|p2b: Smeargle\n|-damage|p2b: Smeargle|30/100\n|-unboost|p2b: Smeargle|spa|1\n|cant|p1a: Zamazenta|flinch\n|move|p2a: Muk|Minimize|p2a: Muk\n|-boost|p2a: Muk|evasion|2\n|\n|-ability|p2b: Smeargle|Moody|boost\n|-boost|p2b: Smeargle|def|2\n|-unboost|p2b: Smeargle|atk|1\n|upkeep\n|turn|2\n|\n|t:|1775883463\n|move|p2b: Smeargle|Follow Me|p2b: Smeargle\n|-singleturn|p2b: Smeargle|move: Follow Me\n|move|p1b: Whimsicott|Encore|p2b: Smeargle\n|-start|p2b: Smeargle|Encore\n|move|p1a: Zamazenta|Body Press|p2b: Smeargle\n|-supereffective|p2b: Smeargle\n|-damage|p2b: Smeargle|0 fnt\n|faint|p2b: Smeargle\n|-ability|p2a: Muk|Moody|Power of Alchemy|[from] ability: Power of Alchemy|[of] p2b: Smeargle\n|move|p2a: Muk|Minimize|p2a: Muk\n|-boost|p2a: Muk|evasion|2\n|\n|-ability|p2a: Muk|Moody|boost\n|-boost|p2a: Muk|atk|2\n|-unboost|p2a: Muk|spd|1\n|upkeep\n|\n|t:|1775883466\n|switch|p2b: Incineroar|Incineroar, L50, M|100/100\n|-ability|p2b: Incineroar|Intimidate|boost\n|-unboost|p1a: Zamazenta|atk|1\n|-unboost|p1b: Whimsicott|atk|1\n|turn|3\n|\n|t:|1775883478\n|switch|p1b: Incineroar|Incineroar, L50, F|100/100\n|-ability|p1b: Incineroar|Intimidate|boost\n|-unboost|p2a: Muk|atk|1\n|-unboost|p2b: Incineroar|atk|1\n|move|p2b: Incineroar|Fake Out|p1a: Zamazenta\n|-resisted|p1a: Zamazenta\n|-damage|p1a: Zamazenta|98/100\n|cant|p1a: Zamazenta|flinch\n|move|p2a: Muk|Minimize|p2a: Muk\n|-boost|p2a: Muk|evasion|2\n|\n|-ability|p2a: Muk|Moody|boost\n|-boost|p2a: Muk|spe|2\n|-unboost|p2a: Muk|spa|1\n|upkeep\n|turn|4\n|\n|t:|1775883501\n|switch|p2b: Flamigo|Flamigo, L50, F|100/100\n|-copyboost|p2b: Flamigo|p2a: Muk|[from] ability: Costar\n|move|p2a: Muk|Protect|p2a: Muk\n|-singleturn|p2a: Muk|Protect\n|move|p1a: Zamazenta|Body Press|p2a: Muk\n|-activate|p2a: Muk|move: Protect\n|move|p1b: Incineroar|Knock Off|p2a: Muk\n|-activate|p2a: Muk|move: Protect\n|\n|-ability|p2a: Muk|Moody|boost\n|-boost|p2a: Muk|def|2\n|-unboost|p2a: Muk|atk|1\n|upkeep\n|turn|5\n|\n|t:|1775883516\n|move|p1a: Zamazenta|Protect|p1a: Zamazenta\n|-singleturn|p1a: Zamazenta|Protect\n|move|p2b: Flamigo|Low Kick|p1a: Zamazenta\n|-activate|p1a: Zamazenta|move: Protect\n|move|p2a: Muk|Toxic|p1b: Incineroar\n|-status|p1b: Incineroar|tox\n|move|p1b: Incineroar|Flare Blitz|p2b: Flamigo|[miss]\n|-miss|p1b: Incineroar|p2b: Flamigo\n|\n|-damage|p1b: Incineroar|94/100 tox|[from] psn\n|-ability|p2a: Muk|Moody|boost\n|-boost|p2a: Muk|spa|2\n|-unboost|p2a: Muk|atk|1\n|upkeep\n|turn|6\n|-message|bigevilbananan forfeited.\n|\n|win|24kpure\n|raw|bigevilbananan's rating: 1212 &rarr; <strong>1195</strong><br />(-17 for losing)\n|raw|24kpure's rating: 1331 &rarr; <strong>1344</strong><br />(+13 for winning)\n|l|\u2606bigevilbananan\n|player|p1|\n|l|\u260624kpure\n|player|p2|\n","uploadtime":1775883714,"views":11,"formatid":"gen9vgc2026regi","rating":1195,"private":0,"password":null}