{"id":"gen9vgc2026regi-2579284356","format":"[Gen 9] VGC 2026 Reg I","players":["JoeBro8","Mooose"],"log":"|j|\u2606JoeBro8\n|j|\u2606Mooose\n|t:|1775767004\n|gametype|doubles\n|player|p1|JoeBro8|n|1365\n|player|p2|Mooose|ethan|1374\n|gen|9\n|tier|[Gen 9] VGC 2026 Reg I\n|rated|\n|rule|Species Clause: Limit one of each Pok\u00e9mon\n|rule|Item Clause: Limit 1 of each item\n|clearpoke\n|poke|p1|Miraidon, L50|\n|poke|p1|Whimsicott, L50, F|\n|poke|p1|Zamazenta-*, L50|\n|poke|p1|Chien-Pao, L50|\n|poke|p1|Volcarona, L50, F|\n|poke|p1|Iron Hands, L50|\n|poke|p2|Zacian-*, L50|\n|poke|p2|Terapagos, L50, M|\n|poke|p2|Talonflame, L50, M|\n|poke|p2|Munkidori, L50, M|\n|poke|p2|Tyranitar, L50, F|\n|poke|p2|Dragapult, L50, F|\n|teampreview|4\n|inactive|Battle timer is ON: inactive players will automatically lose when time's up. (requested by Mooose)\n|inactive|JoeBro8 has 60 seconds left.\n|\n|t:|1775767049\n|teamsize|p1|4\n|teamsize|p2|4\n|start\n|switch|p1a: Whimsicott|Whimsicott, L50, F|100/100\n|switch|p1b: Miraidon|Miraidon, L50|100/100\n|switch|p2a: Munkidori|Munkidori, L50, M|100/100\n|switch|p2b: Terapagos|Terapagos, L50, M|100/100\n|-activate|p2b: Terapagos|ability: Tera Shift\n|detailschange|p2b: Terapagos|Terapagos-Terastal, L50, M\n|-heal|p2b: Terapagos|100/100|[silent]\n|-fieldstart|move: Electric Terrain|[from] ability: Hadron Engine|[of] p1b: Miraidon\n|turn|1\n|\n|t:|1775767055\n|move|p2a: Munkidori|Fake Out|p1b: Miraidon\n|-damage|p1b: Miraidon|94/100\n|move|p1a: Whimsicott|Light Screen|p1a: Whimsicott\n|-sidestart|p1: JoeBro8|move: Light Screen\n|cant|p1b: Miraidon|flinch\n|move|p2b: Terapagos|Calm Mind|p2b: Terapagos\n|-boost|p2b: Terapagos|spa|1\n|-boost|p2b: Terapagos|spd|1\n|\n|upkeep\n|turn|2\n|\n|t:|1775767059\n|move|p2b: Terapagos|Protect|p2b: Terapagos\n|-singleturn|p2b: Terapagos|Protect\n|move|p1a: Whimsicott|Encore|p2b: Terapagos\n|-activate|p2b: Terapagos|move: Protect\n|move|p1b: Miraidon|Volt Switch|p2a: Munkidori\n|-damage|p2a: Munkidori|15/100\n|\n|t:|1775767062\n|switch|p1b: Volcarona|Volcarona, L50, F|100/100|[from] Volt Switch\n|-enditem|p1b: Volcarona|Electric Seed\n|-boost|p1b: Volcarona|def|1|[from] item: Electric Seed\n|move|p2a: Munkidori|Sludge Bomb|p1a: Whimsicott\n|-supereffective|p1a: Whimsicott\n|-damage|p1a: Whimsicott|0 fnt\n|faint|p1a: Whimsicott\n|\n|upkeep\n|\n|t:|1775767070\n|switch|p1a: Miraidon|Miraidon, L50|94/100\n|-activate|p1a: Miraidon|ability: Hadron Engine\n|turn|3\n|\n|t:|1775767083\n|move|p1a: Miraidon|Volt Switch|p2a: Munkidori\n|-damage|p2a: Munkidori|0 fnt\n|faint|p2a: Munkidori\n|\n|t:|1775767085\n|switch|p1a: Zamazenta|Zamazenta-Crowned, L50|100/100|[from] Volt Switch\n|-ability|p1a: Zamazenta|Dauntless Shield|boost\n|-boost|p1a: Zamazenta|def|1\n|move|p1b: Volcarona|Struggle Bug|p2b: Terapagos\n|-activate|p2b: Terapagos|ability: Tera Shell\n|-resisted|p2b: Terapagos\n|-damage|p2b: Terapagos|94/100\n|-unboost|p2b: Terapagos|spa|1\n|move|p2b: Terapagos|Tera Starstorm|p1a: Zamazenta\n|-resisted|p1a: Zamazenta\n|-damage|p1a: Zamazenta|89/100\n|\n|-heal|p2b: Terapagos|100/100|[from] item: Leftovers\n|upkeep\n|\n|t:|1775767091\n|switch|p2a: Talonflame|Talonflame, L50, M|100/100\n|turn|4\n|\n|t:|1775767104\n|move|p2a: Talonflame|Will-O-Wisp|p1a: Zamazenta\n|-status|p1a: Zamazenta|brn\n|move|p1a: Zamazenta|Body Press|p2b: Terapagos\n|-activate|p2b: Terapagos|ability: Tera Shell\n|-resisted|p2b: Terapagos\n|-damage|p2b: Terapagos|87/100\n|move|p1b: Volcarona|Struggle Bug|p2a: Talonflame|[spread] p2a,p2b\n|-resisted|p2a: Talonflame\n|-damage|p2a: Talonflame|95/100\n|-damage|p2b: Terapagos|77/100\n|-unboost|p2a: Talonflame|spa|1\n|-unboost|p2b: Terapagos|spa|1\n|move|p2b: Terapagos|Tera Starstorm|p1b: Volcarona\n|-damage|p1b: Volcarona|81/100\n|\n|-heal|p2b: Terapagos|83/100|[from] item: Leftovers\n|-damage|p1a: Zamazenta|83/100 brn|[from] brn\n|upkeep\n|turn|5\n|\n|t:|1775767120\n|move|p2a: Talonflame|Acrobatics|p1b: Volcarona\n|-supereffective|p1b: Volcarona\n|-damage|p1b: Volcarona|25/100\n|move|p1a: Zamazenta|Body Press|p2b: Terapagos\n|-supereffective|p2b: Terapagos\n|-damage|p2b: Terapagos|34/100\n|move|p1b: Volcarona|Struggle Bug|p2b: Terapagos|[spread] p2a,p2b\n|-resisted|p2a: Talonflame\n|-damage|p2a: Talonflame|89/100\n|-damage|p2b: Terapagos|24/100\n|-unboost|p2a: Talonflame|spa|1\n|-unboost|p2b: Terapagos|spa|1\n|move|p2b: Terapagos|Calm Mind|p2b: Terapagos\n|-boost|p2b: Terapagos|spa|1\n|-boost|p2b: Terapagos|spd|1\n|\n|-heal|p2b: Terapagos|31/100|[from] item: Leftovers\n|-damage|p1a: Zamazenta|77/100 brn|[from] brn\n|-sideend|p1: JoeBro8|move: Light Screen\n|-fieldend|move: Electric Terrain\n|upkeep\n|turn|6\n|\n|t:|1775767137\n|move|p1b: Volcarona|Protect|p1b: Volcarona\n|-singleturn|p1b: Volcarona|Protect\n|move|p2b: Terapagos|Protect|p2b: Terapagos\n|-singleturn|p2b: Terapagos|Protect\n|move|p2a: Talonflame|Acrobatics|p1b: Volcarona\n|-activate|p1b: Volcarona|move: Protect\n|move|p1a: Zamazenta|Body Press|p2b: Terapagos\n|-activate|p2b: Terapagos|move: Protect\n|\n|-heal|p2b: Terapagos|37/100|[from] item: Leftovers\n|-damage|p1a: Zamazenta|70/100 brn|[from] brn\n|upkeep\n|turn|7\n|\n|t:|1775767152\n|-terastallize|p2b: Terapagos|Stellar\n|detailschange|p2b: Terapagos|Terapagos-Stellar, L50, M, tera:Stellar\n|-heal|p2b: Terapagos|53/100|[silent]\n|move|p1b: Volcarona|Rage Powder|p1b: Volcarona\n|-singleturn|p1b: Volcarona|move: Rage Powder\n|move|p2a: Talonflame|Acrobatics|p1b: Volcarona\n|-supereffective|p1b: Volcarona\n|-damage|p1b: Volcarona|0 fnt\n|faint|p1b: Volcarona\n|move|p1a: Zamazenta|Body Press|p2b: Terapagos\n|-supereffective|p2b: Terapagos\n|-damage|p2b: Terapagos|13/100\n|move|p2b: Terapagos|Earth Power|p1a: Zamazenta\n|-supereffective|p1a: Zamazenta\n|-damage|p1a: Zamazenta|35/100 brn\n|\n|-heal|p2b: Terapagos|19/100|[from] item: Leftovers\n|-damage|p1a: Zamazenta|29/100 brn|[from] brn\n|upkeep\n|\n|t:|1775767156\n|switch|p1b: Miraidon|Miraidon, L50|94/100\n|-fieldstart|move: Electric Terrain|[from] ability: Hadron Engine|[of] p1b: Miraidon\n|turn|8\n|\n|t:|1775767173\n|move|p2b: Terapagos|Protect|p2b: Terapagos\n|-singleturn|p2b: Terapagos|Protect\n|move|p2a: Talonflame|Tailwind|p2a: Talonflame\n|-sidestart|p2: Mooose|move: Tailwind\n|move|p1b: Miraidon|Electro Drift|p2a: Talonflame\n|-supereffective|p2a: Talonflame\n|-damage|p2a: Talonflame|0 fnt\n|faint|p2a: Talonflame\n|move|p1a: Zamazenta|Body Press|p2b: Terapagos\n|-activate|p2b: Terapagos|move: Protect\n|\n|-heal|p2b: Terapagos|25/100|[from] item: Leftovers\n|-damage|p1a: Zamazenta|23/100 brn|[from] brn\n|upkeep\n|\n|t:|1775767186\n|switch|p2a: Zacian|Zacian-Crowned, L50|100/100\n|-ability|p2a: Zacian|Intrepid Sword|boost\n|-boost|p2a: Zacian|atk|1\n|turn|9\n|\n|t:|1775767189\n|-terastallize|p1b: Miraidon|Fairy\n|move|p2a: Zacian|Play Rough|p1b: Miraidon\n|-damage|p1b: Miraidon|15/100\n|move|p2b: Terapagos|Tera Starstorm|p1a: Zamazenta|[spread] p1a,p1b\n|-supereffective|p1b: Miraidon\n|-damage|p1a: Zamazenta|5/100 brn\n|-damage|p1b: Miraidon|0 fnt\n|faint|p1b: Miraidon\n|move|p1a: Zamazenta|Body Press|p2b: Terapagos\n|-supereffective|p2b: Terapagos\n|-damage|p2b: Terapagos|0 fnt\n|faint|p2b: Terapagos\n|detailschange|p2: Terapagos|Terapagos, L50, M|[silent]\n|\n|-damage|p1a: Zamazenta|0 fnt|[from] brn\n|faint|p1a: Zamazenta\n|\n|win|Mooose\n|raw|JoeBro8's rating: 1365 &rarr; <strong>1346</strong><br />(-19 for losing)\n|raw|Mooose's rating: 1374 &rarr; <strong>1393</strong><br />(+19 for winning)\n|l|\u2606JoeBro8\n|player|p1|\n|l|\u2606Mooose\n|player|p2|\n","uploadtime":1775767435,"views":8,"formatid":"gen9vgc2026regi","rating":1346,"private":0,"password":null}