{"id":"gen9vgc2026regi-2565193503","format":"[Gen 9] VGC 2026 Reg I","players":["wasaad5","alhinator"],"log":"|j|\u2606wasaad5\n|j|\u2606alhinator\n|t:|1774241363\n|gametype|doubles\n|player|p1|wasaad5|blue|1225\n|player|p2|alhinator|skierf|1164\n|gen|9\n|tier|[Gen 9] VGC 2026 Reg I\n|rated|\n|rule|Species Clause: Limit one of each Pok\u00e9mon\n|rule|Item Clause: Limit 1 of each item\n|clearpoke\n|poke|p1|Kyurem-White, L50|\n|poke|p1|Zacian-*, L50|\n|poke|p1|Sableye, L50, F|\n|poke|p1|Urshifu-*, L50, M|\n|poke|p1|Amoonguss, L50, F|\n|poke|p1|Incineroar, L50, M|\n|poke|p2|Calyrex-Ice, L50|\n|poke|p2|Lunala, L50|\n|poke|p2|Incineroar, L50, M|\n|poke|p2|Ursaluna-Bloodmoon, L50, M|\n|poke|p2|Indeedee-F, L50, F|\n|poke|p2|Amoonguss, L50, F|\n|teampreview|4\n|\n|t:|1774241427\n|teamsize|p1|4\n|teamsize|p2|4\n|start\n|switch|p1a: Incineroar|Incineroar, L50, M|100/100\n|switch|p1b: Kyurem|Kyurem-White, L50, shiny|100/100\n|switch|p2a: Indeedee|Indeedee-F, L50, F|100/100\n|switch|p2b: Calyrex|Calyrex-Ice, L50|100/100\n|-ability|p2b: Calyrex|As One\n|-ability|p2b: Calyrex|Unnerve\n|-ability|p1b: Kyurem|Turboblaze\n|-fieldstart|move: Psychic Terrain|[from] ability: Psychic Surge|[of] p2a: Indeedee\n|-ability|p1a: Incineroar|Intimidate|boost\n|-unboost|p2a: Indeedee|atk|1\n|-fail|p2b: Calyrex|unboost|[from] item: Clear Amulet|[of] p2b: Calyrex\n|turn|1\n|inactive|Battle timer is ON: inactive players will automatically lose when time's up. (requested by alhinator)\n|inactive|wasaad5 has 60 seconds left.\n|\n|t:|1774241463\n|move|p2a: Indeedee|Follow Me|p2a: Indeedee\n|-singleturn|p2a: Indeedee|move: Follow Me\n|move|p1b: Kyurem|Fusion Flare|p2a: Indeedee\n|-damage|p2a: Indeedee|62/100\n|move|p1a: Incineroar|Knock Off|p2a: Indeedee\n|-supereffective|p2a: Indeedee\n|-damage|p2a: Indeedee|0 fnt\n|-damage|p1a: Incineroar|84/100|[from] item: Rocky Helmet|[of] p2a: Indeedee\n|-enditem|p2a: Indeedee|Rocky Helmet|[from] move: Knock Off|[of] p1a: Incineroar\n|faint|p2a: Indeedee\n|move|p2b: Calyrex|Trick Room|p2b: Calyrex\n|-fieldstart|move: Trick Room|[of] p2b: Calyrex\n|\n|upkeep\n|\n|t:|1774241477\n|switch|p2a: Lunala|Lunala, L50|100/100\n|turn|2\n|inactive|wasaad5 has 30 seconds left.\n|inactive|wasaad5 has 20 seconds left.\n|\n|t:|1774241512\n|-terastallize|p2b: Calyrex|Fire\n|-terastallize|p1a: Incineroar|Bug\n|move|p2b: Calyrex|High Horsepower|p1a: Incineroar\n|-resisted|p1a: Incineroar\n|-damage|p1a: Incineroar|68/100\n|move|p1a: Incineroar|Will-O-Wisp|p2b: Calyrex|[miss]\n|-miss|p1a: Incineroar|p2b: Calyrex\n|move|p2a: Lunala|Moonblast|p1b: Kyurem\n|-supereffective|p1b: Kyurem\n|-damage|p1b: Kyurem|63/100\n|-unboost|p1b: Kyurem|spa|1\n|move|p1b: Kyurem|Freeze-Dry|p2a: Lunala\n|-crit|p2a: Lunala\n|-damage|p2a: Lunala|76/100\n|\n|upkeep\n|turn|3\n|\n|t:|1774241533\n|switch|p1b: Zacian|Zacian-Crowned, L50|100/100\n|-ability|p1b: Zacian|Intrepid Sword|boost\n|-boost|p1b: Zacian|atk|1\n|move|p2b: Calyrex|Glacial Lance|p1b: Zacian|[spread] p1a,p1b\n|-resisted|p1b: Zacian\n|-damage|p1a: Incineroar|22/100\n|-damage|p1b: Zacian|77/100\n|move|p1a: Incineroar|Knock Off|p2a: Lunala\n|-supereffective|p2a: Lunala\n|-damage|p2a: Lunala|0 fnt\n|-enditem|p2a: Lunala|Power Herb|[from] move: Knock Off|[of] p1a: Incineroar\n|faint|p2a: Lunala\n|\n|upkeep\n|\n|t:|1774241545\n|switch|p2a: Incineroar|Incineroar, L50, M|100/100\n|-ability|p2a: Incineroar|Intimidate|boost\n|-unboost|p1a: Incineroar|atk|1\n|-unboost|p1b: Zacian|atk|1\n|turn|4\n|inactive|wasaad5 has 30 seconds left.\n|\n|t:|1774241577\n|move|p1b: Zacian|Protect|p1b: Zacian\n|-singleturn|p1b: Zacian|Protect\n|move|p2b: Calyrex|Glacial Lance|p1a: Incineroar|[spread] p1a\n|-activate|p1b: Zacian|move: Protect\n|-damage|p1a: Incineroar|0 fnt\n|faint|p1a: Incineroar\n|-ability|p2b: Calyrex|Chilling Neigh|boost\n|-boost|p2b: Calyrex|atk|1\n|move|p2a: Incineroar|Parting Shot|p1b: Zacian\n|-activate|p1b: Zacian|move: Protect\n|\n|upkeep\n|\n|t:|1774241586\n|switch|p1a: Amoonguss|Amoonguss, L50, F|100/100\n|turn|5\n|\n|t:|1774241594\n|switch|p1b: Kyurem|Kyurem-White, L50, shiny|63/100\n|-ability|p1b: Kyurem|Turboblaze\n|move|p2b: Calyrex|Protect|p2b: Calyrex\n|-singleturn|p2b: Calyrex|Protect\n|move|p1a: Amoonguss|Spore|p2b: Calyrex\n|-activate|p2b: Calyrex|move: Protect\n|move|p2a: Incineroar|Taunt|p1a: Amoonguss\n|-start|p1a: Amoonguss|move: Taunt\n|\n|-fieldend|move: Trick Room\n|-fieldend|move: Psychic Terrain\n|upkeep\n|turn|6\n|\n|t:|1774241613\n|move|p1b: Kyurem|Earth Power|p2b: Calyrex\n|-supereffective|p2b: Calyrex\n|-damage|p2b: Calyrex|49/100\n|move|p2a: Incineroar|Parting Shot|p1b: Kyurem\n|-unboost|p1b: Kyurem|atk|1\n|-unboost|p1b: Kyurem|spa|1\n|move|p1a: Amoonguss|Sludge Bomb|p2b: Calyrex\n|-damage|p2b: Calyrex|29/100\n|-status|p2b: Calyrex|psn\n|move|p2b: Calyrex|Trick Room|p2b: Calyrex\n|-fieldstart|move: Trick Room|[of] p2b: Calyrex\n|\n|-damage|p2b: Calyrex|17/100 psn|[from] psn\n|upkeep\n|turn|7\n|\n|t:|1774241634\n|move|p1a: Amoonguss|Sludge Bomb|p2b: Calyrex\n|-damage|p2b: Calyrex|0 fnt\n|faint|p2b: Calyrex\n|move|p2a: Incineroar|Flare Blitz|p1b: Kyurem\n|-damage|p1b: Kyurem|23/100\n|-damage|p2a: Incineroar|86/100|[from] Recoil\n|move|p1b: Kyurem|Earth Power|p2a: Incineroar\n|-supereffective|p2a: Incineroar\n|-damage|p2a: Incineroar|37/100\n|\n|upkeep\n|turn|8\n|\n|t:|1774241644\n|move|p1a: Amoonguss|Sludge Bomb|p2a: Incineroar\n|-damage|p2a: Incineroar|11/100\n|-status|p2a: Incineroar|psn\n|move|p2a: Incineroar|Flare Blitz|p1b: Kyurem\n|-damage|p1b: Kyurem|0 fnt\n|faint|p1b: Kyurem\n|-damage|p2a: Incineroar|2/100 psn|[from] Recoil\n|\n|-damage|p2a: Incineroar|0 fnt|[from] psn\n|faint|p2a: Incineroar\n|\n|win|wasaad5\n|raw|wasaad5's rating: 1225 &rarr; <strong>1246</strong><br />(+21 for winning)\n|raw|alhinator's rating: 1164 &rarr; <strong>1143</strong><br />(-21 for losing)\n|l|\u2606alhinator\n|player|p2|\n|l|\u2606wasaad5\n|player|p1|\n","uploadtime":1774241811,"views":10,"formatid":"gen9vgc2026regi","rating":1143,"private":0,"password":null}