{"id":"gen9vgc2026regi-2579962985","format":"[Gen 9] VGC 2026 Reg I","players":["Cheasleywithaw","FarigiBoy"],"log":"|j|\u2606Cheasleywithaw\n|j|\u2606FarigiBoy\n|t:|1775842372\n|gametype|doubles\n|player|p1|Cheasleywithaw|266|1472\n|player|p2|FarigiBoy|giovanni|1600\n|gen|9\n|tier|[Gen 9] VGC 2026 Reg I\n|rated|\n|rule|Species Clause: Limit one of each Pok\u00e9mon\n|rule|Item Clause: Limit 1 of each item\n|clearpoke\n|poke|p1|Gothitelle, L50, F|\n|poke|p1|Incineroar, L50, F|\n|poke|p1|Whimsicott, L50, M|\n|poke|p1|Miraidon, L50|\n|poke|p1|Terapagos, L50, M|\n|poke|p1|Urshifu-*, L50, M|\n|poke|p2|Calyrex-Shadow, L50|\n|poke|p2|Zamazenta-*, L50|\n|poke|p2|Chien-Pao, L50|\n|poke|p2|Dragonite, L50, M|\n|poke|p2|Amoonguss, L50, M|\n|poke|p2|Ogerpon-Cornerstone, L50, F|\n|teampreview|4\nCheasleywithaw has agreed to open team sheets.\n|\n|t:|1775842404\n|teamsize|p1|4\n|teamsize|p2|4\n|start\n|switch|p1a: Incineroar|Incineroar, L50, F|100/100\n|switch|p1b: Miraidon|Miraidon, L50|100/100\n|switch|p2a: Calyrex|Calyrex-Shadow, L50|100/100\n|switch|p2b: Dragonite|Dragonite, L50, M|100/100\n|-ability|p2a: Calyrex|As One\n|-ability|p2a: Calyrex|Unnerve\n|-fieldstart|move: Electric Terrain|[from] ability: Hadron Engine|[of] p1b: Miraidon\n|-ability|p1a: Incineroar|Intimidate|boost\n|-unboost|p2a: Calyrex|atk|1\n|-fail|p2b: Dragonite|unboost|Attack|[from] ability: Inner Focus|[of] p2b: Dragonite\n|turn|1\n|\n|t:|1775842429\n|-terastallize|p2b: Dragonite|Normal\n|move|p2b: Dragonite|Extreme Speed|p1b: Miraidon\n|-damage|p1b: Miraidon|23/100\n|move|p2a: Calyrex|Astral Barrage|p1a: Incineroar|[spread] p1a,p1b\n|-resisted|p1a: Incineroar\n|-damage|p1a: Incineroar|77/100\n|-damage|p1b: Miraidon|0 fnt\n|faint|p1b: Miraidon\n|-ability|p2a: Calyrex|Grim Neigh|boost\n|-boost|p2a: Calyrex|spa|1\n|move|p1a: Incineroar|Knock Off|p2a: Calyrex\n|-supereffective|p2a: Calyrex\n|-enditem|p2a: Calyrex|Focus Sash\n|-damage|p2a: Calyrex|1/100\n|\n|upkeep\n|\n|t:|1775842436\n|switch|p1b: Terapagos|Terapagos, L50, M|100/100\n|-activate|p1b: Terapagos|ability: Tera Shift\n|detailschange|p1b: Terapagos|Terapagos-Terastal, L50, M\n|-heal|p1b: Terapagos|100/100|[silent]\n|-enditem|p1b: Terapagos|Electric Seed\n|-boost|p1b: Terapagos|def|1|[from] item: Electric Seed\n|turn|2\n|\n|t:|1775842477\n|-terastallize|p1b: Terapagos|Stellar\n|detailschange|p1b: Terapagos|Terapagos-Stellar, L50, M, tera:Stellar\n|-heal|p1b: Terapagos|100/100|[silent]\n|-ability|p1b: Terapagos|Teraform Zero\n|-fieldend|move: Electric Terrain\n|move|p2a: Calyrex|Protect|p2a: Calyrex\n|-singleturn|p2a: Calyrex|Protect\n|move|p2b: Dragonite|Extreme Speed|p1b: Terapagos\n|-damage|p1b: Terapagos|78/100\n|move|p1b: Terapagos|Tera Starstorm|p2b: Dragonite|[spread] p2b\n|-activate|p2a: Calyrex|move: Protect\n|-supereffective|p2b: Dragonite\n|-damage|p2b: Dragonite|43/100\n|move|p1a: Incineroar|Knock Off|p2b: Dragonite\n|-damage|p2b: Dragonite|5/100\n|-enditem|p2b: Dragonite|Choice Band|[from] move: Knock Off|[of] p1a: Incineroar\n|\n|upkeep\n|turn|3\n|\n|t:|1775842500\n|switch|p1a: Gothitelle|Gothitelle, L50, F|100/100\n|move|p2b: Dragonite|Extreme Speed|p1a: Gothitelle\n|-damage|p1a: Gothitelle|58/100\n|move|p2a: Calyrex|Psychic|p1b: Terapagos\n|-damage|p1b: Terapagos|27/100\n|move|p1b: Terapagos|Tera Starstorm|p2a: Calyrex|[spread] p2a,p2b\n|-supereffective|p2b: Dragonite\n|-damage|p2a: Calyrex|0 fnt\n|-damage|p2b: Dragonite|0 fnt\n|faint|p2a: Calyrex\n|faint|p2b: Dragonite\n|\n|upkeep\n|\n|t:|1775842509\n|switch|p2a: Amoonguss|Amoonguss, L50, M|100/100\n|switch|p2b: Zamazenta|Zamazenta-Crowned, L50|100/100\n|-ability|p2b: Zamazenta|Dauntless Shield|boost\n|-boost|p2b: Zamazenta|def|1\n|turn|4\n|\n|t:|1775842521\n|move|p1b: Terapagos|Protect|p1b: Terapagos\n|-singleturn|p1b: Terapagos|Protect\n|move|p2b: Zamazenta|Body Press|p1b: Terapagos\n|-activate|p1b: Terapagos|move: Protect\n|move|p2a: Amoonguss|Spore|p1b: Terapagos\n|-activate|p1b: Terapagos|move: Protect\n|move|p1a: Gothitelle|Trick Room|p1a: Gothitelle\n|-fieldstart|move: Trick Room|[of] p1a: Gothitelle\n|\n|upkeep\n|turn|5\n|\n|t:|1775842531\n|move|p2a: Amoonguss|Spore|p1a: Gothitelle\n|-status|p1a: Gothitelle|slp|[from] move: Spore\n|cant|p1a: Gothitelle|slp\n|move|p1b: Terapagos|Tera Starstorm|p2a: Amoonguss|[spread] p2a,p2b\n|-damage|p2a: Amoonguss|71/100\n|-damage|p2b: Zamazenta|77/100\n|move|p2b: Zamazenta|Body Press|p1b: Terapagos\n|-supereffective|p1b: Terapagos\n|-crit|p1b: Terapagos\n|-damage|p1b: Terapagos|0 fnt\n|faint|p1b: Terapagos\n|detailschange|p1: Terapagos|Terapagos, L50, M|[silent]\n|\n|upkeep\n|-message|Cheasleywithaw forfeited.\n|\n|win|FarigiBoy\n|raw|Cheasleywithaw's rating: 1458 &rarr; <strong>1446</strong><br />(-12 for losing)\n|raw|FarigiBoy's rating: 1600 &rarr; <strong>1612</strong><br />(+12 for winning)\n|l|\u2606Cheasleywithaw\n|player|p1|\n|l|\u2606FarigiBoy\n|player|p2|\n","uploadtime":1775842767,"views":15,"formatid":"gen9vgc2026regi","rating":1446,"private":0,"password":null}