{"id":"gen9vgc2026regi-2551985857","format":"[Gen 9] VGC 2026 Reg I","players":["woodenfish43","lalo's pollos"],"log":"|j|\u2606woodenfish43\n|j|\u2606lalo's pollos\n|t:|1772662800\n|gametype|doubles\n|player|p1|woodenfish43|266|1314\n|player|p2|lalo's pollos|266|1532\n|gen|9\n|tier|[Gen 9] VGC 2026 Reg I\n|rated|\n|rule|Species Clause: Limit one of each Pok\u00e9mon\n|rule|Item Clause: Limit 1 of each item\n|clearpoke\n|poke|p1|Necrozma-Dawn-Wings, L50|\n|poke|p1|Brute Bonnet, L50|\n|poke|p1|Araquanid, L50, M|\n|poke|p1|Kyogre, L50|\n|poke|p1|Rhydon, L50, F|\n|poke|p1|Rillaboom, L50, M|\n|poke|p2|Zamazenta-*, L50|\n|poke|p2|Lunala, L50|\n|poke|p2|Rillaboom, L50, F|\n|poke|p2|Incineroar, L50, M|\n|poke|p2|Urshifu-*, L50, F|\n|poke|p2|Tornadus, L50, M|\n|teampreview|4\n|inactive|Battle timer is ON: inactive players will automatically lose when time's up. (requested by woodenfish43)\n|inactive|lalo's pollos has 60 seconds left.\n|\n|t:|1772662867\n|teamsize|p1|4\n|teamsize|p2|4\n|start\n|switch|p1a: Necrozma|Necrozma-Dawn-Wings, L50, shiny|100/100\n|switch|p1b: Brute Bonnet|Brute Bonnet, L50|100/100\n|switch|p2a: Tornadus|Tornadus, L50, M|100/100\n|switch|p2b: Zamazenta|Zamazenta-Crowned, L50|100/100\n|-ability|p2b: Zamazenta|Dauntless Shield|boost\n|-boost|p2b: Zamazenta|def|1\n|turn|1\n|\n|t:|1772662883\n|-end|p1b: Brute Bonnet|Protosynthesis|[silent]\n|switch|p1b: Araquanid|Araquanid, L50, M, shiny|100/100\n|-terastallize|p1a: Necrozma|Dark\n|move|p2a: Tornadus|Bleakwind Storm|p1a: Necrozma|[spread] p1a,p1b\n|-supereffective|p1b: Araquanid\n|-damage|p1a: Necrozma|74/100\n|-damage|p1b: Araquanid|39/100\n|move|p2b: Zamazenta|Body Press|p1b: Araquanid\n|-resisted|p1b: Araquanid\n|-damage|p1b: Araquanid|0 fnt\n|faint|p1b: Araquanid\n|move|p1a: Necrozma|Trick Room|p1a: Necrozma\n|-fieldstart|move: Trick Room|[of] p1a: Necrozma\n|\n|upkeep\n|\n|t:|1772662894\n|switch|p1b: clipfarmer|Kyogre, L50|100/100\n|-weather|RainDance|[from] ability: Drizzle|[of] p1b: clipfarmer\n|turn|2\n|\n|t:|1772662904\n|-terastallize|p2b: Zamazenta|Water\n|move|p1b: clipfarmer|Thunder|p2b: Zamazenta\n|-supereffective|p2b: Zamazenta\n|-damage|p2b: Zamazenta|27/100\n|move|p1a: Necrozma|Moongeist Beam|p2b: Zamazenta\n|-damage|p2b: Zamazenta|0 fnt\n|faint|p2b: Zamazenta\n|-damage|p1a: Necrozma|64/100|[from] item: Life Orb\n|move|p2a: Tornadus|Bleakwind Storm|p1a: Necrozma|[spread] p1a,p1b\n|-damage|p1a: Necrozma|37/100\n|-damage|p1b: clipfarmer|75/100\n|-unboost|p1a: Necrozma|spe|1\n|\n|-weather|RainDance|[upkeep]\n|upkeep\n|\n|t:|1772662913\n|switch|p2b: Urshifu|Urshifu-Rapid-Strike, L50, F|100/100\n|turn|3\n|\n|t:|1772662929\n|move|p2b: Urshifu|Detect|p2b: Urshifu\n|-singleturn|p2b: Urshifu|Protect\n|move|p1b: clipfarmer|Water Spout|p2b: Urshifu|[spread] p2a\n|-activate|p2b: Urshifu|move: Protect\n|-enditem|p2a: Tornadus|Focus Sash\n|-damage|p2a: Tornadus|1/100\n|move|p1a: Necrozma|Photon Geyser|p2b: Urshifu\n|-activate|p2b: Urshifu|move: Protect\n|move|p2a: Tornadus|Bleakwind Storm|p1a: Necrozma|[spread] p1a,p1b\n|-damage|p1a: Necrozma|8/100\n|-damage|p1b: clipfarmer|52/100\n|\n|-weather|RainDance|[upkeep]\n|upkeep\n|turn|4\n|\n|t:|1772662946\n|move|p2b: Urshifu|Aqua Jet|p1a: Necrozma\n|-damage|p1a: Necrozma|0 fnt\n|faint|p1a: Necrozma\n|move|p1b: clipfarmer|Thunder|p2b: Urshifu\n|-supereffective|p2b: Urshifu\n|-damage|p2b: Urshifu|0 fnt\n|faint|p2b: Urshifu\n|move|p2a: Tornadus|Bleakwind Storm|p1b: clipfarmer\n|-damage|p1b: clipfarmer|17/100\n|-unboost|p1b: clipfarmer|spe|1\n|\n|-weather|RainDance|[upkeep]\n|upkeep\n|\n|t:|1772662951\n|switch|p1a: Brute Bonnet|Brute Bonnet, L50|100/100\n|switch|p2b: Lunala|Lunala, L50|100/100\n|turn|5\n|\n|t:|1772662961\n|move|p2b: Lunala|Protect|p2b: Lunala\n|-singleturn|p2b: Lunala|Protect\n|move|p2a: Tornadus|Taunt|p1b: clipfarmer\n|-start|p1b: clipfarmer|move: Taunt\n|move|p1b: clipfarmer|Thunder|p2a: Tornadus\n|-supereffective|p2a: Tornadus\n|-damage|p2a: Tornadus|0 fnt\n|faint|p2a: Tornadus\n|move|p1a: Brute Bonnet|Spore|p2b: Lunala\n|-activate|p2b: Lunala|move: Protect\n|\n|-weather|RainDance|[upkeep]\n|-fieldend|move: Trick Room\n|upkeep\n|turn|6\n|-message|lalo's pollos forfeited.\n|\n|win|woodenfish43\n|raw|woodenfish43's rating: 1314 &rarr; <strong>1345</strong><br />(+31 for winning)\n|raw|lalo&apos;s pollos's rating: 1532 &rarr; <strong>1501</strong><br />(-31 for losing)\n|l|\u2606lalo's pollos\n|player|p2|\n|l|\u2606woodenfish43\n|player|p1|\n","uploadtime":1772663172,"views":14,"formatid":"gen9vgc2026regi","rating":1345,"private":0,"password":null}