{"id":"gen9vgc2026regi-2563190931","format":"[Gen 9] VGC 2026 Reg I","players":["slionapollo","Jonen"],"log":"|j|\u2606slionapollo\n|j|\u2606Jonen\n|t:|1774000937\n|gametype|doubles\n|player|p1|slionapollo|266|1295\n|player|p2|Jonen|medium|1413\n|gen|9\n|tier|[Gen 9] VGC 2026 Reg I\n|rated|\n|rule|Species Clause: Limit one of each Pok\u00e9mon\n|rule|Item Clause: Limit 1 of each item\n|clearpoke\n|poke|p1|Zamazenta-*, L50|\n|poke|p1|Kyogre, L50|\n|poke|p1|Rillaboom, L50, F|\n|poke|p1|Iron Jugulis, L50|\n|poke|p1|Kingambit, L50, F|\n|poke|p1|Chien-Pao, L50|\n|poke|p2|Groudon, L50|\n|poke|p2|Lunala, L50|\n|poke|p2|Sableye, L50, M|\n|poke|p2|Chi-Yu, L50|\n|poke|p2|Rillaboom, L50, F|\n|poke|p2|Jumpluff, L50, M|\n|teampreview|4\n|\n|t:|1774000983\n|teamsize|p1|4\n|teamsize|p2|4\n|start\n|switch|p1a: Iron Jugulis|Iron Jugulis, L50|100/100\n|switch|p1b: Rillaboom|Rillaboom, L50, F|100/100\n|switch|p2a: Lunala|Lunala, L50|100/100\n|switch|p2b: Sableye|Sableye, L50, M|100/100\n|-fieldstart|move: Grassy Terrain|[from] ability: Grassy Surge|[of] p1b: Rillaboom\n|-enditem|p1a: Iron Jugulis|Booster Energy\n|-activate|p1a: Iron Jugulis|ability: Quark Drive|[fromitem]\n|-start|p1a: Iron Jugulis|quarkdrivespe\n|turn|1\n|\n|t:|1774001027\n|move|p2b: Sableye|Gravity|p2b: Sableye\n|-fieldstart|move: Gravity\n|move|p1a: Iron Jugulis|Taunt|p2b: Sableye\n|-start|p2b: Sableye|move: Taunt\n|move|p2a: Lunala|Meteor Beam||[still]\n|-prepare|p2a: Lunala|Meteor Beam\n|-boost|p2a: Lunala|spa|1\n|-enditem|p2a: Lunala|Power Herb\n|-anim|p2a: Lunala|Meteor Beam|p1a: Iron Jugulis\n|-supereffective|p1a: Iron Jugulis\n|-damage|p1a: Iron Jugulis|0 fnt\n|faint|p1a: Iron Jugulis\n|-end|p1a: Iron Jugulis|Quark Drive|[silent]\n|move|p1b: Rillaboom|U-turn|p2b: Sableye\n|-damage|p2b: Sableye|75/100\n|\n|t:|1774001045\n|switch|p1b: Kingambit|Kingambit, L50, F|100/100|[from] U-turn\n|\n|-heal|p2b: Sableye|81/100|[from] Grassy Terrain\n|upkeep\n|\n|t:|1774001055\n|switch|p1a: Rillaboom|Rillaboom, L50, F|100/100\n|turn|2\n|\n|t:|1774001081\n|switch|p2b: Groudon|Groudon, L50|100/100\n|-weather|SunnyDay|[from] ability: Drought|[of] p2b: Groudon\n|move|p1a: Rillaboom|Grassy Glide|p2a: Lunala\n|-damage|p2a: Lunala|79/100\n|move|p2a: Lunala|Hypnosis|p1b: Kingambit\n|-status|p1b: Kingambit|slp|[from] move: Hypnosis\n|cant|p1b: Kingambit|slp\n|\n|-weather|SunnyDay|[upkeep]\n|-heal|p2a: Lunala|85/100|[from] Grassy Terrain\n|upkeep\n|turn|3\n|\n|t:|1774001098\n|switch|p1b: Kyogre|Kyogre, L50|100/100\n|-weather|RainDance|[from] ability: Drizzle|[of] p1b: Kyogre\n|move|p2a: Lunala|Hypnosis|p1a: Rillaboom\n|-status|p1a: Rillaboom|slp|[from] move: Hypnosis\n|move|p2b: Groudon|Substitute|p2b: Groudon\n|-start|p2b: Groudon|Substitute\n|-damage|p2b: Groudon|76/100\n|cant|p1a: Rillaboom|slp\n|\n|-weather|RainDance|[upkeep]\n|-heal|p2a: Lunala|92/100|[from] Grassy Terrain\n|-heal|p2b: Groudon|82/100|[from] Grassy Terrain\n|upkeep\n|turn|4\n|\n|t:|1774001129\n|switch|p1b: Kingambit|Kingambit, L50, F|100/100 slp\n|move|p2a: Lunala|Hypnosis|p1b: Kingambit\n|-fail|p1b: Kingambit|slp\n|move|p2b: Groudon|Precipice Blades|p1b: Kingambit|[spread] p1a,p1b\n|-resisted|p1a: Rillaboom\n|-supereffective|p1b: Kingambit\n|-damage|p1a: Rillaboom|61/100 slp\n|-damage|p1b: Kingambit|0 fnt\n|faint|p1b: Kingambit\n|-damage|p2b: Groudon|72/100|[from] item: Life Orb\n|cant|p1a: Rillaboom|slp\n|\n|-weather|RainDance|[upkeep]\n|-heal|p2a: Lunala|98/100|[from] Grassy Terrain\n|-heal|p2b: Groudon|78/100|[from] Grassy Terrain\n|-heal|p1a: Rillaboom|67/100 slp|[from] Grassy Terrain\n|upkeep\n|\n|t:|1774001144\n|switch|p1b: Kyogre|Kyogre, L50|100/100\n|turn|5\n|\n|t:|1774001154\n|-curestatus|p1a: Rillaboom|slp|[msg]\n|move|p1a: Rillaboom|Grassy Glide|p2a: Lunala\n|-damage|p2a: Lunala|52/100\n|move|p2a: Lunala|Hypnosis|p1b: Kyogre\n|-status|p1b: Kyogre|slp|[from] move: Hypnosis\n|move|p2b: Groudon|Precipice Blades|p1b: Kyogre|[spread] p1a,p1b\n|-resisted|p1a: Rillaboom\n|-damage|p1a: Rillaboom|29/100\n|-damage|p1b: Kyogre|42/100 slp\n|-damage|p2b: Groudon|68/100|[from] item: Life Orb\n|cant|p1b: Kyogre|slp\n|\n|-weather|RainDance|[upkeep]\n|-heal|p2a: Lunala|58/100|[from] Grassy Terrain\n|-heal|p2b: Groudon|74/100|[from] Grassy Terrain\n|-heal|p1a: Rillaboom|36/100|[from] Grassy Terrain\n|-heal|p1b: Kyogre|48/100 slp|[from] Grassy Terrain\n|-fieldend|move: Gravity\n|-fieldend|move: Grassy Terrain\n|upkeep\n|turn|6\n|-message|slionapollo forfeited.\n|\n|win|Jonen\n|raw|slionapollo's rating: 1295 &rarr; <strong>1278</strong><br />(-17 for losing)\n|raw|Jonen's rating: 1413 &rarr; <strong>1426</strong><br />(+13 for winning)\n|l|\u2606slionapollo\n|player|p1|\n|l|\u2606Jonen\n|player|p2|\n","uploadtime":1774001174,"views":14,"formatid":"gen9vgc2026regi","rating":1278,"private":0,"password":null}