{"id":"gen9vgc2026regi-2527262411","format":"[Gen 9] VGC 2026 Reg I","players":["pzyxhic","88luo"],"log":"|j|\u2606pzyxhic\n|j|\u260688luo\n|t:|1769520927\n|gametype|doubles\n|player|p1|pzyxhic|101|1251\n|player|p2|88luo|102|1330\n|gen|9\n|tier|[Gen 9] VGC 2026 Reg I\n|rated|\n|rule|Species Clause: Limit one of each Pok\u00e9mon\n|rule|Item Clause: Limit 1 of each item\n|clearpoke\n|poke|p1|Calyrex-Shadow, L50|\n|poke|p1|Incineroar, L50, F|\n|poke|p1|Whimsicott, L50, F|\n|poke|p1|Urshifu-*, L50, F|\n|poke|p1|Farigiraf, L50, F|\n|poke|p1|Dialga-Origin, L50|\n|poke|p2|Calyrex-Ice, L50|\n|poke|p2|Kyogre, L50|\n|poke|p2|Smeargle, L50, M|\n|poke|p2|Ursaluna-Bloodmoon, L50, M|\n|poke|p2|Grimmsnarl, L50, M|\n|poke|p2|Incineroar, L50, M|\n|teampreview|4\n|inactive|Battle timer is ON: inactive players will automatically lose when time's up. (requested by 88luo)\n|\n|t:|1769520963\n|teamsize|p1|4\n|teamsize|p2|4\n|start\n|switch|p1a: Whimsicott|Whimsicott, L50, F|100/100\n|switch|p1b: Dialga|Dialga-Origin, L50|100/100\n|switch|p2a: Calyrex|Calyrex-Ice, L50|100/100\n|switch|p2b: Smeargle|Smeargle, L50, M|100/100\n|-ability|p2a: Calyrex|As One\n|-ability|p2a: Calyrex|Unnerve\n|-ability|p1b: Dialga|Pressure\n|turn|1\n|inactive|pzyxhic has 30 seconds left.\n|inactive|pzyxhic has 20 seconds left.\n|inactive|pzyxhic has 15 seconds left.\n|\n|t:|1769521005\n|-terastallize|p2a: Calyrex|Grass\n|move|p2b: Smeargle|Fake Out|p1a: Whimsicott\n|-damage|p1a: Whimsicott|95/100\n|move|p1a: Whimsicott|Fake Tears|p2a: Calyrex\n|-fail|p2a: Calyrex|unboost|[from] item: Clear Amulet|[of] p2a: Calyrex\n|move|p1b: Dialga|Flash Cannon|p2a: Calyrex\n|-damage|p2a: Calyrex|62/100\n|move|p2a: Calyrex|Trick Room|p2a: Calyrex\n|-fieldstart|move: Trick Room|[of] p2a: Calyrex\n|\n|-ability|p2b: Smeargle|Moody|boost\n|-boost|p2b: Smeargle|spa|2\n|-unboost|p2b: Smeargle|spe|1\n|-enditem|p2b: Smeargle|Eject Pack\n|upkeep\n|\n|t:|1769521021\n|switch|p2b: Ursaluna|Ursaluna-Bloodmoon, L50, M|100/100\n|turn|2\n|\n|t:|1769521028\n|move|p1b: Dialga|Protect|p1b: Dialga\n|-singleturn|p1b: Dialga|Protect\n|move|p1a: Whimsicott|Encore|p2a: Calyrex\n|-start|p2a: Calyrex|Encore\n|move|p2a: Calyrex|Trick Room|p2a: Calyrex\n|-fieldend|move: Trick Room\n|move|p2b: Ursaluna|Earth Power|p1b: Dialga\n|-activate|p1b: Dialga|move: Protect\n|\n|upkeep\n|turn|3\n|inactive|pzyxhic has 30 seconds left.\n|\n|t:|1769521062\n|move|p1a: Whimsicott|Fake Tears|p2b: Ursaluna\n|-unboost|p2b: Ursaluna|spd|2\n|move|p1b: Dialga|Draco Meteor|p2b: Ursaluna|[miss]\n|-miss|p1b: Dialga|p2b: Ursaluna\n|move|p2b: Ursaluna|Earth Power|p1b: Dialga\n|-supereffective|p1b: Dialga\n|-damage|p1b: Dialga|6/100\n|-damage|p2b: Ursaluna|91/100|[from] item: Life Orb\n|move|p2a: Calyrex|Trick Room|p2a: Calyrex\n|-fieldstart|move: Trick Room|[of] p2a: Calyrex\n|\n|upkeep\n|turn|4\n|inactive|pzyxhic has 30 seconds left.\n|inactive|88luo has 30 seconds left.\n|\n|t:|1769521090\n|switch|p2a: Kyogre|Kyogre, L50|100/100\n|-weather|RainDance|[from] ability: Drizzle|[of] p2a: Kyogre\n|move|p2b: Ursaluna|Earth Power|p1b: Dialga\n|-supereffective|p1b: Dialga\n|-damage|p1b: Dialga|0 fnt\n|faint|p1b: Dialga\n|-damage|p2b: Ursaluna|81/100|[from] item: Life Orb\n|move|p1a: Whimsicott|Moonblast|p2a: Kyogre\n|-damage|p2a: Kyogre|84/100\n|\n|-weather|RainDance|[upkeep]\n|upkeep\n|\n|t:|1769521104\n|switch|p1b: Urshifu|Urshifu-Rapid-Strike, L50, F|100/100\n|turn|5\n|inactive|pzyxhic has 30 seconds left.\n|\n|t:|1769521132\n|move|p1a: Whimsicott|Encore|p2b: Ursaluna\n|-start|p2b: Ursaluna|Encore\n|move|p2a: Kyogre|Thunder|p1b: Urshifu\n|-supereffective|p1b: Urshifu\n|-enditem|p1b: Urshifu|Focus Sash\n|-damage|p1b: Urshifu|1/100\n|move|p2b: Ursaluna|Earth Power|p1a: Whimsicott\n|-resisted|p1a: Whimsicott\n|-crit|p1a: Whimsicott\n|-damage|p1a: Whimsicott|43/100\n|-damage|p2b: Ursaluna|72/100|[from] item: Life Orb\n|move|p1b: Urshifu|Close Combat|p2a: Kyogre\n|-damage|p2a: Kyogre|24/100\n|-unboost|p1b: Urshifu|def|1\n|-unboost|p1b: Urshifu|spd|1\n|\n|-weather|RainDance|[upkeep]\n|upkeep\n|turn|6\n|inactive|pzyxhic has 30 seconds left.\n|\n|t:|1769521160\n|move|p1b: Urshifu|Detect|p1b: Urshifu\n|-singleturn|p1b: Urshifu|Protect\n|move|p2a: Kyogre|Water Spout|p1a: Whimsicott|[spread] p1a\n|-activate|p1b: Urshifu|move: Protect\n|-resisted|p1a: Whimsicott\n|-damage|p1a: Whimsicott|30/100\n|move|p2b: Ursaluna|Earth Power|p1a: Whimsicott\n|-resisted|p1a: Whimsicott\n|-damage|p1a: Whimsicott|0 fnt\n|faint|p1a: Whimsicott\n|-damage|p2b: Ursaluna|62/100|[from] item: Life Orb\n|\n|-weather|RainDance|[upkeep]\n|upkeep\n|\n|t:|1769521174\n|switch|p1a: Calyrex|Calyrex-Shadow, L50|100/100\n|-ability|p1a: Calyrex|As One\n|-ability|p1a: Calyrex|Unnerve\n|turn|7\n|inactive|pzyxhic has 30 seconds left.\n|inactive|88luo has 30 seconds left.\n|inactive|88luo has 20 seconds left.\n|inactive|88luo has 15 seconds left.\n|\n|t:|1769521216\n|-terastallize|p1b: Urshifu|Water\n|move|p1b: Urshifu|Aqua Jet|p2a: Kyogre\n|-resisted|p2a: Kyogre\n|-damage|p2a: Kyogre|2/100\n|move|p2a: Kyogre|Water Spout|p1a: Calyrex|[spread] p1a,p1b\n|-resisted|p1b: Urshifu\n|-damage|p1a: Calyrex|99/100\n|-damage|p1b: Urshifu|0 fnt\n|faint|p1b: Urshifu\n|move|p2b: Ursaluna|Earth Power|p1a: Calyrex\n|-damage|p1a: Calyrex|32/100\n|-damage|p2b: Ursaluna|53/100|[from] item: Life Orb\n|move|p1a: Calyrex|Psychic|p2b: Ursaluna\n|-damage|p2b: Ursaluna|0 fnt\n|faint|p2b: Ursaluna\n|-ability|p1a: Calyrex|Grim Neigh|boost\n|-boost|p1a: Calyrex|spa|1\n|\n|-weather|RainDance|[upkeep]\n|-fieldend|move: Trick Room\n|upkeep\n|\n|t:|1769521237\n|switch|p2b: Calyrex|Calyrex-Ice, L50, tera:Grass|62/100\n|-ability|p2b: Calyrex|As One\n|-ability|p2b: Calyrex|Unnerve\n|turn|8\n|\n|t:|1769521250\n|move|p1a: Calyrex|Psychic|p2b: Calyrex\n|-damage|p2b: Calyrex|15/100\n|move|p2b: Calyrex|Glacial Lance|p1a: Calyrex\n|-damage|p1a: Calyrex|0 fnt\n|faint|p1a: Calyrex\n|\n|win|88luo\n|raw|pzyxhic's rating: 1251 &rarr; <strong>1232</strong><br />(-19 for losing)\n|raw|88luo's rating: 1330 &rarr; <strong>1346</strong><br />(+16 for winning)\n|l|\u2606pzyxhic\n|player|p1|\n","uploadtime":1769521420,"views":8,"formatid":"gen9vgc2026regi","rating":1232,"private":0,"password":null}