{"id":"gen9vgc2026regi-2573107006","format":"[Gen 9] VGC 2026 Reg I","players":["Dqstrqyed","DBWaffles"],"log":"|j|\u2606Dqstrqyed\n|j|\u2606DBWaffles\n|t:|1775091375\n|gametype|doubles\n|player|p1|Dqstrqyed|1|1511\n|player|p2|DBWaffles|1|1472\n|gen|9\n|tier|[Gen 9] VGC 2026 Reg I\n|rated|\n|rule|Species Clause: Limit one of each Pok\u00e9mon\n|rule|Item Clause: Limit 1 of each item\n|clearpoke\n|poke|p1|Volcarona, L50, M|\n|poke|p1|Ursaluna, L50, M|\n|poke|p1|Miraidon, L50|\n|poke|p1|Calyrex-Ice, L50|\n|poke|p1|Grimmsnarl, L50, M|\n|poke|p1|Sneasler, L50, F|\n|poke|p2|Ho-Oh, L50|\n|poke|p2|Incineroar, L50, F|\n|poke|p2|Miraidon, L50|\n|poke|p2|Rillaboom, L50, M|\n|poke|p2|Landorus-Therian, L50, M|\n|teampreview|4\n|inactive|Battle timer is ON: inactive players will automatically lose when time's up. (requested by DBWaffles)\n|inactive|Dqstrqyed has 60 seconds left.\n|\n|t:|1775091408\n|teamsize|p1|4\n|teamsize|p2|4\n|start\n|switch|p1a: It\u2019s Go Time|Volcarona, L50, M, shiny|100/100\n|switch|p1b: Grimmsnarl|Grimmsnarl, L50, M, shiny|100/100\n|switch|p2a: Ho-Oh|Ho-Oh, L50|100/100\n|switch|p2b: Incineroar|Incineroar, L50, F|100/100\n|-ability|p2b: Incineroar|Intimidate|boost\n|-unboost|p1a: It\u2019s Go Time|atk|1\n|-unboost|p1b: Grimmsnarl|atk|1\n|turn|1\n|\n|t:|1775091431\n|-terastallize|p1b: Grimmsnarl|Ghost\n|move|p2b: Incineroar|Fake Out|p1b: Grimmsnarl\n|-immune|p1b: Grimmsnarl\n|move|p1b: Grimmsnarl|Reflect|p1b: Grimmsnarl\n|-sidestart|p1: Dqstrqyed|Reflect\n|move|p1a: It\u2019s Go Time|Quiver Dance|p1a: It\u2019s Go Time\n|-boost|p1a: It\u2019s Go Time|spa|1\n|-boost|p1a: It\u2019s Go Time|spd|1\n|-boost|p1a: It\u2019s Go Time|spe|1\n|move|p2a: Ho-Oh|Brave Bird|p1a: It\u2019s Go Time\n|-supereffective|p1a: It\u2019s Go Time\n|-damage|p1a: It\u2019s Go Time|7/100\n|-damage|p2a: Ho-Oh|75/100|[from] Recoil\n|\n|-heal|p2a: Ho-Oh|81/100|[from] item: Leftovers\n|upkeep\n|turn|2\n|\n|t:|1775091454\n|move|p1b: Grimmsnarl|Thunder Wave|p2a: Ho-Oh\n|-status|p2a: Ho-Oh|par\n|move|p1a: It\u2019s Go Time|Fiery Dance|p2a: Ho-Oh\n|-resisted|p2a: Ho-Oh\n|-damage|p2a: Ho-Oh|66/100 par\n|move|p2b: Incineroar|Knock Off|p1b: Grimmsnarl\n|-supereffective|p1b: Grimmsnarl\n|-damage|p1b: Grimmsnarl|50/100\n|-enditem|p1b: Grimmsnarl|Light Clay|[from] move: Knock Off|[of] p2b: Incineroar\n|move|p2a: Ho-Oh|Brave Bird|p1a: It\u2019s Go Time\n|-supereffective|p1a: It\u2019s Go Time\n|-damage|p1a: It\u2019s Go Time|0 fnt\n|faint|p1a: It\u2019s Go Time\n|-damage|p2a: Ho-Oh|64/100 par|[from] Recoil\n|\n|-heal|p2a: Ho-Oh|70/100 par|[from] item: Leftovers\n|upkeep\n|\n|t:|1775091467\n|switch|p1a: Miraidon|Miraidon, L50|100/100\n|-fieldstart|move: Electric Terrain|[from] ability: Hadron Engine|[of] p1a: Miraidon\n|turn|3\n|\n|t:|1775091489\n|switch|p2b: Landorus|Landorus-Therian, L50, M|100/100\n|-ability|p2b: Landorus|Intimidate|boost\n|-unboost|p1a: Miraidon|atk|1\n|-unboost|p1b: Grimmsnarl|atk|1\n|switch|p2a: Miraidon|Miraidon, L50|100/100\n|-activate|p2a: Miraidon|ability: Hadron Engine\n|move|p1b: Grimmsnarl|Light Screen|p1b: Grimmsnarl\n|-sidestart|p1: Dqstrqyed|move: Light Screen\n|move|p1a: Miraidon|Volt Switch|p2b: Landorus\n|-immune|p2b: Landorus\n|\n|upkeep\n|turn|4\n|inactive|Dqstrqyed has 30 seconds left.\n|\n|t:|1775091515\n|move|p2b: Landorus|Stomping Tantrum|p1a: Miraidon\n|-supereffective|p1a: Miraidon\n|-damage|p1a: Miraidon|53/100\n|move|p2a: Miraidon|Draco Meteor|p1a: Miraidon\n|-supereffective|p1a: Miraidon\n|-damage|p1a: Miraidon|0 fnt\n|-unboost|p2a: Miraidon|spa|2\n|faint|p1a: Miraidon\n|move|p1b: Grimmsnarl|Spirit Break|p2a: Miraidon\n|-supereffective|p2a: Miraidon\n|-damage|p2a: Miraidon|66/100\n|-unboost|p2a: Miraidon|spa|1\n|\n|upkeep\n|\n|t:|1775091525\n|switch|p1a: Calyrex|Calyrex-Ice, L50|100/100\n|-ability|p1a: Calyrex|As One\n|-ability|p1a: Calyrex|Unnerve\n|turn|5\n|\n|t:|1775091549\n|switch|p2b: Incineroar|Incineroar, L50, F|100/100\n|-ability|p2b: Incineroar|Intimidate|boost\n|-fail|p1a: Calyrex|unboost|[from] item: Clear Amulet|[of] p1a: Calyrex\n|-unboost|p1b: Grimmsnarl|atk|1\n|switch|p2a: Ho-Oh|Ho-Oh, L50|100/100 par\n|move|p1b: Grimmsnarl|Spirit Break|p2a: Ho-Oh\n|-resisted|p2a: Ho-Oh\n|-damage|p2a: Ho-Oh|95/100 par\n|-unboost|p2a: Ho-Oh|spa|1\n|move|p1a: Calyrex|Glacial Lance|p2a: Ho-Oh|[spread] p2a,p2b\n|-resisted|p2b: Incineroar\n|-damage|p2a: Ho-Oh|44/100 par\n|-damage|p2b: Incineroar|77/100\n|\n|-heal|p2a: Ho-Oh|50/100 par|[from] item: Leftovers\n|upkeep\n|turn|6\n|\n|t:|1775091571\n|move|p1a: Calyrex|Protect|p1a: Calyrex\n|-singleturn|p1a: Calyrex|Protect\n|move|p2b: Incineroar|Fake Out|p1a: Calyrex\n|-activate|p1a: Calyrex|move: Protect\n|move|p1b: Grimmsnarl|Spirit Break|p2b: Incineroar\n|-damage|p2b: Incineroar|66/100\n|move|p2a: Ho-Oh|Sacred Fire|p1a: Calyrex\n|-activate|p1a: Calyrex|move: Protect\n|\n|-heal|p2a: Ho-Oh|56/100 par|[from] item: Leftovers\n|upkeep\n|turn|7\n|\n|t:|1775091582\n|move|p1b: Grimmsnarl|Spirit Break|p2a: Ho-Oh\n|-resisted|p2a: Ho-Oh\n|-damage|p2a: Ho-Oh|51/100 par\n|-unboost|p2a: Ho-Oh|spa|1\n|move|p2b: Incineroar|Knock Off|p1a: Calyrex\n|-supereffective|p1a: Calyrex\n|-damage|p1a: Calyrex|68/100\n|-enditem|p1a: Calyrex|Clear Amulet|[from] move: Knock Off|[of] p2b: Incineroar\n|move|p1a: Calyrex|Glacial Lance|p2a: Ho-Oh|[spread] p2a,p2b\n|-resisted|p2b: Incineroar\n|-damage|p2a: Ho-Oh|5/100 par\n|-damage|p2b: Incineroar|43/100\n|move|p2a: Ho-Oh|Sacred Fire|p1a: Calyrex\n|-supereffective|p1a: Calyrex\n|-damage|p1a: Calyrex|21/100\n|-status|p1a: Calyrex|brn\n|\n|-heal|p2a: Ho-Oh|11/100 par|[from] item: Leftovers\n|-damage|p1a: Calyrex|15/100 brn|[from] brn\n|-sideend|p1: Dqstrqyed|move: Light Screen\n|-fieldend|move: Electric Terrain\n|upkeep\n|turn|8\n|-message|Dqstrqyed forfeited.\n|\n|win|DBWaffles\n|raw|Dqstrqyed's rating: 1511 &rarr; <strong>1489</strong><br />(-22 for losing)\n|raw|DBWaffles's rating: 1472 &rarr; <strong>1494</strong><br />(+22 for winning)\n|l|\u2606Dqstrqyed\n|player|p1|\n|l|\u2606DBWaffles\n|player|p2|\n","uploadtime":1775091750,"views":13,"formatid":"gen9vgc2026regi","rating":1489,"private":0,"password":null}