{"id":"gen9vgc2026regi-2584159320","format":"[Gen 9] VGC 2026 Reg I","players":["mannydisco","Nova85"],"log":"|j|\u2606mannydisco\n|j|\u2606Nova85\n|t:|1776232262\n|gametype|doubles\n|player|p1|mannydisco|linebacker|1233\n|player|p2|Nova85|cyrus|1326\n|gen|9\n|tier|[Gen 9] VGC 2026 Reg I\n|rated|\n|rule|Species Clause: Limit one of each Pok\u00e9mon\n|rule|Item Clause: Limit 1 of each item\n|clearpoke\n|poke|p1|Zamazenta-*, L50|\n|poke|p1|Calyrex-Shadow, L50|\n|poke|p1|Roaring Moon, L50|\n|poke|p1|Whimsicott, L50, F|\n|poke|p1|Entei, L50|\n|poke|p1|Suicune, L50|\n|poke|p2|Calyrex-Shadow, L50|\n|poke|p2|Indeedee-F, L50, F|\n|poke|p2|Torkoal, L50, M|\n|poke|p2|Farigiraf, L50, F|\n|poke|p2|Flutter Mane, L50|\n|poke|p2|Zamazenta-*, L50|\n|teampreview|4\n|inactive|Battle timer is ON: inactive players will automatically lose when time's up. (requested by Nova85)\n|\n|t:|1776232281\n|teamsize|p1|4\n|teamsize|p2|4\n|start\n|switch|p1a: Suicune|Suicune, L50|100/100\n|switch|p1b: Whimsicott|Whimsicott, L50, F|100/100\n|switch|p2a: Calyrex|Calyrex-Shadow, L50|100/100\n|switch|p2b: Indeedee|Indeedee-F, L50, F|100/100\n|-ability|p2a: Calyrex|As One\n|-ability|p2a: Calyrex|Unnerve\n|-fieldstart|move: Psychic Terrain|[from] ability: Psychic Surge|[of] p2b: Indeedee\n|-enditem|p2b: Indeedee|Psychic Seed\n|-boost|p2b: Indeedee|spd|1|[from] item: Psychic Seed\n|turn|1\n|inactive|Nova85 has 30 seconds left.\n|\n|t:|1776232308\n|move|p2b: Indeedee|Helping Hand|p2a: Calyrex\n|-singleturn|p2a: Calyrex|Helping Hand|[of] p2b: Indeedee\n|move|p1b: Whimsicott|Tailwind|p1b: Whimsicott\n|-sidestart|p1: mannydisco|move: Tailwind\n|move|p1a: Suicune|Snarl|p2a: Calyrex|[spread] p2a,p2b\n|-supereffective|p2a: Calyrex\n|-supereffective|p2b: Indeedee\n|-damage|p2a: Calyrex|66/100\n|-damage|p2b: Indeedee|88/100\n|-unboost|p2a: Calyrex|spa|1\n|-unboost|p2b: Indeedee|spa|1\n|move|p2a: Calyrex|Expanding Force|p1a: Suicune|[spread] p1a,p1b\n|-damage|p1a: Suicune|65/100\n|-damage|p1b: Whimsicott|0 fnt\n|faint|p1b: Whimsicott\n|-ability|p2a: Calyrex|Grim Neigh|boost\n|-boost|p2a: Calyrex|spa|1\n|-damage|p2a: Calyrex|56/100|[from] item: Life Orb\n|\n|upkeep\n|\n|t:|1776232323\n|switch|p1b: Calyrex|Calyrex-Shadow, L50|100/100\n|-ability|p1b: Calyrex|As One\n|-ability|p1b: Calyrex|Unnerve\n|turn|2\n|\n|t:|1776232344\n|move|p2a: Calyrex|Protect|p2a: Calyrex\n|-singleturn|p2a: Calyrex|Protect\n|move|p2b: Indeedee|Follow Me|p2b: Indeedee\n|-singleturn|p2b: Indeedee|move: Follow Me\n|move|p1b: Calyrex|Pollen Puff|p2b: Indeedee\n|-supereffective|p2b: Indeedee\n|-damage|p2b: Indeedee|37/100\n|move|p1a: Suicune|Scald|p2b: Indeedee\n|-damage|p2b: Indeedee|20/100\n|-status|p2b: Indeedee|brn\n|\n|-damage|p2b: Indeedee|13/100 brn|[from] brn\n|upkeep\n|turn|3\n|inactive|Nova85 has 30 seconds left.\n|\n|t:|1776232375\n|switch|p2a: Zamazenta|Zamazenta-Crowned, L50|100/100\n|-ability|p2a: Zamazenta|Dauntless Shield|boost\n|-boost|p2a: Zamazenta|def|1\n|move|p2b: Indeedee|Follow Me|p2b: Indeedee\n|-singleturn|p2b: Indeedee|move: Follow Me\n|move|p1b: Calyrex|Astral Barrage|p2b: Indeedee|[spread] p2a\n|-immune|p2b: Indeedee\n|-damage|p2a: Zamazenta|55/100\n|move|p1a: Suicune|Snarl|p2b: Indeedee|[spread] p2a,p2b\n|-resisted|p2a: Zamazenta\n|-supereffective|p2b: Indeedee\n|-damage|p2a: Zamazenta|52/100\n|-damage|p2b: Indeedee|1/100 brn\n|-unboost|p2a: Zamazenta|spa|1\n|-unboost|p2b: Indeedee|spa|1\n|\n|-damage|p2b: Indeedee|0 fnt|[from] brn\n|faint|p2b: Indeedee\n|upkeep\n|\n|t:|1776232395\n|switch|p2b: Calyrex|Calyrex-Shadow, L50|56/100\n|-ability|p2b: Calyrex|As One\n|-ability|p2b: Calyrex|Unnerve\n|turn|4\n|inactive|mannydisco has 30 seconds left.\n|inactive|Nova85 has 30 seconds left.\n|\n|t:|1776232425\n|move|p2a: Zamazenta|Wide Guard|p2a: Zamazenta\n|-singleturn|p2a: Zamazenta|Wide Guard\n|move|p1b: Calyrex|Psychic|p2a: Zamazenta\n|-damage|p2a: Zamazenta|0 fnt\n|faint|p2a: Zamazenta\n|-ability|p1b: Calyrex|Grim Neigh|boost\n|-boost|p1b: Calyrex|spa|1\n|move|p1a: Suicune|Scald|p2b: Calyrex\n|-damage|p2b: Calyrex|30/100\n|move|p2b: Calyrex|Astral Barrage|p1a: Suicune|[spread] p1a,p1b\n|-supereffective|p1b: Calyrex\n|-crit|p1b: Calyrex\n|-damage|p1a: Suicune|32/100\n|-damage|p1b: Calyrex|0 fnt\n|faint|p1b: Calyrex\n|-ability|p2b: Calyrex|Grim Neigh|boost\n|-boost|p2b: Calyrex|spa|1\n|-damage|p2b: Calyrex|20/100|[from] item: Life Orb\n|\n|-sideend|p1: mannydisco|move: Tailwind\n|upkeep\n|\n|t:|1776232448\n|switch|p1b: Zamazenta|Zamazenta-Crowned, L50|100/100\n|switch|p2a: Flutter Mane|Flutter Mane, L50, shiny|100/100\n|-ability|p1b: Zamazenta|Dauntless Shield|boost\n|-boost|p1b: Zamazenta|def|1\n|-enditem|p2a: Flutter Mane|Booster Energy\n|-activate|p2a: Flutter Mane|ability: Protosynthesis|[fromitem]\n|-start|p2a: Flutter Mane|protosynthesisspd\n|turn|5\n|inactive|Nova85 has 30 seconds left.\n|inactive|Nova85 has 20 seconds left.\n|\n|t:|1776232486\n|move|p2b: Calyrex|Expanding Force|p1b: Zamazenta|[spread] p1a,p1b\n|-damage|p1a: Suicune|0 fnt\n|-damage|p1b: Zamazenta|0 fnt\n|faint|p1a: Suicune\n|faint|p1b: Zamazenta\n|-damage|p2b: Calyrex|11/100|[from] item: Life Orb\n|\n|win|Nova85\n|raw|mannydisco's rating: 1233 &rarr; <strong>1215</strong><br />(-18 for losing)\n|raw|Nova85's rating: 1326 &rarr; <strong>1341</strong><br />(+15 for winning)\n|l|\u2606mannydisco\n|player|p1|\n","uploadtime":1776232521,"views":13,"formatid":"gen9vgc2026regi","rating":1215,"private":0,"password":null}