{"id":"gen9vgc2026regi-2571325599","format":"[Gen 9] VGC 2026 Reg I","players":["Highkage2","chappell murkroan"],"log":"|j|\u203dHighkage2\n|j|\u2606chappell murkroan\n|t:|1774904471\n|gametype|doubles\n|player|p1|Highkage2|doubleteam|1535\n|player|p2|chappell murkroan|caitlin|1557\n|gen|9\n|tier|[Gen 9] VGC 2026 Reg I\n|rated|\n|rule|Species Clause: Limit one of each Pok\u00e9mon\n|rule|Item Clause: Limit 1 of each item\n|clearpoke\n|poke|p1|Incineroar, L50, M|\n|poke|p1|Calyrex-Ice, L50|\n|poke|p1|Miraidon, L50|\n|poke|p1|Iron Treads, L50|\n|poke|p1|Volcarona, L50, M|\n|poke|p1|Farigiraf, L50, F|\n|poke|p2|Calyrex-Shadow, L50|\n|poke|p2|Urshifu-*, L50, F|\n|poke|p2|Kyogre, L50|\n|poke|p2|Tornadus, L50, M|\n|poke|p2|Rillaboom, L50, M|\n|poke|p2|Incineroar, L50, M|\n|teampreview|4\n|inactive|Battle timer is ON: inactive players will automatically lose when time's up. (requested by chappell murkroan)\n|inactive|Highkage2 has 60 seconds left.\n|inactive|chappell murkroan has 60 seconds left.\n|j| Nevaehkkkkkk\n|\n|t:|1774904528\n|teamsize|p1|4\n|teamsize|p2|4\n|start\n|switch|p1a: Volcarona|Volcarona, L50, M|100/100\n|switch|p1b: Calyrex|Calyrex-Ice, L50|100/100\n|switch|p2a: Calyrex|Calyrex-Shadow, L50|100/100\n|switch|p2b: Urshifu|Urshifu-Rapid-Strike, L50, F|100/100\n|-ability|p2a: Calyrex|As One\n|-ability|p2a: Calyrex|Unnerve\n|-ability|p1b: Calyrex|As One\n|-ability|p1b: Calyrex|Unnerve\n|turn|1\n|inactive|Highkage2 has 30 seconds left.\n|\n|t:|1774904554\n|-terastallize|p1b: Calyrex|Fairy\n|move|p2b: Urshifu|Surging Strikes|p1a: Volcarona\n|-supereffective|p1a: Volcarona\n|-crit|p1a: Volcarona\n|-damage|p1a: Volcarona|54/100\n|-damage|p2b: Urshifu|84/100|[from] item: Rocky Helmet|[of] p1a: Volcarona\n|-supereffective|p1a: Volcarona\n|-crit|p1a: Volcarona\n|-damage|p1a: Volcarona|6/100\n|-damage|p2b: Urshifu|67/100|[from] item: Rocky Helmet|[of] p1a: Volcarona\n|-supereffective|p1a: Volcarona\n|-crit|p1a: Volcarona\n|-damage|p1a: Volcarona|0 fnt\n|-damage|p2b: Urshifu|51/100|[from] item: Rocky Helmet|[of] p1a: Volcarona\n|faint|p1a: Volcarona\n|-hitcount|p1: Volcarona|3\n|move|p2a: Calyrex|Nasty Plot|p2a: Calyrex\n|-boost|p2a: Calyrex|spa|2\n|move|p1b: Calyrex|Trick Room|p1b: Calyrex\n|-fieldstart|move: Trick Room|[of] p1b: Calyrex\n|\n|upkeep\n|\n|t:|1774904574\n|switch|p1a: Miraidon|Miraidon, L50|100/100\n|-fieldstart|move: Electric Terrain|[from] ability: Hadron Engine|[of] p1a: Miraidon\n|turn|2\n|\n|t:|1774904582\n|switch|p2b: Incineroar|Incineroar, L50, M|100/100\n|-ability|p2b: Incineroar|Intimidate|boost\n|-unboost|p1a: Miraidon|atk|1\n|-unboost|p1b: Calyrex|atk|1\n|move|p2a: Calyrex|Protect|p2a: Calyrex\n|-singleturn|p2a: Calyrex|Protect\n|move|p1b: Calyrex|Glacial Lance|p2a: Calyrex|[spread] p2b\n|-activate|p2a: Calyrex|move: Protect\n|-resisted|p2b: Incineroar\n|-damage|p2b: Incineroar|89/100\n|move|p1a: Miraidon|Volt Switch|p2b: Incineroar\n|-damage|p2b: Incineroar|0 fnt\n|faint|p2b: Incineroar\n|\n|t:|1774904598\n|switch|p1a: Farigiraf|Farigiraf, L50, F|100/100|[from] Volt Switch\n|-enditem|p1a: Farigiraf|Electric Seed\n|-boost|p1a: Farigiraf|def|1|[from] item: Electric Seed\n|\n|upkeep\n|\n|t:|1774904610\n|switch|p2b: Urshifu|Urshifu-Rapid-Strike, L50, F|51/100\n|turn|3\n|inactive|Highkage2 has 30 seconds left.\n|inactive|Highkage2 has 20 seconds left.\n|\n|t:|1774904648\n|-terastallize|p2a: Calyrex|Dark\n|move|p1b: Calyrex|Glacial Lance|p2b: Urshifu|[spread] p2a,p2b\n|-resisted|p2b: Urshifu\n|-damage|p2a: Calyrex|61/100\n|-damage|p2b: Urshifu|34/100\n|move|p1a: Farigiraf|Psychic|p2b: Urshifu\n|-supereffective|p2b: Urshifu\n|-damage|p2b: Urshifu|0 fnt\n|faint|p2b: Urshifu\n|move|p2a: Calyrex|Psychic|p1a: Farigiraf\n|-resisted|p1a: Farigiraf\n|-damage|p1a: Farigiraf|61/100\n|-unboost|p1a: Farigiraf|spd|1\n|\n|upkeep\n|\n|t:|1774904657\n|switch|p2b: Rillaboom|Rillaboom, L50, M|100/100\n|-fieldstart|move: Grassy Terrain|[from] ability: Grassy Surge|[of] p2b: Rillaboom\n|turn|4\n|\n|t:|1774904667\n|move|p1a: Farigiraf|Helping Hand|p1b: Calyrex\n|-singleturn|p1b: Calyrex|Helping Hand|[of] p1a: Farigiraf\n|move|p1b: Calyrex|Glacial Lance|p2a: Calyrex|[spread] p2a,p2b\n|-supereffective|p2b: Rillaboom\n|-damage|p2a: Calyrex|3/100\n|-damage|p2b: Rillaboom|5/100\n|move|p2b: Rillaboom|Wood Hammer|p1b: Calyrex\n|-damage|p1b: Calyrex|53/100\n|-damage|p2b: Rillaboom|0 fnt|[from] Recoil\n|faint|p2b: Rillaboom\n|move|p2a: Calyrex|Psychic|p1a: Farigiraf\n|-resisted|p1a: Farigiraf\n|-damage|p1a: Farigiraf|1/100\n|\n|-heal|p1b: Calyrex|58/100|[from] Grassy Terrain\n|-heal|p1b: Calyrex|64/100|[from] item: Leftovers\n|-heal|p1a: Farigiraf|8/100|[from] Grassy Terrain\n|-heal|p2a: Calyrex|9/100|[from] Grassy Terrain\n|upkeep\n|turn|5\n|-message|chappell murkroan forfeited.\n|\n|win|Highkage2\n|raw|Highkage2's rating: 1535 &rarr; <strong>1556</strong><br />(+21 for winning)\n|raw|chappell murkroan's rating: 1557 &rarr; <strong>1536</strong><br />(-21 for losing)\n|l|\u2606chappell murkroan\n|player|p2|\n|l|\u203dHighkage2\n|player|p1|\n","uploadtime":1774904695,"views":21,"formatid":"gen9vgc2026regi","rating":1536,"private":0,"password":null}