{"id":"gen9vgc2026regi-2568041578","format":"[Gen 9] VGC 2026 Reg I","players":["slimeslatt252","benniOVY"],"log":"|j|\u2606slimeslatt252\n|j|\u2606benniOVY\n|t:|1774542990\n|gametype|doubles\n|player|p1|slimeslatt252|169|1483\n|player|p2|benniOVY|psychic-gen4|1510\n|gen|9\n|tier|[Gen 9] VGC 2026 Reg I\n|rated|\n|rule|Species Clause: Limit one of each Pok\u00e9mon\n|rule|Item Clause: Limit 1 of each item\n|clearpoke\n|poke|p1|Calyrex-Shadow, L50|\n|poke|p1|Koraidon, L50|\n|poke|p1|Incineroar, L50, M|\n|poke|p1|Raging Bolt, L50|\n|poke|p1|Brute Bonnet, L50|\n|poke|p1|Landorus, L50, M|\n|poke|p2|Calyrex-Ice, L50|\n|poke|p2|Kyogre, L50|\n|poke|p2|Rillaboom, L50, M|\n|poke|p2|Incineroar, L50, M|\n|poke|p2|Urshifu-*, L50, M|\n|poke|p2|Grimmsnarl, L50, M|\n|teampreview|4\n|inactive|Battle timer is ON: inactive players will automatically lose when time's up. (requested by slimeslatt252)\n|c|\u2606benniOVY|glhf\n|\n|t:|1774543019\n|teamsize|p1|4\n|teamsize|p2|4\n|start\n|switch|p1a: Brute Bonnet|Brute Bonnet, L50|100/100\n|switch|p1b: raging dingus|Raging Bolt, L50|100/100\n|switch|p2a: Grimmsnarl|Grimmsnarl, L50, M|100/100\n|switch|p2b: Calyrex|Calyrex-Ice, L50|100/100\n|-ability|p2b: Calyrex|As One\n|-ability|p2b: Calyrex|Unnerve\n|turn|1\n|\n|t:|1774543028\n|move|p2a: Grimmsnarl|Reflect|p2a: Grimmsnarl\n|-sidestart|p2: benniOVY|Reflect\n|move|p1b: raging dingus|Thunderbolt|p2a: Grimmsnarl\n|-damage|p2a: Grimmsnarl|47/100\n|move|p1a: Brute Bonnet|Spore|p2b: Calyrex\n|-status|p2b: Calyrex|slp|[from] move: Spore\n|cant|p2b: Calyrex|slp\n|\n|upkeep\n|turn|2\n|\n|t:|1774543047\n|-terastallize|p1b: raging dingus|Electric\n|move|p2a: Grimmsnarl|Light Screen|p2a: Grimmsnarl\n|-sidestart|p2: benniOVY|move: Light Screen\n|move|p1b: raging dingus|Volt Switch|p2a: Grimmsnarl\n|-damage|p2a: Grimmsnarl|9/100\n|\n|t:|1774543055\n|-end|p1b: raging dingus|Protosynthesis|[silent]\n|switch|p1b: Koraidon|Koraidon, L50|100/100|[from] Volt Switch\n|-weather|SunnyDay|[from] ability: Orichalcum Pulse|[of] p1b: Koraidon\n|-activate|p1a: Brute Bonnet|ability: Protosynthesis\n|-start|p1a: Brute Bonnet|protosynthesisdef\n|-activate|p1b: Koraidon|Orichalcum Pulse|[source]\n|move|p1a: Brute Bonnet|Seed Bomb|p2a: Grimmsnarl\n|-damage|p2a: Grimmsnarl|0 fnt\n|faint|p2a: Grimmsnarl\n|cant|p2b: Calyrex|slp\n|\n|-weather|SunnyDay|[upkeep]\n|upkeep\n|\n|t:|1774543065\n|switch|p2a: Kyogre|Kyogre, L50|100/100\n|-weather|RainDance|[from] ability: Drizzle|[of] p2a: Kyogre\n|-end|p1a: Brute Bonnet|Protosynthesis\n|turn|3\n|\n|t:|1774543081\n|switch|p2a: Incineroar|Incineroar, L50, M|100/100\n|-ability|p2a: Incineroar|Intimidate|boost\n|-unboost|p1a: Brute Bonnet|atk|1\n|-fail|p1b: Koraidon|unboost|[from] item: Clear Amulet|[of] p1b: Koraidon\n|move|p1b: Koraidon|Protect|p1b: Koraidon\n|-singleturn|p1b: Koraidon|Protect\n|move|p1a: Brute Bonnet|Spore|p2a: Incineroar\n|-status|p2a: Incineroar|slp|[from] move: Spore\n|cant|p2b: Calyrex|slp\n|\n|-weather|RainDance|[upkeep]\n|upkeep\n|turn|4\n|\n|t:|1774543093\n|switch|p1b: raging dingus|Raging Bolt, L50, tera:Electric|100/100\n|cant|p2a: Incineroar|slp\n|move|p1a: Brute Bonnet|Sucker Punch||[still]\n|-fail|p1a: Brute Bonnet\n|-curestatus|p2b: Calyrex|slp|[msg]\n|move|p2b: Calyrex|Trick Room|p2b: Calyrex\n|-fieldstart|move: Trick Room|[of] p2b: Calyrex\n|\n|-weather|RainDance|[upkeep]\n|upkeep\n|turn|5\n|\n|t:|1774543110\n|cant|p2a: Incineroar|slp\n|move|p2b: Calyrex|Glacial Lance|p1a: Brute Bonnet|[spread] p1a,p1b\n|-supereffective|p1a: Brute Bonnet\n|-damage|p1a: Brute Bonnet|30/100\n|-damage|p1b: raging dingus|62/100\n|move|p1a: Brute Bonnet|Spore|p2b: Calyrex\n|-status|p2b: Calyrex|slp|[from] move: Spore\n|move|p1b: raging dingus|Thunderbolt|p2a: Incineroar\n|-damage|p2a: Incineroar|63/100 slp\n|\n|-weather|RainDance|[upkeep]\n|upkeep\n|turn|6\n|c|\u2606benniOVY|holy shit\n|c|\u2606benniOVY|these sleep turns are some of the worst luck ive ever had\n|\n|t:|1774543127\n|move|p1a: Brute Bonnet|Sucker Punch|p2b: Calyrex\n|-supereffective|p2b: Calyrex\n|-damage|p2b: Calyrex|85/100 slp\n|cant|p2b: Calyrex|slp\n|-curestatus|p2a: Incineroar|slp|[msg]\n|move|p2a: Incineroar|Parting Shot|p1b: raging dingus\n|-unboost|p1b: raging dingus|atk|1\n|-unboost|p1b: raging dingus|spa|1\n|\n|t:|1774543133\n|switch|p2a: Kyogre|Kyogre, L50|100/100|[from] Parting Shot\n|move|p1b: raging dingus|Thunderbolt|p2b: Calyrex\n|-damage|p2b: Calyrex|66/100 slp\n|\n|-weather|RainDance|[upkeep]\n|-heal|p2b: Calyrex|72/100 slp|[from] item: Leftovers\n|upkeep\n|turn|7\n|c|\u2606benniOVY|cmon big man caly\n|\n|t:|1774543150\n|switch|p2a: Incineroar|Incineroar, L50, M|63/100\n|-ability|p2a: Incineroar|Intimidate|boost\n|-unboost|p1a: Brute Bonnet|atk|1\n|-unboost|p1b: raging dingus|atk|1\n|cant|p2b: Calyrex|slp\n|move|p1a: Brute Bonnet|Spore|p2a: Incineroar\n|-status|p2a: Incineroar|slp|[from] move: Spore\n|move|p1b: raging dingus|Thunderbolt|p2a: Incineroar\n|-damage|p2a: Incineroar|35/100 slp\n|\n|-weather|none\n|-heal|p2b: Calyrex|77/100 slp|[from] item: Leftovers\n|upkeep\n|turn|8\n|c|\u2606benniOVY|i belive in you\n|n|!benniOVY|benniovy\n|\n|t:|1774543161\n|move|p1a: Brute Bonnet|Sucker Punch|p2b: Calyrex\n|-supereffective|p2b: Calyrex\n|-damage|p2b: Calyrex|64/100 slp\n|move|p1b: raging dingus|Thunderclap|p2b: Calyrex\n|-damage|p2b: Calyrex|50/100 slp\n|-curestatus|p2b: Calyrex|slp|[msg]\n|move|p2b: Calyrex|Glacial Lance|p1b: raging dingus|[spread] p1a,p1b\n|-supereffective|p1a: Brute Bonnet\n|-damage|p1a: Brute Bonnet|0 fnt\n|-damage|p1b: raging dingus|17/100\n|faint|p1a: Brute Bonnet\n|-end|p1a: Brute Bonnet|Protosynthesis|[silent]\n|-ability|p2b: Calyrex|Chilling Neigh|boost\n|-boost|p2b: Calyrex|atk|1\n|cant|p2a: Incineroar|slp\n|\n|-heal|p2b: Calyrex|56/100|[from] item: Leftovers\n|-sideend|p2: benniOVY|Reflect\n|-fieldend|move: Trick Room\n|upkeep\n|\n|t:|1774543182\n|switch|p1a: Calyrex|Calyrex-Shadow, L50|100/100\n|-ability|p1a: Calyrex|As One\n|-ability|p1a: Calyrex|Unnerve\n|turn|9\n|\n|t:|1774543195\n|move|p2b: Calyrex|Protect|p2b: Calyrex\n|-singleturn|p2b: Calyrex|Protect\n|move|p1a: Calyrex|Astral Barrage|p2a: Incineroar|[spread] p2a\n|-activate|p2b: Calyrex|move: Protect\n|-resisted|p2a: Incineroar\n|-damage|p2a: Incineroar|17/100 slp\n|move|p1b: raging dingus|Thunderbolt|p2b: Calyrex\n|-activate|p2b: Calyrex|move: Protect\n|cant|p2a: Incineroar|slp\n|\n|-heal|p2b: Calyrex|62/100|[from] item: Leftovers\n|-sideend|p2: benniOVY|move: Light Screen\n|upkeep\n|turn|10\n|\n|t:|1774543213\n|-terastallize|p2b: Calyrex|Fairy\n|-curestatus|p2a: Incineroar|slp|[msg]\n|move|p2a: Incineroar|Helping Hand|p2b: Calyrex\n|-singleturn|p2b: Calyrex|Helping Hand|[of] p2a: Incineroar\n|move|p1a: Calyrex|Astral Barrage|p2a: Incineroar|[spread] p2a,p2b\n|-resisted|p2a: Incineroar\n|-crit|p2a: Incineroar\n|-damage|p2a: Incineroar|0 fnt\n|-damage|p2b: Calyrex|27/100\n|faint|p2a: Incineroar\n|-ability|p1a: Calyrex|Grim Neigh|boost\n|-boost|p1a: Calyrex|spa|1\n|move|p1b: raging dingus|Thunderbolt|p2b: Calyrex\n|-damage|p2b: Calyrex|0 fnt\n|faint|p2b: Calyrex\n|\n|upkeep\n|-message|benniOVY forfeited.\n|\n|win|slimeslatt252\n","uploadtime":1774543157,"views":14,"formatid":"gen9vgc2026regi","rating":null,"private":0,"password":null}