{"id":"gen9vgc2026regi-2563653620","format":"[Gen 9] VGC 2026 Reg I","players":["blackred123","curfy317"],"log":"|j|\u2606blackred123\n|j|\u2606curfy317\n|t:|1774046563\n|gametype|doubles\n|player|p1|blackred123|iono-masters|1396\n|player|p2|curfy317|170|1446\n|gen|9\n|tier|[Gen 9] VGC 2026 Reg I\n|rated|\n|rule|Species Clause: Limit one of each Pok\u00e9mon\n|rule|Item Clause: Limit 1 of each item\n|clearpoke\n|poke|p1|Kyogre, L50|\n|poke|p1|Zacian-*, L50|\n|poke|p1|Clefairy, L50, F|\n|poke|p1|Tornadus, L50, M|\n|poke|p1|Landorus, L50, M|\n|poke|p1|Smeargle, L50, F|\n|poke|p2|Zacian-*, L50|\n|poke|p2|Lunala, L50|\n|poke|p2|Umbreon, L50, F|\n|poke|p2|Urshifu-*, L50, F|\n|poke|p2|Rillaboom, L50, F|\n|poke|p2|Thundurus, L50, M|\n|teampreview|4\n|inactive|Battle timer is ON: inactive players will automatically lose when time's up. (requested by curfy317)\n|inactive|blackred123 also wants the timer to be on.\n|inactive|blackred123 has 60 seconds left.\n|inactive|curfy317 has 60 seconds left.\n|\n|t:|1774046612\n|teamsize|p1|4\n|teamsize|p2|4\n|start\n|switch|p1a: Zacian|Zacian-Crowned, L50|100/100\n|switch|p1b: \u5c0f\u7b14\u7ea2\u80bf|Smeargle, L50, F, shiny|100/100\n|switch|p2a: Thundurus|Thundurus, L50, M|100/100\n|switch|p2b: Rillaboom|Rillaboom, L50, F|100/100\n|-ability|p1a: Zacian|Intrepid Sword|boost\n|-boost|p1a: Zacian|atk|1\n|-fieldstart|move: Grassy Terrain|[from] ability: Grassy Surge|[of] p2b: Rillaboom\n|turn|1\n|\n|t:|1774046629\n|move|p2b: Rillaboom|Fake Out|p1b: \u5c0f\u7b14\u7ea2\u80bf\n|-damage|p1b: \u5c0f\u7b14\u7ea2\u80bf|71/100\n|cant|p1b: \u5c0f\u7b14\u7ea2\u80bf|flinch\n|move|p2a: Thundurus|Thunder Wave|p1a: Zacian\n|-status|p1a: Zacian|par\n|move|p1a: Zacian|Behemoth Blade|p2a: Thundurus\n|-resisted|p2a: Thundurus\n|-damage|p2a: Thundurus|60/100\n|\n|-heal|p1b: \u5c0f\u7b14\u7ea2\u80bf|78/100|[from] Grassy Terrain\n|-ability|p1b: \u5c0f\u7b14\u7ea2\u80bf|Moody|boost\n|-boost|p1b: \u5c0f\u7b14\u7ea2\u80bf|atk|2\n|-unboost|p1b: \u5c0f\u7b14\u7ea2\u80bf|spd|1\n|upkeep\n|turn|2\n|inactive|blackred123 has 30 seconds left.\n|\n|t:|1774046657\n|switch|p1b: Clefairy|Clefairy, L50, F|100/100\n|move|p2a: Thundurus|Wildbolt Storm|p1a: Zacian|[spread] p1a,p1b\n|-damage|p1a: Zacian|81/100 par\n|-damage|p1b: Clefairy|70/100\n|move|p2b: Rillaboom|Drum Beating|p1b: Clefairy\n|-damage|p1b: Clefairy|34/100\n|-unboost|p1b: Clefairy|spe|1\n|move|p1a: Zacian|Play Rough|p2a: Thundurus\n|-damage|p2a: Thundurus|0 fnt\n|faint|p2a: Thundurus\n|\n|-heal|p1a: Zacian|87/100 par|[from] Grassy Terrain\n|-heal|p1b: Clefairy|40/100|[from] Grassy Terrain\n|upkeep\n|\n|t:|1774046676\n|switch|p2a: Lunala|Lunala, L50|100/100\n|turn|3\n|\n|t:|1774046698\n|-terastallize|p1a: Zacian|Normal\n|move|p2b: Rillaboom|Drum Beating|p1b: Clefairy\n|-damage|p1b: Clefairy|9/100\n|-unboost|p1b: Clefairy|spe|1\n|move|p2a: Lunala|Moongeist Beam|p1a: Zacian\n|-immune|p1a: Zacian\n|move|p1a: Zacian|Behemoth Blade|p2b: Rillaboom\n|-damage|p2b: Rillaboom|13/100\n|move|p1b: Clefairy|Life Dew|p1b: Clefairy|[spread] p1a,p1b\n|-heal|p1a: Zacian|100/100 par\n|-heal|p1b: Clefairy|34/100\n|\n|-heal|p2b: Rillaboom|19/100|[from] Grassy Terrain\n|-heal|p1b: Clefairy|40/100|[from] Grassy Terrain\n|upkeep\n|turn|4\n|inactive|curfy317 has 30 seconds left.\n|\n|t:|1774046724\n|switch|p1b: \u5c0f\u7b14\u7ea2\u80bf|Smeargle, L50, F, shiny|78/100\n|move|p2b: Rillaboom|U-turn|p1b: \u5c0f\u7b14\u7ea2\u80bf\n|-damage|p1b: \u5c0f\u7b14\u7ea2\u80bf|28/100\n|\n|t:|1774046729\n|switch|p2b: Zacian|Zacian-Crowned, L50|100/100|[from] U-turn\n|-ability|p2b: Zacian|Intrepid Sword|boost\n|-boost|p2b: Zacian|atk|1\n|move|p2a: Lunala|Meteor Beam||[still]\n|-prepare|p2a: Lunala|Meteor Beam\n|-boost|p2a: Lunala|spa|1\n|-enditem|p2a: Lunala|Power Herb\n|-anim|p2a: Lunala|Meteor Beam|p1a: Zacian|[miss]\n|-miss|p2a: Lunala|p1a: Zacian\n|move|p1a: Zacian|Behemoth Blade|p2b: Zacian\n|-damage|p2b: Zacian|31/100\n|\n|-heal|p2b: Zacian|37/100|[from] Grassy Terrain\n|-heal|p1b: \u5c0f\u7b14\u7ea2\u80bf|34/100|[from] Grassy Terrain\n|-ability|p1b: \u5c0f\u7b14\u7ea2\u80bf|Moody|boost\n|-boost|p1b: \u5c0f\u7b14\u7ea2\u80bf|spe|2\n|-unboost|p1b: \u5c0f\u7b14\u7ea2\u80bf|def|1\n|upkeep\n|turn|5\n|\n|t:|1774046751\n|move|p2b: Zacian|Protect|p2b: Zacian\n|-singleturn|p2b: Zacian|Protect\n|move|p1b: \u5c0f\u7b14\u7ea2\u80bf|Spore|p2a: Lunala\n|-status|p2a: Lunala|slp|[from] move: Spore\n|cant|p2a: Lunala|slp\n|cant|p1a: Zacian|par\n|\n|-heal|p1b: \u5c0f\u7b14\u7ea2\u80bf|41/100|[from] Grassy Terrain\n|-heal|p2b: Zacian|43/100|[from] Grassy Terrain\n|-fieldend|move: Grassy Terrain\n|-ability|p1b: \u5c0f\u7b14\u7ea2\u80bf|Moody|boost\n|-boost|p1b: \u5c0f\u7b14\u7ea2\u80bf|spe|2\n|-unboost|p1b: \u5c0f\u7b14\u7ea2\u80bf|atk|1\n|upkeep\n|turn|6\n|\n|t:|1774046771\n|switch|p2b: Rillaboom|Rillaboom, L50, F|19/100\n|-fieldstart|move: Grassy Terrain|[from] ability: Grassy Surge|[of] p2b: Rillaboom\n|move|p1b: \u5c0f\u7b14\u7ea2\u80bf|Spore|p2b: Rillaboom\n|-immune|p2b: Rillaboom\n|cant|p2a: Lunala|slp\n|move|p1a: Zacian|Behemoth Blade|p2a: Lunala\n|-damage|p2a: Lunala|68/100 slp\n|\n|-heal|p1b: \u5c0f\u7b14\u7ea2\u80bf|47/100|[from] Grassy Terrain\n|-heal|p2b: Rillaboom|25/100|[from] Grassy Terrain\n|-heal|p2a: Lunala|75/100 slp|[from] Grassy Terrain\n|-ability|p1b: \u5c0f\u7b14\u7ea2\u80bf|Moody|boost\n|-boost|p1b: \u5c0f\u7b14\u7ea2\u80bf|spe|2\n|-unboost|p1b: \u5c0f\u7b14\u7ea2\u80bf|spa|1\n|upkeep\n|turn|7\n|inactive|curfy317 has 30 seconds left.\n|\n|t:|1774046801\n|switch|p1b: Clefairy|Clefairy, L50, F|40/100\n|-terastallize|p2a: Lunala|Water\n|move|p2b: Rillaboom|Grassy Glide|p1b: Clefairy\n|-damage|p1b: Clefairy|17/100\n|cant|p2a: Lunala|slp\n|move|p1a: Zacian|Behemoth Blade|p2a: Lunala\n|-resisted|p2a: Lunala\n|-damage|p2a: Lunala|42/100 slp\n|\n|-heal|p2b: Rillaboom|32/100|[from] Grassy Terrain\n|-heal|p2a: Lunala|48/100 slp|[from] Grassy Terrain\n|-heal|p1b: Clefairy|24/100|[from] Grassy Terrain\n|upkeep\n|turn|8\n|\n|t:|1774046821\n|move|p1b: Clefairy|Protect|p1b: Clefairy\n|-singleturn|p1b: Clefairy|Protect\n|move|p2b: Rillaboom|Drum Beating|p1b: Clefairy\n|-activate|p1b: Clefairy|move: Protect\n|-curestatus|p2a: Lunala|slp|[msg]\n|move|p2a: Lunala|Expanding Force|p1a: Zacian\n|-damage|p1a: Zacian|61/100 par\n|move|p1a: Zacian|Play Rough|p2a: Lunala\n|-damage|p2a: Lunala|0 fnt\n|faint|p2a: Lunala\n|\n|-heal|p2b: Rillaboom|38/100|[from] Grassy Terrain\n|-heal|p1a: Zacian|67/100 par|[from] Grassy Terrain\n|-heal|p1b: Clefairy|30/100|[from] Grassy Terrain\n|upkeep\n|\n|t:|1774046837\n|switch|p2a: Zacian|Zacian-Crowned, L50|43/100\n|turn|9\n|\n|t:|1774046843\n|move|p1b: Clefairy|Follow Me|p1b: Clefairy\n|-singleturn|p1b: Clefairy|move: Follow Me\n|move|p2a: Zacian|Sacred Sword|p1b: Clefairy\n|-resisted|p1b: Clefairy\n|-damage|p1b: Clefairy|16/100\n|move|p2b: Rillaboom|Drum Beating|p1b: Clefairy\n|-damage|p1b: Clefairy|0 fnt\n|faint|p1b: Clefairy\n|cant|p1a: Zacian|par\n|\n|-heal|p2a: Zacian|49/100|[from] Grassy Terrain\n|-heal|p2b: Rillaboom|44/100|[from] Grassy Terrain\n|-heal|p1a: Zacian|72/100 par|[from] Grassy Terrain\n|upkeep\n|\n|t:|1774046855\n|switch|p1b: \u5c0f\u7b14\u7ea2\u80bf|Smeargle, L50, F, shiny|47/100\n|turn|10\n|\n|t:|1774046869\n|move|p1b: \u5c0f\u7b14\u7ea2\u80bf|Follow Me|p1b: \u5c0f\u7b14\u7ea2\u80bf\n|-singleturn|p1b: \u5c0f\u7b14\u7ea2\u80bf|move: Follow Me\n|move|p2a: Zacian|Sacred Sword|p1b: \u5c0f\u7b14\u7ea2\u80bf\n|-supereffective|p1b: \u5c0f\u7b14\u7ea2\u80bf\n|-damage|p1b: \u5c0f\u7b14\u7ea2\u80bf|0 fnt\n|faint|p1b: \u5c0f\u7b14\u7ea2\u80bf\n|move|p2b: Rillaboom|Drum Beating|p1a: Zacian\n|-damage|p1a: Zacian|31/100 par\n|-unboost|p1a: Zacian|spe|1\n|move|p1a: Zacian|Behemoth Blade|p2a: Zacian\n|-damage|p2a: Zacian|0 fnt\n|faint|p2a: Zacian\n|\n|-heal|p2b: Rillaboom|50/100|[from] Grassy Terrain\n|-heal|p1a: Zacian|37/100 par|[from] Grassy Terrain\n|-fieldend|move: Grassy Terrain\n|upkeep\n|-message|curfy317 forfeited.\n|\n|win|blackred123\n|raw|blackred123's rating: 1396 &rarr; <strong>1419</strong><br />(+23 for winning)\n|raw|curfy317's rating: 1446 &rarr; <strong>1423</strong><br />(-23 for losing)\n|l|\u2606curfy317\n|player|p2|\n|l|\u2606blackred123\n|player|p1|\n","uploadtime":1774047097,"views":37,"formatid":"gen9vgc2026regi","rating":1419,"private":0,"password":null}