{"id":"gen9vgc2026regi-2518319398","format":"[Gen 9] VGC 2026 Reg I","players":["yaochangzhe","Leuco9"],"log":"|j|\u2606yaochangzhe\n|j|\u2606Leuco9\n|t:|1768369412\n|gametype|doubles\n|player|p1|yaochangzhe|265|1344\n|player|p2|Leuco9|acetrainer|1269\n|gen|9\n|tier|[Gen 9] VGC 2026 Reg I\n|rated|\n|rule|Species Clause: Limit one of each Pok\u00e9mon\n|rule|Item Clause: Limit 1 of each item\n|clearpoke\n|poke|p1|Kyogre, L50|\n|poke|p1|Calyrex-Ice, L50|\n|poke|p1|Urshifu-*, L50, F|\n|poke|p1|Grimmsnarl, L50, M|\n|poke|p1|Landorus, L50, M|\n|poke|p1|Farigiraf, L50, M|\n|poke|p2|Miraidon, L50|\n|poke|p2|Terapagos, L50, M|\n|poke|p2|Ogerpon-Hearthflame, L50, F|\n|poke|p2|Iron Hands, L50|\n|poke|p2|Chien-Pao, L50|\n|poke|p2|Flutter Mane, L50|\n|teampreview|4\n|inactive|Battle timer is ON: inactive players will automatically lose when time's up. (requested by yaochangzhe)\n|\n|t:|1768369461\n|teamsize|p1|4\n|teamsize|p2|4\n|start\n|switch|p1a: Kyogre|Kyogre, L50|100/100\n|switch|p1b: Grimmsnarl|Grimmsnarl, L50, M|100/100\n|switch|p2a: Terapagos|Terapagos, L50, M|100/100\n|switch|p2b: Miraidon|Miraidon, L50|100/100\n|-activate|p2a: Terapagos|ability: Tera Shift\n|detailschange|p2a: Terapagos|Terapagos-Terastal, L50, M\n|-heal|p2a: Terapagos|100/100|[silent]\n|-fieldstart|move: Electric Terrain|[from] ability: Hadron Engine|[of] p2b: Miraidon\n|-enditem|p2a: Terapagos|Electric Seed\n|-boost|p2a: Terapagos|def|1|[from] item: Electric Seed\n|-weather|RainDance|[from] ability: Drizzle|[of] p1a: Kyogre\n|turn|1\n|inactive|yaochangzhe has 30 seconds left.\n|inactive|yaochangzhe has 20 seconds left.\n|inactive|yaochangzhe has 15 seconds left.\n|inactive|Leuco9 has 30 seconds left.\n|\n|t:|1768369502\n|switch|p1a: Calyrex|Calyrex-Ice, L50|100/100\n|-ability|p1a: Calyrex|As One\n|-ability|p1a: Calyrex|Unnerve\n|-terastallize|p2a: Terapagos|Stellar\n|detailschange|p2a: Terapagos|Terapagos-Stellar, L50, M, tera:Stellar\n|-heal|p2a: Terapagos|100/100|[silent]\n|-ability|p2a: Terapagos|Teraform Zero\n|-weather|none\n|-fieldend|move: Electric Terrain\n|move|p1b: Grimmsnarl|Taunt|p2a: Terapagos\n|-start|p2a: Terapagos|move: Taunt\n|move|p2b: Miraidon|Volt Switch|p1a: Calyrex\n|-damage|p1a: Calyrex|74/100\n|\n|t:|1768369518\n|switch|p2b: Chien-Pao|Chien-Pao, L50|100/100|[from] Volt Switch\n|-ability|p2b: Chien-Pao|Sword of Ruin\n|move|p2a: Terapagos|Tera Starstorm|p1b: Grimmsnarl|[spread] p1a,p1b\n|-damage|p1a: Calyrex|48/100\n|-damage|p1b: Grimmsnarl|62/100\n|\n|-heal|p1a: Calyrex|54/100|[from] item: Leftovers\n|upkeep\n|turn|2\n|\n|t:|1768369531\n|move|p1a: Calyrex|Protect|p1a: Calyrex\n|-singleturn|p1a: Calyrex|Protect\n|move|p1b: Grimmsnarl|Light Screen|p1b: Grimmsnarl\n|-sidestart|p1: yaochangzhe|move: Light Screen\n|move|p2b: Chien-Pao|Ice Spinner|p1b: Grimmsnarl\n|-crit|p1b: Grimmsnarl\n|-damage|p1b: Grimmsnarl|0 fnt\n|faint|p1b: Grimmsnarl\n|move|p2a: Terapagos|Tera Starstorm|p1a: Calyrex\n|-activate|p1a: Calyrex|move: Protect\n|\n|-heal|p1a: Calyrex|60/100|[from] item: Leftovers\n|upkeep\n|\n|t:|1768369541\n|switch|p1b: Urshifu|Urshifu-Rapid-Strike, L50, F|100/100\n|turn|3\n|inactive|yaochangzhe has 30 seconds left.\n|\n|t:|1768369566\n|move|p1b: Urshifu|U-turn|p2b: Chien-Pao\n|-supereffective|p2b: Chien-Pao\n|-damage|p2b: Chien-Pao|35/100\n|\n|t:|1768369568\n|switch|p1b: Kyogre|Kyogre, L50|100/100|[from] U-turn\n|-weather|RainDance|[from] ability: Drizzle|[of] p1b: Kyogre\n|move|p2b: Chien-Pao|Crunch|p1a: Calyrex\n|-supereffective|p1a: Calyrex\n|-damage|p1a: Calyrex|0 fnt\n|faint|p1a: Calyrex\n|move|p2a: Terapagos|Tera Starstorm|p1b: Kyogre\n|-crit|p1b: Kyogre\n|-damage|p1b: Kyogre|63/100\n|\n|-weather|RainDance|[upkeep]\n|-end|p2a: Terapagos|move: Taunt\n|upkeep\n|\n|t:|1768369575\n|switch|p1a: Urshifu|Urshifu-Rapid-Strike, L50, F|100/100\n|turn|4\n|\n|t:|1768369589\n|move|p2b: Chien-Pao|Sucker Punch|p1b: Kyogre\n|-damage|p1b: Kyogre|19/100\n|move|p1a: Urshifu|Close Combat|p2a: Terapagos\n|-supereffective|p2a: Terapagos\n|-damage|p2a: Terapagos|29/100\n|-unboost|p1a: Urshifu|def|1\n|-unboost|p1a: Urshifu|spd|1\n|move|p1b: Kyogre|Origin Pulse|p2b: Chien-Pao|[spread] p2a,p2b\n|-damage|p2a: Terapagos|0 fnt\n|-damage|p2b: Chien-Pao|0 fnt\n|faint|p2a: Terapagos\n|detailschange|p2: Terapagos|Terapagos, L50, M|[silent]\n|faint|p2b: Chien-Pao\n|\n|-weather|RainDance|[upkeep]\n|upkeep\n|\n|t:|1768369598\n|switch|p2b: Miraidon|Miraidon, L50|100/100\n|switch|p2a: Iron Hands|Iron Hands, L50|100/100\n|-fieldstart|move: Electric Terrain|[from] ability: Hadron Engine|[of] p2b: Miraidon\n|-activate|p2a: Iron Hands|ability: Quark Drive\n|-start|p2a: Iron Hands|quarkdriveatk\n|turn|5\n|\n|t:|1768369608\n|-terastallize|p1a: Urshifu|Ghost\n|move|p2a: Iron Hands|Fake Out|p1b: Kyogre\n|-damage|p1b: Kyogre|2/100\n|move|p2b: Miraidon|Electro Drift|p1a: Urshifu\n|-damage|p1a: Urshifu|0 fnt\n|faint|p1a: Urshifu\n|cant|p1b: Kyogre|flinch\n|\n|-weather|RainDance|[upkeep]\n|upkeep\n|turn|6\n|\n|t:|1768369617\n|move|p2b: Miraidon|Electro Drift|p1b: Kyogre\n|-supereffective|p1b: Kyogre\n|-damage|p1b: Kyogre|0 fnt\n|faint|p1b: Kyogre\n|\n|win|Leuco9\n|raw|yaochangzhe's rating: 1344 &rarr; <strong>1320</strong><br />(-24 for losing)\n|raw|Leuco9's rating: 1269 &rarr; <strong>1299</strong><br />(+30 for winning)\n|l|\u2606yaochangzhe\n|player|p1|\n|l|\u2606Leuco9\n|player|p2|\n","uploadtime":1768369830,"views":14,"formatid":"gen9vgc2026regi","rating":1299,"private":0,"password":null}