{"id":"gen9vgc2026regi-2529385416","format":"[Gen 9] VGC 2026 Reg I","players":["hiker stahl","blackred123"],"log":"|j|\u2606hiker stahl\n|j|\u2606blackred123\n|t:|1769781816\n|gametype|doubles\n|player|p1|hiker stahl|hiker-gen4|1358\n|player|p2|blackred123|iono-masters|1452\n|gen|9\n|tier|[Gen 9] VGC 2026 Reg I\n|rated|\n|rule|Species Clause: Limit one of each Pok\u00e9mon\n|rule|Item Clause: Limit 1 of each item\n|clearpoke\n|poke|p1|Groudon, L50|\n|poke|p1|Miraidon, L50|\n|poke|p1|Tatsugiri, L50, M|\n|poke|p1|Dondozo, L50, F|\n|poke|p1|Sneasler, L50, M|\n|poke|p1|Garganacl, L50, F|\n|poke|p2|Calyrex-Shadow, L50|\n|poke|p2|Annihilape, L50, M|\n|poke|p2|Zamazenta-*, L50|\n|poke|p2|Tornadus, L50, M|\n|poke|p2|Rillaboom, L50, M|\n|poke|p2|Amoonguss, L50, M|\n|teampreview|4\n|inactive|Battle timer is ON: inactive players will automatically lose when time's up. (requested by blackred123)\n|\n|t:|1769781833\n|teamsize|p1|4\n|teamsize|p2|4\n|start\n|switch|p1a: Groudon|Groudon, L50, shiny|100/100\n|switch|p1b: Garganacl|Garganacl, L50, F, shiny|100/100\n|switch|p2a: \u7334|Annihilape, L50, M|100/100\n|switch|p2b: \u53cd\u6d3e\u91d1\u8c6a|Tornadus, L50, M|100/100\n|-weather|SunnyDay|[from] ability: Drought|[of] p1a: Groudon\n|turn|1\n|\n|t:|1769781850\n|move|p2b: \u53cd\u6d3e\u91d1\u8c6a|Tailwind|p2b: \u53cd\u6d3e\u91d1\u8c6a\n|-sidestart|p2: blackred123|move: Tailwind\n|move|p2a: \u7334|Final Gambit|p1b: Garganacl\n|-damage|p1b: Garganacl|0 fnt\n|faint|p2a: \u7334\n|faint|p1b: Garganacl\n|move|p1a: Groudon|Heat Crash|p2b: \u53cd\u6d3e\u91d1\u8c6a\n|-damage|p2b: \u53cd\u6d3e\u91d1\u8c6a|19/100\n|\n|-weather|SunnyDay|[upkeep]\n|upkeep\n|\n|t:|1769781857\n|switch|p2a: \u5927\u9a6c|Calyrex-Shadow, L50|100/100\n|switch|p1b: Dondozo|Dondozo, L50, F, shiny|100/100\n|-ability|p2a: \u5927\u9a6c|As One\n|-ability|p2a: \u5927\u9a6c|Unnerve\n|turn|2\n|\n|t:|1769781872\n|-terastallize|p2a: \u5927\u9a6c|Ghost\n|-terastallize|p1a: Groudon|Fire\n|move|p1b: Dondozo|Protect|p1b: Dondozo\n|-singleturn|p1b: Dondozo|Protect\n|move|p2a: \u5927\u9a6c|Astral Barrage|p1b: Dondozo|[spread] p1a\n|-activate|p1b: Dondozo|move: Protect\n|-damage|p1a: Groudon|60/100\n|move|p2b: \u53cd\u6d3e\u91d1\u8c6a|Bleakwind Storm|p1b: Dondozo|[spread] p1a\n|-activate|p1b: Dondozo|move: Protect\n|-damage|p1a: Groudon|34/100\n|move|p1a: Groudon|Heat Crash|p2a: \u5927\u9a6c\n|-enditem|p2a: \u5927\u9a6c|Focus Sash\n|-damage|p2a: \u5927\u9a6c|1/100\n|\n|-weather|SunnyDay|[upkeep]\n|upkeep\n|turn|3\n|\n|t:|1769781890\n|switch|p1a: Tatsugiri|Tatsugiri, L50, M, shiny|100/100\n|-activate|p1a: Tatsugiri|ability: Commander|[of] p1b: Dondozo\n|-boost|p1b: Dondozo|atk|2\n|-boost|p1b: Dondozo|spa|2\n|-boost|p1b: Dondozo|spe|2\n|-boost|p1b: Dondozo|def|2\n|-boost|p1b: Dondozo|spd|2\n|move|p2a: \u5927\u9a6c|Astral Barrage|p1a: Tatsugiri|[spread] p1b\n|-miss|p2a: \u5927\u9a6c|p1a: Tatsugiri\n|-damage|p1b: Dondozo|69/100\n|move|p2b: \u53cd\u6d3e\u91d1\u8c6a|Bleakwind Storm|p1a: Tatsugiri|[spread] p1b\n|-miss|p2b: \u53cd\u6d3e\u91d1\u8c6a|p1a: Tatsugiri\n|-damage|p1b: Dondozo|52/100\n|move|p1b: Dondozo|Order Up|p2a: \u5927\u9a6c\n|-damage|p2a: \u5927\u9a6c|0 fnt\n|faint|p2a: \u5927\u9a6c\n|-boost|p1b: Dondozo|atk|1\n|\n|-weather|SunnyDay|[upkeep]\n|-heal|p1b: Dondozo|58/100|[from] item: Leftovers\n|upkeep\n|\n|t:|1769781906\n|switch|p2a: \u4e8c\u72d7|Zamazenta-Crowned, L50|100/100\n|-ability|p2a: \u4e8c\u72d7|Dauntless Shield|boost\n|-boost|p2a: \u4e8c\u72d7|def|1\n|turn|4\n|\n|t:|1769781916\n|move|p1b: Dondozo|Protect|p1b: Dondozo\n|-singleturn|p1b: Dondozo|Protect\n|move|p2a: \u4e8c\u72d7|Body Press|p1b: Dondozo\n|-activate|p1b: Dondozo|move: Protect\n|move|p2b: \u53cd\u6d3e\u91d1\u8c6a|Bleakwind Storm|p1b: Dondozo|[spread] \n|-miss|p2b: \u53cd\u6d3e\u91d1\u8c6a|p1a: Tatsugiri\n|-activate|p1b: Dondozo|move: Protect\n|\n|-weather|SunnyDay|[upkeep]\n|-heal|p1b: Dondozo|65/100|[from] item: Leftovers\n|-sideend|p2: blackred123|move: Tailwind\n|upkeep\n|turn|5\n|\n|t:|1769781920\n|move|p2b: \u53cd\u6d3e\u91d1\u8c6a|Tailwind|p2b: \u53cd\u6d3e\u91d1\u8c6a\n|-sidestart|p2: blackred123|move: Tailwind\n|move|p2a: \u4e8c\u72d7|Body Press|p1b: Dondozo\n|-damage|p1b: Dondozo|48/100\n|move|p1b: Dondozo|Order Up|p2b: \u53cd\u6d3e\u91d1\u8c6a\n|-damage|p2b: \u53cd\u6d3e\u91d1\u8c6a|0 fnt\n|faint|p2b: \u53cd\u6d3e\u91d1\u8c6a\n|-boost|p1b: Dondozo|atk|1\n|\n|-weather|none\n|-heal|p1b: Dondozo|54/100|[from] item: Leftovers\n|upkeep\n|turn|6\n|\n|t:|1769781926\n|move|p1b: Dondozo|Protect|p1b: Dondozo\n|-singleturn|p1b: Dondozo|Protect\n|move|p2a: \u4e8c\u72d7|Body Press|p1b: Dondozo\n|-activate|p1b: Dondozo|move: Protect\n|\n|-heal|p1b: Dondozo|60/100|[from] item: Leftovers\n|upkeep\n|turn|7\n|-message|blackred123 forfeited.\n|\n|win|hiker stahl\n|raw|hiker stahl's rating: 1358 &rarr; <strong>1383</strong><br />(+25 for winning)\n|raw|blackred123's rating: 1452 &rarr; <strong>1427</strong><br />(-25 for losing)\n|l|\u2606blackred123\n|player|p2|\n|l|\u2606hiker stahl\n|player|p1|\n","uploadtime":1769782142,"views":17,"formatid":"gen9vgc2026regi","rating":1383,"private":0,"password":null}