{"id":"gen9vgc2026regi-2530938649","format":"[Gen 9] VGC 2026 Reg I","players":["Dustin y Steve","alexit93"],"log":"|j|\u2606Dustin y Steve\n|j|\u2606alexit93\n|t:|1769989655\n|gametype|doubles\n|player|p1|Dustin y Steve|backers|1195\n|player|p2|alexit93|lucas-gen4pt|1282\n|gen|9\n|tier|[Gen 9] VGC 2026 Reg I\n|rated|\n|rule|Species Clause: Limit one of each Pok\u00e9mon\n|rule|Item Clause: Limit 1 of each item\n|clearpoke\n|poke|p1|Kyogre, L50|\n|poke|p1|Archaludon, L50, M|\n|poke|p1|Grimmsnarl, L50, M|\n|poke|p1|Zamazenta-*, L50|\n|poke|p1|Iron Valiant, L50|\n|poke|p1|Roaring Moon, L50|\n|poke|p2|Zamazenta-*, L50|\n|poke|p2|Riolu, L50, M|\n|poke|p2|Calyrex-Ice, L50|\n|poke|p2|Rillaboom, L50, F|\n|poke|p2|Incineroar, L50, F|\n|poke|p2|Urshifu-*, L50, M|\n|teampreview|4\n|\n|t:|1769989672\n|teamsize|p1|4\n|teamsize|p2|4\n|start\n|switch|p1a: Grimmsnarl|Grimmsnarl, L50, M|100/100\n|switch|p1b: Kyogre|Kyogre, L50|100/100\n|switch|p2a: Calyrex|Calyrex-Ice, L50|100/100\n|switch|p2b: Rillaboom|Rillaboom, L50, F|100/100\n|-ability|p2a: Calyrex|As One\n|-ability|p2a: Calyrex|Unnerve\n|-weather|RainDance|[from] ability: Drizzle|[of] p1b: Kyogre\n|-fieldstart|move: Grassy Terrain|[from] ability: Grassy Surge|[of] p2b: Rillaboom\n|turn|1\n|\n|t:|1769989697\n|-terastallize|p1b: Kyogre|Water\n|move|p2b: Rillaboom|Fake Out|p1b: Kyogre\n|-damage|p1b: Kyogre|82/100\n|move|p1a: Grimmsnarl|Fake Out|p2b: Rillaboom\n|-damage|p2b: Rillaboom|88/100\n|cant|p1b: Kyogre|flinch\n|move|p2a: Calyrex|Trick Room|p2a: Calyrex\n|-fieldstart|move: Trick Room|[of] p2a: Calyrex\n|\n|-weather|RainDance|[upkeep]\n|-heal|p2b: Rillaboom|94/100|[from] Grassy Terrain\n|-heal|p1b: Kyogre|89/100|[from] Grassy Terrain\n|upkeep\n|turn|2\n|\n|t:|1769989713\n|switch|p1b: Zamazenta|Zamazenta-Crowned, L50|100/100\n|-ability|p1b: Zamazenta|Dauntless Shield|boost\n|-boost|p1b: Zamazenta|def|1\n|move|p1a: Grimmsnarl|Trick||[still]\n|-fail|p1a: Grimmsnarl\n|move|p2a: Calyrex|Glacial Lance|p1a: Grimmsnarl|[spread] p1a,p1b\n|-resisted|p1b: Zamazenta\n|-damage|p1a: Grimmsnarl|32/100\n|-damage|p1b: Zamazenta|89/100\n|move|p2b: Rillaboom|Wood Hammer|p1b: Zamazenta\n|-resisted|p1b: Zamazenta\n|-damage|p1b: Zamazenta|70/100\n|-damage|p2b: Rillaboom|87/100|[from] Recoil\n|\n|-weather|RainDance|[upkeep]\n|-heal|p1a: Grimmsnarl|38/100|[from] Grassy Terrain\n|-heal|p2b: Rillaboom|93/100|[from] Grassy Terrain\n|-heal|p1b: Zamazenta|76/100|[from] Grassy Terrain\n|upkeep\n|turn|3\n|inactive|Battle timer is ON: inactive players will automatically lose when time's up. (requested by Dustin y Steve)\n|\n|t:|1769989736\n|-terastallize|p2a: Calyrex|Ground\n|move|p1a: Grimmsnarl|Thunder Wave|p2a: Calyrex\n|-immune|p2a: Calyrex\n|move|p2a: Calyrex|High Horsepower|p1b: Zamazenta\n|-supereffective|p1b: Zamazenta\n|-damage|p1b: Zamazenta|23/100\n|move|p2b: Rillaboom|U-turn|p1a: Grimmsnarl\n|-damage|p1a: Grimmsnarl|11/100\n|\n|t:|1769989744\n|switch|p2b: Riolu|Riolu, L50, M|100/100|[from] U-turn\n|move|p1b: Zamazenta|Behemoth Bash|p2a: Calyrex\n|-damage|p2a: Calyrex|72/100\n|\n|-weather|RainDance|[upkeep]\n|-heal|p1a: Grimmsnarl|17/100|[from] Grassy Terrain\n|-heal|p2a: Calyrex|78/100|[from] Grassy Terrain\n|-heal|p1b: Zamazenta|29/100|[from] Grassy Terrain\n|upkeep\n|turn|4\n|\n|t:|1769989760\n|move|p1a: Grimmsnarl|Trick|p2a: Calyrex\n|-activate|p1a: Grimmsnarl|move: Trick|[of] p2a: Calyrex\n|-item|p2a: Calyrex|Iron Ball|[from] move: Trick\n|-item|p1a: Grimmsnarl|Clear Amulet|[from] move: Trick\n|move|p2b: Riolu|Coaching|p2a: Calyrex\n|-boost|p2a: Calyrex|atk|1\n|-boost|p2a: Calyrex|def|1\n|move|p2a: Calyrex|High Horsepower|p1b: Zamazenta\n|-supereffective|p1b: Zamazenta\n|-damage|p1b: Zamazenta|0 fnt\n|faint|p1b: Zamazenta\n|-ability|p2a: Calyrex|Chilling Neigh|boost\n|-boost|p2a: Calyrex|atk|1\n|\n|-weather|RainDance|[upkeep]\n|-heal|p2a: Calyrex|84/100|[from] Grassy Terrain\n|-heal|p1a: Grimmsnarl|23/100|[from] Grassy Terrain\n|upkeep\n|\n|t:|1769989770\n|switch|p1b: Iron Valiant|Iron Valiant, L50|100/100\n|-enditem|p1b: Iron Valiant|Booster Energy\n|-activate|p1b: Iron Valiant|ability: Quark Drive|[fromitem]\n|-start|p1b: Iron Valiant|quarkdrivespe\n|turn|5\n|\n|t:|1769989781\n|move|p2b: Riolu|Feint|p1b: Iron Valiant\n|-damage|p1b: Iron Valiant|92/100\n|move|p1a: Grimmsnarl|Parting Shot|p2a: Calyrex\n|-unboost|p2a: Calyrex|atk|1\n|-unboost|p2a: Calyrex|spa|1\n|\n|t:|1769989787\n|switch|p1a: Kyogre|Kyogre, L50, tera:Water|89/100|[from] Parting Shot\n|move|p2a: Calyrex|Glacial Lance|p1b: Iron Valiant|[spread] p1a,p1b\n|-resisted|p1a: Kyogre\n|-damage|p1a: Kyogre|36/100\n|-damage|p1b: Iron Valiant|0 fnt\n|faint|p1b: Iron Valiant\n|-end|p1b: Iron Valiant|Quark Drive|[silent]\n|-ability|p2a: Calyrex|Chilling Neigh|boost\n|-boost|p2a: Calyrex|atk|1\n|\n|-weather|none\n|-heal|p2a: Calyrex|90/100|[from] Grassy Terrain\n|-heal|p1a: Kyogre|43/100|[from] Grassy Terrain\n|-fieldend|move: Trick Room\n|-fieldend|move: Grassy Terrain\n|upkeep\n|\n|t:|1769989789\n|switch|p1b: Grimmsnarl|Grimmsnarl, L50, M|23/100\n|turn|6\n|\n|t:|1769989801\n|switch|p2b: Rillaboom|Rillaboom, L50, F|93/100\n|-fieldstart|move: Grassy Terrain|[from] ability: Grassy Surge|[of] p2b: Rillaboom\n|move|p2a: Calyrex|Protect|p2a: Calyrex\n|-singleturn|p2a: Calyrex|Protect\n|move|p1b: Grimmsnarl|Fake Out|p2a: Calyrex\n|-activate|p2a: Calyrex|move: Protect\n|move|p1a: Kyogre|Origin Pulse|p2a: Calyrex|[spread] p2b\n|-activate|p2a: Calyrex|move: Protect\n|-resisted|p2b: Rillaboom\n|-damage|p2b: Rillaboom|67/100\n|\n|-heal|p1a: Kyogre|49/100|[from] Grassy Terrain\n|-heal|p2b: Rillaboom|73/100|[from] Grassy Terrain\n|-heal|p1b: Grimmsnarl|29/100|[from] Grassy Terrain\n|-heal|p2a: Calyrex|96/100|[from] Grassy Terrain\n|upkeep\n|turn|7\n|\n|t:|1769989821\n|move|p2b: Rillaboom|Fake Out|p1a: Kyogre\n|-damage|p1a: Kyogre|31/100\n|move|p1b: Grimmsnarl|Trick|p1a: Kyogre\n|-activate|p1b: Grimmsnarl|move: Trick|[of] p1a: Kyogre\n|-item|p1a: Kyogre|Clear Amulet|[from] move: Trick\n|-item|p1b: Grimmsnarl|Choice Scarf|[from] move: Trick\n|cant|p1a: Kyogre|flinch\n|move|p2a: Calyrex|Trick Room|p2a: Calyrex\n|-fieldstart|move: Trick Room|[of] p2a: Calyrex\n|\n|-heal|p2a: Calyrex|100/100|[from] Grassy Terrain\n|-heal|p1b: Grimmsnarl|35/100|[from] Grassy Terrain\n|-heal|p2b: Rillaboom|79/100|[from] Grassy Terrain\n|-heal|p1a: Kyogre|37/100|[from] Grassy Terrain\n|upkeep\n|turn|8\n|-message|Dustin y Steve forfeited.\n|\n|win|alexit93\n|raw|Dustin y Steve's rating: 1195 &rarr; <strong>1176</strong><br />(-19 for losing)\n|raw|alexit93's rating: 1282 &rarr; <strong>1301</strong><br />(+19 for winning)\n|l|\u2606Dustin y Steve\n|player|p1|\n|l|\u2606alexit93\n|player|p2|\n","uploadtime":1769990059,"views":12,"formatid":"gen9vgc2026regi","rating":1176,"private":0,"password":null}