{"id":"gen9vgc2026regi-2520922762","format":"[Gen 9] VGC 2026 Reg I","players":["Nhffvcrfhvf","Coreydfgh"],"log":"|j|\u2606Nhffvcrfhvf\n|j|\u2606Coreydfgh\n|t:|1768699422\n|gametype|doubles\n|player|p1|Nhffvcrfhvf|170|1077\n|player|p2|Coreydfgh|265|1175\n|gen|9\n|tier|[Gen 9] VGC 2026 Reg I\n|rated|\n|rule|Species Clause: Limit one of each Pok\u00e9mon\n|rule|Item Clause: Limit 1 of each item\n|clearpoke\n|poke|p1|Overqwil, L50, F|\n|poke|p1|Kyogre, L50|\n|poke|p1|Calyrex-Ice, L50|\n|poke|p1|Amoonguss, L50, M|\n|poke|p1|Iron Hands, L50|\n|poke|p1|Tornadus, L50, M|\n|poke|p2|Calyrex-Ice, L50|\n|poke|p2|Brute Bonnet, L50|\n|poke|p2|Torkoal, L50, M|\n|poke|p2|Urshifu-*, L50, F|\n|poke|p2|Lunala, L50|\n|poke|p2|Iron Hands, L50|\n|teampreview|4\n|\n|t:|1768699459\n|teamsize|p1|4\n|teamsize|p2|4\n|start\n|switch|p1a: Overqwil|Overqwil, L50, F|100/100\n|switch|p1b: Calyrex|Calyrex-Ice, L50|100/100\n|switch|p2a: Calyrex|Calyrex-Ice, L50|100/100\n|switch|p2b: Brute Bonnet|Brute Bonnet, L50|100/100\n|-ability|p1b: Calyrex|As One\n|-ability|p1b: Calyrex|Unnerve\n|-ability|p2a: Calyrex|As One\n|-ability|p2a: Calyrex|Unnerve\n|-enditem|p2b: Brute Bonnet|Booster Energy\n|-activate|p2b: Brute Bonnet|ability: Protosynthesis|[fromitem]\n|-start|p2b: Brute Bonnet|protosynthesisspd\n|turn|1\n|\n|t:|1768699493\n|move|p1a: Overqwil|Throat Chop|p2a: Calyrex\n|-supereffective|p2a: Calyrex\n|-crit|p2a: Calyrex\n|-damage|p2a: Calyrex|14/100\n|-start|p2a: Calyrex|Throat Chop|[silent]\n|move|p2b: Brute Bonnet|Spore|p1b: Calyrex\n|-status|p1b: Calyrex|slp|[from] move: Spore\n|cant|p1b: Calyrex|slp\n|move|p2a: Calyrex|High Horsepower|p1a: Overqwil\n|-supereffective|p1a: Overqwil\n|-enditem|p1a: Overqwil|Focus Sash\n|-damage|p1a: Overqwil|1/100\n|\n|upkeep\n|turn|2\n|\n|t:|1768699511\n|move|p2b: Brute Bonnet|Sucker Punch||[still]\n|-fail|p2b: Brute Bonnet\n|move|p1a: Overqwil|Taunt|p2b: Brute Bonnet\n|-start|p2b: Brute Bonnet|move: Taunt\n|cant|p1b: Calyrex|slp\n|move|p2a: Calyrex|Glacial Lance|p1a: Overqwil|[spread] p1a,p1b\n|-resisted|p1b: Calyrex\n|-damage|p1a: Overqwil|0 fnt\n|-damage|p1b: Calyrex|87/100 slp\n|faint|p1a: Overqwil\n|-ability|p2a: Calyrex|Chilling Neigh|boost\n|-boost|p2a: Calyrex|atk|1\n|\n|-end|p2a: Calyrex|Throat Chop|[silent]\n|upkeep\n|\n|t:|1768699526\n|switch|p1a: Kyogre|Kyogre, L50|100/100\n|-weather|RainDance|[from] ability: Drizzle|[of] p1a: Kyogre\n|turn|3\n|\n|t:|1768699541\n|move|p2a: Calyrex|Protect|p2a: Calyrex\n|-singleturn|p2a: Calyrex|Protect\n|move|p1a: Kyogre|Origin Pulse|p2a: Calyrex|[spread] p2b\n|-activate|p2a: Calyrex|move: Protect\n|-resisted|p2b: Brute Bonnet\n|-damage|p2b: Brute Bonnet|84/100\n|move|p2b: Brute Bonnet|Seed Bomb|p1a: Kyogre\n|-supereffective|p1a: Kyogre\n|-damage|p1a: Kyogre|18/100\n|cant|p1b: Calyrex|slp\n|\n|-weather|RainDance|[upkeep]\n|upkeep\n|turn|4\n|\n|t:|1768699569\n|switch|p1a: Amoonguss|Amoonguss, L50, M|100/100\n|-terastallize|p1b: Calyrex|Water\n|move|p2b: Brute Bonnet|Sucker Punch||[still]\n|-fail|p2b: Brute Bonnet\n|-curestatus|p1b: Calyrex|slp|[msg]\n|move|p1b: Calyrex|Glacial Lance|p2a: Calyrex|[spread] p2a,p2b\n|-resisted|p2a: Calyrex\n|-supereffective|p2b: Brute Bonnet\n|-damage|p2a: Calyrex|0 fnt\n|-damage|p2b: Brute Bonnet|9/100\n|faint|p2a: Calyrex\n|-ability|p1b: Calyrex|Chilling Neigh|boost\n|-boost|p1b: Calyrex|atk|1\n|\n|-weather|RainDance|[upkeep]\n|upkeep\n|\n|t:|1768699575\n|switch|p2a: Iron Hands|Iron Hands, L50|100/100\n|turn|5\n|\n|t:|1768699597\n|move|p1b: Calyrex|Protect|p1b: Calyrex\n|-singleturn|p1b: Calyrex|Protect\n|move|p2b: Brute Bonnet|Seed Bomb|p1b: Calyrex\n|-activate|p1b: Calyrex|move: Protect\n|move|p2a: Iron Hands|Wild Charge|p1b: Calyrex\n|-activate|p1b: Calyrex|move: Protect\n|move|p1a: Amoonguss|Spore|p2a: Iron Hands\n|-status|p2a: Iron Hands|slp|[from] move: Spore\n|\n|-weather|RainDance|[upkeep]\n|-end|p2b: Brute Bonnet|move: Taunt\n|upkeep\n|turn|6\n|-message|Coreydfgh forfeited.\n|\n|win|Nhffvcrfhvf\n|raw|Nhffvcrfhvf's rating: 1077 &rarr; <strong>1113</strong><br />(+36 for winning)\n|raw|Coreydfgh's rating: 1175 &rarr; <strong>1143</strong><br />(-32 for losing)\n|l|\u2606Coreydfgh\n|player|p2|\n|l|\u2606Nhffvcrfhvf\n|player|p1|\n","uploadtime":1768699952,"views":12,"formatid":"gen9vgc2026regi","rating":1113,"private":0,"password":null}