{"id":"gen9vgc2026regi-2558852204","format":"[Gen 9] VGC 2026 Reg I","players":["Gregergdrgrdgdg","blackred123"],"log":"|j|\u2606Gregergdrgrdgdg\n|j|\u2606blackred123\n|t:|1773493465\n|gametype|doubles\n|player|p1|Gregergdrgrdgdg|102|1215\n|player|p2|blackred123|iono-masters|1227\n|gen|9\n|tier|[Gen 9] VGC 2026 Reg I\n|rated|\n|rule|Species Clause: Limit one of each Pok\u00e9mon\n|rule|Item Clause: Limit 1 of each item\n|clearpoke\n|poke|p1|Lunala, L50|\n|poke|p1|Farigiraf, L50, F|\n|poke|p1|Urshifu-*, L50, M|\n|poke|p1|Miraidon, L50|\n|poke|p1|Iron Hands, L50|\n|poke|p1|Ursaluna-Bloodmoon, L50, M|\n|poke|p2|Calyrex-Shadow, L50|\n|poke|p2|Zamazenta-*, L50|\n|poke|p2|Rillaboom, L50, M|\n|poke|p2|Ogerpon-Hearthflame, L50, F|\n|poke|p2|Tornadus, L50, M|\n|poke|p2|Smeargle, L50, M|\n|teampreview|4\n|inactive|Battle timer is ON: inactive players will automatically lose when time's up. (requested by blackred123)\n|\n|t:|1773493488\n|teamsize|p1|4\n|teamsize|p2|4\n|start\n|switch|p1a: Urshifu|Urshifu, L50, M|100/100\n|switch|p1b: Iron Hands|Iron Hands, L50|100/100\n|switch|p2a: Zamazenta|Zamazenta-Crowned, L50, shiny|100/100\n|switch|p2b: Rillaboom|Rillaboom, L50, M, shiny|100/100\n|-ability|p2a: Zamazenta|Dauntless Shield|boost\n|-boost|p2a: Zamazenta|def|1\n|-fieldstart|move: Grassy Terrain|[from] ability: Grassy Surge|[of] p2b: Rillaboom\n|turn|1\n|\n|t:|1773493507\n|move|p1b: Iron Hands|Fake Out|p2a: Zamazenta\n|-resisted|p2a: Zamazenta\n|-damage|p2a: Zamazenta|97/100\n|cant|p2a: Zamazenta|flinch\n|move|p1a: Urshifu|U-turn|p2b: Rillaboom\n|-supereffective|p2b: Rillaboom\n|-damage|p2b: Rillaboom|25/100\n|\n|t:|1773493517\n|switch|p1a: Lunala|Lunala, L50|100/100|[from] U-turn\n|move|p2b: Rillaboom|U-turn|p1a: Lunala\n|-damage|p1a: Lunala|93/100\n|\n|t:|1773493524\n|switch|p2b: Calyrex|Calyrex-Shadow, L50|100/100|[from] U-turn\n|-ability|p2b: Calyrex|As One\n|-ability|p2b: Calyrex|Unnerve\n|\n|-heal|p2a: Zamazenta|100/100|[from] Grassy Terrain\n|-heal|p1a: Lunala|99/100|[from] Grassy Terrain\n|upkeep\n|turn|2\n|\n|t:|1773493537\n|-terastallize|p2b: Calyrex|Dark\n|move|p1a: Lunala|Wide Guard|p1a: Lunala\n|-singleturn|p1a: Lunala|Wide Guard\n|move|p2b: Calyrex|Psychic|p1b: Iron Hands\n|-supereffective|p1b: Iron Hands\n|-damage|p1b: Iron Hands|22/100\n|-damage|p2b: Calyrex|91/100|[from] item: Life Orb\n|move|p2a: Zamazenta|Body Press|p1b: Iron Hands\n|-damage|p1b: Iron Hands|0 fnt\n|faint|p1b: Iron Hands\n|-end|p1b: Iron Hands|Quark Drive|[silent]\n|\n|-heal|p2b: Calyrex|97/100|[from] Grassy Terrain\n|-heal|p1a: Lunala|100/100|[from] Grassy Terrain\n|upkeep\n|\n|t:|1773493562\n|switch|p1b: Urshifu|Urshifu, L50, M|100/100\n|turn|3\n|inactive|Gregergdrgrdgdg has 30 seconds left.\n|\n|t:|1773493593\n|move|p1a: Lunala|Wide Guard|p1a: Lunala\n|-singleturn|p1a: Lunala|Wide Guard\n|move|p2b: Calyrex|Encore|p1a: Lunala\n|-start|p1a: Lunala|Encore\n|move|p2a: Zamazenta|Body Press|p1b: Urshifu\n|-supereffective|p1b: Urshifu\n|-damage|p1b: Urshifu|0 fnt\n|faint|p1b: Urshifu\n|\n|-heal|p2b: Calyrex|100/100|[from] Grassy Terrain\n|upkeep\n|\n|t:|1773493602\n|switch|p1b: Miraidon|Miraidon, L50|100/100\n|-fieldstart|move: Electric Terrain|[from] ability: Hadron Engine|[of] p1b: Miraidon\n|turn|4\n|\n|t:|1773493608\n|-terastallize|p1b: Miraidon|Fairy\n|move|p1a: Lunala|Wide Guard|p1a: Lunala\n|-singleturn|p1a: Lunala|Wide Guard\n|move|p1b: Miraidon|Dazzling Gleam|p2b: Calyrex|[spread] p2a,p2b\n|-supereffective|p2b: Calyrex\n|-damage|p2a: Zamazenta|53/100\n|-damage|p2b: Calyrex|0 fnt\n|faint|p2b: Calyrex\n|move|p2a: Zamazenta|Body Press|p1b: Miraidon\n|-resisted|p1b: Miraidon\n|-damage|p1b: Miraidon|62/100\n|\n|upkeep\n|\n|t:|1773493614\n|switch|p2b: Rillaboom|Rillaboom, L50, M, shiny|25/100\n|-fieldstart|move: Grassy Terrain|[from] ability: Grassy Surge|[of] p2b: Rillaboom\n|turn|5\n|\n|t:|1773493619\n|move|p1a: Lunala|Wide Guard|p1a: Lunala\n|-singleturn|p1a: Lunala|Wide Guard\n|move|p2b: Rillaboom|Fake Out|p1b: Miraidon\n|-damage|p1b: Miraidon|49/100\n|cant|p1b: Miraidon|flinch\n|move|p2a: Zamazenta|Heavy Slam|p1b: Miraidon\n|-supereffective|p1b: Miraidon\n|-damage|p1b: Miraidon|0 fnt\n|faint|p1b: Miraidon\n|\n|-heal|p2a: Zamazenta|59/100|[from] Grassy Terrain\n|-heal|p2b: Rillaboom|31/100|[from] Grassy Terrain\n|upkeep\n|turn|6\n|\n|t:|1773493625\n|move|p1a: Lunala|Wide Guard|p1a: Lunala\n|-singleturn|p1a: Lunala|Wide Guard\n|move|p2a: Zamazenta|Heavy Slam|p1a: Lunala\n|-damage|p1a: Lunala|85/100\n|move|p2b: Rillaboom|U-turn|p1a: Lunala\n|-damage|p1a: Lunala|70/100\n|\n|t:|1773493628\n|switch|p2b: Ogerpon|Ogerpon-Hearthflame, L50, F|100/100|[from] U-turn\n|-ability|p2b: Ogerpon|Mold Breaker\n|\n|-heal|p2a: Zamazenta|65/100|[from] Grassy Terrain\n|-heal|p1a: Lunala|76/100|[from] Grassy Terrain\n|-end|p1a: Lunala|Encore\n|upkeep\n|turn|7\n|\n|t:|1773493634\n|move|p2a: Zamazenta|Heavy Slam|p1a: Lunala\n|-damage|p1a: Lunala|39/100\n|-enditem|p1a: Lunala|Sitrus Berry|[eat]\n|-heal|p1a: Lunala|64/100|[from] item: Sitrus Berry\n|move|p2b: Ogerpon|Knock Off|p1a: Lunala\n|-supereffective|p1a: Lunala\n|-damage|p1a: Lunala|0 fnt\n|faint|p1a: Lunala\n|\n|win|blackred123\n|raw|Gregergdrgrdgdg's rating: 1215 &rarr; <strong>1191</strong><br />(-24 for losing)\n|raw|blackred123's rating: 1227 &rarr; <strong>1251</strong><br />(+24 for winning)\n|l|\u2606Gregergdrgrdgdg\n|player|p1|\n","uploadtime":1773493642,"views":18,"formatid":"gen9vgc2026regi","rating":1191,"private":0,"password":null}