{"id":"gen9vgc2026regi-2587204087","format":"[Gen 9] VGC 2026 Reg I","players":["darkest_contender","blackred123"],"log":"|j|\u2606darkest_contender\n|j|\u2606blackred123\n|t:|1776508525\n|gametype|doubles\n|player|p1|darkest_contender|cynthia-masters3|1506\n|player|p2|blackred123|iono-masters|1693\n|gen|9\n|tier|[Gen 9] VGC 2026 Reg I\n|rated|\n|rule|Species Clause: Limit one of each Pok\u00e9mon\n|rule|Item Clause: Limit 1 of each item\n|clearpoke\n|poke|p1|Calyrex-Shadow, L50|\n|poke|p1|Zamazenta-*, L50|\n|poke|p1|Ogerpon-Cornerstone, L50, F|\n|poke|p1|Flutter Mane, L50|\n|poke|p1|Whimsicott, L50, F|\n|poke|p1|Torkoal, L50, M|\n|poke|p2|Calyrex-Shadow, L50|\n|poke|p2|Zamazenta-*, L50|\n|poke|p2|Tornadus, L50, M|\n|poke|p2|Rillaboom, L50, F|\n|poke|p2|Ogerpon-Hearthflame, L50, F|\n|poke|p2|Raging Bolt, L50|\n|teampreview|4\n|inactive|Battle timer is ON: inactive players will automatically lose when time's up. (requested by blackred123)\n|\n|t:|1776508535\n|teamsize|p1|4\n|teamsize|p2|4\n|start\n|switch|p1a: Calyrex|Calyrex-Shadow, L50|100/100\n|switch|p1b: Whimsicott|Whimsicott, L50, F|100/100\n|switch|p2a: Zamazenta|Zamazenta-Crowned, L50|100/100\n|switch|p2b: Tornadus|Tornadus, L50, M|100/100\n|-ability|p1a: Calyrex|As One\n|-ability|p1a: Calyrex|Unnerve\n|-ability|p2a: Zamazenta|Dauntless Shield|boost\n|-boost|p2a: Zamazenta|def|1\n|turn|1\n|\n|t:|1776508539\n|move|p1a: Calyrex|Protect|p1a: Calyrex\n|-singleturn|p1a: Calyrex|Protect\n|move|p1b: Whimsicott|Tailwind|p1b: Whimsicott\n|-sidestart|p1: darkest_contender|move: Tailwind\n|move|p2a: Zamazenta|Heavy Slam|p1b: Whimsicott\n|-supereffective|p1b: Whimsicott\n|-damage|p1b: Whimsicott|0 fnt\n|faint|p1b: Whimsicott\n|move|p2b: Tornadus|Bleakwind Storm|p1a: Calyrex\n|-activate|p1a: Calyrex|move: Protect\n|\n|upkeep\n|\n|t:|1776508546\n|switch|p1b: Zamazenta|Zamazenta-Crowned, L50|100/100\n|-ability|p1b: Zamazenta|Dauntless Shield|boost\n|-boost|p1b: Zamazenta|def|1\n|turn|2\n|\n|t:|1776508553\n|-terastallize|p2a: Zamazenta|Water\n|move|p2b: Tornadus|Tailwind|p2b: Tornadus\n|-sidestart|p2: blackred123|move: Tailwind\n|move|p1a: Calyrex|Astral Barrage|p2a: Zamazenta|[spread] p2a,p2b\n|-damage|p2a: Zamazenta|62/100\n|-damage|p2b: Tornadus|35/100\n|move|p2a: Zamazenta|Heavy Slam|p1a: Calyrex\n|-damage|p1a: Calyrex|43/100\n|move|p1b: Zamazenta|Body Press|p2a: Zamazenta\n|-damage|p2a: Zamazenta|36/100\n|\n|upkeep\n|turn|3\n|\n|t:|1776508567\n|move|p1a: Calyrex|Protect|p1a: Calyrex\n|-singleturn|p1a: Calyrex|Protect\n|move|p2a: Zamazenta|Wide Guard|p2a: Zamazenta\n|-singleturn|p2a: Zamazenta|Wide Guard\n|move|p1b: Zamazenta|Behemoth Bash|p2b: Tornadus\n|-damage|p2b: Tornadus|0 fnt\n|faint|p2b: Tornadus\n|\n|upkeep\n|\n|t:|1776508574\n|switch|p2b: Raging Bolt|Raging Bolt, L50|100/100\n|-enditem|p2b: Raging Bolt|Booster Energy\n|-activate|p2b: Raging Bolt|ability: Protosynthesis|[fromitem]\n|-start|p2b: Raging Bolt|protosynthesisspa\n|turn|4\n|\n|t:|1776508581\n|move|p2b: Raging Bolt|Thunderclap|p1b: Zamazenta\n|-damage|p1b: Zamazenta|63/100\n|move|p1a: Calyrex|Astral Barrage|p2b: Raging Bolt|[spread] p2a,p2b\n|-damage|p2a: Zamazenta|0 fnt\n|-damage|p2b: Raging Bolt|47/100\n|faint|p2a: Zamazenta\n|-ability|p1a: Calyrex|Grim Neigh|boost\n|-boost|p1a: Calyrex|spa|1\n|move|p1b: Zamazenta|Body Press|p2b: Raging Bolt\n|-damage|p2b: Raging Bolt|0 fnt\n|faint|p2b: Raging Bolt\n|-end|p2b: Raging Bolt|Protosynthesis|[silent]\n|\n|-sideend|p1: darkest_contender|move: Tailwind\n|upkeep\n|\n|t:|1776508586\n|switch|p2b: Calyrex|Calyrex-Shadow, L50|100/100\n|-ability|p2b: Calyrex|As One\n|-ability|p2b: Calyrex|Unnerve\n|turn|5\n|\n|t:|1776508597\n|move|p1a: Calyrex|Protect|p1a: Calyrex\n|-singleturn|p1a: Calyrex|Protect\n|move|p2b: Calyrex|Psychic|p1a: Calyrex\n|-activate|p1a: Calyrex|move: Protect\n|move|p1b: Zamazenta|Behemoth Bash|p2b: Calyrex\n|-damage|p2b: Calyrex|54/100\n|\n|-sideend|p2: blackred123|move: Tailwind\n|upkeep\n|turn|6\n|\n|t:|1776508613\n|move|p1a: Calyrex|Astral Barrage|p2b: Calyrex\n|-supereffective|p2b: Calyrex\n|-damage|p2b: Calyrex|0 fnt\n|faint|p2b: Calyrex\n|\n|win|darkest_contender\n|raw|darkest_contender's rating: 1506 &rarr; <strong>1536</strong><br />(+30 for winning)\n|raw|blackred123's rating: 1693 &rarr; <strong>1663</strong><br />(-30 for losing)\n|l|\u2606blackred123\n|player|p2|\n|l|\u2606darkest_contender\n|player|p1|\n","uploadtime":1776508822,"views":8,"formatid":"gen9vgc2026regi","rating":1536,"private":0,"password":null}