{"id":"gen9vgc2026regi-2540280367","format":"[Gen 9] VGC 2026 Reg I","players":["Rypassed You","SEITA"],"log":"|j|\u2606Rypassed You\n|j|\u2606SEITA\n|t:|1771184062\n|gametype|doubles\n|player|p1|Rypassed You|drayton|1482\n|player|p2|SEITA|lucas-gen4pt|1528\n|gen|9\n|tier|[Gen 9] VGC 2026 Reg I\n|rated|\n|rule|Species Clause: Limit one of each Pok\u00e9mon\n|rule|Item Clause: Limit 1 of each item\n|clearpoke\n|poke|p1|Kyogre, L50|\n|poke|p1|Miraidon, L50|\n|poke|p1|Tornadus, L50, M|\n|poke|p1|Iron Hands, L50|\n|poke|p1|Farigiraf, L50, F|\n|poke|p1|Urshifu-*, L50, M|\n|poke|p2|Zamazenta-*, L50|\n|poke|p2|Kyogre, L50|\n|poke|p2|Wo-Chien, L50|\n|poke|p2|Grimmsnarl, L50, M|\n|poke|p2|Rhyperior, L50, M|\n|poke|p2|Ditto, L50|\n|teampreview|4\n|inactive|Battle timer is ON: inactive players will automatically lose when time's up. (requested by Rypassed You)\n|inactive|Rypassed You has 60 seconds left.\n|\n|t:|1771184103\n|teamsize|p1|4\n|teamsize|p2|4\n|start\n|switch|p1a: Dhruva|Kyogre, L50|100/100\n|switch|p1b: George|Urshifu-Rapid-Strike, L50, M|100/100\n|switch|p2a: Grimmsnarl|Grimmsnarl, L50, M|100/100\n|switch|p2b: Kyogre|Kyogre, L50|100/100\n|-weather|RainDance|[from] ability: Drizzle|[of] p1a: Dhruva\n|turn|1\n|\n|t:|1771184125\n|move|p1a: Dhruva|Protect|p1a: Dhruva\n|-singleturn|p1a: Dhruva|Protect\n|move|p2a: Grimmsnarl|Light Screen|p2a: Grimmsnarl\n|-sidestart|p2: SEITA|move: Light Screen\n|move|p1b: George|Surging Strikes|p2a: Grimmsnarl\n|-crit|p2a: Grimmsnarl\n|-damage|p2a: Grimmsnarl|72/100\n|-crit|p2a: Grimmsnarl\n|-damage|p2a: Grimmsnarl|46/100\n|-crit|p2a: Grimmsnarl\n|-damage|p2a: Grimmsnarl|17/100\n|-hitcount|p2a: Grimmsnarl|3\n|move|p2b: Kyogre|Thunder|p1b: George\n|-supereffective|p1b: George\n|-damage|p1b: George|0 fnt\n|faint|p1b: George\n|\n|-weather|RainDance|[upkeep]\n|upkeep\n|\n|t:|1771184137\n|switch|p1b: Eugene|Iron Hands, L50|100/100\n|turn|2\n|j| lunala fairy ghost\n|inactive|SEITA has 30 seconds left.\n|inactive|SEITA has 20 seconds left.\n|\n|t:|1771184173\n|switch|p1a: Natalia|Miraidon, L50|100/100\n|-fieldstart|move: Electric Terrain|[from] ability: Hadron Engine|[of] p1a: Natalia\n|-activate|p1b: Eugene|ability: Quark Drive\n|-start|p1b: Eugene|quarkdriveatk\n|move|p2b: Kyogre|Protect|p2b: Kyogre\n|-singleturn|p2b: Kyogre|Protect\n|move|p1b: Eugene|Fake Out|p2a: Grimmsnarl\n|-damage|p2a: Grimmsnarl|0 fnt\n|faint|p2a: Grimmsnarl\n|\n|-weather|RainDance|[upkeep]\n|upkeep\n|\n|t:|1771184187\n|switch|p2a: Rhyperior|Rhyperior, L50, M|100/100\n|turn|3\n|c|\u2606Rypassed You|QUARK DRIVE BOOSTED FAKE OUT\n|inactive|Rypassed You has 30 seconds left.\n|inactive|Rypassed You has 20 seconds left.\n|inactive|Rypassed You has 15 seconds left.\n|\n|t:|1771184227\n|switch|p1a: Dhruva|Kyogre, L50|100/100\n|-terastallize|p2a: Rhyperior|Water\n|-terastallize|p1b: Eugene|Bug\n|move|p2b: Kyogre|Origin Pulse|p1b: Eugene|[spread] p1b\n|-miss|p2b: Kyogre|p1a: Dhruva\n|-damage|p1b: Eugene|57/100\n|move|p2a: Rhyperior|High Horsepower|p1b: Eugene\n|-resisted|p1b: Eugene\n|-damage|p1b: Eugene|38/100\n|move|p1b: Eugene|Low Kick|p2b: Kyogre\n|-crit|p2b: Kyogre\n|-damage|p2b: Kyogre|0 fnt\n|faint|p2b: Kyogre\n|\n|-weather|RainDance|[upkeep]\n|upkeep\n|\n|t:|1771184246\n|switch|p2b: Zamazenta|Zamazenta-Crowned, L50|100/100\n|-ability|p2b: Zamazenta|Dauntless Shield|boost\n|-boost|p2b: Zamazenta|def|1\n|turn|4\n|\n|t:|1771184255\n|-end|p1b: Eugene|Quark Drive|[silent]\n|switch|p1b: Natalia|Miraidon, L50|100/100\n|-activate|p1b: Natalia|ability: Hadron Engine\n|move|p2b: Zamazenta|Body Press|p1a: Dhruva\n|-damage|p1a: Dhruva|35/100\n|move|p1a: Dhruva|Origin Pulse|p2b: Zamazenta|[spread] p2a,p2b\n|-resisted|p2a: Rhyperior\n|-damage|p2a: Rhyperior|83/100\n|-damage|p2b: Zamazenta|63/100\n|move|p2a: Rhyperior|Rock Slide|p1a: Dhruva|[spread] p1a,p1b\n|-crit|p1b: Natalia\n|-damage|p1a: Dhruva|0 fnt\n|-damage|p1b: Natalia|56/100\n|faint|p1a: Dhruva\n|\n|-weather|RainDance|[upkeep]\n|upkeep\n|\n|t:|1771184267\n|switch|p1a: Eugene|Iron Hands, L50, tera:Bug|38/100\n|-activate|p1a: Eugene|ability: Quark Drive\n|-start|p1a: Eugene|quarkdriveatk\n|turn|5\n|inactive|Rypassed You has 30 seconds left.\n|\n|t:|1771184296\n|move|p1a: Eugene|Fake Out|p2a: Rhyperior\n|-damage|p2a: Rhyperior|69/100\n|move|p1b: Natalia|Draco Meteor|p2a: Rhyperior\n|-damage|p2a: Rhyperior|7/100\n|-unboost|p1b: Natalia|spa|2\n|move|p2b: Zamazenta|Body Press|p1b: Natalia\n|-damage|p1b: Natalia|0 fnt\n|faint|p1b: Natalia\n|cant|p2a: Rhyperior|flinch\n|\n|-weather|none\n|upkeep\n|turn|6\n|-message|Rypassed You forfeited.\n|\n|win|SEITA\n|raw|Rypassed You's rating: 1482 &rarr; <strong>1465</strong><br />(-17 for losing)\n|raw|SEITA's rating: 1528 &rarr; <strong>1545</strong><br />(+17 for winning)\n|l|\u2606Rypassed You\n|player|p1|\n|l|\u2606SEITA\n|player|p2|\n|l| lunala fairy ghost\n","uploadtime":1771184498,"views":38,"formatid":"gen9vgc2026regi","rating":1465,"private":0,"password":null}