{"id":"gen9vgc2026regi-2564442975","format":"[Gen 9] VGC 2026 Reg I","players":["alexit93","noahrba"],"log":"|j|\u2606alexit93\n|j|\u2606noahrba\n|t:|1774146292\n|gametype|doubles\n|player|p1|alexit93|lucas-gen4pt|1358\n|player|p2|noahrba|cyclist|1472\n|gen|9\n|tier|[Gen 9] VGC 2026 Reg I\n|rated|\n|rule|Species Clause: Limit one of each Pok\u00e9mon\n|rule|Item Clause: Limit 1 of each item\n|clearpoke\n|poke|p1|Zamazenta-*, L50|\n|poke|p1|Chien-Pao, L50|\n|poke|p1|Calyrex-Shadow, L50|\n|poke|p1|Whimsicott, L50, F|\n|poke|p1|Rillaboom, L50, M|\n|poke|p1|Landorus, L50, M|\n|poke|p2|Miraidon, L50|\n|poke|p2|Calyrex-Ice, L50|\n|poke|p2|Landorus, L50, M|\n|poke|p2|Gouging Fire, L50|\n|poke|p2|Urshifu-*, L50, F|\n|poke|p2|Farigiraf, L50, M|\n|teampreview|4\n|inactive|Battle timer is ON: inactive players will automatically lose when time's up. (requested by noahrba)\n|inactive|noahrba has 60 seconds left.\n|\n|t:|1774146334\n|teamsize|p1|4\n|teamsize|p2|4\n|start\n|switch|p1a: Calyrex|Calyrex-Shadow, L50|100/100\n|switch|p1b: Chien-Pao|Chien-Pao, L50|100/100\n|switch|p2a: Gouging Fire|Gouging Fire, L50|100/100\n|switch|p2b: Miraidon|Miraidon, L50|100/100\n|-ability|p1a: Calyrex|As One\n|-ability|p1a: Calyrex|Unnerve\n|-fieldstart|move: Electric Terrain|[from] ability: Hadron Engine|[of] p2b: Miraidon\n|-ability|p1b: Chien-Pao|Sword of Ruin\n|-enditem|p2a: Gouging Fire|Booster Energy\n|-activate|p2a: Gouging Fire|ability: Protosynthesis|[fromitem]\n|-start|p2a: Gouging Fire|protosynthesisspe\n|turn|1\n|\n|t:|1774146350\n|switch|p2b: Farigiraf|Farigiraf, L50, M|100/100\n|-enditem|p2b: Farigiraf|Electric Seed\n|-boost|p2b: Farigiraf|def|1|[from] item: Electric Seed\n|move|p1a: Calyrex|Protect|p1a: Calyrex\n|-singleturn|p1a: Calyrex|Protect\n|move|p2a: Gouging Fire|Breaking Swipe|p1b: Chien-Pao|[spread] p1b\n|-activate|p1a: Calyrex|move: Protect\n|-damage|p1b: Chien-Pao|71/100\n|-unboost|p1b: Chien-Pao|atk|1\n|move|p1b: Chien-Pao|Ice Spinner|p2b: Farigiraf\n|-damage|p2b: Farigiraf|71/100\n|-fieldend|move: Electric Terrain\n|\n|upkeep\n|turn|2\n|\n|t:|1774146371\n|switch|p1b: Zamazenta|Zamazenta-Crowned, L50, shiny|100/100\n|-ability|p1b: Zamazenta|Dauntless Shield|boost\n|-boost|p1b: Zamazenta|def|1\n|move|p2a: Gouging Fire|Flare Blitz|p1b: Zamazenta\n|-supereffective|p1b: Zamazenta\n|-damage|p1b: Zamazenta|57/100\n|-damage|p2a: Gouging Fire|88/100|[from] Recoil\n|move|p1a: Calyrex|Astral Barrage|p2a: Gouging Fire|[spread] p2a\n|-immune|p2b: Farigiraf\n|-damage|p2a: Gouging Fire|30/100\n|move|p2b: Farigiraf|Trick Room|p2b: Farigiraf\n|-fieldstart|move: Trick Room|[of] p2b: Farigiraf\n|\n|upkeep\n|turn|3\n|\n|t:|1774146388\n|move|p1b: Zamazenta|Protect|p1b: Zamazenta\n|-singleturn|p1b: Zamazenta|Protect\n|move|p1a: Calyrex|Protect|p1a: Calyrex\n|-singleturn|p1a: Calyrex|Protect\n|move|p2b: Farigiraf|Psychic|p1b: Zamazenta\n|-activate|p1b: Zamazenta|move: Protect\n|move|p2a: Gouging Fire|Flare Blitz|p1b: Zamazenta\n|-activate|p1b: Zamazenta|move: Protect\n|\n|upkeep\n|turn|4\n|\n|t:|1774146400\n|move|p2b: Farigiraf|Foul Play|p1a: Calyrex\n|-supereffective|p1a: Calyrex\n|-damage|p1a: Calyrex|28/100\n|move|p1b: Zamazenta|Body Press|p2b: Farigiraf\n|-damage|p2b: Farigiraf|27/100\n|move|p1a: Calyrex|Astral Barrage|p2a: Gouging Fire|[spread] p2a\n|-immune|p2b: Farigiraf\n|-damage|p2a: Gouging Fire|0 fnt\n|faint|p2a: Gouging Fire\n|-end|p2a: Gouging Fire|Protosynthesis|[silent]\n|-ability|p1a: Calyrex|Grim Neigh|boost\n|-boost|p1a: Calyrex|spa|1\n|\n|upkeep\n|\n|t:|1774146408\n|switch|p2a: Calyrex|Calyrex-Ice, L50|100/100\n|-ability|p2a: Calyrex|As One\n|-ability|p2a: Calyrex|Unnerve\n|turn|5\n|\n|t:|1774146414\n|move|p1b: Zamazenta|Protect|p1b: Zamazenta\n|-singleturn|p1b: Zamazenta|Protect\n|move|p1a: Calyrex|Protect|p1a: Calyrex\n|-singleturn|p1a: Calyrex|Protect\n|move|p2a: Calyrex|High Horsepower|p1b: Zamazenta\n|-activate|p1b: Zamazenta|move: Protect\n|move|p2b: Farigiraf|Foul Play|p1a: Calyrex\n|-activate|p1a: Calyrex|move: Protect\n|\n|upkeep\n|turn|6\n|\n|t:|1774146432\n|-terastallize|p1b: Zamazenta|Dragon\n|move|p2a: Calyrex|High Horsepower|p1a: Calyrex\n|-damage|p1a: Calyrex|0 fnt\n|faint|p1a: Calyrex\n|-ability|p2a: Calyrex|Chilling Neigh|boost\n|-boost|p2a: Calyrex|atk|1\n|move|p2b: Farigiraf|Psychic|p1b: Zamazenta\n|-damage|p1b: Zamazenta|32/100\n|move|p1b: Zamazenta|Body Press|p2b: Farigiraf\n|-damage|p2b: Farigiraf|0 fnt\n|faint|p2b: Farigiraf\n|\n|-fieldend|move: Trick Room\n|upkeep\n|\n|t:|1774146442\n|switch|p1a: Chien-Pao|Chien-Pao, L50|71/100\n|switch|p2b: Miraidon|Miraidon, L50|100/100\n|-fieldstart|move: Electric Terrain|[from] ability: Hadron Engine|[of] p2b: Miraidon\n|-ability|p1a: Chien-Pao|Sword of Ruin\n|turn|7\n|\n|t:|1774146453\n|-terastallize|p2b: Miraidon|Fairy\n|move|p1a: Chien-Pao|Crunch|p2a: Calyrex\n|-supereffective|p2a: Calyrex\n|-damage|p2a: Calyrex|0 fnt\n|faint|p2a: Calyrex\n|move|p2b: Miraidon|Dazzling Gleam|p1a: Chien-Pao|[spread] p1a,p1b\n|-supereffective|p1a: Chien-Pao\n|-supereffective|p1b: Zamazenta\n|-damage|p1a: Chien-Pao|0 fnt\n|-damage|p1b: Zamazenta|0 fnt\n|faint|p1a: Chien-Pao\n|faint|p1b: Zamazenta\n|\n|upkeep\n|\n|t:|1774146458\n|switch|p1a: Rillaboom|Rillaboom, L50, M|100/100\n|-fieldstart|move: Grassy Terrain|[from] ability: Grassy Surge|[of] p1a: Rillaboom\n|turn|8\n|\n|t:|1774146461\n|move|p1a: Rillaboom|Fake Out|p2b: Miraidon\n|-damage|p2b: Miraidon|85/100\n|cant|p2b: Miraidon|flinch\n|\n|-heal|p2b: Miraidon|91/100|[from] Grassy Terrain\n|upkeep\n|turn|9\n|\n|t:|1774146464\n|move|p2b: Miraidon|Dazzling Gleam|p1a: Rillaboom\n|-damage|p1a: Rillaboom|46/100\n|move|p1a: Rillaboom|Wood Hammer|p2b: Miraidon\n|-damage|p2b: Miraidon|12/100\n|-damage|p1a: Rillaboom|19/100|[from] Recoil\n|\n|-heal|p2b: Miraidon|18/100|[from] Grassy Terrain\n|-heal|p1a: Rillaboom|25/100|[from] Grassy Terrain\n|upkeep\n|turn|10\n|\n|t:|1774146470\n|move|p1a: Rillaboom|Grassy Glide|p2b: Miraidon\n|-damage|p2b: Miraidon|0 fnt\n|faint|p2b: Miraidon\n|\n|win|alexit93\n|raw|alexit93's rating: 1358 &rarr; <strong>1384</strong><br />(+26 for winning)\n|raw|noahrba's rating: 1472 &rarr; <strong>1446</strong><br />(-26 for losing)\n|l|\u2606noahrba\n|player|p2|\n|l|\u2606alexit93\n|player|p1|\n","uploadtime":1774146678,"views":34,"formatid":"gen9vgc2026regi","rating":1384,"private":0,"password":null}