{"id":"gen9vgc2026regi-2541623207","format":"[Gen 9] VGC 2026 Reg I","players":["GojiraFanBoy","j0l0k0"],"log":"|j|\u2606GojiraFanBoy\n|j|\u2606j0l0k0\n|t:|1771353310\n|gametype|doubles\n|player|p1|GojiraFanBoy|102|1292\n|player|p2|j0l0k0|brycen|1457\n|gen|9\n|tier|[Gen 9] VGC 2026 Reg I\n|rated|\n|rule|Species Clause: Limit one of each Pok\u00e9mon\n|rule|Item Clause: Limit 1 of each item\n|clearpoke\n|poke|p1|Koraidon, L50|\n|poke|p1|Calyrex-Shadow, L50|\n|poke|p1|Gothitelle, L50, M|\n|poke|p1|Scream Tail, L50|\n|poke|p1|Amoonguss, L50, F|\n|poke|p1|Incineroar, L50, F|\n|poke|p2|Calyrex-Ice, L50|\n|poke|p2|Kyogre, L50|\n|poke|p2|Indeedee-F, L50, F|\n|poke|p2|Urshifu-*, L50, F|\n|poke|p2|Amoonguss, L50, F|\n|poke|p2|Landorus, L50, M|\n|teampreview|4\n|inactive|Battle timer is ON: inactive players will automatically lose when time's up. (requested by j0l0k0)\n|\n|t:|1771353329\n|teamsize|p1|4\n|teamsize|p2|4\n|start\n|switch|p1a: Scream Tail|Scream Tail, L50|100/100\n|switch|p1b: Gothitelle|Gothitelle, L50, M|100/100\n|switch|p2a: Kyogre|Kyogre, L50, shiny|100/100\n|switch|p2b: Urshifu|Urshifu, L50, F|100/100\n|-weather|RainDance|[from] ability: Drizzle|[of] p2a: Kyogre\n|-enditem|p1a: Scream Tail|Booster Energy\n|-activate|p1a: Scream Tail|ability: Protosynthesis|[fromitem]\n|-start|p1a: Scream Tail|protosynthesisspe\n|turn|1\n|\n|t:|1771353342\n|switch|p1b: Koraidon|Koraidon, L50|100/100\n|-weather|SunnyDay|[from] ability: Orichalcum Pulse|[of] p1b: Koraidon\n|-activate|p1b: Koraidon|Orichalcum Pulse|[source]\n|move|p1a: Scream Tail|Protect|p1a: Scream Tail\n|-singleturn|p1a: Scream Tail|Protect\n|move|p2b: Urshifu|Close Combat|p1b: Koraidon\n|-damage|p1b: Koraidon|41/100\n|-unboost|p2b: Urshifu|def|1\n|-unboost|p2b: Urshifu|spd|1\n|move|p2a: Kyogre|Water Spout|p1a: Scream Tail|[spread] p1b\n|-activate|p1a: Scream Tail|move: Protect\n|-resisted|p1b: Koraidon\n|-damage|p1b: Koraidon|24/100\n|\n|-weather|SunnyDay|[upkeep]\n|upkeep\n|turn|2\n|\n|t:|1771353366\n|move|p1a: Scream Tail|Disable|p2b: Urshifu\n|-start|p2b: Urshifu|Disable|Close Combat\n|move|p1b: Koraidon|Close Combat|p2a: Kyogre\n|-damage|p2a: Kyogre|0 fnt\n|-unboost|p1b: Koraidon|def|1\n|-unboost|p1b: Koraidon|spd|1\n|faint|p2a: Kyogre\n|-damage|p1b: Koraidon|14/100|[from] item: Life Orb\n|move|p2b: Urshifu|Wicked Blow|p1b: Koraidon\n|-resisted|p1b: Koraidon\n|-crit|p1b: Koraidon\n|-damage|p1b: Koraidon|0 fnt\n|faint|p1b: Koraidon\n|\n|-weather|SunnyDay|[upkeep]\n|upkeep\n|\n|t:|1771353379\n|switch|p1b: Incineroar|Incineroar, L50, F|100/100\n|switch|p2a: Calyrex|Calyrex-Ice, L50|100/100\n|-ability|p2a: Calyrex|As One\n|-ability|p2a: Calyrex|Unnerve\n|-ability|p1b: Incineroar|Intimidate|boost\n|-fail|p2a: Calyrex|unboost|[from] item: Clear Amulet|[of] p2a: Calyrex\n|-unboost|p2b: Urshifu|atk|1\n|turn|3\n|\n|t:|1771353391\n|-terastallize|p2b: Urshifu|Ghost\n|move|p1b: Incineroar|Fake Out|p2a: Calyrex\n|-damage|p2a: Calyrex|95/100\n|move|p1a: Scream Tail|Perish Song|p1a: Scream Tail\n|-start|p1a: Scream Tail|perish3|[silent]\n|-start|p1b: Incineroar|perish3|[silent]\n|-start|p2a: Calyrex|perish3|[silent]\n|-start|p2b: Urshifu|perish3|[silent]\n|-fieldactivate|move: Perish Song\n|move|p2b: Urshifu|Wicked Blow|p1a: Scream Tail\n|-crit|p1a: Scream Tail\n|-damage|p1a: Scream Tail|50/100\n|cant|p2a: Calyrex|flinch\n|\n|-weather|SunnyDay|[upkeep]\n|-start|p1a: Scream Tail|perish3\n|-start|p2b: Urshifu|perish3\n|-start|p1b: Incineroar|perish3\n|-start|p2a: Calyrex|perish3\n|upkeep\n|turn|4\n|\n|t:|1771353407\n|move|p1a: Scream Tail|Protect|p1a: Scream Tail\n|-singleturn|p1a: Scream Tail|Protect\n|move|p2b: Urshifu|Wicked Blow|p1a: Scream Tail\n|-crit|p1a: Scream Tail\n|-damage|p1a: Scream Tail|4/100\n|move|p1b: Incineroar|Flare Blitz|p2b: Urshifu\n|-enditem|p2b: Urshifu|Focus Sash\n|-damage|p2b: Urshifu|1/100\n|-status|p2b: Urshifu|brn\n|-damage|p1b: Incineroar|72/100|[from] Recoil\n|move|p2a: Calyrex|Trick Room|p2a: Calyrex\n|-fieldstart|move: Trick Room|[of] p2a: Calyrex\n|\n|-weather|SunnyDay|[upkeep]\n|-damage|p2b: Urshifu|0 fnt|[from] brn\n|faint|p2b: Urshifu\n|-start|p2a: Calyrex|perish2\n|-start|p1b: Incineroar|perish2\n|-start|p1a: Scream Tail|perish2\n|upkeep\n|\n|t:|1771353412\n|switch|p2b: Indeedee|Indeedee-F, L50, F, shiny|100/100\n|-fieldstart|move: Psychic Terrain|[from] ability: Psychic Surge|[of] p2b: Indeedee\n|turn|5\n|\n|t:|1771353429\n|-end|p1a: Scream Tail|Protosynthesis|[silent]\n|switch|p1a: Gothitelle|Gothitelle, L50, M|100/100\n|move|p1b: Incineroar|Protect|p1b: Incineroar\n|-singleturn|p1b: Incineroar|Protect\n|move|p2b: Indeedee|Follow Me|p2b: Indeedee\n|-singleturn|p2b: Indeedee|move: Follow Me\n|move|p2a: Calyrex|Glacial Lance|p1a: Gothitelle|[spread] p1a\n|-activate|p1b: Incineroar|move: Protect\n|-damage|p1a: Gothitelle|49/100\n|\n|-weather|none\n|-heal|p1a: Gothitelle|55/100|[from] item: Leftovers\n|-start|p2a: Calyrex|perish1\n|-start|p1b: Incineroar|perish1\n|upkeep\n|turn|6\n|\n|t:|1771353445\n|switch|p1b: Scream Tail|Scream Tail, L50|4/100\n|-terastallize|p1a: Gothitelle|Water\n|move|p2a: Calyrex|Close Combat|p1b: Scream Tail\n|-resisted|p1b: Scream Tail\n|-damage|p1b: Scream Tail|0 fnt\n|-unboost|p2a: Calyrex|def|1\n|-unboost|p2a: Calyrex|spd|1\n|faint|p1b: Scream Tail\n|-end|p1b: Scream Tail|Protosynthesis|[silent]\n|-ability|p2a: Calyrex|Chilling Neigh|boost\n|-boost|p2a: Calyrex|atk|1\n|move|p1a: Gothitelle|Taunt|p2b: Indeedee\n|-start|p2b: Indeedee|move: Taunt\n|move|p2b: Indeedee|Psychic|p1a: Gothitelle\n|-damage|p1a: Gothitelle|23/100\n|\n|-heal|p1a: Gothitelle|29/100|[from] item: Leftovers\n|-start|p2a: Calyrex|perish0\n|faint|p2a: Calyrex\n|upkeep\n|\n|t:|1771353463\n|switch|p1b: Incineroar|Incineroar, L50, F|72/100\n|-ability|p1b: Incineroar|Intimidate|boost\n|-unboost|p2b: Indeedee|atk|1\n|turn|7\n|c|\u2606j0l0k0|ggwp\n|\n|t:|1771353472\n|move|p1b: Incineroar|Flare Blitz|p2b: Indeedee\n|-damage|p2b: Indeedee|48/100\n|-damage|p1b: Incineroar|57/100|[from] Recoil\n|move|p1a: Gothitelle|Psychic|p2b: Indeedee\n|-resisted|p2b: Indeedee\n|-damage|p2b: Indeedee|31/100\n|move|p2b: Indeedee|Psychic|p1a: Gothitelle\n|-damage|p1a: Gothitelle|0 fnt\n|faint|p1a: Gothitelle\n|\n|upkeep\n|turn|8\n|c|\u2606GojiraFanBoy|gg\n|\n|t:|1771353482\n|move|p1b: Incineroar|Flare Blitz|p2b: Indeedee\n|-damage|p2b: Indeedee|0 fnt\n|faint|p2b: Indeedee\n|-damage|p1b: Incineroar|48/100|[from] Recoil\n|\n|win|GojiraFanBoy\n|raw|GojiraFanBoy's rating: 1292 &rarr; <strong>1328</strong><br />(+36 for winning)\n|raw|j0l0k0's rating: 1457 &rarr; <strong>1428</strong><br />(-29 for losing)\n|l|\u2606j0l0k0\n|player|p2|\n|l|\u2606GojiraFanBoy\n|player|p1|\n","uploadtime":1771353722,"views":12,"formatid":"gen9vgc2026regi","rating":1328,"private":0,"password":null}