{"id":"gen9vgc2026regi-2545827897","format":"[Gen 9] VGC 2026 Reg I","players":["j21osh","BanKingambit69247"],"log":"|j|\u2606j21osh\n|j|\u2606BanKingambit69247\n|t:|1771889525\n|gametype|doubles\n|player|p1|j21osh|169|1260\n|player|p2|BanKingambit69247|1|1393\n|gen|9\n|tier|[Gen 9] VGC 2026 Reg I\n|rated|\n|rule|Species Clause: Limit one of each Pok\u00e9mon\n|rule|Item Clause: Limit 1 of each item\n|clearpoke\n|poke|p1|Lunala, L50|\n|poke|p1|Indeedee-F, L50, F|\n|poke|p1|Koraidon, L50|\n|poke|p1|Arcanine, L50, M|\n|poke|p1|Braviary, L50, M|\n|poke|p1|Walking Wake, L50|\n|poke|p2|Calyrex-Shadow, L50|\n|poke|p2|Miraidon, L50|\n|poke|p2|Chi-Yu, L50|\n|poke|p2|Smeargle, L50, F|\n|poke|p2|Dondozo, L50, F|\n|poke|p2|Tatsugiri, L50, M|\n|teampreview|4\n|inactive|Battle timer is ON: inactive players will automatically lose when time's up. (requested by BanKingambit69247)\n|inactive|j21osh has 60 seconds left.\n|\n|t:|1771889586\n|teamsize|p1|4\n|teamsize|p2|4\n|start\n|switch|p1a: Koraidon|Koraidon, L50|100/100\n|switch|p1b: Lunala|Lunala, L50|100/100\n|switch|p2a: Calyrex|Calyrex-Shadow, L50|100/100\n|switch|p2b: Smeargle|Smeargle, L50, F|100/100\n|-ability|p2a: Calyrex|As One\n|-ability|p2a: Calyrex|Unnerve\n|-weather|SunnyDay|[from] ability: Orichalcum Pulse|[of] p1a: Koraidon\n|-activate|p1a: Koraidon|Orichalcum Pulse|[source]\n|turn|1\n|\n|t:|1771889607\n|-terastallize|p2a: Calyrex|Ghost\n|move|p1b: Lunala|Protect|p1b: Lunala\n|-singleturn|p1b: Lunala|Protect\n|move|p2b: Smeargle|Feint|p1a: Koraidon\n|-damage|p1a: Koraidon|91/100\n|move|p1a: Koraidon|Breaking Swipe|p2a: Calyrex|[spread] p2a,p2b\n|-damage|p2a: Calyrex|56/100\n|-damage|p2b: Smeargle|4/100\n|-unboost|p2a: Calyrex|atk|1\n|-unboost|p2b: Smeargle|atk|1\n|move|p2a: Calyrex|Astral Barrage|p1b: Lunala|[spread] p1a\n|-activate|p1b: Lunala|move: Protect\n|-damage|p1a: Koraidon|0 fnt\n|faint|p1a: Koraidon\n|-ability|p2a: Calyrex|Grim Neigh|boost\n|-boost|p2a: Calyrex|spa|1\n|\n|-weather|SunnyDay|[upkeep]\n|upkeep\n|\n|t:|1771889629\n|switch|p1a: Indeedee|Indeedee-F, L50, F|100/100\n|-fieldstart|move: Psychic Terrain|[from] ability: Psychic Surge|[of] p1a: Indeedee\n|-enditem|p1b: Lunala|Psychic Seed\n|-boost|p1b: Lunala|spd|1|[from] item: Psychic Seed\n|turn|2\n|\n|t:|1771889646\n|-terastallize|p1b: Lunala|Steel\n|move|p2b: Smeargle|Follow Me|p2b: Smeargle\n|-singleturn|p2b: Smeargle|move: Follow Me\n|move|p2a: Calyrex|Astral Barrage|p1a: Indeedee|[spread] p1b\n|-immune|p1a: Indeedee\n|-damage|p1b: Lunala|56/100\n|move|p1b: Lunala|Expanding Force|p2b: Smeargle|[spread] p2a,p2b\n|-damage|p2a: Calyrex|0 fnt\n|-damage|p2b: Smeargle|0 fnt\n|faint|p2a: Calyrex\n|faint|p2b: Smeargle\n|move|p1a: Indeedee|Trick Room|p1a: Indeedee\n|-fieldstart|move: Trick Room|[of] p1a: Indeedee\n|\n|-weather|SunnyDay|[upkeep]\n|upkeep\n|\n|t:|1771889653\n|switch|p2b: Tatsugiri|Tatsugiri, L50, M|100/100\n|switch|p2a: Dondozo|Dondozo, L50, F|100/100\n|-activate|p2b: Tatsugiri|ability: Commander|[of] p2a: Dondozo\n|-boost|p2a: Dondozo|atk|2\n|-boost|p2a: Dondozo|spa|2\n|-boost|p2a: Dondozo|spe|2\n|-boost|p2a: Dondozo|def|2\n|-boost|p2a: Dondozo|spd|2\n|turn|3\n|inactive|j21osh has 30 seconds left.\n|\n|t:|1771889682\n|move|p1a: Indeedee|Helping Hand|p1b: Lunala\n|-singleturn|p1b: Lunala|Helping Hand|[of] p1a: Indeedee\n|move|p2a: Dondozo|Protect|p2a: Dondozo\n|-singleturn|p2a: Dondozo|Protect\n|move|p1b: Lunala|Expanding Force|p2b: Tatsugiri|[spread] \n|-miss|p1b: Lunala|p2b: Tatsugiri\n|-activate|p2a: Dondozo|move: Protect\n|\n|-weather|SunnyDay|[upkeep]\n|upkeep\n|turn|4\n|\n|t:|1771889697\n|switch|p1b: Arcanine|Arcanine, L50, M|100/100\n|-ability|p1b: Arcanine|Intimidate|boost\n|-unboost|p2a: Dondozo|atk|1\n|-unboost|p2b: Tatsugiri|atk|1\n|move|p1a: Indeedee|Psychic|p2a: Dondozo\n|-damage|p2a: Dondozo|81/100\n|move|p2a: Dondozo|Order Up|p1a: Indeedee\n|-damage|p1a: Indeedee|68/100\n|-boost|p2a: Dondozo|atk|1\n|\n|-weather|SunnyDay|[upkeep]\n|-heal|p2a: Dondozo|87/100|[from] item: Leftovers\n|upkeep\n|turn|5\n|\n|t:|1771889722\n|switch|p1b: Lunala|Lunala, L50, tera:Steel|56/100\n|move|p2a: Dondozo|Protect|p2a: Dondozo\n|-singleturn|p2a: Dondozo|Protect\n|move|p1a: Indeedee|Psychic|p2a: Dondozo\n|-activate|p2a: Dondozo|move: Protect\n|\n|-weather|none\n|-heal|p2a: Dondozo|93/100|[from] item: Leftovers\n|upkeep\n|turn|6\n|\n|t:|1771889733\n|move|p1a: Indeedee|Helping Hand|p1b: Lunala\n|-singleturn|p1b: Lunala|Helping Hand|[of] p1a: Indeedee\n|move|p2a: Dondozo|Protect||[still]\n|-fail|p2a: Dondozo\n|move|p1b: Lunala|Expanding Force|p2a: Dondozo|[spread] p2a\n|-miss|p1b: Lunala|p2b: Tatsugiri\n|-damage|p2a: Dondozo|51/100\n|\n|-heal|p2a: Dondozo|57/100|[from] item: Leftovers\n|-fieldend|move: Trick Room\n|-fieldend|move: Psychic Terrain\n|upkeep\n|turn|7\n|\n|t:|1771889746\n|switch|p1a: Arcanine|Arcanine, L50, M|100/100\n|-ability|p1a: Arcanine|Intimidate|boost\n|-unboost|p2a: Dondozo|atk|1\n|-unboost|p2b: Tatsugiri|atk|1\n|move|p2a: Dondozo|Order Up|p1a: Arcanine\n|-damage|p1a: Arcanine|67/100\n|-boost|p2a: Dondozo|atk|1\n|move|p1b: Lunala|Calm Mind|p1b: Lunala\n|-boost|p1b: Lunala|spa|1\n|-boost|p1b: Lunala|spd|1\n|\n|-heal|p2a: Dondozo|63/100|[from] item: Leftovers\n|upkeep\n|turn|8\n|\n|t:|1771889764\n|move|p1a: Arcanine|Snarl|p2a: Dondozo|[spread] p2a\n|-miss|p1a: Arcanine|p2b: Tatsugiri\n|-damage|p2a: Dondozo|58/100\n|-unboost|p2a: Dondozo|spa|1\n|-enditem|p1a: Arcanine|Throat Spray\n|-boost|p1a: Arcanine|spa|1|[from] item: Throat Spray\n|move|p2a: Dondozo|Wave Crash|p1a: Arcanine\n|-supereffective|p1a: Arcanine\n|-damage|p1a: Arcanine|0 fnt\n|faint|p1a: Arcanine\n|-damage|p2a: Dondozo|44/100|[from] Recoil\n|move|p1b: Lunala|Calm Mind|p1b: Lunala\n|-boost|p1b: Lunala|spa|1\n|-boost|p1b: Lunala|spd|1\n|\n|-heal|p2a: Dondozo|51/100|[from] item: Leftovers\n|upkeep\n|\n|t:|1771889779\n|switch|p1a: Indeedee|Indeedee-F, L50, F|68/100\n|-fieldstart|move: Psychic Terrain|[from] ability: Psychic Surge|[of] p1a: Indeedee\n|turn|9\n|\n|t:|1771889788\n|move|p2a: Dondozo|Crunch|p1a: Indeedee\n|-supereffective|p1a: Indeedee\n|-damage|p1a: Indeedee|0 fnt\n|-damage|p2a: Dondozo|34/100|[from] item: Rocky Helmet|[of] p1a: Indeedee\n|faint|p1a: Indeedee\n|move|p1b: Lunala|Expanding Force|p2b: Tatsugiri|[spread] p2a\n|-miss|p1b: Lunala|p2b: Tatsugiri\n|-damage|p2a: Dondozo|6/100\n|\n|-heal|p2a: Dondozo|12/100|[from] item: Leftovers\n|upkeep\n|turn|10\n|\n|t:|1771889802\n|move|p2a: Dondozo|Protect|p2a: Dondozo\n|-singleturn|p2a: Dondozo|Protect\n|move|p1b: Lunala|Expanding Force|p2b: Tatsugiri|[spread] \n|-miss|p1b: Lunala|p2b: Tatsugiri\n|-activate|p2a: Dondozo|move: Protect\n|\n|-heal|p2a: Dondozo|18/100|[from] item: Leftovers\n|upkeep\n|turn|11\n|\n|t:|1771889805\n|move|p2a: Dondozo|Wave Crash|p1b: Lunala\n|-damage|p1b: Lunala|0 fnt\n|faint|p1b: Lunala\n|-damage|p2a: Dondozo|3/100|[from] Recoil\n|\n|win|BanKingambit69247\n|raw|j21osh's rating: 1260 &rarr; <strong>1244</strong><br />(-16 for losing)\n|raw|BanKingambit69247's rating: 1393 &rarr; <strong>1406</strong><br />(+13 for winning)\n|l|\u2606BanKingambit69247\n|player|p2|\n|l|\u2606j21osh\n|player|p1|\n","uploadtime":1771889808,"views":18,"formatid":"gen9vgc2026regi","rating":1244,"private":0,"password":null}