{"id":"gen9vgc2026regi-2578116035","format":"[Gen 9] VGC 2026 Reg I","players":["Constantine123","fogdocker"],"log":"|j|\u2606Constantine123\n|j|\u2606fogdocker\n|html|<table width=\"100%\"><tr><td align=\"left\">Constantine123</td><td align=\"right\">fogdocker</tr><tr><td align=\"left\"><i class=\"fa fa-circle\"></i> <i class=\"fa fa-circle-o\"></i> </td><td align=\"right\"><i class=\"fa fa-circle-o\"></i> <i class=\"fa fa-circle-o\"></i> </tr></table>\n|uhtml|bestof|<h2><strong>Game 2</strong> of <a href=\"/game-bestof3-gen9vgc2026regi-2578113703\">a best-of-3</a></h2>\n|t:|1775650058\n|gametype|doubles\n|player|p1|Constantine123|dawn|\n|player|p2|fogdocker|1|\n|gen|9\n|tier|[Gen 9] VGC 2026 Reg I\n|rated|Tournament battle\n|rule|Species Clause: Limit one of each Pok\u00e9mon\n|rule|Item Clause: Limit 1 of each item\n|raw|<div class=\"infobox\"><details class=\"readmore\" open><summary><strong>4 custom rules:</strong></summary> Open Team Sheets, Force Open Team Sheets, !Open Team Sheets, Best of = 3</details></div>\n|clearpoke\n|poke|p1|Lunala, L50|\n|poke|p1|Miraidon, L50|\n|poke|p1|Whimsicott, L50, M|\n|poke|p1|Urshifu-*, L50, M|\n|poke|p1|Incineroar, L50, F|\n|poke|p1|Ursaluna, L50, M|\n|poke|p2|Calyrex-Ice, L50|\n|poke|p2|Koraidon, L50|\n|poke|p2|Flutter Mane, L50|\n|poke|p2|Incineroar, L50, F|\n|poke|p2|Rillaboom, L50, M|\n|poke|p2|Volcarona, L50, F|\n|teampreview|4\n|showteam|p1|Lunala||ElectricSeed|ShadowShield|MoongeistBeam,Moonblast,WideGuard,TrickRoom||||||50|,,,,,Fairy]Miraidon||LifeOrb|HadronEngine|ElectroDrift,VoltSwitch,DracoMeteor,Protect||||||50|,,,,,Electric]Whimsicott||CovertCloak|Prankster|Moonblast,Encore,LightScreen,Tailwind|||M|||50|,,,,,Water]Urshifu-Rapid-Strike||ChoiceBand|UnseenFist|SurgingStrikes,CloseCombat,AquaJet,Uturn|||M|||50|,,,,,Ghost]Incineroar||AssaultVest|Intimidate|FlareBlitz,KnockOff,Uturn,FakeOut|||F|||50|,,,,,Bug]Ursaluna||FlameOrb|Guts|Facade,HeadlongRush,Earthquake,Protect|||M|||50|,,,,,Ghost\n|showteam|p2|Calyrex-Ice||Leftovers|AsOneGlastrier|GlacialLance,LeechSeed,TrickRoom,Protect||||||50|,,,,,Water]Koraidon||LifeOrb|OrichalcumPulse|Protect,CloseCombat,FlareBlitz,FlameCharge||||||50|,,,,,Fire]Flutter Mane||FocusSash|Protosynthesis|Protect,Moonblast,ShadowBall,IcyWind||||||50|,,,,,Normal]Incineroar||SafetyGoggles|Intimidate|FakeOut,FlareBlitz,KnockOff,PartingShot|||F|||50|,,,,,Bug]Rillaboom||AssaultVest|GrassySurge|FakeOut,WoodHammer,GrassyGlide,Uturn|||M|||50|,,,,,Fire]Volcarona||RockyHelmet|FlameBody|StruggleBug,FieryDance,RagePowder,Protect|||F|||50|,,,,,Grass\n|inactive|Battle timer is ON: inactive players will automatically lose when time's up. (requested by Constantine123)\n|\n|t:|1775650089\n|teamsize|p1|4\n|teamsize|p2|4\n|start\n|switch|p1a: Miraidon|Miraidon, L50|100/100\n|switch|p1b: Lunala|Lunala, L50|100/100\n|switch|p2a: Flutter Mane|Flutter Mane, L50|100/100\n|switch|p2b: Rillaboom|Rillaboom, L50, M|100/100\n|-fieldstart|move: Electric Terrain|[from] ability: Hadron Engine|[of] p1a: Miraidon\n|-enditem|p1b: Lunala|Electric Seed\n|-boost|p1b: Lunala|def|1|[from] item: Electric Seed\n|-fieldstart|move: Grassy Terrain|[from] ability: Grassy Surge|[of] p2b: Rillaboom\n|turn|1\n|\n|t:|1775650113\n|switch|p1a: Incineroar|Incineroar, L50, F|100/100\n|-ability|p1a: Incineroar|Intimidate|boost\n|-unboost|p2a: Flutter Mane|atk|1\n|-unboost|p2b: Rillaboom|atk|1\n|-terastallize|p1b: Lunala|Fairy\n|move|p2a: Flutter Mane|Moonblast|p1b: Lunala\n|-damage|p1b: Lunala|83/100\n|move|p1b: Lunala|Moongeist Beam|p2a: Flutter Mane\n|-supereffective|p2a: Flutter Mane\n|-crit|p2a: Flutter Mane\n|-enditem|p2a: Flutter Mane|Focus Sash\n|-damage|p2a: Flutter Mane|1/100\n|move|p2b: Rillaboom|Wood Hammer|p1b: Lunala\n|-damage|p1b: Lunala|58/100\n|-damage|p2b: Rillaboom|90/100|[from] Recoil\n|\n|-heal|p2a: Flutter Mane|7/100|[from] Grassy Terrain\n|-heal|p1b: Lunala|64/100|[from] Grassy Terrain\n|-heal|p2b: Rillaboom|96/100|[from] Grassy Terrain\n|upkeep\n|turn|2\n|\n|t:|1775650140\n|move|p2a: Flutter Mane|Protect|p2a: Flutter Mane\n|-singleturn|p2a: Flutter Mane|Protect\n|move|p1b: Lunala|Moongeist Beam|p2b: Rillaboom\n|-damage|p2b: Rillaboom|63/100\n|move|p2b: Rillaboom|U-turn|p1a: Incineroar\n|-damage|p1a: Incineroar|87/100\n|\n|t:|1775650147\n|switch|p2b: Koraidon|Koraidon, L50|100/100|[from] U-turn\n|-weather|SunnyDay|[from] ability: Orichalcum Pulse|[of] p2b: Koraidon\n|-activate|p2a: Flutter Mane|ability: Protosynthesis\n|-start|p2a: Flutter Mane|protosynthesisspe\n|-activate|p2b: Koraidon|Orichalcum Pulse|[source]\n|move|p1a: Incineroar|U-turn|p2a: Flutter Mane\n|-activate|p2a: Flutter Mane|move: Protect\n|\n|-weather|SunnyDay|[upkeep]\n|-heal|p2a: Flutter Mane|14/100|[from] Grassy Terrain\n|-heal|p1b: Lunala|70/100|[from] Grassy Terrain\n|-heal|p1a: Incineroar|93/100|[from] Grassy Terrain\n|upkeep\n|turn|3\n|\n|t:|1775650161\n|-terastallize|p2b: Koraidon|Fire\n|move|p2a: Flutter Mane|Moonblast|p1b: Lunala\n|-damage|p1b: Lunala|38/100\n|-unboost|p1b: Lunala|spa|1\n|move|p2b: Koraidon|Flare Blitz|p1b: Lunala\n|-damage|p1b: Lunala|0 fnt\n|faint|p1b: Lunala\n|-damage|p2b: Koraidon|84/100|[from] Recoil\n|-damage|p2b: Koraidon|74/100|[from] item: Life Orb\n|move|p1a: Incineroar|U-turn|p2a: Flutter Mane\n|-resisted|p2a: Flutter Mane\n|-damage|p2a: Flutter Mane|3/100\n|\n|t:|1775650175\n|switch|p1a: Miraidon|Miraidon, L50|100/100|[from] U-turn\n|-fieldstart|move: Electric Terrain|[from] ability: Hadron Engine|[of] p1a: Miraidon\n|\n|-weather|SunnyDay|[upkeep]\n|upkeep\n|\n|t:|1775650179\n|switch|p1b: Incineroar|Incineroar, L50, F|93/100\n|-ability|p1b: Incineroar|Intimidate|boost\n|-unboost|p2a: Flutter Mane|atk|1\n|-unboost|p2b: Koraidon|atk|1\n|turn|4\n|\n|t:|1775650185\n|switch|p2b: Rillaboom|Rillaboom, L50, M|63/100\n|-fieldstart|move: Grassy Terrain|[from] ability: Grassy Surge|[of] p2b: Rillaboom\n|move|p2a: Flutter Mane|Moonblast|p1a: Miraidon\n|-supereffective|p1a: Miraidon\n|-damage|p1a: Miraidon|13/100\n|move|p1a: Miraidon|Volt Switch|p2b: Rillaboom\n|-resisted|p2b: Rillaboom\n|-damage|p2b: Rillaboom|50/100\n|-damage|p1a: Miraidon|4/100|[from] item: Life Orb\n|\n|t:|1775650195\n|switch|p1a: Ursaluna|Ursaluna, L50, M|100/100|[from] Volt Switch\n|move|p1b: Incineroar|U-turn|p2a: Flutter Mane\n|-resisted|p2a: Flutter Mane\n|-damage|p2a: Flutter Mane|0 fnt\n|faint|p2a: Flutter Mane\n|-end|p2a: Flutter Mane|Protosynthesis|[silent]\n|\n|t:|1775650200\n|switch|p1b: Miraidon|Miraidon, L50|4/100|[from] U-turn\n|-fieldstart|move: Electric Terrain|[from] ability: Hadron Engine|[of] p1b: Miraidon\n|\n|-weather|SunnyDay|[upkeep]\n|-status|p1a: Ursaluna|brn|[from] item: Flame Orb\n|upkeep\n|\n|t:|1775650213\n|switch|p2a: Koraidon|Koraidon, L50, tera:Fire|74/100\n|-activate|p2a: Koraidon|ability: Orichalcum Pulse\n|turn|5\n|\n|t:|1775650225\n|switch|p1b: Incineroar|Incineroar, L50, F|93/100\n|-ability|p1b: Incineroar|Intimidate|boost\n|-unboost|p2a: Koraidon|atk|1\n|-unboost|p2b: Rillaboom|atk|1\n|move|p1a: Ursaluna|Protect|p1a: Ursaluna\n|-singleturn|p1a: Ursaluna|Protect\n|move|p2b: Rillaboom|Fake Out|p1b: Incineroar\n|-damage|p1b: Incineroar|85/100\n|move|p2a: Koraidon|Close Combat|p1a: Ursaluna\n|-activate|p1a: Ursaluna|move: Protect\n|\n|-weather|SunnyDay|[upkeep]\n|-damage|p1a: Ursaluna|94/100 brn|[from] brn\n|upkeep\n|turn|6\n|\n|t:|1775650240\n|switch|p1b: Miraidon|Miraidon, L50|4/100\n|-activate|p1b: Miraidon|ability: Hadron Engine\n|move|p2a: Koraidon|Protect|p2a: Koraidon\n|-singleturn|p2a: Koraidon|Protect\n|move|p2b: Rillaboom|U-turn|p1a: Ursaluna\n|-damage|p1a: Ursaluna|83/100 brn\n|\n|t:|1775650247\n|switch|p2b: Calyrex|Calyrex-Ice, L50|100/100|[from] U-turn\n|-ability|p2b: Calyrex|As One\n|-ability|p2b: Calyrex|Unnerve\n|move|p1a: Ursaluna|Facade|p2b: Calyrex\n|-damage|p2b: Calyrex|28/100\n|\n|-weather|none\n|-heal|p2b: Calyrex|34/100|[from] item: Leftovers\n|-damage|p1a: Ursaluna|77/100 brn|[from] brn\n|upkeep\n|turn|7\n|\n|t:|1775650262\n|switch|p2a: Rillaboom|Rillaboom, L50, M|50/100\n|-fieldstart|move: Grassy Terrain|[from] ability: Grassy Surge|[of] p2a: Rillaboom\n|move|p2b: Calyrex|Protect|p2b: Calyrex\n|-singleturn|p2b: Calyrex|Protect\n|move|p1b: Miraidon|Volt Switch|p2a: Rillaboom\n|-resisted|p2a: Rillaboom\n|-damage|p2a: Rillaboom|35/100\n|-damage|p1b: Miraidon|0 fnt|[from] item: Life Orb\n|faint|p1b: Miraidon\n|move|p1a: Ursaluna|Facade|p2b: Calyrex\n|-activate|p2b: Calyrex|move: Protect\n|\n|-heal|p2a: Rillaboom|41/100|[from] Grassy Terrain\n|-heal|p1a: Ursaluna|83/100 brn|[from] Grassy Terrain\n|-heal|p2b: Calyrex|40/100|[from] Grassy Terrain\n|-heal|p2b: Calyrex|45/100|[from] item: Leftovers\n|-damage|p1a: Ursaluna|77/100 brn|[from] brn\n|upkeep\n|\n|t:|1775650269\n|switch|p1b: Incineroar|Incineroar, L50, F|85/100\n|-ability|p1b: Incineroar|Intimidate|boost\n|-unboost|p2a: Rillaboom|atk|1\n|-unboost|p2b: Calyrex|atk|1\n|turn|8\n|\n|t:|1775650283\n|move|p2a: Rillaboom|Fake Out|p1b: Incineroar\n|-damage|p1b: Incineroar|78/100\n|cant|p1b: Incineroar|flinch\n|move|p1a: Ursaluna|Facade|p2b: Calyrex\n|-damage|p2b: Calyrex|0 fnt\n|faint|p2b: Calyrex\n|\n|-heal|p2a: Rillaboom|47/100|[from] Grassy Terrain\n|-heal|p1b: Incineroar|84/100|[from] Grassy Terrain\n|-heal|p1a: Ursaluna|83/100 brn|[from] Grassy Terrain\n|-damage|p1a: Ursaluna|77/100 brn|[from] brn\n|upkeep\n|\n|t:|1775650289\n|switch|p2b: Koraidon|Koraidon, L50, tera:Fire|74/100\n|-weather|SunnyDay|[from] ability: Orichalcum Pulse|[of] p2b: Koraidon\n|-activate|p2b: Koraidon|Orichalcum Pulse|[source]\n|turn|9\n|\n|t:|1775650300\n|move|p2b: Koraidon|Close Combat|p1a: Ursaluna\n|-supereffective|p1a: Ursaluna\n|-damage|p1a: Ursaluna|0 fnt\n|-unboost|p2b: Koraidon|def|1\n|-unboost|p2b: Koraidon|spd|1\n|faint|p1a: Ursaluna\n|-damage|p2b: Koraidon|64/100|[from] item: Life Orb\n|move|p2a: Rillaboom|Wood Hammer|p1b: Incineroar\n|-resisted|p1b: Incineroar\n|-damage|p1b: Incineroar|63/100\n|-damage|p2a: Rillaboom|40/100|[from] Recoil\n|move|p1b: Incineroar|Flare Blitz|p2a: Rillaboom\n|-supereffective|p2a: Rillaboom\n|-crit|p2a: Rillaboom\n|-damage|p2a: Rillaboom|0 fnt\n|faint|p2a: Rillaboom\n|-damage|p1b: Incineroar|50/100|[from] Recoil\n|\n|-weather|SunnyDay|[upkeep]\n|-heal|p2b: Koraidon|70/100|[from] Grassy Terrain\n|-heal|p1b: Incineroar|56/100|[from] Grassy Terrain\n|upkeep\n|turn|10\n|\n|t:|1775650304\n|move|p2b: Koraidon|Close Combat|p1b: Incineroar\n|-supereffective|p1b: Incineroar\n|-damage|p1b: Incineroar|0 fnt\n|-unboost|p2b: Koraidon|def|1\n|-unboost|p2b: Koraidon|spd|1\n|faint|p1b: Incineroar\n|-damage|p2b: Koraidon|60/100|[from] item: Life Orb\n|\n|win|fogdocker\n||fogdocker is ready for game 3.\n||Constantine123 is ready for game 3.\n|uhtml|next|Next: <a href=\"/battle-gen9vgc2026regi-2578118184\"><strong>Game 3 of 3</strong></a>\n|l|\u2606fogdocker\n|player|p2|\n","uploadtime":1775650579,"views":7,"formatid":"gen9vgc2026regi","rating":null,"private":0,"password":null}