{"id":"gen9vgc2026regi-2538516258","format":"[Gen 9] VGC 2026 Reg I","players":["Isefe1905","eye-zitt"],"log":"|j|\u2606Isefe1905\n|j|\u2606eye-zitt\n|t:|1770935451\n|gametype|doubles\n|player|p1|Isefe1905|169|1084\n|player|p2|eye-zitt|hilbert|1148\n|gen|9\n|tier|[Gen 9] VGC 2026 Reg I\n|rated|\n|rule|Species Clause: Limit one of each Pok\u00e9mon\n|rule|Item Clause: Limit 1 of each item\n|clearpoke\n|poke|p1|Lunala, L50|\n|poke|p1|Ursaluna, L50, M|\n|poke|p1|Urshifu-*, L50, M|\n|poke|p1|Miraidon, L50|\n|poke|p1|Grimmsnarl, L50, M|\n|poke|p1|Incineroar, L50, F|\n|poke|p2|Iron Bundle, L50|\n|poke|p2|Iron Hands, L50|\n|poke|p2|Ursaluna, L50, F|\n|poke|p2|Farigiraf, L50, F|\n|poke|p2|Ho-Oh, L50|\n|poke|p2|Miraidon, L50|\n|teampreview|4\n|inactive|Battle timer is ON: inactive players will automatically lose when time's up. (requested by eye-zitt)\n|\n|t:|1770935471\n|teamsize|p1|4\n|teamsize|p2|4\n|start\n|switch|p1a: Lunala|Lunala, L50|100/100\n|switch|p1b: Incineroar|Incineroar, L50, F|100/100\n|switch|p2a: Farigiraf|Farigiraf, L50, F, shiny|100/100\n|switch|p2b: Miraidon|Miraidon, L50, shiny|100/100\n|-fieldstart|move: Electric Terrain|[from] ability: Hadron Engine|[of] p2b: Miraidon\n|-enditem|p1a: Lunala|Electric Seed\n|-boost|p1a: Lunala|def|1|[from] item: Electric Seed\n|-enditem|p2a: Farigiraf|Electric Seed\n|-boost|p2a: Farigiraf|def|1|[from] item: Electric Seed\n|-ability|p1b: Incineroar|Intimidate|boost\n|-unboost|p2a: Farigiraf|atk|1\n|-unboost|p2b: Miraidon|atk|1\n|turn|1\n|\n|t:|1770935487\n|-terastallize|p1a: Lunala|Fairy\n|move|p2b: Miraidon|Volt Switch|p1a: Lunala\n|-damage|p1a: Lunala|75/100\n|\n|t:|1770935492\n|switch|p2b: Ursaluna|Ursaluna, L50, F, shiny|100/100|[from] Volt Switch\n|move|p1a: Lunala|Moonblast|p2b: Ursaluna\n|-damage|p2b: Ursaluna|59/100\n|move|p1b: Incineroar|Parting Shot|p2b: Ursaluna\n|-unboost|p2b: Ursaluna|atk|1\n|-unboost|p2b: Ursaluna|spa|1\n|\n|t:|1770935500\n|switch|p1b: Ursaluna|Ursaluna, L50, M|100/100|[from] Parting Shot\n|move|p2a: Farigiraf|Trick Room|p2a: Farigiraf\n|-fieldstart|move: Trick Room|[of] p2a: Farigiraf\n|\n|-status|p1b: Ursaluna|brn|[from] item: Flame Orb\n|-status|p2b: Ursaluna|brn|[from] item: Flame Orb\n|upkeep\n|turn|2\n|\n|t:|1770935513\n|move|p2a: Farigiraf|Helping Hand|p2b: Ursaluna\n|-singleturn|p2b: Ursaluna|Helping Hand|[of] p2a: Farigiraf\n|move|p1a: Lunala|Wide Guard|p1a: Lunala\n|-singleturn|p1a: Lunala|Wide Guard\n|move|p1b: Ursaluna|Earthquake|p2b: Ursaluna|[spread] p2a,p2b\n|-activate|p1a: Lunala|move: Wide Guard\n|-damage|p2a: Farigiraf|68/100\n|-damage|p2b: Ursaluna|4/100 brn\n|move|p2b: Ursaluna|Facade|p1b: Ursaluna\n|-damage|p1b: Ursaluna|4/100 brn\n|\n|-damage|p1b: Ursaluna|0 fnt|[from] brn\n|faint|p1b: Ursaluna\n|-damage|p2b: Ursaluna|0 fnt|[from] brn\n|faint|p2b: Ursaluna\n|upkeep\n|\n|t:|1770935527\n|switch|p1b: Incineroar|Incineroar, L50, F|100/100\n|switch|p2b: Iron Hands|Iron Hands, L50, shiny|100/100\n|-ability|p1b: Incineroar|Intimidate|boost\n|-unboost|p2a: Farigiraf|atk|1\n|-unboost|p2b: Iron Hands|atk|1\n|-activate|p2b: Iron Hands|ability: Quark Drive\n|-start|p2b: Iron Hands|quarkdriveatk\n|turn|3\n|\n|t:|1770935539\n|move|p2b: Iron Hands|Drain Punch|p1b: Incineroar\n|-supereffective|p1b: Incineroar\n|-damage|p1b: Incineroar|50/100\n|-damage|p2b: Iron Hands|84/100|[from] item: Rocky Helmet|[of] p1b: Incineroar\n|move|p1b: Incineroar|Knock Off|p2a: Farigiraf\n|-supereffective|p2a: Farigiraf\n|-damage|p2a: Farigiraf|42/100\n|move|p2a: Farigiraf|Psychic|p1a: Lunala\n|-damage|p1a: Lunala|49/100\n|move|p1a: Lunala|Moonblast|p2b: Iron Hands\n|-supereffective|p2b: Iron Hands\n|-damage|p2b: Iron Hands|29/100\n|-unboost|p2b: Iron Hands|spa|1\n|\n|upkeep\n|turn|4\n|\n|t:|1770935569\n|-terastallize|p2a: Farigiraf|Water\n|move|p2b: Iron Hands|Drain Punch|p1a: Lunala\n|-resisted|p1a: Lunala\n|-damage|p1a: Lunala|39/100\n|-heal|p2b: Iron Hands|34/100|[from] drain|[of] p1a: Lunala\n|move|p1b: Incineroar|Knock Off|p2a: Farigiraf\n|-damage|p2a: Farigiraf|30/100\n|move|p2a: Farigiraf|Foul Play|p1a: Lunala\n|-resisted|p1a: Lunala\n|-damage|p1a: Lunala|35/100\n|move|p1a: Lunala|Moonblast|p2b: Iron Hands\n|-supereffective|p2b: Iron Hands\n|-damage|p2b: Iron Hands|0 fnt\n|faint|p2b: Iron Hands\n|-end|p2b: Iron Hands|Quark Drive|[silent]\n|\n|upkeep\n|\n|t:|1770935571\n|switch|p2b: Miraidon|Miraidon, L50, shiny|100/100\n|-activate|p2b: Miraidon|ability: Hadron Engine\n|turn|5\n|\n|t:|1770935589\n|switch|p1a: Miraidon|Miraidon, L50|100/100\n|-activate|p1a: Miraidon|ability: Hadron Engine\n|move|p1b: Incineroar|Parting Shot|p2b: Miraidon\n|-unboost|p2b: Miraidon|atk|1\n|-unboost|p2b: Miraidon|spa|1\n|\n|t:|1770935595\n|switch|p1b: Lunala|Lunala, L50, tera:Fairy|35/100|[from] Parting Shot\n|move|p2a: Farigiraf|Foul Play|p1b: Lunala\n|-resisted|p1b: Lunala\n|-damage|p1b: Lunala|28/100\n|move|p2b: Miraidon|Dazzling Gleam|p1b: Lunala|[spread] p1a,p1b\n|-supereffective|p1a: Miraidon\n|-damage|p1a: Miraidon|78/100\n|-damage|p1b: Lunala|13/100\n|\n|-fieldend|move: Trick Room\n|-fieldend|move: Electric Terrain\n|upkeep\n|turn|6\n|\n|t:|1770935609\n|move|p2b: Miraidon|Dazzling Gleam|p1a: Miraidon|[spread] p1a,p1b\n|-supereffective|p1a: Miraidon\n|-damage|p1a: Miraidon|63/100\n|-damage|p1b: Lunala|2/100\n|move|p1a: Miraidon|Volt Switch|p2a: Farigiraf\n|-supereffective|p2a: Farigiraf\n|-damage|p2a: Farigiraf|0 fnt\n|faint|p2a: Farigiraf\n|\n|t:|1770935615\n|switch|p1a: Incineroar|Incineroar, L50, F|50/100|[from] Volt Switch\n|-ability|p1a: Incineroar|Intimidate|boost\n|-unboost|p2b: Miraidon|atk|1\n|move|p1b: Lunala|Moonblast|p2b: Miraidon\n|-supereffective|p2b: Miraidon\n|-damage|p2b: Miraidon|17/100\n|\n|upkeep\n|turn|7\n|\n|t:|1770935620\n|move|p1a: Incineroar|Fake Out|p2b: Miraidon\n|-damage|p2b: Miraidon|7/100\n|cant|p2b: Miraidon|flinch\n|move|p1b: Lunala|Moonblast|p2b: Miraidon\n|-supereffective|p2b: Miraidon\n|-damage|p2b: Miraidon|0 fnt\n|faint|p2b: Miraidon\n|\n|win|Isefe1905\n|raw|Isefe1905's rating: 1084 &rarr; <strong>1116</strong><br />(+32 for winning)\n|raw|eye-zitt's rating: 1148 &rarr; <strong>1118</strong><br />(-30 for losing)\n","uploadtime":1770935632,"views":22,"formatid":"gen9vgc2026regi","rating":1116,"private":0,"password":null}