{"id":"gen9vgc2026regi-2542074291","format":"[Gen 9] VGC 2026 Reg I","players":["wmjjqz","fogdocker"],"log":"|j|\u2606wmjjqz\n|j|\u2606fogdocker\n|t:|1771410169\n|gametype|doubles\n|player|p1|wmjjqz|furisodegirl-black|1354\n|player|p2|fogdocker|2|1439\n|gen|9\n|tier|[Gen 9] VGC 2026 Reg I\n|rated|\n|rule|Species Clause: Limit one of each Pok\u00e9mon\n|rule|Item Clause: Limit 1 of each item\n|clearpoke\n|poke|p1|Lunala, L50|\n|poke|p1|Koraidon, L50|\n|poke|p1|Flutter Mane, L50|\n|poke|p1|Brute Bonnet, L50|\n|poke|p1|Ursaluna, L50, M|\n|poke|p1|Chi-Yu, L50|\n|poke|p2|Calyrex-Ice, L50|\n|poke|p2|Koraidon, L50|\n|poke|p2|Flutter Mane, L50|\n|poke|p2|Incineroar, L50, F|\n|poke|p2|Rillaboom, L50, F|\n|poke|p2|Volcarona, L50, M|\n|teampreview|4\n|inactive|Battle timer is ON: inactive players will automatically lose when time's up. (requested by wmjjqz)\n|inactive|fogdocker has 60 seconds left.\n|\n|t:|1771410218\n|teamsize|p1|4\n|teamsize|p2|4\n|start\n|switch|p1a: T_T|Lunala, L50, shiny|100/100\n|switch|p1b: T^T|Flutter Mane, L50|100/100\n|switch|p2a: Calyrex|Calyrex-Ice, L50|100/100\n|switch|p2b: Incineroar|Incineroar, L50, F|100/100\n|-ability|p2a: Calyrex|As One\n|-ability|p2a: Calyrex|Unnerve\n|-ability|p2b: Incineroar|Intimidate|boost\n|-unboost|p1a: T_T|atk|1\n|-unboost|p1b: T^T|atk|1\n|turn|1\n|inactive|wmjjqz has 30 seconds left.\n|inactive|wmjjqz has 20 seconds left.\n|inactive|wmjjqz has 15 seconds left.\n|\n|t:|1771410261\n|switch|p2b: Rillaboom|Rillaboom, L50, F|100/100\n|-fieldstart|move: Grassy Terrain|[from] ability: Grassy Surge|[of] p2b: Rillaboom\n|-terastallize|p2a: Calyrex|Water\n|move|p1b: T^T|Shadow Ball|p2a: Calyrex\n|-damage|p2a: Calyrex|72/100\n|move|p1a: T_T|Meteor Beam||[still]\n|-prepare|p1a: T_T|Meteor Beam\n|-boost|p1a: T_T|spa|1\n|-enditem|p1a: T_T|Power Herb\n|-anim|p1a: T_T|Meteor Beam|p2b: Rillaboom\n|-damage|p2b: Rillaboom|63/100\n|move|p2a: Calyrex|Glacial Lance|p1b: T^T|[spread] p1a,p1b\n|-damage|p1a: T_T|83/100\n|-enditem|p1b: T^T|Focus Sash\n|-damage|p1b: T^T|1/100\n|\n|-heal|p1b: T^T|7/100|[from] Grassy Terrain\n|-heal|p1a: T_T|89/100|[from] Grassy Terrain\n|-heal|p2b: Rillaboom|69/100|[from] Grassy Terrain\n|-heal|p2a: Calyrex|78/100|[from] Grassy Terrain\n|-heal|p2a: Calyrex|84/100|[from] item: Leftovers\n|upkeep\n|turn|2\n|\n|t:|1771410281\n|move|p1b: T^T|Icy Wind|p2b: Rillaboom|[spread] p2a,p2b\n|-resisted|p2a: Calyrex\n|-supereffective|p2b: Rillaboom\n|-crit|p2b: Rillaboom\n|-damage|p2a: Calyrex|80/100\n|-damage|p2b: Rillaboom|42/100\n|-unboost|p2a: Calyrex|spe|1\n|-unboost|p2b: Rillaboom|spe|1\n|move|p1a: T_T|Moongeist Beam|p2a: Calyrex\n|-damage|p2a: Calyrex|28/100\n|move|p2b: Rillaboom|U-turn|p1b: T^T\n|-resisted|p1b: T^T\n|-damage|p1b: T^T|0 fnt\n|faint|p1b: T^T\n|-end|p1b: T^T|Protosynthesis|[silent]\n|\n|t:|1771410296\n|switch|p2b: Koraidon|Koraidon, L50|100/100|[from] U-turn\n|-weather|SunnyDay|[from] ability: Orichalcum Pulse|[of] p2b: Koraidon\n|-activate|p2b: Koraidon|Orichalcum Pulse|[source]\n|move|p2a: Calyrex|Leech Seed|p1a: T_T\n|-start|p1a: T_T|move: Leech Seed\n|\n|-weather|SunnyDay|[upkeep]\n|-heal|p1a: T_T|95/100|[from] Grassy Terrain\n|-heal|p2a: Calyrex|34/100|[from] Grassy Terrain\n|-heal|p2a: Calyrex|40/100|[from] item: Leftovers\n|-damage|p1a: T_T|82/100|[from] Leech Seed|[of] p2a: Calyrex\n|-heal|p2a: Calyrex|54/100|[silent]\n|upkeep\n|\n|t:|1771410301\n|switch|p1b: ^_^|Koraidon, L50, shiny|100/100\n|-activate|p1b: ^_^|ability: Orichalcum Pulse\n|turn|3\n|inactive|fogdocker has 30 seconds left.\n|inactive|fogdocker has 20 seconds left.\n|\n|t:|1771410338\n|switch|p1a: =_=|Chi-Yu, L50, shiny|100/100\n|-ability|p1a: =_=|Beads of Ruin\n|move|p1b: ^_^|Protect|p1b: ^_^\n|-singleturn|p1b: ^_^|Protect\n|move|p2b: Koraidon|Flare Blitz|p1a: =_=\n|-resisted|p1a: =_=\n|-damage|p1a: =_=|11/100\n|-damage|p2b: Koraidon|78/100|[from] Recoil\n|-damage|p2b: Koraidon|68/100|[from] item: Life Orb\n|move|p2a: Calyrex|Glacial Lance|p1a: =_=|[spread] p1a\n|-activate|p1b: ^_^|move: Protect\n|-resisted|p1a: =_=\n|-damage|p1a: =_=|0 fnt\n|faint|p1a: =_=\n|-ability|p2a: Calyrex|Chilling Neigh|boost\n|-boost|p2a: Calyrex|atk|1\n|\n|-weather|SunnyDay|[upkeep]\n|-heal|p2b: Koraidon|74/100|[from] Grassy Terrain\n|-heal|p2a: Calyrex|59/100|[from] Grassy Terrain\n|-heal|p2a: Calyrex|65/100|[from] item: Leftovers\n|upkeep\n|\n|t:|1771410351\n|switch|p1a: T_T|Lunala, L50, shiny|82/100\n|turn|4\n|\n|t:|1771410359\n|move|p1a: T_T|Wide Guard|p1a: T_T\n|-singleturn|p1a: T_T|Wide Guard\n|move|p2b: Koraidon|Close Combat|p1b: ^_^\n|-damage|p1b: ^_^|0 fnt\n|-unboost|p2b: Koraidon|def|1\n|-unboost|p2b: Koraidon|spd|1\n|faint|p1b: ^_^\n|-damage|p2b: Koraidon|64/100|[from] item: Life Orb\n|move|p2a: Calyrex|Glacial Lance|p1a: T_T\n|-activate|p1a: T_T|move: Wide Guard\n|\n|-weather|SunnyDay|[upkeep]\n|-heal|p2b: Koraidon|70/100|[from] Grassy Terrain\n|-heal|p1a: T_T|88/100|[from] Grassy Terrain\n|-heal|p2a: Calyrex|71/100|[from] Grassy Terrain\n|-heal|p2a: Calyrex|77/100|[from] item: Leftovers\n|upkeep\n|turn|5\n|-message|wmjjqz forfeited.\n|\n|win|fogdocker\n|raw|wmjjqz's rating: 1354 &rarr; <strong>1339</strong><br />(-15 for losing)\n|raw|fogdocker's rating: 1439 &rarr; <strong>1454</strong><br />(+15 for winning)\n|l|\u2606wmjjqz\n|player|p1|\n|l|\u2606fogdocker\n|player|p2|\n|j|\u2606fogdocker\n|player|p2|fogdocker|2|\n","uploadtime":1771410572,"views":11,"formatid":"gen9vgc2026regi","rating":1339,"private":0,"password":null}