{"id":"gen9vgc2026regi-2561872367","format":"[Gen 9] VGC 2026 Reg I","players":["Padhijesp","jd8erh"],"log":"|j|\u2606Padhijesp\n|j|\u2606jd8erh\n|t:|1773850842\n|gametype|doubles\n|player|p1|Padhijesp|266|1404\n|player|p2|jd8erh|266|1429\n|gen|9\n|tier|[Gen 9] VGC 2026 Reg I\n|rated|\n|rule|Species Clause: Limit one of each Pok\u00e9mon\n|rule|Item Clause: Limit 1 of each item\n|clearpoke\n|poke|p1|Lunala, L50|\n|poke|p1|Tyranitar, L50, F|\n|poke|p1|Rillaboom, L50, F|\n|poke|p1|Tornadus, L50, M|\n|poke|p1|Landorus, L50, M|\n|poke|p1|Kyogre, L50|\n|poke|p2|Miraidon, L50|\n|poke|p2|Lunala, L50|\n|poke|p2|Incineroar, L50, F|\n|poke|p2|Wo-Chien, L50|\n|poke|p2|Urshifu-*, L50, M|\n|poke|p2|Ursaluna-Bloodmoon, L50, M|\n|teampreview|4\n|inactive|Battle timer is ON: inactive players will automatically lose when time's up. (requested by jd8erh)\n|inactive|Padhijesp has 60 seconds left.\njd8erh has agreed to open team sheets.\n|\n|t:|1773850888\n|teamsize|p1|4\n|teamsize|p2|4\n|start\n|switch|p1a: Lunala|Lunala, L50|100/100\n|switch|p1b: Rillaboom|Rillaboom, L50, F|100/100\n|switch|p2a: Miraidon|Miraidon, L50|100/100\n|switch|p2b: Lunala|Lunala, L50|100/100\n|-fieldstart|move: Electric Terrain|[from] ability: Hadron Engine|[of] p2a: Miraidon\n|-enditem|p2b: Lunala|Electric Seed\n|-boost|p2b: Lunala|def|1|[from] item: Electric Seed\n|-fieldstart|move: Grassy Terrain|[from] ability: Grassy Surge|[of] p1b: Rillaboom\n|turn|1\n|\n|t:|1773850901\n|move|p2b: Lunala|Protect|p2b: Lunala\n|-singleturn|p2b: Lunala|Protect\n|move|p1b: Rillaboom|Fake Out|p2a: Miraidon\n|-damage|p2a: Miraidon|85/100\n|cant|p2a: Miraidon|flinch\n|move|p1a: Lunala|Meteor Beam||[still]\n|-prepare|p1a: Lunala|Meteor Beam\n|-boost|p1a: Lunala|spa|1\n|-enditem|p1a: Lunala|Power Herb\n|-anim|p1a: Lunala|Meteor Beam|p2b: Lunala\n|-activate|p2b: Lunala|move: Protect\n|\n|-heal|p2a: Miraidon|91/100|[from] Grassy Terrain\n|upkeep\n|turn|2\n|\n|t:|1773850908\n|-terastallize|p2b: Lunala|Fairy\n|move|p2a: Miraidon|Volt Switch|p1a: Lunala\n|-damage|p1a: Lunala|86/100\n|\n|t:|1773850912\n|switch|p2a: Wo-Chien|Wo-Chien, L50|100/100|[from] Volt Switch\n|-ability|p2a: Wo-Chien|Tablets of Ruin\n|move|p2b: Lunala|Moongeist Beam|p1a: Lunala\n|-supereffective|p1a: Lunala\n|-damage|p1a: Lunala|0 fnt\n|faint|p1a: Lunala\n|move|p1b: Rillaboom|U-turn|p2a: Wo-Chien\n|-supereffective|p2a: Wo-Chien\n|-damage|p2a: Wo-Chien|44/100\n|\n|t:|1773850918\n|switch|p1b: Landorus|Landorus, L50, M|100/100|[from] U-turn\n|\n|-heal|p2a: Wo-Chien|50/100|[from] Grassy Terrain\n|-heal|p2a: Wo-Chien|57/100|[from] item: Leftovers\n|upkeep\n|\n|t:|1773850922\n|switch|p1a: Rillaboom|Rillaboom, L50, F|100/100\n|turn|3\n|\n|t:|1773850927\n|-terastallize|p1b: Landorus|Poison\n|move|p2b: Lunala|Protect|p2b: Lunala\n|-singleturn|p2b: Lunala|Protect\n|move|p2a: Wo-Chien|Protect|p2a: Wo-Chien\n|-singleturn|p2a: Wo-Chien|Protect\n|move|p1a: Rillaboom|Fake Out|p2b: Lunala\n|-activate|p2b: Lunala|move: Protect\n|move|p1b: Landorus|Sludge Bomb|p2a: Wo-Chien\n|-activate|p2a: Wo-Chien|move: Protect\n|\n|-heal|p2a: Wo-Chien|63/100|[from] Grassy Terrain\n|-heal|p2a: Wo-Chien|69/100|[from] item: Leftovers\n|upkeep\n|turn|4\n|\n|t:|1773850935\n|move|p1b: Landorus|Sludge Bomb|p2b: Lunala\n|-supereffective|p2b: Lunala\n|-damage|p2b: Lunala|49/100\n|move|p2b: Lunala|Moongeist Beam|p1b: Landorus\n|-damage|p1b: Landorus|33/100\n|move|p1a: Rillaboom|U-turn|p2a: Wo-Chien\n|-supereffective|p2a: Wo-Chien\n|-damage|p2a: Wo-Chien|11/100\n|\n|t:|1773850937\n|switch|p1a: Kyogre|Kyogre, L50|100/100|[from] U-turn\n|-weather|RainDance|[from] ability: Drizzle|[of] p1a: Kyogre\n|move|p2a: Wo-Chien|Snarl|p1b: Landorus|[spread] p1a,p1b\n|-damage|p1a: Kyogre|90/100\n|-damage|p1b: Landorus|14/100\n|-unboost|p1a: Kyogre|spa|1\n|-unboost|p1b: Landorus|spa|1\n|\n|-weather|RainDance|[upkeep]\n|-heal|p1b: Landorus|20/100|[from] Grassy Terrain\n|-heal|p1a: Kyogre|96/100|[from] Grassy Terrain\n|-heal|p2b: Lunala|55/100|[from] Grassy Terrain\n|-heal|p2a: Wo-Chien|17/100|[from] Grassy Terrain\n|-heal|p2a: Wo-Chien|23/100|[from] item: Leftovers\n|upkeep\n|turn|5\n|\n|t:|1773850954\n|switch|p1b: Rillaboom|Rillaboom, L50, F|100/100\n|move|p1a: Kyogre|Protect|p1a: Kyogre\n|-singleturn|p1a: Kyogre|Protect\n|move|p2b: Lunala|Protect|p2b: Lunala\n|-singleturn|p2b: Lunala|Protect\n|move|p2a: Wo-Chien|Protect||[still]\n|-fail|p2a: Wo-Chien\n|\n|-weather|RainDance|[upkeep]\n|-heal|p1a: Kyogre|100/100|[from] Grassy Terrain\n|-heal|p2b: Lunala|62/100|[from] Grassy Terrain\n|-heal|p2a: Wo-Chien|30/100|[from] Grassy Terrain\n|-heal|p2a: Wo-Chien|36/100|[from] item: Leftovers\n|-fieldend|move: Grassy Terrain\n|upkeep\n|turn|6\n|\n|t:|1773850963\n|switch|p1a: Landorus|Landorus, L50, M, tera:Poison|20/100\n|move|p2b: Lunala|Moongeist Beam|p1b: Rillaboom\n|-damage|p1b: Rillaboom|55/100\n|move|p1b: Rillaboom|U-turn|p2a: Wo-Chien\n|-supereffective|p2a: Wo-Chien\n|-damage|p2a: Wo-Chien|0 fnt\n|faint|p2a: Wo-Chien\n|\n|t:|1773850964\n|switch|p1b: Kyogre|Kyogre, L50|100/100|[from] U-turn\n|\n|-weather|RainDance|[upkeep]\n|upkeep\n|\n|t:|1773850981\n|switch|p2a: Urshifu|Urshifu-Rapid-Strike, L50, M|100/100\n|turn|7\n|\n|t:|1773850988\n|move|p2a: Urshifu|Aqua Jet|p1a: Landorus\n|-damage|p1a: Landorus|0 fnt\n|faint|p1a: Landorus\n|move|p1b: Kyogre|Water Spout|p2b: Lunala|[spread] p2a,p2b\n|-resisted|p2a: Urshifu\n|-crit|p2b: Lunala\n|-damage|p2a: Urshifu|11/100\n|-damage|p2b: Lunala|0 fnt\n|faint|p2b: Lunala\n|\n|-weather|RainDance|[upkeep]\n|upkeep\n|\n|t:|1773850995\n|switch|p1a: Rillaboom|Rillaboom, L50, F|55/100\n|switch|p2b: Miraidon|Miraidon, L50|91/100\n|-fieldstart|move: Electric Terrain|[from] ability: Hadron Engine|[of] p2b: Miraidon\n|-fieldstart|move: Grassy Terrain|[from] ability: Grassy Surge|[of] p1a: Rillaboom\n|turn|8\n|\n|t:|1773851012\n|move|p1b: Kyogre|Protect|p1b: Kyogre\n|-singleturn|p1b: Kyogre|Protect\n|move|p1a: Rillaboom|Grassy Glide|p2a: Urshifu\n|-supereffective|p2a: Urshifu\n|-damage|p2a: Urshifu|0 fnt\n|faint|p2a: Urshifu\n|move|p2b: Miraidon|Electro Drift|p1b: Kyogre\n|-activate|p1b: Kyogre|move: Protect\n|\n|-weather|none\n|-heal|p2b: Miraidon|97/100|[from] Grassy Terrain\n|-heal|p1a: Rillaboom|61/100|[from] Grassy Terrain\n|upkeep\n|turn|9\n|\n|t:|1773851016\n|move|p2b: Miraidon|Electro Drift|p1b: Kyogre\n|-supereffective|p1b: Kyogre\n|-damage|p1b: Kyogre|0 fnt\n|faint|p1b: Kyogre\n|move|p1a: Rillaboom|High Horsepower|p2b: Miraidon\n|-supereffective|p2b: Miraidon\n|-damage|p2b: Miraidon|29/100\n|\n|-heal|p2b: Miraidon|35/100|[from] Grassy Terrain\n|-heal|p1a: Rillaboom|67/100|[from] Grassy Terrain\n|upkeep\n|turn|10\n|\n|t:|1773851026\n|move|p2b: Miraidon|Draco Meteor|p1a: Rillaboom\n|-damage|p1a: Rillaboom|11/100\n|-unboost|p2b: Miraidon|spa|2\n|move|p1a: Rillaboom|High Horsepower|p2b: Miraidon\n|-supereffective|p2b: Miraidon\n|-damage|p2b: Miraidon|0 fnt\n|faint|p2b: Miraidon\n|\n|win|Padhijesp\n|raw|Padhijesp's rating: 1404 &rarr; <strong>1425</strong><br />(+21 for winning)\n|raw|jd8erh's rating: 1429 &rarr; <strong>1408</strong><br />(-21 for losing)\n|l|\u2606jd8erh\n|player|p2|\n|l|\u2606Padhijesp\n|player|p1|\n","uploadtime":1773851285,"views":12,"formatid":"gen9vgc2026regi","rating":1408,"private":0,"password":null}