{"id":"gen9vgc2026regi-2536659009","format":"[Gen 9] VGC 2026 Reg I","players":["test_poke29","yamato-tak"],"log":"|j|\u2606test_poke29\n|j|\u2606yamato-tak\n|t:|1770722090\n|gametype|doubles\n|player|p1|test_poke29|lucas|1286\n|player|p2|yamato-tak|169|1537\n|gen|9\n|tier|[Gen 9] VGC 2026 Reg I\n|rated|\n|rule|Species Clause: Limit one of each Pok\u00e9mon\n|rule|Item Clause: Limit 1 of each item\n|clearpoke\n|poke|p1|Calyrex-Shadow, L50|\n|poke|p1|Terapagos, L50, M|\n|poke|p1|Squawkabilly, L50, F|\n|poke|p1|Incineroar, L50, F|\n|poke|p1|Gouging Fire, L50|\n|poke|p1|Sinistcha, L50|\n|poke|p2|Miraidon, L50|\n|poke|p2|Calyrex-Ice, L50|\n|poke|p2|Volcarona, L50, F|\n|poke|p2|Araquanid, L50, M|\n|poke|p2|Grimmsnarl, L50, M|\n|poke|p2|Rillaboom, L50, F|\n|teampreview|4\n|inactive|Battle timer is ON: inactive players will automatically lose when time's up. (requested by yamato-tak)\n|inactive|test_poke29 also wants the timer to be on.\n|inactive|test_poke29 has 60 seconds left.\n|\n|t:|1770722126\n|teamsize|p1|4\n|teamsize|p2|4\n|start\n|switch|p1a: Terapagos|Terapagos, L50, M|100/100\n|switch|p1b: Squawkabilly|Squawkabilly, L50, F|100/100\n|switch|p2a: Grimmsnarl|Grimmsnarl, L50, M, shiny|100/100\n|switch|p2b: Calyrex|Calyrex-Ice, L50|100/100\n|-activate|p1a: Terapagos|ability: Tera Shift\n|detailschange|p1a: Terapagos|Terapagos-Terastal, L50, M\n|-heal|p1a: Terapagos|100/100|[silent]\n|-ability|p2b: Calyrex|As One\n|-ability|p2b: Calyrex|Unnerve\n|-ability|p1b: Squawkabilly|Intimidate|boost\n|-unboost|p2a: Grimmsnarl|atk|1\n|-fail|p2b: Calyrex|unboost|[from] item: Clear Amulet|[of] p2b: Calyrex\n|turn|1\n|inactive|yamato-tak has 30 seconds left.\n|\n|t:|1770722151\n|move|p2a: Grimmsnarl|Fake Out|p1a: Terapagos\n|-activate|p1a: Terapagos|ability: Tera Shell\n|-resisted|p1a: Terapagos\n|-crit|p1a: Terapagos\n|-damage|p1a: Terapagos|95/100\n|move|p1b: Squawkabilly|Foul Play|p2b: Calyrex\n|-supereffective|p2b: Calyrex\n|-crit|p2b: Calyrex\n|-damage|p2b: Calyrex|32/100\n|move|p1a: Terapagos|Calm Mind|p1a: Terapagos\n|-boost|p1a: Terapagos|spa|1\n|-boost|p1a: Terapagos|spd|1\n|move|p2b: Calyrex|Leech Seed|p1a: Terapagos\n|-start|p1a: Terapagos|move: Leech Seed\n|\n|-damage|p1a: Terapagos|82/100|[from] Leech Seed|[of] p2b: Calyrex\n|-heal|p2b: Calyrex|43/100|[silent]\n|upkeep\n|turn|2\n|inactive|test_poke29 has 30 seconds left.\n|\n|t:|1770722182\n|switch|p2b: Volcarona|Volcarona, L50, F, shiny|100/100\n|move|p2a: Grimmsnarl|Light Screen|p2a: Grimmsnarl\n|-sidestart|p2: yamato-tak|move: Light Screen\n|move|p1b: Squawkabilly|Foul Play|p2b: Volcarona\n|-damage|p2b: Volcarona|90/100\n|-status|p1b: Squawkabilly|brn|[from] ability: Flame Body|[of] p2b: Volcarona\n|move|p1a: Terapagos|Calm Mind|p1a: Terapagos\n|-boost|p1a: Terapagos|spa|1\n|-boost|p1a: Terapagos|spd|1\n|\n|-heal|p2b: Volcarona|96/100|[from] item: Leftovers\n|-damage|p1a: Terapagos|70/100|[from] Leech Seed|[of] p2b: Volcarona\n|-heal|p2b: Volcarona|100/100|[silent]\n|-damage|p1b: Squawkabilly|95/100 brn|[from] brn\n|upkeep\n|turn|3\n|\n|t:|1770722202\n|-terastallize|p1a: Terapagos|Stellar\n|detailschange|p1a: Terapagos|Terapagos-Stellar, L50, M, tera:Stellar\n|-heal|p1a: Terapagos|78/100|[silent]\n|move|p2a: Grimmsnarl|Reflect|p2a: Grimmsnarl\n|-sidestart|p2: yamato-tak|Reflect\n|move|p1b: Squawkabilly|Fake Tears|p2b: Volcarona\n|-unboost|p2b: Volcarona|spd|2\n|move|p2b: Volcarona|Quiver Dance|p2b: Volcarona\n|-boost|p2b: Volcarona|spa|1\n|-boost|p2b: Volcarona|spd|1\n|-boost|p2b: Volcarona|spe|1\n|move|p1a: Terapagos|Tera Starstorm|p2b: Volcarona|[spread] p2a,p2b\n|-damage|p2a: Grimmsnarl|58/100\n|-damage|p2b: Volcarona|37/100\n|\n|-heal|p2b: Volcarona|43/100|[from] item: Leftovers\n|-damage|p1a: Terapagos|65/100|[from] Leech Seed|[of] p2b: Volcarona\n|-heal|p2b: Volcarona|61/100|[silent]\n|-damage|p1b: Squawkabilly|89/100 brn|[from] brn\n|upkeep\n|turn|4\n|inactive|test_poke29 has 30 seconds left.\n|\n|t:|1770722228\n|move|p2a: Grimmsnarl|Parting Shot|p1a: Terapagos\n|-unboost|p1a: Terapagos|atk|1\n|-unboost|p1a: Terapagos|spa|1\n|\n|t:|1770722231\n|switch|p2a: Calyrex|Calyrex-Ice, L50|43/100|[from] Parting Shot\n|-ability|p2a: Calyrex|As One\n|-ability|p2a: Calyrex|Unnerve\n|move|p2b: Volcarona|Fiery Dance|p1b: Squawkabilly\n|-damage|p1b: Squawkabilly|0 fnt\n|faint|p1b: Squawkabilly\n|move|p1a: Terapagos|Tera Starstorm|p2a: Calyrex|[spread] p2a,p2b\n|-damage|p2a: Calyrex|20/100\n|-damage|p2b: Volcarona|5/100\n|\n|-heal|p2b: Volcarona|11/100|[from] item: Leftovers\n|-damage|p1a: Terapagos|53/100|[from] Leech Seed|[of] p2b: Volcarona\n|-heal|p2b: Volcarona|29/100|[silent]\n|upkeep\n|\n|t:|1770722248\n|switch|p1b: Calyrex|Calyrex-Shadow, L50|100/100\n|-ability|p1b: Calyrex|As One\n|-ability|p1b: Calyrex|Unnerve\n|turn|5\n|\n|t:|1770722262\n|switch|p2a: Grimmsnarl|Grimmsnarl, L50, M, shiny|58/100\n|move|p2b: Volcarona|Protect|p2b: Volcarona\n|-singleturn|p2b: Volcarona|Protect\n|move|p1b: Calyrex|Astral Barrage|p2a: Grimmsnarl|[spread] p2a\n|-activate|p2b: Volcarona|move: Protect\n|-resisted|p2a: Grimmsnarl\n|-damage|p2a: Grimmsnarl|36/100\n|-damage|p1b: Calyrex|91/100|[from] item: Life Orb\n|move|p1a: Terapagos|Tera Starstorm|p2b: Volcarona|[spread] p2a\n|-activate|p2b: Volcarona|move: Protect\n|-damage|p2a: Grimmsnarl|2/100\n|\n|-heal|p2b: Volcarona|36/100|[from] item: Leftovers\n|-damage|p1a: Terapagos|40/100|[from] Leech Seed|[of] p2b: Volcarona\n|-heal|p2b: Volcarona|54/100|[silent]\n|upkeep\n|turn|6\n|\n|t:|1770722285\n|move|p2a: Grimmsnarl|Parting Shot|p1b: Calyrex\n|-unboost|p1b: Calyrex|atk|1\n|-unboost|p1b: Calyrex|spa|1\n|\n|t:|1770722289\n|switch|p2a: Miraidon|Miraidon, L50, shiny|100/100|[from] Parting Shot\n|-fieldstart|move: Electric Terrain|[from] ability: Hadron Engine|[of] p2a: Miraidon\n|move|p2b: Volcarona|Quiver Dance|p2b: Volcarona\n|-boost|p2b: Volcarona|spa|1\n|-boost|p2b: Volcarona|spd|1\n|-boost|p2b: Volcarona|spe|1\n|move|p1b: Calyrex|Astral Barrage|p2a: Miraidon|[spread] p2a,p2b\n|-damage|p2a: Miraidon|75/100\n|-damage|p2b: Volcarona|24/100\n|-damage|p1b: Calyrex|81/100|[from] item: Life Orb\n|move|p1a: Terapagos|Tera Starstorm|p2a: Miraidon|[spread] p2a,p2b\n|-damage|p2a: Miraidon|45/100\n|-damage|p2b: Volcarona|0 fnt\n|faint|p2b: Volcarona\n|\n|upkeep\n|\n|t:|1770722294\n|switch|p2b: Calyrex|Calyrex-Ice, L50|20/100\n|-ability|p2b: Calyrex|As One\n|-ability|p2b: Calyrex|Unnerve\n|turn|7\n|\n|t:|1770722318\n|switch|p1b: Sinistcha|Sinistcha, L50|100/100\n|-heal|p1a: Terapagos|65/100|[from] ability: Hospitality|[of] p1b: Sinistcha\n|move|p2b: Calyrex|Protect|p2b: Calyrex\n|-singleturn|p2b: Calyrex|Protect\n|move|p2a: Miraidon|Parabolic Charge|p1a: Terapagos|[spread] p1a,p1b\n|-activate|p2b: Calyrex|move: Protect\n|-resisted|p1b: Sinistcha\n|-damage|p1a: Terapagos|53/100\n|-heal|p2a: Miraidon|52/100|[from] drain|[of] p1a: Terapagos\n|-damage|p1b: Sinistcha|78/100\n|-heal|p2a: Miraidon|62/100|[from] drain|[of] p1b: Sinistcha\n|move|p1a: Terapagos|Tera Starstorm|p2a: Miraidon|[spread] p2a\n|-activate|p2b: Calyrex|move: Protect\n|-damage|p2a: Miraidon|33/100\n|\n|-heal|p1b: Sinistcha|84/100|[from] item: Leftovers\n|-damage|p1a: Terapagos|41/100|[from] Leech Seed|[of] p2b: Calyrex\n|-heal|p2b: Calyrex|36/100|[silent]\n|upkeep\n|turn|8\n|inactive|test_poke29 has 30 seconds left.\n|\n|t:|1770722347\n|switch|p2b: Grimmsnarl|Grimmsnarl, L50, M, shiny|2/100\n|move|p2a: Miraidon|Calm Mind|p2a: Miraidon\n|-boost|p2a: Miraidon|spa|1\n|-boost|p2a: Miraidon|spd|1\n|move|p1a: Terapagos|Tera Starstorm|p2a: Miraidon|[spread] p2a,p2b\n|-crit|p2a: Miraidon\n|-damage|p2a: Miraidon|0 fnt\n|-damage|p2b: Grimmsnarl|0 fnt\n|faint|p2a: Miraidon\n|faint|p2b: Grimmsnarl\n|move|p1b: Sinistcha|Shadow Ball|p2: Miraidon|[notarget]\n|-fail|p1b: Sinistcha\n|\n|-heal|p1b: Sinistcha|90/100|[from] item: Leftovers\n|upkeep\n|-message|yamato-tak forfeited.\n|\n|win|test_poke29\n|raw|test_poke29's rating: 1286 &rarr; <strong>1326</strong><br />(+40 for winning)\n|raw|yamato-tak's rating: 1537 &rarr; <strong>1505</strong><br />(-32 for losing)\n|l|\u2606yamato-tak\n|player|p2|\n|l|\u2606test_poke29\n|player|p1|\n","uploadtime":1770722523,"views":10,"formatid":"gen9vgc2026regi","rating":1326,"private":0,"password":null}