{"id":"gen9vgc2026regi-2580092102","format":"[Gen 9] VGC 2026 Reg I","players":["Nasihasi","ZicoMasterico"],"log":"|j|\u2606Nasihasi\n|j|\u2606ZicoMasterico\n|t:|1775853401\n|gametype|doubles\n|player|p1|Nasihasi|hiker-gen4|1513\n|player|p2|ZicoMasterico|101|1469\n|gen|9\n|tier|[Gen 9] VGC 2026 Reg I\n|rated|\n|rule|Species Clause: Limit one of each Pok\u00e9mon\n|rule|Item Clause: Limit 1 of each item\n|clearpoke\n|poke|p1|Calyrex-Shadow, L50|\n|poke|p1|Zamazenta-*, L50|\n|poke|p1|Rillaboom, L50, M|\n|poke|p1|Raging Bolt, L50|\n|poke|p1|Ogerpon-Hearthflame, L50, F|\n|poke|p1|Incineroar, L50, M|\n|poke|p2|Hatterene, L50, F|\n|poke|p2|Indeedee-F, L50, F|\n|poke|p2|Ursaluna, L50, F|\n|poke|p2|Torkoal, L50, M|\n|poke|p2|Kyogre, L50|\n|poke|p2|Calyrex-Shadow, L50|\n|teampreview|4\n|inactive|Battle timer is ON: inactive players will automatically lose when time's up. (requested by ZicoMasterico)\n|inactive|Nasihasi has 60 seconds left.\n|inactive|ZicoMasterico has 60 seconds left.\nZicoMasterico rejected open team sheets.\n|j| touchdownJulio\n|l| touchdownJulio\n|inactive|ZicoMasterico has 30 seconds left.\n|inactive|ZicoMasterico has 20 seconds left.\n|\n|t:|1775853477\n|teamsize|p1|4\n|teamsize|p2|4\n|start\n|switch|p1a: Zamazenta|Zamazenta-Crowned, L50|100/100\n|switch|p1b: Calyrex|Calyrex-Shadow, L50|100/100\n|switch|p2a: Kyogre|Kyogre, L50|100/100\n|switch|p2b: Indeedee|Indeedee-F, L50, F|100/100\n|-ability|p1b: Calyrex|As One\n|-ability|p1b: Calyrex|Unnerve\n|-weather|RainDance|[from] ability: Drizzle|[of] p2a: Kyogre\n|-ability|p1a: Zamazenta|Dauntless Shield|boost\n|-boost|p1a: Zamazenta|def|1\n|-fieldstart|move: Psychic Terrain|[from] ability: Psychic Surge|[of] p2b: Indeedee\n|turn|1\n|inactive|Nasihasi has 30 seconds left.\n|inactive|ZicoMasterico has 30 seconds left.\n|\n|t:|1775853508\n|switch|p1b: Rillaboom|Rillaboom, L50, M|100/100\n|-fieldstart|move: Grassy Terrain|[from] ability: Grassy Surge|[of] p1b: Rillaboom\n|-terastallize|p2a: Kyogre|Water\n|-terastallize|p1a: Zamazenta|Water\n|move|p2a: Kyogre|Hydro Pump|p1a: Zamazenta\n|-resisted|p1a: Zamazenta\n|-damage|p1a: Zamazenta|55/100\n|move|p1a: Zamazenta|Body Press|p2a: Kyogre\n|-damage|p2a: Kyogre|28/100\n|move|p2b: Indeedee|Trick Room|p2b: Indeedee\n|-fieldstart|move: Trick Room|[of] p2b: Indeedee\n|\n|-weather|RainDance|[upkeep]\n|-heal|p1a: Zamazenta|61/100|[from] Grassy Terrain\n|-heal|p2a: Kyogre|34/100|[from] Grassy Terrain\n|upkeep\n|turn|2\n|inactive|Nasihasi has 30 seconds left.\n|inactive|ZicoMasterico has 30 seconds left.\n|inactive|Nasihasi has 20 seconds left.\n|inactive|ZicoMasterico has 20 seconds left.\n|inactive|ZicoMasterico has 15 seconds left.\n|inactive|ZicoMasterico has 10 seconds left.\n|\n|t:|1775853557\n|switch|p2a: Hatterene|Hatterene, L50, F|100/100\n|move|p1b: Rillaboom|Fake Out|p2a: Hatterene\n|-damage|p2a: Hatterene|84/100\n|move|p2b: Indeedee|Psychic|p1a: Zamazenta\n|-damage|p1a: Zamazenta|40/100\n|move|p1a: Zamazenta|Body Press|p2b: Indeedee\n|-damage|p2b: Indeedee|39/100\n|\n|-weather|RainDance|[upkeep]\n|-heal|p2a: Hatterene|90/100|[from] Grassy Terrain\n|-heal|p2b: Indeedee|45/100|[from] Grassy Terrain\n|-heal|p1a: Zamazenta|46/100|[from] Grassy Terrain\n|upkeep\n|turn|3\n|inactive|ZicoMasterico has 30 seconds left.\n|\n|t:|1775853588\n|move|p1a: Zamazenta|Protect|p1a: Zamazenta\n|-singleturn|p1a: Zamazenta|Protect\n|move|p2a: Hatterene|Psychic|p1a: Zamazenta\n|-activate|p1a: Zamazenta|move: Protect\n|move|p2b: Indeedee|Psychic|p1a: Zamazenta\n|-activate|p1a: Zamazenta|move: Protect\n|move|p1b: Rillaboom|U-turn|p2b: Indeedee\n|-supereffective|p2b: Indeedee\n|-damage|p2b: Indeedee|4/100\n|\n|t:|1775853598\n|switch|p1b: Incineroar|Incineroar, L50, M|100/100|[from] U-turn\n|-ability|p1b: Incineroar|Intimidate|boost\n|-unboost|p2a: Hatterene|atk|1\n|-unboost|p2b: Indeedee|atk|1\n|\n|-weather|RainDance|[upkeep]\n|-heal|p2a: Hatterene|96/100|[from] Grassy Terrain\n|-heal|p2b: Indeedee|11/100|[from] Grassy Terrain\n|-heal|p1a: Zamazenta|52/100|[from] Grassy Terrain\n|upkeep\n|turn|4\n|\n|t:|1775853621\n|move|p2b: Indeedee|Helping Hand|p2a: Hatterene\n|-singleturn|p2a: Hatterene|Helping Hand|[of] p2b: Indeedee\n|move|p1b: Incineroar|Fake Out|p2a: Hatterene\n|-damage|p2a: Hatterene|83/100\n|cant|p2a: Hatterene|flinch\n|move|p1a: Zamazenta|Heavy Slam|p2a: Hatterene\n|-supereffective|p2a: Hatterene\n|-damage|p2a: Hatterene|0 fnt\n|faint|p2a: Hatterene\n|\n|-weather|RainDance|[upkeep]\n|-heal|p2b: Indeedee|17/100|[from] Grassy Terrain\n|-heal|p1a: Zamazenta|58/100|[from] Grassy Terrain\n|upkeep\n|\n|t:|1775853631\n|switch|p2a: Torkoal|Torkoal, L50, M|100/100\n|-weather|SunnyDay|[from] ability: Drought|[of] p2a: Torkoal\n|turn|5\n|\n|t:|1775853650\n|move|p1a: Zamazenta|Protect|p1a: Zamazenta\n|-singleturn|p1a: Zamazenta|Protect\n|move|p2b: Indeedee|Follow Me|p2b: Indeedee\n|-singleturn|p2b: Indeedee|move: Follow Me\n|move|p2a: Torkoal|Eruption|p1b: Incineroar|[spread] p1b\n|-activate|p1a: Zamazenta|move: Protect\n|-resisted|p1b: Incineroar\n|-damage|p1b: Incineroar|64/100\n|move|p1b: Incineroar|Parting Shot|p2b: Indeedee\n|-unboost|p2b: Indeedee|atk|1\n|-unboost|p2b: Indeedee|spa|1\n|\n|t:|1775853662\n|switch|p1b: Calyrex|Calyrex-Shadow, L50|100/100|[from] Parting Shot\n|-ability|p1b: Calyrex|As One\n|-ability|p1b: Calyrex|Unnerve\n|\n|-weather|SunnyDay|[upkeep]\n|-heal|p2b: Indeedee|23/100|[from] Grassy Terrain\n|-heal|p1a: Zamazenta|64/100|[from] Grassy Terrain\n|-fieldend|move: Trick Room\n|-fieldend|move: Grassy Terrain\n|upkeep\n|turn|6\n|inactive|ZicoMasterico has 30 seconds left.\n|\n|t:|1775853688\n|move|p1b: Calyrex|Astral Barrage|p2b: Indeedee|[spread] p2a\n|-immune|p2b: Indeedee\n|-damage|p2a: Torkoal|8/100\n|-damage|p1b: Calyrex|91/100|[from] item: Life Orb\n|move|p1a: Zamazenta|Body Press|p2b: Indeedee\n|-damage|p2b: Indeedee|0 fnt\n|faint|p2b: Indeedee\n|move|p2a: Torkoal|Eruption|p1b: Calyrex|[spread] p1a,p1b\n|-resisted|p1a: Zamazenta\n|-damage|p1a: Zamazenta|62/100\n|-damage|p1b: Calyrex|84/100\n|\n|-weather|SunnyDay|[upkeep]\n|upkeep\n|\n|t:|1775853697\n|switch|p2b: Kyogre|Kyogre, L50, tera:Water|34/100\n|-weather|RainDance|[from] ability: Drizzle|[of] p2b: Kyogre\n|turn|7\n|\n|t:|1775853711\n|move|p1a: Zamazenta|Protect|p1a: Zamazenta\n|-singleturn|p1a: Zamazenta|Protect\n|move|p2b: Kyogre|Water Spout|p1b: Calyrex|[spread] p1b\n|-activate|p1a: Zamazenta|move: Protect\n|-damage|p1b: Calyrex|39/100\n|move|p1b: Calyrex|Astral Barrage|p2a: Torkoal|[spread] p2a,p2b\n|-damage|p2a: Torkoal|0 fnt\n|-damage|p2b: Kyogre|0 fnt\n|faint|p2a: Torkoal\n|faint|p2b: Kyogre\n|-damage|p1b: Calyrex|30/100|[from] item: Life Orb\n|\n|win|Nasihasi\n|raw|Nasihasi's rating: 1513 &rarr; <strong>1530</strong><br />(+17 for winning)\n|raw|ZicoMasterico's rating: 1469 &rarr; <strong>1452</strong><br />(-17 for losing)\n|l|\u2606ZicoMasterico\n|player|p2|\n|l|\u2606Nasihasi\n|player|p1|\n","uploadtime":1775853722,"views":17,"formatid":"gen9vgc2026regi","rating":1452,"private":0,"password":null}