{"id":"gen9vgc2026regi-2546860096","format":"[Gen 9] VGC 2026 Reg I","players":["EllenJoe2026","don juan dozo"],"log":"|j|\u2606EllenJoe2026\n|j|\u2606don juan dozo\n|t:|1772022620\n|gametype|doubles\n|player|p1|EllenJoe2026|iono|1501\n|player|p2|don juan dozo|170|1431\n|gen|9\n|tier|[Gen 9] VGC 2026 Reg I\n|rated|\n|rule|Species Clause: Limit one of each Pok\u00e9mon\n|rule|Item Clause: Limit 1 of each item\n|clearpoke\n|poke|p1|Calyrex-Shadow, L50|\n|poke|p1|Zamazenta-*, L50|\n|poke|p1|Incineroar, L50, F|\n|poke|p1|Rillaboom, L50, F|\n|poke|p1|Ogerpon-Cornerstone, L50, F|\n|poke|p1|Tornadus, L50, M|\n|poke|p2|Calyrex-Shadow, L50|\n|poke|p2|Zamazenta-*, L50|\n|poke|p2|Ting-Lu, L50|\n|poke|p2|Dondozo, L50, M|\n|poke|p2|Chien-Pao, L50|\n|poke|p2|Ogerpon-Hearthflame, L50, F|\n|teampreview|4\n|inactive|Battle timer is ON: inactive players will automatically lose when time's up. (requested by EllenJoe2026)\n|\n|t:|1772022643\n|teamsize|p1|4\n|teamsize|p2|4\n|start\n|switch|p1a: Rillaboom|Rillaboom, L50, F, shiny|100/100\n|switch|p1b: Zamazenta|Zamazenta-Crowned, L50, shiny|100/100\n|switch|p2a: Jordan 96/97|Ting-Lu, L50|100/100\n|switch|p2b: Ivan Karamazov|Dondozo, L50, M|100/100\n|-ability|p1b: Zamazenta|Dauntless Shield|boost\n|-boost|p1b: Zamazenta|def|1\n|-fieldstart|move: Grassy Terrain|[from] ability: Grassy Surge|[of] p1a: Rillaboom\n|-ability|p2a: Jordan 96/97|Vessel of Ruin\n|turn|1\n|\n|t:|1772022660\n|move|p2a: Jordan 96/97|Protect|p2a: Jordan 96/97\n|-singleturn|p2a: Jordan 96/97|Protect\n|move|p2b: Ivan Karamazov|Protect|p2b: Ivan Karamazov\n|-singleturn|p2b: Ivan Karamazov|Protect\n|move|p1a: Rillaboom|Fake Out|p2b: Ivan Karamazov\n|-activate|p2b: Ivan Karamazov|move: Protect\n|move|p1b: Zamazenta|Body Press|p2a: Jordan 96/97\n|-activate|p2a: Jordan 96/97|move: Protect\n|\n|upkeep\n|turn|2\n|\n|t:|1772022679\n|-terastallize|p2a: Jordan 96/97|Fairy\n|move|p1b: Zamazenta|Protect|p1b: Zamazenta\n|-singleturn|p1b: Zamazenta|Protect\n|move|p1a: Rillaboom|Wood Hammer|p2b: Ivan Karamazov\n|-supereffective|p2b: Ivan Karamazov\n|-damage|p2b: Ivan Karamazov|13/100\n|-damage|p1a: Rillaboom|65/100|[from] Recoil\n|move|p2a: Jordan 96/97|Sand Tomb|p1b: Zamazenta\n|-activate|p1b: Zamazenta|move: Protect\n|move|p2b: Ivan Karamazov|Yawn|p1a: Rillaboom\n|-start|p1a: Rillaboom|move: Yawn|[of] p2b: Ivan Karamazov\n|\n|-heal|p1a: Rillaboom|70/100|[from] Grassy Terrain\n|-heal|p2b: Ivan Karamazov|20/100|[from] Grassy Terrain\n|-heal|p2b: Ivan Karamazov|26/100|[from] item: Leftovers\n|upkeep\n|turn|3\n|\n|t:|1772022701\n|switch|p1a: Incineroar|Incineroar, L50, F, shiny|100/100\n|-ability|p1a: Incineroar|Intimidate|boost\n|-unboost|p2a: Jordan 96/97|atk|1\n|-fail|p2b: Ivan Karamazov|unboost|Attack|[from] ability: Oblivious|[of] p2b: Ivan Karamazov\n|move|p2a: Jordan 96/97|Protect|p2a: Jordan 96/97\n|-singleturn|p2a: Jordan 96/97|Protect\n|move|p2b: Ivan Karamazov|Protect|p2b: Ivan Karamazov\n|-singleturn|p2b: Ivan Karamazov|Protect\n|move|p1b: Zamazenta|Body Press|p2b: Ivan Karamazov\n|-activate|p2b: Ivan Karamazov|move: Protect\n|\n|-heal|p2b: Ivan Karamazov|32/100|[from] Grassy Terrain\n|-heal|p2b: Ivan Karamazov|38/100|[from] item: Leftovers\n|upkeep\n|turn|4\n|\n|t:|1772022715\n|move|p1a: Incineroar|Fake Out|p2b: Ivan Karamazov\n|-damage|p2b: Ivan Karamazov|32/100\n|move|p1b: Zamazenta|Body Press|p2b: Ivan Karamazov\n|-damage|p2b: Ivan Karamazov|0 fnt\n|faint|p2b: Ivan Karamazov\n|move|p2a: Jordan 96/97|Stealth Rock|p1b: Zamazenta\n|-sidestart|p1: EllenJoe2026|move: Stealth Rock\n|\n|upkeep\n|\n|t:|1772022721\n|switch|p2b: 221 speed|Calyrex-Shadow, L50|100/100\n|-ability|p2b: 221 speed|As One\n|-ability|p2b: 221 speed|Unnerve\n|turn|5\n|\n|t:|1772022737\n|move|p2b: 221 speed|Encore|p1a: Incineroar\n|-start|p1a: Incineroar|Encore\n|move|p1b: Zamazenta|Heavy Slam|p2b: 221 speed\n|-damage|p2b: 221 speed|44/100\n|move|p1a: Incineroar|Fake Out||[still]\n|-hint|Fake Out only works on your first turn out.\n|-fail|p1a: Incineroar\n|move|p2a: Jordan 96/97|Sand Tomb|p1b: Zamazenta\n|-supereffective|p1b: Zamazenta\n|-damage|p1b: Zamazenta|93/100\n|-activate|p1b: Zamazenta|move: Sand Tomb|[of] p2a: Jordan 96/97\n|\n|-heal|p2b: 221 speed|50/100|[from] Grassy Terrain\n|-heal|p1b: Zamazenta|99/100|[from] Grassy Terrain\n|-damage|p1b: Zamazenta|87/100|[from] move: Sand Tomb|[partiallytrapped]\n|-fieldend|move: Grassy Terrain\n|upkeep\n|turn|6\n|\n|t:|1772022757\n|switch|p2b: Magnus Carlsen|Zamazenta-Crowned, L50|100/100\n|-ability|p2b: Magnus Carlsen|Dauntless Shield|boost\n|-boost|p2b: Magnus Carlsen|def|1\n|switch|p1a: Rillaboom|Rillaboom, L50, F, shiny|70/100\n|-damage|p1a: Rillaboom|58/100|[from] Stealth Rock\n|-fieldstart|move: Grassy Terrain|[from] ability: Grassy Surge|[of] p1a: Rillaboom\n|move|p1b: Zamazenta|Wide Guard|p1b: Zamazenta\n|-singleturn|p1b: Zamazenta|Wide Guard\n|move|p2a: Jordan 96/97|Sand Tomb|p1a: Rillaboom\n|-resisted|p1a: Rillaboom\n|-damage|p1a: Rillaboom|54/100\n|-activate|p1a: Rillaboom|move: Sand Tomb|[of] p2a: Jordan 96/97\n|\n|-heal|p1b: Zamazenta|93/100|[from] Grassy Terrain\n|-heal|p1a: Rillaboom|60/100|[from] Grassy Terrain\n|-damage|p1b: Zamazenta|81/100|[from] move: Sand Tomb|[partiallytrapped]\n|-damage|p1a: Rillaboom|48/100|[from] move: Sand Tomb|[partiallytrapped]\n|upkeep\n|turn|7\n|inactive|EllenJoe2026 has 30 seconds left.\n|inactive|EllenJoe2026 has 20 seconds left.\n|inactive|EllenJoe2026 has 15 seconds left.\n|\n|t:|1772022799\n|move|p1a: Rillaboom|Fake Out|p2b: Magnus Carlsen\n|-resisted|p2b: Magnus Carlsen\n|-damage|p2b: Magnus Carlsen|98/100\n|cant|p2b: Magnus Carlsen|flinch\n|move|p1b: Zamazenta|Body Press|p2b: Magnus Carlsen\n|-supereffective|p2b: Magnus Carlsen\n|-damage|p2b: Magnus Carlsen|44/100\n|move|p2a: Jordan 96/97|Ruination|p1b: Zamazenta\n|-damage|p1b: Zamazenta|41/100\n|\n|-heal|p2b: Magnus Carlsen|50/100|[from] Grassy Terrain\n|-heal|p1b: Zamazenta|47/100|[from] Grassy Terrain\n|-heal|p1a: Rillaboom|53/100|[from] Grassy Terrain\n|-damage|p1b: Zamazenta|35/100|[from] move: Sand Tomb|[partiallytrapped]\n|-damage|p1a: Rillaboom|41/100|[from] move: Sand Tomb|[partiallytrapped]\n|upkeep\n|turn|8\n|\n|t:|1772022816\n|move|p1b: Zamazenta|Protect|p1b: Zamazenta\n|-singleturn|p1b: Zamazenta|Protect\n|move|p2b: Magnus Carlsen|Body Press|p1b: Zamazenta\n|-activate|p1b: Zamazenta|move: Protect\n|move|p1a: Rillaboom|U-turn|p2a: Jordan 96/97\n|-resisted|p2a: Jordan 96/97\n|-damage|p2a: Jordan 96/97|95/100\n|-damage|p1a: Rillaboom|25/100|[from] item: Rocky Helmet|[of] p2a: Jordan 96/97\n|\n|t:|1772022827\n|switch|p1a: Incineroar|Incineroar, L50, F, shiny|100/100|[from] U-turn\n|-damage|p1a: Incineroar|76/100|[from] Stealth Rock\n|-ability|p1a: Incineroar|Intimidate|boost\n|-unboost|p2a: Jordan 96/97|atk|1\n|-unboost|p2b: Magnus Carlsen|atk|1\n|move|p2a: Jordan 96/97|Ruination|p1a: Incineroar\n|-damage|p1a: Incineroar|38/100\n|\n|-heal|p2b: Magnus Carlsen|57/100|[from] Grassy Terrain\n|-heal|p1b: Zamazenta|41/100|[from] Grassy Terrain\n|-heal|p1a: Incineroar|44/100|[from] Grassy Terrain\n|-heal|p2a: Jordan 96/97|100/100|[from] Grassy Terrain\n|-damage|p1b: Zamazenta|29/100|[from] move: Sand Tomb|[partiallytrapped]\n|upkeep\n|turn|9\n|inactive|don juan dozo has 30 seconds left.\n|\n|t:|1772022856\n|move|p2b: Magnus Carlsen|Protect|p2b: Magnus Carlsen\n|-singleturn|p2b: Magnus Carlsen|Protect\n|move|p1a: Incineroar|Fake Out|p2b: Magnus Carlsen\n|-activate|p2b: Magnus Carlsen|move: Protect\n|move|p1b: Zamazenta|Body Press|p2b: Magnus Carlsen\n|-activate|p2b: Magnus Carlsen|move: Protect\n|move|p2a: Jordan 96/97|Sand Tomb|p1a: Incineroar\n|-supereffective|p1a: Incineroar\n|-damage|p1a: Incineroar|34/100\n|-activate|p1a: Incineroar|move: Sand Tomb|[of] p2a: Jordan 96/97\n|\n|-heal|p2b: Magnus Carlsen|63/100|[from] Grassy Terrain\n|-heal|p1b: Zamazenta|35/100|[from] Grassy Terrain\n|-heal|p1a: Incineroar|40/100|[from] Grassy Terrain\n|-end|p1b: Zamazenta|Sand Tomb|[partiallytrapped]\n|-damage|p1a: Incineroar|28/100|[from] move: Sand Tomb|[partiallytrapped]\n|upkeep\n|turn|10\n|\n|t:|1772022881\n|move|p1b: Zamazenta|Protect|p1b: Zamazenta\n|-singleturn|p1b: Zamazenta|Protect\n|move|p2b: Magnus Carlsen|Body Press|p1a: Incineroar\n|-supereffective|p1a: Incineroar\n|-damage|p1a: Incineroar|0 fnt\n|faint|p1a: Incineroar\n|move|p2a: Jordan 96/97|Sand Tomb|p1b: Zamazenta\n|-activate|p1b: Zamazenta|move: Protect\n|\n|-heal|p2b: Magnus Carlsen|69/100|[from] Grassy Terrain\n|-heal|p1b: Zamazenta|41/100|[from] Grassy Terrain\n|-fieldend|move: Grassy Terrain\n|upkeep\n|\n|t:|1772022889\n|switch|p1a: Calyrex|Calyrex-Shadow, L50|100/100\n|-ability|p1a: Calyrex|As One\n|-ability|p1a: Calyrex|Unnerve\n|-damage|p1a: Calyrex|88/100|[from] Stealth Rock\n|turn|11\n|\n|t:|1772022906\n|-terastallize|p1a: Calyrex|Dark\n|move|p1a: Calyrex|Psychic|p2b: Magnus Carlsen\n|-damage|p2b: Magnus Carlsen|37/100\n|move|p2b: Magnus Carlsen|Body Press|p1b: Zamazenta\n|-supereffective|p1b: Zamazenta\n|-damage|p1b: Zamazenta|0 fnt\n|faint|p1b: Zamazenta\n|move|p2a: Jordan 96/97|Sand Tomb|p1a: Calyrex\n|-damage|p1a: Calyrex|79/100\n|-activate|p1a: Calyrex|move: Sand Tomb|[of] p2a: Jordan 96/97\n|\n|-damage|p1a: Calyrex|67/100|[from] move: Sand Tomb|[partiallytrapped]\n|upkeep\n|\n|t:|1772022914\n|switch|p1b: Rillaboom|Rillaboom, L50, F, shiny|25/100\n|-damage|p1b: Rillaboom|13/100|[from] Stealth Rock\n|-fieldstart|move: Grassy Terrain|[from] ability: Grassy Surge|[of] p1b: Rillaboom\n|turn|12\n|\n|t:|1772022931\n|move|p2b: Magnus Carlsen|Protect|p2b: Magnus Carlsen\n|-singleturn|p2b: Magnus Carlsen|Protect\n|move|p1b: Rillaboom|Fake Out|p2a: Jordan 96/97\n|-damage|p2a: Jordan 96/97|94/100\n|-damage|p1b: Rillaboom|0 fnt|[from] item: Rocky Helmet|[of] p2a: Jordan 96/97\n|faint|p1b: Rillaboom\n|move|p1a: Calyrex|Nasty Plot|p1a: Calyrex\n|-boost|p1a: Calyrex|spa|2\n|cant|p2a: Jordan 96/97|flinch\n|\n|-heal|p1a: Calyrex|73/100|[from] Grassy Terrain\n|-heal|p2b: Magnus Carlsen|43/100|[from] Grassy Terrain\n|-heal|p2a: Jordan 96/97|99/100|[from] Grassy Terrain\n|-damage|p1a: Calyrex|61/100|[from] move: Sand Tomb|[partiallytrapped]\n|upkeep\n|turn|13\n|\n|t:|1772022943\n|move|p2b: Magnus Carlsen|Wide Guard|p2b: Magnus Carlsen\n|-singleturn|p2b: Magnus Carlsen|Wide Guard\n|move|p1a: Calyrex|Psychic|p2b: Magnus Carlsen\n|-damage|p2b: Magnus Carlsen|0 fnt\n|faint|p2b: Magnus Carlsen\n|-ability|p1a: Calyrex|Grim Neigh|boost\n|-boost|p1a: Calyrex|spa|1\n|move|p2a: Jordan 96/97|Ruination|p1a: Calyrex\n|-damage|p1a: Calyrex|31/100\n|\n|-heal|p1a: Calyrex|37/100|[from] Grassy Terrain\n|-heal|p2a: Jordan 96/97|100/100|[from] Grassy Terrain\n|-damage|p1a: Calyrex|24/100|[from] move: Sand Tomb|[partiallytrapped]\n|upkeep\n|\n|t:|1772022948\n|switch|p2b: 221 speed|Calyrex-Shadow, L50|50/100\n|-ability|p2b: 221 speed|As One\n|-ability|p2b: 221 speed|Unnerve\n|turn|14\n|\n|t:|1772022955\n|move|p2b: 221 speed|Astral Barrage|p1a: Calyrex\n|-resisted|p1a: Calyrex\n|-damage|p1a: Calyrex|0 fnt\n|faint|p1a: Calyrex\n|\n|win|don juan dozo\n|raw|EllenJoe2026's rating: 1501 &rarr; <strong>1476</strong><br />(-25 for losing)\n|raw|don juan dozo's rating: 1417 &rarr; <strong>1442</strong><br />(+25 for winning)\n|l|\u2606EllenJoe2026\n|player|p1|\n|l|\u2606don juan dozo\n|player|p2|\n","uploadtime":1772023162,"views":13,"formatid":"gen9vgc2026regi","rating":1442,"private":0,"password":null}