{"id":"gen9vgc2026regi-2573664290","format":"[Gen 9] VGC 2026 Reg I","players":["mlbd1","LechonkBro"],"log":"|j|\u2606mlbd1\n|j|\u2606LechonkBro\n|t:|1775154844\n|gametype|doubles\n|player|p1|mlbd1|101|1581\n|player|p2|LechonkBro|2|1509\n|gen|9\n|tier|[Gen 9] VGC 2026 Reg I\n|rated|\n|rule|Species Clause: Limit one of each Pok\u00e9mon\n|rule|Item Clause: Limit 1 of each item\n|clearpoke\n|poke|p1|Miraidon, L50|\n|poke|p1|Farigiraf, L50, M|\n|poke|p1|Calyrex-Ice, L50|\n|poke|p1|Urshifu-*, L50, M|\n|poke|p1|Ogerpon-Cornerstone, L50, F|\n|poke|p1|Volcarona, L50, F|\n|poke|p2|Chien-Pao, L50|\n|poke|p2|Calyrex-Shadow, L50|\n|poke|p2|Dondozo, L50, M|\n|poke|p2|Zamazenta-*, L50|\n|poke|p2|Dragonite, L50, F|\n|poke|p2|Tatsugiri, L50, F|\n|teampreview|4\n|inactive|Battle timer is ON: inactive players will automatically lose when time's up. (requested by LechonkBro)\n|inactive|mlbd1 also wants the timer to be on.\n|\n|t:|1775154864\n|teamsize|p1|4\n|teamsize|p2|4\n|start\n|switch|p1a: Miraidon|Miraidon, L50|100/100\n|switch|p1b: Volcarona|Volcarona, L50, F|100/100\n|switch|p2a: Chien-Pao|Chien-Pao, L50|100/100\n|switch|p2b: Zamazenta|Zamazenta-Crowned, L50|100/100\n|-fieldstart|move: Electric Terrain|[from] ability: Hadron Engine|[of] p1a: Miraidon\n|-ability|p2a: Chien-Pao|Sword of Ruin\n|-ability|p2b: Zamazenta|Dauntless Shield|boost\n|-boost|p2b: Zamazenta|def|1\n|turn|1\n|\n|t:|1775154876\n|move|p2b: Zamazenta|Protect|p2b: Zamazenta\n|-singleturn|p2b: Zamazenta|Protect\n|move|p1a: Miraidon|Volt Switch|p2a: Chien-Pao\n|-enditem|p2a: Chien-Pao|Focus Sash\n|-damage|p2a: Chien-Pao|1/100\n|\n|t:|1775154880\n|switch|p1a: Urshifu|Urshifu-Rapid-Strike, L50, M|100/100|[from] Volt Switch\n|move|p2a: Chien-Pao|Taunt|p1b: Volcarona\n|-start|p1b: Volcarona|move: Taunt\n|move|p1b: Volcarona|Fiery Dance|p2a: Chien-Pao\n|-supereffective|p2a: Chien-Pao\n|-damage|p2a: Chien-Pao|0 fnt\n|faint|p2a: Chien-Pao\n|\n|upkeep\n|\n|t:|1775154891\n|switch|p2a: Calyrex|Calyrex-Shadow, L50|100/100\n|-ability|p2a: Calyrex|As One\n|-ability|p2a: Calyrex|Unnerve\n|turn|2\n|\n|t:|1775154909\n|move|p1a: Urshifu|Aqua Jet|p2a: Calyrex\n|-damage|p2a: Calyrex|73/100\n|move|p2a: Calyrex|Astral Barrage|p1b: Volcarona|[spread] p1a,p1b\n|-damage|p1a: Urshifu|16/100\n|-damage|p1b: Volcarona|52/100\n|move|p2b: Zamazenta|Body Press|p1a: Urshifu\n|-damage|p1a: Urshifu|0 fnt\n|faint|p1a: Urshifu\n|move|p1b: Volcarona|Fiery Dance|p2b: Zamazenta\n|-supereffective|p2b: Zamazenta\n|-damage|p2b: Zamazenta|45/100\n|\n|upkeep\n|\n|t:|1775154913\n|switch|p1a: Miraidon|Miraidon, L50|100/100\n|-activate|p1a: Miraidon|ability: Hadron Engine\n|turn|3\n|\n|t:|1775154929\n|-terastallize|p2a: Calyrex|Ghost\n|-terastallize|p1a: Miraidon|Electric\n|move|p2a: Calyrex|Astral Barrage|p1b: Volcarona|[spread] p1a,p1b\n|-damage|p1a: Miraidon|42/100\n|-damage|p1b: Volcarona|0 fnt\n|faint|p1b: Volcarona\n|-ability|p2a: Calyrex|Grim Neigh|boost\n|-boost|p2a: Calyrex|spa|1\n|move|p1a: Miraidon|Volt Switch|p2a: Calyrex\n|-damage|p2a: Calyrex|0 fnt\n|faint|p2a: Calyrex\n|\n|t:|1775154935\n|switch|p1a: Ogerpon|Ogerpon-Cornerstone, L50, F|100/100|[from] Volt Switch\n|move|p2b: Zamazenta|Body Press|p1a: Ogerpon\n|-supereffective|p1a: Ogerpon\n|-ability|p1a: Ogerpon|Sturdy\n|-damage|p1a: Ogerpon|1/100\n|\n|upkeep\n|\n|t:|1775154947\n|switch|p2a: Dragonite|Dragonite, L50, F|100/100\n|switch|p1b: Miraidon|Miraidon, L50, tera:Electric|42/100\n|-activate|p1b: Miraidon|ability: Hadron Engine\n|turn|4\n|\n|t:|1775154955\n|move|p1a: Ogerpon|Spiky Shield|p1a: Ogerpon\n|-singleturn|p1a: Ogerpon|move: Protect\n|move|p2a: Dragonite|Extreme Speed|p1b: Miraidon\n|-damage|p1b: Miraidon|0 fnt\n|faint|p1b: Miraidon\n|move|p2b: Zamazenta|Body Press|p1a: Ogerpon\n|-activate|p1a: Ogerpon|move: Protect\n|-damage|p2b: Zamazenta|33/100|[from] Spiky Shield|[of] p1a: Ogerpon\n|\n|upkeep\n|turn|5\n|-message|mlbd1 forfeited.\n|\n|win|LechonkBro\n|raw|mlbd1's rating: 1581 &rarr; <strong>1557</strong><br />(-24 for losing)\n|raw|LechonkBro's rating: 1509 &rarr; <strong>1533</strong><br />(+24 for winning)\n|l|\u2606mlbd1\n|player|p1|\n|l|\u2606LechonkBro\n|player|p2|\n","uploadtime":1775155130,"views":21,"formatid":"gen9vgc2026regi","rating":1533,"private":0,"password":null}