{"id":"gen9vgc2026regi-2560004030","format":"[Gen 9] VGC 2026 Reg I","players":["mynameisliu","BanKingambit69247"],"log":"|j|\u2606mynameisliu\n|j|\u2606BanKingambit69247\n|t:|1773634541\n|gametype|doubles\n|player|p1|mynameisliu|1|1317\n|player|p2|BanKingambit69247|102|1435\n|gen|9\n|tier|[Gen 9] VGC 2026 Reg I\n|rated|\n|rule|Species Clause: Limit one of each Pok\u00e9mon\n|rule|Item Clause: Limit 1 of each item\n|clearpoke\n|poke|p1|Armarouge, L50, M|\n|poke|p1|Indeedee-F, L50, F|\n|poke|p1|Torkoal, L50, M|\n|poke|p1|Ursaluna-Bloodmoon, L50, M|\n|poke|p1|Terapagos, L50, M|\n|poke|p1|Annihilape, L50, F|\n|poke|p2|Calyrex-Shadow, L50|\n|poke|p2|Zamazenta-*, L50|\n|poke|p2|Chien-Pao, L50|\n|poke|p2|Smeargle, L50, F|\n|poke|p2|Dondozo, L50, M|\n|poke|p2|Tatsugiri, L50, M|\n|teampreview|4\n|inactive|Battle timer is ON: inactive players will automatically lose when time's up. (requested by BanKingambit69247)\n|inactive|mynameisliu has 60 seconds left.\n|\n|t:|1773634605\n|teamsize|p1|4\n|teamsize|p2|4\n|start\n|switch|p1a: Indeedee|Indeedee-F, L50, F|100/100\n|switch|p1b: Annihilape|Annihilape, L50, F|100/100\n|switch|p2a: \u6211\u5927\u54e5|Smeargle, L50, F|100/100\n|switch|p2b: \u8bf6\u4f60\u600e\u4e48\u6b7b\u4e86?\u267f\u267f\u267f|Calyrex-Shadow, L50|100/100\n|-ability|p2b: \u8bf6\u4f60\u600e\u4e48\u6b7b\u4e86?\u267f\u267f\u267f|As One\n|-ability|p2b: \u8bf6\u4f60\u600e\u4e48\u6b7b\u4e86?\u267f\u267f\u267f|Unnerve\n|-fieldstart|move: Psychic Terrain|[from] ability: Psychic Surge|[of] p1a: Indeedee\n|turn|1\n|\n|t:|1773634620\n|move|p2a: \u6211\u5927\u54e5|Follow Me|p2a: \u6211\u5927\u54e5\n|-singleturn|p2a: \u6211\u5927\u54e5|move: Follow Me\n|move|p1b: Annihilape|Final Gambit|p2a: \u6211\u5927\u54e5\n|-enditem|p2a: \u6211\u5927\u54e5|Focus Sash\n|-damage|p2a: \u6211\u5927\u54e5|1/100\n|faint|p1b: Annihilape\n|move|p2b: \u8bf6\u4f60\u600e\u4e48\u6b7b\u4e86?\u267f\u267f\u267f|Expanding Force|p1a: Indeedee\n|-resisted|p1a: Indeedee\n|-damage|p1a: Indeedee|35/100\n|move|p1a: Indeedee|Dazzling Gleam|p2a: \u6211\u5927\u54e5|[spread] p2a,p2b\n|-damage|p2a: \u6211\u5927\u54e5|0 fnt\n|-damage|p2b: \u8bf6\u4f60\u600e\u4e48\u6b7b\u4e86?\u267f\u267f\u267f|87/100\n|faint|p2a: \u6211\u5927\u54e5\n|\n|upkeep\n|\n|t:|1773634633\n|switch|p1b: Terapagos|Terapagos, L50, M|100/100\n|switch|p2a: \u773c\u795e\u5446\u6ede\ud83e\udd2a|Dondozo, L50, M, shiny|100/100\n|-activate|p1b: Terapagos|ability: Tera Shift\n|detailschange|p1b: Terapagos|Terapagos-Terastal, L50, M\n|-heal|p1b: Terapagos|100/100|[silent]\n|turn|2\n|inactive|mynameisliu has 30 seconds left.\n|inactive|mynameisliu has 20 seconds left.\n|inactive|mynameisliu has 15 seconds left.\n|inactive|mynameisliu has 10 seconds left.\n|inactive|mynameisliu has 5 seconds left.\n|\n|t:|1773634685\n|switch|p2b: \u68d5\u8272\u5c0f\u6590\u6d4e\u5317\ud83d\ude0b|Tatsugiri, L50, M, shiny|100/100\n|-activate|p2b: \u68d5\u8272\u5c0f\u6590\u6d4e\u5317\ud83d\ude0b|ability: Commander|[of] p2a: \u773c\u795e\u5446\u6ede\ud83e\udd2a\n|-boost|p2a: \u773c\u795e\u5446\u6ede\ud83e\udd2a|atk|2\n|-boost|p2a: \u773c\u795e\u5446\u6ede\ud83e\udd2a|spa|2\n|-boost|p2a: \u773c\u795e\u5446\u6ede\ud83e\udd2a|spe|2\n|-boost|p2a: \u773c\u795e\u5446\u6ede\ud83e\udd2a|def|2\n|-boost|p2a: \u773c\u795e\u5446\u6ede\ud83e\udd2a|spd|2\n|move|p1a: Indeedee|Follow Me|p1a: Indeedee\n|-singleturn|p1a: Indeedee|move: Follow Me\n|move|p2a: \u773c\u795e\u5446\u6ede\ud83e\udd2a|Earthquake|p1b: Terapagos|[spread] p1a,p1b\n|-miss|p2a: \u773c\u795e\u5446\u6ede\ud83e\udd2a|p2b: \u68d5\u8272\u5c0f\u6590\u6d4e\u5317\ud83d\ude0b\n|-activate|p1b: Terapagos|ability: Tera Shell\n|-resisted|p1b: Terapagos\n|-damage|p1a: Indeedee|3/100\n|-damage|p1b: Terapagos|90/100\n|move|p1b: Terapagos|Calm Mind|p1b: Terapagos\n|-boost|p1b: Terapagos|spa|1\n|-boost|p1b: Terapagos|spd|1\n|\n|-heal|p1b: Terapagos|96/100|[from] item: Leftovers\n|upkeep\n|turn|3\n|inactive|mynameisliu has 30 seconds left.\n|\n|t:|1773634711\n|-terastallize|p1b: Terapagos|Stellar\n|detailschange|p1b: Terapagos|Terapagos-Stellar, L50, M, tera:Stellar\n|-heal|p1b: Terapagos|97/100|[silent]\n|-ability|p1b: Terapagos|Teraform Zero\n|-fieldend|move: Psychic Terrain\n|move|p2a: \u773c\u795e\u5446\u6ede\ud83e\udd2a|Order Up|p1a: Indeedee\n|-damage|p1a: Indeedee|0 fnt\n|faint|p1a: Indeedee\n|-boost|p2a: \u773c\u795e\u5446\u6ede\ud83e\udd2a|atk|1\n|move|p1b: Terapagos|Tera Starstorm|p2a: \u773c\u795e\u5446\u6ede\ud83e\udd2a|[spread] p2a\n|-miss|p1b: Terapagos|p2b: \u68d5\u8272\u5c0f\u6590\u6d4e\u5317\ud83d\ude0b\n|-crit|p2a: \u773c\u795e\u5446\u6ede\ud83e\udd2a\n|-damage|p2a: \u773c\u795e\u5446\u6ede\ud83e\udd2a|63/100\n|\n|-heal|p2a: \u773c\u795e\u5446\u6ede\ud83e\udd2a|69/100|[from] item: Leftovers\n|-heal|p1b: Terapagos|100/100|[from] item: Leftovers\n|upkeep\n|\n|t:|1773634727\n|switch|p1a: Ursaluna|Ursaluna-Bloodmoon, L50, M|100/100\n|turn|4\n|\n|t:|1773634736\n|move|p2a: \u773c\u795e\u5446\u6ede\ud83e\udd2a|Protect|p2a: \u773c\u795e\u5446\u6ede\ud83e\udd2a\n|-singleturn|p2a: \u773c\u795e\u5446\u6ede\ud83e\udd2a|Protect\n|move|p1b: Terapagos|Tera Starstorm|p2a: \u773c\u795e\u5446\u6ede\ud83e\udd2a|[spread] \n|-miss|p1b: Terapagos|p2b: \u68d5\u8272\u5c0f\u6590\u6d4e\u5317\ud83d\ude0b\n|-activate|p2a: \u773c\u795e\u5446\u6ede\ud83e\udd2a|move: Protect\n|move|p1a: Ursaluna|Blood Moon|p2a: \u773c\u795e\u5446\u6ede\ud83e\udd2a\n|-activate|p2a: \u773c\u795e\u5446\u6ede\ud83e\udd2a|move: Protect\n|\n|-heal|p2a: \u773c\u795e\u5446\u6ede\ud83e\udd2a|75/100|[from] item: Leftovers\n|upkeep\n|turn|5\n|\n|t:|1773634751\n|move|p2a: \u773c\u795e\u5446\u6ede\ud83e\udd2a|Wave Crash|p1a: Ursaluna\n|-supereffective|p1a: Ursaluna\n|-damage|p1a: Ursaluna|0 fnt\n|faint|p1a: Ursaluna\n|-damage|p2a: \u773c\u795e\u5446\u6ede\ud83e\udd2a|47/100|[from] Recoil\n|move|p1b: Terapagos|Tera Starstorm|p2b: \u68d5\u8272\u5c0f\u6590\u6d4e\u5317\ud83d\ude0b|[spread] p2a\n|-miss|p1b: Terapagos|p2b: \u68d5\u8272\u5c0f\u6590\u6d4e\u5317\ud83d\ude0b\n|-crit|p2a: \u773c\u795e\u5446\u6ede\ud83e\udd2a\n|-damage|p2a: \u773c\u795e\u5446\u6ede\ud83e\udd2a|3/100\n|\n|-heal|p2a: \u773c\u795e\u5446\u6ede\ud83e\udd2a|9/100|[from] item: Leftovers\n|upkeep\n|turn|6\n|\n|t:|1773634765\n|move|p2a: \u773c\u795e\u5446\u6ede\ud83e\udd2a|Protect|p2a: \u773c\u795e\u5446\u6ede\ud83e\udd2a\n|-singleturn|p2a: \u773c\u795e\u5446\u6ede\ud83e\udd2a|Protect\n|move|p1b: Terapagos|Tera Starstorm|p2b: \u68d5\u8272\u5c0f\u6590\u6d4e\u5317\ud83d\ude0b|[spread] \n|-miss|p1b: Terapagos|p2b: \u68d5\u8272\u5c0f\u6590\u6d4e\u5317\ud83d\ude0b\n|-activate|p2a: \u773c\u795e\u5446\u6ede\ud83e\udd2a|move: Protect\n|\n|-heal|p2a: \u773c\u795e\u5446\u6ede\ud83e\udd2a|16/100|[from] item: Leftovers\n|upkeep\n|turn|7\n|\n|t:|1773634773\n|move|p2a: \u773c\u795e\u5446\u6ede\ud83e\udd2a|Wave Crash|p1b: Terapagos\n|-damage|p1b: Terapagos|47/100\n|-damage|p2a: \u773c\u795e\u5446\u6ede\ud83e\udd2a|0 fnt|[from] Recoil\n|faint|p2a: \u773c\u795e\u5446\u6ede\ud83e\udd2a\n|move|p1b: Terapagos|Tera Starstorm|p2b: \u68d5\u8272\u5c0f\u6590\u6d4e\u5317\ud83d\ude0b\n|-damage|p2b: \u68d5\u8272\u5c0f\u6590\u6d4e\u5317\ud83d\ude0b|17/100\n|\n|-heal|p1b: Terapagos|53/100|[from] item: Leftovers\n|upkeep\n|\n|t:|1773634775\n|switch|p2a: \u8bf6\u4f60\u600e\u4e48\u6b7b\u4e86?\u267f\u267f\u267f|Calyrex-Shadow, L50|87/100\n|-ability|p2a: \u8bf6\u4f60\u600e\u4e48\u6b7b\u4e86?\u267f\u267f\u267f|As One\n|-ability|p2a: \u8bf6\u4f60\u600e\u4e48\u6b7b\u4e86?\u267f\u267f\u267f|Unnerve\n|turn|8\n|\n|t:|1773634785\n|move|p2a: \u8bf6\u4f60\u600e\u4e48\u6b7b\u4e86?\u267f\u267f\u267f|Expanding Force|p1b: Terapagos\n|-damage|p1b: Terapagos|22/100\n|move|p2b: \u68d5\u8272\u5c0f\u6590\u6d4e\u5317\ud83d\ude0b|Dragon Pulse|p1b: Terapagos\n|-damage|p1b: Terapagos|6/100\n|move|p1b: Terapagos|Tera Starstorm|p2a: \u8bf6\u4f60\u600e\u4e48\u6b7b\u4e86?\u267f\u267f\u267f|[spread] p2a,p2b\n|-damage|p2a: \u8bf6\u4f60\u600e\u4e48\u6b7b\u4e86?\u267f\u267f\u267f|35/100\n|-damage|p2b: \u68d5\u8272\u5c0f\u6590\u6d4e\u5317\ud83d\ude0b|0 fnt\n|faint|p2b: \u68d5\u8272\u5c0f\u6590\u6d4e\u5317\ud83d\ude0b\n|\n|-heal|p1b: Terapagos|12/100|[from] item: Leftovers\n|upkeep\n|turn|9\n|\n|t:|1773634797\n|move|p1b: Terapagos|Protect|p1b: Terapagos\n|-singleturn|p1b: Terapagos|Protect\n|move|p2a: \u8bf6\u4f60\u600e\u4e48\u6b7b\u4e86?\u267f\u267f\u267f|Expanding Force|p1b: Terapagos\n|-activate|p1b: Terapagos|move: Protect\n|\n|-heal|p1b: Terapagos|18/100|[from] item: Leftovers\n|upkeep\n|turn|10\n|\n|t:|1773634803\n|move|p2a: \u8bf6\u4f60\u600e\u4e48\u6b7b\u4e86?\u267f\u267f\u267f|Expanding Force|p1b: Terapagos\n|-damage|p1b: Terapagos|0 fnt\n|faint|p1b: Terapagos\n|detailschange|p1: Terapagos|Terapagos, L50, M|[silent]\n|\n|win|BanKingambit69247\n|raw|mynameisliu's rating: 1317 &rarr; <strong>1304</strong><br />(-13 for losing)\n|raw|BanKingambit69247's rating: 1435 &rarr; <strong>1448</strong><br />(+13 for winning)\n|l|\u2606mynameisliu\n|player|p1|\n|l|\u2606BanKingambit69247\n|player|p2|\n","uploadtime":1773634806,"views":10,"formatid":"gen9vgc2026regi","rating":1304,"private":0,"password":null}