{"id":"gen9vgc2026regi-2568980085","format":"[Gen 9] VGC 2026 Reg I","players":["tinkatonbeliever","CodedCrash"],"log":"|j|\u2606tinkatonbeliever\n|j|\u2606CodedCrash\n|t:|1774638161\n|gametype|doubles\n|player|p1|tinkatonbeliever|170|1385\n|player|p2|CodedCrash|allister-masters|1470\n|gen|9\n|tier|[Gen 9] VGC 2026 Reg I\n|rated|\n|rule|Species Clause: Limit one of each Pok\u00e9mon\n|rule|Item Clause: Limit 1 of each item\n|clearpoke\n|poke|p1|Kyogre, L50|\n|poke|p1|Tornadus, L50, M|\n|poke|p1|Incineroar, L50, M|\n|poke|p1|Tinkaton, L50, F|\n|poke|p1|Calyrex-Ice, L50|\n|poke|p1|Landorus, L50, M|\n|poke|p2|Raging Bolt, L50|\n|poke|p2|Kyogre, L50|\n|poke|p2|Roaring Moon, L50|\n|poke|p2|Amoonguss, L50, F|\n|poke|p2|Chien-Pao, L50|\n|poke|p2|Zamazenta-*, L50|\n|teampreview|4\n|inactive|Battle timer is ON: inactive players will automatically lose when time's up. (requested by tinkatonbeliever)\n|inactive|tinkatonbeliever has 60 seconds left.\n|inactive|CodedCrash has 60 seconds left.\n|\n|t:|1774638215\n|teamsize|p1|4\n|teamsize|p2|4\n|start\n|switch|p1a: Tinkaton|Tinkaton, L50, F|100/100\n|switch|p1b: Landorus|Landorus, L50, M|100/100\n|switch|p2a: Zamazenta|Zamazenta-Crowned, L50|100/100\n|switch|p2b: Chien-Pao|Chien-Pao, L50|100/100\n|-ability|p2b: Chien-Pao|Sword of Ruin\n|-ability|p2a: Zamazenta|Dauntless Shield|boost\n|-boost|p2a: Zamazenta|def|1\n|-ability|p1a: Tinkaton|Mold Breaker\n|turn|1\n|inactive|CodedCrash has 30 seconds left.\n|inactive|CodedCrash has 20 seconds left.\n|\n|t:|1774638254\n|switch|p2a: Amoonguss|Amoonguss, L50, F|100/100\n|-terastallize|p2b: Chien-Pao|Ghost\n|move|p1a: Tinkaton|Feint|p2b: Chien-Pao\n|-immune|p2b: Chien-Pao\n|move|p2b: Chien-Pao|Ice Spinner|p1b: Landorus\n|-supereffective|p1b: Landorus\n|-damage|p1b: Landorus|0 fnt\n|faint|p1b: Landorus\n|\n|upkeep\n|\n|t:|1774638262\n|switch|p1b: Tornadus|Tornadus, L50, M|100/100\n|turn|2\n|\n|t:|1774638272\n|move|p1b: Tornadus|Tailwind|p1b: Tornadus\n|-sidestart|p1: tinkatonbeliever|move: Tailwind\n|move|p1a: Tinkaton|Gigaton Hammer|p2a: Amoonguss\n|-damage|p2a: Amoonguss|48/100\n|move|p2b: Chien-Pao|Ice Spinner|p1b: Tornadus\n|-supereffective|p1b: Tornadus\n|-enditem|p1b: Tornadus|Focus Sash\n|-damage|p1b: Tornadus|1/100\n|move|p2a: Amoonguss|Spore|p1a: Tinkaton\n|-status|p1a: Tinkaton|slp|[from] move: Spore\n|\n|upkeep\n|turn|3\n|\n|t:|1774638290\n|move|p2b: Chien-Pao|Sucker Punch|p1b: Tornadus\n|-damage|p1b: Tornadus|0 fnt\n|faint|p1b: Tornadus\n|cant|p1a: Tinkaton|slp\n|move|p2a: Amoonguss|Pollen Puff|p1a: Tinkaton\n|-resisted|p1a: Tinkaton\n|-damage|p1a: Tinkaton|98/100 slp\n|\n|upkeep\n|\n|t:|1774638292\n|switch|p1b: Kyogre|Kyogre, L50|100/100\n|-weather|RainDance|[from] ability: Drizzle|[of] p1b: Kyogre\n|turn|4\n|\n|t:|1774638304\n|switch|p2a: Kyogre|Kyogre, L50|100/100\n|move|p2b: Chien-Pao|Sucker Punch|p1b: Kyogre\n|-damage|p1b: Kyogre|55/100\n|cant|p1a: Tinkaton|slp\n|move|p1b: Kyogre|Origin Pulse|p2b: Chien-Pao|[spread] p2a,p2b\n|-resisted|p2a: Kyogre\n|-damage|p2a: Kyogre|59/100\n|-enditem|p2b: Chien-Pao|Focus Sash\n|-damage|p2b: Chien-Pao|1/100\n|\n|-weather|RainDance|[upkeep]\n|upkeep\n|turn|5\n|\n|t:|1774638319\n|-terastallize|p1a: Tinkaton|Dragon\n|move|p2b: Chien-Pao|Sucker Punch|p1b: Kyogre\n|-damage|p1b: Kyogre|8/100\n|-curestatus|p1a: Tinkaton|slp|[msg]\n|move|p1a: Tinkaton|Play Rough|p2a: Kyogre\n|-damage|p2a: Kyogre|18/100\n|move|p1b: Kyogre|Origin Pulse|p2a: Kyogre|[spread] p2a,p2b\n|-resisted|p2a: Kyogre\n|-damage|p2a: Kyogre|0 fnt\n|-damage|p2b: Chien-Pao|0 fnt\n|faint|p2a: Kyogre\n|faint|p2b: Chien-Pao\n|\n|-weather|RainDance|[upkeep]\n|-sideend|p1: tinkatonbeliever|move: Tailwind\n|upkeep\n|\n|t:|1774638327\n|switch|p2b: Zamazenta|Zamazenta-Crowned, L50|100/100\n|switch|p2a: Amoonguss|Amoonguss, L50, F|81/100\n|turn|6\n|\n|t:|1774638336\n|move|p1a: Tinkaton|Feint|p2a: Amoonguss\n|-damage|p2a: Amoonguss|77/100\n|move|p2b: Zamazenta|Body Press|p1b: Kyogre\n|-damage|p1b: Kyogre|0 fnt\n|faint|p1b: Kyogre\n|move|p2a: Amoonguss|Spore|p1a: Tinkaton\n|-status|p1a: Tinkaton|slp|[from] move: Spore\n|\n|-weather|RainDance|[upkeep]\n|upkeep\n|turn|7\n|-message|tinkatonbeliever forfeited.\n|\n|win|CodedCrash\n|raw|tinkatonbeliever's rating: 1385 &rarr; <strong>1370</strong><br />(-15 for losing)\n|raw|CodedCrash's rating: 1470 &rarr; <strong>1485</strong><br />(+15 for winning)\n|l|\u2606tinkatonbeliever\n|player|p1|\n|l|\u2606CodedCrash\n|player|p2|\n","uploadtime":1774638492,"views":11,"formatid":"gen9vgc2026regi","rating":1370,"private":0,"password":null}