{"id":"gen9vgc2026regi-2573585484","format":"[Gen 9] VGC 2026 Reg I","players":["LechonkBro","bullgod4ever"],"log":"|j|\u2606LechonkBro\n|j|\u2606bullgod4ever\n|t:|1775148758\n|gametype|doubles\n|player|p1|LechonkBro|266|1508\n|player|p2|bullgod4ever|266|1607\n|gen|9\n|tier|[Gen 9] VGC 2026 Reg I\n|rated|\n|rule|Species Clause: Limit one of each Pok\u00e9mon\n|rule|Item Clause: Limit 1 of each item\n|clearpoke\n|poke|p1|Chien-Pao, L50|\n|poke|p1|Calyrex-Shadow, L50|\n|poke|p1|Dondozo, L50, F|\n|poke|p1|Zamazenta-*, L50|\n|poke|p1|Dragonite, L50, F|\n|poke|p1|Tatsugiri, L50, F|\n|poke|p2|Brute Bonnet, L50|\n|poke|p2|Lunala, L50|\n|poke|p2|Flutter Mane, L50|\n|poke|p2|Landorus, L50, M|\n|poke|p2|Incineroar, L50, F|\n|poke|p2|Koraidon, L50|\n|teampreview|4\n|inactive|Battle timer is ON: inactive players will automatically lose when time's up. (requested by LechonkBro)\n|inactive|LechonkBro has 60 seconds left.\n|inactive|bullgod4ever has 60 seconds left.\n|\n|t:|1775148803\n|teamsize|p1|4\n|teamsize|p2|4\n|start\n|switch|p1a: Chien-Pao|Chien-Pao, L50|100/100\n|switch|p1b: Zamazenta|Zamazenta-Crowned, L50|100/100\n|switch|p2a: Lunala|Lunala, L50|100/100\n|switch|p2b: Landorus|Landorus, L50, M|100/100\n|-ability|p1a: Chien-Pao|Sword of Ruin\n|-ability|p1b: Zamazenta|Dauntless Shield|boost\n|-boost|p1b: Zamazenta|def|1\n|turn|1\n|\n|t:|1775148820\n|-terastallize|p2b: Landorus|Ground\n|move|p1b: Zamazenta|Wide Guard|p1b: Zamazenta\n|-singleturn|p1b: Zamazenta|Wide Guard\n|move|p2b: Landorus|Sandsear Storm|p1a: Chien-Pao|[spread] \n|-activate|p1a: Chien-Pao|move: Wide Guard\n|-activate|p1b: Zamazenta|move: Wide Guard\n|move|p1a: Chien-Pao|Ice Spinner|p2b: Landorus\n|-supereffective|p2b: Landorus\n|-damage|p2b: Landorus|0 fnt\n|faint|p2b: Landorus\n|move|p2a: Lunala|Meteor Beam||[still]\n|-prepare|p2a: Lunala|Meteor Beam\n|-boost|p2a: Lunala|spa|1\n|-enditem|p2a: Lunala|Power Herb\n|-anim|p2a: Lunala|Meteor Beam|p1a: Chien-Pao\n|-supereffective|p1a: Chien-Pao\n|-enditem|p1a: Chien-Pao|Focus Sash\n|-damage|p1a: Chien-Pao|1/100\n|\n|upkeep\n|inactive|bullgod4ever has 30 seconds left.\n|\n|t:|1775148845\n|switch|p2b: Koraidon|Koraidon, L50|100/100\n|-weather|SunnyDay|[from] ability: Orichalcum Pulse|[of] p2b: Koraidon\n|-activate|p2b: Koraidon|Orichalcum Pulse|[source]\n|turn|2\n|c|\u2606LechonkBro|lost your tera to that, bruh\n|\n|t:|1775148864\n|move|p2b: Koraidon|Protect|p2b: Koraidon\n|-singleturn|p2b: Koraidon|Protect\n|move|p1b: Zamazenta|Protect|p1b: Zamazenta\n|-singleturn|p1b: Zamazenta|Protect\n|move|p1a: Chien-Pao|Ice Spinner|p2b: Koraidon\n|-activate|p2b: Koraidon|move: Protect\n|move|p2a: Lunala|Moongeist Beam|p1a: Chien-Pao\n|-resisted|p1a: Chien-Pao\n|-damage|p1a: Chien-Pao|0 fnt\n|faint|p1a: Chien-Pao\n|\n|-weather|SunnyDay|[upkeep]\n|upkeep\n|\n|t:|1775148879\n|switch|p1a: Dragonite|Dragonite, L50, F|100/100\n|turn|3\n|inactive|LechonkBro has 30 seconds left.\n|inactive|bullgod4ever has 30 seconds left.\n|inactive|LechonkBro has 20 seconds left.\n|\n|t:|1775148918\n|switch|p2b: Flutter Mane|Flutter Mane, L50|100/100\n|-activate|p2b: Flutter Mane|ability: Protosynthesis\n|-start|p2b: Flutter Mane|protosynthesisspe\n|-terastallize|p1a: Dragonite|Normal\n|move|p1a: Dragonite|Extreme Speed|p2b: Flutter Mane\n|-immune|p2b: Flutter Mane\n|move|p1b: Zamazenta|Body Press|p2b: Flutter Mane\n|-immune|p2b: Flutter Mane\n|move|p2a: Lunala|Moongeist Beam|p1a: Dragonite\n|-immune|p1a: Dragonite\n|\n|-weather|SunnyDay|[upkeep]\n|upkeep\n|turn|4\n|inactive|bullgod4ever has 30 seconds left.\n|\n|t:|1775148953\n|move|p2b: Flutter Mane|Protect|p2b: Flutter Mane\n|-singleturn|p2b: Flutter Mane|Protect\n|move|p1a: Dragonite|Extreme Speed|p2a: Lunala\n|-immune|p2a: Lunala\n|move|p1b: Zamazenta|Behemoth Bash|p2a: Lunala\n|-damage|p2a: Lunala|84/100\n|move|p2a: Lunala|Moongeist Beam|p1b: Zamazenta\n|-damage|p1b: Zamazenta|40/100\n|\n|-weather|SunnyDay|[upkeep]\n|upkeep\n|turn|5\n|inactive|bullgod4ever has 30 seconds left.\n|inactive|bullgod4ever has 20 seconds left.\n|\n|t:|1775148989\n|move|p1a: Dragonite|Extreme Speed|p2a: Lunala\n|-immune|p2a: Lunala\n|move|p2b: Flutter Mane|Moonblast|p1a: Dragonite\n|-damage|p1a: Dragonite|57/100\n|-unboost|p1a: Dragonite|spa|1\n|move|p1b: Zamazenta|Behemoth Bash|p2b: Flutter Mane\n|-supereffective|p2b: Flutter Mane\n|-enditem|p2b: Flutter Mane|Focus Sash\n|-damage|p2b: Flutter Mane|1/100\n|move|p2a: Lunala|Moongeist Beam|p1b: Zamazenta\n|-damage|p1b: Zamazenta|0 fnt\n|faint|p1b: Zamazenta\n|\n|-weather|SunnyDay|[upkeep]\n|upkeep\n|\n|t:|1775149005\n|switch|p1b: Calyrex|Calyrex-Shadow, L50|100/100\n|-ability|p1b: Calyrex|As One\n|-ability|p1b: Calyrex|Unnerve\n|turn|6\n|inactive|bullgod4ever has 30 seconds left.\n|\n|t:|1775149031\n|move|p2a: Lunala|Wide Guard|p2a: Lunala\n|-singleturn|p2a: Lunala|Wide Guard\n|move|p1a: Dragonite|Extreme Speed|p2a: Lunala\n|-immune|p2a: Lunala\n|move|p1b: Calyrex|Shadow Ball|p2b: Flutter Mane\n|-supereffective|p2b: Flutter Mane\n|-damage|p2b: Flutter Mane|0 fnt\n|faint|p2b: Flutter Mane\n|-end|p2b: Flutter Mane|Protosynthesis|[silent]\n|-ability|p1b: Calyrex|Grim Neigh|boost\n|-boost|p1b: Calyrex|spa|1\n|\n|-weather|none\n|upkeep\n|\n|t:|1775149044\n|switch|p2b: Koraidon|Koraidon, L50|100/100\n|-weather|SunnyDay|[from] ability: Orichalcum Pulse|[of] p2b: Koraidon\n|-activate|p2b: Koraidon|Orichalcum Pulse|[source]\n|turn|7\n|inactive|bullgod4ever has 30 seconds left.\n|inactive|bullgod4ever has 20 seconds left.\n|\n|t:|1775149081\n|move|p1a: Dragonite|Extreme Speed|p2b: Koraidon\n|-damage|p2b: Koraidon|36/100\n|move|p1b: Calyrex|Shadow Ball|p2a: Lunala\n|-supereffective|p2a: Lunala\n|-damage|p2a: Lunala|0 fnt\n|faint|p2a: Lunala\n|-ability|p1b: Calyrex|Grim Neigh|boost\n|-boost|p1b: Calyrex|spa|1\n|move|p2b: Koraidon|Flame Charge|p1b: Calyrex\n|-damage|p1b: Calyrex|41/100\n|-boost|p2b: Koraidon|spe|1\n|-damage|p2b: Koraidon|26/100|[from] item: Life Orb\n|\n|-weather|SunnyDay|[upkeep]\n|upkeep\n|turn|8\n|\n|t:|1775149102\n|move|p2b: Koraidon|Protect|p2b: Koraidon\n|-singleturn|p2b: Koraidon|Protect\n|move|p1a: Dragonite|Extreme Speed|p2b: Koraidon\n|-activate|p2b: Koraidon|move: Protect\n|move|p1b: Calyrex|Shadow Ball|p2b: Koraidon\n|-activate|p2b: Koraidon|move: Protect\n|\n|-weather|SunnyDay|[upkeep]\n|upkeep\n|turn|9\n|\n|t:|1775149117\n|move|p2b: Koraidon|Protect||[still]\n|-fail|p2b: Koraidon\n|move|p1a: Dragonite|Extreme Speed|p2b: Koraidon\n|-damage|p2b: Koraidon|0 fnt\n|faint|p2b: Koraidon\n|\n|win|LechonkBro\n|raw|LechonkBro's rating: 1508 &rarr; <strong>1534</strong><br />(+26 for winning)\n|raw|bullgod4ever's rating: 1607 &rarr; <strong>1581</strong><br />(-26 for losing)\n|c|\u2606bullgod4ever|Gg\n|l|\u2606bullgod4ever\n|player|p2|\n|l|\u2606LechonkBro\n|player|p1|\n","uploadtime":1775149334,"views":20,"formatid":"gen9vgc2026regi","rating":1534,"private":0,"password":null}