{"id":"gen9vgc2026regi-2560818959","format":"[Gen 9] VGC 2026 Reg I","players":["Y36","swordsdanceurshifu"],"log":"|j|\u2606Y36\n|j|\u2606swordsdanceurshifu\n|t:|1773732141\n|gametype|doubles\n|player|p1|Y36|170|1230\n|player|p2|swordsdanceurshifu|170|1198\n|gen|9\n|tier|[Gen 9] VGC 2026 Reg I\n|rated|\n|rule|Species Clause: Limit one of each Pok\u00e9mon\n|rule|Item Clause: Limit 1 of each item\n|clearpoke\n|poke|p1|Calyrex-Ice, L50|\n|poke|p1|Miraidon, L50|\n|poke|p1|Landorus, L50, M|\n|poke|p1|Amoonguss, L50, F|\n|poke|p1|Urshifu-*, L50, F|\n|poke|p1|Incineroar, L50, M|\n|poke|p2|Miraidon, L50|\n|poke|p2|Koraidon, L50|\n|poke|p2|Flutter Mane, L50|\n|poke|p2|Landorus, L50, M|\n|poke|p2|Toxapex, L50, M|\n|poke|p2|Incineroar, L50, M|\n|teampreview|4\n|inactive|Battle timer is ON: inactive players will automatically lose when time's up. (requested by swordsdanceurshifu)\n|inactive|swordsdanceurshifu has 60 seconds left.\n|\n|t:|1773732181\n|teamsize|p1|4\n|teamsize|p2|4\n|start\n|switch|p1a: Calyrex|Calyrex-Ice, L50|100/100\n|switch|p1b: Incineroar|Incineroar, L50, M|100/100\n|switch|p2a: Miraidon|Miraidon, L50|100/100\n|switch|p2b: Incineroar|Incineroar, L50, M|100/100\n|-ability|p1a: Calyrex|As One\n|-ability|p1a: Calyrex|Unnerve\n|-fieldstart|move: Electric Terrain|[from] ability: Hadron Engine|[of] p2a: Miraidon\n|-ability|p2b: Incineroar|Intimidate|boost\n|-unboost|p1a: Calyrex|atk|1\n|-unboost|p1b: Incineroar|atk|1\n|-ability|p1b: Incineroar|Intimidate|boost\n|-unboost|p2a: Miraidon|atk|1\n|-unboost|p2b: Incineroar|atk|1\n|turn|1\n|inactive|Y36 has 30 seconds left.\n|\n|t:|1773732207\n|switch|p1a: Landorus|Landorus, L50, M|100/100\n|move|p2b: Incineroar|Fake Out|p1b: Incineroar\n|-damage|p1b: Incineroar|94/100\n|cant|p1b: Incineroar|flinch\n|move|p2a: Miraidon|Volt Switch|p1b: Incineroar\n|-crit|p1b: Incineroar\n|-damage|p1b: Incineroar|32/100\n|\n|t:|1773732215\n|switch|p2a: Koraidon|Koraidon, L50|100/100|[from] Volt Switch\n|-weather|SunnyDay|[from] ability: Orichalcum Pulse|[of] p2a: Koraidon\n|-activate|p2a: Koraidon|Orichalcum Pulse|[source]\n|-enditem|p2a: Koraidon|Electric Seed\n|-boost|p2a: Koraidon|def|1|[from] item: Electric Seed\n|\n|-weather|SunnyDay|[upkeep]\n|upkeep\n|turn|2\n|inactive|Y36 has 30 seconds left.\n|inactive|Y36 has 20 seconds left.\n|\n|t:|1773732253\n|switch|p1b: Calyrex|Calyrex-Ice, L50|100/100\n|-ability|p1b: Calyrex|As One\n|-ability|p1b: Calyrex|Unnerve\n|move|p2a: Koraidon|Flare Blitz|p1a: Landorus\n|-damage|p1a: Landorus|26/100\n|-damage|p2a: Koraidon|77/100|[from] Recoil\n|move|p1a: Landorus|Earth Power|p2a: Koraidon\n|-damage|p2a: Koraidon|20/100\n|move|p2b: Incineroar|U-turn|p1b: Calyrex\n|-supereffective|p1b: Calyrex\n|-damage|p1b: Calyrex|82/100\n|\n|t:|1773732276\n|switch|p2b: Miraidon|Miraidon, L50|100/100|[from] U-turn\n|-activate|p2b: Miraidon|ability: Hadron Engine\n|\n|-weather|SunnyDay|[upkeep]\n|-heal|p1b: Calyrex|88/100|[from] item: Leftovers\n|upkeep\n|turn|3\n|\n|t:|1773732291\n|-terastallize|p1b: Calyrex|Fairy\n|move|p1a: Landorus|Protect|p1a: Landorus\n|-singleturn|p1a: Landorus|Protect\n|move|p2b: Miraidon|Volt Switch|p1b: Calyrex\n|-damage|p1b: Calyrex|48/100\n|\n|t:|1773732302\n|switch|p2b: Incineroar|Incineroar, L50, M|100/100|[from] Volt Switch\n|-ability|p2b: Incineroar|Intimidate|boost\n|-unboost|p1a: Landorus|atk|1\n|-unboost|p1b: Calyrex|atk|1\n|move|p2a: Koraidon|Flare Blitz|p1a: Landorus\n|-activate|p1a: Landorus|move: Protect\n|move|p1b: Calyrex|Trick Room|p1b: Calyrex\n|-fieldstart|move: Trick Room|[of] p1b: Calyrex\n|\n|-weather|SunnyDay|[upkeep]\n|-heal|p1b: Calyrex|54/100|[from] item: Leftovers\n|upkeep\n|turn|4\n|\n|t:|1773732324\n|switch|p2a: Toxapex|Toxapex, L50, M|100/100\n|move|p1b: Calyrex|Glacial Lance|p2a: Toxapex|[spread] p2a,p2b\n|-resisted|p2a: Toxapex\n|-resisted|p2b: Incineroar\n|-damage|p2a: Toxapex|87/100\n|-damage|p2b: Incineroar|85/100\n|move|p2b: Incineroar|Flare Blitz|p1a: Landorus\n|-damage|p1a: Landorus|0 fnt\n|faint|p1a: Landorus\n|-damage|p2b: Incineroar|77/100|[from] Recoil\n|\n|-weather|SunnyDay|[upkeep]\n|-heal|p1b: Calyrex|60/100|[from] item: Leftovers\n|upkeep\n|\n|t:|1773732340\n|switch|p1a: Miraidon|Miraidon, L50|100/100\n|-activate|p1a: Miraidon|ability: Hadron Engine\n|turn|5\n|inactive|Y36 has 30 seconds left.\n|inactive|swordsdanceurshifu has 30 seconds left.\n|inactive|swordsdanceurshifu has 20 seconds left.\n|\n|t:|1773732378\n|move|p2a: Toxapex|Baneful Bunker|p2a: Toxapex\n|-singleturn|p2a: Toxapex|move: Protect\n|move|p1b: Calyrex|Leech Seed|p2a: Toxapex\n|-activate|p2a: Toxapex|move: Protect\n|move|p2b: Incineroar|Knock Off|p1a: Miraidon\n|-crit|p1a: Miraidon\n|-damage|p1a: Miraidon|37/100\n|-enditem|p1a: Miraidon|Magnet|[from] move: Knock Off|[of] p2b: Incineroar\n|move|p1a: Miraidon|Dragon Pulse|p2a: Toxapex\n|-activate|p2a: Toxapex|move: Protect\n|\n|-weather|none\n|-heal|p1b: Calyrex|66/100|[from] item: Leftovers\n|-fieldend|move: Electric Terrain\n|upkeep\n|turn|6\n|inactive|swordsdanceurshifu has 30 seconds left.\n|\n|t:|1773732411\n|move|p1b: Calyrex|Leech Seed|p2b: Incineroar|[miss]\n|-miss|p1b: Calyrex|p2b: Incineroar\n|move|p2a: Toxapex|Toxic|p1b: Calyrex\n|-status|p1b: Calyrex|tox\n|move|p2b: Incineroar|U-turn|p1a: Miraidon\n|-damage|p1a: Miraidon|17/100\n|\n|t:|1773732421\n|switch|p2b: Koraidon|Koraidon, L50|20/100|[from] U-turn\n|-weather|SunnyDay|[from] ability: Orichalcum Pulse|[of] p2b: Koraidon\n|-activate|p2b: Koraidon|Orichalcum Pulse|[source]\n|move|p1a: Miraidon|Volt Switch|p2b: Koraidon\n|-resisted|p2b: Koraidon\n|-damage|p2b: Koraidon|3/100\n|\n|t:|1773732430\n|switch|p1a: Incineroar|Incineroar, L50, M|32/100|[from] Volt Switch\n|-ability|p1a: Incineroar|Intimidate|boost\n|-unboost|p2a: Toxapex|atk|1\n|-unboost|p2b: Koraidon|atk|1\n|\n|-weather|SunnyDay|[upkeep]\n|-heal|p1b: Calyrex|72/100 tox|[from] item: Leftovers\n|-damage|p1b: Calyrex|66/100 tox|[from] psn\n|upkeep\n|turn|7\n|\n|t:|1773732445\n|switch|p2b: Incineroar|Incineroar, L50, M|77/100\n|-ability|p2b: Incineroar|Intimidate|boost\n|-unboost|p1a: Incineroar|atk|1\n|-unboost|p1b: Calyrex|atk|1\n|move|p2a: Toxapex|Baneful Bunker|p2a: Toxapex\n|-singleturn|p2a: Toxapex|move: Protect\n|move|p1a: Incineroar|Fake Out|p2b: Incineroar\n|-damage|p2b: Incineroar|71/100\n|move|p1b: Calyrex|Leech Seed|p2a: Toxapex\n|-activate|p2a: Toxapex|move: Protect\n|\n|-weather|SunnyDay|[upkeep]\n|-heal|p1b: Calyrex|72/100 tox|[from] item: Leftovers\n|-damage|p1b: Calyrex|60/100 tox|[from] psn\n|-fieldend|move: Trick Room\n|upkeep\n|turn|8\n|-message|Y36 forfeited.\n|\n|win|swordsdanceurshifu\n|raw|Y36's rating: 1230 &rarr; <strong>1203</strong><br />(-27 for losing)\n|raw|swordsdanceurshifu's rating: 1198 &rarr; <strong>1225</strong><br />(+27 for winning)\n|l|\u2606Y36\n|player|p1|\n|l|\u2606swordsdanceurshifu\n|player|p2|\n","uploadtime":1773732636,"views":12,"formatid":"gen9vgc2026regi","rating":1203,"private":0,"password":null}