{"id":"gen9vgc2026regi-2565473253","format":"[Gen 9] VGC 2026 Reg I","players":["AllIndreamer","Sunny_zong1"],"log":"|j|\u2606AllIndreamer\n|j|\u2606Sunny_zong1\n|t:|1774278364\n|gametype|doubles\n|player|p1|AllIndreamer|burglar|1084\n|player|p2|Sunny_zong1|169|1135\n|gen|9\n|tier|[Gen 9] VGC 2026 Reg I\n|rated|\n|rule|Species Clause: Limit one of each Pok\u00e9mon\n|rule|Item Clause: Limit 1 of each item\n|clearpoke\n|poke|p1|Grimmsnarl, L50, M|\n|poke|p1|Hydreigon, L50, F|\n|poke|p1|Incineroar, L50, M|\n|poke|p1|Kingambit, L50, M|\n|poke|p1|Sableye, L50, M|\n|poke|p1|Zoroark, L50, F|\n|poke|p2|Eternatus, L50|\n|poke|p2|Annihilape, L50, M|\n|poke|p2|Grimmsnarl, L50, M|\n|poke|p2|Calyrex-Ice, L50|\n|poke|p2|Garganacl, L50, M|\n|poke|p2|Raging Bolt, L50|\n|teampreview|4\n|inactive|Battle timer is ON: inactive players will automatically lose when time's up. (requested by Sunny_zong1)\n|\n|t:|1774278381\n|teamsize|p1|4\n|teamsize|p2|4\n|start\n|switch|p1a: Hydreigon|Hydreigon, L50, F|100/100\n|switch|p1b: Kingambit|Kingambit, L50, M|100/100\n|switch|p2a: Grimmsnarl|Grimmsnarl, L50, M|100/100\n|switch|p2b: Annihilape|Annihilape, L50, M|100/100\n|turn|1\n|inactive|Sunny_zong1 has 30 seconds left.\n|inactive|Sunny_zong1 has 20 seconds left.\n|\n|t:|1774278421\n|-terastallize|p2b: Annihilape|Rock\n|move|p2a: Grimmsnarl|Reflect|p2a: Grimmsnarl\n|-sidestart|p2: Sunny_zong1|Reflect\n|move|p1b: Kingambit|Trick|p2b: Annihilape\n|-activate|p1b: Kingambit|move: Trick|[of] p2b: Annihilape\n|-item|p2b: Annihilape|Choice Scarf|[from] move: Trick\n|-item|p1b: Kingambit|Choice Scarf|[from] move: Trick\n|move|p2b: Annihilape|Rock Slide|p1a: Hydreigon|[spread] p1a,p1b\n|-damage|p1a: Hydreigon|77/100\n|-damage|p1b: Kingambit|58/100\n|replace|p1b: Zoroark|Zoroark, L50, F\n|-end|p1b: Zoroark|Illusion\n|cant|p1a: Hydreigon|flinch\n|\n|upkeep\n|turn|2\n|\n|t:|1774278443\n|move|p1b: Zoroark|Snarl|p2b: Annihilape|[spread] p2a,p2b\n|-resisted|p2a: Grimmsnarl\n|-crit|p2b: Annihilape\n|-damage|p2a: Grimmsnarl|95/100\n|-damage|p2b: Annihilape|73/100\n|-unboost|p2a: Grimmsnarl|spa|1\n|-unboost|p2b: Annihilape|spa|1\n|-ability|p2b: Annihilape|Defiant|boost\n|-boost|p2b: Annihilape|atk|2\n|move|p2b: Annihilape|Rock Slide|p1a: Hydreigon|[spread] p1b\n|-miss|p2b: Annihilape|p1a: Hydreigon\n|-damage|p1b: Zoroark|0 fnt\n|faint|p1b: Zoroark\n|move|p1a: Hydreigon|Tailwind|p1a: Hydreigon\n|-sidestart|p1: AllIndreamer|move: Tailwind\n|move|p2a: Grimmsnarl|Spirit Break|p1a: Hydreigon\n|-supereffective|p1a: Hydreigon\n|-damage|p1a: Hydreigon|0 fnt\n|faint|p1a: Hydreigon\n|\n|upkeep\n|\n|t:|1774278463\n|switch|p1b: Kingambit|Kingambit, L50, M|100/100\n|switch|p1a: Grimmsnarl|Grimmsnarl, L50, M|100/100\n|-activate|p1b: Kingambit|ability: Supreme Overlord\n|-start|p1b: Kingambit|fallen2|[silent]\n|turn|3\n|\n|t:|1774278486\n|switch|p2b: Eternatus|Eternatus, L50|100/100\n|-ability|p2b: Eternatus|Pressure\n|-terastallize|p1b: Kingambit|Ghost\n|move|p1a: Grimmsnarl|Fake Out|p2a: Grimmsnarl\n|-damage|p2a: Grimmsnarl|81/100\n|move|p1b: Kingambit|Swords Dance|p1b: Kingambit\n|-boost|p1b: Kingambit|atk|2\n|cant|p2a: Grimmsnarl|flinch\n|\n|upkeep\n|turn|4\n|inactive|AllIndreamer has 30 seconds left.\n|inactive|AllIndreamer has 20 seconds left.\n|\n|t:|1774278525\n|move|p1b: Kingambit|Sucker Punch||[still]\n|-fail|p1b: Kingambit\n|move|p1a: Grimmsnarl|Spirit Break|p2a: Grimmsnarl\n|-supereffective|p2a: Grimmsnarl\n|-damage|p2a: Grimmsnarl|13/100\n|-unboost|p2a: Grimmsnarl|spa|1\n|move|p2b: Eternatus|Cosmic Power|p2b: Eternatus\n|-boost|p2b: Eternatus|def|1\n|-boost|p2b: Eternatus|spd|1\n|move|p2a: Grimmsnarl|Spirit Break|p1b: Kingambit\n|-damage|p1b: Kingambit|70/100\n|\n|upkeep\n|turn|5\n|\n|t:|1774278552\n|move|p1a: Grimmsnarl|Spirit Break|p2a: Grimmsnarl\n|-supereffective|p2a: Grimmsnarl\n|-damage|p2a: Grimmsnarl|0 fnt\n|faint|p2a: Grimmsnarl\n|move|p2b: Eternatus|Sludge Bomb|p1a: Grimmsnarl\n|-supereffective|p1a: Grimmsnarl\n|-damage|p1a: Grimmsnarl|0 fnt\n|faint|p1a: Grimmsnarl\n|move|p1b: Kingambit|Kowtow Cleave|p2b: Eternatus\n|-damage|p2b: Eternatus|66/100\n|\n|-heal|p2b: Eternatus|72/100|[from] item: Leftovers\n|-sideend|p1: AllIndreamer|move: Tailwind\n|upkeep\n|\n|t:|1774278554\n|switch|p2a: Annihilape|Annihilape, L50, M, tera:Rock|73/100\n|turn|6\n|\n|t:|1774278570\n|move|p2a: Annihilape|Rage Fist|p1b: Kingambit\n|-supereffective|p1b: Kingambit\n|-damage|p1b: Kingambit|11/100\n|move|p2b: Eternatus|Sludge Bomb|p1b: Kingambit\n|-resisted|p1b: Kingambit\n|-damage|p1b: Kingambit|0 fnt\n|faint|p1b: Kingambit\n|-end|p1b: Kingambit|fallen2|[silent]\n|\n|win|Sunny_zong1\n|raw|AllIndreamer's rating: 1084 &rarr; <strong>1065</strong><br />(-19 for losing)\n|raw|Sunny_zong1's rating: 1135 &rarr; <strong>1156</strong><br />(+21 for winning)\n|l|\u2606Sunny_zong1\n|player|p2|\n|l|\u2606AllIndreamer\n|player|p1|\n","uploadtime":1774278721,"views":10,"formatid":"gen9vgc2026regi","rating":1065,"private":0,"password":null}