{"id":"gen9vgc2026regi-2578647054","format":"[Gen 9] VGC 2026 Reg I","players":["Tonytacular","Glaceon_1740"],"log":"|j|\u2606Tonytacular\n|j|\u2606Glaceon_1740\n|t:|1775699202\n|gametype|doubles\n|player|p1|Tonytacular|preschooler|1453\n|player|p2|Glaceon_1740|dawn-gen4pt|1512\n|gen|9\n|tier|[Gen 9] VGC 2026 Reg I\n|rated|\n|rule|Species Clause: Limit one of each Pok\u00e9mon\n|rule|Item Clause: Limit 1 of each item\n|clearpoke\n|poke|p1|Terapagos, L50, M|\n|poke|p1|Moltres-Galar, L50|\n|poke|p1|Zamazenta-*, L50|\n|poke|p1|Flutter Mane, L50|\n|poke|p1|Incineroar, L50, F|\n|poke|p1|Whimsicott, L50, F|\n|poke|p2|Meowscarada, L50, F|\n|poke|p2|Murkrow, L50, M|\n|poke|p2|Kyogre, L50|\n|poke|p2|Zacian-*, L50|\n|poke|p2|Incineroar, L50, F|\n|poke|p2|Rillaboom, L50, F|\n|teampreview|4\n|inactive|Battle timer is ON: inactive players will automatically lose when time's up. (requested by Glaceon_1740)\n|\n|t:|1775699228\n|teamsize|p1|4\n|teamsize|p2|4\n|start\n|switch|p1a: Terapagos|Terapagos, L50, M|100/100\n|switch|p1b: Flutter Mane|Flutter Mane, L50|100/100\n|switch|p2a: Meowscarada|Meowscarada, L50, F|100/100\n|switch|p2b: Kyogre|Kyogre, L50|100/100\n|-activate|p1a: Terapagos|ability: Tera Shift\n|detailschange|p1a: Terapagos|Terapagos-Terastal, L50, M\n|-heal|p1a: Terapagos|100/100|[silent]\n|-weather|RainDance|[from] ability: Drizzle|[of] p2b: Kyogre\n|turn|1\n|\n|t:|1775699244\n|-terastallize|p1a: Terapagos|Stellar\n|detailschange|p1a: Terapagos|Terapagos-Stellar, L50, M, tera:Stellar\n|-heal|p1a: Terapagos|100/100|[silent]\n|-ability|p1a: Terapagos|Teraform Zero\n|-weather|none\n|move|p2a: Meowscarada|Triple Axel|p1b: Flutter Mane\n|-start|p2a: Meowscarada|typechange|Ice|[from] ability: Protean\n|-crit|p1b: Flutter Mane\n|-damage|p1b: Flutter Mane|68/100\n|-damage|p1b: Flutter Mane|28/100\n|-damage|p1b: Flutter Mane|0 fnt\n|faint|p1b: Flutter Mane\n|-end|p1b: Flutter Mane|Protosynthesis|[silent]\n|-hitcount|p1: Flutter Mane|3\n|move|p1a: Terapagos|Tera Starstorm|p2a: Meowscarada|[spread] p2a,p2b\n|-damage|p2a: Meowscarada|24/100\n|-damage|p2b: Kyogre|66/100\n|move|p2b: Kyogre|Water Spout|p1a: Terapagos\n|-damage|p1a: Terapagos|60/100\n|\n|upkeep\n|\n|t:|1775699263\n|switch|p1b: Incineroar|Incineroar, L50, F|100/100\n|-ability|p1b: Incineroar|Intimidate|boost\n|-unboost|p2a: Meowscarada|atk|1\n|-unboost|p2b: Kyogre|atk|1\n|turn|2\n|l|\u2606Glaceon_1740\n|inactive|Glaceon_1740 disconnected and has a minute to reconnect!\n|player|p2|\n|inactive|Glaceon_1740 has 30 seconds left.\n|inactive|Glaceon_1740 has 20 seconds left.\n|j|\u2606Glaceon_1740\n|inactive|Glaceon_1740 reconnected and has 20 seconds left.\n|player|p2|Glaceon_1740|dawn-gen4pt|\n|inactive|Glaceon_1740 has 15 seconds left.\n|\n|t:|1775699308\n|switch|p2a: Murkrow|Murkrow, L50, M, shiny|100/100\n|move|p2b: Kyogre|Protect|p2b: Kyogre\n|-singleturn|p2b: Kyogre|Protect\n|move|p1b: Incineroar|Fake Out|p2b: Kyogre\n|-activate|p2b: Kyogre|move: Protect\n|move|p1a: Terapagos|Tera Starstorm|p2b: Kyogre|[spread] p2a\n|-activate|p2b: Kyogre|move: Protect\n|-damage|p2a: Murkrow|28/100\n|\n|upkeep\n|turn|3\n|\n|t:|1775699328\n|switch|p1b: Zamazenta|Zamazenta-Crowned, L50|100/100\n|-ability|p1b: Zamazenta|Dauntless Shield|boost\n|-boost|p1b: Zamazenta|def|1\n|move|p2a: Murkrow|Rain Dance|p2a: Murkrow\n|-weather|RainDance\n|move|p1a: Terapagos|Tera Starstorm|p2a: Murkrow|[spread] p2a,p2b\n|-damage|p2a: Murkrow|0 fnt\n|-damage|p2b: Kyogre|30/100\n|faint|p2a: Murkrow\n|move|p2b: Kyogre|Origin Pulse|p1b: Zamazenta|[spread] p1b\n|-miss|p2b: Kyogre|p1a: Terapagos\n|-damage|p1b: Zamazenta|46/100\n|\n|-weather|RainDance|[upkeep]\n|upkeep\n|\n|t:|1775699344\n|switch|p2a: Zacian|Zacian-Crowned, L50|100/100\n|-ability|p2a: Zacian|Intrepid Sword|boost\n|-boost|p2a: Zacian|atk|1\n|turn|4\n|\n|t:|1775699355\n|move|p1b: Zamazenta|Wide Guard|p1b: Zamazenta\n|-singleturn|p1b: Zamazenta|Wide Guard\n|move|p2a: Zacian|Behemoth Blade|p1a: Terapagos\n|-damage|p1a: Terapagos|6/100\n|move|p1a: Terapagos|Tera Starstorm|p2a: Zacian|[spread] p2a,p2b\n|-damage|p2a: Zacian|54/100\n|-damage|p2b: Kyogre|0 fnt\n|faint|p2b: Kyogre\n|\n|-weather|RainDance|[upkeep]\n|upkeep\n|\n|t:|1775699367\n|switch|p2b: Meowscarada|Meowscarada, L50, F|24/100\n|turn|5\n|inactive|Tonytacular has 30 seconds left.\n|\n|t:|1775699398\n|switch|p1a: Incineroar|Incineroar, L50, F|100/100\n|-ability|p1a: Incineroar|Intimidate|boost\n|-unboost|p2a: Zacian|atk|1\n|-unboost|p2b: Meowscarada|atk|1\n|move|p2b: Meowscarada|Play Rough|p1a: Incineroar\n|-start|p2b: Meowscarada|typechange|Fairy|[from] ability: Protean\n|-damage|p1a: Incineroar|72/100\n|move|p2a: Zacian|Play Rough|p1b: Zamazenta\n|-damage|p1b: Zamazenta|22/100\n|move|p1b: Zamazenta|Behemoth Bash|p2a: Zacian\n|-damage|p2a: Zacian|22/100\n|\n|-weather|RainDance|[upkeep]\n|upkeep\n|turn|6\n|inactive|Glaceon_1740 has 30 seconds left.\n|inactive|Glaceon_1740 has 20 seconds left.\n|inactive|Glaceon_1740 has 15 seconds left.\n|inactive|Glaceon_1740 has 10 seconds left.\n|inactive|Glaceon_1740 has 5 seconds left.\n|\n|t:|1775699453\n|move|p1a: Incineroar|Fake Out|p2a: Zacian\n|-resisted|p2a: Zacian\n|-damage|p2a: Zacian|16/100\n|move|p2b: Meowscarada|Play Rough|p1b: Zamazenta|[miss]\n|-miss|p2b: Meowscarada|p1b: Zamazenta\n|cant|p2a: Zacian|flinch\n|move|p1b: Zamazenta|Behemoth Bash|p2b: Meowscarada\n|-supereffective|p2b: Meowscarada\n|-damage|p2b: Meowscarada|0 fnt\n|faint|p2b: Meowscarada\n|\n|-weather|RainDance|[upkeep]\n|upkeep\n|turn|7\n|inactive|Glaceon_1740 has 30 seconds left.\n|inactive|Glaceon_1740 has 20 seconds left.\n|inactive|Glaceon_1740 has 15 seconds left.\n|inactive|Glaceon_1740 has 10 seconds left.\n|inactive|Glaceon_1740 has 5 seconds left.\n|\n|t:|1775699508\n|move|p2a: Zacian|Behemoth Blade|p1a: Incineroar\n|-resisted|p1a: Incineroar\n|-damage|p1a: Incineroar|46/100\n|move|p1b: Zamazenta|Behemoth Bash|p2a: Zacian\n|-damage|p2a: Zacian|0 fnt\n|faint|p2a: Zacian\n|\n|win|Tonytacular\n|raw|Tonytacular's rating: 1453 &rarr; <strong>1476</strong><br />(+23 for winning)\n|raw|Glaceon_1740's rating: 1512 &rarr; <strong>1489</strong><br />(-23 for losing)\n|l|\u2606Tonytacular\n|player|p1|\n","uploadtime":1775699694,"views":11,"formatid":"gen9vgc2026regi","rating":1476,"private":0,"password":null}