{"id":"gen9vgc2026regi-2579672003","format":"[Gen 9] VGC 2026 Reg I","players":["migcthi","don juan dozo"],"log":"|j|\u2606migcthi\n|j|\u2606don juan dozo\n|t:|1775814473\n|gametype|doubles\n|player|p1|migcthi|102|1589\n|player|p2|don juan dozo|170|1602\n|gen|9\n|tier|[Gen 9] VGC 2026 Reg I\n|rated|\n|rule|Species Clause: Limit one of each Pok\u00e9mon\n|rule|Item Clause: Limit 1 of each item\n|clearpoke\n|poke|p1|Calyrex-Ice, L50|\n|poke|p1|Miraidon, L50|\n|poke|p1|Ursaluna, L50, M|\n|poke|p1|Volcarona, L50, F|\n|poke|p1|Grimmsnarl, L50, M|\n|poke|p1|Iron Hands, L50|\n|poke|p2|Calyrex-Shadow, L50|\n|poke|p2|Zamazenta-*, L50|\n|poke|p2|Ting-Lu, L50|\n|poke|p2|Dondozo, L50, F|\n|poke|p2|Chien-Pao, L50|\n|poke|p2|Ogerpon-Hearthflame, L50, F|\n|teampreview|4\n|inactive|Battle timer is ON: inactive players will automatically lose when time's up. (requested by migcthi)\n|\n|t:|1775814505\n|teamsize|p1|4\n|teamsize|p2|4\n|start\n|switch|p1a: Miraidon|Miraidon, L50|100/100\n|switch|p1b: Grimmsnarl|Grimmsnarl, L50, M|100/100\n|switch|p2a: 221 speed|Calyrex-Shadow, L50|100/100\n|switch|p2b: Chromakopia|Ogerpon-Hearthflame, L50, F|100/100\n|-ability|p2a: 221 speed|As One\n|-ability|p2a: 221 speed|Unnerve\n|-ability|p2b: Chromakopia|Mold Breaker\n|-fieldstart|move: Electric Terrain|[from] ability: Hadron Engine|[of] p1a: Miraidon\n|turn|1\n|inactive|migcthi has 30 seconds left.\n|\n|t:|1775814534\n|switch|p2a: Jordan 96/97|Ting-Lu, L50|100/100\n|-ability|p2a: Jordan 96/97|Vessel of Ruin\n|-terastallize|p1a: Miraidon|Fairy\n|move|p1b: Grimmsnarl|Light Screen|p1b: Grimmsnarl\n|-sidestart|p1: migcthi|move: Light Screen\n|move|p2b: Chromakopia|Ivy Cudgel|p1b: Grimmsnarl|[anim] Ivy Cudgel Fire\n|-damage|p1b: Grimmsnarl|28/100\n|move|p1a: Miraidon|Dazzling Gleam|p2b: Chromakopia|[spread] p2a,p2b\n|-supereffective|p2a: Jordan 96/97\n|-resisted|p2b: Chromakopia\n|-damage|p2a: Jordan 96/97|43/100\n|-damage|p2b: Chromakopia|70/100\n|\n|upkeep\n|turn|2\n|\n|t:|1775814550\n|move|p1b: Grimmsnarl|Reflect|p1b: Grimmsnarl\n|-sidestart|p1: migcthi|Reflect\n|move|p2b: Chromakopia|Ivy Cudgel|p1a: Miraidon|[anim] Ivy Cudgel Fire\n|-damage|p1a: Miraidon|65/100\n|move|p1a: Miraidon|Dazzling Gleam|p2a: Jordan 96/97|[spread] p2a,p2b\n|-supereffective|p2a: Jordan 96/97\n|-resisted|p2b: Chromakopia\n|-damage|p2a: Jordan 96/97|0 fnt\n|-damage|p2b: Chromakopia|43/100\n|faint|p2a: Jordan 96/97\n|\n|upkeep\n|\n|t:|1775814555\n|switch|p2a: Magnus Carlsen|Zamazenta-Crowned, L50|100/100\n|-ability|p2a: Magnus Carlsen|Dauntless Shield|boost\n|-boost|p2a: Magnus Carlsen|def|1\n|turn|3\n|\n|t:|1775814562\n|move|p2a: Magnus Carlsen|Wide Guard|p2a: Magnus Carlsen\n|-singleturn|p2a: Magnus Carlsen|Wide Guard\n|move|p1b: Grimmsnarl|Thunder Wave|p2b: Chromakopia\n|-status|p2b: Chromakopia|par\n|move|p1a: Miraidon|Dazzling Gleam|p2a: Magnus Carlsen|[spread] \n|-activate|p2a: Magnus Carlsen|move: Wide Guard\n|-activate|p2b: Chromakopia|move: Wide Guard\n|move|p2b: Chromakopia|Ivy Cudgel|p1b: Grimmsnarl|[anim] Ivy Cudgel Fire\n|-damage|p1b: Grimmsnarl|0 fnt\n|faint|p1b: Grimmsnarl\n|\n|upkeep\n|\n|t:|1775814580\n|switch|p1b: Iron Hands|Iron Hands, L50|100/100\n|-activate|p1b: Iron Hands|ability: Quark Drive\n|-start|p1b: Iron Hands|quarkdriveatk\n|turn|4\n|\n|t:|1775814589\n|move|p2a: Magnus Carlsen|Wide Guard|p2a: Magnus Carlsen\n|-singleturn|p2a: Magnus Carlsen|Wide Guard\n|move|p1a: Miraidon|Dazzling Gleam|p2a: Magnus Carlsen|[spread] \n|-activate|p2a: Magnus Carlsen|move: Wide Guard\n|-activate|p2b: Chromakopia|move: Wide Guard\n|move|p2b: Chromakopia|Ivy Cudgel|p1b: Iron Hands|[anim] Ivy Cudgel Fire\n|-damage|p1b: Iron Hands|67/100\n|move|p1b: Iron Hands|Wild Charge|p2b: Chromakopia\n|-resisted|p2b: Chromakopia\n|-damage|p2b: Chromakopia|0 fnt\n|faint|p2b: Chromakopia\n|-damage|p1b: Iron Hands|59/100|[from] Recoil\n|\n|upkeep\n|\n|t:|1775814596\n|switch|p2b: 221 speed|Calyrex-Shadow, L50|100/100\n|-ability|p2b: 221 speed|As One\n|-ability|p2b: 221 speed|Unnerve\n|turn|5\n|\n|t:|1775814604\n|move|p2a: Magnus Carlsen|Wide Guard|p2a: Magnus Carlsen\n|-singleturn|p2a: Magnus Carlsen|Wide Guard\n|move|p2b: 221 speed|Astral Barrage|p1b: Iron Hands|[spread] p1a,p1b\n|-damage|p1a: Miraidon|39/100\n|-damage|p1b: Iron Hands|42/100\n|move|p1a: Miraidon|Dazzling Gleam|p2b: 221 speed|[spread] \n|-activate|p2a: Magnus Carlsen|move: Wide Guard\n|-activate|p2b: 221 speed|move: Wide Guard\n|move|p1b: Iron Hands|Wild Charge|p2b: 221 speed\n|-enditem|p2b: 221 speed|Focus Sash\n|-damage|p2b: 221 speed|1/100\n|-damage|p1b: Iron Hands|22/100|[from] Recoil\n|\n|-fieldend|move: Electric Terrain\n|-end|p1b: Iron Hands|Quark Drive\n|upkeep\n|turn|6\n|\n|t:|1775814627\n|-terastallize|p2b: 221 speed|Ghost\n|move|p2a: Magnus Carlsen|Wide Guard|p2a: Magnus Carlsen\n|-singleturn|p2a: Magnus Carlsen|Wide Guard\n|move|p2b: 221 speed|Astral Barrage|p1b: Iron Hands|[spread] p1a,p1b\n|-damage|p1a: Miraidon|3/100\n|-damage|p1b: Iron Hands|0 fnt\n|faint|p1b: Iron Hands\n|-end|p1b: Iron Hands|Quark Drive|[silent]\n|-ability|p2b: 221 speed|Grim Neigh|boost\n|-boost|p2b: 221 speed|spa|1\n|move|p1a: Miraidon|Dazzling Gleam|p2a: Magnus Carlsen|[spread] \n|-activate|p2a: Magnus Carlsen|move: Wide Guard\n|-activate|p2b: 221 speed|move: Wide Guard\n|\n|upkeep\n|\n|t:|1775814631\n|switch|p1b: Calyrex|Calyrex-Ice, L50|100/100\n|-ability|p1b: Calyrex|As One\n|-ability|p1b: Calyrex|Unnerve\n|turn|7\n|-message|migcthi forfeited.\n|\n|win|don juan dozo\n|raw|migcthi's rating: 1589 &rarr; <strong>1570</strong><br />(-19 for losing)\n|raw|don juan dozo's rating: 1602 &rarr; <strong>1621</strong><br />(+19 for winning)\n|l|\u2606migcthi\n|player|p1|\n|l|\u2606don juan dozo\n|player|p2|\n","uploadtime":1775814873,"views":36,"formatid":"gen9vgc2026regi","rating":1570,"private":0,"password":null}