{"id":"gen9vgc2026regi-2568896670","format":"[Gen 9] VGC 2026 Reg I","players":["d'oh12","mroreo328"],"log":"|j|\u2606d'oh12\n|j|\u2606mroreo328\n|t:|1774631506\n|gametype|doubles\n|player|p1|d'oh12|fantina|1315\n|player|p2|mroreo328|youngster-gen4dp|1352\n|gen|9\n|tier|[Gen 9] VGC 2026 Reg I\n|rated|\n|rule|Species Clause: Limit one of each Pok\u00e9mon\n|rule|Item Clause: Limit 1 of each item\n|clearpoke\n|poke|p1|Groudon, L50|\n|poke|p1|Calyrex-Shadow, L50|\n|poke|p1|Ogerpon-Hearthflame, L50, F|\n|poke|p1|Indeedee-F, L50, F|\n|poke|p1|Raging Bolt, L50|\n|poke|p1|Clefairy, L50, F|\n|poke|p2|Whimsicott, L50, F|\n|poke|p2|Indeedee, L50, M|\n|poke|p2|Terrakion, L50|\n|poke|p2|Archaludon, L50, M|\n|poke|p2|Urshifu-*, L50, F|\n|poke|p2|Dragonite, L50, F|\n|teampreview|4\n|inactive|Battle timer is ON: inactive players will automatically lose when time's up. (requested by mroreo328)\nd'oh12 has agreed to open team sheets.\n|inactive|mroreo328 has 60 seconds left.\n|\n|t:|1774631542\n|teamsize|p1|4\n|teamsize|p2|4\n|start\n|switch|p1a: Indeedee|Indeedee-F, L50, F|100/100\n|switch|p1b: Calyrex|Calyrex-Shadow, L50|100/100\n|switch|p2a: Whimsicott|Whimsicott, L50, F|100/100\n|switch|p2b: Archaludon|Archaludon, L50, M|100/100\n|-ability|p1b: Calyrex|As One\n|-ability|p1b: Calyrex|Unnerve\n|-fieldstart|move: Psychic Terrain|[from] ability: Psychic Surge|[of] p1a: Indeedee\n|turn|1\n|\n|t:|1774631550\n|move|p1a: Indeedee|Follow Me|p1a: Indeedee\n|-singleturn|p1a: Indeedee|move: Follow Me\n|move|p2a: Whimsicott|Tailwind|p2a: Whimsicott\n|-sidestart|p2: mroreo328|move: Tailwind\n|move|p2b: Archaludon|Snarl|p1b: Calyrex|[spread] p1b\n|-miss|p2b: Archaludon|p1a: Indeedee\n|-supereffective|p1b: Calyrex\n|-damage|p1b: Calyrex|57/100\n|-unboost|p1b: Calyrex|spa|1\n|move|p1b: Calyrex|Nasty Plot|p1b: Calyrex\n|-boost|p1b: Calyrex|spa|2\n|\n|upkeep\n|turn|2\n|\n|t:|1774631561\n|-terastallize|p1b: Calyrex|Fairy\n|move|p1a: Indeedee|Helping Hand|p1b: Calyrex\n|-singleturn|p1b: Calyrex|Helping Hand|[of] p1a: Indeedee\n|move|p2a: Whimsicott|Beat Up|p2b: Archaludon\n|-damage|p2b: Archaludon|98/100\n|-ability|p2b: Archaludon|Stamina|boost\n|-boost|p2b: Archaludon|def|1\n|-damage|p2b: Archaludon|97/100\n|-ability|p2b: Archaludon|Stamina|boost\n|-boost|p2b: Archaludon|def|1\n|-damage|p2b: Archaludon|95/100\n|-ability|p2b: Archaludon|Stamina|boost\n|-boost|p2b: Archaludon|def|1\n|-damage|p2b: Archaludon|94/100\n|-ability|p2b: Archaludon|Stamina|boost\n|-boost|p2b: Archaludon|def|1\n|-hitcount|p2b: Archaludon|4\n|move|p2b: Archaludon|Body Press|p1a: Indeedee\n|-damage|p1a: Indeedee|10/100\n|move|p1b: Calyrex|Astral Barrage|p2b: Archaludon|[spread] p2a,p2b\n|-damage|p2a: Whimsicott|0 fnt\n|-damage|p2b: Archaludon|10/100\n|-ability|p2b: Archaludon|Stamina|boost\n|-boost|p2b: Archaludon|def|1\n|faint|p2a: Whimsicott\n|-ability|p1b: Calyrex|Grim Neigh|boost\n|-boost|p1b: Calyrex|spa|1\n|\n|upkeep\n|\n|t:|1774631569\n|switch|p2a: Indeedee|Indeedee, L50, M|100/100\n|turn|3\n|\n|t:|1774631575\n|move|p1a: Indeedee|Follow Me|p1a: Indeedee\n|-singleturn|p1a: Indeedee|move: Follow Me\n|move|p2a: Indeedee|Expanding Force|p1a: Indeedee|[spread] p1a,p1b\n|-resisted|p1a: Indeedee\n|-damage|p1a: Indeedee|0 fnt\n|-damage|p1b: Calyrex|2/100\n|faint|p1a: Indeedee\n|move|p2b: Archaludon|Flash Cannon|p1b: Calyrex\n|-supereffective|p1b: Calyrex\n|-damage|p1b: Calyrex|0 fnt\n|faint|p1b: Calyrex\n|\n|upkeep\n|\n|t:|1774631581\n|switch|p1b: Clefairy|Clefairy, L50, F|100/100\n|switch|p1a: Raging Bolt|Raging Bolt, L50|100/100\n|turn|4\n|\n|t:|1774631587\n|move|p1b: Clefairy|Follow Me|p1b: Clefairy\n|-singleturn|p1b: Clefairy|move: Follow Me\n|move|p2a: Indeedee|Expanding Force|p1b: Clefairy|[spread] p1a,p1b\n|-damage|p1a: Raging Bolt|67/100\n|-damage|p1b: Clefairy|70/100\n|move|p2b: Archaludon|Flash Cannon|p1b: Clefairy\n|-supereffective|p1b: Clefairy\n|-damage|p1b: Clefairy|32/100\n|move|p1a: Raging Bolt|Calm Mind|p1a: Raging Bolt\n|-boost|p1a: Raging Bolt|spa|1\n|-boost|p1a: Raging Bolt|spd|1\n|\n|-sideend|p2: mroreo328|move: Tailwind\n|upkeep\n|turn|5\n|\n|t:|1774631604\n|move|p1b: Clefairy|Helping Hand|p1a: Raging Bolt\n|-singleturn|p1a: Raging Bolt|Helping Hand|[of] p1b: Clefairy\n|move|p2a: Indeedee|Expanding Force|p1b: Clefairy|[spread] p1a,p1b\n|-damage|p1a: Raging Bolt|46/100\n|-damage|p1b: Clefairy|1/100\n|move|p2b: Archaludon|Snarl|p1b: Clefairy|[spread] p1a,p1b\n|-resisted|p1b: Clefairy\n|-damage|p1a: Raging Bolt|42/100\n|-damage|p1b: Clefairy|0 fnt\n|-unboost|p1a: Raging Bolt|spa|1\n|faint|p1b: Clefairy\n|move|p1a: Raging Bolt|Dragon Pulse|p2a: Indeedee\n|-damage|p2a: Indeedee|5/100\n|\n|-fieldend|move: Psychic Terrain\n|upkeep\n|turn|6\n|\n|t:|1774631613\n|switch|p2a: Urshifu|Urshifu, L50, F|100/100\n|move|p1a: Raging Bolt|Thunderclap|p2b: Archaludon\n|-resisted|p2b: Archaludon\n|-damage|p2b: Archaludon|0 fnt\n|faint|p2b: Archaludon\n|\n|upkeep\n|\n|t:|1774631618\n|switch|p2b: Indeedee|Indeedee, L50, M|5/100\n|-fieldstart|move: Psychic Terrain|[from] ability: Psychic Surge|[of] p2b: Indeedee\n|turn|7\n|\n|t:|1774631623\n|move|p2b: Indeedee|Expanding Force|p1a: Raging Bolt\n|-damage|p1a: Raging Bolt|4/100\n|move|p2a: Urshifu|Wicked Blow|p1a: Raging Bolt\n|-crit|p1a: Raging Bolt\n|-damage|p1a: Raging Bolt|0 fnt\n|-damage|p2a: Urshifu|84/100|[from] item: Rocky Helmet|[of] p1a: Raging Bolt\n|faint|p1a: Raging Bolt\n|-end|p1a: Raging Bolt|Protosynthesis|[silent]\n|\n|win|mroreo328\n|raw|d&apos;oh12's rating: 1315 &rarr; <strong>1297</strong><br />(-18 for losing)\n|raw|mroreo328's rating: 1352 &rarr; <strong>1370</strong><br />(+18 for winning)\n|l|\u2606d'oh12\n|player|p1|\n|l|\u2606mroreo328\n|player|p2|\n","uploadtime":1774631884,"views":10,"formatid":"gen9vgc2026regi","rating":1297,"private":0,"password":null}