{"id":"gen9vgc2026regi-2554484910","format":"[Gen 9] VGC 2026 Reg I","players":["WuNianLeiShi_VStar","blackred123\u6c38\u96cf\u5854\u83f2\u4fa0"],"log":"|j|\u2606WuNianLeiShi_VStar\n|j|\u2606blackred123\u6c38\u96cf\u5854\u83f2\u4fa0\n|t:|1772977490\n|gametype|doubles\n|player|p1|WuNianLeiShi_VStar|hilbert|1384\n|player|p2|blackred123\u6c38\u96cf\u5854\u83f2\u4fa0|iono-masters|1447\n|gen|9\n|tier|[Gen 9] VGC 2026 Reg I\n|rated|\n|rule|Species Clause: Limit one of each Pok\u00e9mon\n|rule|Item Clause: Limit 1 of each item\n|clearpoke\n|poke|p1|Zacian-*, L50|\n|poke|p1|Calyrex-Ice, L50|\n|poke|p1|Chien-Pao, L50|\n|poke|p1|Urshifu-*, L50, M|\n|poke|p1|Roaring Moon, L50|\n|poke|p1|Amoonguss, L50, M|\n|poke|p2|Miraidon, L50|\n|poke|p2|Groudon, L50|\n|poke|p2|Volcarona, L50, M|\n|poke|p2|Rillaboom, L50, F|\n|poke|p2|Incineroar, L50, M|\n|poke|p2|Tornadus, L50, M|\n|teampreview|4\n|inactive|Battle timer is ON: inactive players will automatically lose when time's up. (requested by WuNianLeiShi_VStar)\n|inactive|blackred123\u6c38\u96cf\u5854\u83f2\u4fa0 also wants the timer to be on.\n|\n|t:|1772977520\n|teamsize|p1|4\n|teamsize|p2|4\n|start\n|switch|p1a: Prince|Zacian-Crowned, L50, shiny|100/100\n|switch|p1b: Calyrex|Calyrex-Ice, L50|100/100\n|switch|p2a: \u6c38\u96cf\u5854\u83f2|Groudon, L50|100/100\n|switch|p2b: \u516d\u7ffc\u4e01\u771f|Volcarona, L50, M|100/100\n|-ability|p1b: Calyrex|As One\n|-ability|p1b: Calyrex|Unnerve\n|-ability|p1a: Prince|Intrepid Sword|boost\n|-boost|p1a: Prince|atk|1\n|-weather|SunnyDay|[from] ability: Drought|[of] p2a: \u6c38\u96cf\u5854\u83f2\n|turn|1\n|inactive|WuNianLeiShi_VStar has 30 seconds left.\n|\n|t:|1772977550\n|-terastallize|p2a: \u6c38\u96cf\u5854\u83f2|Fire\n|move|p1a: Prince|Swords Dance|p1a: Prince\n|-boost|p1a: Prince|atk|2\n|move|p2b: \u516d\u7ffc\u4e01\u771f|Fiery Dance|p1a: Prince\n|-supereffective|p1a: Prince\n|-damage|p1a: Prince|3/100\n|move|p2a: \u6c38\u96cf\u5854\u83f2|Precipice Blades|p1a: Prince|[spread] p1a\n|-miss|p2a: \u6c38\u96cf\u5854\u83f2|p1b: Calyrex\n|-supereffective|p1a: Prince\n|-damage|p1a: Prince|0 fnt\n|faint|p1a: Prince\n|move|p1b: Calyrex|Glacial Lance|p2a: \u6c38\u96cf\u5854\u83f2|[spread] p2a,p2b\n|-resisted|p2a: \u6c38\u96cf\u5854\u83f2\n|-resisted|p2b: \u516d\u7ffc\u4e01\u771f\n|-damage|p2a: \u6c38\u96cf\u5854\u83f2|79/100\n|-damage|p2b: \u516d\u7ffc\u4e01\u771f|61/100\n|\n|-weather|SunnyDay|[upkeep]\n|upkeep\n|\n|t:|1772977567\n|switch|p1a: Vulcan|Urshifu-Rapid-Strike, L50, M|100/100\n|turn|2\n|\n|t:|1772977584\n|-terastallize|p1a: Vulcan|Water\n|move|p2b: \u516d\u7ffc\u4e01\u771f|Fiery Dance|p1b: Calyrex\n|-supereffective|p1b: Calyrex\n|-damage|p1b: Calyrex|39/100\n|-boost|p2b: \u516d\u7ffc\u4e01\u771f|spa|1\n|move|p1a: Vulcan|Surging Strikes|p2a: \u6c38\u96cf\u5854\u83f2\n|-supereffective|p2a: \u6c38\u96cf\u5854\u83f2\n|-crit|p2a: \u6c38\u96cf\u5854\u83f2\n|-damage|p2a: \u6c38\u96cf\u5854\u83f2|55/100\n|-supereffective|p2a: \u6c38\u96cf\u5854\u83f2\n|-crit|p2a: \u6c38\u96cf\u5854\u83f2\n|-damage|p2a: \u6c38\u96cf\u5854\u83f2|32/100\n|-supereffective|p2a: \u6c38\u96cf\u5854\u83f2\n|-crit|p2a: \u6c38\u96cf\u5854\u83f2\n|-damage|p2a: \u6c38\u96cf\u5854\u83f2|11/100\n|-hitcount|p2a: \u6c38\u96cf\u5854\u83f2|3\n|move|p2a: \u6c38\u96cf\u5854\u83f2|Precipice Blades|p1b: Calyrex|[spread] p1a,p1b\n|-damage|p1a: Vulcan|47/100\n|-damage|p1b: Calyrex|6/100\n|move|p1b: Calyrex|High Horsepower|p2b: \u516d\u7ffc\u4e01\u771f\n|-damage|p2b: \u516d\u7ffc\u4e01\u771f|3/100\n|-status|p1b: Calyrex|brn|[from] ability: Flame Body|[of] p2b: \u516d\u7ffc\u4e01\u771f\n|\n|-weather|SunnyDay|[upkeep]\n|-damage|p1b: Calyrex|0 fnt|[from] brn\n|faint|p1b: Calyrex\n|upkeep\n|\n|t:|1772977604\n|switch|p1b: Frostbite|Chien-Pao, L50|100/100\n|-ability|p1b: Frostbite|Sword of Ruin\n|turn|3\n|\n|t:|1772977616\n|move|p1b: Frostbite|Sucker Punch|p2b: \u516d\u7ffc\u4e01\u771f\n|-damage|p2b: \u516d\u7ffc\u4e01\u771f|0 fnt\n|-status|p1b: Frostbite|brn|[from] ability: Flame Body|[of] p2b: \u516d\u7ffc\u4e01\u771f\n|faint|p2b: \u516d\u7ffc\u4e01\u771f\n|move|p1a: Vulcan|Aqua Jet|p2a: \u6c38\u96cf\u5854\u83f2\n|-supereffective|p2a: \u6c38\u96cf\u5854\u83f2\n|-damage|p2a: \u6c38\u96cf\u5854\u83f2|0 fnt\n|faint|p2a: \u6c38\u96cf\u5854\u83f2\n|\n|-weather|SunnyDay|[upkeep]\n|-damage|p1b: Frostbite|95/100 brn|[from] brn\n|upkeep\n|\n|t:|1772977619\n|switch|p2b: \u629b\u4e0b\u864e\u54e5\u5578\u7a74|Incineroar, L50, M|100/100\n|switch|p2a: \u94f6\u91d1\u5996\u86c7|Miraidon, L50, shiny|100/100\n|-fieldstart|move: Electric Terrain|[from] ability: Hadron Engine|[of] p2a: \u94f6\u91d1\u5996\u86c7\n|-ability|p2b: \u629b\u4e0b\u864e\u54e5\u5578\u7a74|Intimidate|boost\n|-unboost|p1a: Vulcan|atk|1\n|-unboost|p1b: Frostbite|atk|1\n|turn|4\n|inactive|WuNianLeiShi_VStar has 30 seconds left.\n|\n|t:|1772977645\n|move|p1a: Vulcan|Detect|p1a: Vulcan\n|-singleturn|p1a: Vulcan|Protect\n|move|p2b: \u629b\u4e0b\u864e\u54e5\u5578\u7a74|Fake Out|p1b: Frostbite\n|-damage|p1b: Frostbite|80/100 brn\n|cant|p1b: Frostbite|flinch\n|move|p2a: \u94f6\u91d1\u5996\u86c7|Electro Drift|p1a: Vulcan\n|-activate|p1a: Vulcan|move: Protect\n|\n|-weather|SunnyDay|[upkeep]\n|-damage|p1b: Frostbite|75/100 brn|[from] brn\n|upkeep\n|turn|5\n|\n|t:|1772977664\n|move|p1a: Vulcan|Aqua Jet|p2b: \u629b\u4e0b\u864e\u54e5\u5578\u7a74\n|-supereffective|p2b: \u629b\u4e0b\u864e\u54e5\u5578\u7a74\n|-damage|p2b: \u629b\u4e0b\u864e\u54e5\u5578\u7a74|78/100\n|-damage|p1a: Vulcan|30/100|[from] item: Rocky Helmet|[of] p2b: \u629b\u4e0b\u864e\u54e5\u5578\u7a74\n|move|p1b: Frostbite|Ice Spinner|p2a: \u94f6\u91d1\u5996\u86c7\n|-supereffective|p2a: \u94f6\u91d1\u5996\u86c7\n|-crit|p2a: \u94f6\u91d1\u5996\u86c7\n|-damage|p2a: \u94f6\u91d1\u5996\u86c7|26/100\n|-fieldend|move: Electric Terrain\n|move|p2a: \u94f6\u91d1\u5996\u86c7|Electro Drift|p1a: Vulcan\n|-supereffective|p1a: Vulcan\n|-damage|p1a: Vulcan|0 fnt\n|faint|p1a: Vulcan\n|-damage|p2a: \u94f6\u91d1\u5996\u86c7|16/100|[from] item: Life Orb\n|move|p2b: \u629b\u4e0b\u864e\u54e5\u5578\u7a74|Flare Blitz|p1b: Frostbite\n|-supereffective|p1b: Frostbite\n|-damage|p1b: Frostbite|0 fnt\n|faint|p1b: Frostbite\n|-damage|p2b: \u629b\u4e0b\u864e\u54e5\u5578\u7a74|58/100|[from] Recoil\n|\n|win|blackred123\u6c38\u96cf\u5854\u83f2\u4fa0\n|raw|WuNianLeiShi_VStar's rating: 1384 &rarr; <strong>1368</strong><br />(-16 for losing)\n|raw|blackred123\u6c38\u96cf\u5854\u83f2\u4fa0's rating: 1447 &rarr; <strong>1463</strong><br />(+16 for winning)\n","uploadtime":1772977669,"views":24,"formatid":"gen9vgc2026regi","rating":1368,"private":0,"password":null}