{"id":"gen9vgc2026regi-2584864126","format":"[Gen 9] VGC 2026 Reg I","players":["labubumechanics","LinkXSwords"],"log":"|j|\u2606labubumechanics\n|j|\u2606LinkXSwords\n|t:|1776289700\n|gametype|doubles\n|player|p1|labubumechanics|hiker-gen4|1448\n|player|p2|LinkXSwords|102|1544\n|gen|9\n|tier|[Gen 9] VGC 2026 Reg I\n|rated|\n|rule|Species Clause: Limit one of each Pok\u00e9mon\n|rule|Item Clause: Limit 1 of each item\n|clearpoke\n|poke|p1|Sinistcha, L50|\n|poke|p1|Urshifu-*, L50, F|\n|poke|p1|Terapagos, L50, M|\n|poke|p1|Miraidon, L50|\n|poke|p1|Incineroar, L50, M|\n|poke|p1|Iron Treads, L50|\n|poke|p2|Calyrex-Ice, L50|\n|poke|p2|Miraidon, L50|\n|poke|p2|Iron Hands, L50|\n|poke|p2|Farigiraf, L50, F|\n|poke|p2|Ogerpon-Hearthflame, L50, F|\n|poke|p2|Urshifu-*, L50, M|\n|teampreview|4\n|inactive|Battle timer is ON: inactive players will automatically lose when time's up. (requested by LinkXSwords)\n|\n|t:|1776289791\n|teamsize|p1|4\n|teamsize|p2|4\n|start\n|switch|p1a: Terapagos|Terapagos, L50, M|100/100\n|switch|p1b: Incineroar|Incineroar, L50, M|100/100\n|switch|p2a: Belmonda|Miraidon, L50|100/100\n|switch|p2b: Rafa|Farigiraf, L50, F, shiny|100/100\n|-activate|p1a: Terapagos|ability: Tera Shift\n|detailschange|p1a: Terapagos|Terapagos-Terastal, L50, M\n|-heal|p1a: Terapagos|100/100|[silent]\n|-fieldstart|move: Electric Terrain|[from] ability: Hadron Engine|[of] p2a: Belmonda\n|-enditem|p1a: Terapagos|Electric Seed\n|-boost|p1a: Terapagos|def|1|[from] item: Electric Seed\n|-ability|p1b: Incineroar|Intimidate|boost\n|-unboost|p2a: Belmonda|atk|1\n|-unboost|p2b: Rafa|atk|1\n|turn|1\n|\n|t:|1776289805\n|move|p2a: Belmonda|Electro Drift|p1a: Terapagos\n|-activate|p1a: Terapagos|ability: Tera Shell\n|-resisted|p1a: Terapagos\n|-damage|p1a: Terapagos|32/100\n|move|p1a: Terapagos|Calm Mind|p1a: Terapagos\n|-boost|p1a: Terapagos|spa|1\n|-boost|p1a: Terapagos|spd|1\n|move|p1b: Incineroar|Knock Off|p2b: Rafa\n|-supereffective|p2b: Rafa\n|-damage|p2b: Rafa|31/100\n|-enditem|p2b: Rafa|Throat Spray|[from] move: Knock Off|[of] p1b: Incineroar\n|move|p2b: Rafa|Hyper Voice|p1a: Terapagos|[spread] p1a,p1b\n|-damage|p1a: Terapagos|17/100\n|-damage|p1b: Incineroar|84/100\n|\n|upkeep\n|turn|2\n|inactive|LinkXSwords has 30 seconds left.\n|\n|t:|1776289831\n|switch|p1b: Sinistcha|Sinistcha, L50|100/100\n|-heal|p1a: Terapagos|42/100|[from] ability: Hospitality|[of] p1b: Sinistcha\n|move|p1a: Terapagos|Protect|p1a: Terapagos\n|-singleturn|p1a: Terapagos|Protect\n|move|p2a: Belmonda|Electro Drift|p1a: Terapagos\n|-activate|p1a: Terapagos|move: Protect\n|move|p2b: Rafa|Hyper Voice|p1b: Sinistcha|[spread] \n|-activate|p1a: Terapagos|move: Protect\n|-immune|p1b: Sinistcha\n|\n|upkeep\n|turn|3\n|\n|t:|1776289848\n|-terastallize|p1a: Terapagos|Stellar\n|detailschange|p1a: Terapagos|Terapagos-Stellar, L50, M, tera:Stellar\n|-heal|p1a: Terapagos|57/100|[silent]\n|-ability|p1a: Terapagos|Teraform Zero\n|-fieldend|move: Electric Terrain\n|move|p1b: Sinistcha|Rage Powder|p1b: Sinistcha\n|-singleturn|p1b: Sinistcha|move: Rage Powder\n|move|p2a: Belmonda|Electro Drift|p1b: Sinistcha\n|-resisted|p1b: Sinistcha\n|-damage|p1b: Sinistcha|54/100\n|-enditem|p1b: Sinistcha|Eject Button\n|\n|t:|1776289862\n|switch|p1b: Incineroar|Incineroar, L50, M|84/100\n|-ability|p1b: Incineroar|Intimidate|boost\n|-unboost|p2a: Belmonda|atk|1\n|-unboost|p2b: Rafa|atk|1\n|move|p1a: Terapagos|Tera Starstorm|p2b: Rafa|[spread] p2a,p2b\n|-damage|p2a: Belmonda|57/100\n|-damage|p2b: Rafa|0 fnt\n|faint|p2b: Rafa\n|\n|upkeep\n|\n|t:|1776289871\n|switch|p2b: Ibai|Iron Hands, L50|100/100\n|turn|4\n|\n|t:|1776289885\n|switch|p1b: Sinistcha|Sinistcha, L50|54/100\n|-heal|p1a: Terapagos|82/100|[from] ability: Hospitality|[of] p1b: Sinistcha\n|move|p1a: Terapagos|Protect|p1a: Terapagos\n|-singleturn|p1a: Terapagos|Protect\n|move|p2b: Ibai|Fake Out|p1a: Terapagos\n|-activate|p1a: Terapagos|move: Protect\n|move|p2a: Belmonda|Electro Drift|p1a: Terapagos\n|-activate|p1a: Terapagos|move: Protect\n|\n|upkeep\n|turn|5\n|\n|t:|1776289905\n|move|p1b: Sinistcha|Rage Powder|p1b: Sinistcha\n|-singleturn|p1b: Sinistcha|move: Rage Powder\n|move|p2a: Belmonda|Electro Drift|p1b: Sinistcha\n|-resisted|p1b: Sinistcha\n|-damage|p1b: Sinistcha|10/100\n|move|p1a: Terapagos|Earth Power|p2b: Ibai\n|-supereffective|p2b: Ibai\n|-damage|p2b: Ibai|44/100\n|move|p2b: Ibai|Drain Punch|p1b: Sinistcha\n|-immune|p1b: Sinistcha\n|\n|upkeep\n|turn|6\n|\n|t:|1776289920\n|move|p1b: Sinistcha|Rage Powder|p1b: Sinistcha\n|-singleturn|p1b: Sinistcha|move: Rage Powder\n|move|p2a: Belmonda|Electro Drift|p1b: Sinistcha\n|-resisted|p1b: Sinistcha\n|-damage|p1b: Sinistcha|0 fnt\n|faint|p1b: Sinistcha\n|move|p1a: Terapagos|Earth Power|p2b: Ibai\n|-supereffective|p2b: Ibai\n|-damage|p2b: Ibai|0 fnt\n|faint|p2b: Ibai\n|-end|p2b: Ibai|Quark Drive|[silent]\n|\n|upkeep\n|\n|t:|1776289929\n|switch|p1b: Incineroar|Incineroar, L50, M|84/100\n|switch|p2b: Cabezon|Calyrex-Ice, L50|100/100\n|-ability|p2b: Cabezon|As One\n|-ability|p2b: Cabezon|Unnerve\n|-ability|p1b: Incineroar|Intimidate|boost\n|-unboost|p2a: Belmonda|atk|1\n|-fail|p2b: Cabezon|unboost|[from] item: Clear Amulet|[of] p2b: Cabezon\n|turn|7\n|\n|t:|1776289935\n|move|p1b: Incineroar|Fake Out|p2a: Belmonda\n|-damage|p2a: Belmonda|47/100\n|cant|p2a: Belmonda|flinch\n|move|p1a: Terapagos|Earth Power|p2a: Belmonda\n|-supereffective|p2a: Belmonda\n|-damage|p2a: Belmonda|0 fnt\n|faint|p2a: Belmonda\n|move|p2b: Cabezon|High Horsepower|p1b: Incineroar\n|-supereffective|p1b: Incineroar\n|-damage|p1b: Incineroar|10/100\n|\n|upkeep\n|turn|8\n|\n|t:|1776289948\n|-terastallize|p2b: Cabezon|Fire\n|move|p1a: Terapagos|Tera Starstorm|p2b: Cabezon\n|-supereffective|p2b: Cabezon\n|-damage|p2b: Cabezon|17/100\n|move|p1b: Incineroar|Knock Off|p2b: Cabezon\n|-damage|p2b: Cabezon|0 fnt\n|-enditem|p2b: Cabezon|Clear Amulet|[from] move: Knock Off|[of] p1b: Incineroar\n|faint|p2b: Cabezon\n|\n|win|labubumechanics\n|raw|labubumechanics's rating: 1448 &rarr; <strong>1473</strong><br />(+25 for winning)\n|raw|LinkXSwords's rating: 1544 &rarr; <strong>1519</strong><br />(-25 for losing)\n|l|\u2606LinkXSwords\n|player|p2|\n","uploadtime":1776289960,"views":17,"formatid":"gen9vgc2026regi","rating":1473,"private":0,"password":null}