{"id":"gen9vgc2026regi-2524603523","format":"[Gen 9] VGC 2026 Reg I","players":["OkarLikesApples","blackred123"],"log":"|j|\u2606OkarLikesApples\n|j|\u2606blackred123\n|t:|1769174907\n|gametype|doubles\n|player|p1|OkarLikesApples|102|1209\n|player|p2|blackred123|iono-masters|1355\n|gen|9\n|tier|[Gen 9] VGC 2026 Reg I\n|rated|\n|rule|Species Clause: Limit one of each Pok\u00e9mon\n|rule|Item Clause: Limit 1 of each item\n|clearpoke\n|poke|p1|Flutter Mane, L50|\n|poke|p1|Koraidon, L50|\n|poke|p1|Groudon, L50|\n|poke|p1|Incineroar, L50, F|\n|poke|p1|Venusaur, L50, F|\n|poke|p1|Raging Bolt, L50|\n|poke|p2|Kyogre, L50|\n|poke|p2|Calyrex-Ice, L50|\n|poke|p2|Iron Jugulis, L50|\n|poke|p2|Amoonguss, L50, F|\n|poke|p2|Indeedee-F, L50, F|\n|poke|p2|Urshifu-*, L50, F|\n|teampreview|4\n|inactive|Battle timer is ON: inactive players will automatically lose when time's up. (requested by OkarLikesApples)\n|inactive|blackred123 also wants the timer to be on.\n|inactive|OkarLikesApples has 60 seconds left.\n|\n|t:|1769174946\n|teamsize|p1|4\n|teamsize|p2|4\n|start\n|switch|p1a: Koraidon|Koraidon, L50|100/100\n|switch|p1b: Raging Bolt|Raging Bolt, L50|100/100\n|switch|p2a: Iron Jugulis|Iron Jugulis, L50|100/100\n|switch|p2b: Amoonguss|Amoonguss, L50, F, shiny|100/100\n|-weather|SunnyDay|[from] ability: Orichalcum Pulse|[of] p1a: Koraidon\n|-activate|p1b: Raging Bolt|ability: Protosynthesis\n|-start|p1b: Raging Bolt|protosynthesisspa\n|-activate|p1a: Koraidon|Orichalcum Pulse|[source]\n|-enditem|p2a: Iron Jugulis|Booster Energy\n|-activate|p2a: Iron Jugulis|ability: Quark Drive|[fromitem]\n|-start|p2a: Iron Jugulis|quarkdrivespe\n|turn|1\n|inactive|blackred123 has 30 seconds left.\n|inactive|blackred123 has 20 seconds left.\n|inactive|blackred123 has 15 seconds left.\n|\n|t:|1769174987\n|switch|p1a: Incineroar|Incineroar, L50, F, shiny|100/100\n|-ability|p1a: Incineroar|Intimidate|boost\n|-unboost|p2a: Iron Jugulis|atk|1\n|-unboost|p2b: Amoonguss|atk|1\n|move|p2a: Iron Jugulis|Rain Dance|p2a: Iron Jugulis\n|-weather|RainDance\n|-end|p1b: Raging Bolt|Protosynthesis\n|move|p1b: Raging Bolt|Weather Ball|p2b: Amoonguss\n|-resisted|p2b: Amoonguss\n|-damage|p2b: Amoonguss|76/100\n|move|p2b: Amoonguss|Spore|p1b: Raging Bolt\n|-status|p1b: Raging Bolt|slp|[from] move: Spore\n|\n|-weather|RainDance|[upkeep]\n|upkeep\n|turn|2\n|\n|t:|1769175009\n|switch|p2b: Calyrex|Calyrex-Ice, L50|100/100\n|-ability|p2b: Calyrex|As One\n|-ability|p2b: Calyrex|Unnerve\n|move|p2a: Iron Jugulis|Snarl|p1a: Incineroar|[spread] p1a,p1b\n|-resisted|p1a: Incineroar\n|-damage|p1a: Incineroar|94/100\n|-damage|p1b: Raging Bolt|90/100 slp\n|-unboost|p1a: Incineroar|spa|1\n|-unboost|p1b: Raging Bolt|spa|1\n|cant|p1b: Raging Bolt|slp\n|move|p1a: Incineroar|Knock Off|p2b: Calyrex\n|-supereffective|p2b: Calyrex\n|-damage|p2b: Calyrex|42/100\n|-enditem|p2b: Calyrex|Clear Amulet|[from] move: Knock Off|[of] p1a: Incineroar\n|\n|-weather|RainDance|[upkeep]\n|upkeep\n|turn|3\n|\n|t:|1769175033\n|-end|p1b: Raging Bolt|Protosynthesis|[silent]\n|switch|p1b: Koraidon|Koraidon, L50|100/100\n|-weather|SunnyDay|[from] ability: Orichalcum Pulse|[of] p1b: Koraidon\n|-activate|p1b: Koraidon|Orichalcum Pulse|[source]\n|move|p2a: Iron Jugulis|Hurricane|p1a: Incineroar\n|-damage|p1a: Incineroar|56/100\n|move|p2b: Calyrex|Glacial Lance|p1a: Incineroar|[spread] p1a,p1b\n|-resisted|p1a: Incineroar\n|-supereffective|p1b: Koraidon\n|-damage|p1a: Incineroar|31/100\n|-damage|p1b: Koraidon|1/100\n|move|p1a: Incineroar|Flare Blitz|p2b: Calyrex\n|-supereffective|p2b: Calyrex\n|-damage|p2b: Calyrex|0 fnt\n|faint|p2b: Calyrex\n|-damage|p1a: Incineroar|17/100|[from] Recoil\n|\n|-weather|SunnyDay|[upkeep]\n|upkeep\n|\n|t:|1769175047\n|switch|p2b: Kyogre|Kyogre, L50|100/100\n|-weather|RainDance|[from] ability: Drizzle|[of] p2b: Kyogre\n|turn|4\n|\n|t:|1769175067\n|move|p1b: Koraidon|Protect|p1b: Koraidon\n|-singleturn|p1b: Koraidon|Protect\n|move|p2a: Iron Jugulis|Tailwind|p2a: Iron Jugulis\n|-sidestart|p2: blackred123|move: Tailwind\n|move|p2b: Kyogre|Water Spout|p1b: Koraidon|[spread] p1a\n|-activate|p1b: Koraidon|move: Protect\n|-supereffective|p1a: Incineroar\n|-damage|p1a: Incineroar|0 fnt\n|faint|p1a: Incineroar\n|\n|-weather|RainDance|[upkeep]\n|upkeep\n|\n|t:|1769175076\n|switch|p1a: Groudon|Groudon, L50, shiny|100/100\n|-weather|SunnyDay|[from] ability: Drought|[of] p1a: Groudon\n|turn|5\n|\n|t:|1769175090\n|-terastallize|p2b: Kyogre|Water\n|move|p2a: Iron Jugulis|Rain Dance|p2a: Iron Jugulis\n|-weather|RainDance\n|move|p2b: Kyogre|Water Spout|p1a: Groudon|[spread] p1a,p1b\n|-supereffective|p1a: Groudon\n|-crit|p1a: Groudon\n|-resisted|p1b: Koraidon\n|-damage|p1a: Groudon|0 fnt\n|-damage|p1b: Koraidon|0 fnt\n|faint|p1a: Groudon\n|faint|p1b: Koraidon\n|\n|-weather|RainDance|[upkeep]\n|upkeep\n|\n|t:|1769175092\n|switch|p1b: Raging Bolt|Raging Bolt, L50|90/100 slp\n|turn|6\n|-message|OkarLikesApples forfeited.\n|\n|win|blackred123\n|raw|OkarLikesApples's rating: 1209 &rarr; <strong>1194</strong><br />(-15 for losing)\n|raw|blackred123's rating: 1355 &rarr; <strong>1367</strong><br />(+12 for winning)\n|l|\u2606OkarLikesApples\n|player|p1|\n|j| Yancy0902\u56fe\u56fe\u72ac\u4fa0\n","uploadtime":1769175120,"views":14,"formatid":"gen9vgc2026regi","rating":1194,"private":0,"password":null}