{"id":"gen9vgc2026regi-2525762342","format":"[Gen 9] VGC 2026 Reg I","players":["yamato-tak","Unskilled99"],"log":"|j|\u2606yamato-tak\n|j|\u2606Unskilled99\n|t:|1769321590\n|gametype|doubles\n|player|p1|yamato-tak|170|1376\n|player|p2|Unskilled99|unknown|1509\n|gen|9\n|tier|[Gen 9] VGC 2026 Reg I\n|rated|\n|rule|Species Clause: Limit one of each Pok\u00e9mon\n|rule|Item Clause: Limit 1 of each item\n|clearpoke\n|poke|p1|Miraidon, L50|\n|poke|p1|Calyrex-Ice, L50|\n|poke|p1|Volcarona, L50, M|\n|poke|p1|Araquanid, L50, F|\n|poke|p1|Grimmsnarl, L50, M|\n|poke|p1|Entei, L50|\n|poke|p2|Calyrex-Shadow, L50|\n|poke|p2|Zamazenta-*, L50|\n|poke|p2|Chien-Pao, L50|\n|poke|p2|Dragonite, L50, M|\n|poke|p2|Raging Bolt, L50|\n|poke|p2|Amoonguss, L50, M|\n|teampreview|4\n|\n|t:|1769321621\n|teamsize|p1|4\n|teamsize|p2|4\n|start\n|switch|p1a: Grimmsnarl|Grimmsnarl, L50, M, shiny|100/100\n|switch|p1b: Calyrex|Calyrex-Ice, L50|100/100\n|switch|p2a: Dragonite|Dragonite, L50, M|100/100\n|switch|p2b: Chien-Pao|Chien-Pao, L50|100/100\n|-ability|p1b: Calyrex|As One\n|-ability|p1b: Calyrex|Unnerve\n|-ability|p2b: Chien-Pao|Sword of Ruin\n|turn|1\n|\n|t:|1769321651\n|-terastallize|p2a: Dragonite|Normal\n|-terastallize|p1a: Grimmsnarl|Ghost\n|move|p2a: Dragonite|Extreme Speed|p1a: Grimmsnarl\n|-immune|p1a: Grimmsnarl\n|move|p1a: Grimmsnarl|Reflect|p1a: Grimmsnarl\n|-sidestart|p1: yamato-tak|Reflect\n|move|p2b: Chien-Pao|Ruination|p1b: Calyrex|[miss]\n|-miss|p2b: Chien-Pao|p1b: Calyrex\n|move|p1b: Calyrex|Glacial Lance|p2b: Chien-Pao|[spread] p2a,p2b\n|-resisted|p2b: Chien-Pao\n|-damage|p2a: Dragonite|37/100\n|-damage|p2b: Chien-Pao|67/100\n|\n|upkeep\n|turn|2\n|c|\u2606Unskilled99|:(\n|\n|t:|1769321684\n|move|p2a: Dragonite|Extreme Speed|p1b: Calyrex\n|-damage|p1b: Calyrex|60/100\n|move|p1a: Grimmsnarl|Light Screen|p1a: Grimmsnarl\n|-sidestart|p1: yamato-tak|move: Light Screen\n|move|p2b: Chien-Pao|Ruination|p1b: Calyrex|[miss]\n|-miss|p2b: Chien-Pao|p1b: Calyrex\n|move|p1b: Calyrex|Glacial Lance|p2b: Chien-Pao|[spread] p2a,p2b\n|-resisted|p2b: Chien-Pao\n|-damage|p2a: Dragonite|0 fnt\n|-damage|p2b: Chien-Pao|29/100\n|faint|p2a: Dragonite\n|-ability|p1b: Calyrex|Chilling Neigh|boost\n|-boost|p1b: Calyrex|atk|1\n|\n|upkeep\n|c|\u2606Unskilled99|rng\n|c|\u2606Unskilled99|10 in 10\n|\n|t:|1769321702\n|switch|p2a: Calyrex|Calyrex-Shadow, L50|100/100\n|-ability|p2a: Calyrex|As One\n|-ability|p2a: Calyrex|Unnerve\n|turn|3\n|\n|t:|1769321727\n|move|p1b: Calyrex|Protect|p1b: Calyrex\n|-singleturn|p1b: Calyrex|Protect\n|move|p2b: Chien-Pao|Sucker Punch||[still]\n|-fail|p2b: Chien-Pao\n|move|p1a: Grimmsnarl|Parting Shot|p2a: Calyrex\n|-unboost|p2a: Calyrex|atk|1\n|-unboost|p2a: Calyrex|spa|1\n|\n|t:|1769321730\n|switch|p1a: Volcarona|Volcarona, L50, M, shiny|100/100|[from] Parting Shot\n|move|p2a: Calyrex|Astral Barrage|p1a: Volcarona|[spread] p1a\n|-activate|p1b: Calyrex|move: Protect\n|-crit|p1a: Volcarona\n|-damage|p1a: Volcarona|24/100\n|\n|-heal|p1a: Volcarona|30/100|[from] item: Leftovers\n|upkeep\n|turn|4\n|\n|t:|1769321748\n|move|p1a: Volcarona|Protect|p1a: Volcarona\n|-singleturn|p1a: Volcarona|Protect\n|move|p2a: Calyrex|Encore|p1b: Calyrex\n|-start|p1b: Calyrex|Encore\n|move|p2b: Chien-Pao|Ruination|p1a: Volcarona\n|-activate|p1a: Volcarona|move: Protect\n|move|p1b: Calyrex|Protect||[still]\n|-fail|p1b: Calyrex\n|\n|-heal|p1a: Volcarona|36/100|[from] item: Leftovers\n|upkeep\n|turn|5\n|\n|t:|1769321760\n|switch|p1a: Grimmsnarl|Grimmsnarl, L50, M, shiny, tera:Ghost|100/100\n|switch|p1b: Miraidon|Miraidon, L50, shiny|100/100\n|-fieldstart|move: Electric Terrain|[from] ability: Hadron Engine|[of] p1b: Miraidon\n|move|p2a: Calyrex|Encore||[still]\n|-fail|p2a: Calyrex\n|move|p2b: Chien-Pao|Ruination|p1b: Miraidon\n|-damage|p1b: Miraidon|50/100\n|\n|upkeep\n|turn|6\n|\n|t:|1769321771\n|switch|p2a: Raging Bolt|Raging Bolt, L50|100/100\n|-enditem|p2a: Raging Bolt|Booster Energy\n|-activate|p2a: Raging Bolt|ability: Protosynthesis|[fromitem]\n|-start|p2a: Raging Bolt|protosynthesisspa\n|move|p1a: Grimmsnarl|Parting Shot|p2a: Raging Bolt\n|-unboost|p2a: Raging Bolt|atk|1\n|-unboost|p2a: Raging Bolt|spa|1\n|\n|t:|1769321778\n|switch|p1a: Volcarona|Volcarona, L50, M, shiny|36/100|[from] Parting Shot\n|move|p2b: Chien-Pao|Ice Spinner|p1b: Miraidon\n|-supereffective|p1b: Miraidon\n|-damage|p1b: Miraidon|0 fnt\n|-fieldend|move: Electric Terrain\n|faint|p1b: Miraidon\n|\n|-heal|p1a: Volcarona|42/100|[from] item: Leftovers\n|upkeep\n|\n|t:|1769321787\n|switch|p1b: Calyrex|Calyrex-Ice, L50|60/100\n|-ability|p1b: Calyrex|As One\n|-ability|p1b: Calyrex|Unnerve\n|turn|7\n|\n|t:|1769321811\n|move|p2b: Chien-Pao|Ruination|p1a: Volcarona\n|-damage|p1a: Volcarona|21/100\n|move|p1a: Volcarona|Quiver Dance|p1a: Volcarona\n|-boost|p1a: Volcarona|spa|1\n|-boost|p1a: Volcarona|spd|1\n|-boost|p1a: Volcarona|spe|1\n|move|p2a: Raging Bolt|Thunderbolt|p1a: Volcarona\n|-damage|p1a: Volcarona|0 fnt\n|faint|p1a: Volcarona\n|move|p1b: Calyrex|Glacial Lance|p2b: Chien-Pao|[spread] p2a,p2b\n|-supereffective|p2a: Raging Bolt\n|-resisted|p2b: Chien-Pao\n|-damage|p2a: Raging Bolt|0 fnt\n|-damage|p2b: Chien-Pao|0 fnt\n|faint|p2a: Raging Bolt\n|-end|p2a: Raging Bolt|Protosynthesis|[silent]\n|faint|p2b: Chien-Pao\n|-ability|p1b: Calyrex|Chilling Neigh|boost\n|-boost|p1b: Calyrex|atk|2\n|\n|upkeep\n|\n|t:|1769321820\n|switch|p1a: Grimmsnarl|Grimmsnarl, L50, M, shiny, tera:Ghost|100/100\n|switch|p2a: Calyrex|Calyrex-Shadow, L50|100/100\n|-ability|p2a: Calyrex|As One\n|-ability|p2a: Calyrex|Unnerve\n|turn|8\n|\n|t:|1769321827\n|move|p1a: Grimmsnarl|Parting Shot|p2a: Calyrex\n|-unboost|p2a: Calyrex|atk|1\n|-unboost|p2a: Calyrex|spa|1\n|move|p2a: Calyrex|Astral Barrage|p1b: Calyrex|[spread] p1a,p1b\n|-supereffective|p1a: Grimmsnarl\n|-supereffective|p1b: Calyrex\n|-damage|p1a: Grimmsnarl|56/100\n|-damage|p1b: Calyrex|30/100\n|move|p1b: Calyrex|Glacial Lance|p2a: Calyrex\n|-enditem|p2a: Calyrex|Focus Sash\n|-damage|p2a: Calyrex|1/100\n|\n|-sideend|p1: yamato-tak|Reflect\n|upkeep\n|turn|9\n|\n|t:|1769321842\n|move|p1a: Grimmsnarl|Parting Shot|p2a: Calyrex\n|-unboost|p2a: Calyrex|atk|1\n|-unboost|p2a: Calyrex|spa|1\n|move|p2a: Calyrex|Astral Barrage|p1a: Grimmsnarl|[spread] p1a,p1b\n|-supereffective|p1a: Grimmsnarl\n|-supereffective|p1b: Calyrex\n|-damage|p1a: Grimmsnarl|24/100\n|-damage|p1b: Calyrex|9/100\n|move|p1b: Calyrex|Glacial Lance|p2a: Calyrex\n|-damage|p2a: Calyrex|0 fnt\n|faint|p2a: Calyrex\n|\n|win|yamato-tak\n|raw|yamato-tak's rating: 1376 &rarr; <strong>1403</strong><br />(+27 for winning)\n|raw|Unskilled99's rating: 1509 &rarr; <strong>1482</strong><br />(-27 for losing)\n|c|\u2606Unskilled99|u fuck\n|l|\u2606Unskilled99\n|player|p2|\n|c|\u2606yamato-tak|U are noob\n|l|\u2606yamato-tak\n|player|p1|\n","uploadtime":1769322074,"views":14,"formatid":"gen9vgc2026regi","rating":1403,"private":0,"password":null}