{"id":"gen9vgc2026regi-2588857951","format":"[Gen 9] VGC 2026 Reg I","players":["giang3618","SycrasisEU"],"log":"|j|\u2606giang3618\n|j|\u2606SycrasisEU\n|t:|1776679281\n|gametype|doubles\n|player|p1|giang3618|n|1231\n|player|p2|SycrasisEU|byron|1334\n|gen|9\n|tier|[Gen 9] VGC 2026 Reg I\n|rated|\n|rule|Species Clause: Limit one of each Pok\u00e9mon\n|rule|Item Clause: Limit 1 of each item\n|clearpoke\n|poke|p1|Sableye, L50, F|\n|poke|p1|Iron Valiant, L50|\n|poke|p1|Groudon, L50|\n|poke|p1|Ho-Oh, L50|\n|poke|p1|Chien-Pao, L50|\n|poke|p1|Tornadus, L50, M|\n|poke|p2|Koraidon, L50|\n|poke|p2|Ho-Oh, L50|\n|poke|p2|Chien-Pao, L50|\n|poke|p2|Amoonguss, L50, M|\n|poke|p2|Incineroar, L50, F|\n|poke|p2|Heatran, L50, F|\n|teampreview|4\n|inactive|Battle timer is ON: inactive players will automatically lose when time's up. (requested by giang3618)\n|\n|t:|1776679322\n|teamsize|p1|4\n|teamsize|p2|4\n|start\n|switch|p1a: Sableye|Sableye, L50, F, shiny|100/100\n|switch|p1b: Iron Valiant|Iron Valiant, L50, shiny|100/100\n|switch|p2a: Koraidon|Koraidon, L50, shiny|100/100\n|switch|p2b: Ho-Oh|Ho-Oh, L50|100/100\n|-weather|SunnyDay|[from] ability: Orichalcum Pulse|[of] p2a: Koraidon\n|-activate|p2a: Koraidon|Orichalcum Pulse|[source]\n|-enditem|p1b: Iron Valiant|Booster Energy\n|-activate|p1b: Iron Valiant|ability: Quark Drive|[fromitem]\n|-start|p1b: Iron Valiant|quarkdrivespe\n|turn|1\n|\n|t:|1776679337\n|-terastallize|p2a: Koraidon|Fire\n|move|p1a: Sableye|Gravity|p1a: Sableye\n|-fieldstart|move: Gravity\n|move|p1b: Iron Valiant|Hypnosis|p2a: Koraidon\n|-status|p2a: Koraidon|slp|[from] move: Hypnosis\n|cant|p2a: Koraidon|slp\n|move|p2b: Ho-Oh|Tailwind|p2b: Ho-Oh\n|-sidestart|p2: SycrasisEU|move: Tailwind\n|\n|-weather|SunnyDay|[upkeep]\n|upkeep\n|turn|2\n|\n|t:|1776679355\n|move|p1a: Sableye|Quash|p2b: Ho-Oh\n|-activate|p2b: Ho-Oh|move: Quash\n|cant|p2a: Koraidon|slp\n|move|p1b: Iron Valiant|Hypnosis|p2b: Ho-Oh\n|-status|p2b: Ho-Oh|slp|[from] move: Hypnosis\n|cant|p2b: Ho-Oh|slp\n|\n|-weather|SunnyDay|[upkeep]\n|upkeep\n|turn|3\n|\n|t:|1776679375\n|switch|p1a: Groudon|Groudon, L50, shiny|100/100\n|cant|p2a: Koraidon|slp\n|move|p1b: Iron Valiant|Moonblast|p2b: Ho-Oh\n|-resisted|p2b: Ho-Oh\n|-damage|p2b: Ho-Oh|89/100 slp\n|-curestatus|p2b: Ho-Oh|slp|[msg]\n|move|p2b: Ho-Oh|Brave Bird|p1b: Iron Valiant\n|-supereffective|p1b: Iron Valiant\n|-damage|p1b: Iron Valiant|0 fnt\n|faint|p1b: Iron Valiant\n|-end|p1b: Iron Valiant|Quark Drive|[silent]\n|-damage|p2b: Ho-Oh|61/100|[from] Recoil\n|\n|-weather|SunnyDay|[upkeep]\n|upkeep\n|\n|t:|1776679380\n|switch|p1b: Tornadus|Tornadus, L50, M, shiny|100/100\n|turn|4\n|\n|t:|1776679395\n|switch|p2b: Incineroar|Incineroar, L50, F, shiny|100/100\n|-ability|p2b: Incineroar|Intimidate|boost\n|-unboost|p1a: Groudon|atk|1\n|-unboost|p1b: Tornadus|atk|1\n|-terastallize|p1a: Groudon|Ground\n|-curestatus|p2a: Koraidon|slp|[msg]\n|move|p2a: Koraidon|Protect|p2a: Koraidon\n|-singleturn|p2a: Koraidon|Protect\n|move|p1b: Tornadus|Tailwind|p1b: Tornadus\n|-sidestart|p1: giang3618|move: Tailwind\n|move|p1a: Groudon|Precipice Blades|p2a: Koraidon|[spread] p2b\n|-activate|p2a: Koraidon|move: Protect\n|-supereffective|p2b: Incineroar\n|-damage|p2b: Incineroar|21/100\n|\n|-weather|SunnyDay|[upkeep]\n|-sideend|p2: SycrasisEU|move: Tailwind\n|upkeep\n|turn|5\n|\n|t:|1776679412\n|move|p2b: Incineroar|Fake Out|p1a: Groudon\n|-damage|p1a: Groudon|91/100\n|cant|p1a: Groudon|flinch\n|move|p1b: Tornadus|Bleakwind Storm|p2a: Koraidon|[spread] p2a,p2b\n|-damage|p2a: Koraidon|70/100\n|-damage|p2b: Incineroar|0 fnt\n|faint|p2b: Incineroar\n|move|p2a: Koraidon|Flame Charge|p1b: Tornadus\n|-damage|p1b: Tornadus|23/100\n|-boost|p2a: Koraidon|spe|1\n|\n|-weather|none\n|-fieldend|move: Gravity\n|upkeep\n|\n|t:|1776679424\n|switch|p2b: Ho-Oh|Ho-Oh, L50|94/100\n|turn|6\n|\n|t:|1776679438\n|switch|p1a: Sableye|Sableye, L50, F, shiny|100/100\n|move|p2a: Koraidon|Protect|p2a: Koraidon\n|-singleturn|p2a: Koraidon|Protect\n|move|p1b: Tornadus|Bleakwind Storm|p2b: Ho-Oh|[spread] p2b\n|-activate|p2a: Koraidon|move: Protect\n|-damage|p2b: Ho-Oh|77/100\n|move|p2b: Ho-Oh|Tailwind|p2b: Ho-Oh\n|-sidestart|p2: SycrasisEU|move: Tailwind\n|\n|upkeep\n|turn|7\n|\n|t:|1776679450\n|move|p1a: Sableye|Gravity|p1a: Sableye\n|-fieldstart|move: Gravity\n|move|p2a: Koraidon|Flame Charge|p1b: Tornadus\n|-damage|p1b: Tornadus|0 fnt\n|-boost|p2a: Koraidon|spe|1\n|faint|p1b: Tornadus\n|move|p2b: Ho-Oh|Sacred Fire|p1a: Sableye\n|-damage|p1a: Sableye|33/100\n|-enditem|p1a: Sableye|Eject Button\n|\n|t:|1776679455\n|switch|p1a: Groudon|Groudon, L50, shiny, tera:Ground|91/100\n|-weather|SunnyDay|[from] ability: Drought|[of] p1a: Groudon\n|\n|-weather|SunnyDay|[upkeep]\n|-sideend|p1: giang3618|move: Tailwind\n|upkeep\n|\n|t:|1776679457\n|switch|p1b: Sableye|Sableye, L50, F, shiny|33/100\n|turn|8\n|\n|t:|1776679482\n|move|p1b: Sableye|Quash|p2a: Koraidon\n|-activate|p2a: Koraidon|move: Quash\n|move|p1a: Groudon|Precipice Blades|p2b: Ho-Oh|[spread] p2a,p2b\n|-supereffective|p2a: Koraidon\n|-supereffective|p2b: Ho-Oh\n|-damage|p2a: Koraidon|0 fnt\n|-damage|p2b: Ho-Oh|0 fnt\n|faint|p2a: Koraidon\n|faint|p2b: Ho-Oh\n|\n|-weather|SunnyDay|[upkeep]\n|upkeep\n|-message|SycrasisEU forfeited.\n|\n|win|giang3618\n|raw|giang3618's rating: 1231 &rarr; <strong>1263</strong><br />(+32 for winning)\n|raw|SycrasisEU's rating: 1334 &rarr; <strong>1308</strong><br />(-26 for losing)\n|l|\u2606SycrasisEU\n|player|p2|\n|l|\u2606giang3618\n|player|p1|\n","uploadtime":1776679684,"views":11,"formatid":"gen9vgc2026regi","rating":1263,"private":0,"password":null}