{"id":"gen9vgc2026regi-2563189411","format":"[Gen 9] VGC 2026 Reg I","players":["EllenJoe2026","Ice124567890"],"log":"|j|\u2606EllenJoe2026\n|j|\u2606Ice124567890\n|t:|1774000706\n|gametype|doubles\n|player|p1|EllenJoe2026|2|1496\n|player|p2|Ice124567890|102|1541\n|gen|9\n|tier|[Gen 9] VGC 2026 Reg I\n|rated|\n|rule|Species Clause: Limit one of each Pok\u00e9mon\n|rule|Item Clause: Limit 1 of each item\n|clearpoke\n|poke|p1|Calyrex-Shadow, L50|\n|poke|p1|Zamazenta-*, L50|\n|poke|p1|Incineroar, L50, F|\n|poke|p1|Rillaboom, L50, F|\n|poke|p1|Smeargle, L50, F|\n|poke|p1|Tornadus, L50, M|\n|poke|p2|Zacian-*, L50|\n|poke|p2|Calyrex-Shadow, L50|\n|poke|p2|Tornadus, L50, M|\n|poke|p2|Landorus, L50, M|\n|poke|p2|Urshifu-*, L50, M|\n|poke|p2|Incineroar, L50, F|\n|teampreview|4\n|inactive|Battle timer is ON: inactive players will automatically lose when time's up. (requested by Ice124567890)\n|inactive|EllenJoe2026 also wants the timer to be on.\n|inactive|EllenJoe2026 has 60 seconds left.\n|\n|t:|1774000739\n|teamsize|p1|4\n|teamsize|p2|4\n|start\n|switch|p1a: Calyrex|Calyrex-Shadow, L50|100/100\n|switch|p1b: Tornadus|Tornadus, L50, M, shiny|100/100\n|switch|p2a: Tornadus|Tornadus, L50, M|100/100\n|switch|p2b: Landorus|Landorus, L50, M|100/100\n|-ability|p1a: Calyrex|As One\n|-ability|p1a: Calyrex|Unnerve\n|turn|1\n|inactive|Ice124567890 has 30 seconds left.\n|\n|t:|1774000769\n|move|p2a: Tornadus|Protect|p2a: Tornadus\n|-singleturn|p2a: Tornadus|Protect\n|move|p1a: Calyrex|Protect|p1a: Calyrex\n|-singleturn|p1a: Calyrex|Protect\n|move|p2b: Landorus|Protect|p2b: Landorus\n|-singleturn|p2b: Landorus|Protect\n|move|p1b: Tornadus|Bleakwind Storm|p2b: Landorus|[spread] \n|-activate|p2a: Tornadus|move: Protect\n|-activate|p2b: Landorus|move: Protect\n|\n|upkeep\n|turn|2\n|inactive|Ice124567890 has 30 seconds left.\n|\n|t:|1774000797\n|move|p2a: Tornadus|Tailwind|p2a: Tornadus\n|-sidestart|p2: Ice124567890|move: Tailwind\n|move|p2b: Landorus|Substitute|p2b: Landorus\n|-start|p2b: Landorus|Substitute\n|-damage|p2b: Landorus|76/100\n|move|p1a: Calyrex|Astral Barrage|p2a: Tornadus|[spread] p2a,p2b\n|-end|p2b: Landorus|Substitute\n|-damage|p2a: Tornadus|26/100\n|move|p1b: Tornadus|Bleakwind Storm|p2b: Landorus|[spread] p2a,p2b\n|-damage|p2a: Tornadus|0 fnt\n|-damage|p2b: Landorus|45/100\n|faint|p2a: Tornadus\n|\n|upkeep\n|\n|t:|1774000806\n|switch|p2a: Calyrex|Calyrex-Shadow, L50|100/100\n|-ability|p2a: Calyrex|As One\n|-ability|p2a: Calyrex|Unnerve\n|turn|3\n|\n|t:|1774000824\n|-terastallize|p1a: Calyrex|Dark\n|move|p1b: Tornadus|Tailwind|p1b: Tornadus\n|-sidestart|p1: EllenJoe2026|move: Tailwind\n|move|p1a: Calyrex|Astral Barrage|p2b: Landorus|[spread] p2a,p2b\n|-supereffective|p2a: Calyrex\n|-enditem|p2a: Calyrex|Focus Sash\n|-damage|p2a: Calyrex|1/100\n|-damage|p2b: Landorus|0 fnt\n|faint|p2b: Landorus\n|-ability|p1a: Calyrex|Grim Neigh|boost\n|-boost|p1a: Calyrex|spa|1\n|move|p2a: Calyrex|Disable|p1a: Calyrex\n|-start|p1a: Calyrex|Disable|Astral Barrage\n|\n|upkeep\n|\n|t:|1774000837\n|switch|p2b: Zacian|Zacian-Crowned, L50|100/100\n|-ability|p2b: Zacian|Intrepid Sword|boost\n|-boost|p2b: Zacian|atk|1\n|turn|4\n|\n|t:|1774000853\n|switch|p1a: Incineroar|Incineroar, L50, F, shiny|100/100\n|-ability|p1a: Incineroar|Intimidate|boost\n|-unboost|p2a: Calyrex|atk|1\n|-unboost|p2b: Zacian|atk|1\n|move|p2a: Calyrex|Protect|p2a: Calyrex\n|-singleturn|p2a: Calyrex|Protect\n|move|p1b: Tornadus|Taunt|p2a: Calyrex\n|-activate|p2a: Calyrex|move: Protect\n|move|p2b: Zacian|Play Rough|p1a: Incineroar\n|-damage|p1a: Incineroar|63/100\n|\n|upkeep\n|turn|5\n|\n|t:|1774000867\n|-terastallize|p2a: Calyrex|Ghost\n|move|p1b: Tornadus|Taunt|p2a: Calyrex\n|-start|p2a: Calyrex|move: Taunt\n|move|p2a: Calyrex|Astral Barrage|p1a: Incineroar|[spread] p1a,p1b\n|-resisted|p1a: Incineroar\n|-damage|p1a: Incineroar|26/100\n|-damage|p1b: Tornadus|23/100\n|move|p2b: Zacian|Sacred Sword|p1b: Tornadus\n|-resisted|p1b: Tornadus\n|-damage|p1b: Tornadus|7/100\n|move|p1a: Incineroar|Parting Shot|p2b: Zacian\n|-unboost|p2b: Zacian|atk|1\n|-unboost|p2b: Zacian|spa|1\n|-message|Ice124567890 forfeited.\n|\n|win|EllenJoe2026\n|raw|EllenJoe2026's rating: 1496 &rarr; <strong>1519</strong><br />(+23 for winning)\n|raw|Ice124567890's rating: 1541 &rarr; <strong>1518</strong><br />(-23 for losing)\n|l|\u2606Ice124567890\n|player|p2|\n|l|\u2606EllenJoe2026\n|player|p1|\n","uploadtime":1774001019,"views":13,"formatid":"gen9vgc2026regi","rating":1518,"private":0,"password":null}