{"id":"gen9vgc2026regi-2568753035","format":"[Gen 9] VGC 2026 Reg I","players":["shecallmedada","shangenb6"],"log":"|j|\u2606shecallmedada\n|j|\u2606shangenb6\n|t:|1774620156\n|gametype|doubles\n|player|p1|shecallmedada|burglar-gen1rb|1458\n|player|p2|shangenb6|169|1537\n|gen|9\n|tier|[Gen 9] VGC 2026 Reg I\n|rated|\n|rule|Species Clause: Limit one of each Pok\u00e9mon\n|rule|Item Clause: Limit 1 of each item\n|clearpoke\n|poke|p1|Dondozo, L50, M|\n|poke|p1|Calyrex-Ice, L50|\n|poke|p1|Tatsugiri-Droopy, L50, M|\n|poke|p1|Weezing, L50, F|\n|poke|p1|Rhydon, L50, F|\n|poke|p1|Miraidon, L50|\n|poke|p2|Koraidon, L50|\n|poke|p2|Lunala, L50|\n|poke|p2|Flutter Mane, L50|\n|poke|p2|Chi-Yu, L50|\n|poke|p2|Raging Bolt, L50|\n|poke|p2|Indeedee-F, L50, F|\n|teampreview|4\n|inactive|Battle timer is ON: inactive players will automatically lose when time's up. (requested by shangenb6)\n|inactive|shangenb6 has 60 seconds left.\n|\n|t:|1774620192\n|teamsize|p1|4\n|teamsize|p2|4\n|start\n|switch|p1a: Miraidon|Miraidon, L50|100/100\n|switch|p1b: Goobnut|Weezing, L50, F|100/100\n|switch|p2a: Lunala|Lunala, L50|100/100\n|switch|p2b: Flutter Mane|Flutter Mane, L50|100/100\n|-ability|p1b: Goobnut|Neutralizing Gas\n|-block|p1a: Miraidon|item: Ability Shield\n|-fieldstart|move: Electric Terrain|[from] ability: Hadron Engine|[of] p1a: Miraidon\n|turn|1\n|\n|t:|1774620213\n|move|p2b: Flutter Mane|Moonblast|p1a: Miraidon\n|-supereffective|p1a: Miraidon\n|-damage|p1a: Miraidon|4/100\n|move|p1a: Miraidon|Electro Drift|p2a: Lunala\n|-damage|p2a: Lunala|25/100\n|move|p2a: Lunala|Meteor Beam||[still]\n|-prepare|p2a: Lunala|Meteor Beam\n|-boost|p2a: Lunala|spa|1\n|-enditem|p2a: Lunala|Power Herb\n|-anim|p2a: Lunala|Meteor Beam|p1a: Miraidon\n|-damage|p1a: Miraidon|0 fnt\n|faint|p1a: Miraidon\n|move|p1b: Goobnut|Poison Gas|p2b: Flutter Mane|[spread] p2a,p2b\n|-status|p2a: Lunala|psn\n|-status|p2b: Flutter Mane|psn\n|\n|-damage|p2b: Flutter Mane|88/100 psn|[from] psn\n|-damage|p2a: Lunala|13/100 psn|[from] psn\n|upkeep\n|\n|t:|1774620229\n|switch|p1a: Sheist|Dondozo, L50, M|100/100\n|turn|2\n|\n|t:|1774620243\n|-end|p1b: Goobnut|ability: Neutralizing Gas\n|switch|p1b: Raw|Tatsugiri-Droopy, L50, M|100/100\n|-activate|p1b: Raw|ability: Commander|[of] p1a: Sheist\n|-boost|p1a: Sheist|atk|2\n|-boost|p1a: Sheist|spa|2\n|-boost|p1a: Sheist|spe|2\n|-boost|p1a: Sheist|def|2\n|-boost|p1a: Sheist|spd|2\n|move|p2b: Flutter Mane|Taunt|p1a: Sheist\n|-start|p1a: Sheist|move: Taunt\n|move|p1a: Sheist|Order Up|p2a: Lunala\n|-damage|p2a: Lunala|0 fnt\n|faint|p2a: Lunala\n|-boost|p1a: Sheist|def|1\n|\n|-damage|p2b: Flutter Mane|76/100 psn|[from] psn\n|upkeep\n|\n|t:|1774620261\n|switch|p2a: Raging Bolt|Raging Bolt, L50|100/100\n|turn|3\n|\n|t:|1774620271\n|-terastallize|p1a: Sheist|Grass\n|-terastallize|p2a: Raging Bolt|Fairy\n|move|p2b: Flutter Mane|Moonblast|p1a: Sheist\n|-damage|p1a: Sheist|83/100\n|move|p1a: Sheist|Earthquake|p2a: Raging Bolt|[spread] p2a,p2b\n|-miss|p1a: Sheist|p1b: Raw\n|-damage|p2a: Raging Bolt|73/100\n|-damage|p2b: Flutter Mane|2/100 psn\n|move|p2a: Raging Bolt|Thunderbolt|p1a: Sheist\n|-resisted|p1a: Sheist\n|-damage|p1a: Sheist|70/100\n|\n|-heal|p1a: Sheist|76/100|[from] item: Leftovers\n|-damage|p2b: Flutter Mane|0 fnt|[from] psn\n|faint|p2b: Flutter Mane\n|-end|p2b: Flutter Mane|Protosynthesis|[silent]\n|upkeep\n|\n|t:|1774620289\n|switch|p2b: Indeedee|Indeedee-F, L50, F|100/100\n|-fieldstart|move: Psychic Terrain|[from] ability: Psychic Surge|[of] p2b: Indeedee\n|turn|4\n|\n|t:|1774620296\n|move|p2b: Indeedee|Helping Hand|p2a: Raging Bolt\n|-singleturn|p2a: Raging Bolt|Helping Hand|[of] p2b: Indeedee\n|move|p1a: Sheist|Earthquake|p2b: Indeedee|[spread] p2a,p2b\n|-miss|p1a: Sheist|p1b: Raw\n|-damage|p2a: Raging Bolt|45/100\n|-damage|p2b: Indeedee|68/100\n|move|p2a: Raging Bolt|Draco Meteor|p1a: Sheist\n|-damage|p1a: Sheist|36/100\n|-unboost|p2a: Raging Bolt|spa|2\n|\n|-heal|p1a: Sheist|42/100|[from] item: Leftovers\n|-end|p1a: Sheist|move: Taunt\n|upkeep\n|turn|5\n|\n|t:|1774620318\n|move|p1a: Sheist|Protect|p1a: Sheist\n|-singleturn|p1a: Sheist|Protect\n|move|p2a: Raging Bolt|Draco Meteor|p1a: Sheist\n|-activate|p1a: Sheist|move: Protect\n|move|p2b: Indeedee|Trick Room|p2b: Indeedee\n|-fieldstart|move: Trick Room|[of] p2b: Indeedee\n|\n|-heal|p1a: Sheist|48/100|[from] item: Leftovers\n|upkeep\n|turn|6\n|\n|t:|1774620334\n|move|p2a: Raging Bolt|Draco Meteor|p1a: Sheist\n|-damage|p1a: Sheist|20/100\n|-unboost|p2a: Raging Bolt|spa|2\n|move|p2b: Indeedee|Psychic|p1a: Sheist\n|-damage|p1a: Sheist|5/100\n|move|p1a: Sheist|Earthquake|p2b: Indeedee|[spread] p2a,p2b\n|-miss|p1a: Sheist|p1b: Raw\n|-damage|p2a: Raging Bolt|17/100\n|-damage|p2b: Indeedee|36/100\n|\n|-heal|p1a: Sheist|12/100|[from] item: Leftovers\n|upkeep\n|turn|7\n|\n|t:|1774620357\n|move|p1a: Sheist|Protect|p1a: Sheist\n|-singleturn|p1a: Sheist|Protect\n|move|p2a: Raging Bolt|Draco Meteor|p1a: Sheist\n|-activate|p1a: Sheist|move: Protect\n|move|p2b: Indeedee|Psychic|p1a: Sheist\n|-activate|p1a: Sheist|move: Protect\n|\n|-heal|p1a: Sheist|18/100|[from] item: Leftovers\n|upkeep\n|turn|8\n|inactive|shangenb6 has 30 seconds left.\n|\n|t:|1774620385\n|move|p1a: Sheist|Protect|p1a: Sheist\n|-singleturn|p1a: Sheist|Protect\n|move|p2a: Raging Bolt|Draco Meteor|p1a: Sheist\n|-activate|p1a: Sheist|move: Protect\n|move|p2b: Indeedee|Psychic|p1b: Raw|[miss]\n|-miss|p2b: Indeedee|p1b: Raw\n|\n|-heal|p1a: Sheist|24/100|[from] item: Leftovers\n|-fieldend|move: Psychic Terrain\n|upkeep\n|turn|9\n|\n|t:|1774620400\n|move|p2a: Raging Bolt|Draco Meteor|p1a: Sheist\n|-crit|p1a: Sheist\n|-damage|p1a: Sheist|0 fnt\n|-unboost|p2a: Raging Bolt|spa|2\n|faint|p1a: Sheist\n|move|p2b: Indeedee|Psychic|p1b: Raw\n|-damage|p1b: Raw|60/100\n|\n|-fieldend|move: Trick Room\n|upkeep\n|\n|t:|1774620408\n|switch|p1a: Goobnut|Weezing, L50, F|100/100\n|-ability|p1a: Goobnut|Neutralizing Gas\n|turn|10\n|\n|t:|1774620416\n|move|p2b: Indeedee|Follow Me|p2b: Indeedee\n|-singleturn|p2b: Indeedee|move: Follow Me\n|move|p1b: Raw|Draco Meteor|p2b: Indeedee\n|-damage|p2b: Indeedee|0 fnt\n|-unboost|p1b: Raw|spa|2\n|faint|p2b: Indeedee\n|move|p2a: Raging Bolt|Draco Meteor|p1b: Raw\n|-supereffective|p1b: Raw\n|-damage|p1b: Raw|12/100\n|move|p1a: Goobnut|Sludge Bomb|p2a: Raging Bolt\n|-supereffective|p2a: Raging Bolt\n|-damage|p2a: Raging Bolt|0 fnt\n|faint|p2a: Raging Bolt\n|-end|p2a: Raging Bolt|Protosynthesis|[silent]\n|\n|win|shecallmedada\n|raw|shecallmedada's rating: 1458 &rarr; <strong>1482</strong><br />(+24 for winning)\n|raw|shangenb6's rating: 1537 &rarr; <strong>1513</strong><br />(-24 for losing)\n|l|\u2606shecallmedada\n|player|p1|\n|l|\u2606shangenb6\n|player|p2|\n|j| Winieska Rambulera\n","uploadtime":1774620567,"views":14,"formatid":"gen9vgc2026regi","rating":1482,"private":0,"password":null}