{"id":"gen9vgc2026regi-2566677002","format":"[Gen 9] VGC 2026 Reg I","players":["yuri1910","newlifecicle"],"log":"|j|\u2606yuri1910\n|j|\u2606newlifecicle\n|t:|1774397213\n|gametype|doubles\n|player|p1|yuri1910|linebacker|1464\n|player|p2|newlifecicle|veteran|1646\n|gen|9\n|tier|[Gen 9] VGC 2026 Reg I\n|rated|\n|rule|Species Clause: Limit one of each Pok\u00e9mon\n|rule|Item Clause: Limit 1 of each item\n|clearpoke\n|poke|p1|Calyrex-Ice, L50|\n|poke|p1|Kyogre, L50|\n|poke|p1|Grimmsnarl, L50, M|\n|poke|p1|Rillaboom, L50, M|\n|poke|p1|Urshifu-*, L50, F|\n|poke|p1|Landorus, L50, M|\n|poke|p2|Calyrex-Shadow, L50|\n|poke|p2|Zamazenta-*, L50|\n|poke|p2|Chien-Pao, L50|\n|poke|p2|Dragonite, L50, M|\n|poke|p2|Raging Bolt, L50|\n|poke|p2|Amoonguss, L50, F|\n|teampreview|4\n|inactive|Battle timer is ON: inactive players will automatically lose when time's up. (requested by newlifecicle)\n|\n|t:|1774397238\n|teamsize|p1|4\n|teamsize|p2|4\n|start\n|switch|p1a: Grimmsnarl|Grimmsnarl, L50, M|100/100\n|switch|p1b: Calyrex|Calyrex-Ice, L50|100/100\n|switch|p2a: PinkPonyClub|Calyrex-Shadow, L50|100/100\n|switch|p2b: Green Goober|Dragonite, L50, M|100/100\n|-ability|p2a: PinkPonyClub|As One\n|-ability|p2a: PinkPonyClub|Unnerve\n|-ability|p1b: Calyrex|As One\n|-ability|p1b: Calyrex|Unnerve\n|turn|1\n|\n|t:|1774397247\n|-terastallize|p2b: Green Goober|Normal\n|move|p2b: Green Goober|Extreme Speed|p1a: Grimmsnarl\n|-damage|p1a: Grimmsnarl|28/100\n|move|p1a: Grimmsnarl|Light Screen|p1a: Grimmsnarl\n|-sidestart|p1: yuri1910|move: Light Screen\n|move|p2a: PinkPonyClub|Astral Barrage|p1b: Calyrex|[spread] p1a,p1b\n|-resisted|p1a: Grimmsnarl\n|-supereffective|p1b: Calyrex\n|-damage|p1a: Grimmsnarl|10/100\n|-damage|p1b: Calyrex|54/100\n|move|p1b: Calyrex|Glacial Lance|p2a: PinkPonyClub|[spread] p2a,p2b\n|-damage|p2a: PinkPonyClub|39/100\n|-damage|p2b: Green Goober|47/100\n|\n|-heal|p1b: Calyrex|60/100|[from] item: Leftovers\n|upkeep\n|turn|2\n|\n|t:|1774397270\n|move|p2b: Green Goober|Extreme Speed|p1b: Calyrex\n|-damage|p1b: Calyrex|21/100\n|move|p1a: Grimmsnarl|Reflect|p1a: Grimmsnarl\n|-sidestart|p1: yuri1910|Reflect\n|move|p2a: PinkPonyClub|Astral Barrage|p1a: Grimmsnarl|[spread] p1a,p1b\n|-resisted|p1a: Grimmsnarl\n|-supereffective|p1b: Calyrex\n|-damage|p1a: Grimmsnarl|0 fnt\n|-damage|p1b: Calyrex|0 fnt\n|faint|p1a: Grimmsnarl\n|faint|p1b: Calyrex\n|-ability|p2a: PinkPonyClub|Grim Neigh|boost\n|-boost|p2a: PinkPonyClub|spa|2\n|\n|upkeep\n|\n|t:|1774397279\n|switch|p1a: Kyogre|Kyogre, L50|100/100\n|switch|p1b: Landorus|Landorus, L50, M|100/100\n|-weather|RainDance|[from] ability: Drizzle|[of] p1a: Kyogre\n|turn|3\n|\n|t:|1774397292\n|move|p2a: PinkPonyClub|Protect|p2a: PinkPonyClub\n|-singleturn|p2a: PinkPonyClub|Protect\n|move|p1b: Landorus|Protect|p1b: Landorus\n|-singleturn|p1b: Landorus|Protect\n|move|p2b: Green Goober|Extreme Speed|p1b: Landorus\n|-activate|p1b: Landorus|move: Protect\n|move|p1a: Kyogre|Origin Pulse|p2b: Green Goober|[spread] \n|-activate|p2a: PinkPonyClub|move: Protect\n|-miss|p1a: Kyogre|p2b: Green Goober\n|\n|-weather|RainDance|[upkeep]\n|upkeep\n|turn|4\n|\n|t:|1774397307\n|move|p2b: Green Goober|Extreme Speed|p1b: Landorus\n|-damage|p1b: Landorus|50/100\n|move|p2a: PinkPonyClub|Astral Barrage|p1b: Landorus|[spread] p1a,p1b\n|-damage|p1a: Kyogre|68/100\n|-damage|p1b: Landorus|0 fnt\n|faint|p1b: Landorus\n|-ability|p2a: PinkPonyClub|Grim Neigh|boost\n|-boost|p2a: PinkPonyClub|spa|1\n|move|p1a: Kyogre|Origin Pulse|p2a: PinkPonyClub|[spread] p2b\n|-miss|p1a: Kyogre|p2a: PinkPonyClub\n|-damage|p2b: Green Goober|0 fnt\n|faint|p2b: Green Goober\n|\n|-weather|RainDance|[upkeep]\n|upkeep\n|\n|t:|1774397315\n|switch|p2b: protec|Zamazenta-Crowned, L50|100/100\n|-ability|p2b: protec|Dauntless Shield|boost\n|-boost|p2b: protec|def|1\n|turn|5\n|j| Ascitiesdrown\n|\n|t:|1774397322\n|move|p2a: PinkPonyClub|Astral Barrage|p1a: Kyogre\n|-damage|p1a: Kyogre|19/100\n|move|p2b: protec|Body Press|p1a: Kyogre\n|-damage|p1a: Kyogre|0 fnt\n|faint|p1a: Kyogre\n|\n|win|newlifecicle\n|raw|yuri1910's rating: 1464 &rarr; <strong>1454</strong><br />(-10 for losing)\n|raw|newlifecicle's rating: 1646 &rarr; <strong>1656</strong><br />(+10 for winning)\n|l|\u2606yuri1910\n|player|p1|\n|l|\u2606newlifecicle\n|player|p2|\n","uploadtime":1774397497,"views":14,"formatid":"gen9vgc2026regi","rating":1454,"private":0,"password":null}