{"id":"gen9vgc2026regi-2545473620","format":"[Gen 9] VGC 2026 Reg I","players":["gergef","Schimmli"],"log":"|j|\u2606gergef\n|j|\u2606Schimmli\n|t:|1771854173\n|gametype|doubles\n|player|p1|gergef|colress|1347\n|player|p2|Schimmli|102|1521\n|gen|9\n|tier|[Gen 9] VGC 2026 Reg I\n|rated|\n|rule|Species Clause: Limit one of each Pok\u00e9mon\n|rule|Item Clause: Limit 1 of each item\n|clearpoke\n|poke|p1|Giratina-Origin, L50|\n|poke|p1|Terapagos, L50, M|\n|poke|p1|Incineroar, L50, F|\n|poke|p1|Rillaboom, L50, M|\n|poke|p1|Grimmsnarl, L50, M|\n|poke|p1|Amoonguss, L50, F|\n|poke|p2|Terapagos, L50, M|\n|poke|p2|Calyrex-Shadow, L50|\n|poke|p2|Flutter Mane, L50|\n|poke|p2|Ogerpon-Cornerstone, L50, F|\n|poke|p2|Incineroar, L50, F|\n|poke|p2|Rillaboom, L50, M|\n|teampreview|4\n|\n|t:|1771854201\n|teamsize|p1|4\n|teamsize|p2|4\n|start\n|switch|p1a: Giratina|Giratina-Origin, L50|100/100\n|switch|p1b: Grimmsnarl|Grimmsnarl, L50, M|100/100\n|switch|p2a: Terapagos|Terapagos, L50, M|100/100\n|switch|p2b: Incineroar|Incineroar, L50, F, shiny|100/100\n|-activate|p2a: Terapagos|ability: Tera Shift\n|detailschange|p2a: Terapagos|Terapagos-Terastal, L50, M\n|-heal|p2a: Terapagos|100/100|[silent]\n|-ability|p2b: Incineroar|Intimidate|boost\n|-unboost|p1a: Giratina|atk|1\n|-unboost|p1b: Grimmsnarl|atk|1\n|turn|1\n|\n|t:|1771854236\n|switch|p1a: Terapagos|Terapagos, L50, M|100/100\n|-activate|p1a: Terapagos|ability: Tera Shift\n|detailschange|p1a: Terapagos|Terapagos-Terastal, L50, M\n|-heal|p1a: Terapagos|100/100|[silent]\n|move|p2b: Incineroar|Fake Out|p1b: Grimmsnarl\n|-damage|p1b: Grimmsnarl|89/100\n|cant|p1b: Grimmsnarl|flinch\n|move|p2a: Terapagos|Calm Mind|p2a: Terapagos\n|-boost|p2a: Terapagos|spa|1\n|-boost|p2a: Terapagos|spd|1\n|\n|upkeep\n|turn|2\n|\n|t:|1771854251\n|move|p1b: Grimmsnarl|Thunder Wave|p2a: Terapagos\n|-status|p2a: Terapagos|par\n|move|p1a: Terapagos|Calm Mind|p1a: Terapagos\n|-boost|p1a: Terapagos|spa|1\n|-boost|p1a: Terapagos|spd|1\n|move|p2b: Incineroar|Knock Off|p1a: Terapagos\n|-activate|p1a: Terapagos|ability: Tera Shell\n|-resisted|p1a: Terapagos\n|-damage|p1a: Terapagos|86/100\n|-enditem|p1a: Terapagos|Leftovers|[from] move: Knock Off|[of] p2b: Incineroar\n|move|p2a: Terapagos|Tera Starstorm|p1b: Grimmsnarl\n|-damage|p1b: Grimmsnarl|28/100\n|\n|upkeep\n|turn|3\n|\n|t:|1771854279\n|move|p1b: Grimmsnarl|Light Screen|p1b: Grimmsnarl\n|-sidestart|p1: gergef|move: Light Screen\n|move|p1a: Terapagos|Calm Mind|p1a: Terapagos\n|-boost|p1a: Terapagos|spa|1\n|-boost|p1a: Terapagos|spd|1\n|move|p2b: Incineroar|Parting Shot|p1a: Terapagos\n|-unboost|p1a: Terapagos|atk|1\n|-unboost|p1a: Terapagos|spa|1\n|\n|t:|1771854290\n|switch|p2b: Rillaboom|Rillaboom, L50, M|100/100|[from] Parting Shot\n|-fieldstart|move: Grassy Terrain|[from] ability: Grassy Surge|[of] p2b: Rillaboom\n|move|p2a: Terapagos|Calm Mind|p2a: Terapagos\n|-boost|p2a: Terapagos|spa|1\n|-boost|p2a: Terapagos|spd|1\n|\n|-heal|p1a: Terapagos|92/100|[from] Grassy Terrain\n|-heal|p1b: Grimmsnarl|34/100|[from] Grassy Terrain\n|upkeep\n|turn|4\n|\n|t:|1771854303\n|-terastallize|p2a: Terapagos|Stellar\n|detailschange|p2a: Terapagos|Terapagos-Stellar, L50, M, tera:Stellar\n|-heal|p2a: Terapagos|100/100 par|[silent]\n|-ability|p2a: Terapagos|Teraform Zero\n|-fieldend|move: Grassy Terrain\n|move|p2b: Rillaboom|Fake Out|p1b: Grimmsnarl\n|-damage|p1b: Grimmsnarl|21/100\n|cant|p1b: Grimmsnarl|flinch\n|move|p1a: Terapagos|Calm Mind|p1a: Terapagos\n|-boost|p1a: Terapagos|spa|1\n|-boost|p1a: Terapagos|spd|1\n|move|p2a: Terapagos|Tera Starstorm|p1a: Terapagos|[spread] p1a,p1b\n|-damage|p1a: Terapagos|75/100\n|-damage|p1b: Grimmsnarl|0 fnt\n|faint|p1b: Grimmsnarl\n|\n|upkeep\n|\n|t:|1771854319\n|switch|p1b: Incineroar|Incineroar, L50, F|100/100\n|-ability|p1b: Incineroar|Intimidate|boost\n|-unboost|p2a: Terapagos|atk|1\n|-unboost|p2b: Rillaboom|atk|1\n|turn|5\n|\n|t:|1771854330\n|move|p1b: Incineroar|Fake Out|p2a: Terapagos\n|-damage|p2a: Terapagos|95/100 par\n|move|p1a: Terapagos|Calm Mind|p1a: Terapagos\n|-boost|p1a: Terapagos|spa|1\n|-boost|p1a: Terapagos|spd|1\n|move|p2b: Rillaboom|Wood Hammer|p1a: Terapagos\n|-damage|p1a: Terapagos|44/100\n|-damage|p2b: Rillaboom|91/100|[from] Recoil\n|cant|p2a: Terapagos|flinch\n|\n|-heal|p2a: Terapagos|100/100 par|[from] item: Leftovers\n|upkeep\n|turn|6\n|\n|t:|1771854349\n|-terastallize|p1a: Terapagos|Stellar\n|detailschange|p1a: Terapagos|Terapagos-Stellar, L50, M, tera:Stellar\n|-heal|p1a: Terapagos|58/100|[silent]\n|move|p1a: Terapagos|Tera Starstorm|p2b: Rillaboom|[spread] p2a,p2b\n|-supereffective|p2a: Terapagos\n|-damage|p2a: Terapagos|44/100 par\n|-damage|p2b: Rillaboom|33/100\n|move|p2b: Rillaboom|U-turn|p1a: Terapagos\n|-damage|p1a: Terapagos|50/100\n|\n|t:|1771854358\n|switch|p2b: Calyrex|Calyrex-Shadow, L50|100/100|[from] U-turn\n|-ability|p2b: Calyrex|As One\n|-ability|p2b: Calyrex|Unnerve\n|move|p1b: Incineroar|Flare Blitz|p2a: Terapagos\n|-damage|p2a: Terapagos|23/100 par\n|-damage|p1b: Incineroar|92/100|[from] Recoil\n|move|p2a: Terapagos|Tera Starstorm|p1b: Incineroar|[spread] p1a,p1b\n|-supereffective|p1a: Terapagos\n|-damage|p1a: Terapagos|30/100\n|-damage|p1b: Incineroar|52/100\n|\n|-heal|p2a: Terapagos|29/100 par|[from] item: Leftovers\n|upkeep\n|turn|7\n|\n|t:|1771854380\n|move|p2b: Calyrex|Disable|p1a: Terapagos\n|-start|p1a: Terapagos|Disable|Tera Starstorm\n|cant|p1a: Terapagos|Disable|Tera Starstorm\n|move|p1b: Incineroar|Parting Shot|p2b: Calyrex\n|-unboost|p2b: Calyrex|atk|1\n|-unboost|p2b: Calyrex|spa|1\n|\n|t:|1771854386\n|switch|p1b: Giratina|Giratina-Origin, L50|100/100|[from] Parting Shot\n|move|p2a: Terapagos|Tera Starstorm|p1a: Terapagos|[spread] p1a,p1b\n|-supereffective|p1a: Terapagos\n|-damage|p1a: Terapagos|11/100\n|-damage|p1b: Giratina|71/100\n|\n|-heal|p2a: Terapagos|36/100 par|[from] item: Leftovers\n|upkeep\n|turn|8\n|\n|t:|1771854409\n|cant|p2a: Terapagos|par\n|move|p2b: Calyrex|Will-O-Wisp|p1a: Terapagos\n|-status|p1a: Terapagos|brn\n|move|p1a: Terapagos|Earth Power|p2a: Terapagos\n|-damage|p2a: Terapagos|8/100 par\n|move|p1b: Giratina|Hex|p2b: Calyrex\n|-supereffective|p2b: Calyrex\n|-enditem|p2b: Calyrex|Focus Sash\n|-damage|p2b: Calyrex|1/100\n|\n|-heal|p2a: Terapagos|14/100 par|[from] item: Leftovers\n|-damage|p1a: Terapagos|5/100 brn|[from] brn\n|upkeep\n|turn|9\n|\n|t:|1771854433\n|switch|p2b: Incineroar|Incineroar, L50, F, shiny|100/100\n|-ability|p2b: Incineroar|Intimidate|boost\n|-unboost|p1a: Terapagos|atk|1\n|-unboost|p1b: Giratina|atk|1\n|move|p2a: Terapagos|Protect|p2a: Terapagos\n|-singleturn|p2a: Terapagos|Protect\n|move|p1a: Terapagos|Earth Power|p2a: Terapagos\n|-activate|p2a: Terapagos|move: Protect\n|move|p1b: Giratina|Hex|p2b: Incineroar\n|-resisted|p2b: Incineroar\n|-damage|p2b: Incineroar|83/100\n|\n|-heal|p2a: Terapagos|20/100 par|[from] item: Leftovers\n|-damage|p1a: Terapagos|0 fnt|[from] brn\n|faint|p1a: Terapagos\n|detailschange|p1: Terapagos|Terapagos, L50, M|[silent]\n|upkeep\n|\n|t:|1771854440\n|switch|p1a: Incineroar|Incineroar, L50, F|52/100\n|-ability|p1a: Incineroar|Intimidate|boost\n|-unboost|p2a: Terapagos|atk|1\n|-unboost|p2b: Incineroar|atk|1\n|turn|10\n|\n|t:|1771854465\n|move|p2b: Incineroar|Fake Out|p1a: Incineroar\n|-damage|p1a: Incineroar|48/100\n|cant|p1a: Incineroar|flinch\n|move|p1b: Giratina|Draco Meteor|p2b: Incineroar\n|-damage|p2b: Incineroar|8/100\n|-unboost|p1b: Giratina|spa|2\n|cant|p2a: Terapagos|par\n|\n|-heal|p2a: Terapagos|27/100 par|[from] item: Leftovers\n|-sideend|p1: gergef|move: Light Screen\n|upkeep\n|turn|11\n|\n|t:|1771854486\n|switch|p2b: Rillaboom|Rillaboom, L50, M|33/100\n|-fieldstart|move: Grassy Terrain|[from] ability: Grassy Surge|[of] p2b: Rillaboom\n|move|p2a: Terapagos|Protect|p2a: Terapagos\n|-singleturn|p2a: Terapagos|Protect\n|move|p1b: Giratina|Draco Meteor|p2a: Terapagos\n|-activate|p2a: Terapagos|move: Protect\n|move|p1a: Incineroar|Flare Blitz|p2a: Terapagos\n|-activate|p2a: Terapagos|move: Protect\n|\n|-heal|p2b: Rillaboom|39/100|[from] Grassy Terrain\n|-heal|p1a: Incineroar|53/100|[from] Grassy Terrain\n|-heal|p2a: Terapagos|33/100 par|[from] Grassy Terrain\n|-heal|p2a: Terapagos|39/100 par|[from] item: Leftovers\n|upkeep\n|turn|12\n|\n|t:|1771854502\n|move|p2b: Rillaboom|Fake Out|p1a: Incineroar\n|-damage|p1a: Incineroar|44/100\n|move|p1b: Giratina|Draco Meteor|p2a: Terapagos\n|-damage|p2a: Terapagos|27/100 par\n|-unboost|p1b: Giratina|spa|2\n|cant|p1a: Incineroar|flinch\n|move|p2a: Terapagos|Earth Power|p1a: Incineroar\n|-supereffective|p1a: Incineroar\n|-damage|p1a: Incineroar|0 fnt\n|faint|p1a: Incineroar\n|\n|-heal|p2b: Rillaboom|45/100|[from] Grassy Terrain\n|-heal|p2a: Terapagos|33/100 par|[from] Grassy Terrain\n|-heal|p2a: Terapagos|39/100 par|[from] item: Leftovers\n|upkeep\n|turn|13\n|\n|t:|1771854520\n|move|p1b: Giratina|Draco Meteor|p2a: Terapagos\n|-damage|p2a: Terapagos|30/100 par\n|-unboost|p1b: Giratina|spa|2\n|move|p2b: Rillaboom|U-turn|p1b: Giratina\n|-resisted|p1b: Giratina\n|-damage|p1b: Giratina|62/100\n|\n|t:|1771854526\n|switch|p2b: Calyrex|Calyrex-Shadow, L50|1/100|[from] U-turn\n|-ability|p2b: Calyrex|As One\n|-ability|p2b: Calyrex|Unnerve\n|cant|p2a: Terapagos|par\n|\n|-heal|p2b: Calyrex|7/100|[from] Grassy Terrain\n|-heal|p2a: Terapagos|36/100 par|[from] Grassy Terrain\n|-heal|p2a: Terapagos|43/100 par|[from] item: Leftovers\n|upkeep\n|turn|14\n|\n|t:|1771854535\n|move|p2b: Calyrex|Astral Barrage|p1b: Giratina\n|-supereffective|p1b: Giratina\n|-damage|p1b: Giratina|0 fnt\n|faint|p1b: Giratina\n|\n|win|Schimmli\n|raw|gergef's rating: 1347 &rarr; <strong>1336</strong><br />(-11 for losing)\n|raw|Schimmli's rating: 1521 &rarr; <strong>1532</strong><br />(+11 for winning)\n|c|\u2606Schimmli|gg\n|c|\u2606gergef|gg\n|l|\u2606Schimmli\n|player|p2|\n|l|\u2606gergef\n|player|p1|\n","uploadtime":1771854762,"views":13,"formatid":"gen9vgc2026regi","rating":1336,"private":0,"password":null}