{"id":"gen9vgc2026regi-2537471628","format":"[Gen 9] VGC 2026 Reg I","players":["Lewissquire","Schimmli"],"log":"|j|\u2606Lewissquire\n|j|\u2606Schimmli\n|t:|1770818953\n|gametype|doubles\n|player|p1|Lewissquire|101|1307\n|player|p2|Schimmli|101|1458\n|gen|9\n|tier|[Gen 9] VGC 2026 Reg I\n|rated|\n|rule|Species Clause: Limit one of each Pok\u00e9mon\n|rule|Item Clause: Limit 1 of each item\n|clearpoke\n|poke|p1|Miraidon, L50|\n|poke|p1|Calyrex-Ice, L50|\n|poke|p1|Incineroar, L50, F|\n|poke|p1|Urshifu-*, L50, M|\n|poke|p1|Amoonguss, L50, M|\n|poke|p1|Volcarona, L50, F|\n|poke|p2|Terapagos, L50, M|\n|poke|p2|Calyrex-Shadow, L50|\n|poke|p2|Flutter Mane, L50|\n|poke|p2|Ogerpon-Cornerstone, L50, F|\n|poke|p2|Incineroar, L50, M|\n|poke|p2|Rillaboom, L50, F|\n|teampreview|4\n|inactive|Battle timer is ON: inactive players will automatically lose when time's up. (requested by Schimmli)\n|\n|t:|1770819039\n|teamsize|p1|4\n|teamsize|p2|4\n|start\n|switch|p1a: Calyrex|Calyrex-Ice, L50|100/100\n|switch|p1b: Incineroar|Incineroar, L50, F|100/100\n|switch|p2a: Terapagos|Terapagos, L50, M|100/100\n|switch|p2b: Rillaboom|Rillaboom, L50, F|100/100\n|-activate|p2a: Terapagos|ability: Tera Shift\n|detailschange|p2a: Terapagos|Terapagos-Terastal, L50, M\n|-heal|p2a: Terapagos|100/100|[silent]\n|-ability|p1a: Calyrex|As One\n|-ability|p1a: Calyrex|Unnerve\n|-fieldstart|move: Grassy Terrain|[from] ability: Grassy Surge|[of] p2b: Rillaboom\n|-ability|p1b: Incineroar|Intimidate|boost\n|-unboost|p2a: Terapagos|atk|1\n|-unboost|p2b: Rillaboom|atk|1\n|turn|1\n|inactive|Lewissquire has 30 seconds left.\n|inactive|Schimmli has 30 seconds left.\n|inactive|Lewissquire has 20 seconds left.\n|\n|t:|1770819074\n|move|p1a: Calyrex|Protect|p1a: Calyrex\n|-singleturn|p1a: Calyrex|Protect\n|move|p2b: Rillaboom|Fake Out|p1a: Calyrex\n|-activate|p1a: Calyrex|move: Protect\n|move|p2a: Terapagos|Calm Mind|p2a: Terapagos\n|-boost|p2a: Terapagos|spa|1\n|-boost|p2a: Terapagos|spd|1\n|move|p1b: Incineroar|U-turn|p2b: Rillaboom\n|-supereffective|p2b: Rillaboom\n|-damage|p2b: Rillaboom|67/100\n|\n|t:|1770819089\n|switch|p1b: Amoonguss|Amoonguss, L50, M|100/100|[from] U-turn\n|\n|-heal|p2b: Rillaboom|72/100|[from] Grassy Terrain\n|upkeep\n|turn|2\n|\n|t:|1770819099\n|move|p2a: Terapagos|Protect|p2a: Terapagos\n|-singleturn|p2a: Terapagos|Protect\n|move|p2b: Rillaboom|U-turn|p1a: Calyrex\n|-supereffective|p1a: Calyrex\n|-damage|p1a: Calyrex|81/100\n|\n|t:|1770819105\n|switch|p2b: Incineroar|Incineroar, L50, M, shiny|100/100|[from] U-turn\n|-ability|p2b: Incineroar|Intimidate|boost\n|-fail|p1a: Calyrex|unboost|[from] item: Clear Amulet|[of] p1a: Calyrex\n|-unboost|p1b: Amoonguss|atk|1\n|move|p1b: Amoonguss|Spore|p2a: Terapagos\n|-activate|p2a: Terapagos|move: Protect\n|move|p1a: Calyrex|Trick Room|p1a: Calyrex\n|-fieldstart|move: Trick Room|[of] p1a: Calyrex\n|\n|-heal|p1a: Calyrex|87/100|[from] Grassy Terrain\n|upkeep\n|turn|3\n|inactive|Lewissquire has 30 seconds left.\n|\n|t:|1770819137\n|move|p2b: Incineroar|Fake Out|p1b: Amoonguss\n|-damage|p1b: Amoonguss|90/100\n|-damage|p2b: Incineroar|84/100|[from] item: Rocky Helmet|[of] p1b: Amoonguss\n|cant|p1b: Amoonguss|flinch\n|move|p1a: Calyrex|High Horsepower|p2b: Incineroar\n|-supereffective|p2b: Incineroar\n|-damage|p2b: Incineroar|29/100\n|-damage|p1a: Calyrex|71/100|[from] item: Rocky Helmet|[of] p2b: Incineroar\n|move|p2a: Terapagos|Calm Mind|p2a: Terapagos\n|-boost|p2a: Terapagos|spa|1\n|-boost|p2a: Terapagos|spd|1\n|\n|-heal|p1b: Amoonguss|96/100|[from] Grassy Terrain\n|-heal|p1a: Calyrex|76/100|[from] Grassy Terrain\n|-heal|p2b: Incineroar|35/100|[from] Grassy Terrain\n|upkeep\n|turn|4\n|inactive|Schimmli has 30 seconds left.\n|\n|t:|1770819174\n|move|p2a: Terapagos|Protect|p2a: Terapagos\n|-singleturn|p2a: Terapagos|Protect\n|move|p1b: Amoonguss|Spore|p2a: Terapagos\n|-activate|p2a: Terapagos|move: Protect\n|move|p1a: Calyrex|Glacial Lance|p2a: Terapagos|[spread] p2b\n|-activate|p2a: Terapagos|move: Protect\n|-resisted|p2b: Incineroar\n|-damage|p2b: Incineroar|13/100\n|move|p2b: Incineroar|Parting Shot|p1b: Amoonguss\n|-unboost|p1b: Amoonguss|atk|1\n|-unboost|p1b: Amoonguss|spa|1\n|\n|t:|1770819187\n|switch|p2b: Ogerpon|Ogerpon-Cornerstone, L50, F|100/100|[from] Parting Shot\n|\n|-heal|p1b: Amoonguss|100/100|[from] Grassy Terrain\n|-heal|p1a: Calyrex|82/100|[from] Grassy Terrain\n|upkeep\n|turn|5\n|inactive|Lewissquire has 30 seconds left.\n|\n|t:|1770819216\n|move|p1b: Amoonguss|Protect|p1b: Amoonguss\n|-singleturn|p1b: Amoonguss|Protect\n|move|p2b: Ogerpon|Follow Me|p2b: Ogerpon\n|-singleturn|p2b: Ogerpon|move: Follow Me\n|move|p1a: Calyrex|Glacial Lance|p2a: Terapagos|[spread] p2a,p2b\n|-activate|p2a: Terapagos|ability: Tera Shell\n|-resisted|p2a: Terapagos\n|-supereffective|p2b: Ogerpon\n|-damage|p2a: Terapagos|81/100\n|-ability|p2b: Ogerpon|Sturdy\n|-damage|p2b: Ogerpon|1/100\n|move|p2a: Terapagos|Tera Starstorm|p1b: Amoonguss\n|-activate|p1b: Amoonguss|move: Protect\n|\n|-heal|p1a: Calyrex|88/100|[from] Grassy Terrain\n|-heal|p2a: Terapagos|87/100|[from] Grassy Terrain\n|-heal|p2a: Terapagos|93/100|[from] item: Leftovers\n|-heal|p2b: Ogerpon|7/100|[from] Grassy Terrain\n|-fieldend|move: Grassy Terrain\n|upkeep\n|turn|6\n|inactive|Lewissquire has 30 seconds left.\n|\n|t:|1770819244\n|switch|p1b: Incineroar|Incineroar, L50, F|100/100\n|-ability|p1b: Incineroar|Intimidate|boost\n|-unboost|p2a: Terapagos|atk|1\n|-unboost|p2b: Ogerpon|atk|1\n|move|p2b: Ogerpon|Follow Me|p2b: Ogerpon\n|-singleturn|p2b: Ogerpon|move: Follow Me\n|move|p1a: Calyrex|Glacial Lance|p2a: Terapagos|[spread] p2a,p2b\n|-supereffective|p2b: Ogerpon\n|-damage|p2a: Terapagos|55/100\n|-damage|p2b: Ogerpon|0 fnt\n|faint|p2b: Ogerpon\n|-ability|p1a: Calyrex|Chilling Neigh|boost\n|-boost|p1a: Calyrex|atk|1\n|move|p2a: Terapagos|Tera Starstorm|p1b: Incineroar\n|-damage|p1b: Incineroar|51/100\n|\n|-heal|p2a: Terapagos|61/100|[from] item: Leftovers\n|-fieldend|move: Trick Room\n|upkeep\n|\n|t:|1770819260\n|switch|p2b: Rillaboom|Rillaboom, L50, F|72/100\n|-fieldstart|move: Grassy Terrain|[from] ability: Grassy Surge|[of] p2b: Rillaboom\n|turn|7\n|inactive|Lewissquire has 30 seconds left.\n|\n|t:|1770819286\n|switch|p1b: Amoonguss|Amoonguss, L50, M|100/100\n|move|p1a: Calyrex|Protect|p1a: Calyrex\n|-singleturn|p1a: Calyrex|Protect\n|move|p2b: Rillaboom|Fake Out|p1a: Calyrex\n|-activate|p1a: Calyrex|move: Protect\n|move|p2a: Terapagos|Tera Starstorm|p1a: Calyrex\n|-activate|p1a: Calyrex|move: Protect\n|\n|-heal|p2a: Terapagos|68/100|[from] Grassy Terrain\n|-heal|p2a: Terapagos|74/100|[from] item: Leftovers\n|-heal|p2b: Rillaboom|78/100|[from] Grassy Terrain\n|-heal|p1a: Calyrex|94/100|[from] Grassy Terrain\n|upkeep\n|turn|8\n|inactive|Lewissquire has 30 seconds left.\n|\n|t:|1770819314\n|-terastallize|p2a: Terapagos|Stellar\n|detailschange|p2a: Terapagos|Terapagos-Stellar, L50, M, tera:Stellar\n|-heal|p2a: Terapagos|81/100|[silent]\n|-ability|p2a: Terapagos|Teraform Zero\n|-fieldend|move: Grassy Terrain\n|move|p2a: Terapagos|Tera Starstorm|p1a: Calyrex|[spread] p1a,p1b\n|-damage|p1a: Calyrex|51/100\n|-damage|p1b: Amoonguss|48/100\n|move|p2b: Rillaboom|U-turn|p1a: Calyrex\n|-supereffective|p1a: Calyrex\n|-damage|p1a: Calyrex|23/100\n|\n|t:|1770819325\n|switch|p2b: Incineroar|Incineroar, L50, M, shiny|13/100|[from] U-turn\n|-ability|p2b: Incineroar|Intimidate|boost\n|-fail|p1a: Calyrex|unboost|[from] item: Clear Amulet|[of] p1a: Calyrex\n|-unboost|p1b: Amoonguss|atk|1\n|move|p1b: Amoonguss|Spore|p2a: Terapagos\n|-status|p2a: Terapagos|slp|[from] move: Spore\n|move|p1a: Calyrex|Trick Room|p1a: Calyrex\n|-fieldstart|move: Trick Room|[of] p1a: Calyrex\n|\n|-heal|p2a: Terapagos|87/100 slp|[from] item: Leftovers\n|upkeep\n|turn|9\n|inactive|Schimmli has 30 seconds left.\n|inactive|Schimmli has 20 seconds left.\n|inactive|Schimmli has 15 seconds left.\n|\n|t:|1770819365\n|move|p1a: Calyrex|Protect|p1a: Calyrex\n|-singleturn|p1a: Calyrex|Protect\n|move|p2b: Incineroar|Fake Out|p1a: Calyrex\n|-activate|p1a: Calyrex|move: Protect\n|move|p1b: Amoonguss|Spore|p2b: Incineroar\n|-status|p2b: Incineroar|slp|[from] move: Spore\n|cant|p2a: Terapagos|slp\n|\n|-heal|p2a: Terapagos|93/100 slp|[from] item: Leftovers\n|upkeep\n|turn|10\n|\n|t:|1770819378\n|move|p1b: Amoonguss|Pollen Puff|p1a: Calyrex\n|-heal|p1a: Calyrex|73/100\n|move|p1a: Calyrex|Glacial Lance|p2a: Terapagos|[spread] p2a,p2b\n|-resisted|p2b: Incineroar\n|-damage|p2a: Terapagos|48/100 slp\n|-damage|p2b: Incineroar|0 fnt\n|faint|p2b: Incineroar\n|-ability|p1a: Calyrex|Chilling Neigh|boost\n|-boost|p1a: Calyrex|atk|1\n|cant|p2a: Terapagos|slp\n|\n|-heal|p2a: Terapagos|55/100 slp|[from] item: Leftovers\n|upkeep\n|\n|t:|1770819390\n|switch|p2b: Rillaboom|Rillaboom, L50, F|78/100\n|-fieldstart|move: Grassy Terrain|[from] ability: Grassy Surge|[of] p2b: Rillaboom\n|turn|11\n|\n|t:|1770819400\n|move|p2b: Rillaboom|Fake Out|p1a: Calyrex\n|-damage|p1a: Calyrex|65/100\n|move|p1b: Amoonguss|Pollen Puff|p1a: Calyrex\n|-heal|p1a: Calyrex|100/100\n|cant|p1a: Calyrex|flinch\n|-curestatus|p2a: Terapagos|slp|[msg]\n|move|p2a: Terapagos|Tera Starstorm|p1a: Calyrex|[spread] p1a,p1b\n|-crit|p1b: Amoonguss\n|-damage|p1a: Calyrex|62/100\n|-damage|p1b: Amoonguss|0 fnt\n|faint|p1b: Amoonguss\n|\n|-heal|p1a: Calyrex|68/100|[from] Grassy Terrain\n|-heal|p2b: Rillaboom|84/100|[from] Grassy Terrain\n|-heal|p2a: Terapagos|61/100|[from] Grassy Terrain\n|-heal|p2a: Terapagos|67/100|[from] item: Leftovers\n|upkeep\n|\n|t:|1770819412\n|switch|p1b: Incineroar|Incineroar, L50, F|51/100\n|-ability|p1b: Incineroar|Intimidate|boost\n|-unboost|p2a: Terapagos|atk|1\n|-unboost|p2b: Rillaboom|atk|1\n|turn|12\n|\n|t:|1770819434\n|switch|p1b: Urshifu|Urshifu-Rapid-Strike, L50, M|100/100\n|move|p2b: Rillaboom|Grassy Glide|p1a: Calyrex\n|-damage|p1a: Calyrex|54/100\n|move|p1a: Calyrex|Glacial Lance|p2b: Rillaboom|[spread] p2a,p2b\n|-supereffective|p2b: Rillaboom\n|-damage|p2a: Terapagos|8/100\n|-damage|p2b: Rillaboom|0 fnt\n|faint|p2b: Rillaboom\n|-ability|p1a: Calyrex|Chilling Neigh|boost\n|-boost|p1a: Calyrex|atk|1\n|move|p2a: Terapagos|Tera Starstorm|p1b: Urshifu|[spread] p1a,p1b\n|-damage|p1a: Calyrex|14/100\n|-damage|p1b: Urshifu|21/100\n|\n|-heal|p1a: Calyrex|20/100|[from] Grassy Terrain\n|-heal|p2a: Terapagos|14/100|[from] Grassy Terrain\n|-heal|p2a: Terapagos|20/100|[from] item: Leftovers\n|-heal|p1b: Urshifu|27/100|[from] Grassy Terrain\n|-fieldend|move: Trick Room\n|upkeep\n|turn|13\n|inactive|Lewissquire has 30 seconds left.\n|\n|t:|1770819464\n|move|p1a: Calyrex|Protect|p1a: Calyrex\n|-singleturn|p1a: Calyrex|Protect\n|move|p1b: Urshifu|Close Combat|p2a: Terapagos\n|-supereffective|p2a: Terapagos\n|-damage|p2a: Terapagos|0 fnt\n|-unboost|p1b: Urshifu|def|1\n|-unboost|p1b: Urshifu|spd|1\n|faint|p2a: Terapagos\n|detailschange|p2: Terapagos|Terapagos, L50, M|[silent]\n|\n|win|Lewissquire\n|raw|Lewissquire's rating: 1307 &rarr; <strong>1335</strong><br />(+28 for winning)\n|raw|Schimmli's rating: 1458 &rarr; <strong>1430</strong><br />(-28 for losing)\n|l|\u2606Schimmli\n|player|p2|\n|l|\u2606Lewissquire\n|player|p1|\n","uploadtime":1770819570,"views":11,"formatid":"gen9vgc2026regi","rating":1335,"private":0,"password":null}