{"id":"gen9vgc2026regi-2535856175","format":"[Gen 9] VGC 2026 Reg I","players":["fogdocker","Indeedee Follow"],"log":"|j|\u2606fogdocker\n|j|\u2606Indeedee Follow\n|t:|1770621238\n|gametype|doubles\n|player|p1|fogdocker|101|1510\n|player|p2|Indeedee Follow|265|1584\n|gen|9\n|tier|[Gen 9] VGC 2026 Reg I\n|rated|\n|rule|Species Clause: Limit one of each Pok\u00e9mon\n|rule|Item Clause: Limit 1 of each item\n|clearpoke\n|poke|p1|Calyrex-Ice, L50|\n|poke|p1|Koraidon, L50|\n|poke|p1|Flutter Mane, L50|\n|poke|p1|Incineroar, L50, M|\n|poke|p1|Rillaboom, L50, M|\n|poke|p1|Volcarona, L50, F|\n|poke|p2|Calyrex-Shadow, L50|\n|poke|p2|Zamazenta-*, L50|\n|poke|p2|Rillaboom, L50, M|\n|poke|p2|Clefairy, L50, F|\n|poke|p2|Tornadus, L50, M|\n|poke|p2|Smeargle, L50, F|\n|teampreview|4\n|inactive|Battle timer is ON: inactive players will automatically lose when time's up. (requested by Indeedee Follow)\n|\n|t:|1770621259\n|teamsize|p1|4\n|teamsize|p2|4\n|start\n|switch|p1a: Calyrex|Calyrex-Ice, L50|100/100\n|switch|p1b: Incineroar|Incineroar, L50, M|100/100\n|switch|p2a: Smeargle|Smeargle, L50, F, shiny|100/100\n|switch|p2b: Calyrex|Calyrex-Shadow, L50|100/100\n|-ability|p2b: Calyrex|As One\n|-ability|p2b: Calyrex|Unnerve\n|-ability|p1a: Calyrex|As One\n|-ability|p1a: Calyrex|Unnerve\n|-ability|p1b: Incineroar|Intimidate|boost\n|-unboost|p2a: Smeargle|atk|1\n|-unboost|p2b: Calyrex|atk|1\n|turn|1\n|inactive|Indeedee Follow has 30 seconds left.\n|inactive|fogdocker has 30 seconds left.\n|inactive|Indeedee Follow has 20 seconds left.\n|inactive|Indeedee Follow has 15 seconds left.\n|\n|t:|1770621303\n|-terastallize|p2b: Calyrex|Dark\n|-terastallize|p1a: Calyrex|Water\n|move|p2a: Smeargle|Fake Out|p1a: Calyrex\n|-damage|p1a: Calyrex|99/100\n|move|p2b: Calyrex|Nasty Plot|p2b: Calyrex\n|-boost|p2b: Calyrex|spa|2\n|move|p1b: Incineroar|Parting Shot|p2b: Calyrex\n|-unboost|p2b: Calyrex|atk|1\n|-unboost|p2b: Calyrex|spa|1\n|\n|t:|1770621313\n|switch|p1b: Flutter Mane|Flutter Mane, L50|100/100|[from] Parting Shot\n|cant|p1a: Calyrex|flinch\n|\n|-heal|p1a: Calyrex|100/100|[from] item: Leftovers\n|-ability|p2a: Smeargle|Moody|boost\n|-boost|p2a: Smeargle|atk|2\n|-unboost|p2a: Smeargle|def|1\n|upkeep\n|turn|2\n|inactive|Indeedee Follow has 30 seconds left.\n|\n|t:|1770621344\n|switch|p1a: Incineroar|Incineroar, L50, M|100/100\n|-ability|p1a: Incineroar|Intimidate|boost\n|-unboost|p2a: Smeargle|atk|1\n|-unboost|p2b: Calyrex|atk|1\n|move|p1b: Flutter Mane|Protect|p1b: Flutter Mane\n|-singleturn|p1b: Flutter Mane|Protect\n|move|p2b: Calyrex|Astral Barrage|p1a: Incineroar|[spread] p1a\n|-activate|p1b: Flutter Mane|move: Protect\n|-resisted|p1a: Incineroar\n|-damage|p1a: Incineroar|49/100\n|-damage|p2b: Calyrex|91/100|[from] item: Life Orb\n|move|p2a: Smeargle|Spore|p1a: Incineroar\n|-activate|p1a: Incineroar|item: Safety Goggles|Spore\n|\n|-ability|p2a: Smeargle|Moody|boost\n|-boost|p2a: Smeargle|spd|2\n|-unboost|p2a: Smeargle|atk|1\n|upkeep\n|turn|3\n|inactive|fogdocker has 30 seconds left.\n|inactive|Indeedee Follow has 30 seconds left.\n|inactive|Indeedee Follow has 20 seconds left.\n|inactive|Indeedee Follow has 15 seconds left.\n|inactive|Indeedee Follow has 10 seconds left.\n|\n|t:|1770621389\n|move|p2b: Calyrex|Protect|p2b: Calyrex\n|-singleturn|p2b: Calyrex|Protect\n|move|p1a: Incineroar|Fake Out|p2a: Smeargle\n|-damage|p2a: Smeargle|66/100\n|move|p1b: Flutter Mane|Moonblast|p2a: Smeargle\n|-damage|p2a: Smeargle|12/100\n|-unboost|p2a: Smeargle|spa|1\n|cant|p2a: Smeargle|flinch\n|\n|-ability|p2a: Smeargle|Moody|boost\n|-boost|p2a: Smeargle|spd|2\n|-unboost|p2a: Smeargle|atk|1\n|upkeep\n|turn|4\n|inactive|fogdocker has 30 seconds left.\n|\n|t:|1770621420\n|move|p1b: Flutter Mane|Protect|p1b: Flutter Mane\n|-singleturn|p1b: Flutter Mane|Protect\n|move|p2a: Smeargle|Follow Me|p2a: Smeargle\n|-singleturn|p2a: Smeargle|move: Follow Me\n|move|p2b: Calyrex|Astral Barrage|p1a: Incineroar|[spread] p1a\n|-activate|p1b: Flutter Mane|move: Protect\n|-resisted|p1a: Incineroar\n|-damage|p1a: Incineroar|0 fnt\n|faint|p1a: Incineroar\n|-ability|p2b: Calyrex|Grim Neigh|boost\n|-boost|p2b: Calyrex|spa|1\n|-damage|p2b: Calyrex|81/100|[from] item: Life Orb\n|\n|-ability|p2a: Smeargle|Moody|boost\n|-boost|p2a: Smeargle|atk|2\n|-unboost|p2a: Smeargle|spe|1\n|upkeep\n|\n|t:|1770621430\n|switch|p1a: Koraidon|Koraidon, L50|100/100\n|-weather|SunnyDay|[from] ability: Orichalcum Pulse|[of] p1a: Koraidon\n|-activate|p1b: Flutter Mane|ability: Protosynthesis\n|-start|p1b: Flutter Mane|protosynthesisspe\n|-activate|p1a: Koraidon|Orichalcum Pulse|[source]\n|turn|5\n|inactive|Indeedee Follow has 30 seconds left.\n|inactive|Indeedee Follow has 20 seconds left.\n|inactive|Indeedee Follow has 15 seconds left.\n|\n|t:|1770621475\n|move|p1a: Koraidon|Protect|p1a: Koraidon\n|-singleturn|p1a: Koraidon|Protect\n|move|p2b: Calyrex|Protect|p2b: Calyrex\n|-singleturn|p2b: Calyrex|Protect\n|move|p2a: Smeargle|Wide Guard|p2a: Smeargle\n|-singleturn|p2a: Smeargle|Wide Guard\n|move|p1b: Flutter Mane|Moonblast|p2b: Calyrex\n|-activate|p2b: Calyrex|move: Protect\n|\n|-weather|SunnyDay|[upkeep]\n|-ability|p2a: Smeargle|Moody|boost\n|-boost|p2a: Smeargle|spa|2\n|-unboost|p2a: Smeargle|def|1\n|upkeep\n|turn|6\n|inactive|fogdocker has 30 seconds left.\n|\n|t:|1770621513\n|move|p1a: Koraidon|Protect|p1a: Koraidon\n|-singleturn|p1a: Koraidon|Protect\n|move|p2a: Smeargle|Follow Me|p2a: Smeargle\n|-singleturn|p2a: Smeargle|move: Follow Me\n|move|p1b: Flutter Mane|Moonblast|p2a: Smeargle\n|-damage|p2a: Smeargle|0 fnt\n|faint|p2a: Smeargle\n|move|p2b: Calyrex|Astral Barrage|p1a: Koraidon|[spread] p1b\n|-activate|p1a: Koraidon|move: Protect\n|-supereffective|p1b: Flutter Mane\n|-enditem|p1b: Flutter Mane|Focus Sash\n|-damage|p1b: Flutter Mane|1/100\n|-damage|p2b: Calyrex|72/100|[from] item: Life Orb\n|\n|-weather|SunnyDay|[upkeep]\n|upkeep\n|\n|t:|1770621530\n|switch|p2a: Clefairy|Clefairy, L50, F|100/100\n|turn|7\n|inactive|fogdocker has 30 seconds left.\n|inactive|fogdocker has 20 seconds left.\n|inactive|fogdocker has 15 seconds left.\n|inactive|fogdocker has 10 seconds left.\n|inactive|fogdocker has 5 seconds left.\n|\n|t:|1770621581\n|move|p2b: Calyrex|Protect|p2b: Calyrex\n|-singleturn|p2b: Calyrex|Protect\n|move|p1b: Flutter Mane|Icy Wind|p2b: Calyrex|[spread] p2a\n|-activate|p2b: Calyrex|move: Protect\n|-damage|p2a: Clefairy|88/100\n|-unboost|p2a: Clefairy|spe|1\n|move|p1a: Koraidon|Flare Blitz|p2a: Clefairy\n|-damage|p2a: Clefairy|5/100\n|-damage|p1a: Koraidon|72/100|[from] Recoil\n|-damage|p1a: Koraidon|63/100|[from] item: Life Orb\n|move|p2a: Clefairy|Icy Wind|p1a: Koraidon|[spread] p1a,p1b\n|-supereffective|p1a: Koraidon\n|-damage|p1a: Koraidon|50/100\n|-damage|p1b: Flutter Mane|0 fnt\n|-unboost|p1a: Koraidon|spe|1\n|faint|p1b: Flutter Mane\n|-end|p1b: Flutter Mane|Protosynthesis|[silent]\n|\n|-weather|SunnyDay|[upkeep]\n|upkeep\n|\n|t:|1770621584\n|switch|p1b: Calyrex|Calyrex-Ice, L50, tera:Water|100/100\n|-ability|p1b: Calyrex|As One\n|-ability|p1b: Calyrex|Unnerve\n|turn|8\n|-message|fogdocker forfeited.\n|\n|win|Indeedee Follow\n|raw|fogdocker's rating: 1510 &rarr; <strong>1494</strong><br />(-16 for losing)\n|raw|Indeedee Follow's rating: 1584 &rarr; <strong>1600</strong><br />(+16 for winning)\n","uploadtime":1770621729,"views":32,"formatid":"gen9vgc2026regi","rating":1494,"private":0,"password":null}