{"id":"gen9vgc2026regi-2547450847","format":"[Gen 9] VGC 2026 Reg I","players":["SUI and ZHOU","lalo's pollos"],"log":"|j|\u2606SUI and ZHOU\n|j|\u2606lalo's pollos\n|t:|1772090736\n|gametype|doubles\n|player|p1|SUI and ZHOU|elesa|1288\n|player|p2|lalo's pollos|265|1448\n|gen|9\n|tier|[Gen 9] VGC 2026 Reg I\n|rated|\n|rule|Species Clause: Limit one of each Pok\u00e9mon\n|rule|Item Clause: Limit 1 of each item\n|clearpoke\n|poke|p1|Calyrex-Shadow, L50|\n|poke|p1|Kyogre, L50|\n|poke|p1|Indeedee-F, L50, F|\n|poke|p1|Tornadus, L50, M|\n|poke|p1|Amoonguss, L50, F|\n|poke|p1|Walking Wake, L50|\n|poke|p2|Zamazenta-*, L50|\n|poke|p2|Lunala, L50|\n|poke|p2|Rillaboom, L50, F|\n|poke|p2|Incineroar, L50, M|\n|poke|p2|Urshifu-*, L50, M|\n|poke|p2|Tornadus, L50, M|\n|teampreview|4\n|inactive|Battle timer is ON: inactive players will automatically lose when time's up. (requested by SUI and ZHOU)\n|\n|t:|1772090752\n|teamsize|p1|4\n|teamsize|p2|4\n|start\n|switch|p1a: Calyrex|Calyrex-Shadow, L50|100/100\n|switch|p1b: Tornadus|Tornadus, L50, M|100/100\n|switch|p2a: Lunala|Lunala, L50|100/100\n|switch|p2b: Rillaboom|Rillaboom, L50, F|100/100\n|-ability|p1a: Calyrex|As One\n|-ability|p1a: Calyrex|Unnerve\n|-fieldstart|move: Grassy Terrain|[from] ability: Grassy Surge|[of] p2b: Rillaboom\n|turn|1\n|inactive|SUI and ZHOU has 30 seconds left.\n|\n|t:|1772090786\n|-terastallize|p2a: Lunala|Fairy\n|move|p1a: Calyrex|Protect|p1a: Calyrex\n|-singleturn|p1a: Calyrex|Protect\n|move|p1b: Tornadus|Taunt|p2a: Lunala\n|-start|p2a: Lunala|move: Taunt\n|cant|p2a: Lunala|move: Taunt|Calm Mind\n|move|p2b: Rillaboom|U-turn|p1b: Tornadus\n|-resisted|p1b: Tornadus\n|-damage|p1b: Tornadus|89/100\n|\n|t:|1772090792\n|switch|p2b: Tornadus|Tornadus, L50, M|100/100|[from] U-turn\n|\n|upkeep\n|turn|2\n|\n|t:|1772090804\n|switch|p1b: Indeedee|Indeedee-F, L50, F|100/100\n|-fieldstart|move: Psychic Terrain|[from] ability: Psychic Surge|[of] p1b: Indeedee\n|-terastallize|p1a: Calyrex|Dark\n|move|p2b: Tornadus|Taunt|p1b: Indeedee\n|-activate|p1b: Indeedee|move: Psychic Terrain\n|move|p1a: Calyrex|Expanding Force|p2b: Tornadus|[spread] p2a,p2b\n|-damage|p2a: Lunala|66/100\n|-enditem|p2b: Tornadus|Focus Sash\n|-damage|p2b: Tornadus|1/100\n|-damage|p1a: Calyrex|91/100|[from] item: Life Orb\n|move|p2a: Lunala|Moongeist Beam|p1a: Calyrex\n|-resisted|p1a: Calyrex\n|-damage|p1a: Calyrex|64/100\n|\n|-heal|p2a: Lunala|72/100|[from] item: Leftovers\n|upkeep\n|turn|3\n|\n|t:|1772090828\n|switch|p2b: Rillaboom|Rillaboom, L50, F|100/100\n|-fieldstart|move: Grassy Terrain|[from] ability: Grassy Surge|[of] p2b: Rillaboom\n|move|p1b: Indeedee|Follow Me|p1b: Indeedee\n|-singleturn|p1b: Indeedee|move: Follow Me\n|move|p1a: Calyrex|Astral Barrage|p2a: Lunala|[spread] p2a,p2b\n|-damage|p2a: Lunala|16/100\n|-damage|p2b: Rillaboom|45/100\n|-damage|p1a: Calyrex|54/100|[from] item: Life Orb\n|move|p2a: Lunala|Moonblast|p1b: Indeedee\n|-damage|p1b: Indeedee|56/100\n|\n|-heal|p1a: Calyrex|60/100|[from] Grassy Terrain\n|-heal|p2a: Lunala|22/100|[from] Grassy Terrain\n|-heal|p2a: Lunala|28/100|[from] item: Leftovers\n|-heal|p2b: Rillaboom|51/100|[from] Grassy Terrain\n|-heal|p1b: Indeedee|63/100|[from] Grassy Terrain\n|-end|p2a: Lunala|move: Taunt\n|upkeep\n|turn|4\n|\n|t:|1772090852\n|switch|p1b: Tornadus|Tornadus, L50, M|89/100\n|move|p1a: Calyrex|Protect|p1a: Calyrex\n|-singleturn|p1a: Calyrex|Protect\n|move|p2b: Rillaboom|Fake Out|p1a: Calyrex\n|-activate|p1a: Calyrex|move: Protect\n|move|p2a: Lunala|Calm Mind|p2a: Lunala\n|-boost|p2a: Lunala|spa|1\n|-boost|p2a: Lunala|spd|1\n|\n|-heal|p1a: Calyrex|66/100|[from] Grassy Terrain\n|-heal|p2a: Lunala|34/100|[from] Grassy Terrain\n|-heal|p2a: Lunala|40/100|[from] item: Leftovers\n|-heal|p2b: Rillaboom|57/100|[from] Grassy Terrain\n|upkeep\n|turn|5\n|\n|t:|1772090869\n|move|p2a: Lunala|Protect|p2a: Lunala\n|-singleturn|p2a: Lunala|Protect\n|move|p1a: Calyrex|Astral Barrage|p2a: Lunala|[spread] p2b\n|-activate|p2a: Lunala|move: Protect\n|-damage|p2b: Rillaboom|5/100\n|-damage|p1a: Calyrex|57/100|[from] item: Life Orb\n|move|p1b: Tornadus|Bleakwind Storm|p2a: Lunala|[spread] p2b\n|-activate|p2a: Lunala|move: Protect\n|-supereffective|p2b: Rillaboom\n|-damage|p2b: Rillaboom|0 fnt\n|faint|p2b: Rillaboom\n|\n|-heal|p1a: Calyrex|63/100|[from] Grassy Terrain\n|-heal|p2a: Lunala|46/100|[from] Grassy Terrain\n|-heal|p2a: Lunala|52/100|[from] item: Leftovers\n|upkeep\n|\n|t:|1772090880\n|switch|p2b: Zamazenta|Zamazenta-Crowned, L50|100/100\n|-ability|p2b: Zamazenta|Dauntless Shield|boost\n|-boost|p2b: Zamazenta|def|1\n|turn|6\n|\n|t:|1772090898\n|move|p1a: Calyrex|Protect|p1a: Calyrex\n|-singleturn|p1a: Calyrex|Protect\n|move|p2b: Zamazenta|Protect|p2b: Zamazenta\n|-singleturn|p2b: Zamazenta|Protect\n|move|p1b: Tornadus|Taunt|p2b: Zamazenta\n|-activate|p2b: Zamazenta|move: Protect\n|move|p2a: Lunala|Moongeist Beam|p1b: Tornadus\n|-damage|p1b: Tornadus|5/100\n|\n|-heal|p1a: Calyrex|69/100|[from] Grassy Terrain\n|-heal|p2a: Lunala|58/100|[from] Grassy Terrain\n|-heal|p2a: Lunala|64/100|[from] item: Leftovers\n|upkeep\n|turn|7\n|inactive|SUI and ZHOU has 30 seconds left.\n|inactive|SUI and ZHOU has 20 seconds left.\n|\n|t:|1772090934\n|move|p2b: Zamazenta|Wide Guard|p2b: Zamazenta\n|-singleturn|p2b: Zamazenta|Wide Guard\n|move|p1b: Tornadus|Taunt|p2b: Zamazenta\n|-start|p2b: Zamazenta|move: Taunt\n|move|p1a: Calyrex|Nasty Plot|p1a: Calyrex\n|-boost|p1a: Calyrex|spa|2\n|move|p2a: Lunala|Moonblast|p1a: Calyrex\n|-supereffective|p1a: Calyrex\n|-damage|p1a: Calyrex|0 fnt\n|faint|p1a: Calyrex\n|\n|-heal|p2a: Lunala|70/100|[from] Grassy Terrain\n|-heal|p2a: Lunala|76/100|[from] item: Leftovers\n|-fieldend|move: Grassy Terrain\n|upkeep\n|\n|t:|1772090945\n|switch|p1a: Kyogre|Kyogre, L50|100/100\n|-weather|RainDance|[from] ability: Drizzle|[of] p1a: Kyogre\n|turn|8\n|\n|t:|1772090959\n|move|p1a: Kyogre|Water Spout|p2a: Lunala|[spread] p2a,p2b\n|-crit|p2a: Lunala\n|-damage|p2a: Lunala|0 fnt\n|-damage|p2b: Zamazenta|34/100\n|faint|p2a: Lunala\n|move|p2b: Zamazenta|Body Press|p1a: Kyogre\n|-damage|p1a: Kyogre|23/100\n|move|p1b: Tornadus|Bleakwind Storm|p2b: Zamazenta\n|-damage|p2b: Zamazenta|0 fnt\n|faint|p2b: Zamazenta\n|\n|-weather|RainDance|[upkeep]\n|upkeep\n|\n|t:|1772090972\n|switch|p2b: Tornadus|Tornadus, L50, M|1/100\n|turn|9\n|\n|t:|1772090977\n|move|p1a: Kyogre|Water Spout|p2b: Tornadus\n|-damage|p2b: Tornadus|0 fnt\n|faint|p2b: Tornadus\n|\n|win|SUI and ZHOU\n|raw|SUI and ZHOU's rating: 1288 &rarr; <strong>1324</strong><br />(+36 for winning)\n|raw|lalo&apos;s pollos's rating: 1448 &rarr; <strong>1419</strong><br />(-29 for losing)\n","uploadtime":1772090986,"views":11,"formatid":"gen9vgc2026regi","rating":1324,"private":0,"password":null}