{"id":"gen9vgc2026regi-2551892765","format":"[Gen 9] VGC 2026 Reg I","players":["Pokemonst3r","Maphoo"],"log":"|j|\u2606Pokemonst3r\n|j|\u203dMaphoo\n|t:|1772654124\n|gametype|doubles\n|player|p1|Pokemonst3r|266|1499\n|player|p2|Maphoo|2|1416\n|gen|9\n|tier|[Gen 9] VGC 2026 Reg I\n|rated|\n|rule|Species Clause: Limit one of each Pok\u00e9mon\n|rule|Item Clause: Limit 1 of each item\n|clearpoke\n|poke|p1|Chien-Pao, L50|\n|poke|p1|Calyrex-Shadow, L50|\n|poke|p1|Dondozo, L50, M|\n|poke|p1|Zamazenta-*, L50|\n|poke|p1|Dragonite, L50, M|\n|poke|p1|Tatsugiri, L50, F|\n|poke|p2|Lunala, L50|\n|poke|p2|Indeedee-F, L50, F|\n|poke|p2|Roaring Moon, L50|\n|poke|p2|Kyogre, L50|\n|poke|p2|Urshifu-*, L50, M|\n|poke|p2|Ursaluna, L50, M|\n|teampreview|4\n|inactive|Battle timer is ON: inactive players will automatically lose when time's up. (requested by Pokemonst3r)\n|\n|t:|1772654138\n|teamsize|p1|4\n|teamsize|p2|4\n|start\n|switch|p1a: Dondozo|Dondozo, L50, M|100/100\n|switch|p1b: Calyrex|Calyrex-Shadow, L50|100/100\n|switch|p2a: Roaring Moon|Roaring Moon, L50|100/100\n|switch|p2b: Urshifu|Urshifu-Rapid-Strike, L50, M|100/100\n|-ability|p1b: Calyrex|As One\n|-ability|p1b: Calyrex|Unnerve\n|-enditem|p2a: Roaring Moon|Booster Energy\n|-activate|p2a: Roaring Moon|ability: Protosynthesis|[fromitem]\n|-start|p2a: Roaring Moon|protosynthesisspe\n|turn|1\n|\n|t:|1772654156\n|switch|p1b: Tatsugiri|Tatsugiri, L50, F|100/100\n|-activate|p1b: Tatsugiri|ability: Commander|[of] p1a: Dondozo\n|-boost|p1a: Dondozo|atk|2\n|-boost|p1a: Dondozo|spa|2\n|-boost|p1a: Dondozo|spe|2\n|-boost|p1a: Dondozo|def|2\n|-boost|p1a: Dondozo|spd|2\n|move|p2a: Roaring Moon|Tailwind|p2a: Roaring Moon\n|-sidestart|p2: Maphoo|move: Tailwind\n|move|p2b: Urshifu|Close Combat|p1a: Dondozo\n|-damage|p1a: Dondozo|78/100\n|-unboost|p2b: Urshifu|def|1\n|-unboost|p2b: Urshifu|spd|1\n|move|p1a: Dondozo|Earthquake|p2a: Roaring Moon|[spread] p2a,p2b\n|-miss|p1a: Dondozo|p1b: Tatsugiri\n|-damage|p2a: Roaring Moon|47/100\n|-damage|p2b: Urshifu|57/100\n|\n|-heal|p1a: Dondozo|84/100|[from] item: Leftovers\n|upkeep\n|turn|2\n|inactive|Maphoo has 30 seconds left.\n|\n|t:|1772654187\n|-terastallize|p2a: Roaring Moon|Flying\n|move|p2a: Roaring Moon|Knock Off|p1a: Dondozo\n|-damage|p1a: Dondozo|68/100\n|-enditem|p1a: Dondozo|Leftovers|[from] move: Knock Off|[of] p2a: Roaring Moon\n|move|p2b: Urshifu|Surging Strikes|p1a: Dondozo\n|-resisted|p1a: Dondozo\n|-crit|p1a: Dondozo\n|-damage|p1a: Dondozo|61/100\n|-resisted|p1a: Dondozo\n|-crit|p1a: Dondozo\n|-damage|p1a: Dondozo|54/100\n|-resisted|p1a: Dondozo\n|-crit|p1a: Dondozo\n|-damage|p1a: Dondozo|47/100\n|-hitcount|p1a: Dondozo|3\n|move|p1a: Dondozo|Earthquake|p2b: Urshifu|[spread] p2b\n|-miss|p1a: Dondozo|p1b: Tatsugiri\n|-immune|p2a: Roaring Moon\n|-crit|p2b: Urshifu\n|-damage|p2b: Urshifu|0 fnt\n|faint|p2b: Urshifu\n|\n|upkeep\n|\n|t:|1772654206\n|switch|p2b: Lunala|Lunala, L50, shiny|100/100\n|turn|3\n|\n|t:|1772654219\n|move|p2a: Roaring Moon|Acrobatics|p1a: Dondozo\n|-damage|p1a: Dondozo|31/100\n|move|p2b: Lunala|Meteor Beam||[still]\n|-prepare|p2b: Lunala|Meteor Beam\n|-boost|p2b: Lunala|spa|1\n|-enditem|p2b: Lunala|Power Herb\n|-anim|p2b: Lunala|Meteor Beam|p1a: Dondozo\n|-damage|p1a: Dondozo|13/100\n|move|p1a: Dondozo|Order Up|p2b: Lunala\n|-damage|p2b: Lunala|81/100\n|-boost|p1a: Dondozo|atk|1\n|\n|upkeep\n|turn|4\n|inactive|Maphoo has 30 seconds left.\n|\n|t:|1772654249\n|move|p2a: Roaring Moon|Acrobatics|p1a: Dondozo\n|-damage|p1a: Dondozo|0 fnt\n|faint|p1a: Dondozo\n|move|p2b: Lunala|Moongeist Beam|p1b: Tatsugiri\n|-damage|p1b: Tatsugiri|28/100\n|\n|-sideend|p2: Maphoo|move: Tailwind\n|upkeep\n|\n|t:|1772654258\n|switch|p1a: Calyrex|Calyrex-Shadow, L50|100/100\n|-ability|p1a: Calyrex|As One\n|-ability|p1a: Calyrex|Unnerve\n|turn|5\n|inactive|Pokemonst3r has 30 seconds left.\n|inactive|Pokemonst3r has 20 seconds left.\n|\n|t:|1772654301\n|move|p1a: Calyrex|Shadow Ball|p2b: Lunala\n|-supereffective|p2b: Lunala\n|-damage|p2b: Lunala|0 fnt\n|faint|p2b: Lunala\n|-ability|p1a: Calyrex|Grim Neigh|boost\n|-boost|p1a: Calyrex|spa|1\n|move|p2a: Roaring Moon|Tailwind|p2a: Roaring Moon\n|-sidestart|p2: Maphoo|move: Tailwind\n|move|p1b: Tatsugiri|Muddy Water|p2a: Roaring Moon|[miss]\n|-miss|p1b: Tatsugiri|p2a: Roaring Moon\n|\n|upkeep\n|\n|t:|1772654312\n|switch|p2b: Indeedee|Indeedee-F, L50, F, shiny|100/100\n|-fieldstart|move: Psychic Terrain|[from] ability: Psychic Surge|[of] p2b: Indeedee\n|-enditem|p2b: Indeedee|Psychic Seed\n|-boost|p2b: Indeedee|spd|1|[from] item: Psychic Seed\n|turn|6\n|\n|t:|1772654320\n|switch|p1a: Zamazenta|Zamazenta-Crowned, L50|100/100\n|-ability|p1a: Zamazenta|Dauntless Shield|boost\n|-boost|p1a: Zamazenta|def|1\n|move|p2a: Roaring Moon|Knock Off|p1a: Zamazenta\n|-resisted|p1a: Zamazenta\n|-damage|p1a: Zamazenta|94/100\n|move|p2b: Indeedee|Alluring Voice|p1b: Tatsugiri\n|-supereffective|p1b: Tatsugiri\n|-damage|p1b: Tatsugiri|0 fnt\n|faint|p1b: Tatsugiri\n|\n|upkeep\n|\n|t:|1772654331\n|switch|p1b: Calyrex|Calyrex-Shadow, L50|100/100\n|-ability|p1b: Calyrex|As One\n|-ability|p1b: Calyrex|Unnerve\n|turn|7\n|\n|t:|1772654343\n|move|p2b: Indeedee|Follow Me|p2b: Indeedee\n|-singleturn|p2b: Indeedee|move: Follow Me\n|move|p2a: Roaring Moon|Knock Off|p1b: Calyrex\n|-supereffective|p1b: Calyrex\n|-damage|p1b: Calyrex|0 fnt\n|-enditem|p1b: Calyrex|Choice Scarf|[from] move: Knock Off|[of] p2a: Roaring Moon\n|faint|p1b: Calyrex\n|move|p1a: Zamazenta|Behemoth Bash|p2b: Indeedee\n|-damage|p2b: Indeedee|63/100\n|\n|upkeep\n|turn|8\n|\n|t:|1772654356\n|move|p2b: Indeedee|Follow Me|p2b: Indeedee\n|-singleturn|p2b: Indeedee|move: Follow Me\n|move|p2a: Roaring Moon|Acrobatics|p1a: Zamazenta\n|-damage|p1a: Zamazenta|70/100\n|move|p1a: Zamazenta|Body Press|p2b: Indeedee\n|-damage|p2b: Indeedee|0 fnt\n|faint|p2b: Indeedee\n|\n|-sideend|p2: Maphoo|move: Tailwind\n|upkeep\n|turn|9\n|\n|t:|1772654368\n|move|p2a: Roaring Moon|Acrobatics|p1a: Zamazenta\n|-damage|p1a: Zamazenta|46/100\n|move|p1a: Zamazenta|Behemoth Bash|p2a: Roaring Moon\n|-damage|p2a: Roaring Moon|0 fnt\n|faint|p2a: Roaring Moon\n|-end|p2a: Roaring Moon|Protosynthesis|[silent]\n|\n|win|Pokemonst3r\n|raw|Pokemonst3r's rating: 1499 &rarr; <strong>1514</strong><br />(+15 for winning)\n|raw|Maphoo's rating: 1416 &rarr; <strong>1401</strong><br />(-15 for losing)\n|l|\u203dMaphoo\n|player|p2|\n|l|\u2606Pokemonst3r\n|player|p1|\n","uploadtime":1772654593,"views":9,"formatid":"gen9vgc2026regi","rating":1401,"private":0,"password":null}