{"id":"gen9vgc2026regi-2561359558","format":"[Gen 9] VGC 2026 Reg I","players":["It'sJustKen VGC","DraftWiz"],"log":"|j|\u2606It'sJustKen VGC\n|j|\u2606DraftWiz\n|t:|1773787690\n|gametype|doubles\n|player|p1|It'sJustKen VGC|102|1427\n|player|p2|DraftWiz|101|1337\n|gen|9\n|tier|[Gen 9] VGC 2026 Reg I\n|rated|\n|rule|Species Clause: Limit one of each Pok\u00e9mon\n|rule|Item Clause: Limit 1 of each item\n|clearpoke\n|poke|p1|Iron Hands, L50|\n|poke|p1|Incineroar, L50, M|\n|poke|p1|Calyrex-Shadow, L50|\n|poke|p1|Whimsicott, L50, F|\n|poke|p1|Farigiraf, L50, F|\n|poke|p1|Miraidon, L50|\n|poke|p2|Brute Bonnet, L50|\n|poke|p2|Lunala, L50|\n|poke|p2|Ursaluna, L50, M|\n|poke|p2|Chi-Yu, L50|\n|poke|p2|Koraidon, L50|\n|poke|p2|Flutter Mane, L50|\n|teampreview|4\n|inactive|Battle timer is ON: inactive players will automatically lose when time's up. (requested by It'sJustKen VGC)\n|inactive|DraftWiz has 60 seconds left.\n|\n|t:|1773787722\n|teamsize|p1|4\n|teamsize|p2|4\n|start\n|switch|p1a: Iron Hands|Iron Hands, L50|100/100\n|switch|p1b: Incineroar|Incineroar, L50, M|100/100\n|switch|p2a: Brute Bonnet|Brute Bonnet, L50|100/100\n|switch|p2b: Lunala|Lunala, L50|100/100\n|-ability|p1b: Incineroar|Intimidate|boost\n|-unboost|p2a: Brute Bonnet|atk|1\n|-unboost|p2b: Lunala|atk|1\n|turn|1\n|inactive|It'sJustKen VGC has 30 seconds left.\n|inactive|It'sJustKen VGC has 20 seconds left.\n|inactive|It'sJustKen VGC has 15 seconds left.\n|inactive|It'sJustKen VGC has 10 seconds left.\n|\n|t:|1773787769\n|switch|p1b: Miraidon|Miraidon, L50, shiny|100/100\n|-fieldstart|move: Electric Terrain|[from] ability: Hadron Engine|[of] p1b: Miraidon\n|-activate|p1a: Iron Hands|ability: Quark Drive\n|-start|p1a: Iron Hands|quarkdriveatk\n|move|p2b: Lunala|Meteor Beam||[still]\n|-prepare|p2b: Lunala|Meteor Beam\n|-boost|p2b: Lunala|spa|1\n|-enditem|p2b: Lunala|Power Herb\n|-anim|p2b: Lunala|Meteor Beam|p1b: Miraidon|[miss]\n|-miss|p2b: Lunala|p1b: Miraidon\n|move|p2a: Brute Bonnet|Spore|p1a: Iron Hands\n|-activate|p1a: Iron Hands|move: Electric Terrain\n|move|p1a: Iron Hands|Wild Charge|p2b: Lunala\n|-damage|p2b: Lunala|67/100\n|-damage|p1a: Iron Hands|92/100|[from] Recoil\n|\n|upkeep\n|turn|2\n|\n|t:|1773787790\n|move|p2a: Brute Bonnet|Rage Powder|p2a: Brute Bonnet\n|-singleturn|p2a: Brute Bonnet|move: Rage Powder\n|move|p1b: Miraidon|Volt Switch|p2a: Brute Bonnet\n|-resisted|p2a: Brute Bonnet\n|-damage|p2a: Brute Bonnet|51/100\n|\n|t:|1773787797\n|switch|p1b: Farigiraf|Farigiraf, L50, F|100/100|[from] Volt Switch\n|-enditem|p1b: Farigiraf|Electric Seed\n|-boost|p1b: Farigiraf|def|1|[from] item: Electric Seed\n|move|p1a: Iron Hands|Drain Punch|p2a: Brute Bonnet\n|-supereffective|p2a: Brute Bonnet\n|-damage|p2a: Brute Bonnet|0 fnt\n|-heal|p1a: Iron Hands|100/100|[from] drain|[of] p2a: Brute Bonnet\n|faint|p2a: Brute Bonnet\n|-end|p2a: Brute Bonnet|Protosynthesis|[silent]\n|move|p2b: Lunala|Trick Room|p2b: Lunala\n|-fieldstart|move: Trick Room|[of] p2b: Lunala\n|\n|upkeep\n|\n|t:|1773787805\n|switch|p2a: Ursaluna|Ursaluna, L50, M|100/100\n|turn|3\n|\n|t:|1773787825\n|move|p2a: Ursaluna|Protect|p2a: Ursaluna\n|-singleturn|p2a: Ursaluna|Protect\n|move|p1a: Iron Hands|Low Kick|p2a: Ursaluna\n|-activate|p2a: Ursaluna|move: Protect\n|move|p2b: Lunala|Moongeist Beam|p1a: Iron Hands\n|-damage|p1a: Iron Hands|57/100\n|move|p1b: Farigiraf|Roar|p2b: Lunala\n|drag|p2b: Koraidon|Koraidon, L50|100/100\n|-weather|SunnyDay|[from] ability: Orichalcum Pulse|[of] p2b: Koraidon\n|-activate|p2b: Koraidon|Orichalcum Pulse|[source]\n|\n|-weather|SunnyDay|[upkeep]\n|-status|p2a: Ursaluna|brn|[from] item: Flame Orb\n|upkeep\n|turn|4\n|\n|t:|1773787849\n|-terastallize|p1a: Iron Hands|Water\n|move|p2b: Koraidon|Protect|p2b: Koraidon\n|-singleturn|p2b: Koraidon|Protect\n|move|p2a: Ursaluna|Earthquake|p1b: Farigiraf|[spread] p1a,p1b\n|-activate|p2b: Koraidon|move: Protect\n|-damage|p1a: Iron Hands|8/100\n|-damage|p1b: Farigiraf|67/100\n|move|p1a: Iron Hands|Low Kick|p2a: Ursaluna\n|-supereffective|p2a: Ursaluna\n|-damage|p2a: Ursaluna|0 fnt\n|faint|p2a: Ursaluna\n|move|p1b: Farigiraf|Psychic|p2b: Koraidon\n|-activate|p2b: Koraidon|move: Protect\n|\n|-weather|SunnyDay|[upkeep]\n|upkeep\n|\n|t:|1773787859\n|switch|p2a: Lunala|Lunala, L50|67/100\n|turn|5\n|\n|t:|1773787880\n|-terastallize|p2b: Koraidon|Fire\n|move|p1a: Iron Hands|Wild Charge|p2a: Lunala\n|-damage|p2a: Lunala|0 fnt\n|faint|p2a: Lunala\n|-damage|p1a: Iron Hands|0 fnt|[from] Recoil\n|faint|p1a: Iron Hands\n|-end|p1a: Iron Hands|Quark Drive|[silent]\n|move|p1b: Farigiraf|Psychic|p2b: Koraidon\n|-damage|p2b: Koraidon|68/100\n|move|p2b: Koraidon|Flame Charge|p1b: Farigiraf\n|-damage|p1b: Farigiraf|23/100\n|-boost|p2b: Koraidon|spe|1\n|-damage|p2b: Koraidon|58/100|[from] item: Life Orb\n|\n|-weather|SunnyDay|[upkeep]\n|-fieldend|move: Electric Terrain\n|upkeep\n|\n|t:|1773787885\n|switch|p1a: Miraidon|Miraidon, L50, shiny|100/100\n|-fieldstart|move: Electric Terrain|[from] ability: Hadron Engine|[of] p1a: Miraidon\n|turn|6\n|-message|DraftWiz forfeited.\n|\n|win|It'sJustKen VGC\n|raw|It&apos;sJustKen VGC's rating: 1427 &rarr; <strong>1442</strong><br />(+15 for winning)\n|raw|DraftWiz's rating: 1337 &rarr; <strong>1322</strong><br />(-15 for losing)\n|l|\u2606DraftWiz\n|player|p2|\n","uploadtime":1773787893,"views":11,"formatid":"gen9vgc2026regi","rating":1322,"private":0,"password":null}