{"id":"gen9vgc2026regi-2582337124","format":"[Gen 9] VGC 2026 Reg I","players":["dagriman","chatis"],"log":"|j|\u2606dagriman\n|j|\u2606chatis\n|t:|1776084482\n|gametype|doubles\n|player|p1|dagriman|dawn|1348\n|player|p2|chatis|ghetsis-gen5bw|1414\n|gen|9\n|tier|[Gen 9] VGC 2026 Reg I\n|rated|\n|rule|Species Clause: Limit one of each Pok\u00e9mon\n|rule|Item Clause: Limit 1 of each item\n|clearpoke\n|poke|p1|Rayquaza, L50|\n|poke|p1|Zamazenta-*, L50|\n|poke|p1|Clefairy, L50, M|\n|poke|p1|Weezing-Galar, L50, M|\n|poke|p1|Chien-Pao, L50|\n|poke|p1|Rillaboom, L50, F|\n|poke|p2|Miraidon, L50|\n|poke|p2|Calyrex-Ice, L50|\n|poke|p2|Incineroar, L50, F|\n|poke|p2|Urshifu-*, L50, F|\n|poke|p2|Farigiraf, L50, M|\n|poke|p2|Landorus, L50, M|\n|teampreview|4\n|inactive|Battle timer is ON: inactive players will automatically lose when time's up. (requested by chatis)\n|inactive|dagriman also wants the timer to be on.\n|inactive|chatis has 60 seconds left.\n|\n|t:|1776084527\n|teamsize|p1|4\n|teamsize|p2|4\n|start\n|switch|p1a: Rayquaza|Rayquaza, L50, shiny|100/100\n|switch|p1b: Clefairy|Clefairy, L50, M|100/100\n|switch|p2a: Calyrex|Calyrex-Ice, L50|100/100\n|switch|p2b: Landorus|Landorus, L50, M|100/100\n|-ability|p2a: Calyrex|As One\n|-ability|p2a: Calyrex|Unnerve\n|-ability|p1a: Rayquaza|Air Lock\n|turn|1\n|\n|t:|1776084547\n|-terastallize|p1a: Rayquaza|Normal\n|move|p2a: Calyrex|Protect|p2a: Calyrex\n|-singleturn|p2a: Calyrex|Protect\n|move|p1b: Clefairy|Follow Me|p1b: Clefairy\n|-singleturn|p1b: Clefairy|move: Follow Me\n|move|p2b: Landorus|Sludge Bomb|p1b: Clefairy\n|-supereffective|p1b: Clefairy\n|-damage|p1b: Clefairy|30/100\n|move|p1a: Rayquaza|Swords Dance|p1a: Rayquaza\n|-boost|p1a: Rayquaza|atk|2\n|\n|upkeep\n|turn|2\n|\n|t:|1776084563\n|switch|p2b: Incineroar|Incineroar, L50, F|100/100\n|-ability|p2b: Incineroar|Intimidate|boost\n|-fail|p1a: Rayquaza|unboost|[from] item: Clear Amulet|[of] p1a: Rayquaza\n|-unboost|p1b: Clefairy|atk|1\n|move|p1b: Clefairy|Helping Hand|p1a: Rayquaza\n|-singleturn|p1a: Rayquaza|Helping Hand|[of] p1b: Clefairy\n|move|p1a: Rayquaza|Extreme Speed|p2a: Calyrex\n|-damage|p2a: Calyrex|6/100\n|move|p2a: Calyrex|Glacial Lance|p1b: Clefairy|[spread] p1a,p1b\n|-damage|p1a: Rayquaza|59/100\n|-damage|p1b: Clefairy|0 fnt\n|faint|p1b: Clefairy\n|-ability|p2a: Calyrex|Chilling Neigh|boost\n|-boost|p2a: Calyrex|atk|1\n|\n|upkeep\n|\n|t:|1776084581\n|switch|p1b: Rillaboom|Rillaboom, L50, F|100/100\n|-fieldstart|move: Grassy Terrain|[from] ability: Grassy Surge|[of] p1b: Rillaboom\n|turn|3\n|\n|t:|1776084589\n|move|p1a: Rayquaza|Protect|p1a: Rayquaza\n|-singleturn|p1a: Rayquaza|Protect\n|move|p2a: Calyrex|Protect|p2a: Calyrex\n|-singleturn|p2a: Calyrex|Protect\n|move|p1b: Rillaboom|Fake Out|p2a: Calyrex\n|-activate|p2a: Calyrex|move: Protect\n|move|p2b: Incineroar|Flare Blitz|p1b: Rillaboom\n|-supereffective|p1b: Rillaboom\n|-damage|p1b: Rillaboom|8/100\n|-damage|p2b: Incineroar|69/100|[from] Recoil\n|\n|-heal|p1a: Rayquaza|65/100|[from] Grassy Terrain\n|-heal|p1b: Rillaboom|14/100|[from] Grassy Terrain\n|-heal|p2b: Incineroar|75/100|[from] Grassy Terrain\n|-heal|p2a: Calyrex|12/100|[from] Grassy Terrain\n|upkeep\n|turn|4\n|\n|t:|1776084608\n|switch|p2b: Landorus|Landorus, L50, M|100/100\n|-terastallize|p2a: Calyrex|Fire\n|move|p1a: Rayquaza|Extreme Speed|p2b: Landorus\n|-damage|p2b: Landorus|12/100\n|move|p1b: Rillaboom|Grassy Glide|p2a: Calyrex\n|-resisted|p2a: Calyrex\n|-damage|p2a: Calyrex|2/100\n|move|p2a: Calyrex|Glacial Lance|p1a: Rayquaza|[spread] p1a,p1b\n|-supereffective|p1b: Rillaboom\n|-damage|p1a: Rayquaza|0 fnt\n|-damage|p1b: Rillaboom|0 fnt\n|faint|p1a: Rayquaza\n|faint|p1b: Rillaboom\n|-ability|p2a: Calyrex|Chilling Neigh|boost\n|-boost|p2a: Calyrex|atk|2\n|\n|-heal|p2a: Calyrex|8/100|[from] Grassy Terrain\n|upkeep\n|\n|t:|1776084630\n|switch|p1b: Weezing|Weezing-Galar, L50, M|100/100\n|-ability|p1b: Weezing|Neutralizing Gas\n|turn|5\n|\n|t:|1776084639\n|move|p2b: Landorus|Earth Power|p1b: Weezing\n|-supereffective|p1b: Weezing\n|-damage|p1b: Weezing|0 fnt\n|faint|p1b: Weezing\n|-end|p1b: Weezing|ability: Neutralizing Gas\n|-damage|p2b: Landorus|2/100|[from] item: Life Orb\n|\n|win|chatis\n|raw|dagriman's rating: 1348 &rarr; <strong>1332</strong><br />(-16 for losing)\n|raw|chatis's rating: 1414 &rarr; <strong>1430</strong><br />(+16 for winning)\n|l|\u2606chatis\n|player|p2|\n|l|\u2606dagriman\n|player|p1|\n","uploadtime":1776084907,"views":8,"formatid":"gen9vgc2026regi","rating":1332,"private":0,"password":null}