{"id":"gen9vgc2026regi-2557366177","format":"[Gen 9] VGC 2026 Reg I","players":["wasaad5","Endie77"],"log":"|j|\u2606wasaad5\n|j|\u2606Endie77\n|t:|1773318946\n|gametype|doubles\n|player|p1|wasaad5|blue|1195\n|player|p2|Endie77|red|1129\n|gen|9\n|tier|[Gen 9] VGC 2026 Reg I\n|rated|\n|rule|Species Clause: Limit one of each Pok\u00e9mon\n|rule|Item Clause: Limit 1 of each item\n|clearpoke\n|poke|p1|Kyurem-White, L50|\n|poke|p1|Zacian-*, L50|\n|poke|p1|Sableye, L50, M|\n|poke|p1|Urshifu-*, L50, M|\n|poke|p1|Amoonguss, L50, M|\n|poke|p1|Incineroar, L50, M|\n|poke|p2|Landorus, L50, M|\n|poke|p2|Tornadus, L50, M|\n|poke|p2|Chandelure, L50, M|\n|poke|p2|Basculegion, L50, M|\n|poke|p2|Raging Bolt, L50|\n|poke|p2|Comfey, L50, M|\n|teampreview|4\n|inactive|Battle timer is ON: inactive players will automatically lose when time's up. (requested by Endie77)\n|\n|t:|1773318970\n|teamsize|p1|4\n|teamsize|p2|4\n|start\n|switch|p1a: Kyurem|Kyurem-White, L50, shiny|100/100\n|switch|p1b: Zacian|Zacian-Crowned, L50|100/100\n|switch|p2a: Tornadus|Tornadus, L50, M|100/100\n|switch|p2b: Basculegion|Basculegion, L50, M|100/100\n|-ability|p1b: Zacian|Intrepid Sword|boost\n|-boost|p1b: Zacian|atk|1\n|-ability|p1a: Kyurem|Turboblaze\n|turn|1\n|\n|t:|1773318989\n|move|p1b: Zacian|Protect|p1b: Zacian\n|-singleturn|p1b: Zacian|Protect\n|move|p2a: Tornadus|Rain Dance|p2a: Tornadus\n|-weather|RainDance\n|move|p2b: Basculegion|Wave Crash|p1a: Kyurem\n|-resisted|p1a: Kyurem\n|-damage|p1a: Kyurem|44/100\n|-damage|p2b: Basculegion|78/100|[from] Recoil\n|move|p1a: Kyurem|Freeze-Dry|p2b: Basculegion\n|-supereffective|p2b: Basculegion\n|-damage|p2b: Basculegion|0 fnt\n|faint|p2b: Basculegion\n|\n|-weather|RainDance|[upkeep]\n|upkeep\n|\n|t:|1773319000\n|switch|p2b: Landorus|Landorus, L50, M|100/100\n|turn|2\n|inactive|wasaad5 has 30 seconds left.\n|\n|t:|1773319026\n|-terastallize|p1b: Zacian|Ground\n|move|p2a: Tornadus|Tailwind|p2a: Tornadus\n|-sidestart|p2: Endie77|move: Tailwind\n|move|p2b: Landorus|Sandsear Storm|p1b: Zacian|[spread] p1a,p1b\n|-damage|p1a: Kyurem|13/100\n|-damage|p1b: Zacian|40/100\n|move|p1b: Zacian|Behemoth Blade|p2b: Landorus\n|-damage|p2b: Landorus|5/100\n|move|p1a: Kyurem|Ice Beam|p2b: Landorus\n|-supereffective|p2b: Landorus\n|-damage|p2b: Landorus|0 fnt\n|faint|p2b: Landorus\n|\n|-weather|RainDance|[upkeep]\n|upkeep\n|\n|t:|1773319040\n|switch|p2b: Comfey|Comfey, L50, M|100/100\n|turn|3\n|\n|t:|1773319047\n|move|p1b: Zacian|Protect|p1b: Zacian\n|-singleturn|p1b: Zacian|Protect\n|move|p2b: Comfey|Draining Kiss|p1b: Zacian\n|-activate|p1b: Zacian|move: Protect\n|move|p2a: Tornadus|Bleakwind Storm|p1b: Zacian|[spread] p1a\n|-activate|p1b: Zacian|move: Protect\n|-crit|p1a: Kyurem\n|-damage|p1a: Kyurem|0 fnt\n|faint|p1a: Kyurem\n|\n|-weather|RainDance|[upkeep]\n|upkeep\n|\n|t:|1773319053\n|switch|p1a: Sableye|Sableye, L50, M|100/100\n|turn|4\n|\n|t:|1773319061\n|move|p2b: Comfey|Draining Kiss|p1a: Sableye\n|-supereffective|p1a: Sableye\n|-damage|p1a: Sableye|39/100\n|move|p1a: Sableye|Disable|p2a: Tornadus\n|-start|p2a: Tornadus|Disable|Bleakwind Storm\n|cant|p2a: Tornadus|Disable|Bleakwind Storm\n|move|p1b: Zacian|Behemoth Blade|p2b: Comfey\n|-supereffective|p2b: Comfey\n|-damage|p2b: Comfey|0 fnt\n|faint|p2b: Comfey\n|\n|-weather|RainDance|[upkeep]\n|upkeep\n|turn|5\n|\n|t:|1773319077\n|move|p2a: Tornadus|Tailwind||[still]\n|-fail|p2a: Tornadus\n|move|p1a: Sableye|Encore|p2a: Tornadus\n|-start|p2a: Tornadus|Encore\n|move|p1b: Zacian|Play Rough|p2a: Tornadus\n|-damage|p2a: Tornadus|9/100\n|\n|-weather|none\n|-sideend|p2: Endie77|move: Tailwind\n|upkeep\n|turn|6\n|\n|t:|1773319086\n|move|p2a: Tornadus|Tailwind|p2a: Tornadus\n|-sidestart|p2: Endie77|move: Tailwind\n|move|p1a: Sableye|Quash||[still]\n|-fail|p1a: Sableye\n|move|p1b: Zacian|Behemoth Blade|p2a: Tornadus\n|-damage|p2a: Tornadus|0 fnt\n|faint|p2a: Tornadus\n|\n|win|wasaad5\n|raw|wasaad5's rating: 1195 &rarr; <strong>1215</strong><br />(+20 for winning)\n|raw|Endie77's rating: 1129 &rarr; <strong>1109</strong><br />(-20 for losing)\n|l|\u2606Endie77\n|player|p2|\n","uploadtime":1773319285,"views":11,"formatid":"gen9vgc2026regi","rating":1109,"private":0,"password":null}