{"id":"gen9vgc2026regi-2523067687","format":"[Gen 9] VGC 2026 Reg I","players":["Fogdocker","angrybook"],"log":"|j|\u2606Fogdocker\n|j|\u2606angrybook\n|t:|1768981553\n|gametype|doubles\n|player|p1|Fogdocker|170|1493\n|player|p2|angrybook|pokemaniac|1400\n|gen|9\n|tier|[Gen 9] VGC 2026 Reg I\n|rated|\n|rule|Species Clause: Limit one of each Pok\u00e9mon\n|rule|Item Clause: Limit 1 of each item\n|clearpoke\n|poke|p1|Calyrex-Ice, L50|\n|poke|p1|Kyogre, L50|\n|poke|p1|Urshifu-*, L50, M|\n|poke|p1|Rillaboom, L50, M|\n|poke|p1|Landorus, L50, M|\n|poke|p1|Tornadus, L50, M|\n|poke|p2|Groudon, L50|\n|poke|p2|Terapagos, L50, M|\n|poke|p2|Incineroar, L50, M|\n|poke|p2|Rillaboom, L50, M|\n|poke|p2|Clefairy, L50, F|\n|poke|p2|Meowscarada, L50, F|\n|teampreview|4\n|inactive|Battle timer is ON: inactive players will automatically lose when time's up. (requested by angrybook)\n|j| riyuezi\n|inactive|Fogdocker has 60 seconds left.\n|\n|t:|1768981603\n|teamsize|p1|4\n|teamsize|p2|4\n|start\n|switch|p1a: Urshifu|Urshifu-Rapid-Strike, L50, M|100/100\n|switch|p1b: Tornadus|Tornadus, L50, M|100/100\n|switch|p2a: Meowscarada|Meowscarada, L50, F|100/100\n|switch|p2b: Terapagos|Terapagos, L50, M|100/100\n|-activate|p2b: Terapagos|ability: Tera Shift\n|detailschange|p2b: Terapagos|Terapagos-Terastal, L50, M\n|-heal|p2b: Terapagos|100/100|[silent]\n|turn|1\n|\n|t:|1768981618\n|move|p1b: Tornadus|Tailwind|p1b: Tornadus\n|-sidestart|p1: Fogdocker|move: Tailwind\n|move|p1a: Urshifu|U-turn|p2b: Terapagos\n|-activate|p2b: Terapagos|ability: Tera Shell\n|-resisted|p2b: Terapagos\n|-damage|p2b: Terapagos|84/100\n|\n|t:|1768981623\n|switch|p1a: Landorus|Landorus, L50, M|100/100|[from] U-turn\n|move|p2a: Meowscarada|Flower Trick|p1a: Landorus\n|-start|p2a: Meowscarada|typechange|Grass|[from] ability: Protean\n|-crit|p1a: Landorus\n|-damage|p1a: Landorus|31/100\n|move|p2b: Terapagos|Calm Mind|p2b: Terapagos\n|-boost|p2b: Terapagos|spa|1\n|-boost|p2b: Terapagos|spd|1\n|\n|-heal|p2b: Terapagos|90/100|[from] item: Leftovers\n|upkeep\n|turn|2\n|\n|t:|1768981646\n|move|p1a: Landorus|Sludge Bomb|p2a: Meowscarada\n|-supereffective|p2a: Meowscarada\n|-enditem|p2a: Meowscarada|Focus Sash\n|-damage|p2a: Meowscarada|1/100\n|move|p1b: Tornadus|Bleakwind Storm|p2b: Terapagos|[spread] p2a,p2b\n|-supereffective|p2a: Meowscarada\n|-damage|p2a: Meowscarada|0 fnt\n|-damage|p2b: Terapagos|69/100\n|faint|p2a: Meowscarada\n|move|p2b: Terapagos|Tera Starstorm|p1a: Landorus\n|-crit|p1a: Landorus\n|-damage|p1a: Landorus|0 fnt\n|faint|p1a: Landorus\n|\n|-heal|p2b: Terapagos|75/100|[from] item: Leftovers\n|upkeep\n|\n|t:|1768981652\n|switch|p2a: Clefairy|Clefairy, L50, F|100/100\n|switch|p1a: Urshifu|Urshifu-Rapid-Strike, L50, M|100/100\n|turn|3\n|\n|t:|1768981664\n|-terastallize|p2b: Terapagos|Stellar\n|detailschange|p2b: Terapagos|Terapagos-Stellar, L50, M, tera:Stellar\n|-heal|p2b: Terapagos|81/100|[silent]\n|move|p2a: Clefairy|Follow Me|p2a: Clefairy\n|-singleturn|p2a: Clefairy|move: Follow Me\n|move|p1b: Tornadus|Taunt|p2a: Clefairy\n|-start|p2a: Clefairy|move: Taunt\n|move|p1a: Urshifu|Surging Strikes|p2a: Clefairy\n|-crit|p2a: Clefairy\n|-damage|p2a: Clefairy|60/100\n|-crit|p2a: Clefairy\n|-damage|p2a: Clefairy|22/100\n|-crit|p2a: Clefairy\n|-damage|p2a: Clefairy|0 fnt\n|faint|p2a: Clefairy\n|-hitcount|p2: Clefairy|3\n|move|p2b: Terapagos|Tera Starstorm|p1a: Urshifu|[spread] p1a,p1b\n|-damage|p1a: Urshifu|4/100\n|-damage|p1b: Tornadus|41/100\n|\n|-heal|p2b: Terapagos|87/100|[from] item: Leftovers\n|upkeep\n|\n|t:|1768981669\n|switch|p2a: RGB|Groudon, L50|100/100\n|-weather|SunnyDay|[from] ability: Drought|[of] p2a: RGB\n|turn|4\n|\n|t:|1768981673\n|move|p1b: Tornadus|Rain Dance|p1b: Tornadus\n|-weather|RainDance\n|move|p1a: Urshifu|Surging Strikes|p2b: Terapagos\n|-crit|p2b: Terapagos\n|-damage|p2b: Terapagos|57/100\n|-crit|p2b: Terapagos\n|-damage|p2b: Terapagos|27/100\n|-crit|p2b: Terapagos\n|-damage|p2b: Terapagos|0 fnt\n|faint|p2b: Terapagos\n|detailschange|p2: Terapagos|Terapagos, L50, M|[silent]\n|-hitcount|p2: Terapagos|3\n|move|p2a: RGB|Heat Crash|p1a: Urshifu\n|-resisted|p1a: Urshifu\n|-damage|p1a: Urshifu|0 fnt\n|faint|p1a: Urshifu\n|\n|-weather|RainDance|[upkeep]\n|-sideend|p1: Fogdocker|move: Tailwind\n|upkeep\n|\n|t:|1768981680\n|switch|p1a: Calyrex|Calyrex-Ice, L50|100/100\n|-ability|p1a: Calyrex|As One\n|-ability|p1a: Calyrex|Unnerve\n|turn|5\n|\n|t:|1768981685\n|-terastallize|p1a: Calyrex|Water\n|move|p1b: Tornadus|Bleakwind Storm|p2a: RGB\n|-damage|p2a: RGB|58/100\n|move|p2a: RGB|Precipice Blades|p1b: Tornadus|[spread] p1a\n|-immune|p1b: Tornadus\n|-damage|p1a: Calyrex|70/100\n|move|p1a: Calyrex|Glacial Lance|p2a: RGB\n|-supereffective|p2a: RGB\n|-damage|p2a: RGB|0 fnt\n|faint|p2a: RGB\n|\n|win|Fogdocker\n|raw|Fogdocker's rating: 1493 &rarr; <strong>1508</strong><br />(+15 for winning)\n|raw|angrybook's rating: 1400 &rarr; <strong>1385</strong><br />(-15 for losing)\n|c|\u2606angrybook|gg\n|l|\u2606angrybook\n|player|p2|\n|l|\u2606Fogdocker\n|player|p1|\n|l| riyuezi\n","uploadtime":1768981878,"views":40,"formatid":"gen9vgc2026regi","rating":1385,"private":0,"password":null}