{"id":"gen9vgc2026regi-2551793621","format":"[Gen 9] VGC 2026 Reg I","players":["farfromperfect","Pokemonst3r"],"log":"|j|\u2606farfromperfect\n|j|\u2606Pokemonst3r\n|t:|1772645762\n|gametype|doubles\n|player|p1|farfromperfect|101|1374\n|player|p2|Pokemonst3r|266|1537\n|gen|9\n|tier|[Gen 9] VGC 2026 Reg I\n|rated|\n|rule|Species Clause: Limit one of each Pok\u00e9mon\n|rule|Item Clause: Limit 1 of each item\n|clearpoke\n|poke|p1|Umbreon, L50, M|\n|poke|p1|Calyrex-Ice, L50|\n|poke|p1|Kyogre, L50|\n|poke|p1|Indeedee-F, L50, F|\n|poke|p1|Landorus, L50, M|\n|poke|p1|Archaludon, L50, M|\n|poke|p2|Chien-Pao, L50|\n|poke|p2|Calyrex-Shadow, L50|\n|poke|p2|Dondozo, L50, M|\n|poke|p2|Zamazenta-*, L50|\n|poke|p2|Dragonite, L50, M|\n|poke|p2|Tatsugiri, L50, M|\n|teampreview|4\n|inactive|Battle timer is ON: inactive players will automatically lose when time's up. (requested by Pokemonst3r)\n|\n|t:|1772645790\n|teamsize|p1|4\n|teamsize|p2|4\n|start\n|switch|p1a: Umbreon|Umbreon, L50, M, shiny|100/100\n|switch|p1b: Kyogre|Kyogre, L50, shiny|100/100\n|switch|p2a: Dondozo|Dondozo, L50, M|100/100\n|switch|p2b: Calyrex|Calyrex-Shadow, L50|100/100\n|-ability|p2b: Calyrex|As One\n|-ability|p2b: Calyrex|Unnerve\n|-weather|RainDance|[from] ability: Drizzle|[of] p1b: Kyogre\n|turn|1\n|inactive|farfromperfect has 30 seconds left.\n|inactive|Pokemonst3r has 30 seconds left.\n|inactive|farfromperfect has 20 seconds left.\n|\n|t:|1772645828\n|switch|p2b: Tatsugiri|Tatsugiri, L50, M|100/100\n|-activate|p2b: Tatsugiri|ability: Commander|[of] p2a: Dondozo\n|-boost|p2a: Dondozo|atk|2\n|-boost|p2a: Dondozo|spa|2\n|-boost|p2a: Dondozo|spe|2\n|-boost|p2a: Dondozo|def|2\n|-boost|p2a: Dondozo|spd|2\n|move|p1b: Kyogre|Water Spout|p2a: Dondozo|[spread] p2a\n|-miss|p1b: Kyogre|p2b: Tatsugiri\n|-resisted|p2a: Dondozo\n|-damage|p2a: Dondozo|82/100\n|move|p2a: Dondozo|Order Up|p1b: Kyogre\n|-damage|p1b: Kyogre|55/100\n|-boost|p2a: Dondozo|atk|1\n|move|p1a: Umbreon|Foul Play|p2a: Dondozo\n|-damage|p2a: Dondozo|68/100\n|\n|-weather|RainDance|[upkeep]\n|-heal|p2a: Dondozo|74/100|[from] item: Leftovers\n|upkeep\n|turn|2\n|inactive|farfromperfect has 30 seconds left.\n|inactive|farfromperfect has 20 seconds left.\n|inactive|farfromperfect has 15 seconds left.\n|inactive|farfromperfect has 10 seconds left.\n|inactive|farfromperfect has 5 seconds left.\n|\n|t:|1772645884\n|move|p1b: Kyogre|Water Spout|p2a: Dondozo|[spread] p2a\n|-miss|p1b: Kyogre|p2b: Tatsugiri\n|-resisted|p2a: Dondozo\n|-damage|p2a: Dondozo|63/100\n|move|p2a: Dondozo|Earthquake|p1b: Kyogre|[spread] p1a,p1b\n|-miss|p2a: Dondozo|p2b: Tatsugiri\n|-damage|p1a: Umbreon|66/100\n|-damage|p1b: Kyogre|0 fnt\n|faint|p1b: Kyogre\n|move|p1a: Umbreon|Foul Play|p2b: Tatsugiri|[miss]\n|-miss|p1a: Umbreon|p2b: Tatsugiri\n|\n|-weather|RainDance|[upkeep]\n|-heal|p2a: Dondozo|69/100|[from] item: Leftovers\n|upkeep\n|\n|t:|1772645904\n|switch|p1b: Archaludon|Archaludon, L50, M, shiny|100/100\n|turn|3\n|\n|t:|1772645914\n|-terastallize|p1b: Archaludon|Grass\n|move|p2a: Dondozo|Protect|p2a: Dondozo\n|-singleturn|p2a: Dondozo|Protect\n|move|p1b: Archaludon|Electro Shot||[still]\n|-prepare|p1b: Archaludon|Electro Shot\n|-boost|p1b: Archaludon|spa|1\n|-anim|p1b: Archaludon|Electro Shot|p2a: Dondozo\n|-activate|p2a: Dondozo|move: Protect\n|move|p1a: Umbreon|Foul Play|p2a: Dondozo\n|-activate|p2a: Dondozo|move: Protect\n|\n|-weather|RainDance|[upkeep]\n|-heal|p2a: Dondozo|75/100|[from] item: Leftovers\n|upkeep\n|turn|4\n|\n|t:|1772645935\n|move|p1b: Archaludon|Electro Shot||[still]\n|-prepare|p1b: Archaludon|Electro Shot\n|-boost|p1b: Archaludon|spa|1\n|-anim|p1b: Archaludon|Electro Shot|p2a: Dondozo\n|-supereffective|p2a: Dondozo\n|-damage|p2a: Dondozo|43/100\n|move|p2a: Dondozo|Order Up|p1b: Archaludon\n|-damage|p1b: Archaludon|63/100\n|-ability|p1b: Archaludon|Stamina|boost\n|-boost|p1b: Archaludon|def|1\n|-boost|p2a: Dondozo|atk|1\n|move|p1a: Umbreon|Taunt|p2a: Dondozo\n|-start|p2a: Dondozo|move: Taunt\n|\n|-weather|RainDance|[upkeep]\n|-heal|p2a: Dondozo|49/100|[from] item: Leftovers\n|upkeep\n|turn|5\n|\n|t:|1772645951\n|move|p1a: Umbreon|Helping Hand|p1b: Archaludon\n|-singleturn|p1b: Archaludon|Helping Hand|[of] p1a: Umbreon\n|move|p1b: Archaludon|Electro Shot||[still]\n|-prepare|p1b: Archaludon|Electro Shot\n|-boost|p1b: Archaludon|spa|1\n|-anim|p1b: Archaludon|Electro Shot|p2a: Dondozo\n|-supereffective|p2a: Dondozo\n|-damage|p2a: Dondozo|0 fnt\n|faint|p2a: Dondozo\n|\n|-weather|none\n|upkeep\n|\n|t:|1772645962\n|switch|p2a: Zamazenta|Zamazenta-Crowned, L50|100/100\n|-ability|p2a: Zamazenta|Dauntless Shield|boost\n|-boost|p2a: Zamazenta|def|1\n|turn|6\n|inactive|farfromperfect has 30 seconds left.\n|\n|t:|1772645988\n|move|p2a: Zamazenta|Body Press|p1a: Umbreon\n|-supereffective|p1a: Umbreon\n|-damage|p1a: Umbreon|0 fnt\n|faint|p1a: Umbreon\n|move|p2b: Tatsugiri|Draco Meteor|p1b: Archaludon\n|-damage|p1b: Archaludon|18/100\n|-unboost|p2b: Tatsugiri|spa|2\n|-ability|p1b: Archaludon|Stamina|boost\n|-boost|p1b: Archaludon|def|1\n|move|p1b: Archaludon|Body Press|p2a: Zamazenta\n|-supereffective|p2a: Zamazenta\n|-damage|p2a: Zamazenta|65/100\n|\n|upkeep\n|\n|t:|1772646000\n|switch|p1a: Calyrex|Calyrex-Ice, L50|100/100\n|-ability|p1a: Calyrex|As One\n|-ability|p1a: Calyrex|Unnerve\n|turn|7\n|\n|t:|1772646014\n|move|p2a: Zamazenta|Body Press|p1b: Archaludon\n|-damage|p1b: Archaludon|0 fnt\n|faint|p1b: Archaludon\n|move|p2b: Tatsugiri|Draco Meteor|p1a: Calyrex\n|-damage|p1a: Calyrex|77/100\n|-unboost|p2b: Tatsugiri|spa|2\n|move|p1a: Calyrex|Trick Room|p1a: Calyrex\n|-fieldstart|move: Trick Room|[of] p1a: Calyrex\n|\n|upkeep\n|turn|8\n|\n|t:|1772646032\n|switch|p2b: Calyrex|Calyrex-Shadow, L50|100/100\n|-ability|p2b: Calyrex|As One\n|-ability|p2b: Calyrex|Unnerve\n|move|p2a: Zamazenta|Wide Guard|p2a: Zamazenta\n|-singleturn|p2a: Zamazenta|Wide Guard\n|move|p1a: Calyrex|High Horsepower|p2a: Zamazenta\n|-supereffective|p2a: Zamazenta\n|-damage|p2a: Zamazenta|30/100\n|\n|upkeep\n|turn|9\n|\n|t:|1772646045\n|move|p1a: Calyrex|Protect|p1a: Calyrex\n|-singleturn|p1a: Calyrex|Protect\n|move|p2a: Zamazenta|Behemoth Bash|p1a: Calyrex\n|-activate|p1a: Calyrex|move: Protect\n|move|p2b: Calyrex|Astral Barrage|p1a: Calyrex\n|-activate|p1a: Calyrex|move: Protect\n|\n|upkeep\n|turn|10\n|-message|farfromperfect forfeited.\n|\n|win|Pokemonst3r\n|raw|farfromperfect's rating: 1374 &rarr; <strong>1363</strong><br />(-11 for losing)\n|raw|Pokemonst3r's rating: 1537 &rarr; <strong>1548</strong><br />(+11 for winning)\n|l|\u2606farfromperfect\n|player|p1|\n|l|\u2606Pokemonst3r\n|player|p2|\n","uploadtime":1772646223,"views":14,"formatid":"gen9vgc2026regi","rating":1363,"private":0,"password":null}