{"id":"gen9vgc2026regi-2539219109","format":"[Gen 9] VGC 2026 Reg I","players":["alzombie","alexit93"],"log":"|j|\u2606alzombie\n|j|\u2606alexit93\n|t:|1771024506\n|gametype|doubles\n|player|p1|alzombie|1|1373\n|player|p2|alexit93|lucas-gen4pt|1385\n|gen|9\n|tier|[Gen 9] VGC 2026 Reg I\n|rated|\n|rule|Species Clause: Limit one of each Pok\u00e9mon\n|rule|Item Clause: Limit 1 of each item\n|clearpoke\n|poke|p1|Lunala, L50|\n|poke|p1|Ursaluna, L50, F|\n|poke|p1|Urshifu-*, L50, M|\n|poke|p1|Miraidon, L50|\n|poke|p1|Grimmsnarl, L50, M|\n|poke|p1|Incineroar, L50, M|\n|poke|p2|Zamazenta-*, L50|\n|poke|p2|Riolu, L50, F|\n|poke|p2|Calyrex-Ice, L50|\n|poke|p2|Rillaboom, L50, M|\n|poke|p2|Incineroar, L50, F|\n|poke|p2|Urshifu-*, L50, F|\n|teampreview|4\n|inactive|Battle timer is ON: inactive players will automatically lose when time's up. (requested by alzombie)\n|inactive|alexit93 has 60 seconds left.\n|inactive|alexit93 has 30 seconds left.\n|inactive|alexit93 has 20 seconds left.\n|inactive|alexit93 has 15 seconds left.\n|inactive|alexit93 has 10 seconds left.\n|inactive|alexit93 has 5 seconds left.\n|\n|t:|1771024640\n|teamsize|p1|4\n|teamsize|p2|4\n|start\n|switch|p1a: Grimmsnarl|Grimmsnarl, L50, M|100/100\n|switch|p1b: Incineroar|Incineroar, L50, M|100/100\n|switch|p2a: Zamazenta|Zamazenta-Crowned, L50, shiny|100/100\n|switch|p2b: Riolu|Riolu, L50, F|100/100\n|-ability|p2a: Zamazenta|Dauntless Shield|boost\n|-boost|p2a: Zamazenta|def|1\n|-ability|p1b: Incineroar|Intimidate|boost\n|-unboost|p2a: Zamazenta|atk|1\n|-unboost|p2b: Riolu|atk|1\n|turn|1\n|inactive|alexit93 has 30 seconds left.\n|\n|t:|1771024668\n|switch|p1b: Lunala|Lunala, L50|100/100\n|move|p2b: Riolu|Quick Guard|p2b: Riolu\n|-singleturn|p2b: Riolu|Quick Guard\n|move|p1a: Grimmsnarl|Reflect|p1a: Grimmsnarl\n|-sidestart|p1: alzombie|Reflect\n|move|p2a: Zamazenta|Behemoth Bash|p1a: Grimmsnarl\n|-supereffective|p1a: Grimmsnarl\n|-damage|p1a: Grimmsnarl|62/100\n|\n|upkeep\n|turn|2\n|\n|t:|1771024687\n|move|p2a: Zamazenta|Protect|p2a: Zamazenta\n|-singleturn|p2a: Zamazenta|Protect\n|move|p1a: Grimmsnarl|Taunt|p2b: Riolu\n|-start|p2b: Riolu|move: Taunt\n|cant|p2b: Riolu|move: Taunt|Coaching\n|move|p1b: Lunala|Moonblast|p2b: Riolu\n|-supereffective|p2b: Riolu\n|-damage|p2b: Riolu|22/100\n|\n|upkeep\n|turn|3\n|\n|t:|1771024704\n|switch|p1a: Incineroar|Incineroar, L50, M|100/100\n|-ability|p1a: Incineroar|Intimidate|boost\n|-unboost|p2a: Zamazenta|atk|1\n|-unboost|p2b: Riolu|atk|1\n|switch|p2b: Calyrex|Calyrex-Ice, L50|100/100\n|-ability|p2b: Calyrex|As One\n|-ability|p2b: Calyrex|Unnerve\n|move|p2a: Zamazenta|Behemoth Bash|p1a: Incineroar\n|-resisted|p1a: Incineroar\n|-damage|p1a: Incineroar|96/100\n|-damage|p2a: Zamazenta|84/100|[from] item: Rocky Helmet|[of] p1a: Incineroar\n|move|p1b: Lunala|Moonblast|p2a: Zamazenta\n|-damage|p2a: Zamazenta|56/100\n|\n|upkeep\n|turn|4\n|\n|t:|1771024728\n|-terastallize|p2b: Calyrex|Ground\n|move|p2a: Zamazenta|Body Press|p1a: Incineroar\n|-supereffective|p1a: Incineroar\n|-damage|p1a: Incineroar|30/100\n|-damage|p2a: Zamazenta|40/100|[from] item: Rocky Helmet|[of] p1a: Incineroar\n|move|p1b: Lunala|Moongeist Beam|p2b: Calyrex\n|-damage|p2b: Calyrex|58/100\n|move|p1a: Incineroar|Will-O-Wisp|p2a: Zamazenta\n|-status|p2a: Zamazenta|brn\n|move|p2b: Calyrex|Trick Room|p2b: Calyrex\n|-fieldstart|move: Trick Room|[of] p2b: Calyrex\n|\n|-damage|p2a: Zamazenta|34/100 brn|[from] brn\n|upkeep\n|turn|5\n|inactive|alzombie has 30 seconds left.\n|\n|t:|1771024755\n|switch|p1a: Grimmsnarl|Grimmsnarl, L50, M|62/100\n|move|p2b: Calyrex|Protect|p2b: Calyrex\n|-singleturn|p2b: Calyrex|Protect\n|move|p1b: Lunala|Moonblast|p2b: Calyrex\n|-activate|p2b: Calyrex|move: Protect\n|move|p2a: Zamazenta|Body Press|p1a: Grimmsnarl\n|-damage|p1a: Grimmsnarl|39/100\n|\n|-damage|p2a: Zamazenta|28/100 brn|[from] brn\n|upkeep\n|turn|6\n|\n|t:|1771024774\n|move|p1a: Grimmsnarl|Taunt|p2b: Calyrex\n|-start|p2b: Calyrex|move: Taunt\n|move|p2b: Calyrex|Glacial Lance|p1a: Grimmsnarl|[spread] p1a,p1b\n|-damage|p1a: Grimmsnarl|0 fnt\n|-damage|p1b: Lunala|86/100\n|faint|p1a: Grimmsnarl\n|-ability|p2b: Calyrex|Chilling Neigh|boost\n|-boost|p2b: Calyrex|atk|1\n|move|p1b: Lunala|Moonblast|p2b: Calyrex\n|-damage|p2b: Calyrex|33/100\n|move|p2a: Zamazenta|Body Press|p1b: Lunala\n|-immune|p1b: Lunala\n|\n|-damage|p2a: Zamazenta|22/100 brn|[from] brn\n|upkeep\n|\n|t:|1771024790\n|switch|p1a: Incineroar|Incineroar, L50, M|30/100\n|-ability|p1a: Incineroar|Intimidate|boost\n|-unboost|p2a: Zamazenta|atk|1\n|-fail|p2b: Calyrex|unboost|[from] item: Clear Amulet|[of] p2b: Calyrex\n|turn|7\n|\n|t:|1771024803\n|switch|p2b: Riolu|Riolu, L50, F|22/100\n|move|p1a: Incineroar|Knock Off|p2b: Riolu\n|-resisted|p2b: Riolu\n|-damage|p2b: Riolu|0 fnt\n|-enditem|p2b: Riolu|Eviolite|[from] move: Knock Off|[of] p1a: Incineroar\n|faint|p2b: Riolu\n|move|p1b: Lunala|Moonblast|p2a: Zamazenta\n|-damage|p2a: Zamazenta|0 fnt\n|faint|p2a: Zamazenta\n|\n|upkeep\n|\n|t:|1771024806\n|switch|p2b: Rillaboom|Rillaboom, L50, M|100/100\n|switch|p2a: Calyrex|Calyrex-Ice, L50, tera:Ground|33/100\n|-ability|p2a: Calyrex|As One\n|-ability|p2a: Calyrex|Unnerve\n|-fieldstart|move: Grassy Terrain|[from] ability: Grassy Surge|[of] p2b: Rillaboom\n|turn|8\n|\n|t:|1771024825\n|switch|p1a: Miraidon|Miraidon, L50|100/100\n|-fieldstart|move: Electric Terrain|[from] ability: Hadron Engine|[of] p1a: Miraidon\n|-enditem|p1b: Lunala|Electric Seed\n|-boost|p1b: Lunala|def|1|[from] item: Electric Seed\n|move|p1b: Lunala|Wide Guard|p1b: Lunala\n|-singleturn|p1b: Lunala|Wide Guard\n|move|p2a: Calyrex|High Horsepower|p1a: Miraidon\n|-supereffective|p1a: Miraidon\n|-damage|p1a: Miraidon|25/100\n|move|p2b: Rillaboom|Wood Hammer|p1b: Lunala\n|-damage|p1b: Lunala|63/100\n|-damage|p2b: Rillaboom|90/100|[from] Recoil\n|\n|-sideend|p1: alzombie|Reflect\n|-fieldend|move: Trick Room\n|upkeep\n|turn|9\n|\n|t:|1771024847\n|move|p2a: Calyrex|Protect|p2a: Calyrex\n|-singleturn|p2a: Calyrex|Protect\n|move|p1a: Miraidon|Volt Switch|p2b: Rillaboom\n|-resisted|p2b: Rillaboom\n|-damage|p2b: Rillaboom|60/100\n|\n|t:|1771024853\n|switch|p1a: Incineroar|Incineroar, L50, M|30/100|[from] Volt Switch\n|-ability|p1a: Incineroar|Intimidate|boost\n|-fail|p2a: Calyrex|unboost|[from] item: Clear Amulet|[of] p2a: Calyrex\n|-unboost|p2b: Rillaboom|atk|1\n|move|p2b: Rillaboom|Wood Hammer|p1a: Incineroar\n|-resisted|p1a: Incineroar\n|-damage|p1a: Incineroar|16/100\n|-damage|p2b: Rillaboom|44/100|[from] item: Rocky Helmet|[of] p1a: Incineroar\n|-damage|p2b: Rillaboom|39/100|[from] Recoil\n|move|p1b: Lunala|Moongeist Beam|p2a: Calyrex\n|-activate|p2a: Calyrex|move: Protect\n|\n|upkeep\n|turn|10\n|\n|t:|1771024871\n|move|p2b: Rillaboom|Wood Hammer|p1b: Lunala\n|-damage|p1b: Lunala|41/100\n|-damage|p2b: Rillaboom|30/100|[from] Recoil\n|move|p1b: Lunala|Moongeist Beam|p2a: Calyrex\n|-damage|p2a: Calyrex|0 fnt\n|faint|p2a: Calyrex\n|move|p1a: Incineroar|Knock Off|p2b: Rillaboom\n|-damage|p2b: Rillaboom|0 fnt\n|-enditem|p2b: Rillaboom|Assault Vest|[from] move: Knock Off|[of] p1a: Incineroar\n|faint|p2b: Rillaboom\n|\n|win|alzombie\n|raw|alzombie's rating: 1373 &rarr; <strong>1394</strong><br />(+21 for winning)\n|raw|alexit93's rating: 1385 &rarr; <strong>1364</strong><br />(-21 for losing)\n|l|\u2606alzombie\n|player|p1|\n|l|\u2606alexit93\n|player|p2|\n","uploadtime":1771025089,"views":30,"formatid":"gen9vgc2026regi","rating":1364,"private":0,"password":null}