{"id":"gen9vgc2026regi-2587028629","format":"[Gen 9] VGC 2026 Reg I","players":["Carajo666","Luca8"],"log":"|j|\u2606Carajo666\n|j|\u2606Luca8\n|t:|1776482870\n|gametype|doubles\n|player|p1|Carajo666|265|1401\n|player|p2|Luca8|flint|1449\n|gen|9\n|tier|[Gen 9] VGC 2026 Reg I\n|rated|\n|rule|Species Clause: Limit one of each Pok\u00e9mon\n|rule|Item Clause: Limit 1 of each item\n|clearpoke\n|poke|p1|Terapagos, L50, M|\n|poke|p1|Urshifu-*, L50, F|\n|poke|p1|Ho-Oh, L50|\n|poke|p1|Toxapex, L50, F|\n|poke|p1|Flutter Mane, L50|\n|poke|p1|Rillaboom, L50, F|\n|poke|p2|Zamazenta-*, L50|\n|poke|p2|Indeedee-F, L50, F|\n|poke|p2|Torkoal, L50, F|\n|poke|p2|Calyrex-Shadow, L50|\n|poke|p2|Pelipper, L50, M|\n|poke|p2|Tornadus, L50, M|\n|teampreview|4\n|inactive|Battle timer is ON: inactive players will automatically lose when time's up. (requested by Carajo666)\n|inactive|Carajo666 has 60 seconds left.\n|\n|t:|1776482909\n|teamsize|p1|4\n|teamsize|p2|4\n|start\n|switch|p1a: Ho-Oh|Ho-Oh, L50|100/100\n|switch|p1b: Urshifu|Urshifu, L50, F|100/100\n|switch|p2a: Indeedee|Indeedee-F, L50, F|100/100\n|switch|p2b: Calyrex|Calyrex-Shadow, L50|100/100\n|-ability|p2b: Calyrex|As One\n|-ability|p2b: Calyrex|Unnerve\n|-fieldstart|move: Psychic Terrain|[from] ability: Psychic Surge|[of] p2a: Indeedee\n|turn|1\n|inactive|Carajo666 has 30 seconds left.\n|\n|t:|1776482938\n|switch|p2a: Zamazenta|Zamazenta-Crowned, L50|100/100\n|-ability|p2a: Zamazenta|Dauntless Shield|boost\n|-boost|p2a: Zamazenta|def|1\n|move|p2b: Calyrex|Astral Barrage|p1a: Ho-Oh|[spread] p1a,p1b\n|-resisted|p1b: Urshifu\n|-damage|p1a: Ho-Oh|68/100\n|-damage|p1b: Urshifu|56/100\n|move|p1b: Urshifu|Wicked Blow|p2a: Zamazenta\n|-resisted|p2a: Zamazenta\n|-crit|p2a: Zamazenta\n|-damage|p2a: Zamazenta|82/100\n|move|p1a: Ho-Oh|Sacred Fire|p2b: Calyrex\n|-damage|p2b: Calyrex|43/100\n|-status|p2b: Calyrex|brn\n|\n|-damage|p2b: Calyrex|38/100 brn|[from] brn\n|upkeep\n|turn|2\n|inactive|Carajo666 has 30 seconds left.\n|inactive|Luca8 has 30 seconds left.\n|\n|t:|1776482970\n|move|p1b: Urshifu|Detect|p1b: Urshifu\n|-singleturn|p1b: Urshifu|Protect\n|move|p2b: Calyrex|Expanding Force|p1a: Ho-Oh|[spread] p1a\n|-activate|p1b: Urshifu|move: Protect\n|-damage|p1a: Ho-Oh|25/100\n|move|p2a: Zamazenta|Body Press|p1b: Urshifu\n|-activate|p1b: Urshifu|move: Protect\n|move|p1a: Ho-Oh|Tailwind|p1a: Ho-Oh\n|-sidestart|p1: Carajo666|move: Tailwind\n|\n|-damage|p2b: Calyrex|32/100 brn|[from] brn\n|upkeep\n|turn|3\n|\n|t:|1776482995\n|switch|p2b: Tornadus|Tornadus, L50, M|100/100\n|-enditem|p1a: Ho-Oh|Sitrus Berry|[eat]\n|-heal|p1a: Ho-Oh|50/100|[from] item: Sitrus Berry\n|-terastallize|p2a: Zamazenta|Fighting\n|move|p1b: Urshifu|Wicked Blow|p2b: Tornadus\n|-crit|p2b: Tornadus\n|-damage|p2b: Tornadus|26/100\n|move|p1a: Ho-Oh|Sacred Fire|p2a: Zamazenta\n|-damage|p2a: Zamazenta|66/100\n|-status|p2a: Zamazenta|brn\n|move|p2a: Zamazenta|Body Press|p1b: Urshifu\n|-supereffective|p1b: Urshifu\n|-damage|p1b: Urshifu|0 fnt\n|faint|p1b: Urshifu\n|\n|-damage|p2a: Zamazenta|60/100 brn|[from] brn\n|upkeep\n|\n|t:|1776483012\n|switch|p1b: Toxapex|Toxapex, L50, F|100/100\n|turn|4\n|\n|t:|1776483026\n|move|p2b: Tornadus|Tailwind|p2b: Tornadus\n|-sidestart|p2: Luca8|move: Tailwind\n|move|p2a: Zamazenta|Body Press|p1a: Ho-Oh\n|-resisted|p1a: Ho-Oh\n|-damage|p1a: Ho-Oh|31/100\n|move|p1a: Ho-Oh|Brave Bird|p2a: Zamazenta\n|-supereffective|p2a: Zamazenta\n|-damage|p2a: Zamazenta|17/100 brn\n|-damage|p1a: Ho-Oh|18/100|[from] Recoil\n|move|p1b: Toxapex|Infestation|p2b: Tornadus\n|-resisted|p2b: Tornadus\n|-damage|p2b: Tornadus|25/100\n|-activate|p2b: Tornadus|move: Infestation|[of] p1b: Toxapex\n|\n|-damage|p2a: Zamazenta|11/100 brn|[from] brn\n|-damage|p2b: Tornadus|13/100|[from] move: Infestation|[partiallytrapped]\n|upkeep\n|turn|5\n|inactive|Luca8 has 30 seconds left.\n|inactive|Carajo666 has 30 seconds left.\n|\n|t:|1776483059\n|move|p1a: Ho-Oh|Protect|p1a: Ho-Oh\n|-singleturn|p1a: Ho-Oh|Protect\n|move|p1b: Toxapex|Wide Guard|p1b: Toxapex\n|-singleturn|p1b: Toxapex|Wide Guard\n|move|p2a: Zamazenta|Crunch|p1b: Toxapex\n|-damage|p1b: Toxapex|94/100\n|move|p2b: Tornadus|Bleakwind Storm|p1b: Toxapex|[spread] \n|-activate|p1a: Ho-Oh|move: Wide Guard\n|-activate|p1b: Toxapex|move: Wide Guard\n|\n|-damage|p2a: Zamazenta|5/100 brn|[from] brn\n|-damage|p2b: Tornadus|0 fnt|[from] move: Infestation|[partiallytrapped]\n|faint|p2b: Tornadus\n|-sideend|p1: Carajo666|move: Tailwind\n|-fieldend|move: Psychic Terrain\n|upkeep\n|\n|t:|1776483081\n|switch|p2b: Calyrex|Calyrex-Shadow, L50|32/100 brn\n|-ability|p2b: Calyrex|As One\n|-ability|p2b: Calyrex|Unnerve\n|turn|6\n|inactive|Luca8 has 30 seconds left.\n|\n|t:|1776483111\n|switch|p1a: Terapagos|Terapagos, L50, M|100/100\n|-activate|p1a: Terapagos|ability: Tera Shift\n|detailschange|p1a: Terapagos|Terapagos-Terastal, L50, M\n|-heal|p1a: Terapagos|100/100|[silent]\n|move|p1b: Toxapex|Wide Guard|p1b: Toxapex\n|-singleturn|p1b: Toxapex|Wide Guard\n|move|p2b: Calyrex|Shadow Ball|p1a: Terapagos\n|-immune|p1a: Terapagos\n|move|p2a: Zamazenta|Crunch|p1b: Toxapex\n|-damage|p1b: Toxapex|87/100\n|\n|-damage|p2b: Calyrex|26/100 brn|[from] brn\n|-damage|p2a: Zamazenta|0 fnt|[from] brn\n|faint|p2a: Zamazenta\n|upkeep\n|\n|t:|1776483128\n|switch|p2a: Indeedee|Indeedee-F, L50, F|100/100\n|-fieldstart|move: Psychic Terrain|[from] ability: Psychic Surge|[of] p2a: Indeedee\n|turn|7\n|\n|t:|1776483144\n|-terastallize|p1a: Terapagos|Stellar\n|detailschange|p1a: Terapagos|Terapagos-Stellar, L50, M, tera:Stellar\n|-heal|p1a: Terapagos|100/100|[silent]\n|-ability|p1a: Terapagos|Teraform Zero\n|-fieldend|move: Psychic Terrain\n|move|p1b: Toxapex|Wide Guard|p1b: Toxapex\n|-singleturn|p1b: Toxapex|Wide Guard\n|move|p2b: Calyrex|Expanding Force|p1a: Terapagos\n|-damage|p1a: Terapagos|66/100\n|move|p2a: Indeedee|Psychic|p1a: Terapagos\n|-damage|p1a: Terapagos|48/100\n|move|p1a: Terapagos|Tera Starstorm|p2b: Calyrex|[spread] p2a,p2b\n|-damage|p2a: Indeedee|62/100\n|-damage|p2b: Calyrex|0 fnt\n|faint|p2b: Calyrex\n|\n|-heal|p1a: Terapagos|54/100|[from] item: Leftovers\n|-sideend|p2: Luca8|move: Tailwind\n|upkeep\n|turn|8\n|-message|Luca8 forfeited.\n|\n|win|Carajo666\n|raw|Carajo666's rating: 1401 &rarr; <strong>1424</strong><br />(+23 for winning)\n|raw|Luca8's rating: 1449 &rarr; <strong>1426</strong><br />(-23 for losing)\n|l|\u2606Luca8\n|player|p2|\n|l|\u2606Carajo666\n|player|p1|\n","uploadtime":1776483355,"views":11,"formatid":"gen9vgc2026regi","rating":1424,"private":0,"password":null}