{"id":"gen9vgc2026regi-2534500171","format":"[Gen 9] VGC 2026 Reg I","players":["Cello L.","dogpeg"],"log":"|j|\u2606Cello L.\n|j|\u2606dogpeg\n|t:|1770428931\n|gametype|doubles\n|player|p1|Cello L.|psychic-gen4|1443\n|player|p2|dogpeg|169|1459\n|gen|9\n|tier|[Gen 9] VGC 2026 Reg I\n|rated|\n|rule|Species Clause: Limit one of each Pok\u00e9mon\n|rule|Item Clause: Limit 1 of each item\n|clearpoke\n|poke|p1|Miraidon, L50|\n|poke|p1|Lunala, L50|\n|poke|p1|Ursaluna, L50, F|\n|poke|p1|Urshifu-*, L50, M|\n|poke|p1|Whimsicott, L50, M|\n|poke|p1|Incineroar, L50, M|\n|poke|p2|Koraidon, L50|\n|poke|p2|Flutter Mane, L50|\n|poke|p2|Chi-Yu, L50|\n|poke|p2|Ogerpon-Cornerstone, L50, F|\n|poke|p2|Indeedee-F, L50, F|\n|poke|p2|Lunala, L50|\n|teampreview|4\n|\n|t:|1770428971\n|teamsize|p1|4\n|teamsize|p2|4\n|start\n|switch|p1a: Miraidon|Miraidon, L50|100/100\n|switch|p1b: Lunala|Lunala, L50|100/100\n|switch|p2a: Lunala|Lunala, L50|100/100\n|switch|p2b: Flutter Mane|Flutter Mane, L50|100/100\n|-fieldstart|move: Electric Terrain|[from] ability: Hadron Engine|[of] p1a: Miraidon\n|-enditem|p1b: Lunala|Electric Seed\n|-boost|p1b: Lunala|def|1|[from] item: Electric Seed\n|turn|1\n|\n|t:|1770429017\n|switch|p1a: Whimsicott|Whimsicott, L50, M|100/100\n|-terastallize|p1b: Lunala|Fairy\n|move|p2b: Flutter Mane|Moonblast|p1a: Whimsicott\n|-damage|p1a: Whimsicott|34/100\n|move|p2a: Lunala|Meteor Beam||[still]\n|-prepare|p2a: Lunala|Meteor Beam\n|-boost|p2a: Lunala|spa|1\n|-enditem|p2a: Lunala|Power Herb\n|-anim|p2a: Lunala|Meteor Beam|p1a: Whimsicott\n|-damage|p1a: Whimsicott|0 fnt\n|faint|p1a: Whimsicott\n|move|p1b: Lunala|Moongeist Beam|p2b: Flutter Mane\n|-supereffective|p2b: Flutter Mane\n|-enditem|p2b: Flutter Mane|Focus Sash\n|-damage|p2b: Flutter Mane|1/100\n|\n|upkeep\n|\n|t:|1770429039\n|switch|p1a: Urshifu|Urshifu-Rapid-Strike, L50, M|100/100\n|turn|2\n|inactive|Battle timer is ON: inactive players will automatically lose when time's up. (requested by dogpeg)\n|\n|t:|1770429057\n|-end|p2b: Flutter Mane|Protosynthesis|[silent]\n|switch|p2b: Indeedee|Indeedee-F, L50, F|100/100\n|-fieldstart|move: Psychic Terrain|[from] ability: Psychic Surge|[of] p2b: Indeedee\n|-enditem|p2b: Indeedee|Psychic Seed\n|-boost|p2b: Indeedee|spd|1|[from] item: Psychic Seed\n|-terastallize|p2a: Lunala|Water\n|move|p1a: Urshifu|Aqua Jet|p2b: Indeedee\n|-activate|p2b: Indeedee|move: Psychic Terrain\n|move|p2a: Lunala|Expanding Force|p1b: Lunala|[spread] p1a,p1b\n|-supereffective|p1a: Urshifu\n|-damage|p1a: Urshifu|0 fnt\n|-damage|p1b: Lunala|67/100\n|faint|p1a: Urshifu\n|move|p1b: Lunala|Moongeist Beam|p2a: Lunala\n|-damage|p2a: Lunala|78/100\n|\n|upkeep\n|\n|t:|1770429072\n|switch|p1a: Miraidon|Miraidon, L50|100/100\n|-fieldstart|move: Electric Terrain|[from] ability: Hadron Engine|[of] p1a: Miraidon\n|turn|3\n|\n|t:|1770429093\n|move|p2b: Indeedee|Follow Me|p2b: Indeedee\n|-singleturn|p2b: Indeedee|move: Follow Me\n|move|p1a: Miraidon|Electro Drift|p2b: Indeedee\n|-damage|p2b: Indeedee|3/100\n|move|p2a: Lunala|Moongeist Beam|p1b: Lunala\n|-damage|p1b: Lunala|1/100\n|move|p1b: Lunala|Trick Room|p1b: Lunala\n|-fieldstart|move: Trick Room|[of] p1b: Lunala\n|\n|upkeep\n|turn|4\n|j| here's where king!\n|\n|t:|1770429113\n|move|p2b: Indeedee|Helping Hand|p2a: Lunala\n|-singleturn|p2a: Lunala|Helping Hand|[of] p2b: Indeedee\n|move|p1b: Lunala|Moonblast|p2b: Indeedee\n|-damage|p2b: Indeedee|0 fnt\n|faint|p2b: Indeedee\n|move|p2a: Lunala|Moongeist Beam|p1a: Miraidon\n|-damage|p1a: Miraidon|0 fnt\n|faint|p1a: Miraidon\n|\n|upkeep\n|\n|t:|1770429130\n|switch|p2b: Koraidon|Koraidon, L50|100/100\n|-weather|SunnyDay|[from] ability: Orichalcum Pulse|[of] p2b: Koraidon\n|-activate|p2b: Koraidon|Orichalcum Pulse|[source]\n|turn|5\n|\n|t:|1770429138\n|move|p2b: Koraidon|Protect|p2b: Koraidon\n|-singleturn|p2b: Koraidon|Protect\n|move|p1b: Lunala|Moongeist Beam|p2a: Lunala\n|-damage|p2a: Lunala|32/100\n|move|p2a: Lunala|Expanding Force|p1b: Lunala\n|-damage|p1b: Lunala|0 fnt\n|faint|p1b: Lunala\n|\n|win|dogpeg\n|raw|Cello L.'s rating: 1443 &rarr; <strong>1424</strong><br />(-19 for losing)\n|raw|dogpeg's rating: 1459 &rarr; <strong>1478</strong><br />(+19 for winning)\n|l|\u2606dogpeg\n|player|p2|\n","uploadtime":1770429299,"views":14,"formatid":"gen9vgc2026regi","rating":1424,"private":0,"password":null}