{"id":"gen9vgc2026regi-2560625221","format":"[Gen 9] VGC 2026 Reg I","players":["eye-zitt","NorthGDH"],"log":"|j|\u2606eye-zitt\n|j|\u2606NorthGDH\n|t:|1773705789\n|gametype|doubles\n|player|p1|eye-zitt|hilbert|1248\n|player|p2|NorthGDH|pokemonranger-gen4|1307\n|gen|9\n|tier|[Gen 9] VGC 2026 Reg I\n|rated|\n|rule|Species Clause: Limit one of each Pok\u00e9mon\n|rule|Item Clause: Limit 1 of each item\n|clearpoke\n|poke|p1|Terapagos, L50, M|\n|poke|p1|Incineroar, L50, F|\n|poke|p1|Rillaboom, L50, M|\n|poke|p1|Ogerpon-Cornerstone, L50, F|\n|poke|p1|Flutter Mane, L50|\n|poke|p1|Calyrex-Shadow, L50|\n|poke|p2|Lunala, L50|\n|poke|p2|Whimsicott, L50, F|\n|poke|p2|Miraidon, L50|\n|poke|p2|Ursaluna, L50, F|\n|poke|p2|Farigiraf, L50, M|\n|poke|p2|Incineroar, L50, F|\n|teampreview|4\n|inactive|Battle timer is ON: inactive players will automatically lose when time's up. (requested by NorthGDH)\n|inactive|NorthGDH has 60 seconds left.\n|\n|t:|1773705824\n|teamsize|p1|4\n|teamsize|p2|4\n|start\n|switch|p1a: Flutter Mane|Flutter Mane, L50|100/100\n|switch|p1b: Terapagos|Terapagos, L50, M|100/100\n|switch|p2a: Agott|Farigiraf, L50, M|100/100\n|switch|p2b: Incineroar|Incineroar, L50, F, shiny|100/100\n|-activate|p1b: Terapagos|ability: Tera Shift\n|detailschange|p1b: Terapagos|Terapagos-Terastal, L50, M\n|-heal|p1b: Terapagos|100/100|[silent]\n|-ability|p2b: Incineroar|Intimidate|boost\n|-unboost|p1a: Flutter Mane|atk|1\n|-unboost|p1b: Terapagos|atk|1\n|-enditem|p1a: Flutter Mane|Booster Energy\n|-activate|p1a: Flutter Mane|ability: Protosynthesis|[fromitem]\n|-start|p1a: Flutter Mane|protosynthesisspe\n|turn|1\n|\n|t:|1773705835\n|move|p2b: Incineroar|Fake Out|p1b: Terapagos\n|-activate|p1b: Terapagos|ability: Tera Shell\n|-resisted|p1b: Terapagos\n|-damage|p1b: Terapagos|97/100\n|move|p1a: Flutter Mane|Taunt|p2a: Agott\n|-start|p2a: Agott|move: Taunt\n|cant|p1b: Terapagos|flinch\n|move|p2a: Agott|Psychic Noise|p1b: Terapagos\n|-damage|p1b: Terapagos|73/100\n|-start|p1b: Terapagos|move: Heal Block\n|\n|upkeep\n|turn|2\n|inactive|NorthGDH has 30 seconds left.\n|inactive|NorthGDH has 20 seconds left.\n|\n|t:|1773705875\n|move|p1a: Flutter Mane|Moonblast|p2a: Agott\n|-damage|p2a: Agott|60/100\n|move|p1b: Terapagos|Calm Mind|p1b: Terapagos\n|-boost|p1b: Terapagos|spa|1\n|-boost|p1b: Terapagos|spd|1\n|move|p2b: Incineroar|Knock Off|p1b: Terapagos\n|-damage|p1b: Terapagos|45/100\n|-enditem|p1b: Terapagos|Leftovers|[from] move: Knock Off|[of] p2b: Incineroar\n|move|p2a: Agott|Psychic Noise|p1b: Terapagos\n|-damage|p1b: Terapagos|30/100\n|\n|-end|p1b: Terapagos|move: Heal Block\n|upkeep\n|turn|3\n|\n|t:|1773705899\n|-terastallize|p1b: Terapagos|Stellar\n|detailschange|p1b: Terapagos|Terapagos-Stellar, L50, M, tera:Stellar\n|-heal|p1b: Terapagos|48/100|[silent]\n|move|p1a: Flutter Mane|Moonblast|p2b: Incineroar\n|-damage|p2b: Incineroar|66/100\n|move|p1b: Terapagos|Tera Starstorm|p2b: Incineroar|[spread] p2a,p2b\n|-damage|p2a: Agott|8/100\n|-damage|p2b: Incineroar|20/100\n|move|p2b: Incineroar|Parting Shot|p1a: Flutter Mane\n|-unboost|p1a: Flutter Mane|atk|1\n|-unboost|p1a: Flutter Mane|spa|1\n|\n|t:|1773705909\n|switch|p2b: Coco|Miraidon, L50|100/100|[from] Parting Shot\n|-fieldstart|move: Electric Terrain|[from] ability: Hadron Engine|[of] p2b: Coco\n|move|p2a: Agott|Psychic Noise|p1b: Terapagos\n|-damage|p1b: Terapagos|35/100\n|-start|p1b: Terapagos|move: Heal Block\n|\n|-end|p2a: Agott|move: Taunt\n|upkeep\n|turn|4\n|\n|t:|1773705929\n|-terastallize|p2b: Coco|Electric\n|move|p2a: Agott|Helping Hand|p2b: Coco\n|-singleturn|p2b: Coco|Helping Hand|[of] p2a: Agott\n|move|p1b: Terapagos|Protect|p1b: Terapagos\n|-singleturn|p1b: Terapagos|Protect\n|move|p1a: Flutter Mane|Icy Wind|p2b: Coco|[spread] p2a,p2b\n|-damage|p2a: Agott|0 fnt\n|-damage|p2b: Coco|95/100\n|-unboost|p2b: Coco|spe|1\n|faint|p2a: Agott\n|move|p2b: Coco|Volt Switch|p1b: Terapagos\n|-activate|p1b: Terapagos|move: Protect\n|\n|-end|p1b: Terapagos|move: Heal Block\n|upkeep\n|\n|t:|1773705937\n|switch|p2a: Richeh|Ursaluna, L50, F|100/100\n|turn|5\n|\n|t:|1773705948\n|switch|p2a: Incineroar|Incineroar, L50, F, shiny|20/100\n|-ability|p2a: Incineroar|Intimidate|boost\n|-unboost|p1a: Flutter Mane|atk|1\n|-unboost|p1b: Terapagos|atk|1\n|move|p1a: Flutter Mane|Icy Wind|p2b: Coco|[spread] p2a,p2b\n|-resisted|p2a: Incineroar\n|-damage|p2a: Incineroar|17/100\n|-damage|p2b: Coco|91/100\n|-unboost|p2a: Incineroar|spe|1\n|-unboost|p2b: Coco|spe|1\n|move|p1b: Terapagos|Tera Starstorm|p2a: Incineroar|[spread] p2a,p2b\n|-supereffective|p2b: Coco\n|-damage|p2a: Incineroar|0 fnt\n|-damage|p2b: Coco|34/100\n|faint|p2a: Incineroar\n|move|p2b: Coco|Volt Switch|p1a: Flutter Mane\n|-damage|p1a: Flutter Mane|25/100\n|\n|t:|1773705952\n|switch|p2b: Richeh|Ursaluna, L50, F|100/100|[from] Volt Switch\n|\n|-status|p2b: Richeh|brn|[from] item: Flame Orb\n|upkeep\n|\n|t:|1773705953\n|switch|p2a: Coco|Miraidon, L50, tera:Electric|34/100\n|-activate|p2a: Coco|ability: Hadron Engine\n|turn|6\n|-message|NorthGDH forfeited.\n|\n|win|eye-zitt\n|raw|eye-zitt's rating: 1248 &rarr; <strong>1277</strong><br />(+29 for winning)\n|raw|NorthGDH's rating: 1307 &rarr; <strong>1284</strong><br />(-23 for losing)\n|l|\u2606NorthGDH\n|player|p2|\n","uploadtime":1773705966,"views":11,"formatid":"gen9vgc2026regi","rating":1277,"private":0,"password":null}