{"id":"gen9vgc2026regi-2556323710","format":"[Gen 9] VGC 2026 Reg I","players":["sukibai","ArisHazard"],"log":"|j|\u2606sukibai\n|j|\u2606ArisHazard\n|t:|1773190236\n|gametype|doubles\n|player|p1|sukibai|pokemaniac|1490\n|player|p2|ArisHazard|169|1396\n|gen|9\n|tier|[Gen 9] VGC 2026 Reg I\n|rated|\n|rule|Species Clause: Limit one of each Pok\u00e9mon\n|rule|Item Clause: Limit 1 of each item\n|clearpoke\n|poke|p1|Calyrex-Shadow, L50|\n|poke|p1|Terapagos, L50, M|\n|poke|p1|Urshifu-*, L50, F|\n|poke|p1|Tornadus, L50, M|\n|poke|p1|Annihilape, L50, M|\n|poke|p1|Landorus, L50, M|\n|poke|p2|Calyrex-Ice, L50|\n|poke|p2|Urshifu-*, L50, F|\n|poke|p2|Miraidon, L50|\n|poke|p2|Tornadus, L50, M|\n|poke|p2|Sableye, L50, M|\n|poke|p2|Ting-Lu, L50|\n|teampreview|4\n|\n|t:|1773190288\n|teamsize|p1|4\n|teamsize|p2|4\n|start\n|switch|p1a: Annihilape|Annihilape, L50, M|100/100\n|switch|p1b: Tornadus|Tornadus, L50, M|100/100\n|switch|p2a: Miraidon|Miraidon, L50|100/100\n|switch|p2b: Tornadus|Tornadus, L50, M|100/100\n|-fieldstart|move: Electric Terrain|[from] ability: Hadron Engine|[of] p2a: Miraidon\n|turn|1\n|inactive|Battle timer is ON: inactive players will automatically lose when time's up. (requested by ArisHazard)\n|inactive|sukibai has 60 seconds left.\n|\n|t:|1773190346\n|switch|p2a: Sableye|Sableye, L50, M|100/100\n|-terastallize|p1a: Annihilape|Ground\n|move|p1b: Tornadus|Protect|p1b: Tornadus\n|-singleturn|p1b: Tornadus|Protect\n|move|p1a: Annihilape|Final Gambit|p2a: Sableye\n|-immune|p2a: Sableye\n|move|p2b: Tornadus|Bleakwind Storm|p1a: Annihilape|[spread] p1a\n|-activate|p1b: Tornadus|move: Protect\n|-damage|p1a: Annihilape|73/100\n|\n|upkeep\n|turn|2\n|\n|t:|1773190369\n|move|p2b: Tornadus|Tailwind|p2b: Tornadus\n|-sidestart|p2: ArisHazard|move: Tailwind\n|move|p2a: Sableye|Disable|p1a: Annihilape\n|-start|p1a: Annihilape|Disable|Final Gambit\n|move|p1a: Annihilape|Rage Fist|p2a: Sableye\n|-damage|p2a: Sableye|56/100\n|move|p1b: Tornadus|Bleakwind Storm|p2a: Sableye|[spread] p2b\n|-miss|p1b: Tornadus|p2a: Sableye\n|-damage|p2b: Tornadus|63/100\n|\n|upkeep\n|turn|3\n|inactive|ArisHazard has 30 seconds left.\n|\n|t:|1773190397\n|move|p2a: Sableye|Protect|p2a: Sableye\n|-singleturn|p2a: Sableye|Protect\n|move|p1b: Tornadus|Tailwind|p1b: Tornadus\n|-sidestart|p1: sukibai|move: Tailwind\n|move|p1a: Annihilape|Rage Fist|p2a: Sableye\n|-activate|p2a: Sableye|move: Protect\n|move|p2b: Tornadus|Bleakwind Storm|p1b: Tornadus|[spread] p1a,p1b\n|-damage|p1a: Annihilape|41/100\n|-damage|p1b: Tornadus|64/100\n|-enditem|p1a: Annihilape|Sitrus Berry|[eat]\n|-heal|p1a: Annihilape|65/100|[from] item: Sitrus Berry\n|\n|upkeep\n|turn|4\n|\n|t:|1773190422\n|-terastallize|p2a: Sableye|Normal\n|move|p2a: Sableye|Encore|p1b: Tornadus\n|-start|p1b: Tornadus|Encore\n|move|p1a: Annihilape|Rage Fist|p2a: Sableye\n|-immune|p2a: Sableye\n|move|p2b: Tornadus|Bleakwind Storm|p1b: Tornadus|[spread] p1a,p1b\n|-damage|p1a: Annihilape|33/100\n|-damage|p1b: Tornadus|28/100\n|move|p1b: Tornadus|Tailwind||[still]\n|-fail|p1b: Tornadus\n|\n|upkeep\n|turn|5\n|inactive|sukibai has 30 seconds left.\n|\n|t:|1773190461\n|switch|p1b: Calyrex|Calyrex-Shadow, L50|100/100\n|-ability|p1b: Calyrex|As One\n|-ability|p1b: Calyrex|Unnerve\n|move|p1a: Annihilape|Close Combat|p2a: Sableye\n|-supereffective|p2a: Sableye\n|-damage|p2a: Sableye|0 fnt\n|-unboost|p1a: Annihilape|def|1\n|-unboost|p1a: Annihilape|spd|1\n|faint|p2a: Sableye\n|move|p2b: Tornadus|Bleakwind Storm|p1b: Calyrex|[spread] p1b\n|-miss|p2b: Tornadus|p1a: Annihilape\n|-damage|p1b: Calyrex|67/100\n|\n|-end|p1a: Annihilape|Disable\n|-sideend|p2: ArisHazard|move: Tailwind\n|-fieldend|move: Electric Terrain\n|upkeep\n|\n|t:|1773190480\n|switch|p2a: Miraidon|Miraidon, L50|100/100\n|-fieldstart|move: Electric Terrain|[from] ability: Hadron Engine|[of] p2a: Miraidon\n|turn|6\n|inactive|sukibai has 30 seconds left.\n|\n|t:|1773190505\n|move|p1b: Calyrex|Protect|p1b: Calyrex\n|-singleturn|p1b: Calyrex|Protect\n|move|p2b: Tornadus|Tailwind|p2b: Tornadus\n|-sidestart|p2: ArisHazard|move: Tailwind\n|move|p2a: Miraidon|Draco Meteor|p1a: Annihilape\n|-damage|p1a: Annihilape|0 fnt\n|-unboost|p2a: Miraidon|spa|2\n|faint|p1a: Annihilape\n|\n|-sideend|p1: sukibai|move: Tailwind\n|upkeep\n|\n|t:|1773190518\n|switch|p1a: Terapagos|Terapagos, L50, M|100/100\n|-activate|p1a: Terapagos|ability: Tera Shift\n|detailschange|p1a: Terapagos|Terapagos-Terastal, L50, M\n|-heal|p1a: Terapagos|100/100|[silent]\n|turn|7\n|\n|t:|1773190529\n|move|p2b: Tornadus|Tailwind||[still]\n|-fail|p2b: Tornadus\n|move|p2a: Miraidon|Snarl|p1a: Terapagos|[spread] p1a,p1b\n|-activate|p1a: Terapagos|ability: Tera Shell\n|-resisted|p1a: Terapagos\n|-supereffective|p1b: Calyrex\n|-damage|p1a: Terapagos|96/100\n|-damage|p1b: Calyrex|30/100\n|-unboost|p1a: Terapagos|spa|1\n|-unboost|p1b: Calyrex|spa|1\n|move|p1b: Calyrex|Astral Barrage|p2a: Miraidon|[spread] p2a,p2b\n|-damage|p2a: Miraidon|77/100\n|-damage|p2b: Tornadus|17/100\n|move|p1a: Terapagos|Tera Starstorm|p2a: Miraidon\n|-damage|p2a: Miraidon|44/100\n|\n|upkeep\n|turn|8\n|inactive|sukibai has 30 seconds left.\n|\n|t:|1773190555\n|switch|p1b: Tornadus|Tornadus, L50, M|28/100\n|move|p2a: Miraidon|Volt Switch|p1a: Terapagos\n|-damage|p1a: Terapagos|69/100\n|\n|t:|1773190562\n|switch|p2a: Calyrex|Calyrex-Ice, L50|100/100|[from] Volt Switch\n|-ability|p2a: Calyrex|As One\n|-ability|p2a: Calyrex|Unnerve\n|move|p2b: Tornadus|Bleakwind Storm|p1a: Terapagos|[spread] p1a,p1b\n|-damage|p1a: Terapagos|38/100\n|-damage|p1b: Tornadus|0 fnt\n|faint|p1b: Tornadus\n|move|p1a: Terapagos|Tera Starstorm|p2a: Calyrex\n|-damage|p2a: Calyrex|61/100\n|\n|upkeep\n|\n|t:|1773190567\n|switch|p1b: Calyrex|Calyrex-Shadow, L50|30/100\n|-ability|p1b: Calyrex|As One\n|-ability|p1b: Calyrex|Unnerve\n|turn|9\n|\n|t:|1773190584\n|move|p2b: Tornadus|Bleakwind Storm|p1a: Terapagos|[spread] p1a,p1b\n|-damage|p1a: Terapagos|6/100\n|-damage|p1b: Calyrex|0 fnt\n|-unboost|p1a: Terapagos|spe|1\n|faint|p1b: Calyrex\n|move|p2a: Calyrex|Glacial Lance|p1a: Terapagos\n|-damage|p1a: Terapagos|0 fnt\n|faint|p1a: Terapagos\n|\n|win|ArisHazard\n|raw|sukibai's rating: 1490 &rarr; <strong>1465</strong><br />(-25 for losing)\n|raw|ArisHazard's rating: 1396 &rarr; <strong>1421</strong><br />(+25 for winning)\n|l|\u2606sukibai\n|player|p1|\n|l|\u2606ArisHazard\n|player|p2|\n","uploadtime":1773190746,"views":12,"formatid":"gen9vgc2026regi","rating":1421,"private":0,"password":null}