{"id":"gen9vgc2026regi-2553990707","format":"[Gen 9] VGC 2026 Reg I","players":["kcastro","wasaad5"],"log":"|j|\u2606kcastro\n|j|\u2606wasaad5\n|t:|1772907760\n|gametype|doubles\n|player|p1|kcastro|pokemaniac|1087\n|player|p2|wasaad5|blue|1204\n|gen|9\n|tier|[Gen 9] VGC 2026 Reg I\n|rated|\n|rule|Species Clause: Limit one of each Pok\u00e9mon\n|rule|Item Clause: Limit 1 of each item\n|clearpoke\n|poke|p1|Krookodile, L50, F|\n|poke|p1|Whimsicott, L50, F|\n|poke|p1|Indeedee-F, L50, F|\n|poke|p1|Calyrex, L50|\n|poke|p1|Cosmoem, L50|\n|poke|p1|Blastoise, L50, M|\n|poke|p2|Kyurem-White, L50|\n|poke|p2|Zacian-*, L50|\n|poke|p2|Sableye, L50, M|\n|poke|p2|Urshifu-*, L50, F|\n|poke|p2|Amoonguss, L50, F|\n|poke|p2|Incineroar, L50, F|\n|teampreview|4\n|inactive|Battle timer is ON: inactive players will automatically lose when time's up. (requested by kcastro)\n|\n|t:|1772907793\n|teamsize|p1|4\n|teamsize|p2|4\n|start\n|switch|p1a: Whimsicott|Whimsicott, L50, F|100/100\n|switch|p1b: Blastoise|Blastoise, L50, M|100/100\n|switch|p2a: Kyurem|Kyurem-White, L50, shiny|100/100\n|switch|p2b: Incineroar|Incineroar, L50, F|100/100\n|-ability|p2a: Kyurem|Turboblaze\n|-ability|p2b: Incineroar|Intimidate|boost\n|-unboost|p1a: Whimsicott|atk|1\n|-unboost|p1b: Blastoise|atk|1\n|turn|1\n|inactive|wasaad5 has 30 seconds left.\n|\n|t:|1772907831\n|move|p1b: Blastoise|Fake Out|p2a: Kyurem\n|-damage|p2a: Kyurem|96/100\n|move|p2b: Incineroar|Fake Out|p1b: Blastoise\n|-damage|p1b: Blastoise|90/100\n|move|p1a: Whimsicott|Tailwind|p1a: Whimsicott\n|-sidestart|p1: kcastro|move: Tailwind\n|cant|p2a: Kyurem|flinch\n|\n|upkeep\n|turn|2\n|inactive|kcastro has 30 seconds left.\n|\n|t:|1772907856\n|switch|p2b: Zacian|Zacian-Crowned, L50|100/100\n|-ability|p2b: Zacian|Intrepid Sword|boost\n|-boost|p2b: Zacian|atk|1\n|-terastallize|p1b: Blastoise|Water\n|move|p1a: Whimsicott|Encore||[still]\n|-fail|p1a: Whimsicott\n|move|p1b: Blastoise|Water Spout|p2b: Zacian|[spread] p2a,p2b\n|-resisted|p2a: Kyurem\n|-damage|p2a: Kyurem|81/100\n|-damage|p2b: Zacian|43/100\n|move|p2a: Kyurem|Freeze-Dry|p1b: Blastoise\n|-supereffective|p1b: Blastoise\n|-crit|p1b: Blastoise\n|-damage|p1b: Blastoise|11/100\n|\n|upkeep\n|turn|3\n|inactive|kcastro has 30 seconds left.\n|\n|t:|1772907883\n|move|p2b: Zacian|Protect|p2b: Zacian\n|-singleturn|p2b: Zacian|Protect\n|move|p1a: Whimsicott|Moonblast|p2a: Kyurem\n|-supereffective|p2a: Kyurem\n|-damage|p2a: Kyurem|44/100\n|move|p1b: Blastoise|Surf|p2a: Kyurem|[spread] p1a,p2a\n|-activate|p2b: Zacian|move: Protect\n|-resisted|p1a: Whimsicott\n|-resisted|p2a: Kyurem\n|-damage|p1a: Whimsicott|61/100\n|-damage|p2a: Kyurem|29/100\n|move|p2a: Kyurem|Freeze-Dry|p1b: Blastoise\n|-supereffective|p1b: Blastoise\n|-damage|p1b: Blastoise|0 fnt\n|faint|p1b: Blastoise\n|\n|upkeep\n|\n|t:|1772907900\n|switch|p1b: Krookodile|Krookodile, L50, F|100/100\n|-ability|p1b: Krookodile|Intimidate|boost\n|-unboost|p2a: Kyurem|atk|1\n|-unboost|p2b: Zacian|atk|1\n|turn|4\n|\n|t:|1772907920\n|switch|p2b: Incineroar|Incineroar, L50, F|100/100\n|-ability|p2b: Incineroar|Intimidate|boost\n|-unboost|p1a: Whimsicott|atk|1\n|-unboost|p1b: Krookodile|atk|1\n|move|p1a: Whimsicott|Encore|p2b: Incineroar\n|-hint|Since gen 7, Dark is immune to Prankster moves.\n|-immune|p2b: Incineroar\n|move|p1b: Krookodile|Earthquake|p2b: Incineroar|[spread] p1a,p2a,p2b\n|-resisted|p1a: Whimsicott\n|-supereffective|p2b: Incineroar\n|-damage|p1a: Whimsicott|43/100\n|-damage|p2a: Kyurem|7/100\n|-damage|p2b: Incineroar|46/100\n|move|p2a: Kyurem|Blizzard|p1b: Krookodile|[spread] \n|-miss|p2a: Kyurem|p1a: Whimsicott\n|-miss|p2a: Kyurem|p1b: Krookodile\n|\n|-sideend|p1: kcastro|move: Tailwind\n|upkeep\n|turn|5\n|\n|t:|1772907944\n|move|p2b: Incineroar|Fake Out|p1b: Krookodile\n|-damage|p1b: Krookodile|88/100\n|move|p1a: Whimsicott|Tailwind|p1a: Whimsicott\n|-sidestart|p1: kcastro|move: Tailwind\n|cant|p1b: Krookodile|flinch\n|move|p2a: Kyurem|Blizzard|p1a: Whimsicott|[spread] p1b\n|-miss|p2a: Kyurem|p1a: Whimsicott\n|-supereffective|p1b: Krookodile\n|-damage|p1b: Krookodile|0 fnt\n|faint|p1b: Krookodile\n|\n|upkeep\n|\n|t:|1772907955\n|switch|p1b: Indeedee|Indeedee-F, L50, F|100/100\n|-fieldstart|move: Psychic Terrain|[from] ability: Psychic Surge|[of] p1b: Indeedee\n|-enditem|p1b: Indeedee|Psychic Seed\n|-boost|p1b: Indeedee|spd|1|[from] item: Psychic Seed\n|turn|6\n|\n|t:|1772907976\n|move|p1a: Whimsicott|Moonblast|p2b: Incineroar\n|-damage|p2b: Incineroar|16/100\n|-unboost|p2b: Incineroar|spa|1\n|move|p1b: Indeedee|Psychic|p2a: Kyurem\n|-damage|p2a: Kyurem|0 fnt\n|faint|p2a: Kyurem\n|move|p2b: Incineroar|Knock Off|p1b: Indeedee\n|-supereffective|p1b: Indeedee\n|-damage|p1b: Indeedee|46/100\n|\n|upkeep\n|\n|t:|1772907988\n|switch|p2a: Zacian|Zacian-Crowned, L50|43/100\n|turn|7\n|inactive|kcastro has 30 seconds left.\n|\n|t:|1772908019\n|move|p2a: Zacian|Protect|p2a: Zacian\n|-singleturn|p2a: Zacian|Protect\n|move|p1b: Indeedee|Follow Me|p1b: Indeedee\n|-singleturn|p1b: Indeedee|move: Follow Me\n|move|p1a: Whimsicott|Moonblast|p2b: Incineroar\n|-damage|p2b: Incineroar|0 fnt\n|faint|p2b: Incineroar\n|\n|upkeep\n|\n|t:|1772908024\n|switch|p2b: Sableye|Sableye, L50, M|100/100\n|turn|8\n|\n|t:|1772908040\n|-terastallize|p2a: Zacian|Ground\n|move|p1b: Indeedee|Helping Hand|p1a: Whimsicott\n|-singleturn|p1a: Whimsicott|Helping Hand|[of] p1b: Indeedee\n|move|p2b: Sableye|Rain Dance|p2b: Sableye\n|-weather|RainDance\n|move|p1a: Whimsicott|Moonblast|p2a: Zacian\n|-damage|p2a: Zacian|0 fnt\n|faint|p2a: Zacian\n|\n|-weather|RainDance|[upkeep]\n|-sideend|p1: kcastro|move: Tailwind\n|upkeep\n|turn|9\n|-message|wasaad5 forfeited.\n|\n|win|kcastro\n|raw|kcastro's rating: 1087 &rarr; <strong>1123</strong><br />(+36 for winning)\n|raw|wasaad5's rating: 1204 &rarr; <strong>1171</strong><br />(-33 for losing)\n|l|\u2606wasaad5\n|player|p2|\n|l|\u2606kcastro\n|player|p1|\n","uploadtime":1772908261,"views":13,"formatid":"gen9vgc2026regi","rating":1123,"private":0,"password":null}