{"id":"gen9vgc2026regi-2530542134","format":"[Gen 9] VGC 2026 Reg I","players":["liontian","lilcardscammer"],"log":"|j|\u2606liontian\n|j|\u2606lilcardscammer\n|t:|1769935547\n|gametype|doubles\n|player|p1|liontian|selene-masters2|1327\n|player|p2|lilcardscammer|waitress-gen4|1308\n|gen|9\n|tier|[Gen 9] VGC 2026 Reg I\n|rated|\n|rule|Species Clause: Limit one of each Pok\u00e9mon\n|rule|Item Clause: Limit 1 of each item\n|clearpoke\n|poke|p1|Calyrex-Ice, L50|\n|poke|p1|Lunala, L50|\n|poke|p1|Indeedee-F, L50, F|\n|poke|p1|Torkoal, L50, M|\n|poke|p1|Tornadus, L50, M|\n|poke|p1|Amoonguss, L50, M|\n|poke|p2|Lunala, L50|\n|poke|p2|Miraidon, L50|\n|poke|p2|Whimsicott, L50, M|\n|poke|p2|Incineroar, L50, M|\n|poke|p2|Ursaluna, L50, M|\n|poke|p2|Urshifu-*, L50, M|\n|teampreview|4\n|inactive|Battle timer is ON: inactive players will automatically lose when time's up. (requested by lilcardscammer)\n|inactive|liontian also wants the timer to be on.\n|\n|t:|1769935577\n|teamsize|p1|4\n|teamsize|p2|4\n|start\n|switch|p1a: Lunala|Lunala, L50|100/100\n|switch|p1b: Indeedee|Indeedee-F, L50, F|100/100\n|switch|p2a: GET DOWN!!|Incineroar, L50, M|100/100\n|switch|p2b: it spun|Lunala, L50, shiny|100/100\n|-ability|p2a: GET DOWN!!|Intimidate|boost\n|-unboost|p1a: Lunala|atk|1\n|-unboost|p1b: Indeedee|atk|1\n|-fieldstart|move: Psychic Terrain|[from] ability: Psychic Surge|[of] p1b: Indeedee\n|turn|1\n|\n|t:|1769935600\n|-terastallize|p2b: it spun|Fairy\n|move|p2b: it spun|Moonblast|p1a: Lunala\n|-damage|p1a: Lunala|82/100\n|-unboost|p1a: Lunala|spa|1\n|move|p2a: GET DOWN!!|Knock Off|p1a: Lunala\n|-supereffective|p1a: Lunala\n|-damage|p1a: Lunala|0 fnt\n|-enditem|p1a: Lunala|Power Herb|[from] move: Knock Off|[of] p2a: GET DOWN!!\n|faint|p1a: Lunala\n|move|p1b: Indeedee|Trick Room|p1b: Indeedee\n|-fieldstart|move: Trick Room|[of] p1b: Indeedee\n|\n|upkeep\n|\n|t:|1769935609\n|switch|p1a: Calyrex|Calyrex-Ice, L50|100/100\n|-ability|p1a: Calyrex|As One\n|-ability|p1a: Calyrex|Unnerve\n|turn|2\n|\n|t:|1769935622\n|-terastallize|p1a: Calyrex|Dark\n|move|p2b: it spun|Wide Guard|p2b: it spun\n|-singleturn|p2b: it spun|Wide Guard\n|move|p1b: Indeedee|Follow Me|p1b: Indeedee\n|-singleturn|p1b: Indeedee|move: Follow Me\n|move|p1a: Calyrex|Glacial Lance|p2b: it spun|[spread] \n|-activate|p2a: GET DOWN!!|move: Wide Guard\n|-activate|p2b: it spun|move: Wide Guard\n|move|p2a: GET DOWN!!|Knock Off|p1b: Indeedee\n|-supereffective|p1b: Indeedee\n|-enditem|p1b: Indeedee|Focus Sash\n|-damage|p1b: Indeedee|1/100\n|\n|upkeep\n|turn|3\n|inactive|liontian has 30 seconds left.\n|\n|t:|1769935649\n|move|p1b: Indeedee|Follow Me|p1b: Indeedee\n|-singleturn|p1b: Indeedee|move: Follow Me\n|move|p1a: Calyrex|Glacial Lance|p2b: it spun|[spread] p2a,p2b\n|-resisted|p2a: GET DOWN!!\n|-damage|p2a: GET DOWN!!|69/100\n|-damage|p2b: it spun|80/100\n|move|p2a: GET DOWN!!|Knock Off|p1b: Indeedee\n|-supereffective|p1b: Indeedee\n|-damage|p1b: Indeedee|0 fnt\n|faint|p1b: Indeedee\n|move|p2b: it spun|Moonblast|p1a: Calyrex\n|-supereffective|p1a: Calyrex\n|-damage|p1a: Calyrex|34/100\n|\n|upkeep\n|\n|t:|1769935653\n|switch|p1b: Torkoal|Torkoal, L50, M|100/100\n|-weather|SunnyDay|[from] ability: Drought|[of] p1b: Torkoal\n|turn|4\n|\n|t:|1769935663\n|move|p2b: it spun|Wide Guard|p2b: it spun\n|-singleturn|p2b: it spun|Wide Guard\n|move|p1b: Torkoal|Eruption|p2a: GET DOWN!!|[spread] \n|-activate|p2a: GET DOWN!!|move: Wide Guard\n|-activate|p2b: it spun|move: Wide Guard\n|move|p1a: Calyrex|Glacial Lance|p2a: GET DOWN!!|[spread] \n|-activate|p2a: GET DOWN!!|move: Wide Guard\n|-activate|p2b: it spun|move: Wide Guard\n|move|p2a: GET DOWN!!|Will-O-Wisp|p1a: Calyrex\n|-status|p1a: Calyrex|brn\n|\n|-weather|SunnyDay|[upkeep]\n|-damage|p1a: Calyrex|28/100 brn|[from] brn\n|upkeep\n|turn|5\n|-message|liontian forfeited.\n|\n|win|lilcardscammer\n|raw|liontian's rating: 1327 &rarr; <strong>1306</strong><br />(-21 for losing)\n|raw|lilcardscammer's rating: 1308 &rarr; <strong>1329</strong><br />(+21 for winning)\n|l|\u2606liontian\n|player|p1|\n","uploadtime":1769935698,"views":18,"formatid":"gen9vgc2026regi","rating":1306,"private":0,"password":null}