{"id":"gen9vgc2026regi-2589730250","format":"[Gen 9] VGC 2026 Reg I","players":["pigduckeater","swordsdanceurshifu"],"log":"|j|\u2606pigduckeater\n|j|\u2606swordsdanceurshifu\n|t:|1776752915\n|gametype|doubles\n|player|p1|pigduckeater|102|1583\n|player|p2|swordsdanceurshifu|169|1522\n|gen|9\n|tier|[Gen 9] VGC 2026 Reg I\n|rated|\n|rule|Species Clause: Limit one of each Pok\u00e9mon\n|rule|Item Clause: Limit 1 of each item\n|clearpoke\n|poke|p1|Miraidon, L50|\n|poke|p1|Calyrex-Shadow, L50|\n|poke|p1|Volbeat, L50, M|\n|poke|p1|Wo-Chien, L50|\n|poke|p1|Incineroar, L50, F|\n|poke|p1|Urshifu-*, L50, F|\n|poke|p2|Iron Bundle, L50|\n|poke|p2|Farigiraf, L50, F|\n|poke|p2|Calyrex-Ice, L50|\n|poke|p2|Miraidon, L50|\n|poke|p2|Iron Hands, L50|\n|poke|p2|Annihilape, L50, M|\n|teampreview|4\n|inactive|Battle timer is ON: inactive players will automatically lose when time's up. (requested by swordsdanceurshifu)\n|inactive|pigduckeater has 60 seconds left.\n|inactive|swordsdanceurshifu has 60 seconds left.\n|\n|t:|1776752974\n|teamsize|p1|4\n|teamsize|p2|4\n|start\n|switch|p1a: Miraidon|Miraidon, L50|100/100\n|switch|p1b: Wo-Chien|Wo-Chien, L50|100/100\n|switch|p2a: Farigiraf|Farigiraf, L50, F|100/100\n|switch|p2b: Miraidon|Miraidon, L50|100/100\n|-fieldstart|move: Electric Terrain|[from] ability: Hadron Engine|[of] p2b: Miraidon\n|-enditem|p1b: Wo-Chien|Electric Seed\n|-boost|p1b: Wo-Chien|def|1|[from] item: Electric Seed\n|-enditem|p2a: Farigiraf|Electric Seed\n|-boost|p2a: Farigiraf|def|1|[from] item: Electric Seed\n|-activate|p1a: Miraidon|ability: Hadron Engine\n|-ability|p1b: Wo-Chien|Tablets of Ruin\n|turn|1\n|inactive|swordsdanceurshifu has 30 seconds left.\n|\n|t:|1776753007\n|move|p1b: Wo-Chien|Protect|p1b: Wo-Chien\n|-singleturn|p1b: Wo-Chien|Protect\n|move|p2b: Miraidon|Volt Switch|p1a: Miraidon\n|-resisted|p1a: Miraidon\n|-damage|p1a: Miraidon|89/100\n|-damage|p2b: Miraidon|91/100|[from] item: Life Orb\n|\n|t:|1776753016\n|switch|p2b: Calyrex|Calyrex-Ice, L50|100/100|[from] Volt Switch\n|-ability|p2b: Calyrex|As One\n|-ability|p2b: Calyrex|Unnerve\n|move|p1a: Miraidon|Snarl|p2b: Calyrex|[spread] p2a,p2b\n|-supereffective|p2a: Farigiraf\n|-supereffective|p2b: Calyrex\n|-damage|p2a: Farigiraf|67/100\n|-damage|p2b: Calyrex|76/100\n|-unboost|p2a: Farigiraf|spa|1\n|-unboost|p2b: Calyrex|spa|1\n|move|p2a: Farigiraf|Trick Room|p2a: Farigiraf\n|-fieldstart|move: Trick Room|[of] p2a: Farigiraf\n|\n|-heal|p2b: Calyrex|82/100|[from] item: Leftovers\n|upkeep\n|turn|2\n|\n|t:|1776753041\n|switch|p1a: Incineroar|Incineroar, L50, F|100/100\n|-ability|p1a: Incineroar|Intimidate|boost\n|-unboost|p2a: Farigiraf|atk|1\n|-unboost|p2b: Calyrex|atk|1\n|-terastallize|p2b: Calyrex|Fairy\n|move|p2b: Calyrex|Glacial Lance|p1b: Wo-Chien|[spread] p1a,p1b\n|-resisted|p1a: Incineroar\n|-supereffective|p1b: Wo-Chien\n|-damage|p1a: Incineroar|91/100\n|-damage|p1b: Wo-Chien|75/100\n|move|p2a: Farigiraf|Foul Play|p1a: Incineroar\n|-resisted|p1a: Incineroar\n|-damage|p1a: Incineroar|84/100\n|-damage|p2a: Farigiraf|50/100|[from] item: Rocky Helmet|[of] p1a: Incineroar\n|move|p1b: Wo-Chien|Leech Seed|p2b: Calyrex|[miss]\n|-miss|p1b: Wo-Chien|p2b: Calyrex\n|\n|-heal|p2b: Calyrex|88/100|[from] item: Leftovers\n|upkeep\n|turn|3\n|\n|t:|1776753064\n|move|p2b: Calyrex|Protect|p2b: Calyrex\n|-singleturn|p2b: Calyrex|Protect\n|move|p1a: Incineroar|Knock Off|p2a: Farigiraf\n|-supereffective|p2a: Farigiraf\n|-damage|p2a: Farigiraf|30/100\n|move|p1b: Wo-Chien|Leech Seed|p2b: Calyrex\n|-activate|p2b: Calyrex|move: Protect\n|move|p2a: Farigiraf|Roar|p1b: Wo-Chien\n|drag|p1b: Calyrex|Calyrex-Shadow, L50|100/100\n|-ability|p1b: Calyrex|As One\n|-ability|p1b: Calyrex|Unnerve\n|\n|-heal|p2b: Calyrex|94/100|[from] item: Leftovers\n|upkeep\n|turn|4\n|inactive|pigduckeater has 30 seconds left.\n|\n|t:|1776753091\n|switch|p2a: Iron Hands|Iron Hands, L50|100/100\n|-activate|p2a: Iron Hands|ability: Quark Drive\n|-start|p2a: Iron Hands|quarkdriveatk\n|move|p1b: Calyrex|Protect|p1b: Calyrex\n|-singleturn|p1b: Calyrex|Protect\n|move|p1a: Incineroar|Knock Off|p2a: Iron Hands\n|-resisted|p2a: Iron Hands\n|-damage|p2a: Iron Hands|88/100\n|-enditem|p2a: Iron Hands|Assault Vest|[from] move: Knock Off|[of] p1a: Incineroar\n|move|p2b: Calyrex|Leech Seed|p1b: Calyrex\n|-activate|p1b: Calyrex|move: Protect\n|\n|-heal|p2b: Calyrex|99/100|[from] item: Leftovers\n|upkeep\n|turn|5\n|\n|t:|1776753109\n|switch|p1a: Wo-Chien|Wo-Chien, L50|75/100\n|-ability|p1a: Wo-Chien|Tablets of Ruin\n|move|p2a: Iron Hands|Low Kick|p1a: Wo-Chien\n|-supereffective|p1a: Wo-Chien\n|-damage|p1a: Wo-Chien|21/100\n|move|p2b: Calyrex|Leech Seed|p1b: Calyrex\n|-start|p1b: Calyrex|move: Leech Seed\n|move|p1b: Calyrex|Nasty Plot|p1b: Calyrex\n|-boost|p1b: Calyrex|spa|2\n|\n|-heal|p2b: Calyrex|100/100|[from] item: Leftovers\n|-damage|p1b: Calyrex|88/100|[from] Leech Seed|[of] p2b: Calyrex\n|-fieldend|move: Trick Room\n|-fieldend|move: Electric Terrain\n|-end|p2a: Iron Hands|Quark Drive\n|upkeep\n|turn|6\n|inactive|swordsdanceurshifu has 30 seconds left.\n|\n|t:|1776753138\n|-terastallize|p1b: Calyrex|Stellar\n|move|p1b: Calyrex|Tera Blast|p2b: Calyrex|[anim] Tera Blast Stellar\n|-supereffective|p2b: Calyrex\n|-damage|p2b: Calyrex|0 fnt\n|-unboost|p1b: Calyrex|atk|1\n|-unboost|p1b: Calyrex|spa|1\n|faint|p2b: Calyrex\n|-ability|p1b: Calyrex|Grim Neigh|boost\n|-boost|p1b: Calyrex|spa|1\n|move|p1a: Wo-Chien|Leech Seed|p2a: Iron Hands\n|-start|p2a: Iron Hands|move: Leech Seed\n|move|p2a: Iron Hands|Wild Charge|p1b: Calyrex\n|-damage|p1b: Calyrex|45/100\n|-damage|p2a: Iron Hands|80/100|[from] Recoil\n|\n|-damage|p2a: Iron Hands|68/100|[from] Leech Seed|[of] p1a: Wo-Chien\n|-heal|p1a: Wo-Chien|37/100|[silent]\n|upkeep\n|-message|swordsdanceurshifu forfeited.\n|\n|win|pigduckeater\n|raw|pigduckeater's rating: 1583 &rarr; <strong>1600</strong><br />(+17 for winning)\n|raw|swordsdanceurshifu's rating: 1522 &rarr; <strong>1505</strong><br />(-17 for losing)\n|l|\u2606swordsdanceurshifu\n|player|p2|\n|l|\u2606pigduckeater\n|player|p1|\n","uploadtime":1776753351,"views":15,"formatid":"gen9vgc2026regi","rating":1505,"private":0,"password":null}