{"id":"gen9vgc2026regi-2561748191","format":"[Gen 9] VGC 2026 Reg I","players":["mafiapony","slimeslatt252"],"log":"|j|\u2606mafiapony\n|j|\u2606slimeslatt252\n|t:|1773839847\n|gametype|doubles\n|player|p1|mafiapony|101|1308\n|player|p2|slimeslatt252|101|1382\n|gen|9\n|tier|[Gen 9] VGC 2026 Reg I\n|rated|\n|rule|Species Clause: Limit one of each Pok\u00e9mon\n|rule|Item Clause: Limit 1 of each item\n|clearpoke\n|poke|p1|Terapagos, L50, M|\n|poke|p1|Miraidon, L50|\n|poke|p1|Incineroar, L50, F|\n|poke|p1|Sinistcha, L50|\n|poke|p1|Whimsicott, L50, F|\n|poke|p1|Grimmsnarl, L50, M|\n|poke|p2|Calyrex-Shadow, L50|\n|poke|p2|Koraidon, L50|\n|poke|p2|Incineroar, L50, M|\n|poke|p2|Raging Bolt, L50|\n|poke|p2|Brute Bonnet, L50|\n|poke|p2|Landorus, L50, M|\n|teampreview|4\n|inactive|Battle timer is ON: inactive players will automatically lose when time's up. (requested by slimeslatt252)\n|inactive|mafiapony also wants the timer to be on.\n|inactive|slimeslatt252 has 60 seconds left.\n|\n|t:|1773839890\n|teamsize|p1|4\n|teamsize|p2|4\n|start\n|switch|p1a: Grimmsnarl|Grimmsnarl, L50, M|100/100\n|switch|p1b: Miraidon|Miraidon, L50|100/100\n|switch|p2a: Incineroar|Incineroar, L50, M|100/100\n|switch|p2b: Koraidon|Koraidon, L50|100/100\n|-weather|SunnyDay|[from] ability: Orichalcum Pulse|[of] p2b: Koraidon\n|-activate|p2b: Koraidon|Orichalcum Pulse|[source]\n|-fieldstart|move: Electric Terrain|[from] ability: Hadron Engine|[of] p1b: Miraidon\n|-ability|p2a: Incineroar|Intimidate|boost\n|-unboost|p1a: Grimmsnarl|atk|1\n|-unboost|p1b: Miraidon|atk|1\n|turn|1\n|inactive|slimeslatt252 has 30 seconds left.\n|\n|t:|1773839916\n|-terastallize|p2b: Koraidon|Fire\n|move|p2a: Incineroar|Fake Out|p1b: Miraidon\n|-damage|p1b: Miraidon|92/100\n|move|p1a: Grimmsnarl|Thunder Wave|p2b: Koraidon|[miss]\n|-miss|p1a: Grimmsnarl|p2b: Koraidon\n|move|p2b: Koraidon|Flame Charge|p1a: Grimmsnarl\n|-damage|p1a: Grimmsnarl|35/100\n|-boost|p2b: Koraidon|spe|1\n|cant|p1b: Miraidon|flinch\n|\n|-weather|SunnyDay|[upkeep]\n|upkeep\n|turn|2\n|\n|t:|1773839936\n|move|p2b: Koraidon|Protect|p2b: Koraidon\n|-singleturn|p2b: Koraidon|Protect\n|move|p1a: Grimmsnarl|Reflect|p1a: Grimmsnarl\n|-sidestart|p1: mafiapony|Reflect\n|move|p1b: Miraidon|Electro Drift|p2b: Koraidon\n|-activate|p2b: Koraidon|move: Protect\n|move|p2a: Incineroar|Knock Off|p1b: Miraidon\n|-crit|p1b: Miraidon\n|-damage|p1b: Miraidon|49/100\n|-enditem|p1b: Miraidon|Choice Specs|[from] move: Knock Off|[of] p2a: Incineroar\n|\n|-weather|SunnyDay|[upkeep]\n|upkeep\n|turn|3\n|inactive|mafiapony has 30 seconds left.\n|\n|t:|1773839969\n|switch|p2b: raging dingus|Raging Bolt, L50|100/100\n|-activate|p2b: raging dingus|ability: Protosynthesis\n|-start|p2b: raging dingus|protosynthesisspa\n|move|p1a: Grimmsnarl|Thunder Wave|p2b: raging dingus|[miss]\n|-miss|p1a: Grimmsnarl|p2b: raging dingus\n|move|p1b: Miraidon|Draco Meteor|p2b: raging dingus\n|-supereffective|p2b: raging dingus\n|-damage|p2b: raging dingus|0 fnt\n|-unboost|p1b: Miraidon|spa|2\n|faint|p2b: raging dingus\n|-end|p2b: raging dingus|Protosynthesis|[silent]\n|move|p2a: Incineroar|Parting Shot|p1b: Miraidon\n|-unboost|p1b: Miraidon|atk|1\n|-unboost|p1b: Miraidon|spa|1\n|\n|t:|1773839984\n|switch|p2a: Calyrex|Calyrex-Shadow, L50|100/100|[from] Parting Shot\n|-ability|p2a: Calyrex|As One\n|-ability|p2a: Calyrex|Unnerve\n|\n|-weather|SunnyDay|[upkeep]\n|upkeep\n|\n|t:|1773839986\n|switch|p2b: Incineroar|Incineroar, L50, M|100/100\n|-ability|p2b: Incineroar|Intimidate|boost\n|-unboost|p1a: Grimmsnarl|atk|1\n|-unboost|p1b: Miraidon|atk|1\n|turn|4\n|\n|t:|1773840005\n|move|p2b: Incineroar|Fake Out|p1a: Grimmsnarl\n|-damage|p1a: Grimmsnarl|29/100\n|cant|p1a: Grimmsnarl|flinch\n|move|p2a: Calyrex|Astral Barrage|p1b: Miraidon|[spread] p1a,p1b\n|-resisted|p1a: Grimmsnarl\n|-damage|p1a: Grimmsnarl|5/100\n|-damage|p1b: Miraidon|4/100\n|move|p1b: Miraidon|Volt Switch|p2a: Calyrex\n|-damage|p2a: Calyrex|73/100\n|\n|t:|1773840014\n|switch|p1b: Terapagos|Terapagos, L50, M|100/100|[from] Volt Switch\n|-activate|p1b: Terapagos|ability: Tera Shift\n|detailschange|p1b: Terapagos|Terapagos-Terastal, L50, M\n|-heal|p1b: Terapagos|100/100|[silent]\n|-enditem|p1b: Terapagos|Electric Seed\n|-boost|p1b: Terapagos|def|1|[from] item: Electric Seed\n|\n|-weather|SunnyDay|[upkeep]\n|upkeep\n|turn|5\n|inactive|mafiapony has 30 seconds left.\n|inactive|mafiapony has 20 seconds left.\n|inactive|slimeslatt252 has 30 seconds left.\n|\n|t:|1773840064\n|move|p1a: Grimmsnarl|Thunder Wave|p2a: Calyrex|[miss]\n|-miss|p1a: Grimmsnarl|p2a: Calyrex\n|move|p2a: Calyrex|Astral Barrage|p1b: Terapagos|[spread] p1a\n|-immune|p1b: Terapagos\n|-resisted|p1a: Grimmsnarl\n|-damage|p1a: Grimmsnarl|0 fnt\n|faint|p1a: Grimmsnarl\n|-ability|p2a: Calyrex|Grim Neigh|boost\n|-boost|p2a: Calyrex|spa|1\n|move|p1b: Terapagos|Calm Mind|p1b: Terapagos\n|-boost|p1b: Terapagos|spa|1\n|-boost|p1b: Terapagos|spd|1\n|move|p2b: Incineroar|Knock Off|p1b: Terapagos\n|-activate|p1b: Terapagos|ability: Tera Shell\n|-resisted|p1b: Terapagos\n|-damage|p1b: Terapagos|96/100\n|\n|-weather|none\n|-fieldend|move: Electric Terrain\n|upkeep\n|\n|t:|1773840073\n|switch|p1a: Sinistcha|Sinistcha, L50|100/100\n|-heal|p1b: Terapagos|100/100|[from] ability: Hospitality|[of] p1a: Sinistcha\n|turn|6\n|c|\u2606slimeslatt252|im sorry\n|inactive|slimeslatt252 has 30 seconds left.\n|\n|t:|1773840103\n|-terastallize|p1b: Terapagos|Stellar\n|detailschange|p1b: Terapagos|Terapagos-Stellar, L50, M, tera:Stellar\n|-heal|p1b: Terapagos|100/100|[silent]\n|move|p2a: Calyrex|Protect|p2a: Calyrex\n|-singleturn|p2a: Calyrex|Protect\n|move|p1b: Terapagos|Tera Starstorm|p2a: Calyrex|[spread] p2b\n|-activate|p2a: Calyrex|move: Protect\n|-damage|p2b: Incineroar|56/100\n|move|p2b: Incineroar|Knock Off|p1a: Sinistcha\n|-supereffective|p1a: Sinistcha\n|-damage|p1a: Sinistcha|56/100\n|-enditem|p1a: Sinistcha|Focus Sash|[from] move: Knock Off|[of] p2b: Incineroar\n|move|p1a: Sinistcha|Trick Room|p1a: Sinistcha\n|-fieldstart|move: Trick Room|[of] p1a: Sinistcha\n|\n|upkeep\n|turn|7\n|inactive|mafiapony has 30 seconds left.\n|inactive|slimeslatt252 has 30 seconds left.\n|inactive|slimeslatt252 has 20 seconds left.\n|inactive|slimeslatt252 has 15 seconds left.\n|inactive|slimeslatt252 has 10 seconds left.\n|\n|t:|1773840151\n|move|p2b: Incineroar|Knock Off|p1b: Terapagos\n|-damage|p1b: Terapagos|94/100\n|move|p1b: Terapagos|Earth Power|p2b: Incineroar\n|-supereffective|p2b: Incineroar\n|-damage|p2b: Incineroar|0 fnt\n|faint|p2b: Incineroar\n|move|p1a: Sinistcha|Shadow Ball|p2a: Calyrex\n|-supereffective|p2a: Calyrex\n|-damage|p2a: Calyrex|0 fnt\n|faint|p2a: Calyrex\n|\n|upkeep\n|\n|t:|1773840160\n|switch|p2a: Koraidon|Koraidon, L50, tera:Fire|100/100\n|-weather|SunnyDay|[from] ability: Orichalcum Pulse|[of] p2a: Koraidon\n|-activate|p2a: Koraidon|Orichalcum Pulse|[source]\n|turn|8\n|\n|t:|1773840166\n|move|p2a: Koraidon|Protect|p2a: Koraidon\n|-singleturn|p2a: Koraidon|Protect\n|move|p1b: Terapagos|Tera Starstorm|p2a: Koraidon\n|-activate|p2a: Koraidon|move: Protect\n|move|p1a: Sinistcha|Shadow Ball|p2a: Koraidon\n|-activate|p2a: Koraidon|move: Protect\n|\n|-weather|SunnyDay|[upkeep]\n|upkeep\n|turn|9\n|\n|t:|1773840173\n|move|p2a: Koraidon|Protect||[still]\n|-fail|p2a: Koraidon\n|move|p1a: Sinistcha|Shadow Ball|p2a: Koraidon\n|-damage|p2a: Koraidon|63/100\n|move|p1b: Terapagos|Tera Starstorm|p2a: Koraidon\n|-supereffective|p2a: Koraidon\n|-damage|p2a: Koraidon|0 fnt\n|faint|p2a: Koraidon\n|\n|win|mafiapony\n|raw|mafiapony's rating: 1308 &rarr; <strong>1332</strong><br />(+24 for winning)\n|raw|slimeslatt252's rating: 1382 &rarr; <strong>1358</strong><br />(-24 for losing)\n|l|\u2606slimeslatt252\n|player|p2|\n","uploadtime":1773840417,"views":21,"formatid":"gen9vgc2026regi","rating":1332,"private":0,"password":null}