{"id":"gen9vgc2026regi-2529316823","format":"[Gen 9] VGC 2026 Reg I","players":["timburr fan","ky123456"],"log":"|j|\u2606timburr fan\n|j|\u2606ky123456\n|t:|1769772546\n|gametype|doubles\n|player|p1|timburr fan|169|1424\n|player|p2|ky123456|cynthia-gen4|1519\n|gen|9\n|tier|[Gen 9] VGC 2026 Reg I\n|rated|\n|rule|Species Clause: Limit one of each Pok\u00e9mon\n|rule|Item Clause: Limit 1 of each item\n|clearpoke\n|poke|p1|Terapagos, L50, M|\n|poke|p1|Koraidon, L50|\n|poke|p1|Incineroar, L50, F|\n|poke|p1|Smeargle, L50, M|\n|poke|p1|Rillaboom, L50, F|\n|poke|p1|Sinistcha-Masterpiece, L50|\n|poke|p2|Kyogre, L50|\n|poke|p2|Calyrex-Ice, L50|\n|poke|p2|Grimmsnarl, L50, M|\n|poke|p2|Rillaboom, L50, M|\n|poke|p2|Landorus, L50, M|\n|poke|p2|Urshifu-*, L50, M|\n|teampreview|4\n|\n|t:|1769772566\n|teamsize|p1|4\n|teamsize|p2|4\n|start\n|switch|p1a: Rillaboom|Rillaboom, L50, F|100/100\n|switch|p1b: Terapagos|Terapagos, L50, M|100/100\n|switch|p2a: Calyrex|Calyrex-Ice, L50|100/100\n|switch|p2b: Urshifu|Urshifu-Rapid-Strike, L50, M|100/100\n|-activate|p1b: Terapagos|ability: Tera Shift\n|detailschange|p1b: Terapagos|Terapagos-Terastal, L50, M\n|-heal|p1b: Terapagos|100/100|[silent]\n|-ability|p2a: Calyrex|As One\n|-ability|p2a: Calyrex|Unnerve\n|-fieldstart|move: Grassy Terrain|[from] ability: Grassy Surge|[of] p1a: Rillaboom\n|turn|1\n|\n|t:|1769772597\n|move|p2b: Urshifu|U-turn|p1a: Rillaboom\n|-supereffective|p1a: Rillaboom\n|-damage|p1a: Rillaboom|53/100\n|\n|t:|1769772600\n|switch|p2b: Grimmsnarl|Grimmsnarl, L50, M|100/100|[from] U-turn\n|move|p1a: Rillaboom|Wood Hammer|p2a: Calyrex\n|-damage|p2a: Calyrex|47/100\n|-damage|p1a: Rillaboom|35/100|[from] Recoil\n|move|p1b: Terapagos|Tera Starstorm|p2a: Calyrex\n|-damage|p2a: Calyrex|11/100\n|move|p2a: Calyrex|Leech Seed|p1b: Terapagos\n|-start|p1b: Terapagos|move: Leech Seed\n|\n|-heal|p1a: Rillaboom|41/100|[from] Grassy Terrain\n|-heal|p2a: Calyrex|16/100|[from] Grassy Terrain\n|-heal|p2a: Calyrex|22/100|[from] item: Leftovers\n|-damage|p1b: Terapagos|88/100|[from] Leech Seed|[of] p2a: Calyrex\n|-heal|p2a: Calyrex|34/100|[silent]\n|upkeep\n|turn|2\n|\n|t:|1769772630\n|switch|p1b: Incineroar|Incineroar, L50, F|100/100\n|-ability|p1b: Incineroar|Intimidate|boost\n|-unboost|p2a: Calyrex|atk|1\n|-unboost|p2b: Grimmsnarl|atk|1\n|move|p2a: Calyrex|Protect|p2a: Calyrex\n|-singleturn|p2a: Calyrex|Protect\n|move|p2b: Grimmsnarl|Light Screen|p2b: Grimmsnarl\n|-sidestart|p2: ky123456|move: Light Screen\n|move|p1a: Rillaboom|Wood Hammer|p2a: Calyrex\n|-activate|p2a: Calyrex|move: Protect\n|\n|-heal|p1a: Rillaboom|47/100|[from] Grassy Terrain\n|-heal|p2a: Calyrex|40/100|[from] Grassy Terrain\n|-heal|p2a: Calyrex|46/100|[from] item: Leftovers\n|upkeep\n|turn|3\n|\n|t:|1769772687\n|switch|p2a: Urshifu|Urshifu-Rapid-Strike, L50, M|100/100\n|move|p2b: Grimmsnarl|Reflect|p2b: Grimmsnarl\n|-sidestart|p2: ky123456|Reflect\n|move|p1a: Rillaboom|U-turn|p2a: Urshifu\n|-resisted|p2a: Urshifu\n|-damage|p2a: Urshifu|91/100\n|\n|t:|1769772704\n|switch|p1a: Koraidon|Koraidon, L50|100/100|[from] U-turn\n|-weather|SunnyDay|[from] ability: Orichalcum Pulse|[of] p1a: Koraidon\n|-activate|p1a: Koraidon|Orichalcum Pulse|[source]\n|move|p1b: Incineroar|Knock Off|p2a: Urshifu\n|-resisted|p2a: Urshifu\n|-damage|p2a: Urshifu|74/100\n|-enditem|p2a: Urshifu|Choice Scarf|[from] move: Knock Off|[of] p1b: Incineroar\n|\n|-weather|SunnyDay|[upkeep]\n|-heal|p2a: Urshifu|79/100|[from] Grassy Terrain\n|upkeep\n|turn|4\n|\n|t:|1769772761\n|switch|p2b: Kyogre|Kyogre, L50|100/100\n|-weather|RainDance|[from] ability: Drizzle|[of] p2b: Kyogre\n|move|p1a: Koraidon|U-turn|p2b: Kyogre\n|-damage|p2b: Kyogre|81/100\n|\n|t:|1769772767\n|switch|p1a: Rillaboom|Rillaboom, L50, F|47/100|[from] U-turn\n|move|p2a: Urshifu|Surging Strikes|p1b: Incineroar\n|-supereffective|p1b: Incineroar\n|-crit|p1b: Incineroar\n|-damage|p1b: Incineroar|37/100\n|-supereffective|p1b: Incineroar\n|-crit|p1b: Incineroar\n|-damage|p1b: Incineroar|0 fnt\n|faint|p1b: Incineroar\n|-hitcount|p1: Incineroar|2\n|\n|-weather|RainDance|[upkeep]\n|-heal|p2a: Urshifu|85/100|[from] Grassy Terrain\n|-heal|p2b: Kyogre|87/100|[from] Grassy Terrain\n|-heal|p1a: Rillaboom|53/100|[from] Grassy Terrain\n|upkeep\n|\n|t:|1769772779\n|switch|p1b: Koraidon|Koraidon, L50|100/100\n|-weather|SunnyDay|[from] ability: Orichalcum Pulse|[of] p1b: Koraidon\n|-activate|p1b: Koraidon|Orichalcum Pulse|[source]\n|turn|5\n|\n|t:|1769772824\n|switch|p2b: Grimmsnarl|Grimmsnarl, L50, M|100/100\n|move|p1a: Rillaboom|Fake Out|p2a: Urshifu\n|-damage|p2a: Urshifu|75/100\n|move|p1b: Koraidon|Close Combat|p2b: Grimmsnarl\n|-damage|p2b: Grimmsnarl|47/100\n|-unboost|p1b: Koraidon|def|1\n|-unboost|p1b: Koraidon|spd|1\n|cant|p2a: Urshifu|flinch\n|\n|-weather|SunnyDay|[upkeep]\n|-heal|p2a: Urshifu|81/100|[from] Grassy Terrain\n|-heal|p1a: Rillaboom|58/100|[from] Grassy Terrain\n|-heal|p2b: Grimmsnarl|53/100|[from] Grassy Terrain\n|-fieldend|move: Grassy Terrain\n|upkeep\n|turn|6\n|\n|t:|1769772847\n|move|p2b: Grimmsnarl|Thunder Wave|p1b: Koraidon\n|-status|p1b: Koraidon|par\n|move|p2a: Urshifu|U-turn|p1a: Rillaboom\n|-supereffective|p1a: Rillaboom\n|-damage|p1a: Rillaboom|11/100\n|\n|t:|1769772855\n|switch|p2a: Calyrex|Calyrex-Ice, L50|46/100|[from] U-turn\n|-ability|p2a: Calyrex|As One\n|-ability|p2a: Calyrex|Unnerve\n|cant|p1b: Koraidon|par\n|move|p1a: Rillaboom|Grassy Glide|p2a: Calyrex\n|-damage|p2a: Calyrex|34/100\n|\n|-weather|SunnyDay|[upkeep]\n|-heal|p2a: Calyrex|40/100|[from] item: Leftovers\n|upkeep\n|turn|7\n|\n|t:|1769772886\n|switch|p1a: Terapagos|Terapagos-Terastal, L50, M|88/100\n|move|p2a: Calyrex|Protect|p2a: Calyrex\n|-singleturn|p2a: Calyrex|Protect\n|move|p1b: Koraidon|Close Combat|p2a: Calyrex\n|-activate|p2a: Calyrex|move: Protect\n|move|p2b: Grimmsnarl|Foul Play|p1a: Terapagos\n|-damage|p1a: Terapagos|66/100\n|\n|-weather|SunnyDay|[upkeep]\n|-heal|p1a: Terapagos|72/100|[from] item: Leftovers\n|-heal|p2a: Calyrex|45/100|[from] item: Leftovers\n|upkeep\n|turn|8\n|\n|t:|1769772931\n|move|p2b: Grimmsnarl|Thunder Wave|p1a: Terapagos|[miss]\n|-miss|p2b: Grimmsnarl|p1a: Terapagos\n|move|p1b: Koraidon|Close Combat|p2a: Calyrex\n|-damage|p2a: Calyrex|5/100\n|-unboost|p1b: Koraidon|def|1\n|-unboost|p1b: Koraidon|spd|1\n|move|p1a: Terapagos|Tera Starstorm|p2a: Calyrex\n|-damage|p2a: Calyrex|0 fnt\n|faint|p2a: Calyrex\n|\n|-weather|SunnyDay|[upkeep]\n|-heal|p1a: Terapagos|78/100|[from] item: Leftovers\n|upkeep\n|\n|t:|1769772943\n|switch|p2a: Kyogre|Kyogre, L50|87/100\n|-weather|RainDance|[from] ability: Drizzle|[of] p2a: Kyogre\n|turn|9\n|\n|t:|1769772961\n|switch|p1b: Rillaboom|Rillaboom, L50, F|11/100\n|-fieldstart|move: Grassy Terrain|[from] ability: Grassy Surge|[of] p1b: Rillaboom\n|move|p1a: Terapagos|Protect|p1a: Terapagos\n|-singleturn|p1a: Terapagos|Protect\n|move|p2b: Grimmsnarl|Thunder Wave|p1a: Terapagos\n|-activate|p1a: Terapagos|move: Protect\n|move|p2a: Kyogre|Water Spout|p1a: Terapagos|[spread] p1b\n|-activate|p1a: Terapagos|move: Protect\n|-resisted|p1b: Rillaboom\n|-damage|p1b: Rillaboom|0 fnt\n|faint|p1b: Rillaboom\n|\n|-weather|RainDance|[upkeep]\n|-heal|p2a: Kyogre|93/100|[from] Grassy Terrain\n|-heal|p1a: Terapagos|84/100|[from] Grassy Terrain\n|-heal|p1a: Terapagos|90/100|[from] item: Leftovers\n|-heal|p2b: Grimmsnarl|59/100|[from] Grassy Terrain\n|-sideend|p2: ky123456|move: Light Screen\n|upkeep\n|\n|t:|1769772979\n|switch|p1b: Koraidon|Koraidon, L50|100/100 par\n|-weather|SunnyDay|[from] ability: Orichalcum Pulse|[of] p1b: Koraidon\n|-activate|p1b: Koraidon|Orichalcum Pulse|[source]\n|turn|10\n|\n|t:|1769773023\n|switch|p2a: Urshifu|Urshifu-Rapid-Strike, L50, M|81/100\n|move|p2b: Grimmsnarl|Thunder Wave|p1a: Terapagos\n|-status|p1a: Terapagos|par\n|move|p1b: Koraidon|Close Combat|p2a: Urshifu\n|-damage|p2a: Urshifu|16/100\n|-unboost|p1b: Koraidon|def|1\n|-unboost|p1b: Koraidon|spd|1\n|move|p1a: Terapagos|Tera Starstorm|p2a: Urshifu\n|-damage|p2a: Urshifu|0 fnt\n|faint|p2a: Urshifu\n|\n|-weather|SunnyDay|[upkeep]\n|-heal|p2b: Grimmsnarl|65/100|[from] Grassy Terrain\n|-heal|p1a: Terapagos|96/100 par|[from] Grassy Terrain\n|-heal|p1a: Terapagos|100/100 par|[from] item: Leftovers\n|-sideend|p2: ky123456|Reflect\n|upkeep\n|\n|t:|1769773031\n|switch|p2a: Kyogre|Kyogre, L50|93/100\n|-weather|RainDance|[from] ability: Drizzle|[of] p2a: Kyogre\n|turn|11\n|\n|t:|1769773045\n|-terastallize|p1a: Terapagos|Stellar\n|detailschange|p1a: Terapagos|Terapagos-Stellar, L50, M, tera:Stellar\n|-heal|p1a: Terapagos|100/100 par|[silent]\n|-ability|p1a: Terapagos|Teraform Zero\n|-weather|none\n|-fieldend|move: Grassy Terrain\n|move|p2b: Grimmsnarl|Reflect|p2b: Grimmsnarl\n|-sidestart|p2: ky123456|Reflect\n|move|p1b: Koraidon|Close Combat|p2a: Kyogre\n|-damage|p2a: Kyogre|48/100\n|-unboost|p1b: Koraidon|def|1\n|-unboost|p1b: Koraidon|spd|1\n|move|p2a: Kyogre|Ice Beam|p1b: Koraidon\n|-supereffective|p1b: Koraidon\n|-damage|p1b: Koraidon|0 fnt\n|faint|p1b: Koraidon\n|cant|p1a: Terapagos|par\n|\n|upkeep\n|turn|12\n|\n|t:|1769773069\n|move|p2b: Grimmsnarl|Light Screen|p2b: Grimmsnarl\n|-sidestart|p2: ky123456|move: Light Screen\n|move|p2a: Kyogre|Origin Pulse|p1a: Terapagos\n|-damage|p1a: Terapagos|58/100 par\n|move|p1a: Terapagos|Tera Starstorm|p2a: Kyogre|[spread] p2a,p2b\n|-damage|p2a: Kyogre|36/100\n|-damage|p2b: Grimmsnarl|36/100\n|\n|-heal|p1a: Terapagos|64/100 par|[from] item: Leftovers\n|upkeep\n|turn|13\n|\n|t:|1769773078\n|move|p1a: Terapagos|Protect|p1a: Terapagos\n|-singleturn|p1a: Terapagos|Protect\n|move|p2a: Kyogre|Origin Pulse|p1a: Terapagos\n|-activate|p1a: Terapagos|move: Protect\n|move|p2b: Grimmsnarl|Foul Play|p1a: Terapagos\n|-activate|p1a: Terapagos|move: Protect\n|\n|-heal|p1a: Terapagos|70/100 par|[from] item: Leftovers\n|upkeep\n|turn|14\n|\n|t:|1769773087\n|move|p2a: Kyogre|Origin Pulse|p1a: Terapagos\n|-crit|p1a: Terapagos\n|-damage|p1a: Terapagos|1/100 par\n|move|p2b: Grimmsnarl|Foul Play|p1a: Terapagos\n|-damage|p1a: Terapagos|0 fnt\n|faint|p1a: Terapagos\n|detailschange|p1: Terapagos|Terapagos, L50, M|[silent]\n|\n|win|ky123456\n|raw|timburr fan's rating: 1424 &rarr; <strong>1409</strong><br />(-15 for losing)\n|raw|ky123456's rating: 1519 &rarr; <strong>1534</strong><br />(+15 for winning)\n|l|\u2606ky123456\n|player|p2|\n|l|\u2606timburr fan\n|player|p1|\n","uploadtime":1769773255,"views":14,"formatid":"gen9vgc2026regi","rating":1409,"private":0,"password":null}