{"id":"gen9vgc2026regi-2567287543","format":"[Gen 9] VGC 2026 Reg I","players":["dthk1216","amaya122725k"],"log":"|j|\u2606dthk1216\n|j|\u2606amaya122725k\n|t:|1774463348\n|gametype|doubles\n|player|p1|dthk1216|dawn|1559\n|player|p2|amaya122725k|hooligans|1464\n|gen|9\n|tier|[Gen 9] VGC 2026 Reg I\n|rated|\n|rule|Species Clause: Limit one of each Pok\u00e9mon\n|rule|Item Clause: Limit 1 of each item\n|clearpoke\n|poke|p1|Calyrex-Ice, L50|\n|poke|p1|Kyogre, L50|\n|poke|p1|Urshifu-*, L50, M|\n|poke|p1|Rillaboom, L50, F|\n|poke|p1|Grimmsnarl, L50, M|\n|poke|p1|Amoonguss, L50, M|\n|poke|p2|Calyrex-Shadow, L50|\n|poke|p2|Kyogre, L50|\n|poke|p2|Whimsicott, L50, M|\n|poke|p2|Archaludon, L50, M|\n|poke|p2|Rillaboom, L50, F|\n|poke|p2|Indeedee, L50, M|\n|teampreview|4\n|inactive|Battle timer is ON: inactive players will automatically lose when time's up. (requested by amaya122725k)\n|inactive|amaya122725k has 60 seconds left.\n|\n|t:|1774463396\n|teamsize|p1|4\n|teamsize|p2|4\n|start\n|switch|p1a: Rillaboom|Rillaboom, L50, F|100/100\n|switch|p1b: Calyrex|Calyrex-Ice, L50|100/100\n|switch|p2a: Whimsicott|Whimsicott, L50, M|100/100\n|switch|p2b: Kyogre|Kyogre, L50|100/100\n|-ability|p1b: Calyrex|As One\n|-ability|p1b: Calyrex|Unnerve\n|-weather|RainDance|[from] ability: Drizzle|[of] p2b: Kyogre\n|-fieldstart|move: Grassy Terrain|[from] ability: Grassy Surge|[of] p1a: Rillaboom\n|turn|1\n|\n|t:|1774463420\n|-terastallize|p2b: Kyogre|Ghost\n|-terastallize|p1b: Calyrex|Grass\n|move|p1a: Rillaboom|Fake Out|p2a: Whimsicott\n|-damage|p2a: Whimsicott|81/100\n|cant|p2a: Whimsicott|flinch\n|move|p2b: Kyogre|Water Spout|p1a: Rillaboom|[spread] p1a,p1b\n|-resisted|p1a: Rillaboom\n|-resisted|p1b: Calyrex\n|-damage|p1a: Rillaboom|69/100\n|-damage|p1b: Calyrex|70/100\n|move|p1b: Calyrex|Trick Room|p1b: Calyrex\n|-fieldstart|move: Trick Room|[of] p1b: Calyrex\n|\n|-weather|RainDance|[upkeep]\n|-heal|p1b: Calyrex|75/100|[from] Grassy Terrain\n|-heal|p1b: Calyrex|81/100|[from] item: Leftovers\n|-heal|p1a: Rillaboom|74/100|[from] Grassy Terrain\n|-heal|p2a: Whimsicott|87/100|[from] Grassy Terrain\n|upkeep\n|turn|2\n|\n|t:|1774463435\n|switch|p1b: Amoonguss|Amoonguss, L50, M|100/100\n|move|p2a: Whimsicott|Encore||[still]\n|-fail|p2a: Whimsicott\n|move|p1a: Rillaboom|Wood Hammer|p2b: Kyogre\n|-damage|p2b: Kyogre|12/100\n|-damage|p1a: Rillaboom|50/100|[from] Recoil\n|move|p2b: Kyogre|Icy Wind|p1b: Amoonguss|[spread] p1a,p1b\n|-supereffective|p1a: Rillaboom\n|-supereffective|p1b: Amoonguss\n|-damage|p1a: Rillaboom|26/100\n|-damage|p1b: Amoonguss|72/100\n|-unboost|p1a: Rillaboom|spe|1\n|-unboost|p1b: Amoonguss|spe|1\n|\n|-weather|RainDance|[upkeep]\n|-heal|p1b: Amoonguss|78/100|[from] Grassy Terrain\n|-heal|p1a: Rillaboom|31/100|[from] Grassy Terrain\n|-heal|p2b: Kyogre|18/100|[from] Grassy Terrain\n|-heal|p2a: Whimsicott|93/100|[from] Grassy Terrain\n|upkeep\n|turn|3\n|\n|t:|1774463460\n|move|p2a: Whimsicott|Taunt|p1b: Amoonguss\n|-start|p1b: Amoonguss|move: Taunt\n|cant|p1b: Amoonguss|move: Taunt|Spore\n|move|p1a: Rillaboom|U-turn|p2a: Whimsicott\n|-damage|p2a: Whimsicott|60/100\n|\n|t:|1774463465\n|switch|p1a: Calyrex|Calyrex-Ice, L50, tera:Grass|81/100|[from] U-turn\n|-ability|p1a: Calyrex|As One\n|-ability|p1a: Calyrex|Unnerve\n|move|p2b: Kyogre|Icy Wind|p1a: Calyrex|[spread] p1a,p1b\n|-supereffective|p1a: Calyrex\n|-supereffective|p1b: Amoonguss\n|-damage|p1a: Calyrex|63/100\n|-damage|p1b: Amoonguss|51/100\n|-unboost|p1a: Calyrex|spe|1\n|-unboost|p1b: Amoonguss|spe|1\n|\n|-weather|RainDance|[upkeep]\n|-heal|p1b: Amoonguss|57/100|[from] Grassy Terrain\n|-heal|p1a: Calyrex|69/100|[from] Grassy Terrain\n|-heal|p1a: Calyrex|74/100|[from] item: Leftovers\n|-heal|p2b: Kyogre|24/100|[from] Grassy Terrain\n|-heal|p2a: Whimsicott|66/100|[from] Grassy Terrain\n|upkeep\n|turn|4\n|\n|t:|1774463480\n|move|p1b: Amoonguss|Pollen Puff|p1a: Calyrex\n|-heal|p1a: Calyrex|100/100\n|move|p1a: Calyrex|Glacial Lance|p2a: Whimsicott|[spread] p2a,p2b\n|-supereffective|p2a: Whimsicott\n|-damage|p2a: Whimsicott|0 fnt\n|-damage|p2b: Kyogre|0 fnt\n|faint|p2a: Whimsicott\n|faint|p2b: Kyogre\n|-ability|p1a: Calyrex|Chilling Neigh|boost\n|-boost|p1a: Calyrex|atk|2\n|\n|-weather|RainDance|[upkeep]\n|-heal|p1b: Amoonguss|63/100|[from] Grassy Terrain\n|upkeep\n|\n|t:|1774463491\n|switch|p2b: Archaludon|Archaludon, L50, M|100/100\n|switch|p2a: Calyrex|Calyrex-Shadow, L50|100/100\n|-ability|p2a: Calyrex|As One\n|-ability|p2a: Calyrex|Unnerve\n|turn|5\n|\n|t:|1774463500\n|move|p1b: Amoonguss|Pollen Puff|p2a: Calyrex\n|-damage|p2a: Calyrex|81/100\n|move|p1a: Calyrex|Glacial Lance|p2b: Archaludon|[spread] p2a,p2b\n|-damage|p2a: Calyrex|0 fnt\n|-damage|p2b: Archaludon|14/100\n|faint|p2a: Calyrex\n|-ability|p1a: Calyrex|Chilling Neigh|boost\n|-boost|p1a: Calyrex|atk|1\n|move|p2b: Archaludon|Draco Meteor|p1a: Calyrex\n|-damage|p1a: Calyrex|62/100\n|-unboost|p2b: Archaludon|spa|2\n|\n|-weather|none\n|-heal|p1b: Amoonguss|69/100|[from] Grassy Terrain\n|-heal|p1a: Calyrex|68/100|[from] Grassy Terrain\n|-heal|p1a: Calyrex|74/100|[from] item: Leftovers\n|-heal|p2b: Archaludon|20/100|[from] Grassy Terrain\n|-end|p1b: Amoonguss|move: Taunt\n|-fieldend|move: Trick Room\n|-fieldend|move: Grassy Terrain\n|upkeep\n|turn|6\n|-message|amaya122725k forfeited.\n|\n|win|dthk1216\n|raw|dthk1216's rating: 1559 &rarr; <strong>1574</strong><br />(+15 for winning)\n|raw|amaya122725k's rating: 1464 &rarr; <strong>1449</strong><br />(-15 for losing)\n|l|\u2606amaya122725k\n|player|p2|\n|l|\u2606dthk1216\n|player|p1|\n","uploadtime":1774463773,"views":18,"formatid":"gen9vgc2026regi","rating":1449,"private":0,"password":null}