{"id":"gen9vgc2026regi-2560361332","format":"[Gen 9] VGC 2026 Reg I","players":["greenlightdmp","ArisHazard"],"log":"|j|\u2606greenlightdmp\n|j|\u2606ArisHazard\n|t:|1773680525\n|gametype|doubles\n|player|p1|greenlightdmp|2|1239\n|player|p2|ArisHazard|1|1348\n|gen|9\n|tier|[Gen 9] VGC 2026 Reg I\n|rated|\n|rule|Species Clause: Limit one of each Pok\u00e9mon\n|rule|Item Clause: Limit 1 of each item\n|clearpoke\n|poke|p1|Calyrex-Shadow, L50|\n|poke|p1|Zamazenta-*, L50|\n|poke|p1|Chien-Pao, L50|\n|poke|p1|Dragonite, L50, F|\n|poke|p1|Raging Bolt, L50|\n|poke|p1|Amoonguss, L50, F|\n|poke|p2|Calyrex-Ice, L50|\n|poke|p2|Hitmontop, L50, M|\n|poke|p2|Miraidon, L50|\n|poke|p2|Sableye, L50, F|\n|poke|p2|Ting-Lu, L50|\n|poke|p2|Iron Valiant, L50|\n|teampreview|4\n|inactive|Battle timer is ON: inactive players will automatically lose when time's up. (requested by ArisHazard)\n|inactive|greenlightdmp has 60 seconds left.\n|\n|t:|1773680578\n|teamsize|p1|4\n|teamsize|p2|4\n|start\n|switch|p1a: protec|Zamazenta-Crowned, L50|100/100\n|switch|p1b: Arlie|Chien-Pao, L50|100/100\n|switch|p2a: Calyrex|Calyrex-Ice, L50|100/100\n|switch|p2b: Hitmontop|Hitmontop, L50, M|100/100\n|-ability|p2a: Calyrex|As One\n|-ability|p2a: Calyrex|Unnerve\n|-ability|p1b: Arlie|Sword of Ruin\n|-ability|p1a: protec|Dauntless Shield|boost\n|-boost|p1a: protec|def|1\n|-ability|p2b: Hitmontop|Intimidate|boost\n|-unboost|p1a: protec|atk|1\n|-unboost|p1b: Arlie|atk|1\n|turn|1\n|inactive|greenlightdmp has 30 seconds left.\n|\n|t:|1773680606\n|move|p2b: Hitmontop|Fake Out|p1a: protec\n|-resisted|p1a: protec\n|-damage|p1a: protec|98/100\n|move|p1b: Arlie|Icy Wind|p2b: Hitmontop|[spread] p2a,p2b\n|-resisted|p2a: Calyrex\n|-damage|p2a: Calyrex|96/100\n|-damage|p2b: Hitmontop|91/100\n|cant|p1a: protec|flinch\n|move|p2a: Calyrex|Trick Room|p2a: Calyrex\n|-fieldstart|move: Trick Room|[of] p2a: Calyrex\n|\n|upkeep\n|turn|2\n|inactive|greenlightdmp has 30 seconds left.\n|inactive|ArisHazard has 30 seconds left.\n|inactive|ArisHazard has 20 seconds left.\n|\n|t:|1773680643\n|switch|p1b: Verizon|Amoonguss, L50, F|100/100\n|move|p2a: Calyrex|Protect|p2a: Calyrex\n|-singleturn|p2a: Calyrex|Protect\n|move|p1a: protec|Wide Guard|p1a: protec\n|-singleturn|p1a: protec|Wide Guard\n|move|p2b: Hitmontop|Coaching|p2a: Calyrex\n|-boost|p2a: Calyrex|atk|1\n|-boost|p2a: Calyrex|def|1\n|\n|upkeep\n|turn|3\n|inactive|greenlightdmp has 30 seconds left.\n|\n|t:|1773680668\n|switch|p2b: Miraidon|Miraidon, L50|100/100\n|-fieldstart|move: Electric Terrain|[from] ability: Hadron Engine|[of] p2b: Miraidon\n|move|p1b: Verizon|Sludge Bomb|p2a: Calyrex\n|-damage|p2a: Calyrex|78/100\n|move|p2a: Calyrex|Stomping Tantrum|p1a: protec\n|-supereffective|p1a: protec\n|-damage|p1a: protec|62/100\n|move|p1a: protec|Body Press|p2a: Calyrex\n|-damage|p2a: Calyrex|49/100\n|\n|upkeep\n|turn|4\n|inactive|greenlightdmp has 30 seconds left.\n|\n|t:|1773680698\n|-terastallize|p1b: Verizon|Water\n|move|p1a: protec|Protect|p1a: protec\n|-singleturn|p1a: protec|Protect\n|move|p1b: Verizon|Sludge Bomb|p2a: Calyrex\n|-damage|p2a: Calyrex|31/100\n|-status|p2a: Calyrex|psn\n|move|p2a: Calyrex|Glacial Lance|p1a: protec|[spread] p1b\n|-activate|p1a: protec|move: Protect\n|-resisted|p1b: Verizon\n|-damage|p1b: Verizon|63/100\n|move|p2b: Miraidon|Electro Drift|p1a: protec\n|-activate|p1a: protec|move: Protect\n|\n|-damage|p2a: Calyrex|18/100 psn|[from] psn\n|upkeep\n|turn|5\n|inactive|greenlightdmp has 30 seconds left.\n|\n|t:|1773680724\n|move|p1b: Verizon|Sludge Bomb|p2b: Miraidon\n|-damage|p2b: Miraidon|86/100\n|move|p2a: Calyrex|Stomping Tantrum|p1a: protec\n|-supereffective|p1a: protec\n|-damage|p1a: protec|23/100\n|move|p1a: protec|Body Press|p2b: Miraidon\n|-damage|p2b: Miraidon|30/100\n|move|p2b: Miraidon|Volt Switch|p1b: Verizon\n|-supereffective|p1b: Verizon\n|-damage|p1b: Verizon|0 fnt\n|faint|p1b: Verizon\n|\n|t:|1773680737\n|switch|p2b: Sableye|Sableye, L50, F|100/100|[from] Volt Switch\n|\n|-damage|p2a: Calyrex|6/100 psn|[from] psn\n|-fieldend|move: Trick Room\n|upkeep\n|\n|t:|1773680747\n|switch|p1b: PinkPonyClub|Calyrex-Shadow, L50|100/100\n|-ability|p1b: PinkPonyClub|As One\n|-ability|p1b: PinkPonyClub|Unnerve\n|turn|6\n|-message|ArisHazard forfeited.\n|\n|win|greenlightdmp\n|raw|greenlightdmp's rating: 1239 &rarr; <strong>1272</strong><br />(+33 for winning)\n|raw|ArisHazard's rating: 1348 &rarr; <strong>1322</strong><br />(-26 for losing)\n|l|\u2606ArisHazard\n|player|p2|\n","uploadtime":1773680759,"views":18,"formatid":"gen9vgc2026regi","rating":1272,"private":0,"password":null}