{"id":"gen9vgc2026regi-2528531976","format":"[Gen 9] VGC 2026 Reg I","players":["saya315","i\u2764\u5a1c\u7984forever"],"log":"|j|\u2606saya315\n|j|\u2606i\u2764\u5a1c\u7984forever\n|t:|1769671839\n|gametype|doubles\n|player|p1|saya315|veteranf|1361\n|player|p2|i\u2764\u5a1c\u7984forever|youngcouple-gen4dp|1473\n|gen|9\n|tier|[Gen 9] VGC 2026 Reg I\n|rated|\n|rule|Species Clause: Limit one of each Pok\u00e9mon\n|rule|Item Clause: Limit 1 of each item\n|clearpoke\n|poke|p1|Kyogre, L50|\n|poke|p1|Calyrex-Ice, L50|\n|poke|p1|Iron Jugulis, L50|\n|poke|p1|Amoonguss, L50, F|\n|poke|p1|Indeedee-F, L50, F|\n|poke|p1|Urshifu-*, L50, M|\n|poke|p2|Groudon, L50|\n|poke|p2|Kyurem-White, L50|\n|poke|p2|Heatran, L50, M|\n|poke|p2|Whimsicott, L50, F|\n|poke|p2|Roaring Moon, L50|\n|poke|p2|Ditto, L50|\n|teampreview|4\n|\n|t:|1769671862\n|teamsize|p1|4\n|teamsize|p2|4\n|start\n|switch|p1a: Calyrex|Calyrex-Ice, L50|100/100\n|switch|p1b: Indeedee|Indeedee-F, L50, F|100/100\n|switch|p2a: Whimsicott|Whimsicott, L50, F|100/100\n|switch|p2b: Kyurem|Kyurem-White, L50|100/100\n|-ability|p1a: Calyrex|As One\n|-ability|p1a: Calyrex|Unnerve\n|-ability|p2b: Kyurem|Turboblaze\n|-fieldstart|move: Psychic Terrain|[from] ability: Psychic Surge|[of] p1b: Indeedee\n|turn|1\n|\n|t:|1769671888\n|-terastallize|p1a: Calyrex|Fire\n|move|p1b: Indeedee|Follow Me|p1b: Indeedee\n|-singleturn|p1b: Indeedee|move: Follow Me\n|move|p2b: Kyurem|Blizzard|p1b: Indeedee|[spread] p1b\n|-miss|p2b: Kyurem|p1a: Calyrex\n|-enditem|p2b: Kyurem|Blunder Policy\n|-boost|p2b: Kyurem|spe|2\n|-damage|p1b: Indeedee|45/100\n|-enditem|p1b: Indeedee|Eject Button\n|\n|t:|1769671897\n|switch|p1b: Amoonguss|Amoonguss, L50, F, shiny|100/100\n|move|p1a: Calyrex|Glacial Lance|p2b: Kyurem|[spread] p2a,p2b\n|-supereffective|p2a: Whimsicott\n|-enditem|p2a: Whimsicott|Focus Sash\n|-damage|p2a: Whimsicott|1/100\n|-damage|p2b: Kyurem|55/100\n|move|p2a: Whimsicott|Trick Room|p2a: Whimsicott\n|-fieldstart|move: Trick Room|[of] p2a: Whimsicott\n|\n|upkeep\n|turn|2\n|\n|t:|1769671922\n|move|p1b: Amoonguss|Protect|p1b: Amoonguss\n|-singleturn|p1b: Amoonguss|Protect\n|move|p1a: Calyrex|Glacial Lance|p2a: Whimsicott|[spread] p2a,p2b\n|-supereffective|p2a: Whimsicott\n|-damage|p2a: Whimsicott|0 fnt\n|-damage|p2b: Kyurem|6/100\n|faint|p2a: Whimsicott\n|-ability|p1a: Calyrex|Chilling Neigh|boost\n|-boost|p1a: Calyrex|atk|1\n|move|p2b: Kyurem|Blizzard|p1b: Amoonguss|[spread] p1a\n|-activate|p1b: Amoonguss|move: Protect\n|-resisted|p1a: Calyrex\n|-damage|p1a: Calyrex|81/100\n|\n|upkeep\n|\n|t:|1769671928\n|switch|p2a: Groudon|Groudon, L50|100/100\n|-weather|SunnyDay|[from] ability: Drought|[of] p2a: Groudon\n|turn|3\n|\n|t:|1769671954\n|-terastallize|p2a: Groudon|Water\n|move|p1b: Amoonguss|Rage Powder|p1b: Amoonguss\n|-singleturn|p1b: Amoonguss|move: Rage Powder\n|move|p1a: Calyrex|Glacial Lance|p2b: Kyurem|[spread] p2a,p2b\n|-resisted|p2a: Groudon\n|-damage|p2a: Groudon|73/100\n|-damage|p2b: Kyurem|0 fnt\n|faint|p2b: Kyurem\n|-ability|p1a: Calyrex|Chilling Neigh|boost\n|-boost|p1a: Calyrex|atk|1\n|move|p2a: Groudon|Precipice Blades|p1b: Amoonguss|[spread] p1a,p1b\n|-supereffective|p1a: Calyrex\n|-damage|p1a: Calyrex|17/100\n|-damage|p1b: Amoonguss|56/100\n|\n|-weather|SunnyDay|[upkeep]\n|upkeep\n|\n|t:|1769671967\n|switch|p2b: Ditto|Ditto, L50|100/100\n|-transform|p2b: Ditto|p1a: Calyrex|[from] ability: Imposter\n|-ability|p2b: Ditto|As One\n|-ability|p2b: Ditto|Unnerve\n|-start|p2b: Ditto|typechange|Psychic/Ice|[silent]\n|turn|4\n|\n|t:|1769671988\n|switch|p1b: Indeedee|Indeedee-F, L50, F|45/100\n|move|p2b: Ditto|Protect|p2b: Ditto\n|-singleturn|p2b: Ditto|Protect\n|move|p1a: Calyrex|Protect|p1a: Calyrex\n|-singleturn|p1a: Calyrex|Protect\n|move|p2a: Groudon|Heat Crash|p1b: Indeedee\n|-damage|p1b: Indeedee|0 fnt\n|faint|p1b: Indeedee\n|\n|-weather|SunnyDay|[upkeep]\n|upkeep\n|\n|t:|1769671998\n|switch|p1b: Kyogre|Kyogre, L50|100/100\n|-weather|RainDance|[from] ability: Drizzle|[of] p1b: Kyogre\n|turn|5\n|\n|t:|1769672011\n|move|p1a: Calyrex|Glacial Lance|p2a: Groudon|[spread] p2a,p2b\n|-resisted|p2a: Groudon\n|-resisted|p2b: Ditto\n|-damage|p2a: Groudon|37/100\n|-damage|p2b: Ditto|54/100\n|move|p2b: Ditto|Seed Bomb|p1b: Kyogre\n|-supereffective|p1b: Kyogre\n|-damage|p1b: Kyogre|0 fnt\n|faint|p1b: Kyogre\n|-ability|p2b: Ditto|Chilling Neigh|boost\n|-boost|p2b: Ditto|atk|1\n|move|p2a: Groudon|Precipice Blades|p1a: Calyrex\n|-supereffective|p1a: Calyrex\n|-crit|p1a: Calyrex\n|-damage|p1a: Calyrex|0 fnt\n|faint|p1a: Calyrex\n|\n|-weather|RainDance|[upkeep]\n|-fieldend|move: Trick Room\n|-fieldend|move: Psychic Terrain\n|upkeep\n|\n|t:|1769672029\n|switch|p1b: Amoonguss|Amoonguss, L50, F, shiny|90/100\n|turn|6\n|\n|t:|1769672038\n|move|p2a: Groudon|Precipice Blades|p1b: Amoonguss\n|-damage|p1b: Amoonguss|28/100\n|move|p2b: Ditto|Glacial Lance|p1b: Amoonguss\n|-supereffective|p1b: Amoonguss\n|-damage|p1b: Amoonguss|0 fnt\n|faint|p1b: Amoonguss\n|\n|win|i\u2764\u5a1c\u7984forever\n|raw|saya315's rating: 1361 &rarr; <strong>1347</strong><br />(-14 for losing)\n|raw|i\u2764\u5a1c\u7984forever's rating: 1473 &rarr; <strong>1487</strong><br />(+14 for winning)\n|l|\u2606saya315\n|player|p1|\n|l|\u2606i\u2764\u5a1c\u7984forever\n|player|p2|\n","uploadtime":1769672285,"views":15,"formatid":"gen9vgc2026regi","rating":1347,"private":0,"password":null}