{"id":"gen9vgc2026regi-2573273194","format":"[Gen 9] VGC 2026 Reg I","players":["sjysjy","Samsalt6363"],"log":"|j|\u2606sjysjy\n|j|\u2606Samsalt6363\n|t:|1775113217\n|gametype|doubles\n|player|p1|sjysjy|265|1144\n|player|p2|Samsalt6363|170|1090\n|gen|9\n|tier|[Gen 9] VGC 2026 Reg I\n|rated|\n|rule|Species Clause: Limit one of each Pok\u00e9mon\n|rule|Item Clause: Limit 1 of each item\n|clearpoke\n|poke|p1|Raging Bolt, L50|\n|poke|p1|Chien-Pao, L50|\n|poke|p1|Calyrex-Shadow, L50|\n|poke|p1|Rillaboom, L50, F|\n|poke|p1|Amoonguss, L50, M|\n|poke|p1|Zamazenta-*, L50|\n|poke|p2|Ursaluna, L50, M|\n|poke|p2|Farigiraf, L50, F|\n|poke|p2|Kingambit, L50, M|\n|poke|p2|Primarina, L50, F|\n|poke|p2|Pelipper, L50, F|\n|poke|p2|Gyarados, L50, F|\n|teampreview|4\n|\n|t:|1775113260\n|teamsize|p1|4\n|teamsize|p2|4\n|start\n|switch|p1a: Rillaboom|Rillaboom, L50, F|100/100\n|switch|p1b: Calyrex|Calyrex-Shadow, L50|100/100\n|switch|p2a: Gyarados|Gyarados, L50, F, shiny|100/100\n|switch|p2b: Farigiraf|Farigiraf, L50, F|100/100\n|-ability|p1b: Calyrex|As One\n|-ability|p1b: Calyrex|Unnerve\n|-fieldstart|move: Grassy Terrain|[from] ability: Grassy Surge|[of] p1a: Rillaboom\n|-ability|p2a: Gyarados|Intimidate|boost\n|-unboost|p1a: Rillaboom|atk|1\n|-unboost|p1b: Calyrex|atk|1\n|turn|1\n|\n|t:|1775113290\n|switch|p1b: Raging Bolt|Raging Bolt, L50|100/100\n|switch|p2a: Ursaluna|Ursaluna, L50, M|100/100\n|move|p1a: Rillaboom|Fake Out||[still]\n|cant|p2b: Farigiraf|ability: Armor Tail|Fake Out|[of] p1a: Rillaboom\n|move|p2b: Farigiraf|Trick Room|p2b: Farigiraf\n|-fieldstart|move: Trick Room|[of] p2b: Farigiraf\n|\n|-status|p2a: Ursaluna|brn|[from] item: Flame Orb\n|upkeep\n|turn|2\n|\n|t:|1775113314\n|switch|p2b: Gyarados|Gyarados, L50, F, shiny|100/100\n|-ability|p2b: Gyarados|Intimidate|boost\n|-unboost|p1a: Rillaboom|atk|1\n|-unboost|p1b: Raging Bolt|atk|1\n|move|p1b: Raging Bolt|Protect|p1b: Raging Bolt\n|-singleturn|p1b: Raging Bolt|Protect\n|move|p2a: Ursaluna|Ice Punch|p1a: Rillaboom\n|-supereffective|p1a: Rillaboom\n|-damage|p1a: Rillaboom|23/100\n|move|p1a: Rillaboom|Wood Hammer|p2a: Ursaluna\n|-supereffective|p2a: Ursaluna\n|-damage|p2a: Ursaluna|41/100 brn\n|-damage|p1a: Rillaboom|2/100|[from] Recoil\n|\n|-heal|p2a: Ursaluna|47/100 brn|[from] Grassy Terrain\n|-heal|p1a: Rillaboom|8/100|[from] Grassy Terrain\n|-damage|p2a: Ursaluna|41/100 brn|[from] brn\n|upkeep\n|turn|3\n|\n|t:|1775113344\n|switch|p2b: Farigiraf|Farigiraf, L50, F|100/100\n|switch|p1a: Zamazenta|Zamazenta-Crowned, L50|100/100\n|-ability|p1a: Zamazenta|Dauntless Shield|boost\n|-boost|p1a: Zamazenta|def|1\n|move|p1b: Raging Bolt|Thunderclap||[still]\n|cant|p2b: Farigiraf|ability: Armor Tail|Thunderclap|[of] p1b: Raging Bolt\n|move|p2a: Ursaluna|Headlong Rush|p1b: Raging Bolt\n|-supereffective|p1b: Raging Bolt\n|-damage|p1b: Raging Bolt|0 fnt\n|-unboost|p2a: Ursaluna|def|1\n|-unboost|p2a: Ursaluna|spd|1\n|faint|p1b: Raging Bolt\n|-end|p1b: Raging Bolt|Protosynthesis|[silent]\n|\n|-heal|p2a: Ursaluna|47/100 brn|[from] Grassy Terrain\n|-damage|p2a: Ursaluna|41/100 brn|[from] brn\n|upkeep\n|\n|t:|1775113354\n|switch|p1b: Rillaboom|Rillaboom, L50, F|8/100\n|turn|4\n|\n|t:|1775113384\n|switch|p2a: Gyarados|Gyarados, L50, F, shiny|100/100\n|-ability|p2a: Gyarados|Intimidate|boost\n|-unboost|p1a: Zamazenta|atk|1\n|-unboost|p1b: Rillaboom|atk|1\n|-terastallize|p1a: Zamazenta|Water\n|move|p2b: Farigiraf|Hyper Voice|p1b: Rillaboom|[spread] p1a,p1b\n|-damage|p1a: Zamazenta|75/100\n|-damage|p1b: Rillaboom|0 fnt\n|faint|p1b: Rillaboom\n|move|p1a: Zamazenta|Body Press|p2a: Gyarados\n|-resisted|p2a: Gyarados\n|-damage|p2a: Gyarados|60/100\n|\n|-heal|p1a: Zamazenta|81/100|[from] Grassy Terrain\n|upkeep\n|\n|t:|1775113394\n|switch|p1b: Calyrex|Calyrex-Shadow, L50|100/100\n|-ability|p1b: Calyrex|As One\n|-ability|p1b: Calyrex|Unnerve\n|turn|5\n|\n|t:|1775113422\n|move|p2b: Farigiraf|Psychic|p1a: Zamazenta\n|-damage|p1a: Zamazenta|46/100\n|move|p2a: Gyarados|Icy Wind|p1a: Zamazenta|[spread] p1a,p1b\n|-resisted|p1a: Zamazenta\n|-damage|p1a: Zamazenta|42/100\n|-damage|p1b: Calyrex|90/100\n|-unboost|p1a: Zamazenta|spe|1\n|-unboost|p1b: Calyrex|spe|1\n|move|p1a: Zamazenta|Body Press|p2b: Farigiraf\n|-damage|p2b: Farigiraf|32/100\n|move|p1b: Calyrex|Astral Barrage|p2b: Farigiraf|[spread] p2a\n|-immune|p2b: Farigiraf\n|-damage|p2a: Gyarados|8/100\n|\n|-heal|p2b: Farigiraf|38/100|[from] Grassy Terrain\n|-heal|p1a: Zamazenta|48/100|[from] Grassy Terrain\n|-heal|p1b: Calyrex|96/100|[from] Grassy Terrain\n|-fieldend|move: Trick Room\n|-fieldend|move: Grassy Terrain\n|upkeep\n|turn|6\n|\n|t:|1775113453\n|move|p1b: Calyrex|Astral Barrage|p2a: Gyarados|[spread] p2a\n|-immune|p2b: Farigiraf\n|-damage|p2a: Gyarados|0 fnt\n|faint|p2a: Gyarados\n|-ability|p1b: Calyrex|Grim Neigh|boost\n|-boost|p1b: Calyrex|spa|1\n|move|p1a: Zamazenta|Body Press|p2b: Farigiraf\n|-damage|p2b: Farigiraf|0 fnt\n|faint|p2b: Farigiraf\n|\n|upkeep\n|\n|t:|1775113466\n|switch|p2a: Ursaluna|Ursaluna, L50, M|41/100 brn\n|switch|p2b: Kingambit|Kingambit, L50, M|100/100\n|turn|7\n|\n|t:|1775113499\n|-terastallize|p2b: Kingambit|Ghost\n|move|p1b: Calyrex|Protect|p1b: Calyrex\n|-singleturn|p1b: Calyrex|Protect\n|move|p1a: Zamazenta|Protect|p1a: Zamazenta\n|-singleturn|p1a: Zamazenta|Protect\n|move|p2a: Ursaluna|Protect|p2a: Ursaluna\n|-singleturn|p2a: Ursaluna|Protect\n|move|p2b: Kingambit|Sucker Punch||[still]\n|-fail|p2b: Kingambit\n|\n|-damage|p2a: Ursaluna|35/100 brn|[from] brn\n|upkeep\n|turn|8\n|\n|t:|1775113523\n|move|p2b: Kingambit|Sucker Punch||[still]\n|-fail|p2b: Kingambit\n|move|p1b: Calyrex|Encore|p2b: Kingambit\n|-start|p2b: Kingambit|Encore\n|move|p1a: Zamazenta|Body Press|p2a: Ursaluna\n|-supereffective|p2a: Ursaluna\n|-damage|p2a: Ursaluna|0 fnt\n|faint|p2a: Ursaluna\n|\n|upkeep\n|turn|9\n|\n|t:|1775113538\n|move|p2b: Kingambit|Sucker Punch|p1a: Zamazenta\n|-damage|p1a: Zamazenta|29/100\n|move|p1b: Calyrex|Encore||[still]\n|-fail|p1b: Calyrex\n|move|p1a: Zamazenta|Behemoth Bash|p2b: Kingambit\n|-damage|p2b: Kingambit|82/100\n|\n|upkeep\n|turn|10\n|\n|t:|1775113556\n|move|p2b: Kingambit|Sucker Punch|p1a: Zamazenta\n|-damage|p1a: Zamazenta|10/100\n|move|p1b: Calyrex|Encore||[still]\n|-fail|p1b: Calyrex\n|move|p1a: Zamazenta|Behemoth Bash|p2b: Kingambit\n|-damage|p2b: Kingambit|62/100\n|\n|upkeep\n|turn|11\n|\n|t:|1775113566\n|move|p2b: Kingambit|Sucker Punch|p1b: Calyrex\n|-supereffective|p1b: Calyrex\n|-damage|p1b: Calyrex|0 fnt\n|faint|p1b: Calyrex\n|move|p1a: Zamazenta|Behemoth Bash|p2b: Kingambit\n|-damage|p2b: Kingambit|41/100\n|\n|-end|p2b: Kingambit|Encore\n|upkeep\n|turn|12\n|\n|t:|1775113577\n|move|p2b: Kingambit|Sucker Punch|p1a: Zamazenta\n|-damage|p1a: Zamazenta|0 fnt\n|faint|p1a: Zamazenta\n|\n|win|Samsalt6363\n|raw|sjysjy's rating: 1144 &rarr; <strong>1115</strong><br />(-29 for losing)\n|raw|Samsalt6363's rating: 1090 &rarr; <strong>1121</strong><br />(+31 for winning)\n|l|\u2606sjysjy\n|player|p1|\n|l|\u2606Samsalt6363\n|player|p2|\n","uploadtime":1775113894,"views":10,"formatid":"gen9vgc2026regi","rating":1115,"private":0,"password":null}