{"id":"gen9vgc2026regi-2513201585","format":"[Gen 9] VGC 2026 Reg I","players":["Galact7adi","luizhsouza3"],"log":"|j|\u2606Galact7adi\n|j|\u2606luizhsouza3\n|t:|1767709907\n|gametype|doubles\n|player|p1|Galact7adi|101|1104\n|player|p2|luizhsouza3|hilbert-wonderlauncher|1115\n|gen|9\n|tier|[Gen 9] VGC 2026 Reg I\n|rated|\n|rule|Species Clause: Limit one of each Pok\u00e9mon\n|rule|Item Clause: Limit 1 of each item\n|clearpoke\n|poke|p1|Brute Bonnet, L50|\n|poke|p1|Lunala, L50|\n|poke|p1|Ursaluna, L50, F|\n|poke|p1|Chi-Yu, L50|\n|poke|p1|Koraidon, L50|\n|poke|p1|Flutter Mane, L50|\n|poke|p2|Calyrex-Shadow, L50|\n|poke|p2|Indeedee-F, L50, F|\n|poke|p2|Koraidon, L50|\n|poke|p2|Whimsicott, L50, M|\n|poke|p2|Roaring Moon, L50|\n|poke|p2|Incineroar, L50, F|\n|teampreview|4\n|inactive|Battle timer is ON: inactive players will automatically lose when time's up. (requested by Galact7adi)\n|inactive|luizhsouza3 also wants the timer to be on.\n|inactive|Galact7adi has 60 seconds left.\n|\n|t:|1767709959\n|teamsize|p1|4\n|teamsize|p2|4\n|start\n|switch|p1a: Lunala|Lunala, L50, shiny|100/100\n|switch|p1b: Flutter Mane|Flutter Mane, L50, shiny|100/100\n|switch|p2a: Jacob|Whimsicott, L50, M|100/100\n|switch|p2b: Wat was GF cooking|Calyrex-Shadow, L50|100/100\n|-ability|p2b: Wat was GF cooking|As One\n|-ability|p2b: Wat was GF cooking|Unnerve\n|turn|1\n|\n|t:|1767709977\n|-terastallize|p1a: Lunala|Water\n|move|p1b: Flutter Mane|Protect|p1b: Flutter Mane\n|-singleturn|p1b: Flutter Mane|Protect\n|move|p2a: Jacob|Tailwind|p2a: Jacob\n|-sidestart|p2: luizhsouza3|move: Tailwind\n|move|p2b: Wat was GF cooking|Astral Barrage|p1a: Lunala|[spread] p1a\n|-activate|p1b: Flutter Mane|move: Protect\n|-damage|p1a: Lunala|68/100\n|move|p1a: Lunala|Trick Room|p1a: Lunala\n|-fieldstart|move: Trick Room|[of] p1a: Lunala\n|\n|upkeep\n|turn|2\n|\n|t:|1767709997\n|switch|p1a: Chi-Yu|Chi-Yu, L50|100/100\n|-ability|p1a: Chi-Yu|Beads of Ruin\n|switch|p2b: Taken|Indeedee-F, L50, F|100/100\n|-fieldstart|move: Psychic Terrain|[from] ability: Psychic Surge|[of] p2b: Taken\n|move|p2a: Jacob|Encore|p1a: Chi-Yu\n|-activate|p1a: Chi-Yu|move: Psychic Terrain\n|move|p1b: Flutter Mane|Shadow Ball|p2b: Taken\n|-immune|p2b: Taken\n|\n|upkeep\n|turn|3\n|\n|t:|1767710014\n|-end|p1b: Flutter Mane|Protosynthesis|[silent]\n|switch|p1b: Lunala|Lunala, L50, shiny, tera:Water|68/100\n|switch|p2a: Harley|Koraidon, L50|100/100\n|-weather|SunnyDay|[from] ability: Orichalcum Pulse|[of] p2a: Harley\n|-activate|p2a: Harley|Orichalcum Pulse|[source]\n|-terastallize|p2b: Taken|Fairy\n|move|p1a: Chi-Yu|Heat Wave|p2a: Harley|[spread] p2a,p2b\n|-resisted|p2a: Harley\n|-damage|p2a: Harley|61/100\n|-damage|p2b: Taken|32/100\n|move|p2b: Taken|Trick Room|p2b: Taken\n|-fieldend|move: Trick Room\n|\n|-weather|SunnyDay|[upkeep]\n|upkeep\n|turn|4\n|\n|t:|1767710033\n|switch|p1b: Flutter Mane|Flutter Mane, L50, shiny|100/100\n|-activate|p1b: Flutter Mane|ability: Protosynthesis\n|-start|p1b: Flutter Mane|protosynthesisspe\n|move|p2a: Harley|Collision Course|p1a: Chi-Yu\n|-supereffective|p1a: Chi-Yu\n|-damage|p1a: Chi-Yu|0 fnt\n|faint|p1a: Chi-Yu\n|-damage|p2a: Harley|51/100|[from] item: Life Orb\n|move|p2b: Taken|Imprison|p2b: Taken\n|-start|p2b: Taken|move: Imprison\n|\n|-weather|SunnyDay|[upkeep]\n|-sideend|p2: luizhsouza3|move: Tailwind\n|upkeep\n|\n|t:|1767710043\n|switch|p1a: Koraidon|Koraidon, L50|100/100\n|-activate|p1a: Koraidon|ability: Orichalcum Pulse\n|turn|5\n|\n|t:|1767710052\n|move|p2a: Harley|Protect|p2a: Harley\n|-singleturn|p2a: Harley|Protect\n|move|p1b: Flutter Mane|Moonblast|p2a: Harley\n|-activate|p2a: Harley|move: Protect\n|move|p1a: Koraidon|Flame Charge|p2b: Taken\n|-damage|p2b: Taken|0 fnt\n|-boost|p1a: Koraidon|spe|1\n|-damage|p1a: Koraidon|84/100|[from] item: Rocky Helmet|[of] p2b: Taken\n|faint|p2b: Taken\n|-damage|p1a: Koraidon|74/100|[from] item: Life Orb\n|\n|-weather|SunnyDay|[upkeep]\n|upkeep\n|\n|t:|1767710060\n|switch|p2b: Jacob|Whimsicott, L50, M|100/100\n|turn|6\n|\n|t:|1767710070\n|move|p2b: Jacob|Tailwind|p2b: Jacob\n|-sidestart|p2: luizhsouza3|move: Tailwind\n|move|p2a: Harley|Flare Blitz|p1b: Flutter Mane\n|-enditem|p1b: Flutter Mane|Focus Sash\n|-damage|p1b: Flutter Mane|1/100\n|-damage|p2a: Harley|28/100|[from] Recoil\n|-damage|p2a: Harley|18/100|[from] item: Life Orb\n|move|p1a: Koraidon|Flame Charge|p2b: Jacob\n|-supereffective|p2b: Jacob\n|-enditem|p2b: Jacob|Focus Sash\n|-damage|p2b: Jacob|1/100\n|-boost|p1a: Koraidon|spe|1\n|-damage|p1a: Koraidon|64/100|[from] item: Life Orb\n|move|p1b: Flutter Mane|Icy Wind|p2a: Harley|[spread] p2a,p2b\n|-supereffective|p2a: Harley\n|-supereffective|p2b: Jacob\n|-damage|p2a: Harley|0 fnt\n|-damage|p2b: Jacob|0 fnt\n|faint|p2a: Harley\n|faint|p2b: Jacob\n|\n|-weather|SunnyDay|[upkeep]\n|-fieldend|move: Psychic Terrain\n|upkeep\n|\n|t:|1767710075\n|switch|p2b: Wat was GF cooking|Calyrex-Shadow, L50|100/100\n|-ability|p2b: Wat was GF cooking|As One\n|-ability|p2b: Wat was GF cooking|Unnerve\n|turn|7\n|\n|t:|1767710086\n|move|p1a: Koraidon|Protect|p1a: Koraidon\n|-singleturn|p1a: Koraidon|Protect\n|move|p2b: Wat was GF cooking|Astral Barrage|p1a: Koraidon|[spread] p1b\n|-activate|p1a: Koraidon|move: Protect\n|-supereffective|p1b: Flutter Mane\n|-damage|p1b: Flutter Mane|0 fnt\n|faint|p1b: Flutter Mane\n|-end|p1b: Flutter Mane|Protosynthesis|[silent]\n|-ability|p2b: Wat was GF cooking|Grim Neigh|boost\n|-boost|p2b: Wat was GF cooking|spa|1\n|\n|-weather|none\n|upkeep\n|\n|t:|1767710090\n|switch|p1b: Lunala|Lunala, L50, shiny, tera:Water|68/100\n|turn|8\n|inactive|Galact7adi has 30 seconds left.\n|\n|t:|1767710116\n|move|p2b: Wat was GF cooking|Astral Barrage|p1a: Koraidon|[spread] p1a,p1b\n|-damage|p1a: Koraidon|0 fnt\n|-damage|p1b: Lunala|0 fnt\n|faint|p1a: Koraidon\n|faint|p1b: Lunala\n|\n|win|luizhsouza3\n|raw|Galact7adi's rating: 1104 &rarr; <strong>1080</strong><br />(-24 for losing)\n|raw|luizhsouza3's rating: 1115 &rarr; <strong>1139</strong><br />(+24 for winning)\n","uploadtime":1767710126,"views":88,"formatid":"gen9vgc2026regi","rating":1080,"private":0,"password":null}