{"id":"gen9vgc2026regi-2577708929","format":"[Gen 9] VGC 2026 Reg I","players":["Tempest ash","Mirthinion"],"log":"|j|\u2606Tempest ash\n|j|\u2606Mirthinion\n|t:|1775598214\n|gametype|doubles\n|player|p1|Tempest ash|102|1458\n|player|p2|Mirthinion|janitor|1550\n|gen|9\n|tier|[Gen 9] VGC 2026 Reg I\n|rated|\n|rule|Species Clause: Limit one of each Pok\u00e9mon\n|rule|Item Clause: Limit 1 of each item\n|clearpoke\n|poke|p1|Sableye, L50, M|\n|poke|p1|Muk-Alola, L50, F|\n|poke|p1|Flamigo, L50, F|\n|poke|p1|Smeargle, L50, M|\n|poke|p1|Dialga-Origin, L50|\n|poke|p1|Lugia, L50|\n|poke|p2|Calyrex-Shadow, L50|\n|poke|p2|Zamazenta-*, L50|\n|poke|p2|Urshifu-*, L50, M|\n|poke|p2|Incineroar, L50, M|\n|poke|p2|Rillaboom, L50, M|\n|poke|p2|Tornadus, L50, M|\n|teampreview|4\n|inactive|Battle timer is ON: inactive players will automatically lose when time's up. (requested by Mirthinion)\n|j| heybetch\n|inactive|Mirthinion has 60 seconds left.\n|\n|t:|1775598256\n|teamsize|p1|4\n|teamsize|p2|4\n|start\n|switch|p1a: Muk|Muk-Alola, L50, F|100/100\n|switch|p1b: Smeargle|Smeargle, L50, M|100/100\n|switch|p2a: Vangwe|Tornadus, L50, M|100/100\n|switch|p2b: Beowulf|Urshifu-Rapid-Strike, L50, M|100/100\n|turn|1\n|\n|t:|1775598267\n|-terastallize|p2b: Beowulf|Ghost\n|move|p1b: Smeargle|Fake Out|p2b: Beowulf\n|-immune|p2b: Beowulf\n|move|p2a: Vangwe|Rain Dance|p2a: Vangwe\n|-weather|RainDance\n|move|p2b: Beowulf|Surging Strikes|p1a: Muk\n|-crit|p1a: Muk\n|-damage|p1a: Muk|62/100\n|-crit|p1a: Muk\n|-damage|p1a: Muk|27/100\n|-crit|p1a: Muk\n|-damage|p1a: Muk|0 fnt\n|faint|p1a: Muk\n|-hitcount|p1: Muk|3\n|\n|-weather|RainDance|[upkeep]\n|-ability|p1b: Smeargle|Moody|boost\n|-boost|p1b: Smeargle|atk|2\n|-unboost|p1b: Smeargle|spd|1\n|upkeep\n|inactive|Tempest ash has 30 seconds left.\n|\n|t:|1775598293\n|switch|p1a: Lugia|Lugia, L50|100/100\n|turn|2\n|inactive|Tempest ash has 30 seconds left.\n|\n|t:|1775598318\n|move|p2a: Vangwe|Taunt|p1a: Lugia\n|-start|p1a: Lugia|move: Taunt\n|move|p2b: Beowulf|Surging Strikes|p1b: Smeargle\n|-crit|p1b: Smeargle\n|-damage|p1b: Smeargle|4/100\n|-crit|p1b: Smeargle\n|-damage|p1b: Smeargle|0 fnt\n|faint|p1b: Smeargle\n|-hitcount|p1: Smeargle|2\n|move|p1a: Lugia|Aeroblast|p2b: Beowulf\n|-damage|p2b: Beowulf|51/100\n|\n|-weather|RainDance|[upkeep]\n|upkeep\n|\n|t:|1775598324\n|switch|p1b: Dialga|Dialga-Origin, L50|100/100\n|-ability|p1b: Dialga|Pressure\n|turn|3\n|\n|t:|1775598335\n|move|p2a: Vangwe|Taunt|p1b: Dialga\n|-start|p1b: Dialga|move: Taunt\n|move|p2b: Beowulf|Surging Strikes|p1a: Lugia\n|-crit|p1a: Lugia\n|-damage|p1a: Lugia|88/100\n|-crit|p1a: Lugia\n|-damage|p1a: Lugia|64/100\n|-crit|p1a: Lugia\n|-damage|p1a: Lugia|39/100\n|-hitcount|p1a: Lugia|3\n|move|p1a: Lugia|Aeroblast|p2b: Beowulf\n|-damage|p2b: Beowulf|0 fnt\n|faint|p2b: Beowulf\n|move|p1b: Dialga|Dragon Pulse|p2a: Vangwe\n|-damage|p2a: Vangwe|46/100\n|\n|-weather|RainDance|[upkeep]\n|-heal|p1a: Lugia|46/100|[from] item: Leftovers\n|upkeep\n|\n|t:|1775598351\n|switch|p2b: Mithrandir|Calyrex-Shadow, L50|100/100\n|-ability|p2b: Mithrandir|As One\n|-ability|p2b: Mithrandir|Unnerve\n|turn|4\n|\n|t:|1775598358\n|move|p2b: Mithrandir|Astral Barrage|p1b: Dialga|[spread] p1a,p1b\n|-supereffective|p1a: Lugia\n|-damage|p1a: Lugia|0 fnt\n|-damage|p1b: Dialga|65/100\n|faint|p1a: Lugia\n|-ability|p2b: Mithrandir|Grim Neigh|boost\n|-boost|p2b: Mithrandir|spa|1\n|move|p2a: Vangwe|Bleakwind Storm|p1b: Dialga\n|-resisted|p1b: Dialga\n|-damage|p1b: Dialga|50/100\n|move|p1b: Dialga|Dragon Pulse|p2b: Mithrandir\n|-damage|p2b: Mithrandir|54/100\n|\n|-weather|RainDance|[upkeep]\n|upkeep\n|turn|5\n|\n|t:|1775598371\n|move|p2b: Mithrandir|Astral Barrage|p1b: Dialga\n|-damage|p1b: Dialga|0 fnt\n|faint|p1b: Dialga\n|\n|win|Mirthinion\n|raw|Tempest ash's rating: 1458 &rarr; <strong>1443</strong><br />(-15 for losing)\n|raw|Mirthinion's rating: 1550 &rarr; <strong>1565</strong><br />(+15 for winning)\n|l| heybetch\n|l|\u2606Tempest ash\n|player|p1|\n","uploadtime":1775598378,"views":19,"formatid":"gen9vgc2026regi","rating":1443,"private":0,"password":null}