{"id":"gen9vgc2026regi-2529872749","format":"[Gen 9] VGC 2026 Reg I","players":["masterofthecourt","Actoradoboy fan"],"log":"|j|\u2606masterofthecourt\n|j|\u2606Actoradoboy fan\n|t:|1769836308\n|gametype|doubles\n|player|p1|masterofthecourt|266|1503\n|player|p2|Actoradoboy fan|nate|1504\n|gen|9\n|tier|[Gen 9] VGC 2026 Reg I\n|rated|\n|rule|Species Clause: Limit one of each Pok\u00e9mon\n|rule|Item Clause: Limit 1 of each item\n|clearpoke\n|poke|p1|Calyrex-Shadow, L50|\n|poke|p1|Terapagos, L50, M|\n|poke|p1|Smeargle, L50, F|\n|poke|p1|Tornadus, L50, M|\n|poke|p1|Iron Hands, L50|\n|poke|p1|Urshifu-*, L50, M|\n|poke|p2|Kyogre, L50|\n|poke|p2|Rillaboom, L50, M|\n|poke|p2|Urshifu-*, L50, F|\n|poke|p2|Flutter Mane, L50|\n|poke|p2|Amoonguss, L50, M|\n|poke|p2|Calyrex-Ice, L50|\n|teampreview|4\n|inactive|Battle timer is ON: inactive players will automatically lose when time's up. (requested by Actoradoboy fan)\n|inactive|masterofthecourt has 60 seconds left.\n|\n|t:|1769836357\n|teamsize|p1|4\n|teamsize|p2|4\n|start\n|switch|p1a: Smeargle|Smeargle, L50, F|100/100\n|switch|p1b: Terapagos|Terapagos, L50, M|100/100\n|switch|p2a: Flutter Mane|Flutter Mane, L50|100/100\n|switch|p2b: Calyrex|Calyrex-Ice, L50|100/100\n|-activate|p1b: Terapagos|ability: Tera Shift\n|detailschange|p1b: Terapagos|Terapagos-Terastal, L50, M\n|-heal|p1b: Terapagos|100/100|[silent]\n|-ability|p2b: Calyrex|As One\n|-ability|p2b: Calyrex|Unnerve\n|turn|1\n|\n|t:|1769836365\n|move|p1a: Smeargle|Fake Out|p2b: Calyrex\n|-damage|p2b: Calyrex|97/100\n|move|p2a: Flutter Mane|Taunt|p1a: Smeargle\n|-start|p1a: Smeargle|move: Taunt\n|move|p1b: Terapagos|Meteor Beam||[still]\n|-prepare|p1b: Terapagos|Meteor Beam\n|-boost|p1b: Terapagos|spa|1\n|-enditem|p1b: Terapagos|Power Herb\n|-anim|p1b: Terapagos|Meteor Beam|p2a: Flutter Mane\n|-damage|p2a: Flutter Mane|42/100\n|cant|p2b: Calyrex|flinch\n|\n|-heal|p2b: Calyrex|100/100|[from] item: Leftovers\n|-ability|p1a: Smeargle|Moody|boost\n|-boost|p1a: Smeargle|spe|2\n|-unboost|p1a: Smeargle|def|1\n|upkeep\n|turn|2\n|\n|t:|1769836375\n|switch|p1a: Tornadus|Tornadus, L50, M|100/100\n|-terastallize|p1b: Terapagos|Stellar\n|detailschange|p1b: Terapagos|Terapagos-Stellar, L50, M, tera:Stellar\n|-heal|p1b: Terapagos|100/100|[silent]\n|move|p2a: Flutter Mane|Icy Wind|p1b: Terapagos|[spread] p1a\n|-miss|p2a: Flutter Mane|p1b: Terapagos\n|-supereffective|p1a: Tornadus\n|-damage|p1a: Tornadus|69/100\n|move|p1b: Terapagos|Tera Starstorm|p2b: Calyrex|[spread] p2a,p2b\n|-damage|p2a: Flutter Mane|0 fnt\n|-damage|p2b: Calyrex|63/100\n|faint|p2a: Flutter Mane\n|-end|p2a: Flutter Mane|Protosynthesis|[silent]\n|move|p2b: Calyrex|Glacial Lance|p1b: Terapagos|[spread] p1a,p1b\n|-supereffective|p1a: Tornadus\n|-damage|p1a: Tornadus|0 fnt\n|-damage|p1b: Terapagos|67/100\n|faint|p1a: Tornadus\n|-ability|p2b: Calyrex|Chilling Neigh|boost\n|-boost|p2b: Calyrex|atk|1\n|\n|-heal|p2b: Calyrex|69/100|[from] item: Leftovers\n|upkeep\n|\n|t:|1769836381\n|switch|p2a: Urshifu|Urshifu-Rapid-Strike, L50, F|100/100\n|switch|p1a: Smeargle|Smeargle, L50, F|100/100\n|turn|3\n|inactive|masterofthecourt has 30 seconds left.\n|inactive|Actoradoboy fan has 30 seconds left.\n|\n|t:|1769836413\n|move|p1a: Smeargle|Fake Out|p2b: Calyrex\n|-crit|p2b: Calyrex\n|-damage|p2b: Calyrex|63/100\n|move|p2a: Urshifu|Surging Strikes|p1a: Smeargle\n|-crit|p1a: Smeargle\n|-damage|p1a: Smeargle|48/100\n|-crit|p1a: Smeargle\n|-damage|p1a: Smeargle|0 fnt\n|faint|p1a: Smeargle\n|-hitcount|p1: Smeargle|2\n|move|p1b: Terapagos|Tera Starstorm|p2a: Urshifu|[spread] p2a,p2b\n|-damage|p2a: Urshifu|16/100\n|-damage|p2b: Calyrex|28/100\n|cant|p2b: Calyrex|flinch\n|\n|-heal|p2b: Calyrex|34/100|[from] item: Leftovers\n|upkeep\n|\n|t:|1769836418\n|switch|p1a: Calyrex|Calyrex-Shadow, L50|100/100\n|-ability|p1a: Calyrex|As One\n|-ability|p1a: Calyrex|Unnerve\n|turn|4\n|\n|t:|1769836424\n|switch|p2b: Kyogre|Kyogre, L50|100/100\n|-weather|RainDance|[from] ability: Drizzle|[of] p2b: Kyogre\n|move|p2a: Urshifu|Surging Strikes|p1a: Calyrex\n|-crit|p1a: Calyrex\n|-damage|p1a: Calyrex|67/100\n|-crit|p1a: Calyrex\n|-damage|p1a: Calyrex|33/100\n|-crit|p1a: Calyrex\n|-damage|p1a: Calyrex|0 fnt\n|faint|p1a: Calyrex\n|-hitcount|p1: Calyrex|3\n|move|p1b: Terapagos|Tera Starstorm|p2b: Kyogre|[spread] p2a,p2b\n|-damage|p2a: Urshifu|0 fnt\n|-damage|p2b: Kyogre|57/100\n|faint|p2a: Urshifu\n|\n|-weather|RainDance|[upkeep]\n|upkeep\n|\n|t:|1769836425\n|switch|p2a: Calyrex|Calyrex-Ice, L50|34/100\n|-ability|p2a: Calyrex|As One\n|-ability|p2a: Calyrex|Unnerve\n|turn|5\n|\n|t:|1769836433\n|move|p2b: Kyogre|Origin Pulse|p1b: Terapagos\n|-damage|p1b: Terapagos|0 fnt\n|faint|p1b: Terapagos\n|detailschange|p1: Terapagos|Terapagos, L50, M|[silent]\n|\n|win|Actoradoboy fan\n|raw|masterofthecourt's rating: 1503 &rarr; <strong>1483</strong><br />(-20 for losing)\n|raw|Actoradoboy fan's rating: 1504 &rarr; <strong>1524</strong><br />(+20 for winning)\n|l|\u2606masterofthecourt\n|player|p1|\n|l|\u2606Actoradoboy fan\n|player|p2|\n","uploadtime":1769836583,"views":31,"formatid":"gen9vgc2026regi","rating":1483,"private":0,"password":null}