{"id":"gen9vgc2026regi-2577946221","format":"[Gen 9] VGC 2026 Reg I","players":["navinsachump","Serbias"],"log":"|j|\u2606navinsachump\n|j|\u2606Serbias\n|t:|1775624570\n|gametype|doubles\n|player|p1|navinsachump|265|1428\n|player|p2|Serbias|falkner|1335\n|gen|9\n|tier|[Gen 9] VGC 2026 Reg I\n|rated|\n|rule|Species Clause: Limit one of each Pok\u00e9mon\n|rule|Item Clause: Limit 1 of each item\n|clearpoke\n|poke|p1|Calyrex-Shadow, L50|\n|poke|p1|Koraidon, L50|\n|poke|p1|Raging Bolt, L50|\n|poke|p1|Brute Bonnet, L50|\n|poke|p1|Landorus, L50, M|\n|poke|p1|Incineroar, L50, F|\n|poke|p2|Dialga-Origin, L50|\n|poke|p2|Kyurem-Black, L50|\n|poke|p2|Gouging Fire, L50|\n|poke|p2|Ursaluna, L50, F|\n|poke|p2|Urshifu-*, L50, M|\n|poke|p2|Amoonguss, L50, M|\n|teampreview|4\n|inactive|Battle timer is ON: inactive players will automatically lose when time's up. (requested by navinsachump)\n|j| ClinicalSkillIssue\n|inactive|navinsachump has 60 seconds left.\n|inactive|Serbias has 60 seconds left.\n|\n|t:|1775624621\n|teamsize|p1|4\n|teamsize|p2|4\n|start\n|switch|p1a: Calyrex|Calyrex-Shadow, L50|100/100\n|switch|p1b: Koraidon|Koraidon, L50|100/100\n|switch|p2a: Dialga|Dialga-Origin, L50|100/100\n|switch|p2b: Ursaluna|Ursaluna, L50, F|100/100\n|-ability|p1a: Calyrex|As One\n|-ability|p1a: Calyrex|Unnerve\n|-weather|SunnyDay|[from] ability: Orichalcum Pulse|[of] p1b: Koraidon\n|-activate|p1b: Koraidon|Orichalcum Pulse|[source]\n|turn|1\n|\n|t:|1775624637\n|-terastallize|p2a: Dialga|Bug\n|move|p2b: Ursaluna|Protect|p2b: Ursaluna\n|-singleturn|p2b: Ursaluna|Protect\n|move|p1a: Calyrex|Astral Barrage|p2a: Dialga|[spread] p2a\n|-activate|p2b: Ursaluna|move: Protect\n|-damage|p2a: Dialga|62/100\n|move|p1b: Koraidon|Collision Course|p2a: Dialga\n|-resisted|p2a: Dialga\n|-damage|p2a: Dialga|42/100\n|move|p2a: Dialga|Trick Room|p2a: Dialga\n|-fieldstart|move: Trick Room|[of] p2a: Dialga\n|\n|-weather|SunnyDay|[upkeep]\n|-status|p2b: Ursaluna|brn|[from] item: Flame Orb\n|upkeep\n|turn|2\n|inactive|navinsachump has 30 seconds left.\n|inactive|navinsachump has 20 seconds left.\n|\n|t:|1775624674\n|switch|p1b: Landorus|Landorus, L50, M|100/100\n|move|p2b: Ursaluna|Earthquake|p1a: Calyrex|[spread] p1a\n|-activate|p2a: Dialga|ability: Telepathy\n|-immune|p1b: Landorus\n|-damage|p1a: Calyrex|12/100\n|move|p2a: Dialga|Draco Meteor|p1b: Landorus\n|-damage|p1b: Landorus|27/100\n|-unboost|p2a: Dialga|spa|2\n|move|p1a: Calyrex|Psychic|p2a: Dialga\n|-crit|p2a: Dialga\n|-damage|p2a: Dialga|0 fnt\n|faint|p2a: Dialga\n|-ability|p1a: Calyrex|Grim Neigh|boost\n|-boost|p1a: Calyrex|spa|1\n|\n|-weather|SunnyDay|[upkeep]\n|-damage|p2b: Ursaluna|95/100 brn|[from] brn\n|upkeep\n|\n|t:|1775624686\n|switch|p2a: Kyurem|Kyurem-Black, L50|100/100\n|-ability|p2a: Kyurem|Teravolt\n|turn|3\n|\n|t:|1775624696\n|switch|p1a: Incineroar|Incineroar, L50, F|100/100\n|-ability|p1a: Incineroar|Intimidate|boost\n|-unboost|p2a: Kyurem|atk|1\n|-unboost|p2b: Ursaluna|atk|1\n|move|p1b: Landorus|Protect|p1b: Landorus\n|-singleturn|p1b: Landorus|Protect\n|move|p2b: Ursaluna|Facade|p1b: Landorus\n|-activate|p1b: Landorus|move: Protect\n|move|p2a: Kyurem|Icicle Spear|p1a: Incineroar\n|-resisted|p1a: Incineroar\n|-damage|p1a: Incineroar|96/100\n|-resisted|p1a: Incineroar\n|-crit|p1a: Incineroar\n|-damage|p1a: Incineroar|85/100\n|-resisted|p1a: Incineroar\n|-damage|p1a: Incineroar|80/100\n|-resisted|p1a: Incineroar\n|-damage|p1a: Incineroar|76/100\n|-resisted|p1a: Incineroar\n|-damage|p1a: Incineroar|71/100\n|-hitcount|p1a: Incineroar|5\n|\n|-weather|SunnyDay|[upkeep]\n|-damage|p2b: Ursaluna|89/100 brn|[from] brn\n|upkeep\n|turn|4\n|\n|t:|1775624720\n|-terastallize|p1a: Incineroar|Water\n|move|p1a: Incineroar|Fake Out|p2b: Ursaluna\n|-damage|p2b: Ursaluna|82/100 brn\n|cant|p2b: Ursaluna|flinch\n|move|p2a: Kyurem|Icicle Spear|p1b: Landorus\n|-supereffective|p1b: Landorus\n|-damage|p1b: Landorus|0 fnt\n|faint|p1b: Landorus\n|-hitcount|p1: Landorus|1\n|\n|-weather|SunnyDay|[upkeep]\n|-damage|p2b: Ursaluna|76/100 brn|[from] brn\n|upkeep\n|\n|t:|1775624729\n|switch|p1b: Calyrex|Calyrex-Shadow, L50|12/100\n|-ability|p1b: Calyrex|As One\n|-ability|p1b: Calyrex|Unnerve\n|turn|5\n|\n|t:|1775624737\n|switch|p2a: Amoonguss|Amoonguss, L50, M, shiny|100/100\n|move|p1b: Calyrex|Protect|p1b: Calyrex\n|-singleturn|p1b: Calyrex|Protect\n|move|p2b: Ursaluna|Facade|p1a: Incineroar\n|-damage|p1a: Incineroar|0 fnt\n|-damage|p2b: Ursaluna|59/100 brn|[from] item: Rocky Helmet|[of] p1a: Incineroar\n|faint|p1a: Incineroar\n|\n|-weather|none\n|-damage|p2b: Ursaluna|53/100 brn|[from] brn\n|-fieldend|move: Trick Room\n|upkeep\n|\n|t:|1775624744\n|switch|p1a: Koraidon|Koraidon, L50|100/100\n|-weather|SunnyDay|[from] ability: Orichalcum Pulse|[of] p1a: Koraidon\n|-activate|p1a: Koraidon|Orichalcum Pulse|[source]\n|turn|6\n|\n|t:|1775624768\n|move|p1b: Calyrex|Protect||[still]\n|-fail|p1b: Calyrex\n|move|p2a: Amoonguss|Rage Powder|p2a: Amoonguss\n|-singleturn|p2a: Amoonguss|move: Rage Powder\n|move|p1a: Koraidon|Flare Blitz|p2a: Amoonguss\n|-supereffective|p2a: Amoonguss\n|-damage|p2a: Amoonguss|0 fnt\n|-damage|p1a: Koraidon|84/100|[from] item: Rocky Helmet|[of] p2a: Amoonguss\n|faint|p2a: Amoonguss\n|-damage|p1a: Koraidon|49/100|[from] Recoil\n|move|p2b: Ursaluna|Earthquake|p1a: Koraidon|[spread] p1a,p1b\n|-damage|p1a: Koraidon|13/100\n|-damage|p1b: Calyrex|0 fnt\n|faint|p1b: Calyrex\n|\n|-weather|SunnyDay|[upkeep]\n|-damage|p2b: Ursaluna|47/100 brn|[from] brn\n|upkeep\n|\n|t:|1775624779\n|switch|p2a: Kyurem|Kyurem-Black, L50|100/100\n|-ability|p2a: Kyurem|Teravolt\n|turn|7\n|\n|t:|1775624784\n|move|p1a: Koraidon|Collision Course|p2a: Kyurem\n|-supereffective|p2a: Kyurem\n|-damage|p2a: Kyurem|0 fnt\n|faint|p2a: Kyurem\n|move|p2b: Ursaluna|Facade|p1a: Koraidon\n|-damage|p1a: Koraidon|0 fnt\n|faint|p1a: Koraidon\n|\n|win|Serbias\n|raw|navinsachump's rating: 1428 &rarr; <strong>1403</strong><br />(-25 for losing)\n|raw|Serbias's rating: 1335 &rarr; <strong>1360</strong><br />(+25 for winning)\n|c|\u2606Serbias|Gg\n|l|\u2606navinsachump\n|player|p1|\n|l|\u2606Serbias\n|player|p2|\n|l| ClinicalSkillIssue\n","uploadtime":1775624966,"views":10,"formatid":"gen9vgc2026regi","rating":1360,"private":0,"password":null}