{"id":"gen9vgc2026regi-2547233202","format":"[Gen 9] VGC 2026 Reg I","players":["dman12352","lalo's pollos"],"log":"|j|\u2606dman12352\n|j|\u2606lalo's pollos\n|t:|1772060090\n|gametype|doubles\n|player|p1|dman12352|hoopster|1407\n|player|p2|lalo's pollos|266|1400\n|gen|9\n|tier|[Gen 9] VGC 2026 Reg I\n|rated|\n|rule|Species Clause: Limit one of each Pok\u00e9mon\n|rule|Item Clause: Limit 1 of each item\n|clearpoke\n|poke|p1|Incineroar, L50, M|\n|poke|p1|Calyrex-Shadow, L50|\n|poke|p1|Iron Bundle, L50|\n|poke|p1|Koraidon, L50|\n|poke|p1|Raging Bolt, L50|\n|poke|p1|Kingambit, L50, F|\n|poke|p2|Zamazenta-*, L50|\n|poke|p2|Lunala, L50|\n|poke|p2|Rillaboom, L50, F|\n|poke|p2|Incineroar, L50, M|\n|poke|p2|Urshifu-*, L50, M|\n|poke|p2|Tornadus, L50, M|\n|teampreview|4\n|inactive|Battle timer is ON: inactive players will automatically lose when time's up. (requested by dman12352)\n|\n|t:|1772060120\n|teamsize|p1|4\n|teamsize|p2|4\n|start\n|switch|p1a: Raging Bolt|Raging Bolt, L50|100/100\n|switch|p1b: Koraidon|Koraidon, L50|100/100\n|switch|p2a: Tornadus|Tornadus, L50, M|100/100\n|switch|p2b: Zamazenta|Zamazenta-Crowned, L50|100/100\n|-ability|p2b: Zamazenta|Dauntless Shield|boost\n|-boost|p2b: Zamazenta|def|1\n|-weather|SunnyDay|[from] ability: Orichalcum Pulse|[of] p1b: Koraidon\n|-activate|p1a: Raging Bolt|ability: Protosynthesis\n|-start|p1a: Raging Bolt|protosynthesisspa\n|-activate|p1b: Koraidon|Orichalcum Pulse|[source]\n|turn|1\n|inactive|dman12352 has 30 seconds left.\n|inactive|dman12352 has 20 seconds left.\n|inactive|dman12352 has 15 seconds left.\n|inactive|dman12352 has 10 seconds left.\n|inactive|dman12352 has 5 seconds left.\n|\n|t:|1772060176\n|move|p2b: Zamazenta|Protect|p2b: Zamazenta\n|-singleturn|p2b: Zamazenta|Protect\n|move|p2a: Tornadus|Bleakwind Storm|p1b: Koraidon|[spread] p1a,p1b\n|-resisted|p1a: Raging Bolt\n|-supereffective|p1b: Koraidon\n|-damage|p1a: Raging Bolt|90/100\n|-damage|p1b: Koraidon|32/100\n|-unboost|p1a: Raging Bolt|spe|1\n|move|p1b: Koraidon|Collision Course|p2b: Zamazenta\n|-activate|p2b: Zamazenta|move: Protect\n|move|p1a: Raging Bolt|Volt Switch|p2a: Tornadus\n|-supereffective|p2a: Tornadus\n|-enditem|p2a: Tornadus|Focus Sash\n|-damage|p2a: Tornadus|1/100\n|\n|t:|1772060190\n|-end|p1a: Raging Bolt|Protosynthesis|[silent]\n|switch|p1a: Calyrex|Calyrex-Shadow, L50|100/100|[from] Volt Switch\n|-ability|p1a: Calyrex|As One\n|-ability|p1a: Calyrex|Unnerve\n|\n|-weather|SunnyDay|[upkeep]\n|upkeep\n|turn|2\n|\n|t:|1772060211\n|switch|p1b: Raging Bolt|Raging Bolt, L50|90/100\n|-activate|p1b: Raging Bolt|ability: Protosynthesis\n|-start|p1b: Raging Bolt|protosynthesisspa\n|move|p2a: Tornadus|Tailwind|p2a: Tornadus\n|-sidestart|p2: lalo's pollos|move: Tailwind\n|move|p2b: Zamazenta|Body Press|p1b: Raging Bolt\n|-damage|p1b: Raging Bolt|35/100\n|move|p1a: Calyrex|Psychic|p2b: Zamazenta\n|-damage|p2b: Zamazenta|56/100\n|\n|-weather|SunnyDay|[upkeep]\n|upkeep\n|turn|3\n|inactive|dman12352 has 30 seconds left.\n|\n|t:|1772060240\n|move|p1b: Raging Bolt|Thunderclap|p2b: Zamazenta\n|-damage|p2b: Zamazenta|15/100\n|move|p2a: Tornadus|Bleakwind Storm|p1b: Raging Bolt|[spread] \n|-miss|p2a: Tornadus|p1a: Calyrex\n|-miss|p2a: Tornadus|p1b: Raging Bolt\n|move|p2b: Zamazenta|Body Press|p1b: Raging Bolt\n|-damage|p1b: Raging Bolt|0 fnt\n|faint|p1b: Raging Bolt\n|-end|p1b: Raging Bolt|Protosynthesis|[silent]\n|move|p1a: Calyrex|Psychic|p2b: Zamazenta\n|-damage|p2b: Zamazenta|0 fnt\n|faint|p2b: Zamazenta\n|-ability|p1a: Calyrex|Grim Neigh|boost\n|-boost|p1a: Calyrex|spa|1\n|\n|-weather|SunnyDay|[upkeep]\n|upkeep\n|\n|t:|1772060249\n|switch|p2b: Urshifu|Urshifu-Rapid-Strike, L50, M|100/100\n|switch|p1b: Kingambit|Kingambit, L50, F|100/100\n|turn|4\n|\n|t:|1772060257\n|move|p2a: Tornadus|Rain Dance|p2a: Tornadus\n|-weather|RainDance\n|move|p1b: Kingambit|Sucker Punch||[still]\n|-fail|p1b: Kingambit\n|move|p2b: Urshifu|Surging Strikes|p1a: Calyrex\n|-crit|p1a: Calyrex\n|-damage|p1a: Calyrex|48/100\n|-crit|p1a: Calyrex\n|-damage|p1a: Calyrex|0 fnt\n|faint|p1a: Calyrex\n|-hitcount|p1: Calyrex|2\n|\n|-weather|RainDance|[upkeep]\n|upkeep\n|\n|t:|1772060263\n|switch|p1a: Koraidon|Koraidon, L50|32/100\n|-weather|SunnyDay|[from] ability: Orichalcum Pulse|[of] p1a: Koraidon\n|-activate|p1a: Koraidon|Orichalcum Pulse|[source]\n|turn|5\n|\n|t:|1772060274\n|move|p2a: Tornadus|Rain Dance|p2a: Tornadus\n|-weather|RainDance\n|move|p2b: Urshifu|Surging Strikes|p1a: Koraidon\n|-resisted|p1a: Koraidon\n|-crit|p1a: Koraidon\n|-damage|p1a: Koraidon|18/100\n|-resisted|p1a: Koraidon\n|-crit|p1a: Koraidon\n|-damage|p1a: Koraidon|3/100\n|-resisted|p1a: Koraidon\n|-crit|p1a: Koraidon\n|-damage|p1a: Koraidon|0 fnt\n|faint|p1a: Koraidon\n|-hitcount|p1: Koraidon|3\n|move|p1b: Kingambit|Kowtow Cleave|p2b: Urshifu\n|-resisted|p2b: Urshifu\n|-damage|p2b: Urshifu|68/100\n|\n|-weather|RainDance|[upkeep]\n|-sideend|p2: lalo's pollos|move: Tailwind\n|upkeep\n|turn|6\n|-message|dman12352 forfeited.\n|\n|win|lalo's pollos\n|raw|dman12352's rating: 1407 &rarr; <strong>1387</strong><br />(-20 for losing)\n|raw|lalo&apos;s pollos's rating: 1400 &rarr; <strong>1420</strong><br />(+20 for winning)\n|l|\u2606dman12352\n|player|p1|\n","uploadtime":1772060435,"views":12,"formatid":"gen9vgc2026regi","rating":1387,"private":0,"password":null}