{"id":"gen9vgc2026regi-2517772126","format":"[Gen 9] VGC 2026 Reg I","players":["blackred123\u6c38\u96cf\u5854\u83f2\u4fa0","3rgutti"],"log":"|j|\u2606blackred123\u6c38\u96cf\u5854\u83f2\u4fa0\n|j|\u26063rgutti\n|t:|1768310672\n|gametype|doubles\n|player|p1|blackred123\u6c38\u96cf\u5854\u83f2\u4fa0|iono-masters|1230\n|player|p2|3rgutti|265|1259\n|gen|9\n|tier|[Gen 9] VGC 2026 Reg I\n|rated|\n|rule|Species Clause: Limit one of each Pok\u00e9mon\n|rule|Item Clause: Limit 1 of each item\n|clearpoke\n|poke|p1|Calyrex-Ice, L50|\n|poke|p1|Kyogre, L50|\n|poke|p1|Smeargle, L50, M|\n|poke|p1|Rillaboom, L50, F|\n|poke|p1|Urshifu-*, L50, M|\n|poke|p1|Landorus, L50, M|\n|poke|p2|Rillaboom, L50, M|\n|poke|p2|Tornadus, L50, M|\n|poke|p2|Gholdengo, L50|\n|poke|p2|Regidrago, L50|\n|poke|p2|Urshifu-*, L50, M|\n|poke|p2|Farigiraf, L50, M|\n|teampreview|4\n|inactive|Battle timer is ON: inactive players will automatically lose when time's up. (requested by blackred123\u6c38\u96cf\u5854\u83f2\u4fa0)\n|inactive|3rgutti has 60 seconds left.\n|inactive|3rgutti has 30 seconds left.\n|inactive|3rgutti has 20 seconds left.\n|inactive|3rgutti has 15 seconds left.\n|inactive|3rgutti has 10 seconds left.\n|\n|t:|1768310755\n|teamsize|p1|4\n|teamsize|p2|4\n|start\n|switch|p1a: \u9e7f\u51a0\u738b|Calyrex-Ice, L50|100/100\n|switch|p1b: \u5c0f\u7b14\u7ea2\u80bf|Smeargle, L50, M, shiny|100/100\n|switch|p2a: Regidrago|Regidrago, L50|100/100\n|switch|p2b: Farigiraf|Farigiraf, L50, M|100/100\n|-ability|p1a: \u9e7f\u51a0\u738b|As One\n|-ability|p1a: \u9e7f\u51a0\u738b|Unnerve\n|turn|1\n|\n|t:|1768310765\n|move|p1a: \u9e7f\u51a0\u738b|Protect|p1a: \u9e7f\u51a0\u738b\n|-singleturn|p1a: \u9e7f\u51a0\u738b|Protect\n|move|p1b: \u5c0f\u7b14\u7ea2\u80bf|Spore|p2a: Regidrago\n|-status|p2a: Regidrago|slp|[from] move: Spore\n|cant|p2a: Regidrago|slp\n|move|p2b: Farigiraf|Foul Play|p1a: \u9e7f\u51a0\u738b\n|-activate|p1a: \u9e7f\u51a0\u738b|move: Protect\n|\n|-ability|p1b: \u5c0f\u7b14\u7ea2\u80bf|Moody|boost\n|-boost|p1b: \u5c0f\u7b14\u7ea2\u80bf|def|2\n|-unboost|p1b: \u5c0f\u7b14\u7ea2\u80bf|spd|1\n|upkeep\n|turn|2\n|\n|t:|1768310788\n|switch|p2b: Gholdengo|Gholdengo, L50|100/100\n|-terastallize|p2a: Regidrago|Steel\n|-terastallize|p1a: \u9e7f\u51a0\u738b|Grass\n|move|p1b: \u5c0f\u7b14\u7ea2\u80bf|Spore|p2b: Gholdengo\n|-immune|p2b: Gholdengo|[from] ability: Good as Gold\n|-curestatus|p2a: Regidrago|slp|[msg]\n|move|p2a: Regidrago|Dragon Energy|p1a: \u9e7f\u51a0\u738b|[spread] p1a,p1b\n|-damage|p1a: \u9e7f\u51a0\u738b|48/100\n|-enditem|p1b: \u5c0f\u7b14\u7ea2\u80bf|Focus Sash\n|-damage|p1b: \u5c0f\u7b14\u7ea2\u80bf|1/100\n|move|p1a: \u9e7f\u51a0\u738b|Glacial Lance|p2a: Regidrago|[spread] p2a,p2b\n|-resisted|p2a: Regidrago\n|-resisted|p2b: Gholdengo\n|-damage|p2a: Regidrago|77/100\n|-damage|p2b: Gholdengo|68/100\n|\n|-heal|p1a: \u9e7f\u51a0\u738b|54/100|[from] item: Leftovers\n|-ability|p1b: \u5c0f\u7b14\u7ea2\u80bf|Moody|boost\n|-boost|p1b: \u5c0f\u7b14\u7ea2\u80bf|def|2\n|-unboost|p1b: \u5c0f\u7b14\u7ea2\u80bf|spd|1\n|upkeep\n|turn|3\n|inactive|3rgutti has 30 seconds left.\n|inactive|3rgutti has 20 seconds left.\n|inactive|3rgutti has 15 seconds left.\n|inactive|3rgutti has 10 seconds left.\n|\n|t:|1768310836\n|move|p2a: Regidrago|Protect|p2a: Regidrago\n|-singleturn|p2a: Regidrago|Protect\n|move|p1a: \u9e7f\u51a0\u738b|Protect|p1a: \u9e7f\u51a0\u738b\n|-singleturn|p1a: \u9e7f\u51a0\u738b|Protect\n|move|p1b: \u5c0f\u7b14\u7ea2\u80bf|Decorate|p1a: \u9e7f\u51a0\u738b\n|-boost|p1a: \u9e7f\u51a0\u738b|atk|2\n|-boost|p1a: \u9e7f\u51a0\u738b|spa|2\n|move|p2b: Gholdengo|Make It Rain|p1a: \u9e7f\u51a0\u738b|[spread] p1b\n|-activate|p1a: \u9e7f\u51a0\u738b|move: Protect\n|-damage|p1b: \u5c0f\u7b14\u7ea2\u80bf|0 fnt\n|-unboost|p2b: Gholdengo|spa|1\n|faint|p1b: \u5c0f\u7b14\u7ea2\u80bf\n|-damage|p2b: Gholdengo|58/100|[from] item: Life Orb\n|\n|-heal|p1a: \u9e7f\u51a0\u738b|59/100|[from] item: Leftovers\n|upkeep\n|\n|t:|1768310851\n|switch|p1b: \u662f\u76d6\u4e0d\u662fgay|Kyogre, L50|100/100\n|-weather|RainDance|[from] ability: Drizzle|[of] p1b: \u662f\u76d6\u4e0d\u662fgay\n|turn|4\n|\n|t:|1768310861\n|move|p1b: \u662f\u76d6\u4e0d\u662fgay|Water Spout|p2a: Regidrago|[spread] p2a,p2b\n|-damage|p2a: Regidrago|0 fnt\n|-damage|p2b: Gholdengo|0 fnt\n|faint|p2a: Regidrago\n|faint|p2b: Gholdengo\n|move|p1a: \u9e7f\u51a0\u738b|Trick Room|p1a: \u9e7f\u51a0\u738b\n|-fieldstart|move: Trick Room|[of] p1a: \u9e7f\u51a0\u738b\n|\n|-weather|RainDance|[upkeep]\n|-heal|p1a: \u9e7f\u51a0\u738b|65/100|[from] item: Leftovers\n|upkeep\n|\n|t:|1768310864\n|switch|p2b: Farigiraf|Farigiraf, L50, M|100/100\n|switch|p2a: Urshifu|Urshifu-Rapid-Strike, L50, M|100/100\n|turn|5\n|\n|t:|1768310876\n|move|p1a: \u9e7f\u51a0\u738b|Glacial Lance|p2b: Farigiraf|[spread] p2a,p2b\n|-resisted|p2a: Urshifu\n|-damage|p2a: Urshifu|50/100\n|-damage|p2b: Farigiraf|0 fnt\n|faint|p2b: Farigiraf\n|-ability|p1a: \u9e7f\u51a0\u738b|Chilling Neigh|boost\n|-boost|p1a: \u9e7f\u51a0\u738b|atk|1\n|move|p1b: \u662f\u76d6\u4e0d\u662fgay|Water Spout|p2a: Urshifu\n|-resisted|p2a: Urshifu\n|-damage|p2a: Urshifu|0 fnt\n|faint|p2a: Urshifu\n|\n|win|blackred123\u6c38\u96cf\u5854\u83f2\u4fa0\n|raw|blackred123\u6c38\u96cf\u5854\u83f2\u4fa0's rating: 1230 &rarr; <strong>1257</strong><br />(+27 for winning)\n|raw|3rgutti's rating: 1259 &rarr; <strong>1232</strong><br />(-27 for losing)\n|l|\u26063rgutti\n|player|p2|\n","uploadtime":1768311132,"views":11,"formatid":"gen9vgc2026regi","rating":1232,"private":0,"password":null}