{"id":"gen9vgc2026regi-2573277990","format":"[Gen 9] VGC 2026 Reg I","players":["chrisjhall12","Dissidente"],"log":"|j|\u2606chrisjhall12\n|j|\u2606Dissidente\n|t:|1775114073\n|gametype|doubles\n|player|p1|chrisjhall12|dawn|1507\n|player|p2|Dissidente|proton|1374\n|gen|9\n|tier|[Gen 9] VGC 2026 Reg I\n|rated|\n|rule|Species Clause: Limit one of each Pok\u00e9mon\n|rule|Item Clause: Limit 1 of each item\n|clearpoke\n|poke|p1|Zamazenta-*, L50|\n|poke|p1|Miraidon, L50|\n|poke|p1|Chien-Pao, L50|\n|poke|p1|Whimsicott, L50, F|\n|poke|p1|Ogerpon-Hearthflame, L50, F|\n|poke|p1|Dragonite, L50, M|\n|poke|p2|Kyogre, L50|\n|poke|p2|Tornadus, L50, M|\n|poke|p2|Amoonguss, L50, F|\n|poke|p2|Tsareena, L50, F|\n|poke|p2|Incineroar, L50, M|\n|poke|p2|Calyrex-Ice, L50|\n|teampreview|4\nDissidente rejected open team sheets.\n|inactive|Battle timer is ON: inactive players will automatically lose when time's up. (requested by Dissidente)\n|\n|t:|1775114119\n|teamsize|p1|4\n|teamsize|p2|4\n|start\n|switch|p1a: Miraidon|Miraidon, L50|100/100\n|switch|p1b: Zamazenta|Zamazenta-Crowned, L50|100/100\n|switch|p2a: Calyrex|Calyrex-Ice, L50|100/100\n|switch|p2b: Incineroar|Incineroar, L50, M|100/100\n|-ability|p2a: Calyrex|As One\n|-ability|p2a: Calyrex|Unnerve\n|-ability|p1b: Zamazenta|Dauntless Shield|boost\n|-boost|p1b: Zamazenta|def|1\n|-fieldstart|move: Electric Terrain|[from] ability: Hadron Engine|[of] p1a: Miraidon\n|-ability|p2b: Incineroar|Intimidate|boost\n|-unboost|p1a: Miraidon|atk|1\n|-unboost|p1b: Zamazenta|atk|1\n|turn|1\n|\n|t:|1775114136\n|switch|p1a: Whimsicott|Whimsicott, L50, F|100/100\n|-terastallize|p2a: Calyrex|Ground\n|move|p1b: Zamazenta|Wide Guard|p1b: Zamazenta\n|-singleturn|p1b: Zamazenta|Wide Guard\n|move|p2b: Incineroar|Fake Out|p1b: Zamazenta\n|-resisted|p1b: Zamazenta\n|-damage|p1b: Zamazenta|98/100\n|move|p2a: Calyrex|Trick Room|p2a: Calyrex\n|-fieldstart|move: Trick Room|[of] p2a: Calyrex\n|\n|upkeep\n|turn|2\n|\n|t:|1775114153\n|switch|p2b: Tsareena|Tsareena, L50, F|100/100\n|move|p1a: Whimsicott|Encore||[still]\n|cant|p2b: Tsareena|ability: Queenly Majesty|Encore|[of] p1a: Whimsicott\n|move|p2a: Calyrex|Glacial Lance|p1b: Zamazenta|[spread] p1a,p1b\n|-supereffective|p1a: Whimsicott\n|-resisted|p1b: Zamazenta\n|-damage|p1a: Whimsicott|0 fnt\n|-damage|p1b: Zamazenta|86/100\n|faint|p1a: Whimsicott\n|-ability|p2a: Calyrex|Chilling Neigh|boost\n|-boost|p2a: Calyrex|atk|1\n|move|p1b: Zamazenta|Body Press|p2b: Tsareena\n|-damage|p2b: Tsareena|19/100\n|\n|upkeep\n|\n|t:|1775114170\n|switch|p1a: Chien-Pao|Chien-Pao, L50|100/100\n|-ability|p1a: Chien-Pao|Sword of Ruin\n|turn|3\n|\n|t:|1775114190\n|move|p1a: Chien-Pao|Protect|p1a: Chien-Pao\n|-singleturn|p1a: Chien-Pao|Protect\n|move|p2a: Calyrex|High Horsepower|p1a: Chien-Pao\n|-activate|p1a: Chien-Pao|move: Protect\n|move|p2b: Tsareena|Triple Axel|p1a: Chien-Pao\n|-activate|p1a: Chien-Pao|move: Protect\n|move|p1b: Zamazenta|Body Press|p2b: Tsareena\n|-damage|p2b: Tsareena|0 fnt\n|faint|p2b: Tsareena\n|\n|upkeep\n|\n|t:|1775114192\n|switch|p2b: Amoonguss|Amoonguss, L50, F|100/100\n|turn|4\n|inactive|chrisjhall12 has 30 seconds left.\n|inactive|Dissidente has 30 seconds left.\n|inactive|chrisjhall12 has 20 seconds left.\n|inactive|chrisjhall12 has 15 seconds left.\n|inactive|chrisjhall12 has 10 seconds left.\n|\n|t:|1775114238\n|switch|p1a: Miraidon|Miraidon, L50|100/100\n|-activate|p1a: Miraidon|ability: Hadron Engine\n|-terastallize|p1b: Zamazenta|Dragon\n|move|p2b: Amoonguss|Spore|p1a: Miraidon\n|-activate|p1a: Miraidon|move: Electric Terrain\n|move|p2a: Calyrex|High Horsepower|p1a: Miraidon\n|-supereffective|p1a: Miraidon\n|-damage|p1a: Miraidon|0 fnt\n|faint|p1a: Miraidon\n|-ability|p2a: Calyrex|Chilling Neigh|boost\n|-boost|p2a: Calyrex|atk|1\n|move|p1b: Zamazenta|Body Press|p2a: Calyrex\n|-damage|p2a: Calyrex|53/100\n|\n|upkeep\n|\n|t:|1775114255\n|switch|p1a: Chien-Pao|Chien-Pao, L50|100/100\n|-ability|p1a: Chien-Pao|Sword of Ruin\n|turn|5\n|\n|t:|1775114272\n|switch|p2b: Incineroar|Incineroar, L50, M|100/100\n|-ability|p2b: Incineroar|Intimidate|boost\n|-unboost|p1a: Chien-Pao|atk|1\n|-unboost|p1b: Zamazenta|atk|1\n|move|p2a: Calyrex|Protect|p2a: Calyrex\n|-singleturn|p2a: Calyrex|Protect\n|move|p1b: Zamazenta|Protect|p1b: Zamazenta\n|-singleturn|p1b: Zamazenta|Protect\n|move|p1a: Chien-Pao|Protect||[still]\n|-fail|p1a: Chien-Pao\n|\n|-fieldend|move: Trick Room\n|-fieldend|move: Electric Terrain\n|upkeep\n|turn|6\n|\n|t:|1775114286\n|move|p2b: Incineroar|Fake Out|p1a: Chien-Pao\n|-damage|p1a: Chien-Pao|80/100\n|cant|p1a: Chien-Pao|flinch\n|move|p1b: Zamazenta|Body Press|p2a: Calyrex\n|-damage|p2a: Calyrex|0 fnt\n|faint|p2a: Calyrex\n|\n|upkeep\n|\n|t:|1775114294\n|switch|p2a: Amoonguss|Amoonguss, L50, F|100/100\n|turn|7\n|\n|t:|1775114303\n|move|p1a: Chien-Pao|Icicle Crash|p2a: Amoonguss\n|-supereffective|p2a: Amoonguss\n|-damage|p2a: Amoonguss|46/100\n|move|p1b: Zamazenta|Body Press|p2b: Incineroar\n|-supereffective|p2b: Incineroar\n|-damage|p2b: Incineroar|0 fnt\n|faint|p2b: Incineroar\n|cant|p2a: Amoonguss|flinch\n|\n|upkeep\n|turn|8\n|-message|Dissidente forfeited.\n|\n|win|chrisjhall12\n|raw|chrisjhall12's rating: 1507 &rarr; <strong>1520</strong><br />(+13 for winning)\n|raw|Dissidente's rating: 1374 &rarr; <strong>1361</strong><br />(-13 for losing)\n|l|\u2606Dissidente\n|player|p2|\n|l|\u2606chrisjhall12\n|player|p1|\n","uploadtime":1775114455,"views":16,"formatid":"gen9vgc2026regi","rating":1361,"private":0,"password":null}