{"id":"gen9vgc2026regi-2568784755","format":"[Gen 9] VGC 2026 Reg I","players":["pzyxhic","Hedgehogwarrior"],"log":"|j|\u2606pzyxhic\n|j|\u2606Hedgehogwarrior\n|t:|1774622755\n|gametype|doubles\n|player|p1|pzyxhic|169|1343\n|player|p2|Hedgehogwarrior|101|1346\n|gen|9\n|tier|[Gen 9] VGC 2026 Reg I\n|rated|\n|rule|Species Clause: Limit one of each Pok\u00e9mon\n|rule|Item Clause: Limit 1 of each item\n|clearpoke\n|poke|p1|Ho-Oh, L50|\n|poke|p1|Calyrex-Ice, L50|\n|poke|p1|Raging Bolt, L50|\n|poke|p1|Ting-Lu, L50|\n|poke|p1|Sinistcha-Masterpiece, L50|\n|poke|p1|Incineroar, L50, F|\n|poke|p2|Lunala, L50|\n|poke|p2|Indeedee-F, L50, F|\n|poke|p2|Urshifu-*, L50, M|\n|poke|p2|Chien-Pao, L50|\n|poke|p2|Koraidon, L50|\n|poke|p2|Ursaluna, L50, F|\n|teampreview|4\n|\n|t:|1774622821\n|teamsize|p1|4\n|teamsize|p2|4\n|start\n|switch|p1a: Ho-Oh|Ho-Oh, L50|100/100\n|switch|p1b: Ting-Lu|Ting-Lu, L50|100/100\n|switch|p2a: Chien-Pao|Chien-Pao, L50|100/100\n|switch|p2b: Lunala|Lunala, L50|100/100\n|-ability|p2a: Chien-Pao|Sword of Ruin\n|-ability|p1b: Ting-Lu|Vessel of Ruin\n|turn|1\n|\n|t:|1774622876\n|move|p1a: Ho-Oh|Protect|p1a: Ho-Oh\n|-singleturn|p1a: Ho-Oh|Protect\n|move|p2a: Chien-Pao|Ice Spinner|p1b: Ting-Lu\n|-supereffective|p1b: Ting-Lu\n|-damage|p1b: Ting-Lu|39/100\n|move|p2b: Lunala|Moongeist Beam|p1a: Ho-Oh\n|-activate|p1a: Ho-Oh|move: Protect\n|move|p1b: Ting-Lu|Payback|p2b: Lunala\n|-supereffective|p2b: Lunala\n|-crit|p2b: Lunala\n|-damage|p2b: Lunala|11/100\n|\n|-heal|p1b: Ting-Lu|45/100|[from] item: Leftovers\n|upkeep\n|turn|2\n|\n|t:|1774622907\n|move|p1b: Ting-Lu|Protect|p1b: Ting-Lu\n|-singleturn|p1b: Ting-Lu|Protect\n|move|p2a: Chien-Pao|Ice Spinner|p1b: Ting-Lu\n|-activate|p1b: Ting-Lu|move: Protect\n|move|p2b: Lunala|Moongeist Beam|p1a: Ho-Oh\n|-damage|p1a: Ho-Oh|78/100\n|move|p1a: Ho-Oh|Sacred Fire|p2a: Chien-Pao\n|-supereffective|p2a: Chien-Pao\n|-enditem|p2a: Chien-Pao|Focus Sash\n|-damage|p2a: Chien-Pao|1/100\n|-status|p2a: Chien-Pao|brn\n|\n|-heal|p1b: Ting-Lu|51/100|[from] item: Leftovers\n|-damage|p2a: Chien-Pao|0 fnt|[from] brn\n|faint|p2a: Chien-Pao\n|upkeep\n|\n|t:|1774622927\n|switch|p2a: Koraidon|Koraidon, L50|100/100\n|-weather|SunnyDay|[from] ability: Orichalcum Pulse|[of] p2a: Koraidon\n|-activate|p2a: Koraidon|Orichalcum Pulse|[source]\n|turn|3\n|\n|t:|1774622941\n|switch|p1b: Sinistcha|Sinistcha-Masterpiece, L50|100/100\n|-heal|p1a: Ho-Oh|100/100|[from] ability: Hospitality|[of] p1b: Sinistcha\n|move|p2a: Koraidon|Collision Course|p1b: Sinistcha\n|-immune|p1b: Sinistcha\n|move|p2b: Lunala|Moongeist Beam|p1b: Sinistcha\n|-supereffective|p1b: Sinistcha\n|-damage|p1b: Sinistcha|0 fnt\n|faint|p1b: Sinistcha\n|move|p1a: Ho-Oh|Brave Bird|p2b: Lunala\n|-damage|p2b: Lunala|0 fnt\n|faint|p2b: Lunala\n|-damage|p1a: Ho-Oh|96/100|[from] Recoil\n|\n|-weather|SunnyDay|[upkeep]\n|upkeep\n|\n|t:|1774622962\n|switch|p2b: Ursaluna|Ursaluna, L50, F|100/100\n|switch|p1b: Calyrex|Calyrex-Ice, L50|100/100\n|-ability|p1b: Calyrex|As One\n|-ability|p1b: Calyrex|Unnerve\n|turn|4\n|\n|t:|1774622992\n|-terastallize|p1b: Calyrex|Water\n|move|p2a: Koraidon|Protect|p2a: Koraidon\n|-singleturn|p2a: Koraidon|Protect\n|move|p2b: Ursaluna|Protect|p2b: Ursaluna\n|-singleturn|p2b: Ursaluna|Protect\n|move|p1a: Ho-Oh|Brave Bird|p2a: Koraidon\n|-activate|p2a: Koraidon|move: Protect\n|move|p1b: Calyrex|Glacial Lance|p2b: Ursaluna|[spread] \n|-activate|p2a: Koraidon|move: Protect\n|-activate|p2b: Ursaluna|move: Protect\n|\n|-weather|SunnyDay|[upkeep]\n|-status|p2b: Ursaluna|brn|[from] item: Flame Orb\n|upkeep\n|turn|5\n|\n|t:|1774623023\n|-terastallize|p2a: Koraidon|Steel\n|move|p2a: Koraidon|Collision Course|p1b: Calyrex\n|-damage|p1b: Calyrex|55/100\n|move|p1a: Ho-Oh|Life Dew|p1a: Ho-Oh|[spread] p1a,p1b\n|-heal|p1a: Ho-Oh|100/100\n|-heal|p1b: Calyrex|80/100\n|move|p1b: Calyrex|Leech Seed|p2b: Ursaluna\n|-start|p2b: Ursaluna|move: Leech Seed\n|move|p2b: Ursaluna|Facade|p1b: Calyrex\n|-damage|p1b: Calyrex|11/100\n|\n|-weather|SunnyDay|[upkeep]\n|-damage|p2b: Ursaluna|88/100 brn|[from] Leech Seed|[of] p1b: Calyrex\n|-heal|p1b: Calyrex|27/100|[silent]\n|-damage|p2b: Ursaluna|82/100 brn|[from] brn\n|upkeep\n|turn|6\n|\n|t:|1774623049\n|move|p1b: Calyrex|Protect|p1b: Calyrex\n|-singleturn|p1b: Calyrex|Protect\n|move|p2a: Koraidon|Collision Course|p1b: Calyrex\n|-activate|p1b: Calyrex|move: Protect\n|move|p1a: Ho-Oh|Sacred Fire|p2a: Koraidon\n|-supereffective|p2a: Koraidon\n|-damage|p2a: Koraidon|0 fnt\n|faint|p2a: Koraidon\n|move|p2b: Ursaluna|Facade|p1a: Ho-Oh\n|-damage|p1a: Ho-Oh|17/100\n|\n|-weather|SunnyDay|[upkeep]\n|-damage|p2b: Ursaluna|70/100 brn|[from] Leech Seed|[of] p1b: Calyrex\n|-heal|p1b: Calyrex|42/100|[silent]\n|-damage|p2b: Ursaluna|64/100 brn|[from] brn\n|upkeep\n|turn|7\n|-message|Hedgehogwarrior forfeited.\n|\n|win|pzyxhic\n|raw|pzyxhic's rating: 1343 &rarr; <strong>1363</strong><br />(+20 for winning)\n|raw|Hedgehogwarrior's rating: 1346 &rarr; <strong>1326</strong><br />(-20 for losing)\n|l|\u2606Hedgehogwarrior\n|player|p2|\n|l|\u2606pzyxhic\n|player|p1|\n","uploadtime":1774623202,"views":12,"formatid":"gen9vgc2026regi","rating":1326,"private":0,"password":null}