{"id":"gen9vgc2026regi-2528639542","format":"[Gen 9] VGC 2026 Reg I","players":["blackred123","dasabe\u76d6\u6b27\u5361\u4fa0"],"log":"|j|\u2606blackred123\n|j|\u2606dasabe\u76d6\u6b27\u5361\u4fa0\n|t:|1769689828\n|gametype|doubles\n|player|p1|blackred123|iono-masters|1424\n|player|p2|dasabe\u76d6\u6b27\u5361\u4fa0|may-masters4|1689\n|gen|9\n|tier|[Gen 9] VGC 2026 Reg I\n|rated|\n|rule|Species Clause: Limit one of each Pok\u00e9mon\n|rule|Item Clause: Limit 1 of each item\n|clearpoke\n|poke|p1|Zacian-*, L50|\n|poke|p1|Kyogre, L50|\n|poke|p1|Amoonguss, L50, F|\n|poke|p1|Incineroar, L50, F|\n|poke|p1|Urshifu-*, L50, M|\n|poke|p1|Iron Jugulis, L50|\n|poke|p2|Calyrex-Shadow, L50|\n|poke|p2|Koraidon, L50|\n|poke|p2|Chi-Yu, L50|\n|poke|p2|Tornadus, L50, M|\n|poke|p2|Indeedee-F, L50, F|\n|poke|p2|Smeargle, L50, F|\n|teampreview|4\n|inactive|Battle timer is ON: inactive players will automatically lose when time's up. (requested by blackred123)\n|c|\u2606dasabe\u76d6\u6b27\u5361\u4fa0|\u4f60\u5988\n|inactive|blackred123 has 60 seconds left.\n|inactive|dasabe\u76d6\u6b27\u5361\u4fa0 has 60 seconds left.\n|j| liontian\n|\n|t:|1769689864\n|teamsize|p1|4\n|teamsize|p2|4\n|start\n|switch|p1a: \u4e3b\u4eba\ud83d\ude2d\ud83e\udd75|Incineroar, L50, F|100/100\n|switch|p1b: \u55f7\u545c\uff5e|Iron Jugulis, L50|100/100\n|switch|p2a: \u5c0f\u7b14\u7ea2\u80bf|Smeargle, L50, F, shiny|100/100\n|switch|p2b: \u9a6c\u6b7b\u4e86|Calyrex-Shadow, L50|100/100\n|-ability|p2b: \u9a6c\u6b7b\u4e86|As One\n|-ability|p2b: \u9a6c\u6b7b\u4e86|Unnerve\n|-ability|p1a: \u4e3b\u4eba\ud83d\ude2d\ud83e\udd75|Intimidate|boost\n|-unboost|p2a: \u5c0f\u7b14\u7ea2\u80bf|atk|1\n|-unboost|p2b: \u9a6c\u6b7b\u4e86|atk|1\n|-enditem|p1b: \u55f7\u545c\uff5e|Booster Energy\n|-activate|p1b: \u55f7\u545c\uff5e|ability: Quark Drive|[fromitem]\n|-start|p1b: \u55f7\u545c\uff5e|quarkdrivespe\n|turn|1\n|\n|t:|1769689892\n|-terastallize|p2b: \u9a6c\u6b7b\u4e86|Ghost\n|move|p2a: \u5c0f\u7b14\u7ea2\u80bf|Fake Out|p1a: \u4e3b\u4eba\ud83d\ude2d\ud83e\udd75\n|-damage|p1a: \u4e3b\u4eba\ud83d\ude2d\ud83e\udd75|97/100\n|cant|p1a: \u4e3b\u4eba\ud83d\ude2d\ud83e\udd75|flinch\n|move|p1b: \u55f7\u545c\uff5e|Tailwind|p1b: \u55f7\u545c\uff5e\n|-sidestart|p1: blackred123|move: Tailwind\n|move|p2b: \u9a6c\u6b7b\u4e86|Astral Barrage|p1b: \u55f7\u545c\uff5e|[spread] p1a,p1b\n|-resisted|p1a: \u4e3b\u4eba\ud83d\ude2d\ud83e\udd75\n|-resisted|p1b: \u55f7\u545c\uff5e\n|-damage|p1a: \u4e3b\u4eba\ud83d\ude2d\ud83e\udd75|43/100\n|-damage|p1b: \u55f7\u545c\uff5e|41/100\n|\n|-ability|p2a: \u5c0f\u7b14\u7ea2\u80bf|Moody|boost\n|-boost|p2a: \u5c0f\u7b14\u7ea2\u80bf|spa|2\n|-unboost|p2a: \u5c0f\u7b14\u7ea2\u80bf|spe|1\n|upkeep\n|turn|2\n|\n|t:|1769689917\n|move|p2a: \u5c0f\u7b14\u7ea2\u80bf|Wide Guard|p2a: \u5c0f\u7b14\u7ea2\u80bf\n|-singleturn|p2a: \u5c0f\u7b14\u7ea2\u80bf|Wide Guard\n|move|p1b: \u55f7\u545c\uff5e|Snarl|p2a: \u5c0f\u7b14\u7ea2\u80bf|[spread] \n|-activate|p2a: \u5c0f\u7b14\u7ea2\u80bf|move: Wide Guard\n|-activate|p2b: \u9a6c\u6b7b\u4e86|move: Wide Guard\n|move|p1a: \u4e3b\u4eba\ud83d\ude2d\ud83e\udd75|Knock Off|p2b: \u9a6c\u6b7b\u4e86\n|-supereffective|p2b: \u9a6c\u6b7b\u4e86\n|-damage|p2b: \u9a6c\u6b7b\u4e86|8/100\n|-enditem|p2b: \u9a6c\u6b7b\u4e86|Choice Specs|[from] move: Knock Off|[of] p1a: \u4e3b\u4eba\ud83d\ude2d\ud83e\udd75\n|move|p2b: \u9a6c\u6b7b\u4e86|Astral Barrage|p1a: \u4e3b\u4eba\ud83d\ude2d\ud83e\udd75|[spread] p1a,p1b\n|-resisted|p1a: \u4e3b\u4eba\ud83d\ude2d\ud83e\udd75\n|-resisted|p1b: \u55f7\u545c\uff5e\n|-crit|p1b: \u55f7\u545c\uff5e\n|-damage|p1a: \u4e3b\u4eba\ud83d\ude2d\ud83e\udd75|10/100\n|-damage|p1b: \u55f7\u545c\uff5e|0 fnt\n|faint|p1b: \u55f7\u545c\uff5e\n|-end|p1b: \u55f7\u545c\uff5e|Quark Drive|[silent]\n|-ability|p2b: \u9a6c\u6b7b\u4e86|Grim Neigh|boost\n|-boost|p2b: \u9a6c\u6b7b\u4e86|spa|1\n|\n|-ability|p2a: \u5c0f\u7b14\u7ea2\u80bf|Moody|boost\n|-boost|p2a: \u5c0f\u7b14\u7ea2\u80bf|atk|2\n|-unboost|p2a: \u5c0f\u7b14\u7ea2\u80bf|spd|1\n|upkeep\n|c|\u2606dasabe\u76d6\u6b27\u5361\u4fa0|\u80ba\u96fe\n|\n|t:|1769689928\n|switch|p1b: \u963f\u5c14\u6258\u8389\u96c5|Zacian-Crowned, L50, shiny|100/100\n|-ability|p1b: \u963f\u5c14\u6258\u8389\u96c5|Intrepid Sword|boost\n|-boost|p1b: \u963f\u5c14\u6258\u8389\u96c5|atk|1\n|turn|3\n|\n|t:|1769689936\n|move|p1b: \u963f\u5c14\u6258\u8389\u96c5|Protect|p1b: \u963f\u5c14\u6258\u8389\u96c5\n|-singleturn|p1b: \u963f\u5c14\u6258\u8389\u96c5|Protect\n|move|p2a: \u5c0f\u7b14\u7ea2\u80bf|Follow Me|p2a: \u5c0f\u7b14\u7ea2\u80bf\n|-singleturn|p2a: \u5c0f\u7b14\u7ea2\u80bf|move: Follow Me\n|move|p1a: \u4e3b\u4eba\ud83d\ude2d\ud83e\udd75|Knock Off|p2a: \u5c0f\u7b14\u7ea2\u80bf\n|-damage|p2a: \u5c0f\u7b14\u7ea2\u80bf|5/100\n|-enditem|p2a: \u5c0f\u7b14\u7ea2\u80bf|Focus Sash|[from] move: Knock Off|[of] p1a: \u4e3b\u4eba\ud83d\ude2d\ud83e\udd75\n|move|p2b: \u9a6c\u6b7b\u4e86|Astral Barrage|p1a: \u4e3b\u4eba\ud83d\ude2d\ud83e\udd75|[spread] p1a\n|-activate|p1b: \u963f\u5c14\u6258\u8389\u96c5|move: Protect\n|-resisted|p1a: \u4e3b\u4eba\ud83d\ude2d\ud83e\udd75\n|-damage|p1a: \u4e3b\u4eba\ud83d\ude2d\ud83e\udd75|0 fnt\n|faint|p1a: \u4e3b\u4eba\ud83d\ude2d\ud83e\udd75\n|-ability|p2b: \u9a6c\u6b7b\u4e86|Grim Neigh|boost\n|-boost|p2b: \u9a6c\u6b7b\u4e86|spa|1\n|\n|-ability|p2a: \u5c0f\u7b14\u7ea2\u80bf|Moody|boost\n|-boost|p2a: \u5c0f\u7b14\u7ea2\u80bf|spd|2\n|-unboost|p2a: \u5c0f\u7b14\u7ea2\u80bf|spa|1\n|upkeep\n|j| ufdock\n|\n|t:|1769689943\n|switch|p1a: \u9a6c\u5243\u5929\u7231\u661f|Kyogre, L50, shiny|100/100\n|-weather|RainDance|[from] ability: Drizzle|[of] p1a: \u9a6c\u5243\u5929\u7231\u661f\n|turn|4\n|\n|t:|1769689951\n|move|p2a: \u5c0f\u7b14\u7ea2\u80bf|Wide Guard|p2a: \u5c0f\u7b14\u7ea2\u80bf\n|-singleturn|p2a: \u5c0f\u7b14\u7ea2\u80bf|Wide Guard\n|move|p1b: \u963f\u5c14\u6258\u8389\u96c5|Behemoth Blade|p2a: \u5c0f\u7b14\u7ea2\u80bf\n|-damage|p2a: \u5c0f\u7b14\u7ea2\u80bf|0 fnt\n|faint|p2a: \u5c0f\u7b14\u7ea2\u80bf\n|move|p1a: \u9a6c\u5243\u5929\u7231\u661f|Water Spout|p2b: \u9a6c\u6b7b\u4e86\n|-activate|p2b: \u9a6c\u6b7b\u4e86|move: Wide Guard\n|move|p2b: \u9a6c\u6b7b\u4e86|Astral Barrage|p1a: \u9a6c\u5243\u5929\u7231\u661f|[spread] p1a,p1b\n|-damage|p1a: \u9a6c\u5243\u5929\u7231\u661f|39/100\n|-damage|p1b: \u963f\u5c14\u6258\u8389\u96c5|0 fnt\n|faint|p1b: \u963f\u5c14\u6258\u8389\u96c5\n|-ability|p2b: \u9a6c\u6b7b\u4e86|Grim Neigh|boost\n|-boost|p2b: \u9a6c\u6b7b\u4e86|spa|1\n|\n|-weather|RainDance|[upkeep]\n|-sideend|p1: blackred123|move: Tailwind\n|upkeep\n|\n|t:|1769689955\n|switch|p2a: \u6545\u5927\u5305\u52d2|Koraidon, L50, shiny|100/100\n|-weather|SunnyDay|[from] ability: Orichalcum Pulse|[of] p2a: \u6545\u5927\u5305\u52d2\n|-activate|p2a: \u6545\u5927\u5305\u52d2|Orichalcum Pulse|[source]\n|turn|5\n|-message|blackred123 forfeited.\n|\n|win|dasabe\u76d6\u6b27\u5361\u4fa0\n|raw|blackred123's rating: 1424 &rarr; <strong>1417</strong><br />(-7 for losing)\n|raw|dasabe\u76d6\u6b27\u5361\u4fa0's rating: 1689 &rarr; <strong>1696</strong><br />(+7 for winning)\n|l|\u2606blackred123\n|player|p1|\n|l|\u2606dasabe\u76d6\u6b27\u5361\u4fa0\n|player|p2|\n|l| liontian\n|l| ufdock\n","uploadtime":1769690101,"views":23,"formatid":"gen9vgc2026regi","rating":1417,"private":0,"password":null}