{"id":"gen9vgc2026regi-2553692206","format":"[Gen 9] VGC 2026 Reg I","players":["AstronomyDX","I\u2764\ufe0f\u5a1c\u7984forever"],"log":"|j|\u2606AstronomyDX\n|j|\u2606I\u2764\ufe0f\u5a1c\u7984forever\n|t:|1772862277\n|gametype|doubles\n|player|p1|AstronomyDX|fisherman-gen4|1262\n|player|p2|I\u2764\ufe0f\u5a1c\u7984forever|youngcouple-gen4dp|1328\n|gen|9\n|tier|[Gen 9] VGC 2026 Reg I\n|rated|\n|rule|Species Clause: Limit one of each Pok\u00e9mon\n|rule|Item Clause: Limit 1 of each item\n|clearpoke\n|poke|p1|Calyrex-Ice, L50|\n|poke|p1|Incineroar, L50, M|\n|poke|p1|Urshifu-*, L50, M|\n|poke|p1|Rillaboom, L50, M|\n|poke|p1|Raging Bolt, L50|\n|poke|p1|Lunala, L50|\n|poke|p2|Groudon, L50|\n|poke|p2|Kyurem-White, L50|\n|poke|p2|Heatran, L50, F|\n|poke|p2|Whimsicott, L50, F|\n|poke|p2|Roaring Moon, L50|\n|poke|p2|Ditto, L50|\n|teampreview|4\n|\n|t:|1772862331\n|teamsize|p1|4\n|teamsize|p2|4\n|start\n|switch|p1a: EspermaFrost|Calyrex-Ice, L50|100/100\n|switch|p1b: Sra De La Noche|Lunala, L50|100/100\n|switch|p2a: Kyurem|Kyurem-White, L50|100/100\n|switch|p2b: Roaring Moon|Roaring Moon, L50|100/100\n|-ability|p1a: EspermaFrost|As One\n|-ability|p1a: EspermaFrost|Unnerve\n|-ability|p2a: Kyurem|Turboblaze\n|turn|1\n|\n|t:|1772862363\n|-terastallize|p1a: EspermaFrost|Fairy\n|move|p2b: Roaring Moon|Rock Slide|p1a: EspermaFrost|[spread] p1a,p1b\n|-damage|p1a: EspermaFrost|84/100\n|-damage|p1b: Sra De La Noche|89/100\n|move|p2a: Kyurem|Shadow Ball|p1b: Sra De La Noche\n|-supereffective|p1b: Sra De La Noche\n|-damage|p1b: Sra De La Noche|0 fnt\n|faint|p1b: Sra De La Noche\n|move|p1a: EspermaFrost|Trick Room|p1a: EspermaFrost\n|-fieldstart|move: Trick Room|[of] p1a: EspermaFrost\n|\n|upkeep\n|\n|t:|1772862378\n|switch|p1b: Goat 2.0|Incineroar, L50, M|100/100\n|-ability|p1b: Goat 2.0|Intimidate|boost\n|-unboost|p2a: Kyurem|atk|1\n|-unboost|p2b: Roaring Moon|atk|1\n|turn|2\n|\n|t:|1772862391\n|move|p1b: Goat 2.0|Fake Out|p2a: Kyurem\n|-damage|p2a: Kyurem|91/100\n|move|p1a: EspermaFrost|Glacial Lance|p2a: Kyurem|[spread] p2a,p2b\n|-supereffective|p2b: Roaring Moon\n|-damage|p2a: Kyurem|42/100\n|-damage|p2b: Roaring Moon|0 fnt\n|faint|p2b: Roaring Moon\n|-end|p2b: Roaring Moon|Protosynthesis|[silent]\n|-ability|p1a: EspermaFrost|Chilling Neigh|boost\n|-boost|p1a: EspermaFrost|atk|1\n|cant|p2a: Kyurem|flinch\n|\n|upkeep\n|\n|t:|1772862402\n|switch|p2b: Ditto|Ditto, L50|100/100\n|-transform|p2b: Ditto|p1a: EspermaFrost|[from] ability: Imposter\n|-ability|p2b: Ditto|As One\n|-ability|p2b: Ditto|Unnerve\n|-start|p2b: Ditto|typechange|Psychic/Ice|[silent]\n|turn|3\n|\n|t:|1772862415\n|move|p2b: Ditto|Glacial Lance|p1b: Goat 2.0|[spread] p1a,p1b\n|-resisted|p1b: Goat 2.0\n|-damage|p1a: EspermaFrost|23/100\n|-damage|p1b: Goat 2.0|66/100\n|move|p1a: EspermaFrost|Glacial Lance|p2b: Ditto|[spread] p2a,p2b\n|-resisted|p2b: Ditto\n|-damage|p2a: Kyurem|0 fnt\n|-damage|p2b: Ditto|60/100\n|faint|p2a: Kyurem\n|-ability|p1a: EspermaFrost|Chilling Neigh|boost\n|-boost|p1a: EspermaFrost|atk|1\n|move|p1b: Goat 2.0|Parting Shot|p2b: Ditto\n|-unboost|p2b: Ditto|atk|1\n|-unboost|p2b: Ditto|spa|1\n|\n|t:|1772862427\n|switch|p1b: Farigiraf?|Raging Bolt, L50|100/100|[from] Parting Shot\n|\n|upkeep\n|\n|t:|1772862430\n|switch|p2a: Groudon|Groudon, L50|100/100\n|-weather|SunnyDay|[from] ability: Drought|[of] p2a: Groudon\n|-activate|p1b: Farigiraf?|ability: Protosynthesis\n|-start|p1b: Farigiraf?|protosynthesisspa\n|turn|4\n|\n|t:|1772862439\n|-terastallize|p2a: Groudon|Water\n|move|p1a: EspermaFrost|Glacial Lance|p2b: Ditto|[spread] p2a,p2b\n|-resisted|p2a: Groudon\n|-resisted|p2b: Ditto\n|-damage|p2a: Groudon|60/100\n|-damage|p2b: Ditto|8/100\n|move|p2b: Ditto|Glacial Lance|p1b: Farigiraf?|[spread] p1a,p1b\n|-supereffective|p1b: Farigiraf?\n|-damage|p1a: EspermaFrost|0 fnt\n|-damage|p1b: Farigiraf?|3/100\n|faint|p1a: EspermaFrost\n|-ability|p2b: Ditto|Chilling Neigh|boost\n|-boost|p2b: Ditto|atk|1\n|move|p1b: Farigiraf?|Thunderbolt|p2b: Ditto\n|-damage|p2b: Ditto|0 fnt\n|faint|p2b: Ditto\n|move|p2a: Groudon|Precipice Blades|p1b: Farigiraf?\n|-supereffective|p1b: Farigiraf?\n|-damage|p1b: Farigiraf?|0 fnt\n|faint|p1b: Farigiraf?\n|-end|p1b: Farigiraf?|Protosynthesis|[silent]\n|\n|-weather|SunnyDay|[upkeep]\n|upkeep\n|\n|t:|1772862456\n|switch|p1a: Goat 2.0|Incineroar, L50, M|66/100\n|-ability|p1a: Goat 2.0|Intimidate|boost\n|-unboost|p2a: Groudon|atk|1\n|turn|5\n|\n|t:|1772862462\n|move|p1a: Goat 2.0|Parting Shot|p2a: Groudon\n|-unboost|p2a: Groudon|atk|1\n|-unboost|p2a: Groudon|spa|1\n|move|p2a: Groudon|Precipice Blades|p1a: Goat 2.0\n|-supereffective|p1a: Goat 2.0\n|-damage|p1a: Goat 2.0|2/100\n|\n|-weather|SunnyDay|[upkeep]\n|-fieldend|move: Trick Room\n|upkeep\n|turn|6\n|-message|AstronomyDX forfeited.\n|\n|win|I\u2764\ufe0f\u5a1c\u7984forever\n|raw|AstronomyDX's rating: 1262 &rarr; <strong>1242</strong><br />(-20 for losing)\n|raw|I\u2764\ufe0f\u5a1c\u7984forever's rating: 1328 &rarr; <strong>1344</strong><br />(+16 for winning)\n|l|\u2606AstronomyDX\n|player|p1|\n|l|\u2606I\u2764\ufe0f\u5a1c\u7984forever\n|player|p2|\n","uploadtime":1772862721,"views":14,"formatid":"gen9vgc2026regi","rating":1242,"private":0,"password":null}