{"id":"gen9vgc2026regi-2540966103","format":"[Gen 9] VGC 2026 Reg I","players":["pzyxhic","gracida"],"log":"|j|\u2606pzyxhic\n|j|\u2606gracida\n|t:|1771271600\n|gametype|doubles\n|player|p1|pzyxhic|265|1382\n|player|p2|gracida|benga|1339\n|gen|9\n|tier|[Gen 9] VGC 2026 Reg I\n|rated|\n|rule|Species Clause: Limit one of each Pok\u00e9mon\n|rule|Item Clause: Limit 1 of each item\n|clearpoke\n|poke|p1|Calyrex-Shadow, L50|\n|poke|p1|Chi-Yu, L50|\n|poke|p1|Whimsicott, L50, F|\n|poke|p1|Urshifu-*, L50, F|\n|poke|p1|Farigiraf, L50, F|\n|poke|p1|Kyurem-White, L50|\n|poke|p2|Lunala, L50|\n|poke|p2|Ursaluna, L50, F|\n|poke|p2|Urshifu-*, L50, F|\n|poke|p2|Miraidon, L50|\n|poke|p2|Whimsicott, L50, F|\n|poke|p2|Incineroar, L50, M|\n|teampreview|4\n|inactive|Battle timer is ON: inactive players will automatically lose when time's up. (requested by gracida)\n|inactive|pzyxhic has 60 seconds left.\n|inactive|gracida has 60 seconds left.\n|\n|t:|1771271648\n|teamsize|p1|4\n|teamsize|p2|4\n|start\n|switch|p1a: Urshifu|Urshifu-Rapid-Strike, L50, F|100/100\n|switch|p1b: Calyrex|Calyrex-Shadow, L50|100/100\n|switch|p2a: Whimsicott|Whimsicott, L50, F|100/100\n|switch|p2b: Incineroar|Incineroar, L50, M|100/100\n|-ability|p1b: Calyrex|As One\n|-ability|p1b: Calyrex|Unnerve\n|-ability|p2b: Incineroar|Intimidate|boost\n|-unboost|p1a: Urshifu|atk|1\n|-unboost|p1b: Calyrex|atk|1\n|turn|1\n|j| lunala fairy ghost\n|inactive|pzyxhic has 30 seconds left.\n|\n|t:|1771271674\n|switch|p1b: Farigiraf|Farigiraf, L50, F|100/100\n|-terastallize|p2b: Incineroar|Bug\n|move|p2a: Whimsicott|Tailwind|p2a: Whimsicott\n|-sidestart|p2: gracida|move: Tailwind\n|move|p2b: Incineroar|Knock Off|p1b: Farigiraf\n|-supereffective|p1b: Farigiraf\n|-damage|p1b: Farigiraf|47/100\n|-enditem|p1b: Farigiraf|Safety Goggles|[from] move: Knock Off|[of] p2b: Incineroar\n|move|p1a: Urshifu|Surging Strikes|p2b: Incineroar\n|-crit|p2b: Incineroar\n|-damage|p2b: Incineroar|84/100\n|-damage|p1a: Urshifu|84/100|[from] item: Rocky Helmet|[of] p2b: Incineroar\n|-crit|p2b: Incineroar\n|-damage|p2b: Incineroar|67/100\n|-damage|p1a: Urshifu|67/100|[from] item: Rocky Helmet|[of] p2b: Incineroar\n|-crit|p2b: Incineroar\n|-damage|p2b: Incineroar|50/100\n|-damage|p1a: Urshifu|51/100|[from] item: Rocky Helmet|[of] p2b: Incineroar\n|-hitcount|p2b: Incineroar|3\n|\n|upkeep\n|turn|2\n|inactive|pzyxhic has 30 seconds left.\n|inactive|gracida has 30 seconds left.\n|inactive|pzyxhic has 20 seconds left.\n|inactive|gracida has 20 seconds left.\n|inactive|pzyxhic has 15 seconds left.\n|\n|t:|1771271718\n|switch|p2a: Lunala|Lunala, L50|100/100\n|move|p1a: Urshifu|Detect|p1a: Urshifu\n|-singleturn|p1a: Urshifu|Protect\n|move|p2b: Incineroar|U-turn|p1b: Farigiraf\n|-supereffective|p1b: Farigiraf\n|-damage|p1b: Farigiraf|4/100\n|\n|t:|1771271726\n|switch|p2b: Miraidon|Miraidon, L50|100/100|[from] U-turn\n|-fieldstart|move: Electric Terrain|[from] ability: Hadron Engine|[of] p2b: Miraidon\n|-enditem|p2a: Lunala|Electric Seed\n|-boost|p2a: Lunala|def|1|[from] item: Electric Seed\n|move|p1b: Farigiraf|Hyper Voice|p2b: Miraidon|[spread] p2b\n|-immune|p2a: Lunala\n|-damage|p2b: Miraidon|79/100\n|\n|upkeep\n|turn|3\n|\n|t:|1771271745\n|move|p1b: Farigiraf|Helping Hand|p1a: Urshifu\n|-singleturn|p1a: Urshifu|Helping Hand|[of] p1b: Farigiraf\n|move|p1a: Urshifu|Aqua Jet|p2a: Lunala\n|-damage|p2a: Lunala|95/100\n|move|p2b: Miraidon|Electro Drift|p1b: Farigiraf\n|-damage|p1b: Farigiraf|0 fnt\n|faint|p1b: Farigiraf\n|move|p2a: Lunala|Moonblast|p1a: Urshifu\n|-supereffective|p1a: Urshifu\n|-damage|p1a: Urshifu|0 fnt\n|faint|p1a: Urshifu\n|\n|upkeep\n|\n|t:|1771271760\n|switch|p1a: Calyrex|Calyrex-Shadow, L50|100/100\n|switch|p1b: Kyurem|Kyurem-White, L50|100/100\n|-ability|p1a: Calyrex|As One\n|-ability|p1a: Calyrex|Unnerve\n|-ability|p1b: Kyurem|Turboblaze\n|turn|4\n|\n|t:|1771271777\n|-terastallize|p1b: Kyurem|Fire\n|move|p2b: Miraidon|Electro Drift|p1b: Kyurem\n|-damage|p1b: Kyurem|0 fnt\n|faint|p1b: Kyurem\n|move|p1a: Calyrex|Astral Barrage|p2a: Lunala|[spread] p2a,p2b\n|-supereffective|p2a: Lunala\n|-damage|p2a: Lunala|0 fnt\n|-damage|p2b: Miraidon|36/100\n|faint|p2a: Lunala\n|-ability|p1a: Calyrex|Grim Neigh|boost\n|-boost|p1a: Calyrex|spa|1\n|\n|-sideend|p2: gracida|move: Tailwind\n|upkeep\n|\n|t:|1771271791\n|switch|p2a: Whimsicott|Whimsicott, L50, F|100/100\n|turn|5\n|\n|t:|1771271796\n|move|p2a: Whimsicott|Tailwind|p2a: Whimsicott\n|-sidestart|p2: gracida|move: Tailwind\n|move|p2b: Miraidon|Electro Drift|p1a: Calyrex\n|-damage|p1a: Calyrex|0 fnt\n|faint|p1a: Calyrex\n|\n|win|gracida\n|raw|pzyxhic's rating: 1382 &rarr; <strong>1360</strong><br />(-22 for losing)\n|raw|gracida's rating: 1339 &rarr; <strong>1361</strong><br />(+22 for winning)\n","uploadtime":1771271801,"views":32,"formatid":"gen9vgc2026regi","rating":1360,"private":0,"password":null}