{"id":"gen9vgc2026regi-2527181754","format":"[Gen 9] VGC 2026 Reg I","players":["Alitiantian","Fogdocker"],"log":"|j|\u203dAlitiantian\n|j|\u2606Fogdocker\n|t:|1769509287\n|gametype|doubles\n|player|p1|Alitiantian|102|1378\n|player|p2|Fogdocker|101|1417\n|gen|9\n|tier|[Gen 9] VGC 2026 Reg I\n|rated|\n|rule|Species Clause: Limit one of each Pok\u00e9mon\n|rule|Item Clause: Limit 1 of each item\n|clearpoke\n|poke|p1|Calyrex-Shadow, L50|\n|poke|p1|Koraidon, L50|\n|poke|p1|Flutter Mane, L50|\n|poke|p1|Walking Wake, L50|\n|poke|p1|Indeedee-F, L50, F|\n|poke|p1|Clefairy, L50, M|\n|poke|p2|Calyrex-Ice, L50|\n|poke|p2|Koraidon, L50|\n|poke|p2|Flutter Mane, L50|\n|poke|p2|Incineroar, L50, M|\n|poke|p2|Rillaboom, L50, M|\n|poke|p2|Amoonguss, L50, M|\n|teampreview|4\n|\n|t:|1769509330\n|teamsize|p1|4\n|teamsize|p2|4\n|start\n|switch|p1a: Calyrex|Calyrex-Shadow, L50|100/100\n|switch|p1b: Walking Wake|Walking Wake, L50|100/100\n|switch|p2a: Calyrex|Calyrex-Ice, L50|100/100\n|switch|p2b: Incineroar|Incineroar, L50, M|100/100\n|-ability|p1a: Calyrex|As One\n|-ability|p1a: Calyrex|Unnerve\n|-ability|p2a: Calyrex|As One\n|-ability|p2a: Calyrex|Unnerve\n|-ability|p2b: Incineroar|Intimidate|boost\n|-unboost|p1a: Calyrex|atk|1\n|-unboost|p1b: Walking Wake|atk|1\n|turn|1\n|\n|t:|1769509343\n|-terastallize|p1a: Calyrex|Fire\n|-terastallize|p2a: Calyrex|Water\n|move|p2b: Incineroar|Fake Out|p1b: Walking Wake\n|-damage|p1b: Walking Wake|89/100\n|cant|p1b: Walking Wake|flinch\n|move|p1a: Calyrex|Astral Barrage|p2b: Incineroar|[spread] p2a,p2b\n|-resisted|p2b: Incineroar\n|-damage|p2a: Calyrex|69/100\n|-damage|p2b: Incineroar|77/100\n|move|p2a: Calyrex|Trick Room|p2a: Calyrex\n|-fieldstart|move: Trick Room|[of] p2a: Calyrex\n|\n|-heal|p2a: Calyrex|74/100|[from] item: Leftovers\n|upkeep\n|turn|2\n|j| SaltyCore69\n|\n|t:|1769509380\n|move|p1a: Calyrex|Protect|p1a: Calyrex\n|-singleturn|p1a: Calyrex|Protect\n|move|p2a: Calyrex|Glacial Lance|p1b: Walking Wake|[spread] p1b\n|-activate|p1a: Calyrex|move: Protect\n|-damage|p1b: Walking Wake|34/100\n|move|p2b: Incineroar|Parting Shot|p1a: Calyrex\n|-activate|p1a: Calyrex|move: Protect\n|move|p1b: Walking Wake|Hydro Steam|p2b: Incineroar\n|-supereffective|p2b: Incineroar\n|-damage|p2b: Incineroar|0 fnt\n|faint|p2b: Incineroar\n|\n|-heal|p2a: Calyrex|80/100|[from] item: Leftovers\n|upkeep\n|\n|t:|1769509384\n|switch|p2b: Amoonguss|Amoonguss, L50, M|100/100\n|turn|3\n|\n|t:|1769509406\n|-end|p1b: Walking Wake|Protosynthesis|[silent]\n|switch|p1b: Indeedee|Indeedee-F, L50, F|100/100\n|-fieldstart|move: Psychic Terrain|[from] ability: Psychic Surge|[of] p1b: Indeedee\n|-enditem|p1b: Indeedee|Psychic Seed\n|-boost|p1b: Indeedee|spd|1|[from] item: Psychic Seed\n|move|p2b: Amoonguss|Spore|p1a: Calyrex\n|-status|p1a: Calyrex|slp|[from] move: Spore\n|move|p2a: Calyrex|Glacial Lance|p1b: Indeedee|[spread] p1a,p1b\n|-resisted|p1a: Calyrex\n|-damage|p1a: Calyrex|70/100 slp\n|-damage|p1b: Indeedee|58/100\n|cant|p1a: Calyrex|slp\n|\n|-heal|p2a: Calyrex|86/100|[from] item: Leftovers\n|upkeep\n|turn|4\n|\n|t:|1769509429\n|move|p2b: Amoonguss|Pollen Puff|p1b: Indeedee\n|-supereffective|p1b: Indeedee\n|-damage|p1b: Indeedee|33/100\n|move|p2a: Calyrex|Glacial Lance|p1a: Calyrex|[spread] p1a,p1b\n|-resisted|p1a: Calyrex\n|-damage|p1a: Calyrex|40/100 slp\n|-damage|p1b: Indeedee|0 fnt\n|faint|p1b: Indeedee\n|-ability|p2a: Calyrex|Chilling Neigh|boost\n|-boost|p2a: Calyrex|atk|1\n|-curestatus|p1a: Calyrex|slp|[msg]\n|move|p1a: Calyrex|Expanding Force|p2a: Calyrex|[spread] p2a,p2b\n|-supereffective|p2b: Amoonguss\n|-damage|p2a: Calyrex|45/100\n|-damage|p2b: Amoonguss|0 fnt\n|faint|p2b: Amoonguss\n|-ability|p1a: Calyrex|Grim Neigh|boost\n|-boost|p1a: Calyrex|spa|1\n|\n|-heal|p2a: Calyrex|51/100|[from] item: Leftovers\n|upkeep\n|\n|t:|1769509446\n|switch|p2b: Koraidon|Koraidon, L50|100/100\n|switch|p1b: Koraidon|Koraidon, L50|100/100\n|-weather|SunnyDay|[from] ability: Orichalcum Pulse|[of] p1b: Koraidon\n|-activate|p1b: Koraidon|Orichalcum Pulse|[source]\n|-activate|p2b: Koraidon|ability: Orichalcum Pulse\n|turn|5\n|\n|t:|1769509477\n|move|p1b: Koraidon|Protect|p1b: Koraidon\n|-singleturn|p1b: Koraidon|Protect\n|move|p1a: Calyrex|Protect|p1a: Calyrex\n|-singleturn|p1a: Calyrex|Protect\n|move|p2a: Calyrex|Glacial Lance|p1a: Calyrex|[spread] \n|-activate|p1a: Calyrex|move: Protect\n|-activate|p1b: Koraidon|move: Protect\n|move|p2b: Koraidon|Flame Charge|p1a: Calyrex\n|-activate|p1a: Calyrex|move: Protect\n|\n|-weather|SunnyDay|[upkeep]\n|-heal|p2a: Calyrex|57/100|[from] item: Leftovers\n|-fieldend|move: Trick Room\n|upkeep\n|turn|6\n|\n|t:|1769509501\n|move|p2a: Calyrex|Protect|p2a: Calyrex\n|-singleturn|p2a: Calyrex|Protect\n|move|p1a: Calyrex|Expanding Force|p2a: Calyrex|[spread] p2b\n|-activate|p2a: Calyrex|move: Protect\n|-supereffective|p2b: Koraidon\n|-crit|p2b: Koraidon\n|-damage|p2b: Koraidon|0 fnt\n|faint|p2b: Koraidon\n|-ability|p1a: Calyrex|Grim Neigh|boost\n|-boost|p1a: Calyrex|spa|1\n|move|p1b: Koraidon|Low Kick|p2a: Calyrex\n|-activate|p2a: Calyrex|move: Protect\n|\n|-weather|SunnyDay|[upkeep]\n|-heal|p2a: Calyrex|63/100|[from] item: Leftovers\n|upkeep\n|turn|7\n|\n|t:|1769509518\n|move|p1a: Calyrex|Expanding Force|p2a: Calyrex\n|-damage|p2a: Calyrex|0 fnt\n|faint|p2a: Calyrex\n|\n|win|Alitiantian\n|raw|Alitiantian's rating: 1378 &rarr; <strong>1400</strong><br />(+22 for winning)\n|raw|Fogdocker's rating: 1417 &rarr; <strong>1395</strong><br />(-22 for losing)\n|l|\u2606Fogdocker\n|player|p2|\n|l| SaltyCore69\n|l|\u203dAlitiantian\n|player|p1|\n","uploadtime":1769509766,"views":13,"formatid":"gen9vgc2026regi","rating":1395,"private":0,"password":null}