{"id":"gen9vgc2026regi-2544405934","format":"[Gen 9] VGC 2026 Reg I","players":["EllenJoe2026","marcxhenry"],"log":"|j|\u203dEllenJoe2026\n|j|\u2606marcxhenry\n|t:|1771703163\n|gametype|doubles\n|player|p1|EllenJoe2026|iono|1499\n|player|p2|marcxhenry|hilbert-wonderlauncher|1518\n|gen|9\n|tier|[Gen 9] VGC 2026 Reg I\n|rated|\n|rule|Species Clause: Limit one of each Pok\u00e9mon\n|rule|Item Clause: Limit 1 of each item\n|clearpoke\n|poke|p1|Calyrex-Shadow, L50|\n|poke|p1|Zamazenta-*, L50|\n|poke|p1|Chien-Pao, L50|\n|poke|p1|Dragonite, L50, F|\n|poke|p1|Amoonguss, L50, F|\n|poke|p1|Ogerpon-Cornerstone, L50, F|\n|poke|p2|Calyrex-Shadow, L50|\n|poke|p2|Urshifu-*, L50, M|\n|poke|p2|Roaring Moon, L50|\n|poke|p2|Kyogre, L50|\n|poke|p2|Tsareena, L50, F|\n|poke|p2|Kingambit, L50, M|\n|teampreview|4\n|inactive|Battle timer is ON: inactive players will automatically lose when time's up. (requested by EllenJoe2026)\n|inactive|EllenJoe2026 has 60 seconds left.\n|\n|t:|1771703198\n|teamsize|p1|4\n|teamsize|p2|4\n|start\n|switch|p1a: Calyrex|Calyrex-Shadow, L50|100/100\n|switch|p1b: Zamazenta|Zamazenta-Crowned, L50|100/100\n|switch|p2a: Ludwig|Calyrex-Shadow, L50|100/100\n|switch|p2b: Roter Baron|Roaring Moon, L50, shiny|100/100\n|-ability|p1a: Calyrex|As One\n|-ability|p1a: Calyrex|Unnerve\n|-ability|p2a: Ludwig|As One\n|-ability|p2a: Ludwig|Unnerve\n|-ability|p1b: Zamazenta|Dauntless Shield|boost\n|-boost|p1b: Zamazenta|def|1\n|-enditem|p2b: Roter Baron|Booster Energy\n|-activate|p2b: Roter Baron|ability: Protosynthesis|[fromitem]\n|-start|p2b: Roter Baron|protosynthesisspe\n|turn|1\n|inactive|EllenJoe2026 has 30 seconds left.\n|inactive|marcxhenry has 30 seconds left.\n|\n|t:|1771703226\n|-terastallize|p2b: Roter Baron|Flying\n|move|p2b: Roter Baron|Tailwind|p2b: Roter Baron\n|-sidestart|p2: marcxhenry|move: Tailwind\n|move|p2a: Ludwig|Psychic|p1a: Calyrex\n|-resisted|p1a: Calyrex\n|-damage|p1a: Calyrex|73/100\n|move|p1a: Calyrex|Astral Barrage|p2a: Ludwig|[spread] p2a,p2b\n|-supereffective|p2a: Ludwig\n|-enditem|p2a: Ludwig|Focus Sash\n|-damage|p2a: Ludwig|1/100\n|-damage|p2b: Roter Baron|47/100\n|move|p1b: Zamazenta|Heavy Slam|p2a: Ludwig\n|-damage|p2a: Ludwig|0 fnt\n|faint|p2a: Ludwig\n|\n|upkeep\n|\n|t:|1771703240\n|switch|p2a: Tripitz|Kyogre, L50, shiny|100/100\n|-weather|RainDance|[from] ability: Drizzle|[of] p2a: Tripitz\n|turn|2\n|\n|t:|1771703252\n|move|p1a: Calyrex|Protect|p1a: Calyrex\n|-singleturn|p1a: Calyrex|Protect\n|move|p1b: Zamazenta|Protect|p1b: Zamazenta\n|-singleturn|p1b: Zamazenta|Protect\n|move|p2b: Roter Baron|Acrobatics|p1b: Zamazenta\n|-activate|p1b: Zamazenta|move: Protect\n|move|p2a: Tripitz|Hydro Pump|p1a: Calyrex\n|-activate|p1a: Calyrex|move: Protect\n|\n|-weather|RainDance|[upkeep]\n|upkeep\n|turn|3\n|inactive|EllenJoe2026 has 30 seconds left.\n|\n|t:|1771703286\n|switch|p1a: Chien-Pao|Chien-Pao, L50|100/100\n|-ability|p1a: Chien-Pao|Sword of Ruin\n|-terastallize|p1b: Zamazenta|Dragon\n|move|p2b: Roter Baron|Acrobatics|p1b: Zamazenta\n|-damage|p1b: Zamazenta|69/100\n|move|p2a: Tripitz|Water Spout|p1b: Zamazenta|[spread] p1a,p1b\n|-resisted|p1b: Zamazenta\n|-damage|p1a: Chien-Pao|0 fnt\n|-damage|p1b: Zamazenta|22/100\n|faint|p1a: Chien-Pao\n|move|p1b: Zamazenta|Body Press|p2a: Tripitz\n|-damage|p2a: Tripitz|31/100\n|\n|-weather|RainDance|[upkeep]\n|upkeep\n|\n|t:|1771703305\n|switch|p1a: Ogerpon|Ogerpon-Cornerstone, L50, F|100/100\n|turn|4\n|\n|t:|1771703312\n|move|p2b: Roter Baron|Protect|p2b: Roter Baron\n|-singleturn|p2b: Roter Baron|Protect\n|move|p1b: Zamazenta|Protect|p1b: Zamazenta\n|-singleturn|p1b: Zamazenta|Protect\n|move|p2a: Tripitz|Hydro Pump|p1a: Ogerpon\n|-ability|p1a: Ogerpon|Sturdy\n|-damage|p1a: Ogerpon|1/100\n|move|p1a: Ogerpon|Ivy Cudgel|p2b: Roter Baron|[anim] Ivy Cudgel Rock\n|-activate|p2b: Roter Baron|move: Protect\n|\n|-weather|RainDance|[upkeep]\n|-sideend|p2: marcxhenry|move: Tailwind\n|upkeep\n|turn|5\n|inactive|EllenJoe2026 has 30 seconds left.\n|\n|t:|1771703339\n|move|p1b: Zamazenta|Wide Guard|p1b: Zamazenta\n|-singleturn|p1b: Zamazenta|Wide Guard\n|move|p2b: Roter Baron|Tailwind|p2b: Roter Baron\n|-sidestart|p2: marcxhenry|move: Tailwind\n|move|p2a: Tripitz|Origin Pulse|p1a: Ogerpon|[spread] \n|-activate|p1a: Ogerpon|move: Wide Guard\n|-activate|p1b: Zamazenta|move: Wide Guard\n|move|p1a: Ogerpon|Ivy Cudgel|p2b: Roter Baron|[anim] Ivy Cudgel Rock\n|-supereffective|p2b: Roter Baron\n|-damage|p2b: Roter Baron|0 fnt\n|faint|p2b: Roter Baron\n|-end|p2b: Roter Baron|Protosynthesis|[silent]\n|\n|-weather|RainDance|[upkeep]\n|upkeep\n|\n|t:|1771703350\n|switch|p2b: Hitmonshe|Tsareena, L50, F, shiny|100/100\n|turn|6\n|\n|t:|1771703360\n|move|p1b: Zamazenta|Protect||[still]\n|-fail|p1b: Zamazenta\n|move|p1a: Ogerpon|Spiky Shield|p1a: Ogerpon\n|-singleturn|p1a: Ogerpon|move: Protect\n|move|p2a: Tripitz|Origin Pulse|p1a: Ogerpon|[spread] \n|-activate|p1a: Ogerpon|move: Protect\n|-miss|p2a: Tripitz|p1b: Zamazenta\n|move|p2b: Hitmonshe|Triple Axel|p1a: Ogerpon\n|-activate|p1a: Ogerpon|move: Protect\n|-damage|p2b: Hitmonshe|88/100|[from] Spiky Shield|[of] p1a: Ogerpon\n|\n|-weather|none\n|upkeep\n|turn|7\n|\n|t:|1771703378\n|move|p2a: Tripitz|Hydro Pump|p1b: Zamazenta\n|-resisted|p1b: Zamazenta\n|-damage|p1b: Zamazenta|0 fnt\n|faint|p1b: Zamazenta\n|move|p2b: Hitmonshe|Triple Axel|p1a: Ogerpon\n|-supereffective|p1a: Ogerpon\n|-damage|p1a: Ogerpon|0 fnt\n|faint|p1a: Ogerpon\n|-hitcount|p1: Ogerpon|1\n|\n|upkeep\n|\n|t:|1771703382\n|switch|p1b: Calyrex|Calyrex-Shadow, L50|73/100\n|-ability|p1b: Calyrex|As One\n|-ability|p1b: Calyrex|Unnerve\n|turn|8\n|\n|t:|1771703397\n|move|p1b: Calyrex|Protect|p1b: Calyrex\n|-singleturn|p1b: Calyrex|Protect\n|move|p2a: Tripitz|Origin Pulse|p1b: Calyrex\n|-activate|p1b: Calyrex|move: Protect\n|move|p2b: Hitmonshe|Power Whip|p1b: Calyrex\n|-activate|p1b: Calyrex|move: Protect\n|\n|-sideend|p2: marcxhenry|move: Tailwind\n|upkeep\n|turn|9\n|\n|t:|1771703411\n|move|p2a: Tripitz|Protect|p2a: Tripitz\n|-singleturn|p2a: Tripitz|Protect\n|move|p1b: Calyrex|Astral Barrage|p2b: Hitmonshe|[spread] p2b\n|-activate|p2a: Tripitz|move: Protect\n|-damage|p2b: Hitmonshe|27/100\n|move|p2b: Hitmonshe|Power Whip|p1b: Calyrex\n|-damage|p1b: Calyrex|0 fnt\n|faint|p1b: Calyrex\n|\n|win|marcxhenry\n|raw|EllenJoe2026's rating: 1499 &rarr; <strong>1480</strong><br />(-19 for losing)\n|raw|marcxhenry's rating: 1518 &rarr; <strong>1537</strong><br />(+19 for winning)\n|l|\u203dEllenJoe2026\n|player|p1|\n|l|\u2606marcxhenry\n|player|p2|\n","uploadtime":1771703616,"views":19,"formatid":"gen9vgc2026regi","rating":1480,"private":0,"password":null}