{"id":"gen9vgc2026regi-2578819488","format":"[Gen 9] VGC 2026 Reg I","players":["hexagonfoot","yicz"],"log":"|j|\u2606hexagonfoot\n|j|\u2606yicz\n|t:|1775722926\n|gametype|doubles\n|player|p1|hexagonfoot|265|1324\n|player|p2|yicz|2|1371\n|gen|9\n|tier|[Gen 9] VGC 2026 Reg I\n|rated|\n|rule|Species Clause: Limit one of each Pok\u00e9mon\n|rule|Item Clause: Limit 1 of each item\n|clearpoke\n|poke|p1|Incineroar, L50, M|\n|poke|p1|Rillaboom, L50, F|\n|poke|p1|Landorus, L50, M|\n|poke|p1|Smeargle, L50, F|\n|poke|p1|Koraidon, L50|\n|poke|p1|Calyrex-Ice, L50|\n|poke|p2|Incineroar, L50, M|\n|poke|p2|Koraidon, L50|\n|poke|p2|Rillaboom, L50, F|\n|poke|p2|Calyrex-Ice, L50|\n|poke|p2|Smeargle, L50, M|\n|poke|p2|Landorus, L50, M|\n|teampreview|4\n|c|\u2606hexagonfoot|nice team\n|inactive|Battle timer is ON: inactive players will automatically lose when time's up. (requested by hexagonfoot)\n|\n|t:|1775722952\n|teamsize|p1|4\n|teamsize|p2|4\n|start\n|switch|p1a: Denia|Incineroar, L50, M|100/100\n|switch|p1b: Hiyuki|Calyrex-Ice, L50|100/100\n|switch|p2a: Smeargle|Smeargle, L50, M|100/100\n|switch|p2b: Calyrex|Calyrex-Ice, L50|100/100\n|-ability|p1b: Hiyuki|As One\n|-ability|p1b: Hiyuki|Unnerve\n|-ability|p2b: Calyrex|As One\n|-ability|p2b: Calyrex|Unnerve\n|-ability|p1a: Denia|Intimidate|boost\n|-unboost|p2a: Smeargle|atk|1\n|-unboost|p2b: Calyrex|atk|1\n|turn|1\n|\n|t:|1775722971\n|move|p2a: Smeargle|Spiky Shield|p2a: Smeargle\n|-singleturn|p2a: Smeargle|move: Protect\n|move|p1a: Denia|Knock Off|p2b: Calyrex\n|-supereffective|p2b: Calyrex\n|-damage|p2b: Calyrex|57/100\n|-enditem|p2b: Calyrex|Leftovers|[from] move: Knock Off|[of] p1a: Denia\n|move|p1b: Hiyuki|Glacial Lance|p2a: Smeargle|[spread] p2b\n|-activate|p2a: Smeargle|move: Protect\n|-resisted|p2b: Calyrex\n|-damage|p2b: Calyrex|42/100\n|move|p2b: Calyrex|Leech Seed|p1b: Hiyuki|[miss]\n|-miss|p2b: Calyrex|p1b: Hiyuki\n|\n|-ability|p2a: Smeargle|Moody|boost\n|-boost|p2a: Smeargle|def|2\n|-unboost|p2a: Smeargle|spe|1\n|upkeep\n|turn|2\n|\n|t:|1775722994\n|move|p2a: Smeargle|Spore|p1a: Denia\n|-activate|p1a: Denia|item: Safety Goggles|Spore\n|move|p1a: Denia|Knock Off|p2a: Smeargle\n|-damage|p2a: Smeargle|63/100\n|-enditem|p2a: Smeargle|Focus Sash|[from] move: Knock Off|[of] p1a: Denia\n|move|p1b: Hiyuki|Glacial Lance|p2b: Calyrex|[spread] p2a,p2b\n|-resisted|p2b: Calyrex\n|-damage|p2a: Smeargle|8/100\n|-damage|p2b: Calyrex|25/100\n|move|p2b: Calyrex|Leech Seed|p1b: Hiyuki\n|-start|p1b: Hiyuki|move: Leech Seed\n|\n|-damage|p1b: Hiyuki|88/100|[from] Leech Seed|[of] p2b: Calyrex\n|-heal|p2b: Calyrex|37/100|[silent]\n|-ability|p2a: Smeargle|Moody|boost\n|-boost|p2a: Smeargle|def|2\n|-unboost|p2a: Smeargle|atk|1\n|upkeep\n|turn|3\n|inactive|yicz has 30 seconds left.\n|\n|t:|1775723027\n|move|p2a: Smeargle|Spiky Shield|p2a: Smeargle\n|-singleturn|p2a: Smeargle|move: Protect\n|move|p1a: Denia|Flare Blitz|p2b: Calyrex\n|-supereffective|p2b: Calyrex\n|-damage|p2b: Calyrex|0 fnt\n|faint|p2b: Calyrex\n|-damage|p1a: Denia|88/100|[from] Recoil\n|move|p1b: Hiyuki|Glacial Lance|p2a: Smeargle\n|-activate|p2a: Smeargle|move: Protect\n|\n|-heal|p1b: Hiyuki|94/100|[from] item: Leftovers\n|-ability|p2a: Smeargle|Moody|boost\n|-boost|p2a: Smeargle|def|2\n|-unboost|p2a: Smeargle|atk|1\n|upkeep\n|\n|t:|1775723038\n|switch|p2b: Koraidon|Koraidon, L50|100/100\n|-weather|SunnyDay|[from] ability: Orichalcum Pulse|[of] p2b: Koraidon\n|-activate|p2b: Koraidon|Orichalcum Pulse|[source]\n|turn|4\n|inactive|hexagonfoot has 30 seconds left.\n|\n|t:|1775723065\n|switch|p1a: Luuk|Landorus, L50, M|100/100\n|move|p1b: Hiyuki|Protect|p1b: Hiyuki\n|-singleturn|p1b: Hiyuki|Protect\n|move|p2b: Koraidon|Collision Course|p1a: Luuk\n|-resisted|p1a: Luuk\n|-damage|p1a: Luuk|65/100\n|move|p2a: Smeargle|Spore|p1b: Hiyuki\n|-activate|p1b: Hiyuki|move: Protect\n|\n|-weather|SunnyDay|[upkeep]\n|-heal|p1b: Hiyuki|99/100|[from] item: Leftovers\n|-damage|p1b: Hiyuki|88/100|[from] Leech Seed|[of] p2b: Koraidon\n|-ability|p2a: Smeargle|Moody|boost\n|-boost|p2a: Smeargle|spe|2\n|-unboost|p2a: Smeargle|atk|1\n|upkeep\n|turn|5\n|\n|t:|1775723087\n|-terastallize|p2b: Koraidon|Fire\n|-terastallize|p1b: Hiyuki|Fairy\n|move|p2a: Smeargle|Spiky Shield|p2a: Smeargle\n|-singleturn|p2a: Smeargle|move: Protect\n|move|p2b: Koraidon|Flare Blitz|p1a: Luuk\n|-damage|p1a: Luuk|0 fnt\n|faint|p1a: Luuk\n|-damage|p2b: Koraidon|80/100|[from] Recoil\n|move|p1b: Hiyuki|Glacial Lance|p2a: Smeargle|[spread] p2b\n|-activate|p2a: Smeargle|move: Protect\n|-resisted|p2b: Koraidon\n|-damage|p2b: Koraidon|57/100\n|\n|-weather|SunnyDay|[upkeep]\n|-heal|p1b: Hiyuki|94/100|[from] item: Leftovers\n|-damage|p1b: Hiyuki|82/100|[from] Leech Seed|[of] p2b: Koraidon\n|-heal|p2b: Koraidon|70/100|[silent]\n|-ability|p2a: Smeargle|Moody|boost\n|-boost|p2a: Smeargle|atk|2\n|-unboost|p2a: Smeargle|spd|1\n|upkeep\n|\n|t:|1775723103\n|switch|p1a: Denia|Incineroar, L50, M|88/100\n|-ability|p1a: Denia|Intimidate|boost\n|-unboost|p2a: Smeargle|atk|1\n|-fail|p2b: Koraidon|unboost|[from] item: Clear Amulet|[of] p2b: Koraidon\n|turn|6\n|\n|t:|1775723116\n|switch|p2a: Incineroar|Incineroar, L50, M|100/100\n|-ability|p2a: Incineroar|Intimidate|boost\n|-unboost|p1a: Denia|atk|1\n|-unboost|p1b: Hiyuki|atk|1\n|move|p2b: Koraidon|Protect|p2b: Koraidon\n|-singleturn|p2b: Koraidon|Protect\n|move|p1a: Denia|Fake Out|p2b: Koraidon\n|-activate|p2b: Koraidon|move: Protect\n|move|p1b: Hiyuki|Trick Room|p1b: Hiyuki\n|-fieldstart|move: Trick Room|[of] p1b: Hiyuki\n|\n|-weather|SunnyDay|[upkeep]\n|-heal|p1b: Hiyuki|87/100|[from] item: Leftovers\n|-damage|p1b: Hiyuki|75/100|[from] Leech Seed|[of] p2b: Koraidon\n|-heal|p2b: Koraidon|82/100|[silent]\n|upkeep\n|turn|7\n|\n|t:|1775723141\n|switch|p1a: Aemeath|Koraidon, L50|100/100\n|-activate|p1a: Aemeath|ability: Orichalcum Pulse\n|move|p2a: Incineroar|Fake Out|p1b: Hiyuki\n|-damage|p1b: Hiyuki|70/100\n|cant|p1b: Hiyuki|flinch\n|move|p2b: Koraidon|Collision Course|p1a: Aemeath\n|-damage|p1a: Aemeath|36/100\n|\n|-weather|SunnyDay|[upkeep]\n|-heal|p1b: Hiyuki|75/100|[from] item: Leftovers\n|-damage|p1b: Hiyuki|63/100|[from] Leech Seed|[of] p2b: Koraidon\n|-heal|p2b: Koraidon|95/100|[silent]\n|upkeep\n|turn|8\n|inactive|hexagonfoot has 30 seconds left.\n|inactive|yicz has 30 seconds left.\n|\n|t:|1775723174\n|switch|p1b: Denia|Incineroar, L50, M|88/100\n|-ability|p1b: Denia|Intimidate|boost\n|-unboost|p2a: Incineroar|atk|1\n|-fail|p2b: Koraidon|unboost|[from] item: Clear Amulet|[of] p2b: Koraidon\n|switch|p2a: Smeargle|Smeargle, L50, M|8/100\n|move|p1a: Aemeath|Protect|p1a: Aemeath\n|-singleturn|p1a: Aemeath|Protect\n|move|p2b: Koraidon|Collision Course|p1a: Aemeath\n|-activate|p1a: Aemeath|move: Protect\n|\n|-weather|none\n|-ability|p2a: Smeargle|Moody|boost\n|-boost|p2a: Smeargle|spd|2\n|-unboost|p2a: Smeargle|spa|1\n|upkeep\n|turn|9\n|inactive|hexagonfoot has 30 seconds left.\n|\n|t:|1775723201\n|switch|p1a: Hiyuki|Calyrex-Ice, L50, tera:Fairy|63/100\n|-ability|p1a: Hiyuki|As One\n|-ability|p1a: Hiyuki|Unnerve\n|move|p2a: Smeargle|Spiky Shield|p2a: Smeargle\n|-singleturn|p2a: Smeargle|move: Protect\n|move|p2b: Koraidon|Protect|p2b: Koraidon\n|-singleturn|p2b: Koraidon|Protect\n|move|p1b: Denia|Knock Off|p2b: Koraidon\n|-activate|p2b: Koraidon|move: Protect\n|\n|-heal|p1a: Hiyuki|69/100|[from] item: Leftovers\n|-ability|p2a: Smeargle|Moody|boost\n|-boost|p2a: Smeargle|spa|2\n|-unboost|p2a: Smeargle|atk|1\n|upkeep\n|turn|10\n|\n|t:|1775723222\n|switch|p2a: Incineroar|Incineroar, L50, M|100/100\n|-ability|p2a: Incineroar|Intimidate|boost\n|-unboost|p1a: Hiyuki|atk|1\n|-unboost|p1b: Denia|atk|1\n|move|p1a: Hiyuki|Glacial Lance|p2a: Incineroar|[spread] p2a,p2b\n|-resisted|p2a: Incineroar\n|-resisted|p2b: Koraidon\n|-damage|p2a: Incineroar|87/100\n|-damage|p2b: Koraidon|81/100\n|move|p1b: Denia|Knock Off|p2b: Koraidon\n|-damage|p2b: Koraidon|61/100\n|-enditem|p2b: Koraidon|Clear Amulet|[from] move: Knock Off|[of] p1b: Denia\n|move|p2b: Koraidon|Flare Blitz|p1a: Hiyuki\n|-damage|p1a: Hiyuki|30/100\n|-damage|p2b: Koraidon|47/100|[from] Recoil\n|\n|-heal|p1a: Hiyuki|36/100|[from] item: Leftovers\n|-fieldend|move: Trick Room\n|upkeep\n|turn|11\n|\n|t:|1775723242\n|move|p1a: Hiyuki|Protect|p1a: Hiyuki\n|-singleturn|p1a: Hiyuki|Protect\n|move|p2a: Incineroar|Fake Out|p1a: Hiyuki\n|-activate|p1a: Hiyuki|move: Protect\n|move|p2b: Koraidon|Collision Course|p1b: Denia\n|-supereffective|p1b: Denia\n|-damage|p1b: Denia|0 fnt\n|faint|p1b: Denia\n|\n|-heal|p1a: Hiyuki|42/100|[from] item: Leftovers\n|upkeep\n|\n|t:|1775723244\n|switch|p1b: Aemeath|Koraidon, L50|36/100\n|-weather|SunnyDay|[from] ability: Orichalcum Pulse|[of] p1b: Aemeath\n|-activate|p1b: Aemeath|Orichalcum Pulse|[source]\n|turn|12\n|\n|t:|1775723268\n|move|p2b: Koraidon|Protect|p2b: Koraidon\n|-singleturn|p2b: Koraidon|Protect\n|move|p1b: Aemeath|Protect|p1b: Aemeath\n|-singleturn|p1b: Aemeath|Protect\n|move|p2a: Incineroar|Parting Shot|p1a: Hiyuki\n|-unboost|p1a: Hiyuki|atk|1\n|-unboost|p1a: Hiyuki|spa|1\n|\n|t:|1775723277\n|switch|p2a: Smeargle|Smeargle, L50, M|8/100|[from] Parting Shot\n|move|p1a: Hiyuki|Leech Seed|p2a: Smeargle\n|-start|p2a: Smeargle|move: Leech Seed\n|\n|-weather|SunnyDay|[upkeep]\n|-heal|p1a: Hiyuki|47/100|[from] item: Leftovers\n|-damage|p2a: Smeargle|0 fnt|[from] Leech Seed|[of] p1a: Hiyuki\n|-heal|p1a: Hiyuki|52/100|[silent]\n|faint|p2a: Smeargle\n|upkeep\n|\n|t:|1775723286\n|switch|p2a: Incineroar|Incineroar, L50, M|87/100\n|-ability|p2a: Incineroar|Intimidate|boost\n|-unboost|p1a: Hiyuki|atk|1\n|-fail|p1b: Aemeath|unboost|[from] item: Clear Amulet|[of] p1b: Aemeath\n|turn|13\n|\n|t:|1775723302\n|move|p1b: Aemeath|Protect||[still]\n|-fail|p1b: Aemeath\n|move|p1a: Hiyuki|Protect|p1a: Hiyuki\n|-singleturn|p1a: Hiyuki|Protect\n|move|p2a: Incineroar|Fake Out|p1b: Aemeath\n|-damage|p1b: Aemeath|28/100\n|move|p2b: Koraidon|Flame Charge|p1a: Hiyuki\n|-activate|p1a: Hiyuki|move: Protect\n|\n|-weather|SunnyDay|[upkeep]\n|-heal|p1a: Hiyuki|58/100|[from] item: Leftovers\n|upkeep\n|turn|14\n|inactive|hexagonfoot has 30 seconds left.\n|inactive|yicz has 30 seconds left.\n|inactive|hexagonfoot has 20 seconds left.\n|inactive|hexagonfoot has 15 seconds left.\n|inactive|hexagonfoot has 10 seconds left.\n|inactive|hexagonfoot has 5 seconds left.\n|\n|t:|1775723355\n|move|p1b: Aemeath|Close Combat|p2b: Koraidon\n|-damage|p2b: Koraidon|0 fnt\n|-unboost|p1b: Aemeath|def|1\n|-unboost|p1b: Aemeath|spd|1\n|faint|p2b: Koraidon\n|move|p2a: Incineroar|Flare Blitz|p1a: Hiyuki\n|-damage|p1a: Hiyuki|15/100\n|-damage|p2a: Incineroar|72/100|[from] Recoil\n|move|p1a: Hiyuki|Leech Seed|p2a: Incineroar\n|-start|p2a: Incineroar|move: Leech Seed\n|\n|-weather|SunnyDay|[upkeep]\n|-heal|p1a: Hiyuki|21/100|[from] item: Leftovers\n|-damage|p2a: Incineroar|60/100|[from] Leech Seed|[of] p1a: Hiyuki\n|-heal|p1a: Hiyuki|33/100|[silent]\n|upkeep\n|turn|15\n|-message|yicz forfeited.\n|\n|win|hexagonfoot\n|raw|hexagonfoot's rating: 1324 &rarr; <strong>1347</strong><br />(+23 for winning)\n|raw|yicz's rating: 1371 &rarr; <strong>1348</strong><br />(-23 for losing)\n|l|\u2606yicz\n|player|p2|\n|l|\u2606hexagonfoot\n|player|p1|\n","uploadtime":1775723532,"views":9,"formatid":"gen9vgc2026regi","rating":1347,"private":0,"password":null}