{"id":"gen9vgc2026regi-2549578650","format":"[Gen 9] VGC 2026 Reg I","players":["cdogp3","sgcactus"],"log":"|j|\u2606cdogp3\n|j|\u2606sgcactus\n|t:|1772386178\n|gametype|doubles\n|player|p1|cdogp3|hoopster|1649\n|player|p2|sgcactus|102|1522\n|gen|9\n|tier|[Gen 9] VGC 2026 Reg I\n|rated|\n|rule|Species Clause: Limit one of each Pok\u00e9mon\n|rule|Item Clause: Limit 1 of each item\n|clearpoke\n|poke|p1|Sneasler, L50, M|\n|poke|p1|Ditto, L50|\n|poke|p1|Calyrex-Ice, L50|\n|poke|p1|Miraidon, L50|\n|poke|p1|Urshifu-*, L50, M|\n|poke|p1|Incineroar, L50, F|\n|poke|p2|Calyrex-Ice, L50|\n|poke|p2|Miraidon, L50|\n|poke|p2|Ting-Lu, L50|\n|poke|p2|Indeedee-F, L50, F|\n|poke|p2|Ceruledge, L50, F|\n|poke|p2|Flutter Mane, L50|\n|teampreview|4\n|inactive|Battle timer is ON: inactive players will automatically lose when time's up. (requested by cdogp3)\n|\n|t:|1772386190\n|teamsize|p1|4\n|teamsize|p2|4\n|start\n|switch|p1a: Calyrex|Calyrex-Ice, L50|100/100\n|switch|p1b: Incineroar|Incineroar, L50, F|100/100\n|switch|p2a: Calyrex|Calyrex-Ice, L50|100/100\n|switch|p2b: Indeedee|Indeedee-F, L50, F|100/100\n|-ability|p1a: Calyrex|As One\n|-ability|p1a: Calyrex|Unnerve\n|-ability|p2a: Calyrex|As One\n|-ability|p2a: Calyrex|Unnerve\n|-fieldstart|move: Psychic Terrain|[from] ability: Psychic Surge|[of] p2b: Indeedee\n|-ability|p1b: Incineroar|Intimidate|boost\n|-fail|p2a: Calyrex|unboost|[from] item: Clear Amulet|[of] p2a: Calyrex\n|-unboost|p2b: Indeedee|atk|1\n|turn|1\n|\n|t:|1772386208\n|-terastallize|p2a: Calyrex|Fire\n|move|p2b: Indeedee|Charm|p1b: Incineroar\n|-unboost|p1b: Incineroar|atk|2\n|move|p1b: Incineroar|Knock Off|p2a: Calyrex\n|-damage|p2a: Calyrex|87/100\n|-enditem|p2a: Calyrex|Clear Amulet|[from] move: Knock Off|[of] p1b: Incineroar\n|move|p1a: Calyrex|Glacial Lance|p2a: Calyrex|[spread] p2a,p2b\n|-resisted|p2a: Calyrex\n|-damage|p2a: Calyrex|69/100\n|-damage|p2b: Indeedee|48/100\n|move|p2a: Calyrex|Imprison|p2a: Calyrex\n|-start|p2a: Calyrex|move: Imprison\n|\n|upkeep\n|turn|2\n|\n|t:|1772386227\n|switch|p1a: Urshifu|Urshifu-Rapid-Strike, L50, M|100/100\n|move|p2b: Indeedee|Heal Pulse|p2a: Calyrex\n|-heal|p2a: Calyrex|100/100\n|move|p1b: Incineroar|U-turn|p2b: Indeedee\n|-supereffective|p2b: Indeedee\n|-damage|p2b: Indeedee|26/100\n|-damage|p1b: Incineroar|84/100|[from] item: Rocky Helmet|[of] p2b: Indeedee\n|\n|t:|1772386232\n|switch|p1b: Miraidon|Miraidon, L50|100/100|[from] U-turn\n|-fieldstart|move: Electric Terrain|[from] ability: Hadron Engine|[of] p1b: Miraidon\n|move|p2a: Calyrex|Glacial Lance|p1b: Miraidon|[spread] p1a,p1b\n|-resisted|p1a: Urshifu\n|-supereffective|p1b: Miraidon\n|-damage|p1a: Urshifu|68/100\n|-damage|p1b: Miraidon|0 fnt\n|faint|p1b: Miraidon\n|-ability|p2a: Calyrex|Chilling Neigh|boost\n|-boost|p2a: Calyrex|atk|1\n|\n|upkeep\n|\n|t:|1772386234\n|switch|p1b: Incineroar|Incineroar, L50, F|84/100\n|-ability|p1b: Incineroar|Intimidate|boost\n|-unboost|p2a: Calyrex|atk|1\n|-unboost|p2b: Indeedee|atk|1\n|turn|3\n|\n|t:|1772386247\n|-terastallize|p1a: Urshifu|Stellar\n|move|p1b: Incineroar|Fake Out|p2b: Indeedee\n|-damage|p2b: Indeedee|16/100\n|-damage|p1b: Incineroar|68/100|[from] item: Rocky Helmet|[of] p2b: Indeedee\n|cant|p2b: Indeedee|flinch\n|move|p1a: Urshifu|Surging Strikes|p2a: Calyrex\n|-supereffective|p2a: Calyrex\n|-crit|p2a: Calyrex\n|-damage|p2a: Calyrex|64/100\n|-supereffective|p2a: Calyrex\n|-crit|p2a: Calyrex\n|-damage|p2a: Calyrex|29/100\n|-supereffective|p2a: Calyrex\n|-crit|p2a: Calyrex\n|-damage|p2a: Calyrex|0 fnt\n|faint|p2a: Calyrex\n|-hitcount|p2: Calyrex|3\n|\n|upkeep\n|\n|t:|1772386254\n|switch|p2a: Miraidon|Miraidon, L50|100/100\n|-activate|p2a: Miraidon|ability: Hadron Engine\n|turn|4\n|\n|t:|1772386261\n|move|p2b: Indeedee|Helping Hand|p2a: Miraidon\n|-singleturn|p2a: Miraidon|Helping Hand|[of] p2b: Indeedee\n|move|p1a: Urshifu|Detect|p1a: Urshifu\n|-singleturn|p1a: Urshifu|Protect\n|move|p2a: Miraidon|Parabolic Charge|p1a: Urshifu|[spread] p2b,p1b\n|-activate|p1a: Urshifu|move: Protect\n|-damage|p2b: Indeedee|0 fnt\n|-damage|p1b: Incineroar|30/100\n|faint|p2b: Indeedee\n|move|p1b: Incineroar|U-turn|p2a: Miraidon\n|-damage|p2a: Miraidon|79/100\n|\n|t:|1772386263\n|switch|p1b: Calyrex|Calyrex-Ice, L50|100/100|[from] U-turn\n|-ability|p1b: Calyrex|As One\n|-ability|p1b: Calyrex|Unnerve\n|\n|upkeep\n|\n|t:|1772386266\n|switch|p2b: Ting-Lu|Ting-Lu, L50|100/100\n|-ability|p2b: Ting-Lu|Vessel of Ruin\n|turn|5\n|-activate|p2b: Ting-Lu|item: Quick Claw\n|\n|t:|1772386271\n|switch|p1a: Incineroar|Incineroar, L50, F|30/100\n|-ability|p1a: Incineroar|Intimidate|boost\n|-unboost|p2a: Miraidon|atk|1\n|-unboost|p2b: Ting-Lu|atk|1\n|move|p2b: Ting-Lu|Fissure|p1b: Calyrex|[miss]\n|-miss|p2b: Ting-Lu|p1b: Calyrex\n|move|p2a: Miraidon|Electro Drift|p1a: Incineroar\n|-damage|p1a: Incineroar|0 fnt\n|faint|p1a: Incineroar\n|move|p1b: Calyrex|Glacial Lance|p2b: Ting-Lu|[spread] p2a,p2b\n|-supereffective|p2a: Miraidon\n|-supereffective|p2b: Ting-Lu\n|-damage|p2a: Miraidon|0 fnt\n|-damage|p2b: Ting-Lu|33/100\n|faint|p2a: Miraidon\n|-ability|p1b: Calyrex|Chilling Neigh|boost\n|-boost|p1b: Calyrex|atk|1\n|\n|upkeep\n|\n|t:|1772386276\n|switch|p1a: Urshifu|Urshifu-Rapid-Strike, L50, M, tera:Stellar|68/100\n|turn|6\n|-message|sgcactus forfeited.\n|\n|win|cdogp3\n|raw|cdogp3's rating: 1649 &rarr; <strong>1662</strong><br />(+13 for winning)\n|raw|sgcactus's rating: 1522 &rarr; <strong>1509</strong><br />(-13 for losing)\n|l|\u2606sgcactus\n|player|p2|\n|l|\u2606cdogp3\n|player|p1|\n","uploadtime":1772386473,"views":32,"formatid":"gen9vgc2026regi","rating":1509,"private":0,"password":null}