{"id":"gen9vgc2026regi-2516352535","format":"[Gen 9] VGC 2026 Reg I","players":["blackred123\u6c38\u96cf\u5854\u83f2\u4fa0","shinshikyou"],"log":"|j|\u2606blackred123\u6c38\u96cf\u5854\u83f2\u4fa0\n|j|\u2606shinshikyou\n|t:|1768126694\n|gametype|doubles\n|player|p1|blackred123\u6c38\u96cf\u5854\u83f2\u4fa0|iono-masters|1194\n|player|p2|shinshikyou|102|1138\n|gen|9\n|tier|[Gen 9] VGC 2026 Reg I\n|rated|\n|rule|Species Clause: Limit one of each Pok\u00e9mon\n|rule|Item Clause: Limit 1 of each item\n|clearpoke\n|poke|p1|Calyrex-Shadow, L50|\n|poke|p1|Zamazenta-*, L50|\n|poke|p1|Incineroar, L50, F|\n|poke|p1|Rillaboom, L50, M|\n|poke|p1|Ogerpon-Cornerstone, L50, F|\n|poke|p1|Tornadus, L50, M|\n|poke|p2|Oranguru, L50, F|\n|poke|p2|Golurk, L50|\n|poke|p2|Calyrex-Ice, L50|\n|poke|p2|Lapras, L50, M|\n|poke|p2|Annihilape, L50, M|\n|poke|p2|Miraidon, L50|\n|teampreview|4\n|inactive|Battle timer is ON: inactive players will automatically lose when time's up. (requested by blackred123\u6c38\u96cf\u5854\u83f2\u4fa0)\n|\n|t:|1768126719\n|teamsize|p1|4\n|teamsize|p2|4\n|start\n|switch|p1a: \u54c7\u8884\uff08\u72d7\u53eb\u58f0\uff09|Zamazenta-Crowned, L50|100/100\n|switch|p1b: \u6211\u559c\u6b22\u4f60|Ogerpon-Cornerstone, L50, F|100/100\n|switch|p2a: Annihilape|Annihilape, L50, M|100/100\n|switch|p2b: Oranguru|Oranguru, L50, F|100/100\n|-ability|p1a: \u54c7\u8884\uff08\u72d7\u53eb\u58f0\uff09|Dauntless Shield|boost\n|-boost|p1a: \u54c7\u8884\uff08\u72d7\u53eb\u58f0\uff09|def|1\n|turn|1\n|\n|t:|1768126735\n|move|p1b: \u6211\u559c\u6b22\u4f60|Follow Me|p1b: \u6211\u559c\u6b22\u4f60\n|-singleturn|p1b: \u6211\u559c\u6b22\u4f60|move: Follow Me\n|move|p2a: Annihilape|Final Gambit|p1b: \u6211\u559c\u6b22\u4f60\n|-ability|p1b: \u6211\u559c\u6b22\u4f60|Sturdy\n|-damage|p1b: \u6211\u559c\u6b22\u4f60|1/100\n|faint|p2a: Annihilape\n|move|p1a: \u54c7\u8884\uff08\u72d7\u53eb\u58f0\uff09|Heavy Slam|p2b: Oranguru\n|-damage|p2b: Oranguru|62/100\n|move|p2b: Oranguru|Trick Room|p2b: Oranguru\n|-fieldstart|move: Trick Room|[of] p2b: Oranguru\n|\n|upkeep\n|\n|t:|1768126747\n|switch|p2a: Golurk|Golurk, L50|100/100\n|turn|2\n|\n|t:|1768126765\n|move|p1a: \u54c7\u8884\uff08\u72d7\u53eb\u58f0\uff09|Protect|p1a: \u54c7\u8884\uff08\u72d7\u53eb\u58f0\uff09\n|-singleturn|p1a: \u54c7\u8884\uff08\u72d7\u53eb\u58f0\uff09|Protect\n|move|p1b: \u6211\u559c\u6b22\u4f60|Spiky Shield|p1b: \u6211\u559c\u6b22\u4f60\n|-singleturn|p1b: \u6211\u559c\u6b22\u4f60|move: Protect\n|move|p2a: Golurk|Dynamic Punch|p1b: \u6211\u559c\u6b22\u4f60\n|-activate|p1b: \u6211\u559c\u6b22\u4f60|move: Protect\n|-damage|p2a: Golurk|88/100|[from] Spiky Shield|[of] p1b: \u6211\u559c\u6b22\u4f60\n|move|p2b: Oranguru|Skill Swap|p2a: Golurk\n|-activate|p2b: Oranguru|move: Skill Swap|||[of] p2a: Golurk\n|\n|upkeep\n|turn|3\n|\n|t:|1768126790\n|move|p2a: Golurk|Dynamic Punch|p1a: \u54c7\u8884\uff08\u72d7\u53eb\u58f0\uff09|[miss]\n|-miss|p2a: Golurk|p1a: \u54c7\u8884\uff08\u72d7\u53eb\u58f0\uff09\n|move|p2b: Oranguru|Encore|p1b: \u6211\u559c\u6b22\u4f60\n|-start|p1b: \u6211\u559c\u6b22\u4f60|Encore\n|move|p1a: \u54c7\u8884\uff08\u72d7\u53eb\u58f0\uff09|Body Press|p2b: Oranguru\n|-damage|p2b: Oranguru|12/100\n|move|p1b: \u6211\u559c\u6b22\u4f60|Spiky Shield||[still]\n|-fail|p1b: \u6211\u559c\u6b22\u4f60\n|\n|upkeep\n|turn|4\n|\n|t:|1768126809\n|switch|p2a: Lapras|Lapras, L50, M|100/100\n|switch|p1b: \u5e05otto\u5e05|Incineroar, L50, F|100/100\n|-ability|p1b: \u5e05otto\u5e05|Intimidate|boost\n|-unboost|p2a: Lapras|atk|1\n|-unboost|p2b: Oranguru|atk|1\n|-terastallize|p1a: \u54c7\u8884\uff08\u72d7\u53eb\u58f0\uff09|Dragon\n|move|p2b: Oranguru|Skill Swap|p2a: Lapras\n|-activate|p2b: Oranguru|move: Skill Swap|||[of] p2a: Lapras\n|move|p1a: \u54c7\u8884\uff08\u72d7\u53eb\u58f0\uff09|Body Press|p2b: Oranguru\n|-damage|p2b: Oranguru|0 fnt\n|faint|p2b: Oranguru\n|\n|upkeep\n|\n|t:|1768126819\n|switch|p2b: Golurk|Golurk, L50|88/100\n|turn|5\n|\n|t:|1768126827\n|move|p1b: \u5e05otto\u5e05|Fake Out|p2a: Lapras\n|-damage|p2a: Lapras|93/100\n|move|p2b: Golurk|Dynamic Punch|p1b: \u5e05otto\u5e05\n|-supereffective|p1b: \u5e05otto\u5e05\n|-damage|p1b: \u5e05otto\u5e05|46/100\n|-start|p1b: \u5e05otto\u5e05|confusion\n|-damage|p2b: Golurk|72/100|[from] item: Rocky Helmet|[of] p1b: \u5e05otto\u5e05\n|cant|p2a: Lapras|flinch\n|move|p1a: \u54c7\u8884\uff08\u72d7\u53eb\u58f0\uff09|Body Press|p2a: Lapras\n|-supereffective|p2a: Lapras\n|-damage|p2a: Lapras|0 fnt\n|faint|p2a: Lapras\n|\n|-fieldend|move: Trick Room\n|upkeep\n|turn|6\n|-message|shinshikyou forfeited.\n|\n|win|blackred123\u6c38\u96cf\u5854\u83f2\u4fa0\n|raw|blackred123\u6c38\u96cf\u5854\u83f2\u4fa0's rating: 1194 &rarr; <strong>1215</strong><br />(+21 for winning)\n|raw|shinshikyou's rating: 1138 &rarr; <strong>1117</strong><br />(-21 for losing)\n|l|\u2606shinshikyou\n|player|p2|\n|j| dasabe\u76d6\u6b27\u5361\u4fa0\n|l| dasabe\u76d6\u6b27\u5361\u4fa0\n","uploadtime":1768126849,"views":18,"formatid":"gen9vgc2026regi","rating":1117,"private":0,"password":null}