{"id":"gen9vgc2026regi-2579762095","format":"[Gen 9] VGC 2026 Reg I","players":["DaviLT13","TheNamesBetty"],"log":"|j|\u2606DaviLT13\n|j|\u2606TheNamesBetty\n|t:|1775825647\n|gametype|doubles\n|player|p1|DaviLT13|striker|1379\n|player|p2|TheNamesBetty|koga|1339\n|gen|9\n|tier|[Gen 9] VGC 2026 Reg I\n|rated|\n|rule|Species Clause: Limit one of each Pok\u00e9mon\n|rule|Item Clause: Limit 1 of each item\n|clearpoke\n|poke|p1|Incineroar, L50, M|\n|poke|p1|Koraidon, L50|\n|poke|p1|Terapagos, L50, M|\n|poke|p1|Flutter Mane, L50|\n|poke|p1|Rillaboom, L50, F|\n|poke|p1|Sinistcha, L50|\n|poke|p2|Zacian-*, L50|\n|poke|p2|Grimmsnarl, L50, M|\n|poke|p2|Incineroar, L50, M|\n|poke|p2|Calyrex-Shadow, L50|\n|poke|p2|Indeedee-F, L50, F|\n|poke|p2|Electabuzz, L50, M|\n|teampreview|4\n|inactive|Battle timer is ON: inactive players will automatically lose when time's up. (requested by DaviLT13)\nTheNamesBetty has agreed to open team sheets.\n|inactive|TheNamesBetty has 60 seconds left.\n|\n|t:|1775825692\n|teamsize|p1|4\n|teamsize|p2|4\n|start\n|switch|p1a: Terapagos|Terapagos, L50, M|100/100\n|switch|p1b: Incineroar|Incineroar, L50, M|100/100\n|switch|p2a: P\u00e9sek|Zacian-Crowned, L50|100/100\n|switch|p2b: Kret\u00e8n|Grimmsnarl, L50, M|100/100\n|-activate|p1a: Terapagos|ability: Tera Shift\n|detailschange|p1a: Terapagos|Terapagos-Terastal, L50, M\n|-heal|p1a: Terapagos|100/100|[silent]\n|-ability|p2a: P\u00e9sek|Intrepid Sword|boost\n|-boost|p2a: P\u00e9sek|atk|1\n|-ability|p1b: Incineroar|Intimidate|boost\n|-unboost|p2a: P\u00e9sek|atk|1\n|-unboost|p2b: Kret\u00e8n|atk|1\n|turn|1\n|\n|t:|1775825714\n|switch|p2b: Indeedee|Indeedee-F, L50, F|100/100\n|-fieldstart|move: Psychic Terrain|[from] ability: Psychic Surge|[of] p2b: Indeedee\n|move|p1b: Incineroar|Fake Out|p2a: P\u00e9sek\n|-activate|p2a: P\u00e9sek|move: Psychic Terrain\n|move|p2a: P\u00e9sek|Behemoth Blade|p1a: Terapagos\n|-activate|p1a: Terapagos|ability: Tera Shell\n|-resisted|p1a: Terapagos\n|-damage|p1a: Terapagos|80/100\n|move|p1a: Terapagos|Calm Mind|p1a: Terapagos\n|-boost|p1a: Terapagos|spa|1\n|-boost|p1a: Terapagos|spd|1\n|\n|-heal|p1a: Terapagos|86/100|[from] item: Leftovers\n|upkeep\n|turn|2\n|\n|t:|1775825734\n|move|p2b: Indeedee|Helping Hand|p2a: P\u00e9sek\n|-singleturn|p2a: P\u00e9sek|Helping Hand|[of] p2b: Indeedee\n|move|p1a: Terapagos|Protect|p1a: Terapagos\n|-singleturn|p1a: Terapagos|Protect\n|move|p2a: P\u00e9sek|Behemoth Blade|p1a: Terapagos\n|-activate|p1a: Terapagos|move: Protect\n|move|p1b: Incineroar|Flare Blitz|p2a: P\u00e9sek\n|-supereffective|p2a: P\u00e9sek\n|-damage|p2a: P\u00e9sek|9/100\n|-damage|p1b: Incineroar|76/100|[from] Recoil\n|\n|-heal|p1a: Terapagos|93/100|[from] item: Leftovers\n|upkeep\n|turn|3\n|\n|t:|1775825752\n|switch|p1b: Sinistcha|Sinistcha, L50|100/100\n|-heal|p1a: Terapagos|100/100|[from] ability: Hospitality|[of] p1b: Sinistcha\n|move|p2b: Indeedee|Helping Hand|p2a: P\u00e9sek\n|-singleturn|p2a: P\u00e9sek|Helping Hand|[of] p2b: Indeedee\n|move|p2a: P\u00e9sek|Behemoth Blade|p1a: Terapagos\n|-activate|p1a: Terapagos|ability: Tera Shell\n|-resisted|p1a: Terapagos\n|-damage|p1a: Terapagos|71/100\n|move|p1a: Terapagos|Calm Mind|p1a: Terapagos\n|-boost|p1a: Terapagos|spa|1\n|-boost|p1a: Terapagos|spd|1\n|\n|-heal|p1a: Terapagos|77/100|[from] item: Leftovers\n|upkeep\n|turn|4\n|\n|t:|1775825771\n|move|p1a: Terapagos|Protect|p1a: Terapagos\n|-singleturn|p1a: Terapagos|Protect\n|move|p2a: P\u00e9sek|Behemoth Blade|p1b: Sinistcha\n|-damage|p1b: Sinistcha|53/100\n|move|p2b: Indeedee|Heal Pulse|p2a: P\u00e9sek\n|-heal|p2a: P\u00e9sek|60/100\n|move|p1b: Sinistcha|Shadow Ball|p2a: P\u00e9sek\n|-damage|p2a: P\u00e9sek|27/100\n|\n|-heal|p1a: Terapagos|83/100|[from] item: Leftovers\n|upkeep\n|turn|5\n|\n|t:|1775825790\n|-terastallize|p1a: Terapagos|Stellar\n|detailschange|p1a: Terapagos|Terapagos-Stellar, L50, M, tera:Stellar\n|-heal|p1a: Terapagos|88/100|[silent]\n|-ability|p1a: Terapagos|Teraform Zero\n|-fieldend|move: Psychic Terrain\n|move|p2b: Indeedee|Helping Hand|p2a: P\u00e9sek\n|-singleturn|p2a: P\u00e9sek|Helping Hand|[of] p2b: Indeedee\n|move|p2a: P\u00e9sek|Behemoth Blade|p1a: Terapagos\n|-damage|p1a: Terapagos|45/100\n|move|p1a: Terapagos|Tera Starstorm|p2b: Indeedee|[spread] p2a,p2b\n|-damage|p2a: P\u00e9sek|0 fnt\n|-damage|p2b: Indeedee|57/100\n|faint|p2a: P\u00e9sek\n|move|p1b: Sinistcha|Life Dew|p1b: Sinistcha|[spread] p1a,p1b\n|-heal|p1a: Terapagos|70/100\n|-heal|p1b: Sinistcha|79/100\n|\n|-heal|p1a: Terapagos|76/100|[from] item: Leftovers\n|upkeep\n|-message|TheNamesBetty forfeited.\n|\n|win|DaviLT13\n|raw|DaviLT13's rating: 1379 &rarr; <strong>1397</strong><br />(+18 for winning)\n|raw|TheNamesBetty's rating: 1339 &rarr; <strong>1321</strong><br />(-18 for losing)\n|l|\u2606TheNamesBetty\n|player|p2|\n|l|\u2606DaviLT13\n|player|p1|\n","uploadtime":1775825976,"views":10,"formatid":"gen9vgc2026regi","rating":1321,"private":0,"password":null}