{"id":"gen9vgc2026regi-2577938427","format":"[Gen 9] VGC 2026 Reg I","players":["EllenJoe2026","GAPDHD"],"log":"|j|\u2606EllenJoe2026\n|j|\u2606GAPDHD\n|t:|1775623364\n|gametype|doubles\n|player|p1|EllenJoe2026|elesa|1599\n|player|p2|GAPDHD|ruinmaniac|1515\n|gen|9\n|tier|[Gen 9] VGC 2026 Reg I\n|rated|\n|rule|Species Clause: Limit one of each Pok\u00e9mon\n|rule|Item Clause: Limit 1 of each item\n|clearpoke\n|poke|p1|Calyrex-Ice, L50|\n|poke|p1|Miraidon, L50|\n|poke|p1|Tornadus, L50, M|\n|poke|p1|Urshifu-*, L50, F|\n|poke|p1|Volcarona, L50, F|\n|poke|p1|Indeedee-F, L50, F|\n|poke|p2|Urshifu-*, L50, F|\n|poke|p2|Tornadus, L50, M|\n|poke|p2|Lunala, L50|\n|poke|p2|Calyrex-Ice, L50|\n|poke|p2|Grimmsnarl, L50, M|\n|poke|p2|Rillaboom, L50, M|\n|teampreview|4\n|inactive|Battle timer is ON: inactive players will automatically lose when time's up. (requested by EllenJoe2026)\nGAPDHD has agreed to open team sheets.\n|\n|t:|1775623383\n|teamsize|p1|4\n|teamsize|p2|4\n|start\n|switch|p1a: Miraidon|Miraidon, L50, shiny|100/100\n|switch|p1b: Tornadus|Tornadus, L50, M, shiny|100/100\n|switch|p2a: Calyrex|Calyrex-Ice, L50|100/100\n|switch|p2b: Grimmsnarl|Grimmsnarl, L50, M|100/100\n|-ability|p2a: Calyrex|As One\n|-ability|p2a: Calyrex|Unnerve\n|-fieldstart|move: Electric Terrain|[from] ability: Hadron Engine|[of] p1a: Miraidon\n|turn|1\n|\n|t:|1775623397\n|-terastallize|p1a: Miraidon|Ghost\n|move|p2b: Grimmsnarl|Fake Out|p1a: Miraidon\n|-immune|p1a: Miraidon\n|move|p1a: Miraidon|Electro Drift|p2a: Calyrex\n|-damage|p2a: Calyrex|0 fnt\n|faint|p2a: Calyrex\n|move|p1b: Tornadus|Dark Pulse|p2b: Grimmsnarl\n|-resisted|p2b: Grimmsnarl\n|-damage|p2b: Grimmsnarl|93/100\n|\n|upkeep\n|\n|t:|1775623406\n|switch|p2a: Lunala|Lunala, L50|100/100\n|turn|2\n|\n|t:|1775623416\n|-terastallize|p2a: Lunala|Dark\n|move|p2b: Grimmsnarl|Light Screen|p2b: Grimmsnarl\n|-sidestart|p2: GAPDHD|move: Light Screen\n|move|p1a: Miraidon|Electro Drift|p2a: Lunala\n|-damage|p2a: Lunala|69/100\n|move|p1b: Tornadus|Dark Pulse|p2a: Lunala\n|-resisted|p2a: Lunala\n|-damage|p2a: Lunala|62/100\n|move|p2a: Lunala|Trick Room|p2a: Lunala\n|-fieldstart|move: Trick Room|[of] p2a: Lunala\n|\n|upkeep\n|turn|3\n|\n|t:|1775623441\n|switch|p2b: Rillaboom|Rillaboom, L50, M|100/100\n|-fieldstart|move: Grassy Terrain|[from] ability: Grassy Surge|[of] p2b: Rillaboom\n|switch|p1a: Urshifu|Urshifu-Rapid-Strike, L50, F|100/100\n|move|p2a: Lunala|Meteor Beam||[still]\n|-prepare|p2a: Lunala|Meteor Beam\n|-boost|p2a: Lunala|spa|1\n|-enditem|p2a: Lunala|Power Herb\n|-anim|p2a: Lunala|Meteor Beam|p1a: Urshifu\n|-resisted|p1a: Urshifu\n|-damage|p1a: Urshifu|49/100\n|move|p1b: Tornadus|Dark Pulse|p2a: Lunala\n|-resisted|p2a: Lunala\n|-damage|p2a: Lunala|56/100\n|\n|-heal|p2a: Lunala|62/100|[from] Grassy Terrain\n|-heal|p1a: Urshifu|56/100|[from] Grassy Terrain\n|upkeep\n|turn|4\n|\n|t:|1775623464\n|switch|p1a: Calyrex|Calyrex-Ice, L50|100/100\n|-ability|p1a: Calyrex|As One\n|-ability|p1a: Calyrex|Unnerve\n|move|p2b: Rillaboom|Wood Hammer|p1a: Calyrex\n|-damage|p1a: Calyrex|43/100\n|-damage|p2b: Rillaboom|82/100|[from] Recoil\n|move|p2a: Lunala|Moongeist Beam|p1b: Tornadus\n|-enditem|p1b: Tornadus|Focus Sash\n|-damage|p1b: Tornadus|1/100\n|move|p1b: Tornadus|Dark Pulse|p2a: Lunala\n|-resisted|p2a: Lunala\n|-damage|p2a: Lunala|56/100\n|\n|-heal|p2b: Rillaboom|88/100|[from] Grassy Terrain\n|-heal|p2a: Lunala|62/100|[from] Grassy Terrain\n|-heal|p1a: Calyrex|49/100|[from] Grassy Terrain\n|upkeep\n|turn|5\n|inactive|EllenJoe2026 has 30 seconds left.\n|\n|t:|1775623494\n|switch|p1b: Urshifu|Urshifu-Rapid-Strike, L50, F|56/100\n|move|p1a: Calyrex|Protect|p1a: Calyrex\n|-singleturn|p1a: Calyrex|Protect\n|move|p2a: Lunala|Wide Guard|p2a: Lunala\n|-singleturn|p2a: Lunala|Wide Guard\n|move|p2b: Rillaboom|Wood Hammer|p1a: Calyrex\n|-activate|p1a: Calyrex|move: Protect\n|\n|-heal|p2b: Rillaboom|94/100|[from] Grassy Terrain\n|-heal|p1a: Calyrex|55/100|[from] Grassy Terrain\n|-heal|p2a: Lunala|68/100|[from] Grassy Terrain\n|-heal|p1b: Urshifu|62/100|[from] Grassy Terrain\n|upkeep\n|turn|6\n|\n|t:|1775623512\n|switch|p1a: Tornadus|Tornadus, L50, M, shiny|1/100\n|move|p2b: Rillaboom|Wood Hammer|p1a: Tornadus\n|-resisted|p1a: Tornadus\n|-damage|p1a: Tornadus|0 fnt\n|faint|p1a: Tornadus\n|-damage|p2b: Rillaboom|93/100|[from] Recoil\n|move|p2a: Lunala|Moongeist Beam|p1b: Urshifu\n|-damage|p1b: Urshifu|0 fnt\n|faint|p1b: Urshifu\n|\n|-heal|p2b: Rillaboom|99/100|[from] Grassy Terrain\n|-heal|p2a: Lunala|74/100|[from] Grassy Terrain\n|-fieldend|move: Trick Room\n|upkeep\n|\n|t:|1775623522\n|switch|p1a: Miraidon|Miraidon, L50, shiny, tera:Ghost|100/100\n|switch|p1b: Calyrex|Calyrex-Ice, L50|55/100\n|-ability|p1b: Calyrex|As One\n|-ability|p1b: Calyrex|Unnerve\n|-fieldstart|move: Electric Terrain|[from] ability: Hadron Engine|[of] p1a: Miraidon\n|turn|7\n|\n|t:|1775623540\n|move|p2a: Lunala|Wide Guard|p2a: Lunala\n|-singleturn|p2a: Lunala|Wide Guard\n|move|p1a: Miraidon|Electro Drift|p2a: Lunala\n|-damage|p2a: Lunala|15/100\n|move|p1b: Calyrex|Seed Bomb|p2a: Lunala\n|-damage|p2a: Lunala|0 fnt\n|faint|p2a: Lunala\n|-ability|p1b: Calyrex|Chilling Neigh|boost\n|-boost|p1b: Calyrex|atk|1\n|move|p2b: Rillaboom|Knock Off|p1b: Calyrex\n|-supereffective|p1b: Calyrex\n|-damage|p1b: Calyrex|6/100\n|-enditem|p1b: Calyrex|Icicle Plate|[from] move: Knock Off|[of] p2b: Rillaboom\n|\n|upkeep\n|\n|t:|1775623553\n|switch|p2a: Grimmsnarl|Grimmsnarl, L50, M|93/100\n|turn|8\n|\n|t:|1775623565\n|move|p1b: Calyrex|Protect|p1b: Calyrex\n|-singleturn|p1b: Calyrex|Protect\n|move|p2a: Grimmsnarl|Fake Out|p1b: Calyrex\n|-activate|p1b: Calyrex|move: Protect\n|move|p1a: Miraidon|Electro Drift|p2b: Rillaboom\n|-resisted|p2b: Rillaboom\n|-damage|p2b: Rillaboom|63/100\n|move|p2b: Rillaboom|Knock Off|p1a: Miraidon\n|-supereffective|p1a: Miraidon\n|-damage|p1a: Miraidon|25/100\n|-enditem|p1a: Miraidon|Choice Specs|[from] move: Knock Off|[of] p2b: Rillaboom\n|\n|upkeep\n|turn|9\n|\n|t:|1775623584\n|move|p1a: Miraidon|Electro Drift|p2a: Grimmsnarl\n|-damage|p2a: Grimmsnarl|30/100\n|move|p1b: Calyrex|Glacial Lance|p2a: Grimmsnarl|[spread] p2a,p2b\n|-supereffective|p2b: Rillaboom\n|-damage|p2a: Grimmsnarl|0 fnt\n|-damage|p2b: Rillaboom|0 fnt\n|faint|p2a: Grimmsnarl\n|faint|p2b: Rillaboom\n|\n|win|EllenJoe2026\n|raw|EllenJoe2026's rating: 1599 &rarr; <strong>1614</strong><br />(+15 for winning)\n|raw|GAPDHD's rating: 1515 &rarr; <strong>1500</strong><br />(-15 for losing)\n|l|\u2606GAPDHD\n|player|p2|\n|l|\u2606EllenJoe2026\n|player|p1|\n","uploadtime":1775623857,"views":10,"formatid":"gen9vgc2026regi","rating":1500,"private":0,"password":null}