{"id":"gen9vgc2026regi-2588660667","format":"[Gen 9] VGC 2026 Reg I","players":["Annihilape50137","clessvgc"],"log":"|j|\u2606Annihilape50137\n|j|\u2606clessvgc\n|t:|1776654885\n|gametype|doubles\n|player|p1|Annihilape50137|1|1352\n|player|p2|clessvgc|proton|1497\n|gen|9\n|tier|[Gen 9] VGC 2026 Reg I\n|rated|\n|rule|Species Clause: Limit one of each Pok\u00e9mon\n|rule|Item Clause: Limit 1 of each item\n|clearpoke\n|poke|p1|Heatran, L50, F|\n|poke|p1|Farigiraf, L50, F|\n|poke|p1|Ursaluna, L50, F|\n|poke|p1|Koraidon, L50|\n|poke|p1|Ogerpon-Cornerstone, L50, F|\n|poke|p1|Calyrex-Ice, L50|\n|poke|p2|Landorus-Therian, L50, M|\n|poke|p2|Calyrex-Shadow, L50|\n|poke|p2|Iron Moth, L50|\n|poke|p2|Tornadus, L50, M|\n|poke|p2|Tinkaton, L50, F|\n|poke|p2|Kyogre, L50|\n|teampreview|4\n|inactive|Battle timer is ON: inactive players will automatically lose when time's up. (requested by clessvgc)\n|\n|t:|1776654914\n|teamsize|p1|4\n|teamsize|p2|4\n|start\n|switch|p1a: Koraidon|Koraidon, L50|100/100\n|switch|p1b: Calyrex|Calyrex-Ice, L50|100/100\n|switch|p2a: Tinkaton|Tinkaton, L50, F|100/100\n|switch|p2b: Calyrex|Calyrex-Shadow, L50|100/100\n|-ability|p2b: Calyrex|As One\n|-ability|p2b: Calyrex|Unnerve\n|-ability|p1b: Calyrex|As One\n|-ability|p1b: Calyrex|Unnerve\n|-weather|SunnyDay|[from] ability: Orichalcum Pulse|[of] p1a: Koraidon\n|-activate|p1a: Koraidon|Orichalcum Pulse|[source]\n|-ability|p2a: Tinkaton|Mold Breaker\n|turn|1\n|inactive|Annihilape50137 has 30 seconds left.\n|\n|t:|1776654942\n|-terastallize|p1b: Calyrex|Normal\n|move|p2a: Tinkaton|Fake Out|p1b: Calyrex\n|-damage|p1b: Calyrex|96/100\n|move|p1a: Koraidon|Flare Blitz|p2a: Tinkaton\n|-supereffective|p2a: Tinkaton\n|-damage|p2a: Tinkaton|0 fnt\n|faint|p2a: Tinkaton\n|-damage|p1a: Koraidon|65/100|[from] Recoil\n|move|p2b: Calyrex|Astral Barrage|p1b: Calyrex|[spread] p1a\n|-immune|p1b: Calyrex\n|-damage|p1a: Koraidon|10/100\n|cant|p1b: Calyrex|flinch\n|\n|-weather|SunnyDay|[upkeep]\n|upkeep\n|\n|t:|1776654948\n|switch|p2a: Kyogre|Kyogre, L50|100/100\n|-weather|RainDance|[from] ability: Drizzle|[of] p2a: Kyogre\n|turn|2\n|inactive|Annihilape50137 has 30 seconds left.\n|\n|t:|1776654973\n|move|p1a: Koraidon|Flare Blitz|p2a: Kyogre\n|-resisted|p2a: Kyogre\n|-damage|p2a: Kyogre|90/100\n|-damage|p1a: Koraidon|7/100|[from] Recoil\n|move|p2b: Calyrex|Psychic|p1a: Koraidon\n|-supereffective|p1a: Koraidon\n|-damage|p1a: Koraidon|0 fnt\n|faint|p1a: Koraidon\n|-ability|p2b: Calyrex|Grim Neigh|boost\n|-boost|p2b: Calyrex|spa|1\n|move|p2a: Kyogre|Water Spout|p1b: Calyrex\n|-damage|p1b: Calyrex|3/100\n|move|p1b: Calyrex|Trick Room|p1b: Calyrex\n|-fieldstart|move: Trick Room|[of] p1b: Calyrex\n|\n|-weather|RainDance|[upkeep]\n|upkeep\n|\n|t:|1776654990\n|switch|p1a: Ursaluna|Ursaluna, L50, F|100/100\n|turn|3\n|\n|t:|1776655007\n|switch|p2b: Landorus|Landorus-Therian, L50, M|100/100\n|-ability|p2b: Landorus|Intimidate|boost\n|-unboost|p1a: Ursaluna|atk|1\n|-unboost|p1b: Calyrex|atk|1\n|move|p1a: Ursaluna|Headlong Rush|p2a: Kyogre\n|-damage|p2a: Kyogre|39/100\n|-unboost|p1a: Ursaluna|def|1\n|-unboost|p1a: Ursaluna|spd|1\n|move|p1b: Calyrex|Glacial Lance|p2b: Landorus|[spread] p2a,p2b\n|-resisted|p2a: Kyogre\n|-supereffective|p2b: Landorus\n|-damage|p2a: Kyogre|10/100\n|-damage|p2b: Landorus|0 fnt\n|faint|p2b: Landorus\n|-ability|p1b: Calyrex|Chilling Neigh|boost\n|-boost|p1b: Calyrex|atk|1\n|-damage|p1b: Calyrex|0 fnt|[from] item: Life Orb\n|faint|p1b: Calyrex\n|move|p2a: Kyogre|Origin Pulse|p1a: Ursaluna\n|-supereffective|p1a: Ursaluna\n|-damage|p1a: Ursaluna|0 fnt\n|faint|p1a: Ursaluna\n|\n|-weather|RainDance|[upkeep]\n|upkeep\n|\n|t:|1776655030\n|switch|p1b: Heatran|Heatran, L50, F|100/100\n|switch|p2b: Calyrex|Calyrex-Shadow, L50|100/100\n|-ability|p2b: Calyrex|As One\n|-ability|p2b: Calyrex|Unnerve\n|turn|4\n|\n|t:|1776655040\n|move|p2a: Kyogre|Protect|p2a: Kyogre\n|-singleturn|p2a: Kyogre|Protect\n|move|p2b: Calyrex|Protect|p2b: Calyrex\n|-singleturn|p2b: Calyrex|Protect\n|move|p1b: Heatran|Heat Wave|p2a: Kyogre|[spread] \n|-activate|p2a: Kyogre|move: Protect\n|-activate|p2b: Calyrex|move: Protect\n|\n|-weather|RainDance|[upkeep]\n|upkeep\n|turn|5\n|\n|t:|1776655051\n|move|p1b: Heatran|Heat Wave|p2a: Kyogre|[spread] p2a,p2b\n|-resisted|p2a: Kyogre\n|-damage|p2a: Kyogre|3/100\n|-damage|p2b: Calyrex|80/100\n|move|p2a: Kyogre|Origin Pulse|p1b: Heatran\n|-supereffective|p1b: Heatran\n|-damage|p1b: Heatran|0 fnt\n|faint|p1b: Heatran\n|\n|win|clessvgc\n|raw|Annihilape50137's rating: 1352 &rarr; <strong>1340</strong><br />(-12 for losing)\n|raw|clessvgc's rating: 1497 &rarr; <strong>1509</strong><br />(+12 for winning)\n|l|\u2606clessvgc\n|player|p2|\n|l|\u2606Annihilape50137\n|player|p1|\n","uploadtime":1776655285,"views":9,"formatid":"gen9vgc2026regi","rating":1340,"private":0,"password":null}