{"id":"gen9vgc2026regi-2562118305","format":"[Gen 9] VGC 2026 Reg I","players":["curfy317","It'sJustKen VGC"],"log":"|j|\u2606curfy317\n|j|\u2606It'sJustKen VGC\n|t:|1773872890\n|gametype|doubles\n|player|p1|curfy317|266|1431\n|player|p2|It'sJustKen VGC|265|1528\n|gen|9\n|tier|[Gen 9] VGC 2026 Reg I\n|rated|\n|rule|Species Clause: Limit one of each Pok\u00e9mon\n|rule|Item Clause: Limit 1 of each item\n|clearpoke\n|poke|p1|Zacian-*, L50|\n|poke|p1|Lunala, L50|\n|poke|p1|Umbreon, L50, F|\n|poke|p1|Urshifu-*, L50, M|\n|poke|p1|Rillaboom, L50, M|\n|poke|p1|Thundurus, L50, M|\n|poke|p2|Iron Hands, L50|\n|poke|p2|Incineroar, L50, M|\n|poke|p2|Calyrex-Shadow, L50|\n|poke|p2|Whimsicott, L50, M|\n|poke|p2|Farigiraf, L50, M|\n|poke|p2|Miraidon, L50|\n|teampreview|4\n|inactive|Battle timer is ON: inactive players will automatically lose when time's up. (requested by curfy317)\n|inactive|It'sJustKen VGC also wants the timer to be on.\n|\n|t:|1773872916\n|teamsize|p1|4\n|teamsize|p2|4\n|start\n|switch|p1a: Urshifu|Urshifu-Rapid-Strike, L50, M|100/100\n|switch|p1b: Lunala|Lunala, L50|100/100\n|switch|p2a: Farigiraf|Farigiraf, L50, M|100/100\n|switch|p2b: Miraidon|Miraidon, L50, shiny|100/100\n|-fieldstart|move: Electric Terrain|[from] ability: Hadron Engine|[of] p2b: Miraidon\n|-enditem|p2a: Farigiraf|Electric Seed\n|-boost|p2a: Farigiraf|def|1|[from] item: Electric Seed\n|turn|1\n|\n|t:|1773872936\n|move|p1a: Urshifu|U-turn|p2a: Farigiraf\n|-supereffective|p2a: Farigiraf\n|-damage|p2a: Farigiraf|71/100\n|\n|t:|1773872938\n|switch|p1a: Rillaboom|Rillaboom, L50, M|100/100|[from] U-turn\n|-fieldstart|move: Grassy Terrain|[from] ability: Grassy Surge|[of] p1a: Rillaboom\n|move|p2b: Miraidon|Volt Switch|p1a: Rillaboom\n|-resisted|p1a: Rillaboom\n|-damage|p1a: Rillaboom|77/100\n|\n|t:|1773872941\n|switch|p2b: Incineroar|Incineroar, L50, M|100/100|[from] Volt Switch\n|-ability|p2b: Incineroar|Intimidate|boost\n|-unboost|p1a: Rillaboom|atk|1\n|-unboost|p1b: Lunala|atk|1\n|move|p1b: Lunala|Meteor Beam||[still]\n|-prepare|p1b: Lunala|Meteor Beam\n|-boost|p1b: Lunala|spa|1\n|-enditem|p1b: Lunala|Power Herb\n|-anim|p1b: Lunala|Meteor Beam|p2a: Farigiraf\n|-damage|p2a: Farigiraf|3/100\n|move|p2a: Farigiraf|Trick Room|p2a: Farigiraf\n|-fieldstart|move: Trick Room|[of] p2a: Farigiraf\n|\n|-heal|p2a: Farigiraf|9/100|[from] Grassy Terrain\n|-heal|p1a: Rillaboom|83/100|[from] Grassy Terrain\n|upkeep\n|turn|2\n|inactive|curfy317 has 30 seconds left.\n|inactive|curfy317 has 20 seconds left.\n|inactive|curfy317 has 15 seconds left.\n|\n|t:|1773872982\n|-terastallize|p1b: Lunala|Water\n|move|p2b: Incineroar|Flare Blitz|p1a: Rillaboom\n|-supereffective|p1a: Rillaboom\n|-crit|p1a: Rillaboom\n|-damage|p1a: Rillaboom|0 fnt\n|faint|p1a: Rillaboom\n|-damage|p2b: Incineroar|75/100|[from] Recoil\n|move|p1b: Lunala|Moongeist Beam|p2b: Incineroar\n|-resisted|p2b: Incineroar\n|-damage|p2b: Incineroar|37/100\n|move|p2a: Farigiraf|Roar|p1b: Lunala\n|drag|p1b: Urshifu|Urshifu-Rapid-Strike, L50, M|100/100\n|\n|-heal|p2b: Incineroar|43/100|[from] Grassy Terrain\n|-heal|p2a: Farigiraf|16/100|[from] Grassy Terrain\n|upkeep\n|\n|t:|1773873000\n|switch|p1a: Lunala|Lunala, L50, tera:Water|100/100\n|turn|3\n|\n|t:|1773873011\n|move|p2b: Incineroar|Knock Off|p1b: Urshifu\n|-resisted|p1b: Urshifu\n|-damage|p1b: Urshifu|82/100\n|-enditem|p1b: Urshifu|Choice Scarf|[from] move: Knock Off|[of] p2b: Incineroar\n|move|p2a: Farigiraf|Psychic|p1b: Urshifu\n|-supereffective|p1b: Urshifu\n|-damage|p1b: Urshifu|0 fnt\n|faint|p1b: Urshifu\n|move|p1a: Lunala|Meteor Beam||[still]\n|-prepare|p1a: Lunala|Meteor Beam\n|-boost|p1a: Lunala|spa|1\n|\n|-heal|p2b: Incineroar|49/100|[from] Grassy Terrain\n|-heal|p2a: Farigiraf|22/100|[from] Grassy Terrain\n|upkeep\n|\n|t:|1773873024\n|switch|p1b: Zacian|Zacian-Crowned, L50|100/100\n|-ability|p1b: Zacian|Intrepid Sword|boost\n|-boost|p1b: Zacian|atk|1\n|turn|4\n|\n|t:|1773873035\n|move|p1b: Zacian|Protect|p1b: Zacian\n|-singleturn|p1b: Zacian|Protect\n|move|p2b: Incineroar|U-turn|p1a: Lunala\n|-damage|p1a: Lunala|93/100\n|\n|t:|1773873038\n|switch|p2b: Iron Hands|Iron Hands, L50|100/100|[from] U-turn\n|move|p2a: Farigiraf|Psychic|p1a: Lunala\n|-damage|p1a: Lunala|69/100\n|move|p1a: Lunala|Meteor Beam|p2b: Iron Hands|[from] lockedmove\n|-resisted|p2b: Iron Hands\n|-damage|p2b: Iron Hands|84/100\n|\n|-heal|p2b: Iron Hands|90/100|[from] Grassy Terrain\n|-heal|p2a: Farigiraf|28/100|[from] Grassy Terrain\n|-heal|p1a: Lunala|75/100|[from] Grassy Terrain\n|upkeep\n|turn|5\n|inactive|curfy317 has 30 seconds left.\n|\n|t:|1773873064\n|switch|p2a: Incineroar|Incineroar, L50, M|49/100\n|-ability|p2a: Incineroar|Intimidate|boost\n|-unboost|p1a: Lunala|atk|1\n|-unboost|p1b: Zacian|atk|1\n|-terastallize|p2b: Iron Hands|Water\n|move|p2b: Iron Hands|Wild Charge|p1a: Lunala\n|-supereffective|p1a: Lunala\n|-damage|p1a: Lunala|0 fnt\n|faint|p1a: Lunala\n|-damage|p2b: Iron Hands|71/100|[from] Recoil\n|move|p1b: Zacian|Sacred Sword|p2a: Incineroar\n|-supereffective|p2a: Incineroar\n|-damage|p2a: Incineroar|0 fnt\n|-damage|p1b: Zacian|84/100|[from] item: Rocky Helmet|[of] p2a: Incineroar\n|faint|p2a: Incineroar\n|\n|-heal|p2b: Iron Hands|78/100|[from] Grassy Terrain\n|-heal|p1b: Zacian|90/100|[from] Grassy Terrain\n|-fieldend|move: Trick Room\n|-fieldend|move: Grassy Terrain\n|upkeep\n|\n|t:|1773873075\n|switch|p2a: Miraidon|Miraidon, L50, shiny|100/100\n|-fieldstart|move: Electric Terrain|[from] ability: Hadron Engine|[of] p2a: Miraidon\n|-activate|p2b: Iron Hands|ability: Quark Drive\n|-start|p2b: Iron Hands|quarkdriveatk\n|turn|6\n|\n|t:|1773873090\n|move|p1b: Zacian|Play Rough|p2a: Miraidon\n|-supereffective|p2a: Miraidon\n|-damage|p2a: Miraidon|3/100\n|move|p2a: Miraidon|Volt Switch|p1b: Zacian\n|-damage|p1b: Zacian|0 fnt\n|faint|p1b: Zacian\n|\n|win|It'sJustKen VGC\n|raw|curfy317's rating: 1431 &rarr; <strong>1416</strong><br />(-15 for losing)\n|raw|It&apos;sJustKen VGC's rating: 1528 &rarr; <strong>1543</strong><br />(+15 for winning)\n|l|\u2606curfy317\n|player|p1|\n","uploadtime":1773873096,"views":15,"formatid":"gen9vgc2026regi","rating":1416,"private":0,"password":null}