{"id":"gen9vgc2026regi-2566953500","format":"[Gen 9] VGC 2026 Reg I","players":["slimeslatt252","hovertical"],"log":"|j|\u2606slimeslatt252\n|j|\u2606hovertical\n|t:|1774434385\n|gametype|doubles\n|player|p1|slimeslatt252|265|1437\n|player|p2|hovertical|169|1355\n|gen|9\n|tier|[Gen 9] VGC 2026 Reg I\n|rated|\n|rule|Species Clause: Limit one of each Pok\u00e9mon\n|rule|Item Clause: Limit 1 of each item\n|clearpoke\n|poke|p1|Calyrex-Shadow, L50|\n|poke|p1|Koraidon, L50|\n|poke|p1|Incineroar, L50, M|\n|poke|p1|Raging Bolt, L50|\n|poke|p1|Brute Bonnet, L50|\n|poke|p1|Landorus, L50, M|\n|poke|p2|Miraidon, L50|\n|poke|p2|Iron Hands, L50|\n|poke|p2|Ho-Oh, L50|\n|poke|p2|Farigiraf, L50, M|\n|poke|p2|Grimmsnarl, L50, M|\n|poke|p2|Iron Treads, L50|\n|teampreview|4\n|inactive|Battle timer is ON: inactive players will automatically lose when time's up. (requested by hovertical)\n|inactive|slimeslatt252 also wants the timer to be on.\n|inactive|hovertical has 60 seconds left.\n|\n|t:|1774434419\n|teamsize|p1|4\n|teamsize|p2|4\n|start\n|switch|p1a: raging dingus|Raging Bolt, L50|100/100\n|switch|p1b: Incineroar|Incineroar, L50, M|100/100\n|switch|p2a: Miraidon|Miraidon, L50|100/100\n|switch|p2b: Grimmsnarl|Grimmsnarl, L50, M|100/100\n|-fieldstart|move: Electric Terrain|[from] ability: Hadron Engine|[of] p2a: Miraidon\n|-ability|p1b: Incineroar|Intimidate|boost\n|-unboost|p2a: Miraidon|atk|1\n|-unboost|p2b: Grimmsnarl|atk|1\n|turn|1\n|\n|t:|1774434441\n|switch|p2b: Farigiraf|Farigiraf, L50, M|100/100\n|-enditem|p2b: Farigiraf|Electric Seed\n|-boost|p2b: Farigiraf|def|1|[from] item: Electric Seed\n|-terastallize|p1a: raging dingus|Electric\n|move|p1b: Incineroar|Fake Out||[still]\n|cant|p2b: Farigiraf|ability: Armor Tail|Fake Out|[of] p1b: Incineroar\n|move|p2a: Miraidon|Draco Meteor|p1a: raging dingus\n|-damage|p1a: raging dingus|25/100\n|-unboost|p2a: Miraidon|spa|2\n|move|p1a: raging dingus|Thunderbolt|p2b: Farigiraf\n|-damage|p2b: Farigiraf|25/100\n|\n|upkeep\n|turn|2\n|\n|t:|1774434464\n|switch|p2b: Grimmsnarl|Grimmsnarl, L50, M|100/100\n|move|p2a: Miraidon|Draco Meteor|p1a: raging dingus\n|-damage|p1a: raging dingus|0 fnt\n|-unboost|p2a: Miraidon|spa|2\n|faint|p1a: raging dingus\n|-end|p1a: raging dingus|Protosynthesis|[silent]\n|move|p1b: Incineroar|Knock Off|p2a: Miraidon\n|-damage|p2a: Miraidon|68/100\n|-enditem|p2a: Miraidon|Choice Specs|[from] move: Knock Off|[of] p1b: Incineroar\n|\n|upkeep\n|\n|t:|1774434471\n|switch|p1a: Koraidon|Koraidon, L50|100/100\n|-weather|SunnyDay|[from] ability: Orichalcum Pulse|[of] p1a: Koraidon\n|-activate|p1a: Koraidon|Orichalcum Pulse|[source]\n|turn|3\n|inactive|slimeslatt252 has 30 seconds left.\n|\n|t:|1774434498\n|switch|p2a: Farigiraf|Farigiraf, L50, M|25/100\n|move|p1b: Incineroar|Helping Hand|p1a: Koraidon\n|-singleturn|p1a: Koraidon|Helping Hand|[of] p1b: Incineroar\n|move|p2b: Grimmsnarl|Thunder Wave|p1a: Koraidon\n|-status|p1a: Koraidon|par\n|move|p1a: Koraidon|Collision Course|p2b: Grimmsnarl\n|-crit|p2b: Grimmsnarl\n|-damage|p2b: Grimmsnarl|0 fnt\n|faint|p2b: Grimmsnarl\n|\n|-weather|SunnyDay|[upkeep]\n|upkeep\n|\n|t:|1774434522\n|switch|p2b: Miraidon|Miraidon, L50|68/100\n|-activate|p2b: Miraidon|ability: Hadron Engine\n|turn|4\n|\n|t:|1774434539\n|-terastallize|p2b: Miraidon|Fairy\n|move|p2a: Farigiraf|Helping Hand|p2b: Miraidon\n|-singleturn|p2b: Miraidon|Helping Hand|[of] p2a: Farigiraf\n|move|p2b: Miraidon|Dazzling Gleam|p1a: Koraidon|[spread] p1a,p1b\n|-supereffective|p1a: Koraidon\n|-damage|p1a: Koraidon|0 fnt\n|-damage|p1b: Incineroar|49/100\n|faint|p1a: Koraidon\n|move|p1b: Incineroar|Knock Off|p2a: Farigiraf\n|-supereffective|p2a: Farigiraf\n|-damage|p2a: Farigiraf|0 fnt\n|faint|p2a: Farigiraf\n|\n|-weather|SunnyDay|[upkeep]\n|upkeep\n|\n|t:|1774434553\n|switch|p1a: Calyrex|Calyrex-Shadow, L50|100/100\n|switch|p2a: Iron Treads|Iron Treads, L50|100/100\n|-ability|p1a: Calyrex|As One\n|-ability|p1a: Calyrex|Unnerve\n|-activate|p2a: Iron Treads|ability: Quark Drive\n|-start|p2a: Iron Treads|quarkdrivespe\n|turn|5\n|\n|t:|1774434569\n|move|p1a: Calyrex|Protect|p1a: Calyrex\n|-singleturn|p1a: Calyrex|Protect\n|move|p2a: Iron Treads|Knock Off|p1a: Calyrex\n|-activate|p1a: Calyrex|move: Protect\n|move|p2b: Miraidon|Dazzling Gleam|p1b: Incineroar|[spread] p1b\n|-activate|p1a: Calyrex|move: Protect\n|-damage|p1b: Incineroar|17/100\n|move|p1b: Incineroar|Knock Off|p2a: Iron Treads\n|-damage|p2a: Iron Treads|68/100\n|-enditem|p2a: Iron Treads|Life Orb|[from] move: Knock Off|[of] p1b: Incineroar\n|\n|-weather|SunnyDay|[upkeep]\n|-fieldend|move: Electric Terrain\n|-end|p2a: Iron Treads|Quark Drive\n|upkeep\n|turn|6\n|\n|t:|1774434589\n|move|p1b: Incineroar|Helping Hand|p1a: Calyrex\n|-singleturn|p1a: Calyrex|Helping Hand|[of] p1b: Incineroar\n|move|p1a: Calyrex|Astral Barrage|p2b: Miraidon|[spread] p2a,p2b\n|-damage|p2a: Iron Treads|0 fnt\n|-damage|p2b: Miraidon|15/100\n|faint|p2a: Iron Treads\n|-end|p2a: Iron Treads|Quark Drive|[silent]\n|-ability|p1a: Calyrex|Grim Neigh|boost\n|-boost|p1a: Calyrex|spa|1\n|move|p2b: Miraidon|Dazzling Gleam|p1b: Incineroar|[spread] p1a,p1b\n|-damage|p1a: Calyrex|68/100\n|-damage|p1b: Incineroar|0 fnt\n|faint|p1b: Incineroar\n|\n|-weather|SunnyDay|[upkeep]\n|upkeep\n|turn|7\n|\n|t:|1774434609\n|move|p1a: Calyrex|Astral Barrage|p2b: Miraidon\n|-damage|p2b: Miraidon|0 fnt\n|faint|p2b: Miraidon\n|\n|win|slimeslatt252\n|raw|slimeslatt252's rating: 1437 &rarr; <strong>1452</strong><br />(+15 for winning)\n|raw|hovertical's rating: 1355 &rarr; <strong>1340</strong><br />(-15 for losing)\n|l|\u2606hovertical\n|player|p2|\n|l|\u2606slimeslatt252\n|player|p1|\n","uploadtime":1774434823,"views":8,"formatid":"gen9vgc2026regi","rating":1340,"private":0,"password":null}