{"id":"gen9vgc2026regi-2544067085","format":"[Gen 9] VGC 2026 Reg I","players":["Wumu&Ida312","Billlmads"],"log":"|j|\u2606Wumu&Ida312\n|j|\u2606Billlmads\n|t:|1771650531\n|gametype|doubles\n|player|p1|Wumu&Ida312|lillie-z|1348\n|player|p2|Billlmads|winona|1449\n|gen|9\n|tier|[Gen 9] VGC 2026 Reg I\n|rated|\n|rule|Species Clause: Limit one of each Pok\u00e9mon\n|rule|Item Clause: Limit 1 of each item\n|clearpoke\n|poke|p1|Calyrex-Shadow, L50|\n|poke|p1|Zamazenta-*, L50|\n|poke|p1|Smeargle, L50, F|\n|poke|p1|Rillaboom, L50, M|\n|poke|p1|Tornadus, L50, M|\n|poke|p1|Raging Bolt, L50|\n|poke|p2|Miraidon, L50|\n|poke|p2|Lunala, L50|\n|poke|p2|Whimsicott, L50, F|\n|poke|p2|Incineroar, L50, M|\n|poke|p2|Urshifu-*, L50, M|\n|poke|p2|Ursaluna, L50, M|\n|teampreview|4\n|inactive|Battle timer is ON: inactive players will automatically lose when time's up. (requested by Billlmads)\n|\n|t:|1771650568\n|teamsize|p1|4\n|teamsize|p2|4\n|start\n|switch|p1a: Calyrex|Calyrex-Shadow, L50|100/100\n|switch|p1b: Tornadus|Tornadus, L50, M, shiny|100/100\n|switch|p2a: Whimsicott|Whimsicott, L50, F, shiny|100/100\n|switch|p2b: Urshifu|Urshifu-Rapid-Strike, L50, M|100/100\n|-ability|p1a: Calyrex|As One\n|-ability|p1a: Calyrex|Unnerve\n|turn|1\n|inactive|Wumu&Ida312 has 30 seconds left.\n|\n|t:|1771650599\n|switch|p1a: Rillaboom|Rillaboom, L50, M, shiny|100/100\n|-fieldstart|move: Grassy Terrain|[from] ability: Grassy Surge|[of] p1a: Rillaboom\n|move|p2a: Whimsicott|Light Screen|p2a: Whimsicott\n|-sidestart|p2: Billlmads|move: Light Screen\n|move|p1b: Tornadus|Tailwind|p1b: Tornadus\n|-sidestart|p1: Wumu&Ida312|move: Tailwind\n|move|p2b: Urshifu|Surging Strikes|p1a: Rillaboom\n|-resisted|p1a: Rillaboom\n|-crit|p1a: Rillaboom\n|-damage|p1a: Rillaboom|86/100\n|-resisted|p1a: Rillaboom\n|-crit|p1a: Rillaboom\n|-damage|p1a: Rillaboom|71/100\n|-resisted|p1a: Rillaboom\n|-crit|p1a: Rillaboom\n|-damage|p1a: Rillaboom|57/100\n|-hitcount|p1a: Rillaboom|3\n|\n|-heal|p1a: Rillaboom|62/100|[from] Grassy Terrain\n|upkeep\n|turn|2\n|\n|t:|1771650617\n|switch|p2b: Miraidon|Miraidon, L50|100/100\n|-fieldstart|move: Electric Terrain|[from] ability: Hadron Engine|[of] p2b: Miraidon\n|move|p1a: Rillaboom|Fake Out|p2b: Miraidon\n|-damage|p2b: Miraidon|90/100\n|move|p2a: Whimsicott|Encore|p1b: Tornadus\n|-start|p1b: Tornadus|Encore\n|move|p1b: Tornadus|Tailwind||[still]\n|-fail|p1b: Tornadus\n|\n|upkeep\n|turn|3\n|\n|t:|1771650639\n|move|p1b: Tornadus|Tailwind||[still]\n|-fail|p1b: Tornadus\n|move|p2a: Whimsicott|Encore|p1a: Rillaboom\n|-start|p1a: Rillaboom|Encore\n|move|p1a: Rillaboom|Fake Out||[still]\n|-hint|Fake Out only works on your first turn out.\n|-fail|p1a: Rillaboom\n|move|p2b: Miraidon|Volt Switch|p1b: Tornadus\n|-supereffective|p1b: Tornadus\n|-damage|p1b: Tornadus|0 fnt\n|faint|p1b: Tornadus\n|\n|t:|1771650646\n|switch|p2b: Urshifu|Urshifu-Rapid-Strike, L50, M|100/100|[from] Volt Switch\n|\n|upkeep\n|\n|t:|1771650653\n|switch|p1b: Calyrex|Calyrex-Shadow, L50|100/100\n|-ability|p1b: Calyrex|As One\n|-ability|p1b: Calyrex|Unnerve\n|turn|4\n|\n|t:|1771650661\n|switch|p1a: Zamazenta|Zamazenta-Crowned, L50, shiny|100/100\n|-ability|p1a: Zamazenta|Dauntless Shield|boost\n|-boost|p1a: Zamazenta|def|1\n|move|p1b: Calyrex|Psychic|p2b: Urshifu\n|-supereffective|p2b: Urshifu\n|-damage|p2b: Urshifu|1/100\n|-damage|p1b: Calyrex|91/100|[from] item: Life Orb\n|move|p2a: Whimsicott|Moonblast|p1a: Zamazenta\n|-damage|p1a: Zamazenta|82/100\n|move|p2b: Urshifu|Surging Strikes|p1b: Calyrex\n|-crit|p1b: Calyrex\n|-damage|p1b: Calyrex|54/100\n|-crit|p1b: Calyrex\n|-damage|p1b: Calyrex|17/100\n|-crit|p1b: Calyrex\n|-damage|p1b: Calyrex|0 fnt\n|faint|p1b: Calyrex\n|-hitcount|p1: Calyrex|3\n|\n|-sideend|p1: Wumu&Ida312|move: Tailwind\n|upkeep\n|\n|t:|1771650671\n|switch|p1b: Rillaboom|Rillaboom, L50, M, shiny|62/100\n|-fieldstart|move: Grassy Terrain|[from] ability: Grassy Surge|[of] p1b: Rillaboom\n|turn|5\n|\n|t:|1771650684\n|switch|p2b: Miraidon|Miraidon, L50|90/100\n|-fieldstart|move: Electric Terrain|[from] ability: Hadron Engine|[of] p2b: Miraidon\n|move|p2a: Whimsicott|Tailwind|p2a: Whimsicott\n|-sidestart|p2: Billlmads|move: Tailwind\n|move|p1a: Zamazenta|Heavy Slam|p2a: Whimsicott\n|-supereffective|p2a: Whimsicott\n|-damage|p2a: Whimsicott|0 fnt\n|faint|p2a: Whimsicott\n|move|p1b: Rillaboom|Wood Hammer|p2b: Miraidon\n|-resisted|p2b: Miraidon\n|-damage|p2b: Miraidon|68/100\n|-damage|p1b: Rillaboom|55/100|[from] Recoil\n|\n|-sideend|p2: Billlmads|move: Light Screen\n|upkeep\n|\n|t:|1771650692\n|switch|p2a: Urshifu|Urshifu-Rapid-Strike, L50, M|1/100\n|turn|6\n|\n|t:|1771650701\n|-terastallize|p2b: Miraidon|Fairy\n|move|p2b: Miraidon|Dazzling Gleam|p1a: Zamazenta|[spread] p1a,p1b\n|-damage|p1a: Zamazenta|37/100\n|-damage|p1b: Rillaboom|12/100\n|move|p2a: Urshifu|U-turn|p1b: Rillaboom\n|-supereffective|p1b: Rillaboom\n|-damage|p1b: Rillaboom|0 fnt\n|faint|p1b: Rillaboom\n|-message|Wumu&Ida312 forfeited.\n|\n|win|Billlmads\n|raw|Wumu&amp;Ida312's rating: 1348 &rarr; <strong>1334</strong><br />(-14 for losing)\n|raw|Billlmads's rating: 1449 &rarr; <strong>1463</strong><br />(+14 for winning)\n|l|\u2606Wumu&Ida312\n|player|p1|\n|l|\u2606Billlmads\n|player|p2|\n","uploadtime":1771650963,"views":14,"formatid":"gen9vgc2026regi","rating":1334,"private":0,"password":null}