{"id":"gen9vgc2026regi-2543996736","format":"[Gen 9] VGC 2026 Reg I","players":["mikoag","TheManOfSausage"],"log":"|j|\u2606mikoag\n|j|\u2606TheManOfSausage\n|t:|1771640413\n|gametype|doubles\n|player|p1|mikoag|2|1451\n|player|p2|TheManOfSausage|miku-water|1474\n|gen|9\n|tier|[Gen 9] VGC 2026 Reg I\n|rated|\n|rule|Species Clause: Limit one of each Pok\u00e9mon\n|rule|Item Clause: Limit 1 of each item\n|clearpoke\n|poke|p1|Calyrex-Shadow, L50|\n|poke|p1|Zamazenta-*, L50|\n|poke|p1|Chi-Yu, L50|\n|poke|p1|Indeedee-F, L50, F|\n|poke|p1|Flutter Mane, L50|\n|poke|p1|Ogerpon-Wellspring, L50, F|\n|poke|p2|Miraidon, L50|\n|poke|p2|Groudon, L50|\n|poke|p2|Whimsicott, L50, M|\n|poke|p2|Chi-Yu, L50|\n|poke|p2|Iron Hands, L50|\n|poke|p2|Farigiraf, L50, F|\n|teampreview|4\n|\n|t:|1771640444\n|teamsize|p1|4\n|teamsize|p2|4\n|start\n|switch|p1a: Calyrex|Calyrex-Shadow, L50|100/100\n|switch|p1b: Indeedee|Indeedee-F, L50, F|100/100\n|switch|p2a: Miraidon|Miraidon, L50|100/100\n|switch|p2b: Whimsicott|Whimsicott, L50, M|100/100\n|-ability|p1a: Calyrex|As One\n|-ability|p1a: Calyrex|Unnerve\n|-fieldstart|move: Electric Terrain|[from] ability: Hadron Engine|[of] p2a: Miraidon\n|-fieldstart|move: Psychic Terrain|[from] ability: Psychic Surge|[of] p1b: Indeedee\n|-enditem|p1b: Indeedee|Psychic Seed\n|-boost|p1b: Indeedee|spd|1|[from] item: Psychic Seed\n|turn|1\n|\n|t:|1771640466\n|move|p1b: Indeedee|Helping Hand|p1a: Calyrex\n|-singleturn|p1a: Calyrex|Helping Hand|[of] p1b: Indeedee\n|move|p2b: Whimsicott|Tailwind|p2b: Whimsicott\n|-sidestart|p2: TheManOfSausage|move: Tailwind\n|move|p2a: Miraidon|Volt Switch|p1b: Indeedee\n|-damage|p1b: Indeedee|60/100\n|\n|t:|1771640469\n|switch|p2a: Chi-Yu|Chi-Yu, L50|100/100|[from] Volt Switch\n|-ability|p2a: Chi-Yu|Beads of Ruin\n|move|p1a: Calyrex|Astral Barrage|p2b: Whimsicott|[spread] p2a,p2b\n|-resisted|p2a: Chi-Yu\n|-damage|p2a: Chi-Yu|37/100\n|-enditem|p2b: Whimsicott|Focus Sash\n|-damage|p2b: Whimsicott|1/100\n|-damage|p1a: Calyrex|91/100|[from] item: Life Orb\n|\n|upkeep\n|turn|2\n|\n|t:|1771640493\n|switch|p2b: Groudon|Groudon, L50|100/100\n|-weather|SunnyDay|[from] ability: Drought|[of] p2b: Groudon\n|-terastallize|p1a: Calyrex|Dark\n|move|p1b: Indeedee|Follow Me|p1b: Indeedee\n|-singleturn|p1b: Indeedee|move: Follow Me\n|move|p2a: Chi-Yu|Heat Wave|p1a: Calyrex|[spread] p1a\n|-miss|p2a: Chi-Yu|p1b: Indeedee\n|-damage|p1a: Calyrex|23/100\n|move|p1a: Calyrex|Astral Barrage|p2a: Chi-Yu|[spread] p2a,p2b\n|-resisted|p2a: Chi-Yu\n|-crit|p2a: Chi-Yu\n|-crit|p2b: Groudon\n|-damage|p2a: Chi-Yu|0 fnt\n|-damage|p2b: Groudon|0 fnt\n|faint|p2a: Chi-Yu\n|faint|p2b: Groudon\n|-ability|p1a: Calyrex|Grim Neigh|boost\n|-boost|p1a: Calyrex|spa|2\n|-damage|p1a: Calyrex|13/100|[from] item: Life Orb\n|\n|-weather|SunnyDay|[upkeep]\n|upkeep\n|\n|t:|1771640499\n|switch|p2a: Whimsicott|Whimsicott, L50, M|1/100\n|switch|p2b: Miraidon|Miraidon, L50|100/100\n|-fieldstart|move: Electric Terrain|[from] ability: Hadron Engine|[of] p2b: Miraidon\n|turn|3\n|\n|t:|1771640530\n|-terastallize|p2b: Miraidon|Fairy\n|move|p2a: Whimsicott|Moonblast|p1a: Calyrex\n|-supereffective|p1a: Calyrex\n|-damage|p1a: Calyrex|0 fnt\n|faint|p1a: Calyrex\n|move|p2b: Miraidon|Dazzling Gleam|p1b: Indeedee\n|-damage|p1b: Indeedee|0 fnt\n|faint|p1b: Indeedee\n|\n|-weather|SunnyDay|[upkeep]\n|upkeep\n|\n|t:|1771640543\n|switch|p1a: Zamazenta|Zamazenta-Crowned, L50|100/100\n|switch|p1b: Flutter Mane|Flutter Mane, L50|100/100\n|-ability|p1a: Zamazenta|Dauntless Shield|boost\n|-boost|p1a: Zamazenta|def|1\n|-activate|p1b: Flutter Mane|ability: Protosynthesis\n|-start|p1b: Flutter Mane|protosynthesisspe\n|turn|4\n|\n|t:|1771640555\n|move|p1a: Zamazenta|Protect|p1a: Zamazenta\n|-singleturn|p1a: Zamazenta|Protect\n|move|p2a: Whimsicott|Moonblast|p1b: Flutter Mane\n|-damage|p1b: Flutter Mane|63/100\n|-unboost|p1b: Flutter Mane|spa|1\n|move|p2b: Miraidon|Dazzling Gleam|p1b: Flutter Mane|[spread] p1b\n|-activate|p1a: Zamazenta|move: Protect\n|-damage|p1b: Flutter Mane|0 fnt\n|faint|p1b: Flutter Mane\n|-end|p1b: Flutter Mane|Protosynthesis|[silent]\n|\n|-weather|SunnyDay|[upkeep]\n|-sideend|p2: TheManOfSausage|move: Tailwind\n|upkeep\n|turn|5\n|c|\u2606TheManOfSausage|gg\n|-message|mikoag forfeited.\n|\n|win|TheManOfSausage\n|raw|mikoag's rating: 1451 &rarr; <strong>1432</strong><br />(-19 for losing)\n|raw|TheManOfSausage's rating: 1474 &rarr; <strong>1493</strong><br />(+19 for winning)\n|l|\u2606mikoag\n|player|p1|\n|l|\u2606TheManOfSausage\n|player|p2|\n","uploadtime":1771640836,"views":16,"formatid":"gen9vgc2026regi","rating":1432,"private":0,"password":null}