{"id":"gen9vgc2026regi-2574863571","format":"[Gen 9] VGC 2026 Reg I","players":["ErikTwee","BanKingambit69247"],"log":"|j|\u2606ErikTwee\n|j|\u2606BanKingambit69247\n|t:|1775286200\n|gametype|doubles\n|player|p1|ErikTwee|102|1549\n|player|p2|BanKingambit69247|lucas|1573\n|gen|9\n|tier|[Gen 9] VGC 2026 Reg I\n|rated|\n|rule|Species Clause: Limit one of each Pok\u00e9mon\n|rule|Item Clause: Limit 1 of each item\n|clearpoke\n|poke|p1|Zacian-*, L50|\n|poke|p1|Incineroar, L50, M|\n|poke|p1|Calyrex-Shadow, L50|\n|poke|p1|Urshifu-*, L50, F|\n|poke|p1|Flutter Mane, L50|\n|poke|p1|Brute Bonnet, L50|\n|poke|p2|Calyrex-Shadow, L50|\n|poke|p2|Zamazenta-*, L50|\n|poke|p2|Chien-Pao, L50|\n|poke|p2|Ogerpon-Wellspring, L50, F|\n|poke|p2|Smeargle, L50, M|\n|poke|p2|Indeedee-F, L50, F|\n|teampreview|4\n|inactive|Battle timer is ON: inactive players will automatically lose when time's up. (requested by ErikTwee)\n|inactive|ErikTwee has 60 seconds left.\n|inactive|ErikTwee has 30 seconds left.\n|\n|t:|1775286266\n|teamsize|p1|4\n|teamsize|p2|4\n|start\n|switch|p1a: Calyrex|Calyrex-Shadow, L50|100/100\n|switch|p1b: Flutter Mane|Flutter Mane, L50|100/100\n|switch|p2a: \u60f3\u51ff\u5384\u8be1\u692a(\u76f4\u7403)|Ogerpon-Wellspring, L50, F|100/100\n|switch|p2b: \u8bf6\u4f60\u600e\u4e48\u6b7b\u4e86?\u267f\u267f\u267f|Calyrex-Shadow, L50|100/100\n|-ability|p1a: Calyrex|As One\n|-ability|p1a: Calyrex|Unnerve\n|-ability|p2b: \u8bf6\u4f60\u600e\u4e48\u6b7b\u4e86?\u267f\u267f\u267f|As One\n|-ability|p2b: \u8bf6\u4f60\u600e\u4e48\u6b7b\u4e86?\u267f\u267f\u267f|Unnerve\n|-enditem|p1b: Flutter Mane|Booster Energy\n|-activate|p1b: Flutter Mane|ability: Protosynthesis|[fromitem]\n|-start|p1b: Flutter Mane|protosynthesisspe\n|turn|1\n|inactive|ErikTwee has 30 seconds left.\n|\n|t:|1775286295\n|switch|p2b: \u6211\u7684\u5de8\u517d\u5f39\u56de\u6765\u5566!\ud83d\udc37\ud83d\udc37\ud83d\udc37|Chien-Pao, L50|100/100\n|-ability|p2b: \u6211\u7684\u5de8\u517d\u5f39\u56de\u6765\u5566!\ud83d\udc37\ud83d\udc37\ud83d\udc37|Sword of Ruin\n|-terastallize|p1a: Calyrex|Ghost\n|-terastallize|p2a: \u60f3\u51ff\u5384\u8be1\u692a(\u76f4\u7403)|Water\n|detailschange|p2a: \u60f3\u51ff\u5384\u8be1\u692a(\u76f4\u7403)|Ogerpon-Wellspring-Tera, L50, F, tera:Water\n|-ability|p2a: \u60f3\u51ff\u5384\u8be1\u692a(\u76f4\u7403)|Embody Aspect (Wellspring)|boost\n|-boost|p2a: \u60f3\u51ff\u5384\u8be1\u692a(\u76f4\u7403)|spd|1\n|move|p1b: Flutter Mane|Icy Wind|p2b: \u6211\u7684\u5de8\u517d\u5f39\u56de\u6765\u5566!\ud83d\udc37\ud83d\udc37\ud83d\udc37|[spread] p2a,p2b\n|-resisted|p2a: \u60f3\u51ff\u5384\u8be1\u692a(\u76f4\u7403)\n|-resisted|p2b: \u6211\u7684\u5de8\u517d\u5f39\u56de\u6765\u5566!\ud83d\udc37\ud83d\udc37\ud83d\udc37\n|-damage|p2a: \u60f3\u51ff\u5384\u8be1\u692a(\u76f4\u7403)|97/100\n|-damage|p2b: \u6211\u7684\u5de8\u517d\u5f39\u56de\u6765\u5566!\ud83d\udc37\ud83d\udc37\ud83d\udc37|95/100\n|-unboost|p2a: \u60f3\u51ff\u5384\u8be1\u692a(\u76f4\u7403)|spe|1\n|-unboost|p2b: \u6211\u7684\u5de8\u517d\u5f39\u56de\u6765\u5566!\ud83d\udc37\ud83d\udc37\ud83d\udc37|spe|1\n|move|p1a: Calyrex|Astral Barrage|p2a: \u60f3\u51ff\u5384\u8be1\u692a(\u76f4\u7403)|[spread] p2a,p2b\n|-resisted|p2b: \u6211\u7684\u5de8\u517d\u5f39\u56de\u6765\u5566!\ud83d\udc37\ud83d\udc37\ud83d\udc37\n|-damage|p2a: \u60f3\u51ff\u5384\u8be1\u692a(\u76f4\u7403)|53/100\n|-damage|p2b: \u6211\u7684\u5de8\u517d\u5f39\u56de\u6765\u5566!\ud83d\udc37\ud83d\udc37\ud83d\udc37|61/100\n|move|p2a: \u60f3\u51ff\u5384\u8be1\u692a(\u76f4\u7403)|Ivy Cudgel|p1a: Calyrex|[anim] Ivy Cudgel Water\n|-enditem|p1a: Calyrex|Focus Sash\n|-damage|p1a: Calyrex|1/100\n|\n|upkeep\n|turn|2\n|inactive|ErikTwee has 30 seconds left.\n|inactive|ErikTwee has 20 seconds left.\n|inactive|ErikTwee has 15 seconds left.\n|\n|t:|1775286342\n|move|p1a: Calyrex|Protect|p1a: Calyrex\n|-singleturn|p1a: Calyrex|Protect\n|move|p2a: \u60f3\u51ff\u5384\u8be1\u692a(\u76f4\u7403)|Follow Me|p2a: \u60f3\u51ff\u5384\u8be1\u692a(\u76f4\u7403)\n|-singleturn|p2a: \u60f3\u51ff\u5384\u8be1\u692a(\u76f4\u7403)|move: Follow Me\n|move|p1b: Flutter Mane|Moonblast|p2a: \u60f3\u51ff\u5384\u8be1\u692a(\u76f4\u7403)\n|-damage|p2a: \u60f3\u51ff\u5384\u8be1\u692a(\u76f4\u7403)|28/100\n|-unboost|p2a: \u60f3\u51ff\u5384\u8be1\u692a(\u76f4\u7403)|spa|1\n|move|p2b: \u6211\u7684\u5de8\u517d\u5f39\u56de\u6765\u5566!\ud83d\udc37\ud83d\udc37\ud83d\udc37|Icy Wind|p1a: Calyrex|[spread] p1b\n|-activate|p1a: Calyrex|move: Protect\n|-damage|p1b: Flutter Mane|89/100\n|-unboost|p1b: Flutter Mane|spe|1\n|\n|upkeep\n|turn|3\n|inactive|ErikTwee has 30 seconds left.\n|\n|t:|1775286377\n|move|p2a: \u60f3\u51ff\u5384\u8be1\u692a(\u76f4\u7403)|Follow Me|p2a: \u60f3\u51ff\u5384\u8be1\u692a(\u76f4\u7403)\n|-singleturn|p2a: \u60f3\u51ff\u5384\u8be1\u692a(\u76f4\u7403)|move: Follow Me\n|move|p1a: Calyrex|Astral Barrage|p2a: \u60f3\u51ff\u5384\u8be1\u692a(\u76f4\u7403)|[spread] p2a,p2b\n|-resisted|p2b: \u6211\u7684\u5de8\u517d\u5f39\u56de\u6765\u5566!\ud83d\udc37\ud83d\udc37\ud83d\udc37\n|-damage|p2a: \u60f3\u51ff\u5384\u8be1\u692a(\u76f4\u7403)|0 fnt\n|-damage|p2b: \u6211\u7684\u5de8\u517d\u5f39\u56de\u6765\u5566!\ud83d\udc37\ud83d\udc37\ud83d\udc37|31/100\n|faint|p2a: \u60f3\u51ff\u5384\u8be1\u692a(\u76f4\u7403)\n|detailschange|p2: \u60f3\u51ff\u5384\u8be1\u692a(\u76f4\u7403)|Ogerpon-Wellspring, L50, F|[silent]\n|-ability|p1a: Calyrex|Grim Neigh|boost\n|-boost|p1a: Calyrex|spa|1\n|move|p1b: Flutter Mane|Moonblast|p2b: \u6211\u7684\u5de8\u517d\u5f39\u56de\u6765\u5566!\ud83d\udc37\ud83d\udc37\ud83d\udc37\n|-supereffective|p2b: \u6211\u7684\u5de8\u517d\u5f39\u56de\u6765\u5566!\ud83d\udc37\ud83d\udc37\ud83d\udc37\n|-damage|p2b: \u6211\u7684\u5de8\u517d\u5f39\u56de\u6765\u5566!\ud83d\udc37\ud83d\udc37\ud83d\udc37|0 fnt\n|faint|p2b: \u6211\u7684\u5de8\u517d\u5f39\u56de\u6765\u5566!\ud83d\udc37\ud83d\udc37\ud83d\udc37\n|\n|upkeep\n|\n|t:|1775286380\n|switch|p2b: \u8bf6\u4f60\u600e\u4e48\u6b7b\u4e86?\u267f\u267f\u267f|Calyrex-Shadow, L50|100/100\n|switch|p2a: \u5f3a\u8005\u5c31\u662f\u8981\u7f9e\u8fb1\u5f31\u8005\ud83d\udc36\ud83d\udc36\ud83d\udc36|Zamazenta-Crowned, L50|100/100\n|-ability|p2b: \u8bf6\u4f60\u600e\u4e48\u6b7b\u4e86?\u267f\u267f\u267f|As One\n|-ability|p2b: \u8bf6\u4f60\u600e\u4e48\u6b7b\u4e86?\u267f\u267f\u267f|Unnerve\n|-ability|p2a: \u5f3a\u8005\u5c31\u662f\u8981\u7f9e\u8fb1\u5f31\u8005\ud83d\udc36\ud83d\udc36\ud83d\udc36|Dauntless Shield|boost\n|-boost|p2a: \u5f3a\u8005\u5c31\u662f\u8981\u7f9e\u8fb1\u5f31\u8005\ud83d\udc36\ud83d\udc36\ud83d\udc36|def|1\n|turn|4\n|inactive|ErikTwee has 30 seconds left.\n|\n|t:|1775286412\n|move|p1a: Calyrex|Protect|p1a: Calyrex\n|-singleturn|p1a: Calyrex|Protect\n|move|p2a: \u5f3a\u8005\u5c31\u662f\u8981\u7f9e\u8fb1\u5f31\u8005\ud83d\udc36\ud83d\udc36\ud83d\udc36|Wide Guard|p2a: \u5f3a\u8005\u5c31\u662f\u8981\u7f9e\u8fb1\u5f31\u8005\ud83d\udc36\ud83d\udc36\ud83d\udc36\n|-singleturn|p2a: \u5f3a\u8005\u5c31\u662f\u8981\u7f9e\u8fb1\u5f31\u8005\ud83d\udc36\ud83d\udc36\ud83d\udc36|Wide Guard\n|move|p2b: \u8bf6\u4f60\u600e\u4e48\u6b7b\u4e86?\u267f\u267f\u267f|Astral Barrage|p1a: Calyrex|[spread] p1b\n|-activate|p1a: Calyrex|move: Protect\n|-supereffective|p1b: Flutter Mane\n|-damage|p1b: Flutter Mane|0 fnt\n|faint|p1b: Flutter Mane\n|-end|p1b: Flutter Mane|Protosynthesis|[silent]\n|-ability|p2b: \u8bf6\u4f60\u600e\u4e48\u6b7b\u4e86?\u267f\u267f\u267f|Grim Neigh|boost\n|-boost|p2b: \u8bf6\u4f60\u600e\u4e48\u6b7b\u4e86?\u267f\u267f\u267f|spa|1\n|\n|upkeep\n|\n|t:|1775286434\n|switch|p1b: Incineroar|Incineroar, L50, M|100/100\n|-ability|p1b: Incineroar|Intimidate|boost\n|-unboost|p2a: \u5f3a\u8005\u5c31\u662f\u8981\u7f9e\u8fb1\u5f31\u8005\ud83d\udc36\ud83d\udc36\ud83d\udc36|atk|1\n|-unboost|p2b: \u8bf6\u4f60\u600e\u4e48\u6b7b\u4e86?\u267f\u267f\u267f|atk|1\n|turn|5\n|inactive|ErikTwee has 30 seconds left.\n|inactive|ErikTwee has 20 seconds left.\n|\n|t:|1775286470\n|move|p1b: Incineroar|Fake Out|p2a: \u5f3a\u8005\u5c31\u662f\u8981\u7f9e\u8fb1\u5f31\u8005\ud83d\udc36\ud83d\udc36\ud83d\udc36\n|-resisted|p2a: \u5f3a\u8005\u5c31\u662f\u8981\u7f9e\u8fb1\u5f31\u8005\ud83d\udc36\ud83d\udc36\ud83d\udc36\n|-damage|p2a: \u5f3a\u8005\u5c31\u662f\u8981\u7f9e\u8fb1\u5f31\u8005\ud83d\udc36\ud83d\udc36\ud83d\udc36|98/100\n|move|p1a: Calyrex|Psychic|p2a: \u5f3a\u8005\u5c31\u662f\u8981\u7f9e\u8fb1\u5f31\u8005\ud83d\udc36\ud83d\udc36\ud83d\udc36\n|-damage|p2a: \u5f3a\u8005\u5c31\u662f\u8981\u7f9e\u8fb1\u5f31\u8005\ud83d\udc36\ud83d\udc36\ud83d\udc36|34/100\n|move|p2b: \u8bf6\u4f60\u600e\u4e48\u6b7b\u4e86?\u267f\u267f\u267f|Astral Barrage|p1b: Incineroar|[spread] p1a,p1b\n|-supereffective|p1a: Calyrex\n|-resisted|p1b: Incineroar\n|-damage|p1a: Calyrex|0 fnt\n|-damage|p1b: Incineroar|67/100\n|faint|p1a: Calyrex\n|-ability|p2b: \u8bf6\u4f60\u600e\u4e48\u6b7b\u4e86?\u267f\u267f\u267f|Grim Neigh|boost\n|-boost|p2b: \u8bf6\u4f60\u600e\u4e48\u6b7b\u4e86?\u267f\u267f\u267f|spa|1\n|cant|p2a: \u5f3a\u8005\u5c31\u662f\u8981\u7f9e\u8fb1\u5f31\u8005\ud83d\udc36\ud83d\udc36\ud83d\udc36|flinch\n|\n|upkeep\n|\n|t:|1775286479\n|switch|p1a: Zacian|Zacian-Crowned, L50|100/100\n|-ability|p1a: Zacian|Intrepid Sword|boost\n|-boost|p1a: Zacian|atk|1\n|turn|6\n|inactive|ErikTwee has 30 seconds left.\n|inactive|ErikTwee has 20 seconds left.\n|inactive|ErikTwee has 15 seconds left.\n|\n|t:|1775286521\n|move|p2b: \u8bf6\u4f60\u600e\u4e48\u6b7b\u4e86?\u267f\u267f\u267f|Astral Barrage|p1b: Incineroar|[spread] p1a,p1b\n|-crit|p1a: Zacian\n|-resisted|p1b: Incineroar\n|-damage|p1a: Zacian|0 fnt\n|-damage|p1b: Incineroar|25/100\n|faint|p1a: Zacian\n|-ability|p2b: \u8bf6\u4f60\u600e\u4e48\u6b7b\u4e86?\u267f\u267f\u267f|Grim Neigh|boost\n|-boost|p2b: \u8bf6\u4f60\u600e\u4e48\u6b7b\u4e86?\u267f\u267f\u267f|spa|1\n|move|p2a: \u5f3a\u8005\u5c31\u662f\u8981\u7f9e\u8fb1\u5f31\u8005\ud83d\udc36\ud83d\udc36\ud83d\udc36|Body Press|p1b: Incineroar\n|-supereffective|p1b: Incineroar\n|-damage|p1b: Incineroar|0 fnt\n|faint|p1b: Incineroar\n|\n|win|BanKingambit69247\n|raw|ErikTwee's rating: 1549 &rarr; <strong>1530</strong><br />(-19 for losing)\n|raw|BanKingambit69247's rating: 1573 &rarr; <strong>1592</strong><br />(+19 for winning)\n","uploadtime":1775286525,"views":19,"formatid":"gen9vgc2026regi","rating":1530,"private":0,"password":null}