{"id":"gen9vgc2026regi-2587161652","format":"[Gen 9] VGC 2026 Reg I","players":["daunting david","SycrasisEU"],"log":"|j|\u2606daunting david\n|j|\u2606SycrasisEU\n|t:|1776502466\n|gametype|doubles\n|player|p1|daunting david|hilbert-wonderlauncher|1361\n|player|p2|SycrasisEU|backpacker|1399\n|gen|9\n|tier|[Gen 9] VGC 2026 Reg I\n|rated|\n|rule|Species Clause: Limit one of each Pok\u00e9mon\n|rule|Item Clause: Limit 1 of each item\n|clearpoke\n|poke|p1|Calyrex-Shadow, L50|\n|poke|p1|Miraidon, L50|\n|poke|p1|Grimmsnarl, L50, M|\n|poke|p1|Iron Jugulis, L50|\n|poke|p1|Iron Hands, L50|\n|poke|p1|Iron Treads, L50|\n|poke|p2|Koraidon, L50|\n|poke|p2|Ho-Oh, L50|\n|poke|p2|Roaring Moon, L50|\n|poke|p2|Chien-Pao, L50|\n|poke|p2|Amoonguss, L50, F|\n|poke|p2|Incineroar, L50, M|\n|teampreview|4\n|inactive|Battle timer is ON: inactive players will automatically lose when time's up. (requested by daunting david)\n|inactive|SycrasisEU has 60 seconds left.\n|inactive|SycrasisEU has 30 seconds left.\n|inactive|SycrasisEU has 20 seconds left.\n|inactive|SycrasisEU has 15 seconds left.\n|inactive|SycrasisEU has 10 seconds left.\n|inactive|SycrasisEU has 5 seconds left.\n|\n|t:|1776502565\n|teamsize|p1|4\n|teamsize|p2|4\n|start\n|switch|p1a: Calyrex|Calyrex-Shadow, L50|100/100\n|switch|p1b: Grimmsnarl|Grimmsnarl, L50, M|100/100\n|switch|p2a: Koraidon|Koraidon, L50|100/100\n|switch|p2b: Ho-Oh|Ho-Oh, L50|100/100\n|-ability|p1a: Calyrex|As One\n|-ability|p1a: Calyrex|Unnerve\n|-weather|SunnyDay|[from] ability: Orichalcum Pulse|[of] p2a: Koraidon\n|-activate|p2a: Koraidon|Orichalcum Pulse|[source]\n|turn|1\n|inactive|SycrasisEU has 30 seconds left.\n|inactive|SycrasisEU has 20 seconds left.\n|inactive|SycrasisEU has 15 seconds left.\n|inactive|SycrasisEU has 10 seconds left.\n|inactive|SycrasisEU has 5 seconds left.\n|\n|t:|1776502620\n|move|p2a: Koraidon|Protect|p2a: Koraidon\n|-singleturn|p2a: Koraidon|Protect\n|move|p1a: Calyrex|Protect|p1a: Calyrex\n|-singleturn|p1a: Calyrex|Protect\n|move|p1b: Grimmsnarl|Reflect|p1b: Grimmsnarl\n|-sidestart|p1: daunting david|Reflect\n|move|p2b: Ho-Oh|Sacred Fire|p1a: Calyrex\n|-activate|p1a: Calyrex|move: Protect\n|\n|-weather|SunnyDay|[upkeep]\n|upkeep\n|turn|2\n|inactive|SycrasisEU has 30 seconds left.\n|inactive|SycrasisEU has 20 seconds left.\n|inactive|SycrasisEU has 15 seconds left.\n|inactive|SycrasisEU has 10 seconds left.\n|inactive|SycrasisEU has 5 seconds left.\n|\n|t:|1776502675\n|move|p2a: Koraidon|Protect|p2a: Koraidon\n|-singleturn|p2a: Koraidon|Protect\n|move|p1b: Grimmsnarl|Thunder Wave|p2a: Koraidon\n|-activate|p2a: Koraidon|move: Protect\n|move|p1a: Calyrex|Astral Barrage|p2b: Ho-Oh|[spread] p2b\n|-activate|p2a: Koraidon|move: Protect\n|-damage|p2b: Ho-Oh|73/100\n|move|p2b: Ho-Oh|Sacred Fire|p1a: Calyrex\n|-damage|p1a: Calyrex|58/100\n|-status|p1a: Calyrex|brn\n|\n|-weather|SunnyDay|[upkeep]\n|-damage|p1a: Calyrex|52/100 brn|[from] brn\n|upkeep\n|turn|3\n|inactive|daunting david has 30 seconds left.\n|inactive|SycrasisEU has 30 seconds left.\n|inactive|SycrasisEU has 20 seconds left.\n|inactive|SycrasisEU has 15 seconds left.\n|inactive|SycrasisEU has 10 seconds left.\n|inactive|SycrasisEU has 5 seconds left.\n|\n|t:|1776502730\n|switch|p1b: Miraidon|Miraidon, L50|100/100\n|-fieldstart|move: Electric Terrain|[from] ability: Hadron Engine|[of] p1b: Miraidon\n|-enditem|p1a: Calyrex|Electric Seed\n|-boost|p1a: Calyrex|def|1|[from] item: Electric Seed\n|-terastallize|p1a: Calyrex|Fairy\n|move|p2a: Koraidon|Protect||[still]\n|-fail|p2a: Koraidon\n|move|p1a: Calyrex|Draining Kiss|p2a: Koraidon\n|-supereffective|p2a: Koraidon\n|-damage|p2a: Koraidon|0 fnt\n|-heal|p1a: Calyrex|100/100 brn|[from] drain|[of] p2a: Koraidon\n|faint|p2a: Koraidon\n|-ability|p1a: Calyrex|Grim Neigh|boost\n|-boost|p1a: Calyrex|spa|1\n|move|p2b: Ho-Oh|Sacred Fire|p1a: Calyrex\n|-damage|p1a: Calyrex|68/100 brn\n|\n|-weather|SunnyDay|[upkeep]\n|-damage|p1a: Calyrex|62/100 brn|[from] brn\n|upkeep\n|inactive|SycrasisEU has 30 seconds left.\n|\n|t:|1776502759\n|switch|p2a: Roaring Moon|Roaring Moon, L50|100/100\n|-activate|p2a: Roaring Moon|ability: Protosynthesis\n|-start|p2a: Roaring Moon|protosynthesisspe\n|turn|4\n|inactive|SycrasisEU has 30 seconds left.\n|inactive|SycrasisEU has 20 seconds left.\n|\n|t:|1776502798\n|-terastallize|p2b: Ho-Oh|Ground\n|move|p1a: Calyrex|Protect|p1a: Calyrex\n|-singleturn|p1a: Calyrex|Protect\n|move|p2a: Roaring Moon|Iron Head|p1a: Calyrex\n|-activate|p1a: Calyrex|move: Protect\n|move|p1b: Miraidon|Dazzling Gleam|p2b: Ho-Oh|[spread] p2a,p2b\n|-supereffective|p2a: Roaring Moon\n|-damage|p2a: Roaring Moon|0 fnt\n|-damage|p2b: Ho-Oh|50/100\n|faint|p2a: Roaring Moon\n|-end|p2a: Roaring Moon|Protosynthesis|[silent]\n|move|p2b: Ho-Oh|Tailwind|p2b: Ho-Oh\n|-sidestart|p2: SycrasisEU|move: Tailwind\n|\n|-weather|SunnyDay|[upkeep]\n|-damage|p1a: Calyrex|57/100 brn|[from] brn\n|upkeep\n|\n|t:|1776502804\n|switch|p2a: Chien-Pao|Chien-Pao, L50, shiny|100/100\n|-ability|p2a: Chien-Pao|Sword of Ruin\n|turn|5\n|\n|t:|1776502818\n|move|p2a: Chien-Pao|Ice Spinner|p1b: Miraidon\n|-supereffective|p1b: Miraidon\n|-damage|p1b: Miraidon|50/100\n|-fieldend|move: Electric Terrain\n|move|p2b: Ho-Oh|Sacred Fire|p1a: Calyrex\n|-damage|p1a: Calyrex|12/100 brn\n|move|p1a: Calyrex|Astral Barrage|p2b: Ho-Oh|[spread] p2a,p2b\n|-resisted|p2a: Chien-Pao\n|-damage|p2a: Chien-Pao|48/100\n|-damage|p2b: Ho-Oh|7/100\n|move|p1b: Miraidon|Dazzling Gleam|p2b: Ho-Oh|[spread] p2a,p2b\n|-supereffective|p2a: Chien-Pao\n|-damage|p2a: Chien-Pao|0 fnt\n|-damage|p2b: Ho-Oh|0 fnt\n|faint|p2a: Chien-Pao\n|faint|p2b: Ho-Oh\n|\n|win|daunting david\n|raw|daunting david's rating: 1361 &rarr; <strong>1383</strong><br />(+22 for winning)\n|raw|SycrasisEU's rating: 1399 &rarr; <strong>1377</strong><br />(-22 for losing)\n|l|\u2606SycrasisEU\n|player|p2|\n|l|\u2606daunting david\n|player|p1|\n","uploadtime":1776503056,"views":8,"formatid":"gen9vgc2026regi","rating":1377,"private":0,"password":null}