{"id":"gen9vgc2026regi-2547902213","format":"[Gen 9] VGC 2026 Reg I","players":["Zorse Mentality","EllenJoe2026"],"log":"|j|\u2606Zorse Mentality\n|j|\u2606EllenJoe2026\n|t:|1772143111\n|gametype|doubles\n|player|p1|Zorse Mentality|265|1435\n|player|p2|EllenJoe2026|iono|1485\n|gen|9\n|tier|[Gen 9] VGC 2026 Reg I\n|rated|\n|rule|Species Clause: Limit one of each Pok\u00e9mon\n|rule|Item Clause: Limit 1 of each item\n|clearpoke\n|poke|p1|Calyrex-Shadow, L50|\n|poke|p1|Miraidon, L50|\n|poke|p1|Dondozo, L50, F|\n|poke|p1|Tatsugiri, L50, M|\n|poke|p1|Raichu-Alola, L50, F|\n|poke|p1|Indeedee-F, L50, F|\n|poke|p2|Calyrex-Shadow, L50|\n|poke|p2|Zamazenta-*, L50|\n|poke|p2|Incineroar, L50, F|\n|poke|p2|Rillaboom, L50, F|\n|poke|p2|Ogerpon-Cornerstone, L50, F|\n|poke|p2|Tornadus, L50, M|\n|teampreview|4\n|inactive|Battle timer is ON: inactive players will automatically lose when time's up. (requested by EllenJoe2026)\n|\n|t:|1772143136\n|teamsize|p1|4\n|teamsize|p2|4\n|start\n|switch|p1a: Raichu|Raichu-Alola, L50, F|100/100\n|switch|p1b: Miraidon|Miraidon, L50|100/100\n|switch|p2a: Calyrex|Calyrex-Shadow, L50|100/100\n|switch|p2b: Zamazenta|Zamazenta-Crowned, L50, shiny|100/100\n|-ability|p2a: Calyrex|As One\n|-ability|p2a: Calyrex|Unnerve\n|-fieldstart|move: Electric Terrain|[from] ability: Hadron Engine|[of] p1b: Miraidon\n|-ability|p2b: Zamazenta|Dauntless Shield|boost\n|-boost|p2b: Zamazenta|def|1\n|turn|1\n|inactive|Zorse Mentality has 30 seconds left.\n|inactive|Zorse Mentality has 20 seconds left.\n|\n|t:|1772143174\n|-terastallize|p1a: Raichu|Normal\n|move|p2a: Calyrex|Protect|p2a: Calyrex\n|-singleturn|p2a: Calyrex|Protect\n|move|p1b: Miraidon|Protect|p1b: Miraidon\n|-singleturn|p1b: Miraidon|Protect\n|move|p2b: Zamazenta|Protect|p2b: Zamazenta\n|-singleturn|p2b: Zamazenta|Protect\n|move|p1a: Raichu|Nuzzle|p2a: Calyrex\n|-activate|p2a: Calyrex|move: Protect\n|\n|upkeep\n|turn|2\n|inactive|Zorse Mentality has 30 seconds left.\n|\n|t:|1772143204\n|switch|p2a: Rillaboom|Rillaboom, L50, F, shiny|100/100\n|-fieldstart|move: Grassy Terrain|[from] ability: Grassy Surge|[of] p2a: Rillaboom\n|move|p1b: Miraidon|Parabolic Charge|p2a: Rillaboom|[spread] p1a,p2a,p2b\n|-resisted|p2a: Rillaboom\n|-damage|p1a: Raichu|72/100\n|-damage|p2a: Rillaboom|89/100\n|-damage|p2b: Zamazenta|79/100\n|-damage|p1b: Miraidon|91/100|[from] item: Life Orb\n|move|p1a: Raichu|Endeavor|p2b: Zamazenta\n|-damage|p2b: Zamazenta|56/100\n|move|p2b: Zamazenta|Body Press|p1a: Raichu\n|-supereffective|p1a: Raichu\n|-damage|p1a: Raichu|0 fnt\n|faint|p1a: Raichu\n|\n|-heal|p1b: Miraidon|97/100|[from] Grassy Terrain\n|-heal|p2b: Zamazenta|62/100|[from] Grassy Terrain\n|-heal|p2a: Rillaboom|95/100|[from] Grassy Terrain\n|upkeep\n|\n|t:|1772143224\n|switch|p1a: Dondozo|Dondozo, L50, F|100/100\n|turn|3\n|inactive|EllenJoe2026 has 30 seconds left.\n|\n|t:|1772143255\n|switch|p1b: Tatsugiri|Tatsugiri, L50, M|100/100\n|-activate|p1b: Tatsugiri|ability: Commander|[of] p1a: Dondozo\n|-boost|p1a: Dondozo|atk|2\n|-boost|p1a: Dondozo|spa|2\n|-boost|p1a: Dondozo|spe|2\n|-boost|p1a: Dondozo|def|2\n|-boost|p1a: Dondozo|spd|2\n|move|p2b: Zamazenta|Protect|p2b: Zamazenta\n|-singleturn|p2b: Zamazenta|Protect\n|move|p1a: Dondozo|Order Up|p2a: Rillaboom\n|-damage|p2a: Rillaboom|59/100\n|-boost|p1a: Dondozo|atk|1\n|move|p2a: Rillaboom|Wood Hammer|p1a: Dondozo\n|-supereffective|p1a: Dondozo\n|-damage|p1a: Dondozo|53/100\n|-damage|p2a: Rillaboom|42/100|[from] item: Rocky Helmet|[of] p1a: Dondozo\n|-damage|p2a: Rillaboom|23/100|[from] Recoil\n|\n|-heal|p2b: Zamazenta|68/100|[from] Grassy Terrain\n|-heal|p1a: Dondozo|59/100|[from] Grassy Terrain\n|-heal|p2a: Rillaboom|29/100|[from] Grassy Terrain\n|upkeep\n|turn|4\n|inactive|Zorse Mentality has 30 seconds left.\n|inactive|EllenJoe2026 has 30 seconds left.\n|\n|t:|1772143286\n|switch|p2a: Incineroar|Incineroar, L50, F, shiny|100/100\n|-ability|p2a: Incineroar|Intimidate|boost\n|-unboost|p1a: Dondozo|atk|1\n|-unboost|p1b: Tatsugiri|atk|1\n|move|p2b: Zamazenta|Body Press|p1a: Dondozo\n|-crit|p1a: Dondozo\n|-damage|p1a: Dondozo|14/100\n|-damage|p2b: Zamazenta|52/100|[from] item: Rocky Helmet|[of] p1a: Dondozo\n|move|p1a: Dondozo|Rest|p1a: Dondozo\n|-status|p1a: Dondozo|slp|[from] move: Rest\n|-heal|p1a: Dondozo|100/100 slp|[silent]\n|\n|-heal|p2b: Zamazenta|58/100|[from] Grassy Terrain\n|upkeep\n|turn|5\n|\n|t:|1772143307\n|move|p2b: Zamazenta|Body Press|p1a: Dondozo\n|-damage|p1a: Dondozo|86/100 slp\n|-damage|p2b: Zamazenta|42/100|[from] item: Rocky Helmet|[of] p1a: Dondozo\n|cant|p1a: Dondozo|slp\n|move|p1a: Dondozo|Sleep Talk|p1a: Dondozo\n|move|p1a: Dondozo|Rest||[from] move: Sleep Talk|[still]\n|-fail|p1a: Dondozo\n|move|p2a: Incineroar|Parting Shot|p1a: Dondozo\n|-unboost|p1a: Dondozo|atk|1\n|-unboost|p1a: Dondozo|spa|1\n|\n|t:|1772143322\n|switch|p2a: Calyrex|Calyrex-Shadow, L50|100/100|[from] Parting Shot\n|-ability|p2a: Calyrex|As One\n|-ability|p2a: Calyrex|Unnerve\n|\n|-heal|p2b: Zamazenta|48/100|[from] Grassy Terrain\n|-heal|p1a: Dondozo|92/100 slp|[from] Grassy Terrain\n|upkeep\n|turn|6\n|\n|t:|1772143335\n|move|p2a: Calyrex|Astral Barrage|p1a: Dondozo|[spread] p1a\n|-miss|p2a: Calyrex|p1b: Tatsugiri\n|-damage|p1a: Dondozo|69/100 slp\n|move|p2b: Zamazenta|Body Press|p1a: Dondozo\n|-damage|p1a: Dondozo|53/100 slp\n|-damage|p2b: Zamazenta|31/100|[from] item: Rocky Helmet|[of] p1a: Dondozo\n|cant|p1a: Dondozo|slp\n|move|p1a: Dondozo|Sleep Talk|p1a: Dondozo\n|move|p1a: Dondozo|Earthquake|p2a: Calyrex|[from] move: Sleep Talk|[spread] p2a,p2b\n|-miss|p1a: Dondozo|p1b: Tatsugiri\n|-supereffective|p2b: Zamazenta\n|-damage|p2a: Calyrex|86/100\n|-damage|p2b: Zamazenta|18/100\n|\n|-heal|p2a: Calyrex|91/100|[from] Grassy Terrain\n|-heal|p2b: Zamazenta|24/100|[from] Grassy Terrain\n|-heal|p1a: Dondozo|60/100 slp|[from] Grassy Terrain\n|-fieldend|move: Grassy Terrain\n|upkeep\n|turn|7\n|\n|t:|1772143355\n|switch|p2b: Rillaboom|Rillaboom, L50, F, shiny|29/100\n|-fieldstart|move: Grassy Terrain|[from] ability: Grassy Surge|[of] p2b: Rillaboom\n|move|p2a: Calyrex|Protect|p2a: Calyrex\n|-singleturn|p2a: Calyrex|Protect\n|-curestatus|p1a: Dondozo|slp|[msg]\n|move|p1a: Dondozo|Rest|p1a: Dondozo\n|-status|p1a: Dondozo|slp|[from] move: Rest\n|-heal|p1a: Dondozo|100/100 slp|[silent]\n|\n|-heal|p2a: Calyrex|97/100|[from] Grassy Terrain\n|-heal|p2b: Rillaboom|34/100|[from] Grassy Terrain\n|upkeep\n|turn|8\n|\n|t:|1772143369\n|move|p2b: Rillaboom|Fake Out|p1a: Dondozo\n|-damage|p1a: Dondozo|96/100 slp\n|-damage|p2b: Rillaboom|18/100|[from] item: Rocky Helmet|[of] p1a: Dondozo\n|move|p2a: Calyrex|Nasty Plot|p2a: Calyrex\n|-boost|p2a: Calyrex|spa|2\n|cant|p1a: Dondozo|slp\n|cant|p1a: Dondozo|flinch\n|\n|-heal|p2a: Calyrex|100/100|[from] Grassy Terrain\n|-heal|p1a: Dondozo|100/100 slp|[from] Grassy Terrain\n|-heal|p2b: Rillaboom|24/100|[from] Grassy Terrain\n|upkeep\n|turn|9\n|\n|t:|1772143383\n|switch|p2b: Incineroar|Incineroar, L50, F, shiny|100/100\n|-ability|p2b: Incineroar|Intimidate|boost\n|-unboost|p1a: Dondozo|atk|1\n|-unboost|p1b: Tatsugiri|atk|1\n|move|p2a: Calyrex|Astral Barrage|p1a: Dondozo|[spread] p1a\n|-miss|p2a: Calyrex|p1b: Tatsugiri\n|-damage|p1a: Dondozo|78/100 slp\n|cant|p1a: Dondozo|slp\n|move|p1a: Dondozo|Sleep Talk|p1a: Dondozo\n|move|p1a: Dondozo|Earthquake|p2b: Incineroar|[from] move: Sleep Talk|[spread] p2a,p2b\n|-miss|p1a: Dondozo|p1b: Tatsugiri\n|-supereffective|p2b: Incineroar\n|-damage|p2a: Calyrex|90/100\n|-damage|p2b: Incineroar|89/100\n|\n|-heal|p2a: Calyrex|96/100|[from] Grassy Terrain\n|-heal|p1a: Dondozo|85/100 slp|[from] Grassy Terrain\n|-heal|p2b: Incineroar|95/100|[from] Grassy Terrain\n|upkeep\n|turn|10\n|\n|t:|1772143407\n|move|p2a: Calyrex|Astral Barrage|p1b: Tatsugiri|[spread] p1a\n|-miss|p2a: Calyrex|p1b: Tatsugiri\n|-damage|p1a: Dondozo|62/100 slp\n|-curestatus|p1a: Dondozo|slp|[msg]\n|move|p1a: Dondozo|Order Up|p2a: Calyrex\n|-damage|p2a: Calyrex|73/100\n|-boost|p1a: Dondozo|atk|1\n|move|p2b: Incineroar|Parting Shot|p1a: Dondozo\n|-unboost|p1a: Dondozo|atk|1\n|-unboost|p1a: Dondozo|spa|1\n|\n|t:|1772143420\n|switch|p2b: Rillaboom|Rillaboom, L50, F, shiny|24/100|[from] Parting Shot\n|\n|-heal|p2a: Calyrex|79/100|[from] Grassy Terrain\n|-heal|p1a: Dondozo|69/100|[from] Grassy Terrain\n|-heal|p2b: Rillaboom|30/100|[from] Grassy Terrain\n|upkeep\n|turn|11\n|\n|t:|1772143430\n|switch|p2b: Incineroar|Incineroar, L50, F, shiny|95/100\n|-ability|p2b: Incineroar|Intimidate|boost\n|-unboost|p1a: Dondozo|atk|1\n|-unboost|p1b: Tatsugiri|atk|1\n|move|p2a: Calyrex|Astral Barrage|p1a: Dondozo|[spread] p1a\n|-miss|p2a: Calyrex|p1b: Tatsugiri\n|-damage|p1a: Dondozo|46/100\n|move|p1a: Dondozo|Rest|p1a: Dondozo\n|-status|p1a: Dondozo|slp|[from] move: Rest\n|-heal|p1a: Dondozo|100/100 slp|[silent]\n|\n|-heal|p2a: Calyrex|84/100|[from] Grassy Terrain\n|-heal|p2b: Incineroar|100/100|[from] Grassy Terrain\n|-fieldend|move: Grassy Terrain\n|upkeep\n|turn|12\n|\n|t:|1772143447\n|move|p2a: Calyrex|Astral Barrage|p1b: Tatsugiri|[spread] p1a\n|-miss|p2a: Calyrex|p1b: Tatsugiri\n|-damage|p1a: Dondozo|78/100 slp\n|cant|p1a: Dondozo|slp\n|move|p1a: Dondozo|Sleep Talk|p1a: Dondozo\n|move|p1a: Dondozo|Earthquake|p2a: Calyrex|[from] move: Sleep Talk|[spread] p2a,p2b\n|-miss|p1a: Dondozo|p1b: Tatsugiri\n|-crit|p2a: Calyrex\n|-supereffective|p2b: Incineroar\n|-damage|p2a: Calyrex|51/100\n|-damage|p2b: Incineroar|82/100\n|move|p2b: Incineroar|Parting Shot|p1a: Dondozo\n|-unboost|p1a: Dondozo|atk|1\n|-unboost|p1a: Dondozo|spa|1\n|\n|t:|1772143464\n|switch|p2b: Rillaboom|Rillaboom, L50, F, shiny|30/100|[from] Parting Shot\n|-fieldstart|move: Grassy Terrain|[from] ability: Grassy Surge|[of] p2b: Rillaboom\n|\n|-heal|p2a: Calyrex|57/100|[from] Grassy Terrain\n|-heal|p1a: Dondozo|84/100 slp|[from] Grassy Terrain\n|-heal|p2b: Rillaboom|35/100|[from] Grassy Terrain\n|upkeep\n|turn|13\n|\n|t:|1772143477\n|switch|p2b: Incineroar|Incineroar, L50, F, shiny|82/100\n|-ability|p2b: Incineroar|Intimidate|boost\n|-unboost|p1a: Dondozo|atk|1\n|-unboost|p1b: Tatsugiri|atk|1\n|move|p2a: Calyrex|Astral Barrage|p1b: Tatsugiri|[spread] p1a\n|-miss|p2a: Calyrex|p1b: Tatsugiri\n|-damage|p1a: Dondozo|62/100 slp\n|cant|p1a: Dondozo|slp\n|move|p1a: Dondozo|Sleep Talk|p1a: Dondozo\n|move|p1a: Dondozo|Rest||[from] move: Sleep Talk|[still]\n|-fail|p1a: Dondozo\n|\n|-heal|p2a: Calyrex|63/100|[from] Grassy Terrain\n|-heal|p1a: Dondozo|68/100 slp|[from] Grassy Terrain\n|-heal|p2b: Incineroar|88/100|[from] Grassy Terrain\n|upkeep\n|turn|14\n|\n|t:|1772143500\n|move|p2a: Calyrex|Astral Barrage|p1a: Dondozo|[spread] p1a\n|-miss|p2a: Calyrex|p1b: Tatsugiri\n|-damage|p1a: Dondozo|45/100 slp\n|-curestatus|p1a: Dondozo|slp|[msg]\n|move|p1a: Dondozo|Order Up|p2a: Calyrex\n|-damage|p2a: Calyrex|52/100\n|-boost|p1a: Dondozo|atk|1\n|move|p2b: Incineroar|Taunt|p1a: Dondozo\n|-start|p1a: Dondozo|move: Taunt\n|\n|-heal|p2a: Calyrex|58/100|[from] Grassy Terrain\n|-heal|p1a: Dondozo|51/100|[from] Grassy Terrain\n|-heal|p2b: Incineroar|94/100|[from] Grassy Terrain\n|upkeep\n|turn|15\n|\n|t:|1772143519\n|move|p2a: Calyrex|Astral Barrage|p1a: Dondozo|[spread] p1a\n|-miss|p2a: Calyrex|p1b: Tatsugiri\n|-damage|p1a: Dondozo|31/100\n|move|p1a: Dondozo|Order Up|p2a: Calyrex\n|-damage|p2a: Calyrex|47/100\n|-boost|p1a: Dondozo|atk|1\n|move|p2b: Incineroar|Parting Shot|p1a: Dondozo\n|-unboost|p1a: Dondozo|atk|1\n|-unboost|p1a: Dondozo|spa|1\n|\n|t:|1772143531\n|switch|p2b: Rillaboom|Rillaboom, L50, F, shiny|35/100|[from] Parting Shot\n|\n|-heal|p2a: Calyrex|53/100|[from] Grassy Terrain\n|-heal|p1a: Dondozo|37/100|[from] Grassy Terrain\n|-heal|p2b: Rillaboom|41/100|[from] Grassy Terrain\n|upkeep\n|turn|16\n|inactive|EllenJoe2026 has 30 seconds left.\n|inactive|EllenJoe2026 has 20 seconds left.\n|\n|t:|1772143568\n|move|p2b: Rillaboom|Grassy Glide|p1a: Dondozo\n|-supereffective|p1a: Dondozo\n|-damage|p1a: Dondozo|16/100\n|-damage|p2b: Rillaboom|25/100|[from] item: Rocky Helmet|[of] p1a: Dondozo\n|move|p2a: Calyrex|Psychic|p1a: Dondozo\n|-damage|p1a: Dondozo|0 fnt\n|faint|p1a: Dondozo\n|-ability|p2a: Calyrex|Grim Neigh|boost\n|-boost|p2a: Calyrex|spa|1\n|\n|-heal|p2a: Calyrex|59/100|[from] Grassy Terrain\n|-heal|p2b: Rillaboom|31/100|[from] Grassy Terrain\n|-fieldend|move: Grassy Terrain\n|upkeep\n|\n|t:|1772143581\n|switch|p1a: Miraidon|Miraidon, L50|97/100\n|-fieldstart|move: Electric Terrain|[from] ability: Hadron Engine|[of] p1a: Miraidon\n|turn|17\n|\n|t:|1772143606\n|switch|p2b: Incineroar|Incineroar, L50, F, shiny|94/100\n|-ability|p2b: Incineroar|Intimidate|boost\n|-unboost|p1a: Miraidon|atk|1\n|-unboost|p1b: Tatsugiri|atk|1\n|move|p2a: Calyrex|Protect|p2a: Calyrex\n|-singleturn|p2a: Calyrex|Protect\n|move|p1a: Miraidon|Protect|p1a: Miraidon\n|-singleturn|p1a: Miraidon|Protect\n|move|p1b: Tatsugiri|Icy Wind|p2a: Calyrex|[spread] p2b\n|-activate|p2a: Calyrex|move: Protect\n|-resisted|p2b: Incineroar\n|-damage|p2b: Incineroar|87/100\n|-unboost|p2b: Incineroar|spe|1\n|\n|upkeep\n|turn|18\n|\n|t:|1772143622\n|move|p1a: Miraidon|Protect|p1a: Miraidon\n|-singleturn|p1a: Miraidon|Protect\n|move|p2b: Incineroar|Fake Out|p1b: Tatsugiri\n|-damage|p1b: Tatsugiri|81/100\n|move|p2a: Calyrex|Psychic|p1a: Miraidon\n|-activate|p1a: Miraidon|move: Protect\n|cant|p1b: Tatsugiri|flinch\n|\n|upkeep\n|turn|19\n|\n|t:|1772143646\n|switch|p2b: Rillaboom|Rillaboom, L50, F, shiny|31/100\n|-fieldstart|move: Grassy Terrain|[from] ability: Grassy Surge|[of] p2b: Rillaboom\n|move|p2a: Calyrex|Protect|p2a: Calyrex\n|-singleturn|p2a: Calyrex|Protect\n|move|p1b: Tatsugiri|Icy Wind|p2a: Calyrex|[spread] p2b\n|-activate|p2a: Calyrex|move: Protect\n|-supereffective|p2b: Rillaboom\n|-damage|p2b: Rillaboom|14/100\n|-unboost|p2b: Rillaboom|spe|1\n|move|p1a: Miraidon|Volt Switch|p2a: Calyrex\n|-activate|p2a: Calyrex|move: Protect\n|\n|-heal|p2a: Calyrex|64/100|[from] Grassy Terrain\n|-heal|p1b: Tatsugiri|87/100|[from] Grassy Terrain\n|-heal|p1a: Miraidon|100/100|[from] Grassy Terrain\n|-heal|p2b: Rillaboom|20/100|[from] Grassy Terrain\n|upkeep\n|turn|20\n|inactive|Zorse Mentality has 30 seconds left.\n|inactive|EllenJoe2026 has 30 seconds left.\n|l|\u2606Zorse Mentality\n|inactive|Zorse Mentality disconnected and has a minute to reconnect!\n|player|p1|\n|inactive|Zorse Mentality has 20 seconds left.\n|inactive|Zorse Mentality has 15 seconds left.\n|inactive|Zorse Mentality has 10 seconds left.\n|inactive|Zorse Mentality has 5 seconds left.\n|-message|Zorse Mentality lost due to inactivity.\n|\n|win|EllenJoe2026\n|raw|Zorse Mentality's rating: 1435 &rarr; <strong>1418</strong><br />(-17 for losing)\n|raw|EllenJoe2026's rating: 1485 &rarr; <strong>1502</strong><br />(+17 for winning)\n|l|\u2606EllenJoe2026\n|player|p2|\n","uploadtime":1772143855,"views":14,"formatid":"gen9vgc2026regi","rating":1418,"private":0,"password":null}