{"id":"gen9vgc2026regi-2562871162","format":"[Gen 9] VGC 2026 Reg I","players":["farigirafarmortail","Cello L."],"log":"|j|\u2606farigirafarmortail\n|j|\u2606Cello L.\n|t:|1773957649\n|gametype|doubles\n|player|p1|farigirafarmortail|102|1539\n|player|p2|Cello L.|cynthia-gen4|1491\n|gen|9\n|tier|[Gen 9] VGC 2026 Reg I\n|rated|\n|rule|Species Clause: Limit one of each Pok\u00e9mon\n|rule|Item Clause: Limit 1 of each item\n|clearpoke\n|poke|p1|Koraidon, L50|\n|poke|p1|Lunala, L50|\n|poke|p1|Flutter Mane, L50|\n|poke|p1|Incineroar, L50, F|\n|poke|p1|Ogerpon-Wellspring, L50, F|\n|poke|p1|Ursaluna, L50, M|\n|poke|p2|Kyogre, L50|\n|poke|p2|Calyrex-Ice, L50|\n|poke|p2|Flutter Mane, L50|\n|poke|p2|Urshifu-*, L50, M|\n|poke|p2|Rillaboom, L50, F|\n|poke|p2|Amoonguss, L50, M|\n|teampreview|4\n|\n|t:|1773957720\n|teamsize|p1|4\n|teamsize|p2|4\n|start\n|switch|p1a: Incineroar|Incineroar, L50, F, shiny|100/100\n|switch|p1b: Lunala|Lunala, L50|100/100\n|switch|p2a: Calyrex|Calyrex-Ice, L50|100/100\n|switch|p2b: Flutter Mane|Flutter Mane, L50|100/100\n|-ability|p2a: Calyrex|As One\n|-ability|p2a: Calyrex|Unnerve\n|-ability|p1a: Incineroar|Intimidate|boost\n|-unboost|p2a: Calyrex|atk|1\n|-unboost|p2b: Flutter Mane|atk|1\n|turn|1\n|\n|t:|1773957737\n|switch|p1b: Ursaluna|Ursaluna, L50, M, shiny|100/100\n|-terastallize|p2a: Calyrex|Fairy\n|move|p2b: Flutter Mane|Taunt|p1b: Ursaluna\n|-start|p1b: Ursaluna|move: Taunt\n|move|p1a: Incineroar|Will-O-Wisp|p2a: Calyrex\n|-status|p2a: Calyrex|brn\n|move|p2a: Calyrex|Leech Seed|p1b: Ursaluna\n|-start|p1b: Ursaluna|move: Leech Seed\n|\n|-damage|p1b: Ursaluna|88/100|[from] Leech Seed|[of] p2a: Calyrex\n|-damage|p2a: Calyrex|95/100 brn|[from] brn\n|-status|p1b: Ursaluna|brn|[from] item: Flame Orb\n|upkeep\n|turn|2\n|\n|t:|1773957768\n|move|p2b: Flutter Mane|Taunt|p1a: Incineroar\n|-start|p1a: Incineroar|move: Taunt\n|cant|p1a: Incineroar|move: Taunt|Parting Shot\n|move|p1b: Ursaluna|Headlong Rush|p2b: Flutter Mane\n|-enditem|p2b: Flutter Mane|Focus Sash\n|-damage|p2b: Flutter Mane|1/100\n|-unboost|p1b: Ursaluna|def|1\n|-unboost|p1b: Ursaluna|spd|1\n|move|p2a: Calyrex|Leech Seed|p1a: Incineroar\n|-start|p1a: Incineroar|move: Leech Seed\n|\n|-heal|p2a: Calyrex|100/100 brn|[from] item: Leftovers\n|-damage|p1a: Incineroar|88/100|[from] Leech Seed|[of] p2a: Calyrex\n|-damage|p1b: Ursaluna|76/100 brn|[from] Leech Seed|[of] p2a: Calyrex\n|-damage|p1b: Ursaluna|70/100 brn|[from] brn\n|-damage|p2a: Calyrex|95/100 brn|[from] brn\n|upkeep\n|turn|3\n|\n|t:|1773957811\n|move|p2b: Flutter Mane|Moonblast|p1a: Incineroar\n|-damage|p1a: Incineroar|50/100\n|move|p1a: Incineroar|Flare Blitz|p2a: Calyrex\n|-damage|p2a: Calyrex|70/100 brn\n|-damage|p1a: Incineroar|41/100|[from] Recoil\n|move|p1b: Ursaluna|Earthquake|p2b: Flutter Mane|[spread] p1a,p2a,p2b\n|-supereffective|p1a: Incineroar\n|-damage|p1a: Incineroar|0 fnt\n|-damage|p2a: Calyrex|38/100 brn\n|-damage|p2b: Flutter Mane|0 fnt\n|faint|p1a: Incineroar\n|faint|p2b: Flutter Mane\n|-end|p2b: Flutter Mane|Protosynthesis|[silent]\n|move|p2a: Calyrex|Glacial Lance|p1b: Ursaluna\n|-supereffective|p1b: Ursaluna\n|-damage|p1b: Ursaluna|22/100 brn\n|\n|-heal|p2a: Calyrex|44/100 brn|[from] item: Leftovers\n|-damage|p1b: Ursaluna|9/100 brn|[from] Leech Seed|[of] p2a: Calyrex\n|-heal|p2a: Calyrex|57/100 brn|[silent]\n|-damage|p1b: Ursaluna|3/100 brn|[from] brn\n|-damage|p2a: Calyrex|51/100 brn|[from] brn\n|-end|p1b: Ursaluna|move: Taunt\n|upkeep\n|\n|t:|1773957833\n|switch|p2b: Amoonguss|Amoonguss, L50, M|100/100\n|switch|p1a: Ogerpon|Ogerpon-Wellspring, L50, F|100/100\n|turn|4\n|\n|t:|1773957855\n|move|p2a: Calyrex|Protect|p2a: Calyrex\n|-singleturn|p2a: Calyrex|Protect\n|move|p1a: Ogerpon|Ivy Cudgel|p2b: Amoonguss|[anim] Ivy Cudgel Water\n|-resisted|p2b: Amoonguss\n|-damage|p2b: Amoonguss|80/100\n|move|p1b: Ursaluna|Facade|p2b: Amoonguss\n|-damage|p2b: Amoonguss|0 fnt\n|-damage|p1b: Ursaluna|0 fnt|[from] item: Rocky Helmet|[of] p2b: Amoonguss\n|faint|p2b: Amoonguss\n|faint|p1b: Ursaluna\n|\n|-heal|p2a: Calyrex|57/100 brn|[from] item: Leftovers\n|-damage|p2a: Calyrex|51/100 brn|[from] brn\n|upkeep\n|\n|t:|1773957867\n|switch|p1b: Lunala|Lunala, L50|100/100\n|switch|p2b: Kyogre|Kyogre, L50|100/100\n|-weather|RainDance|[from] ability: Drizzle|[of] p2b: Kyogre\n|turn|5\n|\n|t:|1773957887\n|move|p2a: Calyrex|Protect||[still]\n|-fail|p2a: Calyrex\n|move|p1a: Ogerpon|Ivy Cudgel|p2a: Calyrex|[anim] Ivy Cudgel Water\n|-damage|p2a: Calyrex|11/100 brn\n|move|p2b: Kyogre|Water Spout|p1b: Lunala|[spread] p1b\n|-immune|p1a: Ogerpon|[from] ability: Water Absorb\n|-damage|p1b: Lunala|60/100\n|move|p1b: Lunala|Moongeist Beam|p2a: Calyrex\n|-damage|p2a: Calyrex|0 fnt\n|faint|p2a: Calyrex\n|\n|-weather|RainDance|[upkeep]\n|upkeep\n|turn|6\n|\n|t:|1773957903\n|move|p1a: Ogerpon|Horn Leech|p2b: Kyogre\n|-supereffective|p2b: Kyogre\n|-damage|p2b: Kyogre|29/100\n|move|p2b: Kyogre|Origin Pulse|p1b: Lunala|[spread] p1b\n|-immune|p1a: Ogerpon|[from] ability: Water Absorb\n|-damage|p1b: Lunala|7/100\n|move|p1b: Lunala|Moongeist Beam|p2b: Kyogre\n|-damage|p2b: Kyogre|0 fnt\n|faint|p2b: Kyogre\n|\n|win|farigirafarmortail\n|raw|farigirafarmortail's rating: 1539 &rarr; <strong>1556</strong><br />(+17 for winning)\n|raw|Cello L.'s rating: 1491 &rarr; <strong>1474</strong><br />(-17 for losing)\n|l|\u2606Cello L.\n|player|p2|\n|l|\u2606farigirafarmortail\n|player|p1|\n","uploadtime":1773958116,"views":12,"formatid":"gen9vgc2026regi","rating":1474,"private":0,"password":null}