{"id":"gen9vgc2026regi-2580741521","format":"[Gen 9] VGC 2026 Reg I","players":["SnibSnapSnab","Luca8"],"log":"|j|\u2606SnibSnapSnab\n|j|\u2606Luca8\n|t:|1775928708\n|gametype|doubles\n|player|p1|SnibSnapSnab|1|1429\n|player|p2|Luca8|flint|1408\n|gen|9\n|tier|[Gen 9] VGC 2026 Reg I\n|rated|\n|rule|Species Clause: Limit one of each Pok\u00e9mon\n|rule|Item Clause: Limit 1 of each item\n|clearpoke\n|poke|p1|Calyrex-Ice, L50|\n|poke|p1|Terapagos, L50, M|\n|poke|p1|Clefairy, L50, F|\n|poke|p1|Amoonguss, L50, F|\n|poke|p1|Rillaboom, L50, F|\n|poke|p1|Chi-Yu, L50|\n|poke|p2|Zamazenta-*, L50|\n|poke|p2|Indeedee-F, L50, F|\n|poke|p2|Torkoal, L50, F|\n|poke|p2|Fezandipiti, L50, M|\n|poke|p2|Calyrex-Shadow, L50|\n|poke|p2|Pelipper, L50, F|\n|teampreview|4\n|\n|t:|1775928800\n|teamsize|p1|4\n|teamsize|p2|4\n|start\n|switch|p1a: Chi-Yu|Chi-Yu, L50|100/100\n|switch|p1b: Clefairy|Clefairy, L50, F|100/100\n|switch|p2a: Fezandipiti|Fezandipiti, L50, M|100/100\n|switch|p2b: Zamazenta|Zamazenta-Crowned, L50|100/100\n|-ability|p1a: Chi-Yu|Beads of Ruin\n|-ability|p2b: Zamazenta|Dauntless Shield|boost\n|-boost|p2b: Zamazenta|def|1\n|turn|1\n|\n|t:|1775928839\n|-terastallize|p2b: Zamazenta|Fighting\n|move|p1b: Clefairy|Follow Me|p1b: Clefairy\n|-singleturn|p1b: Clefairy|move: Follow Me\n|move|p1a: Chi-Yu|Heat Wave|p2b: Zamazenta|[spread] p2b\n|-miss|p1a: Chi-Yu|p2a: Fezandipiti\n|-damage|p2b: Zamazenta|67/100\n|move|p2b: Zamazenta|Heavy Slam|p1b: Clefairy\n|-supereffective|p1b: Clefairy\n|-damage|p1b: Clefairy|24/100\n|move|p2a: Fezandipiti|Sludge Bomb|p1b: Clefairy\n|-supereffective|p1b: Clefairy\n|-damage|p1b: Clefairy|0 fnt\n|faint|p1b: Clefairy\n|\n|upkeep\n|\n|t:|1775928854\n|switch|p1b: Terapagos|Terapagos, L50, M|100/100\n|-activate|p1b: Terapagos|ability: Tera Shift\n|detailschange|p1b: Terapagos|Terapagos-Terastal, L50, M\n|-heal|p1b: Terapagos|100/100|[silent]\n|turn|2\n|\n|t:|1775928865\n|-terastallize|p1a: Chi-Yu|Ghost\n|move|p1b: Terapagos|Protect|p1b: Terapagos\n|-singleturn|p1b: Terapagos|Protect\n|move|p1a: Chi-Yu|Heat Wave|p2b: Zamazenta|[spread] p2a,p2b\n|-damage|p2a: Fezandipiti|66/100\n|-damage|p2b: Zamazenta|31/100\n|move|p2b: Zamazenta|Body Press|p1a: Chi-Yu\n|-immune|p1a: Chi-Yu\n|move|p2a: Fezandipiti|Icy Wind|p1a: Chi-Yu|[spread] p1a\n|-activate|p1b: Terapagos|move: Protect\n|-damage|p1a: Chi-Yu|92/100\n|-unboost|p1a: Chi-Yu|spe|1\n|\n|upkeep\n|turn|3\n|\n|t:|1775928888\n|switch|p1b: Amoonguss|Amoonguss, L50, F|100/100\n|move|p2b: Zamazenta|Protect|p2b: Zamazenta\n|-singleturn|p2b: Zamazenta|Protect\n|move|p1a: Chi-Yu|Heat Wave|p2a: Fezandipiti|[spread] p2a\n|-activate|p2b: Zamazenta|move: Protect\n|-damage|p2a: Fezandipiti|32/100\n|move|p2a: Fezandipiti|Icy Wind|p1b: Amoonguss|[spread] p1a,p1b\n|-supereffective|p1b: Amoonguss\n|-damage|p1a: Chi-Yu|82/100\n|-damage|p1b: Amoonguss|82/100\n|-unboost|p1a: Chi-Yu|spe|1\n|-unboost|p1b: Amoonguss|spe|1\n|\n|upkeep\n|turn|4\n|\n|t:|1775928916\n|move|p2b: Zamazenta|Heavy Slam|p1a: Chi-Yu\n|-damage|p1a: Chi-Yu|3/100\n|move|p2a: Fezandipiti|Shadow Ball|p1a: Chi-Yu\n|-supereffective|p1a: Chi-Yu\n|-damage|p1a: Chi-Yu|0 fnt\n|faint|p1a: Chi-Yu\n|move|p1b: Amoonguss|Pollen Puff|p1: Chi-Yu|[notarget]\n|-fail|p1b: Amoonguss\n|\n|upkeep\n|\n|t:|1775928924\n|switch|p1a: Terapagos|Terapagos-Terastal, L50, M|100/100\n|turn|5\n|\n|t:|1775928932\n|move|p2b: Zamazenta|Protect|p2b: Zamazenta\n|-singleturn|p2b: Zamazenta|Protect\n|move|p1b: Amoonguss|Rage Powder|p1b: Amoonguss\n|-singleturn|p1b: Amoonguss|move: Rage Powder\n|move|p2a: Fezandipiti|Icy Wind|p1a: Terapagos|[spread] p1a,p1b\n|-activate|p1a: Terapagos|ability: Tera Shell\n|-resisted|p1a: Terapagos\n|-supereffective|p1b: Amoonguss\n|-damage|p1a: Terapagos|98/100\n|-damage|p1b: Amoonguss|69/100\n|-unboost|p1a: Terapagos|spe|1\n|-unboost|p1b: Amoonguss|spe|1\n|move|p1a: Terapagos|Meteor Beam||[still]\n|-prepare|p1a: Terapagos|Meteor Beam\n|-boost|p1a: Terapagos|spa|1\n|-enditem|p1a: Terapagos|Power Herb\n|-anim|p1a: Terapagos|Meteor Beam|p2a: Fezandipiti\n|-crit|p2a: Fezandipiti\n|-damage|p2a: Fezandipiti|0 fnt\n|faint|p2a: Fezandipiti\n|\n|upkeep\n|\n|t:|1775928955\n|switch|p2a: Torkoal|Torkoal, L50, F|100/100\n|-weather|SunnyDay|[from] ability: Drought|[of] p2a: Torkoal\n|turn|6\n|\n|t:|1775928977\n|move|p1b: Amoonguss|Rage Powder|p1b: Amoonguss\n|-singleturn|p1b: Amoonguss|move: Rage Powder\n|move|p2b: Zamazenta|Body Press|p1b: Amoonguss\n|-resisted|p1b: Amoonguss\n|-damage|p1b: Amoonguss|39/100\n|-damage|p2b: Zamazenta|15/100|[from] item: Rocky Helmet|[of] p1b: Amoonguss\n|move|p1a: Terapagos|Earth Power|p2a: Torkoal\n|-supereffective|p2a: Torkoal\n|-damage|p2a: Torkoal|0 fnt\n|faint|p2a: Torkoal\n|\n|-weather|SunnyDay|[upkeep]\n|upkeep\n|\n|t:|1775928989\n|switch|p2a: Calyrex|Calyrex-Shadow, L50|100/100\n|-ability|p2a: Calyrex|As One\n|-ability|p2a: Calyrex|Unnerve\n|turn|7\n|\n|t:|1775929006\n|move|p2b: Zamazenta|Protect|p2b: Zamazenta\n|-singleturn|p2b: Zamazenta|Protect\n|move|p1b: Amoonguss|Rage Powder|p1b: Amoonguss\n|-singleturn|p1b: Amoonguss|move: Rage Powder\n|move|p2a: Calyrex|Expanding Force|p1b: Amoonguss\n|-supereffective|p1b: Amoonguss\n|-damage|p1b: Amoonguss|0 fnt\n|faint|p1b: Amoonguss\n|-ability|p2a: Calyrex|Grim Neigh|boost\n|-boost|p2a: Calyrex|spa|1\n|move|p1a: Terapagos|Earth Power|p2b: Zamazenta\n|-activate|p2b: Zamazenta|move: Protect\n|\n|-weather|SunnyDay|[upkeep]\n|upkeep\n|turn|8\n|\n|t:|1775929024\n|move|p2a: Calyrex|Expanding Force|p1a: Terapagos\n|-crit|p1a: Terapagos\n|-damage|p1a: Terapagos|9/100\n|move|p2b: Zamazenta|Body Press|p1a: Terapagos\n|-supereffective|p1a: Terapagos\n|-damage|p1a: Terapagos|0 fnt\n|faint|p1a: Terapagos\n|\n|win|Luca8\n|raw|SnibSnapSnab's rating: 1429 &rarr; <strong>1408</strong><br />(-21 for losing)\n|raw|Luca8's rating: 1408 &rarr; <strong>1429</strong><br />(+21 for winning)\n|l|\u2606SnibSnapSnab\n|player|p1|\n|l|\u2606Luca8\n|player|p2|\n","uploadtime":1775929214,"views":16,"formatid":"gen9vgc2026regi","rating":1408,"private":0,"password":null}