{"id":"gen9vgc2026regi-2530887684","format":"[Gen 9] VGC 2026 Reg I","players":["infinitygroudon","bullgod4ever"],"log":"|j|\u2606infinitygroudon\n|j|\u2606bullgod4ever\n|t:|1769983576\n|gametype|doubles\n|player|p1|infinitygroudon|169|1395\n|player|p2|bullgod4ever|265|1483\n|gen|9\n|tier|[Gen 9] VGC 2026 Reg I\n|rated|\n|rule|Species Clause: Limit one of each Pok\u00e9mon\n|rule|Item Clause: Limit 1 of each item\n|clearpoke\n|poke|p1|Kyogre, L50|\n|poke|p1|Palkia-Origin, L50|\n|poke|p1|Farigiraf, L50, M|\n|poke|p1|Archaludon, L50, M|\n|poke|p1|Iron Jugulis, L50|\n|poke|p1|Raging Bolt, L50|\n|poke|p2|Calyrex-Shadow, L50|\n|poke|p2|Zamazenta-*, L50|\n|poke|p2|Chien-Pao, L50|\n|poke|p2|Dragonite, L50, F|\n|poke|p2|Amoonguss, L50, M|\n|poke|p2|Ogerpon-Cornerstone, L50, F|\n|teampreview|4\n|\n|t:|1769983596\n|teamsize|p1|4\n|teamsize|p2|4\n|start\n|switch|p1a: Archibald|Archaludon, L50, M, shiny|100/100\n|switch|p1b: Jorris|Iron Jugulis, L50|100/100\n|switch|p2a: Chien-Pao|Chien-Pao, L50|100/100\n|switch|p2b: Zamazenta|Zamazenta-Crowned, L50|100/100\n|-ability|p2a: Chien-Pao|Sword of Ruin\n|-ability|p2b: Zamazenta|Dauntless Shield|boost\n|-boost|p2b: Zamazenta|def|1\n|-enditem|p1b: Jorris|Booster Energy\n|-activate|p1b: Jorris|ability: Quark Drive|[fromitem]\n|-start|p1b: Jorris|quarkdrivespe\n|turn|1\n|\n|t:|1769983613\n|-terastallize|p1a: Archibald|Fairy\n|move|p1b: Jorris|Tailwind|p1b: Jorris\n|-sidestart|p1: infinitygroudon|move: Tailwind\n|move|p1a: Archibald|Body Press|p2a: Chien-Pao\n|-supereffective|p2a: Chien-Pao\n|-damage|p2a: Chien-Pao|0 fnt\n|faint|p2a: Chien-Pao\n|move|p2b: Zamazenta|Body Press|p1b: Jorris\n|-damage|p1b: Jorris|40/100\n|\n|upkeep\n|\n|t:|1769983634\n|switch|p2a: Calyrex|Calyrex-Shadow, L50|100/100\n|-ability|p2a: Calyrex|As One\n|-ability|p2a: Calyrex|Unnerve\n|turn|2\n|\n|t:|1769983645\n|move|p2a: Calyrex|Protect|p2a: Calyrex\n|-singleturn|p2a: Calyrex|Protect\n|move|p1b: Jorris|Snarl|p2a: Calyrex|[spread] p2b\n|-activate|p2a: Calyrex|move: Protect\n|-resisted|p2b: Zamazenta\n|-damage|p2b: Zamazenta|95/100\n|-unboost|p2b: Zamazenta|spa|1\n|move|p1a: Archibald|Body Press|p2b: Zamazenta\n|-supereffective|p2b: Zamazenta\n|-damage|p2b: Zamazenta|75/100\n|move|p2b: Zamazenta|Body Press|p1b: Jorris\n|-damage|p1b: Jorris|0 fnt\n|faint|p1b: Jorris\n|-end|p1b: Jorris|Quark Drive|[silent]\n|\n|upkeep\n|\n|t:|1769983649\n|switch|p1b: Piratebeard|Kyogre, L50|100/100\n|-weather|RainDance|[from] ability: Drizzle|[of] p1b: Piratebeard\n|turn|3\n|\n|t:|1769983673\n|-terastallize|p2a: Calyrex|Ghost\n|move|p2b: Zamazenta|Wide Guard|p2b: Zamazenta\n|-singleturn|p2b: Zamazenta|Wide Guard\n|move|p1b: Piratebeard|Hydro Pump|p2a: Calyrex\n|-enditem|p2a: Calyrex|Focus Sash\n|-damage|p2a: Calyrex|1/100\n|move|p2a: Calyrex|Astral Barrage|p1b: Piratebeard|[spread] p1a,p1b\n|-damage|p1a: Archibald|38/100\n|-damage|p1b: Piratebeard|49/100\n|-ability|p1a: Archibald|Stamina|boost\n|-boost|p1a: Archibald|def|1\n|move|p1a: Archibald|Electro Shot||[still]\n|-prepare|p1a: Archibald|Electro Shot\n|-boost|p1a: Archibald|spa|1\n|-anim|p1a: Archibald|Electro Shot|p2a: Calyrex\n|-damage|p2a: Calyrex|0 fnt\n|faint|p2a: Calyrex\n|\n|-weather|RainDance|[upkeep]\n|upkeep\n|\n|t:|1769983694\n|switch|p2a: Ogerpon|Ogerpon-Cornerstone, L50, F|100/100\n|turn|4\n|\n|t:|1769983711\n|move|p2a: Ogerpon|Spiky Shield|p2a: Ogerpon\n|-singleturn|p2a: Ogerpon|move: Protect\n|move|p1b: Piratebeard|Hydro Pump|p2b: Zamazenta\n|-damage|p2b: Zamazenta|12/100\n|move|p1a: Archibald|Electro Shot||[still]\n|-prepare|p1a: Archibald|Electro Shot\n|-boost|p1a: Archibald|spa|1\n|-anim|p1a: Archibald|Electro Shot|p2b: Zamazenta\n|-damage|p2b: Zamazenta|0 fnt\n|faint|p2b: Zamazenta\n|\n|-weather|RainDance|[upkeep]\n|-sideend|p1: infinitygroudon|move: Tailwind\n|upkeep\n|turn|5\n|-message|bullgod4ever forfeited.\n|\n|win|infinitygroudon\n|raw|infinitygroudon's rating: 1395 &rarr; <strong>1420</strong><br />(+25 for winning)\n|raw|bullgod4ever's rating: 1483 &rarr; <strong>1458</strong><br />(-25 for losing)\n|l|\u2606bullgod4ever\n|player|p2|\n|l|\u2606infinitygroudon\n|player|p1|\n","uploadtime":1769983884,"views":16,"formatid":"gen9vgc2026regi","rating":1420,"private":0,"password":null}