{"id":"gen9vgc2026regi-2546471689","format":"[Gen 9] VGC 2026 Reg I","players":["Lowpass","Zorse Mentality"],"log":"|j|\u2606Lowpass\n|j|\u2606Zorse Mentality\n|t:|1771968161\n|gametype|doubles\n|player|p1|Lowpass|lance|1430\n|player|p2|Zorse Mentality|1|1453\n|gen|9\n|tier|[Gen 9] VGC 2026 Reg I\n|rated|\n|rule|Species Clause: Limit one of each Pok\u00e9mon\n|rule|Item Clause: Limit 1 of each item\n|clearpoke\n|poke|p1|Lugia, L50|\n|poke|p1|Groudon, L50|\n|poke|p1|Iron Valiant, L50|\n|poke|p1|Incineroar, L50, M|\n|poke|p1|Jumpluff, L50, F|\n|poke|p1|Walking Wake, L50|\n|poke|p2|Calyrex-Ice, L50|\n|poke|p2|Kyogre, L50|\n|poke|p2|Tornadus, L50, M|\n|poke|p2|Urshifu-*, L50, F|\n|poke|p2|Indeedee-F, L50, F|\n|poke|p2|Torkoal, L50, F|\n|teampreview|4\n|inactive|Battle timer is ON: inactive players will automatically lose when time's up. (requested by Lowpass)\n|\n|t:|1771968188\n|teamsize|p1|4\n|teamsize|p2|4\n|start\n|switch|p1a: Walking Wake|Walking Wake, L50|100/100\n|switch|p1b: Iron Valiant|Iron Valiant, L50|100/100\n|switch|p2a: Tornadus|Tornadus, L50, M|100/100\n|switch|p2b: Kyogre|Kyogre, L50|100/100\n|-weather|RainDance|[from] ability: Drizzle|[of] p2b: Kyogre\n|-enditem|p1b: Iron Valiant|Booster Energy\n|-activate|p1b: Iron Valiant|ability: Quark Drive|[fromitem]\n|-start|p1b: Iron Valiant|quarkdrivespe\n|turn|1\n|inactive|Zorse Mentality has 30 seconds left.\n|\n|t:|1771968222\n|move|p2b: Kyogre|Protect|p2b: Kyogre\n|-singleturn|p2b: Kyogre|Protect\n|move|p1b: Iron Valiant|Wide Guard|p1b: Iron Valiant\n|-singleturn|p1b: Iron Valiant|Wide Guard\n|move|p2a: Tornadus|Bleakwind Storm|p1a: Walking Wake|[spread] \n|-activate|p1a: Walking Wake|move: Wide Guard\n|-activate|p1b: Iron Valiant|move: Wide Guard\n|move|p1a: Walking Wake|Hydro Steam|p2a: Tornadus\n|-enditem|p2a: Tornadus|Focus Sash\n|-damage|p2a: Tornadus|1/100\n|-damage|p1a: Walking Wake|91/100|[from] item: Life Orb\n|\n|-weather|RainDance|[upkeep]\n|upkeep\n|turn|2\n|inactive|Zorse Mentality has 30 seconds left.\n|inactive|Zorse Mentality has 20 seconds left.\n|inactive|Zorse Mentality has 15 seconds left.\n|\n|t:|1771968262\n|move|p1b: Iron Valiant|Spirit Break|p2a: Tornadus\n|-damage|p2a: Tornadus|0 fnt\n|faint|p2a: Tornadus\n|move|p1a: Walking Wake|Draco Meteor|p2b: Kyogre\n|-damage|p2b: Kyogre|40/100\n|-unboost|p1a: Walking Wake|spa|2\n|-damage|p1a: Walking Wake|81/100|[from] item: Life Orb\n|move|p2b: Kyogre|Thunder|p1b: Iron Valiant\n|-damage|p1b: Iron Valiant|39/100\n|\n|-weather|RainDance|[upkeep]\n|upkeep\n|\n|t:|1771968280\n|switch|p2a: Urshifu|Urshifu, L50, F|100/100\n|turn|3\n|inactive|Zorse Mentality has 30 seconds left.\n|inactive|Zorse Mentality has 20 seconds left.\n|inactive|Zorse Mentality has 15 seconds left.\n|inactive|Zorse Mentality has 10 seconds left.\n|\n|t:|1771968327\n|move|p2b: Kyogre|Protect|p2b: Kyogre\n|-singleturn|p2b: Kyogre|Protect\n|move|p1b: Iron Valiant|Spirit Break|p2a: Urshifu\n|-supereffective|p2a: Urshifu\n|-damage|p2a: Urshifu|0 fnt\n|faint|p2a: Urshifu\n|move|p1a: Walking Wake|Draco Meteor|p2b: Kyogre\n|-activate|p2b: Kyogre|move: Protect\n|\n|-weather|RainDance|[upkeep]\n|upkeep\n|\n|t:|1771968338\n|switch|p2a: Calyrex|Calyrex-Ice, L50|100/100\n|-ability|p2a: Calyrex|As One\n|-ability|p2a: Calyrex|Unnerve\n|turn|4\n|inactive|Lowpass has 30 seconds left.\n|inactive|Zorse Mentality has 30 seconds left.\n|\n|t:|1771968368\n|move|p1b: Iron Valiant|Spirit Break|p2b: Kyogre\n|-damage|p2b: Kyogre|2/100\n|-unboost|p2b: Kyogre|spa|1\n|move|p1a: Walking Wake|Hydro Steam|p2a: Calyrex\n|-damage|p2a: Calyrex|65/100\n|-damage|p1a: Walking Wake|71/100|[from] item: Life Orb\n|move|p2b: Kyogre|Thunder|p1b: Iron Valiant\n|-damage|p1b: Iron Valiant|0 fnt\n|faint|p1b: Iron Valiant\n|-end|p1b: Iron Valiant|Quark Drive|[silent]\n|move|p2a: Calyrex|Trick Room|p2a: Calyrex\n|-fieldstart|move: Trick Room|[of] p2a: Calyrex\n|\n|-weather|RainDance|[upkeep]\n|upkeep\n|\n|t:|1771968374\n|switch|p1b: Groudon|Groudon, L50, shiny|100/100\n|-weather|SunnyDay|[from] ability: Drought|[of] p1b: Groudon\n|-activate|p1a: Walking Wake|ability: Protosynthesis\n|-start|p1a: Walking Wake|protosynthesisspe\n|turn|5\n|inactive|Zorse Mentality has 30 seconds left.\n|\n|t:|1771968403\n|-terastallize|p1b: Groudon|Fire\n|move|p2b: Kyogre|Protect|p2b: Kyogre\n|-singleturn|p2b: Kyogre|Protect\n|move|p1a: Walking Wake|Protect|p1a: Walking Wake\n|-singleturn|p1a: Walking Wake|Protect\n|move|p2a: Calyrex|Glacial Lance|p1a: Walking Wake|[spread] p1b\n|-activate|p1a: Walking Wake|move: Protect\n|-resisted|p1b: Groudon\n|-damage|p1b: Groudon|75/100\n|-damage|p2a: Calyrex|56/100|[from] item: Life Orb\n|move|p1b: Groudon|Precipice Blades|p2a: Calyrex|[spread] p2a\n|-activate|p2b: Kyogre|move: Protect\n|-damage|p2a: Calyrex|20/100\n|\n|-weather|SunnyDay|[upkeep]\n|upkeep\n|turn|6\n|inactive|Lowpass has 30 seconds left.\n|\n|t:|1771968434\n|move|p2a: Calyrex|Glacial Lance|p1a: Walking Wake|[spread] p1a,p1b\n|-resisted|p1b: Groudon\n|-damage|p1a: Walking Wake|0 fnt\n|-damage|p1b: Groudon|50/100\n|faint|p1a: Walking Wake\n|-end|p1a: Walking Wake|Protosynthesis|[silent]\n|-ability|p2a: Calyrex|Chilling Neigh|boost\n|-boost|p2a: Calyrex|atk|1\n|-damage|p2a: Calyrex|10/100|[from] item: Life Orb\n|move|p1b: Groudon|Precipice Blades|p2b: Kyogre|[spread] p2a,p2b\n|-damage|p2a: Calyrex|0 fnt\n|-damage|p2b: Kyogre|0 fnt\n|faint|p2a: Calyrex\n|faint|p2b: Kyogre\n|\n|win|Lowpass\n|raw|Lowpass's rating: 1430 &rarr; <strong>1451</strong><br />(+21 for winning)\n|raw|Zorse Mentality's rating: 1453 &rarr; <strong>1432</strong><br />(-21 for losing)\n|l|\u2606Zorse Mentality\n|player|p2|\n|l|\u2606Lowpass\n|player|p1|\n","uploadtime":1771968587,"views":15,"formatid":"gen9vgc2026regi","rating":1432,"private":0,"password":null}