{"id":"gen9vgc2026regi-2589169357","format":"[Gen 9] VGC 2026 Reg I","players":["rafa pipitieso","Sunny_zong1"],"log":"|j|\u2606rafa pipitieso\n|j|\u2606Sunny_zong1\n|t:|1776704130\n|gametype|doubles\n|player|p1|rafa pipitieso|n|1370\n|player|p2|Sunny_zong1|bugsy|1471\n|gen|9\n|tier|[Gen 9] VGC 2026 Reg I\n|rated|\n|rule|Species Clause: Limit one of each Pok\u00e9mon\n|rule|Item Clause: Limit 1 of each item\n|clearpoke\n|poke|p1|Miraidon, L50|\n|poke|p1|Iron Bundle, L50|\n|poke|p1|Ursaluna-Bloodmoon, L50, M|\n|poke|p1|Whimsicott, L50, F|\n|poke|p1|Zacian-*, L50|\n|poke|p1|Chi-Yu, L50|\n|poke|p2|Grimmsnarl, L50, M|\n|poke|p2|Miraidon, L50|\n|poke|p2|Rayquaza, L50|\n|poke|p2|Wo-Chien, L50|\n|poke|p2|Ting-Lu, L50|\n|poke|p2|Landorus-Therian, L50, M|\n|teampreview|4\n|inactive|Battle timer is ON: inactive players will automatically lose when time's up. (requested by Sunny_zong1)\n|inactive|rafa pipitieso has 60 seconds left.\n|\n|t:|1776704173\n|teamsize|p1|4\n|teamsize|p2|4\n|start\n|switch|p1a: DoriCrazy|Whimsicott, L50, F|100/100\n|switch|p1b: Garen|Zacian-Crowned, L50, shiny|100/100\n|switch|p2a: Grimmsnarl|Grimmsnarl, L50, M|100/100\n|switch|p2b: Wo-Chien|Wo-Chien, L50|100/100\n|-ability|p1b: Garen|Intrepid Sword|boost\n|-boost|p1b: Garen|atk|1\n|-ability|p2b: Wo-Chien|Tablets of Ruin\n|turn|1\n|inactive|rafa pipitieso has 30 seconds left.\n|\n|t:|1776704208\n|move|p2a: Grimmsnarl|Reflect|p2a: Grimmsnarl\n|-sidestart|p2: Sunny_zong1|Reflect\n|move|p1b: Garen|Behemoth Blade|p2a: Grimmsnarl\n|-supereffective|p2a: Grimmsnarl\n|-damage|p2a: Grimmsnarl|0 fnt\n|faint|p2a: Grimmsnarl\n|move|p1a: DoriCrazy|Moonblast|p2b: Wo-Chien\n|-supereffective|p2b: Wo-Chien\n|-damage|p2b: Wo-Chien|71/100\n|move|p2b: Wo-Chien|Leech Seed|p1b: Garen\n|-start|p1b: Garen|move: Leech Seed\n|\n|-heal|p2b: Wo-Chien|78/100|[from] item: Leftovers\n|-damage|p1b: Garen|88/100|[from] Leech Seed|[of] p2b: Wo-Chien\n|-heal|p2b: Wo-Chien|89/100|[silent]\n|upkeep\n|\n|t:|1776704223\n|switch|p2a: Rayquaza|Rayquaza, L50|100/100\n|-ability|p2a: Rayquaza|Air Lock\n|turn|2\n|\n|t:|1776704238\n|move|p2a: Rayquaza|Protect|p2a: Rayquaza\n|-singleturn|p2a: Rayquaza|Protect\n|move|p1a: DoriCrazy|Encore|p2b: Wo-Chien\n|-hint|Since gen 7, Dark is immune to Prankster moves.\n|-immune|p2b: Wo-Chien\n|move|p1b: Garen|Play Rough|p2a: Rayquaza\n|-activate|p2a: Rayquaza|move: Protect\n|move|p2b: Wo-Chien|Pollen Puff|p1a: DoriCrazy\n|-damage|p1a: DoriCrazy|75/100\n|\n|-heal|p2b: Wo-Chien|95/100|[from] item: Leftovers\n|-damage|p1b: Garen|76/100|[from] Leech Seed|[of] p2b: Wo-Chien\n|-heal|p2b: Wo-Chien|100/100|[silent]\n|upkeep\n|turn|3\n|\n|t:|1776704259\n|-terastallize|p2a: Rayquaza|Normal\n|move|p2a: Rayquaza|Extreme Speed|p1b: Garen\n|-resisted|p1b: Garen\n|-damage|p1b: Garen|61/100\n|move|p1a: DoriCrazy|Encore|p2a: Rayquaza\n|-start|p2a: Rayquaza|Encore\n|move|p1b: Garen|Play Rough|p2a: Rayquaza\n|-damage|p2a: Rayquaza|66/100\n|move|p2b: Wo-Chien|Pollen Puff|p2a: Rayquaza\n|-heal|p2a: Rayquaza|100/100\n|\n|-damage|p1b: Garen|48/100|[from] Leech Seed|[of] p2b: Wo-Chien\n|upkeep\n|turn|4\n|inactive|rafa pipitieso has 30 seconds left.\n|inactive|rafa pipitieso has 20 seconds left.\n|inactive|rafa pipitieso has 15 seconds left.\n|\n|t:|1776704302\n|move|p2a: Rayquaza|Extreme Speed|p1a: DoriCrazy\n|-damage|p1a: DoriCrazy|20/100\n|move|p1b: Garen|Play Rough|p2b: Wo-Chien\n|-supereffective|p2b: Wo-Chien\n|-damage|p2b: Wo-Chien|34/100\n|move|p1a: DoriCrazy|Moonblast|p2b: Wo-Chien\n|-supereffective|p2b: Wo-Chien\n|-damage|p2b: Wo-Chien|6/100\n|move|p2b: Wo-Chien|Pollen Puff|p2a: Rayquaza\n|\n|-heal|p2b: Wo-Chien|12/100|[from] item: Leftovers\n|-damage|p1b: Garen|36/100|[from] Leech Seed|[of] p2b: Wo-Chien\n|-heal|p2b: Wo-Chien|23/100|[silent]\n|upkeep\n|turn|5\n|inactive|rafa pipitieso has 30 seconds left.\n|\n|t:|1776704328\n|switch|p1a: El Traga Emi|Miraidon, L50|100/100\n|-fieldstart|move: Electric Terrain|[from] ability: Hadron Engine|[of] p1a: El Traga Emi\n|move|p2b: Wo-Chien|Protect|p2b: Wo-Chien\n|-singleturn|p2b: Wo-Chien|Protect\n|move|p2a: Rayquaza|Extreme Speed|p1b: Garen\n|-resisted|p1b: Garen\n|-damage|p1b: Garen|18/100\n|move|p1b: Garen|Sacred Sword|p2a: Rayquaza\n|-supereffective|p2a: Rayquaza\n|-damage|p2a: Rayquaza|54/100\n|\n|-heal|p2b: Wo-Chien|29/100|[from] item: Leftovers\n|-damage|p1b: Garen|6/100|[from] Leech Seed|[of] p2b: Wo-Chien\n|-heal|p2b: Wo-Chien|40/100|[silent]\n|upkeep\n|turn|6\n|inactive|rafa pipitieso has 30 seconds left.\n|inactive|Sunny_zong1 has 30 seconds left.\n|inactive|rafa pipitieso has 20 seconds left.\n|inactive|rafa pipitieso has 15 seconds left.\n|\n|t:|1776704372\n|move|p1b: Garen|Protect|p1b: Garen\n|-singleturn|p1b: Garen|Protect\n|move|p2a: Rayquaza|Extreme Speed|p1a: El Traga Emi\n|-damage|p1a: El Traga Emi|58/100\n|move|p1a: El Traga Emi|Discharge|p2b: Wo-Chien|[spread] p2a,p2b\n|-activate|p1b: Garen|move: Protect\n|-resisted|p2b: Wo-Chien\n|-damage|p2a: Rayquaza|0 fnt\n|-damage|p2b: Wo-Chien|20/100\n|faint|p2a: Rayquaza\n|-damage|p1a: El Traga Emi|48/100|[from] item: Life Orb\n|move|p2b: Wo-Chien|Pollen Puff|p2: Rayquaza|[notarget]\n|-fail|p2b: Wo-Chien\n|\n|-heal|p2b: Wo-Chien|26/100|[from] item: Leftovers\n|-damage|p1b: Garen|0 fnt|[from] Leech Seed|[of] p2b: Wo-Chien\n|-heal|p2b: Wo-Chien|31/100|[silent]\n|faint|p1b: Garen\n|upkeep\n|\n|t:|1776704395\n|switch|p1b: RellyJamz|Iron Bundle, L50|100/100\n|switch|p2a: Miraidon|Miraidon, L50|100/100\n|-activate|p2a: Miraidon|ability: Hadron Engine\n|-activate|p1b: RellyJamz|ability: Quark Drive\n|-start|p1b: RellyJamz|quarkdrivespe\n|turn|7\n|\n|t:|1776704420\n|move|p2b: Wo-Chien|Protect|p2b: Wo-Chien\n|-singleturn|p2b: Wo-Chien|Protect\n|move|p1b: RellyJamz|Icy Wind|p2a: Miraidon|[spread] p2a\n|-activate|p2b: Wo-Chien|move: Protect\n|-supereffective|p2a: Miraidon\n|-damage|p2a: Miraidon|66/100\n|-unboost|p2a: Miraidon|spe|1\n|move|p1a: El Traga Emi|Draco Meteor|p2a: Miraidon\n|-supereffective|p2a: Miraidon\n|-damage|p2a: Miraidon|0 fnt\n|-unboost|p1a: El Traga Emi|spa|2\n|faint|p2a: Miraidon\n|-damage|p1a: El Traga Emi|38/100|[from] item: Life Orb\n|\n|-heal|p2b: Wo-Chien|37/100|[from] item: Leftovers\n|upkeep\n|turn|8\n|-message|Sunny_zong1 forfeited.\n|\n|win|rafa pipitieso\n|raw|rafa pipitieso's rating: 1370 &rarr; <strong>1396</strong><br />(+26 for winning)\n|raw|Sunny_zong1's rating: 1471 &rarr; <strong>1445</strong><br />(-26 for losing)\n|l|\u2606Sunny_zong1\n|player|p2|\n|l|\u2606rafa pipitieso\n|player|p1|\n","uploadtime":1776704594,"views":10,"formatid":"gen9vgc2026regi","rating":1396,"private":0,"password":null}