{"id":"gen9vgc2026regi-2544360668","format":"[Gen 9] VGC 2026 Reg I","players":["VJ2511","lalo's pollos"],"log":"|j|\u2606VJ2511\n|j|\u2606lalo's pollos\n|t:|1771697983\n|gametype|doubles\n|player|p1|VJ2511|red-masters3|1492\n|player|p2|lalo's pollos|102|1491\n|gen|9\n|tier|[Gen 9] VGC 2026 Reg I\n|rated|\n|rule|Species Clause: Limit one of each Pok\u00e9mon\n|rule|Item Clause: Limit 1 of each item\n|clearpoke\n|poke|p1|Calyrex-Shadow, L50|\n|poke|p1|Zamazenta-*, L50|\n|poke|p1|Smeargle, L50, F|\n|poke|p1|Incineroar, L50, F|\n|poke|p1|Rillaboom, L50, M|\n|poke|p1|Raging Bolt, L50|\n|poke|p2|Zamazenta-*, L50|\n|poke|p2|Lunala, L50|\n|poke|p2|Rillaboom, L50, M|\n|poke|p2|Incineroar, L50, M|\n|poke|p2|Urshifu-*, L50, F|\n|poke|p2|Tornadus, L50, M|\n|teampreview|4\n|inactive|Battle timer is ON: inactive players will automatically lose when time's up. (requested by VJ2511)\n|\n|t:|1771698008\n|teamsize|p1|4\n|teamsize|p2|4\n|start\n|switch|p1a: Calyrex|Calyrex-Shadow, L50|100/100\n|switch|p1b: Incineroar|Incineroar, L50, F|100/100\n|switch|p2a: Tornadus|Tornadus, L50, M|100/100\n|switch|p2b: Lunala|Lunala, L50|100/100\n|-ability|p1a: Calyrex|As One\n|-ability|p1a: Calyrex|Unnerve\n|-ability|p1b: Incineroar|Intimidate|boost\n|-unboost|p2a: Tornadus|atk|1\n|-unboost|p2b: Lunala|atk|1\n|turn|1\n|\n|t:|1771698022\n|switch|p2a: Incineroar|Incineroar, L50, M|100/100\n|-ability|p2a: Incineroar|Intimidate|boost\n|-unboost|p1a: Calyrex|atk|1\n|-unboost|p1b: Incineroar|atk|1\n|move|p2b: Lunala|Protect|p2b: Lunala\n|-singleturn|p2b: Lunala|Protect\n|move|p1a: Calyrex|Astral Barrage|p2a: Incineroar|[spread] p2a\n|-activate|p2b: Lunala|move: Protect\n|-resisted|p2a: Incineroar\n|-damage|p2a: Incineroar|67/100\n|-damage|p1a: Calyrex|91/100|[from] item: Life Orb\n|move|p1b: Incineroar|Knock Off|p2b: Lunala\n|-activate|p2b: Lunala|move: Protect\n|\n|upkeep\n|turn|2\n|\n|t:|1771698047\n|-terastallize|p2b: Lunala|Fairy\n|move|p1a: Calyrex|Astral Barrage|p2b: Lunala|[spread] p2a,p2b\n|-resisted|p2a: Incineroar\n|-damage|p2a: Incineroar|38/100\n|-damage|p2b: Lunala|72/100\n|-damage|p1a: Calyrex|82/100|[from] item: Life Orb\n|move|p2b: Lunala|Calm Mind|p2b: Lunala\n|-boost|p2b: Lunala|spa|1\n|-boost|p2b: Lunala|spd|1\n|move|p1b: Incineroar|Knock Off|p2b: Lunala\n|-resisted|p2b: Lunala\n|-damage|p2b: Lunala|61/100\n|-enditem|p2b: Lunala|Leftovers|[from] move: Knock Off|[of] p1b: Incineroar\n|move|p2a: Incineroar|Parting Shot|p1a: Calyrex\n|-unboost|p1a: Calyrex|atk|1\n|-unboost|p1a: Calyrex|spa|1\n|\n|t:|1771698053\n|switch|p2a: Tornadus|Tornadus, L50, M|100/100|[from] Parting Shot\n|\n|upkeep\n|turn|3\n|\n|t:|1771698064\n|-terastallize|p1a: Calyrex|Dark\n|move|p2a: Tornadus|Tailwind|p2a: Tornadus\n|-sidestart|p2: lalo's pollos|move: Tailwind\n|move|p2b: Lunala|Moonblast|p1b: Incineroar\n|-damage|p1b: Incineroar|27/100\n|-unboost|p1b: Incineroar|spa|1\n|move|p1a: Calyrex|Astral Barrage|p2a: Tornadus|[spread] p2a,p2b\n|-damage|p2a: Tornadus|30/100\n|-damage|p2b: Lunala|35/100\n|-damage|p1a: Calyrex|72/100|[from] item: Life Orb\n|move|p1b: Incineroar|Flare Blitz|p2b: Lunala\n|-damage|p2b: Lunala|11/100\n|-damage|p1b: Incineroar|18/100|[from] Recoil\n|\n|upkeep\n|turn|4\n|j| MiinhuMC\n|\n|t:|1771698083\n|switch|p1a: Zamazenta|Zamazenta-Crowned, L50|100/100\n|-ability|p1a: Zamazenta|Dauntless Shield|boost\n|-boost|p1a: Zamazenta|def|1\n|move|p2a: Tornadus|Bleakwind Storm|p1b: Incineroar|[spread] p1a,p1b\n|-damage|p1a: Zamazenta|72/100\n|-damage|p1b: Incineroar|0 fnt\n|-unboost|p1a: Zamazenta|spe|1\n|faint|p1b: Incineroar\n|move|p2b: Lunala|Moonblast|p1a: Zamazenta\n|-damage|p1a: Zamazenta|21/100\n|\n|upkeep\n|\n|t:|1771698090\n|switch|p1b: Calyrex|Calyrex-Shadow, L50, tera:Dark|72/100\n|-ability|p1b: Calyrex|As One\n|-ability|p1b: Calyrex|Unnerve\n|turn|5\n|\n|t:|1771698099\n|move|p1a: Zamazenta|Wide Guard|p1a: Zamazenta\n|-singleturn|p1a: Zamazenta|Wide Guard\n|move|p2a: Tornadus|Bleakwind Storm|p1a: Zamazenta|[spread] \n|-activate|p1a: Zamazenta|move: Wide Guard\n|-activate|p1b: Calyrex|move: Wide Guard\n|move|p2b: Lunala|Moonblast|p1b: Calyrex\n|-supereffective|p1b: Calyrex\n|-damage|p1b: Calyrex|0 fnt\n|faint|p1b: Calyrex\n|\n|upkeep\n|\n|t:|1771698103\n|switch|p1b: Raging Bolt|Raging Bolt, L50|100/100\n|-enditem|p1b: Raging Bolt|Booster Energy\n|-activate|p1b: Raging Bolt|ability: Protosynthesis|[fromitem]\n|-start|p1b: Raging Bolt|protosynthesisspa\n|turn|6\n|inactive|lalo's pollos has 30 seconds left.\n|\n|t:|1771698132\n|move|p2b: Lunala|Protect|p2b: Lunala\n|-singleturn|p2b: Lunala|Protect\n|move|p2a: Tornadus|Bleakwind Storm|p1b: Raging Bolt|[spread] p1a,p1b\n|-resisted|p1b: Raging Bolt\n|-damage|p1a: Zamazenta|0 fnt\n|-damage|p1b: Raging Bolt|86/100\n|faint|p1a: Zamazenta\n|move|p1b: Raging Bolt|Thunderbolt|p2b: Lunala\n|-activate|p2b: Lunala|move: Protect\n|\n|-sideend|p2: lalo's pollos|move: Tailwind\n|upkeep\n|turn|7\n|-message|VJ2511 forfeited.\n|\n|win|lalo's pollos\n|raw|VJ2511's rating: 1492 &rarr; <strong>1472</strong><br />(-20 for losing)\n|raw|lalo&apos;s pollos's rating: 1491 &rarr; <strong>1511</strong><br />(+20 for winning)\n|l|\u2606VJ2511\n|player|p1|\n|l|\u2606lalo's pollos\n|player|p2|\n","uploadtime":1771698147,"views":15,"formatid":"gen9vgc2026regi","rating":1472,"private":0,"password":null}