{"id":"gen9vgc2026regi-2589241690","format":"[Gen 9] VGC 2026 Reg I","players":["alexgpapmer","Fujin_20260416"],"log":"|j|\u2606alexgpapmer\n|j|\u2606Fujin_20260416\n|t:|1776708808\n|gametype|doubles\n|player|p1|alexgpapmer|flint|1374\n|player|p2|Fujin_20260416|170|1339\n|gen|9\n|tier|[Gen 9] VGC 2026 Reg I\n|rated|\n|rule|Species Clause: Limit one of each Pok\u00e9mon\n|rule|Item Clause: Limit 1 of each item\n|clearpoke\n|poke|p1|Amoonguss, L50, F|\n|poke|p1|Calyrex-Ice, L50|\n|poke|p1|Kyogre, L50|\n|poke|p1|Grimmsnarl, L50, M|\n|poke|p1|Flutter Mane, L50|\n|poke|p1|Basculegion, L50, M|\n|poke|p2|Miraidon, L50|\n|poke|p2|Calyrex-Ice, L50|\n|poke|p2|Urshifu-*, L50, F|\n|poke|p2|Sneasler, L50, M|\n|poke|p2|Incineroar, L50, F|\n|poke|p2|Ditto, L50|\n|teampreview|4\n|j| General Rapane\n|inactive|Battle timer is ON: inactive players will automatically lose when time's up. (requested by Fujin_20260416)\n|c|\u2606alexgpapmer|Glhf\n|inactive|alexgpapmer has 60 seconds left.\n|inactive|Fujin_20260416 has 60 seconds left.\n|inactive|Fujin_20260416 has 30 seconds left.\n|inactive|Fujin_20260416 has 20 seconds left.\n|inactive|Fujin_20260416 has 15 seconds left.\n|inactive|Fujin_20260416 has 10 seconds left.\n|\n|t:|1776708898\n|teamsize|p1|4\n|teamsize|p2|4\n|start\n|switch|p1a: Kyogre|Kyogre, L50|100/100\n|switch|p1b: Basculegion|Basculegion, L50, M|100/100\n|switch|p2a: Calyrex|Calyrex-Ice, L50|100/100\n|switch|p2b: Urshifu|Urshifu-Rapid-Strike, L50, F|100/100\n|-ability|p2a: Calyrex|As One\n|-ability|p2a: Calyrex|Unnerve\n|-weather|RainDance|[from] ability: Drizzle|[of] p1a: Kyogre\n|turn|1\n|inactive|alexgpapmer has 30 seconds left.\n|inactive|Fujin_20260416 has 30 seconds left.\n|\n|t:|1776708931\n|-terastallize|p2a: Calyrex|Water\n|move|p1b: Basculegion|Protect|p1b: Basculegion\n|-singleturn|p1b: Basculegion|Protect\n|move|p2b: Urshifu|Close Combat|p1a: Kyogre\n|-damage|p1a: Kyogre|32/100\n|-unboost|p2b: Urshifu|def|1\n|-unboost|p2b: Urshifu|spd|1\n|move|p1a: Kyogre|Water Spout|p2a: Calyrex|[spread] p2a,p2b\n|-resisted|p2a: Calyrex\n|-resisted|p2b: Urshifu\n|-damage|p2a: Calyrex|89/100\n|-damage|p2b: Urshifu|58/100\n|move|p2a: Calyrex|Trick Room|p2a: Calyrex\n|-fieldstart|move: Trick Room|[of] p2a: Calyrex\n|\n|-weather|RainDance|[upkeep]\n|upkeep\n|turn|2\n|l| General Rapane\n|inactive|Fujin_20260416 has 30 seconds left.\n|\n|t:|1776708960\n|switch|p2b: Ditto|Ditto, L50|100/100\n|-transform|p2b: Ditto|p1a: Kyogre|[from] ability: Imposter\n|switch|p1b: Calyrex|Calyrex-Ice, L50|100/100\n|-ability|p1b: Calyrex|As One\n|-ability|p1b: Calyrex|Unnerve\n|move|p1a: Kyogre|Protect|p1a: Kyogre\n|-singleturn|p1a: Kyogre|Protect\n|move|p2a: Calyrex|High Horsepower|p1a: Kyogre\n|-activate|p1a: Kyogre|move: Protect\n|\n|-weather|RainDance|[upkeep]\n|upkeep\n|turn|3\n|inactive|alexgpapmer has 30 seconds left.\n|inactive|Fujin_20260416 has 30 seconds left.\n|\n|t:|1776708991\n|move|p1b: Calyrex|Protect|p1b: Calyrex\n|-singleturn|p1b: Calyrex|Protect\n|move|p2a: Calyrex|High Horsepower|p1a: Kyogre\n|-damage|p1a: Kyogre|0 fnt\n|faint|p1a: Kyogre\n|-ability|p2a: Calyrex|Chilling Neigh|boost\n|-boost|p2a: Calyrex|atk|1\n|move|p2b: Ditto|Origin Pulse|p1b: Calyrex\n|-activate|p1b: Calyrex|move: Protect\n|\n|-weather|RainDance|[upkeep]\n|upkeep\n|\n|t:|1776708997\n|switch|p1a: Amoonguss|Amoonguss, L50, F|100/100\n|turn|4\n|\n|t:|1776709008\n|move|p1a: Amoonguss|Spore|p2a: Calyrex\n|-status|p2a: Calyrex|slp|[from] move: Spore\n|move|p1b: Calyrex|Leech Seed|p2b: Ditto\n|-start|p2b: Ditto|move: Leech Seed\n|cant|p2a: Calyrex|slp\n|move|p2b: Ditto|Origin Pulse|p1a: Amoonguss|[spread] p1a,p1b\n|-resisted|p1a: Amoonguss\n|-damage|p1a: Amoonguss|71/100\n|-damage|p1b: Calyrex|51/100\n|\n|-weather|RainDance|[upkeep]\n|-heal|p1b: Calyrex|57/100|[from] item: Leftovers\n|-damage|p2b: Ditto|88/100|[from] Leech Seed|[of] p1b: Calyrex\n|-heal|p1b: Calyrex|66/100|[silent]\n|upkeep\n|turn|5\n|\n|t:|1776709033\n|switch|p2b: Urshifu|Urshifu-Rapid-Strike, L50, F|58/100\n|move|p1a: Amoonguss|Pollen Puff|p1b: Calyrex\n|-heal|p1b: Calyrex|100/100\n|move|p1b: Calyrex|Glacial Lance|p2a: Calyrex|[spread] p2a,p2b\n|-resisted|p2a: Calyrex\n|-resisted|p2b: Urshifu\n|-damage|p2a: Calyrex|74/100 slp\n|-damage|p2b: Urshifu|32/100\n|cant|p2a: Calyrex|slp\n|\n|-weather|none\n|-fieldend|move: Trick Room\n|upkeep\n|turn|6\n|\n|t:|1776709058\n|move|p1a: Amoonguss|Protect|p1a: Amoonguss\n|-singleturn|p1a: Amoonguss|Protect\n|move|p2b: Urshifu|Surging Strikes|p1b: Calyrex\n|-crit|p1b: Calyrex\n|-damage|p1b: Calyrex|90/100\n|-crit|p1b: Calyrex\n|-damage|p1b: Calyrex|79/100\n|-crit|p1b: Calyrex\n|-damage|p1b: Calyrex|68/100\n|-hitcount|p1b: Calyrex|3\n|cant|p2a: Calyrex|slp\n|move|p1b: Calyrex|Leech Seed|p2a: Calyrex\n|-start|p2a: Calyrex|move: Leech Seed\n|\n|-heal|p1b: Calyrex|73/100|[from] item: Leftovers\n|-damage|p2a: Calyrex|62/100 slp|[from] Leech Seed|[of] p1b: Calyrex\n|-heal|p1b: Calyrex|86/100|[silent]\n|upkeep\n|turn|7\n|\n|t:|1776709077\n|switch|p1a: Basculegion|Basculegion, L50, M|100/100\n|move|p2b: Urshifu|Surging Strikes|p1b: Calyrex\n|-crit|p1b: Calyrex\n|-damage|p1b: Calyrex|74/100\n|-crit|p1b: Calyrex\n|-damage|p1b: Calyrex|62/100\n|-crit|p1b: Calyrex\n|-damage|p1b: Calyrex|50/100\n|-hitcount|p1b: Calyrex|3\n|-curestatus|p2a: Calyrex|slp|[msg]\n|move|p2a: Calyrex|Glacial Lance|p1a: Basculegion|[spread] p1a,p1b\n|-resisted|p1a: Basculegion\n|-resisted|p1b: Calyrex\n|-crit|p1b: Calyrex\n|-damage|p1a: Basculegion|50/100\n|-damage|p1b: Calyrex|17/100\n|move|p1b: Calyrex|Glacial Lance|p2b: Urshifu|[spread] p2a,p2b\n|-resisted|p2a: Calyrex\n|-resisted|p2b: Urshifu\n|-damage|p2a: Calyrex|48/100\n|-damage|p2b: Urshifu|8/100\n|\n|-heal|p1b: Calyrex|23/100|[from] item: Leftovers\n|-damage|p2a: Calyrex|36/100|[from] Leech Seed|[of] p1b: Calyrex\n|-heal|p1b: Calyrex|35/100|[silent]\n|upkeep\n|turn|8\n|inactive|alexgpapmer has 30 seconds left.\n|inactive|Fujin_20260416 has 30 seconds left.\n|inactive|alexgpapmer has 20 seconds left.\n|inactive|alexgpapmer has 15 seconds left.\n|inactive|Fujin_20260416 has 20 seconds left.\n|inactive|Fujin_20260416 has 15 seconds left.\n|\n|t:|1776709126\n|move|p1a: Basculegion|Aqua Jet|p2b: Urshifu\n|-resisted|p2b: Urshifu\n|-damage|p2b: Urshifu|0 fnt\n|faint|p2b: Urshifu\n|-damage|p1a: Basculegion|41/100|[from] item: Life Orb\n|move|p2a: Calyrex|Glacial Lance|p1a: Basculegion|[spread] p1a,p1b\n|-resisted|p1a: Basculegion\n|-resisted|p1b: Calyrex\n|-damage|p1a: Basculegion|0 fnt\n|-damage|p1b: Calyrex|15/100\n|faint|p1a: Basculegion\n|-ability|p2a: Calyrex|Chilling Neigh|boost\n|-boost|p2a: Calyrex|atk|1\n|move|p1b: Calyrex|Glacial Lance|p2a: Calyrex\n|-resisted|p2a: Calyrex\n|-damage|p2a: Calyrex|17/100\n|\n|-heal|p1b: Calyrex|20/100|[from] item: Leftovers\n|-damage|p2a: Calyrex|4/100|[from] Leech Seed|[of] p1b: Calyrex\n|-heal|p1b: Calyrex|32/100|[silent]\n|upkeep\n|\n|t:|1776709139\n|switch|p2b: Miraidon|Miraidon, L50|100/100\n|switch|p1a: Amoonguss|Amoonguss, L50, F|100/100\n|-fieldstart|move: Electric Terrain|[from] ability: Hadron Engine|[of] p2b: Miraidon\n|turn|9\n|\n|t:|1776709148\n|switch|p2a: Ditto|Ditto, L50|88/100\n|-transform|p2a: Ditto|p1b: Calyrex|[from] ability: Imposter\n|-ability|p2a: Ditto|As One\n|-ability|p2a: Ditto|Unnerve\n|move|p1a: Amoonguss|Protect|p1a: Amoonguss\n|-singleturn|p1a: Amoonguss|Protect\n|move|p2b: Miraidon|Draco Meteor|p1a: Amoonguss\n|-activate|p1a: Amoonguss|move: Protect\n|move|p1b: Calyrex|Trick Room|p1b: Calyrex\n|-fieldstart|move: Trick Room|[of] p1b: Calyrex\n|\n|-heal|p1b: Calyrex|38/100|[from] item: Leftovers\n|upkeep\n|turn|10\n|\n|t:|1776709169\n|-terastallize|p1b: Calyrex|Fairy\n|move|p2b: Miraidon|Protect|p2b: Miraidon\n|-singleturn|p2b: Miraidon|Protect\n|move|p1a: Amoonguss|Spore|p2a: Ditto\n|-activate|p2a: Ditto|move: Electric Terrain\n|move|p1b: Calyrex|Leech Seed|p2a: Ditto\n|-start|p2a: Ditto|move: Leech Seed\n|move|p2a: Ditto|Trick Room|p2a: Ditto\n|-fieldend|move: Trick Room\n|\n|-heal|p1b: Calyrex|44/100|[from] item: Leftovers\n|-damage|p2a: Ditto|76/100|[from] Leech Seed|[of] p1b: Calyrex\n|-heal|p1b: Calyrex|53/100|[silent]\n|upkeep\n|turn|11\n|inactive|alexgpapmer has 30 seconds left.\n|\n|t:|1776709196\n|switch|p2a: Calyrex|Calyrex-Ice, L50, tera:Water|4/100\n|-ability|p2a: Calyrex|As One\n|-ability|p2a: Calyrex|Unnerve\n|move|p2b: Miraidon|Electro Drift|p1b: Calyrex\n|-damage|p1b: Calyrex|0 fnt\n|faint|p1b: Calyrex\n|-damage|p2b: Miraidon|91/100|[from] item: Life Orb\n|move|p1a: Amoonguss|Pollen Puff|p1: Calyrex|[notarget]\n|-fail|p1a: Amoonguss\n|\n|upkeep\n|turn|12\n|\n|t:|1776709208\n|move|p2b: Miraidon|Draco Meteor|p1a: Amoonguss\n|-damage|p1a: Amoonguss|0 fnt\n|-unboost|p2b: Miraidon|spa|2\n|faint|p1a: Amoonguss\n|-damage|p2b: Miraidon|81/100|[from] item: Life Orb\n|\n|win|Fujin_20260416\n|raw|alexgpapmer's rating: 1374 &rarr; <strong>1352</strong><br />(-22 for losing)\n|raw|Fujin_20260416's rating: 1339 &rarr; <strong>1361</strong><br />(+22 for winning)\n|l|\u2606alexgpapmer\n|player|p1|\n|l|\u2606Fujin_20260416\n|player|p2|\n","uploadtime":1776709465,"views":7,"formatid":"gen9vgc2026regi","rating":1352,"private":0,"password":null}