{"id":"gen9vgc2026regi-2576248679","format":"[Gen 9] VGC 2026 Reg I","players":["21Kieran","ScribbleScribble"],"log":"|j|\u260621Kieran\n|j|\u2606ScribbleScribble\n|html|<table width=\"100%\"><tr><td align=\"left\">21Kieran</td><td align=\"right\">ScribbleScribble</tr><tr><td align=\"left\"><i class=\"fa fa-circle\"></i> <i class=\"fa fa-circle-o\"></i> </td><td align=\"right\"><i class=\"fa fa-circle-o\"></i> <i class=\"fa fa-circle\"></i> </tr></table>\n|uhtml|bestof|<h2><strong>Game 3</strong> of <a href=\"/game-bestof3-gen9vgc2026regi-2576246819\">a best-of-3</a></h2>\n|t:|1775445087\n|gametype|doubles\n|player|p1|21Kieran|taunie|\n|player|p2|ScribbleScribble|mina-lgpe|\n|gen|9\n|tier|[Gen 9] VGC 2026 Reg I\n|rated|Tournament battle\n|rule|Species Clause: Limit one of each Pok\u00e9mon\n|rule|Item Clause: Limit 1 of each item\n|raw|<div class=\"infobox\"><details class=\"readmore\" open><summary><strong>4 custom rules:</strong></summary> Open Team Sheets, Force Open Team Sheets, !Open Team Sheets, Best of = 3</details></div>\n|clearpoke\n|poke|p1|Incineroar, L50, M|\n|poke|p1|Rillaboom, L50, F|\n|poke|p1|Landorus, L50, M|\n|poke|p1|Smeargle, L50, F|\n|poke|p1|Koraidon, L50|\n|poke|p1|Calyrex-Ice, L50|\n|poke|p2|Calyrex-Ice, L50|\n|poke|p2|Kyogre, L50|\n|poke|p2|Tornadus, L50, M|\n|poke|p2|Indeedee-F, L50, F|\n|poke|p2|Urshifu-*, L50, F|\n|poke|p2|Landorus, L50, M|\n|teampreview|4\n|showteam|p1|Incineroar||SafetyGoggles|Intimidate|KnockOff,FlareBlitz,FakeOut,PartingShot|||M|||50|,,,,,Water]Rillaboom||AssaultVest|GrassySurge|WoodHammer,FakeOut,GrassyGlide,Uturn|||F|||50|,,,,,Water]Landorus||LifeOrb|SheerForce|EarthPower,SludgeBomb,SandsearStorm,Protect|||M|||50|,,,,,Water]Smeargle||FocusSash|Moody|Ruination,Spore,SpikyShield,FollowMe|||F|||50|,,,,,Grass]Koraidon||ClearAmulet|OrichalcumPulse|FlameCharge,FlareBlitz,LowKick,Protect||||||50|,,,,,Fire]Calyrex-Ice||Leftovers|AsOneGlastrier|GlacialLance,Protect,TrickRoom,LeechSeed||||||50|,,,,,Fairy\n|showteam|p2|Calyrex-Ice||ClearAmulet|AsOneGlastrier|GlacialLance,SeedBomb,TrickRoom,Imprison||||||50|,,,,,Grass]Kyogre||MysticWater|Drizzle|WaterSpout,HydroPump,Thunder,Protect||||||50|,,,,,Grass]Tornadus||FocusSash|Prankster|BleakwindStorm,RainDance,Taunt,Tailwind|||M|||50|,,,,,Ghost]Indeedee-F||PsychicSeed|PsychicSurge|Psychic,HelpingHand,FollowMe,TrickRoom|||F|||50|,,,,,Ground]Urshifu-Rapid-Strike||ChoiceBand|UnseenFist|SurgingStrikes,Uturn,AquaJet,CloseCombat|||F|||50|,,,,,Ghost]Landorus||LifeOrb|SheerForce|SandsearStorm,EarthPower,SludgeBomb,Protect|||M|||50|,,,,,Poison\n|inactive|Battle timer is ON: inactive players will automatically lose when time's up. (requested by 21Kieran)\n|inactive|ScribbleScribble also wants the timer to be on.\n|j| Sattellefface\n|j|@Radio Free C-Side\n|\n|t:|1775445101\n|teamsize|p1|4\n|teamsize|p2|4\n|start\n|switch|p1a: Calyrex|Calyrex-Ice, L50|100/100\n|switch|p1b: Incineroar|Incineroar, L50, M|100/100\n|switch|p2a: Calyrex|Calyrex-Ice, L50|100/100\n|switch|p2b: Kyogre|Kyogre, L50|100/100\n|-ability|p2a: Calyrex|As One\n|-ability|p2a: Calyrex|Unnerve\n|-ability|p1a: Calyrex|As One\n|-ability|p1a: Calyrex|Unnerve\n|-weather|RainDance|[from] ability: Drizzle|[of] p2b: Kyogre\n|-ability|p1b: Incineroar|Intimidate|boost\n|-fail|p2a: Calyrex|unboost|[from] item: Clear Amulet|[of] p2a: Calyrex\n|-unboost|p2b: Kyogre|atk|1\n|turn|1\n|c| Sattellefface|Homse\n|\n|t:|1775445120\n|move|p1b: Incineroar|Fake Out|p2a: Calyrex\n|-damage|p2a: Calyrex|94/100\n|move|p2b: Kyogre|Water Spout|p1a: Calyrex|[spread] p1a,p1b\n|-supereffective|p1b: Incineroar\n|-damage|p1a: Calyrex|38/100\n|-damage|p1b: Incineroar|0 fnt\n|faint|p1b: Incineroar\n|cant|p2a: Calyrex|flinch\n|move|p1a: Calyrex|Leech Seed|p2b: Kyogre\n|-start|p2b: Kyogre|move: Leech Seed\n|\n|-weather|RainDance|[upkeep]\n|-heal|p1a: Calyrex|43/100|[from] item: Leftovers\n|-damage|p2b: Kyogre|88/100|[from] Leech Seed|[of] p1a: Calyrex\n|-heal|p1a: Calyrex|54/100|[silent]\n|upkeep\n|\n|t:|1775445126\n|switch|p1b: Koraidon|Koraidon, L50|100/100\n|-weather|SunnyDay|[from] ability: Orichalcum Pulse|[of] p1b: Koraidon\n|-activate|p1b: Koraidon|Orichalcum Pulse|[source]\n|turn|2\n|\n|t:|1775445137\n|switch|p2a: Tornadus|Tornadus, L50, M|100/100\n|-terastallize|p1b: Koraidon|Fire\n|move|p1a: Calyrex|Protect|p1a: Calyrex\n|-singleturn|p1a: Calyrex|Protect\n|move|p1b: Koraidon|Flare Blitz|p2a: Tornadus\n|-enditem|p2a: Tornadus|Focus Sash\n|-damage|p2a: Tornadus|1/100\n|-damage|p1b: Koraidon|75/100|[from] Recoil\n|move|p2b: Kyogre|Water Spout|p1b: Koraidon|[spread] p1b\n|-activate|p1a: Calyrex|move: Protect\n|-supereffective|p1b: Koraidon\n|-damage|p1b: Koraidon|20/100\n|\n|-weather|SunnyDay|[upkeep]\n|-heal|p1a: Calyrex|60/100|[from] item: Leftovers\n|-damage|p2b: Kyogre|76/100|[from] Leech Seed|[of] p1a: Calyrex\n|-heal|p1a: Calyrex|71/100|[silent]\n|upkeep\n|turn|3\n|\n|t:|1775445150\n|switch|p1b: Rillaboom|Rillaboom, L50, F|100/100\n|-fieldstart|move: Grassy Terrain|[from] ability: Grassy Surge|[of] p1b: Rillaboom\n|switch|p2b: Calyrex|Calyrex-Ice, L50|94/100\n|-ability|p2b: Calyrex|As One\n|-ability|p2b: Calyrex|Unnerve\n|move|p2a: Tornadus|Taunt|p1a: Calyrex\n|-start|p1a: Calyrex|move: Taunt\n|move|p1a: Calyrex|Glacial Lance|p2a: Tornadus|[spread] p2a,p2b\n|-supereffective|p2a: Tornadus\n|-resisted|p2b: Calyrex\n|-damage|p2a: Tornadus|0 fnt\n|-damage|p2b: Calyrex|78/100\n|faint|p2a: Tornadus\n|-ability|p1a: Calyrex|Chilling Neigh|boost\n|-boost|p1a: Calyrex|atk|1\n|\n|-weather|SunnyDay|[upkeep]\n|-heal|p2b: Calyrex|83/100|[from] Grassy Terrain\n|-heal|p1a: Calyrex|76/100|[from] Grassy Terrain\n|-heal|p1a: Calyrex|82/100|[from] item: Leftovers\n|upkeep\n|\n|t:|1775445156\n|switch|p2a: Indeedee|Indeedee-F, L50, F, shiny|100/100\n|-fieldstart|move: Psychic Terrain|[from] ability: Psychic Surge|[of] p2a: Indeedee\n|-enditem|p2a: Indeedee|Psychic Seed\n|-boost|p2a: Indeedee|spd|1|[from] item: Psychic Seed\n|turn|4\n|\n|t:|1775445168\n|-terastallize|p2b: Calyrex|Grass\n|move|p1b: Rillaboom|U-turn|p2b: Calyrex\n|-supereffective|p2b: Calyrex\n|-damage|p2b: Calyrex|52/100\n|\n|t:|1775445172\n|switch|p1b: Koraidon|Koraidon, L50, tera:Fire|20/100|[from] U-turn\n|-activate|p1b: Koraidon|ability: Orichalcum Pulse\n|move|p2b: Calyrex|Imprison|p2b: Calyrex\n|-start|p2b: Calyrex|move: Imprison\n|cant|p1a: Calyrex|move: Imprison|Glacial Lance\n|move|p2a: Indeedee|Trick Room|p2a: Indeedee\n|-fieldstart|move: Trick Room|[of] p2a: Indeedee\n|\n|-weather|SunnyDay|[upkeep]\n|-heal|p1a: Calyrex|88/100|[from] item: Leftovers\n|upkeep\n|turn|5\n|\n|t:|1775445183\n|switch|p2a: Kyogre|Kyogre, L50|76/100\n|-weather|RainDance|[from] ability: Drizzle|[of] p2a: Kyogre\n|switch|p1b: Rillaboom|Rillaboom, L50, F|100/100\n|-fieldstart|move: Grassy Terrain|[from] ability: Grassy Surge|[of] p1b: Rillaboom\n|-activate|p1a: Calyrex|move: Struggle\n|move|p1a: Calyrex|Struggle|p2b: Calyrex\n|-damage|p2b: Calyrex|33/100\n|-damage|p1a: Calyrex|63/100|[from] recoil\n|move|p2b: Calyrex|Glacial Lance|p1b: Rillaboom|[spread] p1a,p1b\n|-resisted|p1a: Calyrex\n|-supereffective|p1b: Rillaboom\n|-damage|p1a: Calyrex|47/100\n|-damage|p1b: Rillaboom|0 fnt\n|faint|p1b: Rillaboom\n|-ability|p2b: Calyrex|Chilling Neigh|boost\n|-boost|p2b: Calyrex|atk|1\n|\n|-weather|RainDance|[upkeep]\n|-heal|p1a: Calyrex|53/100|[from] Grassy Terrain\n|-heal|p1a: Calyrex|59/100|[from] item: Leftovers\n|-heal|p2b: Calyrex|38/100|[from] Grassy Terrain\n|-heal|p2a: Kyogre|82/100|[from] Grassy Terrain\n|-end|p1a: Calyrex|move: Taunt\n|upkeep\n|\n|t:|1775445189\n|switch|p1b: Koraidon|Koraidon, L50, tera:Fire|20/100\n|-weather|SunnyDay|[from] ability: Orichalcum Pulse|[of] p1b: Koraidon\n|-activate|p1b: Koraidon|Orichalcum Pulse|[source]\n|turn|6\n|\n|t:|1775445192\n|move|p1b: Koraidon|Protect|p1b: Koraidon\n|-singleturn|p1b: Koraidon|Protect\n|move|p1a: Calyrex|Leech Seed|p2a: Kyogre|[miss]\n|-miss|p1a: Calyrex|p2a: Kyogre\n|move|p2b: Calyrex|Glacial Lance|p1a: Calyrex|[spread] p1a\n|-activate|p1b: Koraidon|move: Protect\n|-resisted|p1a: Calyrex\n|-damage|p1a: Calyrex|35/100\n|move|p2a: Kyogre|Water Spout|p1b: Koraidon|[spread] p1a\n|-activate|p1b: Koraidon|move: Protect\n|-damage|p1a: Calyrex|17/100\n|\n|-weather|SunnyDay|[upkeep]\n|-heal|p1a: Calyrex|23/100|[from] Grassy Terrain\n|-heal|p1a: Calyrex|29/100|[from] item: Leftovers\n|-heal|p2b: Calyrex|44/100|[from] Grassy Terrain\n|-heal|p2a: Kyogre|88/100|[from] Grassy Terrain\n|-heal|p1b: Koraidon|26/100|[from] Grassy Terrain\n|upkeep\n|turn|7\n|\n|t:|1775445200\n|move|p1b: Koraidon|Protect||[still]\n|-fail|p1b: Koraidon\n|move|p1a: Calyrex|Leech Seed|p2a: Kyogre|[miss]\n|-miss|p1a: Calyrex|p2a: Kyogre\n|move|p2b: Calyrex|Glacial Lance|p1a: Calyrex|[spread] p1a,p1b\n|-resisted|p1a: Calyrex\n|-resisted|p1b: Koraidon\n|-damage|p1a: Calyrex|4/100\n|-damage|p1b: Koraidon|0 fnt\n|faint|p1b: Koraidon\n|-ability|p2b: Calyrex|Chilling Neigh|boost\n|-boost|p2b: Calyrex|atk|1\n|move|p2a: Kyogre|Water Spout|p1a: Calyrex\n|-damage|p1a: Calyrex|0 fnt\n|faint|p1a: Calyrex\n|\n|win|ScribbleScribble\n|c|\u2606ScribbleScribble|gg\n|c|\u260621Kieran|booo leech seed miss\n|c|\u260621Kieran|ggs\n|l|+Radio Free C-Side\n|l|\u260621Kieran\n|player|p1|\n|l| Sattellefface\n|l|\u2606ScribbleScribble\n|player|p2|\n|j| holdingb\n","uploadtime":1775445351,"views":7,"formatid":"gen9vgc2026regi","rating":null,"private":0,"password":null}