{"id":"gen9vgc2026regi-2519956296","format":"[Gen 9] VGC 2026 Reg I","players":["merzeory","kojimuranishi"],"log":"|j|\u2606merzeory\n|j|\u2606kojimuranishi\n|t:|1768574505\n|gametype|doubles\n|player|p1|merzeory|lass|1391\n|player|p2|kojimuranishi|102|1515\n|gen|9\n|tier|[Gen 9] VGC 2026 Reg I\n|rated|\n|rule|Species Clause: Limit one of each Pok\u00e9mon\n|rule|Item Clause: Limit 1 of each item\n|clearpoke\n|poke|p1|Miraidon, L50|\n|poke|p1|Calyrex-Ice, L50|\n|poke|p1|Whimsicott, L50, M|\n|poke|p1|Volcarona, L50, F|\n|poke|p1|Incineroar, L50, M|\n|poke|p1|Urshifu-*, L50, F|\n|poke|p2|Miraidon, L50|\n|poke|p2|Lunala, L50|\n|poke|p2|Chien-Pao, L50|\n|poke|p2|Dragonite, L50, M|\n|poke|p2|Ursaluna, L50, M|\n|poke|p2|Urshifu-*, L50, F|\n|teampreview|4\n|inactive|Battle timer is ON: inactive players will automatically lose when time's up. (requested by merzeory)\n|\n|t:|1768574524\n|teamsize|p1|4\n|teamsize|p2|4\n|start\n|switch|p1a: Miraidon|Miraidon, L50, shiny|100/100\n|switch|p1b: Volcarona|Volcarona, L50, F|100/100\n|switch|p2a: Miraidon|Miraidon, L50|100/100\n|switch|p2b: Lunala|Lunala, L50|100/100\n|-fieldstart|move: Electric Terrain|[from] ability: Hadron Engine|[of] p2a: Miraidon\n|-enditem|p1b: Volcarona|Electric Seed\n|-boost|p1b: Volcarona|def|1|[from] item: Electric Seed\n|-activate|p1a: Miraidon|ability: Hadron Engine\n|turn|1\n|\n|t:|1768574549\n|switch|p2b: Ursaluna|Ursaluna, L50, M|100/100\n|move|p1b: Volcarona|Rage Powder|p1b: Volcarona\n|-singleturn|p1b: Volcarona|move: Rage Powder\n|move|p2a: Miraidon|Electro Drift|p1b: Volcarona\n|-damage|p1b: Volcarona|24/100\n|-status|p2a: Miraidon|brn|[from] ability: Flame Body|[of] p1b: Volcarona\n|move|p1a: Miraidon|Snarl|p2a: Miraidon|[spread] p2a,p2b\n|-damage|p2a: Miraidon|80/100 brn\n|-damage|p2b: Ursaluna|80/100\n|-unboost|p2a: Miraidon|spa|1\n|-unboost|p2b: Ursaluna|spa|1\n|\n|-damage|p2a: Miraidon|74/100 brn|[from] brn\n|-status|p2b: Ursaluna|brn|[from] item: Flame Orb\n|upkeep\n|turn|2\n|\n|t:|1768574572\n|switch|p1b: Whimsicott|Whimsicott, L50, M|100/100\n|move|p2a: Miraidon|Electro Drift|p1b: Whimsicott\n|-resisted|p1b: Whimsicott\n|-damage|p1b: Whimsicott|63/100\n|move|p1a: Miraidon|Draco Meteor|p2b: Ursaluna\n|-damage|p2b: Ursaluna|0 fnt\n|-unboost|p1a: Miraidon|spa|2\n|faint|p2b: Ursaluna\n|\n|-damage|p2a: Miraidon|68/100 brn|[from] brn\n|upkeep\n|\n|t:|1768574593\n|switch|p2b: Lunala|Lunala, L50|100/100\n|turn|3\n|\n|t:|1768574613\n|move|p1b: Whimsicott|Light Screen|p1b: Whimsicott\n|-sidestart|p1: merzeory|move: Light Screen\n|move|p2a: Miraidon|Electro Drift|p1a: Miraidon\n|-resisted|p1a: Miraidon\n|-damage|p1a: Miraidon|93/100\n|move|p1a: Miraidon|Snarl|p2b: Lunala|[spread] p2a,p2b\n|-supereffective|p2b: Lunala\n|-damage|p2a: Miraidon|58/100 brn\n|-damage|p2b: Lunala|87/100\n|-unboost|p2a: Miraidon|spa|1\n|-unboost|p2b: Lunala|spa|1\n|move|p2b: Lunala|Meteor Beam||[still]\n|-prepare|p2b: Lunala|Meteor Beam\n|-boost|p2b: Lunala|spa|1\n|-enditem|p2b: Lunala|Power Herb\n|-anim|p2b: Lunala|Meteor Beam|p1b: Whimsicott\n|-damage|p1b: Whimsicott|29/100\n|\n|-damage|p2a: Miraidon|52/100 brn|[from] brn\n|upkeep\n|turn|4\n|inactive|merzeory has 30 seconds left.\n|\n|t:|1768574641\n|-terastallize|p2a: Miraidon|Electric\n|move|p1b: Whimsicott|Encore|p2b: Lunala\n|-start|p2b: Lunala|Encore\n|move|p2a: Miraidon|Electro Drift|p1b: Whimsicott\n|-resisted|p1b: Whimsicott\n|-damage|p1b: Whimsicott|1/100\n|move|p1a: Miraidon|Snarl|p2b: Lunala|[spread] p2a,p2b\n|-supereffective|p2b: Lunala\n|-damage|p2a: Miraidon|41/100 brn\n|-damage|p2b: Lunala|60/100\n|-unboost|p2a: Miraidon|spa|1\n|-unboost|p2b: Lunala|spa|1\n|move|p2b: Lunala|Meteor Beam||[still]\n|-prepare|p2b: Lunala|Meteor Beam\n|-boost|p2b: Lunala|spa|1\n|\n|-damage|p2a: Miraidon|35/100 brn|[from] brn\n|upkeep\n|turn|5\n|\n|t:|1768574666\n|move|p1b: Whimsicott|Tailwind|p1b: Whimsicott\n|-sidestart|p1: merzeory|move: Tailwind\n|move|p1a: Miraidon|Snarl|p2b: Lunala|[spread] p2a,p2b\n|-supereffective|p2b: Lunala\n|-damage|p2a: Miraidon|25/100 brn\n|-damage|p2b: Lunala|34/100\n|-unboost|p2a: Miraidon|spa|1\n|-unboost|p2b: Lunala|spa|1\n|move|p2a: Miraidon|Electro Drift|p1a: Miraidon\n|-resisted|p1a: Miraidon\n|-damage|p1a: Miraidon|88/100\n|move|p2b: Lunala|Meteor Beam|p1b: Whimsicott|[from] lockedmove|[miss]\n|-miss|p2b: Lunala|p1b: Whimsicott\n|\n|-damage|p2a: Miraidon|19/100 brn|[from] brn\n|-fieldend|move: Electric Terrain\n|upkeep\n|turn|6\n|\n|t:|1768574690\n|move|p1b: Whimsicott|Endeavor|p2a: Miraidon\n|-damage|p2a: Miraidon|1/100 brn\n|move|p1a: Miraidon|Volt Switch|p2b: Lunala\n|-damage|p2b: Lunala|21/100\n|\n|t:|1768574698\n|switch|p1a: Calyrex|Calyrex-Ice, L50|100/100|[from] Volt Switch\n|-ability|p1a: Calyrex|As One\n|-ability|p1a: Calyrex|Unnerve\n|move|p2a: Miraidon|Electro Drift|p1a: Calyrex\n|-damage|p1a: Calyrex|90/100\n|move|p2b: Lunala|Meteor Beam||[still]\n|-prepare|p2b: Lunala|Meteor Beam\n|-boost|p2b: Lunala|spa|1\n|\n|-damage|p2a: Miraidon|0 fnt|[from] brn\n|faint|p2a: Miraidon\n|-end|p2b: Lunala|Encore\n|upkeep\n|\n|t:|1768574716\n|switch|p2a: Urshifu|Urshifu-Rapid-Strike, L50, F|100/100\n|turn|7\n|\n|t:|1768574724\n|move|p2a: Urshifu|Aqua Jet|p1b: Whimsicott\n|-resisted|p1b: Whimsicott\n|-damage|p1b: Whimsicott|0 fnt\n|faint|p1b: Whimsicott\n|move|p1a: Calyrex|Glacial Lance|p2b: Lunala|[spread] p2a,p2b\n|-resisted|p2a: Urshifu\n|-crit|p2b: Lunala\n|-damage|p2a: Urshifu|74/100\n|-damage|p2b: Lunala|0 fnt\n|faint|p2b: Lunala\n|-ability|p1a: Calyrex|Chilling Neigh|boost\n|-boost|p1a: Calyrex|atk|1\n|\n|-sideend|p1: merzeory|move: Light Screen\n|upkeep\n|\n|t:|1768574728\n|switch|p1b: Miraidon|Miraidon, L50, shiny|88/100\n|-fieldstart|move: Electric Terrain|[from] ability: Hadron Engine|[of] p1b: Miraidon\n|turn|8\n|-message|kojimuranishi forfeited.\n|\n|win|merzeory\n|raw|merzeory's rating: 1391 &rarr; <strong>1418</strong><br />(+27 for winning)\n|raw|kojimuranishi's rating: 1515 &rarr; <strong>1488</strong><br />(-27 for losing)\n|l|\u2606kojimuranishi\n|player|p2|\n|l|\u2606merzeory\n|player|p1|\n","uploadtime":1768574889,"views":21,"formatid":"gen9vgc2026regi","rating":1418,"private":0,"password":null}