{"id":"gen9vgc2026regi-2524670773","format":"[Gen 9] VGC 2026 Reg I","players":["Baneacuda4rc","ky123456"],"log":"|j|\u2606Baneacuda4rc\n|j|\u2606ky123456\n|t:|1769182097\n|gametype|doubles\n|player|p1|Baneacuda4rc|gambler|1177\n|player|p2|ky123456|cynthia-gen4|1360\n|gen|9\n|tier|[Gen 9] VGC 2026 Reg I\n|rated|\n|rule|Species Clause: Limit one of each Pok\u00e9mon\n|rule|Item Clause: Limit 1 of each item\n|clearpoke\n|poke|p1|Groudon, L50|\n|poke|p1|Brute Bonnet, L50|\n|poke|p1|Entei, L50|\n|poke|p1|Ceruledge, L50, F|\n|poke|p1|Tauros-Paldea-Aqua, L50, M|\n|poke|p1|Iron Valiant, L50|\n|poke|p2|Lunala, L50|\n|poke|p2|Miraidon, L50|\n|poke|p2|Whimsicott, L50, M|\n|poke|p2|Ursaluna, L50, M|\n|poke|p2|Urshifu-*, L50, M|\n|poke|p2|Incineroar, L50, M|\n|teampreview|4\n|\n|t:|1769182151\n|teamsize|p1|4\n|teamsize|p2|4\n|start\n|switch|p1a: Groudon|Groudon, L50|100/100\n|switch|p1b: Tauros|Tauros-Paldea-Aqua, L50, M|100/100\n|switch|p2a: Miraidon|Miraidon, L50|100/100\n|switch|p2b: Whimsicott|Whimsicott, L50, M, shiny|100/100\n|-fieldstart|move: Electric Terrain|[from] ability: Hadron Engine|[of] p2a: Miraidon\n|-ability|p1b: Tauros|Intimidate|boost\n|-unboost|p2a: Miraidon|atk|1\n|-unboost|p2b: Whimsicott|atk|1\n|-weather|SunnyDay|[from] ability: Drought|[of] p1a: Groudon\n|turn|1\n|\n|t:|1769182175\n|move|p2a: Miraidon|Protect|p2a: Miraidon\n|-singleturn|p2a: Miraidon|Protect\n|move|p1b: Tauros|Protect|p1b: Tauros\n|-singleturn|p1b: Tauros|Protect\n|move|p2b: Whimsicott|Tailwind|p2b: Whimsicott\n|-sidestart|p2: ky123456|move: Tailwind\n|move|p1a: Groudon|Precipice Blades|p2b: Whimsicott|[spread] p2b\n|-activate|p2a: Miraidon|move: Protect\n|-resisted|p2b: Whimsicott\n|-crit|p2b: Whimsicott\n|-damage|p2b: Whimsicott|48/100\n|\n|-weather|SunnyDay|[upkeep]\n|upkeep\n|turn|2\n|\n|t:|1769182202\n|move|p2a: Miraidon|Volt Switch|p1b: Tauros\n|-supereffective|p1b: Tauros\n|-damage|p1b: Tauros|0 fnt\n|faint|p1b: Tauros\n|-damage|p2a: Miraidon|91/100|[from] item: Life Orb\n|\n|t:|1769182212\n|switch|p2a: Lunala|Lunala, L50|100/100|[from] Volt Switch\n|-enditem|p2a: Lunala|Electric Seed\n|-boost|p2a: Lunala|def|1|[from] item: Electric Seed\n|move|p2b: Whimsicott|Moonblast|p1a: Groudon\n|-damage|p1a: Groudon|78/100\n|-unboost|p1a: Groudon|spa|1\n|move|p1a: Groudon|Precipice Blades|p2a: Lunala|[spread] p2a,p2b\n|-resisted|p2b: Whimsicott\n|-damage|p2a: Lunala|86/100\n|-damage|p2b: Whimsicott|14/100\n|\n|-weather|SunnyDay|[upkeep]\n|upkeep\n|\n|t:|1769182227\n|switch|p1b: Ceruledge|Ceruledge, L50, F|100/100\n|turn|3\n|\n|t:|1769182245\n|-terastallize|p2a: Lunala|Fairy\n|move|p1b: Ceruledge|Shadow Sneak|p2b: Whimsicott\n|-damage|p2b: Whimsicott|0 fnt\n|faint|p2b: Whimsicott\n|-damage|p1b: Ceruledge|90/100|[from] item: Life Orb\n|move|p2a: Lunala|Moongeist Beam|p1b: Ceruledge\n|-supereffective|p1b: Ceruledge\n|-damage|p1b: Ceruledge|0 fnt\n|faint|p1b: Ceruledge\n|move|p1a: Groudon|Crunch|p2a: Lunala\n|-resisted|p2a: Lunala\n|-damage|p2a: Lunala|78/100\n|\n|-weather|SunnyDay|[upkeep]\n|upkeep\n|\n|t:|1769182262\n|switch|p2b: Urshifu|Urshifu-Rapid-Strike, L50, M|100/100\n|switch|p1b: Iron Valiant|Iron Valiant, L50|100/100\n|-activate|p1b: Iron Valiant|ability: Quark Drive\n|-start|p1b: Iron Valiant|quarkdrivespe\n|turn|4\n|\n|t:|1769182280\n|-terastallize|p1a: Groudon|Ground\n|move|p2b: Urshifu|Surging Strikes|p1a: Groudon\n|-supereffective|p1a: Groudon\n|-crit|p1a: Groudon\n|-damage|p1a: Groudon|53/100\n|-supereffective|p1a: Groudon\n|-crit|p1a: Groudon\n|-damage|p1a: Groudon|29/100\n|-supereffective|p1a: Groudon\n|-crit|p1a: Groudon\n|-damage|p1a: Groudon|2/100\n|-hitcount|p1a: Groudon|3\n|move|p1b: Iron Valiant|Spirit Break|p2a: Lunala\n|-damage|p2a: Lunala|56/100\n|-unboost|p2a: Lunala|spa|1\n|move|p2a: Lunala|Moonblast|p1b: Iron Valiant\n|-supereffective|p1b: Iron Valiant\n|-damage|p1b: Iron Valiant|0 fnt\n|faint|p1b: Iron Valiant\n|-end|p1b: Iron Valiant|Quark Drive|[silent]\n|move|p1a: Groudon|Precipice Blades|p2b: Urshifu|[spread] p2a,p2b\n|-damage|p2a: Lunala|18/100\n|-damage|p2b: Urshifu|22/100\n|\n|-weather|SunnyDay|[upkeep]\n|-sideend|p2: ky123456|move: Tailwind\n|upkeep\n|turn|5\n|l|\u2606ky123456\n|player|p2|\n|-message|Baneacuda4rc forfeited.\n|\n|win|ky123456\n|raw|Baneacuda4rc's rating: 1177 &rarr; <strong>1164</strong><br />(-13 for losing)\n|raw|ky123456's rating: 1360 &rarr; <strong>1370</strong><br />(+10 for winning)\n|l|\u2606Baneacuda4rc\n|player|p1|\n|j|\u2606ky123456\n|player|p2|ky123456|cynthia-gen4|\n|l|\u2606ky123456\n|player|p2|\n","uploadtime":1769182567,"views":11,"formatid":"gen9vgc2026regi","rating":1164,"private":0,"password":null}