{"id":"gen9vgc2026regi-2541171330","format":"[Gen 9] VGC 2026 Reg I","players":["adjnorr","EllenJoe2026"],"log":"|j|\u2606adjnorr\n|j|\u2606EllenJoe2026\n|t:|1771293999\n|gametype|doubles\n|player|p1|adjnorr|170|1392\n|player|p2|EllenJoe2026|iono|1513\n|gen|9\n|tier|[Gen 9] VGC 2026 Reg I\n|rated|\n|rule|Species Clause: Limit one of each Pok\u00e9mon\n|rule|Item Clause: Limit 1 of each item\n|clearpoke\n|poke|p1|Miraidon, L50|\n|poke|p1|Calyrex-Ice, L50|\n|poke|p1|Ogerpon-Hearthflame, L50, F|\n|poke|p1|Iron Hands, L50|\n|poke|p1|Farigiraf, L50, F|\n|poke|p1|Urshifu-*, L50, M|\n|poke|p2|Calyrex-Ice, L50|\n|poke|p2|Miraidon, L50|\n|poke|p2|Tornadus, L50, M|\n|poke|p2|Urshifu-*, L50, F|\n|poke|p2|Indeedee-F, L50, F|\n|poke|p2|Iron Hands, L50|\n|teampreview|4\n|inactive|Battle timer is ON: inactive players will automatically lose when time's up. (requested by EllenJoe2026)\n|\n|t:|1771294017\n|teamsize|p1|4\n|teamsize|p2|4\n|start\n|switch|p1a: Farigiraf|Farigiraf, L50, F|100/100\n|switch|p1b: Calyrex|Calyrex-Ice, L50|100/100\n|switch|p2a: Calyrex|Calyrex-Ice, L50|100/100\n|switch|p2b: Indeedee|Indeedee-F, L50, F, shiny|100/100\n|-ability|p2a: Calyrex|As One\n|-ability|p2a: Calyrex|Unnerve\n|-ability|p1b: Calyrex|As One\n|-ability|p1b: Calyrex|Unnerve\n|-fieldstart|move: Psychic Terrain|[from] ability: Psychic Surge|[of] p2b: Indeedee\n|turn|1\n|\n|t:|1771294037\n|-terastallize|p2a: Calyrex|Grass\n|move|p1a: Farigiraf|Helping Hand|p1b: Calyrex\n|-singleturn|p1b: Calyrex|Helping Hand|[of] p1a: Farigiraf\n|move|p2b: Indeedee|Shadow Ball|p1b: Calyrex\n|-supereffective|p1b: Calyrex\n|-damage|p1b: Calyrex|74/100\n|move|p2a: Calyrex|Imprison|p2a: Calyrex\n|-start|p2a: Calyrex|move: Imprison\n|cant|p1b: Calyrex|move: Imprison|Glacial Lance\n|\n|upkeep\n|turn|2\n|inactive|adjnorr has 30 seconds left.\n|\n|t:|1771294072\n|switch|p1b: Iron Hands|Iron Hands, L50|100/100\n|move|p2b: Indeedee|Helping Hand|p2a: Calyrex\n|-singleturn|p2a: Calyrex|Helping Hand|[of] p2b: Indeedee\n|move|p2a: Calyrex|Glacial Lance|p1b: Iron Hands|[spread] p1a,p1b\n|-damage|p1a: Farigiraf|38/100\n|-damage|p1b: Iron Hands|45/100\n|move|p1a: Farigiraf|Psychic|p2a: Calyrex\n|-damage|p2a: Calyrex|72/100\n|\n|upkeep\n|turn|3\n|inactive|adjnorr has 30 seconds left.\n|inactive|EllenJoe2026 has 30 seconds left.\n|\n|t:|1771294104\n|switch|p2b: Miraidon|Miraidon, L50, shiny|100/100\n|-fieldstart|move: Electric Terrain|[from] ability: Hadron Engine|[of] p2b: Miraidon\n|-enditem|p1a: Farigiraf|Electric Seed\n|-boost|p1a: Farigiraf|def|1|[from] item: Electric Seed\n|-activate|p1b: Iron Hands|ability: Quark Drive\n|-start|p1b: Iron Hands|quarkdriveatk\n|switch|p1a: Miraidon|Miraidon, L50|100/100\n|-activate|p1a: Miraidon|ability: Hadron Engine\n|move|p1b: Iron Hands|Fake Out|p2a: Calyrex\n|-crit|p2a: Calyrex\n|-damage|p2a: Calyrex|53/100\n|cant|p2a: Calyrex|flinch\n|\n|upkeep\n|turn|4\n|\n|t:|1771294127\n|switch|p2b: Indeedee|Indeedee-F, L50, F, shiny|100/100\n|-fieldstart|move: Psychic Terrain|[from] ability: Psychic Surge|[of] p2b: Indeedee\n|-end|p1b: Iron Hands|Quark Drive\n|-terastallize|p1a: Miraidon|Fairy\n|move|p1a: Miraidon|Dazzling Gleam|p2a: Calyrex|[spread] p2a,p2b\n|-damage|p2a: Calyrex|20/100\n|-damage|p2b: Indeedee|47/100\n|-enditem|p2b: Indeedee|Eject Button\n|\n|t:|1771294139\n|switch|p2b: Urshifu|Urshifu-Rapid-Strike, L50, F|100/100\n|move|p2a: Calyrex|Glacial Lance|p1b: Iron Hands|[spread] p1a,p1b\n|-damage|p1a: Miraidon|51/100\n|-damage|p1b: Iron Hands|8/100\n|move|p1b: Iron Hands|Low Kick|p2a: Calyrex\n|-damage|p2a: Calyrex|0 fnt\n|faint|p2a: Calyrex\n|\n|upkeep\n|\n|t:|1771294150\n|switch|p2a: Miraidon|Miraidon, L50, shiny|100/100\n|-fieldstart|move: Electric Terrain|[from] ability: Hadron Engine|[of] p2a: Miraidon\n|-activate|p1b: Iron Hands|ability: Quark Drive\n|-start|p1b: Iron Hands|quarkdriveatk\n|turn|5\n|\n|t:|1771294170\n|move|p2b: Urshifu|Aqua Jet|p1a: Miraidon\n|-damage|p1a: Miraidon|24/100\n|move|p2a: Miraidon|Volt Switch|p1a: Miraidon\n|-damage|p1a: Miraidon|0 fnt\n|faint|p1a: Miraidon\n|\n|t:|1771294177\n|switch|p2a: Indeedee|Indeedee-F, L50, F, shiny|47/100|[from] Volt Switch\n|-fieldstart|move: Psychic Terrain|[from] ability: Psychic Surge|[of] p2a: Indeedee\n|-end|p1b: Iron Hands|Quark Drive\n|move|p1b: Iron Hands|Low Kick|p2a: Indeedee\n|-damage|p2a: Indeedee|10/100\n|\n|upkeep\n|\n|t:|1771294185\n|switch|p1a: Calyrex|Calyrex-Ice, L50|74/100\n|-ability|p1a: Calyrex|As One\n|-ability|p1a: Calyrex|Unnerve\n|turn|6\n|inactive|EllenJoe2026 has 30 seconds left.\n|inactive|EllenJoe2026 has 20 seconds left.\n|inactive|EllenJoe2026 has 15 seconds left.\n|inactive|EllenJoe2026 has 10 seconds left.\n|\n|t:|1771294235\n|switch|p2a: Miraidon|Miraidon, L50, shiny|100/100\n|-fieldstart|move: Electric Terrain|[from] ability: Hadron Engine|[of] p2a: Miraidon\n|-activate|p1b: Iron Hands|ability: Quark Drive\n|-start|p1b: Iron Hands|quarkdriveatk\n|-end|p1b: Iron Hands|Quark Drive|[silent]\n|switch|p1b: Farigiraf|Farigiraf, L50, F|38/100\n|move|p2b: Urshifu|Aqua Jet||[still]\n|cant|p1b: Farigiraf|ability: Armor Tail|Aqua Jet|[of] p2b: Urshifu\n|move|p1a: Calyrex|Glacial Lance|p2a: Miraidon|[spread] p2a,p2b\n|-supereffective|p2a: Miraidon\n|-resisted|p2b: Urshifu\n|-damage|p2a: Miraidon|2/100\n|-damage|p2b: Urshifu|73/100\n|\n|upkeep\n|turn|7\n|\n|t:|1771294255\n|switch|p2b: Indeedee|Indeedee-F, L50, F, shiny|10/100\n|-fieldstart|move: Psychic Terrain|[from] ability: Psychic Surge|[of] p2b: Indeedee\n|move|p2a: Miraidon|Volt Switch|p1a: Calyrex\n|-damage|p1a: Calyrex|35/100\n|\n|t:|1771294262\n|switch|p2a: Urshifu|Urshifu-Rapid-Strike, L50, F|73/100|[from] Volt Switch\n|move|p1b: Farigiraf|Psychic|p2b: Indeedee\n|-resisted|p2b: Indeedee\n|-damage|p2b: Indeedee|0 fnt\n|faint|p2b: Indeedee\n|move|p1a: Calyrex|Glacial Lance|p2a: Urshifu\n|-resisted|p2a: Urshifu\n|-damage|p2a: Urshifu|35/100\n|\n|upkeep\n|\n|t:|1771294264\n|switch|p2b: Miraidon|Miraidon, L50, shiny|2/100\n|-fieldstart|move: Electric Terrain|[from] ability: Hadron Engine|[of] p2b: Miraidon\n|turn|8\n|\n|t:|1771294282\n|move|p2b: Miraidon|Electro Drift|p1a: Calyrex\n|-damage|p1a: Calyrex|0 fnt\n|faint|p1a: Calyrex\n|move|p2a: Urshifu|Surging Strikes|p1b: Farigiraf\n|-crit|p1b: Farigiraf\n|-damage|p1b: Farigiraf|16/100\n|-crit|p1b: Farigiraf\n|-damage|p1b: Farigiraf|0 fnt\n|faint|p1b: Farigiraf\n|-hitcount|p1: Farigiraf|2\n|\n|upkeep\n|\n|t:|1771294287\n|switch|p1b: Iron Hands|Iron Hands, L50|8/100\n|-activate|p1b: Iron Hands|ability: Quark Drive\n|-start|p1b: Iron Hands|quarkdriveatk\n|turn|9\n|\n|t:|1771294295\n|move|p1b: Iron Hands|Fake Out|p2b: Miraidon\n|-damage|p2b: Miraidon|0 fnt\n|faint|p2b: Miraidon\n|move|p2a: Urshifu|Surging Strikes|p1b: Iron Hands\n|-crit|p1b: Iron Hands\n|-damage|p1b: Iron Hands|0 fnt\n|faint|p1b: Iron Hands\n|-end|p1b: Iron Hands|Quark Drive|[silent]\n|-hitcount|p1: Iron Hands|1\n|\n|win|EllenJoe2026\n|raw|adjnorr's rating: 1392 &rarr; <strong>1379</strong><br />(-13 for losing)\n|raw|EllenJoe2026's rating: 1513 &rarr; <strong>1526</strong><br />(+13 for winning)\n|j| jiuhaili\n|l|\u2606EllenJoe2026\n|player|p2|\n|l|\u2606adjnorr\n|player|p1|\n","uploadtime":1771294426,"views":31,"formatid":"gen9vgc2026regi","rating":1379,"private":0,"password":null}