{"id":"gen9vgc2026regi-2568655871","format":"[Gen 9] VGC 2026 Reg I","players":["sunny_zong2","DoooofyRoooofy"],"log":"|j|\u2606sunny_zong2\n|j|\u2606DoooofyRoooofy\n|t:|1774610515\n|gametype|doubles\n|player|p1|sunny_zong2|170|1186\n|player|p2|DoooofyRoooofy|harlequin|1228\n|gen|9\n|tier|[Gen 9] VGC 2026 Reg I\n|rated|\n|rule|Species Clause: Limit one of each Pok\u00e9mon\n|rule|Item Clause: Limit 1 of each item\n|clearpoke\n|poke|p1|Typhlosion-Hisui, L50, M|\n|poke|p1|Calyrex-Shadow, L50|\n|poke|p1|Iron Valiant, L50|\n|poke|p1|Miraidon, L50|\n|poke|p1|Farigiraf, L50, F|\n|poke|p1|Whimsicott, L50, F|\n|poke|p2|Necrozma-Dusk-Mane, L50|\n|poke|p2|Eternatus, L50|\n|poke|p2|Grimmsnarl, L50, M|\n|poke|p2|Ogerpon, L50, F|\n|poke|p2|Primarina, L50, M|\n|poke|p2|Pelipper, L50, F|\n|teampreview|4\n|inactive|Battle timer is ON: inactive players will automatically lose when time's up. (requested by sunny_zong2)\n|inactive|sunny_zong2 has 60 seconds left.\n|inactive|DoooofyRoooofy has 60 seconds left.\n|\n|t:|1774610552\n|teamsize|p1|4\n|teamsize|p2|4\n|start\n|switch|p1a: Calyrex|Calyrex-Shadow, L50|100/100\n|switch|p1b: Typhlosion|Typhlosion-Hisui, L50, M|100/100\n|switch|p2a: Grimmsnarl|Grimmsnarl, L50, M|100/100\n|switch|p2b: Ogerpon|Ogerpon, L50, F|100/100\n|-ability|p1a: Calyrex|As One\n|-ability|p1a: Calyrex|Unnerve\n|-item|p2a: Grimmsnarl|Light Clay|[from] ability: Frisk|[of] p1b: Typhlosion\n|-item|p2b: Ogerpon|Life Orb|[from] ability: Frisk|[of] p1b: Typhlosion\n|turn|1\n|\n|t:|1774610569\n|-terastallize|p1a: Calyrex|Ghost\n|move|p2b: Ogerpon|Spiky Shield|p2b: Ogerpon\n|-singleturn|p2b: Ogerpon|move: Protect\n|move|p2a: Grimmsnarl|Light Screen|p2a: Grimmsnarl\n|-sidestart|p2: DoooofyRoooofy|move: Light Screen\n|move|p1a: Calyrex|Astral Barrage|p2b: Ogerpon|[spread] p2a\n|-activate|p2b: Ogerpon|move: Protect\n|-resisted|p2a: Grimmsnarl\n|-damage|p2a: Grimmsnarl|76/100\n|-damage|p1a: Calyrex|91/100|[from] item: Life Orb\n|move|p1b: Typhlosion|Eruption|p2a: Grimmsnarl|[spread] p2a\n|-activate|p2b: Ogerpon|move: Protect\n|-crit|p2a: Grimmsnarl\n|-damage|p2a: Grimmsnarl|0 fnt\n|faint|p2a: Grimmsnarl\n|\n|upkeep\n|\n|t:|1774610587\n|switch|p2a: Pelipper|Pelipper, L50, F|100/100\n|-weather|RainDance|[from] ability: Drizzle|[of] p2a: Pelipper\n|turn|2\n|\n|t:|1774610605\n|move|p2a: Pelipper|Wide Guard|p2a: Pelipper\n|-singleturn|p2a: Pelipper|Wide Guard\n|move|p1a: Calyrex|Encore|p2b: Ogerpon\n|-start|p2b: Ogerpon|Encore\n|move|p2b: Ogerpon|Spiky Shield||[still]\n|-fail|p2b: Ogerpon\n|move|p1b: Typhlosion|Substitute|p1b: Typhlosion\n|-start|p1b: Typhlosion|Substitute\n|-damage|p1b: Typhlosion|76/100\n|\n|-weather|RainDance|[upkeep]\n|upkeep\n|turn|3\n|\n|t:|1774610618\n|move|p2b: Ogerpon|Spiky Shield|p2b: Ogerpon\n|-singleturn|p2b: Ogerpon|move: Protect\n|move|p1a: Calyrex|Encore|p2a: Pelipper\n|-start|p2a: Pelipper|Encore\n|move|p1b: Typhlosion|Shadow Ball|p2a: Pelipper\n|-crit|p2a: Pelipper\n|-damage|p2a: Pelipper|20/100\n|move|p2a: Pelipper|Wide Guard||[still]\n|-fail|p2a: Pelipper\n|\n|-weather|RainDance|[upkeep]\n|upkeep\n|turn|4\n|\n|t:|1774610630\n|move|p2b: Ogerpon|Spiky Shield||[still]\n|-fail|p2b: Ogerpon\n|move|p2a: Pelipper|Wide Guard|p2a: Pelipper\n|-singleturn|p2a: Pelipper|Wide Guard\n|move|p1a: Calyrex|Expanding Force|p2a: Pelipper\n|-damage|p2a: Pelipper|0 fnt\n|faint|p2a: Pelipper\n|-ability|p1a: Calyrex|Grim Neigh|boost\n|-boost|p1a: Calyrex|spa|1\n|-damage|p1a: Calyrex|81/100|[from] item: Life Orb\n|move|p1b: Typhlosion|Shadow Ball|p2b: Ogerpon\n|-damage|p2b: Ogerpon|68/100\n|\n|-weather|RainDance|[upkeep]\n|-end|p2b: Ogerpon|Encore\n|upkeep\n|\n|t:|1774610643\n|switch|p2a: Necrozma|Necrozma-Dusk-Mane, L50|100/100\n|turn|5\n|\n|t:|1774610652\n|-terastallize|p2b: Ogerpon|Grass\n|detailschange|p2b: Ogerpon|Ogerpon-Teal-Tera, L50, F, tera:Grass\n|-ability|p2b: Ogerpon|Embody Aspect (Teal)|boost\n|-boost|p2b: Ogerpon|spe|1\n|move|p2b: Ogerpon|Ivy Cudgel|p1a: Calyrex\n|-damage|p1a: Calyrex|0 fnt\n|faint|p1a: Calyrex\n|-damage|p2b: Ogerpon|59/100|[from] item: Life Orb\n|move|p1b: Typhlosion|Eruption|p2b: Ogerpon|[spread] p2a,p2b\n|-supereffective|p2a: Necrozma\n|-crit|p2a: Necrozma\n|-supereffective|p2b: Ogerpon\n|-damage|p2a: Necrozma|54/100\n|-damage|p2b: Ogerpon|22/100\n|move|p2a: Necrozma|Sunsteel Strike|p1b: Typhlosion\n|-resisted|p1b: Typhlosion\n|-end|p1b: Typhlosion|Substitute\n|\n|-weather|RainDance|[upkeep]\n|upkeep\n|\n|t:|1774610659\n|switch|p1a: Whimsicott|Whimsicott, L50, F|100/100\n|turn|6\n|\n|t:|1774610669\n|move|p1a: Whimsicott|Tailwind|p1a: Whimsicott\n|-sidestart|p1: sunny_zong2|move: Tailwind\n|move|p1b: Typhlosion|Eruption|p2b: Ogerpon|[spread] p2a,p2b\n|-supereffective|p2a: Necrozma\n|-supereffective|p2b: Ogerpon\n|-damage|p2a: Necrozma|33/100\n|-damage|p2b: Ogerpon|0 fnt\n|faint|p2b: Ogerpon\n|detailschange|p2: Ogerpon|Ogerpon, L50, F|[silent]\n|move|p2a: Necrozma|Sunsteel Strike|p1a: Whimsicott\n|-supereffective|p1a: Whimsicott\n|-crit|p1a: Whimsicott\n|-damage|p1a: Whimsicott|0 fnt\n|faint|p1a: Whimsicott\n|\n|-weather|RainDance|[upkeep]\n|upkeep\n|\n|t:|1774610671\n|switch|p1a: Miraidon|Miraidon, L50|100/100\n|-fieldstart|move: Electric Terrain|[from] ability: Hadron Engine|[of] p1a: Miraidon\n|turn|7\n|\n|t:|1774610681\n|move|p1a: Miraidon|Electro Drift|p2a: Necrozma\n|-damage|p2a: Necrozma|0 fnt\n|faint|p2a: Necrozma\n|\n|win|sunny_zong2\n|raw|sunny_zong2's rating: 1204 &rarr; <strong>1231</strong><br />(+27 for winning)\n|raw|DoooofyRoooofy's rating: 1228 &rarr; <strong>1201</strong><br />(-27 for losing)\n|l|\u2606DoooofyRoooofy\n|player|p2|\n|l|\u2606sunny_zong2\n|player|p1|\n","uploadtime":1774610873,"views":10,"formatid":"gen9vgc2026regi","rating":1201,"private":0,"password":null}