{"id":"gen9vgc2026regi-2567865340","format":"[Gen 9] VGC 2026 Reg I","players":["swordsdanceurshifu","Jerald Jimes"],"log":"|j|\u2606swordsdanceurshifu\n|j|\u2606Jerald Jimes\n|t:|1774528742\n|gametype|doubles\n|player|p1|swordsdanceurshifu|169|1428\n|player|p2|Jerald Jimes|turo|1461\n|gen|9\n|tier|[Gen 9] VGC 2026 Reg I\n|rated|\n|rule|Species Clause: Limit one of each Pok\u00e9mon\n|rule|Item Clause: Limit 1 of each item\n|clearpoke\n|poke|p1|Miraidon, L50|\n|poke|p1|Calyrex-Ice, L50|\n|poke|p1|Dondozo, L50, M|\n|poke|p1|Tatsugiri-Droopy, L50, M|\n|poke|p1|Weezing-Galar, L50, F|\n|poke|p1|Incineroar, L50, M|\n|poke|p2|Chi-Yu, L50|\n|poke|p2|Calyrex-Shadow, L50|\n|poke|p2|Zamazenta-*, L50|\n|poke|p2|Whimsicott, L50, M|\n|poke|p2|Ogerpon-Cornerstone, L50, F|\n|poke|p2|Landorus, L50, M|\n|teampreview|4\n|inactive|Battle timer is ON: inactive players will automatically lose when time's up. (requested by swordsdanceurshifu)\n|inactive|swordsdanceurshifu has 60 seconds left.\n|inactive|Jerald Jimes has 60 seconds left.\n|\n|t:|1774528796\n|teamsize|p1|4\n|teamsize|p2|4\n|start\n|switch|p1a: Miraidon|Miraidon, L50|100/100\n|switch|p1b: Goobnut|Weezing-Galar, L50, F|100/100\n|switch|p2a: Landorus|Landorus, L50, M|100/100\n|switch|p2b: Zamazenta|Zamazenta-Crowned, L50|100/100\n|-ability|p1b: Goobnut|Neutralizing Gas\n|-block|p1a: Miraidon|item: Ability Shield\n|-fieldstart|move: Electric Terrain|[from] ability: Hadron Engine|[of] p1a: Miraidon\n|turn|1\n|inactive|Jerald Jimes has 30 seconds left.\n|inactive|swordsdanceurshifu has 30 seconds left.\n|\n|t:|1774528830\n|move|p1a: Miraidon|Draco Meteor|p2a: Landorus|[miss]\n|-miss|p1a: Miraidon|p2a: Landorus\n|move|p2b: Zamazenta|Body Press|p1a: Miraidon\n|-damage|p1a: Miraidon|52/100\n|move|p2a: Landorus|Taunt|p1b: Goobnut\n|-start|p1b: Goobnut|move: Taunt\n|cant|p1b: Goobnut|move: Taunt|Toxic Spikes\n|\n|upkeep\n|turn|2\n|\n|t:|1774528851\n|switch|p2a: Whimsicott|Whimsicott, L50, M|100/100\n|move|p1a: Miraidon|Draco Meteor|p2a: Whimsicott\n|-immune|p2a: Whimsicott\n|move|p2b: Zamazenta|Body Press|p1a: Miraidon\n|-damage|p1a: Miraidon|6/100\n|move|p1b: Goobnut|Dazzling Gleam|p2a: Whimsicott|[spread] p2a,p2b\n|-damage|p2a: Whimsicott|81/100\n|-damage|p2b: Zamazenta|88/100\n|\n|upkeep\n|turn|3\n|inactive|Jerald Jimes has 30 seconds left.\n|inactive|Jerald Jimes has 20 seconds left.\n|inactive|Jerald Jimes has 15 seconds left.\n|inactive|Jerald Jimes has 10 seconds left.\n|\n|t:|1774528897\n|move|p1a: Miraidon|Electro Drift|p2b: Zamazenta\n|-damage|p2b: Zamazenta|29/100\n|move|p2a: Whimsicott|Tailwind|p2a: Whimsicott\n|-sidestart|p2: Jerald Jimes|move: Tailwind\n|move|p2b: Zamazenta|Body Press|p1a: Miraidon\n|-damage|p1a: Miraidon|0 fnt\n|faint|p1a: Miraidon\n|move|p1b: Goobnut|Dazzling Gleam|p2b: Zamazenta|[spread] p2a,p2b\n|-damage|p2a: Whimsicott|62/100\n|-damage|p2b: Zamazenta|18/100\n|\n|-end|p1b: Goobnut|move: Taunt\n|upkeep\n|\n|t:|1774528910\n|switch|p1a: Sheist|Dondozo, L50, M|100/100\n|turn|4\n|\n|t:|1774528921\n|-end|p1b: Goobnut|ability: Neutralizing Gas\n|-ability|p2b: Zamazenta|Dauntless Shield|boost\n|-boost|p2b: Zamazenta|def|1\n|switch|p1b: Raw|Tatsugiri-Droopy, L50, M|100/100\n|-activate|p1b: Raw|ability: Commander|[of] p1a: Sheist\n|-boost|p1a: Sheist|atk|2\n|-boost|p1a: Sheist|spa|2\n|-boost|p1a: Sheist|spe|2\n|-boost|p1a: Sheist|def|2\n|-boost|p1a: Sheist|spd|2\n|move|p2a: Whimsicott|Fake Tears|p1a: Sheist\n|-unboost|p1a: Sheist|spd|2\n|move|p2b: Zamazenta|Behemoth Bash|p1b: Raw|[miss]\n|-miss|p2b: Zamazenta|p1b: Raw\n|move|p1a: Sheist|Order Up|p2b: Zamazenta\n|-resisted|p2b: Zamazenta\n|-damage|p2b: Zamazenta|8/100\n|-boost|p1a: Sheist|def|1\n|\n|upkeep\n|turn|5\n|-message|swordsdanceurshifu forfeited.\n|\n|win|Jerald Jimes\n|raw|swordsdanceurshifu's rating: 1428 &rarr; <strong>1410</strong><br />(-18 for losing)\n|raw|Jerald Jimes's rating: 1461 &rarr; <strong>1479</strong><br />(+18 for winning)\n|l|\u2606swordsdanceurshifu\n|player|p1|\n|l|\u2606Jerald Jimes\n|player|p2|\n","uploadtime":1774529153,"views":12,"formatid":"gen9vgc2026regi","rating":1410,"private":0,"password":null}