{"id":"gen9vgc2026regi-2541155350","format":"[Gen 9] VGC 2026 Reg I","players":["SEITA","palHunter"],"log":"|j|\u2606SEITA\n|j|\u2606palHunter\n|t:|1771292066\n|gametype|doubles\n|player|p1|SEITA|lucas-gen4pt|1556\n|player|p2|palHunter|dawn|1663\n|gen|9\n|tier|[Gen 9] VGC 2026 Reg I\n|rated|\n|rule|Species Clause: Limit one of each Pok\u00e9mon\n|rule|Item Clause: Limit 1 of each item\n|clearpoke\n|poke|p1|Zamazenta-*, L50|\n|poke|p1|Kyogre, L50|\n|poke|p1|Wo-Chien, L50|\n|poke|p1|Grimmsnarl, L50, M|\n|poke|p1|Rhyperior, L50, M|\n|poke|p1|Ditto, L50|\n|poke|p2|Miraidon, L50|\n|poke|p2|Amoonguss, L50, F|\n|poke|p2|Calyrex-Ice, L50|\n|poke|p2|Urshifu-*, L50, M|\n|poke|p2|Incineroar, L50, F|\n|poke|p2|Landorus, L50, M|\n|teampreview|4\n|\n|t:|1771292118\n|teamsize|p1|4\n|teamsize|p2|4\n|start\n|switch|p1a: Grimmsnarl|Grimmsnarl, L50, M|100/100\n|switch|p1b: Zamazenta|Zamazenta-Crowned, L50|100/100\n|switch|p2a: Landorus|Landorus, L50, M, shiny|100/100\n|switch|p2b: Miraidon|Miraidon, L50|100/100\n|-fieldstart|move: Electric Terrain|[from] ability: Hadron Engine|[of] p2b: Miraidon\n|-ability|p1b: Zamazenta|Dauntless Shield|boost\n|-boost|p1b: Zamazenta|def|1\n|turn|1\n|inactive|Battle timer is ON: inactive players will automatically lose when time's up. (requested by palHunter)\n|\n|t:|1771292150\n|switch|p2b: Amoonguss|Amoonguss, L50, F, shiny|100/100\n|-terastallize|p1b: Zamazenta|Grass\n|move|p1a: Grimmsnarl|Light Screen|p1a: Grimmsnarl\n|-sidestart|p1: SEITA|move: Light Screen\n|move|p1b: Zamazenta|Heavy Slam|p2a: Landorus\n|-damage|p2a: Landorus|53/100\n|move|p2a: Landorus|Sandsear Storm|p1b: Zamazenta|[spread] p1a,p1b\n|-resisted|p1b: Zamazenta\n|-damage|p1a: Grimmsnarl|52/100\n|-damage|p1b: Zamazenta|88/100\n|\n|upkeep\n|turn|2\n|inactive|SEITA has 30 seconds left.\n|inactive|palHunter has 30 seconds left.\n|inactive|SEITA has 20 seconds left.\n|inactive|palHunter has 20 seconds left.\n|inactive|SEITA has 15 seconds left.\n|inactive|palHunter has 15 seconds left.\n|inactive|SEITA has 10 seconds left.\n|\n|t:|1771292200\n|move|p1b: Zamazenta|Protect|p1b: Zamazenta\n|-singleturn|p1b: Zamazenta|Protect\n|move|p1a: Grimmsnarl|Parting Shot|p2a: Landorus\n|-unboost|p2a: Landorus|atk|1\n|-unboost|p2a: Landorus|spa|1\n|\n|t:|1771292205\n|switch|p1a: Kyogre|Kyogre, L50|100/100|[from] Parting Shot\n|-weather|RainDance|[from] ability: Drizzle|[of] p1a: Kyogre\n|move|p2a: Landorus|Sludge Bomb|p1b: Zamazenta\n|-activate|p1b: Zamazenta|move: Protect\n|move|p2b: Amoonguss|Spore|p1a: Kyogre\n|-activate|p1a: Kyogre|move: Electric Terrain\n|\n|-weather|RainDance|[upkeep]\n|upkeep\n|turn|3\n|\n|t:|1771292221\n|move|p2a: Landorus|Protect|p2a: Landorus\n|-singleturn|p2a: Landorus|Protect\n|move|p1b: Zamazenta|Body Press|p2a: Landorus\n|-activate|p2a: Landorus|move: Protect\n|move|p1a: Kyogre|Origin Pulse|p2b: Amoonguss|[spread] p2b\n|-activate|p2a: Landorus|move: Protect\n|-resisted|p2b: Amoonguss\n|-damage|p2b: Amoonguss|73/100\n|move|p2b: Amoonguss|Pollen Puff|p1b: Zamazenta\n|-supereffective|p1b: Zamazenta\n|-damage|p1b: Zamazenta|74/100\n|\n|-weather|RainDance|[upkeep]\n|upkeep\n|turn|4\n|inactive|SEITA has 30 seconds left.\n|\n|t:|1771292247\n|move|p2b: Amoonguss|Protect|p2b: Amoonguss\n|-singleturn|p2b: Amoonguss|Protect\n|move|p1b: Zamazenta|Body Press|p2a: Landorus\n|-resisted|p2a: Landorus\n|-damage|p2a: Landorus|22/100\n|move|p2a: Landorus|Sludge Bomb|p1b: Zamazenta\n|-supereffective|p1b: Zamazenta\n|-crit|p1b: Zamazenta\n|-damage|p1b: Zamazenta|0 fnt\n|faint|p1b: Zamazenta\n|move|p1a: Kyogre|Origin Pulse|p2a: Landorus|[spread] p2a\n|-activate|p2b: Amoonguss|move: Protect\n|-supereffective|p2a: Landorus\n|-damage|p2a: Landorus|0 fnt\n|faint|p2a: Landorus\n|\n|-weather|RainDance|[upkeep]\n|upkeep\n|\n|t:|1771292270\n|switch|p1b: Grimmsnarl|Grimmsnarl, L50, M|52/100\n|switch|p2a: Miraidon|Miraidon, L50|100/100\n|-activate|p2a: Miraidon|ability: Hadron Engine\n|turn|5\n|inactive|palHunter has 30 seconds left.\n|\n|t:|1771292301\n|switch|p2b: Calyrex|Calyrex-Ice, L50|100/100\n|-ability|p2b: Calyrex|As One\n|-ability|p2b: Calyrex|Unnerve\n|move|p1b: Grimmsnarl|Parting Shot|p2a: Miraidon\n|-unboost|p2a: Miraidon|atk|1\n|-unboost|p2a: Miraidon|spa|1\n|\n|t:|1771292309\n|switch|p1b: Rhyperior|Rhyperior, L50, M|100/100|[from] Parting Shot\n|move|p2a: Miraidon|Draco Meteor|p1a: Kyogre\n|-damage|p1a: Kyogre|72/100\n|-unboost|p2a: Miraidon|spa|2\n|move|p1a: Kyogre|Ice Beam|p2b: Calyrex\n|-resisted|p2b: Calyrex\n|-damage|p2b: Calyrex|91/100\n|\n|-weather|RainDance|[upkeep]\n|-heal|p1a: Kyogre|77/100|[from] item: Leftovers\n|-fieldend|move: Electric Terrain\n|upkeep\n|turn|6\n|inactive|SEITA has 30 seconds left.\n|\n|t:|1771292340\n|switch|p2a: Amoonguss|Amoonguss, L50, F, shiny|100/100\n|switch|p1b: Grimmsnarl|Grimmsnarl, L50, M|52/100\n|move|p2b: Calyrex|Protect|p2b: Calyrex\n|-singleturn|p2b: Calyrex|Protect\n|move|p1a: Kyogre|Origin Pulse|p2b: Calyrex|[spread] p2a\n|-activate|p2b: Calyrex|move: Protect\n|-resisted|p2a: Amoonguss\n|-damage|p2a: Amoonguss|72/100\n|\n|-weather|none\n|-heal|p1a: Kyogre|83/100|[from] item: Leftovers\n|upkeep\n|turn|7\n|inactive|SEITA has 30 seconds left.\n|\n|t:|1771292371\n|move|p1b: Grimmsnarl|Reflect|p1b: Grimmsnarl\n|-sidestart|p1: SEITA|Reflect\n|move|p1a: Kyogre|Ice Beam|p2a: Amoonguss\n|-supereffective|p2a: Amoonguss\n|-damage|p2a: Amoonguss|18/100\n|move|p2b: Calyrex|Glacial Lance|p1b: Grimmsnarl|[spread] p1a,p1b\n|-resisted|p1a: Kyogre\n|-damage|p1a: Kyogre|68/100\n|-damage|p1b: Grimmsnarl|24/100\n|move|p2a: Amoonguss|Spore|p1a: Kyogre\n|-status|p1a: Kyogre|slp|[from] move: Spore\n|\n|-heal|p1a: Kyogre|74/100 slp|[from] item: Leftovers\n|upkeep\n|turn|8\n|inactive|SEITA has 30 seconds left.\n|inactive|SEITA has 20 seconds left.\n|inactive|SEITA has 15 seconds left.\n|\n|t:|1771292413\n|move|p1b: Grimmsnarl|Parting Shot|p2b: Calyrex\n|-fail|p2b: Calyrex|unboost|[from] item: Clear Amulet|[of] p2b: Calyrex\n|cant|p1a: Kyogre|slp\n|move|p2b: Calyrex|Glacial Lance|p1b: Grimmsnarl|[spread] p1a,p1b\n|-resisted|p1a: Kyogre\n|-damage|p1a: Kyogre|59/100 slp\n|-damage|p1b: Grimmsnarl|0 fnt\n|faint|p1b: Grimmsnarl\n|-ability|p2b: Calyrex|Chilling Neigh|boost\n|-boost|p2b: Calyrex|atk|1\n|move|p2a: Amoonguss|Spore|p1a: Kyogre\n|-fail|p1a: Kyogre|slp\n|\n|-heal|p1a: Kyogre|65/100 slp|[from] item: Leftovers\n|-sideend|p1: SEITA|move: Light Screen\n|upkeep\n|\n|t:|1771292429\n|switch|p1b: Rhyperior|Rhyperior, L50, M|100/100\n|turn|9\n|\n|t:|1771292448\n|switch|p2a: Miraidon|Miraidon, L50|100/100\n|-fieldstart|move: Electric Terrain|[from] ability: Hadron Engine|[of] p2a: Miraidon\n|cant|p1a: Kyogre|slp\n|move|p1b: Rhyperior|Stone Edge|p2b: Calyrex\n|-supereffective|p2b: Calyrex\n|-damage|p2b: Calyrex|17/100\n|move|p2b: Calyrex|Glacial Lance|p1b: Rhyperior|[spread] p1a,p1b\n|-resisted|p1a: Kyogre\n|-supereffective|p1b: Rhyperior\n|-damage|p1a: Kyogre|43/100 slp\n|-damage|p1b: Rhyperior|18/100\n|\n|-heal|p1a: Kyogre|48/100 slp|[from] item: Leftovers\n|upkeep\n|turn|10\n|inactive|SEITA has 30 seconds left.\n|\n|t:|1771292474\n|move|p2b: Calyrex|Protect|p2b: Calyrex\n|-singleturn|p2b: Calyrex|Protect\n|move|p2a: Miraidon|Draco Meteor|p1b: Rhyperior\n|-damage|p1b: Rhyperior|0 fnt\n|-unboost|p2a: Miraidon|spa|2\n|faint|p1b: Rhyperior\n|-curestatus|p1a: Kyogre|slp|[msg]\n|move|p1a: Kyogre|Ice Beam|p2a: Miraidon\n|-supereffective|p2a: Miraidon\n|-damage|p2a: Miraidon|33/100\n|\n|-heal|p1a: Kyogre|54/100|[from] item: Leftovers\n|upkeep\n|turn|11\n|\n|t:|1771292491\n|switch|p2a: Amoonguss|Amoonguss, L50, F, shiny|51/100\n|move|p1a: Kyogre|Origin Pulse|p2b: Calyrex|[spread] p2a\n|-miss|p1a: Kyogre|p2b: Calyrex\n|-resisted|p2a: Amoonguss\n|-damage|p2a: Amoonguss|32/100\n|move|p2b: Calyrex|Glacial Lance|p1a: Kyogre\n|-resisted|p1a: Kyogre\n|-damage|p1a: Kyogre|22/100\n|\n|-heal|p1a: Kyogre|28/100|[from] item: Leftovers\n|upkeep\n|turn|12\n|-message|SEITA forfeited.\n|\n|win|palHunter\n|raw|SEITA's rating: 1556 &rarr; <strong>1542</strong><br />(-14 for losing)\n|raw|palHunter's rating: 1663 &rarr; <strong>1677</strong><br />(+14 for winning)\n|l|\u2606SEITA\n|player|p1|\n|l|\u2606palHunter\n|player|p2|\n","uploadtime":1771292644,"views":68,"formatid":"gen9vgc2026regi","rating":1542,"private":0,"password":null}