{"id":"gen9vgc2026regi-2552956036","format":"[Gen 9] VGC 2026 Reg I","players":["lalo's pollos","Cpt. Bubatz"],"log":"|j|\u2606lalo's pollos\n|j|\u2606Cpt. Bubatz\n|t:|1772775040\n|gametype|doubles\n|player|p1|lalo's pollos|102|1419\n|player|p2|Cpt. Bubatz|aaron|1323\n|gen|9\n|tier|[Gen 9] VGC 2026 Reg I\n|rated|\n|rule|Species Clause: Limit one of each Pok\u00e9mon\n|rule|Item Clause: Limit 1 of each item\n|clearpoke\n|poke|p1|Zamazenta-*, L50|\n|poke|p1|Lunala, L50|\n|poke|p1|Rillaboom, L50, M|\n|poke|p1|Incineroar, L50, F|\n|poke|p1|Urshifu-*, L50, F|\n|poke|p1|Tornadus, L50, M|\n|poke|p2|Koraidon, L50|\n|poke|p2|Calyrex-Ice, L50|\n|poke|p2|Maushold-Four, L50|\n|poke|p2|Chien-Pao, L50|\n|poke|p2|Farigiraf, L50, F|\n|poke|p2|Ursaluna-Bloodmoon, L50, M|\n|teampreview|4\n|\n|t:|1772775105\n|teamsize|p1|4\n|teamsize|p2|4\n|start\n|switch|p1a: Zamazenta|Zamazenta-Crowned, L50|100/100\n|switch|p1b: Incineroar|Incineroar, L50, F|100/100\n|switch|p2a: Calyrex|Calyrex-Ice, L50|100/100\n|switch|p2b: Ursaluna|Ursaluna-Bloodmoon, L50, M|100/100\n|-ability|p2a: Calyrex|As One\n|-ability|p2a: Calyrex|Unnerve\n|-ability|p1a: Zamazenta|Dauntless Shield|boost\n|-boost|p1a: Zamazenta|def|1\n|-ability|p1b: Incineroar|Intimidate|boost\n|-fail|p2a: Calyrex|unboost|[from] item: Clear Amulet|[of] p2a: Calyrex\n|-unboost|p2b: Ursaluna|atk|1\n|turn|1\n|\n|t:|1772775130\n|move|p2a: Calyrex|Protect|p2a: Calyrex\n|-singleturn|p2a: Calyrex|Protect\n|move|p1a: Zamazenta|Body Press|p2b: Ursaluna\n|-supereffective|p2b: Ursaluna\n|-damage|p2b: Ursaluna|0 fnt\n|faint|p2b: Ursaluna\n|move|p1b: Incineroar|Taunt|p2a: Calyrex\n|-activate|p2a: Calyrex|move: Protect\n|\n|upkeep\n|\n|t:|1772775138\n|switch|p2b: Koraidon|Koraidon, L50, shiny|100/100\n|-weather|SunnyDay|[from] ability: Orichalcum Pulse|[of] p2b: Koraidon\n|-activate|p2b: Koraidon|Orichalcum Pulse|[source]\n|turn|2\n|\n|t:|1772775158\n|-terastallize|p1a: Zamazenta|Water\n|move|p2b: Koraidon|Collision Course|p1b: Incineroar\n|-supereffective|p1b: Incineroar\n|-damage|p1b: Incineroar|0 fnt\n|faint|p1b: Incineroar\n|-damage|p2b: Koraidon|91/100|[from] item: Life Orb\n|move|p1a: Zamazenta|Body Press|p2b: Koraidon\n|-damage|p2b: Koraidon|27/100\n|move|p2a: Calyrex|High Horsepower|p1a: Zamazenta\n|-damage|p1a: Zamazenta|85/100\n|\n|-weather|SunnyDay|[upkeep]\n|upkeep\n|\n|t:|1772775170\n|switch|p1b: Tornadus|Tornadus, L50, M|100/100\n|turn|3\n|\n|t:|1772775180\n|move|p1a: Zamazenta|Wide Guard|p1a: Zamazenta\n|-singleturn|p1a: Zamazenta|Wide Guard\n|move|p2b: Koraidon|U-turn|p1b: Tornadus\n|-resisted|p1b: Tornadus\n|-damage|p1b: Tornadus|70/100\n|-damage|p2b: Koraidon|18/100|[from] item: Life Orb\n|\n|t:|1772775184\n|switch|p2b: Chien-Pao|Chien-Pao, L50, shiny|100/100|[from] U-turn\n|-ability|p2b: Chien-Pao|Sword of Ruin\n|move|p1b: Tornadus|Bleakwind Storm|p2b: Chien-Pao|[spread] p2a,p2b\n|-damage|p2a: Calyrex|72/100\n|-damage|p2b: Chien-Pao|36/100\n|-unboost|p2b: Chien-Pao|spe|1\n|move|p2a: Calyrex|Glacial Lance|p1b: Tornadus|[spread] \n|-activate|p1a: Zamazenta|move: Wide Guard\n|-activate|p1b: Tornadus|move: Wide Guard\n|\n|-weather|SunnyDay|[upkeep]\n|upkeep\n|turn|4\n|\n|t:|1772775207\n|switch|p1b: Urshifu|Urshifu-Rapid-Strike, L50, F|100/100\n|move|p1a: Zamazenta|Body Press|p2a: Calyrex\n|-damage|p2a: Calyrex|10/100\n|move|p2b: Chien-Pao|Ice Spinner|p1b: Urshifu\n|-resisted|p1b: Urshifu\n|-damage|p1b: Urshifu|72/100\n|move|p2a: Calyrex|Trick Room|p2a: Calyrex\n|-fieldstart|move: Trick Room|[of] p2a: Calyrex\n|\n|-weather|SunnyDay|[upkeep]\n|upkeep\n|turn|5\n|\n|t:|1772775222\n|move|p1b: Urshifu|Aqua Jet|p2a: Calyrex\n|-damage|p2a: Calyrex|0 fnt\n|faint|p2a: Calyrex\n|move|p2b: Chien-Pao|Throat Chop|p1a: Zamazenta\n|-damage|p1a: Zamazenta|64/100\n|-start|p1a: Zamazenta|Throat Chop|[silent]\n|move|p1a: Zamazenta|Body Press|p2b: Chien-Pao\n|-supereffective|p2b: Chien-Pao\n|-damage|p2b: Chien-Pao|0 fnt\n|faint|p2b: Chien-Pao\n|\n|-weather|SunnyDay|[upkeep]\n|upkeep\n|-message|Cpt. Bubatz forfeited.\n|\n|win|lalo's pollos\n|raw|lalo&apos;s pollos's rating: 1419 &rarr; <strong>1434</strong><br />(+15 for winning)\n|raw|Cpt. Bubatz's rating: 1323 &rarr; <strong>1308</strong><br />(-15 for losing)\n|l|\u2606Cpt. Bubatz\n|player|p2|\n|l|\u2606lalo's pollos\n|player|p1|\n","uploadtime":1772775403,"views":15,"formatid":"gen9vgc2026regi","rating":1308,"private":0,"password":null}