{"id":"gen9vgc2026regi-2582201066","format":"[Gen 9] VGC 2026 Reg I","players":["Sark RL","magoromon"],"log":"|j|\u2606Sark RL\n|j|\u2606magoromon\n|t:|1776070586\n|gametype|doubles\n|player|p1|Sark RL|rika|1546\n|player|p2|magoromon|lance|1586\n|gen|9\n|tier|[Gen 9] VGC 2026 Reg I\n|rated|\n|rule|Species Clause: Limit one of each Pok\u00e9mon\n|rule|Item Clause: Limit 1 of each item\n|clearpoke\n|poke|p1|Kyogre, L50|\n|poke|p1|Calyrex-Ice, L50|\n|poke|p1|Annihilape, L50, F|\n|poke|p1|Iron Jugulis, L50|\n|poke|p1|Rillaboom, L50, F|\n|poke|p1|Landorus, L50, M|\n|poke|p2|Kyogre, L50|\n|poke|p2|Calyrex-Ice, L50|\n|poke|p2|Rillaboom, L50, M|\n|poke|p2|Amoonguss, L50, M|\n|poke|p2|Urshifu-*, L50, F|\n|poke|p2|Flutter Mane, L50|\n|teampreview|4\n|\n|t:|1776070652\n|teamsize|p1|4\n|teamsize|p2|4\n|start\n|switch|p1a: Kyogre|Kyogre, L50|100/100\n|switch|p1b: Iron Jugulis|Iron Jugulis, L50|100/100\n|switch|p2a: Kyogre|Kyogre, L50|100/100\n|switch|p2b: Rillaboom|Rillaboom, L50, M|100/100\n|-fieldstart|move: Grassy Terrain|[from] ability: Grassy Surge|[of] p2b: Rillaboom\n|-weather|RainDance|[from] ability: Drizzle|[of] p2a: Kyogre\n|-enditem|p1b: Iron Jugulis|Booster Energy\n|-activate|p1b: Iron Jugulis|ability: Quark Drive|[fromitem]\n|-start|p1b: Iron Jugulis|quarkdrivespe\n|turn|1\n|\n|t:|1776070673\n|move|p1b: Iron Jugulis|Protect|p1b: Iron Jugulis\n|-singleturn|p1b: Iron Jugulis|Protect\n|move|p1a: Kyogre|Protect|p1a: Kyogre\n|-singleturn|p1a: Kyogre|Protect\n|move|p2b: Rillaboom|Wood Hammer|p1a: Kyogre\n|-activate|p1a: Kyogre|move: Protect\n|move|p2a: Kyogre|Water Spout|p1b: Iron Jugulis|[spread] \n|-activate|p1a: Kyogre|move: Protect\n|-activate|p1b: Iron Jugulis|move: Protect\n|\n|-weather|RainDance|[upkeep]\n|upkeep\n|turn|2\n|\n|t:|1776070695\n|-terastallize|p1a: Kyogre|Grass\n|move|p1b: Iron Jugulis|Tailwind|p1b: Iron Jugulis\n|-sidestart|p1: Sark RL|move: Tailwind\n|move|p1a: Kyogre|Water Spout|p2a: Kyogre|[spread] p2a,p2b\n|-resisted|p2a: Kyogre\n|-resisted|p2b: Rillaboom\n|-damage|p2a: Kyogre|60/100\n|-damage|p2b: Rillaboom|51/100\n|move|p2b: Rillaboom|Wood Hammer|p1a: Kyogre\n|-resisted|p1a: Kyogre\n|-damage|p1a: Kyogre|67/100\n|-damage|p2b: Rillaboom|39/100|[from] Recoil\n|move|p2a: Kyogre|Origin Pulse|p1a: Kyogre|[spread] \n|-miss|p2a: Kyogre|p1a: Kyogre\n|-miss|p2a: Kyogre|p1b: Iron Jugulis\n|\n|-weather|RainDance|[upkeep]\n|-heal|p1a: Kyogre|73/100|[from] Grassy Terrain\n|-heal|p2b: Rillaboom|46/100|[from] Grassy Terrain\n|-heal|p2a: Kyogre|66/100|[from] Grassy Terrain\n|upkeep\n|turn|3\n|\n|t:|1776070724\n|switch|p2a: Amoonguss|Amoonguss, L50, M|100/100\n|move|p1b: Iron Jugulis|Hurricane|p2b: Rillaboom\n|-supereffective|p2b: Rillaboom\n|-damage|p2b: Rillaboom|0 fnt\n|faint|p2b: Rillaboom\n|move|p1a: Kyogre|Thunder|p2a: Amoonguss\n|-resisted|p2a: Amoonguss\n|-damage|p2a: Amoonguss|81/100\n|\n|-weather|RainDance|[upkeep]\n|-heal|p1a: Kyogre|79/100|[from] Grassy Terrain\n|-heal|p2a: Amoonguss|87/100|[from] Grassy Terrain\n|upkeep\n|\n|t:|1776070740\n|switch|p2b: Calyrex|Calyrex-Ice, L50|100/100\n|-ability|p2b: Calyrex|As One\n|-ability|p2b: Calyrex|Unnerve\n|turn|4\n|\n|t:|1776070756\n|-terastallize|p2b: Calyrex|Fairy\n|move|p1b: Iron Jugulis|Hurricane|p2b: Calyrex\n|-damage|p2b: Calyrex|70/100\n|move|p1a: Kyogre|Water Spout|p2b: Calyrex|[spread] p2a,p2b\n|-resisted|p2a: Amoonguss\n|-damage|p2a: Amoonguss|51/100\n|-damage|p2b: Calyrex|15/100\n|move|p2b: Calyrex|Glacial Lance|p1a: Kyogre|[spread] p1a,p1b\n|-supereffective|p1a: Kyogre\n|-supereffective|p1b: Iron Jugulis\n|-damage|p1a: Kyogre|0 fnt\n|-damage|p1b: Iron Jugulis|3/100\n|faint|p1a: Kyogre\n|-ability|p2b: Calyrex|Chilling Neigh|boost\n|-boost|p2b: Calyrex|atk|1\n|move|p2a: Amoonguss|Pollen Puff|p2b: Calyrex\n|-heal|p2b: Calyrex|65/100\n|\n|-weather|RainDance|[upkeep]\n|-heal|p2b: Calyrex|71/100|[from] Grassy Terrain\n|-heal|p2b: Calyrex|77/100|[from] item: Leftovers\n|-heal|p2a: Amoonguss|57/100|[from] Grassy Terrain\n|upkeep\n|\n|t:|1776070768\n|switch|p1a: Calyrex|Calyrex-Ice, L50|100/100\n|-ability|p1a: Calyrex|As One\n|-ability|p1a: Calyrex|Unnerve\n|turn|5\n|\n|t:|1776070787\n|move|p2a: Amoonguss|Rage Powder|p2a: Amoonguss\n|-singleturn|p2a: Amoonguss|move: Rage Powder\n|move|p1b: Iron Jugulis|Hurricane|p2a: Amoonguss\n|-supereffective|p2a: Amoonguss\n|-damage|p2a: Amoonguss|0 fnt\n|faint|p2a: Amoonguss\n|move|p1a: Calyrex|Glacial Lance|p2b: Calyrex\n|-damage|p2b: Calyrex|36/100\n|move|p2b: Calyrex|Glacial Lance|p1a: Calyrex|[spread] p1a,p1b\n|-resisted|p1a: Calyrex\n|-supereffective|p1b: Iron Jugulis\n|-damage|p1a: Calyrex|80/100\n|-damage|p1b: Iron Jugulis|0 fnt\n|faint|p1b: Iron Jugulis\n|-end|p1b: Iron Jugulis|Quark Drive|[silent]\n|-ability|p2b: Calyrex|Chilling Neigh|boost\n|-boost|p2b: Calyrex|atk|1\n|\n|-weather|none\n|-heal|p1a: Calyrex|86/100|[from] Grassy Terrain\n|-heal|p1a: Calyrex|92/100|[from] item: Leftovers\n|-heal|p2b: Calyrex|42/100|[from] Grassy Terrain\n|-heal|p2b: Calyrex|47/100|[from] item: Leftovers\n|-sideend|p1: Sark RL|move: Tailwind\n|-fieldend|move: Grassy Terrain\n|upkeep\n|\n|t:|1776070797\n|switch|p1b: Rillaboom|Rillaboom, L50, F|100/100\n|switch|p2a: Kyogre|Kyogre, L50|66/100\n|-weather|RainDance|[from] ability: Drizzle|[of] p2a: Kyogre\n|-fieldstart|move: Grassy Terrain|[from] ability: Grassy Surge|[of] p1b: Rillaboom\n|turn|6\n|\n|t:|1776070857\n|move|p2a: Kyogre|Protect|p2a: Kyogre\n|-singleturn|p2a: Kyogre|Protect\n|move|p2b: Calyrex|Protect|p2b: Calyrex\n|-singleturn|p2b: Calyrex|Protect\n|move|p1b: Rillaboom|Wood Hammer|p2b: Calyrex\n|-activate|p2b: Calyrex|move: Protect\n|move|p1a: Calyrex|Glacial Lance|p2b: Calyrex|[spread] \n|-activate|p2a: Kyogre|move: Protect\n|-activate|p2b: Calyrex|move: Protect\n|\n|-weather|RainDance|[upkeep]\n|-heal|p2a: Kyogre|72/100|[from] Grassy Terrain\n|-heal|p1a: Calyrex|98/100|[from] Grassy Terrain\n|-heal|p1a: Calyrex|100/100|[from] item: Leftovers\n|-heal|p2b: Calyrex|53/100|[from] Grassy Terrain\n|-heal|p2b: Calyrex|59/100|[from] item: Leftovers\n|upkeep\n|turn|7\n|\n|t:|1776070878\n|move|p2a: Kyogre|Origin Pulse|p1a: Calyrex|[spread] p1a,p1b\n|-resisted|p1b: Rillaboom\n|-damage|p1a: Calyrex|43/100\n|-damage|p1b: Rillaboom|72/100\n|move|p1b: Rillaboom|Wood Hammer|p2b: Calyrex\n|-damage|p2b: Calyrex|18/100\n|-damage|p1b: Rillaboom|58/100|[from] Recoil\n|move|p1a: Calyrex|Glacial Lance|p2a: Kyogre|[spread] p2a,p2b\n|-resisted|p2a: Kyogre\n|-damage|p2a: Kyogre|44/100\n|-damage|p2b: Calyrex|0 fnt\n|faint|p2b: Calyrex\n|-ability|p1a: Calyrex|Chilling Neigh|boost\n|-boost|p1a: Calyrex|atk|1\n|\n|-weather|RainDance|[upkeep]\n|-heal|p2a: Kyogre|50/100|[from] Grassy Terrain\n|-heal|p1b: Rillaboom|64/100|[from] Grassy Terrain\n|-heal|p1a: Calyrex|49/100|[from] Grassy Terrain\n|-heal|p1a: Calyrex|55/100|[from] item: Leftovers\n|upkeep\n|turn|8\n|\n|t:|1776070901\n|move|p2a: Kyogre|Origin Pulse|p1b: Rillaboom|[spread] p1a,p1b\n|-resisted|p1b: Rillaboom\n|-damage|p1a: Calyrex|0 fnt\n|-damage|p1b: Rillaboom|33/100\n|faint|p1a: Calyrex\n|move|p1b: Rillaboom|Wood Hammer|p2a: Kyogre\n|-supereffective|p2a: Kyogre\n|-damage|p2a: Kyogre|0 fnt\n|faint|p2a: Kyogre\n|-damage|p1b: Rillaboom|19/100|[from] Recoil\n|\n|win|Sark RL\n|raw|Sark RL's rating: 1546 &rarr; <strong>1568</strong><br />(+22 for winning)\n|raw|magoromon's rating: 1586 &rarr; <strong>1564</strong><br />(-22 for losing)\n|l|\u2606magoromon\n|player|p2|\n","uploadtime":1776071059,"views":15,"formatid":"gen9vgc2026regi","rating":1564,"private":0,"password":null}