{"id":"gen9vgc2026regi-2553063140","format":"[Gen 9] VGC 2026 Reg I","players":["Simon0123","avarussurava"],"log":"|j|\u2606Simon0123\n|j|\u2606avarussurava\n|t:|1772793053\n|gametype|doubles\n|player|p1|Simon0123|benga|1326\n|player|p2|avarussurava|169|1332\n|gen|9\n|tier|[Gen 9] VGC 2026 Reg I\n|rated|\n|rule|Species Clause: Limit one of each Pok\u00e9mon\n|rule|Item Clause: Limit 1 of each item\n|clearpoke\n|poke|p1|Miraidon, L50|\n|poke|p1|Iron Bundle, L50|\n|poke|p1|Iron Hands, L50|\n|poke|p1|Chi-Yu, L50|\n|poke|p1|Tornadus, L50, M|\n|poke|p1|Ogerpon-Wellspring, L50, F|\n|poke|p2|Tyranitar, L50, F|\n|poke|p2|Kyogre, L50|\n|poke|p2|Zamazenta-*, L50|\n|poke|p2|Gastrodon, L50, F|\n|poke|p2|Sinistcha, L50|\n|poke|p2|Ceruledge, L50, F|\n|teampreview|4\n|inactive|Battle timer is ON: inactive players will automatically lose when time's up. (requested by Simon0123)\n|inactive|Simon0123 has 60 seconds left.\n|inactive|avarussurava has 60 seconds left.\n|inactive|avarussurava has 30 seconds left.\n|\n|t:|1772793117\n|teamsize|p1|4\n|teamsize|p2|4\n|start\n|switch|p1a: Miraidon|Miraidon, L50|100/100\n|switch|p1b: Ogerpon|Ogerpon-Wellspring, L50, F|100/100\n|switch|p2a: Zamazenta|Zamazenta-Crowned, L50|100/100\n|switch|p2b: Ceruledge|Ceruledge, L50, F|100/100\n|-fieldstart|move: Electric Terrain|[from] ability: Hadron Engine|[of] p1a: Miraidon\n|-ability|p2a: Zamazenta|Dauntless Shield|boost\n|-boost|p2a: Zamazenta|def|1\n|turn|1\n|\n|t:|1772793142\n|switch|p2b: Sinistcha|Sinistcha, L50|100/100\n|-terastallize|p1a: Miraidon|Electric\n|-terastallize|p2a: Zamazenta|Ground\n|move|p1a: Miraidon|Electro Drift|p2a: Zamazenta\n|-immune|p2a: Zamazenta\n|move|p1b: Ogerpon|Ivy Cudgel|p2b: Sinistcha|[anim] Ivy Cudgel Water\n|-resisted|p2b: Sinistcha\n|-damage|p2b: Sinistcha|72/100\n|move|p2a: Zamazenta|Body Press|p1b: Ogerpon\n|-damage|p1b: Ogerpon|13/100\n|\n|upkeep\n|turn|2\n|inactive|Simon0123 has 30 seconds left.\n|inactive|avarussurava has 30 seconds left.\n|\n|t:|1772793172\n|move|p1a: Miraidon|Electro Drift|p2b: Sinistcha\n|-resisted|p2b: Sinistcha\n|-damage|p2b: Sinistcha|0 fnt\n|faint|p2b: Sinistcha\n|move|p1b: Ogerpon|Ivy Cudgel|p2a: Zamazenta|[anim] Ivy Cudgel Water\n|-supereffective|p2a: Zamazenta\n|-damage|p2a: Zamazenta|49/100\n|move|p2a: Zamazenta|Body Press|p1a: Miraidon\n|-crit|p1a: Miraidon\n|-damage|p1a: Miraidon|0 fnt\n|faint|p1a: Miraidon\n|\n|upkeep\n|\n|t:|1772793187\n|switch|p1a: Iron Hands|Iron Hands, L50|100/100\n|switch|p2b: Ceruledge|Ceruledge, L50, F|100/100\n|-activate|p1a: Iron Hands|ability: Quark Drive\n|-start|p1a: Iron Hands|quarkdriveatk\n|turn|3\n|\n|t:|1772793197\n|move|p1a: Iron Hands|Fake Out|p2a: Zamazenta\n|-damage|p2a: Zamazenta|42/100\n|move|p2b: Ceruledge|Shadow Sneak|p1b: Ogerpon\n|-damage|p1b: Ogerpon|0 fnt\n|faint|p1b: Ogerpon\n|cant|p2a: Zamazenta|flinch\n|\n|upkeep\n|\n|t:|1772793203\n|switch|p1b: Chi-Yu|Chi-Yu, L50|100/100\n|-ability|p1b: Chi-Yu|Beads of Ruin\n|turn|4\n|\n|t:|1772793218\n|move|p1b: Chi-Yu|Dark Pulse|p2b: Ceruledge\n|-supereffective|p2b: Ceruledge\n|-damage|p2b: Ceruledge|0 fnt\n|faint|p2b: Ceruledge\n|move|p2a: Zamazenta|Body Press|p1b: Chi-Yu\n|-supereffective|p1b: Chi-Yu\n|-enditem|p1b: Chi-Yu|Focus Sash\n|-damage|p1b: Chi-Yu|1/100\n|move|p1a: Iron Hands|Drain Punch|p2a: Zamazenta\n|-damage|p2a: Zamazenta|18/100\n|\n|upkeep\n|\n|t:|1772793228\n|switch|p2b: Tyranitar|Tyranitar, L50, F|100/100\n|-weather|Sandstorm|[from] ability: Sand Stream|[of] p2b: Tyranitar\n|turn|5\n|\n|t:|1772793239\n|move|p1b: Chi-Yu|Dark Pulse|p2a: Zamazenta\n|-damage|p2a: Zamazenta|0 fnt\n|faint|p2a: Zamazenta\n|move|p2b: Tyranitar|Ice Punch|p1a: Iron Hands\n|-damage|p1a: Iron Hands|82/100\n|move|p1a: Iron Hands|Drain Punch|p2b: Tyranitar\n|-supereffective|p2b: Tyranitar\n|-damage|p2b: Tyranitar|0 fnt\n|-heal|p1a: Iron Hands|100/100|[from] drain|[of] p2b: Tyranitar\n|faint|p2b: Tyranitar\n|\n|win|Simon0123\n|raw|Simon0123's rating: 1326 &rarr; <strong>1346</strong><br />(+20 for winning)\n|raw|avarussurava's rating: 1332 &rarr; <strong>1312</strong><br />(-20 for losing)\n|l|\u2606Simon0123\n|player|p1|\n|l|\u2606avarussurava\n|player|p2|\n","uploadtime":1772793488,"views":16,"formatid":"gen9vgc2026regi","rating":1312,"private":0,"password":null}