{"id":"gen9vgc2026regi-2559447577","format":"[Gen 9] VGC 2026 Reg I","players":["Jonen","lucksirv"],"log":"|j|\u2606Jonen\n|j|\u2606lucksirv\n|t:|1773569111\n|gametype|doubles\n|player|p1|Jonen|hiker-gen4|1214\n|player|p2|lucksirv|169|1265\n|gen|9\n|tier|[Gen 9] VGC 2026 Reg I\n|rated|\n|rule|Species Clause: Limit one of each Pok\u00e9mon\n|rule|Item Clause: Limit 1 of each item\n|clearpoke\n|poke|p1|Groudon, L50|\n|poke|p1|Lunala, L50|\n|poke|p1|Sableye, L50, M|\n|poke|p1|Chi-Yu, L50|\n|poke|p1|Rillaboom, L50, F|\n|poke|p1|Jumpluff, L50, F|\n|poke|p2|Lunala, L50|\n|poke|p2|Koraidon, L50|\n|poke|p2|Chi-Yu, L50|\n|poke|p2|Flutter Mane, L50|\n|poke|p2|Brute Bonnet, L50|\n|poke|p2|Ursaluna, L50, F|\n|teampreview|4\n|\n|t:|1773569173\n|teamsize|p1|4\n|teamsize|p2|4\n|start\n|switch|p1a: Groudon|Groudon, L50|100/100\n|switch|p1b: Jumpluff|Jumpluff, L50, F|100/100\n|switch|p2a: Koraidon|Koraidon, L50|100/100\n|switch|p2b: Chi-Yu|Chi-Yu, L50|100/100\n|-ability|p2b: Chi-Yu|Beads of Ruin\n|-weather|SunnyDay|[from] ability: Orichalcum Pulse|[of] p2a: Koraidon\n|-activate|p2a: Koraidon|Orichalcum Pulse|[source]\n|turn|1\n|\n|t:|1773569200\n|-terastallize|p1a: Groudon|Fire\n|move|p2a: Koraidon|Protect|p2a: Koraidon\n|-singleturn|p2a: Koraidon|Protect\n|move|p1b: Jumpluff|Tailwind|p1b: Jumpluff\n|-sidestart|p1: Jonen|move: Tailwind\n|move|p1a: Groudon|Precipice Blades|p2a: Koraidon|[spread] p2b\n|-activate|p2a: Koraidon|move: Protect\n|-supereffective|p2b: Chi-Yu\n|-damage|p2b: Chi-Yu|0 fnt\n|faint|p2b: Chi-Yu\n|\n|-weather|SunnyDay|[upkeep]\n|upkeep\n|\n|t:|1773569211\n|switch|p2b: Lunala|Lunala, L50, shiny|100/100\n|turn|2\n|\n|t:|1773569216\n|switch|p2a: Flutter Mane|Flutter Mane, L50|100/100\n|-activate|p2a: Flutter Mane|ability: Protosynthesis\n|-start|p2a: Flutter Mane|protosynthesisspe\n|move|p1b: Jumpluff|Encore||[still]\n|-fail|p1b: Jumpluff\n|move|p1a: Groudon|Precipice Blades|p2a: Flutter Mane|[spread] p2a,p2b\n|-enditem|p2a: Flutter Mane|Focus Sash\n|-damage|p2a: Flutter Mane|1/100\n|-damage|p2b: Lunala|64/100\n|move|p2b: Lunala|Trick Room|p2b: Lunala\n|-fieldstart|move: Trick Room|[of] p2b: Lunala\n|\n|-weather|SunnyDay|[upkeep]\n|upkeep\n|turn|3\n|\n|t:|1773569239\n|switch|p2b: Koraidon|Koraidon, L50|100/100\n|-activate|p2b: Koraidon|ability: Orichalcum Pulse\n|switch|p1a: Sableye|Sableye, L50, M|100/100\n|move|p2a: Flutter Mane|Moonblast|p1a: Sableye\n|-supereffective|p1a: Sableye\n|-enditem|p1a: Sableye|Focus Sash\n|-damage|p1a: Sableye|1/100\n|-unboost|p1a: Sableye|spa|1\n|move|p1b: Jumpluff|Sleep Powder|p2b: Koraidon\n|-status|p2b: Koraidon|slp|[from] move: Sleep Powder\n|\n|-weather|SunnyDay|[upkeep]\n|upkeep\n|turn|4\n|\n|t:|1773569259\n|switch|p2b: Lunala|Lunala, L50, shiny|64/100\n|switch|p1b: Groudon|Groudon, L50, tera:Fire|100/100\n|move|p1a: Sableye|Foul Play|p2a: Flutter Mane\n|-damage|p2a: Flutter Mane|0 fnt\n|faint|p2a: Flutter Mane\n|-end|p2a: Flutter Mane|Protosynthesis|[silent]\n|\n|-weather|SunnyDay|[upkeep]\n|-sideend|p1: Jonen|move: Tailwind\n|upkeep\n|\n|t:|1773569270\n|switch|p2a: Koraidon|Koraidon, L50|100/100 slp\n|-activate|p2a: Koraidon|ability: Orichalcum Pulse\n|turn|5\n|\n|t:|1773569291\n|move|p1a: Sableye|Quash|p2b: Lunala\n|-activate|p2b: Lunala|move: Quash\n|move|p1b: Groudon|High Horsepower|p2b: Lunala\n|-damage|p2b: Lunala|0 fnt\n|faint|p2b: Lunala\n|cant|p2a: Koraidon|slp\n|\n|-weather|none\n|upkeep\n|turn|6\n|-message|lucksirv forfeited.\n|\n|win|Jonen\n|raw|Jonen's rating: 1214 &rarr; <strong>1243</strong><br />(+29 for winning)\n|raw|lucksirv's rating: 1265 &rarr; <strong>1236</strong><br />(-29 for losing)\n","uploadtime":1773569299,"views":15,"formatid":"gen9vgc2026regi","rating":1236,"private":0,"password":null}