{"id":"gen9vgc2026regi-2578277597","format":"[Gen 9] VGC 2026 Reg I","players":["ppyyy","minamisimp"],"log":"|j|\u2606ppyyy\n|j|\u2606minamisimp\n|html|<table width=\"100%\"><tr><td align=\"left\">ppyyy</td><td align=\"right\">minamisimp</tr><tr><td align=\"left\"><i class=\"fa fa-circle-o\"></i> <i class=\"fa fa-circle-o\"></i> </td><td align=\"right\"><i class=\"fa fa-circle-o\"></i> <i class=\"fa fa-circle-o\"></i> </tr></table>\n|uhtml|bestof|<h2><strong>Game 1</strong> of <a href=\"/game-bestof3-gen9vgc2026regi-2578277596\">a best-of-3</a></h2>\n|t:|1775664647\n|gametype|doubles\n|player|p1|ppyyy|elesa-gen5bw2|\n|player|p2|minamisimp|102|\n|gen|9\n|tier|[Gen 9] VGC 2026 Reg I\n|rated|Tournament battle\n|rule|Species Clause: Limit one of each Pok\u00e9mon\n|rule|Item Clause: Limit 1 of each item\n|raw|<div class=\"infobox\"><details class=\"readmore\" open><summary><strong>4 custom rules:</strong></summary> Open Team Sheets, Force Open Team Sheets, !Open Team Sheets, Best of = 3</details></div>\n|clearpoke\n|poke|p1|Scream Tail, L50|\n|poke|p1|Rillaboom, L50, M|\n|poke|p1|Urshifu-*, L50, F|\n|poke|p1|Incineroar, L50, F|\n|poke|p1|Lunala, L50|\n|poke|p1|Zamazenta-*, L50|\n|poke|p2|Miraidon, L50|\n|poke|p2|Lunala, L50|\n|poke|p2|Whimsicott, L50, F|\n|poke|p2|Urshifu-*, L50, M|\n|poke|p2|Incineroar, L50, F|\n|poke|p2|Ursaluna, L50, F|\n|teampreview|4\n|showteam|p1|Scream Tail||BoosterEnergy|Protosynthesis|DazzlingGleam,Encore,Disable,Protect||||||50|,,,,,Dark]Rillaboom||AssaultVest|GrassySurge|FakeOut,WoodHammer,GrassyGlide,Uturn|||M|||50|,,,,,Fire]Urshifu-Rapid-Strike||FocusSash|UnseenFist|SurgingStrikes,AquaJet,Taunt,Detect|||F|||50|,,,,,Grass]Incineroar||CovertCloak|Intimidate|FakeOut,WillOWisp,KnockOff,PartingShot|||F|||50|,,,,,Bug]Lunala||Leftovers|ShadowShield|MoongeistBeam,Moonblast,CalmMind,Protect||||||50|,,,,,Fairy]Zamazenta-Crowned||RustedShield|DauntlessShield|BodyPress,HeavySlam,WideGuard,Protect||||||50|,,,,,Water\n|showteam|p2|Miraidon||LifeOrb|HadronEngine|ElectroDrift,DracoMeteor,VoltSwitch,Protect||||||50|,,,,,Electric]Lunala||ElectricSeed|ShadowShield|MoongeistBeam,Moonblast,WideGuard,TrickRoom||||||50|,,,,,Fairy]Whimsicott||CovertCloak|Prankster|Moonblast,Encore,LightScreen,Tailwind|||F|||50|,,,,,Water]Urshifu-Rapid-Strike||ChoiceBand|UnseenFist|SurgingStrikes,CloseCombat,AquaJet,Uturn|||M|||50|,,,,,Ghost]Incineroar||AssaultVest|Intimidate|FlareBlitz,KnockOff,Uturn,FakeOut|||F|||50|,,,,,Bug]Ursaluna||FlameOrb|Guts|Facade,HeadlongRush,Earthquake,Protect|||F|||50|,,,,,Ghost\n|\n|t:|1775664697\n|teamsize|p1|4\n|teamsize|p2|4\n|start\n|switch|p1a: Lunala|Lunala, L50|100/100\n|switch|p1b: Incineroar|Incineroar, L50, F|100/100\n|switch|p2a: Urshifu|Urshifu-Rapid-Strike, L50, M|100/100\n|switch|p2b: Incineroar|Incineroar, L50, F|100/100\n|-ability|p2b: Incineroar|Intimidate|boost\n|-unboost|p1a: Lunala|atk|1\n|-unboost|p1b: Incineroar|atk|1\n|-ability|p1b: Incineroar|Intimidate|boost\n|-unboost|p2a: Urshifu|atk|1\n|-unboost|p2b: Incineroar|atk|1\n|turn|1\n|\n|t:|1775664794\n|-terastallize|p1a: Lunala|Fairy\n|move|p1b: Incineroar|Fake Out|p2b: Incineroar\n|-damage|p2b: Incineroar|94/100\n|move|p2a: Urshifu|Surging Strikes|p1a: Lunala\n|-crit|p1a: Lunala\n|-damage|p1a: Lunala|88/100\n|-crit|p1a: Lunala\n|-damage|p1a: Lunala|62/100\n|-crit|p1a: Lunala\n|-damage|p1a: Lunala|38/100\n|-hitcount|p1a: Lunala|3\n|move|p1a: Lunala|Moongeist Beam|p2a: Urshifu\n|-damage|p2a: Urshifu|17/100\n|cant|p2b: Incineroar|flinch\n|\n|-heal|p1a: Lunala|44/100|[from] item: Leftovers\n|upkeep\n|turn|2\n|j| nakedbabe\n|\n|t:|1775664814\n|switch|p1a: Rillaboom|Rillaboom, L50, M|100/100\n|-fieldstart|move: Grassy Terrain|[from] ability: Grassy Surge|[of] p1a: Rillaboom\n|move|p2a: Urshifu|Surging Strikes|p1a: Rillaboom\n|-resisted|p1a: Rillaboom\n|-crit|p1a: Rillaboom\n|-damage|p1a: Rillaboom|85/100\n|-resisted|p1a: Rillaboom\n|-crit|p1a: Rillaboom\n|-damage|p1a: Rillaboom|71/100\n|-resisted|p1a: Rillaboom\n|-crit|p1a: Rillaboom\n|-damage|p1a: Rillaboom|57/100\n|-hitcount|p1a: Rillaboom|3\n|move|p2b: Incineroar|U-turn|p1b: Incineroar\n|-damage|p1b: Incineroar|91/100\n|\n|t:|1775664817\n|switch|p2b: Miraidon|Miraidon, L50|100/100|[from] U-turn\n|-fieldstart|move: Electric Terrain|[from] ability: Hadron Engine|[of] p2b: Miraidon\n|move|p1b: Incineroar|Knock Off|p2b: Miraidon\n|-damage|p2b: Miraidon|75/100\n|-enditem|p2b: Miraidon|Life Orb|[from] move: Knock Off|[of] p1b: Incineroar\n|\n|upkeep\n|turn|3\n|\n|t:|1775664853\n|-terastallize|p2a: Urshifu|Ghost\n|move|p1a: Rillaboom|Fake Out|p2b: Miraidon\n|-damage|p2b: Miraidon|62/100\n|cant|p2b: Miraidon|flinch\n|move|p2a: Urshifu|Surging Strikes|p1b: Incineroar\n|-supereffective|p1b: Incineroar\n|-crit|p1b: Incineroar\n|-damage|p1b: Incineroar|43/100\n|-supereffective|p1b: Incineroar\n|-crit|p1b: Incineroar\n|-damage|p1b: Incineroar|0 fnt\n|faint|p1b: Incineroar\n|-hitcount|p1: Incineroar|2\n|\n|upkeep\n|\n|t:|1775664862\n|switch|p1b: Zamazenta|Zamazenta-Crowned, L50|100/100\n|-ability|p1b: Zamazenta|Dauntless Shield|boost\n|-boost|p1b: Zamazenta|def|1\n|turn|4\n|\n|t:|1775664884\n|switch|p1a: Lunala|Lunala, L50, tera:Fairy|44/100\n|move|p2b: Miraidon|Volt Switch|p1b: Zamazenta\n|-damage|p1b: Zamazenta|50/100\n|\n|t:|1775664886\n|switch|p2b: Incineroar|Incineroar, L50, F|94/100|[from] Volt Switch\n|-ability|p2b: Incineroar|Intimidate|boost\n|-unboost|p1a: Lunala|atk|1\n|-unboost|p1b: Zamazenta|atk|1\n|move|p1b: Zamazenta|Body Press|p2b: Incineroar\n|-supereffective|p2b: Incineroar\n|-damage|p2b: Incineroar|0 fnt\n|faint|p2b: Incineroar\n|move|p2a: Urshifu|Surging Strikes|p1b: Zamazenta\n|-crit|p1b: Zamazenta\n|-damage|p1b: Zamazenta|35/100\n|-crit|p1b: Zamazenta\n|-damage|p1b: Zamazenta|17/100\n|-crit|p1b: Zamazenta\n|-damage|p1b: Zamazenta|1/100\n|-hitcount|p1b: Zamazenta|3\n|\n|-heal|p1a: Lunala|50/100|[from] item: Leftovers\n|upkeep\n|\n|t:|1775664889\n|switch|p2b: Miraidon|Miraidon, L50|62/100\n|-activate|p2b: Miraidon|ability: Hadron Engine\n|turn|5\n|\n|t:|1775664913\n|switch|p1a: Rillaboom|Rillaboom, L50, M|57/100\n|-fieldstart|move: Grassy Terrain|[from] ability: Grassy Surge|[of] p1a: Rillaboom\n|move|p1b: Zamazenta|Protect|p1b: Zamazenta\n|-singleturn|p1b: Zamazenta|Protect\n|move|p2b: Miraidon|Volt Switch|p1b: Zamazenta\n|-activate|p1b: Zamazenta|move: Protect\n|move|p2a: Urshifu|Surging Strikes|p1a: Rillaboom\n|-resisted|p1a: Rillaboom\n|-crit|p1a: Rillaboom\n|-damage|p1a: Rillaboom|41/100\n|-resisted|p1a: Rillaboom\n|-crit|p1a: Rillaboom\n|-damage|p1a: Rillaboom|25/100\n|-resisted|p1a: Rillaboom\n|-crit|p1a: Rillaboom\n|-damage|p1a: Rillaboom|9/100\n|-hitcount|p1a: Rillaboom|3\n|\n|-heal|p2b: Miraidon|68/100|[from] Grassy Terrain\n|-heal|p1b: Zamazenta|7/100|[from] Grassy Terrain\n|-heal|p2a: Urshifu|23/100|[from] Grassy Terrain\n|-heal|p1a: Rillaboom|15/100|[from] Grassy Terrain\n|upkeep\n|turn|6\n|j| Pyroclast brute\n|\n|t:|1775664978\n|switch|p2a: Lunala|Lunala, L50|100/100\n|move|p2b: Miraidon|Protect|p2b: Miraidon\n|-singleturn|p2b: Miraidon|Protect\n|move|p1a: Rillaboom|Fake Out|p2b: Miraidon\n|-activate|p2b: Miraidon|move: Protect\n|move|p1b: Zamazenta|Heavy Slam|p2a: Lunala\n|-damage|p2a: Lunala|87/100\n|\n|-heal|p2b: Miraidon|74/100|[from] Grassy Terrain\n|-heal|p1b: Zamazenta|13/100|[from] Grassy Terrain\n|-heal|p2a: Lunala|93/100|[from] Grassy Terrain\n|-heal|p1a: Rillaboom|21/100|[from] Grassy Terrain\n|upkeep\n|turn|7\n|l| Pyroclast brute\n|\n|t:|1775665030\n|switch|p1a: Lunala|Lunala, L50, tera:Fairy|50/100\n|move|p1b: Zamazenta|Protect|p1b: Zamazenta\n|-singleturn|p1b: Zamazenta|Protect\n|move|p2b: Miraidon|Volt Switch|p1b: Zamazenta\n|-activate|p1b: Zamazenta|move: Protect\n|move|p2a: Lunala|Moongeist Beam|p1a: Lunala\n|-damage|p1a: Lunala|14/100\n|\n|-heal|p2b: Miraidon|80/100|[from] Grassy Terrain\n|-heal|p1b: Zamazenta|19/100|[from] Grassy Terrain\n|-heal|p1a: Lunala|21/100|[from] Grassy Terrain\n|-heal|p1a: Lunala|27/100|[from] item: Leftovers\n|-heal|p2a: Lunala|99/100|[from] Grassy Terrain\n|upkeep\n|turn|8\n|\n|t:|1775665063\n|move|p1b: Zamazenta|Protect||[still]\n|-fail|p1b: Zamazenta\n|move|p1a: Lunala|Protect|p1a: Lunala\n|-singleturn|p1a: Lunala|Protect\n|move|p2b: Miraidon|Electro Drift|p1a: Lunala\n|-activate|p1a: Lunala|move: Protect\n|move|p2a: Lunala|Moongeist Beam|p1b: Zamazenta\n|-damage|p1b: Zamazenta|0 fnt\n|faint|p1b: Zamazenta\n|\n|-heal|p2b: Miraidon|87/100|[from] Grassy Terrain\n|-heal|p1a: Lunala|33/100|[from] Grassy Terrain\n|-heal|p1a: Lunala|39/100|[from] item: Leftovers\n|-heal|p2a: Lunala|100/100|[from] Grassy Terrain\n|upkeep\n|\n|t:|1775665076\n|switch|p1b: Rillaboom|Rillaboom, L50, M|21/100\n|turn|9\n|\n|t:|1775665084\n|move|p1b: Rillaboom|Grassy Glide|p2b: Miraidon\n|-resisted|p2b: Miraidon\n|-crit|p2b: Miraidon\n|-damage|p2b: Miraidon|63/100\n|move|p2b: Miraidon|Electro Drift|p1a: Lunala\n|-damage|p1a: Lunala|3/100\n|move|p1a: Lunala|Calm Mind|p1a: Lunala\n|-boost|p1a: Lunala|spa|1\n|-boost|p1a: Lunala|spd|1\n|move|p2a: Lunala|Moongeist Beam|p1b: Rillaboom\n|-damage|p1b: Rillaboom|0 fnt\n|faint|p1b: Rillaboom\n|\n|-heal|p2b: Miraidon|69/100|[from] Grassy Terrain\n|-heal|p1a: Lunala|10/100|[from] Grassy Terrain\n|-heal|p1a: Lunala|16/100|[from] item: Leftovers\n|-fieldend|move: Grassy Terrain\n|upkeep\n|turn|10\n|\n|t:|1775665101\n|move|p2b: Miraidon|Electro Drift|p1a: Lunala\n|-damage|p1a: Lunala|0 fnt\n|faint|p1a: Lunala\n|\n|win|minamisimp\n||minamisimp is ready for game 2.\n|l|\u2606minamisimp\n|player|p2|\n||ppyyy is ready for game 2.\n|uhtml|next|Next: <a href=\"/battle-gen9vgc2026regi-2578283031\"><strong>Game 2 of 3</strong></a>\n|l| nakedbabe\n","uploadtime":1775665104,"views":7,"formatid":"gen9vgc2026regi","rating":null,"private":0,"password":null}