{"id":"gen9vgc2026regi-2559274393","format":"[Gen 9] VGC 2026 Reg I","players":["I\u2764\ufe0f\u5a1c\u7984forever","Royalll11"],"log":"|j|\u2606I\u2764\ufe0f\u5a1c\u7984forever\n|j|\u2606Royalll11\n|t:|1773540570\n|gametype|doubles\n|player|p1|I\u2764\ufe0f\u5a1c\u7984forever|youngcouple-gen4dp|1338\n|player|p2|Royalll11|wallace|1213\n|gen|9\n|tier|[Gen 9] VGC 2026 Reg I\n|rated|\n|rule|Species Clause: Limit one of each Pok\u00e9mon\n|rule|Item Clause: Limit 1 of each item\n|clearpoke\n|poke|p1|Koraidon, L50|\n|poke|p1|Miraidon, L50|\n|poke|p1|Whimsicott, L50, F|\n|poke|p1|Ditto, L50|\n|poke|p1|Raging Bolt, L50|\n|poke|p1|Flutter Mane, L50|\n|poke|p2|Ninetales, L50, M|\n|poke|p2|Lugia, L50|\n|poke|p2|Walking Wake, L50|\n|poke|p2|Ogerpon-Cornerstone, L50, F|\n|poke|p2|Whimsicott, L50, F|\n|poke|p2|Giratina, L50|\n|teampreview|4\n|\n|t:|1773540598\n|teamsize|p1|4\n|teamsize|p2|4\n|start\n|switch|p1a: Whimsicott|Whimsicott, L50, F|100/100\n|switch|p1b: Miraidon|Miraidon, L50|100/100\n|switch|p2a: Whimsicott|Whimsicott, L50, F|100/100\n|switch|p2b: Ogerpon|Ogerpon-Cornerstone, L50, F|100/100\n|-fieldstart|move: Electric Terrain|[from] ability: Hadron Engine|[of] p1b: Miraidon\n|turn|1\n|\n|t:|1773540616\n|move|p2b: Ogerpon|Ivy Cudgel|p1b: Miraidon|[anim] Ivy Cudgel Rock\n|-damage|p1b: Miraidon|48/100\n|move|p1b: Miraidon|Dazzling Gleam|p2a: Whimsicott|[spread] p2a,p2b\n|-damage|p2a: Whimsicott|61/100\n|-damage|p2b: Ogerpon|62/100\n|move|p2a: Whimsicott|Trick Room|p2a: Whimsicott\n|-fieldstart|move: Trick Room|[of] p2a: Whimsicott\n|move|p1a: Whimsicott|Trick Room|p1a: Whimsicott\n|-fieldend|move: Trick Room\n|\n|upkeep\n|turn|2\n|\n|t:|1773540636\n|move|p1a: Whimsicott|Tailwind|p1a: Whimsicott\n|-sidestart|p1: I\u2764\ufe0f\u5a1c\u7984forever|move: Tailwind\n|move|p1b: Miraidon|Overheat|p2a: Whimsicott\n|-supereffective|p2a: Whimsicott\n|-damage|p2a: Whimsicott|0 fnt\n|-unboost|p1b: Miraidon|spa|2\n|faint|p2a: Whimsicott\n|move|p2b: Ogerpon|Ivy Cudgel|p1b: Miraidon|[anim] Ivy Cudgel Rock\n|-damage|p1b: Miraidon|2/100\n|\n|upkeep\n|\n|t:|1773540654\n|switch|p2a: Lugia|Lugia, L50|100/100\n|turn|3\n|\n|t:|1773540671\n|move|p2b: Ogerpon|Follow Me|p2b: Ogerpon\n|-singleturn|p2b: Ogerpon|move: Follow Me\n|move|p1a: Whimsicott|Endeavor|p2b: Ogerpon\n|-immune|p2b: Ogerpon\n|move|p1b: Miraidon|Volt Switch|p2b: Ogerpon\n|-resisted|p2b: Ogerpon\n|-damage|p2b: Ogerpon|42/100\n|\n|t:|1773540682\n|switch|p1b: Koraidon|Koraidon, L50|100/100|[from] Volt Switch\n|-weather|SunnyDay|[from] ability: Orichalcum Pulse|[of] p1b: Koraidon\n|-activate|p1b: Koraidon|Orichalcum Pulse|[source]\n|move|p2a: Lugia|Tailwind|p2a: Lugia\n|-sidestart|p2: Royalll11|move: Tailwind\n|\n|-weather|SunnyDay|[upkeep]\n|upkeep\n|turn|4\n|\n|t:|1773540704\n|move|p2b: Ogerpon|Ivy Cudgel|p1b: Koraidon|[anim] Ivy Cudgel Rock\n|-resisted|p1b: Koraidon\n|-damage|p1b: Koraidon|77/100\n|move|p1a: Whimsicott|Energy Ball|p2a: Lugia\n|-resisted|p2a: Lugia\n|-damage|p2a: Lugia|95/100\n|move|p1b: Koraidon|Crunch|p2a: Lugia\n|-supereffective|p2a: Lugia\n|-crit|p2a: Lugia\n|-damage|p2a: Lugia|0 fnt\n|faint|p2a: Lugia\n|-damage|p1b: Koraidon|67/100|[from] item: Life Orb\n|\n|-weather|SunnyDay|[upkeep]\n|upkeep\n|\n|t:|1773540715\n|switch|p2a: Giratina|Giratina, L50, shiny|100/100\n|turn|5\n|-message|Royalll11 forfeited.\n|\n|win|I\u2764\ufe0f\u5a1c\u7984forever\n|raw|I\u2764\ufe0f\u5a1c\u7984forever's rating: 1338 &rarr; <strong>1351</strong><br />(+13 for winning)\n|raw|Royalll11's rating: 1213 &rarr; <strong>1197</strong><br />(-16 for losing)\n|l|\u2606Royalll11\n|player|p2|\n|l|\u2606I\u2764\ufe0f\u5a1c\u7984forever\n|player|p1|\n","uploadtime":1773540978,"views":11,"formatid":"gen9vgc2026regi","rating":1197,"private":0,"password":null}