{"id":"gen9vgc2026regi-2588717143","format":"[Gen 9] VGC 2026 Reg I","players":["clessvgc","granite blast"],"log":"|j|\u2606clessvgc\n|j|\u2606granite blast\n|t:|1776661401\n|gametype|doubles\n|player|p1|clessvgc|proton|1480\n|player|p2|granite blast|102|1563\n|gen|9\n|tier|[Gen 9] VGC 2026 Reg I\n|rated|\n|rule|Species Clause: Limit one of each Pok\u00e9mon\n|rule|Item Clause: Limit 1 of each item\n|clearpoke\n|poke|p1|Landorus-Therian, L50, M|\n|poke|p1|Calyrex-Shadow, L50|\n|poke|p1|Iron Moth, L50|\n|poke|p1|Tornadus, L50, M|\n|poke|p1|Tinkaton, L50, F|\n|poke|p1|Kyogre, L50|\n|poke|p2|Groudon, L50|\n|poke|p2|Calyrex-Shadow, L50|\n|poke|p2|Raging Bolt, L50|\n|poke|p2|Jumpluff, L50, F|\n|poke|p2|Chi-Yu, L50|\n|poke|p2|Rillaboom, L50, M|\n|teampreview|4\n|inactive|Battle timer is ON: inactive players will automatically lose when time's up. (requested by granite blast)\n|inactive|clessvgc also wants the timer to be on.\n|inactive|granite blast has 60 seconds left.\n|\n|t:|1776661453\n|teamsize|p1|4\n|teamsize|p2|4\n|start\n|switch|p1a: Tornadus|Tornadus, L50, M|100/100\n|switch|p1b: Iron Moth|Iron Moth, L50|100/100\n|switch|p2a: Calyrex|Calyrex-Shadow, L50|100/100\n|switch|p2b: Jumpluff|Jumpluff, L50, F|100/100\n|-ability|p2a: Calyrex|As One\n|-ability|p2a: Calyrex|Unnerve\n|turn|1\n|\n|t:|1776661462\n|-terastallize|p2b: Jumpluff|Water\n|move|p1a: Tornadus|Tailwind|p1a: Tornadus\n|-sidestart|p1: clessvgc|move: Tailwind\n|move|p1b: Iron Moth|Heat Wave|p2a: Calyrex|[spread] p2a,p2b\n|-resisted|p2b: Jumpluff\n|-damage|p2a: Calyrex|56/100\n|-damage|p2b: Jumpluff|77/100\n|-damage|p1b: Iron Moth|91/100|[from] item: Life Orb\n|move|p2a: Calyrex|Astral Barrage|p1a: Tornadus|[spread] p1a,p1b\n|-damage|p1a: Tornadus|42/100\n|-damage|p1b: Iron Moth|36/100\n|move|p2b: Jumpluff|Tailwind|p2b: Jumpluff\n|-sidestart|p2: granite blast|move: Tailwind\n|\n|upkeep\n|turn|2\n|\n|t:|1776661482\n|move|p1b: Iron Moth|Protect|p1b: Iron Moth\n|-singleturn|p1b: Iron Moth|Protect\n|move|p1a: Tornadus|Taunt|p2b: Jumpluff\n|-start|p2b: Jumpluff|move: Taunt\n|move|p2a: Calyrex|Astral Barrage|p1b: Iron Moth|[spread] p1a\n|-activate|p1b: Iron Moth|move: Protect\n|-damage|p1a: Tornadus|0 fnt\n|faint|p1a: Tornadus\n|-ability|p2a: Calyrex|Grim Neigh|boost\n|-boost|p2a: Calyrex|spa|1\n|cant|p2b: Jumpluff|move: Taunt|Sleep Powder\n|\n|upkeep\n|\n|t:|1776661486\n|switch|p1a: Calyrex|Calyrex-Shadow, L50|100/100\n|-ability|p1a: Calyrex|As One\n|-ability|p1a: Calyrex|Unnerve\n|turn|3\n|inactive|granite blast has 30 seconds left.\n|\n|t:|1776661514\n|switch|p2b: Groudon|Groudon, L50|100/100\n|-weather|SunnyDay|[from] ability: Drought|[of] p2b: Groudon\n|move|p2a: Calyrex|Protect|p2a: Calyrex\n|-singleturn|p2a: Calyrex|Protect\n|move|p1a: Calyrex|Astral Barrage|p2a: Calyrex|[spread] p2b\n|-activate|p2a: Calyrex|move: Protect\n|-damage|p2b: Groudon|52/100\n|move|p1b: Iron Moth|Energy Ball|p2b: Groudon\n|-supereffective|p2b: Groudon\n|-damage|p2b: Groudon|0 fnt\n|faint|p2b: Groudon\n|-damage|p1b: Iron Moth|27/100|[from] item: Life Orb\n|\n|-weather|SunnyDay|[upkeep]\n|upkeep\n|\n|t:|1776661520\n|switch|p2b: Jumpluff|Jumpluff, L50, F, tera:Water|77/100\n|turn|4\n|\n|t:|1776661535\n|-end|p1b: Iron Moth|Quark Drive|[silent]\n|switch|p1b: Kyogre|Kyogre, L50|100/100\n|-weather|RainDance|[from] ability: Drizzle|[of] p1b: Kyogre\n|move|p2a: Calyrex|Astral Barrage|p1b: Kyogre|[spread] p1a,p1b\n|-supereffective|p1a: Calyrex\n|-crit|p1b: Kyogre\n|-enditem|p1a: Calyrex|Focus Sash\n|-damage|p1a: Calyrex|1/100\n|-damage|p1b: Kyogre|1/100\n|move|p1a: Calyrex|Astral Barrage|p2b: Jumpluff|[spread] p2a,p2b\n|-supereffective|p2a: Calyrex\n|-damage|p2a: Calyrex|0 fnt\n|-damage|p2b: Jumpluff|19/100\n|faint|p2a: Calyrex\n|-ability|p1a: Calyrex|Grim Neigh|boost\n|-boost|p1a: Calyrex|spa|1\n|move|p2b: Jumpluff|Sleep Powder|p1b: Kyogre\n|-status|p1b: Kyogre|slp|[from] move: Sleep Powder\n|\n|-weather|RainDance|[upkeep]\n|-sideend|p1: clessvgc|move: Tailwind\n|-sideend|p2: granite blast|move: Tailwind\n|upkeep\n|\n|t:|1776661552\n|switch|p2a: Rillaboom|Rillaboom, L50, M|100/100\n|-fieldstart|move: Grassy Terrain|[from] ability: Grassy Surge|[of] p2a: Rillaboom\n|turn|5\n|\n|t:|1776661564\n|move|p2a: Rillaboom|Grassy Glide|p1a: Calyrex\n|-damage|p1a: Calyrex|0 fnt\n|faint|p1a: Calyrex\n|cant|p1b: Kyogre|slp\n|move|p2b: Jumpluff|Tailwind|p2b: Jumpluff\n|-sidestart|p2: granite blast|move: Tailwind\n|\n|-weather|RainDance|[upkeep]\n|-heal|p2b: Jumpluff|25/100|[from] Grassy Terrain\n|-heal|p1b: Kyogre|7/100 slp|[from] Grassy Terrain\n|upkeep\n|\n|t:|1776661567\n|switch|p1a: Iron Moth|Iron Moth, L50|27/100\n|turn|6\n|\n|t:|1776661575\n|-terastallize|p1a: Iron Moth|Grass\n|cant|p1b: Kyogre|slp\n|move|p2b: Jumpluff|Leaf Storm|p1b: Kyogre\n|-supereffective|p1b: Kyogre\n|-damage|p1b: Kyogre|0 fnt\n|-unboost|p2b: Jumpluff|spa|2\n|faint|p1b: Kyogre\n|move|p2a: Rillaboom|Wood Hammer|p1a: Iron Moth\n|-resisted|p1a: Iron Moth\n|-damage|p1a: Iron Moth|0 fnt\n|faint|p1a: Iron Moth\n|-end|p1a: Iron Moth|Quark Drive|[silent]\n|-damage|p2a: Rillaboom|93/100|[from] Recoil\n|\n|win|granite blast\n|raw|clessvgc's rating: 1480 &rarr; <strong>1465</strong><br />(-15 for losing)\n|raw|granite blast's rating: 1563 &rarr; <strong>1578</strong><br />(+15 for winning)\n|l|\u2606clessvgc\n|player|p1|\n|l|\u2606granite blast\n|player|p2|\n","uploadtime":1776661813,"views":10,"formatid":"gen9vgc2026regi","rating":1465,"private":0,"password":null}