{"id":"gen9vgc2026regi-2560097788","format":"[Gen 9] VGC 2026 Reg I","players":["EllenJoe2026","soten soten"],"log":"|j|\u2606EllenJoe2026\n|j|\u2606soten soten\n|t:|1773651367\n|gametype|doubles\n|player|p1|EllenJoe2026|102|1602\n|player|p2|soten soten|hilbert|1581\n|gen|9\n|tier|[Gen 9] VGC 2026 Reg I\n|rated|\n|rule|Species Clause: Limit one of each Pok\u00e9mon\n|rule|Item Clause: Limit 1 of each item\n|clearpoke\n|poke|p1|Calyrex-Shadow, L50|\n|poke|p1|Zamazenta-*, L50|\n|poke|p1|Incineroar, L50, F|\n|poke|p1|Rillaboom, L50, F|\n|poke|p1|Ogerpon-Cornerstone, L50, F|\n|poke|p1|Tornadus, L50, M|\n|poke|p2|Ho-Oh, L50|\n|poke|p2|Eternatus, L50|\n|poke|p2|Incineroar, L50, M|\n|poke|p2|Rillaboom, L50, F|\n|poke|p2|Toxapex, L50, F|\n|poke|p2|Ting-Lu, L50|\n|teampreview|4\n|inactive|Battle timer is ON: inactive players will automatically lose when time's up. (requested by EllenJoe2026)\n|inactive|soten soten also wants the timer to be on.\n|inactive|EllenJoe2026 has 60 seconds left.\n|\n|t:|1773651401\n|teamsize|p1|4\n|teamsize|p2|4\n|start\n|switch|p1a: Zamazenta|Zamazenta-Crowned, L50, shiny|100/100\n|switch|p1b: Incineroar|Incineroar, L50, F, shiny|100/100\n|switch|p2a: Eternatus|Eternatus, L50|100/100\n|switch|p2b: Incineroar|Incineroar, L50, M|100/100\n|-ability|p1a: Zamazenta|Dauntless Shield|boost\n|-boost|p1a: Zamazenta|def|1\n|-ability|p2a: Eternatus|Pressure\n|-ability|p1b: Incineroar|Intimidate|boost\n|-unboost|p2a: Eternatus|atk|1\n|-unboost|p2b: Incineroar|atk|1\n|-ability|p2b: Incineroar|Intimidate|boost\n|-unboost|p1a: Zamazenta|atk|1\n|-unboost|p1b: Incineroar|atk|1\n|turn|1\n|\n|t:|1773651418\n|switch|p2b: Ho-Oh|Ho-Oh, L50|100/100\n|move|p1a: Zamazenta|Body Press|p2b: Ho-Oh\n|-resisted|p2b: Ho-Oh\n|-damage|p2b: Ho-Oh|74/100\n|-damage|p1a: Zamazenta|84/100|[from] item: Rocky Helmet|[of] p2b: Ho-Oh\n|move|p2a: Eternatus|Substitute|p2a: Eternatus\n|-start|p2a: Eternatus|Substitute\n|-damage|p2a: Eternatus|76/100\n|move|p1b: Incineroar|Taunt|p2a: Eternatus\n|-start|p2a: Eternatus|move: Taunt\n|\n|-heal|p2a: Eternatus|82/100|[from] item: Black Sludge\n|upkeep\n|turn|2\n|inactive|EllenJoe2026 has 30 seconds left.\n|inactive|EllenJoe2026 has 20 seconds left.\n|\n|t:|1773651456\n|move|p1a: Zamazenta|Body Press|p2b: Ho-Oh\n|-resisted|p2b: Ho-Oh\n|-damage|p2b: Ho-Oh|47/100\n|-damage|p1a: Zamazenta|68/100|[from] item: Rocky Helmet|[of] p2b: Ho-Oh\n|move|p2a: Eternatus|Dynamax Cannon|p1b: Incineroar\n|-damage|p1b: Incineroar|55/100\n|move|p2b: Ho-Oh|Sacred Fire|p1a: Zamazenta\n|-supereffective|p1a: Zamazenta\n|-damage|p1a: Zamazenta|33/100\n|move|p1b: Incineroar|Knock Off|p2b: Ho-Oh\n|-damage|p2b: Ho-Oh|28/100\n|-damage|p1b: Incineroar|39/100|[from] item: Rocky Helmet|[of] p2b: Ho-Oh\n|-enditem|p2b: Ho-Oh|Rocky Helmet|[from] move: Knock Off|[of] p1b: Incineroar\n|\n|-heal|p2a: Eternatus|88/100|[from] item: Black Sludge\n|upkeep\n|turn|3\n|\n|t:|1773651477\n|move|p2b: Ho-Oh|Protect|p2b: Ho-Oh\n|-singleturn|p2b: Ho-Oh|Protect\n|move|p1a: Zamazenta|Body Press|p2b: Ho-Oh\n|-activate|p2b: Ho-Oh|move: Protect\n|move|p2a: Eternatus|Dynamax Cannon|p1a: Zamazenta\n|-resisted|p1a: Zamazenta\n|-damage|p1a: Zamazenta|17/100\n|move|p1b: Incineroar|Parting Shot|p2a: Eternatus\n|-unboost|p2a: Eternatus|atk|1\n|-unboost|p2a: Eternatus|spa|1\n|\n|t:|1773651491\n|switch|p1b: Calyrex|Calyrex-Shadow, L50|100/100|[from] Parting Shot\n|-ability|p1b: Calyrex|As One\n|-ability|p1b: Calyrex|Unnerve\n|\n|-heal|p2a: Eternatus|94/100|[from] item: Black Sludge\n|upkeep\n|turn|4\n|\n|t:|1773651502\n|switch|p2b: Incineroar|Incineroar, L50, M|100/100\n|-ability|p2b: Incineroar|Intimidate|boost\n|-unboost|p1a: Zamazenta|atk|1\n|-unboost|p1b: Calyrex|atk|1\n|move|p1b: Calyrex|Astral Barrage|p2a: Eternatus|[spread] p2a,p2b\n|-end|p2a: Eternatus|Substitute\n|-resisted|p2b: Incineroar\n|-damage|p2b: Incineroar|77/100\n|move|p1a: Zamazenta|Body Press|p2a: Eternatus\n|-resisted|p2a: Eternatus\n|-damage|p2a: Eternatus|71/100\n|move|p2a: Eternatus|Dynamax Cannon|p1a: Zamazenta\n|-resisted|p1a: Zamazenta\n|-damage|p1a: Zamazenta|5/100\n|\n|-heal|p2a: Eternatus|77/100|[from] item: Black Sludge\n|-end|p2a: Eternatus|move: Taunt\n|upkeep\n|turn|5\n|inactive|EllenJoe2026 has 30 seconds left.\n|\n|t:|1773651527\n|switch|p2a: Ting-Lu|Ting-Lu, L50|100/100\n|-ability|p2a: Ting-Lu|Vessel of Ruin\n|move|p2b: Incineroar|Fake Out|p1a: Zamazenta\n|-resisted|p1a: Zamazenta\n|-damage|p1a: Zamazenta|3/100\n|move|p1b: Calyrex|Astral Barrage|p2b: Incineroar|[spread] p2a,p2b\n|-resisted|p2a: Ting-Lu\n|-resisted|p2b: Incineroar\n|-damage|p2a: Ting-Lu|88/100\n|-damage|p2b: Incineroar|60/100\n|cant|p1a: Zamazenta|flinch\n|\n|-heal|p2a: Ting-Lu|94/100|[from] item: Leftovers\n|upkeep\n|turn|6\n|\n|t:|1773651549\n|switch|p2b: Ho-Oh|Ho-Oh, L50|61/100\n|-terastallize|p2a: Ting-Lu|Water\n|move|p1b: Calyrex|Protect|p1b: Calyrex\n|-singleturn|p1b: Calyrex|Protect\n|move|p1a: Zamazenta|Body Press|p2a: Ting-Lu\n|-damage|p2a: Ting-Lu|54/100\n|move|p2a: Ting-Lu|Snarl|p1a: Zamazenta|[spread] p1a\n|-activate|p1b: Calyrex|move: Protect\n|-resisted|p1a: Zamazenta\n|-damage|p1a: Zamazenta|0 fnt\n|faint|p1a: Zamazenta\n|\n|-heal|p2a: Ting-Lu|60/100|[from] item: Leftovers\n|upkeep\n|\n|t:|1773651564\n|switch|p1a: Ogerpon|Ogerpon-Cornerstone, L50, F|100/100\n|turn|7\n|\n|t:|1773651575\n|switch|p1b: Incineroar|Incineroar, L50, F, shiny|39/100\n|-ability|p1b: Incineroar|Intimidate|boost\n|-unboost|p2a: Ting-Lu|atk|1\n|-unboost|p2b: Ho-Oh|atk|1\n|switch|p2b: Incineroar|Incineroar, L50, M|60/100\n|-ability|p2b: Incineroar|Intimidate|boost\n|-unboost|p1a: Ogerpon|atk|1\n|-unboost|p1b: Incineroar|atk|1\n|move|p2a: Ting-Lu|Protect|p2a: Ting-Lu\n|-singleturn|p2a: Ting-Lu|Protect\n|move|p1a: Ogerpon|Ivy Cudgel|p2b: Incineroar|[anim] Ivy Cudgel Rock\n|-supereffective|p2b: Incineroar\n|-crit|p2b: Incineroar\n|-damage|p2b: Incineroar|0 fnt\n|faint|p2b: Incineroar\n|\n|-heal|p2a: Ting-Lu|67/100|[from] item: Leftovers\n|upkeep\n|\n|t:|1773651579\n|switch|p2b: Eternatus|Eternatus, L50|77/100\n|-ability|p2b: Eternatus|Pressure\n|turn|8\n|\n|t:|1773651596\n|switch|p1a: Calyrex|Calyrex-Shadow, L50|100/100\n|-ability|p1a: Calyrex|As One\n|-ability|p1a: Calyrex|Unnerve\n|switch|p2a: Ho-Oh|Ho-Oh, L50|94/100\n|move|p2b: Eternatus|Protect|p2b: Eternatus\n|-singleturn|p2b: Eternatus|Protect\n|move|p1b: Incineroar|Parting Shot|p2b: Eternatus\n|-activate|p2b: Eternatus|move: Protect\n|\n|-heal|p2b: Eternatus|83/100|[from] item: Black Sludge\n|upkeep\n|turn|9\n|\n|t:|1773651617\n|move|p1a: Calyrex|Psychic|p2b: Eternatus\n|-supereffective|p2b: Eternatus\n|-damage|p2b: Eternatus|10/100\n|move|p2b: Eternatus|Substitute|p2b: Eternatus\n|-fail|p2b: Eternatus|move: Substitute|[weak]\n|move|p2a: Ho-Oh|Sacred Fire|p1a: Calyrex\n|-damage|p1a: Calyrex|49/100\n|move|p1b: Incineroar|Parting Shot|p2a: Ho-Oh\n|-unboost|p2a: Ho-Oh|atk|1\n|-unboost|p2a: Ho-Oh|spa|1\n|-message|soten soten forfeited.\n|\n|win|EllenJoe2026\n|raw|EllenJoe2026's rating: 1602 &rarr; <strong>1621</strong><br />(+19 for winning)\n|raw|soten soten's rating: 1581 &rarr; <strong>1562</strong><br />(-19 for losing)\n|l|\u2606soten soten\n|player|p2|\n|l|\u2606EllenJoe2026\n|player|p1|\n","uploadtime":1773651859,"views":38,"formatid":"gen9vgc2026regi","rating":1562,"private":0,"password":null}