{"id":"gen9vgc2026regi-2561541595","format":"[Gen 9] VGC 2026 Reg I","players":["kdan_7","TheManOfSausage"],"log":"|j|\u2606kdan_7\n|j|\u2606TheManOfSausage\n|t:|1773809417\n|gametype|doubles\n|player|p1|kdan_7|shauntal|1396\n|player|p2|TheManOfSausage|miku-water|1534\n|gen|9\n|tier|[Gen 9] VGC 2026 Reg I\n|rated|\n|rule|Species Clause: Limit one of each Pok\u00e9mon\n|rule|Item Clause: Limit 1 of each item\n|clearpoke\n|poke|p1|Calyrex-Shadow, L50|\n|poke|p1|Zamazenta-*, L50|\n|poke|p1|Rillaboom, L50, F|\n|poke|p1|Incineroar, L50, M|\n|poke|p1|Raging Bolt, L50|\n|poke|p1|Ogerpon-Hearthflame, L50, F|\n|poke|p2|Calyrex-Shadow, L50|\n|poke|p2|Miraidon, L50|\n|poke|p2|Clefairy, L50, M|\n|poke|p2|Rillaboom, L50, M|\n|poke|p2|Incineroar, L50, M|\n|poke|p2|Iron Bundle, L50|\n|teampreview|4\nTheManOfSausage has agreed to open team sheets.\n|\n|t:|1773809460\n|teamsize|p1|4\n|teamsize|p2|4\n|start\n|switch|p1a: Calyrex|Calyrex-Shadow, L50|100/100\n|switch|p1b: Gawain|Ogerpon-Hearthflame, L50, F|100/100\n|switch|p2a: Magical Mirai|Miraidon, L50|100/100\n|switch|p2b: Rice Shower|Calyrex-Shadow, L50|100/100\n|-ability|p2b: Rice Shower|As One\n|-ability|p2b: Rice Shower|Unnerve\n|-ability|p1a: Calyrex|As One\n|-ability|p1a: Calyrex|Unnerve\n|-fieldstart|move: Electric Terrain|[from] ability: Hadron Engine|[of] p2a: Magical Mirai\n|-ability|p1b: Gawain|Mold Breaker\n|turn|1\n|\n|t:|1773809474\n|-terastallize|p1a: Calyrex|Dark\n|-terastallize|p2b: Rice Shower|Fairy\n|move|p1b: Gawain|Follow Me|p1b: Gawain\n|-singleturn|p1b: Gawain|move: Follow Me\n|move|p2a: Magical Mirai|Snarl|p1b: Gawain|[spread] p1a,p1b\n|-resisted|p1a: Calyrex\n|-damage|p1a: Calyrex|90/100\n|-damage|p1b: Gawain|80/100\n|-unboost|p1a: Calyrex|spa|1\n|-unboost|p1b: Gawain|spa|1\n|move|p2b: Rice Shower|Nasty Plot|p2b: Rice Shower\n|-boost|p2b: Rice Shower|spa|2\n|move|p1a: Calyrex|Astral Barrage|p2a: Magical Mirai|[spread] p2a,p2b\n|-damage|p2a: Magical Mirai|59/100\n|-damage|p2b: Rice Shower|56/100\n|-damage|p1a: Calyrex|80/100|[from] item: Life Orb\n|\n|upkeep\n|turn|2\n|\n|t:|1773809490\n|move|p1a: Calyrex|Protect|p1a: Calyrex\n|-singleturn|p1a: Calyrex|Protect\n|move|p2a: Magical Mirai|Snarl|p1b: Gawain|[spread] p1b\n|-activate|p1a: Calyrex|move: Protect\n|-damage|p1b: Gawain|61/100\n|-unboost|p1b: Gawain|spa|1\n|move|p2b: Rice Shower|Astral Barrage|p1b: Gawain|[spread] p1b\n|-activate|p1a: Calyrex|move: Protect\n|-damage|p1b: Gawain|0 fnt\n|faint|p1b: Gawain\n|-ability|p2b: Rice Shower|Grim Neigh|boost\n|-boost|p2b: Rice Shower|spa|1\n|\n|upkeep\n|\n|t:|1773809499\n|switch|p1b: Raging Bolt|Raging Bolt, L50|100/100\n|-enditem|p1b: Raging Bolt|Booster Energy\n|-activate|p1b: Raging Bolt|ability: Protosynthesis|[fromitem]\n|-start|p1b: Raging Bolt|protosynthesisspa\n|turn|3\n|\n|t:|1773809516\n|switch|p2a: Rillaboom|Rillaboom, L50, M|100/100\n|-fieldstart|move: Grassy Terrain|[from] ability: Grassy Surge|[of] p2a: Rillaboom\n|switch|p1a: Zamazenta|Zamazenta-Crowned, L50|100/100\n|-ability|p1a: Zamazenta|Dauntless Shield|boost\n|-boost|p1a: Zamazenta|def|1\n|move|p2b: Rice Shower|Protect|p2b: Rice Shower\n|-singleturn|p2b: Rice Shower|Protect\n|move|p1b: Raging Bolt|Thunderclap||[still]\n|-fail|p1b: Raging Bolt\n|\n|-heal|p2b: Rice Shower|62/100|[from] Grassy Terrain\n|upkeep\n|turn|4\n|\n|t:|1773809534\n|move|p2a: Rillaboom|Fake Out|p1a: Zamazenta\n|-resisted|p1a: Zamazenta\n|-damage|p1a: Zamazenta|98/100\n|move|p1b: Raging Bolt|Thunderclap|p2b: Rice Shower\n|-damage|p2b: Rice Shower|11/100\n|move|p2b: Rice Shower|Draining Kiss|p1b: Raging Bolt\n|-supereffective|p1b: Raging Bolt\n|-damage|p1b: Raging Bolt|0 fnt\n|-heal|p2b: Rice Shower|100/100|[from] drain|[of] p1b: Raging Bolt\n|faint|p1b: Raging Bolt\n|-end|p1b: Raging Bolt|Protosynthesis|[silent]\n|-ability|p2b: Rice Shower|Grim Neigh|boost\n|-boost|p2b: Rice Shower|spa|1\n|cant|p1a: Zamazenta|flinch\n|\n|-heal|p1a: Zamazenta|100/100|[from] Grassy Terrain\n|upkeep\n|\n|t:|1773809540\n|switch|p1b: Calyrex|Calyrex-Shadow, L50, tera:Dark|80/100\n|-ability|p1b: Calyrex|As One\n|-ability|p1b: Calyrex|Unnerve\n|turn|5\n|\n|t:|1773809546\n|move|p1b: Calyrex|Protect|p1b: Calyrex\n|-singleturn|p1b: Calyrex|Protect\n|move|p2b: Rice Shower|Protect|p2b: Rice Shower\n|-singleturn|p2b: Rice Shower|Protect\n|move|p1a: Zamazenta|Heavy Slam|p2b: Rice Shower\n|-activate|p2b: Rice Shower|move: Protect\n|move|p2a: Rillaboom|U-turn|p1b: Calyrex\n|-activate|p1b: Calyrex|move: Protect\n|\n|-heal|p1b: Calyrex|86/100|[from] Grassy Terrain\n|upkeep\n|turn|6\n|\n|t:|1773809558\n|move|p1b: Calyrex|Protect||[still]\n|-fail|p1b: Calyrex\n|move|p2b: Rice Shower|Draining Kiss|p1b: Calyrex\n|-supereffective|p1b: Calyrex\n|-damage|p1b: Calyrex|0 fnt\n|faint|p1b: Calyrex\n|-ability|p2b: Rice Shower|Grim Neigh|boost\n|-boost|p2b: Rice Shower|spa|1\n|move|p1a: Zamazenta|Heavy Slam|p2b: Rice Shower\n|-supereffective|p2b: Rice Shower\n|-damage|p2b: Rice Shower|0 fnt\n|faint|p2b: Rice Shower\n|move|p2a: Rillaboom|U-turn|p1a: Zamazenta\n|-resisted|p1a: Zamazenta\n|-damage|p1a: Zamazenta|98/100\n|-message|kdan_7 forfeited.\n|\n|win|TheManOfSausage\n|raw|kdan_7's rating: 1396 &rarr; <strong>1384</strong><br />(-12 for losing)\n|raw|TheManOfSausage's rating: 1534 &rarr; <strong>1546</strong><br />(+12 for winning)\n|l|\u2606kdan_7\n|player|p1|\n|l|\u2606TheManOfSausage\n|player|p2|\n","uploadtime":1773809813,"views":11,"formatid":"gen9vgc2026regi","rating":1384,"private":0,"password":null}