{"id":"gen9vgc2026regi-2558490759","format":"[Gen 9] VGC 2026 Reg I","players":["ArisHazard","Ice124567890"],"log":"|j|\u2606ArisHazard\n|j|\u2606Ice124567890\n|t:|1773439881\n|gametype|doubles\n|player|p1|ArisHazard|1|1446\n|player|p2|Ice124567890|266|1570\n|gen|9\n|tier|[Gen 9] VGC 2026 Reg I\n|rated|\n|rule|Species Clause: Limit one of each Pok\u00e9mon\n|rule|Item Clause: Limit 1 of each item\n|clearpoke\n|poke|p1|Calyrex-Ice, L50|\n|poke|p1|Hitmontop, L50, M|\n|poke|p1|Miraidon, L50|\n|poke|p1|Sableye, L50, M|\n|poke|p1|Ting-Lu, L50|\n|poke|p1|Iron Valiant, L50|\n|poke|p2|Zacian-*, L50|\n|poke|p2|Calyrex-Shadow, L50|\n|poke|p2|Tornadus, L50, M|\n|poke|p2|Landorus, L50, M|\n|poke|p2|Urshifu-*, L50, F|\n|poke|p2|Incineroar, L50, M|\n|teampreview|4\n|inactive|Battle timer is ON: inactive players will automatically lose when time's up. (requested by ArisHazard)\n|inactive|Ice124567890 also wants the timer to be on.\n|inactive|ArisHazard has 60 seconds left.\n|\n|t:|1773439920\n|teamsize|p1|4\n|teamsize|p2|4\n|start\n|switch|p1a: Calyrex|Calyrex-Ice, L50|100/100\n|switch|p1b: Hitmontop|Hitmontop, L50, M|100/100\n|switch|p2a: Urshifu|Urshifu-Rapid-Strike, L50, F|100/100\n|switch|p2b: Incineroar|Incineroar, L50, M|100/100\n|-ability|p1a: Calyrex|As One\n|-ability|p1a: Calyrex|Unnerve\n|-ability|p1b: Hitmontop|Intimidate|boost\n|-unboost|p2a: Urshifu|atk|1\n|-unboost|p2b: Incineroar|atk|1\n|-ability|p2b: Incineroar|Intimidate|boost\n|-fail|p1a: Calyrex|unboost|[from] item: Clear Amulet|[of] p1a: Calyrex\n|-unboost|p1b: Hitmontop|atk|1\n|turn|1\n|inactive|ArisHazard has 30 seconds left.\n|\n|t:|1773439948\n|switch|p1a: Miraidon|Miraidon, L50|100/100\n|-fieldstart|move: Electric Terrain|[from] ability: Hadron Engine|[of] p1a: Miraidon\n|move|p1b: Hitmontop|Fake Out|p2a: Urshifu\n|-damage|p2a: Urshifu|94/100\n|move|p2b: Incineroar|Fake Out|p1a: Miraidon\n|-damage|p1a: Miraidon|94/100\n|cant|p2a: Urshifu|flinch\n|\n|upkeep\n|turn|2\n|\n|t:|1773439963\n|move|p2a: Urshifu|Detect|p2a: Urshifu\n|-singleturn|p2a: Urshifu|Protect\n|move|p1a: Miraidon|Volt Switch|p2b: Incineroar\n|-damage|p2b: Incineroar|58/100\n|\n|t:|1773439968\n|switch|p1a: Calyrex|Calyrex-Ice, L50|100/100|[from] Volt Switch\n|-ability|p1a: Calyrex|As One\n|-ability|p1a: Calyrex|Unnerve\n|move|p1b: Hitmontop|Coaching|p1a: Calyrex\n|-boost|p1a: Calyrex|atk|1\n|-boost|p1a: Calyrex|def|1\n|move|p2b: Incineroar|U-turn|p1a: Calyrex\n|-supereffective|p1a: Calyrex\n|-damage|p1a: Calyrex|86/100\n|\n|t:|1773439974\n|switch|p2b: Calyrex|Calyrex-Shadow, L50|100/100|[from] U-turn\n|-ability|p2b: Calyrex|As One\n|-ability|p2b: Calyrex|Unnerve\n|\n|upkeep\n|turn|3\n|\n|t:|1773439991\n|-terastallize|p2b: Calyrex|Ghost\n|move|p1b: Hitmontop|Wide Guard|p1b: Hitmontop\n|-singleturn|p1b: Hitmontop|Wide Guard\n|move|p2b: Calyrex|Astral Barrage|p1b: Hitmontop|[spread] \n|-activate|p1a: Calyrex|move: Wide Guard\n|-activate|p1b: Hitmontop|move: Wide Guard\n|move|p2a: Urshifu|Surging Strikes|p1a: Calyrex\n|-crit|p1a: Calyrex\n|-damage|p1a: Calyrex|68/100\n|-crit|p1a: Calyrex\n|-damage|p1a: Calyrex|51/100\n|-crit|p1a: Calyrex\n|-damage|p1a: Calyrex|36/100\n|-hitcount|p1a: Calyrex|3\n|move|p1a: Calyrex|Trick Room|p1a: Calyrex\n|-fieldstart|move: Trick Room|[of] p1a: Calyrex\n|\n|upkeep\n|turn|4\n|\n|t:|1773440013\n|switch|p2b: Incineroar|Incineroar, L50, M|58/100\n|-ability|p2b: Incineroar|Intimidate|boost\n|-fail|p1a: Calyrex|unboost|[from] item: Clear Amulet|[of] p1a: Calyrex\n|-unboost|p1b: Hitmontop|atk|1\n|move|p1a: Calyrex|Glacial Lance|p2a: Urshifu|[spread] p2a,p2b\n|-resisted|p2a: Urshifu\n|-resisted|p2b: Incineroar\n|-damage|p2a: Urshifu|52/100\n|-damage|p2b: Incineroar|24/100\n|move|p1b: Hitmontop|Close Combat|p2a: Urshifu\n|-damage|p2a: Urshifu|32/100\n|-unboost|p1b: Hitmontop|def|1\n|-unboost|p1b: Hitmontop|spd|1\n|move|p2a: Urshifu|Surging Strikes|p1a: Calyrex\n|-crit|p1a: Calyrex\n|-damage|p1a: Calyrex|20/100\n|-crit|p1a: Calyrex\n|-damage|p1a: Calyrex|2/100\n|-crit|p1a: Calyrex\n|-damage|p1a: Calyrex|0 fnt\n|faint|p1a: Calyrex\n|-hitcount|p1: Calyrex|3\n|\n|upkeep\n|\n|t:|1773440035\n|switch|p1a: Sableye|Sableye, L50, M|100/100\n|turn|5\n|\n|t:|1773440046\n|switch|p1a: Miraidon|Miraidon, L50|94/100\n|-activate|p1a: Miraidon|ability: Hadron Engine\n|move|p2b: Incineroar|Fake Out|p1b: Hitmontop\n|-damage|p1b: Hitmontop|81/100\n|move|p1b: Hitmontop|Close Combat|p2b: Incineroar\n|-supereffective|p2b: Incineroar\n|-damage|p2b: Incineroar|0 fnt\n|-unboost|p1b: Hitmontop|def|1\n|-unboost|p1b: Hitmontop|spd|1\n|faint|p2b: Incineroar\n|move|p2a: Urshifu|Surging Strikes|p1b: Hitmontop\n|-crit|p1b: Hitmontop\n|-damage|p1b: Hitmontop|32/100\n|-crit|p1b: Hitmontop\n|-damage|p1b: Hitmontop|0 fnt\n|faint|p1b: Hitmontop\n|-hitcount|p1: Hitmontop|2\n|\n|-fieldend|move: Electric Terrain\n|upkeep\n|\n|t:|1773440065\n|switch|p2b: Zacian|Zacian-Crowned, L50|100/100\n|switch|p1b: Sableye|Sableye, L50, M|100/100\n|-ability|p2b: Zacian|Intrepid Sword|boost\n|-boost|p2b: Zacian|atk|1\n|turn|6\n|\n|t:|1773440077\n|-terastallize|p1a: Miraidon|Electric\n|move|p2b: Zacian|Protect|p2b: Zacian\n|-singleturn|p2b: Zacian|Protect\n|move|p1b: Sableye|Foul Play|p2a: Urshifu\n|-resisted|p2a: Urshifu\n|-damage|p2a: Urshifu|15/100\n|move|p2a: Urshifu|Surging Strikes|p1b: Sableye\n|-crit|p1b: Sableye\n|-damage|p1b: Sableye|72/100\n|-crit|p1b: Sableye\n|-damage|p1b: Sableye|43/100\n|-enditem|p1b: Sableye|Sitrus Berry|[eat]\n|-heal|p1b: Sableye|68/100|[from] item: Sitrus Berry\n|-crit|p1b: Sableye\n|-damage|p1b: Sableye|37/100\n|-hitcount|p1b: Sableye|3\n|move|p1a: Miraidon|Electro Drift|p2b: Zacian\n|-activate|p2b: Zacian|move: Protect\n|\n|upkeep\n|turn|7\n|inactive|ArisHazard has 30 seconds left.\n|inactive|Ice124567890 has 30 seconds left.\n|\n|t:|1773440106\n|switch|p2b: Calyrex|Calyrex-Shadow, L50, tera:Ghost|100/100\n|-ability|p2b: Calyrex|As One\n|-ability|p2b: Calyrex|Unnerve\n|move|p1b: Sableye|Foul Play|p2a: Urshifu\n|-resisted|p2a: Urshifu\n|-damage|p2a: Urshifu|0 fnt\n|faint|p2a: Urshifu\n|move|p1a: Miraidon|Electro Drift|p2b: Calyrex\n|-damage|p2b: Calyrex|27/100\n|\n|-fieldend|move: Trick Room\n|upkeep\n|\n|t:|1773440109\n|switch|p2a: Zacian|Zacian-Crowned, L50|100/100\n|turn|8\n|\n|t:|1773440124\n|move|p1b: Sableye|Protect|p1b: Sableye\n|-singleturn|p1b: Sableye|Protect\n|move|p2b: Calyrex|Protect|p2b: Calyrex\n|-singleturn|p2b: Calyrex|Protect\n|move|p2a: Zacian|Behemoth Blade|p1b: Sableye\n|-activate|p1b: Sableye|move: Protect\n|move|p1a: Miraidon|Snarl|p2b: Calyrex|[spread] p2a\n|-activate|p2b: Calyrex|move: Protect\n|-resisted|p2a: Zacian\n|-damage|p2a: Zacian|94/100\n|-unboost|p2a: Zacian|spa|1\n|\n|upkeep\n|turn|9\n|\n|t:|1773440139\n|move|p1b: Sableye|Encore|p2b: Calyrex\n|-start|p2b: Calyrex|Encore\n|move|p2b: Calyrex|Protect|p2b: Calyrex\n|-singleturn|p2b: Calyrex|Protect\n|move|p2a: Zacian|Play Rough|p1a: Miraidon|[miss]\n|-miss|p2a: Zacian|p1a: Miraidon\n|move|p1a: Miraidon|Electro Drift|p2a: Zacian\n|-damage|p2a: Zacian|26/100\n|\n|upkeep\n|turn|10\n|-message|Ice124567890 forfeited.\n|\n|win|ArisHazard\n|raw|ArisHazard's rating: 1446 &rarr; <strong>1473</strong><br />(+27 for winning)\n|raw|Ice124567890's rating: 1570 &rarr; <strong>1543</strong><br />(-27 for losing)\n|l|\u2606Ice124567890\n|player|p2|\n|l|\u2606ArisHazard\n|player|p1|\n","uploadtime":1773440292,"views":17,"formatid":"gen9vgc2026regi","rating":1473,"private":0,"password":null}