{"id":"gen9vgc2026regi-2544172055","format":"[Gen 9] VGC 2026 Reg I","players":["fogdocker","jikan520"],"log":"|j|\u2606fogdocker\n|j|\u2606jikan520\n|t:|1771671577\n|gametype|doubles\n|player|p1|fogdocker|101|1370\n|player|p2|jikan520|101|1178\n|gen|9\n|tier|[Gen 9] VGC 2026 Reg I\n|rated|\n|rule|Species Clause: Limit one of each Pok\u00e9mon\n|rule|Item Clause: Limit 1 of each item\n|clearpoke\n|poke|p1|Calyrex-Ice, L50|\n|poke|p1|Koraidon, L50|\n|poke|p1|Flutter Mane, L50|\n|poke|p1|Incineroar, L50, F|\n|poke|p1|Rillaboom, L50, M|\n|poke|p1|Volcarona, L50, F|\n|poke|p2|Toxapex, L50, F|\n|poke|p2|Terapagos, L50, M|\n|poke|p2|Incineroar, L50, F|\n|poke|p2|Zamazenta-*, L50|\n|poke|p2|Rillaboom, L50, M|\n|poke|p2|Urshifu-*, L50, F|\n|teampreview|4\n|\n|t:|1771671642\n|teamsize|p1|4\n|teamsize|p2|4\n|start\n|switch|p1a: Koraidon|Koraidon, L50|100/100\n|switch|p1b: Calyrex|Calyrex-Ice, L50|100/100\n|switch|p2a: Toxapex|Toxapex, L50, F|100/100\n|switch|p2b: Urshifu|Urshifu-Rapid-Strike, L50, F|100/100\n|-ability|p1b: Calyrex|As One\n|-ability|p1b: Calyrex|Unnerve\n|-weather|SunnyDay|[from] ability: Orichalcum Pulse|[of] p1a: Koraidon\n|-activate|p1a: Koraidon|Orichalcum Pulse|[source]\n|turn|1\n|\n|t:|1771671678\n|move|p2a: Toxapex|Baneful Bunker|p2a: Toxapex\n|-singleturn|p2a: Toxapex|move: Protect\n|move|p1a: Koraidon|Close Combat|p2b: Urshifu\n|-damage|p2b: Urshifu|2/100\n|-unboost|p1a: Koraidon|def|1\n|-unboost|p1a: Koraidon|spd|1\n|-damage|p1a: Koraidon|91/100|[from] item: Life Orb\n|move|p2b: Urshifu|Surging Strikes|p1a: Koraidon\n|-resisted|p1a: Koraidon\n|-crit|p1a: Koraidon\n|-damage|p1a: Koraidon|84/100\n|-resisted|p1a: Koraidon\n|-crit|p1a: Koraidon\n|-damage|p1a: Koraidon|78/100\n|-resisted|p1a: Koraidon\n|-crit|p1a: Koraidon\n|-damage|p1a: Koraidon|71/100\n|-hitcount|p1a: Koraidon|3\n|move|p1b: Calyrex|Leech Seed|p2a: Toxapex\n|-activate|p2a: Toxapex|move: Protect\n|\n|-weather|SunnyDay|[upkeep]\n|upkeep\n|turn|2\n|\n|t:|1771671727\n|move|p2b: Urshifu|Detect|p2b: Urshifu\n|-singleturn|p2b: Urshifu|Protect\n|move|p1a: Koraidon|Flare Blitz|p2b: Urshifu\n|-activate|p2b: Urshifu|move: Protect\n|move|p2a: Toxapex|Toxic|p1b: Calyrex\n|-status|p1b: Calyrex|tox\n|move|p1b: Calyrex|Leech Seed|p2a: Toxapex\n|-start|p2a: Toxapex|move: Leech Seed\n|\n|-weather|SunnyDay|[upkeep]\n|-damage|p2a: Toxapex|88/100|[from] Leech Seed|[of] p1b: Calyrex\n|-damage|p1b: Calyrex|95/100 tox|[from] psn\n|upkeep\n|turn|3\n|\n|t:|1771671772\n|switch|p1b: Volcarona|Volcarona, L50, F|100/100\n|move|p2a: Toxapex|Baneful Bunker|p2a: Toxapex\n|-singleturn|p2a: Toxapex|move: Protect\n|move|p1a: Koraidon|Close Combat|p2b: Urshifu\n|-damage|p2b: Urshifu|0 fnt\n|-unboost|p1a: Koraidon|def|1\n|-unboost|p1a: Koraidon|spd|1\n|faint|p2b: Urshifu\n|-damage|p1a: Koraidon|62/100|[from] item: Life Orb\n|\n|-weather|SunnyDay|[upkeep]\n|-heal|p2a: Toxapex|94/100|[from] item: Black Sludge\n|-damage|p2a: Toxapex|82/100|[from] Leech Seed|[of] p1b: Volcarona\n|upkeep\n|\n|t:|1771671794\n|switch|p2b: Zamazenta|Zamazenta, L50|100/100\n|-ability|p2b: Zamazenta|Dauntless Shield|boost\n|-boost|p2b: Zamazenta|def|1\n|turn|4\n|\n|t:|1771671815\n|switch|p2a: Terapagos|Terapagos, L50, M|100/100\n|-activate|p2a: Terapagos|ability: Tera Shift\n|detailschange|p2a: Terapagos|Terapagos-Terastal, L50, M\n|-heal|p2a: Terapagos|100/100|[silent]\n|-terastallize|p1a: Koraidon|Fire\n|-terastallize|p2b: Zamazenta|Fire\n|move|p1b: Volcarona|Rage Powder|p1b: Volcarona\n|-singleturn|p1b: Volcarona|move: Rage Powder\n|move|p1a: Koraidon|Flare Blitz|p2b: Zamazenta\n|-resisted|p2b: Zamazenta\n|-damage|p2b: Zamazenta|57/100\n|-damage|p1a: Koraidon|46/100|[from] Recoil\n|-damage|p1a: Koraidon|36/100|[from] item: Life Orb\n|move|p2b: Zamazenta|Body Press|p1a: Koraidon\n|-damage|p1a: Koraidon|0 fnt\n|faint|p1a: Koraidon\n|\n|-weather|SunnyDay|[upkeep]\n|upkeep\n|\n|t:|1771671832\n|switch|p1a: Calyrex|Calyrex-Ice, L50|95/100 tox\n|-ability|p1a: Calyrex|As One\n|-ability|p1a: Calyrex|Unnerve\n|turn|5\n|\n|t:|1771671855\n|move|p2b: Zamazenta|Body Press|p1a: Calyrex\n|-damage|p1a: Calyrex|67/100 tox\n|move|p1b: Volcarona|Struggle Bug|p2b: Zamazenta|[spread] p2a,p2b\n|-activate|p2a: Terapagos|ability: Tera Shell\n|-resisted|p2a: Terapagos\n|-resisted|p2b: Zamazenta\n|-damage|p2a: Terapagos|95/100\n|-damage|p2b: Zamazenta|51/100\n|-unboost|p2a: Terapagos|spa|1\n|-unboost|p2b: Zamazenta|spa|1\n|move|p2a: Terapagos|Earth Power|p1b: Volcarona\n|-damage|p1b: Volcarona|84/100\n|move|p1a: Calyrex|Leech Seed|p2a: Terapagos\n|-start|p2a: Terapagos|move: Leech Seed\n|\n|-weather|none\n|-heal|p2a: Terapagos|100/100|[from] item: Leftovers\n|-heal|p1a: Calyrex|72/100 tox|[from] item: Leftovers\n|-damage|p2a: Terapagos|88/100|[from] Leech Seed|[of] p1a: Calyrex\n|-heal|p1a: Calyrex|85/100 tox|[silent]\n|-damage|p1a: Calyrex|79/100 tox|[from] psn\n|upkeep\n|turn|6\n|\n|t:|1771671882\n|switch|p2a: Toxapex|Toxapex, L50, F|100/100\n|move|p2b: Zamazenta|Crunch|p1a: Calyrex\n|-supereffective|p1a: Calyrex\n|-damage|p1a: Calyrex|56/100 tox\n|-unboost|p1a: Calyrex|def|1\n|move|p1b: Volcarona|Struggle Bug|p2b: Zamazenta|[spread] p2a,p2b\n|-resisted|p2a: Toxapex\n|-resisted|p2b: Zamazenta\n|-damage|p2a: Toxapex|94/100\n|-damage|p2b: Zamazenta|44/100\n|-unboost|p2a: Toxapex|spa|1\n|-unboost|p2b: Zamazenta|spa|1\n|move|p1a: Calyrex|Leech Seed|p2b: Zamazenta\n|-start|p2b: Zamazenta|move: Leech Seed\n|\n|-heal|p2a: Toxapex|99/100|[from] item: Black Sludge\n|-heal|p1a: Calyrex|61/100 tox|[from] item: Leftovers\n|-damage|p2b: Zamazenta|32/100|[from] Leech Seed|[of] p1a: Calyrex\n|-heal|p1a: Calyrex|72/100 tox|[silent]\n|-damage|p1a: Calyrex|61/100 tox|[from] psn\n|upkeep\n|turn|7\n|\n|t:|1771671905\n|switch|p2b: Terapagos|Terapagos-Terastal, L50, M|88/100\n|switch|p1a: Incineroar|Incineroar, L50, F|100/100\n|-ability|p1a: Incineroar|Intimidate|boost\n|-unboost|p2a: Toxapex|atk|1\n|-unboost|p2b: Terapagos|atk|1\n|move|p1b: Volcarona|Struggle Bug|p2a: Toxapex|[spread] p2a,p2b\n|-resisted|p2a: Toxapex\n|-damage|p2a: Toxapex|93/100\n|-damage|p2b: Terapagos|75/100\n|-unboost|p2a: Toxapex|spa|1\n|-unboost|p2b: Terapagos|spa|1\n|move|p2a: Toxapex|Toxic|p1b: Volcarona\n|-status|p1b: Volcarona|tox\n|\n|-heal|p2b: Terapagos|81/100|[from] item: Leftovers\n|-heal|p2a: Toxapex|99/100|[from] item: Black Sludge\n|-damage|p1b: Volcarona|78/100 tox|[from] psn\n|upkeep\n|turn|8\n|\n|t:|1771671941\n|switch|p1b: Calyrex|Calyrex-Ice, L50|61/100 tox\n|-ability|p1b: Calyrex|As One\n|-ability|p1b: Calyrex|Unnerve\n|move|p1a: Incineroar|Fake Out|p2b: Terapagos\n|-damage|p2b: Terapagos|72/100\n|cant|p2b: Terapagos|flinch\n|move|p2a: Toxapex|Toxic|p1a: Incineroar\n|-status|p1a: Incineroar|tox\n|\n|-heal|p2b: Terapagos|78/100|[from] item: Leftovers\n|-heal|p2a: Toxapex|100/100|[from] item: Black Sludge\n|-heal|p1b: Calyrex|67/100 tox|[from] item: Leftovers\n|-damage|p1a: Incineroar|95/100 tox|[from] psn\n|-damage|p1b: Calyrex|61/100 tox|[from] psn\n|upkeep\n|turn|9\n|\n|t:|1771671962\n|move|p2b: Terapagos|Protect|p2b: Terapagos\n|-singleturn|p2b: Terapagos|Protect\n|move|p2a: Toxapex|Baneful Bunker|p2a: Toxapex\n|-singleturn|p2a: Toxapex|move: Protect\n|move|p1a: Incineroar|Parting Shot|p2b: Terapagos\n|-activate|p2b: Terapagos|move: Protect\n|move|p1b: Calyrex|Leech Seed|p2a: Toxapex\n|-activate|p2a: Toxapex|move: Protect\n|\n|-heal|p2b: Terapagos|84/100|[from] item: Leftovers\n|-heal|p1b: Calyrex|67/100 tox|[from] item: Leftovers\n|-damage|p1a: Incineroar|83/100 tox|[from] psn\n|-damage|p1b: Calyrex|55/100 tox|[from] psn\n|upkeep\n|turn|10\n|\n|t:|1771671994\n|move|p2b: Terapagos|Earth Power|p1a: Incineroar\n|-supereffective|p1a: Incineroar\n|-damage|p1a: Incineroar|54/100 tox\n|move|p1a: Incineroar|Knock Off|p2b: Terapagos\n|-damage|p2b: Terapagos|57/100\n|-enditem|p2b: Terapagos|Leftovers|[from] move: Knock Off|[of] p1a: Incineroar\n|move|p2a: Toxapex|Lunge|p1b: Calyrex\n|-supereffective|p1b: Calyrex\n|-damage|p1b: Calyrex|46/100 tox\n|-unboost|p1b: Calyrex|atk|1\n|move|p1b: Calyrex|Leech Seed|p2a: Toxapex\n|-start|p2a: Toxapex|move: Leech Seed\n|\n|-heal|p1b: Calyrex|52/100 tox|[from] item: Leftovers\n|-damage|p2a: Toxapex|88/100|[from] Leech Seed|[of] p1b: Calyrex\n|-heal|p1b: Calyrex|61/100 tox|[silent]\n|-damage|p1a: Incineroar|36/100 tox|[from] psn\n|-damage|p1b: Calyrex|44/100 tox|[from] psn\n|upkeep\n|turn|11\n|\n|t:|1771672019\n|switch|p1a: Volcarona|Volcarona, L50, F|78/100 tox\n|switch|p2a: Zamazenta|Zamazenta, L50, tera:Fire|32/100\n|move|p2b: Terapagos|Protect|p2b: Terapagos\n|-singleturn|p2b: Terapagos|Protect\n|move|p1b: Calyrex|Leech Seed|p2b: Terapagos\n|-activate|p2b: Terapagos|move: Protect\n|\n|-heal|p1b: Calyrex|50/100 tox|[from] item: Leftovers\n|-damage|p1a: Volcarona|72/100 tox|[from] psn\n|-damage|p1b: Calyrex|27/100 tox|[from] psn\n|upkeep\n|turn|12\n|\n|t:|1771672040\n|switch|p2b: Toxapex|Toxapex, L50, F|100/100\n|switch|p1b: Incineroar|Incineroar, L50, F|36/100 tox\n|-ability|p1b: Incineroar|Intimidate|boost\n|-unboost|p2a: Zamazenta|atk|1\n|-unboost|p2b: Toxapex|atk|1\n|move|p2a: Zamazenta|Body Press|p1b: Incineroar\n|-supereffective|p1b: Incineroar\n|-damage|p1b: Incineroar|0 fnt\n|faint|p1b: Incineroar\n|move|p1a: Volcarona|Overheat|p2b: Toxapex\n|-resisted|p2b: Toxapex\n|-damage|p2b: Toxapex|78/100\n|-unboost|p1a: Volcarona|spa|2\n|\n|-heal|p2b: Toxapex|83/100|[from] item: Black Sludge\n|-damage|p1a: Volcarona|59/100 tox|[from] psn\n|upkeep\n|-message|fogdocker forfeited.\n|\n|win|jikan520\n|raw|fogdocker's rating: 1370 &rarr; <strong>1340</strong><br />(-30 for losing)\n|raw|jikan520's rating: 1178 &rarr; <strong>1216</strong><br />(+38 for winning)\n|l|\u2606fogdocker\n|player|p1|\n|l|\u2606jikan520\n|player|p2|\n","uploadtime":1771672268,"views":12,"formatid":"gen9vgc2026regi","rating":1216,"private":0,"password":null}