{"id":"gen9vgc2026regi-2574966427","format":"[Gen 9] VGC 2026 Reg I","players":["testhan92","mlayer01"],"log":"|j|\u2606testhan92\n|j|\u2606mlayer01\n|t:|1775303686\n|gametype|doubles\n|player|p1|testhan92|101|1267\n|player|p2|mlayer01|102|1167\n|gen|9\n|tier|[Gen 9] VGC 2026 Reg I\n|rated|\n|rule|Species Clause: Limit one of each Pok\u00e9mon\n|rule|Item Clause: Limit 1 of each item\n|clearpoke\n|poke|p1|Koraidon, L50|\n|poke|p1|Terapagos, L50, M|\n|poke|p1|Amoonguss, L50, F|\n|poke|p1|Incineroar, L50, M|\n|poke|p1|Raging Bolt, L50|\n|poke|p1|Flutter Mane, L50|\n|poke|p2|Walking Wake, L50|\n|poke|p2|Torkoal, L50, F|\n|poke|p2|Lilligant-Hisui, L50, F|\n|poke|p2|Flutter Mane, L50|\n|poke|p2|Raging Bolt, L50|\n|poke|p2|Landorus, L50, M|\n|teampreview|4\n|\n|t:|1775303755\n|teamsize|p1|4\n|teamsize|p2|4\n|start\n|switch|p1a: Terapagos|Terapagos, L50, M|100/100\n|switch|p1b: Flutter Mane|Flutter Mane, L50|100/100\n|switch|p2a: Torkoal|Torkoal, L50, F|100/100\n|switch|p2b: Flutter Mane|Flutter Mane, L50|100/100\n|-activate|p1a: Terapagos|ability: Tera Shift\n|detailschange|p1a: Terapagos|Terapagos-Terastal, L50, M\n|-heal|p1a: Terapagos|100/100|[silent]\n|-weather|SunnyDay|[from] ability: Drought|[of] p2a: Torkoal\n|-activate|p2b: Flutter Mane|ability: Protosynthesis\n|-start|p2b: Flutter Mane|protosynthesisspe\n|-activate|p1b: Flutter Mane|ability: Protosynthesis\n|-start|p1b: Flutter Mane|protosynthesisspe\n|turn|1\n|inactive|Battle timer is ON: inactive players will automatically lose when time's up. (requested by testhan92)\n|\n|t:|1775303803\n|-terastallize|p1a: Terapagos|Stellar\n|detailschange|p1a: Terapagos|Terapagos-Stellar, L50, M, tera:Stellar\n|-heal|p1a: Terapagos|100/100|[silent]\n|-ability|p1a: Terapagos|Teraform Zero\n|-weather|none\n|-end|p1b: Flutter Mane|Protosynthesis\n|-end|p2b: Flutter Mane|Protosynthesis\n|move|p2b: Flutter Mane|Shadow Ball|p1b: Flutter Mane\n|-supereffective|p1b: Flutter Mane\n|-enditem|p1b: Flutter Mane|Focus Sash\n|-damage|p1b: Flutter Mane|1/100\n|move|p1b: Flutter Mane|Icy Wind|p2b: Flutter Mane|[spread] p2a,p2b\n|-resisted|p2a: Torkoal\n|-damage|p2a: Torkoal|93/100\n|-damage|p2b: Flutter Mane|87/100\n|-unboost|p2a: Torkoal|spe|1\n|-unboost|p2b: Flutter Mane|spe|1\n|move|p1a: Terapagos|Meteor Beam||[still]\n|-prepare|p1a: Terapagos|Meteor Beam\n|-boost|p1a: Terapagos|spa|1\n|-enditem|p1a: Terapagos|Power Herb\n|-anim|p1a: Terapagos|Meteor Beam|p2a: Torkoal\n|-supereffective|p2a: Torkoal\n|-damage|p2a: Torkoal|0 fnt\n|faint|p2a: Torkoal\n|\n|upkeep\n|inactive|mlayer01 has 30 seconds left.\n|\n|t:|1775303831\n|switch|p2a: Landorus|Landorus, L50, M|100/100\n|turn|2\n|\n|t:|1775303854\n|move|p2a: Landorus|Sludge Bomb|p1a: Terapagos\n|-damage|p1a: Terapagos|70/100\n|move|p1b: Flutter Mane|Shadow Ball|p2b: Flutter Mane\n|-supereffective|p2b: Flutter Mane\n|-damage|p2b: Flutter Mane|5/100\n|move|p1a: Terapagos|Tera Starstorm|p2b: Flutter Mane|[spread] p2a,p2b\n|-damage|p2a: Landorus|34/100\n|-damage|p2b: Flutter Mane|0 fnt\n|faint|p2b: Flutter Mane\n|-end|p2b: Flutter Mane|Protosynthesis|[silent]\n|\n|upkeep\n|\n|t:|1775303867\n|switch|p2b: Walking Wake|Walking Wake, L50|100/100\n|turn|3\n|inactive|mlayer01 has 30 seconds left.\n|\n|t:|1775303897\n|move|p2a: Landorus|Sludge Bomb|p1b: Flutter Mane\n|-damage|p1b: Flutter Mane|0 fnt\n|faint|p1b: Flutter Mane\n|-end|p1b: Flutter Mane|Protosynthesis|[silent]\n|move|p2b: Walking Wake|Flamethrower|p1a: Terapagos\n|-damage|p1a: Terapagos|42/100\n|-damage|p2b: Walking Wake|91/100|[from] item: Life Orb\n|move|p1a: Terapagos|Tera Starstorm|p2b: Walking Wake|[spread] p2a,p2b\n|-damage|p2a: Landorus|0 fnt\n|-damage|p2b: Walking Wake|28/100\n|faint|p2a: Landorus\n|\n|upkeep\n|\n|t:|1775303907\n|switch|p1b: Raging Bolt|Raging Bolt, L50|100/100\n|turn|4\n|\n|t:|1775303914\n|move|p2b: Walking Wake|Protect|p2b: Walking Wake\n|-singleturn|p2b: Walking Wake|Protect\n|move|p1b: Raging Bolt|Thunderclap||[still]\n|-fail|p1b: Raging Bolt\n|move|p1a: Terapagos|Tera Starstorm|p2b: Walking Wake\n|-activate|p2b: Walking Wake|move: Protect\n|\n|upkeep\n|turn|5\n|\n|t:|1775303931\n|move|p1b: Raging Bolt|Thunderclap|p2b: Walking Wake\n|-damage|p2b: Walking Wake|0 fnt\n|faint|p2b: Walking Wake\n|-end|p2b: Walking Wake|Protosynthesis|[silent]\n|\n|win|testhan92\n|raw|testhan92's rating: 1267 &rarr; <strong>1285</strong><br />(+18 for winning)\n|raw|mlayer01's rating: 1167 &rarr; <strong>1149</strong><br />(-18 for losing)\n","uploadtime":1775303931,"views":10,"formatid":"gen9vgc2026regi","rating":1149,"private":0,"password":null}