{"id":"gen9vgc2026regi-2563193726","format":"[Gen 9] VGC 2026 Reg I","players":["Jonen","NalaPrideLands"],"log":"|j|\u2606Jonen\n|j|\u2606NalaPrideLands\n|t:|1774001350\n|gametype|doubles\n|player|p1|Jonen|medium|1402\n|player|p2|NalaPrideLands|unknownf|1300\n|gen|9\n|tier|[Gen 9] VGC 2026 Reg I\n|rated|\n|rule|Species Clause: Limit one of each Pok\u00e9mon\n|rule|Item Clause: Limit 1 of each item\n|clearpoke\n|poke|p1|Groudon, L50|\n|poke|p1|Lunala, L50|\n|poke|p1|Sableye, L50, F|\n|poke|p1|Chi-Yu, L50|\n|poke|p1|Rillaboom, L50, M|\n|poke|p1|Jumpluff, L50, F|\n|poke|p2|Volcarona, L50, F|\n|poke|p2|Terapagos, L50, M|\n|poke|p2|Miraidon, L50|\n|poke|p2|Incineroar, L50, M|\n|poke|p2|Sinistcha-Masterpiece, L50|\n|poke|p2|Iron Treads, L50|\n|teampreview|4\n|inactive|Battle timer is ON: inactive players will automatically lose when time's up. (requested by NalaPrideLands)\n|inactive|Jonen has 60 seconds left.\n|inactive|NalaPrideLands has 60 seconds left.\n|\n|t:|1774001394\n|teamsize|p1|4\n|teamsize|p2|4\n|start\n|switch|p1a: Groudon|Groudon, L50|100/100\n|switch|p1b: Sableye|Sableye, L50, F|100/100\n|switch|p2a: Terapagos|Terapagos, L50, M|100/100\n|switch|p2b: Incineroar|Incineroar, L50, M|100/100\n|-activate|p2a: Terapagos|ability: Tera Shift\n|detailschange|p2a: Terapagos|Terapagos-Terastal, L50, M\n|-heal|p2a: Terapagos|100/100|[silent]\n|-weather|SunnyDay|[from] ability: Drought|[of] p1a: Groudon\n|-ability|p2b: Incineroar|Intimidate|boost\n|-unboost|p1a: Groudon|atk|1\n|-unboost|p1b: Sableye|atk|1\n|turn|1\n|inactive|Jonen has 30 seconds left.\n|\n|t:|1774001425\n|move|p2b: Incineroar|Fake Out|p1a: Groudon\n|-damage|p1a: Groudon|92/100\n|move|p1b: Sableye|Gravity|p1b: Sableye\n|-fieldstart|move: Gravity\n|cant|p1a: Groudon|flinch\n|move|p2a: Terapagos|Calm Mind|p2a: Terapagos\n|-boost|p2a: Terapagos|spa|1\n|-boost|p2a: Terapagos|spd|1\n|\n|-weather|SunnyDay|[upkeep]\n|upkeep\n|turn|2\n|\n|t:|1774001445\n|move|p2a: Terapagos|Protect|p2a: Terapagos\n|-singleturn|p2a: Terapagos|Protect\n|move|p1b: Sableye|Disable|p2a: Terapagos\n|-activate|p2a: Terapagos|move: Protect\n|move|p1a: Groudon|Substitute|p1a: Groudon\n|-start|p1a: Groudon|Substitute\n|-damage|p1a: Groudon|67/100\n|move|p2b: Incineroar|Roar|p1b: Sableye\n|drag|p1b: Rillaboom|Rillaboom, L50, M|100/100\n|-fieldstart|move: Grassy Terrain|[from] ability: Grassy Surge|[of] p1b: Rillaboom\n|\n|-weather|SunnyDay|[upkeep]\n|-heal|p1a: Groudon|73/100|[from] Grassy Terrain\n|upkeep\n|turn|3\n|\n|t:|1774001466\n|move|p1b: Rillaboom|Fake Out|p2a: Terapagos\n|-activate|p2a: Terapagos|ability: Tera Shell\n|-resisted|p2a: Terapagos\n|-damage|p2a: Terapagos|96/100\n|move|p1a: Groudon|Precipice Blades|p2b: Incineroar|[spread] p2a,p2b\n|-supereffective|p2b: Incineroar\n|-damage|p2a: Terapagos|64/100\n|-damage|p2b: Incineroar|33/100\n|-damage|p1a: Groudon|63/100|[from] item: Life Orb\n|cant|p2a: Terapagos|flinch\n|move|p2b: Incineroar|Roar|p1a: Groudon\n|drag|p1a: Lunala|Lunala, L50|100/100\n|\n|-weather|SunnyDay|[upkeep]\n|-heal|p2a: Terapagos|70/100|[from] Grassy Terrain\n|-heal|p2b: Incineroar|39/100|[from] Grassy Terrain\n|upkeep\n|turn|4\n|\n|t:|1774001483\n|switch|p2b: Miraidon|Miraidon, L50|100/100\n|-fieldstart|move: Electric Terrain|[from] ability: Hadron Engine|[of] p2b: Miraidon\n|-enditem|p2a: Terapagos|Electric Seed\n|-boost|p2a: Terapagos|def|1|[from] item: Electric Seed\n|move|p1a: Lunala|Meteor Beam||[still]\n|-prepare|p1a: Lunala|Meteor Beam\n|-boost|p1a: Lunala|spa|1\n|-enditem|p1a: Lunala|Power Herb\n|-anim|p1a: Lunala|Meteor Beam|p2b: Miraidon\n|-damage|p2b: Miraidon|68/100\n|move|p2a: Terapagos|Tera Starstorm|p1b: Rillaboom\n|-damage|p1b: Rillaboom|57/100\n|move|p1b: Rillaboom|Wood Hammer|p2a: Terapagos\n|-damage|p2a: Terapagos|45/100\n|-damage|p1b: Rillaboom|49/100|[from] Recoil\n|\n|-weather|SunnyDay|[upkeep]\n|upkeep\n|turn|5\n|inactive|Jonen has 30 seconds left.\n|\n|t:|1774001515\n|-terastallize|p2a: Terapagos|Stellar\n|detailschange|p2a: Terapagos|Terapagos-Stellar, L50, M, tera:Stellar\n|-heal|p2a: Terapagos|59/100|[silent]\n|-ability|p2a: Terapagos|Teraform Zero\n|-weather|none\n|-fieldend|move: Electric Terrain\n|move|p1a: Lunala|Protect|p1a: Lunala\n|-singleturn|p1a: Lunala|Protect\n|move|p2b: Miraidon|Snarl|p1a: Lunala|[spread] p1b\n|-activate|p1a: Lunala|move: Protect\n|-damage|p1b: Rillaboom|40/100\n|-unboost|p1b: Rillaboom|spa|1\n|move|p1b: Rillaboom|U-turn|p2b: Miraidon\n|-damage|p2b: Miraidon|48/100\n|\n|t:|1774001532\n|switch|p1b: Sableye|Sableye, L50, F|100/100|[from] U-turn\n|move|p2a: Terapagos|Earth Power|p1a: Lunala\n|-activate|p1a: Lunala|move: Protect\n|\n|-fieldend|move: Gravity\n|upkeep\n|turn|6\n|\n|t:|1774001546\n|move|p1b: Sableye|Gravity|p1b: Sableye\n|-fieldstart|move: Gravity\n|move|p2b: Miraidon|Volt Switch|p1a: Lunala\n|-damage|p1a: Lunala|87/100\n|\n|t:|1774001553\n|switch|p2b: Iron Treads|Iron Treads, L50|100/100|[from] Volt Switch\n|move|p1a: Lunala|Hypnosis|p2a: Terapagos\n|-status|p2a: Terapagos|slp|[from] move: Hypnosis\n|cant|p2a: Terapagos|slp\n|\n|upkeep\n|turn|7\n|inactive|NalaPrideLands has 30 seconds left.\n|\n|t:|1774001586\n|-end|p2b: Iron Treads|Quark Drive|[silent]\n|switch|p2b: Incineroar|Incineroar, L50, M|39/100\n|-ability|p2b: Incineroar|Intimidate|boost\n|-unboost|p1a: Lunala|atk|1\n|-unboost|p1b: Sableye|atk|1\n|switch|p1b: Groudon|Groudon, L50|63/100\n|-weather|SunnyDay|[from] ability: Drought|[of] p1b: Groudon\n|move|p1a: Lunala|Moongeist Beam|p2b: Incineroar\n|-resisted|p2b: Incineroar\n|-damage|p2b: Incineroar|5/100\n|cant|p2a: Terapagos|slp\n|\n|-weather|SunnyDay|[upkeep]\n|upkeep\n|turn|8\n|inactive|Jonen has 30 seconds left.\n|\n|t:|1774001619\n|move|p1b: Groudon|Protect|p1b: Groudon\n|-singleturn|p1b: Groudon|Protect\n|move|p2b: Incineroar|Fake Out|p1b: Groudon\n|-activate|p1b: Groudon|move: Protect\n|move|p1a: Lunala|Moongeist Beam|p2b: Incineroar\n|-resisted|p2b: Incineroar\n|-damage|p2b: Incineroar|0 fnt\n|faint|p2b: Incineroar\n|-curestatus|p2a: Terapagos|slp|[msg]\n|move|p2a: Terapagos|Tera Starstorm|p1b: Groudon|[spread] p1a\n|-activate|p1b: Groudon|move: Protect\n|-damage|p1a: Lunala|50/100\n|\n|-weather|SunnyDay|[upkeep]\n|upkeep\n|\n|t:|1774001629\n|switch|p2b: Miraidon|Miraidon, L50|48/100\n|-fieldstart|move: Electric Terrain|[from] ability: Hadron Engine|[of] p2b: Miraidon\n|turn|9\n|\n|t:|1774001638\n|switch|p1b: Rillaboom|Rillaboom, L50, M|40/100\n|-fieldstart|move: Grassy Terrain|[from] ability: Grassy Surge|[of] p1b: Rillaboom\n|-terastallize|p1a: Lunala|Fairy\n|move|p2b: Miraidon|Draco Meteor|p1b: Rillaboom\n|-crit|p1b: Rillaboom\n|-damage|p1b: Rillaboom|0 fnt\n|-unboost|p2b: Miraidon|spa|2\n|faint|p1b: Rillaboom\n|move|p1a: Lunala|Hypnosis|p2a: Terapagos\n|-status|p2a: Terapagos|slp|[from] move: Hypnosis\n|cant|p2a: Terapagos|slp\n|\n|-weather|SunnyDay|[upkeep]\n|-heal|p2b: Miraidon|54/100|[from] Grassy Terrain\n|-heal|p1a: Lunala|56/100|[from] Grassy Terrain\n|-heal|p2a: Terapagos|65/100 slp|[from] Grassy Terrain\n|upkeep\n|\n|t:|1774001646\n|switch|p1b: Groudon|Groudon, L50|63/100\n|turn|10\n|inactive|NalaPrideLands has 30 seconds left.\n|\n|t:|1774001676\n|switch|p1a: Sableye|Sableye, L50, F|100/100\n|move|p2b: Miraidon|Electro Drift|p1a: Sableye\n|-damage|p1a: Sableye|59/100\n|move|p1b: Groudon|Precipice Blades|p2b: Miraidon|[spread] p2a,p2b\n|-supereffective|p2b: Miraidon\n|-damage|p2a: Terapagos|42/100 slp\n|-damage|p2b: Miraidon|0 fnt\n|faint|p2b: Miraidon\n|-damage|p1b: Groudon|54/100|[from] item: Life Orb\n|cant|p2a: Terapagos|slp\n|\n|-weather|SunnyDay|[upkeep]\n|-heal|p1b: Groudon|59/100|[from] Grassy Terrain\n|-heal|p2a: Terapagos|48/100 slp|[from] Grassy Terrain\n|-heal|p1a: Sableye|65/100|[from] Grassy Terrain\n|-fieldend|move: Gravity\n|upkeep\n|\n|t:|1774001684\n|switch|p2b: Iron Treads|Iron Treads, L50|100/100\n|turn|11\n|\n|t:|1774001699\n|move|p1a: Sableye|Disable|p2a: Terapagos\n|-start|p2a: Terapagos|Disable|Tera Starstorm\n|move|p2b: Iron Treads|Steel Roller|p1b: Groudon\n|-damage|p1b: Groudon|0 fnt\n|-fieldend|move: Grassy Terrain\n|faint|p1b: Groudon\n|cant|p2a: Terapagos|slp\n|\n|-weather|none\n|upkeep\n|\n|t:|1774001706\n|switch|p1b: Lunala|Lunala, L50, tera:Fairy|56/100\n|turn|12\n|\n|t:|1774001717\n|move|p1a: Sableye|Gravity|p1a: Sableye\n|-fieldstart|move: Gravity\n|move|p2b: Iron Treads|Steel Roller||[still]\n|-fail|p2b: Iron Treads\n|move|p1b: Lunala|Hypnosis|p2b: Iron Treads\n|-status|p2b: Iron Treads|slp|[from] move: Hypnosis\n|-curestatus|p2a: Terapagos|slp|[msg]\n|move|p2a: Terapagos|Earth Power|p1b: Lunala\n|-damage|p1b: Lunala|13/100\n|\n|upkeep\n|turn|13\n|\n|t:|1774001733\n|cant|p2b: Iron Treads|slp\n|move|p1b: Lunala|Hypnosis|p2a: Terapagos\n|-status|p2a: Terapagos|slp|[from] move: Hypnosis\n|cant|p2a: Terapagos|slp\n|move|p1a: Sableye|Foul Play|p2a: Terapagos\n|-damage|p2a: Terapagos|39/100 slp\n|\n|upkeep\n|turn|14\n|\n|t:|1774001747\n|-curestatus|p2b: Iron Treads|slp|[msg]\n|move|p2b: Iron Treads|Steel Roller||[still]\n|-fail|p2b: Iron Treads\n|move|p1b: Lunala|Meteor Beam||[still]\n|-prepare|p1b: Lunala|Meteor Beam\n|-boost|p1b: Lunala|spa|1\n|cant|p2a: Terapagos|slp\n|move|p1a: Sableye|Foul Play|p2a: Terapagos\n|-damage|p2a: Terapagos|30/100 slp\n|\n|-end|p2a: Terapagos|Disable\n|upkeep\n|turn|15\n|inactive|NalaPrideLands has 30 seconds left.\n|\n|t:|1774001776\n|move|p2b: Iron Treads|Steel Roller||[still]\n|-fail|p2b: Iron Treads\n|move|p1b: Lunala|Meteor Beam|p2a: Terapagos|[from] lockedmove\n|-damage|p2a: Terapagos|1/100 slp\n|-curestatus|p2a: Terapagos|slp|[msg]\n|move|p2a: Terapagos|Tera Starstorm|p1a: Sableye|[spread] p1a,p1b\n|-supereffective|p1b: Lunala\n|-damage|p1a: Sableye|0 fnt\n|-damage|p1b: Lunala|0 fnt\n|faint|p1a: Sableye\n|faint|p1b: Lunala\n|\n|win|NalaPrideLands\n|raw|Jonen's rating: 1402 &rarr; <strong>1376</strong><br />(-26 for losing)\n|raw|NalaPrideLands's rating: 1300 &rarr; <strong>1332</strong><br />(+32 for winning)\n","uploadtime":1774001776,"views":10,"formatid":"gen9vgc2026regi","rating":1332,"private":0,"password":null}