{"id":"gen9vgc2026regi-2578298633","format":"[Gen 9] VGC 2026 Reg I","players":["rsingh1","datbishgames"],"log":"|j|\u2606rsingh1\n|j|\u2606datbishgames\n|t:|1775666370\n|gametype|doubles\n|player|p1|rsingh1|265|1357\n|player|p2|datbishgames|mira|1363\n|gen|9\n|tier|[Gen 9] VGC 2026 Reg I\n|rated|\n|rule|Species Clause: Limit one of each Pok\u00e9mon\n|rule|Item Clause: Limit 1 of each item\n|clearpoke\n|poke|p1|Calyrex-Ice, L50|\n|poke|p1|Miraidon, L50|\n|poke|p1|Grimmsnarl, L50, M|\n|poke|p1|Urshifu-*, L50, M|\n|poke|p1|Incineroar, L50, F|\n|poke|p1|Landorus, L50, M|\n|poke|p2|Dialga-Origin, L50|\n|poke|p2|Ho-Oh, L50|\n|poke|p2|Rotom-Wash, L50|\n|poke|p2|Amoonguss, L50, F|\n|poke|p2|Ursaluna, L50, M|\n|poke|p2|Zoroark-Hisui, L50, F|\n|teampreview|4\n|inactive|Battle timer is ON: inactive players will automatically lose when time's up. (requested by datbishgames)\n|\n|t:|1775666391\n|teamsize|p1|4\n|teamsize|p2|4\n|start\n|switch|p1a: Grimmsnarl|Grimmsnarl, L50, M|100/100\n|switch|p1b: Incineroar|Incineroar, L50, F|100/100\n|switch|p2a: Ho-Oh|Ho-Oh, L50|100/100\n|switch|p2b: Ursaluna|Ursaluna, L50, M|100/100\n|-ability|p1b: Incineroar|Intimidate|boost\n|-unboost|p2a: Ho-Oh|atk|1\n|-unboost|p2b: Ursaluna|atk|1\n|turn|1\n|\n|t:|1775666402\n|move|p2b: Ursaluna|Protect|p2b: Ursaluna\n|-singleturn|p2b: Ursaluna|Protect\n|move|p1a: Grimmsnarl|Reflect|p1a: Grimmsnarl\n|-sidestart|p1: rsingh1|Reflect\n|move|p1b: Incineroar|Knock Off|p2b: Ursaluna\n|-activate|p2b: Ursaluna|move: Protect\n|move|p2a: Ho-Oh|Sacred Fire|p1a: Grimmsnarl\n|-damage|p1a: Grimmsnarl|74/100\n|-status|p1a: Grimmsnarl|brn\n|\n|-damage|p1a: Grimmsnarl|68/100 brn|[from] brn\n|-status|p2b: Ursaluna|brn|[from] item: Flame Orb\n|upkeep\n|turn|2\n|\n|t:|1775666421\n|move|p1a: Grimmsnarl|Thunder Wave|p2a: Ho-Oh|[miss]\n|-miss|p1a: Grimmsnarl|p2a: Ho-Oh\n|move|p1b: Incineroar|Knock Off|p2b: Ursaluna\n|-damage|p2b: Ursaluna|70/100 brn\n|-enditem|p2b: Ursaluna|Flame Orb|[from] move: Knock Off|[of] p1b: Incineroar\n|move|p2a: Ho-Oh|Tailwind|p2a: Ho-Oh\n|-sidestart|p2: datbishgames|move: Tailwind\n|move|p2b: Ursaluna|Swords Dance|p2b: Ursaluna\n|-boost|p2b: Ursaluna|atk|2\n|\n|-damage|p2b: Ursaluna|64/100 brn|[from] brn\n|-damage|p1a: Grimmsnarl|62/100 brn|[from] brn\n|upkeep\n|turn|3\n|\n|t:|1775666438\n|switch|p2a: Rotom|Rotom-Wash, L50|100/100\n|switch|p1b: Urshifu|Urshifu-Rapid-Strike, L50, M|100/100\n|move|p1a: Grimmsnarl|Thunder Wave|p2a: Rotom\n|-immune|p2a: Rotom\n|move|p2b: Ursaluna|Earthquake|p1a: Grimmsnarl|[spread] p1a,p1b\n|-immune|p2a: Rotom|[from] ability: Levitate\n|-crit|p1b: Urshifu\n|-damage|p1a: Grimmsnarl|7/100 brn\n|-damage|p1b: Urshifu|0 fnt\n|faint|p1b: Urshifu\n|\n|-damage|p2b: Ursaluna|59/100 brn|[from] brn\n|-damage|p1a: Grimmsnarl|1/100 brn|[from] brn\n|upkeep\n|\n|t:|1775666444\n|switch|p1b: Incineroar|Incineroar, L50, F|100/100\n|-ability|p1b: Incineroar|Intimidate|boost\n|-unboost|p2a: Rotom|atk|1\n|-unboost|p2b: Ursaluna|atk|1\n|turn|4\n|\n|t:|1775666467\n|-terastallize|p2b: Ursaluna|Ghost\n|move|p1b: Incineroar|Fake Out|p2b: Ursaluna\n|-immune|p2b: Ursaluna\n|move|p1a: Grimmsnarl|Light Screen|p1a: Grimmsnarl\n|-sidestart|p1: rsingh1|move: Light Screen\n|move|p2b: Ursaluna|Earthquake|p1b: Incineroar|[spread] p1a,p1b\n|-immune|p2a: Rotom|[from] ability: Levitate\n|-supereffective|p1b: Incineroar\n|-damage|p1a: Grimmsnarl|0 fnt\n|-damage|p1b: Incineroar|34/100\n|faint|p1a: Grimmsnarl\n|move|p2a: Rotom|Volt Switch|p1b: Incineroar\n|-damage|p1b: Incineroar|22/100\n|c|\u2606rsingh1|Nice team\n|\n|t:|1775666481\n|switch|p2a: Dialga|Dialga-Origin, L50|100/100|[from] Volt Switch\n|\n|-damage|p2b: Ursaluna|53/100 brn|[from] brn\n|upkeep\n|\n|t:|1775666484\n|switch|p1a: Calyrex|Calyrex-Ice, L50|100/100\n|-ability|p1a: Calyrex|As One\n|-ability|p1a: Calyrex|Unnerve\n|turn|5\n|c|\u2606datbishgames|Thanks!\n|\n|t:|1775666495\n|-terastallize|p1a: Calyrex|Water\n|move|p2b: Ursaluna|Earthquake|p1b: Incineroar|[spread] p1a,p1b\n|-activate|p2a: Dialga|ability: Telepathy\n|-supereffective|p1b: Incineroar\n|-damage|p1a: Calyrex|80/100\n|-damage|p1b: Incineroar|0 fnt\n|faint|p1b: Incineroar\n|move|p2a: Dialga|Flash Cannon|p1a: Calyrex\n|-resisted|p1a: Calyrex\n|-damage|p1a: Calyrex|67/100\n|move|p1a: Calyrex|Trick Room|p1a: Calyrex\n|-fieldstart|move: Trick Room|[of] p1a: Calyrex\n|\n|-heal|p1a: Calyrex|73/100|[from] item: Leftovers\n|-damage|p2b: Ursaluna|47/100 brn|[from] brn\n|-sideend|p2: datbishgames|move: Tailwind\n|upkeep\n|turn|6\n|\n|t:|1775666507\n|move|p1a: Calyrex|Protect|p1a: Calyrex\n|-singleturn|p1a: Calyrex|Protect\n|move|p2b: Ursaluna|Protect|p2b: Ursaluna\n|-singleturn|p2b: Ursaluna|Protect\n|move|p2a: Dialga|Trick Room|p2a: Dialga\n|-fieldend|move: Trick Room\n|\n|-heal|p1a: Calyrex|79/100|[from] item: Leftovers\n|-damage|p2b: Ursaluna|41/100 brn|[from] brn\n|upkeep\n|turn|7\n|\n|t:|1775666514\n|move|p2b: Ursaluna|Facade|p1a: Calyrex\n|-damage|p1a: Calyrex|41/100\n|move|p2a: Dialga|Draco Meteor|p1a: Calyrex\n|-damage|p1a: Calyrex|3/100\n|-unboost|p2a: Dialga|spa|2\n|move|p1a: Calyrex|Glacial Lance|p2a: Dialga|[spread] p2a,p2b\n|-damage|p2a: Dialga|60/100\n|-damage|p2b: Ursaluna|0 fnt\n|faint|p2b: Ursaluna\n|-ability|p1a: Calyrex|Chilling Neigh|boost\n|-boost|p1a: Calyrex|atk|1\n|\n|-heal|p1a: Calyrex|9/100|[from] item: Leftovers\n|upkeep\n|\n|t:|1775666523\n|switch|p2b: Rotom|Rotom-Wash, L50|100/100\n|turn|8\n|\n|t:|1775666526\n|move|p2b: Rotom|Foul Play|p1a: Calyrex\n|-damage|p1a: Calyrex|0 fnt\n|faint|p1a: Calyrex\n|\n|win|datbishgames\n|raw|rsingh1's rating: 1357 &rarr; <strong>1337</strong><br />(-20 for losing)\n|raw|datbishgames's rating: 1363 &rarr; <strong>1383</strong><br />(+20 for winning)\n|l|\u2606rsingh1\n|player|p1|\n|l|\u2606datbishgames\n|player|p2|\n","uploadtime":1775666761,"views":8,"formatid":"gen9vgc2026regi","rating":1337,"private":0,"password":null}