{"id":"gen9vgc2026regi-2576562559","format":"[Gen 9] VGC 2026 Reg I","players":["Nasihasi","ultradexshot"],"log":"|j|\u2606Nasihasi\n|j|\u2606ultradexshot\n|t:|1775487861\n|gametype|doubles\n|player|p1|Nasihasi|hiker-gen4|1404\n|player|p2|ultradexshot|swimmer|1300\n|gen|9\n|tier|[Gen 9] VGC 2026 Reg I\n|rated|\n|rule|Species Clause: Limit one of each Pok\u00e9mon\n|rule|Item Clause: Limit 1 of each item\n|clearpoke\n|poke|p1|Calyrex-Shadow, L50|\n|poke|p1|Zamazenta-*, L50|\n|poke|p1|Rillaboom, L50, M|\n|poke|p1|Raging Bolt, L50|\n|poke|p1|Ogerpon-Hearthflame, L50, F|\n|poke|p1|Incineroar, L50, M|\n|poke|p2|Calyrex-Ice, L50|\n|poke|p2|Ursaluna-Bloodmoon, L50, M|\n|poke|p2|Lunala, L50|\n|poke|p2|Ogerpon-Wellspring, L50, F|\n|poke|p2|Annihilape, L50, M|\n|poke|p2|Farigiraf, L50, F|\n|teampreview|4\n|inactive|Battle timer is ON: inactive players will automatically lose when time's up. (requested by ultradexshot)\n|inactive|ultradexshot has 60 seconds left.\n|\n|t:|1775487897\n|teamsize|p1|4\n|teamsize|p2|4\n|start\n|switch|p1a: Calyrex|Calyrex-Shadow, L50|100/100\n|switch|p1b: Zamazenta|Zamazenta-Crowned, L50|100/100\n|switch|p2a: Lunala|Lunala, L50, shiny|100/100\n|switch|p2b: Calyrex|Calyrex-Ice, L50|100/100\n|-ability|p1a: Calyrex|As One\n|-ability|p1a: Calyrex|Unnerve\n|-ability|p2b: Calyrex|As One\n|-ability|p2b: Calyrex|Unnerve\n|-ability|p1b: Zamazenta|Dauntless Shield|boost\n|-boost|p1b: Zamazenta|def|1\n|turn|1\n|\n|t:|1775487910\n|switch|p1a: Incineroar|Incineroar, L50, M|100/100\n|-ability|p1a: Incineroar|Intimidate|boost\n|-unboost|p2a: Lunala|atk|1\n|-fail|p2b: Calyrex|unboost|[from] item: Clear Amulet|[of] p2b: Calyrex\n|-terastallize|p2b: Calyrex|Ice\n|move|p1b: Zamazenta|Body Press|p2b: Calyrex\n|-supereffective|p2b: Calyrex\n|-damage|p2b: Calyrex|19/100\n|move|p2b: Calyrex|High Horsepower|p1b: Zamazenta\n|-supereffective|p1b: Zamazenta\n|-damage|p1b: Zamazenta|67/100\n|move|p2a: Lunala|Trick Room|p2a: Lunala\n|-fieldstart|move: Trick Room|[of] p2a: Lunala\n|\n|upkeep\n|turn|2\n|inactive|Nasihasi has 30 seconds left.\n|inactive|ultradexshot has 30 seconds left.\n|\n|t:|1775487941\n|move|p2b: Calyrex|Protect|p2b: Calyrex\n|-singleturn|p2b: Calyrex|Protect\n|move|p2a: Lunala|Protect|p2a: Lunala\n|-singleturn|p2a: Lunala|Protect\n|move|p1a: Incineroar|Knock Off|p2a: Lunala\n|-activate|p2a: Lunala|move: Protect\n|move|p1b: Zamazenta|Body Press|p2b: Calyrex\n|-activate|p2b: Calyrex|move: Protect\n|\n|upkeep\n|turn|3\n|\n|t:|1775487957\n|move|p2b: Calyrex|High Horsepower|p1b: Zamazenta\n|-supereffective|p1b: Zamazenta\n|-damage|p1b: Zamazenta|35/100\n|move|p1a: Incineroar|Knock Off|p2a: Lunala\n|-supereffective|p2a: Lunala\n|-damage|p2a: Lunala|41/100\n|-enditem|p2a: Lunala|Leftovers|[from] move: Knock Off|[of] p1a: Incineroar\n|move|p2a: Lunala|Dazzling Gleam|p1a: Incineroar|[spread] p1a,p1b\n|-damage|p1a: Incineroar|81/100\n|-damage|p1b: Zamazenta|19/100\n|move|p1b: Zamazenta|Body Press|p2b: Calyrex\n|-supereffective|p2b: Calyrex\n|-damage|p2b: Calyrex|0 fnt\n|faint|p2b: Calyrex\n|\n|upkeep\n|\n|t:|1775487968\n|switch|p2b: Ursaluna|Ursaluna-Bloodmoon, L50, M|100/100\n|turn|4\n|\n|t:|1775487995\n|switch|p1a: Rillaboom|Rillaboom, L50, M|100/100\n|-fieldstart|move: Grassy Terrain|[from] ability: Grassy Surge|[of] p1a: Rillaboom\n|move|p1b: Zamazenta|Protect|p1b: Zamazenta\n|-singleturn|p1b: Zamazenta|Protect\n|move|p2b: Ursaluna|Hyper Voice|p1b: Zamazenta|[spread] p1a\n|-activate|p1b: Zamazenta|move: Protect\n|-damage|p1a: Rillaboom|74/100\n|move|p2a: Lunala|Dazzling Gleam|p1a: Rillaboom|[spread] p1a\n|-activate|p1b: Zamazenta|move: Protect\n|-damage|p1a: Rillaboom|58/100\n|\n|-heal|p1a: Rillaboom|64/100|[from] Grassy Terrain\n|-heal|p2a: Lunala|47/100|[from] Grassy Terrain\n|-heal|p1b: Zamazenta|25/100|[from] Grassy Terrain\n|upkeep\n|turn|5\n|inactive|Nasihasi has 30 seconds left.\n|\n|t:|1775488023\n|switch|p2b: Farigiraf|Farigiraf, L50, F, shiny|100/100\n|move|p1a: Rillaboom|Fake Out||[still]\n|cant|p2b: Farigiraf|ability: Armor Tail|Fake Out|[of] p1a: Rillaboom\n|move|p2a: Lunala|Moongeist Beam|p1b: Zamazenta\n|-damage|p1b: Zamazenta|0 fnt\n|faint|p1b: Zamazenta\n|\n|-heal|p1a: Rillaboom|70/100|[from] Grassy Terrain\n|-heal|p2a: Lunala|53/100|[from] Grassy Terrain\n|-fieldend|move: Trick Room\n|upkeep\n|\n|t:|1775488032\n|switch|p1b: Incineroar|Incineroar, L50, M|81/100\n|-ability|p1b: Incineroar|Intimidate|boost\n|-unboost|p2a: Lunala|atk|1\n|-unboost|p2b: Farigiraf|atk|1\n|turn|6\n|\n|t:|1775488046\n|move|p2a: Lunala|Protect|p2a: Lunala\n|-singleturn|p2a: Lunala|Protect\n|move|p1a: Rillaboom|Wood Hammer|p2b: Farigiraf\n|-damage|p2b: Farigiraf|34/100\n|-damage|p1a: Rillaboom|45/100|[from] Recoil\n|move|p1b: Incineroar|Knock Off|p2b: Farigiraf\n|-supereffective|p2b: Farigiraf\n|-damage|p2b: Farigiraf|0 fnt\n|-enditem|p2b: Farigiraf|Throat Spray|[from] move: Knock Off|[of] p1b: Incineroar\n|faint|p2b: Farigiraf\n|\n|-heal|p2a: Lunala|60/100|[from] Grassy Terrain\n|-heal|p1a: Rillaboom|51/100|[from] Grassy Terrain\n|-heal|p1b: Incineroar|87/100|[from] Grassy Terrain\n|upkeep\n|c|\u2606ultradexshot|dangg\n|\n|t:|1775488062\n|switch|p2b: Ursaluna|Ursaluna-Bloodmoon, L50, M|100/100\n|turn|7\n|\n|t:|1775488073\n|move|p2a: Lunala|Protect||[still]\n|-fail|p2a: Lunala\n|move|p1a: Rillaboom|Wood Hammer|p2b: Ursaluna\n|-supereffective|p2b: Ursaluna\n|-damage|p2b: Ursaluna|0 fnt\n|faint|p2b: Ursaluna\n|-damage|p1a: Rillaboom|20/100|[from] Recoil\n|move|p1b: Incineroar|Knock Off|p2a: Lunala\n|-supereffective|p2a: Lunala\n|-damage|p2a: Lunala|0 fnt\n|faint|p2a: Lunala\n|\n|win|Nasihasi\n|raw|Nasihasi's rating: 1404 &rarr; <strong>1418</strong><br />(+14 for winning)\n|raw|ultradexshot's rating: 1300 &rarr; <strong>1282</strong><br />(-18 for losing)\n|l|\u2606ultradexshot\n|player|p2|\n","uploadtime":1775488082,"views":17,"formatid":"gen9vgc2026regi","rating":1282,"private":0,"password":null}