{"id":"gen9vgc2026regi-2562719268","format":"[Gen 9] VGC 2026 Reg I","players":["patv35","Jonen"],"log":"|j|\u2606patv35\n|j|\u2606Jonen\n|t:|1773943920\n|gametype|doubles\n|player|p1|patv35|pilot|1198\n|player|p2|Jonen|medium|1283\n|gen|9\n|tier|[Gen 9] VGC 2026 Reg I\n|rated|\n|rule|Species Clause: Limit one of each Pok\u00e9mon\n|rule|Item Clause: Limit 1 of each item\n|clearpoke\n|poke|p1|Zacian-*, L50|\n|poke|p1|Kyogre, L50|\n|poke|p1|Iron Jugulis, L50|\n|poke|p1|Chien-Pao, L50|\n|poke|p1|Rillaboom, L50, F|\n|poke|p1|Landorus, L50, M|\n|poke|p2|Groudon, L50|\n|poke|p2|Lunala, L50|\n|poke|p2|Sableye, L50, M|\n|poke|p2|Chi-Yu, L50|\n|poke|p2|Rillaboom, L50, F|\n|poke|p2|Jumpluff, L50, F|\n|teampreview|4\n|\n|t:|1773943943\n|teamsize|p1|4\n|teamsize|p2|4\n|start\n|switch|p1a: Iron Jugulis|Iron Jugulis, L50|100/100\n|switch|p1b: Chien-Pao|Chien-Pao, L50|100/100\n|switch|p2a: Lunala|Lunala, L50|100/100\n|switch|p2b: Sableye|Sableye, L50, M|100/100\n|-ability|p1b: Chien-Pao|Sword of Ruin\n|-enditem|p1a: Iron Jugulis|Booster Energy\n|-activate|p1a: Iron Jugulis|ability: Quark Drive|[fromitem]\n|-start|p1a: Iron Jugulis|quarkdrivespe\n|turn|1\n|inactive|Battle timer is ON: inactive players will automatically lose when time's up. (requested by patv35)\n|\n|t:|1773943969\n|-terastallize|p2a: Lunala|Fairy\n|move|p1a: Iron Jugulis|Snarl|p2a: Lunala|[spread] p2a,p2b\n|-resisted|p2a: Lunala\n|-damage|p2a: Lunala|97/100\n|-damage|p2b: Sableye|72/100\n|-unboost|p2a: Lunala|spa|1\n|-unboost|p2b: Sableye|spa|1\n|move|p1b: Chien-Pao|Crunch|p2a: Lunala\n|-resisted|p2a: Lunala\n|-damage|p2a: Lunala|73/100\n|move|p2a: Lunala|Meteor Beam||[still]\n|-prepare|p2a: Lunala|Meteor Beam\n|-boost|p2a: Lunala|spa|1\n|-enditem|p2a: Lunala|Power Herb\n|-anim|p2a: Lunala|Meteor Beam|p1a: Iron Jugulis\n|-supereffective|p1a: Iron Jugulis\n|-damage|p1a: Iron Jugulis|12/100\n|move|p2b: Sableye|Foul Play|p1b: Chien-Pao\n|-resisted|p1b: Chien-Pao\n|-damage|p1b: Chien-Pao|68/100\n|\n|upkeep\n|turn|2\n|inactive|patv35 has 30 seconds left.\n|\n|t:|1773943996\n|move|p2b: Sableye|Gravity|p2b: Sableye\n|-fieldstart|move: Gravity\n|move|p1a: Iron Jugulis|Tailwind|p1a: Iron Jugulis\n|-sidestart|p1: patv35|move: Tailwind\n|move|p1b: Chien-Pao|Icicle Crash|p2a: Lunala\n|-damage|p2a: Lunala|23/100\n|cant|p2a: Lunala|flinch\n|\n|upkeep\n|turn|3\n|\n|t:|1773944009\n|move|p2a: Lunala|Protect|p2a: Lunala\n|-singleturn|p2a: Lunala|Protect\n|move|p1a: Iron Jugulis|Hurricane|p2b: Sableye\n|-damage|p2b: Sableye|2/100\n|-start|p2b: Sableye|confusion\n|move|p1b: Chien-Pao|Icicle Crash|p2a: Lunala\n|-activate|p2a: Lunala|move: Protect\n|-activate|p2b: Sableye|confusion\n|move|p2b: Sableye|Foul Play|p1a: Iron Jugulis\n|-resisted|p1a: Iron Jugulis\n|-damage|p1a: Iron Jugulis|0 fnt\n|faint|p1a: Iron Jugulis\n|-end|p1a: Iron Jugulis|Quark Drive|[silent]\n|\n|upkeep\n|\n|t:|1773944024\n|switch|p1a: Zacian|Zacian-Crowned, L50|100/100\n|-ability|p1a: Zacian|Intrepid Sword|boost\n|-boost|p1a: Zacian|atk|1\n|turn|4\n|\n|t:|1773944034\n|switch|p2a: Rillaboom|Rillaboom, L50, F|100/100\n|-fieldstart|move: Grassy Terrain|[from] ability: Grassy Surge|[of] p2a: Rillaboom\n|move|p1a: Zacian|Protect|p1a: Zacian\n|-singleturn|p1a: Zacian|Protect\n|move|p1b: Chien-Pao|Icy Wind|p2a: Rillaboom|[spread] p2a,p2b\n|-supereffective|p2a: Rillaboom\n|-damage|p2a: Rillaboom|86/100\n|-damage|p2b: Sableye|0 fnt\n|-unboost|p2a: Rillaboom|spe|1\n|faint|p2b: Sableye\n|\n|-heal|p1b: Chien-Pao|74/100|[from] Grassy Terrain\n|-heal|p2a: Rillaboom|92/100|[from] Grassy Terrain\n|upkeep\n|\n|t:|1773944043\n|switch|p2b: Groudon|Groudon, L50|100/100\n|-weather|SunnyDay|[from] ability: Drought|[of] p2b: Groudon\n|turn|5\n|\n|t:|1773944061\n|-terastallize|p1a: Zacian|Fairy\n|move|p1b: Chien-Pao|Icicle Crash|p2b: Groudon\n|-supereffective|p2b: Groudon\n|-damage|p2b: Groudon|11/100\n|move|p1a: Zacian|Play Rough|p2b: Groudon\n|-damage|p2b: Groudon|0 fnt\n|faint|p2b: Groudon\n|move|p2a: Rillaboom|Wood Hammer|p1b: Chien-Pao\n|-damage|p1b: Chien-Pao|0 fnt\n|faint|p1b: Chien-Pao\n|-damage|p2a: Rillaboom|73/100|[from] Recoil\n|\n|-weather|SunnyDay|[upkeep]\n|-heal|p2a: Rillaboom|79/100|[from] Grassy Terrain\n|-sideend|p1: patv35|move: Tailwind\n|upkeep\n|\n|t:|1773944075\n|switch|p1b: Kyogre|Kyogre, L50|100/100\n|switch|p2b: Lunala|Lunala, L50, tera:Fairy|23/100\n|-weather|RainDance|[from] ability: Drizzle|[of] p1b: Kyogre\n|turn|6\n|\n|t:|1773944085\n|move|p2b: Lunala|Protect|p2b: Lunala\n|-singleturn|p2b: Lunala|Protect\n|move|p1b: Kyogre|Protect|p1b: Kyogre\n|-singleturn|p1b: Kyogre|Protect\n|move|p1a: Zacian|Play Rough|p2a: Rillaboom\n|-damage|p2a: Rillaboom|0 fnt\n|faint|p2a: Rillaboom\n|\n|-weather|RainDance|[upkeep]\n|-heal|p2b: Lunala|29/100|[from] Grassy Terrain\n|-fieldend|move: Gravity\n|upkeep\n|turn|7\n|\n|t:|1773944096\n|move|p1a: Zacian|Behemoth Blade|p2b: Lunala\n|-supereffective|p2b: Lunala\n|-crit|p2b: Lunala\n|-damage|p2b: Lunala|0 fnt\n|faint|p2b: Lunala\n|\n|win|patv35\n|raw|patv35's rating: 1198 &rarr; <strong>1229</strong><br />(+31 for winning)\n|raw|Jonen's rating: 1283 &rarr; <strong>1252</strong><br />(-31 for losing)\n","uploadtime":1773944096,"views":13,"formatid":"gen9vgc2026regi","rating":1229,"private":0,"password":null}