{"id":"gen9vgc2026regi-2586783909","format":"[Gen 9] VGC 2026 Reg I","players":["BenSon_A27_Zong","Duerdo"],"log":"|j|\u2606BenSon_A27_Zong\n|j|\u2606Duerdo\n|t:|1776459608\n|gametype|doubles\n|player|p1|BenSon_A27_Zong|bugsy|1244\n|player|p2|Duerdo|caitlin|1322\n|gen|9\n|tier|[Gen 9] VGC 2026 Reg I\n|rated|\n|rule|Species Clause: Limit one of each Pok\u00e9mon\n|rule|Item Clause: Limit 1 of each item\n|clearpoke\n|poke|p1|Muk-Alola, L50, M|\n|poke|p1|Dondozo, L50, F|\n|poke|p1|Grimmsnarl, L50, M|\n|poke|p1|Incineroar, L50, M|\n|poke|p1|Tatsugiri, L50, M|\n|poke|p1|Smeargle, L50, M|\n|poke|p2|Calyrex-Ice, L50|\n|poke|p2|Lunala, L50|\n|poke|p2|Indeedee-F, L50, F|\n|poke|p2|Amoonguss, L50, F|\n|poke|p2|Incineroar, L50, F|\n|poke|p2|Raging Bolt, L50|\n|teampreview|4\n|inactive|Battle timer is ON: inactive players will automatically lose when time's up. (requested by BenSon_A27_Zong)\n|\n|t:|1776459637\n|teamsize|p1|4\n|teamsize|p2|4\n|start\n|switch|p1a: Dondozo|Dondozo, L50, F|100/100\n|switch|p1b: Tatsugiri|Tatsugiri, L50, M|100/100\n|switch|p2a: Incineroar|Incineroar, L50, F|100/100\n|switch|p2b: Raging Bolt|Raging Bolt, L50|100/100\n|-ability|p2a: Incineroar|Intimidate|boost\n|-fail|p1a: Dondozo|unboost|[from] item: Clear Amulet|[of] p1a: Dondozo\n|-unboost|p1b: Tatsugiri|atk|1\n|-activate|p1b: Tatsugiri|ability: Commander|[of] p1a: Dondozo\n|-boost|p1a: Dondozo|atk|2\n|-boost|p1a: Dondozo|spa|2\n|-boost|p1a: Dondozo|spe|2\n|-boost|p1a: Dondozo|def|2\n|-boost|p1a: Dondozo|spd|2\n|turn|1\n|inactive|Duerdo has 30 seconds left.\n|\n|t:|1776459663\n|move|p2a: Incineroar|Fake Out|p1a: Dondozo\n|-damage|p1a: Dondozo|96/100\n|cant|p1a: Dondozo|flinch\n|move|p2b: Raging Bolt|Electroweb|p1a: Dondozo|[spread] p1a\n|-miss|p2b: Raging Bolt|p1b: Tatsugiri\n|-supereffective|p1a: Dondozo\n|-damage|p1a: Dondozo|68/100\n|\n|upkeep\n|turn|2\n|inactive|Duerdo has 30 seconds left.\n|inactive|Duerdo has 20 seconds left.\n|inactive|Duerdo has 15 seconds left.\n|inactive|Duerdo has 10 seconds left.\n|\n|t:|1776459709\n|-terastallize|p2b: Raging Bolt|Electric\n|move|p1a: Dondozo|Earthquake|p2a: Incineroar|[spread] p2a,p2b\n|-miss|p1a: Dondozo|p1b: Tatsugiri\n|-supereffective|p2a: Incineroar\n|-supereffective|p2b: Raging Bolt\n|-damage|p2a: Incineroar|3/100\n|-damage|p2b: Raging Bolt|9/100\n|move|p2b: Raging Bolt|Volt Switch|p1a: Dondozo\n|-supereffective|p1a: Dondozo\n|-damage|p1a: Dondozo|9/100\n|\n|t:|1776459733\n|-end|p2b: Raging Bolt|Protosynthesis|[silent]\n|switch|p2b: Calyrex|Calyrex-Ice, L50|100/100|[from] Volt Switch\n|-ability|p2b: Calyrex|As One\n|-ability|p2b: Calyrex|Unnerve\n|move|p2a: Incineroar|Knock Off|p1a: Dondozo\n|-damage|p1a: Dondozo|0 fnt\n|-enditem|p1a: Dondozo|Clear Amulet|[from] move: Knock Off|[of] p2a: Incineroar\n|faint|p1a: Dondozo\n|\n|upkeep\n|\n|t:|1776459743\n|switch|p1a: Smeargle|Smeargle, L50, M|100/100\n|turn|3\n|\n|t:|1776459759\n|move|p2b: Calyrex|Protect|p2b: Calyrex\n|-singleturn|p2b: Calyrex|Protect\n|move|p1b: Tatsugiri|Muddy Water|p2b: Calyrex|[spread] p2a\n|-activate|p2b: Calyrex|move: Protect\n|-supereffective|p2a: Incineroar\n|-damage|p2a: Incineroar|0 fnt\n|faint|p2a: Incineroar\n|move|p1a: Smeargle|Spore|p2b: Calyrex\n|-activate|p2b: Calyrex|move: Protect\n|\n|-ability|p1a: Smeargle|Moody|boost\n|-boost|p1a: Smeargle|def|2\n|-unboost|p1a: Smeargle|spa|1\n|upkeep\n|\n|t:|1776459782\n|switch|p2a: Raging Bolt|Raging Bolt, L50, tera:Electric|9/100\n|turn|4\n|\n|t:|1776459788\n|move|p1b: Tatsugiri|Muddy Water|p2b: Calyrex|[spread] p2a,p2b\n|-damage|p2a: Raging Bolt|0 fnt\n|-damage|p2b: Calyrex|81/100\n|faint|p2a: Raging Bolt\n|-end|p2a: Raging Bolt|Protosynthesis|[silent]\n|move|p1a: Smeargle|Spore|p2b: Calyrex\n|-status|p2b: Calyrex|slp|[from] move: Spore\n|cant|p2b: Calyrex|slp\n|\n|-ability|p1a: Smeargle|Moody|boost\n|-boost|p1a: Smeargle|spe|2\n|-unboost|p1a: Smeargle|def|1\n|upkeep\n|\n|t:|1776459801\n|switch|p2a: Lunala|Lunala, L50|100/100\n|turn|5\n|\n|t:|1776459811\n|move|p1a: Smeargle|Spore|p2a: Lunala\n|-status|p2a: Lunala|slp|[from] move: Spore\n|move|p1b: Tatsugiri|Muddy Water|p2a: Lunala|[spread] p2a,p2b\n|-damage|p2a: Lunala|88/100 slp\n|-damage|p2b: Calyrex|59/100 slp\n|cant|p2a: Lunala|slp\n|cant|p2b: Calyrex|slp\n|\n|-ability|p1a: Smeargle|Moody|boost\n|-boost|p1a: Smeargle|spa|2\n|-unboost|p1a: Smeargle|spd|1\n|upkeep\n|turn|6\n|\n|t:|1776459826\n|-curestatus|p2a: Lunala|slp|[msg]\n|move|p2a: Lunala|Wide Guard|p2a: Lunala\n|-singleturn|p2a: Lunala|Wide Guard\n|move|p1a: Smeargle|Minimize|p1a: Smeargle\n|-boost|p1a: Smeargle|evasion|2\n|move|p1b: Tatsugiri|Muddy Water|p2b: Calyrex|[spread] \n|-activate|p2a: Lunala|move: Wide Guard\n|-activate|p2b: Calyrex|move: Wide Guard\n|cant|p2b: Calyrex|slp\n|\n|-ability|p1a: Smeargle|Moody|boost\n|-boost|p1a: Smeargle|spe|2\n|-unboost|p1a: Smeargle|spd|1\n|upkeep\n|turn|7\n|\n|t:|1776459847\n|move|p2a: Lunala|Wide Guard|p2a: Lunala\n|-singleturn|p2a: Lunala|Wide Guard\n|move|p1a: Smeargle|Spore|p2a: Lunala\n|-status|p2a: Lunala|slp|[from] move: Spore\n|move|p1b: Tatsugiri|Muddy Water|p2a: Lunala|[spread] \n|-activate|p2a: Lunala|move: Wide Guard\n|-activate|p2b: Calyrex|move: Wide Guard\n|-curestatus|p2b: Calyrex|slp|[msg]\n|move|p2b: Calyrex|Trick Room|p2b: Calyrex\n|-fieldstart|move: Trick Room|[of] p2b: Calyrex\n|\n|-ability|p1a: Smeargle|Moody|boost\n|-boost|p1a: Smeargle|atk|2\n|-unboost|p1a: Smeargle|spe|1\n|upkeep\n|turn|8\n|\n|t:|1776459870\n|move|p1a: Smeargle|Wide Guard|p1a: Smeargle\n|-singleturn|p1a: Smeargle|Wide Guard\n|move|p2b: Calyrex|Glacial Lance|p1b: Tatsugiri|[spread] \n|-activate|p1a: Smeargle|move: Wide Guard\n|-activate|p1b: Tatsugiri|move: Wide Guard\n|cant|p2a: Lunala|slp\n|move|p1b: Tatsugiri|Muddy Water|p2b: Calyrex|[spread] p2a,p2b\n|-damage|p2a: Lunala|67/100 slp\n|-damage|p2b: Calyrex|39/100\n|\n|-ability|p1a: Smeargle|Moody|boost\n|-boost|p1a: Smeargle|spa|2\n|-unboost|p1a: Smeargle|atk|1\n|upkeep\n|turn|9\n|\n|t:|1776459891\n|move|p2b: Calyrex|High Horsepower|p1a: Smeargle|[miss]\n|-miss|p2b: Calyrex|p1a: Smeargle\n|-curestatus|p2a: Lunala|slp|[msg]\n|move|p2a: Lunala|Moongeist Beam|p1b: Tatsugiri\n|-damage|p1b: Tatsugiri|31/100\n|move|p1b: Tatsugiri|Muddy Water|p2a: Lunala|[spread] p2a,p2b\n|-damage|p2a: Lunala|43/100\n|-damage|p2b: Calyrex|16/100\n|move|p1a: Smeargle|Spore|p2b: Calyrex\n|-status|p2b: Calyrex|slp|[from] move: Spore\n|\n|-ability|p1a: Smeargle|Moody|boost\n|-boost|p1a: Smeargle|spe|2\n|-unboost|p1a: Smeargle|atk|1\n|upkeep\n|turn|10\n|\n|t:|1776459912\n|move|p1a: Smeargle|Follow Me|p1a: Smeargle\n|-singleturn|p1a: Smeargle|move: Follow Me\n|cant|p2b: Calyrex|slp\n|move|p2a: Lunala|Moongeist Beam|p1a: Smeargle\n|-immune|p1a: Smeargle\n|move|p1b: Tatsugiri|Muddy Water|p2b: Calyrex|[spread] p2a,p2b\n|-damage|p2a: Lunala|21/100\n|-damage|p2b: Calyrex|0 fnt\n|-unboost|p2a: Lunala|accuracy|1\n|faint|p2b: Calyrex\n|\n|-ability|p1a: Smeargle|Moody|boost\n|-boost|p1a: Smeargle|def|2\n|-unboost|p1a: Smeargle|spd|1\n|upkeep\n|turn|11\n|-message|Duerdo forfeited.\n|\n|win|BenSon_A27_Zong\n|raw|BenSon_A27_Zong's rating: 1244 &rarr; <strong>1275</strong><br />(+31 for winning)\n|raw|Duerdo's rating: 1322 &rarr; <strong>1298</strong><br />(-24 for losing)\n|l|\u2606Duerdo\n|player|p2|\n|l|\u2606BenSon_A27_Zong\n|player|p1|\n","uploadtime":1776460162,"views":13,"formatid":"gen9vgc2026regi","rating":1275,"private":0,"password":null}