{"id":"gen9vgc2026regi-2565313272","format":"[Gen 9] VGC 2026 Reg I","players":["Polipoliwr","ScribbleScribble"],"log":"|j|\u2606Polipoliwr\n|j|\u2606ScribbleScribble\n|t:|1774261658\n|gametype|doubles\n|player|p1|Polipoliwr|102|1510\n|player|p2|ScribbleScribble|mina-lgpe|1589\n|gen|9\n|tier|[Gen 9] VGC 2026 Reg I\n|rated|\n|rule|Species Clause: Limit one of each Pok\u00e9mon\n|rule|Item Clause: Limit 1 of each item\n|clearpoke\n|poke|p1|Ho-Oh, L50|\n|poke|p1|Amoonguss, L50, F|\n|poke|p1|Groudon, L50|\n|poke|p1|Raging Bolt, L50|\n|poke|p1|Lilligant-Hisui, L50, F|\n|poke|p1|Indeedee-F, L50, F|\n|poke|p2|Calyrex-Ice, L50|\n|poke|p2|Kyogre, L50|\n|poke|p2|Tornadus, L50, M|\n|poke|p2|Indeedee-F, L50, F|\n|poke|p2|Urshifu-*, L50, M|\n|poke|p2|Landorus, L50, M|\n|teampreview|4\n|inactive|Battle timer is ON: inactive players will automatically lose when time's up. (requested by ScribbleScribble)\n|inactive|Polipoliwr has 60 seconds left.\n|\n|t:|1774261710\n|teamsize|p1|4\n|teamsize|p2|4\n|start\n|switch|p1a: Raging Bolt|Raging Bolt, L50|100/100\n|switch|p1b: Ho-Oh|Ho-Oh, L50|100/100\n|switch|p2a: Tornadus|Tornadus, L50, M|100/100\n|switch|p2b: Calyrex|Calyrex-Ice, L50|100/100\n|-ability|p2b: Calyrex|As One\n|-ability|p2b: Calyrex|Unnerve\n|turn|1\n|\n|t:|1774261727\n|-terastallize|p1a: Raging Bolt|Electric\n|move|p2a: Tornadus|Bleakwind Storm|p1a: Raging Bolt|[spread] p1a,p1b\n|-resisted|p1a: Raging Bolt\n|-damage|p1a: Raging Bolt|91/100\n|-damage|p1b: Ho-Oh|79/100\n|move|p1b: Ho-Oh|Sacred Fire|p2b: Calyrex\n|-supereffective|p2b: Calyrex\n|-damage|p2b: Calyrex|30/100\n|-status|p2b: Calyrex|brn\n|move|p2b: Calyrex|Glacial Lance|p1a: Raging Bolt|[spread] p1a,p1b\n|-damage|p1a: Raging Bolt|72/100\n|-damage|p1b: Ho-Oh|54/100\n|move|p1a: Raging Bolt|Electroweb|p2b: Calyrex|[spread] p2a,p2b\n|-supereffective|p2a: Tornadus\n|-damage|p2a: Tornadus|13/100\n|-damage|p2b: Calyrex|6/100 brn\n|-unboost|p2a: Tornadus|spe|1\n|\n|-damage|p2b: Calyrex|0 fnt|[from] brn\n|faint|p2b: Calyrex\n|upkeep\n|\n|t:|1774261730\n|switch|p2b: Kyogre|Kyogre, L50|100/100\n|-weather|RainDance|[from] ability: Drizzle|[of] p2b: Kyogre\n|turn|2\n|inactive|Polipoliwr has 30 seconds left.\n|\n|t:|1774261758\n|-terastallize|p2b: Kyogre|Grass\n|move|p1b: Ho-Oh|Protect|p1b: Ho-Oh\n|-singleturn|p1b: Ho-Oh|Protect\n|move|p2a: Tornadus|Rain Dance||[still]\n|-fail|p2a: Tornadus\n|move|p2b: Kyogre|Water Spout|p1b: Ho-Oh|[spread] p1a\n|-activate|p1b: Ho-Oh|move: Protect\n|-damage|p1a: Raging Bolt|6/100\n|move|p1a: Raging Bolt|Electroweb|p2b: Kyogre|[spread] p2a,p2b\n|-supereffective|p2a: Tornadus\n|-resisted|p2b: Kyogre\n|-damage|p2a: Tornadus|0 fnt\n|-damage|p2b: Kyogre|89/100\n|-unboost|p2b: Kyogre|spe|1\n|faint|p2a: Tornadus\n|\n|-weather|RainDance|[upkeep]\n|upkeep\n|\n|t:|1774261772\n|switch|p2a: Landorus|Landorus, L50, M|100/100\n|turn|3\n|inactive|Polipoliwr has 30 seconds left.\n|\n|t:|1774261804\n|move|p1b: Ho-Oh|Protect||[still]\n|-fail|p1b: Ho-Oh\n|move|p2a: Landorus|Earth Power|p1a: Raging Bolt\n|-supereffective|p1a: Raging Bolt\n|-damage|p1a: Raging Bolt|0 fnt\n|faint|p1a: Raging Bolt\n|-end|p1a: Raging Bolt|Protosynthesis|[silent]\n|move|p2b: Kyogre|Water Spout|p1b: Ho-Oh\n|-supereffective|p1b: Ho-Oh\n|-damage|p1b: Ho-Oh|0 fnt\n|faint|p1b: Ho-Oh\n|\n|-weather|RainDance|[upkeep]\n|upkeep\n|\n|t:|1774261810\n|switch|p1b: Amoonguss|Amoonguss, L50, F|100/100\n|switch|p1a: Groudon|Groudon, L50|100/100\n|-weather|SunnyDay|[from] ability: Drought|[of] p1a: Groudon\n|turn|4\n|inactive|Polipoliwr has 30 seconds left.\n|j| KittyPON2\n|inactive|Polipoliwr has 20 seconds left.\n|\n|t:|1774261846\n|move|p2a: Landorus|Sandsear Storm|p1a: Groudon|[spread] p1a,p1b\n|-damage|p1a: Groudon|33/100\n|-damage|p1b: Amoonguss|42/100\n|move|p1a: Groudon|Heat Crash|p2b: Kyogre\n|-supereffective|p2b: Kyogre\n|-damage|p2b: Kyogre|0 fnt\n|faint|p2b: Kyogre\n|-damage|p1a: Groudon|23/100|[from] item: Life Orb\n|move|p1b: Amoonguss|Sludge Bomb|p2a: Landorus\n|-resisted|p2a: Landorus\n|-damage|p2a: Landorus|85/100\n|\n|-weather|SunnyDay|[upkeep]\n|upkeep\n|turn|5\n|\n|t:|1774261857\n|move|p1a: Groudon|Protect|p1a: Groudon\n|-singleturn|p1a: Groudon|Protect\n|move|p2a: Landorus|Sandsear Storm|p1b: Amoonguss|[spread] p1b\n|-activate|p1a: Groudon|move: Protect\n|-damage|p1b: Amoonguss|0 fnt\n|faint|p1b: Amoonguss\n|\n|-weather|SunnyDay|[upkeep]\n|upkeep\n|turn|6\n|-message|Polipoliwr forfeited.\n|\n|win|ScribbleScribble\n|raw|Polipoliwr's rating: 1510 &rarr; <strong>1493</strong><br />(-17 for losing)\n|raw|ScribbleScribble's rating: 1565 &rarr; <strong>1582</strong><br />(+17 for winning)\n|l|\u2606Polipoliwr\n|player|p1|\n|l|\u2606ScribbleScribble\n|player|p2|\n|l| KittyPON2\n","uploadtime":1774262134,"views":16,"formatid":"gen9vgc2026regi","rating":1493,"private":0,"password":null}