{"id":"gen9vgc2026regi-2566915164","format":"[Gen 9] VGC 2026 Reg I","players":["bobovgc121","Jonen"],"log":"|j|\u2606bobovgc121\n|j|\u2606Jonen\n|t:|1774429117\n|gametype|doubles\n|player|p1|bobovgc121|265|1404\n|player|p2|Jonen|medium|1528\n|gen|9\n|tier|[Gen 9] VGC 2026 Reg I\n|rated|\n|rule|Species Clause: Limit one of each Pok\u00e9mon\n|rule|Item Clause: Limit 1 of each item\n|clearpoke\n|poke|p1|Calyrex-Ice, L50|\n|poke|p1|Kyogre, L50|\n|poke|p1|Incineroar, L50, M|\n|poke|p1|Rillaboom, L50, F|\n|poke|p1|Basculegion, L50, M|\n|poke|p1|Grimmsnarl, L50, M|\n|poke|p2|Groudon, L50|\n|poke|p2|Lunala, L50|\n|poke|p2|Sableye, L50, M|\n|poke|p2|Chi-Yu, L50|\n|poke|p2|Rillaboom, L50, F|\n|poke|p2|Jumpluff, L50, M|\n|teampreview|4\n|\n|t:|1774429152\n|teamsize|p1|4\n|teamsize|p2|4\n|start\n|switch|p1a: Calyrex|Calyrex-Ice, L50|100/100\n|switch|p1b: Incineroar|Incineroar, L50, M|100/100\n|switch|p2a: Lunala|Lunala, L50|100/100\n|switch|p2b: Sableye|Sableye, L50, M|100/100\n|-ability|p1a: Calyrex|As One\n|-ability|p1a: Calyrex|Unnerve\n|-ability|p1b: Incineroar|Intimidate|boost\n|-unboost|p2a: Lunala|atk|1\n|-unboost|p2b: Sableye|atk|1\n|turn|1\n|\n|t:|1774429180\n|move|p1a: Calyrex|Protect|p1a: Calyrex\n|-singleturn|p1a: Calyrex|Protect\n|move|p2b: Sableye|Gravity|p2b: Sableye\n|-fieldstart|move: Gravity\n|move|p2a: Lunala|Hypnosis|p1a: Calyrex\n|-activate|p1a: Calyrex|move: Protect\n|move|p1b: Incineroar|Knock Off|p2a: Lunala\n|-supereffective|p2a: Lunala\n|-damage|p2a: Lunala|34/100\n|-enditem|p2a: Lunala|Power Herb|[from] move: Knock Off|[of] p1b: Incineroar\n|\n|upkeep\n|turn|2\n|\n|t:|1774429202\n|move|p2a: Lunala|Hypnosis|p1a: Calyrex\n|-status|p1a: Calyrex|slp|[from] move: Hypnosis\n|move|p1b: Incineroar|Knock Off|p2a: Lunala\n|-supereffective|p2a: Lunala\n|-damage|p2a: Lunala|0 fnt\n|faint|p2a: Lunala\n|move|p2b: Sableye|Foul Play|p1a: Calyrex\n|-supereffective|p1a: Calyrex\n|-damage|p1a: Calyrex|30/100 slp\n|cant|p1a: Calyrex|slp\n|\n|upkeep\n|\n|t:|1774429206\n|switch|p2a: Groudon|Groudon, L50|100/100\n|-weather|SunnyDay|[from] ability: Drought|[of] p2a: Groudon\n|turn|3\n|\n|t:|1774429227\n|switch|p1b: Kyogre|Kyogre, L50|100/100\n|-weather|RainDance|[from] ability: Drizzle|[of] p1b: Kyogre\n|cant|p1a: Calyrex|slp\n|move|p2a: Groudon|Substitute|p2a: Groudon\n|-start|p2a: Groudon|Substitute\n|-damage|p2a: Groudon|76/100\n|move|p2b: Sableye|Foul Play|p1a: Calyrex\n|-supereffective|p1a: Calyrex\n|-damage|p1a: Calyrex|0 fnt\n|faint|p1a: Calyrex\n|\n|-weather|RainDance|[upkeep]\n|upkeep\n|\n|t:|1774429256\n|switch|p1a: Incineroar|Incineroar, L50, M|100/100\n|-ability|p1a: Incineroar|Intimidate|boost\n|-immune|p2a: Groudon\n|-unboost|p2b: Sableye|atk|1\n|turn|4\n|\n|t:|1774429289\n|move|p1a: Incineroar|Fake Out|p2a: Groudon\n|-activate|p2a: Groudon|move: Substitute|[damage]\n|move|p2b: Sableye|Quash|p1b: Kyogre\n|-activate|p1b: Kyogre|move: Quash\n|move|p2a: Groudon|Precipice Blades|p1b: Kyogre|[spread] p1a,p1b\n|-supereffective|p1a: Incineroar\n|-damage|p1a: Incineroar|0 fnt\n|-damage|p1b: Kyogre|29/100\n|faint|p1a: Incineroar\n|-damage|p2a: Groudon|66/100|[from] item: Life Orb\n|move|p1b: Kyogre|Water Spout|p2a: Groudon|[spread] p2a,p2b\n|-supereffective|p2a: Groudon\n|-end|p2a: Groudon|Substitute\n|-damage|p2b: Sableye|44/100\n|\n|-weather|RainDance|[upkeep]\n|upkeep\n|\n|t:|1774429307\n|switch|p1a: Basculegion|Basculegion, L50, M|100/100\n|turn|5\n|\n|t:|1774429325\n|move|p2b: Sableye|Quash|p1a: Basculegion\n|-activate|p1a: Basculegion|move: Quash\n|move|p2a: Groudon|Precipice Blades|p1a: Basculegion|[spread] p1a,p1b\n|-crit|p1a: Basculegion\n|-damage|p1a: Basculegion|0 fnt\n|-damage|p1b: Kyogre|0 fnt\n|faint|p1a: Basculegion\n|faint|p1b: Kyogre\n|-damage|p2a: Groudon|56/100|[from] item: Life Orb\n|\n|win|Jonen\n|raw|bobovgc121's rating: 1404 &rarr; <strong>1391</strong><br />(-13 for losing)\n|raw|Jonen's rating: 1528 &rarr; <strong>1541</strong><br />(+13 for winning)\n|l|\u2606Jonen\n|player|p2|\n|l|\u2606bobovgc121\n|player|p1|\n","uploadtime":1774429326,"views":10,"formatid":"gen9vgc2026regi","rating":1391,"private":0,"password":null}