{"id":"gen9vgc2026regi-2544830528","format":"[Gen 9] VGC 2026 Reg I","players":["Hd70","Bef6"],"log":"|j|\u2606Hd70\n|j|\u2606Bef6\n|t:|1771767382\n|gametype|doubles\n|player|p1|Hd70|265|1296\n|player|p2|Bef6|102|1593\n|gen|9\n|tier|[Gen 9] VGC 2026 Reg I\n|rated|\n|rule|Species Clause: Limit one of each Pok\u00e9mon\n|rule|Item Clause: Limit 1 of each item\n|clearpoke\n|poke|p1|Miraidon, L50|\n|poke|p1|Iron Bundle, L50|\n|poke|p1|Pachirisu, L50, M|\n|poke|p1|Incineroar, L50, F|\n|poke|p1|Calyrex-Ice, L50|\n|poke|p1|Oranguru, L50, F|\n|poke|p2|Ho-Oh, L50|\n|poke|p2|Koraidon, L50|\n|poke|p2|Flutter Mane, L50|\n|poke|p2|Incineroar, L50, M|\n|poke|p2|Raging Bolt, L50|\n|poke|p2|Rhydon, L50, M|\n|teampreview|4\n|\n|t:|1771767457\n|teamsize|p1|4\n|teamsize|p2|4\n|start\n|switch|p1a: Miraidon|Miraidon, L50|100/100\n|switch|p1b: Incineroar|Incineroar, L50, F|100/100\n|switch|p2a: Ho-Oh|Ho-Oh, L50|100/100\n|switch|p2b: Rhydon|Rhydon, L50, M|100/100\n|-fieldstart|move: Electric Terrain|[from] ability: Hadron Engine|[of] p1a: Miraidon\n|-ability|p1b: Incineroar|Intimidate|boost\n|-fail|p2a: Ho-Oh|unboost|[from] item: Clear Amulet|[of] p2a: Ho-Oh\n|-unboost|p2b: Rhydon|atk|1\n|turn|1\n|\n|t:|1771767489\n|switch|p2b: Koraidon|Koraidon, L50|100/100\n|-weather|SunnyDay|[from] ability: Orichalcum Pulse|[of] p2b: Koraidon\n|-activate|p2b: Koraidon|Orichalcum Pulse|[source]\n|move|p1b: Incineroar|Fake Out|p2a: Ho-Oh\n|-damage|p2a: Ho-Oh|93/100\n|move|p1a: Miraidon|Draco Meteor|p2b: Koraidon\n|-supereffective|p2b: Koraidon\n|-damage|p2b: Koraidon|0 fnt\n|-unboost|p1a: Miraidon|spa|2\n|faint|p2b: Koraidon\n|cant|p2a: Ho-Oh|flinch\n|\n|-weather|SunnyDay|[upkeep]\n|upkeep\n|\n|t:|1771767499\n|switch|p2b: Rhydon|Rhydon, L50, M|100/100\n|turn|2\n|\n|t:|1771767525\n|switch|p1a: Pachirisu|Pachirisu, L50, M|100/100\n|-terastallize|p2b: Rhydon|Fairy\n|move|p2a: Ho-Oh|Sacred Fire|p1a: Pachirisu\n|-damage|p1a: Pachirisu|21/100\n|-status|p1a: Pachirisu|brn\n|-enditem|p1a: Pachirisu|Sitrus Berry|[eat]\n|-heal|p1a: Pachirisu|46/100 brn|[from] item: Sitrus Berry\n|move|p1b: Incineroar|U-turn|p2a: Ho-Oh\n|-resisted|p2a: Ho-Oh\n|-damage|p2a: Ho-Oh|89/100\n|\n|t:|1771767537\n|switch|p1b: Calyrex|Calyrex-Ice, L50|100/100|[from] U-turn\n|-ability|p1b: Calyrex|As One\n|-ability|p1b: Calyrex|Unnerve\n|move|p2b: Rhydon|Swords Dance|p2b: Rhydon\n|-boost|p2b: Rhydon|atk|2\n|\n|-weather|SunnyDay|[upkeep]\n|-damage|p1a: Pachirisu|40/100 brn|[from] brn\n|upkeep\n|turn|3\n|\n|t:|1771767560\n|-terastallize|p1b: Calyrex|Ice\n|move|p1a: Pachirisu|Follow Me|p1a: Pachirisu\n|-singleturn|p1a: Pachirisu|move: Follow Me\n|move|p2a: Ho-Oh|Sacred Fire|p1a: Pachirisu\n|-damage|p1a: Pachirisu|0 fnt\n|faint|p1a: Pachirisu\n|move|p1b: Calyrex|Glacial Lance|p2b: Rhydon|[spread] p2a,p2b\n|-damage|p2a: Ho-Oh|0 fnt\n|-damage|p2b: Rhydon|44/100\n|faint|p2a: Ho-Oh\n|-ability|p1b: Calyrex|Chilling Neigh|boost\n|-boost|p1b: Calyrex|atk|1\n|move|p2b: Rhydon|Rock Slide|p1b: Calyrex\n|-supereffective|p1b: Calyrex\n|-damage|p1b: Calyrex|19/100\n|\n|-weather|SunnyDay|[upkeep]\n|upkeep\n|\n|t:|1771767578\n|switch|p2a: Incineroar|Incineroar, L50, M|100/100\n|switch|p1a: Incineroar|Incineroar, L50, F|100/100\n|-ability|p2a: Incineroar|Intimidate|boost\n|-unboost|p1a: Incineroar|atk|1\n|-unboost|p1b: Calyrex|atk|1\n|-ability|p1a: Incineroar|Intimidate|boost\n|-unboost|p2a: Incineroar|atk|1\n|-unboost|p2b: Rhydon|atk|1\n|turn|4\n|\n|t:|1771767608\n|move|p2a: Incineroar|Fake Out|p1b: Calyrex\n|-damage|p1b: Calyrex|15/100\n|move|p1a: Incineroar|Flare Blitz|p2b: Rhydon\n|-damage|p2b: Rhydon|21/100\n|-damage|p1a: Incineroar|93/100|[from] Recoil\n|cant|p1b: Calyrex|flinch\n|move|p2b: Rhydon|Rock Slide|p1a: Incineroar|[spread] p1a,p1b\n|-supereffective|p1a: Incineroar\n|-supereffective|p1b: Calyrex\n|-damage|p1a: Incineroar|18/100\n|-damage|p1b: Calyrex|0 fnt\n|faint|p1b: Calyrex\n|\n|-weather|SunnyDay|[upkeep]\n|upkeep\n|\n|t:|1771767623\n|switch|p1b: Miraidon|Miraidon, L50|100/100\n|-activate|p1b: Miraidon|ability: Hadron Engine\n|turn|5\n|\n|t:|1771767635\n|move|p2b: Rhydon|Protect|p2b: Rhydon\n|-singleturn|p2b: Rhydon|Protect\n|move|p1b: Miraidon|Draco Meteor|p2a: Incineroar|[miss]\n|-miss|p1b: Miraidon|p2a: Incineroar\n|move|p2a: Incineroar|Flare Blitz|p1a: Incineroar\n|-resisted|p1a: Incineroar\n|-damage|p1a: Incineroar|0 fnt\n|faint|p1a: Incineroar\n|-damage|p2a: Incineroar|95/100|[from] Recoil\n|\n|-weather|none\n|-fieldend|move: Electric Terrain\n|upkeep\n|turn|6\n|-message|Hd70 forfeited.\n|\n|win|Bef6\n|raw|Hd70's rating: 1296 &rarr; <strong>1288</strong><br />(-8 for losing)\n|raw|Bef6's rating: 1593 &rarr; <strong>1599</strong><br />(+6 for winning)\n|l|\u2606Hd70\n|player|p1|\n|l|\u2606Bef6\n|player|p2|\n","uploadtime":1771767858,"views":20,"formatid":"gen9vgc2026regi","rating":1288,"private":0,"password":null}