{"id":"gen9vgc2026regi-2565569288","format":"[Gen 9] VGC 2026 Reg I","players":["magicturtle74","fernsthedruids"],"log":"|j|\u2606magicturtle74\n|j|\u2606fernsthedruids\n|t:|1774286015\n|gametype|doubles\n|player|p1|magicturtle74|n|1386\n|player|p2|fernsthedruids|102|1415\n|gen|9\n|tier|[Gen 9] VGC 2026 Reg I\n|rated|\n|rule|Species Clause: Limit one of each Pok\u00e9mon\n|rule|Item Clause: Limit 1 of each item\n|clearpoke\n|poke|p1|Calyrex-Ice, L50|\n|poke|p1|Kyogre, L50|\n|poke|p1|Tornadus, L50, M|\n|poke|p1|Smeargle, L50, M|\n|poke|p1|Rillaboom, L50, F|\n|poke|p1|Basculegion, L50, M|\n|poke|p2|Kyogre, L50|\n|poke|p2|Calyrex-Ice, L50|\n|poke|p2|Raging Bolt, L50|\n|poke|p2|Tornadus, L50, M|\n|poke|p2|Incineroar, L50, M|\n|poke|p2|Amoonguss, L50, M|\n|teampreview|4\n|\n|t:|1774286044\n|teamsize|p1|4\n|teamsize|p2|4\n|start\n|switch|p1a: 3x attack|Calyrex-Ice, L50|100/100\n|switch|p1b: monke|Rillaboom, L50, F|100/100\n|switch|p2a: Tornadus|Tornadus, L50, M|100/100\n|switch|p2b: Kyogre|Kyogre, L50|100/100\n|-ability|p1a: 3x attack|As One\n|-ability|p1a: 3x attack|Unnerve\n|-weather|RainDance|[from] ability: Drizzle|[of] p2b: Kyogre\n|-fieldstart|move: Grassy Terrain|[from] ability: Grassy Surge|[of] p1b: monke\n|turn|1\n|\n|t:|1774286067\n|switch|p2a: Incineroar|Incineroar, L50, M|100/100\n|-ability|p2a: Incineroar|Intimidate|boost\n|-fail|p1a: 3x attack|unboost|[from] item: Clear Amulet|[of] p1a: 3x attack\n|-unboost|p1b: monke|atk|1\n|-terastallize|p1b: monke|Water\n|move|p2b: Kyogre|Protect|p2b: Kyogre\n|-singleturn|p2b: Kyogre|Protect\n|move|p1b: monke|Wood Hammer|p2b: Kyogre\n|-activate|p2b: Kyogre|move: Protect\n|move|p1a: 3x attack|Glacial Lance|p2a: Incineroar|[spread] p2a\n|-activate|p2b: Kyogre|move: Protect\n|-resisted|p2a: Incineroar\n|-damage|p2a: Incineroar|82/100\n|\n|-weather|RainDance|[upkeep]\n|-heal|p2a: Incineroar|88/100|[from] Grassy Terrain\n|upkeep\n|turn|2\n|\n|t:|1774286093\n|switch|p2b: Calyrex|Calyrex-Ice, L50|100/100\n|-ability|p2b: Calyrex|As One\n|-ability|p2b: Calyrex|Unnerve\n|move|p1b: monke|Grassy Glide|p2b: Calyrex\n|-damage|p2b: Calyrex|86/100\n|move|p2a: Incineroar|Will-O-Wisp|p1a: 3x attack|[miss]\n|-miss|p2a: Incineroar|p1a: 3x attack\n|move|p1a: 3x attack|Leech Seed|p2b: Calyrex\n|-start|p2b: Calyrex|move: Leech Seed\n|\n|-weather|RainDance|[upkeep]\n|-heal|p2a: Incineroar|94/100|[from] Grassy Terrain\n|-heal|p2b: Calyrex|91/100|[from] Grassy Terrain\n|-damage|p2b: Calyrex|79/100|[from] Leech Seed|[of] p1a: 3x attack\n|upkeep\n|turn|3\n|j| Neekz0\n|\n|t:|1774286137\n|move|p1b: monke|U-turn|p2b: Calyrex\n|-supereffective|p2b: Calyrex\n|-damage|p2b: Calyrex|60/100\n|\n|t:|1774286141\n|switch|p1b: Basculegion|Basculegion, L50, M|100/100|[from] U-turn\n|move|p2a: Incineroar|Will-O-Wisp|p1b: Basculegion\n|-status|p1b: Basculegion|brn\n|move|p1a: 3x attack|Glacial Lance|p2b: Calyrex|[spread] p2a,p2b\n|-resisted|p2a: Incineroar\n|-resisted|p2b: Calyrex\n|-damage|p2a: Incineroar|75/100\n|-damage|p2b: Calyrex|44/100\n|move|p2b: Calyrex|Glacial Lance|p1b: Basculegion|[spread] p1a,p1b\n|-resisted|p1a: 3x attack\n|-resisted|p1b: Basculegion\n|-damage|p1a: 3x attack|83/100\n|-damage|p1b: Basculegion|64/100 brn\n|\n|-weather|RainDance|[upkeep]\n|-heal|p1b: Basculegion|70/100 brn|[from] Grassy Terrain\n|-heal|p2a: Incineroar|81/100|[from] Grassy Terrain\n|-heal|p1a: 3x attack|89/100|[from] Grassy Terrain\n|-heal|p2b: Calyrex|50/100|[from] Grassy Terrain\n|-damage|p2b: Calyrex|38/100|[from] Leech Seed|[of] p1a: 3x attack\n|-heal|p1a: 3x attack|100/100|[silent]\n|-damage|p1b: Basculegion|64/100 brn|[from] brn\n|upkeep\n|turn|4\n|\n|t:|1774286175\n|switch|p2b: Tornadus|Tornadus, L50, M|100/100\n|move|p1b: Basculegion|Flip Turn|p2a: Incineroar\n|-supereffective|p2a: Incineroar\n|-damage|p2a: Incineroar|28/100\n|\n|t:|1774286181\n|switch|p1b: me when rain|Kyogre, L50|100/100|[from] Flip Turn\n|move|p2a: Incineroar|Will-O-Wisp|p1a: 3x attack\n|-status|p1a: 3x attack|brn\n|move|p1a: 3x attack|Glacial Lance|p2a: Incineroar|[spread] p2a,p2b\n|-resisted|p2a: Incineroar\n|-supereffective|p2b: Tornadus\n|-damage|p2a: Incineroar|18/100\n|-damage|p2b: Tornadus|52/100\n|\n|-weather|RainDance|[upkeep]\n|-heal|p2a: Incineroar|24/100|[from] Grassy Terrain\n|-damage|p1a: 3x attack|95/100 brn|[from] brn\n|upkeep\n|turn|5\n|\n|t:|1774286216\n|move|p2b: Tornadus|Tailwind|p2b: Tornadus\n|-sidestart|p2: fernsthedruids|move: Tailwind\n|move|p2a: Incineroar|Parting Shot|p1b: me when rain\n|-unboost|p1b: me when rain|atk|1\n|-unboost|p1b: me when rain|spa|1\n|\n|t:|1774286222\n|switch|p2a: Kyogre|Kyogre, L50|100/100|[from] Parting Shot\n|move|p1b: me when rain|Origin Pulse|p2a: Kyogre|[spread] p2a,p2b\n|-resisted|p2a: Kyogre\n|-damage|p2a: Kyogre|77/100\n|-damage|p2b: Tornadus|0 fnt\n|faint|p2b: Tornadus\n|move|p1a: 3x attack|Glacial Lance|p2a: Kyogre\n|-resisted|p2a: Kyogre\n|-damage|p2a: Kyogre|59/100\n|\n|-weather|none\n|-heal|p2a: Kyogre|65/100|[from] Grassy Terrain\n|-heal|p1a: 3x attack|100/100 brn|[from] Grassy Terrain\n|-damage|p1a: 3x attack|95/100 brn|[from] brn\n|-fieldend|move: Grassy Terrain\n|upkeep\n|\n|t:|1774286240\n|switch|p2b: Calyrex|Calyrex-Ice, L50|38/100\n|-ability|p2b: Calyrex|As One\n|-ability|p2b: Calyrex|Unnerve\n|turn|6\n|\n|t:|1774286256\n|move|p1b: me when rain|Protect|p1b: me when rain\n|-singleturn|p1b: me when rain|Protect\n|move|p2a: Kyogre|Origin Pulse|p1a: 3x attack|[spread] p1a\n|-activate|p1b: me when rain|move: Protect\n|-damage|p1a: 3x attack|57/100 brn\n|move|p2b: Calyrex|Glacial Lance|p1b: me when rain|[spread] p1a\n|-activate|p1b: me when rain|move: Protect\n|-resisted|p1a: 3x attack\n|-damage|p1a: 3x attack|41/100 brn\n|move|p1a: 3x attack|Leech Seed|p2b: Calyrex\n|-start|p2b: Calyrex|move: Leech Seed\n|\n|-damage|p2b: Calyrex|26/100|[from] Leech Seed|[of] p1a: 3x attack\n|-heal|p1a: 3x attack|53/100 brn|[silent]\n|-damage|p1a: 3x attack|47/100 brn|[from] brn\n|upkeep\n|turn|7\n|\n|t:|1774286272\n|switch|p1b: monke|Rillaboom, L50, F, tera:Water|100/100\n|-fieldstart|move: Grassy Terrain|[from] ability: Grassy Surge|[of] p1b: monke\n|switch|p2b: Incineroar|Incineroar, L50, M|24/100\n|-ability|p2b: Incineroar|Intimidate|boost\n|-fail|p1a: 3x attack|unboost|[from] item: Clear Amulet|[of] p1a: 3x attack\n|-unboost|p1b: monke|atk|1\n|move|p1a: 3x attack|Protect|p1a: 3x attack\n|-singleturn|p1a: 3x attack|Protect\n|move|p2a: Kyogre|Origin Pulse|p1b: monke|[spread] p1b\n|-activate|p1a: 3x attack|move: Protect\n|-resisted|p1b: monke\n|-damage|p1b: monke|80/100\n|\n|-heal|p2a: Kyogre|71/100|[from] Grassy Terrain\n|-heal|p2b: Incineroar|30/100|[from] Grassy Terrain\n|-heal|p1b: monke|86/100|[from] Grassy Terrain\n|-heal|p1a: 3x attack|53/100 brn|[from] Grassy Terrain\n|-damage|p1a: 3x attack|47/100 brn|[from] brn\n|upkeep\n|turn|8\n|\n|t:|1774286314\n|-terastallize|p2a: Kyogre|Grass\n|move|p2a: Kyogre|Origin Pulse|p1b: monke|[spread] p1a,p1b\n|-resisted|p1b: monke\n|-damage|p1a: 3x attack|12/100 brn\n|-damage|p1b: monke|64/100\n|move|p2b: Incineroar|Parting Shot|p1b: monke\n|-unboost|p1b: monke|atk|1\n|-unboost|p1b: monke|spa|1\n|\n|t:|1774286321\n|switch|p2b: Calyrex|Calyrex-Ice, L50|26/100|[from] Parting Shot\n|-ability|p2b: Calyrex|As One\n|-ability|p2b: Calyrex|Unnerve\n|move|p1b: monke|Wood Hammer|p2a: Kyogre\n|-resisted|p2a: Kyogre\n|-damage|p2a: Kyogre|54/100\n|-damage|p1b: monke|58/100|[from] Recoil\n|move|p1a: 3x attack|Leech Seed|p2a: Kyogre\n|-immune|p2a: Kyogre\n|\n|-heal|p2a: Kyogre|60/100|[from] Grassy Terrain\n|-heal|p1b: monke|64/100|[from] Grassy Terrain\n|-heal|p2b: Calyrex|32/100|[from] Grassy Terrain\n|-heal|p1a: 3x attack|18/100 brn|[from] Grassy Terrain\n|-damage|p1a: 3x attack|12/100 brn|[from] brn\n|-sideend|p2: fernsthedruids|move: Tailwind\n|upkeep\n|turn|9\n|\n|t:|1774286346\n|switch|p1a: Basculegion|Basculegion, L50, M|64/100 brn\n|move|p2a: Kyogre|Water Spout|p1a: Basculegion|[spread] p1a,p1b\n|-resisted|p1a: Basculegion\n|-resisted|p1b: monke\n|-damage|p1a: Basculegion|38/100 brn\n|-damage|p1b: monke|48/100\n|move|p1b: monke|U-turn|p2b: Calyrex\n|-supereffective|p2b: Calyrex\n|-damage|p2b: Calyrex|18/100\n|\n|t:|1774286359\n|switch|p1b: me when rain|Kyogre, L50|100/100|[from] U-turn\n|-weather|RainDance|[from] ability: Drizzle|[of] p1b: me when rain\n|move|p2b: Calyrex|Trick Room|p2b: Calyrex\n|-fieldstart|move: Trick Room|[of] p2b: Calyrex\n|\n|-weather|RainDance|[upkeep]\n|-heal|p2b: Calyrex|24/100|[from] Grassy Terrain\n|-heal|p2a: Kyogre|66/100|[from] Grassy Terrain\n|-heal|p1a: Basculegion|44/100 brn|[from] Grassy Terrain\n|-damage|p1a: Basculegion|38/100 brn|[from] brn\n|upkeep\n|turn|10\n|l|\u2606fernsthedruids\n|player|p2|\n|j|\u2606fernsthedruids\n|player|p2|fernsthedruids|102|\n|\n|t:|1774286382\n|move|p2b: Calyrex|Glacial Lance|p1b: me when rain|[spread] p1a,p1b\n|-resisted|p1a: Basculegion\n|-resisted|p1b: me when rain\n|-damage|p1a: Basculegion|3/100 brn\n|-damage|p1b: me when rain|76/100\n|move|p1b: me when rain|Thunder|p2a: Kyogre\n|-resisted|p2a: Kyogre\n|-damage|p2a: Kyogre|49/100\n|-status|p2a: Kyogre|par\n|cant|p2a: Kyogre|par\n|move|p1a: Basculegion|Head Smash|p2b: Calyrex\n|-supereffective|p2b: Calyrex\n|-damage|p2b: Calyrex|0 fnt\n|faint|p2b: Calyrex\n|-damage|p1a: Basculegion|0 fnt|[from] Recoil\n|faint|p1a: Basculegion\n|\n|-weather|RainDance|[upkeep]\n|-heal|p2a: Kyogre|55/100 par|[from] Grassy Terrain\n|-heal|p1b: me when rain|82/100|[from] Grassy Terrain\n|upkeep\n|c|\u2606fernsthedruids|I'd going to commit actual murder\n|c|\u2606fernsthedruids|I'm\n|\n|t:|1774286406\n|switch|p2b: Incineroar|Incineroar, L50, M|30/100\n|switch|p1a: 3x attack|Calyrex-Ice, L50|12/100 brn\n|-ability|p1a: 3x attack|As One\n|-ability|p1a: 3x attack|Unnerve\n|-ability|p2b: Incineroar|Intimidate|boost\n|-fail|p1a: 3x attack|unboost|[from] item: Clear Amulet|[of] p1a: 3x attack\n|-unboost|p1b: me when rain|atk|1\n|turn|11\n|\n|t:|1774286418\n|move|p1a: 3x attack|Protect|p1a: 3x attack\n|-singleturn|p1a: 3x attack|Protect\n|move|p2b: Incineroar|Fake Out|p1b: me when rain\n|-damage|p1b: me when rain|72/100\n|move|p2a: Kyogre|Water Spout|p1b: me when rain|[spread] p1b\n|-activate|p1a: 3x attack|move: Protect\n|-resisted|p1b: me when rain\n|-damage|p1b: me when rain|48/100\n|cant|p1b: me when rain|flinch\n|\n|-weather|RainDance|[upkeep]\n|-heal|p2a: Kyogre|61/100 par|[from] Grassy Terrain\n|-heal|p1a: 3x attack|18/100 brn|[from] Grassy Terrain\n|-heal|p2b: Incineroar|36/100|[from] Grassy Terrain\n|-heal|p1b: me when rain|54/100|[from] Grassy Terrain\n|-damage|p1a: 3x attack|12/100 brn|[from] brn\n|-fieldend|move: Grassy Terrain\n|upkeep\n|turn|12\n|\n|t:|1774286441\n|move|p2a: Kyogre|Water Spout|p1a: 3x attack|[spread] p1a,p1b\n|-resisted|p1b: me when rain\n|-damage|p1a: 3x attack|0 fnt\n|-damage|p1b: me when rain|29/100\n|faint|p1a: 3x attack\n|move|p2b: Incineroar|Knock Off|p1b: me when rain\n|-damage|p1b: me when rain|0 fnt\n|-enditem|p1b: me when rain|Mystic Water|[from] move: Knock Off|[of] p2b: Incineroar\n|faint|p1b: me when rain\n|\n|-weather|RainDance|[upkeep]\n|upkeep\n|\n|t:|1774286450\n|switch|p1b: monke|Rillaboom, L50, F, tera:Water|48/100\n|-fieldstart|move: Grassy Terrain|[from] ability: Grassy Surge|[of] p1b: monke\n|turn|13\n|\n|t:|1774286457\n|move|p1b: monke|Fake Out|p2a: Kyogre\n|-damage|p2a: Kyogre|48/100 par\n|cant|p2a: Kyogre|flinch\n|move|p2b: Incineroar|Knock Off|p1b: monke\n|-crit|p1b: monke\n|-damage|p1b: monke|0 fnt\n|-enditem|p1b: monke|Assault Vest|[from] move: Knock Off|[of] p2b: Incineroar\n|faint|p1b: monke\n|\n|win|fernsthedruids\n|raw|magicturtle74's rating: 1386 &rarr; <strong>1368</strong><br />(-18 for losing)\n|raw|fernsthedruids's rating: 1415 &rarr; <strong>1433</strong><br />(+18 for winning)\n|l|\u2606magicturtle74\n|player|p1|\n|l| Neekz0\n|l|\u2606fernsthedruids\n|player|p2|\n","uploadtime":1774286694,"views":10,"formatid":"gen9vgc2026regi","rating":1368,"private":0,"password":null}