{"id":"gen9vgc2026regi-2561431215","format":"[Gen 9] VGC 2026 Reg I","players":["Galaxianalt","LechonkBro"],"log":"|j|\u2606Galaxianalt\n|j|\u2606LechonkBro\n|t:|1773795401\n|gametype|doubles\n|player|p1|Galaxianalt|aromalady|1329\n|player|p2|LechonkBro|102|1569\n|gen|9\n|tier|[Gen 9] VGC 2026 Reg I\n|rated|\n|rule|Species Clause: Limit one of each Pok\u00e9mon\n|rule|Item Clause: Limit 1 of each item\n|clearpoke\n|poke|p1|Miraidon, L50|\n|poke|p1|Farigiraf, L50, M|\n|poke|p1|Salamence, L50, M|\n|poke|p1|Flutter Mane, L50|\n|poke|p1|Kingambit, L50, F|\n|poke|p1|Kyogre, L50|\n|poke|p2|Chien-Pao, L50|\n|poke|p2|Calyrex-Shadow, L50|\n|poke|p2|Dondozo, L50, F|\n|poke|p2|Zamazenta-*, L50|\n|poke|p2|Dragonite, L50, F|\n|poke|p2|Tatsugiri, L50, F|\n|teampreview|4\n|inactive|Battle timer is ON: inactive players will automatically lose when time's up. (requested by LechonkBro)\n|inactive|Galaxianalt has 60 seconds left.\n|inactive|LechonkBro has 60 seconds left.\n|\n|t:|1773795454\n|teamsize|p1|4\n|teamsize|p2|4\n|start\n|switch|p1a: Miraidon|Miraidon, L50, shiny|100/100\n|switch|p1b: Farigiraf|Farigiraf, L50, M|100/100\n|switch|p2a: Chien-Pao|Chien-Pao, L50|100/100\n|switch|p2b: Calyrex|Calyrex-Shadow, L50|100/100\n|-ability|p2b: Calyrex|As One\n|-ability|p2b: Calyrex|Unnerve\n|-ability|p2a: Chien-Pao|Sword of Ruin\n|-fieldstart|move: Electric Terrain|[from] ability: Hadron Engine|[of] p1a: Miraidon\n|-enditem|p1b: Farigiraf|Electric Seed\n|-boost|p1b: Farigiraf|def|1|[from] item: Electric Seed\n|turn|1\n|inactive|LechonkBro has 30 seconds left.\n|\n|t:|1773795485\n|move|p2b: Calyrex|Astral Barrage|p1a: Miraidon|[spread] p1a\n|-immune|p1b: Farigiraf\n|-damage|p1a: Miraidon|53/100\n|move|p2a: Chien-Pao|Taunt|p1b: Farigiraf\n|-start|p1b: Farigiraf|move: Taunt\n|move|p1a: Miraidon|Volt Switch|p2a: Chien-Pao\n|-enditem|p2a: Chien-Pao|Focus Sash\n|-damage|p2a: Chien-Pao|1/100\n|\n|t:|1773795498\n|switch|p1a: Kyogre|Kyogre, L50, shiny|100/100|[from] Volt Switch\n|-weather|RainDance|[from] ability: Drizzle|[of] p1a: Kyogre\n|cant|p1b: Farigiraf|move: Taunt|Trick Room\n|\n|-weather|RainDance|[upkeep]\n|upkeep\n|turn|2\n|\n|t:|1773795513\n|move|p2b: Calyrex|Astral Barrage|p1a: Kyogre|[spread] p1a\n|-immune|p1b: Farigiraf\n|-damage|p1a: Kyogre|78/100\n|move|p2a: Chien-Pao|Ruination|p1b: Farigiraf\n|-damage|p1b: Farigiraf|51/100\n|move|p1a: Kyogre|Water Spout|p2a: Chien-Pao|[spread] p2a,p2b\n|-damage|p2a: Chien-Pao|0 fnt\n|-damage|p2b: Calyrex|23/100\n|faint|p2a: Chien-Pao\n|move|p1b: Farigiraf|Foul Play|p2b: Calyrex\n|-supereffective|p2b: Calyrex\n|-damage|p2b: Calyrex|0 fnt\n|faint|p2b: Calyrex\n|\n|-weather|RainDance|[upkeep]\n|upkeep\n|\n|t:|1773795532\n|switch|p2b: Dragonite|Dragonite, L50, F|100/100\n|switch|p2a: Zamazenta|Zamazenta-Crowned, L50|100/100\n|-ability|p2a: Zamazenta|Dauntless Shield|boost\n|-boost|p2a: Zamazenta|def|1\n|turn|3\n|\n|t:|1773795553\n|move|p2a: Zamazenta|Body Press|p1a: Kyogre\n|-crit|p1a: Kyogre\n|-damage|p1a: Kyogre|0 fnt\n|faint|p1a: Kyogre\n|move|p2b: Dragonite|Outrage|p1b: Farigiraf\n|-damage|p1b: Farigiraf|0 fnt\n|faint|p1b: Farigiraf\n|\n|-weather|RainDance|[upkeep]\n|upkeep\n|\n|t:|1773795561\n|switch|p1a: Salamence|Salamence, L50, M, shiny|100/100\n|switch|p1b: Miraidon|Miraidon, L50, shiny|53/100\n|-activate|p1b: Miraidon|ability: Hadron Engine\n|-ability|p1a: Salamence|Intimidate|boost\n|-unboost|p2a: Zamazenta|atk|1\n|-fail|p2b: Dragonite|unboost|Attack|[from] ability: Inner Focus|[of] p2b: Dragonite\n|turn|4\n|\n|t:|1773795578\n|-terastallize|p1b: Miraidon|Fairy\n|move|p1a: Salamence|Protect|p1a: Salamence\n|-singleturn|p1a: Salamence|Protect\n|move|p1b: Miraidon|Electro Drift|p2a: Zamazenta\n|-damage|p2a: Zamazenta|0 fnt\n|faint|p2a: Zamazenta\n|move|p2b: Dragonite|Outrage|p1a: Salamence|[from] lockedmove\n|-activate|p1a: Salamence|move: Protect\n|-start|p2b: Dragonite|confusion|[fatigue]\n|\n|-weather|RainDance|[upkeep]\n|upkeep\n|turn|5\n|-message|LechonkBro forfeited.\n|\n|win|Galaxianalt\n|raw|Galaxianalt's rating: 1329 &rarr; <strong>1361</strong><br />(+32 for winning)\n|raw|LechonkBro's rating: 1569 &rarr; <strong>1537</strong><br />(-32 for losing)\n|l|\u2606LechonkBro\n|player|p2|\n|l|\u2606Galaxianalt\n|player|p1|\n","uploadtime":1773795595,"views":10,"formatid":"gen9vgc2026regi","rating":1361,"private":0,"password":null}