{"id":"gen9vgc2026regi-2560925314","format":"[Gen 9] VGC 2026 Reg I","players":["San gerger","Jonen"],"log":"|j|\u2606San gerger\n|j|\u2606Jonen\n|t:|1773748144\n|gametype|doubles\n|player|p1|San gerger|101|1428\n|player|p2|Jonen|hiker-gen4|1338\n|gen|9\n|tier|[Gen 9] VGC 2026 Reg I\n|rated|\n|rule|Species Clause: Limit one of each Pok\u00e9mon\n|rule|Item Clause: Limit 1 of each item\n|clearpoke\n|poke|p1|Groudon, L50|\n|poke|p1|Lunala, L50|\n|poke|p1|Jumpluff, L50, F|\n|poke|p1|Indeedee-F, L50, F|\n|poke|p1|Flutter Mane, L50|\n|poke|p1|Chi-Yu, L50|\n|poke|p2|Groudon, L50|\n|poke|p2|Lunala, L50|\n|poke|p2|Sableye, L50, M|\n|poke|p2|Chi-Yu, L50|\n|poke|p2|Rillaboom, L50, M|\n|poke|p2|Jumpluff, L50, M|\n|teampreview|4\n|\n|t:|1773748222\n|teamsize|p1|4\n|teamsize|p2|4\n|start\n|switch|p1a: Lunala|Lunala, L50|100/100\n|switch|p1b: Indeedee|Indeedee-F, L50, F|100/100\n|switch|p2a: Lunala|Lunala, L50|100/100\n|switch|p2b: Sableye|Sableye, L50, M|100/100\n|-fieldstart|move: Psychic Terrain|[from] ability: Psychic Surge|[of] p1b: Indeedee\n|turn|1\n|\n|t:|1773748262\n|move|p1b: Indeedee|Follow Me|p1b: Indeedee\n|-singleturn|p1b: Indeedee|move: Follow Me\n|move|p2b: Sableye|Gravity|p2b: Sableye\n|-fieldstart|move: Gravity\n|move|p2a: Lunala|Hypnosis|p1b: Indeedee\n|-status|p1b: Indeedee|slp|[from] move: Hypnosis\n|move|p1a: Lunala|Meteor Beam||[still]\n|-prepare|p1a: Lunala|Meteor Beam\n|-boost|p1a: Lunala|spa|1\n|-enditem|p1a: Lunala|Power Herb\n|-anim|p1a: Lunala|Meteor Beam|p2b: Sableye\n|-enditem|p2b: Sableye|Focus Sash\n|-damage|p2b: Sableye|1/100\n|\n|upkeep\n|turn|2\n|\n|t:|1773748292\n|switch|p1b: Flutter Mane|Flutter Mane, L50|100/100\n|move|p2a: Lunala|Protect|p2a: Lunala\n|-singleturn|p2a: Lunala|Protect\n|move|p1a: Lunala|Expanding Force|p2a: Lunala|[spread] \n|-activate|p2a: Lunala|move: Protect\n|-immune|p2b: Sableye\n|move|p2b: Sableye|Foul Play|p1a: Lunala\n|-supereffective|p1a: Lunala\n|-damage|p1a: Lunala|57/100\n|\n|upkeep\n|turn|3\n|\n|t:|1773748343\n|switch|p2a: Chi-Yu|Chi-Yu, L50|100/100\n|-ability|p2a: Chi-Yu|Beads of Ruin\n|-terastallize|p1a: Lunala|Water\n|move|p1b: Flutter Mane|Dazzling Gleam|p2b: Sableye|[spread] p2a,p2b\n|-supereffective|p2b: Sableye\n|-damage|p2a: Chi-Yu|47/100\n|-damage|p2b: Sableye|0 fnt\n|faint|p2b: Sableye\n|move|p1a: Lunala|Moongeist Beam|p2a: Chi-Yu\n|-resisted|p2a: Chi-Yu\n|-damage|p2a: Chi-Yu|0 fnt\n|faint|p2a: Chi-Yu\n|\n|upkeep\n|\n|t:|1773748350\n|switch|p2a: Groudon|Groudon, L50|100/100\n|switch|p2b: Lunala|Lunala, L50|100/100\n|-weather|SunnyDay|[from] ability: Drought|[of] p2a: Groudon\n|-activate|p1b: Flutter Mane|ability: Protosynthesis\n|-start|p1b: Flutter Mane|protosynthesisspe\n|turn|4\n|\n|t:|1773748380\n|-terastallize|p2a: Groudon|Fire\n|move|p1b: Flutter Mane|Dazzling Gleam|p2a: Groudon|[spread] p2a,p2b\n|-resisted|p2a: Groudon\n|-damage|p2a: Groudon|77/100\n|-damage|p2b: Lunala|82/100\n|move|p2b: Lunala|Hypnosis|p1a: Lunala\n|-status|p1a: Lunala|slp|[from] move: Hypnosis\n|move|p2a: Groudon|Precipice Blades|p1a: Lunala|[spread] p1a,p1b\n|-crit|p1b: Flutter Mane\n|-damage|p1a: Lunala|0 fnt\n|-damage|p1b: Flutter Mane|0 fnt\n|faint|p1a: Lunala\n|faint|p1b: Flutter Mane\n|-end|p1b: Flutter Mane|Protosynthesis|[silent]\n|-damage|p2a: Groudon|67/100|[from] item: Life Orb\n|\n|-weather|SunnyDay|[upkeep]\n|upkeep\n|\n|t:|1773748396\n|switch|p1b: Indeedee|Indeedee-F, L50, F|100/100 slp\n|switch|p1a: Groudon|Groudon, L50|100/100\n|turn|5\n|\n|t:|1773748408\n|cant|p1b: Indeedee|slp\n|move|p2b: Lunala|Hypnosis|p1a: Groudon\n|-status|p1a: Groudon|slp|[from] move: Hypnosis\n|move|p2a: Groudon|Precipice Blades|p1b: Indeedee|[spread] p1a,p1b\n|-damage|p1a: Groudon|53/100 slp\n|-damage|p1b: Indeedee|34/100 slp\n|-damage|p2a: Groudon|58/100|[from] item: Life Orb\n|cant|p1a: Groudon|slp\n|\n|-weather|SunnyDay|[upkeep]\n|-fieldend|move: Gravity\n|-fieldend|move: Psychic Terrain\n|upkeep\n|turn|6\n|-message|San gerger forfeited.\n|\n|win|Jonen\n|raw|San gerger's rating: 1428 &rarr; <strong>1403</strong><br />(-25 for losing)\n|raw|Jonen's rating: 1338 &rarr; <strong>1363</strong><br />(+25 for winning)\n","uploadtime":1773748438,"views":13,"formatid":"gen9vgc2026regi","rating":1363,"private":0,"password":null}