{"id":"gen9vgc2026regi-2588312140","format":"[Gen 9] VGC 2026 Reg I","players":["clessvgc","mixontokox"],"log":"|j|\u2606clessvgc\n|j|\u2606mixontokox\n|t:|1776623165\n|gametype|doubles\n|player|p1|clessvgc|proton|1333\n|player|p2|mixontokox|265|1339\n|gen|9\n|tier|[Gen 9] VGC 2026 Reg I\n|rated|\n|rule|Species Clause: Limit one of each Pok\u00e9mon\n|rule|Item Clause: Limit 1 of each item\n|clearpoke\n|poke|p1|Landorus-Therian, L50, M|\n|poke|p1|Calyrex-Shadow, L50|\n|poke|p1|Miraidon, L50|\n|poke|p1|Iron Moth, L50|\n|poke|p1|Tornadus, L50, M|\n|poke|p1|Corviknight, L50, M|\n|poke|p2|Kyogre, L50|\n|poke|p2|Calyrex-Ice, L50|\n|poke|p2|Rillaboom, L50, F|\n|poke|p2|Amoonguss, L50, M|\n|poke|p2|Flutter Mane, L50|\n|poke|p2|Urshifu-*, L50, F|\n|teampreview|4\n|inactive|Battle timer is ON: inactive players will automatically lose when time's up. (requested by clessvgc)\n|inactive|clessvgc has 60 seconds left.\n|\n|t:|1776623202\n|teamsize|p1|4\n|teamsize|p2|4\n|start\n|switch|p1a: Tornadus|Tornadus, L50, M|100/100\n|switch|p1b: Iron Moth|Iron Moth, L50|100/100\n|switch|p2a: Calyrex|Calyrex-Ice, L50|100/100\n|switch|p2b: Amoonguss|Amoonguss, L50, M|100/100\n|-ability|p2a: Calyrex|As One\n|-ability|p2a: Calyrex|Unnerve\n|turn|1\n|inactive|mixontokox has 30 seconds left.\n|inactive|clessvgc has 30 seconds left.\n|inactive|mixontokox has 20 seconds left.\n|inactive|mixontokox has 15 seconds left.\n|inactive|mixontokox has 10 seconds left.\n|\n|t:|1776623252\n|-terastallize|p1b: Iron Moth|Grass\n|move|p2b: Amoonguss|Rage Powder|p2b: Amoonguss\n|-singleturn|p2b: Amoonguss|move: Rage Powder\n|move|p1a: Tornadus|Taunt|p2b: Amoonguss\n|-start|p2b: Amoonguss|move: Taunt\n|move|p1b: Iron Moth|Heat Wave|p2b: Amoonguss|[spread] p2a,p2b\n|-supereffective|p2a: Calyrex\n|-supereffective|p2b: Amoonguss\n|-damage|p2a: Calyrex|40/100\n|-damage|p2b: Amoonguss|29/100\n|-damage|p1b: Iron Moth|91/100|[from] item: Life Orb\n|move|p2a: Calyrex|Glacial Lance|p1a: Tornadus|[spread] p1a,p1b\n|-supereffective|p1a: Tornadus\n|-supereffective|p1b: Iron Moth\n|-damage|p1a: Tornadus|0 fnt\n|-damage|p1b: Iron Moth|0 fnt\n|faint|p1a: Tornadus\n|faint|p1b: Iron Moth\n|-end|p1b: Iron Moth|Quark Drive|[silent]\n|-ability|p2a: Calyrex|Chilling Neigh|boost\n|-boost|p2a: Calyrex|atk|2\n|\n|-heal|p2a: Calyrex|46/100|[from] item: Leftovers\n|upkeep\n|\n|t:|1776623263\n|switch|p1b: Calyrex|Calyrex-Shadow, L50|100/100\n|switch|p1a: Miraidon|Miraidon, L50|100/100\n|-ability|p1b: Calyrex|As One\n|-ability|p1b: Calyrex|Unnerve\n|-fieldstart|move: Electric Terrain|[from] ability: Hadron Engine|[of] p1a: Miraidon\n|turn|2\n|inactive|mixontokox has 30 seconds left.\n|\n|t:|1776623290\n|move|p2a: Calyrex|Protect|p2a: Calyrex\n|-singleturn|p2a: Calyrex|Protect\n|move|p1b: Calyrex|Astral Barrage|p2b: Amoonguss|[spread] p2b\n|-activate|p2a: Calyrex|move: Protect\n|-damage|p2b: Amoonguss|0 fnt\n|faint|p2b: Amoonguss\n|-ability|p1b: Calyrex|Grim Neigh|boost\n|-boost|p1b: Calyrex|spa|1\n|move|p1a: Miraidon|Electro Drift|p2a: Calyrex\n|-activate|p2a: Calyrex|move: Protect\n|\n|-heal|p2a: Calyrex|52/100|[from] item: Leftovers\n|upkeep\n|\n|t:|1776623308\n|switch|p2b: Rillaboom|Rillaboom, L50, F|100/100\n|-fieldstart|move: Grassy Terrain|[from] ability: Grassy Surge|[of] p2b: Rillaboom\n|turn|3\n|\n|t:|1776623325\n|-terastallize|p2a: Calyrex|Fairy\n|move|p2b: Rillaboom|Fake Out|p1a: Miraidon\n|-damage|p1a: Miraidon|87/100\n|move|p1b: Calyrex|Encore|p2a: Calyrex\n|-start|p2a: Calyrex|Encore\n|cant|p1a: Miraidon|flinch\n|move|p2a: Calyrex|Protect||[still]\n|-fail|p2a: Calyrex\n|\n|-heal|p1a: Miraidon|93/100|[from] Grassy Terrain\n|-heal|p2a: Calyrex|58/100|[from] Grassy Terrain\n|-heal|p2a: Calyrex|63/100|[from] item: Leftovers\n|upkeep\n|turn|4\n|\n|t:|1776623351\n|switch|p2a: Kyogre|Kyogre, L50|100/100\n|-weather|RainDance|[from] ability: Drizzle|[of] p2a: Kyogre\n|move|p1b: Calyrex|Encore|p2b: Rillaboom\n|-start|p2b: Rillaboom|Encore\n|move|p1a: Miraidon|Electro Drift|p2b: Rillaboom\n|-resisted|p2b: Rillaboom\n|-crit|p2b: Rillaboom\n|-damage|p2b: Rillaboom|60/100\n|move|p2b: Rillaboom|Fake Out||[still]\n|-hint|Fake Out only works on your first turn out.\n|-fail|p2b: Rillaboom\n|\n|-weather|RainDance|[upkeep]\n|-heal|p1a: Miraidon|99/100|[from] Grassy Terrain\n|-heal|p2b: Rillaboom|66/100|[from] Grassy Terrain\n|upkeep\n|turn|5\n|inactive|mixontokox has 30 seconds left.\n|inactive|mixontokox has 20 seconds left.\n|inactive|mixontokox has 15 seconds left.\n|\n|t:|1776623391\n|switch|p2b: Calyrex|Calyrex-Ice, L50, tera:Fairy|63/100\n|-ability|p2b: Calyrex|As One\n|-ability|p2b: Calyrex|Unnerve\n|move|p1b: Calyrex|Astral Barrage|p2a: Kyogre|[spread] p2a,p2b\n|-damage|p2a: Kyogre|51/100\n|-damage|p2b: Calyrex|3/100\n|move|p1a: Miraidon|Electro Drift|p2a: Kyogre\n|-supereffective|p2a: Kyogre\n|-damage|p2a: Kyogre|0 fnt\n|faint|p2a: Kyogre\n|\n|-weather|RainDance|[upkeep]\n|-heal|p1a: Miraidon|100/100|[from] Grassy Terrain\n|-heal|p2b: Calyrex|9/100|[from] Grassy Terrain\n|-heal|p2b: Calyrex|15/100|[from] item: Leftovers\n|upkeep\n|\n|t:|1776623410\n|switch|p2a: Rillaboom|Rillaboom, L50, F|66/100\n|turn|6\n|-message|mixontokox forfeited.\n|\n|win|clessvgc\n|raw|clessvgc's rating: 1322 &rarr; <strong>1343</strong><br />(+21 for winning)\n|raw|mixontokox's rating: 1339 &rarr; <strong>1318</strong><br />(-21 for losing)\n|l|\u2606mixontokox\n|player|p2|\n|l|\u2606clessvgc\n|player|p1|\n","uploadtime":1776623638,"views":7,"formatid":"gen9vgc2026regi","rating":1318,"private":0,"password":null}