{"id":"gen9vgc2026regi-2564661511","format":"[Gen 9] VGC 2026 Reg I","players":["blackred123","qingyunyunyun"],"log":"|j|\u2606blackred123\n|j|\u2606qingyunyunyun\n|t:|1774182747\n|gametype|doubles\n|player|p1|blackred123|iono-masters|1410\n|player|p2|qingyunyunyun|170|1429\n|gen|9\n|tier|[Gen 9] VGC 2026 Reg I\n|rated|\n|rule|Species Clause: Limit one of each Pok\u00e9mon\n|rule|Item Clause: Limit 1 of each item\n|clearpoke\n|poke|p1|Calyrex-Ice, L50|\n|poke|p1|Lunala, L50|\n|poke|p1|Smeargle, L50, M|\n|poke|p1|Urshifu-*, L50, M|\n|poke|p1|Torkoal, L50, F|\n|poke|p1|Indeedee-F, L50, F|\n|poke|p2|Kyogre, L50|\n|poke|p2|Whimsicott, L50, F|\n|poke|p2|Tornadus, L50, M|\n|poke|p2|Urshifu-*, L50, M|\n|poke|p2|Zacian-*, L50|\n|poke|p2|Farigiraf, L50, F|\n|teampreview|4\n|inactive|Battle timer is ON: inactive players will automatically lose when time's up. (requested by qingyunyunyun)\n|inactive|blackred123 also wants the timer to be on.\n|inactive|qingyunyunyun has 60 seconds left.\n|\n|t:|1774182797\n|teamsize|p1|4\n|teamsize|p2|4\n|start\n|switch|p1a: \u591c\u795e\u6708|Lunala, L50|100/100\n|switch|p1b: Smeargle|Smeargle, L50, M|100/100\n|switch|p2a: Farigiraf|Farigiraf, L50, F|100/100\n|switch|p2b: Zacian|Zacian-Crowned, L50|100/100\n|-ability|p2b: Zacian|Intrepid Sword|boost\n|-boost|p2b: Zacian|atk|1\n|turn|1\n|\n|t:|1774182817\n|move|p2b: Zacian|Protect|p2b: Zacian\n|-singleturn|p2b: Zacian|Protect\n|move|p1a: \u591c\u795e\u6708|Meteor Beam||[still]\n|-prepare|p1a: \u591c\u795e\u6708|Meteor Beam\n|-boost|p1a: \u591c\u795e\u6708|spa|1\n|-enditem|p1a: \u591c\u795e\u6708|Power Herb\n|-anim|p1a: \u591c\u795e\u6708|Meteor Beam|p2a: Farigiraf\n|-damage|p2a: Farigiraf|48/100\n|move|p2a: Farigiraf|Psychic|p1b: Smeargle\n|-damage|p1b: Smeargle|38/100\n|move|p1b: Smeargle|Spore|p2b: Zacian\n|-activate|p2b: Zacian|move: Protect\n|\n|upkeep\n|turn|2\n|\n|t:|1774182833\n|move|p2b: Zacian|Behemoth Blade|p1b: Smeargle\n|-damage|p1b: Smeargle|0 fnt\n|faint|p1b: Smeargle\n|move|p2a: Farigiraf|Imprison|p2a: Farigiraf\n|-start|p2a: Farigiraf|move: Imprison\n|cant|p1a: \u591c\u795e\u6708|move: Imprison|Trick Room\n|\n|upkeep\n|\n|t:|1774182837\n|switch|p1b: \u5362\u51a0\u738b|Calyrex-Ice, L50|100/100\n|-ability|p1b: \u5362\u51a0\u738b|As One\n|-ability|p1b: \u5362\u51a0\u738b|Unnerve\n|turn|3\n|\n|t:|1774182856\n|-terastallize|p1b: \u5362\u51a0\u738b|Fire\n|move|p2b: Zacian|Protect|p2b: Zacian\n|-singleturn|p2b: Zacian|Protect\n|move|p1a: \u591c\u795e\u6708|Moongeist Beam|p2b: Zacian\n|-activate|p2b: Zacian|move: Protect\n|move|p2a: Farigiraf|Psychic|p1a: \u591c\u795e\u6708\n|-resisted|p1a: \u591c\u795e\u6708\n|-damage|p1a: \u591c\u795e\u6708|95/100\n|move|p1b: \u5362\u51a0\u738b|Glacial Lance|p2a: Farigiraf|[spread] p2a\n|-activate|p2b: Zacian|move: Protect\n|-damage|p2a: Farigiraf|0 fnt\n|faint|p2a: Farigiraf\n|-ability|p1b: \u5362\u51a0\u738b|Chilling Neigh|boost\n|-boost|p1b: \u5362\u51a0\u738b|atk|1\n|\n|upkeep\n|\n|t:|1774182875\n|switch|p2a: Urshifu|Urshifu-Rapid-Strike, L50, M|100/100\n|turn|4\n|inactive|blackred123 has 30 seconds left.\n|\n|t:|1774182902\n|-terastallize|p2a: Urshifu|Normal\n|move|p2b: Zacian|Behemoth Blade|p1a: \u591c\u795e\u6708\n|-damage|p1a: \u591c\u795e\u6708|22/100\n|move|p2a: Urshifu|Surging Strikes|p1b: \u5362\u51a0\u738b\n|-supereffective|p1b: \u5362\u51a0\u738b\n|-crit|p1b: \u5362\u51a0\u738b\n|-damage|p1b: \u5362\u51a0\u738b|64/100\n|-supereffective|p1b: \u5362\u51a0\u738b\n|-crit|p1b: \u5362\u51a0\u738b\n|-damage|p1b: \u5362\u51a0\u738b|31/100\n|-supereffective|p1b: \u5362\u51a0\u738b\n|-crit|p1b: \u5362\u51a0\u738b\n|-damage|p1b: \u5362\u51a0\u738b|0 fnt\n|faint|p1b: \u5362\u51a0\u738b\n|-hitcount|p1: \u5362\u51a0\u738b|3\n|move|p1a: \u591c\u795e\u6708|Trick Room|p1a: \u591c\u795e\u6708\n|-fieldstart|move: Trick Room|[of] p1a: \u591c\u795e\u6708\n|\n|upkeep\n|\n|t:|1774182911\n|switch|p1b: \u56fa\u62c9\u591a\u5c0f\u5f1f|Torkoal, L50, F|100/100\n|-weather|SunnyDay|[from] ability: Drought|[of] p1b: \u56fa\u62c9\u591a\u5c0f\u5f1f\n|turn|5\n|\n|t:|1774182936\n|switch|p2b: Kyogre|Kyogre, L50, shiny|100/100\n|-weather|RainDance|[from] ability: Drizzle|[of] p2b: Kyogre\n|move|p1b: \u56fa\u62c9\u591a\u5c0f\u5f1f|Eruption|p2b: Kyogre|[spread] p2a,p2b\n|-resisted|p2b: Kyogre\n|-damage|p2a: Urshifu|44/100\n|-damage|p2b: Kyogre|87/100\n|move|p1a: \u591c\u795e\u6708|Expanding Force|p2a: Urshifu\n|-damage|p2a: Urshifu|0 fnt\n|faint|p2a: Urshifu\n|\n|-weather|RainDance|[upkeep]\n|upkeep\n|\n|t:|1774182947\n|switch|p2a: Zacian|Zacian-Crowned, L50|100/100\n|turn|6\n|\n|t:|1774182958\n|move|p1b: \u56fa\u62c9\u591a\u5c0f\u5f1f|Eruption|p2b: Kyogre|[spread] p2a,p2b\n|-supereffective|p2a: Zacian\n|-resisted|p2b: Kyogre\n|-damage|p2a: Zacian|34/100\n|-damage|p2b: Kyogre|75/100\n|move|p1a: \u591c\u795e\u6708|Moongeist Beam|p2b: Kyogre\n|-damage|p2b: Kyogre|9/100\n|move|p2b: Kyogre|Origin Pulse|p1a: \u591c\u795e\u6708|[spread] p1a\n|-miss|p2b: Kyogre|p1b: \u56fa\u62c9\u591a\u5c0f\u5f1f\n|-damage|p1a: \u591c\u795e\u6708|0 fnt\n|faint|p1a: \u591c\u795e\u6708\n|move|p2a: Zacian|Behemoth Blade|p1b: \u56fa\u62c9\u591a\u5c0f\u5f1f\n|-resisted|p1b: \u56fa\u62c9\u591a\u5c0f\u5f1f\n|-crit|p1b: \u56fa\u62c9\u591a\u5c0f\u5f1f\n|-damage|p1b: \u56fa\u62c9\u591a\u5c0f\u5f1f|65/100\n|\n|-weather|RainDance|[upkeep]\n|upkeep\n|turn|7\n|inactive|qingyunyunyun has 30 seconds left.\n|inactive|qingyunyunyun has 20 seconds left.\n|inactive|qingyunyunyun has 15 seconds left.\n|\n|t:|1774182999\n|move|p2a: Zacian|Protect|p2a: Zacian\n|-singleturn|p2a: Zacian|Protect\n|move|p1b: \u56fa\u62c9\u591a\u5c0f\u5f1f|Eruption|p2a: Zacian|[spread] p2b\n|-activate|p2a: Zacian|move: Protect\n|-resisted|p2b: Kyogre\n|-damage|p2b: Kyogre|1/100\n|move|p2b: Kyogre|Origin Pulse|p1b: \u56fa\u62c9\u591a\u5c0f\u5f1f\n|-supereffective|p1b: \u56fa\u62c9\u591a\u5c0f\u5f1f\n|-damage|p1b: \u56fa\u62c9\u591a\u5c0f\u5f1f|0 fnt\n|faint|p1b: \u56fa\u62c9\u591a\u5c0f\u5f1f\n|\n|win|qingyunyunyun\n|raw|blackred123's rating: 1410 &rarr; <strong>1391</strong><br />(-19 for losing)\n|raw|qingyunyunyun's rating: 1429 &rarr; <strong>1448</strong><br />(+19 for winning)\n|c|\u2606qingyunyunyun|\u6211\u53bb\n|c|\u2606qingyunyunyun|\u8fd9\u80fd\u7ffb\n|c|\u2606qingyunyunyun|\u4e0d\u5982\u76d6\u6b27\u5361\u5c0f\u5f1f\n","uploadtime":1774183142,"views":12,"formatid":"gen9vgc2026regi","rating":1391,"private":0,"password":null}