{"id":"gen9vgc2026regi-2551387788","format":"[Gen 9] VGC 2026 Reg I","players":["justin0237","it'sjustken vgc"],"log":"|j|\u2606justin0237\n|j|\u2606it'sjustken vgc\n|t:|1772594712\n|gametype|doubles\n|player|p1|justin0237|170|1461\n|player|p2|it'sjustken vgc|1|1460\n|gen|9\n|tier|[Gen 9] VGC 2026 Reg I\n|rated|\n|rule|Species Clause: Limit one of each Pok\u00e9mon\n|rule|Item Clause: Limit 1 of each item\n|clearpoke\n|poke|p1|Incineroar, L50, F|\n|poke|p1|Landorus, L50, M|\n|poke|p1|Calyrex-Shadow, L50|\n|poke|p1|Koraidon, L50|\n|poke|p1|Brute Bonnet, L50|\n|poke|p1|Raging Bolt, L50|\n|poke|p2|Urshifu-*, L50, F|\n|poke|p2|Incineroar, L50, F|\n|poke|p2|Calyrex-Shadow, L50|\n|poke|p2|Amoonguss, L50, F|\n|poke|p2|Tornadus, L50, M|\n|poke|p2|Chien-Pao, L50|\n|teampreview|4\n|inactive|Battle timer is ON: inactive players will automatically lose when time's up. (requested by it'sjustken vgc)\n|j| ctork15\n|l| ctork15\n|inactive|it'sjustken vgc has 60 seconds left.\n|j| ConnerTEP\n|inactive|it'sjustken vgc has 30 seconds left.\n|inactive|it'sjustken vgc has 20 seconds left.\n|\n|t:|1772594788\n|teamsize|p1|4\n|teamsize|p2|4\n|start\n|switch|p1a: Matthias|Koraidon, L50|100/100\n|switch|p1b: Wacka|Brute Bonnet, L50|100/100\n|switch|p2a: Calyrex|Calyrex-Shadow, L50|100/100\n|switch|p2b: Incineroar|Incineroar, L50, F|100/100\n|-ability|p2a: Calyrex|As One\n|-ability|p2a: Calyrex|Unnerve\n|-weather|SunnyDay|[from] ability: Orichalcum Pulse|[of] p1a: Matthias\n|-activate|p1b: Wacka|ability: Protosynthesis\n|-start|p1b: Wacka|protosynthesisdef\n|-activate|p1a: Matthias|Orichalcum Pulse|[source]\n|-ability|p2b: Incineroar|Intimidate|boost\n|-fail|p1a: Matthias|unboost|[from] item: Clear Amulet|[of] p1a: Matthias\n|-unboost|p1b: Wacka|atk|1\n|turn|1\n|inactive|it'sjustken vgc has 30 seconds left.\n|inactive|justin0237 has 30 seconds left.\n|\n|t:|1772594825\n|move|p2b: Incineroar|Fake Out|p1b: Wacka\n|-damage|p1b: Wacka|94/100\n|move|p2a: Calyrex|Psychic|p1a: Matthias\n|-supereffective|p1a: Matthias\n|-crit|p1a: Matthias\n|-damage|p1a: Matthias|0 fnt\n|faint|p1a: Matthias\n|-ability|p2a: Calyrex|Grim Neigh|boost\n|-boost|p2a: Calyrex|spa|1\n|-damage|p2a: Calyrex|91/100|[from] item: Life Orb\n|move|p1b: Wacka|Spore|p2a: Calyrex\n|-status|p2a: Calyrex|slp|[from] move: Spore\n|\n|-weather|SunnyDay|[upkeep]\n|upkeep\n|\n|t:|1772594833\n|switch|p1a: Mao & Agati|Calyrex-Shadow, L50|100/100\n|-ability|p1a: Mao & Agati|As One\n|-ability|p1a: Mao & Agati|Unnerve\n|turn|2\n|inactive|it'sjustken vgc has 30 seconds left.\n|\n|t:|1772594864\n|move|p1a: Mao & Agati|Astral Barrage|p2b: Incineroar|[spread] p2a,p2b\n|-supereffective|p2a: Calyrex\n|-resisted|p2b: Incineroar\n|-damage|p2a: Calyrex|0 fnt\n|-damage|p2b: Incineroar|81/100\n|faint|p2a: Calyrex\n|-ability|p1a: Mao & Agati|Grim Neigh|boost\n|-boost|p1a: Mao & Agati|spa|1\n|move|p2b: Incineroar|Knock Off|p1a: Mao & Agati\n|-supereffective|p1a: Mao & Agati\n|-enditem|p1a: Mao & Agati|Focus Sash\n|-damage|p1a: Mao & Agati|1/100\n|move|p1b: Wacka|Spore|p2b: Incineroar\n|-status|p2b: Incineroar|slp|[from] move: Spore\n|\n|-weather|SunnyDay|[upkeep]\n|upkeep\n|\n|t:|1772594868\n|switch|p2a: Urshifu|Urshifu-Rapid-Strike, L50, F|100/100\n|turn|3\n|\n|t:|1772594878\n|move|p1b: Wacka|Rage Powder|p1b: Wacka\n|-singleturn|p1b: Wacka|move: Rage Powder\n|move|p2a: Urshifu|U-turn|p1b: Wacka\n|-supereffective|p1b: Wacka\n|-damage|p1b: Wacka|43/100\n|\n|t:|1772594890\n|switch|p2a: Amoonguss|Amoonguss, L50, F|100/100|[from] U-turn\n|move|p1a: Mao & Agati|Astral Barrage|p2b: Incineroar|[spread] p2a,p2b\n|-resisted|p2b: Incineroar\n|-damage|p2a: Amoonguss|20/100\n|-damage|p2b: Incineroar|55/100 slp\n|cant|p2b: Incineroar|slp\n|\n|-weather|SunnyDay|[upkeep]\n|upkeep\n|turn|4\n|j| 501JFW\n|\n|t:|1772594902\n|move|p2a: Amoonguss|Protect|p2a: Amoonguss\n|-singleturn|p2a: Amoonguss|Protect\n|move|p1b: Wacka|Rage Powder|p1b: Wacka\n|-singleturn|p1b: Wacka|move: Rage Powder\n|move|p1a: Mao & Agati|Astral Barrage|p2a: Amoonguss|[spread] p2b\n|-activate|p2a: Amoonguss|move: Protect\n|-resisted|p2b: Incineroar\n|-damage|p2b: Incineroar|27/100 slp\n|cant|p2b: Incineroar|slp\n|\n|-weather|SunnyDay|[upkeep]\n|upkeep\n|turn|5\n|\n|t:|1772594914\n|move|p2a: Amoonguss|Protect|p2a: Amoonguss\n|-singleturn|p2a: Amoonguss|Protect\n|move|p1b: Wacka|Rage Powder|p1b: Wacka\n|-singleturn|p1b: Wacka|move: Rage Powder\n|move|p1a: Mao & Agati|Astral Barrage|p2b: Incineroar|[spread] p2b\n|-activate|p2a: Amoonguss|move: Protect\n|-resisted|p2b: Incineroar\n|-damage|p2b: Incineroar|0 fnt\n|faint|p2b: Incineroar\n|-ability|p1a: Mao & Agati|Grim Neigh|boost\n|-boost|p1a: Mao & Agati|spa|1\n|\n|-weather|none\n|-end|p1b: Wacka|Protosynthesis\n|upkeep\n|l| 501JFW\n|inactive|it'sjustken vgc has 30 seconds left.\n|l| ConnerTEP\n|inactive|it'sjustken vgc has 20 seconds left.\n|inactive|it'sjustken vgc has 15 seconds left.\n|inactive|it'sjustken vgc has 10 seconds left.\n|inactive|it'sjustken vgc has 5 seconds left.\n|\n|t:|1772594969\n|switch|p2b: Urshifu|Urshifu-Rapid-Strike, L50, F|100/100\n|turn|6\n|\n|t:|1772594973\n|move|p1b: Wacka|Rage Powder|p1b: Wacka\n|-singleturn|p1b: Wacka|move: Rage Powder\n|move|p2b: Urshifu|Close Combat|p1b: Wacka\n|-supereffective|p1b: Wacka\n|-damage|p1b: Wacka|0 fnt\n|-unboost|p2b: Urshifu|def|1\n|-unboost|p2b: Urshifu|spd|1\n|faint|p1b: Wacka\n|-end|p1b: Wacka|Protosynthesis|[silent]\n|move|p1a: Mao & Agati|Astral Barrage|p2b: Urshifu|[spread] p2a,p2b\n|-damage|p2a: Amoonguss|0 fnt\n|-damage|p2b: Urshifu|0 fnt\n|faint|p2a: Amoonguss\n|faint|p2b: Urshifu\n|\n|win|justin0237\n|raw|justin0237's rating: 1461 &rarr; <strong>1479</strong><br />(+18 for winning)\n|raw|it&apos;sjustken vgc's rating: 1430 &rarr; <strong>1412</strong><br />(-18 for losing)\n|l|\u2606it'sjustken vgc\n|player|p2|\n|l|\u2606justin0237\n|player|p1|\n","uploadtime":1772594975,"views":15,"formatid":"gen9vgc2026regi","rating":1412,"private":0,"password":null}