{"id":"gen9vgc2026regi-2577193681","format":"[Gen 9] VGC 2026 Reg I","players":["avarussurava","sjysjy"],"log":"|j|\u2606avarussurava\n|j|\u2606sjysjy\n|t:|1775551654\n|gametype|doubles\n|player|p1|avarussurava|265|1488\n|player|p2|sjysjy|169|1555\n|gen|9\n|tier|[Gen 9] VGC 2026 Reg I\n|rated|\n|rule|Species Clause: Limit one of each Pok\u00e9mon\n|rule|Item Clause: Limit 1 of each item\n|clearpoke\n|poke|p1|Tyranitar, L50, F|\n|poke|p1|Kyogre, L50|\n|poke|p1|Zamazenta-*, L50|\n|poke|p1|Gastrodon, L50, F|\n|poke|p1|Sinistcha, L50|\n|poke|p1|Ceruledge, L50, F|\n|poke|p2|Raging Bolt, L50|\n|poke|p2|Chien-Pao, L50|\n|poke|p2|Calyrex-Shadow, L50|\n|poke|p2|Rillaboom, L50, M|\n|poke|p2|Amoonguss, L50, M|\n|poke|p2|Zamazenta-*, L50|\n|teampreview|4\n|\n|t:|1775551674\n|teamsize|p1|4\n|teamsize|p2|4\n|start\n|switch|p1a: Zamazenta|Zamazenta-Crowned, L50|100/100\n|switch|p1b: Ceruledge|Ceruledge, L50, F|100/100\n|switch|p2a: Calyrex|Calyrex-Shadow, L50|100/100\n|switch|p2b: Rillaboom|Rillaboom, L50, M|100/100\n|-ability|p2a: Calyrex|As One\n|-ability|p2a: Calyrex|Unnerve\n|-ability|p1a: Zamazenta|Dauntless Shield|boost\n|-boost|p1a: Zamazenta|def|1\n|-fieldstart|move: Grassy Terrain|[from] ability: Grassy Surge|[of] p2b: Rillaboom\n|turn|1\n|inactive|Battle timer is ON: inactive players will automatically lose when time's up. (requested by sjysjy)\n|\n|t:|1775551725\n|move|p1a: Zamazenta|Wide Guard|p1a: Zamazenta\n|-singleturn|p1a: Zamazenta|Wide Guard\n|move|p2a: Calyrex|Astral Barrage|p1a: Zamazenta|[spread] \n|-activate|p1a: Zamazenta|move: Wide Guard\n|-activate|p1b: Ceruledge|move: Wide Guard\n|move|p1b: Ceruledge|Bitter Blade|p2b: Rillaboom\n|-supereffective|p2b: Rillaboom\n|-damage|p2b: Rillaboom|14/100\n|move|p2b: Rillaboom|U-turn|p1b: Ceruledge\n|-resisted|p1b: Ceruledge\n|-crit|p1b: Ceruledge\n|-damage|p1b: Ceruledge|88/100\n|\n|t:|1775551738\n|switch|p2b: Amoonguss|Amoonguss, L50, M|100/100|[from] U-turn\n|\n|-heal|p1b: Ceruledge|94/100|[from] Grassy Terrain\n|upkeep\n|turn|2\n|\n|t:|1775551746\n|move|p1a: Zamazenta|Wide Guard|p1a: Zamazenta\n|-singleturn|p1a: Zamazenta|Wide Guard\n|move|p2a: Calyrex|Encore|p1a: Zamazenta\n|-start|p1a: Zamazenta|Encore\n|move|p1b: Ceruledge|Taunt|p2b: Amoonguss\n|-start|p2b: Amoonguss|move: Taunt\n|cant|p2b: Amoonguss|move: Taunt|Spore\n|\n|-heal|p1b: Ceruledge|99/100|[from] Grassy Terrain\n|upkeep\n|turn|3\n|inactive|sjysjy has 30 seconds left.\n|\n|t:|1775551772\n|switch|p2b: Zamazenta|Zamazenta-Crowned, L50|100/100\n|-ability|p2b: Zamazenta|Dauntless Shield|boost\n|-boost|p2b: Zamazenta|def|1\n|move|p1a: Zamazenta|Wide Guard|p1a: Zamazenta\n|-singleturn|p1a: Zamazenta|Wide Guard\n|move|p1b: Ceruledge|Shadow Sneak|p2a: Calyrex\n|-supereffective|p2a: Calyrex\n|-enditem|p2a: Calyrex|Focus Sash\n|-damage|p2a: Calyrex|1/100\n|move|p2a: Calyrex|Encore|p1b: Ceruledge\n|-start|p1b: Ceruledge|Encore\n|\n|-heal|p2a: Calyrex|7/100|[from] Grassy Terrain\n|-heal|p1b: Ceruledge|100/100|[from] Grassy Terrain\n|upkeep\n|turn|4\n|\n|t:|1775551791\n|switch|p1a: Sinistcha|Sinistcha, L50|100/100\n|-terastallize|p2a: Calyrex|Normal\n|move|p1b: Ceruledge|Shadow Sneak|p2a: Calyrex\n|-immune|p2a: Calyrex\n|move|p2a: Calyrex|Psychic|p1a: Sinistcha\n|-damage|p1a: Sinistcha|24/100\n|-unboost|p1a: Sinistcha|spd|1\n|move|p2b: Zamazenta|Body Press|p1a: Sinistcha\n|-immune|p1a: Sinistcha\n|\n|-heal|p2a: Calyrex|14/100|[from] Grassy Terrain\n|-heal|p1a: Sinistcha|30/100|[from] Grassy Terrain\n|upkeep\n|turn|5\n|\n|t:|1775551811\n|switch|p1b: Tyranitar|Tyranitar, L50, F|100/100\n|-weather|Sandstorm|[from] ability: Sand Stream|[of] p1b: Tyranitar\n|-terastallize|p1a: Sinistcha|Normal\n|move|p2a: Calyrex|Astral Barrage|p1b: Tyranitar|[spread] p1b\n|-immune|p1a: Sinistcha\n|-resisted|p1b: Tyranitar\n|-damage|p1b: Tyranitar|88/100\n|move|p2b: Zamazenta|Behemoth Bash|p1b: Tyranitar\n|-supereffective|p1b: Tyranitar\n|-damage|p1b: Tyranitar|19/100\n|move|p1a: Sinistcha|Matcha Gotcha|p2a: Calyrex|[spread] p2a,p2b\n|-resisted|p2b: Zamazenta\n|-damage|p2a: Calyrex|0 fnt\n|-heal|p1a: Sinistcha|38/100|[from] drain|[of] p2a: Calyrex\n|-damage|p2b: Zamazenta|86/100\n|-heal|p1a: Sinistcha|48/100|[from] drain|[of] p2b: Zamazenta\n|-enditem|p1a: Sinistcha|Sitrus Berry|[eat]\n|-heal|p1a: Sinistcha|72/100|[from] item: Sitrus Berry\n|faint|p2a: Calyrex\n|\n|-weather|Sandstorm|[upkeep]\n|-damage|p1a: Sinistcha|66/100|[from] Sandstorm\n|-heal|p2b: Zamazenta|92/100|[from] Grassy Terrain\n|-heal|p1a: Sinistcha|72/100|[from] Grassy Terrain\n|-heal|p1b: Tyranitar|25/100|[from] Grassy Terrain\n|-fieldend|move: Grassy Terrain\n|upkeep\n|inactive|sjysjy has 30 seconds left.\n|\n|t:|1775551838\n|switch|p2a: Rillaboom|Rillaboom, L50, M|14/100\n|-fieldstart|move: Grassy Terrain|[from] ability: Grassy Surge|[of] p2a: Rillaboom\n|turn|6\n|inactive|avarussurava has 30 seconds left.\n|\n|t:|1775551869\n|switch|p1b: Zamazenta|Zamazenta-Crowned, L50|100/100\n|move|p2b: Zamazenta|Body Press|p1b: Zamazenta\n|-supereffective|p1b: Zamazenta\n|-damage|p1b: Zamazenta|22/100\n|move|p2a: Rillaboom|Wood Hammer|p1a: Sinistcha\n|-damage|p1a: Sinistcha|0 fnt\n|faint|p1a: Sinistcha\n|-damage|p2a: Rillaboom|0 fnt|[from] Recoil\n|faint|p2a: Rillaboom\n|\n|-weather|Sandstorm|[upkeep]\n|-heal|p2b: Zamazenta|97/100|[from] Grassy Terrain\n|-heal|p1b: Zamazenta|28/100|[from] Grassy Terrain\n|upkeep\n|\n|t:|1775551882\n|switch|p2a: Amoonguss|Amoonguss, L50, M|100/100\n|switch|p1a: Ceruledge|Ceruledge, L50, F|100/100\n|turn|7\n|\n|t:|1775551896\n|move|p2a: Amoonguss|Rage Powder|p2a: Amoonguss\n|-singleturn|p2a: Amoonguss|move: Rage Powder\n|move|p2b: Zamazenta|Body Press|p1b: Zamazenta\n|-supereffective|p1b: Zamazenta\n|-damage|p1b: Zamazenta|0 fnt\n|faint|p1b: Zamazenta\n|move|p1a: Ceruledge|Bulk Up|p1a: Ceruledge\n|-boost|p1a: Ceruledge|atk|1\n|-boost|p1a: Ceruledge|def|1\n|\n|-weather|Sandstorm|[upkeep]\n|-damage|p2a: Amoonguss|95/100|[from] Sandstorm\n|-heal|p2b: Zamazenta|100/100|[from] Grassy Terrain\n|-heal|p2a: Amoonguss|100/100|[from] Grassy Terrain\n|upkeep\n|\n|t:|1775551907\n|switch|p1b: Tyranitar|Tyranitar, L50, F|25/100\n|turn|8\n|\n|t:|1775551914\n|move|p2a: Amoonguss|Protect|p2a: Amoonguss\n|-singleturn|p2a: Amoonguss|Protect\n|move|p2b: Zamazenta|Body Press|p1b: Tyranitar\n|-supereffective|p1b: Tyranitar\n|-damage|p1b: Tyranitar|0 fnt\n|faint|p1b: Tyranitar\n|move|p1a: Ceruledge|Bulk Up|p1a: Ceruledge\n|-boost|p1a: Ceruledge|atk|1\n|-boost|p1a: Ceruledge|def|1\n|\n|-weather|Sandstorm|[upkeep]\n|-damage|p2a: Amoonguss|95/100|[from] Sandstorm\n|-heal|p2a: Amoonguss|100/100|[from] Grassy Terrain\n|upkeep\n|turn|9\n|\n|t:|1775551926\n|move|p2b: Zamazenta|Behemoth Bash|p1a: Ceruledge\n|-resisted|p1a: Ceruledge\n|-damage|p1a: Ceruledge|86/100\n|move|p1a: Ceruledge|Bulk Up|p1a: Ceruledge\n|-boost|p1a: Ceruledge|atk|1\n|-boost|p1a: Ceruledge|def|1\n|move|p2a: Amoonguss|Spore|p1a: Ceruledge\n|-activate|p1a: Ceruledge|item: Safety Goggles|Spore\n|\n|-weather|none\n|-heal|p1a: Ceruledge|92/100|[from] Grassy Terrain\n|upkeep\n|turn|10\n|\n|t:|1775551937\n|move|p2b: Zamazenta|Behemoth Bash|p1a: Ceruledge\n|-resisted|p1a: Ceruledge\n|-damage|p1a: Ceruledge|80/100\n|move|p1a: Ceruledge|Bitter Blade|p2b: Zamazenta\n|-supereffective|p2b: Zamazenta\n|-damage|p2b: Zamazenta|2/100\n|-heal|p1a: Ceruledge|100/100|[from] drain|[of] p2b: Zamazenta\n|move|p2a: Amoonguss|Pollen Puff|p1a: Ceruledge\n|-resisted|p1a: Ceruledge\n|-damage|p1a: Ceruledge|96/100\n|\n|-heal|p2b: Zamazenta|8/100|[from] Grassy Terrain\n|-heal|p1a: Ceruledge|100/100|[from] Grassy Terrain\n|-fieldend|move: Grassy Terrain\n|upkeep\n|turn|11\n|-message|sjysjy forfeited.\n|\n|win|avarussurava\n|raw|avarussurava's rating: 1488 &rarr; <strong>1512</strong><br />(+24 for winning)\n|raw|sjysjy's rating: 1555 &rarr; <strong>1531</strong><br />(-24 for losing)\n|l|\u2606sjysjy\n|player|p2|\n","uploadtime":1775551952,"views":17,"formatid":"gen9vgc2026regi","rating":1512,"private":0,"password":null}