{"id":"gen9vgc2026regi-2524290054","format":"[Gen 9] VGC 2026 Reg I","players":["GoofyRonald756","IronAurora"],"log":"|j|\u2606GoofyRonald756\n|j|\u2606IronAurora\n|t:|1769127283\n|gametype|doubles\n|player|p1|GoofyRonald756|266|1382\n|player|p2|IronAurora|266|1343\n|gen|9\n|tier|[Gen 9] VGC 2026 Reg I\n|rated|\n|rule|Species Clause: Limit one of each Pok\u00e9mon\n|rule|Item Clause: Limit 1 of each item\n|clearpoke\n|poke|p1|Miraidon, L50|\n|poke|p1|Lunala, L50|\n|poke|p1|Sylveon, L50, F|\n|poke|p1|Incineroar, L50, M|\n|poke|p1|Whimsicott, L50, M|\n|poke|p1|Urshifu-*, L50, M|\n|poke|p2|Miraidon, L50|\n|poke|p2|Incineroar, L50, M|\n|poke|p2|Farigiraf, L50, M|\n|poke|p2|Iron Bundle, L50|\n|poke|p2|Lunala, L50|\n|poke|p2|Iron Hands, L50|\n|teampreview|4\n|\n|t:|1769127309\n|teamsize|p1|4\n|teamsize|p2|4\n|start\n|switch|p1a: Miraidon|Miraidon, L50, shiny|100/100\n|switch|p1b: Whimsicott|Whimsicott, L50, M, shiny|100/100\n|switch|p2a: Iron Bundle|Iron Bundle, L50, shiny|100/100\n|switch|p2b: Miraidon|Miraidon, L50|100/100\n|-fieldstart|move: Electric Terrain|[from] ability: Hadron Engine|[of] p1a: Miraidon\n|-activate|p2a: Iron Bundle|ability: Quark Drive\n|-start|p2a: Iron Bundle|quarkdrivespe\n|-activate|p2b: Miraidon|ability: Hadron Engine\n|turn|1\n|\n|t:|1769127328\n|-terastallize|p2a: Iron Bundle|Ground\n|-terastallize|p1a: Miraidon|Fairy\n|move|p1b: Whimsicott|Tailwind|p1b: Whimsicott\n|-sidestart|p1: GoofyRonald756|move: Tailwind\n|move|p1a: Miraidon|Dazzling Gleam|p2b: Miraidon|[spread] p2a,p2b\n|-supereffective|p2b: Miraidon\n|-enditem|p2a: Iron Bundle|Focus Sash\n|-damage|p2a: Iron Bundle|1/100\n|-damage|p2b: Miraidon|0 fnt\n|faint|p2b: Miraidon\n|move|p2a: Iron Bundle|Icy Wind|p1a: Miraidon|[spread] p1a,p1b\n|-supereffective|p1b: Whimsicott\n|-damage|p1a: Miraidon|81/100\n|-damage|p1b: Whimsicott|25/100\n|-unboost|p1a: Miraidon|spe|1\n|-unboost|p1b: Whimsicott|spe|1\n|\n|upkeep\n|\n|t:|1769127345\n|switch|p2b: Lunala|Lunala, L50, shiny|100/100\n|turn|2\n|\n|t:|1769127350\n|switch|p1b: Sylveon|Sylveon, L50, F, shiny|100/100\n|move|p2b: Lunala|Wide Guard|p2b: Lunala\n|-singleturn|p2b: Lunala|Wide Guard\n|move|p2a: Iron Bundle|Icy Wind|p1a: Miraidon|[spread] p1a,p1b\n|-damage|p1a: Miraidon|63/100\n|-damage|p1b: Sylveon|86/100\n|-unboost|p1a: Miraidon|spe|1\n|-unboost|p1b: Sylveon|spe|1\n|move|p1a: Miraidon|Dazzling Gleam|p2a: Iron Bundle|[spread] \n|-activate|p2a: Iron Bundle|move: Wide Guard\n|-activate|p2b: Lunala|move: Wide Guard\n|\n|upkeep\n|turn|3\n|\n|t:|1769127367\n|move|p2b: Lunala|Wide Guard|p2b: Lunala\n|-singleturn|p2b: Lunala|Wide Guard\n|move|p1b: Sylveon|Quick Attack|p2a: Iron Bundle\n|-damage|p2a: Iron Bundle|0 fnt\n|faint|p2a: Iron Bundle\n|-end|p2a: Iron Bundle|Quark Drive|[silent]\n|move|p1a: Miraidon|Dazzling Gleam|p2b: Lunala\n|-activate|p2b: Lunala|move: Wide Guard\n|\n|upkeep\n|\n|t:|1769127377\n|switch|p2a: Farigiraf|Farigiraf, L50, M, shiny|100/100\n|-enditem|p2a: Farigiraf|Electric Seed\n|-boost|p2a: Farigiraf|def|1|[from] item: Electric Seed\n|turn|4\n|\n|t:|1769127390\n|move|p2b: Lunala|Wide Guard|p2b: Lunala\n|-singleturn|p2b: Lunala|Wide Guard\n|move|p1b: Sylveon|Quick Attack||[still]\n|cant|p2a: Farigiraf|ability: Armor Tail|Quick Attack|[of] p1b: Sylveon\n|move|p1a: Miraidon|Dazzling Gleam|p2b: Lunala|[spread] \n|-activate|p2a: Farigiraf|move: Wide Guard\n|-activate|p2b: Lunala|move: Wide Guard\n|move|p2a: Farigiraf|Psychic|p1b: Sylveon\n|-damage|p1b: Sylveon|62/100\n|\n|-sideend|p1: GoofyRonald756|move: Tailwind\n|upkeep\n|turn|5\n|\n|t:|1769127412\n|move|p2b: Lunala|Meteor Beam||[still]\n|-prepare|p2b: Lunala|Meteor Beam\n|-boost|p2b: Lunala|spa|1\n|-enditem|p2b: Lunala|Power Herb\n|-anim|p2b: Lunala|Meteor Beam|p1a: Miraidon\n|-damage|p1a: Miraidon|0 fnt\n|faint|p1a: Miraidon\n|move|p2a: Farigiraf|Psychic|p1b: Sylveon\n|-damage|p1b: Sylveon|38/100\n|move|p1b: Sylveon|Roar|p1: Miraidon|[notarget]\n|-fail|p1b: Sylveon\n|\n|-fieldend|move: Electric Terrain\n|upkeep\n|\n|t:|1769127415\n|switch|p1a: Whimsicott|Whimsicott, L50, M, shiny|25/100\n|turn|6\n|\n|t:|1769127435\n|move|p1b: Sylveon|Detect|p1b: Sylveon\n|-singleturn|p1b: Sylveon|Protect\n|move|p1a: Whimsicott|Endeavor|p2a: Farigiraf\n|-damage|p2a: Farigiraf|14/100\n|move|p2b: Lunala|Meteor Beam||[still]\n|-prepare|p2b: Lunala|Meteor Beam\n|-boost|p2b: Lunala|spa|1\n|move|p2a: Farigiraf|Trick Room|p2a: Farigiraf\n|-fieldstart|move: Trick Room|[of] p2a: Farigiraf\n|\n|upkeep\n|turn|7\n|\n|t:|1769127458\n|move|p1b: Sylveon|Hyper Voice|p2a: Farigiraf|[spread] p2a,p2b\n|-damage|p2a: Farigiraf|0 fnt\n|-damage|p2b: Lunala|87/100\n|faint|p2a: Farigiraf\n|move|p2b: Lunala|Meteor Beam|p1b: Sylveon|[from] lockedmove\n|-damage|p1b: Sylveon|0 fnt\n|faint|p1b: Sylveon\n|move|p1a: Whimsicott|Moonblast|p2b: Lunala\n|-damage|p2b: Lunala|64/100\n|\n|upkeep\n|\n|t:|1769127460\n|switch|p1b: Lunala|Lunala, L50|100/100\n|turn|8\n|\n|t:|1769127473\n|move|p1a: Whimsicott|Encore|p2b: Lunala\n|-start|p2b: Lunala|Encore\n|move|p2b: Lunala|Meteor Beam||[still]\n|-prepare|p2b: Lunala|Meteor Beam\n|-boost|p2b: Lunala|spa|1\n|move|p1b: Lunala|Moongeist Beam|p2b: Lunala\n|-supereffective|p2b: Lunala\n|-damage|p2b: Lunala|0 fnt\n|faint|p2b: Lunala\n|\n|win|GoofyRonald756\n|raw|GoofyRonald756's rating: 1382 &rarr; <strong>1400</strong><br />(+18 for winning)\n|raw|IronAurora's rating: 1343 &rarr; <strong>1325</strong><br />(-18 for losing)\n|l|\u2606IronAurora\n|player|p2|\n|l|\u2606GoofyRonald756\n|player|p1|\n","uploadtime":1769127671,"views":13,"formatid":"gen9vgc2026regi","rating":1325,"private":0,"password":null}