{"id":"gen9vgc2026regi-2548859304","format":"[Gen 9] VGC 2026 Reg I","players":["fogdocker","Tepig_nNz_498"],"log":"|j|\u2606fogdocker\n|j|\u2606Tepig_nNz_498\n|t:|1772271390\n|gametype|doubles\n|player|p1|fogdocker|266|1383\n|player|p2|Tepig_nNz_498|170|1410\n|gen|9\n|tier|[Gen 9] VGC 2026 Reg I\n|rated|\n|rule|Species Clause: Limit one of each Pok\u00e9mon\n|rule|Item Clause: Limit 1 of each item\n|clearpoke\n|poke|p1|Calyrex-Ice, L50|\n|poke|p1|Koraidon, L50|\n|poke|p1|Flutter Mane, L50|\n|poke|p1|Incineroar, L50, M|\n|poke|p1|Rillaboom, L50, F|\n|poke|p1|Raging Bolt, L50|\n|poke|p2|Whimsicott, L50, F|\n|poke|p2|Reshiram, L50|\n|poke|p2|Incineroar, L50, M|\n|poke|p2|Lilligant-Hisui, L50, F|\n|poke|p2|Brute Bonnet, L50|\n|poke|p2|Koraidon, L50|\n|teampreview|4\n|\n|t:|1772271417\n|teamsize|p1|4\n|teamsize|p2|4\n|start\n|switch|p1a: Calyrex|Calyrex-Ice, L50|100/100\n|switch|p1b: Koraidon|Koraidon, L50|100/100\n|switch|p2a: Lilligant|Lilligant-Hisui, L50, F|100/100\n|switch|p2b: Koraidon|Koraidon, L50|100/100\n|-ability|p1a: Calyrex|As One\n|-ability|p1a: Calyrex|Unnerve\n|-weather|SunnyDay|[from] ability: Orichalcum Pulse|[of] p1b: Koraidon\n|-activate|p1b: Koraidon|Orichalcum Pulse|[source]\n|-activate|p2b: Koraidon|ability: Orichalcum Pulse\n|turn|1\n|\n|t:|1772271438\n|switch|p1b: Incineroar|Incineroar, L50, M|100/100\n|-ability|p1b: Incineroar|Intimidate|boost\n|-unboost|p2a: Lilligant|atk|1\n|-unboost|p2b: Koraidon|atk|1\n|-enditem|p2b: Koraidon|Eject Pack\n|\n|t:|1772271443\n|switch|p2b: Incineroar|Incineroar, L50, M|100/100\n|-ability|p2b: Incineroar|Intimidate|boost\n|-unboost|p1a: Calyrex|atk|1\n|-unboost|p1b: Incineroar|atk|1\n|-terastallize|p1a: Calyrex|Water\n|move|p2a: Lilligant|Sleep Powder|p1b: Incineroar\n|-activate|p1b: Incineroar|item: Safety Goggles|Sleep Powder\n|move|p1a: Calyrex|Trick Room|p1a: Calyrex\n|-fieldstart|move: Trick Room|[of] p1a: Calyrex\n|\n|-weather|SunnyDay|[upkeep]\n|upkeep\n|turn|2\n|\n|t:|1772271467\n|move|p1a: Calyrex|Glacial Lance|p2a: Lilligant|[spread] p2a,p2b\n|-supereffective|p2a: Lilligant\n|-resisted|p2b: Incineroar\n|-damage|p2a: Lilligant|5/100\n|-damage|p2b: Incineroar|86/100\n|move|p1b: Incineroar|Flare Blitz|p2a: Lilligant\n|-supereffective|p2a: Lilligant\n|-damage|p2a: Lilligant|0 fnt\n|faint|p2a: Lilligant\n|-damage|p1b: Incineroar|99/100|[from] Recoil\n|move|p2b: Incineroar|Parting Shot|p1a: Calyrex\n|-unboost|p1a: Calyrex|atk|1\n|-unboost|p1a: Calyrex|spa|1\n|\n|t:|1772271478\n|switch|p2b: Reshiram|Reshiram, L50|100/100|[from] Parting Shot\n|-ability|p2b: Reshiram|Turboblaze\n|\n|-weather|SunnyDay|[upkeep]\n|upkeep\n|\n|t:|1772271480\n|switch|p2a: Incineroar|Incineroar, L50, M|86/100\n|-ability|p2a: Incineroar|Intimidate|boost\n|-unboost|p1a: Calyrex|atk|1\n|-unboost|p1b: Incineroar|atk|1\n|turn|3\n|\n|t:|1772271494\n|move|p2a: Incineroar|Fake Out|p1b: Incineroar\n|-damage|p1b: Incineroar|90/100\n|move|p1a: Calyrex|Leech Seed|p2b: Reshiram\n|-start|p2b: Reshiram|move: Leech Seed\n|cant|p1b: Incineroar|flinch\n|move|p2b: Reshiram|Earth Power|p1b: Incineroar\n|-supereffective|p1b: Incineroar\n|-damage|p1b: Incineroar|9/100\n|-unboost|p1b: Incineroar|spd|1\n|-damage|p2b: Reshiram|91/100|[from] item: Life Orb\n|\n|-weather|SunnyDay|[upkeep]\n|-damage|p2b: Reshiram|79/100|[from] Leech Seed|[of] p1a: Calyrex\n|upkeep\n|turn|4\n|\n|t:|1772271515\n|move|p2b: Reshiram|Protect|p2b: Reshiram\n|-singleturn|p2b: Reshiram|Protect\n|move|p1a: Calyrex|Leech Seed|p2a: Incineroar\n|-start|p2a: Incineroar|move: Leech Seed\n|move|p1b: Incineroar|Parting Shot|p2b: Reshiram\n|-activate|p2b: Reshiram|move: Protect\n|move|p2a: Incineroar|Knock Off|p1b: Incineroar\n|-resisted|p1b: Incineroar\n|-damage|p1b: Incineroar|0 fnt\n|-enditem|p1b: Incineroar|Safety Goggles|[from] move: Knock Off|[of] p2a: Incineroar\n|faint|p1b: Incineroar\n|\n|-weather|SunnyDay|[upkeep]\n|-damage|p2a: Incineroar|74/100|[from] Leech Seed|[of] p1a: Calyrex\n|-damage|p2b: Reshiram|66/100|[from] Leech Seed|[of] p1a: Calyrex\n|upkeep\n|\n|t:|1772271530\n|switch|p1b: Flutter Mane|Flutter Mane, L50|100/100\n|-activate|p1b: Flutter Mane|ability: Protosynthesis\n|-start|p1b: Flutter Mane|protosynthesisspe\n|turn|5\n|\n|t:|1772271541\n|-terastallize|p2b: Reshiram|Fire\n|move|p1b: Flutter Mane|Protect|p1b: Flutter Mane\n|-singleturn|p1b: Flutter Mane|Protect\n|move|p1a: Calyrex|Glacial Lance|p2b: Reshiram|[spread] p2a,p2b\n|-resisted|p2a: Incineroar\n|-crit|p2a: Incineroar\n|-resisted|p2b: Reshiram\n|-damage|p2a: Incineroar|45/100\n|-damage|p2b: Reshiram|59/100\n|move|p2a: Incineroar|Knock Off|p1b: Flutter Mane\n|-activate|p1b: Flutter Mane|move: Protect\n|move|p2b: Reshiram|Heat Wave|p1a: Calyrex|[spread] p1a\n|-activate|p1b: Flutter Mane|move: Protect\n|-resisted|p1a: Calyrex\n|-damage|p1a: Calyrex|67/100\n|-damage|p2b: Reshiram|49/100|[from] item: Life Orb\n|\n|-weather|none\n|-end|p1b: Flutter Mane|Protosynthesis\n|-heal|p1a: Calyrex|73/100|[from] item: Leftovers\n|-damage|p2a: Incineroar|33/100|[from] Leech Seed|[of] p1a: Calyrex\n|-heal|p1a: Calyrex|85/100|[silent]\n|-damage|p2b: Reshiram|37/100|[from] Leech Seed|[of] p1a: Calyrex\n|-heal|p1a: Calyrex|97/100|[silent]\n|-fieldend|move: Trick Room\n|upkeep\n|turn|6\n|\n|t:|1772271561\n|move|p1b: Flutter Mane|Moonblast|p2a: Incineroar\n|-damage|p2a: Incineroar|0 fnt\n|faint|p2a: Incineroar\n|move|p2b: Reshiram|Heat Wave|p1b: Flutter Mane|[spread] p1a,p1b\n|-resisted|p1a: Calyrex\n|-damage|p1a: Calyrex|74/100\n|-damage|p1b: Flutter Mane|18/100\n|-damage|p2b: Reshiram|27/100|[from] item: Life Orb\n|move|p1a: Calyrex|Glacial Lance|p2b: Reshiram\n|-resisted|p2b: Reshiram\n|-damage|p2b: Reshiram|16/100\n|\n|-heal|p1a: Calyrex|80/100|[from] item: Leftovers\n|-damage|p2b: Reshiram|3/100|[from] Leech Seed|[of] p1a: Calyrex\n|-heal|p1a: Calyrex|92/100|[silent]\n|upkeep\n|\n|t:|1772271565\n|switch|p2a: Koraidon|Koraidon, L50|100/100\n|-weather|SunnyDay|[from] ability: Orichalcum Pulse|[of] p2a: Koraidon\n|-activate|p1b: Flutter Mane|ability: Protosynthesis\n|-start|p1b: Flutter Mane|protosynthesisspe\n|-activate|p2a: Koraidon|Orichalcum Pulse|[source]\n|turn|7\n|-message|Tepig_nNz_498 forfeited.\n|\n|win|fogdocker\n|raw|fogdocker's rating: 1383 &rarr; <strong>1405</strong><br />(+22 for winning)\n|raw|Tepig_nNz_498's rating: 1410 &rarr; <strong>1388</strong><br />(-22 for losing)\n|l|\u2606Tepig_nNz_498\n|player|p2|\n|l|\u2606fogdocker\n|player|p1|\n","uploadtime":1772271825,"views":13,"formatid":"gen9vgc2026regi","rating":1388,"private":0,"password":null}