{"id":"gen9vgc2026regi-2553388475","format":"[Gen 9] VGC 2026 Reg I","players":["drive stone","Loiradotchan16"],"log":"|j|\u2606drive stone\n|j|\u2606Loiradotchan16\n|t:|1772826278\n|gametype|doubles\n|player|p1|drive stone|cilan|1448\n|player|p2|Loiradotchan16|1|1502\n|gen|9\n|tier|[Gen 9] VGC 2026 Reg I\n|rated|\n|rule|Species Clause: Limit one of each Pok\u00e9mon\n|rule|Item Clause: Limit 1 of each item\n|clearpoke\n|poke|p1|Regieleki, L50|\n|poke|p1|Calyrex-Shadow, L50|\n|poke|p1|Koraidon, L50|\n|poke|p1|Incineroar, L50, M|\n|poke|p1|Rillaboom, L50, M|\n|poke|p1|Volcarona, L50, F|\n|poke|p2|Calyrex-Ice, L50|\n|poke|p2|Scraggy, L50, F|\n|poke|p2|Miraidon, L50|\n|poke|p2|Farigiraf, L50, M|\n|poke|p2|Iron Treads, L50|\n|poke|p2|Iron Hands, L50|\n|teampreview|4\n|inactive|Battle timer is ON: inactive players will automatically lose when time's up. (requested by Loiradotchan16)\n|inactive|drive stone has 60 seconds left.\n|inactive|Loiradotchan16 has 60 seconds left.\n|inactive|Loiradotchan16 has 30 seconds left.\n|\n|t:|1772826342\n|teamsize|p1|4\n|teamsize|p2|4\n|start\n|switch|p1a: Calyrex|Calyrex-Shadow, L50|100/100\n|switch|p1b: Incineroar|Incineroar, L50, M|100/100\n|switch|p2a: Calyrex|Calyrex-Ice, L50|100/100\n|switch|p2b: Scraggy|Scraggy, L50, F|100/100\n|-ability|p1a: Calyrex|As One\n|-ability|p1a: Calyrex|Unnerve\n|-ability|p2a: Calyrex|As One\n|-ability|p2a: Calyrex|Unnerve\n|-ability|p1b: Incineroar|Intimidate|boost\n|-fail|p2a: Calyrex|unboost|[from] item: Clear Amulet|[of] p2a: Calyrex\n|-unboost|p2b: Scraggy|atk|1\n|-ability|p2b: Scraggy|Intimidate|boost\n|-unboost|p1a: Calyrex|atk|1\n|-unboost|p1b: Incineroar|atk|1\n|turn|1\n|j| extragrizzly\n|\n|t:|1772826362\n|-terastallize|p1a: Calyrex|Dark\n|move|p2a: Calyrex|Protect|p2a: Calyrex\n|-singleturn|p2a: Calyrex|Protect\n|move|p1b: Incineroar|Fake Out|p2a: Calyrex\n|-activate|p2a: Calyrex|move: Protect\n|move|p1a: Calyrex|Nasty Plot|p1a: Calyrex\n|-boost|p1a: Calyrex|spa|2\n|move|p2b: Scraggy|Coaching|p2a: Calyrex\n|-boost|p2a: Calyrex|atk|1\n|-boost|p2a: Calyrex|def|1\n|\n|upkeep\n|turn|2\n|inactive|Loiradotchan16 has 30 seconds left.\n|inactive|Loiradotchan16 has 20 seconds left.\n|\n|t:|1772826398\n|-terastallize|p2a: Calyrex|Fire\n|move|p1a: Calyrex|Nasty Plot|p1a: Calyrex\n|-boost|p1a: Calyrex|spa|2\n|move|p2a: Calyrex|Glacial Lance|p1b: Incineroar|[spread] p1a,p1b\n|-resisted|p1b: Incineroar\n|-crit|p1b: Incineroar\n|-damage|p1a: Calyrex|12/100\n|-damage|p1b: Incineroar|48/100\n|move|p2b: Scraggy|Endeavor|p1a: Calyrex\n|-immune|p1a: Calyrex\n|move|p1b: Incineroar|Roar|p2a: Calyrex\n|drag|p2a: Iron Hands|Iron Hands, L50|100/100\n|\n|upkeep\n|turn|3\n|inactive|drive stone has 30 seconds left.\n|inactive|Loiradotchan16 has 30 seconds left.\n|\n|t:|1772826425\n|switch|p1b: Rillaboom|Rillaboom, L50, M|100/100\n|-fieldstart|move: Grassy Terrain|[from] ability: Grassy Surge|[of] p1b: Rillaboom\n|move|p1a: Calyrex|Protect|p1a: Calyrex\n|-singleturn|p1a: Calyrex|Protect\n|move|p2a: Iron Hands|Fake Out|p1a: Calyrex\n|-activate|p1a: Calyrex|move: Protect\n|move|p2b: Scraggy|Foul Play|p1b: Rillaboom\n|-crit|p1b: Rillaboom\n|-damage|p1b: Rillaboom|37/100\n|\n|-heal|p1a: Calyrex|18/100|[from] Grassy Terrain\n|-heal|p1b: Rillaboom|43/100|[from] Grassy Terrain\n|upkeep\n|turn|4\n|inactive|Loiradotchan16 has 30 seconds left.\n|\n|t:|1772826458\n|move|p1b: Rillaboom|Fake Out|p2b: Scraggy\n|-damage|p2b: Scraggy|88/100\n|move|p1a: Calyrex|Psychic|p2a: Iron Hands\n|-supereffective|p2a: Iron Hands\n|-damage|p2a: Iron Hands|0 fnt\n|faint|p2a: Iron Hands\n|-end|p2a: Iron Hands|Quark Drive|[silent]\n|-ability|p1a: Calyrex|Grim Neigh|boost\n|-boost|p1a: Calyrex|spa|1\n|-damage|p1a: Calyrex|8/100|[from] item: Life Orb\n|cant|p2b: Scraggy|flinch\n|\n|-heal|p1a: Calyrex|14/100|[from] Grassy Terrain\n|-heal|p1b: Rillaboom|49/100|[from] Grassy Terrain\n|-heal|p2b: Scraggy|93/100|[from] Grassy Terrain\n|upkeep\n|\n|t:|1772826467\n|switch|p2a: Calyrex|Calyrex-Ice, L50, tera:Fire|100/100\n|-ability|p2a: Calyrex|As One\n|-ability|p2a: Calyrex|Unnerve\n|turn|5\n|\n|t:|1772826483\n|move|p1a: Calyrex|Astral Barrage|p2a: Calyrex|[spread] p2a,p2b\n|-resisted|p2b: Scraggy\n|-damage|p2a: Calyrex|0 fnt\n|-damage|p2b: Scraggy|0 fnt\n|faint|p2a: Calyrex\n|faint|p2b: Scraggy\n|-ability|p1a: Calyrex|Grim Neigh|boost\n|-boost|p1a: Calyrex|spa|1\n|-damage|p1a: Calyrex|5/100|[from] item: Life Orb\n|move|p1b: Rillaboom|U-turn|p2: Calyrex|[notarget]\n|-fail|p1b: Rillaboom\n|\n|-heal|p1a: Calyrex|11/100|[from] Grassy Terrain\n|-heal|p1b: Rillaboom|55/100|[from] Grassy Terrain\n|upkeep\n|-message|Loiradotchan16 forfeited.\n|\n|win|drive stone\n|raw|drive stone's rating: 1448 &rarr; <strong>1471</strong><br />(+23 for winning)\n|raw|Loiradotchan16's rating: 1502 &rarr; <strong>1479</strong><br />(-23 for losing)\n|l|\u2606Loiradotchan16\n|player|p2|\n|l|\u2606drive stone\n|player|p1|\n","uploadtime":1772826728,"views":15,"formatid":"gen9vgc2026regi","rating":1471,"private":0,"password":null}