{"id":"gen9vgc2026regi-2516434543","format":"[Gen 9] VGC 2026 Reg I","players":["marrtss","dasabe\u76d6\u6b27\u5361\u4fa0"],"log":"|j|\u2606marrtss\n|j|\u2606dasabe\u76d6\u6b27\u5361\u4fa0\n|t:|1768140752\n|gametype|doubles\n|player|p1|marrtss|nate|1191\n|player|p2|dasabe\u76d6\u6b27\u5361\u4fa0|may-masters4|1360\n|gen|9\n|tier|[Gen 9] VGC 2026 Reg I\n|rated|\n|rule|Species Clause: Limit one of each Pok\u00e9mon\n|rule|Item Clause: Limit 1 of each item\n|clearpoke\n|poke|p1|Oranguru, L50, F|\n|poke|p1|Ursaluna-Bloodmoon, L50, M|\n|poke|p1|Smeargle, L50, F|\n|poke|p1|Kyurem-Black, L50|\n|poke|p1|Thundurus-Therian, L50, M|\n|poke|p1|Kyogre, L50|\n|poke|p2|Kyogre, L50|\n|poke|p2|Miraidon, L50|\n|poke|p2|Whimsicott, L50, F|\n|poke|p2|Iron Hands, L50|\n|poke|p2|Farigiraf, L50, F|\n|poke|p2|Urshifu-*, L50, M|\n|teampreview|4\n|l|\u2606dasabe\u76d6\u6b27\u5361\u4fa0\n|player|p2|\n|j|\u2606dasabe\u76d6\u6b27\u5361\u4fa0\n|player|p2|dasabe\u76d6\u6b27\u5361\u4fa0|may-masters4|\n|\n|t:|1768140782\n|teamsize|p1|4\n|teamsize|p2|4\n|start\n|switch|p1a: Oranguru|Oranguru, L50, F|100/100\n|switch|p1b: Kyogre|Kyogre, L50|100/100\n|switch|p2a: \u5996\u820d\u7cbe\u62c9|Whimsicott, L50, F, shiny|100/100\n|switch|p2b: \u6210\u90fd\u8001\u76d6|Kyogre, L50, shiny|100/100\n|-weather|RainDance|[from] ability: Drizzle|[of] p1b: Kyogre\n|turn|1\n|\n|t:|1768140794\n|-terastallize|p2b: \u6210\u90fd\u8001\u76d6|Water\n|-terastallize|p1a: Oranguru|Water\n|move|p1b: Kyogre|Water Spout|p2b: \u6210\u90fd\u8001\u76d6|[spread] p2a,p2b\n|-resisted|p2a: \u5996\u820d\u7cbe\u62c9\n|-resisted|p2b: \u6210\u90fd\u8001\u76d6\n|-enditem|p2a: \u5996\u820d\u7cbe\u62c9|Focus Sash\n|-damage|p2a: \u5996\u820d\u7cbe\u62c9|1/100\n|-damage|p2b: \u6210\u90fd\u8001\u76d6|62/100\n|move|p2a: \u5996\u820d\u7cbe\u62c9|Moonblast|p1a: Oranguru\n|-damage|p1a: Oranguru|74/100\n|move|p2b: \u6210\u90fd\u8001\u76d6|Water Spout|p1a: Oranguru|[spread] p1a,p1b\n|-resisted|p1a: Oranguru\n|-resisted|p1b: Kyogre\n|-damage|p1a: Oranguru|24/100\n|-damage|p1b: Kyogre|51/100\n|move|p1a: Oranguru|Trick Room|p1a: Oranguru\n|-fieldstart|move: Trick Room|[of] p1a: Oranguru\n|\n|-weather|RainDance|[upkeep]\n|upkeep\n|turn|2\n|\n|t:|1768140827\n|switch|p2a: \u94f6\u91d1\u5996\u86c7|Miraidon, L50, shiny|100/100\n|-fieldstart|move: Electric Terrain|[from] ability: Hadron Engine|[of] p2a: \u94f6\u91d1\u5996\u86c7\n|move|p1a: Oranguru|Instruct|p1b: Kyogre\n|-singleturn|p1b: Kyogre|move: Instruct|[of] p1a: Oranguru\n|move|p1b: Kyogre|Water Spout|p2b: \u6210\u90fd\u8001\u76d6|[spread] p2a,p2b\n|-resisted|p2a: \u94f6\u91d1\u5996\u86c7\n|-resisted|p2b: \u6210\u90fd\u8001\u76d6\n|-damage|p2a: \u94f6\u91d1\u5996\u86c7|80/100\n|-damage|p2b: \u6210\u90fd\u8001\u76d6|43/100\n|move|p2b: \u6210\u90fd\u8001\u76d6|Water Spout|p1b: Kyogre|[spread] p1a,p1b\n|-resisted|p1a: Oranguru\n|-resisted|p1b: Kyogre\n|-damage|p1a: Oranguru|0 fnt\n|-damage|p1b: Kyogre|18/100\n|faint|p1a: Oranguru\n|move|p1b: Kyogre|Water Spout|p2b: \u6210\u90fd\u8001\u76d6|[spread] p2a,p2b\n|-resisted|p2a: \u94f6\u91d1\u5996\u86c7\n|-resisted|p2b: \u6210\u90fd\u8001\u76d6\n|-damage|p2a: \u94f6\u91d1\u5996\u86c7|72/100\n|-damage|p2b: \u6210\u90fd\u8001\u76d6|35/100\n|\n|-weather|RainDance|[upkeep]\n|upkeep\n|\n|t:|1768140845\n|switch|p1a: Kyurem|Kyurem-Black, L50|100/100\n|-ability|p1a: Kyurem|Teravolt\n|turn|3\n|\n|t:|1768140872\n|switch|p2b: \u5c0f\u5934\u63a7\u5927\u5934|Farigiraf, L50, F, shiny|100/100\n|-enditem|p2b: \u5c0f\u5934\u63a7\u5927\u5934|Electric Seed\n|-boost|p2b: \u5c0f\u5934\u63a7\u5927\u5934|def|1|[from] item: Electric Seed\n|switch|p1b: Ursaluna|Ursaluna-Bloodmoon, L50, M|100/100\n|move|p2a: \u94f6\u91d1\u5996\u86c7|Protect|p2a: \u94f6\u91d1\u5996\u86c7\n|-singleturn|p2a: \u94f6\u91d1\u5996\u86c7|Protect\n|move|p1a: Kyurem|Iron Head|p2a: \u94f6\u91d1\u5996\u86c7\n|-activate|p2a: \u94f6\u91d1\u5996\u86c7|move: Protect\n|\n|-weather|RainDance|[upkeep]\n|upkeep\n|turn|4\n|\n|t:|1768140909\n|switch|p2a: \u6210\u90fd\u8001\u76d6|Kyogre, L50, shiny, tera:Water|35/100\n|move|p1b: Ursaluna|Earth Power|p2a: \u6210\u90fd\u8001\u76d6\n|-damage|p2a: \u6210\u90fd\u8001\u76d6|0 fnt\n|faint|p2a: \u6210\u90fd\u8001\u76d6\n|move|p1a: Kyurem|Fusion Bolt|p2b: \u5c0f\u5934\u63a7\u5927\u5934\n|-damage|p2b: \u5c0f\u5934\u63a7\u5927\u5934|62/100\n|move|p2b: \u5c0f\u5934\u63a7\u5927\u5934|Trick Room|p2b: \u5c0f\u5934\u63a7\u5927\u5934\n|-fieldend|move: Trick Room\n|\n|-weather|RainDance|[upkeep]\n|upkeep\n|\n|t:|1768140923\n|switch|p2a: \u5996\u820d\u7cbe\u62c9|Whimsicott, L50, F, shiny|1/100\n|turn|5\n|\n|t:|1768140933\n|move|p1a: Kyurem|Protect|p1a: Kyurem\n|-singleturn|p1a: Kyurem|Protect\n|move|p2a: \u5996\u820d\u7cbe\u62c9|Endeavor|p1a: Kyurem\n|-activate|p1a: Kyurem|move: Protect\n|move|p2b: \u5c0f\u5934\u63a7\u5927\u5934|Psychic|p1a: Kyurem\n|-activate|p1a: Kyurem|move: Protect\n|move|p1b: Ursaluna|Hyper Voice|p2a: \u5996\u820d\u7cbe\u62c9|[spread] p2a,p2b\n|-damage|p2a: \u5996\u820d\u7cbe\u62c9|0 fnt\n|-damage|p2b: \u5c0f\u5934\u63a7\u5927\u5934|26/100\n|faint|p2a: \u5996\u820d\u7cbe\u62c9\n|-enditem|p1b: Ursaluna|Throat Spray\n|-boost|p1b: Ursaluna|spa|1|[from] item: Throat Spray\n|\n|-weather|none\n|upkeep\n|-message|dasabe\u76d6\u6b27\u5361\u4fa0 forfeited.\n|\n|win|marrtss\n|raw|marrtss's rating: 1191 &rarr; <strong>1227</strong><br />(+36 for winning)\n|raw|dasabe\u76d6\u6b27\u5361\u4fa0's rating: 1360 &rarr; <strong>1331</strong><br />(-29 for losing)\n|l|\u2606dasabe\u76d6\u6b27\u5361\u4fa0\n|player|p2|\n|l|\u2606marrtss\n|player|p1|\n","uploadtime":1768141095,"views":20,"formatid":"gen9vgc2026regi","rating":1227,"private":0,"password":null}