{"id":"gen9vgc2026regi-2549751724","format":"[Gen 9] VGC 2026 Reg I","players":["GojiraFanBoy","drive stone"],"log":"|j|\u2606GojiraFanBoy\n|j|\u2606drive stone\n|t:|1772404745\n|gametype|doubles\n|player|p1|GojiraFanBoy|2|1432\n|player|p2|drive stone|cilan|1569\n|gen|9\n|tier|[Gen 9] VGC 2026 Reg I\n|rated|\n|rule|Species Clause: Limit one of each Pok\u00e9mon\n|rule|Item Clause: Limit 1 of each item\n|clearpoke\n|poke|p1|Koraidon, L50|\n|poke|p1|Calyrex-Shadow, L50|\n|poke|p1|Gothitelle, L50, M|\n|poke|p1|Scream Tail, L50|\n|poke|p1|Amoonguss, L50, F|\n|poke|p1|Incineroar, L50, M|\n|poke|p2|Calyrex-Ice, L50|\n|poke|p2|Ho-Oh, L50|\n|poke|p2|Overqwil, L50, F|\n|poke|p2|Rillaboom, L50, M|\n|poke|p2|Ting-Lu, L50|\n|poke|p2|Ogerpon-Wellspring, L50, F|\n|teampreview|4\n|inactive|Battle timer is ON: inactive players will automatically lose when time's up. (requested by GojiraFanBoy)\n|\n|t:|1772404761\n|teamsize|p1|4\n|teamsize|p2|4\n|start\n|switch|p1a: Scream Tail|Scream Tail, L50|100/100\n|switch|p1b: Gothitelle|Gothitelle, L50, M|100/100\n|switch|p2a: Ting-Lu|Ting-Lu, L50|100/100\n|switch|p2b: Ho-Oh|Ho-Oh, L50|100/100\n|-ability|p2a: Ting-Lu|Vessel of Ruin\n|-enditem|p1a: Scream Tail|Booster Energy\n|-activate|p1a: Scream Tail|ability: Protosynthesis|[fromitem]\n|-start|p1a: Scream Tail|protosynthesisspe\n|turn|1\n|\n|t:|1772404783\n|-terastallize|p1b: Gothitelle|Water\n|move|p1a: Scream Tail|Perish Song|p1a: Scream Tail\n|-start|p1a: Scream Tail|perish3|[silent]\n|-start|p1b: Gothitelle|perish3|[silent]\n|-start|p2a: Ting-Lu|perish3|[silent]\n|-start|p2b: Ho-Oh|perish3|[silent]\n|-fieldactivate|move: Perish Song\n|move|p2b: Ho-Oh|Sacred Fire|p1b: Gothitelle\n|-resisted|p1b: Gothitelle\n|-crit|p1b: Gothitelle\n|-damage|p1b: Gothitelle|77/100\n|move|p1b: Gothitelle|Taunt|p2a: Ting-Lu\n|-start|p2a: Ting-Lu|move: Taunt\n|move|p2a: Ting-Lu|Earthquake|p1a: Scream Tail|[spread] p1a,p1b\n|-immune|p2b: Ho-Oh\n|-damage|p1a: Scream Tail|55/100\n|-damage|p1b: Gothitelle|33/100\n|\n|-heal|p1b: Gothitelle|39/100|[from] item: Leftovers\n|-start|p1a: Scream Tail|perish3\n|-start|p2b: Ho-Oh|perish3\n|-start|p1b: Gothitelle|perish3\n|-start|p2a: Ting-Lu|perish3\n|upkeep\n|turn|2\n|\n|t:|1772404805\n|move|p1b: Gothitelle|Protect|p1b: Gothitelle\n|-singleturn|p1b: Gothitelle|Protect\n|move|p1a: Scream Tail|Disable|p2a: Ting-Lu\n|-start|p2a: Ting-Lu|Disable|Earthquake\n|cant|p2a: Ting-Lu|Disable|Earthquake\n|move|p2b: Ho-Oh|Whirlwind|p1b: Gothitelle\n|drag|p1b: Koraidon|Koraidon, L50|100/100\n|-weather|SunnyDay|[from] ability: Orichalcum Pulse|[of] p1b: Koraidon\n|-activate|p1b: Koraidon|Orichalcum Pulse|[source]\n|\n|-weather|SunnyDay|[upkeep]\n|-start|p1a: Scream Tail|perish2\n|-start|p2b: Ho-Oh|perish2\n|-start|p2a: Ting-Lu|perish2\n|upkeep\n|turn|3\n|\n|t:|1772404827\n|switch|p2a: Overqwil|Overqwil, L50, F|100/100\n|-ability|p2a: Overqwil|Intimidate|boost\n|-unboost|p1a: Scream Tail|atk|1\n|-unboost|p1b: Koraidon|atk|1\n|move|p1a: Scream Tail|Encore|p2b: Ho-Oh\n|-start|p2b: Ho-Oh|Encore\n|move|p1b: Koraidon|Close Combat|p2a: Overqwil\n|-damage|p2a: Overqwil|33/100\n|-unboost|p1b: Koraidon|def|1\n|-unboost|p1b: Koraidon|spd|1\n|-damage|p1b: Koraidon|91/100|[from] item: Life Orb\n|move|p2b: Ho-Oh|Whirlwind|p1a: Scream Tail\n|-end|p1a: Scream Tail|Protosynthesis|[silent]\n|drag|p1a: Incineroar|Incineroar, L50, M|100/100\n|-ability|p1a: Incineroar|Intimidate|boost\n|-unboost|p2a: Overqwil|atk|1\n|-unboost|p2b: Ho-Oh|atk|1\n|\n|-weather|SunnyDay|[upkeep]\n|-heal|p2a: Overqwil|40/100|[from] item: Black Sludge\n|-start|p2b: Ho-Oh|perish1\n|upkeep\n|turn|4\n|inactive|GojiraFanBoy has 30 seconds left.\n|inactive|drive stone has 30 seconds left.\n|\n|t:|1772404853\n|switch|p2b: Ting-Lu|Ting-Lu, L50|100/100\n|-ability|p2b: Ting-Lu|Vessel of Ruin\n|move|p2a: Overqwil|Protect|p2a: Overqwil\n|-singleturn|p2a: Overqwil|Protect\n|move|p1a: Incineroar|Fake Out|p2b: Ting-Lu\n|-damage|p2b: Ting-Lu|94/100\n|move|p1b: Koraidon|Flame Charge|p2a: Overqwil\n|-activate|p2a: Overqwil|move: Protect\n|\n|-weather|SunnyDay|[upkeep]\n|-heal|p2a: Overqwil|46/100|[from] item: Black Sludge\n|upkeep\n|turn|5\n|\n|t:|1772404872\n|switch|p2a: Ho-Oh|Ho-Oh, L50|100/100\n|-terastallize|p2b: Ting-Lu|Fire\n|move|p1b: Koraidon|Close Combat|p2b: Ting-Lu\n|-crit|p2b: Ting-Lu\n|-damage|p2b: Ting-Lu|5/100\n|-unboost|p1b: Koraidon|def|1\n|-unboost|p1b: Koraidon|spd|1\n|-damage|p1b: Koraidon|81/100|[from] item: Life Orb\n|move|p1a: Incineroar|Flare Blitz|p2a: Ho-Oh\n|-resisted|p2a: Ho-Oh\n|-damage|p2a: Ho-Oh|79/100\n|-damage|p1a: Incineroar|84/100|[from] item: Rocky Helmet|[of] p2a: Ho-Oh\n|-damage|p1a: Incineroar|77/100|[from] Recoil\n|move|p2b: Ting-Lu|Earthquake|p1b: Koraidon|[spread] p1a,p1b\n|-immune|p2a: Ho-Oh\n|-supereffective|p1a: Incineroar\n|-damage|p1a: Incineroar|0 fnt\n|-damage|p1b: Koraidon|0 fnt\n|faint|p1a: Incineroar\n|faint|p1b: Koraidon\n|\n|-weather|SunnyDay|[upkeep]\n|upkeep\n|-message|GojiraFanBoy forfeited.\n|\n|win|drive stone\n|raw|GojiraFanBoy's rating: 1432 &rarr; <strong>1420</strong><br />(-12 for losing)\n|raw|drive stone's rating: 1569 &rarr; <strong>1581</strong><br />(+12 for winning)\n|l|\u2606GojiraFanBoy\n|player|p1|\n|l|\u2606drive stone\n|player|p2|\n","uploadtime":1772405052,"views":13,"formatid":"gen9vgc2026regi","rating":1420,"private":0,"password":null}