{"id":"gen9vgc2026regi-2552413869","format":"[Gen 9] VGC 2026 Reg I","players":["bouzu0921","CHR1SPHX"],"log":"|j|\u2606bouzu0921\n|j|\u2606CHR1SPHX\n|t:|1772719430\n|gametype|doubles\n|player|p1|bouzu0921|169|1290\n|player|p2|CHR1SPHX|hilbert|1257\n|gen|9\n|tier|[Gen 9] VGC 2026 Reg I\n|rated|\n|rule|Species Clause: Limit one of each Pok\u00e9mon\n|rule|Item Clause: Limit 1 of each item\n|clearpoke\n|poke|p1|Calyrex-Shadow, L50|\n|poke|p1|Smeargle, L50, F|\n|poke|p1|Muk-Alola, L50, F|\n|poke|p1|Flamigo, L50, M|\n|poke|p1|Carbink, L50|\n|poke|p1|Kyogre, L50|\n|poke|p2|Lunala, L50|\n|poke|p2|Amoonguss, L50, M|\n|poke|p2|Ursaluna-Bloodmoon, L50, M|\n|poke|p2|Incineroar, L50, M|\n|poke|p2|Koraidon, L50|\n|poke|p2|Flutter Mane, L50|\n|teampreview|4\n|inactive|Battle timer is ON: inactive players will automatically lose when time's up. (requested by CHR1SPHX)\n|\n|t:|1772719455\n|teamsize|p1|4\n|teamsize|p2|4\n|start\n|switch|p1a: Calyrex|Calyrex-Shadow, L50|100/100\n|switch|p1b: Smeargle|Smeargle, L50, F|100/100\n|switch|p2a: Lunala|Lunala, L50, shiny|100/100\n|switch|p2b: Amoonguss|Amoonguss, L50, M, shiny|100/100\n|-ability|p1a: Calyrex|As One\n|-ability|p1a: Calyrex|Unnerve\n|turn|1\n|inactive|bouzu0921 has 30 seconds left.\n|inactive|CHR1SPHX has 30 seconds left.\n|\n|t:|1772719489\n|-terastallize|p2a: Lunala|Fairy\n|-terastallize|p1a: Calyrex|Grass\n|move|p1b: Smeargle|Fake Out|p2b: Amoonguss\n|-damage|p2b: Amoonguss|95/100\n|-damage|p1b: Smeargle|84/100|[from] item: Rocky Helmet|[of] p2b: Amoonguss\n|cant|p2b: Amoonguss|flinch\n|move|p2a: Lunala|Trick Room|p2a: Lunala\n|-fieldstart|move: Trick Room|[of] p2a: Lunala\n|move|p1a: Calyrex|Trick Room|p1a: Calyrex\n|-fieldend|move: Trick Room\n|\n|upkeep\n|turn|2\n|\n|t:|1772719510\n|move|p1b: Smeargle|Follow Me|p1b: Smeargle\n|-singleturn|p1b: Smeargle|move: Follow Me\n|move|p2b: Amoonguss|Rage Powder|p2b: Amoonguss\n|-singleturn|p2b: Amoonguss|move: Rage Powder\n|move|p2a: Lunala|Moonblast|p1b: Smeargle\n|-damage|p1b: Smeargle|0 fnt\n|faint|p1b: Smeargle\n|move|p1a: Calyrex|Astral Barrage|p2b: Amoonguss|[spread] p2a,p2b\n|-damage|p2a: Lunala|81/100\n|-damage|p2b: Amoonguss|43/100\n|\n|upkeep\n|\n|t:|1772719523\n|switch|p1b: Kyogre|Kyogre, L50|100/100\n|-weather|RainDance|[from] ability: Drizzle|[of] p1b: Kyogre\n|turn|3\n|\n|t:|1772719532\n|move|p1b: Kyogre|Protect|p1b: Kyogre\n|-singleturn|p1b: Kyogre|Protect\n|move|p2a: Lunala|Wide Guard|p2a: Lunala\n|-singleturn|p2a: Lunala|Wide Guard\n|move|p2b: Amoonguss|Spore|p1b: Kyogre\n|-activate|p1b: Kyogre|move: Protect\n|move|p1a: Calyrex|Trick Room|p1a: Calyrex\n|-fieldstart|move: Trick Room|[of] p1a: Calyrex\n|\n|-weather|RainDance|[upkeep]\n|upkeep\n|turn|4\n|\n|t:|1772719553\n|move|p2b: Amoonguss|Spore|p1b: Kyogre\n|-status|p1b: Kyogre|slp|[from] move: Spore\n|cant|p1b: Kyogre|slp\n|move|p1a: Calyrex|Psychic|p2b: Amoonguss\n|-supereffective|p2b: Amoonguss\n|-damage|p2b: Amoonguss|0 fnt\n|faint|p2b: Amoonguss\n|-ability|p1a: Calyrex|Grim Neigh|boost\n|-boost|p1a: Calyrex|spa|1\n|move|p2a: Lunala|Moonblast|p1a: Calyrex\n|-damage|p1a: Calyrex|51/100\n|\n|-weather|RainDance|[upkeep]\n|upkeep\n|\n|t:|1772719568\n|switch|p2b: Koraidon|Koraidon, L50|100/100\n|-weather|SunnyDay|[from] ability: Orichalcum Pulse|[of] p2b: Koraidon\n|-activate|p2b: Koraidon|Orichalcum Pulse|[source]\n|turn|5\n|\n|t:|1772719580\n|switch|p1b: Flamigo|Flamigo, L50, M|100/100\n|move|p1a: Calyrex|Psychic|p2b: Koraidon\n|-supereffective|p2b: Koraidon\n|-damage|p2b: Koraidon|0 fnt\n|faint|p2b: Koraidon\n|-ability|p1a: Calyrex|Grim Neigh|boost\n|-boost|p1a: Calyrex|spa|1\n|move|p2a: Lunala|Moonblast|p1b: Flamigo\n|-supereffective|p1b: Flamigo\n|-damage|p1b: Flamigo|0 fnt\n|faint|p1b: Flamigo\n|\n|-weather|SunnyDay|[upkeep]\n|upkeep\n|\n|t:|1772719595\n|switch|p1b: Kyogre|Kyogre, L50|100/100 slp\n|switch|p2b: Ursaluna|Ursaluna-Bloodmoon, L50, M|100/100\n|-weather|RainDance|[from] ability: Drizzle|[of] p1b: Kyogre\n|turn|6\n|\n|t:|1772719607\n|cant|p1b: Kyogre|slp\n|move|p2b: Ursaluna|Blood Moon|p1a: Calyrex\n|-damage|p1a: Calyrex|0 fnt\n|faint|p1a: Calyrex\n|-damage|p2b: Ursaluna|91/100|[from] item: Life Orb\n|move|p2a: Lunala|Moonblast|p1b: Kyogre\n|-damage|p1b: Kyogre|70/100 slp\n|\n|-weather|RainDance|[upkeep]\n|upkeep\n|turn|7\n|\n|t:|1772719621\n|move|p2a: Lunala|Wide Guard|p2a: Lunala\n|-singleturn|p2a: Lunala|Wide Guard\n|-curestatus|p1b: Kyogre|slp|[msg]\n|move|p1b: Kyogre|Origin Pulse|p2a: Lunala|[spread] \n|-activate|p2a: Lunala|move: Wide Guard\n|-activate|p2b: Ursaluna|move: Wide Guard\n|move|p2b: Ursaluna|Hyper Voice|p1b: Kyogre\n|-damage|p1b: Kyogre|32/100\n|-damage|p2b: Ursaluna|81/100|[from] item: Life Orb\n|\n|-weather|RainDance|[upkeep]\n|-fieldend|move: Trick Room\n|upkeep\n|turn|8\n|-message|bouzu0921 forfeited.\n|\n|win|CHR1SPHX\n|raw|bouzu0921's rating: 1290 &rarr; <strong>1263</strong><br />(-27 for losing)\n|raw|CHR1SPHX's rating: 1257 &rarr; <strong>1284</strong><br />(+27 for winning)\n|c|\u2606CHR1SPHX|Gg\n","uploadtime":1772719646,"views":12,"formatid":"gen9vgc2026regi","rating":1263,"private":0,"password":null}