{"id":"gen9vgc2026regi-2561331366","format":"[Gen 9] VGC 2026 Reg I","players":["Cello L.","pigs2fly"],"log":"|j|\u2606Cello L.\n|j|\u2606pigs2fly\n|t:|1773784860\n|gametype|doubles\n|player|p1|Cello L.|169|1432\n|player|p2|pigs2fly|101|1472\n|gen|9\n|tier|[Gen 9] VGC 2026 Reg I\n|rated|\n|rule|Species Clause: Limit one of each Pok\u00e9mon\n|rule|Item Clause: Limit 1 of each item\n|clearpoke\n|poke|p1|Kyogre, L50|\n|poke|p1|Zamazenta-*, L50|\n|poke|p1|Chien-Pao, L50|\n|poke|p1|Tornadus, L50, M|\n|poke|p1|Rillaboom, L50, F|\n|poke|p1|Clefairy, L50, F|\n|poke|p2|Annihilape, L50, M|\n|poke|p2|Tornadus, L50, M|\n|poke|p2|Dondozo, L50, M|\n|poke|p2|Tatsugiri, L50, M|\n|poke|p2|Zacian-*, L50|\n|poke|p2|Kyogre, L50|\n|teampreview|4\n|\n|t:|1773784908\n|teamsize|p1|4\n|teamsize|p2|4\n|start\n|switch|p1a: Kyogre|Kyogre, L50|100/100\n|switch|p1b: Tornadus|Tornadus, L50, M|100/100\n|switch|p2a: Dondozo|Dondozo, L50, M|100/100\n|switch|p2b: Zacian|Zacian-Crowned, L50, shiny|100/100\n|-ability|p2b: Zacian|Intrepid Sword|boost\n|-boost|p2b: Zacian|atk|1\n|-weather|RainDance|[from] ability: Drizzle|[of] p1a: Kyogre\n|turn|1\n|\n|t:|1773784938\n|switch|p2b: Tatsugiri|Tatsugiri, L50, M|100/100\n|-activate|p2b: Tatsugiri|ability: Commander|[of] p2a: Dondozo\n|-boost|p2a: Dondozo|atk|2\n|-boost|p2a: Dondozo|spa|2\n|-boost|p2a: Dondozo|spe|2\n|-boost|p2a: Dondozo|def|2\n|-boost|p2a: Dondozo|spd|2\n|move|p1b: Tornadus|Taunt|p2a: Dondozo\n|-start|p2a: Dondozo|move: Taunt\n|move|p2a: Dondozo|Wave Crash|p1b: Tornadus\n|-damage|p1b: Tornadus|0 fnt\n|faint|p1b: Tornadus\n|-damage|p2a: Dondozo|74/100|[from] Recoil\n|move|p1a: Kyogre|Water Spout|p2a: Dondozo|[spread] p2a\n|-miss|p1a: Kyogre|p2b: Tatsugiri\n|-resisted|p2a: Dondozo\n|-damage|p2a: Dondozo|50/100\n|\n|-weather|RainDance|[upkeep]\n|-heal|p2a: Dondozo|56/100|[from] item: Leftovers\n|upkeep\n|\n|t:|1773784958\n|switch|p1b: Rillaboom|Rillaboom, L50, F|100/100\n|-fieldstart|move: Grassy Terrain|[from] ability: Grassy Surge|[of] p1b: Rillaboom\n|turn|2\n|\n|t:|1773784965\n|move|p1b: Rillaboom|Fake Out|p2a: Dondozo\n|-damage|p2a: Dondozo|51/100\n|cant|p2a: Dondozo|flinch\n|move|p1a: Kyogre|Water Spout|p2b: Tatsugiri|[spread] p2a\n|-miss|p1a: Kyogre|p2b: Tatsugiri\n|-resisted|p2a: Dondozo\n|-damage|p2a: Dondozo|24/100\n|\n|-weather|RainDance|[upkeep]\n|-heal|p2a: Dondozo|30/100|[from] Grassy Terrain\n|-heal|p2a: Dondozo|37/100|[from] item: Leftovers\n|upkeep\n|turn|3\n|\n|t:|1773784979\n|-terastallize|p2a: Dondozo|Grass\n|move|p2a: Dondozo|Order Up|p1a: Kyogre\n|-damage|p1a: Kyogre|57/100\n|-boost|p2a: Dondozo|atk|1\n|move|p1a: Kyogre|Origin Pulse|p2a: Dondozo|[spread] p2a\n|-miss|p1a: Kyogre|p2b: Tatsugiri\n|-resisted|p2a: Dondozo\n|-damage|p2a: Dondozo|19/100\n|move|p1b: Rillaboom|Wood Hammer|p2a: Dondozo\n|-resisted|p2a: Dondozo\n|-damage|p2a: Dondozo|5/100\n|-damage|p1b: Rillaboom|95/100|[from] Recoil\n|\n|-weather|RainDance|[upkeep]\n|-heal|p2a: Dondozo|12/100|[from] Grassy Terrain\n|-heal|p2a: Dondozo|18/100|[from] item: Leftovers\n|-heal|p1a: Kyogre|63/100|[from] Grassy Terrain\n|-heal|p1b: Rillaboom|100/100|[from] Grassy Terrain\n|-end|p2a: Dondozo|move: Taunt\n|upkeep\n|turn|4\n|\n|t:|1773785009\n|move|p2a: Dondozo|Protect|p2a: Dondozo\n|-singleturn|p2a: Dondozo|Protect\n|move|p1a: Kyogre|Protect|p1a: Kyogre\n|-singleturn|p1a: Kyogre|Protect\n|move|p1b: Rillaboom|U-turn|p2a: Dondozo\n|-activate|p2a: Dondozo|move: Protect\n|\n|-weather|RainDance|[upkeep]\n|-heal|p2a: Dondozo|24/100|[from] Grassy Terrain\n|-heal|p2a: Dondozo|30/100|[from] item: Leftovers\n|-heal|p1a: Kyogre|69/100|[from] Grassy Terrain\n|upkeep\n|turn|5\n|\n|t:|1773785021\n|move|p2a: Dondozo|Order Up|p1a: Kyogre\n|-damage|p1a: Kyogre|13/100\n|-boost|p2a: Dondozo|atk|1\n|move|p1a: Kyogre|Origin Pulse|p2b: Tatsugiri|[spread] p2a\n|-miss|p1a: Kyogre|p2b: Tatsugiri\n|-resisted|p2a: Dondozo\n|-damage|p2a: Dondozo|9/100\n|move|p1b: Rillaboom|U-turn|p2a: Dondozo\n|-supereffective|p2a: Dondozo\n|-damage|p2a: Dondozo|0 fnt\n|faint|p2a: Dondozo\n|\n|t:|1773785031\n|switch|p1b: Zamazenta|Zamazenta-Crowned, L50|100/100|[from] U-turn\n|-ability|p1b: Zamazenta|Dauntless Shield|boost\n|-boost|p1b: Zamazenta|def|1\n|\n|-weather|none\n|-heal|p1a: Kyogre|19/100|[from] Grassy Terrain\n|upkeep\n|\n|t:|1773785035\n|switch|p2a: Tornadus|Tornadus, L50, M|100/100\n|turn|6\n|\n|t:|1773785047\n|switch|p1a: Rillaboom|Rillaboom, L50, F|100/100\n|move|p2a: Tornadus|Hurricane|p1b: Zamazenta|[miss]\n|-miss|p2a: Tornadus|p1b: Zamazenta\n|move|p1b: Zamazenta|Heavy Slam|p2a: Tornadus\n|-damage|p2a: Tornadus|25/100\n|move|p2b: Tatsugiri|Dragon Pulse|p1a: Rillaboom\n|-damage|p1a: Rillaboom|73/100\n|\n|-heal|p1a: Rillaboom|79/100|[from] Grassy Terrain\n|-fieldend|move: Grassy Terrain\n|upkeep\n|turn|7\n|\n|t:|1773785078\n|-terastallize|p1a: Rillaboom|Fire\n|move|p2a: Tornadus|Protect|p2a: Tornadus\n|-singleturn|p2a: Tornadus|Protect\n|move|p2b: Tatsugiri|Protect|p2b: Tatsugiri\n|-singleturn|p2b: Tatsugiri|Protect\n|move|p1b: Zamazenta|Body Press|p2b: Tatsugiri\n|-activate|p2b: Tatsugiri|move: Protect\n|move|p1a: Rillaboom|Wood Hammer|p2b: Tatsugiri\n|-activate|p2b: Tatsugiri|move: Protect\n|\n|upkeep\n|turn|8\n|\n|t:|1773785098\n|switch|p1a: Kyogre|Kyogre, L50|19/100\n|-weather|RainDance|[from] ability: Drizzle|[of] p1a: Kyogre\n|move|p2a: Tornadus|Rain Dance||[still]\n|-fail|p2a: Tornadus\n|move|p1b: Zamazenta|Body Press|p2b: Tatsugiri\n|-enditem|p2b: Tatsugiri|Focus Sash\n|-damage|p2b: Tatsugiri|1/100\n|move|p2b: Tatsugiri|Muddy Water|p1a: Kyogre|[spread] p1a,p1b\n|-resisted|p1a: Kyogre\n|-damage|p1a: Kyogre|2/100\n|-damage|p1b: Zamazenta|66/100\n|-unboost|p1b: Zamazenta|accuracy|1\n|\n|-weather|RainDance|[upkeep]\n|upkeep\n|turn|9\n|\n|t:|1773785115\n|move|p1b: Zamazenta|Protect|p1b: Zamazenta\n|-singleturn|p1b: Zamazenta|Protect\n|move|p2a: Tornadus|Tailwind|p2a: Tornadus\n|-sidestart|p2: pigs2fly|move: Tailwind\n|move|p2b: Tatsugiri|Dragon Pulse|p1a: Kyogre\n|-damage|p1a: Kyogre|0 fnt\n|faint|p1a: Kyogre\n|\n|-weather|RainDance|[upkeep]\n|upkeep\n|\n|t:|1773785123\n|switch|p1a: Rillaboom|Rillaboom, L50, F, tera:Fire|79/100\n|-fieldstart|move: Grassy Terrain|[from] ability: Grassy Surge|[of] p1a: Rillaboom\n|turn|10\n|\n|t:|1773785137\n|move|p2a: Tornadus|Protect|p2a: Tornadus\n|-singleturn|p2a: Tornadus|Protect\n|move|p2b: Tatsugiri|Protect|p2b: Tatsugiri\n|-singleturn|p2b: Tatsugiri|Protect\n|move|p1a: Rillaboom|Grassy Glide|p2a: Tornadus\n|-activate|p2a: Tornadus|move: Protect\n|move|p1b: Zamazenta|Heavy Slam|p2a: Tornadus\n|-activate|p2a: Tornadus|move: Protect\n|\n|-weather|RainDance|[upkeep]\n|-heal|p2b: Tatsugiri|7/100|[from] Grassy Terrain\n|-heal|p1b: Zamazenta|72/100|[from] Grassy Terrain\n|-heal|p1a: Rillaboom|85/100|[from] Grassy Terrain\n|upkeep\n|turn|11\n|\n|t:|1773785149\n|move|p1a: Rillaboom|Grassy Glide|p2b: Tatsugiri\n|-damage|p2b: Tatsugiri|0 fnt\n|faint|p2b: Tatsugiri\n|move|p2a: Tornadus|Hurricane|p1b: Zamazenta\n|-damage|p1b: Zamazenta|35/100\n|move|p1b: Zamazenta|Heavy Slam|p2a: Tornadus\n|-damage|p2a: Tornadus|0 fnt\n|faint|p2a: Tornadus\n|\n|-weather|RainDance|[upkeep]\n|-heal|p1b: Zamazenta|41/100|[from] Grassy Terrain\n|-heal|p1a: Rillaboom|91/100|[from] Grassy Terrain\n|upkeep\n|\n|t:|1773785152\n|switch|p2b: Zacian|Zacian-Crowned, L50, shiny|100/100\n|turn|12\n|\n|t:|1773785175\n|move|p2b: Zacian|Sacred Sword|p1b: Zamazenta\n|-supereffective|p1b: Zamazenta\n|-damage|p1b: Zamazenta|0 fnt\n|faint|p1b: Zamazenta\n|move|p1a: Rillaboom|Wood Hammer|p2b: Zacian\n|-resisted|p2b: Zacian\n|-damage|p2b: Zacian|70/100\n|-damage|p1a: Rillaboom|81/100|[from] Recoil\n|\n|-weather|none\n|-heal|p2b: Zacian|76/100|[from] Grassy Terrain\n|-heal|p1a: Rillaboom|87/100|[from] Grassy Terrain\n|-sideend|p2: pigs2fly|move: Tailwind\n|upkeep\n|turn|13\n|\n|t:|1773785186\n|move|p2b: Zacian|Protect|p2b: Zacian\n|-singleturn|p2b: Zacian|Protect\n|move|p1a: Rillaboom|Wood Hammer|p2b: Zacian\n|-activate|p2b: Zacian|move: Protect\n|\n|-heal|p2b: Zacian|82/100|[from] Grassy Terrain\n|-heal|p1a: Rillaboom|93/100|[from] Grassy Terrain\n|upkeep\n|turn|14\n|\n|t:|1773785190\n|move|p2b: Zacian|Sacred Sword|p1a: Rillaboom\n|-damage|p1a: Rillaboom|62/100\n|move|p1a: Rillaboom|Wood Hammer|p2b: Zacian\n|-resisted|p2b: Zacian\n|-damage|p2b: Zacian|50/100\n|-damage|p1a: Rillaboom|51/100|[from] Recoil\n|\n|-heal|p2b: Zacian|57/100|[from] Grassy Terrain\n|-heal|p1a: Rillaboom|57/100|[from] Grassy Terrain\n|-fieldend|move: Grassy Terrain\n|upkeep\n|turn|15\n|\n|t:|1773785201\n|move|p2b: Zacian|Sacred Sword|p1a: Rillaboom\n|-damage|p1a: Rillaboom|24/100\n|move|p1a: Rillaboom|Wood Hammer|p2b: Zacian\n|-resisted|p2b: Zacian\n|-damage|p2b: Zacian|34/100\n|-damage|p1a: Rillaboom|16/100|[from] Recoil\n|\n|upkeep\n|turn|16\n|\n|t:|1773785210\n|move|p2b: Zacian|Sacred Sword|p1a: Rillaboom\n|-damage|p1a: Rillaboom|0 fnt\n|faint|p1a: Rillaboom\n|\n|win|pigs2fly\n|raw|Cello L.'s rating: 1432 &rarr; <strong>1414</strong><br />(-18 for losing)\n|raw|pigs2fly's rating: 1472 &rarr; <strong>1490</strong><br />(+18 for winning)\n|l|\u2606Cello L.\n|player|p1|\n|l|\u2606pigs2fly\n|player|p2|\n","uploadtime":1773785461,"views":11,"formatid":"gen9vgc2026regi","rating":1414,"private":0,"password":null}