{"id":"gen9vgc2026regi-2553804301","format":"[Gen 9] VGC 2026 Reg I","players":["neo-bespa","wasaad5"],"log":"|j|\u2606neo-bespa\n|j|\u2606wasaad5\n|t:|1772883647\n|gametype|doubles\n|player|p1|neo-bespa|265|1337\n|player|p2|wasaad5|blue|1280\n|gen|9\n|tier|[Gen 9] VGC 2026 Reg I\n|rated|\n|rule|Species Clause: Limit one of each Pok\u00e9mon\n|rule|Item Clause: Limit 1 of each item\n|clearpoke\n|poke|p1|Calyrex-Ice, L50|\n|poke|p1|Incineroar, L50, F|\n|poke|p1|Miraidon, L50|\n|poke|p1|Iron Bundle, L50|\n|poke|p1|Farigiraf, L50, M|\n|poke|p1|Ogerpon-Hearthflame, L50, F|\n|poke|p2|Kyurem-White, L50|\n|poke|p2|Zacian-*, L50|\n|poke|p2|Sableye, L50, M|\n|poke|p2|Urshifu-*, L50, M|\n|poke|p2|Amoonguss, L50, F|\n|poke|p2|Incineroar, L50, F|\n|teampreview|4\n|\n|t:|1772883714\n|teamsize|p1|4\n|teamsize|p2|4\n|start\n|switch|p1a: Miraidon|Miraidon, L50|100/100\n|switch|p1b: Farigiraf|Farigiraf, L50, M|100/100\n|switch|p2a: Incineroar|Incineroar, L50, F|100/100\n|switch|p2b: Urshifu|Urshifu-Rapid-Strike, L50, M|100/100\n|-fieldstart|move: Electric Terrain|[from] ability: Hadron Engine|[of] p1a: Miraidon\n|-enditem|p1b: Farigiraf|Electric Seed\n|-boost|p1b: Farigiraf|def|1|[from] item: Electric Seed\n|-ability|p2a: Incineroar|Intimidate|boost\n|-unboost|p1a: Miraidon|atk|1\n|-unboost|p1b: Farigiraf|atk|1\n|turn|1\n|\n|t:|1772883749\n|move|p1b: Farigiraf|Helping Hand|p1a: Miraidon\n|-singleturn|p1a: Miraidon|Helping Hand|[of] p1b: Farigiraf\n|move|p1a: Miraidon|Electro Drift|p2a: Incineroar\n|-damage|p2a: Incineroar|0 fnt\n|faint|p2a: Incineroar\n|move|p2b: Urshifu|U-turn|p1b: Farigiraf\n|-supereffective|p1b: Farigiraf\n|-damage|p1b: Farigiraf|61/100\n|\n|t:|1772883758\n|switch|p2b: Zacian|Zacian-Crowned, L50|100/100|[from] U-turn\n|-ability|p2b: Zacian|Intrepid Sword|boost\n|-boost|p2b: Zacian|atk|1\n|\n|upkeep\n|\n|t:|1772883762\n|switch|p2a: Urshifu|Urshifu-Rapid-Strike, L50, M|100/100\n|turn|2\n|\n|t:|1772883771\n|switch|p1a: \u5389\u4e0d\u5389\u5bb3\u4f60\u5764\u54e5|Iron Bundle, L50|100/100\n|-activate|p1a: \u5389\u4e0d\u5389\u5bb3\u4f60\u5764\u54e5|ability: Quark Drive\n|-start|p1a: \u5389\u4e0d\u5389\u5bb3\u4f60\u5764\u54e5|quarkdrivespe\n|-terastallize|p2b: Zacian|Ground\n|move|p2a: Urshifu|Surging Strikes|p1b: Farigiraf\n|-crit|p1b: Farigiraf\n|-damage|p1b: Farigiraf|37/100\n|-crit|p1b: Farigiraf\n|-damage|p1b: Farigiraf|12/100\n|-crit|p1b: Farigiraf\n|-damage|p1b: Farigiraf|0 fnt\n|faint|p1b: Farigiraf\n|-hitcount|p1: Farigiraf|3\n|move|p2b: Zacian|Tera Blast|p1a: \u5389\u4e0d\u5389\u5bb3\u4f60\u5764\u54e5|[anim] Tera Blast Ground\n|-crit|p1a: \u5389\u4e0d\u5389\u5bb3\u4f60\u5764\u54e5\n|-enditem|p1a: \u5389\u4e0d\u5389\u5bb3\u4f60\u5764\u54e5|Focus Sash\n|-damage|p1a: \u5389\u4e0d\u5389\u5bb3\u4f60\u5764\u54e5|1/100\n|\n|upkeep\n|\n|t:|1772883790\n|switch|p1b: \u9e7f\u51a0\u738b-\u767d\u51a0|Calyrex-Ice, L50|100/100\n|-ability|p1b: \u9e7f\u51a0\u738b-\u767d\u51a0|As One\n|-ability|p1b: \u9e7f\u51a0\u738b-\u767d\u51a0|Unnerve\n|turn|3\n|\n|t:|1772883822\n|switch|p2a: Kyurem|Kyurem-White, L50, shiny|100/100\n|-ability|p2a: Kyurem|Turboblaze\n|-terastallize|p1b: \u9e7f\u51a0\u738b-\u767d\u51a0|Grass\n|move|p2b: Zacian|Protect|p2b: Zacian\n|-singleturn|p2b: Zacian|Protect\n|move|p1a: \u5389\u4e0d\u5389\u5bb3\u4f60\u5764\u54e5|Chilling Water|p2b: Zacian\n|-activate|p2b: Zacian|move: Protect\n|move|p1b: \u9e7f\u51a0\u738b-\u767d\u51a0|Glacial Lance|p2a: Kyurem|[spread] p2a\n|-activate|p2b: Zacian|move: Protect\n|-damage|p2a: Kyurem|50/100\n|\n|upkeep\n|turn|4\n|\n|t:|1772883848\n|switch|p2b: Urshifu|Urshifu-Rapid-Strike, L50, M|100/100\n|move|p1a: \u5389\u4e0d\u5389\u5bb3\u4f60\u5764\u54e5|Blizzard|p2a: Kyurem|[spread] p2a\n|-miss|p1a: \u5389\u4e0d\u5389\u5bb3\u4f60\u5764\u54e5|p2b: Urshifu\n|-damage|p2a: Kyurem|28/100\n|move|p2a: Kyurem|Blizzard|p1b: \u9e7f\u51a0\u738b-\u767d\u51a0|[spread] p1a,p1b\n|-resisted|p1a: \u5389\u4e0d\u5389\u5bb3\u4f60\u5764\u54e5\n|-supereffective|p1b: \u9e7f\u51a0\u738b-\u767d\u51a0\n|-damage|p1a: \u5389\u4e0d\u5389\u5bb3\u4f60\u5764\u54e5|0 fnt\n|-damage|p1b: \u9e7f\u51a0\u738b-\u767d\u51a0|50/100\n|faint|p1a: \u5389\u4e0d\u5389\u5bb3\u4f60\u5764\u54e5\n|-end|p1a: \u5389\u4e0d\u5389\u5bb3\u4f60\u5764\u54e5|Quark Drive|[silent]\n|move|p1b: \u9e7f\u51a0\u738b-\u767d\u51a0|Glacial Lance|p2b: Urshifu|[spread] p2a,p2b\n|-resisted|p2b: Urshifu\n|-damage|p2a: Kyurem|0 fnt\n|-damage|p2b: Urshifu|72/100\n|faint|p2a: Kyurem\n|-ability|p1b: \u9e7f\u51a0\u738b-\u767d\u51a0|Chilling Neigh|boost\n|-boost|p1b: \u9e7f\u51a0\u738b-\u767d\u51a0|atk|1\n|\n|upkeep\n|\n|t:|1772883867\n|switch|p1a: Miraidon|Miraidon, L50|100/100\n|switch|p2a: Zacian|Zacian-Crowned, L50, tera:Ground|100/100\n|-activate|p1a: Miraidon|ability: Hadron Engine\n|turn|5\n|\n|t:|1772883886\n|move|p1a: Miraidon|Dazzling Gleam|p2b: Urshifu|[spread] p2a,p2b\n|-supereffective|p2b: Urshifu\n|-damage|p2a: Zacian|69/100\n|-damage|p2b: Urshifu|0 fnt\n|faint|p2b: Urshifu\n|move|p2a: Zacian|Play Rough|p1b: \u9e7f\u51a0\u738b-\u767d\u51a0\n|-damage|p1b: \u9e7f\u51a0\u738b-\u767d\u51a0|15/100\n|move|p1b: \u9e7f\u51a0\u738b-\u767d\u51a0|Glacial Lance|p2a: Zacian\n|-supereffective|p2a: Zacian\n|-damage|p2a: Zacian|0 fnt\n|faint|p2a: Zacian\n|\n|win|neo-bespa\n|raw|neo-bespa's rating: 1337 &rarr; <strong>1354</strong><br />(+17 for winning)\n|raw|wasaad5's rating: 1280 &rarr; <strong>1259</strong><br />(-21 for losing)\n|l|\u2606wasaad5\n|player|p2|\n|l|\u2606neo-bespa\n|player|p1|\n","uploadtime":1772884087,"views":18,"formatid":"gen9vgc2026regi","rating":1259,"private":0,"password":null}