{"id":"gen9vgc2026regi-2561734282","format":"[Gen 9] VGC 2026 Reg I","players":["RIAMOO","Highkage2"],"log":"|j|\u2606RIAMOO\n|j|\u203dHighkage2\n|t:|1773838403\n|gametype|doubles\n|player|p1|RIAMOO|1|1367\n|player|p2|Highkage2|doubleteam|1517\n|gen|9\n|tier|[Gen 9] VGC 2026 Reg I\n|rated|\n|rule|Species Clause: Limit one of each Pok\u00e9mon\n|rule|Item Clause: Limit 1 of each item\n|clearpoke\n|poke|p1|Calyrex-Ice, L50|\n|poke|p1|Miraidon, L50|\n|poke|p1|Grimmsnarl, L50, M|\n|poke|p1|Ursaluna, L50, F|\n|poke|p1|Incineroar, L50, F|\n|poke|p1|Landorus, L50, M|\n|poke|p2|Incineroar, L50, F|\n|poke|p2|Landorus, L50, M|\n|poke|p2|Calyrex-Ice, L50|\n|poke|p2|Miraidon, L50|\n|poke|p2|Farigiraf, L50, M|\n|poke|p2|Pelipper, L50, F|\n|teampreview|4\n|inactive|Battle timer is ON: inactive players will automatically lose when time's up. (requested by Highkage2)\n|inactive|RIAMOO has 60 seconds left.\n|inactive|Highkage2 has 60 seconds left.\n|\n|t:|1773838443\n|teamsize|p1|4\n|teamsize|p2|4\n|start\n|switch|p1a: Calyrex|Calyrex-Ice, L50|100/100\n|switch|p1b: Landorus|Landorus, L50, M|100/100\n|switch|p2a: Miraidon|Miraidon, L50|100/100\n|switch|p2b: Incineroar|Incineroar, L50, F|100/100\n|-ability|p1a: Calyrex|As One\n|-ability|p1a: Calyrex|Unnerve\n|-fieldstart|move: Electric Terrain|[from] ability: Hadron Engine|[of] p2a: Miraidon\n|-ability|p2b: Incineroar|Intimidate|boost\n|-unboost|p1a: Calyrex|atk|1\n|-unboost|p1b: Landorus|atk|1\n|turn|1\n|\n|t:|1773838467\n|move|p2b: Incineroar|Fake Out|p1a: Calyrex\n|-damage|p1a: Calyrex|95/100\n|move|p2a: Miraidon|Draco Meteor|p1b: Landorus\n|-damage|p1b: Landorus|0 fnt\n|-unboost|p2a: Miraidon|spa|2\n|faint|p1b: Landorus\n|cant|p1a: Calyrex|flinch\n|\n|-heal|p1a: Calyrex|100/100|[from] item: Leftovers\n|upkeep\n|\n|t:|1773838476\n|switch|p1b: Ursaluna|Ursaluna, L50, F|100/100\n|turn|2\n|\n|t:|1773838491\n|switch|p2a: Calyrex|Calyrex-Ice, L50|100/100\n|-ability|p2a: Calyrex|As One\n|-ability|p2a: Calyrex|Unnerve\n|move|p2b: Incineroar|U-turn|p1a: Calyrex\n|-supereffective|p1a: Calyrex\n|-damage|p1a: Calyrex|76/100\n|\n|t:|1773838498\n|switch|p2b: Pelipper|Pelipper, L50, F|100/100|[from] U-turn\n|-weather|RainDance|[from] ability: Drizzle|[of] p2b: Pelipper\n|move|p1b: Ursaluna|Substitute|p1b: Ursaluna\n|-start|p1b: Ursaluna|Substitute\n|-damage|p1b: Ursaluna|76/100\n|move|p1a: Calyrex|Trick Room|p1a: Calyrex\n|-fieldstart|move: Trick Room|[of] p1a: Calyrex\n|\n|-weather|RainDance|[upkeep]\n|-heal|p1a: Calyrex|82/100|[from] item: Leftovers\n|-status|p1b: Ursaluna|brn|[from] item: Flame Orb\n|upkeep\n|turn|3\n|inactive|RIAMOO has 30 seconds left.\n|\n|t:|1773838527\n|-terastallize|p1b: Ursaluna|Water\n|move|p2b: Pelipper|Protect|p2b: Pelipper\n|-singleturn|p2b: Pelipper|Protect\n|move|p2a: Calyrex|Glacial Lance|p1a: Calyrex|[spread] p1a,p1b\n|-resisted|p1b: Ursaluna\n|-activate|p1b: Ursaluna|move: Substitute|[damage]\n|-resisted|p1a: Calyrex\n|-damage|p1a: Calyrex|68/100\n|move|p1b: Ursaluna|Facade|p2a: Calyrex\n|-damage|p2a: Calyrex|41/100\n|move|p1a: Calyrex|Glacial Lance|p2b: Pelipper|[spread] p2a\n|-activate|p2b: Pelipper|move: Protect\n|-resisted|p2a: Calyrex\n|-damage|p2a: Calyrex|30/100\n|\n|-weather|RainDance|[upkeep]\n|-heal|p2a: Calyrex|36/100|[from] item: Leftovers\n|-heal|p1a: Calyrex|73/100|[from] item: Leftovers\n|-damage|p1b: Ursaluna|70/100 brn|[from] brn\n|upkeep\n|turn|4\n|inactive|RIAMOO has 30 seconds left.\n|inactive|Highkage2 has 30 seconds left.\n|inactive|RIAMOO has 20 seconds left.\n|inactive|Highkage2 has 20 seconds left.\n|\n|t:|1773838565\n|switch|p2b: Incineroar|Incineroar, L50, F|100/100\n|-ability|p2b: Incineroar|Intimidate|boost\n|-unboost|p1a: Calyrex|atk|1\n|-immune|p1b: Ursaluna\n|move|p2a: Calyrex|Glacial Lance|p1b: Ursaluna|[spread] p1a,p1b\n|-resisted|p1b: Ursaluna\n|-end|p1b: Ursaluna|Substitute\n|-resisted|p1a: Calyrex\n|-damage|p1a: Calyrex|58/100\n|move|p1b: Ursaluna|Facade|p2b: Incineroar\n|-damage|p2b: Incineroar|23/100\n|move|p1a: Calyrex|Glacial Lance|p2a: Calyrex|[spread] p2a,p2b\n|-resisted|p2a: Calyrex\n|-resisted|p2b: Incineroar\n|-damage|p2a: Calyrex|29/100\n|-damage|p2b: Incineroar|13/100\n|\n|-weather|RainDance|[upkeep]\n|-heal|p2a: Calyrex|35/100|[from] item: Leftovers\n|-heal|p1a: Calyrex|63/100|[from] item: Leftovers\n|-damage|p1b: Ursaluna|64/100 brn|[from] brn\n|upkeep\n|turn|5\n|inactive|RIAMOO has 30 seconds left.\n|inactive|Highkage2 has 30 seconds left.\n|inactive|RIAMOO has 20 seconds left.\n|\n|t:|1773838604\n|move|p1b: Ursaluna|Protect|p1b: Ursaluna\n|-singleturn|p1b: Ursaluna|Protect\n|move|p2b: Incineroar|Fake Out|p1b: Ursaluna\n|-activate|p1b: Ursaluna|move: Protect\n|move|p2a: Calyrex|Leech Seed|p1a: Calyrex\n|-start|p1a: Calyrex|move: Leech Seed\n|move|p1a: Calyrex|Leech Seed|p2b: Incineroar\n|-start|p2b: Incineroar|move: Leech Seed\n|\n|-weather|RainDance|[upkeep]\n|-heal|p2a: Calyrex|41/100|[from] item: Leftovers\n|-heal|p1a: Calyrex|69/100|[from] item: Leftovers\n|-damage|p1a: Calyrex|57/100|[from] Leech Seed|[of] p2a: Calyrex\n|-heal|p2a: Calyrex|53/100|[silent]\n|-damage|p2b: Incineroar|1/100|[from] Leech Seed|[of] p1a: Calyrex\n|-heal|p1a: Calyrex|69/100|[silent]\n|-damage|p1b: Ursaluna|58/100 brn|[from] brn\n|-fieldend|move: Electric Terrain\n|upkeep\n|turn|6\n|inactive|Highkage2 has 30 seconds left.\n|inactive|Highkage2 has 20 seconds left.\n|inactive|Highkage2 has 15 seconds left.\n|\n|t:|1773838645\n|switch|p1a: Miraidon|Miraidon, L50|100/100\n|-fieldstart|move: Electric Terrain|[from] ability: Hadron Engine|[of] p1a: Miraidon\n|move|p2a: Calyrex|Glacial Lance|p1b: Ursaluna|[spread] p1a,p1b\n|-supereffective|p1a: Miraidon\n|-resisted|p1b: Ursaluna\n|-damage|p1a: Miraidon|19/100\n|-damage|p1b: Ursaluna|43/100 brn\n|move|p1b: Ursaluna|Facade|p2a: Calyrex\n|-damage|p2a: Calyrex|0 fnt\n|faint|p2a: Calyrex\n|move|p2b: Incineroar|Knock Off|p1b: Ursaluna\n|-damage|p1b: Ursaluna|21/100 brn\n|-enditem|p1b: Ursaluna|Flame Orb|[from] move: Knock Off|[of] p2b: Incineroar\n|\n|-weather|none\n|-damage|p2b: Incineroar|0 fnt|[from] Leech Seed|[of] p1a: Miraidon\n|-heal|p1a: Miraidon|19/100|[silent]\n|faint|p2b: Incineroar\n|-damage|p1b: Ursaluna|15/100 brn|[from] brn\n|-fieldend|move: Trick Room\n|upkeep\n|\n|t:|1773838658\n|switch|p2b: Miraidon|Miraidon, L50|100/100\n|switch|p2a: Pelipper|Pelipper, L50, F|100/100\n|-activate|p2b: Miraidon|ability: Hadron Engine\n|-weather|RainDance|[from] ability: Drizzle|[of] p2a: Pelipper\n|turn|7\n|inactive|RIAMOO has 30 seconds left.\n|inactive|Highkage2 has 30 seconds left.\n|inactive|RIAMOO has 20 seconds left.\n|\n|t:|1773838707\n|-terastallize|p2b: Miraidon|Fairy\n|move|p2a: Pelipper|Wide Guard|p2a: Pelipper\n|-singleturn|p2a: Pelipper|Wide Guard\n|move|p2b: Miraidon|Dazzling Gleam|p1b: Ursaluna|[spread] p1a,p1b\n|-supereffective|p1a: Miraidon\n|-damage|p1a: Miraidon|0 fnt\n|-damage|p1b: Ursaluna|0 fnt\n|faint|p1a: Miraidon\n|faint|p1b: Ursaluna\n|\n|-weather|RainDance|[upkeep]\n|upkeep\n|\n|t:|1773838714\n|switch|p1b: Calyrex|Calyrex-Ice, L50|69/100\n|-ability|p1b: Calyrex|As One\n|-ability|p1b: Calyrex|Unnerve\n|turn|8\n|\n|t:|1773838719\n|move|p1b: Calyrex|Protect|p1b: Calyrex\n|-singleturn|p1b: Calyrex|Protect\n|move|p2b: Miraidon|Dazzling Gleam|p1b: Calyrex\n|-activate|p1b: Calyrex|move: Protect\n|move|p2a: Pelipper|Weather Ball|p1b: Calyrex\n|-activate|p1b: Calyrex|move: Protect\n|\n|-weather|RainDance|[upkeep]\n|-heal|p1b: Calyrex|75/100|[from] item: Leftovers\n|upkeep\n|turn|9\n|\n|t:|1773838735\n|move|p2b: Miraidon|Dazzling Gleam|p1b: Calyrex\n|-damage|p1b: Calyrex|28/100\n|move|p2a: Pelipper|Weather Ball|p1b: Calyrex\n|-damage|p1b: Calyrex|0 fnt\n|faint|p1b: Calyrex\n|\n|win|Highkage2\n|raw|RIAMOO's rating: 1367 &rarr; <strong>1355</strong><br />(-12 for losing)\n|raw|Highkage2's rating: 1517 &rarr; <strong>1529</strong><br />(+12 for winning)\n|l|\u2606RIAMOO\n|player|p1|\n","uploadtime":1773838876,"views":10,"formatid":"gen9vgc2026regi","rating":1355,"private":0,"password":null}