{"id":"gen9vgc2026regi-2564526691","format":"[Gen 9] VGC 2026 Reg I","players":["suc vat vk","alexit93"],"log":"|j|\u2606suc vat vk\n|j|\u2606alexit93\n|t:|1774157699\n|gametype|doubles\n|player|p1|suc vat vk|kimonogirl|1472\n|player|p2|alexit93|lucas-gen4pt|1452\n|gen|9\n|tier|[Gen 9] VGC 2026 Reg I\n|rated|\n|rule|Species Clause: Limit one of each Pok\u00e9mon\n|rule|Item Clause: Limit 1 of each item\n|clearpoke\n|poke|p1|Kyogre, L50|\n|poke|p1|Amoonguss, L50, M|\n|poke|p1|Iron Jugulis, L50|\n|poke|p1|Calyrex-Ice, L50|\n|poke|p1|Indeedee-F, L50, F|\n|poke|p1|Urshifu-*, L50, M|\n|poke|p2|Zamazenta-*, L50|\n|poke|p2|Chien-Pao, L50|\n|poke|p2|Calyrex-Shadow, L50|\n|poke|p2|Whimsicott, L50, M|\n|poke|p2|Rillaboom, L50, M|\n|poke|p2|Landorus, L50, M|\n|teampreview|4\n|inactive|Battle timer is ON: inactive players will automatically lose when time's up. (requested by suc vat vk)\n|\n|t:|1774157785\n|teamsize|p1|4\n|teamsize|p2|4\n|start\n|switch|p1a: Urshifu|Urshifu-Rapid-Strike, L50, M|100/100\n|switch|p1b: Iron Jugulis|Iron Jugulis, L50|100/100\n|switch|p2a: Zamazenta|Zamazenta-Crowned, L50, shiny|100/100\n|switch|p2b: Chien-Pao|Chien-Pao, L50|100/100\n|-ability|p2b: Chien-Pao|Sword of Ruin\n|-ability|p2a: Zamazenta|Dauntless Shield|boost\n|-boost|p2a: Zamazenta|def|1\n|-enditem|p1b: Iron Jugulis|Booster Energy\n|-activate|p1b: Iron Jugulis|ability: Quark Drive|[fromitem]\n|-start|p1b: Iron Jugulis|quarkdrivespe\n|turn|1\n|inactive|suc vat vk has 30 seconds left.\n|inactive|suc vat vk has 20 seconds left.\n|inactive|suc vat vk has 15 seconds left.\n|inactive|suc vat vk has 10 seconds left.\n|inactive|suc vat vk has 5 seconds left.\n|\n|t:|1774157838\n|switch|p2b: Rillaboom|Rillaboom, L50, M|100/100\n|-fieldstart|move: Grassy Terrain|[from] ability: Grassy Surge|[of] p2b: Rillaboom\n|-terastallize|p2a: Zamazenta|Dragon\n|move|p1b: Iron Jugulis|Tailwind|p1b: Iron Jugulis\n|-sidestart|p1: suc vat vk|move: Tailwind\n|move|p1a: Urshifu|Surging Strikes|p2b: Rillaboom\n|-resisted|p2b: Rillaboom\n|-crit|p2b: Rillaboom\n|-damage|p2b: Rillaboom|87/100\n|-resisted|p2b: Rillaboom\n|-crit|p2b: Rillaboom\n|-damage|p2b: Rillaboom|75/100\n|-resisted|p2b: Rillaboom\n|-crit|p2b: Rillaboom\n|-damage|p2b: Rillaboom|62/100\n|-hitcount|p2b: Rillaboom|3\n|move|p2a: Zamazenta|Body Press|p1a: Urshifu\n|-damage|p1a: Urshifu|32/100\n|\n|-heal|p1a: Urshifu|38/100|[from] Grassy Terrain\n|-heal|p2b: Rillaboom|68/100|[from] Grassy Terrain\n|upkeep\n|turn|2\n|\n|t:|1774157859\n|move|p2b: Rillaboom|Grassy Glide|p1a: Urshifu\n|-supereffective|p1a: Urshifu\n|-damage|p1a: Urshifu|0 fnt\n|faint|p1a: Urshifu\n|move|p1b: Iron Jugulis|Hurricane|p2b: Rillaboom\n|-supereffective|p2b: Rillaboom\n|-damage|p2b: Rillaboom|0 fnt\n|faint|p2b: Rillaboom\n|move|p2a: Zamazenta|Body Press|p1b: Iron Jugulis\n|-damage|p1b: Iron Jugulis|12/100\n|\n|upkeep\n|\n|t:|1774157871\n|switch|p1a: Calyrex|Calyrex-Ice, L50|100/100\n|switch|p2b: Chien-Pao|Chien-Pao, L50|100/100\n|-ability|p1a: Calyrex|As One\n|-ability|p1a: Calyrex|Unnerve\n|-ability|p2b: Chien-Pao|Sword of Ruin\n|turn|3\n|\n|t:|1774157881\n|-terastallize|p1a: Calyrex|Grass\n|move|p1b: Iron Jugulis|Taunt|p2a: Zamazenta\n|-start|p2a: Zamazenta|move: Taunt\n|move|p2b: Chien-Pao|Crunch|p1a: Calyrex\n|-damage|p1a: Calyrex|55/100\n|move|p2a: Zamazenta|Body Press|p1b: Iron Jugulis\n|-damage|p1b: Iron Jugulis|0 fnt\n|faint|p1b: Iron Jugulis\n|-end|p1b: Iron Jugulis|Quark Drive|[silent]\n|move|p1a: Calyrex|Trick Room|p1a: Calyrex\n|-fieldstart|move: Trick Room|[of] p1a: Calyrex\n|\n|-heal|p1a: Calyrex|61/100|[from] Grassy Terrain\n|upkeep\n|inactive|suc vat vk has 30 seconds left.\n|\n|t:|1774157909\n|switch|p1b: Kyogre|Kyogre, L50, shiny|100/100\n|-weather|RainDance|[from] ability: Drizzle|[of] p1b: Kyogre\n|turn|4\n|\n|t:|1774157927\n|move|p1a: Calyrex|Glacial Lance|p2a: Zamazenta|[spread] p2a,p2b\n|-supereffective|p2a: Zamazenta\n|-crit|p2a: Zamazenta\n|-resisted|p2b: Chien-Pao\n|-damage|p2a: Zamazenta|0 fnt\n|-damage|p2b: Chien-Pao|54/100\n|faint|p2a: Zamazenta\n|-ability|p1a: Calyrex|Chilling Neigh|boost\n|-boost|p1a: Calyrex|atk|1\n|move|p2b: Chien-Pao|Crunch|p1b: Kyogre\n|-damage|p1b: Kyogre|4/100\n|move|p1b: Kyogre|Water Spout|p2b: Chien-Pao\n|-damage|p2b: Chien-Pao|39/100\n|\n|-weather|RainDance|[upkeep]\n|-heal|p1a: Calyrex|67/100|[from] Grassy Terrain\n|-heal|p2b: Chien-Pao|44/100|[from] Grassy Terrain\n|-heal|p1b: Kyogre|10/100|[from] Grassy Terrain\n|-sideend|p1: suc vat vk|move: Tailwind\n|upkeep\n|\n|t:|1774157930\n|switch|p2a: Calyrex|Calyrex-Shadow, L50|100/100\n|-ability|p2a: Calyrex|As One\n|-ability|p2a: Calyrex|Unnerve\n|turn|5\n|\n|t:|1774157952\n|move|p1a: Calyrex|Glacial Lance|p2b: Chien-Pao|[spread] p2a,p2b\n|-crit|p2a: Calyrex\n|-resisted|p2b: Chien-Pao\n|-enditem|p2a: Calyrex|Focus Sash\n|-damage|p2a: Calyrex|1/100\n|-damage|p2b: Chien-Pao|0 fnt\n|faint|p2b: Chien-Pao\n|-ability|p1a: Calyrex|Chilling Neigh|boost\n|-boost|p1a: Calyrex|atk|1\n|move|p1b: Kyogre|Water Spout|p2a: Calyrex\n|-damage|p2a: Calyrex|0 fnt\n|faint|p2a: Calyrex\n|\n|win|suc vat vk\n|raw|suc vat vk's rating: 1447 &rarr; <strong>1467</strong><br />(+20 for winning)\n|raw|alexit93's rating: 1452 &rarr; <strong>1432</strong><br />(-20 for losing)\n|l|\u2606suc vat vk\n|player|p1|\n","uploadtime":1774158167,"views":14,"formatid":"gen9vgc2026regi","rating":1432,"private":0,"password":null}