{"id":"gen9vgc2026regi-2559842991","format":"[Gen 9] VGC 2026 Reg I","players":["cocoralladoquemado","sleemo2"],"log":"|j|\u2606cocoralladoquemado\n|j|\u2606sleemo2\n|t:|1773615354\n|gametype|doubles\n|player|p1|cocoralladoquemado|266|1251\n|player|p2|sleemo2|acetrainerf|1481\n|gen|9\n|tier|[Gen 9] VGC 2026 Reg I\n|rated|\n|rule|Species Clause: Limit one of each Pok\u00e9mon\n|rule|Item Clause: Limit 1 of each item\n|clearpoke\n|poke|p1|Calyrex-Ice, L50|\n|poke|p1|Amoonguss, L50, M|\n|poke|p1|Urshifu-*, L50, F|\n|poke|p1|Volcarona, L50, F|\n|poke|p1|Miraidon, L50|\n|poke|p1|Incineroar, L50, M|\n|poke|p2|Calyrex-Shadow, L50|\n|poke|p2|Zamazenta-*, L50|\n|poke|p2|Whimsicott, L50, M|\n|poke|p2|Amoonguss, L50, F|\n|poke|p2|Chi-Yu, L50|\n|poke|p2|Regieleki, L50|\n|teampreview|4\n|\n|t:|1773615414\n|teamsize|p1|4\n|teamsize|p2|4\n|start\n|switch|p1a: Miraidon|Miraidon, L50|100/100\n|switch|p1b: Incineroar|Incineroar, L50, M|100/100\n|switch|p2a: Calyrex|Calyrex-Shadow, L50|100/100\n|switch|p2b: Regieleki|Regieleki, L50|100/100\n|-ability|p2a: Calyrex|As One\n|-ability|p2a: Calyrex|Unnerve\n|-fieldstart|move: Electric Terrain|[from] ability: Hadron Engine|[of] p1a: Miraidon\n|-ability|p1b: Incineroar|Intimidate|boost\n|-unboost|p2a: Calyrex|atk|1\n|-unboost|p2b: Regieleki|atk|1\n|turn|1\n|\n|t:|1773615430\n|move|p1b: Incineroar|Fake Out|p2b: Regieleki\n|-damage|p2b: Regieleki|80/100\n|move|p1a: Miraidon|Volt Switch|p2a: Calyrex\n|-damage|p2a: Calyrex|28/100\n|\n|t:|1773615437\n|switch|p1a: Volcarona|Volcarona, L50, F|100/100|[from] Volt Switch\n|-enditem|p1a: Volcarona|Electric Seed\n|-boost|p1a: Volcarona|def|1|[from] item: Electric Seed\n|cant|p2b: Regieleki|flinch\n|move|p2a: Calyrex|Astral Barrage|p1a: Volcarona|[spread] p1a,p1b\n|-resisted|p1b: Incineroar\n|-damage|p1a: Volcarona|57/100\n|-damage|p1b: Incineroar|82/100\n|\n|upkeep\n|turn|2\n|\n|t:|1773615517\n|-terastallize|p2a: Calyrex|Ghost\n|move|p2b: Regieleki|Volt Switch|p1b: Incineroar\n|-damage|p1b: Incineroar|27/100\n|\n|t:|1773615522\n|switch|p2b: Chi-Yu|Chi-Yu, L50|100/100|[from] Volt Switch\n|-ability|p2b: Chi-Yu|Beads of Ruin\n|move|p2a: Calyrex|Astral Barrage|p1b: Incineroar|[spread] p1a,p1b\n|-resisted|p1b: Incineroar\n|-damage|p1a: Volcarona|0 fnt\n|-damage|p1b: Incineroar|0 fnt\n|faint|p1a: Volcarona\n|faint|p1b: Incineroar\n|-ability|p2a: Calyrex|Grim Neigh|boost\n|-boost|p2a: Calyrex|spa|2\n|\n|upkeep\n|\n|t:|1773615533\n|switch|p1a: Calyrex|Calyrex-Ice, L50|100/100\n|switch|p1b: Miraidon|Miraidon, L50|100/100\n|-ability|p1a: Calyrex|As One\n|-ability|p1a: Calyrex|Unnerve\n|-activate|p1b: Miraidon|ability: Hadron Engine\n|turn|3\n|\n|t:|1773615602\n|-terastallize|p1a: Calyrex|Fire\n|move|p1b: Miraidon|Electro Drift|p2a: Calyrex\n|-damage|p2a: Calyrex|0 fnt\n|faint|p2a: Calyrex\n|move|p2b: Chi-Yu|Snarl|p1b: Miraidon|[spread] p1a,p1b\n|-damage|p1a: Calyrex|83/100\n|-damage|p1b: Miraidon|74/100\n|-unboost|p1b: Miraidon|spa|1\n|move|p1a: Calyrex|High Horsepower|p2b: Chi-Yu\n|-supereffective|p2b: Chi-Yu\n|-damage|p2b: Chi-Yu|0 fnt\n|faint|p2b: Chi-Yu\n|-ability|p1a: Calyrex|Chilling Neigh|boost\n|-boost|p1a: Calyrex|atk|1\n|\n|upkeep\n|\n|t:|1773615606\n|switch|p2a: Regieleki|Regieleki, L50|80/100\n|switch|p2b: Zamazenta|Zamazenta-Crowned, L50|100/100\n|-ability|p2b: Zamazenta|Dauntless Shield|boost\n|-boost|p2b: Zamazenta|def|1\n|turn|4\n|\n|t:|1773615654\n|move|p1b: Miraidon|Electro Drift|p2b: Zamazenta\n|-damage|p2b: Zamazenta|52/100\n|move|p2a: Regieleki|Electroweb|p1b: Miraidon|[spread] p1a,p1b\n|-resisted|p1b: Miraidon\n|-damage|p1a: Calyrex|54/100\n|-damage|p1b: Miraidon|64/100\n|-unboost|p1b: Miraidon|spe|1\n|move|p2b: Zamazenta|Body Press|p1a: Calyrex\n|-damage|p1a: Calyrex|6/100\n|move|p1a: Calyrex|High Horsepower|p2b: Zamazenta\n|-supereffective|p2b: Zamazenta\n|-damage|p2b: Zamazenta|3/100\n|\n|upkeep\n|turn|5\n|\n|t:|1773615673\n|move|p2a: Regieleki|Electroweb|p1a: Calyrex|[spread] p1a,p1b\n|-resisted|p1b: Miraidon\n|-damage|p1a: Calyrex|0 fnt\n|-damage|p1b: Miraidon|54/100\n|-unboost|p1b: Miraidon|spe|1\n|faint|p1a: Calyrex\n|move|p2b: Zamazenta|Body Press|p1b: Miraidon\n|-damage|p1b: Miraidon|0 fnt\n|faint|p1b: Miraidon\n|\n|win|sleemo2\n|raw|cocoralladoquemado's rating: 1251 &rarr; <strong>1240</strong><br />(-11 for losing)\n|raw|sleemo2's rating: 1481 &rarr; <strong>1489</strong><br />(+8 for winning)\n","uploadtime":1773615683,"views":13,"formatid":"gen9vgc2026regi","rating":1240,"private":0,"password":null}