{"id":"gen9vgc2026regi-2559598584","format":"[Gen 9] VGC 2026 Reg I","players":["jonen","supernenechiiii"],"log":"|j|\u2606jonen\n|j|\u2606supernenechiiii\n|t:|1773590672\n|gametype|doubles\n|player|p1|jonen|medium|1153\n|player|p2|supernenechiiii|266|1234\n|gen|9\n|tier|[Gen 9] VGC 2026 Reg I\n|rated|\n|rule|Species Clause: Limit one of each Pok\u00e9mon\n|rule|Item Clause: Limit 1 of each item\n|clearpoke\n|poke|p1|Calyrex-Ice, L50|\n|poke|p1|Scraggy, L50, M|\n|poke|p1|Miraidon, L50|\n|poke|p1|Farigiraf, L50, F|\n|poke|p1|Iron Treads, L50|\n|poke|p1|Iron Hands, L50|\n|poke|p2|Lunala, L50|\n|poke|p2|Miraidon, L50|\n|poke|p2|Dondozo, L50, M|\n|poke|p2|Tatsugiri-Stretchy, L50, M|\n|poke|p2|Grimmsnarl, L50, M|\n|poke|p2|Iron Hands, L50|\n|teampreview|4\n|\n|t:|1773590701\n|teamsize|p1|4\n|teamsize|p2|4\n|start\n|switch|p1a: Miraidon|Miraidon, L50|100/100\n|switch|p1b: Iron Treads|Iron Treads, L50|100/100\n|switch|p2a: Miraidon|Miraidon, L50|100/100\n|switch|p2b: Tatsugiri|Tatsugiri-Stretchy, L50, M|100/100\n|-fieldstart|move: Electric Terrain|[from] ability: Hadron Engine|[of] p2a: Miraidon\n|-activate|p1b: Iron Treads|ability: Quark Drive\n|-start|p1b: Iron Treads|quarkdrivespe\n|-enditem|p2a: Miraidon|Electric Seed\n|-boost|p2a: Miraidon|def|1|[from] item: Electric Seed\n|-activate|p1a: Miraidon|ability: Hadron Engine\n|turn|1\n|\n|t:|1773590728\n|move|p2b: Tatsugiri|Endure|p2b: Tatsugiri\n|-singleturn|p2b: Tatsugiri|move: Endure\n|move|p1b: Iron Treads|High Horsepower|p2a: Miraidon|[miss]\n|-miss|p1b: Iron Treads|p2a: Miraidon\n|move|p2a: Miraidon|Parabolic Charge|p1b: Iron Treads|[spread] p2b,p1a\n|-immune|p1b: Iron Treads\n|-resisted|p1a: Miraidon\n|-damage|p2b: Tatsugiri|15/100\n|-damage|p1a: Miraidon|93/100\n|move|p1a: Miraidon|Volt Switch|p2b: Tatsugiri\n|-activate|p2b: Tatsugiri|move: Endure\n|-damage|p2b: Tatsugiri|1/100\n|\n|t:|1773590743\n|switch|p1a: Scraggy|Scraggy, L50, M|100/100|[from] Volt Switch\n|-ability|p1a: Scraggy|Intimidate|boost\n|-unboost|p2a: Miraidon|atk|1\n|-unboost|p2b: Tatsugiri|atk|1\n|\n|-status|p2b: Tatsugiri|tox|[from] item: Toxic Orb\n|upkeep\n|turn|2\n|\n|t:|1773590774\n|switch|p2a: Dondozo|Dondozo, L50, M|100/100\n|-activate|p2b: Tatsugiri|ability: Commander|[of] p2a: Dondozo\n|-boost|p2a: Dondozo|atk|2\n|-boost|p2a: Dondozo|spa|2\n|-boost|p2a: Dondozo|spe|2\n|-boost|p2a: Dondozo|def|2\n|-boost|p2a: Dondozo|spd|2\n|move|p1b: Iron Treads|Knock Off|p2a: Dondozo\n|-damage|p2a: Dondozo|87/100\n|-damage|p1b: Iron Treads|84/100|[from] item: Rocky Helmet|[of] p2a: Dondozo\n|-enditem|p2a: Dondozo|Rocky Helmet|[from] move: Knock Off|[of] p1b: Iron Treads\n|-damage|p1b: Iron Treads|75/100|[from] item: Life Orb\n|move|p1a: Scraggy|Endeavor|p2a: Dondozo\n|-damage|p2a: Dondozo|56/100\n|\n|-damage|p2b: Tatsugiri|0 fnt|[from] psn\n|faint|p2b: Tatsugiri\n|upkeep\n|\n|t:|1773590781\n|switch|p2b: Lunala|Lunala, L50|100/100\n|turn|3\n|\n|t:|1773590805\n|-terastallize|p2b: Lunala|Fairy\n|move|p1b: Iron Treads|Knock Off|p2b: Lunala\n|-resisted|p2b: Lunala\n|-damage|p2b: Lunala|94/100\n|-enditem|p2b: Lunala|Leftovers|[from] move: Knock Off|[of] p1b: Iron Treads\n|-damage|p1b: Iron Treads|65/100|[from] item: Life Orb\n|move|p2a: Dondozo|Wave Crash|p1b: Iron Treads\n|-supereffective|p1b: Iron Treads\n|-damage|p1b: Iron Treads|0 fnt\n|faint|p1b: Iron Treads\n|-end|p1b: Iron Treads|Quark Drive|[silent]\n|-damage|p2a: Dondozo|41/100|[from] Recoil\n|move|p2b: Lunala|Psych Up|p2a: Dondozo\n|-copyboost|p2b: Lunala|p2a: Dondozo|[from] move: Psych Up\n|move|p1a: Scraggy|Foul Play|p2b: Lunala\n|-resisted|p2b: Lunala\n|-damage|p2b: Lunala|83/100\n|\n|upkeep\n|\n|t:|1773590814\n|switch|p1b: Miraidon|Miraidon, L50|93/100\n|-activate|p1b: Miraidon|ability: Hadron Engine\n|turn|4\n|\n|t:|1773590843\n|-terastallize|p1b: Miraidon|Fairy\n|move|p2b: Lunala|Moonblast|p1b: Miraidon\n|-damage|p1b: Miraidon|7/100\n|move|p2a: Dondozo|Order Up|p1a: Scraggy\n|-crit|p1a: Scraggy\n|-damage|p1a: Scraggy|42/100\n|-boost|p2a: Dondozo|spe|1\n|move|p1b: Miraidon|Electro Drift|p2b: Lunala\n|-damage|p2b: Lunala|30/100\n|move|p1a: Scraggy|Foul Play|p2a: Dondozo\n|-crit|p2a: Dondozo\n|-damage|p2a: Dondozo|0 fnt\n|faint|p2a: Dondozo\n|\n|upkeep\n|\n|t:|1773590847\n|switch|p2a: Miraidon|Miraidon, L50|100/100\n|-activate|p2a: Miraidon|ability: Hadron Engine\n|turn|5\n|\n|t:|1773590885\n|move|p2b: Lunala|Moongeist Beam|p1b: Miraidon\n|-damage|p1b: Miraidon|0 fnt\n|faint|p1b: Miraidon\n|move|p2a: Miraidon|Calm Mind|p2a: Miraidon\n|-boost|p2a: Miraidon|spa|1\n|-boost|p2a: Miraidon|spd|1\n|move|p1a: Scraggy|Endeavor|p2a: Miraidon\n|-damage|p2a: Miraidon|26/100\n|\n|-fieldend|move: Electric Terrain\n|upkeep\n|\n|t:|1773590891\n|switch|p1b: Farigiraf|Farigiraf, L50, F|100/100\n|turn|6\n|\n|t:|1773590903\n|move|p2b: Lunala|Moonblast|p1b: Farigiraf\n|-damage|p1b: Farigiraf|10/100\n|move|p2a: Miraidon|Dragon Pulse|p1b: Farigiraf\n|-damage|p1b: Farigiraf|0 fnt\n|faint|p1b: Farigiraf\n|move|p1a: Scraggy|Foul Play|p2a: Miraidon\n|-damage|p2a: Miraidon|8/100\n|\n|upkeep\n|turn|7\n|\n|t:|1773590910\n|move|p2b: Lunala|Moonblast|p1a: Scraggy\n|-supereffective|p1a: Scraggy\n|-damage|p1a: Scraggy|0 fnt\n|faint|p1a: Scraggy\n|\n|win|supernenechiiii\n|raw|jonen's rating: 1153 &rarr; <strong>1134</strong><br />(-19 for losing)\n|raw|supernenechiiii's rating: 1234 &rarr; <strong>1253</strong><br />(+19 for winning)\n","uploadtime":1773590910,"views":10,"formatid":"gen9vgc2026regi","rating":1134,"private":0,"password":null}