{"id":"gen9vgc2026regi-2522311628","format":"[Gen 9] VGC 2026 Reg I","players":["Jthepoke","blackred123"],"log":"|j|\u2606Jthepoke\n|j|\u2606blackred123\n|t:|1768885485\n|gametype|doubles\n|player|p1|Jthepoke|cyrus|1211\n|player|p2|blackred123|iono-masters|1233\n|gen|9\n|tier|[Gen 9] VGC 2026 Reg I\n|rated|\n|rule|Species Clause: Limit one of each Pok\u00e9mon\n|rule|Item Clause: Limit 1 of each item\n|clearpoke\n|poke|p1|Zacian-*, L50|\n|poke|p1|Koraidon, L50|\n|poke|p1|Walking Wake, L50|\n|poke|p1|Chien-Pao, L50|\n|poke|p1|Ogerpon-Cornerstone, L50, F|\n|poke|p1|Thundurus, L50, M|\n|poke|p2|Calyrex-Shadow, L50|\n|poke|p2|Indeedee-F, L50, F|\n|poke|p2|Clefairy, L50, M|\n|poke|p2|Zamazenta-*, L50|\n|poke|p2|Tornadus, L50, M|\n|poke|p2|Comfey, L50, F|\n|teampreview|4\n|inactive|Battle timer is ON: inactive players will automatically lose when time's up. (requested by blackred123)\n|\n|t:|1768885511\n|teamsize|p1|4\n|teamsize|p2|4\n|start\n|switch|p1a: Koraidon|Koraidon, L50|100/100\n|switch|p1b: Chien-Pao|Chien-Pao, L50|100/100\n|switch|p2a: \u556a\u53fd\u556a\uff08\u6251\u51fb\u58f0\uff09|Zamazenta-Crowned, L50|100/100\n|switch|p2b: \u7d2b\u5c3e\u723d\u98de|Tornadus, L50, M|100/100\n|-ability|p1b: Chien-Pao|Sword of Ruin\n|-ability|p2a: \u556a\u53fd\u556a\uff08\u6251\u51fb\u58f0\uff09|Dauntless Shield|boost\n|-boost|p2a: \u556a\u53fd\u556a\uff08\u6251\u51fb\u58f0\uff09|def|1\n|-weather|SunnyDay|[from] ability: Orichalcum Pulse|[of] p1a: Koraidon\n|-activate|p1a: Koraidon|Orichalcum Pulse|[source]\n|turn|1\n|\n|t:|1768885529\n|-terastallize|p1a: Koraidon|Fire\n|move|p2b: \u7d2b\u5c3e\u723d\u98de|Rain Dance|p2b: \u7d2b\u5c3e\u723d\u98de\n|-weather|RainDance\n|move|p1b: Chien-Pao|Icicle Crash|p2b: \u7d2b\u5c3e\u723d\u98de\n|-supereffective|p2b: \u7d2b\u5c3e\u723d\u98de\n|-damage|p2b: \u7d2b\u5c3e\u723d\u98de|0 fnt\n|faint|p2b: \u7d2b\u5c3e\u723d\u98de\n|move|p2a: \u556a\u53fd\u556a\uff08\u6251\u51fb\u58f0\uff09|Body Press|p1b: Chien-Pao\n|-supereffective|p1b: Chien-Pao\n|-enditem|p1b: Chien-Pao|Focus Sash\n|-damage|p1b: Chien-Pao|1/100\n|move|p1a: Koraidon|Flare Blitz|p2a: \u556a\u53fd\u556a\uff08\u6251\u51fb\u58f0\uff09\n|-supereffective|p2a: \u556a\u53fd\u556a\uff08\u6251\u51fb\u58f0\uff09\n|-damage|p2a: \u556a\u53fd\u556a\uff08\u6251\u51fb\u58f0\uff09|65/100\n|-damage|p1a: Koraidon|90/100|[from] Recoil\n|\n|-weather|RainDance|[upkeep]\n|upkeep\n|\n|t:|1768885541\n|switch|p2b: \u5c41\u5c41|Clefairy, L50, M|100/100\n|turn|2\n|\n|t:|1768885560\n|switch|p1a: Zacian|Zacian-Crowned, L50|100/100\n|-ability|p1a: Zacian|Intrepid Sword|boost\n|-boost|p1a: Zacian|atk|1\n|move|p1b: Chien-Pao|Protect|p1b: Chien-Pao\n|-singleturn|p1b: Chien-Pao|Protect\n|move|p2b: \u5c41\u5c41|Follow Me|p2b: \u5c41\u5c41\n|-singleturn|p2b: \u5c41\u5c41|move: Follow Me\n|move|p2a: \u556a\u53fd\u556a\uff08\u6251\u51fb\u58f0\uff09|Body Press|p1b: Chien-Pao\n|-activate|p1b: Chien-Pao|move: Protect\n|\n|-weather|RainDance|[upkeep]\n|upkeep\n|turn|3\n|inactive|Jthepoke has 30 seconds left.\n|\n|t:|1768885590\n|move|p1a: Zacian|Behemoth Blade|p2b: \u5c41\u5c41\n|-supereffective|p2b: \u5c41\u5c41\n|-damage|p2b: \u5c41\u5c41|0 fnt\n|faint|p2b: \u5c41\u5c41\n|move|p1b: Chien-Pao|Icicle Crash|p2a: \u556a\u53fd\u556a\uff08\u6251\u51fb\u58f0\uff09\n|-resisted|p2a: \u556a\u53fd\u556a\uff08\u6251\u51fb\u58f0\uff09\n|-damage|p2a: \u556a\u53fd\u556a\uff08\u6251\u51fb\u58f0\uff09|53/100\n|move|p2a: \u556a\u53fd\u556a\uff08\u6251\u51fb\u58f0\uff09|Body Press|p1b: Chien-Pao\n|-supereffective|p1b: Chien-Pao\n|-damage|p1b: Chien-Pao|0 fnt\n|faint|p1b: Chien-Pao\n|\n|-weather|RainDance|[upkeep]\n|upkeep\n|\n|t:|1768885597\n|switch|p1b: Ogerpon|Ogerpon-Cornerstone, L50, F|100/100\n|switch|p2b: \u53f8\u9a6c|Calyrex-Shadow, L50|100/100\n|-ability|p2b: \u53f8\u9a6c|As One\n|-ability|p2b: \u53f8\u9a6c|Unnerve\n|turn|4\n|\n|t:|1768885612\n|-terastallize|p2b: \u53f8\u9a6c|Ghost\n|move|p2b: \u53f8\u9a6c|Astral Barrage|p1a: Zacian|[spread] p1a,p1b\n|-damage|p1a: Zacian|0 fnt\n|-ability|p1b: Ogerpon|Sturdy\n|-damage|p1b: Ogerpon|1/100\n|faint|p1a: Zacian\n|-ability|p2b: \u53f8\u9a6c|Grim Neigh|boost\n|-boost|p2b: \u53f8\u9a6c|spa|1\n|move|p1b: Ogerpon|Ivy Cudgel|p2b: \u53f8\u9a6c|[anim] Ivy Cudgel Rock\n|-crit|p2b: \u53f8\u9a6c\n|-damage|p2b: \u53f8\u9a6c|0 fnt\n|faint|p2b: \u53f8\u9a6c\n|move|p2a: \u556a\u53fd\u556a\uff08\u6251\u51fb\u58f0\uff09|Body Press|p1b: Ogerpon\n|-supereffective|p1b: Ogerpon\n|-damage|p1b: Ogerpon|0 fnt\n|faint|p1b: Ogerpon\n|\n|-weather|RainDance|[upkeep]\n|upkeep\n|\n|t:|1768885620\n|switch|p1b: Koraidon|Koraidon, L50, tera:Fire|90/100\n|-weather|SunnyDay|[from] ability: Orichalcum Pulse|[of] p1b: Koraidon\n|-activate|p1b: Koraidon|Orichalcum Pulse|[source]\n|turn|5\n|j| sithred8\n|-message|blackred123 forfeited.\n|\n|win|Jthepoke\n|raw|Jthepoke's rating: 1211 &rarr; <strong>1238</strong><br />(+27 for winning)\n|raw|blackred123's rating: 1233 &rarr; <strong>1206</strong><br />(-27 for losing)\n|l|\u2606blackred123\n|player|p2|\n|l|\u2606Jthepoke\n|player|p1|\n","uploadtime":1768885716,"views":12,"formatid":"gen9vgc2026regi","rating":1206,"private":0,"password":null}