{"id":"gen9vgc2026regi-2547735031","format":"[Gen 9] VGC 2026 Reg I","players":["Chadrola18","jepeg"],"log":"|j|\u2606Chadrola18\n|j|\u2606jepeg\n|t:|1772127042\n|gametype|doubles\n|player|p1|Chadrola18|steven|1354\n|player|p2|jepeg|beauty-gen4dp|1392\n|gen|9\n|tier|[Gen 9] VGC 2026 Reg I\n|rated|\n|rule|Species Clause: Limit one of each Pok\u00e9mon\n|rule|Item Clause: Limit 1 of each item\n|clearpoke\n|poke|p1|Lunala, L50|\n|poke|p1|Miraidon, L50|\n|poke|p1|Urshifu-*, L50, F|\n|poke|p1|Incineroar, L50, F|\n|poke|p1|Farigiraf, L50, M|\n|poke|p1|Flutter Mane, L50|\n|poke|p2|Calyrex-Ice, L50|\n|poke|p2|Annihilape, L50, F|\n|poke|p2|Oranguru, L50, F|\n|poke|p2|Miraidon, L50|\n|poke|p2|Ogerpon-Hearthflame, L50, F|\n|poke|p2|Bruxish, L50, F|\n|teampreview|4\n|inactive|Battle timer is ON: inactive players will automatically lose when time's up. (requested by Chadrola18)\n|inactive|Chadrola18 has 60 seconds left.\n|inactive|jepeg has 60 seconds left.\n|\n|t:|1772127077\n|teamsize|p1|4\n|teamsize|p2|4\n|start\n|switch|p1a: Miraidon|Miraidon, L50|100/100\n|switch|p1b: Flutter Mane|Flutter Mane, L50|100/100\n|switch|p2a: Miraidon|Miraidon, L50|100/100\n|switch|p2b: Oranguru|Oranguru, L50, F, shiny|100/100\n|-fieldstart|move: Electric Terrain|[from] ability: Hadron Engine|[of] p1a: Miraidon\n|-activate|p2a: Miraidon|ability: Hadron Engine\n|-enditem|p1b: Flutter Mane|Booster Energy\n|-activate|p1b: Flutter Mane|ability: Protosynthesis|[fromitem]\n|-start|p1b: Flutter Mane|protosynthesisspe\n|turn|1\n|\n|t:|1772127098\n|-terastallize|p1a: Miraidon|Fairy\n|-terastallize|p2b: Oranguru|Ground\n|move|p1b: Flutter Mane|Icy Wind|p2a: Miraidon|[spread] p2a,p2b\n|-supereffective|p2a: Miraidon\n|-supereffective|p2b: Oranguru\n|-damage|p2a: Miraidon|77/100\n|-damage|p2b: Oranguru|78/100\n|-unboost|p2a: Miraidon|spe|1\n|-unboost|p2b: Oranguru|spe|1\n|move|p1a: Miraidon|Dazzling Gleam|p2b: Oranguru|[spread] p2a,p2b\n|-supereffective|p2a: Miraidon\n|-damage|p2a: Miraidon|0 fnt\n|-damage|p2b: Oranguru|31/100\n|faint|p2a: Miraidon\n|move|p2b: Oranguru|Trick Room|p2b: Oranguru\n|-fieldstart|move: Trick Room|[of] p2b: Oranguru\n|\n|upkeep\n|\n|t:|1772127110\n|switch|p2a: Calyrex|Calyrex-Ice, L50|100/100\n|-ability|p2a: Calyrex|As One\n|-ability|p2a: Calyrex|Unnerve\n|turn|2\n|\n|t:|1772127127\n|switch|p1a: Incineroar|Incineroar, L50, F|100/100\n|-ability|p1a: Incineroar|Intimidate|boost\n|-fail|p2a: Calyrex|unboost|[from] item: Clear Amulet|[of] p2a: Calyrex\n|-fail|p2b: Oranguru|unboost|Attack|[from] ability: Inner Focus|[of] p2b: Oranguru\n|move|p1b: Flutter Mane|Protect|p1b: Flutter Mane\n|-singleturn|p1b: Flutter Mane|Protect\n|move|p2b: Oranguru|Encore|p1b: Flutter Mane\n|-activate|p1b: Flutter Mane|move: Protect\n|move|p2a: Calyrex|Glacial Lance|p1a: Incineroar|[spread] p1a\n|-activate|p1b: Flutter Mane|move: Protect\n|-resisted|p1a: Incineroar\n|-damage|p1a: Incineroar|80/100\n|\n|upkeep\n|turn|3\n|\n|t:|1772127150\n|switch|p2b: Bruxish|Bruxish, L50, F, shiny|100/100\n|-end|p1b: Flutter Mane|Protosynthesis|[silent]\n|switch|p1b: Lunala|Lunala, L50|100/100\n|move|p1a: Incineroar|Fake Out||[still]\n|cant|p2b: Bruxish|ability: Dazzling|Fake Out|[of] p1a: Incineroar\n|move|p2a: Calyrex|Glacial Lance|p1a: Incineroar|[spread] p1a,p1b\n|-resisted|p1a: Incineroar\n|-damage|p1a: Incineroar|59/100\n|-damage|p1b: Lunala|81/100\n|\n|-heal|p1b: Lunala|87/100|[from] item: Leftovers\n|upkeep\n|turn|4\n|\n|t:|1772127170\n|move|p1b: Lunala|Protect|p1b: Lunala\n|-singleturn|p1b: Lunala|Protect\n|move|p2b: Bruxish|Wave Crash|p1a: Incineroar\n|-supereffective|p1a: Incineroar\n|-damage|p1a: Incineroar|0 fnt\n|faint|p1a: Incineroar\n|-damage|p2b: Bruxish|77/100|[from] Recoil\n|move|p2a: Calyrex|High Horsepower|p1b: Lunala\n|-activate|p1b: Lunala|move: Protect\n|\n|-heal|p1b: Lunala|93/100|[from] item: Leftovers\n|upkeep\n|\n|t:|1772127178\n|switch|p1a: Flutter Mane|Flutter Mane, L50|100/100\n|turn|5\n|j| ScaryObongo\n|inactive|jepeg has 30 seconds left.\n|\n|t:|1772127209\n|switch|p2b: Oranguru|Oranguru, L50, F, shiny, tera:Ground|31/100\n|move|p1a: Flutter Mane|Protect|p1a: Flutter Mane\n|-singleturn|p1a: Flutter Mane|Protect\n|move|p2a: Calyrex|Glacial Lance|p1a: Flutter Mane|[spread] p1b\n|-activate|p1a: Flutter Mane|move: Protect\n|-damage|p1b: Lunala|49/100\n|move|p1b: Lunala|Moongeist Beam|p2a: Calyrex\n|-supereffective|p2a: Calyrex\n|-damage|p2a: Calyrex|33/100\n|\n|-heal|p1b: Lunala|56/100|[from] item: Leftovers\n|-fieldend|move: Trick Room\n|-fieldend|move: Electric Terrain\n|upkeep\n|turn|6\n|inactive|Chadrola18 has 30 seconds left.\n|inactive|jepeg has 30 seconds left.\n|\n|t:|1772127236\n|move|p1a: Flutter Mane|Moonblast|p2b: Oranguru\n|-damage|p2b: Oranguru|0 fnt\n|faint|p2b: Oranguru\n|move|p1b: Lunala|Moongeist Beam|p2a: Calyrex\n|-supereffective|p2a: Calyrex\n|-damage|p2a: Calyrex|0 fnt\n|faint|p2a: Calyrex\n|\n|-heal|p1b: Lunala|62/100|[from] item: Leftovers\n|upkeep\n|-message|jepeg forfeited.\n|\n|win|Chadrola18\n|raw|Chadrola18's rating: 1354 &rarr; <strong>1376</strong><br />(+22 for winning)\n|raw|jepeg's rating: 1392 &rarr; <strong>1370</strong><br />(-22 for losing)\n|l|\u2606jepeg\n|player|p2|\n|l|\u2606Chadrola18\n|player|p1|\n|l| ScaryObongo\n","uploadtime":1772127464,"views":21,"formatid":"gen9vgc2026regi","rating":1370,"private":0,"password":null}