{"id":"gen9vgc2026regi-2562936237","format":"[Gen 9] VGC 2026 Reg I","players":["magoromon","inXuman"],"log":"|j|\u2606magoromon\n|j|\u2606inXuman\n|t:|1773964444\n|gametype|doubles\n|player|p1|magoromon|lance|1101\n|player|p2|inXuman|shadowtriad|1147\n|gen|9\n|tier|[Gen 9] VGC 2026 Reg I\n|rated|\n|rule|Species Clause: Limit one of each Pok\u00e9mon\n|rule|Item Clause: Limit 1 of each item\n|clearpoke\n|poke|p1|Kyogre, L50|\n|poke|p1|Calyrex-Ice, L50|\n|poke|p1|Rillaboom, L50, M|\n|poke|p1|Urshifu-*, L50, F|\n|poke|p1|Flutter Mane, L50|\n|poke|p1|Amoonguss, L50, M|\n|poke|p2|Miraidon, L50|\n|poke|p2|Calyrex-Ice, L50|\n|poke|p2|Ditto, L50|\n|poke|p2|Farigiraf, L50, F|\n|poke|p2|Iron Hands, L50|\n|poke|p2|Volcarona, L50, M|\n|teampreview|4\n|\n|t:|1773964476\n|teamsize|p1|4\n|teamsize|p2|4\n|start\n|switch|p1a: Calyrex|Calyrex-Ice, L50|100/100\n|switch|p1b: Amoonguss|Amoonguss, L50, M|100/100\n|switch|p2a: Volcarona|Volcarona, L50, M|100/100\n|switch|p2b: Miraidon|Miraidon, L50, shiny|100/100\n|-ability|p1a: Calyrex|As One\n|-ability|p1a: Calyrex|Unnerve\n|-fieldstart|move: Electric Terrain|[from] ability: Hadron Engine|[of] p2b: Miraidon\n|turn|1\n|\n|t:|1773964495\n|switch|p1b: Rillaboom|Rillaboom, L50, M|100/100\n|-fieldstart|move: Grassy Terrain|[from] ability: Grassy Surge|[of] p1b: Rillaboom\n|-terastallize|p1a: Calyrex|Fairy\n|move|p2b: Miraidon|Volt Switch|p1a: Calyrex\n|-damage|p1a: Calyrex|64/100\n|\n|t:|1773964503\n|switch|p2b: Farigiraf|Farigiraf, L50, F|100/100|[from] Volt Switch\n|move|p2a: Volcarona|Will-O-Wisp|p1a: Calyrex\n|-status|p1a: Calyrex|brn\n|move|p1a: Calyrex|Trick Room|p1a: Calyrex\n|-fieldstart|move: Trick Room|[of] p1a: Calyrex\n|\n|-heal|p1a: Calyrex|70/100 brn|[from] Grassy Terrain\n|-heal|p1a: Calyrex|75/100 brn|[from] item: Leftovers\n|-damage|p1a: Calyrex|70/100 brn|[from] brn\n|upkeep\n|turn|2\n|\n|t:|1773964522\n|move|p1a: Calyrex|Leech Seed|p2b: Farigiraf\n|-start|p2b: Farigiraf|move: Leech Seed\n|move|p1b: Rillaboom|U-turn|p2b: Farigiraf\n|-supereffective|p2b: Farigiraf\n|-damage|p2b: Farigiraf|63/100\n|\n|t:|1773964530\n|switch|p1b: Kyogre|Kyogre, L50|100/100|[from] U-turn\n|-weather|RainDance|[from] ability: Drizzle|[of] p1b: Kyogre\n|move|p2a: Volcarona|Fiery Dance|p1b: Kyogre\n|-resisted|p1b: Kyogre\n|-damage|p1b: Kyogre|95/100\n|move|p2b: Farigiraf|Trick Room|p2b: Farigiraf\n|-fieldend|move: Trick Room\n|\n|-weather|RainDance|[upkeep]\n|-heal|p1b: Kyogre|100/100|[from] Grassy Terrain\n|-heal|p2b: Farigiraf|69/100|[from] Grassy Terrain\n|-heal|p1a: Calyrex|75/100 brn|[from] Grassy Terrain\n|-heal|p1a: Calyrex|81/100 brn|[from] item: Leftovers\n|-damage|p2b: Farigiraf|57/100|[from] Leech Seed|[of] p1a: Calyrex\n|-heal|p1a: Calyrex|94/100 brn|[silent]\n|-damage|p1a: Calyrex|88/100 brn|[from] brn\n|upkeep\n|turn|3\n|\n|t:|1773964561\n|move|p2a: Volcarona|Struggle Bug|p1a: Calyrex|[spread] p1a,p1b\n|-resisted|p1a: Calyrex\n|-damage|p1a: Calyrex|83/100 brn\n|-damage|p1b: Kyogre|89/100\n|-unboost|p1a: Calyrex|spa|1\n|-unboost|p1b: Kyogre|spa|1\n|move|p1b: Kyogre|Origin Pulse|p2a: Volcarona|[spread] p2b\n|-miss|p1b: Kyogre|p2a: Volcarona\n|-damage|p2b: Farigiraf|4/100\n|move|p2b: Farigiraf|Psychic|p1b: Kyogre\n|-damage|p1b: Kyogre|64/100\n|move|p1a: Calyrex|Trick Room|p1a: Calyrex\n|-fieldstart|move: Trick Room|[of] p1a: Calyrex\n|\n|-weather|RainDance|[upkeep]\n|-heal|p1a: Calyrex|89/100 brn|[from] Grassy Terrain\n|-heal|p1a: Calyrex|95/100 brn|[from] item: Leftovers\n|-heal|p2b: Farigiraf|10/100|[from] Grassy Terrain\n|-heal|p1b: Kyogre|70/100|[from] Grassy Terrain\n|-damage|p2b: Farigiraf|0 fnt|[from] Leech Seed|[of] p1a: Calyrex\n|-heal|p1a: Calyrex|100/100 brn|[silent]\n|faint|p2b: Farigiraf\n|-damage|p1a: Calyrex|95/100 brn|[from] brn\n|upkeep\n|\n|t:|1773964573\n|switch|p2b: Calyrex|Calyrex-Ice, L50|100/100\n|-ability|p2b: Calyrex|As One\n|-ability|p2b: Calyrex|Unnerve\n|turn|4\n|\n|t:|1773964625\n|-terastallize|p2a: Volcarona|Water\n|move|p2b: Calyrex|Protect|p2b: Calyrex\n|-singleturn|p2b: Calyrex|Protect\n|move|p1a: Calyrex|Leech Seed|p2b: Calyrex\n|-activate|p2b: Calyrex|move: Protect\n|move|p1b: Kyogre|Origin Pulse|p2b: Calyrex|[spread] \n|-activate|p2b: Calyrex|move: Protect\n|-miss|p1b: Kyogre|p2a: Volcarona\n|move|p2a: Volcarona|Struggle Bug|p1b: Kyogre|[spread] p1a,p1b\n|-resisted|p1a: Calyrex\n|-damage|p1a: Calyrex|89/100 brn\n|-damage|p1b: Kyogre|57/100\n|-unboost|p1a: Calyrex|spa|1\n|-unboost|p1b: Kyogre|spa|1\n|\n|-weather|RainDance|[upkeep]\n|-heal|p1a: Calyrex|95/100 brn|[from] Grassy Terrain\n|-heal|p1a: Calyrex|100/100 brn|[from] item: Leftovers\n|-heal|p1b: Kyogre|63/100|[from] Grassy Terrain\n|-damage|p1a: Calyrex|95/100 brn|[from] brn\n|upkeep\n|turn|5\n|\n|t:|1773964653\n|switch|p1b: Amoonguss|Amoonguss, L50, M|100/100\n|move|p1a: Calyrex|Leech Seed|p2b: Calyrex\n|-start|p2b: Calyrex|move: Leech Seed\n|move|p2b: Calyrex|Leech Seed|p1a: Calyrex\n|-start|p1a: Calyrex|move: Leech Seed\n|move|p2a: Volcarona|Struggle Bug|p1a: Calyrex|[spread] p1a,p1b\n|-resisted|p1a: Calyrex\n|-damage|p1a: Calyrex|89/100 brn\n|-damage|p1b: Amoonguss|87/100\n|-unboost|p1a: Calyrex|spa|1\n|-unboost|p1b: Amoonguss|spa|1\n|\n|-weather|RainDance|[upkeep]\n|-heal|p1b: Amoonguss|93/100|[from] Grassy Terrain\n|-heal|p1a: Calyrex|95/100 brn|[from] Grassy Terrain\n|-heal|p1a: Calyrex|100/100 brn|[from] item: Leftovers\n|-damage|p1a: Calyrex|88/100 brn|[from] Leech Seed|[of] p2b: Calyrex\n|-damage|p2b: Calyrex|88/100|[from] Leech Seed|[of] p1a: Calyrex\n|-heal|p1a: Calyrex|100/100 brn|[silent]\n|-damage|p1a: Calyrex|95/100 brn|[from] brn\n|-fieldend|move: Grassy Terrain\n|upkeep\n|turn|6\n|\n|t:|1773964679\n|switch|p2a: Miraidon|Miraidon, L50, shiny|100/100\n|-fieldstart|move: Electric Terrain|[from] ability: Hadron Engine|[of] p2a: Miraidon\n|move|p1b: Amoonguss|Spore|p2b: Calyrex\n|-activate|p2b: Calyrex|move: Electric Terrain\n|move|p1a: Calyrex|Leech Seed|p2a: Miraidon|[miss]\n|-miss|p1a: Calyrex|p2a: Miraidon\n|move|p2b: Calyrex|Glacial Lance|p1a: Calyrex|[spread] p1a,p1b\n|-supereffective|p1b: Amoonguss\n|-damage|p1a: Calyrex|68/100 brn\n|-damage|p1b: Amoonguss|0 fnt\n|faint|p1b: Amoonguss\n|-ability|p2b: Calyrex|Chilling Neigh|boost\n|-boost|p2b: Calyrex|atk|1\n|\n|-weather|none\n|-heal|p1a: Calyrex|74/100 brn|[from] item: Leftovers\n|-heal|p2b: Calyrex|94/100|[from] item: Leftovers\n|-damage|p1a: Calyrex|62/100 brn|[from] Leech Seed|[of] p2b: Calyrex\n|-heal|p2b: Calyrex|100/100|[silent]\n|-damage|p2b: Calyrex|88/100|[from] Leech Seed|[of] p1a: Calyrex\n|-heal|p1a: Calyrex|74/100 brn|[silent]\n|-damage|p1a: Calyrex|68/100 brn|[from] brn\n|upkeep\n|\n|t:|1773964690\n|switch|p1b: Rillaboom|Rillaboom, L50, M|100/100\n|-fieldstart|move: Grassy Terrain|[from] ability: Grassy Surge|[of] p1b: Rillaboom\n|turn|7\n|\n|t:|1773964708\n|switch|p2a: Volcarona|Volcarona, L50, M, tera:Water|100/100\n|move|p2b: Calyrex|Protect|p2b: Calyrex\n|-singleturn|p2b: Calyrex|Protect\n|move|p1a: Calyrex|Glacial Lance|p2a: Volcarona|[spread] p2a\n|-activate|p2b: Calyrex|move: Protect\n|-resisted|p2a: Volcarona\n|-damage|p2a: Volcarona|86/100\n|move|p1b: Rillaboom|U-turn|p2a: Volcarona\n|-damage|p2a: Volcarona|62/100\n|-damage|p1b: Rillaboom|84/100|[from] item: Rocky Helmet|[of] p2a: Volcarona\n|\n|t:|1773964719\n|switch|p1b: Kyogre|Kyogre, L50|63/100|[from] U-turn\n|-weather|RainDance|[from] ability: Drizzle|[of] p1b: Kyogre\n|\n|-weather|RainDance|[upkeep]\n|-heal|p1a: Calyrex|74/100 brn|[from] Grassy Terrain\n|-heal|p1a: Calyrex|80/100 brn|[from] item: Leftovers\n|-heal|p2b: Calyrex|94/100|[from] Grassy Terrain\n|-heal|p2b: Calyrex|99/100|[from] item: Leftovers\n|-heal|p1b: Kyogre|69/100|[from] Grassy Terrain\n|-heal|p2a: Volcarona|68/100|[from] Grassy Terrain\n|-damage|p1a: Calyrex|68/100 brn|[from] Leech Seed|[of] p2b: Calyrex\n|-heal|p2b: Calyrex|100/100|[silent]\n|-damage|p2b: Calyrex|88/100|[from] Leech Seed|[of] p1a: Calyrex\n|-heal|p1a: Calyrex|80/100 brn|[silent]\n|-damage|p1a: Calyrex|74/100 brn|[from] brn\n|-fieldend|move: Trick Room\n|upkeep\n|turn|8\n|\n|t:|1773964731\n|move|p2a: Volcarona|Struggle Bug|p1a: Calyrex|[spread] p1a,p1b\n|-resisted|p1a: Calyrex\n|-damage|p1a: Calyrex|69/100 brn\n|-damage|p1b: Kyogre|56/100\n|-unboost|p1a: Calyrex|spa|1\n|-unboost|p1b: Kyogre|spa|1\n|move|p1b: Kyogre|Origin Pulse|p2b: Calyrex|[spread] p2a,p2b\n|-resisted|p2a: Volcarona\n|-damage|p2a: Volcarona|42/100\n|-damage|p2b: Calyrex|54/100\n|move|p2b: Calyrex|Glacial Lance|p1b: Kyogre|[spread] p1a,p1b\n|-resisted|p1b: Kyogre\n|-damage|p1a: Calyrex|26/100 brn\n|-damage|p1b: Kyogre|12/100\n|move|p1a: Calyrex|Trick Room|p1a: Calyrex\n|-fieldstart|move: Trick Room|[of] p1a: Calyrex\n|\n|-weather|RainDance|[upkeep]\n|-heal|p1a: Calyrex|32/100 brn|[from] Grassy Terrain\n|-heal|p1a: Calyrex|38/100 brn|[from] item: Leftovers\n|-heal|p2b: Calyrex|59/100|[from] Grassy Terrain\n|-heal|p2b: Calyrex|65/100|[from] item: Leftovers\n|-heal|p1b: Kyogre|18/100|[from] Grassy Terrain\n|-heal|p2a: Volcarona|48/100|[from] Grassy Terrain\n|-damage|p1a: Calyrex|26/100 brn|[from] Leech Seed|[of] p2b: Calyrex\n|-heal|p2b: Calyrex|77/100|[silent]\n|-damage|p2b: Calyrex|65/100|[from] Leech Seed|[of] p1a: Calyrex\n|-heal|p1a: Calyrex|38/100 brn|[silent]\n|-damage|p1a: Calyrex|32/100 brn|[from] brn\n|upkeep\n|turn|9\n|\n|t:|1773964755\n|move|p1b: Kyogre|Protect|p1b: Kyogre\n|-singleturn|p1b: Kyogre|Protect\n|move|p1a: Calyrex|Leech Seed|p2a: Volcarona\n|-start|p2a: Volcarona|move: Leech Seed\n|move|p2b: Calyrex|Glacial Lance|p1b: Kyogre|[spread] p1a\n|-activate|p1b: Kyogre|move: Protect\n|-damage|p1a: Calyrex|0 fnt\n|faint|p1a: Calyrex\n|-ability|p2b: Calyrex|Chilling Neigh|boost\n|-boost|p2b: Calyrex|atk|1\n|move|p2a: Volcarona|Struggle Bug|p1b: Kyogre\n|-activate|p1b: Kyogre|move: Protect\n|\n|-weather|RainDance|[upkeep]\n|-heal|p2b: Calyrex|71/100|[from] Grassy Terrain\n|-heal|p2b: Calyrex|77/100|[from] item: Leftovers\n|-heal|p1b: Kyogre|24/100|[from] Grassy Terrain\n|-heal|p2a: Volcarona|54/100|[from] Grassy Terrain\n|upkeep\n|\n|t:|1773964763\n|switch|p1a: Rillaboom|Rillaboom, L50, M|84/100\n|turn|10\n|\n|t:|1773964776\n|switch|p2a: Miraidon|Miraidon, L50, shiny|100/100\n|-fieldstart|move: Electric Terrain|[from] ability: Hadron Engine|[of] p2a: Miraidon\n|move|p2b: Calyrex|Protect|p2b: Calyrex\n|-singleturn|p2b: Calyrex|Protect\n|move|p1a: Rillaboom|Fake Out|p2b: Calyrex\n|-activate|p2b: Calyrex|move: Protect\n|move|p1b: Kyogre|Hydro Pump|p2a: Miraidon\n|-resisted|p2a: Miraidon\n|-damage|p2a: Miraidon|66/100\n|\n|-weather|RainDance|[upkeep]\n|-heal|p2b: Calyrex|83/100|[from] item: Leftovers\n|-damage|p2b: Calyrex|71/100|[from] Leech Seed|[of] p1a: Rillaboom\n|-heal|p1a: Rillaboom|97/100|[silent]\n|upkeep\n|turn|11\n|-message|magoromon forfeited.\n|\n|win|inXuman\n|raw|magoromon's rating: 1101 &rarr; <strong>1079</strong><br />(-22 for losing)\n|raw|inXuman's rating: 1147 &rarr; <strong>1169</strong><br />(+22 for winning)\n","uploadtime":1773964787,"views":19,"formatid":"gen9vgc2026regi","rating":1079,"private":0,"password":null}