{"id":"gen9vgc2026regi-2580731523","format":"[Gen 9] VGC 2026 Reg I","players":["TheNamesBetty","sunny_zong4"],"log":"|j|\u2606TheNamesBetty\n|j|\u2606sunny_zong4\n|t:|1775927899\n|gametype|doubles\n|player|p1|TheNamesBetty|koga|1313\n|player|p2|sunny_zong4|2|1415\n|gen|9\n|tier|[Gen 9] VGC 2026 Reg I\n|rated|\n|rule|Species Clause: Limit one of each Pok\u00e9mon\n|rule|Item Clause: Limit 1 of each item\n|clearpoke\n|poke|p1|Calyrex-Shadow, L50|\n|poke|p1|Electabuzz, L50, F|\n|poke|p1|Dewgong, L50, M|\n|poke|p1|Chi-Yu, L50|\n|poke|p1|Flutter Mane, L50|\n|poke|p1|Koraidon, L50|\n|poke|p2|Grimmsnarl, L50, M|\n|poke|p2|Miraidon, L50|\n|poke|p2|Groudon, L50|\n|poke|p2|Wo-Chien, L50|\n|poke|p2|Ting-Lu, L50|\n|poke|p2|Landorus-Therian, L50, M|\n|teampreview|4\n|inactive|Battle timer is ON: inactive players will automatically lose when time's up. (requested by sunny_zong4)\n|inactive|sunny_zong4 has 60 seconds left.\n|\n|t:|1775927940\n|teamsize|p1|4\n|teamsize|p2|4\n|start\n|switch|p1a: It's|Koraidon, L50|100/100\n|switch|p1b: Wingardium|Flutter Mane, L50|100/100\n|switch|p2a: Wo-Chien|Wo-Chien, L50|100/100\n|switch|p2b: Grimmsnarl|Grimmsnarl, L50, M|100/100\n|-weather|SunnyDay|[from] ability: Orichalcum Pulse|[of] p1a: It's\n|-activate|p1b: Wingardium|ability: Protosynthesis\n|-start|p1b: Wingardium|protosynthesisspe\n|-activate|p1a: It's|Orichalcum Pulse|[source]\n|-ability|p2a: Wo-Chien|Tablets of Ruin\n|turn|1\n|\n|t:|1775927951\n|move|p2a: Wo-Chien|Protect|p2a: Wo-Chien\n|-singleturn|p2a: Wo-Chien|Protect\n|move|p2b: Grimmsnarl|Reflect|p2b: Grimmsnarl\n|-sidestart|p2: sunny_zong4|Reflect\n|move|p1b: Wingardium|Moonblast|p2b: Grimmsnarl\n|-supereffective|p2b: Grimmsnarl\n|-damage|p2b: Grimmsnarl|25/100\n|move|p1a: It's|Flame Charge|p2b: Grimmsnarl\n|-damage|p2b: Grimmsnarl|1/100\n|-boost|p1a: It's|spe|1\n|\n|-weather|SunnyDay|[upkeep]\n|upkeep\n|turn|2\n|\n|t:|1775927969\n|-terastallize|p2a: Wo-Chien|Water\n|move|p1a: It's|Protect|p1a: It's\n|-singleturn|p1a: It's|Protect\n|move|p2b: Grimmsnarl|Light Screen|p2b: Grimmsnarl\n|-sidestart|p2: sunny_zong4|move: Light Screen\n|move|p1b: Wingardium|Icy Wind|p2b: Grimmsnarl|[spread] p2a,p2b\n|-resisted|p2a: Wo-Chien\n|-crit|p2a: Wo-Chien\n|-damage|p2a: Wo-Chien|95/100\n|-damage|p2b: Grimmsnarl|0 fnt\n|-unboost|p2a: Wo-Chien|spe|1\n|faint|p2b: Grimmsnarl\n|move|p2a: Wo-Chien|Snarl|p1b: Wingardium|[spread] p1b\n|-activate|p1a: It's|move: Protect\n|-damage|p1b: Wingardium|87/100\n|-unboost|p1b: Wingardium|spa|1\n|\n|-weather|SunnyDay|[upkeep]\n|-heal|p2a: Wo-Chien|100/100|[from] item: Leftovers\n|upkeep\n|\n|t:|1775927978\n|switch|p2b: Ting-Lu|Ting-Lu, L50|100/100\n|-ability|p2b: Ting-Lu|Vessel of Ruin\n|turn|3\n|\n|t:|1775928002\n|move|p1a: It's|Close Combat|p2b: Ting-Lu\n|-supereffective|p2b: Ting-Lu\n|-damage|p2b: Ting-Lu|62/100\n|-unboost|p1a: It's|def|1\n|-unboost|p1a: It's|spd|1\n|move|p1b: Wingardium|Moonblast|p2b: Ting-Lu\n|-supereffective|p2b: Ting-Lu\n|-damage|p2b: Ting-Lu|34/100\n|move|p2a: Wo-Chien|Leech Seed|p1a: It's\n|-start|p1a: It's|move: Leech Seed\n|move|p2b: Ting-Lu|Sand Tomb|p1a: It's\n|-damage|p1a: It's|87/100\n|-activate|p1a: It's|move: Sand Tomb|[of] p2b: Ting-Lu\n|\n|-weather|SunnyDay|[upkeep]\n|-damage|p1a: It's|74/100|[from] Leech Seed|[of] p2a: Wo-Chien\n|-damage|p1a: It's|62/100|[from] move: Sand Tomb|[partiallytrapped]\n|upkeep\n|turn|4\n|inactive|TheNamesBetty has 30 seconds left.\n|inactive|TheNamesBetty has 20 seconds left.\n|\n|t:|1775928041\n|-end|p1b: Wingardium|Protosynthesis|[silent]\n|switch|p1b: Leviooosa|Chi-Yu, L50|100/100\n|-ability|p1b: Leviooosa|Beads of Ruin\n|move|p2b: Ting-Lu|Protect|p2b: Ting-Lu\n|-singleturn|p2b: Ting-Lu|Protect\n|move|p1a: It's|Close Combat|p2b: Ting-Lu\n|-activate|p2b: Ting-Lu|move: Protect\n|move|p2a: Wo-Chien|Leech Seed|p1b: Leviooosa\n|-start|p1b: Leviooosa|move: Leech Seed\n|\n|-weather|SunnyDay|[upkeep]\n|-damage|p1a: It's|49/100|[from] Leech Seed|[of] p2a: Wo-Chien\n|-damage|p1b: Leviooosa|88/100|[from] Leech Seed|[of] p2a: Wo-Chien\n|-damage|p1a: It's|37/100|[from] move: Sand Tomb|[partiallytrapped]\n|upkeep\n|turn|5\n|\n|t:|1775928064\n|switch|p1b: Wingardium|Flutter Mane, L50|87/100\n|-activate|p1b: Wingardium|ability: Protosynthesis\n|-start|p1b: Wingardium|protosynthesisspe\n|switch|p2b: Groudon|Groudon, L50|100/100\n|move|p1a: It's|Close Combat|p2b: Groudon\n|-damage|p2b: Groudon|74/100\n|-unboost|p1a: It's|def|1\n|-unboost|p1a: It's|spd|1\n|move|p2a: Wo-Chien|Snarl|p1b: Wingardium|[spread] p1a,p1b\n|-resisted|p1a: It's\n|-damage|p1a: It's|23/100\n|-damage|p1b: Wingardium|72/100\n|-unboost|p1b: Wingardium|spa|1\n|\n|-weather|none\n|-end|p1b: Wingardium|Protosynthesis\n|-damage|p1a: It's|10/100|[from] Leech Seed|[of] p2a: Wo-Chien\n|-end|p1a: It's|Sand Tomb|[partiallytrapped]|[silent]\n|upkeep\n|turn|6\n|inactive|TheNamesBetty has 30 seconds left.\n|inactive|sunny_zong4 has 30 seconds left.\n|\n|t:|1775928097\n|switch|p2b: Ting-Lu|Ting-Lu, L50|34/100\n|-ability|p2b: Ting-Lu|Vessel of Ruin\n|move|p1a: It's|Flare Blitz|p2b: Ting-Lu\n|-damage|p2b: Ting-Lu|25/100\n|-damage|p1a: It's|6/100|[from] Recoil\n|move|p1b: Wingardium|Moonblast|p2b: Ting-Lu\n|-supereffective|p2b: Ting-Lu\n|-damage|p2b: Ting-Lu|0 fnt\n|faint|p2b: Ting-Lu\n|move|p2a: Wo-Chien|Leech Seed|p1b: Wingardium\n|-start|p1b: Wingardium|move: Leech Seed\n|\n|-damage|p1a: It's|0 fnt|[from] Leech Seed|[of] p2a: Wo-Chien\n|faint|p1a: It's\n|-damage|p1b: Wingardium|60/100|[from] Leech Seed|[of] p2a: Wo-Chien\n|upkeep\n|\n|t:|1775928110\n|switch|p1a: Leviooosa|Chi-Yu, L50|88/100\n|switch|p2b: Groudon|Groudon, L50|74/100\n|-ability|p1a: Leviooosa|Beads of Ruin\n|-weather|SunnyDay|[from] ability: Drought|[of] p2b: Groudon\n|-activate|p1b: Wingardium|ability: Protosynthesis\n|-start|p1b: Wingardium|protosynthesisspe\n|turn|7\n|\n|t:|1775928127\n|-end|p1b: Wingardium|Protosynthesis|[silent]\n|switch|p1b: Kedluben|Calyrex-Shadow, L50|100/100\n|-ability|p1b: Kedluben|As One\n|-ability|p1b: Kedluben|Unnerve\n|move|p1a: Leviooosa|Overheat|p2b: Groudon\n|-damage|p2b: Groudon|14/100\n|-unboost|p1a: Leviooosa|spa|2\n|move|p2b: Groudon|Precipice Blades|p1a: Leviooosa|[spread] p1a,p1b\n|-supereffective|p1a: Leviooosa\n|-damage|p1a: Leviooosa|0 fnt\n|-damage|p1b: Kedluben|52/100\n|faint|p1a: Leviooosa\n|move|p2a: Wo-Chien|Leech Seed|p1b: Kedluben\n|-start|p1b: Kedluben|move: Leech Seed\n|\n|-weather|SunnyDay|[upkeep]\n|-damage|p1b: Kedluben|40/100|[from] Leech Seed|[of] p2a: Wo-Chien\n|upkeep\n|\n|t:|1775928135\n|switch|p1a: Wingardium|Flutter Mane, L50|60/100\n|-activate|p1a: Wingardium|ability: Protosynthesis\n|-start|p1a: Wingardium|protosynthesisspe\n|turn|8\n|\n|t:|1775928151\n|-terastallize|p1b: Kedluben|Dark\n|move|p1a: Wingardium|Moonblast|p2a: Wo-Chien\n|-damage|p2a: Wo-Chien|81/100\n|move|p1b: Kedluben|Astral Barrage|p2b: Groudon|[spread] p2a,p2b\n|-damage|p2a: Wo-Chien|55/100\n|-damage|p2b: Groudon|0 fnt\n|faint|p2b: Groudon\n|-ability|p1b: Kedluben|Grim Neigh|boost\n|-boost|p1b: Kedluben|spa|1\n|-damage|p1b: Kedluben|31/100|[from] item: Life Orb\n|move|p2a: Wo-Chien|Snarl|p1b: Kedluben|[spread] p1a,p1b\n|-resisted|p1b: Kedluben\n|-damage|p1a: Wingardium|46/100\n|-damage|p1b: Kedluben|24/100\n|-unboost|p1a: Wingardium|spa|1\n|-unboost|p1b: Kedluben|spa|1\n|\n|-weather|SunnyDay|[upkeep]\n|-heal|p2a: Wo-Chien|61/100|[from] item: Leftovers\n|-damage|p1b: Kedluben|12/100|[from] Leech Seed|[of] p2a: Wo-Chien\n|-heal|p2a: Wo-Chien|72/100|[silent]\n|-sideend|p2: sunny_zong4|Reflect\n|upkeep\n|turn|9\n|\n|t:|1775928171\n|move|p2a: Wo-Chien|Protect|p2a: Wo-Chien\n|-singleturn|p2a: Wo-Chien|Protect\n|move|p1a: Wingardium|Moonblast|p2a: Wo-Chien\n|-activate|p2a: Wo-Chien|move: Protect\n|move|p1b: Kedluben|Nasty Plot|p1b: Kedluben\n|-boost|p1b: Kedluben|spa|2\n|\n|-weather|SunnyDay|[upkeep]\n|-heal|p2a: Wo-Chien|79/100|[from] item: Leftovers\n|-damage|p1b: Kedluben|0 fnt|[from] Leech Seed|[of] p2a: Wo-Chien\n|-heal|p2a: Wo-Chien|89/100|[silent]\n|faint|p1b: Kedluben\n|-sideend|p2: sunny_zong4|move: Light Screen\n|upkeep\n|turn|10\n|c|\u2606TheNamesBetty|Gg\n|c|\u2606sunny_zong4|ct?\n|c|\u2606TheNamesBetty|?\n|c|\u2606sunny_zong4|if CT\n|inactive|TheNamesBetty has 30 seconds left.\n|\n|t:|1775928198\n|move|p1a: Wingardium|Moonblast|p2a: Wo-Chien\n|-damage|p2a: Wo-Chien|69/100\n|-unboost|p2a: Wo-Chien|spa|1\n|move|p2a: Wo-Chien|Leech Seed|p1a: Wingardium\n|-start|p1a: Wingardium|move: Leech Seed\n|\n|-weather|SunnyDay|[upkeep]\n|-heal|p2a: Wo-Chien|75/100|[from] item: Leftovers\n|-damage|p1a: Wingardium|33/100|[from] Leech Seed|[of] p2a: Wo-Chien\n|-heal|p2a: Wo-Chien|83/100|[silent]\n|upkeep\n|turn|11\n|c|\u2606sunny_zong4|GG\n|c|\u2606TheNamesBetty|What is CT?\n|\n|t:|1775928222\n|move|p2a: Wo-Chien|Protect|p2a: Wo-Chien\n|-singleturn|p2a: Wo-Chien|Protect\n|move|p1a: Wingardium|Moonblast|p2a: Wo-Chien\n|-activate|p2a: Wo-Chien|move: Protect\n|\n|-weather|none\n|-end|p1a: Wingardium|Protosynthesis\n|-heal|p2a: Wo-Chien|90/100|[from] item: Leftovers\n|-damage|p1a: Wingardium|21/100|[from] Leech Seed|[of] p2a: Wo-Chien\n|-heal|p2a: Wo-Chien|98/100|[silent]\n|upkeep\n|turn|12\n|c|\u2606sunny_zong4|Hit the vital point\n|\n|t:|1775928246\n|move|p1a: Wingardium|Moonblast|p2a: Wo-Chien\n|-damage|p2a: Wo-Chien|80/100\n|move|p2a: Wo-Chien|Snarl|p1a: Wingardium|[miss]\n|-miss|p2a: Wo-Chien|p1a: Wingardium\n|\n|-heal|p2a: Wo-Chien|86/100|[from] item: Leftovers\n|-damage|p1a: Wingardium|9/100|[from] Leech Seed|[of] p2a: Wo-Chien\n|-heal|p2a: Wo-Chien|95/100|[silent]\n|upkeep\n|turn|13\n|\n|t:|1775928259\n|move|p1a: Wingardium|Protect|p1a: Wingardium\n|-singleturn|p1a: Wingardium|Protect\n|move|p2a: Wo-Chien|Protect||[still]\n|-fail|p2a: Wo-Chien\n|\n|-heal|p2a: Wo-Chien|100/100|[from] item: Leftovers\n|-damage|p1a: Wingardium|0 fnt|[from] Leech Seed|[of] p2a: Wo-Chien\n|faint|p1a: Wingardium\n|-end|p1a: Wingardium|Protosynthesis|[silent]\n|\n|win|sunny_zong4\n|raw|TheNamesBetty's rating: 1313 &rarr; <strong>1299</strong><br />(-14 for losing)\n|raw|sunny_zong4's rating: 1415 &rarr; <strong>1429</strong><br />(+14 for winning)\n|l|\u2606sunny_zong4\n|player|p2|\n|l|\u2606TheNamesBetty\n|player|p1|\n|j|\u2606TheNamesBetty\n|player|p1|TheNamesBetty|koga|\n|l|\u2606TheNamesBetty\n|player|p1|\n","uploadtime":1775928275,"views":12,"formatid":"gen9vgc2026regi","rating":1299,"private":0,"password":null}