{"id":"gen9vgc2026regi-2589669695","format":"[Gen 9] VGC 2026 Reg I","players":["vereen","clessvgc"],"log":"|j|\u2606vereen\n|j|\u2606clessvgc\n|t:|1776745202\n|gametype|doubles\n|player|p1|vereen|102|1273\n|player|p2|clessvgc|proton|1463\n|gen|9\n|tier|[Gen 9] VGC 2026 Reg I\n|rated|\n|rule|Species Clause: Limit one of each Pok\u00e9mon\n|rule|Item Clause: Limit 1 of each item\n|clearpoke\n|poke|p1|Miraidon, L50|\n|poke|p1|Lunala, L50|\n|poke|p1|Whimsicott, L50, F|\n|poke|p1|Incineroar, L50, M|\n|poke|p1|Urshifu-*, L50, M|\n|poke|p1|Ursaluna, L50, M|\n|poke|p2|Landorus-Therian, L50, M|\n|poke|p2|Calyrex-Shadow, L50|\n|poke|p2|Iron Moth, L50|\n|poke|p2|Tornadus, L50, M|\n|poke|p2|Tinkaton, L50, F|\n|poke|p2|Kyogre, L50|\n|teampreview|4\n|inactive|Battle timer is ON: inactive players will automatically lose when time's up. (requested by clessvgc)\n|\n|t:|1776745226\n|teamsize|p1|4\n|teamsize|p2|4\n|start\n|switch|p1a: Bc Nr|Miraidon, L50, shiny|100/100\n|switch|p1b: I dont mind|Whimsicott, L50, F, shiny|100/100\n|switch|p2a: Tinkaton|Tinkaton, L50, F|100/100\n|switch|p2b: Kyogre|Kyogre, L50|100/100\n|-fieldstart|move: Electric Terrain|[from] ability: Hadron Engine|[of] p1a: Bc Nr\n|-weather|RainDance|[from] ability: Drizzle|[of] p2b: Kyogre\n|-ability|p2a: Tinkaton|Mold Breaker\n|turn|1\n|\n|t:|1776745250\n|move|p2a: Tinkaton|Fake Out|p1a: Bc Nr\n|-damage|p1a: Bc Nr|94/100\n|move|p1b: I dont mind|Tailwind|p1b: I dont mind\n|-sidestart|p1: vereen|move: Tailwind\n|cant|p1a: Bc Nr|flinch\n|move|p2b: Kyogre|Ice Beam|p1a: Bc Nr\n|-supereffective|p1a: Bc Nr\n|-damage|p1a: Bc Nr|30/100\n|\n|-weather|RainDance|[upkeep]\n|upkeep\n|turn|2\n|\n|t:|1776745267\n|switch|p2a: Landorus|Landorus-Therian, L50, M|100/100\n|-ability|p2a: Landorus|Intimidate|boost\n|-unboost|p1a: Bc Nr|atk|1\n|-unboost|p1b: I dont mind|atk|1\n|move|p2b: Kyogre|Protect|p2b: Kyogre\n|-singleturn|p2b: Kyogre|Protect\n|move|p1b: I dont mind|Encore||[still]\n|-fail|p1b: I dont mind\n|move|p1a: Bc Nr|Electro Drift|p2b: Kyogre\n|-activate|p2b: Kyogre|move: Protect\n|\n|-weather|RainDance|[upkeep]\n|upkeep\n|turn|3\n|\n|t:|1776745283\n|switch|p2b: Tinkaton|Tinkaton, L50, F|100/100\n|-ability|p2b: Tinkaton|Mold Breaker\n|move|p1b: I dont mind|Moonblast|p2a: Landorus\n|-damage|p2a: Landorus|66/100\n|move|p1a: Bc Nr|Electro Drift|p2b: Tinkaton\n|-damage|p2b: Tinkaton|39/100\n|move|p2a: Landorus|Stomping Tantrum|p1a: Bc Nr\n|-supereffective|p1a: Bc Nr\n|-damage|p1a: Bc Nr|0 fnt\n|faint|p1a: Bc Nr\n|\n|-weather|RainDance|[upkeep]\n|upkeep\n|\n|t:|1776745297\n|switch|p1a: So high|Lunala, L50, shiny|100/100\n|-enditem|p1a: So high|Electric Seed\n|-boost|p1a: So high|def|1|[from] item: Electric Seed\n|turn|4\n|\n|t:|1776745312\n|switch|p1b: Concorde|Ursaluna, L50, M|100/100\n|move|p2a: Landorus|Stomping Tantrum|p1a: So high\n|-damage|p1a: So high|91/100\n|move|p2b: Tinkaton|Gigaton Hammer|p1b: Concorde\n|-damage|p1b: Concorde|70/100\n|move|p1a: So high|Trick Room|p1a: So high\n|-fieldstart|move: Trick Room|[of] p1a: So high\n|\n|-weather|RainDance|[upkeep]\n|-sideend|p1: vereen|move: Tailwind\n|-status|p1b: Concorde|brn|[from] item: Flame Orb\n|upkeep\n|turn|5\n|\n|t:|1776745335\n|-terastallize|p2b: Tinkaton|Flying\n|move|p1a: So high|Wide Guard|p1a: So high\n|-singleturn|p1a: So high|Wide Guard\n|move|p1b: Concorde|Earthquake|p2a: Landorus|[spread] \n|-activate|p1a: So high|move: Wide Guard\n|-immune|p2a: Landorus\n|-immune|p2b: Tinkaton\n|move|p2b: Tinkaton|Play Rough|p1b: Concorde\n|-damage|p1b: Concorde|53/100 brn\n|move|p2a: Landorus|Stomping Tantrum|p1b: Concorde\n|-damage|p1b: Concorde|22/100 brn\n|\n|-weather|none\n|-damage|p1b: Concorde|17/100 brn|[from] brn\n|-fieldend|move: Electric Terrain\n|upkeep\n|turn|6\n|\n|t:|1776745358\n|switch|p2a: Calyrex|Calyrex-Shadow, L50|100/100\n|-ability|p2a: Calyrex|As One\n|-ability|p2a: Calyrex|Unnerve\n|move|p2b: Tinkaton|Feint|p1b: Concorde\n|-damage|p1b: Concorde|13/100 brn\n|move|p1b: Concorde|Facade|p2b: Tinkaton\n|-damage|p2b: Tinkaton|0 fnt\n|faint|p2b: Tinkaton\n|move|p1a: So high|Moongeist Beam|p2a: Calyrex\n|-supereffective|p2a: Calyrex\n|-enditem|p2a: Calyrex|Focus Sash\n|-damage|p2a: Calyrex|1/100\n|\n|-damage|p1b: Concorde|7/100 brn|[from] brn\n|upkeep\n|\n|t:|1776745372\n|switch|p2b: Kyogre|Kyogre, L50|100/100\n|-weather|RainDance|[from] ability: Drizzle|[of] p2b: Kyogre\n|turn|7\n|\n|t:|1776745384\n|move|p2b: Kyogre|Protect|p2b: Kyogre\n|-singleturn|p2b: Kyogre|Protect\n|move|p2a: Calyrex|Protect|p2a: Calyrex\n|-singleturn|p2a: Calyrex|Protect\n|move|p1a: So high|Wide Guard|p1a: So high\n|-singleturn|p1a: So high|Wide Guard\n|move|p1b: Concorde|Earthquake|p2b: Kyogre|[spread] \n|-activate|p1a: So high|move: Wide Guard\n|-activate|p2a: Calyrex|move: Protect\n|-activate|p2b: Kyogre|move: Protect\n|\n|-weather|RainDance|[upkeep]\n|-damage|p1b: Concorde|1/100 brn|[from] brn\n|upkeep\n|turn|8\n|\n|t:|1776745405\n|switch|p2a: Landorus|Landorus-Therian, L50, M|66/100\n|-ability|p2a: Landorus|Intimidate|boost\n|-unboost|p1a: So high|atk|1\n|-unboost|p1b: Concorde|atk|1\n|move|p2b: Kyogre|Protect||[still]\n|-fail|p2b: Kyogre\n|move|p1a: So high|Wide Guard|p1a: So high\n|-singleturn|p1a: So high|Wide Guard\n|move|p1b: Concorde|Earthquake|p2a: Landorus|[spread] p2b\n|-activate|p1a: So high|move: Wide Guard\n|-immune|p2a: Landorus\n|-damage|p2b: Kyogre|54/100\n|\n|-weather|RainDance|[upkeep]\n|-damage|p1b: Concorde|0 fnt|[from] brn\n|faint|p1b: Concorde\n|-fieldend|move: Trick Room\n|upkeep\n|\n|t:|1776745421\n|switch|p1b: I dont mind|Whimsicott, L50, F, shiny|100/100\n|turn|9\n|-message|vereen forfeited.\n|\n|win|clessvgc\n|raw|vereen's rating: 1273 &rarr; <strong>1260</strong><br />(-13 for losing)\n|raw|clessvgc's rating: 1463 &rarr; <strong>1473</strong><br />(+10 for winning)\n|l|\u2606clessvgc\n|player|p2|\n|l|\u2606vereen\n|player|p1|\n","uploadtime":1776745659,"views":13,"formatid":"gen9vgc2026regi","rating":1260,"private":0,"password":null}