{"id":"gen9vgc2026regi-2565399875","format":"[Gen 9] VGC 2026 Reg I","players":["4Test4","wgc0609"],"log":"|j|\u26064Test4\n|j|\u2606wgc0609\n|t:|1774271851\n|gametype|doubles\n|player|p1|4Test4|blue|1335\n|player|p2|wgc0609|1|1250\n|gen|9\n|tier|[Gen 9] VGC 2026 Reg I\n|rated|\n|rule|Species Clause: Limit one of each Pok\u00e9mon\n|rule|Item Clause: Limit 1 of each item\n|clearpoke\n|poke|p1|Koraidon, L50|\n|poke|p1|Calyrex-Shadow, L50|\n|poke|p1|Brute Bonnet, L50|\n|poke|p1|Weezing-Galar, L50, F|\n|poke|p1|Talonflame, L50, F|\n|poke|p1|Hitmontop, L50, M|\n|poke|p2|Zekrom, L50|\n|poke|p2|Calyrex-Ice, L50|\n|poke|p2|Incineroar, L50, M|\n|poke|p2|Indeedee-F, L50, F|\n|poke|p2|Urshifu-*, L50, M|\n|poke|p2|Rillaboom, L50, F|\n|teampreview|4\n|\n|t:|1774271898\n|teamsize|p1|4\n|teamsize|p2|4\n|start\n|switch|p1a: Pocot\u00f3!|Calyrex-Shadow, L50|100/100\n|switch|p1b: Gavi\u00e3o!|Talonflame, L50, F|100/100\n|switch|p2a: Calyrex|Calyrex-Ice, L50|100/100\n|switch|p2b: Incineroar|Incineroar, L50, M|100/100\n|-ability|p1a: Pocot\u00f3!|As One\n|-ability|p1a: Pocot\u00f3!|Unnerve\n|-ability|p2a: Calyrex|As One\n|-ability|p2a: Calyrex|Unnerve\n|-ability|p2b: Incineroar|Intimidate|boost\n|-unboost|p1a: Pocot\u00f3!|atk|1\n|-unboost|p1b: Gavi\u00e3o!|atk|1\n|turn|1\n|\n|t:|1774271926\n|-terastallize|p1a: Pocot\u00f3!|Ghost\n|-terastallize|p2a: Calyrex|Water\n|move|p1b: Gavi\u00e3o!|Upper Hand|p2b: Incineroar\n|-supereffective|p2b: Incineroar\n|-damage|p2b: Incineroar|83/100\n|-damage|p1b: Gavi\u00e3o!|84/100|[from] item: Rocky Helmet|[of] p2b: Incineroar\n|cant|p2b: Incineroar|flinch\n|move|p1a: Pocot\u00f3!|Astral Barrage|p2b: Incineroar|[spread] p2a,p2b\n|-resisted|p2b: Incineroar\n|-damage|p2a: Calyrex|44/100\n|-damage|p2b: Incineroar|52/100\n|move|p2a: Calyrex|Trick Room|p2a: Calyrex\n|-fieldstart|move: Trick Room|[of] p2a: Calyrex\n|\n|upkeep\n|turn|2\n|\n|t:|1774271962\n|move|p1a: Pocot\u00f3!|Protect|p1a: Pocot\u00f3!\n|-singleturn|p1a: Pocot\u00f3!|Protect\n|move|p2a: Calyrex|Glacial Lance|p1a: Pocot\u00f3!|[spread] p1b\n|-activate|p1a: Pocot\u00f3!|move: Protect\n|-damage|p1b: Gavi\u00e3o!|2/100\n|move|p2b: Incineroar|Knock Off|p1a: Pocot\u00f3!\n|-activate|p1a: Pocot\u00f3!|move: Protect\n|move|p1b: Gavi\u00e3o!|Will-O-Wisp|p2a: Calyrex\n|-status|p2a: Calyrex|brn\n|\n|-damage|p2a: Calyrex|38/100 brn|[from] brn\n|upkeep\n|turn|3\n|\n|t:|1774271988\n|switch|p1a: Grau!|Koraidon, L50|100/100\n|-weather|SunnyDay|[from] ability: Orichalcum Pulse|[of] p1a: Grau!\n|-activate|p1a: Grau!|Orichalcum Pulse|[source]\n|move|p2a: Calyrex|Glacial Lance|p1a: Grau!|[spread] p1a,p1b\n|-supereffective|p1a: Grau!\n|-damage|p1a: Grau!|50/100\n|-damage|p1b: Gavi\u00e3o!|0 fnt\n|faint|p1b: Gavi\u00e3o!\n|-ability|p2a: Calyrex|Chilling Neigh|boost\n|-boost|p2a: Calyrex|atk|1\n|move|p2b: Incineroar|Knock Off|p1a: Grau!\n|-resisted|p1a: Grau!\n|-damage|p1a: Grau!|35/100\n|-enditem|p1a: Grau!|Ability Shield|[from] move: Knock Off|[of] p2b: Incineroar\n|\n|-weather|SunnyDay|[upkeep]\n|-damage|p2a: Calyrex|32/100 brn|[from] brn\n|upkeep\n|\n|t:|1774271997\n|switch|p1b: Noia!|Brute Bonnet, L50|100/100\n|-activate|p1b: Noia!|ability: Protosynthesis\n|-start|p1b: Noia!|protosynthesisdef\n|turn|4\n|\n|t:|1774272024\n|move|p1a: Grau!|Protect|p1a: Grau!\n|-singleturn|p1a: Grau!|Protect\n|move|p1b: Noia!|Sucker Punch|p2a: Calyrex\n|-damage|p2a: Calyrex|12/100 brn\n|move|p2a: Calyrex|Glacial Lance|p1a: Grau!|[spread] p1b\n|-activate|p1a: Grau!|move: Protect\n|-supereffective|p1b: Noia!\n|-damage|p1b: Noia!|55/100\n|move|p2b: Incineroar|Parting Shot|p1a: Grau!\n|-activate|p1a: Grau!|move: Protect\n|\n|-weather|SunnyDay|[upkeep]\n|-damage|p2a: Calyrex|6/100 brn|[from] brn\n|upkeep\n|turn|5\n|\n|t:|1774272048\n|switch|p2a: Zekrom|Zekrom, L50|100/100\n|-ability|p2a: Zekrom|Teravolt\n|move|p1b: Noia!|Sucker Punch||[still]\n|-fail|p1b: Noia!\n|move|p2b: Incineroar|Parting Shot|p1a: Grau!\n|-unboost|p1a: Grau!|atk|1\n|-unboost|p1a: Grau!|spa|1\n|\n|t:|1774272061\n|switch|p2b: Rillaboom|Rillaboom, L50, F|100/100|[from] Parting Shot\n|-fieldstart|move: Grassy Terrain|[from] ability: Grassy Surge|[of] p2b: Rillaboom\n|move|p1a: Grau!|Collision Course|p2b: Rillaboom\n|-damage|p2b: Rillaboom|60/100\n|\n|-weather|SunnyDay|[upkeep]\n|-heal|p1b: Noia!|61/100|[from] Grassy Terrain\n|-heal|p2b: Rillaboom|66/100|[from] Grassy Terrain\n|-heal|p1a: Grau!|41/100|[from] Grassy Terrain\n|-fieldend|move: Trick Room\n|upkeep\n|turn|6\n|\n|t:|1774272081\n|move|p1a: Grau!|Protect|p1a: Grau!\n|-singleturn|p1a: Grau!|Protect\n|move|p2b: Rillaboom|Fake Out|p1b: Noia!\n|-crit|p1b: Noia!\n|-damage|p1b: Noia!|49/100\n|move|p2a: Zekrom|Bolt Strike|p1a: Grau!\n|-activate|p1a: Grau!|move: Protect\n|move|p1b: Noia!|Spore|p2a: Zekrom\n|-status|p2a: Zekrom|slp|[from] move: Spore\n|\n|-weather|SunnyDay|[upkeep]\n|-heal|p1a: Grau!|47/100|[from] Grassy Terrain\n|-heal|p2b: Rillaboom|72/100|[from] Grassy Terrain\n|-heal|p1b: Noia!|55/100|[from] Grassy Terrain\n|upkeep\n|turn|7\n|\n|t:|1774272108\n|switch|p2a: Incineroar|Incineroar, L50, M|52/100\n|-ability|p2a: Incineroar|Intimidate|boost\n|-unboost|p1a: Grau!|atk|1\n|-unboost|p1b: Noia!|atk|1\n|move|p1b: Noia!|Sucker Punch|p2b: Rillaboom\n|-damage|p2b: Rillaboom|51/100\n|move|p1a: Grau!|Flare Blitz|p2b: Rillaboom\n|-supereffective|p2b: Rillaboom\n|-damage|p2b: Rillaboom|0 fnt\n|faint|p2b: Rillaboom\n|-damage|p1a: Grau!|28/100|[from] Recoil\n|\n|-weather|none\n|-end|p1b: Noia!|Protosynthesis\n|-heal|p1a: Grau!|34/100|[from] Grassy Terrain\n|-heal|p2a: Incineroar|58/100|[from] Grassy Terrain\n|-heal|p1b: Noia!|61/100|[from] Grassy Terrain\n|upkeep\n|\n|t:|1774272126\n|switch|p2b: Zekrom|Zekrom, L50|100/100 slp\n|-ability|p2b: Zekrom|Teravolt\n|turn|8\n|\n|t:|1774272163\n|move|p1a: Grau!|Protect|p1a: Grau!\n|-singleturn|p1a: Grau!|Protect\n|cant|p2b: Zekrom|slp\n|move|p2a: Incineroar|Flare Blitz|p1b: Noia!\n|-supereffective|p1b: Noia!\n|-crit|p1b: Noia!\n|-damage|p1b: Noia!|0 fnt\n|faint|p1b: Noia!\n|-end|p1b: Noia!|Protosynthesis|[silent]\n|-damage|p2a: Incineroar|34/100|[from] Recoil\n|\n|-heal|p1a: Grau!|40/100|[from] Grassy Terrain\n|-heal|p2a: Incineroar|40/100|[from] Grassy Terrain\n|upkeep\n|\n|t:|1774272171\n|switch|p1b: Pocot\u00f3!|Calyrex-Shadow, L50, tera:Ghost|100/100\n|-ability|p1b: Pocot\u00f3!|As One\n|-ability|p1b: Pocot\u00f3!|Unnerve\n|turn|9\n|\n|t:|1774272189\n|switch|p2a: Calyrex|Calyrex-Ice, L50, tera:Water|6/100 brn\n|-ability|p2a: Calyrex|As One\n|-ability|p2a: Calyrex|Unnerve\n|move|p1b: Pocot\u00f3!|Astral Barrage|p2a: Calyrex|[spread] p2a,p2b\n|-damage|p2a: Calyrex|0 fnt\n|-damage|p2b: Zekrom|32/100 slp\n|faint|p2a: Calyrex\n|-ability|p1b: Pocot\u00f3!|Grim Neigh|boost\n|-boost|p1b: Pocot\u00f3!|spa|1\n|move|p1a: Grau!|Collision Course|p2b: Zekrom\n|-damage|p2b: Zekrom|11/100 slp\n|cant|p2b: Zekrom|slp\n|\n|-heal|p1a: Grau!|46/100|[from] Grassy Terrain\n|-heal|p2b: Zekrom|17/100 slp|[from] Grassy Terrain\n|-fieldend|move: Grassy Terrain\n|upkeep\n|\n|t:|1774272211\n|switch|p2a: Incineroar|Incineroar, L50, M|40/100\n|-ability|p2a: Incineroar|Intimidate|boost\n|-unboost|p1a: Grau!|atk|1\n|-unboost|p1b: Pocot\u00f3!|atk|1\n|turn|10\n|\n|t:|1774272223\n|move|p1b: Pocot\u00f3!|Protect|p1b: Pocot\u00f3!\n|-singleturn|p1b: Pocot\u00f3!|Protect\n|move|p1a: Grau!|Protect|p1a: Grau!\n|-singleturn|p1a: Grau!|Protect\n|cant|p2b: Zekrom|slp\n|move|p2a: Incineroar|Knock Off|p1b: Pocot\u00f3!\n|-activate|p1b: Pocot\u00f3!|move: Protect\n|\n|upkeep\n|turn|11\n|\n|t:|1774272243\n|move|p1b: Pocot\u00f3!|Astral Barrage|p2a: Incineroar|[spread] p2a,p2b\n|-resisted|p2a: Incineroar\n|-damage|p2a: Incineroar|0 fnt\n|-damage|p2b: Zekrom|0 fnt\n|faint|p2a: Incineroar\n|faint|p2b: Zekrom\n|\n|win|4Test4\n|raw|4Test4's rating: 1335 &rarr; <strong>1350</strong><br />(+15 for winning)\n|raw|wgc0609's rating: 1250 &rarr; <strong>1231</strong><br />(-19 for losing)\n|l|\u26064Test4\n|player|p1|\n|j|\u26064Test4\n|player|p1|4Test4|blue|\n|l|\u26064Test4\n|player|p1|\n|j|\u26064Test4\n|player|p1|4Test4|blue|\n","uploadtime":1774272779,"views":12,"formatid":"gen9vgc2026regi","rating":1231,"private":0,"password":null}