{"id":"gen9vgc2026regi-2553165479","format":"[Gen 9] VGC 2026 Reg I","players":["drive stone","rshawn"],"log":"|j|\u2606drive stone\n|j|\u2606rshawn\n|t:|1772806130\n|gametype|doubles\n|player|p1|drive stone|cilan|1433\n|player|p2|rshawn|169|1447\n|gen|9\n|tier|[Gen 9] VGC 2026 Reg I\n|rated|\n|rule|Species Clause: Limit one of each Pok\u00e9mon\n|rule|Item Clause: Limit 1 of each item\n|clearpoke\n|poke|p1|Calyrex-Shadow, L50|\n|poke|p1|Zacian-*, L50|\n|poke|p1|Urshifu-*, L50, M|\n|poke|p1|Tornadus, L50, M|\n|poke|p1|Landorus, L50, M|\n|poke|p1|Incineroar, L50, F|\n|poke|p2|Alcremie, L50, F|\n|poke|p2|Calyrex-Ice, L50|\n|poke|p2|Kyogre, L50|\n|poke|p2|Rillaboom, L50, M|\n|poke|p2|Iron Jugulis, L50|\n|poke|p2|Urshifu-*, L50, F|\n|teampreview|4\n|\n|t:|1772806163\n|teamsize|p1|4\n|teamsize|p2|4\n|start\n|switch|p1a: Urshifu|Urshifu-Rapid-Strike, L50, M|100/100\n|switch|p1b: Tornadus|Tornadus, L50, M|100/100\n|switch|p2a: Urshifu|Urshifu-Rapid-Strike, L50, F|100/100\n|switch|p2b: Iron Jugulis|Iron Jugulis, L50|100/100\n|-enditem|p2b: Iron Jugulis|Booster Energy\n|-activate|p2b: Iron Jugulis|ability: Quark Drive|[fromitem]\n|-start|p2b: Iron Jugulis|quarkdrivespe\n|turn|1\n|\n|t:|1772806228\n|-terastallize|p1a: Urshifu|Water\n|move|p1b: Tornadus|Tailwind|p1b: Tornadus\n|-sidestart|p1: drive stone|move: Tailwind\n|move|p1a: Urshifu|Surging Strikes|p2b: Iron Jugulis\n|-crit|p2b: Iron Jugulis\n|-damage|p2b: Iron Jugulis|67/100\n|-crit|p2b: Iron Jugulis\n|-damage|p2b: Iron Jugulis|38/100\n|-crit|p2b: Iron Jugulis\n|-damage|p2b: Iron Jugulis|5/100\n|-hitcount|p2b: Iron Jugulis|3\n|move|p2b: Iron Jugulis|Tailwind|p2b: Iron Jugulis\n|-sidestart|p2: rshawn|move: Tailwind\n|move|p2a: Urshifu|Surging Strikes|p1b: Tornadus\n|-crit|p1b: Tornadus\n|-damage|p1b: Tornadus|70/100\n|-crit|p1b: Tornadus\n|-damage|p1b: Tornadus|43/100\n|-crit|p1b: Tornadus\n|-damage|p1b: Tornadus|15/100\n|-hitcount|p1b: Tornadus|3\n|-damage|p2a: Urshifu|91/100|[from] item: Life Orb\n|\n|upkeep\n|turn|2\n|\n|t:|1772806262\n|switch|p1b: Zacian|Zacian-Crowned, L50|100/100\n|-ability|p1b: Zacian|Intrepid Sword|boost\n|-boost|p1b: Zacian|atk|1\n|move|p2a: Urshifu|Aqua Jet|p1b: Zacian\n|-damage|p1b: Zacian|78/100\n|-damage|p2a: Urshifu|82/100|[from] item: Life Orb\n|move|p1a: Urshifu|Aqua Jet|p2b: Iron Jugulis\n|-damage|p2b: Iron Jugulis|0 fnt\n|faint|p2b: Iron Jugulis\n|-end|p2b: Iron Jugulis|Quark Drive|[silent]\n|\n|upkeep\n|\n|t:|1772806275\n|switch|p2b: Calyrex|Calyrex-Ice, L50|100/100\n|-ability|p2b: Calyrex|As One\n|-ability|p2b: Calyrex|Unnerve\n|turn|3\n|\n|t:|1772806300\n|-terastallize|p2b: Calyrex|Water\n|move|p1b: Zacian|Behemoth Blade|p2b: Calyrex\n|-resisted|p2b: Calyrex\n|-damage|p2b: Calyrex|76/100\n|move|p2a: Urshifu|Surging Strikes|p1b: Zacian\n|-crit|p1b: Zacian\n|-damage|p1b: Zacian|57/100\n|-crit|p1b: Zacian\n|-damage|p1b: Zacian|37/100\n|-crit|p1b: Zacian\n|-damage|p1b: Zacian|14/100\n|-hitcount|p1b: Zacian|3\n|-damage|p2a: Urshifu|72/100|[from] item: Life Orb\n|move|p1a: Urshifu|Surging Strikes|p2b: Calyrex\n|-resisted|p2b: Calyrex\n|-crit|p2b: Calyrex\n|-damage|p2b: Calyrex|65/100\n|-resisted|p2b: Calyrex\n|-crit|p2b: Calyrex\n|-damage|p2b: Calyrex|54/100\n|-resisted|p2b: Calyrex\n|-crit|p2b: Calyrex\n|-damage|p2b: Calyrex|42/100\n|-hitcount|p2b: Calyrex|3\n|move|p2b: Calyrex|Trick Room|p2b: Calyrex\n|-fieldstart|move: Trick Room|[of] p2b: Calyrex\n|\n|-heal|p2b: Calyrex|48/100|[from] item: Leftovers\n|upkeep\n|turn|4\n|\n|t:|1772806358\n|move|p1a: Urshifu|Detect|p1a: Urshifu\n|-singleturn|p1a: Urshifu|Protect\n|move|p2b: Calyrex|Glacial Lance|p1b: Zacian|[spread] p1b\n|-activate|p1a: Urshifu|move: Protect\n|-resisted|p1b: Zacian\n|-damage|p1b: Zacian|0 fnt\n|faint|p1b: Zacian\n|-ability|p2b: Calyrex|Chilling Neigh|boost\n|-boost|p2b: Calyrex|atk|1\n|move|p2a: Urshifu|Close Combat|p1a: Urshifu\n|-damage|p1a: Urshifu|16/100\n|-unboost|p2a: Urshifu|def|1\n|-unboost|p2a: Urshifu|spd|1\n|-damage|p2a: Urshifu|63/100|[from] item: Life Orb\n|\n|-heal|p2b: Calyrex|54/100|[from] item: Leftovers\n|-sideend|p2: rshawn|move: Tailwind\n|-sideend|p1: drive stone|move: Tailwind\n|upkeep\n|\n|t:|1772806366\n|switch|p1b: Tornadus|Tornadus, L50, M|15/100\n|turn|5\n|-message|drive stone forfeited.\n|\n|win|rshawn\n|raw|drive stone's rating: 1433 &rarr; <strong>1414</strong><br />(-19 for losing)\n|raw|rshawn's rating: 1447 &rarr; <strong>1466</strong><br />(+19 for winning)\n|l|\u2606drive stone\n|player|p1|\n|l|\u2606rshawn\n|player|p2|\n","uploadtime":1772806539,"views":16,"formatid":"gen9vgc2026regi","rating":1414,"private":0,"password":null}