{"id":"gen9vgc2026regi-2561527801","format":"[Gen 9] VGC 2026 Reg I","players":["taketomo111715","It'sJustKen VGC"],"log":"|j|\u203dtaketomo111715\n|j|\u2606It'sJustKen VGC\n|t:|1773807265\n|gametype|doubles\n|player|p1|taketomo111715|ethan|1519\n|player|p2|It'sJustKen VGC|1|1385\n|gen|9\n|tier|[Gen 9] VGC 2026 Reg I\n|rated|\n|rule|Species Clause: Limit one of each Pok\u00e9mon\n|rule|Item Clause: Limit 1 of each item\n|clearpoke\n|poke|p1|Calyrex-Ice, L50|\n|poke|p1|Kyogre, L50|\n|poke|p1|Amoonguss, L50, F|\n|poke|p1|Indeedee-F, L50, F|\n|poke|p1|Iron Jugulis, L50|\n|poke|p1|Urshifu-*, L50, M|\n|poke|p2|Iron Hands, L50|\n|poke|p2|Incineroar, L50, F|\n|poke|p2|Calyrex-Shadow, L50|\n|poke|p2|Whimsicott, L50, M|\n|poke|p2|Farigiraf, L50, M|\n|poke|p2|Miraidon, L50|\n|teampreview|4\n|inactive|Battle timer is ON: inactive players will automatically lose when time's up. (requested by It'sJustKen VGC)\n|inactive|taketomo111715 has 60 seconds left.\n|inactive|It'sJustKen VGC has 60 seconds left.\n|\n|t:|1773807319\n|teamsize|p1|4\n|teamsize|p2|4\n|start\n|switch|p1a: Iron Jugulis|Iron Jugulis, L50|100/100\n|switch|p1b: Kyogre|Kyogre, L50|100/100\n|switch|p2a: Farigiraf|Farigiraf, L50, M|100/100\n|switch|p2b: Miraidon|Miraidon, L50, shiny|100/100\n|-fieldstart|move: Electric Terrain|[from] ability: Hadron Engine|[of] p2b: Miraidon\n|-activate|p1a: Iron Jugulis|ability: Quark Drive\n|-start|p1a: Iron Jugulis|quarkdrivespe\n|-enditem|p2a: Farigiraf|Electric Seed\n|-boost|p2a: Farigiraf|def|1|[from] item: Electric Seed\n|-weather|RainDance|[from] ability: Drizzle|[of] p1b: Kyogre\n|turn|1\n|inactive|taketomo111715 has 30 seconds left.\n|inactive|It'sJustKen VGC has 30 seconds left.\n|inactive|taketomo111715 has 20 seconds left.\n|inactive|It'sJustKen VGC has 20 seconds left.\n|inactive|taketomo111715 has 15 seconds left.\n|inactive|It'sJustKen VGC has 15 seconds left.\n|inactive|taketomo111715 has 10 seconds left.\n|inactive|It'sJustKen VGC has 10 seconds left.\n|inactive|taketomo111715 has 5 seconds left.\n|inactive|It'sJustKen VGC has 5 seconds left.\n|\n|t:|1773807372\n|-terastallize|p2a: Farigiraf|Water\n|move|p1a: Iron Jugulis|Tailwind|p1a: Iron Jugulis\n|-sidestart|p1: taketomo111715|move: Tailwind\n|move|p1b: Kyogre|Water Spout|p2b: Miraidon|[spread] p2a,p2b\n|-resisted|p2a: Farigiraf\n|-resisted|p2b: Miraidon\n|-damage|p2a: Farigiraf|27/100\n|-damage|p2b: Miraidon|42/100\n|move|p2b: Miraidon|Volt Switch|p1b: Kyogre\n|-supereffective|p1b: Kyogre\n|-damage|p1b: Kyogre|0 fnt\n|faint|p1b: Kyogre\n|\n|t:|1773807383\n|switch|p2b: Iron Hands|Iron Hands, L50|100/100|[from] Volt Switch\n|-activate|p2b: Iron Hands|ability: Quark Drive\n|-start|p2b: Iron Hands|quarkdriveatk\n|move|p2a: Farigiraf|Trick Room|p2a: Farigiraf\n|-fieldstart|move: Trick Room|[of] p2a: Farigiraf\n|\n|-weather|RainDance|[upkeep]\n|upkeep\n|\n|t:|1773807392\n|switch|p1b: Calyrex|Calyrex-Ice, L50|100/100\n|-ability|p1b: Calyrex|As One\n|-ability|p1b: Calyrex|Unnerve\n|turn|2\n|\n|t:|1773807414\n|-end|p1a: Iron Jugulis|Quark Drive|[silent]\n|switch|p1a: Indeedee|Indeedee-F, L50, F|100/100\n|-fieldstart|move: Psychic Terrain|[from] ability: Psychic Surge|[of] p1a: Indeedee\n|-end|p2b: Iron Hands|Quark Drive\n|move|p2a: Farigiraf|Helping Hand|p2b: Iron Hands\n|-singleturn|p2b: Iron Hands|Helping Hand|[of] p2a: Farigiraf\n|move|p2b: Iron Hands|Low Kick|p1b: Calyrex\n|-damage|p1b: Calyrex|36/100\n|move|p1b: Calyrex|Swords Dance|p1b: Calyrex\n|-boost|p1b: Calyrex|atk|2\n|\n|-weather|RainDance|[upkeep]\n|upkeep\n|turn|3\n|\n|t:|1773807434\n|move|p2a: Farigiraf|Helping Hand|p2b: Iron Hands\n|-singleturn|p2b: Iron Hands|Helping Hand|[of] p2a: Farigiraf\n|move|p1a: Indeedee|Follow Me|p1a: Indeedee\n|-singleturn|p1a: Indeedee|move: Follow Me\n|move|p2b: Iron Hands|Drain Punch|p1a: Indeedee\n|-damage|p1a: Indeedee|36/100\n|-enditem|p1a: Indeedee|Eject Button\n|\n|t:|1773807442\n|switch|p1a: Iron Jugulis|Iron Jugulis, L50|100/100\n|-enditem|p1a: Iron Jugulis|Booster Energy\n|-activate|p1a: Iron Jugulis|ability: Quark Drive|[fromitem]\n|-start|p1a: Iron Jugulis|quarkdrivespe\n|move|p1b: Calyrex|Glacial Lance|p2a: Farigiraf|[spread] p2a,p2b\n|-resisted|p2a: Farigiraf\n|-damage|p2a: Farigiraf|0 fnt\n|-damage|p2b: Iron Hands|9/100\n|faint|p2a: Farigiraf\n|-ability|p1b: Calyrex|Chilling Neigh|boost\n|-boost|p1b: Calyrex|atk|1\n|\n|-weather|RainDance|[upkeep]\n|upkeep\n|inactive|It'sJustKen VGC has 30 seconds left.\n|\n|t:|1773807477\n|switch|p2a: Incineroar|Incineroar, L50, F|100/100\n|-ability|p2a: Incineroar|Intimidate|boost\n|-unboost|p1a: Iron Jugulis|atk|1\n|-unboost|p1b: Calyrex|atk|1\n|turn|4\n|\n|t:|1773807490\n|switch|p1b: Indeedee|Indeedee-F, L50, F|36/100\n|move|p2b: Iron Hands|Wild Charge|p1a: Iron Jugulis\n|-supereffective|p1a: Iron Jugulis\n|-damage|p1a: Iron Jugulis|4/100\n|-damage|p2b: Iron Hands|0 fnt|[from] Recoil\n|faint|p2b: Iron Hands\n|-end|p2b: Iron Hands|Quark Drive|[silent]\n|move|p2a: Incineroar|Knock Off|p1b: Indeedee\n|-supereffective|p1b: Indeedee\n|-damage|p1b: Indeedee|0 fnt\n|faint|p1b: Indeedee\n|move|p1a: Iron Jugulis|Hurricane|p2a: Incineroar\n|-damage|p2a: Incineroar|66/100\n|-start|p2a: Incineroar|confusion\n|\n|-weather|RainDance|[upkeep]\n|-sideend|p1: taketomo111715|move: Tailwind\n|upkeep\n|\n|t:|1773807506\n|switch|p2b: Miraidon|Miraidon, L50, shiny|42/100\n|switch|p1b: Calyrex|Calyrex-Ice, L50|36/100\n|-ability|p1b: Calyrex|As One\n|-ability|p1b: Calyrex|Unnerve\n|-fieldstart|move: Electric Terrain|[from] ability: Hadron Engine|[of] p2b: Miraidon\n|turn|5\n|inactive|It'sJustKen VGC has 30 seconds left.\n|\n|t:|1773807536\n|-terastallize|p1b: Calyrex|Grass\n|-activate|p2a: Incineroar|confusion\n|-damage|p2a: Incineroar|58/100|[from] confusion\n|move|p1b: Calyrex|Glacial Lance|p2a: Incineroar|[spread] p2a,p2b\n|-resisted|p2a: Incineroar\n|-supereffective|p2b: Miraidon\n|-damage|p2a: Incineroar|31/100\n|-damage|p2b: Miraidon|0 fnt\n|faint|p2b: Miraidon\n|-ability|p1b: Calyrex|Chilling Neigh|boost\n|-boost|p1b: Calyrex|atk|1\n|move|p1a: Iron Jugulis|Snarl|p2a: Incineroar\n|-resisted|p2a: Incineroar\n|-damage|p2a: Incineroar|22/100\n|-unboost|p2a: Incineroar|spa|1\n|\n|-weather|none\n|-fieldend|move: Trick Room\n|upkeep\n|turn|6\n|\n|t:|1773807552\n|move|p1a: Iron Jugulis|Hurricane|p2a: Incineroar\n|-damage|p2a: Incineroar|0 fnt\n|faint|p2a: Incineroar\n|\n|win|taketomo111715\n|raw|taketomo111715's rating: 1519 &rarr; <strong>1530</strong><br />(+11 for winning)\n|raw|It&apos;sJustKen VGC's rating: 1358 &rarr; <strong>1347</strong><br />(-11 for losing)\n|l|\u203dtaketomo111715\n|player|p1|\n|l|\u2606It'sJustKen VGC\n|player|p2|\n","uploadtime":1773807588,"views":10,"formatid":"gen9vgc2026regi","rating":1347,"private":0,"password":null}