{"id":"gen9vgc2026regi-2530491503","format":"[Gen 9] VGC 2026 Reg I","players":["pjhhyeok","SEITA"],"log":"|j|\u2606pjhhyeok\n|j|\u2606SEITA\n|t:|1769925374\n|gametype|doubles\n|player|p1|pjhhyeok|170|1099\n|player|p2|SEITA|169|1194\n|gen|9\n|tier|[Gen 9] VGC 2026 Reg I\n|rated|\n|rule|Species Clause: Limit one of each Pok\u00e9mon\n|rule|Item Clause: Limit 1 of each item\n|clearpoke\n|poke|p1|Kyurem-White, L50|\n|poke|p1|Zekrom, L50|\n|poke|p1|Ogerpon-Cornerstone, L50, F|\n|poke|p1|Incineroar, L50, M|\n|poke|p1|Ninetales-Alola, L50, F|\n|poke|p1|Thundurus-Therian, L50, M|\n|poke|p2|Zamazenta-*, L50|\n|poke|p2|Kyogre, L50|\n|poke|p2|Grimmsnarl, L50, M|\n|poke|p2|Landorus, L50, M|\n|poke|p2|Wo-Chien, L50|\n|poke|p2|Ditto, L50|\n|teampreview|4\n|\n|t:|1769925393\n|teamsize|p1|4\n|teamsize|p2|4\n|start\n|switch|p1a: Thundurus|Thundurus-Therian, L50, M|100/100\n|switch|p1b: Kyurem|Kyurem-White, L50|100/100\n|switch|p2a: Grimmsnarl|Grimmsnarl, L50, M|100/100\n|switch|p2b: Zamazenta|Zamazenta-Crowned, L50|100/100\n|-ability|p1b: Kyurem|Turboblaze\n|-ability|p2b: Zamazenta|Dauntless Shield|boost\n|-boost|p2b: Zamazenta|def|1\n|turn|1\n|\n|t:|1769925407\n|move|p2a: Grimmsnarl|Light Screen|p2a: Grimmsnarl\n|-sidestart|p2: SEITA|move: Light Screen\n|move|p1b: Kyurem|Fusion Flare|p2b: Zamazenta\n|-supereffective|p2b: Zamazenta\n|-damage|p2b: Zamazenta|58/100\n|move|p2b: Zamazenta|Iron Defense|p2b: Zamazenta\n|-boost|p2b: Zamazenta|def|2\n|move|p1a: Thundurus|Volt Switch|p2a: Grimmsnarl\n|-damage|p2a: Grimmsnarl|74/100\n|\n|t:|1769925418\n|switch|p1a: Ogerpon|Ogerpon-Cornerstone, L50, F|100/100|[from] Volt Switch\n|\n|upkeep\n|turn|2\n|\n|t:|1769925433\n|move|p2b: Zamazenta|Protect|p2b: Zamazenta\n|-singleturn|p2b: Zamazenta|Protect\n|move|p1a: Ogerpon|Follow Me|p1a: Ogerpon\n|-singleturn|p1a: Ogerpon|move: Follow Me\n|move|p2a: Grimmsnarl|Parting Shot|p1a: Ogerpon\n|-unboost|p1a: Ogerpon|atk|1\n|-unboost|p1a: Ogerpon|spa|1\n|\n|t:|1769925476\n|switch|p2a: Wo-Chien|Wo-Chien, L50|100/100|[from] Parting Shot\n|-ability|p2a: Wo-Chien|Tablets of Ruin\n|move|p1b: Kyurem|Fusion Flare|p2b: Zamazenta\n|-activate|p2b: Zamazenta|move: Protect\n|\n|upkeep\n|turn|3\n|\n|t:|1769925491\n|move|p1a: Ogerpon|Follow Me|p1a: Ogerpon\n|-singleturn|p1a: Ogerpon|move: Follow Me\n|move|p1b: Kyurem|Fusion Flare|p2b: Zamazenta\n|-supereffective|p2b: Zamazenta\n|-damage|p2b: Zamazenta|18/100\n|move|p2b: Zamazenta|Body Press|p1a: Ogerpon\n|-supereffective|p1a: Ogerpon\n|-ability|p1a: Ogerpon|Sturdy\n|-damage|p1a: Ogerpon|1/100\n|move|p2a: Wo-Chien|Pollen Puff|p1a: Ogerpon\n|-supereffective|p1a: Ogerpon\n|-damage|p1a: Ogerpon|0 fnt\n|faint|p1a: Ogerpon\n|\n|upkeep\n|\n|t:|1769925507\n|switch|p1a: Thundurus|Thundurus-Therian, L50, M|100/100\n|turn|4\n|\n|t:|1769925534\n|switch|p2b: Grimmsnarl|Grimmsnarl, L50, M|74/100\n|move|p1b: Kyurem|Fusion Flare|p2b: Grimmsnarl\n|-damage|p2b: Grimmsnarl|43/100\n|move|p1a: Thundurus|Sludge Bomb|p2a: Wo-Chien\n|-supereffective|p2a: Wo-Chien\n|-damage|p2a: Wo-Chien|71/100\n|-status|p2a: Wo-Chien|psn\n|move|p2a: Wo-Chien|Leech Seed|p1b: Kyurem\n|-start|p1b: Kyurem|move: Leech Seed\n|\n|-heal|p2a: Wo-Chien|78/100 psn|[from] item: Leftovers\n|-damage|p1b: Kyurem|88/100|[from] Leech Seed|[of] p2a: Wo-Chien\n|-heal|p2a: Wo-Chien|91/100 psn|[silent]\n|-damage|p2a: Wo-Chien|78/100 psn|[from] psn\n|upkeep\n|turn|5\n|\n|t:|1769925571\n|move|p2b: Grimmsnarl|Parting Shot|p1b: Kyurem\n|-unboost|p1b: Kyurem|atk|1\n|-unboost|p1b: Kyurem|spa|1\n|\n|t:|1769925575\n|switch|p2b: Kyogre|Kyogre, L50|100/100|[from] Parting Shot\n|-weather|RainDance|[from] ability: Drizzle|[of] p2b: Kyogre\n|move|p1b: Kyurem|Fusion Flare|p2a: Wo-Chien\n|-supereffective|p2a: Wo-Chien\n|-damage|p2a: Wo-Chien|65/100 psn\n|move|p1a: Thundurus|Sludge Bomb|p2a: Wo-Chien\n|-supereffective|p2a: Wo-Chien\n|-damage|p2a: Wo-Chien|36/100 psn\n|move|p2a: Wo-Chien|Leech Seed|p1a: Thundurus\n|-start|p1a: Thundurus|move: Leech Seed\n|\n|-weather|RainDance|[upkeep]\n|-heal|p2a: Wo-Chien|42/100 psn|[from] item: Leftovers\n|-damage|p1b: Kyurem|75/100|[from] Leech Seed|[of] p2a: Wo-Chien\n|-heal|p2a: Wo-Chien|55/100 psn|[silent]\n|-damage|p1a: Thundurus|88/100|[from] Leech Seed|[of] p2a: Wo-Chien\n|-heal|p2a: Wo-Chien|67/100 psn|[silent]\n|-damage|p2a: Wo-Chien|55/100 psn|[from] psn\n|upkeep\n|turn|6\n|\n|t:|1769925633\n|switch|p1b: Ninetales|Ninetales-Alola, L50, F, shiny|100/100\n|-weather|Snowscape|[from] ability: Snow Warning|[of] p1b: Ninetales\n|-terastallize|p2b: Kyogre|Grass\n|move|p2a: Wo-Chien|Protect|p2a: Wo-Chien\n|-singleturn|p2a: Wo-Chien|Protect\n|move|p1a: Thundurus|Snarl|p2b: Kyogre|[spread] p2b\n|-activate|p2a: Wo-Chien|move: Protect\n|-damage|p2b: Kyogre|95/100\n|-unboost|p2b: Kyogre|spa|1\n|move|p2b: Kyogre|Origin Pulse|p1a: Thundurus|[spread] p1a,p1b\n|-damage|p1a: Thundurus|70/100\n|-damage|p1b: Ninetales|70/100\n|\n|-weather|Snowscape|[upkeep]\n|-heal|p2a: Wo-Chien|61/100 psn|[from] item: Leftovers\n|-damage|p1a: Thundurus|58/100|[from] Leech Seed|[of] p2a: Wo-Chien\n|-heal|p2a: Wo-Chien|73/100 psn|[silent]\n|-damage|p2a: Wo-Chien|60/100 psn|[from] psn\n|upkeep\n|turn|7\n|\n|t:|1769925657\n|switch|p2b: Zamazenta|Zamazenta-Crowned, L50|18/100\n|move|p1b: Ninetales|Aurora Veil|p1b: Ninetales\n|-sidestart|p1: pjhhyeok|move: Aurora Veil\n|move|p1a: Thundurus|Snarl|p2a: Wo-Chien|[spread] p2a,p2b\n|-resisted|p2a: Wo-Chien\n|-resisted|p2b: Zamazenta\n|-damage|p2a: Wo-Chien|58/100 psn\n|-damage|p2b: Zamazenta|15/100\n|-unboost|p2a: Wo-Chien|spa|1\n|-unboost|p2b: Zamazenta|spa|1\n|move|p2a: Wo-Chien|Pollen Puff|p2b: Zamazenta\n|-heal|p2b: Zamazenta|64/100\n|\n|-weather|Snowscape|[upkeep]\n|-heal|p2a: Wo-Chien|64/100 psn|[from] item: Leftovers\n|-damage|p1a: Thundurus|46/100|[from] Leech Seed|[of] p2a: Wo-Chien\n|-heal|p2a: Wo-Chien|76/100 psn|[silent]\n|-damage|p2a: Wo-Chien|64/100 psn|[from] psn\n|upkeep\n|turn|8\n|\n|t:|1769925681\n|-terastallize|p1b: Ninetales|Water\n|move|p2a: Wo-Chien|Protect|p2a: Wo-Chien\n|-singleturn|p2a: Wo-Chien|Protect\n|move|p1b: Ninetales|Hypnosis|p2b: Zamazenta|[miss]\n|-miss|p1b: Ninetales|p2b: Zamazenta\n|-enditem|p1b: Ninetales|Blunder Policy\n|-boost|p1b: Ninetales|spe|2\n|move|p2b: Zamazenta|Iron Defense|p2b: Zamazenta\n|-boost|p2b: Zamazenta|def|2\n|move|p1a: Thundurus|Volt Switch|p2b: Zamazenta\n|-damage|p2b: Zamazenta|48/100\n|\n|t:|1769925722\n|switch|p1a: Kyurem|Kyurem-White, L50|75/100|[from] Volt Switch\n|-ability|p1a: Kyurem|Turboblaze\n|\n|-weather|Snowscape|[upkeep]\n|-heal|p2a: Wo-Chien|70/100 psn|[from] item: Leftovers\n|-damage|p2a: Wo-Chien|57/100 psn|[from] psn\n|-sideend|p2: SEITA|move: Light Screen\n|upkeep\n|turn|9\n|\n|t:|1769925734\n|switch|p2a: Kyogre|Kyogre, L50, tera:Grass|95/100\n|-weather|RainDance|[from] ability: Drizzle|[of] p2a: Kyogre\n|move|p1b: Ninetales|Hypnosis|p2b: Zamazenta\n|-status|p2b: Zamazenta|slp|[from] move: Hypnosis\n|move|p1a: Kyurem|Fusion Flare|p2a: Kyogre\n|-supereffective|p2a: Kyogre\n|-damage|p2a: Kyogre|63/100\n|cant|p2b: Zamazenta|slp\n|\n|-weather|RainDance|[upkeep]\n|upkeep\n|turn|10\n|\n|t:|1769925756\n|switch|p1a: Thundurus|Thundurus-Therian, L50, M|46/100\n|move|p1b: Ninetales|Hypnosis|p2a: Kyogre|[miss]\n|-miss|p1b: Ninetales|p2a: Kyogre\n|cant|p2b: Zamazenta|slp\n|move|p2a: Kyogre|Origin Pulse|p1a: Thundurus|[spread] p1a,p1b\n|-resisted|p1b: Ninetales\n|-damage|p1a: Thundurus|17/100\n|-damage|p1b: Ninetales|49/100\n|\n|-weather|RainDance|[upkeep]\n|upkeep\n|turn|11\n|\n|t:|1769925779\n|move|p2a: Kyogre|Protect|p2a: Kyogre\n|-singleturn|p2a: Kyogre|Protect\n|move|p1b: Ninetales|Icy Wind|p2a: Kyogre|[spread] p2b\n|-activate|p2a: Kyogre|move: Protect\n|-resisted|p2b: Zamazenta\n|-damage|p2b: Zamazenta|43/100 slp\n|-unboost|p2b: Zamazenta|spe|1\n|move|p1a: Thundurus|Snarl|p2b: Zamazenta|[spread] p2b\n|-activate|p2a: Kyogre|move: Protect\n|-resisted|p2b: Zamazenta\n|-damage|p2b: Zamazenta|39/100 slp\n|-unboost|p2b: Zamazenta|spa|1\n|cant|p2b: Zamazenta|slp\n|\n|-weather|RainDance|[upkeep]\n|-sideend|p1: pjhhyeok|move: Aurora Veil\n|upkeep\n|turn|12\n|\n|t:|1769925803\n|move|p1b: Ninetales|Hypnosis|p2a: Kyogre|[miss]\n|-miss|p1b: Ninetales|p2a: Kyogre\n|move|p1a: Thundurus|Volt Switch|p2b: Zamazenta\n|-damage|p2b: Zamazenta|16/100 slp\n|\n|t:|1769925808\n|switch|p1a: Kyurem|Kyurem-White, L50|75/100|[from] Volt Switch\n|-ability|p1a: Kyurem|Turboblaze\n|-curestatus|p2b: Zamazenta|slp|[msg]\n|move|p2b: Zamazenta|Body Press|p1b: Ninetales\n|-damage|p1b: Ninetales|0 fnt\n|faint|p1b: Ninetales\n|move|p2a: Kyogre|Origin Pulse|p1a: Kyurem\n|-resisted|p1a: Kyurem\n|-damage|p1a: Kyurem|32/100\n|\n|-weather|RainDance|[upkeep]\n|upkeep\n|\n|t:|1769925811\n|switch|p1b: Thundurus|Thundurus-Therian, L50, M|17/100\n|turn|13\n|\n|t:|1769925834\n|switch|p2b: Grimmsnarl|Grimmsnarl, L50, M|43/100\n|move|p1a: Kyurem|Ice Beam|p2a: Kyogre\n|-supereffective|p2a: Kyogre\n|-damage|p2a: Kyogre|0 fnt\n|faint|p2a: Kyogre\n|move|p1b: Thundurus|Wildbolt Storm|p2b: Grimmsnarl\n|-damage|p2b: Grimmsnarl|0 fnt\n|faint|p2b: Grimmsnarl\n|\n|-weather|none\n|upkeep\n|\n|t:|1769925848\n|switch|p2a: Zamazenta|Zamazenta-Crowned, L50|16/100\n|switch|p2b: Wo-Chien|Wo-Chien, L50|57/100 psn\n|-ability|p2b: Wo-Chien|Tablets of Ruin\n|turn|14\n|\n|t:|1769925870\n|move|p2b: Wo-Chien|Protect|p2b: Wo-Chien\n|-singleturn|p2b: Wo-Chien|Protect\n|move|p1a: Kyurem|Ice Beam|p2b: Wo-Chien\n|-activate|p2b: Wo-Chien|move: Protect\n|move|p2a: Zamazenta|Body Press|p1a: Kyurem\n|-supereffective|p1a: Kyurem\n|-damage|p1a: Kyurem|0 fnt\n|faint|p1a: Kyurem\n|move|p1b: Thundurus|Volt Switch|p2a: Zamazenta\n|-crit|p2a: Zamazenta\n|-damage|p2a: Zamazenta|0 fnt\n|faint|p2a: Zamazenta\n|\n|-heal|p2b: Wo-Chien|64/100 psn|[from] item: Leftovers\n|-damage|p2b: Wo-Chien|51/100 psn|[from] psn\n|upkeep\n|turn|15\n|\n|t:|1769925893\n|move|p1b: Thundurus|Sludge Bomb|p2b: Wo-Chien\n|-supereffective|p2b: Wo-Chien\n|-damage|p2b: Wo-Chien|11/100 psn\n|move|p2b: Wo-Chien|Leech Seed|p1b: Thundurus\n|-start|p1b: Thundurus|move: Leech Seed\n|\n|-heal|p2b: Wo-Chien|18/100 psn|[from] item: Leftovers\n|-damage|p1b: Thundurus|4/100|[from] Leech Seed|[of] p2b: Wo-Chien\n|-heal|p2b: Wo-Chien|30/100 psn|[silent]\n|-damage|p2b: Wo-Chien|17/100 psn|[from] psn\n|upkeep\n|turn|16\n|\n|t:|1769925904\n|move|p2b: Wo-Chien|Protect|p2b: Wo-Chien\n|-singleturn|p2b: Wo-Chien|Protect\n|move|p1b: Thundurus|Sludge Bomb|p2b: Wo-Chien\n|-activate|p2b: Wo-Chien|move: Protect\n|\n|-heal|p2b: Wo-Chien|23/100 psn|[from] item: Leftovers\n|-damage|p1b: Thundurus|0 fnt|[from] Leech Seed|[of] p2b: Wo-Chien\n|-heal|p2b: Wo-Chien|27/100 psn|[silent]\n|faint|p1b: Thundurus\n|\n|win|SEITA\n|raw|pjhhyeok's rating: 1099 &rarr; <strong>1081</strong><br />(-18 for losing)\n|raw|SEITA's rating: 1194 &rarr; <strong>1212</strong><br />(+18 for winning)\n|l|\u2606pjhhyeok\n|player|p1|\n|l|\u2606SEITA\n|player|p2|\n","uploadtime":1769926279,"views":16,"formatid":"gen9vgc2026regi","rating":1081,"private":0,"password":null}