{"id":"gen9vgc2026regi-2578301973","format":"[Gen 9] VGC 2026 Reg I","players":["itastelikeiron","Zorse Mentality"],"log":"|j|\u2606itastelikeiron\n|j|\u2606Zorse Mentality\n|t:|1775666638\n|gametype|doubles\n|player|p1|itastelikeiron|infielder|1608\n|player|p2|Zorse Mentality|265|1585\n|gen|9\n|tier|[Gen 9] VGC 2026 Reg I\n|rated|\n|rule|Species Clause: Limit one of each Pok\u00e9mon\n|rule|Item Clause: Limit 1 of each item\n|clearpoke\n|poke|p1|Kyogre, L50|\n|poke|p1|Zacian-*, L50|\n|poke|p1|Incineroar, L50, F|\n|poke|p1|Raichu, L50, F|\n|poke|p1|Urshifu-*, L50, M|\n|poke|p1|Whimsicott, L50, F|\n|poke|p2|Calyrex-Ice, L50|\n|poke|p2|Kyogre, L50|\n|poke|p2|Incineroar, L50, F|\n|poke|p2|Smeargle, L50, M|\n|poke|p2|Urshifu-*, L50, M|\n|poke|p2|Rillaboom, L50, M|\n|teampreview|4\n|inactive|Battle timer is ON: inactive players will automatically lose when time's up. (requested by Zorse Mentality)\n|\n|t:|1775666689\n|teamsize|p1|4\n|teamsize|p2|4\n|start\n|switch|p1a: Incineroar|Incineroar, L50, F|100/100\n|switch|p1b: Urshifu|Urshifu, L50, M|100/100\n|switch|p2a: Calyrex|Calyrex-Ice, L50|100/100\n|switch|p2b: Incineroar|Incineroar, L50, F|100/100\n|-ability|p2a: Calyrex|As One\n|-ability|p2a: Calyrex|Unnerve\n|-ability|p1a: Incineroar|Intimidate|boost\n|-unboost|p2a: Calyrex|atk|1\n|-unboost|p2b: Incineroar|atk|1\n|-ability|p2b: Incineroar|Intimidate|boost\n|-unboost|p1a: Incineroar|atk|1\n|-unboost|p1b: Urshifu|atk|1\n|turn|1\n|inactive|Zorse Mentality has 30 seconds left.\n|inactive|Zorse Mentality has 20 seconds left.\n|j| r15jocker11c\n|inactive|Zorse Mentality has 15 seconds left.\n|inactive|Zorse Mentality has 10 seconds left.\n|\n|t:|1775666736\n|-terastallize|p2a: Calyrex|Dragon\n|move|p2b: Incineroar|Fake Out|p1b: Urshifu\n|-damage|p1b: Urshifu|92/100\n|cant|p1b: Urshifu|flinch\n|move|p1a: Incineroar|Will-O-Wisp|p2a: Calyrex\n|-status|p2a: Calyrex|brn\n|move|p2a: Calyrex|Leech Seed|p1b: Urshifu\n|-start|p1b: Urshifu|move: Leech Seed\n|\n|-damage|p1b: Urshifu|80/100|[from] Leech Seed|[of] p2a: Calyrex\n|-damage|p2a: Calyrex|94/100 brn|[from] brn\n|upkeep\n|turn|2\n|inactive|itastelikeiron has 30 seconds left.\n|inactive|Zorse Mentality has 30 seconds left.\n|inactive|itastelikeiron has 20 seconds left.\n|inactive|Zorse Mentality has 20 seconds left.\n|\n|t:|1775666772\n|switch|p1b: Kyogre|Kyogre, L50|100/100\n|-weather|RainDance|[from] ability: Drizzle|[of] p1b: Kyogre\n|switch|p2b: Rillaboom|Rillaboom, L50, M|100/100\n|-fieldstart|move: Grassy Terrain|[from] ability: Grassy Surge|[of] p2b: Rillaboom\n|move|p1a: Incineroar|Knock Off|p2a: Calyrex\n|-damage|p2a: Calyrex|77/100 brn\n|-enditem|p2a: Calyrex|Leftovers|[from] move: Knock Off|[of] p1a: Incineroar\n|move|p2a: Calyrex|Leech Seed|p1a: Incineroar\n|-start|p1a: Incineroar|move: Leech Seed\n|\n|-weather|RainDance|[upkeep]\n|-heal|p2a: Calyrex|83/100 brn|[from] Grassy Terrain\n|-damage|p1a: Incineroar|88/100|[from] Leech Seed|[of] p2a: Calyrex\n|-heal|p2a: Calyrex|95/100 brn|[silent]\n|-damage|p2a: Calyrex|89/100 brn|[from] brn\n|upkeep\n|turn|3\n|inactive|Zorse Mentality has 30 seconds left.\n|\n|t:|1775666802\n|switch|p1b: Zacian|Zacian-Crowned, L50|100/100\n|-ability|p1b: Zacian|Intrepid Sword|boost\n|-boost|p1b: Zacian|atk|1\n|move|p2b: Rillaboom|Fake Out|p1a: Incineroar\n|-damage|p1a: Incineroar|80/100\n|-damage|p2b: Rillaboom|84/100|[from] item: Rocky Helmet|[of] p1a: Incineroar\n|cant|p1a: Incineroar|flinch\n|move|p2a: Calyrex|Leech Seed|p1b: Zacian\n|-start|p1b: Zacian|move: Leech Seed\n|\n|-weather|RainDance|[upkeep]\n|-heal|p2b: Rillaboom|90/100|[from] Grassy Terrain\n|-heal|p1a: Incineroar|86/100|[from] Grassy Terrain\n|-heal|p2a: Calyrex|95/100 brn|[from] Grassy Terrain\n|-damage|p1b: Zacian|88/100|[from] Leech Seed|[of] p2a: Calyrex\n|-heal|p2a: Calyrex|100/100 brn|[silent]\n|-damage|p1a: Incineroar|74/100|[from] Leech Seed|[of] p2a: Calyrex\n|-damage|p2a: Calyrex|94/100 brn|[from] brn\n|upkeep\n|turn|4\n|\n|t:|1775666826\n|switch|p2b: Incineroar|Incineroar, L50, F|100/100\n|-ability|p2b: Incineroar|Intimidate|boost\n|-unboost|p1a: Incineroar|atk|1\n|-unboost|p1b: Zacian|atk|1\n|move|p2a: Calyrex|Protect|p2a: Calyrex\n|-singleturn|p2a: Calyrex|Protect\n|move|p1b: Zacian|Play Rough|p2a: Calyrex\n|-activate|p2a: Calyrex|move: Protect\n|move|p1a: Incineroar|Parting Shot|p2b: Incineroar\n|-unboost|p2b: Incineroar|atk|1\n|-unboost|p2b: Incineroar|spa|1\n|\n|t:|1775666832\n|switch|p1a: Kyogre|Kyogre, L50|100/100|[from] Parting Shot\n|\n|-weather|RainDance|[upkeep]\n|-heal|p1b: Zacian|94/100|[from] Grassy Terrain\n|-heal|p2a: Calyrex|100/100 brn|[from] Grassy Terrain\n|-damage|p1b: Zacian|82/100|[from] Leech Seed|[of] p2a: Calyrex\n|-damage|p2a: Calyrex|94/100 brn|[from] brn\n|upkeep\n|turn|5\n|inactive|Zorse Mentality has 30 seconds left.\n|\n|t:|1775666866\n|switch|p1b: Incineroar|Incineroar, L50, F|74/100\n|-ability|p1b: Incineroar|Intimidate|boost\n|-unboost|p2a: Calyrex|atk|1\n|-unboost|p2b: Incineroar|atk|1\n|move|p2b: Incineroar|Fake Out|p1a: Kyogre\n|-damage|p1a: Kyogre|95/100\n|cant|p1a: Kyogre|flinch\n|move|p2a: Calyrex|Leech Seed|p1a: Kyogre\n|-start|p1a: Kyogre|move: Leech Seed\n|\n|-weather|RainDance|[upkeep]\n|-heal|p1a: Kyogre|100/100|[from] Grassy Terrain\n|-heal|p1b: Incineroar|80/100|[from] Grassy Terrain\n|-heal|p2a: Calyrex|100/100 brn|[from] Grassy Terrain\n|-damage|p1a: Kyogre|88/100|[from] Leech Seed|[of] p2a: Calyrex\n|-damage|p2a: Calyrex|94/100 brn|[from] brn\n|upkeep\n|turn|6\n|inactive|Zorse Mentality has 30 seconds left.\n|\n|t:|1775666893\n|switch|p2b: Rillaboom|Rillaboom, L50, M|90/100\n|move|p1a: Kyogre|Water Spout|p2a: Calyrex|[spread] p2a,p2b\n|-resisted|p2a: Calyrex\n|-resisted|p2b: Rillaboom\n|-damage|p2a: Calyrex|71/100 brn\n|-damage|p2b: Rillaboom|65/100\n|move|p1b: Incineroar|Knock Off|p2b: Rillaboom\n|-damage|p2b: Rillaboom|32/100\n|-enditem|p2b: Rillaboom|Assault Vest|[from] move: Knock Off|[of] p1b: Incineroar\n|move|p2a: Calyrex|Leech Seed|p1b: Incineroar\n|-start|p1b: Incineroar|move: Leech Seed\n|\n|-weather|none\n|-heal|p1a: Kyogre|94/100|[from] Grassy Terrain\n|-heal|p2b: Rillaboom|38/100|[from] Grassy Terrain\n|-heal|p1b: Incineroar|86/100|[from] Grassy Terrain\n|-heal|p2a: Calyrex|77/100 brn|[from] Grassy Terrain\n|-damage|p1a: Kyogre|82/100|[from] Leech Seed|[of] p2a: Calyrex\n|-heal|p2a: Calyrex|88/100 brn|[silent]\n|-damage|p1b: Incineroar|74/100|[from] Leech Seed|[of] p2a: Calyrex\n|-heal|p2a: Calyrex|99/100 brn|[silent]\n|-damage|p2a: Calyrex|94/100 brn|[from] brn\n|-fieldend|move: Grassy Terrain\n|upkeep\n|turn|7\n|inactive|Zorse Mentality has 30 seconds left.\n|inactive|Zorse Mentality has 20 seconds left.\n|inactive|Zorse Mentality has 15 seconds left.\n|\n|t:|1775666937\n|switch|p1a: Zacian|Zacian-Crowned, L50|82/100\n|switch|p2a: Kyogre|Kyogre, L50|100/100\n|-weather|RainDance|[from] ability: Drizzle|[of] p2a: Kyogre\n|move|p2b: Rillaboom|U-turn|p1a: Zacian\n|-resisted|p1a: Zacian\n|-damage|p1a: Zacian|78/100\n|\n|t:|1775666948\n|switch|p2b: Incineroar|Incineroar, L50, F|100/100|[from] U-turn\n|-ability|p2b: Incineroar|Intimidate|boost\n|-unboost|p1a: Zacian|atk|1\n|-unboost|p1b: Incineroar|atk|1\n|move|p1b: Incineroar|Parting Shot|p2b: Incineroar\n|-unboost|p2b: Incineroar|atk|1\n|-unboost|p2b: Incineroar|spa|1\n|\n|t:|1775666958\n|switch|p1b: Urshifu|Urshifu, L50, M|80/100|[from] Parting Shot\n|\n|-weather|RainDance|[upkeep]\n|upkeep\n|turn|8\n|\n|t:|1775666965\n|move|p1a: Zacian|Protect|p1a: Zacian\n|-singleturn|p1a: Zacian|Protect\n|move|p1b: Urshifu|Detect|p1b: Urshifu\n|-singleturn|p1b: Urshifu|Protect\n|move|p2b: Incineroar|Fake Out|p1b: Urshifu\n|-activate|p1b: Urshifu|move: Protect\n|move|p2a: Kyogre|Water Spout|p1a: Zacian|[spread] \n|-activate|p1a: Zacian|move: Protect\n|-activate|p1b: Urshifu|move: Protect\n|\n|-weather|RainDance|[upkeep]\n|upkeep\n|turn|9\n|inactive|Zorse Mentality has 30 seconds left.\n|inactive|Zorse Mentality has 20 seconds left.\n|inactive|Zorse Mentality has 15 seconds left.\n|\n|t:|1775667006\n|move|p2a: Kyogre|Water Spout|p1a: Zacian|[spread] p1a,p1b\n|-damage|p1a: Zacian|0 fnt\n|-damage|p1b: Urshifu|0 fnt\n|faint|p1a: Zacian\n|faint|p1b: Urshifu\n|move|p2b: Incineroar|Parting Shot|p1: Zacian|[notarget]\n|-fail|p2b: Incineroar\n|\n|-weather|RainDance|[upkeep]\n|upkeep\n|-message|itastelikeiron forfeited.\n|\n|win|Zorse Mentality\n|raw|itastelikeiron's rating: 1608 &rarr; <strong>1587</strong><br />(-21 for losing)\n|raw|Zorse Mentality's rating: 1585 &rarr; <strong>1606</strong><br />(+21 for winning)\n|l|\u2606itastelikeiron\n|player|p1|\n|l|\u2606Zorse Mentality\n|player|p2|\n","uploadtime":1775667173,"views":17,"formatid":"gen9vgc2026regi","rating":1587,"private":0,"password":null}