{"id":"gen9vgc2026regi-2569113604","format":"[Gen 9] VGC 2026 Reg I","players":["MegaBadHector","giuseppe4.0"],"log":"|j|\u2606MegaBadHector\n|j|\u2606giuseppe4.0\n|t:|1774650093\n|gametype|doubles\n|player|p1|MegaBadHector|169|1467\n|player|p2|giuseppe4.0|2|1437\n|gen|9\n|tier|[Gen 9] VGC 2026 Reg I\n|rated|\n|rule|Species Clause: Limit one of each Pok\u00e9mon\n|rule|Item Clause: Limit 1 of each item\n|clearpoke\n|poke|p1|Miraidon, L50|\n|poke|p1|Calyrex-Ice, L50|\n|poke|p1|Incineroar, L50, M|\n|poke|p1|Whimsicott, L50, M|\n|poke|p1|Pelipper, L50, M|\n|poke|p1|Grimmsnarl, L50, M|\n|poke|p2|Incineroar, L50, M|\n|poke|p2|Rillaboom, L50, M|\n|poke|p2|Landorus, L50, M|\n|poke|p2|Smeargle, L50, M|\n|poke|p2|Koraidon, L50|\n|poke|p2|Calyrex-Ice, L50|\n|teampreview|4\n|\n|t:|1774650128\n|teamsize|p1|4\n|teamsize|p2|4\n|start\n|switch|p1a: Calyrex|Calyrex-Ice, L50|100/100\n|switch|p1b: Incineroar|Incineroar, L50, M|100/100\n|switch|p2a: Calyrex|Calyrex-Ice, L50|100/100\n|switch|p2b: Landorus|Landorus, L50, M|100/100\n|-ability|p1a: Calyrex|As One\n|-ability|p1a: Calyrex|Unnerve\n|-ability|p2a: Calyrex|As One\n|-ability|p2a: Calyrex|Unnerve\n|-ability|p1b: Incineroar|Intimidate|boost\n|-unboost|p2a: Calyrex|atk|1\n|-unboost|p2b: Landorus|atk|1\n|turn|1\n|\n|t:|1774650155\n|-terastallize|p2b: Landorus|Water\n|move|p2a: Calyrex|Protect|p2a: Calyrex\n|-singleturn|p2a: Calyrex|Protect\n|move|p1b: Incineroar|Fake Out|p2b: Landorus\n|-damage|p2b: Landorus|89/100\n|cant|p2b: Landorus|flinch\n|move|p1a: Calyrex|Trick Room|p1a: Calyrex\n|-fieldstart|move: Trick Room|[of] p1a: Calyrex\n|\n|upkeep\n|turn|2\n|\n|t:|1774650175\n|move|p2a: Calyrex|Leech Seed|p1a: Calyrex\n|-start|p1a: Calyrex|move: Leech Seed\n|move|p1a: Calyrex|Leech Seed|p2a: Calyrex\n|-start|p2a: Calyrex|move: Leech Seed\n|move|p1b: Incineroar|Knock Off|p2b: Landorus\n|-damage|p2b: Landorus|50/100\n|-enditem|p2b: Landorus|Life Orb|[from] move: Knock Off|[of] p1b: Incineroar\n|move|p2b: Landorus|Earth Power|p1b: Incineroar\n|-supereffective|p1b: Incineroar\n|-crit|p1b: Incineroar\n|-damage|p1b: Incineroar|0 fnt\n|faint|p1b: Incineroar\n|\n|-damage|p2a: Calyrex|88/100|[from] Leech Seed|[of] p1a: Calyrex\n|-damage|p1a: Calyrex|88/100|[from] Leech Seed|[of] p2a: Calyrex\n|-heal|p2a: Calyrex|100/100|[silent]\n|upkeep\n|\n|t:|1774650188\n|switch|p1b: Pelipper|Pelipper, L50, M|100/100\n|-weather|RainDance|[from] ability: Drizzle|[of] p1b: Pelipper\n|turn|3\n|\n|t:|1774650215\n|switch|p2a: Incineroar|Incineroar, L50, M|100/100\n|-ability|p2a: Incineroar|Intimidate|boost\n|-unboost|p1a: Calyrex|atk|1\n|-unboost|p1b: Pelipper|atk|1\n|move|p1b: Pelipper|Wide Guard|p1b: Pelipper\n|-singleturn|p1b: Pelipper|Wide Guard\n|move|p1a: Calyrex|Glacial Lance|p2a: Incineroar|[spread] p2a,p2b\n|-resisted|p2a: Incineroar\n|-crit|p2a: Incineroar\n|-resisted|p2b: Landorus\n|-damage|p2a: Incineroar|67/100\n|-damage|p2b: Landorus|32/100\n|move|p2b: Landorus|Earth Power|p1a: Calyrex\n|-crit|p1a: Calyrex\n|-damage|p1a: Calyrex|31/100\n|\n|-weather|RainDance|[upkeep]\n|-heal|p1a: Calyrex|37/100|[from] item: Leftovers\n|-damage|p1a: Calyrex|25/100|[from] Leech Seed|[of] p2a: Incineroar\n|-heal|p2a: Incineroar|80/100|[silent]\n|upkeep\n|turn|4\n|\n|t:|1774650243\n|move|p1b: Pelipper|Protect||[still]\n|-fail|p1b: Pelipper\n|move|p2a: Incineroar|Fake Out|p1b: Pelipper\n|-damage|p1b: Pelipper|87/100\n|move|p1a: Calyrex|Glacial Lance|p2a: Incineroar|[spread] p2a,p2b\n|-resisted|p2a: Incineroar\n|-resisted|p2b: Landorus\n|-damage|p2a: Incineroar|65/100\n|-damage|p2b: Landorus|12/100\n|move|p2b: Landorus|Sludge Bomb|p1b: Pelipper\n|-damage|p1b: Pelipper|20/100\n|\n|-weather|RainDance|[upkeep]\n|-heal|p1a: Calyrex|31/100|[from] item: Leftovers\n|-damage|p1a: Calyrex|19/100|[from] Leech Seed|[of] p2a: Incineroar\n|-heal|p2a: Incineroar|78/100|[silent]\n|upkeep\n|turn|5\n|\n|t:|1774650266\n|move|p2b: Landorus|Protect|p2b: Landorus\n|-singleturn|p2b: Landorus|Protect\n|move|p1a: Calyrex|Glacial Lance|p2b: Landorus|[spread] p2a\n|-activate|p2b: Landorus|move: Protect\n|-resisted|p2a: Incineroar\n|-damage|p2a: Incineroar|64/100\n|move|p2a: Incineroar|Knock Off|p1b: Pelipper\n|-damage|p1b: Pelipper|0 fnt\n|-enditem|p1b: Pelipper|Focus Sash|[from] move: Knock Off|[of] p2a: Incineroar\n|faint|p1b: Pelipper\n|\n|-weather|RainDance|[upkeep]\n|-heal|p1a: Calyrex|25/100|[from] item: Leftovers\n|-damage|p1a: Calyrex|13/100|[from] Leech Seed|[of] p2a: Incineroar\n|-heal|p2a: Incineroar|77/100|[silent]\n|-fieldend|move: Trick Room\n|upkeep\n|\n|t:|1774650275\n|switch|p1b: Miraidon|Miraidon, L50|100/100\n|-fieldstart|move: Electric Terrain|[from] ability: Hadron Engine|[of] p1b: Miraidon\n|turn|6\n|\n|t:|1774650292\n|-terastallize|p1b: Miraidon|Fairy\n|move|p1b: Miraidon|Dazzling Gleam|p2a: Incineroar|[spread] p2a,p2b\n|-damage|p2a: Incineroar|20/100\n|-damage|p2b: Landorus|0 fnt\n|faint|p2b: Landorus\n|move|p2a: Incineroar|Parting Shot|p1b: Miraidon\n|-unboost|p1b: Miraidon|atk|1\n|-unboost|p1b: Miraidon|spa|1\n|\n|t:|1774650304\n|switch|p2a: Calyrex|Calyrex-Ice, L50|100/100|[from] Parting Shot\n|-ability|p2a: Calyrex|As One\n|-ability|p2a: Calyrex|Unnerve\n|move|p1a: Calyrex|Leech Seed|p2a: Calyrex\n|-start|p2a: Calyrex|move: Leech Seed\n|\n|-weather|RainDance|[upkeep]\n|-heal|p1a: Calyrex|18/100|[from] item: Leftovers\n|-damage|p1a: Calyrex|6/100|[from] Leech Seed|[of] p2a: Calyrex\n|-damage|p2a: Calyrex|88/100|[from] Leech Seed|[of] p1a: Calyrex\n|-heal|p1a: Calyrex|18/100|[silent]\n|upkeep\n|\n|t:|1774650317\n|switch|p2b: Incineroar|Incineroar, L50, M|20/100\n|-ability|p2b: Incineroar|Intimidate|boost\n|-unboost|p1a: Calyrex|atk|1\n|-unboost|p1b: Miraidon|atk|1\n|turn|7\n|\n|t:|1774650349\n|move|p1a: Calyrex|Protect|p1a: Calyrex\n|-singleturn|p1a: Calyrex|Protect\n|move|p2b: Incineroar|Fake Out|p1b: Miraidon\n|-damage|p1b: Miraidon|90/100\n|cant|p1b: Miraidon|flinch\n|move|p2a: Calyrex|Glacial Lance|p1a: Calyrex|[spread] p1b\n|-activate|p1a: Calyrex|move: Protect\n|-damage|p1b: Miraidon|34/100\n|\n|-weather|none\n|-heal|p1a: Calyrex|24/100|[from] item: Leftovers\n|-heal|p2a: Calyrex|94/100|[from] item: Leftovers\n|-damage|p1a: Calyrex|12/100|[from] Leech Seed|[of] p2a: Calyrex\n|-heal|p2a: Calyrex|100/100|[silent]\n|-damage|p2a: Calyrex|88/100|[from] Leech Seed|[of] p1a: Calyrex\n|-heal|p1a: Calyrex|24/100|[silent]\n|upkeep\n|turn|8\n|\n|t:|1774650373\n|move|p1b: Miraidon|Dazzling Gleam|p2a: Calyrex|[spread] p2a,p2b\n|-damage|p2a: Calyrex|60/100\n|-damage|p2b: Incineroar|0 fnt\n|faint|p2b: Incineroar\n|move|p1a: Calyrex|Glacial Lance|p2a: Calyrex\n|-resisted|p2a: Calyrex\n|-damage|p2a: Calyrex|48/100\n|move|p2a: Calyrex|Glacial Lance|p1b: Miraidon|[spread] p1a,p1b\n|-resisted|p1a: Calyrex\n|-damage|p1a: Calyrex|7/100\n|-damage|p1b: Miraidon|0 fnt\n|faint|p1b: Miraidon\n|-ability|p2a: Calyrex|Chilling Neigh|boost\n|-boost|p2a: Calyrex|atk|1\n|\n|-heal|p1a: Calyrex|13/100|[from] item: Leftovers\n|-heal|p2a: Calyrex|54/100|[from] item: Leftovers\n|-damage|p1a: Calyrex|0 fnt|[from] Leech Seed|[of] p2a: Calyrex\n|-heal|p2a: Calyrex|66/100|[silent]\n|faint|p1a: Calyrex\n|\n|win|giuseppe4.0\n|raw|MegaBadHector's rating: 1467 &rarr; <strong>1445</strong><br />(-22 for losing)\n|raw|giuseppe4.0's rating: 1437 &rarr; <strong>1459</strong><br />(+22 for winning)\n|l|\u2606giuseppe4.0\n|player|p2|\n|l|\u2606MegaBadHector\n|player|p1|\n","uploadtime":1774650566,"views":17,"formatid":"gen9vgc2026regi","rating":1445,"private":0,"password":null}