{"id":"gen9vgc2026regi-2554598356","format":"[Gen 9] VGC 2026 Reg I","players":["Shuriky","Cello L."],"log":"|j|\u2606Shuriky\n|j|\u2606Cello L.\n|t:|1772991421\n|gametype|doubles\n|player|p1|Shuriky|101|1329\n|player|p2|Cello L.|psychic-gen4|1402\n|gen|9\n|tier|[Gen 9] VGC 2026 Reg I\n|rated|\n|rule|Species Clause: Limit one of each Pok\u00e9mon\n|rule|Item Clause: Limit 1 of each item\n|clearpoke\n|poke|p1|Miraidon, L50|\n|poke|p1|Kyogre, L50|\n|poke|p1|Whimsicott, L50, F|\n|poke|p1|Clefairy, L50, F|\n|poke|p1|Iron Treads, L50|\n|poke|p1|Glastrier, L50|\n|poke|p2|Calyrex-Shadow, L50|\n|poke|p2|Koraidon, L50|\n|poke|p2|Regieleki, L50|\n|poke|p2|Volcarona, L50, M|\n|poke|p2|Rillaboom, L50, F|\n|poke|p2|Incineroar, L50, M|\n|teampreview|4\n|\n|t:|1772991444\n|teamsize|p1|4\n|teamsize|p2|4\n|start\n|switch|p1a: Larry|Miraidon, L50|100/100\n|switch|p1b: Trollsicott|Whimsicott, L50, F, shiny|100/100\n|switch|p2a: Calyrex|Calyrex-Shadow, L50|100/100\n|switch|p2b: Rillaboom|Rillaboom, L50, F|100/100\n|-ability|p2a: Calyrex|As One\n|-ability|p2a: Calyrex|Unnerve\n|-fieldstart|move: Electric Terrain|[from] ability: Hadron Engine|[of] p1a: Larry\n|-fieldstart|move: Grassy Terrain|[from] ability: Grassy Surge|[of] p2b: Rillaboom\n|turn|1\n|\n|t:|1772991490\n|switch|p1a: Glastrier|Glastrier, L50|100/100\n|move|p2b: Rillaboom|Fake Out|p1a: Glastrier\n|-damage|p1a: Glastrier|91/100\n|move|p2a: Calyrex|Astral Barrage|p1b: Trollsicott|[spread] p1a,p1b\n|-damage|p1a: Glastrier|57/100\n|-enditem|p1b: Trollsicott|Focus Sash\n|-damage|p1b: Trollsicott|1/100\n|-damage|p2a: Calyrex|91/100|[from] item: Life Orb\n|move|p1b: Trollsicott|Endeavor|p2b: Rillaboom\n|-damage|p2b: Rillaboom|1/100\n|\n|-heal|p2a: Calyrex|97/100|[from] Grassy Terrain\n|-heal|p1b: Trollsicott|7/100|[from] Grassy Terrain\n|-heal|p2b: Rillaboom|7/100|[from] Grassy Terrain\n|-heal|p1a: Glastrier|63/100|[from] Grassy Terrain\n|upkeep\n|turn|2\n|\n|t:|1772991535\n|switch|p2b: Regieleki|Regieleki, L50|100/100\n|move|p1b: Trollsicott|Tailwind|p1b: Trollsicott\n|-sidestart|p1: Shuriky|move: Tailwind\n|move|p2a: Calyrex|Astral Barrage|p1a: Glastrier|[spread] p1a,p1b\n|-crit|p1b: Trollsicott\n|-damage|p1a: Glastrier|23/100\n|-damage|p1b: Trollsicott|0 fnt\n|faint|p1b: Trollsicott\n|-ability|p2a: Calyrex|Grim Neigh|boost\n|-boost|p2a: Calyrex|spa|1\n|-damage|p2a: Calyrex|87/100|[from] item: Life Orb\n|move|p1a: Glastrier|Crunch|p2a: Calyrex\n|-supereffective|p2a: Calyrex\n|-damage|p2a: Calyrex|0 fnt\n|faint|p2a: Calyrex\n|-ability|p1a: Glastrier|Chilling Neigh|boost\n|-boost|p1a: Glastrier|atk|1\n|\n|-heal|p1a: Glastrier|29/100|[from] Grassy Terrain\n|upkeep\n|\n|t:|1772991557\n|switch|p2a: Koraidon|Koraidon, L50|100/100\n|switch|p1b: Larry|Miraidon, L50|100/100\n|-fieldstart|move: Electric Terrain|[from] ability: Hadron Engine|[of] p1b: Larry\n|-weather|SunnyDay|[from] ability: Orichalcum Pulse|[of] p2a: Koraidon\n|-activate|p2a: Koraidon|Orichalcum Pulse|[source]\n|turn|3\n|\n|t:|1772991578\n|-terastallize|p1b: Larry|Fairy\n|move|p2a: Koraidon|Protect|p2a: Koraidon\n|-singleturn|p2a: Koraidon|Protect\n|move|p1b: Larry|Dazzling Gleam|p2b: Regieleki|[spread] p2b\n|-activate|p2a: Koraidon|move: Protect\n|-enditem|p2b: Regieleki|Focus Sash\n|-damage|p2b: Regieleki|1/100\n|-damage|p1b: Larry|91/100|[from] item: Life Orb\n|move|p2b: Regieleki|Volt Switch|p1a: Glastrier\n|-damage|p1a: Glastrier|0 fnt\n|faint|p1a: Glastrier\n|\n|t:|1772991591\n|switch|p2b: Rillaboom|Rillaboom, L50, F|7/100|[from] Volt Switch\n|-fieldstart|move: Grassy Terrain|[from] ability: Grassy Surge|[of] p2b: Rillaboom\n|\n|-weather|SunnyDay|[upkeep]\n|-heal|p1b: Larry|97/100|[from] Grassy Terrain\n|-heal|p2b: Rillaboom|13/100|[from] Grassy Terrain\n|upkeep\n|\n|t:|1772991595\n|switch|p1a: Fih|Kyogre, L50, shiny|100/100\n|-weather|RainDance|[from] ability: Drizzle|[of] p1a: Fih\n|turn|4\n|\n|t:|1772991613\n|-terastallize|p2a: Koraidon|Fire\n|move|p1b: Larry|Protect|p1b: Larry\n|-singleturn|p1b: Larry|Protect\n|move|p1a: Fih|Protect|p1a: Fih\n|-singleturn|p1a: Fih|Protect\n|move|p2b: Rillaboom|Grassy Glide|p1a: Fih\n|-activate|p1a: Fih|move: Protect\n|move|p2a: Koraidon|Collision Course|p1a: Fih\n|-activate|p1a: Fih|move: Protect\n|\n|-weather|RainDance|[upkeep]\n|-heal|p1b: Larry|100/100|[from] Grassy Terrain\n|-heal|p2b: Rillaboom|19/100|[from] Grassy Terrain\n|upkeep\n|turn|5\n|\n|t:|1772991632\n|move|p2a: Koraidon|Protect|p2a: Koraidon\n|-singleturn|p2a: Koraidon|Protect\n|move|p2b: Rillaboom|Grassy Glide|p1a: Fih\n|-supereffective|p1a: Fih\n|-damage|p1a: Fih|35/100\n|move|p1b: Larry|Electro Drift|p2b: Rillaboom\n|-resisted|p2b: Rillaboom\n|-damage|p2b: Rillaboom|0 fnt\n|faint|p2b: Rillaboom\n|-damage|p1b: Larry|91/100|[from] item: Life Orb\n|move|p1a: Fih|Water Spout|p2a: Koraidon\n|-activate|p2a: Koraidon|move: Protect\n|\n|-weather|RainDance|[upkeep]\n|-heal|p1b: Larry|97/100|[from] Grassy Terrain\n|-heal|p1a: Fih|41/100|[from] Grassy Terrain\n|-sideend|p1: Shuriky|move: Tailwind\n|upkeep\n|\n|t:|1772991648\n|switch|p2b: Regieleki|Regieleki, L50|1/100\n|turn|6\n|\n|t:|1772991673\n|move|p1a: Fih|Protect|p1a: Fih\n|-singleturn|p1a: Fih|Protect\n|move|p2b: Regieleki|Thunderbolt|p1b: Larry\n|-damage|p1b: Larry|53/100\n|move|p1b: Larry|Dazzling Gleam|p2a: Koraidon|[spread] p2a,p2b\n|-resisted|p2a: Koraidon\n|-damage|p2a: Koraidon|83/100\n|-damage|p2b: Regieleki|0 fnt\n|faint|p2b: Regieleki\n|-damage|p1b: Larry|44/100|[from] item: Life Orb\n|move|p2a: Koraidon|Collision Course|p1a: Fih\n|-activate|p1a: Fih|move: Protect\n|\n|-weather|RainDance|[upkeep]\n|-heal|p1b: Larry|50/100|[from] Grassy Terrain\n|-heal|p2a: Koraidon|89/100|[from] Grassy Terrain\n|-heal|p1a: Fih|47/100|[from] Grassy Terrain\n|upkeep\n|turn|7\n|\n|t:|1772991693\n|move|p1b: Larry|Electro Drift|p2a: Koraidon\n|-damage|p2a: Koraidon|25/100\n|-damage|p1b: Larry|40/100|[from] item: Life Orb\n|move|p2a: Koraidon|Collision Course|p1a: Fih\n|-damage|p1a: Fih|0 fnt\n|faint|p1a: Fih\n|\n|-weather|RainDance|[upkeep]\n|-heal|p1b: Larry|46/100|[from] Grassy Terrain\n|-heal|p2a: Koraidon|30/100|[from] Grassy Terrain\n|-fieldend|move: Grassy Terrain\n|upkeep\n|turn|8\n|\n|t:|1772991704\n|move|p2a: Koraidon|Protect|p2a: Koraidon\n|-singleturn|p2a: Koraidon|Protect\n|move|p1b: Larry|Electro Drift|p2a: Koraidon\n|-activate|p2a: Koraidon|move: Protect\n|\n|-weather|none\n|upkeep\n|turn|9\n|\n|t:|1772991711\n|move|p1b: Larry|Electro Drift|p2a: Koraidon\n|-damage|p2a: Koraidon|0 fnt\n|faint|p2a: Koraidon\n|-damage|p1b: Larry|36/100|[from] item: Life Orb\n|\n|win|Shuriky\n|raw|Shuriky's rating: 1329 &rarr; <strong>1353</strong><br />(+24 for winning)\n|raw|Cello L.'s rating: 1402 &rarr; <strong>1378</strong><br />(-24 for losing)\n","uploadtime":1772991713,"views":15,"formatid":"gen9vgc2026regi","rating":1353,"private":0,"password":null}