{"id":"gen9vgc2026regi-2539458237","format":"[Gen 9] VGC 2026 Reg I","players":["Afhdx","blackred123"],"log":"|j|\u2606Afhdx\n|j|\u2606blackred123\n|t:|1771063211\n|gametype|doubles\n|player|p1|Afhdx|1|1154\n|player|p2|blackred123|iono-masters|1195\n|gen|9\n|tier|[Gen 9] VGC 2026 Reg I\n|rated|\n|rule|Species Clause: Limit one of each Pok\u00e9mon\n|rule|Item Clause: Limit 1 of each item\n|clearpoke\n|poke|p1|Necrozma-Dusk-Mane, L50|\n|poke|p1|Clefairy, L50, F|\n|poke|p1|Incineroar, L50, M|\n|poke|p1|Tornadus, L50, M|\n|poke|p1|Calyrex-Shadow, L50|\n|poke|p1|Flutter Mane, L50|\n|poke|p2|Gouging Fire, L50|\n|poke|p2|Groudon, L50|\n|poke|p2|Calyrex-Ice, L50|\n|poke|p2|Ursaluna-Bloodmoon, L50, M|\n|poke|p2|Chi-Yu, L50|\n|poke|p2|Flutter Mane, L50|\n|teampreview|4\n|inactive|Battle timer is ON: inactive players will automatically lose when time's up. (requested by blackred123)\n|\n|t:|1771063221\n|teamsize|p1|4\n|teamsize|p2|4\n|start\n|switch|p1a: Necrozma|Necrozma-Dusk-Mane, L50|100/100\n|switch|p1b: Clefairy|Clefairy, L50, F|100/100\n|switch|p2a: \u9e7f\u51a0\u738b|Calyrex-Ice, L50|100/100\n|switch|p2b: \u9999\u8549\u53c9\u708e\u91cc|Gouging Fire, L50|100/100\n|-ability|p2a: \u9e7f\u51a0\u738b|As One\n|-ability|p2a: \u9e7f\u51a0\u738b|Unnerve\n|turn|1\n|\n|t:|1771063239\n|-terastallize|p1a: Necrozma|Water\n|-terastallize|p2a: \u9e7f\u51a0\u738b|Water\n|move|p1b: Clefairy|Protect|p1b: Clefairy\n|-singleturn|p1b: Clefairy|Protect\n|move|p2b: \u9999\u8549\u53c9\u708e\u91cc|Howl|p2b: \u9999\u8549\u53c9\u708e\u91cc|[spread] p2a,p2b\n|-boost|p2a: \u9e7f\u51a0\u738b|atk|1\n|-boost|p2b: \u9999\u8549\u53c9\u708e\u91cc|atk|1\n|move|p1a: Necrozma|Dragon Dance|p1a: Necrozma\n|-boost|p1a: Necrozma|atk|1\n|-boost|p1a: Necrozma|spe|1\n|move|p2a: \u9e7f\u51a0\u738b|Glacial Lance|p1a: Necrozma|[spread] p1a\n|-activate|p1b: Clefairy|move: Protect\n|-resisted|p1a: Necrozma\n|-damage|p1a: Necrozma|78/100\n|\n|upkeep\n|turn|2\n|\n|t:|1771063260\n|move|p1b: Clefairy|Follow Me|p1b: Clefairy\n|-singleturn|p1b: Clefairy|move: Follow Me\n|move|p2b: \u9999\u8549\u53c9\u708e\u91cc|Breaking Swipe|p1b: Clefairy|[spread] p1a\n|-immune|p1b: Clefairy\n|-damage|p1a: Necrozma|62/100\n|move|p1a: Necrozma|Dragon Dance|p1a: Necrozma\n|-boost|p1a: Necrozma|atk|1\n|-boost|p1a: Necrozma|spe|1\n|move|p2a: \u9e7f\u51a0\u738b|Leech Seed|p1b: Clefairy\n|-start|p1b: Clefairy|move: Leech Seed\n|\n|-damage|p1b: Clefairy|88/100|[from] Leech Seed|[of] p2a: \u9e7f\u51a0\u738b\n|upkeep\n|turn|3\n|inactive|blackred123 has 30 seconds left.\n|\n|t:|1771063291\n|move|p1b: Clefairy|Protect|p1b: Clefairy\n|-singleturn|p1b: Clefairy|Protect\n|move|p1a: Necrozma|Earthquake|p2b: \u9999\u8549\u53c9\u708e\u91cc|[spread] p2a,p2b\n|-activate|p1b: Clefairy|move: Protect\n|-supereffective|p2b: \u9999\u8549\u53c9\u708e\u91cc\n|-damage|p2a: \u9e7f\u51a0\u738b|59/100\n|-damage|p2b: \u9999\u8549\u53c9\u708e\u91cc|0 fnt\n|faint|p2b: \u9999\u8549\u53c9\u708e\u91cc\n|-end|p2b: \u9999\u8549\u53c9\u708e\u91cc|Protosynthesis|[silent]\n|move|p2a: \u9e7f\u51a0\u738b|Glacial Lance|p1b: Clefairy|[spread] p1a\n|-activate|p1b: Clefairy|move: Protect\n|-resisted|p1a: Necrozma\n|-damage|p1a: Necrozma|40/100\n|\n|-heal|p2a: \u9e7f\u51a0\u738b|65/100|[from] item: Leftovers\n|-damage|p1b: Clefairy|76/100|[from] Leech Seed|[of] p2a: \u9e7f\u51a0\u738b\n|-heal|p2a: \u9e7f\u51a0\u738b|74/100|[silent]\n|upkeep\n|\n|t:|1771063300\n|switch|p2b: \u6c38\u9664\u5b83\u98de|Groudon, L50|100/100\n|-weather|SunnyDay|[from] ability: Drought|[of] p2b: \u6c38\u9664\u5b83\u98de\n|turn|4\n|inactive|Afhdx has 30 seconds left.\n|\n|t:|1771063326\n|move|p1b: Clefairy|Helping Hand|p1a: Necrozma\n|-singleturn|p1a: Necrozma|Helping Hand|[of] p1b: Clefairy\n|move|p1a: Necrozma|Earthquake|p2b: \u6c38\u9664\u5b83\u98de|[spread] p1b,p2a,p2b\n|-damage|p1b: Clefairy|0 fnt\n|-damage|p2a: \u9e7f\u51a0\u738b|12/100\n|-damage|p2b: \u6c38\u9664\u5b83\u98de|32/100\n|faint|p1b: Clefairy\n|move|p2b: \u6c38\u9664\u5b83\u98de|Heat Crash|p1a: Necrozma\n|-resisted|p1a: Necrozma\n|-damage|p1a: Necrozma|26/100\n|move|p2a: \u9e7f\u51a0\u738b|Trick Room|p2a: \u9e7f\u51a0\u738b\n|-fieldstart|move: Trick Room|[of] p2a: \u9e7f\u51a0\u738b\n|\n|-weather|SunnyDay|[upkeep]\n|-heal|p2a: \u9e7f\u51a0\u738b|17/100|[from] item: Leftovers\n|upkeep\n|\n|t:|1771063347\n|switch|p1b: Incineroar|Incineroar, L50, M|100/100\n|-ability|p1b: Incineroar|Intimidate|boost\n|-unboost|p2a: \u9e7f\u51a0\u738b|atk|1\n|-unboost|p2b: \u6c38\u9664\u5b83\u98de|atk|1\n|turn|5\n|\n|t:|1771063357\n|move|p1b: Incineroar|Fake Out|p2a: \u9e7f\u51a0\u738b\n|-damage|p2a: \u9e7f\u51a0\u738b|8/100\n|cant|p2a: \u9e7f\u51a0\u738b|flinch\n|move|p2b: \u6c38\u9664\u5b83\u98de|Thunder Punch|p1a: Necrozma\n|-supereffective|p1a: Necrozma\n|-damage|p1a: Necrozma|4/100\n|move|p1a: Necrozma|Moonlight|p1a: Necrozma\n|-heal|p1a: Necrozma|70/100\n|\n|-weather|SunnyDay|[upkeep]\n|-heal|p2a: \u9e7f\u51a0\u738b|14/100|[from] item: Leftovers\n|upkeep\n|turn|6\n|\n|t:|1771063381\n|move|p2a: \u9e7f\u51a0\u738b|Leech Seed|p1b: Incineroar\n|-start|p1b: Incineroar|move: Leech Seed\n|move|p1b: Incineroar|Parting Shot|p2b: \u6c38\u9664\u5b83\u98de\n|-unboost|p2b: \u6c38\u9664\u5b83\u98de|atk|1\n|-unboost|p2b: \u6c38\u9664\u5b83\u98de|spa|1\n|\n|t:|1771063390\n|switch|p1b: Calyrex|Calyrex-Shadow, L50|100/100|[from] Parting Shot\n|-ability|p1b: Calyrex|As One\n|-ability|p1b: Calyrex|Unnerve\n|move|p2b: \u6c38\u9664\u5b83\u98de|Precipice Blades|p1a: Necrozma|[spread] p1a,p1b\n|-crit|p1b: Calyrex\n|-damage|p1a: Necrozma|48/100\n|-damage|p1b: Calyrex|0 fnt\n|faint|p1b: Calyrex\n|move|p1a: Necrozma|Moonlight|p1a: Necrozma\n|-heal|p1a: Necrozma|100/100\n|\n|-weather|SunnyDay|[upkeep]\n|-heal|p2a: \u9e7f\u51a0\u738b|20/100|[from] item: Leftovers\n|upkeep\n|\n|t:|1771063409\n|switch|p1b: Incineroar|Incineroar, L50, M|100/100\n|-ability|p1b: Incineroar|Intimidate|boost\n|-unboost|p2a: \u9e7f\u51a0\u738b|atk|1\n|-unboost|p2b: \u6c38\u9664\u5b83\u98de|atk|1\n|turn|7\n|\n|t:|1771063420\n|switch|p2b: \u60f3\u6708\u6210\u90fd\u718a\u718a|Ursaluna-Bloodmoon, L50, M|100/100\n|move|p1b: Incineroar|Protect|p1b: Incineroar\n|-singleturn|p1b: Incineroar|Protect\n|move|p2a: \u9e7f\u51a0\u738b|Leech Seed|p1b: Incineroar\n|-activate|p1b: Incineroar|move: Protect\n|move|p1a: Necrozma|Earthquake|p2a: \u9e7f\u51a0\u738b|[spread] p2a,p2b\n|-activate|p1b: Incineroar|move: Protect\n|-crit|p2a: \u9e7f\u51a0\u738b\n|-damage|p2a: \u9e7f\u51a0\u738b|0 fnt\n|-damage|p2b: \u60f3\u6708\u6210\u90fd\u718a\u718a|53/100\n|faint|p2a: \u9e7f\u51a0\u738b\n|\n|-weather|SunnyDay|[upkeep]\n|upkeep\n|\n|t:|1771063425\n|switch|p2a: \u6c38\u9664\u5b83\u98de|Groudon, L50|32/100\n|turn|8\n|\n|t:|1771063443\n|move|p1b: Incineroar|Protect||[still]\n|-fail|p1b: Incineroar\n|move|p2b: \u60f3\u6708\u6210\u90fd\u718a\u718a|Blood Moon|p1a: Necrozma\n|-damage|p1a: Necrozma|32/100\n|move|p2a: \u6c38\u9664\u5b83\u98de|Precipice Blades|p1a: Necrozma|[spread] \n|-miss|p2a: \u6c38\u9664\u5b83\u98de|p1a: Necrozma\n|-miss|p2a: \u6c38\u9664\u5b83\u98de|p1b: Incineroar\n|move|p1a: Necrozma|Moonlight|p1a: Necrozma\n|-heal|p1a: Necrozma|99/100\n|\n|-weather|none\n|-fieldend|move: Trick Room\n|upkeep\n|turn|9\n|inactive|Afhdx has 30 seconds left.\n|\n|t:|1771063473\n|move|p1b: Incineroar|Protect|p1b: Incineroar\n|-singleturn|p1b: Incineroar|Protect\n|move|p1a: Necrozma|Earthquake|p2b: \u60f3\u6708\u6210\u90fd\u718a\u718a|[spread] p2a,p2b\n|-activate|p1b: Incineroar|move: Protect\n|-damage|p2a: \u6c38\u9664\u5b83\u98de|0 fnt\n|-damage|p2b: \u60f3\u6708\u6210\u90fd\u718a\u718a|7/100\n|faint|p2a: \u6c38\u9664\u5b83\u98de\n|move|p2b: \u60f3\u6708\u6210\u90fd\u718a\u718a|Hyper Voice|p1b: Incineroar|[spread] p1a\n|-activate|p1b: Incineroar|move: Protect\n|-damage|p1a: Necrozma|66/100\n|-enditem|p2b: \u60f3\u6708\u6210\u90fd\u718a\u718a|Throat Spray\n|-boost|p2b: \u60f3\u6708\u6210\u90fd\u718a\u718a|spa|1|[from] item: Throat Spray\n|\n|upkeep\n|turn|10\n|-message|blackred123 forfeited.\n|\n|win|Afhdx\n|raw|Afhdx's rating: 1154 &rarr; <strong>1182</strong><br />(+28 for winning)\n|raw|blackred123's rating: 1195 &rarr; <strong>1167</strong><br />(-28 for losing)\n|l|\u2606blackred123\n|player|p2|\n|l|\u2606Afhdx\n|player|p1|\n","uploadtime":1771063832,"views":24,"formatid":"gen9vgc2026regi","rating":1167,"private":0,"password":null}