{"id":"gen9vgc2026regi-2561721213","format":"[Gen 9] VGC 2026 Reg I","players":["tryashy","Realfrytki"],"log":"|j|\u2606tryashy\n|j|\u2606Realfrytki\n|t:|1773836985\n|gametype|doubles\n|player|p1|tryashy|dawn|1569\n|player|p2|Realfrytki|veteranf|1597\n|gen|9\n|tier|[Gen 9] VGC 2026 Reg I\n|rated|\n|rule|Species Clause: Limit one of each Pok\u00e9mon\n|rule|Item Clause: Limit 1 of each item\n|clearpoke\n|poke|p1|Lunala, L50|\n|poke|p1|Koraidon, L50|\n|poke|p1|Indeedee-F, L50, F|\n|poke|p1|Chi-Yu, L50|\n|poke|p1|Grimmsnarl, L50, M|\n|poke|p1|Walking Wake, L50|\n|poke|p2|Terapagos, L50, M|\n|poke|p2|Grimmsnarl, L50, M|\n|poke|p2|Volcarona, L50, F|\n|poke|p2|Miraidon, L50|\n|poke|p2|Iron Hands, L50|\n|poke|p2|Amoonguss, L50, M|\n|teampreview|4\n|\n|t:|1773837009\n|teamsize|p1|4\n|teamsize|p2|4\n|start\n|switch|p1a: Koraidon|Koraidon, L50|100/100\n|switch|p1b: Chi-Yu|Chi-Yu, L50|100/100\n|switch|p2a: Grimmsnarl|Grimmsnarl, L50, M|100/100\n|switch|p2b: Terapagos|Terapagos, L50, M|100/100\n|-activate|p2b: Terapagos|ability: Tera Shift\n|detailschange|p2b: Terapagos|Terapagos-Terastal, L50, M\n|-heal|p2b: Terapagos|100/100|[silent]\n|-weather|SunnyDay|[from] ability: Orichalcum Pulse|[of] p1a: Koraidon\n|-activate|p1a: Koraidon|Orichalcum Pulse|[source]\n|-ability|p1b: Chi-Yu|Beads of Ruin\n|turn|1\n|inactive|Battle timer is ON: inactive players will automatically lose when time's up. (requested by tryashy)\n|\n|t:|1773837031\n|switch|p1a: Indeedee|Indeedee-F, L50, F|100/100\n|-fieldstart|move: Psychic Terrain|[from] ability: Psychic Surge|[of] p1a: Indeedee\n|-terastallize|p2b: Terapagos|Stellar\n|detailschange|p2b: Terapagos|Terapagos-Stellar, L50, M, tera:Stellar\n|-heal|p2b: Terapagos|100/100|[silent]\n|-ability|p2b: Terapagos|Teraform Zero\n|-weather|none\n|-fieldend|move: Psychic Terrain\n|move|p2a: Grimmsnarl|Fake Out|p1a: Indeedee\n|-damage|p1a: Indeedee|90/100\n|move|p1b: Chi-Yu|Snarl|p2b: Terapagos|[spread] p2a,p2b\n|-resisted|p2a: Grimmsnarl\n|-damage|p2a: Grimmsnarl|90/100\n|-damage|p2b: Terapagos|66/100\n|-unboost|p2b: Terapagos|spa|1\n|move|p2b: Terapagos|Tera Starstorm|p1b: Chi-Yu|[spread] p1a,p1b\n|-damage|p1a: Indeedee|35/100\n|-damage|p1b: Chi-Yu|56/100\n|\n|upkeep\n|turn|2\n|\n|t:|1773837055\n|switch|p2b: Iron Hands|Iron Hands, L50|100/100\n|switch|p1a: Koraidon|Koraidon, L50|100/100\n|-weather|SunnyDay|[from] ability: Orichalcum Pulse|[of] p1a: Koraidon\n|-activate|p1a: Koraidon|Orichalcum Pulse|[source]\n|move|p1b: Chi-Yu|Snarl|p2a: Grimmsnarl|[spread] p2a,p2b\n|-resisted|p2a: Grimmsnarl\n|-resisted|p2b: Iron Hands\n|-damage|p2a: Grimmsnarl|79/100\n|-damage|p2b: Iron Hands|86/100\n|-unboost|p2b: Iron Hands|spa|1\n|move|p2a: Grimmsnarl|Foul Play|p1a: Koraidon\n|-resisted|p1a: Koraidon\n|-damage|p1a: Koraidon|79/100\n|\n|-weather|SunnyDay|[upkeep]\n|upkeep\n|turn|3\n|inactive|tryashy has 30 seconds left.\n|\n|t:|1773837082\n|switch|p1b: Indeedee|Indeedee-F, L50, F|35/100\n|-fieldstart|move: Psychic Terrain|[from] ability: Psychic Surge|[of] p1b: Indeedee\n|-terastallize|p1a: Koraidon|Fire\n|move|p2a: Grimmsnarl|Thunder Wave|p1a: Koraidon\n|-activate|p1a: Koraidon|move: Psychic Terrain\n|move|p1a: Koraidon|Flare Blitz|p2b: Iron Hands\n|-damage|p2b: Iron Hands|0 fnt\n|faint|p2b: Iron Hands\n|-end|p2b: Iron Hands|Quark Drive|[silent]\n|-damage|p1a: Koraidon|45/100|[from] Recoil\n|\n|-weather|SunnyDay|[upkeep]\n|upkeep\n|\n|t:|1773837095\n|switch|p2b: Miraidon|Miraidon, L50|100/100\n|-fieldstart|move: Electric Terrain|[from] ability: Hadron Engine|[of] p2b: Miraidon\n|turn|4\n|\n|t:|1773837108\n|switch|p2a: Terapagos|Terapagos-Stellar, L50, M, tera:Stellar|66/100\n|move|p1b: Indeedee|Follow Me|p1b: Indeedee\n|-singleturn|p1b: Indeedee|move: Follow Me\n|move|p1a: Koraidon|Flare Blitz|p2a: Terapagos\n|-damage|p2a: Terapagos|0 fnt\n|faint|p2a: Terapagos\n|detailschange|p2: Terapagos|Terapagos, L50, M|[silent]\n|-damage|p1a: Koraidon|18/100|[from] Recoil\n|move|p2b: Miraidon|Volt Switch|p1b: Indeedee\n|-crit|p1b: Indeedee\n|-damage|p1b: Indeedee|0 fnt\n|faint|p1b: Indeedee\n|-damage|p2b: Miraidon|90/100|[from] item: Life Orb\n|\n|t:|1773837120\n|switch|p2b: Grimmsnarl|Grimmsnarl, L50, M|79/100|[from] Volt Switch\n|\n|-weather|SunnyDay|[upkeep]\n|upkeep\n|\n|t:|1773837126\n|switch|p2a: Miraidon|Miraidon, L50|90/100\n|switch|p1b: Walking Wake|Walking Wake, L50|100/100\n|-activate|p2a: Miraidon|ability: Hadron Engine\n|-activate|p1b: Walking Wake|ability: Protosynthesis\n|-start|p1b: Walking Wake|protosynthesisspe\n|turn|5\n|\n|t:|1773837142\n|switch|p1a: Chi-Yu|Chi-Yu, L50|56/100\n|-ability|p1a: Chi-Yu|Beads of Ruin\n|move|p2b: Grimmsnarl|Fake Out|p1b: Walking Wake\n|-damage|p1b: Walking Wake|88/100\n|cant|p1b: Walking Wake|flinch\n|move|p2a: Miraidon|Electro Drift|p1a: Chi-Yu\n|-damage|p1a: Chi-Yu|0 fnt\n|faint|p1a: Chi-Yu\n|-damage|p2a: Miraidon|80/100|[from] item: Life Orb\n|\n|-weather|SunnyDay|[upkeep]\n|upkeep\n|\n|t:|1773837151\n|switch|p1a: Koraidon|Koraidon, L50, tera:Fire|18/100\n|-activate|p1a: Koraidon|ability: Orichalcum Pulse\n|turn|6\n|inactive|Realfrytki has 30 seconds left.\n|inactive|Realfrytki has 20 seconds left.\n|inactive|Realfrytki has 15 seconds left.\n|j| KittyPON2\n|\n|t:|1773837194\n|move|p2b: Grimmsnarl|Thunder Wave|p1b: Walking Wake\n|-status|p1b: Walking Wake|par\n|move|p1a: Koraidon|Close Combat|p2a: Miraidon\n|-damage|p2a: Miraidon|0 fnt\n|-unboost|p1a: Koraidon|def|1\n|-unboost|p1a: Koraidon|spd|1\n|faint|p2a: Miraidon\n|move|p1b: Walking Wake|Hydro Steam|p2b: Grimmsnarl\n|-damage|p2b: Grimmsnarl|0 fnt\n|faint|p2b: Grimmsnarl\n|-damage|p1b: Walking Wake|79/100 par|[from] item: Life Orb\n|\n|win|tryashy\n|raw|tryashy's rating: 1569 &rarr; <strong>1591</strong><br />(+22 for winning)\n|raw|Realfrytki's rating: 1597 &rarr; <strong>1575</strong><br />(-22 for losing)\n|l|\u2606Realfrytki\n|player|p2|\n|l|\u2606tryashy\n|player|p1|\n|l| KittyPON2\n","uploadtime":1773837386,"views":35,"formatid":"gen9vgc2026regi","rating":1575,"private":0,"password":null}