{"id":"gen9vgc2026regi-2582132356","format":"[Gen 9] VGC 2026 Reg I","players":["Shutaberry","TheManOfSausage"],"log":"|j|\u2606Shutaberry\n|j|\u2606TheManOfSausage\n|t:|1776062149\n|gametype|doubles\n|player|p1|Shutaberry|silver|1521\n|player|p2|TheManOfSausage|miku-water|1540\n|gen|9\n|tier|[Gen 9] VGC 2026 Reg I\n|rated|\n|rule|Species Clause: Limit one of each Pok\u00e9mon\n|rule|Item Clause: Limit 1 of each item\n|clearpoke\n|poke|p1|Miraidon, L50|\n|poke|p1|Lunala, L50|\n|poke|p1|Whimsicott, L50, F|\n|poke|p1|Urshifu-*, L50, F|\n|poke|p1|Incineroar, L50, F|\n|poke|p1|Ursaluna, L50, M|\n|poke|p2|Calyrex-Ice, L50|\n|poke|p2|Miraidon, L50|\n|poke|p2|Farigiraf, L50, F|\n|poke|p2|Volcarona, L50, M|\n|poke|p2|Urshifu-*, L50, M|\n|poke|p2|Iron Hands, L50|\n|teampreview|4\nTheManOfSausage has agreed to open team sheets.\nShutaberry has agreed to open team sheets.\n|showteam|p1|Miraidon||LifeOrb|HadronEngine|ElectroDrift,DracoMeteor,VoltSwitch,Protect||||||50|,,,,,Electric]Lunala||ElectricSeed|ShadowShield|MoongeistBeam,Moonblast,WideGuard,TrickRoom||||||50|,,,,,Fairy]Whimsicott||CovertCloak|Prankster|Moonblast,Encore,LightScreen,Tailwind|||F|||50|,,,,,Water]Urshifu-Rapid-Strike||ChoiceBand|UnseenFist|SurgingStrikes,CloseCombat,AquaJet,Uturn|||F|||50|,,,,,Ghost]Incineroar||AssaultVest|Intimidate|FlareBlitz,KnockOff,Uturn,FakeOut|||F|||50|,,,,,Bug]Ursaluna||FlameOrb|Guts|Facade,HeadlongRush,Earthquake,Protect|||M|||50|,,,,,Ghost\n|showteam|p2|Calyrex-Ice||ClearAmulet|AsOneGlastrier|GlacialLance,HighHorsepower,TrickRoom,Protect||||||50|,,,,,Water]Miraidon||ChoiceScarf|HadronEngine|ElectroDrift,VoltSwitch,DracoMeteor,Snarl||||||50|,,,,,Electric]Farigiraf||ElectricSeed|ArmorTail|Psychic,FoulPlay,TrickRoom,HelpingHand|||F|||50|,,,,,Water]Volcarona||RockyHelmet|FlameBody|FieryDance,StruggleBug,RagePowder,Protect|||M|||50|,,,,,Dragon]Urshifu-Rapid-Strike||FocusSash|UnseenFist|CloseCombat,SurgingStrikes,AquaJet,Detect|||M|||50|,,,,,Stellar]Iron Hands||AssaultVest|QuarkDrive|DrainPunch,WildCharge,LowKick,FakeOut||||||50|,,,,,Water\n|\n|t:|1776062187\n|teamsize|p1|4\n|teamsize|p2|4\n|start\n|switch|p1a: Miraidon|Miraidon, L50|100/100\n|switch|p1b: Lunala|Lunala, L50|100/100\n|switch|p2a: Magical Mirai|Miraidon, L50|100/100\n|switch|p2b: Ogurin|Calyrex-Ice, L50|100/100\n|-ability|p2b: Ogurin|As One\n|-ability|p2b: Ogurin|Unnerve\n|-fieldstart|move: Electric Terrain|[from] ability: Hadron Engine|[of] p2a: Magical Mirai\n|-enditem|p1b: Lunala|Electric Seed\n|-boost|p1b: Lunala|def|1|[from] item: Electric Seed\n|-activate|p1a: Miraidon|ability: Hadron Engine\n|turn|1\n|\n|t:|1776062216\n|-terastallize|p1a: Miraidon|Electric\n|move|p2b: Ogurin|Protect|p2b: Ogurin\n|-singleturn|p2b: Ogurin|Protect\n|move|p2a: Magical Mirai|Volt Switch|p1b: Lunala\n|-damage|p1b: Lunala|76/100\n|\n|t:|1776062223\n|switch|p2a: Brian|Iron Hands, L50, shiny|100/100|[from] Volt Switch\n|-activate|p2a: Brian|ability: Quark Drive\n|-start|p2a: Brian|quarkdriveatk\n|move|p1a: Miraidon|Electro Drift|p2b: Ogurin\n|-activate|p2b: Ogurin|move: Protect\n|move|p1b: Lunala|Moongeist Beam|p2b: Ogurin\n|-activate|p2b: Ogurin|move: Protect\n|\n|upkeep\n|turn|2\n|\n|t:|1776062255\n|switch|p2b: Magical Mirai|Miraidon, L50|100/100\n|-activate|p2b: Magical Mirai|ability: Hadron Engine\n|move|p1a: Miraidon|Electro Drift|p2b: Magical Mirai\n|-resisted|p2b: Magical Mirai\n|-damage|p2b: Magical Mirai|61/100\n|-damage|p1a: Miraidon|91/100|[from] item: Life Orb\n|move|p1b: Lunala|Moongeist Beam|p2b: Magical Mirai\n|-damage|p2b: Magical Mirai|5/100\n|move|p2a: Brian|Wild Charge|p1b: Lunala\n|-crit|p1b: Lunala\n|-damage|p1b: Lunala|0 fnt\n|faint|p1b: Lunala\n|-damage|p2a: Brian|83/100|[from] Recoil\n|\n|upkeep\n|\n|t:|1776062273\n|switch|p1b: Whimsicott|Whimsicott, L50, F|100/100\n|turn|3\n|\n|t:|1776062310\n|move|p2b: Magical Mirai|Volt Switch|p1b: Whimsicott\n|-resisted|p1b: Whimsicott\n|-damage|p1b: Whimsicott|63/100\n|\n|t:|1776062316\n|switch|p2b: Ogurin|Calyrex-Ice, L50|100/100|[from] Volt Switch\n|-ability|p2b: Ogurin|As One\n|-ability|p2b: Ogurin|Unnerve\n|move|p1a: Miraidon|Draco Meteor|p2a: Brian\n|-damage|p2a: Brian|10/100\n|-unboost|p1a: Miraidon|spa|2\n|-damage|p1a: Miraidon|82/100|[from] item: Life Orb\n|move|p1b: Whimsicott|Moonblast|p2b: Ogurin\n|-damage|p2b: Ogurin|79/100\n|move|p2a: Brian|Low Kick|p1a: Miraidon\n|-crit|p1a: Miraidon\n|-damage|p1a: Miraidon|0 fnt\n|faint|p1a: Miraidon\n|\n|upkeep\n|\n|t:|1776062342\n|switch|p1a: Ursaluna|Ursaluna, L50, M|100/100\n|turn|4\n|\n|t:|1776062358\n|-end|p2a: Brian|Quark Drive|[silent]\n|switch|p2a: Magical Mirai|Miraidon, L50|5/100\n|-activate|p2a: Magical Mirai|ability: Hadron Engine\n|move|p1b: Whimsicott|Tailwind|p1b: Whimsicott\n|-sidestart|p1: Shutaberry|move: Tailwind\n|move|p1a: Ursaluna|Earthquake|p2a: Magical Mirai|[spread] p1b,p2a,p2b\n|-resisted|p1b: Whimsicott\n|-supereffective|p2a: Magical Mirai\n|-damage|p1b: Whimsicott|36/100\n|-damage|p2a: Magical Mirai|0 fnt\n|-damage|p2b: Ogurin|54/100\n|faint|p2a: Magical Mirai\n|move|p2b: Ogurin|Glacial Lance|p1a: Ursaluna|[spread] p1a,p1b\n|-supereffective|p1a: Ursaluna\n|-supereffective|p1b: Whimsicott\n|-damage|p1a: Ursaluna|15/100\n|-damage|p1b: Whimsicott|0 fnt\n|faint|p1b: Whimsicott\n|-ability|p2b: Ogurin|Chilling Neigh|boost\n|-boost|p2b: Ogurin|atk|1\n|\n|-status|p1a: Ursaluna|brn|[from] item: Flame Orb\n|upkeep\n|\n|t:|1776062363\n|switch|p2a: Brian|Iron Hands, L50, shiny|10/100\n|-activate|p2a: Brian|ability: Quark Drive\n|-start|p2a: Brian|quarkdriveatk\n|turn|5\n|\n|t:|1776062381\n|move|p2a: Brian|Fake Out|p1a: Ursaluna\n|-damage|p1a: Ursaluna|0 fnt\n|faint|p1a: Ursaluna\n|\n|win|TheManOfSausage\n|raw|Shutaberry's rating: 1521 &rarr; <strong>1502</strong><br />(-19 for losing)\n|raw|TheManOfSausage's rating: 1540 &rarr; <strong>1559</strong><br />(+19 for winning)\n|c|\u2606TheManOfSausage|gg\n|l|\u2606Shutaberry\n|player|p1|\n|l|\u2606TheManOfSausage\n|player|p2|\n","uploadtime":1776062528,"views":12,"formatid":"gen9vgc2026regi","rating":1502,"private":0,"password":null}