{"id":"gen9vgc2026regi-2589672826","format":"[Gen 9] VGC 2026 Reg I","players":["deltron000","clessvgc"],"log":"|j|\u2606deltron000\n|j|\u2606clessvgc\n|t:|1776745556\n|gametype|doubles\n|player|p1|deltron000|rocketgrunt|1355\n|player|p2|clessvgc|proton|1453\n|gen|9\n|tier|[Gen 9] VGC 2026 Reg I\n|rated|\n|rule|Species Clause: Limit one of each Pok\u00e9mon\n|rule|Item Clause: Limit 1 of each item\n|clearpoke\n|poke|p1|Calyrex-Shadow, L50|\n|poke|p1|Terapagos, L50, M|\n|poke|p1|Sinistcha-Masterpiece, L50|\n|poke|p1|Rillaboom, L50, M|\n|poke|p1|Farigiraf, L50, F|\n|poke|p1|Incineroar, L50, M|\n|poke|p2|Landorus-Therian, L50, M|\n|poke|p2|Calyrex-Shadow, L50|\n|poke|p2|Iron Moth, L50|\n|poke|p2|Tornadus, L50, M|\n|poke|p2|Tinkaton, L50, F|\n|poke|p2|Kyogre, L50|\n|teampreview|4\n|inactive|Battle timer is ON: inactive players will automatically lose when time's up. (requested by clessvgc)\ndeltron000 rejected open team sheets.\n|\n|t:|1776745568\n|teamsize|p1|4\n|teamsize|p2|4\n|start\n|switch|p1a: Terapagos|Terapagos, L50, M|100/100\n|switch|p1b: Rillaboom|Rillaboom, L50, M|100/100\n|switch|p2a: Tinkaton|Tinkaton, L50, F|100/100\n|switch|p2b: Kyogre|Kyogre, L50|100/100\n|-activate|p1a: Terapagos|ability: Tera Shift\n|detailschange|p1a: Terapagos|Terapagos-Terastal, L50, M\n|-heal|p1a: Terapagos|100/100|[silent]\n|-weather|RainDance|[from] ability: Drizzle|[of] p2b: Kyogre\n|-fieldstart|move: Grassy Terrain|[from] ability: Grassy Surge|[of] p1b: Rillaboom\n|-ability|p2a: Tinkaton|Mold Breaker\n|turn|1\n|\n|t:|1776745591\n|move|p1b: Rillaboom|Fake Out|p2b: Kyogre\n|-damage|p2b: Kyogre|84/100\n|move|p2a: Tinkaton|Fake Out|p1b: Rillaboom\n|-damage|p1b: Rillaboom|93/100\n|cant|p2b: Kyogre|flinch\n|move|p1a: Terapagos|Calm Mind|p1a: Terapagos\n|-boost|p1a: Terapagos|spa|1\n|-boost|p1a: Terapagos|spd|1\n|\n|-weather|RainDance|[upkeep]\n|-heal|p2b: Kyogre|90/100|[from] Grassy Terrain\n|-heal|p1b: Rillaboom|99/100|[from] Grassy Terrain\n|upkeep\n|turn|2\n|\n|t:|1776745610\n|switch|p2b: Landorus|Landorus-Therian, L50, M|100/100\n|-ability|p2b: Landorus|Intimidate|boost\n|-unboost|p1a: Terapagos|atk|1\n|-unboost|p1b: Rillaboom|atk|1\n|move|p1b: Rillaboom|Wood Hammer|p2b: Landorus\n|-damage|p2b: Landorus|43/100\n|-damage|p1b: Rillaboom|80/100|[from] Recoil\n|move|p2a: Tinkaton|Gigaton Hammer|p1b: Rillaboom\n|-crit|p1b: Rillaboom\n|-damage|p1b: Rillaboom|19/100\n|move|p1a: Terapagos|Calm Mind|p1a: Terapagos\n|-boost|p1a: Terapagos|spa|1\n|-boost|p1a: Terapagos|spd|1\n|\n|-weather|RainDance|[upkeep]\n|-heal|p1b: Rillaboom|24/100|[from] Grassy Terrain\n|upkeep\n|turn|3\n|\n|t:|1776745630\n|switch|p2a: Calyrex|Calyrex-Shadow, L50|100/100\n|-ability|p2a: Calyrex|As One\n|-ability|p2a: Calyrex|Unnerve\n|move|p2b: Landorus|U-turn|p1b: Rillaboom\n|-supereffective|p1b: Rillaboom\n|-damage|p1b: Rillaboom|0 fnt\n|faint|p1b: Rillaboom\n|\n|t:|1776745639\n|switch|p2b: Tinkaton|Tinkaton, L50, F|100/100|[from] U-turn\n|-ability|p2b: Tinkaton|Mold Breaker\n|move|p1a: Terapagos|Calm Mind|p1a: Terapagos\n|-boost|p1a: Terapagos|spa|1\n|-boost|p1a: Terapagos|spd|1\n|\n|-weather|RainDance|[upkeep]\n|upkeep\n|\n|t:|1776745642\n|switch|p1b: Incineroar|Incineroar, L50, M|100/100\n|-ability|p1b: Incineroar|Intimidate|boost\n|-unboost|p2a: Calyrex|atk|1\n|-unboost|p2b: Tinkaton|atk|1\n|turn|4\n|\n|t:|1776745656\n|-terastallize|p1a: Terapagos|Stellar\n|detailschange|p1a: Terapagos|Terapagos-Stellar, L50, M, tera:Stellar\n|-heal|p1a: Terapagos|100/100|[silent]\n|-ability|p1a: Terapagos|Teraform Zero\n|-weather|none\n|-fieldend|move: Grassy Terrain\n|move|p2b: Tinkaton|Fake Out|p1b: Incineroar\n|-crit|p1b: Incineroar\n|-damage|p1b: Incineroar|91/100\n|move|p2a: Calyrex|Encore|p1a: Terapagos\n|-start|p1a: Terapagos|Encore\n|move|p1a: Terapagos|Calm Mind|p1a: Terapagos\n|-boost|p1a: Terapagos|spa|1\n|-boost|p1a: Terapagos|spd|1\n|cant|p1b: Incineroar|flinch\n|\n|upkeep\n|turn|5\n|\n|t:|1776745669\n|switch|p2a: Landorus|Landorus-Therian, L50, M|43/100\n|-ability|p2a: Landorus|Intimidate|boost\n|-unboost|p1a: Terapagos|atk|1\n|-unboost|p1b: Incineroar|atk|1\n|move|p2b: Tinkaton|Gigaton Hammer|p1a: Terapagos\n|-damage|p1a: Terapagos|85/100\n|move|p1a: Terapagos|Calm Mind|p1a: Terapagos\n|-boost|p1a: Terapagos|spa|1\n|-boost|p1a: Terapagos|spd|1\n|move|p1b: Incineroar|Knock Off|p2a: Landorus\n|-damage|p2a: Landorus|3/100\n|-enditem|p2a: Landorus|Choice Scarf|[from] move: Knock Off|[of] p1b: Incineroar\n|\n|-heal|p1a: Terapagos|91/100|[from] item: Leftovers\n|upkeep\n|turn|6\n|\n|t:|1776745684\n|switch|p2b: Calyrex|Calyrex-Shadow, L50|100/100\n|-ability|p2b: Calyrex|As One\n|-ability|p2b: Calyrex|Unnerve\n|-terastallize|p2a: Landorus|Flying\n|move|p2a: Landorus|Tera Blast|p1a: Terapagos|[anim] Tera Blast Flying\n|-damage|p1a: Terapagos|56/100\n|move|p1a: Terapagos|Calm Mind|p1a: Terapagos\n|-boost|p1a: Terapagos|spa|1\n|-boost|p1a: Terapagos|spd|1\n|move|p1b: Incineroar|Knock Off|p2a: Landorus\n|-damage|p2a: Landorus|0 fnt\n|faint|p2a: Landorus\n|\n|-heal|p1a: Terapagos|62/100|[from] item: Leftovers\n|-end|p1a: Terapagos|Encore\n|upkeep\n|\n|t:|1776745693\n|switch|p2a: Kyogre|Kyogre, L50|90/100\n|-weather|RainDance|[from] ability: Drizzle|[of] p2a: Kyogre\n|turn|7\n|\n|t:|1776745703\n|move|p1a: Terapagos|Protect|p1a: Terapagos\n|-singleturn|p1a: Terapagos|Protect\n|move|p2b: Calyrex|Psychic|p1a: Terapagos\n|-activate|p1a: Terapagos|move: Protect\n|move|p2a: Kyogre|Water Spout|p1a: Terapagos|[spread] p1b\n|-activate|p1a: Terapagos|move: Protect\n|-supereffective|p1b: Incineroar\n|-damage|p1b: Incineroar|0 fnt\n|faint|p1b: Incineroar\n|\n|-weather|RainDance|[upkeep]\n|-heal|p1a: Terapagos|68/100|[from] item: Leftovers\n|upkeep\n|\n|t:|1776745710\n|switch|p1b: Calyrex|Calyrex-Shadow, L50|100/100\n|-ability|p1b: Calyrex|As One\n|-ability|p1b: Calyrex|Unnerve\n|turn|8\n|\n|t:|1776745718\n|move|p2b: Calyrex|Encore|p1a: Terapagos\n|-start|p1a: Terapagos|Encore\n|move|p1b: Calyrex|Astral Barrage|p2a: Kyogre|[spread] p2a,p2b\n|-supereffective|p2b: Calyrex\n|-damage|p2a: Kyogre|45/100\n|-enditem|p2b: Calyrex|Focus Sash\n|-damage|p2b: Calyrex|1/100\n|move|p2a: Kyogre|Origin Pulse|p1b: Calyrex|[spread] p1a,p1b\n|-damage|p1a: Terapagos|53/100\n|-damage|p1b: Calyrex|16/100\n|move|p1a: Terapagos|Protect||[still]\n|-fail|p1a: Terapagos\n|\n|-weather|RainDance|[upkeep]\n|-heal|p1a: Terapagos|59/100|[from] item: Leftovers\n|upkeep\n|turn|9\n|\n|t:|1776745729\n|switch|p2a: Tinkaton|Tinkaton, L50, F|100/100\n|-ability|p2a: Tinkaton|Mold Breaker\n|move|p1a: Terapagos|Protect|p1a: Terapagos\n|-singleturn|p1a: Terapagos|Protect\n|move|p2b: Calyrex|Astral Barrage|p1a: Terapagos|[spread] p1b\n|-activate|p1a: Terapagos|move: Protect\n|-supereffective|p1b: Calyrex\n|-damage|p1b: Calyrex|0 fnt\n|faint|p1b: Calyrex\n|-ability|p2b: Calyrex|Grim Neigh|boost\n|-boost|p2b: Calyrex|spa|1\n|\n|-weather|RainDance|[upkeep]\n|-heal|p1a: Terapagos|65/100|[from] item: Leftovers\n|upkeep\n|turn|10\n|\n|t:|1776745738\n|move|p1a: Terapagos|Protect|p1a: Terapagos\n|-singleturn|p1a: Terapagos|Protect\n|move|p2a: Tinkaton|Fake Out|p1a: Terapagos\n|-activate|p1a: Terapagos|move: Protect\n|move|p2b: Calyrex|Psychic|p1a: Terapagos\n|-activate|p1a: Terapagos|move: Protect\n|\n|-weather|RainDance|[upkeep]\n|-heal|p1a: Terapagos|71/100|[from] item: Leftovers\n|-end|p1a: Terapagos|Encore\n|upkeep\n|turn|11\n|\n|t:|1776745743\n|move|p2b: Calyrex|Encore|p1a: Terapagos\n|-start|p1a: Terapagos|Encore\n|move|p2a: Tinkaton|Gigaton Hammer|p1a: Terapagos\n|-damage|p1a: Terapagos|46/100\n|move|p1a: Terapagos|Protect||[still]\n|-fail|p1a: Terapagos\n|\n|-weather|none\n|-heal|p1a: Terapagos|52/100|[from] item: Leftovers\n|upkeep\n|turn|12\n|\n|t:|1776745747\n|move|p1a: Terapagos|Protect|p1a: Terapagos\n|-singleturn|p1a: Terapagos|Protect\n|move|p2a: Tinkaton|Feint|p1a: Terapagos\n|-activate|p1a: Terapagos|move: Feint\n|-damage|p1a: Terapagos|49/100\n|move|p2b: Calyrex|Psychic|p1a: Terapagos\n|-damage|p1a: Terapagos|36/100\n|\n|-heal|p1a: Terapagos|42/100|[from] item: Leftovers\n|upkeep\n|turn|13\n|\n|t:|1776745752\n|move|p1a: Terapagos|Protect|p1a: Terapagos\n|-singleturn|p1a: Terapagos|Protect\n|move|p2a: Tinkaton|Feint|p1a: Terapagos\n|-activate|p1a: Terapagos|move: Feint\n|-crit|p1a: Terapagos\n|-damage|p1a: Terapagos|37/100\n|move|p2b: Calyrex|Psychic|p1a: Terapagos\n|-damage|p1a: Terapagos|24/100\n|\n|-heal|p1a: Terapagos|30/100|[from] item: Leftovers\n|-end|p1a: Terapagos|Encore\n|upkeep\n|turn|14\n|\n|t:|1776745758\n|move|p2b: Calyrex|Encore|p1a: Terapagos\n|-start|p1a: Terapagos|Encore\n|move|p2a: Tinkaton|Gigaton Hammer|p1a: Terapagos\n|-damage|p1a: Terapagos|5/100\n|move|p1a: Terapagos|Protect||[still]\n|-fail|p1a: Terapagos\n|\n|-heal|p1a: Terapagos|11/100|[from] item: Leftovers\n|upkeep\n|turn|15\n|\n|t:|1776745762\n|move|p1a: Terapagos|Protect|p1a: Terapagos\n|-singleturn|p1a: Terapagos|Protect\n|move|p2a: Tinkaton|Feint|p1a: Terapagos\n|-activate|p1a: Terapagos|move: Feint\n|-damage|p1a: Terapagos|8/100\n|move|p2b: Calyrex|Psychic|p1a: Terapagos\n|-damage|p1a: Terapagos|0 fnt\n|faint|p1a: Terapagos\n|detailschange|p1: Terapagos|Terapagos, L50, M|[silent]\n|\n|win|clessvgc\n|raw|deltron000's rating: 1355 &rarr; <strong>1340</strong><br />(-15 for losing)\n|raw|clessvgc's rating: 1453 &rarr; <strong>1468</strong><br />(+15 for winning)\n|l|\u2606deltron000\n|player|p1|\n|c|\u2606clessvgc|useless terapagos\n|l|\u2606clessvgc\n|player|p2|\n","uploadtime":1776745933,"views":9,"formatid":"gen9vgc2026regi","rating":1340,"private":0,"password":null}