{"id":"gen9vgc2026regi-2572986914","format":"[Gen 9] VGC 2026 Reg I","players":["Bman311","avarussurava"],"log":"|j|\u2606Bman311\n|j|\u2606avarussurava\n|t:|1775079454\n|gametype|doubles\n|player|p1|Bman311|102|1514\n|player|p2|avarussurava|102|1398\n|gen|9\n|tier|[Gen 9] VGC 2026 Reg I\n|rated|\n|rule|Species Clause: Limit one of each Pok\u00e9mon\n|rule|Item Clause: Limit 1 of each item\n|clearpoke\n|poke|p1|Koraidon, L50|\n|poke|p1|Calyrex-Ice, L50|\n|poke|p1|Incineroar, L50, M|\n|poke|p1|Brute Bonnet, L50|\n|poke|p1|Flutter Mane, L50|\n|poke|p1|Gouging Fire, L50|\n|poke|p2|Kyogre, L50|\n|poke|p2|Tyranitar, L50, F|\n|poke|p2|Zamazenta-*, L50|\n|poke|p2|Gastrodon, L50, M|\n|poke|p2|Sinistcha, L50|\n|poke|p2|Ceruledge, L50, M|\n|teampreview|4\n|inactive|Battle timer is ON: inactive players will automatically lose when time's up. (requested by Bman311)\n|l|\u2606avarussurava\n|inactive|avarussurava disconnected and has a minute to reconnect!\n|player|p2|\nBman311 has agreed to open team sheets.\n|j|\u2606avarussurava\n|inactive|avarussurava reconnected and has 80 seconds left.\n|player|p2|avarussurava|102|\n|inactive|avarussurava has 60 seconds left.\n|\n|t:|1775079494\n|teamsize|p1|4\n|teamsize|p2|4\n|start\n|switch|p1a: Calyrex|Calyrex-Ice, L50|100/100\n|switch|p1b: Brute Bonnet|Brute Bonnet, L50|100/100\n|switch|p2a: Zamazenta|Zamazenta-Crowned, L50|100/100\n|switch|p2b: Ceruledge|Ceruledge, L50, M|100/100\n|-ability|p1a: Calyrex|As One\n|-ability|p1a: Calyrex|Unnerve\n|-ability|p2a: Zamazenta|Dauntless Shield|boost\n|-boost|p2a: Zamazenta|def|1\n|turn|1\n|\n|t:|1775079510\n|-terastallize|p1b: Brute Bonnet|Water\n|move|p1a: Calyrex|Protect|p1a: Calyrex\n|-singleturn|p1a: Calyrex|Protect\n|move|p2a: Zamazenta|Iron Defense|p2a: Zamazenta\n|-boost|p2a: Zamazenta|def|2\n|move|p2b: Ceruledge|Taunt|p1b: Brute Bonnet\n|-start|p1b: Brute Bonnet|move: Taunt\n|cant|p1b: Brute Bonnet|move: Taunt|Spore\n|\n|upkeep\n|turn|2\n|\n|t:|1775079525\n|move|p1b: Brute Bonnet|Sucker Punch||[still]\n|-fail|p1b: Brute Bonnet\n|move|p2a: Zamazenta|Iron Defense|p2a: Zamazenta\n|-boost|p2a: Zamazenta|def|2\n|move|p2b: Ceruledge|Bulk Up|p2b: Ceruledge\n|-boost|p2b: Ceruledge|atk|1\n|-boost|p2b: Ceruledge|def|1\n|move|p1a: Calyrex|High Horsepower|p2b: Ceruledge\n|-supereffective|p2b: Ceruledge\n|-damage|p2b: Ceruledge|24/100\n|\n|upkeep\n|turn|3\n|\n|t:|1775079547\n|switch|p1a: Flutter Mane|Flutter Mane, L50|100/100\n|move|p1b: Brute Bonnet|Sucker Punch||[still]\n|-fail|p1b: Brute Bonnet\n|move|p2a: Zamazenta|Body Press|p1a: Flutter Mane\n|-immune|p1a: Flutter Mane\n|move|p2b: Ceruledge|Taunt|p1a: Flutter Mane\n|-start|p1a: Flutter Mane|move: Taunt\n|\n|-end|p1b: Brute Bonnet|move: Taunt\n|upkeep\n|turn|4\n|\n|t:|1775079564\n|move|p2b: Ceruledge|Shadow Sneak|p1a: Flutter Mane\n|-supereffective|p1a: Flutter Mane\n|-enditem|p1a: Flutter Mane|Focus Sash\n|-damage|p1a: Flutter Mane|1/100\n|move|p1a: Flutter Mane|Shadow Ball|p2b: Ceruledge\n|-supereffective|p2b: Ceruledge\n|-damage|p2b: Ceruledge|0 fnt\n|faint|p2b: Ceruledge\n|move|p2a: Zamazenta|Body Press|p1b: Brute Bonnet\n|-damage|p1b: Brute Bonnet|0 fnt\n|faint|p1b: Brute Bonnet\n|-end|p1b: Brute Bonnet|Protosynthesis|[silent]\n|\n|upkeep\n|\n|t:|1775079581\n|switch|p2b: Gastrodon|Gastrodon, L50, M|100/100\n|switch|p1b: Calyrex|Calyrex-Ice, L50|100/100\n|-ability|p1b: Calyrex|As One\n|-ability|p1b: Calyrex|Unnerve\n|turn|5\n|\n|t:|1775079591\n|move|p1a: Flutter Mane|Moonblast|p2a: Zamazenta\n|-damage|p2a: Zamazenta|69/100\n|-unboost|p2a: Zamazenta|spa|1\n|move|p2a: Zamazenta|Body Press|p1b: Calyrex\n|-damage|p1b: Calyrex|0 fnt\n|faint|p1b: Calyrex\n|move|p2b: Gastrodon|Earth Power|p1a: Flutter Mane\n|-damage|p1a: Flutter Mane|0 fnt\n|faint|p1a: Flutter Mane\n|-end|p1a: Flutter Mane|Protosynthesis|[silent]\n|\n|upkeep\n|\n|t:|1775079598\n|switch|p1b: Koraidon|Koraidon, L50|100/100\n|-weather|SunnyDay|[from] ability: Orichalcum Pulse|[of] p1b: Koraidon\n|-activate|p1b: Koraidon|Orichalcum Pulse|[source]\n|turn|6\n|\n|t:|1775079610\n|switch|p2b: Sinistcha|Sinistcha, L50|100/100\n|-heal|p2a: Zamazenta|94/100|[from] ability: Hospitality|[of] p2b: Sinistcha\n|-terastallize|p2a: Zamazenta|Ground\n|move|p1b: Koraidon|Close Combat|p2a: Zamazenta\n|-damage|p2a: Zamazenta|75/100\n|-unboost|p1b: Koraidon|def|1\n|-unboost|p1b: Koraidon|spd|1\n|-damage|p1b: Koraidon|91/100|[from] item: Life Orb\n|move|p2a: Zamazenta|Body Press|p1b: Koraidon\n|-damage|p1b: Koraidon|0 fnt\n|faint|p1b: Koraidon\n|\n|win|avarussurava\n|raw|Bman311's rating: 1514 &rarr; <strong>1488</strong><br />(-26 for losing)\n|raw|avarussurava's rating: 1398 &rarr; <strong>1424</strong><br />(+26 for winning)\n|l|\u2606Bman311\n|player|p1|\n","uploadtime":1775079627,"views":12,"formatid":"gen9vgc2026regi","rating":1424,"private":0,"password":null}