{"id":"gen9vgc2026regi-2567252876","format":"[Gen 9] VGC 2026 Reg I","players":["bishmii","jamppa500"],"log":"|j|\u2606bishmii\n|j|\u2606jamppa500\n|t:|1774460754\n|gametype|doubles\n|player|p1|bishmii|170|1246\n|player|p2|jamppa500|hiker|1160\n|gen|9\n|tier|[Gen 9] VGC 2026 Reg I\n|rated|\n|rule|Species Clause: Limit one of each Pok\u00e9mon\n|rule|Item Clause: Limit 1 of each item\n|clearpoke\n|poke|p1|Incineroar, L50, M|\n|poke|p1|Calyrex-Shadow, L50|\n|poke|p1|Tornadus, L50, M|\n|poke|p1|Rillaboom, L50, M|\n|poke|p1|Sylveon, L50, F|\n|poke|p1|Zamazenta-*, L50|\n|poke|p2|Koraidon, L50|\n|poke|p2|Flutter Mane, L50|\n|poke|p2|Lunala, L50|\n|poke|p2|Incineroar, L50, M|\n|poke|p2|Ursaluna, L50, F|\n|poke|p2|Amoonguss, L50, M|\n|teampreview|4\n|inactive|Battle timer is ON: inactive players will automatically lose when time's up. (requested by bishmii)\n|inactive|bishmii has 60 seconds left.\n|inactive|jamppa500 has 60 seconds left.\n|\n|t:|1774460787\n|teamsize|p1|4\n|teamsize|p2|4\n|start\n|switch|p1a: Tornadus|Tornadus, L50, M|100/100\n|switch|p1b: Sylveon|Sylveon, L50, F|100/100\n|switch|p2a: Lunala|Lunala, L50|100/100\n|switch|p2b: Incineroar|Incineroar, L50, M|100/100\n|-ability|p2b: Incineroar|Intimidate|boost\n|-unboost|p1a: Tornadus|atk|1\n|-unboost|p1b: Sylveon|atk|1\n|turn|1\n|\n|t:|1774460798\n|move|p2b: Incineroar|Fake Out|p1a: Tornadus\n|-damage|p1a: Tornadus|89/100\n|move|p1a: Tornadus|Taunt|p2a: Lunala\n|-start|p2a: Lunala|move: Taunt\n|move|p1b: Sylveon|Calm Mind|p1b: Sylveon\n|-boost|p1b: Sylveon|spa|1\n|-boost|p1b: Sylveon|spd|1\n|cant|p2a: Lunala|move: Taunt|Trick Room\n|\n|upkeep\n|turn|2\n|\n|t:|1774460812\n|switch|p2a: Ursaluna|Ursaluna, L50, F|100/100\n|move|p1a: Tornadus|Bleakwind Storm|p2b: Incineroar|[spread] p2a,p2b\n|-damage|p2a: Ursaluna|72/100\n|-damage|p2b: Incineroar|71/100\n|move|p1b: Sylveon|Calm Mind|p1b: Sylveon\n|-boost|p1b: Sylveon|spa|1\n|-boost|p1b: Sylveon|spd|1\n|move|p2b: Incineroar|Parting Shot|p1b: Sylveon\n|-unboost|p1b: Sylveon|atk|1\n|-unboost|p1b: Sylveon|spa|1\n|\n|t:|1774460825\n|switch|p2b: Amoonguss|Amoonguss, L50, M|100/100|[from] Parting Shot\n|\n|-status|p2a: Ursaluna|brn|[from] item: Flame Orb\n|upkeep\n|turn|3\n|\n|t:|1774460844\n|-terastallize|p2b: Amoonguss|Water\n|move|p1a: Tornadus|Taunt|p2b: Amoonguss\n|-start|p2b: Amoonguss|move: Taunt\n|move|p1b: Sylveon|Hyper Voice|p2a: Ursaluna|[spread] p2a,p2b\n|-damage|p2a: Ursaluna|27/100 brn\n|-damage|p2b: Amoonguss|54/100\n|move|p2a: Ursaluna|Facade|p1b: Sylveon\n|-damage|p1b: Sylveon|0 fnt\n|faint|p1b: Sylveon\n|cant|p2b: Amoonguss|move: Taunt|Spore\n|\n|-damage|p2a: Ursaluna|21/100 brn|[from] brn\n|upkeep\n|\n|t:|1774460861\n|switch|p1b: Calyrex|Calyrex-Shadow, L50|100/100\n|-ability|p1b: Calyrex|As One\n|-ability|p1b: Calyrex|Unnerve\n|turn|4\n|\n|t:|1774460873\n|-terastallize|p1b: Calyrex|Ghost\n|move|p1b: Calyrex|Astral Barrage|p2a: Ursaluna|[spread] p2b\n|-immune|p2a: Ursaluna\n|-damage|p2b: Amoonguss|0 fnt\n|faint|p2b: Amoonguss\n|-ability|p1b: Calyrex|Grim Neigh|boost\n|-boost|p1b: Calyrex|spa|1\n|move|p1a: Tornadus|Bleakwind Storm|p2a: Ursaluna\n|-damage|p2a: Ursaluna|0 fnt\n|faint|p2a: Ursaluna\n|\n|upkeep\n|\n|t:|1774460878\n|switch|p2a: Lunala|Lunala, L50|100/100\n|switch|p2b: Incineroar|Incineroar, L50, M|71/100\n|-ability|p2b: Incineroar|Intimidate|boost\n|-unboost|p1a: Tornadus|atk|1\n|-unboost|p1b: Calyrex|atk|1\n|turn|5\n|\n|t:|1774460894\n|move|p1b: Calyrex|Protect|p1b: Calyrex\n|-singleturn|p1b: Calyrex|Protect\n|move|p2a: Lunala|Wide Guard|p2a: Lunala\n|-singleturn|p2a: Lunala|Wide Guard\n|move|p1a: Tornadus|Taunt|p2a: Lunala\n|-start|p2a: Lunala|move: Taunt\n|move|p2b: Incineroar|Flare Blitz|p1a: Tornadus\n|-damage|p1a: Tornadus|39/100\n|-damage|p2b: Incineroar|55/100|[from] Recoil\n|\n|upkeep\n|turn|6\n|-message|jamppa500 forfeited.\n|\n|win|bishmii\n|raw|bishmii's rating: 1246 &rarr; <strong>1265</strong><br />(+19 for winning)\n|raw|jamppa500's rating: 1160 &rarr; <strong>1141</strong><br />(-19 for losing)\n|l|\u2606jamppa500\n|player|p2|\n|l|\u2606bishmii\n|player|p1|\n","uploadtime":1774461164,"views":14,"formatid":"gen9vgc2026regi","rating":1141,"private":0,"password":null}