{"id":"gen9vgc2026regi-2513839382","format":"[Gen 9] VGC 2026 Reg I","players":["suzukisasaki8","blackred123\u6c38\u96cf\u5854\u83f2\u4fa0"],"log":"|j|\u2606suzukisasaki8\n|j|\u2606blackred123\u6c38\u96cf\u5854\u83f2\u4fa0\n|t:|1767790862\n|gametype|doubles\n|player|p1|suzukisasaki8|nate|1069\n|player|p2|blackred123\u6c38\u96cf\u5854\u83f2\u4fa0|iono-masters|1145\n|gen|9\n|tier|[Gen 9] VGC 2026 Reg I\n|rated|\n|rule|Species Clause: Limit one of each Pok\u00e9mon\n|rule|Item Clause: Limit 1 of each item\n|clearpoke\n|poke|p1|Garchomp, L50, F|\n|poke|p1|Murkrow, L50, M|\n|poke|p1|Charizard, L50, M|\n|poke|p1|Koraidon, L50|\n|poke|p1|Dondozo, L50, F|\n|poke|p1|Tatsugiri, L50, F|\n|poke|p2|Calyrex-Ice, L50|\n|poke|p2|Kyogre, L50|\n|poke|p2|Smeargle, L50, M|\n|poke|p2|Rillaboom, L50, F|\n|poke|p2|Urshifu-*, L50, M|\n|poke|p2|Landorus, L50, M|\n|teampreview|4\n|inactive|Battle timer is ON: inactive players will automatically lose when time's up. (requested by blackred123\u6c38\u96cf\u5854\u83f2\u4fa0)\n|\n|t:|1767790891\n|teamsize|p1|4\n|teamsize|p2|4\n|start\n|switch|p1a: Charizard|Charizard, L50, M|100/100\n|switch|p1b: Koraidon|Koraidon, L50|100/100\n|switch|p2a: \u4e94\u5bfc\u718a\u6e7f|Urshifu-Rapid-Strike, L50, M|100/100\n|switch|p2b: \u5c0f\u7b14\u7ea2\u80bf|Smeargle, L50, M, shiny|100/100\n|-weather|SunnyDay|[from] ability: Orichalcum Pulse|[of] p1b: Koraidon\n|-activate|p1b: Koraidon|Orichalcum Pulse|[source]\n|turn|1\n|inactive|suzukisasaki8 has 30 seconds left.\n|\n|t:|1767790923\n|switch|p2b: \u662f\u76d6\u4e0d\u662fgay|Kyogre, L50|100/100\n|-weather|RainDance|[from] ability: Drizzle|[of] p2b: \u662f\u76d6\u4e0d\u662fgay\n|-terastallize|p1a: Charizard|Fire\n|move|p1b: Koraidon|Protect|p1b: Koraidon\n|-singleturn|p1b: Koraidon|Protect\n|move|p2a: \u4e94\u5bfc\u718a\u6e7f|Surging Strikes|p1a: Charizard\n|-supereffective|p1a: Charizard\n|-crit|p1a: Charizard\n|-damage|p1a: Charizard|3/100\n|-supereffective|p1a: Charizard\n|-crit|p1a: Charizard\n|-damage|p1a: Charizard|0 fnt\n|faint|p1a: Charizard\n|-hitcount|p1: Charizard|2\n|\n|-weather|RainDance|[upkeep]\n|upkeep\n|\n|t:|1767790945\n|switch|p1a: Dondozo|Dondozo, L50, F|100/100\n|turn|2\n|\n|t:|1767790965\n|move|p1a: Dondozo|Protect|p1a: Dondozo\n|-singleturn|p1a: Dondozo|Protect\n|move|p2a: \u4e94\u5bfc\u718a\u6e7f|Surging Strikes|p1b: Koraidon\n|-resisted|p1b: Koraidon\n|-crit|p1b: Koraidon\n|-damage|p1b: Koraidon|85/100\n|-resisted|p1b: Koraidon\n|-crit|p1b: Koraidon\n|-damage|p1b: Koraidon|71/100\n|-resisted|p1b: Koraidon\n|-crit|p1b: Koraidon\n|-damage|p1b: Koraidon|57/100\n|-hitcount|p1b: Koraidon|3\n|move|p1b: Koraidon|Dragon Claw|p2a: \u4e94\u5bfc\u718a\u6e7f\n|-damage|p2a: \u4e94\u5bfc\u718a\u6e7f|59/100\n|move|p2b: \u662f\u76d6\u4e0d\u662fgay|Ice Beam|p1b: Koraidon\n|-supereffective|p1b: Koraidon\n|-damage|p1b: Koraidon|0 fnt\n|faint|p1b: Koraidon\n|\n|-weather|RainDance|[upkeep]\n|upkeep\n|\n|t:|1767790984\n|switch|p1b: Tatsugiri|Tatsugiri, L50, F|100/100\n|-activate|p1b: Tatsugiri|ability: Commander|[of] p1a: Dondozo\n|-boost|p1a: Dondozo|atk|2\n|-boost|p1a: Dondozo|spa|2\n|-boost|p1a: Dondozo|spe|2\n|-boost|p1a: Dondozo|def|2\n|-boost|p1a: Dondozo|spd|2\n|turn|3\n|\n|t:|1767790998\n|switch|p2b: \u5c0f\u7b14\u7ea2\u80bf|Smeargle, L50, M, shiny|100/100\n|move|p2a: \u4e94\u5bfc\u718a\u6e7f|Surging Strikes|p1a: Dondozo\n|-resisted|p1a: Dondozo\n|-crit|p1a: Dondozo\n|-damage|p1a: Dondozo|90/100\n|-resisted|p1a: Dondozo\n|-crit|p1a: Dondozo\n|-damage|p1a: Dondozo|80/100\n|-resisted|p1a: Dondozo\n|-crit|p1a: Dondozo\n|-damage|p1a: Dondozo|70/100\n|-hitcount|p1a: Dondozo|3\n|move|p1a: Dondozo|Earthquake|p2b: \u5c0f\u7b14\u7ea2\u80bf|[spread] p2a,p2b\n|-miss|p1a: Dondozo|p1b: Tatsugiri\n|-damage|p2a: \u4e94\u5bfc\u718a\u6e7f|21/100\n|-enditem|p2b: \u5c0f\u7b14\u7ea2\u80bf|Focus Sash\n|-damage|p2b: \u5c0f\u7b14\u7ea2\u80bf|1/100\n|\n|-weather|RainDance|[upkeep]\n|-heal|p1a: Dondozo|75/100|[from] item: Leftovers\n|-ability|p2b: \u5c0f\u7b14\u7ea2\u80bf|Moody|boost\n|-boost|p2b: \u5c0f\u7b14\u7ea2\u80bf|spa|2\n|-unboost|p2b: \u5c0f\u7b14\u7ea2\u80bf|def|1\n|upkeep\n|turn|4\n|inactive|suzukisasaki8 has 30 seconds left.\n|\n|t:|1767791023\n|move|p1a: Dondozo|Protect|p1a: Dondozo\n|-singleturn|p1a: Dondozo|Protect\n|move|p2b: \u5c0f\u7b14\u7ea2\u80bf|Fake Out|p1a: Dondozo\n|-activate|p1a: Dondozo|move: Protect\n|move|p2a: \u4e94\u5bfc\u718a\u6e7f|Surging Strikes|p1a: Dondozo\n|-resisted|p1a: Dondozo\n|-crit|p1a: Dondozo\n|-damage|p1a: Dondozo|66/100\n|-resisted|p1a: Dondozo\n|-crit|p1a: Dondozo\n|-damage|p1a: Dondozo|55/100\n|-resisted|p1a: Dondozo\n|-crit|p1a: Dondozo\n|-damage|p1a: Dondozo|43/100\n|-hitcount|p1a: Dondozo|3\n|\n|-weather|RainDance|[upkeep]\n|-heal|p1a: Dondozo|49/100|[from] item: Leftovers\n|-ability|p2b: \u5c0f\u7b14\u7ea2\u80bf|Moody|boost\n|-boost|p2b: \u5c0f\u7b14\u7ea2\u80bf|spd|2\n|-unboost|p2b: \u5c0f\u7b14\u7ea2\u80bf|def|1\n|upkeep\n|turn|5\n|\n|t:|1767791042\n|move|p2b: \u5c0f\u7b14\u7ea2\u80bf|Wide Guard|p2b: \u5c0f\u7b14\u7ea2\u80bf\n|-singleturn|p2b: \u5c0f\u7b14\u7ea2\u80bf|Wide Guard\n|move|p2a: \u4e94\u5bfc\u718a\u6e7f|Surging Strikes|p1a: Dondozo\n|-resisted|p1a: Dondozo\n|-crit|p1a: Dondozo\n|-damage|p1a: Dondozo|38/100\n|-resisted|p1a: Dondozo\n|-crit|p1a: Dondozo\n|-damage|p1a: Dondozo|28/100\n|-resisted|p1a: Dondozo\n|-crit|p1a: Dondozo\n|-damage|p1a: Dondozo|18/100\n|-hitcount|p1a: Dondozo|3\n|move|p1a: Dondozo|Earthquake|p2b: \u5c0f\u7b14\u7ea2\u80bf|[spread] \n|-miss|p1a: Dondozo|p1b: Tatsugiri\n|-activate|p2a: \u4e94\u5bfc\u718a\u6e7f|move: Wide Guard\n|-activate|p2b: \u5c0f\u7b14\u7ea2\u80bf|move: Wide Guard\n|\n|-weather|none\n|-heal|p1a: Dondozo|24/100|[from] item: Leftovers\n|-ability|p2b: \u5c0f\u7b14\u7ea2\u80bf|Moody|boost\n|-boost|p2b: \u5c0f\u7b14\u7ea2\u80bf|spa|2\n|-unboost|p2b: \u5c0f\u7b14\u7ea2\u80bf|spe|1\n|upkeep\n|turn|6\n|\n|t:|1767791066\n|move|p2a: \u4e94\u5bfc\u718a\u6e7f|Surging Strikes|p1a: Dondozo\n|-resisted|p1a: Dondozo\n|-crit|p1a: Dondozo\n|-damage|p1a: Dondozo|17/100\n|-resisted|p1a: Dondozo\n|-crit|p1a: Dondozo\n|-damage|p1a: Dondozo|10/100\n|-resisted|p1a: Dondozo\n|-crit|p1a: Dondozo\n|-damage|p1a: Dondozo|3/100\n|-hitcount|p1a: Dondozo|3\n|move|p1a: Dondozo|Liquidation|p2a: \u4e94\u5bfc\u718a\u6e7f\n|-resisted|p2a: \u4e94\u5bfc\u718a\u6e7f\n|-damage|p2a: \u4e94\u5bfc\u718a\u6e7f|0 fnt\n|faint|p2a: \u4e94\u5bfc\u718a\u6e7f\n|move|p2b: \u5c0f\u7b14\u7ea2\u80bf|Spore|p1b: Tatsugiri|[miss]\n|-miss|p2b: \u5c0f\u7b14\u7ea2\u80bf|p1b: Tatsugiri\n|\n|-heal|p1a: Dondozo|9/100|[from] item: Leftovers\n|-ability|p2b: \u5c0f\u7b14\u7ea2\u80bf|Moody|boost\n|-boost|p2b: \u5c0f\u7b14\u7ea2\u80bf|spa|2\n|-unboost|p2b: \u5c0f\u7b14\u7ea2\u80bf|spe|1\n|upkeep\n|\n|t:|1767791081\n|switch|p2a: \u9e7f\u51a0\u738b|Calyrex-Ice, L50|100/100\n|-ability|p2a: \u9e7f\u51a0\u738b|As One\n|-ability|p2a: \u9e7f\u51a0\u738b|Unnerve\n|turn|7\n|\n|t:|1767791102\n|switch|p2b: \u662f\u76d6\u4e0d\u662fgay|Kyogre, L50|100/100\n|-weather|RainDance|[from] ability: Drizzle|[of] p2b: \u662f\u76d6\u4e0d\u662fgay\n|move|p1a: Dondozo|Protect|p1a: Dondozo\n|-singleturn|p1a: Dondozo|Protect\n|move|p2a: \u9e7f\u51a0\u738b|Glacial Lance|p1a: Dondozo|[spread] \n|-miss|p2a: \u9e7f\u51a0\u738b|p1b: Tatsugiri\n|-activate|p1a: Dondozo|move: Protect\n|\n|-weather|RainDance|[upkeep]\n|-heal|p1a: Dondozo|15/100|[from] item: Leftovers\n|upkeep\n|turn|8\n|inactive|suzukisasaki8 has 30 seconds left.\n|\n|t:|1767791129\n|move|p2b: \u662f\u76d6\u4e0d\u662fgay|Water Spout|p1a: Dondozo|[spread] p1a\n|-miss|p2b: \u662f\u76d6\u4e0d\u662fgay|p1b: Tatsugiri\n|-resisted|p1a: Dondozo\n|-damage|p1a: Dondozo|0 fnt\n|faint|p1a: Dondozo\n|move|p2a: \u9e7f\u51a0\u738b|Glacial Lance|p1b: Tatsugiri\n|-damage|p1b: Tatsugiri|0 fnt\n|faint|p1b: Tatsugiri\n|\n|win|blackred123\u6c38\u96cf\u5854\u83f2\u4fa0\n|raw|suzukisasaki8's rating: 1069 &rarr; <strong>1053</strong><br />(-16 for losing)\n|raw|blackred123\u6c38\u96cf\u5854\u83f2\u4fa0's rating: 1145 &rarr; <strong>1165</strong><br />(+20 for winning)\n|l|\u2606suzukisasaki8\n|player|p1|\n","uploadtime":1767791142,"views":17,"formatid":"gen9vgc2026regi","rating":1053,"private":0,"password":null}