{"id":"gen9vgc2026regi-2515969645","format":"[Gen 9] VGC 2026 Reg I","players":["ANS Deoxys","kojimuranishi"],"log":"|j|\u2606ANS Deoxys\n|j|\u2606kojimuranishi\n|t:|1768066319\n|gametype|doubles\n|player|p1|ANS Deoxys|1|1217\n|player|p2|kojimuranishi|266|1433\n|gen|9\n|tier|[Gen 9] VGC 2026 Reg I\n|rated|\n|rule|Species Clause: Limit one of each Pok\u00e9mon\n|rule|Item Clause: Limit 1 of each item\n|clearpoke\n|poke|p1|Calyrex-Ice, L50|\n|poke|p1|Indeedee-F, L50, F|\n|poke|p1|Hatterene, L50, F|\n|poke|p1|Smeargle, L50, F|\n|poke|p1|Gallade, L50, M|\n|poke|p1|Torkoal, L50, M|\n|poke|p2|Raging Bolt, L50|\n|poke|p2|Calyrex-Ice, L50|\n|poke|p2|Kyogre, L50|\n|poke|p2|Indeedee-F, L50, F|\n|poke|p2|Landorus, L50, M|\n|poke|p2|Urshifu-*, L50, F|\n|teampreview|4\n|inactive|Battle timer is ON: inactive players will automatically lose when time's up. (requested by kojimuranishi)\n|\n|t:|1768066348\n|teamsize|p1|4\n|teamsize|p2|4\n|start\n|switch|p1a: sofa|Calyrex-Ice, L50|100/100\n|switch|p1b: carpet|Indeedee-F, L50, F|100/100\n|switch|p2a: Urshifu|Urshifu-Rapid-Strike, L50, F|100/100\n|switch|p2b: Calyrex|Calyrex-Ice, L50|100/100\n|-ability|p1a: sofa|As One\n|-ability|p1a: sofa|Unnerve\n|-ability|p2b: Calyrex|As One\n|-ability|p2b: Calyrex|Unnerve\n|-fieldstart|move: Psychic Terrain|[from] ability: Psychic Surge|[of] p1b: carpet\n|turn|1\n|\n|t:|1768066373\n|move|p1b: carpet|Follow Me|p1b: carpet\n|-singleturn|p1b: carpet|move: Follow Me\n|move|p2a: Urshifu|Taunt|p1b: carpet\n|-start|p1b: carpet|move: Taunt\n|move|p1a: sofa|Imprison|p1a: sofa\n|-start|p1a: sofa|move: Imprison\n|cant|p2b: Calyrex|move: Imprison|Glacial Lance\n|\n|upkeep\n|turn|2\n|\n|t:|1768066392\n|-terastallize|p2a: Urshifu|Water\n|move|p2a: Urshifu|Surging Strikes|p1a: sofa\n|-crit|p1a: sofa\n|-damage|p1a: sofa|82/100\n|-crit|p1a: sofa\n|-damage|p1a: sofa|64/100\n|-crit|p1a: sofa\n|-damage|p1a: sofa|46/100\n|-hitcount|p1a: sofa|3\n|move|p1b: carpet|Dazzling Gleam|p2a: Urshifu|[spread] p2a,p2b\n|-damage|p2a: Urshifu|81/100\n|-damage|p2b: Calyrex|93/100\n|move|p1a: sofa|Glacial Lance|p2a: Urshifu|[spread] p2a,p2b\n|-resisted|p2a: Urshifu\n|-resisted|p2b: Calyrex\n|-damage|p2a: Urshifu|49/100\n|-damage|p2b: Calyrex|76/100\n|move|p2b: Calyrex|Leech Seed|p1a: sofa\n|-start|p1a: sofa|move: Leech Seed\n|\n|-heal|p2b: Calyrex|82/100|[from] item: Leftovers\n|-damage|p1a: sofa|34/100|[from] Leech Seed|[of] p2b: Calyrex\n|-heal|p2b: Calyrex|94/100|[silent]\n|upkeep\n|turn|3\n|inactive|kojimuranishi has 30 seconds left.\n|\n|t:|1768066427\n|switch|p1b: broom|Smeargle, L50, F|100/100\n|move|p2a: Urshifu|Surging Strikes|p1a: sofa\n|-crit|p1a: sofa\n|-damage|p1a: sofa|16/100\n|-crit|p1a: sofa\n|-damage|p1a: sofa|0 fnt\n|faint|p1a: sofa\n|-hitcount|p1: sofa|2\n|move|p2b: Calyrex|Leech Seed|p1b: broom\n|-start|p1b: broom|move: Leech Seed\n|\n|-heal|p2b: Calyrex|99/100|[from] item: Leftovers\n|-damage|p1b: broom|88/100|[from] Leech Seed|[of] p2b: Calyrex\n|-heal|p2b: Calyrex|100/100|[silent]\n|upkeep\n|\n|t:|1768066441\n|switch|p1a: chair|Hatterene, L50, F|100/100\n|turn|4\n|\n|t:|1768066456\n|move|p2a: Urshifu|Surging Strikes|p1b: broom\n|-crit|p1b: broom\n|-damage|p1b: broom|12/100\n|-crit|p1b: broom\n|-damage|p1b: broom|0 fnt\n|faint|p1b: broom\n|-hitcount|p1: broom|2\n|move|p2b: Calyrex|Glacial Lance|p1a: chair\n|-damage|p1a: chair|23/100\n|move|p1a: chair|Expanding Force|p2b: Calyrex|[spread] p2a,p2b\n|-resisted|p2b: Calyrex\n|-damage|p2a: Urshifu|0 fnt\n|-damage|p2b: Calyrex|76/100\n|faint|p2a: Urshifu\n|-damage|p1a: chair|13/100|[from] item: Life Orb\n|\n|-heal|p2b: Calyrex|82/100|[from] item: Leftovers\n|upkeep\n|\n|t:|1768066477\n|switch|p2a: Indeedee|Indeedee-F, L50, F|100/100\n|switch|p1b: carpet|Indeedee-F, L50, F|100/100\n|turn|5\n|\n|t:|1768066491\n|move|p1b: carpet|Helping Hand|p1a: chair\n|-singleturn|p1a: chair|Helping Hand|[of] p1b: carpet\n|move|p2a: Indeedee|Heal Pulse|p2b: Calyrex\n|-heal|p2b: Calyrex|100/100\n|move|p2b: Calyrex|Glacial Lance|p1a: chair|[spread] p1a,p1b\n|-damage|p1a: chair|0 fnt\n|-damage|p1b: carpet|30/100\n|faint|p1a: chair\n|-ability|p2b: Calyrex|Chilling Neigh|boost\n|-boost|p2b: Calyrex|atk|1\n|\n|-fieldend|move: Psychic Terrain\n|upkeep\n|turn|6\n|\n|t:|1768066507\n|move|p2a: Indeedee|Psychic|p1b: carpet\n|-resisted|p1b: carpet\n|-damage|p1b: carpet|20/100\n|move|p2b: Calyrex|Glacial Lance|p1b: carpet\n|-damage|p1b: carpet|0 fnt\n|faint|p1b: carpet\n|\n|win|kojimuranishi\n|raw|ANS Deoxys's rating: 1217 &rarr; <strong>1206</strong><br />(-11 for losing)\n|raw|kojimuranishi's rating: 1433 &rarr; <strong>1442</strong><br />(+9 for winning)\n|l|\u2606ANS Deoxys\n|player|p1|\n|l|\u2606kojimuranishi\n|player|p2|\n","uploadtime":1768066738,"views":13,"formatid":"gen9vgc2026regi","rating":1206,"private":0,"password":null}