{"id":"gen9vgc2026regi-2555228699","format":"[Gen 9] VGC 2026 Reg I","players":["byebye showdown","kojimuranishi"],"log":"|j|\u2606byebye showdown\n|j|\u2606kojimuranishi\n|t:|1773070752\n|gametype|doubles\n|player|p1|byebye showdown|linebacker|1464\n|player|p2|kojimuranishi|1|1541\n|gen|9\n|tier|[Gen 9] VGC 2026 Reg I\n|rated|\n|rule|Species Clause: Limit one of each Pok\u00e9mon\n|rule|Item Clause: Limit 1 of each item\n|clearpoke\n|poke|p1|Rillaboom, L50, M|\n|poke|p1|Whimsicott, L50, F|\n|poke|p1|Koraidon, L50|\n|poke|p1|Ogerpon-Cornerstone, L50, F|\n|poke|p1|Terapagos, L50, M|\n|poke|p1|Magmar, L50, M|\n|poke|p2|Flutter Mane, L50|\n|poke|p2|Koraidon, L50|\n|poke|p2|Chi-Yu, L50|\n|poke|p2|Lunala, L50|\n|poke|p2|Ursaluna, L50, M|\n|poke|p2|Brute Bonnet, L50|\n|teampreview|4\n|inactive|Battle timer is ON: inactive players will automatically lose when time's up. (requested by kojimuranishi)\n|inactive|byebye showdown has 60 seconds left.\n|inactive|kojimuranishi has 60 seconds left.\n|\n|t:|1773070810\n|teamsize|p1|4\n|teamsize|p2|4\n|start\n|switch|p1a: Terapagos|Terapagos, L50, M|100/100\n|switch|p1b: PatoFuego|Magmar, L50, M|100/100\n|switch|p2a: Koraidon|Koraidon, L50|100/100\n|switch|p2b: Chi-Yu|Chi-Yu, L50|100/100\n|-activate|p1a: Terapagos|ability: Tera Shift\n|detailschange|p1a: Terapagos|Terapagos-Terastal, L50, M\n|-heal|p1a: Terapagos|100/100|[silent]\n|-ability|p2b: Chi-Yu|Beads of Ruin\n|-weather|SunnyDay|[from] ability: Orichalcum Pulse|[of] p2a: Koraidon\n|-activate|p2a: Koraidon|Orichalcum Pulse|[source]\n|turn|1\n|inactive|kojimuranishi has 30 seconds left.\n|\n|t:|1773070845\n|-terastallize|p2a: Koraidon|Fire\n|-terastallize|p1a: Terapagos|Stellar\n|detailschange|p1a: Terapagos|Terapagos-Stellar, L50, M, tera:Stellar\n|-heal|p1a: Terapagos|100/100|[silent]\n|-ability|p1a: Terapagos|Teraform Zero\n|-weather|none\n|move|p1b: PatoFuego|Follow Me|p1b: PatoFuego\n|-singleturn|p1b: PatoFuego|move: Follow Me\n|move|p2b: Chi-Yu|Snarl|p1a: Terapagos|[spread] p1a,p1b\n|-damage|p1a: Terapagos|78/100\n|-damage|p1b: PatoFuego|80/100\n|-unboost|p1a: Terapagos|spa|1\n|-unboost|p1b: PatoFuego|spa|1\n|move|p2a: Koraidon|Close Combat|p1b: PatoFuego\n|-damage|p1b: PatoFuego|0 fnt\n|-unboost|p2a: Koraidon|def|1\n|-unboost|p2a: Koraidon|spd|1\n|faint|p1b: PatoFuego\n|-damage|p2a: Koraidon|91/100|[from] item: Life Orb\n|move|p1a: Terapagos|Calm Mind|p1a: Terapagos\n|-boost|p1a: Terapagos|spa|1\n|-boost|p1a: Terapagos|spd|1\n|\n|-heal|p1a: Terapagos|84/100|[from] item: Leftovers\n|upkeep\n|inactive|byebye showdown has 30 seconds left.\n|inactive|byebye showdown has 20 seconds left.\n|inactive|byebye showdown has 15 seconds left.\n|\n|t:|1773070889\n|switch|p1b: Ogerpon|Ogerpon-Cornerstone, L50, F|100/100\n|turn|2\n|\n|t:|1773070906\n|move|p2a: Koraidon|Protect|p2a: Koraidon\n|-singleturn|p2a: Koraidon|Protect\n|move|p2b: Chi-Yu|Snarl|p1b: Ogerpon|[spread] p1a,p1b\n|-damage|p1a: Terapagos|71/100\n|-damage|p1b: Ogerpon|66/100\n|-unboost|p1a: Terapagos|spa|1\n|-unboost|p1b: Ogerpon|spa|1\n|move|p1b: Ogerpon|Ivy Cudgel|p2b: Chi-Yu|[anim] Ivy Cudgel Rock\n|-supereffective|p2b: Chi-Yu\n|-damage|p2b: Chi-Yu|0 fnt\n|faint|p2b: Chi-Yu\n|move|p1a: Terapagos|Tera Starstorm|p2a: Koraidon\n|-activate|p2a: Koraidon|move: Protect\n|\n|-heal|p1a: Terapagos|77/100|[from] item: Leftovers\n|upkeep\n|\n|t:|1773070925\n|switch|p2b: Lunala|Lunala, L50|100/100\n|turn|3\n|inactive|byebye showdown has 30 seconds left.\n|inactive|byebye showdown has 20 seconds left.\n|\n|t:|1773070963\n|switch|p2a: Ursaluna|Ursaluna, L50, M|100/100\n|move|p1b: Ogerpon|Follow Me|p1b: Ogerpon\n|-singleturn|p1b: Ogerpon|move: Follow Me\n|move|p1a: Terapagos|Calm Mind|p1a: Terapagos\n|-boost|p1a: Terapagos|spa|1\n|-boost|p1a: Terapagos|spd|1\n|move|p2b: Lunala|Trick Room|p2b: Lunala\n|-fieldstart|move: Trick Room|[of] p2b: Lunala\n|\n|-heal|p1a: Terapagos|83/100|[from] item: Leftovers\n|-status|p2a: Ursaluna|brn|[from] item: Flame Orb\n|upkeep\n|turn|4\n|\n|t:|1773070984\n|move|p1a: Terapagos|Protect|p1a: Terapagos\n|-singleturn|p1a: Terapagos|Protect\n|move|p1b: Ogerpon|Spiky Shield|p1b: Ogerpon\n|-singleturn|p1b: Ogerpon|move: Protect\n|move|p2a: Ursaluna|Rock Slide|p1a: Terapagos|[spread] \n|-activate|p1a: Terapagos|move: Protect\n|-activate|p1b: Ogerpon|move: Protect\n|move|p2b: Lunala|Meteor Beam||[still]\n|-prepare|p2b: Lunala|Meteor Beam\n|-boost|p2b: Lunala|spa|1\n|-enditem|p2b: Lunala|Power Herb\n|-anim|p2b: Lunala|Meteor Beam|p1b: Ogerpon\n|-activate|p1b: Ogerpon|move: Protect\n|\n|-heal|p1a: Terapagos|90/100|[from] item: Leftovers\n|-damage|p2a: Ursaluna|95/100 brn|[from] brn\n|upkeep\n|turn|5\n|inactive|byebye showdown has 30 seconds left.\n|\n|t:|1773071011\n|move|p1b: Ogerpon|Follow Me|p1b: Ogerpon\n|-singleturn|p1b: Ogerpon|move: Follow Me\n|move|p2a: Ursaluna|Rock Slide|p1b: Ogerpon|[spread] p1a\n|-miss|p2a: Ursaluna|p1b: Ogerpon\n|-damage|p1a: Terapagos|71/100\n|move|p1a: Terapagos|Tera Starstorm|p2a: Ursaluna|[spread] p2a,p2b\n|-damage|p2a: Ursaluna|61/100 brn\n|-damage|p2b: Lunala|88/100\n|move|p2b: Lunala|Moongeist Beam|p1b: Ogerpon\n|-damage|p1b: Ogerpon|0 fnt\n|faint|p1b: Ogerpon\n|\n|-heal|p1a: Terapagos|77/100|[from] item: Leftovers\n|-damage|p2a: Ursaluna|55/100 brn|[from] brn\n|upkeep\n|\n|t:|1773071023\n|switch|p1b: Whimsicott|Whimsicott, L50, F|100/100\n|turn|6\n|\n|t:|1773071039\n|move|p1b: Whimsicott|Encore|p2a: Ursaluna\n|-start|p2a: Ursaluna|Encore\n|move|p2a: Ursaluna|Rock Slide|p1b: Whimsicott|[spread] p1a,p1b\n|-damage|p1a: Terapagos|59/100\n|-damage|p1b: Whimsicott|45/100\n|move|p1a: Terapagos|Tera Starstorm|p2a: Ursaluna|[spread] p2a,p2b\n|-damage|p2a: Ursaluna|22/100 brn\n|-damage|p2b: Lunala|62/100\n|move|p2b: Lunala|Moongeist Beam|p1b: Whimsicott\n|-damage|p1b: Whimsicott|0 fnt\n|faint|p1b: Whimsicott\n|\n|-heal|p1a: Terapagos|65/100|[from] item: Leftovers\n|-damage|p2a: Ursaluna|16/100 brn|[from] brn\n|upkeep\n|turn|7\n|inactive|byebye showdown has 30 seconds left.\n|\n|t:|1773071068\n|move|p2a: Ursaluna|Rock Slide|p1a: Terapagos\n|-damage|p1a: Terapagos|41/100\n|cant|p1a: Terapagos|flinch\n|move|p2b: Lunala|Meteor Beam||[still]\n|-prepare|p2b: Lunala|Meteor Beam\n|-boost|p2b: Lunala|spa|1\n|\n|-heal|p1a: Terapagos|48/100|[from] item: Leftovers\n|-damage|p2a: Ursaluna|10/100 brn|[from] brn\n|-fieldend|move: Trick Room\n|upkeep\n|turn|8\n|\n|t:|1773071091\n|move|p2b: Lunala|Meteor Beam|p1a: Terapagos|[from] lockedmove\n|-damage|p1a: Terapagos|17/100\n|move|p1a: Terapagos|Tera Starstorm|p2b: Lunala|[spread] p2a,p2b\n|-crit|p2b: Lunala\n|-damage|p2a: Ursaluna|0 fnt\n|-damage|p2b: Lunala|24/100\n|faint|p2a: Ursaluna\n|\n|-heal|p1a: Terapagos|23/100|[from] item: Leftovers\n|upkeep\n|\n|t:|1773071101\n|switch|p2a: Koraidon|Koraidon, L50, tera:Fire|91/100\n|-weather|SunnyDay|[from] ability: Orichalcum Pulse|[of] p2a: Koraidon\n|-activate|p2a: Koraidon|Orichalcum Pulse|[source]\n|turn|9\n|\n|t:|1773071109\n|move|p1a: Terapagos|Protect|p1a: Terapagos\n|-singleturn|p1a: Terapagos|Protect\n|move|p2a: Koraidon|Close Combat|p1a: Terapagos\n|-activate|p1a: Terapagos|move: Protect\n|move|p2b: Lunala|Meteor Beam||[still]\n|-prepare|p2b: Lunala|Meteor Beam\n|-boost|p2b: Lunala|spa|1\n|\n|-weather|SunnyDay|[upkeep]\n|-heal|p1a: Terapagos|30/100|[from] item: Leftovers\n|upkeep\n|turn|10\n|\n|t:|1773071122\n|move|p2a: Koraidon|Flare Blitz|p1a: Terapagos\n|-damage|p1a: Terapagos|0 fnt\n|faint|p1a: Terapagos\n|detailschange|p1: Terapagos|Terapagos, L50, M|[silent]\n|-damage|p2a: Koraidon|77/100|[from] Recoil\n|-damage|p2a: Koraidon|67/100|[from] item: Life Orb\n|\n|win|kojimuranishi\n|raw|byebye showdown's rating: 1464 &rarr; <strong>1448</strong><br />(-16 for losing)\n|raw|kojimuranishi's rating: 1541 &rarr; <strong>1557</strong><br />(+16 for winning)\n","uploadtime":1773071125,"views":24,"formatid":"gen9vgc2026regi","rating":1448,"private":0,"password":null}