{"id":"gen9vgc2026regi-2589248313","format":"[Gen 9] VGC 2026 Reg I","players":["Harry Koekenpan","kokosthegreek"],"log":"|j|\u2606Harry Koekenpan\n|j|\u2606kokosthegreek\n|t:|1776709240\n|gametype|doubles\n|player|p1|Harry Koekenpan|101|1446\n|player|p2|kokosthegreek|lucas|1480\n|gen|9\n|tier|[Gen 9] VGC 2026 Reg I\n|rated|\n|rule|Species Clause: Limit one of each Pok\u00e9mon\n|rule|Item Clause: Limit 1 of each item\n|clearpoke\n|poke|p1|Weezing-Galar, L50, F|\n|poke|p1|Calyrex-Shadow, L50|\n|poke|p1|Regigigas, L50|\n|poke|p1|Koraidon, L50|\n|poke|p1|Chi-Yu, L50|\n|poke|p1|Brute Bonnet, L50|\n|poke|p2|Calyrex-Shadow, L50|\n|poke|p2|Urshifu-*, L50, F|\n|poke|p2|Smeargle, L50, F|\n|poke|p2|Dondozo, L50, F|\n|poke|p2|Tatsugiri-Droopy, L50, F|\n|poke|p2|Miraidon, L50|\n|teampreview|4\n|inactive|Battle timer is ON: inactive players will automatically lose when time's up. (requested by kokosthegreek)\n|\n|t:|1776709270\n|teamsize|p1|4\n|teamsize|p2|4\n|start\n|switch|p1a: Koraidon|Koraidon, L50|100/100\n|switch|p1b: Chi-Yu|Chi-Yu, L50|100/100\n|switch|p2a: Smeargle|Smeargle, L50, F|100/100\n|switch|p2b: Calyrex|Calyrex-Shadow, L50|100/100\n|-ability|p2b: Calyrex|As One\n|-ability|p2b: Calyrex|Unnerve\n|-weather|SunnyDay|[from] ability: Orichalcum Pulse|[of] p1a: Koraidon\n|-activate|p1a: Koraidon|Orichalcum Pulse|[source]\n|-ability|p1b: Chi-Yu|Beads of Ruin\n|turn|1\n|\n|t:|1776709290\n|-terastallize|p2b: Calyrex|Normal\n|move|p1a: Koraidon|Protect|p1a: Koraidon\n|-singleturn|p1a: Koraidon|Protect\n|move|p1b: Chi-Yu|Protect|p1b: Chi-Yu\n|-singleturn|p1b: Chi-Yu|Protect\n|move|p2a: Smeargle|Fake Out|p1a: Koraidon\n|-activate|p1a: Koraidon|move: Protect\n|move|p2b: Calyrex|Astral Barrage|p1b: Chi-Yu|[spread] \n|-activate|p1a: Koraidon|move: Protect\n|-activate|p1b: Chi-Yu|move: Protect\n|\n|-weather|SunnyDay|[upkeep]\n|-ability|p2a: Smeargle|Moody|boost\n|-boost|p2a: Smeargle|spa|2\n|-unboost|p2a: Smeargle|def|1\n|upkeep\n|turn|2\n|inactive|Harry Koekenpan has 30 seconds left.\n|\n|t:|1776709316\n|-terastallize|p1a: Koraidon|Fire\n|move|p2b: Calyrex|Protect|p2b: Calyrex\n|-singleturn|p2b: Calyrex|Protect\n|move|p1a: Koraidon|Collision Course|p2b: Calyrex\n|-activate|p2b: Calyrex|move: Protect\n|move|p1b: Chi-Yu|Heat Wave|p2a: Smeargle|[spread] p2a\n|-activate|p2b: Calyrex|move: Protect\n|-damage|p2a: Smeargle|0 fnt\n|faint|p2a: Smeargle\n|\n|-weather|SunnyDay|[upkeep]\n|upkeep\n|\n|t:|1776709328\n|switch|p2a: Tatsugiri|Tatsugiri-Droopy, L50, F|100/100\n|turn|3\n|\n|t:|1776709336\n|move|p2b: Calyrex|Astral Barrage|p1a: Koraidon|[spread] p1a,p1b\n|-resisted|p1b: Chi-Yu\n|-damage|p1a: Koraidon|2/100\n|-damage|p1b: Chi-Yu|58/100\n|-damage|p2b: Calyrex|91/100|[from] item: Life Orb\n|move|p1a: Koraidon|Collision Course|p2b: Calyrex\n|-supereffective|p2b: Calyrex\n|-damage|p2b: Calyrex|0 fnt\n|faint|p2b: Calyrex\n|move|p1b: Chi-Yu|Heat Wave|p2a: Tatsugiri\n|-resisted|p2a: Tatsugiri\n|-damage|p2a: Tatsugiri|66/100\n|move|p2a: Tatsugiri|Muddy Water|p1a: Koraidon|[spread] p1a,p1b\n|-supereffective|p1a: Koraidon\n|-supereffective|p1b: Chi-Yu\n|-damage|p1a: Koraidon|0 fnt\n|-damage|p1b: Chi-Yu|24/100\n|faint|p1a: Koraidon\n|\n|-weather|SunnyDay|[upkeep]\n|upkeep\n|\n|t:|1776709351\n|switch|p2b: Dondozo|Dondozo, L50, F|100/100\n|switch|p1a: Weezing|Weezing-Galar, L50, F|100/100\n|-ability|p1a: Weezing|Neutralizing Gas\n|turn|4\n|\n|t:|1776709372\n|move|p2b: Dondozo|Protect|p2b: Dondozo\n|-singleturn|p2b: Dondozo|Protect\n|move|p1b: Chi-Yu|Snarl|p2b: Dondozo|[spread] p2a\n|-activate|p2b: Dondozo|move: Protect\n|-damage|p2a: Tatsugiri|35/100\n|-unboost|p2a: Tatsugiri|spa|1\n|move|p2a: Tatsugiri|Muddy Water|p1a: Weezing|[spread] p1a,p1b\n|-supereffective|p1b: Chi-Yu\n|-damage|p1a: Weezing|91/100\n|-damage|p1b: Chi-Yu|1/100\n|move|p1a: Weezing|Poison Gas|p2b: Dondozo|[spread] p2a\n|-activate|p2b: Dondozo|move: Protect\n|-status|p2a: Tatsugiri|psn\n|\n|-weather|SunnyDay|[upkeep]\n|-damage|p2a: Tatsugiri|24/100 psn|[from] psn\n|upkeep\n|turn|5\n|\n|t:|1776709391\n|move|p2a: Tatsugiri|Protect|p2a: Tatsugiri\n|-singleturn|p2a: Tatsugiri|Protect\n|move|p1b: Chi-Yu|Heat Wave|p2b: Dondozo|[spread] p2b\n|-activate|p2a: Tatsugiri|move: Protect\n|-resisted|p2b: Dondozo\n|-damage|p2b: Dondozo|70/100\n|move|p1a: Weezing|Poison Gas|p2a: Tatsugiri|[spread] p2b\n|-activate|p2a: Tatsugiri|move: Protect\n|-status|p2b: Dondozo|psn\n|move|p2b: Dondozo|Body Press|p1a: Weezing\n|-resisted|p1a: Weezing\n|-damage|p1a: Weezing|85/100\n|\n|-weather|none\n|-heal|p2b: Dondozo|76/100 psn|[from] item: Leftovers\n|-damage|p2a: Tatsugiri|12/100 psn|[from] psn\n|-damage|p2b: Dondozo|64/100 psn|[from] psn\n|upkeep\n|turn|6\n|\n|t:|1776709412\n|move|p1b: Chi-Yu|Heat Wave|p2b: Dondozo|[spread] p2a,p2b\n|-resisted|p2a: Tatsugiri\n|-resisted|p2b: Dondozo\n|-damage|p2a: Tatsugiri|0 fnt\n|-damage|p2b: Dondozo|44/100 psn\n|faint|p2a: Tatsugiri\n|move|p1a: Weezing|Sludge Bomb|p2b: Dondozo\n|-damage|p2b: Dondozo|19/100 psn\n|move|p2b: Dondozo|Rock Slide|p1a: Weezing|[spread] p1a,p1b\n|-supereffective|p1b: Chi-Yu\n|-damage|p1a: Weezing|73/100\n|-damage|p1b: Chi-Yu|0 fnt\n|faint|p1b: Chi-Yu\n|\n|-heal|p2b: Dondozo|25/100 psn|[from] item: Leftovers\n|-damage|p2b: Dondozo|13/100 psn|[from] psn\n|upkeep\n|\n|t:|1776709416\n|switch|p1b: Calyrex|Calyrex-Shadow, L50|100/100\n|-ability|p1b: Calyrex|As One\n|-ability|p1b: Calyrex|Unnerve\n|turn|7\n|\n|t:|1776709439\n|move|p1b: Calyrex|Protect|p1b: Calyrex\n|-singleturn|p1b: Calyrex|Protect\n|move|p1a: Weezing|Protect|p1a: Weezing\n|-singleturn|p1a: Weezing|Protect\n|move|p2b: Dondozo|Protect||[still]\n|-fail|p2b: Dondozo\n|\n|-heal|p2b: Dondozo|19/100 psn|[from] item: Leftovers\n|-damage|p2b: Dondozo|6/100 psn|[from] psn\n|upkeep\n|turn|8\n|-message|kokosthegreek forfeited.\n|\n|win|Harry Koekenpan\n|raw|Harry Koekenpan's rating: 1446 &rarr; <strong>1468</strong><br />(+22 for winning)\n|raw|kokosthegreek's rating: 1480 &rarr; <strong>1458</strong><br />(-22 for losing)\n|l|\u2606kokosthegreek\n|player|p2|\n|l|\u2606Harry Koekenpan\n|player|p1|\n","uploadtime":1776709600,"views":8,"formatid":"gen9vgc2026regi","rating":1458,"private":0,"password":null}