{"id":"gen9vgc2026regi-2578896523","format":"[Gen 9] VGC 2026 Reg I","players":["don juan dozo","ky123456"],"log":"|j|\u2606don juan dozo\n|j|\u2606ky123456\n|t:|1775733711\n|gametype|doubles\n|player|p1|don juan dozo|170|1539\n|player|p2|ky123456|cynthia-gen4|1601\n|gen|9\n|tier|[Gen 9] VGC 2026 Reg I\n|rated|\n|rule|Species Clause: Limit one of each Pok\u00e9mon\n|rule|Item Clause: Limit 1 of each item\n|clearpoke\n|poke|p1|Calyrex-Shadow, L50|\n|poke|p1|Zamazenta-*, L50|\n|poke|p1|Ting-Lu, L50|\n|poke|p1|Dondozo, L50, F|\n|poke|p1|Chien-Pao, L50|\n|poke|p1|Ogerpon-Hearthflame, L50, F|\n|poke|p2|Rillaboom, L50, M|\n|poke|p2|Ting-Lu, L50|\n|poke|p2|Ho-Oh, L50|\n|poke|p2|Toxapex, L50, M|\n|poke|p2|Calyrex-Shadow, L50|\n|poke|p2|Incineroar, L50, M|\n|teampreview|4\n|\n|t:|1775733737\n|teamsize|p1|4\n|teamsize|p2|4\n|start\n|switch|p1a: Jordan 96/97|Ting-Lu, L50|100/100\n|switch|p1b: Ivan Karamazov|Dondozo, L50, F|100/100\n|switch|p2a: Ting-Lu|Ting-Lu, L50|100/100\n|switch|p2b: Toxapex|Toxapex, L50, M|100/100\n|-ability|p2a: Ting-Lu|Vessel of Ruin\n|-ability|p1a: Jordan 96/97|Vessel of Ruin\n|turn|1\n|\n|t:|1775733754\n|move|p2a: Ting-Lu|Stealth Rock|p1a: Jordan 96/97\n|-sidestart|p1: don juan dozo|move: Stealth Rock\n|move|p2b: Toxapex|Toxic Spikes|p1a: Jordan 96/97\n|-sidestart|p1: don juan dozo|move: Toxic Spikes\n|move|p1a: Jordan 96/97|Sand Tomb|p2b: Toxapex\n|-supereffective|p2b: Toxapex\n|-damage|p2b: Toxapex|78/100\n|-activate|p2b: Toxapex|move: Sand Tomb|[of] p1a: Jordan 96/97\n|move|p1b: Ivan Karamazov|Yawn|p2a: Ting-Lu\n|-start|p2a: Ting-Lu|move: Yawn|[of] p1b: Ivan Karamazov\n|\n|-damage|p2b: Toxapex|65/100|[from] move: Sand Tomb|[partiallytrapped]\n|upkeep\n|turn|2\n|\n|t:|1775733780\n|switch|p2a: Incineroar|Incineroar, L50, M|100/100\n|-ability|p2a: Incineroar|Intimidate|boost\n|-unboost|p1a: Jordan 96/97|atk|1\n|-fail|p1b: Ivan Karamazov|unboost|Attack|[from] ability: Oblivious|[of] p1b: Ivan Karamazov\n|move|p2b: Toxapex|Infestation|p1a: Jordan 96/97\n|-supereffective|p1a: Jordan 96/97\n|-damage|p1a: Jordan 96/97|97/100\n|-activate|p1a: Jordan 96/97|move: Infestation|[of] p2b: Toxapex\n|-damage|p2b: Toxapex|49/100|[from] item: Rocky Helmet|[of] p1a: Jordan 96/97\n|move|p1a: Jordan 96/97|Stealth Rock|p2b: Toxapex\n|-sidestart|p2: ky123456|move: Stealth Rock\n|move|p1b: Ivan Karamazov|Yawn|p2b: Toxapex\n|-start|p2b: Toxapex|move: Yawn|[of] p1b: Ivan Karamazov\n|\n|-damage|p2b: Toxapex|37/100|[from] move: Sand Tomb|[partiallytrapped]\n|-damage|p1a: Jordan 96/97|85/100|[from] move: Infestation|[partiallytrapped]\n|upkeep\n|turn|3\n|\n|t:|1775733807\n|move|p2a: Incineroar|Fake Out|p1a: Jordan 96/97\n|-damage|p1a: Jordan 96/97|80/100\n|-damage|p2a: Incineroar|84/100|[from] item: Rocky Helmet|[of] p1a: Jordan 96/97\n|move|p2b: Toxapex|Infestation|p1b: Ivan Karamazov\n|-damage|p1b: Ivan Karamazov|99/100\n|-activate|p1b: Ivan Karamazov|move: Infestation|[of] p2b: Toxapex\n|cant|p1a: Jordan 96/97|flinch\n|move|p1b: Ivan Karamazov|Substitute|p1b: Ivan Karamazov\n|-start|p1b: Ivan Karamazov|Substitute\n|-end|p1b: Ivan Karamazov|Infestation|[partiallytrapped]|[silent]\n|-damage|p1b: Ivan Karamazov|74/100\n|\n|-heal|p1b: Ivan Karamazov|80/100|[from] item: Leftovers\n|-damage|p2b: Toxapex|25/100|[from] move: Sand Tomb|[partiallytrapped]\n|-damage|p1a: Jordan 96/97|68/100|[from] move: Infestation|[partiallytrapped]\n|-end|p2b: Toxapex|move: Yawn|[silent]\n|-status|p2b: Toxapex|slp\n|upkeep\n|turn|4\n|\n|t:|1775733832\n|cant|p2b: Toxapex|slp\n|move|p2a: Incineroar|Knock Off|p1b: Ivan Karamazov\n|-activate|p1b: Ivan Karamazov|move: Substitute|[damage]\n|move|p1a: Jordan 96/97|Sand Tomb|p2a: Incineroar\n|-supereffective|p2a: Incineroar\n|-damage|p2a: Incineroar|68/100\n|-activate|p2a: Incineroar|move: Sand Tomb|[of] p1a: Jordan 96/97\n|move|p1b: Ivan Karamazov|Wave Crash|p2b: Toxapex\n|-resisted|p2b: Toxapex\n|-damage|p2b: Toxapex|10/100 slp\n|-damage|p1b: Ivan Karamazov|77/100|[from] Recoil\n|\n|-heal|p1b: Ivan Karamazov|83/100|[from] item: Leftovers\n|-damage|p2a: Incineroar|55/100|[from] move: Sand Tomb|[partiallytrapped]\n|-damage|p2b: Toxapex|0 fnt|[from] move: Sand Tomb|[partiallytrapped]\n|faint|p2b: Toxapex\n|-end|p1a: Jordan 96/97|Infestation|[partiallytrapped]|[silent]\n|upkeep\n|\n|t:|1775733840\n|switch|p2b: Ting-Lu|Ting-Lu, L50|100/100\n|-damage|p2b: Ting-Lu|94/100|[from] Stealth Rock\n|-ability|p2b: Ting-Lu|Vessel of Ruin\n|turn|5\n|\n|t:|1775733851\n|move|p2a: Incineroar|Protect|p2a: Incineroar\n|-singleturn|p2a: Incineroar|Protect\n|move|p1a: Jordan 96/97|Ruination|p2b: Ting-Lu|[miss]\n|-miss|p1a: Jordan 96/97|p2b: Ting-Lu\n|move|p1b: Ivan Karamazov|Yawn|p2a: Incineroar\n|-activate|p2a: Incineroar|move: Protect\n|move|p2b: Ting-Lu|Whirlwind|p1b: Ivan Karamazov\n|drag|p1b: Magnus Carlsen|Zamazenta-Crowned, L50|100/100\n|-damage|p1b: Magnus Carlsen|98/100|[from] Stealth Rock\n|-ability|p1b: Magnus Carlsen|Dauntless Shield|boost\n|-boost|p1b: Magnus Carlsen|def|1\n|\n|-heal|p2b: Ting-Lu|100/100|[from] item: Leftovers\n|-damage|p2a: Incineroar|43/100|[from] move: Sand Tomb|[partiallytrapped]\n|upkeep\n|turn|6\n|\n|t:|1775733870\n|-terastallize|p2b: Ting-Lu|Poison\n|move|p2a: Incineroar|Protect||[still]\n|-fail|p2a: Incineroar\n|move|p1b: Magnus Carlsen|Body Press|p2a: Incineroar\n|-supereffective|p2a: Incineroar\n|-damage|p2a: Incineroar|0 fnt\n|-damage|p1b: Magnus Carlsen|81/100|[from] item: Rocky Helmet|[of] p2a: Incineroar\n|faint|p2a: Incineroar\n|move|p2b: Ting-Lu|Ruination|p1b: Magnus Carlsen\n|-damage|p1b: Magnus Carlsen|41/100\n|move|p1a: Jordan 96/97|Sand Tomb|p2b: Ting-Lu\n|-supereffective|p2b: Ting-Lu\n|-damage|p2b: Ting-Lu|91/100\n|-activate|p2b: Ting-Lu|move: Sand Tomb|[of] p1a: Jordan 96/97\n|\n|-heal|p2b: Ting-Lu|97/100|[from] item: Leftovers\n|-damage|p2b: Ting-Lu|85/100|[from] move: Sand Tomb|[partiallytrapped]\n|upkeep\n|\n|t:|1775733874\n|switch|p2a: Ho-Oh|Ho-Oh, L50|100/100\n|-damage|p2a: Ho-Oh|51/100|[from] Stealth Rock\n|turn|7\n|\n|t:|1775733884\n|move|p1b: Magnus Carlsen|Heavy Slam|p2b: Ting-Lu\n|-damage|p2b: Ting-Lu|77/100\n|move|p2a: Ho-Oh|Life Dew|p2a: Ho-Oh|[spread] p2a,p2b\n|-heal|p2a: Ho-Oh|76/100\n|-heal|p2b: Ting-Lu|100/100\n|move|p2b: Ting-Lu|Ruination|p1a: Jordan 96/97|[miss]\n|-miss|p2b: Ting-Lu|p1a: Jordan 96/97\n|move|p1a: Jordan 96/97|Ruination|p2b: Ting-Lu\n|-damage|p2b: Ting-Lu|50/100\n|\n|-heal|p2b: Ting-Lu|57/100|[from] item: Leftovers\n|-damage|p2b: Ting-Lu|44/100|[from] move: Sand Tomb|[partiallytrapped]\n|upkeep\n|turn|8\n|\n|t:|1775733897\n|move|p2b: Ting-Lu|Protect|p2b: Ting-Lu\n|-singleturn|p2b: Ting-Lu|Protect\n|move|p1b: Magnus Carlsen|Body Press|p2b: Ting-Lu\n|-activate|p2b: Ting-Lu|move: Protect\n|move|p1a: Jordan 96/97|Ruination|p2a: Ho-Oh\n|-damage|p2a: Ho-Oh|38/100\n|-enditem|p2a: Ho-Oh|Red Card|[of] p1a: Jordan 96/97\n|drag|p1a: Ivan Karamazov|Dondozo, L50, F|83/100\n|-damage|p1a: Ivan Karamazov|71/100|[from] Stealth Rock\n|-status|p1a: Ivan Karamazov|psn\n|move|p2a: Ho-Oh|Whirlwind|p1a: Ivan Karamazov\n|drag|p1a: Jordan 96/97|Ting-Lu, L50|68/100\n|-damage|p1a: Jordan 96/97|62/100|[from] Stealth Rock\n|-status|p1a: Jordan 96/97|psn\n|-ability|p1a: Jordan 96/97|Vessel of Ruin\n|\n|-heal|p2b: Ting-Lu|50/100|[from] item: Leftovers\n|-damage|p1a: Jordan 96/97|49/100 psn|[from] psn\n|-end|p2b: Ting-Lu|Sand Tomb|[partiallytrapped]|[silent]\n|upkeep\n|turn|9\n|\n|t:|1775733920\n|move|p1b: Magnus Carlsen|Body Press|p2a: Ho-Oh\n|-resisted|p2a: Ho-Oh\n|-damage|p2a: Ho-Oh|11/100\n|move|p2a: Ho-Oh|Life Dew|p2a: Ho-Oh|[spread] p2a,p2b\n|-heal|p2a: Ho-Oh|36/100\n|-heal|p2b: Ting-Lu|76/100\n|move|p2b: Ting-Lu|Ruination|p1a: Jordan 96/97\n|-damage|p1a: Jordan 96/97|25/100 psn\n|move|p1a: Jordan 96/97|Sand Tomb|p2b: Ting-Lu|[miss]\n|-miss|p1a: Jordan 96/97|p2b: Ting-Lu\n|\n|-heal|p2b: Ting-Lu|82/100|[from] item: Leftovers\n|-damage|p1a: Jordan 96/97|13/100 psn|[from] psn\n|upkeep\n|turn|10\n|\n|t:|1775733945\n|move|p1b: Magnus Carlsen|Body Press|p2a: Ho-Oh\n|-resisted|p2a: Ho-Oh\n|-damage|p2a: Ho-Oh|6/100\n|move|p2a: Ho-Oh|Life Dew|p2a: Ho-Oh|[spread] p2a,p2b\n|-heal|p2a: Ho-Oh|30/100\n|-heal|p2b: Ting-Lu|100/100\n|move|p2b: Ting-Lu|Ruination|p1b: Magnus Carlsen\n|-damage|p1b: Magnus Carlsen|21/100\n|move|p1a: Jordan 96/97|Ruination|p2b: Ting-Lu\n|-damage|p2b: Ting-Lu|50/100\n|\n|-heal|p2b: Ting-Lu|57/100|[from] item: Leftovers\n|-damage|p1a: Jordan 96/97|0 fnt|[from] psn\n|faint|p1a: Jordan 96/97\n|upkeep\n|\n|t:|1775733965\n|switch|p1a: 221 speed|Calyrex-Shadow, L50|100/100\n|-ability|p1a: 221 speed|As One\n|-ability|p1a: 221 speed|Unnerve\n|-damage|p1a: 221 speed|88/100|[from] Stealth Rock\n|-status|p1a: 221 speed|psn\n|turn|11\n|\n|t:|1775733976\n|-terastallize|p1a: 221 speed|Ghost\n|move|p2a: Ho-Oh|Protect|p2a: Ho-Oh\n|-singleturn|p2a: Ho-Oh|Protect\n|move|p1a: 221 speed|Astral Barrage|p2b: Ting-Lu|[spread] p2b\n|-activate|p2a: Ho-Oh|move: Protect\n|-damage|p2b: Ting-Lu|23/100\n|move|p1b: Magnus Carlsen|Body Press|p2b: Ting-Lu\n|-resisted|p2b: Ting-Lu\n|-damage|p2b: Ting-Lu|5/100\n|move|p2b: Ting-Lu|Whirlwind|p1a: 221 speed\n|drag|p1a: Ivan Karamazov|Dondozo, L50, F|71/100 psn\n|-damage|p1a: Ivan Karamazov|58/100 psn|[from] Stealth Rock\n|\n|-heal|p2b: Ting-Lu|12/100|[from] item: Leftovers\n|-heal|p1a: Ivan Karamazov|65/100 psn|[from] item: Leftovers\n|-damage|p1a: Ivan Karamazov|52/100 psn|[from] psn\n|upkeep\n|turn|12\n|\n|t:|1775733996\n|move|p2b: Ting-Lu|Protect|p2b: Ting-Lu\n|-singleturn|p2b: Ting-Lu|Protect\n|move|p1b: Magnus Carlsen|Body Press|p2b: Ting-Lu\n|-activate|p2b: Ting-Lu|move: Protect\n|move|p2a: Ho-Oh|Life Dew|p2a: Ho-Oh|[spread] p2a,p2b\n|-heal|p2a: Ho-Oh|55/100\n|-heal|p2b: Ting-Lu|37/100\n|move|p1a: Ivan Karamazov|Yawn|p2a: Ho-Oh\n|-start|p2a: Ho-Oh|move: Yawn|[of] p1a: Ivan Karamazov\n|\n|-heal|p2b: Ting-Lu|43/100|[from] item: Leftovers\n|-heal|p1a: Ivan Karamazov|58/100 psn|[from] item: Leftovers\n|-damage|p1a: Ivan Karamazov|46/100 psn|[from] psn\n|upkeep\n|turn|13\n|\n|t:|1775734026\n|move|p1b: Magnus Carlsen|Body Press|p2a: Ho-Oh\n|-resisted|p2a: Ho-Oh\n|-damage|p2a: Ho-Oh|28/100\n|move|p2a: Ho-Oh|Life Dew|p2a: Ho-Oh|[spread] p2a,p2b\n|-heal|p2a: Ho-Oh|53/100\n|-heal|p2b: Ting-Lu|68/100\n|move|p2b: Ting-Lu|Ruination|p1a: Ivan Karamazov\n|-damage|p1a: Ivan Karamazov|23/100 psn\n|move|p1a: Ivan Karamazov|Wave Crash|p2a: Ho-Oh\n|-supereffective|p2a: Ho-Oh\n|-damage|p2a: Ho-Oh|0 fnt\n|faint|p2a: Ho-Oh\n|-damage|p1a: Ivan Karamazov|10/100 psn|[from] Recoil\n|\n|-heal|p2b: Ting-Lu|74/100|[from] item: Leftovers\n|-heal|p1a: Ivan Karamazov|16/100 psn|[from] item: Leftovers\n|-damage|p1a: Ivan Karamazov|4/100 psn|[from] psn\n|upkeep\n|turn|14\n|\n|t:|1775734052\n|move|p1b: Magnus Carlsen|Body Press|p2b: Ting-Lu\n|-resisted|p2b: Ting-Lu\n|-damage|p2b: Ting-Lu|57/100\n|move|p2b: Ting-Lu|Ruination|p1b: Magnus Carlsen\n|-damage|p1b: Magnus Carlsen|11/100\n|move|p1a: Ivan Karamazov|Yawn|p2b: Ting-Lu\n|-start|p2b: Ting-Lu|move: Yawn|[of] p1a: Ivan Karamazov\n|\n|-heal|p2b: Ting-Lu|63/100|[from] item: Leftovers\n|-heal|p1a: Ivan Karamazov|10/100 psn|[from] item: Leftovers\n|-damage|p1a: Ivan Karamazov|0 fnt|[from] psn\n|faint|p1a: Ivan Karamazov\n|upkeep\n|\n|t:|1775734055\n|switch|p1a: 221 speed|Calyrex-Shadow, L50, tera:Ghost|88/100 psn\n|-ability|p1a: 221 speed|As One\n|-ability|p1a: 221 speed|Unnerve\n|-damage|p1a: 221 speed|75/100 psn|[from] Stealth Rock\n|turn|15\n|\n|t:|1775734064\n|move|p1a: 221 speed|Psychic|p2b: Ting-Lu\n|-supereffective|p2b: Ting-Lu\n|-damage|p2b: Ting-Lu|12/100\n|move|p1b: Magnus Carlsen|Body Press|p2b: Ting-Lu\n|-resisted|p2b: Ting-Lu\n|-damage|p2b: Ting-Lu|0 fnt\n|faint|p2b: Ting-Lu\n|\n|win|don juan dozo\n|raw|don juan dozo's rating: 1522 &rarr; <strong>1546</strong><br />(+24 for winning)\n|raw|ky123456's rating: 1601 &rarr; <strong>1577</strong><br />(-24 for losing)\n|l|\u2606ky123456\n|player|p2|\n|l|\u2606don juan dozo\n|player|p1|\n","uploadtime":1775734230,"views":15,"formatid":"gen9vgc2026regi","rating":1546,"private":0,"password":null}