{"id":"gen9vgc2026regi-2560749562","format":"[Gen 9] VGC 2026 Reg I","players":["Hithlum86","TheAndUrgeTheUrge"],"log":"|j|\u2606Hithlum86\n|j|\u2606TheAndUrgeTheUrge\n|t:|1773720237\n|gametype|doubles\n|player|p1|Hithlum86|101|1116\n|player|p2|TheAndUrgeTheUrge|1|1185\n|gen|9\n|tier|[Gen 9] VGC 2026 Reg I\n|rated|\n|rule|Species Clause: Limit one of each Pok\u00e9mon\n|rule|Item Clause: Limit 1 of each item\n|clearpoke\n|poke|p1|Incineroar, L50, M|\n|poke|p1|Landorus, L50, M|\n|poke|p1|Calyrex-Shadow, L50|\n|poke|p1|Koraidon, L50|\n|poke|p1|Brute Bonnet, L50|\n|poke|p1|Raging Bolt, L50|\n|poke|p2|Zamazenta-*, L50|\n|poke|p2|Koraidon, L50|\n|poke|p2|Flutter Mane, L50|\n|poke|p2|Incineroar, L50, F|\n|poke|p2|Rillaboom, L50, F|\n|poke|p2|Chi-Yu, L50|\n|teampreview|4\n|\n|t:|1773720269\n|teamsize|p1|4\n|teamsize|p2|4\n|start\n|switch|p1a: Wacka|Brute Bonnet, L50|100/100\n|switch|p1b: Mao & Agati|Calyrex-Shadow, L50|100/100\n|switch|p2a: Koraidon|Koraidon, L50|100/100\n|switch|p2b: Chi-Yu|Chi-Yu, L50, shiny|100/100\n|-ability|p1b: Mao & Agati|As One\n|-ability|p1b: Mao & Agati|Unnerve\n|-ability|p2b: Chi-Yu|Beads of Ruin\n|-weather|SunnyDay|[from] ability: Orichalcum Pulse|[of] p2a: Koraidon\n|-activate|p1a: Wacka|ability: Protosynthesis\n|-start|p1a: Wacka|protosynthesisdef\n|-activate|p2a: Koraidon|Orichalcum Pulse|[source]\n|turn|1\n|\n|t:|1773720300\n|-terastallize|p1a: Wacka|Water\n|move|p1b: Mao & Agati|Protect|p1b: Mao & Agati\n|-singleturn|p1b: Mao & Agati|Protect\n|move|p2a: Koraidon|Protect|p2a: Koraidon\n|-singleturn|p2a: Koraidon|Protect\n|move|p2b: Chi-Yu|Heat Wave|p1a: Wacka|[spread] p1a\n|-activate|p1b: Mao & Agati|move: Protect\n|-resisted|p1a: Wacka\n|-damage|p1a: Wacka|67/100\n|move|p1a: Wacka|Spore|p2a: Koraidon\n|-activate|p2a: Koraidon|move: Protect\n|\n|-weather|SunnyDay|[upkeep]\n|upkeep\n|turn|2\n|\n|t:|1773720336\n|switch|p2a: Incineroar|Incineroar, L50, F|100/100\n|-ability|p2a: Incineroar|Intimidate|boost\n|-unboost|p1a: Wacka|atk|1\n|-unboost|p1b: Mao & Agati|atk|1\n|move|p2b: Chi-Yu|Heat Wave|p1b: Mao & Agati|[spread] p1a,p1b\n|-resisted|p1a: Wacka\n|-damage|p1a: Wacka|36/100\n|-damage|p1b: Mao & Agati|24/100\n|move|p1b: Mao & Agati|Encore||[still]\n|-fail|p1b: Mao & Agati\n|move|p1a: Wacka|Spore|p2b: Chi-Yu\n|-status|p2b: Chi-Yu|slp|[from] move: Spore\n|\n|-weather|SunnyDay|[upkeep]\n|upkeep\n|turn|3\n|\n|t:|1773720358\n|switch|p1b: Matthias|Koraidon, L50|100/100\n|-activate|p1b: Matthias|ability: Orichalcum Pulse\n|cant|p2b: Chi-Yu|slp\n|move|p1a: Wacka|Spore|p2a: Incineroar\n|-activate|p2a: Incineroar|item: Safety Goggles|Spore\n|move|p2a: Incineroar|Parting Shot|p1a: Wacka\n|-unboost|p1a: Wacka|atk|1\n|-unboost|p1a: Wacka|spa|1\n|\n|t:|1773720367\n|switch|p2a: Flutter Mane|Flutter Mane, L50, shiny|100/100|[from] Parting Shot\n|-activate|p2a: Flutter Mane|ability: Protosynthesis\n|-start|p2a: Flutter Mane|protosynthesisspe\n|\n|-weather|SunnyDay|[upkeep]\n|upkeep\n|turn|4\n|\n|t:|1773720392\n|switch|p2b: Incineroar|Incineroar, L50, F|100/100\n|-ability|p2b: Incineroar|Intimidate|boost\n|-unboost|p1a: Wacka|atk|1\n|-fail|p1b: Matthias|unboost|[from] item: Clear Amulet|[of] p1b: Matthias\n|move|p2a: Flutter Mane|Protect|p2a: Flutter Mane\n|-singleturn|p2a: Flutter Mane|Protect\n|move|p1b: Matthias|Collision Course|p2b: Incineroar\n|-supereffective|p2b: Incineroar\n|-damage|p2b: Incineroar|0 fnt\n|faint|p2b: Incineroar\n|move|p1a: Wacka|Spore|p2a: Flutter Mane\n|-activate|p2a: Flutter Mane|move: Protect\n|\n|-weather|SunnyDay|[upkeep]\n|upkeep\n|\n|t:|1773720408\n|switch|p2b: Chi-Yu|Chi-Yu, L50, shiny|100/100 slp\n|-ability|p2b: Chi-Yu|Beads of Ruin\n|turn|5\n|\n|t:|1773720422\n|move|p2a: Flutter Mane|Moonblast|p1a: Wacka\n|-damage|p1a: Wacka|0 fnt\n|faint|p1a: Wacka\n|-end|p1a: Wacka|Protosynthesis|[silent]\n|cant|p2b: Chi-Yu|slp\n|move|p1b: Matthias|Collision Course|p2b: Chi-Yu\n|-supereffective|p2b: Chi-Yu\n|-damage|p2b: Chi-Yu|0 fnt\n|faint|p2b: Chi-Yu\n|\n|-weather|none\n|-end|p2a: Flutter Mane|Protosynthesis\n|upkeep\n|\n|t:|1773720435\n|switch|p2b: Koraidon|Koraidon, L50|100/100\n|switch|p1a: Mao & Agati|Calyrex-Shadow, L50|24/100\n|-ability|p1a: Mao & Agati|As One\n|-ability|p1a: Mao & Agati|Unnerve\n|-weather|SunnyDay|[from] ability: Orichalcum Pulse|[of] p2b: Koraidon\n|-activate|p2a: Flutter Mane|ability: Protosynthesis\n|-start|p2a: Flutter Mane|protosynthesisspe\n|-activate|p2b: Koraidon|Orichalcum Pulse|[source]\n|turn|6\n|\n|t:|1773720451\n|-terastallize|p2b: Koraidon|Fire\n|move|p1a: Mao & Agati|Protect|p1a: Mao & Agati\n|-singleturn|p1a: Mao & Agati|Protect\n|move|p1b: Matthias|Protect|p1b: Matthias\n|-singleturn|p1b: Matthias|Protect\n|move|p2a: Flutter Mane|Moonblast|p1b: Matthias\n|-activate|p1b: Matthias|move: Protect\n|move|p2b: Koraidon|Flame Charge|p1a: Mao & Agati\n|-activate|p1a: Mao & Agati|move: Protect\n|\n|-weather|SunnyDay|[upkeep]\n|upkeep\n|turn|7\n|\n|t:|1773720490\n|switch|p1b: Kareem|Incineroar, L50, M|100/100\n|-ability|p1b: Kareem|Intimidate|boost\n|-unboost|p2a: Flutter Mane|atk|1\n|-unboost|p2b: Koraidon|atk|1\n|move|p2a: Flutter Mane|Moonblast|p1b: Kareem\n|-damage|p1b: Kareem|54/100\n|-unboost|p1b: Kareem|spa|1\n|move|p1a: Mao & Agati|Astral Barrage|p2a: Flutter Mane|[spread] p2a,p2b\n|-supereffective|p2a: Flutter Mane\n|-enditem|p2a: Flutter Mane|Focus Sash\n|-damage|p2a: Flutter Mane|1/100\n|-damage|p2b: Koraidon|41/100\n|move|p2b: Koraidon|Flame Charge|p1a: Mao & Agati\n|-damage|p1a: Mao & Agati|0 fnt\n|-boost|p2b: Koraidon|spe|1\n|faint|p1a: Mao & Agati\n|-damage|p2b: Koraidon|31/100|[from] item: Life Orb\n|\n|-weather|SunnyDay|[upkeep]\n|upkeep\n|\n|t:|1773720508\n|switch|p1a: Matthias|Koraidon, L50|100/100\n|-activate|p1a: Matthias|ability: Orichalcum Pulse\n|turn|8\n|\n|t:|1773720545\n|move|p2b: Koraidon|Protect|p2b: Koraidon\n|-singleturn|p2b: Koraidon|Protect\n|move|p2a: Flutter Mane|Protect|p2a: Flutter Mane\n|-singleturn|p2a: Flutter Mane|Protect\n|move|p1b: Kareem|Fake Out|p2a: Flutter Mane\n|-activate|p2a: Flutter Mane|move: Protect\n|move|p1a: Matthias|Flame Charge|p2a: Flutter Mane\n|-activate|p2a: Flutter Mane|move: Protect\n|\n|-weather|SunnyDay|[upkeep]\n|upkeep\n|turn|9\n|inactive|Battle timer is ON: inactive players will automatically lose when time's up. (requested by TheAndUrgeTheUrge)\n|inactive|Hithlum86 has 60 seconds left.\n|\n|t:|1773720592\n|move|p2a: Flutter Mane|Moonblast|p1a: Matthias\n|-supereffective|p1a: Matthias\n|-damage|p1a: Matthias|0 fnt\n|faint|p1a: Matthias\n|move|p2b: Koraidon|Close Combat|p1b: Kareem\n|-supereffective|p1b: Kareem\n|-damage|p1b: Kareem|0 fnt\n|-unboost|p2b: Koraidon|def|1\n|-unboost|p2b: Koraidon|spd|1\n|-damage|p2b: Koraidon|15/100|[from] item: Rocky Helmet|[of] p1b: Kareem\n|faint|p1b: Kareem\n|-damage|p2b: Koraidon|5/100|[from] item: Life Orb\n|\n|win|TheAndUrgeTheUrge\n|raw|Hithlum86's rating: 1116 &rarr; <strong>1096</strong><br />(-20 for losing)\n|raw|TheAndUrgeTheUrge's rating: 1185 &rarr; <strong>1205</strong><br />(+20 for winning)\n|l|\u2606Hithlum86\n|player|p1|\n|l|\u2606TheAndUrgeTheUrge\n|player|p2|\n","uploadtime":1773720972,"views":13,"formatid":"gen9vgc2026regi","rating":1096,"private":0,"password":null}