{"id":"gen9vgc2026regi-2552211532","format":"[Gen 9] VGC 2026 Reg I","players":["Maphoo","Unicorn222"],"log":"|j|\u2606Maphoo\n|j|\u2606Unicorn222\n|t:|1772690149\n|gametype|doubles\n|player|p1|Maphoo|265|1394\n|player|p2|Unicorn222|cynthia-gen4|1365\n|gen|9\n|tier|[Gen 9] VGC 2026 Reg I\n|rated|\n|rule|Species Clause: Limit one of each Pok\u00e9mon\n|rule|Item Clause: Limit 1 of each item\n|clearpoke\n|poke|p1|Lunala, L50|\n|poke|p1|Indeedee-F, L50, F|\n|poke|p1|Roaring Moon, L50|\n|poke|p1|Kyogre, L50|\n|poke|p1|Urshifu-*, L50, M|\n|poke|p1|Ursaluna, L50, M|\n|poke|p2|Muk-Alola, L50, F|\n|poke|p2|Smeargle, L50, F|\n|poke|p2|Calyrex-Shadow, L50|\n|poke|p2|Flamigo, L50, F|\n|poke|p2|Miraidon, L50|\n|poke|p2|Volcarona, L50, F|\n|teampreview|4\n|inactive|Battle timer is ON: inactive players will automatically lose when time's up. (requested by Unicorn222)\n|inactive|Maphoo has 60 seconds left.\n|\n|t:|1772690188\n|teamsize|p1|4\n|teamsize|p2|4\n|start\n|switch|p1a: Indeedee|Indeedee-F, L50, F, shiny|100/100\n|switch|p1b: Urshifu|Urshifu-Rapid-Strike, L50, M|100/100\n|switch|p2a: Smeargle|Smeargle, L50, F|100/100\n|switch|p2b: Muk|Muk-Alola, L50, F|100/100\n|-fieldstart|move: Psychic Terrain|[from] ability: Psychic Surge|[of] p1a: Indeedee\n|-enditem|p1a: Indeedee|Psychic Seed\n|-boost|p1a: Indeedee|spd|1|[from] item: Psychic Seed\n|turn|1\n|\n|t:|1772690202\n|switch|p1a: Kyogre|Kyogre, L50|100/100\n|-weather|RainDance|[from] ability: Drizzle|[of] p1a: Kyogre\n|-terastallize|p2b: Muk|Water\n|move|p1b: Urshifu|Taunt|p2a: Smeargle\n|-start|p2a: Smeargle|move: Taunt\n|cant|p2a: Smeargle|move: Taunt|Spore\n|move|p2b: Muk|Minimize|p2b: Muk\n|-boost|p2b: Muk|evasion|2\n|\n|-weather|RainDance|[upkeep]\n|-ability|p2a: Smeargle|Moody|boost\n|-boost|p2a: Smeargle|spa|2\n|-unboost|p2a: Smeargle|spd|1\n|upkeep\n|turn|2\n|\n|t:|1772690221\n|-terastallize|p1b: Urshifu|Stellar\n|move|p1b: Urshifu|Close Combat|p2b: Muk|[miss]\n|-miss|p1b: Urshifu|p2b: Muk\n|move|p2a: Smeargle|Salt Cure|p1a: Kyogre\n|-damage|p1a: Kyogre|98/100\n|-start|p1a: Kyogre|Salt Cure\n|move|p1a: Kyogre|Water Spout|p2b: Muk|[spread] p2a,p2b\n|-resisted|p2b: Muk\n|-enditem|p2a: Smeargle|Focus Sash\n|-damage|p2a: Smeargle|1/100\n|-damage|p2b: Muk|49/100\n|move|p2b: Muk|Minimize|p2b: Muk\n|-boost|p2b: Muk|evasion|2\n|\n|-weather|RainDance|[upkeep]\n|-heal|p2b: Muk|55/100|[from] item: Leftovers\n|-damage|p1a: Kyogre|73/100|[from] Salt Cure\n|-ability|p2a: Smeargle|Moody|boost\n|-boost|p2a: Smeargle|atk|2\n|-unboost|p2a: Smeargle|spa|1\n|upkeep\n|turn|3\n|\n|t:|1772690244\n|move|p2b: Muk|Protect|p2b: Muk\n|-singleturn|p2b: Muk|Protect\n|move|p1b: Urshifu|Close Combat|p2b: Muk\n|-damage|p2b: Muk|0 fnt\n|-unboost|p1b: Urshifu|def|1\n|-unboost|p1b: Urshifu|spd|1\n|faint|p2b: Muk\n|move|p2a: Smeargle|Salt Cure|p1b: Urshifu\n|-resisted|p1b: Urshifu\n|-damage|p1b: Urshifu|96/100\n|-start|p1b: Urshifu|Salt Cure\n|move|p1a: Kyogre|Water Spout|p2a: Smeargle\n|-crit|p2a: Smeargle\n|-damage|p2a: Smeargle|0 fnt\n|faint|p2a: Smeargle\n|\n|-weather|RainDance|[upkeep]\n|-damage|p1b: Urshifu|71/100|[from] Salt Cure\n|-damage|p1a: Kyogre|48/100|[from] Salt Cure\n|upkeep\n|\n|t:|1772690253\n|switch|p2a: Flamigo|Flamigo, L50, F|100/100\n|switch|p2b: Calyrex|Calyrex-Shadow, L50|100/100\n|-ability|p2b: Calyrex|As One\n|-ability|p2b: Calyrex|Unnerve\n|-copyboost|p2a: Flamigo|p2b: Calyrex|[from] ability: Costar\n|turn|4\n|\n|t:|1772690275\n|switch|p1a: Indeedee|Indeedee-F, L50, F, shiny|100/100\n|move|p1b: Urshifu|Detect|p1b: Urshifu\n|-singleturn|p1b: Urshifu|Protect\n|move|p2b: Calyrex|Astral Barrage|p1b: Urshifu|[spread] \n|-activate|p1b: Urshifu|move: Protect\n|-immune|p1a: Indeedee\n|move|p2a: Flamigo|Acrobatics|p1b: Urshifu\n|-activate|p1b: Urshifu|move: Protect\n|\n|-weather|RainDance|[upkeep]\n|-damage|p1b: Urshifu|47/100|[from] Salt Cure\n|upkeep\n|turn|5\n|\n|t:|1772690300\n|switch|p1b: Roaring Moon|Roaring Moon, L50|100/100\n|-enditem|p1b: Roaring Moon|Booster Energy\n|-activate|p1b: Roaring Moon|ability: Protosynthesis|[fromitem]\n|-start|p1b: Roaring Moon|protosynthesisspe\n|move|p2b: Calyrex|Astral Barrage|p1b: Roaring Moon|[spread] p1b\n|-immune|p1a: Indeedee\n|-resisted|p1b: Roaring Moon\n|-damage|p1b: Roaring Moon|69/100\n|move|p2a: Flamigo|Close Combat|p1b: Roaring Moon\n|-supereffective|p1b: Roaring Moon\n|-damage|p1b: Roaring Moon|0 fnt\n|-unboost|p2a: Flamigo|def|1\n|-unboost|p2a: Flamigo|spd|1\n|faint|p1b: Roaring Moon\n|-end|p1b: Roaring Moon|Protosynthesis|[silent]\n|-enditem|p2a: Flamigo|White Herb\n|-clearnegativeboost|p2a: Flamigo|[silent]\n|move|p1a: Indeedee|Alluring Voice|p2b: Calyrex\n|-damage|p2b: Calyrex|82/100\n|\n|-weather|none\n|-fieldend|move: Psychic Terrain\n|upkeep\n|\n|t:|1772690322\n|switch|p1b: Urshifu|Urshifu-Rapid-Strike, L50, M, tera:Stellar|47/100\n|turn|6\n|\n|t:|1772690331\n|move|p1b: Urshifu|Detect|p1b: Urshifu\n|-singleturn|p1b: Urshifu|Protect\n|move|p2b: Calyrex|Astral Barrage|p1b: Urshifu|[spread] \n|-activate|p1b: Urshifu|move: Protect\n|-immune|p1a: Indeedee\n|move|p2a: Flamigo|Close Combat|p1a: Indeedee\n|-damage|p1a: Indeedee|47/100\n|-unboost|p2a: Flamigo|def|1\n|-unboost|p2a: Flamigo|spd|1\n|move|p1a: Indeedee|Trick Room|p1a: Indeedee\n|-fieldstart|move: Trick Room|[of] p1a: Indeedee\n|\n|upkeep\n|turn|7\n|inactive|Maphoo has 30 seconds left.\n|\n|t:|1772690357\n|move|p1a: Indeedee|Follow Me|p1a: Indeedee\n|-singleturn|p1a: Indeedee|move: Follow Me\n|move|p2a: Flamigo|Acrobatics|p1a: Indeedee\n|-damage|p1a: Indeedee|0 fnt\n|faint|p1a: Indeedee\n|move|p1b: Urshifu|Surging Strikes|p2a: Flamigo\n|-crit|p2a: Flamigo\n|-damage|p2a: Flamigo|40/100\n|-crit|p2a: Flamigo\n|-damage|p2a: Flamigo|0 fnt\n|faint|p2a: Flamigo\n|-hitcount|p2: Flamigo|2\n|move|p2b: Calyrex|Giga Drain|p1b: Urshifu\n|-supereffective|p1b: Urshifu\n|-damage|p1b: Urshifu|0 fnt\n|-heal|p2b: Calyrex|100/100|[from] drain|[of] p1b: Urshifu\n|faint|p1b: Urshifu\n|-ability|p2b: Calyrex|Grim Neigh|boost\n|-boost|p2b: Calyrex|spa|1\n|\n|upkeep\n|\n|t:|1772690376\n|switch|p1b: Kyogre|Kyogre, L50|48/100\n|-weather|RainDance|[from] ability: Drizzle|[of] p1b: Kyogre\n|turn|8\n|\n|t:|1772690382\n|move|p2b: Calyrex|Protect|p2b: Calyrex\n|-singleturn|p2b: Calyrex|Protect\n|move|p1b: Kyogre|Origin Pulse|p2b: Calyrex\n|-activate|p2b: Calyrex|move: Protect\n|\n|-weather|RainDance|[upkeep]\n|upkeep\n|turn|9\n|\n|t:|1772690389\n|move|p1b: Kyogre|Origin Pulse|p2b: Calyrex\n|-damage|p2b: Calyrex|0 fnt\n|faint|p2b: Calyrex\n|\n|win|Maphoo\n|raw|Maphoo's rating: 1394 &rarr; <strong>1412</strong><br />(+18 for winning)\n|raw|Unicorn222's rating: 1365 &rarr; <strong>1347</strong><br />(-18 for losing)\n|l|\u2606Unicorn222\n|player|p2|\n|l|\u2606Maphoo\n|player|p1|\n","uploadtime":1772690655,"views":12,"formatid":"gen9vgc2026regi","rating":1347,"private":0,"password":null}