{"id":"gen9vgc2026regi-2563044661","format":"[Gen 9] VGC 2026 Reg I","players":["ScribbleScribble","shangenb6"],"log":"|j|\u2606ScribbleScribble\n|j|\u2606shangenb6\n|t:|1773977111\n|gametype|doubles\n|player|p1|ScribbleScribble|mina-lgpe|1494\n|player|p2|shangenb6|266|1556\n|gen|9\n|tier|[Gen 9] VGC 2026 Reg I\n|rated|\n|rule|Species Clause: Limit one of each Pok\u00e9mon\n|rule|Item Clause: Limit 1 of each item\n|clearpoke\n|poke|p1|Calyrex-Ice, L50|\n|poke|p1|Kyogre, L50|\n|poke|p1|Tornadus, L50, M|\n|poke|p1|Indeedee-F, L50, F|\n|poke|p1|Landorus, L50, M|\n|poke|p1|Urshifu-*, L50, F|\n|poke|p2|Koraidon, L50|\n|poke|p2|Lunala, L50|\n|poke|p2|Flutter Mane, L50|\n|poke|p2|Chi-Yu, L50|\n|poke|p2|Raging Bolt, L50|\n|poke|p2|Indeedee-F, L50, F|\n|teampreview|4\n|inactive|Battle timer is ON: inactive players will automatically lose when time's up. (requested by shangenb6)\n|inactive|ScribbleScribble also wants the timer to be on.\n|inactive|ScribbleScribble has 60 seconds left.\n|inactive|shangenb6 has 60 seconds left.\n|\n|t:|1773977167\n|teamsize|p1|4\n|teamsize|p2|4\n|start\n|switch|p1a: Tornadus|Tornadus, L50, M|100/100\n|switch|p1b: Urshifu|Urshifu-Rapid-Strike, L50, F|100/100\n|switch|p2a: Lunala|Lunala, L50|100/100\n|switch|p2b: Flutter Mane|Flutter Mane, L50|100/100\n|turn|1\n|inactive|shangenb6 has 30 seconds left.\n|inactive|shangenb6 has 20 seconds left.\n|\n|t:|1773977205\n|-end|p2b: Flutter Mane|Protosynthesis|[silent]\n|switch|p2b: Raging Bolt|Raging Bolt, L50|100/100\n|move|p1a: Tornadus|Tailwind|p1a: Tornadus\n|-sidestart|p1: ScribbleScribble|move: Tailwind\n|move|p1b: Urshifu|Surging Strikes|p2b: Raging Bolt\n|-resisted|p2b: Raging Bolt\n|-crit|p2b: Raging Bolt\n|-damage|p2b: Raging Bolt|88/100\n|-resisted|p2b: Raging Bolt\n|-crit|p2b: Raging Bolt\n|-damage|p2b: Raging Bolt|75/100\n|-resisted|p2b: Raging Bolt\n|-crit|p2b: Raging Bolt\n|-damage|p2b: Raging Bolt|63/100\n|-hitcount|p2b: Raging Bolt|3\n|move|p2a: Lunala|Meteor Beam||[still]\n|-prepare|p2a: Lunala|Meteor Beam\n|-boost|p2a: Lunala|spa|1\n|-enditem|p2a: Lunala|Power Herb\n|-anim|p2a: Lunala|Meteor Beam|p1a: Tornadus\n|-supereffective|p1a: Tornadus\n|-enditem|p1a: Tornadus|Focus Sash\n|-damage|p1a: Tornadus|1/100\n|\n|upkeep\n|turn|2\n|inactive|shangenb6 has 30 seconds left.\n|\n|t:|1773977233\n|-terastallize|p1b: Urshifu|Ghost\n|move|p1a: Tornadus|Rain Dance|p1a: Tornadus\n|-weather|RainDance\n|move|p1b: Urshifu|Surging Strikes|p2a: Lunala\n|-crit|p2a: Lunala\n|-damage|p2a: Lunala|77/100\n|-crit|p2a: Lunala\n|-damage|p2a: Lunala|31/100\n|-crit|p2a: Lunala\n|-damage|p2a: Lunala|0 fnt\n|faint|p2a: Lunala\n|-hitcount|p2: Lunala|3\n|move|p2b: Raging Bolt|Thunderbolt|p1a: Tornadus\n|-supereffective|p1a: Tornadus\n|-damage|p1a: Tornadus|0 fnt\n|faint|p1a: Tornadus\n|\n|-weather|RainDance|[upkeep]\n|upkeep\n|\n|t:|1773977253\n|switch|p1a: Landorus|Landorus, L50, M|100/100\n|switch|p2a: Flutter Mane|Flutter Mane, L50|100/100\n|turn|3\n|inactive|shangenb6 has 30 seconds left.\n|\n|t:|1773977280\n|switch|p1a: Kyogre|Kyogre, L50|100/100\n|-end|p2b: Raging Bolt|Protosynthesis|[silent]\n|switch|p2b: Koraidon|Koraidon, L50|100/100\n|-weather|SunnyDay|[from] ability: Orichalcum Pulse|[of] p2b: Koraidon\n|-activate|p2a: Flutter Mane|ability: Protosynthesis\n|-start|p2a: Flutter Mane|protosynthesisspe\n|-activate|p2b: Koraidon|Orichalcum Pulse|[source]\n|move|p2a: Flutter Mane|Icy Wind|p1a: Kyogre|[spread] p1a,p1b\n|-resisted|p1a: Kyogre\n|-damage|p1a: Kyogre|95/100\n|-damage|p1b: Urshifu|81/100\n|-unboost|p1a: Kyogre|spe|1\n|-unboost|p1b: Urshifu|spe|1\n|move|p1b: Urshifu|Surging Strikes|p2a: Flutter Mane\n|-crit|p2a: Flutter Mane\n|-damage|p2a: Flutter Mane|65/100\n|-crit|p2a: Flutter Mane\n|-damage|p2a: Flutter Mane|30/100\n|-crit|p2a: Flutter Mane\n|-damage|p2a: Flutter Mane|0 fnt\n|faint|p2a: Flutter Mane\n|-end|p2a: Flutter Mane|Protosynthesis|[silent]\n|-hitcount|p2: Flutter Mane|3\n|\n|-weather|SunnyDay|[upkeep]\n|upkeep\n|\n|t:|1773977303\n|switch|p2a: Raging Bolt|Raging Bolt, L50|63/100\n|-activate|p2a: Raging Bolt|ability: Protosynthesis\n|-start|p2a: Raging Bolt|protosynthesisspa\n|turn|4\n|inactive|ScribbleScribble has 30 seconds left.\n|inactive|shangenb6 has 30 seconds left.\n|inactive|shangenb6 has 20 seconds left.\n|\n|t:|1773977339\n|switch|p1a: Landorus|Landorus, L50, M|100/100\n|-terastallize|p2b: Koraidon|Fire\n|move|p2a: Raging Bolt|Thunderclap|p1b: Urshifu\n|-damage|p1b: Urshifu|2/100\n|move|p1b: Urshifu|Surging Strikes|p2a: Raging Bolt\n|-resisted|p2a: Raging Bolt\n|-crit|p2a: Raging Bolt\n|-damage|p2a: Raging Bolt|57/100\n|-resisted|p2a: Raging Bolt\n|-crit|p2a: Raging Bolt\n|-damage|p2a: Raging Bolt|51/100\n|-resisted|p2a: Raging Bolt\n|-crit|p2a: Raging Bolt\n|-damage|p2a: Raging Bolt|45/100\n|-hitcount|p2a: Raging Bolt|3\n|move|p2b: Koraidon|Flare Blitz|p1a: Landorus\n|-damage|p1a: Landorus|0 fnt\n|faint|p1a: Landorus\n|-damage|p2b: Koraidon|70/100|[from] Recoil\n|\n|-weather|SunnyDay|[upkeep]\n|-sideend|p1: ScribbleScribble|move: Tailwind\n|upkeep\n|inactive|ScribbleScribble has 30 seconds left.\n|inactive|ScribbleScribble has 20 seconds left.\n|inactive|ScribbleScribble has 15 seconds left.\n|\n|t:|1773977379\n|switch|p1a: Kyogre|Kyogre, L50|95/100\n|-weather|RainDance|[from] ability: Drizzle|[of] p1a: Kyogre\n|-end|p2a: Raging Bolt|Protosynthesis\n|turn|5\n|\n|t:|1773977401\n|move|p2a: Raging Bolt|Thunderclap|p1b: Urshifu\n|-damage|p1b: Urshifu|0 fnt\n|faint|p1b: Urshifu\n|move|p2b: Koraidon|Collision Course|p1a: Kyogre\n|-damage|p1a: Kyogre|29/100\n|move|p1a: Kyogre|Water Spout|p2b: Koraidon|[spread] p2a,p2b\n|-resisted|p2a: Raging Bolt\n|-crit|p2a: Raging Bolt\n|-supereffective|p2b: Koraidon\n|-damage|p2a: Raging Bolt|31/100\n|-damage|p2b: Koraidon|7/100\n|\n|-weather|RainDance|[upkeep]\n|upkeep\n|turn|6\n|\n|t:|1773977416\n|move|p2a: Raging Bolt|Thunderclap|p1a: Kyogre\n|-supereffective|p1a: Kyogre\n|-damage|p1a: Kyogre|0 fnt\n|faint|p1a: Kyogre\n|\n|win|shangenb6\n|raw|ScribbleScribble's rating: 1521 &rarr; <strong>1503</strong><br />(-18 for losing)\n|raw|shangenb6's rating: 1556 &rarr; <strong>1574</strong><br />(+18 for winning)\n|l|\u2606ScribbleScribble\n|player|p1|\n","uploadtime":1773977422,"views":27,"formatid":"gen9vgc2026regi","rating":1503,"private":0,"password":null}