{"id":"gen9vgc2026regi-2561276973","format":"[Gen 9] VGC 2026 Reg I","players":["Flyporcupine","Mirthinion"],"log":"|j|\u2606Flyporcupine\n|j|\u2606Mirthinion\n|t:|1773779702\n|gametype|doubles\n|player|p1|Flyporcupine|101|1283\n|player|p2|Mirthinion|janitor|1385\n|gen|9\n|tier|[Gen 9] VGC 2026 Reg I\n|rated|\n|rule|Species Clause: Limit one of each Pok\u00e9mon\n|rule|Item Clause: Limit 1 of each item\n|clearpoke\n|poke|p1|Calyrex-Shadow, L50|\n|poke|p1|Zamazenta-*, L50|\n|poke|p1|Incineroar, L50, M|\n|poke|p1|Urshifu-*, L50, F|\n|poke|p1|Tornadus, L50, M|\n|poke|p1|Landorus, L50, M|\n|poke|p2|Calyrex-Shadow, L50|\n|poke|p2|Zamazenta-*, L50|\n|poke|p2|Urshifu-*, L50, M|\n|poke|p2|Incineroar, L50, M|\n|poke|p2|Rillaboom, L50, M|\n|poke|p2|Tornadus, L50, M|\n|teampreview|4\n|inactive|Battle timer is ON: inactive players will automatically lose when time's up. (requested by Mirthinion)\nMirthinion rejected open team sheets.\n|\n|t:|1773779719\n|teamsize|p1|4\n|teamsize|p2|4\n|start\n|switch|p1a: Urshifu|Urshifu, L50, F|100/100\n|switch|p1b: Zamazenta|Zamazenta-Crowned, L50|100/100\n|switch|p2a: Vangwe|Tornadus, L50, M|100/100\n|switch|p2b: Beowulf|Urshifu-Rapid-Strike, L50, M|100/100\n|-ability|p1b: Zamazenta|Dauntless Shield|boost\n|-boost|p1b: Zamazenta|def|1\n|turn|1\n|inactive|Flyporcupine has 30 seconds left.\n|\n|t:|1773779748\n|-terastallize|p1b: Zamazenta|Dragon\n|move|p2a: Vangwe|Rain Dance|p2a: Vangwe\n|-weather|RainDance\n|move|p2b: Beowulf|Surging Strikes|p1a: Urshifu\n|-crit|p1a: Urshifu\n|-damage|p1a: Urshifu|57/100\n|-crit|p1a: Urshifu\n|-damage|p1a: Urshifu|13/100\n|-crit|p1a: Urshifu\n|-damage|p1a: Urshifu|0 fnt\n|faint|p1a: Urshifu\n|-hitcount|p1: Urshifu|3\n|move|p1b: Zamazenta|Body Press|p2b: Beowulf\n|-damage|p2b: Beowulf|37/100\n|\n|-weather|RainDance|[upkeep]\n|upkeep\n|\n|t:|1773779765\n|switch|p1a: Incineroar|Incineroar, L50, M|100/100\n|-ability|p1a: Incineroar|Intimidate|boost\n|-unboost|p2a: Vangwe|atk|1\n|-unboost|p2b: Beowulf|atk|1\n|turn|2\n|\n|t:|1773779778\n|switch|p2b: Mithrandir|Calyrex-Shadow, L50|100/100\n|-ability|p2b: Mithrandir|As One\n|-ability|p2b: Mithrandir|Unnerve\n|move|p1a: Incineroar|Fake Out|p2b: Mithrandir\n|-immune|p2b: Mithrandir\n|move|p1b: Zamazenta|Body Press|p2b: Mithrandir\n|-immune|p2b: Mithrandir\n|move|p2a: Vangwe|Bleakwind Storm|p1a: Incineroar|[spread] p1a,p1b\n|-damage|p1a: Incineroar|69/100\n|-damage|p1b: Zamazenta|76/100\n|-unboost|p1a: Incineroar|spe|1\n|\n|-weather|RainDance|[upkeep]\n|upkeep\n|turn|3\n|inactive|Mirthinion has 30 seconds left.\n|\n|t:|1773779812\n|move|p2b: Mithrandir|Protect|p2b: Mithrandir\n|-singleturn|p2b: Mithrandir|Protect\n|move|p1b: Zamazenta|Wide Guard|p1b: Zamazenta\n|-singleturn|p1b: Zamazenta|Wide Guard\n|move|p2a: Vangwe|Taunt|p1b: Zamazenta\n|-start|p1b: Zamazenta|move: Taunt\n|move|p1a: Incineroar|Knock Off|p2b: Mithrandir\n|-activate|p2b: Mithrandir|move: Protect\n|\n|-weather|RainDance|[upkeep]\n|upkeep\n|turn|4\n|\n|t:|1773779833\n|move|p2b: Mithrandir|Astral Barrage|p1b: Zamazenta|[spread] p1a,p1b\n|-resisted|p1a: Incineroar\n|-damage|p1a: Incineroar|46/100\n|-damage|p1b: Zamazenta|44/100\n|move|p1b: Zamazenta|Heavy Slam|p2b: Mithrandir\n|-damage|p2b: Mithrandir|54/100\n|move|p2a: Vangwe|Bleakwind Storm|p1b: Zamazenta|[spread] p1a,p1b\n|-damage|p1a: Incineroar|14/100\n|-damage|p1b: Zamazenta|21/100\n|move|p1a: Incineroar|Parting Shot|p2b: Mithrandir\n|-unboost|p2b: Mithrandir|atk|1\n|-unboost|p2b: Mithrandir|spa|1\n|\n|t:|1773779847\n|switch|p1a: Calyrex|Calyrex-Shadow, L50|100/100|[from] Parting Shot\n|-ability|p1a: Calyrex|As One\n|-ability|p1a: Calyrex|Unnerve\n|\n|-weather|RainDance|[upkeep]\n|upkeep\n|turn|5\n|\n|t:|1773779866\n|move|p2a: Vangwe|Tailwind|p2a: Vangwe\n|-sidestart|p2: Mirthinion|move: Tailwind\n|move|p2b: Mithrandir|Astral Barrage|p1a: Calyrex|[spread] p1a,p1b\n|-supereffective|p1a: Calyrex\n|-crit|p1a: Calyrex\n|-enditem|p1a: Calyrex|Focus Sash\n|-damage|p1a: Calyrex|1/100\n|-damage|p1b: Zamazenta|0 fnt\n|faint|p1b: Zamazenta\n|-ability|p2b: Mithrandir|Grim Neigh|boost\n|-boost|p2b: Mithrandir|spa|1\n|move|p1a: Calyrex|Astral Barrage|p2b: Mithrandir|[spread] p2a,p2b\n|-supereffective|p2b: Mithrandir\n|-damage|p2a: Vangwe|50/100\n|-damage|p2b: Mithrandir|0 fnt\n|faint|p2b: Mithrandir\n|-ability|p1a: Calyrex|Grim Neigh|boost\n|-boost|p1a: Calyrex|spa|1\n|\n|-weather|none\n|upkeep\n|\n|t:|1773779886\n|switch|p2b: Beowulf|Urshifu-Rapid-Strike, L50, M|37/100\n|switch|p1b: Incineroar|Incineroar, L50, M|14/100\n|-enditem|p1b: Incineroar|Sitrus Berry|[eat]\n|-heal|p1b: Incineroar|39/100|[from] item: Sitrus Berry\n|-ability|p1b: Incineroar|Intimidate|boost\n|-unboost|p2a: Vangwe|atk|1\n|-unboost|p2b: Beowulf|atk|1\n|turn|6\n|\n|t:|1773779903\n|-terastallize|p2b: Beowulf|Ghost\n|move|p1a: Calyrex|Protect|p1a: Calyrex\n|-singleturn|p1a: Calyrex|Protect\n|move|p2a: Vangwe|Rain Dance|p2a: Vangwe\n|-weather|RainDance\n|move|p2b: Beowulf|Surging Strikes|p1a: Calyrex\n|-crit|p1a: Calyrex\n|-damage|p1a: Calyrex|0 fnt\n|faint|p1a: Calyrex\n|-hitcount|p1: Calyrex|1\n|move|p1b: Incineroar|Knock Off|p2a: Vangwe\n|-damage|p2a: Vangwe|4/100\n|-enditem|p2a: Vangwe|Covert Cloak|[from] move: Knock Off|[of] p1b: Incineroar\n|\n|-weather|RainDance|[upkeep]\n|upkeep\n|turn|7\n|-message|Flyporcupine forfeited.\n|\n|win|Mirthinion\n|raw|Flyporcupine's rating: 1283 &rarr; <strong>1265</strong><br />(-18 for losing)\n|raw|Mirthinion's rating: 1385 &rarr; <strong>1399</strong><br />(+14 for winning)\n|l|\u2606Flyporcupine\n|player|p1|\n","uploadtime":1773779926,"views":85,"formatid":"gen9vgc2026regi","rating":1265,"private":0,"password":null}