{"id":"gen9vgc2026regi-2570946195","format":"[Gen 9] VGC 2026 Reg I","players":["alkdfe","Sheevp"],"log":"|j|\u2606alkdfe\n|j|\u2606Sheevp\n|t:|1774872627\n|gametype|doubles\n|player|p1|alkdfe|102|1354\n|player|p2|Sheevp|169|1380\n|gen|9\n|tier|[Gen 9] VGC 2026 Reg I\n|rated|\n|rule|Species Clause: Limit one of each Pok\u00e9mon\n|rule|Item Clause: Limit 1 of each item\n|clearpoke\n|poke|p1|Calyrex-Shadow, L50|\n|poke|p1|Zamazenta-*, L50|\n|poke|p1|Chien-Pao, L50|\n|poke|p1|Dragonite, L50, M|\n|poke|p1|Raging Bolt, L50|\n|poke|p1|Amoonguss, L50, M|\n|poke|p2|Smeargle, L50, M|\n|poke|p2|Koraidon, L50|\n|poke|p2|Calyrex-Ice, L50|\n|poke|p2|Volcarona, L50, F|\n|poke|p2|Ogerpon-Cornerstone, L50, F|\n|poke|p2|Raging Bolt, L50|\n|teampreview|4\nalkdfe has agreed to open team sheets.\n|\n|t:|1774872716\n|teamsize|p1|4\n|teamsize|p2|4\n|start\n|switch|p1a: Green Goober|Dragonite, L50, M|100/100\n|switch|p1b: Arlie|Chien-Pao, L50|100/100\n|switch|p2a: Smeargle|Smeargle, L50, M|100/100\n|switch|p2b: Koraidon|Koraidon, L50|100/100\n|-ability|p1b: Arlie|Sword of Ruin\n|-weather|SunnyDay|[from] ability: Orichalcum Pulse|[of] p2b: Koraidon\n|-activate|p2b: Koraidon|Orichalcum Pulse|[source]\n|turn|1\n|\n|t:|1774872751\n|move|p2b: Koraidon|Protect|p2b: Koraidon\n|-singleturn|p2b: Koraidon|Protect\n|move|p1b: Arlie|Icy Wind|p2a: Smeargle|[spread] p2a\n|-activate|p2b: Koraidon|move: Protect\n|-damage|p2a: Smeargle|72/100\n|-unboost|p2a: Smeargle|spe|1\n|move|p1a: Green Goober|Outrage|p2a: Smeargle\n|-damage|p2a: Smeargle|0 fnt\n|faint|p2a: Smeargle\n|\n|-weather|SunnyDay|[upkeep]\n|upkeep\n|\n|t:|1774872761\n|switch|p2a: Ogerpon|Ogerpon-Cornerstone, L50, F|100/100\n|turn|2\n|\n|t:|1774872774\n|-terastallize|p1b: Arlie|Poison\n|-terastallize|p2b: Koraidon|Fire\n|move|p1b: Arlie|Icy Wind|p2a: Ogerpon|[spread] p2a,p2b\n|-supereffective|p2a: Ogerpon\n|-resisted|p2b: Koraidon\n|-damage|p2a: Ogerpon|72/100\n|-damage|p2b: Koraidon|96/100\n|-unboost|p2a: Ogerpon|spe|1\n|move|p2b: Koraidon|Flame Charge|p1a: Green Goober\n|-resisted|p1a: Green Goober\n|-damage|p1a: Green Goober|60/100\n|-boost|p2b: Koraidon|spe|1\n|move|p2a: Ogerpon|Ivy Cudgel|p1a: Green Goober|[anim] Ivy Cudgel Rock\n|-supereffective|p1a: Green Goober\n|-damage|p1a: Green Goober|0 fnt\n|faint|p1a: Green Goober\n|\n|-weather|SunnyDay|[upkeep]\n|upkeep\n|\n|t:|1774872794\n|switch|p1a: protec|Zamazenta-Crowned, L50|100/100\n|-ability|p1a: protec|Dauntless Shield|boost\n|-boost|p1a: protec|def|1\n|turn|3\n|\n|t:|1774872812\n|switch|p2a: Calyrex|Calyrex-Ice, L50|100/100\n|-ability|p2a: Calyrex|As One\n|-ability|p2a: Calyrex|Unnerve\n|move|p2b: Koraidon|Low Kick|p1a: protec\n|-supereffective|p1a: protec\n|-damage|p1a: protec|9/100\n|move|p1b: Arlie|Ruination|p2b: Koraidon\n|-damage|p2b: Koraidon|48/100\n|move|p1a: protec|Body Press|p2b: Koraidon\n|-damage|p2b: Koraidon|0 fnt\n|faint|p2b: Koraidon\n|\n|-weather|SunnyDay|[upkeep]\n|upkeep\n|\n|t:|1774872826\n|switch|p2b: Ogerpon|Ogerpon-Cornerstone, L50, F|72/100\n|turn|4\n|\n|t:|1774872839\n|move|p2b: Ogerpon|Spiky Shield|p2b: Ogerpon\n|-singleturn|p2b: Ogerpon|move: Protect\n|move|p2a: Calyrex|Protect|p2a: Calyrex\n|-singleturn|p2a: Calyrex|Protect\n|move|p1b: Arlie|Ruination|p2a: Calyrex\n|-activate|p2a: Calyrex|move: Protect\n|move|p1a: protec|Body Press|p2a: Calyrex\n|-activate|p2a: Calyrex|move: Protect\n|\n|-weather|SunnyDay|[upkeep]\n|upkeep\n|turn|5\n|\n|t:|1774872859\n|move|p1b: Arlie|Ruination|p2a: Calyrex\n|-damage|p2a: Calyrex|51/100\n|move|p2b: Ogerpon|Ivy Cudgel|p1a: protec|[anim] Ivy Cudgel Rock\n|-resisted|p1a: protec\n|-damage|p1a: protec|3/100\n|move|p1a: protec|Body Press|p2a: Calyrex\n|-damage|p2a: Calyrex|0 fnt\n|faint|p2a: Calyrex\n|\n|-weather|none\n|upkeep\n|turn|6\n|-message|Sheevp forfeited.\n|\n|win|alkdfe\n|raw|alkdfe's rating: 1354 &rarr; <strong>1375</strong><br />(+21 for winning)\n|raw|Sheevp's rating: 1380 &rarr; <strong>1359</strong><br />(-21 for losing)\n|l|\u2606Sheevp\n|player|p2|\n","uploadtime":1774872871,"views":99,"formatid":"gen9vgc2026regi","rating":1359,"private":0,"password":null}