{"id":"gen9vgc2026regi-2575881176","format":"[Gen 9] VGC 2026 Reg I","players":["sun tr guy","TheNamesBetty"],"log":"|j|\u2606sun tr guy\n|j|\u2606TheNamesBetty\n|t:|1775409601\n|gametype|doubles\n|player|p1|sun tr guy|turo|1317\n|player|p2|TheNamesBetty|koga|1252\n|gen|9\n|tier|[Gen 9] VGC 2026 Reg I\n|rated|\n|rule|Species Clause: Limit one of each Pok\u00e9mon\n|rule|Item Clause: Limit 1 of each item\n|clearpoke\n|poke|p1|Reshiram, L50|\n|poke|p1|Ogerpon-Wellspring, L50, F|\n|poke|p1|Calyrex-Ice, L50|\n|poke|p1|Amoonguss, L50, F|\n|poke|p1|Incineroar, L50, F|\n|poke|p1|Annihilape, L50, F|\n|poke|p2|Koraidon, L50|\n|poke|p2|Calyrex-Shadow, L50|\n|poke|p2|Tornadus, L50, M|\n|poke|p2|Chi-Yu, L50|\n|poke|p2|Clefairy, L50, F|\n|poke|p2|Dewgong, L50, M|\n|teampreview|4\nTheNamesBetty has agreed to open team sheets.\n|inactive|Battle timer is ON: inactive players will automatically lose when time's up. (requested by TheNamesBetty)\n|\n|t:|1775409648\n|teamsize|p1|4\n|teamsize|p2|4\n|start\n|switch|p1a: Calyrex|Calyrex-Ice, L50|100/100\n|switch|p1b: Incineroar|Incineroar, L50, F|100/100\n|switch|p2a: DDDMaxVerstappeb|Dewgong, L50, M|100/100\n|switch|p2b: Chi-Yu|Chi-Yu, L50, shiny|100/100\n|-ability|p1a: Calyrex|As One\n|-ability|p1a: Calyrex|Unnerve\n|-ability|p2b: Chi-Yu|Beads of Ruin\n|-ability|p1b: Incineroar|Intimidate|boost\n|-unboost|p2a: DDDMaxVerstappeb|atk|1\n|-unboost|p2b: Chi-Yu|atk|1\n|turn|1\n|inactive|sun tr guy has 30 seconds left.\n|inactive|TheNamesBetty has 30 seconds left.\n|\n|t:|1775409677\n|switch|p2a: Koloto\u010d|Clefairy, L50, F|100/100\n|-terastallize|p1a: Calyrex|Fire\n|move|p1b: Incineroar|Fake Out|p2a: Koloto\u010d\n|-damage|p2a: Koloto\u010d|93/100\n|move|p2b: Chi-Yu|Heat Wave|p1a: Calyrex|[spread] p1a,p1b\n|-resisted|p1a: Calyrex\n|-resisted|p1b: Incineroar\n|-damage|p1a: Calyrex|84/100\n|-damage|p1b: Incineroar|78/100\n|move|p1a: Calyrex|Trick Room|p1a: Calyrex\n|-fieldstart|move: Trick Room|[of] p1a: Calyrex\n|\n|upkeep\n|turn|2\n|\n|t:|1775409693\n|move|p2a: Koloto\u010d|Encore|p1a: Calyrex\n|-start|p1a: Calyrex|Encore\n|move|p1a: Calyrex|Trick Room|p1a: Calyrex\n|-fieldend|move: Trick Room\n|move|p2b: Chi-Yu|Heat Wave|p1a: Calyrex|[spread] p1a,p1b\n|-resisted|p1a: Calyrex\n|-resisted|p1b: Incineroar\n|-damage|p1a: Calyrex|68/100\n|-damage|p1b: Incineroar|54/100\n|move|p1b: Incineroar|Parting Shot|p2b: Chi-Yu\n|-unboost|p2b: Chi-Yu|atk|1\n|-unboost|p2b: Chi-Yu|spa|1\n|\n|t:|1775409699\n|switch|p1b: Reshiram|Reshiram, L50|100/100|[from] Parting Shot\n|-ability|p1b: Reshiram|Turboblaze\n|\n|upkeep\n|turn|3\n|inactive|TheNamesBetty has 30 seconds left.\n|\n|t:|1775409724\n|switch|p2b: Jan\u017di\u017ekaZTrocnova|Koraidon, L50|100/100\n|-weather|SunnyDay|[from] ability: Orichalcum Pulse|[of] p2b: Jan\u017di\u017ekaZTrocnova\n|-activate|p2b: Jan\u017di\u017ekaZTrocnova|Orichalcum Pulse|[source]\n|move|p2a: Koloto\u010d|Protect|p2a: Koloto\u010d\n|-singleturn|p2a: Koloto\u010d|Protect\n|move|p1b: Reshiram|Earth Power|p2b: Jan\u017di\u017ekaZTrocnova\n|-damage|p2b: Jan\u017di\u017ekaZTrocnova|60/100\n|-damage|p1b: Reshiram|91/100|[from] item: Life Orb\n|move|p1a: Calyrex|Trick Room|p1a: Calyrex\n|-fieldstart|move: Trick Room|[of] p1a: Calyrex\n|\n|-weather|SunnyDay|[upkeep]\n|upkeep\n|turn|4\n|\n|t:|1775409747\n|switch|p1a: Incineroar|Incineroar, L50, F|54/100\n|-ability|p1a: Incineroar|Intimidate|boost\n|-unboost|p2a: Koloto\u010d|atk|1\n|-fail|p2b: Jan\u017di\u017ekaZTrocnova|unboost|[from] item: Clear Amulet|[of] p2b: Jan\u017di\u017ekaZTrocnova\n|move|p2a: Koloto\u010d|Follow Me|p2a: Koloto\u010d\n|-singleturn|p2a: Koloto\u010d|move: Follow Me\n|move|p1b: Reshiram|Fusion Flare|p2a: Koloto\u010d\n|-damage|p2a: Koloto\u010d|0 fnt\n|faint|p2a: Koloto\u010d\n|-damage|p1b: Reshiram|81/100|[from] item: Life Orb\n|move|p2b: Jan\u017di\u017ekaZTrocnova|Collision Course|p1a: Incineroar\n|-supereffective|p1a: Incineroar\n|-damage|p1a: Incineroar|0 fnt\n|faint|p1a: Incineroar\n|\n|-weather|SunnyDay|[upkeep]\n|upkeep\n|\n|t:|1775409761\n|switch|p2a: DDDMaxVerstappeb|Dewgong, L50, M|100/100\n|switch|p1a: Amoonguss|Amoonguss, L50, F|100/100\n|turn|5\n|\n|t:|1775409773\n|-terastallize|p2b: Jan\u017di\u017ekaZTrocnova|Fire\n|move|p2a: DDDMaxVerstappeb|Fake Out|p1a: Amoonguss\n|-damage|p1a: Amoonguss|94/100\n|-damage|p2a: DDDMaxVerstappeb|84/100|[from] item: Rocky Helmet|[of] p1a: Amoonguss\n|cant|p1a: Amoonguss|flinch\n|move|p1b: Reshiram|Draco Meteor|p2b: Jan\u017di\u017ekaZTrocnova\n|-damage|p2b: Jan\u017di\u017ekaZTrocnova|0 fnt\n|-unboost|p1b: Reshiram|spa|2\n|faint|p2b: Jan\u017di\u017ekaZTrocnova\n|-damage|p1b: Reshiram|72/100|[from] item: Life Orb\n|\n|-weather|SunnyDay|[upkeep]\n|upkeep\n|\n|t:|1775409781\n|switch|p2b: Chi-Yu|Chi-Yu, L50, shiny|100/100\n|-ability|p2b: Chi-Yu|Beads of Ruin\n|turn|6\n|\n|t:|1775409797\n|switch|p1b: Calyrex|Calyrex-Ice, L50, tera:Fire|68/100\n|-ability|p1b: Calyrex|As One\n|-ability|p1b: Calyrex|Unnerve\n|move|p2a: DDDMaxVerstappeb|Ice Shard|p1a: Amoonguss\n|-supereffective|p1a: Amoonguss\n|-damage|p1a: Amoonguss|77/100\n|move|p1a: Amoonguss|Spore|p2b: Chi-Yu\n|-status|p2b: Chi-Yu|slp|[from] move: Spore\n|cant|p2b: Chi-Yu|slp\n|\n|-weather|SunnyDay|[upkeep]\n|upkeep\n|turn|7\n|inactive|TheNamesBetty has 30 seconds left.\n|inactive|TheNamesBetty has 20 seconds left.\n|\n|t:|1775409833\n|move|p2a: DDDMaxVerstappeb|Protect|p2a: DDDMaxVerstappeb\n|-singleturn|p2a: DDDMaxVerstappeb|Protect\n|move|p1a: Amoonguss|Spore|p2a: DDDMaxVerstappeb\n|-activate|p2a: DDDMaxVerstappeb|move: Protect\n|move|p1b: Calyrex|Close Combat|p2b: Chi-Yu\n|-supereffective|p2b: Chi-Yu\n|-damage|p2b: Chi-Yu|0 fnt\n|-unboost|p1b: Calyrex|def|1\n|-unboost|p1b: Calyrex|spd|1\n|faint|p2b: Chi-Yu\n|-ability|p1b: Calyrex|Chilling Neigh|boost\n|-boost|p1b: Calyrex|atk|1\n|\n|-weather|none\n|-fieldend|move: Trick Room\n|upkeep\n|turn|8\n|\n|t:|1775409844\n|move|p1a: Amoonguss|Rage Powder|p1a: Amoonguss\n|-singleturn|p1a: Amoonguss|move: Rage Powder\n|move|p2a: DDDMaxVerstappeb|Ice Shard|p1a: Amoonguss\n|-supereffective|p1a: Amoonguss\n|-damage|p1a: Amoonguss|58/100\n|move|p1b: Calyrex|Close Combat|p2a: DDDMaxVerstappeb\n|-supereffective|p2a: DDDMaxVerstappeb\n|-crit|p2a: DDDMaxVerstappeb\n|-damage|p2a: DDDMaxVerstappeb|0 fnt\n|-unboost|p1b: Calyrex|def|1\n|-unboost|p1b: Calyrex|spd|1\n|faint|p2a: DDDMaxVerstappeb\n|\n|win|sun tr guy\n|raw|sun tr guy's rating: 1317 &rarr; <strong>1333</strong><br />(+16 for winning)\n|raw|TheNamesBetty's rating: 1252 &rarr; <strong>1232</strong><br />(-20 for losing)\n","uploadtime":1775409850,"views":11,"formatid":"gen9vgc2026regi","rating":1232,"private":0,"password":null}