{"id":"gen9vgc2026regi-2517126605","format":"[Gen 9] VGC 2026 Reg I","players":["The3xiledPoro","dasabe\u76d6\u6b27\u5361\u4fa0"],"log":"|j|\u2606The3xiledPoro\n|j|\u2606dasabe\u76d6\u6b27\u5361\u4fa0\n|t:|1768231409\n|gametype|doubles\n|player|p1|The3xiledPoro|169|1294\n|player|p2|dasabe\u76d6\u6b27\u5361\u4fa0|may-masters4|1433\n|gen|9\n|tier|[Gen 9] VGC 2026 Reg I\n|rated|\n|rule|Species Clause: Limit one of each Pok\u00e9mon\n|rule|Item Clause: Limit 1 of each item\n|clearpoke\n|poke|p1|Raging Bolt, L50|\n|poke|p1|Landorus, L50, M|\n|poke|p1|Calyrex-Shadow, L50|\n|poke|p1|Brute Bonnet, L50|\n|poke|p1|Koraidon, L50|\n|poke|p1|Incineroar, L50, M|\n|poke|p2|Calyrex-Shadow, L50|\n|poke|p2|Koraidon, L50|\n|poke|p2|Chi-Yu, L50|\n|poke|p2|Tornadus, L50, M|\n|poke|p2|Indeedee-F, L50, F|\n|poke|p2|Smeargle, L50, M|\n|teampreview|4\n|\n|t:|1768231434\n|teamsize|p1|4\n|teamsize|p2|4\n|start\n|switch|p1a: Calyrex|Calyrex-Shadow, L50|100/100\n|switch|p1b: Incineroar|Incineroar, L50, M|100/100\n|switch|p2a: \u9a6c\u6b7b\u4e86|Calyrex-Shadow, L50|100/100\n|switch|p2b: \u5c0f\u7b14\u7ea2\u80bf|Smeargle, L50, M, shiny|100/100\n|-ability|p2a: \u9a6c\u6b7b\u4e86|As One\n|-ability|p2a: \u9a6c\u6b7b\u4e86|Unnerve\n|-ability|p1a: Calyrex|As One\n|-ability|p1a: Calyrex|Unnerve\n|-ability|p1b: Incineroar|Intimidate|boost\n|-unboost|p2a: \u9a6c\u6b7b\u4e86|atk|1\n|-unboost|p2b: \u5c0f\u7b14\u7ea2\u80bf|atk|1\n|turn|1\n|\n|t:|1768231445\n|move|p2b: \u5c0f\u7b14\u7ea2\u80bf|Fake Out|p1b: Incineroar\n|-damage|p1b: Incineroar|97/100\n|-damage|p2b: \u5c0f\u7b14\u7ea2\u80bf|84/100|[from] item: Rocky Helmet|[of] p1b: Incineroar\n|move|p1a: Calyrex|Psychic|p2b: \u5c0f\u7b14\u7ea2\u80bf\n|-damage|p2b: \u5c0f\u7b14\u7ea2\u80bf|0 fnt\n|faint|p2b: \u5c0f\u7b14\u7ea2\u80bf\n|-ability|p1a: Calyrex|Grim Neigh|boost\n|-boost|p1a: Calyrex|spa|1\n|move|p2a: \u9a6c\u6b7b\u4e86|Astral Barrage|p1a: Calyrex|[spread] p1a,p1b\n|-supereffective|p1a: Calyrex\n|-resisted|p1b: Incineroar\n|-enditem|p1a: Calyrex|Focus Sash\n|-damage|p1a: Calyrex|1/100\n|-damage|p1b: Incineroar|67/100\n|cant|p1b: Incineroar|flinch\n|\n|upkeep\n|\n|t:|1768231451\n|switch|p2b: \u4f8d\u7684\u6211\u7231\u5bfc\u7ba1|Indeedee-F, L50, F, shiny|100/100\n|-fieldstart|move: Psychic Terrain|[from] ability: Psychic Surge|[of] p2b: \u4f8d\u7684\u6211\u7231\u5bfc\u7ba1\n|turn|2\n|\n|t:|1768231457\n|move|p1a: Calyrex|Protect|p1a: Calyrex\n|-singleturn|p1a: Calyrex|Protect\n|move|p2a: \u9a6c\u6b7b\u4e86|Astral Barrage|p1a: Calyrex|[spread] p1b\n|-activate|p1a: Calyrex|move: Protect\n|-resisted|p1b: Incineroar\n|-damage|p1b: Incineroar|38/100\n|move|p2b: \u4f8d\u7684\u6211\u7231\u5bfc\u7ba1|Psychic|p1a: Calyrex\n|-activate|p1a: Calyrex|move: Protect\n|move|p1b: Incineroar|Knock Off|p2a: \u9a6c\u6b7b\u4e86\n|-supereffective|p2a: \u9a6c\u6b7b\u4e86\n|-damage|p2a: \u9a6c\u6b7b\u4e86|0 fnt\n|-enditem|p2a: \u9a6c\u6b7b\u4e86|Choice Specs|[from] move: Knock Off|[of] p1b: Incineroar\n|faint|p2a: \u9a6c\u6b7b\u4e86\n|\n|upkeep\n|\n|t:|1768231461\n|switch|p2a: \u4f60\u6731\u5417|Koraidon, L50, shiny|100/100\n|-weather|SunnyDay|[from] ability: Orichalcum Pulse|[of] p2a: \u4f60\u6731\u5417\n|-activate|p2a: \u4f60\u6731\u5417|Orichalcum Pulse|[source]\n|turn|3\n|\n|t:|1768231484\n|move|p2a: \u4f60\u6731\u5417|Protect|p2a: \u4f60\u6731\u5417\n|-singleturn|p2a: \u4f60\u6731\u5417|Protect\n|move|p1a: Calyrex|Encore|p2b: \u4f8d\u7684\u6211\u7231\u5bfc\u7ba1\n|-start|p2b: \u4f8d\u7684\u6211\u7231\u5bfc\u7ba1|Encore\n|move|p2b: \u4f8d\u7684\u6211\u7231\u5bfc\u7ba1|Psychic|p1a: Calyrex\n|-resisted|p1a: Calyrex\n|-crit|p1a: Calyrex\n|-damage|p1a: Calyrex|0 fnt\n|faint|p1a: Calyrex\n|move|p1b: Incineroar|Knock Off|p2b: \u4f8d\u7684\u6211\u7231\u5bfc\u7ba1\n|-supereffective|p2b: \u4f8d\u7684\u6211\u7231\u5bfc\u7ba1\n|-damage|p2b: \u4f8d\u7684\u6211\u7231\u5bfc\u7ba1|33/100\n|-damage|p1b: Incineroar|22/100|[from] item: Rocky Helmet|[of] p2b: \u4f8d\u7684\u6211\u7231\u5bfc\u7ba1\n|-enditem|p2b: \u4f8d\u7684\u6211\u7231\u5bfc\u7ba1|Rocky Helmet|[from] move: Knock Off|[of] p1b: Incineroar\n|\n|-weather|SunnyDay|[upkeep]\n|upkeep\n|\n|t:|1768231492\n|switch|p1a: Brute Bonnet|Brute Bonnet, L50|100/100\n|-activate|p1a: Brute Bonnet|ability: Protosynthesis\n|-start|p1a: Brute Bonnet|protosynthesisdef\n|turn|4\n|\n|t:|1768231526\n|-terastallize|p1a: Brute Bonnet|Water\n|move|p2a: \u4f60\u6731\u5417|Close Combat|p1a: Brute Bonnet\n|-damage|p1a: Brute Bonnet|48/100\n|-unboost|p2a: \u4f60\u6731\u5417|def|1\n|-unboost|p2a: \u4f60\u6731\u5417|spd|1\n|-damage|p2a: \u4f60\u6731\u5417|91/100|[from] item: Life Orb\n|move|p2b: \u4f8d\u7684\u6211\u7231\u5bfc\u7ba1|Psychic|p1a: Brute Bonnet\n|-damage|p1a: Brute Bonnet|22/100\n|move|p1b: Incineroar|Knock Off|p2b: \u4f8d\u7684\u6211\u7231\u5bfc\u7ba1\n|-supereffective|p2b: \u4f8d\u7684\u6211\u7231\u5bfc\u7ba1\n|-damage|p2b: \u4f8d\u7684\u6211\u7231\u5bfc\u7ba1|0 fnt\n|faint|p2b: \u4f8d\u7684\u6211\u7231\u5bfc\u7ba1\n|move|p1a: Brute Bonnet|Spore|p2a: \u4f60\u6731\u5417\n|-status|p2a: \u4f60\u6731\u5417|slp|[from] move: Spore\n|\n|-weather|SunnyDay|[upkeep]\n|upkeep\n|turn|5\n|-message|dasabe\u76d6\u6b27\u5361\u4fa0 forfeited.\n|\n|win|The3xiledPoro\n|raw|The3xiledPoro's rating: 1294 &rarr; <strong>1329</strong><br />(+35 for winning)\n|raw|dasabe\u76d6\u6b27\u5361\u4fa0's rating: 1433 &rarr; <strong>1405</strong><br />(-28 for losing)\n|l|\u2606dasabe\u76d6\u6b27\u5361\u4fa0\n|player|p2|\n|l|\u2606The3xiledPoro\n|player|p1|\n","uploadtime":1768231726,"views":12,"formatid":"gen9vgc2026regi","rating":1329,"private":0,"password":null}