{"id":"gen9vgc2026regi-2541295557","format":"[Gen 9] VGC 2026 Reg I","players":["kaiSSTX","EllenJoe2026"],"log":"|j|\u2606kaiSSTX\n|j|\u203dEllenJoe2026\n|t:|1771312097\n|gametype|doubles\n|player|p1|kaiSSTX|palmer|1360\n|player|p2|EllenJoe2026|iono|1481\n|gen|9\n|tier|[Gen 9] VGC 2026 Reg I\n|rated|\n|rule|Species Clause: Limit one of each Pok\u00e9mon\n|rule|Item Clause: Limit 1 of each item\n|clearpoke\n|poke|p1|Ho-Oh, L50|\n|poke|p1|Miraidon, L50|\n|poke|p1|Iron Treads, L50|\n|poke|p1|Iron Bundle, L50|\n|poke|p1|Urshifu-*, L50, M|\n|poke|p1|Farigiraf, L50, F|\n|poke|p2|Calyrex-Ice, L50|\n|poke|p2|Miraidon, L50|\n|poke|p2|Tornadus, L50, M|\n|poke|p2|Urshifu-*, L50, F|\n|poke|p2|Grimmsnarl, L50, M|\n|poke|p2|Iron Hands, L50|\n|teampreview|4\n|inactive|Battle timer is ON: inactive players will automatically lose when time's up. (requested by EllenJoe2026)\n|inactive|kaiSSTX has 60 seconds left.\n|j| jiuhaili\n|\n|t:|1771312144\n|teamsize|p1|4\n|teamsize|p2|4\n|start\n|switch|p1a: Iron Treads|Iron Treads, L50|100/100\n|switch|p1b: Miraidon|Miraidon, L50|100/100\n|switch|p2a: Tornadus|Tornadus, L50, M, shiny|100/100\n|switch|p2b: Urshifu|Urshifu-Rapid-Strike, L50, F|100/100\n|-fieldstart|move: Electric Terrain|[from] ability: Hadron Engine|[of] p1b: Miraidon\n|-activate|p1a: Iron Treads|ability: Quark Drive\n|-start|p1a: Iron Treads|quarkdrivespe\n|turn|1\n|inactive|kaiSSTX has 30 seconds left.\n|inactive|kaiSSTX has 20 seconds left.\n|inactive|kaiSSTX has 15 seconds left.\n|inactive|kaiSSTX has 10 seconds left.\n|inactive|kaiSSTX has 5 seconds left.\n|\n|t:|1771312194\n|-end|p1a: Iron Treads|Quark Drive|[silent]\n|switch|p1a: Farigiraf|Farigiraf, L50, F|100/100\n|-enditem|p1a: Farigiraf|Electric Seed\n|-boost|p1a: Farigiraf|def|1|[from] item: Electric Seed\n|-terastallize|p1b: Miraidon|Fairy\n|move|p2a: Tornadus|Tailwind|p2a: Tornadus\n|-sidestart|p2: EllenJoe2026|move: Tailwind\n|move|p2b: Urshifu|Close Combat|p1b: Miraidon\n|-resisted|p1b: Miraidon\n|-damage|p1b: Miraidon|55/100\n|-unboost|p2b: Urshifu|def|1\n|-unboost|p2b: Urshifu|spd|1\n|move|p1b: Miraidon|Dazzling Gleam|p2b: Urshifu|[spread] p2a,p2b\n|-supereffective|p2b: Urshifu\n|-damage|p2a: Tornadus|33/100\n|-damage|p2b: Urshifu|0 fnt\n|faint|p2b: Urshifu\n|\n|upkeep\n|\n|t:|1771312213\n|switch|p2b: Calyrex|Calyrex-Ice, L50|100/100\n|-ability|p2b: Calyrex|As One\n|-ability|p2b: Calyrex|Unnerve\n|turn|2\n|inactive|EllenJoe2026 has 30 seconds left.\n|\n|t:|1771312241\n|switch|p1b: Ho-Oh|Ho-Oh, L50|100/100\n|-terastallize|p2b: Calyrex|Grass\n|move|p2a: Tornadus|Icy Wind|p1b: Ho-Oh|[spread] p1a,p1b\n|-damage|p1a: Farigiraf|90/100\n|-damage|p1b: Ho-Oh|94/100\n|-unboost|p1a: Farigiraf|spe|1\n|-unboost|p1b: Ho-Oh|spe|1\n|move|p2b: Calyrex|Glacial Lance|p1a: Farigiraf|[spread] p1a,p1b\n|-damage|p1a: Farigiraf|52/100\n|-damage|p1b: Ho-Oh|47/100\n|move|p1a: Farigiraf|Hyper Voice|p2a: Tornadus|[spread] p2a,p2b\n|-damage|p2a: Tornadus|5/100\n|-damage|p2b: Calyrex|80/100\n|\n|upkeep\n|turn|3\n|inactive|kaiSSTX has 30 seconds left.\n|inactive|kaiSSTX has 20 seconds left.\n|\n|t:|1771312279\n|move|p1b: Ho-Oh|Protect|p1b: Ho-Oh\n|-singleturn|p1b: Ho-Oh|Protect\n|move|p2a: Tornadus|Icy Wind|p1b: Ho-Oh|[spread] p1a\n|-activate|p1b: Ho-Oh|move: Protect\n|-damage|p1a: Farigiraf|41/100\n|-unboost|p1a: Farigiraf|spe|1\n|move|p2b: Calyrex|Glacial Lance|p1a: Farigiraf|[spread] p1a\n|-activate|p1b: Ho-Oh|move: Protect\n|-damage|p1a: Farigiraf|1/100\n|move|p1a: Farigiraf|Hyper Voice|p2b: Calyrex|[spread] p2a,p2b\n|-damage|p2a: Tornadus|0 fnt\n|-damage|p2b: Calyrex|61/100\n|faint|p2a: Tornadus\n|\n|upkeep\n|\n|t:|1771312299\n|switch|p2a: Miraidon|Miraidon, L50, shiny|100/100\n|-activate|p2a: Miraidon|ability: Hadron Engine\n|turn|4\n|inactive|kaiSSTX has 30 seconds left.\n|inactive|EllenJoe2026 has 30 seconds left.\n|\n|t:|1771312330\n|switch|p1b: Iron Treads|Iron Treads, L50|100/100\n|-activate|p1b: Iron Treads|ability: Quark Drive\n|-start|p1b: Iron Treads|quarkdrivespe\n|move|p2a: Miraidon|Electro Drift|p1b: Iron Treads\n|-immune|p1b: Iron Treads\n|move|p1a: Farigiraf|Hyper Voice|p2a: Miraidon|[spread] p2a,p2b\n|-damage|p2a: Miraidon|78/100\n|-damage|p2b: Calyrex|42/100\n|move|p2b: Calyrex|Trick Room|p2b: Calyrex\n|-fieldstart|move: Trick Room|[of] p2b: Calyrex\n|\n|-sideend|p2: EllenJoe2026|move: Tailwind\n|upkeep\n|turn|5\n|inactive|kaiSSTX has 30 seconds left.\n|inactive|kaiSSTX has 20 seconds left.\n|inactive|kaiSSTX has 15 seconds left.\n|\n|t:|1771312371\n|move|p1a: Farigiraf|Helping Hand|p1b: Iron Treads\n|-singleturn|p1b: Iron Treads|Helping Hand|[of] p1a: Farigiraf\n|move|p2b: Calyrex|Glacial Lance|p1a: Farigiraf|[spread] p1a,p1b\n|-damage|p1a: Farigiraf|0 fnt\n|-damage|p1b: Iron Treads|46/100\n|faint|p1a: Farigiraf\n|-ability|p2b: Calyrex|Chilling Neigh|boost\n|-boost|p2b: Calyrex|atk|1\n|move|p2a: Miraidon|Electro Drift|p1b: Iron Treads\n|-immune|p1b: Iron Treads\n|move|p1b: Iron Treads|Iron Head|p2b: Calyrex\n|-damage|p2b: Calyrex|0 fnt\n|faint|p2b: Calyrex\n|-damage|p1b: Iron Treads|36/100|[from] item: Life Orb\n|\n|-fieldend|move: Electric Terrain\n|-end|p1b: Iron Treads|Quark Drive\n|upkeep\n|-message|EllenJoe2026 forfeited.\n|\n|win|kaiSSTX\n|raw|kaiSSTX's rating: 1360 &rarr; <strong>1387</strong><br />(+27 for winning)\n|raw|EllenJoe2026's rating: 1481 &rarr; <strong>1454</strong><br />(-27 for losing)\n|l|\u203dEllenJoe2026\n|player|p2|\n|l| jiuhaili\n","uploadtime":1771312389,"views":13,"formatid":"gen9vgc2026regi","rating":1387,"private":0,"password":null}