{"id":"gen9vgc2026regi-2557381700","format":"[Gen 9] VGC 2026 Reg I","players":["dasabe\u76d6\u6b27\u5361\u4fa0","timburr fan"],"log":"|j|\u2606dasabe\u76d6\u6b27\u5361\u4fa0\n|j|\u2606timburr fan\n|t:|1773320571\n|gametype|doubles\n|player|p1|dasabe\u76d6\u6b27\u5361\u4fa0|may-masters4|1540\n|player|p2|timburr fan|169|1466\n|gen|9\n|tier|[Gen 9] VGC 2026 Reg I\n|rated|\n|rule|Species Clause: Limit one of each Pok\u00e9mon\n|rule|Item Clause: Limit 1 of each item\n|clearpoke\n|poke|p1|Reshiram, L50|\n|poke|p1|Koraidon, L50|\n|poke|p1|Flutter Mane, L50|\n|poke|p1|Indeedee-F, L50, F|\n|poke|p1|Tornadus, L50, M|\n|poke|p1|Incineroar, L50, M|\n|poke|p2|Calyrex-Ice, L50|\n|poke|p2|Lunala, L50|\n|poke|p2|Ting-Lu, L50|\n|poke|p2|Ogerpon-Hearthflame, L50, F|\n|poke|p2|Incineroar, L50, M|\n|poke|p2|Ursaluna-Bloodmoon, L50, M|\n|teampreview|4\n|\n|t:|1773320609\n|teamsize|p1|4\n|teamsize|p2|4\n|start\n|switch|p1a: \u4f60\u6731\u5417|Koraidon, L50, shiny|100/100\n|switch|p1b: \u9752\u7130\u767d\u9f99|Reshiram, L50|100/100\n|switch|p2a: Lunala|Lunala, L50, shiny|100/100\n|switch|p2b: Incineroar|Incineroar, L50, M|100/100\n|-weather|SunnyDay|[from] ability: Orichalcum Pulse|[of] p1a: \u4f60\u6731\u5417\n|-activate|p1a: \u4f60\u6731\u5417|Orichalcum Pulse|[source]\n|-ability|p1b: \u9752\u7130\u767d\u9f99|Turboblaze\n|-ability|p2b: Incineroar|Intimidate|boost\n|-unboost|p1a: \u4f60\u6731\u5417|atk|1\n|-unboost|p1b: \u9752\u7130\u767d\u9f99|atk|1\n|turn|1\n|\n|t:|1773320631\n|switch|p1a: \u4f8d\u7684\u6211\u7231\u5bfc\u7ba1|Indeedee-F, L50, F|100/100\n|-fieldstart|move: Psychic Terrain|[from] ability: Psychic Surge|[of] p1a: \u4f8d\u7684\u6211\u7231\u5bfc\u7ba1\n|-terastallize|p1b: \u9752\u7130\u767d\u9f99|Fire\n|move|p2b: Incineroar|Fake Out|p1b: \u9752\u7130\u767d\u9f99\n|-activate|p1b: \u9752\u7130\u767d\u9f99|move: Psychic Terrain\n|move|p1b: \u9752\u7130\u767d\u9f99|Blue Flare|p2a: Lunala\n|-damage|p2a: Lunala|16/100\n|-status|p2a: Lunala|brn\n|move|p2a: Lunala|Trick Room|p2a: Lunala\n|-fieldstart|move: Trick Room|[of] p2a: Lunala\n|\n|-weather|SunnyDay|[upkeep]\n|-damage|p2a: Lunala|10/100 brn|[from] brn\n|upkeep\n|turn|2\n|\n|t:|1773320657\n|switch|p1b: \u629b\u5f00\u864e\u54e5\u54ee\u7a74|Incineroar, L50, M, shiny|100/100\n|-ability|p1b: \u629b\u5f00\u864e\u54e5\u54ee\u7a74|Intimidate|boost\n|-unboost|p2a: Lunala|atk|1\n|-unboost|p2b: Incineroar|atk|1\n|move|p2b: Incineroar|Knock Off|p1a: \u4f8d\u7684\u6211\u7231\u5bfc\u7ba1\n|-supereffective|p1a: \u4f8d\u7684\u6211\u7231\u5bfc\u7ba1\n|-damage|p1a: \u4f8d\u7684\u6211\u7231\u5bfc\u7ba1|35/100\n|-enditem|p1a: \u4f8d\u7684\u6211\u7231\u5bfc\u7ba1|Eject Button|[from] move: Knock Off|[of] p2b: Incineroar\n|move|p2a: Lunala|Moongeist Beam|p1b: \u629b\u5f00\u864e\u54e5\u54ee\u7a74\n|-resisted|p1b: \u629b\u5f00\u864e\u54e5\u54ee\u7a74\n|-damage|p1b: \u629b\u5f00\u864e\u54e5\u54ee\u7a74|75/100\n|move|p1a: \u4f8d\u7684\u6211\u7231\u5bfc\u7ba1|Trick Room|p1a: \u4f8d\u7684\u6211\u7231\u5bfc\u7ba1\n|-fieldend|move: Trick Room\n|\n|-weather|SunnyDay|[upkeep]\n|-damage|p2a: Lunala|3/100 brn|[from] brn\n|upkeep\n|turn|3\n|\n|t:|1773320691\n|move|p1a: \u4f8d\u7684\u6211\u7231\u5bfc\u7ba1|Follow Me|p1a: \u4f8d\u7684\u6211\u7231\u5bfc\u7ba1\n|-singleturn|p1a: \u4f8d\u7684\u6211\u7231\u5bfc\u7ba1|move: Follow Me\n|move|p2b: Incineroar|U-turn|p1a: \u4f8d\u7684\u6211\u7231\u5bfc\u7ba1\n|-supereffective|p1a: \u4f8d\u7684\u6211\u7231\u5bfc\u7ba1\n|-damage|p1a: \u4f8d\u7684\u6211\u7231\u5bfc\u7ba1|3/100\n|\n|t:|1773320699\n|switch|p2b: Ursaluna|Ursaluna-Bloodmoon, L50, M|100/100|[from] U-turn\n|move|p1b: \u629b\u5f00\u864e\u54e5\u54ee\u7a74|Knock Off|p2a: Lunala\n|-supereffective|p2a: Lunala\n|-damage|p2a: Lunala|0 fnt\n|-enditem|p2a: Lunala|Mental Herb|[from] move: Knock Off|[of] p1b: \u629b\u5f00\u864e\u54e5\u54ee\u7a74\n|faint|p2a: Lunala\n|\n|-weather|SunnyDay|[upkeep]\n|upkeep\n|\n|t:|1773320712\n|switch|p2a: Calyrex|Calyrex-Ice, L50|100/100\n|-ability|p2a: Calyrex|As One\n|-ability|p2a: Calyrex|Unnerve\n|turn|4\n|\n|t:|1773320733\n|move|p1a: \u4f8d\u7684\u6211\u7231\u5bfc\u7ba1|Follow Me|p1a: \u4f8d\u7684\u6211\u7231\u5bfc\u7ba1\n|-singleturn|p1a: \u4f8d\u7684\u6211\u7231\u5bfc\u7ba1|move: Follow Me\n|move|p1b: \u629b\u5f00\u864e\u54e5\u54ee\u7a74|Will-O-Wisp|p2a: Calyrex\n|-status|p2a: Calyrex|brn\n|move|p2b: Ursaluna|Earth Power|p1a: \u4f8d\u7684\u6211\u7231\u5bfc\u7ba1\n|-damage|p1a: \u4f8d\u7684\u6211\u7231\u5bfc\u7ba1|0 fnt\n|faint|p1a: \u4f8d\u7684\u6211\u7231\u5bfc\u7ba1\n|-damage|p2b: Ursaluna|90/100|[from] item: Life Orb\n|move|p2a: Calyrex|Trick Room|p2a: Calyrex\n|-fieldstart|move: Trick Room|[of] p2a: Calyrex\n|\n|-weather|SunnyDay|[upkeep]\n|-damage|p2a: Calyrex|95/100 brn|[from] brn\n|upkeep\n|\n|t:|1773320737\n|switch|p1a: \u9752\u7130\u767d\u9f99|Reshiram, L50, tera:Fire|100/100\n|-ability|p1a: \u9752\u7130\u767d\u9f99|Turboblaze\n|turn|5\n|\n|t:|1773320762\n|move|p2a: Calyrex|Glacial Lance|p1b: \u629b\u5f00\u864e\u54e5\u54ee\u7a74|[spread] p1a,p1b\n|-resisted|p1a: \u9752\u7130\u767d\u9f99\n|-resisted|p1b: \u629b\u5f00\u864e\u54e5\u54ee\u7a74\n|-damage|p1a: \u9752\u7130\u767d\u9f99|88/100\n|-damage|p1b: \u629b\u5f00\u864e\u54e5\u54ee\u7a74|66/100\n|move|p2b: Ursaluna|Earth Power|p1a: \u9752\u7130\u767d\u9f99\n|-supereffective|p1a: \u9752\u7130\u767d\u9f99\n|-damage|p1a: \u9752\u7130\u767d\u9f99|0 fnt\n|faint|p1a: \u9752\u7130\u767d\u9f99\n|-damage|p2b: Ursaluna|80/100|[from] item: Life Orb\n|move|p1b: \u629b\u5f00\u864e\u54e5\u54ee\u7a74|Parting Shot|p2b: Ursaluna\n|-unboost|p2b: Ursaluna|atk|1\n|-unboost|p2b: Ursaluna|spa|1\n|\n|t:|1773320766\n|switch|p1b: \u4f60\u6731\u5417|Koraidon, L50, shiny|100/100|[from] Parting Shot\n|-activate|p1b: \u4f60\u6731\u5417|ability: Orichalcum Pulse\n|\n|-weather|none\n|-damage|p2a: Calyrex|89/100 brn|[from] brn\n|-fieldend|move: Psychic Terrain\n|upkeep\n|\n|t:|1773320767\n|switch|p1a: \u629b\u5f00\u864e\u54e5\u54ee\u7a74|Incineroar, L50, M, shiny|66/100\n|-ability|p1a: \u629b\u5f00\u864e\u54e5\u54ee\u7a74|Intimidate|boost\n|-fail|p2a: Calyrex|unboost|[from] item: Clear Amulet|[of] p2a: Calyrex\n|-unboost|p2b: Ursaluna|atk|1\n|turn|6\n|\n|t:|1773320804\n|switch|p2b: Incineroar|Incineroar, L50, M|100/100\n|-ability|p2b: Incineroar|Intimidate|boost\n|-unboost|p1a: \u629b\u5f00\u864e\u54e5\u54ee\u7a74|atk|1\n|-unboost|p1b: \u4f60\u6731\u5417|atk|1\n|move|p1a: \u629b\u5f00\u864e\u54e5\u54ee\u7a74|Fake Out|p2b: Incineroar\n|-damage|p2b: Incineroar|94/100\n|move|p2a: Calyrex|Glacial Lance|p1a: \u629b\u5f00\u864e\u54e5\u54ee\u7a74|[spread] p1a,p1b\n|-resisted|p1a: \u629b\u5f00\u864e\u54e5\u54ee\u7a74\n|-supereffective|p1b: \u4f60\u6731\u5417\n|-crit|p1b: \u4f60\u6731\u5417\n|-damage|p1a: \u629b\u5f00\u864e\u54e5\u54ee\u7a74|58/100\n|-damage|p1b: \u4f60\u6731\u5417|39/100\n|move|p1b: \u4f60\u6731\u5417|Close Combat|p2b: Incineroar\n|-supereffective|p2b: Incineroar\n|-damage|p2b: Incineroar|0 fnt\n|-unboost|p1b: \u4f60\u6731\u5417|def|1\n|-unboost|p1b: \u4f60\u6731\u5417|spd|1\n|faint|p2b: Incineroar\n|-damage|p1b: \u4f60\u6731\u5417|29/100|[from] item: Life Orb\n|\n|-damage|p2a: Calyrex|83/100 brn|[from] brn\n|upkeep\n|\n|t:|1773320821\n|switch|p2b: Ursaluna|Ursaluna-Bloodmoon, L50, M|80/100\n|turn|7\n|\n|t:|1773320837\n|-terastallize|p2b: Ursaluna|Normal\n|move|p1b: \u4f60\u6731\u5417|Protect|p1b: \u4f60\u6731\u5417\n|-singleturn|p1b: \u4f60\u6731\u5417|Protect\n|move|p2a: Calyrex|Glacial Lance|p1a: \u629b\u5f00\u864e\u54e5\u54ee\u7a74|[spread] p1a\n|-activate|p1b: \u4f60\u6731\u5417|move: Protect\n|-resisted|p1a: \u629b\u5f00\u864e\u54e5\u54ee\u7a74\n|-damage|p1a: \u629b\u5f00\u864e\u54e5\u54ee\u7a74|50/100\n|move|p2b: Ursaluna|Hyper Voice|p1a: \u629b\u5f00\u864e\u54e5\u54ee\u7a74|[spread] p1a\n|-activate|p1b: \u4f60\u6731\u5417|move: Protect\n|-damage|p1a: \u629b\u5f00\u864e\u54e5\u54ee\u7a74|0 fnt\n|faint|p1a: \u629b\u5f00\u864e\u54e5\u54ee\u7a74\n|-damage|p2b: Ursaluna|70/100|[from] item: Life Orb\n|\n|-damage|p2a: Calyrex|77/100 brn|[from] brn\n|upkeep\n|turn|8\n|-message|dasabe\u76d6\u6b27\u5361\u4fa0 forfeited.\n|\n|win|timburr fan\n|raw|dasabe\u76d6\u6b27\u5361\u4fa0's rating: 1540 &rarr; <strong>1516</strong><br />(-24 for losing)\n|raw|timburr fan's rating: 1466 &rarr; <strong>1490</strong><br />(+24 for winning)\n|l|\u2606dasabe\u76d6\u6b27\u5361\u4fa0\n|player|p1|\n|l|\u2606timburr fan\n|player|p2|\n","uploadtime":1773321072,"views":16,"formatid":"gen9vgc2026regi","rating":1490,"private":0,"password":null}