{"id":"gen9vgc2026regi-2546883990","format":"[Gen 9] VGC 2026 Reg I","players":["RwbyFan420","Simon0123"],"log":"|j|\u2606RwbyFan420\n|j|\u2606Simon0123\n|t:|1772025695\n|gametype|doubles\n|player|p1|RwbyFan420|265|1115\n|player|p2|Simon0123|benga|1155\n|gen|9\n|tier|[Gen 9] VGC 2026 Reg I\n|rated|\n|rule|Species Clause: Limit one of each Pok\u00e9mon\n|rule|Item Clause: Limit 1 of each item\n|clearpoke\n|poke|p1|Azumarill, L50, F|\n|poke|p1|Indeedee-F, L50, F|\n|poke|p1|Ogerpon-Hearthflame, L50, F|\n|poke|p1|Lunala, L50|\n|poke|p1|Necrozma-Dusk-Mane, L50|\n|poke|p1|Incineroar, L50, M|\n|poke|p2|Miraidon, L50|\n|poke|p2|Flutter Mane, L50|\n|poke|p2|Incineroar, L50, M|\n|poke|p2|Urshifu-*, L50, F|\n|poke|p2|Tornadus, L50, M|\n|poke|p2|Amoonguss, L50, M|\n|teampreview|4\n|inactive|Battle timer is ON: inactive players will automatically lose when time's up. (requested by Simon0123)\n|inactive|RwbyFan420 has 60 seconds left.\n|inactive|Simon0123 has 60 seconds left.\n|\n|t:|1772025739\n|teamsize|p1|4\n|teamsize|p2|4\n|start\n|switch|p1a: Nebby|Lunala, L50|100/100\n|switch|p1b: Wolfe|Incineroar, L50, M|100/100\n|switch|p2a: Miraidon|Miraidon, L50|100/100\n|switch|p2b: Urshifu|Urshifu-Rapid-Strike, L50, F|100/100\n|-fieldstart|move: Electric Terrain|[from] ability: Hadron Engine|[of] p2a: Miraidon\n|-ability|p1b: Wolfe|Intimidate|boost\n|-unboost|p2a: Miraidon|atk|1\n|-unboost|p2b: Urshifu|atk|1\n|turn|1\n|inactive|Simon0123 has 30 seconds left.\n|inactive|Simon0123 has 20 seconds left.\n|inactive|Simon0123 has 15 seconds left.\n|inactive|Simon0123 has 10 seconds left.\n|\n|t:|1772025785\n|switch|p2a: Flutter Mane|Flutter Mane, L50|100/100\n|switch|p1b: Hydrogen Baby|Azumarill, L50, F|100/100\n|move|p2b: Urshifu|Surging Strikes|p1a: Nebby\n|-crit|p1a: Nebby\n|-damage|p1a: Nebby|92/100\n|-crit|p1a: Nebby\n|-damage|p1a: Nebby|75/100\n|-crit|p1a: Nebby\n|-damage|p1a: Nebby|58/100\n|-hitcount|p1a: Nebby|3\n|move|p1a: Nebby|Trick Room|p1a: Nebby\n|-fieldstart|move: Trick Room|[of] p1a: Nebby\n|\n|-heal|p1a: Nebby|64/100|[from] item: Leftovers\n|upkeep\n|turn|2\n|\n|t:|1772025809\n|move|p1b: Hydrogen Baby|Play Rough|p2b: Urshifu\n|-supereffective|p2b: Urshifu\n|-damage|p2b: Urshifu|0 fnt\n|faint|p2b: Urshifu\n|move|p1a: Nebby|Moongeist Beam|p2a: Flutter Mane\n|-supereffective|p2a: Flutter Mane\n|-enditem|p2a: Flutter Mane|Focus Sash\n|-damage|p2a: Flutter Mane|1/100\n|move|p2a: Flutter Mane|Moonblast|p1a: Nebby\n|-damage|p1a: Nebby|32/100\n|-unboost|p1a: Nebby|spa|1\n|\n|-heal|p1a: Nebby|38/100|[from] item: Leftovers\n|upkeep\n|\n|t:|1772025820\n|switch|p2b: Incineroar|Incineroar, L50, M|100/100\n|-ability|p2b: Incineroar|Intimidate|boost\n|-unboost|p1a: Nebby|atk|1\n|-unboost|p1b: Hydrogen Baby|atk|1\n|turn|3\n|\n|t:|1772025832\n|move|p2a: Flutter Mane|Protect|p2a: Flutter Mane\n|-singleturn|p2a: Flutter Mane|Protect\n|move|p2b: Incineroar|Fake Out|p1b: Hydrogen Baby\n|-damage|p1b: Hydrogen Baby|89/100\n|cant|p1b: Hydrogen Baby|flinch\n|move|p1a: Nebby|Moongeist Beam|p2a: Flutter Mane\n|-activate|p2a: Flutter Mane|move: Protect\n|\n|-heal|p1a: Nebby|44/100|[from] item: Leftovers\n|upkeep\n|turn|4\n|\n|t:|1772025847\n|move|p1b: Hydrogen Baby|Liquidation|p2b: Incineroar\n|-supereffective|p2b: Incineroar\n|-damage|p2b: Incineroar|43/100\n|move|p2b: Incineroar|Knock Off|p1a: Nebby\n|-supereffective|p1a: Nebby\n|-damage|p1a: Nebby|0 fnt\n|-enditem|p1a: Nebby|Leftovers|[from] move: Knock Off|[of] p2b: Incineroar\n|faint|p1a: Nebby\n|move|p2a: Flutter Mane|Moonblast|p1b: Hydrogen Baby\n|-damage|p1b: Hydrogen Baby|54/100\n|\n|upkeep\n|\n|t:|1772025857\n|switch|p1a: Coughing Bomb|Necrozma-Dusk-Mane, L50|100/100\n|turn|5\n|\n|t:|1772025864\n|move|p2a: Flutter Mane|Protect|p2a: Flutter Mane\n|-singleturn|p2a: Flutter Mane|Protect\n|move|p1b: Hydrogen Baby|Play Rough|p2b: Incineroar\n|-damage|p2b: Incineroar|7/100\n|move|p2b: Incineroar|Flare Blitz|p1a: Coughing Bomb\n|-supereffective|p1a: Coughing Bomb\n|-damage|p1a: Coughing Bomb|53/100\n|-enditem|p1a: Coughing Bomb|Weakness Policy\n|-boost|p1a: Coughing Bomb|atk|2|[from] item: Weakness Policy\n|-boost|p1a: Coughing Bomb|spa|2|[from] item: Weakness Policy\n|-damage|p2b: Incineroar|0 fnt|[from] Recoil\n|faint|p2b: Incineroar\n|move|p1a: Coughing Bomb|Sunsteel Strike|p2a: Flutter Mane\n|-activate|p2a: Flutter Mane|move: Protect\n|\n|-fieldend|move: Trick Room\n|-fieldend|move: Electric Terrain\n|upkeep\n|\n|t:|1772025881\n|switch|p2b: Miraidon|Miraidon, L50|100/100\n|-fieldstart|move: Electric Terrain|[from] ability: Hadron Engine|[of] p2b: Miraidon\n|turn|6\n|\n|t:|1772025899\n|-terastallize|p1b: Hydrogen Baby|Dragon\n|move|p2a: Flutter Mane|Protect||[still]\n|-fail|p2a: Flutter Mane\n|move|p1a: Coughing Bomb|Protect|p1a: Coughing Bomb\n|-singleturn|p1a: Coughing Bomb|Protect\n|move|p2b: Miraidon|Electro Drift|p1a: Coughing Bomb\n|-activate|p1a: Coughing Bomb|move: Protect\n|move|p1b: Hydrogen Baby|Play Rough|p2b: Miraidon\n|-supereffective|p2b: Miraidon\n|-damage|p2b: Miraidon|25/100\n|\n|upkeep\n|turn|7\n|\n|t:|1772025916\n|move|p2b: Miraidon|Electro Drift|p1b: Hydrogen Baby\n|-resisted|p1b: Hydrogen Baby\n|-damage|p1b: Hydrogen Baby|6/100\n|move|p2a: Flutter Mane|Shadow Ball|p1a: Coughing Bomb\n|-supereffective|p1a: Coughing Bomb\n|-damage|p1a: Coughing Bomb|9/100\n|move|p1a: Coughing Bomb|Sunsteel Strike|p2b: Miraidon\n|-resisted|p2b: Miraidon\n|-damage|p2b: Miraidon|0 fnt\n|faint|p2b: Miraidon\n|move|p1b: Hydrogen Baby|Play Rough|p2a: Flutter Mane\n|-damage|p2a: Flutter Mane|0 fnt\n|faint|p2a: Flutter Mane\n|-end|p2a: Flutter Mane|Protosynthesis|[silent]\n|\n|win|RwbyFan420\n|raw|RwbyFan420's rating: 1115 &rarr; <strong>1143</strong><br />(+28 for winning)\n|raw|Simon0123's rating: 1155 &rarr; <strong>1127</strong><br />(-28 for losing)\n|l|\u2606Simon0123\n|player|p2|\n|l|\u2606RwbyFan420\n|player|p1|\n","uploadtime":1772026197,"views":11,"formatid":"gen9vgc2026regi","rating":1127,"private":0,"password":null}