{"id":"gen9vgc2026regi-2559630286","format":"[Gen 9] VGC 2026 Reg I","players":["sleemo2","soulo333"],"log":"|j|\u2606sleemo2\n|j|\u2606soulo333\n|t:|1773593951\n|gametype|doubles\n|player|p1|sleemo2|266|1449\n|player|p2|soulo333|2|1426\n|gen|9\n|tier|[Gen 9] VGC 2026 Reg I\n|rated|\n|rule|Species Clause: Limit one of each Pok\u00e9mon\n|rule|Item Clause: Limit 1 of each item\n|clearpoke\n|poke|p1|Calyrex-Shadow, L50|\n|poke|p1|Zamazenta-*, L50|\n|poke|p1|Whimsicott, L50, F|\n|poke|p1|Amoonguss, L50, M|\n|poke|p1|Chi-Yu, L50|\n|poke|p1|Regieleki, L50|\n|poke|p2|Miraidon, L50|\n|poke|p2|Grimmsnarl, L50, M|\n|poke|p2|Chien-Pao, L50|\n|poke|p2|Volcarona, L50, M|\n|poke|p2|Iron Hands, L50|\n|poke|p2|Zamazenta-*, L50|\n|teampreview|4\n|\n|t:|1773593974\n|teamsize|p1|4\n|teamsize|p2|4\n|start\n|switch|p1a: Chi-Yu|Chi-Yu, L50|100/100\n|switch|p1b: Regieleki|Regieleki, L50|100/100\n|switch|p2a: Grimmsnarl|Grimmsnarl, L50, M|100/100\n|switch|p2b: Miraidon|Miraidon, L50|100/100\n|-ability|p1a: Chi-Yu|Beads of Ruin\n|-fieldstart|move: Electric Terrain|[from] ability: Hadron Engine|[of] p2b: Miraidon\n|turn|1\n|\n|t:|1773593986\n|move|p2a: Grimmsnarl|Light Screen|p2a: Grimmsnarl\n|-sidestart|p2: soulo333|move: Light Screen\n|move|p1a: Chi-Yu|Snarl|p2a: Grimmsnarl|[spread] p2a,p2b\n|-resisted|p2a: Grimmsnarl\n|-damage|p2a: Grimmsnarl|96/100\n|-damage|p2b: Miraidon|80/100\n|-unboost|p2a: Grimmsnarl|spa|1\n|-unboost|p2b: Miraidon|spa|1\n|move|p1b: Regieleki|Volt Switch|p2a: Grimmsnarl\n|-damage|p2a: Grimmsnarl|24/100\n|\n|t:|1773593995\n|switch|p1b: Calyrex|Calyrex-Shadow, L50|100/100|[from] Volt Switch\n|-ability|p1b: Calyrex|As One\n|-ability|p1b: Calyrex|Unnerve\n|move|p2b: Miraidon|Volt Switch|p1a: Chi-Yu\n|-damage|p1a: Chi-Yu|22/100\n|\n|t:|1773594008\n|switch|p2b: Zamazenta|Zamazenta-Crowned, L50|100/100|[from] Volt Switch\n|-ability|p2b: Zamazenta|Dauntless Shield|boost\n|-boost|p2b: Zamazenta|def|1\n|\n|upkeep\n|turn|2\n|\n|t:|1773594022\n|switch|p1a: Whimsicott|Whimsicott, L50, F|100/100\n|move|p1b: Calyrex|Protect|p1b: Calyrex\n|-singleturn|p1b: Calyrex|Protect\n|move|p2a: Grimmsnarl|Thunder Wave|p1b: Calyrex\n|-activate|p1b: Calyrex|move: Protect\n|move|p2b: Zamazenta|Body Press|p1a: Whimsicott\n|-resisted|p1a: Whimsicott\n|-damage|p1a: Whimsicott|63/100\n|\n|upkeep\n|turn|3\n|\n|t:|1773594044\n|switch|p1b: Chi-Yu|Chi-Yu, L50|22/100\n|-ability|p1b: Chi-Yu|Beads of Ruin\n|move|p2a: Grimmsnarl|Thunder Wave|p1b: Chi-Yu\n|-hint|Since gen 7, Dark is immune to Prankster moves.\n|-immune|p1b: Chi-Yu\n|move|p2b: Zamazenta|Behemoth Bash|p1a: Whimsicott\n|-supereffective|p1a: Whimsicott\n|-damage|p1a: Whimsicott|0 fnt\n|faint|p1a: Whimsicott\n|\n|upkeep\n|\n|t:|1773594057\n|switch|p1a: Regieleki|Regieleki, L50|100/100\n|turn|4\n|\n|t:|1773594067\n|move|p2b: Zamazenta|Wide Guard|p2b: Zamazenta\n|-singleturn|p2b: Zamazenta|Wide Guard\n|move|p1b: Chi-Yu|Overheat|p2b: Zamazenta\n|-supereffective|p2b: Zamazenta\n|-damage|p2b: Zamazenta|0 fnt\n|-unboost|p1b: Chi-Yu|spa|2\n|faint|p2b: Zamazenta\n|move|p1a: Regieleki|Volt Switch|p2a: Grimmsnarl\n|-damage|p2a: Grimmsnarl|0 fnt\n|faint|p2a: Grimmsnarl\n|\n|t:|1773594083\n|switch|p1a: Calyrex|Calyrex-Shadow, L50|100/100|[from] Volt Switch\n|-ability|p1a: Calyrex|As One\n|-ability|p1a: Calyrex|Unnerve\n|\n|upkeep\n|\n|t:|1773594086\n|switch|p2b: Miraidon|Miraidon, L50|80/100\n|switch|p2a: Chien-Pao|Chien-Pao, L50|100/100\n|-activate|p2b: Miraidon|ability: Hadron Engine\n|-ability|p2a: Chien-Pao|Sword of Ruin\n|turn|5\n|\n|t:|1773594103\n|-terastallize|p1a: Calyrex|Ghost\n|-terastallize|p2b: Miraidon|Fairy\n|move|p2a: Chien-Pao|Sucker Punch|p1b: Chi-Yu\n|-resisted|p1b: Chi-Yu\n|-damage|p1b: Chi-Yu|0 fnt\n|faint|p1b: Chi-Yu\n|move|p1a: Calyrex|Astral Barrage|p2b: Miraidon|[spread] p2a,p2b\n|-resisted|p2a: Chien-Pao\n|-damage|p2a: Chien-Pao|59/100\n|-damage|p2b: Miraidon|34/100\n|move|p2b: Miraidon|Electro Drift|p1a: Calyrex\n|-enditem|p1a: Calyrex|Focus Sash\n|-damage|p1a: Calyrex|1/100\n|\n|-fieldend|move: Electric Terrain\n|upkeep\n|\n|t:|1773594114\n|switch|p1b: Regieleki|Regieleki, L50|100/100\n|turn|6\n|\n|t:|1773594132\n|move|p2a: Chien-Pao|Sucker Punch|p1b: Regieleki\n|-damage|p1b: Regieleki|21/100\n|move|p1b: Regieleki|Thunderbolt|p2a: Chien-Pao\n|-damage|p2a: Chien-Pao|0 fnt\n|faint|p2a: Chien-Pao\n|move|p1a: Calyrex|Astral Barrage|p2b: Miraidon\n|-damage|p2b: Miraidon|0 fnt\n|faint|p2b: Miraidon\n|\n|win|sleemo2\n|raw|sleemo2's rating: 1449 &rarr; <strong>1468</strong><br />(+19 for winning)\n|raw|soulo333's rating: 1426 &rarr; <strong>1407</strong><br />(-19 for losing)\n|l|\u2606sleemo2\n|player|p1|\n","uploadtime":1773594133,"views":11,"formatid":"gen9vgc2026regi","rating":1407,"private":0,"password":null}