{"id":"gen9vgc2026regi-2538720413","format":"[Gen 9] VGC 2026 Reg I","players":["yubanmeiqin","alzombie"],"log":"|j|\u2606yubanmeiqin\n|j|\u2606alzombie\n|t:|1770962496\n|gametype|doubles\n|player|p1|yubanmeiqin|iono-masters|1533\n|player|p2|alzombie|265|1498\n|gen|9\n|tier|[Gen 9] VGC 2026 Reg I\n|rated|\n|rule|Species Clause: Limit one of each Pok\u00e9mon\n|rule|Item Clause: Limit 1 of each item\n|clearpoke\n|poke|p1|Miraidon, L50|\n|poke|p1|Calyrex-Ice, L50|\n|poke|p1|Whimsicott, L50, F|\n|poke|p1|Volcarona, L50, M|\n|poke|p1|Incineroar, L50, M|\n|poke|p1|Urshifu-*, L50, M|\n|poke|p2|Lunala, L50|\n|poke|p2|Ursaluna, L50, M|\n|poke|p2|Urshifu-*, L50, M|\n|poke|p2|Miraidon, L50|\n|poke|p2|Grimmsnarl, L50, M|\n|poke|p2|Incineroar, L50, M|\n|teampreview|4\n|j| ConnerTEP\n|inactive|Battle timer is ON: inactive players will automatically lose when time's up. (requested by alzombie)\n|\n|t:|1770962536\n|teamsize|p1|4\n|teamsize|p2|4\n|start\n|switch|p1a: Whimsicott|Whimsicott, L50, F|100/100\n|switch|p1b: Miraidon|Miraidon, L50, shiny|100/100\n|switch|p2a: Grimmsnarl|Grimmsnarl, L50, M|100/100\n|switch|p2b: Miraidon|Miraidon, L50|100/100\n|-fieldstart|move: Electric Terrain|[from] ability: Hadron Engine|[of] p2b: Miraidon\n|-activate|p1b: Miraidon|ability: Hadron Engine\n|turn|1\n|\n|t:|1770962552\n|-terastallize|p1b: Miraidon|Electric\n|move|p1a: Whimsicott|Light Screen|p1a: Whimsicott\n|-sidestart|p1: yubanmeiqin|move: Light Screen\n|move|p2a: Grimmsnarl|Light Screen|p2a: Grimmsnarl\n|-sidestart|p2: alzombie|move: Light Screen\n|move|p2b: Miraidon|Snarl|p1a: Whimsicott|[spread] p1a,p1b\n|-resisted|p1a: Whimsicott\n|-damage|p1a: Whimsicott|92/100\n|-damage|p1b: Miraidon|89/100\n|-unboost|p1a: Whimsicott|spa|1\n|move|p1b: Miraidon|Electro Drift|p2a: Grimmsnarl\n|-damage|p2a: Grimmsnarl|26/100\n|\n|upkeep\n|turn|2\n|inactive|alzombie has 30 seconds left.\n|\n|t:|1770962586\n|move|p1a: Whimsicott|Encore|p2b: Miraidon\n|-start|p2b: Miraidon|Encore\n|move|p2a: Grimmsnarl|Taunt|p1a: Whimsicott\n|-start|p1a: Whimsicott|move: Taunt\n|move|p2b: Miraidon|Snarl|p1a: Whimsicott|[spread] p1a,p1b\n|-resisted|p1a: Whimsicott\n|-damage|p1a: Whimsicott|84/100\n|-damage|p1b: Miraidon|78/100\n|-unboost|p1a: Whimsicott|spa|1\n|move|p1b: Miraidon|Volt Switch|p2a: Grimmsnarl\n|-damage|p2a: Grimmsnarl|0 fnt\n|faint|p2a: Grimmsnarl\n|\n|t:|1770962591\n|switch|p1b: Calyrex|Calyrex-Ice, L50|100/100|[from] Volt Switch\n|-ability|p1b: Calyrex|As One\n|-ability|p1b: Calyrex|Unnerve\n|\n|upkeep\n|\n|t:|1770962607\n|switch|p2a: Incineroar|Incineroar, L50, M|100/100\n|-ability|p2a: Incineroar|Intimidate|boost\n|-unboost|p1a: Whimsicott|atk|1\n|-unboost|p1b: Calyrex|atk|1\n|turn|3\n|\n|t:|1770962631\n|switch|p2b: Lunala|Lunala, L50|100/100\n|-enditem|p2b: Lunala|Electric Seed\n|-boost|p2b: Lunala|def|1|[from] item: Electric Seed\n|switch|p1b: Volcarona|Volcarona, L50, M|100/100\n|-enditem|p1b: Volcarona|Electric Seed\n|-boost|p1b: Volcarona|def|1|[from] item: Electric Seed\n|move|p1a: Whimsicott|Endeavor|p2a: Incineroar\n|-damage|p2a: Incineroar|56/100\n|-damage|p1a: Whimsicott|68/100|[from] item: Rocky Helmet|[of] p2a: Incineroar\n|move|p2a: Incineroar|Knock Off|p1b: Volcarona\n|-damage|p1b: Volcarona|84/100\n|\n|upkeep\n|turn|4\n|inactive|yubanmeiqin has 30 seconds left.\n|inactive|alzombie has 30 seconds left.\n|\n|t:|1770962663\n|switch|p1a: Miraidon|Miraidon, L50, shiny, tera:Electric|78/100\n|-activate|p1a: Miraidon|ability: Hadron Engine\n|move|p1b: Volcarona|Protect|p1b: Volcarona\n|-singleturn|p1b: Volcarona|Protect\n|move|p2a: Incineroar|Roar|p1b: Volcarona\n|drag|p1b: Whimsicott|Whimsicott, L50, F|68/100\n|move|p2b: Lunala|Trick Room|p2b: Lunala\n|-fieldstart|move: Trick Room|[of] p2b: Lunala\n|\n|upkeep\n|turn|5\n|\n|t:|1770962681\n|switch|p2b: Miraidon|Miraidon, L50|100/100\n|-activate|p2b: Miraidon|ability: Hadron Engine\n|move|p1b: Whimsicott|Encore||[still]\n|-fail|p1b: Whimsicott\n|move|p2a: Incineroar|Knock Off|p1a: Miraidon\n|-damage|p1a: Miraidon|44/100\n|-enditem|p1a: Miraidon|Covert Cloak|[from] move: Knock Off|[of] p2a: Incineroar\n|move|p1a: Miraidon|Volt Switch|p2a: Incineroar\n|-damage|p2a: Incineroar|0 fnt\n|faint|p2a: Incineroar\n|\n|t:|1770962689\n|switch|p1a: Calyrex|Calyrex-Ice, L50|100/100|[from] Volt Switch\n|-ability|p1a: Calyrex|As One\n|-ability|p1a: Calyrex|Unnerve\n|\n|-sideend|p1: yubanmeiqin|move: Light Screen\n|-fieldend|move: Electric Terrain\n|upkeep\n|\n|t:|1770962701\n|switch|p2a: Lunala|Lunala, L50|100/100\n|turn|6\n|\n|t:|1770962715\n|-terastallize|p2b: Miraidon|Electric\n|move|p1a: Calyrex|Protect|p1a: Calyrex\n|-singleturn|p1a: Calyrex|Protect\n|move|p1b: Whimsicott|Light Screen|p1b: Whimsicott\n|-sidestart|p1: yubanmeiqin|move: Light Screen\n|move|p2a: Lunala|Moongeist Beam|p1a: Calyrex\n|-activate|p1a: Calyrex|move: Protect\n|move|p2b: Miraidon|Electro Drift|p1b: Whimsicott\n|-resisted|p1b: Whimsicott\n|-damage|p1b: Whimsicott|35/100\n|\n|upkeep\n|turn|7\n|inactive|yubanmeiqin has 30 seconds left.\n|\n|t:|1770962743\n|move|p1b: Whimsicott|Encore|p2a: Lunala\n|-start|p2a: Lunala|Encore\n|move|p1a: Calyrex|Glacial Lance|p2a: Lunala|[spread] p2a,p2b\n|-damage|p2a: Lunala|80/100\n|-damage|p2b: Miraidon|57/100\n|move|p2a: Lunala|Moongeist Beam|p1a: Calyrex\n|-supereffective|p1a: Calyrex\n|-damage|p1a: Calyrex|48/100\n|move|p2b: Miraidon|Electro Drift|p1a: Calyrex\n|-damage|p1a: Calyrex|14/100\n|\n|-heal|p1a: Calyrex|19/100|[from] item: Leftovers\n|upkeep\n|turn|8\n|inactive|yubanmeiqin has 30 seconds left.\n|\n|t:|1770962769\n|move|p1a: Calyrex|Glacial Lance|p2b: Miraidon|[spread] p2a,p2b\n|-damage|p2a: Lunala|40/100\n|-damage|p2b: Miraidon|9/100\n|move|p2a: Lunala|Moongeist Beam|p1b: Whimsicott\n|-damage|p1b: Whimsicott|0 fnt\n|faint|p1b: Whimsicott\n|move|p2b: Miraidon|Electro Drift|p1a: Calyrex\n|-damage|p1a: Calyrex|0 fnt\n|faint|p1a: Calyrex\n|\n|-sideend|p2: alzombie|move: Light Screen\n|-fieldend|move: Trick Room\n|upkeep\n|\n|t:|1770962776\n|switch|p1b: Miraidon|Miraidon, L50, shiny, tera:Electric|44/100\n|switch|p1a: Volcarona|Volcarona, L50, M|84/100\n|-fieldstart|move: Electric Terrain|[from] ability: Hadron Engine|[of] p1b: Miraidon\n|turn|9\n|\n|t:|1770962793\n|move|p1a: Volcarona|Rage Powder|p1a: Volcarona\n|-singleturn|p1a: Volcarona|move: Rage Powder\n|move|p2b: Miraidon|Snarl|p1b: Miraidon|[spread] p1a,p1b\n|-crit|p1a: Volcarona\n|-damage|p1a: Volcarona|59/100\n|-damage|p1b: Miraidon|33/100\n|-unboost|p1a: Volcarona|spa|1\n|-unboost|p1b: Miraidon|spa|1\n|move|p1b: Miraidon|Snarl|p2a: Lunala|[spread] p2b\n|-miss|p1b: Miraidon|p2a: Lunala\n|-damage|p2b: Miraidon|2/100\n|-unboost|p2b: Miraidon|spa|1\n|move|p2a: Lunala|Moongeist Beam|p1a: Volcarona\n|-damage|p1a: Volcarona|27/100\n|\n|-end|p2a: Lunala|Encore\n|upkeep\n|turn|10\n|inactive|yubanmeiqin has 30 seconds left.\n|inactive|alzombie has 30 seconds left.\n|\n|t:|1770962822\n|move|p2b: Miraidon|Snarl|p1a: Volcarona|[spread] p1b\n|-miss|p2b: Miraidon|p1a: Volcarona\n|-damage|p1b: Miraidon|24/100\n|-unboost|p1b: Miraidon|spa|1\n|move|p1b: Miraidon|Electro Drift|p2a: Lunala\n|-damage|p2a: Lunala|0 fnt\n|faint|p2a: Lunala\n|move|p1a: Volcarona|Fiery Dance|p2b: Miraidon\n|-damage|p2b: Miraidon|0 fnt\n|faint|p2b: Miraidon\n|\n|win|yubanmeiqin\n|raw|yubanmeiqin's rating: 1533 &rarr; <strong>1551</strong><br />(+18 for winning)\n|raw|alzombie's rating: 1498 &rarr; <strong>1480</strong><br />(-18 for losing)\n|l|\u2606yubanmeiqin\n|player|p1|\n|l| ConnerTEP\n|l|\u2606alzombie\n|player|p2|\n","uploadtime":1770963030,"views":40,"formatid":"gen9vgc2026regi","rating":1480,"private":0,"password":null}