{"id":"gen9vgc2026regi-2529945694","format":"[Gen 9] VGC 2026 Reg I","players":["ky123456","Low Tier Goodra"],"log":"|j|\u2606ky123456\n|j|\u2606Low Tier Goodra\n|t:|1769850956\n|gametype|doubles\n|player|p1|ky123456|cynthia-gen4|1466\n|player|p2|Low Tier Goodra|jasmine|1517\n|gen|9\n|tier|[Gen 9] VGC 2026 Reg I\n|rated|\n|rule|Species Clause: Limit one of each Pok\u00e9mon\n|rule|Item Clause: Limit 1 of each item\n|clearpoke\n|poke|p1|Calyrex-Shadow, L50|\n|poke|p1|Zamazenta-*, L50|\n|poke|p1|Roaring Moon, L50|\n|poke|p1|Maushold, L50|\n|poke|p1|Weezing, L50, M|\n|poke|p1|Amoonguss, L50, M|\n|poke|p2|Calyrex-Ice, L50|\n|poke|p2|Kyogre, L50|\n|poke|p2|Sinistcha-Masterpiece, L50|\n|poke|p2|Rillaboom, L50, M|\n|poke|p2|Ursaluna, L50, F|\n|poke|p2|Incineroar, L50, M|\n|teampreview|4\n|\n|t:|1769851000\n|teamsize|p1|4\n|teamsize|p2|4\n|start\n|switch|p1a: Zamazenta|Zamazenta-Crowned, L50|100/100\n|switch|p1b: Roaring Moon|Roaring Moon, L50|100/100\n|switch|p2a: Incineroar|Incineroar, L50, M|100/100\n|switch|p2b: Calyrex|Calyrex-Ice, L50|100/100\n|-ability|p2b: Calyrex|As One\n|-ability|p2b: Calyrex|Unnerve\n|-ability|p1a: Zamazenta|Dauntless Shield|boost\n|-boost|p1a: Zamazenta|def|1\n|-ability|p2a: Incineroar|Intimidate|boost\n|-unboost|p1a: Zamazenta|atk|1\n|-unboost|p1b: Roaring Moon|atk|1\n|-enditem|p1b: Roaring Moon|Booster Energy\n|-activate|p1b: Roaring Moon|ability: Protosynthesis|[fromitem]\n|-start|p1b: Roaring Moon|protosynthesisspe\n|turn|1\n|\n|t:|1769851025\n|move|p1a: Zamazenta|Wide Guard|p1a: Zamazenta\n|-singleturn|p1a: Zamazenta|Wide Guard\n|move|p2a: Incineroar|Fake Out|p1a: Zamazenta\n|-resisted|p1a: Zamazenta\n|-damage|p1a: Zamazenta|98/100\n|move|p1b: Roaring Moon|Taunt|p2b: Calyrex\n|-start|p2b: Calyrex|move: Taunt\n|-enditem|p2b: Calyrex|Mental Herb\n|-end|p2b: Calyrex|move: Taunt\n|move|p2b: Calyrex|Trick Room|p2b: Calyrex\n|-fieldstart|move: Trick Room|[of] p2b: Calyrex\n|\n|upkeep\n|turn|2\n|\n|t:|1769851065\n|move|p2b: Calyrex|Leech Seed|p1a: Zamazenta\n|-start|p1a: Zamazenta|move: Leech Seed\n|move|p2a: Incineroar|Taunt|p1a: Zamazenta\n|-start|p1a: Zamazenta|move: Taunt\n|move|p1a: Zamazenta|Body Press|p2a: Incineroar\n|-supereffective|p2a: Incineroar\n|-crit|p2a: Incineroar\n|-damage|p2a: Incineroar|0 fnt\n|faint|p2a: Incineroar\n|move|p1b: Roaring Moon|Knock Off|p2b: Calyrex\n|-supereffective|p2b: Calyrex\n|-damage|p2b: Calyrex|72/100\n|\n|-damage|p1a: Zamazenta|86/100|[from] Leech Seed|[of] p2b: Calyrex\n|-heal|p2b: Calyrex|83/100|[silent]\n|upkeep\n|\n|t:|1769851076\n|switch|p2a: Ursaluna|Ursaluna, L50, F|100/100\n|turn|3\n|\n|t:|1769851090\n|move|p2a: Ursaluna|Substitute|p2a: Ursaluna\n|-start|p2a: Ursaluna|Substitute\n|-damage|p2a: Ursaluna|76/100\n|move|p2b: Calyrex|Glacial Lance|p1a: Zamazenta|[spread] p1a,p1b\n|-resisted|p1a: Zamazenta\n|-supereffective|p1b: Roaring Moon\n|-damage|p1a: Zamazenta|77/100\n|-damage|p1b: Roaring Moon|0 fnt\n|faint|p1b: Roaring Moon\n|-end|p1b: Roaring Moon|Protosynthesis|[silent]\n|-ability|p2b: Calyrex|Chilling Neigh|boost\n|-boost|p2b: Calyrex|atk|1\n|move|p1a: Zamazenta|Body Press|p2a: Ursaluna\n|-supereffective|p2a: Ursaluna\n|-end|p2a: Ursaluna|Substitute\n|\n|-damage|p1a: Zamazenta|64/100|[from] Leech Seed|[of] p2b: Calyrex\n|-heal|p2b: Calyrex|95/100|[silent]\n|-status|p2a: Ursaluna|brn|[from] item: Flame Orb\n|upkeep\n|\n|t:|1769851104\n|switch|p1b: Maushold|Maushold, L50|100/100\n|turn|4\n|\n|t:|1769851120\n|-terastallize|p2a: Ursaluna|Ghost\n|move|p2b: Calyrex|Glacial Lance|p1a: Zamazenta|[spread] p1a,p1b\n|-resisted|p1a: Zamazenta\n|-damage|p1a: Zamazenta|55/100\n|-damage|p1b: Maushold|25/100\n|move|p2a: Ursaluna|Substitute|p2a: Ursaluna\n|-start|p2a: Ursaluna|Substitute\n|-damage|p2a: Ursaluna|51/100 brn\n|move|p1b: Maushold|Taunt|p2b: Calyrex\n|-start|p2b: Calyrex|move: Taunt\n|move|p1a: Zamazenta|Body Press|p2a: Ursaluna\n|-immune|p2a: Ursaluna\n|\n|-damage|p1a: Zamazenta|43/100|[from] Leech Seed|[of] p2b: Calyrex\n|-heal|p2b: Calyrex|100/100|[silent]\n|-damage|p2a: Ursaluna|45/100 brn|[from] brn\n|-end|p1a: Zamazenta|move: Taunt\n|upkeep\n|turn|5\n|\n|t:|1769851147\n|move|p1a: Zamazenta|Wide Guard|p1a: Zamazenta\n|-singleturn|p1a: Zamazenta|Wide Guard\n|move|p1b: Maushold|Feint|p2b: Calyrex\n|-damage|p2b: Calyrex|96/100\n|move|p2a: Ursaluna|Headlong Rush|p1a: Zamazenta\n|-supereffective|p1a: Zamazenta\n|-damage|p1a: Zamazenta|0 fnt\n|-unboost|p2a: Ursaluna|def|1\n|-unboost|p2a: Ursaluna|spd|1\n|faint|p1a: Zamazenta\n|move|p2b: Calyrex|Glacial Lance|p1b: Maushold\n|-activate|p1b: Maushold|move: Wide Guard\n|\n|-damage|p2a: Ursaluna|39/100 brn|[from] brn\n|-fieldend|move: Trick Room\n|upkeep\n|\n|t:|1769851161\n|switch|p1a: Calyrex|Calyrex-Shadow, L50|100/100\n|-ability|p1a: Calyrex|As One\n|-ability|p1a: Calyrex|Unnerve\n|turn|6\n|\n|t:|1769851174\n|-terastallize|p1a: Calyrex|Ghost\n|move|p1b: Maushold|Follow Me|p1b: Maushold\n|-singleturn|p1b: Maushold|move: Follow Me\n|move|p1a: Calyrex|Astral Barrage|p2a: Ursaluna|[spread] p2a,p2b\n|-supereffective|p2a: Ursaluna\n|-end|p2a: Ursaluna|Substitute\n|-supereffective|p2b: Calyrex\n|-damage|p2b: Calyrex|0 fnt\n|faint|p2b: Calyrex\n|-ability|p1a: Calyrex|Grim Neigh|boost\n|-boost|p1a: Calyrex|spa|1\n|move|p2a: Ursaluna|Headlong Rush|p1b: Maushold\n|-damage|p1b: Maushold|0 fnt\n|-unboost|p2a: Ursaluna|def|1\n|-unboost|p2a: Ursaluna|spd|1\n|faint|p1b: Maushold\n|\n|-damage|p2a: Ursaluna|33/100 brn|[from] brn\n|upkeep\n|\n|t:|1769851190\n|switch|p2b: Kyogre|Kyogre, L50|100/100\n|-weather|RainDance|[from] ability: Drizzle|[of] p2b: Kyogre\n|turn|7\n|\n|t:|1769851196\n|move|p2a: Ursaluna|Protect|p2a: Ursaluna\n|-singleturn|p2a: Ursaluna|Protect\n|move|p1a: Calyrex|Astral Barrage|p2a: Ursaluna|[spread] p2b\n|-activate|p2a: Ursaluna|move: Protect\n|-damage|p2b: Kyogre|2/100\n|move|p2b: Kyogre|Origin Pulse|p1a: Calyrex\n|-damage|p1a: Calyrex|2/100\n|\n|-weather|RainDance|[upkeep]\n|-damage|p2a: Ursaluna|27/100 brn|[from] brn\n|upkeep\n|turn|8\n|-message|Low Tier Goodra forfeited.\n|\n|win|ky123456\n|raw|ky123456's rating: 1466 &rarr; <strong>1489</strong><br />(+23 for winning)\n|raw|Low Tier Goodra's rating: 1517 &rarr; <strong>1494</strong><br />(-23 for losing)\n|l|\u2606Low Tier Goodra\n|player|p2|\n|l|\u2606ky123456\n|player|p1|\n","uploadtime":1769851380,"views":16,"formatid":"gen9vgc2026regi","rating":1489,"private":0,"password":null}