{"id":"gen9vgc2026regi-2550380657","format":"[Gen 9] VGC 2026 Reg I","players":["TViewierVGC","LechonkBro"],"log":"|j|\u2606TViewierVGC\n|j|\u2606LechonkBro\n|t:|1772481988\n|gametype|doubles\n|player|p1|TViewierVGC|tuber|1447\n|player|p2|LechonkBro|2|1600\n|gen|9\n|tier|[Gen 9] VGC 2026 Reg I\n|rated|\n|rule|Species Clause: Limit one of each Pok\u00e9mon\n|rule|Item Clause: Limit 1 of each item\n|clearpoke\n|poke|p1|Zapdos-Galar, L50|\n|poke|p1|Ho-Oh, L50|\n|poke|p1|Amoonguss, L50, M|\n|poke|p1|Incineroar, L50, F|\n|poke|p1|Calyrex-Ice, L50|\n|poke|p1|Ting-Lu, L50|\n|poke|p2|Chien-Pao, L50|\n|poke|p2|Calyrex-Shadow, L50|\n|poke|p2|Dondozo, L50, M|\n|poke|p2|Zamazenta-*, L50|\n|poke|p2|Dragonite, L50, M|\n|poke|p2|Tatsugiri, L50, F|\n|teampreview|4\n|inactive|Battle timer is ON: inactive players will automatically lose when time's up. (requested by LechonkBro)\n|inactive|TViewierVGC also wants the timer to be on.\n|\n|t:|1772482017\n|teamsize|p1|4\n|teamsize|p2|4\n|start\n|switch|p1a: Calyrex|Calyrex-Ice, L50|100/100\n|switch|p1b: Incineroar|Incineroar, L50, F, shiny|100/100\n|switch|p2a: Calyrex|Calyrex-Shadow, L50|100/100\n|switch|p2b: Dragonite|Dragonite, L50, M|100/100\n|-ability|p2a: Calyrex|As One\n|-ability|p2a: Calyrex|Unnerve\n|-ability|p1a: Calyrex|As One\n|-ability|p1a: Calyrex|Unnerve\n|-ability|p1b: Incineroar|Intimidate|boost\n|-unboost|p2a: Calyrex|atk|1\n|-fail|p2b: Dragonite|unboost|Attack|[from] ability: Inner Focus|[of] p2b: Dragonite\n|turn|1\n|\n|t:|1772482034\n|switch|p2a: Zamazenta|Zamazenta-Crowned, L50|100/100\n|-ability|p2a: Zamazenta|Dauntless Shield|boost\n|-boost|p2a: Zamazenta|def|1\n|-terastallize|p2b: Dragonite|Normal\n|-terastallize|p1a: Calyrex|Fairy\n|move|p2b: Dragonite|Extreme Speed|p1a: Calyrex\n|-damage|p1a: Calyrex|56/100\n|move|p1b: Incineroar|Knock Off|p2a: Zamazenta\n|-resisted|p2a: Zamazenta\n|-damage|p2a: Zamazenta|95/100\n|move|p1a: Calyrex|Trick Room|p1a: Calyrex\n|-fieldstart|move: Trick Room|[of] p1a: Calyrex\n|\n|-heal|p1a: Calyrex|61/100|[from] item: Leftovers\n|upkeep\n|turn|2\n|\n|t:|1772482059\n|switch|p1b: Amoonguss|Amoonguss, L50, M, shiny|100/100\n|move|p2b: Dragonite|Extreme Speed|p1b: Amoonguss\n|-damage|p1b: Amoonguss|44/100\n|-damage|p2b: Dragonite|84/100|[from] item: Rocky Helmet|[of] p1b: Amoonguss\n|move|p1a: Calyrex|Leech Seed|p2a: Zamazenta\n|-start|p2a: Zamazenta|move: Leech Seed\n|move|p2a: Zamazenta|Behemoth Bash|p1b: Amoonguss\n|-damage|p1b: Amoonguss|14/100\n|-damage|p2a: Zamazenta|79/100|[from] item: Rocky Helmet|[of] p1b: Amoonguss\n|\n|-heal|p1a: Calyrex|67/100|[from] item: Leftovers\n|-damage|p2a: Zamazenta|67/100|[from] Leech Seed|[of] p1a: Calyrex\n|-heal|p1a: Calyrex|78/100|[silent]\n|upkeep\n|turn|3\n|\n|t:|1772482078\n|move|p2b: Dragonite|Extreme Speed|p1b: Amoonguss\n|-damage|p1b: Amoonguss|0 fnt\n|-damage|p2b: Dragonite|67/100|[from] item: Rocky Helmet|[of] p1b: Amoonguss\n|faint|p1b: Amoonguss\n|move|p1a: Calyrex|Glacial Lance|p2b: Dragonite|[spread] p2a,p2b\n|-resisted|p2a: Zamazenta\n|-damage|p2a: Zamazenta|55/100\n|-damage|p2b: Dragonite|6/100\n|move|p2a: Zamazenta|Behemoth Bash|p1a: Calyrex\n|-supereffective|p1a: Calyrex\n|-crit|p1a: Calyrex\n|-damage|p1a: Calyrex|4/100\n|\n|-heal|p1a: Calyrex|10/100|[from] item: Leftovers\n|-damage|p2a: Zamazenta|43/100|[from] Leech Seed|[of] p1a: Calyrex\n|-heal|p1a: Calyrex|21/100|[silent]\n|upkeep\n|\n|t:|1772482083\n|switch|p1b: Ho-Oh|Ho-Oh, L50|100/100\n|turn|4\n|\n|t:|1772482100\n|move|p1a: Calyrex|Protect|p1a: Calyrex\n|-singleturn|p1a: Calyrex|Protect\n|move|p2b: Dragonite|Extreme Speed|p1b: Ho-Oh\n|-damage|p1b: Ho-Oh|40/100\n|move|p1b: Ho-Oh|Sacred Fire|p2a: Zamazenta\n|-supereffective|p2a: Zamazenta\n|-damage|p2a: Zamazenta|0 fnt\n|faint|p2a: Zamazenta\n|-damage|p1b: Ho-Oh|30/100|[from] item: Life Orb\n|\n|-heal|p1a: Calyrex|27/100|[from] item: Leftovers\n|upkeep\n|\n|t:|1772482112\n|switch|p2a: Chien-Pao|Chien-Pao, L50|100/100\n|-ability|p2a: Chien-Pao|Sword of Ruin\n|turn|5\n|\n|t:|1772482125\n|switch|p1a: Incineroar|Incineroar, L50, F, shiny|100/100\n|-ability|p1a: Incineroar|Intimidate|boost\n|-unboost|p2a: Chien-Pao|atk|1\n|-fail|p2b: Dragonite|unboost|Attack|[from] ability: Inner Focus|[of] p2b: Dragonite\n|move|p2b: Dragonite|Extreme Speed|p1a: Incineroar\n|-damage|p1a: Incineroar|29/100\n|move|p1b: Ho-Oh|Brave Bird|p2b: Dragonite\n|-damage|p2b: Dragonite|0 fnt\n|faint|p2b: Dragonite\n|-damage|p1b: Ho-Oh|28/100|[from] Recoil\n|-damage|p1b: Ho-Oh|18/100|[from] item: Life Orb\n|move|p2a: Chien-Pao|Ice Spinner|p1b: Ho-Oh\n|-damage|p1b: Ho-Oh|0 fnt\n|faint|p1b: Ho-Oh\n|\n|-fieldend|move: Trick Room\n|upkeep\n|\n|t:|1772482141\n|switch|p1b: Calyrex|Calyrex-Ice, L50, tera:Fairy|27/100\n|switch|p2b: Calyrex|Calyrex-Shadow, L50|100/100\n|-ability|p2b: Calyrex|As One\n|-ability|p2b: Calyrex|Unnerve\n|-ability|p1b: Calyrex|As One\n|-ability|p1b: Calyrex|Unnerve\n|turn|6\n|\n|t:|1772482152\n|move|p1b: Calyrex|Protect|p1b: Calyrex\n|-singleturn|p1b: Calyrex|Protect\n|move|p2b: Calyrex|Astral Barrage|p1b: Calyrex|[spread] p1a\n|-activate|p1b: Calyrex|move: Protect\n|-resisted|p1a: Incineroar\n|-damage|p1a: Incineroar|12/100\n|move|p2a: Chien-Pao|Ice Spinner|p1a: Incineroar\n|-resisted|p1a: Incineroar\n|-damage|p1a: Incineroar|0 fnt\n|faint|p1a: Incineroar\n|\n|-heal|p1b: Calyrex|32/100|[from] item: Leftovers\n|upkeep\n|turn|7\n|\n|t:|1772482167\n|move|p2b: Calyrex|Astral Barrage|p1b: Calyrex\n|-damage|p1b: Calyrex|0 fnt\n|faint|p1b: Calyrex\n|\n|win|LechonkBro\n|raw|TViewierVGC's rating: 1447 &rarr; <strong>1435</strong><br />(-12 for losing)\n|raw|LechonkBro's rating: 1600 &rarr; <strong>1612</strong><br />(+12 for winning)\n|l|\u2606TViewierVGC\n|player|p1|\n|l|\u2606LechonkBro\n|player|p2|\n","uploadtime":1772482394,"views":13,"formatid":"gen9vgc2026regi","rating":1435,"private":0,"password":null}