{"id":"gen9vgc2026regi-2563868632","format":"[Gen 9] VGC 2026 Reg I","players":["13579HXM","terafireflareblitz"],"log":"|j|\u260613579HXM\n|j|\u2606terafireflareblitz\n|t:|1774074578\n|gametype|doubles\n|player|p1|13579HXM|dawn|1432\n|player|p2|terafireflareblitz|sycamore|1376\n|gen|9\n|tier|[Gen 9] VGC 2026 Reg I\n|rated|\n|rule|Species Clause: Limit one of each Pok\u00e9mon\n|rule|Item Clause: Limit 1 of each item\n|clearpoke\n|poke|p1|Calyrex-Shadow, L50|\n|poke|p1|Incineroar, L50, F|\n|poke|p1|Koraidon, L50|\n|poke|p1|Rillaboom, L50, F|\n|poke|p1|Flutter Mane, L50|\n|poke|p1|Amoonguss, L50, F|\n|poke|p2|Koraidon, L50|\n|poke|p2|Lunala, L50|\n|poke|p2|Indeedee-F, L50, F|\n|poke|p2|Flutter Mane, L50|\n|poke|p2|Volcarona, L50, F|\n|poke|p2|Ursaluna, L50, M|\n|teampreview|4\n|inactive|Battle timer is ON: inactive players will automatically lose when time's up. (requested by terafireflareblitz)\n|\n|t:|1774074597\n|teamsize|p1|4\n|teamsize|p2|4\n|start\n|switch|p1a: Koraidon|Koraidon, L50|100/100\n|switch|p1b: Flutter Mane|Flutter Mane, L50|100/100\n|switch|p2a: Lunala|Lunala, L50, shiny|100/100\n|switch|p2b: Indeedee|Indeedee-F, L50, F|100/100\n|-weather|SunnyDay|[from] ability: Orichalcum Pulse|[of] p1a: Koraidon\n|-activate|p1b: Flutter Mane|ability: Protosynthesis\n|-start|p1b: Flutter Mane|protosynthesisspe\n|-activate|p1a: Koraidon|Orichalcum Pulse|[source]\n|-fieldstart|move: Psychic Terrain|[from] ability: Psychic Surge|[of] p2b: Indeedee\n|turn|1\n|inactive|13579HXM has 30 seconds left.\n|inactive|13579HXM has 20 seconds left.\n|inactive|13579HXM has 15 seconds left.\n|\n|t:|1774074637\n|switch|p1a: Rillaboom|Rillaboom, L50, F|100/100\n|-fieldstart|move: Grassy Terrain|[from] ability: Grassy Surge|[of] p1a: Rillaboom\n|-terastallize|p2a: Lunala|Water\n|move|p1b: Flutter Mane|Taunt|p2b: Indeedee\n|-start|p2b: Indeedee|move: Taunt\n|move|p2a: Lunala|Expanding Force|p1b: Flutter Mane\n|-damage|p1b: Flutter Mane|50/100\n|cant|p2b: Indeedee|move: Taunt|Trick Room\n|\n|-weather|SunnyDay|[upkeep]\n|-heal|p1b: Flutter Mane|56/100|[from] Grassy Terrain\n|upkeep\n|turn|2\n|\n|t:|1774074660\n|switch|p2b: Koraidon|Koraidon, L50, shiny|100/100\n|-activate|p2b: Koraidon|ability: Orichalcum Pulse\n|move|p1b: Flutter Mane|Moonblast|p2a: Lunala\n|-damage|p2a: Lunala|81/100\n|move|p2a: Lunala|Moongeist Beam|p1b: Flutter Mane\n|-supereffective|p1b: Flutter Mane\n|-damage|p1b: Flutter Mane|0 fnt\n|faint|p1b: Flutter Mane\n|-end|p1b: Flutter Mane|Protosynthesis|[silent]\n|move|p1a: Rillaboom|Wood Hammer|p2a: Lunala\n|-supereffective|p2a: Lunala\n|-damage|p2a: Lunala|0 fnt\n|faint|p2a: Lunala\n|-damage|p1a: Rillaboom|70/100|[from] Recoil\n|\n|-weather|SunnyDay|[upkeep]\n|-heal|p1a: Rillaboom|76/100|[from] Grassy Terrain\n|upkeep\n|\n|t:|1774074682\n|switch|p1b: Koraidon|Koraidon, L50|100/100\n|switch|p2a: Flutter Mane|Flutter Mane, L50|100/100\n|-activate|p1b: Koraidon|ability: Orichalcum Pulse\n|-activate|p2a: Flutter Mane|ability: Protosynthesis\n|-start|p2a: Flutter Mane|protosynthesisspe\n|turn|3\n|\n|t:|1774074701\n|-terastallize|p1a: Rillaboom|Fire\n|move|p1b: Koraidon|Protect|p1b: Koraidon\n|-singleturn|p1b: Koraidon|Protect\n|move|p2a: Flutter Mane|Moonblast|p1a: Rillaboom\n|-resisted|p1a: Rillaboom\n|-damage|p1a: Rillaboom|58/100\n|move|p2b: Koraidon|Breaking Swipe|p1b: Koraidon|[spread] p1a\n|-activate|p1b: Koraidon|move: Protect\n|-damage|p1a: Rillaboom|21/100\n|-unboost|p1a: Rillaboom|atk|1\n|-damage|p2b: Koraidon|91/100|[from] item: Life Orb\n|move|p1a: Rillaboom|Wood Hammer|p2a: Flutter Mane\n|-enditem|p2a: Flutter Mane|Focus Sash\n|-damage|p2a: Flutter Mane|1/100\n|-damage|p1a: Rillaboom|0 fnt|[from] Recoil\n|faint|p1a: Rillaboom\n|\n|-weather|SunnyDay|[upkeep]\n|-heal|p2a: Flutter Mane|7/100|[from] Grassy Terrain\n|-heal|p2b: Koraidon|96/100|[from] Grassy Terrain\n|upkeep\n|\n|t:|1774074725\n|switch|p1a: Amoonguss|Amoonguss, L50, F|100/100\n|turn|4\n|\n|t:|1774074733\n|move|p1a: Amoonguss|Rage Powder|p1a: Amoonguss\n|-singleturn|p1a: Amoonguss|move: Rage Powder\n|move|p2a: Flutter Mane|Icy Wind|p1a: Amoonguss|[spread] p1a,p1b\n|-supereffective|p1a: Amoonguss\n|-supereffective|p1b: Koraidon\n|-damage|p1a: Amoonguss|76/100\n|-damage|p1b: Koraidon|68/100\n|-unboost|p1a: Amoonguss|spe|1\n|-unboost|p1b: Koraidon|spe|1\n|move|p2b: Koraidon|Flare Blitz|p1a: Amoonguss\n|-supereffective|p1a: Amoonguss\n|-damage|p1a: Amoonguss|0 fnt\n|-damage|p2b: Koraidon|80/100|[from] item: Rocky Helmet|[of] p1a: Amoonguss\n|faint|p1a: Amoonguss\n|-damage|p2b: Koraidon|48/100|[from] Recoil\n|-damage|p2b: Koraidon|39/100|[from] item: Life Orb\n|move|p1b: Koraidon|Flame Charge|p2a: Flutter Mane\n|-damage|p2a: Flutter Mane|0 fnt\n|-boost|p1b: Koraidon|spe|1\n|faint|p2a: Flutter Mane\n|-end|p2a: Flutter Mane|Protosynthesis|[silent]\n|-damage|p1b: Koraidon|59/100|[from] item: Life Orb\n|\n|-weather|SunnyDay|[upkeep]\n|-heal|p1b: Koraidon|64/100|[from] Grassy Terrain\n|-heal|p2b: Koraidon|44/100|[from] Grassy Terrain\n|upkeep\n|\n|t:|1774074741\n|switch|p2a: Indeedee|Indeedee-F, L50, F|100/100\n|-fieldstart|move: Psychic Terrain|[from] ability: Psychic Surge|[of] p2a: Indeedee\n|turn|5\n|inactive|13579HXM has 30 seconds left.\n|\n|t:|1774074769\n|move|p2a: Indeedee|Follow Me|p2a: Indeedee\n|-singleturn|p2a: Indeedee|move: Follow Me\n|move|p1b: Koraidon|Close Combat|p2a: Indeedee\n|-damage|p2a: Indeedee|0 fnt\n|-unboost|p1b: Koraidon|def|1\n|-unboost|p1b: Koraidon|spd|1\n|faint|p2a: Indeedee\n|-damage|p1b: Koraidon|55/100|[from] item: Life Orb\n|move|p2b: Koraidon|Breaking Swipe|p1b: Koraidon\n|-supereffective|p1b: Koraidon\n|-damage|p1b: Koraidon|0 fnt\n|faint|p1b: Koraidon\n|-damage|p2b: Koraidon|35/100|[from] item: Life Orb\n|\n|win|terafireflareblitz\n|raw|13579HXM's rating: 1432 &rarr; <strong>1409</strong><br />(-23 for losing)\n|raw|terafireflareblitz's rating: 1376 &rarr; <strong>1399</strong><br />(+23 for winning)\n","uploadtime":1774074769,"views":11,"formatid":"gen9vgc2026regi","rating":1399,"private":0,"password":null}