{"id":"gen9vgc2026regi-2522415223","format":"[Gen 9] VGC 2026 Reg I","players":["xiaoliyunVGC","Kellen1999"],"log":"|j|\u2606xiaoliyunVGC\n|j|\u2606Kellen1999\n|t:|1768904053\n|gametype|doubles\n|player|p1|xiaoliyunVGC|liko|1220\n|player|p2|Kellen1999|1|1329\n|gen|9\n|tier|[Gen 9] VGC 2026 Reg I\n|rated|\n|rule|Species Clause: Limit one of each Pok\u00e9mon\n|rule|Item Clause: Limit 1 of each item\n|clearpoke\n|poke|p1|Zamazenta-*, L50|\n|poke|p1|Kyogre, L50|\n|poke|p1|Raichu, L50, M|\n|poke|p1|Flutter Mane, L50|\n|poke|p1|Tornadus, L50, M|\n|poke|p1|Kingambit, L50, F|\n|poke|p2|Calyrex-Ice, L50|\n|poke|p2|Miraidon, L50|\n|poke|p2|Grimmsnarl, L50, M|\n|poke|p2|Urshifu-*, L50, F|\n|poke|p2|Incineroar, L50, F|\n|poke|p2|Landorus, L50, M|\n|teampreview|4\n|inactive|Battle timer is ON: inactive players will automatically lose when time's up. (requested by Kellen1999)\n|inactive|xiaoliyunVGC also wants the timer to be on.\n|\n|t:|1768904071\n|teamsize|p1|4\n|teamsize|p2|4\n|start\n|switch|p1a: Kyogre|Kyogre, L50|100/100\n|switch|p1b: Kingambit|Kingambit, L50, F|100/100\n|switch|p2a: Urshifu|Urshifu-Rapid-Strike, L50, F|100/100\n|switch|p2b: Grimmsnarl|Grimmsnarl, L50, M, shiny|100/100\n|-weather|RainDance|[from] ability: Drizzle|[of] p1a: Kyogre\n|turn|1\n|\n|t:|1768904090\n|switch|p1b: Zamazenta|Zamazenta-Crowned, L50, shiny|100/100\n|-ability|p1b: Zamazenta|Dauntless Shield|boost\n|-boost|p1b: Zamazenta|def|1\n|move|p2b: Grimmsnarl|Scary Face|p1a: Kyogre\n|-unboost|p1a: Kyogre|spe|2\n|move|p2a: Urshifu|Close Combat|p1a: Kyogre\n|-damage|p1a: Kyogre|0 fnt\n|-unboost|p2a: Urshifu|def|1\n|-unboost|p2a: Urshifu|spd|1\n|faint|p1a: Kyogre\n|\n|-weather|RainDance|[upkeep]\n|upkeep\n|\n|t:|1768904103\n|switch|p1a: Raichu|Raichu, L50, M|100/100\n|turn|2\n|\n|t:|1768904114\n|switch|p2a: Landorus|Landorus, L50, M|100/100\n|move|p1a: Raichu|Fake Out|p2b: Grimmsnarl\n|-damage|p2b: Grimmsnarl|93/100\n|cant|p2b: Grimmsnarl|flinch\n|move|p1b: Zamazenta|Body Press|p2a: Landorus\n|-resisted|p2a: Landorus\n|-damage|p2a: Landorus|66/100\n|\n|-weather|RainDance|[upkeep]\n|upkeep\n|turn|3\n|\n|t:|1768904131\n|-terastallize|p1b: Zamazenta|Fighting\n|move|p1a: Raichu|Feint|p2a: Landorus\n|-damage|p2a: Landorus|60/100\n|move|p2b: Grimmsnarl|Reflect|p2b: Grimmsnarl\n|-sidestart|p2: Kellen1999|Reflect\n|move|p1b: Zamazenta|Behemoth Bash|p2a: Landorus\n|-damage|p2a: Landorus|31/100\n|move|p2a: Landorus|Earth Power|p1b: Zamazenta\n|-damage|p1b: Zamazenta|54/100\n|\n|-weather|RainDance|[upkeep]\n|upkeep\n|turn|4\n|\n|t:|1768904144\n|move|p1a: Raichu|Feint|p2a: Landorus\n|-damage|p2a: Landorus|26/100\n|move|p2b: Grimmsnarl|Scary Face|p1b: Zamazenta\n|-unboost|p1b: Zamazenta|spe|2\n|move|p2a: Landorus|Earth Power|p1a: Raichu\n|-supereffective|p1a: Raichu\n|-enditem|p1a: Raichu|Focus Sash\n|-damage|p1a: Raichu|1/100\n|move|p1b: Zamazenta|Behemoth Bash|p2a: Landorus\n|-damage|p2a: Landorus|0 fnt\n|faint|p2a: Landorus\n|\n|-weather|RainDance|[upkeep]\n|upkeep\n|\n|t:|1768904154\n|switch|p2a: Urshifu|Urshifu-Rapid-Strike, L50, F|100/100\n|turn|5\n|inactive|Kellen1999 has 30 seconds left.\n|inactive|Kellen1999 has 20 seconds left.\n|\n|t:|1768904191\n|switch|p1b: Kingambit|Kingambit, L50, F|100/100\n|move|p2b: Grimmsnarl|Scary Face|p1a: Raichu\n|-unboost|p1a: Raichu|spe|2\n|move|p2a: Urshifu|U-turn|p1a: Raichu\n|-crit|p1a: Raichu\n|-damage|p1a: Raichu|0 fnt\n|faint|p1a: Raichu\n|\n|t:|1768904201\n|switch|p2a: Miraidon|Miraidon, L50, shiny|100/100|[from] U-turn\n|-fieldstart|move: Electric Terrain|[from] ability: Hadron Engine|[of] p2a: Miraidon\n|\n|-weather|none\n|upkeep\n|\n|t:|1768904205\n|switch|p1a: Zamazenta|Zamazenta-Crowned, L50, shiny, tera:Fighting|54/100\n|turn|6\n|\n|t:|1768904217\n|move|p2a: Miraidon|Electro Drift|p1a: Zamazenta\n|-damage|p1a: Zamazenta|0 fnt\n|faint|p1a: Zamazenta\n|move|p2b: Grimmsnarl|Foul Play|p1b: Kingambit\n|-resisted|p1b: Kingambit\n|-damage|p1b: Kingambit|82/100\n|move|p1b: Kingambit|Kowtow Cleave|p2a: Miraidon\n|-damage|p2a: Miraidon|62/100\n|\n|upkeep\n|turn|7\n|-message|xiaoliyunVGC forfeited.\n|\n|win|Kellen1999\n|raw|xiaoliyunVGC's rating: 1220 &rarr; <strong>1203</strong><br />(-17 for losing)\n|raw|Kellen1999's rating: 1329 &rarr; <strong>1343</strong><br />(+14 for winning)\n|l|\u2606xiaoliyunVGC\n|player|p1|\n|l|\u2606Kellen1999\n|player|p2|\n","uploadtime":1768904408,"views":13,"formatid":"gen9vgc2026regi","rating":1203,"private":0,"password":null}