{"id":"gen9vgc2026regi-2563953042","format":"[Gen 9] VGC 2026 Reg I","players":["huanyu0.0","don juan dozo"],"log":"|j|\u2606huanyu0.0\n|j|\u2606don juan dozo\n|t:|1774090898\n|gametype|doubles\n|player|p1|huanyu0.0|265|1498\n|player|p2|don juan dozo|101|1430\n|gen|9\n|tier|[Gen 9] VGC 2026 Reg I\n|rated|\n|rule|Species Clause: Limit one of each Pok\u00e9mon\n|rule|Item Clause: Limit 1 of each item\n|clearpoke\n|poke|p1|Kyogre, L50|\n|poke|p1|Calyrex-Ice, L50|\n|poke|p1|Smeargle, L50, M|\n|poke|p1|Urshifu-*, L50, F|\n|poke|p1|Iron Jugulis, L50|\n|poke|p1|Rillaboom, L50, F|\n|poke|p2|Calyrex-Shadow, L50|\n|poke|p2|Zamazenta-*, L50|\n|poke|p2|Ting-Lu, L50|\n|poke|p2|Dondozo, L50, M|\n|poke|p2|Chien-Pao, L50|\n|poke|p2|Ogerpon-Hearthflame, L50, F|\n|teampreview|4\n|inactive|Battle timer is ON: inactive players will automatically lose when time's up. (requested by huanyu0.0)\n|inactive|huanyu0.0 has 60 seconds left.\n|j| Cheerful Peper\n|inactive|huanyu0.0 has 30 seconds left.\n|inactive|huanyu0.0 has 20 seconds left.\n|inactive|huanyu0.0 has 15 seconds left.\n|inactive|huanyu0.0 has 10 seconds left.\n|inactive|huanyu0.0 has 5 seconds left.\n|\n|t:|1774090989\n|teamsize|p1|4\n|teamsize|p2|4\n|start\n|switch|p1a: Calyrex|Calyrex-Ice, L50|100/100\n|switch|p1b: Smeargle|Smeargle, L50, M|100/100\n|switch|p2a: 221 speed|Calyrex-Shadow, L50|100/100\n|switch|p2b: Chromakopia|Ogerpon-Hearthflame, L50, F|100/100\n|-ability|p2a: 221 speed|As One\n|-ability|p2a: 221 speed|Unnerve\n|-ability|p1a: Calyrex|As One\n|-ability|p1a: Calyrex|Unnerve\n|-ability|p2b: Chromakopia|Mold Breaker\n|turn|1\n|inactive|huanyu0.0 has 30 seconds left.\n|inactive|don juan dozo has 30 seconds left.\n|\n|t:|1774091019\n|switch|p1b: Kyogre|Kyogre, L50|100/100\n|-weather|RainDance|[from] ability: Drizzle|[of] p1b: Kyogre\n|-terastallize|p1a: Calyrex|Grass\n|move|p2a: 221 speed|Psychic|p1b: Kyogre\n|-damage|p1b: Kyogre|67/100\n|move|p2b: Chromakopia|Ivy Cudgel|p1b: Kyogre|[anim] Ivy Cudgel Fire\n|-resisted|p1b: Kyogre\n|-damage|p1b: Kyogre|53/100\n|move|p1a: Calyrex|Trick Room|p1a: Calyrex\n|-fieldstart|move: Trick Room|[of] p1a: Calyrex\n|\n|-weather|RainDance|[upkeep]\n|upkeep\n|turn|2\n|\n|t:|1774091040\n|move|p2a: 221 speed|Protect|p2a: 221 speed\n|-singleturn|p2a: 221 speed|Protect\n|move|p1a: Calyrex|Glacial Lance|p2b: Chromakopia|[spread] p2b\n|-activate|p2a: 221 speed|move: Protect\n|-damage|p2b: Chromakopia|25/100\n|move|p1b: Kyogre|Water Spout|p2a: 221 speed|[spread] p2b\n|-activate|p2a: 221 speed|move: Protect\n|-damage|p2b: Chromakopia|0 fnt\n|faint|p2b: Chromakopia\n|\n|-weather|RainDance|[upkeep]\n|upkeep\n|\n|t:|1774091050\n|switch|p2b: Magnus Carlsen|Zamazenta-Crowned, L50|100/100\n|-ability|p2b: Magnus Carlsen|Dauntless Shield|boost\n|-boost|p2b: Magnus Carlsen|def|1\n|turn|3\n|\n|t:|1774091061\n|move|p2b: Magnus Carlsen|Wide Guard|p2b: Magnus Carlsen\n|-singleturn|p2b: Magnus Carlsen|Wide Guard\n|move|p1a: Calyrex|Leech Seed|p2b: Magnus Carlsen\n|-start|p2b: Magnus Carlsen|move: Leech Seed\n|move|p1b: Kyogre|Thunder|p2a: 221 speed\n|-damage|p2a: 221 speed|59/100\n|move|p2a: 221 speed|Astral Barrage|p1b: Kyogre|[spread] p1a,p1b\n|-damage|p1a: Calyrex|69/100\n|-damage|p1b: Kyogre|20/100\n|\n|-weather|RainDance|[upkeep]\n|-heal|p1a: Calyrex|74/100|[from] item: Leftovers\n|-damage|p2b: Magnus Carlsen|88/100|[from] Leech Seed|[of] p1a: Calyrex\n|-heal|p1a: Calyrex|85/100|[silent]\n|upkeep\n|turn|4\n|l| Cheerful Peper\n|inactive|huanyu0.0 has 30 seconds left.\n|\n|t:|1774091091\n|move|p1a: Calyrex|Protect|p1a: Calyrex\n|-singleturn|p1a: Calyrex|Protect\n|move|p2b: Magnus Carlsen|Wide Guard|p2b: Magnus Carlsen\n|-singleturn|p2b: Magnus Carlsen|Wide Guard\n|move|p1b: Kyogre|Thunder|p2a: 221 speed\n|-damage|p2a: 221 speed|15/100\n|-status|p2a: 221 speed|par\n|move|p2a: 221 speed|Astral Barrage|p1b: Kyogre|[spread] p1b\n|-activate|p1a: Calyrex|move: Protect\n|-damage|p1b: Kyogre|0 fnt\n|faint|p1b: Kyogre\n|-ability|p2a: 221 speed|Grim Neigh|boost\n|-boost|p2a: 221 speed|spa|1\n|\n|-weather|RainDance|[upkeep]\n|-heal|p1a: Calyrex|91/100|[from] item: Leftovers\n|-damage|p2b: Magnus Carlsen|76/100|[from] Leech Seed|[of] p1a: Calyrex\n|-heal|p1a: Calyrex|100/100|[silent]\n|upkeep\n|\n|t:|1774091112\n|switch|p1b: Smeargle|Smeargle, L50, M|100/100\n|turn|5\n|\n|t:|1774091127\n|move|p2a: 221 speed|Protect|p2a: 221 speed\n|-singleturn|p2a: 221 speed|Protect\n|move|p1b: Smeargle|Fake Out|p2b: Magnus Carlsen\n|-resisted|p2b: Magnus Carlsen\n|-damage|p2b: Magnus Carlsen|75/100\n|move|p1a: Calyrex|Glacial Lance|p2a: 221 speed|[spread] p2b\n|-activate|p2a: 221 speed|move: Protect\n|-resisted|p2b: Magnus Carlsen\n|-damage|p2b: Magnus Carlsen|64/100\n|cant|p2b: Magnus Carlsen|flinch\n|\n|-weather|none\n|-damage|p2b: Magnus Carlsen|52/100|[from] Leech Seed|[of] p1a: Calyrex\n|-fieldend|move: Trick Room\n|-ability|p1b: Smeargle|Moody|boost\n|-boost|p1b: Smeargle|spd|2\n|-unboost|p1b: Smeargle|spe|1\n|upkeep\n|turn|6\n|inactive|huanyu0.0 has 30 seconds left.\n|-message|don juan dozo forfeited.\n|\n|win|huanyu0.0\n|raw|huanyu0.0's rating: 1498 &rarr; <strong>1512</strong><br />(+14 for winning)\n|raw|don juan dozo's rating: 1387 &rarr; <strong>1373</strong><br />(-14 for losing)\n|l|\u2606don juan dozo\n|player|p2|\n|l|\u2606huanyu0.0\n|player|p1|\n","uploadtime":1774091378,"views":14,"formatid":"gen9vgc2026regi","rating":1373,"private":0,"password":null}