{"id":"gen9vgc2026regi-2573820144","format":"[Gen 9] VGC 2026 Reg I","players":["mlbd1","1VLTSQ Joker"],"log":"|raw|<div class=\"broadcast-blue\"><strong>This battle is required to be public due to a player having a name starting with '1vltsq'.</div>\n|j|\u2606mlbd1\n|j|\u26061VLTSQ Joker\n|t:|1775168018\n|gametype|doubles\n|player|p1|mlbd1|265|1571\n|player|p2|1VLTSQ Joker|blue|1616\n|gen|9\n|tier|[Gen 9] VGC 2026 Reg I\n|rated|\n|rule|Species Clause: Limit one of each Pok\u00e9mon\n|rule|Item Clause: Limit 1 of each item\n|clearpoke\n|poke|p1|Miraidon, L50|\n|poke|p1|Farigiraf, L50, F|\n|poke|p1|Calyrex-Ice, L50|\n|poke|p1|Urshifu-*, L50, F|\n|poke|p1|Ogerpon-Cornerstone, L50, F|\n|poke|p1|Volcarona, L50, M|\n|poke|p2|Calyrex-Ice, L50|\n|poke|p2|Smeargle, L50, F|\n|poke|p2|Kyogre, L50|\n|poke|p2|Maushold, L50|\n|poke|p2|Volcarona, L50, M|\n|poke|p2|Pawmot, L50, F|\n|teampreview|4\n|inactive|Battle timer is ON: inactive players will automatically lose when time's up. (requested by mlbd1)\n|j| pangolier\n|inactive|mlbd1 has 60 seconds left.\n|inactive|1VLTSQ Joker has 60 seconds left.\n|n|+pangolier|pangolier\n|n|+pangolier|pangolier\n|c|\u26061VLTSQ Joker|/log pangolier was promoted to Room Voice by 1VLTSQ Joker.\n|n|+pangolier|pangolier\n|c|\u26061VLTSQ Joker|about time\n|c|\u26061VLTSQ Joker|gratz\n|\n|t:|1775168072\n|teamsize|p1|4\n|teamsize|p2|4\n|start\n|switch|p1a: Miraidon|Miraidon, L50|100/100\n|switch|p1b: Farigiraf|Farigiraf, L50, F|100/100\n|switch|p2a: Calyrex|Calyrex-Ice, L50|100/100\n|switch|p2b: Smeargle|Smeargle, L50, F|100/100\n|-ability|p2a: Calyrex|As One\n|-ability|p2a: Calyrex|Unnerve\n|-fieldstart|move: Electric Terrain|[from] ability: Hadron Engine|[of] p1a: Miraidon\n|-enditem|p1b: Farigiraf|Electric Seed\n|-boost|p1b: Farigiraf|def|1|[from] item: Electric Seed\n|turn|1\n|\n|t:|1775168092\n|-terastallize|p2a: Calyrex|Grass\n|move|p1a: Miraidon|Volt Switch|p2a: Calyrex\n|-resisted|p2a: Calyrex\n|-damage|p2a: Calyrex|84/100\n|\n|t:|1775168095\n|switch|p1a: Urshifu|Urshifu-Rapid-Strike, L50, F|100/100|[from] Volt Switch\n|move|p2b: Smeargle|Decorate|p2a: Calyrex\n|-boost|p2a: Calyrex|atk|2\n|-boost|p2a: Calyrex|spa|2\n|move|p2a: Calyrex|Glacial Lance|p1b: Farigiraf|[spread] p1a,p1b\n|-resisted|p1a: Urshifu\n|-damage|p1a: Urshifu|46/100\n|-damage|p1b: Farigiraf|43/100\n|move|p1b: Farigiraf|Foul Play|p2a: Calyrex\n|-damage|p2a: Calyrex|30/100\n|\n|-ability|p2b: Smeargle|Moody|boost\n|-boost|p2b: Smeargle|spa|2\n|-unboost|p2b: Smeargle|spd|1\n|upkeep\n|turn|2\n|\n|t:|1775168111\n|-terastallize|p1b: Farigiraf|Water\n|move|p2b: Smeargle|Follow Me|p2b: Smeargle\n|-singleturn|p2b: Smeargle|move: Follow Me\n|move|p1a: Urshifu|Surging Strikes|p2b: Smeargle\n|-crit|p2b: Smeargle\n|-damage|p2b: Smeargle|46/100\n|-crit|p2b: Smeargle\n|-damage|p2b: Smeargle|0 fnt\n|faint|p2b: Smeargle\n|-hitcount|p2: Smeargle|2\n|move|p2a: Calyrex|Glacial Lance|p1a: Urshifu|[spread] p1a,p1b\n|-resisted|p1a: Urshifu\n|-resisted|p1b: Farigiraf\n|-damage|p1a: Urshifu|0 fnt\n|-damage|p1b: Farigiraf|16/100\n|faint|p1a: Urshifu\n|-ability|p2a: Calyrex|Chilling Neigh|boost\n|-boost|p2a: Calyrex|atk|1\n|move|p1b: Farigiraf|Foul Play|p2a: Calyrex\n|-damage|p2a: Calyrex|0 fnt\n|faint|p2a: Calyrex\n|\n|upkeep\n|\n|t:|1775168119\n|switch|p1a: Miraidon|Miraidon, L50|100/100\n|switch|p2b: Kyogre|Kyogre, L50|100/100\n|switch|p2a: Pawmot|Pawmot, L50, F|100/100\n|-activate|p1a: Miraidon|ability: Hadron Engine\n|-weather|RainDance|[from] ability: Drizzle|[of] p2b: Kyogre\n|turn|3\n|\n|t:|1775168130\n|move|p1a: Miraidon|Snarl|p2b: Kyogre|[spread] p2a,p2b\n|-resisted|p2a: Pawmot\n|-damage|p2a: Pawmot|86/100\n|-damage|p2b: Kyogre|85/100\n|-unboost|p2a: Pawmot|spa|1\n|-unboost|p2b: Kyogre|spa|1\n|move|p2b: Kyogre|Water Spout|p1a: Miraidon|[spread] p1a,p1b\n|-resisted|p1a: Miraidon\n|-crit|p1a: Miraidon\n|-resisted|p1b: Farigiraf\n|-damage|p1a: Miraidon|48/100\n|-damage|p1b: Farigiraf|0 fnt\n|faint|p1b: Farigiraf\n|move|p2a: Pawmot|Revival Blessing|p2a: Pawmot\n|\n|t:|1775168141\n|-heal|p2: Calyrex|50/100|[from] move: Revival Blessing\n|\n|-weather|RainDance|[upkeep]\n|upkeep\n|\n|t:|1775168143\n|switch|p1b: Ogerpon|Ogerpon-Cornerstone, L50, F|100/100\n|turn|4\n|\n|t:|1775168150\n|move|p1b: Ogerpon|Spiky Shield|p1b: Ogerpon\n|-singleturn|p1b: Ogerpon|move: Protect\n|move|p1a: Miraidon|Snarl|p2a: Pawmot|[spread] p2a,p2b\n|-resisted|p2a: Pawmot\n|-damage|p2a: Pawmot|68/100\n|-damage|p2b: Kyogre|67/100\n|-unboost|p2a: Pawmot|spa|1\n|-unboost|p2b: Kyogre|spa|1\n|move|p2b: Kyogre|Water Spout|p1b: Ogerpon|[spread] p1a\n|-activate|p1b: Ogerpon|move: Protect\n|-resisted|p1a: Miraidon\n|-damage|p1a: Miraidon|36/100\n|move|p2a: Pawmot|Nuzzle|p1b: Ogerpon\n|-activate|p1b: Ogerpon|move: Protect\n|-damage|p2a: Pawmot|56/100|[from] Spiky Shield|[of] p1b: Ogerpon\n|\n|-weather|RainDance|[upkeep]\n|upkeep\n|turn|5\n|\n|t:|1775168156\n|move|p1a: Miraidon|Snarl|p2a: Pawmot|[spread] p2a,p2b\n|-resisted|p2a: Pawmot\n|-damage|p2a: Pawmot|38/100\n|-damage|p2b: Kyogre|50/100\n|-unboost|p2a: Pawmot|spa|1\n|-unboost|p2b: Kyogre|spa|1\n|move|p2b: Kyogre|Water Spout|p1a: Miraidon|[spread] p1a,p1b\n|-resisted|p1a: Miraidon\n|-damage|p1a: Miraidon|29/100\n|-damage|p1b: Ogerpon|75/100\n|move|p1b: Ogerpon|Power Whip|p2a: Pawmot\n|-damage|p2a: Pawmot|0 fnt\n|faint|p2a: Pawmot\n|\n|-weather|RainDance|[upkeep]\n|-fieldend|move: Electric Terrain\n|upkeep\n|\n|t:|1775168169\n|switch|p2a: Calyrex|Calyrex-Ice, L50|50/100\n|-ability|p2a: Calyrex|As One\n|-ability|p2a: Calyrex|Unnerve\n|turn|6\n|\n|t:|1775168177\n|move|p1a: Miraidon|Snarl|p2b: Kyogre|[spread] p2a,p2b\n|-supereffective|p2a: Calyrex\n|-damage|p2a: Calyrex|35/100\n|-damage|p2b: Kyogre|36/100\n|-unboost|p2a: Calyrex|spa|1\n|-unboost|p2b: Kyogre|spa|1\n|move|p2b: Kyogre|Water Spout|p1a: Miraidon|[spread] p1a,p1b\n|-resisted|p1a: Miraidon\n|-damage|p1a: Miraidon|24/100\n|-damage|p1b: Ogerpon|62/100\n|move|p1b: Ogerpon|Ivy Cudgel|p2a: Calyrex|[anim] Ivy Cudgel Rock\n|-supereffective|p2a: Calyrex\n|-damage|p2a: Calyrex|0 fnt\n|faint|p2a: Calyrex\n|\n|-weather|RainDance|[upkeep]\n|upkeep\n|turn|7\n|c|\u2606mlbd1|gg\n|c|\u26061VLTSQ Joker|ggs\n|c|\u26061VLTSQ Joker|scarf gonna do it\n|c|\u26061VLTSQ Joker|:)\n|l|+pangolier\n|\n|t:|1775168198\n|move|p1a: Miraidon|Snarl|p2b: Kyogre\n|-damage|p2b: Kyogre|19/100\n|-unboost|p2b: Kyogre|spa|1\n|move|p2b: Kyogre|Water Spout|p1a: Miraidon|[spread] p1a,p1b\n|-resisted|p1a: Miraidon\n|-damage|p1a: Miraidon|22/100\n|-damage|p1b: Ogerpon|56/100\n|move|p1b: Ogerpon|Ivy Cudgel|p2b: Kyogre|[anim] Ivy Cudgel Rock\n|-damage|p2b: Kyogre|0 fnt\n|faint|p2b: Kyogre\n|\n|win|mlbd1\n|raw|mlbd1's rating: 1571 &rarr; <strong>1594</strong><br />(+23 for winning)\n|raw|1VLTSQ Joker's rating: 1616 &rarr; <strong>1593</strong><br />(-23 for losing)\n|l|\u2606mlbd1\n|player|p1|\n|l|\u26061VLTSQ Joker\n|player|p2|\n","uploadtime":1775168359,"views":17,"formatid":"gen9vgc2026regi","rating":1593,"private":0,"password":null}