{"id":"gen9vgc2026regi-2513775029","format":"[Gen 9] VGC 2026 Reg I","players":["shawwing","Schimmli"],"log":"|j|\u2606shawwing\n|j|\u2606Schimmli\n|t:|1767780537\n|gametype|doubles\n|player|p1|shawwing|hilda-wonderlauncher|1140\n|player|p2|Schimmli|265|1239\n|gen|9\n|tier|[Gen 9] VGC 2026 Reg I\n|rated|\n|rule|Species Clause: Limit one of each Pok\u00e9mon\n|rule|Item Clause: Limit 1 of each item\n|clearpoke\n|poke|p1|Urshifu-*, L50, M|\n|poke|p1|Incineroar, L50, M|\n|poke|p1|Volcarona, L50, F|\n|poke|p1|Whimsicott, L50, M|\n|poke|p1|Calyrex-Ice, L50|\n|poke|p1|Miraidon, L50|\n|poke|p2|Terapagos, L50, M|\n|poke|p2|Calyrex-Shadow, L50|\n|poke|p2|Flutter Mane, L50|\n|poke|p2|Ogerpon-Cornerstone, L50, F|\n|poke|p2|Incineroar, L50, M|\n|poke|p2|Rillaboom, L50, F|\n|teampreview|4\n|inactive|Battle timer is ON: inactive players will automatically lose when time's up. (requested by shawwing)\n|\n|t:|1767780561\n|teamsize|p1|4\n|teamsize|p2|4\n|start\n|switch|p1a: Whimsicott|Whimsicott, L50, M|100/100\n|switch|p1b: Miraidon|Miraidon, L50, shiny|100/100\n|switch|p2a: Terapagos|Terapagos, L50, M|100/100\n|switch|p2b: Rillaboom|Rillaboom, L50, F|100/100\n|-activate|p2a: Terapagos|ability: Tera Shift\n|detailschange|p2a: Terapagos|Terapagos-Terastal, L50, M\n|-heal|p2a: Terapagos|100/100|[silent]\n|-fieldstart|move: Electric Terrain|[from] ability: Hadron Engine|[of] p1b: Miraidon\n|-fieldstart|move: Grassy Terrain|[from] ability: Grassy Surge|[of] p2b: Rillaboom\n|turn|1\n|\n|t:|1767780570\n|move|p1a: Whimsicott|Tailwind|p1a: Whimsicott\n|-sidestart|p1: shawwing|move: Tailwind\n|move|p1b: Miraidon|Snarl|p2a: Terapagos|[spread] p2a,p2b\n|-activate|p2a: Terapagos|ability: Tera Shell\n|-resisted|p2a: Terapagos\n|-damage|p2a: Terapagos|93/100\n|-damage|p2b: Rillaboom|90/100\n|-unboost|p2a: Terapagos|spa|1\n|-unboost|p2b: Rillaboom|spa|1\n|move|p2a: Terapagos|Tera Starstorm|p1a: Whimsicott\n|-damage|p1a: Whimsicott|64/100\n|move|p2b: Rillaboom|U-turn|p1a: Whimsicott\n|-damage|p1a: Whimsicott|36/100\n|\n|t:|1767780583\n|switch|p2b: Incineroar|Incineroar, L50, M, shiny|100/100|[from] U-turn\n|-ability|p2b: Incineroar|Intimidate|boost\n|-unboost|p1a: Whimsicott|atk|1\n|-unboost|p1b: Miraidon|atk|1\n|\n|-heal|p1a: Whimsicott|42/100|[from] Grassy Terrain\n|-heal|p2a: Terapagos|99/100|[from] Grassy Terrain\n|-heal|p2a: Terapagos|100/100|[from] item: Leftovers\n|upkeep\n|turn|2\n|\n|t:|1767780593\n|move|p1a: Whimsicott|Light Screen|p1a: Whimsicott\n|-sidestart|p1: shawwing|move: Light Screen\n|move|p1b: Miraidon|Snarl|p2a: Terapagos|[spread] p2a,p2b\n|-activate|p2a: Terapagos|ability: Tera Shell\n|-resisted|p2a: Terapagos\n|-resisted|p2b: Incineroar\n|-damage|p2a: Terapagos|93/100\n|-damage|p2b: Incineroar|93/100\n|-unboost|p2a: Terapagos|spa|1\n|-unboost|p2b: Incineroar|spa|1\n|move|p2a: Terapagos|Calm Mind|p2a: Terapagos\n|-boost|p2a: Terapagos|spa|1\n|-boost|p2a: Terapagos|spd|1\n|move|p2b: Incineroar|Knock Off|p1a: Whimsicott\n|-resisted|p1a: Whimsicott\n|-damage|p1a: Whimsicott|18/100\n|-enditem|p1a: Whimsicott|Focus Sash|[from] move: Knock Off|[of] p2b: Incineroar\n|\n|-heal|p1a: Whimsicott|24/100|[from] Grassy Terrain\n|-heal|p2a: Terapagos|99/100|[from] Grassy Terrain\n|-heal|p2a: Terapagos|100/100|[from] item: Leftovers\n|-heal|p2b: Incineroar|99/100|[from] Grassy Terrain\n|upkeep\n|turn|3\n|\n|t:|1767780610\n|move|p2a: Terapagos|Protect|p2a: Terapagos\n|-singleturn|p2a: Terapagos|Protect\n|move|p1a: Whimsicott|Endeavor|p2a: Terapagos\n|-activate|p2a: Terapagos|move: Protect\n|move|p1b: Miraidon|Volt Switch|p2a: Terapagos\n|-activate|p2a: Terapagos|move: Protect\n|move|p2b: Incineroar|Parting Shot|p1b: Miraidon\n|-unboost|p1b: Miraidon|atk|1\n|-unboost|p1b: Miraidon|spa|1\n|\n|t:|1767780620\n|switch|p2b: Rillaboom|Rillaboom, L50, F|90/100|[from] Parting Shot\n|\n|-heal|p1a: Whimsicott|30/100|[from] Grassy Terrain\n|-heal|p2b: Rillaboom|96/100|[from] Grassy Terrain\n|upkeep\n|turn|4\n|\n|t:|1767780627\n|move|p2b: Rillaboom|Fake Out|p1a: Whimsicott\n|-damage|p1a: Whimsicott|13/100\n|cant|p1a: Whimsicott|flinch\n|move|p1b: Miraidon|Volt Switch|p2b: Rillaboom\n|-resisted|p2b: Rillaboom\n|-damage|p2b: Rillaboom|88/100\n|\n|t:|1767780631\n|switch|p1b: Incineroar|Incineroar, L50, M, shiny|100/100|[from] Volt Switch\n|-ability|p1b: Incineroar|Intimidate|boost\n|-unboost|p2a: Terapagos|atk|1\n|-unboost|p2b: Rillaboom|atk|1\n|move|p2a: Terapagos|Calm Mind|p2a: Terapagos\n|-boost|p2a: Terapagos|spa|1\n|-boost|p2a: Terapagos|spd|1\n|\n|-heal|p1a: Whimsicott|19/100|[from] Grassy Terrain\n|-heal|p2b: Rillaboom|94/100|[from] Grassy Terrain\n|-sideend|p1: shawwing|move: Tailwind\n|upkeep\n|turn|5\n|\n|t:|1767780651\n|switch|p2b: Incineroar|Incineroar, L50, M, shiny|99/100\n|-ability|p2b: Incineroar|Intimidate|boost\n|-unboost|p1a: Whimsicott|atk|1\n|-unboost|p1b: Incineroar|atk|1\n|move|p2a: Terapagos|Protect|p2a: Terapagos\n|-singleturn|p2a: Terapagos|Protect\n|move|p1b: Incineroar|Fake Out|p2b: Incineroar\n|-damage|p2b: Incineroar|93/100\n|-damage|p1b: Incineroar|84/100|[from] item: Rocky Helmet|[of] p2b: Incineroar\n|move|p1a: Whimsicott|Endeavor|p2b: Incineroar\n|-damage|p2b: Incineroar|14/100\n|-damage|p1a: Whimsicott|2/100|[from] item: Rocky Helmet|[of] p2b: Incineroar\n|\n|-heal|p1a: Whimsicott|8/100|[from] Grassy Terrain\n|-heal|p1b: Incineroar|90/100|[from] Grassy Terrain\n|-heal|p2b: Incineroar|20/100|[from] Grassy Terrain\n|-fieldend|move: Grassy Terrain\n|upkeep\n|turn|6\n|\n|t:|1767780675\n|move|p2b: Incineroar|Fake Out|p1a: Whimsicott\n|-damage|p1a: Whimsicott|0 fnt\n|faint|p1a: Whimsicott\n|move|p2a: Terapagos|Calm Mind|p2a: Terapagos\n|-boost|p2a: Terapagos|spa|1\n|-boost|p2a: Terapagos|spd|1\n|move|p1b: Incineroar|Knock Off|p2a: Terapagos\n|-activate|p2a: Terapagos|ability: Tera Shell\n|-resisted|p2a: Terapagos\n|-damage|p2a: Terapagos|91/100\n|-enditem|p2a: Terapagos|Leftovers|[from] move: Knock Off|[of] p1b: Incineroar\n|\n|-sideend|p1: shawwing|move: Light Screen\n|upkeep\n|\n|t:|1767780687\n|switch|p1a: Urshifu|Urshifu-Rapid-Strike, L50, M|100/100\n|turn|7\n|\n|t:|1767780709\n|-terastallize|p2a: Terapagos|Stellar\n|detailschange|p2a: Terapagos|Terapagos-Stellar, L50, M, tera:Stellar\n|-heal|p2a: Terapagos|93/100|[silent]\n|move|p1a: Urshifu|Surging Strikes|p2a: Terapagos\n|-crit|p2a: Terapagos\n|-damage|p2a: Terapagos|76/100\n|-crit|p2a: Terapagos\n|-damage|p2a: Terapagos|60/100\n|-crit|p2a: Terapagos\n|-damage|p2a: Terapagos|44/100\n|-hitcount|p2a: Terapagos|3\n|move|p2a: Terapagos|Tera Starstorm|p1a: Urshifu|[spread] p1a,p1b\n|-damage|p1a: Urshifu|38/100\n|-damage|p1b: Incineroar|60/100\n|move|p1b: Incineroar|U-turn|p2b: Incineroar\n|-damage|p2b: Incineroar|10/100\n|-damage|p1b: Incineroar|44/100|[from] item: Rocky Helmet|[of] p2b: Incineroar\n|\n|t:|1767780727\n|switch|p1b: Miraidon|Miraidon, L50, shiny|100/100|[from] U-turn\n|-fieldstart|move: Electric Terrain|[from] ability: Hadron Engine|[of] p1b: Miraidon\n|move|p2b: Incineroar|Will-O-Wisp|p1a: Urshifu\n|-status|p1a: Urshifu|brn\n|\n|-damage|p1a: Urshifu|32/100 brn|[from] brn\n|upkeep\n|turn|8\n|\n|t:|1767780738\n|switch|p2b: Rillaboom|Rillaboom, L50, F|94/100\n|-fieldstart|move: Grassy Terrain|[from] ability: Grassy Surge|[of] p2b: Rillaboom\n|move|p1b: Miraidon|Snarl|p2b: Rillaboom|[spread] p2a,p2b\n|-damage|p2a: Terapagos|39/100\n|-damage|p2b: Rillaboom|84/100\n|-unboost|p2a: Terapagos|spa|1\n|-unboost|p2b: Rillaboom|spa|1\n|move|p1a: Urshifu|Surging Strikes|p2a: Terapagos\n|-crit|p2a: Terapagos\n|-damage|p2a: Terapagos|32/100\n|-crit|p2a: Terapagos\n|-damage|p2a: Terapagos|23/100\n|-crit|p2a: Terapagos\n|-damage|p2a: Terapagos|15/100\n|-hitcount|p2a: Terapagos|3\n|move|p2a: Terapagos|Tera Starstorm|p1b: Miraidon|[spread] p1a,p1b\n|-damage|p1a: Urshifu|0 fnt\n|-damage|p1b: Miraidon|76/100\n|faint|p1a: Urshifu\n|\n|-heal|p1b: Miraidon|82/100|[from] Grassy Terrain\n|-heal|p2a: Terapagos|21/100|[from] Grassy Terrain\n|-heal|p2b: Rillaboom|90/100|[from] Grassy Terrain\n|upkeep\n|\n|t:|1767780757\n|switch|p1a: Incineroar|Incineroar, L50, M, shiny|44/100\n|-ability|p1a: Incineroar|Intimidate|boost\n|-unboost|p2a: Terapagos|atk|1\n|-unboost|p2b: Rillaboom|atk|1\n|turn|9\n|\n|t:|1767780766\n|move|p2b: Rillaboom|Fake Out|p1b: Miraidon\n|-damage|p1b: Miraidon|75/100\n|move|p1a: Incineroar|Fake Out|p2b: Rillaboom\n|-damage|p2b: Rillaboom|79/100\n|move|p1b: Miraidon|Snarl|p2b: Rillaboom|[spread] p2a,p2b\n|-damage|p2a: Terapagos|17/100\n|-damage|p2b: Rillaboom|69/100\n|-unboost|p2a: Terapagos|spa|1\n|-unboost|p2b: Rillaboom|spa|1\n|move|p2a: Terapagos|Earth Power|p1a: Incineroar\n|-supereffective|p1a: Incineroar\n|-damage|p1a: Incineroar|16/100\n|\n|-heal|p1b: Miraidon|80/100|[from] Grassy Terrain\n|-heal|p2a: Terapagos|23/100|[from] Grassy Terrain\n|-heal|p2b: Rillaboom|74/100|[from] Grassy Terrain\n|-heal|p1a: Incineroar|22/100|[from] Grassy Terrain\n|upkeep\n|turn|10\n|\n|t:|1767780782\n|-terastallize|p1b: Miraidon|Electric\n|move|p2a: Terapagos|Protect|p2a: Terapagos\n|-singleturn|p2a: Terapagos|Protect\n|move|p1b: Miraidon|Electro Drift|p2a: Terapagos\n|-activate|p2a: Terapagos|move: Protect\n|move|p2b: Rillaboom|U-turn|p1a: Incineroar\n|-damage|p1a: Incineroar|8/100\n|\n|t:|1767780791\n|switch|p2b: Incineroar|Incineroar, L50, M, shiny|10/100|[from] U-turn\n|-ability|p2b: Incineroar|Intimidate|boost\n|-unboost|p1a: Incineroar|atk|1\n|-unboost|p1b: Miraidon|atk|1\n|move|p1a: Incineroar|Flare Blitz|p2b: Incineroar\n|-resisted|p2b: Incineroar\n|-damage|p2b: Incineroar|0 fnt\n|-damage|p1a: Incineroar|0 fnt|[from] item: Rocky Helmet|[of] p2b: Incineroar\n|faint|p2b: Incineroar\n|faint|p1a: Incineroar\n|\n|-heal|p1b: Miraidon|86/100|[from] Grassy Terrain\n|-heal|p2a: Terapagos|29/100|[from] Grassy Terrain\n|upkeep\n|\n|t:|1767780799\n|switch|p2b: Rillaboom|Rillaboom, L50, F|74/100\n|turn|11\n|\n|t:|1767780804\n|move|p1b: Miraidon|Snarl|p2b: Rillaboom|[spread] p2a,p2b\n|-damage|p2a: Terapagos|25/100\n|-damage|p2b: Rillaboom|64/100\n|-unboost|p2a: Terapagos|spa|1\n|-unboost|p2b: Rillaboom|spa|1\n|move|p2a: Terapagos|Tera Starstorm|p1b: Miraidon\n|-supereffective|p1b: Miraidon\n|-damage|p1b: Miraidon|50/100\n|move|p2b: Rillaboom|Wood Hammer|p1b: Miraidon\n|-damage|p1b: Miraidon|0 fnt\n|faint|p1b: Miraidon\n|-damage|p2b: Rillaboom|48/100|[from] Recoil\n|\n|win|Schimmli\n|raw|shawwing's rating: 1140 &rarr; <strong>1122</strong><br />(-18 for losing)\n|raw|Schimmli's rating: 1239 &rarr; <strong>1257</strong><br />(+18 for winning)\n|l|\u2606shawwing\n|player|p1|\n|l|\u2606Schimmli\n|player|p2|\n","uploadtime":1767781171,"views":13,"formatid":"gen9vgc2026regi","rating":1122,"private":0,"password":null}