{"id":"gen9vgc2026regi-2538535736","format":"[Gen 9] VGC 2026 Reg I","players":["eye-zitt","Xibilzinha"],"log":"|j|\u2606eye-zitt\n|j|\u2606Xibilzinha\n|t:|1770937607\n|gametype|doubles\n|player|p1|eye-zitt|hilbert|1118\n|player|p2|Xibilzinha|266|1025\n|gen|9\n|tier|[Gen 9] VGC 2026 Reg I\n|rated|\n|rule|Species Clause: Limit one of each Pok\u00e9mon\n|rule|Item Clause: Limit 1 of each item\n|clearpoke\n|poke|p1|Terapagos, L50, M|\n|poke|p1|Calyrex-Shadow, L50|\n|poke|p1|Rillaboom, L50, M|\n|poke|p1|Incineroar, L50, M|\n|poke|p1|Amoonguss, L50, M|\n|poke|p1|Ogerpon-Cornerstone, L50, F|\n|poke|p2|Archaludon, L50, F|\n|poke|p2|Maushold-Four, L50|\n|poke|p2|Arcanine-Hisui, L50, M|\n|poke|p2|Amoonguss, L50, M|\n|poke|p2|Great Tusk, L50|\n|poke|p2|Lunala, L50|\n|teampreview|4\n|inactive|Battle timer is ON: inactive players will automatically lose when time's up. (requested by eye-zitt)\n|\n|t:|1770937630\n|teamsize|p1|4\n|teamsize|p2|4\n|start\n|switch|p1a: Amoonguss|Amoonguss, L50, M|100/100\n|switch|p1b: Terapagos|Terapagos, L50, M|100/100\n|switch|p2a: Archaludon|Archaludon, L50, F|100/100\n|switch|p2b: Maushold|Maushold-Four, L50|100/100\n|-activate|p1b: Terapagos|ability: Tera Shift\n|detailschange|p1b: Terapagos|Terapagos-Terastal, L50, M\n|-heal|p1b: Terapagos|100/100|[silent]\n|turn|1\n|\n|t:|1770937654\n|move|p1a: Amoonguss|Rage Powder|p1a: Amoonguss\n|-singleturn|p1a: Amoonguss|move: Rage Powder\n|move|p2b: Maushold|Charm|p1a: Amoonguss\n|-unboost|p1a: Amoonguss|atk|2\n|move|p1b: Terapagos|Calm Mind|p1b: Terapagos\n|-boost|p1b: Terapagos|spa|1\n|-boost|p1b: Terapagos|spd|1\n|move|p2a: Archaludon|Flash Cannon|p1a: Amoonguss\n|-damage|p1a: Amoonguss|66/100\n|\n|upkeep\n|turn|2\n|inactive|Xibilzinha has 30 seconds left.\n|inactive|Xibilzinha has 20 seconds left.\n|inactive|Xibilzinha has 15 seconds left.\n|\n|t:|1770937694\n|move|p1a: Amoonguss|Rage Powder|p1a: Amoonguss\n|-singleturn|p1a: Amoonguss|move: Rage Powder\n|move|p2b: Maushold|Population Bomb|p1a: Amoonguss\n|-damage|p1a: Amoonguss|61/100\n|-damage|p2b: Maushold|84/100|[from] item: Rocky Helmet|[of] p1a: Amoonguss\n|-damage|p1a: Amoonguss|54/100\n|-damage|p2b: Maushold|68/100|[from] item: Rocky Helmet|[of] p1a: Amoonguss\n|-damage|p1a: Amoonguss|48/100\n|-damage|p2b: Maushold|52/100|[from] item: Rocky Helmet|[of] p1a: Amoonguss\n|-damage|p1a: Amoonguss|43/100\n|-damage|p2b: Maushold|36/100|[from] item: Rocky Helmet|[of] p1a: Amoonguss\n|-damage|p1a: Amoonguss|37/100\n|-damage|p2b: Maushold|20/100|[from] item: Rocky Helmet|[of] p1a: Amoonguss\n|-damage|p1a: Amoonguss|31/100\n|-damage|p2b: Maushold|4/100|[from] item: Rocky Helmet|[of] p1a: Amoonguss\n|-damage|p1a: Amoonguss|25/100\n|-damage|p2b: Maushold|0 fnt|[from] item: Rocky Helmet|[of] p1a: Amoonguss\n|faint|p2b: Maushold\n|-hitcount|p1a: Amoonguss|7\n|move|p1b: Terapagos|Calm Mind|p1b: Terapagos\n|-boost|p1b: Terapagos|spa|1\n|-boost|p1b: Terapagos|spd|1\n|move|p2a: Archaludon|Body Press|p1a: Amoonguss\n|-resisted|p1a: Amoonguss\n|-damage|p1a: Amoonguss|16/100\n|-damage|p2a: Archaludon|84/100|[from] item: Rocky Helmet|[of] p1a: Amoonguss\n|\n|upkeep\n|\n|t:|1770937706\n|switch|p2b: Amoonguss|Amoonguss, L50, M|100/100\n|turn|3\n|\n|t:|1770937728\n|-terastallize|p1b: Terapagos|Stellar\n|detailschange|p1b: Terapagos|Terapagos-Stellar, L50, M, tera:Stellar\n|-heal|p1b: Terapagos|100/100|[silent]\n|move|p1a: Amoonguss|Rage Powder|p1a: Amoonguss\n|-singleturn|p1a: Amoonguss|move: Rage Powder\n|move|p1b: Terapagos|Tera Starstorm|p2b: Amoonguss|[spread] p2a,p2b\n|-damage|p2a: Archaludon|13/100\n|-damage|p2b: Amoonguss|46/100\n|-ability|p2a: Archaludon|Stamina|boost\n|-boost|p2a: Archaludon|def|1\n|move|p2a: Archaludon|Flash Cannon|p1a: Amoonguss\n|-damage|p1a: Amoonguss|0 fnt\n|faint|p1a: Amoonguss\n|move|p2b: Amoonguss|Spore|p1b: Terapagos\n|-status|p1b: Terapagos|slp|[from] move: Spore\n|\n|upkeep\n|\n|t:|1770937737\n|switch|p1a: Calyrex|Calyrex-Shadow, L50|100/100\n|-ability|p1a: Calyrex|As One\n|-ability|p1a: Calyrex|Unnerve\n|turn|4\n|inactive|Xibilzinha has 30 seconds left.\n|inactive|Xibilzinha has 20 seconds left.\n|\n|t:|1770937775\n|move|p1a: Calyrex|Astral Barrage|p2a: Archaludon|[spread] p2a,p2b\n|-damage|p2a: Archaludon|0 fnt\n|-damage|p2b: Amoonguss|7/100\n|faint|p2a: Archaludon\n|-ability|p1a: Calyrex|Grim Neigh|boost\n|-boost|p1a: Calyrex|spa|1\n|cant|p1b: Terapagos|slp\n|move|p2b: Amoonguss|Spore|p1a: Calyrex\n|-status|p1a: Calyrex|slp|[from] move: Spore\n|\n|upkeep\n|\n|t:|1770937778\n|switch|p2a: Arcanine|Arcanine-Hisui, L50, M|100/100\n|turn|5\n|\n|t:|1770937797\n|cant|p1a: Calyrex|slp\n|move|p2a: Arcanine|Head Smash|p1b: Terapagos\n|-damage|p1b: Terapagos|57/100 slp\n|cant|p1b: Terapagos|slp\n|move|p2b: Amoonguss|Grass Knot|p1a: Calyrex\n|-damage|p1a: Calyrex|74/100 slp\n|\n|-heal|p1b: Terapagos|64/100 slp|[from] item: Leftovers\n|upkeep\n|turn|6\n|\n|t:|1770937807\n|-curestatus|p1a: Calyrex|slp|[msg]\n|move|p1a: Calyrex|Protect|p1a: Calyrex\n|-singleturn|p1a: Calyrex|Protect\n|move|p2a: Arcanine|Head Smash|p1b: Terapagos\n|-damage|p1b: Terapagos|22/100 slp\n|-curestatus|p1b: Terapagos|slp|[msg]\n|move|p1b: Terapagos|Tera Starstorm|p2b: Amoonguss|[spread] p2a,p2b\n|-damage|p2a: Arcanine|0 fnt\n|-damage|p2b: Amoonguss|0 fnt\n|faint|p2a: Arcanine\n|faint|p2b: Amoonguss\n|\n|win|eye-zitt\n|raw|eye-zitt's rating: 1118 &rarr; <strong>1136</strong><br />(+18 for winning)\n|raw|Xibilzinha's rating: 1011 &rarr; <strong>1003</strong><br />(-8 for losing)\n|l|\u2606Xibilzinha\n|player|p2|\n","uploadtime":1770937817,"views":21,"formatid":"gen9vgc2026regi","rating":1003,"private":0,"password":null}