{"id":"gen9vgc2026regi-2587203270","format":"[Gen 9] VGC 2026 Reg I","players":["angrybook","Pigduckeater"],"log":"|j|\u2606angrybook\n|j|\u2606Pigduckeater\n|t:|1776508415\n|gametype|doubles\n|player|p1|angrybook|pokemaniac|1608\n|player|p2|Pigduckeater|1|1556\n|gen|9\n|tier|[Gen 9] VGC 2026 Reg I\n|rated|\n|rule|Species Clause: Limit one of each Pok\u00e9mon\n|rule|Item Clause: Limit 1 of each item\n|clearpoke\n|poke|p1|Calyrex-Ice, L50|\n|poke|p1|Miraidon, L50|\n|poke|p1|Iron Hands, L50|\n|poke|p1|Ogerpon-Cornerstone, L50, F|\n|poke|p1|Farigiraf, L50, M|\n|poke|p1|Iron Bundle, L50|\n|poke|p2|Incineroar, L50, M|\n|poke|p2|Miraidon, L50|\n|poke|p2|Farigiraf, L50, M|\n|poke|p2|Calyrex-Shadow, L50|\n|poke|p2|Glimmora, L50, M|\n|poke|p2|Urshifu-*, L50, M|\n|teampreview|4\n|inactive|Battle timer is ON: inactive players will automatically lose when time's up. (requested by angrybook)\n|inactive|Pigduckeater has 60 seconds left.\n|inactive|Pigduckeater has 30 seconds left.\n|inactive|Pigduckeater has 20 seconds left.\n|inactive|Pigduckeater has 15 seconds left.\n|inactive|Pigduckeater has 10 seconds left.\n|inactive|Pigduckeater has 5 seconds left.\n|\n|t:|1776508512\n|teamsize|p1|4\n|teamsize|p2|4\n|start\n|switch|p1a: Miraidon|Miraidon, L50|100/100\n|switch|p1b: Krampusnacht|Iron Bundle, L50, shiny|100/100\n|switch|p2a: Incineroar|Incineroar, L50, M|100/100\n|switch|p2b: Miraidon|Miraidon, L50|100/100\n|-fieldstart|move: Electric Terrain|[from] ability: Hadron Engine|[of] p2b: Miraidon\n|-activate|p1b: Krampusnacht|ability: Quark Drive\n|-start|p1b: Krampusnacht|quarkdrivespe\n|-activate|p1a: Miraidon|ability: Hadron Engine\n|-ability|p2a: Incineroar|Intimidate|boost\n|-unboost|p1a: Miraidon|atk|1\n|-unboost|p1b: Krampusnacht|atk|1\n|turn|1\n|inactive|Pigduckeater has 30 seconds left.\n|inactive|Pigduckeater has 20 seconds left.\n|\n|t:|1776508549\n|move|p1b: Krampusnacht|Protect|p1b: Krampusnacht\n|-singleturn|p1b: Krampusnacht|Protect\n|move|p1a: Miraidon|Protect|p1a: Miraidon\n|-singleturn|p1a: Miraidon|Protect\n|move|p2a: Incineroar|Fake Out|p1b: Krampusnacht\n|-activate|p1b: Krampusnacht|move: Protect\n|move|p2b: Miraidon|Draco Meteor|p1a: Miraidon\n|-activate|p1a: Miraidon|move: Protect\n|\n|upkeep\n|turn|2\n|\n|t:|1776508562\n|move|p1b: Krampusnacht|Encore|p2a: Incineroar\n|-start|p2a: Incineroar|Encore\n|move|p2b: Miraidon|Snarl|p1a: Miraidon|[spread] p1a,p1b\n|-damage|p1a: Miraidon|85/100\n|-damage|p1b: Krampusnacht|63/100\n|-unboost|p1a: Miraidon|spa|1\n|-unboost|p1b: Krampusnacht|spa|1\n|move|p1a: Miraidon|Draco Meteor|p2b: Miraidon\n|-supereffective|p2b: Miraidon\n|-enditem|p2b: Miraidon|Focus Sash\n|-damage|p2b: Miraidon|1/100\n|-unboost|p1a: Miraidon|spa|2\n|-damage|p1a: Miraidon|76/100|[from] item: Life Orb\n|move|p2a: Incineroar|Fake Out||[still]\n|-hint|Fake Out only works on your first turn out.\n|-fail|p2a: Incineroar\n|\n|upkeep\n|turn|3\n|inactive|Pigduckeater has 30 seconds left.\n|\n|t:|1776508588\n|switch|p2a: Farigiraf|Farigiraf, L50, M|100/100\n|-enditem|p2a: Farigiraf|Electric Seed\n|-boost|p2a: Farigiraf|def|1|[from] item: Electric Seed\n|move|p1b: Krampusnacht|Icy Wind|p2a: Farigiraf|[spread] p2a,p2b\n|-supereffective|p2b: Miraidon\n|-damage|p2a: Farigiraf|89/100\n|-damage|p2b: Miraidon|0 fnt\n|-unboost|p2a: Farigiraf|spe|1\n|faint|p2b: Miraidon\n|move|p1a: Miraidon|Volt Switch|p2a: Farigiraf\n|-damage|p2a: Farigiraf|58/100\n|-damage|p1a: Miraidon|66/100|[from] item: Life Orb\n|\n|t:|1776508596\n|switch|p1a: Erhmantraut|Calyrex-Ice, L50|100/100|[from] Volt Switch\n|-ability|p1a: Erhmantraut|As One\n|-ability|p1a: Erhmantraut|Unnerve\n|\n|upkeep\n|\n|t:|1776508601\n|switch|p2b: Calyrex|Calyrex-Shadow, L50|100/100\n|-ability|p2b: Calyrex|As One\n|-ability|p2b: Calyrex|Unnerve\n|turn|4\n|\n|t:|1776508623\n|-terastallize|p1a: Erhmantraut|Fairy\n|move|p1b: Krampusnacht|Icy Wind|p2a: Farigiraf|[spread] p2a,p2b\n|-damage|p2a: Farigiraf|46/100\n|-damage|p2b: Calyrex|88/100\n|-unboost|p2a: Farigiraf|spe|1\n|-unboost|p2b: Calyrex|spe|1\n|move|p2b: Calyrex|Astral Barrage|p1a: Erhmantraut|[spread] p1a,p1b\n|-crit|p1b: Krampusnacht\n|-damage|p1a: Erhmantraut|65/100\n|-damage|p1b: Krampusnacht|0 fnt\n|faint|p1b: Krampusnacht\n|-end|p1b: Krampusnacht|Quark Drive|[silent]\n|-ability|p2b: Calyrex|Grim Neigh|boost\n|-boost|p2b: Calyrex|spa|1\n|-damage|p2b: Calyrex|78/100|[from] item: Life Orb\n|move|p1a: Erhmantraut|Glacial Lance|p2b: Calyrex|[spread] p2a,p2b\n|-damage|p2a: Farigiraf|15/100\n|-damage|p2b: Calyrex|32/100\n|move|p2a: Farigiraf|Trick Room|p2a: Farigiraf\n|-fieldstart|move: Trick Room|[of] p2a: Farigiraf\n|\n|upkeep\n|\n|t:|1776508634\n|switch|p1b: 33rd to 1st|Iron Hands, L50, shiny|100/100\n|-activate|p1b: 33rd to 1st|ability: Quark Drive\n|-start|p1b: 33rd to 1st|quarkdriveatk\n|turn|5\n|\n|t:|1776508645\n|move|p2b: Calyrex|Protect|p2b: Calyrex\n|-singleturn|p2b: Calyrex|Protect\n|move|p2a: Farigiraf|Baton Pass|p2a: Farigiraf\n|\n|t:|1776508648\n|switch|p2a: Incineroar|Incineroar, L50, M|100/100|[from] Baton Pass\n|-ability|p2a: Incineroar|Intimidate|boost\n|-fail|p1a: Erhmantraut|unboost|[from] item: Clear Amulet|[of] p1a: Erhmantraut\n|-unboost|p1b: 33rd to 1st|atk|1\n|move|p1b: 33rd to 1st|Drain Punch|p2a: Incineroar\n|-supereffective|p2a: Incineroar\n|-damage|p2a: Incineroar|67/100\n|move|p1a: Erhmantraut|Glacial Lance|p2a: Incineroar|[spread] p2a\n|-activate|p2b: Calyrex|move: Protect\n|-resisted|p2a: Incineroar\n|-damage|p2a: Incineroar|53/100\n|\n|-fieldend|move: Electric Terrain\n|-end|p1b: 33rd to 1st|Quark Drive\n|upkeep\n|turn|6\n|inactive|Pigduckeater has 30 seconds left.\n|\n|t:|1776508674\n|move|p2a: Incineroar|Fake Out|p1b: 33rd to 1st\n|-damage|p1b: 33rd to 1st|93/100\n|cant|p1b: 33rd to 1st|flinch\n|move|p1a: Erhmantraut|Glacial Lance|p2b: Calyrex|[spread] p2a,p2b\n|-resisted|p2a: Incineroar\n|-damage|p2a: Incineroar|40/100\n|-damage|p2b: Calyrex|0 fnt\n|faint|p2b: Calyrex\n|-ability|p1a: Erhmantraut|Chilling Neigh|boost\n|-boost|p1a: Erhmantraut|atk|1\n|\n|upkeep\n|-message|Pigduckeater forfeited.\n|\n|win|angrybook\n|raw|angrybook's rating: 1608 &rarr; <strong>1625</strong><br />(+17 for winning)\n|raw|Pigduckeater's rating: 1556 &rarr; <strong>1539</strong><br />(-17 for losing)\n|l|\u2606Pigduckeater\n|player|p2|\n|c|\u2606angrybook|gg\n|l|\u2606angrybook\n|player|p1|\n","uploadtime":1776508822,"views":8,"formatid":"gen9vgc2026regi","rating":1539,"private":0,"password":null}