{"id":"gen9vgc2026regi-2551779246","format":"[Gen 9] VGC 2026 Reg I","players":["VJ2511","j0l0k0"],"log":"|j|\u2606VJ2511\n|j|\u2606j0l0k0\n|t:|1772644532\n|gametype|doubles\n|player|p1|VJ2511|red-masters3|1526\n|player|p2|j0l0k0|brycen|1443\n|gen|9\n|tier|[Gen 9] VGC 2026 Reg I\n|rated|\n|rule|Species Clause: Limit one of each Pok\u00e9mon\n|rule|Item Clause: Limit 1 of each item\n|clearpoke\n|poke|p1|Calyrex-Shadow, L50|\n|poke|p1|Zamazenta-*, L50|\n|poke|p1|Chien-Pao, L50|\n|poke|p1|Dragonite, L50, M|\n|poke|p1|Raging Bolt, L50|\n|poke|p1|Amoonguss, L50, F|\n|poke|p2|Calyrex-Ice, L50|\n|poke|p2|Kyogre, L50|\n|poke|p2|Indeedee-F, L50, F|\n|poke|p2|Urshifu-*, L50, F|\n|poke|p2|Amoonguss, L50, F|\n|poke|p2|Landorus, L50, M|\n|teampreview|4\n|inactive|Battle timer is ON: inactive players will automatically lose when time's up. (requested by j0l0k0)\n|\n|t:|1772644550\n|teamsize|p1|4\n|teamsize|p2|4\n|start\n|switch|p1a: Zamazenta|Zamazenta-Crowned, L50|100/100\n|switch|p1b: Chien-Pao|Chien-Pao, L50|100/100\n|switch|p2a: Indeedee|Indeedee-F, L50, F, shiny|100/100\n|switch|p2b: Calyrex|Calyrex-Ice, L50|100/100\n|-ability|p2b: Calyrex|As One\n|-ability|p2b: Calyrex|Unnerve\n|-ability|p1b: Chien-Pao|Sword of Ruin\n|-ability|p1a: Zamazenta|Dauntless Shield|boost\n|-boost|p1a: Zamazenta|def|1\n|-fieldstart|move: Psychic Terrain|[from] ability: Psychic Surge|[of] p2a: Indeedee\n|turn|1\n|\n|t:|1772644562\n|move|p2a: Indeedee|Follow Me|p2a: Indeedee\n|-singleturn|p2a: Indeedee|move: Follow Me\n|move|p1b: Chien-Pao|Ice Spinner|p2a: Indeedee\n|-damage|p2a: Indeedee|50/100\n|-fieldend|move: Psychic Terrain\n|move|p1a: Zamazenta|Body Press|p2a: Indeedee\n|-damage|p2a: Indeedee|0 fnt\n|faint|p2a: Indeedee\n|move|p2b: Calyrex|Trick Room|p2b: Calyrex\n|-fieldstart|move: Trick Room|[of] p2b: Calyrex\n|\n|upkeep\n|\n|t:|1772644571\n|switch|p2a: Landorus|Landorus, L50, M, shiny|100/100\n|turn|2\n|\n|t:|1772644579\n|-terastallize|p2a: Landorus|Steel\n|-terastallize|p1a: Zamazenta|Dragon\n|move|p2b: Calyrex|Close Combat|p1b: Chien-Pao\n|-supereffective|p1b: Chien-Pao\n|-crit|p1b: Chien-Pao\n|-damage|p1b: Chien-Pao|0 fnt\n|-unboost|p2b: Calyrex|def|1\n|-unboost|p2b: Calyrex|spd|1\n|faint|p1b: Chien-Pao\n|-ability|p2b: Calyrex|Chilling Neigh|boost\n|-boost|p2b: Calyrex|atk|1\n|move|p2a: Landorus|Earth Power|p1a: Zamazenta\n|-damage|p1a: Zamazenta|48/100\n|move|p1a: Zamazenta|Heavy Slam|p2a: Landorus\n|-resisted|p2a: Landorus\n|-damage|p2a: Landorus|76/100\n|\n|upkeep\n|\n|t:|1772644585\n|switch|p1b: Amoonguss|Amoonguss, L50, F|100/100\n|turn|3\n|\n|t:|1772644590\n|move|p1b: Amoonguss|Spore|p2b: Calyrex\n|-status|p2b: Calyrex|slp|[from] move: Spore\n|cant|p2b: Calyrex|slp\n|move|p2a: Landorus|Sandsear Storm|p1a: Zamazenta|[spread] p1a,p1b\n|-damage|p1a: Zamazenta|5/100\n|-damage|p1b: Amoonguss|50/100\n|move|p1a: Zamazenta|Body Press|p2a: Landorus\n|-supereffective|p2a: Landorus\n|-damage|p2a: Landorus|0 fnt\n|faint|p2a: Landorus\n|\n|upkeep\n|\n|t:|1772644598\n|switch|p2a: Kyogre|Kyogre, L50, shiny|100/100\n|-weather|RainDance|[from] ability: Drizzle|[of] p2a: Kyogre\n|turn|4\n|\n|t:|1772644605\n|move|p1b: Amoonguss|Spore|p2a: Kyogre\n|-status|p2a: Kyogre|slp|[from] move: Spore\n|cant|p2b: Calyrex|slp\n|cant|p2a: Kyogre|slp\n|move|p1a: Zamazenta|Body Press|p2b: Calyrex\n|-damage|p2b: Calyrex|37/100 slp\n|\n|-weather|RainDance|[upkeep]\n|upkeep\n|turn|5\n|\n|t:|1772644615\n|move|p1b: Amoonguss|Protect|p1b: Amoonguss\n|-singleturn|p1b: Amoonguss|Protect\n|move|p1a: Zamazenta|Protect|p1a: Zamazenta\n|-singleturn|p1a: Zamazenta|Protect\n|cant|p2b: Calyrex|slp\n|cant|p2a: Kyogre|slp\n|\n|-weather|RainDance|[upkeep]\n|-fieldend|move: Trick Room\n|upkeep\n|turn|6\n|\n|t:|1772644625\n|move|p1a: Zamazenta|Body Press|p2b: Calyrex\n|-damage|p2b: Calyrex|0 fnt\n|faint|p2b: Calyrex\n|cant|p2a: Kyogre|slp\n|move|p1b: Amoonguss|Sludge Bomb|p2a: Kyogre\n|-damage|p2a: Kyogre|87/100 slp\n|\n|-weather|RainDance|[upkeep]\n|upkeep\n|turn|7\n|\n|t:|1772644643\n|move|p1a: Zamazenta|Body Press|p2a: Kyogre\n|-damage|p2a: Kyogre|27/100 slp\n|-curestatus|p2a: Kyogre|slp|[msg]\n|move|p2a: Kyogre|Ice Beam|p1a: Zamazenta\n|-supereffective|p1a: Zamazenta\n|-damage|p1a: Zamazenta|0 fnt\n|faint|p1a: Zamazenta\n|move|p1b: Amoonguss|Sludge Bomb|p2a: Kyogre\n|-damage|p2a: Kyogre|14/100\n|\n|-weather|RainDance|[upkeep]\n|upkeep\n|c|\u2606j0l0k0|ggwp\n|c|\u2606VJ2511|gg\n|\n|t:|1772644653\n|switch|p1a: Calyrex|Calyrex-Shadow, L50|100/100\n|-ability|p1a: Calyrex|As One\n|-ability|p1a: Calyrex|Unnerve\n|turn|8\n|\n|t:|1772644660\n|move|p1a: Calyrex|Astral Barrage|p2a: Kyogre\n|-damage|p2a: Kyogre|0 fnt\n|faint|p2a: Kyogre\n|\n|win|VJ2511\n|raw|VJ2511's rating: 1526 &rarr; <strong>1541</strong><br />(+15 for winning)\n|raw|j0l0k0's rating: 1443 &rarr; <strong>1428</strong><br />(-15 for losing)\n|l|\u2606j0l0k0\n|player|p2|\n|l|\u2606VJ2511\n|player|p1|\n","uploadtime":1772644852,"views":13,"formatid":"gen9vgc2026regi","rating":1428,"private":0,"password":null}