{"id":"gen9vgc2026regi-2573657745","format":"[Gen 9] VGC 2026 Reg I","players":["EllenJoe2026","Boneitis"],"log":"|j|\u2606EllenJoe2026\n|j|\u2606Boneitis\n|t:|1775154336\n|gametype|doubles\n|player|p1|EllenJoe2026|elesa|1564\n|player|p2|Boneitis|265|1509\n|gen|9\n|tier|[Gen 9] VGC 2026 Reg I\n|rated|\n|rule|Species Clause: Limit one of each Pok\u00e9mon\n|rule|Item Clause: Limit 1 of each item\n|clearpoke\n|poke|p1|Calyrex-Ice, L50|\n|poke|p1|Miraidon, L50|\n|poke|p1|Tornadus, L50, M|\n|poke|p1|Urshifu-*, L50, F|\n|poke|p1|Volcarona, L50, F|\n|poke|p1|Indeedee-F, L50, F|\n|poke|p2|Poliwag, L50, M|\n|poke|p2|Kyogre, L50|\n|poke|p2|Tsareena, L50, F|\n|poke|p2|Zacian-*, L50|\n|poke|p2|Incineroar, L50, M|\n|poke|p2|Raichu, L50, F|\n|teampreview|4\n|inactive|Battle timer is ON: inactive players will automatically lose when time's up. (requested by EllenJoe2026)\n|\n|t:|1775154358\n|teamsize|p1|4\n|teamsize|p2|4\n|start\n|switch|p1a: Tornadus|Tornadus, L50, M, shiny|100/100\n|switch|p1b: Urshifu|Urshifu-Rapid-Strike, L50, F|100/100\n|switch|p2a: Poliwag|Poliwag, L50, M|100/100\n|switch|p2b: Kyogre|Kyogre, L50|100/100\n|-weather|RainDance|[from] ability: Drizzle|[of] p2b: Kyogre\n|turn|1\n|inactive|EllenJoe2026 has 30 seconds left.\n|inactive|Boneitis has 30 seconds left.\n|inactive|Boneitis has 20 seconds left.\n|inactive|Boneitis has 15 seconds left.\n|inactive|Boneitis has 10 seconds left.\n|inactive|Boneitis has 5 seconds left.\n|\n|t:|1775154410\n|-terastallize|p2b: Kyogre|Water\n|move|p1a: Tornadus|Taunt|p2a: Poliwag\n|-start|p2a: Poliwag|move: Taunt\n|move|p2a: Poliwag|Icy Wind|p1a: Tornadus|[spread] p1a,p1b\n|-supereffective|p1a: Tornadus\n|-resisted|p1b: Urshifu\n|-damage|p1a: Tornadus|79/100\n|-damage|p1b: Urshifu|95/100\n|-unboost|p1b: Urshifu|spe|1\n|move|p2b: Kyogre|Water Spout|p1b: Urshifu|[spread] p1a,p1b\n|-resisted|p1b: Urshifu\n|-damage|p1a: Tornadus|0 fnt\n|-damage|p1b: Urshifu|0 fnt\n|faint|p1a: Tornadus\n|faint|p1b: Urshifu\n|\n|-weather|RainDance|[upkeep]\n|upkeep\n|\n|t:|1775154423\n|switch|p1a: Calyrex|Calyrex-Ice, L50|100/100\n|switch|p1b: Miraidon|Miraidon, L50, shiny|100/100\n|-ability|p1a: Calyrex|As One\n|-ability|p1a: Calyrex|Unnerve\n|-fieldstart|move: Electric Terrain|[from] ability: Hadron Engine|[of] p1b: Miraidon\n|turn|2\n|\n|t:|1775154436\n|-terastallize|p1a: Calyrex|Grass\n|move|p2a: Poliwag|Endeavor|p1a: Calyrex\n|-damage|p1a: Calyrex|52/100\n|move|p2b: Kyogre|Water Spout|p1b: Miraidon|[spread] p1a,p1b\n|-resisted|p1a: Calyrex\n|-resisted|p1b: Miraidon\n|-damage|p1a: Calyrex|8/100\n|-damage|p1b: Miraidon|40/100\n|move|p1b: Miraidon|Electro Drift|p2a: Poliwag\n|-supereffective|p2a: Poliwag\n|-enditem|p2a: Poliwag|Focus Sash\n|-damage|p2a: Poliwag|1/100\n|move|p1a: Calyrex|Trick Room|p1a: Calyrex\n|-fieldstart|move: Trick Room|[of] p1a: Calyrex\n|\n|-weather|RainDance|[upkeep]\n|upkeep\n|turn|3\n|\n|t:|1775154460\n|switch|p2a: Raichu|Raichu, L50, F|100/100\n|move|p1a: Calyrex|Seed Bomb|p2b: Kyogre\n|-supereffective|p2b: Kyogre\n|-damage|p2b: Kyogre|0 fnt\n|faint|p2b: Kyogre\n|-ability|p1a: Calyrex|Chilling Neigh|boost\n|-boost|p1a: Calyrex|atk|1\n|move|p1b: Miraidon|Electro Drift|p2a: Raichu\n|-ability|p2a: Raichu|Lightning Rod|boost\n|-boost|p2a: Raichu|spa|1\n|\n|-weather|RainDance|[upkeep]\n|upkeep\n|\n|t:|1775154468\n|switch|p2b: Zacian|Zacian-Crowned, L50|100/100\n|-ability|p2b: Zacian|Intrepid Sword|boost\n|-boost|p2b: Zacian|atk|1\n|turn|4\n|inactive|EllenJoe2026 has 30 seconds left.\n|inactive|EllenJoe2026 has 20 seconds left.\n|inactive|EllenJoe2026 has 15 seconds left.\n|inactive|EllenJoe2026 has 10 seconds left.\n|inactive|EllenJoe2026 has 5 seconds left.\n|\n|t:|1775154523\n|move|p2a: Raichu|Fake Out|p1a: Calyrex\n|-damage|p1a: Calyrex|3/100\n|cant|p1a: Calyrex|flinch\n|move|p1b: Miraidon|Electro Drift|p2a: Raichu\n|-activate|p2a: Raichu|ability: Lightning Rod\n|-ability|p2a: Raichu|Lightning Rod|boost\n|-boost|p2a: Raichu|spa|1\n|move|p2b: Zacian|Play Rough|p1b: Miraidon\n|-supereffective|p1b: Miraidon\n|-damage|p1b: Miraidon|0 fnt\n|faint|p1b: Miraidon\n|\n|-weather|RainDance|[upkeep]\n|upkeep\n|turn|5\n|inactive|EllenJoe2026 has 30 seconds left.\n|inactive|EllenJoe2026 has 20 seconds left.\n|inactive|EllenJoe2026 has 15 seconds left.\n|inactive|EllenJoe2026 has 10 seconds left.\n|inactive|EllenJoe2026 has 5 seconds left.\n|\n|t:|1775154578\n|move|p1a: Calyrex|Glacial Lance|p2b: Zacian|[spread] p2a,p2b\n|-resisted|p2b: Zacian\n|-damage|p2a: Raichu|0 fnt\n|-damage|p2b: Zacian|67/100\n|faint|p2a: Raichu\n|-ability|p1a: Calyrex|Chilling Neigh|boost\n|-boost|p1a: Calyrex|atk|1\n|move|p2b: Zacian|Behemoth Blade|p1a: Calyrex\n|-damage|p1a: Calyrex|0 fnt\n|faint|p1a: Calyrex\n|\n|win|Boneitis\n|raw|EllenJoe2026's rating: 1564 &rarr; <strong>1541</strong><br />(-23 for losing)\n|raw|Boneitis's rating: 1509 &rarr; <strong>1532</strong><br />(+23 for winning)\n|l|\u2606EllenJoe2026\n|player|p1|\n","uploadtime":1775154716,"views":236,"formatid":"gen9vgc2026regi","rating":1532,"private":0,"password":null}