{"id":"gen9vgc2026regi-2553223001","format":"[Gen 9] VGC 2026 Reg I","players":["aYeal","pzyxhic"],"log":"|j|\u2606aYeal\n|j|\u2606pzyxhic\n|t:|1772811548\n|gametype|doubles\n|player|p1|aYeal|102|1355\n|player|p2|pzyxhic|1|1390\n|gen|9\n|tier|[Gen 9] VGC 2026 Reg I\n|rated|\n|rule|Species Clause: Limit one of each Pok\u00e9mon\n|rule|Item Clause: Limit 1 of each item\n|clearpoke\n|poke|p1|Ogerpon-Cornerstone, L50, F|\n|poke|p1|Urshifu-*, L50, F|\n|poke|p1|Miraidon, L50|\n|poke|p1|Calyrex-Ice, L50|\n|poke|p1|Farigiraf, L50, F|\n|poke|p1|Incineroar, L50, F|\n|poke|p2|Calyrex-Shadow, L50|\n|poke|p2|Chi-Yu, L50|\n|poke|p2|Whimsicott, L50, F|\n|poke|p2|Urshifu-*, L50, F|\n|poke|p2|Farigiraf, L50, F|\n|poke|p2|Kyurem-White, L50|\n|teampreview|4\n|inactive|Battle timer is ON: inactive players will automatically lose when time's up. (requested by aYeal)\n|inactive|aYeal has 60 seconds left.\n|inactive|pzyxhic has 60 seconds left.\n|\n|t:|1772811593\n|teamsize|p1|4\n|teamsize|p2|4\n|start\n|switch|p1a: Miraidon|Miraidon, L50|100/100\n|switch|p1b: Incineroar|Incineroar, L50, F|100/100\n|switch|p2a: Calyrex|Calyrex-Shadow, L50|100/100\n|switch|p2b: Urshifu|Urshifu-Rapid-Strike, L50, F|100/100\n|-ability|p2a: Calyrex|As One\n|-ability|p2a: Calyrex|Unnerve\n|-fieldstart|move: Electric Terrain|[from] ability: Hadron Engine|[of] p1a: Miraidon\n|-ability|p1b: Incineroar|Intimidate|boost\n|-unboost|p2a: Calyrex|atk|1\n|-unboost|p2b: Urshifu|atk|1\n|turn|1\n|\n|t:|1772811618\n|move|p2b: Urshifu|Detect|p2b: Urshifu\n|-singleturn|p2b: Urshifu|Protect\n|move|p1b: Incineroar|Fake Out|p2b: Urshifu\n|-activate|p2b: Urshifu|move: Protect\n|move|p2a: Calyrex|Astral Barrage|p1a: Miraidon|[spread] p1a,p1b\n|-resisted|p1b: Incineroar\n|-damage|p1a: Miraidon|60/100\n|-damage|p1b: Incineroar|85/100\n|move|p1a: Miraidon|Volt Switch|p2a: Calyrex\n|-damage|p2a: Calyrex|28/100\n|\n|t:|1772811637\n|switch|p1a: Calyrex|Calyrex-Ice, L50|100/100|[from] Volt Switch\n|-ability|p1a: Calyrex|As One\n|-ability|p1a: Calyrex|Unnerve\n|\n|upkeep\n|turn|2\n|\n|t:|1772811657\n|switch|p1b: Urshifu|Urshifu-Rapid-Strike, L50, F|100/100\n|-terastallize|p1a: Calyrex|Water\n|move|p2a: Calyrex|Astral Barrage|p1b: Urshifu|[spread] p1a,p1b\n|-damage|p1a: Calyrex|67/100\n|-damage|p1b: Urshifu|11/100\n|move|p2b: Urshifu|Surging Strikes|p1b: Urshifu\n|-resisted|p1b: Urshifu\n|-crit|p1b: Urshifu\n|-damage|p1b: Urshifu|0 fnt\n|faint|p1b: Urshifu\n|-hitcount|p1: Urshifu|1\n|move|p1a: Calyrex|Trick Room|p1a: Calyrex\n|-fieldstart|move: Trick Room|[of] p1a: Calyrex\n|\n|upkeep\n|\n|t:|1772811668\n|switch|p1b: Incineroar|Incineroar, L50, F|85/100\n|-ability|p1b: Incineroar|Intimidate|boost\n|-unboost|p2a: Calyrex|atk|1\n|-unboost|p2b: Urshifu|atk|1\n|turn|3\n|\n|t:|1772811685\n|switch|p2a: Chi-Yu|Chi-Yu, L50|100/100\n|-ability|p2a: Chi-Yu|Beads of Ruin\n|move|p2b: Urshifu|Detect|p2b: Urshifu\n|-singleturn|p2b: Urshifu|Protect\n|move|p1b: Incineroar|Fake Out|p2b: Urshifu\n|-activate|p2b: Urshifu|move: Protect\n|move|p1a: Calyrex|Glacial Lance|p2b: Urshifu|[spread] p2a\n|-activate|p2b: Urshifu|move: Protect\n|-resisted|p2a: Chi-Yu\n|-damage|p2a: Chi-Yu|73/100\n|\n|-heal|p2a: Chi-Yu|79/100|[from] item: Leftovers\n|upkeep\n|turn|4\n|inactive|pzyxhic has 30 seconds left.\n|\n|t:|1772811718\n|move|p2a: Chi-Yu|Protect|p2a: Chi-Yu\n|-singleturn|p2a: Chi-Yu|Protect\n|move|p1a: Calyrex|Glacial Lance|p2b: Urshifu|[spread] p2b\n|-activate|p2a: Chi-Yu|move: Protect\n|-resisted|p2b: Urshifu\n|-damage|p2b: Urshifu|71/100\n|move|p1b: Incineroar|Flare Blitz|p2a: Chi-Yu\n|-activate|p2a: Chi-Yu|move: Protect\n|move|p2b: Urshifu|Surging Strikes|p1b: Incineroar\n|-supereffective|p1b: Incineroar\n|-crit|p1b: Incineroar\n|-damage|p1b: Incineroar|44/100\n|-supereffective|p1b: Incineroar\n|-crit|p1b: Incineroar\n|-damage|p1b: Incineroar|7/100\n|-supereffective|p1b: Incineroar\n|-crit|p1b: Incineroar\n|-damage|p1b: Incineroar|0 fnt\n|faint|p1b: Incineroar\n|-hitcount|p1: Incineroar|3\n|\n|-heal|p2a: Chi-Yu|85/100|[from] item: Leftovers\n|upkeep\n|\n|t:|1772811722\n|switch|p1b: Miraidon|Miraidon, L50|60/100\n|-activate|p1b: Miraidon|ability: Hadron Engine\n|turn|5\n|inactive|pzyxhic has 30 seconds left.\n|inactive|pzyxhic has 20 seconds left.\n|\n|t:|1772811759\n|move|p1a: Calyrex|High Horsepower|p2a: Chi-Yu\n|-supereffective|p2a: Chi-Yu\n|-damage|p2a: Chi-Yu|0 fnt\n|faint|p2a: Chi-Yu\n|-ability|p1a: Calyrex|Chilling Neigh|boost\n|-boost|p1a: Calyrex|atk|1\n|move|p2b: Urshifu|Surging Strikes|p1b: Miraidon\n|-resisted|p1b: Miraidon\n|-crit|p1b: Miraidon\n|-damage|p1b: Miraidon|51/100\n|-resisted|p1b: Miraidon\n|-crit|p1b: Miraidon\n|-damage|p1b: Miraidon|41/100\n|-resisted|p1b: Miraidon\n|-crit|p1b: Miraidon\n|-damage|p1b: Miraidon|32/100\n|-hitcount|p1b: Miraidon|3\n|move|p1b: Miraidon|Electro Drift|p2b: Urshifu\n|-supereffective|p2b: Urshifu\n|-damage|p2b: Urshifu|0 fnt\n|faint|p2b: Urshifu\n|\n|-fieldend|move: Electric Terrain\n|upkeep\n|\n|t:|1772811780\n|switch|p2a: Calyrex|Calyrex-Shadow, L50|28/100\n|switch|p2b: Kyurem|Kyurem-White, L50|100/100\n|-ability|p2a: Calyrex|As One\n|-ability|p2a: Calyrex|Unnerve\n|-ability|p2b: Kyurem|Turboblaze\n|turn|6\n|\n|t:|1772811804\n|-terastallize|p2b: Kyurem|Fire\n|move|p1a: Calyrex|Glacial Lance|p2b: Kyurem|[spread] p2a,p2b\n|-resisted|p2b: Kyurem\n|-damage|p2a: Calyrex|0 fnt\n|-damage|p2b: Kyurem|62/100\n|faint|p2a: Calyrex\n|-ability|p1a: Calyrex|Chilling Neigh|boost\n|-boost|p1a: Calyrex|atk|1\n|move|p2b: Kyurem|Freeze-Dry|p1b: Miraidon\n|-supereffective|p1b: Miraidon\n|-damage|p1b: Miraidon|0 fnt\n|faint|p1b: Miraidon\n|-damage|p2b: Kyurem|52/100|[from] item: Life Orb\n|\n|-fieldend|move: Trick Room\n|upkeep\n|turn|7\n|inactive|aYeal has 30 seconds left.\n|inactive|aYeal has 20 seconds left.\n|inactive|aYeal has 15 seconds left.\n|inactive|aYeal has 10 seconds left.\n|inactive|aYeal has 5 seconds left.\n|\n|t:|1772811860\n|move|p2b: Kyurem|Freeze-Dry|p1a: Calyrex\n|-supereffective|p1a: Calyrex\n|-damage|p1a: Calyrex|0 fnt\n|faint|p1a: Calyrex\n|-damage|p2b: Kyurem|42/100|[from] item: Life Orb\n|\n|win|pzyxhic\n|raw|aYeal's rating: 1355 &rarr; <strong>1337</strong><br />(-18 for losing)\n|raw|pzyxhic's rating: 1390 &rarr; <strong>1408</strong><br />(+18 for winning)\n|l|\u2606pzyxhic\n|player|p2|\n|l|\u2606aYeal\n|player|p1|\n","uploadtime":1772812034,"views":18,"formatid":"gen9vgc2026regi","rating":1337,"private":0,"password":null}