{"id":"gen9vgc2026regi-2545382085","format":"[Gen 9] VGC 2026 Reg I","players":["BanKingambit69247","cpinalli4"],"log":"|j|\u2606BanKingambit69247\n|j|\u2606cpinalli4\n|t:|1771840670\n|gametype|doubles\n|player|p1|BanKingambit69247|101|1399\n|player|p2|cpinalli4|elesa|1433\n|gen|9\n|tier|[Gen 9] VGC 2026 Reg I\n|rated|\n|rule|Species Clause: Limit one of each Pok\u00e9mon\n|rule|Item Clause: Limit 1 of each item\n|clearpoke\n|poke|p1|Calyrex-Ice, L50|\n|poke|p1|Koraidon, L50|\n|poke|p1|Incineroar, L50, M|\n|poke|p1|Rillaboom, L50, F|\n|poke|p1|Chi-Yu, L50|\n|poke|p1|Flutter Mane, L50|\n|poke|p2|Kyogre, L50|\n|poke|p2|Flutter Mane, L50|\n|poke|p2|Urshifu-*, L50, M|\n|poke|p2|Landorus, L50, M|\n|poke|p2|Smeargle, L50, M|\n|poke|p2|Calyrex-Ice, L50|\n|teampreview|4\n|inactive|Battle timer is ON: inactive players will automatically lose when time's up. (requested by BanKingambit69247)\n|c|\u2606cpinalli4|i agree\n|\n|t:|1771840700\n|teamsize|p1|4\n|teamsize|p2|4\n|start\n|switch|p1a: Flutter Mane|Flutter Mane, L50|100/100\n|switch|p1b: Calyrex|Calyrex-Ice, L50|100/100\n|switch|p2a: Smeargle|Smeargle, L50, M|100/100\n|switch|p2b: Calyrex|Calyrex-Ice, L50|100/100\n|-ability|p1b: Calyrex|As One\n|-ability|p1b: Calyrex|Unnerve\n|-ability|p2b: Calyrex|As One\n|-ability|p2b: Calyrex|Unnerve\n|turn|1\n|\n|t:|1771840720\n|-terastallize|p2b: Calyrex|Grass\n|move|p1b: Calyrex|Protect|p1b: Calyrex\n|-singleturn|p1b: Calyrex|Protect\n|move|p2a: Smeargle|Fake Out|p1b: Calyrex\n|-activate|p1b: Calyrex|move: Protect\n|move|p1a: Flutter Mane|Shadow Ball|p2b: Calyrex\n|-damage|p2b: Calyrex|72/100\n|move|p2b: Calyrex|Trick Room|p2b: Calyrex\n|-fieldstart|move: Trick Room|[of] p2b: Calyrex\n|\n|-ability|p2a: Smeargle|Moody|boost\n|-boost|p2a: Smeargle|spe|2\n|-unboost|p2a: Smeargle|atk|1\n|-enditem|p2a: Smeargle|Eject Pack\n|upkeep\n|\n|t:|1771840729\n|switch|p2a: alex|Kyogre, L50|100/100\n|-weather|RainDance|[from] ability: Drizzle|[of] p2a: alex\n|turn|2\n|\n|t:|1771840734\n|-end|p1a: Flutter Mane|Protosynthesis|[silent]\n|switch|p1a: Koraidon|Koraidon, L50|100/100\n|-weather|SunnyDay|[from] ability: Orichalcum Pulse|[of] p1a: Koraidon\n|-activate|p1a: Koraidon|Orichalcum Pulse|[source]\n|move|p2a: alex|Water Spout|p1b: Calyrex|[spread] p1a,p1b\n|-resisted|p1a: Koraidon\n|-damage|p1a: Koraidon|81/100\n|-damage|p1b: Calyrex|80/100\n|move|p2b: Calyrex|Seed Bomb|p1b: Calyrex\n|-damage|p1b: Calyrex|47/100\n|move|p1b: Calyrex|Glacial Lance|p2b: Calyrex|[spread] p2a,p2b\n|-resisted|p2a: alex\n|-supereffective|p2b: Calyrex\n|-damage|p2a: alex|72/100\n|-damage|p2b: Calyrex|9/100\n|\n|-weather|SunnyDay|[upkeep]\n|-heal|p1b: Calyrex|53/100|[from] item: Leftovers\n|upkeep\n|turn|3\n|\n|t:|1771840749\n|move|p1b: Calyrex|Protect|p1b: Calyrex\n|-singleturn|p1b: Calyrex|Protect\n|move|p1a: Koraidon|Protect|p1a: Koraidon\n|-singleturn|p1a: Koraidon|Protect\n|move|p2a: alex|Water Spout|p1b: Calyrex|[spread] \n|-activate|p1a: Koraidon|move: Protect\n|-activate|p1b: Calyrex|move: Protect\n|move|p2b: Calyrex|Glacial Lance|p1a: Koraidon|[spread] \n|-activate|p1a: Koraidon|move: Protect\n|-activate|p1b: Calyrex|move: Protect\n|\n|-weather|SunnyDay|[upkeep]\n|-heal|p1b: Calyrex|59/100|[from] item: Leftovers\n|upkeep\n|turn|4\n|\n|t:|1771840760\n|switch|p1a: Flutter Mane|Flutter Mane, L50|100/100\n|-activate|p1a: Flutter Mane|ability: Protosynthesis\n|-start|p1a: Flutter Mane|protosynthesisspe\n|move|p2a: alex|Water Spout|p1b: Calyrex|[spread] p1a,p1b\n|-damage|p1a: Flutter Mane|73/100\n|-damage|p1b: Calyrex|43/100\n|move|p2b: Calyrex|Glacial Lance|p1a: Flutter Mane|[spread] p1a,p1b\n|-resisted|p1b: Calyrex\n|-damage|p1a: Flutter Mane|0 fnt\n|-damage|p1b: Calyrex|23/100\n|faint|p1a: Flutter Mane\n|-end|p1a: Flutter Mane|Protosynthesis|[silent]\n|-ability|p2b: Calyrex|Chilling Neigh|boost\n|-boost|p2b: Calyrex|atk|1\n|move|p1b: Calyrex|Glacial Lance|p2b: Calyrex|[spread] p2a,p2b\n|-resisted|p2a: alex\n|-supereffective|p2b: Calyrex\n|-damage|p2a: alex|46/100\n|-damage|p2b: Calyrex|0 fnt\n|faint|p2b: Calyrex\n|-ability|p1b: Calyrex|Chilling Neigh|boost\n|-boost|p1b: Calyrex|atk|1\n|\n|-weather|SunnyDay|[upkeep]\n|-heal|p1b: Calyrex|29/100|[from] item: Leftovers\n|upkeep\n|\n|t:|1771840772\n|switch|p2b: Smeargle|Smeargle, L50, M|100/100\n|switch|p1a: Rillaboom|Rillaboom, L50, F|100/100\n|-fieldstart|move: Grassy Terrain|[from] ability: Grassy Surge|[of] p1a: Rillaboom\n|turn|5\n|\n|t:|1771840790\n|move|p2a: alex|Protect|p2a: alex\n|-singleturn|p2a: alex|Protect\n|move|p1a: Rillaboom|Fake Out|p2b: Smeargle\n|-damage|p2b: Smeargle|64/100\n|cant|p2b: Smeargle|flinch\n|move|p1b: Calyrex|Glacial Lance|p2a: alex|[spread] p2b\n|-activate|p2a: alex|move: Protect\n|-damage|p2b: Smeargle|0 fnt\n|faint|p2b: Smeargle\n|-ability|p1b: Calyrex|Chilling Neigh|boost\n|-boost|p1b: Calyrex|atk|1\n|\n|-weather|SunnyDay|[upkeep]\n|-heal|p2a: alex|52/100|[from] Grassy Terrain\n|-heal|p1b: Calyrex|35/100|[from] Grassy Terrain\n|-heal|p1b: Calyrex|41/100|[from] item: Leftovers\n|-fieldend|move: Trick Room\n|upkeep\n|\n|t:|1771840797\n|switch|p2b: Landorus|Landorus, L50, M|100/100\n|turn|6\n|\n|t:|1771840813\n|move|p2a: alex|Protect||[still]\n|-fail|p2a: alex\n|move|p1a: Rillaboom|Grassy Glide|p2a: alex\n|-supereffective|p2a: alex\n|-damage|p2a: alex|0 fnt\n|faint|p2a: alex\n|move|p2b: Landorus|Sandsear Storm|p1a: Rillaboom|[spread] p1a,p1b\n|-resisted|p1a: Rillaboom\n|-damage|p1a: Rillaboom|79/100\n|-damage|p1b: Calyrex|0 fnt\n|faint|p1b: Calyrex\n|\n|-weather|none\n|-heal|p1a: Rillaboom|85/100|[from] Grassy Terrain\n|upkeep\n|\n|t:|1771840819\n|switch|p1b: Koraidon|Koraidon, L50|81/100\n|-weather|SunnyDay|[from] ability: Orichalcum Pulse|[of] p1b: Koraidon\n|-activate|p1b: Koraidon|Orichalcum Pulse|[source]\n|turn|7\n|\n|t:|1771840827\n|move|p1a: Rillaboom|Grassy Glide|p2b: Landorus\n|-damage|p2b: Landorus|63/100\n|move|p1b: Koraidon|Flare Blitz|p2b: Landorus\n|-damage|p2b: Landorus|0 fnt\n|faint|p2b: Landorus\n|-damage|p1b: Koraidon|62/100|[from] Recoil\n|\n|win|BanKingambit69247\n|raw|BanKingambit69247's rating: 1399 &rarr; <strong>1421</strong><br />(+22 for winning)\n|raw|cpinalli4's rating: 1433 &rarr; <strong>1411</strong><br />(-22 for losing)\n|l|\u2606BanKingambit69247\n|player|p1|\n|l|\u2606cpinalli4\n|player|p2|\n","uploadtime":1771840829,"views":14,"formatid":"gen9vgc2026regi","rating":1411,"private":0,"password":null}