{"id":"gen9vgc2026regi-2517113452","format":"[Gen 9] VGC 2026 Reg I","players":["yudeshuang","dasabe\u76d6\u6b27\u5361\u4fa0"],"log":"|j|\u2606yudeshuang\n|j|\u2606dasabe\u76d6\u6b27\u5361\u4fa0\n|t:|1768230074\n|gametype|doubles\n|player|p1|yudeshuang|1|1280\n|player|p2|dasabe\u76d6\u6b27\u5361\u4fa0|may-masters4|1458\n|gen|9\n|tier|[Gen 9] VGC 2026 Reg I\n|rated|\n|rule|Species Clause: Limit one of each Pok\u00e9mon\n|rule|Item Clause: Limit 1 of each item\n|clearpoke\n|poke|p1|Lunala, L50|\n|poke|p1|Terapagos, L50, M|\n|poke|p1|Rillaboom, L50, F|\n|poke|p1|Incineroar, L50, M|\n|poke|p1|Sinistcha, L50|\n|poke|p1|Flutter Mane, L50|\n|poke|p2|Calyrex-Shadow, L50|\n|poke|p2|Koraidon, L50|\n|poke|p2|Chi-Yu, L50|\n|poke|p2|Tornadus, L50, M|\n|poke|p2|Indeedee-F, L50, F|\n|poke|p2|Smeargle, L50, F|\n|teampreview|4\n|inactive|Battle timer is ON: inactive players will automatically lose when time's up. (requested by dasabe\u76d6\u6b27\u5361\u4fa0)\n|\n|t:|1768230196\n|teamsize|p1|4\n|teamsize|p2|4\n|start\n|switch|p1a: Lunala|Lunala, L50|100/100\n|switch|p1b: Incineroar|Incineroar, L50, M|100/100\n|switch|p2a: \u9a6c\u6b7b\u4e86|Calyrex-Shadow, L50|100/100\n|switch|p2b: \u5c0f\u7b14\u7ea2\u80bf|Smeargle, L50, F, shiny|100/100\n|-ability|p2a: \u9a6c\u6b7b\u4e86|As One\n|-ability|p2a: \u9a6c\u6b7b\u4e86|Unnerve\n|-ability|p1b: Incineroar|Intimidate|boost\n|-unboost|p2a: \u9a6c\u6b7b\u4e86|atk|1\n|-unboost|p2b: \u5c0f\u7b14\u7ea2\u80bf|atk|1\n|turn|1\n|inactive|yudeshuang has 30 seconds left.\n|inactive|yudeshuang has 20 seconds left.\n|inactive|yudeshuang has 15 seconds left.\n|inactive|yudeshuang has 10 seconds left.\n|\n|t:|1768230243\n|switch|p1a: Terapagos|Terapagos, L50, M|100/100\n|-activate|p1a: Terapagos|ability: Tera Shift\n|detailschange|p1a: Terapagos|Terapagos-Terastal, L50, M\n|-heal|p1a: Terapagos|100/100|[silent]\n|move|p2b: \u5c0f\u7b14\u7ea2\u80bf|Fake Out|p1b: Incineroar\n|-damage|p1b: Incineroar|98/100\n|cant|p1b: Incineroar|flinch\n|move|p2a: \u9a6c\u6b7b\u4e86|Shadow Ball|p1a: Terapagos\n|-immune|p1a: Terapagos\n|\n|-ability|p2b: \u5c0f\u7b14\u7ea2\u80bf|Moody|boost\n|-boost|p2b: \u5c0f\u7b14\u7ea2\u80bf|spd|2\n|-unboost|p2b: \u5c0f\u7b14\u7ea2\u80bf|atk|1\n|upkeep\n|turn|2\n|inactive|yudeshuang has 30 seconds left.\n|\n|t:|1768230270\n|switch|p2a: \u4f60\u6731\u5417|Koraidon, L50, shiny|100/100\n|-weather|SunnyDay|[from] ability: Orichalcum Pulse|[of] p2a: \u4f60\u6731\u5417\n|-activate|p2a: \u4f60\u6731\u5417|Orichalcum Pulse|[source]\n|move|p1a: Terapagos|Protect|p1a: Terapagos\n|-singleturn|p1a: Terapagos|Protect\n|move|p2b: \u5c0f\u7b14\u7ea2\u80bf|Spore|p1b: Incineroar\n|-activate|p1b: Incineroar|item: Safety Goggles|Spore\n|move|p1b: Incineroar|Snarl|p2b: \u5c0f\u7b14\u7ea2\u80bf|[spread] p2a,p2b\n|-resisted|p2a: \u4f60\u6731\u5417\n|-damage|p2a: \u4f60\u6731\u5417|95/100\n|-damage|p2b: \u5c0f\u7b14\u7ea2\u80bf|89/100\n|-unboost|p2a: \u4f60\u6731\u5417|spa|1\n|-unboost|p2b: \u5c0f\u7b14\u7ea2\u80bf|spa|1\n|\n|-weather|SunnyDay|[upkeep]\n|-ability|p2b: \u5c0f\u7b14\u7ea2\u80bf|Moody|boost\n|-boost|p2b: \u5c0f\u7b14\u7ea2\u80bf|spd|2\n|-unboost|p2b: \u5c0f\u7b14\u7ea2\u80bf|spe|1\n|upkeep\n|turn|3\n|inactive|yudeshuang has 30 seconds left.\n|inactive|yudeshuang has 20 seconds left.\n|inactive|yudeshuang has 15 seconds left.\n|inactive|yudeshuang has 10 seconds left.\n|inactive|yudeshuang has 5 seconds left.\n|\n|t:|1768230325\n|move|p2b: \u5c0f\u7b14\u7ea2\u80bf|Wide Guard|p2b: \u5c0f\u7b14\u7ea2\u80bf\n|-singleturn|p2b: \u5c0f\u7b14\u7ea2\u80bf|Wide Guard\n|move|p2a: \u4f60\u6731\u5417|Close Combat|p1b: Incineroar\n|-supereffective|p1b: Incineroar\n|-damage|p1b: Incineroar|0 fnt\n|-unboost|p2a: \u4f60\u6731\u5417|def|1\n|-unboost|p2a: \u4f60\u6731\u5417|spd|1\n|faint|p1b: Incineroar\n|-damage|p2a: \u4f60\u6731\u5417|85/100|[from] item: Life Orb\n|move|p1a: Terapagos|Calm Mind|p1a: Terapagos\n|-boost|p1a: Terapagos|spa|1\n|-boost|p1a: Terapagos|spd|1\n|\n|-weather|SunnyDay|[upkeep]\n|-ability|p2b: \u5c0f\u7b14\u7ea2\u80bf|Moody|boost\n|-boost|p2b: \u5c0f\u7b14\u7ea2\u80bf|spe|2\n|-unboost|p2b: \u5c0f\u7b14\u7ea2\u80bf|atk|1\n|upkeep\n|\n|t:|1768230343\n|switch|p1b: Sinistcha|Sinistcha, L50|100/100\n|turn|4\n|inactive|yudeshuang has 30 seconds left.\n|inactive|yudeshuang has 20 seconds left.\n|inactive|yudeshuang has 15 seconds left.\n|\n|t:|1768230387\n|switch|p2b: \u9a6c\u6b7b\u4e86|Calyrex-Shadow, L50|100/100\n|-ability|p2b: \u9a6c\u6b7b\u4e86|As One\n|-ability|p2b: \u9a6c\u6b7b\u4e86|Unnerve\n|-terastallize|p1a: Terapagos|Stellar\n|detailschange|p1a: Terapagos|Terapagos-Stellar, L50, M, tera:Stellar\n|-heal|p1a: Terapagos|100/100|[silent]\n|-ability|p1a: Terapagos|Teraform Zero\n|-weather|none\n|move|p1b: Sinistcha|Rage Powder|p1b: Sinistcha\n|-singleturn|p1b: Sinistcha|move: Rage Powder\n|move|p2a: \u4f60\u6731\u5417|Flame Charge|p1b: Sinistcha\n|-supereffective|p1b: Sinistcha\n|-damage|p1b: Sinistcha|59/100\n|-boost|p2a: \u4f60\u6731\u5417|spe|1\n|-damage|p2a: \u4f60\u6731\u5417|75/100|[from] item: Life Orb\n|move|p1a: Terapagos|Tera Starstorm|p2b: \u9a6c\u6b7b\u4e86|[spread] p2a,p2b\n|-damage|p2a: \u4f60\u6731\u5417|0 fnt\n|-damage|p2b: \u9a6c\u6b7b\u4e86|48/100\n|faint|p2a: \u4f60\u6731\u5417\n|\n|upkeep\n|\n|t:|1768230394\n|switch|p2a: \u4f8d\u7684\u6211\u7231\u5bfc\u7ba1|Indeedee-F, L50, F, shiny|100/100\n|-fieldstart|move: Psychic Terrain|[from] ability: Psychic Surge|[of] p2a: \u4f8d\u7684\u6211\u7231\u5bfc\u7ba1\n|-enditem|p2a: \u4f8d\u7684\u6211\u7231\u5bfc\u7ba1|Psychic Seed\n|-boost|p2a: \u4f8d\u7684\u6211\u7231\u5bfc\u7ba1|spd|1|[from] item: Psychic Seed\n|turn|5\n|inactive|yudeshuang has 30 seconds left.\n|inactive|yudeshuang has 20 seconds left.\n|\n|t:|1768230432\n|move|p2a: \u4f8d\u7684\u6211\u7231\u5bfc\u7ba1|Helping Hand|p2b: \u9a6c\u6b7b\u4e86\n|-singleturn|p2b: \u9a6c\u6b7b\u4e86|Helping Hand|[of] p2a: \u4f8d\u7684\u6211\u7231\u5bfc\u7ba1\n|move|p2b: \u9a6c\u6b7b\u4e86|Expanding Force|p1b: Sinistcha|[spread] p1a,p1b\n|-damage|p1a: Terapagos|31/100\n|-damage|p1b: Sinistcha|0 fnt\n|faint|p1b: Sinistcha\n|-ability|p2b: \u9a6c\u6b7b\u4e86|Grim Neigh|boost\n|-boost|p2b: \u9a6c\u6b7b\u4e86|spa|1\n|move|p1a: Terapagos|Tera Starstorm|p2b: \u9a6c\u6b7b\u4e86|[spread] p2a,p2b\n|-damage|p2a: \u4f8d\u7684\u6211\u7231\u5bfc\u7ba1|69/100\n|-damage|p2b: \u9a6c\u6b7b\u4e86|0 fnt\n|faint|p2b: \u9a6c\u6b7b\u4e86\n|\n|-heal|p1a: Terapagos|37/100|[from] item: Leftovers\n|upkeep\n|-message|dasabe\u76d6\u6b27\u5361\u4fa0 forfeited.\n|\n|win|yudeshuang\n|raw|yudeshuang's rating: 1280 &rarr; <strong>1317</strong><br />(+37 for winning)\n|raw|dasabe\u76d6\u6b27\u5361\u4fa0's rating: 1458 &rarr; <strong>1429</strong><br />(-29 for losing)\n|l|\u2606dasabe\u76d6\u6b27\u5361\u4fa0\n|player|p2|\n|l|\u2606yudeshuang\n|player|p1|\n","uploadtime":1768230630,"views":11,"formatid":"gen9vgc2026regi","rating":1317,"private":0,"password":null}