{"id":"gen9vgc2026regi-2530880921","format":"[Gen 9] VGC 2026 Reg I","players":["jd8erh","pigzillla"],"log":"|j|\u2606jd8erh\n|j|\u2606pigzillla\n|t:|1769982820\n|gametype|doubles\n|player|p1|jd8erh|102|1262\n|player|p2|pigzillla|101|1157\n|gen|9\n|tier|[Gen 9] VGC 2026 Reg I\n|rated|\n|rule|Species Clause: Limit one of each Pok\u00e9mon\n|rule|Item Clause: Limit 1 of each item\n|clearpoke\n|poke|p1|Miraidon, L50|\n|poke|p1|Calyrex-Ice, L50|\n|poke|p1|Urshifu-*, L50, M|\n|poke|p1|Incineroar, L50, F|\n|poke|p1|Farigiraf, L50, F|\n|poke|p1|Ogerpon-Hearthflame, L50, F|\n|poke|p2|Torterra, L50, F|\n|poke|p2|Clefairy, L50, M|\n|poke|p2|Calyrex-Shadow, L50|\n|poke|p2|Incineroar, L50, M|\n|poke|p2|Miraidon, L50|\n|poke|p2|Urshifu-*, L50, F|\n|teampreview|4\n|inactive|Battle timer is ON: inactive players will automatically lose when time's up. (requested by jd8erh)\n|\n|t:|1769982844\n|teamsize|p1|4\n|teamsize|p2|4\n|start\n|switch|p1a: Calyrex|Calyrex-Ice, L50|100/100\n|switch|p1b: Incineroar|Incineroar, L50, F|100/100\n|switch|p2a: Torterra|Torterra, L50, F|100/100\n|switch|p2b: Clefairy|Clefairy, L50, M|100/100\n|-ability|p1a: Calyrex|As One\n|-ability|p1a: Calyrex|Unnerve\n|-ability|p1b: Incineroar|Intimidate|boost\n|-unboost|p2a: Torterra|atk|1\n|-unboost|p2b: Clefairy|atk|1\n|-enditem|p2a: Torterra|White Herb\n|-clearnegativeboost|p2a: Torterra|[silent]\n|turn|1\n|\n|t:|1769982857\n|-terastallize|p2a: Torterra|Fire\n|move|p2a: Torterra|Wide Guard|p2a: Torterra\n|-singleturn|p2a: Torterra|Wide Guard\n|move|p1b: Incineroar|Fake Out|p2a: Torterra\n|-damage|p2a: Torterra|93/100\n|move|p1a: Calyrex|Glacial Lance|p2a: Torterra|[spread] \n|-activate|p2a: Torterra|move: Wide Guard\n|-activate|p2b: Clefairy|move: Wide Guard\n|move|p2b: Clefairy|Encore|p1a: Calyrex\n|-start|p1a: Calyrex|Encore\n|\n|upkeep\n|turn|2\n|inactive|pigzillla has 30 seconds left.\n|\n|t:|1769982886\n|move|p2a: Torterra|Shell Smash|p2a: Torterra\n|-unboost|p2a: Torterra|def|1\n|-unboost|p2a: Torterra|spd|1\n|-boost|p2a: Torterra|atk|2\n|-boost|p2a: Torterra|spa|2\n|-boost|p2a: Torterra|spe|2\n|move|p1b: Incineroar|U-turn|p2a: Torterra\n|-resisted|p2a: Torterra\n|-damage|p2a: Torterra|83/100\n|\n|t:|1769982892\n|switch|p1b: Miraidon|Miraidon, L50|100/100|[from] U-turn\n|-fieldstart|move: Electric Terrain|[from] ability: Hadron Engine|[of] p1b: Miraidon\n|move|p1a: Calyrex|Glacial Lance|p2b: Clefairy|[spread] p2a,p2b\n|-resisted|p2a: Torterra\n|-damage|p2a: Torterra|50/100\n|-damage|p2b: Clefairy|44/100\n|move|p2b: Clefairy|Encore||[still]\n|-fail|p2b: Clefairy\n|\n|upkeep\n|turn|3\n|\n|t:|1769982903\n|switch|p1a: Incineroar|Incineroar, L50, F|100/100\n|-ability|p1a: Incineroar|Intimidate|boost\n|-unboost|p2a: Torterra|atk|1\n|-unboost|p2b: Clefairy|atk|1\n|move|p2a: Torterra|Headlong Rush|p1b: Miraidon\n|-supereffective|p1b: Miraidon\n|-damage|p1b: Miraidon|0 fnt\n|-unboost|p2a: Torterra|def|1\n|-unboost|p2a: Torterra|spd|1\n|faint|p1b: Miraidon\n|move|p2b: Clefairy|Icy Wind|p1a: Incineroar\n|-resisted|p1a: Incineroar\n|-damage|p1a: Incineroar|98/100\n|-unboost|p1a: Incineroar|spe|1\n|\n|upkeep\n|\n|t:|1769982911\n|switch|p1b: Calyrex|Calyrex-Ice, L50|100/100\n|-ability|p1b: Calyrex|As One\n|-ability|p1b: Calyrex|Unnerve\n|turn|4\n|\n|t:|1769982924\n|move|p2b: Clefairy|Follow Me|p2b: Clefairy\n|-singleturn|p2b: Clefairy|move: Follow Me\n|move|p2a: Torterra|Headlong Rush|p1a: Incineroar\n|-supereffective|p1a: Incineroar\n|-damage|p1a: Incineroar|0 fnt\n|-unboost|p2a: Torterra|def|1\n|-unboost|p2a: Torterra|spd|1\n|faint|p1a: Incineroar\n|move|p1b: Calyrex|Glacial Lance|p2a: Torterra|[spread] p2a,p2b\n|-resisted|p2a: Torterra\n|-damage|p2a: Torterra|0 fnt\n|-damage|p2b: Clefairy|0 fnt\n|faint|p2a: Torterra\n|faint|p2b: Clefairy\n|-ability|p1b: Calyrex|Chilling Neigh|boost\n|-boost|p1b: Calyrex|atk|2\n|\n|upkeep\n|\n|t:|1769982930\n|switch|p2a: Miraidon|Miraidon, L50|100/100\n|switch|p1a: Ogerpon|Ogerpon-Hearthflame, L50, F|100/100\n|switch|p2b: Calyrex|Calyrex-Shadow, L50|100/100\n|-ability|p2b: Calyrex|As One\n|-ability|p2b: Calyrex|Unnerve\n|-ability|p1a: Ogerpon|Mold Breaker\n|-activate|p2a: Miraidon|ability: Hadron Engine\n|turn|5\n|\n|t:|1769982943\n|-terastallize|p1b: Calyrex|Water\n|move|p1a: Ogerpon|Follow Me|p1a: Ogerpon\n|-singleturn|p1a: Ogerpon|move: Follow Me\n|move|p2b: Calyrex|Astral Barrage|p1b: Calyrex|[spread] p1a,p1b\n|-damage|p1a: Ogerpon|41/100\n|-damage|p1b: Calyrex|63/100\n|move|p2a: Miraidon|Draco Meteor|p1a: Ogerpon\n|-damage|p1a: Ogerpon|0 fnt\n|-unboost|p2a: Miraidon|spa|2\n|faint|p1a: Ogerpon\n|move|p1b: Calyrex|Trick Room|p1b: Calyrex\n|-fieldstart|move: Trick Room|[of] p1b: Calyrex\n|\n|upkeep\n|turn|6\n|\n|t:|1769982961\n|move|p1b: Calyrex|Glacial Lance|p2a: Miraidon|[spread] p2a,p2b\n|-supereffective|p2a: Miraidon\n|-damage|p2a: Miraidon|0 fnt\n|-damage|p2b: Calyrex|0 fnt\n|faint|p2a: Miraidon\n|faint|p2b: Calyrex\n|\n|win|jd8erh\n|raw|jd8erh's rating: 1262 &rarr; <strong>1280</strong><br />(+18 for winning)\n|raw|pigzillla's rating: 1157 &rarr; <strong>1139</strong><br />(-18 for losing)\n|l|\u2606pigzillla\n|player|p2|\n|c|\u2606jd8erh|Gg\n|l|\u2606jd8erh\n|player|p1|\n","uploadtime":1769983198,"views":21,"formatid":"gen9vgc2026regi","rating":1139,"private":0,"password":null}