{"id":"gen9vgc2026regi-2513192152","format":"[Gen 9] VGC 2026 Reg I","players":["viniboyrdc","taka89"],"log":"|j|\u2606viniboyrdc\n|j|\u2606taka89\n|t:|1767708806\n|gametype|doubles\n|player|p1|viniboyrdc|linebacker|1114\n|player|p2|taka89|clerk-boss|1182\n|gen|9\n|tier|[Gen 9] VGC 2026 Reg I\n|rated|\n|rule|Species Clause: Limit one of each Pok\u00e9mon\n|rule|Item Clause: Limit 1 of each item\n|clearpoke\n|poke|p1|Iron Moth, L50|\n|poke|p1|Miraidon, L50|\n|poke|p1|Electabuzz, L50, M|\n|poke|p1|Kleavor, L50, M|\n|poke|p1|Zamazenta-*, L50|\n|poke|p1|Iron Bundle, L50|\n|poke|p2|Calyrex-Ice, L50|\n|poke|p2|Miraidon, L50|\n|poke|p2|Incineroar, L50, M|\n|poke|p2|Urshifu-*, L50, M|\n|poke|p2|Whimsicott, L50, F|\n|poke|p2|Volcarona, L50, M|\n|teampreview|4\n|inactive|Battle timer is ON: inactive players will automatically lose when time's up. (requested by viniboyrdc)\n|\n|t:|1767708837\n|teamsize|p1|4\n|teamsize|p2|4\n|start\n|switch|p1a: Kleavor|Kleavor, L50, M, shiny|100/100\n|switch|p1b: Miraidon|Miraidon, L50|100/100\n|switch|p2a: Miraidon|Miraidon, L50|100/100\n|switch|p2b: Incineroar|Incineroar, L50, M|100/100\n|-fieldstart|move: Electric Terrain|[from] ability: Hadron Engine|[of] p2a: Miraidon\n|-enditem|p1b: Miraidon|Electric Seed\n|-boost|p1b: Miraidon|def|1|[from] item: Electric Seed\n|-activate|p1b: Miraidon|ability: Hadron Engine\n|-ability|p2b: Incineroar|Intimidate|boost\n|-fail|p1a: Kleavor|unboost|[from] item: Clear Amulet|[of] p1a: Kleavor\n|-unboost|p1b: Miraidon|atk|1\n|turn|1\n|inactive|taka89 has 30 seconds left.\n|\n|t:|1767708863\n|move|p1b: Miraidon|Protect|p1b: Miraidon\n|-singleturn|p1b: Miraidon|Protect\n|move|p2b: Incineroar|Fake Out|p1b: Miraidon\n|-activate|p1b: Miraidon|move: Protect\n|move|p2a: Miraidon|Electro Drift|p1a: Kleavor\n|-damage|p1a: Kleavor|0 fnt\n|faint|p1a: Kleavor\n|-damage|p2a: Miraidon|91/100|[from] item: Life Orb\n|\n|upkeep\n|\n|t:|1767708875\n|switch|p1a: Iron Moth|Iron Moth, L50|100/100\n|-activate|p1a: Iron Moth|ability: Quark Drive\n|-start|p1a: Iron Moth|quarkdrivespe\n|turn|2\n|inactive|taka89 has 30 seconds left.\n|\n|t:|1767708905\n|switch|p1b: Zamazenta|Zamazenta-Crowned, L50|100/100\n|-ability|p1b: Zamazenta|Dauntless Shield|boost\n|-boost|p1b: Zamazenta|def|1\n|move|p2a: Miraidon|Protect|p2a: Miraidon\n|-singleturn|p2a: Miraidon|Protect\n|move|p1a: Iron Moth|Sludge Wave|p2a: Miraidon|[spread] p2b\n|-activate|p2a: Miraidon|move: Protect\n|-immune|p1b: Zamazenta\n|-damage|p2b: Incineroar|76/100\n|move|p2b: Incineroar|Parting Shot|p1b: Zamazenta\n|-unboost|p1b: Zamazenta|atk|1\n|-unboost|p1b: Zamazenta|spa|1\n|\n|t:|1767708928\n|switch|p2b: Whimsicott|Whimsicott, L50, F|100/100|[from] Parting Shot\n|\n|upkeep\n|turn|3\n|inactive|taka89 has 30 seconds left.\n|inactive|taka89 has 20 seconds left.\n|inactive|taka89 has 15 seconds left.\n|\n|t:|1767708970\n|switch|p2b: Incineroar|Incineroar, L50, M|76/100\n|-ability|p2b: Incineroar|Intimidate|boost\n|-unboost|p1a: Iron Moth|atk|1\n|-unboost|p1b: Zamazenta|atk|1\n|move|p1a: Iron Moth|Sludge Wave|p2b: Incineroar|[spread] p2a,p2b\n|-immune|p1b: Zamazenta\n|-damage|p2a: Miraidon|60/100\n|-damage|p2b: Incineroar|50/100\n|move|p2a: Miraidon|Volt Switch|p1a: Iron Moth\n|-damage|p1a: Iron Moth|43/100\n|-damage|p2a: Miraidon|51/100|[from] item: Life Orb\n|\n|t:|1767708981\n|switch|p2a: Whimsicott|Whimsicott, L50, F|100/100|[from] Volt Switch\n|move|p1b: Zamazenta|Body Press|p2b: Incineroar\n|-supereffective|p2b: Incineroar\n|-damage|p2b: Incineroar|0 fnt\n|faint|p2b: Incineroar\n|\n|upkeep\n|\n|t:|1767708998\n|switch|p2b: Miraidon|Miraidon, L50|51/100\n|-activate|p2b: Miraidon|ability: Hadron Engine\n|turn|4\n|\n|t:|1767709008\n|move|p2a: Whimsicott|Tailwind|p2a: Whimsicott\n|-sidestart|p2: taka89|move: Tailwind\n|move|p2b: Miraidon|Volt Switch|p1a: Iron Moth\n|-damage|p1a: Iron Moth|0 fnt\n|faint|p1a: Iron Moth\n|-end|p1a: Iron Moth|Quark Drive|[silent]\n|-damage|p2b: Miraidon|41/100|[from] item: Life Orb\n|\n|t:|1767709023\n|switch|p2b: Volcarona|Volcarona, L50, M|100/100|[from] Volt Switch\n|-enditem|p2b: Volcarona|Electric Seed\n|-boost|p2b: Volcarona|def|1|[from] item: Electric Seed\n|move|p1b: Zamazenta|Body Press|p2a: Whimsicott\n|-resisted|p2a: Whimsicott\n|-damage|p2a: Whimsicott|66/100\n|\n|upkeep\n|\n|t:|1767709027\n|switch|p1a: Miraidon|Miraidon, L50|100/100\n|-activate|p1a: Miraidon|ability: Hadron Engine\n|turn|5\n|inactive|taka89 has 30 seconds left.\n|\n|t:|1767709052\n|move|p2a: Whimsicott|Light Screen|p2a: Whimsicott\n|-sidestart|p2: taka89|move: Light Screen\n|move|p2b: Volcarona|Quiver Dance|p2b: Volcarona\n|-boost|p2b: Volcarona|spa|1\n|-boost|p2b: Volcarona|spd|1\n|-boost|p2b: Volcarona|spe|1\n|move|p1a: Miraidon|Dazzling Gleam|p2b: Volcarona|[spread] p2a,p2b\n|-resisted|p2b: Volcarona\n|-damage|p2a: Whimsicott|45/100\n|-damage|p2b: Volcarona|95/100\n|move|p1b: Zamazenta|Behemoth Bash|p2a: Whimsicott\n|-supereffective|p2a: Whimsicott\n|-damage|p2a: Whimsicott|0 fnt\n|faint|p2a: Whimsicott\n|\n|-fieldend|move: Electric Terrain\n|upkeep\n|\n|t:|1767709064\n|switch|p2a: Miraidon|Miraidon, L50|41/100\n|-fieldstart|move: Electric Terrain|[from] ability: Hadron Engine|[of] p2a: Miraidon\n|turn|6\n|\n|t:|1767709078\n|-terastallize|p1a: Miraidon|Fairy\n|move|p2a: Miraidon|Protect|p2a: Miraidon\n|-singleturn|p2a: Miraidon|Protect\n|move|p2b: Volcarona|Fiery Dance|p1b: Zamazenta\n|-supereffective|p1b: Zamazenta\n|-damage|p1b: Zamazenta|42/100\n|-boost|p2b: Volcarona|spa|1\n|move|p1a: Miraidon|Dazzling Gleam|p2a: Miraidon|[spread] p2b\n|-activate|p2a: Miraidon|move: Protect\n|-resisted|p2b: Volcarona\n|-damage|p2b: Volcarona|86/100\n|move|p1b: Zamazenta|Body Press|p2b: Volcarona\n|-resisted|p2b: Volcarona\n|-damage|p2b: Volcarona|66/100\n|\n|upkeep\n|turn|7\n|\n|t:|1767709098\n|-terastallize|p2a: Miraidon|Electric\n|move|p1a: Miraidon|Protect|p1a: Miraidon\n|-singleturn|p1a: Miraidon|Protect\n|move|p2a: Miraidon|Electro Drift|p1a: Miraidon\n|-activate|p1a: Miraidon|move: Protect\n|move|p2b: Volcarona|Fiery Dance|p1b: Zamazenta\n|-supereffective|p1b: Zamazenta\n|-damage|p1b: Zamazenta|0 fnt\n|-boost|p2b: Volcarona|spa|1\n|faint|p1b: Zamazenta\n|\n|-sideend|p2: taka89|move: Tailwind\n|upkeep\n|turn|8\n|\n|t:|1767709108\n|move|p2a: Miraidon|Electro Drift|p1a: Miraidon\n|-damage|p1a: Miraidon|0 fnt\n|faint|p1a: Miraidon\n|-damage|p2a: Miraidon|32/100|[from] item: Life Orb\n|\n|win|taka89\n|raw|viniboyrdc's rating: 1114 &rarr; <strong>1094</strong><br />(-20 for losing)\n|raw|taka89's rating: 1182 &rarr; <strong>1202</strong><br />(+20 for winning)\n|l|\u2606viniboyrdc\n|player|p1|\n","uploadtime":1767709113,"views":44,"formatid":"gen9vgc2026regi","rating":1094,"private":0,"password":null}