{"id":"gen9vgc2026regi-2561741689","format":"[Gen 9] VGC 2026 Reg I","players":["slimeslatt252","cpxigao"],"log":"|j|\u2606slimeslatt252\n|j|\u2606cpxigao\n|t:|1773839186\n|gametype|doubles\n|player|p1|slimeslatt252|101|1349\n|player|p2|cpxigao|265|1427\n|gen|9\n|tier|[Gen 9] VGC 2026 Reg I\n|rated|\n|rule|Species Clause: Limit one of each Pok\u00e9mon\n|rule|Item Clause: Limit 1 of each item\n|clearpoke\n|poke|p1|Calyrex-Shadow, L50|\n|poke|p1|Koraidon, L50|\n|poke|p1|Incineroar, L50, M|\n|poke|p1|Raging Bolt, L50|\n|poke|p1|Brute Bonnet, L50|\n|poke|p1|Landorus, L50, M|\n|poke|p2|Terapagos, L50, M|\n|poke|p2|Lunala, L50|\n|poke|p2|Smeargle, L50, F|\n|poke|p2|Weezing-Galar, L50, F|\n|poke|p2|Murkrow, L50, M|\n|poke|p2|Ursaluna, L50, M|\n|teampreview|4\n|inactive|Battle timer is ON: inactive players will automatically lose when time's up. (requested by slimeslatt252)\nslimeslatt252 rejected open team sheets.\n|\n|t:|1773839197\n|teamsize|p1|4\n|teamsize|p2|4\n|start\n|switch|p1a: Brute Bonnet|Brute Bonnet, L50|100/100\n|switch|p1b: Calyrex|Calyrex-Shadow, L50|100/100\n|switch|p2a: Murkrow|Murkrow, L50, M|100/100\n|switch|p2b: Weezing|Weezing-Galar, L50, F|100/100\n|-ability|p2b: Weezing|Neutralizing Gas\n|-block|p2a: Murkrow|item: Ability Shield\n|-ability|p1b: Calyrex|As One\n|-ability|p1b: Calyrex|Unnerve\n|turn|1\n|inactive|slimeslatt252 has 30 seconds left.\n|inactive|slimeslatt252 has 20 seconds left.\n|inactive|slimeslatt252 has 15 seconds left.\n|inactive|slimeslatt252 has 10 seconds left.\n|\n|t:|1773839242\n|-end|p1a: Brute Bonnet|Protosynthesis|[silent]\n|switch|p1a: Incineroar|Incineroar, L50, M|100/100\n|move|p1b: Calyrex|Protect|p1b: Calyrex\n|-singleturn|p1b: Calyrex|Protect\n|move|p2a: Murkrow|Tailwind|p2a: Murkrow\n|-sidestart|p2: cpxigao|move: Tailwind\n|move|p2b: Weezing|Misty Explosion|p1a: Incineroar|[spread] p2a,p1a\n|-activate|p1b: Calyrex|move: Protect\n|-supereffective|p2a: Murkrow\n|-damage|p2a: Murkrow|0 fnt\n|-damage|p1a: Incineroar|67/100\n|faint|p2b: Weezing\n|-end|p2b: Weezing|ability: Neutralizing Gas\n|faint|p2a: Murkrow\n|\n|upkeep\n|\n|t:|1773839258\n|switch|p2b: Terapagos|Terapagos, L50, M|100/100\n|switch|p2a: Smeargle|Smeargle, L50, F|100/100\n|-activate|p2b: Terapagos|ability: Tera Shift\n|detailschange|p2b: Terapagos|Terapagos-Terastal, L50, M\n|-heal|p2b: Terapagos|100/100|[silent]\n|turn|2\n|\n|t:|1773839271\n|-terastallize|p2b: Terapagos|Stellar\n|detailschange|p2b: Terapagos|Terapagos-Stellar, L50, M, tera:Stellar\n|-heal|p2b: Terapagos|100/100|[silent]\n|move|p2a: Smeargle|Quick Guard|p2a: Smeargle\n|-singleturn|p2a: Smeargle|Quick Guard\n|move|p1a: Incineroar|Fake Out|p2a: Smeargle\n|-activate|p2a: Smeargle|move: Quick Guard\n|move|p2b: Terapagos|Tera Starstorm|p1a: Incineroar|[spread] p1a,p1b\n|-damage|p1a: Incineroar|11/100\n|-damage|p1b: Calyrex|42/100\n|move|p1b: Calyrex|Psychic|p2a: Smeargle\n|-enditem|p2a: Smeargle|Focus Sash\n|-damage|p2a: Smeargle|1/100\n|\n|upkeep\n|turn|3\n|inactive|slimeslatt252 has 30 seconds left.\n|\n|t:|1773839299\n|switch|p1b: Brute Bonnet|Brute Bonnet, L50|100/100\n|move|p2a: Smeargle|Decorate|p2b: Terapagos\n|-boost|p2b: Terapagos|atk|2\n|-boost|p2b: Terapagos|spa|2\n|move|p2b: Terapagos|Tera Starstorm|p1a: Incineroar|[spread] p1a,p1b\n|-damage|p1a: Incineroar|0 fnt\n|-damage|p1b: Brute Bonnet|0 fnt\n|faint|p1a: Incineroar\n|faint|p1b: Brute Bonnet\n|-end|p1b: Brute Bonnet|Protosynthesis|[silent]\n|\n|upkeep\n|\n|t:|1773839308\n|switch|p1b: Koraidon|Koraidon, L50|100/100\n|switch|p1a: Calyrex|Calyrex-Shadow, L50|42/100\n|-ability|p1a: Calyrex|As One\n|-ability|p1a: Calyrex|Unnerve\n|-weather|SunnyDay|[from] ability: Orichalcum Pulse|[of] p1b: Koraidon\n|-activate|p1b: Koraidon|Orichalcum Pulse|[source]\n|turn|4\n|\n|t:|1773839322\n|move|p1a: Calyrex|Protect|p1a: Calyrex\n|-singleturn|p1a: Calyrex|Protect\n|move|p1b: Koraidon|Protect|p1b: Koraidon\n|-singleturn|p1b: Koraidon|Protect\n|move|p2a: Smeargle|Feint|p1b: Koraidon\n|-activate|p1b: Koraidon|move: Feint\n|-crit|p1b: Koraidon\n|-damage|p1b: Koraidon|96/100\n|move|p2b: Terapagos|Tera Starstorm|p1a: Calyrex|[spread] p1b\n|-activate|p1a: Calyrex|move: Protect\n|-damage|p1b: Koraidon|0 fnt\n|faint|p1b: Koraidon\n|\n|-weather|SunnyDay|[upkeep]\n|-sideend|p2: cpxigao|move: Tailwind\n|upkeep\n|turn|5\n|-message|slimeslatt252 forfeited.\n|\n|win|cpxigao\n|raw|slimeslatt252's rating: 1349 &rarr; <strong>1333</strong><br />(-16 for losing)\n|raw|cpxigao's rating: 1427 &rarr; <strong>1443</strong><br />(+16 for winning)\n|l|\u2606slimeslatt252\n|player|p1|\n|l|\u2606cpxigao\n|player|p2|\n","uploadtime":1773839554,"views":10,"formatid":"gen9vgc2026regi","rating":1333,"private":0,"password":null}