{"id":"gen9vgc2026regi-2533847301","format":"[Gen 9] VGC 2026 Reg I","players":["inb_178","jd129"],"log":"|j|\u2606inb_178\n|j|\u2606jd129\n|t:|1770348662\n|gametype|doubles\n|player|p1|inb_178|266|1274\n|player|p2|jd129|169|1271\n|gen|9\n|tier|[Gen 9] VGC 2026 Reg I\n|rated|\n|rule|Species Clause: Limit one of each Pok\u00e9mon\n|rule|Item Clause: Limit 1 of each item\n|clearpoke\n|poke|p1|Miraidon, L50|\n|poke|p1|Lunala, L50|\n|poke|p1|Incineroar, L50, M|\n|poke|p1|Iron Bundle, L50|\n|poke|p1|Amoonguss, L50, M|\n|poke|p1|Sneasler, L50, F|\n|poke|p2|Miraidon, L50|\n|poke|p2|Calyrex-Shadow, L50|\n|poke|p2|Gholdengo, L50|\n|poke|p2|Iron Hands, L50|\n|poke|p2|Ogerpon-Wellspring, L50, F|\n|poke|p2|Ursaluna-Bloodmoon, L50, M|\n|teampreview|4\n|\n|t:|1770348693\n|teamsize|p1|4\n|teamsize|p2|4\n|start\n|switch|p1a: Miraidon|Miraidon, L50|100/100\n|switch|p1b: Iron Bundle|Iron Bundle, L50|100/100\n|switch|p2a: Ursaluna|Ursaluna-Bloodmoon, L50, M|100/100\n|switch|p2b: Gholdengo|Gholdengo, L50|100/100\n|-fieldstart|move: Electric Terrain|[from] ability: Hadron Engine|[of] p1a: Miraidon\n|-activate|p1b: Iron Bundle|ability: Quark Drive\n|-start|p1b: Iron Bundle|quarkdrivespe\n|turn|1\n|\n|t:|1770348711\n|move|p1b: Iron Bundle|Protect|p1b: Iron Bundle\n|-singleturn|p1b: Iron Bundle|Protect\n|move|p2b: Gholdengo|Make It Rain|p1b: Iron Bundle|[spread] p1a\n|-activate|p1b: Iron Bundle|move: Protect\n|-resisted|p1a: Miraidon\n|-damage|p1a: Miraidon|87/100\n|-unboost|p2b: Gholdengo|spa|1\n|move|p1a: Miraidon|Volt Switch|p2b: Gholdengo\n|-damage|p2b: Gholdengo|13/100\n|\n|t:|1770348723\n|switch|p1a: Incineroar|Incineroar, L50, M|100/100|[from] Volt Switch\n|-ability|p1a: Incineroar|Intimidate|boost\n|-unboost|p2a: Ursaluna|atk|1\n|-unboost|p2b: Gholdengo|atk|1\n|move|p2a: Ursaluna|Hyper Voice|p1a: Incineroar|[spread] p1a\n|-activate|p1b: Iron Bundle|move: Protect\n|-damage|p1a: Incineroar|66/100\n|\n|upkeep\n|turn|2\n|\n|t:|1770348740\n|move|p1a: Incineroar|Fake Out|p2a: Ursaluna\n|-crit|p2a: Ursaluna\n|-damage|p2a: Ursaluna|90/100\n|move|p1b: Iron Bundle|Ice Beam|p2a: Ursaluna\n|-supereffective|p2a: Ursaluna\n|-damage|p2a: Ursaluna|8/100\n|move|p2b: Gholdengo|Make It Rain|p1a: Incineroar|[spread] p1a,p1b\n|-resisted|p1a: Incineroar\n|-damage|p1a: Incineroar|51/100\n|-damage|p1b: Iron Bundle|40/100\n|-unboost|p2b: Gholdengo|spa|1\n|move|p2a: Ursaluna|Blood Moon|p1b: Iron Bundle\n|-crit|p1b: Iron Bundle\n|-damage|p1b: Iron Bundle|0 fnt\n|faint|p1b: Iron Bundle\n|-end|p1b: Iron Bundle|Quark Drive|[silent]\n|\n|upkeep\n|\n|t:|1770348765\n|switch|p1b: Sneasler|Sneasler, L50, F|100/100\n|-enditem|p1b: Sneasler|Electric Seed\n|-boost|p1b: Sneasler|def|1|[from] item: Electric Seed\n|turn|3\n|\n|t:|1770348776\n|move|p2a: Ursaluna|Protect|p2a: Ursaluna\n|-singleturn|p2a: Ursaluna|Protect\n|move|p1b: Sneasler|Dire Claw|p2a: Ursaluna\n|-activate|p2a: Ursaluna|move: Protect\n|move|p2b: Gholdengo|Make It Rain|p1a: Incineroar|[spread] p1a,p1b\n|-resisted|p1a: Incineroar\n|-damage|p1a: Incineroar|42/100\n|-damage|p1b: Sneasler|69/100\n|-unboost|p2b: Gholdengo|spa|1\n|move|p1a: Incineroar|Knock Off|p2b: Gholdengo\n|-supereffective|p2b: Gholdengo\n|-damage|p2b: Gholdengo|0 fnt\n|-enditem|p2b: Gholdengo|Choice Scarf|[from] move: Knock Off|[of] p1a: Incineroar\n|faint|p2b: Gholdengo\n|\n|upkeep\n|\n|t:|1770348791\n|switch|p2b: Iron Hands|Iron Hands, L50|100/100\n|-activate|p2b: Iron Hands|ability: Quark Drive\n|-start|p2b: Iron Hands|quarkdriveatk\n|turn|4\n|\n|t:|1770348799\n|move|p1b: Sneasler|Protect|p1b: Sneasler\n|-singleturn|p1b: Sneasler|Protect\n|move|p2b: Iron Hands|Fake Out|p1a: Incineroar\n|-damage|p1a: Incineroar|25/100\n|-enditem|p1a: Incineroar|Figy Berry|[eat]\n|-heal|p1a: Incineroar|58/100|[from] item: Figy Berry\n|cant|p1a: Incineroar|flinch\n|move|p2a: Ursaluna|Blood Moon|p1a: Incineroar\n|-damage|p1a: Incineroar|0 fnt\n|faint|p1a: Incineroar\n|\n|upkeep\n|\n|t:|1770348814\n|switch|p1a: Miraidon|Miraidon, L50|87/100\n|-activate|p1a: Miraidon|ability: Hadron Engine\n|turn|5\n|\n|t:|1770348846\n|-terastallize|p2b: Iron Hands|Grass\n|move|p1b: Sneasler|Close Combat|p2b: Iron Hands\n|-damage|p2b: Iron Hands|59/100\n|-unboost|p1b: Sneasler|def|1\n|-unboost|p1b: Sneasler|spd|1\n|move|p1a: Miraidon|Dragon Pulse|p2b: Iron Hands\n|-damage|p2b: Iron Hands|16/100\n|move|p2b: Iron Hands|Wild Charge|p1b: Sneasler\n|-damage|p1b: Sneasler|0 fnt\n|faint|p1b: Sneasler\n|-damage|p2b: Iron Hands|4/100|[from] Recoil\n|move|p2a: Ursaluna|Hyper Voice|p1a: Miraidon\n|-damage|p1a: Miraidon|62/100\n|\n|-fieldend|move: Electric Terrain\n|-end|p2b: Iron Hands|Quark Drive\n|upkeep\n|turn|6\n|-message|inb_178 forfeited.\n|\n|win|jd129\n|raw|inb_178's rating: 1274 &rarr; <strong>1249</strong><br />(-25 for losing)\n|raw|jd129's rating: 1271 &rarr; <strong>1296</strong><br />(+25 for winning)\n|l|\u2606inb_178\n|player|p1|\n|l|\u2606jd129\n|player|p2|\n","uploadtime":1770349106,"views":16,"formatid":"gen9vgc2026regi","rating":1249,"private":0,"password":null}