{"id":"gen9vgc2026regi-2570406074","format":"[Gen 9] VGC 2026 Reg I","players":["Rangerbatonage","Bman311"],"log":"|j|\u2606Rangerbatonage\n|j|\u2606Bman311\n|t:|1774808756\n|gametype|doubles\n|player|p1|Rangerbatonage|veteran|1463\n|player|p2|Bman311|2|1336\n|gen|9\n|tier|[Gen 9] VGC 2026 Reg I\n|rated|\n|rule|Species Clause: Limit one of each Pok\u00e9mon\n|rule|Item Clause: Limit 1 of each item\n|clearpoke\n|poke|p1|Miraidon, L50|\n|poke|p1|Lunala, L50|\n|poke|p1|Whimsicott, L50, M|\n|poke|p1|Incineroar, L50, M|\n|poke|p1|Ursaluna, L50, F|\n|poke|p1|Farigiraf, L50, F|\n|poke|p2|Calyrex-Shadow, L50|\n|poke|p2|Koraidon, L50|\n|poke|p2|Rillaboom, L50, F|\n|poke|p2|Incineroar, L50, M|\n|poke|p2|Volcarona, L50, F|\n|poke|p2|Regieleki, L50|\n|teampreview|4\n|inactive|Battle timer is ON: inactive players will automatically lose when time's up. (requested by Bman311)\n|inactive|Rangerbatonage also wants the timer to be on.\nBman311 has agreed to open team sheets.\n|\n|t:|1774808776\n|teamsize|p1|4\n|teamsize|p2|4\n|start\n|switch|p1a: Incineroar|Incineroar, L50, M|100/100\n|switch|p1b: Lunala|Lunala, L50|100/100\n|switch|p2a: Calyrex|Calyrex-Shadow, L50|100/100\n|switch|p2b: Incineroar|Incineroar, L50, M|100/100\n|-ability|p2a: Calyrex|As One\n|-ability|p2a: Calyrex|Unnerve\n|-ability|p1a: Incineroar|Intimidate|boost\n|-unboost|p2a: Calyrex|atk|1\n|-unboost|p2b: Incineroar|atk|1\n|-ability|p2b: Incineroar|Intimidate|boost\n|-unboost|p1a: Incineroar|atk|1\n|-unboost|p1b: Lunala|atk|1\n|turn|1\n|\n|t:|1774808800\n|switch|p1a: Ursaluna|Ursaluna, L50, F|100/100\n|-terastallize|p1b: Lunala|Fairy\n|move|p2b: Incineroar|Fake Out|p1a: Ursaluna\n|-damage|p1a: Ursaluna|95/100\n|move|p2a: Calyrex|Astral Barrage|p1b: Lunala|[spread] p1b\n|-immune|p1a: Ursaluna\n|-damage|p1b: Lunala|78/100\n|-damage|p2a: Calyrex|91/100|[from] item: Life Orb\n|move|p1b: Lunala|Trick Room|p1b: Lunala\n|-fieldstart|move: Trick Room|[of] p1b: Lunala\n|\n|-status|p1a: Ursaluna|brn|[from] item: Flame Orb\n|upkeep\n|turn|2\n|\n|t:|1774808820\n|switch|p2a: Rillaboom|Rillaboom, L50, F|100/100\n|-fieldstart|move: Grassy Terrain|[from] ability: Grassy Surge|[of] p2a: Rillaboom\n|-terastallize|p2b: Incineroar|Bug\n|move|p1a: Ursaluna|Facade|p2b: Incineroar\n|-damage|p2b: Incineroar|9/100\n|move|p2b: Incineroar|Parting Shot|p1a: Ursaluna\n|-unboost|p1a: Ursaluna|atk|1\n|-unboost|p1a: Ursaluna|spa|1\n|\n|t:|1774808835\n|switch|p2b: Calyrex|Calyrex-Shadow, L50|91/100|[from] Parting Shot\n|-ability|p2b: Calyrex|As One\n|-ability|p2b: Calyrex|Unnerve\n|move|p1b: Lunala|Moonblast|p2a: Rillaboom\n|-damage|p2a: Rillaboom|67/100\n|-unboost|p2a: Rillaboom|spa|1\n|\n|-heal|p1a: Ursaluna|100/100 brn|[from] Grassy Terrain\n|-heal|p2a: Rillaboom|73/100|[from] Grassy Terrain\n|-heal|p1b: Lunala|84/100|[from] Grassy Terrain\n|-heal|p2b: Calyrex|97/100|[from] Grassy Terrain\n|-damage|p1a: Ursaluna|94/100 brn|[from] brn\n|upkeep\n|turn|3\n|\n|t:|1774808843\n|switch|p1a: Farigiraf|Farigiraf, L50, F|100/100\n|move|p2a: Rillaboom|Fake Out||[still]\n|cant|p1a: Farigiraf|ability: Armor Tail|Fake Out|[of] p2a: Rillaboom\n|move|p1b: Lunala|Moongeist Beam|p2b: Calyrex\n|-supereffective|p2b: Calyrex\n|-damage|p2b: Calyrex|0 fnt\n|faint|p2b: Calyrex\n|\n|-heal|p2a: Rillaboom|79/100|[from] Grassy Terrain\n|-heal|p1b: Lunala|90/100|[from] Grassy Terrain\n|upkeep\n|\n|t:|1774808849\n|switch|p2b: Koraidon|Koraidon, L50|100/100\n|-weather|SunnyDay|[from] ability: Orichalcum Pulse|[of] p2b: Koraidon\n|-activate|p2b: Koraidon|Orichalcum Pulse|[source]\n|turn|4\n|\n|t:|1774808859\n|switch|p1a: Incineroar|Incineroar, L50, M|100/100\n|-ability|p1a: Incineroar|Intimidate|boost\n|-unboost|p2a: Rillaboom|atk|1\n|-fail|p2b: Koraidon|unboost|[from] item: Clear Amulet|[of] p2b: Koraidon\n|move|p2b: Koraidon|Protect|p2b: Koraidon\n|-singleturn|p2b: Koraidon|Protect\n|move|p2a: Rillaboom|U-turn|p1a: Incineroar\n|-damage|p1a: Incineroar|88/100\n|\n|t:|1774808863\n|switch|p2a: Incineroar|Incineroar, L50, M, tera:Bug|9/100|[from] U-turn\n|-ability|p2a: Incineroar|Intimidate|boost\n|-unboost|p1a: Incineroar|atk|1\n|-unboost|p1b: Lunala|atk|1\n|move|p1b: Lunala|Moonblast|p2b: Koraidon\n|-activate|p2b: Koraidon|move: Protect\n|\n|-weather|SunnyDay|[upkeep]\n|-heal|p2a: Incineroar|15/100|[from] Grassy Terrain\n|-heal|p1a: Incineroar|94/100|[from] Grassy Terrain\n|-heal|p1b: Lunala|96/100|[from] Grassy Terrain\n|upkeep\n|turn|5\n|\n|t:|1774808887\n|switch|p1a: Farigiraf|Farigiraf, L50, F|100/100\n|switch|p2b: Rillaboom|Rillaboom, L50, F|79/100\n|move|p2a: Incineroar|Parting Shot|p1b: Lunala\n|-unboost|p1b: Lunala|atk|1\n|-unboost|p1b: Lunala|spa|1\n|\n|t:|1774808894\n|switch|p2a: Koraidon|Koraidon, L50|100/100|[from] Parting Shot\n|-activate|p2a: Koraidon|ability: Orichalcum Pulse\n|move|p1b: Lunala|Moonblast|p2b: Rillaboom\n|-damage|p2b: Rillaboom|56/100\n|-unboost|p2b: Rillaboom|spa|1\n|\n|-weather|SunnyDay|[upkeep]\n|-heal|p2b: Rillaboom|62/100|[from] Grassy Terrain\n|-heal|p1b: Lunala|100/100|[from] Grassy Terrain\n|-fieldend|move: Trick Room\n|upkeep\n|turn|6\n|\n|t:|1774808907\n|move|p2a: Koraidon|Flare Blitz|p1b: Lunala\n|-damage|p1b: Lunala|65/100\n|-damage|p2a: Koraidon|87/100|[from] Recoil\n|move|p1b: Lunala|Moonblast|p2a: Koraidon\n|-supereffective|p2a: Koraidon\n|-damage|p2a: Koraidon|0 fnt\n|faint|p2a: Koraidon\n|move|p2b: Rillaboom|Wood Hammer|p1b: Lunala\n|-damage|p1b: Lunala|5/100\n|-damage|p2b: Rillaboom|38/100|[from] Recoil\n|move|p1a: Farigiraf|Trick Room|p1a: Farigiraf\n|-fieldstart|move: Trick Room|[of] p1a: Farigiraf\n|\n|-weather|SunnyDay|[upkeep]\n|-heal|p2b: Rillaboom|44/100|[from] Grassy Terrain\n|-heal|p1b: Lunala|11/100|[from] Grassy Terrain\n|-fieldend|move: Grassy Terrain\n|upkeep\n|\n|t:|1774808909\n|switch|p2a: Incineroar|Incineroar, L50, M, tera:Bug|15/100\n|-ability|p2a: Incineroar|Intimidate|boost\n|-unboost|p1a: Farigiraf|atk|1\n|-unboost|p1b: Lunala|atk|1\n|turn|7\n|\n|t:|1774808918\n|switch|p1b: Incineroar|Incineroar, L50, M|94/100\n|-ability|p1b: Incineroar|Intimidate|boost\n|-unboost|p2a: Incineroar|atk|1\n|-unboost|p2b: Rillaboom|atk|1\n|move|p2a: Incineroar|Knock Off|p1a: Farigiraf\n|-supereffective|p1a: Farigiraf\n|-damage|p1a: Farigiraf|57/100\n|-enditem|p1a: Farigiraf|Sitrus Berry|[from] move: Knock Off|[of] p2a: Incineroar\n|move|p1a: Farigiraf|Foul Play|p2a: Incineroar\n|-damage|p2a: Incineroar|3/100\n|move|p2b: Rillaboom|Wood Hammer|p1b: Incineroar\n|-resisted|p1b: Incineroar\n|-damage|p1b: Incineroar|76/100\n|-damage|p2b: Rillaboom|38/100|[from] Recoil\n|\n|-weather|SunnyDay|[upkeep]\n|upkeep\n|turn|8\n|-message|Bman311 forfeited.\n|\n|win|Rangerbatonage\n|raw|Rangerbatonage's rating: 1463 &rarr; <strong>1476</strong><br />(+13 for winning)\n|raw|Bman311's rating: 1336 &rarr; <strong>1323</strong><br />(-13 for losing)\n","uploadtime":1774808936,"views":33,"formatid":"gen9vgc2026regi","rating":1323,"private":0,"password":null}