{"id":"gen9vgc2026regi-2524635266","format":"[Gen 9] VGC 2026 Reg I","players":["liam.2025","Hoshinaaa"],"log":"|j|\u2606liam.2025\n|j|\u2606Hoshinaaa\n|t:|1769178522\n|gametype|doubles\n|player|p1|liam.2025|policeman|1413\n|player|p2|Hoshinaaa|rosa|1490\n|gen|9\n|tier|[Gen 9] VGC 2026 Reg I\n|rated|\n|rule|Species Clause: Limit one of each Pok\u00e9mon\n|rule|Item Clause: Limit 1 of each item\n|clearpoke\n|poke|p1|Murkrow, L50, F|\n|poke|p1|Weezing-Galar, L50, F|\n|poke|p1|Terapagos, L50, M|\n|poke|p1|Smeargle, L50, M|\n|poke|p1|Calyrex-Ice, L50|\n|poke|p1|Ursaluna, L50, F|\n|poke|p2|Grimmsnarl, L50, M|\n|poke|p2|Miraidon, L50|\n|poke|p2|Groudon, L50|\n|poke|p2|Volcarona, L50, F|\n|poke|p2|Sinistcha-Masterpiece, L50|\n|poke|p2|Farigiraf, L50, M|\n|teampreview|4\n|inactive|Battle timer is ON: inactive players will automatically lose when time's up. (requested by Hoshinaaa)\n|inactive|Hoshinaaa has 60 seconds left.\n|inactive|Hoshinaaa has 30 seconds left.\n|\n|t:|1769178588\n|teamsize|p1|4\n|teamsize|p2|4\n|start\n|switch|p1a: Murkrow|Murkrow, L50, F|100/100\n|switch|p1b: Weezing|Weezing-Galar, L50, F|100/100\n|switch|p2a: Miraidon|Miraidon, L50|100/100\n|switch|p2b: Farigiraf|Farigiraf, L50, M|100/100\n|-ability|p1b: Weezing|Neutralizing Gas\n|-block|p1a: Murkrow|item: Ability Shield\n|turn|1\n|inactive|Hoshinaaa has 30 seconds left.\n|\n|t:|1769178615\n|move|p1a: Murkrow|Protect|p1a: Murkrow\n|-singleturn|p1a: Murkrow|Protect\n|move|p2a: Miraidon|Protect|p2a: Miraidon\n|-singleturn|p2a: Miraidon|Protect\n|move|p1b: Weezing|Taunt|p2b: Farigiraf\n|-start|p2b: Farigiraf|move: Taunt\n|move|p2b: Farigiraf|Psychic Noise|p1b: Weezing\n|-supereffective|p1b: Weezing\n|-damage|p1b: Weezing|0 fnt\n|faint|p1b: Weezing\n|-end|p1b: Weezing|ability: Neutralizing Gas\n|-fieldstart|move: Electric Terrain|[from] ability: Hadron Engine|[of] p2a: Miraidon\n|-enditem|p2b: Farigiraf|Electric Seed\n|-boost|p2b: Farigiraf|def|1|[from] item: Electric Seed\n|\n|upkeep\n|\n|t:|1769178632\n|switch|p1b: Terapagos|Terapagos, L50, M|100/100\n|-activate|p1b: Terapagos|ability: Tera Shift\n|detailschange|p1b: Terapagos|Terapagos-Terastal, L50, M\n|-heal|p1b: Terapagos|100/100|[silent]\n|turn|2\n|\n|t:|1769178654\n|switch|p2a: \u6df1\u5ea6\u8fd1\u89c6|Groudon, L50|100/100\n|-weather|SunnyDay|[from] ability: Drought|[of] p2a: \u6df1\u5ea6\u8fd1\u89c6\n|-terastallize|p1b: Terapagos|Stellar\n|detailschange|p1b: Terapagos|Terapagos-Stellar, L50, M, tera:Stellar\n|-heal|p1b: Terapagos|100/100|[silent]\n|-ability|p1b: Terapagos|Teraform Zero\n|-weather|none\n|-fieldend|move: Electric Terrain\n|move|p1a: Murkrow|Tailwind|p1a: Murkrow\n|-sidestart|p1: liam.2025|move: Tailwind\n|move|p1b: Terapagos|Tera Starstorm|p2a: \u6df1\u5ea6\u8fd1\u89c6|[spread] p2a,p2b\n|-damage|p2a: \u6df1\u5ea6\u8fd1\u89c6|66/100\n|-damage|p2b: Farigiraf|42/100\n|move|p2b: Farigiraf|Psychic Noise|p1b: Terapagos\n|-damage|p1b: Terapagos|77/100\n|-start|p1b: Terapagos|move: Heal Block\n|\n|upkeep\n|turn|3\n|inactive|Hoshinaaa has 30 seconds left.\n|\n|t:|1769178681\n|move|p1b: Terapagos|Tera Starstorm|p2b: Farigiraf|[spread] p2a,p2b\n|-damage|p2a: \u6df1\u5ea6\u8fd1\u89c6|32/100\n|-damage|p2b: Farigiraf|0 fnt\n|faint|p2b: Farigiraf\n|move|p1a: Murkrow|Brave Bird|p2a: \u6df1\u5ea6\u8fd1\u89c6\n|-damage|p2a: \u6df1\u5ea6\u8fd1\u89c6|0 fnt\n|faint|p2a: \u6df1\u5ea6\u8fd1\u89c6\n|-damage|p1a: Murkrow|86/100|[from] Recoil\n|\n|-end|p1b: Terapagos|move: Heal Block\n|upkeep\n|\n|t:|1769178694\n|switch|p2a: Miraidon|Miraidon, L50|100/100\n|switch|p2b: Volcarona|Volcarona, L50, F|100/100\n|-fieldstart|move: Electric Terrain|[from] ability: Hadron Engine|[of] p2a: Miraidon\n|turn|4\n|\n|t:|1769178706\n|move|p2b: Volcarona|Protect|p2b: Volcarona\n|-singleturn|p2b: Volcarona|Protect\n|move|p1b: Terapagos|Tera Starstorm|p2b: Volcarona|[spread] p2a\n|-activate|p2b: Volcarona|move: Protect\n|-damage|p2a: Miraidon|44/100\n|move|p1a: Murkrow|Brave Bird|p2b: Volcarona\n|-activate|p2b: Volcarona|move: Protect\n|move|p2a: Miraidon|Parabolic Charge|p1b: Terapagos|[spread] p1a,p1b\n|-activate|p2b: Volcarona|move: Protect\n|-supereffective|p1a: Murkrow\n|-damage|p1a: Murkrow|0 fnt\n|-heal|p2a: Miraidon|76/100|[from] drain|[of] p1a: Murkrow\n|-damage|p1b: Terapagos|36/100\n|-heal|p2a: Miraidon|100/100|[from] drain|[of] p1b: Terapagos\n|faint|p1a: Murkrow\n|-damage|p2a: Miraidon|91/100|[from] item: Life Orb\n|\n|upkeep\n|\n|t:|1769178723\n|switch|p1a: Smeargle|Smeargle, L50, M|100/100\n|turn|5\n|\n|t:|1769178738\n|move|p2a: Miraidon|Protect|p2a: Miraidon\n|-singleturn|p2a: Miraidon|Protect\n|move|p1a: Smeargle|Decorate|p1b: Terapagos\n|-boost|p1b: Terapagos|atk|2\n|-boost|p1b: Terapagos|spa|2\n|move|p1b: Terapagos|Tera Starstorm|p2b: Volcarona|[spread] p2b\n|-activate|p2a: Miraidon|move: Protect\n|-damage|p2b: Volcarona|2/100\n|move|p2b: Volcarona|Heat Wave|p1b: Terapagos|[spread] p1a,p1b\n|-damage|p1a: Smeargle|16/100\n|-damage|p1b: Terapagos|13/100\n|\n|-sideend|p1: liam.2025|move: Tailwind\n|upkeep\n|turn|6\n|\n|t:|1769178762\n|move|p1a: Smeargle|Feint|p2b: Volcarona\n|-damage|p2b: Volcarona|0 fnt\n|faint|p2b: Volcarona\n|move|p2a: Miraidon|Electro Drift|p1b: Terapagos\n|-damage|p1b: Terapagos|0 fnt\n|faint|p1b: Terapagos\n|detailschange|p1: Terapagos|Terapagos, L50, M|[silent]\n|-damage|p2a: Miraidon|82/100|[from] item: Life Orb\n|\n|upkeep\n|turn|7\n|-message|liam.2025 forfeited.\n|\n|win|Hoshinaaa\n|raw|liam.2025's rating: 1413 &rarr; <strong>1397</strong><br />(-16 for losing)\n|raw|Hoshinaaa's rating: 1490 &rarr; <strong>1506</strong><br />(+16 for winning)\n|l|\u2606liam.2025\n|player|p1|\n|l|\u2606Hoshinaaa\n|player|p2|\n","uploadtime":1769178904,"views":17,"formatid":"gen9vgc2026regi","rating":1397,"private":0,"password":null}