{"id":"gen9vgc2026regi-2530474098","format":"[Gen 9] VGC 2026 Reg I","players":["SEITA","no1.pokemon"],"log":"|j|\u2606SEITA\n|j|\u2606no1.pokemon\n|t:|1769922472\n|gametype|doubles\n|player|p1|SEITA|169|1080\n|player|p2|no1.pokemon|n-masters|1170\n|gen|9\n|tier|[Gen 9] VGC 2026 Reg I\n|rated|\n|rule|Species Clause: Limit one of each Pok\u00e9mon\n|rule|Item Clause: Limit 1 of each item\n|clearpoke\n|poke|p1|Zamazenta-*, L50|\n|poke|p1|Kyogre, L50|\n|poke|p1|Grimmsnarl, L50, M|\n|poke|p1|Landorus, L50, M|\n|poke|p1|Wo-Chien, L50|\n|poke|p1|Ditto, L50|\n|poke|p2|Koraidon, L50|\n|poke|p2|Whimsicott, L50, F|\n|poke|p2|Calyrex-Shadow, L50|\n|poke|p2|Rillaboom, L50, F|\n|poke|p2|Flutter Mane, L50|\n|poke|p2|Farigiraf, L50, F|\n|teampreview|4\n|inactive|Battle timer is ON: inactive players will automatically lose when time's up. (requested by no1.pokemon)\n|inactive|SEITA has 60 seconds left.\n|\n|t:|1769922511\n|teamsize|p1|4\n|teamsize|p2|4\n|start\n|switch|p1a: Grimmsnarl|Grimmsnarl, L50, M|100/100\n|switch|p1b: Zamazenta|Zamazenta-Crowned, L50|100/100\n|switch|p2a: Flutter Mane|Flutter Mane, L50, shiny|100/100\n|switch|p2b: Rillaboom|Rillaboom, L50, F|100/100\n|-ability|p1b: Zamazenta|Dauntless Shield|boost\n|-boost|p1b: Zamazenta|def|1\n|-fieldstart|move: Grassy Terrain|[from] ability: Grassy Surge|[of] p2b: Rillaboom\n|-enditem|p2a: Flutter Mane|Booster Energy\n|-activate|p2a: Flutter Mane|ability: Protosynthesis|[fromitem]\n|-start|p2a: Flutter Mane|protosynthesisspe\n|turn|1\n|inactive|SEITA has 30 seconds left.\n|inactive|SEITA has 20 seconds left.\n|\n|t:|1769922549\n|move|p2b: Rillaboom|Fake Out|p1a: Grimmsnarl\n|-damage|p1a: Grimmsnarl|84/100\n|-damage|p2b: Rillaboom|91/100|[from] item: Life Orb\n|cant|p1a: Grimmsnarl|flinch\n|move|p2a: Flutter Mane|Taunt|p1a: Grimmsnarl\n|-start|p1a: Grimmsnarl|move: Taunt\n|move|p1b: Zamazenta|Iron Defense|p1b: Zamazenta\n|-boost|p1b: Zamazenta|def|2\n|\n|-heal|p2b: Rillaboom|97/100|[from] Grassy Terrain\n|-heal|p1a: Grimmsnarl|90/100|[from] Grassy Terrain\n|upkeep\n|turn|2\n|\n|t:|1769922574\n|switch|p1a: Kyogre|Kyogre, L50|100/100\n|-weather|RainDance|[from] ability: Drizzle|[of] p1a: Kyogre\n|move|p2a: Flutter Mane|Moonblast|p1a: Kyogre\n|-damage|p1a: Kyogre|70/100\n|move|p1b: Zamazenta|Body Press|p2b: Rillaboom\n|-damage|p2b: Rillaboom|0 fnt\n|faint|p2b: Rillaboom\n|\n|-weather|RainDance|[upkeep]\n|-heal|p1a: Kyogre|75/100|[from] Grassy Terrain\n|upkeep\n|\n|t:|1769922584\n|switch|p2b: Calyrex|Calyrex-Shadow, L50|100/100\n|-ability|p2b: Calyrex|As One\n|-ability|p2b: Calyrex|Unnerve\n|turn|3\n|inactive|SEITA has 30 seconds left.\n|inactive|SEITA has 20 seconds left.\n|inactive|SEITA has 15 seconds left.\n|\n|t:|1769922628\n|-terastallize|p2b: Calyrex|Ghost\n|move|p1a: Kyogre|Protect|p1a: Kyogre\n|-singleturn|p1a: Kyogre|Protect\n|move|p2a: Flutter Mane|Icy Wind|p1b: Zamazenta|[spread] p1b\n|-activate|p1a: Kyogre|move: Protect\n|-resisted|p1b: Zamazenta\n|-damage|p1b: Zamazenta|96/100\n|-unboost|p1b: Zamazenta|spe|1\n|move|p2b: Calyrex|Astral Barrage|p1a: Kyogre|[spread] p1b\n|-activate|p1a: Kyogre|move: Protect\n|-damage|p1b: Zamazenta|45/100\n|move|p1b: Zamazenta|Behemoth Bash|p2a: Flutter Mane\n|-supereffective|p2a: Flutter Mane\n|-damage|p2a: Flutter Mane|0 fnt\n|faint|p2a: Flutter Mane\n|-end|p2a: Flutter Mane|Protosynthesis|[silent]\n|\n|-weather|RainDance|[upkeep]\n|-heal|p1b: Zamazenta|51/100|[from] Grassy Terrain\n|-heal|p1a: Kyogre|81/100|[from] Grassy Terrain\n|upkeep\n|\n|t:|1769922647\n|switch|p2a: Koraidon|Koraidon, L50, shiny|100/100\n|-weather|SunnyDay|[from] ability: Orichalcum Pulse|[of] p2a: Koraidon\n|-activate|p2a: Koraidon|Orichalcum Pulse|[source]\n|turn|4\n|\n|t:|1769922665\n|switch|p1a: Wo-Chien|Wo-Chien, L50|100/100\n|-ability|p1a: Wo-Chien|Tablets of Ruin\n|move|p1b: Zamazenta|Protect|p1b: Zamazenta\n|-singleturn|p1b: Zamazenta|Protect\n|move|p2b: Calyrex|Astral Barrage|p1b: Zamazenta|[spread] p1a\n|-activate|p1b: Zamazenta|move: Protect\n|-resisted|p1a: Wo-Chien\n|-damage|p1a: Wo-Chien|72/100\n|move|p2a: Koraidon|Collision Course|p1b: Zamazenta\n|-activate|p1b: Zamazenta|move: Protect\n|\n|-weather|SunnyDay|[upkeep]\n|-heal|p1b: Zamazenta|57/100|[from] Grassy Terrain\n|-heal|p1a: Wo-Chien|79/100|[from] Grassy Terrain\n|-heal|p1a: Wo-Chien|85/100|[from] item: Leftovers\n|upkeep\n|turn|5\n|inactive|SEITA has 30 seconds left.\n|inactive|SEITA has 20 seconds left.\n|\n|t:|1769922704\n|move|p1b: Zamazenta|Protect|p1b: Zamazenta\n|-singleturn|p1b: Zamazenta|Protect\n|move|p1a: Wo-Chien|Protect|p1a: Wo-Chien\n|-singleturn|p1a: Wo-Chien|Protect\n|move|p2b: Calyrex|Astral Barrage|p1b: Zamazenta|[spread] \n|-activate|p1a: Wo-Chien|move: Protect\n|-activate|p1b: Zamazenta|move: Protect\n|move|p2a: Koraidon|Collision Course|p1a: Wo-Chien\n|-activate|p1a: Wo-Chien|move: Protect\n|\n|-weather|SunnyDay|[upkeep]\n|-heal|p1a: Wo-Chien|91/100|[from] Grassy Terrain\n|-heal|p1b: Zamazenta|63/100|[from] Grassy Terrain\n|-heal|p1a: Wo-Chien|97/100|[from] item: Leftovers\n|-fieldend|move: Grassy Terrain\n|upkeep\n|turn|6\n|inactive|SEITA has 30 seconds left.\n|inactive|SEITA has 20 seconds left.\n|inactive|SEITA has 15 seconds left.\n|\n|t:|1769922748\n|switch|p1b: Kyogre|Kyogre, L50|81/100\n|-weather|RainDance|[from] ability: Drizzle|[of] p1b: Kyogre\n|move|p2b: Calyrex|Astral Barrage|p1a: Wo-Chien|[spread] p1a,p1b\n|-resisted|p1a: Wo-Chien\n|-damage|p1a: Wo-Chien|72/100\n|-damage|p1b: Kyogre|35/100\n|move|p2a: Koraidon|Collision Course|p1b: Kyogre\n|-damage|p1b: Kyogre|1/100\n|move|p1a: Wo-Chien|Leech Seed|p2b: Calyrex\n|-start|p2b: Calyrex|move: Leech Seed\n|\n|-weather|RainDance|[upkeep]\n|-heal|p1a: Wo-Chien|79/100|[from] item: Leftovers\n|-damage|p2b: Calyrex|88/100|[from] Leech Seed|[of] p1a: Wo-Chien\n|-heal|p1a: Wo-Chien|90/100|[silent]\n|upkeep\n|turn|7\n|inactive|SEITA has 30 seconds left.\n|inactive|SEITA has 20 seconds left.\n|\n|t:|1769922785\n|move|p1b: Kyogre|Protect|p1b: Kyogre\n|-singleturn|p1b: Kyogre|Protect\n|move|p2b: Calyrex|Astral Barrage|p1b: Kyogre|[spread] p1a\n|-activate|p1b: Kyogre|move: Protect\n|-resisted|p1a: Wo-Chien\n|-damage|p1a: Wo-Chien|61/100\n|move|p2a: Koraidon|Collision Course|p1a: Wo-Chien\n|-supereffective|p1a: Wo-Chien\n|-damage|p1a: Wo-Chien|0 fnt\n|faint|p1a: Wo-Chien\n|\n|-weather|RainDance|[upkeep]\n|upkeep\n|inactive|SEITA has 30 seconds left.\n|\n|t:|1769922819\n|switch|p1a: Grimmsnarl|Grimmsnarl, L50, M|90/100\n|turn|8\n|\n|t:|1769922830\n|move|p1b: Kyogre|Protect||[still]\n|-fail|p1b: Kyogre\n|move|p2b: Calyrex|Nasty Plot|p2b: Calyrex\n|-boost|p2b: Calyrex|spa|2\n|move|p2a: Koraidon|Flame Charge|p1b: Kyogre\n|-resisted|p1b: Kyogre\n|-damage|p1b: Kyogre|0 fnt\n|-boost|p2a: Koraidon|spe|1\n|faint|p1b: Kyogre\n|move|p1a: Grimmsnarl|Spirit Break|p2a: Koraidon\n|-supereffective|p2a: Koraidon\n|-damage|p2a: Koraidon|0 fnt\n|faint|p2a: Koraidon\n|\n|-weather|RainDance|[upkeep]\n|-damage|p2b: Calyrex|76/100|[from] Leech Seed|[of] p1a: Grimmsnarl\n|-heal|p1a: Grimmsnarl|99/100|[silent]\n|upkeep\n|\n|t:|1769922848\n|switch|p1b: Zamazenta|Zamazenta-Crowned, L50|63/100\n|turn|9\n|\n|t:|1769922866\n|move|p2b: Calyrex|Protect|p2b: Calyrex\n|-singleturn|p2b: Calyrex|Protect\n|move|p1b: Zamazenta|Protect|p1b: Zamazenta\n|-singleturn|p1b: Zamazenta|Protect\n|move|p1a: Grimmsnarl|Light Screen|p1a: Grimmsnarl\n|-sidestart|p1: SEITA|move: Light Screen\n|\n|-weather|RainDance|[upkeep]\n|-damage|p2b: Calyrex|64/100|[from] Leech Seed|[of] p1a: Grimmsnarl\n|-heal|p1a: Grimmsnarl|100/100|[silent]\n|upkeep\n|turn|10\n|\n|t:|1769922880\n|move|p1a: Grimmsnarl|Parting Shot|p2b: Calyrex\n|-unboost|p2b: Calyrex|atk|1\n|-unboost|p2b: Calyrex|spa|1\n|move|p2b: Calyrex|Astral Barrage|p1b: Zamazenta|[spread] p1a,p1b\n|-resisted|p1a: Grimmsnarl\n|-damage|p1a: Grimmsnarl|60/100\n|-damage|p1b: Zamazenta|9/100\n|move|p1b: Zamazenta|Behemoth Bash|p2b: Calyrex\n|-damage|p2b: Calyrex|16/100\n|\n|-weather|none\n|-damage|p2b: Calyrex|4/100|[from] Leech Seed|[of] p1a: Grimmsnarl\n|-heal|p1a: Grimmsnarl|71/100|[silent]\n|upkeep\n|turn|11\n|-message|no1.pokemon forfeited.\n|\n|win|SEITA\n|raw|SEITA's rating: 1080 &rarr; <strong>1115</strong><br />(+35 for winning)\n|raw|no1.pokemon's rating: 1170 &rarr; <strong>1139</strong><br />(-31 for losing)\n|l|\u2606no1.pokemon\n|player|p2|\n","uploadtime":1769923263,"views":12,"formatid":"gen9vgc2026regi","rating":1115,"private":0,"password":null}