{"id":"gen9vgc2026regi-2523966716","format":"[Gen 9] VGC 2026 Reg I","players":["liam.2025","xiaoliyunVGC"],"log":"|j|\u2606liam.2025\n|j|\u2606xiaoliyunVGC\n|t:|1769095526\n|gametype|doubles\n|player|p1|liam.2025|policeman|1401\n|player|p2|xiaoliyunVGC|liko|1548\n|gen|9\n|tier|[Gen 9] VGC 2026 Reg I\n|rated|\n|rule|Species Clause: Limit one of each Pok\u00e9mon\n|rule|Item Clause: Limit 1 of each item\n|clearpoke\n|poke|p1|Murkrow, L50, M|\n|poke|p1|Weezing-Galar, L50, F|\n|poke|p1|Terapagos, L50, M|\n|poke|p1|Smeargle, L50, F|\n|poke|p1|Calyrex-Ice, L50|\n|poke|p1|Ursaluna, L50, M|\n|poke|p2|Zamazenta-*, L50|\n|poke|p2|Kyogre, L50|\n|poke|p2|Raichu, L50, M|\n|poke|p2|Flutter Mane, L50|\n|poke|p2|Tornadus, L50, M|\n|poke|p2|Kingambit, L50, F|\n|teampreview|4\n|inactive|Battle timer is ON: inactive players will automatically lose when time's up. (requested by xiaoliyunVGC)\n|\n|t:|1769095554\n|teamsize|p1|4\n|teamsize|p2|4\n|start\n|switch|p1a: Smeargle|Smeargle, L50, F|100/100\n|switch|p1b: Calyrex|Calyrex-Ice, L50|100/100\n|switch|p2a: Zamazenta|Zamazenta-Crowned, L50, shiny|100/100\n|switch|p2b: Raichu|Raichu, L50, M|100/100\n|-ability|p1b: Calyrex|As One\n|-ability|p1b: Calyrex|Unnerve\n|-ability|p2a: Zamazenta|Dauntless Shield|boost\n|-boost|p2a: Zamazenta|def|1\n|turn|1\n|\n|t:|1769095567\n|move|p2b: Raichu|Fake Out|p1a: Smeargle\n|-damage|p1a: Smeargle|75/100\n|cant|p1a: Smeargle|flinch\n|move|p2a: Zamazenta|Body Press|p1a: Smeargle\n|-supereffective|p1a: Smeargle\n|-damage|p1a: Smeargle|0 fnt\n|faint|p1a: Smeargle\n|move|p1b: Calyrex|Trick Room|p1b: Calyrex\n|-fieldstart|move: Trick Room|[of] p1b: Calyrex\n|\n|upkeep\n|inactive|liam.2025 has 30 seconds left.\n|inactive|liam.2025 has 20 seconds left.\n|\n|t:|1769095607\n|switch|p1a: Terapagos|Terapagos, L50, M|100/100\n|-activate|p1a: Terapagos|ability: Tera Shift\n|detailschange|p1a: Terapagos|Terapagos-Terastal, L50, M\n|-heal|p1a: Terapagos|100/100|[silent]\n|turn|2\n|\n|t:|1769095626\n|move|p2b: Raichu|Feint|p1a: Terapagos\n|-activate|p1a: Terapagos|ability: Tera Shell\n|-resisted|p1a: Terapagos\n|-damage|p1a: Terapagos|97/100\n|move|p1b: Calyrex|High Horsepower|p2b: Raichu\n|-supereffective|p2b: Raichu\n|-enditem|p2b: Raichu|Focus Sash\n|-damage|p2b: Raichu|1/100\n|move|p1a: Terapagos|Tera Starstorm|p2b: Raichu\n|-damage|p2b: Raichu|0 fnt\n|faint|p2b: Raichu\n|move|p2a: Zamazenta|Body Press|p1a: Terapagos\n|-supereffective|p1a: Terapagos\n|-damage|p1a: Terapagos|0 fnt\n|faint|p1a: Terapagos\n|\n|upkeep\n|\n|t:|1769095642\n|switch|p1a: Ursaluna|Ursaluna, L50, M|100/100\n|switch|p2b: Kingambit|Kingambit, L50, F|100/100\n|turn|3\n|inactive|liam.2025 has 30 seconds left.\n|inactive|xiaoliyunVGC has 30 seconds left.\n|inactive|liam.2025 has 20 seconds left.\n|inactive|xiaoliyunVGC has 20 seconds left.\n|inactive|liam.2025 has 15 seconds left.\n|inactive|xiaoliyunVGC has 15 seconds left.\n|inactive|liam.2025 has 10 seconds left.\n|\n|t:|1769095689\n|-terastallize|p1a: Ursaluna|Ghost\n|move|p1a: Ursaluna|Headlong Rush|p2b: Kingambit\n|-supereffective|p2b: Kingambit\n|-damage|p2b: Kingambit|0 fnt\n|-unboost|p1a: Ursaluna|def|1\n|-unboost|p1a: Ursaluna|spd|1\n|faint|p2b: Kingambit\n|move|p1b: Calyrex|High Horsepower|p2a: Zamazenta\n|-supereffective|p2a: Zamazenta\n|-damage|p2a: Zamazenta|73/100\n|move|p2a: Zamazenta|Body Press|p1b: Calyrex\n|-damage|p1b: Calyrex|55/100\n|\n|-status|p1a: Ursaluna|brn|[from] item: Flame Orb\n|upkeep\n|\n|t:|1769095703\n|switch|p2b: Kyogre|Kyogre, L50|100/100\n|-weather|RainDance|[from] ability: Drizzle|[of] p2b: Kyogre\n|turn|4\n|\n|t:|1769095724\n|move|p1a: Ursaluna|Facade|p2b: Kyogre\n|-damage|p2b: Kyogre|0 fnt\n|faint|p2b: Kyogre\n|move|p1b: Calyrex|High Horsepower|p2a: Zamazenta\n|-supereffective|p2a: Zamazenta\n|-damage|p2a: Zamazenta|46/100\n|move|p2a: Zamazenta|Behemoth Bash|p1a: Ursaluna\n|-damage|p1a: Ursaluna|52/100 brn\n|\n|-weather|RainDance|[upkeep]\n|-damage|p1a: Ursaluna|46/100 brn|[from] brn\n|upkeep\n|turn|5\n|c|\u2606liam.2025|gg\n|\n|t:|1769095743\n|move|p2a: Zamazenta|Protect|p2a: Zamazenta\n|-singleturn|p2a: Zamazenta|Protect\n|move|p1a: Ursaluna|Headlong Rush|p2a: Zamazenta\n|-activate|p2a: Zamazenta|move: Protect\n|move|p1b: Calyrex|High Horsepower|p2a: Zamazenta\n|-activate|p2a: Zamazenta|move: Protect\n|\n|-weather|RainDance|[upkeep]\n|-damage|p1a: Ursaluna|41/100 brn|[from] brn\n|-fieldend|move: Trick Room\n|upkeep\n|turn|6\n|\n|t:|1769095761\n|move|p1a: Ursaluna|Protect|p1a: Ursaluna\n|-singleturn|p1a: Ursaluna|Protect\n|move|p2a: Zamazenta|Behemoth Bash|p1a: Ursaluna\n|-activate|p1a: Ursaluna|move: Protect\n|move|p1b: Calyrex|High Horsepower|p2a: Zamazenta\n|-supereffective|p2a: Zamazenta\n|-damage|p2a: Zamazenta|17/100\n|\n|-weather|RainDance|[upkeep]\n|-damage|p1a: Ursaluna|35/100 brn|[from] brn\n|upkeep\n|turn|7\n|\n|t:|1769095777\n|-terastallize|p2a: Zamazenta|Fighting\n|move|p2a: Zamazenta|Behemoth Bash|p1a: Ursaluna\n|-damage|p1a: Ursaluna|0 fnt\n|faint|p1a: Ursaluna\n|move|p1b: Calyrex|High Horsepower|p2a: Zamazenta\n|-damage|p2a: Zamazenta|5/100\n|\n|-weather|RainDance|[upkeep]\n|upkeep\n|turn|8\n|\n|t:|1769095791\n|move|p2a: Zamazenta|Body Press|p1b: Calyrex\n|-damage|p1b: Calyrex|0 fnt\n|faint|p1b: Calyrex\n|\n|win|xiaoliyunVGC\n|raw|liam.2025's rating: 1401 &rarr; <strong>1389</strong><br />(-12 for losing)\n|raw|xiaoliyunVGC's rating: 1548 &rarr; <strong>1560</strong><br />(+12 for winning)\n|l|\u2606liam.2025\n|player|p1|\n|c|\u2606xiaoliyunVGC|gg\n","uploadtime":1769095935,"views":18,"formatid":"gen9vgc2026regi","rating":1389,"private":0,"password":null}