{"id":"gen9vgc2026regi-2560839384","format":"[Gen 9] VGC 2026 Reg I","players":["newlandosrock","LechonkBro"],"log":"|j|\u2606newlandosrock\n|j|\u2606LechonkBro\n|t:|1773735648\n|gametype|doubles\n|player|p1|newlandosrock|266|1446\n|player|p2|LechonkBro|265|1568\n|gen|9\n|tier|[Gen 9] VGC 2026 Reg I\n|rated|\n|rule|Species Clause: Limit one of each Pok\u00e9mon\n|rule|Item Clause: Limit 1 of each item\n|clearpoke\n|poke|p1|Miraidon, L50|\n|poke|p1|Lunala, L50|\n|poke|p1|Whimsicott, L50, F|\n|poke|p1|Urshifu-*, L50, M|\n|poke|p1|Incineroar, L50, F|\n|poke|p1|Ursaluna, L50, M|\n|poke|p2|Chien-Pao, L50|\n|poke|p2|Calyrex-Shadow, L50|\n|poke|p2|Dondozo, L50, M|\n|poke|p2|Zamazenta-*, L50|\n|poke|p2|Dragonite, L50, F|\n|poke|p2|Tatsugiri, L50, F|\n|teampreview|4\n|inactive|Battle timer is ON: inactive players will automatically lose when time's up. (requested by LechonkBro)\n|\n|t:|1773735673\n|teamsize|p1|4\n|teamsize|p2|4\n|start\n|switch|p1a: Miraidon|Miraidon, L50|100/100\n|switch|p1b: Incineroar|Incineroar, L50, F|100/100\n|switch|p2a: Chien-Pao|Chien-Pao, L50|100/100\n|switch|p2b: Zamazenta|Zamazenta-Crowned, L50|100/100\n|-ability|p2a: Chien-Pao|Sword of Ruin\n|-fieldstart|move: Electric Terrain|[from] ability: Hadron Engine|[of] p1a: Miraidon\n|-ability|p2b: Zamazenta|Dauntless Shield|boost\n|-boost|p2b: Zamazenta|def|1\n|-ability|p1b: Incineroar|Intimidate|boost\n|-unboost|p2a: Chien-Pao|atk|1\n|-unboost|p2b: Zamazenta|atk|1\n|turn|1\n|inactive|newlandosrock has 30 seconds left.\n|\n|t:|1773735702\n|switch|p1a: Whimsicott|Whimsicott, L50, F|100/100\n|-terastallize|p2a: Chien-Pao|Ghost\n|-terastallize|p1b: Incineroar|Bug\n|move|p1b: Incineroar|Fake Out|p2a: Chien-Pao\n|-immune|p2a: Chien-Pao\n|move|p2a: Chien-Pao|Ice Spinner|p1a: Whimsicott\n|-supereffective|p1a: Whimsicott\n|-damage|p1a: Whimsicott|11/100\n|-fieldend|move: Electric Terrain\n|move|p2b: Zamazenta|Body Press|p1b: Incineroar\n|-resisted|p1b: Incineroar\n|-damage|p1b: Incineroar|58/100\n|\n|upkeep\n|turn|2\n|inactive|newlandosrock has 30 seconds left.\n|inactive|LechonkBro has 30 seconds left.\n|inactive|newlandosrock has 20 seconds left.\n|\n|t:|1773735738\n|move|p1a: Whimsicott|Tailwind|p1a: Whimsicott\n|-sidestart|p1: newlandosrock|move: Tailwind\n|move|p2a: Chien-Pao|Ice Spinner|p1b: Incineroar\n|-damage|p1b: Incineroar|26/100\n|move|p1b: Incineroar|Knock Off|p2a: Chien-Pao\n|-supereffective|p2a: Chien-Pao\n|-enditem|p2a: Chien-Pao|Focus Sash\n|-damage|p2a: Chien-Pao|1/100\n|move|p2b: Zamazenta|Body Press|p1b: Incineroar\n|-resisted|p1b: Incineroar\n|-damage|p1b: Incineroar|0 fnt\n|faint|p1b: Incineroar\n|\n|upkeep\n|\n|t:|1773735757\n|switch|p1b: Miraidon|Miraidon, L50|100/100\n|-fieldstart|move: Electric Terrain|[from] ability: Hadron Engine|[of] p1b: Miraidon\n|turn|3\n|\n|t:|1773735771\n|move|p2b: Zamazenta|Protect|p2b: Zamazenta\n|-singleturn|p2b: Zamazenta|Protect\n|move|p2a: Chien-Pao|Sucker Punch|p1a: Whimsicott\n|-resisted|p1a: Whimsicott\n|-crit|p1a: Whimsicott\n|-damage|p1a: Whimsicott|0 fnt\n|faint|p1a: Whimsicott\n|move|p1b: Miraidon|Electro Drift|p2b: Zamazenta\n|-activate|p2b: Zamazenta|move: Protect\n|\n|upkeep\n|\n|t:|1773735780\n|switch|p1a: Lunala|Lunala, L50|100/100\n|-enditem|p1a: Lunala|Electric Seed\n|-boost|p1a: Lunala|def|1|[from] item: Electric Seed\n|turn|4\n|\n|t:|1773735802\n|move|p1b: Miraidon|Electro Drift|p2b: Zamazenta\n|-damage|p2b: Zamazenta|10/100\n|-damage|p1b: Miraidon|91/100|[from] item: Life Orb\n|move|p1a: Lunala|Moongeist Beam|p2a: Chien-Pao\n|-supereffective|p2a: Chien-Pao\n|-damage|p2a: Chien-Pao|0 fnt\n|faint|p2a: Chien-Pao\n|move|p2b: Zamazenta|Body Press|p1b: Miraidon\n|-damage|p1b: Miraidon|17/100\n|\n|upkeep\n|\n|t:|1773735814\n|switch|p2a: Dragonite|Dragonite, L50, F|100/100\n|turn|5\n|\n|t:|1773735825\n|move|p1b: Miraidon|Protect|p1b: Miraidon\n|-singleturn|p1b: Miraidon|Protect\n|move|p2a: Dragonite|Extreme Speed|p1b: Miraidon\n|-activate|p1b: Miraidon|move: Protect\n|move|p1a: Lunala|Moonblast|p2a: Dragonite\n|-supereffective|p2a: Dragonite\n|-damage|p2a: Dragonite|35/100\n|move|p2b: Zamazenta|Behemoth Bash|p1a: Lunala\n|-damage|p1a: Lunala|94/100\n|\n|-sideend|p1: newlandosrock|move: Tailwind\n|upkeep\n|turn|6\n|\n|t:|1773735845\n|move|p1b: Miraidon|Protect||[still]\n|-fail|p1b: Miraidon\n|move|p2a: Dragonite|Extreme Speed|p1b: Miraidon\n|-damage|p1b: Miraidon|0 fnt\n|faint|p1b: Miraidon\n|move|p2b: Zamazenta|Behemoth Bash|p1a: Lunala\n|-damage|p1a: Lunala|80/100\n|move|p1a: Lunala|Moongeist Beam|p2b: Zamazenta\n|-damage|p2b: Zamazenta|0 fnt\n|faint|p2b: Zamazenta\n|\n|upkeep\n|\n|t:|1773735858\n|switch|p2b: Calyrex|Calyrex-Shadow, L50|100/100\n|-ability|p2b: Calyrex|As One\n|-ability|p2b: Calyrex|Unnerve\n|turn|7\n|\n|t:|1773735869\n|move|p2a: Dragonite|Extreme Speed|p1a: Lunala\n|-immune|p1a: Lunala\n|move|p2b: Calyrex|Shadow Ball|p1a: Lunala\n|-supereffective|p1a: Lunala\n|-damage|p1a: Lunala|0 fnt\n|faint|p1a: Lunala\n|\n|win|LechonkBro\n|raw|newlandosrock's rating: 1446 &rarr; <strong>1433</strong><br />(-13 for losing)\n|raw|LechonkBro's rating: 1568 &rarr; <strong>1581</strong><br />(+13 for winning)\n|l|\u2606newlandosrock\n|player|p1|\n|l|\u2606LechonkBro\n|player|p2|\n","uploadtime":1773736055,"views":11,"formatid":"gen9vgc2026regi","rating":1433,"private":0,"password":null}