{"id":"gen9vgc2026regi-2565166458","format":"[Gen 9] VGC 2026 Reg I","players":["lalo's pollos","frankina"],"log":"|j|\u2606lalo's pollos\n|j|\u2606frankina\n|t:|1774237372\n|gametype|doubles\n|player|p1|lalo's pollos|170|\n|player|p2|frankina|nate|\n|gen|9\n|tier|[Gen 9] VGC 2026 Reg I\n|rated|Tournament battle\n|rule|Species Clause: Limit one of each Pok\u00e9mon\n|rule|Item Clause: Limit 1 of each item\n|raw|<div class=\"infobox\"><details class=\"readmore\" open><summary><strong>3 custom rules:</strong></summary> Open Team Sheets, Force Open Team Sheets, !Open Team Sheets</details></div>\n|clearpoke\n|poke|p1|Miraidon, L50|\n|poke|p1|Landorus, L50, M|\n|poke|p1|Incineroar, L50, M|\n|poke|p1|Iron Bundle, L50|\n|poke|p1|Farigiraf, L50, F|\n|poke|p1|Calyrex-Ice, L50|\n|poke|p2|Calyrex-Ice, L50|\n|poke|p2|Kyogre, L50|\n|poke|p2|Amoonguss, L50, F|\n|poke|p2|Rillaboom, L50, M|\n|poke|p2|Flutter Mane, L50|\n|poke|p2|Urshifu-*, L50, F|\n|teampreview|4\n|showteam|p1|Miraidon||ChoiceSpecs|HadronEngine|ElectroDrift,VoltSwitch,DracoMeteor,DazzlingGleam||||||50|,,,,,Fairy]Landorus||LifeOrb|SheerForce|Protect,SandsearStorm,SludgeBomb,EarthPower|||M|||50|,,,,,Water]Incineroar||AssaultVest|Intimidate|Uturn,FakeOut,KnockOff,FlareBlitz|||M|||50|,,,,,Bug]Iron Bundle||FocusSash|QuarkDrive|IcyWind,FreezeDry,Encore,Protect||||||50|,,,,,Ghost]Farigiraf||MentalHerb|ArmorTail|HelpingHand,FoulPlay,TrickRoom,Psychic|||F|||50|,,,,,Water]Calyrex-Ice||ClearAmulet|AsOneGlastrier|Protect,GlacialLance,HighHorsepower,TrickRoom||||||50|,,,,,Water\n|showteam|p2|Calyrex-Ice||Leftovers|AsOneGlastrier|GlacialLance,LeechSeed,TrickRoom,Protect||||||50|,,,,,Fairy]Kyogre||MysticWater|Drizzle|WaterSpout,HydroPump,OriginPulse,Protect||||||50|,,,,,Grass]Amoonguss||RockyHelmet|Regenerator|RagePowder,PollenPuff,Spore,Protect|||F|||50|,,,,,Water]Rillaboom||AssaultVest|GrassySurge|WoodHammer,GrassyGlide,FakeOut,Uturn|||M|||50|,,,,,Water]Flutter Mane||FocusSash|Protosynthesis|Moonblast,IcyWind,ShadowBall,Taunt||||||50|,,,,,Fairy]Urshifu-Rapid-Strike||ChoiceScarf|UnseenFist|SurgingStrikes,CloseCombat,Uturn,AquaJet|||F|||50|,,,,,Ghost\n|inactive|Battle timer is ON: inactive players will automatically lose when time's up. (requested by frankina)\n|c|\u2606frankina|Gl\n|c|\u2606lalo's pollos|ugh\n|c|\u2606lalo's pollos|my worst matchup\n|c|\u2606lalo's pollos|gl 2\n|c|\u2606frankina|really?\n|c|\u2606lalo's pollos|ofc\n|inactive|lalo's pollos has 60 seconds left.\n|c|\u2606lalo's pollos|kyogre beats mira\n|\n|t:|1774237419\n|teamsize|p1|4\n|teamsize|p2|4\n|start\n|switch|p1a: Co-Star|Miraidon, L50|100/100\n|switch|p1b: Calyrex|Calyrex-Ice, L50|100/100\n|switch|p2a: Kyogre|Kyogre, L50|100/100\n|switch|p2b: Amoonguss|Amoonguss, L50, F, shiny|100/100\n|-ability|p1b: Calyrex|As One\n|-ability|p1b: Calyrex|Unnerve\n|-fieldstart|move: Electric Terrain|[from] ability: Hadron Engine|[of] p1a: Co-Star\n|-weather|RainDance|[from] ability: Drizzle|[of] p2a: Kyogre\n|turn|1\n|\n|t:|1774237443\n|-terastallize|p1b: Calyrex|Water\n|move|p2b: Amoonguss|Rage Powder|p2b: Amoonguss\n|-singleturn|p2b: Amoonguss|move: Rage Powder\n|move|p1a: Co-Star|Electro Drift|p2b: Amoonguss\n|-resisted|p2b: Amoonguss\n|-damage|p2b: Amoonguss|46/100\n|-damage|p1a: Co-Star|84/100|[from] item: Rocky Helmet|[of] p2b: Amoonguss\n|move|p2a: Kyogre|Water Spout|p1a: Co-Star|[spread] p1a,p1b\n|-resisted|p1a: Co-Star\n|-resisted|p1b: Calyrex\n|-damage|p1a: Co-Star|27/100\n|-damage|p1b: Calyrex|64/100\n|move|p1b: Calyrex|Glacial Lance|p2b: Amoonguss|[spread] p2a,p2b\n|-resisted|p2a: Kyogre\n|-supereffective|p2b: Amoonguss\n|-damage|p2a: Kyogre|72/100\n|-damage|p2b: Amoonguss|0 fnt\n|faint|p2b: Amoonguss\n|-ability|p1b: Calyrex|Chilling Neigh|boost\n|-boost|p1b: Calyrex|atk|1\n|\n|-weather|RainDance|[upkeep]\n|upkeep\n|\n|t:|1774237460\n|switch|p2b: Rillaboom|Rillaboom, L50, M|100/100\n|-fieldstart|move: Grassy Terrain|[from] ability: Grassy Surge|[of] p2b: Rillaboom\n|turn|2\n|j| cristorey24\n|j| JonnyNerd\n|inactive|frankina has 30 seconds left.\n|\n|t:|1774237485\n|-terastallize|p2a: Kyogre|Grass\n|move|p1b: Calyrex|Protect|p1b: Calyrex\n|-singleturn|p1b: Calyrex|Protect\n|move|p1a: Co-Star|Electro Drift|p2a: Kyogre\n|-resisted|p2a: Kyogre\n|-damage|p2a: Kyogre|45/100\n|move|p2a: Kyogre|Origin Pulse|p1a: Co-Star|[spread] p1a\n|-activate|p1b: Calyrex|move: Protect\n|-resisted|p1a: Co-Star\n|-damage|p1a: Co-Star|0 fnt\n|faint|p1a: Co-Star\n|move|p2b: Rillaboom|Wood Hammer|p1b: Calyrex\n|-activate|p1b: Calyrex|move: Protect\n|\n|-weather|RainDance|[upkeep]\n|-heal|p2a: Kyogre|51/100|[from] Grassy Terrain\n|-heal|p1b: Calyrex|70/100|[from] Grassy Terrain\n|upkeep\n|\n|t:|1774237499\n|switch|p1a: Incineroar|Incineroar, L50, M|100/100\n|-ability|p1a: Incineroar|Intimidate|boost\n|-unboost|p2a: Kyogre|atk|1\n|-unboost|p2b: Rillaboom|atk|1\n|turn|3\n|\n|t:|1774237510\n|switch|p2b: Calyrex|Calyrex-Ice, L50|100/100\n|-ability|p2b: Calyrex|As One\n|-ability|p2b: Calyrex|Unnerve\n|move|p2a: Kyogre|Protect|p2a: Kyogre\n|-singleturn|p2a: Kyogre|Protect\n|move|p1a: Incineroar|Fake Out|p2a: Kyogre\n|-activate|p2a: Kyogre|move: Protect\n|move|p1b: Calyrex|Trick Room|p1b: Calyrex\n|-fieldstart|move: Trick Room|[of] p1b: Calyrex\n|\n|-weather|RainDance|[upkeep]\n|-heal|p1b: Calyrex|76/100|[from] Grassy Terrain\n|-heal|p2a: Kyogre|57/100|[from] Grassy Terrain\n|upkeep\n|turn|4\n|\n|t:|1774237526\n|move|p1b: Calyrex|Protect|p1b: Calyrex\n|-singleturn|p1b: Calyrex|Protect\n|move|p1a: Incineroar|Knock Off|p2b: Calyrex\n|-supereffective|p2b: Calyrex\n|-damage|p2b: Calyrex|56/100\n|-enditem|p2b: Calyrex|Leftovers|[from] move: Knock Off|[of] p1a: Incineroar\n|move|p2b: Calyrex|Leech Seed|p1b: Calyrex\n|-activate|p1b: Calyrex|move: Protect\n|move|p2a: Kyogre|Origin Pulse|p1b: Calyrex|[spread] p1a\n|-activate|p1b: Calyrex|move: Protect\n|-supereffective|p1a: Incineroar\n|-damage|p1a: Incineroar|0 fnt\n|faint|p1a: Incineroar\n|\n|-weather|RainDance|[upkeep]\n|-heal|p1b: Calyrex|82/100|[from] Grassy Terrain\n|-heal|p2b: Calyrex|62/100|[from] Grassy Terrain\n|-heal|p2a: Kyogre|63/100|[from] Grassy Terrain\n|upkeep\n|j| KingNoahC17\n|j| Rainpelt103\n|\n|t:|1774237537\n|switch|p1a: Landorus|Landorus, L50, M|100/100\n|turn|5\n|c|\u2606lalo's pollos|ugh\n|l| JonnyNerd\n|\n|t:|1774237555\n|move|p2a: Kyogre|Protect|p2a: Kyogre\n|-singleturn|p2a: Kyogre|Protect\n|move|p1a: Landorus|Protect|p1a: Landorus\n|-singleturn|p1a: Landorus|Protect\n|move|p1b: Calyrex|Glacial Lance|p2a: Kyogre|[spread] p2b\n|-activate|p2a: Kyogre|move: Protect\n|-resisted|p2b: Calyrex\n|-damage|p2b: Calyrex|37/100\n|move|p2b: Calyrex|Glacial Lance|p1b: Calyrex|[spread] p1b\n|-activate|p1a: Landorus|move: Protect\n|-resisted|p1b: Calyrex\n|-damage|p1b: Calyrex|66/100\n|\n|-weather|none\n|-heal|p1b: Calyrex|72/100|[from] Grassy Terrain\n|-heal|p2b: Calyrex|43/100|[from] Grassy Terrain\n|-heal|p2a: Kyogre|69/100|[from] Grassy Terrain\n|upkeep\n|turn|6\n|\n|t:|1774237570\n|move|p1a: Landorus|Protect|p1a: Landorus\n|-singleturn|p1a: Landorus|Protect\n|move|p1b: Calyrex|Glacial Lance|p2b: Calyrex|[spread] p2a,p2b\n|-supereffective|p2a: Kyogre\n|-resisted|p2b: Calyrex\n|-crit|p2b: Calyrex\n|-damage|p2a: Kyogre|0 fnt\n|-damage|p2b: Calyrex|4/100\n|faint|p2a: Kyogre\n|-ability|p1b: Calyrex|Chilling Neigh|boost\n|-boost|p1b: Calyrex|atk|1\n|move|p2b: Calyrex|Glacial Lance|p1b: Calyrex|[spread] p1b\n|-activate|p1a: Landorus|move: Protect\n|-resisted|p1b: Calyrex\n|-damage|p1b: Calyrex|55/100\n|\n|-heal|p1b: Calyrex|61/100|[from] Grassy Terrain\n|-heal|p2b: Calyrex|10/100|[from] Grassy Terrain\n|-fieldend|move: Grassy Terrain\n|upkeep\n|c|\u2606frankina|lol\n|\n|t:|1774237576\n|switch|p2a: Rillaboom|Rillaboom, L50, M|100/100\n|-fieldstart|move: Grassy Terrain|[from] ability: Grassy Surge|[of] p2a: Rillaboom\n|turn|7\n|c|\u2606frankina|Triple\n|c|\u2606frankina|cmon\n|c|\u2606frankina|do it\n|c|\u2606lalo's pollos|yea i still lose\n|\n|t:|1774237598\n|move|p1a: Landorus|Protect||[still]\n|-fail|p1a: Landorus\n|move|p2a: Rillaboom|Fake Out|p1b: Calyrex\n|-damage|p1b: Calyrex|52/100\n|cant|p1b: Calyrex|flinch\n|move|p2b: Calyrex|Glacial Lance|p1a: Landorus|[spread] p1a,p1b\n|-supereffective|p1a: Landorus\n|-resisted|p1b: Calyrex\n|-crit|p1b: Calyrex\n|-damage|p1a: Landorus|0 fnt\n|-damage|p1b: Calyrex|27/100\n|faint|p1a: Landorus\n|-ability|p2b: Calyrex|Chilling Neigh|boost\n|-boost|p2b: Calyrex|atk|1\n|\n|-heal|p1b: Calyrex|33/100|[from] Grassy Terrain\n|-heal|p2b: Calyrex|15/100|[from] Grassy Terrain\n|-fieldend|move: Trick Room\n|upkeep\n|turn|8\n|c|\u2606lalo's pollos|matchup is that bad\n|\n|t:|1774237606\n|move|p2a: Rillaboom|Wood Hammer|p1b: Calyrex\n|-supereffective|p1b: Calyrex\n|-damage|p1b: Calyrex|0 fnt\n|faint|p1b: Calyrex\n|-damage|p2a: Rillaboom|90/100|[from] Recoil\n|\n|win|frankina\n|n|\u2606lalo's pollos|lalospollos\n|n|\u2606frankina|frankina\n|n| cristorey24|cristorey24\n|n| KingNoahC17|kingnoahc17\n|n| Rainpelt103|rainpelt103\n","uploadtime":1774237608,"views":10,"formatid":"gen9vgc2026regi","rating":null,"private":0,"password":null}