{"id":"gen9vgc2026regi-2570076075","format":"[Gen 9] VGC 2026 Reg I","players":["moonrockdoobie","wasaad5"],"log":"|j|\u2606moonrockdoobie\n|j|\u2606wasaad5\n|t:|1774765861\n|gametype|doubles\n|player|p1|moonrockdoobie|swimmerf-gen4dp|1268\n|player|p2|wasaad5|blue|1243\n|gen|9\n|tier|[Gen 9] VGC 2026 Reg I\n|rated|\n|rule|Species Clause: Limit one of each Pok\u00e9mon\n|rule|Item Clause: Limit 1 of each item\n|clearpoke\n|poke|p1|Miraidon, L50|\n|poke|p1|Drifblim, L50, F|\n|poke|p1|Eternatus, L50|\n|poke|p1|Chansey, L50, F|\n|poke|p1|Iron Moth, L50|\n|poke|p1|Grimmsnarl, L50, M|\n|poke|p2|Kyurem-White, L50|\n|poke|p2|Zacian-*, L50|\n|poke|p2|Sableye, L50, F|\n|poke|p2|Urshifu-*, L50, F|\n|poke|p2|Amoonguss, L50, M|\n|poke|p2|Incineroar, L50, F|\n|teampreview|4\n|inactive|Battle timer is ON: inactive players will automatically lose when time's up. (requested by moonrockdoobie)\n|\n|t:|1774765891\n|teamsize|p1|4\n|teamsize|p2|4\n|start\n|switch|p1a: Miraidon|Miraidon, L50|100/100\n|switch|p1b: Iron Moth|Iron Moth, L50|100/100\n|switch|p2a: Kyurem|Kyurem-White, L50, shiny|100/100\n|switch|p2b: Amoonguss|Amoonguss, L50, M|100/100\n|-fieldstart|move: Electric Terrain|[from] ability: Hadron Engine|[of] p1a: Miraidon\n|-activate|p1b: Iron Moth|ability: Quark Drive\n|-start|p1b: Iron Moth|quarkdrivespe\n|-ability|p2a: Kyurem|Turboblaze\n|turn|1\n|\n|t:|1774765913\n|move|p2b: Amoonguss|Protect|p2b: Amoonguss\n|-singleturn|p2b: Amoonguss|Protect\n|move|p1b: Iron Moth|Fiery Dance|p2b: Amoonguss\n|-activate|p2b: Amoonguss|move: Protect\n|move|p1a: Miraidon|Eerie Impulse|p2a: Kyurem\n|-unboost|p2a: Kyurem|spa|2\n|move|p2a: Kyurem|Blizzard|p1a: Miraidon|[spread] p1a,p1b\n|-supereffective|p1a: Miraidon\n|-resisted|p1b: Iron Moth\n|-damage|p1a: Miraidon|60/100\n|-damage|p1b: Iron Moth|89/100\n|\n|upkeep\n|turn|2\n|\n|t:|1774765931\n|switch|p2b: Urshifu|Urshifu-Rapid-Strike, L50, F|100/100\n|move|p1b: Iron Moth|Fiery Dance|p2a: Kyurem\n|-damage|p2a: Kyurem|75/100\n|-boost|p1b: Iron Moth|spa|1\n|-damage|p1b: Iron Moth|79/100|[from] item: Life Orb\n|move|p1a: Miraidon|Dazzling Gleam|p2a: Kyurem|[spread] p2a,p2b\n|-supereffective|p2a: Kyurem\n|-supereffective|p2b: Urshifu\n|-damage|p2a: Kyurem|45/100\n|-damage|p2b: Urshifu|15/100\n|move|p2a: Kyurem|Freeze-Dry|p1a: Miraidon\n|-supereffective|p1a: Miraidon\n|-damage|p1a: Miraidon|29/100\n|\n|upkeep\n|turn|3\n|\n|t:|1774765956\n|switch|p2a: Zacian|Zacian-Crowned, L50|100/100\n|-ability|p2a: Zacian|Intrepid Sword|boost\n|-boost|p2a: Zacian|atk|1\n|move|p1b: Iron Moth|Fiery Dance|p2b: Urshifu\n|-resisted|p2b: Urshifu\n|-damage|p2b: Urshifu|0 fnt\n|faint|p2b: Urshifu\n|-damage|p1b: Iron Moth|70/100|[from] item: Life Orb\n|move|p1a: Miraidon|Dazzling Gleam|p2a: Zacian\n|-resisted|p2a: Zacian\n|-damage|p2a: Zacian|81/100\n|\n|upkeep\n|\n|t:|1774765967\n|switch|p2b: Amoonguss|Amoonguss, L50, M|100/100\n|turn|4\n|\n|t:|1774765975\n|-terastallize|p2a: Zacian|Ground\n|move|p2b: Amoonguss|Protect|p2b: Amoonguss\n|-singleturn|p2b: Amoonguss|Protect\n|move|p1b: Iron Moth|Fiery Dance|p2a: Zacian\n|-damage|p2a: Zacian|18/100\n|-damage|p1b: Iron Moth|60/100|[from] item: Life Orb\n|move|p2a: Zacian|Tera Blast|p1b: Iron Moth|[anim] Tera Blast Ground\n|-supereffective|p1b: Iron Moth\n|-damage|p1b: Iron Moth|0 fnt\n|faint|p1b: Iron Moth\n|-end|p1b: Iron Moth|Quark Drive|[silent]\n|move|p1a: Miraidon|Parabolic Charge|p2b: Amoonguss|[spread] \n|-activate|p2b: Amoonguss|move: Protect\n|-immune|p2a: Zacian\n|\n|upkeep\n|\n|t:|1774765991\n|switch|p1b: Grimmsnarl|Grimmsnarl, L50, M|100/100\n|turn|5\n|\n|t:|1774766001\n|move|p2a: Zacian|Protect|p2a: Zacian\n|-singleturn|p2a: Zacian|Protect\n|move|p1a: Miraidon|Dazzling Gleam|p2a: Zacian|[spread] p2b\n|-activate|p2a: Zacian|move: Protect\n|-resisted|p2b: Amoonguss\n|-damage|p2b: Amoonguss|91/100\n|move|p1b: Grimmsnarl|Spirit Break|p2a: Zacian\n|-activate|p2a: Zacian|move: Protect\n|move|p2b: Amoonguss|Sludge Bomb|p1b: Grimmsnarl\n|-supereffective|p1b: Grimmsnarl\n|-damage|p1b: Grimmsnarl|43/100\n|\n|-fieldend|move: Electric Terrain\n|upkeep\n|turn|6\n|\n|t:|1774766016\n|move|p1a: Miraidon|Protect|p1a: Miraidon\n|-singleturn|p1a: Miraidon|Protect\n|move|p2b: Amoonguss|Rage Powder|p2b: Amoonguss\n|-singleturn|p2b: Amoonguss|move: Rage Powder\n|move|p2a: Zacian|Tera Blast|p1a: Miraidon|[anim] Tera Blast Ground\n|-activate|p1a: Miraidon|move: Protect\n|move|p1b: Grimmsnarl|Spirit Break|p2b: Amoonguss\n|-resisted|p2b: Amoonguss\n|-damage|p2b: Amoonguss|70/100\n|-unboost|p2b: Amoonguss|spa|1\n|\n|upkeep\n|turn|7\n|\n|t:|1774766031\n|move|p2b: Amoonguss|Rage Powder|p2b: Amoonguss\n|-singleturn|p2b: Amoonguss|move: Rage Powder\n|move|p1b: Grimmsnarl|Reflect|p1b: Grimmsnarl\n|-sidestart|p1: moonrockdoobie|Reflect\n|move|p2a: Zacian|Tera Blast|p1a: Miraidon|[anim] Tera Blast Ground\n|-supereffective|p1a: Miraidon\n|-damage|p1a: Miraidon|0 fnt\n|faint|p1a: Miraidon\n|\n|upkeep\n|\n|t:|1774766037\n|switch|p1a: Eternity|Eternatus, L50, shiny|100/100\n|-ability|p1a: Eternity|Pressure\n|turn|8\n|\n|t:|1774766053\n|-terastallize|p1a: Eternity|Fairy\n|move|p2b: Amoonguss|Rage Powder|p2b: Amoonguss\n|-singleturn|p2b: Amoonguss|move: Rage Powder\n|move|p2a: Zacian|Behemoth Blade|p1b: Grimmsnarl\n|-supereffective|p1b: Grimmsnarl\n|-damage|p1b: Grimmsnarl|0 fnt\n|faint|p1b: Grimmsnarl\n|move|p1a: Eternity|Cosmic Power|p1a: Eternity\n|-boost|p1a: Eternity|def|1\n|-boost|p1a: Eternity|spd|1\n|\n|upkeep\n|turn|9\n|\n|t:|1774766065\n|move|p1a: Eternity|Protect|p1a: Eternity\n|-singleturn|p1a: Eternity|Protect\n|move|p2b: Amoonguss|Rage Powder|p2b: Amoonguss\n|-singleturn|p2b: Amoonguss|move: Rage Powder\n|move|p2a: Zacian|Behemoth Blade|p1a: Eternity\n|-activate|p1a: Eternity|move: Protect\n|\n|upkeep\n|turn|10\n|\n|t:|1774766072\n|move|p2a: Zacian|Protect|p2a: Zacian\n|-singleturn|p2a: Zacian|Protect\n|move|p1a: Eternity|Recover||[still]\n|-fail|p1a: Eternity|heal\n|move|p2b: Amoonguss|Spore|p1a: Eternity\n|-status|p1a: Eternity|slp|[from] move: Spore\n|\n|upkeep\n|turn|11\n|\n|t:|1774766076\n|cant|p1a: Eternity|slp\n|move|p2b: Amoonguss|Rage Powder|p2b: Amoonguss\n|-singleturn|p2b: Amoonguss|move: Rage Powder\n|move|p2a: Zacian|Behemoth Blade|p1a: Eternity\n|-supereffective|p1a: Eternity\n|-damage|p1a: Eternity|47/100 slp\n|\n|-heal|p1a: Eternity|53/100 slp|[from] item: Leftovers\n|upkeep\n|turn|12\n|\n|t:|1774766080\n|move|p2a: Zacian|Behemoth Blade|p1a: Eternity\n|-supereffective|p1a: Eternity\n|-damage|p1a: Eternity|0 fnt\n|faint|p1a: Eternity\n|\n|win|wasaad5\n|raw|moonrockdoobie's rating: 1268 &rarr; <strong>1241</strong><br />(-27 for losing)\n|raw|wasaad5's rating: 1243 &rarr; <strong>1270</strong><br />(+27 for winning)\n|l|\u2606moonrockdoobie\n|player|p1|\n|l|\u2606wasaad5\n|player|p2|\n","uploadtime":1774766308,"views":10,"formatid":"gen9vgc2026regi","rating":1241,"private":0,"password":null}