{"id":"gen9vgc2026regi-2564867264","format":"[Gen 9] VGC 2026 Reg I","players":["jyotsha","pigs2fly"],"log":"|j|\u2606jyotsha\n|j|\u2606pigs2fly\n|t:|1774205473\n|gametype|doubles\n|player|p1|jyotsha|265|1431\n|player|p2|pigs2fly|dexio|1469\n|gen|9\n|tier|[Gen 9] VGC 2026 Reg I\n|rated|\n|rule|Species Clause: Limit one of each Pok\u00e9mon\n|rule|Item Clause: Limit 1 of each item\n|clearpoke\n|poke|p1|Zacian-*, L50|\n|poke|p1|Farigiraf, L50, M|\n|poke|p1|Kyogre, L50|\n|poke|p1|Incineroar, L50, F|\n|poke|p1|Kingambit, L50, M|\n|poke|p1|Flutter Mane, L50|\n|poke|p2|Annihilape, L50, M|\n|poke|p2|Tornadus, L50, M|\n|poke|p2|Dondozo, L50, M|\n|poke|p2|Tatsugiri, L50, F|\n|poke|p2|Zacian-*, L50|\n|poke|p2|Kyogre, L50|\n|teampreview|4\n|inactive|Battle timer is ON: inactive players will automatically lose when time's up. (requested by jyotsha)\n|inactive|jyotsha has 60 seconds left.\n|\n|t:|1774205521\n|teamsize|p1|4\n|teamsize|p2|4\n|start\n|switch|p1a: Kyogre|Kyogre, L50|100/100\n|switch|p1b: Farigiraf|Farigiraf, L50, M|100/100\n|switch|p2a: Kyogre|Kyogre, L50|100/100\n|switch|p2b: Zacian|Zacian-Crowned, L50, shiny|100/100\n|-ability|p2b: Zacian|Intrepid Sword|boost\n|-boost|p2b: Zacian|atk|1\n|-weather|RainDance|[from] ability: Drizzle|[of] p2a: Kyogre\n|turn|1\n|\n|t:|1774205544\n|move|p1b: Farigiraf|Helping Hand|p1a: Kyogre\n|-singleturn|p1a: Kyogre|Helping Hand|[of] p1b: Farigiraf\n|move|p2b: Zacian|Play Rough|p1a: Kyogre\n|-damage|p1a: Kyogre|33/100\n|move|p2a: Kyogre|Origin Pulse|p1b: Farigiraf|[spread] p1a,p1b\n|-resisted|p1a: Kyogre\n|-damage|p1a: Kyogre|6/100\n|-damage|p1b: Farigiraf|29/100\n|move|p1a: Kyogre|Origin Pulse|p2b: Zacian|[spread] p2a,p2b\n|-resisted|p2a: Kyogre\n|-damage|p2a: Kyogre|74/100\n|-damage|p2b: Zacian|0 fnt\n|faint|p2b: Zacian\n|\n|-weather|RainDance|[upkeep]\n|upkeep\n|\n|t:|1774205550\n|switch|p2b: Dondozo|Dondozo, L50, M|100/100\n|turn|2\n|inactive|jyotsha has 30 seconds left.\n|\n|t:|1774205575\n|switch|p2a: Tatsugiri|Tatsugiri, L50, F|100/100\n|-activate|p2a: Tatsugiri|ability: Commander|[of] p2b: Dondozo\n|-boost|p2b: Dondozo|atk|2\n|-boost|p2b: Dondozo|spa|2\n|-boost|p2b: Dondozo|spe|2\n|-boost|p2b: Dondozo|def|2\n|-boost|p2b: Dondozo|spd|2\n|move|p2b: Dondozo|Earthquake|p1b: Farigiraf|[spread] p1a,p1b\n|-miss|p2b: Dondozo|p2a: Tatsugiri\n|-damage|p1a: Kyogre|0 fnt\n|-damage|p1b: Farigiraf|0 fnt\n|faint|p1a: Kyogre\n|faint|p1b: Farigiraf\n|\n|-weather|RainDance|[upkeep]\n|upkeep\n|\n|t:|1774205586\n|switch|p1a: Flutter Mane|Flutter Mane, L50|100/100\n|switch|p1b: Zacian|Zacian-Crowned, L50|100/100\n|-ability|p1b: Zacian|Intrepid Sword|boost\n|-boost|p1b: Zacian|atk|1\n|turn|3\n|\n|t:|1774205607\n|move|p1b: Zacian|Protect|p1b: Zacian\n|-singleturn|p1b: Zacian|Protect\n|move|p1a: Flutter Mane|Moonblast|p2b: Dondozo\n|-damage|p2b: Dondozo|79/100\n|move|p2b: Dondozo|Earthquake|p1a: Flutter Mane|[spread] p1a\n|-miss|p2b: Dondozo|p2a: Tatsugiri\n|-activate|p1b: Zacian|move: Protect\n|-damage|p1a: Flutter Mane|9/100\n|\n|-weather|RainDance|[upkeep]\n|-heal|p2b: Dondozo|85/100|[from] item: Leftovers\n|upkeep\n|turn|4\n|\n|t:|1774205623\n|move|p1b: Zacian|Substitute|p1b: Zacian\n|-start|p1b: Zacian|Substitute\n|-damage|p1b: Zacian|76/100\n|move|p1a: Flutter Mane|Moonblast|p2b: Dondozo\n|-damage|p2b: Dondozo|64/100\n|-unboost|p2b: Dondozo|spa|1\n|move|p2b: Dondozo|Earthquake|p1a: Flutter Mane|[spread] p1a,p1b\n|-miss|p2b: Dondozo|p2a: Tatsugiri\n|-supereffective|p1b: Zacian\n|-end|p1b: Zacian|Substitute\n|-damage|p1a: Flutter Mane|0 fnt\n|faint|p1a: Flutter Mane\n|-end|p1a: Flutter Mane|Protosynthesis|[silent]\n|\n|-weather|RainDance|[upkeep]\n|-heal|p2b: Dondozo|70/100|[from] item: Leftovers\n|upkeep\n|turn|5\n|\n|t:|1774205631\n|move|p1b: Zacian|Play Rough|p2b: Dondozo\n|-damage|p2b: Dondozo|53/100\n|move|p2b: Dondozo|Earthquake|p1b: Zacian|[spread] p1b\n|-miss|p2b: Dondozo|p2a: Tatsugiri\n|-supereffective|p1b: Zacian\n|-damage|p1b: Zacian|0 fnt\n|faint|p1b: Zacian\n|\n|win|pigs2fly\n|raw|jyotsha's rating: 1431 &rarr; <strong>1413</strong><br />(-18 for losing)\n|raw|pigs2fly's rating: 1469 &rarr; <strong>1487</strong><br />(+18 for winning)\n","uploadtime":1774205632,"views":11,"formatid":"gen9vgc2026regi","rating":1413,"private":0,"password":null}