{"id":"gen9vgc2026regi-2568783875","format":"[Gen 9] VGC 2026 Reg I","players":["derpitynerpity77","blackred123"],"log":"|j|\u2606derpitynerpity77\n|j|\u2606blackred123\n|t:|1774622687\n|gametype|doubles\n|player|p1|derpitynerpity77|102|1280\n|player|p2|blackred123|iono-masters|1382\n|gen|9\n|tier|[Gen 9] VGC 2026 Reg I\n|rated|\n|rule|Species Clause: Limit one of each Pok\u00e9mon\n|rule|Item Clause: Limit 1 of each item\n|clearpoke\n|poke|p1|Miraidon, L50|\n|poke|p1|Grimmsnarl, L50, M|\n|poke|p1|Zamazenta-*, L50|\n|poke|p1|Sinistcha, L50|\n|poke|p1|Overqwil, L50, F|\n|poke|p1|Magmar, L50, F|\n|poke|p2|Amoonguss, L50, F|\n|poke|p2|Calyrex-Ice, L50|\n|poke|p2|Kyogre, L50|\n|poke|p2|Grimmsnarl, L50, M|\n|poke|p2|Flutter Mane, L50|\n|poke|p2|Basculegion, L50, M|\n|teampreview|4\n|inactive|Battle timer is ON: inactive players will automatically lose when time's up. (requested by derpitynerpity77)\n|inactive|blackred123 also wants the timer to be on.\n|inactive|derpitynerpity77 has 60 seconds left.\n|inactive|blackred123 has 60 seconds left.\n|\n|t:|1774622747\n|teamsize|p1|4\n|teamsize|p2|4\n|start\n|switch|p1a: Zamazenta|Zamazenta-Crowned, L50|100/100\n|switch|p1b: Grimmsnarl|Grimmsnarl, L50, M|100/100\n|switch|p2a: Kyogre|Kyogre, L50|100/100\n|switch|p2b: Amoonguss|Amoonguss, L50, F|100/100\n|-ability|p1a: Zamazenta|Dauntless Shield|boost\n|-boost|p1a: Zamazenta|def|1\n|-weather|RainDance|[from] ability: Drizzle|[of] p2a: Kyogre\n|turn|1\n|\n|t:|1774622760\n|switch|p1b: Miraidon|Miraidon, L50|100/100\n|-fieldstart|move: Electric Terrain|[from] ability: Hadron Engine|[of] p1b: Miraidon\n|move|p1a: Zamazenta|Wide Guard|p1a: Zamazenta\n|-singleturn|p1a: Zamazenta|Wide Guard\n|move|p2b: Amoonguss|Rage Powder|p2b: Amoonguss\n|-singleturn|p2b: Amoonguss|move: Rage Powder\n|move|p2a: Kyogre|Water Spout|p1b: Miraidon|[spread] \n|-activate|p1a: Zamazenta|move: Wide Guard\n|-activate|p1b: Miraidon|move: Wide Guard\n|\n|-weather|RainDance|[upkeep]\n|upkeep\n|turn|2\n|\n|t:|1774622773\n|move|p1a: Zamazenta|Wide Guard|p1a: Zamazenta\n|-singleturn|p1a: Zamazenta|Wide Guard\n|move|p2b: Amoonguss|Rage Powder|p2b: Amoonguss\n|-singleturn|p2b: Amoonguss|move: Rage Powder\n|move|p1b: Miraidon|Parabolic Charge|p2b: Amoonguss|[spread] p2a,p2b\n|-activate|p1a: Zamazenta|move: Wide Guard\n|-supereffective|p2a: Kyogre\n|-resisted|p2b: Amoonguss\n|-damage|p2a: Kyogre|33/100\n|-damage|p2b: Amoonguss|83/100\n|move|p2a: Kyogre|Water Spout|p1b: Miraidon|[spread] \n|-activate|p1a: Zamazenta|move: Wide Guard\n|-activate|p1b: Miraidon|move: Wide Guard\n|\n|-weather|RainDance|[upkeep]\n|upkeep\n|turn|3\n|\n|t:|1774622790\n|-terastallize|p2a: Kyogre|Grass\n|move|p1a: Zamazenta|Wide Guard|p1a: Zamazenta\n|-singleturn|p1a: Zamazenta|Wide Guard\n|move|p1b: Miraidon|Parabolic Charge|p2b: Amoonguss|[spread] p2a,p2b\n|-activate|p1a: Zamazenta|move: Wide Guard\n|-resisted|p2a: Kyogre\n|-resisted|p2b: Amoonguss\n|-damage|p2a: Kyogre|18/100\n|-damage|p2b: Amoonguss|65/100\n|move|p2a: Kyogre|Hydro Pump|p1a: Zamazenta|[miss]\n|-miss|p2a: Kyogre|p1a: Zamazenta\n|move|p2b: Amoonguss|Pollen Puff|p2a: Kyogre\n|-heal|p2a: Kyogre|68/100\n|\n|-weather|RainDance|[upkeep]\n|upkeep\n|turn|4\n|\n|t:|1774622812\n|move|p2b: Amoonguss|Rage Powder|p2b: Amoonguss\n|-singleturn|p2b: Amoonguss|move: Rage Powder\n|move|p1a: Zamazenta|Body Press|p2b: Amoonguss\n|-resisted|p2b: Amoonguss\n|-damage|p2b: Amoonguss|40/100\n|-damage|p1a: Zamazenta|84/100|[from] item: Rocky Helmet|[of] p2b: Amoonguss\n|move|p1b: Miraidon|Dragon Pulse|p2b: Amoonguss\n|-damage|p2b: Amoonguss|0 fnt\n|faint|p2b: Amoonguss\n|move|p2a: Kyogre|Water Spout|p1a: Zamazenta|[spread] p1a,p1b\n|-crit|p1a: Zamazenta\n|-resisted|p1b: Miraidon\n|-damage|p1a: Zamazenta|0 fnt\n|-damage|p1b: Miraidon|65/100\n|faint|p1a: Zamazenta\n|\n|-weather|RainDance|[upkeep]\n|upkeep\n|\n|t:|1774622828\n|switch|p1a: Grimmsnarl|Grimmsnarl, L50, M|100/100\n|switch|p2b: Calyrex|Calyrex-Ice, L50|100/100\n|-ability|p2b: Calyrex|As One\n|-ability|p2b: Calyrex|Unnerve\n|turn|5\n|\n|t:|1774622844\n|-terastallize|p1b: Miraidon|Fairy\n|move|p2a: Kyogre|Protect|p2a: Kyogre\n|-singleturn|p2a: Kyogre|Protect\n|move|p1a: Grimmsnarl|Reflect|p1a: Grimmsnarl\n|-sidestart|p1: derpitynerpity77|Reflect\n|move|p1b: Miraidon|Parabolic Charge|p2b: Calyrex|[spread] p1a,p2b\n|-activate|p2a: Kyogre|move: Protect\n|-damage|p1a: Grimmsnarl|65/100\n|-heal|p1b: Miraidon|83/100|[from] drain|[of] p1a: Grimmsnarl\n|-damage|p2b: Calyrex|72/100\n|-heal|p1b: Miraidon|98/100|[from] drain|[of] p2b: Calyrex\n|move|p2b: Calyrex|Leech Seed|p1a: Grimmsnarl\n|-start|p1a: Grimmsnarl|move: Leech Seed\n|\n|-weather|none\n|-heal|p2b: Calyrex|77/100|[from] item: Leftovers\n|-damage|p1a: Grimmsnarl|52/100|[from] Leech Seed|[of] p2b: Calyrex\n|-heal|p2b: Calyrex|89/100|[silent]\n|-fieldend|move: Electric Terrain\n|upkeep\n|turn|6\n|\n|t:|1774622869\n|move|p1b: Miraidon|Dragon Pulse|p2a: Kyogre\n|-damage|p2a: Kyogre|34/100\n|move|p2a: Kyogre|Origin Pulse|p1a: Grimmsnarl|[spread] p1a,p1b\n|-crit|p1b: Miraidon\n|-damage|p1a: Grimmsnarl|4/100\n|-damage|p1b: Miraidon|22/100\n|move|p1a: Grimmsnarl|Spirit Break|p2a: Kyogre\n|-damage|p2a: Kyogre|0 fnt\n|faint|p2a: Kyogre\n|move|p2b: Calyrex|Leech Seed|p1b: Miraidon\n|-start|p1b: Miraidon|move: Leech Seed\n|\n|-heal|p2b: Calyrex|95/100|[from] item: Leftovers\n|-damage|p1b: Miraidon|10/100|[from] Leech Seed|[of] p2b: Calyrex\n|-heal|p2b: Calyrex|100/100|[silent]\n|-damage|p1a: Grimmsnarl|0 fnt|[from] Leech Seed|[of] p2b: Calyrex\n|faint|p1a: Grimmsnarl\n|upkeep\n|\n|t:|1774622886\n|switch|p2a: Basculegion|Basculegion, L50, M|100/100\n|switch|p1a: Magmar|Magmar, L50, F|100/100\n|turn|7\n|\n|t:|1774622896\n|move|p2a: Basculegion|Protect|p2a: Basculegion\n|-singleturn|p2a: Basculegion|Protect\n|move|p1b: Miraidon|Parabolic Charge|p2a: Basculegion|[spread] p1a,p2b\n|-activate|p2a: Basculegion|move: Protect\n|-damage|p1a: Magmar|80/100\n|-heal|p1b: Miraidon|19/100|[from] drain|[of] p1a: Magmar\n|-damage|p2b: Calyrex|83/100\n|-heal|p1b: Miraidon|28/100|[from] drain|[of] p2b: Calyrex\n|move|p1a: Magmar|Will-O-Wisp|p2b: Calyrex\n|-status|p2b: Calyrex|brn\n|move|p2b: Calyrex|Glacial Lance|p1a: Magmar|[spread] p1a,p1b\n|-resisted|p1a: Magmar\n|-damage|p1a: Magmar|74/100\n|-damage|p1b: Miraidon|13/100\n|\n|-heal|p2b: Calyrex|89/100 brn|[from] item: Leftovers\n|-damage|p1b: Miraidon|1/100|[from] Leech Seed|[of] p2b: Calyrex\n|-heal|p2b: Calyrex|100/100 brn|[silent]\n|-damage|p2b: Calyrex|95/100 brn|[from] brn\n|upkeep\n|turn|8\n|\n|t:|1774622916\n|move|p1a: Magmar|Follow Me|p1a: Magmar\n|-singleturn|p1a: Magmar|move: Follow Me\n|move|p2a: Basculegion|Aqua Jet|p1a: Magmar\n|-supereffective|p1a: Magmar\n|-damage|p1a: Magmar|50/100\n|-damage|p2a: Basculegion|91/100|[from] item: Life Orb\n|move|p1b: Miraidon|Parabolic Charge|p2b: Calyrex|[spread] p1a,p2a,p2b\n|-supereffective|p2a: Basculegion\n|-damage|p1a: Magmar|27/100\n|-heal|p1b: Miraidon|11/100|[from] drain|[of] p1a: Magmar\n|-damage|p2a: Basculegion|27/100\n|-heal|p1b: Miraidon|44/100|[from] drain|[of] p2a: Basculegion\n|-damage|p2b: Calyrex|79/100 brn\n|-heal|p1b: Miraidon|52/100|[from] drain|[of] p2b: Calyrex\n|move|p2b: Calyrex|Leech Seed|p1a: Magmar\n|-start|p1a: Magmar|move: Leech Seed\n|\n|-heal|p2b: Calyrex|85/100 brn|[from] item: Leftovers\n|-damage|p1b: Miraidon|40/100|[from] Leech Seed|[of] p2b: Calyrex\n|-heal|p2b: Calyrex|97/100 brn|[silent]\n|-damage|p1a: Magmar|15/100|[from] Leech Seed|[of] p2b: Calyrex\n|-heal|p2b: Calyrex|100/100 brn|[silent]\n|-damage|p2b: Calyrex|95/100 brn|[from] brn\n|upkeep\n|turn|9\n|inactive|derpitynerpity77 has 30 seconds left.\n|\n|t:|1774622943\n|move|p2a: Basculegion|Protect|p2a: Basculegion\n|-singleturn|p2a: Basculegion|Protect\n|move|p1a: Magmar|Follow Me|p1a: Magmar\n|-singleturn|p1a: Magmar|move: Follow Me\n|move|p1b: Miraidon|Parabolic Charge|p2b: Calyrex|[spread] p1a,p2b\n|-activate|p2a: Basculegion|move: Protect\n|-crit|p1a: Magmar\n|-damage|p1a: Magmar|0 fnt\n|-heal|p1b: Miraidon|46/100|[from] drain|[of] p1a: Magmar\n|-damage|p2b: Calyrex|78/100 brn\n|-heal|p1b: Miraidon|54/100|[from] drain|[of] p2b: Calyrex\n|faint|p1a: Magmar\n|move|p2b: Calyrex|Glacial Lance|p1b: Miraidon\n|-damage|p1b: Miraidon|36/100\n|\n|-heal|p2b: Calyrex|84/100 brn|[from] item: Leftovers\n|-damage|p1b: Miraidon|24/100|[from] Leech Seed|[of] p2b: Calyrex\n|-heal|p2b: Calyrex|96/100 brn|[silent]\n|-damage|p2b: Calyrex|90/100 brn|[from] brn\n|upkeep\n|turn|10\n|inactive|blackred123 has 30 seconds left.\n|\n|t:|1774622970\n|move|p2a: Basculegion|Aqua Jet|p1b: Miraidon\n|-damage|p1b: Miraidon|8/100\n|-damage|p2a: Basculegion|18/100|[from] item: Life Orb\n|move|p1b: Miraidon|Parabolic Charge|p2b: Calyrex|[spread] p2a,p2b\n|-supereffective|p2a: Basculegion\n|-damage|p2a: Basculegion|0 fnt\n|-heal|p1b: Miraidon|17/100|[from] drain|[of] p2a: Basculegion\n|-damage|p2b: Calyrex|73/100 brn\n|-heal|p1b: Miraidon|26/100|[from] drain|[of] p2b: Calyrex\n|faint|p2a: Basculegion\n|move|p2b: Calyrex|Trick Room|p2b: Calyrex\n|-fieldstart|move: Trick Room|[of] p2b: Calyrex\n|\n|-heal|p2b: Calyrex|79/100 brn|[from] item: Leftovers\n|-damage|p1b: Miraidon|14/100|[from] Leech Seed|[of] p2b: Calyrex\n|-heal|p2b: Calyrex|91/100 brn|[silent]\n|-damage|p2b: Calyrex|85/100 brn|[from] brn\n|upkeep\n|turn|11\n|\n|t:|1774622984\n|move|p2b: Calyrex|Protect|p2b: Calyrex\n|-singleturn|p2b: Calyrex|Protect\n|move|p1b: Miraidon|Calm Mind|p1b: Miraidon\n|-boost|p1b: Miraidon|spa|1\n|-boost|p1b: Miraidon|spd|1\n|\n|-heal|p2b: Calyrex|91/100 brn|[from] item: Leftovers\n|-damage|p1b: Miraidon|1/100|[from] Leech Seed|[of] p2b: Calyrex\n|-heal|p2b: Calyrex|100/100 brn|[silent]\n|-damage|p2b: Calyrex|95/100 brn|[from] brn\n|upkeep\n|turn|12\n|\n|t:|1774622991\n|move|p2b: Calyrex|Glacial Lance|p1b: Miraidon\n|-damage|p1b: Miraidon|0 fnt\n|faint|p1b: Miraidon\n|\n|win|blackred123\n|raw|derpitynerpity77's rating: 1280 &rarr; <strong>1262</strong><br />(-18 for losing)\n|raw|blackred123's rating: 1382 &rarr; <strong>1396</strong><br />(+14 for winning)\n|l|\u2606derpitynerpity77\n|player|p1|\n|l|\u2606blackred123\n|player|p2|\n","uploadtime":1774623202,"views":10,"formatid":"gen9vgc2026regi","rating":1262,"private":0,"password":null}