{"id":"gen9vgc2026regi-2580272760","format":"[Gen 9] VGC 2026 Reg I","players":["DukeofDudes","castiel123"],"log":"|j|\u2606DukeofDudes\n|j|\u2606castiel123\n|t:|1775873105\n|gametype|doubles\n|player|p1|DukeofDudes|265|1370\n|player|p2|castiel123|265|1360\n|gen|9\n|tier|[Gen 9] VGC 2026 Reg I\n|rated|\n|rule|Species Clause: Limit one of each Pok\u00e9mon\n|rule|Item Clause: Limit 1 of each item\n|clearpoke\n|poke|p1|Giratina-Origin, L50|\n|poke|p1|Chien-Pao, L50|\n|poke|p1|Zamazenta-*, L50|\n|poke|p1|Amoonguss, L50, M|\n|poke|p1|Urshifu-*, L50, F|\n|poke|p1|Chi-Yu, L50|\n|poke|p2|Zamazenta-*, L50|\n|poke|p2|Chi-Yu, L50|\n|poke|p2|Terapagos, L50, M|\n|poke|p2|Landorus, L50, M|\n|poke|p2|Whimsicott, L50, F|\n|poke|p2|Iron Treads, L50|\n|teampreview|4\n|\n|t:|1775873162\n|teamsize|p1|4\n|teamsize|p2|4\n|start\n|switch|p1a: Chi-Yu|Chi-Yu, L50|100/100\n|switch|p1b: Zamazenta|Zamazenta-Crowned, L50|100/100\n|switch|p2a: Chi-Yu|Chi-Yu, L50|100/100\n|switch|p2b: Whimsicott|Whimsicott, L50, F|100/100\n|-ability|p1b: Zamazenta|Dauntless Shield|boost\n|-boost|p1b: Zamazenta|def|1\n|-ability|p2a: Chi-Yu|Beads of Ruin\n|-ability|p1a: Chi-Yu|Beads of Ruin\n|turn|1\n|\n|t:|1775873177\n|move|p1b: Zamazenta|Protect|p1b: Zamazenta\n|-singleturn|p1b: Zamazenta|Protect\n|move|p2b: Whimsicott|Tailwind|p2b: Whimsicott\n|-sidestart|p2: castiel123|move: Tailwind\n|move|p2a: Chi-Yu|Flamethrower|p1b: Zamazenta\n|-activate|p1b: Zamazenta|move: Protect\n|move|p1a: Chi-Yu|Snarl|p2b: Whimsicott|[spread] p2a,p2b\n|-resisted|p2a: Chi-Yu\n|-resisted|p2b: Whimsicott\n|-damage|p2a: Chi-Yu|90/100\n|-damage|p2b: Whimsicott|82/100\n|-unboost|p2a: Chi-Yu|spa|1\n|\n|upkeep\n|turn|2\n|\n|t:|1775873191\n|-terastallize|p1b: Zamazenta|Dragon\n|move|p2b: Whimsicott|Encore|p1b: Zamazenta\n|-start|p1b: Zamazenta|Encore\n|move|p2a: Chi-Yu|Flamethrower|p1b: Zamazenta\n|-resisted|p1b: Zamazenta\n|-damage|p1b: Zamazenta|77/100\n|move|p1b: Zamazenta|Protect||[still]\n|-fail|p1b: Zamazenta\n|move|p1a: Chi-Yu|Snarl|p2b: Whimsicott|[spread] p2a,p2b\n|-resisted|p2a: Chi-Yu\n|-resisted|p2b: Whimsicott\n|-damage|p2a: Chi-Yu|79/100\n|-damage|p2b: Whimsicott|64/100\n|-unboost|p2a: Chi-Yu|spa|1\n|\n|upkeep\n|turn|3\n|\n|t:|1775873209\n|switch|p2a: Zamazenta|Zamazenta-Crowned, L50|100/100\n|-ability|p2a: Zamazenta|Dauntless Shield|boost\n|-boost|p2a: Zamazenta|def|1\n|move|p1b: Zamazenta|Protect|p1b: Zamazenta\n|-singleturn|p1b: Zamazenta|Protect\n|move|p2b: Whimsicott|Moonblast|p1b: Zamazenta\n|-activate|p1b: Zamazenta|move: Protect\n|move|p1a: Chi-Yu|Heat Wave|p2a: Zamazenta|[spread] p2a,p2b\n|-supereffective|p2a: Zamazenta\n|-supereffective|p2b: Whimsicott\n|-damage|p2a: Zamazenta|46/100\n|-damage|p2b: Whimsicott|0 fnt\n|-status|p2a: Zamazenta|brn\n|faint|p2b: Whimsicott\n|\n|-damage|p2a: Zamazenta|40/100 brn|[from] brn\n|upkeep\n|\n|t:|1775873217\n|switch|p2b: Chi-Yu|Chi-Yu, L50|79/100\n|-ability|p2b: Chi-Yu|Beads of Ruin\n|turn|4\n|\n|t:|1775873230\n|switch|p1b: Giratina|Giratina-Origin, L50|100/100\n|move|p2b: Chi-Yu|Dark Pulse|p1b: Giratina\n|-supereffective|p1b: Giratina\n|-damage|p1b: Giratina|0 fnt\n|faint|p1b: Giratina\n|move|p2a: Zamazenta|Body Press|p1a: Chi-Yu\n|-supereffective|p1a: Chi-Yu\n|-crit|p1a: Chi-Yu\n|-damage|p1a: Chi-Yu|0 fnt\n|faint|p1a: Chi-Yu\n|\n|-damage|p2a: Zamazenta|34/100 brn|[from] brn\n|-sideend|p2: castiel123|move: Tailwind\n|upkeep\n|\n|t:|1775873238\n|switch|p1a: Zamazenta|Zamazenta-Crowned, L50, tera:Dragon|77/100\n|switch|p1b: Amoonguss|Amoonguss, L50, M|100/100\n|turn|5\n|c|\u2606DukeofDudes|dang\n|\n|t:|1775873252\n|move|p1b: Amoonguss|Rage Powder|p1b: Amoonguss\n|-singleturn|p1b: Amoonguss|move: Rage Powder\n|move|p1a: Zamazenta|Body Press|p2b: Chi-Yu\n|-supereffective|p2b: Chi-Yu\n|-damage|p2b: Chi-Yu|0 fnt\n|faint|p2b: Chi-Yu\n|move|p2a: Zamazenta|Body Press|p1b: Amoonguss\n|-resisted|p1b: Amoonguss\n|-damage|p1b: Amoonguss|89/100\n|-damage|p2a: Zamazenta|18/100 brn|[from] item: Rocky Helmet|[of] p1b: Amoonguss\n|\n|-damage|p2a: Zamazenta|12/100 brn|[from] brn\n|upkeep\n|\n|t:|1775873256\n|switch|p2b: Terapagos|Terapagos, L50, M|100/100\n|-activate|p2b: Terapagos|ability: Tera Shift\n|detailschange|p2b: Terapagos|Terapagos-Terastal, L50, M\n|-heal|p2b: Terapagos|100/100|[silent]\n|turn|6\n|c|\u2606DukeofDudes|ggs it was close\n|\n|t:|1775873279\n|move|p1b: Amoonguss|Rage Powder|p1b: Amoonguss\n|-singleturn|p1b: Amoonguss|move: Rage Powder\n|move|p1a: Zamazenta|Body Press|p2b: Terapagos\n|-activate|p2b: Terapagos|ability: Tera Shell\n|-resisted|p2b: Terapagos\n|-damage|p2b: Terapagos|83/100\n|move|p2a: Zamazenta|Body Press|p1b: Amoonguss\n|-resisted|p1b: Amoonguss\n|-damage|p1b: Amoonguss|78/100\n|-damage|p2a: Zamazenta|0 fnt|[from] item: Rocky Helmet|[of] p1b: Amoonguss\n|faint|p2a: Zamazenta\n|move|p2b: Terapagos|Calm Mind|p2b: Terapagos\n|-boost|p2b: Terapagos|spa|1\n|-boost|p2b: Terapagos|spd|1\n|\n|-heal|p2b: Terapagos|89/100|[from] item: Leftovers\n|upkeep\n|turn|7\n|\n|t:|1775873293\n|-terastallize|p2b: Terapagos|Stellar\n|detailschange|p2b: Terapagos|Terapagos-Stellar, L50, M, tera:Stellar\n|-heal|p2b: Terapagos|92/100|[silent]\n|move|p1a: Zamazenta|Wide Guard|p1a: Zamazenta\n|-singleturn|p1a: Zamazenta|Wide Guard\n|move|p2b: Terapagos|Tera Starstorm|p1a: Zamazenta|[spread] \n|-activate|p1a: Zamazenta|move: Wide Guard\n|-activate|p1b: Amoonguss|move: Wide Guard\n|move|p1b: Amoonguss|Spore|p2b: Terapagos\n|-status|p2b: Terapagos|slp|[from] move: Spore\n|\n|-heal|p2b: Terapagos|98/100 slp|[from] item: Leftovers\n|upkeep\n|turn|8\n|-message|castiel123 forfeited.\n|\n|win|DukeofDudes\n|raw|DukeofDudes's rating: 1370 &rarr; <strong>1389</strong><br />(+19 for winning)\n|raw|castiel123's rating: 1360 &rarr; <strong>1341</strong><br />(-19 for losing)\n|l|\u2606castiel123\n|player|p2|\n","uploadtime":1775873506,"views":17,"formatid":"gen9vgc2026regi","rating":1341,"private":0,"password":null}