{"id":"gen9vgc2026regi-2552015085","format":"[Gen 9] VGC 2026 Reg I","players":["woodenfish43","Pokemonst3r"],"log":"|j|\u2606woodenfish43\n|j|\u2606Pokemonst3r\n|t:|1772665757\n|gametype|doubles\n|player|p1|woodenfish43|266|1447\n|player|p2|Pokemonst3r|169|1573\n|gen|9\n|tier|[Gen 9] VGC 2026 Reg I\n|rated|\n|rule|Species Clause: Limit one of each Pok\u00e9mon\n|rule|Item Clause: Limit 1 of each item\n|clearpoke\n|poke|p1|Necrozma-Dawn-Wings, L50|\n|poke|p1|Brute Bonnet, L50|\n|poke|p1|Araquanid, L50, M|\n|poke|p1|Kyogre, L50|\n|poke|p1|Rhydon, L50, F|\n|poke|p1|Rillaboom, L50, F|\n|poke|p2|Chien-Pao, L50|\n|poke|p2|Calyrex-Shadow, L50|\n|poke|p2|Dondozo, L50, M|\n|poke|p2|Zamazenta-*, L50|\n|poke|p2|Dragonite, L50, M|\n|poke|p2|Tatsugiri, L50, F|\n|teampreview|4\n|inactive|Battle timer is ON: inactive players will automatically lose when time's up. (requested by Pokemonst3r)\n|inactive|Pokemonst3r has 60 seconds left.\n|\n|t:|1772665793\n|teamsize|p1|4\n|teamsize|p2|4\n|start\n|switch|p1a: Necrozma|Necrozma-Dawn-Wings, L50, shiny|100/100\n|switch|p1b: Brute Bonnet|Brute Bonnet, L50|100/100\n|switch|p2a: Chien-Pao|Chien-Pao, L50|100/100\n|switch|p2b: Zamazenta|Zamazenta-Crowned, L50|100/100\n|-ability|p2a: Chien-Pao|Sword of Ruin\n|-ability|p2b: Zamazenta|Dauntless Shield|boost\n|-boost|p2b: Zamazenta|def|1\n|turn|1\n|\n|t:|1772665813\n|-terastallize|p1b: Brute Bonnet|Poison\n|move|p2a: Chien-Pao|Ruination|p1b: Brute Bonnet\n|-damage|p1b: Brute Bonnet|50/100\n|move|p2b: Zamazenta|Body Press|p1b: Brute Bonnet\n|-resisted|p1b: Brute Bonnet\n|-damage|p1b: Brute Bonnet|14/100\n|move|p1b: Brute Bonnet|Spore|p2a: Chien-Pao\n|-status|p2a: Chien-Pao|slp|[from] move: Spore\n|move|p1a: Necrozma|Trick Room|p1a: Necrozma\n|-fieldstart|move: Trick Room|[of] p1a: Necrozma\n|\n|upkeep\n|turn|2\n|\n|t:|1772665831\n|cant|p2a: Chien-Pao|slp\n|move|p1b: Brute Bonnet|Pollen Puff|p2a: Chien-Pao\n|-supereffective|p2a: Chien-Pao\n|-damage|p2a: Chien-Pao|41/100 slp\n|move|p1a: Necrozma|Moongeist Beam|p2a: Chien-Pao\n|-resisted|p2a: Chien-Pao\n|-damage|p2a: Chien-Pao|0 fnt\n|faint|p2a: Chien-Pao\n|-damage|p1a: Necrozma|91/100|[from] item: Life Orb\n|move|p2b: Zamazenta|Body Press|p1b: Brute Bonnet\n|-resisted|p1b: Brute Bonnet\n|-damage|p1b: Brute Bonnet|0 fnt\n|faint|p1b: Brute Bonnet\n|-end|p1b: Brute Bonnet|Protosynthesis|[silent]\n|\n|upkeep\n|\n|t:|1772665846\n|switch|p1b: clipfarmer|Kyogre, L50|100/100\n|switch|p2a: Dragonite|Dragonite, L50, M|100/100\n|-weather|RainDance|[from] ability: Drizzle|[of] p1b: clipfarmer\n|turn|3\n|\n|t:|1772665861\n|-terastallize|p2a: Dragonite|Normal\n|move|p1b: clipfarmer|Protect|p1b: clipfarmer\n|-singleturn|p1b: clipfarmer|Protect\n|move|p2b: Zamazenta|Protect|p2b: Zamazenta\n|-singleturn|p2b: Zamazenta|Protect\n|move|p2a: Dragonite|Extreme Speed|p1b: clipfarmer\n|-activate|p1b: clipfarmer|move: Protect\n|move|p1a: Necrozma|Photon Geyser|p2a: Dragonite\n|-damage|p2a: Dragonite|31/100\n|-damage|p1a: Necrozma|81/100|[from] item: Life Orb\n|\n|-weather|RainDance|[upkeep]\n|upkeep\n|turn|4\n|\n|t:|1772665882\n|move|p2a: Dragonite|Extreme Speed|p1b: clipfarmer\n|-damage|p1b: clipfarmer|34/100\n|move|p1b: clipfarmer|Thunder|p2b: Zamazenta\n|-damage|p2b: Zamazenta|69/100\n|move|p1a: Necrozma|Photon Geyser|p2a: Dragonite\n|-damage|p2a: Dragonite|0 fnt\n|faint|p2a: Dragonite\n|-damage|p1a: Necrozma|72/100|[from] item: Life Orb\n|move|p2b: Zamazenta|Behemoth Bash|p1a: Necrozma\n|-damage|p1a: Necrozma|40/100\n|\n|-weather|RainDance|[upkeep]\n|upkeep\n|\n|t:|1772665897\n|switch|p2a: Calyrex|Calyrex-Shadow, L50|100/100\n|-ability|p2a: Calyrex|As One\n|-ability|p2a: Calyrex|Unnerve\n|turn|5\n|\n|t:|1772665906\n|move|p2b: Zamazenta|Protect|p2b: Zamazenta\n|-singleturn|p2b: Zamazenta|Protect\n|move|p1b: clipfarmer|Thunder|p2b: Zamazenta\n|-activate|p2b: Zamazenta|move: Protect\n|move|p1a: Necrozma|Moongeist Beam|p2b: Zamazenta\n|-activate|p2b: Zamazenta|move: Protect\n|move|p2a: Calyrex|Astral Barrage|p1b: clipfarmer|[spread] p1a,p1b\n|-supereffective|p1a: Necrozma\n|-damage|p1a: Necrozma|0 fnt\n|-damage|p1b: clipfarmer|0 fnt\n|faint|p1a: Necrozma\n|faint|p1b: clipfarmer\n|-ability|p2a: Calyrex|Grim Neigh|boost\n|-boost|p2a: Calyrex|spa|2\n|\n|-weather|RainDance|[upkeep]\n|-fieldend|move: Trick Room\n|upkeep\n|-message|woodenfish43 forfeited.\n|\n|win|Pokemonst3r\n|raw|woodenfish43's rating: 1447 &rarr; <strong>1434</strong><br />(-13 for losing)\n|raw|Pokemonst3r's rating: 1573 &rarr; <strong>1586</strong><br />(+13 for winning)\n|l|\u2606woodenfish43\n|player|p1|\n|l|\u2606Pokemonst3r\n|player|p2|\n","uploadtime":1772666157,"views":14,"formatid":"gen9vgc2026regi","rating":1434,"private":0,"password":null}