{"id":"gen9vgc2026regi-2564211169","format":"[Gen 9] VGC 2026 Reg I","players":["ppyyy","thathorsetho"],"log":"|j|\u2606ppyyy\n|j|\u2606thathorsetho\n|t:|1774120973\n|gametype|doubles\n|player|p1|ppyyy|elesa-gen5bw2|\n|player|p2|thathorsetho|youngcouple-gen4dp|\n|gen|9\n|tier|[Gen 9] VGC 2026 Reg I\n|rated|Tournament battle\n|rule|Species Clause: Limit one of each Pok\u00e9mon\n|rule|Item Clause: Limit 1 of each item\n|clearpoke\n|poke|p1|Kyogre, L50|\n|poke|p1|Miraidon, L50|\n|poke|p1|Landorus, L50, M|\n|poke|p1|Incineroar, L50, F|\n|poke|p1|Tornadus, L50, M|\n|poke|p1|Flutter Mane, L50|\n|poke|p2|Miraidon, L50|\n|poke|p2|Calyrex-Ice, L50|\n|poke|p2|Incineroar, L50, M|\n|poke|p2|Landorus, L50, M|\n|poke|p2|Urshifu-*, L50, M|\n|poke|p2|Grimmsnarl, L50, M|\n|teampreview|4\nthathorsetho has agreed to open team sheets.\nppyyy rejected open team sheets.\n|inactive|Battle timer is ON: inactive players will automatically lose when time's up. (requested by thathorsetho)\n|\n|t:|1774121068\n|teamsize|p1|4\n|teamsize|p2|4\n|start\n|switch|p1a: Kyogre|Kyogre, L50, shiny|100/100\n|switch|p1b: Incineroar|Incineroar, L50, F, shiny|100/100\n|switch|p2a: Calyrex|Calyrex-Ice, L50|100/100\n|switch|p2b: Grimmsnarl|Grimmsnarl, L50, M|100/100\n|-ability|p2a: Calyrex|As One\n|-ability|p2a: Calyrex|Unnerve\n|-weather|RainDance|[from] ability: Drizzle|[of] p1a: Kyogre\n|-ability|p1b: Incineroar|Intimidate|boost\n|-unboost|p2a: Calyrex|atk|1\n|-unboost|p2b: Grimmsnarl|atk|1\n|turn|1\n|inactive|thathorsetho has 30 seconds left.\n|\n|t:|1774121103\n|move|p2a: Calyrex|Protect|p2a: Calyrex\n|-singleturn|p2a: Calyrex|Protect\n|move|p1b: Incineroar|Fake Out|p2b: Grimmsnarl\n|-damage|p2b: Grimmsnarl|89/100\n|cant|p2b: Grimmsnarl|flinch\n|move|p1a: Kyogre|Origin Pulse|p2b: Grimmsnarl|[spread] p2b\n|-activate|p2a: Calyrex|move: Protect\n|-damage|p2b: Grimmsnarl|20/100\n|\n|-weather|RainDance|[upkeep]\n|upkeep\n|turn|2\n|\n|t:|1774121127\n|-terastallize|p2a: Calyrex|Water\n|move|p2b: Grimmsnarl|Light Screen|p2b: Grimmsnarl\n|-sidestart|p2: thathorsetho|move: Light Screen\n|move|p1a: Kyogre|Origin Pulse|p2a: Calyrex|[spread] p2a,p2b\n|-resisted|p2a: Calyrex\n|-damage|p2a: Calyrex|86/100\n|-damage|p2b: Grimmsnarl|0 fnt\n|faint|p2b: Grimmsnarl\n|move|p1b: Incineroar|Will-O-Wisp|p2a: Calyrex\n|-status|p2a: Calyrex|brn\n|move|p2a: Calyrex|Leech Seed|p1a: Kyogre\n|-start|p1a: Kyogre|move: Leech Seed\n|\n|-weather|RainDance|[upkeep]\n|-heal|p2a: Calyrex|92/100 brn|[from] item: Leftovers\n|-damage|p1a: Kyogre|88/100|[from] Leech Seed|[of] p2a: Calyrex\n|-heal|p2a: Calyrex|100/100 brn|[silent]\n|-damage|p2a: Calyrex|95/100 brn|[from] brn\n|upkeep\n|\n|t:|1774121144\n|switch|p2b: Miraidon|Miraidon, L50, shiny|100/100\n|-fieldstart|move: Electric Terrain|[from] ability: Hadron Engine|[of] p2b: Miraidon\n|turn|3\n|inactive|thathorsetho has 30 seconds left.\n|\n|t:|1774121172\n|move|p2b: Miraidon|Volt Switch|p1a: Kyogre\n|-supereffective|p1a: Kyogre\n|-damage|p1a: Kyogre|0 fnt\n|faint|p1a: Kyogre\n|\n|t:|1774121176\n|switch|p2b: Urshifu|Urshifu-Rapid-Strike, L50, M|100/100|[from] Volt Switch\n|move|p1b: Incineroar|Knock Off|p2b: Urshifu\n|-resisted|p2b: Urshifu\n|-damage|p2b: Urshifu|81/100\n|-enditem|p2b: Urshifu|Choice Band|[from] move: Knock Off|[of] p1b: Incineroar\n|move|p2a: Calyrex|Trick Room|p2a: Calyrex\n|-fieldstart|move: Trick Room|[of] p2a: Calyrex\n|\n|-weather|RainDance|[upkeep]\n|-heal|p2a: Calyrex|100/100 brn|[from] item: Leftovers\n|-damage|p2a: Calyrex|95/100 brn|[from] brn\n|upkeep\n|\n|t:|1774121184\n|switch|p1a: Miraidon|Miraidon, L50|100/100\n|-activate|p1a: Miraidon|ability: Hadron Engine\n|-enditem|p1a: Miraidon|Electric Seed\n|-boost|p1a: Miraidon|def|1|[from] item: Electric Seed\n|turn|4\n|inactive|ppyyy has 30 seconds left.\n|\n|t:|1774121211\n|move|p2a: Calyrex|Glacial Lance|p1b: Incineroar|[spread] p1a,p1b\n|-supereffective|p1a: Miraidon\n|-resisted|p1b: Incineroar\n|-damage|p1a: Miraidon|83/100\n|-damage|p1b: Incineroar|93/100\n|move|p1b: Incineroar|Will-O-Wisp|p2b: Urshifu\n|-status|p2b: Urshifu|brn\n|move|p2b: Urshifu|Surging Strikes|p1a: Miraidon\n|-resisted|p1a: Miraidon\n|-crit|p1a: Miraidon\n|-damage|p1a: Miraidon|78/100\n|-resisted|p1a: Miraidon\n|-crit|p1a: Miraidon\n|-damage|p1a: Miraidon|72/100\n|-resisted|p1a: Miraidon\n|-crit|p1a: Miraidon\n|-damage|p1a: Miraidon|66/100\n|-hitcount|p1a: Miraidon|3\n|move|p1a: Miraidon|Discharge|p2b: Urshifu|[spread] p1b,p2a,p2b\n|-supereffective|p2a: Calyrex\n|-supereffective|p2b: Urshifu\n|-damage|p1b: Incineroar|36/100\n|-damage|p2a: Calyrex|50/100 brn\n|-damage|p2b: Urshifu|0 fnt\n|faint|p2b: Urshifu\n|\n|-weather|RainDance|[upkeep]\n|-heal|p2a: Calyrex|56/100 brn|[from] item: Leftovers\n|-damage|p2a: Calyrex|50/100 brn|[from] brn\n|upkeep\n|\n|t:|1774121220\n|switch|p2b: Miraidon|Miraidon, L50, shiny|100/100\n|-activate|p2b: Miraidon|ability: Hadron Engine\n|turn|5\n|\n|t:|1774121237\n|move|p1a: Miraidon|Protect|p1a: Miraidon\n|-singleturn|p1a: Miraidon|Protect\n|move|p2a: Calyrex|Leech Seed|p1a: Miraidon\n|-activate|p1a: Miraidon|move: Protect\n|move|p1b: Incineroar|Knock Off|p2b: Miraidon\n|-damage|p2b: Miraidon|67/100\n|-enditem|p2b: Miraidon|Choice Specs|[from] move: Knock Off|[of] p1b: Incineroar\n|move|p2b: Miraidon|Dazzling Gleam|p1b: Incineroar|[spread] p1b\n|-activate|p1a: Miraidon|move: Protect\n|-damage|p1b: Incineroar|7/100\n|\n|-weather|none\n|-heal|p2a: Calyrex|56/100 brn|[from] item: Leftovers\n|-damage|p2a: Calyrex|50/100 brn|[from] brn\n|upkeep\n|turn|6\n|j| newcoke1234\n|l| newcoke1234\n|\n|t:|1774121249\n|switch|p1b: Flutter Mane|Flutter Mane, L50, shiny|100/100\n|move|p2a: Calyrex|Leech Seed|p1a: Miraidon\n|-start|p1a: Miraidon|move: Leech Seed\n|move|p1a: Miraidon|Dragon Pulse|p2b: Miraidon\n|-supereffective|p2b: Miraidon\n|-damage|p2b: Miraidon|0 fnt\n|faint|p2b: Miraidon\n|\n|-heal|p2a: Calyrex|56/100 brn|[from] item: Leftovers\n|-damage|p1a: Miraidon|54/100|[from] Leech Seed|[of] p2a: Calyrex\n|-heal|p2a: Calyrex|68/100 brn|[silent]\n|-damage|p2a: Calyrex|62/100 brn|[from] brn\n|upkeep\n|turn|7\n|\n|t:|1774121267\n|-terastallize|p1a: Miraidon|Ghost\n|move|p1b: Flutter Mane|Protect|p1b: Flutter Mane\n|-singleturn|p1b: Flutter Mane|Protect\n|move|p2a: Calyrex|Glacial Lance|p1b: Flutter Mane|[spread] p1a\n|-activate|p1b: Flutter Mane|move: Protect\n|-damage|p1a: Miraidon|44/100\n|move|p1a: Miraidon|Thunder|p2a: Calyrex\n|-supereffective|p2a: Calyrex\n|-damage|p2a: Calyrex|0 fnt\n|faint|p2a: Calyrex\n|\n|win|ppyyy\n|n|\u2606ppyyy|ppyyy\n|n|\u2606thathorsetho|thathorsetho\n|c|\u2606thathorsetho|gg\n","uploadtime":1774121271,"views":13,"formatid":"gen9vgc2026regi","rating":null,"private":0,"password":null}