{"id":"gen9vgc2026regi-2539624464","format":"[Gen 9] VGC 2026 Reg I","players":["SEITA","BBQ Squirtle"],"log":"|j|\u2606SEITA\n|j|\u2606BBQ Squirtle\n|t:|1771089109\n|gametype|doubles\n|player|p1|SEITA|lucas-gen4pt|1299\n|player|p2|BBQ Squirtle|paxton|1190\n|gen|9\n|tier|[Gen 9] VGC 2026 Reg I\n|rated|\n|rule|Species Clause: Limit one of each Pok\u00e9mon\n|rule|Item Clause: Limit 1 of each item\n|clearpoke\n|poke|p1|Zamazenta-*, L50|\n|poke|p1|Kyogre, L50|\n|poke|p1|Wo-Chien, L50|\n|poke|p1|Grimmsnarl, L50, M|\n|poke|p1|Landorus, L50, M|\n|poke|p1|Ditto, L50|\n|poke|p2|Terapagos, L50, M|\n|poke|p2|Brute Bonnet, L50|\n|poke|p2|Skeledirge, L50, F|\n|poke|p2|Calyrex-Shadow, L50|\n|poke|p2|Zoroark, L50, F|\n|poke|p2|Grimmsnarl, L50, M|\n|teampreview|4\n|inactive|Battle timer is ON: inactive players will automatically lose when time's up. (requested by BBQ Squirtle)\n|\n|t:|1771089118\n|teamsize|p1|4\n|teamsize|p2|4\n|start\n|switch|p1a: Grimmsnarl|Grimmsnarl, L50, M|100/100\n|switch|p1b: Zamazenta|Zamazenta-Crowned, L50|100/100\n|switch|p2a: Imp|Grimmsnarl, L50, M, shiny|100/100\n|switch|p2b: Gatr|Skeledirge, L50, F, shiny|100/100\n|-ability|p1b: Zamazenta|Dauntless Shield|boost\n|-boost|p1b: Zamazenta|def|1\n|turn|1\n|c|\u2606BBQ Squirtle|yooo\n|c|\u2606BBQ Squirtle|rematch\n|c|\u2606BBQ Squirtle|lesgo\n|inactive|SEITA has 30 seconds left.\n|inactive|BBQ Squirtle has 30 seconds left.\n|\n|t:|1771089158\n|move|p1a: Grimmsnarl|Parting Shot|p2b: Gatr\n|-unboost|p2b: Gatr|atk|1\n|-unboost|p2b: Gatr|spa|1\n|\n|t:|1771089161\n|switch|p1a: Kyogre|Kyogre, L50|100/100|[from] Parting Shot\n|-weather|RainDance|[from] ability: Drizzle|[of] p1a: Kyogre\n|move|p2a: Imp|Thunder Wave|p1b: Zamazenta\n|-status|p1b: Zamazenta|par\n|move|p2b: Gatr|Torch Song|p1a: Kyogre\n|-resisted|p1a: Kyogre\n|-damage|p1a: Kyogre|97/100\n|-boost|p2b: Gatr|spa|1\n|-enditem|p2b: Gatr|Throat Spray\n|-boost|p2b: Gatr|spa|1|[from] item: Throat Spray\n|move|p1b: Zamazenta|Iron Defense|p1b: Zamazenta\n|-boost|p1b: Zamazenta|def|2\n|\n|-weather|RainDance|[upkeep]\n|-heal|p1a: Kyogre|100/100|[from] item: Leftovers\n|upkeep\n|turn|2\n|\n|t:|1771089185\n|move|p2a: Imp|Light Screen|p2a: Imp\n|-sidestart|p2: BBQ Squirtle|move: Light Screen\n|move|p1a: Kyogre|Origin Pulse|p2b: Gatr|[spread] p2a,p2b\n|-supereffective|p2b: Gatr\n|-damage|p2a: Imp|65/100\n|-damage|p2b: Gatr|0 fnt\n|faint|p2b: Gatr\n|move|p1b: Zamazenta|Body Press|p2a: Imp\n|-damage|p2a: Imp|0 fnt\n|faint|p2a: Imp\n|\n|-weather|RainDance|[upkeep]\n|upkeep\n|\n|t:|1771089197\n|switch|p2b: Tortlee|Terapagos, L50, M|100/100\n|switch|p2a: First Sweeper|Calyrex-Shadow, L50|100/100\n|-activate|p2b: Tortlee|ability: Tera Shift\n|detailschange|p2b: Tortlee|Terapagos-Terastal, L50, M\n|-heal|p2b: Tortlee|100/100|[silent]\n|-ability|p2a: First Sweeper|As One\n|-ability|p2a: First Sweeper|Unnerve\n|turn|3\n|\n|t:|1771089216\n|switch|p1a: Grimmsnarl|Grimmsnarl, L50, M|100/100\n|-terastallize|p2b: Tortlee|Stellar\n|detailschange|p2b: Tortlee|Terapagos-Stellar, L50, M, tera:Stellar\n|-heal|p2b: Tortlee|100/100|[silent]\n|-ability|p2b: Tortlee|Teraform Zero\n|-weather|none\n|move|p2a: First Sweeper|Astral Barrage|p1a: Grimmsnarl|[spread] p1a,p1b\n|-resisted|p1a: Grimmsnarl\n|-damage|p1a: Grimmsnarl|69/100\n|-damage|p1b: Zamazenta|64/100 par\n|move|p2b: Tortlee|Tera Starstorm|p1a: Grimmsnarl|[spread] p1a,p1b\n|-damage|p1a: Grimmsnarl|3/100\n|-damage|p1b: Zamazenta|24/100 par\n|move|p1b: Zamazenta|Body Press|p2b: Tortlee\n|-supereffective|p2b: Tortlee\n|-damage|p2b: Tortlee|0 fnt\n|faint|p2b: Tortlee\n|detailschange|p2: Tortlee|Terapagos, L50, M|[silent]\n|\n|upkeep\n|turn|4\n|inactive|SEITA has 30 seconds left.\n|\n|t:|1771089242\n|move|p1a: Grimmsnarl|Parting Shot|p2a: First Sweeper\n|-unboost|p2a: First Sweeper|atk|1\n|-unboost|p2a: First Sweeper|spa|1\n|\n|t:|1771089247\n|switch|p1a: Wo-Chien|Wo-Chien, L50|100/100|[from] Parting Shot\n|-ability|p1a: Wo-Chien|Tablets of Ruin\n|move|p2a: First Sweeper|Astral Barrage|p1b: Zamazenta|[spread] p1a,p1b\n|-resisted|p1a: Wo-Chien\n|-damage|p1a: Wo-Chien|87/100\n|-damage|p1b: Zamazenta|0 fnt\n|faint|p1b: Zamazenta\n|-ability|p2a: First Sweeper|Grim Neigh|boost\n|-boost|p2a: First Sweeper|spa|1\n|\n|upkeep\n|\n|t:|1771089260\n|switch|p1b: Grimmsnarl|Grimmsnarl, L50, M|3/100\n|turn|5\n|\n|t:|1771089266\n|move|p1b: Grimmsnarl|Parting Shot|p2a: First Sweeper\n|-unboost|p2a: First Sweeper|atk|1\n|-unboost|p2a: First Sweeper|spa|1\n|\n|t:|1771089269\n|switch|p1b: Kyogre|Kyogre, L50|100/100|[from] Parting Shot\n|-weather|RainDance|[from] ability: Drizzle|[of] p1b: Kyogre\n|move|p2a: First Sweeper|Astral Barrage|p1a: Wo-Chien|[spread] p1a,p1b\n|-resisted|p1a: Wo-Chien\n|-damage|p1a: Wo-Chien|74/100\n|-damage|p1b: Kyogre|77/100\n|move|p1a: Wo-Chien|Leech Seed|p2a: First Sweeper\n|-start|p2a: First Sweeper|move: Leech Seed\n|\n|-weather|RainDance|[upkeep]\n|-heal|p1b: Kyogre|83/100|[from] item: Leftovers\n|-damage|p2a: First Sweeper|88/100|[from] Leech Seed|[of] p1a: Wo-Chien\n|-heal|p1a: Wo-Chien|88/100|[silent]\n|upkeep\n|turn|6\n|\n|t:|1771089291\n|move|p2a: First Sweeper|Draining Kiss|p1a: Wo-Chien\n|-supereffective|p1a: Wo-Chien\n|-damage|p1a: Wo-Chien|66/100\n|-heal|p2a: First Sweeper|100/100|[from] drain|[of] p1a: Wo-Chien\n|move|p1a: Wo-Chien|Foul Play|p2a: First Sweeper\n|-supereffective|p2a: First Sweeper\n|-damage|p2a: First Sweeper|46/100\n|move|p1b: Kyogre|Origin Pulse|p2a: First Sweeper\n|-damage|p2a: First Sweeper|0 fnt\n|faint|p2a: First Sweeper\n|\n|win|SEITA\n|raw|SEITA's rating: 1299 &rarr; <strong>1316</strong><br />(+17 for winning)\n|raw|BBQ Squirtle's rating: 1190 &rarr; <strong>1173</strong><br />(-17 for losing)\n|l|\u2606BBQ Squirtle\n|player|p2|\n","uploadtime":1771089495,"views":33,"formatid":"gen9vgc2026regi","rating":1173,"private":0,"password":null}