{"id":"gen9vgc2026regi-2564536154","format":"[Gen 9] VGC 2026 Reg I","players":["happidoodledoo","ranchsauce"],"log":"|j|\u2606happidoodledoo\n|j|\u2606ranchsauce\n|t:|1774159342\n|gametype|doubles\n|player|p1|happidoodledoo|1|1421\n|player|p2|ranchsauce|baker|1397\n|gen|9\n|tier|[Gen 9] VGC 2026 Reg I\n|rated|\n|rule|Species Clause: Limit one of each Pok\u00e9mon\n|rule|Item Clause: Limit 1 of each item\n|clearpoke\n|poke|p1|Calyrex-Shadow, L50|\n|poke|p1|Weezing-Galar, L50, F|\n|poke|p1|Dondozo, L50, F|\n|poke|p1|Tatsugiri-Droopy, L50, M|\n|poke|p1|Brute Bonnet, L50|\n|poke|p1|Koraidon, L50|\n|poke|p2|Calyrex-Ice, L50|\n|poke|p2|Lunala, L50|\n|poke|p2|Smeargle, L50, M|\n|poke|p2|Urshifu-*, L50, M|\n|poke|p2|Torkoal, L50, M|\n|poke|p2|Indeedee-F, L50, F|\n|teampreview|4\n|\n|t:|1774159380\n|teamsize|p1|4\n|teamsize|p2|4\n|start\n|switch|p1a: Calyrex|Calyrex-Shadow, L50|100/100\n|switch|p1b: Weezing|Weezing-Galar, L50, F, shiny|100/100\n|switch|p2a: Lunala|Lunala, L50, shiny|100/100\n|switch|p2b: Smeargle|Smeargle, L50, M|100/100\n|-ability|p1b: Weezing|Neutralizing Gas\n|-ability|p1a: Calyrex|As One\n|-ability|p1a: Calyrex|Unnerve\n|turn|1\n|inactive|Battle timer is ON: inactive players will automatically lose when time's up. (requested by ranchsauce)\n|\n|t:|1774159413\n|-terastallize|p1a: Calyrex|Normal\n|-terastallize|p2a: Lunala|Grass\n|move|p1a: Calyrex|Psychic|p2b: Smeargle\n|-enditem|p2b: Smeargle|Focus Sash\n|-damage|p2b: Smeargle|1/100\n|-damage|p1a: Calyrex|91/100|[from] item: Life Orb\n|move|p2b: Smeargle|Spore|p1a: Calyrex\n|-status|p1a: Calyrex|slp|[from] move: Spore\n|move|p2a: Lunala|Expanding Force|p1b: Weezing\n|-supereffective|p1b: Weezing\n|-damage|p1b: Weezing|2/100\n|-enditem|p1b: Weezing|Sitrus Berry|[eat]\n|-heal|p1b: Weezing|27/100|[from] item: Sitrus Berry\n|move|p1b: Weezing|Poison Gas|p2a: Lunala|[spread] p2a,p2b\n|-status|p2a: Lunala|psn\n|-status|p2b: Smeargle|psn\n|\n|-damage|p2b: Smeargle|0 fnt|[from] psn\n|faint|p2b: Smeargle\n|-damage|p2a: Lunala|88/100 psn|[from] psn\n|upkeep\n|inactive|ranchsauce has 30 seconds left.\n|\n|t:|1774159439\n|switch|p2b: Calyrex|Calyrex-Ice, L50|100/100\n|-ability|p2b: Calyrex|As One\n|-ability|p2b: Calyrex|Unnerve\n|turn|2\n|\n|t:|1774159450\n|cant|p1a: Calyrex|slp\n|move|p2a: Lunala|Meteor Beam||[still]\n|-prepare|p2a: Lunala|Meteor Beam\n|-boost|p2a: Lunala|spa|1\n|-enditem|p2a: Lunala|Power Herb\n|-anim|p2a: Lunala|Meteor Beam|p1b: Weezing\n|-damage|p1b: Weezing|0 fnt\n|faint|p1b: Weezing\n|-end|p1b: Weezing|ability: Neutralizing Gas\n|move|p2b: Calyrex|Trick Room|p2b: Calyrex\n|-fieldstart|move: Trick Room|[of] p2b: Calyrex\n|\n|-damage|p2a: Lunala|75/100 psn|[from] psn\n|upkeep\n|\n|t:|1774159462\n|switch|p1b: Dondozo|Dondozo, L50, F|100/100\n|turn|3\n|\n|t:|1774159474\n|switch|p1a: Tatsugiri|Tatsugiri-Droopy, L50, M|100/100\n|-activate|p1a: Tatsugiri|ability: Commander|[of] p1b: Dondozo\n|-boost|p1b: Dondozo|atk|2\n|-boost|p1b: Dondozo|spa|2\n|-boost|p1b: Dondozo|spe|2\n|-boost|p1b: Dondozo|def|2\n|-boost|p1b: Dondozo|spd|2\n|move|p2b: Calyrex|Glacial Lance|p1a: Tatsugiri|[spread] p1b\n|-miss|p2b: Calyrex|p1a: Tatsugiri\n|-resisted|p1b: Dondozo\n|-damage|p1b: Dondozo|91/100\n|move|p2a: Lunala|Moongeist Beam|p1b: Dondozo\n|-damage|p1b: Dondozo|60/100\n|move|p1b: Dondozo|Order Up|p2a: Lunala\n|-damage|p2a: Lunala|43/100 psn\n|-boost|p1b: Dondozo|def|1\n|\n|-heal|p1b: Dondozo|66/100|[from] item: Leftovers\n|-damage|p2a: Lunala|30/100 psn|[from] psn\n|upkeep\n|turn|4\n|inactive|ranchsauce has 30 seconds left.\n|\n|t:|1774159500\n|move|p1b: Dondozo|Protect|p1b: Dondozo\n|-singleturn|p1b: Dondozo|Protect\n|move|p2b: Calyrex|High Horsepower|p1b: Dondozo\n|-activate|p1b: Dondozo|move: Protect\n|move|p2a: Lunala|Moongeist Beam|p1b: Dondozo\n|-activate|p1b: Dondozo|move: Protect\n|\n|-heal|p1b: Dondozo|73/100|[from] item: Leftovers\n|-damage|p2a: Lunala|18/100 psn|[from] psn\n|upkeep\n|turn|5\n|\n|t:|1774159520\n|move|p2b: Calyrex|High Horsepower|p1b: Dondozo\n|-damage|p1b: Dondozo|59/100\n|move|p2a: Lunala|Moongeist Beam|p1b: Dondozo\n|-damage|p1b: Dondozo|28/100\n|move|p1b: Dondozo|Order Up|p2b: Calyrex\n|-damage|p2b: Calyrex|77/100\n|-boost|p1b: Dondozo|def|1\n|\n|-heal|p1b: Dondozo|35/100|[from] item: Leftovers\n|-damage|p2a: Lunala|5/100 psn|[from] psn\n|upkeep\n|turn|6\n|\n|t:|1774159533\n|move|p1b: Dondozo|Protect|p1b: Dondozo\n|-singleturn|p1b: Dondozo|Protect\n|move|p2b: Calyrex|Trick Room|p2b: Calyrex\n|-fieldend|move: Trick Room\n|move|p2a: Lunala|Trick Room|p2a: Lunala\n|-fieldstart|move: Trick Room|[of] p2a: Lunala\n|\n|-heal|p1b: Dondozo|41/100|[from] item: Leftovers\n|-damage|p2a: Lunala|0 fnt|[from] psn\n|faint|p2a: Lunala\n|upkeep\n|\n|t:|1774159536\n|switch|p2a: Urshifu|Urshifu, L50, M|100/100\n|turn|7\n|\n|t:|1774159550\n|move|p2b: Calyrex|Glacial Lance|p1b: Dondozo|[spread] p1b\n|-miss|p2b: Calyrex|p1a: Tatsugiri\n|-resisted|p1b: Dondozo\n|-damage|p1b: Dondozo|34/100\n|move|p2a: Urshifu|Wicked Blow|p1b: Dondozo\n|-crit|p1b: Dondozo\n|-damage|p1b: Dondozo|0 fnt\n|faint|p1b: Dondozo\n|\n|upkeep\n|\n|t:|1774159557\n|switch|p1b: Calyrex|Calyrex-Shadow, L50, tera:Normal|91/100 slp\n|-ability|p1b: Calyrex|As One\n|-ability|p1b: Calyrex|Unnerve\n|turn|8\n|\n|t:|1774159569\n|move|p2b: Calyrex|Glacial Lance|p1b: Calyrex|[spread] p1a,p1b\n|-enditem|p1a: Tatsugiri|Focus Sash\n|-damage|p1a: Tatsugiri|1/100\n|-damage|p1b: Calyrex|18/100 slp\n|move|p2a: Urshifu|Wicked Blow|p1a: Tatsugiri\n|-crit|p1a: Tatsugiri\n|-damage|p1a: Tatsugiri|0 fnt\n|faint|p1a: Tatsugiri\n|cant|p1b: Calyrex|slp\n|\n|upkeep\n|turn|9\n|\n|t:|1774159579\n|move|p2b: Calyrex|Glacial Lance|p1b: Calyrex\n|-damage|p1b: Calyrex|0 fnt\n|faint|p1b: Calyrex\n|\n|win|ranchsauce\n|raw|happidoodledoo's rating: 1421 &rarr; <strong>1400</strong><br />(-21 for losing)\n|raw|ranchsauce's rating: 1397 &rarr; <strong>1418</strong><br />(+21 for winning)\n|l|\u2606happidoodledoo\n|player|p1|\n|c|\u2606ranchsauce|Gg\n|l|\u2606ranchsauce\n|player|p2|\n","uploadtime":1774159847,"views":44,"formatid":"gen9vgc2026regi","rating":1400,"private":0,"password":null}