{"id":"gen9vgc2026regi-2532378919","format":"[Gen 9] VGC 2026 Reg I","players":["tententenOMG","alexit93"],"log":"|j|\u2606tententenOMG\n|j|\u2606alexit93\n|t:|1770168855\n|gametype|doubles\n|player|p1|tententenOMG|iris|1223\n|player|p2|alexit93|lucas-gen4pt|1334\n|gen|9\n|tier|[Gen 9] VGC 2026 Reg I\n|rated|\n|rule|Species Clause: Limit one of each Pok\u00e9mon\n|rule|Item Clause: Limit 1 of each item\n|clearpoke\n|poke|p1|Delphox, L50, F|\n|poke|p1|Miraidon, L50|\n|poke|p1|Calyrex-Ice, L50|\n|poke|p1|Iron Hands, L50|\n|poke|p1|Grimmsnarl, L50, M|\n|poke|p1|Landorus-Therian, L50, M|\n|poke|p2|Zamazenta-*, L50|\n|poke|p2|Riolu, L50, M|\n|poke|p2|Calyrex-Ice, L50|\n|poke|p2|Rillaboom, L50, M|\n|poke|p2|Incineroar, L50, M|\n|poke|p2|Urshifu-*, L50, M|\n|teampreview|4\n|inactive|Battle timer is ON: inactive players will automatically lose when time's up. (requested by tententenOMG)\n|\n|t:|1770168876\n|teamsize|p1|4\n|teamsize|p2|4\n|start\n|switch|p1a: Miraidon|Miraidon, L50|100/100\n|switch|p1b: Grimmsnarl|Grimmsnarl, L50, M|100/100\n|switch|p2a: Calyrex|Calyrex-Ice, L50|100/100\n|switch|p2b: Rillaboom|Rillaboom, L50, M|100/100\n|-ability|p2a: Calyrex|As One\n|-ability|p2a: Calyrex|Unnerve\n|-fieldstart|move: Electric Terrain|[from] ability: Hadron Engine|[of] p1a: Miraidon\n|-fieldstart|move: Grassy Terrain|[from] ability: Grassy Surge|[of] p2b: Rillaboom\n|turn|1\n|\n|t:|1770168895\n|-terastallize|p2a: Calyrex|Ground\n|move|p2b: Rillaboom|Fake Out|p1b: Grimmsnarl\n|-damage|p1b: Grimmsnarl|84/100\n|cant|p1b: Grimmsnarl|flinch\n|move|p1a: Miraidon|Volt Switch|p2a: Calyrex\n|-immune|p2a: Calyrex\n|move|p2a: Calyrex|Trick Room|p2a: Calyrex\n|-fieldstart|move: Trick Room|[of] p2a: Calyrex\n|\n|-heal|p1b: Grimmsnarl|90/100|[from] Grassy Terrain\n|upkeep\n|turn|2\n|\n|t:|1770168911\n|move|p1b: Grimmsnarl|Reflect|p1b: Grimmsnarl\n|-sidestart|p1: tententenOMG|Reflect\n|move|p2a: Calyrex|Glacial Lance|p1a: Miraidon|[spread] p1a,p1b\n|-supereffective|p1a: Miraidon\n|-damage|p1a: Miraidon|27/100\n|-damage|p1b: Grimmsnarl|50/100\n|move|p2b: Rillaboom|Wood Hammer|p1b: Grimmsnarl\n|-damage|p1b: Grimmsnarl|0 fnt\n|faint|p1b: Grimmsnarl\n|-damage|p2b: Rillaboom|82/100|[from] Recoil\n|move|p1a: Miraidon|Volt Switch|p2b: Rillaboom\n|-resisted|p2b: Rillaboom\n|-damage|p2b: Rillaboom|64/100\n|\n|t:|1770168924\n|switch|p1a: Calyrex|Calyrex-Ice, L50|100/100|[from] Volt Switch\n|-ability|p1a: Calyrex|As One\n|-ability|p1a: Calyrex|Unnerve\n|\n|-heal|p2b: Rillaboom|70/100|[from] Grassy Terrain\n|upkeep\n|\n|t:|1770168934\n|switch|p1b: Delphox|Delphox, L50, F|100/100\n|turn|3\n|\n|t:|1770168946\n|switch|p2b: Incineroar|Incineroar, L50, M|100/100\n|-ability|p2b: Incineroar|Intimidate|boost\n|-unboost|p1a: Calyrex|atk|1\n|-unboost|p1b: Delphox|atk|1\n|move|p2a: Calyrex|High Horsepower|p1b: Delphox\n|-supereffective|p1b: Delphox\n|-damage|p1b: Delphox|0 fnt\n|faint|p1b: Delphox\n|-ability|p2a: Calyrex|Chilling Neigh|boost\n|-boost|p2a: Calyrex|atk|1\n|move|p1a: Calyrex|Leech Seed|p2a: Calyrex\n|-start|p2a: Calyrex|move: Leech Seed\n|\n|-damage|p2a: Calyrex|88/100|[from] Leech Seed|[of] p1a: Calyrex\n|upkeep\n|\n|t:|1770168954\n|switch|p1b: Miraidon|Miraidon, L50|27/100\n|-fieldstart|move: Electric Terrain|[from] ability: Hadron Engine|[of] p1b: Miraidon\n|turn|4\n|\n|t:|1770168969\n|move|p1a: Calyrex|Protect|p1a: Calyrex\n|-singleturn|p1a: Calyrex|Protect\n|move|p2a: Calyrex|Glacial Lance|p1b: Miraidon|[spread] p1b\n|-activate|p1a: Calyrex|move: Protect\n|-supereffective|p1b: Miraidon\n|-damage|p1b: Miraidon|0 fnt\n|faint|p1b: Miraidon\n|-ability|p2a: Calyrex|Chilling Neigh|boost\n|-boost|p2a: Calyrex|atk|1\n|move|p2b: Incineroar|Will-O-Wisp|p1a: Calyrex\n|-activate|p1a: Calyrex|move: Protect\n|\n|-damage|p2a: Calyrex|75/100|[from] Leech Seed|[of] p1a: Calyrex\n|upkeep\n|turn|5\n|\n|t:|1770168977\n|move|p2a: Calyrex|High Horsepower|p1a: Calyrex\n|-damage|p1a: Calyrex|61/100\n|move|p1a: Calyrex|Glacial Lance|p2a: Calyrex|[spread] p2a,p2b\n|-supereffective|p2a: Calyrex\n|-resisted|p2b: Incineroar\n|-damage|p2a: Calyrex|36/100\n|-damage|p2b: Incineroar|87/100\n|move|p2b: Incineroar|Will-O-Wisp|p1a: Calyrex|[miss]\n|-miss|p2b: Incineroar|p1a: Calyrex\n|\n|-heal|p1a: Calyrex|67/100|[from] item: Leftovers\n|-damage|p2a: Calyrex|24/100|[from] Leech Seed|[of] p1a: Calyrex\n|-heal|p1a: Calyrex|79/100|[silent]\n|-fieldend|move: Trick Room\n|upkeep\n|turn|6\n|\n|t:|1770168991\n|switch|p2a: Riolu|Riolu, L50, M|100/100\n|-terastallize|p1a: Calyrex|Fire\n|move|p2b: Incineroar|Will-O-Wisp|p1a: Calyrex\n|-immune|p1a: Calyrex\n|move|p1a: Calyrex|Glacial Lance|p2a: Riolu|[spread] p2a,p2b\n|-resisted|p2b: Incineroar\n|-damage|p2a: Riolu|57/100\n|-damage|p2b: Incineroar|73/100\n|\n|-heal|p1a: Calyrex|85/100|[from] item: Leftovers\n|upkeep\n|turn|7\n|\n|t:|1770169006\n|move|p2a: Riolu|Coaching|p2b: Incineroar\n|-boost|p2b: Incineroar|atk|1\n|-boost|p2b: Incineroar|def|1\n|move|p2b: Incineroar|Knock Off|p1a: Calyrex\n|-damage|p1a: Calyrex|62/100\n|-enditem|p1a: Calyrex|Leftovers|[from] move: Knock Off|[of] p2b: Incineroar\n|move|p1a: Calyrex|Leech Seed|p2a: Riolu\n|-start|p2a: Riolu|move: Leech Seed\n|\n|-damage|p2a: Riolu|45/100|[from] Leech Seed|[of] p1a: Calyrex\n|-heal|p1a: Calyrex|71/100|[silent]\n|upkeep\n|turn|8\n|\n|t:|1770169019\n|move|p1a: Calyrex|Protect|p1a: Calyrex\n|-singleturn|p1a: Calyrex|Protect\n|move|p2a: Riolu|Coaching|p2b: Incineroar\n|-boost|p2b: Incineroar|atk|1\n|-boost|p2b: Incineroar|def|1\n|move|p2b: Incineroar|Knock Off|p1a: Calyrex\n|-activate|p1a: Calyrex|move: Protect\n|\n|-damage|p2a: Riolu|32/100|[from] Leech Seed|[of] p1a: Calyrex\n|-heal|p1a: Calyrex|80/100|[silent]\n|-fieldend|move: Electric Terrain\n|upkeep\n|turn|9\n|\n|t:|1770169037\n|move|p2a: Riolu|Coaching|p2b: Incineroar\n|-boost|p2b: Incineroar|atk|1\n|-boost|p2b: Incineroar|def|1\n|move|p2b: Incineroar|Parting Shot|p1a: Calyrex\n|-unboost|p1a: Calyrex|atk|1\n|-unboost|p1a: Calyrex|spa|1\n|\n|t:|1770169043\n|switch|p2b: Calyrex|Calyrex-Ice, L50, tera:Ground|24/100|[from] Parting Shot\n|-ability|p2b: Calyrex|As One\n|-ability|p2b: Calyrex|Unnerve\n|move|p1a: Calyrex|Glacial Lance|p2b: Calyrex|[spread] p2a,p2b\n|-supereffective|p2b: Calyrex\n|-crit|p2b: Calyrex\n|-damage|p2a: Riolu|3/100\n|-damage|p2b: Calyrex|0 fnt\n|faint|p2b: Calyrex\n|-ability|p1a: Calyrex|Chilling Neigh|boost\n|-boost|p1a: Calyrex|atk|1\n|\n|-damage|p2a: Riolu|0 fnt|[from] Leech Seed|[of] p1a: Calyrex\n|-heal|p1a: Calyrex|82/100|[silent]\n|faint|p2a: Riolu\n|-sideend|p1: tententenOMG|Reflect\n|upkeep\n|\n|t:|1770169046\n|switch|p2a: Incineroar|Incineroar, L50, M|73/100\n|switch|p2b: Rillaboom|Rillaboom, L50, M|70/100\n|-fieldstart|move: Grassy Terrain|[from] ability: Grassy Surge|[of] p2b: Rillaboom\n|-ability|p2a: Incineroar|Intimidate|boost\n|-unboost|p1a: Calyrex|atk|1\n|turn|10\n|\n|t:|1770169055\n|move|p1a: Calyrex|Protect|p1a: Calyrex\n|-singleturn|p1a: Calyrex|Protect\n|move|p2b: Rillaboom|Wood Hammer|p1a: Calyrex\n|-activate|p1a: Calyrex|move: Protect\n|move|p2a: Incineroar|Knock Off|p1a: Calyrex\n|-activate|p1a: Calyrex|move: Protect\n|\n|-heal|p2b: Rillaboom|76/100|[from] Grassy Terrain\n|-heal|p2a: Incineroar|79/100|[from] Grassy Terrain\n|-heal|p1a: Calyrex|87/100|[from] Grassy Terrain\n|upkeep\n|turn|11\n|\n|t:|1770169069\n|move|p2b: Rillaboom|Wood Hammer|p1a: Calyrex\n|-resisted|p1a: Calyrex\n|-damage|p1a: Calyrex|67/100\n|-damage|p2b: Rillaboom|68/100|[from] Recoil\n|move|p2a: Incineroar|Parting Shot|p1a: Calyrex\n|-unboost|p1a: Calyrex|atk|1\n|-unboost|p1a: Calyrex|spa|1\n|move|p1a: Calyrex|Leech Seed|p2b: Rillaboom\n|-immune|p2b: Rillaboom\n|\n|-heal|p2b: Rillaboom|74/100|[from] Grassy Terrain\n|-heal|p2a: Incineroar|85/100|[from] Grassy Terrain\n|-heal|p1a: Calyrex|72/100|[from] Grassy Terrain\n|upkeep\n|turn|12\n|\n|t:|1770169081\n|move|p2b: Rillaboom|Wood Hammer|p1a: Calyrex\n|-resisted|p1a: Calyrex\n|-damage|p1a: Calyrex|51/100\n|-damage|p2b: Rillaboom|65/100|[from] Recoil\n|move|p2a: Incineroar|Knock Off|p1a: Calyrex\n|-damage|p1a: Calyrex|37/100\n|move|p1a: Calyrex|Leech Seed|p2a: Incineroar\n|-start|p2a: Incineroar|move: Leech Seed\n|\n|-heal|p2b: Rillaboom|71/100|[from] Grassy Terrain\n|-heal|p2a: Incineroar|91/100|[from] Grassy Terrain\n|-heal|p1a: Calyrex|43/100|[from] Grassy Terrain\n|-damage|p2a: Incineroar|78/100|[from] Leech Seed|[of] p1a: Calyrex\n|-heal|p1a: Calyrex|53/100|[silent]\n|upkeep\n|turn|13\n|\n|t:|1770169095\n|move|p1a: Calyrex|Protect|p1a: Calyrex\n|-singleturn|p1a: Calyrex|Protect\n|move|p2b: Rillaboom|U-turn|p1a: Calyrex\n|-activate|p1a: Calyrex|move: Protect\n|move|p2a: Incineroar|Parting Shot|p1a: Calyrex\n|-activate|p1a: Calyrex|move: Protect\n|\n|-heal|p2b: Rillaboom|76/100|[from] Grassy Terrain\n|-heal|p2a: Incineroar|84/100|[from] Grassy Terrain\n|-heal|p1a: Calyrex|59/100|[from] Grassy Terrain\n|-damage|p2a: Incineroar|72/100|[from] Leech Seed|[of] p1a: Calyrex\n|-heal|p1a: Calyrex|69/100|[silent]\n|upkeep\n|turn|14\n|j| p654\n|\n|t:|1770169109\n|move|p2b: Rillaboom|Wood Hammer|p1a: Calyrex\n|-resisted|p1a: Calyrex\n|-damage|p1a: Calyrex|50/100\n|-damage|p2b: Rillaboom|69/100|[from] Recoil\n|move|p2a: Incineroar|Parting Shot|p1a: Calyrex\n|-unboost|p1a: Calyrex|atk|1\n|-unboost|p1a: Calyrex|spa|1\n|move|p1a: Calyrex|Leech Seed|p2b: Rillaboom\n|-immune|p2b: Rillaboom\n|\n|-heal|p2b: Rillaboom|75/100|[from] Grassy Terrain\n|-heal|p2a: Incineroar|78/100|[from] Grassy Terrain\n|-heal|p1a: Calyrex|56/100|[from] Grassy Terrain\n|-damage|p2a: Incineroar|65/100|[from] Leech Seed|[of] p1a: Calyrex\n|-heal|p1a: Calyrex|66/100|[silent]\n|-fieldend|move: Grassy Terrain\n|upkeep\n|turn|15\n|\n|t:|1770169122\n|move|p2b: Rillaboom|Wood Hammer|p1a: Calyrex\n|-resisted|p1a: Calyrex\n|-damage|p1a: Calyrex|50/100\n|-damage|p2b: Rillaboom|68/100|[from] Recoil\n|move|p2a: Incineroar|Knock Off|p1a: Calyrex\n|-damage|p1a: Calyrex|37/100\n|move|p1a: Calyrex|Glacial Lance|p2a: Incineroar|[spread] p2a,p2b\n|-resisted|p2a: Incineroar\n|-supereffective|p2b: Rillaboom\n|-damage|p2a: Incineroar|58/100\n|-damage|p2b: Rillaboom|31/100\n|\n|-damage|p2a: Incineroar|46/100|[from] Leech Seed|[of] p1a: Calyrex\n|-heal|p1a: Calyrex|47/100|[silent]\n|upkeep\n|turn|16\n|\n|t:|1770169134\n|move|p2b: Rillaboom|Wood Hammer|p1a: Calyrex\n|-resisted|p1a: Calyrex\n|-damage|p1a: Calyrex|31/100\n|-damage|p2b: Rillaboom|24/100|[from] Recoil\n|move|p2a: Incineroar|Knock Off|p1a: Calyrex\n|-damage|p1a: Calyrex|16/100\n|move|p1a: Calyrex|Glacial Lance|p2b: Rillaboom|[spread] p2a,p2b\n|-resisted|p2a: Incineroar\n|-supereffective|p2b: Rillaboom\n|-damage|p2a: Incineroar|39/100\n|-damage|p2b: Rillaboom|0 fnt\n|faint|p2b: Rillaboom\n|-ability|p1a: Calyrex|Chilling Neigh|boost\n|-boost|p1a: Calyrex|atk|1\n|\n|-damage|p2a: Incineroar|27/100|[from] Leech Seed|[of] p1a: Calyrex\n|-heal|p1a: Calyrex|27/100|[silent]\n|upkeep\n|turn|17\n|\n|t:|1770169145\n|move|p1a: Calyrex|Protect|p1a: Calyrex\n|-singleturn|p1a: Calyrex|Protect\n|move|p2a: Incineroar|Knock Off|p1a: Calyrex\n|-activate|p1a: Calyrex|move: Protect\n|\n|-damage|p2a: Incineroar|15/100|[from] Leech Seed|[of] p1a: Calyrex\n|-heal|p1a: Calyrex|37/100|[silent]\n|upkeep\n|turn|18\n|-message|alexit93 forfeited.\n|\n|win|tententenOMG\n|raw|tententenOMG's rating: 1223 &rarr; <strong>1256</strong><br />(+33 for winning)\n|raw|alexit93's rating: 1334 &rarr; <strong>1308</strong><br />(-26 for losing)\n|l| p654\n|l|\u2606alexit93\n|player|p2|\n|l|\u2606tententenOMG\n|player|p1|\n","uploadtime":1770169422,"views":25,"formatid":"gen9vgc2026regi","rating":1256,"private":0,"password":null}