{"id":"gen9vgc2026regi-2590477563","format":"[Gen 9] VGC 2026 Reg I","players":["jj11j1","LewyyyG13"],"log":"|j|\u2606jj11j1\n|j|\u2606LewyyyG13\n|t:|1776813325\n|gametype|doubles\n|player|p1|jj11j1|169|1468\n|player|p2|LewyyyG13|102|1453\n|gen|9\n|tier|[Gen 9] VGC 2026 Reg I\n|rated|\n|rule|Species Clause: Limit one of each Pok\u00e9mon\n|rule|Item Clause: Limit 1 of each item\n|clearpoke\n|poke|p1|Ho-Oh, L50|\n|poke|p1|Calyrex-Ice, L50|\n|poke|p1|Overqwil, L50, F|\n|poke|p1|Ting-Lu, L50|\n|poke|p1|Rillaboom, L50, M|\n|poke|p1|Ogerpon-Wellspring, L50, F|\n|poke|p2|Calyrex-Shadow, L50|\n|poke|p2|Zamazenta-*, L50|\n|poke|p2|Ogerpon-Hearthflame, L50, F|\n|poke|p2|Amoonguss, L50, M|\n|poke|p2|Dragonite, L50, F|\n|poke|p2|Chien-Pao, L50|\n|teampreview|4\n|inactive|Battle timer is ON: inactive players will automatically lose when time's up. (requested by LewyyyG13)\n|inactive|LewyyyG13 has 60 seconds left.\n|\n|t:|1776813373\n|teamsize|p1|4\n|teamsize|p2|4\n|start\n|switch|p1a: Ting-Lu|Ting-Lu, L50|100/100\n|switch|p1b: Ho-Oh|Ho-Oh, L50|100/100\n|switch|p2a: Zamazenta|Zamazenta-Crowned, L50|100/100\n|switch|p2b: Chien-Pao|Chien-Pao, L50|100/100\n|-ability|p2b: Chien-Pao|Sword of Ruin\n|-ability|p2a: Zamazenta|Dauntless Shield|boost\n|-boost|p2a: Zamazenta|def|1\n|-ability|p1a: Ting-Lu|Vessel of Ruin\n|turn|1\n|inactive|LewyyyG13 has 30 seconds left.\n|\n|t:|1776813404\n|-terastallize|p2a: Zamazenta|Water\n|move|p2b: Chien-Pao|Protect|p2b: Chien-Pao\n|-singleturn|p2b: Chien-Pao|Protect\n|move|p2a: Zamazenta|Body Press|p1a: Ting-Lu\n|-supereffective|p1a: Ting-Lu\n|-damage|p1a: Ting-Lu|0 fnt\n|faint|p1a: Ting-Lu\n|move|p1b: Ho-Oh|Sacred Fire|p2a: Zamazenta\n|-resisted|p2a: Zamazenta\n|-damage|p2a: Zamazenta|89/100\n|\n|upkeep\n|\n|t:|1776813418\n|switch|p1a: Calyrex|Calyrex-Ice, L50|100/100\n|-ability|p1a: Calyrex|As One\n|-ability|p1a: Calyrex|Unnerve\n|turn|2\n|\n|t:|1776813432\n|-terastallize|p1a: Calyrex|Water\n|move|p2b: Chien-Pao|Ice Spinner|p1b: Ho-Oh\n|-damage|p1b: Ho-Oh|66/100\n|-damage|p2b: Chien-Pao|84/100|[from] item: Rocky Helmet|[of] p1b: Ho-Oh\n|move|p2a: Zamazenta|Body Press|p1a: Calyrex\n|-damage|p1a: Calyrex|57/100\n|move|p1b: Ho-Oh|Sacred Fire|p2a: Zamazenta\n|-resisted|p2a: Zamazenta\n|-damage|p2a: Zamazenta|78/100\n|-status|p2a: Zamazenta|brn\n|move|p1a: Calyrex|Leech Seed|p2b: Chien-Pao\n|-start|p2b: Chien-Pao|move: Leech Seed\n|\n|-heal|p1a: Calyrex|63/100|[from] item: Leftovers\n|-damage|p2b: Chien-Pao|72/100|[from] Leech Seed|[of] p1a: Calyrex\n|-heal|p1a: Calyrex|72/100|[silent]\n|-damage|p2a: Zamazenta|72/100 brn|[from] brn\n|upkeep\n|turn|3\n|inactive|LewyyyG13 has 30 seconds left.\n|\n|t:|1776813457\n|move|p2b: Chien-Pao|Ice Spinner|p1b: Ho-Oh\n|-damage|p1b: Ho-Oh|31/100\n|-damage|p2b: Chien-Pao|55/100|[from] item: Rocky Helmet|[of] p1b: Ho-Oh\n|move|p2a: Zamazenta|Body Press|p1b: Ho-Oh\n|-resisted|p1b: Ho-Oh\n|-damage|p1b: Ho-Oh|14/100\n|-damage|p2a: Zamazenta|56/100 brn|[from] item: Rocky Helmet|[of] p1b: Ho-Oh\n|move|p1b: Ho-Oh|Life Dew|p1b: Ho-Oh|[spread] p1a,p1b\n|-heal|p1a: Calyrex|97/100\n|-heal|p1b: Ho-Oh|39/100\n|move|p1a: Calyrex|Trick Room|p1a: Calyrex\n|-fieldstart|move: Trick Room|[of] p1a: Calyrex\n|\n|-heal|p1a: Calyrex|100/100|[from] item: Leftovers\n|-damage|p2b: Chien-Pao|43/100|[from] Leech Seed|[of] p1a: Calyrex\n|-damage|p2a: Zamazenta|50/100 brn|[from] brn\n|upkeep\n|turn|4\n|\n|t:|1776813479\n|switch|p1b: Overqwil|Overqwil, L50, F|100/100\n|-ability|p1b: Overqwil|Intimidate|boost\n|-unboost|p2a: Zamazenta|atk|1\n|-fail|p2b: Chien-Pao|unboost|[from] item: Clear Amulet|[of] p2b: Chien-Pao\n|move|p2b: Chien-Pao|Sucker Punch||[still]\n|-fail|p2b: Chien-Pao\n|move|p1a: Calyrex|Leech Seed|p2a: Zamazenta\n|-start|p2a: Zamazenta|move: Leech Seed\n|move|p2a: Zamazenta|Body Press|p1b: Overqwil\n|-damage|p1b: Overqwil|58/100\n|\n|-heal|p1b: Overqwil|65/100|[from] item: Black Sludge\n|-damage|p2a: Zamazenta|38/100 brn|[from] Leech Seed|[of] p1a: Calyrex\n|-damage|p2b: Chien-Pao|31/100|[from] Leech Seed|[of] p1a: Calyrex\n|-damage|p2a: Zamazenta|32/100 brn|[from] brn\n|upkeep\n|turn|5\n|inactive|LewyyyG13 has 30 seconds left.\n|\n|t:|1776813506\n|switch|p2b: Dragonite|Dragonite, L50, F|100/100\n|move|p2a: Zamazenta|Wide Guard|p2a: Zamazenta\n|-singleturn|p2a: Zamazenta|Wide Guard\n|move|p1a: Calyrex|Glacial Lance|p2b: Dragonite|[spread] \n|-activate|p2a: Zamazenta|move: Wide Guard\n|-activate|p2b: Dragonite|move: Wide Guard\n|move|p1b: Overqwil|Toxic Spikes|p2a: Zamazenta\n|-sidestart|p2: LewyyyG13|move: Toxic Spikes\n|\n|-heal|p1b: Overqwil|71/100|[from] item: Black Sludge\n|-damage|p2a: Zamazenta|20/100 brn|[from] Leech Seed|[of] p1a: Calyrex\n|-damage|p2a: Zamazenta|14/100 brn|[from] brn\n|upkeep\n|turn|6\n|\n|t:|1776813530\n|switch|p1b: Ho-Oh|Ho-Oh, L50|72/100\n|switch|p2a: Chien-Pao|Chien-Pao, L50|31/100\n|-status|p2a: Chien-Pao|psn\n|-ability|p2a: Chien-Pao|Sword of Ruin\n|move|p2b: Dragonite|Extreme Speed|p1a: Calyrex\n|-damage|p1a: Calyrex|67/100\n|move|p1a: Calyrex|Leech Seed|p2b: Dragonite\n|-start|p2b: Dragonite|move: Leech Seed\n|\n|-heal|p1a: Calyrex|72/100|[from] item: Leftovers\n|-damage|p2b: Dragonite|88/100|[from] Leech Seed|[of] p1a: Calyrex\n|-heal|p1a: Calyrex|84/100|[silent]\n|-damage|p2a: Chien-Pao|18/100 psn|[from] psn\n|upkeep\n|turn|7\n|inactive|jj11j1 has 30 seconds left.\n|\n|t:|1776813555\n|move|p2b: Dragonite|Extreme Speed|p1b: Ho-Oh\n|-damage|p1b: Ho-Oh|26/100\n|-damage|p2b: Dragonite|72/100|[from] item: Rocky Helmet|[of] p1b: Ho-Oh\n|move|p2a: Chien-Pao|Sucker Punch||[still]\n|-fail|p2a: Chien-Pao\n|move|p1a: Calyrex|Glacial Lance|p2a: Chien-Pao|[spread] p2a,p2b\n|-resisted|p2a: Chien-Pao\n|-supereffective|p2b: Dragonite\n|-damage|p2a: Chien-Pao|0 fnt\n|-damage|p2b: Dragonite|0 fnt\n|faint|p2a: Chien-Pao\n|faint|p2b: Dragonite\n|-ability|p1a: Calyrex|Chilling Neigh|boost\n|-boost|p1a: Calyrex|atk|2\n|move|p1b: Ho-Oh|Life Dew|p1b: Ho-Oh|[spread] p1a,p1b\n|-heal|p1a: Calyrex|100/100\n|-heal|p1b: Ho-Oh|51/100\n|\n|-fieldend|move: Trick Room\n|upkeep\n|\n|t:|1776813572\n|switch|p2a: Zamazenta|Zamazenta-Crowned, L50, tera:Water|14/100 brn\n|switch|p2b: Calyrex|Calyrex-Shadow, L50|100/100\n|-ability|p2b: Calyrex|As One\n|-ability|p2b: Calyrex|Unnerve\n|-status|p2b: Calyrex|psn\n|turn|8\n|l|\u2606jj11j1\n|inactive|jj11j1 disconnected and has a minute to reconnect!\n|player|p1|\n|inactive|jj11j1 has 30 seconds left.\n|j|\u2606jj11j1\n|inactive|jj11j1 reconnected and has 30 seconds left.\n|player|p1|jj11j1|169|\n|inactive|jj11j1 has 20 seconds left.\n|inactive|jj11j1 has 15 seconds left.\n|\n|t:|1776813615\n|move|p1b: Ho-Oh|Protect|p1b: Ho-Oh\n|-singleturn|p1b: Ho-Oh|Protect\n|move|p2b: Calyrex|Astral Barrage|p1a: Calyrex|[spread] p1a\n|-activate|p1b: Ho-Oh|move: Protect\n|-damage|p1a: Calyrex|65/100\n|move|p2a: Zamazenta|Body Press|p1a: Calyrex\n|-damage|p1a: Calyrex|53/100\n|move|p1a: Calyrex|Trick Room|p1a: Calyrex\n|-fieldstart|move: Trick Room|[of] p1a: Calyrex\n|\n|-heal|p1a: Calyrex|58/100|[from] item: Leftovers\n|-damage|p2b: Calyrex|88/100 psn|[from] psn\n|-damage|p2a: Zamazenta|8/100 brn|[from] brn\n|upkeep\n|turn|9\n|inactive|jj11j1 has 30 seconds left.\n|inactive|LewyyyG13 has 30 seconds left.\n|inactive|LewyyyG13 has 20 seconds left.\n|inactive|LewyyyG13 has 15 seconds left.\n|\n|t:|1776813658\n|move|p1a: Calyrex|Protect|p1a: Calyrex\n|-singleturn|p1a: Calyrex|Protect\n|move|p2a: Zamazenta|Wide Guard|p2a: Zamazenta\n|-singleturn|p2a: Zamazenta|Wide Guard\n|move|p1b: Ho-Oh|Sacred Fire|p2a: Zamazenta\n|-resisted|p2a: Zamazenta\n|-damage|p2a: Zamazenta|0 fnt\n|faint|p2a: Zamazenta\n|move|p2b: Calyrex|Astral Barrage|p1b: Ho-Oh|[spread] p1b\n|-activate|p1a: Calyrex|move: Protect\n|-damage|p1b: Ho-Oh|23/100\n|\n|-heal|p1a: Calyrex|64/100|[from] item: Leftovers\n|-damage|p2b: Calyrex|76/100 psn|[from] psn\n|upkeep\n|turn|10\n|\n|t:|1776813678\n|move|p1a: Calyrex|Glacial Lance|p2b: Calyrex\n|-damage|p2b: Calyrex|0 fnt\n|faint|p2b: Calyrex\n|\n|win|jj11j1\n|raw|jj11j1's rating: 1468 &rarr; <strong>1487</strong><br />(+19 for winning)\n|raw|LewyyyG13's rating: 1453 &rarr; <strong>1434</strong><br />(-19 for losing)\n|l|\u2606jj11j1\n|player|p1|\n|l|\u2606LewyyyG13\n|player|p2|\n","uploadtime":1776813822,"views":10,"formatid":"gen9vgc2026regi","rating":1434,"private":0,"password":null}