{"id":"gen9vgc2026regi-2556939476","format":"[Gen 9] VGC 2026 Reg I","players":["Azunus","ArisHazard"],"log":"|j|\u2606Azunus\n|j|\u2606ArisHazard\n|t:|1773262276\n|gametype|doubles\n|player|p1|Azunus|jupiter|1280\n|player|p2|ArisHazard|101|1315\n|gen|9\n|tier|[Gen 9] VGC 2026 Reg I\n|rated|\n|rule|Species Clause: Limit one of each Pok\u00e9mon\n|rule|Item Clause: Limit 1 of each item\n|clearpoke\n|poke|p1|Volcarona, L50, F|\n|poke|p1|Miraidon, L50|\n|poke|p1|Ursaluna-Bloodmoon, L50, M|\n|poke|p1|Grimmsnarl, L50, M|\n|poke|p1|Calyrex-Shadow, L50|\n|poke|p1|Chesnaught, L50, F|\n|poke|p2|Calyrex-Ice, L50|\n|poke|p2|Scraggy, L50, M|\n|poke|p2|Miraidon, L50|\n|poke|p2|Tornadus, L50, M|\n|poke|p2|Sableye, L50, M|\n|poke|p2|Ting-Lu, L50|\n|teampreview|4\n|inactive|Battle timer is ON: inactive players will automatically lose when time's up. (requested by Azunus)\n|\n|t:|1773262304\n|teamsize|p1|4\n|teamsize|p2|4\n|start\n|switch|p1a: Grimmsnarl|Grimmsnarl, L50, M|100/100\n|switch|p1b: Calyrex|Calyrex-Shadow, L50|100/100\n|switch|p2a: Miraidon|Miraidon, L50|100/100\n|switch|p2b: Calyrex|Calyrex-Ice, L50|100/100\n|-ability|p1b: Calyrex|As One\n|-ability|p1b: Calyrex|Unnerve\n|-ability|p2b: Calyrex|As One\n|-ability|p2b: Calyrex|Unnerve\n|-fieldstart|move: Electric Terrain|[from] ability: Hadron Engine|[of] p2a: Miraidon\n|turn|1\n|\n|t:|1773262325\n|-terastallize|p1b: Calyrex|Ground\n|move|p2b: Calyrex|Protect|p2b: Calyrex\n|-singleturn|p2b: Calyrex|Protect\n|move|p1a: Grimmsnarl|Fake Out|p2b: Calyrex\n|-activate|p2b: Calyrex|move: Protect\n|move|p1b: Calyrex|Astral Barrage|p2a: Miraidon|[spread] p2a\n|-activate|p2b: Calyrex|move: Protect\n|-damage|p2a: Miraidon|60/100\n|-damage|p1b: Calyrex|91/100|[from] item: Life Orb\n|move|p2a: Miraidon|Snarl|p1a: Grimmsnarl|[spread] p1a,p1b\n|-resisted|p1a: Grimmsnarl\n|-damage|p1a: Grimmsnarl|96/100\n|-damage|p1b: Calyrex|68/100\n|-unboost|p1b: Calyrex|spa|1\n|\n|upkeep\n|turn|2\n|inactive|ArisHazard has 30 seconds left.\n|\n|t:|1773262350\n|move|p1a: Grimmsnarl|Fake Tears|p2a: Miraidon\n|-unboost|p2a: Miraidon|spd|2\n|move|p1b: Calyrex|Astral Barrage|p2a: Miraidon|[spread] p2a,p2b\n|-supereffective|p2b: Calyrex\n|-damage|p2a: Miraidon|2/100\n|-damage|p2b: Calyrex|35/100\n|-damage|p1b: Calyrex|58/100|[from] item: Life Orb\n|move|p2a: Miraidon|Volt Switch|p1a: Grimmsnarl\n|-damage|p1a: Grimmsnarl|41/100\n|\n|t:|1773262364\n|switch|p2a: Sableye|Sableye, L50, M|100/100|[from] Volt Switch\n|move|p2b: Calyrex|Trick Room|p2b: Calyrex\n|-fieldstart|move: Trick Room|[of] p2b: Calyrex\n|\n|upkeep\n|turn|3\n|\n|t:|1773262376\n|switch|p1b: Chesnaught|Chesnaught, L50, F|100/100\n|-enditem|p1b: Chesnaught|Electric Seed\n|-boost|p1b: Chesnaught|def|1|[from] item: Electric Seed\n|move|p2b: Calyrex|Glacial Lance|p1b: Chesnaught|[spread] p1a,p1b\n|-supereffective|p1b: Chesnaught\n|-damage|p1a: Grimmsnarl|0 fnt\n|-damage|p1b: Chesnaught|54/100\n|faint|p1a: Grimmsnarl\n|-ability|p2b: Calyrex|Chilling Neigh|boost\n|-boost|p2b: Calyrex|atk|1\n|move|p2a: Sableye|Foul Play|p1b: Chesnaught\n|-resisted|p1b: Chesnaught\n|-damage|p1b: Chesnaught|47/100\n|\n|upkeep\n|\n|t:|1773262388\n|switch|p1a: Volcarona|Volcarona, L50, F|100/100\n|turn|4\n|\n|t:|1773262401\n|move|p2a: Sableye|Protect|p2a: Sableye\n|-singleturn|p2a: Sableye|Protect\n|move|p2b: Calyrex|Protect|p2b: Calyrex\n|-singleturn|p2b: Calyrex|Protect\n|move|p1b: Chesnaught|Spiky Shield|p1b: Chesnaught\n|-singleturn|p1b: Chesnaught|move: Protect\n|move|p1a: Volcarona|Protect||[still]\n|-fail|p1a: Volcarona\n|\n|upkeep\n|turn|5\n|inactive|ArisHazard has 30 seconds left.\n|\n|t:|1773262428\n|move|p1a: Volcarona|Protect|p1a: Volcarona\n|-singleturn|p1a: Volcarona|Protect\n|move|p2a: Sableye|Encore|p1a: Volcarona\n|-activate|p1a: Volcarona|move: Protect\n|move|p2b: Calyrex|Glacial Lance|p1a: Volcarona|[spread] p1b\n|-activate|p1a: Volcarona|move: Protect\n|-supereffective|p1b: Chesnaught\n|-damage|p1b: Chesnaught|0 fnt\n|faint|p1b: Chesnaught\n|-ability|p2b: Calyrex|Chilling Neigh|boost\n|-boost|p2b: Calyrex|atk|1\n|\n|-fieldend|move: Electric Terrain\n|upkeep\n|\n|t:|1773262439\n|switch|p1b: Calyrex|Calyrex-Shadow, L50, tera:Ground|58/100\n|-ability|p1b: Calyrex|As One\n|-ability|p1b: Calyrex|Unnerve\n|turn|6\n|\n|t:|1773262450\n|move|p1b: Calyrex|Protect|p1b: Calyrex\n|-singleturn|p1b: Calyrex|Protect\n|move|p2a: Sableye|Encore|p1a: Volcarona\n|-start|p1a: Volcarona|Encore\n|move|p2b: Calyrex|Glacial Lance|p1a: Volcarona|[spread] p1a\n|-activate|p1b: Calyrex|move: Protect\n|-resisted|p1a: Volcarona\n|-crit|p1a: Volcarona\n|-damage|p1a: Volcarona|6/100\n|move|p1a: Volcarona|Protect||[still]\n|-fail|p1a: Volcarona\n|\n|-heal|p1a: Volcarona|12/100|[from] item: Leftovers\n|-fieldend|move: Trick Room\n|upkeep\n|turn|7\n|\n|t:|1773262466\n|move|p1a: Volcarona|Protect|p1a: Volcarona\n|-singleturn|p1a: Volcarona|Protect\n|move|p2a: Sableye|Encore|p1b: Calyrex\n|-start|p1b: Calyrex|Encore\n|move|p1b: Calyrex|Protect||[still]\n|-fail|p1b: Calyrex\n|move|p2b: Calyrex|Trick Room|p2b: Calyrex\n|-fieldstart|move: Trick Room|[of] p2b: Calyrex\n|\n|-heal|p1a: Volcarona|19/100|[from] item: Leftovers\n|upkeep\n|turn|8\n|\n|t:|1773262479\n|move|p1a: Volcarona|Protect||[still]\n|-fail|p1a: Volcarona\n|move|p1b: Calyrex|Protect|p1b: Calyrex\n|-singleturn|p1b: Calyrex|Protect\n|move|p2b: Calyrex|Glacial Lance|p1b: Calyrex|[spread] p1a\n|-activate|p1b: Calyrex|move: Protect\n|-resisted|p1a: Volcarona\n|-damage|p1a: Volcarona|0 fnt\n|faint|p1a: Volcarona\n|-ability|p2b: Calyrex|Chilling Neigh|boost\n|-boost|p2b: Calyrex|atk|1\n|move|p2a: Sableye|Foul Play|p1b: Calyrex\n|-activate|p1b: Calyrex|move: Protect\n|\n|upkeep\n|turn|9\n|\n|t:|1773262496\n|move|p1b: Calyrex|Protect||[still]\n|-fail|p1b: Calyrex\n|move|p2a: Sableye|Disable|p1b: Calyrex\n|-start|p1b: Calyrex|Disable|Protect\n|move|p2b: Calyrex|Glacial Lance|p1b: Calyrex\n|-supereffective|p1b: Calyrex\n|-damage|p1b: Calyrex|0 fnt\n|faint|p1b: Calyrex\n|\n|win|ArisHazard\n|raw|Azunus's rating: 1280 &rarr; <strong>1258</strong><br />(-22 for losing)\n|raw|ArisHazard's rating: 1315 &rarr; <strong>1333</strong><br />(+18 for winning)\n|l|\u2606Azunus\n|player|p1|\n|l|\u2606ArisHazard\n|player|p2|\n","uploadtime":1773262684,"views":14,"formatid":"gen9vgc2026regi","rating":1258,"private":0,"password":null}