{"id":"gen9vgc2026regi-2553779912","format":"[Gen 9] VGC 2026 Reg I","players":["cpinalli5","fogdocker"],"log":"|j|\u2606cpinalli5\n|j|\u2606fogdocker\n|t:|1772879136\n|gametype|doubles\n|player|p1|cpinalli5|elesa|1601\n|player|p2|fogdocker|2|1583\n|gen|9\n|tier|[Gen 9] VGC 2026 Reg I\n|rated|\n|rule|Species Clause: Limit one of each Pok\u00e9mon\n|rule|Item Clause: Limit 1 of each item\n|clearpoke\n|poke|p1|Kyogre, L50|\n|poke|p1|Flutter Mane, L50|\n|poke|p1|Urshifu-*, L50, F|\n|poke|p1|Landorus, L50, M|\n|poke|p1|Smeargle, L50, M|\n|poke|p1|Calyrex-Ice, L50|\n|poke|p2|Calyrex-Ice, L50|\n|poke|p2|Koraidon, L50|\n|poke|p2|Flutter Mane, L50|\n|poke|p2|Incineroar, L50, F|\n|poke|p2|Rillaboom, L50, M|\n|poke|p2|Annihilape, L50, M|\n|teampreview|4\n|inactive|Battle timer is ON: inactive players will automatically lose when time's up. (requested by cpinalli5)\n|\n|t:|1772879177\n|teamsize|p1|4\n|teamsize|p2|4\n|start\n|switch|p1a: Smeargle|Smeargle, L50, M|100/100\n|switch|p1b: Calyrex|Calyrex-Ice, L50|100/100\n|switch|p2a: Calyrex|Calyrex-Ice, L50|100/100\n|switch|p2b: Annihilape|Annihilape, L50, M|100/100\n|-ability|p2a: Calyrex|As One\n|-ability|p2a: Calyrex|Unnerve\n|-ability|p1b: Calyrex|As One\n|-ability|p1b: Calyrex|Unnerve\n|turn|1\n|inactive|fogdocker has 30 seconds left.\n|j| globalfish39\n|\n|t:|1772879210\n|move|p1a: Smeargle|Follow Me|p1a: Smeargle\n|-singleturn|p1a: Smeargle|move: Follow Me\n|move|p2b: Annihilape|Close Combat|p1a: Smeargle\n|-supereffective|p1a: Smeargle\n|-damage|p1a: Smeargle|0 fnt\n|-unboost|p2b: Annihilape|def|1\n|-unboost|p2b: Annihilape|spd|1\n|faint|p1a: Smeargle\n|move|p2a: Calyrex|Leech Seed|p1b: Calyrex|[miss]\n|-miss|p2a: Calyrex|p1b: Calyrex\n|move|p1b: Calyrex|Trick Room|p1b: Calyrex\n|-fieldstart|move: Trick Room|[of] p1b: Calyrex\n|\n|upkeep\n|\n|t:|1772879219\n|switch|p1a: alex|Kyogre, L50|100/100\n|-weather|RainDance|[from] ability: Drizzle|[of] p1a: alex\n|turn|2\n|inactive|fogdocker has 30 seconds left.\n|inactive|fogdocker has 20 seconds left.\n|\n|t:|1772879258\n|switch|p2b: Incineroar|Incineroar, L50, F|100/100\n|-ability|p2b: Incineroar|Intimidate|boost\n|-unboost|p1a: alex|atk|1\n|-fail|p1b: Calyrex|unboost|[from] item: Clear Amulet|[of] p1b: Calyrex\n|-terastallize|p1b: Calyrex|Grass\n|-terastallize|p2a: Calyrex|Water\n|move|p1a: alex|Water Spout|p2b: Incineroar|[spread] p2a,p2b\n|-resisted|p2a: Calyrex\n|-supereffective|p2b: Incineroar\n|-damage|p2a: Calyrex|69/100\n|-damage|p2b: Incineroar|0 fnt\n|faint|p2b: Incineroar\n|move|p1b: Calyrex|Glacial Lance|p2a: Calyrex\n|-resisted|p2a: Calyrex\n|-damage|p2a: Calyrex|48/100\n|move|p2a: Calyrex|Trick Room|p2a: Calyrex\n|-fieldend|move: Trick Room\n|\n|-weather|RainDance|[upkeep]\n|-heal|p2a: Calyrex|54/100|[from] item: Leftovers\n|upkeep\n|\n|t:|1772879264\n|switch|p2b: Koraidon|Koraidon, L50|100/100\n|-weather|SunnyDay|[from] ability: Orichalcum Pulse|[of] p2b: Koraidon\n|-activate|p2b: Koraidon|Orichalcum Pulse|[source]\n|turn|3\n|\n|t:|1772879281\n|move|p2b: Koraidon|Flare Blitz|p1b: Calyrex\n|-supereffective|p1b: Calyrex\n|-damage|p1b: Calyrex|0 fnt\n|faint|p1b: Calyrex\n|-damage|p2b: Koraidon|62/100|[from] Recoil\n|-damage|p2b: Koraidon|52/100|[from] item: Life Orb\n|move|p2a: Calyrex|Glacial Lance|p1a: alex\n|-resisted|p1a: alex\n|-damage|p1a: alex|72/100\n|move|p1a: alex|Ice Beam|p2b: Koraidon\n|-supereffective|p2b: Koraidon\n|-damage|p2b: Koraidon|0 fnt\n|faint|p2b: Koraidon\n|\n|-weather|SunnyDay|[upkeep]\n|-heal|p2a: Calyrex|60/100|[from] item: Leftovers\n|upkeep\n|\n|t:|1772879290\n|switch|p2b: Annihilape|Annihilape, L50, M|100/100\n|switch|p1b: Landorus|Landorus, L50, M|100/100\n|turn|4\n|\n|t:|1772879311\n|move|p1a: alex|Protect|p1a: alex\n|-singleturn|p1a: alex|Protect\n|move|p2b: Annihilape|Final Gambit|p1a: alex\n|-activate|p1a: alex|move: Protect\n|move|p1b: Landorus|Earth Power|p2a: Calyrex\n|-damage|p2a: Calyrex|13/100\n|move|p2a: Calyrex|Glacial Lance|p1a: alex|[spread] p1b\n|-activate|p1a: alex|move: Protect\n|-supereffective|p1b: Landorus\n|-damage|p1b: Landorus|0 fnt\n|faint|p1b: Landorus\n|-ability|p2a: Calyrex|Chilling Neigh|boost\n|-boost|p2a: Calyrex|atk|1\n|\n|-weather|SunnyDay|[upkeep]\n|-heal|p2a: Calyrex|19/100|[from] item: Leftovers\n|upkeep\n|turn|5\n|\n|t:|1772879321\n|move|p2b: Annihilape|Final Gambit|p1a: alex\n|-damage|p1a: alex|0 fnt\n|faint|p2b: Annihilape\n|faint|p1a: alex\n|\n|win|fogdocker\n|raw|cpinalli5's rating: 1601 &rarr; <strong>1580</strong><br />(-21 for losing)\n|raw|fogdocker's rating: 1583 &rarr; <strong>1604</strong><br />(+21 for winning)\n|l|\u2606cpinalli5\n|player|p1|\n","uploadtime":1772879413,"views":60,"formatid":"gen9vgc2026regi","rating":1580,"private":0,"password":null}