{"id":"gen9vgc2026regi-2588115941","format":"[Gen 9] VGC 2026 Reg I","players":["JD Pope","Reaper OLykos"],"log":"|j|\u2606JD Pope\n|j|\u2606Reaper OLykos\n|t:|1776605991\n|gametype|doubles\n|player|p1|JD Pope|102|1460\n|player|p2|Reaper OLykos|dawn|1449\n|gen|9\n|tier|[Gen 9] VGC 2026 Reg I\n|rated|\n|rule|Species Clause: Limit one of each Pok\u00e9mon\n|rule|Item Clause: Limit 1 of each item\n|clearpoke\n|poke|p1|Miraidon, L50|\n|poke|p1|Urshifu-*, L50, M|\n|poke|p1|Calyrex-Ice, L50|\n|poke|p1|Flutter Mane, L50|\n|poke|p1|Landorus, L50, M|\n|poke|p1|Talonflame, L50, M|\n|poke|p2|Urshifu-*, L50, M|\n|poke|p2|Calyrex-Ice, L50|\n|poke|p2|Tornadus, L50, M|\n|poke|p2|Landorus, L50, M|\n|poke|p2|Rillaboom, L50, F|\n|poke|p2|Kyogre, L50|\n|teampreview|4\n|\n|t:|1776606015\n|teamsize|p1|4\n|teamsize|p2|4\n|start\n|switch|p1a: Miraidon|Miraidon, L50|100/100\n|switch|p1b: Talonflame|Talonflame, L50, M|100/100\n|switch|p2a: Mustang|Calyrex-Ice, L50|100/100\n|switch|p2b: Roque|Landorus, L50, M|100/100\n|-ability|p2a: Mustang|As One\n|-ability|p2a: Mustang|Unnerve\n|-fieldstart|move: Electric Terrain|[from] ability: Hadron Engine|[of] p1a: Miraidon\n|turn|1\n|\n|t:|1776606029\n|switch|p2b: Darrow|Rillaboom, L50, F|100/100\n|-fieldstart|move: Grassy Terrain|[from] ability: Grassy Surge|[of] p2b: Darrow\n|move|p1b: Talonflame|Tailwind|p1b: Talonflame\n|-sidestart|p1: JD Pope|move: Tailwind\n|move|p1a: Miraidon|Volt Switch|p2a: Mustang\n|-damage|p2a: Mustang|64/100\n|\n|t:|1776606036\n|switch|p1a: Calyrex|Calyrex-Ice, L50|100/100|[from] Volt Switch\n|-ability|p1a: Calyrex|As One\n|-ability|p1a: Calyrex|Unnerve\n|move|p2a: Mustang|Glacial Lance|p1b: Talonflame|[spread] p1a,p1b\n|-resisted|p1a: Calyrex\n|-damage|p1a: Calyrex|84/100\n|-damage|p1b: Talonflame|28/100\n|\n|-heal|p1a: Calyrex|90/100|[from] Grassy Terrain\n|-heal|p2a: Mustang|70/100|[from] Grassy Terrain\n|-heal|p2a: Mustang|76/100|[from] item: Leftovers\n|upkeep\n|turn|2\n|\n|t:|1776606059\n|switch|p2b: Victra|Kyogre, L50|100/100\n|-weather|RainDance|[from] ability: Drizzle|[of] p2b: Victra\n|-terastallize|p2a: Mustang|Water\n|move|p1b: Talonflame|Upper Hand||[still]\n|-fail|p1b: Talonflame\n|move|p1a: Calyrex|Glacial Lance|p2a: Mustang|[spread] p2a,p2b\n|-resisted|p2a: Mustang\n|-resisted|p2b: Victra\n|-damage|p2a: Mustang|57/100\n|-damage|p2b: Victra|71/100\n|move|p2a: Mustang|Glacial Lance|p1b: Talonflame|[spread] p1a,p1b\n|-resisted|p1a: Calyrex\n|-damage|p1a: Calyrex|74/100\n|-damage|p1b: Talonflame|0 fnt\n|faint|p1b: Talonflame\n|-ability|p2a: Mustang|Chilling Neigh|boost\n|-boost|p2a: Mustang|atk|1\n|\n|-weather|RainDance|[upkeep]\n|-heal|p2b: Victra|77/100|[from] Grassy Terrain\n|-heal|p1a: Calyrex|80/100|[from] Grassy Terrain\n|-heal|p2a: Mustang|62/100|[from] Grassy Terrain\n|-heal|p2a: Mustang|68/100|[from] item: Leftovers\n|upkeep\n|\n|t:|1776606067\n|switch|p1b: Miraidon|Miraidon, L50|100/100\n|-fieldstart|move: Electric Terrain|[from] ability: Hadron Engine|[of] p1b: Miraidon\n|turn|3\n|\n|t:|1776606092\n|switch|p2b: Darrow|Rillaboom, L50, F|100/100\n|-fieldstart|move: Grassy Terrain|[from] ability: Grassy Surge|[of] p2b: Darrow\n|move|p2a: Mustang|Protect|p2a: Mustang\n|-singleturn|p2a: Mustang|Protect\n|move|p1b: Miraidon|Electro Drift|p2a: Mustang\n|-activate|p2a: Mustang|move: Protect\n|move|p1a: Calyrex|Glacial Lance|p2a: Mustang|[spread] p2b\n|-activate|p2a: Mustang|move: Protect\n|-supereffective|p2b: Darrow\n|-damage|p2b: Darrow|0 fnt\n|faint|p2b: Darrow\n|-ability|p1a: Calyrex|Chilling Neigh|boost\n|-boost|p1a: Calyrex|atk|1\n|\n|-weather|RainDance|[upkeep]\n|-heal|p1a: Calyrex|86/100|[from] Grassy Terrain\n|-heal|p2a: Mustang|74/100|[from] Grassy Terrain\n|-heal|p2a: Mustang|80/100|[from] item: Leftovers\n|upkeep\n|\n|t:|1776606098\n|switch|p2b: Roque|Landorus, L50, M|100/100\n|turn|4\n|inactive|Battle timer is ON: inactive players will automatically lose when time's up. (requested by Reaper OLykos)\n|\n|t:|1776606109\n|move|p1b: Miraidon|Electro Drift|p2a: Mustang\n|-supereffective|p2a: Mustang\n|-damage|p2a: Mustang|0 fnt\n|faint|p2a: Mustang\n|move|p2b: Roque|Earth Power|p1b: Miraidon\n|-supereffective|p1b: Miraidon\n|-crit|p1b: Miraidon\n|-damage|p1b: Miraidon|0 fnt\n|faint|p1b: Miraidon\n|move|p1a: Calyrex|Glacial Lance|p2b: Roque\n|-supereffective|p2b: Roque\n|-damage|p2b: Roque|0 fnt\n|faint|p2b: Roque\n|-ability|p1a: Calyrex|Chilling Neigh|boost\n|-boost|p1a: Calyrex|atk|1\n|\n|-weather|RainDance|[upkeep]\n|-heal|p1a: Calyrex|92/100|[from] Grassy Terrain\n|-sideend|p1: JD Pope|move: Tailwind\n|upkeep\n|\n|t:|1776606116\n|switch|p1b: Urshifu|Urshifu, L50, M|100/100\n|switch|p2b: Victra|Kyogre, L50|77/100\n|turn|5\n|\n|t:|1776606126\n|-terastallize|p1a: Calyrex|Water\n|move|p1b: Urshifu|Wicked Blow|p2b: Victra\n|-crit|p2b: Victra\n|-damage|p2b: Victra|20/100\n|move|p2b: Victra|Origin Pulse|p1a: Calyrex|[spread] p1a,p1b\n|-resisted|p1a: Calyrex\n|-damage|p1a: Calyrex|62/100\n|-enditem|p1b: Urshifu|Focus Sash\n|-damage|p1b: Urshifu|1/100\n|move|p1a: Calyrex|Glacial Lance|p2b: Victra\n|-resisted|p2b: Victra\n|-damage|p2b: Victra|0 fnt\n|faint|p2b: Victra\n|\n|win|JD Pope\n|raw|JD Pope's rating: 1460 &rarr; <strong>1479</strong><br />(+19 for winning)\n|raw|Reaper OLykos's rating: 1449 &rarr; <strong>1430</strong><br />(-19 for losing)\n|l|\u2606JD Pope\n|player|p1|\n|l|\u2606Reaper OLykos\n|player|p2|\n","uploadtime":1776606327,"views":8,"formatid":"gen9vgc2026regi","rating":1430,"private":0,"password":null}