{"id":"gen9vgc2026regi-2559360593","format":"[Gen 9] VGC 2026 Reg I","players":["kapd19","navinsachump"],"log":"|j|\u2606kapd19\n|j|\u2606navinsachump\n|t:|1773551978\n|gametype|doubles\n|player|p1|kapd19|sailor|1314\n|player|p2|navinsachump|170|1434\n|gen|9\n|tier|[Gen 9] VGC 2026 Reg I\n|rated|\n|rule|Species Clause: Limit one of each Pok\u00e9mon\n|rule|Item Clause: Limit 1 of each item\n|clearpoke\n|poke|p1|Lunala, L50|\n|poke|p1|Incineroar, L50, F|\n|poke|p1|Miraidon, L50|\n|poke|p1|Ogerpon-Wellspring, L50, F|\n|poke|p1|Grimmsnarl, L50, M|\n|poke|p1|Landorus, L50, M|\n|poke|p2|Calyrex-Ice, L50|\n|poke|p2|Miraidon, L50|\n|poke|p2|Incineroar, L50, M|\n|poke|p2|Landorus, L50, M|\n|poke|p2|Whimsicott, L50, F|\n|poke|p2|Urshifu-*, L50, F|\n|teampreview|4\n|inactive|Battle timer is ON: inactive players will automatically lose when time's up. (requested by navinsachump)\n|inactive|kapd19 has 60 seconds left.\n|\n|t:|1773552023\n|teamsize|p1|4\n|teamsize|p2|4\n|start\n|switch|p1a: Ogerpon|Ogerpon-Wellspring, L50, F|100/100\n|switch|p1b: Lunala|Lunala, L50, shiny|100/100\n|switch|p2a: Calyrex|Calyrex-Ice, L50|100/100\n|switch|p2b: Miraidon|Miraidon, L50|100/100\n|-ability|p2a: Calyrex|As One\n|-ability|p2a: Calyrex|Unnerve\n|-fieldstart|move: Electric Terrain|[from] ability: Hadron Engine|[of] p2b: Miraidon\n|turn|1\n|inactive|kapd19 has 30 seconds left.\n|inactive|navinsachump has 30 seconds left.\n|\n|t:|1773552054\n|move|p1a: Ogerpon|Spiky Shield|p1a: Ogerpon\n|-singleturn|p1a: Ogerpon|move: Protect\n|move|p2b: Miraidon|Volt Switch|p1b: Lunala\n|-damage|p1b: Lunala|78/100\n|\n|t:|1773552064\n|switch|p2b: Incineroar|Incineroar, L50, M|100/100|[from] Volt Switch\n|-ability|p2b: Incineroar|Intimidate|boost\n|-unboost|p1a: Ogerpon|atk|1\n|-unboost|p1b: Lunala|atk|1\n|move|p1b: Lunala|Moonblast|p2b: Incineroar\n|-damage|p2b: Incineroar|74/100\n|move|p2a: Calyrex|Glacial Lance|p1b: Lunala|[spread] p1b\n|-activate|p1a: Ogerpon|move: Protect\n|-damage|p1b: Lunala|31/100\n|\n|-heal|p1b: Lunala|38/100|[from] item: Leftovers\n|upkeep\n|turn|2\n|inactive|kapd19 has 30 seconds left.\n|\n|t:|1773552090\n|move|p2b: Incineroar|Fake Out|p1a: Ogerpon\n|-damage|p1a: Ogerpon|88/100\n|cant|p1a: Ogerpon|flinch\n|move|p1b: Lunala|Moongeist Beam|p2a: Calyrex\n|-supereffective|p2a: Calyrex\n|-damage|p2a: Calyrex|31/100\n|move|p2a: Calyrex|Leech Seed|p1b: Lunala\n|-start|p1b: Lunala|move: Leech Seed\n|\n|-heal|p1b: Lunala|44/100|[from] item: Leftovers\n|-damage|p1b: Lunala|31/100|[from] Leech Seed|[of] p2a: Calyrex\n|-heal|p2a: Calyrex|45/100|[silent]\n|upkeep\n|turn|3\n|\n|t:|1773552114\n|switch|p2b: Miraidon|Miraidon, L50|100/100\n|-activate|p2b: Miraidon|ability: Hadron Engine\n|move|p2a: Calyrex|Protect|p2a: Calyrex\n|-singleturn|p2a: Calyrex|Protect\n|move|p1a: Ogerpon|Encore||[still]\n|-fail|p1a: Ogerpon\n|move|p1b: Lunala|Moongeist Beam|p2a: Calyrex\n|-activate|p2a: Calyrex|move: Protect\n|\n|-heal|p1b: Lunala|38/100|[from] item: Leftovers\n|-damage|p1b: Lunala|25/100|[from] Leech Seed|[of] p2a: Calyrex\n|-heal|p2a: Calyrex|60/100|[silent]\n|upkeep\n|turn|4\n|\n|t:|1773552134\n|switch|p1b: Incineroar|Incineroar, L50, F|100/100\n|-ability|p1b: Incineroar|Intimidate|boost\n|-fail|p2a: Calyrex|unboost|[from] item: Clear Amulet|[of] p2a: Calyrex\n|-unboost|p2b: Miraidon|atk|1\n|-terastallize|p2b: Miraidon|Fairy\n|move|p2b: Miraidon|Dazzling Gleam|p1a: Ogerpon|[spread] p1a,p1b\n|-damage|p1a: Ogerpon|43/100\n|-damage|p1b: Incineroar|59/100\n|move|p1a: Ogerpon|Encore|p2a: Calyrex\n|-start|p2a: Calyrex|Encore\n|move|p2a: Calyrex|Protect||[still]\n|-fail|p2a: Calyrex\n|\n|upkeep\n|turn|5\n|\n|t:|1773552156\n|switch|p2b: Urshifu|Urshifu-Rapid-Strike, L50, F|100/100\n|switch|p2a: Incineroar|Incineroar, L50, M|74/100\n|-ability|p2a: Incineroar|Intimidate|boost\n|-unboost|p1a: Ogerpon|atk|1\n|-unboost|p1b: Incineroar|atk|1\n|move|p1b: Incineroar|Fake Out|p2b: Urshifu\n|-damage|p2b: Urshifu|94/100\n|move|p1a: Ogerpon|Ivy Cudgel|p2b: Urshifu|[anim] Ivy Cudgel Water\n|-resisted|p2b: Urshifu\n|-damage|p2b: Urshifu|83/100\n|\n|-fieldend|move: Electric Terrain\n|upkeep\n|turn|6\n|inactive|kapd19 has 30 seconds left.\n|inactive|navinsachump has 30 seconds left.\n|\n|t:|1773552184\n|move|p2a: Incineroar|Fake Out|p1a: Ogerpon\n|-damage|p1a: Ogerpon|32/100\n|cant|p1a: Ogerpon|flinch\n|move|p2b: Urshifu|Surging Strikes|p1b: Incineroar\n|-supereffective|p1b: Incineroar\n|-crit|p1b: Incineroar\n|-damage|p1b: Incineroar|19/100\n|-damage|p2b: Urshifu|66/100|[from] item: Rocky Helmet|[of] p1b: Incineroar\n|-supereffective|p1b: Incineroar\n|-crit|p1b: Incineroar\n|-damage|p1b: Incineroar|0 fnt\n|-damage|p2b: Urshifu|49/100|[from] item: Rocky Helmet|[of] p1b: Incineroar\n|faint|p1b: Incineroar\n|-hitcount|p1: Incineroar|2\n|\n|upkeep\n|\n|t:|1773552201\n|switch|p1b: Miraidon|Miraidon, L50|100/100\n|-fieldstart|move: Electric Terrain|[from] ability: Hadron Engine|[of] p1b: Miraidon\n|turn|7\n|\n|t:|1773552225\n|-terastallize|p1b: Miraidon|Electric\n|move|p1a: Ogerpon|Spiky Shield|p1a: Ogerpon\n|-singleturn|p1a: Ogerpon|move: Protect\n|move|p1b: Miraidon|Discharge|p2a: Incineroar|[spread] p2a,p2b\n|-activate|p1a: Ogerpon|move: Protect\n|-supereffective|p2b: Urshifu\n|-damage|p2a: Incineroar|25/100\n|-damage|p2b: Urshifu|0 fnt\n|faint|p2b: Urshifu\n|move|p2a: Incineroar|Knock Off|p1b: Miraidon\n|-damage|p1b: Miraidon|64/100\n|-enditem|p1b: Miraidon|Assault Vest|[from] move: Knock Off|[of] p2a: Incineroar\n|\n|upkeep\n|\n|t:|1773552237\n|switch|p2b: Miraidon|Miraidon, L50, tera:Fairy|100/100\n|-activate|p2b: Miraidon|ability: Hadron Engine\n|turn|8\n|\n|t:|1773552256\n|move|p2a: Incineroar|Helping Hand|p2b: Miraidon\n|-singleturn|p2b: Miraidon|Helping Hand|[of] p2a: Incineroar\n|move|p1a: Ogerpon|Follow Me|p1a: Ogerpon\n|-singleturn|p1a: Ogerpon|move: Follow Me\n|move|p1b: Miraidon|Volt Switch|p2a: Incineroar\n|-damage|p2a: Incineroar|0 fnt\n|faint|p2a: Incineroar\n|\n|t:|1773552263\n|switch|p1b: Lunala|Lunala, L50, shiny|25/100|[from] Volt Switch\n|move|p2b: Miraidon|Dazzling Gleam|p1a: Ogerpon|[spread] p1a,p1b\n|-damage|p1a: Ogerpon|0 fnt\n|-damage|p1b: Lunala|0 fnt\n|faint|p1a: Ogerpon\n|faint|p1b: Lunala\n|\n|upkeep\n|\n|t:|1773552271\n|switch|p1b: Miraidon|Miraidon, L50, tera:Electric|64/100\n|switch|p2a: Calyrex|Calyrex-Ice, L50|60/100\n|-ability|p2a: Calyrex|As One\n|-ability|p2a: Calyrex|Unnerve\n|-activate|p1b: Miraidon|ability: Hadron Engine\n|turn|9\n|\n|t:|1773552282\n|move|p1b: Miraidon|Electro Drift|p2a: Calyrex\n|-damage|p2a: Calyrex|0 fnt\n|faint|p2a: Calyrex\n|move|p2b: Miraidon|Dazzling Gleam|p1b: Miraidon\n|-damage|p1b: Miraidon|11/100\n|\n|upkeep\n|turn|10\n|c|\u2606navinsachump|gg\n|\n|t:|1773552291\n|move|p1b: Miraidon|Electro Drift|p2b: Miraidon\n|-damage|p2b: Miraidon|32/100\n|move|p2b: Miraidon|Dazzling Gleam|p1b: Miraidon\n|-damage|p1b: Miraidon|0 fnt\n|faint|p1b: Miraidon\n|\n|win|navinsachump\n|raw|kapd19's rating: 1314 &rarr; <strong>1301</strong><br />(-13 for losing)\n|raw|navinsachump's rating: 1434 &rarr; <strong>1447</strong><br />(+13 for winning)\n|l|\u2606navinsachump\n|player|p2|\n|l|\u2606kapd19\n|player|p1|\n","uploadtime":1773552538,"views":13,"formatid":"gen9vgc2026regi","rating":1301,"private":0,"password":null}