{"id":"gen9vgc2026regi-2568379917","format":"[Gen 9] VGC 2026 Reg I","players":["pokepeiff","NeighborhoodOaf"],"log":"|j|\u2606pokepeiff\n|j|\u2606NeighborhoodOaf\n|t:|1774572180\n|gametype|doubles\n|player|p1|pokepeiff|li|1144\n|player|p2|NeighborhoodOaf|169|1165\n|gen|9\n|tier|[Gen 9] VGC 2026 Reg I\n|rated|\n|rule|Species Clause: Limit one of each Pok\u00e9mon\n|rule|Item Clause: Limit 1 of each item\n|clearpoke\n|poke|p1|Talonflame, L50, F|\n|poke|p1|Flutter Mane, L50|\n|poke|p1|Amoonguss, L50, M|\n|poke|p1|Groudon, L50|\n|poke|p1|Zamazenta-*, L50|\n|poke|p1|Kingambit, L50, F|\n|poke|p2|Miraidon, L50|\n|poke|p2|Iron Hands, L50|\n|poke|p2|Thundurus, L50, M|\n|poke|p2|Regieleki, L50|\n|poke|p2|Raging Bolt, L50|\n|poke|p2|Pincurchin, L50, F|\n|teampreview|4\n|inactive|Battle timer is ON: inactive players will automatically lose when time's up. (requested by NeighborhoodOaf)\n|inactive|pokepeiff has 60 seconds left.\n|inactive|NeighborhoodOaf has 60 seconds left.\n|\n|t:|1774572222\n|teamsize|p1|4\n|teamsize|p2|4\n|start\n|switch|p1a: Zamazenta|Zamazenta-Crowned, L50, shiny|100/100\n|switch|p1b: Flutter Mane|Flutter Mane, L50, shiny|100/100\n|switch|p2a: Iron Hands|Iron Hands, L50|100/100\n|switch|p2b: Pincurchin|Pincurchin, L50, F|100/100\n|-ability|p1a: Zamazenta|Dauntless Shield|boost\n|-boost|p1a: Zamazenta|def|1\n|turn|1\n|inactive|pokepeiff has 30 seconds left.\n|\n|t:|1774572250\n|move|p1b: Flutter Mane|Protect|p1b: Flutter Mane\n|-singleturn|p1b: Flutter Mane|Protect\n|move|p1a: Zamazenta|Protect|p1a: Zamazenta\n|-singleturn|p1a: Zamazenta|Protect\n|move|p2a: Iron Hands|Heavy Slam|p1b: Flutter Mane\n|-activate|p1b: Flutter Mane|move: Protect\n|move|p2b: Pincurchin|Muddy Water|p1a: Zamazenta|[spread] \n|-activate|p1a: Zamazenta|move: Protect\n|-activate|p1b: Flutter Mane|move: Protect\n|\n|upkeep\n|turn|2\n|\n|t:|1774572273\n|move|p1b: Flutter Mane|Dazzling Gleam|p2b: Pincurchin|[spread] p2a,p2b\n|-supereffective|p2a: Iron Hands\n|-damage|p2a: Iron Hands|61/100\n|-damage|p2b: Pincurchin|61/100\n|move|p1a: Zamazenta|Snarl|p2a: Iron Hands|[spread] p2a,p2b\n|-resisted|p2a: Iron Hands\n|-damage|p2a: Iron Hands|59/100\n|-damage|p2b: Pincurchin|51/100\n|-unboost|p2a: Iron Hands|spa|1\n|-unboost|p2b: Pincurchin|spa|1\n|move|p2a: Iron Hands|Heavy Slam|p1b: Flutter Mane\n|-supereffective|p1b: Flutter Mane\n|-enditem|p1b: Flutter Mane|Focus Sash\n|-damage|p1b: Flutter Mane|1/100\n|move|p2b: Pincurchin|Muddy Water|p1b: Flutter Mane|[spread] p1a,p1b\n|-damage|p1a: Zamazenta|96/100\n|-damage|p1b: Flutter Mane|0 fnt\n|faint|p1b: Flutter Mane\n|-end|p1b: Flutter Mane|Protosynthesis|[silent]\n|\n|-heal|p2b: Pincurchin|57/100|[from] item: Leftovers\n|upkeep\n|inactive|pokepeiff has 30 seconds left.\n|\n|t:|1774572299\n|switch|p1b: Groudon|Groudon, L50, shiny|100/100\n|-weather|SunnyDay|[from] ability: Drought|[of] p1b: Groudon\n|turn|3\n|inactive|NeighborhoodOaf has 30 seconds left.\n|inactive|NeighborhoodOaf has 20 seconds left.\n|\n|t:|1774572335\n|-terastallize|p2a: Iron Hands|Flying\n|move|p1b: Groudon|Protect|p1b: Groudon\n|-singleturn|p1b: Groudon|Protect\n|move|p1a: Zamazenta|Coaching|p1b: Groudon\n|-boost|p1b: Groudon|atk|1\n|-boost|p1b: Groudon|def|1\n|move|p2a: Iron Hands|Drain Punch|p1b: Groudon\n|-activate|p1b: Groudon|move: Protect\n|move|p2b: Pincurchin|Scald|p1b: Groudon\n|-activate|p1b: Groudon|move: Protect\n|\n|-weather|SunnyDay|[upkeep]\n|-heal|p2b: Pincurchin|63/100|[from] item: Leftovers\n|upkeep\n|turn|4\n|inactive|pokepeiff has 30 seconds left.\n|\n|t:|1774572361\n|move|p1a: Zamazenta|Coaching|p1b: Groudon\n|-boost|p1b: Groudon|atk|1\n|-boost|p1b: Groudon|def|1\n|move|p1b: Groudon|Rock Slide|p2a: Iron Hands|[spread] p2a,p2b\n|-supereffective|p2a: Iron Hands\n|-damage|p2a: Iron Hands|6/100\n|-damage|p2b: Pincurchin|22/100\n|move|p2a: Iron Hands|Drain Punch|p1a: Zamazenta\n|-supereffective|p1a: Zamazenta\n|-damage|p1a: Zamazenta|54/100\n|-heal|p2a: Iron Hands|22/100|[from] drain|[of] p1a: Zamazenta\n|move|p2b: Pincurchin|Scald|p1b: Groudon\n|-supereffective|p1b: Groudon\n|-damage|p1b: Groudon|91/100\n|\n|-weather|SunnyDay|[upkeep]\n|-heal|p2b: Pincurchin|28/100|[from] item: Leftovers\n|upkeep\n|turn|5\n|\n|t:|1774572384\n|move|p1a: Zamazenta|Coaching|p1b: Groudon\n|-boost|p1b: Groudon|atk|1\n|-boost|p1b: Groudon|def|1\n|move|p1b: Groudon|Rock Slide|p2a: Iron Hands|[spread] p2b\n|-miss|p1b: Groudon|p2a: Iron Hands\n|-damage|p2b: Pincurchin|0 fnt\n|faint|p2b: Pincurchin\n|move|p2a: Iron Hands|Drain Punch|p1a: Zamazenta\n|-supereffective|p1a: Zamazenta\n|-damage|p1a: Zamazenta|11/100\n|-heal|p2a: Iron Hands|38/100|[from] drain|[of] p1a: Zamazenta\n|\n|-weather|SunnyDay|[upkeep]\n|upkeep\n|\n|t:|1774572399\n|switch|p2b: Miraidon|Miraidon, L50|100/100\n|-fieldstart|move: Electric Terrain|[from] ability: Hadron Engine|[of] p2b: Miraidon\n|-activate|p2a: Iron Hands|ability: Quark Drive\n|-start|p2a: Iron Hands|quarkdriveatk\n|turn|6\n|\n|t:|1774572411\n|move|p1b: Groudon|Protect|p1b: Groudon\n|-singleturn|p1b: Groudon|Protect\n|move|p2b: Miraidon|Draco Meteor|p1b: Groudon\n|-activate|p1b: Groudon|move: Protect\n|move|p1a: Zamazenta|Snarl|p2a: Iron Hands|[spread] p2a,p2b\n|-damage|p2a: Iron Hands|34/100\n|-damage|p2b: Miraidon|94/100\n|-unboost|p2a: Iron Hands|spa|1\n|-unboost|p2b: Miraidon|spa|1\n|move|p2a: Iron Hands|Drain Punch|p1a: Zamazenta\n|-supereffective|p1a: Zamazenta\n|-damage|p1a: Zamazenta|0 fnt\n|-heal|p2a: Iron Hands|38/100|[from] drain|[of] p1a: Zamazenta\n|faint|p1a: Zamazenta\n|\n|-weather|SunnyDay|[upkeep]\n|upkeep\n|\n|t:|1774572429\n|switch|p1a: Talonflame|Talonflame, L50, F, shiny|100/100\n|turn|7\n|\n|t:|1774572437\n|move|p1a: Talonflame|Tailwind|p1a: Talonflame\n|-sidestart|p1: pokepeiff|move: Tailwind\n|move|p1b: Groudon|Earthquake|p2b: Miraidon|[spread] p2b\n|-immune|p1a: Talonflame\n|-immune|p2a: Iron Hands\n|-supereffective|p2b: Miraidon\n|-damage|p2b: Miraidon|0 fnt\n|faint|p2b: Miraidon\n|move|p2a: Iron Hands|Drain Punch|p1b: Groudon\n|-damage|p1b: Groudon|74/100\n|-heal|p2a: Iron Hands|44/100|[from] drain|[of] p1b: Groudon\n|\n|-weather|none\n|upkeep\n|\n|t:|1774572449\n|switch|p2b: Regieleki|Regieleki, L50|100/100\n|turn|8\n|\n|t:|1774572465\n|move|p1a: Talonflame|Brave Bird|p2b: Regieleki\n|-resisted|p2b: Regieleki\n|-damage|p2b: Regieleki|50/100\n|-damage|p1a: Talonflame|84/100|[from] Recoil\n|move|p2b: Regieleki|Thunderbolt|p1a: Talonflame\n|-supereffective|p1a: Talonflame\n|-damage|p1a: Talonflame|0 fnt\n|faint|p1a: Talonflame\n|move|p1b: Groudon|Rock Slide|p2b: Regieleki|[spread] p2a,p2b\n|-supereffective|p2a: Iron Hands\n|-damage|p2a: Iron Hands|0 fnt\n|-damage|p2b: Regieleki|0 fnt\n|faint|p2a: Iron Hands\n|-end|p2a: Iron Hands|Quark Drive|[silent]\n|faint|p2b: Regieleki\n|\n|win|pokepeiff\n|raw|pokepeiff's rating: 1144 &rarr; <strong>1171</strong><br />(+27 for winning)\n|raw|NeighborhoodOaf's rating: 1165 &rarr; <strong>1138</strong><br />(-27 for losing)\n|l|\u2606NeighborhoodOaf\n|player|p2|\n|c|\u2606pokepeiff|Gg\n|l|\u2606pokepeiff\n|player|p1|\n","uploadtime":1774572617,"views":14,"formatid":"gen9vgc2026regi","rating":1138,"private":0,"password":null}