{"id":"gen9vgc2026regi-2542685919","format":"[Gen 9] VGC 2026 Reg I","players":["ScribbleScribble","Darknight918"],"log":"|j|\u2606ScribbleScribble\n|j|\u2606Darknight918\n|t:|1771479147\n|gametype|doubles\n|player|p1|ScribbleScribble|mina-lgpe|1571\n|player|p2|Darknight918|will|1450\n|gen|9\n|tier|[Gen 9] VGC 2026 Reg I\n|rated|\n|rule|Species Clause: Limit one of each Pok\u00e9mon\n|rule|Item Clause: Limit 1 of each item\n|clearpoke\n|poke|p1|Calyrex-Ice, L50|\n|poke|p1|Kyogre, L50|\n|poke|p1|Tornadus, L50, M|\n|poke|p1|Indeedee-F, L50, F|\n|poke|p1|Urshifu-*, L50, F|\n|poke|p1|Landorus, L50, M|\n|poke|p2|Calyrex-Shadow, L50|\n|poke|p2|Zamazenta-*, L50|\n|poke|p2|Chien-Pao, L50|\n|poke|p2|Dragonite, L50, M|\n|poke|p2|Raging Bolt, L50|\n|poke|p2|Amoonguss, L50, F|\n|teampreview|4\n|inactive|Battle timer is ON: inactive players will automatically lose when time's up. (requested by ScribbleScribble)\n|inactive|ScribbleScribble has 60 seconds left.\n|\n|t:|1771479195\n|teamsize|p1|4\n|teamsize|p2|4\n|start\n|switch|p1a: Tornadus|Tornadus, L50, M|100/100\n|switch|p1b: Landorus|Landorus, L50, M|100/100\n|switch|p2a: prote|Zamazenta-Crowned, L50|100/100\n|switch|p2b: Chien-Pao|Chien-Pao, L50|100/100\n|-ability|p2b: Chien-Pao|Sword of Ruin\n|-ability|p2a: prote|Dauntless Shield|boost\n|-boost|p2a: prote|def|1\n|turn|1\n|inactive|ScribbleScribble has 30 seconds left.\n|\n|t:|1771479222\n|-terastallize|p2a: prote|Dragon\n|-terastallize|p1b: Landorus|Poison\n|move|p1a: Tornadus|Tailwind|p1a: Tornadus\n|-sidestart|p1: ScribbleScribble|move: Tailwind\n|move|p1b: Landorus|Sandsear Storm|p2a: prote|[spread] p2b\n|-miss|p1b: Landorus|p2a: prote\n|-damage|p2b: Chien-Pao|46/100\n|move|p2b: Chien-Pao|Icy Wind|p1b: Landorus|[spread] p1a,p1b\n|-supereffective|p1a: Tornadus\n|-crit|p1b: Landorus\n|-damage|p1a: Tornadus|70/100\n|-damage|p1b: Landorus|79/100\n|-unboost|p1a: Tornadus|spe|1\n|-unboost|p1b: Landorus|spe|1\n|move|p2a: prote|Heavy Slam|p1a: Tornadus\n|-damage|p1a: Tornadus|0 fnt\n|faint|p1a: Tornadus\n|\n|upkeep\n|\n|t:|1771479234\n|switch|p1a: Kyogre|Kyogre, L50|100/100\n|-weather|RainDance|[from] ability: Drizzle|[of] p1a: Kyogre\n|turn|2\n|\n|t:|1771479257\n|move|p2b: Chien-Pao|Sucker Punch|p1a: Kyogre\n|-damage|p1a: Kyogre|57/100\n|move|p1a: Kyogre|Thunder|p2b: Chien-Pao\n|-damage|p2b: Chien-Pao|6/100\n|move|p1b: Landorus|Earth Power|p2a: prote\n|-damage|p2a: prote|48/100\n|move|p2a: prote|Body Press|p1a: Kyogre\n|-damage|p1a: Kyogre|0 fnt\n|faint|p1a: Kyogre\n|\n|-weather|RainDance|[upkeep]\n|upkeep\n|\n|t:|1771479261\n|switch|p1a: Indeedee|Indeedee-F, L50, F, shiny|100/100\n|-fieldstart|move: Psychic Terrain|[from] ability: Psychic Surge|[of] p1a: Indeedee\n|-enditem|p1a: Indeedee|Psychic Seed\n|-boost|p1a: Indeedee|spd|1|[from] item: Psychic Seed\n|turn|3\n|\n|t:|1771479277\n|move|p2a: prote|Protect|p2a: prote\n|-singleturn|p2a: prote|Protect\n|move|p2b: Chien-Pao|Ice Spinner|p1b: Landorus\n|-damage|p1b: Landorus|28/100\n|-fieldend|move: Psychic Terrain\n|move|p1b: Landorus|Sandsear Storm|p2b: Chien-Pao|[spread] p2b\n|-activate|p2a: prote|move: Protect\n|-damage|p2b: Chien-Pao|0 fnt\n|faint|p2b: Chien-Pao\n|move|p1a: Indeedee|Trick Room|p1a: Indeedee\n|-fieldstart|move: Trick Room|[of] p1a: Indeedee\n|\n|-weather|RainDance|[upkeep]\n|upkeep\n|inactive|Darknight918 has 30 seconds left.\n|\n|t:|1771479306\n|switch|p2b: Calyrex|Calyrex-Shadow, L50|100/100\n|-ability|p2b: Calyrex|As One\n|-ability|p2b: Calyrex|Unnerve\n|turn|4\n|inactive|Darknight918 has 30 seconds left.\n|inactive|Darknight918 has 20 seconds left.\n|inactive|Darknight918 has 15 seconds left.\n|\n|t:|1771479347\n|move|p1b: Landorus|Protect|p1b: Landorus\n|-singleturn|p1b: Landorus|Protect\n|move|p2b: Calyrex|Protect|p2b: Calyrex\n|-singleturn|p2b: Calyrex|Protect\n|move|p2a: prote|Heavy Slam|p1b: Landorus\n|-activate|p1b: Landorus|move: Protect\n|move|p1a: Indeedee|Psychic|p2b: Calyrex\n|-activate|p2b: Calyrex|move: Protect\n|\n|-weather|RainDance|[upkeep]\n|-sideend|p1: ScribbleScribble|move: Tailwind\n|upkeep\n|turn|5\n|inactive|Darknight918 has 30 seconds left.\n|\n|t:|1771479378\n|move|p1a: Indeedee|Helping Hand|p1b: Landorus\n|-singleturn|p1b: Landorus|Helping Hand|[of] p1a: Indeedee\n|move|p1b: Landorus|Sandsear Storm|p2a: prote|[spread] p2a,p2b\n|-damage|p2a: prote|0 fnt\n|-damage|p2b: Calyrex|7/100\n|faint|p2a: prote\n|move|p2b: Calyrex|Astral Barrage|p1b: Landorus|[spread] p1b\n|-immune|p1a: Indeedee\n|-damage|p1b: Landorus|0 fnt\n|faint|p1b: Landorus\n|-ability|p2b: Calyrex|Grim Neigh|boost\n|-boost|p2b: Calyrex|spa|1\n|\n|-weather|RainDance|[upkeep]\n|upkeep\n|\n|t:|1771479388\n|switch|p2a: Raging Bolt|Raging Bolt, L50|100/100\n|-enditem|p2a: Raging Bolt|Booster Energy\n|-activate|p2a: Raging Bolt|ability: Protosynthesis|[fromitem]\n|-start|p2a: Raging Bolt|protosynthesisspa\n|turn|6\n|\n|t:|1771479401\n|move|p2b: Calyrex|Protect|p2b: Calyrex\n|-singleturn|p2b: Calyrex|Protect\n|move|p2a: Raging Bolt|Thunderbolt|p1a: Indeedee\n|-damage|p1a: Indeedee|54/100\n|move|p1a: Indeedee|Psychic|p2b: Calyrex\n|-activate|p2b: Calyrex|move: Protect\n|\n|-weather|none\n|upkeep\n|turn|7\n|\n|t:|1771479409\n|move|p2a: Raging Bolt|Thunderbolt|p1a: Indeedee\n|-damage|p1a: Indeedee|10/100\n|-status|p1a: Indeedee|par\n|move|p1a: Indeedee|Psychic|p2b: Calyrex\n|-resisted|p2b: Calyrex\n|-damage|p2b: Calyrex|0 fnt\n|faint|p2b: Calyrex\n|\n|-fieldend|move: Trick Room\n|upkeep\n|turn|8\n|-message|ScribbleScribble forfeited.\n|\n|win|Darknight918\n|raw|ScribbleScribble's rating: 1571 &rarr; <strong>1544</strong><br />(-27 for losing)\n|raw|Darknight918's rating: 1450 &rarr; <strong>1477</strong><br />(+27 for winning)\n|l|\u2606ScribbleScribble\n|player|p1|\n|l|\u2606Darknight918\n|player|p2|\n","uploadtime":1771479593,"views":18,"formatid":"gen9vgc2026regi","rating":1477,"private":0,"password":null}