{"id":"gen9vgc2026regi-2572171718","format":"[Gen 9] VGC 2026 Reg I","players":["Kwiper","Billlmads"],"log":"|j|\u2606Kwiper\n|j|\u2606Billlmads\n|t:|1774994200\n|gametype|doubles\n|player|p1|Kwiper|sycamore|1535\n|player|p2|Billlmads|red|1613\n|gen|9\n|tier|[Gen 9] VGC 2026 Reg I\n|rated|\n|rule|Species Clause: Limit one of each Pok\u00e9mon\n|rule|Item Clause: Limit 1 of each item\n|clearpoke\n|poke|p1|Koraidon, L50|\n|poke|p1|Lunala, L50|\n|poke|p1|Indeedee-F, L50, F|\n|poke|p1|Flutter Mane, L50|\n|poke|p1|Volcarona, L50, F|\n|poke|p1|Ursaluna, L50, F|\n|poke|p2|Koraidon, L50|\n|poke|p2|Incineroar, L50, M|\n|poke|p2|Rillaboom, L50, F|\n|poke|p2|Lunala, L50|\n|poke|p2|Landorus, L50, M|\n|poke|p2|Jumpluff, L50, M|\n|teampreview|4\n|inactive|Battle timer is ON: inactive players will automatically lose when time's up. (requested by Kwiper)\n|\n|t:|1774994226\n|teamsize|p1|4\n|teamsize|p2|4\n|start\n|switch|p1a: Lunala|Lunala, L50, shiny|100/100\n|switch|p1b: Indeedee|Indeedee-F, L50, F|100/100\n|switch|p2a: Landorus|Landorus, L50, M|100/100\n|switch|p2b: Lunala|Lunala, L50|100/100\n|-fieldstart|move: Psychic Terrain|[from] ability: Psychic Surge|[of] p1b: Indeedee\n|turn|1\n|\n|t:|1774994250\n|-terastallize|p1a: Lunala|Water\n|-terastallize|p2b: Lunala|Fairy\n|move|p2a: Landorus|Sandsear Storm|p1a: Lunala|[spread] p1a,p1b\n|-damage|p1a: Lunala|77/100\n|-damage|p1b: Indeedee|37/100\n|move|p1a: Lunala|Expanding Force|p2b: Lunala|[spread] p2a,p2b\n|-damage|p2a: Landorus|22/100\n|-damage|p2b: Lunala|75/100\n|move|p2b: Lunala|Moonblast|p1a: Lunala\n|-damage|p1a: Lunala|34/100\n|move|p1b: Indeedee|Alluring Voice|p2a: Landorus\n|-damage|p2a: Landorus|3/100\n|\n|-heal|p2b: Lunala|81/100|[from] item: Leftovers\n|upkeep\n|turn|2\n|\n|t:|1774994270\n|move|p1b: Indeedee|Follow Me|p1b: Indeedee\n|-singleturn|p1b: Indeedee|move: Follow Me\n|move|p2a: Landorus|Earth Power|p1b: Indeedee\n|-damage|p1b: Indeedee|0 fnt\n|faint|p1b: Indeedee\n|move|p1a: Lunala|Expanding Force|p2a: Landorus|[spread] p2a,p2b\n|-damage|p2a: Landorus|0 fnt\n|-damage|p2b: Lunala|34/100\n|faint|p2a: Landorus\n|move|p2b: Lunala|Moonblast|p1a: Lunala\n|-damage|p1a: Lunala|0 fnt\n|faint|p1a: Lunala\n|\n|-heal|p2b: Lunala|40/100|[from] item: Leftovers\n|upkeep\n|\n|t:|1774994280\n|switch|p2a: Koraidon|Koraidon, L50, shiny|100/100\n|switch|p1a: Koraidon|Koraidon, L50, shiny|100/100\n|switch|p1b: Flutter Mane|Flutter Mane, L50|100/100\n|-weather|SunnyDay|[from] ability: Orichalcum Pulse|[of] p1a: Koraidon\n|-activate|p1b: Flutter Mane|ability: Protosynthesis\n|-start|p1b: Flutter Mane|protosynthesisspe\n|-activate|p1a: Koraidon|Orichalcum Pulse|[source]\n|-activate|p2a: Koraidon|ability: Orichalcum Pulse\n|turn|3\n|\n|t:|1774994292\n|switch|p2a: Incineroar|Incineroar, L50, M, shiny|100/100\n|-ability|p2a: Incineroar|Intimidate|boost\n|-unboost|p1a: Koraidon|atk|1\n|-unboost|p1b: Flutter Mane|atk|1\n|move|p2b: Lunala|Protect|p2b: Lunala\n|-singleturn|p2b: Lunala|Protect\n|move|p1b: Flutter Mane|Moonblast|p2a: Incineroar\n|-damage|p2a: Incineroar|60/100\n|-unboost|p2a: Incineroar|spa|1\n|move|p1a: Koraidon|Flare Blitz|p2b: Lunala\n|-activate|p2b: Lunala|move: Protect\n|\n|-weather|SunnyDay|[upkeep]\n|-heal|p2b: Lunala|46/100|[from] item: Leftovers\n|upkeep\n|turn|4\n|\n|t:|1774994316\n|switch|p2b: Koraidon|Koraidon, L50, shiny|100/100\n|-activate|p2b: Koraidon|ability: Orichalcum Pulse\n|move|p1b: Flutter Mane|Moonblast|p2b: Koraidon\n|-supereffective|p2b: Koraidon\n|-damage|p2b: Koraidon|0 fnt\n|faint|p2b: Koraidon\n|move|p1a: Koraidon|Flare Blitz|p2a: Incineroar\n|-resisted|p2a: Incineroar\n|-damage|p2a: Incineroar|26/100\n|-damage|p1a: Koraidon|87/100|[from] Recoil\n|-damage|p1a: Koraidon|78/100|[from] item: Life Orb\n|move|p2a: Incineroar|U-turn|p1b: Flutter Mane\n|-resisted|p1b: Flutter Mane\n|-damage|p1b: Flutter Mane|91/100\n|\n|t:|1774994324\n|switch|p2a: Lunala|Lunala, L50, tera:Fairy|46/100|[from] U-turn\n|\n|-weather|SunnyDay|[upkeep]\n|-heal|p2a: Lunala|53/100|[from] item: Leftovers\n|upkeep\n|\n|t:|1774994326\n|switch|p2b: Incineroar|Incineroar, L50, M, shiny|26/100\n|-ability|p2b: Incineroar|Intimidate|boost\n|-unboost|p1a: Koraidon|atk|1\n|-unboost|p1b: Flutter Mane|atk|1\n|turn|5\n|\n|t:|1774994338\n|move|p1b: Flutter Mane|Moonblast|p2b: Incineroar\n|-damage|p2b: Incineroar|0 fnt\n|faint|p2b: Incineroar\n|move|p1a: Koraidon|Flare Blitz|p2a: Lunala\n|-crit|p2a: Lunala\n|-damage|p2a: Lunala|0 fnt\n|faint|p2a: Lunala\n|-damage|p1a: Koraidon|55/100|[from] Recoil\n|-damage|p1a: Koraidon|46/100|[from] item: Life Orb\n|\n|win|Kwiper\n|raw|Kwiper's rating: 1535 &rarr; <strong>1559</strong><br />(+24 for winning)\n|raw|Billlmads's rating: 1613 &rarr; <strong>1589</strong><br />(-24 for losing)\n","uploadtime":1774994338,"views":18,"formatid":"gen9vgc2026regi","rating":1559,"private":0,"password":null}