{"id":"gen9vgc2026regi-2552797678","format":"[Gen 9] VGC 2026 Reg I","players":["Simon0123","palHunter"],"log":"|j|\u2606Simon0123\n|j|\u2606palHunter\n|t:|1772754728\n|gametype|doubles\n|player|p1|Simon0123|benga|1360\n|player|p2|palHunter|dawn|1531\n|gen|9\n|tier|[Gen 9] VGC 2026 Reg I\n|rated|\n|rule|Species Clause: Limit one of each Pok\u00e9mon\n|rule|Item Clause: Limit 1 of each item\n|clearpoke\n|poke|p1|Miraidon, L50|\n|poke|p1|Iron Bundle, L50|\n|poke|p1|Iron Hands, L50|\n|poke|p1|Chi-Yu, L50|\n|poke|p1|Tornadus, L50, M|\n|poke|p1|Ogerpon-Wellspring, L50, F|\n|poke|p2|Miraidon, L50|\n|poke|p2|Amoonguss, L50, F|\n|poke|p2|Calyrex-Ice, L50|\n|poke|p2|Urshifu-*, L50, M|\n|poke|p2|Incineroar, L50, F|\n|poke|p2|Landorus, L50, M|\n|teampreview|4\n|inactive|Battle timer is ON: inactive players will automatically lose when time's up. (requested by Simon0123)\n|\n|t:|1772754757\n|teamsize|p1|4\n|teamsize|p2|4\n|start\n|switch|p1a: Iron Bundle|Iron Bundle, L50|100/100\n|switch|p1b: Miraidon|Miraidon, L50|100/100\n|switch|p2a: Incineroar|Incineroar, L50, F, shiny|100/100\n|switch|p2b: Calyrex|Calyrex-Ice, L50|100/100\n|-ability|p2b: Calyrex|As One\n|-ability|p2b: Calyrex|Unnerve\n|-fieldstart|move: Electric Terrain|[from] ability: Hadron Engine|[of] p1b: Miraidon\n|-activate|p1a: Iron Bundle|ability: Quark Drive\n|-start|p1a: Iron Bundle|quarkdrivespe\n|-ability|p2a: Incineroar|Intimidate|boost\n|-unboost|p1a: Iron Bundle|atk|1\n|-unboost|p1b: Miraidon|atk|1\n|turn|1\n|\n|t:|1772754776\n|move|p2a: Incineroar|Fake Out|p1b: Miraidon\n|-damage|p1b: Miraidon|87/100\n|move|p1a: Iron Bundle|Hydro Pump|p2a: Incineroar\n|-supereffective|p2a: Incineroar\n|-damage|p2a: Incineroar|35/100\n|cant|p1b: Miraidon|flinch\n|move|p2b: Calyrex|Trick Room|p2b: Calyrex\n|-fieldstart|move: Trick Room|[of] p2b: Calyrex\n|\n|upkeep\n|turn|2\n|\n|t:|1772754798\n|-terastallize|p1b: Miraidon|Electric\n|move|p2b: Calyrex|Glacial Lance|p1a: Iron Bundle|[spread] p1a,p1b\n|-resisted|p1a: Iron Bundle\n|-damage|p1a: Iron Bundle|85/100\n|-damage|p1b: Miraidon|31/100\n|move|p2a: Incineroar|Flare Blitz|p1b: Miraidon\n|-damage|p1b: Miraidon|0 fnt\n|faint|p1b: Miraidon\n|-damage|p2a: Incineroar|26/100|[from] Recoil\n|move|p1a: Iron Bundle|Hydro Pump|p2a: Incineroar\n|-supereffective|p2a: Incineroar\n|-damage|p2a: Incineroar|0 fnt\n|faint|p2a: Incineroar\n|\n|upkeep\n|inactive|Simon0123 has 30 seconds left.\n|\n|t:|1772754829\n|switch|p2a: Landorus|Landorus, L50, M, shiny|100/100\n|switch|p1b: Iron Hands|Iron Hands, L50|100/100\n|-activate|p1b: Iron Hands|ability: Quark Drive\n|-start|p1b: Iron Hands|quarkdriveatk\n|turn|3\n|inactive|Simon0123 has 30 seconds left.\n|\n|t:|1772754856\n|move|p2a: Landorus|Protect|p2a: Landorus\n|-singleturn|p2a: Landorus|Protect\n|move|p1b: Iron Hands|Fake Out|p2b: Calyrex\n|-damage|p2b: Calyrex|88/100\n|cant|p2b: Calyrex|flinch\n|move|p1a: Iron Bundle|Freeze-Dry|p2a: Landorus\n|-activate|p2a: Landorus|move: Protect\n|\n|upkeep\n|turn|4\n|\n|t:|1772754872\n|-end|p1b: Iron Hands|Quark Drive|[silent]\n|switch|p1b: Ogerpon|Ogerpon-Wellspring, L50, F|100/100\n|move|p2b: Calyrex|High Horsepower|p1b: Ogerpon\n|-resisted|p1b: Ogerpon\n|-damage|p1b: Ogerpon|75/100\n|move|p2a: Landorus|Earth Power|p1a: Iron Bundle\n|-damage|p1a: Iron Bundle|0 fnt\n|faint|p1a: Iron Bundle\n|-end|p1a: Iron Bundle|Quark Drive|[silent]\n|\n|upkeep\n|\n|t:|1772754881\n|switch|p1a: Iron Hands|Iron Hands, L50|100/100\n|-activate|p1a: Iron Hands|ability: Quark Drive\n|-start|p1a: Iron Hands|quarkdriveatk\n|turn|5\n|\n|t:|1772754900\n|move|p1a: Iron Hands|Fake Out|p2b: Calyrex\n|-damage|p2b: Calyrex|77/100\n|cant|p2b: Calyrex|flinch\n|move|p2a: Landorus|Sludge Bomb|p1b: Ogerpon\n|-supereffective|p1b: Ogerpon\n|-damage|p1b: Ogerpon|0 fnt\n|faint|p1b: Ogerpon\n|\n|-fieldend|move: Trick Room\n|-fieldend|move: Electric Terrain\n|-end|p1a: Iron Hands|Quark Drive\n|upkeep\n|turn|6\n|-message|Simon0123 forfeited.\n|\n|win|palHunter\n|raw|Simon0123's rating: 1360 &rarr; <strong>1349</strong><br />(-11 for losing)\n|raw|palHunter's rating: 1531 &rarr; <strong>1542</strong><br />(+11 for winning)\n|l|\u2606Simon0123\n|player|p1|\n|l|\u2606palHunter\n|player|p2|\n","uploadtime":1772755085,"views":15,"formatid":"gen9vgc2026regi","rating":1349,"private":0,"password":null}