{"id":"gen9vgc2026regi-2584854130","format":"[Gen 9] VGC 2026 Reg I","players":["GiveQuagCalmMind","labubumechanics"],"log":"|j|\u2606GiveQuagCalmMind\n|j|\u2606labubumechanics\n|t:|1776288869\n|gametype|doubles\n|player|p1|GiveQuagCalmMind|nate|1399\n|player|p2|labubumechanics|hiker-gen4|1411\n|gen|9\n|tier|[Gen 9] VGC 2026 Reg I\n|rated|\n|rule|Species Clause: Limit one of each Pok\u00e9mon\n|rule|Item Clause: Limit 1 of each item\n|clearpoke\n|poke|p1|Zacian-*, L50|\n|poke|p1|Farigiraf, L50, F|\n|poke|p1|Hitmontop, L50, M|\n|poke|p1|Ursaluna, L50, F|\n|poke|p1|Miraidon, L50|\n|poke|p1|Pawmot, L50, M|\n|poke|p2|Sinistcha, L50|\n|poke|p2|Urshifu-*, L50, F|\n|poke|p2|Terapagos, L50, M|\n|poke|p2|Miraidon, L50|\n|poke|p2|Incineroar, L50, F|\n|poke|p2|Iron Treads, L50|\n|teampreview|4\n|\n|t:|1776288901\n|teamsize|p1|4\n|teamsize|p2|4\n|start\n|switch|p1a: Baby Britain|Miraidon, L50|100/100\n|switch|p1b: In Spirit|Hitmontop, L50, M|100/100\n|switch|p2a: Terapagos|Terapagos, L50, M|100/100\n|switch|p2b: Sinistcha|Sinistcha, L50|100/100\n|-activate|p2a: Terapagos|ability: Tera Shift\n|detailschange|p2a: Terapagos|Terapagos-Terastal, L50, M\n|-heal|p2a: Terapagos|100/100|[silent]\n|-fieldstart|move: Electric Terrain|[from] ability: Hadron Engine|[of] p1a: Baby Britain\n|-enditem|p2a: Terapagos|Electric Seed\n|-boost|p2a: Terapagos|def|1|[from] item: Electric Seed\n|-ability|p1b: In Spirit|Intimidate|boost\n|-unboost|p2a: Terapagos|atk|1\n|-unboost|p2b: Sinistcha|atk|1\n|turn|1\n|\n|t:|1776288910\n|-terastallize|p1a: Baby Britain|Electric\n|move|p2a: Terapagos|Protect|p2a: Terapagos\n|-singleturn|p2a: Terapagos|Protect\n|move|p2b: Sinistcha|Protect|p2b: Sinistcha\n|-singleturn|p2b: Sinistcha|Protect\n|move|p1b: In Spirit|Fake Out|p2a: Terapagos\n|-activate|p2a: Terapagos|move: Protect\n|move|p1a: Baby Britain|Discharge|p2b: Sinistcha|[spread] p1b\n|-activate|p2a: Terapagos|move: Protect\n|-activate|p2b: Sinistcha|move: Protect\n|-damage|p1b: In Spirit|25/100\n|-status|p1b: In Spirit|par\n|-enditem|p1b: In Spirit|Eject Button\n|\n|t:|1776288915\n|switch|p1b: Mama Bear|Ursaluna, L50, F|100/100\n|\n|-status|p1b: Mama Bear|brn|[from] item: Flame Orb\n|upkeep\n|turn|2\n|\n|t:|1776288942\n|-terastallize|p2a: Terapagos|Stellar\n|detailschange|p2a: Terapagos|Terapagos-Stellar, L50, M, tera:Stellar\n|-heal|p2a: Terapagos|100/100|[silent]\n|-ability|p2a: Terapagos|Teraform Zero\n|-fieldend|move: Electric Terrain\n|move|p1a: Baby Britain|Discharge|p2a: Terapagos|[spread] p2a,p2b\n|-immune|p1b: Mama Bear\n|-resisted|p2b: Sinistcha\n|-damage|p2a: Terapagos|73/100\n|-damage|p2b: Sinistcha|75/100\n|-status|p2a: Terapagos|par\n|-status|p2b: Sinistcha|par\n|-enditem|p2b: Sinistcha|Eject Button\n|\n|t:|1776288957\n|switch|p2b: Incineroar|Incineroar, L50, F|100/100\n|-ability|p2b: Incineroar|Intimidate|boost\n|-unboost|p1a: Baby Britain|atk|1\n|-unboost|p1b: Mama Bear|atk|1\n|move|p2a: Terapagos|Earth Power|p1a: Baby Britain\n|-supereffective|p1a: Baby Britain\n|-damage|p1a: Baby Britain|40/100\n|move|p1b: Mama Bear|Facade|p2a: Terapagos\n|-damage|p2a: Terapagos|47/100 par\n|\n|-damage|p1b: Mama Bear|95/100 brn|[from] brn\n|upkeep\n|turn|3\n|\n|t:|1776288978\n|move|p1b: Mama Bear|Protect|p1b: Mama Bear\n|-singleturn|p1b: Mama Bear|Protect\n|move|p1a: Baby Britain|Discharge|p2b: Incineroar|[spread] p2a,p2b\n|-activate|p1b: Mama Bear|move: Protect\n|-damage|p2a: Terapagos|22/100 par\n|-damage|p2b: Incineroar|79/100\n|-status|p2b: Incineroar|par\n|move|p2a: Terapagos|Tera Starstorm|p1a: Baby Britain|[spread] p1a\n|-activate|p1b: Mama Bear|move: Protect\n|-supereffective|p1a: Baby Britain\n|-damage|p1a: Baby Britain|0 fnt\n|faint|p1a: Baby Britain\n|move|p2b: Incineroar|U-turn|p1b: Mama Bear\n|-activate|p1b: Mama Bear|move: Protect\n|\n|-damage|p1b: Mama Bear|89/100 brn|[from] brn\n|upkeep\n|\n|t:|1776288988\n|switch|p1a: In Spirit|Hitmontop, L50, M|25/100 par\n|-ability|p1a: In Spirit|Intimidate|boost\n|-unboost|p2a: Terapagos|atk|1\n|-unboost|p2b: Incineroar|atk|1\n|turn|4\n|\n|t:|1776288997\n|switch|p2b: Sinistcha|Sinistcha, L50|75/100 par\n|-heal|p2a: Terapagos|46/100 par|[from] ability: Hospitality|[of] p2b: Sinistcha\n|move|p2a: Terapagos|Protect|p2a: Terapagos\n|-singleturn|p2a: Terapagos|Protect\n|move|p1a: In Spirit|Wide Guard|p1a: In Spirit\n|-singleturn|p1a: In Spirit|Wide Guard\n|move|p1b: Mama Bear|Earthquake|p2b: Sinistcha|[spread] p2b\n|-activate|p1a: In Spirit|move: Wide Guard\n|-activate|p2a: Terapagos|move: Protect\n|-resisted|p2b: Sinistcha\n|-damage|p2b: Sinistcha|58/100 par\n|\n|-damage|p1b: Mama Bear|83/100 brn|[from] brn\n|upkeep\n|turn|5\n|\n|t:|1776289037\n|cant|p1a: In Spirit|par\n|cant|p2a: Terapagos|par\n|move|p1b: Mama Bear|Facade|p2a: Terapagos\n|-damage|p2a: Terapagos|21/100 par\n|move|p2b: Sinistcha|Matcha Gotcha|p1a: In Spirit|[spread] p1a,p1b\n|-supereffective|p1b: Mama Bear\n|-damage|p1a: In Spirit|2/100 par\n|-heal|p2b: Sinistcha|68/100 par|[from] drain|[of] p1a: In Spirit\n|-damage|p1b: Mama Bear|37/100 brn\n|-heal|p2b: Sinistcha|99/100 par|[from] drain|[of] p1b: Mama Bear\n|\n|-damage|p1b: Mama Bear|31/100 brn|[from] brn\n|upkeep\n|turn|6\n|\n|t:|1776289058\n|cant|p2a: Terapagos|par\n|move|p1a: In Spirit|Wide Guard|p1a: In Spirit\n|-singleturn|p1a: In Spirit|Wide Guard\n|move|p1b: Mama Bear|Earthquake|p2a: Terapagos|[spread] p2a,p2b\n|-activate|p1a: In Spirit|move: Wide Guard\n|-resisted|p2b: Sinistcha\n|-damage|p2a: Terapagos|6/100 par\n|-damage|p2b: Sinistcha|82/100 par\n|move|p2b: Sinistcha|Matcha Gotcha|p1b: Mama Bear|[spread] \n|-activate|p1a: In Spirit|move: Wide Guard\n|-activate|p1b: Mama Bear|move: Wide Guard\n|\n|-damage|p1b: Mama Bear|25/100 brn|[from] brn\n|upkeep\n|turn|7\n|\n|t:|1776289087\n|cant|p2a: Terapagos|par\n|move|p1b: Mama Bear|Protect|p1b: Mama Bear\n|-singleturn|p1b: Mama Bear|Protect\n|move|p1a: In Spirit|Close Combat|p2a: Terapagos\n|-supereffective|p2a: Terapagos\n|-damage|p2a: Terapagos|0 fnt\n|-unboost|p1a: In Spirit|def|1\n|-unboost|p1a: In Spirit|spd|1\n|faint|p2a: Terapagos\n|detailschange|p2: Terapagos|Terapagos, L50, M|[silent]\n|move|p2b: Sinistcha|Life Dew|p2b: Sinistcha\n|-heal|p2b: Sinistcha|100/100 par\n|\n|-damage|p1b: Mama Bear|19/100 brn|[from] brn\n|upkeep\n|\n|t:|1776289105\n|switch|p2a: Incineroar|Incineroar, L50, F|79/100 par\n|-ability|p2a: Incineroar|Intimidate|boost\n|-unboost|p1a: In Spirit|atk|1\n|-unboost|p1b: Mama Bear|atk|1\n|turn|8\n|\n|t:|1776289132\n|move|p1a: In Spirit|Quick Guard|p1a: In Spirit\n|-singleturn|p1a: In Spirit|Quick Guard\n|move|p1b: Mama Bear|Headlong Rush|p2a: Incineroar\n|-supereffective|p2a: Incineroar\n|-damage|p2a: Incineroar|0 fnt\n|-unboost|p1b: Mama Bear|def|1\n|-unboost|p1b: Mama Bear|spd|1\n|faint|p2a: Incineroar\n|cant|p2b: Sinistcha|par\n|\n|-damage|p1b: Mama Bear|14/100 brn|[from] brn\n|upkeep\n|\n|t:|1776289142\n|switch|p2a: Urshifu|Urshifu-Rapid-Strike, L50, F|100/100\n|turn|9\n|\n|t:|1776289154\n|move|p1a: In Spirit|Quick Guard|p1a: In Spirit\n|-singleturn|p1a: In Spirit|Quick Guard\n|move|p2a: Urshifu|Aqua Jet|p1b: Mama Bear\n|-supereffective|p1b: Mama Bear\n|-damage|p1b: Mama Bear|0 fnt\n|faint|p1b: Mama Bear\n|move|p2b: Sinistcha|Matcha Gotcha|p1a: In Spirit\n|-damage|p1a: In Spirit|0 fnt\n|faint|p1a: In Spirit\n|\n|upkeep\n|\n|t:|1776289162\n|switch|p1b: Sista 'Gnash|Zacian-Crowned, L50|100/100\n|-ability|p1b: Sista 'Gnash|Intrepid Sword|boost\n|-boost|p1b: Sista 'Gnash|atk|1\n|turn|10\n|\n|t:|1776289177\n|move|p2b: Sinistcha|Rage Powder|p2b: Sinistcha\n|-singleturn|p2b: Sinistcha|move: Rage Powder\n|move|p1b: Sista 'Gnash|Play Rough|p2b: Sinistcha\n|-damage|p2b: Sinistcha|48/100 par\n|move|p2a: Urshifu|Close Combat|p1b: Sista 'Gnash\n|-damage|p1b: Sista 'Gnash|35/100\n|-unboost|p2a: Urshifu|def|1\n|-unboost|p2a: Urshifu|spd|1\n|\n|upkeep\n|turn|11\n|\n|t:|1776289187\n|move|p1b: Sista 'Gnash|Protect|p1b: Sista 'Gnash\n|-singleturn|p1b: Sista 'Gnash|Protect\n|move|p2b: Sinistcha|Rage Powder|p2b: Sinistcha\n|-singleturn|p2b: Sinistcha|move: Rage Powder\n|move|p2a: Urshifu|Close Combat|p1b: Sista 'Gnash\n|-damage|p1b: Sista 'Gnash|0 fnt\n|-unboost|p2a: Urshifu|def|1\n|-unboost|p2a: Urshifu|spd|1\n|faint|p1b: Sista 'Gnash\n|\n|win|labubumechanics\n|raw|GiveQuagCalmMind's rating: 1399 &rarr; <strong>1380</strong><br />(-19 for losing)\n|raw|labubumechanics's rating: 1411 &rarr; <strong>1430</strong><br />(+19 for winning)\n|l|\u2606GiveQuagCalmMind\n|player|p1|\n","uploadtime":1776289199,"views":20,"formatid":"gen9vgc2026regi","rating":1380,"private":0,"password":null}