{"id":"gen9vgc2026regi-2567345768","format":"[Gen 9] VGC 2026 Reg I","players":["moongiestbeams","JERRY RIVERA"],"log":"|j|\u2606moongiestbeams\n|j|\u2606JERRY RIVERA\n|t:|1774468321\n|gametype|doubles\n|player|p1|moongiestbeams|dawn-gen4pt|1268\n|player|p2|JERRY RIVERA|silver|1297\n|gen|9\n|tier|[Gen 9] VGC 2026 Reg I\n|rated|\n|rule|Species Clause: Limit one of each Pok\u00e9mon\n|rule|Item Clause: Limit 1 of each item\n|clearpoke\n|poke|p1|Lunala, L50|\n|poke|p1|Ursaluna, L50, F|\n|poke|p1|Koraidon, L50|\n|poke|p1|Flutter Mane, L50|\n|poke|p1|Brute Bonnet, L50|\n|poke|p1|Chi-Yu, L50|\n|poke|p2|Kyogre, L50|\n|poke|p2|Miraidon, L50|\n|poke|p2|Urshifu-*, L50, M|\n|poke|p2|Tornadus, L50, M|\n|poke|p2|Incineroar, L50, F|\n|poke|p2|Ditto, L50|\n|teampreview|4\n|\n|t:|1774468366\n|teamsize|p1|4\n|teamsize|p2|4\n|start\n|switch|p1a: Eris|Flutter Mane, L50|100/100\n|switch|p1b: Nebby|Lunala, L50|100/100\n|switch|p2a: Miraidon|Miraidon, L50|100/100\n|switch|p2b: Bukele|Tornadus, L50, M|100/100\n|-fieldstart|move: Electric Terrain|[from] ability: Hadron Engine|[of] p2a: Miraidon\n|turn|1\n|\n|t:|1774468383\n|-terastallize|p2a: Miraidon|Electric\n|move|p2b: Bukele|Taunt|p1b: Nebby\n|-start|p1b: Nebby|move: Taunt\n|move|p2a: Miraidon|Electro Drift|p1a: Eris\n|-enditem|p1a: Eris|Focus Sash\n|-damage|p1a: Eris|1/100\n|move|p1a: Eris|Moonblast|p2a: Miraidon\n|-damage|p2a: Miraidon|56/100\n|-unboost|p2a: Miraidon|spa|1\n|move|p1b: Nebby|Meteor Beam||[still]\n|-prepare|p1b: Nebby|Meteor Beam\n|-boost|p1b: Nebby|spa|1\n|-enditem|p1b: Nebby|Power Herb\n|-anim|p1b: Nebby|Meteor Beam|p2b: Bukele|[miss]\n|-miss|p1b: Nebby|p2b: Bukele\n|\n|upkeep\n|turn|2\n|\n|t:|1774468413\n|switch|p2a: Incineroar|Incineroar, L50, F|100/100\n|-ability|p2a: Incineroar|Intimidate|boost\n|-unboost|p1a: Eris|atk|1\n|-unboost|p1b: Nebby|atk|1\n|move|p1a: Eris|Protect|p1a: Eris\n|-singleturn|p1a: Eris|Protect\n|move|p2b: Bukele|Bleakwind Storm|p1a: Eris|[spread] p1b\n|-activate|p1a: Eris|move: Protect\n|-damage|p1b: Nebby|88/100\n|-unboost|p1b: Nebby|spe|1\n|move|p1b: Nebby|Moongeist Beam|p2a: Incineroar\n|-resisted|p2a: Incineroar\n|-damage|p2a: Incineroar|73/100\n|\n|upkeep\n|turn|3\n|\n|t:|1774468433\n|move|p2b: Bukele|Tailwind|p2b: Bukele\n|-sidestart|p2: JERRY RIVERA|move: Tailwind\n|move|p1a: Eris|Icy Wind|p2a: Incineroar|[spread] p2a,p2b\n|-resisted|p2a: Incineroar\n|-supereffective|p2b: Bukele\n|-damage|p2a: Incineroar|69/100\n|-damage|p2b: Bukele|62/100\n|-unboost|p2a: Incineroar|spe|1\n|-unboost|p2b: Bukele|spe|1\n|move|p2a: Incineroar|Knock Off|p1b: Nebby\n|-supereffective|p1b: Nebby\n|-damage|p1b: Nebby|0 fnt\n|faint|p1b: Nebby\n|\n|upkeep\n|\n|t:|1774468443\n|switch|p1b: Agias|Koraidon, L50|100/100\n|-weather|SunnyDay|[from] ability: Orichalcum Pulse|[of] p1b: Agias\n|-activate|p1a: Eris|ability: Protosynthesis\n|-start|p1a: Eris|protosynthesisspe\n|-activate|p1b: Agias|Orichalcum Pulse|[source]\n|turn|4\n|\n|t:|1774468462\n|move|p1a: Eris|Moonblast|p2b: Bukele\n|-damage|p2b: Bukele|0 fnt\n|faint|p2b: Bukele\n|move|p1b: Agias|Close Combat|p2a: Incineroar\n|-supereffective|p2a: Incineroar\n|-damage|p2a: Incineroar|0 fnt\n|-unboost|p1b: Agias|def|1\n|-unboost|p1b: Agias|spd|1\n|faint|p2a: Incineroar\n|-damage|p1b: Agias|91/100|[from] item: Life Orb\n|\n|-weather|SunnyDay|[upkeep]\n|upkeep\n|\n|t:|1774468474\n|switch|p2b: Jerry Rivera|Kyogre, L50|100/100\n|switch|p2a: Miraidon|Miraidon, L50, tera:Electric|56/100\n|-activate|p2a: Miraidon|ability: Hadron Engine\n|-weather|RainDance|[from] ability: Drizzle|[of] p2b: Jerry Rivera\n|-end|p1a: Eris|Protosynthesis\n|turn|5\n|\n|t:|1774468503\n|switch|p1b: Chi-Yu|Chi-Yu, L50|100/100\n|-ability|p1b: Chi-Yu|Beads of Ruin\n|move|p1a: Eris|Protect|p1a: Eris\n|-singleturn|p1a: Eris|Protect\n|move|p2a: Miraidon|Draco Meteor|p1b: Chi-Yu\n|-damage|p1b: Chi-Yu|0 fnt\n|-unboost|p2a: Miraidon|spa|2\n|faint|p1b: Chi-Yu\n|move|p2b: Jerry Rivera|Water Spout|p1a: Eris\n|-activate|p1a: Eris|move: Protect\n|\n|-weather|RainDance|[upkeep]\n|-fieldend|move: Electric Terrain\n|upkeep\n|\n|t:|1774468516\n|switch|p1b: Agias|Koraidon, L50|91/100\n|-weather|SunnyDay|[from] ability: Orichalcum Pulse|[of] p1b: Agias\n|-activate|p1a: Eris|ability: Protosynthesis\n|-start|p1a: Eris|protosynthesisspe\n|-activate|p1b: Agias|Orichalcum Pulse|[source]\n|turn|6\n|\n|t:|1774468538\n|move|p1b: Agias|Protect|p1b: Agias\n|-singleturn|p1b: Agias|Protect\n|move|p2a: Miraidon|Draco Meteor|p1b: Agias\n|-activate|p1b: Agias|move: Protect\n|move|p2b: Jerry Rivera|Water Spout|p1a: Eris|[spread] p1a\n|-activate|p1b: Agias|move: Protect\n|-damage|p1a: Eris|0 fnt\n|faint|p1a: Eris\n|-end|p1a: Eris|Protosynthesis|[silent]\n|\n|-weather|SunnyDay|[upkeep]\n|-sideend|p2: JERRY RIVERA|move: Tailwind\n|upkeep\n|turn|7\n|\n|t:|1774468553\n|-terastallize|p1b: Agias|Fire\n|move|p2a: Miraidon|Draco Meteor|p1b: Agias\n|-damage|p1b: Agias|54/100\n|-unboost|p2a: Miraidon|spa|2\n|move|p1b: Agias|Close Combat|p2b: Jerry Rivera\n|-damage|p2b: Jerry Rivera|0 fnt\n|-unboost|p1b: Agias|def|1\n|-unboost|p1b: Agias|spd|1\n|faint|p2b: Jerry Rivera\n|-damage|p1b: Agias|45/100|[from] item: Life Orb\n|\n|-weather|SunnyDay|[upkeep]\n|upkeep\n|turn|8\n|\n|t:|1774468568\n|move|p2a: Miraidon|Draco Meteor|p1b: Agias\n|-damage|p1b: Agias|5/100\n|-unboost|p2a: Miraidon|spa|2\n|move|p1b: Agias|Flare Blitz|p2a: Miraidon\n|-damage|p2a: Miraidon|0 fnt\n|faint|p2a: Miraidon\n|-damage|p1b: Agias|0 fnt|[from] Recoil\n|faint|p1b: Agias\n|\n|win|moongiestbeams\n|raw|moongiestbeams's rating: 1268 &rarr; <strong>1295</strong><br />(+27 for winning)\n|raw|JERRY RIVERA's rating: 1297 &rarr; <strong>1270</strong><br />(-27 for losing)\n|l|\u2606JERRY RIVERA\n|player|p2|\n","uploadtime":1774468587,"views":23,"formatid":"gen9vgc2026regi","rating":1270,"private":0,"password":null}