{"id":"gen9vgc2026regi-2561845354","format":"[Gen 9] VGC 2026 Reg I","players":["byskeleton","Jonen"],"log":"|j|\u2606byskeleton\n|j|\u2606Jonen\n|t:|1773848592\n|gametype|doubles\n|player|p1|byskeleton|lucas|1424\n|player|p2|Jonen|hiker-gen4|1371\n|gen|9\n|tier|[Gen 9] VGC 2026 Reg I\n|rated|\n|rule|Species Clause: Limit one of each Pok\u00e9mon\n|rule|Item Clause: Limit 1 of each item\n|clearpoke\n|poke|p1|Calyrex-Shadow, L50|\n|poke|p1|Zamazenta-*, L50|\n|poke|p1|Chien-Pao, L50|\n|poke|p1|Dragonite, L50, F|\n|poke|p1|Raging Bolt, L50|\n|poke|p1|Amoonguss, L50, M|\n|poke|p2|Groudon, L50|\n|poke|p2|Chi-Yu, L50|\n|poke|p2|Flutter Mane, L50|\n|poke|p2|Raging Bolt, L50|\n|poke|p2|Calyrex-Ice, L50|\n|poke|p2|Jumpluff, L50, M|\n|teampreview|4\n|\n|t:|1773848619\n|teamsize|p1|4\n|teamsize|p2|4\n|start\n|switch|p1a: protec|Zamazenta-Crowned, L50|100/100\n|switch|p1b: Green Goober|Dragonite, L50, F|100/100\n|switch|p2a: Groudon|Groudon, L50|100/100\n|switch|p2b: Jumpluff|Jumpluff, L50, M|100/100\n|-ability|p1a: protec|Dauntless Shield|boost\n|-boost|p1a: protec|def|1\n|-weather|SunnyDay|[from] ability: Drought|[of] p2a: Groudon\n|turn|1\n|\n|t:|1773848649\n|-terastallize|p1a: protec|Dragon\n|move|p2b: Jumpluff|Sleep Powder|p1a: protec|[miss]\n|-miss|p2b: Jumpluff|p1a: protec\n|move|p1a: protec|Body Press|p2a: Groudon\n|-damage|p2a: Groudon|53/100\n|move|p2a: Groudon|Stone Edge|p1b: Green Goober\n|-supereffective|p1b: Green Goober\n|-damage|p1b: Green Goober|28/100\n|move|p1b: Green Goober|Outrage|p2b: Jumpluff\n|-damage|p2b: Jumpluff|0 fnt\n|faint|p2b: Jumpluff\n|\n|-weather|SunnyDay|[upkeep]\n|upkeep\n|\n|t:|1773848665\n|switch|p2b: Calyrex|Calyrex-Ice, L50|100/100\n|-ability|p2b: Calyrex|As One\n|-ability|p2b: Calyrex|Unnerve\n|turn|2\n|\n|t:|1773848680\n|move|p1a: protec|Wide Guard|p1a: protec\n|-singleturn|p1a: protec|Wide Guard\n|move|p2a: Groudon|Stone Edge|p1b: Green Goober\n|-supereffective|p1b: Green Goober\n|-damage|p1b: Green Goober|0 fnt\n|faint|p1b: Green Goober\n|move|p2b: Calyrex|Leech Seed|p1a: protec\n|-start|p1a: protec|move: Leech Seed\n|\n|-weather|SunnyDay|[upkeep]\n|-damage|p1a: protec|88/100|[from] Leech Seed|[of] p2b: Calyrex\n|upkeep\n|\n|t:|1773848689\n|switch|p1b: Arlie|Chien-Pao, L50|100/100\n|-ability|p1b: Arlie|Sword of Ruin\n|turn|3\n|\n|t:|1773848706\n|switch|p1a: PinkPonyClub|Calyrex-Shadow, L50|100/100\n|-ability|p1a: PinkPonyClub|As One\n|-ability|p1a: PinkPonyClub|Unnerve\n|-terastallize|p2a: Groudon|Fire\n|move|p1b: Arlie|Ice Spinner|p2a: Groudon\n|-resisted|p2a: Groudon\n|-damage|p2a: Groudon|38/100\n|move|p2a: Groudon|Heat Crash|p1b: Arlie\n|-supereffective|p1b: Arlie\n|-damage|p1b: Arlie|0 fnt\n|faint|p1b: Arlie\n|move|p2b: Calyrex|Glacial Lance|p1a: PinkPonyClub\n|-damage|p1a: PinkPonyClub|20/100\n|\n|-weather|SunnyDay|[upkeep]\n|upkeep\n|\n|t:|1773848720\n|switch|p1b: protec|Zamazenta-Crowned, L50, tera:Dragon|88/100\n|turn|4\n|\n|t:|1773848727\n|move|p1a: PinkPonyClub|Astral Barrage|p2a: Groudon|[spread] p2a,p2b\n|-supereffective|p2b: Calyrex\n|-damage|p2a: Groudon|5/100\n|-damage|p2b: Calyrex|30/100\n|move|p1b: protec|Body Press|p2b: Calyrex\n|-damage|p2b: Calyrex|4/100\n|move|p2a: Groudon|Heat Crash|p1a: PinkPonyClub\n|-damage|p1a: PinkPonyClub|0 fnt\n|-enditem|p2b: Calyrex|Sitrus Berry|[eat]\n|-heal|p2b: Calyrex|29/100|[from] item: Sitrus Berry\n|faint|p1a: PinkPonyClub\n|move|p2b: Calyrex|Glacial Lance|p1b: protec\n|-supereffective|p1b: protec\n|-damage|p1b: protec|21/100\n|\n|-weather|SunnyDay|[upkeep]\n|upkeep\n|turn|5\n|\n|t:|1773848750\n|move|p1b: protec|Body Press|p2b: Calyrex\n|-damage|p2b: Calyrex|6/100\n|move|p2a: Groudon|High Horsepower|p1b: protec\n|-crit|p1b: protec\n|-damage|p1b: protec|0 fnt\n|faint|p1b: protec\n|\n|win|Jonen\n|raw|byskeleton's rating: 1424 &rarr; <strong>1401</strong><br />(-23 for losing)\n|raw|Jonen's rating: 1371 &rarr; <strong>1394</strong><br />(+23 for winning)\n","uploadtime":1773848750,"views":10,"formatid":"gen9vgc2026regi","rating":1394,"private":0,"password":null}