{"id":"gen9vgc2026regi-2577145551","format":"[Gen 9] VGC 2026 Reg I","players":["Hazweioh","Kwiper"],"log":"|j|\u2606Hazweioh\n|j|\u2606Kwiper\n|t:|1775544263\n|gametype|doubles\n|player|p1|Hazweioh|1|1527\n|player|p2|Kwiper|sycamore|1638\n|gen|9\n|tier|[Gen 9] VGC 2026 Reg I\n|rated|\n|rule|Species Clause: Limit one of each Pok\u00e9mon\n|rule|Item Clause: Limit 1 of each item\n|clearpoke\n|poke|p1|Iron Treads, L50|\n|poke|p1|Terapagos, L50, M|\n|poke|p1|Sinistcha-Masterpiece, L50|\n|poke|p1|Ogerpon-Wellspring, L50, F|\n|poke|p1|Incineroar, L50, M|\n|poke|p1|Miraidon, L50|\n|poke|p2|Koraidon, L50|\n|poke|p2|Lunala, L50|\n|poke|p2|Indeedee-F, L50, F|\n|poke|p2|Flutter Mane, L50|\n|poke|p2|Volcarona, L50, F|\n|poke|p2|Ursaluna, L50, F|\n|teampreview|4\n|inactive|Battle timer is ON: inactive players will automatically lose when time's up. (requested by Kwiper)\n|inactive|Hazweioh has 60 seconds left.\n|\n|t:|1775544304\n|teamsize|p1|4\n|teamsize|p2|4\n|start\n|switch|p1a: Miraidon|Miraidon, L50, shiny|100/100\n|switch|p1b: Pagosch|Terapagos, L50, M|100/100\n|switch|p2a: Flutter Mane|Flutter Mane, L50|100/100\n|switch|p2b: Lunala|Lunala, L50, shiny|100/100\n|-activate|p1b: Pagosch|ability: Tera Shift\n|detailschange|p1b: Pagosch|Terapagos-Terastal, L50, M\n|-heal|p1b: Pagosch|100/100|[silent]\n|-fieldstart|move: Electric Terrain|[from] ability: Hadron Engine|[of] p1a: Miraidon\n|-enditem|p1b: Pagosch|Electric Seed\n|-boost|p1b: Pagosch|def|1|[from] item: Electric Seed\n|turn|1\n|\n|t:|1775544318\n|move|p1a: Miraidon|Volt Switch|p2b: Lunala\n|-damage|p2b: Lunala|75/100\n|\n|t:|1775544320\n|switch|p1a: Incineroar|Incineroar, L50, M|100/100|[from] Volt Switch\n|-ability|p1a: Incineroar|Intimidate|boost\n|-unboost|p2a: Flutter Mane|atk|1\n|-unboost|p2b: Lunala|atk|1\n|move|p2a: Flutter Mane|Moonblast|p1b: Pagosch\n|-activate|p1b: Pagosch|ability: Tera Shell\n|-resisted|p1b: Pagosch\n|-damage|p1b: Pagosch|80/100\n|move|p2b: Lunala|Meteor Beam||[still]\n|-prepare|p2b: Lunala|Meteor Beam\n|-boost|p2b: Lunala|spa|1\n|-enditem|p2b: Lunala|Power Herb\n|-anim|p2b: Lunala|Meteor Beam|p1b: Pagosch\n|-damage|p1b: Pagosch|20/100\n|move|p1b: Pagosch|Calm Mind|p1b: Pagosch\n|-boost|p1b: Pagosch|spa|1\n|-boost|p1b: Pagosch|spd|1\n|\n|upkeep\n|turn|2\n|inactive|Hazweioh has 30 seconds left.\n|\n|t:|1775544355\n|-terastallize|p2b: Lunala|Water\n|move|p1b: Pagosch|Protect|p1b: Pagosch\n|-singleturn|p1b: Pagosch|Protect\n|move|p2a: Flutter Mane|Moonblast|p1b: Pagosch\n|-activate|p1b: Pagosch|move: Protect\n|move|p2b: Lunala|Meteor Beam||[still]\n|-prepare|p2b: Lunala|Meteor Beam\n|-boost|p2b: Lunala|spa|1\n|move|p1a: Incineroar|Parting Shot|p2a: Flutter Mane\n|-unboost|p2a: Flutter Mane|atk|1\n|-unboost|p2a: Flutter Mane|spa|1\n|\n|t:|1775544368\n|switch|p1a: Sinistcha|Sinistcha-Masterpiece, L50, shiny|100/100|[from] Parting Shot\n|-heal|p1b: Pagosch|45/100|[from] ability: Hospitality|[of] p1a: Sinistcha\n|\n|upkeep\n|turn|3\n|\n|t:|1775544379\n|move|p1a: Sinistcha|Rage Powder|p1a: Sinistcha\n|-singleturn|p1a: Sinistcha|move: Rage Powder\n|move|p2a: Flutter Mane|Icy Wind|p1b: Pagosch|[spread] p1a,p1b\n|-supereffective|p1a: Sinistcha\n|-crit|p1b: Pagosch\n|-damage|p1a: Sinistcha|75/100\n|-damage|p1b: Pagosch|27/100\n|-unboost|p1a: Sinistcha|spe|1\n|-unboost|p1b: Pagosch|spe|1\n|move|p2b: Lunala|Meteor Beam|p1a: Sinistcha|[from] lockedmove\n|-crit|p1a: Sinistcha\n|-damage|p1a: Sinistcha|0 fnt\n|faint|p1a: Sinistcha\n|move|p1b: Pagosch|Calm Mind|p1b: Pagosch\n|-boost|p1b: Pagosch|spa|1\n|-boost|p1b: Pagosch|spd|1\n|\n|upkeep\n|\n|t:|1775544394\n|switch|p1a: Incineroar|Incineroar, L50, M|100/100\n|-ability|p1a: Incineroar|Intimidate|boost\n|-unboost|p2a: Flutter Mane|atk|1\n|-unboost|p2b: Lunala|atk|1\n|turn|4\n|\n|t:|1775544405\n|move|p2a: Flutter Mane|Protect|p2a: Flutter Mane\n|-singleturn|p2a: Flutter Mane|Protect\n|move|p1b: Pagosch|Protect|p1b: Pagosch\n|-singleturn|p1b: Pagosch|Protect\n|move|p2b: Lunala|Wide Guard|p2b: Lunala\n|-singleturn|p2b: Lunala|Wide Guard\n|move|p1a: Incineroar|Parting Shot|p2a: Flutter Mane\n|-activate|p2a: Flutter Mane|move: Protect\n|\n|upkeep\n|turn|5\n|\n|t:|1775544414\n|-terastallize|p1b: Pagosch|Stellar\n|detailschange|p1b: Pagosch|Terapagos-Stellar, L50, M, tera:Stellar\n|-heal|p1b: Pagosch|45/100|[silent]\n|-ability|p1b: Pagosch|Teraform Zero\n|-fieldend|move: Electric Terrain\n|move|p2a: Flutter Mane|Moonblast|p1b: Pagosch\n|-damage|p1b: Pagosch|34/100\n|-unboost|p1b: Pagosch|spa|1\n|move|p2b: Lunala|Expanding Force|p1b: Pagosch\n|-damage|p1b: Pagosch|4/100\n|move|p1a: Incineroar|Parting Shot|p2b: Lunala\n|-unboost|p2b: Lunala|atk|1\n|-unboost|p2b: Lunala|spa|1\n|\n|t:|1775544428\n|switch|p1a: Miraidon|Miraidon, L50, shiny|100/100|[from] Parting Shot\n|-fieldstart|move: Electric Terrain|[from] ability: Hadron Engine|[of] p1a: Miraidon\n|move|p1b: Pagosch|Tera Starstorm|p2a: Flutter Mane|[spread] p2a,p2b\n|-supereffective|p2b: Lunala\n|-damage|p2a: Flutter Mane|49/100\n|-damage|p2b: Lunala|0 fnt\n|faint|p2b: Lunala\n|\n|upkeep\n|\n|t:|1775544430\n|switch|p2b: Koraidon|Koraidon, L50, shiny|100/100\n|-weather|SunnyDay|[from] ability: Orichalcum Pulse|[of] p2b: Koraidon\n|-activate|p2a: Flutter Mane|ability: Protosynthesis\n|-start|p2a: Flutter Mane|protosynthesisspe\n|-activate|p2b: Koraidon|Orichalcum Pulse|[source]\n|turn|6\n|\n|t:|1775544440\n|move|p2a: Flutter Mane|Moonblast|p1a: Miraidon\n|-supereffective|p1a: Miraidon\n|-damage|p1a: Miraidon|43/100\n|move|p1a: Miraidon|Volt Switch|p2a: Flutter Mane\n|-damage|p2a: Flutter Mane|0 fnt\n|faint|p2a: Flutter Mane\n|-end|p2a: Flutter Mane|Protosynthesis|[silent]\n|\n|t:|1775544447\n|switch|p1a: Incineroar|Incineroar, L50, M|100/100|[from] Volt Switch\n|-ability|p1a: Incineroar|Intimidate|boost\n|-unboost|p2b: Koraidon|atk|1\n|move|p2b: Koraidon|Breaking Swipe|p1b: Pagosch|[spread] p1a,p1b\n|-damage|p1a: Incineroar|79/100\n|-damage|p1b: Pagosch|0 fnt\n|-unboost|p1a: Incineroar|atk|1\n|-damage|p2b: Koraidon|84/100|[from] item: Rocky Helmet|[of] p1a: Incineroar\n|faint|p1b: Pagosch\n|detailschange|p1: Pagosch|Terapagos, L50, M|[silent]\n|-damage|p2b: Koraidon|74/100|[from] item: Life Orb\n|\n|-weather|SunnyDay|[upkeep]\n|upkeep\n|\n|t:|1775544455\n|switch|p2a: Indeedee|Indeedee-F, L50, F|100/100\n|switch|p1b: Miraidon|Miraidon, L50, shiny|43/100\n|-activate|p1b: Miraidon|ability: Hadron Engine\n|-fieldstart|move: Psychic Terrain|[from] ability: Psychic Surge|[of] p2a: Indeedee\n|turn|7\n|\n|t:|1775544473\n|move|p2a: Indeedee|Follow Me|p2a: Indeedee\n|-singleturn|p2a: Indeedee|move: Follow Me\n|move|p1b: Miraidon|Draco Meteor|p2a: Indeedee\n|-damage|p2a: Indeedee|33/100\n|-unboost|p1b: Miraidon|spa|2\n|move|p2b: Koraidon|Breaking Swipe|p1a: Incineroar|[spread] p1a,p1b\n|-crit|p1a: Incineroar\n|-supereffective|p1b: Miraidon\n|-damage|p1a: Incineroar|32/100\n|-damage|p1b: Miraidon|0 fnt\n|-unboost|p1a: Incineroar|atk|1\n|-damage|p2b: Koraidon|58/100|[from] item: Rocky Helmet|[of] p1a: Incineroar\n|faint|p1b: Miraidon\n|-damage|p2b: Koraidon|48/100|[from] item: Life Orb\n|move|p1a: Incineroar|Knock Off|p2a: Indeedee\n|-supereffective|p2a: Indeedee\n|-damage|p2a: Indeedee|0 fnt\n|-enditem|p2a: Indeedee|Safety Goggles|[from] move: Knock Off|[of] p1a: Incineroar\n|faint|p2a: Indeedee\n|\n|-weather|SunnyDay|[upkeep]\n|upkeep\n|turn|8\n|j| MemeMaster68\n|\n|t:|1775544485\n|move|p2b: Koraidon|Close Combat|p1a: Incineroar\n|-supereffective|p1a: Incineroar\n|-damage|p1a: Incineroar|0 fnt\n|-unboost|p2b: Koraidon|def|1\n|-unboost|p2b: Koraidon|spd|1\n|-damage|p2b: Koraidon|31/100|[from] item: Rocky Helmet|[of] p1a: Incineroar\n|faint|p1a: Incineroar\n|-damage|p2b: Koraidon|22/100|[from] item: Life Orb\n|\n|win|Kwiper\n|raw|Hazweioh's rating: 1527 &rarr; <strong>1513</strong><br />(-14 for losing)\n|raw|Kwiper's rating: 1638 &rarr; <strong>1652</strong><br />(+14 for winning)\n","uploadtime":1775544485,"views":20,"formatid":"gen9vgc2026regi","rating":1513,"private":0,"password":null}