{"id":"gen9vgc2026regi-2555601597","format":"[Gen 9] VGC 2026 Reg I","players":["ludicolouvgc","Tritonfrostbane"],"log":"|j|\u2606ludicolouvgc\n|j|\u2606Tritonfrostbane\n|t:|1773107326\n|gametype|doubles\n|player|p1|ludicolouvgc|266|1344\n|player|p2|Tritonfrostbane|1|1332\n|gen|9\n|tier|[Gen 9] VGC 2026 Reg I\n|rated|\n|rule|Species Clause: Limit one of each Pok\u00e9mon\n|rule|Item Clause: Limit 1 of each item\n|clearpoke\n|poke|p1|Kyogre, L50|\n|poke|p1|Zamazenta-*, L50|\n|poke|p1|Landorus, L50, M|\n|poke|p1|Tornadus, L50, M|\n|poke|p1|Incineroar, L50, M|\n|poke|p1|Smeargle, L50, F|\n|poke|p2|Calyrex-Ice, L50|\n|poke|p2|Indeedee-F, L50, F|\n|poke|p2|Lunala, L50|\n|poke|p2|Torkoal, L50, F|\n|poke|p2|Smeargle, L50, M|\n|poke|p2|Urshifu-*, L50, F|\n|teampreview|4\n|\n|t:|1773107344\n|teamsize|p1|4\n|teamsize|p2|4\n|start\n|switch|p1a: Smeargle|Smeargle, L50, F|100/100\n|switch|p1b: Landorus|Landorus, L50, M|100/100\n|switch|p2a: Smeargle|Smeargle, L50, M|100/100\n|switch|p2b: Lunala|Lunala, L50, shiny|100/100\n|turn|1\n|\n|t:|1773107360\n|move|p2a: Smeargle|Fake Out|p1a: Smeargle\n|-damage|p1a: Smeargle|86/100\n|cant|p1a: Smeargle|flinch\n|move|p1b: Landorus|Sandsear Storm|p2b: Lunala|[spread] p2a,p2b\n|-enditem|p2a: Smeargle|Focus Sash\n|-damage|p2a: Smeargle|1/100\n|-damage|p2b: Lunala|82/100\n|move|p2b: Lunala|Trick Room|p2b: Lunala\n|-fieldstart|move: Trick Room|[of] p2b: Lunala\n|\n|-ability|p1a: Smeargle|Moody|boost\n|-boost|p1a: Smeargle|atk|2\n|-unboost|p1a: Smeargle|spd|1\n|upkeep\n|turn|2\n|\n|t:|1773107379\n|move|p1b: Landorus|Sandsear Storm|p2b: Lunala|[spread] p2b\n|-miss|p1b: Landorus|p2a: Smeargle\n|-crit|p2b: Lunala\n|-damage|p2b: Lunala|16/100\n|move|p2b: Lunala|Meteor Beam||[still]\n|-prepare|p2b: Lunala|Meteor Beam\n|-boost|p2b: Lunala|spa|1\n|-enditem|p2b: Lunala|Power Herb\n|-anim|p2b: Lunala|Meteor Beam|p1a: Smeargle\n|-damage|p1a: Smeargle|0 fnt\n|faint|p1a: Smeargle\n|move|p2a: Smeargle|Spore|p1b: Landorus\n|-status|p1b: Landorus|slp|[from] move: Spore\n|\n|upkeep\n|\n|t:|1773107387\n|switch|p1a: Zamazenta|Zamazenta-Crowned, L50, shiny|100/100\n|-ability|p1a: Zamazenta|Dauntless Shield|boost\n|-boost|p1a: Zamazenta|def|1\n|turn|3\n|\n|t:|1773107414\n|-terastallize|p1a: Zamazenta|Grass\n|cant|p1b: Landorus|slp\n|move|p2b: Lunala|Moongeist Beam|p1b: Landorus\n|-damage|p1b: Landorus|15/100 slp\n|move|p2a: Smeargle|Spore|p1a: Zamazenta\n|-immune|p1a: Zamazenta\n|move|p1a: Zamazenta|Behemoth Bash|p2b: Lunala\n|-damage|p2b: Lunala|0 fnt\n|faint|p2b: Lunala\n|\n|upkeep\n|\n|t:|1773107429\n|switch|p2b: Torkoal|Torkoal, L50, F|100/100\n|-weather|SunnyDay|[from] ability: Drought|[of] p2b: Torkoal\n|turn|4\n|\n|t:|1773107438\n|switch|p2a: Calyrex|Calyrex-Ice, L50|100/100\n|-ability|p2a: Calyrex|As One\n|-ability|p2a: Calyrex|Unnerve\n|move|p1a: Zamazenta|Protect|p1a: Zamazenta\n|-singleturn|p1a: Zamazenta|Protect\n|move|p2b: Torkoal|Weather Ball|p1a: Zamazenta\n|-activate|p1a: Zamazenta|move: Protect\n|-curestatus|p1b: Landorus|slp|[msg]\n|move|p1b: Landorus|Sandsear Storm|p2b: Torkoal|[spread] p2a,p2b\n|-supereffective|p2b: Torkoal\n|-damage|p2a: Calyrex|58/100\n|-damage|p2b: Torkoal|0 fnt\n|faint|p2b: Torkoal\n|\n|-weather|SunnyDay|[upkeep]\n|upkeep\n|\n|t:|1773107457\n|switch|p2b: Smeargle|Smeargle, L50, M|1/100\n|turn|5\n|\n|t:|1773107482\n|move|p1b: Landorus|Protect|p1b: Landorus\n|-singleturn|p1b: Landorus|Protect\n|move|p1a: Zamazenta|Wide Guard|p1a: Zamazenta\n|-singleturn|p1a: Zamazenta|Wide Guard\n|move|p2b: Smeargle|Follow Me|p2b: Smeargle\n|-singleturn|p2b: Smeargle|move: Follow Me\n|move|p2a: Calyrex|Glacial Lance|p1b: Landorus|[spread] \n|-activate|p1a: Zamazenta|move: Wide Guard\n|-activate|p1b: Landorus|move: Wide Guard\n|\n|-weather|SunnyDay|[upkeep]\n|-fieldend|move: Trick Room\n|upkeep\n|turn|6\n|-message|Tritonfrostbane forfeited.\n|\n|win|ludicolouvgc\n|raw|ludicolouvgc's rating: 1344 &rarr; <strong>1363</strong><br />(+19 for winning)\n|raw|Tritonfrostbane's rating: 1332 &rarr; <strong>1313</strong><br />(-19 for losing)\n|l|\u2606Tritonfrostbane\n|player|p2|\n|l|\u2606ludicolouvgc\n|player|p1|\n","uploadtime":1773107667,"views":15,"formatid":"gen9vgc2026regi","rating":1313,"private":0,"password":null}