{"id":"gen9vgc2026regi-2570090726","format":"[Gen 9] VGC 2026 Reg I","players":["Unchideryoo","BenniOVYalt"],"log":"|j|\u2606Unchideryoo\n|j|\u2606BenniOVYalt\n|t:|1774768551\n|gametype|doubles\n|player|p1|Unchideryoo|1|1204\n|player|p2|BenniOVYalt|psychic-gen4|1361\n|gen|9\n|tier|[Gen 9] VGC 2026 Reg I\n|rated|\n|rule|Species Clause: Limit one of each Pok\u00e9mon\n|rule|Item Clause: Limit 1 of each item\n|clearpoke\n|poke|p1|Miraidon, L50|\n|poke|p1|Calyrex-Shadow, L50|\n|poke|p1|Smeargle, L50, F|\n|poke|p1|Muk-Alola, L50, F|\n|poke|p1|Flamigo, L50, F|\n|poke|p1|Volcarona, L50, M|\n|poke|p2|Koraidon, L50|\n|poke|p2|Calyrex-Shadow, L50|\n|poke|p2|Flutter Mane, L50|\n|poke|p2|Incineroar, L50, M|\n|poke|p2|Brute Bonnet, L50|\n|poke|p2|Ogerpon-Cornerstone, L50, F|\n|teampreview|4\n|\n|t:|1774768578\n|teamsize|p1|4\n|teamsize|p2|4\n|start\n|switch|p1a: Smeargle|Smeargle, L50, F|100/100\n|switch|p1b: Muk|Muk-Alola, L50, F|100/100\n|switch|p2a: Incineroar|Incineroar, L50, M|100/100\n|switch|p2b: Brute Bonnet|Brute Bonnet, L50, shiny|100/100\n|-ability|p2a: Incineroar|Intimidate|boost\n|-unboost|p1a: Smeargle|atk|1\n|-unboost|p1b: Muk|atk|1\n|turn|1\n|\n|t:|1774768609\n|move|p2a: Incineroar|Fake Out|p1b: Muk\n|-damage|p1b: Muk|90/100\n|move|p1a: Smeargle|Spore|p2a: Incineroar\n|-status|p2a: Incineroar|slp|[from] move: Spore\n|move|p2b: Brute Bonnet|Spore|p1a: Smeargle\n|-status|p1a: Smeargle|slp|[from] move: Spore\n|cant|p1b: Muk|flinch\n|\n|-heal|p1b: Muk|97/100|[from] item: Leftovers\n|-ability|p1a: Smeargle|Moody|boost\n|-boost|p1a: Smeargle|atk|2\n|-unboost|p1a: Smeargle|spa|1\n|upkeep\n|turn|2\n|\n|t:|1774768640\n|switch|p2a: Koraidon|Koraidon, L50|100/100\n|-weather|SunnyDay|[from] ability: Orichalcum Pulse|[of] p2a: Koraidon\n|-activate|p2b: Brute Bonnet|ability: Protosynthesis\n|-start|p2b: Brute Bonnet|protosynthesisdef\n|-activate|p2a: Koraidon|Orichalcum Pulse|[source]\n|cant|p1a: Smeargle|slp\n|move|p2b: Brute Bonnet|Spore|p1b: Muk\n|-status|p1b: Muk|slp|[from] move: Spore\n|cant|p1b: Muk|slp\n|\n|-weather|SunnyDay|[upkeep]\n|-heal|p1b: Muk|100/100 slp|[from] item: Leftovers\n|-ability|p1a: Smeargle|Moody|boost\n|-boost|p1a: Smeargle|atk|2\n|-unboost|p1a: Smeargle|spe|1\n|upkeep\n|turn|3\n|\n|t:|1774768666\n|-terastallize|p2a: Koraidon|Fire\n|move|p2a: Koraidon|Flare Blitz|p1b: Muk\n|-crit|p1b: Muk\n|-damage|p1b: Muk|0 fnt\n|faint|p1b: Muk\n|-damage|p2a: Koraidon|61/100|[from] Recoil\n|-damage|p2a: Koraidon|51/100|[from] item: Life Orb\n|move|p2b: Brute Bonnet|Seed Bomb|p1a: Smeargle\n|-crit|p1a: Smeargle\n|-damage|p1a: Smeargle|20/100 slp\n|cant|p1a: Smeargle|slp\n|\n|-weather|SunnyDay|[upkeep]\n|-ability|p1a: Smeargle|Moody|boost\n|-boost|p1a: Smeargle|spd|2\n|-unboost|p1a: Smeargle|atk|1\n|upkeep\n|\n|t:|1774768690\n|switch|p1b: Calyrex|Calyrex-Shadow, L50|100/100\n|-ability|p1b: Calyrex|As One\n|-ability|p1b: Calyrex|Unnerve\n|turn|4\n|\n|t:|1774768709\n|move|p1b: Calyrex|Protect|p1b: Calyrex\n|-singleturn|p1b: Calyrex|Protect\n|move|p2a: Koraidon|Protect|p2a: Koraidon\n|-singleturn|p2a: Koraidon|Protect\n|move|p2b: Brute Bonnet|Spore|p1b: Calyrex\n|-activate|p1b: Calyrex|move: Protect\n|-curestatus|p1a: Smeargle|slp|[msg]\n|move|p1a: Smeargle|Spore|p2a: Koraidon\n|-activate|p2a: Koraidon|move: Protect\n|\n|-weather|SunnyDay|[upkeep]\n|-ability|p1a: Smeargle|Moody|boost\n|-boost|p1a: Smeargle|spd|2\n|-unboost|p1a: Smeargle|spa|1\n|upkeep\n|turn|5\n|\n|t:|1774768731\n|switch|p2a: Incineroar|Incineroar, L50, M|100/100 slp\n|-ability|p2a: Incineroar|Intimidate|boost\n|-unboost|p1a: Smeargle|atk|1\n|-unboost|p1b: Calyrex|atk|1\n|move|p1a: Smeargle|Follow Me|p1a: Smeargle\n|-singleturn|p1a: Smeargle|move: Follow Me\n|move|p1b: Calyrex|Astral Barrage|p2a: Incineroar|[spread] p2a,p2b\n|-resisted|p2a: Incineroar\n|-resisted|p2b: Brute Bonnet\n|-damage|p2a: Incineroar|85/100 slp\n|-damage|p2b: Brute Bonnet|78/100\n|move|p2b: Brute Bonnet|Spore|p1a: Smeargle\n|-status|p1a: Smeargle|slp|[from] move: Spore\n|\n|-weather|SunnyDay|[upkeep]\n|-ability|p1a: Smeargle|Moody|boost\n|-boost|p1a: Smeargle|spe|2\n|-unboost|p1a: Smeargle|atk|1\n|upkeep\n|turn|6\n|\n|t:|1774768762\n|move|p1b: Calyrex|Protect|p1b: Calyrex\n|-singleturn|p1b: Calyrex|Protect\n|cant|p1a: Smeargle|slp\n|cant|p2a: Incineroar|slp\n|move|p2b: Brute Bonnet|Spore|p1b: Calyrex\n|-activate|p1b: Calyrex|move: Protect\n|\n|-weather|none\n|-end|p2b: Brute Bonnet|Protosynthesis\n|-ability|p1a: Smeargle|Moody|boost\n|-boost|p1a: Smeargle|spd|2\n|-unboost|p1a: Smeargle|spa|1\n|upkeep\n|turn|7\n|c|\u2606BenniOVYalt|Shame on you\n|c|\u2606BenniOVYalt|dirty muk smeargle playet\n|\n|t:|1774768794\n|-terastallize|p1b: Calyrex|Fairy\n|cant|p1a: Smeargle|slp\n|move|p1b: Calyrex|Draining Kiss|p2b: Brute Bonnet\n|-supereffective|p2b: Brute Bonnet\n|-damage|p2b: Brute Bonnet|22/100\n|cant|p2a: Incineroar|slp\n|move|p2b: Brute Bonnet|Spore|p1b: Calyrex\n|-status|p1b: Calyrex|slp|[from] move: Spore\n|\n|-ability|p1a: Smeargle|Moody|boost\n|-boost|p1a: Smeargle|spe|2\n|-unboost|p1a: Smeargle|def|1\n|upkeep\n|turn|8\n|\n|t:|1774768816\n|-curestatus|p1a: Smeargle|slp|[msg]\n|move|p1a: Smeargle|Salt Cure|p2a: Incineroar\n|-supereffective|p2a: Incineroar\n|-damage|p2a: Incineroar|78/100 slp\n|-start|p2a: Incineroar|Salt Cure\n|cant|p1b: Calyrex|slp\n|cant|p2a: Incineroar|slp\n|move|p2b: Brute Bonnet|Seed Bomb|p1b: Calyrex\n|-damage|p1b: Calyrex|64/100 slp\n|\n|-damage|p2a: Incineroar|65/100 slp|[from] Salt Cure\n|-ability|p1a: Smeargle|Moody|boost\n|-boost|p1a: Smeargle|atk|2\n|-unboost|p1a: Smeargle|spe|1\n|upkeep\n|turn|9\n|\n|t:|1774768851\n|move|p1a: Smeargle|Salt Cure|p2a: Incineroar\n|-supereffective|p2a: Incineroar\n|-damage|p2a: Incineroar|52/100 slp\n|cant|p1b: Calyrex|slp\n|-curestatus|p2a: Incineroar|slp|[msg]\n|move|p2a: Incineroar|Flare Blitz|p1a: Smeargle\n|-crit|p1a: Smeargle\n|-damage|p1a: Smeargle|0 fnt\n|faint|p1a: Smeargle\n|-damage|p2a: Incineroar|48/100|[from] Recoil\n|move|p2b: Brute Bonnet|Seed Bomb|p1b: Calyrex\n|-damage|p1b: Calyrex|28/100 slp\n|\n|-damage|p2a: Incineroar|35/100|[from] Salt Cure\n|upkeep\n|\n|t:|1774768865\n|switch|p1a: Flamigo|Flamigo, L50, F|100/100\n|-copyboost|p1a: Flamigo|p1b: Calyrex|[from] ability: Costar\n|-enditem|p1a: Flamigo|White Herb\n|-clearnegativeboost|p1a: Flamigo|[silent]\n|turn|10\n|\n|t:|1774768890\n|move|p2b: Brute Bonnet|Sucker Punch|p1b: Calyrex\n|-resisted|p1b: Calyrex\n|-damage|p1b: Calyrex|14/100 slp\n|cant|p1b: Calyrex|slp\n|move|p1a: Flamigo|Acrobatics|p2a: Incineroar\n|-damage|p2a: Incineroar|0 fnt\n|faint|p2a: Incineroar\n|\n|upkeep\n|\n|t:|1774768896\n|switch|p2a: Calyrex|Calyrex-Shadow, L50|100/100\n|-ability|p2a: Calyrex|As One\n|-ability|p2a: Calyrex|Unnerve\n|turn|11\n|\n|t:|1774768921\n|move|p1a: Flamigo|Wide Guard|p1a: Flamigo\n|-singleturn|p1a: Flamigo|Wide Guard\n|move|p2b: Brute Bonnet|Sucker Punch|p1b: Calyrex\n|-resisted|p1b: Calyrex\n|-damage|p1b: Calyrex|0 fnt\n|faint|p1b: Calyrex\n|move|p2a: Calyrex|Psychic|p1a: Flamigo\n|-supereffective|p1a: Flamigo\n|-damage|p1a: Flamigo|0 fnt\n|faint|p1a: Flamigo\n|\n|win|BenniOVYalt\n|raw|Unchideryoo's rating: 1204 &rarr; <strong>1190</strong><br />(-14 for losing)\n|raw|BenniOVYalt's rating: 1361 &rarr; <strong>1373</strong><br />(+12 for winning)\n|c|\u2606BenniOVYalt|Ggs\n|l|\u2606Unchideryoo\n|player|p1|\n|l|\u2606BenniOVYalt\n|player|p2|\n","uploadtime":1774769060,"views":10,"formatid":"gen9vgc2026regi","rating":1190,"private":0,"password":null}