{"id":"gen9vgc2026regi-2573815679","format":"[Gen 9] VGC 2026 Reg I","players":["dragoonlong","photon sheister"],"log":"|j|\u2606dragoonlong\n|j|\u2606photon sheister\n|t:|1775167582\n|gametype|doubles\n|player|p1|dragoonlong|266|1448\n|player|p2|photon sheister|barry|1466\n|gen|9\n|tier|[Gen 9] VGC 2026 Reg I\n|rated|\n|rule|Species Clause: Limit one of each Pok\u00e9mon\n|rule|Item Clause: Limit 1 of each item\n|clearpoke\n|poke|p1|Muk-Alola, L50, F|\n|poke|p1|Smeargle, L50, F|\n|poke|p1|Calyrex-Shadow, L50|\n|poke|p1|Rayquaza, L50|\n|poke|p1|Flamigo, L50, F|\n|poke|p1|Rillaboom, L50, F|\n|poke|p2|Miraidon, L50|\n|poke|p2|Lunala, L50|\n|poke|p2|Sylveon, L50, M|\n|poke|p2|Incineroar, L50, F|\n|poke|p2|Whimsicott, L50, F|\n|poke|p2|Urshifu-*, L50, F|\n|teampreview|4\n|inactive|Battle timer is ON: inactive players will automatically lose when time's up. (requested by dragoonlong)\n|inactive|dragoonlong has 60 seconds left.\n|inactive|photon sheister has 60 seconds left.\n|j| darkmaikshark\n|\n|t:|1775167624\n|teamsize|p1|4\n|teamsize|p2|4\n|start\n|switch|p1a: Muk|Muk-Alola, L50, F|100/100\n|switch|p1b: Smeargle|Smeargle, L50, F|100/100\n|switch|p2a: Miraidon|Miraidon, L50, shiny|100/100\n|switch|p2b: Sylveon|Sylveon, L50, M, shiny|100/100\n|-fieldstart|move: Electric Terrain|[from] ability: Hadron Engine|[of] p2a: Miraidon\n|turn|1\n|inactive|dragoonlong has 30 seconds left.\n|\n|t:|1775167650\n|move|p1b: Smeargle|Fake Out|p2a: Miraidon\n|-damage|p2a: Miraidon|96/100\n|cant|p2a: Miraidon|flinch\n|move|p2b: Sylveon|Hyper Voice|p1a: Muk|[spread] p1a,p1b\n|-damage|p1a: Muk|66/100\n|-enditem|p1b: Smeargle|Focus Sash\n|-damage|p1b: Smeargle|1/100\n|move|p1a: Muk|Minimize|p1a: Muk\n|-boost|p1a: Muk|evasion|2\n|\n|-heal|p1a: Muk|72/100|[from] item: Leftovers\n|-ability|p1b: Smeargle|Moody|boost\n|-boost|p1b: Smeargle|atk|2\n|-unboost|p1b: Smeargle|spa|1\n|upkeep\n|turn|2\n|inactive|dragoonlong has 30 seconds left.\n|\n|t:|1775167678\n|move|p2a: Miraidon|Volt Switch|p1b: Smeargle\n|-damage|p1b: Smeargle|0 fnt\n|faint|p1b: Smeargle\n|-ability|p1a: Muk|Moody|Power of Alchemy|[from] ability: Power of Alchemy|[of] p1b: Smeargle\n|\n|t:|1775167683\n|switch|p2a: Lunala|Lunala, L50|100/100|[from] Volt Switch\n|-enditem|p2a: Lunala|Electric Seed\n|-boost|p2a: Lunala|def|1|[from] item: Electric Seed\n|move|p1a: Muk|Minimize|p1a: Muk\n|-boost|p1a: Muk|evasion|2\n|move|p2b: Sylveon|Roar|p1a: Muk\n|drag|p1a: \u7329|Rillaboom, L50, F|100/100\n|-fieldstart|move: Grassy Terrain|[from] ability: Grassy Surge|[of] p1a: \u7329\n|\n|upkeep\n|\n|t:|1775167702\n|switch|p1b: Muk|Muk-Alola, L50, F|72/100\n|turn|3\n|\n|t:|1775167712\n|switch|p2b: Incineroar|Incineroar, L50, F|100/100\n|-ability|p2b: Incineroar|Intimidate|boost\n|-unboost|p1a: \u7329|atk|1\n|-unboost|p1b: Muk|atk|1\n|-terastallize|p2a: Lunala|Fairy\n|move|p1a: \u7329|Fake Out|p2b: Incineroar\n|-damage|p2b: Incineroar|95/100\n|move|p2a: Lunala|Moonblast|p1b: Muk\n|-damage|p1b: Muk|30/100\n|move|p1b: Muk|Poison Gas|p2b: Incineroar|[spread] p2a,p2b\n|-status|p2a: Lunala|psn\n|-status|p2b: Incineroar|psn\n|\n|-heal|p2b: Incineroar|100/100 psn|[from] Grassy Terrain\n|-heal|p1b: Muk|36/100|[from] Grassy Terrain\n|-heal|p1b: Muk|42/100|[from] item: Leftovers\n|-damage|p2a: Lunala|88/100 psn|[from] psn\n|-damage|p2b: Incineroar|88/100 psn|[from] psn\n|upkeep\n|turn|4\n|\n|t:|1775167724\n|move|p1b: Muk|Protect|p1b: Muk\n|-singleturn|p1b: Muk|Protect\n|move|p2a: Lunala|Moongeist Beam|p1a: \u7329\n|-damage|p1a: \u7329|65/100\n|move|p1a: \u7329|U-turn|p2a: Lunala\n|-resisted|p2a: Lunala\n|-damage|p2a: Lunala|85/100 psn\n|inactive|dragoonlong has 30 seconds left.\n|\n|t:|1775167753\n|switch|p1a: \u6709\u8010\u4e45|Calyrex-Shadow, L50|100/100|[from] U-turn\n|-ability|p1a: \u6709\u8010\u4e45|As One\n|-ability|p1a: \u6709\u8010\u4e45|Unnerve\n|move|p2b: Incineroar|U-turn|p1a: \u6709\u8010\u4e45\n|-damage|p1a: \u6709\u8010\u4e45|78/100\n|\n|t:|1775167756\n|switch|p2b: Miraidon|Miraidon, L50, shiny|96/100|[from] U-turn\n|-fieldstart|move: Electric Terrain|[from] ability: Hadron Engine|[of] p2b: Miraidon\n|\n|-heal|p1b: Muk|48/100|[from] item: Leftovers\n|-damage|p2a: Lunala|73/100 psn|[from] psn\n|upkeep\n|turn|5\n|\n|t:|1775167766\n|switch|p1b: \u7329|Rillaboom, L50, F|65/100\n|-fieldstart|move: Grassy Terrain|[from] ability: Grassy Surge|[of] p1b: \u7329\n|move|p1a: \u6709\u8010\u4e45|Astral Barrage|p2b: Miraidon|[spread] p2a,p2b\n|-damage|p2a: Lunala|25/100 psn\n|-damage|p2b: Miraidon|31/100\n|move|p2b: Miraidon|Volt Switch|p1b: \u7329\n|-resisted|p1b: \u7329\n|-damage|p1b: \u7329|44/100\n|\n|t:|1775167770\n|switch|p2b: Incineroar|Incineroar, L50, F|88/100 psn|[from] Volt Switch\n|-ability|p2b: Incineroar|Intimidate|boost\n|-unboost|p1a: \u6709\u8010\u4e45|atk|1\n|-unboost|p1b: \u7329|atk|1\n|move|p2a: Lunala|Moonblast|p1a: \u6709\u8010\u4e45\n|-damage|p1a: \u6709\u8010\u4e45|22/100\n|-unboost|p1a: \u6709\u8010\u4e45|spa|1\n|\n|-heal|p1a: \u6709\u8010\u4e45|28/100|[from] Grassy Terrain\n|-heal|p2a: Lunala|32/100 psn|[from] Grassy Terrain\n|-heal|p1b: \u7329|50/100|[from] Grassy Terrain\n|-heal|p2b: Incineroar|94/100 psn|[from] Grassy Terrain\n|-damage|p2a: Lunala|19/100 psn|[from] psn\n|-damage|p2b: Incineroar|82/100 psn|[from] psn\n|upkeep\n|turn|6\n|\n|t:|1775167784\n|move|p2a: Lunala|Wide Guard|p2a: Lunala\n|-singleturn|p2a: Lunala|Wide Guard\n|move|p1a: \u6709\u8010\u4e45|Astral Barrage|p2b: Incineroar|[spread] \n|-activate|p2a: Lunala|move: Wide Guard\n|-activate|p2b: Incineroar|move: Wide Guard\n|move|p1b: \u7329|U-turn|p2b: Incineroar\n|-damage|p2b: Incineroar|71/100 psn\n|\n|t:|1775167789\n|switch|p1b: Muk|Muk-Alola, L50, F|48/100|[from] U-turn\n|move|p2b: Incineroar|Flare Blitz|p1b: Muk\n|-damage|p1b: Muk|16/100\n|-damage|p2b: Incineroar|59/100 psn|[from] Recoil\n|\n|-heal|p1a: \u6709\u8010\u4e45|34/100|[from] Grassy Terrain\n|-heal|p2a: Lunala|25/100 psn|[from] Grassy Terrain\n|-heal|p2b: Incineroar|65/100 psn|[from] Grassy Terrain\n|-heal|p1b: Muk|22/100|[from] Grassy Terrain\n|-heal|p1b: Muk|28/100|[from] item: Leftovers\n|-damage|p2a: Lunala|13/100 psn|[from] psn\n|-damage|p2b: Incineroar|53/100 psn|[from] psn\n|upkeep\n|turn|7\n|\n|t:|1775167797\n|switch|p1a: \u7329|Rillaboom, L50, F|50/100\n|move|p2a: Lunala|Wide Guard|p2a: Lunala\n|-singleturn|p2a: Lunala|Wide Guard\n|move|p2b: Incineroar|Flare Blitz|p1a: \u7329\n|-supereffective|p1a: \u7329\n|-damage|p1a: \u7329|0 fnt\n|faint|p1a: \u7329\n|-ability|p1b: Muk|Grassy Surge|Power of Alchemy|[from] ability: Power of Alchemy|[of] p1a: \u7329\n|-damage|p2b: Incineroar|36/100 psn|[from] Recoil\n|move|p1b: Muk|Poison Gas|p2a: Lunala|[spread] \n|-activate|p2a: Lunala|move: Wide Guard\n|-activate|p2b: Incineroar|move: Wide Guard\n|\n|-heal|p2a: Lunala|19/100 psn|[from] Grassy Terrain\n|-heal|p2b: Incineroar|42/100 psn|[from] Grassy Terrain\n|-heal|p1b: Muk|34/100|[from] Grassy Terrain\n|-heal|p1b: Muk|40/100|[from] item: Leftovers\n|-damage|p2a: Lunala|7/100 psn|[from] psn\n|-damage|p2b: Incineroar|29/100 psn|[from] psn\n|upkeep\n|\n|t:|1775167804\n|switch|p1a: \u6709\u8010\u4e45|Calyrex-Shadow, L50|34/100\n|-ability|p1a: \u6709\u8010\u4e45|As One\n|-ability|p1a: \u6709\u8010\u4e45|Unnerve\n|turn|8\n|\n|t:|1775167810\n|move|p1a: \u6709\u8010\u4e45|Protect|p1a: \u6709\u8010\u4e45\n|-singleturn|p1a: \u6709\u8010\u4e45|Protect\n|move|p2a: Lunala|Wide Guard|p2a: Lunala\n|-singleturn|p2a: Lunala|Wide Guard\n|move|p2b: Incineroar|Flare Blitz|p1a: \u6709\u8010\u4e45\n|-activate|p1a: \u6709\u8010\u4e45|move: Protect\n|move|p1b: Muk|Knock Off|p2b: Incineroar\n|-resisted|p2b: Incineroar\n|-damage|p2b: Incineroar|16/100 psn\n|-enditem|p2b: Incineroar|Assault Vest|[from] move: Knock Off|[of] p1b: Muk\n|\n|-heal|p1a: \u6709\u8010\u4e45|39/100|[from] Grassy Terrain\n|-heal|p2a: Lunala|13/100 psn|[from] Grassy Terrain\n|-heal|p2b: Incineroar|22/100 psn|[from] Grassy Terrain\n|-heal|p1b: Muk|46/100|[from] Grassy Terrain\n|-heal|p1b: Muk|52/100|[from] item: Leftovers\n|-damage|p2a: Lunala|1/100 psn|[from] psn\n|-damage|p2b: Incineroar|9/100 psn|[from] psn\n|upkeep\n|turn|9\n|\n|t:|1775167831\n|move|p2a: Lunala|Wide Guard|p2a: Lunala\n|-singleturn|p2a: Lunala|Wide Guard\n|move|p1a: \u6709\u8010\u4e45|Psychic|p2b: Incineroar\n|-immune|p2b: Incineroar\n|move|p2b: Incineroar|Flare Blitz|p1b: Muk\n|-damage|p1b: Muk|18/100\n|-damage|p2b: Incineroar|0 fnt|[from] Recoil\n|faint|p2b: Incineroar\n|move|p1b: Muk|Minimize|p1b: Muk\n|-boost|p1b: Muk|evasion|2\n|\n|-heal|p1a: \u6709\u8010\u4e45|45/100|[from] Grassy Terrain\n|-heal|p2a: Lunala|7/100 psn|[from] Grassy Terrain\n|-heal|p1b: Muk|24/100|[from] Grassy Terrain\n|-heal|p1b: Muk|30/100|[from] item: Leftovers\n|-damage|p2a: Lunala|0 fnt|[from] psn\n|faint|p2a: Lunala\n|-fieldend|move: Grassy Terrain\n|upkeep\n|\n|t:|1775167837\n|switch|p2a: Sylveon|Sylveon, L50, M, shiny|100/100\n|switch|p2b: Miraidon|Miraidon, L50, shiny|31/100\n|-fieldstart|move: Electric Terrain|[from] ability: Hadron Engine|[of] p2b: Miraidon\n|turn|10\n|\n|t:|1775167846\n|move|p1a: \u6709\u8010\u4e45|Protect|p1a: \u6709\u8010\u4e45\n|-singleturn|p1a: \u6709\u8010\u4e45|Protect\n|move|p2b: Miraidon|Electro Drift|p1b: Muk\n|-damage|p1b: Muk|0 fnt\n|faint|p1b: Muk\n|move|p2a: Sylveon|Hyper Voice|p1a: \u6709\u8010\u4e45\n|-activate|p1a: \u6709\u8010\u4e45|move: Protect\n|\n|upkeep\n|turn|11\n|\n|t:|1775167855\n|move|p1a: \u6709\u8010\u4e45|Astral Barrage|p2b: Miraidon|[spread] p2a,p2b\n|-damage|p2a: Sylveon|59/100\n|-damage|p2b: Miraidon|0 fnt\n|faint|p2b: Miraidon\n|-ability|p1a: \u6709\u8010\u4e45|Grim Neigh|boost\n|-boost|p1a: \u6709\u8010\u4e45|spa|1\n|move|p2a: Sylveon|Hyper Voice|p1a: \u6709\u8010\u4e45\n|-damage|p1a: \u6709\u8010\u4e45|0 fnt\n|faint|p1a: \u6709\u8010\u4e45\n|\n|win|photon sheister\n|raw|dragoonlong's rating: 1448 &rarr; <strong>1429</strong><br />(-19 for losing)\n|raw|photon sheister's rating: 1466 &rarr; <strong>1485</strong><br />(+19 for winning)\n|l|\u2606dragoonlong\n|player|p1|\n|l|\u2606photon sheister\n|player|p2|\n","uploadtime":1775168081,"views":14,"formatid":"gen9vgc2026regi","rating":1429,"private":0,"password":null}