{"id":"gen9vgc2026regi-2534685728","format":"[Gen 9] VGC 2026 Reg I","players":["yamato-tak","xiaoxiaoxin121"],"log":"|j|\u2606yamato-tak\n|j|\u2606xiaoxiaoxin121\n|t:|1770461247\n|gametype|doubles\n|player|p1|yamato-tak|1|1448\n|player|p2|xiaoxiaoxin121|dawn-masters3|1284\n|gen|9\n|tier|[Gen 9] VGC 2026 Reg I\n|rated|\n|rule|Species Clause: Limit one of each Pok\u00e9mon\n|rule|Item Clause: Limit 1 of each item\n|clearpoke\n|poke|p1|Miraidon, L50|\n|poke|p1|Calyrex-Ice, L50|\n|poke|p1|Volcarona, L50, M|\n|poke|p1|Araquanid, L50, M|\n|poke|p1|Grimmsnarl, L50, M|\n|poke|p1|Rillaboom, L50, F|\n|poke|p2|Koraidon, L50|\n|poke|p2|Thundurus, L50, M|\n|poke|p2|Chi-Yu, L50|\n|poke|p2|Ho-Oh, L50|\n|poke|p2|Rillaboom, L50, F|\n|poke|p2|Incineroar, L50, M|\n|teampreview|4\n|inactive|Battle timer is ON: inactive players will automatically lose when time's up. (requested by yamato-tak)\n|inactive|xiaoxiaoxin121 also wants the timer to be on.\n|\n|t:|1770461276\n|teamsize|p1|4\n|teamsize|p2|4\n|start\n|switch|p1a: Grimmsnarl|Grimmsnarl, L50, M, shiny|100/100\n|switch|p1b: Calyrex|Calyrex-Ice, L50|100/100\n|switch|p2a: Chi-Yu|Chi-Yu, L50|100/100\n|switch|p2b: Koraidon|Koraidon, L50|100/100\n|-ability|p1b: Calyrex|As One\n|-ability|p1b: Calyrex|Unnerve\n|-weather|SunnyDay|[from] ability: Orichalcum Pulse|[of] p2b: Koraidon\n|-activate|p2b: Koraidon|Orichalcum Pulse|[source]\n|-ability|p2a: Chi-Yu|Beads of Ruin\n|turn|1\n|inactive|xiaoxiaoxin121 has 30 seconds left.\n|inactive|xiaoxiaoxin121 has 20 seconds left.\n|\n|t:|1770461313\n|move|p1b: Calyrex|Protect|p1b: Calyrex\n|-singleturn|p1b: Calyrex|Protect\n|move|p1a: Grimmsnarl|Light Screen|p1a: Grimmsnarl\n|-sidestart|p1: yamato-tak|move: Light Screen\n|move|p2b: Koraidon|Iron Head|p1a: Grimmsnarl\n|-supereffective|p1a: Grimmsnarl\n|-damage|p1a: Grimmsnarl|32/100\n|move|p2a: Chi-Yu|Overheat|p1b: Calyrex\n|-activate|p1b: Calyrex|move: Protect\n|\n|-weather|SunnyDay|[upkeep]\n|upkeep\n|turn|2\n|\n|t:|1770461333\n|switch|p2b: Rillaboom|Rillaboom, L50, F, shiny|100/100\n|-fieldstart|move: Grassy Terrain|[from] ability: Grassy Surge|[of] p2b: Rillaboom\n|switch|p1b: Araquanid|Araquanid, L50, M, shiny|100/100\n|move|p1a: Grimmsnarl|Reflect|p1a: Grimmsnarl\n|-sidestart|p1: yamato-tak|Reflect\n|move|p2a: Chi-Yu|Overheat|p1b: Araquanid|[miss]\n|-miss|p2a: Chi-Yu|p1b: Araquanid\n|\n|-weather|SunnyDay|[upkeep]\n|-heal|p1a: Grimmsnarl|38/100|[from] Grassy Terrain\n|upkeep\n|turn|3\n|\n|t:|1770461357\n|move|p1b: Araquanid|Protect|p1b: Araquanid\n|-singleturn|p1b: Araquanid|Protect\n|move|p2b: Rillaboom|Fake Out|p1b: Araquanid\n|-activate|p1b: Araquanid|move: Protect\n|move|p1a: Grimmsnarl|Parting Shot|p2b: Rillaboom\n|-unboost|p2b: Rillaboom|atk|1\n|-unboost|p2b: Rillaboom|spa|1\n|\n|t:|1770461363\n|switch|p1a: Calyrex|Calyrex-Ice, L50|100/100|[from] Parting Shot\n|-ability|p1a: Calyrex|As One\n|-ability|p1a: Calyrex|Unnerve\n|move|p2a: Chi-Yu|Overheat|p1a: Calyrex\n|-supereffective|p1a: Calyrex\n|-damage|p1a: Calyrex|0 fnt\n|-unboost|p2a: Chi-Yu|spa|2\n|faint|p1a: Calyrex\n|\n|-weather|SunnyDay|[upkeep]\n|upkeep\n|\n|t:|1770461377\n|switch|p1a: Miraidon|Miraidon, L50, shiny|100/100\n|-fieldstart|move: Electric Terrain|[from] ability: Hadron Engine|[of] p1a: Miraidon\n|turn|4\n|\n|t:|1770461389\n|switch|p2a: Ho-Oh|Ho-Oh, L50, shiny|100/100\n|switch|p2b: Koraidon|Koraidon, L50|100/100\n|-activate|p2b: Koraidon|ability: Orichalcum Pulse\n|move|p1a: Miraidon|Calm Mind|p1a: Miraidon\n|-boost|p1a: Miraidon|spa|1\n|-boost|p1a: Miraidon|spd|1\n|move|p1b: Araquanid|Leech Life|p2b: Koraidon\n|-resisted|p2b: Koraidon\n|-damage|p2b: Koraidon|88/100\n|\n|-weather|SunnyDay|[upkeep]\n|upkeep\n|turn|5\n|inactive|xiaoxiaoxin121 has 30 seconds left.\n|inactive|xiaoxiaoxin121 has 20 seconds left.\n|\n|t:|1770461426\n|-terastallize|p2a: Ho-Oh|Grass\n|move|p1b: Araquanid|Protect|p1b: Araquanid\n|-singleturn|p1b: Araquanid|Protect\n|move|p2b: Koraidon|Close Combat|p1a: Miraidon\n|-damage|p1a: Miraidon|56/100\n|-unboost|p2b: Koraidon|def|1\n|-unboost|p2b: Koraidon|spd|1\n|move|p1a: Miraidon|Calm Mind|p1a: Miraidon\n|-boost|p1a: Miraidon|spa|1\n|-boost|p1a: Miraidon|spd|1\n|move|p2a: Ho-Oh|Brave Bird|p1b: Araquanid\n|-activate|p1b: Araquanid|move: Protect\n|\n|-weather|none\n|upkeep\n|turn|6\n|-message|xiaoxiaoxin121 forfeited.\n|\n|win|yamato-tak\n|raw|yamato-tak's rating: 1448 &rarr; <strong>1459</strong><br />(+11 for winning)\n|raw|xiaoxiaoxin121's rating: 1284 &rarr; <strong>1270</strong><br />(-14 for losing)\n|l|\u2606xiaoxiaoxin121\n|player|p2|\n|l|\u2606yamato-tak\n|player|p1|\n","uploadtime":1770461666,"views":11,"formatid":"gen9vgc2026regi","rating":1270,"private":0,"password":null}