{"id":"gen9vgc2026regi-2531404159","format":"[Gen 9] VGC 2026 Reg I","players":["Galact7adi","bahboh095"],"log":"|j|\u2606Galact7adi\n|j|\u2606bahboh095\n|t:|1770054310\n|gametype|doubles\n|player|p1|Galact7adi|101|1306\n|player|p2|bahboh095|twins-gen4dp|1347\n|gen|9\n|tier|[Gen 9] VGC 2026 Reg I\n|rated|\n|rule|Species Clause: Limit one of each Pok\u00e9mon\n|rule|Item Clause: Limit 1 of each item\n|clearpoke\n|poke|p1|Miraidon, L50|\n|poke|p1|Calyrex-Ice, L50|\n|poke|p1|Farigiraf, L50, F|\n|poke|p1|Whimsicott, L50, M|\n|poke|p1|Incineroar, L50, M|\n|poke|p1|Ursaluna-Bloodmoon, L50, M|\n|poke|p2|Calyrex-Ice, L50|\n|poke|p2|Dialga-Origin, L50|\n|poke|p2|Indeedee-F, L50, F|\n|poke|p2|Amoonguss, L50, M|\n|poke|p2|Incineroar, L50, M|\n|poke|p2|Ursaluna-Bloodmoon, L50, M|\n|teampreview|4\n|inactive|Battle timer is ON: inactive players will automatically lose when time's up. (requested by bahboh095)\n|inactive|Galact7adi also wants the timer to be on.\n|inactive|Galact7adi has 60 seconds left.\n|inactive|bahboh095 has 60 seconds left.\n|\n|t:|1770054357\n|teamsize|p1|4\n|teamsize|p2|4\n|start\n|switch|p1a: Miraidon|Miraidon, L50|100/100\n|switch|p1b: Farigiraf|Farigiraf, L50, F|100/100\n|switch|p2a: Dialga|Dialga-Origin, L50|100/100\n|switch|p2b: Indeedee|Indeedee-F, L50, F|100/100\n|-fieldstart|move: Electric Terrain|[from] ability: Hadron Engine|[of] p1a: Miraidon\n|-enditem|p1b: Farigiraf|Electric Seed\n|-boost|p1b: Farigiraf|def|1|[from] item: Electric Seed\n|-fieldstart|move: Psychic Terrain|[from] ability: Psychic Surge|[of] p2b: Indeedee\n|turn|1\n|inactive|bahboh095 has 30 seconds left.\n|\n|t:|1770054384\n|move|p1b: Farigiraf|Helping Hand|p1a: Miraidon\n|-singleturn|p1a: Miraidon|Helping Hand|[of] p1b: Farigiraf\n|move|p1a: Miraidon|Volt Switch|p2b: Indeedee\n|-damage|p2b: Indeedee|6/100\n|\n|t:|1770054390\n|switch|p1a: Calyrex|Calyrex-Ice, L50|100/100|[from] Volt Switch\n|-ability|p1a: Calyrex|As One\n|-ability|p1a: Calyrex|Unnerve\n|move|p2a: Dialga|Dragon Pulse|p1a: Calyrex\n|-damage|p1a: Calyrex|62/100\n|move|p2b: Indeedee|Trick Room|p2b: Indeedee\n|-fieldstart|move: Trick Room|[of] p2b: Indeedee\n|\n|upkeep\n|turn|2\n|inactive|bahboh095 has 30 seconds left.\n|inactive|bahboh095 has 20 seconds left.\n|inactive|bahboh095 has 15 seconds left.\n|inactive|bahboh095 has 10 seconds left.\n|\n|t:|1770054438\n|switch|p2b: Calyrex|Calyrex-Ice, L50|100/100\n|-ability|p2b: Calyrex|As One\n|-ability|p2b: Calyrex|Unnerve\n|move|p1a: Calyrex|Protect|p1a: Calyrex\n|-singleturn|p1a: Calyrex|Protect\n|move|p1b: Farigiraf|Foul Play|p2b: Calyrex\n|-supereffective|p2b: Calyrex\n|-damage|p2b: Calyrex|48/100\n|move|p2a: Dialga|Flash Cannon|p1a: Calyrex\n|-activate|p1a: Calyrex|move: Protect\n|\n|upkeep\n|turn|3\n|inactive|bahboh095 has 30 seconds left.\n|\n|t:|1770054468\n|-terastallize|p2b: Calyrex|Water\n|-terastallize|p1a: Calyrex|Water\n|move|p2b: Calyrex|Glacial Lance|p1a: Calyrex|[spread] p1a,p1b\n|-resisted|p1a: Calyrex\n|-damage|p1a: Calyrex|44/100\n|-damage|p1b: Farigiraf|70/100\n|move|p1a: Calyrex|Leech Seed|p2a: Dialga\n|-start|p2a: Dialga|move: Leech Seed\n|move|p1b: Farigiraf|Foul Play|p2b: Calyrex\n|-damage|p2b: Calyrex|19/100\n|move|p2a: Dialga|Dragon Pulse|p1a: Calyrex\n|-damage|p1a: Calyrex|3/100\n|\n|-damage|p2a: Dialga|88/100|[from] Leech Seed|[of] p1a: Calyrex\n|-heal|p1a: Calyrex|15/100|[silent]\n|upkeep\n|turn|4\n|inactive|Galact7adi has 30 seconds left.\n|inactive|bahboh095 has 30 seconds left.\n|inactive|Galact7adi has 20 seconds left.\n|inactive|bahboh095 has 20 seconds left.\n|inactive|bahboh095 has 15 seconds left.\n|\n|t:|1770054510\n|move|p1a: Calyrex|Protect|p1a: Calyrex\n|-singleturn|p1a: Calyrex|Protect\n|move|p2b: Calyrex|Glacial Lance|p1a: Calyrex|[spread] p1b\n|-activate|p1a: Calyrex|move: Protect\n|-damage|p1b: Farigiraf|39/100\n|move|p1b: Farigiraf|Psychic|p2b: Calyrex\n|-damage|p2b: Calyrex|0 fnt\n|faint|p2b: Calyrex\n|move|p2a: Dialga|Dragon Pulse|p1a: Calyrex\n|-activate|p1a: Calyrex|move: Protect\n|\n|-damage|p2a: Dialga|76/100|[from] Leech Seed|[of] p1a: Calyrex\n|-heal|p1a: Calyrex|27/100|[silent]\n|upkeep\n|\n|t:|1770054520\n|switch|p2b: Ursaluna|Ursaluna-Bloodmoon, L50, M|100/100\n|turn|5\n|\n|t:|1770054543\n|move|p1b: Farigiraf|Helping Hand|p1a: Calyrex\n|-singleturn|p1a: Calyrex|Helping Hand|[of] p1b: Farigiraf\n|move|p1a: Calyrex|Glacial Lance|p2b: Ursaluna|[spread] p2a,p2b\n|-supereffective|p2b: Ursaluna\n|-damage|p2a: Dialga|16/100\n|-damage|p2b: Ursaluna|0 fnt\n|faint|p2b: Ursaluna\n|-ability|p1a: Calyrex|Chilling Neigh|boost\n|-boost|p1a: Calyrex|atk|1\n|move|p2a: Dialga|Dragon Pulse|p1a: Calyrex\n|-damage|p1a: Calyrex|0 fnt\n|faint|p1a: Calyrex\n|\n|-fieldend|move: Trick Room\n|-fieldend|move: Psychic Terrain\n|upkeep\n|\n|t:|1770054550\n|switch|p2b: Indeedee|Indeedee-F, L50, F|6/100\n|switch|p1a: Miraidon|Miraidon, L50|100/100\n|-fieldstart|move: Electric Terrain|[from] ability: Hadron Engine|[of] p1a: Miraidon\n|-fieldstart|move: Psychic Terrain|[from] ability: Psychic Surge|[of] p2b: Indeedee\n|turn|6\n|\n|t:|1770054563\n|move|p2b: Indeedee|Follow Me|p2b: Indeedee\n|-singleturn|p2b: Indeedee|move: Follow Me\n|move|p1a: Miraidon|Volt Switch|p2b: Indeedee\n|-damage|p2b: Indeedee|0 fnt\n|faint|p2b: Indeedee\n|\n|t:|1770054565\n|switch|p1a: Incineroar|Incineroar, L50, M|100/100|[from] Volt Switch\n|-ability|p1a: Incineroar|Intimidate|boost\n|-unboost|p2a: Dialga|atk|1\n|move|p2a: Dialga|Dragon Pulse|p1a: Incineroar\n|-damage|p1a: Incineroar|62/100\n|move|p1b: Farigiraf|Foul Play|p2a: Dialga\n|-damage|p2a: Dialga|7/100\n|\n|-damage|p2a: Dialga|0 fnt|[from] Leech Seed|[of] p1a: Incineroar\n|-heal|p1a: Incineroar|68/100|[silent]\n|faint|p2a: Dialga\n|\n|win|Galact7adi\n|raw|Galact7adi's rating: 1306 &rarr; <strong>1328</strong><br />(+22 for winning)\n|raw|bahboh095's rating: 1347 &rarr; <strong>1325</strong><br />(-22 for losing)\n|l|\u2606bahboh095\n|player|p2|\n|l|\u2606Galact7adi\n|player|p1|\n","uploadtime":1770054778,"views":13,"formatid":"gen9vgc2026regi","rating":1325,"private":0,"password":null}