{"id":"gen9vgc2026regi-2573465753","format":"[Gen 9] VGC 2026 Reg I","players":["Soliidd","ArisHazard"],"log":"|j|\u2606Soliidd\n|j|\u2606ArisHazard\n|t:|1775139145\n|gametype|doubles\n|player|p1|Soliidd|flannery|1417\n|player|p2|ArisHazard|266|1464\n|gen|9\n|tier|[Gen 9] VGC 2026 Reg I\n|rated|\n|rule|Species Clause: Limit one of each Pok\u00e9mon\n|rule|Item Clause: Limit 1 of each item\n|clearpoke\n|poke|p1|Calyrex-Shadow, L50|\n|poke|p1|Zamazenta-*, L50|\n|poke|p1|Chi-Yu, L50|\n|poke|p1|Indeedee-F, L50, F|\n|poke|p1|Ogerpon-Wellspring, L50, F|\n|poke|p1|Ursaluna, L50, F|\n|poke|p2|Calyrex-Ice, L50|\n|poke|p2|Hitmontop, L50, M|\n|poke|p2|Miraidon, L50|\n|poke|p2|Sableye, L50, M|\n|poke|p2|Ting-Lu, L50|\n|poke|p2|Volcarona, L50, M|\n|teampreview|4\nSoliidd has agreed to open team sheets.\n|inactive|Battle timer is ON: inactive players will automatically lose when time's up. (requested by ArisHazard)\n|\n|t:|1775139195\n|teamsize|p1|4\n|teamsize|p2|4\n|start\n|switch|p1a: Calyrex|Calyrex-Shadow, L50|100/100\n|switch|p1b: Chi-Yu|Chi-Yu, L50, shiny|100/100\n|switch|p2a: Miraidon|Miraidon, L50|100/100\n|switch|p2b: Volcarona|Volcarona, L50, M|100/100\n|-ability|p1a: Calyrex|As One\n|-ability|p1a: Calyrex|Unnerve\n|-ability|p1b: Chi-Yu|Beads of Ruin\n|-fieldstart|move: Electric Terrain|[from] ability: Hadron Engine|[of] p2a: Miraidon\n|turn|1\n|inactive|Soliidd has 30 seconds left.\n|inactive|Soliidd has 20 seconds left.\n|\n|t:|1775139233\n|switch|p2b: Ting-Lu|Ting-Lu, L50|100/100\n|-ability|p2b: Ting-Lu|Vessel of Ruin\n|-terastallize|p1a: Calyrex|Ghost\n|move|p1b: Chi-Yu|Snarl|p2b: Ting-Lu|[spread] p2a,p2b\n|-resisted|p2b: Ting-Lu\n|-damage|p2a: Miraidon|86/100\n|-damage|p2b: Ting-Lu|92/100\n|-unboost|p2a: Miraidon|spa|1\n|-unboost|p2b: Ting-Lu|spa|1\n|move|p1a: Calyrex|Astral Barrage|p2b: Ting-Lu|[spread] p2a,p2b\n|-resisted|p2b: Ting-Lu\n|-damage|p2a: Miraidon|41/100\n|-damage|p2b: Ting-Lu|66/100\n|move|p2a: Miraidon|Snarl|p1b: Chi-Yu|[spread] p1a,p1b\n|-supereffective|p1a: Calyrex\n|-resisted|p1b: Chi-Yu\n|-damage|p1a: Calyrex|69/100\n|-damage|p1b: Chi-Yu|94/100\n|-unboost|p1a: Calyrex|spa|1\n|-unboost|p1b: Chi-Yu|spa|1\n|\n|upkeep\n|turn|2\n|inactive|Soliidd has 30 seconds left.\n|\n|t:|1775139267\n|switch|p2a: Volcarona|Volcarona, L50, M|100/100\n|move|p1b: Chi-Yu|Snarl|p2b: Ting-Lu|[spread] p2a,p2b\n|-resisted|p2b: Ting-Lu\n|-damage|p2a: Volcarona|86/100\n|-damage|p2b: Ting-Lu|60/100\n|-unboost|p2a: Volcarona|spa|1\n|-unboost|p2b: Ting-Lu|spa|1\n|move|p1a: Calyrex|Astral Barrage|p2a: Volcarona|[spread] p2a,p2b\n|-resisted|p2b: Ting-Lu\n|-damage|p2a: Volcarona|42/100\n|-damage|p2b: Ting-Lu|43/100\n|move|p2b: Ting-Lu|Sand Tomb|p1a: Calyrex\n|-damage|p1a: Calyrex|52/100\n|-activate|p1a: Calyrex|move: Sand Tomb|[of] p2b: Ting-Lu\n|\n|-damage|p1a: Calyrex|39/100|[from] move: Sand Tomb|[partiallytrapped]\n|upkeep\n|turn|3\n|\n|t:|1775139289\n|move|p1b: Chi-Yu|Snarl|p2b: Ting-Lu|[spread] p2a,p2b\n|-resisted|p2b: Ting-Lu\n|-damage|p2a: Volcarona|28/100\n|-damage|p2b: Ting-Lu|38/100\n|-unboost|p2a: Volcarona|spa|1\n|-unboost|p2b: Ting-Lu|spa|1\n|move|p1a: Calyrex|Astral Barrage|p2b: Ting-Lu|[spread] p2a,p2b\n|-resisted|p2b: Ting-Lu\n|-damage|p2a: Volcarona|0 fnt\n|-damage|p2b: Ting-Lu|21/100\n|faint|p2a: Volcarona\n|-ability|p1a: Calyrex|Grim Neigh|boost\n|-boost|p1a: Calyrex|spa|1\n|move|p2b: Ting-Lu|Sand Tomb|p1b: Chi-Yu\n|-supereffective|p1b: Chi-Yu\n|-damage|p1b: Chi-Yu|49/100\n|-activate|p1b: Chi-Yu|move: Sand Tomb|[of] p2b: Ting-Lu\n|\n|-damage|p1b: Chi-Yu|36/100|[from] move: Sand Tomb|[partiallytrapped]\n|-damage|p1a: Calyrex|27/100|[from] move: Sand Tomb|[partiallytrapped]\n|upkeep\n|\n|t:|1775139307\n|switch|p2a: Calyrex|Calyrex-Ice, L50|100/100\n|-ability|p2a: Calyrex|As One\n|-ability|p2a: Calyrex|Unnerve\n|turn|4\n|\n|t:|1775139315\n|-terastallize|p2a: Calyrex|Fire\n|move|p2b: Ting-Lu|Protect|p2b: Ting-Lu\n|-singleturn|p2b: Ting-Lu|Protect\n|move|p1b: Chi-Yu|Snarl|p2b: Ting-Lu|[spread] p2a\n|-activate|p2b: Ting-Lu|move: Protect\n|-damage|p2a: Calyrex|89/100\n|move|p1a: Calyrex|Astral Barrage|p2b: Ting-Lu|[spread] p2a\n|-activate|p2b: Ting-Lu|move: Protect\n|-damage|p2a: Calyrex|37/100\n|move|p2a: Calyrex|Trick Room|p2a: Calyrex\n|-fieldstart|move: Trick Room|[of] p2a: Calyrex\n|\n|-damage|p1a: Calyrex|14/100|[from] move: Sand Tomb|[partiallytrapped]\n|-damage|p1b: Chi-Yu|24/100|[from] move: Sand Tomb|[partiallytrapped]\n|upkeep\n|turn|5\n|\n|t:|1775139338\n|move|p1a: Calyrex|Protect|p1a: Calyrex\n|-singleturn|p1a: Calyrex|Protect\n|move|p2a: Calyrex|Glacial Lance|p1a: Calyrex|[spread] p1b\n|-activate|p1a: Calyrex|move: Protect\n|-resisted|p1b: Chi-Yu\n|-damage|p1b: Chi-Yu|0 fnt\n|faint|p1b: Chi-Yu\n|-ability|p2a: Calyrex|Chilling Neigh|boost\n|-boost|p2a: Calyrex|atk|1\n|move|p2b: Ting-Lu|Stomping Tantrum|p1a: Calyrex\n|-activate|p1a: Calyrex|move: Protect\n|\n|-damage|p1a: Calyrex|2/100|[from] move: Sand Tomb|[partiallytrapped]\n|-fieldend|move: Electric Terrain\n|upkeep\n|\n|t:|1775139359\n|switch|p1b: Zamazenta|Zamazenta-Crowned, L50|100/100\n|-ability|p1b: Zamazenta|Dauntless Shield|boost\n|-boost|p1b: Zamazenta|def|1\n|turn|6\n|inactive|Soliidd has 30 seconds left.\n|\n|t:|1775139386\n|switch|p1a: Indeedee|Indeedee-F, L50, F|100/100\n|-fieldstart|move: Psychic Terrain|[from] ability: Psychic Surge|[of] p1a: Indeedee\n|move|p1b: Zamazenta|Protect|p1b: Zamazenta\n|-singleturn|p1b: Zamazenta|Protect\n|move|p2a: Calyrex|Stomping Tantrum|p1a: Indeedee\n|-damage|p1a: Indeedee|54/100\n|move|p2b: Ting-Lu|Ruination|p1b: Zamazenta\n|-activate|p1b: Zamazenta|move: Protect\n|\n|upkeep\n|turn|7\n|inactive|Soliidd has 30 seconds left.\n|inactive|Soliidd has 20 seconds left.\n|inactive|Soliidd has 15 seconds left.\n|inactive|Soliidd has 10 seconds left.\n|\n|t:|1775139433\n|move|p1a: Indeedee|Follow Me|p1a: Indeedee\n|-singleturn|p1a: Indeedee|move: Follow Me\n|move|p2a: Calyrex|Glacial Lance|p1b: Zamazenta|[spread] p1a,p1b\n|-resisted|p1b: Zamazenta\n|-damage|p1a: Indeedee|0 fnt\n|-damage|p1b: Zamazenta|83/100\n|faint|p1a: Indeedee\n|-ability|p2a: Calyrex|Chilling Neigh|boost\n|-boost|p2a: Calyrex|atk|1\n|move|p2b: Ting-Lu|Ruination|p1b: Zamazenta\n|-damage|p1b: Zamazenta|42/100\n|move|p1b: Zamazenta|Body Press|p2a: Calyrex\n|-damage|p2a: Calyrex|0 fnt\n|faint|p2a: Calyrex\n|\n|upkeep\n|\n|t:|1775139449\n|switch|p2a: Miraidon|Miraidon, L50|41/100\n|switch|p1a: Calyrex|Calyrex-Shadow, L50, tera:Ghost|2/100\n|-ability|p1a: Calyrex|As One\n|-ability|p1a: Calyrex|Unnerve\n|-fieldstart|move: Electric Terrain|[from] ability: Hadron Engine|[of] p2a: Miraidon\n|turn|8\n|-message|ArisHazard forfeited.\n|\n|win|Soliidd\n|raw|Soliidd's rating: 1417 &rarr; <strong>1440</strong><br />(+23 for winning)\n|raw|ArisHazard's rating: 1464 &rarr; <strong>1441</strong><br />(-23 for losing)\n|l|\u2606ArisHazard\n|player|p2|\n","uploadtime":1775139615,"views":6,"formatid":"gen9vgc2026regi","rating":1440,"private":0,"password":null}