{"id":"gen9vgc2026regi-2523198462","format":"[Gen 9] VGC 2026 Reg I","players":["alamossauro","kojimuranishi"],"log":"|j|\u2606alamossauro\n|j|\u2606kojimuranishi\n|t:|1769002246\n|gametype|doubles\n|player|p1|alamossauro|pokemaniac|1251\n|player|p2|kojimuranishi|2|1500\n|gen|9\n|tier|[Gen 9] VGC 2026 Reg I\n|rated|\n|rule|Species Clause: Limit one of each Pok\u00e9mon\n|rule|Item Clause: Limit 1 of each item\n|clearpoke\n|poke|p1|Smeargle, L50, M|\n|poke|p1|Calyrex-Ice, L50|\n|poke|p1|Grimmsnarl, L50, M|\n|poke|p1|Kyogre, L50|\n|poke|p1|Indeedee, L50, M|\n|poke|p1|Enamorus-Therian, L50, F|\n|poke|p2|Zamazenta-*, L50|\n|poke|p2|Lunala, L50|\n|poke|p2|Chien-Pao, L50|\n|poke|p2|Dragonite, L50, F|\n|poke|p2|Landorus, L50, M|\n|poke|p2|Urshifu-*, L50, F|\n|teampreview|4\n|inactive|Battle timer is ON: inactive players will automatically lose when time's up. (requested by kojimuranishi)\n|\n|t:|1769002260\n|teamsize|p1|4\n|teamsize|p2|4\n|start\n|switch|p1a: Smeargle|Smeargle, L50, M|100/100\n|switch|p1b: Calyrex|Calyrex-Ice, L50|100/100\n|switch|p2a: Urshifu|Urshifu-Rapid-Strike, L50, F|100/100\n|switch|p2b: Chien-Pao|Chien-Pao, L50|100/100\n|-ability|p1b: Calyrex|As One\n|-ability|p1b: Calyrex|Unnerve\n|-ability|p2b: Chien-Pao|Sword of Ruin\n|turn|1\n|\n|t:|1769002279\n|-terastallize|p2a: Urshifu|Ghost\n|-terastallize|p1b: Calyrex|Dark\n|move|p2b: Chien-Pao|Crunch|p1b: Calyrex\n|-resisted|p1b: Calyrex\n|-damage|p1b: Calyrex|79/100\n|-unboost|p1b: Calyrex|def|1\n|-damage|p2b: Chien-Pao|91/100|[from] item: Life Orb\n|move|p2a: Urshifu|Surging Strikes|p1a: Smeargle\n|-crit|p1a: Smeargle\n|-damage|p1a: Smeargle|25/100\n|-crit|p1a: Smeargle\n|-damage|p1a: Smeargle|0 fnt\n|faint|p1a: Smeargle\n|-hitcount|p1: Smeargle|2\n|move|p1b: Calyrex|Trick Room|p1b: Calyrex\n|-fieldstart|move: Trick Room|[of] p1b: Calyrex\n|\n|upkeep\n|\n|t:|1769002298\n|switch|p1a: Enamorus|Enamorus-Therian, L50, F|100/100\n|turn|2\n|j| xiaoliyunVGC\n|\n|t:|1769002312\n|switch|p2b: Zamazenta|Zamazenta-Crowned, L50|100/100\n|-ability|p2b: Zamazenta|Dauntless Shield|boost\n|-boost|p2b: Zamazenta|def|1\n|move|p2a: Urshifu|Detect|p2a: Urshifu\n|-singleturn|p2a: Urshifu|Protect\n|move|p1a: Enamorus|Dazzling Gleam|p2a: Urshifu|[spread] p2b\n|-activate|p2a: Urshifu|move: Protect\n|-damage|p2b: Zamazenta|71/100\n|move|p1b: Calyrex|Glacial Lance|p2b: Zamazenta|[spread] p2b\n|-activate|p2a: Urshifu|move: Protect\n|-resisted|p2b: Zamazenta\n|-damage|p2b: Zamazenta|60/100\n|\n|upkeep\n|turn|3\n|\n|t:|1769002329\n|move|p2b: Zamazenta|Wide Guard|p2b: Zamazenta\n|-singleturn|p2b: Zamazenta|Wide Guard\n|move|p1a: Enamorus|Dazzling Gleam|p2a: Urshifu|[spread] \n|-activate|p2a: Urshifu|move: Wide Guard\n|-activate|p2b: Zamazenta|move: Wide Guard\n|move|p1b: Calyrex|Throat Chop|p2a: Urshifu\n|-supereffective|p2a: Urshifu\n|-enditem|p2a: Urshifu|Focus Sash\n|-damage|p2a: Urshifu|1/100\n|-start|p2a: Urshifu|Throat Chop|[silent]\n|move|p2a: Urshifu|Close Combat|p1b: Calyrex\n|-supereffective|p1b: Calyrex\n|-damage|p1b: Calyrex|0 fnt\n|-unboost|p2a: Urshifu|def|1\n|-unboost|p2a: Urshifu|spd|1\n|faint|p1b: Calyrex\n|\n|upkeep\n|\n|t:|1769002346\n|switch|p1b: Kyogre|Kyogre, L50|100/100\n|-weather|RainDance|[from] ability: Drizzle|[of] p1b: Kyogre\n|turn|4\n|\n|t:|1769002356\n|move|p2a: Urshifu|Detect|p2a: Urshifu\n|-singleturn|p2a: Urshifu|Protect\n|move|p2b: Zamazenta|Wide Guard|p2b: Zamazenta\n|-singleturn|p2b: Zamazenta|Wide Guard\n|move|p1a: Enamorus|Dazzling Gleam|p2b: Zamazenta|[spread] \n|-activate|p2a: Urshifu|move: Wide Guard\n|-activate|p2b: Zamazenta|move: Wide Guard\n|move|p1b: Kyogre|Thunder|p2b: Zamazenta\n|-damage|p2b: Zamazenta|31/100\n|-status|p2b: Zamazenta|par\n|\n|-weather|RainDance|[upkeep]\n|-end|p2a: Urshifu|Throat Chop|[silent]\n|upkeep\n|turn|5\n|inactive|alamossauro has 30 seconds left.\n|inactive|kojimuranishi has 30 seconds left.\n|\n|t:|1769002383\n|move|p2b: Zamazenta|Wide Guard|p2b: Zamazenta\n|-singleturn|p2b: Zamazenta|Wide Guard\n|move|p1a: Enamorus|Dazzling Gleam|p2b: Zamazenta|[spread] \n|-activate|p2a: Urshifu|move: Wide Guard\n|-activate|p2b: Zamazenta|move: Wide Guard\n|move|p1b: Kyogre|Water Spout|p2b: Zamazenta|[spread] \n|-activate|p2a: Urshifu|move: Wide Guard\n|-activate|p2b: Zamazenta|move: Wide Guard\n|move|p2a: Urshifu|Close Combat|p1b: Kyogre\n|-damage|p1b: Kyogre|29/100\n|-unboost|p2a: Urshifu|def|1\n|-unboost|p2a: Urshifu|spd|1\n|\n|-weather|RainDance|[upkeep]\n|-fieldend|move: Trick Room\n|upkeep\n|turn|6\n|\n|t:|1769002403\n|move|p2a: Urshifu|Close Combat|p1b: Kyogre\n|-damage|p1b: Kyogre|0 fnt\n|-unboost|p2a: Urshifu|def|1\n|-unboost|p2a: Urshifu|spd|1\n|faint|p1b: Kyogre\n|move|p2b: Zamazenta|Behemoth Bash|p1a: Enamorus\n|-supereffective|p1a: Enamorus\n|-damage|p1a: Enamorus|23/100\n|move|p1a: Enamorus|Dazzling Gleam|p2b: Zamazenta|[spread] p2a,p2b\n|-crit|p2a: Urshifu\n|-damage|p2a: Urshifu|0 fnt\n|-damage|p2b: Zamazenta|0 fnt\n|faint|p2a: Urshifu\n|faint|p2b: Zamazenta\n|\n|-weather|RainDance|[upkeep]\n|upkeep\n|\n|t:|1769002419\n|switch|p2a: Lunala|Lunala, L50|100/100\n|switch|p2b: Chien-Pao|Chien-Pao, L50|91/100\n|-ability|p2b: Chien-Pao|Sword of Ruin\n|turn|7\n|-message|alamossauro forfeited.\n|\n|win|kojimuranishi\n|raw|alamossauro's rating: 1251 &rarr; <strong>1241</strong><br />(-10 for losing)\n|raw|kojimuranishi's rating: 1500 &rarr; <strong>1508</strong><br />(+8 for winning)\n|l|\u2606alamossauro\n|player|p1|\n|l| xiaoliyunVGC\n|l|\u2606kojimuranishi\n|player|p2|\n|j|\u2606kojimuranishi\n|player|p2|kojimuranishi|2|\n|l|\u2606kojimuranishi\n|player|p2|\n","uploadtime":1769002600,"views":12,"formatid":"gen9vgc2026regi","rating":1241,"private":0,"password":null}