{"id":"gen9vgc2026regi-2559518119","format":"[Gen 9] VGC 2026 Reg I","players":["GucciSoup","BanKingambit69247"],"log":"|j|\u2606GucciSoup\n|j|\u2606BanKingambit69247\n|t:|1773580940\n|gametype|doubles\n|player|p1|GucciSoup|wallace|1433\n|player|p2|BanKingambit69247|102|1498\n|gen|9\n|tier|[Gen 9] VGC 2026 Reg I\n|rated|\n|rule|Species Clause: Limit one of each Pok\u00e9mon\n|rule|Item Clause: Limit 1 of each item\n|clearpoke\n|poke|p1|Grimmsnarl, L50, M|\n|poke|p1|Okidogi, L50, M|\n|poke|p1|Farigiraf, L50, F|\n|poke|p1|Iron Hands, L50|\n|poke|p1|Calyrex-Ice, L50|\n|poke|p1|Miraidon, L50|\n|poke|p2|Calyrex-Shadow, L50|\n|poke|p2|Zamazenta-*, L50|\n|poke|p2|Chien-Pao, L50|\n|poke|p2|Smeargle, L50, M|\n|poke|p2|Tatsugiri-Droopy, L50, F|\n|poke|p2|Dondozo, L50, M|\n|teampreview|4\n|inactive|Battle timer is ON: inactive players will automatically lose when time's up. (requested by BanKingambit69247)\n|\n|t:|1773580954\n|teamsize|p1|4\n|teamsize|p2|4\n|start\n|switch|p1a: Farigiraf|Farigiraf, L50, F|100/100\n|switch|p1b: Iron Hands|Iron Hands, L50|100/100\n|switch|p2a: \u6211\u5927\u54e5|Smeargle, L50, M|100/100\n|switch|p2b: \u8bf6\u4f60\u600e\u4e48\u6b7b\u4e86?\u267f\u267f\u267f|Calyrex-Shadow, L50|100/100\n|-ability|p2b: \u8bf6\u4f60\u600e\u4e48\u6b7b\u4e86?\u267f\u267f\u267f|As One\n|-ability|p2b: \u8bf6\u4f60\u600e\u4e48\u6b7b\u4e86?\u267f\u267f\u267f|Unnerve\n|turn|1\n|\n|t:|1773580974\n|move|p1b: Iron Hands|Fake Out|p2a: \u6211\u5927\u54e5\n|-crit|p2a: \u6211\u5927\u54e5\n|-damage|p2a: \u6211\u5927\u54e5|45/100\n|cant|p2a: \u6211\u5927\u54e5|flinch\n|move|p2b: \u8bf6\u4f60\u600e\u4e48\u6b7b\u4e86?\u267f\u267f\u267f|Trick|p1a: Farigiraf\n|-activate|p2b: \u8bf6\u4f60\u600e\u4e48\u6b7b\u4e86?\u267f\u267f\u267f|move: Trick|[of] p1a: Farigiraf\n|-item|p1a: Farigiraf|Choice Specs|[from] move: Trick\n|-item|p2b: \u8bf6\u4f60\u600e\u4e48\u6b7b\u4e86?\u267f\u267f\u267f|Throat Spray|[from] move: Trick\n|move|p1a: Farigiraf|Trick Room|p1a: Farigiraf\n|-fieldstart|move: Trick Room|[of] p1a: Farigiraf\n|\n|upkeep\n|turn|2\n|\n|t:|1773580994\n|switch|p1a: Metal Overlord|Miraidon, L50|100/100\n|-fieldstart|move: Electric Terrain|[from] ability: Hadron Engine|[of] p1a: Metal Overlord\n|-activate|p1b: Iron Hands|ability: Quark Drive\n|-start|p1b: Iron Hands|quarkdrivedef\n|-enditem|p1a: Metal Overlord|Electric Seed\n|-boost|p1a: Metal Overlord|def|1|[from] item: Electric Seed\n|switch|p2a: \u9a6c\u5934\u725b\u903c\ud83d\udc36\ud83d\udc36\ud83d\udc36|Zamazenta-Crowned, L50|100/100\n|-ability|p2a: \u9a6c\u5934\u725b\u903c\ud83d\udc36\ud83d\udc36\ud83d\udc36|Dauntless Shield|boost\n|-boost|p2a: \u9a6c\u5934\u725b\u903c\ud83d\udc36\ud83d\udc36\ud83d\udc36|def|1\n|move|p1b: Iron Hands|Body Press|p2a: \u9a6c\u5934\u725b\u903c\ud83d\udc36\ud83d\udc36\ud83d\udc36\n|-supereffective|p2a: \u9a6c\u5934\u725b\u903c\ud83d\udc36\ud83d\udc36\ud83d\udc36\n|-crit|p2a: \u9a6c\u5934\u725b\u903c\ud83d\udc36\ud83d\udc36\ud83d\udc36\n|-damage|p2a: \u9a6c\u5934\u725b\u903c\ud83d\udc36\ud83d\udc36\ud83d\udc36|36/100\n|move|p2b: \u8bf6\u4f60\u600e\u4e48\u6b7b\u4e86?\u267f\u267f\u267f|Astral Barrage|p1a: Metal Overlord|[spread] p1a,p1b\n|-damage|p1a: Metal Overlord|53/100\n|-damage|p1b: Iron Hands|58/100\n|\n|-heal|p1b: Iron Hands|64/100|[from] item: Leftovers\n|upkeep\n|turn|3\n|\n|t:|1773581017\n|switch|p2b: \u6211\u5927\u54e5|Smeargle, L50, M|45/100\n|-terastallize|p2a: \u9a6c\u5934\u725b\u903c\ud83d\udc36\ud83d\udc36\ud83d\udc36|Grass\n|move|p1b: Iron Hands|Body Press|p2a: \u9a6c\u5934\u725b\u903c\ud83d\udc36\ud83d\udc36\ud83d\udc36\n|-damage|p2a: \u9a6c\u5934\u725b\u903c\ud83d\udc36\ud83d\udc36\ud83d\udc36|21/100\n|move|p2a: \u9a6c\u5934\u725b\u903c\ud83d\udc36\ud83d\udc36\ud83d\udc36|Body Press|p1a: Metal Overlord\n|-damage|p1a: Metal Overlord|16/100\n|move|p1a: Metal Overlord|Calm Mind|p1a: Metal Overlord\n|-boost|p1a: Metal Overlord|spa|1\n|-boost|p1a: Metal Overlord|spd|1\n|\n|-heal|p1b: Iron Hands|70/100|[from] item: Leftovers\n|upkeep\n|turn|4\n|inactive|GucciSoup has 30 seconds left.\n|\n|t:|1773581044\n|switch|p1a: Farigiraf|Farigiraf, L50, F|100/100\n|move|p2b: \u6211\u5927\u54e5|Fake Out||[still]\n|cant|p1a: Farigiraf|ability: Armor Tail|Fake Out|[of] p2b: \u6211\u5927\u54e5\n|move|p1b: Iron Hands|Iron Defense|p1b: Iron Hands\n|-boost|p1b: Iron Hands|def|2\n|move|p2a: \u9a6c\u5934\u725b\u903c\ud83d\udc36\ud83d\udc36\ud83d\udc36|Body Press|p1a: Farigiraf\n|-damage|p1a: Farigiraf|32/100\n|\n|-heal|p1b: Iron Hands|77/100|[from] item: Leftovers\n|upkeep\n|turn|5\n|\n|t:|1773581057\n|switch|p2b: \u8bf6\u4f60\u600e\u4e48\u6b7b\u4e86?\u267f\u267f\u267f|Calyrex-Shadow, L50|100/100\n|-ability|p2b: \u8bf6\u4f60\u600e\u4e48\u6b7b\u4e86?\u267f\u267f\u267f|As One\n|-ability|p2b: \u8bf6\u4f60\u600e\u4e48\u6b7b\u4e86?\u267f\u267f\u267f|Unnerve\n|move|p1b: Iron Hands|Body Press|p2a: \u9a6c\u5934\u725b\u903c\ud83d\udc36\ud83d\udc36\ud83d\udc36\n|-damage|p2a: \u9a6c\u5934\u725b\u903c\ud83d\udc36\ud83d\udc36\ud83d\udc36|0 fnt\n|faint|p2a: \u9a6c\u5934\u725b\u903c\ud83d\udc36\ud83d\udc36\ud83d\udc36\n|move|p1a: Farigiraf|Psychic Noise|p2b: \u8bf6\u4f60\u600e\u4e48\u6b7b\u4e86?\u267f\u267f\u267f\n|-resisted|p2b: \u8bf6\u4f60\u600e\u4e48\u6b7b\u4e86?\u267f\u267f\u267f\n|-damage|p2b: \u8bf6\u4f60\u600e\u4e48\u6b7b\u4e86?\u267f\u267f\u267f|77/100\n|-start|p2b: \u8bf6\u4f60\u600e\u4e48\u6b7b\u4e86?\u267f\u267f\u267f|move: Heal Block\n|\n|-heal|p1b: Iron Hands|83/100|[from] item: Leftovers\n|-fieldend|move: Trick Room\n|upkeep\n|\n|t:|1773581068\n|switch|p2a: \u5582\u5582\u5582?\u5582\u5582\u5582?\ud83d\udc37\ud83d\udc37\ud83d\udc37|Chien-Pao, L50|100/100\n|-ability|p2a: \u5582\u5582\u5582?\u5582\u5582\u5582?\ud83d\udc37\ud83d\udc37\ud83d\udc37|Sword of Ruin\n|turn|6\n|\n|t:|1773581075\n|move|p2b: \u8bf6\u4f60\u600e\u4e48\u6b7b\u4e86?\u267f\u267f\u267f|Psychic|p1b: Iron Hands\n|-supereffective|p1b: Iron Hands\n|-damage|p1b: Iron Hands|0 fnt\n|faint|p1b: Iron Hands\n|-end|p1b: Iron Hands|Quark Drive|[silent]\n|-ability|p2b: \u8bf6\u4f60\u600e\u4e48\u6b7b\u4e86?\u267f\u267f\u267f|Grim Neigh|boost\n|-boost|p2b: \u8bf6\u4f60\u600e\u4e48\u6b7b\u4e86?\u267f\u267f\u267f|spa|1\n|move|p2a: \u5582\u5582\u5582?\u5582\u5582\u5582?\ud83d\udc37\ud83d\udc37\ud83d\udc37|Ice Spinner|p1a: Farigiraf\n|-damage|p1a: Farigiraf|0 fnt\n|-fieldend|move: Electric Terrain\n|faint|p1a: Farigiraf\n|\n|-end|p2b: \u8bf6\u4f60\u600e\u4e48\u6b7b\u4e86?\u267f\u267f\u267f|move: Heal Block\n|upkeep\n|\n|t:|1773581084\n|switch|p1a: Metal Overlord|Miraidon, L50|16/100\n|switch|p1b: Cryotherapy|Calyrex-Ice, L50|100/100\n|-ability|p1b: Cryotherapy|As One\n|-ability|p1b: Cryotherapy|Unnerve\n|-fieldstart|move: Electric Terrain|[from] ability: Hadron Engine|[of] p1a: Metal Overlord\n|turn|7\n|\n|t:|1773581101\n|-terastallize|p1b: Cryotherapy|Fire\n|move|p2a: \u5582\u5582\u5582?\u5582\u5582\u5582?\ud83d\udc37\ud83d\udc37\ud83d\udc37|Sucker Punch|p1b: Cryotherapy\n|-damage|p1b: Cryotherapy|77/100\n|move|p2b: \u8bf6\u4f60\u600e\u4e48\u6b7b\u4e86?\u267f\u267f\u267f|Astral Barrage|p1a: Metal Overlord|[spread] p1a,p1b\n|-damage|p1a: Metal Overlord|0 fnt\n|-damage|p1b: Cryotherapy|26/100\n|faint|p1a: Metal Overlord\n|-ability|p2b: \u8bf6\u4f60\u600e\u4e48\u6b7b\u4e86?\u267f\u267f\u267f|Grim Neigh|boost\n|-boost|p2b: \u8bf6\u4f60\u600e\u4e48\u6b7b\u4e86?\u267f\u267f\u267f|spa|1\n|move|p1b: Cryotherapy|Glacial Lance|p2b: \u8bf6\u4f60\u600e\u4e48\u6b7b\u4e86?\u267f\u267f\u267f|[spread] p2a,p2b\n|-resisted|p2a: \u5582\u5582\u5582?\u5582\u5582\u5582?\ud83d\udc37\ud83d\udc37\ud83d\udc37\n|-damage|p2a: \u5582\u5582\u5582?\u5582\u5582\u5582?\ud83d\udc37\ud83d\udc37\ud83d\udc37|69/100\n|-damage|p2b: \u8bf6\u4f60\u600e\u4e48\u6b7b\u4e86?\u267f\u267f\u267f|0 fnt\n|faint|p2b: \u8bf6\u4f60\u600e\u4e48\u6b7b\u4e86?\u267f\u267f\u267f\n|-ability|p1b: Cryotherapy|Chilling Neigh|boost\n|-boost|p1b: Cryotherapy|atk|1\n|\n|upkeep\n|\n|t:|1773581105\n|switch|p2b: \u6211\u5927\u54e5|Smeargle, L50, M|45/100\n|turn|8\n|\n|t:|1773581112\n|move|p1b: Cryotherapy|Protect|p1b: Cryotherapy\n|-singleturn|p1b: Cryotherapy|Protect\n|move|p2b: \u6211\u5927\u54e5|Fake Out|p1b: Cryotherapy\n|-activate|p1b: Cryotherapy|move: Protect\n|move|p2a: \u5582\u5582\u5582?\u5582\u5582\u5582?\ud83d\udc37\ud83d\udc37\ud83d\udc37|Ice Spinner|p1b: Cryotherapy\n|-activate|p1b: Cryotherapy|move: Protect\n|\n|upkeep\n|turn|9\n|\n|t:|1773581118\n|move|p2b: \u6211\u5927\u54e5|Wide Guard|p2b: \u6211\u5927\u54e5\n|-singleturn|p2b: \u6211\u5927\u54e5|Wide Guard\n|move|p2a: \u5582\u5582\u5582?\u5582\u5582\u5582?\ud83d\udc37\ud83d\udc37\ud83d\udc37|Sucker Punch|p1b: Cryotherapy\n|-damage|p1b: Cryotherapy|4/100\n|move|p1b: Cryotherapy|Glacial Lance|p2a: \u5582\u5582\u5582?\u5582\u5582\u5582?\ud83d\udc37\ud83d\udc37\ud83d\udc37|[spread] \n|-activate|p2a: \u5582\u5582\u5582?\u5582\u5582\u5582?\ud83d\udc37\ud83d\udc37\ud83d\udc37|move: Wide Guard\n|-activate|p2b: \u6211\u5927\u54e5|move: Wide Guard\n|\n|upkeep\n|turn|10\n|\n|t:|1773581126\n|move|p2b: \u6211\u5927\u54e5|Feint|p1b: Cryotherapy\n|-damage|p1b: Cryotherapy|0 fnt\n|faint|p1b: Cryotherapy\n|\n|win|BanKingambit69247\n|raw|GucciSoup's rating: 1433 &rarr; <strong>1417</strong><br />(-16 for losing)\n|raw|BanKingambit69247's rating: 1498 &rarr; <strong>1514</strong><br />(+16 for winning)\n|l|\u2606GucciSoup\n|player|p1|\n|l|\u2606BanKingambit69247\n|player|p2|\n","uploadtime":1773581128,"views":19,"formatid":"gen9vgc2026regi","rating":1417,"private":0,"password":null}