{"id":"gen9vgc2026regi-2582046386","format":"[Gen 9] VGC 2026 Reg I","players":["fallacy277","Bee_alt"],"log":"|j|\u2606fallacy277\n|j|\u2606Bee_alt\n|t:|1776051598\n|gametype|doubles\n|player|p1|fallacy277|dawn|1698\n|player|p2|Bee_alt|elesa|1528\n|gen|9\n|tier|[Gen 9] VGC 2026 Reg I\n|rated|\n|rule|Species Clause: Limit one of each Pok\u00e9mon\n|rule|Item Clause: Limit 1 of each item\n|clearpoke\n|poke|p1|Calyrex-Ice, L50|\n|poke|p1|Miraidon, L50|\n|poke|p1|Iron Hands, L50|\n|poke|p1|Farigiraf, L50, F|\n|poke|p1|Torkoal, L50, F|\n|poke|p1|Smeargle, L50, F|\n|poke|p2|Terapagos, L50, M|\n|poke|p2|Calyrex-Shadow, L50|\n|poke|p2|Incineroar, L50, M|\n|poke|p2|Rillaboom, L50, M|\n|poke|p2|Urshifu-*, L50, M|\n|poke|p2|Grimmsnarl, L50, M|\n|teampreview|4\n|inactive|Battle timer is ON: inactive players will automatically lose when time's up. (requested by Bee_alt)\n|\n|t:|1776051617\n|teamsize|p1|4\n|teamsize|p2|4\n|start\n|switch|p1a: Miraidon|Miraidon, L50|100/100\n|switch|p1b: Farigiraf|Farigiraf, L50, F|100/100\n|switch|p2a: Terapagos|Terapagos, L50, M|100/100\n|switch|p2b: Urshifu|Urshifu-Rapid-Strike, L50, M|100/100\n|-activate|p2a: Terapagos|ability: Tera Shift\n|detailschange|p2a: Terapagos|Terapagos-Terastal, L50, M\n|-heal|p2a: Terapagos|100/100|[silent]\n|-fieldstart|move: Electric Terrain|[from] ability: Hadron Engine|[of] p1a: Miraidon\n|-enditem|p1b: Farigiraf|Electric Seed\n|-boost|p1b: Farigiraf|def|1|[from] item: Electric Seed\n|turn|1\n|\n|t:|1776051631\n|move|p1a: Miraidon|Volt Switch|p2b: Urshifu\n|-supereffective|p2b: Urshifu\n|-damage|p2b: Urshifu|0 fnt\n|faint|p2b: Urshifu\n|\n|t:|1776051634\n|switch|p1a: Calyrex|Calyrex-Ice, L50|100/100|[from] Volt Switch\n|-ability|p1a: Calyrex|As One\n|-ability|p1a: Calyrex|Unnerve\n|move|p2a: Terapagos|Calm Mind|p2a: Terapagos\n|-boost|p2a: Terapagos|spa|1\n|-boost|p2a: Terapagos|spd|1\n|move|p1b: Farigiraf|Trick Room|p1b: Farigiraf\n|-fieldstart|move: Trick Room|[of] p1b: Farigiraf\n|\n|upkeep\n|\n|t:|1776051637\n|switch|p2b: Rillaboom|Rillaboom, L50, M|100/100\n|-fieldstart|move: Grassy Terrain|[from] ability: Grassy Surge|[of] p2b: Rillaboom\n|turn|2\n|\n|t:|1776051649\n|-terastallize|p2b: Rillaboom|Fire\n|move|p1a: Calyrex|Glacial Lance|p2a: Terapagos|[spread] p2a,p2b\n|-activate|p2a: Terapagos|ability: Tera Shell\n|-resisted|p2a: Terapagos\n|-resisted|p2b: Rillaboom\n|-crit|p2b: Rillaboom\n|-damage|p2a: Terapagos|79/100\n|-damage|p2b: Rillaboom|54/100\n|move|p1b: Farigiraf|Psychic|p2a: Terapagos\n|-damage|p2a: Terapagos|55/100\n|move|p2b: Rillaboom|Wood Hammer|p1a: Calyrex\n|-damage|p1a: Calyrex|56/100\n|-damage|p2b: Rillaboom|39/100|[from] Recoil\n|move|p2a: Terapagos|Tera Starstorm|p1a: Calyrex\n|-damage|p1a: Calyrex|5/100\n|\n|-heal|p1a: Calyrex|11/100|[from] Grassy Terrain\n|-heal|p2b: Rillaboom|45/100|[from] Grassy Terrain\n|-heal|p2a: Terapagos|61/100|[from] Grassy Terrain\n|-heal|p2a: Terapagos|68/100|[from] item: Leftovers\n|upkeep\n|turn|3\n|inactive|Bee_alt has 30 seconds left.\n|inactive|Bee_alt has 20 seconds left.\n|l|\u2606fallacy277\n|inactive|fallacy277 disconnected and has a minute to reconnect!\n|player|p1|\n|inactive|Bee_alt has 15 seconds left.\n|\n|t:|1776051690\n|move|p1a: Calyrex|High Horsepower|p2b: Rillaboom\n|-supereffective|p2b: Rillaboom\n|-damage|p2b: Rillaboom|0 fnt\n|faint|p2b: Rillaboom\n|-ability|p1a: Calyrex|Chilling Neigh|boost\n|-boost|p1a: Calyrex|atk|1\n|move|p1b: Farigiraf|Psychic|p2a: Terapagos\n|-damage|p2a: Terapagos|46/100\n|move|p2a: Terapagos|Calm Mind|p2a: Terapagos\n|-boost|p2a: Terapagos|spa|1\n|-boost|p2a: Terapagos|spd|1\n|\n|-heal|p1a: Calyrex|16/100|[from] Grassy Terrain\n|-heal|p2a: Terapagos|52/100|[from] Grassy Terrain\n|-heal|p2a: Terapagos|58/100|[from] item: Leftovers\n|upkeep\n|\n|t:|1776051692\n|switch|p2b: Calyrex|Calyrex-Shadow, L50|100/100\n|-ability|p2b: Calyrex|As One\n|-ability|p2b: Calyrex|Unnerve\n|turn|4\n|j|\u2606fallacy277\n|inactive|fallacy277 reconnected and has 45 seconds left.\n|player|p1|fallacy277|dawn|\n|inactive|fallacy277 has 30 seconds left.\n|\n|t:|1776051717\n|move|p2b: Calyrex|Protect|p2b: Calyrex\n|-singleturn|p2b: Calyrex|Protect\n|move|p1a: Calyrex|Glacial Lance|p2a: Terapagos|[spread] p2a\n|-activate|p2b: Calyrex|move: Protect\n|-damage|p2a: Terapagos|0 fnt\n|faint|p2a: Terapagos\n|-ability|p1a: Calyrex|Chilling Neigh|boost\n|-boost|p1a: Calyrex|atk|1\n|move|p1b: Farigiraf|Foul Play|p2b: Calyrex\n|-activate|p2b: Calyrex|move: Protect\n|\n|-heal|p1a: Calyrex|22/100|[from] Grassy Terrain\n|upkeep\n|turn|5\n|\n|t:|1776051722\n|move|p2b: Calyrex|Protect||[still]\n|-fail|p2b: Calyrex\n|move|p1a: Calyrex|Glacial Lance|p2b: Calyrex\n|-enditem|p2b: Calyrex|Focus Sash\n|-damage|p2b: Calyrex|1/100\n|move|p1b: Farigiraf|Foul Play|p2b: Calyrex\n|-supereffective|p2b: Calyrex\n|-damage|p2b: Calyrex|0 fnt\n|faint|p2b: Calyrex\n|\n|win|fallacy277\n|raw|fallacy277's rating: 1698 &rarr; <strong>1709</strong><br />(+11 for winning)\n|raw|Bee_alt's rating: 1528 &rarr; <strong>1517</strong><br />(-11 for losing)\n|l|\u2606Bee_alt\n|player|p2|\n","uploadtime":1776051729,"views":16,"formatid":"gen9vgc2026regi","rating":1517,"private":0,"password":null}