{"id":"gen9vgc2026regi-2525073747","format":"[Gen 9] VGC 2026 Reg I","players":["ky123456","nanndemoee"],"log":"|j|\u2606ky123456\n|j|\u2606nanndemoee\n|t:|1769224990\n|gametype|doubles\n|player|p1|ky123456|cynthia-gen4|1436\n|player|p2|nanndemoee|twins-gen4dp|1351\n|gen|9\n|tier|[Gen 9] VGC 2026 Reg I\n|rated|\n|rule|Species Clause: Limit one of each Pok\u00e9mon\n|rule|Item Clause: Limit 1 of each item\n|clearpoke\n|poke|p1|Kyogre, L50|\n|poke|p1|Calyrex-Ice, L50|\n|poke|p1|Grimmsnarl, L50, M|\n|poke|p1|Rillaboom, L50, F|\n|poke|p1|Landorus, L50, M|\n|poke|p1|Urshifu-*, L50, F|\n|poke|p2|Smeargle, L50, M|\n|poke|p2|Muk-Alola, L50, M|\n|poke|p2|Calyrex-Shadow, L50|\n|poke|p2|Flamigo, L50, F|\n|poke|p2|Eternatus, L50|\n|poke|p2|Magikarp, L50, M|\n|teampreview|4\n|inactive|Battle timer is ON: inactive players will automatically lose when time's up. (requested by nanndemoee)\n|inactive|ky123456 has 60 seconds left.\n|\n|t:|1769225037\n|teamsize|p1|4\n|teamsize|p2|4\n|start\n|switch|p1a: Kyogre|Kyogre, L50|100/100\n|switch|p1b: Urshifu|Urshifu-Rapid-Strike, L50, F|100/100\n|switch|p2a: Smeargle|Smeargle, L50, M|100/100\n|switch|p2b: Muk|Muk-Alola, L50, M|100/100\n|-weather|RainDance|[from] ability: Drizzle|[of] p1a: Kyogre\n|turn|1\n|\n|t:|1769225051\n|-terastallize|p2b: Muk|Water\n|move|p2a: Smeargle|Fake Out|p1a: Kyogre\n|-damage|p1a: Kyogre|96/100\n|move|p1b: Urshifu|Surging Strikes|p2a: Smeargle\n|-crit|p2a: Smeargle\n|-damage|p2a: Smeargle|13/100\n|-crit|p2a: Smeargle\n|-damage|p2a: Smeargle|0 fnt\n|faint|p2a: Smeargle\n|-ability|p2b: Muk|Moody|Power of Alchemy|[from] ability: Power of Alchemy|[of] p2a: Smeargle\n|-hitcount|p2: Smeargle|2\n|cant|p1a: Kyogre|flinch\n|move|p2b: Muk|Minimize|p2b: Muk\n|-boost|p2b: Muk|evasion|2\n|\n|-weather|RainDance|[upkeep]\n|-ability|p2b: Muk|Moody|boost\n|-boost|p2b: Muk|def|2\n|-unboost|p2b: Muk|spd|1\n|upkeep\n|\n|t:|1769225061\n|switch|p2a: Flamigo|Flamigo, L50, F|100/100\n|-copyboost|p2a: Flamigo|p2b: Muk|[from] ability: Costar\n|turn|2\n|\n|t:|1769225068\n|move|p2a: Flamigo|Wide Guard|p2a: Flamigo\n|-singleturn|p2a: Flamigo|Wide Guard\n|move|p1b: Urshifu|Surging Strikes|p2a: Flamigo|[miss]\n|-miss|p1b: Urshifu|p2a: Flamigo\n|move|p1a: Kyogre|Thunder|p2b: Muk\n|-supereffective|p2b: Muk\n|-damage|p2b: Muk|4/100\n|move|p2b: Muk|Minimize|p2b: Muk\n|-boost|p2b: Muk|evasion|2\n|\n|-weather|RainDance|[upkeep]\n|-heal|p2b: Muk|10/100|[from] item: Leftovers\n|-ability|p2b: Muk|Moody|boost\n|-boost|p2b: Muk|spe|2\n|-unboost|p2b: Muk|def|1\n|upkeep\n|turn|3\n|\n|t:|1769225083\n|move|p2b: Muk|Protect|p2b: Muk\n|-singleturn|p2b: Muk|Protect\n|move|p1b: Urshifu|Surging Strikes|p2a: Flamigo|[miss]\n|-miss|p1b: Urshifu|p2a: Flamigo\n|move|p1a: Kyogre|Thunder|p2b: Muk\n|-activate|p2b: Muk|move: Protect\n|move|p2a: Flamigo|Close Combat|p1a: Kyogre\n|-damage|p1a: Kyogre|39/100\n|-unboost|p2a: Flamigo|def|1\n|-unboost|p2a: Flamigo|spd|1\n|\n|-weather|RainDance|[upkeep]\n|-heal|p2b: Muk|17/100|[from] item: Leftovers\n|-ability|p2b: Muk|Moody|boost\n|-boost|p2b: Muk|spe|2\n|-unboost|p2b: Muk|def|1\n|upkeep\n|turn|4\n|\n|t:|1769225097\n|move|p1b: Urshifu|Surging Strikes|p2a: Flamigo|[miss]\n|-miss|p1b: Urshifu|p2a: Flamigo\n|move|p2b: Muk|Knock Off|p1a: Kyogre\n|-damage|p1a: Kyogre|3/100\n|-enditem|p1a: Kyogre|Assault Vest|[from] move: Knock Off|[of] p2b: Muk\n|move|p1a: Kyogre|Thunder|p2b: Muk\n|-supereffective|p2b: Muk\n|-damage|p2b: Muk|0 fnt\n|faint|p2b: Muk\n|move|p2a: Flamigo|Brave Bird|p1b: Urshifu\n|-supereffective|p1b: Urshifu\n|-damage|p1b: Urshifu|0 fnt\n|faint|p1b: Urshifu\n|-damage|p2a: Flamigo|69/100|[from] Recoil\n|\n|-weather|RainDance|[upkeep]\n|upkeep\n|\n|t:|1769225110\n|switch|p1b: Calyrex|Calyrex-Ice, L50|100/100\n|switch|p2b: Calyrex|Calyrex-Shadow, L50|100/100\n|-ability|p2b: Calyrex|As One\n|-ability|p2b: Calyrex|Unnerve\n|-ability|p1b: Calyrex|As One\n|-ability|p1b: Calyrex|Unnerve\n|turn|5\n|\n|t:|1769225121\n|-terastallize|p1b: Calyrex|Fairy\n|move|p2b: Calyrex|Astral Barrage|p1b: Calyrex|[spread] p1a,p1b\n|-damage|p1a: Kyogre|0 fnt\n|-damage|p1b: Calyrex|65/100\n|faint|p1a: Kyogre\n|-ability|p2b: Calyrex|Grim Neigh|boost\n|-boost|p2b: Calyrex|spa|1\n|move|p2a: Flamigo|Brave Bird|p1b: Calyrex\n|-damage|p1b: Calyrex|30/100\n|-damage|p2a: Flamigo|57/100|[from] Recoil\n|move|p1b: Calyrex|Leech Seed|p2b: Calyrex\n|-start|p2b: Calyrex|move: Leech Seed\n|\n|-weather|none\n|-heal|p1b: Calyrex|36/100|[from] item: Leftovers\n|-damage|p2b: Calyrex|88/100|[from] Leech Seed|[of] p1b: Calyrex\n|-heal|p1b: Calyrex|46/100|[silent]\n|upkeep\n|\n|t:|1769225136\n|switch|p1a: Grimmsnarl|Grimmsnarl, L50, M|100/100\n|turn|6\n|\n|t:|1769225150\n|move|p1b: Calyrex|Protect|p1b: Calyrex\n|-singleturn|p1b: Calyrex|Protect\n|move|p2a: Flamigo|Wide Guard|p2a: Flamigo\n|-singleturn|p2a: Flamigo|Wide Guard\n|move|p1a: Grimmsnarl|Light Screen|p1a: Grimmsnarl\n|-sidestart|p1: ky123456|move: Light Screen\n|move|p2b: Calyrex|Astral Barrage|p1a: Grimmsnarl|[spread] p1a\n|-activate|p1b: Calyrex|move: Protect\n|-resisted|p1a: Grimmsnarl\n|-damage|p1a: Grimmsnarl|74/100\n|\n|-heal|p1b: Calyrex|52/100|[from] item: Leftovers\n|-damage|p2b: Calyrex|75/100|[from] Leech Seed|[of] p1b: Calyrex\n|-heal|p1b: Calyrex|63/100|[silent]\n|upkeep\n|turn|7\n|\n|t:|1769225167\n|move|p2a: Flamigo|Wide Guard|p2a: Flamigo\n|-singleturn|p2a: Flamigo|Wide Guard\n|move|p2b: Calyrex|Psych Up|p2a: Flamigo\n|-copyboost|p2b: Calyrex|p2a: Flamigo|[from] move: Psych Up\n|move|p1a: Grimmsnarl|Foul Play|p2b: Calyrex\n|-supereffective|p2b: Calyrex\n|-damage|p2b: Calyrex|5/100\n|move|p1b: Calyrex|Glacial Lance|p2b: Calyrex|[spread] \n|-activate|p2a: Flamigo|move: Wide Guard\n|-activate|p2b: Calyrex|move: Wide Guard\n|\n|-heal|p1b: Calyrex|69/100|[from] item: Leftovers\n|-damage|p2b: Calyrex|0 fnt|[from] Leech Seed|[of] p1b: Calyrex\n|-heal|p1b: Calyrex|72/100|[silent]\n|faint|p2b: Calyrex\n|upkeep\n|turn|8\n|inactive|nanndemoee has 30 seconds left.\n|inactive|nanndemoee has 20 seconds left.\n|inactive|nanndemoee has 15 seconds left.\n|inactive|nanndemoee has 10 seconds left.\n|inactive|nanndemoee has 5 seconds left.\n|\n|t:|1769225222\n|move|p2a: Flamigo|Detect||[still]\n|-fail|p2a: Flamigo\n|move|p1a: Grimmsnarl|Reflect|p1a: Grimmsnarl\n|-sidestart|p1: ky123456|Reflect\n|move|p1b: Calyrex|Leech Seed|p2a: Flamigo\n|-start|p2a: Flamigo|move: Leech Seed\n|\n|-heal|p1b: Calyrex|78/100|[from] item: Leftovers\n|-damage|p2a: Flamigo|44/100|[from] Leech Seed|[of] p1b: Calyrex\n|-heal|p1b: Calyrex|89/100|[silent]\n|upkeep\n|turn|9\n|inactive|nanndemoee has 30 seconds left.\n|inactive|nanndemoee has 20 seconds left.\n|inactive|nanndemoee has 15 seconds left.\n|inactive|nanndemoee has 10 seconds left.\n|inactive|nanndemoee has 5 seconds left.\n|\n|t:|1769225277\n|move|p2a: Flamigo|Detect|p2a: Flamigo\n|-singleturn|p2a: Flamigo|Protect\n|move|p1a: Grimmsnarl|Foul Play|p2a: Flamigo\n|-activate|p2a: Flamigo|move: Protect\n|move|p1b: Calyrex|Glacial Lance|p2a: Flamigo\n|-activate|p2a: Flamigo|move: Protect\n|\n|-heal|p1b: Calyrex|95/100|[from] item: Leftovers\n|-damage|p2a: Flamigo|32/100|[from] Leech Seed|[of] p1b: Calyrex\n|-heal|p1b: Calyrex|100/100|[silent]\n|upkeep\n|turn|10\n|inactive|nanndemoee has 30 seconds left.\n|inactive|nanndemoee has 20 seconds left.\n|inactive|nanndemoee has 15 seconds left.\n|inactive|nanndemoee has 10 seconds left.\n|inactive|nanndemoee has 5 seconds left.\n|\n|t:|1769225332\n|move|p2a: Flamigo|Detect||[still]\n|-fail|p2a: Flamigo\n|move|p1a: Grimmsnarl|Foul Play|p2a: Flamigo\n|-resisted|p2a: Flamigo\n|-damage|p2a: Flamigo|11/100\n|move|p1b: Calyrex|Glacial Lance|p2a: Flamigo|[miss]\n|-miss|p1b: Calyrex|p2a: Flamigo\n|\n|-damage|p2a: Flamigo|0 fnt|[from] Leech Seed|[of] p1b: Calyrex\n|faint|p2a: Flamigo\n|\n|win|ky123456\n|raw|ky123456's rating: 1436 &rarr; <strong>1451</strong><br />(+15 for winning)\n|raw|nanndemoee's rating: 1351 &rarr; <strong>1336</strong><br />(-15 for losing)\n|l|\u2606ky123456\n|player|p1|\n","uploadtime":1769225601,"views":18,"formatid":"gen9vgc2026regi","rating":1336,"private":0,"password":null}