{"id":"gen9vgc2026regi-2578876641","format":"[Gen 9] VGC 2026 Reg I","players":["TheNamesBetty","dodatid"],"log":"|j|\u2606TheNamesBetty\n|j|\u2606dodatid\n|t:|1775731099\n|gametype|doubles\n|player|p1|TheNamesBetty|koga|1393\n|player|p2|dodatid|101|1589\n|gen|9\n|tier|[Gen 9] VGC 2026 Reg I\n|rated|\n|rule|Species Clause: Limit one of each Pok\u00e9mon\n|rule|Item Clause: Limit 1 of each item\n|clearpoke\n|poke|p1|Koraidon, L50|\n|poke|p1|Calyrex-Shadow, L50|\n|poke|p1|Tornadus, L50, M|\n|poke|p1|Urshifu-*, L50, F|\n|poke|p1|Dewgong, L50, F|\n|poke|p1|Electabuzz, L50, M|\n|poke|p2|Calyrex-Ice, L50|\n|poke|p2|Lunala, L50|\n|poke|p2|Hariyama, L50, F|\n|poke|p2|Urshifu-*, L50, F|\n|poke|p2|Ursaluna-Bloodmoon, L50, M|\n|poke|p2|Brute Bonnet, L50|\n|teampreview|4\n|inactive|Battle timer is ON: inactive players will automatically lose when time's up. (requested by dodatid)\nTheNamesBetty has agreed to open team sheets.\n|j| xmightytoastx\n|inactive|TheNamesBetty has 60 seconds left.\n|\n|t:|1775731149\n|teamsize|p1|4\n|teamsize|p2|4\n|start\n|switch|p1a: Houska se sal\u00e1mem|Urshifu, L50, F|100/100\n|switch|p1b: Bleblebl\u00e1k|Electabuzz, L50, M|100/100\n|switch|p2a: Calyrex|Calyrex-Ice, L50|100/100\n|switch|p2b: Hariyama|Hariyama, L50, F|100/100\n|-ability|p2a: Calyrex|As One\n|-ability|p2a: Calyrex|Unnerve\n|turn|1\n|\n|t:|1775731165\n|move|p2b: Hariyama|Fake Out|p1a: Houska se sal\u00e1mem\n|-damage|p1a: Houska se sal\u00e1mem|86/100\n|cant|p1a: Houska se sal\u00e1mem|flinch\n|move|p1b: Bleblebl\u00e1k|Taunt|p2a: Calyrex\n|-start|p2a: Calyrex|move: Taunt\n|cant|p2a: Calyrex|move: Taunt|Trick Room\n|\n|-status|p2b: Hariyama|brn|[from] item: Flame Orb\n|upkeep\n|turn|2\n|inactive|dodatid has 30 seconds left.\n|\n|t:|1775731194\n|-terastallize|p2a: Calyrex|Grass\n|move|p1b: Bleblebl\u00e1k|Follow Me|p1b: Bleblebl\u00e1k\n|-singleturn|p1b: Bleblebl\u00e1k|move: Follow Me\n|move|p1a: Houska se sal\u00e1mem|Wicked Blow|p2a: Calyrex\n|-crit|p2a: Calyrex\n|-damage|p2a: Calyrex|63/100\n|move|p2a: Calyrex|Glacial Lance|p1b: Bleblebl\u00e1k|[spread] p1a,p1b\n|-damage|p1a: Houska se sal\u00e1mem|19/100\n|-damage|p1b: Bleblebl\u00e1k|39/100\n|move|p2b: Hariyama|Close Combat|p1b: Bleblebl\u00e1k\n|-damage|p1b: Bleblebl\u00e1k|0 fnt\n|-unboost|p2b: Hariyama|def|1\n|-unboost|p2b: Hariyama|spd|1\n|faint|p1b: Bleblebl\u00e1k\n|\n|-damage|p2b: Hariyama|95/100 brn|[from] brn\n|upkeep\n|\n|t:|1775731209\n|switch|p1b: Jan\u017di\u017ekaZTrocnova|Koraidon, L50|100/100\n|-weather|SunnyDay|[from] ability: Orichalcum Pulse|[of] p1b: Jan\u017di\u017ekaZTrocnova\n|-activate|p1b: Jan\u017di\u017ekaZTrocnova|Orichalcum Pulse|[source]\n|turn|3\n|\n|t:|1775731227\n|-terastallize|p1b: Jan\u017di\u017ekaZTrocnova|Fire\n|move|p1a: Houska se sal\u00e1mem|Wicked Blow|p2a: Calyrex\n|-crit|p2a: Calyrex\n|-damage|p2a: Calyrex|24/100\n|move|p1b: Jan\u017di\u017ekaZTrocnova|Flame Charge|p2a: Calyrex\n|-supereffective|p2a: Calyrex\n|-damage|p2a: Calyrex|0 fnt\n|-boost|p1b: Jan\u017di\u017ekaZTrocnova|spe|1\n|faint|p2a: Calyrex\n|move|p2b: Hariyama|Close Combat|p1b: Jan\u017di\u017ekaZTrocnova\n|-damage|p1b: Jan\u017di\u017ekaZTrocnova|29/100\n|-unboost|p2b: Hariyama|def|1\n|-unboost|p2b: Hariyama|spd|1\n|\n|-weather|SunnyDay|[upkeep]\n|-damage|p2b: Hariyama|89/100 brn|[from] brn\n|upkeep\n|\n|t:|1775731242\n|switch|p2a: Ursaluna|Ursaluna-Bloodmoon, L50, M|100/100\n|turn|4\n|\n|t:|1775731256\n|move|p1b: Jan\u017di\u017ekaZTrocnova|Collision Course|p2a: Ursaluna\n|-supereffective|p2a: Ursaluna\n|-damage|p2a: Ursaluna|0 fnt\n|faint|p2a: Ursaluna\n|move|p1a: Houska se sal\u00e1mem|Wicked Blow|p2b: Hariyama\n|-resisted|p2b: Hariyama\n|-crit|p2b: Hariyama\n|-damage|p2b: Hariyama|21/100 brn\n|move|p2b: Hariyama|Close Combat|p1a: Houska se sal\u00e1mem\n|-supereffective|p1a: Houska se sal\u00e1mem\n|-damage|p1a: Houska se sal\u00e1mem|0 fnt\n|-unboost|p2b: Hariyama|def|1\n|-unboost|p2b: Hariyama|spd|1\n|faint|p1a: Houska se sal\u00e1mem\n|\n|-weather|SunnyDay|[upkeep]\n|-damage|p2b: Hariyama|15/100 brn|[from] brn\n|upkeep\n|\n|t:|1775731261\n|switch|p1a: DDDMaxVerstappen|Dewgong, L50, F|100/100\n|switch|p2a: Lunala|Lunala, L50|100/100\n|turn|5\n|\n|t:|1775731276\n|move|p1b: Jan\u017di\u017ekaZTrocnova|Collision Course|p2b: Hariyama\n|-damage|p2b: Hariyama|0 fnt\n|faint|p2b: Hariyama\n|move|p1a: DDDMaxVerstappen|Perish Song|p1a: DDDMaxVerstappen\n|-start|p1a: DDDMaxVerstappen|perish3|[silent]\n|-start|p1b: Jan\u017di\u017ekaZTrocnova|perish3|[silent]\n|-start|p2a: Lunala|perish3|[silent]\n|-fieldactivate|move: Perish Song\n|move|p2a: Lunala|Trick Room|p2a: Lunala\n|-fieldstart|move: Trick Room|[of] p2a: Lunala\n|\n|-weather|SunnyDay|[upkeep]\n|-start|p1a: DDDMaxVerstappen|perish3\n|-start|p2a: Lunala|perish3\n|-start|p1b: Jan\u017di\u017ekaZTrocnova|perish3\n|upkeep\n|turn|6\n|\n|t:|1775731293\n|move|p1b: Jan\u017di\u017ekaZTrocnova|Protect|p1b: Jan\u017di\u017ekaZTrocnova\n|-singleturn|p1b: Jan\u017di\u017ekaZTrocnova|Protect\n|move|p1a: DDDMaxVerstappen|Aqua Jet|p2a: Lunala\n|-damage|p2a: Lunala|98/100\n|move|p2a: Lunala|Meteor Beam||[still]\n|-prepare|p2a: Lunala|Meteor Beam\n|-boost|p2a: Lunala|spa|1\n|-enditem|p2a: Lunala|Power Herb\n|-anim|p2a: Lunala|Meteor Beam|p1a: DDDMaxVerstappen\n|-supereffective|p1a: DDDMaxVerstappen\n|-damage|p1a: DDDMaxVerstappen|0 fnt\n|faint|p1a: DDDMaxVerstappen\n|\n|-weather|SunnyDay|[upkeep]\n|-start|p2a: Lunala|perish2\n|-start|p1b: Jan\u017di\u017ekaZTrocnova|perish2\n|upkeep\n|turn|7\n|c|\u2606TheNamesBetty|Good job!\n|\n|t:|1775731311\n|move|p1b: Jan\u017di\u017ekaZTrocnova|Protect||[still]\n|-fail|p1b: Jan\u017di\u017ekaZTrocnova\n|move|p2a: Lunala|Moongeist Beam|p1b: Jan\u017di\u017ekaZTrocnova\n|-crit|p1b: Jan\u017di\u017ekaZTrocnova\n|-damage|p1b: Jan\u017di\u017ekaZTrocnova|0 fnt\n|faint|p1b: Jan\u017di\u017ekaZTrocnova\n|\n|win|dodatid\n|raw|TheNamesBetty's rating: 1393 &rarr; <strong>1383</strong><br />(-10 for losing)\n|raw|dodatid's rating: 1589 &rarr; <strong>1599</strong><br />(+10 for winning)\n|l|\u2606dodatid\n|player|p2|\n|l|\u2606TheNamesBetty\n|player|p1|\n|l| xmightytoastx\n","uploadtime":1775731487,"views":8,"formatid":"gen9vgc2026regi","rating":1383,"private":0,"password":null}