{"id":"gen9vgc2026regi-2529129902","format":"[Gen 9] VGC 2026 Reg I","players":["VJ2511","Unskilled99"],"log":"|j|\u2606VJ2511\n|j|\u2606Unskilled99\n|t:|1769741666\n|gametype|doubles\n|player|p1|VJ2511|red-masters3|1409\n|player|p2|Unskilled99|unknown|1421\n|gen|9\n|tier|[Gen 9] VGC 2026 Reg I\n|rated|\n|rule|Species Clause: Limit one of each Pok\u00e9mon\n|rule|Item Clause: Limit 1 of each item\n|clearpoke\n|poke|p1|Calyrex-Shadow, L50|\n|poke|p1|Zamazenta-*, L50|\n|poke|p1|Chien-Pao, L50|\n|poke|p1|Dragonite, L50, M|\n|poke|p1|Raging Bolt, L50|\n|poke|p1|Amoonguss, L50, M|\n|poke|p2|Incineroar, L50, F|\n|poke|p2|Rillaboom, L50, M|\n|poke|p2|Landorus, L50, M|\n|poke|p2|Smeargle, L50, M|\n|poke|p2|Koraidon, L50|\n|poke|p2|Calyrex-Ice, L50|\n|teampreview|4\n|inactive|Battle timer is ON: inactive players will automatically lose when time's up. (requested by VJ2511)\n|c|\u2606Unskilled99|HI VJ\n|c|\u2606VJ2511|Hi Unskilled\n|c|\u2606VJ2511|how u doing\n|c|\u2606Unskilled99|things not very well\n|inactive|Unskilled99 has 60 seconds left.\n|c|\u2606VJ2511|oh i see\n|c|\u2606Unskilled99|fall from 1671\n|c|\u2606Unskilled99|the very top 1\n|c|\u2606VJ2511|oh lmao dw i was at the top once too\n|c|\u2606VJ2511|look where i am now\n|inactive|Unskilled99 has 30 seconds left.\n|c|\u2606Unskilled99|yeah the ladder is cruel\n|inactive|Unskilled99 has 20 seconds left.\n|c|\u2606VJ2511|the format is volatile\n|c|\u2606Unskilled99|RNG ruin things\n|inactive|Unskilled99 has 15 seconds left.\n|c|\u2606VJ2511|u end up winning 10 in a row then ho oh burns u\n|c|\u2606VJ2511|and ure dead\n|inactive|Unskilled99 has 10 seconds left.\n|inactive|Unskilled99 has 5 seconds left.\n|\n|t:|1769741755\n|teamsize|p1|4\n|teamsize|p2|4\n|start\n|switch|p1a: Zamazenta|Zamazenta-Crowned, L50|100/100\n|switch|p1b: Chien-Pao|Chien-Pao, L50|100/100\n|switch|p2a: Koraidon|Koraidon, L50|100/100\n|switch|p2b: Smeargle|Smeargle, L50, M|100/100\n|-ability|p1b: Chien-Pao|Sword of Ruin\n|-weather|SunnyDay|[from] ability: Orichalcum Pulse|[of] p2a: Koraidon\n|-activate|p2a: Koraidon|Orichalcum Pulse|[source]\n|-ability|p1a: Zamazenta|Dauntless Shield|boost\n|-boost|p1a: Zamazenta|def|1\n|turn|1\n|c|\u2606Unskilled99|that's pain\n|\n|t:|1769741779\n|-terastallize|p1a: Zamazenta|Dragon\n|move|p2a: Koraidon|Protect|p2a: Koraidon\n|-singleturn|p2a: Koraidon|Protect\n|move|p2b: Smeargle|Spiky Shield|p2b: Smeargle\n|-singleturn|p2b: Smeargle|move: Protect\n|move|p1b: Chien-Pao|Icy Wind|p2b: Smeargle|[spread] \n|-activate|p2a: Koraidon|move: Protect\n|-activate|p2b: Smeargle|move: Protect\n|move|p1a: Zamazenta|Body Press|p2a: Koraidon\n|-activate|p2a: Koraidon|move: Protect\n|\n|-weather|SunnyDay|[upkeep]\n|-ability|p2b: Smeargle|Moody|boost\n|-boost|p2b: Smeargle|atk|2\n|-unboost|p2b: Smeargle|spd|1\n|upkeep\n|turn|2\n|c|\u2606VJ2511|oh god\n|c|\u2606VJ2511|hirofumi's team isnt it\n|\n|t:|1769741797\n|switch|p2b: Incineroar|Incineroar, L50, F|100/100\n|-ability|p2b: Incineroar|Intimidate|boost\n|-unboost|p1a: Zamazenta|atk|1\n|-unboost|p1b: Chien-Pao|atk|1\n|-terastallize|p2a: Koraidon|Fire\n|move|p1b: Chien-Pao|Icy Wind|p2a: Koraidon|[spread] p2a,p2b\n|-resisted|p2a: Koraidon\n|-resisted|p2b: Incineroar\n|-damage|p2a: Koraidon|95/100\n|-damage|p2b: Incineroar|96/100\n|-unboost|p2b: Incineroar|spe|1\n|move|p2a: Koraidon|Flame Charge|p1b: Chien-Pao\n|-supereffective|p1b: Chien-Pao\n|-damage|p1b: Chien-Pao|0 fnt\n|-boost|p2a: Koraidon|spe|1\n|faint|p1b: Chien-Pao\n|move|p1a: Zamazenta|Body Press|p2b: Incineroar\n|-supereffective|p2b: Incineroar\n|-damage|p2b: Incineroar|0 fnt\n|faint|p2b: Incineroar\n|\n|-weather|SunnyDay|[upkeep]\n|upkeep\n|c|\u2606VJ2511|i will never forget the spiky smeargle\n|c|\u2606Unskilled99|yes\n|\n|t:|1769741816\n|switch|p1b: Amoonguss|Amoonguss, L50, M|100/100\n|switch|p2b: Smeargle|Smeargle, L50, M|100/100\n|turn|3\n|\n|t:|1769741825\n|move|p1b: Amoonguss|Protect|p1b: Amoonguss\n|-singleturn|p1b: Amoonguss|Protect\n|move|p2a: Koraidon|Flare Blitz|p1b: Amoonguss\n|-activate|p1b: Amoonguss|move: Protect\n|move|p1a: Zamazenta|Body Press|p2b: Smeargle\n|-supereffective|p2b: Smeargle\n|-enditem|p2b: Smeargle|Focus Sash\n|-damage|p2b: Smeargle|1/100\n|move|p2b: Smeargle|Spore|p1a: Zamazenta\n|-status|p1a: Zamazenta|slp|[from] move: Spore\n|\n|-weather|SunnyDay|[upkeep]\n|-ability|p2b: Smeargle|Moody|boost\n|-boost|p2b: Smeargle|spd|2\n|-unboost|p2b: Smeargle|spe|1\n|upkeep\n|turn|4\n|\n|t:|1769741837\n|move|p2a: Koraidon|Flare Blitz|p1b: Amoonguss\n|-supereffective|p1b: Amoonguss\n|-damage|p1b: Amoonguss|0 fnt\n|-damage|p2a: Koraidon|79/100|[from] item: Rocky Helmet|[of] p1b: Amoonguss\n|faint|p1b: Amoonguss\n|-damage|p2a: Koraidon|43/100|[from] Recoil\n|cant|p1a: Zamazenta|slp\n|move|p2b: Smeargle|Ruination|p1a: Zamazenta|[miss]\n|-miss|p2b: Smeargle|p1a: Zamazenta\n|\n|-weather|SunnyDay|[upkeep]\n|-ability|p2b: Smeargle|Moody|boost\n|-boost|p2b: Smeargle|atk|2\n|-unboost|p2b: Smeargle|spd|1\n|upkeep\n|\n|t:|1769741840\n|switch|p1b: Calyrex|Calyrex-Shadow, L50|100/100\n|-ability|p1b: Calyrex|As One\n|-ability|p1b: Calyrex|Unnerve\n|turn|5\n|c|\u2606Unskilled99|and that's one\n|inactive|Unskilled99 has 30 seconds left.\n|\n|t:|1769741870\n|move|p2a: Koraidon|Low Kick|p1a: Zamazenta\n|-damage|p1a: Zamazenta|68/100 slp\n|move|p1b: Calyrex|Psychic|p2b: Smeargle\n|-damage|p2b: Smeargle|0 fnt\n|faint|p2b: Smeargle\n|-ability|p1b: Calyrex|Grim Neigh|boost\n|-boost|p1b: Calyrex|spa|1\n|-curestatus|p1a: Zamazenta|slp|[msg]\n|move|p1a: Zamazenta|Body Press|p2a: Koraidon\n|-damage|p2a: Koraidon|0 fnt\n|faint|p2a: Koraidon\n|\n|-weather|none\n|upkeep\n|c|\u2606Unskilled99|gg\n|\n|t:|1769741878\n|switch|p2a: Calyrex|Calyrex-Ice, L50|100/100\n|-ability|p2a: Calyrex|As One\n|-ability|p2a: Calyrex|Unnerve\n|turn|6\n|c|\u2606VJ2511|gg wp\n|-message|Unskilled99 forfeited.\n|\n|win|VJ2511\n|raw|VJ2511's rating: 1409 &rarr; <strong>1430</strong><br />(+21 for winning)\n|raw|Unskilled99's rating: 1421 &rarr; <strong>1400</strong><br />(-21 for losing)\n|l|\u2606Unskilled99\n|player|p2|\n","uploadtime":1769741892,"views":22,"formatid":"gen9vgc2026regi","rating":1400,"private":0,"password":null}