{"id":"gen9vgc2026regi-2575633089","format":"[Gen 9] VGC 2026 Reg I","players":["Bobbertests","fogdocker"],"log":"|j|\u2606Bobbertests\n|j|\u2606fogdocker\n|t:|1775379168\n|gametype|doubles\n|player|p1|Bobbertests|2|1481\n|player|p2|fogdocker|101|1593\n|gen|9\n|tier|[Gen 9] VGC 2026 Reg I\n|rated|\n|rule|Species Clause: Limit one of each Pok\u00e9mon\n|rule|Item Clause: Limit 1 of each item\n|clearpoke\n|poke|p1|Incineroar, L50, M|\n|poke|p1|Calyrex-Ice, L50|\n|poke|p1|Rillaboom, L50, F|\n|poke|p1|Smeargle, L50, M|\n|poke|p1|Landorus, L50, M|\n|poke|p1|Koraidon, L50|\n|poke|p2|Calyrex-Ice, L50|\n|poke|p2|Koraidon, L50|\n|poke|p2|Flutter Mane, L50|\n|poke|p2|Incineroar, L50, F|\n|poke|p2|Rillaboom, L50, F|\n|poke|p2|Volcarona, L50, M|\n|teampreview|4\n|inactive|Battle timer is ON: inactive players will automatically lose when time's up. (requested by fogdocker)\n|\n|t:|1775379191\n|teamsize|p1|4\n|teamsize|p2|4\n|start\n|switch|p1a: Incineroar|Incineroar, L50, M|100/100\n|switch|p1b: Calyrex|Calyrex-Ice, L50|100/100\n|switch|p2a: Rillaboom|Rillaboom, L50, F|100/100\n|switch|p2b: Koraidon|Koraidon, L50|100/100\n|-ability|p1b: Calyrex|As One\n|-ability|p1b: Calyrex|Unnerve\n|-weather|SunnyDay|[from] ability: Orichalcum Pulse|[of] p2b: Koraidon\n|-activate|p2b: Koraidon|Orichalcum Pulse|[source]\n|-fieldstart|move: Grassy Terrain|[from] ability: Grassy Surge|[of] p2a: Rillaboom\n|-ability|p1a: Incineroar|Intimidate|boost\n|-unboost|p2a: Rillaboom|atk|1\n|-unboost|p2b: Koraidon|atk|1\n|turn|1\n|j| ThatOtherOneWeirdo\n|\n|t:|1775379207\n|-terastallize|p1b: Calyrex|Fairy\n|move|p2a: Rillaboom|Fake Out|p1b: Calyrex\n|-damage|p1b: Calyrex|95/100\n|move|p1a: Incineroar|Fake Out|p2a: Rillaboom\n|-damage|p2a: Rillaboom|90/100\n|move|p2b: Koraidon|Close Combat|p1a: Incineroar\n|-supereffective|p1a: Incineroar\n|-damage|p1a: Incineroar|0 fnt\n|-unboost|p2b: Koraidon|def|1\n|-unboost|p2b: Koraidon|spd|1\n|faint|p1a: Incineroar\n|-damage|p2b: Koraidon|91/100|[from] item: Life Orb\n|cant|p1b: Calyrex|flinch\n|\n|-weather|SunnyDay|[upkeep]\n|-heal|p2b: Koraidon|96/100|[from] Grassy Terrain\n|-heal|p2a: Rillaboom|96/100|[from] Grassy Terrain\n|-heal|p1b: Calyrex|100/100|[from] Grassy Terrain\n|upkeep\n|j| moltrecord\n|\n|t:|1775379215\n|switch|p1a: Koraidon|Koraidon, L50|100/100\n|-activate|p1a: Koraidon|ability: Orichalcum Pulse\n|turn|2\n|\n|t:|1775379221\n|switch|p2a: Volcarona|Volcarona, L50, M|100/100\n|move|p2b: Koraidon|Protect|p2b: Koraidon\n|-singleturn|p2b: Koraidon|Protect\n|move|p1a: Koraidon|Flame Charge|p2a: Volcarona\n|-damage|p2a: Volcarona|67/100\n|-boost|p1a: Koraidon|spe|1\n|-damage|p1a: Koraidon|84/100|[from] item: Rocky Helmet|[of] p2a: Volcarona\n|move|p1b: Calyrex|Glacial Lance|p2b: Koraidon|[spread] p2a\n|-activate|p2b: Koraidon|move: Protect\n|-resisted|p2a: Volcarona\n|-damage|p2a: Volcarona|44/100\n|\n|-weather|SunnyDay|[upkeep]\n|-heal|p1a: Koraidon|90/100|[from] Grassy Terrain\n|-heal|p2b: Koraidon|100/100|[from] Grassy Terrain\n|-heal|p2a: Volcarona|50/100|[from] Grassy Terrain\n|upkeep\n|turn|3\n|\n|t:|1775379242\n|-terastallize|p2b: Koraidon|Fire\n|move|p2a: Volcarona|Rage Powder|p2a: Volcarona\n|-singleturn|p2a: Volcarona|move: Rage Powder\n|move|p1a: Koraidon|Low Kick|p2a: Volcarona\n|-resisted|p2a: Volcarona\n|-damage|p2a: Volcarona|30/100\n|-damage|p1a: Koraidon|74/100|[from] item: Rocky Helmet|[of] p2a: Volcarona\n|move|p2b: Koraidon|Close Combat|p1a: Koraidon\n|-damage|p1a: Koraidon|10/100\n|-unboost|p2b: Koraidon|def|1\n|-unboost|p2b: Koraidon|spd|1\n|-damage|p2b: Koraidon|91/100|[from] item: Life Orb\n|move|p1b: Calyrex|Glacial Lance|p2b: Koraidon|[spread] p2a,p2b\n|-resisted|p2a: Volcarona\n|-resisted|p2b: Koraidon\n|-damage|p2a: Volcarona|3/100\n|-damage|p2b: Koraidon|44/100\n|\n|-weather|SunnyDay|[upkeep]\n|-heal|p1a: Koraidon|16/100|[from] Grassy Terrain\n|-heal|p2b: Koraidon|50/100|[from] Grassy Terrain\n|-heal|p2a: Volcarona|9/100|[from] Grassy Terrain\n|upkeep\n|turn|4\n|\n|t:|1775379263\n|move|p1a: Koraidon|Protect|p1a: Koraidon\n|-singleturn|p1a: Koraidon|Protect\n|move|p2a: Volcarona|Rage Powder|p2a: Volcarona\n|-singleturn|p2a: Volcarona|move: Rage Powder\n|move|p2b: Koraidon|Flare Blitz|p1b: Calyrex\n|-damage|p1b: Calyrex|32/100\n|-damage|p2b: Koraidon|23/100|[from] Recoil\n|-damage|p2b: Koraidon|13/100|[from] item: Life Orb\n|move|p1b: Calyrex|Glacial Lance|p2b: Koraidon|[spread] p2a,p2b\n|-resisted|p2a: Volcarona\n|-resisted|p2b: Koraidon\n|-damage|p2a: Volcarona|0 fnt\n|-damage|p2b: Koraidon|0 fnt\n|faint|p2a: Volcarona\n|faint|p2b: Koraidon\n|-ability|p1b: Calyrex|Chilling Neigh|boost\n|-boost|p1b: Calyrex|atk|2\n|\n|-weather|SunnyDay|[upkeep]\n|-heal|p1a: Koraidon|22/100|[from] Grassy Terrain\n|-heal|p1b: Calyrex|38/100|[from] Grassy Terrain\n|-heal|p1b: Calyrex|43/100|[from] item: Leftovers\n|upkeep\n|\n|t:|1775379266\n|switch|p2b: Calyrex|Calyrex-Ice, L50|100/100\n|switch|p2a: Rillaboom|Rillaboom, L50, F|96/100\n|-ability|p2b: Calyrex|As One\n|-ability|p2b: Calyrex|Unnerve\n|turn|5\n|inactive|fogdocker has 30 seconds left.\n|\n|t:|1775379296\n|move|p2a: Rillaboom|Fake Out|p1b: Calyrex\n|-crit|p1b: Calyrex\n|-damage|p1b: Calyrex|31/100\n|move|p1a: Koraidon|Flare Blitz|p2b: Calyrex\n|-supereffective|p2b: Calyrex\n|-damage|p2b: Calyrex|11/100\n|-damage|p1a: Koraidon|0 fnt|[from] Recoil\n|faint|p1a: Koraidon\n|cant|p1b: Calyrex|flinch\n|move|p2b: Calyrex|Glacial Lance|p1b: Calyrex\n|-damage|p1b: Calyrex|0 fnt\n|faint|p1b: Calyrex\n|-ability|p2b: Calyrex|Chilling Neigh|boost\n|-boost|p2b: Calyrex|atk|1\n|\n|-weather|none\n|-heal|p2a: Rillaboom|100/100|[from] Grassy Terrain\n|-heal|p2b: Calyrex|16/100|[from] Grassy Terrain\n|-heal|p2b: Calyrex|22/100|[from] item: Leftovers\n|-fieldend|move: Grassy Terrain\n|upkeep\n|\n|t:|1775379304\n|switch|p1b: Landorus|Landorus, L50, M|100/100\n|turn|6\n|\n|t:|1775379312\n|move|p2b: Calyrex|Protect|p2b: Calyrex\n|-singleturn|p2b: Calyrex|Protect\n|move|p1b: Landorus|Sandsear Storm|p2b: Calyrex|[spread] p2a\n|-activate|p2b: Calyrex|move: Protect\n|-resisted|p2a: Rillaboom\n|-damage|p2a: Rillaboom|81/100\n|move|p2a: Rillaboom|Wood Hammer|p1b: Landorus\n|-damage|p1b: Landorus|37/100\n|-damage|p2a: Rillaboom|61/100|[from] Recoil\n|\n|-heal|p2b: Calyrex|28/100|[from] item: Leftovers\n|upkeep\n|turn|7\n|-message|Bobbertests forfeited.\n|\n|win|fogdocker\n|raw|Bobbertests's rating: 1481 &rarr; <strong>1467</strong><br />(-14 for losing)\n|raw|fogdocker's rating: 1593 &rarr; <strong>1607</strong><br />(+14 for winning)\n|l|\u2606Bobbertests\n|player|p1|\n|l|\u2606fogdocker\n|player|p2|\n|l| ThatOtherOneWeirdo\n","uploadtime":1775379359,"views":8,"formatid":"gen9vgc2026regi","rating":1467,"private":0,"password":null}