{"id":"gen9vgc2026regi-2567456362","format":"[Gen 9] VGC 2026 Reg I","players":["ArisHazard","Quaza15"],"log":"|j|\u2606ArisHazard\n|j|\u2606Quaza15\n|t:|1774477720\n|gametype|doubles\n|player|p1|ArisHazard|101|1387\n|player|p2|Quaza15|ruinmaniac|1437\n|gen|9\n|tier|[Gen 9] VGC 2026 Reg I\n|rated|\n|rule|Species Clause: Limit one of each Pok\u00e9mon\n|rule|Item Clause: Limit 1 of each item\n|clearpoke\n|poke|p1|Calyrex-Ice, L50|\n|poke|p1|Hitmontop, L50, M|\n|poke|p1|Miraidon, L50|\n|poke|p1|Sableye, L50, M|\n|poke|p1|Ting-Lu, L50|\n|poke|p1|Volcarona, L50, M|\n|poke|p2|Miraidon, L50|\n|poke|p2|Lunala, L50|\n|poke|p2|Whimsicott, L50, M|\n|poke|p2|Urshifu-*, L50, M|\n|poke|p2|Incineroar, L50, F|\n|poke|p2|Ursaluna, L50, M|\n|teampreview|4\n|inactive|Battle timer is ON: inactive players will automatically lose when time's up. (requested by ArisHazard)\n|inactive|Quaza15 has 60 seconds left.\n|\n|t:|1774477795\n|teamsize|p1|4\n|teamsize|p2|4\n|start\n|switch|p1a: Miraidon|Miraidon, L50|100/100\n|switch|p1b: Hitmontop|Hitmontop, L50, M|100/100\n|switch|p2a: Whimsycott|Whimsicott, L50, M|100/100\n|switch|p2b: BZZZT|Miraidon, L50|100/100\n|-fieldstart|move: Electric Terrain|[from] ability: Hadron Engine|[of] p2b: BZZZT\n|-activate|p1a: Miraidon|ability: Hadron Engine\n|-ability|p1b: Hitmontop|Intimidate|boost\n|-unboost|p2a: Whimsycott|atk|1\n|-unboost|p2b: BZZZT|atk|1\n|turn|1\n|\n|t:|1774477810\n|-terastallize|p2a: Whimsycott|Water\n|move|p2b: BZZZT|Protect|p2b: BZZZT\n|-singleturn|p2b: BZZZT|Protect\n|move|p1b: Hitmontop|Fake Out|p2b: BZZZT\n|-activate|p2b: BZZZT|move: Protect\n|move|p2a: Whimsycott|Light Screen|p2a: Whimsycott\n|-sidestart|p2: Quaza15|move: Light Screen\n|move|p1a: Miraidon|Snarl|p2b: BZZZT|[spread] p2a\n|-activate|p2b: BZZZT|move: Protect\n|-damage|p2a: Whimsycott|87/100\n|\n|upkeep\n|turn|2\n|\n|t:|1774477827\n|switch|p1b: Calyrex|Calyrex-Ice, L50|100/100\n|-ability|p1b: Calyrex|As One\n|-ability|p1b: Calyrex|Unnerve\n|move|p2a: Whimsycott|Encore|p1a: Miraidon\n|-start|p1a: Miraidon|Encore\n|move|p2b: BZZZT|Electro Drift|p1b: Calyrex\n|-damage|p1b: Calyrex|19/100\n|-damage|p2b: BZZZT|91/100|[from] item: Life Orb\n|move|p1a: Miraidon|Snarl|p2a: Whimsycott|[spread] p2a,p2b\n|-damage|p2a: Whimsycott|74/100\n|-damage|p2b: BZZZT|79/100\n|-unboost|p2b: BZZZT|spa|1\n|\n|upkeep\n|turn|3\n|\n|t:|1774477849\n|-terastallize|p1a: Miraidon|Electric\n|move|p1b: Calyrex|Protect|p1b: Calyrex\n|-singleturn|p1b: Calyrex|Protect\n|move|p2b: BZZZT|Electro Drift|p1b: Calyrex\n|-activate|p1b: Calyrex|move: Protect\n|move|p1a: Miraidon|Snarl|p2b: BZZZT|[spread] p2a,p2b\n|-crit|p2a: Whimsycott\n|-damage|p2a: Whimsycott|43/100\n|-damage|p2b: BZZZT|66/100\n|-unboost|p2b: BZZZT|spa|1\n|move|p2a: Whimsycott|Moonblast|p1a: Miraidon\n|-damage|p1a: Miraidon|85/100\n|\n|upkeep\n|turn|4\n|\n|t:|1774477866\n|switch|p1b: Hitmontop|Hitmontop, L50, M|100/100\n|-ability|p1b: Hitmontop|Intimidate|boost\n|-unboost|p2a: Whimsycott|atk|1\n|-unboost|p2b: BZZZT|atk|1\n|move|p2a: Whimsycott|Encore||[still]\n|-fail|p2a: Whimsycott\n|move|p2b: BZZZT|Volt Switch|p1a: Miraidon\n|-resisted|p1a: Miraidon\n|-damage|p1a: Miraidon|71/100\n|-damage|p2b: BZZZT|56/100|[from] item: Life Orb\n|\n|t:|1774477869\n|switch|p2b: Crimson moon|Lunala, L50, shiny|100/100|[from] Volt Switch\n|-enditem|p2b: Crimson moon|Electric Seed\n|-boost|p2b: Crimson moon|def|1|[from] item: Electric Seed\n|move|p1a: Miraidon|Snarl|p2a: Whimsycott|[spread] p2b\n|-miss|p1a: Miraidon|p2a: Whimsycott\n|-supereffective|p2b: Crimson moon\n|-damage|p2b: Crimson moon|80/100\n|-unboost|p2b: Crimson moon|spa|1\n|\n|-end|p1a: Miraidon|Encore\n|upkeep\n|turn|5\n|\n|t:|1774477893\n|switch|p2b: \u0f3c\u3064\u25d5_\u25d5\u0f3d\u3064\u1da0\u1db8\u1d9c\u1d4f\u1d67\u2092\u1d64\uff01|Urshifu-Rapid-Strike, L50, M|100/100\n|switch|p1b: Calyrex|Calyrex-Ice, L50|19/100\n|-ability|p1b: Calyrex|As One\n|-ability|p1b: Calyrex|Unnerve\n|move|p2a: Whimsycott|Encore|p1a: Miraidon\n|-start|p1a: Miraidon|Encore\n|move|p1a: Miraidon|Snarl|p2b: \u0f3c\u3064\u25d5_\u25d5\u0f3d\u3064\u1da0\u1db8\u1d9c\u1d4f\u1d67\u2092\u1d64\uff01|[spread] p2a,p2b\n|-resisted|p2b: \u0f3c\u3064\u25d5_\u25d5\u0f3d\u3064\u1da0\u1db8\u1d9c\u1d4f\u1d67\u2092\u1d64\uff01\n|-damage|p2a: Whimsycott|29/100\n|-damage|p2b: \u0f3c\u3064\u25d5_\u25d5\u0f3d\u3064\u1da0\u1db8\u1d9c\u1d4f\u1d67\u2092\u1d64\uff01|91/100\n|-unboost|p2b: \u0f3c\u3064\u25d5_\u25d5\u0f3d\u3064\u1da0\u1db8\u1d9c\u1d4f\u1d67\u2092\u1d64\uff01|spa|1\n|\n|-sideend|p2: Quaza15|move: Light Screen\n|-fieldend|move: Electric Terrain\n|upkeep\n|turn|6\n|\n|t:|1774477915\n|switch|p1a: Hitmontop|Hitmontop, L50, M|100/100\n|-ability|p1a: Hitmontop|Intimidate|boost\n|-unboost|p2a: Whimsycott|atk|1\n|-unboost|p2b: \u0f3c\u3064\u25d5_\u25d5\u0f3d\u3064\u1da0\u1db8\u1d9c\u1d4f\u1d67\u2092\u1d64\uff01|atk|1\n|move|p2b: \u0f3c\u3064\u25d5_\u25d5\u0f3d\u3064\u1da0\u1db8\u1d9c\u1d4f\u1d67\u2092\u1d64\uff01|Surging Strikes|p1b: Calyrex\n|-crit|p1b: Calyrex\n|-damage|p1b: Calyrex|0 fnt\n|faint|p1b: Calyrex\n|-hitcount|p1: Calyrex|1\n|move|p2a: Whimsycott|Moonblast|p1a: Hitmontop\n|-supereffective|p1a: Hitmontop\n|-damage|p1a: Hitmontop|55/100\n|\n|upkeep\n|\n|t:|1774477929\n|switch|p1b: Miraidon|Miraidon, L50, tera:Electric|71/100\n|-fieldstart|move: Electric Terrain|[from] ability: Hadron Engine|[of] p1b: Miraidon\n|turn|7\n|\n|t:|1774477940\n|switch|p2b: Crimson moon|Lunala, L50, shiny|80/100\n|move|p2a: Whimsycott|Tailwind|p2a: Whimsycott\n|-sidestart|p2: Quaza15|move: Tailwind\n|move|p1b: Miraidon|Volt Switch|p2a: Whimsycott\n|-supereffective|p2a: Whimsycott\n|-damage|p2a: Whimsycott|0 fnt\n|faint|p2a: Whimsycott\n|\n|t:|1774477950\n|switch|p1b: Sableye|Sableye, L50, M|100/100|[from] Volt Switch\n|move|p1a: Hitmontop|Close Combat|p2b: Crimson moon\n|-immune|p2b: Crimson moon\n|\n|upkeep\n|\n|t:|1774477957\n|switch|p2a: BZZZT|Miraidon, L50|56/100\n|-activate|p2a: BZZZT|ability: Hadron Engine\n|turn|8\n|\n|t:|1774477969\n|move|p1b: Sableye|Protect|p1b: Sableye\n|-singleturn|p1b: Sableye|Protect\n|move|p2a: BZZZT|Electro Drift|p1b: Sableye\n|-activate|p1b: Sableye|move: Protect\n|move|p2b: Crimson moon|Moonblast|p1a: Hitmontop\n|-supereffective|p1a: Hitmontop\n|-damage|p1a: Hitmontop|0 fnt\n|faint|p1a: Hitmontop\n|\n|upkeep\n|\n|t:|1774477980\n|switch|p1a: Miraidon|Miraidon, L50, tera:Electric|71/100\n|-activate|p1a: Miraidon|ability: Hadron Engine\n|turn|9\n|\n|t:|1774478001\n|move|p1b: Sableye|Disable|p2b: Crimson moon\n|-start|p2b: Crimson moon|Disable|Moonblast\n|move|p2a: BZZZT|Draco Meteor|p1a: Miraidon\n|-damage|p1a: Miraidon|0 fnt\n|-unboost|p2a: BZZZT|spa|2\n|faint|p1a: Miraidon\n|-damage|p2a: BZZZT|47/100|[from] item: Life Orb\n|move|p2b: Crimson moon|Moongeist Beam|p1b: Sableye\n|-damage|p1b: Sableye|20/100\n|-enditem|p1b: Sableye|Sitrus Berry|[eat]\n|-heal|p1b: Sableye|45/100|[from] item: Sitrus Berry\n|\n|upkeep\n|turn|10\n|-message|ArisHazard forfeited.\n|\n|win|Quaza15\n|raw|ArisHazard's rating: 1387 &rarr; <strong>1370</strong><br />(-17 for losing)\n|raw|Quaza15's rating: 1437 &rarr; <strong>1454</strong><br />(+17 for winning)\n","uploadtime":1774478012,"views":12,"formatid":"gen9vgc2026regi","rating":1370,"private":0,"password":null}