{"id":"gen9vgc2026regi-2575573305","format":"[Gen 9] VGC 2026 Reg I","players":["asroarri","blackred123"],"log":"|j|\u2606asroarri\n|j|\u2606blackred123\n|t:|1775369017\n|gametype|doubles\n|player|p1|asroarri|dawn|1485\n|player|p2|blackred123|iono-masters|1498\n|gen|9\n|tier|[Gen 9] VGC 2026 Reg I\n|rated|\n|rule|Species Clause: Limit one of each Pok\u00e9mon\n|rule|Item Clause: Limit 1 of each item\n|clearpoke\n|poke|p1|Kyogre, L50|\n|poke|p1|Eternatus, L50|\n|poke|p1|Indeedee-F, L50, F|\n|poke|p1|Overqwil, L50, M|\n|poke|p1|Araquanid, L50, F|\n|poke|p1|Wo-Chien, L50|\n|poke|p2|Kyogre, L50|\n|poke|p2|Zamazenta-*, L50|\n|poke|p2|Chien-Pao, L50|\n|poke|p2|Amoonguss, L50, F|\n|poke|p2|Dragonite, L50, F|\n|poke|p2|Rillaboom, L50, M|\n|teampreview|4\n|inactive|Battle timer is ON: inactive players will automatically lose when time's up. (requested by blackred123)\n|inactive|blackred123 has 60 seconds left.\n|\n|t:|1775369049\n|teamsize|p1|4\n|teamsize|p2|4\n|start\n|switch|p1a: Araquanid|Araquanid, L50, F|100/100\n|switch|p1b: Wo-Chien|Wo-Chien, L50|100/100\n|switch|p2a: Zamazenta|Zamazenta-Crowned, L50|100/100\n|switch|p2b: Chien-Pao|Chien-Pao, L50|100/100\n|-ability|p2b: Chien-Pao|Sword of Ruin\n|-ability|p2a: Zamazenta|Dauntless Shield|boost\n|-boost|p2a: Zamazenta|def|1\n|-ability|p1b: Wo-Chien|Tablets of Ruin\n|turn|1\n|inactive|blackred123 has 30 seconds left.\n|\n|t:|1775369080\n|-terastallize|p2a: Zamazenta|Grass\n|-terastallize|p1b: Wo-Chien|Poison\n|move|p2b: Chien-Pao|Ice Spinner|p1a: Araquanid\n|-resisted|p1a: Araquanid\n|-damage|p1a: Araquanid|79/100\n|move|p2a: Zamazenta|Body Press|p1a: Araquanid\n|-resisted|p1a: Araquanid\n|-damage|p1a: Araquanid|42/100\n|-enditem|p1a: Araquanid|Sitrus Berry|[eat]\n|-heal|p1a: Araquanid|66/100|[from] item: Sitrus Berry\n|move|p1b: Wo-Chien|Leech Seed|p2a: Zamazenta\n|-immune|p2a: Zamazenta\n|move|p1a: Araquanid|Sticky Web|p2b: Chien-Pao\n|-sidestart|p2: blackred123|move: Sticky Web\n|\n|upkeep\n|turn|2\n|\n|t:|1775369101\n|move|p2b: Chien-Pao|Taunt|p1b: Wo-Chien\n|-start|p1b: Wo-Chien|move: Taunt\n|move|p2a: Zamazenta|Body Press|p1a: Araquanid\n|-resisted|p1a: Araquanid\n|-damage|p1a: Araquanid|32/100\n|move|p1b: Wo-Chien|Ruination|p2b: Chien-Pao\n|-damage|p2b: Chien-Pao|51/100\n|move|p1a: Araquanid|Liquidation|p2b: Chien-Pao\n|-damage|p2b: Chien-Pao|0 fnt\n|faint|p2b: Chien-Pao\n|\n|upkeep\n|\n|t:|1775369119\n|switch|p2b: Dragonite|Dragonite, L50, F|100/100\n|turn|3\n|\n|t:|1775369131\n|move|p2a: Zamazenta|Body Press|p1a: Araquanid\n|-resisted|p1a: Araquanid\n|-damage|p1a: Araquanid|3/100\n|move|p2b: Dragonite|Aerial Ace|p1b: Wo-Chien\n|-damage|p1b: Wo-Chien|73/100\n|move|p1b: Wo-Chien|Ruination|p2a: Zamazenta\n|-damage|p2a: Zamazenta|50/100\n|move|p1a: Araquanid|Liquidation|p2b: Dragonite\n|-resisted|p2b: Dragonite\n|-damage|p2b: Dragonite|81/100\n|\n|-heal|p1b: Wo-Chien|80/100|[from] item: Leftovers\n|upkeep\n|turn|4\n|inactive|asroarri has 30 seconds left.\n|\n|t:|1775369156\n|move|p2a: Zamazenta|Body Press|p1a: Araquanid\n|-resisted|p1a: Araquanid\n|-damage|p1a: Araquanid|0 fnt\n|faint|p1a: Araquanid\n|move|p2b: Dragonite|Aerial Ace|p1b: Wo-Chien\n|-crit|p1b: Wo-Chien\n|-damage|p1b: Wo-Chien|37/100\n|move|p1b: Wo-Chien|Ruination|p2b: Dragonite\n|-damage|p2b: Dragonite|41/100\n|\n|-heal|p1b: Wo-Chien|43/100|[from] item: Leftovers\n|-end|p1b: Wo-Chien|move: Taunt\n|upkeep\n|\n|t:|1775369164\n|switch|p1a: Eternatus|Eternatus, L50|100/100\n|-ability|p1a: Eternatus|Pressure\n|turn|5\n|\n|t:|1775369172\n|switch|p2b: Kyogre|Kyogre, L50|100/100\n|-activate|p2b: Kyogre|move: Sticky Web\n|-unboost|p2b: Kyogre|spe|1\n|-weather|RainDance|[from] ability: Drizzle|[of] p2b: Kyogre\n|move|p1a: Eternatus|Sludge Bomb|p2a: Zamazenta\n|-supereffective|p2a: Zamazenta\n|-damage|p2a: Zamazenta|0 fnt\n|faint|p2a: Zamazenta\n|move|p1b: Wo-Chien|Pollen Puff|p1a: Eternatus\n|\n|-weather|RainDance|[upkeep]\n|-heal|p1b: Wo-Chien|49/100|[from] item: Leftovers\n|upkeep\n|\n|t:|1775369182\n|switch|p2a: Dragonite|Dragonite, L50, F|41/100\n|turn|6\n|\n|t:|1775369191\n|move|p2a: Dragonite|Extreme Speed|p1b: Wo-Chien\n|-damage|p1b: Wo-Chien|27/100\n|move|p1a: Eternatus|Sludge Bomb|p2a: Dragonite\n|-damage|p2a: Dragonite|0 fnt\n|faint|p2a: Dragonite\n|move|p2b: Kyogre|Origin Pulse|p1b: Wo-Chien|[spread] p1a,p1b\n|-resisted|p1a: Eternatus\n|-damage|p1a: Eternatus|72/100\n|-damage|p1b: Wo-Chien|0 fnt\n|faint|p1b: Wo-Chien\n|\n|-weather|RainDance|[upkeep]\n|upkeep\n|\n|t:|1775369198\n|switch|p1b: Kyogre|Kyogre, L50|100/100\n|turn|7\n|\n|t:|1775369202\n|move|p1a: Eternatus|Sludge Bomb|p2b: Kyogre\n|-crit|p2b: Kyogre\n|-damage|p2b: Kyogre|25/100\n|move|p1b: Kyogre|Water Spout|p2b: Kyogre\n|-resisted|p2b: Kyogre\n|-damage|p2b: Kyogre|0 fnt\n|faint|p2b: Kyogre\n|-damage|p1b: Kyogre|91/100|[from] item: Life Orb\n|\n|win|asroarri\n|raw|asroarri's rating: 1485 &rarr; <strong>1506</strong><br />(+21 for winning)\n|raw|blackred123's rating: 1498 &rarr; <strong>1477</strong><br />(-21 for losing)\n|l|\u2606blackred123\n|player|p2|\n","uploadtime":1775369212,"views":7,"formatid":"gen9vgc2026regi","rating":1477,"private":0,"password":null}