{"id":"gen9vgc2026regi-2587472615","format":"[Gen 9] VGC 2026 Reg I","players":["MadMozzy","strangemarowak"],"log":"|j|\u2606MadMozzy\n|j|\u2606strangemarowak\n|t:|1776534728\n|gametype|doubles\n|player|p1|MadMozzy|nate|1416\n|player|p2|strangemarowak|iris-gen5bw2|1479\n|gen|9\n|tier|[Gen 9] VGC 2026 Reg I\n|rated|\n|rule|Species Clause: Limit one of each Pok\u00e9mon\n|rule|Item Clause: Limit 1 of each item\n|clearpoke\n|poke|p1|Calyrex-Ice, L50|\n|poke|p1|Kyogre, L50|\n|poke|p1|Iron Jugulis, L50|\n|poke|p1|Basculegion, L50, M|\n|poke|p1|Smeargle, L50, F|\n|poke|p1|Rillaboom, L50, F|\n|poke|p2|Calyrex-Ice, L50|\n|poke|p2|Miraidon, L50|\n|poke|p2|Grimmsnarl, L50, M|\n|poke|p2|Urshifu-*, L50, M|\n|poke|p2|Incineroar, L50, M|\n|poke|p2|Landorus, L50, M|\n|teampreview|4\nMadMozzy has agreed to open team sheets.\n|inactive|Battle timer is ON: inactive players will automatically lose when time's up. (requested by strangemarowak)\nstrangemarowak rejected open team sheets.\n|inactive|MadMozzy has 60 seconds left.\n|\n|t:|1776534794\n|teamsize|p1|4\n|teamsize|p2|4\n|start\n|switch|p1a: Kyogre|Kyogre, L50|100/100\n|switch|p1b: Iron Jugulis|Iron Jugulis, L50|100/100\n|switch|p2a: Calyrex|Calyrex-Ice, L50|100/100\n|switch|p2b: Grimmsnarl|Grimmsnarl, L50, M, shiny|100/100\n|-ability|p2a: Calyrex|As One\n|-ability|p2a: Calyrex|Unnerve\n|-weather|RainDance|[from] ability: Drizzle|[of] p1a: Kyogre\n|-enditem|p1b: Iron Jugulis|Booster Energy\n|-activate|p1b: Iron Jugulis|ability: Quark Drive|[fromitem]\n|-start|p1b: Iron Jugulis|quarkdrivespe\n|turn|1\n|\n|t:|1776534818\n|move|p2b: Grimmsnarl|Light Screen|p2b: Grimmsnarl\n|-sidestart|p2: strangemarowak|move: Light Screen\n|move|p1b: Iron Jugulis|Tailwind|p1b: Iron Jugulis\n|-sidestart|p1: MadMozzy|move: Tailwind\n|move|p1a: Kyogre|Water Spout|p2b: Grimmsnarl|[spread] p2a,p2b\n|-damage|p2a: Calyrex|52/100\n|-damage|p2b: Grimmsnarl|29/100\n|move|p2a: Calyrex|Trick Room|p2a: Calyrex\n|-fieldstart|move: Trick Room|[of] p2a: Calyrex\n|\n|-weather|RainDance|[upkeep]\n|-heal|p2a: Calyrex|58/100|[from] item: Leftovers\n|upkeep\n|turn|2\n|inactive|MadMozzy has 30 seconds left.\n|\n|t:|1776534849\n|move|p1b: Iron Jugulis|Protect|p1b: Iron Jugulis\n|-singleturn|p1b: Iron Jugulis|Protect\n|move|p2b: Grimmsnarl|Reflect|p2b: Grimmsnarl\n|-sidestart|p2: strangemarowak|Reflect\n|move|p2a: Calyrex|Leech Seed|p1b: Iron Jugulis\n|-activate|p1b: Iron Jugulis|move: Protect\n|move|p1a: Kyogre|Water Spout|p2a: Calyrex|[spread] p2a,p2b\n|-damage|p2a: Calyrex|10/100\n|-damage|p2b: Grimmsnarl|0 fnt\n|faint|p2b: Grimmsnarl\n|\n|-weather|RainDance|[upkeep]\n|-heal|p2a: Calyrex|15/100|[from] item: Leftovers\n|upkeep\n|\n|t:|1776534852\n|switch|p2b: Landorus|Landorus, L50, M, shiny|100/100\n|turn|3\n|\n|t:|1776534875\n|-end|p1b: Iron Jugulis|Quark Drive|[silent]\n|switch|p1b: Calyrex|Calyrex-Ice, L50|100/100\n|-ability|p1b: Calyrex|As One\n|-ability|p1b: Calyrex|Unnerve\n|move|p2a: Calyrex|Glacial Lance|p1a: Kyogre|[spread] p1a,p1b\n|-resisted|p1a: Kyogre\n|-resisted|p1b: Calyrex\n|-damage|p1a: Kyogre|74/100\n|-damage|p1b: Calyrex|83/100\n|move|p2b: Landorus|Sludge Bomb|p1a: Kyogre\n|-crit|p1a: Kyogre\n|-damage|p1a: Kyogre|28/100\n|move|p1a: Kyogre|Water Spout|p2a: Calyrex|[spread] p2a,p2b\n|-supereffective|p2b: Landorus\n|-damage|p2a: Calyrex|2/100\n|-damage|p2b: Landorus|61/100\n|\n|-weather|RainDance|[upkeep]\n|-heal|p2a: Calyrex|8/100|[from] item: Leftovers\n|-heal|p1b: Calyrex|89/100|[from] item: Leftovers\n|upkeep\n|turn|4\n|\n|t:|1776534899\n|-terastallize|p2b: Landorus|Poison\n|move|p2a: Calyrex|Protect|p2a: Calyrex\n|-singleturn|p2a: Calyrex|Protect\n|move|p1a: Kyogre|Protect|p1a: Kyogre\n|-singleturn|p1a: Kyogre|Protect\n|move|p2b: Landorus|Sludge Bomb|p1a: Kyogre\n|-activate|p1a: Kyogre|move: Protect\n|move|p1b: Calyrex|Glacial Lance|p2b: Landorus|[spread] p2b\n|-activate|p2a: Calyrex|move: Protect\n|-damage|p2b: Landorus|27/100\n|\n|-weather|RainDance|[upkeep]\n|-heal|p2a: Calyrex|14/100|[from] item: Leftovers\n|-heal|p1b: Calyrex|95/100|[from] item: Leftovers\n|-sideend|p1: MadMozzy|move: Tailwind\n|upkeep\n|turn|5\n|inactive|MadMozzy has 30 seconds left.\n|\n|t:|1776534928\n|move|p2a: Calyrex|Leech Seed|p1b: Calyrex\n|-start|p1b: Calyrex|move: Leech Seed\n|move|p1b: Calyrex|Glacial Lance|p2b: Landorus|[spread] p2a,p2b\n|-resisted|p2a: Calyrex\n|-damage|p2a: Calyrex|3/100\n|-damage|p2b: Landorus|0 fnt\n|faint|p2b: Landorus\n|-ability|p1b: Calyrex|Chilling Neigh|boost\n|-boost|p1b: Calyrex|atk|1\n|move|p1a: Kyogre|Hydro Pump|p2a: Calyrex|[miss]\n|-miss|p1a: Kyogre|p2a: Calyrex\n|\n|-weather|none\n|-heal|p1b: Calyrex|100/100|[from] item: Leftovers\n|-heal|p2a: Calyrex|9/100|[from] item: Leftovers\n|-damage|p1b: Calyrex|88/100|[from] Leech Seed|[of] p2a: Calyrex\n|-heal|p2a: Calyrex|21/100|[silent]\n|-fieldend|move: Trick Room\n|upkeep\n|\n|t:|1776534933\n|switch|p2b: Miraidon|Miraidon, L50, shiny|100/100\n|-fieldstart|move: Electric Terrain|[from] ability: Hadron Engine|[of] p2b: Miraidon\n|turn|6\n|\n|t:|1776534955\n|move|p2a: Calyrex|Protect|p2a: Calyrex\n|-singleturn|p2a: Calyrex|Protect\n|move|p2b: Miraidon|Electro Drift|p1a: Kyogre\n|-supereffective|p1a: Kyogre\n|-damage|p1a: Kyogre|0 fnt\n|faint|p1a: Kyogre\n|move|p1b: Calyrex|Glacial Lance|p2b: Miraidon|[spread] p2b\n|-activate|p2a: Calyrex|move: Protect\n|-supereffective|p2b: Miraidon\n|-damage|p2b: Miraidon|8/100\n|\n|-heal|p1b: Calyrex|94/100|[from] item: Leftovers\n|-heal|p2a: Calyrex|27/100|[from] item: Leftovers\n|-damage|p1b: Calyrex|82/100|[from] Leech Seed|[of] p2a: Calyrex\n|-heal|p2a: Calyrex|39/100|[silent]\n|upkeep\n|\n|t:|1776534967\n|switch|p1a: Iron Jugulis|Iron Jugulis, L50|100/100\n|-activate|p1a: Iron Jugulis|ability: Quark Drive\n|-start|p1a: Iron Jugulis|quarkdrivespe\n|turn|7\n|\n|t:|1776534986\n|move|p1a: Iron Jugulis|Protect|p1a: Iron Jugulis\n|-singleturn|p1a: Iron Jugulis|Protect\n|move|p2b: Miraidon|Electro Drift|p1b: Calyrex\n|-damage|p1b: Calyrex|10/100\n|move|p2a: Calyrex|Glacial Lance|p1b: Calyrex|[spread] p1b\n|-activate|p1a: Iron Jugulis|move: Protect\n|-resisted|p1b: Calyrex\n|-damage|p1b: Calyrex|0 fnt\n|faint|p1b: Calyrex\n|-ability|p2a: Calyrex|Chilling Neigh|boost\n|-boost|p2a: Calyrex|atk|1\n|\n|-heal|p2a: Calyrex|45/100|[from] item: Leftovers\n|upkeep\n|\n|t:|1776534995\n|switch|p1b: Basculegion|Basculegion, L50, M|100/100\n|turn|8\n|\n|t:|1776535019\n|move|p1a: Iron Jugulis|Tailwind|p1a: Iron Jugulis\n|-sidestart|p1: MadMozzy|move: Tailwind\n|move|p1b: Basculegion|Last Respects|p2b: Miraidon\n|-damage|p2b: Miraidon|0 fnt\n|faint|p2b: Miraidon\n|-damage|p1b: Basculegion|91/100|[from] item: Life Orb\n|move|p2a: Calyrex|Glacial Lance|p1a: Iron Jugulis|[spread] p1a,p1b\n|-supereffective|p1a: Iron Jugulis\n|-resisted|p1b: Basculegion\n|-damage|p1a: Iron Jugulis|0 fnt\n|-damage|p1b: Basculegion|43/100\n|faint|p1a: Iron Jugulis\n|-end|p1a: Iron Jugulis|Quark Drive|[silent]\n|-ability|p2a: Calyrex|Chilling Neigh|boost\n|-boost|p2a: Calyrex|atk|1\n|\n|-heal|p2a: Calyrex|51/100|[from] item: Leftovers\n|-sideend|p2: strangemarowak|move: Light Screen\n|upkeep\n|turn|9\n|\n|t:|1776535033\n|-terastallize|p1b: Basculegion|Ghost\n|move|p1b: Basculegion|Last Respects|p2a: Calyrex\n|-supereffective|p2a: Calyrex\n|-damage|p2a: Calyrex|0 fnt\n|faint|p2a: Calyrex\n|-damage|p1b: Basculegion|34/100|[from] item: Life Orb\n|\n|win|MadMozzy\n|raw|MadMozzy's rating: 1416 &rarr; <strong>1440</strong><br />(+24 for winning)\n|raw|strangemarowak's rating: 1479 &rarr; <strong>1455</strong><br />(-24 for losing)\n|l|\u2606strangemarowak\n|player|p2|\n|l|\u2606MadMozzy\n|player|p1|\n","uploadtime":1776535304,"views":15,"formatid":"gen9vgc2026regi","rating":1440,"private":0,"password":null}