{"id":"gen9vgc2026regi-2578039581","format":"[Gen 9] VGC 2026 Reg I","players":["Galact7adi","JustJakeyVGC"],"log":"|j|\u2606Galact7adi\n|j|\u2606JustJakeyVGC\n|t:|1775639533\n|gametype|doubles\n|player|p1|Galact7adi|hilbert|1540\n|player|p2|JustJakeyVGC|265|1495\n|gen|9\n|tier|[Gen 9] VGC 2026 Reg I\n|rated|\n|rule|Species Clause: Limit one of each Pok\u00e9mon\n|rule|Item Clause: Limit 1 of each item\n|clearpoke\n|poke|p1|Brute Bonnet, L50|\n|poke|p1|Lunala, L50|\n|poke|p1|Ursaluna, L50, M|\n|poke|p1|Chi-Yu, L50|\n|poke|p1|Koraidon, L50|\n|poke|p1|Flutter Mane, L50|\n|poke|p2|Miraidon, L50|\n|poke|p2|Calyrex-Ice, L50|\n|poke|p2|Incineroar, L50, M|\n|poke|p2|Urshifu-*, L50, M|\n|poke|p2|Amoonguss, L50, M|\n|poke|p2|Landorus, L50, M|\n|teampreview|4\n|inactive|Battle timer is ON: inactive players will automatically lose when time's up. (requested by Galact7adi)\n|inactive|JustJakeyVGC has 60 seconds left.\n|\n|t:|1775639579\n|teamsize|p1|4\n|teamsize|p2|4\n|start\n|switch|p1a: Lunala|Lunala, L50|100/100\n|switch|p1b: Brute Bonnet|Brute Bonnet, L50|100/100\n|switch|p2a: Lozz|Calyrex-Ice, L50|100/100\n|switch|p2b: Taran|Amoonguss, L50, M, shiny|100/100\n|-ability|p2a: Lozz|As One\n|-ability|p2a: Lozz|Unnerve\n|turn|1\n|inactive|Galact7adi has 30 seconds left.\n|inactive|JustJakeyVGC has 30 seconds left.\n|inactive|Galact7adi has 20 seconds left.\n|\n|t:|1775639616\n|switch|p2b: Miraidon|Miraidon, L50|100/100\n|-fieldstart|move: Electric Terrain|[from] ability: Hadron Engine|[of] p2b: Miraidon\n|-terastallize|p2a: Lozz|Fairy\n|move|p1a: Lunala|Meteor Beam||[still]\n|-prepare|p1a: Lunala|Meteor Beam\n|-boost|p1a: Lunala|spa|1\n|-enditem|p1a: Lunala|Power Herb\n|-anim|p1a: Lunala|Meteor Beam|p2a: Lozz|[miss]\n|-miss|p1a: Lunala|p2a: Lozz\n|move|p1b: Brute Bonnet|Spore|p2a: Lozz\n|-activate|p2a: Lozz|move: Electric Terrain\n|move|p2a: Lozz|Leech Seed|p1a: Lunala\n|-start|p1a: Lunala|move: Leech Seed\n|\n|-damage|p1a: Lunala|88/100|[from] Leech Seed|[of] p2a: Lozz\n|upkeep\n|turn|2\n|inactive|JustJakeyVGC has 30 seconds left.\n|inactive|Galact7adi has 30 seconds left.\n|inactive|JustJakeyVGC has 20 seconds left.\n|inactive|Galact7adi has 20 seconds left.\n|inactive|JustJakeyVGC has 15 seconds left.\n|inactive|JustJakeyVGC has 10 seconds left.\n|\n|t:|1775639662\n|-terastallize|p1a: Lunala|Water\n|move|p1b: Brute Bonnet|Rage Powder|p1b: Brute Bonnet\n|-singleturn|p1b: Brute Bonnet|move: Rage Powder\n|move|p2b: Miraidon|Draco Meteor|p1b: Brute Bonnet\n|-damage|p1b: Brute Bonnet|20/100\n|-unboost|p2b: Miraidon|spa|2\n|move|p2a: Lozz|Glacial Lance|p1a: Lunala|[spread] p1a,p1b\n|-resisted|p1a: Lunala\n|-supereffective|p1b: Brute Bonnet\n|-damage|p1a: Lunala|65/100\n|-damage|p1b: Brute Bonnet|0 fnt\n|faint|p1b: Brute Bonnet\n|-end|p1b: Brute Bonnet|Protosynthesis|[silent]\n|-ability|p2a: Lozz|Chilling Neigh|boost\n|-boost|p2a: Lozz|atk|1\n|move|p1a: Lunala|Trick Room|p1a: Lunala\n|-fieldstart|move: Trick Room|[of] p1a: Lunala\n|\n|-damage|p1a: Lunala|52/100|[from] Leech Seed|[of] p2a: Lozz\n|upkeep\n|\n|t:|1775639673\n|switch|p1b: Ursaluna|Ursaluna, L50, M|100/100\n|turn|3\n|j| asroarri\n|inactive|JustJakeyVGC has 30 seconds left.\n|\n|t:|1775639703\n|switch|p2b: Lando-Norris|Landorus, L50, M|100/100\n|move|p1b: Ursaluna|Protect|p1b: Ursaluna\n|-singleturn|p1b: Ursaluna|Protect\n|move|p2a: Lozz|Leech Seed|p1b: Ursaluna\n|-activate|p1b: Ursaluna|move: Protect\n|move|p1a: Lunala|Moongeist Beam|p2a: Lozz\n|-damage|p2a: Lozz|46/100\n|\n|-damage|p1a: Lunala|40/100|[from] Leech Seed|[of] p2a: Lozz\n|-heal|p2a: Lozz|60/100|[silent]\n|-status|p1b: Ursaluna|brn|[from] item: Flame Orb\n|upkeep\n|turn|4\n|j| WilhelmGoat\n|\n|t:|1775639726\n|switch|p2b: Taran|Amoonguss, L50, M, shiny|100/100\n|move|p2a: Lozz|Protect|p2a: Lozz\n|-singleturn|p2a: Lozz|Protect\n|move|p1b: Ursaluna|Facade|p2a: Lozz\n|-activate|p2a: Lozz|move: Protect\n|move|p1a: Lunala|Moongeist Beam|p2b: Taran\n|-damage|p2b: Taran|33/100\n|\n|-damage|p1a: Lunala|28/100|[from] Leech Seed|[of] p2a: Lozz\n|-heal|p2a: Lozz|74/100|[silent]\n|-damage|p1b: Ursaluna|95/100 brn|[from] brn\n|upkeep\n|turn|5\n|l|\u2606Galact7adi\n|inactive|Galact7adi disconnected and has a minute to reconnect!\n|player|p1|\n|inactive|Galact7adi has 30 seconds left.\n|inactive|Galact7adi has 20 seconds left.\n|inactive|Galact7adi has 15 seconds left.\n|inactive|Galact7adi has 10 seconds left.\n|inactive|Galact7adi has 5 seconds left.\n|-message|Galact7adi lost due to inactivity.\n|\n|win|JustJakeyVGC\n|raw|Galact7adi's rating: 1540 &rarr; <strong>1517</strong><br />(-23 for losing)\n|raw|JustJakeyVGC's rating: 1495 &rarr; <strong>1518</strong><br />(+23 for winning)\n|l| asroarri\n|l|\u2606JustJakeyVGC\n|player|p2|\n|j|\u2606Galact7adi\n|player|p1|Galact7adi|hilbert|\n|l|\u2606Galact7adi\n|player|p1|\n|l| WilhelmGoat\n","uploadtime":1775639953,"views":9,"formatid":"gen9vgc2026regi","rating":1517,"private":0,"password":null}