{"id":"gen9vgc2026regi-2559458517","format":"[Gen 9] VGC 2026 Reg I","players":["navinsachump","Ice124567890"],"log":"|j|\u2606navinsachump\n|j|\u2606Ice124567890\n|t:|1773571201\n|gametype|doubles\n|player|p1|navinsachump|2|1492\n|player|p2|Ice124567890|102|1581\n|gen|9\n|tier|[Gen 9] VGC 2026 Reg I\n|rated|\n|rule|Species Clause: Limit one of each Pok\u00e9mon\n|rule|Item Clause: Limit 1 of each item\n|clearpoke\n|poke|p1|Calyrex-Ice, L50|\n|poke|p1|Miraidon, L50|\n|poke|p1|Incineroar, L50, M|\n|poke|p1|Landorus, L50, M|\n|poke|p1|Whimsicott, L50, M|\n|poke|p1|Urshifu-*, L50, F|\n|poke|p2|Zacian-*, L50|\n|poke|p2|Calyrex-Shadow, L50|\n|poke|p2|Tornadus, L50, M|\n|poke|p2|Landorus, L50, M|\n|poke|p2|Urshifu-*, L50, F|\n|poke|p2|Incineroar, L50, F|\n|teampreview|4\n|inactive|Battle timer is ON: inactive players will automatically lose when time's up. (requested by Ice124567890)\n|\n|t:|1773571231\n|teamsize|p1|4\n|teamsize|p2|4\n|start\n|switch|p1a: Calyrex|Calyrex-Ice, L50|100/100\n|switch|p1b: Miraidon|Miraidon, L50|100/100\n|switch|p2a: Landorus|Landorus, L50, M|100/100\n|switch|p2b: Incineroar|Incineroar, L50, F|100/100\n|-ability|p1a: Calyrex|As One\n|-ability|p1a: Calyrex|Unnerve\n|-fieldstart|move: Electric Terrain|[from] ability: Hadron Engine|[of] p1b: Miraidon\n|-ability|p2b: Incineroar|Intimidate|boost\n|-fail|p1a: Calyrex|unboost|[from] item: Clear Amulet|[of] p1a: Calyrex\n|-unboost|p1b: Miraidon|atk|1\n|turn|1\n|inactive|navinsachump has 30 seconds left.\n|\n|t:|1773571259\n|-terastallize|p1a: Calyrex|Normal\n|move|p2b: Incineroar|Fake Out|p1a: Calyrex\n|-damage|p1a: Calyrex|93/100\n|move|p1b: Miraidon|Volt Switch|p2b: Incineroar\n|-damage|p2b: Incineroar|58/100\n|\n|t:|1773571270\n|switch|p1b: Urshifu|Urshifu-Rapid-Strike, L50, F|100/100|[from] Volt Switch\n|move|p2a: Landorus|Substitute|p2a: Landorus\n|-start|p2a: Landorus|Substitute\n|-damage|p2a: Landorus|76/100\n|cant|p1a: Calyrex|flinch\n|\n|upkeep\n|turn|2\n|\n|t:|1773571293\n|-terastallize|p2a: Landorus|Water\n|move|p1b: Urshifu|Surging Strikes|p2a: Landorus\n|-resisted|p2a: Landorus\n|-crit|p2a: Landorus\n|-activate|p2a: Landorus|move: Substitute|[damage]\n|-resisted|p2a: Landorus\n|-crit|p2a: Landorus\n|-end|p2a: Landorus|Substitute\n|-resisted|p2a: Landorus\n|-crit|p2a: Landorus\n|-damage|p2a: Landorus|62/100\n|-hitcount|p2a: Landorus|3\n|move|p2a: Landorus|Earth Power|p1b: Urshifu\n|-damage|p1b: Urshifu|17/100\n|move|p2b: Incineroar|U-turn|p1b: Urshifu\n|-resisted|p1b: Urshifu\n|-damage|p1b: Urshifu|7/100\n|\n|t:|1773571317\n|switch|p2b: Calyrex|Calyrex-Shadow, L50|100/100|[from] U-turn\n|-ability|p2b: Calyrex|As One\n|-ability|p2b: Calyrex|Unnerve\n|move|p1a: Calyrex|Trick Room|p1a: Calyrex\n|-fieldstart|move: Trick Room|[of] p1a: Calyrex\n|\n|upkeep\n|turn|3\n|\n|t:|1773571331\n|switch|p2b: Incineroar|Incineroar, L50, F|58/100\n|-ability|p2b: Incineroar|Intimidate|boost\n|-fail|p1a: Calyrex|unboost|[from] item: Clear Amulet|[of] p1a: Calyrex\n|-unboost|p1b: Urshifu|atk|1\n|move|p1b: Urshifu|Detect|p1b: Urshifu\n|-singleturn|p1b: Urshifu|Protect\n|move|p1a: Calyrex|Leech Seed|p2a: Landorus\n|-start|p2a: Landorus|move: Leech Seed\n|move|p2a: Landorus|Earth Power|p1b: Urshifu\n|-activate|p1b: Urshifu|move: Protect\n|\n|-damage|p2a: Landorus|50/100|[from] Leech Seed|[of] p1a: Calyrex\n|-heal|p1a: Calyrex|100/100|[silent]\n|upkeep\n|turn|4\n|\n|t:|1773571350\n|move|p2b: Incineroar|Fake Out|p1a: Calyrex\n|-damage|p1a: Calyrex|94/100\n|move|p1b: Urshifu|Aqua Jet|p2b: Incineroar\n|-supereffective|p2b: Incineroar\n|-damage|p2b: Incineroar|24/100\n|cant|p1a: Calyrex|flinch\n|move|p2a: Landorus|Earth Power|p1b: Urshifu\n|-damage|p1b: Urshifu|0 fnt\n|faint|p1b: Urshifu\n|\n|-damage|p2a: Landorus|37/100|[from] Leech Seed|[of] p1a: Calyrex\n|-heal|p1a: Calyrex|100/100|[silent]\n|upkeep\n|\n|t:|1773571360\n|switch|p1b: Incineroar|Incineroar, L50, M|100/100\n|-ability|p1b: Incineroar|Intimidate|boost\n|-unboost|p2a: Landorus|atk|1\n|-unboost|p2b: Incineroar|atk|1\n|turn|5\n|\n|t:|1773571370\n|switch|p2a: Zacian|Zacian-Crowned, L50|100/100\n|-ability|p2a: Zacian|Intrepid Sword|boost\n|-boost|p2a: Zacian|atk|1\n|move|p1b: Incineroar|Helping Hand|p1a: Calyrex\n|-singleturn|p1a: Calyrex|Helping Hand|[of] p1b: Incineroar\n|move|p1a: Calyrex|Glacial Lance|p2a: Zacian|[spread] p2a,p2b\n|-resisted|p2a: Zacian\n|-resisted|p2b: Incineroar\n|-damage|p2a: Zacian|66/100\n|-damage|p2b: Incineroar|0 fnt\n|faint|p2b: Incineroar\n|-ability|p1a: Calyrex|Chilling Neigh|boost\n|-boost|p1a: Calyrex|atk|1\n|\n|-fieldend|move: Electric Terrain\n|upkeep\n|\n|t:|1773571384\n|switch|p2b: Landorus|Landorus, L50, M, tera:Water|37/100\n|turn|6\n|\n|t:|1773571400\n|move|p2b: Landorus|Protect|p2b: Landorus\n|-singleturn|p2b: Landorus|Protect\n|move|p2a: Zacian|Protect|p2a: Zacian\n|-singleturn|p2a: Zacian|Protect\n|move|p1a: Calyrex|Glacial Lance|p2b: Landorus|[spread] \n|-activate|p2a: Zacian|move: Protect\n|-activate|p2b: Landorus|move: Protect\n|move|p1b: Incineroar|Parting Shot|p2b: Landorus\n|-activate|p2b: Landorus|move: Protect\n|\n|-fieldend|move: Trick Room\n|upkeep\n|turn|7\n|l|\u2606Ice124567890\n|inactive|Ice124567890 disconnected and has a minute to reconnect!\n|player|p2|\n|j|\u2606Ice124567890\n|inactive|Ice124567890 reconnected and has 45 seconds left.\n|player|p2|Ice124567890|102|\n|inactive|Ice124567890 has 30 seconds left.\n|\n|t:|1773571427\n|move|p1a: Calyrex|Protect|p1a: Calyrex\n|-singleturn|p1a: Calyrex|Protect\n|move|p2a: Zacian|Sacred Sword|p1a: Calyrex\n|-activate|p1a: Calyrex|move: Protect\n|move|p2b: Landorus|Earth Power|p1a: Calyrex\n|-activate|p1a: Calyrex|move: Protect\n|move|p1b: Incineroar|Parting Shot|p2b: Landorus\n|-unboost|p2b: Landorus|atk|1\n|-unboost|p2b: Landorus|spa|1\n|\n|t:|1773571436\n|switch|p1b: Miraidon|Miraidon, L50|100/100|[from] Parting Shot\n|-fieldstart|move: Electric Terrain|[from] ability: Hadron Engine|[of] p1b: Miraidon\n|\n|upkeep\n|turn|8\n|l|\u2606Ice124567890\n|inactive|Ice124567890 disconnected and has a minute to reconnect!\n|player|p2|\n|j|\u2606Ice124567890\n|inactive|Ice124567890 reconnected and has 35 seconds left.\n|player|p2|Ice124567890|102|\n|inactive|Ice124567890 has 30 seconds left.\n|\n|t:|1773571465\n|switch|p1b: Incineroar|Incineroar, L50, M|100/100\n|-ability|p1b: Incineroar|Intimidate|boost\n|-unboost|p2a: Zacian|atk|1\n|-unboost|p2b: Landorus|atk|1\n|move|p2a: Zacian|Play Rough|p1b: Incineroar\n|-damage|p1b: Incineroar|57/100\n|-damage|p2a: Zacian|50/100|[from] item: Rocky Helmet|[of] p1b: Incineroar\n|move|p2b: Landorus|Substitute|p2b: Landorus\n|-start|p2b: Landorus|Substitute\n|-damage|p2b: Landorus|13/100\n|move|p1a: Calyrex|Trick Room|p1a: Calyrex\n|-fieldstart|move: Trick Room|[of] p1a: Calyrex\n|\n|upkeep\n|turn|9\n|inactive|navinsachump has 30 seconds left.\n|inactive|Ice124567890 has 30 seconds left.\n|inactive|navinsachump has 20 seconds left.\n|inactive|Ice124567890 has 20 seconds left.\n|inactive|navinsachump has 15 seconds left.\n|\n|t:|1773571509\n|move|p2a: Zacian|Protect|p2a: Zacian\n|-singleturn|p2a: Zacian|Protect\n|move|p1a: Calyrex|Glacial Lance|p2a: Zacian|[spread] p2b\n|-activate|p2a: Zacian|move: Protect\n|-resisted|p2b: Landorus\n|-end|p2b: Landorus|Substitute\n|move|p1b: Incineroar|Knock Off|p2b: Landorus\n|-crit|p2b: Landorus\n|-damage|p2b: Landorus|0 fnt\n|-enditem|p2b: Landorus|Life Orb|[from] move: Knock Off|[of] p1b: Incineroar\n|faint|p2b: Landorus\n|\n|upkeep\n|\n|t:|1773571527\n|switch|p2b: Calyrex|Calyrex-Shadow, L50|100/100\n|-ability|p2b: Calyrex|As One\n|-ability|p2b: Calyrex|Unnerve\n|turn|10\n|inactive|navinsachump has 30 seconds left.\n|\n|t:|1773571554\n|move|p1b: Incineroar|Helping Hand|p1a: Calyrex\n|-singleturn|p1a: Calyrex|Helping Hand|[of] p1b: Incineroar\n|move|p2a: Zacian|Protect||[still]\n|-fail|p2a: Zacian\n|move|p2b: Calyrex|Protect|p2b: Calyrex\n|-singleturn|p2b: Calyrex|Protect\n|move|p1a: Calyrex|Glacial Lance|p2b: Calyrex|[spread] p2a\n|-activate|p2b: Calyrex|move: Protect\n|-resisted|p2a: Zacian\n|-damage|p2a: Zacian|0 fnt\n|faint|p2a: Zacian\n|-ability|p1a: Calyrex|Chilling Neigh|boost\n|-boost|p1a: Calyrex|atk|1\n|\n|upkeep\n|turn|11\n|\n|t:|1773571568\n|move|p2b: Calyrex|Protect||[still]\n|-fail|p2b: Calyrex\n|move|p1a: Calyrex|Glacial Lance|p2b: Calyrex\n|-enditem|p2b: Calyrex|Focus Sash\n|-damage|p2b: Calyrex|1/100\n|move|p1b: Incineroar|Knock Off|p2b: Calyrex\n|-supereffective|p2b: Calyrex\n|-damage|p2b: Calyrex|0 fnt\n|faint|p2b: Calyrex\n|\n|win|navinsachump\n|raw|navinsachump's rating: 1492 &rarr; <strong>1517</strong><br />(+25 for winning)\n|raw|Ice124567890's rating: 1581 &rarr; <strong>1556</strong><br />(-25 for losing)\n|l|\u2606Ice124567890\n|player|p2|\n|l|\u2606navinsachump\n|player|p1|\n","uploadtime":1773571830,"views":21,"formatid":"gen9vgc2026regi","rating":1517,"private":0,"password":null}