{"id":"gen9vgc2026regi-2579087886","format":"[Gen 9] VGC 2026 Reg I","players":["the gamblerler","fallacy277"],"log":"|j|\u2606the gamblerler\n|j|\u2606fallacy277\n|t:|1775751156\n|gametype|doubles\n|player|p1|the gamblerler|giovanni|1602\n|player|p2|fallacy277|dawn|1593\n|gen|9\n|tier|[Gen 9] VGC 2026 Reg I\n|rated|\n|rule|Species Clause: Limit one of each Pok\u00e9mon\n|rule|Item Clause: Limit 1 of each item\n|clearpoke\n|poke|p1|Calyrex-Shadow, L50|\n|poke|p1|Miraidon, L50|\n|poke|p1|Incineroar, L50, M|\n|poke|p1|Sneasler, L50, M|\n|poke|p1|Araquanid, L50, M|\n|poke|p1|Whimsicott, L50, F|\n|poke|p2|Calyrex-Ice, L50|\n|poke|p2|Miraidon, L50|\n|poke|p2|Iron Hands, L50|\n|poke|p2|Farigiraf, L50, F|\n|poke|p2|Torkoal, L50, F|\n|poke|p2|Smeargle, L50, F|\n|teampreview|4\n|inactive|Battle timer is ON: inactive players will automatically lose when time's up. (requested by the gamblerler)\n|inactive|fallacy277 has 60 seconds left.\n|\n|t:|1775751197\n|teamsize|p1|4\n|teamsize|p2|4\n|start\n|switch|p1a: Miraidon|Miraidon, L50|100/100\n|switch|p1b: Incineroar|Incineroar, L50, M|100/100\n|switch|p2a: Calyrex|Calyrex-Ice, L50|100/100\n|switch|p2b: Iron Hands|Iron Hands, L50|100/100\n|-ability|p2a: Calyrex|As One\n|-ability|p2a: Calyrex|Unnerve\n|-fieldstart|move: Electric Terrain|[from] ability: Hadron Engine|[of] p1a: Miraidon\n|-activate|p2b: Iron Hands|ability: Quark Drive\n|-start|p2b: Iron Hands|quarkdriveatk\n|-ability|p1b: Incineroar|Intimidate|boost\n|-fail|p2a: Calyrex|unboost|[from] item: Clear Amulet|[of] p2a: Calyrex\n|-unboost|p2b: Iron Hands|atk|1\n|turn|1\n|inactive|fallacy277 has 30 seconds left.\n|\n|t:|1775751225\n|-terastallize|p2a: Calyrex|Ground\n|move|p1b: Incineroar|Fake Out|p2a: Calyrex\n|-damage|p2a: Calyrex|94/100\n|move|p1a: Miraidon|Volt Switch|p2b: Iron Hands\n|-resisted|p2b: Iron Hands\n|-damage|p2b: Iron Hands|80/100\n|\n|t:|1775751232\n|switch|p1a: Calyrex|Calyrex-Shadow, L50|100/100|[from] Volt Switch\n|-ability|p1a: Calyrex|As One\n|-ability|p1a: Calyrex|Unnerve\n|move|p2b: Iron Hands|Low Kick|p1a: Calyrex\n|-immune|p1a: Calyrex\n|cant|p2a: Calyrex|flinch\n|\n|upkeep\n|turn|2\n|\n|t:|1775751244\n|-terastallize|p1a: Calyrex|Ghost\n|move|p1a: Calyrex|Astral Barrage|p2a: Calyrex|[spread] p2a,p2b\n|-damage|p2a: Calyrex|47/100\n|-damage|p2b: Iron Hands|39/100\n|move|p1b: Incineroar|U-turn|p2b: Iron Hands\n|-resisted|p2b: Iron Hands\n|-damage|p2b: Iron Hands|33/100\n|\n|t:|1775751252\n|switch|p1b: Araquanid|Araquanid, L50, M|100/100|[from] U-turn\n|move|p2b: Iron Hands|Wild Charge|p1a: Calyrex\n|-damage|p1a: Calyrex|25/100\n|-damage|p2b: Iron Hands|20/100|[from] Recoil\n|move|p2a: Calyrex|Trick Room|p2a: Calyrex\n|-fieldstart|move: Trick Room|[of] p2a: Calyrex\n|\n|upkeep\n|turn|3\n|\n|t:|1775751273\n|-end|p2b: Iron Hands|Quark Drive|[silent]\n|switch|p2b: Torkoal|Torkoal, L50, F|100/100\n|-weather|SunnyDay|[from] ability: Drought|[of] p2b: Torkoal\n|switch|p1a: Incineroar|Incineroar, L50, M|100/100\n|-ability|p1a: Incineroar|Intimidate|boost\n|-fail|p2a: Calyrex|unboost|[from] item: Clear Amulet|[of] p2a: Calyrex\n|-unboost|p2b: Torkoal|atk|1\n|move|p1b: Araquanid|Liquidation|p2a: Calyrex\n|-supereffective|p2a: Calyrex\n|-damage|p2a: Calyrex|15/100\n|move|p2a: Calyrex|High Horsepower|p1a: Incineroar\n|-supereffective|p1a: Incineroar\n|-crit|p1a: Incineroar\n|-damage|p1a: Incineroar|0 fnt\n|faint|p1a: Incineroar\n|-ability|p2a: Calyrex|Chilling Neigh|boost\n|-boost|p2a: Calyrex|atk|1\n|\n|-weather|SunnyDay|[upkeep]\n|upkeep\n|\n|t:|1775751284\n|switch|p1a: Miraidon|Miraidon, L50|100/100\n|-activate|p1a: Miraidon|ability: Hadron Engine\n|turn|4\n|inactive|fallacy277 has 30 seconds left.\n|inactive|fallacy277 has 20 seconds left.\n|\n|t:|1775751320\n|move|p2a: Calyrex|Protect|p2a: Calyrex\n|-singleturn|p2a: Calyrex|Protect\n|move|p2b: Torkoal|Earth Power|p1a: Miraidon\n|-supereffective|p1a: Miraidon\n|-damage|p1a: Miraidon|45/100\n|move|p1b: Araquanid|Liquidation|p2a: Calyrex\n|-activate|p2a: Calyrex|move: Protect\n|move|p1a: Miraidon|Volt Switch|p2b: Torkoal\n|-damage|p2b: Torkoal|10/100\n|\n|t:|1775751327\n|switch|p1a: Calyrex|Calyrex-Shadow, L50, tera:Ghost|25/100|[from] Volt Switch\n|-ability|p1a: Calyrex|As One\n|-ability|p1a: Calyrex|Unnerve\n|\n|-weather|SunnyDay|[upkeep]\n|upkeep\n|turn|5\n|inactive|fallacy277 has 30 seconds left.\n|\n|t:|1775751361\n|switch|p2a: Miraidon|Miraidon, L50|100/100\n|-activate|p2a: Miraidon|ability: Hadron Engine\n|move|p1a: Calyrex|Protect|p1a: Calyrex\n|-singleturn|p1a: Calyrex|Protect\n|move|p2b: Torkoal|Earth Power|p1a: Calyrex\n|-activate|p1a: Calyrex|move: Protect\n|move|p1b: Araquanid|Liquidation|p2a: Miraidon\n|-resisted|p2a: Miraidon\n|-damage|p2a: Miraidon|88/100\n|\n|-weather|SunnyDay|[upkeep]\n|-fieldend|move: Electric Terrain\n|upkeep\n|turn|6\n|\n|t:|1775751373\n|switch|p1a: Miraidon|Miraidon, L50|45/100\n|-fieldstart|move: Electric Terrain|[from] ability: Hadron Engine|[of] p1a: Miraidon\n|move|p1b: Araquanid|Protect|p1b: Araquanid\n|-singleturn|p1b: Araquanid|Protect\n|move|p2b: Torkoal|Earth Power|p1a: Miraidon\n|-supereffective|p1a: Miraidon\n|-damage|p1a: Miraidon|0 fnt\n|faint|p1a: Miraidon\n|move|p2a: Miraidon|Volt Switch|p1b: Araquanid\n|-activate|p1b: Araquanid|move: Protect\n|\n|-weather|SunnyDay|[upkeep]\n|-fieldend|move: Trick Room\n|upkeep\n|\n|t:|1775751375\n|switch|p1a: Calyrex|Calyrex-Shadow, L50, tera:Ghost|25/100\n|-ability|p1a: Calyrex|As One\n|-ability|p1a: Calyrex|Unnerve\n|turn|7\n|\n|t:|1775751387\n|move|p2a: Miraidon|Volt Switch|p1a: Calyrex\n|-damage|p1a: Calyrex|0 fnt\n|faint|p1a: Calyrex\n|\n|t:|1775751390\n|switch|p2a: Iron Hands|Iron Hands, L50|20/100|[from] Volt Switch\n|-activate|p2a: Iron Hands|ability: Quark Drive\n|-start|p2a: Iron Hands|quarkdriveatk\n|move|p1b: Araquanid|Liquidation|p2b: Torkoal\n|-supereffective|p2b: Torkoal\n|-damage|p2b: Torkoal|0 fnt\n|faint|p2b: Torkoal\n|\n|-weather|none\n|upkeep\n|\n|t:|1775751397\n|switch|p2b: Miraidon|Miraidon, L50|88/100\n|-activate|p2b: Miraidon|ability: Hadron Engine\n|turn|8\n|-message|the gamblerler forfeited.\n|\n|win|fallacy277\n|raw|the gamblerler's rating: 1602 &rarr; <strong>1581</strong><br />(-21 for losing)\n|raw|fallacy277's rating: 1593 &rarr; <strong>1614</strong><br />(+21 for winning)\n|l|\u2606the gamblerler\n|player|p1|\n|l|\u2606fallacy277\n|player|p2|\n","uploadtime":1775751655,"views":25,"formatid":"gen9vgc2026regi","rating":1581,"private":0,"password":null}