{"id":"gen9vgc2026regi-2575146543","format":"[Gen 9] VGC 2026 Reg I","players":["PichuPKM","chrisjhall12"],"log":"|j|\u2606PichuPKM\n|j|\u2606chrisjhall12\n|t:|1775323389\n|gametype|doubles\n|player|p1|PichuPKM|lusamine-nihilego|1447\n|player|p2|chrisjhall12|dawn|1589\n|gen|9\n|tier|[Gen 9] VGC 2026 Reg I\n|rated|\n|rule|Species Clause: Limit one of each Pok\u00e9mon\n|rule|Item Clause: Limit 1 of each item\n|clearpoke\n|poke|p1|Calyrex-Shadow, L50|\n|poke|p1|Zamazenta-*, L50|\n|poke|p1|Incineroar, L50, M|\n|poke|p1|Landorus, L50, M|\n|poke|p1|Garganacl, L50, M|\n|poke|p1|Whimsicott, L50, F|\n|poke|p2|Zamazenta-*, L50|\n|poke|p2|Miraidon, L50|\n|poke|p2|Chien-Pao, L50|\n|poke|p2|Whimsicott, L50, F|\n|poke|p2|Urshifu-*, L50, M|\n|poke|p2|Ogerpon-Hearthflame, L50, F|\n|teampreview|4\n|inactive|Battle timer is ON: inactive players will automatically lose when time's up. (requested by PichuPKM)\n|inactive|PichuPKM has 60 seconds left.\n|\n|t:|1775323444\n|teamsize|p1|4\n|teamsize|p2|4\n|start\n|switch|p1a: Landorus|Landorus, L50, M|100/100\n|switch|p1b: Whimsicott|Whimsicott, L50, F|100/100\n|switch|p2a: Miraidon|Miraidon, L50|100/100\n|switch|p2b: Whimsicott|Whimsicott, L50, F|100/100\n|-fieldstart|move: Electric Terrain|[from] ability: Hadron Engine|[of] p2a: Miraidon\n|turn|1\n|inactive|PichuPKM has 30 seconds left.\n|inactive|chrisjhall12 has 30 seconds left.\n|\n|t:|1775323473\n|move|p1b: Whimsicott|Tailwind|p1b: Whimsicott\n|-sidestart|p1: PichuPKM|move: Tailwind\n|move|p2b: Whimsicott|Tailwind|p2b: Whimsicott\n|-sidestart|p2: chrisjhall12|move: Tailwind\n|move|p2a: Miraidon|Draco Meteor|p1a: Landorus\n|-damage|p1a: Landorus|0 fnt\n|-unboost|p2a: Miraidon|spa|2\n|faint|p1a: Landorus\n|\n|upkeep\n|\n|t:|1775323483\n|switch|p1a: Calyrex|Calyrex-Shadow, L50|100/100\n|-ability|p1a: Calyrex|As One\n|-ability|p1a: Calyrex|Unnerve\n|turn|2\n|inactive|PichuPKM has 30 seconds left.\n|inactive|chrisjhall12 has 30 seconds left.\n|\n|t:|1775323514\n|-terastallize|p1b: Whimsicott|Dark\n|-terastallize|p2b: Whimsicott|Dark\n|move|p1b: Whimsicott|Encore|p2b: Whimsicott\n|-hint|Since gen 7, Dark is immune to Prankster moves.\n|-immune|p2b: Whimsicott\n|move|p2b: Whimsicott|Light Screen|p2b: Whimsicott\n|-sidestart|p2: chrisjhall12|move: Light Screen\n|move|p1a: Calyrex|Nasty Plot|p1a: Calyrex\n|-boost|p1a: Calyrex|spa|2\n|move|p2a: Miraidon|Draco Meteor|p1a: Calyrex|[miss]\n|-miss|p2a: Miraidon|p1a: Calyrex\n|\n|upkeep\n|turn|3\n|\n|t:|1775323532\n|switch|p2a: Chien-Pao|Chien-Pao, L50|100/100\n|-ability|p2a: Chien-Pao|Sword of Ruin\n|move|p1a: Calyrex|Protect|p1a: Calyrex\n|-singleturn|p1a: Calyrex|Protect\n|move|p2b: Whimsicott|Encore|p1a: Calyrex\n|-activate|p1a: Calyrex|move: Protect\n|move|p1b: Whimsicott|Moonblast|p2b: Whimsicott\n|-supereffective|p2b: Whimsicott\n|-damage|p2b: Whimsicott|57/100\n|\n|upkeep\n|turn|4\n|inactive|PichuPKM has 30 seconds left.\n|inactive|chrisjhall12 has 30 seconds left.\n|inactive|chrisjhall12 has 20 seconds left.\n|inactive|chrisjhall12 has 15 seconds left.\n|\n|t:|1775323575\n|switch|p1a: Zamazenta|Zamazenta-Crowned, L50|100/100\n|-ability|p1a: Zamazenta|Dauntless Shield|boost\n|-boost|p1a: Zamazenta|def|1\n|move|p2b: Whimsicott|Encore||[still]\n|-fail|p2b: Whimsicott\n|move|p2a: Chien-Pao|Icicle Crash|p1b: Whimsicott\n|-damage|p1b: Whimsicott|32/100\n|move|p1b: Whimsicott|Moonblast|p2a: Chien-Pao\n|-supereffective|p2a: Chien-Pao\n|-damage|p2a: Chien-Pao|40/100\n|-unboost|p2a: Chien-Pao|spa|1\n|\n|-sideend|p2: chrisjhall12|move: Tailwind\n|-sideend|p1: PichuPKM|move: Tailwind\n|upkeep\n|turn|5\n|inactive|PichuPKM has 30 seconds left.\n|inactive|chrisjhall12 has 30 seconds left.\n|\n|t:|1775323608\n|switch|p2b: Zamazenta|Zamazenta-Crowned, L50|100/100\n|-ability|p2b: Zamazenta|Dauntless Shield|boost\n|-boost|p2b: Zamazenta|def|1\n|move|p2a: Chien-Pao|Protect|p2a: Chien-Pao\n|-singleturn|p2a: Chien-Pao|Protect\n|move|p1b: Whimsicott|Tailwind|p1b: Whimsicott\n|-sidestart|p1: PichuPKM|move: Tailwind\n|move|p1a: Zamazenta|Body Press|p2b: Zamazenta\n|-supereffective|p2b: Zamazenta\n|-damage|p2b: Zamazenta|24/100\n|\n|-fieldend|move: Electric Terrain\n|upkeep\n|turn|6\n|inactive|PichuPKM has 30 seconds left.\n|inactive|PichuPKM has 20 seconds left.\n|inactive|PichuPKM has 15 seconds left.\n|\n|t:|1775323652\n|move|p2b: Zamazenta|Protect|p2b: Zamazenta\n|-singleturn|p2b: Zamazenta|Protect\n|move|p2a: Chien-Pao|Sucker Punch|p1b: Whimsicott\n|-resisted|p1b: Whimsicott\n|-damage|p1b: Whimsicott|1/100\n|move|p1b: Whimsicott|Moonblast|p2a: Chien-Pao\n|-supereffective|p2a: Chien-Pao\n|-damage|p2a: Chien-Pao|0 fnt\n|faint|p2a: Chien-Pao\n|move|p1a: Zamazenta|Body Press|p2b: Zamazenta\n|-activate|p2b: Zamazenta|move: Protect\n|\n|-sideend|p2: chrisjhall12|move: Light Screen\n|upkeep\n|j| bullgod4ever\n|\n|t:|1775323671\n|switch|p2a: Whimsicott|Whimsicott, L50, F, tera:Dark|57/100\n|turn|7\n|\n|t:|1775323678\n|move|p1b: Whimsicott|Encore|p2b: Zamazenta\n|-start|p2b: Zamazenta|Encore\n|move|p2a: Whimsicott|Tailwind|p2a: Whimsicott\n|-sidestart|p2: chrisjhall12|move: Tailwind\n|move|p1a: Zamazenta|Body Press|p2a: Whimsicott\n|-supereffective|p2a: Whimsicott\n|-damage|p2a: Whimsicott|0 fnt\n|faint|p2a: Whimsicott\n|move|p2b: Zamazenta|Protect||[still]\n|-fail|p2b: Zamazenta\n|\n|upkeep\n|\n|t:|1775323685\n|switch|p2a: Miraidon|Miraidon, L50|100/100\n|-fieldstart|move: Electric Terrain|[from] ability: Hadron Engine|[of] p2a: Miraidon\n|turn|8\n|inactive|PichuPKM has 30 seconds left.\n|inactive|PichuPKM has 20 seconds left.\n|\n|t:|1775323724\n|move|p2b: Zamazenta|Protect|p2b: Zamazenta\n|-singleturn|p2b: Zamazenta|Protect\n|move|p1b: Whimsicott|Endeavor|p2a: Miraidon\n|-damage|p2a: Miraidon|1/100\n|move|p1a: Zamazenta|Body Press|p2a: Miraidon\n|-damage|p2a: Miraidon|0 fnt\n|faint|p2a: Miraidon\n|\n|-sideend|p1: PichuPKM|move: Tailwind\n|upkeep\n|turn|9\n|-message|chrisjhall12 forfeited.\n|\n|win|PichuPKM\n|raw|PichuPKM's rating: 1447 &rarr; <strong>1475</strong><br />(+28 for winning)\n|raw|chrisjhall12's rating: 1589 &rarr; <strong>1561</strong><br />(-28 for losing)\n|l|\u2606chrisjhall12\n|player|p2|\n|c|\u2606PichuPKM|gg\n","uploadtime":1775323746,"views":9,"formatid":"gen9vgc2026regi","rating":1475,"private":0,"password":null}