{"id":"gen9vgc2026regi-2540099772","format":"[Gen 9] VGC 2026 Reg I","players":["yubanmeiqin","kazu1003"],"log":"|j|\u2606yubanmeiqin\n|j|\u2606kazu1003\n|t:|1771161724\n|gametype|doubles\n|player|p1|yubanmeiqin|iono-masters|1520\n|player|p2|kazu1003|ethan|1511\n|gen|9\n|tier|[Gen 9] VGC 2026 Reg I\n|rated|\n|rule|Species Clause: Limit one of each Pok\u00e9mon\n|rule|Item Clause: Limit 1 of each item\n|clearpoke\n|poke|p1|Zacian-*, L50|\n|poke|p1|Kyogre, L50|\n|poke|p1|Amoonguss, L50, F|\n|poke|p1|Incineroar, L50, M|\n|poke|p1|Urshifu-*, L50, M|\n|poke|p1|Iron Jugulis, L50|\n|poke|p2|Miraidon, L50|\n|poke|p2|Calyrex-Ice, L50|\n|poke|p2|Incineroar, L50, M|\n|poke|p2|Urshifu-*, L50, M|\n|poke|p2|Whimsicott, L50, F|\n|poke|p2|Volcarona, L50, M|\n|teampreview|4\n|inactive|Battle timer is ON: inactive players will automatically lose when time's up. (requested by kazu1003)\n|inactive|yubanmeiqin has 60 seconds left.\n|\n|t:|1771161755\n|teamsize|p1|4\n|teamsize|p2|4\n|start\n|switch|p1a: \u9a6c\u5243\u5929\u7231\u661f|Kyogre, L50, shiny|100/100\n|switch|p1b: \u6211\u559c\u6b22\u4f60|Amoonguss, L50, F|100/100\n|switch|p2a: Miraidon|Miraidon, L50, shiny|100/100\n|switch|p2b: Whimsicott|Whimsicott, L50, F|100/100\n|-fieldstart|move: Electric Terrain|[from] ability: Hadron Engine|[of] p2a: Miraidon\n|-weather|RainDance|[from] ability: Drizzle|[of] p1a: \u9a6c\u5243\u5929\u7231\u661f\n|turn|1\n|inactive|kazu1003 has 30 seconds left.\n|inactive|kazu1003 has 20 seconds left.\n|\n|t:|1771161791\n|-terastallize|p1a: \u9a6c\u5243\u5929\u7231\u661f|Electric\n|move|p2b: Whimsicott|Light Screen|p2b: Whimsicott\n|-sidestart|p2: kazu1003|move: Light Screen\n|move|p2a: Miraidon|Draco Meteor|p1a: \u9a6c\u5243\u5929\u7231\u661f\n|-damage|p1a: \u9a6c\u5243\u5929\u7231\u661f|45/100\n|-unboost|p2a: Miraidon|spa|2\n|-damage|p2a: Miraidon|91/100|[from] item: Life Orb\n|move|p1a: \u9a6c\u5243\u5929\u7231\u661f|Ice Beam|p2b: Whimsicott\n|-supereffective|p2b: Whimsicott\n|-damage|p2b: Whimsicott|60/100\n|move|p1b: \u6211\u559c\u6b22\u4f60|Pollen Puff|p2b: Whimsicott\n|-damage|p2b: Whimsicott|47/100\n|\n|-weather|RainDance|[upkeep]\n|upkeep\n|turn|2\n|\n|t:|1771161812\n|move|p2a: Miraidon|Draco Meteor|p1a: \u9a6c\u5243\u5929\u7231\u661f\n|-damage|p1a: \u9a6c\u5243\u5929\u7231\u661f|17/100\n|-unboost|p2a: Miraidon|spa|2\n|-damage|p2a: Miraidon|82/100|[from] item: Life Orb\n|move|p2b: Whimsicott|Moonblast|p1a: \u9a6c\u5243\u5929\u7231\u661f\n|-damage|p1a: \u9a6c\u5243\u5929\u7231\u661f|4/100\n|move|p1a: \u9a6c\u5243\u5929\u7231\u661f|Origin Pulse|p2a: Miraidon|[spread] p2a,p2b\n|-resisted|p2a: Miraidon\n|-resisted|p2b: Whimsicott\n|-damage|p2a: Miraidon|62/100\n|-damage|p2b: Whimsicott|24/100\n|move|p1b: \u6211\u559c\u6b22\u4f60|Pollen Puff|p1a: \u9a6c\u5243\u5929\u7231\u661f\n|-heal|p1a: \u9a6c\u5243\u5929\u7231\u661f|54/100\n|\n|-weather|RainDance|[upkeep]\n|upkeep\n|turn|3\n|inactive|kazu1003 has 30 seconds left.\n|\n|t:|1771161838\n|move|p2b: Whimsicott|Tailwind|p2b: Whimsicott\n|-sidestart|p2: kazu1003|move: Tailwind\n|move|p2a: Miraidon|Volt Switch|p1a: \u9a6c\u5243\u5929\u7231\u661f\n|-resisted|p1a: \u9a6c\u5243\u5929\u7231\u661f\n|-damage|p1a: \u9a6c\u5243\u5929\u7231\u661f|47/100\n|-damage|p2a: Miraidon|52/100|[from] item: Life Orb\n|\n|t:|1771161841\n|switch|p2a: Calyrex|Calyrex-Ice, L50|100/100|[from] Volt Switch\n|-ability|p2a: Calyrex|As One\n|-ability|p2a: Calyrex|Unnerve\n|move|p1a: \u9a6c\u5243\u5929\u7231\u661f|Origin Pulse|p2b: Whimsicott|[spread] p2a,p2b\n|-resisted|p2b: Whimsicott\n|-damage|p2a: Calyrex|70/100\n|-damage|p2b: Whimsicott|0 fnt\n|faint|p2b: Whimsicott\n|move|p1b: \u6211\u559c\u6b22\u4f60|Pollen Puff|p1a: \u9a6c\u5243\u5929\u7231\u661f\n|-heal|p1a: \u9a6c\u5243\u5929\u7231\u661f|97/100\n|\n|-weather|RainDance|[upkeep]\n|upkeep\n|\n|t:|1771161846\n|switch|p2b: Urshifu|Urshifu, L50, M|100/100\n|turn|4\n|\n|t:|1771161861\n|switch|p1a: \u4e3b\u4eba\ud83d\ude2d\ud83e\udd75|Incineroar, L50, M|100/100\n|-ability|p1a: \u4e3b\u4eba\ud83d\ude2d\ud83e\udd75|Intimidate|boost\n|-fail|p2a: Calyrex|unboost|[from] item: Clear Amulet|[of] p2a: Calyrex\n|-unboost|p2b: Urshifu|atk|1\n|move|p1b: \u6211\u559c\u6b22\u4f60|Protect|p1b: \u6211\u559c\u6b22\u4f60\n|-singleturn|p1b: \u6211\u559c\u6b22\u4f60|Protect\n|move|p2b: Urshifu|Wicked Blow|p1a: \u4e3b\u4eba\ud83d\ude2d\ud83e\udd75\n|-resisted|p1a: \u4e3b\u4eba\ud83d\ude2d\ud83e\udd75\n|-crit|p1a: \u4e3b\u4eba\ud83d\ude2d\ud83e\udd75\n|-damage|p1a: \u4e3b\u4eba\ud83d\ude2d\ud83e\udd75|71/100\n|move|p2a: Calyrex|Glacial Lance|p1a: \u4e3b\u4eba\ud83d\ude2d\ud83e\udd75|[spread] p1a\n|-activate|p1b: \u6211\u559c\u6b22\u4f60|move: Protect\n|-resisted|p1a: \u4e3b\u4eba\ud83d\ude2d\ud83e\udd75\n|-damage|p1a: \u4e3b\u4eba\ud83d\ude2d\ud83e\udd75|43/100\n|\n|-weather|RainDance|[upkeep]\n|upkeep\n|turn|5\n|inactive|kazu1003 has 30 seconds left.\n|inactive|kazu1003 has 20 seconds left.\n|inactive|kazu1003 has 15 seconds left.\n|inactive|kazu1003 has 10 seconds left.\n|\n|t:|1771161909\n|move|p1a: \u4e3b\u4eba\ud83d\ude2d\ud83e\udd75|Fake Out|p2a: Calyrex\n|-damage|p2a: Calyrex|62/100\n|move|p2b: Urshifu|Wicked Blow|p1a: \u4e3b\u4eba\ud83d\ude2d\ud83e\udd75\n|-resisted|p1a: \u4e3b\u4eba\ud83d\ude2d\ud83e\udd75\n|-crit|p1a: \u4e3b\u4eba\ud83d\ude2d\ud83e\udd75\n|-damage|p1a: \u4e3b\u4eba\ud83d\ude2d\ud83e\udd75|13/100\n|cant|p2a: Calyrex|flinch\n|move|p1b: \u6211\u559c\u6b22\u4f60|Pollen Puff|p1a: \u4e3b\u4eba\ud83d\ude2d\ud83e\udd75\n|-heal|p1a: \u4e3b\u4eba\ud83d\ude2d\ud83e\udd75|63/100\n|\n|-weather|none\n|-sideend|p2: kazu1003|move: Light Screen\n|-fieldend|move: Electric Terrain\n|upkeep\n|turn|6\n|\n|t:|1771161932\n|move|p1b: \u6211\u559c\u6b22\u4f60|Protect|p1b: \u6211\u559c\u6b22\u4f60\n|-singleturn|p1b: \u6211\u559c\u6b22\u4f60|Protect\n|move|p2b: Urshifu|Close Combat|p1a: \u4e3b\u4eba\ud83d\ude2d\ud83e\udd75\n|-supereffective|p1a: \u4e3b\u4eba\ud83d\ude2d\ud83e\udd75\n|-damage|p1a: \u4e3b\u4eba\ud83d\ude2d\ud83e\udd75|0 fnt\n|-unboost|p2b: Urshifu|def|1\n|-unboost|p2b: Urshifu|spd|1\n|faint|p1a: \u4e3b\u4eba\ud83d\ude2d\ud83e\udd75\n|move|p2a: Calyrex|Glacial Lance|p1b: \u6211\u559c\u6b22\u4f60\n|-activate|p1b: \u6211\u559c\u6b22\u4f60|move: Protect\n|\n|-sideend|p2: kazu1003|move: Tailwind\n|upkeep\n|\n|t:|1771161953\n|switch|p1a: \u9a6c\u5243\u5929\u7231\u661f|Kyogre, L50, shiny, tera:Electric|97/100\n|-weather|RainDance|[from] ability: Drizzle|[of] p1a: \u9a6c\u5243\u5929\u7231\u661f\n|turn|7\n|\n|t:|1771161959\n|switch|p2a: Miraidon|Miraidon, L50, shiny|52/100\n|-fieldstart|move: Electric Terrain|[from] ability: Hadron Engine|[of] p2a: Miraidon\n|switch|p1b: \u963f\u5c14\u6258\u8389\u96c5|Zacian-Crowned, L50, shiny|100/100\n|-ability|p1b: \u963f\u5c14\u6258\u8389\u96c5|Intrepid Sword|boost\n|-boost|p1b: \u963f\u5c14\u6258\u8389\u96c5|atk|1\n|move|p2b: Urshifu|Wicked Blow|p1a: \u9a6c\u5243\u5929\u7231\u661f\n|-crit|p1a: \u9a6c\u5243\u5929\u7231\u661f\n|-damage|p1a: \u9a6c\u5243\u5929\u7231\u661f|46/100\n|move|p1a: \u9a6c\u5243\u5929\u7231\u661f|Thunder|p2a: Miraidon\n|-resisted|p2a: Miraidon\n|-damage|p2a: Miraidon|33/100\n|\n|-weather|RainDance|[upkeep]\n|upkeep\n|turn|8\n|\n|t:|1771161981\n|switch|p1a: \u6211\u559c\u6b22\u4f60|Amoonguss, L50, F|100/100\n|move|p2a: Miraidon|Protect|p2a: Miraidon\n|-singleturn|p2a: Miraidon|Protect\n|move|p1b: \u963f\u5c14\u6258\u8389\u96c5|Play Rough|p2a: Miraidon\n|-activate|p2a: Miraidon|move: Protect\n|move|p2b: Urshifu|Wicked Blow|p1a: \u6211\u559c\u6b22\u4f60\n|-crit|p1a: \u6211\u559c\u6b22\u4f60\n|-damage|p1a: \u6211\u559c\u6b22\u4f60|50/100\n|-damage|p2b: Urshifu|84/100|[from] item: Rocky Helmet|[of] p1a: \u6211\u559c\u6b22\u4f60\n|\n|-weather|RainDance|[upkeep]\n|upkeep\n|turn|9\n|\n|t:|1771161995\n|-terastallize|p2a: Miraidon|Electric\n|move|p1a: \u6211\u559c\u6b22\u4f60|Rage Powder|p1a: \u6211\u559c\u6b22\u4f60\n|-singleturn|p1a: \u6211\u559c\u6b22\u4f60|move: Rage Powder\n|move|p1b: \u963f\u5c14\u6258\u8389\u96c5|Play Rough|p2a: Miraidon\n|-damage|p2a: Miraidon|0 fnt\n|faint|p2a: Miraidon\n|move|p2b: Urshifu|Wicked Blow|p1a: \u6211\u559c\u6b22\u4f60\n|-crit|p1a: \u6211\u559c\u6b22\u4f60\n|-damage|p1a: \u6211\u559c\u6b22\u4f60|0 fnt\n|-damage|p2b: Urshifu|68/100|[from] item: Rocky Helmet|[of] p1a: \u6211\u559c\u6b22\u4f60\n|faint|p1a: \u6211\u559c\u6b22\u4f60\n|\n|-weather|RainDance|[upkeep]\n|upkeep\n|\n|t:|1771162004\n|switch|p2a: Calyrex|Calyrex-Ice, L50|62/100\n|switch|p1a: \u9a6c\u5243\u5929\u7231\u661f|Kyogre, L50, shiny, tera:Electric|46/100\n|-ability|p2a: Calyrex|As One\n|-ability|p2a: Calyrex|Unnerve\n|turn|10\n|\n|t:|1771162011\n|move|p2b: Urshifu|Detect|p2b: Urshifu\n|-singleturn|p2b: Urshifu|Protect\n|move|p1b: \u963f\u5c14\u6258\u8389\u96c5|Sacred Sword|p2b: Urshifu\n|-activate|p2b: Urshifu|move: Protect\n|move|p1a: \u9a6c\u5243\u5929\u7231\u661f|Thunder|p2a: Calyrex\n|-damage|p2a: Calyrex|12/100\n|move|p2a: Calyrex|Glacial Lance|p1a: \u9a6c\u5243\u5929\u7231\u661f|[spread] p1a,p1b\n|-resisted|p1b: \u963f\u5c14\u6258\u8389\u96c5\n|-damage|p1a: \u9a6c\u5243\u5929\u7231\u661f|0 fnt\n|-damage|p1b: \u963f\u5c14\u6258\u8389\u96c5|76/100\n|faint|p1a: \u9a6c\u5243\u5929\u7231\u661f\n|-ability|p2a: Calyrex|Chilling Neigh|boost\n|-boost|p2a: Calyrex|atk|1\n|\n|-weather|RainDance|[upkeep]\n|upkeep\n|turn|11\n|\n|t:|1771162032\n|move|p1b: \u963f\u5c14\u6258\u8389\u96c5|Behemoth Blade|p2b: Urshifu\n|-damage|p2b: Urshifu|0 fnt\n|faint|p2b: Urshifu\n|move|p2a: Calyrex|Trick Room|p2a: Calyrex\n|-fieldstart|move: Trick Room|[of] p2a: Calyrex\n|\n|-weather|none\n|-fieldend|move: Electric Terrain\n|upkeep\n|turn|12\n|-message|yubanmeiqin forfeited.\n|\n|win|kazu1003\n|raw|yubanmeiqin's rating: 1520 &rarr; <strong>1499</strong><br />(-21 for losing)\n|raw|kazu1003's rating: 1511 &rarr; <strong>1532</strong><br />(+21 for winning)\n|l|\u2606yubanmeiqin\n|player|p1|\n|l|\u2606kazu1003\n|player|p2|\n","uploadtime":1771162039,"views":46,"formatid":"gen9vgc2026regi","rating":1499,"private":0,"password":null}