{"id":"gen9vgc2026regi-2559194016","format":"[Gen 9] VGC 2026 Reg I","players":["wartortcorp","navinsachump"],"log":"|j|\u2606wartortcorp\n|j|\u2606navinsachump\n|t:|1773531080\n|gametype|doubles\n|player|p1|wartortcorp|102|1408\n|player|p2|navinsachump|101|1335\n|gen|9\n|tier|[Gen 9] VGC 2026 Reg I\n|rated|\n|rule|Species Clause: Limit one of each Pok\u00e9mon\n|rule|Item Clause: Limit 1 of each item\n|clearpoke\n|poke|p1|Calyrex-Shadow, L50|\n|poke|p1|Talonflame, L50, M|\n|poke|p1|Dondozo, L50, F|\n|poke|p1|Tatsugiri-Stretchy, L50, M|\n|poke|p1|Pawmot, L50, F|\n|poke|p1|Weezing-Galar, L50, M|\n|poke|p2|Calyrex-Ice, L50|\n|poke|p2|Miraidon, L50|\n|poke|p2|Incineroar, L50, M|\n|poke|p2|Landorus, L50, M|\n|poke|p2|Whimsicott, L50, F|\n|poke|p2|Urshifu-*, L50, M|\n|teampreview|4\n|inactive|Battle timer is ON: inactive players will automatically lose when time's up. (requested by navinsachump)\n|\n|t:|1773531104\n|teamsize|p1|4\n|teamsize|p2|4\n|start\n|switch|p1a: Calyrex|Calyrex-Shadow, L50|100/100\n|switch|p1b: Weezing|Weezing-Galar, L50, M|100/100\n|switch|p2a: Calyrex|Calyrex-Ice, L50|100/100\n|switch|p2b: Miraidon|Miraidon, L50|100/100\n|-ability|p1b: Weezing|Neutralizing Gas\n|-ability|p1a: Calyrex|As One\n|-ability|p1a: Calyrex|Unnerve\n|-ability|p2a: Calyrex|As One\n|-ability|p2a: Calyrex|Unnerve\n|turn|1\n|\n|t:|1773531122\n|-terastallize|p1a: Calyrex|Ghost\n|move|p2a: Calyrex|Protect|p2a: Calyrex\n|-singleturn|p2a: Calyrex|Protect\n|move|p1a: Calyrex|Astral Barrage|p2a: Calyrex|[spread] p2b\n|-activate|p2a: Calyrex|move: Protect\n|-damage|p2b: Miraidon|32/100\n|move|p2b: Miraidon|Volt Switch|p1a: Calyrex\n|-damage|p1a: Calyrex|63/100\n|\n|t:|1773531130\n|switch|p2b: Incineroar|Incineroar, L50, M|100/100|[from] Volt Switch\n|move|p1b: Weezing|Toxic Spikes|p2b: Incineroar\n|-sidestart|p2: navinsachump|move: Toxic Spikes\n|\n|upkeep\n|turn|2\n|\n|t:|1773531148\n|switch|p1a: Dondozo|Dondozo, L50, F|100/100\n|-terastallize|p2a: Calyrex|Normal\n|move|p2b: Incineroar|Knock Off|p1a: Dondozo\n|-damage|p1a: Dondozo|77/100\n|-enditem|p1a: Dondozo|Clear Amulet|[from] move: Knock Off|[of] p2b: Incineroar\n|move|p1b: Weezing|Poison Gas|p2a: Calyrex|[spread] p2a,p2b\n|-status|p2a: Calyrex|psn\n|-status|p2b: Incineroar|psn\n|move|p2a: Calyrex|Trick Room|p2a: Calyrex\n|-fieldstart|move: Trick Room|[of] p2a: Calyrex\n|\n|-damage|p2a: Calyrex|88/100 psn|[from] psn\n|-damage|p2b: Incineroar|88/100 psn|[from] psn\n|upkeep\n|turn|3\n|\n|t:|1773531168\n|move|p1a: Dondozo|Protect|p1a: Dondozo\n|-singleturn|p1a: Dondozo|Protect\n|move|p2a: Calyrex|Leech Seed|p1a: Dondozo\n|-activate|p1a: Dondozo|move: Protect\n|move|p1b: Weezing|Dazzling Gleam|p2b: Incineroar|[spread] p2a,p2b\n|-damage|p2a: Calyrex|76/100 psn\n|-damage|p2b: Incineroar|75/100 psn\n|move|p2b: Incineroar|Parting Shot|p1a: Dondozo\n|-activate|p1a: Dondozo|move: Protect\n|\n|-damage|p2a: Calyrex|64/100 psn|[from] psn\n|-damage|p2b: Incineroar|62/100 psn|[from] psn\n|upkeep\n|turn|4\n|inactive|wartortcorp has 30 seconds left.\n|inactive|wartortcorp has 20 seconds left.\n|inactive|wartortcorp has 15 seconds left.\n|\n|t:|1773531213\n|move|p2a: Calyrex|Leech Seed|p1a: Dondozo\n|-start|p1a: Dondozo|move: Leech Seed\n|move|p1a: Dondozo|Liquidation|p2b: Incineroar\n|-supereffective|p2b: Incineroar\n|-damage|p2b: Incineroar|0 fnt\n|-damage|p1a: Dondozo|61/100|[from] item: Rocky Helmet|[of] p2b: Incineroar\n|faint|p2b: Incineroar\n|move|p1b: Weezing|Dazzling Gleam|p2a: Calyrex\n|-damage|p2a: Calyrex|48/100 psn\n|\n|-damage|p1a: Dondozo|49/100|[from] Leech Seed|[of] p2a: Calyrex\n|-heal|p2a: Calyrex|62/100 psn|[silent]\n|-damage|p2a: Calyrex|50/100 psn|[from] psn\n|upkeep\n|\n|t:|1773531220\n|switch|p2b: Urshifu|Urshifu-Rapid-Strike, L50, M|100/100\n|-status|p2b: Urshifu|psn\n|turn|5\n|\n|t:|1773531233\n|move|p2a: Calyrex|Protect|p2a: Calyrex\n|-singleturn|p2a: Calyrex|Protect\n|move|p1a: Dondozo|Protect|p1a: Dondozo\n|-singleturn|p1a: Dondozo|Protect\n|move|p1b: Weezing|Dazzling Gleam|p2a: Calyrex|[spread] p2b\n|-activate|p2a: Calyrex|move: Protect\n|-supereffective|p2b: Urshifu\n|-damage|p2b: Urshifu|55/100 psn\n|move|p2b: Urshifu|Surging Strikes|p1b: Weezing\n|-crit|p1b: Weezing\n|-damage|p1b: Weezing|81/100\n|-crit|p1b: Weezing\n|-damage|p1b: Weezing|59/100\n|-crit|p1b: Weezing\n|-damage|p1b: Weezing|36/100\n|-hitcount|p1b: Weezing|3\n|\n|-damage|p1a: Dondozo|36/100|[from] Leech Seed|[of] p2a: Calyrex\n|-heal|p2a: Calyrex|64/100 psn|[silent]\n|-damage|p2a: Calyrex|52/100 psn|[from] psn\n|-damage|p2b: Urshifu|43/100 psn|[from] psn\n|upkeep\n|turn|6\n|inactive|wartortcorp has 30 seconds left.\n|\n|t:|1773531268\n|-end|p1b: Weezing|ability: Neutralizing Gas\n|switch|p1b: Tatsugiri|Tatsugiri-Stretchy, L50, M|100/100\n|-activate|p1b: Tatsugiri|ability: Commander|[of] p1a: Dondozo\n|-boost|p1a: Dondozo|atk|2\n|-boost|p1a: Dondozo|spa|2\n|-boost|p1a: Dondozo|spe|2\n|-boost|p1a: Dondozo|def|2\n|-boost|p1a: Dondozo|spd|2\n|move|p2a: Calyrex|Glacial Lance|p1b: Tatsugiri|[spread] p1a\n|-miss|p2a: Calyrex|p1b: Tatsugiri\n|-resisted|p1a: Dondozo\n|-damage|p1a: Dondozo|26/100\n|move|p2b: Urshifu|Surging Strikes|p1a: Dondozo\n|-resisted|p1a: Dondozo\n|-crit|p1a: Dondozo\n|-damage|p1a: Dondozo|17/100\n|-resisted|p1a: Dondozo\n|-crit|p1a: Dondozo\n|-damage|p1a: Dondozo|9/100\n|-resisted|p1a: Dondozo\n|-crit|p1a: Dondozo\n|-damage|p1a: Dondozo|1/100\n|-hitcount|p1a: Dondozo|3\n|move|p1a: Dondozo|Order Up|p2b: Urshifu\n|-damage|p2b: Urshifu|0 fnt\n|faint|p2b: Urshifu\n|-boost|p1a: Dondozo|spe|1\n|\n|-damage|p1a: Dondozo|0 fnt|[from] Leech Seed|[of] p2a: Calyrex\n|-heal|p2a: Calyrex|53/100 psn|[silent]\n|faint|p1a: Dondozo\n|-damage|p2a: Calyrex|41/100 psn|[from] psn\n|-fieldend|move: Trick Room\n|upkeep\n|\n|t:|1773531285\n|switch|p2b: Miraidon|Miraidon, L50|32/100\n|switch|p1a: Calyrex|Calyrex-Shadow, L50, tera:Ghost|63/100\n|-ability|p1a: Calyrex|As One\n|-ability|p1a: Calyrex|Unnerve\n|-status|p2b: Miraidon|psn\n|-fieldstart|move: Electric Terrain|[from] ability: Hadron Engine|[of] p2b: Miraidon\n|turn|7\n|inactive|wartortcorp has 30 seconds left.\n|inactive|wartortcorp has 20 seconds left.\n|\n|t:|1773531331\n|move|p1a: Calyrex|Psychic|p2a: Calyrex\n|-crit|p2a: Calyrex\n|-damage|p2a: Calyrex|0 fnt\n|faint|p2a: Calyrex\n|-ability|p1a: Calyrex|Grim Neigh|boost\n|-boost|p1a: Calyrex|spa|1\n|move|p1b: Tatsugiri|Draco Meteor|p2b: Miraidon\n|-supereffective|p2b: Miraidon\n|-damage|p2b: Miraidon|0 fnt\n|-unboost|p1b: Tatsugiri|spa|2\n|faint|p2b: Miraidon\n|\n|win|wartortcorp\n|raw|wartortcorp's rating: 1408 &rarr; <strong>1424</strong><br />(+16 for winning)\n|raw|navinsachump's rating: 1335 &rarr; <strong>1319</strong><br />(-16 for losing)\n|l|\u2606navinsachump\n|player|p2|\n","uploadtime":1773531549,"views":11,"formatid":"gen9vgc2026regi","rating":1319,"private":0,"password":null}