{"id":"gen9vgc2026regi-2562341969","format":"[Gen 9] VGC 2026 Reg I","players":["It'sJustKen VGC","theminesoftagawa"],"log":"|j|\u2606It'sJustKen VGC\n|j|\u2606theminesoftagawa\n|t:|1773900903\n|gametype|doubles\n|player|p1|It'sJustKen VGC|2|1487\n|player|p2|theminesoftagawa|169|1373\n|gen|9\n|tier|[Gen 9] VGC 2026 Reg I\n|rated|\n|rule|Species Clause: Limit one of each Pok\u00e9mon\n|rule|Item Clause: Limit 1 of each item\n|clearpoke\n|poke|p1|Iron Hands, L50|\n|poke|p1|Incineroar, L50, F|\n|poke|p1|Calyrex-Shadow, L50|\n|poke|p1|Whimsicott, L50, M|\n|poke|p1|Farigiraf, L50, F|\n|poke|p1|Miraidon, L50|\n|poke|p2|Koraidon, L50|\n|poke|p2|Lunala, L50|\n|poke|p2|Flutter Mane, L50|\n|poke|p2|Brute Bonnet, L50|\n|poke|p2|Chi-Yu, L50|\n|poke|p2|Ursaluna, L50, M|\n|teampreview|4\n|inactive|Battle timer is ON: inactive players will automatically lose when time's up. (requested by theminesoftagawa)\n|inactive|It'sJustKen VGC also wants the timer to be on.\n|\n|t:|1773900927\n|teamsize|p1|4\n|teamsize|p2|4\n|start\n|switch|p1a: Miraidon|Miraidon, L50, shiny|100/100\n|switch|p1b: Whimsicott|Whimsicott, L50, M|100/100\n|switch|p2a: Lunala|Lunala, L50, shiny|100/100\n|switch|p2b: Flutter Mane|Flutter Mane, L50, shiny|100/100\n|-fieldstart|move: Electric Terrain|[from] ability: Hadron Engine|[of] p1a: Miraidon\n|turn|1\n|\n|t:|1773900946\n|move|p1b: Whimsicott|Light Screen|p1b: Whimsicott\n|-sidestart|p1: It'sJustKen VGC|move: Light Screen\n|move|p2b: Flutter Mane|Moonblast|p1a: Miraidon\n|-supereffective|p1a: Miraidon\n|-damage|p1a: Miraidon|48/100\n|-unboost|p1a: Miraidon|spa|1\n|move|p1a: Miraidon|Volt Switch|p2b: Flutter Mane\n|-damage|p2b: Flutter Mane|22/100\n|\n|t:|1773900953\n|switch|p1a: Calyrex|Calyrex-Shadow, L50|100/100|[from] Volt Switch\n|-ability|p1a: Calyrex|As One\n|-ability|p1a: Calyrex|Unnerve\n|move|p2a: Lunala|Trick Room|p2a: Lunala\n|-fieldstart|move: Trick Room|[of] p2a: Lunala\n|\n|upkeep\n|turn|2\n|\n|t:|1773900978\n|move|p2a: Lunala|Wide Guard|p2a: Lunala\n|-singleturn|p2a: Lunala|Wide Guard\n|move|p1b: Whimsicott|Moonblast|p2a: Lunala\n|-damage|p2a: Lunala|91/100\n|-unboost|p2a: Lunala|spa|1\n|move|p2b: Flutter Mane|Shadow Ball|p1a: Calyrex\n|-supereffective|p1a: Calyrex\n|-enditem|p1a: Calyrex|Focus Sash\n|-damage|p1a: Calyrex|1/100\n|move|p1a: Calyrex|Psychic|p2a: Lunala\n|-resisted|p2a: Lunala\n|-damage|p2a: Lunala|71/100\n|\n|upkeep\n|turn|3\n|inactive|It'sJustKen VGC has 30 seconds left.\n|inactive|It'sJustKen VGC has 20 seconds left.\n|inactive|It'sJustKen VGC has 15 seconds left.\n|\n|t:|1773901020\n|move|p1a: Calyrex|Protect|p1a: Calyrex\n|-singleturn|p1a: Calyrex|Protect\n|move|p1b: Whimsicott|Encore|p2a: Lunala\n|-start|p2a: Lunala|Encore\n|move|p2a: Lunala|Wide Guard|p2a: Lunala\n|-singleturn|p2a: Lunala|Wide Guard\n|move|p2b: Flutter Mane|Shadow Ball|p1b: Whimsicott\n|-damage|p1b: Whimsicott|63/100\n|\n|upkeep\n|turn|4\n|\n|t:|1773901040\n|move|p2a: Lunala|Wide Guard|p2a: Lunala\n|-singleturn|p2a: Lunala|Wide Guard\n|move|p1b: Whimsicott|Moonblast|p2b: Flutter Mane\n|-damage|p2b: Flutter Mane|0 fnt\n|faint|p2b: Flutter Mane\n|-end|p2b: Flutter Mane|Protosynthesis|[silent]\n|move|p1a: Calyrex|Psychic|p2a: Lunala\n|-resisted|p2a: Lunala\n|-damage|p2a: Lunala|51/100\n|\n|upkeep\n|\n|t:|1773901047\n|switch|p2b: Ursaluna|Ursaluna, L50, M, shiny|100/100\n|turn|5\n|\n|t:|1773901065\n|move|p1a: Calyrex|Protect|p1a: Calyrex\n|-singleturn|p1a: Calyrex|Protect\n|move|p2a: Lunala|Wide Guard|p2a: Lunala\n|-singleturn|p2a: Lunala|Wide Guard\n|move|p2b: Ursaluna|Facade|p1b: Whimsicott\n|-damage|p1b: Whimsicott|10/100\n|move|p1b: Whimsicott|Moonblast|p2a: Lunala\n|-damage|p2a: Lunala|34/100\n|-unboost|p2a: Lunala|spa|1\n|\n|-end|p2a: Lunala|Encore\n|-sideend|p1: It'sJustKen VGC|move: Light Screen\n|-fieldend|move: Trick Room\n|-fieldend|move: Electric Terrain\n|-status|p2b: Ursaluna|brn|[from] item: Flame Orb\n|upkeep\n|turn|6\n|\n|t:|1773901083\n|move|p2a: Lunala|Wide Guard|p2a: Lunala\n|-singleturn|p2a: Lunala|Wide Guard\n|move|p1b: Whimsicott|Encore|p2a: Lunala\n|-start|p2a: Lunala|Encore\n|move|p1a: Calyrex|Psychic|p2b: Ursaluna\n|-damage|p2b: Ursaluna|51/100 brn\n|move|p2b: Ursaluna|Earthquake|p1b: Whimsicott|[spread] p1a,p1b\n|-activate|p2a: Lunala|move: Wide Guard\n|-crit|p1a: Calyrex\n|-resisted|p1b: Whimsicott\n|-damage|p1a: Calyrex|0 fnt\n|-damage|p1b: Whimsicott|0 fnt\n|faint|p1a: Calyrex\n|faint|p1b: Whimsicott\n|\n|-damage|p2b: Ursaluna|45/100 brn|[from] brn\n|upkeep\n|\n|t:|1773901086\n|switch|p1a: Miraidon|Miraidon, L50, shiny|48/100\n|switch|p1b: Iron Hands|Iron Hands, L50|100/100\n|-fieldstart|move: Electric Terrain|[from] ability: Hadron Engine|[of] p1a: Miraidon\n|-activate|p1b: Iron Hands|ability: Quark Drive\n|-start|p1b: Iron Hands|quarkdriveatk\n|turn|7\n|\n|t:|1773901103\n|-terastallize|p2b: Ursaluna|Ghost\n|move|p2a: Lunala|Wide Guard|p2a: Lunala\n|-singleturn|p2a: Lunala|Wide Guard\n|move|p1a: Miraidon|Draco Meteor|p2b: Ursaluna\n|-damage|p2b: Ursaluna|0 fnt\n|-unboost|p1a: Miraidon|spa|2\n|faint|p2b: Ursaluna\n|move|p1b: Iron Hands|Wild Charge|p2a: Lunala\n|-damage|p2a: Lunala|0 fnt\n|faint|p2a: Lunala\n|-damage|p1b: Iron Hands|92/100|[from] Recoil\n|\n|upkeep\n|\n|t:|1773901111\n|switch|p2a: Koraidon|Koraidon, L50, shiny|100/100\n|-weather|SunnyDay|[from] ability: Orichalcum Pulse|[of] p2a: Koraidon\n|-activate|p2a: Koraidon|Orichalcum Pulse|[source]\n|turn|8\n|inactive|It'sJustKen VGC has 30 seconds left.\n|\n|t:|1773901144\n|-terastallize|p1b: Iron Hands|Water\n|move|p2a: Koraidon|Flare Blitz|p1b: Iron Hands\n|-resisted|p1b: Iron Hands\n|-damage|p1b: Iron Hands|56/100\n|-damage|p2a: Koraidon|85/100|[from] Recoil\n|-damage|p2a: Koraidon|75/100|[from] item: Life Orb\n|move|p1a: Miraidon|Draco Meteor|p2a: Koraidon\n|-supereffective|p2a: Koraidon\n|-damage|p2a: Koraidon|0 fnt\n|-unboost|p1a: Miraidon|spa|2\n|faint|p2a: Koraidon\n|\n|win|It'sJustKen VGC\n|raw|It&apos;sJustKen VGC's rating: 1487 &rarr; <strong>1501</strong><br />(+14 for winning)\n|raw|theminesoftagawa's rating: 1373 &rarr; <strong>1359</strong><br />(-14 for losing)\n","uploadtime":1773901148,"views":10,"formatid":"gen9vgc2026regi","rating":1359,"private":0,"password":null}