{"id":"gen9vgc2026regi-2558678851","format":"[Gen 9] VGC 2026 Reg I","players":["sheeshshane925","Wumu&Ida312"],"log":"|j|\u2606sheeshshane925\n|j|\u2606Wumu&Ida312\n|t:|1773462443\n|gametype|doubles\n|player|p1|sheeshshane925|crasherwake|1299\n|player|p2|Wumu&Ida312|lillie-z|1383\n|gen|9\n|tier|[Gen 9] VGC 2026 Reg I\n|rated|\n|rule|Species Clause: Limit one of each Pok\u00e9mon\n|rule|Item Clause: Limit 1 of each item\n|clearpoke\n|poke|p1|Calyrex-Ice, L50|\n|poke|p1|Miraidon, L50|\n|poke|p1|Farigiraf, L50, M|\n|poke|p1|Iron Hands, L50|\n|poke|p1|Scraggy, L50, F|\n|poke|p1|Iron Bundle, L50|\n|poke|p2|Calyrex-Shadow, L50|\n|poke|p2|Zamazenta-*, L50|\n|poke|p2|Smeargle, L50, F|\n|poke|p2|Ogerpon-Hearthflame, L50, F|\n|poke|p2|Raging Bolt, L50|\n|poke|p2|Rillaboom, L50, M|\n|teampreview|4\n|inactive|Battle timer is ON: inactive players will automatically lose when time's up. (requested by sheeshshane925)\n|\n|t:|1773462477\n|teamsize|p1|4\n|teamsize|p2|4\n|start\n|switch|p1a: Farigiraf|Farigiraf, L50, M, shiny|100/100\n|switch|p1b: Calyrex|Calyrex-Ice, L50|100/100\n|switch|p2a: Calyrex|Calyrex-Shadow, L50|100/100\n|switch|p2b: Smeargle|Smeargle, L50, F, shiny|100/100\n|-ability|p2a: Calyrex|As One\n|-ability|p2a: Calyrex|Unnerve\n|-ability|p1b: Calyrex|As One\n|-ability|p1b: Calyrex|Unnerve\n|turn|1\n|\n|t:|1773462512\n|switch|p1a: Miraidon|Miraidon, L50, shiny|100/100\n|-fieldstart|move: Electric Terrain|[from] ability: Hadron Engine|[of] p1a: Miraidon\n|-terastallize|p1b: Calyrex|Fire\n|move|p2a: Calyrex|Astral Barrage|p1a: Miraidon|[spread] p1a,p1b\n|-damage|p1a: Miraidon|50/100\n|-damage|p1b: Calyrex|57/100\n|-damage|p2a: Calyrex|91/100|[from] item: Life Orb\n|move|p2b: Smeargle|Spore|p1a: Miraidon\n|-activate|p1a: Miraidon|move: Electric Terrain\n|move|p1b: Calyrex|Trick Room|p1b: Calyrex\n|-fieldstart|move: Trick Room|[of] p1b: Calyrex\n|\n|-ability|p2b: Smeargle|Moody|boost\n|-boost|p2b: Smeargle|def|2\n|-unboost|p2b: Smeargle|atk|1\n|upkeep\n|turn|2\n|inactive|Wumu&Ida312 has 30 seconds left.\n|inactive|Wumu&Ida312 has 20 seconds left.\n|\n|t:|1773462549\n|move|p2b: Smeargle|Follow Me|p2b: Smeargle\n|-singleturn|p2b: Smeargle|move: Follow Me\n|move|p1b: Calyrex|Glacial Lance|p2b: Smeargle|[spread] p2a,p2b\n|-damage|p2a: Calyrex|24/100\n|-damage|p2b: Smeargle|38/100\n|move|p1a: Miraidon|Electro Drift|p2b: Smeargle\n|-damage|p2b: Smeargle|0 fnt\n|faint|p2b: Smeargle\n|-damage|p1a: Miraidon|40/100|[from] item: Life Orb\n|move|p2a: Calyrex|Astral Barrage|p1b: Calyrex|[spread] p1a,p1b\n|-damage|p1a: Miraidon|0 fnt\n|-damage|p1b: Calyrex|11/100\n|faint|p1a: Miraidon\n|-ability|p2a: Calyrex|Grim Neigh|boost\n|-boost|p2a: Calyrex|spa|1\n|-damage|p2a: Calyrex|15/100|[from] item: Life Orb\n|\n|upkeep\n|\n|t:|1773462558\n|switch|p2b: Zamazenta|Zamazenta-Crowned, L50, shiny|100/100\n|switch|p1a: Farigiraf|Farigiraf, L50, M, shiny|100/100\n|-ability|p2b: Zamazenta|Dauntless Shield|boost\n|-boost|p2b: Zamazenta|def|1\n|-enditem|p1a: Farigiraf|Electric Seed\n|-boost|p1a: Farigiraf|def|1|[from] item: Electric Seed\n|turn|3\n|\n|t:|1773462576\n|move|p1b: Calyrex|Protect|p1b: Calyrex\n|-singleturn|p1b: Calyrex|Protect\n|move|p2a: Calyrex|Protect|p2a: Calyrex\n|-singleturn|p2a: Calyrex|Protect\n|move|p1a: Farigiraf|Foul Play|p2a: Calyrex\n|-activate|p2a: Calyrex|move: Protect\n|move|p2b: Zamazenta|Body Press|p1a: Farigiraf\n|-damage|p1a: Farigiraf|64/100\n|\n|upkeep\n|turn|4\n|inactive|Wumu&Ida312 has 30 seconds left.\n|inactive|Wumu&Ida312 has 20 seconds left.\n|\n|t:|1773462615\n|move|p2a: Calyrex|Protect|p2a: Calyrex\n|-singleturn|p2a: Calyrex|Protect\n|move|p1b: Calyrex|High Horsepower|p2a: Calyrex\n|-activate|p2a: Calyrex|move: Protect\n|move|p1a: Farigiraf|Psychic|p2b: Zamazenta\n|-damage|p2b: Zamazenta|78/100\n|-unboost|p2b: Zamazenta|spd|1\n|move|p2b: Zamazenta|Body Press|p1b: Calyrex\n|-damage|p1b: Calyrex|0 fnt\n|faint|p1b: Calyrex\n|\n|upkeep\n|\n|t:|1773462619\n|switch|p1b: Iron Hands|Iron Hands, L50|100/100\n|-activate|p1b: Iron Hands|ability: Quark Drive\n|-start|p1b: Iron Hands|quarkdriveatk\n|turn|5\n|\n|t:|1773462640\n|switch|p2a: Rillaboom|Rillaboom, L50, M, shiny|100/100\n|-fieldstart|move: Grassy Terrain|[from] ability: Grassy Surge|[of] p2a: Rillaboom\n|-end|p1b: Iron Hands|Quark Drive\n|move|p2b: Zamazenta|Protect|p2b: Zamazenta\n|-singleturn|p2b: Zamazenta|Protect\n|move|p1b: Iron Hands|Low Kick|p2b: Zamazenta\n|-activate|p2b: Zamazenta|move: Protect\n|move|p1a: Farigiraf|Foul Play|p2a: Rillaboom\n|-damage|p2a: Rillaboom|75/100\n|\n|-heal|p1a: Farigiraf|71/100|[from] Grassy Terrain\n|-heal|p2a: Rillaboom|81/100|[from] Grassy Terrain\n|-heal|p2b: Zamazenta|84/100|[from] Grassy Terrain\n|-fieldend|move: Trick Room\n|upkeep\n|turn|6\n|inactive|Wumu&Ida312 has 30 seconds left.\n|\n|t:|1773462666\n|move|p2b: Zamazenta|Body Press|p1b: Iron Hands\n|-damage|p1b: Iron Hands|50/100\n|move|p2a: Rillaboom|Wood Hammer|p1b: Iron Hands\n|-damage|p1b: Iron Hands|0 fnt\n|faint|p1b: Iron Hands\n|-end|p1b: Iron Hands|Quark Drive|[silent]\n|-damage|p2a: Rillaboom|62/100|[from] Recoil\n|move|p1a: Farigiraf|Trick Room|p1a: Farigiraf\n|-fieldstart|move: Trick Room|[of] p1a: Farigiraf\n|\n|-heal|p1a: Farigiraf|77/100|[from] Grassy Terrain\n|-heal|p2a: Rillaboom|68/100|[from] Grassy Terrain\n|-heal|p2b: Zamazenta|90/100|[from] Grassy Terrain\n|upkeep\n|turn|7\n|-message|sheeshshane925 forfeited.\n|\n|win|Wumu&Ida312\n|raw|sheeshshane925's rating: 1299 &rarr; <strong>1280</strong><br />(-19 for losing)\n|raw|Wumu&amp;Ida312's rating: 1383 &rarr; <strong>1398</strong><br />(+15 for winning)\n|l|\u2606Wumu&Ida312\n|player|p2|\n|l|\u2606sheeshshane925\n|player|p1|\n","uploadtime":1773462874,"views":19,"formatid":"gen9vgc2026regi","rating":1280,"private":0,"password":null}