{"id":"gen9vgc2026regi-2553816753","format":"[Gen 9] VGC 2026 Reg I","players":["neo-bespa","blackred123"],"log":"|j|\u2606neo-bespa\n|j|\u2606blackred123\n|t:|1772885786\n|gametype|doubles\n|player|p1|neo-bespa|265|1403\n|player|p2|blackred123|iono-masters|1488\n|gen|9\n|tier|[Gen 9] VGC 2026 Reg I\n|rated|\n|rule|Species Clause: Limit one of each Pok\u00e9mon\n|rule|Item Clause: Limit 1 of each item\n|clearpoke\n|poke|p1|Calyrex-Ice, L50|\n|poke|p1|Incineroar, L50, F|\n|poke|p1|Miraidon, L50|\n|poke|p1|Iron Bundle, L50|\n|poke|p1|Farigiraf, L50, F|\n|poke|p1|Ogerpon-Hearthflame, L50, F|\n|poke|p2|Kyogre, L50|\n|poke|p2|Zamazenta-*, L50|\n|poke|p2|Chien-Pao, L50|\n|poke|p2|Amoonguss, L50, M|\n|poke|p2|Dragonite, L50, M|\n|poke|p2|Rillaboom, L50, M|\n|teampreview|4\n|inactive|Battle timer is ON: inactive players will automatically lose when time's up. (requested by blackred123)\n|\n|t:|1772885798\n|teamsize|p1|4\n|teamsize|p2|4\n|start\n|switch|p1a: Miraidon|Miraidon, L50|100/100\n|switch|p1b: Farigiraf|Farigiraf, L50, F|100/100\n|switch|p2a: Zamazenta|Zamazenta-Crowned, L50|100/100\n|switch|p2b: Chien-Pao|Chien-Pao, L50|100/100\n|-fieldstart|move: Electric Terrain|[from] ability: Hadron Engine|[of] p1a: Miraidon\n|-enditem|p1b: Farigiraf|Electric Seed\n|-boost|p1b: Farigiraf|def|1|[from] item: Electric Seed\n|-ability|p2b: Chien-Pao|Sword of Ruin\n|-ability|p2a: Zamazenta|Dauntless Shield|boost\n|-boost|p2a: Zamazenta|def|1\n|turn|1\n|\n|t:|1772885818\n|move|p1b: Farigiraf|Helping Hand|p1a: Miraidon\n|-singleturn|p1a: Miraidon|Helping Hand|[of] p1b: Farigiraf\n|move|p1a: Miraidon|Overheat|p2a: Zamazenta\n|-supereffective|p2a: Zamazenta\n|-damage|p2a: Zamazenta|0 fnt\n|-unboost|p1a: Miraidon|spa|2\n|faint|p2a: Zamazenta\n|move|p2b: Chien-Pao|Ice Spinner|p1a: Miraidon\n|-supereffective|p1a: Miraidon\n|-damage|p1a: Miraidon|7/100\n|-fieldend|move: Electric Terrain\n|\n|upkeep\n|\n|t:|1772885825\n|switch|p2a: Kyogre|Kyogre, L50|100/100\n|-weather|RainDance|[from] ability: Drizzle|[of] p2a: Kyogre\n|turn|2\n|\n|t:|1772885845\n|switch|p1a: \u5b87\u5b99\u7b2c\u4e00|Incineroar, L50, F|100/100\n|-ability|p1a: \u5b87\u5b99\u7b2c\u4e00|Intimidate|boost\n|-unboost|p2a: Kyogre|atk|1\n|-unboost|p2b: Chien-Pao|atk|1\n|move|p2a: Kyogre|Origin Pulse|p1b: Farigiraf|[spread] p1a\n|-miss|p2a: Kyogre|p1b: Farigiraf\n|-supereffective|p1a: \u5b87\u5b99\u7b2c\u4e00\n|-damage|p1a: \u5b87\u5b99\u7b2c\u4e00|0 fnt\n|faint|p1a: \u5b87\u5b99\u7b2c\u4e00\n|move|p2b: Chien-Pao|Ice Spinner|p1b: Farigiraf\n|-damage|p1b: Farigiraf|75/100\n|move|p1b: Farigiraf|Trick Room|p1b: Farigiraf\n|-fieldstart|move: Trick Room|[of] p1b: Farigiraf\n|\n|-weather|RainDance|[upkeep]\n|upkeep\n|\n|t:|1772885860\n|switch|p1a: \u9e7f\u51a0\u738b-\u767d\u51a0|Calyrex-Ice, L50|100/100\n|-ability|p1a: \u9e7f\u51a0\u738b-\u767d\u51a0|As One\n|-ability|p1a: \u9e7f\u51a0\u738b-\u767d\u51a0|Unnerve\n|turn|3\n|\n|t:|1772885874\n|-terastallize|p1a: \u9e7f\u51a0\u738b-\u767d\u51a0|Grass\n|move|p1a: \u9e7f\u51a0\u738b-\u767d\u51a0|Seed Bomb|p2a: Kyogre\n|-supereffective|p2a: Kyogre\n|-damage|p2a: Kyogre|0 fnt\n|faint|p2a: Kyogre\n|-ability|p1a: \u9e7f\u51a0\u738b-\u767d\u51a0|Chilling Neigh|boost\n|-boost|p1a: \u9e7f\u51a0\u738b-\u767d\u51a0|atk|1\n|move|p1b: Farigiraf|Foul Play|p2b: Chien-Pao\n|-resisted|p2b: Chien-Pao\n|-damage|p2b: Chien-Pao|86/100\n|move|p2b: Chien-Pao|Ice Spinner|p1b: Farigiraf\n|-damage|p1b: Farigiraf|53/100\n|\n|-weather|RainDance|[upkeep]\n|upkeep\n|\n|t:|1772885885\n|switch|p2a: Dragonite|Dragonite, L50, M|100/100\n|turn|4\n|\n|t:|1772885895\n|-terastallize|p2a: Dragonite|Normal\n|move|p1a: \u9e7f\u51a0\u738b-\u767d\u51a0|Glacial Lance|p2b: Chien-Pao|[spread] p2a,p2b\n|-resisted|p2b: Chien-Pao\n|-damage|p2a: Dragonite|0 fnt\n|-damage|p2b: Chien-Pao|28/100\n|faint|p2a: Dragonite\n|-ability|p1a: \u9e7f\u51a0\u738b-\u767d\u51a0|Chilling Neigh|boost\n|-boost|p1a: \u9e7f\u51a0\u738b-\u767d\u51a0|atk|1\n|move|p1b: Farigiraf|Foul Play|p2b: Chien-Pao\n|-resisted|p2b: Chien-Pao\n|-damage|p2b: Chien-Pao|15/100\n|move|p2b: Chien-Pao|Ice Spinner|p1a: \u9e7f\u51a0\u738b-\u767d\u51a0\n|-supereffective|p1a: \u9e7f\u51a0\u738b-\u767d\u51a0\n|-damage|p1a: \u9e7f\u51a0\u738b-\u767d\u51a0|56/100\n|\n|-weather|RainDance|[upkeep]\n|upkeep\n|turn|5\n|-message|blackred123 forfeited.\n|\n|win|neo-bespa\n|raw|neo-bespa's rating: 1403 &rarr; <strong>1428</strong><br />(+25 for winning)\n|raw|blackred123's rating: 1488 &rarr; <strong>1463</strong><br />(-25 for losing)\n|l|\u2606blackred123\n|player|p2|\n|l|\u2606neo-bespa\n|player|p1|\n","uploadtime":1772886128,"views":15,"formatid":"gen9vgc2026regi","rating":1428,"private":0,"password":null}