{"id":"gen9vgc2026regi-2515912329","format":"[Gen 9] VGC 2026 Reg I","players":["kojimuranishi","defrnm"],"log":"|j|\u2606kojimuranishi\n|j|\u2606defrnm\n|t:|1768059594\n|gametype|doubles\n|player|p1|kojimuranishi|266|1349\n|player|p2|defrnm|iris-gen5bw2|1321\n|gen|9\n|tier|[Gen 9] VGC 2026 Reg I\n|rated|\n|rule|Species Clause: Limit one of each Pok\u00e9mon\n|rule|Item Clause: Limit 1 of each item\n|clearpoke\n|poke|p1|Raging Bolt, L50|\n|poke|p1|Calyrex-Ice, L50|\n|poke|p1|Kyogre, L50|\n|poke|p1|Indeedee-F, L50, F|\n|poke|p1|Landorus, L50, M|\n|poke|p1|Urshifu-*, L50, F|\n|poke|p2|Kyogre, L50|\n|poke|p2|Calyrex-Ice, L50|\n|poke|p2|Rillaboom, L50, F|\n|poke|p2|Tornadus, L50, M|\n|poke|p2|Incineroar, L50, M|\n|poke|p2|Smeargle, L50, F|\n|teampreview|4\n|inactive|Battle timer is ON: inactive players will automatically lose when time's up. (requested by defrnm)\n|\n|t:|1768059615\n|teamsize|p1|4\n|teamsize|p2|4\n|start\n|switch|p1a: Urshifu|Urshifu-Rapid-Strike, L50, F|100/100\n|switch|p1b: Calyrex|Calyrex-Ice, L50|100/100\n|switch|p2a: Calyrex|Calyrex-Ice, L50|100/100\n|switch|p2b: Rillaboom|Rillaboom, L50, F|100/100\n|-ability|p2a: Calyrex|As One\n|-ability|p2a: Calyrex|Unnerve\n|-ability|p1b: Calyrex|As One\n|-ability|p1b: Calyrex|Unnerve\n|-fieldstart|move: Grassy Terrain|[from] ability: Grassy Surge|[of] p2b: Rillaboom\n|turn|1\n|\n|t:|1768059637\n|switch|p1a: Indeedee|Indeedee-F, L50, F|100/100\n|-fieldstart|move: Psychic Terrain|[from] ability: Psychic Surge|[of] p1a: Indeedee\n|move|p2b: Rillaboom|Fake Out|p1a: Indeedee\n|-activate|p1a: Indeedee|move: Psychic Terrain\n|move|p2a: Calyrex|Imprison|p2a: Calyrex\n|-start|p2a: Calyrex|move: Imprison\n|cant|p1b: Calyrex|move: Imprison|Glacial Lance\n|\n|upkeep\n|turn|2\n|inactive|kojimuranishi has 30 seconds left.\n|\n|t:|1768059663\n|switch|p1b: Kyogre|Kyogre, L50|100/100\n|-weather|RainDance|[from] ability: Drizzle|[of] p1b: Kyogre\n|move|p1a: Indeedee|Follow Me|p1a: Indeedee\n|-singleturn|p1a: Indeedee|move: Follow Me\n|move|p2b: Rillaboom|U-turn|p1a: Indeedee\n|-supereffective|p1a: Indeedee\n|-damage|p1a: Indeedee|58/100\n|-damage|p2b: Rillaboom|84/100|[from] item: Rocky Helmet|[of] p1a: Indeedee\n|\n|t:|1768059674\n|switch|p2b: Kyogre|Kyogre, L50|100/100|[from] U-turn\n|move|p2a: Calyrex|Glacial Lance|p1b: Kyogre|[spread] p1a,p1b\n|-resisted|p1b: Kyogre\n|-damage|p1a: Indeedee|7/100\n|-damage|p1b: Kyogre|72/100\n|\n|-weather|RainDance|[upkeep]\n|upkeep\n|turn|3\n|\n|t:|1768059686\n|-terastallize|p1b: Kyogre|Water\n|move|p1a: Indeedee|Follow Me|p1a: Indeedee\n|-singleturn|p1a: Indeedee|move: Follow Me\n|move|p2b: Kyogre|Water Spout|p1a: Indeedee|[spread] p1a,p1b\n|-resisted|p1b: Kyogre\n|-damage|p1a: Indeedee|0 fnt\n|-damage|p1b: Kyogre|34/100\n|faint|p1a: Indeedee\n|move|p1b: Kyogre|Origin Pulse|p2b: Kyogre|[spread] p2a,p2b\n|-resisted|p2b: Kyogre\n|-damage|p2a: Calyrex|41/100\n|-damage|p2b: Kyogre|65/100\n|move|p2a: Calyrex|Leech Seed|p1b: Kyogre\n|-start|p1b: Kyogre|move: Leech Seed\n|\n|-weather|RainDance|[upkeep]\n|-heal|p2a: Calyrex|46/100|[from] item: Leftovers\n|-damage|p1b: Kyogre|22/100|[from] Leech Seed|[of] p2a: Calyrex\n|-heal|p2a: Calyrex|57/100|[silent]\n|upkeep\n|inactive|kojimuranishi has 30 seconds left.\n|\n|t:|1768059713\n|switch|p1a: Urshifu|Urshifu-Rapid-Strike, L50, F|100/100\n|turn|4\n|\n|t:|1768059728\n|switch|p2b: Incineroar|Incineroar, L50, M|100/100\n|-ability|p2b: Incineroar|Intimidate|boost\n|-unboost|p1a: Urshifu|atk|1\n|-unboost|p1b: Kyogre|atk|1\n|switch|p1b: Calyrex|Calyrex-Ice, L50|100/100\n|-ability|p1b: Calyrex|As One\n|-ability|p1b: Calyrex|Unnerve\n|switch|p2a: Rillaboom|Rillaboom, L50, F|84/100\n|-fieldstart|move: Grassy Terrain|[from] ability: Grassy Surge|[of] p2a: Rillaboom\n|move|p1a: Urshifu|Surging Strikes|p2a: Rillaboom\n|-resisted|p2a: Rillaboom\n|-crit|p2a: Rillaboom\n|-damage|p2a: Rillaboom|69/100\n|-resisted|p2a: Rillaboom\n|-crit|p2a: Rillaboom\n|-damage|p2a: Rillaboom|54/100\n|-resisted|p2a: Rillaboom\n|-crit|p2a: Rillaboom\n|-damage|p2a: Rillaboom|38/100\n|-hitcount|p2a: Rillaboom|3\n|\n|-weather|RainDance|[upkeep]\n|-heal|p2a: Rillaboom|44/100|[from] Grassy Terrain\n|upkeep\n|turn|5\n|inactive|kojimuranishi has 30 seconds left.\n|\n|t:|1768059756\n|move|p1a: Urshifu|Detect|p1a: Urshifu\n|-singleturn|p1a: Urshifu|Protect\n|move|p1b: Calyrex|Protect|p1b: Calyrex\n|-singleturn|p1b: Calyrex|Protect\n|move|p2a: Rillaboom|Fake Out|p1a: Urshifu\n|-activate|p1a: Urshifu|move: Protect\n|move|p2b: Incineroar|Will-O-Wisp|p1b: Calyrex\n|-activate|p1b: Calyrex|move: Protect\n|\n|-weather|RainDance|[upkeep]\n|-heal|p2a: Rillaboom|50/100|[from] Grassy Terrain\n|upkeep\n|turn|6\n|\n|t:|1768059779\n|-terastallize|p2b: Incineroar|Water\n|move|p2a: Rillaboom|Grassy Glide|p1a: Urshifu\n|-supereffective|p1a: Urshifu\n|-damage|p1a: Urshifu|32/100\n|move|p1a: Urshifu|Surging Strikes|p2b: Incineroar\n|-resisted|p2b: Incineroar\n|-crit|p2b: Incineroar\n|-damage|p2b: Incineroar|85/100\n|-resisted|p2b: Incineroar\n|-crit|p2b: Incineroar\n|-damage|p2b: Incineroar|71/100\n|-resisted|p2b: Incineroar\n|-crit|p2b: Incineroar\n|-damage|p2b: Incineroar|57/100\n|-hitcount|p2b: Incineroar|3\n|move|p2b: Incineroar|Will-O-Wisp|p1a: Urshifu\n|-status|p1a: Urshifu|brn\n|move|p1b: Calyrex|Glacial Lance|p2b: Incineroar|[spread] p2a,p2b\n|-supereffective|p2a: Rillaboom\n|-resisted|p2b: Incineroar\n|-damage|p2a: Rillaboom|0 fnt\n|-damage|p2b: Incineroar|37/100\n|faint|p2a: Rillaboom\n|-ability|p1b: Calyrex|Chilling Neigh|boost\n|-boost|p1b: Calyrex|atk|1\n|\n|-weather|none\n|-heal|p1a: Urshifu|39/100 brn|[from] Grassy Terrain\n|-heal|p2b: Incineroar|43/100|[from] Grassy Terrain\n|-damage|p1a: Urshifu|32/100 brn|[from] brn\n|upkeep\n|\n|t:|1768059792\n|switch|p2a: Calyrex|Calyrex-Ice, L50|57/100\n|-ability|p2a: Calyrex|As One\n|-ability|p2a: Calyrex|Unnerve\n|turn|7\n|inactive|kojimuranishi has 30 seconds left.\n|inactive|defrnm has 30 seconds left.\n|\n|t:|1768059828\n|move|p1a: Urshifu|Surging Strikes|p2a: Calyrex\n|-crit|p2a: Calyrex\n|-damage|p2a: Calyrex|50/100\n|-crit|p2a: Calyrex\n|-damage|p2a: Calyrex|43/100\n|-crit|p2a: Calyrex\n|-damage|p2a: Calyrex|36/100\n|-hitcount|p2a: Calyrex|3\n|move|p2b: Incineroar|Parting Shot|p1a: Urshifu\n|-unboost|p1a: Urshifu|atk|1\n|-unboost|p1a: Urshifu|spa|1\n|\n|t:|1768059840\n|switch|p2b: Kyogre|Kyogre, L50|65/100|[from] Parting Shot\n|-weather|RainDance|[from] ability: Drizzle|[of] p2b: Kyogre\n|move|p2a: Calyrex|Leech Seed|p1b: Calyrex|[miss]\n|-miss|p2a: Calyrex|p1b: Calyrex\n|move|p1b: Calyrex|Leech Seed|p2a: Calyrex|[miss]\n|-miss|p1b: Calyrex|p2a: Calyrex\n|\n|-weather|RainDance|[upkeep]\n|-heal|p2b: Kyogre|72/100|[from] Grassy Terrain\n|-heal|p1a: Urshifu|39/100 brn|[from] Grassy Terrain\n|-heal|p2a: Calyrex|42/100|[from] Grassy Terrain\n|-heal|p2a: Calyrex|48/100|[from] item: Leftovers\n|-damage|p1a: Urshifu|32/100 brn|[from] brn\n|upkeep\n|turn|8\n|\n|t:|1768059862\n|move|p1a: Urshifu|Detect|p1a: Urshifu\n|-singleturn|p1a: Urshifu|Protect\n|move|p2b: Kyogre|Water Spout|p1b: Calyrex|[spread] p1b\n|-activate|p1a: Urshifu|move: Protect\n|-damage|p1b: Calyrex|61/100\n|move|p2a: Calyrex|Imprison|p2a: Calyrex\n|-start|p2a: Calyrex|move: Imprison\n|cant|p1b: Calyrex|move: Imprison|Glacial Lance\n|\n|-weather|RainDance|[upkeep]\n|-heal|p2b: Kyogre|78/100|[from] Grassy Terrain\n|-heal|p1a: Urshifu|39/100 brn|[from] Grassy Terrain\n|-heal|p2a: Calyrex|54/100|[from] Grassy Terrain\n|-heal|p2a: Calyrex|59/100|[from] item: Leftovers\n|-heal|p1b: Calyrex|67/100|[from] Grassy Terrain\n|-heal|p1b: Calyrex|72/100|[from] item: Leftovers\n|-damage|p1a: Urshifu|32/100 brn|[from] brn\n|-fieldend|move: Grassy Terrain\n|upkeep\n|turn|9\n|\n|t:|1768059885\n|switch|p1b: Kyogre|Kyogre, L50, tera:Water|22/100\n|move|p2b: Kyogre|Water Spout|p1b: Kyogre|[spread] p1a,p1b\n|-resisted|p1a: Urshifu\n|-resisted|p1b: Kyogre\n|-damage|p1a: Urshifu|0 fnt\n|-damage|p1b: Kyogre|0 fnt\n|faint|p1a: Urshifu\n|faint|p1b: Kyogre\n|move|p2a: Calyrex|Leech Seed|p1: Urshifu|[notarget]\n|-fail|p2a: Calyrex\n|\n|-weather|RainDance|[upkeep]\n|-heal|p2a: Calyrex|65/100|[from] item: Leftovers\n|upkeep\n|j| riyuezi\n|-message|kojimuranishi forfeited.\n|\n|win|defrnm\n|raw|kojimuranishi's rating: 1349 &rarr; <strong>1327</strong><br />(-22 for losing)\n|raw|defrnm's rating: 1321 &rarr; <strong>1343</strong><br />(+22 for winning)\n|l|\u2606kojimuranishi\n|player|p1|\n|j|\u2606kojimuranishi\n|player|p1|kojimuranishi|266|\n|l|\u2606kojimuranishi\n|player|p1|\n|l|\u2606defrnm\n|player|p2|\n","uploadtime":1768059945,"views":16,"formatid":"gen9vgc2026regi","rating":1327,"private":0,"password":null}