{"id":"gen9vgc2026regi-2549451738","format":"[Gen 9] VGC 2026 Reg I","players":["longhq","partigiano jonny"],"log":"|j|\u2606longhq\n|j|\u2606partigiano jonny\n|t:|1772369696\n|gametype|doubles\n|player|p1|longhq|dawn|1517\n|player|p2|partigiano jonny|265|1595\n|gen|9\n|tier|[Gen 9] VGC 2026 Reg I\n|rated|\n|rule|Species Clause: Limit one of each Pok\u00e9mon\n|rule|Item Clause: Limit 1 of each item\n|clearpoke\n|poke|p1|Calyrex-Ice, L50|\n|poke|p1|Miraidon, L50|\n|poke|p1|Grimmsnarl, L50, M|\n|poke|p1|Smeargle, L50, F|\n|poke|p1|Chi-Yu, L50|\n|poke|p1|Indeedee-F, L50, F|\n|poke|p2|Terapagos, L50, M|\n|poke|p2|Miraidon, L50|\n|poke|p2|Incineroar, L50, F|\n|poke|p2|Iron Treads, L50|\n|poke|p2|Sinistcha, L50|\n|poke|p2|Urshifu-*, L50, M|\n|teampreview|4\n|inactive|Battle timer is ON: inactive players will automatically lose when time's up. (requested by partigiano jonny)\n|inactive|longhq has 60 seconds left.\n|\n|t:|1772369745\n|teamsize|p1|4\n|teamsize|p2|4\n|start\n|switch|p1a: Indeedee|Indeedee-F, L50, F|100/100\n|switch|p1b: Smeargle|Smeargle, L50, F|100/100\n|switch|p2a: Miraidon|Miraidon, L50|100/100\n|switch|p2b: Iron Treads|Iron Treads, L50|100/100\n|-fieldstart|move: Electric Terrain|[from] ability: Hadron Engine|[of] p2a: Miraidon\n|-activate|p2b: Iron Treads|ability: Quark Drive\n|-start|p2b: Iron Treads|quarkdrivespe\n|-fieldstart|move: Psychic Terrain|[from] ability: Psychic Surge|[of] p1a: Indeedee\n|-end|p2b: Iron Treads|Quark Drive\n|-enditem|p1a: Indeedee|Psychic Seed\n|-boost|p1a: Indeedee|spd|1|[from] item: Psychic Seed\n|turn|1\n|inactive|partigiano jonny has 30 seconds left.\n|\n|t:|1772369774\n|move|p1a: Indeedee|Follow Me|p1a: Indeedee\n|-singleturn|p1a: Indeedee|move: Follow Me\n|move|p2a: Miraidon|Volt Switch|p1a: Indeedee\n|-damage|p1a: Indeedee|75/100\n|\n|t:|1772369778\n|switch|p2a: Incineroar|Incineroar, L50, F|100/100|[from] Volt Switch\n|-ability|p2a: Incineroar|Intimidate|boost\n|-unboost|p1a: Indeedee|atk|1\n|-unboost|p1b: Smeargle|atk|1\n|move|p2b: Iron Treads|High Horsepower|p1a: Indeedee\n|-damage|p1a: Indeedee|23/100\n|-damage|p2b: Iron Treads|91/100|[from] item: Life Orb\n|move|p1b: Smeargle|Spore|p2b: Iron Treads\n|-status|p2b: Iron Treads|slp|[from] move: Spore\n|\n|-ability|p1b: Smeargle|Moody|boost\n|-boost|p1b: Smeargle|def|2\n|-unboost|p1b: Smeargle|spd|1\n|upkeep\n|turn|2\n|\n|t:|1772369796\n|cant|p2b: Iron Treads|slp\n|move|p1b: Smeargle|Spore|p2a: Incineroar\n|-status|p2a: Incineroar|slp|[from] move: Spore\n|move|p1a: Indeedee|Baton Pass|p1a: Indeedee\n|\n|t:|1772369804\n|switch|p1a: Calyrex|Calyrex-Ice, L50|100/100|[from] Baton Pass\n|-ability|p1a: Calyrex|As One\n|-ability|p1a: Calyrex|Unnerve\n|cant|p2a: Incineroar|slp\n|\n|-ability|p1b: Smeargle|Moody|boost\n|-boost|p1b: Smeargle|spe|2\n|-unboost|p1b: Smeargle|def|1\n|upkeep\n|turn|3\n|\n|t:|1772369815\n|switch|p1b: Grimmsnarl|Grimmsnarl, L50, M|100/100\n|cant|p2b: Iron Treads|slp\n|-curestatus|p2a: Incineroar|slp|[msg]\n|move|p2a: Incineroar|Knock Off|p1a: Calyrex\n|-supereffective|p1a: Calyrex\n|-damage|p1a: Calyrex|53/100\n|-enditem|p1a: Calyrex|Leftovers|[from] move: Knock Off|[of] p2a: Incineroar\n|move|p1a: Calyrex|Iron Defense|p1a: Calyrex\n|-boost|p1a: Calyrex|def|2\n|\n|upkeep\n|turn|4\n|inactive|longhq has 30 seconds left.\n|\n|t:|1772369849\n|move|p1b: Grimmsnarl|Reflect|p1b: Grimmsnarl\n|-sidestart|p1: longhq|Reflect\n|cant|p2b: Iron Treads|slp\n|move|p2a: Incineroar|Parting Shot|p1a: Calyrex\n|-unboost|p1a: Calyrex|atk|1\n|-unboost|p1a: Calyrex|spa|1\n|\n|t:|1772369855\n|switch|p2a: Miraidon|Miraidon, L50|100/100|[from] Parting Shot\n|-fieldstart|move: Electric Terrain|[from] ability: Hadron Engine|[of] p2a: Miraidon\n|-activate|p2b: Iron Treads|ability: Quark Drive\n|-start|p2b: Iron Treads|quarkdrivespe\n|move|p1a: Calyrex|Glacial Lance|p2a: Miraidon|[spread] p2a,p2b\n|-supereffective|p2a: Miraidon\n|-damage|p2a: Miraidon|48/100\n|-damage|p2b: Iron Treads|68/100 slp\n|\n|upkeep\n|turn|5\n|\n|t:|1772369875\n|move|p1a: Calyrex|Protect|p1a: Calyrex\n|-singleturn|p1a: Calyrex|Protect\n|move|p1b: Grimmsnarl|Light Screen|p1b: Grimmsnarl\n|-sidestart|p1: longhq|move: Light Screen\n|-curestatus|p2b: Iron Treads|slp|[msg]\n|move|p2b: Iron Treads|Steel Roller|p1b: Grimmsnarl\n|-supereffective|p1b: Grimmsnarl\n|-damage|p1b: Grimmsnarl|8/100\n|-fieldend|move: Electric Terrain\n|-end|p2b: Iron Treads|Quark Drive\n|-damage|p2b: Iron Treads|58/100|[from] item: Life Orb\n|move|p2a: Miraidon|Volt Switch|p1a: Calyrex\n|-activate|p1a: Calyrex|move: Protect\n|\n|upkeep\n|turn|6\n|inactive|longhq has 30 seconds left.\n|inactive|partigiano jonny has 30 seconds left.\n|inactive|longhq has 20 seconds left.\n|inactive|partigiano jonny has 20 seconds left.\n|inactive|longhq has 15 seconds left.\n|inactive|partigiano jonny has 15 seconds left.\n|inactive|partigiano jonny has 10 seconds left.\n|\n|t:|1772369924\n|-terastallize|p1a: Calyrex|Dragon\n|move|p2a: Miraidon|Volt Switch|p1b: Grimmsnarl\n|-damage|p1b: Grimmsnarl|0 fnt\n|faint|p1b: Grimmsnarl\n|\n|t:|1772369929\n|switch|p2a: Incineroar|Incineroar, L50, F|100/100|[from] Volt Switch\n|-ability|p2a: Incineroar|Intimidate|boost\n|-unboost|p1a: Calyrex|atk|1\n|move|p2b: Iron Treads|High Horsepower|p1a: Calyrex\n|-damage|p1a: Calyrex|43/100\n|-damage|p2b: Iron Treads|49/100|[from] item: Life Orb\n|move|p1a: Calyrex|Glacial Lance|p2a: Incineroar|[spread] p2a,p2b\n|-resisted|p2a: Incineroar\n|-damage|p2a: Incineroar|93/100\n|-damage|p2b: Iron Treads|31/100\n|\n|upkeep\n|\n|t:|1772369940\n|switch|p1b: Smeargle|Smeargle, L50, F|100/100\n|turn|7\n|inactive|partigiano jonny has 30 seconds left.\n|\n|t:|1772369966\n|switch|p1b: Indeedee|Indeedee-F, L50, F|23/100\n|-fieldstart|move: Psychic Terrain|[from] ability: Psychic Surge|[of] p1b: Indeedee\n|move|p2a: Incineroar|Fake Out|p1a: Calyrex\n|-activate|p1a: Calyrex|move: Psychic Terrain\n|move|p2b: Iron Treads|High Horsepower|p1b: Indeedee\n|-damage|p1b: Indeedee|0 fnt\n|faint|p1b: Indeedee\n|-damage|p2b: Iron Treads|21/100|[from] item: Life Orb\n|move|p1a: Calyrex|Leech Seed|p2a: Incineroar\n|-start|p2a: Incineroar|move: Leech Seed\n|\n|-damage|p2a: Incineroar|81/100|[from] Leech Seed|[of] p1a: Calyrex\n|-heal|p1a: Calyrex|55/100|[silent]\n|upkeep\n|\n|t:|1772369976\n|switch|p1b: Smeargle|Smeargle, L50, F|100/100\n|turn|8\n|\n|t:|1772369986\n|switch|p2a: Miraidon|Miraidon, L50|48/100\n|-fieldstart|move: Electric Terrain|[from] ability: Hadron Engine|[of] p2a: Miraidon\n|-activate|p2b: Iron Treads|ability: Quark Drive\n|-start|p2b: Iron Treads|quarkdrivespe\n|move|p2b: Iron Treads|Steel Roller|p1a: Calyrex\n|-damage|p1a: Calyrex|40/100\n|-fieldend|move: Electric Terrain\n|-end|p2b: Iron Treads|Quark Drive\n|-damage|p2b: Iron Treads|12/100|[from] item: Life Orb\n|move|p1b: Smeargle|Spore|p2a: Miraidon\n|-status|p2a: Miraidon|slp|[from] move: Spore\n|move|p1a: Calyrex|Glacial Lance|p2a: Miraidon|[spread] p2a,p2b\n|-supereffective|p2a: Miraidon\n|-damage|p2a: Miraidon|5/100 slp\n|-damage|p2b: Iron Treads|0 fnt\n|faint|p2b: Iron Treads\n|-end|p2b: Iron Treads|Quark Drive|[silent]\n|-ability|p1a: Calyrex|Chilling Neigh|boost\n|-boost|p1a: Calyrex|atk|1\n|\n|-ability|p1b: Smeargle|Moody|boost\n|-boost|p1b: Smeargle|def|2\n|-unboost|p1b: Smeargle|spd|1\n|upkeep\n|\n|t:|1772369998\n|switch|p2b: Urshifu|Urshifu-Rapid-Strike, L50, M|100/100\n|turn|9\n|\n|t:|1772370020\n|switch|p2a: Incineroar|Incineroar, L50, F|81/100\n|-ability|p2a: Incineroar|Intimidate|boost\n|-unboost|p1a: Calyrex|atk|1\n|-unboost|p1b: Smeargle|atk|1\n|move|p2b: Urshifu|Protect|p2b: Urshifu\n|-singleturn|p2b: Urshifu|Protect\n|move|p1b: Smeargle|Spore|p2b: Urshifu\n|-activate|p2b: Urshifu|move: Protect\n|move|p1a: Calyrex|Leech Seed|p2b: Urshifu\n|-activate|p2b: Urshifu|move: Protect\n|\n|-ability|p1b: Smeargle|Moody|boost\n|-boost|p1b: Smeargle|atk|2\n|-unboost|p1b: Smeargle|spe|1\n|upkeep\n|turn|10\n|\n|t:|1772370043\n|-terastallize|p2b: Urshifu|Water\n|move|p2a: Incineroar|Fake Out|p1b: Smeargle\n|-damage|p1b: Smeargle|90/100\n|move|p2b: Urshifu|Surging Strikes|p1b: Smeargle\n|-crit|p1b: Smeargle\n|-damage|p1b: Smeargle|0 fnt\n|faint|p1b: Smeargle\n|-hitcount|p1: Smeargle|1\n|move|p1a: Calyrex|Glacial Lance|p2a: Incineroar|[spread] p2a,p2b\n|-resisted|p2a: Incineroar\n|-resisted|p2b: Urshifu\n|-damage|p2a: Incineroar|73/100\n|-damage|p2b: Urshifu|91/100\n|\n|upkeep\n|turn|11\n|\n|t:|1772370058\n|move|p2b: Urshifu|Surging Strikes|p1a: Calyrex\n|-resisted|p1a: Calyrex\n|-crit|p1a: Calyrex\n|-damage|p1a: Calyrex|28/100\n|-resisted|p1a: Calyrex\n|-crit|p1a: Calyrex\n|-damage|p1a: Calyrex|17/100\n|-resisted|p1a: Calyrex\n|-crit|p1a: Calyrex\n|-damage|p1a: Calyrex|6/100\n|-hitcount|p1a: Calyrex|3\n|move|p2a: Incineroar|Knock Off|p1a: Calyrex\n|-damage|p1a: Calyrex|1/100\n|move|p1a: Calyrex|Leech Seed|p2b: Urshifu\n|-start|p2b: Urshifu|move: Leech Seed\n|\n|-damage|p2b: Urshifu|78/100|[from] Leech Seed|[of] p1a: Calyrex\n|-heal|p1a: Calyrex|13/100|[silent]\n|-sideend|p1: longhq|Reflect\n|upkeep\n|turn|12\n|\n|t:|1772370067\n|move|p2b: Urshifu|Surging Strikes|p1a: Calyrex\n|-resisted|p1a: Calyrex\n|-crit|p1a: Calyrex\n|-damage|p1a: Calyrex|2/100\n|-resisted|p1a: Calyrex\n|-crit|p1a: Calyrex\n|-damage|p1a: Calyrex|0 fnt\n|faint|p1a: Calyrex\n|-hitcount|p1: Calyrex|2\n|\n|win|partigiano jonny\n|raw|longhq's rating: 1517 &rarr; <strong>1501</strong><br />(-16 for losing)\n|raw|partigiano jonny's rating: 1595 &rarr; <strong>1611</strong><br />(+16 for winning)\n","uploadtime":1772370068,"views":20,"formatid":"gen9vgc2026regi","rating":1501,"private":0,"password":null}