{"id":"gen9vgc2026regi-2589129210","format":"[Gen 9] VGC 2026 Reg I","players":["sevaag","stoobidasian"],"log":"|j|\u2606sevaag\n|j|\u2606stoobidasian\n|t:|1776701528\n|gametype|doubles\n|player|p1|sevaag|clerkf|1606\n|player|p2|stoobidasian|n|1447\n|gen|9\n|tier|[Gen 9] VGC 2026 Reg I\n|rated|\n|rule|Species Clause: Limit one of each Pok\u00e9mon\n|rule|Item Clause: Limit 1 of each item\n|clearpoke\n|poke|p1|Miraidon, L50|\n|poke|p1|Lunala, L50|\n|poke|p1|Whimsicott, L50, M|\n|poke|p1|Urshifu-*, L50, F|\n|poke|p1|Incineroar, L50, F|\n|poke|p1|Ursaluna, L50, F|\n|poke|p2|Flutter Mane, L50|\n|poke|p2|Incineroar, L50, F|\n|poke|p2|Koraidon, L50|\n|poke|p2|Brute Bonnet, L50|\n|poke|p2|Raging Bolt, L50|\n|poke|p2|Ho-Oh, L50|\n|teampreview|4\n|inactive|Battle timer is ON: inactive players will automatically lose when time's up. (requested by stoobidasian)\n|inactive|sevaag has 60 seconds left.\n|inactive|stoobidasian has 60 seconds left.\n|\n|t:|1776701571\n|teamsize|p1|4\n|teamsize|p2|4\n|start\n|switch|p1a: Whimsicott|Whimsicott, L50, M|100/100\n|switch|p1b: Miraidon|Miraidon, L50|100/100\n|switch|p2a: Incineroar|Incineroar, L50, F|100/100\n|switch|p2b: Ho-Oh|Ho-Oh, L50|100/100\n|-fieldstart|move: Electric Terrain|[from] ability: Hadron Engine|[of] p1b: Miraidon\n|-ability|p2a: Incineroar|Intimidate|boost\n|-unboost|p1a: Whimsicott|atk|1\n|-unboost|p1b: Miraidon|atk|1\n|turn|1\n|\n|t:|1776701585\n|-terastallize|p1b: Miraidon|Electric\n|move|p2a: Incineroar|Fake Out|p1b: Miraidon\n|-damage|p1b: Miraidon|90/100\n|move|p1a: Whimsicott|Tailwind|p1a: Whimsicott\n|-sidestart|p1: sevaag|move: Tailwind\n|cant|p1b: Miraidon|flinch\n|move|p2b: Ho-Oh|Brave Bird|p1a: Whimsicott\n|-supereffective|p1a: Whimsicott\n|-damage|p1a: Whimsicott|0 fnt\n|faint|p1a: Whimsicott\n|-damage|p2b: Ho-Oh|74/100|[from] Recoil\n|\n|-heal|p2b: Ho-Oh|80/100|[from] item: Leftovers\n|upkeep\n|\n|t:|1776701599\n|switch|p1a: Ursaluna|Ursaluna, L50, F|100/100\n|turn|2\n|\n|t:|1776701619\n|-terastallize|p2b: Ho-Oh|Grass\n|move|p1b: Miraidon|Electro Drift|p2a: Incineroar\n|-damage|p2a: Incineroar|0 fnt\n|faint|p2a: Incineroar\n|-damage|p1b: Miraidon|81/100|[from] item: Life Orb\n|move|p1a: Ursaluna|Facade|p2b: Ho-Oh\n|-damage|p2b: Ho-Oh|47/100\n|move|p2b: Ho-Oh|Tailwind|p2b: Ho-Oh\n|-sidestart|p2: stoobidasian|move: Tailwind\n|\n|-heal|p2b: Ho-Oh|53/100|[from] item: Leftovers\n|-status|p1a: Ursaluna|brn|[from] item: Flame Orb\n|upkeep\n|\n|t:|1776701633\n|switch|p2a: Koraidon|Koraidon, L50, shiny|100/100\n|-weather|SunnyDay|[from] ability: Orichalcum Pulse|[of] p2a: Koraidon\n|-activate|p2a: Koraidon|Orichalcum Pulse|[source]\n|turn|3\n|inactive|stoobidasian has 30 seconds left.\n|\n|t:|1776701659\n|move|p2a: Koraidon|Close Combat|p1a: Ursaluna\n|-supereffective|p1a: Ursaluna\n|-damage|p1a: Ursaluna|0 fnt\n|-unboost|p2a: Koraidon|def|1\n|-unboost|p2a: Koraidon|spd|1\n|faint|p1a: Ursaluna\n|-damage|p2a: Koraidon|91/100|[from] item: Life Orb\n|move|p1b: Miraidon|Draco Meteor|p2a: Koraidon|[miss]\n|-miss|p1b: Miraidon|p2a: Koraidon\n|move|p2b: Ho-Oh|Sacred Fire|p1b: Miraidon\n|-damage|p1b: Miraidon|13/100\n|\n|-weather|SunnyDay|[upkeep]\n|-heal|p2b: Ho-Oh|60/100|[from] item: Leftovers\n|upkeep\n|c|\u2606sevaag|nice\n|\n|t:|1776701666\n|switch|p1a: Lunala|Lunala, L50|100/100\n|-enditem|p1a: Lunala|Electric Seed\n|-boost|p1a: Lunala|def|1|[from] item: Electric Seed\n|turn|4\n|\n|t:|1776701686\n|move|p1b: Miraidon|Protect|p1b: Miraidon\n|-singleturn|p1b: Miraidon|Protect\n|move|p2a: Koraidon|Flare Blitz|p1a: Lunala\n|-damage|p1a: Lunala|72/100\n|-status|p1a: Lunala|brn\n|-damage|p2a: Koraidon|78/100|[from] Recoil\n|-damage|p2a: Koraidon|68/100|[from] item: Life Orb\n|move|p1a: Lunala|Moonblast|p2a: Koraidon\n|-supereffective|p2a: Koraidon\n|-damage|p2a: Koraidon|0 fnt\n|faint|p2a: Koraidon\n|move|p2b: Ho-Oh|Sacred Fire|p1a: Lunala|[miss]\n|-miss|p2b: Ho-Oh|p1a: Lunala\n|\n|-weather|SunnyDay|[upkeep]\n|-heal|p2b: Ho-Oh|66/100|[from] item: Leftovers\n|-damage|p1a: Lunala|65/100 brn|[from] brn\n|-sideend|p1: sevaag|move: Tailwind\n|upkeep\n|\n|t:|1776701699\n|switch|p2a: Raging Bolt|Raging Bolt, L50|100/100\n|-activate|p2a: Raging Bolt|ability: Protosynthesis\n|-start|p2a: Raging Bolt|protosynthesisspa\n|turn|5\n|\n|t:|1776701712\n|move|p1b: Miraidon|Protect|p1b: Miraidon\n|-singleturn|p1b: Miraidon|Protect\n|move|p2a: Raging Bolt|Thunderclap||[still]\n|-fail|p2a: Raging Bolt\n|move|p2b: Ho-Oh|Sacred Fire|p1a: Lunala\n|-damage|p1a: Lunala|25/100 brn\n|move|p1a: Lunala|Moonblast|p2a: Raging Bolt\n|-supereffective|p2a: Raging Bolt\n|-damage|p2a: Raging Bolt|33/100\n|\n|-weather|SunnyDay|[upkeep]\n|-heal|p2b: Ho-Oh|72/100|[from] item: Leftovers\n|-damage|p1a: Lunala|19/100 brn|[from] brn\n|-sideend|p2: stoobidasian|move: Tailwind\n|-fieldend|move: Electric Terrain\n|upkeep\n|turn|6\n|inactive|sevaag has 30 seconds left.\n|inactive|stoobidasian has 30 seconds left.\n|inactive|stoobidasian has 20 seconds left.\n|\n|t:|1776701755\n|move|p1a: Lunala|Wide Guard|p1a: Lunala\n|-singleturn|p1a: Lunala|Wide Guard\n|move|p2a: Raging Bolt|Thunderclap|p1b: Miraidon\n|-resisted|p1b: Miraidon\n|-damage|p1b: Miraidon|0 fnt\n|faint|p1b: Miraidon\n|move|p2b: Ho-Oh|Sacred Fire|p1a: Lunala\n|-damage|p1a: Lunala|0 fnt\n|faint|p1a: Lunala\n|\n|win|stoobidasian\n|raw|sevaag's rating: 1606 &rarr; <strong>1577</strong><br />(-29 for losing)\n|raw|stoobidasian's rating: 1447 &rarr; <strong>1476</strong><br />(+29 for winning)\n|l|\u2606sevaag\n|player|p1|\n|l|\u2606stoobidasian\n|player|p2|\n","uploadtime":1776701894,"views":7,"formatid":"gen9vgc2026regi","rating":1476,"private":0,"password":null}