{"id":"gen9vgc2026regi-2531906373","format":"[Gen 9] VGC 2026 Reg I","players":["501JFW","Summrsxo1"],"log":"|j|\u2606501JFW\n|j|\u2606Summrsxo1\n|t:|1770119037\n|gametype|doubles\n|player|p1|501JFW|2|1174\n|player|p2|Summrsxo1|101|1140\n|gen|9\n|tier|[Gen 9] VGC 2026 Reg I\n|rated|\n|rule|Species Clause: Limit one of each Pok\u00e9mon\n|rule|Item Clause: Limit 1 of each item\n|clearpoke\n|poke|p1|Kyogre, L50|\n|poke|p1|Calyrex-Ice, L50|\n|poke|p1|Amoonguss, L50, F|\n|poke|p1|Iron Jugulis, L50|\n|poke|p1|Urshifu-*, L50, F|\n|poke|p1|Indeedee-F, L50, F|\n|poke|p2|Koraidon, L50|\n|poke|p2|Calyrex-Ice, L50|\n|poke|p2|Talonflame, L50, M|\n|poke|p2|Roaring Moon, L50|\n|poke|p2|Entei, L50|\n|poke|p2|Dragonite, L50, F|\n|teampreview|4\n|inactive|Battle timer is ON: inactive players will automatically lose when time's up. (requested by 501JFW)\n|inactive|501JFW has 60 seconds left.\n|\n|t:|1770119098\n|teamsize|p1|4\n|teamsize|p2|4\n|start\n|switch|p1a: Kyogre|Kyogre, L50, shiny|100/100\n|switch|p1b: Calyrex|Calyrex-Ice, L50|100/100\n|switch|p2a: Calyrex|Calyrex-Ice, L50|100/100\n|switch|p2b: Roaring Moon|Roaring Moon, L50, shiny|100/100\n|-ability|p2a: Calyrex|As One\n|-ability|p2a: Calyrex|Unnerve\n|-ability|p1b: Calyrex|As One\n|-ability|p1b: Calyrex|Unnerve\n|-weather|RainDance|[from] ability: Drizzle|[of] p1a: Kyogre\n|turn|1\n|inactive|501JFW has 30 seconds left.\n|\n|t:|1770119128\n|move|p2b: Roaring Moon|Tailwind|p2b: Roaring Moon\n|-sidestart|p2: Summrsxo1|move: Tailwind\n|move|p2a: Calyrex|Imprison|p2a: Calyrex\n|-start|p2a: Calyrex|move: Imprison\n|move|p1a: Kyogre|Origin Pulse|p2a: Calyrex|[spread] p2b\n|-miss|p1a: Kyogre|p2a: Calyrex\n|-resisted|p2b: Roaring Moon\n|-damage|p2b: Roaring Moon|49/100\n|cant|p1b: Calyrex|move: Imprison|Glacial Lance\n|\n|-weather|RainDance|[upkeep]\n|upkeep\n|turn|2\n|inactive|501JFW has 30 seconds left.\n|inactive|501JFW has 20 seconds left.\n|inactive|501JFW has 15 seconds left.\n|inactive|501JFW has 10 seconds left.\n|inactive|501JFW has 5 seconds left.\n|\n|t:|1770119181\n|switch|p1a: Urshifu|Urshifu-Rapid-Strike, L50, F|100/100\n|move|p2b: Roaring Moon|Knock Off|p1a: Urshifu\n|-resisted|p1a: Urshifu\n|-damage|p1a: Urshifu|69/100\n|-enditem|p1a: Urshifu|Choice Band|[from] move: Knock Off|[of] p2b: Roaring Moon\n|-damage|p2b: Roaring Moon|39/100|[from] item: Life Orb\n|move|p2a: Calyrex|Glacial Lance|p1a: Urshifu|[spread] p1a,p1b\n|-resisted|p1a: Urshifu\n|-resisted|p1b: Calyrex\n|-damage|p1a: Urshifu|41/100\n|-damage|p1b: Calyrex|83/100\n|move|p1b: Calyrex|Icicle Spear|p2b: Roaring Moon\n|-supereffective|p2b: Roaring Moon\n|-damage|p2b: Roaring Moon|0 fnt\n|faint|p2b: Roaring Moon\n|-end|p2b: Roaring Moon|Protosynthesis|[silent]\n|-ability|p1b: Calyrex|Chilling Neigh|boost\n|-boost|p1b: Calyrex|atk|1\n|-hitcount|p2: Roaring Moon|1\n|\n|-weather|RainDance|[upkeep]\n|upkeep\n|inactive|Summrsxo1 has 30 seconds left.\n|\n|t:|1770119211\n|switch|p2b: Koraidon|Koraidon, L50, shiny|100/100\n|-weather|SunnyDay|[from] ability: Orichalcum Pulse|[of] p2b: Koraidon\n|-activate|p2b: Koraidon|Orichalcum Pulse|[source]\n|turn|3\n|inactive|501JFW has 30 seconds left.\n|inactive|501JFW has 20 seconds left.\n|inactive|501JFW has 15 seconds left.\n|inactive|501JFW has 10 seconds left.\n|inactive|501JFW has 5 seconds left.\n|\n|t:|1770119264\n|switch|p1a: Indeedee|Indeedee-F, L50, F, shiny|100/100\n|-fieldstart|move: Psychic Terrain|[from] ability: Psychic Surge|[of] p1a: Indeedee\n|-enditem|p1a: Indeedee|Psychic Seed\n|-boost|p1a: Indeedee|spd|1|[from] item: Psychic Seed\n|move|p2b: Koraidon|Collision Course|p1a: Indeedee\n|-damage|p1a: Indeedee|36/100\n|move|p2a: Calyrex|Glacial Lance|p1a: Indeedee|[spread] p1a,p1b\n|-resisted|p1b: Calyrex\n|-damage|p1a: Indeedee|0 fnt\n|-damage|p1b: Calyrex|65/100\n|faint|p1a: Indeedee\n|-ability|p2a: Calyrex|Chilling Neigh|boost\n|-boost|p2a: Calyrex|atk|1\n|move|p1b: Calyrex|Icicle Spear|p2b: Koraidon\n|-supereffective|p2b: Koraidon\n|-damage|p2b: Koraidon|52/100\n|-supereffective|p2b: Koraidon\n|-damage|p2b: Koraidon|0 fnt\n|faint|p2b: Koraidon\n|-ability|p1b: Calyrex|Chilling Neigh|boost\n|-boost|p1b: Calyrex|atk|1\n|-hitcount|p2: Koraidon|2\n|\n|-weather|SunnyDay|[upkeep]\n|upkeep\n|\n|t:|1770119289\n|switch|p2b: Entei|Entei, L50, shiny|100/100\n|switch|p1a: Urshifu|Urshifu-Rapid-Strike, L50, F|41/100\n|turn|4\n|\n|t:|1770119314\n|switch|p1a: Kyogre|Kyogre, L50, shiny|100/100\n|-weather|RainDance|[from] ability: Drizzle|[of] p1a: Kyogre\n|-terastallize|p2b: Entei|Normal\n|move|p2b: Entei|Sacred Fire|p1a: Kyogre\n|-resisted|p1a: Kyogre\n|-damage|p1a: Kyogre|90/100\n|-status|p1a: Kyogre|brn\n|move|p2a: Calyrex|Glacial Lance|p1a: Kyogre|[spread] p1a,p1b\n|-resisted|p1a: Kyogre\n|-resisted|p1b: Calyrex\n|-damage|p1a: Kyogre|48/100 brn\n|-damage|p1b: Calyrex|36/100\n|move|p1b: Calyrex|Icicle Spear|p2b: Entei\n|-damage|p2b: Entei|60/100\n|-damage|p2b: Entei|24/100\n|-hitcount|p2b: Entei|2\n|\n|-weather|RainDance|[upkeep]\n|-damage|p1a: Kyogre|43/100 brn|[from] brn\n|-sideend|p2: Summrsxo1|move: Tailwind\n|upkeep\n|turn|5\n|inactive|Summrsxo1 has 30 seconds left.\n|\n|t:|1770119343\n|move|p2b: Entei|Crunch|p1b: Calyrex\n|-supereffective|p1b: Calyrex\n|-damage|p1b: Calyrex|6/100\n|-unboost|p1b: Calyrex|def|1\n|move|p1a: Kyogre|Origin Pulse|p2b: Entei|[spread] p2a\n|-miss|p1a: Kyogre|p2b: Entei\n|-damage|p2a: Calyrex|13/100\n|move|p2a: Calyrex|Glacial Lance|p1b: Calyrex|[spread] p1a,p1b\n|-resisted|p1a: Kyogre\n|-resisted|p1b: Calyrex\n|-damage|p1a: Kyogre|0 fnt\n|-damage|p1b: Calyrex|0 fnt\n|faint|p1a: Kyogre\n|faint|p1b: Calyrex\n|-ability|p2a: Calyrex|Chilling Neigh|boost\n|-boost|p2a: Calyrex|atk|2\n|\n|-weather|RainDance|[upkeep]\n|upkeep\n|\n|t:|1770119363\n|switch|p1b: Urshifu|Urshifu-Rapid-Strike, L50, F|41/100\n|turn|6\n|\n|t:|1770119380\n|move|p2b: Entei|Crunch|p1b: Urshifu\n|-resisted|p1b: Urshifu\n|-damage|p1b: Urshifu|28/100\n|move|p1b: Urshifu|Surging Strikes|p2a: Calyrex\n|-crit|p2a: Calyrex\n|-damage|p2a: Calyrex|0 fnt\n|faint|p2a: Calyrex\n|-hitcount|p2: Calyrex|1\n|\n|-weather|RainDance|[upkeep]\n|upkeep\n|turn|7\n|\n|t:|1770119397\n|move|p2b: Entei|Stomping Tantrum|p1b: Urshifu\n|-damage|p1b: Urshifu|6/100\n|move|p1b: Urshifu|Surging Strikes|p2b: Entei\n|-crit|p2b: Entei\n|-damage|p2b: Entei|0 fnt\n|faint|p2b: Entei\n|-hitcount|p2: Entei|1\n|\n|win|501JFW\n|raw|501JFW's rating: 1174 &rarr; <strong>1197</strong><br />(+23 for winning)\n|raw|Summrsxo1's rating: 1140 &rarr; <strong>1117</strong><br />(-23 for losing)\n|l|\u2606Summrsxo1\n|player|p2|\n|l|\u2606501JFW\n|player|p1|\n","uploadtime":1770119767,"views":16,"formatid":"gen9vgc2026regi","rating":1117,"private":0,"password":null}