{"id":"gen9vgc2026regi-2532902623","format":"[Gen 9] VGC 2026 Reg I","players":["HUGEEVEE","bullgod4ever"],"log":"|j|\u2606HUGEEVEE\n|j|\u2606bullgod4ever\n|t:|1770235048\n|gametype|doubles\n|player|p1|HUGEEVEE|266|1376\n|player|p2|bullgod4ever|102|1457\n|gen|9\n|tier|[Gen 9] VGC 2026 Reg I\n|rated|\n|rule|Species Clause: Limit one of each Pok\u00e9mon\n|rule|Item Clause: Limit 1 of each item\n|clearpoke\n|poke|p1|Koraidon, L50|\n|poke|p1|Flutter Mane, L50|\n|poke|p1|Zamazenta-*, L50|\n|poke|p1|Chien-Pao, L50|\n|poke|p1|Jumpluff, L50, M|\n|poke|p1|Farigiraf, L50, F|\n|poke|p2|Calyrex-Shadow, L50|\n|poke|p2|Zamazenta-*, L50|\n|poke|p2|Chien-Pao, L50|\n|poke|p2|Dragonite, L50, M|\n|poke|p2|Amoonguss, L50, F|\n|poke|p2|Ogerpon-Cornerstone, L50, F|\n|teampreview|4\n|inactive|Battle timer is ON: inactive players will automatically lose when time's up. (requested by bullgod4ever)\n|inactive|HUGEEVEE has 60 seconds left.\n|\n|t:|1770235129\n|teamsize|p1|4\n|teamsize|p2|4\n|start\n|switch|p1a: Koraidon|Koraidon, L50|100/100\n|switch|p1b: Jumpluff|Jumpluff, L50, M, shiny|100/100\n|switch|p2a: Dragonite|Dragonite, L50, M|100/100\n|switch|p2b: Ogerpon|Ogerpon-Cornerstone, L50, F|100/100\n|-weather|SunnyDay|[from] ability: Orichalcum Pulse|[of] p1a: Koraidon\n|-activate|p1a: Koraidon|Orichalcum Pulse|[source]\n|turn|1\n|\n|t:|1770235151\n|move|p1a: Koraidon|Protect|p1a: Koraidon\n|-singleturn|p1a: Koraidon|Protect\n|move|p2b: Ogerpon|Follow Me|p2b: Ogerpon\n|-singleturn|p2b: Ogerpon|move: Follow Me\n|move|p1b: Jumpluff|Sleep Powder|p2b: Ogerpon\n|-immune|p2b: Ogerpon\n|move|p2a: Dragonite|Outrage|p1b: Jumpluff\n|-enditem|p1b: Jumpluff|Focus Sash\n|-damage|p1b: Jumpluff|1/100\n|\n|-weather|SunnyDay|[upkeep]\n|upkeep\n|turn|2\n|\n|t:|1770235168\n|move|p2b: Ogerpon|Follow Me|p2b: Ogerpon\n|-singleturn|p2b: Ogerpon|move: Follow Me\n|move|p1b: Jumpluff|Strength Sap|p2b: Ogerpon\n|-unboost|p2b: Ogerpon|atk|1\n|-heal|p1b: Jumpluff|92/100\n|move|p1a: Koraidon|Breaking Swipe|p2a: Dragonite|[spread] p2a,p2b\n|-supereffective|p2a: Dragonite\n|-damage|p2a: Dragonite|37/100\n|-damage|p2b: Ogerpon|63/100\n|-unboost|p2a: Dragonite|atk|1\n|-unboost|p2b: Ogerpon|atk|1\n|move|p2a: Dragonite|Outrage|p1a: Koraidon|[from] lockedmove\n|-supereffective|p1a: Koraidon\n|-damage|p1a: Koraidon|0 fnt\n|faint|p1a: Koraidon\n|\n|-weather|SunnyDay|[upkeep]\n|upkeep\n|\n|t:|1770235185\n|switch|p1a: Flutter Mane|Flutter Mane, L50|100/100\n|-activate|p1a: Flutter Mane|ability: Protosynthesis\n|-start|p1a: Flutter Mane|protosynthesisspe\n|turn|3\n|\n|t:|1770235202\n|move|p2b: Ogerpon|Spiky Shield|p2b: Ogerpon\n|-singleturn|p2b: Ogerpon|move: Protect\n|move|p1b: Jumpluff|Strength Sap|p2b: Ogerpon\n|-activate|p2b: Ogerpon|move: Protect\n|move|p1a: Flutter Mane|Dazzling Gleam|p2b: Ogerpon|[spread] p2a\n|-activate|p2b: Ogerpon|move: Protect\n|-supereffective|p2a: Dragonite\n|-damage|p2a: Dragonite|0 fnt\n|faint|p2a: Dragonite\n|\n|-weather|SunnyDay|[upkeep]\n|upkeep\n|\n|t:|1770235215\n|switch|p2a: Calyrex|Calyrex-Shadow, L50|100/100\n|-ability|p2a: Calyrex|As One\n|-ability|p2a: Calyrex|Unnerve\n|turn|4\n|\n|t:|1770235233\n|-terastallize|p2a: Calyrex|Ghost\n|move|p1a: Flutter Mane|Protect|p1a: Flutter Mane\n|-singleturn|p1a: Flutter Mane|Protect\n|move|p2b: Ogerpon|Follow Me|p2b: Ogerpon\n|-singleturn|p2b: Ogerpon|move: Follow Me\n|move|p1b: Jumpluff|Tailwind|p1b: Jumpluff\n|-sidestart|p1: HUGEEVEE|move: Tailwind\n|move|p2a: Calyrex|Astral Barrage|p1b: Jumpluff|[spread] p1b\n|-activate|p1a: Flutter Mane|move: Protect\n|-damage|p1b: Jumpluff|18/100\n|\n|-weather|SunnyDay|[upkeep]\n|upkeep\n|turn|5\n|inactive|HUGEEVEE has 30 seconds left.\n|\n|t:|1770235265\n|move|p2b: Ogerpon|Follow Me|p2b: Ogerpon\n|-singleturn|p2b: Ogerpon|move: Follow Me\n|move|p1b: Jumpluff|Strength Sap|p2b: Ogerpon\n|-unboost|p2b: Ogerpon|atk|1\n|-heal|p1b: Jumpluff|63/100\n|move|p1a: Flutter Mane|Dazzling Gleam|p2a: Calyrex|[spread] p2a,p2b\n|-damage|p2a: Calyrex|68/100\n|-damage|p2b: Ogerpon|25/100\n|move|p2a: Calyrex|Astral Barrage|p1a: Flutter Mane|[spread] p1a,p1b\n|-supereffective|p1a: Flutter Mane\n|-crit|p1b: Jumpluff\n|-damage|p1a: Flutter Mane|0 fnt\n|-damage|p1b: Jumpluff|0 fnt\n|faint|p1a: Flutter Mane\n|-end|p1a: Flutter Mane|Protosynthesis|[silent]\n|faint|p1b: Jumpluff\n|-ability|p2a: Calyrex|Grim Neigh|boost\n|-boost|p2a: Calyrex|spa|2\n|\n|-weather|none\n|upkeep\n|\n|t:|1770235283\n|switch|p1a: Zamazenta|Zamazenta-Crowned, L50, shiny|100/100\n|-ability|p1a: Zamazenta|Dauntless Shield|boost\n|-boost|p1a: Zamazenta|def|1\n|turn|6\n|\n|t:|1770235300\n|move|p1a: Zamazenta|Wide Guard|p1a: Zamazenta\n|-singleturn|p1a: Zamazenta|Wide Guard\n|move|p2b: Ogerpon|Follow Me|p2b: Ogerpon\n|-singleturn|p2b: Ogerpon|move: Follow Me\n|move|p2a: Calyrex|Psychic|p1a: Zamazenta\n|-damage|p1a: Zamazenta|26/100\n|\n|upkeep\n|turn|7\n|-message|HUGEEVEE forfeited.\n|\n|win|bullgod4ever\n|raw|HUGEEVEE's rating: 1376 &rarr; <strong>1361</strong><br />(-15 for losing)\n|raw|bullgod4ever's rating: 1457 &rarr; <strong>1472</strong><br />(+15 for winning)\n|l|\u2606HUGEEVEE\n|player|p1|\n|l|\u2606bullgod4ever\n|player|p2|\n","uploadtime":1770235540,"views":18,"formatid":"gen9vgc2026regi","rating":1361,"private":0,"password":null}