{"id":"gen9vgc2026regi-2536934118","format":"[Gen 9] VGC 2026 Reg I","players":["doomstahl","Cello L."],"log":"|j|\u2606doomstahl\n|j|\u2606Cello L.\n|t:|1770749734\n|gametype|doubles\n|player|p1|doomstahl|hiker-gen4|1395\n|player|p2|Cello L.|psychic-gen4|1560\n|gen|9\n|tier|[Gen 9] VGC 2026 Reg I\n|rated|\n|rule|Species Clause: Limit one of each Pok\u00e9mon\n|rule|Item Clause: Limit 1 of each item\n|clearpoke\n|poke|p1|Groudon, L50|\n|poke|p1|Miraidon, L50|\n|poke|p1|Tatsugiri, L50, M|\n|poke|p1|Dondozo, L50, F|\n|poke|p1|Sneasler, L50, M|\n|poke|p1|Garganacl, L50, F|\n|poke|p2|Kyogre, L50|\n|poke|p2|Calyrex-Ice, L50|\n|poke|p2|Flutter Mane, L50|\n|poke|p2|Basculegion, L50, M|\n|poke|p2|Amoonguss, L50, F|\n|poke|p2|Grimmsnarl, L50, M|\n|teampreview|4\n|\n|t:|1770749771\n|teamsize|p1|4\n|teamsize|p2|4\n|start\n|switch|p1a: Groudon|Groudon, L50, shiny|100/100\n|switch|p1b: Miraidon|Miraidon, L50, shiny|100/100\n|switch|p2a: Calyrex|Calyrex-Ice, L50|100/100\n|switch|p2b: Grimmsnarl|Grimmsnarl, L50, M|100/100\n|-ability|p2a: Calyrex|As One\n|-ability|p2a: Calyrex|Unnerve\n|-fieldstart|move: Electric Terrain|[from] ability: Hadron Engine|[of] p1b: Miraidon\n|-weather|SunnyDay|[from] ability: Drought|[of] p1a: Groudon\n|turn|1\n|\n|t:|1770749791\n|switch|p1b: Dondozo|Dondozo, L50, F, shiny|100/100\n|-terastallize|p1a: Groudon|Fire\n|move|p2a: Calyrex|Protect|p2a: Calyrex\n|-singleturn|p2a: Calyrex|Protect\n|move|p2b: Grimmsnarl|Light Screen|p2b: Grimmsnarl\n|-sidestart|p2: Cello L.|move: Light Screen\n|move|p1a: Groudon|Precipice Blades|p2b: Grimmsnarl|[spread] p2b\n|-activate|p2a: Calyrex|move: Protect\n|-damage|p2b: Grimmsnarl|46/100\n|\n|-weather|SunnyDay|[upkeep]\n|upkeep\n|turn|2\n|\n|t:|1770749837\n|switch|p2a: Kyogre|Kyogre, L50|100/100\n|-weather|RainDance|[from] ability: Drizzle|[of] p2a: Kyogre\n|move|p2b: Grimmsnarl|Reflect|p2b: Grimmsnarl\n|-sidestart|p2: Cello L.|Reflect\n|move|p1a: Groudon|Precipice Blades|p2b: Grimmsnarl|[spread] p2a,p2b\n|-damage|p2a: Kyogre|61/100\n|-damage|p2b: Grimmsnarl|9/100\n|move|p1b: Dondozo|Order Up|p2a: Kyogre\n|-damage|p2a: Kyogre|43/100\n|\n|-weather|RainDance|[upkeep]\n|upkeep\n|turn|3\n|\n|t:|1770749851\n|switch|p1a: Tatsugiri|Tatsugiri, L50, M, shiny|100/100\n|-activate|p1a: Tatsugiri|ability: Commander|[of] p1b: Dondozo\n|-boost|p1b: Dondozo|atk|2\n|-boost|p1b: Dondozo|spa|2\n|-boost|p1b: Dondozo|spe|2\n|-boost|p1b: Dondozo|def|2\n|-boost|p1b: Dondozo|spd|2\n|move|p2b: Grimmsnarl|Thunder Wave|p1b: Dondozo\n|-status|p1b: Dondozo|par\n|move|p2a: Kyogre|Origin Pulse|p1a: Tatsugiri|[spread] p1b\n|-miss|p2a: Kyogre|p1a: Tatsugiri\n|-resisted|p1b: Dondozo\n|-damage|p1b: Dondozo|82/100 par\n|cant|p1b: Dondozo|par\n|\n|-weather|RainDance|[upkeep]\n|-heal|p1b: Dondozo|88/100 par|[from] item: Leftovers\n|upkeep\n|turn|4\n|\n|t:|1770749878\n|switch|p2a: Calyrex|Calyrex-Ice, L50|100/100\n|-ability|p2a: Calyrex|As One\n|-ability|p2a: Calyrex|Unnerve\n|move|p2b: Grimmsnarl|Spirit Break|p1b: Dondozo\n|-damage|p1b: Dondozo|78/100 par\n|-unboost|p1b: Dondozo|spa|1\n|cant|p1b: Dondozo|par\n|\n|-weather|RainDance|[upkeep]\n|-heal|p1b: Dondozo|85/100 par|[from] item: Leftovers\n|upkeep\n|turn|5\n|\n|t:|1770749897\n|move|p2b: Grimmsnarl|Spirit Break|p1b: Dondozo\n|-damage|p1b: Dondozo|75/100 par\n|-unboost|p1b: Dondozo|spa|1\n|move|p2a: Calyrex|Leech Seed|p1b: Dondozo\n|-start|p1b: Dondozo|move: Leech Seed\n|cant|p1b: Dondozo|par\n|\n|-weather|RainDance|[upkeep]\n|-heal|p1b: Dondozo|81/100 par|[from] item: Leftovers\n|-damage|p1b: Dondozo|69/100 par|[from] Leech Seed|[of] p2a: Calyrex\n|-fieldend|move: Electric Terrain\n|upkeep\n|turn|6\n|\n|t:|1770749926\n|move|p2b: Grimmsnarl|Spirit Break|p1b: Dondozo\n|-damage|p1b: Dondozo|58/100 par\n|-unboost|p1b: Dondozo|spa|1\n|move|p2a: Calyrex|Glacial Lance|p1a: Tatsugiri|[spread] p1b\n|-miss|p2a: Calyrex|p1a: Tatsugiri\n|-resisted|p1b: Dondozo\n|-damage|p1b: Dondozo|49/100 par\n|move|p1b: Dondozo|Earthquake|p2a: Calyrex|[spread] p2a,p2b\n|-miss|p1b: Dondozo|p1a: Tatsugiri\n|-damage|p2a: Calyrex|83/100\n|-damage|p2b: Grimmsnarl|0 fnt\n|faint|p2b: Grimmsnarl\n|\n|-weather|none\n|-heal|p2a: Calyrex|88/100|[from] item: Leftovers\n|-heal|p1b: Dondozo|55/100 par|[from] item: Leftovers\n|-damage|p1b: Dondozo|43/100 par|[from] Leech Seed|[of] p2a: Calyrex\n|-heal|p2a: Calyrex|100/100|[silent]\n|upkeep\n|\n|t:|1770749944\n|switch|p2b: Kyogre|Kyogre, L50|43/100\n|-weather|RainDance|[from] ability: Drizzle|[of] p2b: Kyogre\n|turn|7\n|\n|t:|1770749959\n|move|p2b: Kyogre|Protect|p2b: Kyogre\n|-singleturn|p2b: Kyogre|Protect\n|move|p2a: Calyrex|Glacial Lance|p1b: Dondozo|[spread] p1b\n|-miss|p2a: Calyrex|p1a: Tatsugiri\n|-resisted|p1b: Dondozo\n|-damage|p1b: Dondozo|34/100 par\n|move|p1b: Dondozo|Earthquake|p2b: Kyogre|[spread] p2a\n|-miss|p1b: Dondozo|p1a: Tatsugiri\n|-activate|p2b: Kyogre|move: Protect\n|-damage|p2a: Calyrex|84/100\n|\n|-weather|RainDance|[upkeep]\n|-heal|p2a: Calyrex|89/100|[from] item: Leftovers\n|-heal|p1b: Dondozo|40/100 par|[from] item: Leftovers\n|-damage|p1b: Dondozo|28/100 par|[from] Leech Seed|[of] p2a: Calyrex\n|-heal|p2a: Calyrex|100/100|[silent]\n|upkeep\n|turn|8\n|\n|t:|1770749978\n|move|p2b: Kyogre|Origin Pulse|p1a: Tatsugiri|[spread] p1b\n|-miss|p2b: Kyogre|p1a: Tatsugiri\n|-resisted|p1b: Dondozo\n|-damage|p1b: Dondozo|9/100 par\n|move|p2a: Calyrex|Glacial Lance|p1b: Dondozo|[spread] p1b\n|-miss|p2a: Calyrex|p1a: Tatsugiri\n|-resisted|p1b: Dondozo\n|-damage|p1b: Dondozo|1/100 par\n|move|p1b: Dondozo|Wave Crash|p2b: Kyogre\n|-resisted|p2b: Kyogre\n|-damage|p2b: Kyogre|0 fnt\n|faint|p2b: Kyogre\n|-damage|p1b: Dondozo|0 fnt|[from] Recoil\n|faint|p1b: Dondozo\n|\n|-weather|RainDance|[upkeep]\n|-sideend|p2: Cello L.|move: Light Screen\n|upkeep\n|\n|t:|1770749992\n|switch|p2b: Basculegion|Basculegion, L50, M|100/100\n|switch|p1b: Miraidon|Miraidon, L50, shiny|100/100\n|-fieldstart|move: Electric Terrain|[from] ability: Hadron Engine|[of] p1b: Miraidon\n|turn|9\n|\n|t:|1770750034\n|switch|p1a: Groudon|Groudon, L50, shiny, tera:Fire|100/100\n|-weather|SunnyDay|[from] ability: Drought|[of] p1a: Groudon\n|-terastallize|p2a: Calyrex|Fairy\n|move|p2b: Basculegion|Protect|p2b: Basculegion\n|-singleturn|p2b: Basculegion|Protect\n|move|p1b: Miraidon|Discharge|p2b: Basculegion|[spread] p1a,p2a\n|-activate|p2b: Basculegion|move: Protect\n|-damage|p1a: Groudon|57/100\n|-damage|p2a: Calyrex|50/100\n|move|p2a: Calyrex|Trick Room|p2a: Calyrex\n|-fieldstart|move: Trick Room|[of] p2a: Calyrex\n|\n|-weather|SunnyDay|[upkeep]\n|-heal|p2a: Calyrex|56/100|[from] item: Leftovers\n|-sideend|p2: Cello L.|Reflect\n|upkeep\n|turn|10\n|\n|t:|1770750050\n|move|p2a: Calyrex|Glacial Lance|p1a: Groudon|[spread] p1a,p1b\n|-resisted|p1a: Groudon\n|-supereffective|p1b: Miraidon\n|-damage|p1a: Groudon|39/100\n|-damage|p1b: Miraidon|0 fnt\n|faint|p1b: Miraidon\n|-ability|p2a: Calyrex|Chilling Neigh|boost\n|-boost|p2a: Calyrex|atk|1\n|move|p1a: Groudon|Precipice Blades|p2b: Basculegion|[spread] p2a,p2b\n|-damage|p2a: Calyrex|23/100\n|-damage|p2b: Basculegion|42/100\n|move|p2b: Basculegion|Wave Crash|p1a: Groudon\n|-supereffective|p1a: Groudon\n|-damage|p1a: Groudon|0 fnt\n|faint|p1a: Groudon\n|-damage|p2b: Basculegion|30/100|[from] Recoil\n|-damage|p2b: Basculegion|20/100|[from] item: Life Orb\n|\n|-weather|SunnyDay|[upkeep]\n|-heal|p2a: Calyrex|29/100|[from] item: Leftovers\n|upkeep\n|\n|t:|1770750058\n|switch|p1b: Tatsugiri|Tatsugiri, L50, M, shiny|100/100\n|turn|11\n|-message|doomstahl forfeited.\n|\n|win|Cello L.\n|raw|doomstahl's rating: 1395 &rarr; <strong>1384</strong><br />(-11 for losing)\n|raw|Cello L.'s rating: 1560 &rarr; <strong>1571</strong><br />(+11 for winning)\n|l|\u2606doomstahl\n|player|p1|\n|l|\u2606Cello L.\n|player|p2|\n","uploadtime":1770750274,"views":17,"formatid":"gen9vgc2026regi","rating":1384,"private":0,"password":null}