{"id":"gen9vgc2026regi-2578452008","format":"[Gen 9] VGC 2026 Reg I","players":["JuanZB","datbishgames"],"log":"|j|\u2606JuanZB\n|j|\u2606datbishgames\n|t:|1775679119\n|gametype|doubles\n|player|p1|JuanZB|benga|1369\n|player|p2|datbishgames|mira|1403\n|gen|9\n|tier|[Gen 9] VGC 2026 Reg I\n|rated|\n|rule|Species Clause: Limit one of each Pok\u00e9mon\n|rule|Item Clause: Limit 1 of each item\n|clearpoke\n|poke|p1|Calyrex-Shadow, L50|\n|poke|p1|Zamazenta-*, L50|\n|poke|p1|Incineroar, L50, F|\n|poke|p1|Urshifu-*, L50, F|\n|poke|p1|Amoonguss, L50, F|\n|poke|p1|Pelipper, L50, F|\n|poke|p2|Dialga-Origin, L50|\n|poke|p2|Ho-Oh, L50|\n|poke|p2|Rotom-Wash, L50|\n|poke|p2|Amoonguss, L50, M|\n|poke|p2|Ursaluna, L50, F|\n|poke|p2|Zoroark-Hisui, L50, M|\n|teampreview|4\n|inactive|Battle timer is ON: inactive players will automatically lose when time's up. (requested by datbishgames)\n|inactive|JuanZB also wants the timer to be on.\n|inactive|JuanZB has 60 seconds left.\n|inactive|JuanZB has 30 seconds left.\n|l|\u2606datbishgames\n|inactive|datbishgames disconnected and has a minute to reconnect!\n|player|p2|\n|inactive|JuanZB has 20 seconds left.\n|j|\u2606datbishgames\n|inactive|datbishgames reconnected.\n|player|p2|datbishgames|mira|\n|inactive|JuanZB has 15 seconds left.\n|\n|t:|1775679199\n|teamsize|p1|4\n|teamsize|p2|4\n|start\n|switch|p1a: Calyrex|Calyrex-Shadow, L50|100/100\n|switch|p1b: Amoonguss|Amoonguss, L50, F|100/100\n|switch|p2a: Ho-Oh|Ho-Oh, L50|100/100\n|switch|p2b: Dialga|Dialga-Origin, L50|100/100\n|-ability|p1a: Calyrex|As One\n|-ability|p1a: Calyrex|Unnerve\n|turn|1\n|\n|t:|1775679211\n|-terastallize|p1a: Calyrex|Ghost\n|-terastallize|p2a: Ho-Oh|Grass\n|move|p1a: Calyrex|Astral Barrage|p2a: Ho-Oh|[spread] p2a\n|-immune|p2b: Dialga\n|-damage|p2a: Ho-Oh|60/100\n|move|p2b: Dialga|Bitter Malice|p1a: Calyrex\n|-supereffective|p1a: Calyrex\n|-damage|p1a: Calyrex|29/100\n|-unboost|p1a: Calyrex|atk|1\n|move|p2a: Ho-Oh|Tailwind|p2a: Ho-Oh\n|-sidestart|p2: datbishgames|move: Tailwind\n|move|p1b: Amoonguss|Spore|p2a: Ho-Oh\n|-immune|p2a: Ho-Oh\n|\n|upkeep\n|turn|2\n|\n|t:|1775679233\n|move|p1a: Calyrex|Protect|p1a: Calyrex\n|-singleturn|p1a: Calyrex|Protect\n|move|p2b: Dialga|Bitter Malice|p1a: Calyrex\n|-activate|p1a: Calyrex|move: Protect\n|move|p2a: Ho-Oh|Brave Bird|p1b: Amoonguss\n|-supereffective|p1b: Amoonguss\n|-damage|p1b: Amoonguss|0 fnt\n|-damage|p2a: Ho-Oh|44/100|[from] item: Rocky Helmet|[of] p1b: Amoonguss\n|faint|p1b: Amoonguss\n|-damage|p2a: Ho-Oh|10/100|[from] Recoil\n|\n|upkeep\n|\n|t:|1775679246\n|switch|p1b: Urshifu|Urshifu-Rapid-Strike, L50, F|100/100\n|turn|3\n|\n|t:|1775679259\n|switch|p2a: Ursaluna|Ursaluna, L50, F|100/100\n|switch|p1a: Pelipper|Pelipper, L50, F|100/100\n|-weather|RainDance|[from] ability: Drizzle|[of] p1a: Pelipper\n|move|p1b: Urshifu|Aqua Jet|p2a: Ursaluna\n|-supereffective|p2a: Ursaluna\n|-damage|p2a: Ursaluna|32/100\n|move|p2b: Dialga|Will-O-Wisp|p1b: Urshifu\n|-status|p1b: Urshifu|brn\n|\n|-weather|RainDance|[upkeep]\n|-damage|p1b: Urshifu|95/100 brn|[from] brn\n|-status|p2a: Ursaluna|brn|[from] item: Flame Orb\n|upkeep\n|turn|4\n|\n|t:|1775679277\n|switch|p2a: Ho-Oh|Ho-Oh, L50, tera:Grass|43/100\n|move|p1a: Pelipper|Protect|p1a: Pelipper\n|-singleturn|p1a: Pelipper|Protect\n|move|p1b: Urshifu|Aqua Jet|p2a: Ho-Oh\n|-resisted|p2a: Ho-Oh\n|-damage|p2a: Ho-Oh|34/100\n|move|p2b: Dialga|Icy Wind|p1a: Pelipper|[spread] p1b\n|-activate|p1a: Pelipper|move: Protect\n|-resisted|p1b: Urshifu\n|-damage|p1b: Urshifu|85/100 brn\n|-unboost|p1b: Urshifu|spe|1\n|\n|-weather|RainDance|[upkeep]\n|-damage|p1b: Urshifu|80/100 brn|[from] brn\n|-sideend|p2: datbishgames|move: Tailwind\n|upkeep\n|turn|5\n|\n|t:|1775679302\n|move|p2b: Dialga|Icy Wind|p1a: Pelipper|[spread] p1a,p1b\n|-resisted|p1b: Urshifu\n|-damage|p1a: Pelipper|75/100\n|-damage|p1b: Urshifu|70/100 brn\n|-unboost|p1a: Pelipper|spe|1\n|-unboost|p1b: Urshifu|spe|1\n|move|p2a: Ho-Oh|Tailwind|p2a: Ho-Oh\n|-sidestart|p2: datbishgames|move: Tailwind\n|move|p1a: Pelipper|Hurricane|p2a: Ho-Oh\n|-supereffective|p2a: Ho-Oh\n|-damage|p2a: Ho-Oh|0 fnt\n|faint|p2a: Ho-Oh\n|-damage|p1a: Pelipper|66/100|[from] item: Life Orb\n|move|p1b: Urshifu|Surging Strikes|p2b: Dialga\n|-crit|p2b: Dialga\n|-damage|p2b: Dialga|62/100\n|replace|p2b: Zoroark|Zoroark-Hisui, L50, M\n|-end|p2b: Zoroark|Illusion\n|-crit|p2b: Zoroark\n|-damage|p2b: Zoroark|18/100\n|-crit|p2b: Zoroark\n|-damage|p2b: Zoroark|0 fnt\n|faint|p2b: Zoroark\n|-hitcount|p2: Zoroark|3\n|\n|-weather|RainDance|[upkeep]\n|-damage|p1b: Urshifu|64/100 brn|[from] brn\n|upkeep\n|\n|t:|1775679316\n|switch|p2b: Ursaluna|Ursaluna, L50, F|32/100 brn\n|switch|p2a: Dialga|Dialga-Origin, L50|100/100\n|turn|6\n|\n|t:|1775679326\n|move|p1a: Pelipper|Protect|p1a: Pelipper\n|-singleturn|p1a: Pelipper|Protect\n|move|p1b: Urshifu|Aqua Jet|p2b: Ursaluna\n|-supereffective|p2b: Ursaluna\n|-damage|p2b: Ursaluna|0 fnt\n|faint|p2b: Ursaluna\n|move|p2a: Dialga|Draco Meteor|p1b: Urshifu\n|-damage|p1b: Urshifu|0 fnt\n|-unboost|p2a: Dialga|spa|2\n|faint|p1b: Urshifu\n|\n|-weather|RainDance|[upkeep]\n|upkeep\n|\n|t:|1775679335\n|switch|p1b: Calyrex|Calyrex-Shadow, L50, tera:Ghost|29/100\n|-ability|p1b: Calyrex|As One\n|-ability|p1b: Calyrex|Unnerve\n|turn|7\n|\n|t:|1775679347\n|move|p1b: Calyrex|Astral Barrage|p2a: Dialga\n|-damage|p2a: Dialga|23/100\n|move|p2a: Dialga|Draco Meteor|p1b: Calyrex\n|-damage|p1b: Calyrex|0 fnt\n|-unboost|p2a: Dialga|spa|2\n|faint|p1b: Calyrex\n|move|p1a: Pelipper|Hurricane|p2a: Dialga\n|-resisted|p2a: Dialga\n|-damage|p2a: Dialga|2/100\n|-damage|p1a: Pelipper|56/100|[from] item: Life Orb\n|\n|-weather|none\n|upkeep\n|turn|8\n|\n|t:|1775679360\n|move|p1a: Pelipper|Protect|p1a: Pelipper\n|-singleturn|p1a: Pelipper|Protect\n|move|p2a: Dialga|Draco Meteor|p1a: Pelipper\n|-activate|p1a: Pelipper|move: Protect\n|\n|-sideend|p2: datbishgames|move: Tailwind\n|upkeep\n|turn|9\n|\n|t:|1775679368\n|move|p2a: Dialga|Draco Meteor|p1a: Pelipper\n|-damage|p1a: Pelipper|0 fnt\n|-unboost|p2a: Dialga|spa|2\n|faint|p1a: Pelipper\n|\n|win|datbishgames\n|raw|JuanZB's rating: 1369 &rarr; <strong>1351</strong><br />(-18 for losing)\n|raw|datbishgames's rating: 1403 &rarr; <strong>1421</strong><br />(+18 for winning)\n|l|\u2606datbishgames\n|player|p2|\n|l|\u2606JuanZB\n|player|p1|\n","uploadtime":1775679513,"views":10,"formatid":"gen9vgc2026regi","rating":1351,"private":0,"password":null}