{"id":"gen9vgc2026regi-2546468338","format":"[Gen 9] VGC 2026 Reg I","players":["marcxhenry","ConnerTEP"],"log":"|j|\u2606marcxhenry\n|j|\u2606ConnerTEP\n|t:|1771967819\n|gametype|doubles\n|player|p1|marcxhenry|hilbert-wonderlauncher|1595\n|player|p2|ConnerTEP|acerola-masters2|1662\n|gen|9\n|tier|[Gen 9] VGC 2026 Reg I\n|rated|\n|rule|Species Clause: Limit one of each Pok\u00e9mon\n|rule|Item Clause: Limit 1 of each item\n|clearpoke\n|poke|p1|Calyrex-Shadow, L50|\n|poke|p1|Urshifu-*, L50, M|\n|poke|p1|Roaring Moon, L50|\n|poke|p1|Kyogre, L50|\n|poke|p1|Tsareena, L50, F|\n|poke|p1|Kingambit, L50, M|\n|poke|p2|Groudon, L50|\n|poke|p2|Miraidon, L50|\n|poke|p2|Farigiraf, L50, F|\n|poke|p2|Walking Wake, L50|\n|poke|p2|Iron Hands, L50|\n|poke|p2|Ogerpon-Hearthflame, L50, F|\n|teampreview|4\n|inactive|Battle timer is ON: inactive players will automatically lose when time's up. (requested by ConnerTEP)\n|inactive|marcxhenry has 60 seconds left.\n|inactive|ConnerTEP has 60 seconds left.\n|\n|t:|1771967860\n|teamsize|p1|4\n|teamsize|p2|4\n|start\n|switch|p1a: Roter Baron|Roaring Moon, L50, shiny|100/100\n|switch|p1b: Ludwig|Calyrex-Shadow, L50|100/100\n|switch|p2a: Groudon|Groudon, L50|100/100\n|switch|p2b: Miraidon|Miraidon, L50|100/100\n|-ability|p1b: Ludwig|As One\n|-ability|p1b: Ludwig|Unnerve\n|-fieldstart|move: Electric Terrain|[from] ability: Hadron Engine|[of] p2b: Miraidon\n|-weather|SunnyDay|[from] ability: Drought|[of] p2a: Groudon\n|-activate|p1a: Roter Baron|ability: Protosynthesis\n|-start|p1a: Roter Baron|protosynthesisspe\n|turn|1\n|\n|t:|1771967880\n|-terastallize|p1a: Roter Baron|Flying\n|move|p1b: Ludwig|Protect|p1b: Ludwig\n|-singleturn|p1b: Ludwig|Protect\n|move|p1a: Roter Baron|Tailwind|p1a: Roter Baron\n|-sidestart|p1: marcxhenry|move: Tailwind\n|move|p2b: Miraidon|Volt Switch|p1b: Ludwig\n|-activate|p1b: Ludwig|move: Protect\n|move|p2a: Groudon|Precipice Blades|p1a: Roter Baron|[spread] \n|-activate|p1b: Ludwig|move: Protect\n|-immune|p1a: Roter Baron\n|\n|-weather|SunnyDay|[upkeep]\n|upkeep\n|turn|2\n|\n|t:|1771967899\n|move|p1a: Roter Baron|Knock Off|p2b: Miraidon\n|-damage|p2b: Miraidon|58/100\n|-enditem|p2b: Miraidon|Choice Scarf|[from] move: Knock Off|[of] p1a: Roter Baron\n|move|p1b: Ludwig|Psychic|p2b: Miraidon\n|-damage|p2b: Miraidon|12/100\n|move|p2b: Miraidon|Volt Switch|p1b: Ludwig\n|-crit|p1b: Ludwig\n|-enditem|p1b: Ludwig|Focus Sash\n|-damage|p1b: Ludwig|1/100\n|\n|t:|1771967910\n|switch|p2b: Iron Hands|Iron Hands, L50|100/100|[from] Volt Switch\n|-activate|p2b: Iron Hands|ability: Quark Drive\n|-start|p2b: Iron Hands|quarkdriveatk\n|move|p2a: Groudon|Heat Crash|p1b: Ludwig\n|-crit|p1b: Ludwig\n|-damage|p1b: Ludwig|0 fnt\n|faint|p1b: Ludwig\n|\n|-weather|SunnyDay|[upkeep]\n|upkeep\n|\n|t:|1771967919\n|switch|p1b: Hitmonshe|Tsareena, L50, F, shiny|100/100\n|turn|3\n|inactive|ConnerTEP has 30 seconds left.\n|inactive|ConnerTEP has 20 seconds left.\n|\n|t:|1771967956\n|switch|p2a: Farigiraf|Farigiraf, L50, F|100/100\n|-enditem|p2a: Farigiraf|Electric Seed\n|-boost|p2a: Farigiraf|def|1|[from] item: Electric Seed\n|move|p1a: Roter Baron|Acrobatics|p2b: Iron Hands\n|-damage|p2b: Iron Hands|78/100\n|move|p1b: Hitmonshe|Power Whip|p2b: Iron Hands\n|-damage|p2b: Iron Hands|33/100\n|move|p2b: Iron Hands|Wild Charge|p1a: Roter Baron\n|-supereffective|p1a: Roter Baron\n|-damage|p1a: Roter Baron|0 fnt\n|faint|p1a: Roter Baron\n|-end|p1a: Roter Baron|Protosynthesis|[silent]\n|-damage|p2b: Iron Hands|15/100|[from] Recoil\n|\n|-weather|SunnyDay|[upkeep]\n|upkeep\n|\n|t:|1771967971\n|switch|p1a: Tripitz|Kyogre, L50, shiny|100/100\n|-weather|RainDance|[from] ability: Drizzle|[of] p1a: Tripitz\n|turn|4\n|inactive|ConnerTEP has 30 seconds left.\n|inactive|ConnerTEP has 20 seconds left.\n|inactive|ConnerTEP has 15 seconds left.\n|inactive|ConnerTEP has 10 seconds left.\n|inactive|ConnerTEP has 5 seconds left.\n|\n|t:|1771968023\n|move|p1a: Tripitz|Water Spout|p2a: Farigiraf|[spread] p2a,p2b\n|-damage|p2a: Farigiraf|0 fnt\n|-damage|p2b: Iron Hands|0 fnt\n|faint|p2a: Farigiraf\n|faint|p2b: Iron Hands\n|-end|p2b: Iron Hands|Quark Drive|[silent]\n|move|p1b: Hitmonshe|Power Whip|p2: Farigiraf|[notarget]\n|-fail|p1b: Hitmonshe\n|\n|-weather|RainDance|[upkeep]\n|-sideend|p1: marcxhenry|move: Tailwind\n|upkeep\n|\n|t:|1771968026\n|switch|p2a: Groudon|Groudon, L50|100/100\n|switch|p2b: Miraidon|Miraidon, L50|12/100\n|-activate|p2b: Miraidon|ability: Hadron Engine\n|-weather|SunnyDay|[from] ability: Drought|[of] p2a: Groudon\n|turn|5\n|inactive|ConnerTEP has 30 seconds left.\n|inactive|ConnerTEP has 20 seconds left.\n|inactive|ConnerTEP has 15 seconds left.\n|\n|t:|1771968068\n|-terastallize|p2a: Groudon|Fire\n|move|p1a: Tripitz|Protect|p1a: Tripitz\n|-singleturn|p1a: Tripitz|Protect\n|move|p2b: Miraidon|Electro Drift|p1a: Tripitz\n|-activate|p1a: Tripitz|move: Protect\n|move|p1b: Hitmonshe|Triple Axel|p2b: Miraidon\n|-supereffective|p2b: Miraidon\n|-damage|p2b: Miraidon|0 fnt\n|faint|p2b: Miraidon\n|-hitcount|p2: Miraidon|1\n|move|p2a: Groudon|Heat Crash|p1b: Hitmonshe\n|-supereffective|p1b: Hitmonshe\n|-damage|p1b: Hitmonshe|0 fnt\n|faint|p1b: Hitmonshe\n|\n|-weather|SunnyDay|[upkeep]\n|-fieldend|move: Electric Terrain\n|upkeep\n|turn|6\n|\n|t:|1771968085\n|move|p1a: Tripitz|Water Spout|p2a: Groudon\n|-supereffective|p2a: Groudon\n|-damage|p2a: Groudon|4/100\n|move|p2a: Groudon|Precipice Blades|p1a: Tripitz\n|-damage|p1a: Tripitz|27/100\n|\n|-weather|SunnyDay|[upkeep]\n|-heal|p2a: Groudon|10/100|[from] item: Leftovers\n|upkeep\n|turn|7\n|\n|t:|1771968093\n|move|p2a: Groudon|Protect|p2a: Groudon\n|-singleturn|p2a: Groudon|Protect\n|move|p1a: Tripitz|Water Spout|p2a: Groudon\n|-activate|p2a: Groudon|move: Protect\n|\n|-weather|SunnyDay|[upkeep]\n|-heal|p2a: Groudon|16/100|[from] item: Leftovers\n|upkeep\n|turn|8\n|\n|t:|1771968104\n|move|p1a: Tripitz|Origin Pulse|p2a: Groudon\n|-supereffective|p2a: Groudon\n|-damage|p2a: Groudon|0 fnt\n|faint|p2a: Groudon\n|\n|win|marcxhenry\n|raw|marcxhenry's rating: 1595 &rarr; <strong>1619</strong><br />(+24 for winning)\n|raw|ConnerTEP's rating: 1662 &rarr; <strong>1638</strong><br />(-24 for losing)\n|c|\u2606ConnerTEP|gg !\n|c|\u2606marcxhenry|gg!\n|l|\u2606ConnerTEP\n|player|p2|\n|l|\u2606marcxhenry\n|player|p1|\n","uploadtime":1771968315,"views":174,"formatid":"gen9vgc2026regi","rating":1619,"private":0,"password":null}