{"id":"gen9vgc2026regi-2537533690","format":"[Gen 9] VGC 2026 Reg I","players":["j0l0k0","lalo's pollos"],"log":"|j|\u2606j0l0k0\n|j|\u2606lalo's pollos\n|t:|1770824966\n|gametype|doubles\n|player|p1|j0l0k0|brycen|1502\n|player|p2|lalo's pollos|101|1561\n|gen|9\n|tier|[Gen 9] VGC 2026 Reg I\n|rated|\n|rule|Species Clause: Limit one of each Pok\u00e9mon\n|rule|Item Clause: Limit 1 of each item\n|clearpoke\n|poke|p1|Calyrex-Ice, L50|\n|poke|p1|Kyogre, L50|\n|poke|p1|Indeedee-F, L50, F|\n|poke|p1|Urshifu-*, L50, F|\n|poke|p1|Amoonguss, L50, F|\n|poke|p1|Landorus, L50, M|\n|poke|p2|Zamazenta-*, L50|\n|poke|p2|Lunala, L50|\n|poke|p2|Rillaboom, L50, F|\n|poke|p2|Incineroar, L50, M|\n|poke|p2|Urshifu-*, L50, M|\n|poke|p2|Tornadus, L50, M|\n|teampreview|4\n|inactive|Battle timer is ON: inactive players will automatically lose when time's up. (requested by j0l0k0)\n|\n|t:|1770824987\n|teamsize|p1|4\n|teamsize|p2|4\n|start\n|switch|p1a: Indeedee|Indeedee-F, L50, F, shiny|100/100\n|switch|p1b: Calyrex|Calyrex-Ice, L50|100/100\n|switch|p2a: Zamazenta|Zamazenta-Crowned, L50|100/100\n|switch|p2b: Rillaboom|Rillaboom, L50, F|100/100\n|-ability|p1b: Calyrex|As One\n|-ability|p1b: Calyrex|Unnerve\n|-ability|p2a: Zamazenta|Dauntless Shield|boost\n|-boost|p2a: Zamazenta|def|1\n|-fieldstart|move: Grassy Terrain|[from] ability: Grassy Surge|[of] p2b: Rillaboom\n|-fieldstart|move: Psychic Terrain|[from] ability: Psychic Surge|[of] p1a: Indeedee\n|turn|1\n|\n|t:|1770825001\n|move|p2a: Zamazenta|Body Press|p1b: Calyrex\n|-damage|p1b: Calyrex|58/100\n|move|p2b: Rillaboom|U-turn|p1b: Calyrex\n|-supereffective|p1b: Calyrex\n|-damage|p1b: Calyrex|35/100\n|\n|t:|1770825005\n|switch|p2b: Urshifu|Urshifu-Rapid-Strike, L50, M|100/100|[from] U-turn\n|move|p1b: Calyrex|Glacial Lance|p2b: Urshifu|[spread] p2a,p2b\n|-resisted|p2a: Zamazenta\n|-resisted|p2b: Urshifu\n|-damage|p2a: Zamazenta|90/100\n|-damage|p2b: Urshifu|68/100\n|move|p1a: Indeedee|Trick Room|p1a: Indeedee\n|-fieldstart|move: Trick Room|[of] p1a: Indeedee\n|\n|upkeep\n|turn|2\n|\n|t:|1770825015\n|move|p2b: Urshifu|Detect|p2b: Urshifu\n|-singleturn|p2b: Urshifu|Protect\n|move|p1a: Indeedee|Follow Me|p1a: Indeedee\n|-singleturn|p1a: Indeedee|move: Follow Me\n|move|p1b: Calyrex|Close Combat|p2b: Urshifu\n|-activate|p2b: Urshifu|move: Protect\n|move|p2a: Zamazenta|Body Press|p1a: Indeedee\n|-damage|p1a: Indeedee|22/100\n|\n|upkeep\n|turn|3\n|\n|t:|1770825024\n|switch|p2b: Lunala|Lunala, L50|100/100\n|move|p1a: Indeedee|Follow Me|p1a: Indeedee\n|-singleturn|p1a: Indeedee|move: Follow Me\n|move|p1b: Calyrex|Close Combat|p2b: Lunala\n|-immune|p2b: Lunala\n|move|p2a: Zamazenta|Body Press|p1a: Indeedee\n|-damage|p1a: Indeedee|0 fnt\n|faint|p1a: Indeedee\n|\n|upkeep\n|\n|t:|1770825030\n|switch|p1a: Urshifu|Urshifu, L50, F|100/100\n|turn|4\n|\n|t:|1770825051\n|-terastallize|p2b: Lunala|Fairy\n|move|p1b: Calyrex|Close Combat|p2a: Zamazenta\n|-supereffective|p2a: Zamazenta\n|-damage|p2a: Zamazenta|46/100\n|-unboost|p1b: Calyrex|def|1\n|-unboost|p1b: Calyrex|spd|1\n|move|p2b: Lunala|Moongeist Beam|p1b: Calyrex\n|-supereffective|p1b: Calyrex\n|-damage|p1b: Calyrex|0 fnt\n|faint|p1b: Calyrex\n|move|p1a: Urshifu|Wicked Blow|p2b: Lunala\n|-resisted|p2b: Lunala\n|-crit|p2b: Lunala\n|-damage|p2b: Lunala|86/100\n|move|p2a: Zamazenta|Body Press|p1a: Urshifu\n|-supereffective|p1a: Urshifu\n|-enditem|p1a: Urshifu|Focus Sash\n|-damage|p1a: Urshifu|1/100\n|\n|-heal|p2b: Lunala|92/100|[from] item: Leftovers\n|upkeep\n|\n|t:|1770825057\n|switch|p1b: Kyogre|Kyogre, L50, shiny|100/100\n|-weather|RainDance|[from] ability: Drizzle|[of] p1b: Kyogre\n|turn|5\n|\n|t:|1770825076\n|move|p2a: Zamazenta|Protect|p2a: Zamazenta\n|-singleturn|p2a: Zamazenta|Protect\n|move|p1b: Kyogre|Hydro Pump|p2a: Zamazenta\n|-activate|p2a: Zamazenta|move: Protect\n|move|p2b: Lunala|Moonblast|p1a: Urshifu\n|-supereffective|p1a: Urshifu\n|-damage|p1a: Urshifu|0 fnt\n|faint|p1a: Urshifu\n|\n|-weather|RainDance|[upkeep]\n|-heal|p2b: Lunala|98/100|[from] item: Leftovers\n|-fieldend|move: Trick Room\n|-fieldend|move: Psychic Terrain\n|upkeep\n|turn|6\n|\n|t:|1770825085\n|move|p2a: Zamazenta|Body Press|p1b: Kyogre\n|-crit|p1b: Kyogre\n|-damage|p1b: Kyogre|0 fnt\n|faint|p1b: Kyogre\n|\n|win|lalo's pollos\n|raw|j0l0k0's rating: 1502 &rarr; <strong>1485</strong><br />(-17 for losing)\n|raw|lalo&apos;s pollos's rating: 1561 &rarr; <strong>1578</strong><br />(+17 for winning)\n|c|\u2606j0l0k0|ggwp\n|c|\u2606lalo's pollos|gg\n|l|\u2606j0l0k0\n|player|p1|\n","uploadtime":1770825248,"views":26,"formatid":"gen9vgc2026regi","rating":1485,"private":0,"password":null}