{"id":"gen9vgc2026regi-2561807065","format":"[Gen 9] VGC 2026 Reg I","players":["Jonen","Clueless Duelist"],"log":"|j|\u2606Jonen\n|j|\u2606Clueless Duelist\n|t:|1773845330\n|gametype|doubles\n|player|p1|Jonen|hiker-gen4|1300\n|player|p2|Clueless Duelist|265|1368\n|gen|9\n|tier|[Gen 9] VGC 2026 Reg I\n|rated|\n|rule|Species Clause: Limit one of each Pok\u00e9mon\n|rule|Item Clause: Limit 1 of each item\n|clearpoke\n|poke|p1|Groudon, L50|\n|poke|p1|Lunala, L50|\n|poke|p1|Sableye, L50, M|\n|poke|p1|Chi-Yu, L50|\n|poke|p1|Rillaboom, L50, M|\n|poke|p1|Jumpluff, L50, M|\n|poke|p2|Miraidon, L50|\n|poke|p2|Lunala, L50|\n|poke|p2|Whimsicott, L50, F|\n|poke|p2|Urshifu-*, L50, F|\n|poke|p2|Incineroar, L50, M|\n|poke|p2|Ursaluna, L50, M|\n|teampreview|4\n|inactive|Battle timer is ON: inactive players will automatically lose when time's up. (requested by Clueless Duelist)\n|inactive|Jonen has 60 seconds left.\n|\n|t:|1773845371\n|teamsize|p1|4\n|teamsize|p2|4\n|start\n|switch|p1a: Groudon|Groudon, L50|100/100\n|switch|p1b: Jumpluff|Jumpluff, L50, M|100/100\n|switch|p2a: Lunala|Lunala, L50|100/100\n|switch|p2b: Incineroar|Incineroar, L50, M|100/100\n|-weather|SunnyDay|[from] ability: Drought|[of] p1a: Groudon\n|-ability|p2b: Incineroar|Intimidate|boost\n|-unboost|p1a: Groudon|atk|1\n|-unboost|p1b: Jumpluff|atk|1\n|turn|1\n|\n|t:|1773845392\n|switch|p2b: Miraidon|Miraidon, L50|100/100\n|-fieldstart|move: Electric Terrain|[from] ability: Hadron Engine|[of] p2b: Miraidon\n|-enditem|p2a: Lunala|Electric Seed\n|-boost|p2a: Lunala|def|1|[from] item: Electric Seed\n|move|p2a: Lunala|Wide Guard|p2a: Lunala\n|-singleturn|p2a: Lunala|Wide Guard\n|move|p1b: Jumpluff|Sleep Powder|p2a: Lunala\n|-activate|p2a: Lunala|move: Electric Terrain\n|move|p1a: Groudon|Precipice Blades|p2a: Lunala|[spread] \n|-activate|p2a: Lunala|move: Wide Guard\n|-activate|p2b: Miraidon|move: Wide Guard\n|\n|-weather|SunnyDay|[upkeep]\n|upkeep\n|turn|2\n|inactive|Clueless Duelist has 30 seconds left.\n|\n|t:|1773845420\n|move|p1a: Groudon|Protect|p1a: Groudon\n|-singleturn|p1a: Groudon|Protect\n|move|p1b: Jumpluff|Encore|p2a: Lunala\n|-start|p2a: Lunala|Encore\n|move|p2b: Miraidon|Volt Switch|p1b: Jumpluff\n|-damage|p1b: Jumpluff|0 fnt\n|faint|p1b: Jumpluff\n|-damage|p2b: Miraidon|91/100|[from] item: Life Orb\n|\n|t:|1773845434\n|switch|p2b: Incineroar|Incineroar, L50, M|100/100|[from] Volt Switch\n|-ability|p2b: Incineroar|Intimidate|boost\n|-unboost|p1a: Groudon|atk|1\n|move|p2a: Lunala|Wide Guard||[still]\n|-fail|p2a: Lunala\n|\n|-weather|SunnyDay|[upkeep]\n|upkeep\n|\n|t:|1773845442\n|switch|p1b: Lunala|Lunala, L50|100/100\n|turn|3\n|\n|t:|1773845452\n|switch|p2a: Ursaluna|Ursaluna, L50, M|100/100\n|-terastallize|p2b: Incineroar|Bug\n|move|p1b: Lunala|Meteor Beam||[still]\n|-prepare|p1b: Lunala|Meteor Beam\n|-boost|p1b: Lunala|spa|1\n|-enditem|p1b: Lunala|Power Herb\n|-anim|p1b: Lunala|Meteor Beam|p2b: Incineroar|[miss]\n|-miss|p1b: Lunala|p2b: Incineroar\n|move|p1a: Groudon|Heat Crash|p2a: Ursaluna\n|-damage|p2a: Ursaluna|75/100\n|-damage|p1a: Groudon|91/100|[from] item: Life Orb\n|move|p2b: Incineroar|Knock Off|p1b: Lunala\n|-supereffective|p1b: Lunala\n|-damage|p1b: Lunala|47/100\n|\n|-weather|SunnyDay|[upkeep]\n|-status|p2a: Ursaluna|brn|[from] item: Flame Orb\n|upkeep\n|turn|4\n|\n|t:|1773845474\n|move|p1b: Lunala|Protect|p1b: Lunala\n|-singleturn|p1b: Lunala|Protect\n|move|p1a: Groudon|Heat Crash|p2b: Incineroar\n|-supereffective|p2b: Incineroar\n|-damage|p2b: Incineroar|12/100\n|-damage|p1a: Groudon|81/100|[from] item: Life Orb\n|move|p2b: Incineroar|Knock Off|p1b: Lunala\n|-activate|p1b: Lunala|move: Protect\n|move|p2a: Ursaluna|Facade|p1a: Groudon\n|-damage|p1a: Groudon|0 fnt\n|faint|p1a: Groudon\n|\n|-weather|SunnyDay|[upkeep]\n|-damage|p2a: Ursaluna|69/100 brn|[from] brn\n|upkeep\n|\n|t:|1773845485\n|switch|p1a: Rillaboom|Rillaboom, L50, M|100/100\n|-fieldstart|move: Grassy Terrain|[from] ability: Grassy Surge|[of] p1a: Rillaboom\n|turn|5\n|\n|t:|1773845501\n|switch|p2a: Miraidon|Miraidon, L50|91/100\n|-fieldstart|move: Electric Terrain|[from] ability: Hadron Engine|[of] p2a: Miraidon\n|move|p1b: Lunala|Moongeist Beam|p2b: Incineroar\n|-damage|p2b: Incineroar|0 fnt\n|faint|p2b: Incineroar\n|move|p1a: Rillaboom|Wood Hammer|p2a: Miraidon\n|-resisted|p2a: Miraidon\n|-damage|p2a: Miraidon|62/100\n|-damage|p1a: Rillaboom|92/100|[from] Recoil\n|\n|-weather|none\n|upkeep\n|\n|t:|1773845515\n|switch|p2b: Lunala|Lunala, L50|100/100\n|turn|6\n|\n|t:|1773845536\n|move|p1b: Lunala|Protect|p1b: Lunala\n|-singleturn|p1b: Lunala|Protect\n|move|p2a: Miraidon|Electro Drift|p1b: Lunala\n|-activate|p1b: Lunala|move: Protect\n|move|p2b: Lunala|Moongeist Beam|p1a: Rillaboom\n|-damage|p1a: Rillaboom|58/100\n|move|p1a: Rillaboom|Wood Hammer|p2b: Lunala\n|-damage|p2b: Lunala|78/100\n|-damage|p1a: Rillaboom|49/100|[from] Recoil\n|\n|upkeep\n|turn|7\n|\n|t:|1773845556\n|-terastallize|p1b: Lunala|Fairy\n|move|p2a: Miraidon|Draco Meteor|p1a: Rillaboom\n|-damage|p1a: Rillaboom|0 fnt\n|-unboost|p2a: Miraidon|spa|2\n|faint|p1a: Rillaboom\n|-damage|p2a: Miraidon|52/100|[from] item: Life Orb\n|move|p1b: Lunala|Moongeist Beam|p2a: Miraidon\n|-damage|p2a: Miraidon|0 fnt\n|faint|p2a: Miraidon\n|move|p2b: Lunala|Moongeist Beam|p1b: Lunala\n|-damage|p1b: Lunala|0 fnt\n|faint|p1b: Lunala\n|\n|win|Clueless Duelist\n|raw|Jonen's rating: 1300 &rarr; <strong>1280</strong><br />(-20 for losing)\n|raw|Clueless Duelist's rating: 1368 &rarr; <strong>1384</strong><br />(+16 for winning)\n","uploadtime":1773845556,"views":10,"formatid":"gen9vgc2026regi","rating":1280,"private":0,"password":null}