{"id":"gen9vgc2026regi-2556077319","format":"[Gen 9] VGC 2026 Reg I","players":["I\u2764\ufe0f\u5a1c\u7984forever","scy0719"],"log":"|j|\u2606I\u2764\ufe0f\u5a1c\u7984forever\n|j|\u2606scy0719\n|t:|1773165703\n|gametype|doubles\n|player|p1|I\u2764\ufe0f\u5a1c\u7984forever|youngcouple-gen4dp|1426\n|player|p2|scy0719|nurse|1368\n|gen|9\n|tier|[Gen 9] VGC 2026 Reg I\n|rated|\n|rule|Species Clause: Limit one of each Pok\u00e9mon\n|rule|Item Clause: Limit 1 of each item\n|clearpoke\n|poke|p1|Groudon, L50|\n|poke|p1|Kyurem-White, L50|\n|poke|p1|Heatran, L50, M|\n|poke|p1|Whimsicott, L50, F|\n|poke|p1|Roaring Moon, L50|\n|poke|p1|Ditto, L50|\n|poke|p2|Calyrex-Shadow, L50|\n|poke|p2|Zamazenta-*, L50|\n|poke|p2|Chien-Pao, L50|\n|poke|p2|Raging Bolt, L50|\n|poke|p2|Ogerpon-Cornerstone, L50, F|\n|poke|p2|Amoonguss, L50, F|\n|teampreview|4\n|\n|t:|1773165721\n|teamsize|p1|4\n|teamsize|p2|4\n|start\n|switch|p1a: Kyurem|Kyurem-White, L50|100/100\n|switch|p1b: Heatran|Heatran, L50, M|100/100\n|switch|p2a: Ogerpon|Ogerpon-Cornerstone, L50, F|100/100\n|switch|p2b: Zamazenta|Zamazenta-Crowned, L50|100/100\n|-ability|p2b: Zamazenta|Dauntless Shield|boost\n|-boost|p2b: Zamazenta|def|1\n|-ability|p1a: Kyurem|Turboblaze\n|turn|1\n|\n|t:|1773165742\n|-terastallize|p2b: Zamazenta|Dragon\n|move|p2b: Zamazenta|Body Press|p1b: Heatran\n|-supereffective|p1b: Heatran\n|-damage|p1b: Heatran|0 fnt\n|faint|p1b: Heatran\n|move|p2a: Ogerpon|Ivy Cudgel|p1a: Kyurem|[anim] Ivy Cudgel Rock\n|-supereffective|p1a: Kyurem\n|-damage|p1a: Kyurem|7/100\n|move|p1a: Kyurem|Blizzard|p2a: Ogerpon|[spread] p2a\n|-miss|p1a: Kyurem|p2b: Zamazenta\n|-enditem|p1a: Kyurem|Blunder Policy\n|-boost|p1a: Kyurem|spe|2\n|-supereffective|p2a: Ogerpon\n|-damage|p2a: Ogerpon|0 fnt\n|faint|p2a: Ogerpon\n|\n|upkeep\n|\n|t:|1773165759\n|switch|p2a: Raging Bolt|Raging Bolt, L50|100/100\n|switch|p1b: Groudon|Groudon, L50|100/100\n|-weather|SunnyDay|[from] ability: Drought|[of] p1b: Groudon\n|-activate|p2a: Raging Bolt|ability: Protosynthesis\n|-start|p2a: Raging Bolt|protosynthesisspa\n|turn|2\n|\n|t:|1773165772\n|move|p2b: Zamazenta|Wide Guard|p2b: Zamazenta\n|-singleturn|p2b: Zamazenta|Wide Guard\n|move|p2a: Raging Bolt|Thunderclap|p1a: Kyurem\n|-resisted|p1a: Kyurem\n|-damage|p1a: Kyurem|0 fnt\n|faint|p1a: Kyurem\n|move|p1b: Groudon|Precipice Blades|p2a: Raging Bolt|[spread] \n|-activate|p2a: Raging Bolt|move: Wide Guard\n|-activate|p2b: Zamazenta|move: Wide Guard\n|\n|-weather|SunnyDay|[upkeep]\n|upkeep\n|\n|t:|1773165777\n|switch|p1a: Ditto|Ditto, L50|100/100\n|-transform|p1a: Ditto|p2b: Zamazenta|[from] ability: Imposter\n|-ability|p1a: Ditto|Dauntless Shield|boost\n|-boost|p1a: Ditto|def|1\n|-start|p1a: Ditto|typechange|Fighting/Steel|[silent]\n|turn|3\n|\n|t:|1773165797\n|move|p2a: Raging Bolt|Protect|p2a: Raging Bolt\n|-singleturn|p2a: Raging Bolt|Protect\n|move|p1a: Ditto|Body Press|p2a: Raging Bolt\n|-activate|p2a: Raging Bolt|move: Protect\n|move|p2b: Zamazenta|Body Press|p1a: Ditto\n|-supereffective|p1a: Ditto\n|-damage|p1a: Ditto|54/100\n|move|p1b: Groudon|Crunch|p2a: Raging Bolt\n|-activate|p2a: Raging Bolt|move: Protect\n|\n|-weather|SunnyDay|[upkeep]\n|upkeep\n|turn|4\n|\n|t:|1773165816\n|move|p2a: Raging Bolt|Thunderclap|p1a: Ditto\n|-damage|p1a: Ditto|19/100\n|move|p2b: Zamazenta|Behemoth Bash|p1b: Groudon\n|-crit|p1b: Groudon\n|-damage|p1b: Groudon|58/100\n|move|p1a: Ditto|Body Press|p2b: Zamazenta\n|-damage|p2b: Zamazenta|66/100\n|move|p1b: Groudon|Precipice Blades|p2b: Zamazenta|[spread] p2a\n|-miss|p1b: Groudon|p2b: Zamazenta\n|-supereffective|p2a: Raging Bolt\n|-damage|p2a: Raging Bolt|9/100\n|\n|-weather|SunnyDay|[upkeep]\n|upkeep\n|turn|5\n|\n|t:|1773165844\n|move|p2a: Raging Bolt|Thunderclap|p1a: Ditto\n|-damage|p1a: Ditto|0 fnt\n|faint|p1a: Ditto\n|move|p2b: Zamazenta|Body Press|p1b: Groudon\n|-damage|p1b: Groudon|16/100\n|move|p1b: Groudon|Iron Head|p2b: Zamazenta\n|-damage|p2b: Zamazenta|52/100\n|\n|-weather|SunnyDay|[upkeep]\n|upkeep\n|turn|6\n|\n|t:|1773165856\n|move|p2b: Zamazenta|Body Press|p1b: Groudon\n|-damage|p1b: Groudon|0 fnt\n|faint|p1b: Groudon\n|\n|win|scy0719\n|raw|I\u2764\ufe0f\u5a1c\u7984forever's rating: 1426 &rarr; <strong>1403</strong><br />(-23 for losing)\n|raw|scy0719's rating: 1368 &rarr; <strong>1391</strong><br />(+23 for winning)\n|l|\u2606I\u2764\ufe0f\u5a1c\u7984forever\n|player|p1|\n|l|\u2606scy0719\n|player|p2|\n","uploadtime":1773166012,"views":18,"formatid":"gen9vgc2026regi","rating":1391,"private":0,"password":null}