{"id":"gen9vgc2026regi-2557263870","format":"[Gen 9] VGC 2026 Reg I","players":["Ultima Kamari","SycrasisEU"],"log":"|j|\u2606Ultima Kamari\n|j|\u2606SycrasisEU\n|t:|1773304790\n|gametype|doubles\n|player|p1|Ultima Kamari|psychic-lgpe|1218\n|player|p2|SycrasisEU|pryce|1318\n|gen|9\n|tier|[Gen 9] VGC 2026 Reg I\n|rated|\n|rule|Species Clause: Limit one of each Pok\u00e9mon\n|rule|Item Clause: Limit 1 of each item\n|clearpoke\n|poke|p1|Zamazenta-*, L50|\n|poke|p1|Rillaboom, L50, M|\n|poke|p1|Miraidon, L50|\n|poke|p1|Flutter Mane, L50|\n|poke|p1|Farigiraf, L50, F|\n|poke|p1|Urshifu-*, L50, F|\n|poke|p2|Incineroar, L50, M|\n|poke|p2|Koraidon, L50|\n|poke|p2|Flutter Mane, L50|\n|poke|p2|Whimsicott, L50, M|\n|poke|p2|Gouging Fire, L50|\n|poke|p2|Solgaleo, L50|\n|teampreview|4\n|inactive|Battle timer is ON: inactive players will automatically lose when time's up. (requested by SycrasisEU)\n|inactive|SycrasisEU has 60 seconds left.\n|inactive|SycrasisEU has 30 seconds left.\n|inactive|SycrasisEU has 20 seconds left.\n|inactive|SycrasisEU has 15 seconds left.\n|inactive|SycrasisEU has 10 seconds left.\n|inactive|SycrasisEU has 5 seconds left.\n|\n|t:|1773304889\n|teamsize|p1|4\n|teamsize|p2|4\n|start\n|switch|p1a: Farigiraf|Farigiraf, L50, F|100/100\n|switch|p1b: Miraidon|Miraidon, L50|100/100\n|switch|p2a: Koraidon|Koraidon, L50, shiny|100/100\n|switch|p2b: Gouging Fire|Gouging Fire, L50|100/100\n|-weather|SunnyDay|[from] ability: Orichalcum Pulse|[of] p2a: Koraidon\n|-activate|p2b: Gouging Fire|ability: Protosynthesis\n|-start|p2b: Gouging Fire|protosynthesisspe\n|-activate|p2a: Koraidon|Orichalcum Pulse|[source]\n|-fieldstart|move: Electric Terrain|[from] ability: Hadron Engine|[of] p1b: Miraidon\n|-enditem|p1b: Miraidon|Electric Seed\n|-boost|p1b: Miraidon|def|1|[from] item: Electric Seed\n|turn|1\n|inactive|SycrasisEU has 30 seconds left.\n|inactive|SycrasisEU has 20 seconds left.\n|\n|t:|1773304925\n|move|p2a: Koraidon|Protect|p2a: Koraidon\n|-singleturn|p2a: Koraidon|Protect\n|move|p2b: Gouging Fire|Snarl|p1a: Farigiraf|[spread] p1a,p1b\n|-supereffective|p1a: Farigiraf\n|-damage|p1a: Farigiraf|90/100\n|-damage|p1b: Miraidon|95/100\n|-unboost|p1a: Farigiraf|spa|1\n|-unboost|p1b: Miraidon|spa|1\n|move|p1b: Miraidon|Calm Mind|p1b: Miraidon\n|-boost|p1b: Miraidon|spa|1\n|-boost|p1b: Miraidon|spd|1\n|move|p1a: Farigiraf|Trick Room|p1a: Farigiraf\n|-fieldstart|move: Trick Room|[of] p1a: Farigiraf\n|\n|-weather|SunnyDay|[upkeep]\n|upkeep\n|turn|2\n|l|\u2606Ultima Kamari\n|inactive|Ultima Kamari disconnected and has a minute to reconnect!\n|player|p1|\n|j|\u2606Ultima Kamari\n|inactive|Ultima Kamari reconnected and has 45 seconds left.\n|player|p1|Ultima Kamari|psychic-lgpe|\n|inactive|SycrasisEU has 30 seconds left.\n|\n|t:|1773304956\n|move|p1b: Miraidon|Protect|p1b: Miraidon\n|-singleturn|p1b: Miraidon|Protect\n|move|p1a: Farigiraf|Psychic|p2a: Koraidon\n|-supereffective|p2a: Koraidon\n|-damage|p2a: Koraidon|46/100\n|move|p2a: Koraidon|Collision Course|p1b: Miraidon\n|-activate|p1b: Miraidon|move: Protect\n|move|p2b: Gouging Fire|Snarl|p1a: Farigiraf|[spread] p1a\n|-activate|p1b: Miraidon|move: Protect\n|-supereffective|p1a: Farigiraf\n|-crit|p1a: Farigiraf\n|-damage|p1a: Farigiraf|75/100\n|-unboost|p1a: Farigiraf|spa|1\n|\n|-weather|SunnyDay|[upkeep]\n|upkeep\n|turn|3\n|\n|t:|1773304974\n|move|p1a: Farigiraf|Psychic|p2a: Koraidon\n|-supereffective|p2a: Koraidon\n|-damage|p2a: Koraidon|4/100\n|move|p1b: Miraidon|Parabolic Charge|p2a: Koraidon|[spread] p1a,p2a,p2b\n|-resisted|p2a: Koraidon\n|-resisted|p2b: Gouging Fire\n|-damage|p1a: Farigiraf|32/100\n|-heal|p1b: Miraidon|100/100|[from] drain|[of] p1a: Farigiraf\n|-damage|p2a: Koraidon|0 fnt\n|-damage|p2b: Gouging Fire|86/100\n|faint|p2a: Koraidon\n|move|p2b: Gouging Fire|Snarl|p1b: Miraidon|[spread] p1a,p1b\n|-supereffective|p1a: Farigiraf\n|-damage|p1a: Farigiraf|21/100\n|-damage|p1b: Miraidon|96/100\n|-unboost|p1a: Farigiraf|spa|1\n|-unboost|p1b: Miraidon|spa|1\n|\n|-weather|SunnyDay|[upkeep]\n|upkeep\n|\n|t:|1773304998\n|switch|p2a: Solgaleo|Solgaleo, L50|100/100\n|turn|4\n|\n|t:|1773305016\n|-terastallize|p2a: Solgaleo|Steel\n|move|p1a: Farigiraf|Psychic|p2b: Gouging Fire\n|-damage|p2b: Gouging Fire|75/100\n|move|p2a: Solgaleo|Sunsteel Strike|p1b: Miraidon\n|-resisted|p1b: Miraidon\n|-damage|p1b: Miraidon|57/100\n|move|p1b: Miraidon|Parabolic Charge|p2a: Solgaleo|[spread] p1a,p2a,p2b\n|-resisted|p2b: Gouging Fire\n|-damage|p1a: Farigiraf|0 fnt\n|-heal|p1b: Miraidon|70/100|[from] drain|[of] p1a: Farigiraf\n|-damage|p2a: Solgaleo|74/100\n|-heal|p1b: Miraidon|87/100|[from] drain|[of] p2a: Solgaleo\n|-damage|p2b: Gouging Fire|65/100\n|-heal|p1b: Miraidon|92/100|[from] drain|[of] p2b: Gouging Fire\n|faint|p1a: Farigiraf\n|move|p2b: Gouging Fire|Snarl|p1b: Miraidon\n|-damage|p1b: Miraidon|87/100\n|-unboost|p1b: Miraidon|spa|1\n|\n|-weather|SunnyDay|[upkeep]\n|upkeep\n|\n|t:|1773305031\n|switch|p1a: Zamazenta|Zamazenta, L50|100/100\n|-ability|p1a: Zamazenta|Dauntless Shield|boost\n|-boost|p1a: Zamazenta|def|1\n|turn|5\n|\n|t:|1773305059\n|switch|p2a: Flutter Mane|Flutter Mane, L50|100/100\n|-activate|p2a: Flutter Mane|ability: Protosynthesis\n|-start|p2a: Flutter Mane|protosynthesisspe\n|move|p1b: Miraidon|Calm Mind|p1b: Miraidon\n|-boost|p1b: Miraidon|spa|1\n|-boost|p1b: Miraidon|spd|1\n|move|p1a: Zamazenta|Body Press|p2b: Gouging Fire\n|-damage|p2b: Gouging Fire|17/100\n|move|p2b: Gouging Fire|Breaking Swipe|p1a: Zamazenta|[spread] p1a,p1b\n|-supereffective|p1b: Miraidon\n|-damage|p1a: Zamazenta|90/100\n|-damage|p1b: Miraidon|62/100\n|-unboost|p1b: Miraidon|atk|1\n|\n|-weather|none\n|-end|p2b: Gouging Fire|Protosynthesis\n|-end|p2a: Flutter Mane|Protosynthesis\n|-fieldend|move: Trick Room\n|-fieldend|move: Electric Terrain\n|upkeep\n|turn|6\n|inactive|SycrasisEU has 30 seconds left.\n|\n|t:|1773305085\n|-terastallize|p1b: Miraidon|Electric\n|move|p1a: Zamazenta|Body Press|p2b: Gouging Fire\n|-damage|p2b: Gouging Fire|0 fnt\n|faint|p2b: Gouging Fire\n|-end|p2b: Gouging Fire|Protosynthesis|[silent]\n|move|p2a: Flutter Mane|Moonblast|p1b: Miraidon\n|-damage|p1b: Miraidon|30/100\n|move|p1b: Miraidon|Parabolic Charge|p2a: Flutter Mane|[spread] p1a,p2a\n|-crit|p1a: Zamazenta\n|-damage|p1a: Zamazenta|41/100\n|-heal|p1b: Miraidon|53/100|[from] drain|[of] p1a: Zamazenta\n|-damage|p2a: Flutter Mane|77/100\n|-heal|p1b: Miraidon|62/100|[from] drain|[of] p2a: Flutter Mane\n|\n|upkeep\n|\n|t:|1773305089\n|switch|p2b: Solgaleo|Solgaleo, L50, tera:Steel|74/100\n|turn|7\n|\n|t:|1773305106\n|move|p1a: Zamazenta|Iron Head|p2a: Flutter Mane\n|-supereffective|p2a: Flutter Mane\n|-damage|p2a: Flutter Mane|0 fnt\n|faint|p2a: Flutter Mane\n|-end|p2a: Flutter Mane|Protosynthesis|[silent]\n|move|p1b: Miraidon|Electric Terrain|p1b: Miraidon\n|-fieldstart|move: Electric Terrain\n|move|p2b: Solgaleo|Psychic Fangs|p1b: Miraidon\n|-damage|p1b: Miraidon|13/100\n|\n|upkeep\n|turn|8\n|-message|SycrasisEU forfeited.\n|\n|win|Ultima Kamari\n|raw|Ultima Kamari's rating: 1218 &rarr; <strong>1250</strong><br />(+32 for winning)\n|raw|SycrasisEU's rating: 1318 &rarr; <strong>1292</strong><br />(-26 for losing)\n|l|\u2606SycrasisEU\n|player|p2|\n|l|\u2606Ultima Kamari\n|player|p1|\n","uploadtime":1773305434,"views":13,"formatid":"gen9vgc2026regi","rating":1250,"private":0,"password":null}