{"id":"gen9vgc2026regi-2559624844","format":"[Gen 9] VGC 2026 Reg I","players":["Mr.FlippyFlop","sleemo2"],"log":"|j|\u203dMr.FlippyFlop\n|j|\u2606sleemo2\n|t:|1773593384\n|gametype|doubles\n|player|p1|Mr.FlippyFlop|266|1398\n|player|p2|sleemo2|266|1420\n|gen|9\n|tier|[Gen 9] VGC 2026 Reg I\n|rated|\n|rule|Species Clause: Limit one of each Pok\u00e9mon\n|rule|Item Clause: Limit 1 of each item\n|clearpoke\n|poke|p1|Pikachu, L50, M|\n|poke|p1|Zacian-*, L50|\n|poke|p1|Kyogre, L50|\n|poke|p1|Tornadus, L50, M|\n|poke|p1|Chien-Pao, L50|\n|poke|p1|Incineroar, L50, M|\n|poke|p2|Calyrex-Shadow, L50|\n|poke|p2|Zamazenta-*, L50|\n|poke|p2|Whimsicott, L50, F|\n|poke|p2|Amoonguss, L50, M|\n|poke|p2|Chi-Yu, L50|\n|poke|p2|Regieleki, L50|\n|teampreview|4\n|inactive|Battle timer is ON: inactive players will automatically lose when time's up. (requested by Mr.FlippyFlop)\n|\n|t:|1773593415\n|teamsize|p1|4\n|teamsize|p2|4\n|start\n|switch|p1a: Kyogre|Kyogre, L50|100/100\n|switch|p1b: Tornadus|Tornadus, L50, M|100/100\n|switch|p2a: Zamazenta|Zamazenta-Crowned, L50|100/100\n|switch|p2b: Regieleki|Regieleki, L50|100/100\n|-ability|p2a: Zamazenta|Dauntless Shield|boost\n|-boost|p2a: Zamazenta|def|1\n|-weather|RainDance|[from] ability: Drizzle|[of] p1a: Kyogre\n|turn|1\n|inactive|sleemo2 has 30 seconds left.\n|\n|t:|1773593449\n|switch|p2b: Amoonguss|Amoonguss, L50, M, shiny|100/100\n|switch|p1b: Pikachu|Pikachu, L50, M|100/100\n|-terastallize|p2a: Zamazenta|Dragon\n|-terastallize|p1a: Kyogre|Water\n|move|p2a: Zamazenta|Body Press|p1a: Kyogre\n|-damage|p1a: Kyogre|18/100\n|move|p1a: Kyogre|Hydro Pump|p2a: Zamazenta\n|-resisted|p2a: Zamazenta\n|-damage|p2a: Zamazenta|41/100\n|\n|-weather|RainDance|[upkeep]\n|upkeep\n|turn|2\n|\n|t:|1773593473\n|move|p2a: Zamazenta|Protect|p2a: Zamazenta\n|-singleturn|p2a: Zamazenta|Protect\n|move|p2b: Amoonguss|Protect|p2b: Amoonguss\n|-singleturn|p2b: Amoonguss|Protect\n|move|p1b: Pikachu|Fake Out|p2a: Zamazenta\n|-activate|p2a: Zamazenta|move: Protect\n|move|p1a: Kyogre|Ice Beam|p2a: Zamazenta\n|-activate|p2a: Zamazenta|move: Protect\n|\n|-weather|RainDance|[upkeep]\n|upkeep\n|turn|3\n|\n|t:|1773593481\n|switch|p1a: Tornadus|Tornadus, L50, M|100/100\n|move|p1b: Pikachu|Protect|p1b: Pikachu\n|-singleturn|p1b: Pikachu|Protect\n|move|p2a: Zamazenta|Body Press|p1a: Tornadus\n|-resisted|p1a: Tornadus\n|-crit|p1a: Tornadus\n|-damage|p1a: Tornadus|39/100\n|move|p2b: Amoonguss|Spore|p1b: Pikachu\n|-activate|p1b: Pikachu|move: Protect\n|\n|-weather|RainDance|[upkeep]\n|upkeep\n|turn|4\n|\n|t:|1773593492\n|move|p1a: Tornadus|Tailwind|p1a: Tornadus\n|-sidestart|p1: Mr.FlippyFlop|move: Tailwind\n|move|p1b: Pikachu|Thunderbolt|p2a: Zamazenta\n|-resisted|p2a: Zamazenta\n|-damage|p2a: Zamazenta|21/100\n|move|p2a: Zamazenta|Heavy Slam|p1a: Tornadus\n|-damage|p1a: Tornadus|0 fnt\n|faint|p1a: Tornadus\n|move|p2b: Amoonguss|Spore|p1b: Pikachu\n|-status|p1b: Pikachu|slp|[from] move: Spore\n|\n|-weather|RainDance|[upkeep]\n|upkeep\n|\n|t:|1773593504\n|switch|p1a: Kyogre|Kyogre, L50, tera:Water|18/100\n|turn|5\n|\n|t:|1773593514\n|move|p1a: Kyogre|Protect|p1a: Kyogre\n|-singleturn|p1a: Kyogre|Protect\n|cant|p1b: Pikachu|slp\n|move|p2a: Zamazenta|Body Press|p1a: Kyogre\n|-activate|p1a: Kyogre|move: Protect\n|move|p2b: Amoonguss|Spore|p1a: Kyogre\n|-activate|p1a: Kyogre|move: Protect\n|\n|-weather|none\n|upkeep\n|turn|6\n|\n|t:|1773593531\n|move|p2a: Zamazenta|Protect|p2a: Zamazenta\n|-singleturn|p2a: Zamazenta|Protect\n|move|p2b: Amoonguss|Protect|p2b: Amoonguss\n|-singleturn|p2b: Amoonguss|Protect\n|cant|p1b: Pikachu|slp\n|move|p1a: Kyogre|Ice Beam|p2b: Amoonguss\n|-activate|p2b: Amoonguss|move: Protect\n|\n|upkeep\n|turn|7\n|\n|t:|1773593544\n|move|p1a: Kyogre|Ice Beam|p2a: Zamazenta\n|-supereffective|p2a: Zamazenta\n|-damage|p2a: Zamazenta|0 fnt\n|faint|p2a: Zamazenta\n|cant|p1b: Pikachu|slp\n|move|p2b: Amoonguss|Spore|p1a: Kyogre\n|-status|p1a: Kyogre|slp|[from] move: Spore\n|\n|-sideend|p1: Mr.FlippyFlop|move: Tailwind\n|upkeep\n|\n|t:|1773593552\n|switch|p2a: Calyrex|Calyrex-Shadow, L50|100/100\n|-ability|p2a: Calyrex|As One\n|-ability|p2a: Calyrex|Unnerve\n|turn|8\n|\n|t:|1773593574\n|move|p2a: Calyrex|Astral Barrage|p1b: Pikachu|[spread] p1a,p1b\n|-damage|p1a: Kyogre|0 fnt\n|-damage|p1b: Pikachu|0 fnt\n|faint|p1a: Kyogre\n|faint|p1b: Pikachu\n|-ability|p2a: Calyrex|Grim Neigh|boost\n|-boost|p2a: Calyrex|spa|2\n|move|p2b: Amoonguss|Spore|p1: Kyogre|[notarget]\n|-fail|p2b: Amoonguss\n|\n|upkeep\n|-message|Mr.FlippyFlop forfeited.\n|\n|win|sleemo2\n|raw|Mr.FlippyFlop's rating: 1398 &rarr; <strong>1379</strong><br />(-19 for losing)\n|raw|sleemo2's rating: 1420 &rarr; <strong>1439</strong><br />(+19 for winning)\n|l|\u203dMr.FlippyFlop\n|player|p1|\n|l|\u2606sleemo2\n|player|p2|\n","uploadtime":1773593810,"views":10,"formatid":"gen9vgc2026regi","rating":1379,"private":0,"password":null}