{"id":"gen9vgc2026regi-2549516186","format":"[Gen 9] VGC 2026 Reg I","players":["VJ2511","no89"],"log":"|j|\u2606VJ2511\n|j|\u2606no89\n|t:|1772378825\n|gametype|doubles\n|player|p1|VJ2511|red-masters3|1476\n|player|p2|no89|pokemonbreeder-gen4|1386\n|gen|9\n|tier|[Gen 9] VGC 2026 Reg I\n|rated|\n|rule|Species Clause: Limit one of each Pok\u00e9mon\n|rule|Item Clause: Limit 1 of each item\n|clearpoke\n|poke|p1|Calyrex-Shadow, L50|\n|poke|p1|Zamazenta-*, L50|\n|poke|p1|Chien-Pao, L50|\n|poke|p1|Dragonite, L50, M|\n|poke|p1|Raging Bolt, L50|\n|poke|p1|Amoonguss, L50, M|\n|poke|p2|Ho-Oh, L50|\n|poke|p2|Zamazenta-*, L50|\n|poke|p2|Rillaboom, L50, M|\n|poke|p2|Ogerpon-Cornerstone, L50, F|\n|poke|p2|Flutter Mane, L50|\n|poke|p2|Chi-Yu, L50|\n|teampreview|4\n|inactive|Battle timer is ON: inactive players will automatically lose when time's up. (requested by VJ2511)\n|inactive|VJ2511 has 60 seconds left.\n|\n|t:|1772378885\n|teamsize|p1|4\n|teamsize|p2|4\n|start\n|switch|p1a: Zamazenta|Zamazenta-Crowned, L50|100/100\n|switch|p1b: Raging Bolt|Raging Bolt, L50|100/100\n|switch|p2a: Ogerpon|Ogerpon-Cornerstone, L50, F|100/100\n|switch|p2b: Chi-Yu|Chi-Yu, L50|100/100\n|-ability|p2b: Chi-Yu|Beads of Ruin\n|-ability|p1a: Zamazenta|Dauntless Shield|boost\n|-boost|p1a: Zamazenta|def|1\n|-enditem|p1b: Raging Bolt|Booster Energy\n|-activate|p1b: Raging Bolt|ability: Protosynthesis|[fromitem]\n|-start|p1b: Raging Bolt|protosynthesisspa\n|turn|1\n|\n|t:|1772378890\n|-terastallize|p1a: Zamazenta|Dragon\n|move|p2a: Ogerpon|Spiky Shield|p2a: Ogerpon\n|-singleturn|p2a: Ogerpon|move: Protect\n|move|p2b: Chi-Yu|Protect|p2b: Chi-Yu\n|-singleturn|p2b: Chi-Yu|Protect\n|move|p1a: Zamazenta|Body Press|p2a: Ogerpon\n|-activate|p2a: Ogerpon|move: Protect\n|-damage|p1a: Zamazenta|88/100|[from] Spiky Shield|[of] p2a: Ogerpon\n|move|p1b: Raging Bolt|Thunderbolt|p2b: Chi-Yu\n|-activate|p2b: Chi-Yu|move: Protect\n|\n|upkeep\n|turn|2\n|\n|t:|1772378898\n|move|p1a: Zamazenta|Protect|p1a: Zamazenta\n|-singleturn|p1a: Zamazenta|Protect\n|move|p2a: Ogerpon|Follow Me|p2a: Ogerpon\n|-singleturn|p2a: Ogerpon|move: Follow Me\n|move|p2b: Chi-Yu|Snarl|p1a: Zamazenta|[spread] p1b\n|-activate|p1a: Zamazenta|move: Protect\n|-damage|p1b: Raging Bolt|76/100\n|-unboost|p1b: Raging Bolt|spa|1\n|move|p1b: Raging Bolt|Thunderbolt|p2a: Ogerpon\n|-resisted|p2a: Ogerpon\n|-damage|p2a: Ogerpon|62/100\n|\n|upkeep\n|turn|3\n|\n|t:|1772378910\n|move|p2a: Ogerpon|Follow Me|p2a: Ogerpon\n|-singleturn|p2a: Ogerpon|move: Follow Me\n|move|p2b: Chi-Yu|Snarl|p1b: Raging Bolt|[spread] p1a,p1b\n|-damage|p1a: Zamazenta|70/100\n|-damage|p1b: Raging Bolt|49/100\n|-unboost|p1a: Zamazenta|spa|1\n|-unboost|p1b: Raging Bolt|spa|1\n|move|p1a: Zamazenta|Body Press|p2a: Ogerpon\n|-supereffective|p2a: Ogerpon\n|-damage|p2a: Ogerpon|0 fnt\n|faint|p2a: Ogerpon\n|move|p1b: Raging Bolt|Thunderbolt|p2b: Chi-Yu\n|-damage|p2b: Chi-Yu|61/100\n|\n|upkeep\n|\n|t:|1772378918\n|switch|p2a: Flutter Mane|Flutter Mane, L50|100/100\n|-enditem|p2a: Flutter Mane|Booster Energy\n|-activate|p2a: Flutter Mane|ability: Protosynthesis|[fromitem]\n|-start|p2a: Flutter Mane|protosynthesisspe\n|turn|4\n|\n|t:|1772378923\n|move|p2a: Flutter Mane|Moonblast|p1a: Zamazenta\n|-supereffective|p1a: Zamazenta\n|-damage|p1a: Zamazenta|0 fnt\n|faint|p1a: Zamazenta\n|move|p2b: Chi-Yu|Snarl|p1b: Raging Bolt\n|-damage|p1b: Raging Bolt|16/100\n|-unboost|p1b: Raging Bolt|spa|1\n|move|p1b: Raging Bolt|Thunderbolt|p2a: Flutter Mane\n|-damage|p2a: Flutter Mane|59/100\n|-status|p2a: Flutter Mane|par\n|\n|upkeep\n|\n|t:|1772378937\n|switch|p1a: Dragonite|Dragonite, L50, M, shiny|100/100\n|turn|5\n|\n|t:|1772378949\n|-end|p1b: Raging Bolt|Protosynthesis|[silent]\n|switch|p1b: Chien-Pao|Chien-Pao, L50|100/100\n|-ability|p1b: Chien-Pao|Sword of Ruin\n|move|p2b: Chi-Yu|Protect|p2b: Chi-Yu\n|-singleturn|p2b: Chi-Yu|Protect\n|move|p2a: Flutter Mane|Icy Wind|p1b: Chien-Pao|[spread] p1a,p1b\n|-supereffective|p1a: Dragonite\n|-resisted|p1b: Chien-Pao\n|-damage|p1a: Dragonite|27/100\n|-damage|p1b: Chien-Pao|92/100\n|-unboost|p1a: Dragonite|spe|1\n|-unboost|p1b: Chien-Pao|spe|1\n|move|p1a: Dragonite|Outrage|p2b: Chi-Yu\n|-activate|p2b: Chi-Yu|move: Protect\n|\n|upkeep\n|turn|6\n|-message|VJ2511 forfeited.\n|\n|win|no89\n|raw|VJ2511's rating: 1476 &rarr; <strong>1451</strong><br />(-25 for losing)\n|raw|no89's rating: 1386 &rarr; <strong>1411</strong><br />(+25 for winning)\n|l|\u2606VJ2511\n|player|p1|\n","uploadtime":1772379200,"views":11,"formatid":"gen9vgc2026regi","rating":1411,"private":0,"password":null}