{"id":"gen9vgc2026regi-2530776011","format":"[Gen 9] VGC 2026 Reg I","players":["ArisHazard","Jiak"],"log":"|j|\u2606ArisHazard\n|j|\u2606Jiak\n|t:|1769971285\n|gametype|doubles\n|player|p1|ArisHazard|266|1325\n|player|p2|Jiak|blue|1406\n|gen|9\n|tier|[Gen 9] VGC 2026 Reg I\n|rated|\n|rule|Species Clause: Limit one of each Pok\u00e9mon\n|rule|Item Clause: Limit 1 of each item\n|clearpoke\n|poke|p1|Smeargle, L50, F|\n|poke|p1|Muk-Alola, L50, M|\n|poke|p1|Raging Bolt, L50|\n|poke|p1|Terapagos, L50, M|\n|poke|p1|Ho-Oh, L50|\n|poke|p1|Sableye, L50, M|\n|poke|p2|Koraidon, L50|\n|poke|p2|Overqwil, L50, M|\n|poke|p2|Kyogre, L50|\n|poke|p2|Rhyperior, L50, M|\n|poke|p2|Grimmsnarl, L50, M|\n|poke|p2|Tsareena, L50, F|\n|teampreview|4\n|\n|t:|1769971314\n|teamsize|p1|4\n|teamsize|p2|4\n|start\n|switch|p1a: Smeargle|Smeargle, L50, F|100/100\n|switch|p1b: Muk|Muk-Alola, L50, M|100/100\n|switch|p2a: Kyogre|Kyogre, L50|100/100\n|switch|p2b: Grimmsnarl|Grimmsnarl, L50, M|100/100\n|-weather|RainDance|[from] ability: Drizzle|[of] p2a: Kyogre\n|turn|1\n|inactive|Battle timer is ON: inactive players will automatically lose when time's up. (requested by ArisHazard)\n|inactive|Jiak also wants the timer to be on.\n|\n|t:|1769971326\n|switch|p2b: Tsareena|Tsareena, L50, F, shiny|100/100\n|move|p1a: Smeargle|Fake Out||[still]\n|cant|p2b: Tsareena|ability: Queenly Majesty|Fake Out|[of] p1a: Smeargle\n|move|p2a: Kyogre|Water Spout|p1a: Smeargle|[spread] p1a,p1b\n|-enditem|p1a: Smeargle|Focus Sash\n|-damage|p1a: Smeargle|1/100\n|-damage|p1b: Muk|14/100\n|move|p1b: Muk|Minimize|p1b: Muk\n|-boost|p1b: Muk|evasion|2\n|\n|-weather|RainDance|[upkeep]\n|-heal|p1b: Muk|20/100|[from] item: Leftovers\n|-ability|p1a: Smeargle|Moody|boost\n|-boost|p1a: Smeargle|atk|2\n|-unboost|p1a: Smeargle|spe|1\n|upkeep\n|turn|2\n|\n|t:|1769971347\n|move|p1a: Smeargle|Wide Guard|p1a: Smeargle\n|-singleturn|p1a: Smeargle|Wide Guard\n|move|p2a: Kyogre|Water Spout|p1b: Muk|[spread] \n|-activate|p1a: Smeargle|move: Wide Guard\n|-activate|p1b: Muk|move: Wide Guard\n|move|p2b: Tsareena|Low Kick|p1b: Muk|[miss]\n|-miss|p2b: Tsareena|p1b: Muk\n|move|p1b: Muk|Minimize|p1b: Muk\n|-boost|p1b: Muk|evasion|2\n|\n|-weather|RainDance|[upkeep]\n|-heal|p1b: Muk|26/100|[from] item: Leftovers\n|-ability|p1a: Smeargle|Moody|boost\n|-boost|p1a: Smeargle|spe|2\n|-unboost|p1a: Smeargle|atk|1\n|upkeep\n|turn|3\n|\n|t:|1769971366\n|switch|p2a: Grimmsnarl|Grimmsnarl, L50, M|100/100\n|move|p1a: Smeargle|Spore|p2a: Grimmsnarl\n|-status|p2a: Grimmsnarl|slp|[from] move: Spore\n|move|p2b: Tsareena|Bullet Seed|p1a: Smeargle\n|-damage|p1a: Smeargle|0 fnt\n|faint|p1a: Smeargle\n|-ability|p1b: Muk|Moody|Power of Alchemy|[from] ability: Power of Alchemy|[of] p1a: Smeargle\n|-hitcount|p1: Smeargle|1\n|move|p1b: Muk|Minimize|p1b: Muk\n|-boost|p1b: Muk|evasion|2\n|\n|-weather|RainDance|[upkeep]\n|-heal|p1b: Muk|33/100|[from] item: Leftovers\n|-ability|p1b: Muk|Moody|boost\n|-boost|p1b: Muk|spd|2\n|-unboost|p1b: Muk|spa|1\n|upkeep\n|\n|t:|1769971385\n|switch|p1a: Terapagos|Terapagos, L50, M|100/100\n|-activate|p1a: Terapagos|ability: Tera Shift\n|detailschange|p1a: Terapagos|Terapagos-Terastal, L50, M\n|-heal|p1a: Terapagos|100/100|[silent]\n|turn|4\n|\n|t:|1769971395\n|cant|p2a: Grimmsnarl|slp\n|move|p2b: Tsareena|Low Kick|p1a: Terapagos\n|-activate|p1a: Terapagos|ability: Tera Shell\n|-resisted|p1a: Terapagos\n|-damage|p1a: Terapagos|95/100\n|move|p1a: Terapagos|Tera Starstorm|p2b: Tsareena\n|-damage|p2b: Tsareena|0 fnt\n|faint|p2b: Tsareena\n|move|p1b: Muk|Knock Off|p2a: Grimmsnarl\n|-resisted|p2a: Grimmsnarl\n|-damage|p2a: Grimmsnarl|91/100 slp\n|-enditem|p2a: Grimmsnarl|Light Clay|[from] move: Knock Off|[of] p1b: Muk\n|\n|-weather|RainDance|[upkeep]\n|-heal|p1b: Muk|39/100|[from] item: Leftovers\n|-ability|p1b: Muk|Moody|boost\n|-boost|p1b: Muk|atk|2\n|-unboost|p1b: Muk|spe|1\n|upkeep\n|\n|t:|1769971412\n|switch|p2b: Kyogre|Kyogre, L50|100/100\n|turn|5\n|\n|t:|1769971422\n|-terastallize|p1a: Terapagos|Stellar\n|detailschange|p1a: Terapagos|Terapagos-Stellar, L50, M, tera:Stellar\n|-heal|p1a: Terapagos|96/100|[silent]\n|-ability|p1a: Terapagos|Teraform Zero\n|-weather|none\n|move|p1b: Muk|Protect|p1b: Muk\n|-singleturn|p1b: Muk|Protect\n|move|p2b: Kyogre|Water Spout|p1b: Muk|[spread] p1a\n|-activate|p1b: Muk|move: Protect\n|-damage|p1a: Terapagos|58/100\n|move|p1a: Terapagos|Tera Starstorm|p2a: Grimmsnarl|[spread] p2a,p2b\n|-damage|p2a: Grimmsnarl|24/100 slp\n|-damage|p2b: Kyogre|54/100\n|cant|p2a: Grimmsnarl|slp\n|\n|-heal|p1b: Muk|45/100|[from] item: Leftovers\n|-ability|p1b: Muk|Moody|boost\n|-boost|p1b: Muk|atk|2\n|-unboost|p1b: Muk|spe|1\n|upkeep\n|turn|6\n|\n|t:|1769971445\n|move|p2b: Kyogre|Water Spout|p1b: Muk|[spread] p1a\n|-miss|p2b: Kyogre|p1b: Muk\n|-damage|p1a: Terapagos|35/100\n|move|p1a: Terapagos|Tera Starstorm|p2a: Grimmsnarl|[spread] p2a,p2b\n|-crit|p2a: Grimmsnarl\n|-damage|p2a: Grimmsnarl|0 fnt\n|-damage|p2b: Kyogre|3/100\n|faint|p2a: Grimmsnarl\n|move|p1b: Muk|Toxic|p2b: Kyogre\n|-status|p2b: Kyogre|tox\n|\n|-heal|p1b: Muk|51/100|[from] item: Leftovers\n|-damage|p2b: Kyogre|0 fnt|[from] psn\n|faint|p2b: Kyogre\n|-ability|p1b: Muk|Moody|boost\n|-boost|p1b: Muk|spd|2\n|-unboost|p1b: Muk|spe|1\n|upkeep\n|\n|t:|1769971462\n|switch|p2b: Koraidon|Koraidon, L50|100/100\n|-weather|SunnyDay|[from] ability: Orichalcum Pulse|[of] p2b: Koraidon\n|-activate|p2b: Koraidon|Orichalcum Pulse|[source]\n|turn|7\n|\n|t:|1769971469\n|move|p2b: Koraidon|Collision Course|p1b: Muk|[miss]\n|-miss|p2b: Koraidon|p1b: Muk\n|move|p1a: Terapagos|Tera Starstorm|p2b: Koraidon\n|-damage|p2b: Koraidon|16/100\n|move|p1b: Muk|Toxic|p2b: Koraidon\n|-status|p2b: Koraidon|tox\n|\n|-weather|SunnyDay|[upkeep]\n|-heal|p1b: Muk|57/100|[from] item: Leftovers\n|-damage|p2b: Koraidon|10/100 tox|[from] psn\n|-ability|p1b: Muk|Moody|boost\n|-boost|p1b: Muk|spa|2\n|-unboost|p1b: Muk|spd|1\n|upkeep\n|turn|8\n|-message|Jiak forfeited.\n|\n|win|ArisHazard\n|raw|ArisHazard's rating: 1325 &rarr; <strong>1350</strong><br />(+25 for winning)\n|raw|Jiak's rating: 1406 &rarr; <strong>1381</strong><br />(-25 for losing)\n|l|\u2606Jiak\n|player|p2|\n|l|\u2606ArisHazard\n|player|p1|\n","uploadtime":1769971685,"views":22,"formatid":"gen9vgc2026regi","rating":1350,"private":0,"password":null}