{"id":"gen9vgc2026regi-2542899592","format":"[Gen 9] VGC 2026 Reg I","players":["blackred123","Chadrola18"],"log":"|j|\u2606blackred123\n|j|\u2606Chadrola18\n|t:|1771511849\n|gametype|doubles\n|player|p1|blackred123|iono-masters|1260\n|player|p2|Chadrola18|steven|1364\n|gen|9\n|tier|[Gen 9] VGC 2026 Reg I\n|rated|\n|rule|Species Clause: Limit one of each Pok\u00e9mon\n|rule|Item Clause: Limit 1 of each item\n|clearpoke\n|poke|p1|Zamazenta-*, L50|\n|poke|p1|Calyrex-Shadow, L50|\n|poke|p1|Rillaboom, L50, F|\n|poke|p1|Raging Bolt, L50|\n|poke|p1|Ogerpon-Cornerstone, L50, F|\n|poke|p1|Tornadus, L50, M|\n|poke|p2|Lunala, L50|\n|poke|p2|Miraidon, L50|\n|poke|p2|Ursaluna, L50, M|\n|poke|p2|Incineroar, L50, M|\n|poke|p2|Urshifu-*, L50, F|\n|poke|p2|Whimsicott, L50, M|\n|teampreview|4\n|inactive|Battle timer is ON: inactive players will automatically lose when time's up. (requested by Chadrola18)\n|inactive|blackred123 also wants the timer to be on.\n|inactive|Chadrola18 has 60 seconds left.\n|\n|t:|1771511891\n|teamsize|p1|4\n|teamsize|p2|4\n|start\n|switch|p1a: \u5170\u534e|Zamazenta-Crowned, L50, shiny|100/100\n|switch|p1b: \u98df\u5802\u5904|Rillaboom, L50, F|100/100\n|switch|p2a: Whimsicott|Whimsicott, L50, M|100/100\n|switch|p2b: Miraidon|Miraidon, L50|100/100\n|-fieldstart|move: Electric Terrain|[from] ability: Hadron Engine|[of] p2b: Miraidon\n|-ability|p1a: \u5170\u534e|Dauntless Shield|boost\n|-boost|p1a: \u5170\u534e|def|1\n|-fieldstart|move: Grassy Terrain|[from] ability: Grassy Surge|[of] p1b: \u98df\u5802\u5904\n|turn|1\n|\n|t:|1771511905\n|switch|p2b: Lunala|Lunala, L50|100/100\n|move|p1b: \u98df\u5802\u5904|Fake Out|p2a: Whimsicott\n|-damage|p2a: Whimsicott|83/100\n|move|p2a: Whimsicott|Tailwind|p2a: Whimsicott\n|-sidestart|p2: Chadrola18|move: Tailwind\n|move|p1a: \u5170\u534e|Heavy Slam|p2a: Whimsicott\n|-supereffective|p2a: Whimsicott\n|-damage|p2a: Whimsicott|0 fnt\n|faint|p2a: Whimsicott\n|\n|upkeep\n|\n|t:|1771511918\n|switch|p2a: Urshifu|Urshifu, L50, F|100/100\n|turn|2\n|inactive|Chadrola18 has 30 seconds left.\n|inactive|Chadrola18 has 20 seconds left.\n|inactive|Chadrola18 has 15 seconds left.\n|\n|t:|1771511960\n|move|p2a: Urshifu|Detect|p2a: Urshifu\n|-singleturn|p2a: Urshifu|Protect\n|move|p2b: Lunala|Moongeist Beam|p1a: \u5170\u534e\n|-damage|p1a: \u5170\u534e|66/100\n|move|p1a: \u5170\u534e|Body Press|p2a: Urshifu\n|-activate|p2a: Urshifu|move: Protect\n|move|p1b: \u98df\u5802\u5904|U-turn|p2a: Urshifu\n|-activate|p2a: Urshifu|move: Protect\n|\n|-heal|p1a: \u5170\u534e|72/100|[from] Grassy Terrain\n|upkeep\n|turn|3\n|\n|t:|1771511979\n|move|p2a: Urshifu|Close Combat|p1a: \u5170\u534e\n|-supereffective|p1a: \u5170\u534e\n|-damage|p1a: \u5170\u534e|28/100\n|-unboost|p2a: Urshifu|def|1\n|-unboost|p2a: Urshifu|spd|1\n|move|p2b: Lunala|Moongeist Beam|p1a: \u5170\u534e\n|-damage|p1a: \u5170\u534e|0 fnt\n|faint|p1a: \u5170\u534e\n|move|p1b: \u98df\u5802\u5904|U-turn|p2a: Urshifu\n|-crit|p2a: Urshifu\n|-damage|p2a: Urshifu|49/100\n|\n|t:|1771511994\n|switch|p1b: \u725d\u91ce\u77b3|Ogerpon-Cornerstone, L50, F|100/100|[from] U-turn\n|\n|-heal|p2a: Urshifu|55/100|[from] Grassy Terrain\n|upkeep\n|\n|t:|1771511996\n|switch|p1a: \u98df\u5802\u5904|Rillaboom, L50, F|100/100\n|turn|4\n|\n|t:|1771512005\n|move|p2a: Urshifu|Detect|p2a: Urshifu\n|-singleturn|p2a: Urshifu|Protect\n|move|p1a: \u98df\u5802\u5904|Fake Out|p2a: Urshifu\n|-activate|p2a: Urshifu|move: Protect\n|move|p2b: Lunala|Moongeist Beam|p1b: \u725d\u91ce\u77b3\n|-damage|p1b: \u725d\u91ce\u77b3|37/100\n|move|p1b: \u725d\u91ce\u77b3|Ivy Cudgel|p2b: Lunala|[anim] Ivy Cudgel Rock\n|-damage|p2b: Lunala|80/100\n|\n|-heal|p2a: Urshifu|60/100|[from] Grassy Terrain\n|-heal|p2b: Lunala|87/100|[from] Grassy Terrain\n|-heal|p1b: \u725d\u91ce\u77b3|42/100|[from] Grassy Terrain\n|-sideend|p2: Chadrola18|move: Tailwind\n|upkeep\n|turn|5\n|\n|t:|1771512026\n|switch|p2a: Miraidon|Miraidon, L50|100/100\n|-fieldstart|move: Electric Terrain|[from] ability: Hadron Engine|[of] p2a: Miraidon\n|-enditem|p2b: Lunala|Electric Seed\n|-boost|p2b: Lunala|def|1|[from] item: Electric Seed\n|move|p1b: \u725d\u91ce\u77b3|Ivy Cudgel|p2a: Miraidon|[anim] Ivy Cudgel Rock\n|-damage|p2a: Miraidon|42/100\n|move|p2b: Lunala|Moongeist Beam|p1b: \u725d\u91ce\u77b3\n|-damage|p1b: \u725d\u91ce\u77b3|0 fnt\n|faint|p1b: \u725d\u91ce\u77b3\n|move|p1a: \u98df\u5802\u5904|Wood Hammer|p2b: Lunala\n|-damage|p2b: Lunala|59/100\n|-damage|p1a: \u98df\u5802\u5904|90/100|[from] Recoil\n|\n|upkeep\n|\n|t:|1771512037\n|switch|p1b: \u9ed1\u6c5f|Calyrex-Shadow, L50|100/100\n|-ability|p1b: \u9ed1\u6c5f|As One\n|-ability|p1b: \u9ed1\u6c5f|Unnerve\n|turn|6\n|j| Yancy0721\u56fe\u56fe\u72ac\u4fa0\n|inactive|blackred123 has 30 seconds left.\n|\n|t:|1771512062\n|-terastallize|p1b: \u9ed1\u6c5f|Ghost\n|-terastallize|p2a: Miraidon|Fairy\n|move|p2b: Lunala|Wide Guard|p2b: Lunala\n|-singleturn|p2b: Lunala|Wide Guard\n|move|p1b: \u9ed1\u6c5f|Astral Barrage|p2a: Miraidon|[spread] \n|-activate|p2a: Miraidon|move: Wide Guard\n|-activate|p2b: Lunala|move: Wide Guard\n|move|p2a: Miraidon|Dazzling Gleam|p1a: \u98df\u5802\u5904|[spread] p1a,p1b\n|-damage|p1a: \u98df\u5802\u5904|49/100\n|-damage|p1b: \u9ed1\u6c5f|36/100\n|move|p1a: \u98df\u5802\u5904|Wood Hammer|p2b: Lunala\n|-damage|p2b: Lunala|31/100\n|-damage|p1a: \u98df\u5802\u5904|39/100|[from] Recoil\n|\n|upkeep\n|turn|7\n|\n|t:|1771512079\n|move|p2b: Lunala|Wide Guard|p2b: Lunala\n|-singleturn|p2b: Lunala|Wide Guard\n|move|p1b: \u9ed1\u6c5f|Psychic|p2a: Miraidon\n|-damage|p2a: Miraidon|0 fnt\n|faint|p2a: Miraidon\n|-ability|p1b: \u9ed1\u6c5f|Grim Neigh|boost\n|-boost|p1b: \u9ed1\u6c5f|spa|1\n|move|p1a: \u98df\u5802\u5904|Wood Hammer|p2b: Lunala\n|-damage|p2b: Lunala|2/100\n|-damage|p1a: \u98df\u5802\u5904|28/100|[from] Recoil\n|\n|upkeep\n|\n|t:|1771512085\n|switch|p2a: Urshifu|Urshifu, L50, F|60/100\n|turn|8\n|\n|t:|1771512106\n|move|p2a: Urshifu|Sucker Punch||[still]\n|-fail|p2a: Urshifu\n|move|p1b: \u9ed1\u6c5f|Encore|p2b: Lunala\n|-start|p2b: Lunala|Encore\n|move|p2b: Lunala|Wide Guard|p2b: Lunala\n|-singleturn|p2b: Lunala|Wide Guard\n|move|p1a: \u98df\u5802\u5904|Wood Hammer|p2a: Urshifu\n|-crit|p2a: Urshifu\n|-damage|p2a: Urshifu|0 fnt\n|faint|p2a: Urshifu\n|-damage|p1a: \u98df\u5802\u5904|11/100|[from] Recoil\n|\n|upkeep\n|turn|9\n|-message|Chadrola18 forfeited.\n|\n|win|blackred123\n|raw|blackred123's rating: 1260 &rarr; <strong>1292</strong><br />(+32 for winning)\n|raw|Chadrola18's rating: 1364 &rarr; <strong>1338</strong><br />(-26 for losing)\n|l|\u2606Chadrola18\n|player|p2|\n","uploadtime":1771512129,"views":13,"formatid":"gen9vgc2026regi","rating":1292,"private":0,"password":null}