{"id":"gen9vgc2026regi-2550359402","format":"[Gen 9] VGC 2026 Reg I","players":["biscotti5","Cello L."],"log":"|j|\u2606biscotti5\n|j|\u2606Cello L.\n|t:|1772480124\n|gametype|doubles\n|player|p1|biscotti5|veteranf|1372\n|player|p2|Cello L.|psychic-gen4|1500\n|gen|9\n|tier|[Gen 9] VGC 2026 Reg I\n|rated|\n|rule|Species Clause: Limit one of each Pok\u00e9mon\n|rule|Item Clause: Limit 1 of each item\n|clearpoke\n|poke|p1|Lunala, L50|\n|poke|p1|Miraidon, L50|\n|poke|p1|Whimsicott, L50, M|\n|poke|p1|Incineroar, L50, M|\n|poke|p1|Ursaluna, L50, F|\n|poke|p1|Ogerpon-Wellspring, L50, F|\n|poke|p2|Calyrex-Shadow, L50|\n|poke|p2|Zamazenta-*, L50|\n|poke|p2|Raging Bolt, L50|\n|poke|p2|Furret, L50, F|\n|poke|p2|Rillaboom, L50, M|\n|poke|p2|Incineroar, L50, F|\n|teampreview|4\n|inactive|Battle timer is ON: inactive players will automatically lose when time's up. (requested by biscotti5)\n|c|\u2606biscotti5|furret is always fun to see lol\n|inactive|biscotti5 has 60 seconds left.\n|inactive|Cello L. has 60 seconds left.\n|inactive|biscotti5 has 30 seconds left.\n|\n|t:|1772480189\n|teamsize|p1|4\n|teamsize|p2|4\n|start\n|switch|p1a: Elvira|Lunala, L50|100/100\n|switch|p1b: Miraidon|Miraidon, L50|100/100\n|switch|p2a: Zamazenta|Zamazenta-Crowned, L50|100/100\n|switch|p2b: Rillaboom|Rillaboom, L50, M|100/100\n|-fieldstart|move: Electric Terrain|[from] ability: Hadron Engine|[of] p1b: Miraidon\n|-enditem|p1a: Elvira|Electric Seed\n|-boost|p1a: Elvira|def|1|[from] item: Electric Seed\n|-ability|p2a: Zamazenta|Dauntless Shield|boost\n|-boost|p2a: Zamazenta|def|1\n|-fieldstart|move: Grassy Terrain|[from] ability: Grassy Surge|[of] p2b: Rillaboom\n|turn|1\n|\n|t:|1772480211\n|switch|p1b: Lebowski|Incineroar, L50, M|100/100\n|-ability|p1b: Lebowski|Intimidate|boost\n|-unboost|p2a: Zamazenta|atk|1\n|-unboost|p2b: Rillaboom|atk|1\n|move|p2a: Zamazenta|Body Press|p1b: Lebowski\n|-supereffective|p1b: Lebowski\n|-damage|p1b: Lebowski|0 fnt\n|-damage|p2a: Zamazenta|84/100|[from] item: Rocky Helmet|[of] p1b: Lebowski\n|faint|p1b: Lebowski\n|move|p2b: Rillaboom|U-turn|p1a: Elvira\n|-damage|p1a: Elvira|97/100\n|inactive|Cello L. has 30 seconds left.\n|inactive|Cello L. has 20 seconds left.\n|\n|t:|1772480248\n|switch|p2b: Calyrex|Calyrex-Shadow, L50|100/100|[from] U-turn\n|-ability|p2b: Calyrex|As One\n|-ability|p2b: Calyrex|Unnerve\n|move|p1a: Elvira|Trick Room|p1a: Elvira\n|-fieldstart|move: Trick Room|[of] p1a: Elvira\n|\n|-heal|p1a: Elvira|100/100|[from] Grassy Terrain\n|-heal|p2a: Zamazenta|90/100|[from] Grassy Terrain\n|upkeep\n|\n|t:|1772480262\n|switch|p1b: Grazer|Ursaluna, L50, F|100/100\n|turn|2\n|\n|t:|1772480270\n|switch|p2b: Incineroar|Incineroar, L50, F|100/100\n|-ability|p2b: Incineroar|Intimidate|boost\n|-unboost|p1a: Elvira|atk|1\n|-unboost|p1b: Grazer|atk|1\n|move|p1a: Elvira|Wide Guard|p1a: Elvira\n|-singleturn|p1a: Elvira|Wide Guard\n|move|p1b: Grazer|Earthquake|p2b: Incineroar|[spread] p2a,p2b\n|-activate|p1a: Elvira|move: Wide Guard\n|-supereffective|p2a: Zamazenta\n|-supereffective|p2b: Incineroar\n|-damage|p2a: Zamazenta|79/100\n|-damage|p2b: Incineroar|80/100\n|move|p2a: Zamazenta|Heavy Slam|p1a: Elvira\n|-damage|p1a: Elvira|93/100\n|\n|-heal|p2b: Incineroar|86/100|[from] Grassy Terrain\n|-heal|p1a: Elvira|99/100|[from] Grassy Terrain\n|-heal|p2a: Zamazenta|85/100|[from] Grassy Terrain\n|-status|p1b: Grazer|brn|[from] item: Flame Orb\n|upkeep\n|turn|3\n|inactive|biscotti5 has 30 seconds left.\n|inactive|Cello L. has 30 seconds left.\n|inactive|Cello L. has 20 seconds left.\n|\n|t:|1772480308\n|-terastallize|p1b: Grazer|Ghost\n|move|p2b: Incineroar|Fake Out|p1b: Grazer\n|-immune|p1b: Grazer\n|move|p1a: Elvira|Wide Guard|p1a: Elvira\n|-singleturn|p1a: Elvira|Wide Guard\n|move|p1b: Grazer|Earthquake|p2a: Zamazenta|[spread] p2a,p2b\n|-activate|p1a: Elvira|move: Wide Guard\n|-supereffective|p2a: Zamazenta\n|-supereffective|p2b: Incineroar\n|-damage|p2a: Zamazenta|67/100\n|-damage|p2b: Incineroar|55/100\n|move|p2a: Zamazenta|Heavy Slam|p1a: Elvira\n|-damage|p1a: Elvira|83/100\n|\n|-heal|p2b: Incineroar|61/100|[from] Grassy Terrain\n|-heal|p1a: Elvira|89/100|[from] Grassy Terrain\n|-heal|p2a: Zamazenta|73/100|[from] Grassy Terrain\n|-damage|p1b: Grazer|95/100 brn|[from] brn\n|upkeep\n|turn|4\n|inactive|biscotti5 has 30 seconds left.\n|\n|t:|1772480341\n|move|p1b: Grazer|Headlong Rush|p2a: Zamazenta\n|-supereffective|p2a: Zamazenta\n|-damage|p2a: Zamazenta|19/100\n|-unboost|p1b: Grazer|def|1\n|-unboost|p1b: Grazer|spd|1\n|move|p2b: Incineroar|Knock Off|p1a: Elvira\n|-supereffective|p1a: Elvira\n|-damage|p1a: Elvira|44/100\n|move|p1a: Elvira|Moonblast|p2b: Incineroar\n|-damage|p2b: Incineroar|33/100\n|-unboost|p2b: Incineroar|spa|1\n|move|p2a: Zamazenta|Heavy Slam|p1a: Elvira\n|-damage|p1a: Elvira|28/100\n|\n|-heal|p1b: Grazer|100/100 brn|[from] Grassy Terrain\n|-heal|p2b: Incineroar|39/100|[from] Grassy Terrain\n|-heal|p1a: Elvira|34/100|[from] Grassy Terrain\n|-heal|p2a: Zamazenta|25/100|[from] Grassy Terrain\n|-damage|p1b: Grazer|95/100 brn|[from] brn\n|upkeep\n|turn|5\n|inactive|Cello L. has 30 seconds left.\n|\n|t:|1772480367\n|move|p2a: Zamazenta|Protect|p2a: Zamazenta\n|-singleturn|p2a: Zamazenta|Protect\n|move|p1b: Grazer|Facade|p2b: Incineroar\n|-damage|p2b: Incineroar|0 fnt\n|-damage|p1b: Grazer|78/100 brn|[from] item: Rocky Helmet|[of] p2b: Incineroar\n|faint|p2b: Incineroar\n|move|p1a: Elvira|Moonblast|p2a: Zamazenta\n|-activate|p2a: Zamazenta|move: Protect\n|\n|-heal|p1b: Grazer|84/100 brn|[from] Grassy Terrain\n|-heal|p1a: Elvira|40/100|[from] Grassy Terrain\n|-heal|p2a: Zamazenta|31/100|[from] Grassy Terrain\n|-damage|p1b: Grazer|78/100 brn|[from] brn\n|-fieldend|move: Trick Room\n|-fieldend|move: Grassy Terrain\n|upkeep\n|\n|t:|1772480386\n|switch|p2b: Calyrex|Calyrex-Shadow, L50|100/100\n|-ability|p2b: Calyrex|As One\n|-ability|p2b: Calyrex|Unnerve\n|turn|6\n|\n|t:|1772480404\n|switch|p1b: Miraidon|Miraidon, L50|100/100\n|-fieldstart|move: Electric Terrain|[from] ability: Hadron Engine|[of] p1b: Miraidon\n|move|p1a: Elvira|Wide Guard|p1a: Elvira\n|-singleturn|p1a: Elvira|Wide Guard\n|move|p2b: Calyrex|Psychic|p1a: Elvira\n|-resisted|p1a: Elvira\n|-crit|p1a: Elvira\n|-damage|p1a: Elvira|4/100\n|-damage|p2b: Calyrex|91/100|[from] item: Life Orb\n|move|p2a: Zamazenta|Heavy Slam|p1a: Elvira\n|-damage|p1a: Elvira|0 fnt\n|faint|p1a: Elvira\n|\n|upkeep\n|\n|t:|1772480417\n|switch|p1a: Grazer|Ursaluna, L50, F, tera:Ghost|78/100 brn\n|turn|7\n|\n|t:|1772480439\n|switch|p2a: Rillaboom|Rillaboom, L50, M|100/100\n|-fieldstart|move: Grassy Terrain|[from] ability: Grassy Surge|[of] p2a: Rillaboom\n|move|p2b: Calyrex|Protect|p2b: Calyrex\n|-singleturn|p2b: Calyrex|Protect\n|move|p1a: Grazer|Protect|p1a: Grazer\n|-singleturn|p1a: Grazer|Protect\n|move|p1b: Miraidon|Electro Drift|p2b: Calyrex\n|-activate|p2b: Calyrex|move: Protect\n|\n|-heal|p2b: Calyrex|97/100|[from] Grassy Terrain\n|-heal|p1a: Grazer|84/100 brn|[from] Grassy Terrain\n|-damage|p1a: Grazer|78/100 brn|[from] brn\n|upkeep\n|turn|8\n|\n|t:|1772480454\n|move|p2a: Rillaboom|Fake Out|p1b: Miraidon\n|-damage|p1b: Miraidon|86/100\n|move|p2b: Calyrex|Astral Barrage|p1b: Miraidon|[spread] p1a,p1b\n|-supereffective|p1a: Grazer\n|-damage|p1a: Grazer|0 fnt\n|-damage|p1b: Miraidon|27/100\n|faint|p1a: Grazer\n|-ability|p2b: Calyrex|Grim Neigh|boost\n|-boost|p2b: Calyrex|spa|1\n|-damage|p2b: Calyrex|87/100|[from] item: Life Orb\n|cant|p1b: Miraidon|flinch\n|\n|-heal|p2b: Calyrex|93/100|[from] Grassy Terrain\n|-heal|p1b: Miraidon|33/100|[from] Grassy Terrain\n|upkeep\n|turn|9\n|c|\u2606Cello L.|gg\n|-message|biscotti5 forfeited.\n|\n|win|Cello L.\n|raw|biscotti5's rating: 1372 &rarr; <strong>1359</strong><br />(-13 for losing)\n|raw|Cello L.'s rating: 1500 &rarr; <strong>1513</strong><br />(+13 for winning)\n|l|\u2606biscotti5\n|player|p1|\n","uploadtime":1772480469,"views":12,"formatid":"gen9vgc2026regi","rating":1359,"private":0,"password":null}