{"id":"gen9vgc2026regi-2573204968","format":"[Gen 9] VGC 2026 Reg I","players":["Erifuuuu","Vectorpd"],"log":"|j|\u2606Erifuuuu\n|j|\u2606Vectorpd\n|t:|1775102633\n|gametype|doubles\n|player|p1|Erifuuuu|1|1331\n|player|p2|Vectorpd|picnicker|1467\n|gen|9\n|tier|[Gen 9] VGC 2026 Reg I\n|rated|\n|rule|Species Clause: Limit one of each Pok\u00e9mon\n|rule|Item Clause: Limit 1 of each item\n|clearpoke\n|poke|p1|Maushold-Four, L50|\n|poke|p1|Miraidon, L50|\n|poke|p1|Pawmot, L50, F|\n|poke|p1|Terapagos, L50, M|\n|poke|p1|Whimsicott, L50, M|\n|poke|p1|Gholdengo, L50|\n|poke|p2|Calyrex-Shadow, L50|\n|poke|p2|Zamazenta-*, L50|\n|poke|p2|Raging Bolt, L50|\n|poke|p2|Rillaboom, L50, F|\n|poke|p2|Tornadus, L50, M|\n|poke|p2|Smeargle, L50, M|\n|teampreview|4\n|inactive|Battle timer is ON: inactive players will automatically lose when time's up. (requested by Erifuuuu)\n|\n|t:|1775102653\n|teamsize|p1|4\n|teamsize|p2|4\n|start\n|switch|p1a: Miraidon|Miraidon, L50|100/100\n|switch|p1b: Whimsicott|Whimsicott, L50, M|100/100\n|switch|p2a: Rillaboom|Rillaboom, L50, F|100/100\n|switch|p2b: Zamazenta|Zamazenta-Crowned, L50|100/100\n|-fieldstart|move: Electric Terrain|[from] ability: Hadron Engine|[of] p1a: Miraidon\n|-ability|p2b: Zamazenta|Dauntless Shield|boost\n|-boost|p2b: Zamazenta|def|1\n|-fieldstart|move: Grassy Terrain|[from] ability: Grassy Surge|[of] p2a: Rillaboom\n|turn|1\n|\n|t:|1775102671\n|move|p1b: Whimsicott|Tailwind|p1b: Whimsicott\n|-sidestart|p1: Erifuuuu|move: Tailwind\n|move|p1a: Miraidon|Overheat|p2b: Zamazenta|[miss]\n|-miss|p1a: Miraidon|p2b: Zamazenta\n|move|p2b: Zamazenta|Heavy Slam|p1b: Whimsicott\n|-supereffective|p1b: Whimsicott\n|-damage|p1b: Whimsicott|11/100\n|move|p2a: Rillaboom|U-turn|p1a: Miraidon\n|-damage|p1a: Miraidon|79/100\n|\n|t:|1775102683\n|switch|p2a: Tornadus|Tornadus, L50, M|100/100|[from] U-turn\n|\n|-heal|p1a: Miraidon|85/100|[from] Grassy Terrain\n|-heal|p1b: Whimsicott|17/100|[from] Grassy Terrain\n|upkeep\n|turn|2\n|\n|t:|1775102693\n|move|p1b: Whimsicott|Taunt|p2a: Tornadus\n|-start|p2a: Tornadus|move: Taunt\n|cant|p2a: Tornadus|move: Taunt|Tailwind\n|move|p1a: Miraidon|Overheat|p2b: Zamazenta\n|-supereffective|p2b: Zamazenta\n|-damage|p2b: Zamazenta|0 fnt\n|-unboost|p1a: Miraidon|spa|2\n|faint|p2b: Zamazenta\n|\n|-heal|p1a: Miraidon|91/100|[from] Grassy Terrain\n|-heal|p1b: Whimsicott|23/100|[from] Grassy Terrain\n|upkeep\n|\n|t:|1775102701\n|switch|p2b: Calyrex|Calyrex-Shadow, L50|100/100\n|-ability|p2b: Calyrex|As One\n|-ability|p2b: Calyrex|Unnerve\n|turn|3\n|\n|t:|1775102720\n|switch|p1a: Maushold|Maushold-Four, L50|100/100\n|switch|p1b: Terapagos|Terapagos, L50, M|100/100\n|-activate|p1b: Terapagos|ability: Tera Shift\n|detailschange|p1b: Terapagos|Terapagos-Terastal, L50, M\n|-heal|p1b: Terapagos|100/100|[silent]\n|move|p2b: Calyrex|Psychic|p1a: Maushold\n|-damage|p1a: Maushold|0 fnt\n|faint|p1a: Maushold\n|-ability|p2b: Calyrex|Grim Neigh|boost\n|-boost|p2b: Calyrex|spa|1\n|-damage|p2b: Calyrex|91/100|[from] item: Life Orb\n|move|p2a: Tornadus|Bleakwind Storm|p1b: Terapagos\n|-activate|p1b: Terapagos|ability: Tera Shell\n|-resisted|p1b: Terapagos\n|-damage|p1b: Terapagos|75/100\n|-unboost|p1b: Terapagos|spe|1\n|\n|-heal|p2b: Calyrex|97/100|[from] Grassy Terrain\n|-heal|p1b: Terapagos|82/100|[from] Grassy Terrain\n|upkeep\n|\n|t:|1775102740\n|switch|p1a: Miraidon|Miraidon, L50|91/100\n|-fieldstart|move: Electric Terrain|[from] ability: Hadron Engine|[of] p1a: Miraidon\n|-enditem|p1b: Terapagos|Electric Seed\n|-boost|p1b: Terapagos|def|1|[from] item: Electric Seed\n|turn|4\n|\n|t:|1775102756\n|switch|p2a: Rillaboom|Rillaboom, L50, F|100/100\n|-fieldstart|move: Grassy Terrain|[from] ability: Grassy Surge|[of] p2a: Rillaboom\n|move|p1a: Miraidon|Electro Drift|p2b: Calyrex\n|-damage|p2b: Calyrex|11/100\n|move|p2b: Calyrex|Psychic|p1a: Miraidon\n|-damage|p1a: Miraidon|2/100\n|-unboost|p1a: Miraidon|spd|1\n|-damage|p2b: Calyrex|2/100|[from] item: Life Orb\n|move|p1b: Terapagos|Calm Mind|p1b: Terapagos\n|-boost|p1b: Terapagos|spa|1\n|-boost|p1b: Terapagos|spd|1\n|\n|-heal|p1a: Miraidon|7/100|[from] Grassy Terrain\n|-heal|p2b: Calyrex|7/100|[from] Grassy Terrain\n|-heal|p1b: Terapagos|88/100|[from] Grassy Terrain\n|-sideend|p1: Erifuuuu|move: Tailwind\n|upkeep\n|turn|5\n|inactive|Erifuuuu has 30 seconds left.\n|\n|t:|1775102784\n|switch|p1a: Whimsicott|Whimsicott, L50, M|23/100\n|move|p1b: Terapagos|Protect|p1b: Terapagos\n|-singleturn|p1b: Terapagos|Protect\n|move|p2a: Rillaboom|Fake Out|p1b: Terapagos\n|-activate|p1b: Terapagos|move: Protect\n|move|p2b: Calyrex|Psychic|p1b: Terapagos\n|-activate|p1b: Terapagos|move: Protect\n|\n|-heal|p2b: Calyrex|13/100|[from] Grassy Terrain\n|-heal|p1a: Whimsicott|29/100|[from] Grassy Terrain\n|-heal|p1b: Terapagos|94/100|[from] Grassy Terrain\n|upkeep\n|turn|6\n|\n|t:|1775102804\n|-terastallize|p1b: Terapagos|Stellar\n|detailschange|p1b: Terapagos|Terapagos-Stellar, L50, M, tera:Stellar\n|-heal|p1b: Terapagos|96/100|[silent]\n|-ability|p1b: Terapagos|Teraform Zero\n|-fieldend|move: Grassy Terrain\n|move|p1a: Whimsicott|Tailwind|p1a: Whimsicott\n|-sidestart|p1: Erifuuuu|move: Tailwind\n|move|p2b: Calyrex|Psychic|p1b: Terapagos\n|-damage|p1b: Terapagos|49/100\n|-damage|p2b: Calyrex|4/100|[from] item: Life Orb\n|move|p1b: Terapagos|Tera Starstorm|p2a: Rillaboom|[spread] p2a,p2b\n|-damage|p2a: Rillaboom|71/100\n|-damage|p2b: Calyrex|0 fnt\n|faint|p2b: Calyrex\n|move|p2a: Rillaboom|Wood Hammer|p1b: Terapagos\n|-damage|p1b: Terapagos|30/100\n|-damage|p2a: Rillaboom|63/100|[from] Recoil\n|\n|upkeep\n|\n|t:|1775102808\n|switch|p2b: Tornadus|Tornadus, L50, M|100/100\n|turn|7\n|\n|t:|1775102826\n|move|p1a: Whimsicott|Taunt|p2b: Tornadus\n|-start|p2b: Tornadus|move: Taunt\n|move|p1b: Terapagos|Tera Starstorm|p2b: Tornadus|[spread] p2a,p2b\n|-damage|p2a: Rillaboom|35/100\n|-damage|p2b: Tornadus|46/100\n|move|p2b: Tornadus|Bleakwind Storm|p1b: Terapagos|[spread] p1a,p1b\n|-supereffective|p1a: Whimsicott\n|-damage|p1a: Whimsicott|0 fnt\n|-damage|p1b: Terapagos|10/100\n|faint|p1a: Whimsicott\n|move|p2a: Rillaboom|Wood Hammer|p1b: Terapagos\n|-damage|p1b: Terapagos|0 fnt\n|faint|p1b: Terapagos\n|detailschange|p1: Terapagos|Terapagos, L50, M|[silent]\n|-damage|p2a: Rillaboom|31/100|[from] Recoil\n|\n|upkeep\n|\n|t:|1775102842\n|switch|p1b: Miraidon|Miraidon, L50|7/100\n|-fieldstart|move: Electric Terrain|[from] ability: Hadron Engine|[of] p1b: Miraidon\n|turn|8\n|\n|t:|1775102849\n|-terastallize|p2b: Tornadus|Dragon\n|move|p1b: Miraidon|Overheat|p2a: Rillaboom\n|-supereffective|p2a: Rillaboom\n|-damage|p2a: Rillaboom|0 fnt\n|-unboost|p1b: Miraidon|spa|2\n|faint|p2a: Rillaboom\n|move|p2b: Tornadus|Bleakwind Storm|p1b: Miraidon\n|-resisted|p1b: Miraidon\n|-damage|p1b: Miraidon|0 fnt\n|faint|p1b: Miraidon\n|\n|win|Vectorpd\n|raw|Erifuuuu's rating: 1331 &rarr; <strong>1318</strong><br />(-13 for losing)\n|raw|Vectorpd's rating: 1467 &rarr; <strong>1480</strong><br />(+13 for winning)\n|l|\u2606Vectorpd\n|player|p2|\n|l|\u2606Erifuuuu\n|player|p1|\n","uploadtime":1775103103,"views":15,"formatid":"gen9vgc2026regi","rating":1318,"private":0,"password":null}