{"id":"gen9vgc2026regi-2523251753","format":"[Gen 9] VGC 2026 Reg I","players":["echinacea0109","zonavideovigilada"],"log":"|j|\u2606echinacea0109\n|j|\u2606zonavideovigilada\n|t:|1769008126\n|gametype|doubles\n|player|p1|echinacea0109|dawn-gen4pt|1412\n|player|p2|zonavideovigilada|265|1424\n|gen|9\n|tier|[Gen 9] VGC 2026 Reg I\n|rated|\n|rule|Species Clause: Limit one of each Pok\u00e9mon\n|rule|Item Clause: Limit 1 of each item\n|clearpoke\n|poke|p1|Ting-Lu, L50|\n|poke|p1|Calyrex-Ice, L50|\n|poke|p1|Sneasler, L50, M|\n|poke|p1|Miraidon, L50|\n|poke|p1|Incineroar, L50, M|\n|poke|p1|Ogerpon-Wellspring, L50, F|\n|poke|p2|Chien-Pao, L50|\n|poke|p2|Calyrex-Shadow, L50|\n|poke|p2|Zamazenta-*, L50|\n|poke|p2|Amoonguss, L50, F|\n|poke|p2|Chi-Yu, L50|\n|poke|p2|Rillaboom, L50, F|\n|teampreview|4\n|inactive|Battle timer is ON: inactive players will automatically lose when time's up. (requested by echinacea0109)\n|\n|t:|1769008152\n|teamsize|p1|4\n|teamsize|p2|4\n|start\n|switch|p1a: Sneasler|Sneasler, L50, M|100/100\n|switch|p1b: Miraidon|Miraidon, L50|100/100\n|switch|p2a: Calyrex|Calyrex-Shadow, L50|100/100\n|switch|p2b: Zamazenta|Zamazenta-Crowned, L50|100/100\n|-ability|p2a: Calyrex|As One\n|-ability|p2a: Calyrex|Unnerve\n|-fieldstart|move: Electric Terrain|[from] ability: Hadron Engine|[of] p1b: Miraidon\n|-enditem|p1a: Sneasler|Electric Seed\n|-boost|p1a: Sneasler|def|1|[from] item: Electric Seed\n|-ability|p2b: Zamazenta|Dauntless Shield|boost\n|-boost|p2b: Zamazenta|def|1\n|turn|1\n|\n|t:|1769008170\n|switch|p2a: Rillaboom|Rillaboom, L50, F|100/100\n|-fieldstart|move: Grassy Terrain|[from] ability: Grassy Surge|[of] p2a: Rillaboom\n|move|p1b: Miraidon|Volt Switch|p2a: Rillaboom\n|-resisted|p2a: Rillaboom\n|-damage|p2a: Rillaboom|82/100\n|\n|t:|1769008176\n|switch|p1b: Calyrex|Calyrex-Ice, L50|100/100|[from] Volt Switch\n|-ability|p1b: Calyrex|As One\n|-ability|p1b: Calyrex|Unnerve\n|move|p1a: Sneasler|Throat Chop|p2a: Rillaboom\n|-damage|p2a: Rillaboom|61/100\n|-start|p2a: Rillaboom|Throat Chop|[silent]\n|move|p2b: Zamazenta|Body Press|p1b: Calyrex\n|-damage|p1b: Calyrex|66/100\n|\n|-heal|p2a: Rillaboom|67/100|[from] Grassy Terrain\n|-heal|p1b: Calyrex|72/100|[from] Grassy Terrain\n|-heal|p1b: Calyrex|77/100|[from] item: Leftovers\n|upkeep\n|turn|2\n|\n|t:|1769008197\n|switch|p2a: Amoonguss|Amoonguss, L50, F|100/100\n|move|p2b: Zamazenta|Wide Guard|p2b: Zamazenta\n|-singleturn|p2b: Zamazenta|Wide Guard\n|move|p1a: Sneasler|Coaching|p1b: Calyrex\n|-boost|p1b: Calyrex|atk|1\n|-boost|p1b: Calyrex|def|1\n|move|p1b: Calyrex|Leech Seed|p2b: Zamazenta\n|-start|p2b: Zamazenta|move: Leech Seed\n|\n|-heal|p1b: Calyrex|83/100|[from] Grassy Terrain\n|-heal|p1b: Calyrex|89/100|[from] item: Leftovers\n|-damage|p2b: Zamazenta|88/100|[from] Leech Seed|[of] p1b: Calyrex\n|-heal|p1b: Calyrex|100/100|[silent]\n|upkeep\n|turn|3\n|\n|t:|1769008216\n|-terastallize|p2a: Amoonguss|Water\n|move|p1a: Sneasler|Toxic Spikes|p2b: Zamazenta\n|-sidestart|p2: zonavideovigilada|move: Toxic Spikes\n|move|p2b: Zamazenta|Body Press|p1b: Calyrex\n|-damage|p1b: Calyrex|76/100\n|move|p1b: Calyrex|Glacial Lance|p2a: Amoonguss|[spread] p2a,p2b\n|-resisted|p2a: Amoonguss\n|-resisted|p2b: Zamazenta\n|-damage|p2a: Amoonguss|72/100\n|-damage|p2b: Zamazenta|74/100\n|move|p2a: Amoonguss|Spore|p1a: Sneasler\n|-status|p1a: Sneasler|slp|[from] move: Spore\n|\n|-heal|p2b: Zamazenta|80/100|[from] Grassy Terrain\n|-heal|p1b: Calyrex|82/100|[from] Grassy Terrain\n|-heal|p1b: Calyrex|87/100|[from] item: Leftovers\n|-heal|p2a: Amoonguss|78/100|[from] Grassy Terrain\n|-damage|p2b: Zamazenta|68/100|[from] Leech Seed|[of] p1b: Calyrex\n|-heal|p1b: Calyrex|99/100|[silent]\n|upkeep\n|turn|4\n|\n|t:|1769008238\n|switch|p1a: Miraidon|Miraidon, L50|100/100\n|-fieldstart|move: Electric Terrain|[from] ability: Hadron Engine|[of] p1a: Miraidon\n|switch|p2b: Rillaboom|Rillaboom, L50, F|67/100\n|-status|p2b: Rillaboom|psn\n|-fieldstart|move: Grassy Terrain|[from] ability: Grassy Surge|[of] p2b: Rillaboom\n|move|p1b: Calyrex|Glacial Lance|p2a: Amoonguss|[spread] p2a,p2b\n|-resisted|p2a: Amoonguss\n|-supereffective|p2b: Rillaboom\n|-damage|p2a: Amoonguss|53/100\n|-damage|p2b: Rillaboom|0 fnt\n|faint|p2b: Rillaboom\n|-ability|p1b: Calyrex|Chilling Neigh|boost\n|-boost|p1b: Calyrex|atk|1\n|move|p2a: Amoonguss|Spore|p1b: Calyrex\n|-status|p1b: Calyrex|slp|[from] move: Spore\n|\n|-heal|p1b: Calyrex|100/100 slp|[from] Grassy Terrain\n|-heal|p2a: Amoonguss|59/100|[from] Grassy Terrain\n|upkeep\n|\n|t:|1769008256\n|switch|p2b: Calyrex|Calyrex-Shadow, L50|100/100\n|-ability|p2b: Calyrex|As One\n|-ability|p2b: Calyrex|Unnerve\n|-status|p2b: Calyrex|psn\n|turn|5\n|inactive|zonavideovigilada has 30 seconds left.\n|\n|t:|1769008287\n|move|p2a: Amoonguss|Protect|p2a: Amoonguss\n|-singleturn|p2a: Amoonguss|Protect\n|move|p1a: Miraidon|Volt Switch|p2a: Amoonguss\n|-activate|p2a: Amoonguss|move: Protect\n|move|p2b: Calyrex|Astral Barrage|p1a: Miraidon|[spread] p1a,p1b\n|-supereffective|p1b: Calyrex\n|-damage|p1a: Miraidon|56/100\n|-damage|p1b: Calyrex|33/100 slp\n|cant|p1b: Calyrex|slp\n|\n|-heal|p1a: Miraidon|62/100|[from] Grassy Terrain\n|-heal|p1b: Calyrex|39/100 slp|[from] Grassy Terrain\n|-heal|p1b: Calyrex|44/100 slp|[from] item: Leftovers\n|-heal|p2a: Amoonguss|65/100|[from] Grassy Terrain\n|-damage|p2b: Calyrex|88/100 psn|[from] psn\n|upkeep\n|turn|6\n|\n|t:|1769008301\n|switch|p2a: Zamazenta|Zamazenta-Crowned, L50|68/100\n|cant|p1b: Calyrex|slp\n|move|p1a: Miraidon|Volt Switch|p2a: Zamazenta\n|-damage|p2a: Zamazenta|40/100\n|\n|t:|1769008303\n|switch|p1a: Incineroar|Incineroar, L50, M|100/100|[from] Volt Switch\n|-ability|p1a: Incineroar|Intimidate|boost\n|-unboost|p2a: Zamazenta|atk|1\n|-unboost|p2b: Calyrex|atk|1\n|move|p2b: Calyrex|Astral Barrage|p1b: Calyrex|[spread] p1a,p1b\n|-resisted|p1a: Incineroar\n|-supereffective|p1b: Calyrex\n|-damage|p1a: Incineroar|77/100\n|-damage|p1b: Calyrex|0 fnt\n|faint|p1b: Calyrex\n|-ability|p2b: Calyrex|Grim Neigh|boost\n|-boost|p2b: Calyrex|spa|1\n|\n|-heal|p2b: Calyrex|94/100 psn|[from] Grassy Terrain\n|-heal|p2a: Zamazenta|46/100|[from] Grassy Terrain\n|-heal|p1a: Incineroar|83/100|[from] Grassy Terrain\n|-damage|p2b: Calyrex|82/100 psn|[from] psn\n|upkeep\n|\n|t:|1769008306\n|switch|p1b: Miraidon|Miraidon, L50|62/100\n|-fieldstart|move: Electric Terrain|[from] ability: Hadron Engine|[of] p1b: Miraidon\n|turn|7\n|\n|t:|1769008326\n|move|p2b: Calyrex|Protect|p2b: Calyrex\n|-singleturn|p2b: Calyrex|Protect\n|move|p1a: Incineroar|Fake Out|p2a: Zamazenta\n|-resisted|p2a: Zamazenta\n|-damage|p2a: Zamazenta|43/100\n|move|p1b: Miraidon|Electro Drift|p2b: Calyrex\n|-activate|p2b: Calyrex|move: Protect\n|cant|p2a: Zamazenta|flinch\n|\n|-damage|p2b: Calyrex|69/100 psn|[from] psn\n|upkeep\n|turn|8\n|-message|zonavideovigilada forfeited.\n|\n|win|echinacea0109\n|raw|echinacea0109's rating: 1412 &rarr; <strong>1433</strong><br />(+21 for winning)\n|raw|zonavideovigilada's rating: 1424 &rarr; <strong>1403</strong><br />(-21 for losing)\n|l|\u2606zonavideovigilada\n|player|p2|\n|l|\u2606echinacea0109\n|player|p1|\n","uploadtime":1769008497,"views":15,"formatid":"gen9vgc2026regi","rating":1403,"private":0,"password":null}