{"id":"gen9vgc2026regi-2520548628","format":"[Gen 9] VGC 2026 Reg I","players":["daviduv","marcxhenry"],"log":"|j|\u2606daviduv\n|j|\u2606marcxhenry\n|t:|1768652566\n|gametype|doubles\n|player|p1|daviduv|blackbelt|1352\n|player|p2|marcxhenry|hilbert-wonderlauncher|1452\n|gen|9\n|tier|[Gen 9] VGC 2026 Reg I\n|rated|\n|rule|Species Clause: Limit one of each Pok\u00e9mon\n|rule|Item Clause: Limit 1 of each item\n|clearpoke\n|poke|p1|Koraidon, L50|\n|poke|p1|Lunala, L50|\n|poke|p1|Chi-Yu, L50|\n|poke|p1|Flutter Mane, L50|\n|poke|p1|Brute Bonnet, L50|\n|poke|p1|Indeedee-F, L50, F|\n|poke|p2|Calyrex-Shadow, L50|\n|poke|p2|Urshifu-*, L50, M|\n|poke|p2|Roaring Moon, L50|\n|poke|p2|Kyogre, L50|\n|poke|p2|Tsareena, L50, F|\n|poke|p2|Kingambit, L50, M|\n|teampreview|4\n|c|\u2606daviduv|glhf\n|c|\u2606marcxhenry|you too mate\n|c|\u2606daviduv|nice kingambit\n|c|\u2606daviduv|tsareena\n|\n|t:|1768652608\n|teamsize|p1|4\n|teamsize|p2|4\n|start\n|switch|p1a: Brute Bonnet|Brute Bonnet, L50, shiny|100/100\n|switch|p1b: Lunala|Lunala, L50|100/100\n|switch|p2a: Ludwig|Calyrex-Shadow, L50|100/100\n|switch|p2b: Tripitz|Kyogre, L50, shiny|100/100\n|-ability|p2a: Ludwig|As One\n|-ability|p2a: Ludwig|Unnerve\n|-weather|RainDance|[from] ability: Drizzle|[of] p2b: Tripitz\n|turn|1\n|\n|t:|1768652644\n|switch|p2b: Eva|Tsareena, L50, F, shiny|100/100\n|-terastallize|p1b: Lunala|Water\n|move|p2a: Ludwig|Protect|p2a: Ludwig\n|-singleturn|p2a: Ludwig|Protect\n|move|p1a: Brute Bonnet|Spore|p2a: Ludwig\n|-activate|p2a: Ludwig|move: Protect\n|move|p1b: Lunala|Trick Room|p1b: Lunala\n|-fieldstart|move: Trick Room|[of] p1b: Lunala\n|\n|-weather|RainDance|[upkeep]\n|upkeep\n|turn|2\n|\n|t:|1768652669\n|-terastallize|p2a: Ludwig|Normal\n|move|p1a: Brute Bonnet|Spore|p2a: Ludwig\n|-status|p2a: Ludwig|slp|[from] move: Spore\n|move|p2b: Eva|Power Whip|p1b: Lunala\n|-supereffective|p1b: Lunala\n|-damage|p1b: Lunala|43/100\n|move|p1b: Lunala|Meteor Beam||[still]\n|-prepare|p1b: Lunala|Meteor Beam\n|-boost|p1b: Lunala|spa|1\n|-enditem|p1b: Lunala|Power Herb\n|-anim|p1b: Lunala|Meteor Beam|p2b: Eva\n|-damage|p2b: Eva|19/100\n|cant|p2a: Ludwig|slp\n|\n|-weather|RainDance|[upkeep]\n|upkeep\n|turn|3\n|c|\u2606daviduv|does a ton\n|\n|t:|1768652689\n|move|p2b: Eva|Protect|p2b: Eva\n|-singleturn|p2b: Eva|Protect\n|move|p1a: Brute Bonnet|Seed Bomb|p2b: Eva\n|-activate|p2b: Eva|move: Protect\n|move|p1b: Lunala|Expanding Force|p2a: Ludwig\n|-damage|p2a: Ludwig|36/100 slp\n|-curestatus|p2a: Ludwig|slp|[msg]\n|move|p2a: Ludwig|Trick Room|p2a: Ludwig\n|-fieldend|move: Trick Room\n|\n|-weather|RainDance|[upkeep]\n|upkeep\n|turn|4\n|c|\u2606daviduv|tr?\n|c|\u2606marcxhenry|yeah\n|\n|t:|1768652713\n|move|p1a: Brute Bonnet|Sucker Punch||[still]\n|cant|p2b: Eva|ability: Queenly Majesty|Sucker Punch|[of] p1a: Brute Bonnet\n|move|p2a: Ludwig|Psychic|p1b: Lunala\n|-damage|p1b: Lunala|1/100\n|-unboost|p1b: Lunala|spd|1\n|move|p1b: Lunala|Moongeist Beam|p2b: Eva\n|-damage|p2b: Eva|0 fnt\n|faint|p2b: Eva\n|\n|-weather|RainDance|[upkeep]\n|upkeep\n|c|\u2606daviduv|weird\n|c|\u2606daviduv|i forgot\n|c|\u2606daviduv|and lived on 1%\n|\n|t:|1768652728\n|switch|p2b: Tripitz|Kyogre, L50, shiny|100/100\n|turn|5\n|\n|t:|1768652748\n|switch|p2a: Hermann|Kingambit, L50, M, shiny|100/100\n|move|p1a: Brute Bonnet|Sucker Punch||[still]\n|-fail|p1a: Brute Bonnet\n|move|p1b: Lunala|Moongeist Beam|p2b: Tripitz\n|-damage|p2b: Tripitz|37/100\n|move|p2b: Tripitz|Origin Pulse|p1a: Brute Bonnet|[spread] p1b\n|-miss|p2b: Tripitz|p1a: Brute Bonnet\n|-resisted|p1b: Lunala\n|-damage|p1b: Lunala|0 fnt\n|faint|p1b: Lunala\n|\n|-weather|none\n|upkeep\n|c|\u2606daviduv|cringegambit\n|\n|t:|1768652763\n|switch|p1b: Koraidon|Koraidon, L50|100/100\n|-weather|SunnyDay|[from] ability: Orichalcum Pulse|[of] p1b: Koraidon\n|-activate|p1a: Brute Bonnet|ability: Protosynthesis\n|-start|p1a: Brute Bonnet|protosynthesisdef\n|-activate|p1b: Koraidon|Orichalcum Pulse|[source]\n|turn|6\n|\n|t:|1768652776\n|switch|p2a: Ludwig|Calyrex-Shadow, L50, tera:Normal|36/100\n|-ability|p2a: Ludwig|As One\n|-ability|p2a: Ludwig|Unnerve\n|move|p1b: Koraidon|Flame Charge|p2a: Ludwig\n|-damage|p2a: Ludwig|0 fnt\n|-boost|p1b: Koraidon|spe|1\n|faint|p2a: Ludwig\n|-damage|p1b: Koraidon|91/100|[from] item: Life Orb\n|move|p2b: Tripitz|Origin Pulse|p1a: Brute Bonnet|[spread] p1a,p1b\n|-resisted|p1a: Brute Bonnet\n|-resisted|p1b: Koraidon\n|-damage|p1a: Brute Bonnet|88/100\n|-damage|p1b: Koraidon|75/100\n|move|p1a: Brute Bonnet|Seed Bomb|p2b: Tripitz\n|-supereffective|p2b: Tripitz\n|-damage|p2b: Tripitz|0 fnt\n|faint|p2b: Tripitz\n|\n|-weather|SunnyDay|[upkeep]\n|upkeep\n|c|\u2606daviduv|gg\n|-message|marcxhenry forfeited.\n|\n|win|daviduv\n|raw|daviduv's rating: 1352 &rarr; <strong>1378</strong><br />(+26 for winning)\n|raw|marcxhenry's rating: 1452 &rarr; <strong>1426</strong><br />(-26 for losing)\n|l|\u2606marcxhenry\n|player|p2|\n|c|\u2606daviduv|what moves are your kyogre running?\n|l|\u2606daviduv\n|player|p1|\n","uploadtime":1768653033,"views":19,"formatid":"gen9vgc2026regi","rating":1378,"private":0,"password":null}