{"id":"gen9vgc2026regi-2549480153","format":"[Gen 9] VGC 2026 Reg I","players":["inakunana","benniOVYalt"],"log":"|j|\u2606inakunana\n|j|\u2606benniOVYalt\n|t:|1772374054\n|gametype|doubles\n|player|p1|inakunana|erika|\n|player|p2|benniOVYalt|psychic-gen4|\n|gen|9\n|tier|[Gen 9] VGC 2026 Reg I\n|rated|Tournament battle\n|rule|Species Clause: Limit one of each Pok\u00e9mon\n|rule|Item Clause: Limit 1 of each item\n|raw|<div class=\"infobox\"><details class=\"readmore\" open><summary><strong>1 custom rule:</strong></summary> force open team sheets</details></div>\n|clearpoke\n|poke|p1|Calyrex-Ice, L50|\n|poke|p1|Scraggy, L50, M|\n|poke|p1|Miraidon, L50|\n|poke|p1|Farigiraf, L50, M|\n|poke|p1|Iron Treads, L50|\n|poke|p1|Iron Hands, L50|\n|poke|p2|Zamazenta-*, L50|\n|poke|p2|Calyrex-Shadow, L50|\n|poke|p2|Incineroar, L50, F|\n|poke|p2|Rillaboom, L50, M|\n|poke|p2|Urshifu-*, L50, M|\n|poke|p2|Tornadus, L50, M|\n|teampreview|4\n|showteam|p1|Calyrex-Ice||ClearAmulet|AsOneGlastrier|GlacialLance,HighHorsepower,TrickRoom,Protect||||||50|,,,,,Fire]Scraggy||Eviolite|Intimidate|FoulPlay,Endeavor,Coaching,FakeOut|||M|||50|,,,,,Poison]Miraidon||ChoiceSpecs|HadronEngine|VoltSwitch,DazzlingGleam,ElectroDrift,DracoMeteor||||||50|,,,,,Fairy]Farigiraf||ElectricSeed|ArmorTail|Psychic,HelpingHand,TrickRoom,FoulPlay|||M|||50|,,,,,Water]Iron Treads||LifeOrb|QuarkDrive|HighHorsepower,IronHead,KnockOff,Protect||||||50|,,,,,Ground]Iron Hands||AssaultVest|QuarkDrive|LowKick,FakeOut,DrainPunch,WildCharge||||||50|,,,,,Water\n|showteam|p2|Zamazenta-Crowned||RustedShield|DauntlessShield|BodyPress,HeavySlam,WideGuard,Protect||||||50|,,,,,Dragon]Calyrex-Shadow||FocusSash|AsOneSpectrier|AstralBarrage,Psychic,NastyPlot,Protect||||||50|,,,,,Ghost]Incineroar||RockyHelmet|Intimidate|KnockOff,PartingShot,WillOWisp,FakeOut|||F|||50|,,,,,Bug]Rillaboom||AssaultVest|GrassySurge|WoodHammer,GrassyGlide,Uturn,FakeOut|||M|||50|,,,,,Fire]Urshifu-Rapid-Strike||MysticWater|UnseenFist|SurgingStrikes,CloseCombat,Detect,AquaJet|||M|||50|,,,,,Water]Tornadus||CovertCloak|Prankster|BleakwindStorm,Tailwind,RainDance,Taunt|||M|||50|,,,,,Dark\n|inactive|Battle timer is ON: inactive players will automatically lose when time's up. (requested by inakunana)\n|c|\u2606benniOVYalt|glhf\n|inactive|inakunana has 60 seconds left.\n|inactive|inakunana has 30 seconds left.\n|\n|t:|1772374115\n|teamsize|p1|4\n|teamsize|p2|4\n|start\n|switch|p1a: Miraidon|Miraidon, L50|100/100\n|switch|p1b: Iron Treads|Iron Treads, L50|100/100\n|switch|p2a: Zamazenta|Zamazenta-Crowned, L50|100/100\n|switch|p2b: Incineroar|Incineroar, L50, F|100/100\n|-fieldstart|move: Electric Terrain|[from] ability: Hadron Engine|[of] p1a: Miraidon\n|-activate|p1b: Iron Treads|ability: Quark Drive\n|-start|p1b: Iron Treads|quarkdrivespe\n|-ability|p2a: Zamazenta|Dauntless Shield|boost\n|-boost|p2a: Zamazenta|def|1\n|-ability|p2b: Incineroar|Intimidate|boost\n|-unboost|p1a: Miraidon|atk|1\n|-unboost|p1b: Iron Treads|atk|1\n|turn|1\n|\n|t:|1772374133\n|-end|p1b: Iron Treads|Quark Drive|[silent]\n|switch|p1b: Farigiraf|Farigiraf, L50, M|100/100\n|-enditem|p1b: Farigiraf|Electric Seed\n|-boost|p1b: Farigiraf|def|1|[from] item: Electric Seed\n|switch|p2b: Rillaboom|Rillaboom, L50, M|100/100\n|-fieldstart|move: Grassy Terrain|[from] ability: Grassy Surge|[of] p2b: Rillaboom\n|move|p1a: Miraidon|Electro Drift|p2a: Zamazenta\n|-damage|p2a: Zamazenta|42/100\n|move|p2a: Zamazenta|Body Press|p1b: Farigiraf\n|-damage|p1b: Farigiraf|64/100\n|\n|-heal|p2a: Zamazenta|47/100|[from] Grassy Terrain\n|-heal|p1b: Farigiraf|70/100|[from] Grassy Terrain\n|upkeep\n|turn|2\n|inactive|inakunana has 30 seconds left.\n|\n|t:|1772374160\n|-terastallize|p2a: Zamazenta|Dragon\n|move|p1a: Miraidon|Electro Drift|p2a: Zamazenta\n|-resisted|p2a: Zamazenta\n|-damage|p2a: Zamazenta|15/100\n|move|p2a: Zamazenta|Body Press|p1b: Farigiraf\n|-damage|p1b: Farigiraf|31/100\n|move|p2b: Rillaboom|U-turn|p1b: Farigiraf\n|-supereffective|p1b: Farigiraf\n|-damage|p1b: Farigiraf|7/100\n|c|\u2606benniOVYalt|ffs\n|\n|t:|1772374176\n|switch|p2b: Calyrex|Calyrex-Shadow, L50|100/100|[from] U-turn\n|-ability|p2b: Calyrex|As One\n|-ability|p2b: Calyrex|Unnerve\n|move|p1b: Farigiraf|Foul Play|p2b: Calyrex\n|-supereffective|p2b: Calyrex\n|-damage|p2b: Calyrex|25/100\n|\n|-heal|p2b: Calyrex|32/100|[from] Grassy Terrain\n|-heal|p2a: Zamazenta|21/100|[from] Grassy Terrain\n|-heal|p1b: Farigiraf|13/100|[from] Grassy Terrain\n|upkeep\n|turn|3\n|c|\u2606inakunana|huh\n|j| TheNewBrends11@!\n|c|\u2606benniOVYalt|no the beraly survival\n|\n|t:|1772374190\n|switch|p1a: Iron Hands|Iron Hands, L50|100/100\n|move|p2b: Calyrex|Protect|p2b: Calyrex\n|-singleturn|p2b: Calyrex|Protect\n|move|p2a: Zamazenta|Protect|p2a: Zamazenta\n|-singleturn|p2a: Zamazenta|Protect\n|move|p1b: Farigiraf|Foul Play|p2b: Calyrex\n|-activate|p2b: Calyrex|move: Protect\n|\n|-heal|p2b: Calyrex|38/100|[from] Grassy Terrain\n|-heal|p2a: Zamazenta|27/100|[from] Grassy Terrain\n|-heal|p1b: Farigiraf|19/100|[from] Grassy Terrain\n|upkeep\n|turn|4\n|\n|t:|1772374207\n|switch|p2a: Incineroar|Incineroar, L50, F|100/100\n|-ability|p2a: Incineroar|Intimidate|boost\n|-unboost|p1a: Iron Hands|atk|1\n|-unboost|p1b: Farigiraf|atk|1\n|move|p1a: Iron Hands|Fake Out|p2a: Incineroar\n|-damage|p2a: Incineroar|93/100\n|-damage|p1a: Iron Hands|84/100|[from] item: Rocky Helmet|[of] p2a: Incineroar\n|move|p2b: Calyrex|Psychic|p1b: Farigiraf\n|-resisted|p1b: Farigiraf\n|-damage|p1b: Farigiraf|0 fnt\n|faint|p1b: Farigiraf\n|-ability|p2b: Calyrex|Grim Neigh|boost\n|-boost|p2b: Calyrex|spa|1\n|\n|-heal|p2b: Calyrex|44/100|[from] Grassy Terrain\n|-heal|p2a: Incineroar|99/100|[from] Grassy Terrain\n|-heal|p1a: Iron Hands|90/100|[from] Grassy Terrain\n|upkeep\n|j| hauntdyos\n|l| hauntdyos\n|\n|t:|1772374221\n|switch|p1b: Iron Treads|Iron Treads, L50|100/100\n|turn|5\n|j| knoxxzeta\n|\n|t:|1772374236\n|move|p1b: Iron Treads|Protect|p1b: Iron Treads\n|-singleturn|p1b: Iron Treads|Protect\n|move|p2a: Incineroar|Fake Out|p1b: Iron Treads\n|-activate|p1b: Iron Treads|move: Protect\n|move|p2b: Calyrex|Psychic|p1a: Iron Hands\n|-supereffective|p1a: Iron Hands\n|-damage|p1a: Iron Hands|9/100\n|move|p1a: Iron Hands|Wild Charge|p2b: Calyrex\n|-damage|p2b: Calyrex|2/100\n|-damage|p1a: Iron Hands|1/100|[from] Recoil\n|\n|-heal|p2b: Calyrex|8/100|[from] Grassy Terrain\n|-heal|p2a: Incineroar|100/100|[from] Grassy Terrain\n|-heal|p1a: Iron Hands|7/100|[from] Grassy Terrain\n|-fieldend|move: Grassy Terrain\n|upkeep\n|turn|6\n|\n|t:|1772374258\n|-end|p1a: Iron Hands|Quark Drive|[silent]\n|switch|p1a: Miraidon|Miraidon, L50|100/100\n|-fieldstart|move: Electric Terrain|[from] ability: Hadron Engine|[of] p1a: Miraidon\n|-activate|p1b: Iron Treads|ability: Quark Drive\n|-start|p1b: Iron Treads|quarkdrivespe\n|move|p2b: Calyrex|Protect|p2b: Calyrex\n|-singleturn|p2b: Calyrex|Protect\n|move|p1b: Iron Treads|High Horsepower|p2a: Incineroar\n|-supereffective|p2a: Incineroar\n|-damage|p2a: Incineroar|10/100\n|-damage|p1b: Iron Treads|84/100|[from] item: Rocky Helmet|[of] p2a: Incineroar\n|-damage|p1b: Iron Treads|75/100|[from] item: Life Orb\n|move|p2a: Incineroar|Parting Shot|p1b: Iron Treads\n|-unboost|p1b: Iron Treads|atk|1\n|-unboost|p1b: Iron Treads|spa|1\n|\n|t:|1772374262\n|switch|p2a: Rillaboom|Rillaboom, L50, M|100/100|[from] Parting Shot\n|-fieldstart|move: Grassy Terrain|[from] ability: Grassy Surge|[of] p2a: Rillaboom\n|-end|p1b: Iron Treads|Quark Drive\n|\n|-heal|p2b: Calyrex|14/100|[from] Grassy Terrain\n|-heal|p1b: Iron Treads|81/100|[from] Grassy Terrain\n|upkeep\n|turn|7\n|\n|t:|1772374266\n|switch|p1a: Iron Hands|Iron Hands, L50|7/100\n|move|p1b: Iron Treads|Protect|p1b: Iron Treads\n|-singleturn|p1b: Iron Treads|Protect\n|move|p2a: Rillaboom|Fake Out|p1a: Iron Hands\n|-damage|p1a: Iron Hands|0 fnt\n|faint|p1a: Iron Hands\n|-end|p1a: Iron Hands|Quark Drive|[silent]\n|move|p2b: Calyrex|Astral Barrage|p1b: Iron Treads\n|-activate|p1b: Iron Treads|move: Protect\n|\n|-heal|p2b: Calyrex|20/100|[from] Grassy Terrain\n|-heal|p1b: Iron Treads|87/100|[from] Grassy Terrain\n|upkeep\n|\n|t:|1772374268\n|switch|p1a: Miraidon|Miraidon, L50|100/100\n|-fieldstart|move: Electric Terrain|[from] ability: Hadron Engine|[of] p1a: Miraidon\n|-activate|p1b: Iron Treads|ability: Quark Drive\n|-start|p1b: Iron Treads|quarkdrivespe\n|turn|8\n|\n|t:|1772374288\n|switch|p2a: Incineroar|Incineroar, L50, F|10/100\n|-ability|p2a: Incineroar|Intimidate|boost\n|-unboost|p1a: Miraidon|atk|1\n|-unboost|p1b: Iron Treads|atk|1\n|-terastallize|p1a: Miraidon|Fairy\n|move|p2b: Calyrex|Protect|p2b: Calyrex\n|-singleturn|p2b: Calyrex|Protect\n|move|p1b: Iron Treads|High Horsepower|p2a: Incineroar\n|-supereffective|p2a: Incineroar\n|-damage|p2a: Incineroar|0 fnt\n|-damage|p1b: Iron Treads|70/100|[from] item: Rocky Helmet|[of] p2a: Incineroar\n|faint|p2a: Incineroar\n|-damage|p1b: Iron Treads|61/100|[from] item: Life Orb\n|move|p1a: Miraidon|Dazzling Gleam|p2b: Calyrex\n|-activate|p2b: Calyrex|move: Protect\n|\n|upkeep\n|\n|t:|1772374302\n|switch|p2a: Rillaboom|Rillaboom, L50, M|100/100\n|-fieldstart|move: Grassy Terrain|[from] ability: Grassy Surge|[of] p2a: Rillaboom\n|-end|p1b: Iron Treads|Quark Drive\n|turn|9\n|\n|t:|1772374308\n|move|p2a: Rillaboom|Fake Out|p1a: Miraidon\n|-damage|p1a: Miraidon|89/100\n|move|p2b: Calyrex|Astral Barrage|p1a: Miraidon|[spread] p1a,p1b\n|-damage|p1a: Miraidon|21/100\n|-damage|p1b: Iron Treads|0 fnt\n|faint|p1b: Iron Treads\n|-end|p1b: Iron Treads|Quark Drive|[silent]\n|-ability|p2b: Calyrex|Grim Neigh|boost\n|-boost|p2b: Calyrex|spa|1\n|cant|p1a: Miraidon|flinch\n|\n|-heal|p2b: Calyrex|27/100|[from] Grassy Terrain\n|-heal|p1a: Miraidon|27/100|[from] Grassy Terrain\n|upkeep\n|turn|10\n|c|\u2606inakunana|ggs\n|\n|t:|1772374315\n|move|p2a: Rillaboom|Grassy Glide|p1a: Miraidon\n|-damage|p1a: Miraidon|0 fnt\n|faint|p1a: Miraidon\n|\n|win|benniOVYalt\n|n|\u2606inakunana|inakunana\n|n|\u2606benniOVYalt|benniovyalt\n|n| TheNewBrends11@!|thenewbrends11\n|n| knoxxzeta|knoxxzeta\n|c|\u2606benniOVYalt|ggs\n","uploadtime":1772374317,"views":12,"formatid":"gen9vgc2026regi","rating":null,"private":0,"password":null}