{"id":"gen9vgc2026regi-2576378770","format":"[Gen 9] VGC 2026 Reg I","players":["vestige666","avarussurava"],"log":"|j|\u2606vestige666\n|j|\u2606avarussurava\n|t:|1775465119\n|gametype|doubles\n|player|p1|vestige666|2|1388\n|player|p2|avarussurava|102|1375\n|gen|9\n|tier|[Gen 9] VGC 2026 Reg I\n|rated|\n|rule|Species Clause: Limit one of each Pok\u00e9mon\n|rule|Item Clause: Limit 1 of each item\n|clearpoke\n|poke|p1|Rayquaza, L50|\n|poke|p1|Calyrex-Shadow, L50|\n|poke|p1|Tornadus, L50, M|\n|poke|p1|Smeargle, L50, F|\n|poke|p1|Urshifu-*, L50, M|\n|poke|p1|Clefairy, L50, F|\n|poke|p2|Tyranitar, L50, F|\n|poke|p2|Kyogre, L50|\n|poke|p2|Zamazenta-*, L50|\n|poke|p2|Gastrodon, L50, F|\n|poke|p2|Sinistcha, L50|\n|poke|p2|Ceruledge, L50, F|\n|teampreview|4\n|\n|t:|1775465161\n|teamsize|p1|4\n|teamsize|p2|4\n|start\n|switch|p1a: Kanade|Rayquaza, L50|100/100\n|switch|p1b: Gigi|Smeargle, L50, F|100/100\n|switch|p2a: Zamazenta|Zamazenta-Crowned, L50|100/100\n|switch|p2b: Tyranitar|Tyranitar, L50, F|100/100\n|-ability|p2a: Zamazenta|Dauntless Shield|boost\n|-boost|p2a: Zamazenta|def|1\n|-ability|p1a: Kanade|Air Lock\n|-weather|Sandstorm|[from] ability: Sand Stream|[of] p2b: Tyranitar\n|turn|1\n|\n|t:|1775465183\n|move|p1a: Kanade|Protect|p1a: Kanade\n|-singleturn|p1a: Kanade|Protect\n|move|p2a: Zamazenta|Body Press|p1b: Gigi\n|-supereffective|p1b: Gigi\n|-enditem|p1b: Gigi|Focus Sash\n|-damage|p1b: Gigi|1/100\n|move|p1b: Gigi|Spore|p2a: Zamazenta\n|-status|p2a: Zamazenta|slp|[from] move: Spore\n|move|p2b: Tyranitar|Knock Off|p1b: Gigi\n|-damage|p1b: Gigi|0 fnt\n|faint|p1b: Gigi\n|\n|-weather|Sandstorm|[upkeep]\n|upkeep\n|\n|t:|1775465203\n|switch|p1b: Biboo|Clefairy, L50, F|100/100\n|turn|2\n|\n|t:|1775465213\n|-terastallize|p1a: Kanade|Normal\n|cant|p2a: Zamazenta|slp\n|move|p1a: Kanade|Swords Dance|p1a: Kanade\n|-boost|p1a: Kanade|atk|2\n|move|p2b: Tyranitar|Knock Off|p1a: Kanade\n|-damage|p1a: Kanade|64/100\n|-enditem|p1a: Kanade|Clear Amulet|[from] move: Knock Off|[of] p2b: Tyranitar\n|move|p1b: Biboo|Encore|p2b: Tyranitar\n|-start|p2b: Tyranitar|Encore\n|\n|-weather|Sandstorm|[upkeep]\n|upkeep\n|turn|3\n|\n|t:|1775465230\n|move|p1b: Biboo|Follow Me|p1b: Biboo\n|-singleturn|p1b: Biboo|move: Follow Me\n|cant|p2a: Zamazenta|slp\n|move|p1a: Kanade|Swords Dance|p1a: Kanade\n|-boost|p1a: Kanade|atk|2\n|move|p2b: Tyranitar|Knock Off|p1b: Biboo\n|-resisted|p1b: Biboo\n|-damage|p1b: Biboo|81/100\n|-enditem|p1b: Biboo|Eviolite|[from] move: Knock Off|[of] p2b: Tyranitar\n|\n|-weather|Sandstorm|[upkeep]\n|upkeep\n|turn|4\n|\n|t:|1775465243\n|move|p1b: Biboo|Follow Me|p1b: Biboo\n|-singleturn|p1b: Biboo|move: Follow Me\n|cant|p2a: Zamazenta|slp\n|move|p1a: Kanade|Dragon Ascent|p2a: Zamazenta\n|-damage|p2a: Zamazenta|5/100 slp\n|-unboost|p1a: Kanade|def|1\n|-unboost|p1a: Kanade|spd|1\n|move|p2b: Tyranitar|Knock Off|p1b: Biboo\n|-resisted|p1b: Biboo\n|-damage|p1b: Biboo|60/100\n|\n|-weather|Sandstorm|[upkeep]\n|upkeep\n|turn|5\n|\n|t:|1775465268\n|move|p1b: Biboo|Protect|p1b: Biboo\n|-singleturn|p1b: Biboo|Protect\n|move|p1a: Kanade|Extreme Speed|p2a: Zamazenta\n|-resisted|p2a: Zamazenta\n|-damage|p2a: Zamazenta|0 fnt\n|faint|p2a: Zamazenta\n|move|p2b: Tyranitar|Knock Off|p1a: Kanade\n|-damage|p1a: Kanade|24/100\n|\n|-weather|none\n|-end|p2b: Tyranitar|Encore\n|upkeep\n|\n|t:|1775465278\n|switch|p2a: Gastrodon|Gastrodon, L50, F|100/100\n|turn|6\n|\n|t:|1775465300\n|move|p1b: Biboo|Helping Hand|p1a: Kanade\n|-singleturn|p1a: Kanade|Helping Hand|[of] p1b: Biboo\n|move|p2a: Gastrodon|Protect|p2a: Gastrodon\n|-singleturn|p2a: Gastrodon|Protect\n|move|p1a: Kanade|Dragon Ascent|p2b: Tyranitar\n|-resisted|p2b: Tyranitar\n|-crit|p2b: Tyranitar\n|-damage|p2b: Tyranitar|0 fnt\n|-unboost|p1a: Kanade|def|1\n|-unboost|p1a: Kanade|spd|1\n|faint|p2b: Tyranitar\n|\n|upkeep\n|\n|t:|1775465310\n|switch|p2b: Sinistcha|Sinistcha, L50|100/100\n|turn|7\n|\n|t:|1775465322\n|-terastallize|p2b: Sinistcha|Normal\n|move|p1b: Biboo|Helping Hand|p1a: Kanade\n|-singleturn|p1a: Kanade|Helping Hand|[of] p1b: Biboo\n|move|p1a: Kanade|Dragon Ascent|p2a: Gastrodon\n|-damage|p2a: Gastrodon|0 fnt\n|-unboost|p1a: Kanade|def|1\n|-unboost|p1a: Kanade|spd|1\n|faint|p2a: Gastrodon\n|move|p2b: Sinistcha|Matcha Gotcha|p1b: Biboo|[spread] p1a,p1b\n|-damage|p1a: Kanade|0 fnt\n|-damage|p1b: Biboo|18/100\n|faint|p1a: Kanade\n|\n|upkeep\n|\n|t:|1775465335\n|switch|p1a: Nerissa|Calyrex-Shadow, L50|100/100\n|-ability|p1a: Nerissa|As One\n|-ability|p1a: Nerissa|Unnerve\n|turn|8\n|\n|t:|1775465345\n|move|p1b: Biboo|Protect|p1b: Biboo\n|-singleturn|p1b: Biboo|Protect\n|move|p1a: Nerissa|Psychic|p2b: Sinistcha\n|-damage|p2b: Sinistcha|6/100\n|-damage|p1a: Nerissa|91/100|[from] item: Life Orb\n|move|p2b: Sinistcha|Shadow Ball|p1a: Nerissa\n|-supereffective|p1a: Nerissa\n|-damage|p1a: Nerissa|0 fnt\n|-enditem|p2b: Sinistcha|Sitrus Berry|[eat]\n|-heal|p2b: Sinistcha|31/100|[from] item: Sitrus Berry\n|faint|p1a: Nerissa\n|\n|upkeep\n|turn|9\n|c|\u2606vestige666|GG\n|c|\u2606vestige666|HAHAHAHHA\n|c|\u2606vestige666|HAHAHA\n|-message|vestige666 forfeited.\n|\n|win|avarussurava\n|raw|vestige666's rating: 1388 &rarr; <strong>1367</strong><br />(-21 for losing)\n|raw|avarussurava's rating: 1375 &rarr; <strong>1396</strong><br />(+21 for winning)\n|c|\u2606avarussurava|gg\n|l|\u2606vestige666\n|player|p1|\n","uploadtime":1775465370,"views":14,"formatid":"gen9vgc2026regi","rating":1367,"private":0,"password":null}