{"id":"gen9vgc2026regi-2540005425","format":"[Gen 9] VGC 2026 Reg I","players":["DangAnhVuNguyenVGC","blackred123"],"log":"|j|\u2606DangAnhVuNguyenVGC\n|j|\u2606blackred123\n|t:|1771142928\n|gametype|doubles\n|player|p1|DangAnhVuNguyenVGC|n|1220\n|player|p2|blackred123|iono-masters|1363\n|gen|9\n|tier|[Gen 9] VGC 2026 Reg I\n|rated|\n|rule|Species Clause: Limit one of each Pok\u00e9mon\n|rule|Item Clause: Limit 1 of each item\n|clearpoke\n|poke|p1|Groudon, L50|\n|poke|p1|Calyrex-Shadow, L50|\n|poke|p1|Chi-Yu, L50|\n|poke|p1|Weezing-Galar, L50, M|\n|poke|p1|Dondozo, L50, M|\n|poke|p1|Tatsugiri, L50, M|\n|poke|p2|Zamazenta-*, L50|\n|poke|p2|Calyrex-Shadow, L50|\n|poke|p2|Rillaboom, L50, M|\n|poke|p2|Raging Bolt, L50|\n|poke|p2|Ogerpon-Cornerstone, L50, F|\n|poke|p2|Tornadus, L50, M|\n|teampreview|4\n|inactive|Battle timer is ON: inactive players will automatically lose when time's up. (requested by DangAnhVuNguyenVGC)\n|inactive|blackred123 also wants the timer to be on.\n|inactive|DangAnhVuNguyenVGC has 60 seconds left.\n|\n|t:|1771142988\n|teamsize|p1|4\n|teamsize|p2|4\n|start\n|switch|p1a: Weezing|Weezing-Galar, L50, M, shiny|100/100\n|switch|p1b: Calyrex|Calyrex-Shadow, L50|100/100\n|switch|p2a: \u5170\u534e|Zamazenta-Crowned, L50, shiny|100/100\n|switch|p2b: \u98df\u5802\u5904|Rillaboom, L50, M|100/100\n|-ability|p1a: Weezing|Neutralizing Gas\n|-ability|p1b: Calyrex|As One\n|-ability|p1b: Calyrex|Unnerve\n|turn|1\n|\n|t:|1771143008\n|move|p1a: Weezing|Protect|p1a: Weezing\n|-singleturn|p1a: Weezing|Protect\n|move|p1b: Calyrex|Nasty Plot|p1b: Calyrex\n|-boost|p1b: Calyrex|spa|2\n|move|p2a: \u5170\u534e|Heavy Slam|p1b: Calyrex\n|-damage|p1b: Calyrex|43/100\n|move|p2b: \u98df\u5802\u5904|Wood Hammer|p1b: Calyrex\n|-crit|p1b: Calyrex\n|-damage|p1b: Calyrex|0 fnt\n|faint|p1b: Calyrex\n|-damage|p2b: \u98df\u5802\u5904|88/100|[from] Recoil\n|\n|upkeep\n|\n|t:|1771143020\n|switch|p1b: Groudon|Groudon, L50, shiny|100/100\n|-weather|SunnyDay|[from] ability: Drought|[of] p1b: Groudon\n|turn|2\n|\n|t:|1771143028\n|-terastallize|p1b: Groudon|Fire\n|move|p1b: Groudon|Heat Crash|p2b: \u98df\u5802\u5904\n|-supereffective|p2b: \u98df\u5802\u5904\n|-damage|p2b: \u98df\u5802\u5904|0 fnt\n|faint|p2b: \u98df\u5802\u5904\n|move|p2a: \u5170\u534e|Body Press|p1b: Groudon\n|-damage|p1b: Groudon|63/100\n|move|p1a: Weezing|Toxic Spikes|p2a: \u5170\u534e\n|-sidestart|p2: blackred123|move: Toxic Spikes\n|\n|-weather|SunnyDay|[upkeep]\n|upkeep\n|\n|t:|1771143038\n|switch|p2b: \u8352\u672c\u5148\u751f-\u8001\u8d44\u5386|Raging Bolt, L50|100/100\n|-status|p2b: \u8352\u672c\u5148\u751f-\u8001\u8d44\u5386|psn\n|turn|3\n|\n|t:|1771143046\n|-terastallize|p2b: \u8352\u672c\u5148\u751f-\u8001\u8d44\u5386|Electric\n|move|p1b: Groudon|Protect|p1b: Groudon\n|-singleturn|p1b: Groudon|Protect\n|move|p2b: \u8352\u672c\u5148\u751f-\u8001\u8d44\u5386|Thunderclap||[still]\n|-fail|p2b: \u8352\u672c\u5148\u751f-\u8001\u8d44\u5386\n|move|p2a: \u5170\u534e|Heavy Slam|p1a: Weezing\n|-supereffective|p1a: Weezing\n|-damage|p1a: Weezing|12/100\n|move|p1a: Weezing|Will-O-Wisp|p2a: \u5170\u534e|[miss]\n|-miss|p1a: Weezing|p2a: \u5170\u534e\n|\n|-weather|SunnyDay|[upkeep]\n|-damage|p2b: \u8352\u672c\u5148\u751f-\u8001\u8d44\u5386|88/100 psn|[from] psn\n|upkeep\n|turn|4\n|\n|t:|1771143060\n|move|p1a: Weezing|Protect|p1a: Weezing\n|-singleturn|p1a: Weezing|Protect\n|move|p2b: \u8352\u672c\u5148\u751f-\u8001\u8d44\u5386|Thunderclap|p1b: Groudon\n|-damage|p1b: Groudon|0 fnt\n|faint|p1b: Groudon\n|-damage|p2b: \u8352\u672c\u5148\u751f-\u8001\u8d44\u5386|79/100 psn|[from] item: Life Orb\n|move|p2a: \u5170\u534e|Heavy Slam|p1a: Weezing\n|-activate|p1a: Weezing|move: Protect\n|\n|-weather|SunnyDay|[upkeep]\n|-damage|p2b: \u8352\u672c\u5148\u751f-\u8001\u8d44\u5386|67/100 psn|[from] psn\n|upkeep\n|\n|t:|1771143065\n|switch|p1b: Chi-Yu|Chi-Yu, L50, shiny|100/100\n|turn|5\n|\n|t:|1771143077\n|move|p1b: Chi-Yu|Overheat|p2a: \u5170\u534e\n|-supereffective|p2a: \u5170\u534e\n|-damage|p2a: \u5170\u534e|0 fnt\n|-unboost|p1b: Chi-Yu|spa|2\n|faint|p2a: \u5170\u534e\n|move|p2b: \u8352\u672c\u5148\u751f-\u8001\u8d44\u5386|Thunderbolt|p1b: Chi-Yu\n|-damage|p1b: Chi-Yu|0 fnt\n|faint|p1b: Chi-Yu\n|-damage|p2b: \u8352\u672c\u5148\u751f-\u8001\u8d44\u5386|57/100 psn|[from] item: Life Orb\n|move|p1a: Weezing|Strange Steam|p2b: \u8352\u672c\u5148\u751f-\u8001\u8d44\u5386|[miss]\n|-miss|p1a: Weezing|p2b: \u8352\u672c\u5148\u751f-\u8001\u8d44\u5386\n|\n|-weather|SunnyDay|[upkeep]\n|-damage|p2b: \u8352\u672c\u5148\u751f-\u8001\u8d44\u5386|45/100 psn|[from] psn\n|upkeep\n|\n|t:|1771143080\n|switch|p2a: \u6591\u9a6c\u662f\u9a74\uff01?|Calyrex-Shadow, L50|100/100\n|-ability|p2a: \u6591\u9a6c\u662f\u9a74\uff01?|As One\n|-ability|p2a: \u6591\u9a6c\u662f\u9a74\uff01?|Unnerve\n|-status|p2a: \u6591\u9a6c\u662f\u9a74\uff01?|psn\n|turn|6\n|\n|t:|1771143085\n|move|p2b: \u8352\u672c\u5148\u751f-\u8001\u8d44\u5386|Thunderclap|p1a: Weezing\n|-damage|p1a: Weezing|0 fnt\n|faint|p1a: Weezing\n|-end|p1a: Weezing|ability: Neutralizing Gas\n|-activate|p2b: \u8352\u672c\u5148\u751f-\u8001\u8d44\u5386|ability: Protosynthesis\n|-start|p2b: \u8352\u672c\u5148\u751f-\u8001\u8d44\u5386|protosynthesisspa\n|-damage|p2b: \u8352\u672c\u5148\u751f-\u8001\u8d44\u5386|35/100 psn|[from] item: Life Orb\n|\n|win|blackred123\n|raw|DangAnhVuNguyenVGC's rating: 1220 &rarr; <strong>1205</strong><br />(-15 for losing)\n|raw|blackred123's rating: 1363 &rarr; <strong>1375</strong><br />(+12 for winning)\n|l|\u2606DangAnhVuNguyenVGC\n|player|p1|\n|j| Yancy0721\u56fe\u56fe\u72ac\u4fa0\n|l| Yancy0721\u56fe\u56fe\u72ac\u4fa0\n","uploadtime":1771143398,"views":27,"formatid":"gen9vgc2026regi","rating":1205,"private":0,"password":null}