{"id":"gen9vgc2026regi-2568515691","format":"[Gen 9] VGC 2026 Reg I","players":["bullgod4ever","pigs2fly"],"log":"|j|\u2606bullgod4ever\n|j|\u2606pigs2fly\n|t:|1774588617\n|gametype|doubles\n|player|p1|bullgod4ever|170|1459\n|player|p2|pigs2fly|dexio|1587\n|gen|9\n|tier|[Gen 9] VGC 2026 Reg I\n|rated|\n|rule|Species Clause: Limit one of each Pok\u00e9mon\n|rule|Item Clause: Limit 1 of each item\n|clearpoke\n|poke|p1|Calyrex-Ice, L50|\n|poke|p1|Miraidon, L50|\n|poke|p1|Urshifu-*, L50, F|\n|poke|p1|Incineroar, L50, M|\n|poke|p1|Landorus, L50, M|\n|poke|p1|Whimsicott, L50, F|\n|poke|p2|Annihilape, L50, M|\n|poke|p2|Tornadus, L50, M|\n|poke|p2|Dondozo, L50, M|\n|poke|p2|Tatsugiri, L50, M|\n|poke|p2|Zacian-*, L50|\n|poke|p2|Kyogre, L50|\n|teampreview|4\n|\n|t:|1774588638\n|teamsize|p1|4\n|teamsize|p2|4\n|start\n|switch|p1a: Whimsicott|Whimsicott, L50, F|100/100\n|switch|p1b: Miraidon|Miraidon, L50|100/100\n|switch|p2a: Dondozo|Dondozo, L50, M|100/100\n|switch|p2b: Annihilape|Annihilape, L50, M|100/100\n|-fieldstart|move: Electric Terrain|[from] ability: Hadron Engine|[of] p1b: Miraidon\n|turn|1\n|\n|t:|1774588659\n|switch|p2b: Tatsugiri|Tatsugiri, L50, M|100/100\n|-activate|p2b: Tatsugiri|ability: Commander|[of] p2a: Dondozo\n|-boost|p2a: Dondozo|atk|2\n|-boost|p2a: Dondozo|spa|2\n|-boost|p2a: Dondozo|spe|2\n|-boost|p2a: Dondozo|def|2\n|-boost|p2a: Dondozo|spd|2\n|-terastallize|p2a: Dondozo|Grass\n|move|p1a: Whimsicott|Tailwind|p1a: Whimsicott\n|-sidestart|p1: bullgod4ever|move: Tailwind\n|move|p1b: Miraidon|Electro Drift|p2a: Dondozo\n|-resisted|p2a: Dondozo\n|-damage|p2a: Dondozo|75/100\n|move|p2a: Dondozo|Heavy Slam|p1a: Whimsicott\n|-supereffective|p1a: Whimsicott\n|-enditem|p1a: Whimsicott|Focus Sash\n|-damage|p1a: Whimsicott|1/100\n|\n|-heal|p2a: Dondozo|81/100|[from] item: Leftovers\n|upkeep\n|turn|2\n|j| clefci\n|\n|t:|1774588682\n|move|p1a: Whimsicott|Endeavor|p2a: Dondozo\n|-damage|p2a: Dondozo|1/100\n|move|p1b: Miraidon|Electro Drift|p2a: Dondozo\n|-resisted|p2a: Dondozo\n|-damage|p2a: Dondozo|0 fnt\n|faint|p2a: Dondozo\n|\n|upkeep\n|\n|t:|1774588689\n|switch|p2a: Annihilape|Annihilape, L50, M|100/100\n|turn|3\n|\n|t:|1774588710\n|move|p1a: Whimsicott|Endeavor|p2b: Tatsugiri\n|-damage|p2b: Tatsugiri|1/100\n|move|p1b: Miraidon|Electro Drift|p2a: Annihilape\n|-damage|p2a: Annihilape|0 fnt\n|faint|p2a: Annihilape\n|move|p2b: Tatsugiri|Muddy Water|p1b: Miraidon|[spread] p1a,p1b\n|-resisted|p1a: Whimsicott\n|-resisted|p1b: Miraidon\n|-damage|p1a: Whimsicott|0 fnt\n|-damage|p1b: Miraidon|90/100\n|-unboost|p1b: Miraidon|accuracy|1\n|faint|p1a: Whimsicott\n|\n|upkeep\n|\n|t:|1774588725\n|switch|p1a: Urshifu|Urshifu-Rapid-Strike, L50, F|100/100\n|switch|p2a: Zacian|Zacian-Crowned, L50, shiny|100/100\n|-ability|p2a: Zacian|Intrepid Sword|boost\n|-boost|p2a: Zacian|atk|1\n|turn|4\n|\n|t:|1774588739\n|move|p2b: Tatsugiri|Helping Hand|p2a: Zacian\n|-singleturn|p2a: Zacian|Helping Hand|[of] p2b: Tatsugiri\n|move|p1b: Miraidon|Electro Drift|p2b: Tatsugiri\n|-damage|p2b: Tatsugiri|0 fnt\n|faint|p2b: Tatsugiri\n|move|p1a: Urshifu|Surging Strikes|p2a: Zacian\n|-crit|p2a: Zacian\n|-damage|p2a: Zacian|76/100\n|-crit|p2a: Zacian\n|-damage|p2a: Zacian|50/100\n|-crit|p2a: Zacian\n|-damage|p2a: Zacian|26/100\n|-hitcount|p2a: Zacian|3\n|move|p2a: Zacian|Play Rough|p1a: Urshifu\n|-supereffective|p1a: Urshifu\n|-damage|p1a: Urshifu|0 fnt\n|faint|p1a: Urshifu\n|\n|-sideend|p1: bullgod4ever|move: Tailwind\n|upkeep\n|\n|t:|1774588758\n|switch|p1a: Calyrex|Calyrex-Ice, L50|100/100\n|-ability|p1a: Calyrex|As One\n|-ability|p1a: Calyrex|Unnerve\n|turn|5\n|\n|t:|1774588772\n|-terastallize|p1a: Calyrex|Water\n|move|p2a: Zacian|Play Rough|p1b: Miraidon\n|-supereffective|p1b: Miraidon\n|-damage|p1b: Miraidon|0 fnt\n|faint|p1b: Miraidon\n|move|p1a: Calyrex|Leech Seed|p2a: Zacian\n|-start|p2a: Zacian|move: Leech Seed\n|\n|-damage|p2a: Zacian|14/100|[from] Leech Seed|[of] p1a: Calyrex\n|-fieldend|move: Electric Terrain\n|upkeep\n|turn|6\n|\n|t:|1774588788\n|move|p2a: Zacian|Play Rough|p1a: Calyrex\n|-damage|p1a: Calyrex|52/100\n|move|p1a: Calyrex|Glacial Lance|p2a: Zacian\n|-resisted|p2a: Zacian\n|-damage|p2a: Zacian|0 fnt\n|faint|p2a: Zacian\n|\n|win|bullgod4ever\n|raw|bullgod4ever's rating: 1459 &rarr; <strong>1486</strong><br />(+27 for winning)\n|raw|pigs2fly's rating: 1587 &rarr; <strong>1560</strong><br />(-27 for losing)\n|l|\u2606pigs2fly\n|player|p2|\n|l| clefci\n|l|\u2606bullgod4ever\n|player|p1|\n|j| clefci\n","uploadtime":1774588945,"views":12,"formatid":"gen9vgc2026regi","rating":1486,"private":0,"password":null}