{"id":"gen9vgc2026regi-2586929279","format":"[Gen 9] VGC 2026 Reg I","players":["Luca8","RedPlaysVGC"],"log":"|j|\u2606Luca8\n|j|\u2606RedPlaysVGC\n|t:|1776472777\n|gametype|doubles\n|player|p1|Luca8|flint|1437\n|player|p2|RedPlaysVGC|102|1421\n|gen|9\n|tier|[Gen 9] VGC 2026 Reg I\n|rated|\n|rule|Species Clause: Limit one of each Pok\u00e9mon\n|rule|Item Clause: Limit 1 of each item\n|clearpoke\n|poke|p1|Zamazenta-*, L50|\n|poke|p1|Indeedee-F, L50, F|\n|poke|p1|Torkoal, L50, M|\n|poke|p1|Calyrex-Shadow, L50|\n|poke|p1|Pelipper, L50, M|\n|poke|p1|Tornadus, L50, M|\n|poke|p2|Whimsicott, L50, F|\n|poke|p2|Calyrex-Shadow, L50|\n|poke|p2|Miraidon, L50|\n|poke|p2|Iron Hands, L50|\n|poke|p2|Chi-Yu, L50|\n|poke|p2|Farigiraf, L50, F|\n|teampreview|4\n|\n|t:|1776472796\n|teamsize|p1|4\n|teamsize|p2|4\n|start\n|switch|p1a: Indeedee|Indeedee-F, L50, F|100/100\n|switch|p1b: Zamazenta|Zamazenta-Crowned, L50|100/100\n|switch|p2a: Calyrex|Calyrex-Shadow, L50|100/100\n|switch|p2b: Whimsicott|Whimsicott, L50, F|100/100\n|-ability|p2a: Calyrex|As One\n|-ability|p2a: Calyrex|Unnerve\n|-ability|p1b: Zamazenta|Dauntless Shield|boost\n|-boost|p1b: Zamazenta|def|1\n|-fieldstart|move: Psychic Terrain|[from] ability: Psychic Surge|[of] p1a: Indeedee\n|turn|1\n|\n|t:|1776472817\n|move|p2b: Whimsicott|Fake Tears|p1a: Indeedee\n|-activate|p1a: Indeedee|move: Psychic Terrain\n|move|p2a: Calyrex|Psychic|p1a: Indeedee\n|-resisted|p1a: Indeedee\n|-damage|p1a: Indeedee|66/100\n|move|p1b: Zamazenta|Crunch|p2a: Calyrex\n|-supereffective|p2a: Calyrex\n|-enditem|p2a: Calyrex|Focus Sash\n|-damage|p2a: Calyrex|1/100\n|move|p1a: Indeedee|Psychic|p2a: Calyrex\n|-resisted|p2a: Calyrex\n|-damage|p2a: Calyrex|0 fnt\n|faint|p2a: Calyrex\n|\n|upkeep\n|\n|t:|1776472825\n|switch|p2a: Chi-Yu|Chi-Yu, L50|100/100\n|-ability|p2a: Chi-Yu|Beads of Ruin\n|turn|2\n|\n|t:|1776472839\n|switch|p2b: Miraidon|Miraidon, L50|100/100\n|-fieldstart|move: Electric Terrain|[from] ability: Hadron Engine|[of] p2b: Miraidon\n|-terastallize|p1a: Indeedee|Water\n|move|p1b: Zamazenta|Protect|p1b: Zamazenta\n|-singleturn|p1b: Zamazenta|Protect\n|move|p2a: Chi-Yu|Overheat|p1b: Zamazenta\n|-activate|p1b: Zamazenta|move: Protect\n|move|p1a: Indeedee|Trick Room|p1a: Indeedee\n|-fieldstart|move: Trick Room|[of] p1a: Indeedee\n|\n|upkeep\n|turn|3\n|\n|t:|1776472857\n|switch|p1a: Torkoal|Torkoal, L50, M|100/100\n|-weather|SunnyDay|[from] ability: Drought|[of] p1a: Torkoal\n|switch|p2a: Whimsicott|Whimsicott, L50, F|100/100\n|move|p1b: Zamazenta|Body Press|p2a: Whimsicott\n|-resisted|p2a: Whimsicott\n|-damage|p2a: Whimsicott|56/100\n|move|p2b: Miraidon|Electro Drift|p1a: Torkoal\n|-damage|p1a: Torkoal|0 fnt\n|faint|p1a: Torkoal\n|\n|-weather|SunnyDay|[upkeep]\n|upkeep\n|\n|t:|1776472874\n|switch|p1a: Indeedee|Indeedee-F, L50, F, tera:Water|66/100\n|-fieldstart|move: Psychic Terrain|[from] ability: Psychic Surge|[of] p1a: Indeedee\n|turn|4\n|\n|t:|1776472882\n|switch|p2a: Chi-Yu|Chi-Yu, L50|100/100\n|-ability|p2a: Chi-Yu|Beads of Ruin\n|move|p1a: Indeedee|Hyper Voice|p2b: Miraidon|[spread] p2a,p2b\n|-damage|p2a: Chi-Yu|77/100\n|-damage|p2b: Miraidon|73/100\n|move|p1b: Zamazenta|Heavy Slam|p2a: Chi-Yu\n|-resisted|p2a: Chi-Yu\n|-damage|p2a: Chi-Yu|39/100\n|move|p2b: Miraidon|Electro Drift|p1a: Indeedee\n|-supereffective|p1a: Indeedee\n|-damage|p1a: Indeedee|0 fnt\n|faint|p1a: Indeedee\n|\n|-weather|SunnyDay|[upkeep]\n|upkeep\n|\n|t:|1776472899\n|switch|p1a: Calyrex|Calyrex-Shadow, L50|100/100\n|-ability|p1a: Calyrex|As One\n|-ability|p1a: Calyrex|Unnerve\n|turn|5\n|\n|t:|1776472912\n|switch|p2a: Whimsicott|Whimsicott, L50, F|56/100\n|move|p1a: Calyrex|Protect|p1a: Calyrex\n|-singleturn|p1a: Calyrex|Protect\n|move|p1b: Zamazenta|Body Press|p2a: Whimsicott\n|-resisted|p2a: Whimsicott\n|-damage|p2a: Whimsicott|12/100\n|move|p2b: Miraidon|Electro Drift|p1a: Calyrex\n|-activate|p1a: Calyrex|move: Protect\n|\n|-weather|SunnyDay|[upkeep]\n|upkeep\n|turn|6\n|\n|t:|1776472929\n|switch|p2b: Chi-Yu|Chi-Yu, L50|39/100\n|-ability|p2b: Chi-Yu|Beads of Ruin\n|move|p1b: Zamazenta|Body Press|p2b: Chi-Yu\n|-supereffective|p2b: Chi-Yu\n|-damage|p2b: Chi-Yu|0 fnt\n|faint|p2b: Chi-Yu\n|move|p2a: Whimsicott|Moonblast|p1a: Calyrex\n|-damage|p1a: Calyrex|73/100\n|-unboost|p1a: Calyrex|spa|1\n|move|p1a: Calyrex|Astral Barrage|p2a: Whimsicott\n|-damage|p2a: Whimsicott|0 fnt\n|faint|p2a: Whimsicott\n|-ability|p1a: Calyrex|Grim Neigh|boost\n|-boost|p1a: Calyrex|spa|1\n|\n|-weather|SunnyDay|[upkeep]\n|-fieldend|move: Trick Room\n|upkeep\n|\n|t:|1776472942\n|switch|p2b: Miraidon|Miraidon, L50|73/100\n|-fieldstart|move: Electric Terrain|[from] ability: Hadron Engine|[of] p2b: Miraidon\n|turn|7\n|\n|t:|1776472955\n|-terastallize|p2b: Miraidon|Fairy\n|move|p1a: Calyrex|Astral Barrage|p2b: Miraidon\n|-damage|p2b: Miraidon|11/100\n|move|p2b: Miraidon|Electro Drift|p1b: Zamazenta\n|-damage|p1b: Zamazenta|0 fnt\n|faint|p1b: Zamazenta\n|\n|-weather|none\n|upkeep\n|turn|8\n|\n|t:|1776472968\n|move|p1a: Calyrex|Astral Barrage|p2b: Miraidon\n|-damage|p2b: Miraidon|0 fnt\n|faint|p2b: Miraidon\n|\n|win|Luca8\n|raw|Luca8's rating: 1437 &rarr; <strong>1456</strong><br />(+19 for winning)\n|raw|RedPlaysVGC's rating: 1421 &rarr; <strong>1402</strong><br />(-19 for losing)\n|l|\u2606Luca8\n|player|p1|\n|l|\u2606RedPlaysVGC\n|player|p2|\n","uploadtime":1776473163,"views":10,"formatid":"gen9vgc2026regi","rating":1402,"private":0,"password":null}