{"id":"gen9vgc2026regi-2587896619","format":"[Gen 9] VGC 2026 Reg I","players":["SnrubYesthatlldo","papercanooe"],"log":"|j|\u2606SnrubYesthatlldo\n|j|\u2606papercanooe\n|t:|1776575984\n|gametype|doubles\n|player|p1|SnrubYesthatlldo|102|1138\n|player|p2|papercanooe|101|1178\n|gen|9\n|tier|[Gen 9] VGC 2026 Reg I\n|rated|\n|rule|Species Clause: Limit one of each Pok\u00e9mon\n|rule|Item Clause: Limit 1 of each item\n|clearpoke\n|poke|p1|Miraidon, L50|\n|poke|p1|Calyrex-Ice, L50|\n|poke|p1|Iron Hands, L50|\n|poke|p1|Farigiraf, L50, F|\n|poke|p1|Chi-Yu, L50|\n|poke|p1|Iron Bundle, L50|\n|poke|p2|Kyurem-Black, L50|\n|poke|p2|Kyogre, L50|\n|poke|p2|Incineroar, L50, F|\n|poke|p2|Tornadus, L50, M|\n|poke|p2|Urshifu-*, L50, M|\n|poke|p2|Landorus, L50, M|\n|teampreview|4\n|inactive|Battle timer is ON: inactive players will automatically lose when time's up. (requested by papercanooe)\nSnrubYesthatlldo has agreed to open team sheets.\n|inactive|SnrubYesthatlldo has 60 seconds left.\n|inactive|papercanooe has 60 seconds left.\n|inactive|SnrubYesthatlldo has 30 seconds left.\n|inactive|SnrubYesthatlldo has 20 seconds left.\n|inactive|SnrubYesthatlldo has 15 seconds left.\n|\n|t:|1776576060\n|teamsize|p1|4\n|teamsize|p2|4\n|start\n|switch|p1a: Iron Hands|Iron Hands, L50|100/100\n|switch|p1b: Farigiraf|Farigiraf, L50, F|100/100\n|switch|p2a: Tornadus|Tornadus, L50, M|100/100\n|switch|p2b: Kyogre|Kyogre, L50, shiny|100/100\n|-weather|RainDance|[from] ability: Drizzle|[of] p2b: Kyogre\n|turn|1\n|inactive|papercanooe has 30 seconds left.\n|inactive|papercanooe has 20 seconds left.\n|\n|t:|1776576097\n|move|p1a: Iron Hands|Fake Out|p2b: Kyogre\n|-damage|p2b: Kyogre|86/100\n|move|p2a: Tornadus|Tailwind|p2a: Tornadus\n|-sidestart|p2: papercanooe|move: Tailwind\n|cant|p2b: Kyogre|flinch\n|move|p1b: Farigiraf|Trick Room|p1b: Farigiraf\n|-fieldstart|move: Trick Room|[of] p1b: Farigiraf\n|\n|-weather|RainDance|[upkeep]\n|upkeep\n|turn|2\n|inactive|SnrubYesthatlldo has 30 seconds left.\n|inactive|papercanooe has 30 seconds left.\n|\n|t:|1776576131\n|-terastallize|p1a: Iron Hands|Water\n|-terastallize|p2b: Kyogre|Grass\n|move|p1a: Iron Hands|Low Kick|p2b: Kyogre\n|-damage|p2b: Kyogre|22/100\n|move|p1b: Farigiraf|Psychic|p2a: Tornadus\n|-damage|p2a: Tornadus|65/100\n|move|p2b: Kyogre|Origin Pulse|p1a: Iron Hands|[spread] \n|-miss|p2b: Kyogre|p1a: Iron Hands\n|-miss|p2b: Kyogre|p1b: Farigiraf\n|move|p2a: Tornadus|Bleakwind Storm|p1a: Iron Hands|[spread] p1a,p1b\n|-crit|p1b: Farigiraf\n|-damage|p1a: Iron Hands|83/100\n|-damage|p1b: Farigiraf|53/100\n|\n|-weather|RainDance|[upkeep]\n|upkeep\n|turn|3\n|\n|t:|1776576156\n|switch|p2a: Landorus|Landorus, L50, M, shiny|100/100\n|move|p2b: Kyogre|Protect|p2b: Kyogre\n|-singleturn|p2b: Kyogre|Protect\n|move|p1a: Iron Hands|Wild Charge|p2a: Landorus\n|-immune|p2a: Landorus\n|move|p1b: Farigiraf|Psychic|p2b: Kyogre\n|-activate|p2b: Kyogre|move: Protect\n|\n|-weather|RainDance|[upkeep]\n|upkeep\n|turn|4\n|\n|t:|1776576174\n|switch|p1b: Calyrex|Calyrex-Ice, L50|100/100\n|-ability|p1b: Calyrex|As One\n|-ability|p1b: Calyrex|Unnerve\n|switch|p2b: Tornadus|Tornadus, L50, M|65/100\n|move|p2a: Landorus|Protect|p2a: Landorus\n|-singleturn|p2a: Landorus|Protect\n|move|p1a: Iron Hands|Low Kick|p2b: Tornadus\n|-resisted|p2b: Tornadus\n|-damage|p2b: Tornadus|39/100\n|\n|-weather|RainDance|[upkeep]\n|-sideend|p2: papercanooe|move: Tailwind\n|upkeep\n|turn|5\n|inactive|papercanooe has 30 seconds left.\n|inactive|papercanooe has 20 seconds left.\n|inactive|papercanooe has 15 seconds left.\n|\n|t:|1776576217\n|-end|p1a: Iron Hands|Quark Drive|[silent]\n|switch|p1a: Miraidon|Miraidon, L50|100/100\n|-fieldstart|move: Electric Terrain|[from] ability: Hadron Engine|[of] p1a: Miraidon\n|switch|p2a: Kyurem|Kyurem-Black, L50, shiny|100/100\n|-ability|p2a: Kyurem|Teravolt\n|move|p2b: Tornadus|Taunt|p1b: Calyrex\n|-start|p1b: Calyrex|move: Taunt\n|move|p1b: Calyrex|Glacial Lance|p2a: Kyurem|[spread] p2a,p2b\n|-supereffective|p2b: Tornadus\n|-damage|p2a: Kyurem|56/100\n|-damage|p2b: Tornadus|0 fnt\n|faint|p2b: Tornadus\n|-ability|p1b: Calyrex|Chilling Neigh|boost\n|-boost|p1b: Calyrex|atk|1\n|\n|-weather|none\n|-fieldend|move: Trick Room\n|upkeep\n|\n|t:|1776576241\n|switch|p2b: Landorus|Landorus, L50, M, shiny|100/100\n|turn|6\n|inactive|papercanooe has 30 seconds left.\n|\n|t:|1776576269\n|move|p1a: Miraidon|Draco Meteor|p2a: Kyurem\n|-supereffective|p2a: Kyurem\n|-damage|p2a: Kyurem|0 fnt\n|-unboost|p1a: Miraidon|spa|2\n|faint|p2a: Kyurem\n|-damage|p1a: Miraidon|91/100|[from] item: Life Orb\n|move|p2b: Landorus|Sandsear Storm|p1b: Calyrex|[spread] p1a,p1b\n|-supereffective|p1a: Miraidon\n|-crit|p1a: Miraidon\n|-damage|p1a: Miraidon|0 fnt\n|-damage|p1b: Calyrex|62/100\n|faint|p1a: Miraidon\n|move|p1b: Calyrex|Glacial Lance|p2b: Landorus\n|-supereffective|p2b: Landorus\n|-damage|p2b: Landorus|0 fnt\n|faint|p2b: Landorus\n|-ability|p1b: Calyrex|Chilling Neigh|boost\n|-boost|p1b: Calyrex|atk|1\n|\n|-heal|p1b: Calyrex|68/100|[from] item: Leftovers\n|upkeep\n|-message|papercanooe forfeited.\n|\n|win|SnrubYesthatlldo\n|raw|SnrubYesthatlldo's rating: 1138 &rarr; <strong>1166</strong><br />(+28 for winning)\n|raw|papercanooe's rating: 1178 &rarr; <strong>1150</strong><br />(-28 for losing)\n|l|\u2606papercanooe\n|player|p2|\n|l|\u2606SnrubYesthatlldo\n|player|p1|\n","uploadtime":1776576479,"views":12,"formatid":"gen9vgc2026regi","rating":1150,"private":0,"password":null}