{"id":"gen9vgc2026regi-2553777055","format":"[Gen 9] VGC 2026 Reg I","players":["wasaad5","cpinalli5"],"log":"|j|\u2606wasaad5\n|j|\u2606cpinalli5\n|t:|1772878599\n|gametype|doubles\n|player|p1|wasaad5|blue|1363\n|player|p2|cpinalli5|elesa|1625\n|gen|9\n|tier|[Gen 9] VGC 2026 Reg I\n|rated|\n|rule|Species Clause: Limit one of each Pok\u00e9mon\n|rule|Item Clause: Limit 1 of each item\n|clearpoke\n|poke|p1|Kyurem-White, L50|\n|poke|p1|Zacian-*, L50|\n|poke|p1|Sableye, L50, M|\n|poke|p1|Urshifu-*, L50, M|\n|poke|p1|Amoonguss, L50, F|\n|poke|p1|Incineroar, L50, F|\n|poke|p2|Kyogre, L50|\n|poke|p2|Flutter Mane, L50|\n|poke|p2|Urshifu-*, L50, F|\n|poke|p2|Landorus, L50, M|\n|poke|p2|Smeargle, L50, F|\n|poke|p2|Calyrex-Ice, L50|\n|teampreview|4\n|inactive|Battle timer is ON: inactive players will automatically lose when time's up. (requested by cpinalli5)\n|\n|t:|1772878651\n|teamsize|p1|4\n|teamsize|p2|4\n|start\n|switch|p1a: Incineroar|Incineroar, L50, F|100/100\n|switch|p1b: Zacian|Zacian-Crowned, L50|100/100\n|switch|p2a: Smeargle|Smeargle, L50, F|100/100\n|switch|p2b: Calyrex|Calyrex-Ice, L50|100/100\n|-ability|p2b: Calyrex|As One\n|-ability|p2b: Calyrex|Unnerve\n|-ability|p1b: Zacian|Intrepid Sword|boost\n|-boost|p1b: Zacian|atk|1\n|-ability|p1a: Incineroar|Intimidate|boost\n|-unboost|p2a: Smeargle|atk|1\n|-fail|p2b: Calyrex|unboost|[from] item: Clear Amulet|[of] p2b: Calyrex\n|-enditem|p2a: Smeargle|Eject Pack\n|\n|t:|1772878663\n|switch|p2a: Landorus|Landorus, L50, M|100/100\n|turn|1\n|\n|t:|1772878675\n|-terastallize|p2a: Landorus|Steel\n|move|p2b: Calyrex|Protect|p2b: Calyrex\n|-singleturn|p2b: Calyrex|Protect\n|move|p1a: Incineroar|Fake Out|p2a: Landorus\n|-resisted|p2a: Landorus\n|-crit|p2a: Landorus\n|-damage|p2a: Landorus|92/100\n|move|p1b: Zacian|Behemoth Blade|p2b: Calyrex\n|-activate|p2b: Calyrex|move: Protect\n|cant|p2a: Landorus|flinch\n|\n|upkeep\n|turn|2\n|\n|t:|1772878698\n|switch|p2b: Smeargle|Smeargle, L50, F|100/100\n|-terastallize|p1b: Zacian|Ground\n|move|p1b: Zacian|Tera Blast|p2a: Landorus|[anim] Tera Blast Ground\n|-supereffective|p2a: Landorus\n|-damage|p2a: Landorus|0 fnt\n|faint|p2a: Landorus\n|move|p1a: Incineroar|Parting Shot|p2b: Smeargle\n|-unboost|p2b: Smeargle|atk|1\n|-unboost|p2b: Smeargle|spa|1\n|\n|t:|1772878707\n|switch|p1a: Sableye|Sableye, L50, M|100/100|[from] Parting Shot\n|\n|-ability|p2b: Smeargle|Moody|boost\n|-boost|p2b: Smeargle|def|2\n|-unboost|p2b: Smeargle|spe|1\n|upkeep\n|\n|t:|1772878711\n|switch|p2a: Calyrex|Calyrex-Ice, L50|100/100\n|-ability|p2a: Calyrex|As One\n|-ability|p2a: Calyrex|Unnerve\n|turn|3\n|\n|t:|1772878720\n|switch|p1a: Incineroar|Incineroar, L50, F|100/100\n|-ability|p1a: Incineroar|Intimidate|boost\n|-fail|p2a: Calyrex|unboost|[from] item: Clear Amulet|[of] p2a: Calyrex\n|-unboost|p2b: Smeargle|atk|1\n|move|p1b: Zacian|Protect|p1b: Zacian\n|-singleturn|p1b: Zacian|Protect\n|move|p2b: Smeargle|Follow Me|p2b: Smeargle\n|-singleturn|p2b: Smeargle|move: Follow Me\n|move|p2a: Calyrex|Trick Room|p2a: Calyrex\n|-fieldstart|move: Trick Room|[of] p2a: Calyrex\n|\n|-ability|p2b: Smeargle|Moody|boost\n|-boost|p2b: Smeargle|spd|2\n|-unboost|p2b: Smeargle|spa|1\n|upkeep\n|turn|4\n|inactive|wasaad5 has 30 seconds left.\n|\n|t:|1772878752\n|switch|p1b: Sableye|Sableye, L50, M|100/100\n|move|p1a: Incineroar|Fake Out|p2a: Calyrex\n|-damage|p2a: Calyrex|94/100\n|cant|p2a: Calyrex|flinch\n|move|p2b: Smeargle|Spore|p1b: Sableye\n|-status|p1b: Sableye|slp|[from] move: Spore\n|\n|-ability|p2b: Smeargle|Moody|boost\n|-boost|p2b: Smeargle|spe|2\n|-unboost|p2b: Smeargle|spa|1\n|upkeep\n|turn|5\n|\n|t:|1772878769\n|switch|p2b: alex|Kyogre, L50|100/100\n|-weather|RainDance|[from] ability: Drizzle|[of] p2b: alex\n|cant|p1b: Sableye|slp\n|move|p2a: Calyrex|Glacial Lance|p1a: Incineroar|[spread] p1a,p1b\n|-resisted|p1a: Incineroar\n|-damage|p1a: Incineroar|73/100\n|-damage|p1b: Sableye|41/100 slp\n|move|p1a: Incineroar|Knock Off|p2a: Calyrex\n|-supereffective|p2a: Calyrex\n|-damage|p2a: Calyrex|53/100\n|-enditem|p2a: Calyrex|Clear Amulet|[from] move: Knock Off|[of] p1a: Incineroar\n|\n|-weather|RainDance|[upkeep]\n|upkeep\n|turn|6\n|\n|t:|1772878793\n|cant|p1b: Sableye|slp\n|move|p2b: alex|Water Spout|p1a: Incineroar|[spread] p1a,p1b\n|-supereffective|p1a: Incineroar\n|-damage|p1a: Incineroar|0 fnt\n|-damage|p1b: Sableye|0 fnt\n|faint|p1a: Incineroar\n|faint|p1b: Sableye\n|move|p2a: Calyrex|Glacial Lance|p1: Incineroar|[notarget]\n|-fail|p2a: Calyrex\n|\n|-weather|RainDance|[upkeep]\n|upkeep\n|\n|t:|1772878797\n|switch|p1b: Zacian|Zacian-Crowned, L50, tera:Ground|100/100\n|switch|p1a: Kyurem|Kyurem-White, L50, shiny|100/100\n|-ability|p1a: Kyurem|Turboblaze\n|turn|7\n|\n|t:|1772878811\n|move|p1b: Zacian|Protect|p1b: Zacian\n|-singleturn|p1b: Zacian|Protect\n|move|p2b: alex|Water Spout|p1b: Zacian|[spread] p1a\n|-activate|p1b: Zacian|move: Protect\n|-resisted|p1a: Kyurem\n|-damage|p1a: Kyurem|73/100\n|move|p2a: Calyrex|Glacial Lance|p1b: Zacian|[spread] p1a\n|-activate|p1b: Zacian|move: Protect\n|-damage|p1a: Kyurem|22/100\n|move|p1a: Kyurem|Freeze-Dry|p2b: alex\n|-supereffective|p2b: alex\n|-damage|p2b: alex|47/100\n|\n|-weather|RainDance|[upkeep]\n|-fieldend|move: Trick Room\n|upkeep\n|turn|8\n|\n|t:|1772878834\n|move|p2a: Calyrex|Protect|p2a: Calyrex\n|-singleturn|p2a: Calyrex|Protect\n|move|p1b: Zacian|Behemoth Blade|p2a: Calyrex\n|-activate|p2a: Calyrex|move: Protect\n|move|p1a: Kyurem|Freeze-Dry|p2b: alex\n|-supereffective|p2b: alex\n|-damage|p2b: alex|0 fnt\n|faint|p2b: alex\n|\n|-weather|RainDance|[upkeep]\n|upkeep\n|\n|t:|1772878842\n|switch|p2b: Smeargle|Smeargle, L50, F|100/100\n|turn|9\n|\n|t:|1772878855\n|move|p2b: Smeargle|Follow Me|p2b: Smeargle\n|-singleturn|p2b: Smeargle|move: Follow Me\n|move|p1b: Zacian|Behemoth Blade|p2b: Smeargle\n|-damage|p2b: Smeargle|0 fnt\n|faint|p2b: Smeargle\n|move|p1a: Kyurem|Fusion Flare|p2a: Calyrex\n|-supereffective|p2a: Calyrex\n|-damage|p2a: Calyrex|26/100\n|move|p2a: Calyrex|Glacial Lance|p1a: Kyurem|[spread] p1a,p1b\n|-crit|p1a: Kyurem\n|-supereffective|p1b: Zacian\n|-damage|p1a: Kyurem|0 fnt\n|-damage|p1b: Zacian|0 fnt\n|faint|p1a: Kyurem\n|faint|p1b: Zacian\n|\n|win|cpinalli5\n|raw|wasaad5's rating: 1363 &rarr; <strong>1356</strong><br />(-7 for losing)\n|raw|cpinalli5's rating: 1625 &rarr; <strong>1632</strong><br />(+7 for winning)\n|l|\u2606wasaad5\n|player|p1|\n|l|\u2606cpinalli5\n|player|p2|\n","uploadtime":1772879051,"views":14,"formatid":"gen9vgc2026regi","rating":1356,"private":0,"password":null}