{"id":"gen9vgc2026regi-2552532946","format":"[Gen 9] VGC 2026 Reg I","players":["2LOOKKKAP","drive stone"],"log":"|j|\u26062LOOKKKAP\n|j|\u2606drive stone\n|t:|1772730142\n|gametype|doubles\n|player|p1|2LOOKKKAP|170|1338\n|player|p2|drive stone|cilan|1426\n|gen|9\n|tier|[Gen 9] VGC 2026 Reg I\n|rated|\n|rule|Species Clause: Limit one of each Pok\u00e9mon\n|rule|Item Clause: Limit 1 of each item\n|clearpoke\n|poke|p1|Dondozo, L50, F|\n|poke|p1|Tatsugiri, L50, M|\n|poke|p1|Calyrex-Shadow, L50|\n|poke|p1|Kyogre, L50|\n|poke|p1|Rillaboom, L50, F|\n|poke|p1|Raichu, L50, M|\n|poke|p2|Calyrex-Shadow, L50|\n|poke|p2|Zacian-*, L50|\n|poke|p2|Urshifu-*, L50, F|\n|poke|p2|Tornadus, L50, M|\n|poke|p2|Landorus, L50, M|\n|poke|p2|Incineroar, L50, M|\n|teampreview|4\n|\n|t:|1772730223\n|teamsize|p1|4\n|teamsize|p2|4\n|start\n|switch|p1a: Dondozo|Dondozo, L50, F|100/100\n|switch|p1b: Kyogre|Kyogre, L50|100/100\n|switch|p2a: Zacian|Zacian-Crowned, L50|100/100\n|switch|p2b: Tornadus|Tornadus, L50, M|100/100\n|-weather|RainDance|[from] ability: Drizzle|[of] p1b: Kyogre\n|-ability|p2a: Zacian|Intrepid Sword|boost\n|-boost|p2a: Zacian|atk|1\n|turn|1\n|inactive|Battle timer is ON: inactive players will automatically lose when time's up. (requested by 2LOOKKKAP)\n|\n|t:|1772730241\n|switch|p1b: Tatsugiri|Tatsugiri, L50, M|100/100\n|-activate|p1b: Tatsugiri|ability: Commander|[of] p1a: Dondozo\n|-boost|p1a: Dondozo|atk|2\n|-boost|p1a: Dondozo|spa|2\n|-boost|p1a: Dondozo|spe|2\n|-boost|p1a: Dondozo|def|2\n|-boost|p1a: Dondozo|spd|2\n|-terastallize|p1a: Dondozo|Water\n|move|p2b: Tornadus|Tailwind|p2b: Tornadus\n|-sidestart|p2: drive stone|move: Tailwind\n|move|p2a: Zacian|Sacred Sword|p1a: Dondozo\n|-damage|p1a: Dondozo|82/100\n|move|p1a: Dondozo|Surf|p2a: Zacian|[spread] p2a,p2b\n|-miss|p1a: Dondozo|p1b: Tatsugiri\n|-damage|p2a: Zacian|25/100\n|-damage|p2b: Tornadus|0 fnt\n|faint|p2b: Tornadus\n|\n|-weather|RainDance|[upkeep]\n|-heal|p1a: Dondozo|88/100|[from] item: Leftovers\n|upkeep\n|\n|t:|1772730263\n|switch|p2b: Calyrex|Calyrex-Shadow, L50|100/100\n|-ability|p2b: Calyrex|As One\n|-ability|p2b: Calyrex|Unnerve\n|turn|2\n|\n|t:|1772730281\n|move|p2a: Zacian|Protect|p2a: Zacian\n|-singleturn|p2a: Zacian|Protect\n|move|p2b: Calyrex|Disable|p1a: Dondozo\n|-start|p1a: Dondozo|Disable|Surf\n|cant|p1a: Dondozo|Disable|Surf\n|\n|-weather|RainDance|[upkeep]\n|-heal|p1a: Dondozo|94/100|[from] item: Leftovers\n|upkeep\n|turn|3\n|\n|t:|1772730301\n|switch|p2a: Urshifu|Urshifu-Rapid-Strike, L50, F|100/100\n|move|p2b: Calyrex|Disable||[still]\n|-fail|p2b: Calyrex\n|move|p1a: Dondozo|Yawn|p2b: Calyrex\n|-start|p2b: Calyrex|move: Yawn|[of] p1a: Dondozo\n|\n|-weather|RainDance|[upkeep]\n|-heal|p1a: Dondozo|100/100|[from] item: Leftovers\n|upkeep\n|turn|4\n|\n|t:|1772730319\n|move|p2b: Calyrex|Encore|p1a: Dondozo\n|-start|p1a: Dondozo|Encore\n|move|p2a: Urshifu|Taunt|p1a: Dondozo\n|-start|p1a: Dondozo|move: Taunt\n|cant|p1a: Dondozo|move: Taunt|Yawn\n|\n|-weather|RainDance|[upkeep]\n|-end|p2b: Calyrex|move: Yawn|[silent]\n|-status|p2b: Calyrex|slp\n|-sideend|p2: drive stone|move: Tailwind\n|upkeep\n|turn|5\n|\n|t:|1772730331\n|-terastallize|p2a: Urshifu|Water\n|cant|p2b: Calyrex|slp\n|move|p2a: Urshifu|Surging Strikes|p1a: Dondozo\n|-resisted|p1a: Dondozo\n|-crit|p1a: Dondozo\n|-damage|p1a: Dondozo|84/100\n|-resisted|p1a: Dondozo\n|-crit|p1a: Dondozo\n|-damage|p1a: Dondozo|68/100\n|-resisted|p1a: Dondozo\n|-crit|p1a: Dondozo\n|-damage|p1a: Dondozo|53/100\n|-hitcount|p1a: Dondozo|3\n|-activate|p1a: Dondozo|move: Struggle\n|move|p1a: Dondozo|Struggle|p2a: Urshifu\n|-damage|p2a: Urshifu|82/100\n|-damage|p1a: Dondozo|28/100|[from] recoil\n|\n|-weather|none\n|-heal|p1a: Dondozo|34/100|[from] item: Leftovers\n|-end|p1a: Dondozo|Disable\n|upkeep\n|turn|6\n|inactive|drive stone has 30 seconds left.\n|\n|t:|1772730357\n|move|p2a: Urshifu|Detect|p2a: Urshifu\n|-singleturn|p2a: Urshifu|Protect\n|cant|p2b: Calyrex|slp\n|-activate|p1a: Dondozo|move: Struggle\n|move|p1a: Dondozo|Struggle|p2a: Urshifu\n|-activate|p2a: Urshifu|move: Protect\n|\n|-heal|p1a: Dondozo|40/100|[from] item: Leftovers\n|-end|p1a: Dondozo|move: Taunt\n|-end|p1a: Dondozo|Encore\n|upkeep\n|turn|7\n|\n|t:|1772730370\n|cant|p2b: Calyrex|slp\n|move|p2a: Urshifu|Surging Strikes|p1a: Dondozo\n|-resisted|p1a: Dondozo\n|-crit|p1a: Dondozo\n|-damage|p1a: Dondozo|30/100\n|-resisted|p1a: Dondozo\n|-crit|p1a: Dondozo\n|-damage|p1a: Dondozo|20/100\n|-resisted|p1a: Dondozo\n|-crit|p1a: Dondozo\n|-damage|p1a: Dondozo|11/100\n|-hitcount|p1a: Dondozo|3\n|move|p1a: Dondozo|Surf|p2b: Calyrex|[spread] p2a,p2b\n|-miss|p1a: Dondozo|p1b: Tatsugiri\n|-resisted|p2a: Urshifu\n|-damage|p2a: Urshifu|37/100\n|-damage|p2b: Calyrex|37/100 slp\n|\n|-heal|p1a: Dondozo|17/100|[from] item: Leftovers\n|upkeep\n|turn|8\n|\n|t:|1772730389\n|-curestatus|p2b: Calyrex|slp|[msg]\n|move|p2b: Calyrex|Astral Barrage|p1b: Tatsugiri|[spread] p1a\n|-miss|p2b: Calyrex|p1b: Tatsugiri\n|-damage|p1a: Dondozo|0 fnt\n|faint|p1a: Dondozo\n|-ability|p2b: Calyrex|Grim Neigh|boost\n|-boost|p2b: Calyrex|spa|1\n|move|p2a: Urshifu|Surging Strikes|p1b: Tatsugiri\n|-resisted|p1b: Tatsugiri\n|-crit|p1b: Tatsugiri\n|-damage|p1b: Tatsugiri|85/100\n|-resisted|p1b: Tatsugiri\n|-crit|p1b: Tatsugiri\n|-damage|p1b: Tatsugiri|71/100\n|-resisted|p1b: Tatsugiri\n|-crit|p1b: Tatsugiri\n|-damage|p1b: Tatsugiri|56/100\n|-hitcount|p1b: Tatsugiri|3\n|\n|upkeep\n|\n|t:|1772730404\n|switch|p1a: Kyogre|Kyogre, L50|100/100\n|-weather|RainDance|[from] ability: Drizzle|[of] p1a: Kyogre\n|turn|9\n|\n|t:|1772730412\n|move|p1b: Tatsugiri|Protect|p1b: Tatsugiri\n|-singleturn|p1b: Tatsugiri|Protect\n|move|p1a: Kyogre|Water Spout|p2a: Urshifu|[spread] p2a,p2b\n|-resisted|p2a: Urshifu\n|-damage|p2a: Urshifu|0 fnt\n|-damage|p2b: Calyrex|0 fnt\n|faint|p2a: Urshifu\n|faint|p2b: Calyrex\n|\n|-weather|RainDance|[upkeep]\n|upkeep\n|-message|drive stone forfeited.\n|\n|win|2LOOKKKAP\n|raw|2LOOKKKAP's rating: 1338 &rarr; <strong>1363</strong><br />(+25 for winning)\n|raw|drive stone's rating: 1426 &rarr; <strong>1401</strong><br />(-25 for losing)\n|l|\u2606drive stone\n|player|p2|\n|l|\u26062LOOKKKAP\n|player|p1|\n","uploadtime":1772730564,"views":12,"formatid":"gen9vgc2026regi","rating":1363,"private":0,"password":null}