{"id":"gen9vgc2026regi-2522436904","format":"[Gen 9] VGC 2026 Reg I","players":["avarussurava","xiaoliyunVGC"],"log":"|j|\u2606avarussurava\n|j|\u2606xiaoliyunVGC\n|t:|1768907631\n|gametype|doubles\n|player|p1|avarussurava|266|1199\n|player|p2|xiaoliyunVGC|liko|1230\n|gen|9\n|tier|[Gen 9] VGC 2026 Reg I\n|rated|\n|rule|Species Clause: Limit one of each Pok\u00e9mon\n|rule|Item Clause: Limit 1 of each item\n|clearpoke\n|poke|p1|Tyranitar, L50, F|\n|poke|p1|Kyogre, L50|\n|poke|p1|Zamazenta-*, L50|\n|poke|p1|Gastrodon, L50, F|\n|poke|p1|Sinistcha, L50|\n|poke|p1|Ceruledge, L50, F|\n|poke|p2|Zamazenta-*, L50|\n|poke|p2|Kyogre, L50|\n|poke|p2|Raichu, L50, F|\n|poke|p2|Flutter Mane, L50|\n|poke|p2|Tornadus, L50, M|\n|poke|p2|Kingambit, L50, M|\n|teampreview|4\n|inactive|Battle timer is ON: inactive players will automatically lose when time's up. (requested by xiaoliyunVGC)\n|inactive|avarussurava has 60 seconds left.\n|\n|t:|1768907665\n|teamsize|p1|4\n|teamsize|p2|4\n|start\n|switch|p1a: Zamazenta|Zamazenta-Crowned, L50|100/100\n|switch|p1b: Ceruledge|Ceruledge, L50, F|100/100\n|switch|p2a: Kyogre|Kyogre, L50|100/100\n|switch|p2b: Raichu|Raichu, L50, F|100/100\n|-weather|RainDance|[from] ability: Drizzle|[of] p2a: Kyogre\n|-ability|p1a: Zamazenta|Dauntless Shield|boost\n|-boost|p1a: Zamazenta|def|1\n|turn|1\n|\n|t:|1768907680\n|switch|p1b: Gastrodon|Gastrodon, L50, F|100/100\n|-terastallize|p2a: Kyogre|Water\n|-terastallize|p1a: Zamazenta|Ground\n|move|p1a: Zamazenta|Wide Guard|p1a: Zamazenta\n|-singleturn|p1a: Zamazenta|Wide Guard\n|move|p2b: Raichu|Feint|p1a: Zamazenta\n|-activate|p1a: Zamazenta|move: Feint\n|-damage|p1a: Zamazenta|98/100\n|move|p2a: Kyogre|Water Spout|p1a: Zamazenta|[spread] p1a\n|-ability|p1b: Gastrodon|Storm Drain|boost\n|-boost|p1b: Gastrodon|spa|1\n|-supereffective|p1a: Zamazenta\n|-damage|p1a: Zamazenta|0 fnt\n|faint|p1a: Zamazenta\n|\n|-weather|RainDance|[upkeep]\n|upkeep\n|\n|t:|1768907696\n|switch|p1a: Sinistcha|Sinistcha, L50|100/100\n|turn|2\n|\n|t:|1768907704\n|switch|p2a: Zamazenta|Zamazenta-Crowned, L50, shiny|100/100\n|-ability|p2a: Zamazenta|Dauntless Shield|boost\n|-boost|p2a: Zamazenta|def|1\n|move|p2b: Raichu|Nuzzle|p1a: Sinistcha\n|-resisted|p1a: Sinistcha\n|-damage|p1a: Sinistcha|97/100\n|-status|p1a: Sinistcha|par\n|move|p1b: Gastrodon|Earth Power|p2b: Raichu\n|-supereffective|p2b: Raichu\n|-enditem|p2b: Raichu|Focus Sash\n|-damage|p2b: Raichu|1/100\n|cant|p1a: Sinistcha|par\n|\n|-weather|RainDance|[upkeep]\n|upkeep\n|turn|3\n|\n|t:|1768907724\n|move|p2b: Raichu|Helping Hand|p2a: Zamazenta\n|-singleturn|p2a: Zamazenta|Helping Hand|[of] p2b: Raichu\n|move|p2a: Zamazenta|Behemoth Bash|p1a: Sinistcha\n|-damage|p1a: Sinistcha|37/100 par\n|-enditem|p1a: Sinistcha|Sitrus Berry|[eat]\n|-heal|p1a: Sinistcha|61/100 par|[from] item: Sitrus Berry\n|move|p1b: Gastrodon|Earth Power|p2a: Zamazenta\n|-supereffective|p2a: Zamazenta\n|-crit|p2a: Zamazenta\n|-damage|p2a: Zamazenta|3/100\n|move|p1a: Sinistcha|Matcha Gotcha|p2b: Raichu|[spread] p2a,p2b\n|-resisted|p2a: Zamazenta\n|-damage|p2a: Zamazenta|0 fnt\n|-heal|p1a: Sinistcha|64/100 par|[from] drain|[of] p2a: Zamazenta\n|-damage|p2b: Raichu|0 fnt\n|-heal|p1a: Sinistcha|64/100 par|[from] drain|[of] p2b: Raichu\n|faint|p2a: Zamazenta\n|faint|p2b: Raichu\n|\n|-weather|RainDance|[upkeep]\n|upkeep\n|\n|t:|1768907738\n|switch|p2b: Kingambit|Kingambit, L50, M|100/100\n|switch|p2a: Kyogre|Kyogre, L50, tera:Water|100/100\n|turn|4\n|\n|t:|1768907757\n|move|p1a: Sinistcha|Rage Powder|p1a: Sinistcha\n|-singleturn|p1a: Sinistcha|move: Rage Powder\n|move|p2a: Kyogre|Ice Beam|p1a: Sinistcha\n|-supereffective|p1a: Sinistcha\n|-damage|p1a: Sinistcha|0 fnt\n|faint|p1a: Sinistcha\n|move|p1b: Gastrodon|Earth Power|p2b: Kingambit\n|-supereffective|p2b: Kingambit\n|-damage|p2b: Kingambit|10/100\n|move|p2b: Kingambit|Kowtow Cleave|p1b: Gastrodon\n|-damage|p1b: Gastrodon|23/100\n|-enditem|p1b: Gastrodon|Aguav Berry|[eat]\n|-heal|p1b: Gastrodon|56/100|[from] item: Aguav Berry\n|\n|-weather|RainDance|[upkeep]\n|upkeep\n|\n|t:|1768907770\n|switch|p1a: Ceruledge|Ceruledge, L50, F|100/100\n|turn|5\n|\n|t:|1768907776\n|move|p1a: Ceruledge|Shadow Sneak|p2b: Kingambit\n|-resisted|p2b: Kingambit\n|-damage|p2b: Kingambit|1/100\n|move|p2a: Kyogre|Ice Beam|p1b: Gastrodon\n|-damage|p1b: Gastrodon|29/100\n|move|p1b: Gastrodon|Earth Power|p2a: Kyogre\n|-damage|p2a: Kyogre|64/100\n|move|p2b: Kingambit|Kowtow Cleave|p1a: Ceruledge\n|-supereffective|p1a: Ceruledge\n|-damage|p1a: Ceruledge|0 fnt\n|faint|p1a: Ceruledge\n|\n|-weather|none\n|upkeep\n|turn|6\n|\n|t:|1768907789\n|move|p2a: Kyogre|Ice Beam|p1b: Gastrodon\n|-damage|p1b: Gastrodon|4/100\n|move|p1b: Gastrodon|Earth Power|p2b: Kingambit\n|-supereffective|p2b: Kingambit\n|-damage|p2b: Kingambit|0 fnt\n|faint|p2b: Kingambit\n|\n|upkeep\n|turn|7\n|-message|avarussurava forfeited.\n|\n|win|xiaoliyunVGC\n|raw|avarussurava's rating: 1199 &rarr; <strong>1176</strong><br />(-23 for losing)\n|raw|xiaoliyunVGC's rating: 1230 &rarr; <strong>1253</strong><br />(+23 for winning)\n|l|\u2606avarussurava\n|player|p1|\n|l|\u2606xiaoliyunVGC\n|player|p2|\n","uploadtime":1768907975,"views":14,"formatid":"gen9vgc2026regi","rating":1176,"private":0,"password":null}