{"id":"gen9vgc2026regi-2577933812","format":"[Gen 9] VGC 2026 Reg I","players":["datbishgames","2DLord"],"log":"|j|\u2606datbishgames\n|j|\u26062DLord\n|t:|1775622665\n|gametype|doubles\n|player|p1|datbishgames|mira|1216\n|player|p2|2DLord|steven|1235\n|gen|9\n|tier|[Gen 9] VGC 2026 Reg I\n|rated|\n|rule|Species Clause: Limit one of each Pok\u00e9mon\n|rule|Item Clause: Limit 1 of each item\n|clearpoke\n|poke|p1|Dialga-Origin, L50|\n|poke|p1|Ho-Oh, L50|\n|poke|p1|Rotom-Wash, L50|\n|poke|p1|Amoonguss, L50, F|\n|poke|p1|Ursaluna, L50, M|\n|poke|p1|Zoroark-Hisui, L50, M|\n|poke|p2|Kyogre, L50|\n|poke|p2|Miraidon, L50|\n|poke|p2|Tornadus, L50, M|\n|poke|p2|Iron Hands, L50|\n|poke|p2|Farigiraf, L50, F|\n|poke|p2|Urshifu-*, L50, M|\n|teampreview|4\n|inactive|Battle timer is ON: inactive players will automatically lose when time's up. (requested by 2DLord)\n|inactive|datbishgames also wants the timer to be on.\n|\n|t:|1775622688\n|teamsize|p1|4\n|teamsize|p2|4\n|start\n|switch|p1a: Ho-Oh|Ho-Oh, L50|100/100\n|switch|p1b: Dialga|Dialga-Origin, L50|100/100\n|switch|p2a: Kyogre|Kyogre, L50|100/100\n|switch|p2b: Farigiraf|Farigiraf, L50, F|100/100\n|-weather|RainDance|[from] ability: Drizzle|[of] p2a: Kyogre\n|turn|1\n|\n|t:|1775622703\n|-terastallize|p1a: Ho-Oh|Grass\n|move|p2a: Kyogre|Protect|p2a: Kyogre\n|-singleturn|p2a: Kyogre|Protect\n|move|p1b: Dialga|Hyper Voice|p2a: Kyogre|[spread] p2b\n|-activate|p2a: Kyogre|move: Protect\n|-damage|p2b: Farigiraf|73/100\n|move|p1a: Ho-Oh|Brave Bird|p2a: Kyogre\n|-activate|p2a: Kyogre|move: Protect\n|move|p2b: Farigiraf|Imprison|p2b: Farigiraf\n|-start|p2b: Farigiraf|move: Imprison\n|\n|-weather|RainDance|[upkeep]\n|upkeep\n|turn|2\n|\n|t:|1775622726\n|move|p2b: Farigiraf|Helping Hand|p2a: Kyogre\n|-singleturn|p2a: Kyogre|Helping Hand|[of] p2b: Farigiraf\n|move|p1b: Dialga|Hyper Voice|p2a: Kyogre|[spread] p2a,p2b\n|-damage|p2a: Kyogre|75/100\n|-damage|p2b: Farigiraf|46/100\n|move|p2a: Kyogre|Water Spout|p1a: Ho-Oh|[spread] p1a,p1b\n|-resisted|p1a: Ho-Oh\n|-damage|p1a: Ho-Oh|65/100\n|-enditem|p1b: Dialga|Focus Sash\n|-damage|p1b: Dialga|1/100\n|replace|p1b: Zoroark|Zoroark-Hisui, L50, M\n|-end|p1b: Zoroark|Illusion\n|move|p1a: Ho-Oh|Brave Bird|p2a: Kyogre\n|-damage|p2a: Kyogre|5/100\n|-damage|p1a: Ho-Oh|46/100|[from] Recoil\n|\n|-weather|RainDance|[upkeep]\n|upkeep\n|turn|3\n|\n|t:|1775622744\n|move|p2a: Kyogre|Protect|p2a: Kyogre\n|-singleturn|p2a: Kyogre|Protect\n|move|p1b: Zoroark|Hyper Voice|p2a: Kyogre|[spread] p2b\n|-activate|p2a: Kyogre|move: Protect\n|-crit|p2b: Farigiraf\n|-damage|p2b: Farigiraf|6/100\n|move|p1a: Ho-Oh|Brave Bird|p2b: Farigiraf\n|-damage|p2b: Farigiraf|0 fnt\n|faint|p2b: Farigiraf\n|-damage|p1a: Ho-Oh|44/100|[from] Recoil\n|\n|-weather|RainDance|[upkeep]\n|upkeep\n|\n|t:|1775622757\n|switch|p2b: Iron Hands|Iron Hands, L50|100/100\n|turn|4\n|\n|t:|1775622776\n|move|p2b: Iron Hands|Fake Out|p1a: Ho-Oh\n|-damage|p1a: Ho-Oh|30/100\n|move|p1b: Zoroark|Hyper Voice|p2b: Iron Hands|[spread] p2a,p2b\n|-damage|p2a: Kyogre|0 fnt\n|-damage|p2b: Iron Hands|82/100\n|faint|p2a: Kyogre\n|move|p1a: Ho-Oh|Tailwind|p1a: Ho-Oh\n|-sidestart|p1: datbishgames|move: Tailwind\n|\n|-weather|RainDance|[upkeep]\n|upkeep\n|\n|t:|1775622784\n|switch|p2a: Miraidon|Miraidon, L50|100/100\n|-fieldstart|move: Electric Terrain|[from] ability: Hadron Engine|[of] p2a: Miraidon\n|-activate|p2b: Iron Hands|ability: Quark Drive\n|-start|p2b: Iron Hands|quarkdriveatk\n|turn|5\n|\n|t:|1775622797\n|switch|p1a: Ursaluna|Ursaluna, L50, M|100/100\n|-terastallize|p2a: Miraidon|Fairy\n|move|p1b: Zoroark|Icy Wind|p2a: Miraidon|[spread] p2a,p2b\n|-damage|p2a: Miraidon|89/100\n|-damage|p2b: Iron Hands|75/100\n|-unboost|p2a: Miraidon|spe|1\n|-unboost|p2b: Iron Hands|spe|1\n|move|p2a: Miraidon|Dazzling Gleam|p1a: Ursaluna|[spread] p1a,p1b\n|-damage|p1a: Ursaluna|39/100\n|-damage|p1b: Zoroark|0 fnt\n|faint|p1b: Zoroark\n|move|p2b: Iron Hands|Wild Charge|p1a: Ursaluna\n|-immune|p1a: Ursaluna\n|\n|-weather|none\n|-status|p1a: Ursaluna|brn|[from] item: Flame Orb\n|upkeep\n|\n|t:|1775622807\n|switch|p1b: Ho-Oh|Ho-Oh, L50, tera:Grass|63/100\n|turn|6\n|\n|t:|1775622816\n|move|p1b: Ho-Oh|Sacred Fire|p2b: Iron Hands\n|-damage|p2b: Iron Hands|38/100\n|-status|p2b: Iron Hands|brn\n|move|p1a: Ursaluna|Facade|p2a: Miraidon\n|-damage|p2a: Miraidon|0 fnt\n|faint|p2a: Miraidon\n|move|p2b: Iron Hands|Wild Charge|p1b: Ho-Oh\n|-resisted|p1b: Ho-Oh\n|-damage|p1b: Ho-Oh|44/100\n|-damage|p2b: Iron Hands|33/100 brn|[from] Recoil\n|\n|-damage|p1a: Ursaluna|33/100 brn|[from] brn\n|-damage|p2b: Iron Hands|27/100 brn|[from] brn\n|upkeep\n|turn|7\n|c|\u26062DLord|damn, gg\n|c|\u2606datbishgames|Gg\n|\n|t:|1775622831\n|move|p1b: Ho-Oh|Brave Bird|p2b: Iron Hands\n|-damage|p2b: Iron Hands|0 fnt\n|faint|p2b: Iron Hands\n|-end|p2b: Iron Hands|Quark Drive|[silent]\n|-damage|p1b: Ho-Oh|34/100|[from] Recoil\n|\n|win|datbishgames\n|raw|datbishgames's rating: 1216 &rarr; <strong>1242</strong><br />(+26 for winning)\n|raw|2DLord's rating: 1235 &rarr; <strong>1209</strong><br />(-26 for losing)\n|l|\u26062DLord\n|player|p2|\n|l|\u2606datbishgames\n|player|p1|\n","uploadtime":1775623025,"views":7,"formatid":"gen9vgc2026regi","rating":1209,"private":0,"password":null}