{"id":"gen9vgc2026regi-2568932195","format":"[Gen 9] VGC 2026 Reg I","players":["KaiMVGC","Cello L."],"log":"|j|\u2606KaiMVGC\n|j|\u2606Cello L.\n|t:|1774634281\n|gametype|doubles\n|player|p1|KaiMVGC|boarder|1554\n|player|p2|Cello L.|cynthia-gen4|1618\n|gen|9\n|tier|[Gen 9] VGC 2026 Reg I\n|rated|\n|rule|Species Clause: Limit one of each Pok\u00e9mon\n|rule|Item Clause: Limit 1 of each item\n|clearpoke\n|poke|p1|Calyrex-Shadow, L50|\n|poke|p1|Zamazenta-*, L50|\n|poke|p1|Rillaboom, L50, F|\n|poke|p1|Raging Bolt, L50|\n|poke|p1|Smeargle, L50, F|\n|poke|p1|Tornadus, L50, M|\n|poke|p2|Miraidon, L50|\n|poke|p2|Zamazenta-*, L50|\n|poke|p2|Chien-Pao, L50|\n|poke|p2|Iron Hands, L50|\n|poke|p2|Volcarona, L50, F|\n|poke|p2|Grimmsnarl, L50, M|\n|teampreview|4\n|\n|t:|1774634305\n|teamsize|p1|4\n|teamsize|p2|4\n|start\n|switch|p1a: Notorious CSR|Calyrex-Shadow, L50|100/100\n|switch|p1b: Dark Void X|Smeargle, L50, F|100/100\n|switch|p2a: Volcarona|Volcarona, L50, F|100/100\n|switch|p2b: Grimmsnarl|Grimmsnarl, L50, M|100/100\n|-ability|p1a: Notorious CSR|As One\n|-ability|p1a: Notorious CSR|Unnerve\n|turn|1\n|\n|t:|1774634331\n|move|p1b: Dark Void X|Fake Out|p2a: Volcarona\n|-damage|p2a: Volcarona|94/100\n|move|p2b: Grimmsnarl|Thunder Wave|p1b: Dark Void X\n|-status|p1b: Dark Void X|par\n|move|p1a: Notorious CSR|Nasty Plot|p1a: Notorious CSR\n|-boost|p1a: Notorious CSR|spa|2\n|cant|p2a: Volcarona|flinch\n|\n|-heal|p2a: Volcarona|100/100|[from] item: Leftovers\n|-ability|p1b: Dark Void X|Moody|boost\n|-boost|p1b: Dark Void X|def|2\n|-unboost|p1b: Dark Void X|spa|1\n|upkeep\n|turn|2\n|\n|t:|1774634370\n|move|p1a: Notorious CSR|Protect|p1a: Notorious CSR\n|-singleturn|p1a: Notorious CSR|Protect\n|move|p2a: Volcarona|Protect|p2a: Volcarona\n|-singleturn|p2a: Volcarona|Protect\n|move|p2b: Grimmsnarl|Thunder Wave|p1a: Notorious CSR\n|-activate|p1a: Notorious CSR|move: Protect\n|cant|p1b: Dark Void X|par\n|\n|-ability|p1b: Dark Void X|Moody|boost\n|-boost|p1b: Dark Void X|spa|2\n|-unboost|p1b: Dark Void X|spd|1\n|upkeep\n|turn|3\n|\n|t:|1774634380\n|-terastallize|p1a: Notorious CSR|Dark\n|move|p2b: Grimmsnarl|Thunder Wave|p1a: Notorious CSR\n|-hint|Since gen 7, Dark is immune to Prankster moves.\n|-immune|p1a: Notorious CSR\n|move|p1a: Notorious CSR|Astral Barrage|p2b: Grimmsnarl|[spread] p2a,p2b\n|-resisted|p2b: Grimmsnarl\n|-damage|p2a: Volcarona|0 fnt\n|-damage|p2b: Grimmsnarl|36/100\n|faint|p2a: Volcarona\n|-ability|p1a: Notorious CSR|Grim Neigh|boost\n|-boost|p1a: Notorious CSR|spa|1\n|-damage|p1a: Notorious CSR|91/100|[from] item: Life Orb\n|move|p1b: Dark Void X|Spore|p2b: Grimmsnarl\n|-status|p2b: Grimmsnarl|slp|[from] move: Spore\n|\n|-ability|p1b: Dark Void X|Moody|boost\n|-boost|p1b: Dark Void X|def|2\n|-unboost|p1b: Dark Void X|spe|1\n|upkeep\n|\n|t:|1774634389\n|switch|p2a: Zamazenta|Zamazenta-Crowned, L50|100/100\n|-ability|p2a: Zamazenta|Dauntless Shield|boost\n|-boost|p2a: Zamazenta|def|1\n|turn|4\n|\n|t:|1774634398\n|move|p1a: Notorious CSR|Protect|p1a: Notorious CSR\n|-singleturn|p1a: Notorious CSR|Protect\n|move|p2a: Zamazenta|Body Press|p1a: Notorious CSR\n|-activate|p1a: Notorious CSR|move: Protect\n|cant|p2b: Grimmsnarl|slp\n|move|p1b: Dark Void X|Spore|p2a: Zamazenta\n|-status|p2a: Zamazenta|slp|[from] move: Spore\n|\n|-ability|p1b: Dark Void X|Moody|boost\n|-boost|p1b: Dark Void X|atk|2\n|-unboost|p1b: Dark Void X|spe|1\n|upkeep\n|turn|5\n|\n|t:|1774634407\n|switch|p1b: Metro Boomin|Rillaboom, L50, F|100/100\n|-fieldstart|move: Grassy Terrain|[from] ability: Grassy Surge|[of] p1b: Metro Boomin\n|move|p1a: Notorious CSR|Astral Barrage|p2a: Zamazenta|[spread] p2a,p2b\n|-resisted|p2b: Grimmsnarl\n|-damage|p2a: Zamazenta|0 fnt\n|-damage|p2b: Grimmsnarl|0 fnt\n|faint|p2a: Zamazenta\n|faint|p2b: Grimmsnarl\n|-ability|p1a: Notorious CSR|Grim Neigh|boost\n|-boost|p1a: Notorious CSR|spa|2\n|-damage|p1a: Notorious CSR|81/100|[from] item: Life Orb\n|\n|-heal|p1a: Notorious CSR|88/100|[from] Grassy Terrain\n|upkeep\n|-message|Cello L. forfeited.\n|\n|win|KaiMVGC\n|raw|KaiMVGC's rating: 1554 &rarr; <strong>1578</strong><br />(+24 for winning)\n|raw|Cello L.'s rating: 1618 &rarr; <strong>1594</strong><br />(-24 for losing)\n|l|\u2606Cello L.\n|player|p2|\n|l|\u2606KaiMVGC\n|player|p1|\n","uploadtime":1774634639,"views":19,"formatid":"gen9vgc2026regi","rating":1578,"private":0,"password":null}