{"id":"gen9vgc2026regi-2520954038","format":"[Gen 9] VGC 2026 Reg I","players":["yaochangzhe","Unskilled99"],"log":"|j|\u2606yaochangzhe\n|j|\u2606Unskilled99\n|t:|1768703502\n|gametype|doubles\n|player|p1|yaochangzhe|265|1315\n|player|p2|Unskilled99|unknown|1428\n|gen|9\n|tier|[Gen 9] VGC 2026 Reg I\n|rated|\n|rule|Species Clause: Limit one of each Pok\u00e9mon\n|rule|Item Clause: Limit 1 of each item\n|clearpoke\n|poke|p1|Muk-Alola, L50, M|\n|poke|p1|Smeargle, L50, M|\n|poke|p1|Calyrex-Shadow, L50|\n|poke|p1|Zamazenta-*, L50|\n|poke|p1|Urshifu-*, L50, M|\n|poke|p1|Ditto, L50|\n|poke|p2|Calyrex-Shadow, L50|\n|poke|p2|Zamazenta-*, L50|\n|poke|p2|Chien-Pao, L50|\n|poke|p2|Dragonite, L50, M|\n|poke|p2|Raging Bolt, L50|\n|poke|p2|Amoonguss, L50, M|\n|teampreview|4\n|inactive|Battle timer is ON: inactive players will automatically lose when time's up. (requested by yaochangzhe)\n|\n|t:|1768703533\n|teamsize|p1|4\n|teamsize|p2|4\n|start\n|switch|p1a: Muk|Muk-Alola, L50, M|100/100\n|switch|p1b: Smeargle|Smeargle, L50, M|100/100\n|switch|p2a: Calyrex|Calyrex-Shadow, L50|100/100\n|switch|p2b: Dragonite|Dragonite, L50, M|100/100\n|-ability|p2a: Calyrex|As One\n|-ability|p2a: Calyrex|Unnerve\n|turn|1\n|inactive|Unskilled99 has 30 seconds left.\n|\n|t:|1768703562\n|-terastallize|p2b: Dragonite|Normal\n|move|p2a: Calyrex|Protect|p2a: Calyrex\n|-singleturn|p2a: Calyrex|Protect\n|move|p1b: Smeargle|Follow Me|p1b: Smeargle\n|-singleturn|p1b: Smeargle|move: Follow Me\n|move|p2b: Dragonite|Extreme Speed|p1b: Smeargle\n|-enditem|p1b: Smeargle|Focus Sash\n|-damage|p1b: Smeargle|1/100\n|move|p1a: Muk|Minimize|p1a: Muk\n|-boost|p1a: Muk|evasion|2\n|\n|-ability|p1b: Smeargle|Moody|boost\n|-boost|p1b: Smeargle|def|2\n|-unboost|p1b: Smeargle|atk|1\n|upkeep\n|turn|2\n|\n|t:|1768703575\n|move|p1b: Smeargle|Follow Me|p1b: Smeargle\n|-singleturn|p1b: Smeargle|move: Follow Me\n|move|p2b: Dragonite|Extreme Speed|p1b: Smeargle\n|-damage|p1b: Smeargle|0 fnt\n|faint|p1b: Smeargle\n|-ability|p1a: Muk|Moody|Power of Alchemy|[from] ability: Power of Alchemy|[of] p1b: Smeargle\n|move|p2a: Calyrex|Encore|p1a: Muk|[miss]\n|-miss|p2a: Calyrex|p1a: Muk\n|move|p1a: Muk|Minimize|p1a: Muk\n|-boost|p1a: Muk|evasion|2\n|\n|-ability|p1a: Muk|Moody|boost\n|-boost|p1a: Muk|spe|2\n|-unboost|p1a: Muk|spd|1\n|upkeep\n|\n|t:|1768703584\n|switch|p1b: Ditto|Ditto, L50|100/100\n|-transform|p1b: Ditto|p2a: Calyrex|[from] ability: Imposter\n|-ability|p1b: Ditto|As One\n|-ability|p1b: Ditto|Unnerve\n|turn|3\n|\n|t:|1768703607\n|move|p2b: Dragonite|Extreme Speed|p1a: Muk\n|-damage|p1a: Muk|50/100\n|move|p1b: Ditto|Astral Barrage|p2b: Dragonite|[spread] p2a\n|-immune|p2b: Dragonite\n|-supereffective|p2a: Calyrex\n|-enditem|p2a: Calyrex|Focus Sash\n|-damage|p2a: Calyrex|1/100\n|move|p2a: Calyrex|Astral Barrage|p1b: Ditto|[spread] p1a,p1b\n|-resisted|p1a: Muk\n|-supereffective|p1b: Ditto\n|-damage|p1a: Muk|12/100\n|-damage|p1b: Ditto|0 fnt\n|faint|p1b: Ditto\n|-ability|p2a: Calyrex|Grim Neigh|boost\n|-boost|p2a: Calyrex|spa|1\n|move|p1a: Muk|Minimize|p1a: Muk\n|-boost|p1a: Muk|evasion|2\n|\n|-heal|p1a: Muk|18/100|[from] item: Leftovers\n|-ability|p1a: Muk|Moody|boost\n|-boost|p1a: Muk|spa|2\n|-unboost|p1a: Muk|def|1\n|upkeep\n|\n|t:|1768703618\n|switch|p1b: Calyrex|Calyrex-Shadow, L50|100/100\n|-ability|p1b: Calyrex|As One\n|-ability|p1b: Calyrex|Unnerve\n|turn|4\n|\n|t:|1768703636\n|-terastallize|p1b: Calyrex|Dark\n|move|p1a: Muk|Protect|p1a: Muk\n|-singleturn|p1a: Muk|Protect\n|move|p2b: Dragonite|Extreme Speed|p1a: Muk\n|-activate|p1a: Muk|move: Protect\n|move|p1b: Calyrex|Psych Up|p1a: Muk\n|-copyboost|p1b: Calyrex|p1a: Muk|[from] move: Psych Up\n|move|p2a: Calyrex|Astral Barrage|p1b: Calyrex|[spread] \n|-activate|p1a: Muk|move: Protect\n|-miss|p2a: Calyrex|p1b: Calyrex\n|\n|-heal|p1a: Muk|24/100|[from] item: Leftovers\n|-ability|p1a: Muk|Moody|boost\n|-boost|p1a: Muk|spd|2\n|-unboost|p1a: Muk|spa|1\n|upkeep\n|turn|5\n|\n|t:|1768703648\n|move|p2b: Dragonite|Extreme Speed|p1b: Calyrex\n|-damage|p1b: Calyrex|0 fnt\n|faint|p1b: Calyrex\n|move|p2a: Calyrex|Encore|p1a: Muk\n|-start|p1a: Muk|Encore\n|move|p1a: Muk|Protect||[still]\n|-fail|p1a: Muk\n|\n|-heal|p1a: Muk|30/100|[from] item: Leftovers\n|-ability|p1a: Muk|Moody|boost\n|-boost|p1a: Muk|atk|2\n|-unboost|p1a: Muk|spe|1\n|upkeep\n|turn|6\n|\n|t:|1768703667\n|switch|p2a: Chien-Pao|Chien-Pao, L50|100/100\n|-ability|p2a: Chien-Pao|Sword of Ruin\n|move|p1a: Muk|Protect|p1a: Muk\n|-singleturn|p1a: Muk|Protect\n|move|p2b: Dragonite|Extreme Speed|p1a: Muk\n|-activate|p1a: Muk|move: Protect\n|\n|-heal|p1a: Muk|36/100|[from] item: Leftovers\n|-ability|p1a: Muk|Moody|boost\n|-boost|p1a: Muk|spd|2\n|-unboost|p1a: Muk|atk|1\n|upkeep\n|turn|7\n|\n|t:|1768703679\n|move|p1a: Muk|Protect||[still]\n|-fail|p1a: Muk\n|move|p2b: Dragonite|Extreme Speed|p1a: Muk|[miss]\n|-miss|p2b: Dragonite|p1a: Muk\n|move|p2a: Chien-Pao|Ice Spinner|p1a: Muk|[miss]\n|-miss|p2a: Chien-Pao|p1a: Muk\n|\n|-heal|p1a: Muk|42/100|[from] item: Leftovers\n|-end|p1a: Muk|Encore\n|-ability|p1a: Muk|Moody|boost\n|-boost|p1a: Muk|spd|2\n|-unboost|p1a: Muk|atk|1\n|upkeep\n|turn|8\n|\n|t:|1768703691\n|switch|p2b: Amoonguss|Amoonguss, L50, M|100/100\n|move|p1a: Muk|Protect|p1a: Muk\n|-singleturn|p1a: Muk|Protect\n|move|p2a: Chien-Pao|Ice Spinner|p1a: Muk\n|-activate|p1a: Muk|move: Protect\n|\n|-heal|p1a: Muk|49/100|[from] item: Leftovers\n|-ability|p1a: Muk|Moody|boost\n|-boost|p1a: Muk|def|2\n|-unboost|p1a: Muk|spa|1\n|upkeep\n|turn|9\n|\n|t:|1768703700\n|move|p2a: Chien-Pao|Ice Spinner|p1a: Muk|[miss]\n|-miss|p2a: Chien-Pao|p1a: Muk\n|move|p1a: Muk|Substitute|p1a: Muk\n|-start|p1a: Muk|Substitute\n|-damage|p1a: Muk|24/100\n|move|p2b: Amoonguss|Spore||[still]\n|-fail|p2b: Amoonguss\n|\n|-heal|p1a: Muk|30/100|[from] item: Leftovers\n|-ability|p1a: Muk|Moody|boost\n|-boost|p1a: Muk|spe|2\n|-unboost|p1a: Muk|spd|1\n|upkeep\n|turn|10\n|\n|t:|1768703706\n|move|p1a: Muk|Protect|p1a: Muk\n|-singleturn|p1a: Muk|Protect\n|move|p2a: Chien-Pao|Ice Spinner|p1a: Muk\n|-activate|p1a: Muk|move: Protect\n|move|p2b: Amoonguss|Spore|p1a: Muk\n|-activate|p1a: Muk|move: Protect\n|\n|-heal|p1a: Muk|36/100|[from] item: Leftovers\n|-ability|p1a: Muk|Moody|boost\n|-boost|p1a: Muk|spa|2\n|-unboost|p1a: Muk|spd|1\n|upkeep\n|turn|11\n|\n|t:|1768703718\n|move|p2a: Chien-Pao|Ice Spinner|p1a: Muk\n|-activate|p1a: Muk|move: Substitute|[damage]\n|move|p1a: Muk|Knock Off|p2a: Chien-Pao\n|-resisted|p2a: Chien-Pao\n|-damage|p2a: Chien-Pao|78/100\n|-enditem|p2a: Chien-Pao|Assault Vest|[from] move: Knock Off|[of] p1a: Muk\n|move|p2b: Amoonguss|Spore|p1a: Muk|[miss]\n|-miss|p2b: Amoonguss|p1a: Muk\n|\n|-heal|p1a: Muk|42/100|[from] item: Leftovers\n|-ability|p1a: Muk|Moody|boost\n|-boost|p1a: Muk|def|2\n|-unboost|p1a: Muk|atk|1\n|upkeep\n|turn|12\n|\n|t:|1768703727\n|switch|p2b: Calyrex|Calyrex-Shadow, L50|1/100\n|-ability|p2b: Calyrex|As One\n|-ability|p2b: Calyrex|Unnerve\n|move|p1a: Muk|Protect|p1a: Muk\n|-singleturn|p1a: Muk|Protect\n|move|p2a: Chien-Pao|Ice Spinner|p1a: Muk\n|-activate|p1a: Muk|move: Protect\n|\n|-heal|p1a: Muk|48/100|[from] item: Leftovers\n|-ability|p1a: Muk|Moody|boost\n|-boost|p1a: Muk|def|2\n|-unboost|p1a: Muk|spa|1\n|upkeep\n|turn|13\n|\n|t:|1768703735\n|move|p2b: Calyrex|Encore|p1a: Muk|[miss]\n|-miss|p2b: Calyrex|p1a: Muk\n|move|p2a: Chien-Pao|Ice Spinner|p1a: Muk|[miss]\n|-miss|p2a: Chien-Pao|p1a: Muk\n|move|p1a: Muk|Knock Off|p2b: Calyrex\n|-supereffective|p2b: Calyrex\n|-damage|p2b: Calyrex|0 fnt\n|faint|p2b: Calyrex\n|\n|-heal|p1a: Muk|54/100|[from] item: Leftovers\n|-ability|p1a: Muk|Moody|boost\n|-boost|p1a: Muk|spe|2\n|-unboost|p1a: Muk|atk|1\n|upkeep\n|\n|t:|1768703747\n|switch|p2b: Dragonite|Dragonite, L50, M, tera:Normal|100/100\n|turn|14\n|\n|t:|1768703764\n|move|p1a: Muk|Protect|p1a: Muk\n|-singleturn|p1a: Muk|Protect\n|move|p2b: Dragonite|Extreme Speed|p1a: Muk\n|-activate|p1a: Muk|move: Protect\n|move|p2a: Chien-Pao|Ice Spinner|p1a: Muk\n|-activate|p1a: Muk|move: Protect\n|\n|-heal|p1a: Muk|60/100|[from] item: Leftovers\n|-ability|p1a: Muk|Moody|boost\n|-boost|p1a: Muk|spe|1\n|-unboost|p1a: Muk|atk|1\n|upkeep\n|turn|15\n|\n|t:|1768703774\n|switch|p2b: Amoonguss|Amoonguss, L50, M|100/100\n|move|p1a: Muk|Knock Off|p2b: Amoonguss\n|-damage|p2b: Amoonguss|84/100\n|-damage|p1a: Muk|44/100|[from] item: Rocky Helmet|[of] p2b: Amoonguss\n|-enditem|p2b: Amoonguss|Rocky Helmet|[from] move: Knock Off|[of] p1a: Muk\n|move|p2a: Chien-Pao|Ice Spinner|p1a: Muk|[miss]\n|-miss|p2a: Chien-Pao|p1a: Muk\n|\n|-heal|p1a: Muk|50/100|[from] item: Leftovers\n|-ability|p1a: Muk|Moody|boost\n|-boost|p1a: Muk|spa|2\n|-unboost|p1a: Muk|def|1\n|upkeep\n|turn|16\n|\n|t:|1768703785\n|move|p1a: Muk|Protect|p1a: Muk\n|-singleturn|p1a: Muk|Protect\n|move|p2a: Chien-Pao|Ice Spinner|p1a: Muk\n|-activate|p1a: Muk|move: Protect\n|move|p2b: Amoonguss|Sludge Bomb|p1a: Muk\n|-activate|p1a: Muk|move: Protect\n|\n|-heal|p1a: Muk|56/100|[from] item: Leftovers\n|-ability|p1a: Muk|Moody|boost\n|-boost|p1a: Muk|spa|2\n|-unboost|p1a: Muk|spd|1\n|upkeep\n|turn|17\n|\n|t:|1768703796\n|move|p1a: Muk|Knock Off|p2b: Amoonguss\n|-crit|p2b: Amoonguss\n|-damage|p2b: Amoonguss|42/100\n|move|p2a: Chien-Pao|Ice Spinner|p1a: Muk|[miss]\n|-miss|p2a: Chien-Pao|p1a: Muk\n|move|p2b: Amoonguss|Sludge Bomb|p1a: Muk|[miss]\n|-miss|p2b: Amoonguss|p1a: Muk\n|\n|-heal|p1a: Muk|62/100|[from] item: Leftovers\n|-ability|p1a: Muk|Moody|boost\n|-boost|p1a: Muk|def|2\n|-unboost|p1a: Muk|spa|1\n|upkeep\n|turn|18\n|\n|t:|1768703806\n|move|p1a: Muk|Protect|p1a: Muk\n|-singleturn|p1a: Muk|Protect\n|move|p2b: Amoonguss|Protect|p2b: Amoonguss\n|-singleturn|p2b: Amoonguss|Protect\n|move|p2a: Chien-Pao|Ice Spinner|p1a: Muk\n|-activate|p1a: Muk|move: Protect\n|\n|-heal|p1a: Muk|68/100|[from] item: Leftovers\n|-ability|p1a: Muk|Moody|boost\n|-boost|p1a: Muk|spd|2\n|-unboost|p1a: Muk|atk|1\n|upkeep\n|turn|19\n|\n|t:|1768703815\n|switch|p2b: Dragonite|Dragonite, L50, M, tera:Normal|100/100\n|move|p1a: Muk|Knock Off|p2b: Dragonite\n|-damage|p2b: Dragonite|85/100\n|-enditem|p2b: Dragonite|Choice Band|[from] move: Knock Off|[of] p1a: Muk\n|move|p2a: Chien-Pao|Ice Spinner|p1a: Muk\n|-end|p1a: Muk|Substitute\n|\n|-heal|p1a: Muk|75/100|[from] item: Leftovers\n|-ability|p1a: Muk|Moody|boost\n|-boost|p1a: Muk|spa|2\n|-unboost|p1a: Muk|spe|1\n|upkeep\n|turn|20\n|\n|t:|1768703831\n|move|p1a: Muk|Protect|p1a: Muk\n|-singleturn|p1a: Muk|Protect\n|move|p2a: Chien-Pao|Ice Spinner|p1a: Muk\n|-activate|p1a: Muk|move: Protect\n|move|p2b: Dragonite|Low Kick|p1a: Muk\n|-activate|p1a: Muk|move: Protect\n|\n|-heal|p1a: Muk|81/100|[from] item: Leftovers\n|-ability|p1a: Muk|Moody|boost\n|-boost|p1a: Muk|spd|2\n|-unboost|p1a: Muk|spe|1\n|upkeep\n|turn|21\n|\n|t:|1768703840\n|move|p1a: Muk|Substitute|p1a: Muk\n|-start|p1a: Muk|Substitute\n|-damage|p1a: Muk|56/100\n|move|p2a: Chien-Pao|Ice Spinner|p1a: Muk|[miss]\n|-miss|p2a: Chien-Pao|p1a: Muk\n|move|p2b: Dragonite|Low Kick|p1a: Muk\n|-activate|p1a: Muk|move: Substitute|[damage]\n|\n|-heal|p1a: Muk|62/100|[from] item: Leftovers\n|-ability|p1a: Muk|Moody|boost\n|-boost|p1a: Muk|spe|2\n|-unboost|p1a: Muk|def|1\n|upkeep\n|turn|22\n|\n|t:|1768703854\n|switch|p2b: Amoonguss|Amoonguss, L50, M|75/100\n|move|p1a: Muk|Protect|p1a: Muk\n|-singleturn|p1a: Muk|Protect\n|move|p2a: Chien-Pao|Ice Spinner|p1a: Muk\n|-activate|p1a: Muk|move: Protect\n|\n|-heal|p1a: Muk|68/100|[from] item: Leftovers\n|-ability|p1a: Muk|Moody|boost\n|-boost|p1a: Muk|atk|2\n|-unboost|p1a: Muk|spa|1\n|upkeep\n|turn|23\n|\n|t:|1768703862\n|move|p2b: Amoonguss|Protect|p2b: Amoonguss\n|-singleturn|p2b: Amoonguss|Protect\n|move|p1a: Muk|Knock Off|p2b: Amoonguss\n|-activate|p2b: Amoonguss|move: Protect\n|move|p2a: Chien-Pao|Ice Spinner|p1a: Muk|[miss]\n|-miss|p2a: Chien-Pao|p1a: Muk\n|\n|-heal|p1a: Muk|74/100|[from] item: Leftovers\n|-ability|p1a: Muk|Moody|boost\n|-boost|p1a: Muk|spa|1\n|-unboost|p1a: Muk|spe|1\n|upkeep\n|turn|24\n|\n|t:|1768703881\n|switch|p2b: Dragonite|Dragonite, L50, M, tera:Normal|85/100\n|move|p1a: Muk|Protect|p1a: Muk\n|-singleturn|p1a: Muk|Protect\n|move|p2a: Chien-Pao|Ice Spinner|p1a: Muk\n|-activate|p1a: Muk|move: Protect\n|\n|-heal|p1a: Muk|80/100|[from] item: Leftovers\n|-ability|p1a: Muk|Moody|boost\n|-boost|p1a: Muk|def|1\n|-unboost|p1a: Muk|spd|1\n|upkeep\n|turn|25\n|\n|t:|1768703888\n|move|p1a: Muk|Knock Off|p2b: Dragonite\n|-damage|p2b: Dragonite|71/100\n|move|p2a: Chien-Pao|Ice Spinner|p1a: Muk|[miss]\n|-miss|p2a: Chien-Pao|p1a: Muk\n|move|p2b: Dragonite|Outrage|p1a: Muk|[miss]\n|-miss|p2b: Dragonite|p1a: Muk\n|\n|-heal|p1a: Muk|86/100|[from] item: Leftovers\n|-ability|p1a: Muk|Moody|boost\n|-boost|p1a: Muk|spd|1\n|-unboost|p1a: Muk|def|1\n|upkeep\n|turn|26\n|\n|t:|1768703899\n|move|p1a: Muk|Protect|p1a: Muk\n|-singleturn|p1a: Muk|Protect\n|move|p2a: Chien-Pao|Ice Spinner|p1a: Muk\n|-activate|p1a: Muk|move: Protect\n|move|p2b: Dragonite|Low Kick|p1a: Muk\n|-activate|p1a: Muk|move: Protect\n|\n|-heal|p1a: Muk|92/100|[from] item: Leftovers\n|-ability|p1a: Muk|Moody|boost\n|-boost|p1a: Muk|spe|1\n|-unboost|p1a: Muk|def|1\n|upkeep\n|turn|27\n|\n|t:|1768703915\n|switch|p2b: Amoonguss|Amoonguss, L50, M|100/100\n|move|p1a: Muk|Knock Off|p2a: Chien-Pao\n|-resisted|p2a: Chien-Pao\n|-damage|p2a: Chien-Pao|69/100\n|move|p2a: Chien-Pao|Ice Spinner|p1a: Muk\n|-activate|p1a: Muk|move: Substitute|[damage]\n|\n|-heal|p1a: Muk|99/100|[from] item: Leftovers\n|-ability|p1a: Muk|Moody|boost\n|-boost|p1a: Muk|atk|2\n|-unboost|p1a: Muk|def|1\n|upkeep\n|turn|28\n|\n|t:|1768703940\n|switch|p2a: Dragonite|Dragonite, L50, M, tera:Normal|71/100\n|move|p1a: Muk|Knock Off|p2b: Amoonguss\n|-damage|p2b: Amoonguss|80/100\n|move|p2b: Amoonguss|Spore|p1a: Muk|[miss]\n|-miss|p2b: Amoonguss|p1a: Muk\n|\n|-heal|p1a: Muk|100/100|[from] item: Leftovers\n|-ability|p1a: Muk|Moody|boost\n|-boost|p1a: Muk|def|2\n|-unboost|p1a: Muk|spe|1\n|upkeep\n|turn|29\n|\n|t:|1768703954\n|move|p2b: Amoonguss|Rage Powder|p2b: Amoonguss\n|-singleturn|p2b: Amoonguss|move: Rage Powder\n|move|p1a: Muk|Knock Off|p2b: Amoonguss\n|-damage|p2b: Amoonguss|58/100\n|move|p2a: Dragonite|Low Kick|p1a: Muk\n|-end|p1a: Muk|Substitute\n|\n|-ability|p1a: Muk|Moody|boost\n|-boost|p1a: Muk|atk|2\n|-unboost|p1a: Muk|spd|1\n|upkeep\n|turn|30\n|\n|t:|1768703970\n|move|p2b: Amoonguss|Rage Powder|p2b: Amoonguss\n|-singleturn|p2b: Amoonguss|move: Rage Powder\n|move|p1a: Muk|Substitute|p1a: Muk\n|-start|p1a: Muk|Substitute\n|-damage|p1a: Muk|75/100\n|move|p2a: Dragonite|Low Kick|p1a: Muk|[miss]\n|-miss|p2a: Dragonite|p1a: Muk\n|\n|-heal|p1a: Muk|82/100|[from] item: Leftovers\n|-ability|p1a: Muk|Moody|boost\n|-boost|p1a: Muk|spe|1\n|-unboost|p1a: Muk|atk|1\n|upkeep\n|turn|31\n|\n|t:|1768703979\n|move|p2b: Amoonguss|Protect|p2b: Amoonguss\n|-singleturn|p2b: Amoonguss|Protect\n|move|p1a: Muk|Knock Off|p2b: Amoonguss\n|-activate|p2b: Amoonguss|move: Protect\n|move|p2a: Dragonite|Low Kick|p1a: Muk|[miss]\n|-miss|p2a: Dragonite|p1a: Muk\n|\n|-heal|p1a: Muk|88/100|[from] item: Leftovers\n|-ability|p1a: Muk|Moody|boost\n|-boost|p1a: Muk|spd|1\n|-unboost|p1a: Muk|atk|1\n|upkeep\n|turn|32\n|\n|t:|1768703996\n|move|p1a: Muk|Minimize|p1a: Muk\n|-boost|p1a: Muk|evasion|0\n|move|p2a: Dragonite|Low Kick|p1a: Muk\n|-activate|p1a: Muk|move: Substitute|[damage]\n|move|p2b: Amoonguss|Sludge Bomb|p1a: Muk|[miss]\n|-miss|p2b: Amoonguss|p1a: Muk\n|\n|-heal|p1a: Muk|94/100|[from] item: Leftovers\n|-ability|p1a: Muk|Moody|boost\n|-boost|p1a: Muk|atk|2\n|-unboost|p1a: Muk|spe|1\n|upkeep\n|turn|33\n|\n|t:|1768704010\n|move|p1a: Muk|Minimize|p1a: Muk\n|-boost|p1a: Muk|evasion|0\n|move|p2a: Dragonite|Low Kick|p1a: Muk\n|-activate|p1a: Muk|move: Substitute|[damage]\n|move|p2b: Amoonguss|Sludge Bomb|p1a: Muk|[miss]\n|-miss|p2b: Amoonguss|p1a: Muk\n|\n|-heal|p1a: Muk|99/100|[from] item: Leftovers\n|-ability|p1a: Muk|Moody|boost\n|-boost|p1a: Muk|atk|2\n|-unboost|p1a: Muk|def|1\n|upkeep\n|turn|34\n|\n|t:|1768704018\n|move|p1a: Muk|Minimize|p1a: Muk\n|-boost|p1a: Muk|evasion|0\n|move|p2a: Dragonite|Low Kick|p1a: Muk|[miss]\n|-miss|p2a: Dragonite|p1a: Muk\n|move|p2b: Amoonguss|Spore|p1a: Muk|[miss]\n|-miss|p2b: Amoonguss|p1a: Muk\n|\n|-heal|p1a: Muk|100/100|[from] item: Leftovers\n|-ability|p1a: Muk|Moody|boost\n|-boost|p1a: Muk|spe|1\n|-unboost|p1a: Muk|spd|1\n|upkeep\n|turn|35\n|\n|t:|1768704029\n|move|p1a: Muk|Minimize|p1a: Muk\n|-boost|p1a: Muk|evasion|0\n|move|p2a: Dragonite|Low Kick|p1a: Muk|[miss]\n|-miss|p2a: Dragonite|p1a: Muk\n|move|p2b: Amoonguss|Spore||[still]\n|-fail|p2b: Amoonguss\n|\n|-ability|p1a: Muk|Moody|boost\n|-boost|p1a: Muk|def|2\n|-unboost|p1a: Muk|atk|1\n|upkeep\n|turn|36\n|\n|t:|1768704046\n|move|p1a: Muk|Minimize|p1a: Muk\n|-boost|p1a: Muk|evasion|0\n|move|p2a: Dragonite|Outrage|p1a: Muk|[miss]\n|-miss|p2a: Dragonite|p1a: Muk\n|move|p2b: Amoonguss|Spore|p1a: Muk|[miss]\n|-miss|p2b: Amoonguss|p1a: Muk\n|\n|-ability|p1a: Muk|Moody|boost\n|-boost|p1a: Muk|spd|1\n|-unboost|p1a: Muk|def|1\n|upkeep\n|turn|37\n|\n|t:|1768704057\n|move|p1a: Muk|Minimize|p1a: Muk\n|-boost|p1a: Muk|evasion|0\n|move|p2a: Dragonite|Low Kick|p1a: Muk\n|-activate|p1a: Muk|move: Substitute|[damage]\n|move|p2b: Amoonguss|Spore|p1a: Muk|[miss]\n|-miss|p2b: Amoonguss|p1a: Muk\n|\n|-ability|p1a: Muk|Moody|boost\n|-boost|p1a: Muk|atk|2\n|-unboost|p1a: Muk|spd|1\n|upkeep\n|turn|38\n|\n|t:|1768704061\n|switch|p2b: Chien-Pao|Chien-Pao, L50|69/100\n|-ability|p2b: Chien-Pao|Sword of Ruin\n|move|p1a: Muk|Knock Off|p2a: Dragonite\n|-damage|p2a: Dragonite|0 fnt\n|faint|p2a: Dragonite\n|\n|-ability|p1a: Muk|Moody|boost\n|-boost|p1a: Muk|spd|1\n|-unboost|p1a: Muk|def|1\n|upkeep\n|\n|t:|1768704071\n|switch|p2a: Amoonguss|Amoonguss, L50, M|91/100\n|turn|39\n|\n|t:|1768704081\n|move|p1a: Muk|Knock Off|p2b: Chien-Pao\n|-resisted|p2b: Chien-Pao\n|-damage|p2b: Chien-Pao|17/100\n|move|p2b: Chien-Pao|Ice Spinner|p1a: Muk|[miss]\n|-miss|p2b: Chien-Pao|p1a: Muk\n|move|p2a: Amoonguss|Sludge Bomb|p1a: Muk\n|-resisted|p1a: Muk\n|-activate|p1a: Muk|move: Substitute|[damage]\n|\n|-ability|p1a: Muk|Moody|boost\n|-boost|p1a: Muk|atk|1\n|-unboost|p1a: Muk|spa|1\n|upkeep\n|turn|40\n|\n|t:|1768704096\n|move|p1a: Muk|Knock Off|p2b: Chien-Pao\n|-resisted|p2b: Chien-Pao\n|-damage|p2b: Chien-Pao|0 fnt\n|faint|p2b: Chien-Pao\n|move|p2a: Amoonguss|Sludge Bomb|p1a: Muk|[miss]\n|-miss|p2a: Amoonguss|p1a: Muk\n|\n|-ability|p1a: Muk|Moody|boost\n|-boost|p1a: Muk|def|2\n|-unboost|p1a: Muk|spe|1\n|upkeep\n|turn|41\n|c|\u2606Unskilled99|:(\n|-message|Unskilled99 forfeited.\n|\n|win|yaochangzhe\n|raw|yaochangzhe's rating: 1315 &rarr; <strong>1341</strong><br />(+26 for winning)\n|raw|Unskilled99's rating: 1428 &rarr; <strong>1402</strong><br />(-26 for losing)\n|l|\u2606Unskilled99\n|player|p2|\n|j| new three kingdoms\n|l|\u2606yaochangzhe\n|player|p1|\n","uploadtime":1768704336,"views":14,"formatid":"gen9vgc2026regi","rating":1341,"private":0,"password":null}