{"id":"gen9vgc2026regi-2546914008","format":"[Gen 9] VGC 2026 Reg I","players":["Simon0123","gundojuan8"],"log":"|j|\u2606Simon0123\n|j|\u2606gundojuan8\n|t:|1772029144\n|gametype|doubles\n|player|p1|Simon0123|benga|1135\n|player|p2|gundojuan8|ethan|1219\n|gen|9\n|tier|[Gen 9] VGC 2026 Reg I\n|rated|\n|rule|Species Clause: Limit one of each Pok\u00e9mon\n|rule|Item Clause: Limit 1 of each item\n|clearpoke\n|poke|p1|Miraidon, L50|\n|poke|p1|Flutter Mane, L50|\n|poke|p1|Incineroar, L50, M|\n|poke|p1|Urshifu-*, L50, F|\n|poke|p1|Tornadus, L50, M|\n|poke|p1|Amoonguss, L50, F|\n|poke|p2|Calyrex-Shadow, L50|\n|poke|p2|Zamazenta-*, L50|\n|poke|p2|Chien-Pao, L50|\n|poke|p2|Dragonite, L50, M|\n|poke|p2|Raging Bolt, L50|\n|poke|p2|Amoonguss, L50, M|\n|teampreview|4\n|inactive|Battle timer is ON: inactive players will automatically lose when time's up. (requested by Simon0123)\n|inactive|gundojuan8 also wants the timer to be on.\n|\n|t:|1772029173\n|teamsize|p1|4\n|teamsize|p2|4\n|start\n|switch|p1a: Miraidon|Miraidon, L50|100/100\n|switch|p1b: Tornadus|Tornadus, L50, M|100/100\n|switch|p2a: Zamazenta|Zamazenta-Crowned, L50|100/100\n|switch|p2b: Dragonite|Dragonite, L50, M|100/100\n|-fieldstart|move: Electric Terrain|[from] ability: Hadron Engine|[of] p1a: Miraidon\n|-ability|p2a: Zamazenta|Dauntless Shield|boost\n|-boost|p2a: Zamazenta|def|1\n|turn|1\n|inactive|Simon0123 has 30 seconds left.\n|\n|t:|1772029199\n|-terastallize|p1a: Miraidon|Electric\n|-terastallize|p2b: Dragonite|Normal\n|move|p1b: Tornadus|Protect|p1b: Tornadus\n|-singleturn|p1b: Tornadus|Protect\n|move|p2b: Dragonite|Extreme Speed|p1a: Miraidon\n|-damage|p1a: Miraidon|32/100\n|move|p1a: Miraidon|Volt Switch|p2a: Zamazenta\n|-damage|p2a: Zamazenta|15/100\n|\n|t:|1772029212\n|switch|p1a: Incineroar|Incineroar, L50, M|100/100|[from] Volt Switch\n|-ability|p1a: Incineroar|Intimidate|boost\n|-unboost|p2a: Zamazenta|atk|1\n|-fail|p2b: Dragonite|unboost|Attack|[from] ability: Inner Focus|[of] p2b: Dragonite\n|move|p2a: Zamazenta|Heavy Slam|p1b: Tornadus\n|-activate|p1b: Tornadus|move: Protect\n|\n|upkeep\n|turn|2\n|inactive|gundojuan8 has 30 seconds left.\n|\n|t:|1772029241\n|move|p1a: Incineroar|Fake Out|p2a: Zamazenta\n|-resisted|p2a: Zamazenta\n|-damage|p2a: Zamazenta|13/100\n|move|p2b: Dragonite|Extreme Speed|p1b: Tornadus\n|-damage|p1b: Tornadus|11/100\n|move|p1b: Tornadus|Bleakwind Storm|p2a: Zamazenta|[spread] p2a,p2b\n|-crit|p2b: Dragonite\n|-damage|p2a: Zamazenta|0 fnt\n|-damage|p2b: Dragonite|56/100\n|-unboost|p2b: Dragonite|spe|1\n|faint|p2a: Zamazenta\n|\n|upkeep\n|\n|t:|1772029245\n|switch|p2a: Chien-Pao|Chien-Pao, L50|100/100\n|-ability|p2a: Chien-Pao|Sword of Ruin\n|turn|3\n|inactive|Simon0123 has 30 seconds left.\n|\n|t:|1772029275\n|move|p2b: Dragonite|Extreme Speed|p1a: Incineroar\n|-damage|p1a: Incineroar|15/100\n|move|p1b: Tornadus|Tailwind|p1b: Tornadus\n|-sidestart|p1: Simon0123|move: Tailwind\n|move|p2a: Chien-Pao|Icy Wind|p1b: Tornadus|[spread] p1a,p1b\n|-resisted|p1a: Incineroar\n|-supereffective|p1b: Tornadus\n|-damage|p1a: Incineroar|11/100\n|-damage|p1b: Tornadus|0 fnt\n|-unboost|p1a: Incineroar|spe|1\n|faint|p1b: Tornadus\n|move|p1a: Incineroar|Flare Blitz|p2b: Dragonite\n|-damage|p2b: Dragonite|0 fnt\n|faint|p2b: Dragonite\n|-damage|p1a: Incineroar|0 fnt|[from] Recoil\n|faint|p1a: Incineroar\n|\n|upkeep\n|\n|t:|1772029290\n|switch|p1b: Urshifu|Urshifu-Rapid-Strike, L50, F|100/100\n|switch|p2b: Calyrex|Calyrex-Shadow, L50|100/100\n|switch|p1a: Miraidon|Miraidon, L50, tera:Electric|32/100\n|-ability|p2b: Calyrex|As One\n|-ability|p2b: Calyrex|Unnerve\n|-activate|p1a: Miraidon|ability: Hadron Engine\n|turn|4\n|\n|t:|1772029305\n|move|p2a: Chien-Pao|Sucker Punch|p1a: Miraidon\n|-damage|p1a: Miraidon|0 fnt\n|faint|p1a: Miraidon\n|move|p1b: Urshifu|Surging Strikes|p2b: Calyrex\n|-crit|p2b: Calyrex\n|-damage|p2b: Calyrex|62/100\n|-crit|p2b: Calyrex\n|-damage|p2b: Calyrex|22/100\n|-crit|p2b: Calyrex\n|-damage|p2b: Calyrex|0 fnt\n|faint|p2b: Calyrex\n|-hitcount|p2: Calyrex|3\n|\n|upkeep\n|turn|5\n|\n|t:|1772029320\n|move|p2a: Chien-Pao|Sucker Punch|p1b: Urshifu\n|-resisted|p1b: Urshifu\n|-damage|p1b: Urshifu|80/100\n|move|p1b: Urshifu|Surging Strikes|p2a: Chien-Pao\n|-crit|p2a: Chien-Pao\n|-damage|p2a: Chien-Pao|72/100\n|-crit|p2a: Chien-Pao\n|-damage|p2a: Chien-Pao|43/100\n|-crit|p2a: Chien-Pao\n|-damage|p2a: Chien-Pao|10/100\n|-hitcount|p2a: Chien-Pao|3\n|\n|-fieldend|move: Electric Terrain\n|upkeep\n|turn|6\n|-message|gundojuan8 forfeited.\n|\n|win|Simon0123\n|raw|Simon0123's rating: 1135 &rarr; <strong>1166</strong><br />(+31 for winning)\n|raw|gundojuan8's rating: 1219 &rarr; <strong>1188</strong><br />(-31 for losing)\n","uploadtime":1772029324,"views":14,"formatid":"gen9vgc2026regi","rating":1166,"private":0,"password":null}