{"id":"gen9vgc2026regi-2589440969","format":"[Gen 9] VGC 2026 Reg I","players":["VGCbabyrex","Shagrathisbeast"],"log":"|j|\u2606VGCbabyrex\n|j|\u2606Shagrathisbeast\n|t:|1776723200\n|gametype|doubles\n|player|p1|VGCbabyrex|darach-caitlin|1363\n|player|p2|Shagrathisbeast|266|1464\n|gen|9\n|tier|[Gen 9] VGC 2026 Reg I\n|rated|\n|rule|Species Clause: Limit one of each Pok\u00e9mon\n|rule|Item Clause: Limit 1 of each item\n|clearpoke\n|poke|p1|Calyrex-Shadow, L50|\n|poke|p1|Terapagos, L50, M|\n|poke|p1|Rillaboom, L50, M|\n|poke|p1|Ceruledge, L50, M|\n|poke|p1|Weezing-Galar, L50, F|\n|poke|p1|Tornadus, L50, M|\n|poke|p2|Terapagos, L50, M|\n|poke|p2|Clefairy, L50, M|\n|poke|p2|Ogerpon-Hearthflame, L50, F|\n|poke|p2|Calyrex-Shadow, L50|\n|poke|p2|Grimmsnarl, L50, M|\n|poke|p2|Rillaboom, L50, M|\n|teampreview|4\n|inactive|Battle timer is ON: inactive players will automatically lose when time's up. (requested by VGCbabyrex)\n|\n|t:|1776723240\n|teamsize|p1|4\n|teamsize|p2|4\n|start\n|switch|p1a: Terapagos|Terapagos, L50, M|100/100\n|switch|p1b: Tornadus|Tornadus, L50, M|100/100\n|switch|p2a: Calyrex|Calyrex-Shadow, L50|100/100\n|switch|p2b: Grimmsnarl|Grimmsnarl, L50, M, shiny|100/100\n|-activate|p1a: Terapagos|ability: Tera Shift\n|detailschange|p1a: Terapagos|Terapagos-Terastal, L50, M\n|-heal|p1a: Terapagos|100/100|[silent]\n|-ability|p2a: Calyrex|As One\n|-ability|p2a: Calyrex|Unnerve\n|turn|1\n|\n|t:|1776723258\n|switch|p1b: Weezing|Weezing-Galar, L50, F|100/100\n|-ability|p1b: Weezing|Neutralizing Gas\n|move|p2a: Calyrex|Protect|p2a: Calyrex\n|-singleturn|p2a: Calyrex|Protect\n|move|p1a: Terapagos|Meteor Beam||[still]\n|-prepare|p1a: Terapagos|Meteor Beam\n|-boost|p1a: Terapagos|spa|1\n|-enditem|p1a: Terapagos|Power Herb\n|-anim|p1a: Terapagos|Meteor Beam|p2b: Grimmsnarl\n|-damage|p2b: Grimmsnarl|52/100\n|move|p2b: Grimmsnarl|Light Screen|p2b: Grimmsnarl\n|-sidestart|p2: Shagrathisbeast|move: Light Screen\n|\n|upkeep\n|turn|2\n|inactive|VGCbabyrex has 30 seconds left.\n|\n|t:|1776723284\n|-terastallize|p1a: Terapagos|Stellar\n|detailschange|p1a: Terapagos|Terapagos-Stellar, L50, M, tera:Stellar\n|-heal|p1a: Terapagos|100/100|[silent]\n|move|p1b: Weezing|Protect|p1b: Weezing\n|-singleturn|p1b: Weezing|Protect\n|move|p2a: Calyrex|Psychic|p1b: Weezing\n|-activate|p1b: Weezing|move: Protect\n|move|p1a: Terapagos|Tera Starstorm|p2a: Calyrex|[spread] p2a,p2b\n|-damage|p2a: Calyrex|59/100\n|-damage|p2b: Grimmsnarl|16/100\n|move|p2b: Grimmsnarl|Thunder Wave|p1a: Terapagos|[miss]\n|-miss|p2b: Grimmsnarl|p1a: Terapagos\n|\n|upkeep\n|turn|3\n|inactive|Shagrathisbeast has 30 seconds left.\n|\n|t:|1776723310\n|-end|p1b: Weezing|ability: Neutralizing Gas\n|switch|p1b: Tornadus|Tornadus, L50, M|100/100\n|move|p2b: Grimmsnarl|Thunder Wave|p1a: Terapagos|[miss]\n|-miss|p2b: Grimmsnarl|p1a: Terapagos\n|move|p2a: Calyrex|Psychic|p1b: Tornadus\n|-damage|p1b: Tornadus|37/100\n|move|p1a: Terapagos|Tera Starstorm|p2b: Grimmsnarl|[spread] p2a,p2b\n|-damage|p2a: Calyrex|15/100\n|-damage|p2b: Grimmsnarl|0 fnt\n|faint|p2b: Grimmsnarl\n|\n|upkeep\n|\n|t:|1776723320\n|switch|p2b: Clefairy|Clefairy, L50, M, shiny|100/100\n|turn|4\n|\n|t:|1776723330\n|move|p2a: Calyrex|Protect|p2a: Calyrex\n|-singleturn|p2a: Calyrex|Protect\n|move|p1b: Tornadus|Tailwind|p1b: Tornadus\n|-sidestart|p1: VGCbabyrex|move: Tailwind\n|move|p1a: Terapagos|Tera Starstorm|p2b: Clefairy|[spread] p2b\n|-activate|p2a: Calyrex|move: Protect\n|-damage|p2b: Clefairy|62/100\n|move|p2b: Clefairy|Life Dew|p2b: Clefairy|[spread] p2a,p2b\n|-heal|p2a: Calyrex|40/100\n|-heal|p2b: Clefairy|86/100\n|\n|upkeep\n|turn|5\n|\n|t:|1776723348\n|move|p1b: Tornadus|Taunt|p2b: Clefairy\n|-start|p2b: Clefairy|move: Taunt\n|move|p1a: Terapagos|Tera Starstorm|p2b: Clefairy|[spread] p2a,p2b\n|-damage|p2a: Calyrex|6/100\n|-damage|p2b: Clefairy|48/100\n|move|p2a: Calyrex|Psychic|p1b: Tornadus\n|-damage|p1b: Tornadus|0 fnt\n|faint|p1b: Tornadus\n|-ability|p2a: Calyrex|Grim Neigh|boost\n|-boost|p2a: Calyrex|spa|1\n|cant|p2b: Clefairy|move: Taunt|Life Dew\n|\n|upkeep\n|\n|t:|1776723356\n|switch|p1b: Calyrex|Calyrex-Shadow, L50|100/100\n|-ability|p1b: Calyrex|As One\n|-ability|p1b: Calyrex|Unnerve\n|turn|6\n|\n|t:|1776723367\n|switch|p2b: Terapagos|Terapagos, L50, M|100/100\n|-activate|p2b: Terapagos|ability: Tera Shift\n|detailschange|p2b: Terapagos|Terapagos-Terastal, L50, M\n|-heal|p2b: Terapagos|100/100|[silent]\n|move|p2a: Calyrex|Protect|p2a: Calyrex\n|-singleturn|p2a: Calyrex|Protect\n|move|p1b: Calyrex|Astral Barrage|p2a: Calyrex|[spread] \n|-activate|p2a: Calyrex|move: Protect\n|-immune|p2b: Terapagos\n|move|p1a: Terapagos|Tera Starstorm|p2b: Terapagos|[spread] p2b\n|-activate|p2a: Calyrex|move: Protect\n|-activate|p2b: Terapagos|ability: Tera Shell\n|-resisted|p2b: Terapagos\n|-damage|p2b: Terapagos|83/100\n|\n|-heal|p2b: Terapagos|89/100|[from] item: Leftovers\n|upkeep\n|turn|7\n|\n|t:|1776723380\n|switch|p2a: Clefairy|Clefairy, L50, M, shiny|48/100\n|move|p1b: Calyrex|Nasty Plot|p1b: Calyrex\n|-boost|p1b: Calyrex|spa|2\n|move|p1a: Terapagos|Tera Starstorm|p2b: Terapagos|[spread] p2a,p2b\n|-damage|p2a: Clefairy|7/100\n|-damage|p2b: Terapagos|62/100\n|move|p2b: Terapagos|Calm Mind|p2b: Terapagos\n|-boost|p2b: Terapagos|spa|1\n|-boost|p2b: Terapagos|spd|1\n|\n|-heal|p2b: Terapagos|68/100|[from] item: Leftovers\n|-sideend|p1: VGCbabyrex|move: Tailwind\n|upkeep\n|turn|8\n|\n|t:|1776723400\n|-terastallize|p2b: Terapagos|Stellar\n|detailschange|p2b: Terapagos|Terapagos-Stellar, L50, M, tera:Stellar\n|-heal|p2b: Terapagos|76/100|[silent]\n|move|p2a: Clefairy|Helping Hand|p2b: Terapagos\n|-singleturn|p2b: Terapagos|Helping Hand|[of] p2a: Clefairy\n|move|p1b: Calyrex|Nasty Plot|p1b: Calyrex\n|-boost|p1b: Calyrex|spa|2\n|move|p1a: Terapagos|Meteor Beam||[still]\n|-prepare|p1a: Terapagos|Meteor Beam\n|-boost|p1a: Terapagos|spa|1\n|move|p2b: Terapagos|Tera Starstorm|p1b: Calyrex|[spread] p1a,p1b\n|-supereffective|p1a: Terapagos\n|-damage|p1a: Terapagos|0 fnt\n|-damage|p1b: Calyrex|12/100\n|faint|p1a: Terapagos\n|detailschange|p1: Terapagos|Terapagos, L50, M|[silent]\n|\n|-heal|p2b: Terapagos|82/100|[from] item: Leftovers\n|-sideend|p2: Shagrathisbeast|move: Light Screen\n|upkeep\n|\n|t:|1776723415\n|switch|p1a: Weezing|Weezing-Galar, L50, F|100/100\n|-ability|p1a: Weezing|Neutralizing Gas\n|turn|9\n|\n|t:|1776723430\n|move|p2b: Terapagos|Protect|p2b: Terapagos\n|-singleturn|p2b: Terapagos|Protect\n|move|p2a: Clefairy|Protect|p2a: Clefairy\n|-singleturn|p2a: Clefairy|Protect\n|move|p1b: Calyrex|Psychic|p2b: Terapagos\n|-activate|p2b: Terapagos|move: Protect\n|move|p1a: Weezing|Will-O-Wisp|p2b: Terapagos\n|-activate|p2b: Terapagos|move: Protect\n|\n|-heal|p2b: Terapagos|88/100|[from] item: Leftovers\n|upkeep\n|turn|10\n|\n|t:|1776723442\n|move|p1b: Calyrex|Protect|p1b: Calyrex\n|-singleturn|p1b: Calyrex|Protect\n|move|p2a: Clefairy|Follow Me|p2a: Clefairy\n|-singleturn|p2a: Clefairy|move: Follow Me\n|move|p2b: Terapagos|Tera Starstorm|p1b: Calyrex|[spread] p1a\n|-activate|p1b: Calyrex|move: Protect\n|-damage|p1a: Weezing|41/100\n|-enditem|p1a: Weezing|Sitrus Berry|[eat]\n|-heal|p1a: Weezing|66/100|[from] item: Sitrus Berry\n|move|p1a: Weezing|Taunt|p2a: Clefairy\n|-start|p2a: Clefairy|move: Taunt\n|\n|-heal|p2b: Terapagos|94/100|[from] item: Leftovers\n|upkeep\n|turn|11\n|\n|t:|1776723460\n|move|p2b: Terapagos|Protect|p2b: Terapagos\n|-singleturn|p2b: Terapagos|Protect\n|move|p1b: Calyrex|Psychic|p2b: Terapagos\n|-activate|p2b: Terapagos|move: Protect\n|move|p1a: Weezing|Strange Steam|p2a: Clefairy\n|-damage|p2a: Clefairy|0 fnt\n|faint|p2a: Clefairy\n|\n|-heal|p2b: Terapagos|99/100|[from] item: Leftovers\n|upkeep\n|\n|t:|1776723467\n|switch|p2a: Calyrex|Calyrex-Shadow, L50|6/100\n|-ability|p2a: Calyrex|As One\n|-ability|p2a: Calyrex|Unnerve\n|turn|12\n|\n|t:|1776723482\n|move|p1a: Weezing|Protect|p1a: Weezing\n|-singleturn|p1a: Weezing|Protect\n|move|p2a: Calyrex|Psychic|p1a: Weezing\n|-activate|p1a: Weezing|move: Protect\n|move|p1b: Calyrex|Psychic|p2b: Terapagos\n|-damage|p2b: Terapagos|35/100\n|move|p2b: Terapagos|Tera Starstorm|p1b: Calyrex|[spread] p1b\n|-activate|p1a: Weezing|move: Protect\n|-damage|p1b: Calyrex|0 fnt\n|faint|p1b: Calyrex\n|\n|-heal|p2b: Terapagos|41/100|[from] item: Leftovers\n|upkeep\n|turn|13\n|c|\u2606VGCbabyrex|Gg\n|-message|VGCbabyrex forfeited.\n|\n|win|Shagrathisbeast\n|raw|VGCbabyrex's rating: 1363 &rarr; <strong>1349</strong><br />(-14 for losing)\n|raw|Shagrathisbeast's rating: 1464 &rarr; <strong>1478</strong><br />(+14 for winning)\n|l|\u2606VGCbabyrex\n|player|p1|\n|c|\u2606Shagrathisbeast|stop it\n|c|\u2606Shagrathisbeast|get some help\n|l|\u2606Shagrathisbeast\n|player|p2|\n","uploadtime":1776723727,"views":12,"formatid":"gen9vgc2026regi","rating":1349,"private":0,"password":null}