{"id":"gen9vgc2026regi-2568775633","format":"[Gen 9] VGC 2026 Reg I","players":["tryashy","Binky11"],"log":"|j|\u2606tryashy\n|j|\u2606Binky11\n|t:|1774622019\n|gametype|doubles\n|player|p1|tryashy|dawn|1472\n|player|p2|Binky11|miku-ice|1489\n|gen|9\n|tier|[Gen 9] VGC 2026 Reg I\n|rated|\n|rule|Species Clause: Limit one of each Pok\u00e9mon\n|rule|Item Clause: Limit 1 of each item\n|clearpoke\n|poke|p1|Groudon, L50|\n|poke|p1|Lunala, L50|\n|poke|p1|Flutter Mane, L50|\n|poke|p1|Gouging Fire, L50|\n|poke|p1|Raging Bolt, L50|\n|poke|p1|Jumpluff, L50, F|\n|poke|p2|Kyogre, L50|\n|poke|p2|Necrozma-Dusk-Mane, L50|\n|poke|p2|Amoonguss, L50, M|\n|poke|p2|Iron Jugulis, L50|\n|poke|p2|Raging Bolt, L50|\n|poke|p2|Urshifu-*, L50, F|\n|teampreview|4\n|inactive|Battle timer is ON: inactive players will automatically lose when time's up. (requested by tryashy)\n|\n|t:|1774622044\n|teamsize|p1|4\n|teamsize|p2|4\n|start\n|switch|p1a: Lunala|Lunala, L50|100/100\n|switch|p1b: Jumpluff|Jumpluff, L50, F|100/100\n|switch|p2a: Kyogre|Kyogre, L50|100/100\n|switch|p2b: Iron Jugulis|Iron Jugulis, L50|100/100\n|-weather|RainDance|[from] ability: Drizzle|[of] p2a: Kyogre\n|-enditem|p2b: Iron Jugulis|Booster Energy\n|-activate|p2b: Iron Jugulis|ability: Quark Drive|[fromitem]\n|-start|p2b: Iron Jugulis|quarkdrivespe\n|turn|1\n|\n|t:|1774622058\n|switch|p1a: Groudon|Groudon, L50|100/100\n|-weather|SunnyDay|[from] ability: Drought|[of] p1a: Groudon\n|move|p1b: Jumpluff|Sleep Powder|p2b: Iron Jugulis\n|-status|p2b: Iron Jugulis|slp|[from] move: Sleep Powder\n|cant|p2b: Iron Jugulis|slp\n|move|p2a: Kyogre|Water Spout|p1b: Jumpluff|[spread] p1a,p1b\n|-supereffective|p1a: Groudon\n|-resisted|p1b: Jumpluff\n|-damage|p1a: Groudon|36/100\n|-damage|p1b: Jumpluff|83/100\n|\n|-weather|SunnyDay|[upkeep]\n|upkeep\n|turn|2\n|\n|t:|1774622073\n|-terastallize|p2a: Kyogre|Grass\n|move|p1b: Jumpluff|Tailwind|p1b: Jumpluff\n|-sidestart|p1: tryashy|move: Tailwind\n|move|p1a: Groudon|Precipice Blades|p2a: Kyogre|[spread] p2a\n|-immune|p2b: Iron Jugulis\n|-resisted|p2a: Kyogre\n|-damage|p2a: Kyogre|75/100\n|-curestatus|p2b: Iron Jugulis|slp|[msg]\n|move|p2b: Iron Jugulis|Tailwind|p2b: Iron Jugulis\n|-sidestart|p2: Binky11|move: Tailwind\n|move|p2a: Kyogre|Water Spout|p1a: Groudon|[spread] p1a,p1b\n|-supereffective|p1a: Groudon\n|-crit|p1a: Groudon\n|-resisted|p1b: Jumpluff\n|-damage|p1a: Groudon|0 fnt\n|-damage|p1b: Jumpluff|69/100\n|faint|p1a: Groudon\n|\n|-weather|SunnyDay|[upkeep]\n|upkeep\n|\n|t:|1774622081\n|switch|p1a: Lunala|Lunala, L50|100/100\n|turn|3\n|\n|t:|1774622095\n|switch|p2a: Raging Bolt|Raging Bolt, L50|100/100\n|-activate|p2a: Raging Bolt|ability: Protosynthesis\n|-start|p2a: Raging Bolt|protosynthesisspa\n|-terastallize|p1a: Lunala|Fairy\n|move|p2b: Iron Jugulis|Protect|p2b: Iron Jugulis\n|-singleturn|p2b: Iron Jugulis|Protect\n|move|p1b: Jumpluff|Sleep Powder|p2b: Iron Jugulis\n|-activate|p2b: Iron Jugulis|move: Protect\n|move|p1a: Lunala|Moongeist Beam|p2a: Raging Bolt\n|-damage|p2a: Raging Bolt|51/100\n|\n|-weather|SunnyDay|[upkeep]\n|upkeep\n|turn|4\n|\n|t:|1774622110\n|-end|p2a: Raging Bolt|Protosynthesis|[silent]\n|switch|p2a: Kyogre|Kyogre, L50, tera:Grass|75/100\n|-weather|RainDance|[from] ability: Drizzle|[of] p2a: Kyogre\n|move|p2b: Iron Jugulis|Hurricane|p1b: Jumpluff\n|-supereffective|p1b: Jumpluff\n|-damage|p1b: Jumpluff|0 fnt\n|faint|p1b: Jumpluff\n|move|p1a: Lunala|Moongeist Beam|p2a: Kyogre\n|-damage|p2a: Kyogre|17/100\n|\n|-weather|RainDance|[upkeep]\n|upkeep\n|\n|t:|1774622116\n|switch|p1b: Raging Bolt|Raging Bolt, L50|100/100\n|turn|5\n|\n|t:|1774622128\n|move|p2b: Iron Jugulis|Snarl|p1a: Lunala|[spread] p1a,p1b\n|-resisted|p1a: Lunala\n|-damage|p1a: Lunala|98/100\n|-damage|p1b: Raging Bolt|91/100\n|-unboost|p1a: Lunala|spa|1\n|-unboost|p1b: Raging Bolt|spa|1\n|move|p1a: Lunala|Moongeist Beam|p2a: Kyogre\n|-damage|p2a: Kyogre|0 fnt\n|faint|p2a: Kyogre\n|move|p1b: Raging Bolt|Thunderbolt|p2b: Iron Jugulis\n|-supereffective|p2b: Iron Jugulis\n|-damage|p2b: Iron Jugulis|39/100\n|\n|-weather|RainDance|[upkeep]\n|-sideend|p1: tryashy|move: Tailwind\n|-sideend|p2: Binky11|move: Tailwind\n|upkeep\n|\n|t:|1774622149\n|switch|p2a: Necrozma|Necrozma-Dusk-Mane, L50|100/100\n|turn|6\n|\n|t:|1774622159\n|move|p2b: Iron Jugulis|Snarl|p1a: Lunala|[spread] p1a,p1b\n|-resisted|p1a: Lunala\n|-damage|p1a: Lunala|92/100\n|-damage|p1b: Raging Bolt|81/100\n|-unboost|p1a: Lunala|spa|1\n|-unboost|p1b: Raging Bolt|spa|1\n|move|p1a: Lunala|Moongeist Beam|p2a: Necrozma\n|-supereffective|p2a: Necrozma\n|-damage|p2a: Necrozma|48/100\n|move|p2a: Necrozma|Sunsteel Strike|p1a: Lunala\n|-supereffective|p1a: Lunala\n|-damage|p1a: Lunala|0 fnt\n|faint|p1a: Lunala\n|move|p1b: Raging Bolt|Thunderbolt|p2b: Iron Jugulis\n|-supereffective|p2b: Iron Jugulis\n|-damage|p2b: Iron Jugulis|0 fnt\n|faint|p2b: Iron Jugulis\n|-end|p2b: Iron Jugulis|Quark Drive|[silent]\n|\n|-weather|RainDance|[upkeep]\n|upkeep\n|\n|t:|1774622174\n|switch|p2b: Raging Bolt|Raging Bolt, L50|51/100\n|turn|7\n|-message|tryashy forfeited.\n|\n|win|Binky11\n|raw|tryashy's rating: 1472 &rarr; <strong>1453</strong><br />(-19 for losing)\n|raw|Binky11's rating: 1489 &rarr; <strong>1508</strong><br />(+19 for winning)\n|l|\u2606tryashy\n|player|p1|\n|l|\u2606Binky11\n|player|p2|\n","uploadtime":1774622370,"views":23,"formatid":"gen9vgc2026regi","rating":1453,"private":0,"password":null}