{"id":"gen9vgc2026regi-2521581387","format":"[Gen 9] VGC 2026 Reg I","players":["Mechromatt","yaochangzhe"],"log":"|j|\u2606Mechromatt\n|j|\u2606yaochangzhe\n|t:|1768791271\n|gametype|doubles\n|player|p1|Mechromatt|266|1313\n|player|p2|yaochangzhe|101|1328\n|gen|9\n|tier|[Gen 9] VGC 2026 Reg I\n|rated|\n|rule|Species Clause: Limit one of each Pok\u00e9mon\n|rule|Item Clause: Limit 1 of each item\n|clearpoke\n|poke|p1|Groudon, L50|\n|poke|p1|Calyrex-Shadow, L50|\n|poke|p1|Jumpluff, L50, F|\n|poke|p1|Raging Bolt, L50|\n|poke|p1|Typhlosion-Hisui, L50, M|\n|poke|p1|Sableye, L50, M|\n|poke|p2|Grimmsnarl, L50, M|\n|poke|p2|Kyogre, L50|\n|poke|p2|Calyrex-Ice, L50|\n|poke|p2|Rillaboom, L50, M|\n|poke|p2|Landorus, L50, M|\n|poke|p2|Urshifu-*, L50, F|\n|teampreview|4\n|\n|t:|1768791310\n|teamsize|p1|4\n|teamsize|p2|4\n|start\n|switch|p1a: Calyrex|Calyrex-Shadow, L50|100/100\n|switch|p1b: Sableye|Sableye, L50, M|100/100\n|switch|p2a: Grimmsnarl|Grimmsnarl, L50, M|100/100\n|switch|p2b: Urshifu|Urshifu-Rapid-Strike, L50, F|100/100\n|-ability|p1a: Calyrex|As One\n|-ability|p1a: Calyrex|Unnerve\n|turn|1\n|\n|t:|1768791348\n|switch|p1a: Raging Bolt|Raging Bolt, L50|100/100\n|move|p2a: Grimmsnarl|Light Screen|p2a: Grimmsnarl\n|-sidestart|p2: yaochangzhe|move: Light Screen\n|move|p1b: Sableye|Thunder Wave|p2b: Urshifu|[miss]\n|-miss|p1b: Sableye|p2b: Urshifu\n|move|p2b: Urshifu|Surging Strikes|p1a: Raging Bolt\n|-resisted|p1a: Raging Bolt\n|-crit|p1a: Raging Bolt\n|-damage|p1a: Raging Bolt|87/100\n|-resisted|p1a: Raging Bolt\n|-crit|p1a: Raging Bolt\n|-damage|p1a: Raging Bolt|72/100\n|-resisted|p1a: Raging Bolt\n|-crit|p1a: Raging Bolt\n|-damage|p1a: Raging Bolt|59/100\n|-hitcount|p1a: Raging Bolt|3\n|\n|upkeep\n|turn|2\n|inactive|Battle timer is ON: inactive players will automatically lose when time's up. (requested by Mechromatt)\n|\n|t:|1768791376\n|switch|p2b: Calyrex|Calyrex-Ice, L50|100/100\n|-ability|p2b: Calyrex|As One\n|-ability|p2b: Calyrex|Unnerve\n|move|p2a: Grimmsnarl|Reflect|p2a: Grimmsnarl\n|-sidestart|p2: yaochangzhe|Reflect\n|move|p1b: Sableye|Reflect|p1b: Sableye\n|-sidestart|p1: Mechromatt|Reflect\n|move|p1a: Raging Bolt|Electroweb|p2a: Grimmsnarl|[spread] p2a,p2b\n|-damage|p2a: Grimmsnarl|83/100\n|-damage|p2b: Calyrex|92/100\n|-unboost|p2a: Grimmsnarl|spe|1\n|-unboost|p2b: Calyrex|spe|1\n|\n|-heal|p2b: Calyrex|98/100|[from] item: Leftovers\n|upkeep\n|turn|3\n|inactive|Mechromatt has 30 seconds left.\n|\n|t:|1768791404\n|move|p1b: Sableye|Thunder Wave|p2b: Calyrex\n|-status|p2b: Calyrex|par\n|move|p1a: Raging Bolt|Draco Meteor|p2b: Calyrex|[miss]\n|-miss|p1a: Raging Bolt|p2b: Calyrex\n|move|p2a: Grimmsnarl|Foul Play|p1b: Sableye\n|-damage|p1b: Sableye|82/100\n|cant|p2b: Calyrex|par\n|\n|-heal|p2b: Calyrex|100/100 par|[from] item: Leftovers\n|upkeep\n|turn|4\n|\n|t:|1768791426\n|move|p1b: Sableye|Gravity|p1b: Sableye\n|-fieldstart|move: Gravity\n|move|p1a: Raging Bolt|Draco Meteor|p2b: Calyrex\n|-damage|p2b: Calyrex|70/100 par\n|-unboost|p1a: Raging Bolt|spa|2\n|move|p2a: Grimmsnarl|Foul Play|p1b: Sableye\n|-damage|p1b: Sableye|62/100\n|move|p2b: Calyrex|Trick Room|p2b: Calyrex\n|-fieldstart|move: Trick Room|[of] p2b: Calyrex\n|\n|-heal|p2b: Calyrex|75/100 par|[from] item: Leftovers\n|upkeep\n|turn|5\n|\n|t:|1768791441\n|move|p1b: Sableye|Light Screen|p1b: Sableye\n|-sidestart|p1: Mechromatt|move: Light Screen\n|move|p2b: Calyrex|Glacial Lance|p1a: Raging Bolt|[spread] p1a,p1b\n|-supereffective|p1a: Raging Bolt\n|-damage|p1a: Raging Bolt|0 fnt\n|-damage|p1b: Sableye|15/100\n|faint|p1a: Raging Bolt\n|-end|p1a: Raging Bolt|Protosynthesis|[silent]\n|-ability|p2b: Calyrex|Chilling Neigh|boost\n|-boost|p2b: Calyrex|atk|1\n|move|p2a: Grimmsnarl|Foul Play|p1b: Sableye\n|-damage|p1b: Sableye|0 fnt\n|faint|p1b: Sableye\n|\n|-heal|p2b: Calyrex|81/100 par|[from] item: Leftovers\n|upkeep\n|\n|t:|1768791445\n|switch|p1b: Calyrex|Calyrex-Shadow, L50|100/100\n|switch|p1a: Groudon|Groudon, L50, shiny|100/100\n|-ability|p1b: Calyrex|As One\n|-ability|p1b: Calyrex|Unnerve\n|-weather|SunnyDay|[from] ability: Drought|[of] p1a: Groudon\n|turn|6\n|\n|t:|1768791469\n|move|p2b: Calyrex|Glacial Lance|p1b: Calyrex|[spread] p1a,p1b\n|-supereffective|p1a: Groudon\n|-damage|p1a: Groudon|35/100\n|-damage|p1b: Calyrex|35/100\n|-enditem|p1a: Groudon|Weakness Policy\n|-boost|p1a: Groudon|atk|2|[from] item: Weakness Policy\n|-boost|p1a: Groudon|spa|2|[from] item: Weakness Policy\n|move|p2a: Grimmsnarl|Foul Play|p1b: Calyrex\n|-supereffective|p1b: Calyrex\n|-damage|p1b: Calyrex|0 fnt\n|faint|p1b: Calyrex\n|move|p1a: Groudon|Precipice Blades|p2b: Calyrex|[spread] p2a,p2b\n|-damage|p2a: Grimmsnarl|25/100\n|-damage|p2b: Calyrex|41/100 par\n|\n|-weather|SunnyDay|[upkeep]\n|-heal|p2b: Calyrex|46/100 par|[from] item: Leftovers\n|-sideend|p1: Mechromatt|Reflect\n|upkeep\n|turn|7\n|\n|t:|1768791484\n|move|p1a: Groudon|Protect|p1a: Groudon\n|-singleturn|p1a: Groudon|Protect\n|move|p2b: Calyrex|Glacial Lance|p1a: Groudon\n|-activate|p1a: Groudon|move: Protect\n|move|p2a: Grimmsnarl|Foul Play|p1a: Groudon\n|-activate|p1a: Groudon|move: Protect\n|\n|-weather|SunnyDay|[upkeep]\n|-heal|p2b: Calyrex|52/100 par|[from] item: Leftovers\n|upkeep\n|turn|8\n|\n|t:|1768791493\n|move|p1a: Groudon|Protect||[still]\n|-fail|p1a: Groudon\n|move|p2b: Calyrex|Glacial Lance|p1a: Groudon\n|-supereffective|p1a: Groudon\n|-damage|p1a: Groudon|0 fnt\n|faint|p1a: Groudon\n|\n|win|yaochangzhe\n|raw|Mechromatt's rating: 1313 &rarr; <strong>1294</strong><br />(-19 for losing)\n|raw|yaochangzhe's rating: 1328 &rarr; <strong>1347</strong><br />(+19 for winning)\n|l|\u2606Mechromatt\n|player|p1|\n","uploadtime":1768791683,"views":12,"formatid":"gen9vgc2026regi","rating":1294,"private":0,"password":null}