{"id":"gen9vgc2026regi-2565327564","format":"[Gen 9] VGC 2026 Reg I","players":["jontar gurning","Jonen"],"log":"|j|\u2606jontar gurning\n|j|\u2606Jonen\n|t:|1774263588\n|gametype|doubles\n|player|p1|jontar gurning|swimmerf-gen4dp|1416\n|player|p2|Jonen|medium|1483\n|gen|9\n|tier|[Gen 9] VGC 2026 Reg I\n|rated|\n|rule|Species Clause: Limit one of each Pok\u00e9mon\n|rule|Item Clause: Limit 1 of each item\n|clearpoke\n|poke|p1|Koraidon, L50|\n|poke|p1|Chi-Yu, L50|\n|poke|p1|Flutter Mane, L50|\n|poke|p1|Brute Bonnet, L50|\n|poke|p1|Lunala, L50|\n|poke|p1|Ursaluna, L50, M|\n|poke|p2|Groudon, L50|\n|poke|p2|Lunala, L50|\n|poke|p2|Sableye, L50, F|\n|poke|p2|Chi-Yu, L50|\n|poke|p2|Rillaboom, L50, F|\n|poke|p2|Jumpluff, L50, F|\n|teampreview|4\n|inactive|Battle timer is ON: inactive players will automatically lose when time's up. (requested by jontar gurning)\n|\n|t:|1774263615\n|teamsize|p1|4\n|teamsize|p2|4\n|start\n|switch|p1a: Lunala|Lunala, L50|100/100\n|switch|p1b: Ursaluna|Ursaluna, L50, M, shiny|100/100\n|switch|p2a: Groudon|Groudon, L50|100/100\n|switch|p2b: Jumpluff|Jumpluff, L50, F|100/100\n|-weather|SunnyDay|[from] ability: Drought|[of] p2a: Groudon\n|turn|1\n|\n|t:|1774263634\n|move|p1b: Ursaluna|Protect|p1b: Ursaluna\n|-singleturn|p1b: Ursaluna|Protect\n|move|p2b: Jumpluff|Sleep Powder|p1a: Lunala|[miss]\n|-miss|p2b: Jumpluff|p1a: Lunala\n|move|p2a: Groudon|Substitute|p2a: Groudon\n|-start|p2a: Groudon|Substitute\n|-damage|p2a: Groudon|76/100\n|move|p1a: Lunala|Meteor Beam||[still]\n|-prepare|p1a: Lunala|Meteor Beam\n|-boost|p1a: Lunala|spa|1\n|-enditem|p1a: Lunala|Power Herb\n|-anim|p1a: Lunala|Meteor Beam|p2b: Jumpluff\n|-supereffective|p2b: Jumpluff\n|-damage|p2b: Jumpluff|0 fnt\n|faint|p2b: Jumpluff\n|\n|-weather|SunnyDay|[upkeep]\n|-status|p1b: Ursaluna|brn|[from] item: Flame Orb\n|upkeep\n|\n|t:|1774263643\n|switch|p2b: Chi-Yu|Chi-Yu, L50|100/100\n|-ability|p2b: Chi-Yu|Beads of Ruin\n|turn|2\n|\n|t:|1774263658\n|move|p1a: Lunala|Wide Guard|p1a: Lunala\n|-singleturn|p1a: Lunala|Wide Guard\n|move|p2b: Chi-Yu|Fire Blast|p1b: Ursaluna\n|-damage|p1b: Ursaluna|0 fnt\n|faint|p1b: Ursaluna\n|move|p2a: Groudon|Precipice Blades|p1a: Lunala\n|-activate|p1a: Lunala|move: Wide Guard\n|\n|-weather|SunnyDay|[upkeep]\n|upkeep\n|\n|t:|1774263667\n|switch|p1b: Koraidon|Koraidon, L50|100/100\n|-activate|p1b: Koraidon|ability: Orichalcum Pulse\n|turn|3\n|\n|t:|1774263686\n|-terastallize|p2b: Chi-Yu|Ghost\n|move|p2b: Chi-Yu|Fire Blast|p1a: Lunala\n|-damage|p1a: Lunala|50/100\n|move|p1b: Koraidon|Close Combat|p2b: Chi-Yu\n|-immune|p2b: Chi-Yu\n|move|p2a: Groudon|Precipice Blades|p1a: Lunala|[spread] p1a,p1b\n|-damage|p1a: Lunala|0 fnt\n|-damage|p1b: Koraidon|39/100\n|faint|p1a: Lunala\n|-damage|p2a: Groudon|66/100|[from] item: Life Orb\n|\n|-weather|SunnyDay|[upkeep]\n|upkeep\n|\n|t:|1774263691\n|switch|p1a: Flutter Mane|Flutter Mane, L50|100/100\n|-activate|p1a: Flutter Mane|ability: Protosynthesis\n|-start|p1a: Flutter Mane|protosynthesisspe\n|turn|4\n|inactive|Jonen has 30 seconds left.\n|\n|t:|1774263718\n|move|p1b: Koraidon|Protect|p1b: Koraidon\n|-singleturn|p1b: Koraidon|Protect\n|move|p1a: Flutter Mane|Icy Wind|p2a: Groudon|[spread] p2a,p2b\n|-supereffective|p2a: Groudon\n|-end|p2a: Groudon|Substitute\n|-damage|p2b: Chi-Yu|84/100\n|-unboost|p2b: Chi-Yu|spe|1\n|move|p2b: Chi-Yu|Fire Blast|p1a: Flutter Mane|[miss]\n|-miss|p2b: Chi-Yu|p1a: Flutter Mane\n|move|p2a: Groudon|Precipice Blades|p1a: Flutter Mane|[spread] p1a\n|-activate|p1b: Koraidon|move: Protect\n|-enditem|p1a: Flutter Mane|Focus Sash\n|-damage|p1a: Flutter Mane|1/100\n|-damage|p2a: Groudon|56/100|[from] item: Life Orb\n|\n|-weather|SunnyDay|[upkeep]\n|upkeep\n|turn|5\n|inactive|Jonen has 30 seconds left.\n|\n|t:|1774263746\n|-terastallize|p1b: Koraidon|Fire\n|move|p2a: Groudon|Protect|p2a: Groudon\n|-singleturn|p2a: Groudon|Protect\n|move|p1a: Flutter Mane|Shadow Ball|p2b: Chi-Yu\n|-supereffective|p2b: Chi-Yu\n|-damage|p2b: Chi-Yu|0 fnt\n|faint|p2b: Chi-Yu\n|move|p1b: Koraidon|Flame Charge|p2a: Groudon\n|-activate|p2a: Groudon|move: Protect\n|\n|-weather|none\n|-end|p1a: Flutter Mane|Protosynthesis\n|upkeep\n|\n|t:|1774263752\n|switch|p2b: Lunala|Lunala, L50|100/100\n|turn|6\n|\n|t:|1774263765\n|move|p1b: Koraidon|Flare Blitz|p2a: Groudon\n|-damage|p2a: Groudon|0 fnt\n|faint|p2a: Groudon\n|-damage|p1b: Koraidon|20/100|[from] Recoil\n|-damage|p1b: Koraidon|11/100|[from] item: Life Orb\n|move|p1a: Flutter Mane|Shadow Ball|p2b: Lunala\n|-supereffective|p2b: Lunala\n|-damage|p2b: Lunala|37/100\n|-unboost|p2b: Lunala|spd|1\n|move|p2b: Lunala|Moongeist Beam|p1b: Koraidon\n|-damage|p1b: Koraidon|0 fnt\n|faint|p1b: Koraidon\n|\n|upkeep\n|turn|7\n|\n|t:|1774263769\n|move|p1a: Flutter Mane|Shadow Ball|p2b: Lunala\n|-supereffective|p2b: Lunala\n|-damage|p2b: Lunala|0 fnt\n|faint|p2b: Lunala\n|\n|win|jontar gurning\n|raw|jontar gurning's rating: 1416 &rarr; <strong>1440</strong><br />(+24 for winning)\n|raw|Jonen's rating: 1483 &rarr; <strong>1459</strong><br />(-24 for losing)\n|c|\u2606Jonen|gg\n|c|\u2606jontar gurning|gg\n|l|\u2606jontar gurning\n|player|p1|\n|l|\u2606Jonen\n|player|p2|\n","uploadtime":1774263770,"views":11,"formatid":"gen9vgc2026regi","rating":1440,"private":0,"password":null}