{"id":"gen9vgc2026regi-2570082838","format":"[Gen 9] VGC 2026 Reg I","players":["TinManFall","Galact7adi"],"log":"|j|\u2606TinManFall\n|j|\u2606Galact7adi\n|t:|1774767086\n|gametype|doubles\n|player|p1|TinManFall|169|1298\n|player|p2|Galact7adi|266|1349\n|gen|9\n|tier|[Gen 9] VGC 2026 Reg I\n|rated|\n|rule|Species Clause: Limit one of each Pok\u00e9mon\n|rule|Item Clause: Limit 1 of each item\n|clearpoke\n|poke|p1|Terapagos, L50, M|\n|poke|p1|Incineroar, L50, F|\n|poke|p1|Rillaboom, L50, F|\n|poke|p1|Ogerpon-Cornerstone, L50, F|\n|poke|p1|Flutter Mane, L50|\n|poke|p1|Calyrex-Shadow, L50|\n|poke|p2|Dialga-Origin, L50|\n|poke|p2|Miraidon, L50|\n|poke|p2|Landorus-Therian, L50, M|\n|poke|p2|Araquanid, L50, M|\n|poke|p2|Iron Hands, L50|\n|poke|p2|Tornadus, L50, M|\n|teampreview|4\n|inactive|Battle timer is ON: inactive players will automatically lose when time's up. (requested by Galact7adi)\n|inactive|TinManFall has 60 seconds left.\n|\n|t:|1774767117\n|teamsize|p1|4\n|teamsize|p2|4\n|start\n|switch|p1a: Flutter Mane|Flutter Mane, L50|100/100\n|switch|p1b: Terapagos|Terapagos, L50, M|100/100\n|switch|p2a: Miraidon|Miraidon, L50|100/100\n|switch|p2b: Dialga|Dialga-Origin, L50|100/100\n|-activate|p1b: Terapagos|ability: Tera Shift\n|detailschange|p1b: Terapagos|Terapagos-Terastal, L50, M\n|-heal|p1b: Terapagos|100/100|[silent]\n|-fieldstart|move: Electric Terrain|[from] ability: Hadron Engine|[of] p2a: Miraidon\n|-enditem|p1a: Flutter Mane|Booster Energy\n|-activate|p1a: Flutter Mane|ability: Protosynthesis|[fromitem]\n|-start|p1a: Flutter Mane|protosynthesisspe\n|turn|1\n|\n|t:|1774767130\n|switch|p1b: Rillaboom|Rillaboom, L50, F, shiny|100/100\n|-fieldstart|move: Grassy Terrain|[from] ability: Grassy Surge|[of] p1b: Rillaboom\n|-terastallize|p2a: Miraidon|Electric\n|move|p1a: Flutter Mane|Taunt|p2b: Dialga\n|-start|p2b: Dialga|move: Taunt\n|move|p2a: Miraidon|Volt Switch|p1b: Rillaboom\n|-resisted|p1b: Rillaboom\n|-damage|p1b: Rillaboom|82/100\n|\n|t:|1774767138\n|switch|p2a: Iron Hands|Iron Hands, L50|100/100|[from] Volt Switch\n|cant|p2b: Dialga|move: Taunt|Trick Room\n|\n|-heal|p1b: Rillaboom|88/100|[from] Grassy Terrain\n|upkeep\n|turn|2\n|\n|t:|1774767153\n|-end|p2a: Iron Hands|Quark Drive|[silent]\n|switch|p2a: Miraidon|Miraidon, L50, tera:Electric|100/100\n|-fieldstart|move: Electric Terrain|[from] ability: Hadron Engine|[of] p2a: Miraidon\n|move|p1b: Rillaboom|Fake Out|p2b: Dialga\n|-resisted|p2b: Dialga\n|-damage|p2b: Dialga|97/100\n|move|p1a: Flutter Mane|Moonblast|p2a: Miraidon\n|-damage|p2a: Miraidon|66/100\n|cant|p2b: Dialga|flinch\n|\n|upkeep\n|turn|3\n|inactive|TinManFall has 30 seconds left.\n|\n|t:|1774767180\n|move|p1a: Flutter Mane|Icy Wind|p2a: Miraidon|[spread] p2a,p2b\n|-damage|p2a: Miraidon|56/100\n|-damage|p2b: Dialga|89/100\n|-unboost|p2b: Dialga|spe|1\n|move|p2a: Miraidon|Draco Meteor|p1b: Rillaboom\n|-damage|p1b: Rillaboom|31/100\n|-unboost|p2a: Miraidon|spa|2\n|move|p1b: Rillaboom|U-turn|p2a: Miraidon\n|-damage|p2a: Miraidon|36/100\n|\n|t:|1774767194\n|switch|p1b: Calyrex|Calyrex-Shadow, L50|100/100|[from] U-turn\n|-ability|p1b: Calyrex|As One\n|-ability|p1b: Calyrex|Unnerve\n|move|p2b: Dialga|Flash Cannon|p1a: Flutter Mane\n|-supereffective|p1a: Flutter Mane\n|-crit|p1a: Flutter Mane\n|-damage|p1a: Flutter Mane|0 fnt\n|faint|p1a: Flutter Mane\n|-end|p1a: Flutter Mane|Protosynthesis|[silent]\n|\n|-end|p2b: Dialga|move: Taunt\n|upkeep\n|\n|t:|1774767203\n|switch|p1a: Rillaboom|Rillaboom, L50, F, shiny|31/100\n|-fieldstart|move: Grassy Terrain|[from] ability: Grassy Surge|[of] p1a: Rillaboom\n|turn|4\n|\n|t:|1774767209\n|move|p2a: Miraidon|Protect|p2a: Miraidon\n|-singleturn|p2a: Miraidon|Protect\n|move|p2b: Dialga|Protect|p2b: Dialga\n|-singleturn|p2b: Dialga|Protect\n|move|p1a: Rillaboom|Fake Out|p2b: Dialga\n|-activate|p2b: Dialga|move: Protect\n|move|p1b: Calyrex|Astral Barrage|p2a: Miraidon|[spread] \n|-activate|p2a: Miraidon|move: Protect\n|-activate|p2b: Dialga|move: Protect\n|\n|-heal|p2a: Miraidon|42/100|[from] Grassy Terrain\n|-heal|p1a: Rillaboom|37/100|[from] Grassy Terrain\n|-heal|p2b: Dialga|95/100|[from] Grassy Terrain\n|upkeep\n|turn|5\n|\n|t:|1774767233\n|switch|p2a: Iron Hands|Iron Hands, L50|100/100\n|move|p1b: Calyrex|Astral Barrage|p2b: Dialga|[spread] p2a,p2b\n|-damage|p2a: Iron Hands|71/100\n|-damage|p2b: Dialga|61/100\n|move|p1a: Rillaboom|U-turn|p2b: Dialga\n|-resisted|p2b: Dialga\n|-damage|p2b: Dialga|54/100\n|\n|t:|1774767242\n|switch|p1a: Terapagos|Terapagos-Terastal, L50, M|100/100|[from] U-turn\n|move|p2b: Dialga|Trick Room|p2b: Dialga\n|-fieldstart|move: Trick Room|[of] p2b: Dialga\n|\n|-heal|p2a: Iron Hands|77/100|[from] Grassy Terrain\n|-heal|p2b: Dialga|59/100|[from] Grassy Terrain\n|upkeep\n|turn|6\n|\n|t:|1774767259\n|move|p2a: Iron Hands|Drain Punch|p1a: Terapagos\n|-activate|p1a: Terapagos|ability: Tera Shell\n|-resisted|p1a: Terapagos\n|-damage|p1a: Terapagos|86/100\n|-heal|p2a: Iron Hands|83/100|[from] drain|[of] p1a: Terapagos\n|move|p2b: Dialga|Flash Cannon|p1b: Calyrex\n|-damage|p1b: Calyrex|48/100\n|move|p1a: Terapagos|Calm Mind|p1a: Terapagos\n|-boost|p1a: Terapagos|spa|1\n|-boost|p1a: Terapagos|spd|1\n|move|p1b: Calyrex|Will-O-Wisp|p2a: Iron Hands\n|-status|p2a: Iron Hands|brn\n|\n|-heal|p2a: Iron Hands|89/100 brn|[from] Grassy Terrain\n|-heal|p2b: Dialga|65/100|[from] Grassy Terrain\n|-heal|p1a: Terapagos|92/100|[from] Grassy Terrain\n|-heal|p1a: Terapagos|98/100|[from] item: Leftovers\n|-heal|p1b: Calyrex|54/100|[from] Grassy Terrain\n|-damage|p2a: Iron Hands|83/100 brn|[from] brn\n|upkeep\n|turn|7\n|inactive|TinManFall has 30 seconds left.\n|inactive|Galact7adi has 30 seconds left.\n|\n|t:|1774767288\n|switch|p1b: Rillaboom|Rillaboom, L50, F, shiny|37/100\n|move|p1a: Terapagos|Protect|p1a: Terapagos\n|-singleturn|p1a: Terapagos|Protect\n|move|p2a: Iron Hands|Wild Charge|p1b: Rillaboom\n|-resisted|p1b: Rillaboom\n|-damage|p1b: Rillaboom|26/100\n|-damage|p2a: Iron Hands|81/100 brn|[from] Recoil\n|move|p2b: Dialga|Flash Cannon|p1b: Rillaboom\n|-damage|p1b: Rillaboom|0 fnt\n|faint|p1b: Rillaboom\n|\n|-heal|p2a: Iron Hands|87/100 brn|[from] Grassy Terrain\n|-heal|p2b: Dialga|71/100|[from] Grassy Terrain\n|-heal|p1a: Terapagos|100/100|[from] Grassy Terrain\n|-damage|p2a: Iron Hands|81/100 brn|[from] brn\n|upkeep\n|\n|t:|1774767291\n|switch|p1b: Calyrex|Calyrex-Shadow, L50|54/100\n|-ability|p1b: Calyrex|As One\n|-ability|p1b: Calyrex|Unnerve\n|turn|8\n|\n|t:|1774767300\n|move|p2a: Iron Hands|Wild Charge|p1b: Calyrex\n|-damage|p1b: Calyrex|27/100\n|-damage|p2a: Iron Hands|76/100 brn|[from] Recoil\n|move|p2b: Dialga|Flash Cannon|p1b: Calyrex\n|-damage|p1b: Calyrex|0 fnt\n|faint|p1b: Calyrex\n|move|p1a: Terapagos|Calm Mind|p1a: Terapagos\n|-boost|p1a: Terapagos|spa|1\n|-boost|p1a: Terapagos|spd|1\n|\n|-heal|p2a: Iron Hands|82/100 brn|[from] Grassy Terrain\n|-heal|p2b: Dialga|77/100|[from] Grassy Terrain\n|-damage|p2a: Iron Hands|76/100 brn|[from] brn\n|-fieldend|move: Grassy Terrain\n|upkeep\n|turn|9\n|\n|t:|1774767310\n|move|p1a: Terapagos|Protect|p1a: Terapagos\n|-singleturn|p1a: Terapagos|Protect\n|move|p2a: Iron Hands|Drain Punch|p1a: Terapagos\n|-activate|p1a: Terapagos|move: Protect\n|move|p2b: Dialga|Flash Cannon|p1a: Terapagos\n|-activate|p1a: Terapagos|move: Protect\n|\n|-damage|p2a: Iron Hands|70/100 brn|[from] brn\n|-fieldend|move: Trick Room\n|upkeep\n|turn|10\n|\n|t:|1774767322\n|-end|p2a: Iron Hands|Quark Drive|[silent]\n|switch|p2a: Miraidon|Miraidon, L50, tera:Electric|42/100\n|-fieldstart|move: Electric Terrain|[from] ability: Hadron Engine|[of] p2a: Miraidon\n|move|p1a: Terapagos|Earth Power|p2a: Miraidon\n|-supereffective|p2a: Miraidon\n|-damage|p2a: Miraidon|0 fnt\n|faint|p2a: Miraidon\n|move|p2b: Dialga|Trick Room|p2b: Dialga\n|-fieldstart|move: Trick Room|[of] p2b: Dialga\n|\n|upkeep\n|\n|t:|1774767330\n|switch|p2a: Iron Hands|Iron Hands, L50|70/100 brn\n|-activate|p2a: Iron Hands|ability: Quark Drive\n|-start|p2a: Iron Hands|quarkdriveatk\n|turn|11\n|\n|t:|1774767340\n|move|p2a: Iron Hands|Drain Punch|p1a: Terapagos\n|-activate|p1a: Terapagos|ability: Tera Shell\n|-resisted|p1a: Terapagos\n|-damage|p1a: Terapagos|91/100\n|-heal|p2a: Iron Hands|73/100 brn|[from] drain|[of] p1a: Terapagos\n|move|p2b: Dialga|Flash Cannon|p1a: Terapagos\n|-damage|p1a: Terapagos|66/100\n|move|p1a: Terapagos|Earth Power|p2a: Iron Hands\n|-supereffective|p2a: Iron Hands\n|-damage|p2a: Iron Hands|24/100 brn\n|\n|-heal|p1a: Terapagos|72/100|[from] item: Leftovers\n|-damage|p2a: Iron Hands|18/100 brn|[from] brn\n|upkeep\n|turn|12\n|\n|t:|1774767351\n|move|p1a: Terapagos|Protect|p1a: Terapagos\n|-singleturn|p1a: Terapagos|Protect\n|move|p2a: Iron Hands|Drain Punch|p1a: Terapagos\n|-activate|p1a: Terapagos|move: Protect\n|move|p2b: Dialga|Flash Cannon|p1a: Terapagos\n|-activate|p1a: Terapagos|move: Protect\n|\n|-heal|p1a: Terapagos|78/100|[from] item: Leftovers\n|-damage|p2a: Iron Hands|12/100 brn|[from] brn\n|upkeep\n|turn|13\n|\n|t:|1774767360\n|-terastallize|p1a: Terapagos|Stellar\n|detailschange|p1a: Terapagos|Terapagos-Stellar, L50, M, tera:Stellar\n|-heal|p1a: Terapagos|84/100|[silent]\n|-ability|p1a: Terapagos|Teraform Zero\n|-fieldend|move: Electric Terrain\n|-end|p2a: Iron Hands|Quark Drive\n|move|p2a: Iron Hands|Drain Punch|p1a: Terapagos\n|-supereffective|p1a: Terapagos\n|-damage|p1a: Terapagos|61/100\n|-heal|p2a: Iron Hands|24/100 brn|[from] drain|[of] p1a: Terapagos\n|move|p2b: Dialga|Flash Cannon|p1a: Terapagos\n|-damage|p1a: Terapagos|44/100\n|move|p1a: Terapagos|Tera Starstorm|p2a: Iron Hands|[spread] p2a,p2b\n|-damage|p2a: Iron Hands|0 fnt\n|-damage|p2b: Dialga|33/100\n|faint|p2a: Iron Hands\n|-end|p2a: Iron Hands|Quark Drive|[silent]\n|\n|-heal|p1a: Terapagos|51/100|[from] item: Leftovers\n|upkeep\n|\n|t:|1774767362\n|switch|p2a: Araquanid|Araquanid, L50, M|100/100\n|turn|14\n|\n|t:|1774767376\n|move|p1a: Terapagos|Protect|p1a: Terapagos\n|-singleturn|p1a: Terapagos|Protect\n|move|p2a: Araquanid|Hydro Pump|p1a: Terapagos\n|-activate|p1a: Terapagos|move: Protect\n|move|p2b: Dialga|Flash Cannon|p1a: Terapagos\n|-activate|p1a: Terapagos|move: Protect\n|\n|-heal|p1a: Terapagos|57/100|[from] item: Leftovers\n|-fieldend|move: Trick Room\n|upkeep\n|turn|15\n|\n|t:|1774767379\n|move|p2a: Araquanid|Wide Guard|p2a: Araquanid\n|-singleturn|p2a: Araquanid|Wide Guard\n|move|p1a: Terapagos|Tera Starstorm|p2b: Dialga|[spread] \n|-activate|p2a: Araquanid|move: Wide Guard\n|-activate|p2b: Dialga|move: Wide Guard\n|move|p2b: Dialga|Trick Room|p2b: Dialga\n|-fieldstart|move: Trick Room|[of] p2b: Dialga\n|\n|-heal|p1a: Terapagos|63/100|[from] item: Leftovers\n|upkeep\n|turn|16\n|\n|t:|1774767388\n|move|p2a: Araquanid|Hydro Pump|p1a: Terapagos\n|-damage|p1a: Terapagos|37/100\n|move|p2b: Dialga|Flash Cannon|p1a: Terapagos\n|-damage|p1a: Terapagos|20/100\n|move|p1a: Terapagos|Earth Power|p2b: Dialga\n|-supereffective|p2b: Dialga\n|-damage|p2b: Dialga|0 fnt\n|faint|p2b: Dialga\n|\n|-heal|p1a: Terapagos|27/100|[from] item: Leftovers\n|upkeep\n|turn|17\n|\n|t:|1774767392\n|move|p1a: Terapagos|Protect|p1a: Terapagos\n|-singleturn|p1a: Terapagos|Protect\n|move|p2a: Araquanid|Hydro Pump|p1a: Terapagos\n|-activate|p1a: Terapagos|move: Protect\n|\n|-heal|p1a: Terapagos|33/100|[from] item: Leftovers\n|upkeep\n|turn|18\n|\n|t:|1774767402\n|move|p2a: Araquanid|Surf|p1a: Terapagos\n|-damage|p1a: Terapagos|11/100\n|move|p1a: Terapagos|Tera Starstorm|p2a: Araquanid\n|-damage|p2a: Araquanid|31/100\n|\n|-heal|p1a: Terapagos|18/100|[from] item: Leftovers\n|upkeep\n|turn|19\n|\n|t:|1774767411\n|move|p1a: Terapagos|Protect|p1a: Terapagos\n|-singleturn|p1a: Terapagos|Protect\n|move|p2a: Araquanid|Hydro Pump|p1a: Terapagos\n|-activate|p1a: Terapagos|move: Protect\n|\n|-heal|p1a: Terapagos|24/100|[from] item: Leftovers\n|-fieldend|move: Trick Room\n|upkeep\n|turn|20\n|\n|t:|1774767414\n|move|p1a: Terapagos|Tera Starstorm|p2a: Araquanid\n|-damage|p2a: Araquanid|0 fnt\n|faint|p2a: Araquanid\n|\n|win|TinManFall\n|raw|TinManFall's rating: 1298 &rarr; <strong>1327</strong><br />(+29 for winning)\n|raw|Galact7adi's rating: 1349 &rarr; <strong>1326</strong><br />(-23 for losing)\n|l|\u2606Galact7adi\n|player|p2|\n|l|\u2606TinManFall\n|player|p1|\n","uploadtime":1774767683,"views":10,"formatid":"gen9vgc2026regi","rating":1326,"private":0,"password":null}