{"id":"gen9vgc2026regi-2580270491","format":"[Gen 9] VGC 2026 Reg I","players":["DukeofDudes","pumpkinflame"],"log":"|j|\u2606DukeofDudes\n|j|\u2606pumpkinflame\n|t:|1775872818\n|gametype|doubles\n|player|p1|DukeofDudes|265|1349\n|player|p2|pumpkinflame|adaman-masters|1365\n|gen|9\n|tier|[Gen 9] VGC 2026 Reg I\n|rated|\n|rule|Species Clause: Limit one of each Pok\u00e9mon\n|rule|Item Clause: Limit 1 of each item\n|clearpoke\n|poke|p1|Giratina-Origin, L50|\n|poke|p1|Chien-Pao, L50|\n|poke|p1|Zamazenta-*, L50|\n|poke|p1|Amoonguss, L50, F|\n|poke|p1|Urshifu-*, L50, M|\n|poke|p1|Chi-Yu, L50|\n|poke|p2|Kyogre, L50|\n|poke|p2|Archaludon, L50, F|\n|poke|p2|Rillaboom, L50, F|\n|poke|p2|Roaring Moon, L50|\n|poke|p2|Calyrex-Ice, L50|\n|poke|p2|Incineroar, L50, F|\n|teampreview|4\n|\n|t:|1775872853\n|teamsize|p1|4\n|teamsize|p2|4\n|start\n|switch|p1a: Zamazenta|Zamazenta-Crowned, L50|100/100\n|switch|p1b: Urshifu|Urshifu-Rapid-Strike, L50, M|100/100\n|switch|p2a: Salamence Megav2|Roaring Moon, L50|100/100\n|switch|p2b: K.O|Kyogre, L50|100/100\n|-ability|p1a: Zamazenta|Dauntless Shield|boost\n|-boost|p1a: Zamazenta|def|1\n|-weather|RainDance|[from] ability: Drizzle|[of] p2b: K.O\n|-enditem|p2a: Salamence Megav2|Booster Energy\n|-activate|p2a: Salamence Megav2|ability: Protosynthesis|[fromitem]\n|-start|p2a: Salamence Megav2|protosynthesisspe\n|turn|1\n|\n|t:|1775872888\n|switch|p2b: Miraidon 2|Archaludon, L50, F|100/100\n|move|p1a: Zamazenta|Wide Guard|p1a: Zamazenta\n|-singleturn|p1a: Zamazenta|Wide Guard\n|move|p2a: Salamence Megav2|Tailwind|p2a: Salamence Megav2\n|-sidestart|p2: pumpkinflame|move: Tailwind\n|move|p1b: Urshifu|Coaching|p1a: Zamazenta\n|-boost|p1a: Zamazenta|atk|1\n|-boost|p1a: Zamazenta|def|1\n|\n|-weather|RainDance|[upkeep]\n|upkeep\n|turn|2\n|\n|t:|1775872920\n|switch|p1b: Amoonguss|Amoonguss, L50, F|100/100\n|move|p2a: Salamence Megav2|Acrobatics|p1b: Amoonguss\n|-supereffective|p1b: Amoonguss\n|-damage|p1b: Amoonguss|43/100\n|-damage|p2a: Salamence Megav2|84/100|[from] item: Rocky Helmet|[of] p1b: Amoonguss\n|move|p2b: Miraidon 2|Electro Shot||[still]\n|-prepare|p2b: Miraidon 2|Electro Shot\n|-boost|p2b: Miraidon 2|spa|1\n|-anim|p2b: Miraidon 2|Electro Shot|p1a: Zamazenta\n|-damage|p1a: Zamazenta|50/100\n|move|p1a: Zamazenta|Body Press|p2a: Salamence Megav2\n|-supereffective|p2a: Salamence Megav2\n|-damage|p2a: Salamence Megav2|0 fnt\n|faint|p2a: Salamence Megav2\n|-end|p2a: Salamence Megav2|Protosynthesis|[silent]\n|\n|-weather|RainDance|[upkeep]\n|upkeep\n|\n|t:|1775872938\n|switch|p2a: Chilly and Willy|Calyrex-Ice, L50|100/100\n|-ability|p2a: Chilly and Willy|As One\n|-ability|p2a: Chilly and Willy|Unnerve\n|turn|3\n|\n|t:|1775872955\n|switch|p1b: Urshifu|Urshifu-Rapid-Strike, L50, M|100/100\n|move|p1a: Zamazenta|Protect|p1a: Zamazenta\n|-singleturn|p1a: Zamazenta|Protect\n|move|p2b: Miraidon 2|Electro Shot||[still]\n|-prepare|p2b: Miraidon 2|Electro Shot\n|-boost|p2b: Miraidon 2|spa|1\n|-anim|p2b: Miraidon 2|Electro Shot|p1a: Zamazenta\n|-activate|p1a: Zamazenta|move: Protect\n|move|p2a: Chilly and Willy|Glacial Lance|p1b: Urshifu|[spread] p1b\n|-activate|p1a: Zamazenta|move: Protect\n|-resisted|p1b: Urshifu\n|-crit|p1b: Urshifu\n|-damage|p1b: Urshifu|61/100\n|\n|-weather|RainDance|[upkeep]\n|upkeep\n|turn|4\n|\n|t:|1775872976\n|-terastallize|p2a: Chilly and Willy|Dark\n|move|p1b: Urshifu|Close Combat|p2b: Miraidon 2\n|-supereffective|p2b: Miraidon 2\n|-damage|p2b: Miraidon 2|10/100\n|-unboost|p1b: Urshifu|def|1\n|-unboost|p1b: Urshifu|spd|1\n|-ability|p2b: Miraidon 2|Stamina|boost\n|-boost|p2b: Miraidon 2|def|1\n|move|p2b: Miraidon 2|Electro Shot||[still]\n|-prepare|p2b: Miraidon 2|Electro Shot\n|-boost|p2b: Miraidon 2|spa|1\n|-anim|p2b: Miraidon 2|Electro Shot|p1b: Urshifu\n|-supereffective|p1b: Urshifu\n|-damage|p1b: Urshifu|0 fnt\n|faint|p1b: Urshifu\n|move|p1a: Zamazenta|Behemoth Bash|p2a: Chilly and Willy\n|-damage|p2a: Chilly and Willy|64/100\n|move|p2a: Chilly and Willy|Trick Room|p2a: Chilly and Willy\n|-fieldstart|move: Trick Room|[of] p2a: Chilly and Willy\n|\n|-weather|RainDance|[upkeep]\n|-heal|p2a: Chilly and Willy|70/100|[from] item: Leftovers\n|-sideend|p2: pumpkinflame|move: Tailwind\n|upkeep\n|\n|t:|1775872993\n|switch|p1b: Giratina|Giratina-Origin, L50|100/100\n|turn|5\n|\n|t:|1775873006\n|move|p1a: Zamazenta|Wide Guard|p1a: Zamazenta\n|-singleturn|p1a: Zamazenta|Wide Guard\n|move|p1b: Giratina|Shadow Sneak|p2b: Miraidon 2\n|-crit|p2b: Miraidon 2\n|-damage|p2b: Miraidon 2|0 fnt\n|faint|p2b: Miraidon 2\n|move|p2a: Chilly and Willy|Glacial Lance|p1b: Giratina|[spread] \n|-activate|p1a: Zamazenta|move: Wide Guard\n|-activate|p1b: Giratina|move: Wide Guard\n|\n|-weather|none\n|-heal|p2a: Chilly and Willy|75/100|[from] item: Leftovers\n|upkeep\n|\n|t:|1775873013\n|switch|p2b: K.O|Kyogre, L50|100/100\n|-weather|RainDance|[from] ability: Drizzle|[of] p2b: K.O\n|turn|6\n|\n|t:|1775873028\n|switch|p1b: Amoonguss|Amoonguss, L50, F|76/100\n|move|p1a: Zamazenta|Protect|p1a: Zamazenta\n|-singleturn|p1a: Zamazenta|Protect\n|move|p2a: Chilly and Willy|Leech Seed|p1b: Amoonguss\n|-immune|p1b: Amoonguss\n|move|p2b: K.O|Water Spout|p1b: Amoonguss|[spread] p1b\n|-activate|p1a: Zamazenta|move: Protect\n|-resisted|p1b: Amoonguss\n|-damage|p1b: Amoonguss|18/100\n|\n|-weather|RainDance|[upkeep]\n|-heal|p2a: Chilly and Willy|81/100|[from] item: Leftovers\n|upkeep\n|turn|7\n|\n|t:|1775873047\n|move|p1b: Amoonguss|Spore|p2b: K.O\n|-status|p2b: K.O|slp|[from] move: Spore\n|move|p2a: Chilly and Willy|Leech Seed|p1a: Zamazenta\n|-start|p1a: Zamazenta|move: Leech Seed\n|cant|p2b: K.O|slp\n|move|p1a: Zamazenta|Body Press|p2a: Chilly and Willy\n|-supereffective|p2a: Chilly and Willy\n|-damage|p2a: Chilly and Willy|0 fnt\n|faint|p2a: Chilly and Willy\n|\n|-weather|RainDance|[upkeep]\n|upkeep\n|turn|8\n|\n|t:|1775873062\n|move|p1a: Zamazenta|Wide Guard|p1a: Zamazenta\n|-singleturn|p1a: Zamazenta|Wide Guard\n|move|p1b: Amoonguss|Pollen Puff|p1a: Zamazenta\n|-heal|p1a: Zamazenta|100/100\n|cant|p2b: K.O|slp\n|\n|-weather|RainDance|[upkeep]\n|-fieldend|move: Trick Room\n|upkeep\n|turn|9\n|\n|t:|1775873083\n|switch|p1b: Giratina|Giratina-Origin, L50|100/100\n|move|p1a: Zamazenta|Body Press|p2b: K.O\n|-damage|p2b: K.O|17/100 slp\n|-curestatus|p2b: K.O|slp|[msg]\n|move|p2b: K.O|Water Spout|p1b: Giratina|[spread] p1a,p1b\n|-resisted|p1b: Giratina\n|-damage|p1a: Zamazenta|85/100\n|-damage|p1b: Giratina|92/100\n|\n|-weather|RainDance|[upkeep]\n|upkeep\n|turn|10\n|\n|t:|1775873095\n|move|p1b: Giratina|Shadow Sneak|p2b: K.O\n|-damage|p2b: K.O|0 fnt\n|faint|p2b: K.O\n|\n|win|DukeofDudes\n|raw|DukeofDudes's rating: 1349 &rarr; <strong>1370</strong><br />(+21 for winning)\n|raw|pumpkinflame's rating: 1365 &rarr; <strong>1344</strong><br />(-21 for losing)\n|l|\u2606pumpkinflame\n|player|p2|\n","uploadtime":1775873366,"views":15,"formatid":"gen9vgc2026regi","rating":1344,"private":0,"password":null}