{"id":"gen9vgc2026regi-2573211288","format":"[Gen 9] VGC 2026 Reg I","players":["wuming314","jj11j1"],"log":"|j|\u2606wuming314\n|j|\u2606jj11j1\n|t:|1775103457\n|gametype|doubles\n|player|p1|wuming314|266|1321\n|player|p2|jj11j1|101|1333\n|gen|9\n|tier|[Gen 9] VGC 2026 Reg I\n|rated|\n|rule|Species Clause: Limit one of each Pok\u00e9mon\n|rule|Item Clause: Limit 1 of each item\n|clearpoke\n|poke|p1|Ho-Oh, L50|\n|poke|p1|Urshifu-*, L50, M|\n|poke|p1|Groudon, L50|\n|poke|p1|Rillaboom, L50, M|\n|poke|p1|Incineroar, L50, M|\n|poke|p1|Chien-Pao, L50|\n|poke|p2|Kyogre, L50|\n|poke|p2|Calyrex-Shadow, L50|\n|poke|p2|Landorus, L50, M|\n|poke|p2|Indeedee-F, L50, F|\n|poke|p2|Whimsicott, L50, F|\n|poke|p2|Flutter Mane, L50|\n|teampreview|4\n|\n|t:|1775103506\n|teamsize|p1|4\n|teamsize|p2|4\n|start\n|switch|p1a: Urshifu|Urshifu, L50, M|100/100\n|switch|p1b: Ho-Oh|Ho-Oh, L50|100/100\n|switch|p2a: Calyrex|Calyrex-Shadow, L50|100/100\n|switch|p2b: Flutter Mane|Flutter Mane, L50|100/100\n|-ability|p2a: Calyrex|As One\n|-ability|p2a: Calyrex|Unnerve\n|-enditem|p2b: Flutter Mane|Booster Energy\n|-activate|p2b: Flutter Mane|ability: Protosynthesis|[fromitem]\n|-start|p2b: Flutter Mane|protosynthesisspe\n|turn|1\n|\n|t:|1775103538\n|-terastallize|p2a: Calyrex|Dark\n|move|p2b: Flutter Mane|Moonblast|p1a: Urshifu\n|-supereffective|p1a: Urshifu\n|-damage|p1a: Urshifu|0 fnt\n|faint|p1a: Urshifu\n|move|p2a: Calyrex|Astral Barrage|p1b: Ho-Oh\n|-damage|p1b: Ho-Oh|61/100\n|move|p1b: Ho-Oh|Sacred Fire|p2a: Calyrex\n|-damage|p2a: Calyrex|32/100\n|-status|p2a: Calyrex|brn\n|\n|-heal|p1b: Ho-Oh|67/100|[from] item: Leftovers\n|-damage|p2a: Calyrex|25/100 brn|[from] brn\n|upkeep\n|\n|t:|1775103556\n|switch|p1a: Rillaboom|Rillaboom, L50, M|100/100\n|-fieldstart|move: Grassy Terrain|[from] ability: Grassy Surge|[of] p1a: Rillaboom\n|turn|2\n|\n|t:|1775103573\n|-end|p2b: Flutter Mane|Protosynthesis|[silent]\n|switch|p2b: Indeedee|Indeedee-F, L50, F|100/100\n|-fieldstart|move: Psychic Terrain|[from] ability: Psychic Surge|[of] p2b: Indeedee\n|move|p1a: Rillaboom|Fake Out|p2a: Calyrex\n|-activate|p2a: Calyrex|move: Psychic Terrain\n|move|p2a: Calyrex|Expanding Force|p1b: Ho-Oh|[spread] p1a,p1b\n|-damage|p1a: Rillaboom|57/100\n|-damage|p1b: Ho-Oh|25/100\n|move|p1b: Ho-Oh|Sacred Fire|p2b: Indeedee\n|-damage|p2b: Indeedee|21/100\n|\n|-heal|p1b: Ho-Oh|31/100|[from] item: Leftovers\n|-damage|p2a: Calyrex|19/100 brn|[from] brn\n|upkeep\n|turn|3\n|\n|t:|1775103601\n|move|p1b: Ho-Oh|Protect|p1b: Ho-Oh\n|-singleturn|p1b: Ho-Oh|Protect\n|move|p2a: Calyrex|Astral Barrage|p1b: Ho-Oh|[spread] p1a\n|-activate|p1b: Ho-Oh|move: Protect\n|-damage|p1a: Rillaboom|22/100\n|move|p2b: Indeedee|Hyper Voice|p1a: Rillaboom|[spread] p1a\n|-activate|p1b: Ho-Oh|move: Protect\n|-damage|p1a: Rillaboom|1/100\n|-enditem|p2b: Indeedee|Throat Spray\n|-boost|p2b: Indeedee|spa|1|[from] item: Throat Spray\n|move|p1a: Rillaboom|U-turn|p2a: Calyrex\n|-supereffective|p2a: Calyrex\n|-damage|p2a: Calyrex|0 fnt\n|faint|p2a: Calyrex\n|\n|t:|1775103619\n|switch|p1a: Groudon|Groudon, L50|100/100|[from] U-turn\n|-weather|SunnyDay|[from] ability: Drought|[of] p1a: Groudon\n|\n|-weather|SunnyDay|[upkeep]\n|-heal|p1b: Ho-Oh|37/100|[from] item: Leftovers\n|upkeep\n|\n|t:|1775103628\n|switch|p2a: Flutter Mane|Flutter Mane, L50|100/100\n|-activate|p2a: Flutter Mane|ability: Protosynthesis\n|-start|p2a: Flutter Mane|protosynthesisspe\n|turn|4\n|\n|t:|1775103657\n|switch|p2b: Kyogre|Kyogre, L50|100/100\n|-weather|RainDance|[from] ability: Drizzle|[of] p2b: Kyogre\n|-end|p2a: Flutter Mane|Protosynthesis\n|switch|p1b: Rillaboom|Rillaboom, L50, M|1/100\n|-fieldstart|move: Grassy Terrain|[from] ability: Grassy Surge|[of] p1b: Rillaboom\n|move|p1a: Groudon|Precipice Blades|p2b: Kyogre|[spread] p2a\n|-miss|p1a: Groudon|p2b: Kyogre\n|-damage|p2a: Flutter Mane|0 fnt\n|faint|p2a: Flutter Mane\n|-end|p2a: Flutter Mane|Protosynthesis|[silent]\n|\n|-weather|RainDance|[upkeep]\n|-heal|p1b: Rillaboom|7/100|[from] Grassy Terrain\n|upkeep\n|\n|t:|1775103675\n|switch|p2a: Indeedee|Indeedee-F, L50, F|21/100\n|-fieldstart|move: Psychic Terrain|[from] ability: Psychic Surge|[of] p2a: Indeedee\n|turn|5\n|\n|t:|1775103704\n|move|p1a: Groudon|Protect|p1a: Groudon\n|-singleturn|p1a: Groudon|Protect\n|move|p2b: Kyogre|Protect|p2b: Kyogre\n|-singleturn|p2b: Kyogre|Protect\n|move|p1b: Rillaboom|U-turn|p2a: Indeedee\n|-supereffective|p2a: Indeedee\n|-damage|p2a: Indeedee|0 fnt\n|faint|p2a: Indeedee\n|\n|t:|1775103713\n|switch|p1b: Ho-Oh|Ho-Oh, L50|70/100|[from] U-turn\n|\n|-weather|RainDance|[upkeep]\n|-heal|p1b: Ho-Oh|77/100|[from] item: Leftovers\n|upkeep\n|turn|6\n|-message|jj11j1 forfeited.\n|\n|win|wuming314\n|raw|wuming314's rating: 1321 &rarr; <strong>1342</strong><br />(+21 for winning)\n|raw|jj11j1's rating: 1333 &rarr; <strong>1312</strong><br />(-21 for losing)\n|l|\u2606jj11j1\n|player|p2|\n|l|\u2606wuming314\n|player|p1|\n","uploadtime":1775103944,"views":11,"formatid":"gen9vgc2026regi","rating":1312,"private":0,"password":null}