{"id":"gen9vgc2026regi-2528697888","format":"[Gen 9] VGC 2026 Reg I","players":["kelii","ky123456"],"log":"|j|\u2606kelii\n|j|\u2606ky123456\n|t:|1769696957\n|gametype|doubles\n|player|p1|kelii|dawn|1401\n|player|p2|ky123456|cynthia-gen4|1532\n|gen|9\n|tier|[Gen 9] VGC 2026 Reg I\n|rated|\n|rule|Species Clause: Limit one of each Pok\u00e9mon\n|rule|Item Clause: Limit 1 of each item\n|clearpoke\n|poke|p1|Calyrex-Ice, L50|\n|poke|p1|Lunala, L50|\n|poke|p1|Indeedee-F, L50, F|\n|poke|p1|Smeargle, L50, F|\n|poke|p1|Torkoal, L50, F|\n|poke|p1|Urshifu-*, L50, F|\n|poke|p2|Kyogre, L50|\n|poke|p2|Calyrex-Ice, L50|\n|poke|p2|Grimmsnarl, L50, M|\n|poke|p2|Rillaboom, L50, M|\n|poke|p2|Landorus, L50, M|\n|poke|p2|Urshifu-*, L50, M|\n|teampreview|4\n|inactive|Battle timer is ON: inactive players will automatically lose when time's up. (requested by kelii)\n|\n|t:|1769696986\n|teamsize|p1|4\n|teamsize|p2|4\n|start\n|switch|p1a: Lunala|Lunala, L50, shiny|100/100\n|switch|p1b: Smeargle|Smeargle, L50, F, shiny|100/100\n|switch|p2a: Calyrex|Calyrex-Ice, L50|100/100\n|switch|p2b: Urshifu|Urshifu-Rapid-Strike, L50, M|100/100\n|-ability|p2a: Calyrex|As One\n|-ability|p2a: Calyrex|Unnerve\n|turn|1\n|\n|t:|1769697003\n|-terastallize|p2a: Calyrex|Fairy\n|move|p1b: Smeargle|Wide Guard|p1b: Smeargle\n|-singleturn|p1b: Smeargle|Wide Guard\n|move|p2b: Urshifu|Surging Strikes|p1b: Smeargle\n|-crit|p1b: Smeargle\n|-damage|p1b: Smeargle|61/100\n|-crit|p1b: Smeargle\n|-damage|p1b: Smeargle|19/100\n|-crit|p1b: Smeargle\n|-damage|p1b: Smeargle|0 fnt\n|faint|p1b: Smeargle\n|-hitcount|p1: Smeargle|3\n|move|p1a: Lunala|Meteor Beam||[still]\n|-prepare|p1a: Lunala|Meteor Beam\n|-boost|p1a: Lunala|spa|1\n|-enditem|p1a: Lunala|Power Herb\n|-anim|p1a: Lunala|Meteor Beam|p2a: Calyrex\n|-crit|p2a: Calyrex\n|-damage|p2a: Calyrex|37/100\n|move|p2a: Calyrex|Leech Seed|p1a: Lunala\n|-start|p1a: Lunala|move: Leech Seed\n|\n|-heal|p2a: Calyrex|43/100|[from] item: Leftovers\n|-damage|p1a: Lunala|88/100|[from] Leech Seed|[of] p2a: Calyrex\n|-heal|p2a: Calyrex|58/100|[silent]\n|upkeep\n|\n|t:|1769697023\n|switch|p1b: Indeedee|Indeedee-F, L50, F, shiny|100/100\n|-fieldstart|move: Psychic Terrain|[from] ability: Psychic Surge|[of] p1b: Indeedee\n|turn|2\n|inactive|kelii has 30 seconds left.\n|\n|t:|1769697048\n|switch|p2b: Grimmsnarl|Grimmsnarl, L50, M|100/100\n|move|p2a: Calyrex|Protect|p2a: Calyrex\n|-singleturn|p2a: Calyrex|Protect\n|move|p1b: Indeedee|Follow Me|p1b: Indeedee\n|-singleturn|p1b: Indeedee|move: Follow Me\n|move|p1a: Lunala|Trick Room|p1a: Lunala\n|-fieldstart|move: Trick Room|[of] p1a: Lunala\n|\n|-heal|p2a: Calyrex|63/100|[from] item: Leftovers\n|-damage|p1a: Lunala|76/100|[from] Leech Seed|[of] p2a: Calyrex\n|-heal|p2a: Calyrex|78/100|[silent]\n|upkeep\n|turn|3\n|inactive|kelii has 30 seconds left.\n|\n|t:|1769697073\n|switch|p1a: Torkoal|Torkoal, L50, F, shiny|100/100\n|-weather|SunnyDay|[from] ability: Drought|[of] p1a: Torkoal\n|move|p2b: Grimmsnarl|Light Screen|p2b: Grimmsnarl\n|-sidestart|p2: ky123456|move: Light Screen\n|move|p2a: Calyrex|Glacial Lance|p1b: Indeedee|[spread] p1a,p1b\n|-resisted|p1a: Torkoal\n|-damage|p1a: Torkoal|80/100\n|-damage|p1b: Indeedee|51/100\n|move|p1b: Indeedee|Shadow Ball|p2a: Calyrex\n|-damage|p2a: Calyrex|71/100\n|-unboost|p2a: Calyrex|spd|1\n|\n|-weather|SunnyDay|[upkeep]\n|-heal|p2a: Calyrex|76/100|[from] item: Leftovers\n|upkeep\n|turn|4\n|inactive|kelii has 30 seconds left.\n|\n|t:|1769697106\n|switch|p2b: Kyogre|Kyogre, L50|100/100\n|-weather|RainDance|[from] ability: Drizzle|[of] p2b: Kyogre\n|switch|p1b: Lunala|Lunala, L50, shiny|76/100\n|-terastallize|p1a: Torkoal|Fire\n|move|p1a: Torkoal|Eruption|p2a: Calyrex|[spread] p2a,p2b\n|-resisted|p2b: Kyogre\n|-damage|p2a: Calyrex|58/100\n|-damage|p2b: Kyogre|96/100\n|move|p2a: Calyrex|Glacial Lance|p1b: Lunala|[spread] p1a,p1b\n|-resisted|p1a: Torkoal\n|-damage|p1a: Torkoal|61/100\n|-damage|p1b: Lunala|33/100\n|\n|-weather|RainDance|[upkeep]\n|-heal|p2a: Calyrex|64/100|[from] item: Leftovers\n|upkeep\n|turn|5\n|-message|kelii forfeited.\n|\n|win|ky123456\n|raw|kelii's rating: 1401 &rarr; <strong>1388</strong><br />(-13 for losing)\n|raw|ky123456's rating: 1532 &rarr; <strong>1545</strong><br />(+13 for winning)\n|l|\u2606kelii\n|player|p1|\n|l|\u2606ky123456\n|player|p2|\n","uploadtime":1769697259,"views":13,"formatid":"gen9vgc2026regi","rating":1388,"private":0,"password":null}