{"id":"gen9vgc2026regi-2579584529","format":"[Gen 9] VGC 2026 Reg I","players":["Edvinpasta07","dpsicieu"],"log":"|j|\u2606Edvinpasta07\n|j|\u2606dpsicieu\n|t:|1775801397\n|gametype|doubles\n|player|p1|Edvinpasta07|miku-fire|1672\n|player|p2|dpsicieu|101|1624\n|gen|9\n|tier|[Gen 9] VGC 2026 Reg I\n|rated|\n|rule|Species Clause: Limit one of each Pok\u00e9mon\n|rule|Item Clause: Limit 1 of each item\n|clearpoke\n|poke|p1|Miraidon, L50|\n|poke|p1|Necrozma-Dawn-Wings, L50|\n|poke|p1|Ditto, L50|\n|poke|p1|Comfey, L50, M|\n|poke|p1|Incineroar, L50, M|\n|poke|p1|Smeargle, L50, M|\n|poke|p2|Calyrex-Ice, L50|\n|poke|p2|Miraidon, L50|\n|poke|p2|Iron Hands, L50|\n|poke|p2|Farigiraf, L50, F|\n|poke|p2|Torkoal, L50, F|\n|poke|p2|Smeargle, L50, M|\n|teampreview|4\n|inactive|Battle timer is ON: inactive players will automatically lose when time's up. (requested by Edvinpasta07)\n|inactive|Edvinpasta07 has 60 seconds left.\n|inactive|dpsicieu has 60 seconds left.\n|l|\u2606dpsicieu\n|inactive|dpsicieu disconnected and has a minute to reconnect!\n|player|p2|\n|j|\u2606dpsicieu\n|inactive|dpsicieu reconnected and has 50 seconds left.\n|player|p2|dpsicieu|101|\n|inactive|dpsicieu has 30 seconds left.\n|\n|t:|1775801463\n|teamsize|p1|4\n|teamsize|p2|4\n|start\n|switch|p1a: Necrozma|Necrozma-Dawn-Wings, L50|100/100\n|switch|p1b: Incineroar|Incineroar, L50, M|100/100\n|switch|p2a: Calyrex|Calyrex-Ice, L50|100/100\n|switch|p2b: Miraidon|Miraidon, L50|100/100\n|-ability|p2a: Calyrex|As One\n|-ability|p2a: Calyrex|Unnerve\n|-fieldstart|move: Electric Terrain|[from] ability: Hadron Engine|[of] p2b: Miraidon\n|-ability|p1b: Incineroar|Intimidate|boost\n|-fail|p2a: Calyrex|unboost|[from] item: Clear Amulet|[of] p2a: Calyrex\n|-unboost|p2b: Miraidon|atk|1\n|turn|1\n|\n|t:|1775801486\n|-terastallize|p1a: Necrozma|Grass\n|move|p2a: Calyrex|Protect|p2a: Calyrex\n|-singleturn|p2a: Calyrex|Protect\n|move|p2b: Miraidon|Volt Switch|p1a: Necrozma\n|-resisted|p1a: Necrozma\n|-damage|p1a: Necrozma|77/100\n|\n|t:|1775801492\n|switch|p2b: Iron Hands|Iron Hands, L50|100/100|[from] Volt Switch\n|-activate|p2b: Iron Hands|ability: Quark Drive\n|-start|p2b: Iron Hands|quarkdriveatk\n|move|p1b: Incineroar|U-turn|p1a: Necrozma\n|-supereffective|p1a: Necrozma\n|-damage|p1a: Necrozma|53/100\n|-enditem|p1a: Necrozma|Weakness Policy\n|-boost|p1a: Necrozma|atk|2|[from] item: Weakness Policy\n|-boost|p1a: Necrozma|spa|2|[from] item: Weakness Policy\n|\n|t:|1775801497\n|switch|p1b: Comfey|Comfey, L50, M|100/100|[from] U-turn\n|move|p1a: Necrozma|Moongeist Beam|p2a: Calyrex\n|-activate|p2a: Calyrex|move: Protect\n|\n|upkeep\n|turn|2\n|\n|t:|1775801508\n|move|p1a: Necrozma|Protect|p1a: Necrozma\n|-singleturn|p1a: Necrozma|Protect\n|move|p2b: Iron Hands|Fake Out|p1a: Necrozma\n|-activate|p1a: Necrozma|move: Protect\n|move|p1b: Comfey|Trick Room|p1b: Comfey\n|-fieldstart|move: Trick Room|[of] p1b: Comfey\n|move|p2a: Calyrex|Trick Room|p2a: Calyrex\n|-fieldend|move: Trick Room\n|\n|upkeep\n|turn|3\n|\n|t:|1775801525\n|move|p1b: Comfey|Floral Healing|p1a: Necrozma\n|-heal|p1a: Necrozma|100/100\n|move|p1a: Necrozma|Stored Power|p2b: Iron Hands\n|-supereffective|p2b: Iron Hands\n|-damage|p2b: Iron Hands|0 fnt\n|faint|p2b: Iron Hands\n|-end|p2b: Iron Hands|Quark Drive|[silent]\n|move|p2a: Calyrex|Trick Room|p2a: Calyrex\n|-fieldstart|move: Trick Room|[of] p2a: Calyrex\n|\n|upkeep\n|\n|t:|1775801531\n|switch|p2b: Torkoal|Torkoal, L50, F|100/100\n|-weather|SunnyDay|[from] ability: Drought|[of] p2b: Torkoal\n|turn|4\n|\n|t:|1775801536\n|switch|p1b: Incineroar|Incineroar, L50, M|100/100\n|-ability|p1b: Incineroar|Intimidate|boost\n|-fail|p2a: Calyrex|unboost|[from] item: Clear Amulet|[of] p2a: Calyrex\n|-unboost|p2b: Torkoal|atk|1\n|move|p1a: Necrozma|Protect|p1a: Necrozma\n|-singleturn|p1a: Necrozma|Protect\n|move|p2b: Torkoal|Eruption|p1a: Necrozma|[spread] p1b\n|-activate|p1a: Necrozma|move: Protect\n|-resisted|p1b: Incineroar\n|-damage|p1b: Incineroar|56/100\n|move|p2a: Calyrex|Glacial Lance|p1a: Necrozma|[spread] p1b\n|-activate|p1a: Necrozma|move: Protect\n|-resisted|p1b: Incineroar\n|-damage|p1b: Incineroar|27/100\n|\n|-weather|SunnyDay|[upkeep]\n|upkeep\n|turn|5\n|\n|t:|1775801552\n|move|p1b: Incineroar|Fake Out|p2b: Torkoal\n|-damage|p2b: Torkoal|92/100\n|cant|p2b: Torkoal|flinch\n|move|p2a: Calyrex|Glacial Lance|p1a: Necrozma|[spread] p1a,p1b\n|-supereffective|p1a: Necrozma\n|-resisted|p1b: Incineroar\n|-damage|p1a: Necrozma|24/100\n|-damage|p1b: Incineroar|0 fnt\n|faint|p1b: Incineroar\n|-ability|p2a: Calyrex|Chilling Neigh|boost\n|-boost|p2a: Calyrex|atk|1\n|move|p1a: Necrozma|Stored Power|p2b: Torkoal\n|-damage|p2b: Torkoal|0 fnt\n|faint|p2b: Torkoal\n|\n|-weather|SunnyDay|[upkeep]\n|-fieldend|move: Electric Terrain\n|upkeep\n|\n|t:|1775801561\n|switch|p2b: Miraidon|Miraidon, L50|100/100\n|switch|p1b: Comfey|Comfey, L50, M|100/100\n|-fieldstart|move: Electric Terrain|[from] ability: Hadron Engine|[of] p2b: Miraidon\n|turn|6\n|\n|t:|1775801569\n|move|p1a: Necrozma|Protect|p1a: Necrozma\n|-singleturn|p1a: Necrozma|Protect\n|move|p2a: Calyrex|Glacial Lance|p1a: Necrozma|[spread] p1b\n|-activate|p1a: Necrozma|move: Protect\n|-damage|p1b: Comfey|13/100\n|move|p2b: Miraidon|Electro Drift|p1b: Comfey\n|-damage|p1b: Comfey|0 fnt\n|faint|p1b: Comfey\n|\n|-weather|SunnyDay|[upkeep]\n|upkeep\n|\n|t:|1775801577\n|switch|p1b: Miraidon|Miraidon, L50|100/100\n|-activate|p1b: Miraidon|ability: Hadron Engine\n|turn|7\n|\n|t:|1775801584\n|-terastallize|p2a: Calyrex|Ground\n|move|p1a: Necrozma|Protect||[still]\n|-fail|p1a: Necrozma\n|move|p1b: Miraidon|Protect|p1b: Miraidon\n|-singleturn|p1b: Miraidon|Protect\n|move|p2a: Calyrex|Glacial Lance|p1a: Necrozma|[spread] p1a\n|-activate|p1b: Miraidon|move: Protect\n|-supereffective|p1a: Necrozma\n|-damage|p1a: Necrozma|0 fnt\n|faint|p1a: Necrozma\n|-ability|p2a: Calyrex|Chilling Neigh|boost\n|-boost|p2a: Calyrex|atk|1\n|move|p2b: Miraidon|Electro Drift|p1b: Miraidon\n|-activate|p1b: Miraidon|move: Protect\n|\n|-weather|SunnyDay|[upkeep]\n|-fieldend|move: Trick Room\n|upkeep\n|turn|8\n|\n|t:|1775801602\n|move|p2b: Miraidon|Electro Drift|p1b: Miraidon\n|-resisted|p1b: Miraidon\n|-damage|p1b: Miraidon|76/100\n|move|p1b: Miraidon|Draco Meteor|p2a: Calyrex\n|-damage|p2a: Calyrex|17/100\n|-unboost|p1b: Miraidon|spa|2\n|-damage|p1b: Miraidon|66/100|[from] item: Life Orb\n|move|p2a: Calyrex|Glacial Lance|p1b: Miraidon\n|-supereffective|p1b: Miraidon\n|-damage|p1b: Miraidon|0 fnt\n|faint|p1b: Miraidon\n|\n|win|dpsicieu\n|raw|Edvinpasta07's rating: 1672 &rarr; <strong>1649</strong><br />(-23 for losing)\n|raw|dpsicieu's rating: 1624 &rarr; <strong>1647</strong><br />(+23 for winning)\n|l|\u2606Edvinpasta07\n|player|p1|\n","uploadtime":1775801754,"views":38,"formatid":"gen9vgc2026regi","rating":1647,"private":0,"password":null}