{"id":"gen9vgc2026regi-2540295287","format":"[Gen 9] VGC 2026 Reg I","players":["Schimmli","j0l0k0"],"log":"|j|\u2606Schimmli\n|j|\u2606j0l0k0\n|t:|1771185695\n|gametype|doubles\n|player|p1|Schimmli|266|1435\n|player|p2|j0l0k0|brycen|1400\n|gen|9\n|tier|[Gen 9] VGC 2026 Reg I\n|rated|\n|rule|Species Clause: Limit one of each Pok\u00e9mon\n|rule|Item Clause: Limit 1 of each item\n|clearpoke\n|poke|p1|Terapagos, L50, M|\n|poke|p1|Calyrex-Shadow, L50|\n|poke|p1|Flutter Mane, L50|\n|poke|p1|Ogerpon-Cornerstone, L50, F|\n|poke|p1|Incineroar, L50, F|\n|poke|p1|Rillaboom, L50, F|\n|poke|p2|Calyrex-Ice, L50|\n|poke|p2|Kyogre, L50|\n|poke|p2|Indeedee-F, L50, F|\n|poke|p2|Urshifu-*, L50, F|\n|poke|p2|Amoonguss, L50, F|\n|poke|p2|Landorus, L50, M|\n|teampreview|4\n|inactive|Battle timer is ON: inactive players will automatically lose when time's up. (requested by j0l0k0)\n|j| riyuezi\n|inactive|Schimmli has 60 seconds left.\n|\n|t:|1771185726\n|teamsize|p1|4\n|teamsize|p2|4\n|start\n|switch|p1a: Calyrex|Calyrex-Shadow, L50|100/100\n|switch|p1b: Terapagos|Terapagos, L50, M|100/100\n|switch|p2a: Indeedee|Indeedee-F, L50, F, shiny|100/100\n|switch|p2b: Calyrex|Calyrex-Ice, L50|100/100\n|-activate|p1b: Terapagos|ability: Tera Shift\n|detailschange|p1b: Terapagos|Terapagos-Terastal, L50, M\n|-heal|p1b: Terapagos|100/100|[silent]\n|-ability|p1a: Calyrex|As One\n|-ability|p1a: Calyrex|Unnerve\n|-ability|p2b: Calyrex|As One\n|-ability|p2b: Calyrex|Unnerve\n|-fieldstart|move: Psychic Terrain|[from] ability: Psychic Surge|[of] p2a: Indeedee\n|turn|1\n|\n|t:|1771185745\n|-terastallize|p2b: Calyrex|Normal\n|move|p1a: Calyrex|Will-O-Wisp|p2b: Calyrex\n|-status|p2b: Calyrex|brn\n|move|p1b: Terapagos|Calm Mind|p1b: Terapagos\n|-boost|p1b: Terapagos|spa|1\n|-boost|p1b: Terapagos|spd|1\n|move|p2b: Calyrex|Glacial Lance|p1b: Terapagos|[spread] p1a,p1b\n|-activate|p1b: Terapagos|ability: Tera Shell\n|-resisted|p1b: Terapagos\n|-damage|p1a: Calyrex|66/100\n|-damage|p1b: Terapagos|90/100\n|move|p2a: Indeedee|Trick Room|p2a: Indeedee\n|-fieldstart|move: Trick Room|[of] p2a: Indeedee\n|\n|-heal|p1b: Terapagos|96/100|[from] item: Leftovers\n|-damage|p2b: Calyrex|95/100 brn|[from] brn\n|upkeep\n|turn|2\n|\n|t:|1771185766\n|switch|p1a: Incineroar|Incineroar, L50, F, shiny|100/100\n|-ability|p1a: Incineroar|Intimidate|boost\n|-unboost|p2a: Indeedee|atk|1\n|-fail|p2b: Calyrex|unboost|[from] item: Clear Amulet|[of] p2b: Calyrex\n|move|p2a: Indeedee|Helping Hand|p2b: Calyrex\n|-singleturn|p2b: Calyrex|Helping Hand|[of] p2a: Indeedee\n|move|p2b: Calyrex|Crunch|p1a: Incineroar\n|-resisted|p1a: Incineroar\n|-damage|p1a: Incineroar|92/100\n|-damage|p2b: Calyrex|78/100 brn|[from] item: Rocky Helmet|[of] p1a: Incineroar\n|move|p1b: Terapagos|Calm Mind|p1b: Terapagos\n|-boost|p1b: Terapagos|spa|1\n|-boost|p1b: Terapagos|spd|1\n|\n|-heal|p1b: Terapagos|100/100|[from] item: Leftovers\n|-damage|p2b: Calyrex|72/100 brn|[from] brn\n|upkeep\n|turn|3\n|l| riyuezi\n|j| riyuezi\n|l| riyuezi\n|inactive|Schimmli has 30 seconds left.\n|\n|t:|1771185797\n|-terastallize|p1b: Terapagos|Stellar\n|detailschange|p1b: Terapagos|Terapagos-Stellar, L50, M, tera:Stellar\n|-heal|p1b: Terapagos|100/100|[silent]\n|-ability|p1b: Terapagos|Teraform Zero\n|-fieldend|move: Psychic Terrain\n|move|p2a: Indeedee|Helping Hand|p2b: Calyrex\n|-singleturn|p2b: Calyrex|Helping Hand|[of] p2a: Indeedee\n|move|p2b: Calyrex|Close Combat|p1a: Incineroar\n|-supereffective|p1a: Incineroar\n|-damage|p1a: Incineroar|33/100\n|-unboost|p2b: Calyrex|def|1\n|-unboost|p2b: Calyrex|spd|1\n|-damage|p2b: Calyrex|56/100 brn|[from] item: Rocky Helmet|[of] p1a: Incineroar\n|move|p1a: Incineroar|Knock Off|p2a: Indeedee\n|-supereffective|p2a: Indeedee\n|-damage|p2a: Indeedee|12/100\n|-enditem|p2a: Indeedee|Safety Goggles|[from] move: Knock Off|[of] p1a: Incineroar\n|move|p1b: Terapagos|Tera Starstorm|p2a: Indeedee|[spread] p2a,p2b\n|-supereffective|p2b: Calyrex\n|-damage|p2a: Indeedee|0 fnt\n|-damage|p2b: Calyrex|0 fnt\n|faint|p2a: Indeedee\n|faint|p2b: Calyrex\n|\n|upkeep\n|\n|t:|1771185808\n|switch|p2b: Kyogre|Kyogre, L50, shiny|100/100\n|switch|p2a: Urshifu|Urshifu, L50, F|100/100\n|-weather|RainDance|[from] ability: Drizzle|[of] p2b: Kyogre\n|turn|4\n|\n|t:|1771185830\n|move|p1a: Incineroar|Will-O-Wisp|p2a: Urshifu\n|-status|p2a: Urshifu|brn\n|move|p2b: Kyogre|Water Spout|p1b: Terapagos|[spread] p1a,p1b\n|-supereffective|p1a: Incineroar\n|-damage|p1a: Incineroar|0 fnt\n|-damage|p1b: Terapagos|64/100\n|faint|p1a: Incineroar\n|move|p1b: Terapagos|Tera Starstorm|p2b: Kyogre|[spread] p2a,p2b\n|-enditem|p2a: Urshifu|Focus Sash\n|-damage|p2a: Urshifu|1/100 brn\n|-damage|p2b: Kyogre|72/100\n|move|p2a: Urshifu|Close Combat|p1b: Terapagos\n|-supereffective|p1b: Terapagos\n|-damage|p1b: Terapagos|27/100\n|-unboost|p2a: Urshifu|def|1\n|-unboost|p2a: Urshifu|spd|1\n|\n|-weather|RainDance|[upkeep]\n|-heal|p1b: Terapagos|33/100|[from] item: Leftovers\n|-damage|p2a: Urshifu|0 fnt|[from] brn\n|faint|p2a: Urshifu\n|upkeep\n|\n|t:|1771185851\n|switch|p1a: Rillaboom|Rillaboom, L50, F|100/100\n|-fieldstart|move: Grassy Terrain|[from] ability: Grassy Surge|[of] p1a: Rillaboom\n|turn|5\n|\n|t:|1771185863\n|move|p1a: Rillaboom|Fake Out|p2b: Kyogre\n|-damage|p2b: Kyogre|60/100\n|cant|p2b: Kyogre|flinch\n|move|p1b: Terapagos|Tera Starstorm|p2b: Kyogre\n|-damage|p2b: Kyogre|20/100\n|\n|-weather|RainDance|[upkeep]\n|-heal|p2b: Kyogre|26/100|[from] Grassy Terrain\n|-heal|p1b: Terapagos|39/100|[from] Grassy Terrain\n|-heal|p1b: Terapagos|45/100|[from] item: Leftovers\n|-fieldend|move: Trick Room\n|upkeep\n|turn|6\n|c|\u2606j0l0k0|Ggwp\n|\n|t:|1771185873\n|move|p1b: Terapagos|Tera Starstorm|p2b: Kyogre\n|-damage|p2b: Kyogre|0 fnt\n|faint|p2b: Kyogre\n|\n|win|Schimmli\n|raw|Schimmli's rating: 1435 &rarr; <strong>1453</strong><br />(+18 for winning)\n|raw|j0l0k0's rating: 1400 &rarr; <strong>1382</strong><br />(-18 for losing)\n|c|\u2606Schimmli|gg\n|l|\u2606j0l0k0\n|player|p2|\n|l|\u2606Schimmli\n|player|p1|\n","uploadtime":1771186134,"views":36,"formatid":"gen9vgc2026regi","rating":1382,"private":0,"password":null}