{"id":"gen9vgc2026regi-2558923086","format":"[Gen 9] VGC 2026 Reg I","players":["Cello L.","wmjjqz"],"log":"|j|\u2606Cello L.\n|j|\u2606wmjjqz\n|t:|1773502096\n|gametype|doubles\n|player|p1|Cello L.|cynthia-gen4|1447\n|player|p2|wmjjqz|furisodegirl-black|1396\n|gen|9\n|tier|[Gen 9] VGC 2026 Reg I\n|rated|\n|rule|Species Clause: Limit one of each Pok\u00e9mon\n|rule|Item Clause: Limit 1 of each item\n|clearpoke\n|poke|p1|Terapagos, L50, M|\n|poke|p1|Calyrex-Shadow, L50|\n|poke|p1|Flutter Mane, L50|\n|poke|p1|Ogerpon-Cornerstone, L50, F|\n|poke|p1|Rillaboom, L50, F|\n|poke|p1|Incineroar, L50, M|\n|poke|p2|Koraidon, L50|\n|poke|p2|Calyrex-Shadow, L50|\n|poke|p2|Muk-Alola, L50, F|\n|poke|p2|Flamigo, L50, F|\n|poke|p2|Smeargle, L50, F|\n|poke|p2|Farigiraf, L50, M|\n|teampreview|4\n|inactive|Battle timer is ON: inactive players will automatically lose when time's up. (requested by wmjjqz)\n|\n|t:|1773502126\n|teamsize|p1|4\n|teamsize|p2|4\n|start\n|switch|p1a: Terapagos|Terapagos, L50, M|100/100\n|switch|p1b: Flutter Mane|Flutter Mane, L50|100/100\n|switch|p2a: Muk|Muk-Alola, L50, F, shiny|100/100\n|switch|p2b: Koraidon|Koraidon, L50|100/100\n|-activate|p1a: Terapagos|ability: Tera Shift\n|detailschange|p1a: Terapagos|Terapagos-Terastal, L50, M\n|-heal|p1a: Terapagos|100/100|[silent]\n|-weather|SunnyDay|[from] ability: Orichalcum Pulse|[of] p2b: Koraidon\n|-activate|p1b: Flutter Mane|ability: Protosynthesis\n|-start|p1b: Flutter Mane|protosynthesisspe\n|-activate|p2b: Koraidon|Orichalcum Pulse|[source]\n|turn|1\n|inactive|Cello L. has 30 seconds left.\n|inactive|Cello L. has 20 seconds left.\n|inactive|wmjjqz has 30 seconds left.\n|inactive|Cello L. has 15 seconds left.\n|\n|t:|1773502167\n|move|p1b: Flutter Mane|Thunder Wave|p2b: Koraidon\n|-status|p2b: Koraidon|par\n|move|p1a: Terapagos|Calm Mind|p1a: Terapagos\n|-boost|p1a: Terapagos|spa|1\n|-boost|p1a: Terapagos|spd|1\n|move|p2b: Koraidon|U-turn|p1b: Flutter Mane\n|-resisted|p1b: Flutter Mane\n|-damage|p1b: Flutter Mane|88/100\n|\n|t:|1773502180\n|switch|p2b: Calyrex|Calyrex-Shadow, L50|100/100|[from] U-turn\n|-ability|p2b: Calyrex|As One\n|-ability|p2b: Calyrex|Unnerve\n|move|p2a: Muk|Poison Gas|p1b: Flutter Mane|[spread] p1a,p1b\n|-status|p1a: Terapagos|psn\n|-status|p1b: Flutter Mane|psn\n|\n|-weather|SunnyDay|[upkeep]\n|-damage|p1b: Flutter Mane|75/100 psn|[from] psn\n|-damage|p1a: Terapagos|88/100 psn|[from] psn\n|upkeep\n|turn|2\n|\n|t:|1773502203\n|switch|p2b: Koraidon|Koraidon, L50|100/100 par\n|-activate|p2b: Koraidon|ability: Orichalcum Pulse\n|-terastallize|p1a: Terapagos|Stellar\n|detailschange|p1a: Terapagos|Terapagos-Stellar, L50, M, tera:Stellar\n|-heal|p1a: Terapagos|91/100 psn|[silent]\n|-ability|p1a: Terapagos|Teraform Zero\n|-weather|none\n|-end|p1b: Flutter Mane|Protosynthesis\n|-enditem|p1b: Flutter Mane|Booster Energy\n|-activate|p1b: Flutter Mane|ability: Protosynthesis|[fromitem]\n|-start|p1b: Flutter Mane|protosynthesisspe\n|move|p1b: Flutter Mane|Thunder Wave|p2b: Koraidon\n|-fail|p2b: Koraidon|par\n|move|p1a: Terapagos|Tera Starstorm|p2b: Koraidon|[spread] p2a,p2b\n|-damage|p2a: Muk|59/100\n|-damage|p2b: Koraidon|53/100 par\n|move|p2a: Muk|Minimize|p2a: Muk\n|-boost|p2a: Muk|evasion|2\n|\n|-heal|p1a: Terapagos|97/100 psn|[from] item: Leftovers\n|-heal|p2a: Muk|65/100|[from] item: Leftovers\n|-damage|p1b: Flutter Mane|63/100 psn|[from] psn\n|-damage|p1a: Terapagos|85/100 psn|[from] psn\n|upkeep\n|turn|3\n|inactive|wmjjqz has 30 seconds left.\n|\n|t:|1773502229\n|move|p1b: Flutter Mane|Taunt|p2a: Muk\n|-start|p2a: Muk|move: Taunt\n|move|p1a: Terapagos|Tera Starstorm|p2a: Muk|[spread] p2a,p2b\n|-damage|p2a: Muk|25/100\n|-damage|p2b: Koraidon|10/100 par\n|move|p2b: Koraidon|Flare Blitz|p1a: Terapagos\n|-damage|p1a: Terapagos|57/100 psn\n|-damage|p2b: Koraidon|0 fnt|[from] Recoil\n|faint|p2b: Koraidon\n|-ability|p2a: Muk|Orichalcum Pulse|Power of Alchemy|[from] ability: Power of Alchemy|[of] p2b: Koraidon\n|-weather|SunnyDay|[from] ability: Orichalcum Pulse|[of] p2a: Muk\n|-activate|p2a: Muk|Orichalcum Pulse|[source]\n|cant|p2a: Muk|move: Taunt|Minimize\n|\n|-weather|SunnyDay|[upkeep]\n|-heal|p1a: Terapagos|63/100 psn|[from] item: Leftovers\n|-heal|p2a: Muk|32/100|[from] item: Leftovers\n|-damage|p1b: Flutter Mane|50/100 psn|[from] psn\n|-damage|p1a: Terapagos|50/100 psn|[from] psn\n|upkeep\n|\n|t:|1773502240\n|switch|p2b: Smeargle|Smeargle, L50, F, shiny|100/100\n|turn|4\n|\n|t:|1773502253\n|move|p2b: Smeargle|Fake Out|p1a: Terapagos\n|-damage|p1a: Terapagos|48/100 psn\n|move|p1b: Flutter Mane|Taunt|p2b: Smeargle\n|-start|p2b: Smeargle|move: Taunt\n|cant|p1a: Terapagos|flinch\n|move|p2a: Muk|Knock Off|p1a: Terapagos\n|-damage|p1a: Terapagos|19/100 psn\n|-enditem|p1a: Terapagos|Leftovers|[from] move: Knock Off|[of] p2a: Muk\n|\n|-weather|SunnyDay|[upkeep]\n|-heal|p2a: Muk|38/100|[from] item: Leftovers\n|-damage|p1b: Flutter Mane|38/100 psn|[from] psn\n|-damage|p1a: Terapagos|7/100 psn|[from] psn\n|-ability|p2b: Smeargle|Moody|boost\n|-boost|p2b: Smeargle|spe|2\n|-unboost|p2b: Smeargle|def|1\n|upkeep\n|turn|5\n|\n|t:|1773502275\n|switch|p2b: Calyrex|Calyrex-Shadow, L50|100/100\n|-ability|p2b: Calyrex|As One\n|-ability|p2b: Calyrex|Unnerve\n|move|p1b: Flutter Mane|Thunder Wave|p2b: Calyrex\n|-status|p2b: Calyrex|par\n|move|p1a: Terapagos|Tera Starstorm|p2a: Muk|[spread] p2a,p2b\n|-damage|p2a: Muk|0 fnt\n|-damage|p2b: Calyrex|48/100 par\n|faint|p2a: Muk\n|\n|-weather|SunnyDay|[upkeep]\n|-damage|p1b: Flutter Mane|25/100 psn|[from] psn\n|-damage|p1a: Terapagos|0 fnt|[from] psn\n|faint|p1a: Terapagos\n|detailschange|p1: Terapagos|Terapagos, L50, M|[silent]\n|upkeep\n|\n|t:|1773502289\n|switch|p1a: Calyrex|Calyrex-Shadow, L50|100/100\n|switch|p2a: Smeargle|Smeargle, L50, F, shiny|100/100\n|-ability|p1a: Calyrex|As One\n|-ability|p1a: Calyrex|Unnerve\n|turn|6\n|\n|t:|1773502299\n|-terastallize|p2b: Calyrex|Ground\n|move|p2a: Smeargle|Wide Guard|p2a: Smeargle\n|-singleturn|p2a: Smeargle|Wide Guard\n|move|p1b: Flutter Mane|Taunt|p2a: Smeargle\n|-start|p2a: Smeargle|move: Taunt\n|move|p1a: Calyrex|Astral Barrage|p2b: Calyrex|[spread] \n|-activate|p2a: Smeargle|move: Wide Guard\n|-activate|p2b: Calyrex|move: Wide Guard\n|move|p2b: Calyrex|Astral Barrage|p1b: Flutter Mane|[spread] p1a,p1b\n|-supereffective|p1a: Calyrex\n|-supereffective|p1b: Flutter Mane\n|-enditem|p1a: Calyrex|Focus Sash\n|-damage|p1a: Calyrex|1/100\n|-damage|p1b: Flutter Mane|0 fnt\n|faint|p1b: Flutter Mane\n|-end|p1b: Flutter Mane|Protosynthesis|[silent]\n|-ability|p2b: Calyrex|Grim Neigh|boost\n|-boost|p2b: Calyrex|spa|1\n|\n|-weather|SunnyDay|[upkeep]\n|-ability|p2a: Smeargle|Moody|boost\n|-boost|p2a: Smeargle|spa|2\n|-unboost|p2a: Smeargle|atk|1\n|upkeep\n|\n|t:|1773502322\n|switch|p1b: Incineroar|Incineroar, L50, M|100/100\n|-ability|p1b: Incineroar|Intimidate|boost\n|-unboost|p2a: Smeargle|atk|1\n|-unboost|p2b: Calyrex|atk|1\n|turn|7\n|\n|t:|1773502331\n|move|p2a: Smeargle|Fake Out||[still]\n|-hint|Fake Out only works on your first turn out.\n|-fail|p2a: Smeargle\n|move|p1b: Incineroar|Fake Out|p2b: Calyrex\n|-damage|p2b: Calyrex|36/100 par\n|move|p1a: Calyrex|Astral Barrage|p2a: Smeargle|[spread] p2b\n|-immune|p2a: Smeargle\n|-damage|p2b: Calyrex|0 fnt\n|faint|p2b: Calyrex\n|-ability|p1a: Calyrex|Grim Neigh|boost\n|-boost|p1a: Calyrex|spa|1\n|\n|-weather|none\n|-ability|p2a: Smeargle|Moody|boost\n|-boost|p2a: Smeargle|def|2\n|-unboost|p2a: Smeargle|atk|1\n|upkeep\n|turn|8\n|-message|wmjjqz forfeited.\n|\n|win|Cello L.\n|raw|Cello L.'s rating: 1447 &rarr; <strong>1464</strong><br />(+17 for winning)\n|raw|wmjjqz's rating: 1396 &rarr; <strong>1379</strong><br />(-17 for losing)\n|l|\u2606wmjjqz\n|player|p2|\n","uploadtime":1773502351,"views":18,"formatid":"gen9vgc2026regi","rating":1379,"private":0,"password":null}