{"id":"gen9vgc2026regi-2575286940","format":"[Gen 9] VGC 2026 Reg I","players":["realcomrade379","maid_chan_poke\u266a"],"log":"|j|\u2606realcomrade379\n|j|\u2606maid_chan_poke\u266a\n|t:|1775336616\n|gametype|doubles\n|player|p1|realcomrade379|shadowtriad|\n|player|p2|maid_chan_poke\u266a|evelyn|\n|gen|9\n|tier|[Gen 9] VGC 2026 Reg I\n|rated|Tournament battle\n|rule|Species Clause: Limit one of each Pok\u00e9mon\n|rule|Item Clause: Limit 1 of each item\n|raw|<div class=\"infobox\"><details class=\"readmore\" open><summary><strong>3 custom rules:</strong></summary> Open Team Sheets, Force Open Team Sheets, !Open Team Sheets</details></div>\n|clearpoke\n|poke|p1|Miraidon, L50|\n|poke|p1|Calyrex-Ice, L50|\n|poke|p1|Ogerpon-Wellspring, L50, F|\n|poke|p1|Incineroar, L50, F|\n|poke|p1|Landorus, L50, M|\n|poke|p1|Grimmsnarl, L50, M|\n|poke|p2|Kyogre, L50|\n|poke|p2|Rillaboom, L50, F|\n|poke|p2|Flutter Mane, L50|\n|poke|p2|Calyrex-Ice, L50|\n|poke|p2|Urshifu-*, L50, F|\n|poke|p2|Amoonguss, L50, F|\n|teampreview|4\n|showteam|p1|Miraidon||AssaultVest|HadronEngine|ElectroDrift,DracoMeteor,VoltSwitch,Snarl||||||50|,,,,,Electric]Calyrex-Ice||Leftovers|AsOneGlastrier|Protect,TrickRoom,LeechSeed,GlacialLance||||||50|,,,,,Fairy]Ogerpon-Wellspring||WellspringMask|WaterAbsorb|SpikyShield,FollowMe,HornLeech,IvyCudgel|||F|||50|,,,,,Water]Incineroar||RockyHelmet|Intimidate|KnockOff,FlareBlitz,PartingShot,FakeOut|||F|||50|,,,,,Grass]Landorus||LifeOrb|SheerForce|Protect,Taunt,SludgeBomb,EarthPower|||M|||50|,,,,,Water]Grimmsnarl||LightClay|Prankster|SpiritBreak,LightScreen,Reflect,ThunderWave|||M|||50|,,,,,Ghost\n|showteam|p2|Kyogre||MysticWater|Drizzle|WaterSpout,OriginPulse,HydroPump,Protect||||||50|,,,,,Grass]Rillaboom||AssaultVest|GrassySurge|WoodHammer,FakeOut,GrassyGlide,Uturn|||F|||50|,,,,,Water]Flutter Mane||FocusSash|Protosynthesis|Moonblast,ShadowBall,IcyWind,Taunt||||||50|,,,,,Fairy]Calyrex-Ice||Leftovers|AsOneGlastrier|GlacialLance,LeechSeed,TrickRoom,Protect||||||50|,,,,,Fairy]Urshifu-Rapid-Strike||ChoiceScarf|UnseenFist|SurgingStrikes,CloseCombat,AquaJet,Uturn|||F|||50|,,,,,Ghost]Amoonguss||RockyHelmet|Regenerator|Spore,PollenPuff,RagePowder,Protect|||F|||50|,,,,,Fire\n|inactive|Battle timer is ON: inactive players will automatically lose when time's up. (requested by maid_chan_poke\u266a)\n|j| oooooboi\n|inactive|realcomrade379 has 60 seconds left.\n|\n|t:|1775336648\n|teamsize|p1|4\n|teamsize|p2|4\n|start\n|switch|p1a: Incineroar|Incineroar, L50, F|100/100\n|switch|p1b: Ogerpon|Ogerpon-Wellspring, L50, F|100/100\n|switch|p2a: Tori Vega|Kyogre, L50|100/100\n|switch|p2b: Rillaboom|Rillaboom, L50, F|100/100\n|-weather|RainDance|[from] ability: Drizzle|[of] p2a: Tori Vega\n|-fieldstart|move: Grassy Terrain|[from] ability: Grassy Surge|[of] p2b: Rillaboom\n|-ability|p1a: Incineroar|Intimidate|boost\n|-unboost|p2a: Tori Vega|atk|1\n|-unboost|p2b: Rillaboom|atk|1\n|turn|1\n|inactive|maid_chan_poke\u266a has 30 seconds left.\n|\n|t:|1775336679\n|switch|p2a: Buzz Ice Year|Calyrex-Ice, L50|100/100\n|-ability|p2a: Buzz Ice Year|As One\n|-ability|p2a: Buzz Ice Year|Unnerve\n|switch|p1a: Miraidon|Miraidon, L50|100/100\n|-fieldstart|move: Electric Terrain|[from] ability: Hadron Engine|[of] p1a: Miraidon\n|move|p1b: Ogerpon|Horn Leech|p2a: Buzz Ice Year\n|-damage|p2a: Buzz Ice Year|77/100\n|move|p2b: Rillaboom|U-turn|p1b: Ogerpon\n|-supereffective|p1b: Ogerpon\n|-damage|p1b: Ogerpon|68/100\n|\n|t:|1775336681\n|switch|p2b: Amoonguss|Amoonguss, L50, F, shiny|100/100|[from] U-turn\n|\n|-weather|RainDance|[upkeep]\n|-heal|p2a: Buzz Ice Year|83/100|[from] item: Leftovers\n|upkeep\n|turn|2\n|l| oooooboi\n|\n|t:|1775336699\n|switch|p2b: Rillaboom|Rillaboom, L50, F|100/100\n|-fieldstart|move: Grassy Terrain|[from] ability: Grassy Surge|[of] p2b: Rillaboom\n|move|p2a: Buzz Ice Year|Protect|p2a: Buzz Ice Year\n|-singleturn|p2a: Buzz Ice Year|Protect\n|move|p1a: Miraidon|Volt Switch|p2b: Rillaboom\n|-resisted|p2b: Rillaboom\n|-crit|p2b: Rillaboom\n|-damage|p2b: Rillaboom|80/100\n|\n|t:|1775336707\n|switch|p1a: Incineroar|Incineroar, L50, F|100/100|[from] Volt Switch\n|-ability|p1a: Incineroar|Intimidate|boost\n|-unboost|p2a: Buzz Ice Year|atk|1\n|-unboost|p2b: Rillaboom|atk|1\n|move|p1b: Ogerpon|Ivy Cudgel|p2a: Buzz Ice Year|[anim] Ivy Cudgel Water\n|-activate|p2a: Buzz Ice Year|move: Protect\n|\n|-weather|RainDance|[upkeep]\n|-heal|p1b: Ogerpon|74/100|[from] Grassy Terrain\n|-heal|p2b: Rillaboom|86/100|[from] Grassy Terrain\n|-heal|p2a: Buzz Ice Year|89/100|[from] Grassy Terrain\n|-heal|p2a: Buzz Ice Year|95/100|[from] item: Leftovers\n|upkeep\n|turn|3\n|\n|t:|1775336718\n|switch|p2b: Amoonguss|Amoonguss, L50, F, shiny|100/100\n|switch|p2a: Tori Vega|Kyogre, L50|100/100\n|move|p1b: Ogerpon|Ivy Cudgel|p2a: Tori Vega|[anim] Ivy Cudgel Water\n|-resisted|p2a: Tori Vega\n|-damage|p2a: Tori Vega|52/100\n|move|p1a: Incineroar|Knock Off|p2a: Tori Vega\n|-damage|p2a: Tori Vega|8/100\n|-enditem|p2a: Tori Vega|Mystic Water|[from] move: Knock Off|[of] p1a: Incineroar\n|\n|-weather|RainDance|[upkeep]\n|-heal|p2a: Tori Vega|14/100|[from] Grassy Terrain\n|-heal|p1b: Ogerpon|80/100|[from] Grassy Terrain\n|upkeep\n|turn|4\n|\n|t:|1775336737\n|switch|p2a: Rillaboom|Rillaboom, L50, F|86/100\n|move|p1b: Ogerpon|Ivy Cudgel|p2a: Rillaboom|[anim] Ivy Cudgel Water\n|-resisted|p2a: Rillaboom\n|-damage|p2a: Rillaboom|50/100\n|move|p1a: Incineroar|Parting Shot|p2b: Amoonguss\n|-unboost|p2b: Amoonguss|atk|1\n|-unboost|p2b: Amoonguss|spa|1\n|\n|t:|1775336744\n|switch|p1a: Miraidon|Miraidon, L50|100/100|[from] Parting Shot\n|-fieldstart|move: Electric Terrain|[from] ability: Hadron Engine|[of] p1a: Miraidon\n|move|p2b: Amoonguss|Pollen Puff|p1b: Ogerpon\n|-supereffective|p1b: Ogerpon\n|-damage|p1b: Ogerpon|56/100\n|\n|-weather|RainDance|[upkeep]\n|upkeep\n|turn|5\n|\n|t:|1775336757\n|switch|p2b: Buzz Ice Year|Calyrex-Ice, L50|95/100\n|-ability|p2b: Buzz Ice Year|As One\n|-ability|p2b: Buzz Ice Year|Unnerve\n|move|p1a: Miraidon|Draco Meteor|p2a: Rillaboom\n|-damage|p2a: Rillaboom|0 fnt\n|-unboost|p1a: Miraidon|spa|2\n|faint|p2a: Rillaboom\n|move|p1b: Ogerpon|Ivy Cudgel|p2b: Buzz Ice Year|[anim] Ivy Cudgel Water\n|-damage|p2b: Buzz Ice Year|49/100\n|\n|-weather|none\n|-heal|p2b: Buzz Ice Year|55/100|[from] item: Leftovers\n|upkeep\n|\n|t:|1775336763\n|switch|p2a: Amoonguss|Amoonguss, L50, F, shiny|100/100\n|turn|6\n|\n|t:|1775336781\n|move|p2a: Amoonguss|Protect|p2a: Amoonguss\n|-singleturn|p2a: Amoonguss|Protect\n|move|p1a: Miraidon|Volt Switch|p2a: Amoonguss\n|-activate|p2a: Amoonguss|move: Protect\n|move|p1b: Ogerpon|Ivy Cudgel|p2b: Buzz Ice Year|[anim] Ivy Cudgel Water\n|-crit|p2b: Buzz Ice Year\n|-damage|p2b: Buzz Ice Year|6/100\n|move|p2b: Buzz Ice Year|Glacial Lance|p1a: Miraidon|[spread] p1a,p1b\n|-supereffective|p1a: Miraidon\n|-damage|p1a: Miraidon|24/100\n|-damage|p1b: Ogerpon|4/100\n|\n|-heal|p2b: Buzz Ice Year|12/100|[from] item: Leftovers\n|upkeep\n|turn|7\n|inactive|maid_chan_poke\u266a has 30 seconds left.\n|inactive|maid_chan_poke\u266a has 20 seconds left.\n|inactive|maid_chan_poke\u266a has 15 seconds left.\n|inactive|maid_chan_poke\u266a has 10 seconds left.\n|-message|maid_chan_poke\u266a forfeited.\n|\n|win|realcomrade379\n|n|\u2606realcomrade379|realcomrade379\n|n|\u2606maid_chan_poke\u266a|maidchanpoke\n|l|\u2606maid_chan_poke\u266a\n|player|p2|\n","uploadtime":1775336834,"views":8,"formatid":"gen9vgc2026regi","rating":null,"private":0,"password":null}