{"id":"gen9vgc2026regi-2567232344","format":"[Gen 9] VGC 2026 Reg I","players":["curfy324","amaya122725k"],"log":"|j|\u2606curfy324\n|j|\u2606amaya122725k\n|t:|1774459233\n|gametype|doubles\n|player|p1|curfy324|265|1566\n|player|p2|amaya122725k|hooligans|1465\n|gen|9\n|tier|[Gen 9] VGC 2026 Reg I\n|rated|\n|rule|Species Clause: Limit one of each Pok\u00e9mon\n|rule|Item Clause: Limit 1 of each item\n|clearpoke\n|poke|p1|Zacian-*, L50|\n|poke|p1|Kyogre, L50|\n|poke|p1|Urshifu-*, L50, M|\n|poke|p1|Roaring Moon, L50|\n|poke|p1|Rillaboom, L50, F|\n|poke|p1|Volcarona, L50, M|\n|poke|p2|Calyrex-Shadow, L50|\n|poke|p2|Kyogre, L50|\n|poke|p2|Whimsicott, L50, M|\n|poke|p2|Archaludon, L50, M|\n|poke|p2|Rillaboom, L50, F|\n|poke|p2|Indeedee, L50, M|\n|teampreview|4\n|inactive|Battle timer is ON: inactive players will automatically lose when time's up. (requested by curfy324)\n|inactive|amaya122725k also wants the timer to be on.\n|\n|t:|1774459251\n|teamsize|p1|4\n|teamsize|p2|4\n|start\n|switch|p1a: Roaring Moon|Roaring Moon, L50, shiny|100/100\n|switch|p1b: Zacian|Zacian-Crowned, L50, shiny|100/100\n|switch|p2a: Whimsicott|Whimsicott, L50, M|100/100\n|switch|p2b: Kyogre|Kyogre, L50|100/100\n|-ability|p1b: Zacian|Intrepid Sword|boost\n|-boost|p1b: Zacian|atk|1\n|-weather|RainDance|[from] ability: Drizzle|[of] p2b: Kyogre\n|-enditem|p1a: Roaring Moon|Booster Energy\n|-activate|p1a: Roaring Moon|ability: Protosynthesis|[fromitem]\n|-start|p1a: Roaring Moon|protosynthesisspe\n|turn|1\n|\n|t:|1774459266\n|move|p2a: Whimsicott|Tailwind|p2a: Whimsicott\n|-sidestart|p2: amaya122725k|move: Tailwind\n|move|p2b: Kyogre|Water Spout|p1a: Roaring Moon|[spread] p1a,p1b\n|-resisted|p1a: Roaring Moon\n|-damage|p1a: Roaring Moon|54/100\n|-damage|p1b: Zacian|24/100\n|move|p1a: Roaring Moon|Tailwind|p1a: Roaring Moon\n|-sidestart|p1: curfy324|move: Tailwind\n|move|p1b: Zacian|Behemoth Blade|p2a: Whimsicott\n|-supereffective|p2a: Whimsicott\n|-enditem|p2a: Whimsicott|Focus Sash\n|-damage|p2a: Whimsicott|1/100\n|\n|-weather|RainDance|[upkeep]\n|upkeep\n|turn|2\n|\n|t:|1774459289\n|move|p1a: Roaring Moon|Knock Off|p2b: Kyogre\n|-damage|p2b: Kyogre|47/100\n|-enditem|p2b: Kyogre|Assault Vest|[from] move: Knock Off|[of] p1a: Roaring Moon\n|move|p1b: Zacian|Play Rough|p2b: Kyogre\n|-damage|p2b: Kyogre|0 fnt\n|faint|p2b: Kyogre\n|move|p2a: Whimsicott|Moonblast|p1a: Roaring Moon\n|-supereffective|p1a: Roaring Moon\n|-damage|p1a: Roaring Moon|0 fnt\n|faint|p1a: Roaring Moon\n|-end|p1a: Roaring Moon|Protosynthesis|[silent]\n|\n|-weather|RainDance|[upkeep]\n|upkeep\n|\n|t:|1774459304\n|switch|p1a: Kyogre|Kyogre, L50|100/100\n|switch|p2b: Calyrex|Calyrex-Shadow, L50|100/100\n|-ability|p2b: Calyrex|As One\n|-ability|p2b: Calyrex|Unnerve\n|turn|3\n|\n|t:|1774459314\n|move|p1b: Zacian|Protect|p1b: Zacian\n|-singleturn|p1b: Zacian|Protect\n|move|p2b: Calyrex|Astral Barrage|p1a: Kyogre|[spread] p1a\n|-activate|p1b: Zacian|move: Protect\n|-damage|p1a: Kyogre|53/100\n|-damage|p2b: Calyrex|91/100|[from] item: Life Orb\n|move|p2a: Whimsicott|Moonblast|p1a: Kyogre\n|-damage|p1a: Kyogre|28/100\n|move|p1a: Kyogre|Origin Pulse|p2b: Calyrex|[spread] p2a,p2b\n|-resisted|p2a: Whimsicott\n|-crit|p2b: Calyrex\n|-damage|p2a: Whimsicott|0 fnt\n|-damage|p2b: Calyrex|0 fnt\n|faint|p2a: Whimsicott\n|faint|p2b: Calyrex\n|\n|-weather|RainDance|[upkeep]\n|upkeep\n|\n|t:|1774459323\n|switch|p2b: Indeedee|Indeedee, L50, M|100/100\n|-fieldstart|move: Psychic Terrain|[from] ability: Psychic Surge|[of] p2b: Indeedee\n|turn|4\n|inactive|curfy324 has 30 seconds left.\n|\n|t:|1774459349\n|switch|p1a: Rillaboom|Rillaboom, L50, F, shiny|100/100\n|-fieldstart|move: Grassy Terrain|[from] ability: Grassy Surge|[of] p1a: Rillaboom\n|move|p1b: Zacian|Protect||[still]\n|-fail|p1b: Zacian\n|move|p2b: Indeedee|Expanding Force|p1a: Rillaboom\n|-damage|p1a: Rillaboom|74/100\n|\n|-weather|RainDance|[upkeep]\n|-heal|p1b: Zacian|30/100|[from] Grassy Terrain\n|-heal|p1a: Rillaboom|80/100|[from] Grassy Terrain\n|-sideend|p2: amaya122725k|move: Tailwind\n|-sideend|p1: curfy324|move: Tailwind\n|upkeep\n|turn|5\n|inactive|amaya122725k has 30 seconds left.\n|-message|amaya122725k forfeited.\n|\n|win|curfy324\n|raw|curfy324's rating: 1566 &rarr; <strong>1580</strong><br />(+14 for winning)\n|raw|amaya122725k's rating: 1465 &rarr; <strong>1451</strong><br />(-14 for losing)\n|l|\u2606amaya122725k\n|player|p2|\n|l|\u2606curfy324\n|player|p1|\n","uploadtime":1774459518,"views":13,"formatid":"gen9vgc2026regi","rating":1451,"private":0,"password":null}