{"id":"gen9vgc2026regi-2560363895","format":"[Gen 9] VGC 2026 Reg I","players":["freegr","kojimuranishi"],"log":"|j|\u2606freegr\n|j|\u2606kojimuranishi\n|t:|1773680746\n|gametype|doubles\n|player|p1|freegr|dawn|1451\n|player|p2|kojimuranishi|170|1510\n|gen|9\n|tier|[Gen 9] VGC 2026 Reg I\n|rated|\n|rule|Species Clause: Limit one of each Pok\u00e9mon\n|rule|Item Clause: Limit 1 of each item\n|clearpoke\n|poke|p1|Koraidon, L50|\n|poke|p1|Calyrex-Ice, L50|\n|poke|p1|Incineroar, L50, F|\n|poke|p1|Smeargle, L50, M|\n|poke|p1|Rillaboom, L50, F|\n|poke|p1|Landorus, L50, M|\n|poke|p2|Ogerpon-Cornerstone, L50, F|\n|poke|p2|Ho-Oh, L50|\n|poke|p2|Miraidon, L50|\n|poke|p2|Chien-Pao, L50|\n|poke|p2|Landorus, L50, M|\n|poke|p2|Farigiraf, L50, F|\n|teampreview|4\n|inactive|Battle timer is ON: inactive players will automatically lose when time's up. (requested by kojimuranishi)\n|inactive|freegr has 60 seconds left.\n|\n|t:|1773680787\n|teamsize|p1|4\n|teamsize|p2|4\n|start\n|switch|p1a: Calyrex|Calyrex-Ice, L50|100/100\n|switch|p1b: Incineroar|Incineroar, L50, F, shiny|100/100\n|switch|p2a: Ogerpon|Ogerpon-Cornerstone, L50, F|100/100\n|switch|p2b: Miraidon|Miraidon, L50|100/100\n|-ability|p1a: Calyrex|As One\n|-ability|p1a: Calyrex|Unnerve\n|-fieldstart|move: Electric Terrain|[from] ability: Hadron Engine|[of] p2b: Miraidon\n|-ability|p1b: Incineroar|Intimidate|boost\n|-unboost|p2a: Ogerpon|atk|1\n|-unboost|p2b: Miraidon|atk|1\n|turn|1\n|inactive|kojimuranishi has 30 seconds left.\n|inactive|kojimuranishi has 20 seconds left.\n|inactive|kojimuranishi has 15 seconds left.\n|inactive|kojimuranishi has 10 seconds left.\n|\n|t:|1773680835\n|switch|p2b: Ho-Oh|Ho-Oh, L50|100/100\n|switch|p1b: Rillaboom|Rillaboom, L50, F, shiny|100/100\n|-fieldstart|move: Grassy Terrain|[from] ability: Grassy Surge|[of] p1b: Rillaboom\n|-terastallize|p2a: Ogerpon|Rock\n|detailschange|p2a: Ogerpon|Ogerpon-Cornerstone-Tera, L50, F, tera:Rock\n|-ability|p2a: Ogerpon|Embody Aspect (Cornerstone)|boost\n|-boost|p2a: Ogerpon|def|1\n|-terastallize|p1a: Calyrex|Fairy\n|move|p2a: Ogerpon|Ivy Cudgel|p1a: Calyrex|[anim] Ivy Cudgel Rock\n|-crit|p1a: Calyrex\n|-damage|p1a: Calyrex|25/100\n|move|p1a: Calyrex|Glacial Lance|p2a: Ogerpon|[spread] p2a,p2b\n|-damage|p2a: Ogerpon|54/100\n|-damage|p2b: Ho-Oh|57/100\n|\n|-heal|p2a: Ogerpon|60/100|[from] Grassy Terrain\n|-heal|p1a: Calyrex|31/100|[from] Grassy Terrain\n|-heal|p1a: Calyrex|37/100|[from] item: Leftovers\n|upkeep\n|turn|2\n|inactive|kojimuranishi has 30 seconds left.\n|\n|t:|1773680867\n|switch|p1b: Incineroar|Incineroar, L50, F, shiny|100/100\n|-ability|p1b: Incineroar|Intimidate|boost\n|-unboost|p2a: Ogerpon|atk|1\n|-unboost|p2b: Ho-Oh|atk|1\n|move|p1a: Calyrex|Protect|p1a: Calyrex\n|-singleturn|p1a: Calyrex|Protect\n|move|p2a: Ogerpon|Ivy Cudgel|p1a: Calyrex|[anim] Ivy Cudgel Rock\n|-activate|p1a: Calyrex|move: Protect\n|move|p2b: Ho-Oh|Sacred Fire|p1a: Calyrex\n|-activate|p1a: Calyrex|move: Protect\n|\n|-heal|p2a: Ogerpon|66/100|[from] Grassy Terrain\n|-heal|p1a: Calyrex|43/100|[from] Grassy Terrain\n|-heal|p1a: Calyrex|48/100|[from] item: Leftovers\n|upkeep\n|turn|3\n|\n|t:|1773680889\n|move|p2a: Ogerpon|Spiky Shield|p2a: Ogerpon\n|-singleturn|p2a: Ogerpon|move: Protect\n|move|p1b: Incineroar|Fake Out|p2b: Ho-Oh\n|-damage|p2b: Ho-Oh|48/100\n|cant|p2b: Ho-Oh|flinch\n|move|p1a: Calyrex|Trick Room|p1a: Calyrex\n|-fieldstart|move: Trick Room|[of] p1a: Calyrex\n|\n|-heal|p1a: Calyrex|54/100|[from] Grassy Terrain\n|-heal|p1a: Calyrex|60/100|[from] item: Leftovers\n|-heal|p2a: Ogerpon|72/100|[from] Grassy Terrain\n|upkeep\n|turn|4\n|\n|t:|1773680906\n|move|p1a: Calyrex|Glacial Lance|p2b: Ho-Oh|[spread] p2a,p2b\n|-crit|p2b: Ho-Oh\n|-damage|p2a: Ogerpon|23/100\n|-damage|p2b: Ho-Oh|0 fnt\n|faint|p2b: Ho-Oh\n|-ability|p1a: Calyrex|Chilling Neigh|boost\n|-boost|p1a: Calyrex|atk|1\n|move|p1b: Incineroar|Knock Off|p2a: Ogerpon\n|-damage|p2a: Ogerpon|2/100\n|move|p2a: Ogerpon|Ivy Cudgel|p1a: Calyrex|[anim] Ivy Cudgel Rock\n|-damage|p1a: Calyrex|33/100\n|\n|-heal|p1a: Calyrex|39/100|[from] Grassy Terrain\n|-heal|p1a: Calyrex|44/100|[from] item: Leftovers\n|-heal|p2a: Ogerpon|8/100|[from] Grassy Terrain\n|upkeep\n|\n|t:|1773680922\n|switch|p2b: Chien-Pao|Chien-Pao, L50|100/100\n|-ability|p2b: Chien-Pao|Sword of Ruin\n|turn|5\n|\n|t:|1773680928\n|move|p2a: Ogerpon|Spiky Shield|p2a: Ogerpon\n|-singleturn|p2a: Ogerpon|move: Protect\n|move|p1a: Calyrex|Glacial Lance|p2b: Chien-Pao|[spread] p2b\n|-activate|p2a: Ogerpon|move: Protect\n|-resisted|p2b: Chien-Pao\n|-damage|p2b: Chien-Pao|45/100\n|move|p1b: Incineroar|Will-O-Wisp|p2b: Chien-Pao\n|-status|p2b: Chien-Pao|brn\n|move|p2b: Chien-Pao|Icicle Crash|p1a: Calyrex\n|-damage|p1a: Calyrex|27/100\n|\n|-heal|p1a: Calyrex|32/100|[from] Grassy Terrain\n|-heal|p1a: Calyrex|38/100|[from] item: Leftovers\n|-heal|p2a: Ogerpon|13/100|[from] Grassy Terrain\n|-heal|p2b: Chien-Pao|50/100 brn|[from] Grassy Terrain\n|-damage|p2b: Chien-Pao|45/100 brn|[from] brn\n|-fieldend|move: Grassy Terrain\n|upkeep\n|turn|6\n|-message|kojimuranishi forfeited.\n|\n|win|freegr\n|raw|freegr's rating: 1451 &rarr; <strong>1474</strong><br />(+23 for winning)\n|raw|kojimuranishi's rating: 1510 &rarr; <strong>1487</strong><br />(-23 for losing)\n|l|\u2606kojimuranishi\n|player|p2|\n|j|\u2606kojimuranishi\n|player|p2|kojimuranishi|170|\n|l|\u2606kojimuranishi\n|player|p2|\n|l|\u2606freegr\n|player|p1|\n","uploadtime":1773681171,"views":12,"formatid":"gen9vgc2026regi","rating":1474,"private":0,"password":null}