{"id":"gen9vgc2026regi-2574025236","format":"[Gen 9] VGC 2026 Reg I","players":["OBS1DIAN","huanyu0.0"],"log":"|j|\u2606OBS1DIAN\n|j|\u2606huanyu0.0\n|t:|1775190247\n|gametype|doubles\n|player|p1|OBS1DIAN|giovanni|1350\n|player|p2|huanyu0.0|169|1458\n|gen|9\n|tier|[Gen 9] VGC 2026 Reg I\n|rated|\n|rule|Species Clause: Limit one of each Pok\u00e9mon\n|rule|Item Clause: Limit 1 of each item\n|clearpoke\n|poke|p1|Lunala, L50|\n|poke|p1|Zamazenta-*, L50|\n|poke|p1|Ursaluna-Bloodmoon, L50, M|\n|poke|p1|Brute Bonnet, L50|\n|poke|p1|Tornadus, L50, M|\n|poke|p1|Urshifu-*, L50, F|\n|poke|p2|Calyrex-Shadow, L50|\n|poke|p2|Zamazenta-*, L50|\n|poke|p2|Chien-Pao, L50|\n|poke|p2|Dragonite, L50, F|\n|poke|p2|Amoonguss, L50, M|\n|poke|p2|Raging Bolt, L50|\n|teampreview|4\n|inactive|Battle timer is ON: inactive players will automatically lose when time's up. (requested by huanyu0.0)\n|inactive|OBS1DIAN has 60 seconds left.\n|inactive|huanyu0.0 has 60 seconds left.\n|inactive|huanyu0.0 has 30 seconds left.\n|\n|t:|1775190315\n|teamsize|p1|4\n|teamsize|p2|4\n|start\n|switch|p1a: Lunala|Lunala, L50|100/100\n|switch|p1b: Brute Bonnet|Brute Bonnet, L50|100/100\n|switch|p2a: Zamazenta|Zamazenta-Crowned, L50|100/100\n|switch|p2b: Chien-Pao|Chien-Pao, L50|100/100\n|-ability|p2b: Chien-Pao|Sword of Ruin\n|-ability|p2a: Zamazenta|Dauntless Shield|boost\n|-boost|p2a: Zamazenta|def|1\n|turn|1\n|inactive|OBS1DIAN has 30 seconds left.\n|\n|t:|1775190342\n|-end|p1b: Brute Bonnet|Protosynthesis|[silent]\n|switch|p1b: Zamazenta|Zamazenta-Crowned, L50|100/100\n|-ability|p1b: Zamazenta|Dauntless Shield|boost\n|-boost|p1b: Zamazenta|def|1\n|-terastallize|p1a: Lunala|Fairy\n|move|p2b: Chien-Pao|Ruination|p1b: Zamazenta\n|-damage|p1b: Zamazenta|51/100\n|move|p2a: Zamazenta|Body Press|p1b: Zamazenta\n|-supereffective|p1b: Zamazenta\n|-crit|p1b: Zamazenta\n|-damage|p1b: Zamazenta|0 fnt\n|faint|p1b: Zamazenta\n|move|p1a: Lunala|Trick Room|p1a: Lunala\n|-fieldstart|move: Trick Room|[of] p1a: Lunala\n|\n|upkeep\n|\n|t:|1775190354\n|switch|p1b: Ursaluna|Ursaluna-Bloodmoon, L50, M|100/100\n|turn|2\n|inactive|huanyu0.0 has 30 seconds left.\n|inactive|huanyu0.0 has 20 seconds left.\n|\n|t:|1775190392\n|move|p2a: Zamazenta|Protect|p2a: Zamazenta\n|-singleturn|p2a: Zamazenta|Protect\n|move|p2b: Chien-Pao|Sucker Punch|p1b: Ursaluna\n|-damage|p1b: Ursaluna|75/100\n|move|p1b: Ursaluna|Earth Power|p2a: Zamazenta\n|-activate|p2a: Zamazenta|move: Protect\n|move|p1a: Lunala|Meteor Beam||[still]\n|-prepare|p1a: Lunala|Meteor Beam\n|-boost|p1a: Lunala|spa|1\n|-enditem|p1a: Lunala|Power Herb\n|-anim|p1a: Lunala|Meteor Beam|p2b: Chien-Pao\n|-supereffective|p2b: Chien-Pao\n|-damage|p2b: Chien-Pao|0 fnt\n|faint|p2b: Chien-Pao\n|\n|upkeep\n|\n|t:|1775190408\n|switch|p2b: Amoonguss|Amoonguss, L50, M|100/100\n|turn|3\n|\n|t:|1775190422\n|switch|p1b: Brute Bonnet|Brute Bonnet, L50|100/100\n|move|p2b: Amoonguss|Spore|p1b: Brute Bonnet\n|-immune|p1b: Brute Bonnet\n|move|p1a: Lunala|Moongeist Beam|p2b: Amoonguss\n|-damage|p2b: Amoonguss|37/100\n|move|p2a: Zamazenta|Heavy Slam|p1a: Lunala\n|-supereffective|p1a: Lunala\n|-damage|p1a: Lunala|57/100\n|\n|upkeep\n|turn|4\n|\n|t:|1775190441\n|move|p2b: Amoonguss|Spore|p1a: Lunala\n|-status|p1a: Lunala|slp|[from] move: Spore\n|move|p1b: Brute Bonnet|Spore|p2a: Zamazenta\n|-status|p2a: Zamazenta|slp|[from] move: Spore\n|cant|p1a: Lunala|slp\n|cant|p2a: Zamazenta|slp\n|\n|upkeep\n|turn|5\n|\n|t:|1775190458\n|move|p1b: Brute Bonnet|Sucker Punch|p2b: Amoonguss\n|-damage|p2b: Amoonguss|7/100\n|-damage|p1b: Brute Bonnet|84/100|[from] item: Rocky Helmet|[of] p2b: Amoonguss\n|move|p2b: Amoonguss|Sludge Bomb|p1a: Lunala\n|-supereffective|p1a: Lunala\n|-damage|p1a: Lunala|18/100 slp\n|-curestatus|p1a: Lunala|slp|[msg]\n|move|p1a: Lunala|Moongeist Beam|p2b: Amoonguss\n|-damage|p2b: Amoonguss|0 fnt\n|faint|p2b: Amoonguss\n|cant|p2a: Zamazenta|slp\n|\n|-fieldend|move: Trick Room\n|upkeep\n|\n|t:|1775190474\n|switch|p2b: Calyrex|Calyrex-Shadow, L50|100/100\n|-ability|p2b: Calyrex|As One\n|-ability|p2b: Calyrex|Unnerve\n|turn|6\n|\n|t:|1775190497\n|move|p1b: Brute Bonnet|Sucker Punch|p2b: Calyrex\n|-supereffective|p2b: Calyrex\n|-enditem|p2b: Calyrex|Focus Sash\n|-damage|p2b: Calyrex|1/100\n|move|p2b: Calyrex|Psychic|p1a: Lunala\n|-damage|p1a: Lunala|0 fnt\n|faint|p1a: Lunala\n|-ability|p2b: Calyrex|Grim Neigh|boost\n|-boost|p2b: Calyrex|spa|1\n|-curestatus|p2a: Zamazenta|slp|[msg]\n|move|p2a: Zamazenta|Body Press|p1b: Brute Bonnet\n|-supereffective|p1b: Brute Bonnet\n|-damage|p1b: Brute Bonnet|0 fnt\n|faint|p1b: Brute Bonnet\n|-end|p1b: Brute Bonnet|Protosynthesis|[silent]\n|\n|upkeep\n|\n|t:|1775190509\n|switch|p1b: Ursaluna|Ursaluna-Bloodmoon, L50, M|75/100\n|turn|7\n|\n|t:|1775190519\n|-terastallize|p2a: Zamazenta|Dragon\n|move|p2b: Calyrex|Psychic|p1b: Ursaluna\n|-damage|p1b: Ursaluna|0 fnt\n|faint|p1b: Ursaluna\n|\n|win|huanyu0.0\n|raw|OBS1DIAN's rating: 1350 &rarr; <strong>1336</strong><br />(-14 for losing)\n|raw|huanyu0.0's rating: 1458 &rarr; <strong>1472</strong><br />(+14 for winning)\n|l|\u2606OBS1DIAN\n|player|p1|\n|l|\u2606huanyu0.0\n|player|p2|\n","uploadtime":1775190734,"views":8,"formatid":"gen9vgc2026regi","rating":1336,"private":0,"password":null}