{"id":"gen9vgc2026regi-2551072230","format":"[Gen 9] VGC 2026 Reg I","players":["Gojirafanboy1","Zorse Mentality"],"log":"|j|\u2606Gojirafanboy1\n|j|\u2606Zorse Mentality\n|t:|1772562450\n|gametype|doubles\n|player|p1|Gojirafanboy1|2|1380\n|player|p2|Zorse Mentality|266|1286\n|gen|9\n|tier|[Gen 9] VGC 2026 Reg I\n|rated|\n|rule|Species Clause: Limit one of each Pok\u00e9mon\n|rule|Item Clause: Limit 1 of each item\n|clearpoke\n|poke|p1|Koraidon, L50|\n|poke|p1|Calyrex-Shadow, L50|\n|poke|p1|Gothitelle, L50, F|\n|poke|p1|Scream Tail, L50|\n|poke|p1|Amoonguss, L50, F|\n|poke|p1|Incineroar, L50, F|\n|poke|p2|Miraidon, L50|\n|poke|p2|Lunala, L50|\n|poke|p2|Dondozo, L50, M|\n|poke|p2|Tatsugiri, L50, M|\n|poke|p2|Raichu-Alola, L50, F|\n|poke|p2|Ursaluna, L50, F|\n|teampreview|4\n|inactive|Battle timer is ON: inactive players will automatically lose when time's up. (requested by Gojirafanboy1)\n|\n|t:|1772562496\n|teamsize|p1|4\n|teamsize|p2|4\n|start\n|switch|p1a: Calyrex|Calyrex-Shadow, L50|100/100\n|switch|p1b: Amoonguss|Amoonguss, L50, F|100/100\n|switch|p2a: Raichu|Raichu-Alola, L50, F|100/100\n|switch|p2b: Miraidon|Miraidon, L50|100/100\n|-ability|p1a: Calyrex|As One\n|-ability|p1a: Calyrex|Unnerve\n|-fieldstart|move: Electric Terrain|[from] ability: Hadron Engine|[of] p2b: Miraidon\n|turn|1\n|inactive|Zorse Mentality has 30 seconds left.\n|inactive|Zorse Mentality has 20 seconds left.\n|\n|t:|1772562535\n|-terastallize|p2a: Raichu|Normal\n|move|p1a: Calyrex|Protect|p1a: Calyrex\n|-singleturn|p1a: Calyrex|Protect\n|move|p1b: Amoonguss|Protect|p1b: Amoonguss\n|-singleturn|p1b: Amoonguss|Protect\n|move|p2a: Raichu|Fake Out|p1b: Amoonguss\n|-activate|p1b: Amoonguss|move: Protect\n|move|p2b: Miraidon|Snarl|p1a: Calyrex|[spread] \n|-activate|p1a: Calyrex|move: Protect\n|-activate|p1b: Amoonguss|move: Protect\n|\n|upkeep\n|turn|2\n|\n|t:|1772562556\n|switch|p1a: Incineroar|Incineroar, L50, F|100/100\n|-ability|p1a: Incineroar|Intimidate|boost\n|-unboost|p2a: Raichu|atk|1\n|-unboost|p2b: Miraidon|atk|1\n|move|p2a: Raichu|Nuzzle|p1b: Amoonguss\n|-resisted|p1b: Amoonguss\n|-damage|p1b: Amoonguss|98/100\n|-status|p1b: Amoonguss|par\n|move|p2b: Miraidon|Snarl|p1b: Amoonguss|[spread] p1a,p1b\n|-resisted|p1a: Incineroar\n|-damage|p1a: Incineroar|92/100\n|-damage|p1b: Amoonguss|84/100 par\n|-unboost|p1a: Incineroar|spa|1\n|-unboost|p1b: Amoonguss|spa|1\n|move|p1b: Amoonguss|Sludge Bomb|p2b: Miraidon\n|-damage|p2b: Miraidon|86/100\n|-status|p2b: Miraidon|psn\n|\n|-damage|p2b: Miraidon|73/100 psn|[from] psn\n|upkeep\n|turn|3\n|inactive|Zorse Mentality has 30 seconds left.\n|inactive|Zorse Mentality has 20 seconds left.\n|inactive|Zorse Mentality has 15 seconds left.\n|inactive|Zorse Mentality has 10 seconds left.\n|inactive|Zorse Mentality has 5 seconds left.\n|\n|t:|1772562609\n|switch|p2b: Dondozo|Dondozo, L50, M|100/100\n|move|p1b: Amoonguss|Rage Powder|p1b: Amoonguss\n|-singleturn|p1b: Amoonguss|move: Rage Powder\n|move|p2a: Raichu|Nuzzle|p1b: Amoonguss\n|-resisted|p1b: Amoonguss\n|-damage|p1b: Amoonguss|81/100 par\n|move|p1a: Incineroar|Flare Blitz|p2a: Raichu\n|-damage|p2a: Raichu|26/100\n|-damage|p1a: Incineroar|72/100|[from] Recoil\n|\n|upkeep\n|turn|4\n|inactive|Zorse Mentality has 30 seconds left.\n|inactive|Zorse Mentality has 20 seconds left.\n|\n|t:|1772562644\n|switch|p2a: Tatsugiri|Tatsugiri, L50, M|100/100\n|-activate|p2a: Tatsugiri|ability: Commander|[of] p2b: Dondozo\n|-boost|p2b: Dondozo|atk|2\n|-boost|p2b: Dondozo|spa|2\n|-boost|p2b: Dondozo|spe|2\n|-boost|p2b: Dondozo|def|2\n|-boost|p2b: Dondozo|spd|2\n|cant|p1b: Amoonguss|par\n|move|p2b: Dondozo|Order Up|p1a: Incineroar\n|-damage|p1a: Incineroar|38/100\n|-boost|p2b: Dondozo|atk|1\n|move|p1a: Incineroar|Parting Shot|p2b: Dondozo\n|-unboost|p2b: Dondozo|atk|1\n|-unboost|p2b: Dondozo|spa|1\n|\n|t:|1772562659\n|switch|p1a: Calyrex|Calyrex-Shadow, L50|100/100|[from] Parting Shot\n|-ability|p1a: Calyrex|As One\n|-ability|p1a: Calyrex|Unnerve\n|\n|upkeep\n|turn|5\n|\n|t:|1772562672\n|switch|p1b: Incineroar|Incineroar, L50, F|38/100\n|-ability|p1b: Incineroar|Intimidate|boost\n|-unboost|p2a: Tatsugiri|atk|1\n|-unboost|p2b: Dondozo|atk|1\n|move|p1a: Calyrex|Protect|p1a: Calyrex\n|-singleturn|p1a: Calyrex|Protect\n|move|p2b: Dondozo|Order Up|p1b: Incineroar\n|-damage|p1b: Incineroar|14/100\n|-boost|p2b: Dondozo|atk|1\n|\n|-fieldend|move: Electric Terrain\n|upkeep\n|turn|6\n|\n|t:|1772562691\n|move|p1a: Calyrex|Disable|p2b: Dondozo\n|-start|p2b: Dondozo|Disable|Order Up\n|move|p2b: Dondozo|Earthquake|p1a: Calyrex|[spread] p1a,p1b\n|-miss|p2b: Dondozo|p2a: Tatsugiri\n|-supereffective|p1b: Incineroar\n|-damage|p1a: Calyrex|60/100\n|-damage|p1b: Incineroar|0 fnt\n|faint|p1b: Incineroar\n|\n|upkeep\n|\n|t:|1772562701\n|switch|p1b: Koraidon|Koraidon, L50|100/100\n|-weather|SunnyDay|[from] ability: Orichalcum Pulse|[of] p1b: Koraidon\n|-activate|p1b: Koraidon|Orichalcum Pulse|[source]\n|turn|7\n|\n|t:|1772562710\n|move|p1a: Calyrex|Psychic|p2b: Dondozo\n|-damage|p2b: Dondozo|79/100\n|move|p1b: Koraidon|Close Combat|p2b: Dondozo\n|-damage|p2b: Dondozo|49/100\n|-unboost|p1b: Koraidon|def|1\n|-unboost|p1b: Koraidon|spd|1\n|-damage|p1b: Koraidon|84/100|[from] item: Rocky Helmet|[of] p2b: Dondozo\n|-damage|p1b: Koraidon|74/100|[from] item: Life Orb\n|move|p2b: Dondozo|Rest|p2b: Dondozo\n|-status|p2b: Dondozo|slp|[from] move: Rest\n|-heal|p2b: Dondozo|100/100 slp|[silent]\n|\n|-weather|SunnyDay|[upkeep]\n|upkeep\n|turn|8\n|\n|t:|1772562727\n|move|p1a: Calyrex|Psychic|p2b: Dondozo\n|-damage|p2b: Dondozo|79/100 slp\n|move|p1b: Koraidon|Close Combat|p2b: Dondozo\n|-damage|p2b: Dondozo|47/100 slp\n|-unboost|p1b: Koraidon|def|1\n|-unboost|p1b: Koraidon|spd|1\n|-damage|p1b: Koraidon|58/100|[from] item: Rocky Helmet|[of] p2b: Dondozo\n|-damage|p1b: Koraidon|48/100|[from] item: Life Orb\n|cant|p2b: Dondozo|slp\n|move|p2b: Dondozo|Sleep Talk|p2b: Dondozo\n|move|p2b: Dondozo|Order Up|p1a: Calyrex|[from] move: Sleep Talk\n|-damage|p1a: Calyrex|14/100\n|-boost|p2b: Dondozo|atk|1\n|\n|-weather|SunnyDay|[upkeep]\n|upkeep\n|turn|9\n|\n|t:|1772562746\n|move|p1a: Calyrex|Psychic|p2b: Dondozo\n|-damage|p2b: Dondozo|27/100 slp\n|move|p1b: Koraidon|Close Combat|p2b: Dondozo\n|-damage|p2b: Dondozo|0 fnt\n|-unboost|p1b: Koraidon|def|1\n|-unboost|p1b: Koraidon|spd|1\n|-damage|p1b: Koraidon|32/100|[from] item: Rocky Helmet|[of] p2b: Dondozo\n|faint|p2b: Dondozo\n|-damage|p1b: Koraidon|22/100|[from] item: Life Orb\n|\n|-weather|SunnyDay|[upkeep]\n|upkeep\n|\n|t:|1772562759\n|switch|p2b: Miraidon|Miraidon, L50|73/100 psn\n|-fieldstart|move: Electric Terrain|[from] ability: Hadron Engine|[of] p2b: Miraidon\n|turn|10\n|\n|t:|1772562780\n|switch|p1b: Amoonguss|Amoonguss, L50, F|100/100 par\n|switch|p2a: Raichu|Raichu-Alola, L50, F, tera:Normal|26/100\n|move|p1a: Calyrex|Protect|p1a: Calyrex\n|-singleturn|p1a: Calyrex|Protect\n|move|p2b: Miraidon|Snarl|p1a: Calyrex|[spread] p1b\n|-activate|p1a: Calyrex|move: Protect\n|-damage|p1b: Amoonguss|86/100 par\n|-unboost|p1b: Amoonguss|spa|1\n|\n|-weather|SunnyDay|[upkeep]\n|-damage|p2b: Miraidon|61/100 psn|[from] psn\n|upkeep\n|turn|11\n|\n|t:|1772562799\n|move|p2a: Raichu|Fake Out|p1b: Amoonguss\n|-damage|p1b: Amoonguss|74/100 par\n|move|p2b: Miraidon|Snarl|p1a: Calyrex|[spread] p1a,p1b\n|-supereffective|p1a: Calyrex\n|-damage|p1a: Calyrex|0 fnt\n|-damage|p1b: Amoonguss|60/100 par\n|-unboost|p1b: Amoonguss|spa|1\n|faint|p1a: Calyrex\n|cant|p1b: Amoonguss|flinch\n|\n|-weather|none\n|-damage|p2b: Miraidon|49/100 psn|[from] psn\n|upkeep\n|\n|t:|1772562812\n|switch|p1a: Koraidon|Koraidon, L50|22/100\n|-weather|SunnyDay|[from] ability: Orichalcum Pulse|[of] p1a: Koraidon\n|-activate|p1a: Koraidon|Orichalcum Pulse|[source]\n|turn|12\n|\n|t:|1772562832\n|switch|p2b: Tatsugiri|Tatsugiri, L50, M|100/100\n|move|p1a: Koraidon|Protect|p1a: Koraidon\n|-singleturn|p1a: Koraidon|Protect\n|move|p2a: Raichu|Volt Switch|p1b: Amoonguss\n|-resisted|p1b: Amoonguss\n|-damage|p1b: Amoonguss|49/100 par\n|\n|t:|1772562841\n|switch|p2a: Miraidon|Miraidon, L50|49/100 psn|[from] Volt Switch\n|-activate|p2a: Miraidon|ability: Hadron Engine\n|move|p1b: Amoonguss|Sludge Bomb|p2a: Miraidon\n|-damage|p2a: Miraidon|39/100 psn\n|\n|-weather|SunnyDay|[upkeep]\n|-damage|p2a: Miraidon|27/100 psn|[from] psn\n|upkeep\n|turn|13\n|\n|t:|1772562859\n|move|p1b: Amoonguss|Rage Powder|p1b: Amoonguss\n|-singleturn|p1b: Amoonguss|move: Rage Powder\n|move|p2a: Miraidon|Snarl|p1a: Koraidon|[spread] p1a,p1b\n|-resisted|p1a: Koraidon\n|-damage|p1a: Koraidon|11/100\n|-damage|p1b: Amoonguss|32/100 par\n|-unboost|p1a: Koraidon|spa|1\n|-unboost|p1b: Amoonguss|spa|1\n|move|p1a: Koraidon|Close Combat|p2b: Tatsugiri\n|-enditem|p2b: Tatsugiri|Focus Sash\n|-damage|p2b: Tatsugiri|1/100\n|-unboost|p1a: Koraidon|def|1\n|-unboost|p1a: Koraidon|spd|1\n|-damage|p1a: Koraidon|2/100|[from] item: Life Orb\n|move|p2b: Tatsugiri|Icy Wind|p1b: Amoonguss|[spread] p1a,p1b\n|-supereffective|p1a: Koraidon\n|-supereffective|p1b: Amoonguss\n|-damage|p1a: Koraidon|0 fnt\n|-damage|p1b: Amoonguss|12/100 par\n|-unboost|p1b: Amoonguss|spe|1\n|faint|p1a: Koraidon\n|\n|-weather|SunnyDay|[upkeep]\n|-damage|p2a: Miraidon|15/100 psn|[from] psn\n|upkeep\n|turn|14\n|-message|Gojirafanboy1 forfeited.\n|\n|win|Zorse Mentality\n|raw|Gojirafanboy1's rating: 1380 &rarr; <strong>1355</strong><br />(-25 for losing)\n|raw|Zorse Mentality's rating: 1286 &rarr; <strong>1318</strong><br />(+32 for winning)\n|l|\u2606Gojirafanboy1\n|player|p1|\n|l|\u2606Zorse Mentality\n|player|p2|\n","uploadtime":1772563027,"views":14,"formatid":"gen9vgc2026regi","rating":1318,"private":0,"password":null}