{"id":"gen9vgc2026regi-2562056371","format":"[Gen 9] VGC 2026 Reg I","players":["Mr shoey","Mirthinion"],"log":"|j|\u2606Mr shoey\n|j|\u2606Mirthinion\n|t:|1773866918\n|gametype|doubles\n|player|p1|Mr shoey|1|1371\n|player|p2|Mirthinion|janitor|1528\n|gen|9\n|tier|[Gen 9] VGC 2026 Reg I\n|rated|\n|rule|Species Clause: Limit one of each Pok\u00e9mon\n|rule|Item Clause: Limit 1 of each item\n|clearpoke\n|poke|p1|Calyrex-Shadow, L50|\n|poke|p1|Zamazenta-*, L50|\n|poke|p1|Chien-Pao, L50|\n|poke|p1|Dragonite, L50, F|\n|poke|p1|Incineroar, L50, F|\n|poke|p1|Clefairy, L50, F|\n|poke|p2|Calyrex-Shadow, L50|\n|poke|p2|Zamazenta-*, L50|\n|poke|p2|Urshifu-*, L50, M|\n|poke|p2|Incineroar, L50, M|\n|poke|p2|Rillaboom, L50, M|\n|poke|p2|Tornadus, L50, M|\n|teampreview|4\n|inactive|Battle timer is ON: inactive players will automatically lose when time's up. (requested by Mirthinion)\nMirthinion rejected open team sheets.\n|inactive|Mr shoey has 60 seconds left.\n|inactive|Mirthinion has 60 seconds left.\n|\n|t:|1773866974\n|teamsize|p1|4\n|teamsize|p2|4\n|start\n|switch|p1a: Calyrex|Calyrex-Shadow, L50|100/100\n|switch|p1b: Chien-Pao|Chien-Pao, L50|100/100\n|switch|p2a: Vangwe|Tornadus, L50, M|100/100\n|switch|p2b: Drambor|Zamazenta-Crowned, L50|100/100\n|-ability|p1a: Calyrex|As One\n|-ability|p1a: Calyrex|Unnerve\n|-ability|p1b: Chien-Pao|Sword of Ruin\n|-ability|p2b: Drambor|Dauntless Shield|boost\n|-boost|p2b: Drambor|def|1\n|turn|1\n|inactive|Mirthinion has 30 seconds left.\n|\n|t:|1773867006\n|move|p1b: Chien-Pao|Ice Shard|p2a: Vangwe\n|-supereffective|p2a: Vangwe\n|-damage|p2a: Vangwe|45/100\n|move|p2a: Vangwe|Tailwind|p2a: Vangwe\n|-sidestart|p2: Mirthinion|move: Tailwind\n|move|p2b: Drambor|Behemoth Bash|p1a: Calyrex\n|-damage|p1a: Calyrex|39/100\n|move|p1a: Calyrex|Astral Barrage|p2b: Drambor|[spread] p2a,p2b\n|-damage|p2a: Vangwe|0 fnt\n|-damage|p2b: Drambor|60/100\n|faint|p2a: Vangwe\n|-ability|p1a: Calyrex|Grim Neigh|boost\n|-boost|p1a: Calyrex|spa|1\n|\n|upkeep\n|\n|t:|1773867020\n|switch|p2a: Beowulf|Urshifu-Rapid-Strike, L50, M|100/100\n|turn|2\n|\n|t:|1773867034\n|switch|p1a: Incineroar|Incineroar, L50, F|100/100\n|-ability|p1a: Incineroar|Intimidate|boost\n|-unboost|p2a: Beowulf|atk|1\n|-unboost|p2b: Drambor|atk|1\n|move|p1b: Chien-Pao|Sucker Punch|p2b: Drambor\n|-resisted|p2b: Drambor\n|-damage|p2b: Drambor|50/100\n|move|p2b: Drambor|Behemoth Bash|p1a: Incineroar\n|-resisted|p1a: Incineroar\n|-damage|p1a: Incineroar|84/100\n|move|p2a: Beowulf|Surging Strikes|p1b: Chien-Pao\n|-crit|p1b: Chien-Pao\n|-damage|p1b: Chien-Pao|68/100\n|-crit|p1b: Chien-Pao\n|-damage|p1b: Chien-Pao|36/100\n|-crit|p1b: Chien-Pao\n|-damage|p1b: Chien-Pao|6/100\n|-hitcount|p1b: Chien-Pao|3\n|\n|upkeep\n|turn|3\n|inactive|Mr shoey has 30 seconds left.\n|inactive|Mr shoey has 20 seconds left.\n|inactive|Mr shoey has 15 seconds left.\n|\n|t:|1773867075\n|-terastallize|p2a: Beowulf|Ghost\n|move|p1a: Incineroar|Fake Out|p2a: Beowulf\n|-immune|p2a: Beowulf\n|move|p2b: Drambor|Behemoth Bash|p1b: Chien-Pao\n|-supereffective|p1b: Chien-Pao\n|-crit|p1b: Chien-Pao\n|-damage|p1b: Chien-Pao|0 fnt\n|faint|p1b: Chien-Pao\n|move|p2a: Beowulf|Surging Strikes|p1a: Incineroar\n|-supereffective|p1a: Incineroar\n|-crit|p1a: Incineroar\n|-damage|p1a: Incineroar|30/100\n|-supereffective|p1a: Incineroar\n|-crit|p1a: Incineroar\n|-damage|p1a: Incineroar|0 fnt\n|faint|p1a: Incineroar\n|-hitcount|p1: Incineroar|2\n|\n|upkeep\n|\n|t:|1773867079\n|switch|p1b: Calyrex|Calyrex-Shadow, L50|39/100\n|switch|p1a: Dragonite|Dragonite, L50, F|100/100\n|-ability|p1b: Calyrex|As One\n|-ability|p1b: Calyrex|Unnerve\n|turn|4\n|\n|t:|1773867099\n|-terastallize|p1a: Dragonite|Normal\n|move|p1a: Dragonite|Extreme Speed|p2b: Drambor\n|-resisted|p2b: Drambor\n|-damage|p2b: Drambor|35/100\n|move|p2b: Drambor|Behemoth Bash|p1b: Calyrex\n|-damage|p1b: Calyrex|4/100\n|move|p2a: Beowulf|Surging Strikes|p1b: Calyrex\n|-crit|p1b: Calyrex\n|-damage|p1b: Calyrex|0 fnt\n|faint|p1b: Calyrex\n|-hitcount|p1: Calyrex|1\n|\n|-sideend|p2: Mirthinion|move: Tailwind\n|upkeep\n|turn|5\n|\n|t:|1773867113\n|move|p1a: Dragonite|Extreme Speed|p2b: Drambor\n|-resisted|p2b: Drambor\n|-damage|p2b: Drambor|20/100\n|move|p2b: Drambor|Body Press|p1a: Dragonite\n|-supereffective|p1a: Dragonite\n|-damage|p1a: Dragonite|0 fnt\n|faint|p1a: Dragonite\n|\n|win|Mirthinion\n|raw|Mr shoey's rating: 1371 &rarr; <strong>1359</strong><br />(-12 for losing)\n|raw|Mirthinion's rating: 1528 &rarr; <strong>1540</strong><br />(+12 for winning)\n|l|\u2606Mr shoey\n|player|p1|\n","uploadtime":1773867545,"views":79,"formatid":"gen9vgc2026regi","rating":1359,"private":0,"password":null}