{"id":"gen9vgc2026regi-2561871467","format":"[Gen 9] VGC 2026 Reg I","players":["GAPDHD","rainbowpillar"],"log":"|j|\u2606GAPDHD\n|j|\u2606rainbowpillar\n|t:|1773850766\n|gametype|doubles\n|player|p1|GAPDHD|ruinmaniac|1419\n|player|p2|rainbowpillar|dawn|1364\n|gen|9\n|tier|[Gen 9] VGC 2026 Reg I\n|rated|\n|rule|Species Clause: Limit one of each Pok\u00e9mon\n|rule|Item Clause: Limit 1 of each item\n|clearpoke\n|poke|p1|Lunala, L50|\n|poke|p1|Groudon, L50|\n|poke|p1|Indeedee-F, L50, F|\n|poke|p1|Walking Wake, L50|\n|poke|p1|Incineroar, L50, M|\n|poke|p1|Brute Bonnet, L50|\n|poke|p2|Lunala, L50|\n|poke|p2|Koraidon, L50|\n|poke|p2|Ursaluna, L50, M|\n|poke|p2|Kingambit, L50, M|\n|poke|p2|Indeedee-F, L50, F|\n|poke|p2|Venusaur, L50, F|\n|teampreview|4\nGAPDHD has agreed to open team sheets.\n|\n|t:|1773850829\n|teamsize|p1|4\n|teamsize|p2|4\n|start\n|switch|p1a: Incineroar|Incineroar, L50, M|100/100\n|switch|p1b: Brute Bonnet|Brute Bonnet, L50|100/100\n|switch|p2a: Lunala|Lunala, L50|100/100\n|switch|p2b: Venusaur|Venusaur, L50, F|100/100\n|-ability|p1a: Incineroar|Intimidate|boost\n|-unboost|p2a: Lunala|atk|1\n|-unboost|p2b: Venusaur|atk|1\n|-enditem|p1b: Brute Bonnet|Booster Energy\n|-activate|p1b: Brute Bonnet|ability: Protosynthesis|[fromitem]\n|-start|p1b: Brute Bonnet|protosynthesisdef\n|turn|1\n|\n|t:|1773850854\n|move|p2b: Venusaur|Protect|p2b: Venusaur\n|-singleturn|p2b: Venusaur|Protect\n|move|p2a: Lunala|Protect|p2a: Lunala\n|-singleturn|p2a: Lunala|Protect\n|move|p1a: Incineroar|Flare Blitz|p2b: Venusaur\n|-activate|p2b: Venusaur|move: Protect\n|move|p1b: Brute Bonnet|Spore|p2a: Lunala\n|-activate|p2a: Lunala|move: Protect\n|\n|upkeep\n|turn|2\n|\n|t:|1773850869\n|move|p2b: Venusaur|Sludge Bomb|p1b: Brute Bonnet\n|-supereffective|p1b: Brute Bonnet\n|-damage|p1b: Brute Bonnet|20/100\n|-status|p1b: Brute Bonnet|psn\n|move|p2a: Lunala|Meteor Beam||[still]\n|-prepare|p2a: Lunala|Meteor Beam\n|-boost|p2a: Lunala|spa|1\n|-enditem|p2a: Lunala|Power Herb\n|-anim|p2a: Lunala|Meteor Beam|p1b: Brute Bonnet\n|-damage|p1b: Brute Bonnet|0 fnt\n|faint|p1b: Brute Bonnet\n|-end|p1b: Brute Bonnet|Protosynthesis|[silent]\n|move|p1a: Incineroar|Flare Blitz|p2b: Venusaur\n|-supereffective|p2b: Venusaur\n|-enditem|p2b: Venusaur|Focus Sash\n|-damage|p2b: Venusaur|1/100\n|-damage|p1a: Incineroar|75/100|[from] Recoil\n|\n|upkeep\n|\n|t:|1773850885\n|switch|p1b: Lunala|Lunala, L50|100/100\n|turn|3\n|\n|t:|1773850905\n|-terastallize|p1b: Lunala|Dark\n|move|p2a: Lunala|Protect|p2a: Lunala\n|-singleturn|p2a: Lunala|Protect\n|move|p2b: Venusaur|Sleep Powder|p1b: Lunala|[miss]\n|-miss|p2b: Venusaur|p1b: Lunala\n|move|p1a: Incineroar|Knock Off|p2a: Lunala\n|-activate|p2a: Lunala|move: Protect\n|move|p1b: Lunala|Trick Room|p1b: Lunala\n|-fieldstart|move: Trick Room|[of] p1b: Lunala\n|\n|upkeep\n|turn|4\n|\n|t:|1773850928\n|-terastallize|p2a: Lunala|Fairy\n|move|p1a: Incineroar|Taunt|p2a: Lunala\n|-start|p2a: Lunala|move: Taunt\n|move|p1b: Lunala|Meteor Beam||[still]\n|-prepare|p1b: Lunala|Meteor Beam\n|-boost|p1b: Lunala|spa|1\n|-enditem|p1b: Lunala|Power Herb\n|-anim|p1b: Lunala|Meteor Beam|p2b: Venusaur\n|-damage|p2b: Venusaur|0 fnt\n|faint|p2b: Venusaur\n|move|p2a: Lunala|Moongeist Beam|p1b: Lunala\n|-resisted|p1b: Lunala\n|-damage|p1b: Lunala|87/100\n|\n|upkeep\n|\n|t:|1773850938\n|switch|p2b: Kingambit|Kingambit, L50, M|100/100\n|turn|5\n|\n|t:|1773850947\n|move|p1a: Incineroar|Flare Blitz|p2b: Kingambit\n|-supereffective|p2b: Kingambit\n|-damage|p2b: Kingambit|11/100\n|-damage|p1a: Incineroar|45/100|[from] Recoil\n|move|p2b: Kingambit|Low Kick|p1b: Lunala\n|-supereffective|p1b: Lunala\n|-damage|p1b: Lunala|21/100\n|move|p1b: Lunala|Moongeist Beam|p2a: Lunala\n|-damage|p2a: Lunala|72/100\n|move|p2a: Lunala|Moongeist Beam|p1a: Incineroar\n|-resisted|p1a: Incineroar\n|-damage|p1a: Incineroar|5/100\n|\n|upkeep\n|turn|6\n|\n|t:|1773850968\n|switch|p1a: Groudon|Groudon, L50|100/100\n|-weather|SunnyDay|[from] ability: Drought|[of] p1a: Groudon\n|move|p2b: Kingambit|Sucker Punch||[still]\n|-fail|p2b: Kingambit\n|move|p1b: Lunala|Moongeist Beam|p2b: Kingambit\n|-resisted|p2b: Kingambit\n|-crit|p2b: Kingambit\n|-damage|p2b: Kingambit|0 fnt\n|faint|p2b: Kingambit\n|move|p2a: Lunala|Moongeist Beam|p1b: Lunala\n|-resisted|p1b: Lunala\n|-damage|p1b: Lunala|0 fnt\n|faint|p1b: Lunala\n|\n|-weather|SunnyDay|[upkeep]\n|-end|p2a: Lunala|move: Taunt\n|upkeep\n|\n|t:|1773850980\n|switch|p2b: Koraidon|Koraidon, L50|100/100\n|switch|p1b: Incineroar|Incineroar, L50, M|5/100\n|-ability|p1b: Incineroar|Intimidate|boost\n|-unboost|p2a: Lunala|atk|1\n|-unboost|p2b: Koraidon|atk|1\n|-activate|p2b: Koraidon|ability: Orichalcum Pulse\n|turn|7\n|\n|t:|1773850985\n|move|p2a: Lunala|Protect|p2a: Lunala\n|-singleturn|p2a: Lunala|Protect\n|move|p2b: Koraidon|Protect|p2b: Koraidon\n|-singleturn|p2b: Koraidon|Protect\n|move|p1b: Incineroar|Fake Out|p2a: Lunala\n|-activate|p2a: Lunala|move: Protect\n|move|p1a: Groudon|Precipice Blades|p2a: Lunala|[spread] \n|-activate|p2a: Lunala|move: Protect\n|-activate|p2b: Koraidon|move: Protect\n|\n|-weather|SunnyDay|[upkeep]\n|-fieldend|move: Trick Room\n|upkeep\n|turn|8\n|\n|t:|1773851001\n|move|p2b: Koraidon|Flame Charge|p1b: Incineroar\n|-resisted|p1b: Incineroar\n|-damage|p1b: Incineroar|0 fnt\n|-boost|p2b: Koraidon|spe|1\n|faint|p1b: Incineroar\n|-damage|p2b: Koraidon|91/100|[from] item: Life Orb\n|move|p2a: Lunala|Moongeist Beam|p1a: Groudon\n|-damage|p1a: Groudon|22/100\n|move|p1a: Groudon|Precipice Blades|p2b: Koraidon|[spread] p2a,p2b\n|-damage|p2a: Lunala|0 fnt\n|-damage|p2b: Koraidon|13/100\n|faint|p2a: Lunala\n|\n|-weather|SunnyDay|[upkeep]\n|upkeep\n|turn|9\n|\n|t:|1773851018\n|move|p2b: Koraidon|Close Combat|p1a: Groudon\n|-damage|p1a: Groudon|0 fnt\n|-unboost|p2b: Koraidon|def|1\n|-unboost|p2b: Koraidon|spd|1\n|faint|p1a: Groudon\n|-damage|p2b: Koraidon|4/100|[from] item: Life Orb\n|\n|win|rainbowpillar\n|raw|GAPDHD's rating: 1419 &rarr; <strong>1396</strong><br />(-23 for losing)\n|raw|rainbowpillar's rating: 1364 &rarr; <strong>1387</strong><br />(+23 for winning)\n|l|\u2606GAPDHD\n|player|p1|\n|l|\u2606rainbowpillar\n|player|p2|\n","uploadtime":1773851285,"views":10,"formatid":"gen9vgc2026regi","rating":1387,"private":0,"password":null}