{"id":"gen9vgc2026regi-2538522833","format":"[Gen 9] VGC 2026 Reg I","players":["eye-zitt","septacon"],"log":"|j|\u2606eye-zitt\n|j|\u2606septacon\n|t:|1770936155\n|gametype|doubles\n|player|p1|eye-zitt|hilbert|1069\n|player|p2|septacon|winona|1084\n|gen|9\n|tier|[Gen 9] VGC 2026 Reg I\n|rated|\n|rule|Species Clause: Limit one of each Pok\u00e9mon\n|rule|Item Clause: Limit 1 of each item\n|clearpoke\n|poke|p1|Iron Bundle, L50|\n|poke|p1|Iron Hands, L50|\n|poke|p1|Ursaluna, L50, F|\n|poke|p1|Farigiraf, L50, F|\n|poke|p1|Ho-Oh, L50|\n|poke|p1|Miraidon, L50|\n|poke|p2|Ursaluna-Bloodmoon, L50, M|\n|poke|p2|Farigiraf, L50, F|\n|poke|p2|Incineroar, L50, F|\n|poke|p2|Amoonguss, L50, M|\n|poke|p2|Calyrex-Ice, L50|\n|poke|p2|Raging Bolt, L50|\n|teampreview|4\n|inactive|Battle timer is ON: inactive players will automatically lose when time's up. (requested by eye-zitt)\n|\n|t:|1770936180\n|teamsize|p1|4\n|teamsize|p2|4\n|start\n|switch|p1a: Iron Bundle|Iron Bundle, L50, shiny|100/100\n|switch|p1b: Miraidon|Miraidon, L50, shiny|100/100\n|switch|p2a: Farigiraf|Farigiraf, L50, F, shiny|100/100\n|switch|p2b: Incineroar|Incineroar, L50, F, shiny|100/100\n|-fieldstart|move: Electric Terrain|[from] ability: Hadron Engine|[of] p1b: Miraidon\n|-activate|p1a: Iron Bundle|ability: Quark Drive\n|-start|p1a: Iron Bundle|quarkdrivespe\n|-ability|p2b: Incineroar|Intimidate|boost\n|-unboost|p1a: Iron Bundle|atk|1\n|-unboost|p1b: Miraidon|atk|1\n|turn|1\n|\n|t:|1770936197\n|-end|p1a: Iron Bundle|Quark Drive|[silent]\n|switch|p1a: Ursaluna|Ursaluna, L50, F, shiny|100/100\n|switch|p1b: Iron Hands|Iron Hands, L50, shiny|100/100\n|-activate|p1b: Iron Hands|ability: Quark Drive\n|-start|p1b: Iron Hands|quarkdriveatk\n|move|p2b: Incineroar|Fake Out|p1b: Iron Hands\n|-damage|p1b: Iron Hands|93/100\n|move|p2a: Farigiraf|Trick Room|p2a: Farigiraf\n|-fieldstart|move: Trick Room|[of] p2a: Farigiraf\n|\n|-status|p1a: Ursaluna|brn|[from] item: Flame Orb\n|upkeep\n|turn|2\n|inactive|septacon has 30 seconds left.\n|\n|t:|1770936225\n|move|p2a: Farigiraf|Protect|p2a: Farigiraf\n|-singleturn|p2a: Farigiraf|Protect\n|move|p1b: Iron Hands|Drain Punch|p2b: Incineroar\n|-supereffective|p2b: Incineroar\n|-damage|p2b: Incineroar|7/100\n|-heal|p1b: Iron Hands|100/100|[from] drain|[of] p2b: Incineroar\n|-enditem|p2b: Incineroar|Sitrus Berry|[eat]\n|-heal|p2b: Incineroar|32/100|[from] item: Sitrus Berry\n|move|p1a: Ursaluna|Facade|p2a: Farigiraf\n|-activate|p2a: Farigiraf|move: Protect\n|move|p2b: Incineroar|Knock Off|p1a: Ursaluna\n|-damage|p1a: Ursaluna|70/100 brn\n|-enditem|p1a: Ursaluna|Flame Orb|[from] move: Knock Off|[of] p2b: Incineroar\n|\n|-damage|p1a: Ursaluna|64/100 brn|[from] brn\n|upkeep\n|turn|3\n|inactive|septacon has 30 seconds left.\n|\n|t:|1770936250\n|move|p1b: Iron Hands|Drain Punch|p2b: Incineroar\n|-supereffective|p2b: Incineroar\n|-damage|p2b: Incineroar|0 fnt\n|faint|p2b: Incineroar\n|move|p1a: Ursaluna|Facade|p2a: Farigiraf\n|-crit|p2a: Farigiraf\n|-damage|p2a: Farigiraf|0 fnt\n|faint|p2a: Farigiraf\n|\n|-damage|p1a: Ursaluna|58/100 brn|[from] brn\n|upkeep\n|\n|t:|1770936261\n|switch|p2a: Calyrex|Calyrex-Ice, L50|100/100\n|switch|p2b: Amoonguss|Amoonguss, L50, M, shiny|100/100\n|-ability|p2a: Calyrex|As One\n|-ability|p2a: Calyrex|Unnerve\n|turn|4\n|\n|t:|1770936277\n|-terastallize|p1a: Ursaluna|Normal\n|move|p2b: Amoonguss|Protect|p2b: Amoonguss\n|-singleturn|p2b: Amoonguss|Protect\n|move|p2a: Calyrex|Glacial Lance|p1a: Ursaluna|[spread] p1a,p1b\n|-damage|p1a: Ursaluna|9/100 brn\n|-damage|p1b: Iron Hands|59/100\n|move|p1b: Iron Hands|Wild Charge|p2a: Calyrex\n|-damage|p2a: Calyrex|48/100\n|-damage|p1b: Iron Hands|47/100|[from] Recoil\n|move|p1a: Ursaluna|Facade|p2a: Calyrex\n|-crit|p2a: Calyrex\n|-damage|p2a: Calyrex|0 fnt\n|faint|p2a: Calyrex\n|\n|-damage|p1a: Ursaluna|3/100 brn|[from] brn\n|upkeep\n|turn|5\n|\n|t:|1770936302\n|move|p2b: Amoonguss|Spore||[still]\n|-fail|p2b: Amoonguss\n|move|p1b: Iron Hands|Drain Punch|p2b: Amoonguss\n|-resisted|p2b: Amoonguss\n|-damage|p2b: Amoonguss|75/100\n|-heal|p1b: Iron Hands|60/100|[from] drain|[of] p2b: Amoonguss\n|-damage|p1b: Iron Hands|43/100|[from] item: Rocky Helmet|[of] p2b: Amoonguss\n|move|p1a: Ursaluna|Facade|p2b: Amoonguss\n|-damage|p2b: Amoonguss|0 fnt\n|-damage|p1a: Ursaluna|0 fnt|[from] item: Rocky Helmet|[of] p2b: Amoonguss\n|faint|p2b: Amoonguss\n|faint|p1a: Ursaluna\n|\n|win|eye-zitt\n|raw|eye-zitt's rating: 1069 &rarr; <strong>1100</strong><br />(+31 for winning)\n|raw|septacon's rating: 1084 &rarr; <strong>1060</strong><br />(-24 for losing)\n","uploadtime":1770936311,"views":25,"formatid":"gen9vgc2026regi","rating":1060,"private":0,"password":null}