{"id":"gen9vgc2026regi-2559295228","format":"[Gen 9] VGC 2026 Reg I","players":["Mr.FlippyFlop","TheManOfSausage"],"log":"|j|\u203dMr.FlippyFlop\n|j|\u2606TheManOfSausage\n|t:|1773543106\n|gametype|doubles\n|player|p1|Mr.FlippyFlop|266|1356\n|player|p2|TheManOfSausage|miku-water|1445\n|gen|9\n|tier|[Gen 9] VGC 2026 Reg I\n|rated|\n|rule|Species Clause: Limit one of each Pok\u00e9mon\n|rule|Item Clause: Limit 1 of each item\n|clearpoke\n|poke|p1|Pikachu, L50, M|\n|poke|p1|Zacian-*, L50|\n|poke|p1|Kyogre, L50|\n|poke|p1|Tornadus, L50, M|\n|poke|p1|Chien-Pao, L50|\n|poke|p1|Incineroar, L50, M|\n|poke|p2|Calyrex-Ice, L50|\n|poke|p2|Miraidon, L50|\n|poke|p2|Ogerpon-Cornerstone, L50, F|\n|poke|p2|Incineroar, L50, M|\n|poke|p2|Volcarona, L50, M|\n|poke|p2|Urshifu-*, L50, M|\n|teampreview|4\n|inactive|Battle timer is ON: inactive players will automatically lose when time's up. (requested by Mr.FlippyFlop)\nTheManOfSausage has agreed to open team sheets.\n|\n|t:|1773543120\n|teamsize|p1|4\n|teamsize|p2|4\n|start\n|switch|p1a: Kyogre|Kyogre, L50|100/100\n|switch|p1b: Pikachu|Pikachu, L50, M|100/100\n|switch|p2a: Tama|Miraidon, L50|100/100\n|switch|p2b: Volcarona|Volcarona, L50, M|100/100\n|-fieldstart|move: Electric Terrain|[from] ability: Hadron Engine|[of] p2a: Tama\n|-enditem|p2b: Volcarona|Electric Seed\n|-boost|p2b: Volcarona|def|1|[from] item: Electric Seed\n|-weather|RainDance|[from] ability: Drizzle|[of] p1a: Kyogre\n|turn|1\n|\n|t:|1773543134\n|-terastallize|p2b: Volcarona|Grass\n|-terastallize|p1a: Kyogre|Water\n|move|p1b: Pikachu|Fake Out|p2a: Tama\n|-damage|p2a: Tama|90/100\n|cant|p2a: Tama|flinch\n|move|p2b: Volcarona|Quiver Dance|p2b: Volcarona\n|-boost|p2b: Volcarona|spa|1\n|-boost|p2b: Volcarona|spd|1\n|-boost|p2b: Volcarona|spe|1\n|move|p1a: Kyogre|Water Spout|p2b: Volcarona|[spread] p2a,p2b\n|-resisted|p2a: Tama\n|-resisted|p2b: Volcarona\n|-damage|p2a: Tama|15/100\n|-damage|p2b: Volcarona|43/100\n|\n|-weather|RainDance|[upkeep]\n|upkeep\n|turn|2\n|\n|t:|1773543156\n|switch|p1b: Incineroar|Incineroar, L50, M|100/100\n|-ability|p1b: Incineroar|Intimidate|boost\n|-unboost|p2a: Tama|atk|1\n|-unboost|p2b: Volcarona|atk|1\n|move|p1a: Kyogre|Protect|p1a: Kyogre\n|-singleturn|p1a: Kyogre|Protect\n|move|p2a: Tama|Snarl|p1b: Incineroar|[spread] p1b\n|-activate|p1a: Kyogre|move: Protect\n|-resisted|p1b: Incineroar\n|-damage|p1b: Incineroar|92/100\n|-unboost|p1b: Incineroar|spa|1\n|move|p2b: Volcarona|Quiver Dance|p2b: Volcarona\n|-boost|p2b: Volcarona|spa|1\n|-boost|p2b: Volcarona|spd|1\n|-boost|p2b: Volcarona|spe|1\n|\n|-weather|RainDance|[upkeep]\n|upkeep\n|turn|3\n|\n|t:|1773543178\n|move|p2b: Volcarona|Protect|p2b: Volcarona\n|-singleturn|p2b: Volcarona|Protect\n|move|p2a: Tama|Snarl|p1a: Kyogre|[spread] p1a,p1b\n|-resisted|p1b: Incineroar\n|-damage|p1a: Kyogre|85/100\n|-damage|p1b: Incineroar|82/100\n|-unboost|p1a: Kyogre|spa|1\n|-unboost|p1b: Incineroar|spa|1\n|move|p1a: Kyogre|Water Spout|p2b: Volcarona|[spread] p2a\n|-activate|p2b: Volcarona|move: Protect\n|-resisted|p2a: Tama\n|-damage|p2a: Tama|0 fnt\n|faint|p2a: Tama\n|move|p1b: Incineroar|Knock Off|p2b: Volcarona\n|-activate|p2b: Volcarona|move: Protect\n|\n|-weather|RainDance|[upkeep]\n|upkeep\n|\n|t:|1773543183\n|switch|p2a: Urshifu|Urshifu-Rapid-Strike, L50, M|100/100\n|turn|4\n|\n|t:|1773543196\n|switch|p1a: Zacian|Zacian-Crowned, L50|100/100\n|-ability|p1a: Zacian|Intrepid Sword|boost\n|-boost|p1a: Zacian|atk|1\n|move|p2b: Volcarona|Quiver Dance|p2b: Volcarona\n|-boost|p2b: Volcarona|spa|1\n|-boost|p2b: Volcarona|spd|1\n|-boost|p2b: Volcarona|spe|1\n|move|p2a: Urshifu|Surging Strikes|p1b: Incineroar\n|-supereffective|p1b: Incineroar\n|-crit|p1b: Incineroar\n|-damage|p1b: Incineroar|15/100\n|-supereffective|p1b: Incineroar\n|-crit|p1b: Incineroar\n|-damage|p1b: Incineroar|0 fnt\n|faint|p1b: Incineroar\n|-hitcount|p1: Incineroar|2\n|\n|-weather|RainDance|[upkeep]\n|upkeep\n|\n|t:|1773543199\n|switch|p1b: Pikachu|Pikachu, L50, M|100/100\n|turn|5\n|\n|t:|1773543217\n|move|p2b: Volcarona|Protect|p2b: Volcarona\n|-singleturn|p2b: Volcarona|Protect\n|move|p2a: Urshifu|Detect|p2a: Urshifu\n|-singleturn|p2a: Urshifu|Protect\n|move|p1b: Pikachu|Fake Out|p2a: Urshifu\n|-activate|p2a: Urshifu|move: Protect\n|move|p1a: Zacian|Play Rough|p2a: Urshifu\n|-activate|p2a: Urshifu|move: Protect\n|\n|-weather|none\n|-fieldend|move: Electric Terrain\n|upkeep\n|turn|6\n|\n|t:|1773543229\n|move|p2b: Volcarona|Giga Drain|p1b: Pikachu\n|-crit|p1b: Pikachu\n|-damage|p1b: Pikachu|0 fnt\n|-heal|p2b: Volcarona|78/100|[from] drain|[of] p1b: Pikachu\n|faint|p1b: Pikachu\n|move|p1a: Zacian|Behemoth Blade|p2b: Volcarona\n|-damage|p2b: Volcarona|0 fnt\n|faint|p2b: Volcarona\n|move|p2a: Urshifu|Surging Strikes|p1a: Zacian\n|-crit|p1a: Zacian\n|-damage|p1a: Zacian|81/100\n|-crit|p1a: Zacian\n|-damage|p1a: Zacian|59/100\n|-crit|p1a: Zacian\n|-damage|p1a: Zacian|37/100\n|-hitcount|p1a: Zacian|3\n|\n|upkeep\n|\n|t:|1773543233\n|switch|p2b: Ogurin|Calyrex-Ice, L50|100/100\n|switch|p1b: Kyogre|Kyogre, L50, tera:Water|85/100\n|-ability|p2b: Ogurin|As One\n|-ability|p2b: Ogurin|Unnerve\n|-weather|RainDance|[from] ability: Drizzle|[of] p1b: Kyogre\n|turn|7\n|\n|t:|1773543240\n|move|p2b: Ogurin|Protect|p2b: Ogurin\n|-singleturn|p2b: Ogurin|Protect\n|move|p1a: Zacian|Play Rough|p2a: Urshifu\n|-supereffective|p2a: Urshifu\n|-enditem|p2a: Urshifu|Focus Sash\n|-damage|p2a: Urshifu|1/100\n|move|p2a: Urshifu|Surging Strikes|p1a: Zacian\n|-crit|p1a: Zacian\n|-damage|p1a: Zacian|5/100\n|-crit|p1a: Zacian\n|-damage|p1a: Zacian|0 fnt\n|faint|p1a: Zacian\n|-hitcount|p1: Zacian|2\n|move|p1b: Kyogre|Water Spout|p2a: Urshifu|[spread] p2a\n|-activate|p2b: Ogurin|move: Protect\n|-resisted|p2a: Urshifu\n|-damage|p2a: Urshifu|0 fnt\n|faint|p2a: Urshifu\n|\n|-weather|RainDance|[upkeep]\n|upkeep\n|turn|8\n|\n|t:|1773543251\n|move|p1b: Kyogre|Water Spout|p2b: Ogurin\n|-damage|p2b: Ogurin|0 fnt\n|faint|p2b: Ogurin\n|\n|win|Mr.FlippyFlop\n|raw|Mr.FlippyFlop's rating: 1356 &rarr; <strong>1381</strong><br />(+25 for winning)\n|raw|TheManOfSausage's rating: 1445 &rarr; <strong>1420</strong><br />(-25 for losing)\n|l|\u203dMr.FlippyFlop\n|player|p1|\n|c|\u2606TheManOfSausage|gg\n|l|\u2606TheManOfSausage\n|player|p2|\n","uploadtime":1773543427,"views":12,"formatid":"gen9vgc2026regi","rating":1381,"private":0,"password":null}