{"id":"gen9vgc2026regi-2551108650","format":"[Gen 9] VGC 2026 Reg I","players":["bigman500","EllenJoe2026"],"log":"|j|\u2606bigman500\n|j|\u2606EllenJoe2026\n|t:|1772565471\n|gametype|doubles\n|player|p1|bigman500|169|1383\n|player|p2|EllenJoe2026|iono|1386\n|gen|9\n|tier|[Gen 9] VGC 2026 Reg I\n|rated|\n|rule|Species Clause: Limit one of each Pok\u00e9mon\n|rule|Item Clause: Limit 1 of each item\n|clearpoke\n|poke|p1|Incineroar, L50, M|\n|poke|p1|Sinistcha, L50|\n|poke|p1|Urshifu-*, L50, M|\n|poke|p1|Terapagos, L50, M|\n|poke|p1|Iron Treads, L50|\n|poke|p1|Miraidon, L50|\n|poke|p2|Calyrex-Ice, L50|\n|poke|p2|Miraidon, L50|\n|poke|p2|Tornadus, L50, M|\n|poke|p2|Urshifu-*, L50, F|\n|poke|p2|Volcarona, L50, F|\n|poke|p2|Indeedee-F, L50, F|\n|teampreview|4\n|inactive|Battle timer is ON: inactive players will automatically lose when time's up. (requested by EllenJoe2026)\n|\n|t:|1772565490\n|teamsize|p1|4\n|teamsize|p2|4\n|start\n|switch|p1a: Iron Treads|Iron Treads, L50|100/100\n|switch|p1b: Miraidon|Miraidon, L50|100/100\n|switch|p2a: Calyrex|Calyrex-Ice, L50|100/100\n|switch|p2b: Indeedee|Indeedee-F, L50, F, shiny|100/100\n|-ability|p2a: Calyrex|As One\n|-ability|p2a: Calyrex|Unnerve\n|-fieldstart|move: Electric Terrain|[from] ability: Hadron Engine|[of] p1b: Miraidon\n|-activate|p1a: Iron Treads|ability: Quark Drive\n|-start|p1a: Iron Treads|quarkdrivespe\n|-fieldstart|move: Psychic Terrain|[from] ability: Psychic Surge|[of] p2b: Indeedee\n|-end|p1a: Iron Treads|Quark Drive\n|turn|1\n|inactive|bigman500 has 30 seconds left.\n|\n|t:|1772565524\n|move|p2b: Indeedee|Follow Me|p2b: Indeedee\n|-singleturn|p2b: Indeedee|move: Follow Me\n|move|p1a: Iron Treads|Iron Head|p2b: Indeedee\n|-damage|p2b: Indeedee|46/100\n|-enditem|p2b: Indeedee|Eject Button\n|\n|t:|1772565531\n|switch|p2b: Urshifu|Urshifu-Rapid-Strike, L50, F|100/100\n|move|p1b: Miraidon|Volt Switch|p2a: Calyrex\n|-damage|p2a: Calyrex|70/100\n|\n|t:|1772565539\n|switch|p1b: Terapagos|Terapagos, L50, M|100/100|[from] Volt Switch\n|-activate|p1b: Terapagos|ability: Tera Shift\n|detailschange|p1b: Terapagos|Terapagos-Terastal, L50, M\n|-heal|p1b: Terapagos|100/100|[silent]\n|move|p2a: Calyrex|Glacial Lance|p1b: Terapagos|[spread] p1a,p1b\n|-activate|p1b: Terapagos|ability: Tera Shell\n|-resisted|p1b: Terapagos\n|-damage|p1a: Iron Treads|56/100\n|-damage|p1b: Terapagos|79/100\n|\n|upkeep\n|turn|2\n|\n|t:|1772565562\n|switch|p2a: Indeedee|Indeedee-F, L50, F, shiny|46/100\n|switch|p1b: Miraidon|Miraidon, L50|100/100\n|-fieldstart|move: Electric Terrain|[from] ability: Hadron Engine|[of] p1b: Miraidon\n|-activate|p1a: Iron Treads|ability: Quark Drive\n|-start|p1a: Iron Treads|quarkdrivespe\n|move|p1a: Iron Treads|Iron Head|p2a: Indeedee\n|-damage|p2a: Indeedee|0 fnt\n|faint|p2a: Indeedee\n|move|p2b: Urshifu|Close Combat|p1b: Miraidon\n|-damage|p1b: Miraidon|45/100\n|-unboost|p2b: Urshifu|def|1\n|-unboost|p2b: Urshifu|spd|1\n|\n|upkeep\n|\n|t:|1772565572\n|switch|p2a: Calyrex|Calyrex-Ice, L50|70/100\n|-ability|p2a: Calyrex|As One\n|-ability|p2a: Calyrex|Unnerve\n|turn|3\n|inactive|bigman500 has 30 seconds left.\n|inactive|EllenJoe2026 has 30 seconds left.\n|inactive|EllenJoe2026 has 20 seconds left.\n|inactive|EllenJoe2026 has 15 seconds left.\n|inactive|EllenJoe2026 has 10 seconds left.\n|\n|t:|1772565621\n|switch|p2a: Miraidon|Miraidon, L50, shiny|100/100\n|-activate|p2a: Miraidon|ability: Hadron Engine\n|move|p1a: Iron Treads|Iron Head|p2a: Miraidon\n|-resisted|p2a: Miraidon\n|-damage|p2a: Miraidon|73/100\n|move|p2b: Urshifu|Close Combat|p1b: Miraidon\n|-damage|p1b: Miraidon|0 fnt\n|-unboost|p2b: Urshifu|def|1\n|-unboost|p2b: Urshifu|spd|1\n|faint|p1b: Miraidon\n|\n|upkeep\n|\n|t:|1772565633\n|switch|p1b: Terapagos|Terapagos-Terastal, L50, M|79/100\n|-enditem|p1b: Terapagos|Electric Seed\n|-boost|p1b: Terapagos|def|1|[from] item: Electric Seed\n|turn|4\n|inactive|bigman500 has 30 seconds left.\n|inactive|bigman500 has 20 seconds left.\n|\n|t:|1772565669\n|-end|p1a: Iron Treads|Quark Drive|[silent]\n|switch|p1a: Sinistcha|Sinistcha, L50|100/100\n|-heal|p1b: Terapagos|100/100|[from] ability: Hospitality|[of] p1a: Sinistcha\n|-terastallize|p2a: Miraidon|Ghost\n|move|p2b: Urshifu|Close Combat|p1b: Terapagos\n|-activate|p1b: Terapagos|ability: Tera Shell\n|-resisted|p1b: Terapagos\n|-damage|p1b: Terapagos|83/100\n|-unboost|p2b: Urshifu|def|1\n|-unboost|p2b: Urshifu|spd|1\n|move|p2a: Miraidon|Volt Switch|p1b: Terapagos\n|-damage|p1b: Terapagos|1/100\n|\n|t:|1772565684\n|switch|p2a: Calyrex|Calyrex-Ice, L50|70/100|[from] Volt Switch\n|-ability|p2a: Calyrex|As One\n|-ability|p2a: Calyrex|Unnerve\n|move|p1b: Terapagos|Earth Power|p2a: Calyrex\n|-damage|p2a: Calyrex|47/100\n|\n|upkeep\n|turn|5\n|inactive|bigman500 has 30 seconds left.\n|\n|t:|1772565715\n|switch|p2b: Miraidon|Miraidon, L50, shiny, tera:Ghost|73/100\n|-activate|p2b: Miraidon|ability: Hadron Engine\n|move|p1a: Sinistcha|Rage Powder|p1a: Sinistcha\n|-singleturn|p1a: Sinistcha|move: Rage Powder\n|move|p2a: Calyrex|Glacial Lance|p1a: Sinistcha|[spread] p1a,p1b\n|-supereffective|p1a: Sinistcha\n|-damage|p1a: Sinistcha|29/100\n|-damage|p1b: Terapagos|0 fnt\n|faint|p1b: Terapagos\n|-ability|p2a: Calyrex|Chilling Neigh|boost\n|-boost|p2a: Calyrex|atk|1\n|\n|upkeep\n|\n|t:|1772565725\n|switch|p1b: Iron Treads|Iron Treads, L50|56/100\n|-activate|p1b: Iron Treads|ability: Quark Drive\n|-start|p1b: Iron Treads|quarkdrivespe\n|turn|6\n|\n|t:|1772565747\n|move|p1a: Sinistcha|Protect|p1a: Sinistcha\n|-singleturn|p1a: Sinistcha|Protect\n|move|p1b: Iron Treads|Iron Head|p2a: Calyrex\n|-supereffective|p2a: Calyrex\n|-damage|p2a: Calyrex|0 fnt\n|faint|p2a: Calyrex\n|move|p2b: Miraidon|Snarl|p1b: Iron Treads|[spread] p1b\n|-activate|p1a: Sinistcha|move: Protect\n|-damage|p1b: Iron Treads|13/100\n|-unboost|p1b: Iron Treads|spa|1\n|\n|-fieldend|move: Electric Terrain\n|-end|p1b: Iron Treads|Quark Drive\n|upkeep\n|\n|t:|1772565754\n|switch|p2a: Urshifu|Urshifu-Rapid-Strike, L50, F|100/100\n|turn|7\n|\n|t:|1772565766\n|move|p2a: Urshifu|Surging Strikes|p1b: Iron Treads\n|-supereffective|p1b: Iron Treads\n|-crit|p1b: Iron Treads\n|-damage|p1b: Iron Treads|0 fnt\n|faint|p1b: Iron Treads\n|-end|p1b: Iron Treads|Quark Drive|[silent]\n|-hitcount|p1: Iron Treads|1\n|move|p2b: Miraidon|Snarl|p1a: Sinistcha\n|-supereffective|p1a: Sinistcha\n|-damage|p1a: Sinistcha|0 fnt\n|faint|p1a: Sinistcha\n|\n|win|EllenJoe2026\n|raw|bigman500's rating: 1383 &rarr; <strong>1363</strong><br />(-20 for losing)\n|raw|EllenJoe2026's rating: 1386 &rarr; <strong>1406</strong><br />(+20 for winning)\n|l|\u2606EllenJoe2026\n|player|p2|\n|l|\u2606bigman500\n|player|p1|\n","uploadtime":1772566003,"views":9,"formatid":"gen9vgc2026regi","rating":1363,"private":0,"password":null}