{"id":"gen9vgc2026regi-2565093049","format":"[Gen 9] VGC 2026 Reg I","players":["mlm2016","TheAndUrgeTheUrge"],"log":"|j|\u2606mlm2016\n|j|\u2606TheAndUrgeTheUrge\n|t:|1774228538\n|gametype|doubles\n|player|p1|mlm2016|juggler|1470\n|player|p2|TheAndUrgeTheUrge|1|1573\n|gen|9\n|tier|[Gen 9] VGC 2026 Reg I\n|rated|\n|rule|Species Clause: Limit one of each Pok\u00e9mon\n|rule|Item Clause: Limit 1 of each item\n|clearpoke\n|poke|p1|Calyrex-Shadow, L50|\n|poke|p1|Koraidon, L50|\n|poke|p1|Rillaboom, L50, M|\n|poke|p1|Incineroar, L50, F|\n|poke|p1|Volcarona, L50, M|\n|poke|p1|Regieleki, L50|\n|poke|p2|Zamazenta-*, L50|\n|poke|p2|Rillaboom, L50, M|\n|poke|p2|Incineroar, L50, M|\n|poke|p2|Chien-Pao, L50|\n|poke|p2|Kyogre, L50|\n|poke|p2|Flutter Mane, L50|\n|teampreview|4\n|inactive|Battle timer is ON: inactive players will automatically lose when time's up. (requested by mlm2016)\n|inactive|mlm2016 has 60 seconds left.\n|\n|t:|1774228570\n|teamsize|p1|4\n|teamsize|p2|4\n|start\n|switch|p1a: Calyrex|Calyrex-Shadow, L50|100/100\n|switch|p1b: Rillaboom|Rillaboom, L50, M|100/100\n|switch|p2a: Zamazenta|Zamazenta-Crowned, L50, shiny|100/100\n|switch|p2b: Kyogre|Kyogre, L50|100/100\n|-ability|p1a: Calyrex|As One\n|-ability|p1a: Calyrex|Unnerve\n|-ability|p2a: Zamazenta|Dauntless Shield|boost\n|-boost|p2a: Zamazenta|def|1\n|-weather|RainDance|[from] ability: Drizzle|[of] p2b: Kyogre\n|-fieldstart|move: Grassy Terrain|[from] ability: Grassy Surge|[of] p1b: Rillaboom\n|turn|1\n|j| rgfsrgef\n|\n|t:|1774228593\n|switch|p2b: Incineroar|Incineroar, L50, M, shiny|100/100\n|-ability|p2b: Incineroar|Intimidate|boost\n|-unboost|p1a: Calyrex|atk|1\n|-unboost|p1b: Rillaboom|atk|1\n|move|p1b: Rillaboom|Fake Out|p2b: Incineroar\n|-damage|p2b: Incineroar|93/100\n|move|p1a: Calyrex|Nasty Plot|p1a: Calyrex\n|-boost|p1a: Calyrex|spa|2\n|move|p2a: Zamazenta|Heavy Slam|p1a: Calyrex\n|-damage|p1a: Calyrex|50/100\n|\n|-weather|RainDance|[upkeep]\n|-heal|p1a: Calyrex|56/100|[from] Grassy Terrain\n|-heal|p2b: Incineroar|99/100|[from] Grassy Terrain\n|upkeep\n|turn|2\n|inactive|mlm2016 has 30 seconds left.\n|\n|t:|1774228627\n|-terastallize|p1a: Calyrex|Dark\n|move|p1a: Calyrex|Psychic|p2a: Zamazenta\n|-damage|p2a: Zamazenta|8/100\n|-damage|p1a: Calyrex|47/100|[from] item: Life Orb\n|move|p2a: Zamazenta|Body Press|p1b: Rillaboom\n|-damage|p1b: Rillaboom|34/100\n|move|p1b: Rillaboom|U-turn|p2b: Incineroar\n|-damage|p2b: Incineroar|84/100\n|\n|t:|1774228637\n|switch|p1b: Regieleki|Regieleki, L50|100/100|[from] U-turn\n|move|p2b: Incineroar|Parting Shot|p1b: Regieleki\n|-unboost|p1b: Regieleki|atk|1\n|-unboost|p1b: Regieleki|spa|1\n|\n|t:|1774228643\n|switch|p2b: Flutter Mane|Flutter Mane, L50|100/100|[from] Parting Shot\n|-enditem|p2b: Flutter Mane|Booster Energy\n|-activate|p2b: Flutter Mane|ability: Protosynthesis|[fromitem]\n|-start|p2b: Flutter Mane|protosynthesisspe\n|\n|-weather|RainDance|[upkeep]\n|-heal|p1a: Calyrex|53/100|[from] Grassy Terrain\n|-heal|p2a: Zamazenta|14/100|[from] Grassy Terrain\n|upkeep\n|turn|3\n|\n|t:|1774228662\n|move|p2b: Flutter Mane|Protect|p2b: Flutter Mane\n|-singleturn|p2b: Flutter Mane|Protect\n|move|p1a: Calyrex|Protect|p1a: Calyrex\n|-singleturn|p1a: Calyrex|Protect\n|move|p2a: Zamazenta|Protect|p2a: Zamazenta\n|-singleturn|p2a: Zamazenta|Protect\n|move|p1b: Regieleki|Electroweb|p2b: Flutter Mane|[spread] \n|-activate|p2a: Zamazenta|move: Protect\n|-activate|p2b: Flutter Mane|move: Protect\n|\n|-weather|RainDance|[upkeep]\n|-heal|p1a: Calyrex|59/100|[from] Grassy Terrain\n|-heal|p2a: Zamazenta|21/100|[from] Grassy Terrain\n|upkeep\n|turn|4\n|\n|t:|1774228684\n|switch|p1a: Rillaboom|Rillaboom, L50, M|34/100\n|move|p2b: Flutter Mane|Moonblast|p1a: Rillaboom\n|-damage|p1a: Rillaboom|8/100\n|move|p1b: Regieleki|Electroweb|p2a: Zamazenta|[spread] p2a\n|-miss|p1b: Regieleki|p2b: Flutter Mane\n|-damage|p2a: Zamazenta|9/100\n|-unboost|p2a: Zamazenta|spe|1\n|move|p2a: Zamazenta|Body Press|p1b: Regieleki\n|-crit|p1b: Regieleki\n|-enditem|p1b: Regieleki|Focus Sash\n|-damage|p1b: Regieleki|1/100\n|\n|-weather|RainDance|[upkeep]\n|-heal|p1b: Regieleki|7/100|[from] Grassy Terrain\n|-heal|p1a: Rillaboom|14/100|[from] Grassy Terrain\n|-heal|p2a: Zamazenta|15/100|[from] Grassy Terrain\n|upkeep\n|turn|5\n|-message|mlm2016 forfeited.\n|\n|win|TheAndUrgeTheUrge\n|raw|mlm2016's rating: 1470 &rarr; <strong>1456</strong><br />(-14 for losing)\n|raw|TheAndUrgeTheUrge's rating: 1573 &rarr; <strong>1587</strong><br />(+14 for winning)\n|l|\u2606mlm2016\n|player|p1|\n|l|\u2606TheAndUrgeTheUrge\n|player|p2|\n|l| rgfsrgef\n","uploadtime":1774228964,"views":13,"formatid":"gen9vgc2026regi","rating":1456,"private":0,"password":null}