{"id":"gen9vgc2026regi-2577839005","format":"[Gen 9] VGC 2026 Reg I","players":["Cellpab1","Danny3over"],"log":"|j|\u2606Cellpab1\n|j|\u2606Danny3over\n|t:|1775611243\n|gametype|doubles\n|player|p1|Cellpab1|101|1568\n|player|p2|Danny3over|twins-gen4dp|1681\n|gen|9\n|tier|[Gen 9] VGC 2026 Reg I\n|rated|\n|rule|Species Clause: Limit one of each Pok\u00e9mon\n|rule|Item Clause: Limit 1 of each item\n|clearpoke\n|poke|p1|Calyrex-Ice, L50|\n|poke|p1|Miraidon, L50|\n|poke|p1|Landorus, L50, M|\n|poke|p1|Farigiraf, L50, M|\n|poke|p1|Urshifu-*, L50, F|\n|poke|p1|Incineroar, L50, M|\n|poke|p2|Calyrex-Ice, L50|\n|poke|p2|Miraidon, L50|\n|poke|p2|Grimmsnarl, L50, M|\n|poke|p2|Urshifu-*, L50, M|\n|poke|p2|Incineroar, L50, M|\n|poke|p2|Landorus, L50, M|\n|teampreview|4\n|inactive|Battle timer is ON: inactive players will automatically lose when time's up. (requested by Cellpab1)\n|j| ZodiacSheep\n|inactive|Danny3over has 60 seconds left.\n|\n|t:|1775611291\n|teamsize|p1|4\n|teamsize|p2|4\n|start\n|switch|p1a: Calyrex|Calyrex-Ice, L50|100/100\n|switch|p1b: Urshifu|Urshifu-Rapid-Strike, L50, F|100/100\n|switch|p2a: Calyrex|Calyrex-Ice, L50|100/100\n|switch|p2b: Incineroar|Incineroar, L50, M|100/100\n|-ability|p2a: Calyrex|As One\n|-ability|p2a: Calyrex|Unnerve\n|-ability|p1a: Calyrex|As One\n|-ability|p1a: Calyrex|Unnerve\n|-ability|p2b: Incineroar|Intimidate|boost\n|-unboost|p1a: Calyrex|atk|1\n|-unboost|p1b: Urshifu|atk|1\n|turn|1\n|\n|t:|1775611313\n|move|p2b: Incineroar|Fake Out|p1b: Urshifu\n|-damage|p1b: Urshifu|89/100\n|cant|p1b: Urshifu|flinch\n|move|p2a: Calyrex|Leech Seed|p1a: Calyrex\n|-start|p1a: Calyrex|move: Leech Seed\n|move|p1a: Calyrex|Leech Seed|p2a: Calyrex\n|-start|p2a: Calyrex|move: Leech Seed\n|\n|-damage|p2a: Calyrex|88/100|[from] Leech Seed|[of] p1a: Calyrex\n|-damage|p1a: Calyrex|88/100|[from] Leech Seed|[of] p2a: Calyrex\n|-heal|p2a: Calyrex|100/100|[silent]\n|upkeep\n|turn|2\n|inactive|Danny3over has 30 seconds left.\n|\n|t:|1775611343\n|move|p1b: Urshifu|Surging Strikes|p2b: Incineroar\n|-supereffective|p2b: Incineroar\n|-crit|p2b: Incineroar\n|-damage|p2b: Incineroar|54/100\n|-supereffective|p2b: Incineroar\n|-crit|p2b: Incineroar\n|-damage|p2b: Incineroar|10/100\n|-supereffective|p2b: Incineroar\n|-crit|p2b: Incineroar\n|-damage|p2b: Incineroar|0 fnt\n|faint|p2b: Incineroar\n|-hitcount|p2: Incineroar|3\n|move|p2a: Calyrex|Glacial Lance|p1a: Calyrex|[spread] p1a,p1b\n|-resisted|p1a: Calyrex\n|-resisted|p1b: Urshifu\n|-damage|p1a: Calyrex|72/100\n|-damage|p1b: Urshifu|64/100\n|move|p1a: Calyrex|Glacial Lance|p2a: Calyrex\n|-resisted|p2a: Calyrex\n|-damage|p2a: Calyrex|86/100\n|\n|-heal|p2a: Calyrex|92/100|[from] item: Leftovers\n|-heal|p1a: Calyrex|78/100|[from] item: Leftovers\n|-damage|p2a: Calyrex|80/100|[from] Leech Seed|[of] p1a: Calyrex\n|-heal|p1a: Calyrex|90/100|[silent]\n|-damage|p1a: Calyrex|78/100|[from] Leech Seed|[of] p2a: Calyrex\n|-heal|p2a: Calyrex|92/100|[silent]\n|upkeep\n|\n|t:|1775611348\n|switch|p2b: Miraidon|Miraidon, L50|100/100\n|-fieldstart|move: Electric Terrain|[from] ability: Hadron Engine|[of] p2b: Miraidon\n|turn|3\n|inactive|Cellpab1 has 30 seconds left.\n|\n|t:|1775611382\n|move|p1a: Calyrex|Protect|p1a: Calyrex\n|-singleturn|p1a: Calyrex|Protect\n|move|p2b: Miraidon|Electro Drift|p1a: Calyrex\n|-activate|p1a: Calyrex|move: Protect\n|move|p1b: Urshifu|Surging Strikes|p2a: Calyrex\n|-crit|p2a: Calyrex\n|-damage|p2a: Calyrex|79/100\n|-crit|p2a: Calyrex\n|-damage|p2a: Calyrex|65/100\n|-crit|p2a: Calyrex\n|-damage|p2a: Calyrex|52/100\n|-hitcount|p2a: Calyrex|3\n|move|p2a: Calyrex|Glacial Lance|p1b: Urshifu|[spread] p1b\n|-activate|p1a: Calyrex|move: Protect\n|-resisted|p1b: Urshifu\n|-damage|p1b: Urshifu|36/100\n|\n|-heal|p2a: Calyrex|58/100|[from] item: Leftovers\n|-heal|p1a: Calyrex|84/100|[from] item: Leftovers\n|-damage|p2a: Calyrex|45/100|[from] Leech Seed|[of] p1a: Calyrex\n|-heal|p1a: Calyrex|96/100|[silent]\n|-damage|p1a: Calyrex|84/100|[from] Leech Seed|[of] p2a: Calyrex\n|-heal|p2a: Calyrex|58/100|[silent]\n|upkeep\n|turn|4\n|inactive|Cellpab1 has 30 seconds left.\n|inactive|Danny3over has 30 seconds left.\n|\n|t:|1775611416\n|switch|p1a: Incineroar|Incineroar, L50, M|100/100\n|-ability|p1a: Incineroar|Intimidate|boost\n|-unboost|p2a: Calyrex|atk|1\n|-unboost|p2b: Miraidon|atk|1\n|move|p2b: Miraidon|Electro Drift|p1a: Incineroar\n|-damage|p1a: Incineroar|20/100\n|move|p1b: Urshifu|Surging Strikes|p2a: Calyrex\n|-crit|p2a: Calyrex\n|-damage|p2a: Calyrex|44/100\n|-crit|p2a: Calyrex\n|-damage|p2a: Calyrex|30/100\n|-crit|p2a: Calyrex\n|-damage|p2a: Calyrex|17/100\n|-hitcount|p2a: Calyrex|3\n|move|p2a: Calyrex|Glacial Lance|p1b: Urshifu|[spread] p1a,p1b\n|-resisted|p1a: Incineroar\n|-resisted|p1b: Urshifu\n|-damage|p1a: Incineroar|7/100\n|-damage|p1b: Urshifu|19/100\n|\n|-heal|p2a: Calyrex|23/100|[from] item: Leftovers\n|-damage|p2a: Calyrex|11/100|[from] Leech Seed|[of] p1a: Incineroar\n|-heal|p1a: Incineroar|19/100|[silent]\n|upkeep\n|turn|5\n|inactive|Cellpab1 has 30 seconds left.\n|inactive|Danny3over has 30 seconds left.\n|inactive|Cellpab1 has 20 seconds left.\n|inactive|Danny3over has 20 seconds left.\n|inactive|Danny3over has 15 seconds left.\n|inactive|Danny3over has 10 seconds left.\n|\n|t:|1775611463\n|switch|p2b: Landorus|Landorus, L50, M|100/100\n|move|p1a: Incineroar|Fake Out|p2b: Landorus\n|-damage|p2b: Landorus|90/100\n|move|p1b: Urshifu|Surging Strikes|p2a: Calyrex\n|-crit|p2a: Calyrex\n|-damage|p2a: Calyrex|0 fnt\n|faint|p2a: Calyrex\n|-hitcount|p2: Calyrex|1\n|\n|upkeep\n|\n|t:|1775611471\n|switch|p2a: Miraidon|Miraidon, L50|100/100\n|-activate|p2a: Miraidon|ability: Hadron Engine\n|turn|6\n|\n|t:|1775611482\n|move|p1b: Urshifu|Protect|p1b: Urshifu\n|-singleturn|p1b: Urshifu|Protect\n|move|p2a: Miraidon|Electro Drift|p1b: Urshifu\n|-activate|p1b: Urshifu|move: Protect\n|move|p2b: Landorus|Earth Power|p1a: Incineroar\n|-supereffective|p1a: Incineroar\n|-damage|p1a: Incineroar|0 fnt\n|faint|p1a: Incineroar\n|\n|upkeep\n|\n|t:|1775611496\n|switch|p1a: Miraidon|Miraidon, L50|100/100\n|-activate|p1a: Miraidon|ability: Hadron Engine\n|turn|7\n|inactive|Cellpab1 has 30 seconds left.\n|inactive|Cellpab1 has 20 seconds left.\n|inactive|Cellpab1 has 15 seconds left.\n|inactive|Danny3over has 30 seconds left.\n|inactive|Cellpab1 has 10 seconds left.\n|\n|t:|1775611544\n|-terastallize|p2a: Miraidon|Fairy\n|-terastallize|p1b: Urshifu|Stellar\n|move|p1b: Urshifu|Aqua Jet|p2b: Landorus\n|-supereffective|p2b: Landorus\n|-damage|p2b: Landorus|43/100\n|move|p1a: Miraidon|Draco Meteor|p2b: Landorus\n|-damage|p2b: Landorus|0 fnt\n|-unboost|p1a: Miraidon|spa|2\n|faint|p2b: Landorus\n|move|p2a: Miraidon|Electro Drift|p1b: Urshifu\n|-supereffective|p1b: Urshifu\n|-damage|p1b: Urshifu|0 fnt\n|faint|p1b: Urshifu\n|\n|-fieldend|move: Electric Terrain\n|upkeep\n|\n|t:|1775611554\n|switch|p1b: Calyrex|Calyrex-Ice, L50|84/100\n|-ability|p1b: Calyrex|As One\n|-ability|p1b: Calyrex|Unnerve\n|turn|8\n|\n|t:|1775611559\n|move|p1a: Miraidon|Draco Meteor|p2a: Miraidon\n|-immune|p2a: Miraidon\n|move|p2a: Miraidon|Electro Drift|p1b: Calyrex\n|-damage|p1b: Calyrex|41/100\n|move|p1b: Calyrex|Leech Seed|p2a: Miraidon|[miss]\n|-miss|p1b: Calyrex|p2a: Miraidon\n|\n|-heal|p1b: Calyrex|47/100|[from] item: Leftovers\n|upkeep\n|turn|9\n|\n|t:|1775611574\n|move|p1b: Calyrex|Protect|p1b: Calyrex\n|-singleturn|p1b: Calyrex|Protect\n|move|p1a: Miraidon|Draco Meteor|p2a: Miraidon\n|-immune|p2a: Miraidon\n|move|p2a: Miraidon|Electro Drift|p1b: Calyrex\n|-activate|p1b: Calyrex|move: Protect\n|\n|-heal|p1b: Calyrex|53/100|[from] item: Leftovers\n|upkeep\n|turn|10\n|l| ZodiacSheep\n|c|\u2606Danny3over|hg\n|-message|Danny3over forfeited.\n|\n|win|Cellpab1\n|raw|Cellpab1's rating: 1568 &rarr; <strong>1594</strong><br />(+26 for winning)\n|raw|Danny3over's rating: 1681 &rarr; <strong>1655</strong><br />(-26 for losing)\n|l|\u2606Danny3over\n|player|p2|\n|l|\u2606Cellpab1\n|player|p1|\n","uploadtime":1775611762,"views":14,"formatid":"gen9vgc2026regi","rating":1594,"private":0,"password":null}