{"id":"gen9vgc2026regi-2578813516","format":"[Gen 9] VGC 2026 Reg I","players":["a_wood_is_good2","fogdocker"],"log":"|j|\u2606a_wood_is_good2\n|j|\u2606fogdocker\n|t:|1775722033\n|gametype|doubles\n|player|p1|a_wood_is_good2|102|1372\n|player|p2|fogdocker|170|1493\n|gen|9\n|tier|[Gen 9] VGC 2026 Reg I\n|rated|\n|rule|Species Clause: Limit one of each Pok\u00e9mon\n|rule|Item Clause: Limit 1 of each item\n|clearpoke\n|poke|p1|Zacian-*, L50|\n|poke|p1|Calyrex-Shadow, L50|\n|poke|p1|Urshifu-*, L50, F|\n|poke|p1|Tornadus, L50, M|\n|poke|p1|Ogerpon-Cornerstone, L50, F|\n|poke|p1|Chien-Pao, L50|\n|poke|p2|Calyrex-Ice, L50|\n|poke|p2|Koraidon, L50|\n|poke|p2|Flutter Mane, L50|\n|poke|p2|Incineroar, L50, F|\n|poke|p2|Rillaboom, L50, M|\n|poke|p2|Volcarona, L50, M|\n|teampreview|4\n|l|\u2606a_wood_is_good2\n|player|p1|\n|j|\u2606a_wood_is_good2\n|player|p1|a_wood_is_good2|102|\n|inactive|Battle timer is ON: inactive players will automatically lose when time's up. (requested by fogdocker)\n|inactive|a_wood_is_good2 has 60 seconds left.\n|inactive|a_wood_is_good2 has 30 seconds left.\n|inactive|a_wood_is_good2 has 20 seconds left.\n|inactive|a_wood_is_good2 has 15 seconds left.\n|inactive|a_wood_is_good2 has 10 seconds left.\n|inactive|a_wood_is_good2 has 5 seconds left.\n|\n|t:|1775722169\n|teamsize|p1|4\n|teamsize|p2|4\n|start\n|switch|p1a: Tornadus|Tornadus, L50, M|100/100\n|switch|p1b: Urshifu|Urshifu-Rapid-Strike, L50, F|100/100\n|switch|p2a: Calyrex|Calyrex-Ice, L50|100/100\n|switch|p2b: Incineroar|Incineroar, L50, F|100/100\n|-ability|p2a: Calyrex|As One\n|-ability|p2a: Calyrex|Unnerve\n|-ability|p2b: Incineroar|Intimidate|boost\n|-unboost|p1a: Tornadus|atk|1\n|-unboost|p1b: Urshifu|atk|1\n|turn|1\n|inactive|a_wood_is_good2 has 30 seconds left.\n|inactive|a_wood_is_good2 has 20 seconds left.\n|\n|t:|1775722205\n|switch|p1b: Zacian|Zacian-Crowned, L50|100/100\n|-ability|p1b: Zacian|Intrepid Sword|boost\n|-boost|p1b: Zacian|atk|1\n|-terastallize|p1a: Tornadus|Dark\n|move|p2b: Incineroar|Fake Out|p1b: Zacian\n|-resisted|p1b: Zacian\n|-damage|p1b: Zacian|96/100\n|move|p1a: Tornadus|Taunt|p2a: Calyrex\n|-start|p2a: Calyrex|move: Taunt\n|move|p2a: Calyrex|Glacial Lance|p1a: Tornadus|[spread] p1a,p1b\n|-resisted|p1b: Zacian\n|-damage|p1a: Tornadus|42/100\n|-damage|p1b: Zacian|74/100\n|\n|upkeep\n|turn|2\n|inactive|a_wood_is_good2 has 30 seconds left.\n|inactive|fogdocker has 30 seconds left.\n|inactive|a_wood_is_good2 has 20 seconds left.\n|inactive|fogdocker has 20 seconds left.\n|inactive|a_wood_is_good2 has 15 seconds left.\n|\n|t:|1775722247\n|switch|p1a: Urshifu|Urshifu-Rapid-Strike, L50, F|100/100\n|-terastallize|p2a: Calyrex|Water\n|move|p1b: Zacian|Behemoth Blade|p2a: Calyrex\n|-resisted|p2a: Calyrex\n|-damage|p2a: Calyrex|79/100\n|move|p2b: Incineroar|Parting Shot|p1b: Zacian\n|-unboost|p1b: Zacian|atk|1\n|-unboost|p1b: Zacian|spa|1\n|\n|t:|1775722261\n|switch|p2b: Koraidon|Koraidon, L50|100/100|[from] Parting Shot\n|-weather|SunnyDay|[from] ability: Orichalcum Pulse|[of] p2b: Koraidon\n|-activate|p2b: Koraidon|Orichalcum Pulse|[source]\n|move|p2a: Calyrex|Glacial Lance|p1b: Zacian|[spread] p1a,p1b\n|-resisted|p1a: Urshifu\n|-resisted|p1b: Zacian\n|-damage|p1a: Urshifu|77/100\n|-damage|p1b: Zacian|52/100\n|\n|-weather|SunnyDay|[upkeep]\n|-heal|p2a: Calyrex|85/100|[from] item: Leftovers\n|upkeep\n|turn|3\n|\n|t:|1775722286\n|switch|p2b: Incineroar|Incineroar, L50, F|100/100\n|-ability|p2b: Incineroar|Intimidate|boost\n|-unboost|p1a: Urshifu|atk|1\n|-unboost|p1b: Zacian|atk|1\n|move|p1b: Zacian|Protect|p1b: Zacian\n|-singleturn|p1b: Zacian|Protect\n|move|p1a: Urshifu|Coaching|p1b: Zacian\n|-boost|p1b: Zacian|atk|1\n|-boost|p1b: Zacian|def|1\n|move|p2a: Calyrex|Glacial Lance|p1a: Urshifu|[spread] p1a\n|-activate|p1b: Zacian|move: Protect\n|-resisted|p1a: Urshifu\n|-damage|p1a: Urshifu|51/100\n|\n|-weather|SunnyDay|[upkeep]\n|-heal|p2a: Calyrex|91/100|[from] item: Leftovers\n|-end|p2a: Calyrex|move: Taunt\n|upkeep\n|turn|4\n|inactive|a_wood_is_good2 has 30 seconds left.\n|inactive|fogdocker has 30 seconds left.\n|\n|t:|1775722318\n|move|p1a: Urshifu|Coaching|p1b: Zacian\n|-boost|p1b: Zacian|atk|1\n|-boost|p1b: Zacian|def|1\n|move|p1b: Zacian|Play Rough|p2a: Calyrex\n|-damage|p2a: Calyrex|52/100\n|move|p2b: Incineroar|Parting Shot|p1a: Urshifu\n|-unboost|p1a: Urshifu|atk|1\n|-unboost|p1a: Urshifu|spa|1\n|\n|t:|1775722333\n|switch|p2b: Flutter Mane|Flutter Mane, L50|100/100|[from] Parting Shot\n|-activate|p2b: Flutter Mane|ability: Protosynthesis\n|-start|p2b: Flutter Mane|protosynthesisspe\n|move|p2a: Calyrex|Leech Seed|p1b: Zacian\n|-start|p1b: Zacian|move: Leech Seed\n|\n|-weather|SunnyDay|[upkeep]\n|-heal|p2a: Calyrex|58/100|[from] item: Leftovers\n|-damage|p1b: Zacian|39/100|[from] Leech Seed|[of] p2a: Calyrex\n|-heal|p2a: Calyrex|68/100|[silent]\n|upkeep\n|turn|5\n|inactive|a_wood_is_good2 has 30 seconds left.\n|inactive|a_wood_is_good2 has 20 seconds left.\n|inactive|a_wood_is_good2 has 15 seconds left.\n|\n|t:|1775722377\n|switch|p1a: Calyrex|Calyrex-Shadow, L50|100/100\n|-ability|p1a: Calyrex|As One\n|-ability|p1a: Calyrex|Unnerve\n|move|p2b: Flutter Mane|Protect|p2b: Flutter Mane\n|-singleturn|p2b: Flutter Mane|Protect\n|move|p1b: Zacian|Behemoth Blade|p2b: Flutter Mane\n|-activate|p2b: Flutter Mane|move: Protect\n|move|p2a: Calyrex|Glacial Lance|p1a: Calyrex|[spread] p1a,p1b\n|-resisted|p1b: Zacian\n|-damage|p1a: Calyrex|47/100\n|-damage|p1b: Zacian|29/100\n|\n|-weather|SunnyDay|[upkeep]\n|-heal|p2a: Calyrex|74/100|[from] item: Leftovers\n|-damage|p1b: Zacian|16/100|[from] Leech Seed|[of] p2a: Calyrex\n|-heal|p2a: Calyrex|85/100|[silent]\n|upkeep\n|turn|6\n|inactive|a_wood_is_good2 has 30 seconds left.\n|\n|t:|1775722412\n|move|p1a: Calyrex|Protect|p1a: Calyrex\n|-singleturn|p1a: Calyrex|Protect\n|move|p2b: Flutter Mane|Shadow Ball|p1b: Zacian\n|-damage|p1b: Zacian|0 fnt\n|faint|p1b: Zacian\n|move|p2a: Calyrex|Glacial Lance|p1a: Calyrex\n|-activate|p1a: Calyrex|move: Protect\n|\n|-weather|none\n|-end|p2b: Flutter Mane|Protosynthesis\n|-heal|p2a: Calyrex|90/100|[from] item: Leftovers\n|upkeep\n|inactive|a_wood_is_good2 has 30 seconds left.\n|\n|t:|1775722443\n|switch|p1b: Tornadus|Tornadus, L50, M, tera:Dark|42/100\n|turn|7\n|\n|t:|1775722456\n|-end|p2b: Flutter Mane|Protosynthesis|[silent]\n|switch|p2b: Incineroar|Incineroar, L50, F|100/100\n|-ability|p2b: Incineroar|Intimidate|boost\n|-unboost|p1a: Calyrex|atk|1\n|-unboost|p1b: Tornadus|atk|1\n|move|p1b: Tornadus|Rain Dance|p1b: Tornadus\n|-weather|RainDance\n|move|p1a: Calyrex|Astral Barrage|p2a: Calyrex|[spread] p2a,p2b\n|-resisted|p2b: Incineroar\n|-damage|p2a: Calyrex|46/100\n|-damage|p2b: Incineroar|70/100\n|-damage|p1a: Calyrex|37/100|[from] item: Life Orb\n|move|p2a: Calyrex|Glacial Lance|p1b: Tornadus|[spread] p1a,p1b\n|-damage|p1a: Calyrex|0 fnt\n|-damage|p1b: Tornadus|0 fnt\n|faint|p1a: Calyrex\n|faint|p1b: Tornadus\n|-ability|p2a: Calyrex|Chilling Neigh|boost\n|-boost|p2a: Calyrex|atk|2\n|\n|-weather|RainDance|[upkeep]\n|-heal|p2a: Calyrex|52/100|[from] item: Leftovers\n|upkeep\n|\n|t:|1775722460\n|switch|p1b: Urshifu|Urshifu-Rapid-Strike, L50, F|51/100\n|turn|8\n|\n|t:|1775722471\n|move|p2b: Incineroar|Fake Out|p1b: Urshifu\n|-damage|p1b: Urshifu|39/100\n|cant|p1b: Urshifu|flinch\n|move|p2a: Calyrex|Glacial Lance|p1b: Urshifu\n|-resisted|p1b: Urshifu\n|-damage|p1b: Urshifu|0 fnt\n|faint|p1b: Urshifu\n|\n|win|fogdocker\n|raw|a_wood_is_good2's rating: 1372 &rarr; <strong>1359</strong><br />(-13 for losing)\n|raw|fogdocker's rating: 1493 &rarr; <strong>1506</strong><br />(+13 for winning)\n|l|\u2606a_wood_is_good2\n|player|p1|\n|l|\u2606fogdocker\n|player|p2|\n","uploadtime":1775722473,"views":23,"formatid":"gen9vgc2026regi","rating":1359,"private":0,"password":null}