{"id":"gen9vgc2026regi-2539524615","format":"[Gen 9] VGC 2026 Reg I","players":["testGen","Luca8"],"log":"|j|\u2606testGen\n|j|\u2606Luca8\n|t:|1771075668\n|gametype|doubles\n|player|p1|testGen|265|1202\n|player|p2|Luca8|flint|1307\n|gen|9\n|tier|[Gen 9] VGC 2026 Reg I\n|rated|\n|rule|Species Clause: Limit one of each Pok\u00e9mon\n|rule|Item Clause: Limit 1 of each item\n|clearpoke\n|poke|p1|Calyrex-Shadow, L50|\n|poke|p1|Zamazenta-*, L50|\n|poke|p1|Chien-Pao, L50|\n|poke|p1|Chi-Yu, L50|\n|poke|p1|Amoonguss, L50, F|\n|poke|p1|Ogerpon-Cornerstone, L50, F|\n|poke|p2|Whimsicott, L50, M|\n|poke|p2|Kyogre, L50|\n|poke|p2|Landorus, L50, M|\n|poke|p2|Lunala, L50|\n|poke|p2|Farigiraf, L50, F|\n|poke|p2|Amoonguss, L50, F|\n|teampreview|4\n|\n|t:|1771075715\n|teamsize|p1|4\n|teamsize|p2|4\n|start\n|switch|p1a: Chi-Yu|Chi-Yu, L50|100/100\n|switch|p1b: Zamazenta|Zamazenta-Crowned, L50|100/100\n|switch|p2a: Lunala|Lunala, L50|100/100\n|switch|p2b: Whimsicott|Whimsicott, L50, M|100/100\n|-ability|p1a: Chi-Yu|Beads of Ruin\n|-ability|p1b: Zamazenta|Dauntless Shield|boost\n|-boost|p1b: Zamazenta|def|1\n|turn|1\n|\n|t:|1771075761\n|-terastallize|p2a: Lunala|Normal\n|move|p2b: Whimsicott|Tailwind|p2b: Whimsicott\n|-sidestart|p2: Luca8|move: Tailwind\n|move|p2a: Lunala|Will-O-Wisp|p1b: Zamazenta\n|-status|p1b: Zamazenta|brn\n|move|p1a: Chi-Yu|Heat Wave|p2b: Whimsicott|[spread] p2a,p2b\n|-supereffective|p2b: Whimsicott\n|-damage|p2a: Lunala|78/100\n|-damage|p2b: Whimsicott|0 fnt\n|faint|p2b: Whimsicott\n|move|p1b: Zamazenta|Heavy Slam|p2a: Lunala\n|-damage|p2a: Lunala|57/100\n|\n|-damage|p1b: Zamazenta|94/100 brn|[from] brn\n|upkeep\n|\n|t:|1771075780\n|switch|p2b: Landorus|Landorus, L50, M|100/100\n|turn|2\n|\n|t:|1771075807\n|-terastallize|p1a: Chi-Yu|Ghost\n|move|p2b: Landorus|Earth Power|p1b: Zamazenta\n|-supereffective|p1b: Zamazenta\n|-damage|p1b: Zamazenta|0 fnt\n|faint|p1b: Zamazenta\n|move|p2a: Lunala|Meteor Beam||[still]\n|-prepare|p2a: Lunala|Meteor Beam\n|-boost|p2a: Lunala|spa|1\n|-enditem|p2a: Lunala|Power Herb\n|-anim|p2a: Lunala|Meteor Beam|p1a: Chi-Yu\n|-damage|p1a: Chi-Yu|12/100\n|move|p1a: Chi-Yu|Heat Wave|p2b: Landorus|[spread] p2a,p2b\n|-damage|p2a: Lunala|15/100\n|-damage|p2b: Landorus|29/100\n|\n|upkeep\n|\n|t:|1771075824\n|switch|p1b: Calyrex|Calyrex-Shadow, L50|100/100\n|-ability|p1b: Calyrex|As One\n|-ability|p1b: Calyrex|Unnerve\n|turn|3\n|\n|t:|1771075841\n|switch|p1a: Ogerpon|Ogerpon-Cornerstone, L50, F|100/100\n|move|p1b: Calyrex|Protect|p1b: Calyrex\n|-singleturn|p1b: Calyrex|Protect\n|move|p2b: Landorus|Earth Power|p1a: Ogerpon\n|-damage|p1a: Ogerpon|14/100\n|move|p2a: Lunala|Moongeist Beam|p1b: Calyrex\n|-activate|p1b: Calyrex|move: Protect\n|\n|upkeep\n|turn|4\n|\n|t:|1771075868\n|move|p1b: Calyrex|Protect||[still]\n|-fail|p1b: Calyrex\n|move|p1a: Ogerpon|Follow Me|p1a: Ogerpon\n|-singleturn|p1a: Ogerpon|move: Follow Me\n|move|p2b: Landorus|Sandsear Storm|p1b: Calyrex|[spread] p1a,p1b\n|-damage|p1a: Ogerpon|0 fnt\n|-damage|p1b: Calyrex|35/100\n|faint|p1a: Ogerpon\n|move|p2a: Lunala|Moongeist Beam|p1b: Calyrex\n|-supereffective|p1b: Calyrex\n|-damage|p1b: Calyrex|0 fnt\n|faint|p1b: Calyrex\n|\n|-sideend|p2: Luca8|move: Tailwind\n|upkeep\n|\n|t:|1771075894\n|switch|p1a: Chi-Yu|Chi-Yu, L50, tera:Ghost|12/100\n|-ability|p1a: Chi-Yu|Beads of Ruin\n|turn|5\n|\n|t:|1771075907\n|move|p2b: Landorus|Protect|p2b: Landorus\n|-singleturn|p2b: Landorus|Protect\n|move|p1a: Chi-Yu|Heat Wave|p2b: Landorus|[spread] \n|-activate|p2b: Landorus|move: Protect\n|-miss|p1a: Chi-Yu|p2a: Lunala\n|move|p2a: Lunala|Moongeist Beam|p1a: Chi-Yu\n|-supereffective|p1a: Chi-Yu\n|-damage|p1a: Chi-Yu|0 fnt\n|faint|p1a: Chi-Yu\n|\n|win|Luca8\n|raw|testGen's rating: 1202 &rarr; <strong>1184</strong><br />(-18 for losing)\n|raw|Luca8's rating: 1307 &rarr; <strong>1321</strong><br />(+14 for winning)\n","uploadtime":1771075920,"views":32,"formatid":"gen9vgc2026regi","rating":1184,"private":0,"password":null}