{"id":"gen9vgc2026regi-2573547923","format":"[Gen 9] VGC 2026 Reg I","players":["migcthi","Threethocks"],"log":"|j|\u2606migcthi\n|j|\u2606Threethocks\n|t:|1775145795\n|gametype|doubles\n|player|p1|migcthi|2|1108\n|player|p2|Threethocks|swimmer-gen4dp|1058\n|gen|9\n|tier|[Gen 9] VGC 2026 Reg I\n|rated|\n|rule|Species Clause: Limit one of each Pok\u00e9mon\n|rule|Item Clause: Limit 1 of each item\n|clearpoke\n|poke|p1|Calyrex-Ice, L50|\n|poke|p1|Miraidon, L50|\n|poke|p1|Ursaluna, L50, M|\n|poke|p1|Volcarona, L50, F|\n|poke|p1|Grimmsnarl, L50, M|\n|poke|p1|Iron Hands, L50|\n|poke|p2|Calyrex-Ice, L50|\n|poke|p2|Miraidon, L50|\n|poke|p2|Indeedee-F, L50, F|\n|poke|p2|Smeargle, L50, F|\n|poke|p2|Urshifu-*, L50, F|\n|poke|p2|Volcarona, L50, F|\n|teampreview|4\n|inactive|Battle timer is ON: inactive players will automatically lose when time's up. (requested by migcthi)\n|inactive|migcthi has 60 seconds left.\n|inactive|Threethocks has 60 seconds left.\n|\n|t:|1775145846\n|teamsize|p1|4\n|teamsize|p2|4\n|start\n|switch|p1a: Miraidon|Miraidon, L50|100/100\n|switch|p1b: Iron Hands|Iron Hands, L50|100/100\n|switch|p2a: Calyrex|Calyrex-Ice, L50|100/100\n|switch|p2b: Smeargle|Smeargle, L50, F|100/100\n|-ability|p2a: Calyrex|As One\n|-ability|p2a: Calyrex|Unnerve\n|-fieldstart|move: Electric Terrain|[from] ability: Hadron Engine|[of] p1a: Miraidon\n|-activate|p1b: Iron Hands|ability: Quark Drive\n|-start|p1b: Iron Hands|quarkdriveatk\n|turn|1\n|inactive|Threethocks has 30 seconds left.\n|inactive|Threethocks has 20 seconds left.\n|inactive|Threethocks has 15 seconds left.\n|inactive|Threethocks has 10 seconds left.\n|\n|t:|1775145892\n|move|p2b: Smeargle|Fake Out|p1a: Miraidon\n|-damage|p1a: Miraidon|96/100\n|move|p1b: Iron Hands|Fake Out|p2a: Calyrex\n|-damage|p2a: Calyrex|86/100\n|cant|p1a: Miraidon|flinch\n|cant|p2a: Calyrex|flinch\n|\n|-ability|p2b: Smeargle|Moody|boost\n|-boost|p2b: Smeargle|spa|2\n|-unboost|p2b: Smeargle|def|1\n|upkeep\n|turn|2\n|inactive|migcthi has 30 seconds left.\n|inactive|Threethocks has 30 seconds left.\n|\n|t:|1775145922\n|move|p1a: Miraidon|Volt Switch|p2a: Calyrex\n|-damage|p2a: Calyrex|24/100\n|\n|t:|1775145934\n|switch|p1a: Calyrex|Calyrex-Ice, L50|100/100|[from] Volt Switch\n|-ability|p1a: Calyrex|As One\n|-ability|p1a: Calyrex|Unnerve\n|move|p2b: Smeargle|Instruct||[still]\n|-fail|p2b: Smeargle\n|move|p1b: Iron Hands|Wild Charge|p2a: Calyrex\n|-damage|p2a: Calyrex|0 fnt\n|faint|p2a: Calyrex\n|-damage|p1b: Iron Hands|95/100|[from] Recoil\n|\n|-ability|p2b: Smeargle|Moody|boost\n|-boost|p2b: Smeargle|def|2\n|-unboost|p2b: Smeargle|spa|1\n|upkeep\n|\n|t:|1775145955\n|switch|p2a: Urshifu|Urshifu-Rapid-Strike, L50, F|100/100\n|turn|3\n|inactive|migcthi has 30 seconds left.\n|inactive|migcthi has 20 seconds left.\n|inactive|migcthi has 15 seconds left.\n|inactive|migcthi has 10 seconds left.\n|\n|t:|1775146001\n|move|p2a: Urshifu|Surging Strikes|p1b: Iron Hands\n|-crit|p1b: Iron Hands\n|-damage|p1b: Iron Hands|78/100\n|-crit|p1b: Iron Hands\n|-damage|p1b: Iron Hands|63/100\n|-crit|p1b: Iron Hands\n|-damage|p1b: Iron Hands|45/100\n|-hitcount|p1b: Iron Hands|3\n|move|p2b: Smeargle|Foul Play|p1a: Calyrex\n|-supereffective|p1a: Calyrex\n|-crit|p1a: Calyrex\n|-damage|p1a: Calyrex|31/100\n|move|p1b: Iron Hands|Wild Charge|p2a: Urshifu\n|-supereffective|p2a: Urshifu\n|-damage|p2a: Urshifu|0 fnt\n|faint|p2a: Urshifu\n|-damage|p1b: Iron Hands|26/100|[from] Recoil\n|move|p1a: Calyrex|Glacial Lance|p2b: Smeargle\n|-damage|p2b: Smeargle|15/100\n|\n|-heal|p1a: Calyrex|37/100|[from] item: Leftovers\n|-ability|p2b: Smeargle|Moody|boost\n|-boost|p2b: Smeargle|def|2\n|-unboost|p2b: Smeargle|atk|1\n|upkeep\n|\n|t:|1775146025\n|switch|p2a: Miraidon|Miraidon, L50|100/100\n|-activate|p2a: Miraidon|ability: Hadron Engine\n|turn|4\n|inactive|Threethocks has 30 seconds left.\n|\n|t:|1775146054\n|-terastallize|p2a: Miraidon|Fairy\n|move|p1a: Calyrex|Protect|p1a: Calyrex\n|-singleturn|p1a: Calyrex|Protect\n|move|p2a: Miraidon|Dazzling Gleam|p1b: Iron Hands|[spread] p1b\n|-activate|p1a: Calyrex|move: Protect\n|-supereffective|p1b: Iron Hands\n|-damage|p1b: Iron Hands|0 fnt\n|faint|p1b: Iron Hands\n|-end|p1b: Iron Hands|Quark Drive|[silent]\n|move|p2b: Smeargle|Foul Play|p1a: Calyrex\n|-activate|p1a: Calyrex|move: Protect\n|\n|-heal|p1a: Calyrex|43/100|[from] item: Leftovers\n|-ability|p2b: Smeargle|Moody|boost\n|-boost|p2b: Smeargle|spe|2\n|-unboost|p2b: Smeargle|spd|1\n|upkeep\n|\n|t:|1775146071\n|switch|p1b: Miraidon|Miraidon, L50|96/100\n|-activate|p1b: Miraidon|ability: Hadron Engine\n|turn|5\n|\n|t:|1775146085\n|-terastallize|p1b: Miraidon|Fairy\n|move|p2b: Smeargle|Instruct|p2a: Miraidon\n|-singleturn|p2a: Miraidon|move: Instruct|[of] p2b: Smeargle\n|move|p2a: Miraidon|Dazzling Gleam|p1a: Calyrex|[spread] p1a,p1b\n|-damage|p1a: Calyrex|20/100\n|-damage|p1b: Miraidon|68/100\n|move|p1b: Miraidon|Dazzling Gleam|p2b: Smeargle|[spread] p2a,p2b\n|-damage|p2a: Miraidon|70/100\n|-damage|p2b: Smeargle|0 fnt\n|faint|p2b: Smeargle\n|move|p2a: Miraidon|Dazzling Gleam|p1b: Miraidon|[spread] p1a,p1b\n|-damage|p1a: Calyrex|0 fnt\n|-damage|p1b: Miraidon|41/100\n|faint|p1a: Calyrex\n|\n|-fieldend|move: Electric Terrain\n|upkeep\n|\n|t:|1775146097\n|switch|p1a: Volcarona|Volcarona, L50, F|100/100\n|turn|6\n|\n|t:|1775146118\n|move|p1b: Miraidon|Dazzling Gleam|p2a: Miraidon\n|-damage|p2a: Miraidon|34/100\n|move|p2a: Miraidon|Discharge|p1a: Volcarona|[spread] p1a,p1b\n|-damage|p1a: Volcarona|77/100\n|-damage|p1b: Miraidon|21/100\n|move|p1a: Volcarona|Tailwind|p1a: Volcarona\n|-sidestart|p1: migcthi|move: Tailwind\n|\n|upkeep\n|turn|7\n|inactive|migcthi has 30 seconds left.\n|inactive|migcthi has 20 seconds left.\n|inactive|migcthi has 15 seconds left.\n|\n|t:|1775146161\n|move|p1b: Miraidon|Dazzling Gleam|p2a: Miraidon\n|-damage|p2a: Miraidon|2/100\n|move|p1a: Volcarona|Overheat|p2a: Miraidon\n|-damage|p2a: Miraidon|0 fnt\n|-unboost|p1a: Volcarona|spa|2\n|faint|p2a: Miraidon\n|\n|win|migcthi\n|raw|migcthi's rating: 1108 &rarr; <strong>1129</strong><br />(+21 for winning)\n|raw|Threethocks's rating: 1058 &rarr; <strong>1042</strong><br />(-16 for losing)\n","uploadtime":1775146165,"views":17,"formatid":"gen9vgc2026regi","rating":1042,"private":0,"password":null}