{"id":"gen9vgc2026regi-2531795602","format":"[Gen 9] VGC 2026 Reg I","players":["cpinalli1","yamato-tak"],"log":"|j|\u2606cpinalli1\n|j|\u2606yamato-tak\n|t:|1770100054\n|gametype|doubles\n|player|p1|cpinalli1|elesa|1389\n|player|p2|yamato-tak|170|1524\n|gen|9\n|tier|[Gen 9] VGC 2026 Reg I\n|rated|\n|rule|Species Clause: Limit one of each Pok\u00e9mon\n|rule|Item Clause: Limit 1 of each item\n|clearpoke\n|poke|p1|Kyogre, L50|\n|poke|p1|Flutter Mane, L50|\n|poke|p1|Urshifu-*, L50, M|\n|poke|p1|Landorus, L50, M|\n|poke|p1|Smeargle, L50, F|\n|poke|p1|Calyrex-Ice, L50|\n|poke|p2|Miraidon, L50|\n|poke|p2|Calyrex-Ice, L50|\n|poke|p2|Volcarona, L50, F|\n|poke|p2|Araquanid, L50, F|\n|poke|p2|Grimmsnarl, L50, M|\n|poke|p2|Entei, L50|\n|teampreview|4\n|inactive|Battle timer is ON: inactive players will automatically lose when time's up. (requested by yamato-tak)\n|c|\u2606cpinalli1|i just versed a top 70 savce me\n|\n|t:|1770100081\n|teamsize|p1|4\n|teamsize|p2|4\n|start\n|switch|p1a: Smeargle|Smeargle, L50, F|100/100\n|switch|p1b: Calyrex|Calyrex-Ice, L50|100/100\n|switch|p2a: Grimmsnarl|Grimmsnarl, L50, M, shiny|100/100\n|switch|p2b: Miraidon|Miraidon, L50, shiny|100/100\n|-ability|p1b: Calyrex|As One\n|-ability|p1b: Calyrex|Unnerve\n|-fieldstart|move: Electric Terrain|[from] ability: Hadron Engine|[of] p2b: Miraidon\n|turn|1\n|c|\u2606cpinalli1|glhf tho\n|\n|t:|1770100102\n|-terastallize|p2b: Miraidon|Electric\n|-terastallize|p1b: Calyrex|Grass\n|move|p2a: Grimmsnarl|Fake Out|p1b: Calyrex\n|-damage|p1b: Calyrex|93/100\n|move|p1a: Smeargle|Follow Me|p1a: Smeargle\n|-singleturn|p1a: Smeargle|move: Follow Me\n|move|p2b: Miraidon|Calm Mind|p2b: Miraidon\n|-boost|p2b: Miraidon|spa|1\n|-boost|p2b: Miraidon|spd|1\n|cant|p1b: Calyrex|flinch\n|\n|-ability|p1a: Smeargle|Moody|boost\n|-boost|p1a: Smeargle|spe|2\n|-unboost|p1a: Smeargle|spa|1\n|-enditem|p1a: Smeargle|Eject Pack\n|upkeep\n|\n|t:|1770100112\n|switch|p1a: Landorus|Landorus, L50, M|100/100\n|turn|2\n|\n|t:|1770100129\n|move|p2a: Grimmsnarl|Reflect|p2a: Grimmsnarl\n|-sidestart|p2: yamato-tak|Reflect\n|move|p2b: Miraidon|Draco Meteor|p1b: Calyrex\n|-damage|p1b: Calyrex|6/100\n|-unboost|p2b: Miraidon|spa|2\n|move|p1a: Landorus|Sandsear Storm|p2a: Grimmsnarl|[spread] p2a,p2b\n|-supereffective|p2b: Miraidon\n|-damage|p2a: Grimmsnarl|41/100\n|-damage|p2b: Miraidon|36/100\n|move|p1b: Calyrex|Trick Room|p1b: Calyrex\n|-fieldstart|move: Trick Room|[of] p1b: Calyrex\n|\n|upkeep\n|turn|3\n|c|\u2606cpinalli1|holy shit\n|\n|t:|1770100151\n|switch|p2b: Calyrex|Calyrex-Ice, L50|100/100\n|-ability|p2b: Calyrex|As One\n|-ability|p2b: Calyrex|Unnerve\n|move|p2a: Grimmsnarl|Light Screen|p2a: Grimmsnarl\n|-sidestart|p2: yamato-tak|move: Light Screen\n|move|p1b: Calyrex|Glacial Lance|p2b: Calyrex|[spread] p2a,p2b\n|-resisted|p2b: Calyrex\n|-damage|p2a: Grimmsnarl|1/100\n|-damage|p2b: Calyrex|88/100\n|move|p1a: Landorus|Sandsear Storm|p2a: Grimmsnarl|[spread] \n|-miss|p1a: Landorus|p2a: Grimmsnarl\n|-miss|p1a: Landorus|p2b: Calyrex\n|\n|upkeep\n|turn|4\n|\n|t:|1770100172\n|switch|p1a: alex|Kyogre, L50|100/100\n|-weather|RainDance|[from] ability: Drizzle|[of] p1a: alex\n|move|p2a: Grimmsnarl|Parting Shot|p1a: alex\n|-unboost|p1a: alex|atk|1\n|-unboost|p1a: alex|spa|1\n|\n|t:|1770100176\n|switch|p2a: Araquanid|Araquanid, L50, F, shiny|100/100|[from] Parting Shot\n|move|p1b: Calyrex|Glacial Lance|p2a: Araquanid|[spread] p2a,p2b\n|-resisted|p2a: Araquanid\n|-resisted|p2b: Calyrex\n|-damage|p2a: Araquanid|78/100\n|-damage|p2b: Calyrex|75/100\n|move|p2b: Calyrex|Glacial Lance|p1b: Calyrex|[spread] p1a,p1b\n|-resisted|p1a: alex\n|-supereffective|p1b: Calyrex\n|-damage|p1a: alex|76/100\n|-damage|p1b: Calyrex|0 fnt\n|faint|p1b: Calyrex\n|-ability|p2b: Calyrex|Chilling Neigh|boost\n|-boost|p2b: Calyrex|atk|1\n|\n|-weather|RainDance|[upkeep]\n|upkeep\n|\n|t:|1770100189\n|switch|p1b: Smeargle|Smeargle, L50, F|100/100\n|turn|5\n|\n|t:|1770100209\n|switch|p1a: Landorus|Landorus, L50, M|100/100\n|move|p2b: Calyrex|Protect|p2b: Calyrex\n|-singleturn|p2b: Calyrex|Protect\n|move|p1b: Smeargle|Wide Guard|p1b: Smeargle\n|-singleturn|p1b: Smeargle|Wide Guard\n|move|p2a: Araquanid|Leech Life|p1b: Smeargle\n|-crit|p1b: Smeargle\n|-damage|p1b: Smeargle|0 fnt\n|-heal|p2a: Araquanid|100/100|[from] drain|[of] p1b: Smeargle\n|faint|p1b: Smeargle\n|\n|-weather|RainDance|[upkeep]\n|-fieldend|move: Electric Terrain\n|upkeep\n|c|\u2606cpinalli1|damn\n|\n|t:|1770100227\n|switch|p1b: alex|Kyogre, L50|76/100\n|turn|6\n|j| lunala fairy ghost\n|\n|t:|1770100240\n|move|p1a: Landorus|Protect|p1a: Landorus\n|-singleturn|p1a: Landorus|Protect\n|move|p1b: alex|Origin Pulse|p2a: Araquanid|[spread] p2b\n|-miss|p1b: alex|p2a: Araquanid\n|-damage|p2b: Calyrex|46/100\n|move|p2a: Araquanid|Leech Life|p1b: alex\n|-damage|p1b: alex|46/100\n|move|p2b: Calyrex|Glacial Lance|p1b: alex|[spread] p1b\n|-activate|p1a: Landorus|move: Protect\n|-resisted|p1b: alex\n|-damage|p1b: alex|8/100\n|\n|-weather|RainDance|[upkeep]\n|-fieldend|move: Trick Room\n|upkeep\n|turn|7\n|inactive|yamato-tak has 30 seconds left.\n|inactive|cpinalli1 has 30 seconds left.\n|inactive|yamato-tak has 20 seconds left.\n|\n|t:|1770100278\n|move|p1b: alex|Protect|p1b: alex\n|-singleturn|p1b: alex|Protect\n|move|p2a: Araquanid|Wide Guard|p2a: Araquanid\n|-singleturn|p2a: Araquanid|Wide Guard\n|move|p1a: Landorus|Earth Power|p2b: Calyrex\n|-damage|p2b: Calyrex|17/100\n|move|p2b: Calyrex|Glacial Lance|p1b: alex|[spread] p1a\n|-activate|p1b: alex|move: Protect\n|-supereffective|p1a: Landorus\n|-damage|p1a: Landorus|0 fnt\n|faint|p1a: Landorus\n|-ability|p2b: Calyrex|Chilling Neigh|boost\n|-boost|p2b: Calyrex|atk|1\n|\n|-weather|RainDance|[upkeep]\n|upkeep\n|turn|8\n|\n|t:|1770100298\n|move|p2b: Calyrex|Glacial Lance|p1b: alex\n|-resisted|p1b: alex\n|-damage|p1b: alex|0 fnt\n|faint|p1b: alex\n|\n|win|yamato-tak\n|raw|cpinalli1's rating: 1389 &rarr; <strong>1376</strong><br />(-13 for losing)\n|raw|yamato-tak's rating: 1524 &rarr; <strong>1537</strong><br />(+13 for winning)\n|c|\u2606cpinalli1|gg\n|l| lunala fairy ghost\n|l|\u2606cpinalli1\n|player|p1|\n|l|\u2606yamato-tak\n|player|p2|\n","uploadtime":1770100560,"views":15,"formatid":"gen9vgc2026regi","rating":1376,"private":0,"password":null}