{"id":"gen9vgc2026regi-2591148655","format":"[Gen 9] VGC 2026 Reg I","players":["jorge anglero","grandmakicker99"],"log":"|j|\u2606jorge anglero\n|j|\u2606grandmakicker99\n|t:|1776877537\n|gametype|doubles\n|player|p1|jorge anglero|2|1348\n|player|p2|grandmakicker99|1|1384\n|gen|9\n|tier|[Gen 9] VGC 2026 Reg I\n|rated|\n|rule|Species Clause: Limit one of each Pok\u00e9mon\n|rule|Item Clause: Limit 1 of each item\n|clearpoke\n|poke|p1|Ursaluna, L50, F|\n|poke|p1|Koraidon, L50|\n|poke|p1|Lunala, L50|\n|poke|p1|Typhlosion-Hisui, L50, F|\n|poke|p1|Smeargle, L50, F|\n|poke|p1|Ogerpon-Hearthflame, L50, F|\n|poke|p2|Calyrex-Ice, L50|\n|poke|p2|Scraggy, L50, M|\n|poke|p2|Miraidon, L50|\n|poke|p2|Farigiraf, L50, F|\n|poke|p2|Iron Treads, L50|\n|poke|p2|Iron Hands, L50|\n|teampreview|4\n|inactive|Battle timer is ON: inactive players will automatically lose when time's up. (requested by grandmakicker99)\n|\n|t:|1776877550\n|teamsize|p1|4\n|teamsize|p2|4\n|start\n|switch|p1a: Koraidon|Koraidon, L50|100/100\n|switch|p1b: Typhlosion|Typhlosion-Hisui, L50, F|100/100\n|switch|p2a: Miraidon|Miraidon, L50|100/100\n|switch|p2b: Farigiraf|Farigiraf, L50, F|100/100\n|-weather|SunnyDay|[from] ability: Orichalcum Pulse|[of] p1a: Koraidon\n|-activate|p1a: Koraidon|Orichalcum Pulse|[source]\n|-fieldstart|move: Electric Terrain|[from] ability: Hadron Engine|[of] p2a: Miraidon\n|-enditem|p2b: Farigiraf|Electric Seed\n|-boost|p2b: Farigiraf|def|1|[from] item: Electric Seed\n|turn|1\n|inactive|jorge anglero has 30 seconds left.\n|inactive|grandmakicker99 has 30 seconds left.\n|inactive|jorge anglero has 20 seconds left.\n|inactive|grandmakicker99 has 20 seconds left.\n|inactive|jorge anglero has 15 seconds left.\n|inactive|grandmakicker99 has 15 seconds left.\n|\n|t:|1776877594\n|switch|p1a: Ursaluna|Ursaluna, L50, F, shiny|100/100\n|-terastallize|p1b: Typhlosion|Fire\n|-terastallize|p2b: Farigiraf|Water\n|move|p1b: Typhlosion|Eruption|p2b: Farigiraf|[spread] p2a,p2b\n|-resisted|p2a: Miraidon\n|-resisted|p2b: Farigiraf\n|-damage|p2a: Miraidon|60/100\n|-damage|p2b: Farigiraf|46/100\n|move|p2a: Miraidon|Dazzling Gleam|p1a: Ursaluna|[spread] p1a,p1b\n|-resisted|p1b: Typhlosion\n|-damage|p1a: Ursaluna|62/100\n|-damage|p1b: Typhlosion|70/100\n|move|p2b: Farigiraf|Trick Room|p2b: Farigiraf\n|-fieldstart|move: Trick Room|[of] p2b: Farigiraf\n|\n|-weather|SunnyDay|[upkeep]\n|-status|p1a: Ursaluna|brn|[from] item: Flame Orb\n|upkeep\n|turn|2\n|inactive|grandmakicker99 has 30 seconds left.\n|\n|t:|1776877627\n|switch|p2a: Iron Hands|Iron Hands, L50|100/100\n|-activate|p2a: Iron Hands|ability: Quark Drive\n|-start|p2a: Iron Hands|quarkdriveatk\n|move|p1a: Ursaluna|Facade|p2a: Iron Hands\n|-damage|p2a: Iron Hands|18/100\n|move|p2b: Farigiraf|Psychic|p1b: Typhlosion\n|-damage|p1b: Typhlosion|19/100\n|move|p1b: Typhlosion|Eruption|p2a: Iron Hands|[spread] p2a,p2b\n|-resisted|p2b: Farigiraf\n|-damage|p2a: Iron Hands|1/100\n|-damage|p2b: Farigiraf|32/100\n|\n|-weather|SunnyDay|[upkeep]\n|-damage|p1a: Ursaluna|57/100 brn|[from] brn\n|upkeep\n|turn|3\n|inactive|jorge anglero has 30 seconds left.\n|inactive|jorge anglero has 20 seconds left.\n|\n|t:|1776877664\n|move|p2a: Iron Hands|Fake Out|p1a: Ursaluna\n|-damage|p1a: Ursaluna|42/100 brn\n|cant|p1a: Ursaluna|flinch\n|move|p2b: Farigiraf|Psychic|p1b: Typhlosion\n|-damage|p1b: Typhlosion|0 fnt\n|faint|p1b: Typhlosion\n|\n|-weather|SunnyDay|[upkeep]\n|-damage|p1a: Ursaluna|36/100 brn|[from] brn\n|upkeep\n|\n|t:|1776877671\n|switch|p1b: Koraidon|Koraidon, L50|100/100\n|-activate|p1b: Koraidon|ability: Orichalcum Pulse\n|turn|4\n|\n|t:|1776877679\n|move|p1b: Koraidon|Protect|p1b: Koraidon\n|-singleturn|p1b: Koraidon|Protect\n|move|p2a: Iron Hands|Drain Punch|p1a: Ursaluna\n|-supereffective|p1a: Ursaluna\n|-damage|p1a: Ursaluna|0 fnt\n|-heal|p2a: Iron Hands|18/100|[from] drain|[of] p1a: Ursaluna\n|faint|p1a: Ursaluna\n|move|p2b: Farigiraf|Psychic|p1b: Koraidon\n|-activate|p1b: Koraidon|move: Protect\n|\n|-weather|SunnyDay|[upkeep]\n|upkeep\n|\n|t:|1776877686\n|switch|p1a: Ogerpon|Ogerpon-Hearthflame, L50, F|100/100\n|-ability|p1a: Ogerpon|Mold Breaker\n|turn|5\n|\n|t:|1776877709\n|move|p2b: Farigiraf|Helping Hand|p2a: Iron Hands\n|-singleturn|p2a: Iron Hands|Helping Hand|[of] p2b: Farigiraf\n|move|p2a: Iron Hands|Drain Punch|p1b: Koraidon\n|-damage|p1b: Koraidon|21/100\n|-heal|p2a: Iron Hands|47/100|[from] drain|[of] p1b: Koraidon\n|move|p1a: Ogerpon|Horn Leech|p2b: Farigiraf\n|-supereffective|p2b: Farigiraf\n|-damage|p2b: Farigiraf|0 fnt\n|faint|p2b: Farigiraf\n|move|p1b: Koraidon|Flame Charge|p2a: Iron Hands\n|-damage|p2a: Iron Hands|12/100\n|-boost|p1b: Koraidon|spe|1\n|-damage|p1b: Koraidon|11/100|[from] item: Life Orb\n|\n|-weather|none\n|-fieldend|move: Trick Room\n|-fieldend|move: Electric Terrain\n|-end|p2a: Iron Hands|Quark Drive\n|upkeep\n|\n|t:|1776877728\n|switch|p2b: Miraidon|Miraidon, L50|60/100\n|-fieldstart|move: Electric Terrain|[from] ability: Hadron Engine|[of] p2b: Miraidon\n|-activate|p2a: Iron Hands|ability: Quark Drive\n|-start|p2a: Iron Hands|quarkdriveatk\n|turn|6\n|inactive|jorge anglero has 30 seconds left.\n|inactive|grandmakicker99 has 30 seconds left.\n|inactive|grandmakicker99 has 20 seconds left.\n|inactive|grandmakicker99 has 15 seconds left.\n|\n|t:|1776877772\n|move|p1b: Koraidon|Close Combat|p2b: Miraidon\n|-damage|p2b: Miraidon|0 fnt\n|-unboost|p1b: Koraidon|def|1\n|-unboost|p1b: Koraidon|spd|1\n|faint|p2b: Miraidon\n|-damage|p1b: Koraidon|2/100|[from] item: Life Orb\n|move|p1a: Ogerpon|Ivy Cudgel|p2a: Iron Hands|[anim] Ivy Cudgel Fire\n|-damage|p2a: Iron Hands|0 fnt\n|faint|p2a: Iron Hands\n|-end|p2a: Iron Hands|Quark Drive|[silent]\n|\n|upkeep\n|\n|t:|1776877781\n|switch|p2b: Calyrex|Calyrex-Ice, L50|100/100\n|-ability|p2b: Calyrex|As One\n|-ability|p2b: Calyrex|Unnerve\n|turn|7\n|c|\u2606grandmakicker99|ggs\n|\n|t:|1776877791\n|move|p2b: Calyrex|Protect|p2b: Calyrex\n|-singleturn|p2b: Calyrex|Protect\n|move|p1b: Koraidon|Close Combat|p2b: Calyrex\n|-activate|p2b: Calyrex|move: Protect\n|move|p1a: Ogerpon|Ivy Cudgel|p2b: Calyrex|[anim] Ivy Cudgel Fire\n|-activate|p2b: Calyrex|move: Protect\n|\n|upkeep\n|turn|8\n|\n|t:|1776877798\n|move|p1b: Koraidon|Close Combat|p2b: Calyrex\n|-damage|p2b: Calyrex|50/100\n|-unboost|p1b: Koraidon|def|1\n|-unboost|p1b: Koraidon|spd|1\n|-damage|p1b: Koraidon|0 fnt|[from] item: Life Orb\n|faint|p1b: Koraidon\n|move|p1a: Ogerpon|Ivy Cudgel|p2b: Calyrex|[anim] Ivy Cudgel Fire\n|-supereffective|p2b: Calyrex\n|-damage|p2b: Calyrex|0 fnt\n|faint|p2b: Calyrex\n|\n|win|jorge anglero\n|raw|jorge anglero's rating: 1348 &rarr; <strong>1370</strong><br />(+22 for winning)\n|raw|grandmakicker99's rating: 1384 &rarr; <strong>1362</strong><br />(-22 for losing)\n|l|\u2606grandmakicker99\n|player|p2|\n|l|\u2606jorge anglero\n|player|p1|\n","uploadtime":1776877973,"views":10,"formatid":"gen9vgc2026regi","rating":1362,"private":0,"password":null}