{"id":"gen9vgc2026regi-2577996946","format":"[Gen 9] VGC 2026 Reg I","players":["eru_kh","Zorse Mentality"],"log":"|j|\u2606eru_kh\n|j|\u2606Zorse Mentality\n|t:|1775632896\n|gametype|doubles\n|player|p1|eru_kh|266|1414\n|player|p2|Zorse Mentality|169|1543\n|gen|9\n|tier|[Gen 9] VGC 2026 Reg I\n|rated|\n|rule|Species Clause: Limit one of each Pok\u00e9mon\n|rule|Item Clause: Limit 1 of each item\n|clearpoke\n|poke|p1|Terapagos, L50, M|\n|poke|p1|Calyrex-Shadow, L50|\n|poke|p1|Incineroar, L50, M|\n|poke|p1|Rillaboom, L50, F|\n|poke|p1|Ogerpon-Hearthflame, L50, F|\n|poke|p1|Raging Bolt, L50|\n|poke|p2|Calyrex-Ice, L50|\n|poke|p2|Kyogre, L50|\n|poke|p2|Incineroar, L50, M|\n|poke|p2|Smeargle, L50, M|\n|poke|p2|Urshifu-*, L50, M|\n|poke|p2|Rillaboom, L50, F|\n|teampreview|4\n|\n|t:|1775632938\n|teamsize|p1|4\n|teamsize|p2|4\n|start\n|switch|p1a: Incineroar|Incineroar, L50, M, shiny|100/100\n|switch|p1b: Terapagos|Terapagos, L50, M|100/100\n|switch|p2a: Calyrex|Calyrex-Ice, L50|100/100\n|switch|p2b: Incineroar|Incineroar, L50, M|100/100\n|-activate|p1b: Terapagos|ability: Tera Shift\n|detailschange|p1b: Terapagos|Terapagos-Terastal, L50, M\n|-heal|p1b: Terapagos|100/100|[silent]\n|-ability|p2a: Calyrex|As One\n|-ability|p2a: Calyrex|Unnerve\n|-ability|p1a: Incineroar|Intimidate|boost\n|-unboost|p2a: Calyrex|atk|1\n|-unboost|p2b: Incineroar|atk|1\n|-ability|p2b: Incineroar|Intimidate|boost\n|-unboost|p1a: Incineroar|atk|1\n|-unboost|p1b: Terapagos|atk|1\n|turn|1\n|\n|t:|1775632966\n|move|p2b: Incineroar|Fake Out|p1b: Terapagos\n|-activate|p1b: Terapagos|ability: Tera Shell\n|-resisted|p1b: Terapagos\n|-damage|p1b: Terapagos|97/100\n|cant|p1b: Terapagos|flinch\n|move|p1a: Incineroar|Will-O-Wisp|p2a: Calyrex\n|-status|p2a: Calyrex|brn\n|move|p2a: Calyrex|Leech Seed|p1b: Terapagos\n|-start|p1b: Terapagos|move: Leech Seed\n|\n|-damage|p1b: Terapagos|85/100|[from] Leech Seed|[of] p2a: Calyrex\n|-damage|p2a: Calyrex|94/100 brn|[from] brn\n|upkeep\n|turn|2\n|\n|t:|1775632991\n|move|p1b: Terapagos|Meteor Beam||[still]\n|-prepare|p1b: Terapagos|Meteor Beam\n|-boost|p1b: Terapagos|spa|1\n|-enditem|p1b: Terapagos|Power Herb\n|-anim|p1b: Terapagos|Meteor Beam|p2b: Incineroar\n|-supereffective|p2b: Incineroar\n|-damage|p2b: Incineroar|14/100\n|move|p1a: Incineroar|Knock Off|p2b: Incineroar\n|-resisted|p2b: Incineroar\n|-damage|p2b: Incineroar|4/100\n|-enditem|p2b: Incineroar|Safety Goggles|[from] move: Knock Off|[of] p1a: Incineroar\n|move|p2b: Incineroar|Parting Shot|p1b: Terapagos\n|-unboost|p1b: Terapagos|atk|1\n|-unboost|p1b: Terapagos|spa|1\n|\n|t:|1775633005\n|switch|p2b: Kyogre|Kyogre, L50|100/100|[from] Parting Shot\n|-weather|RainDance|[from] ability: Drizzle|[of] p2b: Kyogre\n|move|p2a: Calyrex|Trick Room|p2a: Calyrex\n|-fieldstart|move: Trick Room|[of] p2a: Calyrex\n|\n|-weather|RainDance|[upkeep]\n|-heal|p2a: Calyrex|100/100 brn|[from] item: Leftovers\n|-damage|p1b: Terapagos|72/100|[from] Leech Seed|[of] p2a: Calyrex\n|-damage|p2a: Calyrex|94/100 brn|[from] brn\n|upkeep\n|turn|3\n|\n|t:|1775633027\n|switch|p2b: Incineroar|Incineroar, L50, M|4/100\n|-ability|p2b: Incineroar|Intimidate|boost\n|-unboost|p1a: Incineroar|atk|1\n|-unboost|p1b: Terapagos|atk|1\n|-terastallize|p1b: Terapagos|Stellar\n|detailschange|p1b: Terapagos|Terapagos-Stellar, L50, M, tera:Stellar\n|-heal|p1b: Terapagos|80/100|[silent]\n|-ability|p1b: Terapagos|Teraform Zero\n|-weather|none\n|move|p2a: Calyrex|Leech Seed|p1a: Incineroar\n|-start|p1a: Incineroar|move: Leech Seed\n|move|p1a: Incineroar|Parting Shot|p2b: Incineroar\n|-unboost|p2b: Incineroar|atk|1\n|-unboost|p2b: Incineroar|spa|1\n|\n|t:|1775633043\n|switch|p1a: Rillaboom|Rillaboom, L50, F, shiny|100/100|[from] Parting Shot\n|-fieldstart|move: Grassy Terrain|[from] ability: Grassy Surge|[of] p1a: Rillaboom\n|move|p1b: Terapagos|Tera Starstorm|p2b: Incineroar|[spread] p2a,p2b\n|-damage|p2a: Calyrex|73/100 brn\n|-damage|p2b: Incineroar|0 fnt\n|faint|p2b: Incineroar\n|\n|-heal|p2a: Calyrex|79/100 brn|[from] Grassy Terrain\n|-heal|p2a: Calyrex|85/100 brn|[from] item: Leftovers\n|-heal|p1b: Terapagos|86/100|[from] Grassy Terrain\n|-damage|p1b: Terapagos|74/100|[from] Leech Seed|[of] p2a: Calyrex\n|-heal|p2a: Calyrex|99/100 brn|[silent]\n|-damage|p2a: Calyrex|93/100 brn|[from] brn\n|upkeep\n|\n|t:|1775633062\n|switch|p2b: Smeargle|Smeargle, L50, M|100/100\n|turn|4\n|\n|t:|1775633072\n|move|p2b: Smeargle|Spiky Shield|p2b: Smeargle\n|-singleturn|p2b: Smeargle|move: Protect\n|move|p1a: Rillaboom|Fake Out|p2b: Smeargle\n|-activate|p2b: Smeargle|move: Protect\n|-damage|p1a: Rillaboom|88/100|[from] Spiky Shield|[of] p2b: Smeargle\n|move|p2a: Calyrex|Glacial Lance|p1b: Terapagos|[spread] p1a,p1b\n|-supereffective|p1a: Rillaboom\n|-damage|p1a: Rillaboom|55/100\n|-damage|p1b: Terapagos|62/100\n|move|p1b: Terapagos|Tera Starstorm|p2a: Calyrex|[spread] p2a\n|-activate|p2b: Smeargle|move: Protect\n|-damage|p2a: Calyrex|70/100 brn\n|\n|-heal|p2a: Calyrex|76/100 brn|[from] Grassy Terrain\n|-heal|p2a: Calyrex|82/100 brn|[from] item: Leftovers\n|-heal|p1a: Rillaboom|61/100|[from] Grassy Terrain\n|-heal|p1b: Terapagos|68/100|[from] Grassy Terrain\n|-damage|p1b: Terapagos|56/100|[from] Leech Seed|[of] p2a: Calyrex\n|-heal|p2a: Calyrex|97/100 brn|[silent]\n|-damage|p2a: Calyrex|91/100 brn|[from] brn\n|-ability|p2b: Smeargle|Moody|boost\n|-boost|p2b: Smeargle|def|2\n|-unboost|p2b: Smeargle|spe|1\n|upkeep\n|turn|5\n|\n|t:|1775633111\n|move|p2b: Smeargle|Spore|p1b: Terapagos\n|-status|p1b: Terapagos|slp|[from] move: Spore\n|move|p2a: Calyrex|Glacial Lance|p1a: Rillaboom|[spread] p1a,p1b\n|-supereffective|p1a: Rillaboom\n|-damage|p1a: Rillaboom|27/100\n|-damage|p1b: Terapagos|44/100 slp\n|move|p1a: Rillaboom|U-turn|p2b: Smeargle\n|-damage|p2b: Smeargle|84/100\n|\n|t:|1775633124\n|switch|p1a: Calyrex|Calyrex-Shadow, L50|100/100|[from] U-turn\n|-ability|p1a: Calyrex|As One\n|-ability|p1a: Calyrex|Unnerve\n|cant|p1b: Terapagos|slp\n|\n|-heal|p2b: Smeargle|90/100|[from] Grassy Terrain\n|-heal|p2a: Calyrex|97/100 brn|[from] Grassy Terrain\n|-heal|p2a: Calyrex|100/100 brn|[from] item: Leftovers\n|-heal|p1b: Terapagos|50/100 slp|[from] Grassy Terrain\n|-damage|p1b: Terapagos|37/100 slp|[from] Leech Seed|[of] p2a: Calyrex\n|-damage|p2a: Calyrex|94/100 brn|[from] brn\n|-ability|p2b: Smeargle|Moody|boost\n|-boost|p2b: Smeargle|spe|2\n|-unboost|p2b: Smeargle|spa|1\n|upkeep\n|turn|6\n|\n|t:|1775633156\n|switch|p1b: Incineroar|Incineroar, L50, M, shiny|100/100\n|-ability|p1b: Incineroar|Intimidate|boost\n|-unboost|p2a: Calyrex|atk|1\n|-unboost|p2b: Smeargle|atk|1\n|-terastallize|p2a: Calyrex|Dragon\n|move|p1a: Calyrex|Protect|p1a: Calyrex\n|-singleturn|p1a: Calyrex|Protect\n|move|p2a: Calyrex|Glacial Lance|p1a: Calyrex|[spread] p1b\n|-activate|p1a: Calyrex|move: Protect\n|-resisted|p1b: Incineroar\n|-damage|p1b: Incineroar|96/100\n|move|p2b: Smeargle|Ruination|p1b: Incineroar\n|-damage|p1b: Incineroar|48/100\n|\n|-heal|p2a: Calyrex|100/100 brn|[from] Grassy Terrain\n|-heal|p1b: Incineroar|54/100|[from] Grassy Terrain\n|-heal|p2b: Smeargle|96/100|[from] Grassy Terrain\n|-damage|p2a: Calyrex|94/100 brn|[from] brn\n|-fieldend|move: Trick Room\n|-ability|p2b: Smeargle|Moody|boost\n|-boost|p2b: Smeargle|def|2\n|-unboost|p2b: Smeargle|spe|1\n|upkeep\n|turn|7\n|\n|t:|1775633188\n|move|p2b: Smeargle|Spiky Shield|p2b: Smeargle\n|-singleturn|p2b: Smeargle|move: Protect\n|move|p2a: Calyrex|Protect|p2a: Calyrex\n|-singleturn|p2a: Calyrex|Protect\n|move|p1b: Incineroar|Fake Out|p2a: Calyrex\n|-activate|p2a: Calyrex|move: Protect\n|move|p1a: Calyrex|Psychic|p2b: Smeargle\n|-activate|p2b: Smeargle|move: Protect\n|\n|-heal|p1b: Incineroar|60/100|[from] Grassy Terrain\n|-heal|p2b: Smeargle|100/100|[from] Grassy Terrain\n|-heal|p2a: Calyrex|100/100 brn|[from] Grassy Terrain\n|-damage|p2a: Calyrex|94/100 brn|[from] brn\n|-fieldend|move: Grassy Terrain\n|-ability|p2b: Smeargle|Moody|boost\n|-boost|p2b: Smeargle|spd|2\n|-unboost|p2b: Smeargle|atk|1\n|upkeep\n|turn|8\n|\n|t:|1775633213\n|switch|p2a: Kyogre|Kyogre, L50|100/100\n|-weather|RainDance|[from] ability: Drizzle|[of] p2a: Kyogre\n|move|p1a: Calyrex|Encore|p2b: Smeargle\n|-start|p2b: Smeargle|Encore\n|move|p1b: Incineroar|Knock Off|p2b: Smeargle\n|-damage|p2b: Smeargle|84/100\n|-enditem|p2b: Smeargle|Focus Sash|[from] move: Knock Off|[of] p1b: Incineroar\n|move|p2b: Smeargle|Spiky Shield||[still]\n|-fail|p2b: Smeargle\n|\n|-weather|RainDance|[upkeep]\n|-ability|p2b: Smeargle|Moody|boost\n|-boost|p2b: Smeargle|spd|2\n|-unboost|p2b: Smeargle|spe|1\n|upkeep\n|turn|9\n|\n|t:|1775633233\n|switch|p2b: Calyrex|Calyrex-Ice, L50, tera:Dragon|94/100 brn\n|-ability|p2b: Calyrex|As One\n|-ability|p2b: Calyrex|Unnerve\n|move|p2a: Kyogre|Water Spout|p1b: Incineroar|[spread] p1a,p1b\n|-supereffective|p1b: Incineroar\n|-damage|p1a: Calyrex|7/100\n|-damage|p1b: Incineroar|0 fnt\n|faint|p1b: Incineroar\n|move|p1a: Calyrex|Astral Barrage|p2b: Calyrex|[spread] p2a,p2b\n|-damage|p2a: Kyogre|60/100\n|-damage|p2b: Calyrex|64/100 brn\n|\n|-weather|RainDance|[upkeep]\n|-heal|p2b: Calyrex|70/100 brn|[from] item: Leftovers\n|-damage|p2b: Calyrex|64/100 brn|[from] brn\n|upkeep\n|\n|t:|1775633243\n|switch|p1b: Rillaboom|Rillaboom, L50, F, shiny|27/100\n|-fieldstart|move: Grassy Terrain|[from] ability: Grassy Surge|[of] p1b: Rillaboom\n|turn|10\n|\n|t:|1775633265\n|move|p1b: Rillaboom|Grassy Glide|p2a: Kyogre\n|-supereffective|p2a: Kyogre\n|-damage|p2a: Kyogre|0 fnt\n|faint|p2a: Kyogre\n|move|p1a: Calyrex|Psychic|p2b: Calyrex\n|-damage|p2b: Calyrex|30/100 brn\n|move|p2b: Calyrex|Glacial Lance|p1b: Rillaboom|[spread] p1a,p1b\n|-supereffective|p1b: Rillaboom\n|-damage|p1a: Calyrex|0 fnt\n|-damage|p1b: Rillaboom|0 fnt\n|faint|p1a: Calyrex\n|faint|p1b: Rillaboom\n|-ability|p2b: Calyrex|Chilling Neigh|boost\n|-boost|p2b: Calyrex|atk|2\n|\n|-weather|RainDance|[upkeep]\n|-heal|p2b: Calyrex|36/100 brn|[from] Grassy Terrain\n|-heal|p2b: Calyrex|42/100 brn|[from] item: Leftovers\n|-damage|p2b: Calyrex|36/100 brn|[from] brn\n|upkeep\n|-message|eru_kh forfeited.\n|\n|win|Zorse Mentality\n|raw|eru_kh's rating: 1414 &rarr; <strong>1401</strong><br />(-13 for losing)\n|raw|Zorse Mentality's rating: 1543 &rarr; <strong>1556</strong><br />(+13 for winning)\n|l|\u2606eru_kh\n|player|p1|\n|l|\u2606Zorse Mentality\n|player|p2|\n|j|\u2606Zorse Mentality\n|player|p2|Zorse Mentality|169|\n|l|\u2606Zorse Mentality\n|player|p2|\n","uploadtime":1775633421,"views":5,"formatid":"gen9vgc2026regi","rating":1401,"private":0,"password":null}