{"id":"gen9vgc2026regi-2578751352","format":"[Gen 9] VGC 2026 Reg I","players":["navinsachump","Ers_Noodiji"],"log":"|j|\u2606navinsachump\n|j|\u2606Ers_Noodiji\n|t:|1775712503\n|gametype|doubles\n|player|p1|navinsachump|smasher|1440\n|player|p2|Ers_Noodiji|169|1489\n|gen|9\n|tier|[Gen 9] VGC 2026 Reg I\n|rated|\n|rule|Species Clause: Limit one of each Pok\u00e9mon\n|rule|Item Clause: Limit 1 of each item\n|clearpoke\n|poke|p1|Calyrex-Shadow, L50|\n|poke|p1|Koraidon, L50|\n|poke|p1|Raging Bolt, L50|\n|poke|p1|Brute Bonnet, L50|\n|poke|p1|Landorus, L50, M|\n|poke|p1|Incineroar, L50, M|\n|poke|p2|Yanmega, L50, F|\n|poke|p2|Lunala, L50|\n|poke|p2|Groudon, L50|\n|poke|p2|Chi-Yu, L50|\n|poke|p2|Sableye, L50, F|\n|poke|p2|Urshifu-*, L50, F|\n|teampreview|4\n|inactive|Battle timer is ON: inactive players will automatically lose when time's up. (requested by Ers_Noodiji)\n|inactive|navinsachump has 60 seconds left.\n|inactive|navinsachump has 30 seconds left.\n|inactive|navinsachump has 20 seconds left.\n|inactive|navinsachump has 15 seconds left.\n|\n|t:|1775712588\n|teamsize|p1|4\n|teamsize|p2|4\n|start\n|switch|p1a: Calyrex|Calyrex-Shadow, L50|100/100\n|switch|p1b: Koraidon|Koraidon, L50|100/100\n|switch|p2a: Yanmega|Yanmega, L50, F|100/100\n|switch|p2b: Sableye|Sableye, L50, F|100/100\n|-ability|p1a: Calyrex|As One\n|-ability|p1a: Calyrex|Unnerve\n|-weather|SunnyDay|[from] ability: Orichalcum Pulse|[of] p1b: Koraidon\n|-activate|p1b: Koraidon|Orichalcum Pulse|[source]\n|turn|1\n|inactive|Ers_Noodiji has 30 seconds left.\n|\n|t:|1775712618\n|move|p2a: Yanmega|Protect|p2a: Yanmega\n|-singleturn|p2a: Yanmega|Protect\n|move|p2b: Sableye|Gravity|p2b: Sableye\n|-fieldstart|move: Gravity\n|move|p1a: Calyrex|Astral Barrage|p2a: Yanmega|[spread] p2b\n|-activate|p2a: Yanmega|move: Protect\n|-damage|p2b: Sableye|20/100\n|-enditem|p2b: Sableye|Eject Button\n|\n|t:|1775712628\n|switch|p2b: Groudon|Groudon, L50|100/100\n|move|p1b: Koraidon|Flame Charge|p2a: Yanmega\n|-activate|p2a: Yanmega|move: Protect\n|\n|-weather|SunnyDay|[upkeep]\n|-ability|p2a: Yanmega|Speed Boost|boost\n|-boost|p2a: Yanmega|spe|1\n|upkeep\n|turn|2\n|\n|t:|1775712646\n|-terastallize|p2b: Groudon|Water\n|move|p2a: Yanmega|Hypnosis|p1a: Calyrex\n|-status|p1a: Calyrex|slp|[from] move: Hypnosis\n|cant|p1a: Calyrex|slp\n|move|p1b: Koraidon|Flame Charge|p2a: Yanmega\n|-supereffective|p2a: Yanmega\n|-damage|p2a: Yanmega|10/100\n|-boost|p1b: Koraidon|spe|1\n|move|p2b: Groudon|Precipice Blades|p1b: Koraidon|[spread] p1a,p1b\n|-enditem|p1a: Calyrex|Focus Sash\n|-damage|p1a: Calyrex|1/100 slp\n|-damage|p1b: Koraidon|30/100\n|\n|-weather|SunnyDay|[upkeep]\n|-ability|p2a: Yanmega|Speed Boost|boost\n|-boost|p2a: Yanmega|spe|1\n|upkeep\n|turn|3\n|inactive|navinsachump has 30 seconds left.\n|\n|t:|1775712678\n|switch|p1a: Brute Bonnet|Brute Bonnet, L50|100/100\n|-activate|p1a: Brute Bonnet|ability: Protosynthesis\n|-start|p1a: Brute Bonnet|protosynthesisdef\n|move|p1b: Koraidon|Protect|p1b: Koraidon\n|-singleturn|p1b: Koraidon|Protect\n|move|p2a: Yanmega|Air Slash|p1b: Koraidon\n|-activate|p1b: Koraidon|move: Protect\n|move|p2b: Groudon|Precipice Blades|p1a: Brute Bonnet|[spread] p1a\n|-activate|p1b: Koraidon|move: Protect\n|-resisted|p1a: Brute Bonnet\n|-damage|p1a: Brute Bonnet|78/100\n|\n|-weather|SunnyDay|[upkeep]\n|-ability|p2a: Yanmega|Speed Boost|boost\n|-boost|p2a: Yanmega|spe|1\n|upkeep\n|turn|4\n|\n|t:|1775712695\n|move|p2a: Yanmega|Hypnosis|p1a: Brute Bonnet\n|-status|p1a: Brute Bonnet|slp|[from] move: Hypnosis\n|move|p1b: Koraidon|Flame Charge|p2a: Yanmega\n|-supereffective|p2a: Yanmega\n|-damage|p2a: Yanmega|0 fnt\n|-boost|p1b: Koraidon|spe|1\n|faint|p2a: Yanmega\n|move|p2b: Groudon|Precipice Blades|p1b: Koraidon|[spread] p1a,p1b\n|-resisted|p1a: Brute Bonnet\n|-damage|p1a: Brute Bonnet|57/100 slp\n|-damage|p1b: Koraidon|0 fnt\n|faint|p1b: Koraidon\n|cant|p1a: Brute Bonnet|slp\n|\n|-weather|SunnyDay|[upkeep]\n|upkeep\n|\n|t:|1775712708\n|switch|p1b: Incineroar|Incineroar, L50, M|100/100\n|switch|p2a: Chi-Yu|Chi-Yu, L50|100/100\n|-ability|p2a: Chi-Yu|Beads of Ruin\n|-ability|p1b: Incineroar|Intimidate|boost\n|-unboost|p2a: Chi-Yu|atk|1\n|-unboost|p2b: Groudon|atk|1\n|turn|5\n|inactive|navinsachump has 30 seconds left.\n|\n|t:|1775712740\n|-terastallize|p1b: Incineroar|Water\n|move|p2a: Chi-Yu|Heat Wave|p1b: Incineroar|[spread] p1a,p1b\n|-supereffective|p1a: Brute Bonnet\n|-resisted|p1b: Incineroar\n|-damage|p1a: Brute Bonnet|0 fnt\n|-damage|p1b: Incineroar|66/100\n|faint|p1a: Brute Bonnet\n|-end|p1a: Brute Bonnet|Protosynthesis|[silent]\n|move|p2b: Groudon|Precipice Blades|p1b: Incineroar\n|-damage|p1b: Incineroar|9/100\n|move|p1b: Incineroar|Parting Shot|p2a: Chi-Yu\n|-unboost|p2a: Chi-Yu|atk|1\n|-unboost|p2a: Chi-Yu|spa|1\n|-message|navinsachump forfeited.\n|\n|win|Ers_Noodiji\n|raw|navinsachump's rating: 1440 &rarr; <strong>1423</strong><br />(-17 for losing)\n|raw|Ers_Noodiji's rating: 1489 &rarr; <strong>1506</strong><br />(+17 for winning)\n|l|\u2606navinsachump\n|player|p1|\n|l|\u2606Ers_Noodiji\n|player|p2|\n","uploadtime":1775712983,"views":7,"formatid":"gen9vgc2026regi","rating":1423,"private":0,"password":null}