{"id":"gen9vgc2026regi-2542740640","format":"[Gen 9] VGC 2026 Reg I","players":["Bb4210","kojimuranishi"],"log":"|j|\u2606Bb4210\n|j|\u2606kojimuranishi\n|t:|1771489187\n|gametype|doubles\n|player|p1|Bb4210|102|1484\n|player|p2|kojimuranishi|2|1565\n|gen|9\n|tier|[Gen 9] VGC 2026 Reg I\n|rated|\n|rule|Species Clause: Limit one of each Pok\u00e9mon\n|rule|Item Clause: Limit 1 of each item\n|clearpoke\n|poke|p1|Flutter Mane, L50|\n|poke|p1|Amoonguss, L50, F|\n|poke|p1|Urshifu-*, L50, F|\n|poke|p1|Tornadus, L50, M|\n|poke|p1|Calyrex-Ice, L50|\n|poke|p1|Zamazenta-*, L50|\n|poke|p2|Flutter Mane, L50|\n|poke|p2|Koraidon, L50|\n|poke|p2|Chi-Yu, L50|\n|poke|p2|Lunala, L50|\n|poke|p2|Ursaluna, L50, M|\n|poke|p2|Brute Bonnet, L50|\n|teampreview|4\n|inactive|Battle timer is ON: inactive players will automatically lose when time's up. (requested by kojimuranishi)\n|inactive|kojimuranishi has 60 seconds left.\n|inactive|kojimuranishi has 30 seconds left.\n|\n|t:|1771489252\n|teamsize|p1|4\n|teamsize|p2|4\n|start\n|switch|p1a: Calyrex|Calyrex-Ice, L50|100/100\n|switch|p1b: Zamazenta|Zamazenta-Crowned, L50|100/100\n|switch|p2a: Lunala|Lunala, L50|100/100\n|switch|p2b: Brute Bonnet|Brute Bonnet, L50|100/100\n|-ability|p1a: Calyrex|As One\n|-ability|p1a: Calyrex|Unnerve\n|-ability|p1b: Zamazenta|Dauntless Shield|boost\n|-boost|p1b: Zamazenta|def|1\n|turn|1\n|\n|t:|1771489269\n|-terastallize|p2b: Brute Bonnet|Water\n|-terastallize|p1a: Calyrex|Ground\n|move|p1b: Zamazenta|Body Press|p2b: Brute Bonnet\n|-damage|p2b: Brute Bonnet|59/100\n|move|p2a: Lunala|Meteor Beam||[still]\n|-prepare|p2a: Lunala|Meteor Beam\n|-boost|p2a: Lunala|spa|1\n|-enditem|p2a: Lunala|Power Herb\n|-anim|p2a: Lunala|Meteor Beam|p1a: Calyrex\n|-resisted|p1a: Calyrex\n|-crit|p1a: Calyrex\n|-damage|p1a: Calyrex|77/100\n|move|p2b: Brute Bonnet|Spore|p1b: Zamazenta\n|-status|p1b: Zamazenta|slp|[from] move: Spore\n|move|p1a: Calyrex|Glacial Lance|p2a: Lunala|[spread] p2a,p2b\n|-resisted|p2b: Brute Bonnet\n|-damage|p2a: Lunala|77/100\n|-damage|p2b: Brute Bonnet|39/100\n|\n|upkeep\n|turn|2\n|inactive|Bb4210 has 30 seconds left.\n|inactive|kojimuranishi has 30 seconds left.\n|inactive|kojimuranishi has 20 seconds left.\n|inactive|kojimuranishi has 15 seconds left.\n|\n|t:|1771489313\n|cant|p1b: Zamazenta|slp\n|move|p2a: Lunala|Moongeist Beam|p1b: Zamazenta\n|-damage|p1b: Zamazenta|33/100 slp\n|move|p2b: Brute Bonnet|Spore|p1a: Calyrex\n|-status|p1a: Calyrex|slp|[from] move: Spore\n|cant|p1a: Calyrex|slp\n|\n|upkeep\n|turn|3\n|\n|t:|1771489331\n|cant|p1b: Zamazenta|slp\n|move|p2a: Lunala|Moongeist Beam|p1b: Zamazenta\n|-damage|p1b: Zamazenta|0 fnt\n|faint|p1b: Zamazenta\n|move|p2b: Brute Bonnet|Seed Bomb|p1a: Calyrex\n|-supereffective|p1a: Calyrex\n|-damage|p1a: Calyrex|33/100 slp\n|cant|p1a: Calyrex|slp\n|\n|upkeep\n|\n|t:|1771489334\n|switch|p1b: Tornadus|Tornadus, L50, M|100/100\n|turn|4\n|\n|t:|1771489358\n|move|p1b: Tornadus|Tailwind|p1b: Tornadus\n|-sidestart|p1: Bb4210|move: Tailwind\n|cant|p1a: Calyrex|slp\n|move|p2a: Lunala|Moongeist Beam|p1a: Calyrex\n|-damage|p1a: Calyrex|0 fnt\n|-enditem|p2b: Brute Bonnet|Sitrus Berry|[eat]\n|-heal|p2b: Brute Bonnet|64/100|[from] item: Sitrus Berry\n|faint|p1a: Calyrex\n|move|p2b: Brute Bonnet|Spore|p1b: Tornadus\n|-status|p1b: Tornadus|slp|[from] move: Spore\n|\n|upkeep\n|\n|t:|1771489367\n|switch|p1a: Flutter Mane|Flutter Mane, L50|100/100\n|turn|5\n|\n|t:|1771489379\n|move|p2b: Brute Bonnet|Rage Powder|p2b: Brute Bonnet\n|-singleturn|p2b: Brute Bonnet|move: Rage Powder\n|cant|p1b: Tornadus|slp\n|move|p1a: Flutter Mane|Dazzling Gleam|p2b: Brute Bonnet|[spread] p2a,p2b\n|-damage|p2a: Lunala|41/100\n|-damage|p2b: Brute Bonnet|27/100\n|move|p2a: Lunala|Trick Room|p2a: Lunala\n|-fieldstart|move: Trick Room|[of] p2a: Lunala\n|\n|upkeep\n|turn|6\n|\n|t:|1771489394\n|move|p2b: Brute Bonnet|Spore|p1a: Flutter Mane\n|-status|p1a: Flutter Mane|slp|[from] move: Spore\n|move|p2a: Lunala|Moongeist Beam|p1b: Tornadus\n|-damage|p1b: Tornadus|0 fnt\n|faint|p1b: Tornadus\n|cant|p1a: Flutter Mane|slp\n|\n|upkeep\n|turn|7\n|-message|Bb4210 forfeited.\n|\n|win|kojimuranishi\n|raw|Bb4210's rating: 1484 &rarr; <strong>1469</strong><br />(-15 for losing)\n|raw|kojimuranishi's rating: 1565 &rarr; <strong>1580</strong><br />(+15 for winning)\n|l|\u2606Bb4210\n|player|p1|\n|l|\u2606kojimuranishi\n|player|p2|\n","uploadtime":1771489574,"views":21,"formatid":"gen9vgc2026regi","rating":1469,"private":0,"password":null}