{"id":"gen9vgc2026regi-2562332703","format":"[Gen 9] VGC 2026 Reg I","players":["nicouser","granite blast"],"log":"|j|\u2606nicouser\n|j|\u2606granite blast\n|t:|1773899178\n|gametype|doubles\n|player|p1|nicouser|1|1414\n|player|p2|granite blast|101|1540\n|gen|9\n|tier|[Gen 9] VGC 2026 Reg I\n|rated|\n|rule|Species Clause: Limit one of each Pok\u00e9mon\n|rule|Item Clause: Limit 1 of each item\n|clearpoke\n|poke|p1|Groudon, L50|\n|poke|p1|Calyrex-Ice, L50|\n|poke|p1|Chi-Yu, L50|\n|poke|p1|Flutter Mane, L50|\n|poke|p1|Jumpluff, L50, F|\n|poke|p1|Raging Bolt, L50|\n|poke|p2|Groudon, L50|\n|poke|p2|Calyrex-Ice, L50|\n|poke|p2|Brute Bonnet, L50|\n|poke|p2|Flutter Mane, L50|\n|poke|p2|Raging Bolt, L50|\n|poke|p2|Chi-Yu, L50|\n|teampreview|4\n|inactive|Battle timer is ON: inactive players will automatically lose when time's up. (requested by nicouser)\n|\n|t:|1773899231\n|teamsize|p1|4\n|teamsize|p2|4\n|start\n|switch|p1a: Flutter Mane|Flutter Mane, L50|100/100\n|switch|p1b: Chi-Yu|Chi-Yu, L50|100/100\n|switch|p2a: Brute Bonnet|Brute Bonnet, L50|100/100\n|switch|p2b: Groudon|Groudon, L50|100/100\n|-ability|p1b: Chi-Yu|Beads of Ruin\n|-weather|SunnyDay|[from] ability: Drought|[of] p2b: Groudon\n|-activate|p1a: Flutter Mane|ability: Protosynthesis\n|-start|p1a: Flutter Mane|protosynthesisspe\n|-activate|p2a: Brute Bonnet|ability: Protosynthesis\n|-start|p2a: Brute Bonnet|protosynthesisdef\n|turn|1\n|inactive|granite blast has 30 seconds left.\n|inactive|granite blast has 20 seconds left.\n|inactive|granite blast has 15 seconds left.\n|inactive|granite blast has 10 seconds left.\n|\n|t:|1773899278\n|-terastallize|p2a: Brute Bonnet|Water\n|move|p2b: Groudon|Protect|p2b: Groudon\n|-singleturn|p2b: Groudon|Protect\n|move|p1a: Flutter Mane|Moonblast|p2a: Brute Bonnet\n|-damage|p2a: Brute Bonnet|45/100\n|move|p1b: Chi-Yu|Heat Wave|p2a: Brute Bonnet|[spread] p2a\n|-activate|p2b: Groudon|move: Protect\n|-resisted|p2a: Brute Bonnet\n|-damage|p2a: Brute Bonnet|13/100\n|move|p2a: Brute Bonnet|Spore|p1b: Chi-Yu\n|-status|p1b: Chi-Yu|slp|[from] move: Spore\n|\n|-weather|SunnyDay|[upkeep]\n|upkeep\n|turn|2\n|\n|t:|1773899294\n|move|p2a: Brute Bonnet|Sucker Punch|p1a: Flutter Mane\n|-damage|p1a: Flutter Mane|40/100\n|move|p1a: Flutter Mane|Moonblast|p2a: Brute Bonnet\n|-damage|p2a: Brute Bonnet|0 fnt\n|faint|p2a: Brute Bonnet\n|-end|p2a: Brute Bonnet|Protosynthesis|[silent]\n|cant|p1b: Chi-Yu|slp\n|move|p2b: Groudon|Precipice Blades|p1a: Flutter Mane|[spread] p1a,p1b\n|-supereffective|p1b: Chi-Yu\n|-damage|p1a: Flutter Mane|0 fnt\n|-damage|p1b: Chi-Yu|0 fnt\n|faint|p1a: Flutter Mane\n|-end|p1a: Flutter Mane|Protosynthesis|[silent]\n|faint|p1b: Chi-Yu\n|\n|-weather|SunnyDay|[upkeep]\n|upkeep\n|inactive|granite blast has 30 seconds left.\n|\n|t:|1773899320\n|switch|p1a: Calyrex|Calyrex-Ice, L50|100/100\n|switch|p1b: Groudon|Groudon, L50|100/100\n|switch|p2a: Calyrex|Calyrex-Ice, L50|100/100\n|-ability|p1a: Calyrex|As One\n|-ability|p1a: Calyrex|Unnerve\n|-ability|p2a: Calyrex|As One\n|-ability|p2a: Calyrex|Unnerve\n|turn|3\n|\n|t:|1773899341\n|move|p2b: Groudon|Precipice Blades|p1a: Calyrex|[spread] p1a,p1b\n|-damage|p1a: Calyrex|70/100\n|-damage|p1b: Groudon|63/100\n|move|p1b: Groudon|Precipice Blades|p2b: Groudon|[spread] p2b\n|-miss|p1b: Groudon|p2a: Calyrex\n|-damage|p2b: Groudon|60/100\n|move|p1a: Calyrex|Imprison|p1a: Calyrex\n|-start|p1a: Calyrex|move: Imprison\n|move|p2a: Calyrex|Leech Seed|p1a: Calyrex\n|-start|p1a: Calyrex|move: Leech Seed\n|\n|-weather|SunnyDay|[upkeep]\n|-damage|p1a: Calyrex|58/100|[from] Leech Seed|[of] p2a: Calyrex\n|upkeep\n|turn|4\n|\n|t:|1773899361\n|move|p2b: Groudon|Heat Crash|p1a: Calyrex\n|-supereffective|p1a: Calyrex\n|-damage|p1a: Calyrex|30/100\n|move|p1b: Groudon|Precipice Blades|p2b: Groudon|[spread] p2a,p2b\n|-damage|p2a: Calyrex|68/100\n|-damage|p2b: Groudon|24/100\n|move|p1a: Calyrex|Glacial Lance|p2b: Groudon|[spread] p2a,p2b\n|-resisted|p2a: Calyrex\n|-supereffective|p2b: Groudon\n|-damage|p2a: Calyrex|49/100\n|-damage|p2b: Groudon|0 fnt\n|faint|p2b: Groudon\n|-ability|p1a: Calyrex|Chilling Neigh|boost\n|-boost|p1a: Calyrex|atk|1\n|move|p2a: Calyrex|Leech Seed|p1b: Groudon|[miss]\n|-miss|p2a: Calyrex|p1b: Groudon\n|\n|-weather|SunnyDay|[upkeep]\n|-heal|p2a: Calyrex|55/100|[from] item: Leftovers\n|-damage|p1a: Calyrex|18/100|[from] Leech Seed|[of] p2a: Calyrex\n|-heal|p2a: Calyrex|67/100|[silent]\n|upkeep\n|\n|t:|1773899374\n|switch|p2b: Flutter Mane|Flutter Mane, L50|100/100\n|-activate|p2b: Flutter Mane|ability: Protosynthesis\n|-start|p2b: Flutter Mane|protosynthesisspe\n|turn|5\n|inactive|nicouser has 30 seconds left.\n|\n|t:|1773899401\n|-terastallize|p1b: Groudon|Fire\n|move|p1a: Calyrex|Protect|p1a: Calyrex\n|-singleturn|p1a: Calyrex|Protect\n|move|p2b: Flutter Mane|Moonblast|p1a: Calyrex\n|-activate|p1a: Calyrex|move: Protect\n|move|p1b: Groudon|Precipice Blades|p2a: Calyrex|[spread] p2a,p2b\n|-damage|p2a: Calyrex|33/100\n|-enditem|p2b: Flutter Mane|Focus Sash\n|-damage|p2b: Flutter Mane|1/100\n|move|p2a: Calyrex|Leech Seed|p1b: Groudon\n|-start|p1b: Groudon|move: Leech Seed\n|\n|-weather|none\n|-end|p2b: Flutter Mane|Protosynthesis\n|-heal|p2a: Calyrex|39/100|[from] item: Leftovers\n|-damage|p1b: Groudon|51/100|[from] Leech Seed|[of] p2a: Calyrex\n|-heal|p2a: Calyrex|51/100|[silent]\n|-damage|p1a: Calyrex|6/100|[from] Leech Seed|[of] p2a: Calyrex\n|-heal|p2a: Calyrex|63/100|[silent]\n|upkeep\n|turn|6\n|inactive|granite blast has 30 seconds left.\n|inactive|granite blast has 20 seconds left.\n|inactive|granite blast has 15 seconds left.\n|inactive|granite blast has 10 seconds left.\n|\n|t:|1773899449\n|move|p2b: Flutter Mane|Moonblast|p1a: Calyrex\n|-damage|p1a: Calyrex|0 fnt\n|faint|p1a: Calyrex\n|move|p1b: Groudon|Precipice Blades|p2a: Calyrex|[spread] p2a,p2b\n|-damage|p2a: Calyrex|28/100\n|-damage|p2b: Flutter Mane|0 fnt\n|faint|p2b: Flutter Mane\n|-end|p2b: Flutter Mane|Protosynthesis|[silent]\n|move|p2a: Calyrex|Leech Seed||[still]\n|-fail|p2a: Calyrex\n|\n|-heal|p2a: Calyrex|34/100|[from] item: Leftovers\n|-damage|p1b: Groudon|39/100|[from] Leech Seed|[of] p2a: Calyrex\n|-heal|p2a: Calyrex|46/100|[silent]\n|upkeep\n|turn|7\n|\n|t:|1773899458\n|move|p2a: Calyrex|Protect|p2a: Calyrex\n|-singleturn|p2a: Calyrex|Protect\n|move|p1b: Groudon|Precipice Blades|p2a: Calyrex\n|-activate|p2a: Calyrex|move: Protect\n|\n|-heal|p2a: Calyrex|52/100|[from] item: Leftovers\n|-damage|p1b: Groudon|27/100|[from] Leech Seed|[of] p2a: Calyrex\n|-heal|p2a: Calyrex|64/100|[silent]\n|upkeep\n|turn|8\n|\n|t:|1773899465\n|move|p1b: Groudon|Precipice Blades|p2a: Calyrex\n|-damage|p2a: Calyrex|20/100\n|move|p2a: Calyrex|Glacial Lance|p1b: Groudon\n|-resisted|p1b: Groudon\n|-damage|p1b: Groudon|2/100\n|\n|-heal|p2a: Calyrex|26/100|[from] item: Leftovers\n|-damage|p1b: Groudon|0 fnt|[from] Leech Seed|[of] p2a: Calyrex\n|-heal|p2a: Calyrex|28/100|[silent]\n|faint|p1b: Groudon\n|\n|win|granite blast\n|raw|nicouser's rating: 1414 &rarr; <strong>1401</strong><br />(-13 for losing)\n|raw|granite blast's rating: 1540 &rarr; <strong>1553</strong><br />(+13 for winning)\n|l|\u2606granite blast\n|player|p2|\n","uploadtime":1773899669,"views":12,"formatid":"gen9vgc2026regi","rating":1401,"private":0,"password":null}