{"id":"gen9vgc2026regi-2547722381","format":"[Gen 9] VGC 2026 Reg I","players":["alexit93","balllikecarmelo"],"log":"|j|\u2606alexit93\n|j|\u2606balllikecarmelo\n|t:|1772125853\n|gametype|doubles\n|player|p1|alexit93|lucas-gen4pt|1329\n|player|p2|balllikecarmelo|gloria-dojo|1437\n|gen|9\n|tier|[Gen 9] VGC 2026 Reg I\n|rated|\n|rule|Species Clause: Limit one of each Pok\u00e9mon\n|rule|Item Clause: Limit 1 of each item\n|clearpoke\n|poke|p1|Zamazenta-*, L50|\n|poke|p1|Chien-Pao, L50|\n|poke|p1|Miraidon, L50|\n|poke|p1|Iron Jugulis, L50|\n|poke|p1|Riolu, L50, F|\n|poke|p1|Landorus, L50, M|\n|poke|p2|Miraidon, L50|\n|poke|p2|Incineroar, L50, F|\n|poke|p2|Zamazenta-*, L50|\n|poke|p2|Ogerpon-Wellspring, L50, F|\n|poke|p2|Grimmsnarl, L50, M|\n|poke|p2|Iron Bundle, L50|\n|teampreview|4\n|\n|t:|1772125898\n|teamsize|p1|4\n|teamsize|p2|4\n|start\n|switch|p1a: Miraidon|Miraidon, L50, shiny|100/100\n|switch|p1b: Iron Jugulis|Iron Jugulis, L50|100/100\n|switch|p2a: Grimmsnarl|Grimmsnarl, L50, M|100/100\n|switch|p2b: Zamazenta|Zamazenta-Crowned, L50, shiny|100/100\n|-fieldstart|move: Electric Terrain|[from] ability: Hadron Engine|[of] p1a: Miraidon\n|-activate|p1b: Iron Jugulis|ability: Quark Drive\n|-start|p1b: Iron Jugulis|quarkdrivespe\n|-ability|p2b: Zamazenta|Dauntless Shield|boost\n|-boost|p2b: Zamazenta|def|1\n|turn|1\n|\n|t:|1772125936\n|move|p2a: Grimmsnarl|Light Screen|p2a: Grimmsnarl\n|-sidestart|p2: balllikecarmelo|move: Light Screen\n|move|p1b: Iron Jugulis|Tailwind|p1b: Iron Jugulis\n|-sidestart|p1: alexit93|move: Tailwind\n|move|p1a: Miraidon|Electro Drift|p2b: Zamazenta\n|-damage|p2b: Zamazenta|41/100\n|move|p2b: Zamazenta|Body Press|p1a: Miraidon\n|-damage|p1a: Miraidon|23/100\n|\n|upkeep\n|turn|2\n|\n|t:|1772125959\n|switch|p1a: Landorus|Landorus, L50, M|100/100\n|switch|p2b: Miraidon|Miraidon, L50|100/100\n|-activate|p2b: Miraidon|ability: Hadron Engine\n|move|p1b: Iron Jugulis|Hurricane|p2b: Miraidon|[miss]\n|-miss|p1b: Iron Jugulis|p2b: Miraidon\n|move|p2a: Grimmsnarl|Spirit Break|p1b: Iron Jugulis\n|-supereffective|p1b: Iron Jugulis\n|-damage|p1b: Iron Jugulis|37/100\n|\n|upkeep\n|turn|3\n|\n|t:|1772125983\n|-end|p1b: Iron Jugulis|Quark Drive|[silent]\n|switch|p1b: Zamazenta|Zamazenta-Crowned, L50, shiny|100/100\n|-ability|p1b: Zamazenta|Dauntless Shield|boost\n|-boost|p1b: Zamazenta|def|1\n|-terastallize|p2b: Miraidon|Fairy\n|move|p1a: Landorus|Sandsear Storm|p2a: Grimmsnarl|[spread] p2a\n|-miss|p1a: Landorus|p2b: Miraidon\n|-damage|p2a: Grimmsnarl|64/100\n|move|p2b: Miraidon|Draco Meteor|p1a: Landorus|[miss]\n|-miss|p2b: Miraidon|p1a: Landorus\n|move|p2a: Grimmsnarl|Spirit Break|p1b: Zamazenta\n|-damage|p1b: Zamazenta|87/100\n|-unboost|p1b: Zamazenta|spa|1\n|\n|upkeep\n|turn|4\n|\n|t:|1772126008\n|move|p2a: Grimmsnarl|Reflect|p2a: Grimmsnarl\n|-sidestart|p2: balllikecarmelo|Reflect\n|move|p1b: Zamazenta|Behemoth Bash|p2b: Miraidon\n|-supereffective|p2b: Miraidon\n|-damage|p2b: Miraidon|48/100\n|move|p1a: Landorus|Sludge Bomb|p2b: Miraidon\n|-supereffective|p2b: Miraidon\n|-damage|p2b: Miraidon|0 fnt\n|faint|p2b: Miraidon\n|\n|-sideend|p1: alexit93|move: Tailwind\n|upkeep\n|\n|t:|1772126017\n|switch|p2b: Iron Bundle|Iron Bundle, L50|100/100\n|-activate|p2b: Iron Bundle|ability: Quark Drive\n|-start|p2b: Iron Bundle|quarkdrivespe\n|turn|5\n|\n|t:|1772126023\n|move|p1a: Landorus|Protect|p1a: Landorus\n|-singleturn|p1a: Landorus|Protect\n|move|p2a: Grimmsnarl|Thunder Wave|p1b: Zamazenta\n|-status|p1b: Zamazenta|par\n|move|p2b: Iron Bundle|Icy Wind|p1b: Zamazenta|[spread] p1b\n|-activate|p1a: Landorus|move: Protect\n|-resisted|p1b: Zamazenta\n|-damage|p1b: Zamazenta|79/100 par\n|-unboost|p1b: Zamazenta|spe|1\n|move|p1b: Zamazenta|Body Press|p2b: Iron Bundle\n|-supereffective|p2b: Iron Bundle\n|-enditem|p2b: Iron Bundle|Focus Sash\n|-damage|p2b: Iron Bundle|1/100\n|\n|-fieldend|move: Electric Terrain\n|-end|p2b: Iron Bundle|Quark Drive\n|upkeep\n|turn|6\n|\n|t:|1772126050\n|switch|p1a: Iron Jugulis|Iron Jugulis, L50|37/100\n|move|p2b: Iron Bundle|Protect|p2b: Iron Bundle\n|-singleturn|p2b: Iron Bundle|Protect\n|move|p2a: Grimmsnarl|Spirit Break|p1a: Iron Jugulis\n|-supereffective|p1a: Iron Jugulis\n|-damage|p1a: Iron Jugulis|0 fnt\n|faint|p1a: Iron Jugulis\n|-end|p1a: Iron Jugulis|Quark Drive|[silent]\n|cant|p1b: Zamazenta|par\n|\n|upkeep\n|\n|t:|1772126054\n|switch|p1a: Landorus|Landorus, L50, M|100/100\n|turn|7\n|inactive|Battle timer is ON: inactive players will automatically lose when time's up. (requested by alexit93)\n|\n|t:|1772126099\n|-end|p2b: Iron Bundle|Quark Drive|[silent]\n|switch|p2b: Zamazenta|Zamazenta-Crowned, L50, shiny|41/100\n|move|p1a: Landorus|Protect|p1a: Landorus\n|-singleturn|p1a: Landorus|Protect\n|move|p2a: Grimmsnarl|Thunder Wave|p1b: Zamazenta\n|-fail|p1b: Zamazenta|par\n|cant|p1b: Zamazenta|par\n|\n|upkeep\n|turn|8\n|\n|t:|1772126118\n|move|p1a: Landorus|Earth Power|p2b: Zamazenta\n|-supereffective|p2b: Zamazenta\n|-damage|p2b: Zamazenta|0 fnt\n|faint|p2b: Zamazenta\n|move|p2a: Grimmsnarl|Spirit Break|p1a: Landorus\n|-damage|p1a: Landorus|63/100\n|-unboost|p1a: Landorus|spa|1\n|move|p1b: Zamazenta|Body Press|p2a: Grimmsnarl\n|-damage|p2a: Grimmsnarl|16/100\n|\n|-sideend|p2: balllikecarmelo|move: Light Screen\n|upkeep\n|\n|t:|1772126132\n|switch|p2b: Iron Bundle|Iron Bundle, L50|1/100\n|turn|9\n|\n|t:|1772126137\n|move|p2b: Iron Bundle|Protect|p2b: Iron Bundle\n|-singleturn|p2b: Iron Bundle|Protect\n|move|p1a: Landorus|Protect|p1a: Landorus\n|-singleturn|p1a: Landorus|Protect\n|move|p2a: Grimmsnarl|Spirit Break|p1b: Zamazenta\n|-damage|p1b: Zamazenta|66/100 par\n|-unboost|p1b: Zamazenta|spa|1\n|move|p1b: Zamazenta|Behemoth Bash|p2a: Grimmsnarl\n|-supereffective|p2a: Grimmsnarl\n|-damage|p2a: Grimmsnarl|0 fnt\n|faint|p2a: Grimmsnarl\n|\n|upkeep\n|turn|10\n|\n|t:|1772126148\n|move|p2b: Iron Bundle|Icy Wind|p1a: Landorus|[spread] p1a,p1b\n|-supereffective|p1a: Landorus\n|-resisted|p1b: Zamazenta\n|-damage|p1a: Landorus|0 fnt\n|-damage|p1b: Zamazenta|58/100 par\n|-unboost|p1b: Zamazenta|spe|1\n|faint|p1a: Landorus\n|move|p1b: Zamazenta|Body Press|p2b: Iron Bundle\n|-supereffective|p2b: Iron Bundle\n|-damage|p2b: Iron Bundle|0 fnt\n|faint|p2b: Iron Bundle\n|-end|p2b: Iron Bundle|Quark Drive|[silent]\n|\n|win|alexit93\n|raw|alexit93's rating: 1329 &rarr; <strong>1355</strong><br />(+26 for winning)\n|raw|balllikecarmelo's rating: 1437 &rarr; <strong>1411</strong><br />(-26 for losing)\n|l|\u2606balllikecarmelo\n|player|p2|\n|l|\u2606alexit93\n|player|p1|\n","uploadtime":1772126339,"views":18,"formatid":"gen9vgc2026regi","rating":1355,"private":0,"password":null}