{"id":"gen9vgc2026regi-2556138534","format":"[Gen 9] VGC 2026 Reg I","players":["KogaAF1219","Realfrytki"],"log":"|j|\u2606KogaAF1219\n|j|\u2606Realfrytki\n|t:|1773171044\n|gametype|doubles\n|player|p1|KogaAF1219|2|1332\n|player|p2|Realfrytki|veteranf|1307\n|gen|9\n|tier|[Gen 9] VGC 2026 Reg I\n|rated|\n|rule|Species Clause: Limit one of each Pok\u00e9mon\n|rule|Item Clause: Limit 1 of each item\n|clearpoke\n|poke|p1|Kyogre, L50|\n|poke|p1|Illumise, L50, F|\n|poke|p1|Calyrex-Shadow, L50|\n|poke|p1|Iron Crown, L50|\n|poke|p1|Indeedee, L50, M|\n|poke|p1|Hitmontop, L50, M|\n|poke|p2|Calyrex-Shadow, L50|\n|poke|p2|Terapagos, L50, M|\n|poke|p2|Iron Hands, L50|\n|poke|p2|Chi-Yu, L50|\n|poke|p2|Smeargle, L50, F|\n|poke|p2|Whimsicott, L50, F|\n|teampreview|4\n|j| globalfish39\n|inactive|Battle timer is ON: inactive players will automatically lose when time's up. (requested by KogaAF1219)\n|j| DudeGaming 25\n|\n|t:|1773171084\n|teamsize|p1|4\n|teamsize|p2|4\n|start\n|switch|p1a: Iron Crown|Iron Crown, L50|100/100\n|switch|p1b: Illumise|Illumise, L50, F|100/100\n|switch|p2a: Terapagos|Terapagos, L50, M|100/100\n|switch|p2b: Smeargle|Smeargle, L50, F|100/100\n|-activate|p2a: Terapagos|ability: Tera Shift\n|detailschange|p2a: Terapagos|Terapagos-Terastal, L50, M\n|-heal|p2a: Terapagos|100/100|[silent]\n|turn|1\n|\n|t:|1773171108\n|move|p2b: Smeargle|Fake Out|p1a: Iron Crown\n|-resisted|p1a: Iron Crown\n|-damage|p1a: Iron Crown|98/100\n|move|p1b: Illumise|Light Screen|p1b: Illumise\n|-sidestart|p1: KogaAF1219|move: Light Screen\n|move|p2a: Terapagos|Tera Starstorm|p1b: Illumise\n|-crit|p1b: Illumise\n|-damage|p1b: Illumise|0 fnt\n|faint|p1b: Illumise\n|cant|p1a: Iron Crown|flinch\n|\n|-ability|p2b: Smeargle|Moody|boost\n|-boost|p2b: Smeargle|def|2\n|-unboost|p2b: Smeargle|spd|1\n|upkeep\n|\n|t:|1773171113\n|switch|p1b: Hitmontop|Hitmontop, L50, M|100/100\n|-ability|p1b: Hitmontop|Intimidate|boost\n|-unboost|p2a: Terapagos|atk|1\n|-unboost|p2b: Smeargle|atk|1\n|turn|2\n|\n|t:|1773171129\n|switch|p2a: Calyrex|Calyrex-Shadow, L50|100/100\n|-ability|p2a: Calyrex|As One\n|-ability|p2a: Calyrex|Unnerve\n|move|p1b: Hitmontop|Fake Out|p2a: Calyrex\n|-immune|p2a: Calyrex\n|move|p2b: Smeargle|Decorate|p2a: Calyrex\n|-boost|p2a: Calyrex|atk|2\n|-boost|p2a: Calyrex|spa|2\n|move|p1a: Iron Crown|Tachyon Cutter|p2b: Smeargle\n|-enditem|p2b: Smeargle|Focus Sash\n|-damage|p2b: Smeargle|1/100\n|-damage|p2b: Smeargle|0 fnt\n|faint|p2b: Smeargle\n|-hitcount|p2: Smeargle|2\n|\n|upkeep\n|\n|t:|1773171146\n|switch|p2b: Whimsicott|Whimsicott, L50, F|100/100\n|turn|3\n|\n|t:|1773171155\n|move|p1b: Hitmontop|Wide Guard|p1b: Hitmontop\n|-singleturn|p1b: Hitmontop|Wide Guard\n|move|p2b: Whimsicott|Encore|p1b: Hitmontop\n|-start|p1b: Hitmontop|Encore\n|move|p2a: Calyrex|Astral Barrage|p1b: Hitmontop|[spread] \n|-activate|p1a: Iron Crown|move: Wide Guard\n|-activate|p1b: Hitmontop|move: Wide Guard\n|move|p1a: Iron Crown|Tachyon Cutter|p2b: Whimsicott\n|-supereffective|p2b: Whimsicott\n|-damage|p2b: Whimsicott|31/100\n|-supereffective|p2b: Whimsicott\n|-damage|p2b: Whimsicott|0 fnt\n|faint|p2b: Whimsicott\n|-hitcount|p2: Whimsicott|2\n|\n|upkeep\n|\n|t:|1773171170\n|switch|p2b: Terapagos|Terapagos-Terastal, L50, M|100/100\n|turn|4\n|\n|t:|1773171192\n|-terastallize|p2b: Terapagos|Stellar\n|detailschange|p2b: Terapagos|Terapagos-Stellar, L50, M, tera:Stellar\n|-heal|p2b: Terapagos|100/100|[silent]\n|move|p1b: Hitmontop|Wide Guard|p1b: Hitmontop\n|-singleturn|p1b: Hitmontop|Wide Guard\n|move|p2a: Calyrex|Psychic|p1b: Hitmontop\n|-supereffective|p1b: Hitmontop\n|-damage|p1b: Hitmontop|0 fnt\n|faint|p1b: Hitmontop\n|-ability|p2a: Calyrex|Grim Neigh|boost\n|-boost|p2a: Calyrex|spa|1\n|-damage|p2a: Calyrex|91/100|[from] item: Life Orb\n|move|p2b: Terapagos|Dark Pulse|p1a: Iron Crown\n|-supereffective|p1a: Iron Crown\n|-damage|p1a: Iron Crown|38/100\n|move|p1a: Iron Crown|Tachyon Cutter|p2a: Calyrex\n|-damage|p2a: Calyrex|64/100\n|-damage|p2a: Calyrex|38/100\n|-hitcount|p2a: Calyrex|2\n|\n|upkeep\n|\n|t:|1773171207\n|switch|p1b: Kyogre|Kyogre, L50|100/100\n|-weather|RainDance|[from] ability: Drizzle|[of] p1b: Kyogre\n|turn|5\n|\n|t:|1773171216\n|move|p1b: Kyogre|Water Spout|p2a: Calyrex|[spread] p2a,p2b\n|-crit|p2a: Calyrex\n|-damage|p2a: Calyrex|0 fnt\n|-damage|p2b: Terapagos|33/100\n|faint|p2a: Calyrex\n|move|p2b: Terapagos|Dark Pulse|p1b: Kyogre\n|-crit|p1b: Kyogre\n|-damage|p1b: Kyogre|43/100\n|move|p1a: Iron Crown|Expanding Force|p2b: Terapagos\n|-damage|p2b: Terapagos|1/100\n|\n|-weather|RainDance|[upkeep]\n|-sideend|p1: KogaAF1219|move: Light Screen\n|upkeep\n|turn|6\n|\n|t:|1773171228\n|-terastallize|p1a: Iron Crown|Water\n|move|p1b: Kyogre|Water Spout|p2b: Terapagos\n|-damage|p2b: Terapagos|0 fnt\n|faint|p2b: Terapagos\n|detailschange|p2: Terapagos|Terapagos, L50, M|[silent]\n|\n|win|KogaAF1219\n|raw|KogaAF1219's rating: 1332 &rarr; <strong>1351</strong><br />(+19 for winning)\n|raw|Realfrytki's rating: 1307 &rarr; <strong>1288</strong><br />(-19 for losing)\n|l|\u2606Realfrytki\n|player|p2|\n|l|\u2606KogaAF1219\n|player|p1|\n|l| DudeGaming 25\n|l| globalfish39\n","uploadtime":1773171390,"views":19,"formatid":"gen9vgc2026regi","rating":1288,"private":0,"password":null}