{"id":"gen9vgc2026regi-2564604502","format":"[Gen 9] VGC 2026 Reg I","players":["dasabe\u76d6\u6b27\u5361\u4fa0","yzuii"],"log":"|j|\u2606dasabe\u76d6\u6b27\u5361\u4fa0\n|j|\u2606yzuii\n|t:|1774173072\n|gametype|doubles\n|player|p1|dasabe\u76d6\u6b27\u5361\u4fa0|may-masters4|\n|player|p2|yzuii|swimmerf-gen4dp|\n|gen|9\n|tier|[Gen 9] VGC 2026 Reg I\n|rated|Tournament battle\n|rule|Species Clause: Limit one of each Pok\u00e9mon\n|rule|Item Clause: Limit 1 of each item\n|raw|<div class=\"infobox\"><details class=\"readmore\" open><summary><strong>3 custom rules:</strong></summary> Open Team Sheets, Force Open Team Sheets, !Open Team Sheets</details></div>\n|clearpoke\n|poke|p1|Zacian-*, L50|\n|poke|p1|Koraidon, L50|\n|poke|p1|Raging Bolt, L50|\n|poke|p1|Rillaboom, L50, F|\n|poke|p1|Chien-Pao, L50|\n|poke|p1|Tornadus, L50, M|\n|poke|p2|Rayquaza, L50|\n|poke|p2|Calyrex-Shadow, L50|\n|poke|p2|Tornadus, L50, M|\n|poke|p2|Smeargle, L50, F|\n|poke|p2|Urshifu-*, L50, F|\n|poke|p2|Clefairy, L50, M|\n|teampreview|4\n|showteam|p1|Zacian-Crowned||RustedSword|IntrepidSword|Protect,SwordsDance,behemothblade,PlayRough||||||50|,,,,,Normal]Koraidon||ClearAmulet|OrichalcumPulse|CollisionCourse,Protect,FlameCharge,FlareBlitz||||||50|,,,,,Fire]Raging Bolt||LifeOrb|Protosynthesis|Protect,Thunderclap,Thunderbolt,DracoMeteor||||||50|,,,,,Electric]Rillaboom||AssaultVest|GrassySurge|WoodHammer,Uturn,GrassyGlide,FakeOut|||F|||50|,,,,,Fire]Chien-Pao||FocusSash|SwordofRuin|IceSpinner,SuckerPunch,Protect,Taunt||||||50|,,,,,Ghost]Tornadus||SkyPlate|Prankster|BleakwindStorm,Tailwind,Taunt,SunnyDay|||M|||50|,,,,,Dark\n|showteam|p2|Rayquaza||ClearAmulet|AirLock|DragonAscent,ExtremeSpeed,SwordsDance,Protect||||||50|,,,,,Normal]Calyrex-Shadow||LifeOrb|AsOneSpectrier|AstralBarrage,Psychic,NastyPlot,Protect||||||50|,,,,,Dark]Tornadus||SharpBeak|Prankster|BleakwindStorm,Taunt,Tailwind,Protect|||M|||50|,,,,,Dark]Smeargle||FocusSash|Moody|FakeOut,FollowMe,Spore,Decorate|||F|||50|,,,,,Dark]Urshifu-Rapid-Strike||ChoiceScarf|UnseenFist|SurgingStrikes,Uturn,CloseCombat,AquaJet|||F|||50|,,,,,Water]Clefairy||Eviolite|FriendGuard|FollowMe,HelpingHand,Encore,Protect|||M|||50|,,,,,Water\n|j| 4Test4\n|j| blackred123\n|j| Esiolamondhax\u9512\u94db\u5165\u6d74\n|j| b3testing\n|j| j0l0k0\n|j| mynamegrassgreen\n|l| 4Test4\n|j| GoogleDad\n|l| GoogleDad\n|\n|t:|1774173132\n|teamsize|p1|4\n|teamsize|p2|4\n|start\n|switch|p1a: \u9a82\u8c01\u542b\u5251|Zacian-Crowned, L50|100/100\n|switch|p1b: \u733f\u795e\uff01\u542f\u52a8\uff01|Rillaboom, L50, F|100/100\n|switch|p2a: Calyrex|Calyrex-Shadow, L50|100/100\n|switch|p2b: Smeargle|Smeargle, L50, F|100/100\n|-ability|p2a: Calyrex|As One\n|-ability|p2a: Calyrex|Unnerve\n|-ability|p1a: \u9a82\u8c01\u542b\u5251|Intrepid Sword|boost\n|-boost|p1a: \u9a82\u8c01\u542b\u5251|atk|1\n|-fieldstart|move: Grassy Terrain|[from] ability: Grassy Surge|[of] p1b: \u733f\u795e\uff01\u542f\u52a8\uff01\n|turn|1\n|j| aurora ltd\n|\n|t:|1774173153\n|-terastallize|p1a: \u9a82\u8c01\u542b\u5251|Normal\n|move|p2a: Calyrex|Protect|p2a: Calyrex\n|-singleturn|p2a: Calyrex|Protect\n|move|p1b: \u733f\u795e\uff01\u542f\u52a8\uff01|Grassy Glide|p2b: Smeargle\n|-damage|p2b: Smeargle|36/100\n|move|p1a: \u9a82\u8c01\u542b\u5251|Behemoth Blade|p2b: Smeargle\n|-damage|p2b: Smeargle|0 fnt\n|faint|p2b: Smeargle\n|\n|upkeep\n|j| 4Test4\n|\n|t:|1774173162\n|switch|p2b: Clefairy|Clefairy, L50, M|100/100\n|turn|2\n|\n|t:|1774173172\n|move|p2b: Clefairy|Follow Me|p2b: Clefairy\n|-singleturn|p2b: Clefairy|move: Follow Me\n|move|p2a: Calyrex|Nasty Plot|p2a: Calyrex\n|-boost|p2a: Calyrex|spa|2\n|move|p1a: \u9a82\u8c01\u542b\u5251|Play Rough|p2b: Clefairy\n|-damage|p2b: Clefairy|50/100\n|move|p1b: \u733f\u795e\uff01\u542f\u52a8\uff01|Wood Hammer|p2b: Clefairy\n|-damage|p2b: Clefairy|0 fnt\n|faint|p2b: Clefairy\n|-damage|p1b: \u733f\u795e\uff01\u542f\u52a8\uff01|86/100|[from] Recoil\n|\n|-heal|p1b: \u733f\u795e\uff01\u542f\u52a8\uff01|92/100|[from] Grassy Terrain\n|upkeep\n|j| ido1234567890\n|\n|t:|1774173183\n|switch|p2b: Rayquaza|Rayquaza, L50|100/100\n|-ability|p2b: Rayquaza|Air Lock\n|turn|3\n|\n|t:|1774173195\n|switch|p1b: \u829d\u58eb\u96ea\u8c79|Chien-Pao, L50|100/100\n|-ability|p1b: \u829d\u58eb\u96ea\u8c79|Sword of Ruin\n|-terastallize|p2b: Rayquaza|Normal\n|move|p1a: \u9a82\u8c01\u542b\u5251|Protect|p1a: \u9a82\u8c01\u542b\u5251\n|-singleturn|p1a: \u9a82\u8c01\u542b\u5251|Protect\n|move|p2a: Calyrex|Psychic|p1a: \u9a82\u8c01\u542b\u5251\n|-activate|p1a: \u9a82\u8c01\u542b\u5251|move: Protect\n|move|p2b: Rayquaza|Dragon Ascent|p1b: \u829d\u58eb\u96ea\u8c79\n|-damage|p1b: \u829d\u58eb\u96ea\u8c79|3/100\n|-unboost|p2b: Rayquaza|def|1\n|-unboost|p2b: Rayquaza|spd|1\n|\n|-heal|p1b: \u829d\u58eb\u96ea\u8c79|9/100|[from] Grassy Terrain\n|upkeep\n|turn|4\n|\n|t:|1774173219\n|move|p1b: \u829d\u58eb\u96ea\u8c79|Protect|p1b: \u829d\u58eb\u96ea\u8c79\n|-singleturn|p1b: \u829d\u58eb\u96ea\u8c79|Protect\n|move|p2b: Rayquaza|Extreme Speed|p1b: \u829d\u58eb\u96ea\u8c79\n|-activate|p1b: \u829d\u58eb\u96ea\u8c79|move: Protect\n|move|p2a: Calyrex|Psychic|p1a: \u9a82\u8c01\u542b\u5251\n|-damage|p1a: \u9a82\u8c01\u542b\u5251|0 fnt\n|faint|p1a: \u9a82\u8c01\u542b\u5251\n|-ability|p2a: Calyrex|Grim Neigh|boost\n|-boost|p2a: Calyrex|spa|1\n|-damage|p2a: Calyrex|91/100|[from] item: Life Orb\n|\n|-heal|p2a: Calyrex|96/100|[from] Grassy Terrain\n|-heal|p1b: \u829d\u58eb\u96ea\u8c79|15/100|[from] Grassy Terrain\n|upkeep\n|l| ido1234567890\n|\n|t:|1774173227\n|switch|p1a: \u733f\u795e\uff01\u542f\u52a8\uff01|Rillaboom, L50, F|92/100\n|turn|5\n|\n|t:|1774173242\n|move|p2a: Calyrex|Protect|p2a: Calyrex\n|-singleturn|p2a: Calyrex|Protect\n|move|p2b: Rayquaza|Protect|p2b: Rayquaza\n|-singleturn|p2b: Rayquaza|Protect\n|move|p1a: \u733f\u795e\uff01\u542f\u52a8\uff01|Fake Out|p2b: Rayquaza\n|-activate|p2b: Rayquaza|move: Protect\n|move|p1b: \u829d\u58eb\u96ea\u8c79|Ice Spinner|p2b: Rayquaza\n|-activate|p2b: Rayquaza|move: Protect\n|\n|-heal|p2a: Calyrex|100/100|[from] Grassy Terrain\n|-heal|p1b: \u829d\u58eb\u96ea\u8c79|20/100|[from] Grassy Terrain\n|-heal|p1a: \u733f\u795e\uff01\u542f\u52a8\uff01|98/100|[from] Grassy Terrain\n|-fieldend|move: Grassy Terrain\n|upkeep\n|turn|6\n|\n|t:|1774173258\n|move|p1b: \u829d\u58eb\u96ea\u8c79|Protect|p1b: \u829d\u58eb\u96ea\u8c79\n|-singleturn|p1b: \u829d\u58eb\u96ea\u8c79|Protect\n|move|p2b: Rayquaza|Extreme Speed|p1b: \u829d\u58eb\u96ea\u8c79\n|-activate|p1b: \u829d\u58eb\u96ea\u8c79|move: Protect\n|move|p2a: Calyrex|Astral Barrage|p1a: \u733f\u795e\uff01\u542f\u52a8\uff01|[spread] p1a\n|-activate|p1b: \u829d\u58eb\u96ea\u8c79|move: Protect\n|-damage|p1a: \u733f\u795e\uff01\u542f\u52a8\uff01|0 fnt\n|faint|p1a: \u733f\u795e\uff01\u542f\u52a8\uff01\n|-ability|p2a: Calyrex|Grim Neigh|boost\n|-boost|p2a: Calyrex|spa|1\n|-damage|p2a: Calyrex|91/100|[from] item: Life Orb\n|\n|upkeep\n|c|\u2606dasabe\u76d6\u6b27\u5361\u4fa0|gg\n|c|\u2606yzuii|gg\n|-message|dasabe\u76d6\u6b27\u5361\u4fa0 forfeited.\n|\n|win|yzuii\n|n|\u2606dasabe\u76d6\u6b27\u5361\u4fa0|dasabe\n|n|\u2606yzuii|yzuii\n|n| blackred123|blackred123\n|n| Esiolamondhax\u9512\u94db\u5165\u6d74|esiolamondhax\n|n| b3testing|b3testing\n|n| j0l0k0|j0l0k0\n|n| mynamegrassgreen|mynamegrassgreen\n|n| aurora ltd|auroraltd\n|n| 4Test4|4test4\n|l|\u2606dasabe\u76d6\u6b27\u5361\u4fa0\n|player|p1|\n|l| 4Test4\n|l|\u2606yzuii\n|player|p2|\n|l| j0l0k0\n|l| mynamegrassgreen\n|l| Esiolamondhax\u9512\u94db\u5165\u6d74\n|j| GoogleDad\n","uploadtime":1774173276,"views":14,"formatid":"gen9vgc2026regi","rating":null,"private":0,"password":null}