{"id":"gen9vgc2026regi-2567277866","format":"[Gen 9] VGC 2026 Reg I","players":["bishmii","lozraff"],"log":"|j|\u2606bishmii\n|j|\u2606lozraff\n|t:|1774462630\n|gametype|doubles\n|player|p1|bishmii|170|1308\n|player|p2|lozraff|265|1408\n|gen|9\n|tier|[Gen 9] VGC 2026 Reg I\n|rated|\n|rule|Species Clause: Limit one of each Pok\u00e9mon\n|rule|Item Clause: Limit 1 of each item\n|clearpoke\n|poke|p1|Incineroar, L50, F|\n|poke|p1|Calyrex-Shadow, L50|\n|poke|p1|Tornadus, L50, M|\n|poke|p1|Rillaboom, L50, F|\n|poke|p1|Sylveon, L50, M|\n|poke|p1|Zamazenta-*, L50|\n|poke|p2|Eternatus, L50|\n|poke|p2|Chi-Yu, L50|\n|poke|p2|Flutter Mane, L50|\n|poke|p2|Incineroar, L50, F|\n|poke|p2|Grimmsnarl, L50, M|\n|poke|p2|Groudon, L50|\n|teampreview|4\n|inactive|Battle timer is ON: inactive players will automatically lose when time's up. (requested by lozraff)\n|inactive|bishmii also wants the timer to be on.\n|inactive|lozraff has 60 seconds left.\n|\n|t:|1774462668\n|teamsize|p1|4\n|teamsize|p2|4\n|start\n|switch|p1a: Incineroar|Incineroar, L50, F|100/100\n|switch|p1b: Sylveon|Sylveon, L50, M|100/100\n|switch|p2a: Grimmsnarl|Grimmsnarl, L50, M|100/100\n|switch|p2b: Eternatus|Eternatus, L50|100/100\n|-ability|p2b: Eternatus|Pressure\n|-ability|p1a: Incineroar|Intimidate|boost\n|-unboost|p2a: Grimmsnarl|atk|1\n|-unboost|p2b: Eternatus|atk|1\n|turn|1\n|\n|t:|1774462682\n|move|p1a: Incineroar|Fake Out|p2b: Eternatus\n|-damage|p2b: Eternatus|94/100\n|move|p2a: Grimmsnarl|Light Screen|p2a: Grimmsnarl\n|-sidestart|p2: lozraff|move: Light Screen\n|cant|p2b: Eternatus|flinch\n|move|p1b: Sylveon|Calm Mind|p1b: Sylveon\n|-boost|p1b: Sylveon|spa|1\n|-boost|p1b: Sylveon|spd|1\n|\n|-heal|p2b: Eternatus|100/100|[from] item: Leftovers\n|upkeep\n|turn|2\n|\n|t:|1774462698\n|move|p1b: Sylveon|Protect|p1b: Sylveon\n|-singleturn|p1b: Sylveon|Protect\n|move|p2a: Grimmsnarl|Parting Shot|p1b: Sylveon\n|-activate|p1b: Sylveon|move: Protect\n|move|p2b: Eternatus|Cosmic Power|p2b: Eternatus\n|-boost|p2b: Eternatus|def|1\n|-boost|p2b: Eternatus|spd|1\n|move|p1a: Incineroar|Parting Shot|p2b: Eternatus\n|-unboost|p2b: Eternatus|atk|1\n|-unboost|p2b: Eternatus|spa|1\n|\n|t:|1774462708\n|switch|p1a: Tornadus|Tornadus, L50, M|100/100|[from] Parting Shot\n|\n|upkeep\n|turn|3\n|\n|t:|1774462714\n|move|p1a: Tornadus|Taunt|p2b: Eternatus\n|-start|p2b: Eternatus|move: Taunt\n|move|p2a: Grimmsnarl|Parting Shot|p1b: Sylveon\n|-unboost|p1b: Sylveon|atk|1\n|-unboost|p1b: Sylveon|spa|1\n|\n|t:|1774462722\n|switch|p2a: Incineroar|Incineroar, L50, F|100/100|[from] Parting Shot\n|-ability|p2a: Incineroar|Intimidate|boost\n|-unboost|p1a: Tornadus|atk|1\n|-unboost|p1b: Sylveon|atk|1\n|cant|p2b: Eternatus|move: Taunt|Cosmic Power\n|move|p1b: Sylveon|Calm Mind|p1b: Sylveon\n|-boost|p1b: Sylveon|spa|1\n|-boost|p1b: Sylveon|spd|1\n|\n|upkeep\n|turn|4\n|\n|t:|1774462737\n|move|p2a: Incineroar|Fake Out|p1b: Sylveon\n|-damage|p1b: Sylveon|90/100\n|move|p1a: Tornadus|Rain Dance|p1a: Tornadus\n|-weather|RainDance\n|move|p2b: Eternatus|Flamethrower|p1a: Tornadus\n|-damage|p1a: Tornadus|89/100\n|cant|p1b: Sylveon|flinch\n|\n|-weather|RainDance|[upkeep]\n|-heal|p1b: Sylveon|96/100|[from] item: Leftovers\n|upkeep\n|turn|5\n|\n|t:|1774462750\n|switch|p2b: Grimmsnarl|Grimmsnarl, L50, M|100/100\n|move|p1a: Tornadus|Bleakwind Storm|p2a: Incineroar|[spread] p2a,p2b\n|-damage|p2a: Incineroar|84/100\n|-damage|p2b: Grimmsnarl|80/100\n|-unboost|p2b: Grimmsnarl|spe|1\n|move|p1b: Sylveon|Calm Mind|p1b: Sylveon\n|-boost|p1b: Sylveon|spa|1\n|-boost|p1b: Sylveon|spd|1\n|move|p2a: Incineroar|Knock Off|p1b: Sylveon\n|-resisted|p1b: Sylveon\n|-damage|p1b: Sylveon|76/100\n|-enditem|p1b: Sylveon|Leftovers|[from] move: Knock Off|[of] p2a: Incineroar\n|\n|-weather|RainDance|[upkeep]\n|upkeep\n|turn|6\n|\n|t:|1774462771\n|switch|p1a: Incineroar|Incineroar, L50, F|100/100\n|-ability|p1a: Incineroar|Intimidate|boost\n|-unboost|p2a: Incineroar|atk|1\n|-unboost|p2b: Grimmsnarl|atk|1\n|move|p2b: Grimmsnarl|Parting Shot|p1b: Sylveon\n|-unboost|p1b: Sylveon|atk|1\n|-unboost|p1b: Sylveon|spa|1\n|\n|t:|1774462779\n|switch|p2b: Eternatus|Eternatus, L50|100/100|[from] Parting Shot\n|-ability|p2b: Eternatus|Pressure\n|move|p1b: Sylveon|Hyper Voice|p2b: Eternatus|[spread] p2a,p2b\n|-damage|p2a: Incineroar|52/100\n|-damage|p2b: Eternatus|74/100\n|move|p2a: Incineroar|Knock Off|p1a: Incineroar\n|-resisted|p1a: Incineroar\n|-damage|p1a: Incineroar|88/100\n|-enditem|p1a: Incineroar|Safety Goggles|[from] move: Knock Off|[of] p2a: Incineroar\n|\n|-weather|RainDance|[upkeep]\n|-heal|p2b: Eternatus|80/100|[from] item: Leftovers\n|upkeep\n|turn|7\n|\n|t:|1774462801\n|move|p1a: Incineroar|Fake Out|p2b: Eternatus\n|-damage|p2b: Eternatus|73/100\n|cant|p2b: Eternatus|flinch\n|move|p1b: Sylveon|Calm Mind|p1b: Sylveon\n|-boost|p1b: Sylveon|spa|1\n|-boost|p1b: Sylveon|spd|1\n|move|p2a: Incineroar|Parting Shot|p1b: Sylveon\n|-unboost|p1b: Sylveon|atk|1\n|-unboost|p1b: Sylveon|spa|1\n|\n|t:|1774462810\n|switch|p2a: Grimmsnarl|Grimmsnarl, L50, M|80/100|[from] Parting Shot\n|\n|-weather|RainDance|[upkeep]\n|-heal|p2b: Eternatus|79/100|[from] item: Leftovers\n|upkeep\n|turn|8\n|\n|t:|1774462827\n|move|p2a: Grimmsnarl|Parting Shot|p1b: Sylveon\n|-unboost|p1b: Sylveon|atk|1\n|-unboost|p1b: Sylveon|spa|1\n|\n|t:|1774462830\n|switch|p2a: Incineroar|Incineroar, L50, F|52/100|[from] Parting Shot\n|-ability|p2a: Incineroar|Intimidate|boost\n|-unboost|p1a: Incineroar|atk|1\n|-unboost|p1b: Sylveon|atk|1\n|move|p2b: Eternatus|Toxic|p1a: Incineroar\n|-status|p1a: Incineroar|tox\n|move|p1a: Incineroar|Parting Shot|p2b: Eternatus\n|-unboost|p2b: Eternatus|atk|1\n|-unboost|p2b: Eternatus|spa|1\n|\n|t:|1774462837\n|switch|p1a: Tornadus|Tornadus, L50, M|89/100|[from] Parting Shot\n|move|p1b: Sylveon|Calm Mind|p1b: Sylveon\n|-boost|p1b: Sylveon|spa|1\n|-boost|p1b: Sylveon|spd|1\n|\n|-weather|none\n|-heal|p2b: Eternatus|86/100|[from] item: Leftovers\n|-sideend|p2: lozraff|move: Light Screen\n|upkeep\n|turn|9\n|\n|t:|1774462856\n|move|p2a: Incineroar|Fake Out|p1b: Sylveon\n|-damage|p1b: Sylveon|66/100\n|move|p1a: Tornadus|Taunt|p2b: Eternatus\n|-start|p2b: Eternatus|move: Taunt\n|move|p2b: Eternatus|Flamethrower|p1a: Tornadus\n|-damage|p1a: Tornadus|67/100\n|cant|p1b: Sylveon|flinch\n|\n|-heal|p2b: Eternatus|92/100|[from] item: Leftovers\n|upkeep\n|turn|10\n|\n|t:|1774462873\n|switch|p2b: Grimmsnarl|Grimmsnarl, L50, M|80/100\n|move|p1a: Tornadus|Bleakwind Storm|p2b: Grimmsnarl|[spread] p2a\n|-miss|p1a: Tornadus|p2b: Grimmsnarl\n|-damage|p2a: Incineroar|29/100\n|move|p1b: Sylveon|Hyper Voice|p2b: Grimmsnarl|[spread] p2a,p2b\n|-supereffective|p2b: Grimmsnarl\n|-damage|p2a: Incineroar|0 fnt\n|-damage|p2b: Grimmsnarl|0 fnt\n|faint|p2a: Incineroar\n|faint|p2b: Grimmsnarl\n|\n|upkeep\n|\n|t:|1774462885\n|switch|p2b: Eternatus|Eternatus, L50|92/100\n|switch|p2a: Groudon|Groudon, L50|100/100\n|-ability|p2b: Eternatus|Pressure\n|-weather|SunnyDay|[from] ability: Drought|[of] p2a: Groudon\n|turn|11\n|c|\u2606bishmii|yo what is this set lmaoo\n|c|\u2606lozraff|not prepared for sylveon, apparently lmao\n|inactive|bishmii has 30 seconds left.\n|inactive|lozraff has 30 seconds left.\n|\n|t:|1774462916\n|move|p1b: Sylveon|Protect|p1b: Sylveon\n|-singleturn|p1b: Sylveon|Protect\n|move|p1a: Tornadus|Taunt|p2b: Eternatus\n|-start|p2b: Eternatus|move: Taunt\n|cant|p2b: Eternatus|move: Taunt|Toxic\n|move|p2a: Groudon|Precipice Blades|p1a: Tornadus|[spread] \n|-activate|p1b: Sylveon|move: Protect\n|-immune|p1a: Tornadus\n|\n|-weather|SunnyDay|[upkeep]\n|-heal|p2b: Eternatus|98/100|[from] item: Leftovers\n|upkeep\n|turn|12\n|c|\u2606bishmii|ehh there's a lack of fire types\n|c|\u2606bishmii|fairy*\n|\n|t:|1774462935\n|move|p1a: Tornadus|Rain Dance|p1a: Tornadus\n|-weather|RainDance\n|move|p2b: Eternatus|Flamethrower|p1a: Tornadus\n|-damage|p1a: Tornadus|50/100\n|move|p2a: Groudon|Precipice Blades|p1b: Sylveon|[spread] p1b\n|-immune|p1a: Tornadus\n|-damage|p1b: Sylveon|13/100\n|move|p1b: Sylveon|Hyper Voice|p2b: Eternatus|[spread] p2a,p2b\n|-damage|p2a: Groudon|54/100\n|-damage|p2b: Eternatus|60/100\n|\n|-weather|RainDance|[upkeep]\n|-heal|p2b: Eternatus|66/100|[from] item: Leftovers\n|upkeep\n|turn|13\n|\n|t:|1774462950\n|move|p2a: Groudon|Protect|p2a: Groudon\n|-singleturn|p2a: Groudon|Protect\n|move|p1a: Tornadus|Tailwind|p1a: Tornadus\n|-sidestart|p1: bishmii|move: Tailwind\n|move|p1b: Sylveon|Hyper Voice|p2b: Eternatus|[spread] p2b\n|-activate|p2a: Groudon|move: Protect\n|-damage|p2b: Eternatus|28/100\n|move|p2b: Eternatus|Flamethrower|p1a: Tornadus\n|-damage|p1a: Tornadus|35/100\n|\n|-weather|RainDance|[upkeep]\n|-heal|p2b: Eternatus|34/100|[from] item: Leftovers\n|-end|p2b: Eternatus|move: Taunt\n|upkeep\n|turn|14\n|c|\u2606lozraff|gg\n|c|\u2606bishmii|gg\n|\n|t:|1774462964\n|move|p1a: Tornadus|Bleakwind Storm|p2a: Groudon|[spread] p2a,p2b\n|-damage|p2a: Groudon|25/100\n|-damage|p2b: Eternatus|14/100\n|move|p1b: Sylveon|Hyper Voice|p2b: Eternatus|[spread] p2a,p2b\n|-damage|p2a: Groudon|0 fnt\n|-damage|p2b: Eternatus|0 fnt\n|faint|p2a: Groudon\n|faint|p2b: Eternatus\n|\n|win|bishmii\n|raw|bishmii's rating: 1308 &rarr; <strong>1334</strong><br />(+26 for winning)\n|raw|lozraff's rating: 1408 &rarr; <strong>1382</strong><br />(-26 for losing)\n|l|\u2606lozraff\n|player|p2|\n|l|\u2606bishmii\n|player|p1|\n","uploadtime":1774463224,"views":11,"formatid":"gen9vgc2026regi","rating":1334,"private":0,"password":null}