{"id":"gen9vgc2026regi-2529872853","format":"[Gen 9] VGC 2026 Reg I","players":["QAQeee\u56fe\u56fe\u72ac\u4fa0","blackred123"],"log":"|j|\u2606QAQeee\u56fe\u56fe\u72ac\u4fa0\n|j|\u2606blackred123\n|t:|1769836326\n|gametype|doubles\n|player|p1|QAQeee\u56fe\u56fe\u72ac\u4fa0|may-masters4|1402\n|player|p2|blackred123|iono-masters|1420\n|gen|9\n|tier|[Gen 9] VGC 2026 Reg I\n|rated|\n|rule|Species Clause: Limit one of each Pok\u00e9mon\n|rule|Item Clause: Limit 1 of each item\n|clearpoke\n|poke|p1|Calyrex-Shadow, L50|\n|poke|p1|Zamazenta-*, L50|\n|poke|p1|Chien-Pao, L50|\n|poke|p1|Dragonite, L50, M|\n|poke|p1|Amoonguss, L50, M|\n|poke|p1|Ogerpon-Cornerstone, L50, F|\n|poke|p2|Calyrex-Shadow, L50|\n|poke|p2|Zamazenta-*, L50|\n|poke|p2|Chien-Pao, L50|\n|poke|p2|Dragonite, L50, F|\n|poke|p2|Amoonguss, L50, F|\n|poke|p2|Ogerpon-Cornerstone, L50, F|\n|teampreview|4\n|inactive|Battle timer is ON: inactive players will automatically lose when time's up. (requested by blackred123)\n|c|\u2606QAQeee\u56fe\u56fe\u72ac\u4fa0|\u51b3\u6597\n|inactive|QAQeee\u56fe\u56fe\u72ac\u4fa0 has 60 seconds left.\n|\n|t:|1769836387\n|teamsize|p1|4\n|teamsize|p2|4\n|start\n|switch|p1a: Chien-Pao|Chien-Pao, L50|100/100\n|switch|p1b: Amoonguss|Amoonguss, L50, M|100/100\n|switch|p2a: Calyrex|Calyrex-Shadow, L50|100/100\n|switch|p2b: Chien-Pao|Chien-Pao, L50|100/100\n|-ability|p2a: Calyrex|As One\n|-ability|p2a: Calyrex|Unnerve\n|-ability|p1a: Chien-Pao|Sword of Ruin\n|-ability|p2b: Chien-Pao|Sword of Ruin\n|turn|1\n|\n|t:|1769836410\n|move|p2a: Calyrex|Protect|p2a: Calyrex\n|-singleturn|p2a: Calyrex|Protect\n|move|p2b: Chien-Pao|Icy Wind|p1b: Amoonguss|[spread] p1a,p1b\n|-resisted|p1a: Chien-Pao\n|-supereffective|p1b: Amoonguss\n|-damage|p1a: Chien-Pao|96/100\n|-damage|p1b: Amoonguss|80/100\n|-unboost|p1a: Chien-Pao|spe|1\n|-unboost|p1b: Amoonguss|spe|1\n|move|p1a: Chien-Pao|Icy Wind|p2b: Chien-Pao|[spread] p2b\n|-activate|p2a: Calyrex|move: Protect\n|-resisted|p2b: Chien-Pao\n|-damage|p2b: Chien-Pao|96/100\n|-unboost|p2b: Chien-Pao|spe|1\n|move|p1b: Amoonguss|Spore|p2b: Chien-Pao\n|-status|p2b: Chien-Pao|slp|[from] move: Spore\n|\n|upkeep\n|turn|2\n|\n|t:|1769836435\n|switch|p2b: Zamazenta|Zamazenta-Crowned, L50|100/100\n|-ability|p2b: Zamazenta|Dauntless Shield|boost\n|-boost|p2b: Zamazenta|def|1\n|move|p2a: Calyrex|Psychic|p1b: Amoonguss\n|-supereffective|p1b: Amoonguss\n|-damage|p1b: Amoonguss|0 fnt\n|faint|p1b: Amoonguss\n|-ability|p2a: Calyrex|Grim Neigh|boost\n|-boost|p2a: Calyrex|spa|1\n|move|p1a: Chien-Pao|Icy Wind|p2a: Calyrex|[spread] p2a,p2b\n|-resisted|p2b: Zamazenta\n|-damage|p2a: Calyrex|89/100\n|-damage|p2b: Zamazenta|97/100\n|-unboost|p2a: Calyrex|spe|1\n|-unboost|p2b: Zamazenta|spe|1\n|\n|upkeep\n|\n|t:|1769836443\n|switch|p1b: Calyrex|Calyrex-Shadow, L50|100/100\n|-ability|p1b: Calyrex|As One\n|-ability|p1b: Calyrex|Unnerve\n|turn|3\n|\n|t:|1769836470\n|switch|p2a: Chien-Pao|Chien-Pao, L50|96/100 slp\n|-ability|p2a: Chien-Pao|Sword of Ruin\n|move|p1a: Chien-Pao|Sucker Punch||[still]\n|-fail|p1a: Chien-Pao\n|move|p1b: Calyrex|Encore||[still]\n|-fail|p1b: Calyrex\n|move|p2b: Zamazenta|Body Press|p1a: Chien-Pao\n|-supereffective|p1a: Chien-Pao\n|-damage|p1a: Chien-Pao|0 fnt\n|faint|p1a: Chien-Pao\n|\n|upkeep\n|\n|t:|1769836487\n|switch|p1a: Ogerpon|Ogerpon-Cornerstone, L50, F|100/100\n|turn|4\n|\n|t:|1769836499\n|-terastallize|p1b: Calyrex|Ghost\n|move|p1b: Calyrex|Astral Barrage|p2b: Zamazenta|[spread] p2a,p2b\n|-resisted|p2a: Chien-Pao\n|-damage|p2a: Chien-Pao|65/100 slp\n|-damage|p2b: Zamazenta|42/100\n|cant|p2a: Chien-Pao|slp\n|move|p1a: Ogerpon|Ivy Cudgel|p2a: Chien-Pao|[anim] Ivy Cudgel Rock\n|-supereffective|p2a: Chien-Pao\n|-crit|p2a: Chien-Pao\n|-damage|p2a: Chien-Pao|0 fnt\n|faint|p2a: Chien-Pao\n|move|p2b: Zamazenta|Body Press|p1a: Ogerpon\n|-supereffective|p1a: Ogerpon\n|-ability|p1a: Ogerpon|Sturdy\n|-damage|p1a: Ogerpon|1/100\n|\n|upkeep\n|\n|t:|1769836512\n|switch|p2a: Calyrex|Calyrex-Shadow, L50|89/100\n|-ability|p2a: Calyrex|As One\n|-ability|p2a: Calyrex|Unnerve\n|turn|5\n|inactive|QAQeee\u56fe\u56fe\u72ac\u4fa0 has 30 seconds left.\n|\n|t:|1769836544\n|move|p2b: Zamazenta|Wide Guard|p2b: Zamazenta\n|-singleturn|p2b: Zamazenta|Wide Guard\n|move|p2a: Calyrex|Astral Barrage|p1a: Ogerpon|[spread] p1a,p1b\n|-supereffective|p1b: Calyrex\n|-damage|p1a: Ogerpon|0 fnt\n|-enditem|p1b: Calyrex|Focus Sash\n|-damage|p1b: Calyrex|1/100\n|faint|p1a: Ogerpon\n|-ability|p2a: Calyrex|Grim Neigh|boost\n|-boost|p2a: Calyrex|spa|1\n|move|p1b: Calyrex|Astral Barrage|p2b: Zamazenta|[spread] \n|-activate|p2a: Calyrex|move: Wide Guard\n|-activate|p2b: Zamazenta|move: Wide Guard\n|\n|upkeep\n|turn|6\n|c|\u2606QAQeee\u56fe\u56fe\u72ac\u4fa0|\ud83d\ude2d\n|\n|t:|1769836562\n|move|p2b: Zamazenta|Wide Guard|p2b: Zamazenta\n|-singleturn|p2b: Zamazenta|Wide Guard\n|move|p1b: Calyrex|Astral Barrage|p2a: Calyrex|[spread] \n|-activate|p2a: Calyrex|move: Wide Guard\n|-activate|p2b: Zamazenta|move: Wide Guard\n|move|p2a: Calyrex|Astral Barrage|p1b: Calyrex\n|-supereffective|p1b: Calyrex\n|-damage|p1b: Calyrex|0 fnt\n|faint|p1b: Calyrex\n|\n|win|blackred123\n|raw|QAQeee\u56fe\u56fe\u72ac\u4fa0's rating: 1402 &rarr; <strong>1383</strong><br />(-19 for losing)\n|raw|blackred123's rating: 1420 &rarr; <strong>1439</strong><br />(+19 for winning)\n","uploadtime":1769836721,"views":13,"formatid":"gen9vgc2026regi","rating":1383,"private":0,"password":null}