{"id":"gen9vgc2026regi-2578314145","format":"[Gen 9] VGC 2026 Reg I","players":["datbishgames","lozraff"],"log":"|j|\u2606datbishgames\n|j|\u2606lozraff\n|t:|1775667614\n|gametype|doubles\n|player|p1|datbishgames|mira|1405\n|player|p2|lozraff|2|1374\n|gen|9\n|tier|[Gen 9] VGC 2026 Reg I\n|rated|\n|rule|Species Clause: Limit one of each Pok\u00e9mon\n|rule|Item Clause: Limit 1 of each item\n|clearpoke\n|poke|p1|Dialga-Origin, L50|\n|poke|p1|Ho-Oh, L50|\n|poke|p1|Rotom-Wash, L50|\n|poke|p1|Amoonguss, L50, M|\n|poke|p1|Ursaluna, L50, M|\n|poke|p1|Zoroark-Hisui, L50, F|\n|poke|p2|Kyurem-White, L50|\n|poke|p2|Torkoal, L50, F|\n|poke|p2|Farigiraf, L50, M|\n|poke|p2|Incineroar, L50, F|\n|poke|p2|Annihilape, L50, M|\n|poke|p2|Calyrex-Ice, L50|\n|teampreview|4\n|inactive|Battle timer is ON: inactive players will automatically lose when time's up. (requested by lozraff)\n|inactive|datbishgames also wants the timer to be on.\n|inactive|lozraff has 60 seconds left.\n|\n|t:|1775667666\n|teamsize|p1|4\n|teamsize|p2|4\n|start\n|switch|p1a: Rotom|Rotom-Wash, L50|100/100\n|switch|p1b: Ursaluna|Ursaluna, L50, M|100/100\n|switch|p2a: Annihilape|Annihilape, L50, M|100/100\n|switch|p2b: Farigiraf|Farigiraf, L50, M|100/100\n|turn|1\n|inactive|lozraff has 30 seconds left.\n|\n|t:|1775667696\n|-terastallize|p1b: Ursaluna|Ghost\n|move|p2a: Annihilape|Final Gambit|p1b: Ursaluna\n|-immune|p1b: Ursaluna\n|move|p1b: Ursaluna|Swords Dance|p1b: Ursaluna\n|-boost|p1b: Ursaluna|atk|2\n|move|p1a: Rotom|Volt Switch|p2a: Annihilape\n|-damage|p2a: Annihilape|78/100\n|\n|t:|1775667705\n|switch|p1a: Dialga|Dialga-Origin, L50|100/100|[from] Volt Switch\n|move|p2b: Farigiraf|Nasty Plot|p2b: Farigiraf\n|-boost|p2b: Farigiraf|spa|2\n|\n|-status|p1b: Ursaluna|brn|[from] item: Flame Orb\n|upkeep\n|turn|2\n|\n|t:|1775667723\n|move|p1a: Dialga|Protect|p1a: Dialga\n|-singleturn|p1a: Dialga|Protect\n|move|p2a: Annihilape|Final Gambit|p1a: Dialga\n|-activate|p1a: Dialga|move: Protect\n|move|p1b: Ursaluna|Earthquake|p2b: Farigiraf|[spread] p2a,p2b\n|-activate|p1a: Dialga|move: Protect\n|-damage|p2a: Annihilape|0 fnt\n|-damage|p2b: Farigiraf|10/100\n|-enditem|p2b: Farigiraf|Aguav Berry|[eat]\n|-heal|p2b: Farigiraf|43/100|[from] item: Aguav Berry\n|faint|p2a: Annihilape\n|move|p2b: Farigiraf|Trick Room|p2b: Farigiraf\n|-fieldstart|move: Trick Room|[of] p2b: Farigiraf\n|\n|-damage|p1b: Ursaluna|95/100 brn|[from] brn\n|upkeep\n|inactive|lozraff has 30 seconds left.\n|inactive|lozraff has 20 seconds left.\n|inactive|lozraff has 15 seconds left.\n|\n|t:|1775667763\n|switch|p2a: Kyurem|Kyurem-White, L50|100/100\n|-ability|p2a: Kyurem|Turboblaze\n|turn|3\n|inactive|lozraff has 30 seconds left.\n|\n|t:|1775667789\n|move|p1b: Ursaluna|Protect|p1b: Ursaluna\n|-singleturn|p1b: Ursaluna|Protect\n|move|p2b: Farigiraf|Shadow Ball|p1b: Ursaluna\n|-activate|p1b: Ursaluna|move: Protect\n|move|p2a: Kyurem|Earth Power|p1a: Dialga\n|-supereffective|p1a: Dialga\n|-damage|p1a: Dialga|33/100\n|move|p1a: Dialga|Trick Room|p1a: Dialga\n|-fieldend|move: Trick Room\n|\n|-damage|p1b: Ursaluna|89/100 brn|[from] brn\n|upkeep\n|turn|4\n|inactive|lozraff has 30 seconds left.\n|\n|t:|1775667815\n|move|p1b: Ursaluna|Earthquake|p2b: Farigiraf|[spread] p2a,p2b\n|-activate|p1a: Dialga|ability: Telepathy\n|-damage|p2a: Kyurem|13/100\n|-damage|p2b: Farigiraf|0 fnt\n|faint|p2b: Farigiraf\n|move|p1a: Dialga|Flash Cannon|p2a: Kyurem\n|-supereffective|p2a: Kyurem\n|-damage|p2a: Kyurem|0 fnt\n|faint|p2a: Kyurem\n|\n|-damage|p1b: Ursaluna|83/100 brn|[from] brn\n|upkeep\n|\n|t:|1775667827\n|switch|p2b: Calyrex|Calyrex-Ice, L50|100/100\n|-ability|p2b: Calyrex|As One\n|-ability|p2b: Calyrex|Unnerve\n|turn|5\n|\n|t:|1775667836\n|move|p1b: Ursaluna|Facade|p2b: Calyrex\n|-damage|p2b: Calyrex|0 fnt\n|faint|p2b: Calyrex\n|\n|win|datbishgames\n|raw|datbishgames's rating: 1405 &rarr; <strong>1423</strong><br />(+18 for winning)\n|raw|lozraff's rating: 1374 &rarr; <strong>1356</strong><br />(-18 for losing)\n|l|\u2606lozraff\n|player|p2|\n|l|\u2606datbishgames\n|player|p1|\n","uploadtime":1775667999,"views":9,"formatid":"gen9vgc2026regi","rating":1356,"private":0,"password":null}