{"id":"gen9vgc2026regi-2530432022","format":"[Gen 9] VGC 2026 Reg I","players":["ky123456","lalo's pollos"],"log":"|j|\u2606ky123456\n|j|\u2606lalo's pollos\n|t:|1769916366\n|gametype|doubles\n|player|p1|ky123456|cynthia-gen4|1357\n|player|p2|lalo's pollos|169|1462\n|gen|9\n|tier|[Gen 9] VGC 2026 Reg I\n|rated|\n|rule|Species Clause: Limit one of each Pok\u00e9mon\n|rule|Item Clause: Limit 1 of each item\n|clearpoke\n|poke|p1|Lunala, L50|\n|poke|p1|Torkoal, L50, M|\n|poke|p1|Urshifu-*, L50, M|\n|poke|p1|Indeedee-F, L50, F|\n|poke|p1|Calyrex-Ice, L50|\n|poke|p1|Smeargle, L50, M|\n|poke|p2|Miraidon, L50|\n|poke|p2|Landorus, L50, M|\n|poke|p2|Incineroar, L50, M|\n|poke|p2|Iron Bundle, L50|\n|poke|p2|Farigiraf, L50, F|\n|poke|p2|Calyrex-Ice, L50|\n|teampreview|4\n|\n|t:|1769916392\n|teamsize|p1|4\n|teamsize|p2|4\n|start\n|switch|p1a: Lunala|Lunala, L50|100/100\n|switch|p1b: Indeedee|Indeedee-F, L50, F|100/100\n|switch|p2a: Co-Star|Miraidon, L50|100/100\n|switch|p2b: Landorus|Landorus, L50, M|100/100\n|-fieldstart|move: Electric Terrain|[from] ability: Hadron Engine|[of] p2a: Co-Star\n|-fieldstart|move: Psychic Terrain|[from] ability: Psychic Surge|[of] p1b: Indeedee\n|turn|1\n|\n|t:|1769916410\n|move|p1b: Indeedee|Helping Hand|p1a: Lunala\n|-singleturn|p1a: Lunala|Helping Hand|[of] p1b: Indeedee\n|move|p2a: Co-Star|Volt Switch|p1a: Lunala\n|-damage|p1a: Lunala|81/100\n|\n|t:|1769916417\n|switch|p2a: Incineroar|Incineroar, L50, M|100/100|[from] Volt Switch\n|-ability|p2a: Incineroar|Intimidate|boost\n|-unboost|p1a: Lunala|atk|1\n|-unboost|p1b: Indeedee|atk|1\n|move|p2b: Landorus|Sandsear Storm|p1b: Indeedee|[spread] p1a,p1b\n|-damage|p1a: Lunala|36/100\n|-damage|p1b: Indeedee|43/100\n|move|p1a: Lunala|Expanding Force|p2a: Incineroar|[spread] p2b\n|-immune|p2a: Incineroar\n|-damage|p2b: Landorus|0 fnt\n|faint|p2b: Landorus\n|\n|upkeep\n|\n|t:|1769916427\n|switch|p2b: Co-Star|Miraidon, L50|100/100\n|-fieldstart|move: Electric Terrain|[from] ability: Hadron Engine|[of] p2b: Co-Star\n|turn|2\n|\n|t:|1769916436\n|switch|p1a: Torkoal|Torkoal, L50, M|100/100\n|-weather|SunnyDay|[from] ability: Drought|[of] p1a: Torkoal\n|move|p2b: Co-Star|Volt Switch|p1a: Torkoal\n|-damage|p1a: Torkoal|0 fnt\n|faint|p1a: Torkoal\n|\n|t:|1769916446\n|switch|p2b: Calyrex|Calyrex-Ice, L50|100/100|[from] Volt Switch\n|-ability|p2b: Calyrex|As One\n|-ability|p2b: Calyrex|Unnerve\n|move|p2a: Incineroar|Knock Off|p1b: Indeedee\n|-supereffective|p1b: Indeedee\n|-crit|p1b: Indeedee\n|-damage|p1b: Indeedee|0 fnt\n|-enditem|p1b: Indeedee|Safety Goggles|[from] move: Knock Off|[of] p2a: Incineroar\n|faint|p1b: Indeedee\n|\n|-weather|SunnyDay|[upkeep]\n|upkeep\n|j| circleming\n|\n|t:|1769916455\n|switch|p1b: Lunala|Lunala, L50|36/100\n|switch|p1a: Calyrex|Calyrex-Ice, L50|100/100\n|-ability|p1a: Calyrex|As One\n|-ability|p1a: Calyrex|Unnerve\n|turn|3\n|\n|t:|1769916483\n|-terastallize|p1a: Calyrex|Fire\n|move|p2a: Incineroar|Fake Out||[still]\n|-hint|Fake Out only works on your first turn out.\n|-fail|p2a: Incineroar\n|move|p1b: Lunala|Meteor Beam||[still]\n|-prepare|p1b: Lunala|Meteor Beam\n|-boost|p1b: Lunala|spa|1\n|-enditem|p1b: Lunala|Power Herb\n|-anim|p1b: Lunala|Meteor Beam|p2a: Incineroar\n|-supereffective|p2a: Incineroar\n|-damage|p2a: Incineroar|16/100\n|move|p2b: Calyrex|High Horsepower|p1b: Lunala\n|-damage|p1b: Lunala|6/100\n|move|p1a: Calyrex|High Horsepower|p2a: Incineroar\n|-supereffective|p2a: Incineroar\n|-damage|p2a: Incineroar|0 fnt\n|faint|p2a: Incineroar\n|-ability|p1a: Calyrex|Chilling Neigh|boost\n|-boost|p1a: Calyrex|atk|1\n|\n|-weather|SunnyDay|[upkeep]\n|upkeep\n|\n|t:|1769916489\n|switch|p2a: Co-Star|Miraidon, L50|100/100\n|-activate|p2a: Co-Star|ability: Hadron Engine\n|turn|4\n|c|\u2606lalo's pollos|oops\n|\n|t:|1769916502\n|-terastallize|p2a: Co-Star|Fairy\n|move|p2a: Co-Star|Electro Drift|p1a: Calyrex\n|-damage|p1a: Calyrex|13/100\n|move|p1b: Lunala|Moongeist Beam|p2b: Calyrex\n|-supereffective|p2b: Calyrex\n|-damage|p2b: Calyrex|1/100\n|move|p1a: Calyrex|Glacial Lance|p2a: Co-Star|[spread] p2a,p2b\n|-resisted|p2b: Calyrex\n|-damage|p2a: Co-Star|12/100\n|-damage|p2b: Calyrex|0 fnt\n|faint|p2b: Calyrex\n|-ability|p1a: Calyrex|Chilling Neigh|boost\n|-boost|p1a: Calyrex|atk|1\n|\n|-weather|SunnyDay|[upkeep]\n|upkeep\n|turn|5\n|\n|t:|1769916518\n|move|p2a: Co-Star|Electro Drift|p1a: Calyrex\n|-damage|p1a: Calyrex|0 fnt\n|faint|p1a: Calyrex\n|move|p1b: Lunala|Moongeist Beam|p2a: Co-Star\n|-damage|p2a: Co-Star|0 fnt\n|faint|p2a: Co-Star\n|\n|win|ky123456\n|raw|ky123456's rating: 1357 &rarr; <strong>1383</strong><br />(+26 for winning)\n|raw|lalo&apos;s pollos's rating: 1462 &rarr; <strong>1436</strong><br />(-26 for losing)\n|c|\u2606lalo's pollos|gg\n|l|\u2606ky123456\n|player|p1|\n|l|\u2606lalo's pollos\n|player|p2|\n","uploadtime":1769916709,"views":11,"formatid":"gen9vgc2026regi","rating":1383,"private":0,"password":null}