{"id":"gen9vgc2026regi-2515882954","format":"[Gen 9] VGC 2026 Reg I","players":["hello343","blackred123\u6c38\u96cf\u5854\u83f2\u4fa0"],"log":"|j|\u2606hello343\n|j|\u2606blackred123\u6c38\u96cf\u5854\u83f2\u4fa0\n|t:|1768055822\n|gametype|doubles\n|player|p1|hello343|265|1318\n|player|p2|blackred123\u6c38\u96cf\u5854\u83f2\u4fa0|iono-masters|1352\n|gen|9\n|tier|[Gen 9] VGC 2026 Reg I\n|rated|\n|rule|Species Clause: Limit one of each Pok\u00e9mon\n|rule|Item Clause: Limit 1 of each item\n|clearpoke\n|poke|p1|Koraidon, L50|\n|poke|p1|Lilligant-Hisui, L50, F|\n|poke|p1|Miraidon, L50|\n|poke|p1|Incineroar, L50, M|\n|poke|p1|Grimmsnarl, L50, M|\n|poke|p1|Hariyama, L50, M|\n|poke|p2|Calyrex-Shadow, L50|\n|poke|p2|Koraidon, L50|\n|poke|p2|Brute Bonnet, L50|\n|poke|p2|Landorus, L50, M|\n|poke|p2|Raging Bolt, L50|\n|poke|p2|Incineroar, L50, F|\n|teampreview|4\n|inactive|Battle timer is ON: inactive players will automatically lose when time's up. (requested by blackred123\u6c38\u96cf\u5854\u83f2\u4fa0)\n|inactive|blackred123\u6c38\u96cf\u5854\u83f2\u4fa0 has 60 seconds left.\n|\n|t:|1768055865\n|teamsize|p1|4\n|teamsize|p2|4\n|start\n|switch|p1a: Hariyama|Hariyama, L50, M|100/100\n|switch|p1b: Miraidon|Miraidon, L50|100/100\n|switch|p2a: Koraidon|Koraidon, L50|100/100\n|switch|p2b: Incineroar|Incineroar, L50, F|100/100\n|-fieldstart|move: Electric Terrain|[from] ability: Hadron Engine|[of] p1b: Miraidon\n|-weather|SunnyDay|[from] ability: Orichalcum Pulse|[of] p2a: Koraidon\n|-activate|p2a: Koraidon|Orichalcum Pulse|[source]\n|-ability|p2b: Incineroar|Intimidate|boost\n|-unboost|p1a: Hariyama|atk|1\n|-unboost|p1b: Miraidon|atk|1\n|turn|1\n|\n|t:|1768055887\n|-terastallize|p2a: Koraidon|Fire\n|move|p2b: Incineroar|Fake Out|p1a: Hariyama\n|-damage|p1a: Hariyama|88/100\n|move|p1a: Hariyama|Fake Out|p2a: Koraidon\n|-damage|p2a: Koraidon|92/100\n|move|p1b: Miraidon|Dazzling Gleam|p2a: Koraidon|[spread] p2a,p2b\n|-resisted|p2a: Koraidon\n|-damage|p2a: Koraidon|74/100\n|-damage|p2b: Incineroar|58/100\n|cant|p2a: Koraidon|flinch\n|\n|-weather|SunnyDay|[upkeep]\n|upkeep\n|turn|2\n|j| Miyokan\n|inactive|blackred123\u6c38\u96cf\u5854\u83f2\u4fa0 has 30 seconds left.\n|\n|t:|1768055922\n|switch|p1a: Incineroar|Incineroar, L50, M|100/100\n|-ability|p1a: Incineroar|Intimidate|boost\n|-fail|p2a: Koraidon|unboost|[from] item: Clear Amulet|[of] p2a: Koraidon\n|-unboost|p2b: Incineroar|atk|1\n|move|p2a: Koraidon|Protect|p2a: Koraidon\n|-singleturn|p2a: Koraidon|Protect\n|move|p1b: Miraidon|Dazzling Gleam|p2b: Incineroar|[spread] p2b\n|-activate|p2a: Koraidon|move: Protect\n|-damage|p2b: Incineroar|17/100\n|move|p2b: Incineroar|Parting Shot|p1b: Miraidon\n|-unboost|p1b: Miraidon|atk|1\n|-unboost|p1b: Miraidon|spa|1\n|j| QAQeee\u5609\u7136\u4fa0\n|\n|t:|1768055938\n|switch|p2b: Calyrex|Calyrex-Shadow, L50|100/100|[from] Parting Shot\n|-ability|p2b: Calyrex|As One\n|-ability|p2b: Calyrex|Unnerve\n|\n|-weather|SunnyDay|[upkeep]\n|upkeep\n|turn|3\n|\n|t:|1768055960\n|switch|p1b: Hariyama|Hariyama, L50, M|88/100\n|move|p2b: Calyrex|Astral Barrage|p1b: Hariyama|[spread] p1a,p1b\n|-resisted|p1a: Incineroar\n|-damage|p1a: Incineroar|84/100\n|-damage|p1b: Hariyama|34/100\n|move|p2a: Koraidon|Collision Course|p1a: Incineroar\n|-supereffective|p1a: Incineroar\n|-damage|p1a: Incineroar|0 fnt\n|faint|p1a: Incineroar\n|\n|-weather|SunnyDay|[upkeep]\n|upkeep\n|\n|t:|1768055976\n|switch|p1a: Miraidon|Miraidon, L50|100/100\n|-activate|p1a: Miraidon|ability: Hadron Engine\n|turn|4\n|\n|t:|1768055988\n|move|p2a: Koraidon|Protect|p2a: Koraidon\n|-singleturn|p2a: Koraidon|Protect\n|move|p1b: Hariyama|Wide Guard|p1b: Hariyama\n|-singleturn|p1b: Hariyama|Wide Guard\n|move|p2b: Calyrex|Astral Barrage|p1b: Hariyama|[spread] \n|-activate|p1a: Miraidon|move: Wide Guard\n|-activate|p1b: Hariyama|move: Wide Guard\n|move|p1a: Miraidon|Electro Drift|p2b: Calyrex\n|-enditem|p2b: Calyrex|Focus Sash\n|-damage|p2b: Calyrex|1/100\n|\n|-weather|SunnyDay|[upkeep]\n|upkeep\n|turn|5\n|\n|t:|1768056007\n|switch|p2b: \u5146\u7ea7\u7535\u538b|Raging Bolt, L50|100/100\n|-activate|p2b: \u5146\u7ea7\u7535\u538b|ability: Protosynthesis\n|-start|p2b: \u5146\u7ea7\u7535\u538b|protosynthesisspa\n|move|p1b: Hariyama|Wide Guard|p1b: Hariyama\n|-singleturn|p1b: Hariyama|Wide Guard\n|move|p1a: Miraidon|Electro Drift|p2a: Koraidon\n|-damage|p2a: Koraidon|0 fnt\n|faint|p2a: Koraidon\n|\n|-weather|none\n|-end|p2b: \u5146\u7ea7\u7535\u538b|Protosynthesis\n|-fieldend|move: Electric Terrain\n|upkeep\n|\n|t:|1768056021\n|switch|p2a: Incineroar|Incineroar, L50, F|17/100\n|-ability|p2a: Incineroar|Intimidate|boost\n|-unboost|p1a: Miraidon|atk|1\n|-unboost|p1b: Hariyama|atk|1\n|turn|6\n|\n|t:|1768056039\n|switch|p1b: Koraidon|Koraidon, L50|100/100\n|-weather|SunnyDay|[from] ability: Orichalcum Pulse|[of] p1b: Koraidon\n|-activate|p2b: \u5146\u7ea7\u7535\u538b|ability: Protosynthesis\n|-start|p2b: \u5146\u7ea7\u7535\u538b|protosynthesisspa\n|-activate|p1b: Koraidon|Orichalcum Pulse|[source]\n|-terastallize|p1a: Miraidon|Fairy\n|move|p2a: Incineroar|Fake Out|p1a: Miraidon\n|-damage|p1a: Miraidon|88/100\n|cant|p1a: Miraidon|flinch\n|move|p2b: \u5146\u7ea7\u7535\u538b|Thunderbolt|p1b: Koraidon\n|-resisted|p1b: Koraidon\n|-damage|p1b: Koraidon|70/100\n|\n|-weather|SunnyDay|[upkeep]\n|upkeep\n|turn|7\n|\n|t:|1768056061\n|move|p2a: Incineroar|Helping Hand|p2b: \u5146\u7ea7\u7535\u538b\n|-singleturn|p2b: \u5146\u7ea7\u7535\u538b|Helping Hand|[of] p2a: Incineroar\n|move|p2b: \u5146\u7ea7\u7535\u538b|Thunderclap|p1a: Miraidon\n|-damage|p1a: Miraidon|25/100\n|move|p1a: Miraidon|Electro Drift|p2a: Incineroar\n|-damage|p2a: Incineroar|0 fnt\n|-damage|p1a: Miraidon|8/100|[from] item: Rocky Helmet|[of] p2a: Incineroar\n|faint|p2a: Incineroar\n|move|p1b: Koraidon|Dragon Claw|p2b: \u5146\u7ea7\u7535\u538b\n|-supereffective|p2b: \u5146\u7ea7\u7535\u538b\n|-damage|p2b: \u5146\u7ea7\u7535\u538b|8/100\n|\n|-weather|SunnyDay|[upkeep]\n|upkeep\n|\n|t:|1768056075\n|switch|p2a: Calyrex|Calyrex-Shadow, L50|1/100\n|-ability|p2a: Calyrex|As One\n|-ability|p2a: Calyrex|Unnerve\n|turn|8\n|\n|t:|1768056089\n|move|p1b: Koraidon|Protect|p1b: Koraidon\n|-singleturn|p1b: Koraidon|Protect\n|move|p2b: \u5146\u7ea7\u7535\u538b|Thunderclap|p1a: Miraidon\n|-damage|p1a: Miraidon|0 fnt\n|faint|p1a: Miraidon\n|move|p2a: Calyrex|Psychic|p1b: Koraidon\n|-activate|p1b: Koraidon|move: Protect\n|\n|-weather|SunnyDay|[upkeep]\n|upkeep\n|\n|t:|1768056097\n|switch|p1a: Hariyama|Hariyama, L50, M|34/100\n|turn|9\n|\n|t:|1768056110\n|move|p1a: Hariyama|Fake Out|p2b: \u5146\u7ea7\u7535\u538b\n|-crit|p2b: \u5146\u7ea7\u7535\u538b\n|-damage|p2b: \u5146\u7ea7\u7535\u538b|0 fnt\n|faint|p2b: \u5146\u7ea7\u7535\u538b\n|-end|p2b: \u5146\u7ea7\u7535\u538b|Protosynthesis|[silent]\n|move|p2a: Calyrex|Psychic|p1b: Koraidon\n|-supereffective|p1b: Koraidon\n|-damage|p1b: Koraidon|0 fnt\n|faint|p1b: Koraidon\n|-ability|p2a: Calyrex|Grim Neigh|boost\n|-boost|p2a: Calyrex|spa|1\n|\n|-weather|SunnyDay|[upkeep]\n|upkeep\n|turn|10\n|-message|hello343 forfeited.\n|\n|win|blackred123\u6c38\u96cf\u5854\u83f2\u4fa0\n|raw|hello343's rating: 1318 &rarr; <strong>1300</strong><br />(-18 for losing)\n|raw|blackred123\u6c38\u96cf\u5854\u83f2\u4fa0's rating: 1352 &rarr; <strong>1370</strong><br />(+18 for winning)\n|l|\u2606hello343\n|player|p1|\n|l| QAQeee\u5609\u7136\u4fa0\n|l| Miyokan\n","uploadtime":1768056314,"views":16,"formatid":"gen9vgc2026regi","rating":1300,"private":0,"password":null}