{"id":"gen9vgc2026regi-2523962000","format":"[Gen 9] VGC 2026 Reg I","players":["L3git Pro","liam.2025"],"log":"|j|\u2606L3git Pro\n|j|\u2606liam.2025\n|t:|1769095067\n|gametype|doubles\n|player|p1|L3git Pro|cynthia-gen7|1159\n|player|p2|liam.2025|policeman|1420\n|gen|9\n|tier|[Gen 9] VGC 2026 Reg I\n|rated|\n|rule|Species Clause: Limit one of each Pok\u00e9mon\n|rule|Item Clause: Limit 1 of each item\n|clearpoke\n|poke|p1|Indeedee-F, L50, F|\n|poke|p1|Calyrex-Shadow, L50|\n|poke|p1|Ursaluna, L50, M|\n|poke|p1|Incineroar, L50, F|\n|poke|p1|Dialga-Origin, L50|\n|poke|p1|Landorus, L50, M|\n|poke|p2|Murkrow, L50, M|\n|poke|p2|Weezing-Galar, L50, F|\n|poke|p2|Terapagos, L50, M|\n|poke|p2|Smeargle, L50, M|\n|poke|p2|Calyrex-Ice, L50|\n|poke|p2|Ursaluna, L50, M|\n|teampreview|4\n|\n|t:|1769095083\n|teamsize|p1|4\n|teamsize|p2|4\n|start\n|switch|p1a: Calyrex|Calyrex-Shadow, L50|100/100\n|switch|p1b: Indeedee|Indeedee-F, L50, F|100/100\n|switch|p2a: Murkrow|Murkrow, L50, M|100/100\n|switch|p2b: Calyrex|Calyrex-Ice, L50|100/100\n|-ability|p1a: Calyrex|As One\n|-ability|p1a: Calyrex|Unnerve\n|-ability|p2b: Calyrex|As One\n|-ability|p2b: Calyrex|Unnerve\n|-fieldstart|move: Psychic Terrain|[from] ability: Psychic Surge|[of] p1b: Indeedee\n|turn|1\n|inactive|Battle timer is ON: inactive players will automatically lose when time's up. (requested by liam.2025)\n|inactive|liam.2025 has 60 seconds left.\n|\n|t:|1769095113\n|switch|p1b: Incineroar|Incineroar, L50, F|100/100\n|-ability|p1b: Incineroar|Intimidate|boost\n|-unboost|p2a: Murkrow|atk|1\n|-fail|p2b: Calyrex|unboost|[from] item: Clear Amulet|[of] p2b: Calyrex\n|-terastallize|p2b: Calyrex|Water\n|move|p1a: Calyrex|Astral Barrage|p2a: Murkrow|[spread] p2a,p2b\n|-resisted|p2a: Murkrow\n|-crit|p2a: Murkrow\n|-damage|p2a: Murkrow|4/100\n|-damage|p2b: Calyrex|49/100\n|-damage|p1a: Calyrex|91/100|[from] item: Life Orb\n|move|p2b: Calyrex|Glacial Lance|p1a: Calyrex|[spread] p1a,p1b\n|-resisted|p1b: Incineroar\n|-damage|p1a: Calyrex|35/100\n|-damage|p1b: Incineroar|85/100\n|move|p2a: Murkrow|Brave Bird|p1a: Calyrex\n|-damage|p1a: Calyrex|0 fnt\n|faint|p1a: Calyrex\n|-damage|p2a: Murkrow|0 fnt|[from] Recoil\n|faint|p2a: Murkrow\n|\n|upkeep\n|\n|t:|1769095134\n|switch|p1a: Landorus|Landorus, L50, M|100/100\n|switch|p2a: Terapagos|Terapagos, L50, M|100/100\n|-activate|p2a: Terapagos|ability: Tera Shift\n|detailschange|p2a: Terapagos|Terapagos-Terastal, L50, M\n|-heal|p2a: Terapagos|100/100|[silent]\n|turn|2\n|inactive|L3git Pro has 30 seconds left.\n|\n|t:|1769095163\n|move|p1a: Landorus|Protect|p1a: Landorus\n|-singleturn|p1a: Landorus|Protect\n|move|p2a: Terapagos|Tera Starstorm|p1b: Incineroar\n|-damage|p1b: Incineroar|3/100\n|move|p2b: Calyrex|Glacial Lance|p1a: Landorus|[spread] p1b\n|-activate|p1a: Landorus|move: Protect\n|-resisted|p1b: Incineroar\n|-damage|p1b: Incineroar|0 fnt\n|faint|p1b: Incineroar\n|-ability|p2b: Calyrex|Chilling Neigh|boost\n|-boost|p2b: Calyrex|atk|1\n|\n|upkeep\n|\n|t:|1769095173\n|switch|p1b: Indeedee|Indeedee-F, L50, F|100/100\n|turn|3\n|\n|t:|1769095180\n|-terastallize|p1a: Landorus|Poison\n|move|p1b: Indeedee|Helping Hand|p1a: Landorus\n|-singleturn|p1a: Landorus|Helping Hand|[of] p1b: Indeedee\n|move|p1a: Landorus|Sandsear Storm|p2b: Calyrex|[spread] p2a,p2b\n|-activate|p2a: Terapagos|ability: Tera Shell\n|-resisted|p2a: Terapagos\n|-damage|p2a: Terapagos|68/100\n|-damage|p2b: Calyrex|0 fnt\n|faint|p2b: Calyrex\n|move|p2a: Terapagos|Tera Starstorm|p1a: Landorus\n|-enditem|p1a: Landorus|Focus Sash\n|-damage|p1a: Landorus|1/100\n|\n|upkeep\n|\n|t:|1769095193\n|switch|p2b: Smeargle|Smeargle, L50, M|100/100\n|turn|4\n|\n|t:|1769095214\n|move|p1b: Indeedee|Helping Hand|p1a: Landorus\n|-singleturn|p1a: Landorus|Helping Hand|[of] p1b: Indeedee\n|move|p2b: Smeargle|Follow Me|p2b: Smeargle\n|-singleturn|p2b: Smeargle|move: Follow Me\n|move|p1a: Landorus|Sandsear Storm|p2b: Smeargle|[spread] p2a,p2b\n|-damage|p2a: Terapagos|3/100\n|-enditem|p2b: Smeargle|Focus Sash\n|-damage|p2b: Smeargle|1/100\n|move|p2a: Terapagos|Tera Starstorm|p1a: Landorus\n|-damage|p1a: Landorus|0 fnt\n|faint|p1a: Landorus\n|\n|upkeep\n|turn|5\n|-message|L3git Pro forfeited.\n|\n|win|liam.2025\n|raw|L3git Pro's rating: 1159 &rarr; <strong>1150</strong><br />(-9 for losing)\n|raw|liam.2025's rating: 1420 &rarr; <strong>1427</strong><br />(+7 for winning)\n|l|\u2606L3git Pro\n|player|p1|\n","uploadtime":1769095391,"views":11,"formatid":"gen9vgc2026regi","rating":1150,"private":0,"password":null}