{"id":"gen9vgc2026regi-2587016437","format":"[Gen 9] VGC 2026 Reg I","players":["serena3668","Glaceon_1740"],"log":"|j|\u2606serena3668\n|j|\u2606Glaceon_1740\n|t:|1776481558\n|gametype|doubles\n|player|p1|serena3668|169|1459\n|player|p2|Glaceon_1740|dawn-gen4pt|1367\n|gen|9\n|tier|[Gen 9] VGC 2026 Reg I\n|rated|\n|rule|Species Clause: Limit one of each Pok\u00e9mon\n|rule|Item Clause: Limit 1 of each item\n|clearpoke\n|poke|p1|Landorus, L50, M|\n|poke|p1|Kyogre, L50|\n|poke|p1|Iron Hands, L50|\n|poke|p1|Miraidon, L50|\n|poke|p1|Farigiraf, L50, F|\n|poke|p1|Murkrow, L50, M|\n|poke|p2|Meowscarada, L50, F|\n|poke|p2|Murkrow, L50, M|\n|poke|p2|Kyogre, L50|\n|poke|p2|Zacian-*, L50|\n|poke|p2|Incineroar, L50, F|\n|poke|p2|Rillaboom, L50, F|\n|teampreview|4\n|inactive|Battle timer is ON: inactive players will automatically lose when time's up. (requested by Glaceon_1740)\n|inactive|serena3668 has 60 seconds left.\n|inactive|Glaceon_1740 has 60 seconds left.\n|inactive|Glaceon_1740 has 30 seconds left.\n|inactive|Glaceon_1740 has 20 seconds left.\n|\n|t:|1776481639\n|teamsize|p1|4\n|teamsize|p2|4\n|start\n|switch|p1a: Iron Hands|Iron Hands, L50, shiny|100/100\n|switch|p1b: Kyogre|Kyogre, L50|100/100\n|switch|p2a: Meowscarada|Meowscarada, L50, F|100/100\n|switch|p2b: Kyogre|Kyogre, L50|100/100\n|-weather|RainDance|[from] ability: Drizzle|[of] p1b: Kyogre\n|turn|1\n|inactive|serena3668 has 30 seconds left.\n|\n|t:|1776481666\n|move|p1b: Kyogre|Protect|p1b: Kyogre\n|-singleturn|p1b: Kyogre|Protect\n|move|p2a: Meowscarada|Flower Trick|p1b: Kyogre\n|-start|p2a: Meowscarada|typechange|Grass|[from] ability: Protean\n|-activate|p1b: Kyogre|move: Protect\n|move|p2b: Kyogre|Water Spout|p1b: Kyogre|[spread] p1a\n|-activate|p1b: Kyogre|move: Protect\n|-damage|p1a: Iron Hands|45/100\n|move|p1a: Iron Hands|Wild Charge|p2b: Kyogre\n|-supereffective|p2b: Kyogre\n|-damage|p2b: Kyogre|4/100\n|-damage|p1a: Iron Hands|24/100|[from] Recoil\n|\n|-weather|RainDance|[upkeep]\n|upkeep\n|turn|2\n|inactive|serena3668 has 30 seconds left.\n|inactive|Glaceon_1740 has 30 seconds left.\n|inactive|Glaceon_1740 has 20 seconds left.\n|inactive|Glaceon_1740 has 15 seconds left.\n|inactive|Glaceon_1740 has 10 seconds left.\n|inactive|Glaceon_1740 has 5 seconds left.\n|\n|t:|1776481721\n|switch|p1b: Miraidon|Miraidon, L50|100/100\n|-fieldstart|move: Electric Terrain|[from] ability: Hadron Engine|[of] p1b: Miraidon\n|-activate|p1a: Iron Hands|ability: Quark Drive\n|-start|p1a: Iron Hands|quarkdriveatk\n|-end|p1a: Iron Hands|Quark Drive|[silent]\n|switch|p1a: Farigiraf|Farigiraf, L50, F|100/100\n|move|p2a: Meowscarada|Flower Trick|p1b: Miraidon\n|-resisted|p1b: Miraidon\n|-crit|p1b: Miraidon\n|-damage|p1b: Miraidon|74/100\n|move|p2b: Kyogre|Water Spout|p1a: Farigiraf|[spread] p1a,p1b\n|-resisted|p1b: Miraidon\n|-damage|p1a: Farigiraf|97/100\n|-damage|p1b: Miraidon|72/100\n|\n|-weather|RainDance|[upkeep]\n|-heal|p1a: Farigiraf|100/100|[from] item: Leftovers\n|upkeep\n|turn|3\n|inactive|Glaceon_1740 has 30 seconds left.\n|inactive|serena3668 has 30 seconds left.\n|inactive|Glaceon_1740 has 20 seconds left.\n|inactive|Glaceon_1740 has 15 seconds left.\n|inactive|Glaceon_1740 has 10 seconds left.\n|inactive|Glaceon_1740 has 5 seconds left.\n|\n|t:|1776481776\n|move|p1b: Miraidon|Volt Switch|p2b: Kyogre\n|-supereffective|p2b: Kyogre\n|-damage|p2b: Kyogre|0 fnt\n|faint|p2b: Kyogre\n|\n|t:|1776481789\n|switch|p1b: Iron Hands|Iron Hands, L50, shiny|24/100|[from] Volt Switch\n|-activate|p1b: Iron Hands|ability: Quark Drive\n|-start|p1b: Iron Hands|quarkdriveatk\n|move|p2a: Meowscarada|Flower Trick|p1b: Iron Hands\n|-crit|p1b: Iron Hands\n|-damage|p1b: Iron Hands|0 fnt\n|faint|p1b: Iron Hands\n|-end|p1b: Iron Hands|Quark Drive|[silent]\n|move|p1a: Farigiraf|Foul Play|p2a: Meowscarada\n|-damage|p2a: Meowscarada|58/100\n|\n|-weather|RainDance|[upkeep]\n|upkeep\n|inactive|Glaceon_1740 has 30 seconds left.\n|inactive|Glaceon_1740 has 20 seconds left.\n|inactive|Glaceon_1740 has 15 seconds left.\n|inactive|Glaceon_1740 has 10 seconds left.\n|inactive|Glaceon_1740 has 5 seconds left.\n|\n|t:|1776481844\n|switch|p2b: Rillaboom|Rillaboom, L50, F, shiny|100/100\n|switch|p1b: Miraidon|Miraidon, L50|72/100\n|-activate|p1b: Miraidon|ability: Hadron Engine\n|-fieldstart|move: Grassy Terrain|[from] ability: Grassy Surge|[of] p2b: Rillaboom\n|turn|4\n|inactive|Glaceon_1740 has 30 seconds left.\n|inactive|Glaceon_1740 has 20 seconds left.\n|inactive|Glaceon_1740 has 15 seconds left.\n|inactive|Glaceon_1740 has 10 seconds left.\n|inactive|Glaceon_1740 has 5 seconds left.\n|\n|t:|1776481899\n|move|p1a: Farigiraf|Helping Hand|p1b: Miraidon\n|-singleturn|p1b: Miraidon|Helping Hand|[of] p1a: Farigiraf\n|move|p2b: Rillaboom|Fake Out||[still]\n|cant|p1a: Farigiraf|ability: Armor Tail|Fake Out|[of] p2b: Rillaboom\n|move|p1b: Miraidon|Draco Meteor|p2b: Rillaboom\n|-damage|p2b: Rillaboom|8/100\n|-unboost|p1b: Miraidon|spa|2\n|move|p2a: Meowscarada|Flower Trick|p1a: Farigiraf\n|-crit|p1a: Farigiraf\n|-damage|p1a: Farigiraf|41/100\n|\n|-weather|RainDance|[upkeep]\n|-heal|p1b: Miraidon|78/100|[from] Grassy Terrain\n|-heal|p2a: Meowscarada|64/100|[from] Grassy Terrain\n|-heal|p2b: Rillaboom|14/100|[from] Grassy Terrain\n|-heal|p1a: Farigiraf|47/100|[from] Grassy Terrain\n|-heal|p1a: Farigiraf|53/100|[from] item: Leftovers\n|upkeep\n|turn|5\n|inactive|serena3668 has 30 seconds left.\n|inactive|Glaceon_1740 has 30 seconds left.\n|inactive|serena3668 has 20 seconds left.\n|inactive|Glaceon_1740 has 20 seconds left.\n|inactive|Glaceon_1740 has 15 seconds left.\n|inactive|Glaceon_1740 has 10 seconds left.\n|inactive|Glaceon_1740 has 5 seconds left.\n|\n|t:|1776481954\n|move|p2b: Rillaboom|Fake Out||[still]\n|cant|p1a: Farigiraf|ability: Armor Tail|Fake Out|[of] p2b: Rillaboom\n|move|p1b: Miraidon|Draco Meteor|p2b: Rillaboom|[miss]\n|-miss|p1b: Miraidon|p2b: Rillaboom\n|move|p2a: Meowscarada|Flower Trick|p1b: Miraidon\n|-resisted|p1b: Miraidon\n|-crit|p1b: Miraidon\n|-damage|p1b: Miraidon|46/100\n|move|p1a: Farigiraf|Foul Play|p2a: Meowscarada\n|-damage|p2a: Meowscarada|25/100\n|\n|-weather|none\n|-heal|p1b: Miraidon|52/100|[from] Grassy Terrain\n|-heal|p2a: Meowscarada|31/100|[from] Grassy Terrain\n|-heal|p2b: Rillaboom|19/100|[from] Grassy Terrain\n|-heal|p1a: Farigiraf|59/100|[from] Grassy Terrain\n|-heal|p1a: Farigiraf|65/100|[from] item: Leftovers\n|upkeep\n|turn|6\n|inactive|Glaceon_1740 has 30 seconds left.\n|inactive|Glaceon_1740 has 20 seconds left.\n|inactive|Glaceon_1740 has 15 seconds left.\n|inactive|Glaceon_1740 has 10 seconds left.\n|inactive|Glaceon_1740 has 5 seconds left.\n|\n|t:|1776482009\n|move|p2b: Rillaboom|Fake Out||[still]\n|cant|p1a: Farigiraf|ability: Armor Tail|Fake Out|[of] p2b: Rillaboom\n|move|p1b: Miraidon|Draco Meteor|p2b: Rillaboom\n|-damage|p2b: Rillaboom|0 fnt\n|-unboost|p1b: Miraidon|spa|2\n|faint|p2b: Rillaboom\n|move|p2a: Meowscarada|Flower Trick|p1a: Farigiraf\n|-crit|p1a: Farigiraf\n|-damage|p1a: Farigiraf|3/100\n|move|p1a: Farigiraf|Foul Play|p2a: Meowscarada\n|-damage|p2a: Meowscarada|0 fnt\n|faint|p2a: Meowscarada\n|\n|-heal|p1b: Miraidon|58/100|[from] Grassy Terrain\n|-heal|p1a: Farigiraf|9/100|[from] Grassy Terrain\n|-heal|p1a: Farigiraf|15/100|[from] item: Leftovers\n|upkeep\n|inactive|Glaceon_1740 has 30 seconds left.\n|inactive|Glaceon_1740 has 20 seconds left.\n|inactive|Glaceon_1740 has 15 seconds left.\n|inactive|Glaceon_1740 has 10 seconds left.\n|inactive|Glaceon_1740 has 5 seconds left.\n|\n|t:|1776482064\n|switch|p2a: Zacian|Zacian-Crowned, L50|100/100\n|-ability|p2a: Zacian|Intrepid Sword|boost\n|-boost|p2a: Zacian|atk|1\n|turn|7\n|inactive|Glaceon_1740 has 20 seconds left this turn.\n|inactive|Glaceon_1740 has 15 seconds left.\n|inactive|Glaceon_1740 has 10 seconds left.\n|inactive|Glaceon_1740 has 5 seconds left.\n|-message|Glaceon_1740 lost due to inactivity.\n|\n|win|serena3668\n|raw|serena3668's rating: 1459 &rarr; <strong>1473</strong><br />(+14 for winning)\n|raw|Glaceon_1740's rating: 1343 &rarr; <strong>1329</strong><br />(-14 for losing)\n|l|\u2606serena3668\n|player|p1|\n","uploadtime":1776482252,"views":8,"formatid":"gen9vgc2026regi","rating":1329,"private":0,"password":null}