{"id":"gen9vgc2026regi-2566952859","format":"[Gen 9] VGC 2026 Reg I","players":["Freecko99","tommytinkle"],"log":"|j|\u2606Freecko99\n|j|\u2606tommytinkle\n|t:|1774434305\n|gametype|doubles\n|player|p1|Freecko99|ethan|1333\n|player|p2|tommytinkle|2|1418\n|gen|9\n|tier|[Gen 9] VGC 2026 Reg I\n|rated|\n|rule|Species Clause: Limit one of each Pok\u00e9mon\n|rule|Item Clause: Limit 1 of each item\n|clearpoke\n|poke|p1|Miraidon, L50|\n|poke|p1|Lunala, L50|\n|poke|p1|Whimsicott, L50, F|\n|poke|p1|Urshifu-*, L50, F|\n|poke|p1|Incineroar, L50, F|\n|poke|p1|Ursaluna, L50, F|\n|poke|p2|Chien-Pao, L50|\n|poke|p2|Zacian-*, L50|\n|poke|p2|Urshifu-*, L50, F|\n|poke|p2|Lugia, L50|\n|poke|p2|Raichu, L50, M|\n|poke|p2|Incineroar, L50, M|\n|teampreview|4\n|inactive|Battle timer is ON: inactive players will automatically lose when time's up. (requested by Freecko99)\nFreecko99 has agreed to open team sheets.\n|inactive|Freecko99 has 60 seconds left.\n|inactive|tommytinkle has 60 seconds left.\n|inactive|Freecko99 has 30 seconds left.\n|inactive|tommytinkle has 30 seconds left.\n|\n|t:|1774434374\n|teamsize|p1|4\n|teamsize|p2|4\n|start\n|switch|p1a: Incineroar|Incineroar, L50, F|100/100\n|switch|p1b: Lunala|Lunala, L50|100/100\n|switch|p2a: Lugia|Lugia, L50|100/100\n|switch|p2b: Raichu|Raichu, L50, M|100/100\n|-ability|p1a: Incineroar|Intimidate|boost\n|-unboost|p2a: Lugia|atk|1\n|-unboost|p2b: Raichu|atk|1\n|turn|1\n|\n|t:|1774434396\n|move|p2b: Raichu|Fake Out|p1a: Incineroar\n|-damage|p1a: Incineroar|96/100\n|move|p2a: Lugia|Calm Mind|p2a: Lugia\n|-boost|p2a: Lugia|spa|1\n|-boost|p2a: Lugia|spd|1\n|cant|p1a: Incineroar|flinch\n|move|p1b: Lunala|Trick Room|p1b: Lunala\n|-fieldstart|move: Trick Room|[of] p1b: Lunala\n|\n|upkeep\n|turn|2\n|inactive|Freecko99 has 30 seconds left.\n|inactive|tommytinkle has 30 seconds left.\n|inactive|tommytinkle has 20 seconds left.\n|\n|t:|1774434433\n|-terastallize|p2a: Lugia|Water\n|move|p1a: Incineroar|U-turn|p2b: Raichu\n|-damage|p2b: Raichu|63/100\n|\n|t:|1774434438\n|switch|p1a: Ursaluna|Ursaluna, L50, F|100/100|[from] U-turn\n|move|p1b: Lunala|Moongeist Beam|p2a: Lugia\n|-damage|p2a: Lugia|76/100\n|move|p2a: Lugia|Aeroblast|p1b: Lunala\n|-damage|p1b: Lunala|85/100\n|move|p2b: Raichu|Nuzzle|p1a: Ursaluna\n|-immune|p1a: Ursaluna\n|\n|-heal|p2a: Lugia|82/100|[from] item: Leftovers\n|-status|p1a: Ursaluna|brn|[from] item: Flame Orb\n|upkeep\n|turn|3\n|inactive|tommytinkle has 30 seconds left.\n|inactive|tommytinkle has 20 seconds left.\n|\n|t:|1774434474\n|move|p1a: Ursaluna|Facade|p2a: Lugia\n|-damage|p2a: Lugia|19/100\n|move|p1b: Lunala|Moongeist Beam|p2b: Raichu\n|-damage|p2b: Raichu|16/100\n|move|p2a: Lugia|Aeroblast|p1a: Ursaluna\n|-damage|p1a: Ursaluna|61/100 brn\n|move|p2b: Raichu|Volt Switch|p1b: Lunala\n|-damage|p1b: Lunala|68/100\n|\n|t:|1774434497\n|switch|p2b: Chien-Pao|Chien-Pao, L50|100/100|[from] Volt Switch\n|-ability|p2b: Chien-Pao|Sword of Ruin\n|\n|-heal|p2a: Lugia|25/100|[from] item: Leftovers\n|-damage|p1a: Ursaluna|55/100 brn|[from] brn\n|upkeep\n|turn|4\n|inactive|Freecko99 has 30 seconds left.\n|inactive|Freecko99 has 20 seconds left.\n|\n|t:|1774434532\n|switch|p1b: Incineroar|Incineroar, L50, F|96/100\n|-ability|p1b: Incineroar|Intimidate|boost\n|-unboost|p2a: Lugia|atk|1\n|-unboost|p2b: Chien-Pao|atk|1\n|move|p2a: Lugia|Protect|p2a: Lugia\n|-singleturn|p2a: Lugia|Protect\n|move|p1a: Ursaluna|Facade|p2b: Chien-Pao\n|-enditem|p2b: Chien-Pao|Focus Sash\n|-damage|p2b: Chien-Pao|1/100\n|move|p2b: Chien-Pao|Icicle Crash|p1a: Ursaluna\n|-supereffective|p1a: Ursaluna\n|-damage|p1a: Ursaluna|6/100 brn\n|\n|-heal|p2a: Lugia|31/100|[from] item: Leftovers\n|-damage|p1a: Ursaluna|0 fnt|[from] brn\n|faint|p1a: Ursaluna\n|upkeep\n|\n|t:|1774434556\n|switch|p1a: Lunala|Lunala, L50|68/100\n|turn|5\n|\n|t:|1774434572\n|switch|p2b: Zacian|Zacian-Crowned, L50|100/100\n|-ability|p2b: Zacian|Intrepid Sword|boost\n|-boost|p2b: Zacian|atk|1\n|move|p1b: Incineroar|Fake Out|p2b: Zacian\n|-resisted|p2b: Zacian\n|-damage|p2b: Zacian|95/100\n|move|p1a: Lunala|Moongeist Beam|p2a: Lugia\n|-crit|p2a: Lugia\n|-damage|p2a: Lugia|0 fnt\n|faint|p2a: Lugia\n|\n|-fieldend|move: Trick Room\n|upkeep\n|\n|t:|1774434592\n|switch|p2a: Chien-Pao|Chien-Pao, L50|1/100\n|-ability|p2a: Chien-Pao|Sword of Ruin\n|turn|6\n|inactive|Freecko99 has 30 seconds left.\n|\n|t:|1774434619\n|-terastallize|p1b: Incineroar|Bug\n|move|p2b: Zacian|Behemoth Blade|p1a: Lunala\n|-damage|p1a: Lunala|0 fnt\n|faint|p1a: Lunala\n|move|p2a: Chien-Pao|Throat Chop|p1b: Incineroar\n|-damage|p1b: Incineroar|51/100\n|-start|p1b: Incineroar|Throat Chop|[silent]\n|move|p1b: Incineroar|U-turn|p2a: Chien-Pao\n|-supereffective|p2a: Chien-Pao\n|-damage|p2a: Chien-Pao|0 fnt\n|faint|p2a: Chien-Pao\n|\n|t:|1774434628\n|switch|p1b: Miraidon|Miraidon, L50|100/100|[from] U-turn\n|-fieldstart|move: Electric Terrain|[from] ability: Hadron Engine|[of] p1b: Miraidon\n|\n|upkeep\n|\n|t:|1774434633\n|switch|p2a: Raichu|Raichu, L50, M|16/100\n|switch|p1a: Incineroar|Incineroar, L50, F, tera:Bug|51/100\n|-ability|p1a: Incineroar|Intimidate|boost\n|-unboost|p2a: Raichu|atk|1\n|-unboost|p2b: Zacian|atk|1\n|turn|7\n|inactive|Freecko99 has 30 seconds left.\n|\n|t:|1774434660\n|move|p1b: Miraidon|Protect|p1b: Miraidon\n|-singleturn|p1b: Miraidon|Protect\n|move|p2a: Raichu|Fake Out|p1a: Incineroar\n|-damage|p1a: Incineroar|46/100\n|move|p2b: Zacian|Play Rough|p1b: Miraidon\n|-activate|p1b: Miraidon|move: Protect\n|cant|p1a: Incineroar|flinch\n|\n|upkeep\n|turn|8\n|inactive|Freecko99 has 30 seconds left.\n|inactive|Freecko99 has 20 seconds left.\n|inactive|Freecko99 has 15 seconds left.\n|inactive|Freecko99 has 10 seconds left.\n|inactive|Freecko99 has 5 seconds left.\n|\n|t:|1774434715\n|move|p1b: Miraidon|Protect|p1b: Miraidon\n|-singleturn|p1b: Miraidon|Protect\n|move|p2b: Zacian|Play Rough|p1b: Miraidon\n|-activate|p1b: Miraidon|move: Protect\n|move|p2a: Raichu|Volt Switch|p1b: Miraidon\n|-activate|p1b: Miraidon|move: Protect\n|move|p1a: Incineroar|Flare Blitz|p2b: Zacian\n|-supereffective|p2b: Zacian\n|-damage|p2b: Zacian|0 fnt\n|faint|p2b: Zacian\n|-damage|p1a: Incineroar|18/100|[from] Recoil\n|\n|upkeep\n|turn|9\n|-message|tommytinkle forfeited.\n|\n|win|Freecko99\n|raw|Freecko99's rating: 1333 &rarr; <strong>1358</strong><br />(+25 for winning)\n|raw|tommytinkle's rating: 1418 &rarr; <strong>1393</strong><br />(-25 for losing)\n|l|\u2606tommytinkle\n|player|p2|\n|l|\u2606Freecko99\n|player|p1|\n","uploadtime":1774434960,"views":13,"formatid":"gen9vgc2026regi","rating":1358,"private":0,"password":null}