{"id":"gen9vgc2026regi-2573693263","format":"[Gen 9] VGC 2026 Reg I","players":["Jigglyjoe13","ScribbleScribble"],"log":"|j|\u2606Jigglyjoe13\n|j|\u2606ScribbleScribble\n|t:|1775157093\n|gametype|doubles\n|player|p1|Jigglyjoe13|265|1447\n|player|p2|ScribbleScribble|mina-lgpe|1723\n|gen|9\n|tier|[Gen 9] VGC 2026 Reg I\n|rated|\n|rule|Species Clause: Limit one of each Pok\u00e9mon\n|rule|Item Clause: Limit 1 of each item\n|clearpoke\n|poke|p1|Iron Valiant, L50|\n|poke|p1|Bronzong, L50|\n|poke|p1|Miraidon, L50|\n|poke|p1|Farigiraf, L50, F|\n|poke|p1|Lunala, L50|\n|poke|p1|Incineroar, L50, F|\n|poke|p2|Calyrex-Ice, L50|\n|poke|p2|Kyogre, L50|\n|poke|p2|Tornadus, L50, M|\n|poke|p2|Indeedee-F, L50, F|\n|poke|p2|Landorus, L50, M|\n|poke|p2|Urshifu-*, L50, M|\n|teampreview|4\n|inactive|Battle timer is ON: inactive players will automatically lose when time's up. (requested by ScribbleScribble)\n|inactive|Jigglyjoe13 has 60 seconds left.\n|\n|t:|1775157146\n|teamsize|p1|4\n|teamsize|p2|4\n|start\n|switch|p1a: Lunala|Lunala, L50|100/100\n|switch|p1b: Miraidon|Miraidon, L50|100/100\n|switch|p2a: Calyrex|Calyrex-Ice, L50|100/100\n|switch|p2b: Tornadus|Tornadus, L50, M|100/100\n|-ability|p2a: Calyrex|As One\n|-ability|p2a: Calyrex|Unnerve\n|-fieldstart|move: Electric Terrain|[from] ability: Hadron Engine|[of] p1b: Miraidon\n|-enditem|p1a: Lunala|Electric Seed\n|-boost|p1a: Lunala|def|1|[from] item: Electric Seed\n|turn|1\n|inactive|Jigglyjoe13 has 30 seconds left.\n|inactive|ScribbleScribble has 30 seconds left.\n|inactive|Jigglyjoe13 has 20 seconds left.\n|inactive|Jigglyjoe13 has 15 seconds left.\n|\n|t:|1775157186\n|-terastallize|p2a: Calyrex|Grass\n|move|p2b: Tornadus|Tailwind|p2b: Tornadus\n|-sidestart|p2: ScribbleScribble|move: Tailwind\n|move|p2a: Calyrex|Glacial Lance|p1b: Miraidon|[spread] p1a,p1b\n|-crit|p1a: Lunala\n|-supereffective|p1b: Miraidon\n|-damage|p1a: Lunala|73/100\n|-damage|p1b: Miraidon|0 fnt\n|faint|p1b: Miraidon\n|-ability|p2a: Calyrex|Chilling Neigh|boost\n|-boost|p2a: Calyrex|atk|1\n|move|p1a: Lunala|Calm Mind|p1a: Lunala\n|-boost|p1a: Lunala|spa|1\n|-boost|p1a: Lunala|spd|1\n|\n|upkeep\n|\n|t:|1775157203\n|switch|p1b: Bronzong|Bronzong, L50|100/100\n|turn|2\n|\n|t:|1775157210\n|move|p1a: Lunala|Wide Guard|p1a: Lunala\n|-singleturn|p1a: Lunala|Wide Guard\n|move|p2b: Tornadus|Taunt|p1b: Bronzong\n|-start|p1b: Bronzong|move: Taunt\n|move|p2a: Calyrex|Glacial Lance|p1b: Bronzong|[spread] \n|-activate|p1a: Lunala|move: Wide Guard\n|-activate|p1b: Bronzong|move: Wide Guard\n|cant|p1b: Bronzong|move: Taunt|Trick Room\n|\n|upkeep\n|turn|3\n|inactive|Jigglyjoe13 has 30 seconds left.\n|\n|t:|1775157241\n|move|p1a: Lunala|Wide Guard|p1a: Lunala\n|-singleturn|p1a: Lunala|Wide Guard\n|move|p2b: Tornadus|Taunt|p1a: Lunala\n|-start|p1a: Lunala|move: Taunt\n|move|p2a: Calyrex|Seed Bomb|p1a: Lunala\n|-damage|p1a: Lunala|37/100\n|move|p1b: Bronzong|Gyro Ball|p2b: Tornadus\n|-damage|p2b: Tornadus|24/100\n|\n|upkeep\n|turn|4\n|\n|t:|1775157257\n|move|p2b: Tornadus|Bleakwind Storm|p1a: Lunala|[spread] p1a,p1b\n|-resisted|p1b: Bronzong\n|-damage|p1a: Lunala|19/100\n|-damage|p1b: Bronzong|86/100\n|move|p2a: Calyrex|Glacial Lance|p1b: Bronzong|[spread] p1a,p1b\n|-resisted|p1b: Bronzong\n|-damage|p1a: Lunala|0 fnt\n|-damage|p1b: Bronzong|57/100\n|faint|p1a: Lunala\n|-ability|p2a: Calyrex|Chilling Neigh|boost\n|-boost|p2a: Calyrex|atk|1\n|move|p1b: Bronzong|Gyro Ball|p2b: Tornadus\n|-damage|p2b: Tornadus|0 fnt\n|faint|p2b: Tornadus\n|\n|-heal|p1b: Bronzong|63/100|[from] item: Leftovers\n|-end|p1b: Bronzong|move: Taunt\n|-sideend|p2: ScribbleScribble|move: Tailwind\n|upkeep\n|inactive|ScribbleScribble has 30 seconds left.\n|\n|t:|1775157289\n|switch|p2b: Kyogre|Kyogre, L50|100/100\n|switch|p1a: Iron Valiant|Iron Valiant, L50|100/100\n|-weather|RainDance|[from] ability: Drizzle|[of] p2b: Kyogre\n|-activate|p1a: Iron Valiant|ability: Quark Drive\n|-start|p1a: Iron Valiant|quarkdrivespe\n|turn|5\n|\n|t:|1775157300\n|move|p1a: Iron Valiant|Moonblast|p2b: Kyogre\n|-damage|p2b: Kyogre|67/100\n|move|p2b: Kyogre|Hydro Pump|p1a: Iron Valiant\n|-enditem|p1a: Iron Valiant|Focus Sash\n|-damage|p1a: Iron Valiant|1/100\n|move|p2a: Calyrex|Seed Bomb|p1a: Iron Valiant\n|-damage|p1a: Iron Valiant|0 fnt\n|faint|p1a: Iron Valiant\n|-end|p1a: Iron Valiant|Quark Drive|[silent]\n|-ability|p2a: Calyrex|Chilling Neigh|boost\n|-boost|p2a: Calyrex|atk|1\n|move|p1b: Bronzong|Trick Room|p1b: Bronzong\n|-fieldstart|move: Trick Room|[of] p1b: Bronzong\n|\n|-weather|RainDance|[upkeep]\n|-heal|p1b: Bronzong|69/100|[from] item: Leftovers\n|-fieldend|move: Electric Terrain\n|upkeep\n|turn|6\n|inactive|ScribbleScribble has 30 seconds left.\n|\n|t:|1775157331\n|move|p1b: Bronzong|Iron Defense|p1b: Bronzong\n|-boost|p1b: Bronzong|def|2\n|move|p2a: Calyrex|Glacial Lance|p1b: Bronzong\n|-resisted|p1b: Bronzong\n|-damage|p1b: Bronzong|38/100\n|move|p2b: Kyogre|Hydro Pump|p1b: Bronzong\n|-damage|p1b: Bronzong|0 fnt\n|faint|p1b: Bronzong\n|\n|win|ScribbleScribble\n|raw|Jigglyjoe13's rating: 1447 &rarr; <strong>1440</strong><br />(-7 for losing)\n|raw|ScribbleScribble's rating: 1723 &rarr; <strong>1730</strong><br />(+7 for winning)\n|l|\u2606ScribbleScribble\n|player|p2|\n|l|\u2606Jigglyjoe13\n|player|p1|\n","uploadtime":1775157473,"views":14,"formatid":"gen9vgc2026regi","rating":1440,"private":0,"password":null}