{"id":"gen9vgc2026regi-2513163036","format":"[Gen 9] VGC 2026 Reg I","players":["taka89","no1.pokemon"],"log":"|j|\u2606taka89\n|j|\u2606no1.pokemon\n|t:|1767705018\n|gametype|doubles\n|player|p1|taka89|clerk-boss|1068\n|player|p2|no1.pokemon|n-masters|1054\n|gen|9\n|tier|[Gen 9] VGC 2026 Reg I\n|rated|\n|rule|Species Clause: Limit one of each Pok\u00e9mon\n|rule|Item Clause: Limit 1 of each item\n|clearpoke\n|poke|p1|Calyrex-Ice, L50|\n|poke|p1|Miraidon, L50|\n|poke|p1|Incineroar, L50, M|\n|poke|p1|Urshifu-*, L50, M|\n|poke|p1|Whimsicott, L50, F|\n|poke|p1|Volcarona, L50, F|\n|poke|p2|Indeedee-F, L50, F|\n|poke|p2|Calyrex-Shadow, L50|\n|poke|p2|Flutter Mane, L50|\n|poke|p2|Zamazenta-*, L50|\n|poke|p2|Urshifu-*, L50, F|\n|poke|p2|Weezing-Galar, L50, M|\n|teampreview|4\n|inactive|Battle timer is ON: inactive players will automatically lose when time's up. (requested by no1.pokemon)\n|inactive|taka89 has 60 seconds left.\n|\n|t:|1767705059\n|teamsize|p1|4\n|teamsize|p2|4\n|start\n|switch|p1a: Whimsicott|Whimsicott, L50, F|100/100\n|switch|p1b: Calyrex|Calyrex-Ice, L50|100/100\n|switch|p2a: Calyrex|Calyrex-Shadow, L50|100/100\n|switch|p2b: Indeedee|Indeedee-F, L50, F, shiny|100/100\n|-ability|p2a: Calyrex|As One\n|-ability|p2a: Calyrex|Unnerve\n|-ability|p1b: Calyrex|As One\n|-ability|p1b: Calyrex|Unnerve\n|-fieldstart|move: Psychic Terrain|[from] ability: Psychic Surge|[of] p2b: Indeedee\n|turn|1\n|\n|t:|1767705069\n|-terastallize|p2a: Calyrex|Stellar\n|-terastallize|p1b: Calyrex|Fire\n|move|p1a: Whimsicott|Light Screen|p1a: Whimsicott\n|-sidestart|p1: taka89|move: Light Screen\n|move|p2a: Calyrex|Astral Barrage|p1b: Calyrex|[spread] p1a,p1b\n|-damage|p1a: Whimsicott|31/100\n|-damage|p1b: Calyrex|54/100\n|move|p2b: Indeedee|Imprison|p2b: Indeedee\n|-start|p2b: Indeedee|move: Imprison\n|move|p1b: Calyrex|Glacial Lance|p2b: Indeedee|[spread] p2a,p2b\n|-damage|p2a: Calyrex|31/100\n|-damage|p2b: Indeedee|45/100\n|\n|upkeep\n|turn|2\n|\n|t:|1767705088\n|switch|p2b: Weezing|Weezing-Galar, L50, M|100/100\n|-ability|p2b: Weezing|Neutralizing Gas\n|move|p2a: Calyrex|Astral Barrage|p1a: Whimsicott|[spread] p1a,p1b\n|-damage|p1a: Whimsicott|0 fnt\n|-damage|p1b: Calyrex|17/100\n|faint|p1a: Whimsicott\n|-ability|p2a: Calyrex|Grim Neigh|boost\n|-boost|p2a: Calyrex|spa|1\n|move|p1b: Calyrex|Glacial Lance|p2b: Weezing|[spread] p2a,p2b\n|-damage|p2a: Calyrex|0 fnt\n|-damage|p2b: Weezing|65/100\n|faint|p2a: Calyrex\n|-ability|p1b: Calyrex|Chilling Neigh|boost\n|-boost|p1b: Calyrex|atk|1\n|\n|upkeep\n|\n|t:|1767705113\n|switch|p2a: Zamazenta|Zamazenta-Crowned, L50, shiny|100/100\n|switch|p1a: Miraidon|Miraidon, L50|100/100\n|turn|3\n|\n|t:|1767705131\n|switch|p1b: Volcarona|Volcarona, L50, F|100/100\n|move|p1a: Miraidon|Electro Drift|p2b: Weezing\n|-damage|p2b: Weezing|0 fnt\n|faint|p2b: Weezing\n|-end|p2b: Weezing|ability: Neutralizing Gas\n|-fieldstart|move: Electric Terrain|[from] ability: Hadron Engine|[of] p1a: Miraidon\n|-enditem|p1b: Volcarona|Electric Seed\n|-boost|p1b: Volcarona|def|1|[from] item: Electric Seed\n|-ability|p2a: Zamazenta|Dauntless Shield|boost\n|-boost|p2a: Zamazenta|def|1\n|-damage|p1a: Miraidon|91/100|[from] item: Life Orb\n|move|p2a: Zamazenta|Body Press|p1b: Volcarona\n|-resisted|p1b: Volcarona\n|-damage|p1b: Volcarona|74/100\n|\n|upkeep\n|\n|t:|1767705137\n|switch|p2b: Indeedee|Indeedee-F, L50, F, shiny|45/100\n|-fieldstart|move: Psychic Terrain|[from] ability: Psychic Surge|[of] p2b: Indeedee\n|turn|4\n|\n|t:|1767705154\n|move|p1a: Miraidon|Volt Switch|p2b: Indeedee\n|-damage|p2b: Indeedee|0 fnt\n|faint|p2b: Indeedee\n|-damage|p1a: Miraidon|82/100|[from] item: Life Orb\n|\n|t:|1767705157\n|switch|p1a: Calyrex|Calyrex-Ice, L50, tera:Fire|17/100|[from] Volt Switch\n|-ability|p1a: Calyrex|As One\n|-ability|p1a: Calyrex|Unnerve\n|move|p2a: Zamazenta|Body Press|p1a: Calyrex\n|-damage|p1a: Calyrex|0 fnt\n|faint|p1a: Calyrex\n|move|p1b: Volcarona|Quiver Dance|p1b: Volcarona\n|-boost|p1b: Volcarona|spa|1\n|-boost|p1b: Volcarona|spd|1\n|-boost|p1b: Volcarona|spe|1\n|\n|upkeep\n|\n|t:|1767705166\n|switch|p1a: Miraidon|Miraidon, L50|82/100\n|-fieldstart|move: Electric Terrain|[from] ability: Hadron Engine|[of] p1a: Miraidon\n|turn|5\n|-message|no1.pokemon forfeited.\n|\n|win|taka89\n|raw|taka89's rating: 1068 &rarr; <strong>1099</strong><br />(+31 for winning)\n|raw|no1.pokemon's rating: 1086 &rarr; <strong>1062</strong><br />(-24 for losing)\n","uploadtime":1767705179,"views":44,"formatid":"gen9vgc2026regi","rating":1062,"private":0,"password":null}