{"id":"gen9vgc2026regi-2546366000","format":"[Gen 9] VGC 2026 Reg I","players":["drive stone","ScaryObongo"],"log":"|j|\u2606drive stone\n|j|\u2606ScaryObongo\n|t:|1771958139\n|gametype|doubles\n|player|p1|drive stone|cilan|1104\n|player|p2|ScaryObongo|lance|1242\n|gen|9\n|tier|[Gen 9] VGC 2026 Reg I\n|rated|\n|rule|Species Clause: Limit one of each Pok\u00e9mon\n|rule|Item Clause: Limit 1 of each item\n|clearpoke\n|poke|p1|Calyrex-Ice, L50|\n|poke|p1|Ho-Oh, L50|\n|poke|p1|Overqwil, L50, F|\n|poke|p1|Rillaboom, L50, F|\n|poke|p1|Ting-Lu, L50|\n|poke|p1|Ogerpon-Wellspring, L50, F|\n|poke|p2|Koraidon, L50|\n|poke|p2|Calyrex-Shadow, L50|\n|poke|p2|Raging Bolt, L50|\n|poke|p2|Incineroar, L50, M|\n|poke|p2|Ogerpon-Cornerstone, L50, F|\n|poke|p2|Brute Bonnet, L50|\n|teampreview|4\n|inactive|Battle timer is ON: inactive players will automatically lose when time's up. (requested by ScaryObongo)\n|\n|t:|1771958188\n|teamsize|p1|4\n|teamsize|p2|4\n|start\n|switch|p1a: Calyrex|Calyrex-Ice, L50|100/100\n|switch|p1b: Overqwil|Overqwil, L50, F|100/100\n|switch|p2a: Barney|Incineroar, L50, M|100/100\n|switch|p2b: Wilma|Calyrex-Shadow, L50|100/100\n|-ability|p2b: Wilma|As One\n|-ability|p2b: Wilma|Unnerve\n|-ability|p1a: Calyrex|As One\n|-ability|p1a: Calyrex|Unnerve\n|-ability|p1b: Overqwil|Intimidate|boost\n|-unboost|p2a: Barney|atk|1\n|-unboost|p2b: Wilma|atk|1\n|-ability|p2a: Barney|Intimidate|boost\n|-unboost|p1a: Calyrex|atk|1\n|-unboost|p1b: Overqwil|atk|1\n|turn|1\n|\n|t:|1771958210\n|-terastallize|p1a: Calyrex|Water\n|move|p2a: Barney|Fake Out|p1b: Overqwil\n|-damage|p1b: Overqwil|94/100\n|move|p2b: Wilma|Astral Barrage|p1b: Overqwil|[spread] p1a,p1b\n|-resisted|p1b: Overqwil\n|-damage|p1a: Calyrex|67/100\n|-damage|p1b: Overqwil|68/100\n|cant|p1b: Overqwil|flinch\n|move|p1a: Calyrex|Trick Room|p1a: Calyrex\n|-fieldstart|move: Trick Room|[of] p1a: Calyrex\n|\n|-heal|p1a: Calyrex|73/100|[from] item: Leftovers\n|-heal|p1b: Overqwil|74/100|[from] item: Black Sludge\n|upkeep\n|turn|2\n|\n|t:|1771958231\n|move|p2b: Wilma|Protect|p2b: Wilma\n|-singleturn|p2b: Wilma|Protect\n|move|p1a: Calyrex|Glacial Lance|p2a: Barney|[spread] p2a\n|-activate|p2b: Wilma|move: Protect\n|-resisted|p2a: Barney\n|-damage|p2a: Barney|88/100\n|move|p2a: Barney|Knock Off|p1a: Calyrex\n|-damage|p1a: Calyrex|58/100\n|-enditem|p1a: Calyrex|Leftovers|[from] move: Knock Off|[of] p2a: Barney\n|move|p1b: Overqwil|Toxic Spikes|p2b: Wilma\n|-sidestart|p2: ScaryObongo|move: Toxic Spikes\n|\n|-heal|p1b: Overqwil|81/100|[from] item: Black Sludge\n|upkeep\n|turn|3\n|\n|t:|1771958249\n|switch|p2b: Pebbles|Ogerpon-Cornerstone, L50, F|100/100\n|-status|p2b: Pebbles|psn\n|move|p1a: Calyrex|Leech Seed|p2b: Pebbles\n|-immune|p2b: Pebbles\n|move|p2a: Barney|Will-O-Wisp|p1a: Calyrex\n|-status|p1a: Calyrex|brn\n|move|p1b: Overqwil|Toxic Spikes|p2b: Pebbles\n|-sidestart|p2: ScaryObongo|move: Toxic Spikes\n|\n|-heal|p1b: Overqwil|87/100|[from] item: Black Sludge\n|-damage|p2b: Pebbles|88/100 psn|[from] psn\n|-damage|p1a: Calyrex|53/100 brn|[from] brn\n|upkeep\n|turn|4\n|\n|t:|1771958274\n|move|p1a: Calyrex|Glacial Lance|p2a: Barney|[spread] p2a,p2b\n|-resisted|p2a: Barney\n|-supereffective|p2b: Pebbles\n|-damage|p2a: Barney|82/100\n|-damage|p2b: Pebbles|44/100 psn\n|move|p2a: Barney|Parting Shot|p1b: Overqwil\n|-unboost|p1b: Overqwil|atk|1\n|-unboost|p1b: Overqwil|spa|1\n|\n|t:|1771958297\n|switch|p2a: Fred|Koraidon, L50|100/100|[from] Parting Shot\n|-status|p2a: Fred|tox\n|-weather|SunnyDay|[from] ability: Orichalcum Pulse|[of] p2a: Fred\n|-activate|p2a: Fred|Orichalcum Pulse|[source]\n|move|p1b: Overqwil|Barb Barrage|p2b: Pebbles\n|-damage|p2b: Pebbles|16/100 psn\n|move|p2b: Pebbles|Ivy Cudgel|p1b: Overqwil|[anim] Ivy Cudgel Rock\n|-damage|p1b: Overqwil|34/100\n|\n|-weather|SunnyDay|[upkeep]\n|-heal|p1b: Overqwil|40/100|[from] item: Black Sludge\n|-damage|p2b: Pebbles|4/100 psn|[from] psn\n|-damage|p2a: Fred|94/100 tox|[from] psn\n|-damage|p1a: Calyrex|47/100 brn|[from] brn\n|upkeep\n|turn|5\n|\n|t:|1771958318\n|switch|p1b: Ho-Oh|Ho-Oh, L50|100/100\n|-terastallize|p2a: Fred|Fire\n|move|p1a: Calyrex|Leech Seed|p2a: Fred\n|-start|p2a: Fred|move: Leech Seed\n|move|p2b: Pebbles|Power Whip|p1a: Calyrex\n|-supereffective|p1a: Calyrex\n|-damage|p1a: Calyrex|0 fnt\n|faint|p1a: Calyrex\n|move|p2a: Fred|Flame Charge|p1b: Ho-Oh\n|-resisted|p1b: Ho-Oh\n|-damage|p1b: Ho-Oh|75/100\n|-boost|p2a: Fred|spe|1\n|-damage|p2a: Fred|78/100 tox|[from] item: Rocky Helmet|[of] p1b: Ho-Oh\n|\n|-weather|SunnyDay|[upkeep]\n|-damage|p2b: Pebbles|0 fnt|[from] psn\n|faint|p2b: Pebbles\n|-damage|p2a: Fred|66/100 tox|[from] psn\n|-fieldend|move: Trick Room\n|upkeep\n|inactive|drive stone has 30 seconds left.\n|\n|t:|1771958346\n|switch|p2b: Barney|Incineroar, L50, M|82/100\n|switch|p1a: Rillaboom|Rillaboom, L50, F|100/100\n|-fieldstart|move: Grassy Terrain|[from] ability: Grassy Surge|[of] p1a: Rillaboom\n|-status|p2b: Barney|tox\n|-ability|p2b: Barney|Intimidate|boost\n|-unboost|p1a: Rillaboom|atk|1\n|-unboost|p1b: Ho-Oh|atk|1\n|turn|6\n|\n|t:|1771958362\n|switch|p1b: Overqwil|Overqwil, L50, F|40/100\n|-ability|p1b: Overqwil|Intimidate|boost\n|-fail|p2a: Fred|unboost|[from] item: Clear Amulet|[of] p2a: Fred\n|-unboost|p2b: Barney|atk|1\n|move|p1a: Rillaboom|Fake Out|p2a: Fred\n|-damage|p2a: Fred|58/100 tox\n|move|p2b: Barney|Fake Out|p1b: Overqwil\n|-damage|p1b: Overqwil|33/100\n|cant|p2a: Fred|flinch\n|\n|-weather|SunnyDay|[upkeep]\n|-heal|p2a: Fred|64/100 tox|[from] Grassy Terrain\n|-heal|p1b: Overqwil|40/100|[from] Grassy Terrain\n|-heal|p1b: Overqwil|46/100|[from] item: Black Sludge\n|-heal|p2b: Barney|88/100 tox|[from] Grassy Terrain\n|-damage|p2a: Fred|52/100 tox|[from] Leech Seed|[of] p1a: Rillaboom\n|-damage|p2a: Fred|34/100 tox|[from] psn\n|-damage|p2b: Barney|82/100 tox|[from] psn\n|upkeep\n|turn|7\n|\n|t:|1771958384\n|switch|p1a: Ho-Oh|Ho-Oh, L50|100/100\n|move|p1b: Overqwil|Protect|p1b: Overqwil\n|-singleturn|p1b: Overqwil|Protect\n|move|p2a: Fred|Flare Blitz|p1a: Ho-Oh\n|-resisted|p1a: Ho-Oh\n|-crit|p1a: Ho-Oh\n|-damage|p1a: Ho-Oh|34/100\n|-damage|p2a: Fred|18/100 tox|[from] item: Rocky Helmet|[of] p1a: Ho-Oh\n|-damage|p2a: Fred|0 fnt|[from] Recoil\n|faint|p2a: Fred\n|move|p2b: Barney|Will-O-Wisp|p1b: Overqwil\n|-activate|p1b: Overqwil|move: Protect\n|\n|-weather|SunnyDay|[upkeep]\n|-heal|p1b: Overqwil|52/100|[from] Grassy Terrain\n|-heal|p1b: Overqwil|58/100|[from] item: Black Sludge\n|-heal|p2b: Barney|88/100 tox|[from] Grassy Terrain\n|-damage|p2b: Barney|76/100 tox|[from] psn\n|upkeep\n|\n|t:|1771958395\n|switch|p2a: Wilma|Calyrex-Shadow, L50|100/100\n|-ability|p2a: Wilma|As One\n|-ability|p2a: Wilma|Unnerve\n|-status|p2a: Wilma|tox\n|turn|8\n|\n|t:|1771958417\n|move|p2a: Wilma|Astral Barrage|p1a: Ho-Oh|[spread] p1a,p1b\n|-resisted|p1b: Overqwil\n|-damage|p1a: Ho-Oh|6/100\n|-damage|p1b: Overqwil|35/100\n|move|p1a: Ho-Oh|Life Dew|p1a: Ho-Oh|[spread] p1a,p1b\n|-heal|p1a: Ho-Oh|31/100\n|-heal|p1b: Overqwil|60/100\n|move|p1b: Overqwil|Throat Chop|p2a: Wilma\n|-supereffective|p2a: Wilma\n|-enditem|p2a: Wilma|Focus Sash\n|-damage|p2a: Wilma|1/100 tox\n|-start|p2a: Wilma|Throat Chop|[silent]\n|move|p2b: Barney|Knock Off|p1b: Overqwil\n|-resisted|p1b: Overqwil\n|-damage|p1b: Overqwil|48/100\n|-enditem|p1b: Overqwil|Black Sludge|[from] move: Knock Off|[of] p2b: Barney\n|\n|-weather|none\n|-heal|p2a: Wilma|7/100 tox|[from] Grassy Terrain\n|-heal|p1b: Overqwil|55/100|[from] Grassy Terrain\n|-heal|p2b: Barney|82/100 tox|[from] Grassy Terrain\n|-damage|p2a: Wilma|1/100 tox|[from] psn\n|-damage|p2b: Barney|64/100 tox|[from] psn\n|upkeep\n|turn|9\n|-message|ScaryObongo forfeited.\n|\n|win|drive stone\n|raw|drive stone's rating: 1104 &rarr; <strong>1138</strong><br />(+34 for winning)\n|raw|ScaryObongo's rating: 1242 &rarr; <strong>1208</strong><br />(-34 for losing)\n|l|\u2606ScaryObongo\n|player|p2|\n|l|\u2606drive stone\n|player|p1|\n","uploadtime":1771958620,"views":11,"formatid":"gen9vgc2026regi","rating":1138,"private":0,"password":null}