{"id":"gen9vgc2026regi-2564529912","format":"[Gen 9] VGC 2026 Reg I","players":["happidoodledoo","ranchsauce"],"log":"|j|\u2606happidoodledoo\n|j|\u2606ranchsauce\n|t:|1774158246\n|gametype|doubles\n|player|p1|happidoodledoo|1|1364\n|player|p2|ranchsauce|baker|1386\n|gen|9\n|tier|[Gen 9] VGC 2026 Reg I\n|rated|\n|rule|Species Clause: Limit one of each Pok\u00e9mon\n|rule|Item Clause: Limit 1 of each item\n|clearpoke\n|poke|p1|Calyrex-Shadow, L50|\n|poke|p1|Weezing-Galar, L50, F|\n|poke|p1|Dondozo, L50, M|\n|poke|p1|Tatsugiri-Droopy, L50, F|\n|poke|p1|Brute Bonnet, L50|\n|poke|p1|Koraidon, L50|\n|poke|p2|Calyrex-Ice, L50|\n|poke|p2|Lunala, L50|\n|poke|p2|Smeargle, L50, M|\n|poke|p2|Urshifu-*, L50, M|\n|poke|p2|Torkoal, L50, M|\n|poke|p2|Indeedee-F, L50, F|\n|teampreview|4\n|inactive|Battle timer is ON: inactive players will automatically lose when time's up. (requested by happidoodledoo)\n|\n|t:|1774158270\n|teamsize|p1|4\n|teamsize|p2|4\n|start\n|switch|p1a: Weezing|Weezing-Galar, L50, F, shiny|100/100\n|switch|p1b: Koraidon|Koraidon, L50|100/100\n|switch|p2a: Lunala|Lunala, L50, shiny|100/100\n|switch|p2b: Calyrex|Calyrex-Ice, L50|100/100\n|-ability|p1a: Weezing|Neutralizing Gas\n|-block|p1b: Koraidon|item: Ability Shield\n|-ability|p2b: Calyrex|As One\n|-ability|p2b: Calyrex|Unnerve\n|-weather|SunnyDay|[from] ability: Orichalcum Pulse|[of] p1b: Koraidon\n|-activate|p1b: Koraidon|Orichalcum Pulse|[source]\n|turn|1\n|\n|t:|1774158292\n|-terastallize|p1b: Koraidon|Fire\n|move|p2b: Calyrex|Protect|p2b: Calyrex\n|-singleturn|p2b: Calyrex|Protect\n|move|p1b: Koraidon|Flare Blitz|p2a: Lunala\n|-damage|p2a: Lunala|0 fnt\n|faint|p2a: Lunala\n|-damage|p1b: Koraidon|55/100|[from] Recoil\n|move|p1a: Weezing|Toxic Spikes|p2b: Calyrex\n|-sidestart|p2: ranchsauce|move: Toxic Spikes\n|\n|-weather|SunnyDay|[upkeep]\n|upkeep\n|\n|t:|1774158306\n|switch|p2a: Indeedee|Indeedee-F, L50, F, shiny|100/100\n|-status|p2a: Indeedee|psn\n|turn|2\n|\n|t:|1774158329\n|-terastallize|p2b: Calyrex|Fire\n|move|p2a: Indeedee|Helping Hand|p2b: Calyrex\n|-singleturn|p2b: Calyrex|Helping Hand|[of] p2a: Indeedee\n|move|p1b: Koraidon|Protect|p1b: Koraidon\n|-singleturn|p1b: Koraidon|Protect\n|move|p1a: Weezing|Poison Gas|p2b: Calyrex|[spread] p2a,p2b\n|-fail|p2a: Indeedee|psn\n|-status|p2b: Calyrex|psn\n|move|p2b: Calyrex|Glacial Lance|p1a: Weezing|[spread] p1a\n|-activate|p1b: Koraidon|move: Protect\n|-damage|p1a: Weezing|29/100\n|\n|-weather|SunnyDay|[upkeep]\n|-damage|p2a: Indeedee|88/100 psn|[from] psn\n|-damage|p2b: Calyrex|88/100 psn|[from] psn\n|upkeep\n|turn|3\n|inactive|ranchsauce has 30 seconds left.\n|\n|t:|1774158356\n|switch|p1b: Tatsugiri|Tatsugiri-Droopy, L50, F|100/100\n|-end|p1a: Weezing|ability: Neutralizing Gas\n|-fieldstart|move: Psychic Terrain|[from] ability: Psychic Surge|[of] p2a: Indeedee\n|switch|p1a: Dondozo|Dondozo, L50, M|100/100\n|-activate|p1b: Tatsugiri|ability: Commander|[of] p1a: Dondozo\n|-boost|p1a: Dondozo|atk|2\n|-boost|p1a: Dondozo|spa|2\n|-boost|p1a: Dondozo|spe|2\n|-boost|p1a: Dondozo|def|2\n|-boost|p1a: Dondozo|spd|2\n|switch|p2b: Smeargle|Smeargle, L50, M|100/100\n|-status|p2b: Smeargle|psn\n|move|p2a: Indeedee|Trick Room|p2a: Indeedee\n|-fieldstart|move: Trick Room|[of] p2a: Indeedee\n|\n|-weather|SunnyDay|[upkeep]\n|-damage|p2a: Indeedee|76/100 psn|[from] psn\n|-damage|p2b: Smeargle|88/100 psn|[from] psn\n|upkeep\n|turn|4\n|inactive|ranchsauce has 30 seconds left.\n|\n|t:|1774158381\n|switch|p2a: Calyrex|Calyrex-Ice, L50, tera:Fire|88/100 psn\n|-ability|p2a: Calyrex|As One\n|-ability|p2a: Calyrex|Unnerve\n|move|p1a: Dondozo|Protect|p1a: Dondozo\n|-singleturn|p1a: Dondozo|Protect\n|move|p2b: Smeargle|Spore|p1a: Dondozo\n|-activate|p1a: Dondozo|move: Protect\n|\n|-weather|SunnyDay|[upkeep]\n|-damage|p2a: Calyrex|76/100 psn|[from] psn\n|-damage|p2b: Smeargle|76/100 psn|[from] psn\n|upkeep\n|turn|5\n|\n|t:|1774158393\n|move|p2a: Calyrex|Glacial Lance|p1b: Tatsugiri|[spread] p1a\n|-miss|p2a: Calyrex|p1b: Tatsugiri\n|-resisted|p1a: Dondozo\n|-damage|p1a: Dondozo|89/100\n|move|p2b: Smeargle|Spore|p1a: Dondozo\n|-status|p1a: Dondozo|slp|[from] move: Spore\n|cant|p1a: Dondozo|slp\n|\n|-weather|none\n|-heal|p1a: Dondozo|96/100 slp|[from] item: Leftovers\n|-damage|p2a: Calyrex|64/100 psn|[from] psn\n|-damage|p2b: Smeargle|64/100 psn|[from] psn\n|upkeep\n|turn|6\n|\n|t:|1774158408\n|cant|p1a: Dondozo|slp\n|move|p2a: Calyrex|High Horsepower|p1a: Dondozo\n|-damage|p1a: Dondozo|81/100 slp\n|move|p2b: Smeargle|Decorate|p2a: Calyrex\n|-boost|p2a: Calyrex|atk|2\n|-boost|p2a: Calyrex|spa|2\n|\n|-heal|p1a: Dondozo|88/100 slp|[from] item: Leftovers\n|-damage|p2a: Calyrex|52/100 psn|[from] psn\n|-damage|p2b: Smeargle|52/100 psn|[from] psn\n|upkeep\n|turn|7\n|\n|t:|1774158421\n|cant|p1a: Dondozo|slp\n|move|p2b: Smeargle|Follow Me|p2b: Smeargle\n|-singleturn|p2b: Smeargle|move: Follow Me\n|move|p2a: Calyrex|High Horsepower|p1a: Dondozo\n|-damage|p1a: Dondozo|73/100 slp\n|\n|-heal|p1a: Dondozo|79/100 slp|[from] item: Leftovers\n|-damage|p2a: Calyrex|40/100 psn|[from] psn\n|-damage|p2b: Smeargle|39/100 psn|[from] psn\n|-fieldend|move: Trick Room\n|-fieldend|move: Psychic Terrain\n|upkeep\n|turn|8\n|-message|ranchsauce forfeited.\n|\n|win|happidoodledoo\n|raw|happidoodledoo's rating: 1364 &rarr; <strong>1385</strong><br />(+21 for winning)\n|raw|ranchsauce's rating: 1386 &rarr; <strong>1365</strong><br />(-21 for losing)\n|l|\u2606happidoodledoo\n|player|p1|\n","uploadtime":1774158587,"views":18,"formatid":"gen9vgc2026regi","rating":1365,"private":0,"password":null}