{"id":"gen9vgc2026regi-2574606635","format":"[Gen 9] VGC 2026 Reg I","players":["Purple_Starr","JoeBro8"],"log":"|j|\u2606Purple_Starr\n|j|\u2606JoeBro8\n|t:|1775255223\n|gametype|doubles\n|player|p1|Purple_Starr|ghetsis-gen5bw|1205\n|player|p2|JoeBro8|n|1300\n|gen|9\n|tier|[Gen 9] VGC 2026 Reg I\n|rated|\n|rule|Species Clause: Limit one of each Pok\u00e9mon\n|rule|Item Clause: Limit 1 of each item\n|clearpoke\n|poke|p1|Calyrex-Shadow, L50|\n|poke|p1|Koraidon, L50|\n|poke|p1|Chi-Yu, L50|\n|poke|p1|Raging Bolt, L50|\n|poke|p1|Whimsicott, L50, F|\n|poke|p1|Ogerpon-Cornerstone, L50, F|\n|poke|p2|Kyogre, L50|\n|poke|p2|Basculegion, L50, M|\n|poke|p2|Zacian-*, L50|\n|poke|p2|Chien-Pao, L50|\n|poke|p2|Incineroar, L50, M|\n|poke|p2|Ogerpon-Cornerstone, L50, F|\n|teampreview|4\n|inactive|Battle timer is ON: inactive players will automatically lose when time's up. (requested by Purple_Starr)\nPurple_Starr has agreed to open team sheets.\n|inactive|Purple_Starr has 60 seconds left.\n|\n|t:|1775255257\n|teamsize|p1|4\n|teamsize|p2|4\n|start\n|switch|p1a: Calyrex|Calyrex-Shadow, L50|100/100\n|switch|p1b: Ogerpon|Ogerpon-Cornerstone, L50, F|100/100\n|switch|p2a: Ogerpon|Ogerpon-Cornerstone, L50, F|100/100\n|switch|p2b: Zacian|Zacian-Crowned, L50|100/100\n|-ability|p1a: Calyrex|As One\n|-ability|p1a: Calyrex|Unnerve\n|-ability|p2b: Zacian|Intrepid Sword|boost\n|-boost|p2b: Zacian|atk|1\n|turn|1\n|inactive|JoeBro8 has 30 seconds left.\n|\n|t:|1775255283\n|-terastallize|p1a: Calyrex|Ghost\n|move|p1b: Ogerpon|Follow Me|p1b: Ogerpon\n|-singleturn|p1b: Ogerpon|move: Follow Me\n|move|p1a: Calyrex|Astral Barrage|p2b: Zacian|[spread] p2a,p2b\n|-damage|p2a: Ogerpon|23/100\n|-damage|p2b: Zacian|37/100\n|move|p2b: Zacian|Behemoth Blade|p1b: Ogerpon\n|-supereffective|p1b: Ogerpon\n|-ability|p1b: Ogerpon|Sturdy\n|-damage|p1b: Ogerpon|1/100\n|move|p2a: Ogerpon|Horn Leech|p1b: Ogerpon\n|-damage|p1b: Ogerpon|0 fnt\n|-heal|p2a: Ogerpon|24/100|[from] drain|[of] p1b: Ogerpon\n|faint|p1b: Ogerpon\n|\n|upkeep\n|\n|t:|1775255307\n|switch|p1b: Raging Bolt|Raging Bolt, L50|100/100\n|turn|2\n|\n|t:|1775255316\n|move|p2b: Zacian|Protect|p2b: Zacian\n|-singleturn|p2b: Zacian|Protect\n|move|p1a: Calyrex|Astral Barrage|p2a: Ogerpon|[spread] p2a\n|-activate|p2b: Zacian|move: Protect\n|-damage|p2a: Ogerpon|0 fnt\n|faint|p2a: Ogerpon\n|-ability|p1a: Calyrex|Grim Neigh|boost\n|-boost|p1a: Calyrex|spa|1\n|move|p1b: Raging Bolt|Thunderbolt|p2b: Zacian\n|-activate|p2b: Zacian|move: Protect\n|\n|upkeep\n|\n|t:|1775255328\n|switch|p2a: Chien-Pao|Chien-Pao, L50, shiny|100/100\n|-ability|p2a: Chien-Pao|Sword of Ruin\n|turn|3\n|\n|t:|1775255343\n|move|p1a: Calyrex|Protect|p1a: Calyrex\n|-singleturn|p1a: Calyrex|Protect\n|move|p1b: Raging Bolt|Thunderclap|p2a: Chien-Pao\n|-damage|p2a: Chien-Pao|36/100\n|move|p2b: Zacian|Play Rough|p1b: Raging Bolt\n|-supereffective|p1b: Raging Bolt\n|-damage|p1b: Raging Bolt|0 fnt\n|faint|p1b: Raging Bolt\n|-end|p1b: Raging Bolt|Protosynthesis|[silent]\n|move|p2a: Chien-Pao|Icy Wind|p1a: Calyrex\n|-activate|p1a: Calyrex|move: Protect\n|\n|upkeep\n|\n|t:|1775255354\n|switch|p1b: Koraidon|Koraidon, L50|100/100\n|-weather|SunnyDay|[from] ability: Orichalcum Pulse|[of] p1b: Koraidon\n|-activate|p1b: Koraidon|Orichalcum Pulse|[source]\n|turn|4\n|\n|t:|1775255376\n|move|p2b: Zacian|Protect|p2b: Zacian\n|-singleturn|p2b: Zacian|Protect\n|move|p2a: Chien-Pao|Sucker Punch|p1a: Calyrex\n|-supereffective|p1a: Calyrex\n|-enditem|p1a: Calyrex|Focus Sash\n|-damage|p1a: Calyrex|1/100\n|move|p1a: Calyrex|Astral Barrage|p2a: Chien-Pao|[spread] p2a\n|-activate|p2b: Zacian|move: Protect\n|-resisted|p2a: Chien-Pao\n|-damage|p2a: Chien-Pao|0 fnt\n|faint|p2a: Chien-Pao\n|-ability|p1a: Calyrex|Grim Neigh|boost\n|-boost|p1a: Calyrex|spa|1\n|move|p1b: Koraidon|Flame Charge|p2b: Zacian\n|-activate|p2b: Zacian|move: Protect\n|\n|-weather|SunnyDay|[upkeep]\n|upkeep\n|\n|t:|1775255381\n|switch|p2a: Kyogre|Kyogre, L50|100/100\n|-weather|RainDance|[from] ability: Drizzle|[of] p2a: Kyogre\n|turn|5\n|\n|t:|1775255400\n|move|p2b: Zacian|Protect||[still]\n|-fail|p2b: Zacian\n|move|p1a: Calyrex|Astral Barrage|p2b: Zacian|[spread] p2a,p2b\n|-damage|p2a: Kyogre|0 fnt\n|-damage|p2b: Zacian|0 fnt\n|faint|p2a: Kyogre\n|faint|p2b: Zacian\n|\n|win|Purple_Starr\n|raw|Purple_Starr's rating: 1205 &rarr; <strong>1237</strong><br />(+32 for winning)\n|raw|JoeBro8's rating: 1300 &rarr; <strong>1268</strong><br />(-32 for losing)\n","uploadtime":1775255410,"views":12,"formatid":"gen9vgc2026regi","rating":1237,"private":0,"password":null}