{"id":"gen9vgc2026regi-2582631679","format":"[Gen 9] VGC 2026 Reg I","players":["Simon0123","mroreo328"],"log":"|j|\u2606Simon0123\n|j|\u2606mroreo328\n|t:|1776103805\n|gametype|doubles\n|player|p1|Simon0123|benga|1460\n|player|p2|mroreo328|youngster-gen4dp|1576\n|gen|9\n|tier|[Gen 9] VGC 2026 Reg I\n|rated|\n|rule|Species Clause: Limit one of each Pok\u00e9mon\n|rule|Item Clause: Limit 1 of each item\n|clearpoke\n|poke|p1|Zacian-*, L50|\n|poke|p1|Kyogre, L50|\n|poke|p1|Tornadus, L50, M|\n|poke|p1|Urshifu-*, L50, F|\n|poke|p1|Incineroar, L50, F|\n|poke|p1|Rillaboom, L50, M|\n|poke|p2|Miraidon, L50|\n|poke|p2|Indeedee-F, L50, F|\n|poke|p2|Brute Bonnet, L50|\n|poke|p2|Calyrex-Ice, L50|\n|poke|p2|Enamorus-Therian, L50, F|\n|poke|p2|Urshifu-*, L50, F|\n|teampreview|4\n|inactive|Battle timer is ON: inactive players will automatically lose when time's up. (requested by mroreo328)\n|inactive|Simon0123 also wants the timer to be on.\n|l|\u2606mroreo328\n|inactive|mroreo328 disconnected and has a minute to reconnect!\n|player|p2|\n|j| goosse1\n|inactive|Simon0123 has 60 seconds left.\n|j|\u2606mroreo328\n|inactive|mroreo328 reconnected and has 55 seconds left.\n|player|p2|mroreo328|youngster-gen4dp|\n|inactive|Simon0123 has 30 seconds left.\n|\n|t:|1776103871\n|teamsize|p1|4\n|teamsize|p2|4\n|start\n|switch|p1a: Urshifu|Urshifu-Rapid-Strike, L50, F|100/100\n|switch|p1b: Zacian|Zacian-Crowned, L50|100/100\n|switch|p2a: Indeedee|Indeedee-F, L50, F|100/100\n|switch|p2b: Calyrex|Calyrex-Ice, L50|100/100\n|-ability|p2b: Calyrex|As One\n|-ability|p2b: Calyrex|Unnerve\n|-ability|p1b: Zacian|Intrepid Sword|boost\n|-boost|p1b: Zacian|atk|1\n|-fieldstart|move: Psychic Terrain|[from] ability: Psychic Surge|[of] p2a: Indeedee\n|-enditem|p2b: Calyrex|Psychic Seed\n|-boost|p2b: Calyrex|spd|1|[from] item: Psychic Seed\n|turn|1\n|inactive|Simon0123 has 30 seconds left.\n|inactive|Simon0123 has 20 seconds left.\n|\n|t:|1776103909\n|move|p2a: Indeedee|Follow Me|p2a: Indeedee\n|-singleturn|p2a: Indeedee|move: Follow Me\n|move|p1a: Urshifu|U-turn|p2a: Indeedee\n|-supereffective|p2a: Indeedee\n|-damage|p2a: Indeedee|51/100\n|\n|t:|1776103915\n|switch|p1a: Rillaboom|Rillaboom, L50, M|100/100|[from] U-turn\n|-fieldstart|move: Grassy Terrain|[from] ability: Grassy Surge|[of] p1a: Rillaboom\n|move|p1b: Zacian|Behemoth Blade|p2a: Indeedee\n|-damage|p2a: Indeedee|0 fnt\n|faint|p2a: Indeedee\n|move|p2b: Calyrex|Trick Room|p2b: Calyrex\n|-fieldstart|move: Trick Room|[of] p2b: Calyrex\n|\n|upkeep\n|\n|t:|1776103932\n|switch|p2a: Enamorus|Enamorus-Therian, L50, F|100/100\n|turn|2\n|\n|t:|1776103945\n|-terastallize|p2b: Calyrex|Water\n|move|p2a: Enamorus|Protect|p2a: Enamorus\n|-singleturn|p2a: Enamorus|Protect\n|move|p1a: Rillaboom|Fake Out|p2a: Enamorus\n|-activate|p2a: Enamorus|move: Protect\n|move|p2b: Calyrex|Glacial Lance|p1b: Zacian|[spread] p1a,p1b\n|-supereffective|p1a: Rillaboom\n|-resisted|p1b: Zacian\n|-damage|p1a: Rillaboom|14/100\n|-damage|p1b: Zacian|80/100\n|move|p1b: Zacian|Behemoth Blade|p2b: Calyrex\n|-resisted|p2b: Calyrex\n|-damage|p2b: Calyrex|80/100\n|\n|-heal|p2b: Calyrex|86/100|[from] Grassy Terrain\n|-heal|p1a: Rillaboom|19/100|[from] Grassy Terrain\n|-heal|p1b: Zacian|86/100|[from] Grassy Terrain\n|upkeep\n|turn|3\n|\n|t:|1776103958\n|move|p1a: Rillaboom|Grassy Glide|p2b: Calyrex\n|-supereffective|p2b: Calyrex\n|-damage|p2b: Calyrex|48/100\n|move|p2a: Enamorus|Earth Power|p1b: Zacian\n|-supereffective|p1b: Zacian\n|-damage|p1b: Zacian|0 fnt\n|faint|p1b: Zacian\n|-damage|p2a: Enamorus|91/100|[from] item: Life Orb\n|move|p2b: Calyrex|Glacial Lance|p1a: Rillaboom\n|-supereffective|p1a: Rillaboom\n|-damage|p1a: Rillaboom|0 fnt\n|faint|p1a: Rillaboom\n|-ability|p2b: Calyrex|Chilling Neigh|boost\n|-boost|p2b: Calyrex|atk|1\n|\n|-heal|p2b: Calyrex|54/100|[from] Grassy Terrain\n|upkeep\n|\n|t:|1776103975\n|switch|p1a: Urshifu|Urshifu-Rapid-Strike, L50, F|100/100\n|switch|p1b: Tornadus|Tornadus, L50, M|100/100\n|turn|4\n|j| Jdca\n|\n|t:|1776103990\n|-terastallize|p1a: Urshifu|Water\n|move|p1b: Tornadus|Protect|p1b: Tornadus\n|-singleturn|p1b: Tornadus|Protect\n|move|p2a: Enamorus|Moonblast|p1a: Urshifu\n|-damage|p1a: Urshifu|0 fnt\n|faint|p1a: Urshifu\n|-damage|p2a: Enamorus|81/100|[from] item: Life Orb\n|move|p2b: Calyrex|Glacial Lance|p1b: Tornadus\n|-activate|p1b: Tornadus|move: Protect\n|\n|-heal|p2b: Calyrex|60/100|[from] Grassy Terrain\n|upkeep\n|turn|5\n|-message|Simon0123 forfeited.\n|\n|win|mroreo328\n|raw|Simon0123's rating: 1460 &rarr; <strong>1446</strong><br />(-14 for losing)\n|raw|mroreo328's rating: 1576 &rarr; <strong>1590</strong><br />(+14 for winning)\n|l|\u2606Simon0123\n|player|p1|\n|l|\u2606mroreo328\n|player|p2|\n|l| Jdca\n","uploadtime":1776104180,"views":9,"formatid":"gen9vgc2026regi","rating":1446,"private":0,"password":null}