{"id":"gen9vgc2026regi-2552252321","format":"[Gen 9] VGC 2026 Reg I","players":["b3testing","Stinky62"],"log":"|j|\u2606b3testing\n|j|\u2606Stinky62\n|t:|1772697172\n|gametype|doubles\n|player|p1|b3testing|265|1396\n|player|p2|Stinky62|1|1451\n|gen|9\n|tier|[Gen 9] VGC 2026 Reg I\n|rated|\n|rule|Species Clause: Limit one of each Pok\u00e9mon\n|rule|Item Clause: Limit 1 of each item\n|clearpoke\n|poke|p1|Terapagos, L50, M|\n|poke|p1|Calyrex-Shadow, L50|\n|poke|p1|Incineroar, L50, M|\n|poke|p1|Amoonguss, L50, M|\n|poke|p1|Tornadus, L50, M|\n|poke|p1|Smeargle, L50, F|\n|poke|p2|Kyogre, L50|\n|poke|p2|Necrozma-Dusk-Mane, L50|\n|poke|p2|Iron Jugulis, L50|\n|poke|p2|Ursaluna-Bloodmoon, L50, M|\n|poke|p2|Rillaboom, L50, F|\n|poke|p2|Urshifu-*, L50, F|\n|teampreview|4\n|inactive|Battle timer is ON: inactive players will automatically lose when time's up. (requested by b3testing)\n|\n|t:|1772697194\n|teamsize|p1|4\n|teamsize|p2|4\n|start\n|switch|p1a: Smeargle|Smeargle, L50, F|100/100\n|switch|p1b: Terapagos|Terapagos, L50, M|100/100\n|switch|p2a: Kyogre|Kyogre, L50|100/100\n|switch|p2b: Iron Jugulis|Iron Jugulis, L50|100/100\n|-activate|p1b: Terapagos|ability: Tera Shift\n|detailschange|p1b: Terapagos|Terapagos-Terastal, L50, M\n|-heal|p1b: Terapagos|100/100|[silent]\n|-weather|RainDance|[from] ability: Drizzle|[of] p2a: Kyogre\n|-enditem|p2b: Iron Jugulis|Booster Energy\n|-activate|p2b: Iron Jugulis|ability: Quark Drive|[fromitem]\n|-start|p2b: Iron Jugulis|quarkdrivespe\n|turn|1\n|inactive|b3testing has 30 seconds left.\n|\n|t:|1772697236\n|-terastallize|p1b: Terapagos|Stellar\n|detailschange|p1b: Terapagos|Terapagos-Stellar, L50, M, tera:Stellar\n|-heal|p1b: Terapagos|100/100|[silent]\n|-ability|p1b: Terapagos|Teraform Zero\n|-weather|none\n|move|p2b: Iron Jugulis|Snarl|p1b: Terapagos|[spread] p1a,p1b\n|-damage|p1a: Smeargle|66/100\n|-damage|p1b: Terapagos|90/100\n|-unboost|p1a: Smeargle|spa|1\n|move|p1a: Smeargle|Decorate|p1b: Terapagos\n|-boost|p1b: Terapagos|atk|2\n|-boost|p1b: Terapagos|spa|2\n|move|p2a: Kyogre|Water Spout|p1a: Smeargle|[spread] p1a,p1b\n|-damage|p1a: Smeargle|0 fnt\n|-damage|p1b: Terapagos|35/100\n|faint|p1a: Smeargle\n|move|p1b: Terapagos|Tera Starstorm|p2a: Kyogre|[spread] p2a,p2b\n|-damage|p2a: Kyogre|43/100\n|-damage|p2b: Iron Jugulis|22/100\n|\n|upkeep\n|\n|t:|1772697250\n|switch|p1a: Amoonguss|Amoonguss, L50, M|100/100\n|turn|2\n|\n|t:|1772697265\n|switch|p2a: Necrozma|Necrozma-Dusk-Mane, L50|100/100\n|move|p2b: Iron Jugulis|Protect|p2b: Iron Jugulis\n|-singleturn|p2b: Iron Jugulis|Protect\n|move|p1b: Terapagos|Tera Starstorm|p2a: Necrozma|[spread] p2a\n|-activate|p2b: Iron Jugulis|move: Protect\n|-damage|p2a: Necrozma|35/100\n|move|p1a: Amoonguss|Pollen Puff|p1b: Terapagos\n|-heal|p1b: Terapagos|85/100\n|\n|upkeep\n|turn|3\n|\n|t:|1772697288\n|move|p1a: Amoonguss|Protect|p1a: Amoonguss\n|-singleturn|p1a: Amoonguss|Protect\n|move|p2b: Iron Jugulis|Tailwind|p2b: Iron Jugulis\n|-sidestart|p2: Stinky62|move: Tailwind\n|move|p2a: Necrozma|Photon Geyser|p1a: Amoonguss\n|-activate|p1a: Amoonguss|move: Protect\n|move|p1b: Terapagos|Tera Starstorm|p2a: Necrozma|[spread] p2a,p2b\n|-damage|p2a: Necrozma|0 fnt\n|-damage|p2b: Iron Jugulis|0 fnt\n|faint|p2a: Necrozma\n|faint|p2b: Iron Jugulis\n|-end|p2b: Iron Jugulis|Quark Drive|[silent]\n|\n|upkeep\n|\n|t:|1772697291\n|switch|p2b: Urshifu|Urshifu-Rapid-Strike, L50, F|100/100\n|switch|p2a: Kyogre|Kyogre, L50|43/100\n|-weather|RainDance|[from] ability: Drizzle|[of] p2a: Kyogre\n|turn|4\n|\n|t:|1772697299\n|move|p2a: Kyogre|Protect|p2a: Kyogre\n|-singleturn|p2a: Kyogre|Protect\n|move|p1a: Amoonguss|Rage Powder|p1a: Amoonguss\n|-singleturn|p1a: Amoonguss|move: Rage Powder\n|move|p2b: Urshifu|Taunt|p1a: Amoonguss\n|-start|p1a: Amoonguss|move: Taunt\n|move|p1b: Terapagos|Tera Starstorm|p2a: Kyogre|[spread] p2b\n|-activate|p2a: Kyogre|move: Protect\n|-damage|p2b: Urshifu|0 fnt\n|faint|p2b: Urshifu\n|\n|-weather|RainDance|[upkeep]\n|upkeep\n|turn|5\n|\n|t:|1772697307\n|move|p2a: Kyogre|Water Spout|p1a: Amoonguss|[spread] p1a,p1b\n|-resisted|p1a: Amoonguss\n|-damage|p1a: Amoonguss|75/100\n|-damage|p1b: Terapagos|50/100\n|move|p1b: Terapagos|Tera Starstorm|p2a: Kyogre\n|-damage|p2a: Kyogre|0 fnt\n|faint|p2a: Kyogre\n|\n|win|b3testing\n|raw|b3testing's rating: 1396 &rarr; <strong>1419</strong><br />(+23 for winning)\n|raw|Stinky62's rating: 1451 &rarr; <strong>1428</strong><br />(-23 for losing)\n|l|\u2606Stinky62\n|player|p2|\n|l|\u2606b3testing\n|player|p1|\n","uploadtime":1772697520,"views":13,"formatid":"gen9vgc2026regi","rating":1419,"private":0,"password":null}