{"id":"gen9vgc2026regi-2578996954","format":"[Gen 9] VGC 2026 Reg I","players":["jj11j1","blackred123"],"log":"|j|\u2606jj11j1\n|j|\u2606blackred123\n|t:|1775743849\n|gametype|doubles\n|player|p1|jj11j1|101|1505\n|player|p2|blackred123|iono-masters|1511\n|gen|9\n|tier|[Gen 9] VGC 2026 Reg I\n|rated|\n|rule|Species Clause: Limit one of each Pok\u00e9mon\n|rule|Item Clause: Limit 1 of each item\n|clearpoke\n|poke|p1|Ho-Oh, L50|\n|poke|p1|Calyrex-Ice, L50|\n|poke|p1|Overqwil, L50, M|\n|poke|p1|Ting-Lu, L50|\n|poke|p1|Rillaboom, L50, F|\n|poke|p1|Ogerpon-Wellspring, L50, F|\n|poke|p2|Calyrex-Shadow, L50|\n|poke|p2|Zamazenta-*, L50|\n|poke|p2|Tornadus, L50, M|\n|poke|p2|Rillaboom, L50, F|\n|poke|p2|Ogerpon-Hearthflame, L50, F|\n|poke|p2|Raging Bolt, L50|\n|teampreview|4\n|inactive|Battle timer is ON: inactive players will automatically lose when time's up. (requested by blackred123)\n|inactive|blackred123 has 60 seconds left.\n|\n|t:|1775743885\n|teamsize|p1|4\n|teamsize|p2|4\n|start\n|switch|p1a: Overqwil|Overqwil, L50, M|100/100\n|switch|p1b: Ting-Lu|Ting-Lu, L50|100/100\n|switch|p2a: Zamazenta|Zamazenta-Crowned, L50|100/100\n|switch|p2b: Tornadus|Tornadus, L50, M|100/100\n|-ability|p2a: Zamazenta|Dauntless Shield|boost\n|-boost|p2a: Zamazenta|def|1\n|-ability|p1a: Overqwil|Intimidate|boost\n|-unboost|p2a: Zamazenta|atk|1\n|-unboost|p2b: Tornadus|atk|1\n|-ability|p1b: Ting-Lu|Vessel of Ruin\n|turn|1\n|inactive|jj11j1 has 30 seconds left.\n|\n|t:|1775743914\n|-terastallize|p2a: Zamazenta|Water\n|move|p2a: Zamazenta|Body Press|p1a: Overqwil\n|-damage|p1a: Overqwil|31/100\n|move|p2b: Tornadus|Bleakwind Storm|p1b: Ting-Lu|[spread] p1a,p1b\n|-damage|p1a: Overqwil|3/100\n|-damage|p1b: Ting-Lu|74/100\n|move|p1a: Overqwil|Toxic Spikes|p2b: Tornadus\n|-sidestart|p2: blackred123|move: Toxic Spikes\n|move|p1b: Ting-Lu|Stone Edge|p2b: Tornadus\n|-supereffective|p2b: Tornadus\n|-damage|p2b: Tornadus|0 fnt\n|faint|p2b: Tornadus\n|\n|-heal|p1a: Overqwil|9/100|[from] item: Black Sludge\n|upkeep\n|\n|t:|1775743927\n|switch|p2b: Calyrex|Calyrex-Shadow, L50|100/100\n|-ability|p2b: Calyrex|As One\n|-ability|p2b: Calyrex|Unnerve\n|-status|p2b: Calyrex|psn\n|turn|2\n|\n|t:|1775743946\n|move|p2b: Calyrex|Astral Barrage|p1a: Overqwil|[spread] p1a,p1b\n|-resisted|p1a: Overqwil\n|-resisted|p1b: Ting-Lu\n|-damage|p1a: Overqwil|0 fnt\n|-damage|p1b: Ting-Lu|59/100\n|faint|p1a: Overqwil\n|-ability|p2b: Calyrex|Grim Neigh|boost\n|-boost|p2b: Calyrex|spa|1\n|move|p2a: Zamazenta|Body Press|p1b: Ting-Lu\n|-supereffective|p1b: Ting-Lu\n|-damage|p1b: Ting-Lu|0 fnt\n|faint|p1b: Ting-Lu\n|\n|-damage|p2b: Calyrex|88/100 psn|[from] psn\n|upkeep\n|\n|t:|1775743959\n|switch|p1a: Calyrex|Calyrex-Ice, L50|100/100\n|switch|p1b: Ho-Oh|Ho-Oh, L50|100/100\n|-ability|p1a: Calyrex|As One\n|-ability|p1a: Calyrex|Unnerve\n|turn|3\n|\n|t:|1775743982\n|-terastallize|p1a: Calyrex|Water\n|move|p2b: Calyrex|Astral Barrage|p1a: Calyrex|[spread] p1a,p1b\n|-damage|p1a: Calyrex|50/100\n|-damage|p1b: Ho-Oh|51/100\n|move|p2a: Zamazenta|Body Press|p1a: Calyrex\n|-damage|p1a: Calyrex|10/100\n|move|p1b: Ho-Oh|Whirlwind|p2a: Zamazenta\n|drag|p2a: Ogerpon|Ogerpon-Hearthflame, L50, F|100/100\n|-status|p2a: Ogerpon|psn\n|-ability|p2a: Ogerpon|Mold Breaker\n|move|p1a: Calyrex|Trick Room|p1a: Calyrex\n|-fieldstart|move: Trick Room|[of] p1a: Calyrex\n|\n|-heal|p1a: Calyrex|16/100|[from] item: Leftovers\n|-damage|p2a: Ogerpon|88/100 psn|[from] psn\n|-damage|p2b: Calyrex|76/100 psn|[from] psn\n|upkeep\n|turn|4\n|\n|t:|1775744006\n|move|p2b: Calyrex|Protect|p2b: Calyrex\n|-singleturn|p2b: Calyrex|Protect\n|move|p1a: Calyrex|Glacial Lance|p2b: Calyrex|[spread] p2a\n|-activate|p2b: Calyrex|move: Protect\n|-damage|p2a: Ogerpon|48/100 psn\n|move|p1b: Ho-Oh|Life Dew|p1b: Ho-Oh|[spread] p1a,p1b\n|-heal|p1a: Calyrex|41/100\n|-heal|p1b: Ho-Oh|76/100\n|move|p2a: Ogerpon|Grassy Glide|p1a: Calyrex\n|-supereffective|p1a: Calyrex\n|-damage|p1a: Calyrex|9/100\n|\n|-heal|p1a: Calyrex|15/100|[from] item: Leftovers\n|-damage|p2a: Ogerpon|35/100 psn|[from] psn\n|-damage|p2b: Calyrex|64/100 psn|[from] psn\n|upkeep\n|turn|5\n|\n|t:|1775744024\n|move|p1a: Calyrex|Protect|p1a: Calyrex\n|-singleturn|p1a: Calyrex|Protect\n|move|p2a: Ogerpon|Spiky Shield|p2a: Ogerpon\n|-singleturn|p2a: Ogerpon|move: Protect\n|move|p1b: Ho-Oh|Life Dew|p1b: Ho-Oh|[spread] p1a,p1b\n|-heal|p1a: Calyrex|40/100\n|-heal|p1b: Ho-Oh|100/100\n|move|p2b: Calyrex|Astral Barrage|p1a: Calyrex|[spread] p1b\n|-activate|p1a: Calyrex|move: Protect\n|-damage|p1b: Ho-Oh|57/100\n|\n|-heal|p1a: Calyrex|46/100|[from] item: Leftovers\n|-damage|p2a: Ogerpon|23/100 psn|[from] psn\n|-damage|p2b: Calyrex|52/100 psn|[from] psn\n|upkeep\n|turn|6\n|\n|t:|1775744045\n|switch|p2b: Zamazenta|Zamazenta-Crowned, L50, tera:Water|100/100\n|-status|p2b: Zamazenta|psn\n|move|p1a: Calyrex|Glacial Lance|p2a: Ogerpon|[spread] p2a,p2b\n|-resisted|p2b: Zamazenta\n|-damage|p2a: Ogerpon|0 fnt\n|-damage|p2b: Zamazenta|87/100 psn\n|faint|p2a: Ogerpon\n|-ability|p1a: Calyrex|Chilling Neigh|boost\n|-boost|p1a: Calyrex|atk|1\n|move|p1b: Ho-Oh|Life Dew|p1b: Ho-Oh|[spread] p1a,p1b\n|-heal|p1a: Calyrex|71/100\n|-heal|p1b: Ho-Oh|82/100\n|\n|-heal|p1a: Calyrex|77/100|[from] item: Leftovers\n|-damage|p2b: Zamazenta|74/100 psn|[from] psn\n|upkeep\n|\n|t:|1775744052\n|switch|p2a: Calyrex|Calyrex-Shadow, L50|52/100 psn\n|-ability|p2a: Calyrex|As One\n|-ability|p2a: Calyrex|Unnerve\n|turn|7\n|\n|t:|1775744067\n|move|p2b: Zamazenta|Wide Guard|p2b: Zamazenta\n|-singleturn|p2b: Zamazenta|Wide Guard\n|move|p1a: Calyrex|Leech Seed|p2b: Zamazenta\n|-start|p2b: Zamazenta|move: Leech Seed\n|move|p1b: Ho-Oh|Life Dew|p1b: Ho-Oh|[spread] p1a,p1b\n|-heal|p1a: Calyrex|100/100\n|-heal|p1b: Ho-Oh|100/100\n|move|p2a: Calyrex|Encore|p1a: Calyrex\n|-start|p1a: Calyrex|Encore\n|\n|-damage|p2b: Zamazenta|62/100 psn|[from] Leech Seed|[of] p1a: Calyrex\n|-damage|p2b: Zamazenta|49/100 psn|[from] psn\n|-damage|p2a: Calyrex|40/100 psn|[from] psn\n|-fieldend|move: Trick Room\n|upkeep\n|turn|8\n|\n|t:|1775744090\n|move|p2a: Calyrex|Astral Barrage|p1b: Ho-Oh|[spread] p1a,p1b\n|-damage|p1a: Calyrex|69/100\n|-damage|p1b: Ho-Oh|68/100\n|move|p2b: Zamazenta|Body Press|p1a: Calyrex\n|-damage|p1a: Calyrex|45/100\n|move|p1b: Ho-Oh|Sacred Fire|p2a: Calyrex\n|-damage|p2a: Calyrex|0 fnt\n|faint|p2a: Calyrex\n|move|p1a: Calyrex|Leech Seed||[still]\n|-fail|p1a: Calyrex\n|\n|-heal|p1a: Calyrex|51/100|[from] item: Leftovers\n|-damage|p2b: Zamazenta|37/100 psn|[from] Leech Seed|[of] p1a: Calyrex\n|-heal|p1a: Calyrex|62/100|[silent]\n|-damage|p2b: Zamazenta|24/100 psn|[from] psn\n|upkeep\n|turn|9\n|-message|blackred123 forfeited.\n|\n|win|jj11j1\n|raw|jj11j1's rating: 1505 &rarr; <strong>1525</strong><br />(+20 for winning)\n|raw|blackred123's rating: 1511 &rarr; <strong>1491</strong><br />(-20 for losing)\n|l|\u2606blackred123\n|player|p2|\n|l|\u2606jj11j1\n|player|p1|\n","uploadtime":1775744301,"views":11,"formatid":"gen9vgc2026regi","rating":1491,"private":0,"password":null}