{"id":"gen9vgc2026regi-2576268143","format":"[Gen 9] VGC 2026 Reg I","players":["hipsterbrownkid","bullgod4ever"],"log":"|j|\u2606hipsterbrownkid\n|j|\u2606bullgod4ever\n|t:|1775447419\n|gametype|doubles\n|player|p1|hipsterbrownkid|wallace|1333\n|player|p2|bullgod4ever|scientist-gen4|1398\n|gen|9\n|tier|[Gen 9] VGC 2026 Reg I\n|rated|\n|rule|Species Clause: Limit one of each Pok\u00e9mon\n|rule|Item Clause: Limit 1 of each item\n|clearpoke\n|poke|p1|Kyurem-Black, L50|\n|poke|p1|Kyogre, L50|\n|poke|p1|Tinkaton, L50, F|\n|poke|p1|Whimsicott, L50, M|\n|poke|p1|Urshifu-*, L50, M|\n|poke|p1|Landorus, L50, M|\n|poke|p2|Calyrex-Shadow, L50|\n|poke|p2|Zamazenta-*, L50|\n|poke|p2|Chien-Pao, L50|\n|poke|p2|Dragonite, L50, M|\n|poke|p2|Amoonguss, L50, F|\n|poke|p2|Ogerpon-Cornerstone, L50, F|\n|teampreview|4\n|inactive|Battle timer is ON: inactive players will automatically lose when time's up. (requested by hipsterbrownkid)\n|inactive|hipsterbrownkid has 60 seconds left.\n|\n|t:|1775447459\n|teamsize|p1|4\n|teamsize|p2|4\n|start\n|switch|p1a: Tinkaton|Tinkaton, L50, F|100/100\n|switch|p1b: Kyurem|Kyurem-Black, L50|100/100\n|switch|p2a: Dragonite|Dragonite, L50, M|100/100\n|switch|p2b: Chien-Pao|Chien-Pao, L50|100/100\n|-ability|p2b: Chien-Pao|Sword of Ruin\n|-ability|p1b: Kyurem|Teravolt\n|-ability|p1a: Tinkaton|Mold Breaker\n|turn|1\n|\n|t:|1775447477\n|-terastallize|p2a: Dragonite|Normal\n|move|p1a: Tinkaton|Fake Out|p2b: Chien-Pao\n|-damage|p2b: Chien-Pao|91/100\n|move|p2a: Dragonite|Extreme Speed|p1b: Kyurem\n|-damage|p1b: Kyurem|27/100\n|cant|p2b: Chien-Pao|flinch\n|move|p1b: Kyurem|Icicle Spear|p2a: Dragonite\n|-damage|p2a: Dragonite|78/100\n|-damage|p2a: Dragonite|58/100\n|-damage|p2a: Dragonite|36/100\n|-damage|p2a: Dragonite|16/100\n|-damage|p2a: Dragonite|0 fnt\n|faint|p2a: Dragonite\n|-hitcount|p2: Dragonite|5\n|\n|upkeep\n|\n|t:|1775447497\n|switch|p2a: Zamazenta|Zamazenta-Crowned, L50|100/100\n|-ability|p2a: Zamazenta|Dauntless Shield|boost\n|-boost|p2a: Zamazenta|def|1\n|turn|2\n|\n|t:|1775447504\n|move|p1b: Kyurem|Protect|p1b: Kyurem\n|-singleturn|p1b: Kyurem|Protect\n|move|p2b: Chien-Pao|Ice Spinner|p1b: Kyurem\n|-activate|p1b: Kyurem|move: Protect\n|move|p2a: Zamazenta|Body Press|p1a: Tinkaton\n|-damage|p1a: Tinkaton|11/100\n|move|p1a: Tinkaton|Gigaton Hammer|p2b: Chien-Pao\n|-supereffective|p2b: Chien-Pao\n|-damage|p2b: Chien-Pao|0 fnt\n|faint|p2b: Chien-Pao\n|\n|upkeep\n|\n|t:|1775447518\n|switch|p2b: Calyrex|Calyrex-Shadow, L50|100/100\n|-ability|p2b: Calyrex|As One\n|-ability|p2b: Calyrex|Unnerve\n|turn|3\n|inactive|hipsterbrownkid has 30 seconds left.\n|inactive|hipsterbrownkid has 20 seconds left.\n|inactive|hipsterbrownkid has 15 seconds left.\n|\n|t:|1775447561\n|move|p2b: Calyrex|Astral Barrage|p1b: Kyurem|[spread] p1a,p1b\n|-damage|p1a: Tinkaton|0 fnt\n|-damage|p1b: Kyurem|0 fnt\n|faint|p1a: Tinkaton\n|faint|p1b: Kyurem\n|-ability|p2b: Calyrex|Grim Neigh|boost\n|-boost|p2b: Calyrex|spa|2\n|move|p2a: Zamazenta|Body Press|p1: Tinkaton|[notarget]\n|-fail|p2a: Zamazenta\n|\n|upkeep\n|inactive|hipsterbrownkid has 30 seconds left.\n|\n|t:|1775447591\n|switch|p1b: Kyogre|Kyogre, L50|100/100\n|switch|p1a: Whimsicott|Whimsicott, L50, M|100/100\n|-weather|RainDance|[from] ability: Drizzle|[of] p1b: Kyogre\n|turn|4\n|\n|t:|1775447601\n|move|p2a: Zamazenta|Wide Guard|p2a: Zamazenta\n|-singleturn|p2a: Zamazenta|Wide Guard\n|move|p1a: Whimsicott|Tailwind|p1a: Whimsicott\n|-sidestart|p1: hipsterbrownkid|move: Tailwind\n|move|p1b: Kyogre|Hydro Pump|p2b: Calyrex|[miss]\n|-miss|p1b: Kyogre|p2b: Calyrex\n|move|p2b: Calyrex|Astral Barrage|p1a: Whimsicott|[spread] p1a,p1b\n|-damage|p1a: Whimsicott|0 fnt\n|-damage|p1b: Kyogre|29/100\n|faint|p1a: Whimsicott\n|-ability|p2b: Calyrex|Grim Neigh|boost\n|-boost|p2b: Calyrex|spa|1\n|\n|-weather|RainDance|[upkeep]\n|upkeep\n|turn|5\n|\n|t:|1775447623\n|move|p1b: Kyogre|Origin Pulse|p2a: Zamazenta|[spread] \n|-miss|p1b: Kyogre|p2a: Zamazenta\n|-miss|p1b: Kyogre|p2b: Calyrex\n|move|p2b: Calyrex|Astral Barrage|p1b: Kyogre\n|-damage|p1b: Kyogre|0 fnt\n|faint|p1b: Kyogre\n|\n|win|bullgod4ever\n|raw|hipsterbrownkid's rating: 1333 &rarr; <strong>1317</strong><br />(-16 for losing)\n|raw|bullgod4ever's rating: 1398 &rarr; <strong>1414</strong><br />(+16 for winning)\n","uploadtime":1775447631,"views":9,"formatid":"gen9vgc2026regi","rating":1317,"private":0,"password":null}