{"id":"gen9vgc2026regi-2562612086","format":"[Gen 9] VGC 2026 Reg I","players":["Top GL Enjoyer","Mirthinion"],"log":"|j|\u2606Top GL Enjoyer\n|j|\u2606Mirthinion\n|t:|1773934717\n|gametype|doubles\n|player|p1|Top GL Enjoyer|emmet|1230\n|player|p2|Mirthinion|janitor|1352\n|gen|9\n|tier|[Gen 9] VGC 2026 Reg I\n|rated|\n|rule|Species Clause: Limit one of each Pok\u00e9mon\n|rule|Item Clause: Limit 1 of each item\n|clearpoke\n|poke|p1|Miraidon, L50|\n|poke|p1|Calyrex-Ice, L50|\n|poke|p1|Scraggy, L50, F|\n|poke|p1|Farigiraf, L50, F|\n|poke|p1|Iron Hands, L50|\n|poke|p1|Iron Treads, L50|\n|poke|p2|Calyrex-Shadow, L50|\n|poke|p2|Zamazenta-*, L50|\n|poke|p2|Urshifu-*, L50, M|\n|poke|p2|Incineroar, L50, M|\n|poke|p2|Rillaboom, L50, M|\n|poke|p2|Tornadus, L50, M|\n|teampreview|4\n|inactive|Battle timer is ON: inactive players will automatically lose when time's up. (requested by Mirthinion)\n|inactive|Mirthinion has 60 seconds left.\n|\n|t:|1773934750\n|teamsize|p1|4\n|teamsize|p2|4\n|start\n|switch|p1a: Number 1|Miraidon, L50|100/100\n|switch|p1b: Dance Monkey Dance|Farigiraf, L50, F|100/100\n|switch|p2a: Hoplite|Rillaboom, L50, M|100/100\n|switch|p2b: Drambor|Zamazenta-Crowned, L50|100/100\n|-fieldstart|move: Electric Terrain|[from] ability: Hadron Engine|[of] p1a: Number 1\n|-enditem|p1b: Dance Monkey Dance|Electric Seed\n|-boost|p1b: Dance Monkey Dance|def|1|[from] item: Electric Seed\n|-ability|p2b: Drambor|Dauntless Shield|boost\n|-boost|p2b: Drambor|def|1\n|-fieldstart|move: Grassy Terrain|[from] ability: Grassy Surge|[of] p2a: Hoplite\n|turn|1\n|\n|t:|1773934771\n|-terastallize|p2b: Drambor|Grass\n|move|p1a: Number 1|Volt Switch|p2b: Drambor\n|-resisted|p2b: Drambor\n|-damage|p2b: Drambor|81/100\n|\n|t:|1773934776\n|switch|p1a: Number 2|Calyrex-Ice, L50|100/100|[from] Volt Switch\n|-ability|p1a: Number 2|As One\n|-ability|p1a: Number 2|Unnerve\n|move|p2b: Drambor|Body Press|p1a: Number 2\n|-damage|p1a: Number 2|69/100\n|move|p2a: Hoplite|High Horsepower|p1a: Number 2\n|-damage|p1a: Number 2|51/100\n|move|p1b: Dance Monkey Dance|Trick Room|p1b: Dance Monkey Dance\n|-fieldstart|move: Trick Room|[of] p1b: Dance Monkey Dance\n|\n|-heal|p1a: Number 2|57/100|[from] Grassy Terrain\n|-heal|p2b: Drambor|88/100|[from] Grassy Terrain\n|upkeep\n|turn|2\n|\n|t:|1773934794\n|move|p2b: Drambor|Wide Guard|p2b: Drambor\n|-singleturn|p2b: Drambor|Wide Guard\n|move|p1a: Number 2|Glacial Lance|p2b: Drambor|[spread] \n|-activate|p2a: Hoplite|move: Wide Guard\n|-activate|p2b: Drambor|move: Wide Guard\n|move|p1b: Dance Monkey Dance|Foul Play|p2b: Drambor\n|-damage|p2b: Drambor|77/100\n|move|p2a: Hoplite|U-turn|p1a: Number 2\n|-supereffective|p1a: Number 2\n|-damage|p1a: Number 2|34/100\n|\n|t:|1773934805\n|switch|p2a: Beowulf|Urshifu-Rapid-Strike, L50, M|100/100|[from] U-turn\n|\n|-heal|p1a: Number 2|40/100|[from] Grassy Terrain\n|-heal|p2b: Drambor|84/100|[from] Grassy Terrain\n|upkeep\n|turn|3\n|\n|t:|1773934824\n|move|p2b: Drambor|Wide Guard|p2b: Drambor\n|-singleturn|p2b: Drambor|Wide Guard\n|move|p1a: Number 2|High Horsepower|p2b: Drambor\n|-resisted|p2b: Drambor\n|-damage|p2b: Drambor|77/100\n|move|p1b: Dance Monkey Dance|Psychic|p2a: Beowulf\n|-supereffective|p2a: Beowulf\n|-damage|p2a: Beowulf|5/100\n|move|p2a: Beowulf|U-turn|p1a: Number 2\n|-supereffective|p1a: Number 2\n|-damage|p1a: Number 2|4/100\n|\n|t:|1773934835\n|switch|p2a: Hoplite|Rillaboom, L50, M|100/100|[from] U-turn\n|\n|-heal|p1a: Number 2|10/100|[from] Grassy Terrain\n|-heal|p2b: Drambor|83/100|[from] Grassy Terrain\n|upkeep\n|turn|4\n|\n|t:|1773934859\n|move|p1b: Dance Monkey Dance|Foul Play|p2a: Hoplite\n|-damage|p2a: Hoplite|68/100\n|move|p2a: Hoplite|U-turn|p1b: Dance Monkey Dance\n|-supereffective|p1b: Dance Monkey Dance\n|-damage|p1b: Dance Monkey Dance|65/100\n|\n|t:|1773934868\n|switch|p2a: Mithrandir|Calyrex-Shadow, L50|100/100|[from] U-turn\n|-ability|p2a: Mithrandir|As One\n|-ability|p2a: Mithrandir|Unnerve\n|move|p2b: Drambor|Body Press|p1a: Number 2\n|-damage|p1a: Number 2|0 fnt\n|faint|p1a: Number 2\n|\n|-heal|p1b: Dance Monkey Dance|71/100|[from] Grassy Terrain\n|-heal|p2b: Drambor|89/100|[from] Grassy Terrain\n|upkeep\n|\n|t:|1773934885\n|switch|p1a: Number 1|Miraidon, L50|100/100\n|-fieldstart|move: Electric Terrain|[from] ability: Hadron Engine|[of] p1a: Number 1\n|turn|5\n|\n|t:|1773934906\n|-terastallize|p1a: Number 1|Fairy\n|move|p1b: Dance Monkey Dance|Helping Hand|p1a: Number 1\n|-singleturn|p1a: Number 1|Helping Hand|[of] p1b: Dance Monkey Dance\n|move|p2a: Mithrandir|Protect|p2a: Mithrandir\n|-singleturn|p2a: Mithrandir|Protect\n|move|p2b: Drambor|Body Press|p1a: Number 1\n|-resisted|p1a: Number 1\n|-damage|p1a: Number 1|70/100\n|move|p1a: Number 1|Dazzling Gleam|p2a: Mithrandir|[spread] p2b\n|-activate|p2a: Mithrandir|move: Protect\n|-damage|p2b: Drambor|13/100\n|\n|-fieldend|move: Trick Room\n|upkeep\n|turn|6\n|inactive|Mirthinion has 30 seconds left.\n|inactive|Mirthinion has 20 seconds left.\n|\n|t:|1773934945\n|switch|p1a: Iron Hands|Iron Hands, L50|100/100\n|-activate|p1a: Iron Hands|ability: Quark Drive\n|-start|p1a: Iron Hands|quarkdriveatk\n|move|p2b: Drambor|Wide Guard|p2b: Drambor\n|-singleturn|p2b: Drambor|Wide Guard\n|move|p2a: Mithrandir|Pollen Puff|p1b: Dance Monkey Dance\n|-supereffective|p1b: Dance Monkey Dance\n|-damage|p1b: Dance Monkey Dance|25/100\n|move|p1b: Dance Monkey Dance|Foul Play|p2b: Drambor\n|-damage|p2b: Drambor|2/100\n|\n|upkeep\n|turn|7\n|\n|t:|1773934964\n|move|p2b: Drambor|Protect|p2b: Drambor\n|-singleturn|p2b: Drambor|Protect\n|move|p1a: Iron Hands|Fake Out|p2b: Drambor\n|-activate|p2b: Drambor|move: Protect\n|move|p2a: Mithrandir|Pollen Puff|p1b: Dance Monkey Dance\n|-supereffective|p1b: Dance Monkey Dance\n|-damage|p1b: Dance Monkey Dance|0 fnt\n|faint|p1b: Dance Monkey Dance\n|-ability|p2a: Mithrandir|Grim Neigh|boost\n|-boost|p2a: Mithrandir|spa|1\n|\n|upkeep\n|\n|t:|1773934976\n|switch|p1b: Number 1|Miraidon, L50, tera:Fairy|70/100\n|-activate|p1b: Number 1|ability: Hadron Engine\n|turn|8\n|\n|t:|1773934998\n|move|p2a: Mithrandir|Astral Barrage|p1a: Iron Hands|[spread] p1a,p1b\n|-damage|p1a: Iron Hands|56/100\n|-damage|p1b: Number 1|6/100\n|move|p1b: Number 1|Electro Drift|p2a: Mithrandir\n|-enditem|p2a: Mithrandir|Focus Sash\n|-damage|p2a: Mithrandir|1/100\n|move|p2b: Drambor|Behemoth Bash|p1b: Number 1\n|-supereffective|p1b: Number 1\n|-damage|p1b: Number 1|0 fnt\n|faint|p1b: Number 1\n|move|p1a: Iron Hands|Low Kick|p2b: Drambor\n|-damage|p2b: Drambor|0 fnt\n|faint|p2b: Drambor\n|\n|upkeep\n|-message|Top GL Enjoyer forfeited.\n|\n|win|Mirthinion\n|raw|Top GL Enjoyer's rating: 1230 &rarr; <strong>1213</strong><br />(-17 for losing)\n|raw|Mirthinion's rating: 1352 &rarr; <strong>1365</strong><br />(+13 for winning)\n|l|\u2606Top GL Enjoyer\n|player|p1|\n","uploadtime":1773935055,"views":76,"formatid":"gen9vgc2026regi","rating":1213,"private":0,"password":null}