{"id":"gen9vgc2026regi-2534915556","format":"[Gen 9] VGC 2026 Reg I","players":["j0l0k0","feeltheice05"],"log":"|j|\u2606j0l0k0\n|j|\u2606feeltheice05\n|t:|1770492134\n|gametype|doubles\n|player|p1|j0l0k0|brycen|1519\n|player|p2|feeltheice05|265|1387\n|gen|9\n|tier|[Gen 9] VGC 2026 Reg I\n|rated|\n|rule|Species Clause: Limit one of each Pok\u00e9mon\n|rule|Item Clause: Limit 1 of each item\n|clearpoke\n|poke|p1|Calyrex-Ice, L50|\n|poke|p1|Kyogre, L50|\n|poke|p1|Indeedee-F, L50, F|\n|poke|p1|Urshifu-*, L50, F|\n|poke|p1|Amoonguss, L50, F|\n|poke|p1|Landorus, L50, M|\n|poke|p2|Dondozo, L50, F|\n|poke|p2|Tatsugiri-Droopy, L50, M|\n|poke|p2|Miraidon, L50|\n|poke|p2|Iron Valiant, L50|\n|poke|p2|Zacian-*, L50|\n|poke|p2|Tornadus, L50, M|\n|teampreview|4\n|inactive|Battle timer is ON: inactive players will automatically lose when time's up. (requested by j0l0k0)\n|\n|t:|1770492151\n|teamsize|p1|4\n|teamsize|p2|4\n|start\n|switch|p1a: Indeedee|Indeedee-F, L50, F, shiny|100/100\n|switch|p1b: Calyrex|Calyrex-Ice, L50|100/100\n|switch|p2a: Iron Valiant|Iron Valiant, L50|100/100\n|switch|p2b: Dondozo|Dondozo, L50, F, shiny|100/100\n|-ability|p1b: Calyrex|As One\n|-ability|p1b: Calyrex|Unnerve\n|-fieldstart|move: Psychic Terrain|[from] ability: Psychic Surge|[of] p1a: Indeedee\n|turn|1\n|\n|t:|1770492165\n|switch|p2b: Miraidon|Miraidon, L50|100/100\n|-fieldstart|move: Electric Terrain|[from] ability: Hadron Engine|[of] p2b: Miraidon\n|-activate|p2a: Iron Valiant|ability: Quark Drive\n|-start|p2a: Iron Valiant|quarkdrivespe\n|move|p2a: Iron Valiant|Knock Off|p1b: Calyrex\n|-supereffective|p1b: Calyrex\n|-crit|p1b: Calyrex\n|-damage|p1b: Calyrex|36/100\n|-enditem|p1b: Calyrex|Clear Amulet|[from] move: Knock Off|[of] p2a: Iron Valiant\n|move|p1b: Calyrex|Glacial Lance|p2b: Miraidon|[spread] p2a,p2b\n|-supereffective|p2b: Miraidon\n|-damage|p2a: Iron Valiant|25/100\n|-damage|p2b: Miraidon|0 fnt\n|faint|p2b: Miraidon\n|-ability|p1b: Calyrex|Chilling Neigh|boost\n|-boost|p1b: Calyrex|atk|1\n|move|p1a: Indeedee|Trick Room|p1a: Indeedee\n|-fieldstart|move: Trick Room|[of] p1a: Indeedee\n|\n|upkeep\n|\n|t:|1770492182\n|switch|p2b: Dondozo|Dondozo, L50, F, shiny|100/100\n|turn|2\n|\n|t:|1770492193\n|-end|p2a: Iron Valiant|Quark Drive|[silent]\n|switch|p2a: Tatsugiri|Tatsugiri-Droopy, L50, M, shiny|100/100\n|-activate|p2a: Tatsugiri|ability: Commander|[of] p2b: Dondozo\n|-boost|p2b: Dondozo|atk|2\n|-boost|p2b: Dondozo|spa|2\n|-boost|p2b: Dondozo|spe|2\n|-boost|p2b: Dondozo|def|2\n|-boost|p2b: Dondozo|spd|2\n|move|p1a: Indeedee|Follow Me|p1a: Indeedee\n|-singleturn|p1a: Indeedee|move: Follow Me\n|move|p1b: Calyrex|Close Combat|p2b: Dondozo\n|-damage|p2b: Dondozo|85/100\n|-unboost|p1b: Calyrex|def|1\n|-unboost|p1b: Calyrex|spd|1\n|move|p2b: Dondozo|Order Up|p1a: Indeedee\n|-damage|p1a: Indeedee|58/100\n|-boost|p2b: Dondozo|def|1\n|\n|-heal|p2b: Dondozo|91/100|[from] item: Leftovers\n|upkeep\n|turn|3\n|inactive|j0l0k0 has 30 seconds left.\n|\n|t:|1770492220\n|move|p1a: Indeedee|Helping Hand|p1b: Calyrex\n|-singleturn|p1b: Calyrex|Helping Hand|[of] p1a: Indeedee\n|move|p1b: Calyrex|Glacial Lance|p2a: Tatsugiri|[spread] p2b\n|-miss|p1b: Calyrex|p2a: Tatsugiri\n|-resisted|p2b: Dondozo\n|-damage|p2b: Dondozo|81/100\n|move|p2b: Dondozo|Earthquake|p1b: Calyrex|[spread] p1a,p1b\n|-miss|p2b: Dondozo|p2a: Tatsugiri\n|-damage|p1a: Indeedee|22/100\n|-damage|p1b: Calyrex|15/100\n|\n|-heal|p2b: Dondozo|87/100|[from] item: Leftovers\n|upkeep\n|turn|4\n|\n|t:|1770492235\n|move|p1a: Indeedee|Helping Hand|p1b: Calyrex\n|-singleturn|p1b: Calyrex|Helping Hand|[of] p1a: Indeedee\n|move|p2b: Dondozo|Protect|p2b: Dondozo\n|-singleturn|p2b: Dondozo|Protect\n|move|p1b: Calyrex|Close Combat|p2b: Dondozo\n|-activate|p2b: Dondozo|move: Protect\n|\n|-heal|p2b: Dondozo|93/100|[from] item: Leftovers\n|upkeep\n|turn|5\n|\n|t:|1770492250\n|move|p1a: Indeedee|Helping Hand|p1b: Calyrex\n|-singleturn|p1b: Calyrex|Helping Hand|[of] p1a: Indeedee\n|move|p1b: Calyrex|Close Combat|p2b: Dondozo\n|-damage|p2b: Dondozo|73/100\n|-unboost|p1b: Calyrex|def|1\n|-unboost|p1b: Calyrex|spd|1\n|move|p2b: Dondozo|Earthquake|p1b: Calyrex|[spread] p1a,p1b\n|-miss|p2b: Dondozo|p2a: Tatsugiri\n|-damage|p1a: Indeedee|0 fnt\n|-damage|p1b: Calyrex|0 fnt\n|faint|p1a: Indeedee\n|faint|p1b: Calyrex\n|\n|-heal|p2b: Dondozo|79/100|[from] item: Leftovers\n|-fieldend|move: Trick Room\n|-fieldend|move: Electric Terrain\n|upkeep\n|\n|t:|1770492264\n|switch|p1a: Kyogre|Kyogre, L50, shiny|100/100\n|switch|p1b: Landorus|Landorus, L50, M, shiny|100/100\n|-weather|RainDance|[from] ability: Drizzle|[of] p1a: Kyogre\n|turn|6\n|\n|t:|1770492282\n|-terastallize|p1b: Landorus|Steel\n|move|p2b: Dondozo|Protect|p2b: Dondozo\n|-singleturn|p2b: Dondozo|Protect\n|move|p1a: Kyogre|Thunder|p2b: Dondozo\n|-activate|p2b: Dondozo|move: Protect\n|move|p1b: Landorus|Sandsear Storm|p2a: Tatsugiri|[spread] \n|-miss|p1b: Landorus|p2a: Tatsugiri\n|-activate|p2b: Dondozo|move: Protect\n|\n|-weather|RainDance|[upkeep]\n|-heal|p2b: Dondozo|86/100|[from] item: Leftovers\n|upkeep\n|turn|7\n|\n|t:|1770492295\n|-terastallize|p2b: Dondozo|Dark\n|move|p2b: Dondozo|Body Press|p1b: Landorus\n|-supereffective|p1b: Landorus\n|-damage|p1b: Landorus|0 fnt\n|faint|p1b: Landorus\n|move|p1a: Kyogre|Thunder|p2b: Dondozo\n|-damage|p2b: Dondozo|70/100\n|\n|-weather|RainDance|[upkeep]\n|-heal|p2b: Dondozo|76/100|[from] item: Leftovers\n|upkeep\n|turn|8\n|\n|t:|1770492308\n|move|p2b: Dondozo|Protect|p2b: Dondozo\n|-singleturn|p2b: Dondozo|Protect\n|move|p1a: Kyogre|Hydro Pump|p2b: Dondozo\n|-activate|p2b: Dondozo|move: Protect\n|\n|-weather|RainDance|[upkeep]\n|-heal|p2b: Dondozo|82/100|[from] item: Leftovers\n|upkeep\n|turn|9\n|\n|t:|1770492313\n|move|p2b: Dondozo|Body Press|p1a: Kyogre\n|-damage|p1a: Kyogre|48/100\n|move|p1a: Kyogre|Hydro Pump|p2b: Dondozo\n|-crit|p2b: Dondozo\n|-damage|p2b: Dondozo|0 fnt\n|faint|p2b: Dondozo\n|\n|-weather|RainDance|[upkeep]\n|upkeep\n|\n|t:|1770492318\n|switch|p2b: Iron Valiant|Iron Valiant, L50|25/100\n|turn|10\n|\n|t:|1770492325\n|move|p2a: Tatsugiri|Draco Meteor|p1a: Kyogre|[miss]\n|-miss|p2a: Tatsugiri|p1a: Kyogre\n|move|p2b: Iron Valiant|Close Combat|p1a: Kyogre\n|-damage|p1a: Kyogre|0 fnt\n|-unboost|p2b: Iron Valiant|def|1\n|-unboost|p2b: Iron Valiant|spd|1\n|faint|p1a: Kyogre\n|\n|win|feeltheice05\n|raw|j0l0k0's rating: 1519 &rarr; <strong>1492</strong><br />(-27 for losing)\n|raw|feeltheice05's rating: 1387 &rarr; <strong>1414</strong><br />(+27 for winning)\n|l|\u2606feeltheice05\n|player|p2|\n|c|\u2606j0l0k0|ggwp\n|l|\u2606j0l0k0\n|player|p1|\n","uploadtime":1770492575,"views":14,"formatid":"gen9vgc2026regi","rating":1414,"private":0,"password":null}