{"id":"gen9vgc2026regi-2546806674","format":"[Gen 9] VGC 2026 Reg I","players":["EllenJoe2026","xs1234"],"log":"|j|\u2606EllenJoe2026\n|j|\u2606xs1234\n|t:|1772014647\n|gametype|doubles\n|player|p1|EllenJoe2026|iono|1467\n|player|p2|xs1234|steven|1491\n|gen|9\n|tier|[Gen 9] VGC 2026 Reg I\n|rated|\n|rule|Species Clause: Limit one of each Pok\u00e9mon\n|rule|Item Clause: Limit 1 of each item\n|clearpoke\n|poke|p1|Calyrex-Shadow, L50|\n|poke|p1|Zamazenta-*, L50|\n|poke|p1|Incineroar, L50, F|\n|poke|p1|Rillaboom, L50, F|\n|poke|p1|Ogerpon-Cornerstone, L50, F|\n|poke|p1|Tornadus, L50, M|\n|poke|p2|Amoonguss, L50, F|\n|poke|p2|Calyrex-Ice, L50|\n|poke|p2|Kyogre, L50|\n|poke|p2|Grimmsnarl, L50, M|\n|poke|p2|Flutter Mane, L50|\n|poke|p2|Basculegion, L50, M|\n|teampreview|4\n|inactive|Battle timer is ON: inactive players will automatically lose when time's up. (requested by xs1234)\n|inactive|EllenJoe2026 also wants the timer to be on.\n|\n|t:|1772014672\n|teamsize|p1|4\n|teamsize|p2|4\n|start\n|switch|p1a: Rillaboom|Rillaboom, L50, F, shiny|100/100\n|switch|p1b: Zamazenta|Zamazenta-Crowned, L50, shiny|100/100\n|switch|p2a: Kyogre|Kyogre, L50|100/100\n|switch|p2b: Basculegion|Basculegion, L50, M|100/100\n|-ability|p1b: Zamazenta|Dauntless Shield|boost\n|-boost|p1b: Zamazenta|def|1\n|-weather|RainDance|[from] ability: Drizzle|[of] p2a: Kyogre\n|-fieldstart|move: Grassy Terrain|[from] ability: Grassy Surge|[of] p1a: Rillaboom\n|turn|1\n|inactive|EllenJoe2026 has 30 seconds left.\n|\n|t:|1772014698\n|switch|p2a: Amoonguss|Amoonguss, L50, F|100/100\n|move|p2b: Basculegion|Protect|p2b: Basculegion\n|-singleturn|p2b: Basculegion|Protect\n|move|p1b: Zamazenta|Protect|p1b: Zamazenta\n|-singleturn|p1b: Zamazenta|Protect\n|move|p1a: Rillaboom|Grassy Glide|p2b: Basculegion\n|-activate|p2b: Basculegion|move: Protect\n|\n|-weather|RainDance|[upkeep]\n|upkeep\n|turn|2\n|inactive|EllenJoe2026 has 30 seconds left.\n|inactive|xs1234 has 30 seconds left.\n|inactive|EllenJoe2026 has 20 seconds left.\n|\n|t:|1772014735\n|switch|p2b: Calyrex|Calyrex-Ice, L50|100/100\n|-ability|p2b: Calyrex|As One\n|-ability|p2b: Calyrex|Unnerve\n|-terastallize|p1b: Zamazenta|Dragon\n|move|p1b: Zamazenta|Heavy Slam|p2b: Calyrex\n|-supereffective|p2b: Calyrex\n|-damage|p2b: Calyrex|83/100\n|move|p1a: Rillaboom|Wood Hammer|p2b: Calyrex\n|-damage|p2b: Calyrex|40/100\n|-damage|p1a: Rillaboom|86/100|[from] Recoil\n|move|p2a: Amoonguss|Spore|p1b: Zamazenta\n|-status|p1b: Zamazenta|slp|[from] move: Spore\n|\n|-weather|RainDance|[upkeep]\n|-heal|p1a: Rillaboom|92/100|[from] Grassy Terrain\n|-heal|p2b: Calyrex|45/100|[from] Grassy Terrain\n|-heal|p2b: Calyrex|51/100|[from] item: Leftovers\n|upkeep\n|turn|3\n|inactive|EllenJoe2026 has 30 seconds left.\n|inactive|xs1234 has 30 seconds left.\n|\n|t:|1772014762\n|cant|p1b: Zamazenta|slp\n|move|p1a: Rillaboom|U-turn|p2b: Calyrex\n|-supereffective|p2b: Calyrex\n|-damage|p2b: Calyrex|25/100\n|\n|t:|1772014767\n|switch|p1a: Incineroar|Incineroar, L50, F, shiny|100/100|[from] U-turn\n|-ability|p1a: Incineroar|Intimidate|boost\n|-unboost|p2a: Amoonguss|atk|1\n|-unboost|p2b: Calyrex|atk|1\n|move|p2b: Calyrex|Leech Seed|p1b: Zamazenta\n|-start|p1b: Zamazenta|move: Leech Seed\n|move|p2a: Amoonguss|Pollen Puff|p2b: Calyrex\n|-heal|p2b: Calyrex|75/100\n|\n|-weather|RainDance|[upkeep]\n|-heal|p2b: Calyrex|81/100|[from] Grassy Terrain\n|-heal|p2b: Calyrex|86/100|[from] item: Leftovers\n|-damage|p1b: Zamazenta|88/100 slp|[from] Leech Seed|[of] p2b: Calyrex\n|-heal|p2b: Calyrex|98/100|[silent]\n|upkeep\n|turn|4\n|inactive|xs1234 has 30 seconds left.\n|\n|t:|1772014795\n|switch|p2b: Kyogre|Kyogre, L50|100/100\n|cant|p1b: Zamazenta|slp\n|move|p1a: Incineroar|Taunt|p2b: Kyogre\n|-start|p2b: Kyogre|move: Taunt\n|move|p2a: Amoonguss|Spore|p1a: Incineroar\n|-activate|p1a: Incineroar|item: Safety Goggles|Spore\n|\n|-weather|RainDance|[upkeep]\n|-heal|p1b: Zamazenta|94/100 slp|[from] Grassy Terrain\n|-damage|p1b: Zamazenta|82/100 slp|[from] Leech Seed|[of] p2b: Kyogre\n|upkeep\n|turn|5\n|inactive|xs1234 has 30 seconds left.\n|\n|t:|1772014825\n|switch|p1a: Rillaboom|Rillaboom, L50, F, shiny|92/100\n|move|p2a: Amoonguss|Rage Powder|p2a: Amoonguss\n|-singleturn|p2a: Amoonguss|move: Rage Powder\n|cant|p1b: Zamazenta|slp\n|move|p2b: Kyogre|Hydro Pump|p1a: Rillaboom\n|-resisted|p1a: Rillaboom\n|-damage|p1a: Rillaboom|51/100\n|\n|-weather|none\n|-heal|p1b: Zamazenta|88/100 slp|[from] Grassy Terrain\n|-heal|p1a: Rillaboom|57/100|[from] Grassy Terrain\n|-damage|p1b: Zamazenta|76/100 slp|[from] Leech Seed|[of] p2b: Kyogre\n|-fieldend|move: Grassy Terrain\n|upkeep\n|turn|6\n|inactive|EllenJoe2026 has 30 seconds left.\n|inactive|xs1234 has 30 seconds left.\n|\n|t:|1772014854\n|switch|p1b: Incineroar|Incineroar, L50, F, shiny|100/100\n|-ability|p1b: Incineroar|Intimidate|boost\n|-unboost|p2a: Amoonguss|atk|1\n|-unboost|p2b: Kyogre|atk|1\n|switch|p2b: Calyrex|Calyrex-Ice, L50|98/100\n|-ability|p2b: Calyrex|As One\n|-ability|p2b: Calyrex|Unnerve\n|move|p1a: Rillaboom|U-turn|p2b: Calyrex\n|-supereffective|p2b: Calyrex\n|-damage|p2b: Calyrex|75/100\n|\n|t:|1772014867\n|switch|p1a: Calyrex|Calyrex-Shadow, L50|100/100|[from] U-turn\n|-ability|p1a: Calyrex|As One\n|-ability|p1a: Calyrex|Unnerve\n|move|p2a: Amoonguss|Spore|p1b: Incineroar\n|-activate|p1b: Incineroar|item: Safety Goggles|Spore\n|\n|-heal|p2b: Calyrex|81/100|[from] item: Leftovers\n|upkeep\n|turn|7\n|\n|t:|1772014887\n|-terastallize|p2a: Amoonguss|Dark\n|move|p1a: Calyrex|Protect|p1a: Calyrex\n|-singleturn|p1a: Calyrex|Protect\n|move|p1b: Incineroar|Taunt|p2b: Calyrex\n|-start|p2b: Calyrex|move: Taunt\n|move|p2a: Amoonguss|Spore|p1a: Calyrex\n|-activate|p1a: Calyrex|move: Protect\n|cant|p2b: Calyrex|move: Taunt|Trick Room\n|\n|-heal|p2b: Calyrex|86/100|[from] item: Leftovers\n|upkeep\n|turn|8\n|\n|t:|1772014904\n|switch|p2b: Kyogre|Kyogre, L50|100/100\n|-weather|RainDance|[from] ability: Drizzle|[of] p2b: Kyogre\n|move|p1a: Calyrex|Nasty Plot|p1a: Calyrex\n|-boost|p1a: Calyrex|spa|2\n|move|p1b: Incineroar|Taunt|p2a: Amoonguss\n|-start|p2a: Amoonguss|move: Taunt\n|cant|p2a: Amoonguss|move: Taunt|Spore\n|\n|-weather|RainDance|[upkeep]\n|upkeep\n|turn|9\n|inactive|EllenJoe2026 has 30 seconds left.\n|\n|t:|1772014933\n|switch|p1b: Rillaboom|Rillaboom, L50, F, shiny|57/100\n|-fieldstart|move: Grassy Terrain|[from] ability: Grassy Surge|[of] p1b: Rillaboom\n|move|p1a: Calyrex|Protect|p1a: Calyrex\n|-singleturn|p1a: Calyrex|Protect\n|move|p2b: Kyogre|Origin Pulse|p1b: Rillaboom|[spread] p1b\n|-activate|p1a: Calyrex|move: Protect\n|-resisted|p1b: Rillaboom\n|-damage|p1b: Rillaboom|30/100\n|move|p2a: Amoonguss|Pollen Puff|p1a: Calyrex\n|-activate|p1a: Calyrex|move: Protect\n|\n|-weather|RainDance|[upkeep]\n|-heal|p1b: Rillaboom|35/100|[from] Grassy Terrain\n|upkeep\n|turn|10\n|-message|xs1234 forfeited.\n|\n|win|EllenJoe2026\n|raw|EllenJoe2026's rating: 1482 &rarr; <strong>1503</strong><br />(+21 for winning)\n|raw|xs1234's rating: 1491 &rarr; <strong>1470</strong><br />(-21 for losing)\n|l|\u2606xs1234\n|player|p2|\n|l|\u2606EllenJoe2026\n|player|p1|\n","uploadtime":1772015162,"views":15,"formatid":"gen9vgc2026regi","rating":1470,"private":0,"password":null}