{"id":"gen9vgc2026regi-2543535211","format":"[Gen 9] VGC 2026 Reg I","players":["fogdocker","Gilsog"],"log":"|j|\u2606fogdocker\n|j|\u2606Gilsog\n|t:|1771589840\n|gametype|doubles\n|player|p1|fogdocker|1|1309\n|player|p2|Gilsog|pokemaniac|1356\n|gen|9\n|tier|[Gen 9] VGC 2026 Reg I\n|rated|\n|rule|Species Clause: Limit one of each Pok\u00e9mon\n|rule|Item Clause: Limit 1 of each item\n|clearpoke\n|poke|p1|Calyrex-Ice, L50|\n|poke|p1|Koraidon, L50|\n|poke|p1|Flutter Mane, L50|\n|poke|p1|Incineroar, L50, M|\n|poke|p1|Rillaboom, L50, M|\n|poke|p1|Volcarona, L50, M|\n|poke|p2|Eternatus, L50|\n|poke|p2|Sableye, L50, F|\n|poke|p2|Farigiraf, L50, F|\n|poke|p2|Calyrex-Ice, L50|\n|poke|p2|Urshifu-*, L50, F|\n|poke|p2|Ogerpon-Cornerstone, L50, F|\n|teampreview|4\n|inactive|Battle timer is ON: inactive players will automatically lose when time's up. (requested by fogdocker)\n|\n|t:|1771589876\n|teamsize|p1|4\n|teamsize|p2|4\n|start\n|switch|p1a: Calyrex|Calyrex-Ice, L50|100/100\n|switch|p1b: Incineroar|Incineroar, L50, M|100/100\n|switch|p2a: Eternatus|Eternatus, L50|100/100\n|switch|p2b: Sableye|Sableye, L50, F|100/100\n|-ability|p1a: Calyrex|As One\n|-ability|p1a: Calyrex|Unnerve\n|-ability|p2a: Eternatus|Pressure\n|-ability|p1b: Incineroar|Intimidate|boost\n|-unboost|p2a: Eternatus|atk|1\n|-unboost|p2b: Sableye|atk|1\n|turn|1\n|\n|t:|1771589899\n|move|p2b: Sableye|Protect|p2b: Sableye\n|-singleturn|p2b: Sableye|Protect\n|move|p2a: Eternatus|Protect|p2a: Eternatus\n|-singleturn|p2a: Eternatus|Protect\n|move|p1b: Incineroar|Knock Off|p2b: Sableye\n|-activate|p2b: Sableye|move: Protect\n|move|p1a: Calyrex|Glacial Lance|p2a: Eternatus|[spread] \n|-activate|p2a: Eternatus|move: Protect\n|-activate|p2b: Sableye|move: Protect\n|\n|upkeep\n|turn|2\n|inactive|Gilsog has 30 seconds left.\n|\n|t:|1771589926\n|move|p2b: Sableye|Disable|p1a: Calyrex\n|-start|p1a: Calyrex|Disable|Glacial Lance\n|move|p2a: Eternatus|Meteor Beam||[still]\n|-prepare|p2a: Eternatus|Meteor Beam\n|-boost|p2a: Eternatus|spa|1\n|-enditem|p2a: Eternatus|Power Herb\n|-anim|p2a: Eternatus|Meteor Beam|p1b: Incineroar\n|-supereffective|p1b: Incineroar\n|-damage|p1b: Incineroar|0 fnt\n|faint|p1b: Incineroar\n|move|p1a: Calyrex|Leech Seed|p2a: Eternatus\n|-start|p2a: Eternatus|move: Leech Seed\n|\n|-damage|p2a: Eternatus|88/100|[from] Leech Seed|[of] p1a: Calyrex\n|upkeep\n|\n|t:|1771589935\n|switch|p1b: Flutter Mane|Flutter Mane, L50|100/100\n|turn|3\n|inactive|Gilsog has 30 seconds left.\n|inactive|Gilsog has 20 seconds left.\n|inactive|Gilsog has 15 seconds left.\n|inactive|Gilsog has 10 seconds left.\n|\n|t:|1771589984\n|move|p2b: Sableye|Encore|p1a: Calyrex\n|-start|p1a: Calyrex|Encore\n|move|p1b: Flutter Mane|Moonblast|p2b: Sableye\n|-supereffective|p2b: Sableye\n|-enditem|p2b: Sableye|Focus Sash\n|-damage|p2b: Sableye|1/100\n|-unboost|p2b: Sableye|spa|1\n|move|p2a: Eternatus|Meteor Beam||[still]\n|-prepare|p2a: Eternatus|Meteor Beam\n|-boost|p2a: Eternatus|spa|1\n|move|p1a: Calyrex|Leech Seed|p2b: Sableye\n|-start|p2b: Sableye|move: Leech Seed\n|\n|-damage|p2a: Eternatus|76/100|[from] Leech Seed|[of] p1a: Calyrex\n|-damage|p2b: Sableye|0 fnt|[from] Leech Seed|[of] p1a: Calyrex\n|faint|p2b: Sableye\n|upkeep\n|inactive|Gilsog has 30 seconds left.\n|\n|t:|1771590013\n|switch|p2b: Calyrex|Calyrex-Ice, L50|100/100\n|-ability|p2b: Calyrex|As One\n|-ability|p2b: Calyrex|Unnerve\n|turn|4\n|inactive|Gilsog has 30 seconds left.\n|\n|t:|1771590042\n|-terastallize|p2b: Calyrex|Water\n|-terastallize|p1a: Calyrex|Water\n|move|p1b: Flutter Mane|Shadow Ball|p2b: Calyrex\n|-damage|p2b: Calyrex|72/100\n|move|p2a: Eternatus|Meteor Beam|p1a: Calyrex|[from] lockedmove\n|-damage|p1a: Calyrex|46/100\n|move|p1a: Calyrex|Leech Seed|p2b: Calyrex\n|-start|p2b: Calyrex|move: Leech Seed\n|move|p2b: Calyrex|Trick Room|p2b: Calyrex\n|-fieldstart|move: Trick Room|[of] p2b: Calyrex\n|\n|-heal|p1a: Calyrex|52/100|[from] item: Leftovers\n|-damage|p2b: Calyrex|60/100|[from] Leech Seed|[of] p1a: Calyrex\n|-heal|p1a: Calyrex|64/100|[silent]\n|-damage|p2a: Eternatus|64/100|[from] Leech Seed|[of] p1a: Calyrex\n|-heal|p1a: Calyrex|77/100|[silent]\n|upkeep\n|turn|5\n|inactive|Gilsog has 30 seconds left.\n|inactive|Gilsog has 20 seconds left.\n|inactive|Gilsog has 15 seconds left.\n|inactive|Gilsog has 10 seconds left.\n|\n|t:|1771590091\n|move|p1a: Calyrex|Leech Seed||[still]\n|-fail|p1a: Calyrex\n|move|p2b: Calyrex|Glacial Lance|p1b: Flutter Mane|[spread] p1a,p1b\n|-resisted|p1a: Calyrex\n|-damage|p1a: Calyrex|60/100\n|-enditem|p1b: Flutter Mane|Focus Sash\n|-damage|p1b: Flutter Mane|1/100\n|move|p2a: Eternatus|Dynamax Cannon|p1a: Calyrex\n|-damage|p1a: Calyrex|0 fnt\n|faint|p1a: Calyrex\n|move|p1b: Flutter Mane|Moonblast|p2a: Eternatus\n|-damage|p2a: Eternatus|20/100\n|\n|upkeep\n|\n|t:|1771590101\n|switch|p1a: Koraidon|Koraidon, L50|100/100\n|-weather|SunnyDay|[from] ability: Orichalcum Pulse|[of] p1a: Koraidon\n|-activate|p1b: Flutter Mane|ability: Protosynthesis\n|-start|p1b: Flutter Mane|protosynthesisspe\n|-activate|p1a: Koraidon|Orichalcum Pulse|[source]\n|turn|6\n|-message|fogdocker forfeited.\n|\n|win|Gilsog\n|raw|fogdocker's rating: 1309 &rarr; <strong>1292</strong><br />(-17 for losing)\n|raw|Gilsog's rating: 1356 &rarr; <strong>1373</strong><br />(+17 for winning)\n|l|\u2606fogdocker\n|player|p1|\n|l|\u2606Gilsog\n|player|p2|\n|j|\u2606Gilsog\n|player|p2|Gilsog|pokemaniac|\n|l|\u2606Gilsog\n|player|p2|\n","uploadtime":1771590340,"views":14,"formatid":"gen9vgc2026regi","rating":1292,"private":0,"password":null}