{"id":"gen9vgc2026regi-2589909063","format":"[Gen 9] VGC 2026 Reg I","players":["avarussurava","perruquer"],"log":"|j|\u2606avarussurava\n|j|\u2606perruquer\n|t:|1776773091\n|gametype|doubles\n|player|p1|avarussurava|1|1450\n|player|p2|perruquer|265|1523\n|gen|9\n|tier|[Gen 9] VGC 2026 Reg I\n|rated|\n|rule|Species Clause: Limit one of each Pok\u00e9mon\n|rule|Item Clause: Limit 1 of each item\n|clearpoke\n|poke|p1|Tyranitar, L50, F|\n|poke|p1|Kyogre, L50|\n|poke|p1|Zamazenta-*, L50|\n|poke|p1|Gastrodon, L50, F|\n|poke|p1|Sinistcha, L50|\n|poke|p1|Ceruledge, L50, F|\n|poke|p2|Calyrex-Ice, L50|\n|poke|p2|Kyogre, L50|\n|poke|p2|Incineroar, L50, M|\n|poke|p2|Flutter Mane, L50|\n|poke|p2|Amoonguss, L50, M|\n|poke|p2|Smeargle, L50, F|\n|teampreview|4\n|\n|t:|1776773108\n|teamsize|p1|4\n|teamsize|p2|4\n|start\n|switch|p1a: Zamazenta|Zamazenta-Crowned, L50|100/100\n|switch|p1b: Ceruledge|Ceruledge, L50, F|100/100\n|switch|p2a: Smeargle|Smeargle, L50, F|100/100\n|switch|p2b: Calyrex|Calyrex-Ice, L50|100/100\n|-ability|p2b: Calyrex|As One\n|-ability|p2b: Calyrex|Unnerve\n|-ability|p1a: Zamazenta|Dauntless Shield|boost\n|-boost|p1a: Zamazenta|def|1\n|turn|1\n|\n|t:|1776773123\n|-terastallize|p2b: Calyrex|Fairy\n|move|p1a: Zamazenta|Iron Defense|p1a: Zamazenta\n|-boost|p1a: Zamazenta|def|2\n|move|p2a: Smeargle|Spore|p1b: Ceruledge\n|-activate|p1b: Ceruledge|item: Safety Goggles|Spore\n|move|p1b: Ceruledge|Bitter Blade|p2a: Smeargle\n|-enditem|p2a: Smeargle|Focus Sash\n|-damage|p2a: Smeargle|1/100\n|move|p2b: Calyrex|Trick Room|p2b: Calyrex\n|-fieldstart|move: Trick Room|[of] p2b: Calyrex\n|\n|-ability|p2a: Smeargle|Moody|boost\n|-boost|p2a: Smeargle|spa|2\n|-unboost|p2a: Smeargle|atk|1\n|upkeep\n|turn|2\n|\n|t:|1776773142\n|move|p2b: Calyrex|Leech Seed|p1a: Zamazenta\n|-start|p1a: Zamazenta|move: Leech Seed\n|move|p1b: Ceruledge|Bitter Blade|p2a: Smeargle\n|-damage|p2a: Smeargle|0 fnt\n|faint|p2a: Smeargle\n|move|p1a: Zamazenta|Iron Defense|p1a: Zamazenta\n|-boost|p1a: Zamazenta|def|2\n|\n|-damage|p1a: Zamazenta|88/100|[from] Leech Seed|[of] p2b: Calyrex\n|upkeep\n|\n|t:|1776773150\n|switch|p2a: Amoonguss|Amoonguss, L50, M|100/100\n|turn|3\n|\n|t:|1776773156\n|move|p2a: Amoonguss|Protect|p2a: Amoonguss\n|-singleturn|p2a: Amoonguss|Protect\n|move|p2b: Calyrex|Leech Seed|p1b: Ceruledge\n|-start|p1b: Ceruledge|move: Leech Seed\n|move|p1b: Ceruledge|Taunt|p2a: Amoonguss\n|-activate|p2a: Amoonguss|move: Protect\n|move|p1a: Zamazenta|Body Press|p2b: Calyrex\n|-resisted|p2b: Calyrex\n|-damage|p2b: Calyrex|48/100\n|\n|-heal|p2b: Calyrex|54/100|[from] item: Leftovers\n|-damage|p1b: Ceruledge|88/100|[from] Leech Seed|[of] p2b: Calyrex\n|-heal|p2b: Calyrex|63/100|[silent]\n|-damage|p1a: Zamazenta|75/100|[from] Leech Seed|[of] p2b: Calyrex\n|-heal|p2b: Calyrex|73/100|[silent]\n|upkeep\n|turn|4\n|\n|t:|1776773176\n|move|p2a: Amoonguss|Spore|p1a: Zamazenta\n|-status|p1a: Zamazenta|slp|[from] move: Spore\n|move|p2b: Calyrex|Glacial Lance|p1b: Ceruledge|[spread] p1a,p1b\n|-resisted|p1a: Zamazenta\n|-resisted|p1b: Ceruledge\n|-damage|p1a: Zamazenta|71/100 slp\n|-damage|p1b: Ceruledge|52/100\n|move|p1b: Ceruledge|Taunt|p2a: Amoonguss\n|-start|p2a: Amoonguss|move: Taunt\n|cant|p1a: Zamazenta|slp\n|\n|-heal|p2b: Calyrex|79/100|[from] item: Leftovers\n|-damage|p1b: Ceruledge|40/100|[from] Leech Seed|[of] p2b: Calyrex\n|-heal|p2b: Calyrex|87/100|[silent]\n|-damage|p1a: Zamazenta|58/100 slp|[from] Leech Seed|[of] p2b: Calyrex\n|-heal|p2b: Calyrex|98/100|[silent]\n|upkeep\n|turn|5\n|\n|t:|1776773194\n|switch|p2a: Kyogre|Kyogre, L50|100/100\n|-weather|RainDance|[from] ability: Drizzle|[of] p2a: Kyogre\n|move|p2b: Calyrex|Glacial Lance|p1b: Ceruledge|[spread] p1a,p1b\n|-resisted|p1a: Zamazenta\n|-resisted|p1b: Ceruledge\n|-damage|p1a: Zamazenta|54/100 slp\n|-damage|p1b: Ceruledge|0 fnt\n|faint|p1b: Ceruledge\n|-ability|p2b: Calyrex|Chilling Neigh|boost\n|-boost|p2b: Calyrex|atk|1\n|cant|p1a: Zamazenta|slp\n|\n|-weather|RainDance|[upkeep]\n|-heal|p2b: Calyrex|100/100|[from] item: Leftovers\n|-damage|p1a: Zamazenta|42/100 slp|[from] Leech Seed|[of] p2b: Calyrex\n|-fieldend|move: Trick Room\n|upkeep\n|\n|t:|1776773209\n|switch|p1b: Sinistcha|Sinistcha, L50|100/100\n|-heal|p1a: Zamazenta|67/100 slp|[from] ability: Hospitality|[of] p1b: Sinistcha\n|turn|6\n|\n|t:|1776773221\n|switch|p1b: Tyranitar|Tyranitar, L50, F|100/100\n|-weather|Sandstorm|[from] ability: Sand Stream|[of] p1b: Tyranitar\n|move|p2a: Kyogre|Protect|p2a: Kyogre\n|-singleturn|p2a: Kyogre|Protect\n|-curestatus|p1a: Zamazenta|slp|[msg]\n|move|p1a: Zamazenta|Body Press|p2a: Kyogre\n|-activate|p2a: Kyogre|move: Protect\n|move|p2b: Calyrex|Trick Room|p2b: Calyrex\n|-fieldstart|move: Trick Room|[of] p2b: Calyrex\n|\n|-weather|Sandstorm|[upkeep]\n|-damage|p2b: Calyrex|95/100|[from] Sandstorm\n|-damage|p2a: Kyogre|95/100|[from] Sandstorm\n|-heal|p2b: Calyrex|100/100|[from] item: Leftovers\n|-damage|p1a: Zamazenta|54/100|[from] Leech Seed|[of] p2b: Calyrex\n|upkeep\n|turn|7\n|\n|t:|1776773243\n|switch|p2a: Amoonguss|Amoonguss, L50, M|100/100\n|move|p2b: Calyrex|Leech Seed|p1b: Tyranitar\n|-start|p1b: Tyranitar|move: Leech Seed\n|move|p1b: Tyranitar|Knock Off|p2a: Amoonguss\n|-damage|p2a: Amoonguss|51/100\n|-damage|p1b: Tyranitar|84/100|[from] item: Rocky Helmet|[of] p2a: Amoonguss\n|-enditem|p2a: Amoonguss|Rocky Helmet|[from] move: Knock Off|[of] p1b: Tyranitar\n|move|p1a: Zamazenta|Body Press|p2a: Amoonguss\n|-resisted|p2a: Amoonguss\n|-damage|p2a: Amoonguss|0 fnt\n|faint|p2a: Amoonguss\n|\n|-weather|Sandstorm|[upkeep]\n|-damage|p2b: Calyrex|95/100|[from] Sandstorm\n|-heal|p2b: Calyrex|100/100|[from] item: Leftovers\n|-damage|p1b: Tyranitar|72/100|[from] Leech Seed|[of] p2b: Calyrex\n|-damage|p1a: Zamazenta|42/100|[from] Leech Seed|[of] p2b: Calyrex\n|upkeep\n|\n|t:|1776773255\n|switch|p2a: Kyogre|Kyogre, L50|95/100\n|-weather|RainDance|[from] ability: Drizzle|[of] p2a: Kyogre\n|turn|8\n|\n|t:|1776773263\n|switch|p1b: Sinistcha|Sinistcha, L50|100/100\n|-heal|p1a: Zamazenta|67/100|[from] ability: Hospitality|[of] p1b: Sinistcha\n|move|p2a: Kyogre|Protect|p2a: Kyogre\n|-singleturn|p2a: Kyogre|Protect\n|move|p2b: Calyrex|Glacial Lance|p1b: Sinistcha|[spread] p1a,p1b\n|-resisted|p1a: Zamazenta\n|-supereffective|p1b: Sinistcha\n|-damage|p1a: Zamazenta|59/100\n|-damage|p1b: Sinistcha|0 fnt\n|faint|p1b: Sinistcha\n|-ability|p2b: Calyrex|Chilling Neigh|boost\n|-boost|p2b: Calyrex|atk|1\n|move|p1a: Zamazenta|Body Press|p2a: Kyogre\n|-activate|p2a: Kyogre|move: Protect\n|\n|-weather|RainDance|[upkeep]\n|-damage|p1a: Zamazenta|47/100|[from] Leech Seed|[of] p2b: Calyrex\n|upkeep\n|\n|t:|1776773280\n|switch|p1b: Tyranitar|Tyranitar, L50, F|72/100\n|-weather|Sandstorm|[from] ability: Sand Stream|[of] p1b: Tyranitar\n|turn|9\n|\n|t:|1776773288\n|move|p1a: Zamazenta|Wide Guard|p1a: Zamazenta\n|-singleturn|p1a: Zamazenta|Wide Guard\n|move|p2b: Calyrex|Glacial Lance|p1a: Zamazenta|[spread] \n|-activate|p1a: Zamazenta|move: Wide Guard\n|-activate|p1b: Tyranitar|move: Wide Guard\n|move|p1b: Tyranitar|Knock Off|p2a: Kyogre\n|-damage|p2a: Kyogre|35/100\n|-enditem|p2a: Kyogre|Mystic Water|[from] move: Knock Off|[of] p1b: Tyranitar\n|move|p2a: Kyogre|Hydro Pump|p1a: Zamazenta|[miss]\n|-miss|p2a: Kyogre|p1a: Zamazenta\n|\n|-weather|Sandstorm|[upkeep]\n|-damage|p2b: Calyrex|95/100|[from] Sandstorm\n|-damage|p2a: Kyogre|30/100|[from] Sandstorm\n|-heal|p2b: Calyrex|100/100|[from] item: Leftovers\n|-damage|p1a: Zamazenta|34/100|[from] Leech Seed|[of] p2b: Calyrex\n|upkeep\n|turn|10\n|\n|t:|1776773320\n|move|p1a: Zamazenta|Wide Guard|p1a: Zamazenta\n|-singleturn|p1a: Zamazenta|Wide Guard\n|move|p2b: Calyrex|Glacial Lance|p1b: Tyranitar|[spread] \n|-activate|p1a: Zamazenta|move: Wide Guard\n|-activate|p1b: Tyranitar|move: Wide Guard\n|move|p1b: Tyranitar|Knock Off|p2b: Calyrex\n|-resisted|p2b: Calyrex\n|-damage|p2b: Calyrex|84/100\n|-enditem|p2b: Calyrex|Leftovers|[from] move: Knock Off|[of] p1b: Tyranitar\n|move|p2a: Kyogre|Hydro Pump|p1a: Zamazenta\n|-damage|p1a: Zamazenta|0 fnt\n|faint|p1a: Zamazenta\n|\n|-weather|Sandstorm|[upkeep]\n|-damage|p2b: Calyrex|78/100|[from] Sandstorm\n|-damage|p2a: Kyogre|24/100|[from] Sandstorm\n|-fieldend|move: Trick Room\n|upkeep\n|turn|11\n|-message|avarussurava forfeited.\n|\n|win|perruquer\n|raw|avarussurava's rating: 1450 &rarr; <strong>1434</strong><br />(-16 for losing)\n|raw|perruquer's rating: 1523 &rarr; <strong>1539</strong><br />(+16 for winning)\n|l|\u2606avarussurava\n|player|p1|\n|l|\u2606perruquer\n|player|p2|\n","uploadtime":1776773508,"views":11,"formatid":"gen9vgc2026regi","rating":1434,"private":0,"password":null}