{"id":"gen9vgc2026regi-2514751898","format":"[Gen 9] VGC 2026 Reg I","players":["moonwatercam","j0l0k0"],"log":"|j|\u2606moonwatercam\n|j|\u2606j0l0k0\n|t:|1767904236\n|gametype|doubles\n|player|p1|moonwatercam|boarder|1220\n|player|p2|j0l0k0|266|1197\n|gen|9\n|tier|[Gen 9] VGC 2026 Reg I\n|rated|\n|rule|Species Clause: Limit one of each Pok\u00e9mon\n|rule|Item Clause: Limit 1 of each item\n|clearpoke\n|poke|p1|Raichu-Alola, L50, M|\n|poke|p1|Miraidon, L50|\n|poke|p1|Iron Crown, L50|\n|poke|p1|Indeedee-F, L50, F|\n|poke|p1|Incineroar, L50, F|\n|poke|p1|Calyrex-Shadow, L50|\n|poke|p2|Calyrex-Ice, L50|\n|poke|p2|Kyogre, L50|\n|poke|p2|Indeedee-F, L50, F|\n|poke|p2|Urshifu-*, L50, F|\n|poke|p2|Amoonguss, L50, F|\n|poke|p2|Annihilape, L50, F|\n|teampreview|4\n|inactive|Battle timer is ON: inactive players will automatically lose when time's up. (requested by j0l0k0)\n|\n|t:|1767904249\n|teamsize|p1|4\n|teamsize|p2|4\n|start\n|switch|p1a: Raichu|Raichu-Alola, L50, M|100/100\n|switch|p1b: Miraidon|Miraidon, L50|100/100\n|switch|p2a: Indeedee|Indeedee-F, L50, F, shiny|100/100\n|switch|p2b: Calyrex|Calyrex-Ice, L50|100/100\n|-ability|p2b: Calyrex|As One\n|-ability|p2b: Calyrex|Unnerve\n|-fieldstart|move: Electric Terrain|[from] ability: Hadron Engine|[of] p1b: Miraidon\n|-fieldstart|move: Psychic Terrain|[from] ability: Psychic Surge|[of] p2a: Indeedee\n|turn|1\n|\n|t:|1767904263\n|move|p2a: Indeedee|Follow Me|p2a: Indeedee\n|-singleturn|p2a: Indeedee|move: Follow Me\n|move|p1a: Raichu|Nuzzle|p2a: Indeedee\n|-damage|p2a: Indeedee|94/100\n|-status|p2a: Indeedee|par\n|move|p1b: Miraidon|Electro Drift|p2a: Indeedee\n|-damage|p2a: Indeedee|56/100 par\n|move|p2b: Calyrex|Trick Room|p2b: Calyrex\n|-fieldstart|move: Trick Room|[of] p2b: Calyrex\n|\n|upkeep\n|turn|2\n|\n|t:|1767904276\n|switch|p1b: Iron Crown|Iron Crown, L50|100/100\n|-enditem|p1b: Iron Crown|Booster Energy\n|-activate|p1b: Iron Crown|ability: Quark Drive|[fromitem]\n|-start|p1b: Iron Crown|quarkdrivespa\n|move|p2a: Indeedee|Follow Me|p2a: Indeedee\n|-singleturn|p2a: Indeedee|move: Follow Me\n|move|p2b: Calyrex|Glacial Lance|p1b: Iron Crown|[spread] p1a,p1b\n|-resisted|p1b: Iron Crown\n|-enditem|p1a: Raichu|Focus Sash\n|-damage|p1a: Raichu|1/100\n|-damage|p1b: Iron Crown|74/100\n|move|p1a: Raichu|Nuzzle|p2a: Indeedee\n|-damage|p2a: Indeedee|49/100 par\n|\n|upkeep\n|turn|3\n|inactive|moonwatercam has 30 seconds left.\n|inactive|j0l0k0 has 30 seconds left.\n|\n|t:|1767904309\n|move|p2b: Calyrex|Crunch|p1b: Iron Crown\n|-supereffective|p1b: Iron Crown\n|-damage|p1b: Iron Crown|3/100\n|move|p2a: Indeedee|Psychic|p1a: Raichu\n|-resisted|p1a: Raichu\n|-damage|p1a: Raichu|0 fnt\n|faint|p1a: Raichu\n|move|p1b: Iron Crown|Expanding Force|p2a: Indeedee|[spread] p2a,p2b\n|-resisted|p2a: Indeedee\n|-resisted|p2b: Calyrex\n|-damage|p2a: Indeedee|13/100 par\n|-damage|p2b: Calyrex|73/100\n|\n|upkeep\n|\n|t:|1767904320\n|switch|p1a: Miraidon|Miraidon, L50|100/100\n|-fieldstart|move: Electric Terrain|[from] ability: Hadron Engine|[of] p1a: Miraidon\n|turn|4\n|\n|t:|1767904326\n|move|p2a: Indeedee|Helping Hand|p2b: Calyrex\n|-singleturn|p2b: Calyrex|Helping Hand|[of] p2a: Indeedee\n|move|p1b: Iron Crown|Protect|p1b: Iron Crown\n|-singleturn|p1b: Iron Crown|Protect\n|move|p1a: Miraidon|Protect|p1a: Miraidon\n|-singleturn|p1a: Miraidon|Protect\n|move|p2b: Calyrex|Glacial Lance|p1b: Iron Crown|[spread] \n|-activate|p1a: Miraidon|move: Protect\n|-activate|p1b: Iron Crown|move: Protect\n|\n|upkeep\n|turn|5\n|\n|t:|1767904346\n|-terastallize|p1a: Miraidon|Ghost\n|cant|p2a: Indeedee|par\n|move|p1b: Iron Crown|Protect||[still]\n|-fail|p1b: Iron Crown\n|move|p2b: Calyrex|Glacial Lance|p1a: Miraidon|[spread] p1a,p1b\n|-resisted|p1b: Iron Crown\n|-damage|p1a: Miraidon|49/100\n|-damage|p1b: Iron Crown|0 fnt\n|faint|p1b: Iron Crown\n|-end|p1b: Iron Crown|Quark Drive|[silent]\n|-ability|p2b: Calyrex|Chilling Neigh|boost\n|-boost|p2b: Calyrex|atk|1\n|move|p1a: Miraidon|Dazzling Gleam|p2b: Calyrex|[spread] p2a,p2b\n|-damage|p2a: Indeedee|0 fnt\n|-damage|p2b: Calyrex|54/100\n|faint|p2a: Indeedee\n|\n|-heal|p1a: Miraidon|55/100|[from] item: Leftovers\n|-fieldend|move: Trick Room\n|upkeep\n|\n|t:|1767904363\n|switch|p1b: Calyrex|Calyrex-Shadow, L50|100/100\n|switch|p2a: Urshifu|Urshifu, L50, F|100/100\n|-ability|p1b: Calyrex|As One\n|-ability|p1b: Calyrex|Unnerve\n|turn|6\n|\n|t:|1767904376\n|-terastallize|p2b: Calyrex|Normal\n|move|p1b: Calyrex|Astral Barrage|p2a: Urshifu|[spread] p2a\n|-immune|p2b: Calyrex\n|-resisted|p2a: Urshifu\n|-damage|p2a: Urshifu|51/100\n|-damage|p1b: Calyrex|90/100|[from] item: Life Orb\n|move|p1a: Miraidon|Dazzling Gleam|p2a: Urshifu|[spread] p2a,p2b\n|-supereffective|p2a: Urshifu\n|-damage|p2a: Urshifu|0 fnt\n|-damage|p2b: Calyrex|34/100\n|faint|p2a: Urshifu\n|move|p2b: Calyrex|Glacial Lance|p1a: Miraidon|[spread] p1a,p1b\n|-damage|p1a: Miraidon|0 fnt\n|-damage|p1b: Calyrex|0 fnt\n|faint|p1a: Miraidon\n|faint|p1b: Calyrex\n|\n|win|j0l0k0\n|raw|moonwatercam's rating: 1220 &rarr; <strong>1193</strong><br />(-27 for losing)\n|raw|j0l0k0's rating: 1197 &rarr; <strong>1224</strong><br />(+27 for winning)\n|c|\u2606j0l0k0|ggwp\n|l|\u2606moonwatercam\n|player|p1|\n|l|\u2606j0l0k0\n|player|p2|\n","uploadtime":1767904645,"views":14,"formatid":"gen9vgc2026regi","rating":1193,"private":0,"password":null}