{"id":"gen9vgc2026regi-2515927606","format":"[Gen 9] VGC 2026 Reg I","players":["burrocosta","kojimuranishi"],"log":"|j|\u2606burrocosta\n|j|\u2606kojimuranishi\n|t:|1768061437\n|gametype|doubles\n|player|p1|burrocosta|2|1201\n|player|p2|kojimuranishi|266|1354\n|gen|9\n|tier|[Gen 9] VGC 2026 Reg I\n|rated|\n|rule|Species Clause: Limit one of each Pok\u00e9mon\n|rule|Item Clause: Limit 1 of each item\n|clearpoke\n|poke|p1|Calyrex-Ice, L50|\n|poke|p1|Indeedee-F, L50, F|\n|poke|p1|Torkoal, L50, M|\n|poke|p1|Gardevoir, L50, M|\n|poke|p1|Amoonguss, L50, M|\n|poke|p1|Kyogre, L50|\n|poke|p2|Raging Bolt, L50|\n|poke|p2|Calyrex-Ice, L50|\n|poke|p2|Kyogre, L50|\n|poke|p2|Indeedee-F, L50, F|\n|poke|p2|Landorus, L50, M|\n|poke|p2|Urshifu-*, L50, M|\n|teampreview|4\n|inactive|Battle timer is ON: inactive players will automatically lose when time's up. (requested by kojimuranishi)\n|\n|t:|1768061474\n|teamsize|p1|4\n|teamsize|p2|4\n|start\n|switch|p1a: Calyrex|Calyrex-Ice, L50|100/100\n|switch|p1b: Indeedee|Indeedee-F, L50, F|100/100\n|switch|p2a: Calyrex|Calyrex-Ice, L50|100/100\n|switch|p2b: Landorus|Landorus, L50, M|100/100\n|-ability|p2a: Calyrex|As One\n|-ability|p2a: Calyrex|Unnerve\n|-ability|p1a: Calyrex|As One\n|-ability|p1a: Calyrex|Unnerve\n|-fieldstart|move: Psychic Terrain|[from] ability: Psychic Surge|[of] p1b: Indeedee\n|turn|1\n|\n|t:|1768061498\n|-terastallize|p2b: Landorus|Water\n|move|p1b: Indeedee|Follow Me|p1b: Indeedee\n|-singleturn|p1b: Indeedee|move: Follow Me\n|move|p2b: Landorus|Sandsear Storm|p1b: Indeedee|[spread] p1b\n|-miss|p2b: Landorus|p1a: Calyrex\n|-damage|p1b: Indeedee|52/100\n|move|p2a: Calyrex|Glacial Lance|p1a: Calyrex|[spread] p1a,p1b\n|-resisted|p1a: Calyrex\n|-damage|p1a: Calyrex|85/100\n|-damage|p1b: Indeedee|0 fnt\n|faint|p1b: Indeedee\n|-ability|p2a: Calyrex|Chilling Neigh|boost\n|-boost|p2a: Calyrex|atk|1\n|move|p1a: Calyrex|Trick Room|p1a: Calyrex\n|-fieldstart|move: Trick Room|[of] p1a: Calyrex\n|\n|-heal|p1a: Calyrex|91/100|[from] item: Leftovers\n|upkeep\n|\n|t:|1768061515\n|switch|p1b: Amoonguss|Amoonguss, L50, M|100/100\n|turn|2\n|\n|t:|1768061538\n|move|p1b: Amoonguss|Spore|p2a: Calyrex\n|-status|p2a: Calyrex|slp|[from] move: Spore\n|cant|p2a: Calyrex|slp\n|move|p1a: Calyrex|Glacial Lance|p2b: Landorus|[spread] p2a,p2b\n|-resisted|p2a: Calyrex\n|-resisted|p2b: Landorus\n|-damage|p2a: Calyrex|84/100 slp\n|-damage|p2b: Landorus|62/100\n|move|p2b: Landorus|Sandsear Storm|p1a: Calyrex|[spread] p1a\n|-miss|p2b: Landorus|p1b: Amoonguss\n|-damage|p1a: Calyrex|37/100\n|\n|-heal|p2a: Calyrex|89/100 slp|[from] item: Leftovers\n|-heal|p1a: Calyrex|43/100|[from] item: Leftovers\n|upkeep\n|turn|3\n|inactive|burrocosta has 30 seconds left.\n|\n|t:|1768061573\n|cant|p2a: Calyrex|slp\n|move|p2b: Landorus|Protect|p2b: Landorus\n|-singleturn|p2b: Landorus|Protect\n|move|p1b: Amoonguss|Rage Powder|p1b: Amoonguss\n|-singleturn|p1b: Amoonguss|move: Rage Powder\n|move|p1a: Calyrex|Glacial Lance|p2a: Calyrex|[spread] p2a\n|-activate|p2b: Landorus|move: Protect\n|-resisted|p2a: Calyrex\n|-damage|p2a: Calyrex|71/100 slp\n|\n|-heal|p1a: Calyrex|49/100|[from] item: Leftovers\n|-heal|p2a: Calyrex|76/100 slp|[from] item: Leftovers\n|upkeep\n|turn|4\n|\n|t:|1768061594\n|switch|p2b: Indeedee|Indeedee-F, L50, F|100/100\n|move|p1b: Amoonguss|Spore|p2a: Calyrex\n|-fail|p2a: Calyrex|slp\n|-curestatus|p2a: Calyrex|slp|[msg]\n|move|p2a: Calyrex|Glacial Lance|p1a: Calyrex|[spread] p1a,p1b\n|-resisted|p1a: Calyrex\n|-supereffective|p1b: Amoonguss\n|-damage|p1a: Calyrex|28/100\n|-damage|p1b: Amoonguss|0 fnt\n|faint|p1b: Amoonguss\n|-ability|p2a: Calyrex|Chilling Neigh|boost\n|-boost|p2a: Calyrex|atk|1\n|move|p1a: Calyrex|Glacial Lance|p2b: Indeedee|[spread] p2a,p2b\n|-resisted|p2a: Calyrex\n|-damage|p2a: Calyrex|58/100\n|-damage|p2b: Indeedee|41/100\n|\n|-heal|p1a: Calyrex|34/100|[from] item: Leftovers\n|-heal|p2a: Calyrex|63/100|[from] item: Leftovers\n|upkeep\n|\n|t:|1768061610\n|switch|p1b: Gardevoir|Gardevoir, L50, M|100/100\n|turn|5\n|\n|t:|1768061635\n|-terastallize|p1a: Calyrex|Fire\n|move|p1b: Gardevoir|Protect|p1b: Gardevoir\n|-singleturn|p1b: Gardevoir|Protect\n|move|p1a: Calyrex|Glacial Lance|p2b: Indeedee|[spread] p2a,p2b\n|-resisted|p2a: Calyrex\n|-damage|p2a: Calyrex|45/100\n|-damage|p2b: Indeedee|0 fnt\n|faint|p2b: Indeedee\n|-ability|p1a: Calyrex|Chilling Neigh|boost\n|-boost|p1a: Calyrex|atk|1\n|move|p2a: Calyrex|Glacial Lance|p1a: Calyrex|[spread] p1a\n|-activate|p1b: Gardevoir|move: Protect\n|-resisted|p1a: Calyrex\n|-damage|p1a: Calyrex|7/100\n|\n|-heal|p2a: Calyrex|51/100|[from] item: Leftovers\n|-heal|p1a: Calyrex|13/100|[from] item: Leftovers\n|-fieldend|move: Trick Room\n|-fieldend|move: Psychic Terrain\n|upkeep\n|\n|t:|1768061658\n|switch|p2b: Landorus|Landorus, L50, M, tera:Water|62/100\n|turn|6\n|\n|t:|1768061671\n|move|p1b: Gardevoir|Protect||[still]\n|-fail|p1b: Gardevoir\n|move|p2b: Landorus|Earth Power|p1a: Calyrex\n|-supereffective|p1a: Calyrex\n|-damage|p1a: Calyrex|0 fnt\n|faint|p1a: Calyrex\n|move|p2a: Calyrex|Glacial Lance|p1b: Gardevoir\n|-damage|p1b: Gardevoir|0 fnt\n|faint|p1b: Gardevoir\n|\n|win|kojimuranishi\n|raw|burrocosta's rating: 1201 &rarr; <strong>1186</strong><br />(-15 for losing)\n|raw|kojimuranishi's rating: 1354 &rarr; <strong>1366</strong><br />(+12 for winning)\n|l|\u2606burrocosta\n|player|p1|\n|l|\u2606kojimuranishi\n|player|p2|\n","uploadtime":1768061852,"views":16,"formatid":"gen9vgc2026regi","rating":1186,"private":0,"password":null}