{"id":"gen9vgc2026regi-2527402960","format":"[Gen 9] VGC 2026 Reg I","players":["palhunter","dasabe\u76d6\u6b27\u5361\u4fa0"],"log":"|j|\u2606palhunter\n|j|\u2606dasabe\u76d6\u6b27\u5361\u4fa0\n|t:|1769535189\n|gametype|doubles\n|player|p1|palhunter|dawn|1553\n|player|p2|dasabe\u76d6\u6b27\u5361\u4fa0|may-masters4|1659\n|gen|9\n|tier|[Gen 9] VGC 2026 Reg I\n|rated|\n|rule|Species Clause: Limit one of each Pok\u00e9mon\n|rule|Item Clause: Limit 1 of each item\n|clearpoke\n|poke|p1|Miraidon, L50|\n|poke|p1|Amoonguss, L50, F|\n|poke|p1|Calyrex-Ice, L50|\n|poke|p1|Urshifu-*, L50, M|\n|poke|p1|Incineroar, L50, F|\n|poke|p1|Landorus, L50, M|\n|poke|p2|Kyogre, L50|\n|poke|p2|Miraidon, L50|\n|poke|p2|Whimsicott, L50, F|\n|poke|p2|Iron Hands, L50|\n|poke|p2|Farigiraf, L50, F|\n|poke|p2|Urshifu-*, L50, M|\n|teampreview|4\n|inactive|Battle timer is ON: inactive players will automatically lose when time's up. (requested by palhunter)\n|inactive|palhunter has 60 seconds left.\n|j| sid kagenow\n|l| sid kagenow\n|inactive|palhunter has 30 seconds left.\n|inactive|palhunter has 20 seconds left.\n|inactive|palhunter has 15 seconds left.\n|\n|t:|1769535277\n|teamsize|p1|4\n|teamsize|p2|4\n|start\n|switch|p1a: Calyrex|Calyrex-Ice, L50|100/100\n|switch|p1b: Miraidon|Miraidon, L50|100/100\n|switch|p2a: \u5996\u820d\u7cbe\u62c9|Whimsicott, L50, F, shiny|100/100\n|switch|p2b: \u94f6\u91d1\u5996\u86c7|Miraidon, L50, shiny|100/100\n|-ability|p1a: Calyrex|As One\n|-ability|p1a: Calyrex|Unnerve\n|-fieldstart|move: Electric Terrain|[from] ability: Hadron Engine|[of] p1b: Miraidon\n|-activate|p2b: \u94f6\u91d1\u5996\u86c7|ability: Hadron Engine\n|turn|1\n|\n|t:|1769535302\n|switch|p1a: Landorus|Landorus, L50, M, shiny|100/100\n|move|p2b: \u94f6\u91d1\u5996\u86c7|Protect|p2b: \u94f6\u91d1\u5996\u86c7\n|-singleturn|p2b: \u94f6\u91d1\u5996\u86c7|Protect\n|move|p2a: \u5996\u820d\u7cbe\u62c9|Tailwind|p2a: \u5996\u820d\u7cbe\u62c9\n|-sidestart|p2: dasabe\u76d6\u6b27\u5361\u4fa0|move: Tailwind\n|move|p1b: Miraidon|Volt Switch|p2a: \u5996\u820d\u7cbe\u62c9\n|-resisted|p2a: \u5996\u820d\u7cbe\u62c9\n|-damage|p2a: \u5996\u820d\u7cbe\u62c9|36/100\n|\n|t:|1769535326\n|switch|p1b: Calyrex|Calyrex-Ice, L50|100/100|[from] Volt Switch\n|-ability|p1b: Calyrex|As One\n|-ability|p1b: Calyrex|Unnerve\n|\n|upkeep\n|turn|2\n|inactive|palhunter has 30 seconds left.\n|\n|t:|1769535352\n|-terastallize|p2b: \u94f6\u91d1\u5996\u86c7|Fairy\n|move|p2a: \u5996\u820d\u7cbe\u62c9|Endeavor|p1b: Calyrex\n|-damage|p1b: Calyrex|21/100\n|move|p2b: \u94f6\u91d1\u5996\u86c7|Dazzling Gleam|p1b: Calyrex|[spread] p1a,p1b\n|-damage|p1a: Landorus|38/100\n|-damage|p1b: Calyrex|0 fnt\n|faint|p1b: Calyrex\n|-damage|p2b: \u94f6\u91d1\u5996\u86c7|91/100|[from] item: Life Orb\n|move|p1a: Landorus|Earth Power|p2b: \u94f6\u91d1\u5996\u86c7\n|-damage|p2b: \u94f6\u91d1\u5996\u86c7|31/100\n|\n|upkeep\n|\n|t:|1769535366\n|switch|p1b: Amoonguss|Amoonguss, L50, F, shiny|100/100\n|turn|3\n|inactive|palhunter has 30 seconds left.\n|\n|t:|1769535394\n|-terastallize|p1a: Landorus|Steel\n|move|p2a: \u5996\u820d\u7cbe\u62c9|Endeavor|p1b: Amoonguss\n|-damage|p1b: Amoonguss|20/100\n|-damage|p2a: \u5996\u820d\u7cbe\u62c9|20/100|[from] item: Rocky Helmet|[of] p1b: Amoonguss\n|move|p2b: \u94f6\u91d1\u5996\u86c7|Dazzling Gleam|p1b: Amoonguss|[spread] p1a,p1b\n|-resisted|p1a: Landorus\n|-resisted|p1b: Amoonguss\n|-damage|p1a: Landorus|12/100\n|-damage|p1b: Amoonguss|0 fnt\n|faint|p1b: Amoonguss\n|-damage|p2b: \u94f6\u91d1\u5996\u86c7|21/100|[from] item: Life Orb\n|move|p1a: Landorus|Earth Power|p2b: \u94f6\u91d1\u5996\u86c7\n|-damage|p2b: \u94f6\u91d1\u5996\u86c7|0 fnt\n|faint|p2b: \u94f6\u91d1\u5996\u86c7\n|\n|upkeep\n|\n|t:|1769535412\n|switch|p2b: \u6210\u90fd\u8001\u76d6|Kyogre, L50, shiny|100/100\n|switch|p1b: Miraidon|Miraidon, L50|100/100\n|-weather|RainDance|[from] ability: Drizzle|[of] p2b: \u6210\u90fd\u8001\u76d6\n|-activate|p1b: Miraidon|ability: Hadron Engine\n|turn|4\n|\n|t:|1769535420\n|move|p1a: Landorus|Protect|p1a: Landorus\n|-singleturn|p1a: Landorus|Protect\n|move|p2a: \u5996\u820d\u7cbe\u62c9|Endeavor|p1b: Miraidon\n|-damage|p1b: Miraidon|14/100\n|move|p2b: \u6210\u90fd\u8001\u76d6|Water Spout|p1b: Miraidon|[spread] p1b\n|-activate|p1a: Landorus|move: Protect\n|-resisted|p1b: Miraidon\n|-damage|p1b: Miraidon|0 fnt\n|faint|p1b: Miraidon\n|\n|-weather|RainDance|[upkeep]\n|-sideend|p2: dasabe\u76d6\u6b27\u5361\u4fa0|move: Tailwind\n|upkeep\n|turn|5\n|-message|palhunter forfeited.\n|\n|win|dasabe\u76d6\u6b27\u5361\u4fa0\n|raw|palhunter's rating: 1553 &rarr; <strong>1539</strong><br />(-14 for losing)\n|raw|dasabe\u76d6\u6b27\u5361\u4fa0's rating: 1659 &rarr; <strong>1673</strong><br />(+14 for winning)\n|l|\u2606palhunter\n|player|p1|\n|l|\u2606dasabe\u76d6\u6b27\u5361\u4fa0\n|player|p2|\n","uploadtime":1769535683,"views":53,"formatid":"gen9vgc2026regi","rating":1539,"private":0,"password":null}