{"id":"gen9vgc2026regi-2575652546","format":"[Gen 9] VGC 2026 Reg I","players":["kari_0817","Vienna Vaporeons"],"log":"|j|\u2606kari_0817\n|j|\u2606Vienna Vaporeons\n|t:|1775382491\n|gametype|doubles\n|player|p1|kari_0817|thorton|1220\n|player|p2|Vienna Vaporeons|101|1162\n|gen|9\n|tier|[Gen 9] VGC 2026 Reg I\n|rated|\n|rule|Species Clause: Limit one of each Pok\u00e9mon\n|rule|Item Clause: Limit 1 of each item\n|clearpoke\n|poke|p1|Calyrex-Shadow, L50|\n|poke|p1|Zamazenta-*, L50|\n|poke|p1|Chien-Pao, L50|\n|poke|p1|Dragonite, L50, F|\n|poke|p1|Rillaboom, L50, M|\n|poke|p1|Ting-Lu, L50|\n|poke|p2|Clefairy, L50, M|\n|poke|p2|Calyrex-Shadow, L50|\n|poke|p2|Volcarona, L50, M|\n|poke|p2|Miraidon, L50|\n|poke|p2|Incineroar, L50, M|\n|poke|p2|Rillaboom, L50, F|\n|teampreview|4\n|inactive|Battle timer is ON: inactive players will automatically lose when time's up. (requested by kari_0817)\n|\n|t:|1775382520\n|teamsize|p1|4\n|teamsize|p2|4\n|start\n|switch|p1a: Zamazenta|Zamazenta-Crowned, L50|100/100\n|switch|p1b: Chien-Pao|Chien-Pao, L50, shiny|100/100\n|switch|p2a: Miraidon|Miraidon, L50, shiny|100/100\n|switch|p2b: Volcarona|Volcarona, L50, M, shiny|100/100\n|-fieldstart|move: Electric Terrain|[from] ability: Hadron Engine|[of] p2a: Miraidon\n|-enditem|p2b: Volcarona|Electric Seed\n|-boost|p2b: Volcarona|def|1|[from] item: Electric Seed\n|-ability|p1b: Chien-Pao|Sword of Ruin\n|-ability|p1a: Zamazenta|Dauntless Shield|boost\n|-boost|p1a: Zamazenta|def|1\n|turn|1\n|inactive|kari_0817 has 30 seconds left.\n|\n|t:|1775382550\n|move|p2a: Miraidon|Volt Switch|p1b: Chien-Pao\n|-damage|p1b: Chien-Pao|3/100\n|\n|t:|1775382565\n|switch|p2a: Incineroar|Incineroar, L50, M, shiny|100/100|[from] Volt Switch\n|-ability|p2a: Incineroar|Intimidate|boost\n|-unboost|p1a: Zamazenta|atk|1\n|-unboost|p1b: Chien-Pao|atk|1\n|move|p1b: Chien-Pao|Icy Wind|p2a: Incineroar|[spread] p2a,p2b\n|-resisted|p2a: Incineroar\n|-resisted|p2b: Volcarona\n|-damage|p2a: Incineroar|95/100\n|-damage|p2b: Volcarona|96/100\n|-unboost|p2a: Incineroar|spe|1\n|-unboost|p2b: Volcarona|spe|1\n|move|p1a: Zamazenta|Body Press|p2b: Volcarona\n|-resisted|p2b: Volcarona\n|-damage|p2b: Volcarona|59/100\n|move|p2b: Volcarona|Quiver Dance|p2b: Volcarona\n|-boost|p2b: Volcarona|spa|1\n|-boost|p2b: Volcarona|spd|1\n|-boost|p2b: Volcarona|spe|1\n|\n|upkeep\n|turn|2\n|inactive|kari_0817 has 30 seconds left.\n|\n|t:|1775382592\n|switch|p1b: Dragonite|Dragonite, L50, F|100/100\n|-terastallize|p1a: Zamazenta|Water\n|move|p2a: Incineroar|Fake Out|p1a: Zamazenta\n|-damage|p1a: Zamazenta|96/100\n|cant|p1a: Zamazenta|flinch\n|move|p2b: Volcarona|Quiver Dance|p2b: Volcarona\n|-boost|p2b: Volcarona|spa|1\n|-boost|p2b: Volcarona|spd|1\n|-boost|p2b: Volcarona|spe|1\n|\n|upkeep\n|turn|3\n|\n|t:|1775382614\n|switch|p2a: Calyrex|Calyrex-Shadow, L50|100/100\n|-ability|p2a: Calyrex|As One\n|-ability|p2a: Calyrex|Unnerve\n|move|p2b: Volcarona|Protect|p2b: Volcarona\n|-singleturn|p2b: Volcarona|Protect\n|move|p1a: Zamazenta|Body Press|p2a: Calyrex\n|-immune|p2a: Calyrex\n|move|p1b: Dragonite|Rock Slide|p2b: Volcarona|[spread] \n|-activate|p2b: Volcarona|move: Protect\n|-miss|p1b: Dragonite|p2a: Calyrex\n|\n|upkeep\n|turn|4\n|inactive|Vienna Vaporeons has 30 seconds left.\n|\n|t:|1775382647\n|-terastallize|p2b: Volcarona|Dragon\n|move|p1a: Zamazenta|Wide Guard|p1a: Zamazenta\n|-singleturn|p1a: Zamazenta|Wide Guard\n|move|p2b: Volcarona|Quiver Dance|p2b: Volcarona\n|-boost|p2b: Volcarona|spa|1\n|-boost|p2b: Volcarona|spd|1\n|-boost|p2b: Volcarona|spe|1\n|move|p2a: Calyrex|Astral Barrage|p1b: Dragonite|[spread] \n|-activate|p1a: Zamazenta|move: Wide Guard\n|-activate|p1b: Dragonite|move: Wide Guard\n|move|p1b: Dragonite|Rock Slide|p2a: Calyrex|[spread] p2a,p2b\n|-damage|p2a: Calyrex|68/100\n|-damage|p2b: Volcarona|39/100\n|-damage|p1b: Dragonite|91/100|[from] item: Life Orb\n|\n|upkeep\n|turn|5\n|inactive|kari_0817 has 30 seconds left.\n|inactive|kari_0817 has 20 seconds left.\n|inactive|kari_0817 has 15 seconds left.\n|inactive|kari_0817 has 10 seconds left.\n|\n|t:|1775382695\n|move|p1b: Dragonite|Protect|p1b: Dragonite\n|-singleturn|p1b: Dragonite|Protect\n|move|p2b: Volcarona|Flamethrower|p1b: Dragonite\n|-activate|p1b: Dragonite|move: Protect\n|move|p2a: Calyrex|Draining Kiss|p1b: Dragonite\n|-activate|p1b: Dragonite|move: Protect\n|move|p1a: Zamazenta|Body Press|p2b: Volcarona\n|-damage|p2b: Volcarona|0 fnt\n|faint|p2b: Volcarona\n|\n|-fieldend|move: Electric Terrain\n|upkeep\n|c|\u2606Vienna Vaporeons|ah god damnit\n|\n|t:|1775382706\n|switch|p2b: Miraidon|Miraidon, L50, shiny|100/100\n|-fieldstart|move: Electric Terrain|[from] ability: Hadron Engine|[of] p2b: Miraidon\n|turn|6\n|\n|t:|1775382720\n|switch|p1a: Chien-Pao|Chien-Pao, L50, shiny|3/100\n|-ability|p1a: Chien-Pao|Sword of Ruin\n|move|p1b: Dragonite|Extreme Speed|p2b: Miraidon\n|-damage|p2b: Miraidon|51/100\n|-damage|p1b: Dragonite|81/100|[from] item: Life Orb\n|move|p2b: Miraidon|Electro Drift|p1a: Chien-Pao\n|-crit|p1a: Chien-Pao\n|-damage|p1a: Chien-Pao|0 fnt\n|faint|p1a: Chien-Pao\n|move|p2a: Calyrex|Nasty Plot|p2a: Calyrex\n|-boost|p2a: Calyrex|spa|2\n|\n|upkeep\n|\n|t:|1775382736\n|switch|p1a: Calyrex|Calyrex-Shadow, L50|100/100\n|-ability|p1a: Calyrex|As One\n|-ability|p1a: Calyrex|Unnerve\n|turn|7\n|\n|t:|1775382758\n|move|p1b: Dragonite|Extreme Speed|p2b: Miraidon\n|-damage|p2b: Miraidon|15/100\n|-damage|p1b: Dragonite|72/100|[from] item: Life Orb\n|move|p2b: Miraidon|Electro Drift|p1a: Calyrex\n|-enditem|p1a: Calyrex|Focus Sash\n|-damage|p1a: Calyrex|1/100\n|move|p1a: Calyrex|Astral Barrage|p2a: Calyrex|[spread] p2a,p2b\n|-supereffective|p2a: Calyrex\n|-damage|p2a: Calyrex|0 fnt\n|-damage|p2b: Miraidon|0 fnt\n|faint|p2a: Calyrex\n|faint|p2b: Miraidon\n|-ability|p1a: Calyrex|Grim Neigh|boost\n|-boost|p1a: Calyrex|spa|2\n|\n|upkeep\n|c|\u2606Vienna Vaporeons|and speed tie for the win as expected\n|c|\u2606Vienna Vaporeons|gg\n|-message|Vienna Vaporeons forfeited.\n|\n|win|kari_0817\n|raw|kari_0817's rating: 1220 &rarr; <strong>1241</strong><br />(+21 for winning)\n|raw|Vienna Vaporeons's rating: 1162 &rarr; <strong>1141</strong><br />(-21 for losing)\n","uploadtime":1775382778,"views":11,"formatid":"gen9vgc2026regi","rating":1141,"private":0,"password":null}