{"id":"gen9vgc2026regi-2589677178","format":"[Gen 9] VGC 2026 Reg I","players":["tendgt01","lalo's pollos"],"log":"|j|\u2606tendgt01\n|j|\u2606lalo's pollos\n|t:|1776746074\n|gametype|doubles\n|player|p1|tendgt01|169|1482\n|player|p2|lalo's pollos|102|1548\n|gen|9\n|tier|[Gen 9] VGC 2026 Reg I\n|rated|\n|rule|Species Clause: Limit one of each Pok\u00e9mon\n|rule|Item Clause: Limit 1 of each item\n|clearpoke\n|poke|p1|Zamazenta-*, L50|\n|poke|p1|Calyrex-Shadow, L50|\n|poke|p1|Amoonguss, L50, F|\n|poke|p1|Chien-Pao, L50|\n|poke|p1|Dragonite, L50, M|\n|poke|p1|Ogerpon-Cornerstone, L50, F|\n|poke|p2|Miraidon, L50|\n|poke|p2|Landorus, L50, M|\n|poke|p2|Incineroar, L50, F|\n|poke|p2|Iron Bundle, L50|\n|poke|p2|Farigiraf, L50, M|\n|poke|p2|Calyrex-Ice, L50|\n|teampreview|4\n|\n|t:|1776746093\n|teamsize|p1|4\n|teamsize|p2|4\n|start\n|switch|p1a: Chien-Pao|Chien-Pao, L50, shiny|100/100\n|switch|p1b: Zamazenta|Zamazenta-Crowned, L50|100/100\n|switch|p2a: Co-Star|Miraidon, L50|100/100\n|switch|p2b: the Star|Iron Bundle, L50|100/100\n|-fieldstart|move: Electric Terrain|[from] ability: Hadron Engine|[of] p2a: Co-Star\n|-activate|p2b: the Star|ability: Quark Drive\n|-start|p2b: the Star|quarkdrivespe\n|-ability|p1a: Chien-Pao|Sword of Ruin\n|-ability|p1b: Zamazenta|Dauntless Shield|boost\n|-boost|p1b: Zamazenta|def|1\n|turn|1\n|inactive|Battle timer is ON: inactive players will automatically lose when time's up. (requested by tendgt01)\n|\n|t:|1776746117\n|-terastallize|p1b: Zamazenta|Dragon\n|move|p1a: Chien-Pao|Sucker Punch|p2a: Co-Star\n|-damage|p2a: Co-Star|50/100\n|move|p2b: the Star|Icy Wind|p1b: Zamazenta|[spread] p1a\n|-miss|p2b: the Star|p1b: Zamazenta\n|-resisted|p1a: Chien-Pao\n|-damage|p1a: Chien-Pao|88/100\n|-unboost|p1a: Chien-Pao|spe|1\n|move|p2a: Co-Star|Electro Drift|p1a: Chien-Pao\n|-damage|p1a: Chien-Pao|0 fnt\n|faint|p1a: Chien-Pao\n|move|p1b: Zamazenta|Body Press|p2b: the Star\n|-supereffective|p2b: the Star\n|-enditem|p2b: the Star|Focus Sash\n|-damage|p2b: the Star|1/100\n|\n|upkeep\n|\n|t:|1776746137\n|switch|p1a: Calyrex|Calyrex-Shadow, L50|100/100\n|-ability|p1a: Calyrex|As One\n|-ability|p1a: Calyrex|Unnerve\n|turn|2\n|\n|t:|1776746144\n|switch|p2a: the Manager|Farigiraf, L50, M|100/100\n|move|p1b: Zamazenta|Wide Guard|p1b: Zamazenta\n|-singleturn|p1b: Zamazenta|Wide Guard\n|move|p2b: the Star|Freeze-Dry|p1b: Zamazenta\n|-supereffective|p1b: Zamazenta\n|-damage|p1b: Zamazenta|49/100\n|move|p1a: Calyrex|Astral Barrage|p2b: the Star|[spread] p2b\n|-immune|p2a: the Manager\n|-damage|p2b: the Star|0 fnt\n|faint|p2b: the Star\n|-end|p2b: the Star|Quark Drive|[silent]\n|-ability|p1a: Calyrex|Grim Neigh|boost\n|-boost|p1a: Calyrex|spa|1\n|\n|upkeep\n|\n|t:|1776746154\n|switch|p2b: Co-Star|Miraidon, L50|50/100\n|-activate|p2b: Co-Star|ability: Hadron Engine\n|turn|3\n|\n|t:|1776746168\n|move|p2b: Co-Star|Draco Meteor|p1b: Zamazenta\n|-supereffective|p1b: Zamazenta\n|-damage|p1b: Zamazenta|0 fnt\n|-unboost|p2b: Co-Star|spa|2\n|faint|p1b: Zamazenta\n|move|p1a: Calyrex|Psychic|p2a: the Manager\n|-resisted|p2a: the Manager\n|-damage|p2a: the Manager|67/100\n|move|p2a: the Manager|Trick Room|p2a: the Manager\n|-fieldstart|move: Trick Room|[of] p2a: the Manager\n|\n|upkeep\n|\n|t:|1776746179\n|switch|p1b: Ogerpon|Ogerpon-Cornerstone, L50, F|100/100\n|turn|4\n|\n|t:|1776746198\n|move|p1b: Ogerpon|Follow Me|p1b: Ogerpon\n|-singleturn|p1b: Ogerpon|move: Follow Me\n|move|p2a: the Manager|Foul Play|p1b: Ogerpon\n|-damage|p1b: Ogerpon|55/100\n|move|p1a: Calyrex|Astral Barrage|p2a: the Manager|[spread] p2b\n|-immune|p2a: the Manager\n|-damage|p2b: Co-Star|0 fnt\n|faint|p2b: Co-Star\n|-ability|p1a: Calyrex|Grim Neigh|boost\n|-boost|p1a: Calyrex|spa|1\n|\n|upkeep\n|\n|t:|1776746204\n|switch|p2b: Landorus|Landorus, L50, M|100/100\n|turn|5\n|\n|t:|1776746219\n|move|p1b: Ogerpon|Spiky Shield|p1b: Ogerpon\n|-singleturn|p1b: Ogerpon|move: Protect\n|move|p1a: Calyrex|Protect|p1a: Calyrex\n|-singleturn|p1a: Calyrex|Protect\n|move|p2a: the Manager|Foul Play|p1a: Calyrex\n|-activate|p1a: Calyrex|move: Protect\n|move|p2b: Landorus|Sandsear Storm|p1a: Calyrex|[spread] \n|-activate|p1a: Calyrex|move: Protect\n|-activate|p1b: Ogerpon|move: Protect\n|\n|-fieldend|move: Electric Terrain\n|upkeep\n|turn|6\n|\n|t:|1776746235\n|move|p1b: Ogerpon|Follow Me|p1b: Ogerpon\n|-singleturn|p1b: Ogerpon|move: Follow Me\n|move|p2a: the Manager|Foul Play|p1b: Ogerpon\n|-damage|p1b: Ogerpon|10/100\n|move|p2b: Landorus|Sandsear Storm|p1a: Calyrex|[spread] p1a,p1b\n|-crit|p1a: Calyrex\n|-damage|p1a: Calyrex|10/100\n|-damage|p1b: Ogerpon|0 fnt\n|faint|p1b: Ogerpon\n|move|p1a: Calyrex|Astral Barrage|p2b: Landorus|[spread] p2b\n|-immune|p2a: the Manager\n|-damage|p2b: Landorus|0 fnt\n|faint|p2b: Landorus\n|-ability|p1a: Calyrex|Grim Neigh|boost\n|-boost|p1a: Calyrex|spa|1\n|\n|upkeep\n|turn|7\n|\n|t:|1776746253\n|move|p1a: Calyrex|Protect|p1a: Calyrex\n|-singleturn|p1a: Calyrex|Protect\n|move|p2a: the Manager|Foul Play|p1a: Calyrex\n|-activate|p1a: Calyrex|move: Protect\n|\n|-fieldend|move: Trick Room\n|upkeep\n|turn|8\n|\n|t:|1776746265\n|move|p1a: Calyrex|Psychic|p2a: the Manager\n|-resisted|p2a: the Manager\n|-damage|p2a: the Manager|8/100\n|move|p2a: the Manager|Foul Play|p1a: Calyrex\n|-supereffective|p1a: Calyrex\n|-damage|p1a: Calyrex|0 fnt\n|faint|p1a: Calyrex\n|\n|win|lalo's pollos\n|raw|tendgt01's rating: 1482 &rarr; <strong>1466</strong><br />(-16 for losing)\n|raw|lalo&apos;s pollos's rating: 1548 &rarr; <strong>1564</strong><br />(+16 for winning)\n|l|\u2606tendgt01\n|player|p1|\n","uploadtime":1776746483,"views":8,"formatid":"gen9vgc2026regi","rating":1466,"private":0,"password":null}