{"id":"gen9vgc2026regi-2538005004","format":"[Gen 9] VGC 2026 Reg I","players":["Voth","thecheekymeek"],"log":"|j|\u2606Voth\n|j|\u2606thecheekymeek\n|t:|1770876225\n|gametype|doubles\n|player|p1|Voth|dawn|1369\n|player|p2|thecheekymeek|2|1491\n|gen|9\n|tier|[Gen 9] VGC 2026 Reg I\n|rated|\n|rule|Species Clause: Limit one of each Pok\u00e9mon\n|rule|Item Clause: Limit 1 of each item\n|clearpoke\n|poke|p1|Urshifu-*, L50, M|\n|poke|p1|Calyrex-Ice, L50|\n|poke|p1|Tornadus, L50, M|\n|poke|p1|Landorus, L50, M|\n|poke|p1|Rillaboom, L50, F|\n|poke|p1|Kyogre, L50|\n|poke|p2|Calyrex-Shadow, L50|\n|poke|p2|Zamazenta-*, L50|\n|poke|p2|Chien-Pao, L50|\n|poke|p2|Raging Bolt, L50|\n|poke|p2|Amoonguss, L50, F|\n|poke|p2|Ting-Lu, L50|\n|teampreview|4\n|inactive|Battle timer is ON: inactive players will automatically lose when time's up. (requested by thecheekymeek)\n|inactive|Voth has 60 seconds left.\n|\n|t:|1770876258\n|teamsize|p1|4\n|teamsize|p2|4\n|start\n|switch|p1a: Korra|Calyrex-Ice, L50|100/100\n|switch|p1b: Mr miyagi|Urshifu-Rapid-Strike, L50, M|100/100\n|switch|p2a: Calyrex|Calyrex-Shadow, L50|100/100\n|switch|p2b: Zamazenta|Zamazenta-Crowned, L50|100/100\n|-ability|p2a: Calyrex|As One\n|-ability|p2a: Calyrex|Unnerve\n|-ability|p1a: Korra|As One\n|-ability|p1a: Korra|Unnerve\n|-ability|p2b: Zamazenta|Dauntless Shield|boost\n|-boost|p2b: Zamazenta|def|1\n|turn|1\n|inactive|Voth has 30 seconds left.\n|inactive|Voth has 20 seconds left.\n|inactive|Voth has 15 seconds left.\n|inactive|Voth has 10 seconds left.\n|\n|t:|1770876306\n|move|p2a: Calyrex|Astral Barrage|p1b: Mr miyagi|[spread] p1a,p1b\n|-supereffective|p1a: Korra\n|-damage|p1a: Korra|37/100\n|-damage|p1b: Mr miyagi|11/100\n|move|p2b: Zamazenta|Body Press|p1a: Korra\n|-damage|p1a: Korra|0 fnt\n|faint|p1a: Korra\n|move|p1b: Mr miyagi|Surging Strikes|p2a: Calyrex\n|-crit|p2a: Calyrex\n|-damage|p2a: Calyrex|62/100\n|-crit|p2a: Calyrex\n|-damage|p2a: Calyrex|22/100\n|-crit|p2a: Calyrex\n|-damage|p2a: Calyrex|0 fnt\n|faint|p2a: Calyrex\n|-hitcount|p2: Calyrex|3\n|\n|upkeep\n|\n|t:|1770876321\n|switch|p2a: Amoonguss|Amoonguss, L50, F|100/100\n|switch|p1a: Harambe|Rillaboom, L50, F|100/100\n|-fieldstart|move: Grassy Terrain|[from] ability: Grassy Surge|[of] p1a: Harambe\n|turn|2\n|\n|t:|1770876343\n|switch|p1b: Nuke|Kyogre, L50|100/100\n|-weather|RainDance|[from] ability: Drizzle|[of] p1b: Nuke\n|move|p1a: Harambe|Fake Out|p2b: Zamazenta\n|-resisted|p2b: Zamazenta\n|-damage|p2b: Zamazenta|98/100\n|move|p2a: Amoonguss|Rage Powder|p2a: Amoonguss\n|-singleturn|p2a: Amoonguss|move: Rage Powder\n|cant|p2b: Zamazenta|flinch\n|\n|-weather|RainDance|[upkeep]\n|-heal|p2b: Zamazenta|100/100|[from] Grassy Terrain\n|upkeep\n|turn|3\n|\n|t:|1770876363\n|-terastallize|p2b: Zamazenta|Grass\n|-terastallize|p1b: Nuke|Grass\n|move|p2b: Zamazenta|Body Press|p1a: Harambe\n|-damage|p1a: Harambe|43/100\n|move|p1b: Nuke|Origin Pulse|p2b: Zamazenta|[spread] p2a,p2b\n|-resisted|p2a: Amoonguss\n|-resisted|p2b: Zamazenta\n|-damage|p2a: Amoonguss|55/100\n|-damage|p2b: Zamazenta|63/100\n|move|p1a: Harambe|Wood Hammer|p2b: Zamazenta\n|-resisted|p2b: Zamazenta\n|-damage|p2b: Zamazenta|47/100\n|-damage|p1a: Harambe|39/100|[from] Recoil\n|move|p2a: Amoonguss|Spore|p1b: Nuke\n|-immune|p1b: Nuke\n|\n|-weather|RainDance|[upkeep]\n|-heal|p2b: Zamazenta|53/100|[from] Grassy Terrain\n|-heal|p1a: Harambe|45/100|[from] Grassy Terrain\n|-heal|p2a: Amoonguss|61/100|[from] Grassy Terrain\n|upkeep\n|turn|4\n|inactive|Voth has 30 seconds left.\n|\n|t:|1770876389\n|switch|p2a: Raging Bolt|Raging Bolt, L50|100/100\n|move|p2b: Zamazenta|Body Press|p1b: Nuke\n|-damage|p1b: Nuke|29/100\n|move|p1b: Nuke|Origin Pulse|p2b: Zamazenta|[spread] p2a,p2b\n|-resisted|p2a: Raging Bolt\n|-resisted|p2b: Zamazenta\n|-damage|p2a: Raging Bolt|62/100\n|-damage|p2b: Zamazenta|14/100\n|move|p1a: Harambe|Wood Hammer|p2b: Zamazenta\n|-resisted|p2b: Zamazenta\n|-damage|p2b: Zamazenta|0 fnt\n|faint|p2b: Zamazenta\n|-damage|p1a: Harambe|42/100|[from] Recoil\n|\n|-weather|RainDance|[upkeep]\n|-heal|p1b: Nuke|35/100|[from] Grassy Terrain\n|-heal|p1a: Harambe|47/100|[from] Grassy Terrain\n|-heal|p2a: Raging Bolt|68/100|[from] Grassy Terrain\n|upkeep\n|\n|t:|1770876405\n|switch|p2b: Amoonguss|Amoonguss, L50, F|95/100\n|turn|5\n|\n|t:|1770876413\n|move|p1b: Nuke|Origin Pulse|p2a: Raging Bolt|[spread] p2a,p2b\n|-resisted|p2a: Raging Bolt\n|-resisted|p2b: Amoonguss\n|-damage|p2a: Raging Bolt|29/100\n|-damage|p2b: Amoonguss|53/100\n|move|p1a: Harambe|Wood Hammer|p2a: Raging Bolt\n|-resisted|p2a: Raging Bolt\n|-damage|p2a: Raging Bolt|2/100\n|-damage|p1a: Harambe|38/100|[from] Recoil\n|move|p2a: Raging Bolt|Thunderbolt|p1b: Nuke\n|-resisted|p1b: Nuke\n|-damage|p1b: Nuke|14/100\n|move|p2b: Amoonguss|Sludge Bomb|p1b: Nuke\n|-supereffective|p1b: Nuke\n|-damage|p1b: Nuke|0 fnt\n|faint|p1b: Nuke\n|\n|-weather|RainDance|[upkeep]\n|-heal|p1a: Harambe|43/100|[from] Grassy Terrain\n|-heal|p2a: Raging Bolt|9/100|[from] Grassy Terrain\n|-heal|p2b: Amoonguss|59/100|[from] Grassy Terrain\n|upkeep\n|\n|t:|1770876421\n|switch|p1b: Mr miyagi|Urshifu-Rapid-Strike, L50, M|11/100\n|turn|6\n|\n|t:|1770876443\n|move|p2a: Raging Bolt|Protect|p2a: Raging Bolt\n|-singleturn|p2a: Raging Bolt|Protect\n|move|p2b: Amoonguss|Rage Powder|p2b: Amoonguss\n|-singleturn|p2b: Amoonguss|move: Rage Powder\n|move|p1a: Harambe|Grassy Glide|p2a: Raging Bolt\n|-activate|p2a: Raging Bolt|move: Protect\n|move|p1b: Mr miyagi|Close Combat|p2b: Amoonguss\n|-resisted|p2b: Amoonguss\n|-damage|p2b: Amoonguss|21/100\n|-unboost|p1b: Mr miyagi|def|1\n|-unboost|p1b: Mr miyagi|spd|1\n|-damage|p1b: Mr miyagi|0 fnt|[from] item: Rocky Helmet|[of] p2b: Amoonguss\n|faint|p1b: Mr miyagi\n|\n|-weather|none\n|-heal|p1a: Harambe|49/100|[from] Grassy Terrain\n|-heal|p2a: Raging Bolt|15/100|[from] Grassy Terrain\n|-heal|p2b: Amoonguss|27/100|[from] Grassy Terrain\n|-fieldend|move: Grassy Terrain\n|upkeep\n|turn|7\n|\n|t:|1770876461\n|move|p2a: Raging Bolt|Thunderclap|p1a: Harambe\n|-resisted|p1a: Harambe\n|-damage|p1a: Harambe|32/100\n|move|p1a: Harambe|Wood Hammer|p2a: Raging Bolt\n|-resisted|p2a: Raging Bolt\n|-damage|p2a: Raging Bolt|0 fnt\n|faint|p2a: Raging Bolt\n|-end|p2a: Raging Bolt|Protosynthesis|[silent]\n|-damage|p1a: Harambe|27/100|[from] Recoil\n|move|p2b: Amoonguss|Sludge Bomb|p1a: Harambe\n|-supereffective|p1a: Harambe\n|-damage|p1a: Harambe|0 fnt\n|faint|p1a: Harambe\n|\n|win|thecheekymeek\n|raw|Voth's rating: 1369 &rarr; <strong>1356</strong><br />(-13 for losing)\n|raw|thecheekymeek's rating: 1491 &rarr; <strong>1504</strong><br />(+13 for winning)\n|c|\u2606thecheekymeek|gg\n|l|\u2606thecheekymeek\n|player|p2|\n|l|\u2606Voth\n|player|p1|\n","uploadtime":1770876662,"views":12,"formatid":"gen9vgc2026regi","rating":1356,"private":0,"password":null}