{"id":"gen9vgc2026regi-2587012497","format":"[Gen 9] VGC 2026 Reg I","players":["TheNamesBetty","lolpoopypants"],"log":"|j|\u2606TheNamesBetty\n|j|\u2606lolpoopypants\n|t:|1776481144\n|gametype|doubles\n|player|p1|TheNamesBetty|koga|1432\n|player|p2|lolpoopypants|blue|1478\n|gen|9\n|tier|[Gen 9] VGC 2026 Reg I\n|rated|\n|rule|Species Clause: Limit one of each Pok\u00e9mon\n|rule|Item Clause: Limit 1 of each item\n|clearpoke\n|poke|p1|Terapagos, L50, M|\n|poke|p1|Miraidon, L50|\n|poke|p1|Incineroar, L50, M|\n|poke|p1|Sinistcha, L50|\n|poke|p1|Smeargle, L50, M|\n|poke|p1|Gouging Fire, L50|\n|poke|p2|Calyrex-Shadow, L50|\n|poke|p2|Zamazenta-*, L50|\n|poke|p2|Chien-Pao, L50|\n|poke|p2|Dragonite, L50, F|\n|poke|p2|Amoonguss, L50, M|\n|poke|p2|Ogerpon-Cornerstone, L50, F|\n|teampreview|4\n|inactive|Battle timer is ON: inactive players will automatically lose when time's up. (requested by lolpoopypants)\n|inactive|lolpoopypants has 60 seconds left.\n|\n|t:|1776481178\n|teamsize|p1|4\n|teamsize|p2|4\n|start\n|switch|p1a: Dead Parrot|Miraidon, L50|100/100\n|switch|p1b: MontyPythonFlying|Terapagos, L50, M|100/100\n|switch|p2a: Calyrex|Calyrex-Shadow, L50|100/100\n|switch|p2b: Zamazenta|Zamazenta-Crowned, L50|100/100\n|-activate|p1b: MontyPythonFlying|ability: Tera Shift\n|detailschange|p1b: MontyPythonFlying|Terapagos-Terastal, L50, M\n|-heal|p1b: MontyPythonFlying|100/100|[silent]\n|-ability|p2a: Calyrex|As One\n|-ability|p2a: Calyrex|Unnerve\n|-fieldstart|move: Electric Terrain|[from] ability: Hadron Engine|[of] p1a: Dead Parrot\n|-enditem|p1b: MontyPythonFlying|Electric Seed\n|-boost|p1b: MontyPythonFlying|def|1|[from] item: Electric Seed\n|-ability|p2b: Zamazenta|Dauntless Shield|boost\n|-boost|p2b: Zamazenta|def|1\n|turn|1\n|\n|t:|1776481195\n|move|p2b: Zamazenta|Protect|p2b: Zamazenta\n|-singleturn|p2b: Zamazenta|Protect\n|move|p1a: Dead Parrot|Volt Switch|p2b: Zamazenta\n|-activate|p2b: Zamazenta|move: Protect\n|move|p2a: Calyrex|Psychic|p1a: Dead Parrot\n|-damage|p1a: Dead Parrot|55/100\n|move|p1b: MontyPythonFlying|Calm Mind|p1b: MontyPythonFlying\n|-boost|p1b: MontyPythonFlying|spa|1\n|-boost|p1b: MontyPythonFlying|spd|1\n|\n|upkeep\n|turn|2\n|inactive|lolpoopypants has 30 seconds left.\n|\n|t:|1776481225\n|-terastallize|p2b: Zamazenta|Dragon\n|move|p1a: Dead Parrot|Volt Switch|p2b: Zamazenta\n|-resisted|p2b: Zamazenta\n|-damage|p2b: Zamazenta|80/100\n|\n|t:|1776481232\n|switch|p1a: Message4YouSir|Incineroar, L50, M|100/100|[from] Volt Switch\n|-ability|p1a: Message4YouSir|Intimidate|boost\n|-unboost|p2a: Calyrex|atk|1\n|-unboost|p2b: Zamazenta|atk|1\n|move|p2a: Calyrex|Encore|p1b: MontyPythonFlying\n|-start|p1b: MontyPythonFlying|Encore\n|move|p2b: Zamazenta|Body Press|p1a: Message4YouSir\n|-supereffective|p1a: Message4YouSir\n|-crit|p1a: Message4YouSir\n|-damage|p1a: Message4YouSir|0 fnt\n|faint|p1a: Message4YouSir\n|move|p1b: MontyPythonFlying|Calm Mind|p1b: MontyPythonFlying\n|-boost|p1b: MontyPythonFlying|spa|1\n|-boost|p1b: MontyPythonFlying|spd|1\n|\n|upkeep\n|\n|t:|1776481249\n|switch|p1a: Dead Parrot|Miraidon, L50|55/100\n|-activate|p1a: Dead Parrot|ability: Hadron Engine\n|turn|3\n|\n|t:|1776481260\n|move|p2b: Zamazenta|Protect|p2b: Zamazenta\n|-singleturn|p2b: Zamazenta|Protect\n|move|p1a: Dead Parrot|Draco Meteor|p2b: Zamazenta\n|-activate|p2b: Zamazenta|move: Protect\n|move|p2a: Calyrex|Psychic|p1a: Dead Parrot\n|-damage|p1a: Dead Parrot|9/100\n|move|p1b: MontyPythonFlying|Calm Mind|p1b: MontyPythonFlying\n|-boost|p1b: MontyPythonFlying|spa|1\n|-boost|p1b: MontyPythonFlying|spd|1\n|\n|upkeep\n|turn|4\n|inactive|lolpoopypants has 30 seconds left.\n|\n|t:|1776481287\n|move|p1a: Dead Parrot|Draco Meteor|p2b: Zamazenta\n|-supereffective|p2b: Zamazenta\n|-damage|p2b: Zamazenta|0 fnt\n|-unboost|p1a: Dead Parrot|spa|2\n|faint|p2b: Zamazenta\n|move|p2a: Calyrex|Psychic|p1a: Dead Parrot\n|-damage|p1a: Dead Parrot|0 fnt\n|faint|p1a: Dead Parrot\n|-ability|p2a: Calyrex|Grim Neigh|boost\n|-boost|p2a: Calyrex|spa|1\n|move|p1b: MontyPythonFlying|Calm Mind|p1b: MontyPythonFlying\n|-boost|p1b: MontyPythonFlying|spa|1\n|-boost|p1b: MontyPythonFlying|spd|1\n|\n|-end|p1b: MontyPythonFlying|Encore\n|upkeep\n|\n|t:|1776481297\n|switch|p2b: Dragonite|Dragonite, L50, F|100/100\n|switch|p1a: Shubbery|Sinistcha, L50|100/100\n|turn|5\n|\n|t:|1776481312\n|-terastallize|p1b: MontyPythonFlying|Stellar\n|detailschange|p1b: MontyPythonFlying|Terapagos-Stellar, L50, M, tera:Stellar\n|-heal|p1b: MontyPythonFlying|100/100|[silent]\n|-ability|p1b: MontyPythonFlying|Teraform Zero\n|-fieldend|move: Electric Terrain\n|move|p2b: Dragonite|Extreme Speed|p1b: MontyPythonFlying\n|-damage|p1b: MontyPythonFlying|82/100\n|move|p1a: Shubbery|Rage Powder|p1a: Shubbery\n|-singleturn|p1a: Shubbery|move: Rage Powder\n|move|p2a: Calyrex|Encore|p1a: Shubbery\n|-start|p1a: Shubbery|Encore\n|move|p1b: MontyPythonFlying|Tera Starstorm|p2a: Calyrex|[spread] p2a,p2b\n|-enditem|p2a: Calyrex|Focus Sash\n|-damage|p2a: Calyrex|1/100\n|-damage|p2b: Dragonite|0 fnt\n|faint|p2b: Dragonite\n|\n|upkeep\n|\n|t:|1776481322\n|switch|p2b: Ogerpon|Ogerpon-Cornerstone, L50, F|100/100\n|turn|6\n|\n|t:|1776481331\n|move|p2a: Calyrex|Protect|p2a: Calyrex\n|-singleturn|p2a: Calyrex|Protect\n|move|p1a: Shubbery|Rage Powder|p1a: Shubbery\n|-singleturn|p1a: Shubbery|move: Rage Powder\n|move|p2b: Ogerpon|Ivy Cudgel|p1a: Shubbery|[anim] Ivy Cudgel Rock\n|-damage|p1a: Shubbery|51/100\n|move|p1b: MontyPythonFlying|Tera Starstorm|p2a: Calyrex|[spread] p2b\n|-activate|p2a: Calyrex|move: Protect\n|-ability|p2b: Ogerpon|Sturdy\n|-damage|p2b: Ogerpon|1/100\n|\n|upkeep\n|turn|7\n|-message|lolpoopypants forfeited.\n|\n|win|TheNamesBetty\n|raw|TheNamesBetty's rating: 1432 &rarr; <strong>1455</strong><br />(+23 for winning)\n|raw|lolpoopypants's rating: 1478 &rarr; <strong>1455</strong><br />(-23 for losing)\n|l|\u2606lolpoopypants\n|player|p2|\n|l|\u2606TheNamesBetty\n|player|p1|\n","uploadtime":1776481563,"views":9,"formatid":"gen9vgc2026regi","rating":1455,"private":0,"password":null}