{"id":"gen9vgc2026regi-2559685991","format":"[Gen 9] VGC 2026 Reg I","players":["TheNamesBetty","JoacoxC"],"log":"|j|\u2606TheNamesBetty\n|j|\u2606JoacoxC\n|t:|1773599655\n|gametype|doubles\n|player|p1|TheNamesBetty|koga|1117\n|player|p2|JoacoxC|cynthia|1038\n|gen|9\n|tier|[Gen 9] VGC 2026 Reg I\n|rated|\n|rule|Species Clause: Limit one of each Pok\u00e9mon\n|rule|Item Clause: Limit 1 of each item\n|clearpoke\n|poke|p1|Eternatus, L50|\n|poke|p1|Ho-Oh, L50|\n|poke|p1|Gastrodon, L50, F|\n|poke|p1|Grimmsnarl, L50, M|\n|poke|p1|Ting-Lu, L50|\n|poke|p1|Rhydon, L50, F|\n|poke|p2|Qwilfish-Hisui, L50, M|\n|poke|p2|Tentacruel, L50, M|\n|poke|p2|Malamar, L50, F|\n|poke|p2|Barraskewda, L50, M|\n|poke|p2|Pincurchin, L50, M|\n|poke|p2|Regigigas, L50|\n|teampreview|4\nTheNamesBetty has agreed to open team sheets.\nJoacoxC has agreed to open team sheets.\n|showteam|p1|Eternatus||SafetyGoggles|Pressure|SludgeWave,FireSpin,CosmicPower,Recover||||||50|,,,,,Fairy]Ho-Oh||RockyHelmet|Regenerator|SacredFire,LifeDew,Recover,Protect||||||50|,,,,,Water]Gastrodon||Leftovers|StormDrain|EarthPower,IcyWind,Recover,Protect|||F|||50|,,,,,Fire]Grimmsnarl||LightClay|Prankster|MistyTerrain,LightScreen,Reflect,FoulPlay|||M|||50|,,,,,Ghost]Ting-Lu||AssaultVest|VesselofRuin|SandTomb,Fissure,Snarl,LashOut||||||50|,,,,,Poison]Rhydon||Eviolite|LightningRod|HornDrill,HighHorsepower,Protect,Counter|||F|||50|,,,,,Fairy\n|showteam|p2|Qwilfish-Hisui||Eviolite|Intimidate|Acupressure,Protect,AquaJet,PoisonJab|||M|||50|,,,,,Dark]Tentacruel||BlackSludge|ClearBody|Acupressure,HydroPump,SludgeBomb,Protect|||M|||50|,,,,,Water]Malamar||RockyHelmet|SuctionCups|Acupressure,DestinyBond,Protect,KnockOff|||F|||50|,,,,,Dark]Barraskewda||FocusSash|SwiftSwim|Liquidation,PoisonJab,Acupressure,Protect|||M|||50|,,,,,Water]Pincurchin||AirBalloon|LightningRod|Protect,Acupressure,SupercellSlam,BodySlam|||M|||50|,,,,,Electric]Regigigas||Leftovers|SlowStart|BodySlam,BodyPress,KnockOff,Protect||||||50|,,,,,Ghost\n|\n|t:|1773599682\n|teamsize|p1|4\n|teamsize|p2|4\n|start\n|switch|p1a: Ptakopysk|Eternatus, L50|100/100\n|switch|p1b: Kret\u00e9n Pojeban\u00fd|Grimmsnarl, L50, M|100/100\n|switch|p2a: Regigigas|Regigigas, L50|100/100\n|switch|p2b: Qwilfish|Qwilfish-Hisui, L50, M|100/100\n|-start|p2a: Regigigas|ability: Slow Start\n|-ability|p1a: Ptakopysk|Pressure\n|-ability|p2b: Qwilfish|Intimidate|boost\n|-unboost|p1a: Ptakopysk|atk|1\n|-unboost|p1b: Kret\u00e9n Pojeban\u00fd|atk|1\n|turn|1\n|c|\u2606JoacoxC|gl\n|\n|t:|1773599701\n|move|p2a: Regigigas|Protect|p2a: Regigigas\n|-singleturn|p2a: Regigigas|Protect\n|move|p1b: Kret\u00e9n Pojeban\u00fd|Reflect|p1b: Kret\u00e9n Pojeban\u00fd\n|-sidestart|p1: TheNamesBetty|Reflect\n|move|p1a: Ptakopysk|Cosmic Power|p1a: Ptakopysk\n|-boost|p1a: Ptakopysk|def|1\n|-boost|p1a: Ptakopysk|spd|1\n|move|p2b: Qwilfish|Acupressure|p2a: Regigigas\n|-boost|p2a: Regigigas|accuracy|2\n|\n|upkeep\n|turn|2\n|\n|t:|1773599717\n|move|p1a: Ptakopysk|Fire Spin|p2a: Regigigas\n|-damage|p2a: Regigigas|90/100\n|-activate|p2a: Regigigas|move: Fire Spin|[of] p1a: Ptakopysk\n|move|p2b: Qwilfish|Acupressure|p2a: Regigigas\n|-boost|p2a: Regigigas|spe|2\n|move|p2a: Regigigas|Knock Off|p1a: Ptakopysk\n|-damage|p1a: Ptakopysk|94/100\n|-enditem|p1a: Ptakopysk|Safety Goggles|[from] move: Knock Off|[of] p2a: Regigigas\n|move|p1b: Kret\u00e9n Pojeban\u00fd|Foul Play|p2a: Regigigas\n|-damage|p2a: Regigigas|34/100\n|\n|-heal|p2a: Regigigas|40/100|[from] item: Leftovers\n|-damage|p2a: Regigigas|28/100|[from] move: Fire Spin|[partiallytrapped]\n|upkeep\n|turn|3\n|\n|t:|1773599735\n|move|p2a: Regigigas|Protect|p2a: Regigigas\n|-singleturn|p2a: Regigigas|Protect\n|move|p1a: Ptakopysk|Cosmic Power|p1a: Ptakopysk\n|-boost|p1a: Ptakopysk|def|1\n|-boost|p1a: Ptakopysk|spd|1\n|move|p2b: Qwilfish|Acupressure|p2a: Regigigas\n|-boost|p2a: Regigigas|spd|2\n|move|p1b: Kret\u00e9n Pojeban\u00fd|Foul Play|p2a: Regigigas\n|-activate|p2a: Regigigas|move: Protect\n|\n|-heal|p2a: Regigigas|33/100|[from] item: Leftovers\n|-damage|p2a: Regigigas|21/100|[from] move: Fire Spin|[partiallytrapped]\n|upkeep\n|turn|4\n|c|\u2606TheNamesBetty|U2\n|\n|t:|1773599757\n|move|p2a: Regigigas|Body Slam|p1b: Kret\u00e9n Pojeban\u00fd\n|-damage|p1b: Kret\u00e9n Pojeban\u00fd|85/100\n|-status|p1b: Kret\u00e9n Pojeban\u00fd|par\n|move|p1a: Ptakopysk|Cosmic Power|p1a: Ptakopysk\n|-boost|p1a: Ptakopysk|def|1\n|-boost|p1a: Ptakopysk|spd|1\n|move|p2b: Qwilfish|Acupressure|p2a: Regigigas\n|-boost|p2a: Regigigas|spa|2\n|move|p1b: Kret\u00e9n Pojeban\u00fd|Foul Play|p2a: Regigigas\n|-damage|p2a: Regigigas|0 fnt\n|faint|p2a: Regigigas\n|-end|p2a: Regigigas|Slow Start|[silent]\n|\n|upkeep\n|\n|t:|1773599770\n|switch|p2a: Tentacruel|Tentacruel, L50, M|100/100\n|turn|5\n|\n|t:|1773599781\n|move|p2a: Tentacruel|Protect|p2a: Tentacruel\n|-singleturn|p2a: Tentacruel|Protect\n|cant|p1b: Kret\u00e9n Pojeban\u00fd|par\n|move|p1a: Ptakopysk|Fire Spin|p2a: Tentacruel\n|-activate|p2a: Tentacruel|move: Protect\n|move|p2b: Qwilfish|Acupressure|p2a: Tentacruel\n|-boost|p2a: Tentacruel|def|2\n|\n|upkeep\n|turn|6\n|\n|t:|1773599795\n|move|p1b: Kret\u00e9n Pojeban\u00fd|Light Screen|p1b: Kret\u00e9n Pojeban\u00fd\n|-sidestart|p1: TheNamesBetty|move: Light Screen\n|move|p1a: Ptakopysk|Fire Spin|p2a: Tentacruel\n|-resisted|p2a: Tentacruel\n|-damage|p2a: Tentacruel|96/100\n|-activate|p2a: Tentacruel|move: Fire Spin|[of] p1a: Ptakopysk\n|move|p2a: Tentacruel|Acupressure|p2b: Qwilfish\n|-boost|p2b: Qwilfish|atk|2\n|move|p2b: Qwilfish|Acupressure|p2b: Qwilfish\n|-boost|p2b: Qwilfish|spa|2\n|\n|-heal|p2a: Tentacruel|100/100|[from] item: Black Sludge\n|-damage|p2a: Tentacruel|88/100|[from] move: Fire Spin|[partiallytrapped]\n|upkeep\n|turn|7\n|\n|t:|1773599810\n|move|p2b: Qwilfish|Protect|p2b: Qwilfish\n|-singleturn|p2b: Qwilfish|Protect\n|move|p1a: Ptakopysk|Fire Spin|p2b: Qwilfish\n|-activate|p2b: Qwilfish|move: Protect\n|move|p2a: Tentacruel|Acupressure|p2b: Qwilfish\n|-boost|p2b: Qwilfish|def|2\n|move|p1b: Kret\u00e9n Pojeban\u00fd|Foul Play|p2b: Qwilfish\n|-activate|p2b: Qwilfish|move: Protect\n|\n|-heal|p2a: Tentacruel|94/100|[from] item: Black Sludge\n|-damage|p2a: Tentacruel|82/100|[from] move: Fire Spin|[partiallytrapped]\n|upkeep\n|turn|8\n|\n|t:|1773599832\n|move|p1a: Ptakopysk|Fire Spin|p2b: Qwilfish\n|-damage|p2b: Qwilfish|89/100\n|-activate|p2b: Qwilfish|move: Fire Spin|[of] p1a: Ptakopysk\n|move|p2a: Tentacruel|Acupressure|p2b: Qwilfish\n|-boost|p2b: Qwilfish|def|2\n|move|p2b: Qwilfish|Poison Jab|p1b: Kret\u00e9n Pojeban\u00fd\n|-supereffective|p1b: Kret\u00e9n Pojeban\u00fd\n|-damage|p1b: Kret\u00e9n Pojeban\u00fd|18/100 par\n|move|p1b: Kret\u00e9n Pojeban\u00fd|Foul Play|p2b: Qwilfish\n|-resisted|p2b: Qwilfish\n|-damage|p2b: Qwilfish|80/100\n|\n|-heal|p2a: Tentacruel|88/100|[from] item: Black Sludge\n|-damage|p2a: Tentacruel|75/100|[from] move: Fire Spin|[partiallytrapped]\n|-damage|p2b: Qwilfish|68/100|[from] move: Fire Spin|[partiallytrapped]\n|-sideend|p1: TheNamesBetty|Reflect\n|upkeep\n|turn|9\n|\n|t:|1773599852\n|move|p2b: Qwilfish|Protect|p2b: Qwilfish\n|-singleturn|p2b: Qwilfish|Protect\n|move|p1b: Kret\u00e9n Pojeban\u00fd|Reflect|p1b: Kret\u00e9n Pojeban\u00fd\n|-sidestart|p1: TheNamesBetty|Reflect\n|move|p1a: Ptakopysk|Cosmic Power|p1a: Ptakopysk\n|-boost|p1a: Ptakopysk|def|1\n|-boost|p1a: Ptakopysk|spd|1\n|move|p2a: Tentacruel|Acupressure|p2b: Qwilfish\n|-boost|p2b: Qwilfish|accuracy|2\n|\n|-heal|p2a: Tentacruel|81/100|[from] item: Black Sludge\n|-damage|p2a: Tentacruel|69/100|[from] move: Fire Spin|[partiallytrapped]\n|-damage|p2b: Qwilfish|56/100|[from] move: Fire Spin|[partiallytrapped]\n|upkeep\n|turn|10\n|\n|t:|1773599869\n|move|p1a: Ptakopysk|Cosmic Power|p1a: Ptakopysk\n|-boost|p1a: Ptakopysk|def|1\n|-boost|p1a: Ptakopysk|spd|1\n|move|p2a: Tentacruel|Acupressure|p2b: Qwilfish\n|-boost|p2b: Qwilfish|def|2\n|move|p2b: Qwilfish|Poison Jab|p1a: Ptakopysk\n|-resisted|p1a: Ptakopysk\n|-damage|p1a: Ptakopysk|90/100\n|move|p1b: Kret\u00e9n Pojeban\u00fd|Foul Play|p2b: Qwilfish\n|-resisted|p2b: Qwilfish\n|-damage|p2b: Qwilfish|50/100\n|\n|-heal|p2a: Tentacruel|75/100|[from] item: Black Sludge\n|-end|p2a: Tentacruel|Fire Spin|[partiallytrapped]\n|-damage|p2b: Qwilfish|38/100|[from] move: Fire Spin|[partiallytrapped]\n|upkeep\n|turn|11\n|\n|t:|1773599889\n|move|p1a: Ptakopysk|Fire Spin|p2a: Tentacruel\n|-resisted|p2a: Tentacruel\n|-damage|p2a: Tentacruel|70/100\n|-activate|p2a: Tentacruel|move: Fire Spin|[of] p1a: Ptakopysk\n|move|p2a: Tentacruel|Acupressure|p2a: Tentacruel\n|-boost|p2a: Tentacruel|evasion|2\n|move|p2b: Qwilfish|Acupressure|p2a: Tentacruel\n|-boost|p2a: Tentacruel|atk|2\n|move|p1b: Kret\u00e9n Pojeban\u00fd|Foul Play|p2a: Tentacruel\n|-damage|p2a: Tentacruel|49/100\n|\n|-heal|p2a: Tentacruel|55/100|[from] item: Black Sludge\n|-damage|p2a: Tentacruel|42/100|[from] move: Fire Spin|[partiallytrapped]\n|-damage|p2b: Qwilfish|26/100|[from] move: Fire Spin|[partiallytrapped]\n|upkeep\n|turn|12\n|\n|t:|1773599904\n|move|p1a: Ptakopysk|Fire Spin|p2b: Qwilfish\n|-damage|p2b: Qwilfish|15/100\n|move|p2a: Tentacruel|Acupressure|p2a: Tentacruel\n|-boost|p2a: Tentacruel|spa|2\n|move|p2b: Qwilfish|Acupressure|p2a: Tentacruel\n|-boost|p2a: Tentacruel|spa|2\n|move|p1b: Kret\u00e9n Pojeban\u00fd|Foul Play|p2b: Qwilfish\n|-resisted|p2b: Qwilfish\n|-damage|p2b: Qwilfish|10/100\n|\n|-heal|p2a: Tentacruel|48/100|[from] item: Black Sludge\n|-damage|p2a: Tentacruel|36/100|[from] move: Fire Spin|[partiallytrapped]\n|-end|p2b: Qwilfish|Fire Spin|[partiallytrapped]\n|upkeep\n|turn|13\n|\n|t:|1773599930\n|move|p1a: Ptakopysk|Fire Spin|p2b: Qwilfish\n|-damage|p2b: Qwilfish|0 fnt\n|faint|p2b: Qwilfish\n|move|p2a: Tentacruel|Acupressure|p2a: Tentacruel\n|-boost|p2a: Tentacruel|accuracy|2\n|move|p1b: Kret\u00e9n Pojeban\u00fd|Foul Play|p2a: Tentacruel|[miss]\n|-miss|p1b: Kret\u00e9n Pojeban\u00fd|p2a: Tentacruel\n|\n|-heal|p2a: Tentacruel|42/100|[from] item: Black Sludge\n|-damage|p2a: Tentacruel|30/100|[from] move: Fire Spin|[partiallytrapped]\n|-sideend|p1: TheNamesBetty|move: Light Screen\n|upkeep\n|\n|t:|1773599949\n|switch|p2b: Malamar|Malamar, L50, F|100/100\n|turn|14\n|\n|t:|1773599960\n|move|p1b: Kret\u00e9n Pojeban\u00fd|Light Screen|p1b: Kret\u00e9n Pojeban\u00fd\n|-sidestart|p1: TheNamesBetty|move: Light Screen\n|move|p1a: Ptakopysk|Fire Spin|p2b: Malamar\n|-damage|p2b: Malamar|88/100\n|-activate|p2b: Malamar|move: Fire Spin|[of] p1a: Ptakopysk\n|move|p2a: Tentacruel|Sludge Bomb|p1b: Kret\u00e9n Pojeban\u00fd\n|-supereffective|p1b: Kret\u00e9n Pojeban\u00fd\n|-damage|p1b: Kret\u00e9n Pojeban\u00fd|0 fnt\n|faint|p1b: Kret\u00e9n Pojeban\u00fd\n|move|p2b: Malamar|Acupressure|p2a: Tentacruel\n|-boost|p2a: Tentacruel|spd|2\n|\n|-heal|p2a: Tentacruel|35/100|[from] item: Black Sludge\n|-damage|p2a: Tentacruel|23/100|[from] move: Fire Spin|[partiallytrapped]\n|-damage|p2b: Malamar|76/100|[from] move: Fire Spin|[partiallytrapped]\n|upkeep\n|\n|t:|1773599979\n|switch|p1b: H\u00fa h\u00fa|Ho-Oh, L50|100/100\n|turn|15\n|\n|t:|1773599989\n|move|p1b: H\u00fa h\u00fa|Protect|p1b: H\u00fa h\u00fa\n|-singleturn|p1b: H\u00fa h\u00fa|Protect\n|move|p1a: Ptakopysk|Sludge Wave|p2b: Malamar|[spread] p2b\n|-activate|p1b: H\u00fa h\u00fa|move: Protect\n|-miss|p1a: Ptakopysk|p2a: Tentacruel\n|-damage|p2b: Malamar|42/100\n|-status|p2b: Malamar|psn\n|move|p2a: Tentacruel|Hydro Pump|p1b: H\u00fa h\u00fa\n|-activate|p1b: H\u00fa h\u00fa|move: Protect\n|move|p2b: Malamar|Acupressure|p2a: Tentacruel\n|-boost|p2a: Tentacruel|spe|2\n|\n|-heal|p2a: Tentacruel|29/100|[from] item: Black Sludge\n|-damage|p2b: Malamar|30/100 psn|[from] psn\n|-end|p2a: Tentacruel|Fire Spin|[partiallytrapped]\n|-damage|p2b: Malamar|17/100 psn|[from] move: Fire Spin|[partiallytrapped]\n|upkeep\n|turn|16\n|\n|t:|1773600012\n|-terastallize|p1b: H\u00fa h\u00fa|Water\n|move|p2a: Tentacruel|Protect|p2a: Tentacruel\n|-singleturn|p2a: Tentacruel|Protect\n|move|p1a: Ptakopysk|Fire Spin|p2a: Tentacruel\n|-activate|p2a: Tentacruel|move: Protect\n|move|p1b: H\u00fa h\u00fa|Sacred Fire|p2a: Tentacruel\n|-activate|p2a: Tentacruel|move: Protect\n|move|p2b: Malamar|Acupressure|p2a: Tentacruel\n|-boost|p2a: Tentacruel|spe|2\n|\n|-heal|p2a: Tentacruel|35/100|[from] item: Black Sludge\n|-damage|p2b: Malamar|5/100 psn|[from] psn\n|-damage|p2b: Malamar|0 fnt|[from] move: Fire Spin|[partiallytrapped]\n|faint|p2b: Malamar\n|-sideend|p1: TheNamesBetty|Reflect\n|upkeep\n|turn|17\n|\n|t:|1773600035\n|move|p2a: Tentacruel|Sludge Bomb|p1b: H\u00fa h\u00fa\n|-damage|p1b: H\u00fa h\u00fa|74/100\n|-status|p1b: H\u00fa h\u00fa|psn\n|move|p1a: Ptakopysk|Fire Spin|p2a: Tentacruel|[miss]\n|-miss|p1a: Ptakopysk|p2a: Tentacruel\n|move|p1b: H\u00fa h\u00fa|Sacred Fire|p2a: Tentacruel\n|-resisted|p2a: Tentacruel\n|-damage|p2a: Tentacruel|23/100\n|\n|-heal|p2a: Tentacruel|29/100|[from] item: Black Sludge\n|-damage|p1b: H\u00fa h\u00fa|62/100 psn|[from] psn\n|upkeep\n|turn|18\n|\n|t:|1773600051\n|switch|p1b: Think Lux|Ting-Lu, L50|100/100\n|-ability|p1b: Think Lux|Vessel of Ruin\n|move|p2a: Tentacruel|Protect|p2a: Tentacruel\n|-singleturn|p2a: Tentacruel|Protect\n|move|p1a: Ptakopysk|Fire Spin|p2a: Tentacruel\n|-activate|p2a: Tentacruel|move: Protect\n|\n|-heal|p2a: Tentacruel|35/100|[from] item: Black Sludge\n|upkeep\n|turn|19\n|\n|t:|1773600070\n|switch|p1b: H\u00fa h\u00fa|Ho-Oh, L50, tera:Water|95/100 psn\n|move|p2a: Tentacruel|Acupressure|p2a: Tentacruel\n|-boost|p2a: Tentacruel|evasion|2\n|move|p1a: Ptakopysk|Fire Spin|p2a: Tentacruel|[miss]\n|-miss|p1a: Ptakopysk|p2a: Tentacruel\n|\n|-heal|p2a: Tentacruel|40/100|[from] item: Black Sludge\n|-damage|p1b: H\u00fa h\u00fa|83/100 psn|[from] psn\n|upkeep\n|turn|20\n|\n|t:|1773600081\n|move|p2a: Tentacruel|Acupressure|p2a: Tentacruel\n|-boost|p2a: Tentacruel|def|2\n|move|p1a: Ptakopysk|Fire Spin|p2a: Tentacruel\n|-resisted|p2a: Tentacruel\n|-damage|p2a: Tentacruel|38/100\n|-activate|p2a: Tentacruel|move: Fire Spin|[of] p1a: Ptakopysk\n|move|p1b: H\u00fa h\u00fa|Sacred Fire|p2a: Tentacruel|[miss]\n|-miss|p1b: H\u00fa h\u00fa|p2a: Tentacruel\n|\n|-heal|p2a: Tentacruel|44/100|[from] item: Black Sludge\n|-damage|p1b: H\u00fa h\u00fa|70/100 psn|[from] psn\n|-damage|p2a: Tentacruel|31/100|[from] move: Fire Spin|[partiallytrapped]\n|upkeep\n|turn|21\n|\n|t:|1773600100\n|move|p2a: Tentacruel|Protect|p2a: Tentacruel\n|-singleturn|p2a: Tentacruel|Protect\n|move|p1a: Ptakopysk|Fire Spin|p2a: Tentacruel\n|-activate|p2a: Tentacruel|move: Protect\n|move|p1b: H\u00fa h\u00fa|Sacred Fire|p2a: Tentacruel\n|-activate|p2a: Tentacruel|move: Protect\n|\n|-heal|p2a: Tentacruel|37/100|[from] item: Black Sludge\n|-damage|p1b: H\u00fa h\u00fa|58/100 psn|[from] psn\n|-damage|p2a: Tentacruel|25/100|[from] move: Fire Spin|[partiallytrapped]\n|-sideend|p1: TheNamesBetty|move: Light Screen\n|upkeep\n|turn|22\n|\n|t:|1773600108\n|move|p2a: Tentacruel|Acupressure|p2a: Tentacruel\n|-boost|p2a: Tentacruel|spa|2\n|move|p1a: Ptakopysk|Fire Spin|p2a: Tentacruel\n|-resisted|p2a: Tentacruel\n|-damage|p2a: Tentacruel|23/100\n|move|p1b: H\u00fa h\u00fa|Sacred Fire|p2a: Tentacruel|[miss]\n|-miss|p1b: H\u00fa h\u00fa|p2a: Tentacruel\n|\n|-heal|p2a: Tentacruel|29/100|[from] item: Black Sludge\n|-damage|p1b: H\u00fa h\u00fa|46/100 psn|[from] psn\n|-damage|p2a: Tentacruel|17/100|[from] move: Fire Spin|[partiallytrapped]\n|upkeep\n|turn|23\n|\n|t:|1773600124\n|switch|p1b: Think Lux|Ting-Lu, L50|100/100\n|-ability|p1b: Think Lux|Vessel of Ruin\n|move|p2a: Tentacruel|Acupressure|p2a: Tentacruel\n|-boost|p2a: Tentacruel|def|2\n|move|p1a: Ptakopysk|Fire Spin|p2a: Tentacruel|[miss]\n|-miss|p1a: Ptakopysk|p2a: Tentacruel\n|\n|-heal|p2a: Tentacruel|22/100|[from] item: Black Sludge\n|-damage|p2a: Tentacruel|10/100|[from] move: Fire Spin|[partiallytrapped]\n|upkeep\n|turn|24\n|\n|t:|1773600146\n|-terastallize|p2a: Tentacruel|Water\n|move|p2a: Tentacruel|Hydro Pump|p1a: Ptakopysk\n|-resisted|p1a: Ptakopysk\n|-damage|p1a: Ptakopysk|80/100\n|move|p1a: Ptakopysk|Cosmic Power|p1a: Ptakopysk\n|-boost|p1a: Ptakopysk|def|1\n|-boost|p1a: Ptakopysk|spd|1\n|move|p1b: Think Lux|Fissure|p2a: Tentacruel|[miss]\n|-miss|p1b: Think Lux|p2a: Tentacruel\n|\n|-damage|p2a: Tentacruel|0 fnt|[from] item: Black Sludge\n|faint|p2a: Tentacruel\n|\n|win|TheNamesBetty\n|raw|TheNamesBetty's rating: 1117 &rarr; <strong>1136</strong><br />(+19 for winning)\n|raw|JoacoxC's rating: 1038 &rarr; <strong>1026</strong><br />(-12 for losing)\n|c|\u2606JoacoxC|gg\n|l|\u2606JoacoxC\n|player|p2|\n|c|\u2606TheNamesBetty|What a terrible, terrible game\n","uploadtime":1773600174,"views":12,"formatid":"gen9vgc2026regi","rating":1026,"private":0,"password":null}