{"id":"gen9vgc2026regi-2562628618","format":"[Gen 9] VGC 2026 Reg I","players":["fernsthedruids","Mirthinion"],"log":"|j|\u2606fernsthedruids\n|j|\u2606Mirthinion\n|t:|1773936090\n|gametype|doubles\n|player|p1|fernsthedruids|169|1396\n|player|p2|Mirthinion|janitor|1339\n|gen|9\n|tier|[Gen 9] VGC 2026 Reg I\n|rated|\n|rule|Species Clause: Limit one of each Pok\u00e9mon\n|rule|Item Clause: Limit 1 of each item\n|clearpoke\n|poke|p1|Kyogre, L50|\n|poke|p1|Calyrex-Ice, L50|\n|poke|p1|Raging Bolt, L50|\n|poke|p1|Tornadus, L50, M|\n|poke|p1|Incineroar, L50, F|\n|poke|p1|Amoonguss, L50, F|\n|poke|p2|Calyrex-Shadow, L50|\n|poke|p2|Zamazenta-*, L50|\n|poke|p2|Urshifu-*, L50, M|\n|poke|p2|Incineroar, L50, M|\n|poke|p2|Rillaboom, L50, M|\n|poke|p2|Tornadus, L50, M|\n|teampreview|4\n|inactive|Battle timer is ON: inactive players will automatically lose when time's up. (requested by Mirthinion)\nMirthinion rejected open team sheets.\n|inactive|fernsthedruids has 60 seconds left.\n|inactive|Mirthinion has 60 seconds left.\n|inactive|fernsthedruids has 30 seconds left.\n|\n|t:|1773936152\n|teamsize|p1|4\n|teamsize|p2|4\n|start\n|switch|p1a: Incineroar|Incineroar, L50, F|100/100\n|switch|p1b: Calyrex|Calyrex-Ice, L50|100/100\n|switch|p2a: Hoplite|Rillaboom, L50, M|100/100\n|switch|p2b: Drambor|Zamazenta-Crowned, L50|100/100\n|-ability|p1b: Calyrex|As One\n|-ability|p1b: Calyrex|Unnerve\n|-ability|p2b: Drambor|Dauntless Shield|boost\n|-boost|p2b: Drambor|def|1\n|-fieldstart|move: Grassy Terrain|[from] ability: Grassy Surge|[of] p2a: Hoplite\n|-ability|p1a: Incineroar|Intimidate|boost\n|-unboost|p2a: Hoplite|atk|1\n|-unboost|p2b: Drambor|atk|1\n|turn|1\n|\n|t:|1773936175\n|switch|p1a: Amoonguss|Amoonguss, L50, F|100/100\n|move|p1b: Calyrex|Protect|p1b: Calyrex\n|-singleturn|p1b: Calyrex|Protect\n|move|p2a: Hoplite|Fake Out|p1b: Calyrex\n|-activate|p1b: Calyrex|move: Protect\n|move|p2b: Drambor|Body Press|p1b: Calyrex\n|-activate|p1b: Calyrex|move: Protect\n|\n|upkeep\n|turn|2\n|\n|t:|1773936195\n|-terastallize|p2b: Drambor|Grass\n|-terastallize|p1b: Calyrex|Dragon\n|move|p2b: Drambor|Body Press|p1b: Calyrex\n|-damage|p1b: Calyrex|57/100\n|move|p2a: Hoplite|U-turn|p1b: Calyrex\n|-damage|p1b: Calyrex|46/100\n|\n|t:|1773936203\n|switch|p2a: Wolfgang|Incineroar, L50, M|100/100|[from] U-turn\n|-ability|p2a: Wolfgang|Intimidate|boost\n|-unboost|p1a: Amoonguss|atk|1\n|-fail|p1b: Calyrex|unboost|[from] item: Clear Amulet|[of] p1b: Calyrex\n|move|p1a: Amoonguss|Spore|p2b: Drambor\n|-immune|p2b: Drambor\n|move|p1b: Calyrex|Trick Room|p1b: Calyrex\n|-fieldstart|move: Trick Room|[of] p1b: Calyrex\n|\n|-heal|p1b: Calyrex|52/100|[from] Grassy Terrain\n|upkeep\n|turn|3\n|inactive|fernsthedruids has 30 seconds left.\n|\n|t:|1773936232\n|move|p2b: Drambor|Protect|p2b: Drambor\n|-singleturn|p2b: Drambor|Protect\n|move|p1b: Calyrex|High Horsepower|p2a: Wolfgang\n|-supereffective|p2a: Wolfgang\n|-damage|p2a: Wolfgang|23/100\n|move|p1a: Amoonguss|Pollen Puff|p1b: Calyrex\n|-heal|p1b: Calyrex|100/100\n|move|p2a: Wolfgang|Knock Off|p1b: Calyrex\n|-damage|p1b: Calyrex|78/100\n|-enditem|p1b: Calyrex|Clear Amulet|[from] move: Knock Off|[of] p2a: Wolfgang\n|\n|-heal|p1b: Calyrex|84/100|[from] Grassy Terrain\n|-heal|p2a: Wolfgang|29/100|[from] Grassy Terrain\n|upkeep\n|turn|4\n|inactive|fernsthedruids has 30 seconds left.\n|inactive|fernsthedruids has 20 seconds left.\n|\n|t:|1773936270\n|switch|p2a: Hoplite|Rillaboom, L50, M|100/100\n|move|p2b: Drambor|Wide Guard|p2b: Drambor\n|-singleturn|p2b: Drambor|Wide Guard\n|move|p1b: Calyrex|Glacial Lance|p2a: Hoplite|[spread] \n|-activate|p2a: Hoplite|move: Wide Guard\n|-activate|p2b: Drambor|move: Wide Guard\n|move|p1a: Amoonguss|Pollen Puff|p2a: Hoplite\n|-supereffective|p2a: Hoplite\n|-damage|p2a: Hoplite|75/100\n|\n|-heal|p1b: Calyrex|90/100|[from] Grassy Terrain\n|-heal|p2a: Hoplite|81/100|[from] Grassy Terrain\n|upkeep\n|turn|5\n|inactive|Mirthinion has 30 seconds left.\n|\n|t:|1773936300\n|switch|p1a: Incineroar|Incineroar, L50, F|100/100\n|-ability|p1a: Incineroar|Intimidate|boost\n|-unboost|p2a: Hoplite|atk|1\n|-unboost|p2b: Drambor|atk|1\n|move|p1b: Calyrex|Protect|p1b: Calyrex\n|-singleturn|p1b: Calyrex|Protect\n|move|p2a: Hoplite|Fake Out|p1b: Calyrex\n|-activate|p1b: Calyrex|move: Protect\n|move|p2b: Drambor|Body Press|p1b: Calyrex\n|-activate|p1b: Calyrex|move: Protect\n|\n|-heal|p1b: Calyrex|96/100|[from] Grassy Terrain\n|-heal|p2a: Hoplite|87/100|[from] Grassy Terrain\n|-fieldend|move: Grassy Terrain\n|upkeep\n|turn|6\n|inactive|Mirthinion has 30 seconds left.\n|inactive|Mirthinion has 20 seconds left.\n|inactive|Mirthinion has 15 seconds left.\n|\n|t:|1773936341\n|switch|p2a: Wolfgang|Incineroar, L50, M|29/100\n|-ability|p2a: Wolfgang|Intimidate|boost\n|-unboost|p1a: Incineroar|atk|1\n|-unboost|p1b: Calyrex|atk|1\n|move|p1b: Calyrex|High Horsepower|p2a: Wolfgang\n|-supereffective|p2a: Wolfgang\n|-damage|p2a: Wolfgang|0 fnt\n|faint|p2a: Wolfgang\n|-ability|p1b: Calyrex|Chilling Neigh|boost\n|-boost|p1b: Calyrex|atk|1\n|move|p1a: Incineroar|Will-O-Wisp|p2b: Drambor\n|-status|p2b: Drambor|brn\n|move|p2b: Drambor|Body Press|p1a: Incineroar\n|-supereffective|p1a: Incineroar\n|-damage|p1a: Incineroar|51/100\n|\n|-damage|p2b: Drambor|94/100 brn|[from] brn\n|-fieldend|move: Trick Room\n|upkeep\n|\n|t:|1773936357\n|switch|p2a: Mithrandir|Calyrex-Shadow, L50|100/100\n|-ability|p2a: Mithrandir|As One\n|-ability|p2a: Mithrandir|Unnerve\n|turn|7\n|\n|t:|1773936369\n|move|p2a: Mithrandir|Astral Barrage|p1b: Calyrex|[spread] p1a,p1b\n|-resisted|p1a: Incineroar\n|-damage|p1a: Incineroar|30/100\n|-damage|p1b: Calyrex|66/100\n|move|p2b: Drambor|Body Press|p1a: Incineroar\n|-supereffective|p1a: Incineroar\n|-damage|p1a: Incineroar|0 fnt\n|faint|p1a: Incineroar\n|move|p1b: Calyrex|Trick Room|p1b: Calyrex\n|-fieldstart|move: Trick Room|[of] p1b: Calyrex\n|\n|-damage|p2b: Drambor|88/100 brn|[from] brn\n|upkeep\n|\n|t:|1773936376\n|switch|p1a: Amoonguss|Amoonguss, L50, F|100/100\n|turn|8\n|\n|t:|1773936393\n|switch|p2a: Hoplite|Rillaboom, L50, M|87/100\n|-fieldstart|move: Grassy Terrain|[from] ability: Grassy Surge|[of] p2a: Hoplite\n|move|p2b: Drambor|Wide Guard|p2b: Drambor\n|-singleturn|p2b: Drambor|Wide Guard\n|move|p1b: Calyrex|Glacial Lance|p2a: Hoplite|[spread] \n|-activate|p2a: Hoplite|move: Wide Guard\n|-activate|p2b: Drambor|move: Wide Guard\n|move|p1a: Amoonguss|Spore|p2a: Hoplite\n|-immune|p2a: Hoplite\n|\n|-heal|p1b: Calyrex|72/100|[from] Grassy Terrain\n|-heal|p2a: Hoplite|93/100|[from] Grassy Terrain\n|-heal|p2b: Drambor|94/100 brn|[from] Grassy Terrain\n|-damage|p2b: Drambor|88/100 brn|[from] brn\n|upkeep\n|turn|9\n|inactive|Mirthinion has 30 seconds left.\n|inactive|fernsthedruids has 30 seconds left.\n|inactive|Mirthinion has 20 seconds left.\n|inactive|Mirthinion has 15 seconds left.\n|\n|t:|1773936435\n|move|p2b: Drambor|Wide Guard|p2b: Drambor\n|-singleturn|p2b: Drambor|Wide Guard\n|move|p1b: Calyrex|Glacial Lance|p2b: Drambor|[spread] \n|-activate|p2a: Hoplite|move: Wide Guard\n|-activate|p2b: Drambor|move: Wide Guard\n|move|p1a: Amoonguss|Spore|p2a: Hoplite\n|-immune|p2a: Hoplite\n|move|p2a: Hoplite|High Horsepower|p1b: Calyrex\n|-damage|p1b: Calyrex|51/100\n|\n|-heal|p1b: Calyrex|57/100|[from] Grassy Terrain\n|-heal|p2a: Hoplite|99/100|[from] Grassy Terrain\n|-heal|p2b: Drambor|94/100 brn|[from] Grassy Terrain\n|-damage|p2b: Drambor|88/100 brn|[from] brn\n|upkeep\n|turn|10\n|\n|t:|1773936456\n|move|p2b: Drambor|Wide Guard|p2b: Drambor\n|-singleturn|p2b: Drambor|Wide Guard\n|move|p1b: Calyrex|High Horsepower|p2b: Drambor\n|-resisted|p2b: Drambor\n|-damage|p2b: Drambor|80/100 brn\n|move|p1a: Amoonguss|Pollen Puff|p1b: Calyrex\n|-heal|p1b: Calyrex|100/100\n|move|p2a: Hoplite|High Horsepower|p1a: Amoonguss\n|-damage|p1a: Amoonguss|68/100\n|\n|-heal|p1a: Amoonguss|74/100|[from] Grassy Terrain\n|-heal|p2a: Hoplite|100/100|[from] Grassy Terrain\n|-heal|p2b: Drambor|86/100 brn|[from] Grassy Terrain\n|-damage|p2b: Drambor|80/100 brn|[from] brn\n|upkeep\n|turn|11\n|inactive|fernsthedruids has 30 seconds left.\n|inactive|Mirthinion has 30 seconds left.\n|\n|t:|1773936484\n|move|p1b: Calyrex|High Horsepower|p2b: Drambor\n|-resisted|p2b: Drambor\n|-damage|p2b: Drambor|71/100 brn\n|move|p1a: Amoonguss|Spore|p2a: Hoplite\n|-immune|p2a: Hoplite\n|move|p2a: Hoplite|U-turn|p1a: Amoonguss\n|-damage|p1a: Amoonguss|49/100\n|-enditem|p1a: Amoonguss|Sitrus Berry|[eat]\n|-heal|p1a: Amoonguss|74/100|[from] item: Sitrus Berry\n|\n|t:|1773936494\n|switch|p2a: Mithrandir|Calyrex-Shadow, L50|100/100|[from] U-turn\n|-ability|p2a: Mithrandir|As One\n|-ability|p2a: Mithrandir|Unnerve\n|move|p2b: Drambor|Behemoth Bash|p1a: Amoonguss\n|-damage|p1a: Amoonguss|65/100\n|\n|-heal|p1a: Amoonguss|71/100|[from] Grassy Terrain\n|-heal|p2b: Drambor|77/100 brn|[from] Grassy Terrain\n|-damage|p2b: Drambor|71/100 brn|[from] brn\n|-fieldend|move: Trick Room\n|upkeep\n|turn|12\n|\n|t:|1773936517\n|move|p1a: Amoonguss|Protect|p1a: Amoonguss\n|-singleturn|p1a: Amoonguss|Protect\n|move|p2a: Mithrandir|Astral Barrage|p1a: Amoonguss|[spread] p1b\n|-activate|p1a: Amoonguss|move: Protect\n|-damage|p1b: Calyrex|72/100\n|move|p2b: Drambor|Behemoth Bash|p1a: Amoonguss\n|-activate|p1a: Amoonguss|move: Protect\n|move|p1b: Calyrex|Trick Room|p1b: Calyrex\n|-fieldstart|move: Trick Room|[of] p1b: Calyrex\n|\n|-heal|p1b: Calyrex|78/100|[from] Grassy Terrain\n|-heal|p1a: Amoonguss|77/100|[from] Grassy Terrain\n|-heal|p2b: Drambor|77/100 brn|[from] Grassy Terrain\n|-damage|p2b: Drambor|71/100 brn|[from] brn\n|-fieldend|move: Grassy Terrain\n|upkeep\n|turn|13\n|inactive|fernsthedruids has 30 seconds left.\n|\n|t:|1773936544\n|switch|p1b: Kyogre|Kyogre, L50|100/100\n|-weather|RainDance|[from] ability: Drizzle|[of] p1b: Kyogre\n|switch|p2a: Hoplite|Rillaboom, L50, M|100/100\n|-fieldstart|move: Grassy Terrain|[from] ability: Grassy Surge|[of] p2a: Hoplite\n|move|p2b: Drambor|Wide Guard|p2b: Drambor\n|-singleturn|p2b: Drambor|Wide Guard\n|move|p1a: Amoonguss|Spore|p2a: Hoplite\n|-immune|p2a: Hoplite\n|\n|-weather|RainDance|[upkeep]\n|-heal|p1a: Amoonguss|83/100|[from] Grassy Terrain\n|-heal|p2b: Drambor|77/100 brn|[from] Grassy Terrain\n|-damage|p2b: Drambor|71/100 brn|[from] brn\n|upkeep\n|turn|14\n|\n|t:|1773936566\n|switch|p1b: Calyrex|Calyrex-Ice, L50, tera:Dragon|78/100\n|-ability|p1b: Calyrex|As One\n|-ability|p1b: Calyrex|Unnerve\n|move|p2a: Hoplite|Grassy Glide|p1b: Calyrex\n|-resisted|p1b: Calyrex\n|-damage|p1b: Calyrex|67/100\n|move|p1a: Amoonguss|Pollen Puff|p2b: Drambor\n|-supereffective|p2b: Drambor\n|-damage|p2b: Drambor|42/100 brn\n|move|p2b: Drambor|Body Press|p1b: Calyrex\n|-damage|p1b: Calyrex|45/100\n|\n|-weather|RainDance|[upkeep]\n|-heal|p1b: Calyrex|51/100|[from] Grassy Terrain\n|-heal|p1a: Amoonguss|89/100|[from] Grassy Terrain\n|-heal|p2b: Drambor|49/100 brn|[from] Grassy Terrain\n|-damage|p2b: Drambor|42/100 brn|[from] brn\n|upkeep\n|turn|15\n|inactive|Mirthinion has 30 seconds left.\n|\n|t:|1773936595\n|move|p2b: Drambor|Wide Guard|p2b: Drambor\n|-singleturn|p2b: Drambor|Wide Guard\n|move|p1b: Calyrex|Glacial Lance|p2a: Hoplite|[spread] \n|-activate|p2a: Hoplite|move: Wide Guard\n|-activate|p2b: Drambor|move: Wide Guard\n|move|p1a: Amoonguss|Pollen Puff|p1b: Calyrex\n|-heal|p1b: Calyrex|100/100\n|move|p2a: Hoplite|High Horsepower|p1b: Calyrex\n|-damage|p1b: Calyrex|81/100\n|\n|-weather|RainDance|[upkeep]\n|-heal|p1b: Calyrex|86/100|[from] Grassy Terrain\n|-heal|p1a: Amoonguss|95/100|[from] Grassy Terrain\n|-heal|p2b: Drambor|49/100 brn|[from] Grassy Terrain\n|-damage|p2b: Drambor|42/100 brn|[from] brn\n|upkeep\n|turn|16\n|\n|t:|1773936617\n|move|p1b: Calyrex|Protect|p1b: Calyrex\n|-singleturn|p1b: Calyrex|Protect\n|move|p1a: Amoonguss|Protect|p1a: Amoonguss\n|-singleturn|p1a: Amoonguss|Protect\n|move|p2b: Drambor|Wide Guard|p2b: Drambor\n|-singleturn|p2b: Drambor|Wide Guard\n|move|p2a: Hoplite|U-turn|p1a: Amoonguss\n|-activate|p1a: Amoonguss|move: Protect\n|\n|-weather|RainDance|[upkeep]\n|-heal|p1b: Calyrex|92/100|[from] Grassy Terrain\n|-heal|p1a: Amoonguss|100/100|[from] Grassy Terrain\n|-heal|p2b: Drambor|49/100 brn|[from] Grassy Terrain\n|-damage|p2b: Drambor|42/100 brn|[from] brn\n|-fieldend|move: Trick Room\n|upkeep\n|turn|17\n|c|\u2606fernsthedruids|this game lol\n|\n|t:|1773936638\n|move|p2b: Drambor|Behemoth Bash|p1a: Amoonguss\n|-damage|p1a: Amoonguss|91/100\n|move|p2a: Hoplite|High Horsepower|p1a: Amoonguss\n|-damage|p1a: Amoonguss|62/100\n|move|p1a: Amoonguss|Spore|p2a: Hoplite\n|-immune|p2a: Hoplite\n|move|p1b: Calyrex|Trick Room|p1b: Calyrex\n|-fieldstart|move: Trick Room|[of] p1b: Calyrex\n|\n|-weather|none\n|-heal|p1b: Calyrex|98/100|[from] Grassy Terrain\n|-heal|p1a: Amoonguss|68/100|[from] Grassy Terrain\n|-heal|p2b: Drambor|49/100 brn|[from] Grassy Terrain\n|-damage|p2b: Drambor|42/100 brn|[from] brn\n|-fieldend|move: Grassy Terrain\n|upkeep\n|turn|18\n|c|\u2606Mirthinion|quite amusing really XD\n|inactive|Mirthinion has 30 seconds left.\n|inactive|Mirthinion has 20 seconds left.\n|\n|t:|1773936660\n|move|p2b: Drambor|Wide Guard|p2b: Drambor\n|-singleturn|p2b: Drambor|Wide Guard\n|move|p1b: Calyrex|High Horsepower|p2b: Drambor\n|-resisted|p2b: Drambor\n|-damage|p2b: Drambor|34/100 brn\n|move|p1a: Amoonguss|Pollen Puff|p2b: Drambor\n|-supereffective|p2b: Drambor\n|-damage|p2b: Drambor|4/100 brn\n|move|p2a: Hoplite|High Horsepower|p1a: Amoonguss\n|-damage|p1a: Amoonguss|35/100\n|\n|-damage|p2b: Drambor|0 fnt|[from] brn\n|faint|p2b: Drambor\n|upkeep\n|inactive|Mirthinion has 20 seconds left this turn.\n|inactive|Mirthinion has 15 seconds left.\n|inactive|Mirthinion has 10 seconds left.\n|\n|t:|1773936674\n|switch|p2b: Mithrandir|Calyrex-Shadow, L50|100/100\n|-ability|p2b: Mithrandir|As One\n|-ability|p2b: Mithrandir|Unnerve\n|turn|19\n|inactive|Mirthinion has 10 seconds left this turn.\n|inactive|Mirthinion has 5 seconds left.\n|c|\u2606fernsthedruids|gg\n|\n|t:|1773936683\n|move|p2b: Mithrandir|Protect|p2b: Mithrandir\n|-singleturn|p2b: Mithrandir|Protect\n|move|p1b: Calyrex|Glacial Lance|p2a: Hoplite|[spread] p2a\n|-activate|p2b: Mithrandir|move: Protect\n|-supereffective|p2a: Hoplite\n|-damage|p2a: Hoplite|2/100\n|move|p1a: Amoonguss|Spore|p2b: Mithrandir\n|-activate|p2b: Mithrandir|move: Protect\n|move|p2a: Hoplite|High Horsepower|p1a: Amoonguss\n|-crit|p1a: Amoonguss\n|-damage|p1a: Amoonguss|0 fnt\n|faint|p1a: Amoonguss\n|\n|upkeep\n|\n|t:|1773936685\n|switch|p1a: Kyogre|Kyogre, L50|100/100\n|-weather|RainDance|[from] ability: Drizzle|[of] p1a: Kyogre\n|turn|20\n|inactive|Mirthinion has 5 seconds left this turn.\n|-message|Mirthinion lost due to inactivity.\n|\n|win|fernsthedruids\n|raw|fernsthedruids's rating: 1396 &rarr; <strong>1413</strong><br />(+17 for winning)\n|raw|Mirthinion's rating: 1339 &rarr; <strong>1322</strong><br />(-17 for losing)\n|c|\u2606Mirthinion|aww, time. XP\n|c|\u2606Mirthinion|gg\n|l|\u2606Mirthinion\n|player|p2|\n|c|\u2606fernsthedruids|g\n|c|\u2606fernsthedruids|g\n","uploadtime":1773936708,"views":80,"formatid":"gen9vgc2026regi","rating":1322,"private":0,"password":null}