{"id":"gen9vgc2026regi-2551495808","format":"[Gen 9] VGC 2026 Reg I","players":["xm3u4tp6","CHR1SPHX"],"log":"|j|\u2606xm3u4tp6\n|j|\u2606CHR1SPHX\n|t:|1772611471\n|gametype|doubles\n|player|p1|xm3u4tp6|miku-ghost|1260\n|player|p2|CHR1SPHX|hilbert-wonderlauncher|1270\n|gen|9\n|tier|[Gen 9] VGC 2026 Reg I\n|rated|\n|rule|Species Clause: Limit one of each Pok\u00e9mon\n|rule|Item Clause: Limit 1 of each item\n|clearpoke\n|poke|p1|Calyrex-Ice, L50|\n|poke|p1|Kyogre, L50|\n|poke|p1|Smeargle, L50, F|\n|poke|p1|Urshifu-*, L50, M|\n|poke|p1|Indeedee-F, L50, F|\n|poke|p1|Electabuzz, L50, F|\n|poke|p2|Lunala, L50|\n|poke|p2|Amoonguss, L50, M|\n|poke|p2|Ursaluna-Bloodmoon, L50, M|\n|poke|p2|Incineroar, L50, M|\n|poke|p2|Koraidon, L50|\n|poke|p2|Flutter Mane, L50|\n|teampreview|4\n|inactive|Battle timer is ON: inactive players will automatically lose when time's up. (requested by CHR1SPHX)\n|inactive|CHR1SPHX has 60 seconds left.\n|inactive|xm3u4tp6 has 60 seconds left.\n|\n|t:|1772611527\n|teamsize|p1|4\n|teamsize|p2|4\n|start\n|switch|p1a: Kyogre|Kyogre, L50|100/100\n|switch|p1b: Electabuzz|Electabuzz, L50, F|100/100\n|switch|p2a: Amoonguss|Amoonguss, L50, M, shiny|100/100\n|switch|p2b: Lunala|Lunala, L50, shiny|100/100\n|-weather|RainDance|[from] ability: Drizzle|[of] p1a: Kyogre\n|turn|1\n|\n|t:|1772611548\n|move|p2b: Lunala|Wide Guard|p2b: Lunala\n|-singleturn|p2b: Lunala|Wide Guard\n|move|p1a: Kyogre|Water Spout|p2b: Lunala|[spread] \n|-activate|p2a: Amoonguss|move: Wide Guard\n|-activate|p2b: Lunala|move: Wide Guard\n|move|p1b: Electabuzz|Taunt|p2a: Amoonguss\n|-start|p2a: Amoonguss|move: Taunt\n|cant|p2a: Amoonguss|move: Taunt|Spore\n|\n|-weather|RainDance|[upkeep]\n|upkeep\n|turn|2\n|inactive|CHR1SPHX has 30 seconds left.\n|\n|t:|1772611582\n|switch|p2a: Koraidon|Koraidon, L50|100/100\n|-weather|SunnyDay|[from] ability: Orichalcum Pulse|[of] p2a: Koraidon\n|-activate|p2a: Koraidon|Orichalcum Pulse|[source]\n|-terastallize|p1a: Kyogre|Water\n|-terastallize|p2b: Lunala|Fairy\n|move|p1b: Electabuzz|Feint|p2a: Koraidon\n|-damage|p2a: Koraidon|96/100\n|move|p1a: Kyogre|Water Spout|p2b: Lunala|[spread] p2a,p2b\n|-resisted|p2a: Koraidon\n|-damage|p2a: Koraidon|79/100\n|-damage|p2b: Lunala|86/100\n|move|p2b: Lunala|Moonblast|p1a: Kyogre\n|-damage|p1a: Kyogre|59/100\n|\n|-weather|SunnyDay|[upkeep]\n|upkeep\n|turn|3\n|\n|t:|1772611602\n|switch|p1a: Smeargle|Smeargle, L50, F|100/100\n|move|p2a: Koraidon|Flame Charge|p1b: Electabuzz\n|-damage|p1b: Electabuzz|68/100\n|-boost|p2a: Koraidon|spe|1\n|move|p1b: Electabuzz|Electroweb|p2a: Koraidon|[spread] p2a,p2b\n|-resisted|p2a: Koraidon\n|-damage|p2a: Koraidon|73/100\n|-damage|p2b: Lunala|78/100\n|-unboost|p2b: Lunala|spe|1\n|move|p2b: Lunala|Moonblast|p1a: Smeargle\n|-enditem|p1a: Smeargle|Focus Sash\n|-damage|p1a: Smeargle|1/100\n|\n|-weather|SunnyDay|[upkeep]\n|upkeep\n|turn|4\n|\n|t:|1772611622\n|move|p2a: Koraidon|Flame Charge|p1a: Smeargle\n|-damage|p1a: Smeargle|0 fnt\n|-boost|p2a: Koraidon|spe|1\n|faint|p1a: Smeargle\n|move|p1b: Electabuzz|Electroweb|p2a: Koraidon|[spread] p2a,p2b\n|-resisted|p2a: Koraidon\n|-damage|p2a: Koraidon|68/100\n|-damage|p2b: Lunala|69/100\n|-unboost|p2b: Lunala|spe|1\n|move|p2b: Lunala|Moonblast|p1b: Electabuzz\n|-damage|p1b: Electabuzz|33/100\n|-unboost|p1b: Electabuzz|spa|1\n|\n|-weather|SunnyDay|[upkeep]\n|upkeep\n|\n|t:|1772611630\n|switch|p1a: Kyogre|Kyogre, L50, tera:Water|59/100\n|-weather|RainDance|[from] ability: Drizzle|[of] p1a: Kyogre\n|turn|5\n|\n|t:|1772611651\n|move|p2b: Lunala|Wide Guard|p2b: Lunala\n|-singleturn|p2b: Lunala|Wide Guard\n|move|p1b: Electabuzz|Follow Me|p1b: Electabuzz\n|-singleturn|p1b: Electabuzz|move: Follow Me\n|move|p2a: Koraidon|Collision Course|p1b: Electabuzz\n|-damage|p1b: Electabuzz|0 fnt\n|faint|p1b: Electabuzz\n|move|p1a: Kyogre|Ice Beam|p2a: Koraidon\n|-supereffective|p2a: Koraidon\n|-damage|p2a: Koraidon|6/100\n|\n|-weather|RainDance|[upkeep]\n|upkeep\n|\n|t:|1772611664\n|switch|p1b: Calyrex|Calyrex-Ice, L50|100/100\n|-ability|p1b: Calyrex|As One\n|-ability|p1b: Calyrex|Unnerve\n|turn|6\n|\n|t:|1772611679\n|switch|p2a: Amoonguss|Amoonguss, L50, M, shiny|100/100\n|move|p1b: Calyrex|Protect|p1b: Calyrex\n|-singleturn|p1b: Calyrex|Protect\n|move|p2b: Lunala|Wide Guard|p2b: Lunala\n|-singleturn|p2b: Lunala|Wide Guard\n|move|p1a: Kyogre|Ice Beam|p2a: Amoonguss\n|-supereffective|p2a: Amoonguss\n|-damage|p2a: Amoonguss|38/100\n|\n|-weather|RainDance|[upkeep]\n|upkeep\n|turn|7\n|\n|t:|1772611705\n|switch|p2b: Koraidon|Koraidon, L50|6/100\n|-weather|SunnyDay|[from] ability: Orichalcum Pulse|[of] p2b: Koraidon\n|-activate|p2b: Koraidon|Orichalcum Pulse|[source]\n|move|p1a: Kyogre|Ice Beam|p2a: Amoonguss\n|-supereffective|p2a: Amoonguss\n|-damage|p2a: Amoonguss|0 fnt\n|faint|p2a: Amoonguss\n|move|p1b: Calyrex|Glacial Lance|p2b: Koraidon\n|-supereffective|p2b: Koraidon\n|-damage|p2b: Koraidon|0 fnt\n|faint|p2b: Koraidon\n|-ability|p1b: Calyrex|Chilling Neigh|boost\n|-boost|p1b: Calyrex|atk|1\n|-damage|p1b: Calyrex|91/100|[from] item: Life Orb\n|\n|-weather|SunnyDay|[upkeep]\n|upkeep\n|\n|t:|1772611713\n|switch|p2b: Ursaluna|Ursaluna-Bloodmoon, L50, M|100/100\n|switch|p2a: Lunala|Lunala, L50, shiny, tera:Fairy|69/100\n|turn|8\n|inactive|xm3u4tp6 has 30 seconds left.\n|\n|t:|1772611739\n|move|p2a: Lunala|Wide Guard|p2a: Lunala\n|-singleturn|p2a: Lunala|Wide Guard\n|move|p1a: Kyogre|Ice Beam|p2b: Ursaluna\n|-supereffective|p2b: Ursaluna\n|-damage|p2b: Ursaluna|33/100\n|move|p1b: Calyrex|High Horsepower|p2b: Ursaluna\n|-damage|p2b: Ursaluna|0 fnt\n|faint|p2b: Ursaluna\n|-ability|p1b: Calyrex|Chilling Neigh|boost\n|-boost|p1b: Calyrex|atk|1\n|-damage|p1b: Calyrex|81/100|[from] item: Life Orb\n|\n|-weather|SunnyDay|[upkeep]\n|upkeep\n|turn|9\n|\n|t:|1772611756\n|move|p1a: Kyogre|Ice Beam|p2a: Lunala\n|-damage|p2a: Lunala|44/100\n|move|p2a: Lunala|Moongeist Beam|p1b: Calyrex\n|-supereffective|p1b: Calyrex\n|-damage|p1b: Calyrex|0 fnt\n|faint|p1b: Calyrex\n|\n|-weather|SunnyDay|[upkeep]\n|upkeep\n|turn|10\n|\n|t:|1772611772\n|move|p1a: Kyogre|Ice Beam|p2a: Lunala\n|-crit|p2a: Lunala\n|-damage|p2a: Lunala|8/100\n|move|p2a: Lunala|Moonblast|p1a: Kyogre\n|-damage|p1a: Kyogre|18/100\n|-unboost|p1a: Kyogre|spa|1\n|\n|-weather|SunnyDay|[upkeep]\n|upkeep\n|turn|11\n|\n|t:|1772611779\n|move|p1a: Kyogre|Ice Beam|p2a: Lunala\n|-damage|p2a: Lunala|0 fnt\n|faint|p2a: Lunala\n|\n|win|xm3u4tp6\n|raw|xm3u4tp6's rating: 1260 &rarr; <strong>1286</strong><br />(+26 for winning)\n|raw|CHR1SPHX's rating: 1270 &rarr; <strong>1244</strong><br />(-26 for losing)\n|c|\u2606CHR1SPHX|gg\n|l|\u2606CHR1SPHX\n|player|p2|\n|l|\u2606xm3u4tp6\n|player|p1|\n","uploadtime":1772611930,"views":13,"formatid":"gen9vgc2026regi","rating":1244,"private":0,"password":null}