{"id":"gen9vgc2026regi-2514971988","format":"[Gen 9] VGC 2026 Reg I","players":["Coreydfgh","ydjsk"],"log":"|j|\u2606Coreydfgh\n|j|\u2606ydjsk\n|t:|1767930092\n|gametype|doubles\n|player|p1|Coreydfgh|1|1168\n|player|p2|ydjsk|hiker-gen4|1203\n|gen|9\n|tier|[Gen 9] VGC 2026 Reg I\n|rated|\n|rule|Species Clause: Limit one of each Pok\u00e9mon\n|rule|Item Clause: Limit 1 of each item\n|clearpoke\n|poke|p1|Calyrex-Ice, L50|\n|poke|p1|Brute Bonnet, L50|\n|poke|p1|Torkoal, L50, F|\n|poke|p1|Urshifu-*, L50, F|\n|poke|p1|Lunala, L50|\n|poke|p1|Iron Hands, L50|\n|poke|p2|Groudon, L50|\n|poke|p2|Miraidon, L50|\n|poke|p2|Tatsugiri, L50, F|\n|poke|p2|Dondozo, L50, M|\n|poke|p2|Sneasler, L50, M|\n|poke|p2|Garganacl, L50, F|\n|teampreview|4\n|\n|t:|1767930107\n|teamsize|p1|4\n|teamsize|p2|4\n|start\n|switch|p1a: Calyrex|Calyrex-Ice, L50|100/100\n|switch|p1b: Brute Bonnet|Brute Bonnet, L50|100/100\n|switch|p2a: Sneasler|Sneasler, L50, M, shiny|100/100\n|switch|p2b: Garganacl|Garganacl, L50, F, shiny|100/100\n|-ability|p1a: Calyrex|As One\n|-ability|p1a: Calyrex|Unnerve\n|-enditem|p1b: Brute Bonnet|Booster Energy\n|-activate|p1b: Brute Bonnet|ability: Protosynthesis|[fromitem]\n|-start|p1b: Brute Bonnet|protosynthesisspd\n|turn|1\n|\n|t:|1767930121\n|move|p2a: Sneasler|Toxic Spikes|p1b: Brute Bonnet\n|-sidestart|p1: Coreydfgh|move: Toxic Spikes\n|move|p1b: Brute Bonnet|Spore|p2b: Garganacl\n|-immune|p2b: Garganacl|[from] ability: Purifying Salt\n|move|p1a: Calyrex|High Horsepower|p2a: Sneasler\n|-supereffective|p2a: Sneasler\n|-damage|p2a: Sneasler|0 fnt\n|faint|p2a: Sneasler\n|-ability|p1a: Calyrex|Chilling Neigh|boost\n|-boost|p1a: Calyrex|atk|1\n|move|p2b: Garganacl|Stealth Rock|p1a: Calyrex\n|-sidestart|p1: Coreydfgh|move: Stealth Rock\n|\n|upkeep\n|\n|t:|1767930125\n|switch|p2a: Dondozo|Dondozo, L50, M, shiny|100/100\n|turn|2\n|\n|t:|1767930140\n|move|p2a: Dondozo|Protect|p2a: Dondozo\n|-singleturn|p2a: Dondozo|Protect\n|move|p1b: Brute Bonnet|Spore|p2a: Dondozo\n|-activate|p2a: Dondozo|move: Protect\n|move|p1a: Calyrex|High Horsepower|p2a: Dondozo\n|-activate|p2a: Dondozo|move: Protect\n|move|p2b: Garganacl|Salt Cure|p1a: Calyrex\n|-supereffective|p1a: Calyrex\n|-damage|p1a: Calyrex|82/100\n|-start|p1a: Calyrex|Salt Cure\n|\n|-damage|p1a: Calyrex|70/100|[from] Salt Cure\n|upkeep\n|turn|3\n|\n|t:|1767930147\n|switch|p2b: Tatsugiri|Tatsugiri, L50, F, shiny|100/100\n|-activate|p2b: Tatsugiri|ability: Commander|[of] p2a: Dondozo\n|-boost|p2a: Dondozo|atk|2\n|-boost|p2a: Dondozo|spa|2\n|-boost|p2a: Dondozo|spe|2\n|-boost|p2a: Dondozo|def|2\n|-boost|p2a: Dondozo|spd|2\n|move|p2a: Dondozo|Order Up|p1b: Brute Bonnet\n|-damage|p1b: Brute Bonnet|65/100\n|-boost|p2a: Dondozo|atk|1\n|move|p1b: Brute Bonnet|Spore|p2a: Dondozo\n|-status|p2a: Dondozo|slp|[from] move: Spore\n|move|p1a: Calyrex|High Horsepower|p2b: Tatsugiri|[miss]\n|-miss|p1a: Calyrex|p2b: Tatsugiri\n|\n|-damage|p1a: Calyrex|58/100|[from] Salt Cure\n|upkeep\n|turn|4\n|\n|t:|1767930155\n|cant|p2a: Dondozo|slp\n|move|p1b: Brute Bonnet|Seed Bomb|p2a: Dondozo\n|-supereffective|p2a: Dondozo\n|-damage|p2a: Dondozo|76/100 slp\n|move|p1a: Calyrex|Trick Room|p1a: Calyrex\n|-fieldstart|move: Trick Room|[of] p1a: Calyrex\n|\n|-heal|p2a: Dondozo|82/100 slp|[from] item: Leftovers\n|-damage|p1a: Calyrex|46/100|[from] Salt Cure\n|upkeep\n|turn|5\n|\n|t:|1767930161\n|switch|p1a: Iron Hands|Iron Hands, L50|100/100\n|-status|p1a: Iron Hands|psn\n|-damage|p1a: Iron Hands|95/100 psn|[from] Stealth Rock\n|move|p1b: Brute Bonnet|Seed Bomb|p2a: Dondozo\n|-supereffective|p2a: Dondozo\n|-damage|p2a: Dondozo|58/100 slp\n|cant|p2a: Dondozo|slp\n|\n|-heal|p2a: Dondozo|64/100 slp|[from] item: Leftovers\n|-damage|p1a: Iron Hands|82/100 psn|[from] psn\n|upkeep\n|turn|6\n|\n|t:|1767930171\n|-terastallize|p2a: Dondozo|Ground\n|move|p1a: Iron Hands|Wild Charge|p2a: Dondozo\n|-immune|p2a: Dondozo\n|move|p1b: Brute Bonnet|Seed Bomb|p2a: Dondozo\n|-supereffective|p2a: Dondozo\n|-damage|p2a: Dondozo|39/100 slp\n|-curestatus|p2a: Dondozo|slp|[msg]\n|move|p2a: Dondozo|Earthquake|p1b: Brute Bonnet|[spread] p1a,p1b\n|-miss|p2a: Dondozo|p2b: Tatsugiri\n|-supereffective|p1a: Iron Hands\n|-resisted|p1b: Brute Bonnet\n|-damage|p1a: Iron Hands|0 fnt\n|-damage|p1b: Brute Bonnet|32/100\n|faint|p1a: Iron Hands\n|-end|p1a: Iron Hands|Quark Drive|[silent]\n|\n|-heal|p2a: Dondozo|45/100|[from] item: Leftovers\n|upkeep\n|\n|t:|1767930176\n|switch|p1a: Calyrex|Calyrex-Ice, L50|46/100\n|-ability|p1a: Calyrex|As One\n|-ability|p1a: Calyrex|Unnerve\n|-status|p1a: Calyrex|psn\n|-damage|p1a: Calyrex|21/100 psn|[from] Stealth Rock\n|turn|7\n|\n|t:|1767930181\n|move|p2a: Dondozo|Protect|p2a: Dondozo\n|-singleturn|p2a: Dondozo|Protect\n|move|p1a: Calyrex|Glacial Lance|p2a: Dondozo|[spread] \n|-miss|p1a: Calyrex|p2b: Tatsugiri\n|-activate|p2a: Dondozo|move: Protect\n|move|p1b: Brute Bonnet|Seed Bomb|p2a: Dondozo\n|-activate|p2a: Dondozo|move: Protect\n|\n|-heal|p2a: Dondozo|52/100|[from] item: Leftovers\n|-damage|p1a: Calyrex|9/100 psn|[from] psn\n|upkeep\n|turn|8\n|\n|t:|1767930184\n|move|p1a: Calyrex|Glacial Lance|p2a: Dondozo|[spread] p2a\n|-miss|p1a: Calyrex|p2b: Tatsugiri\n|-supereffective|p2a: Dondozo\n|-damage|p2a: Dondozo|15/100\n|move|p1b: Brute Bonnet|Seed Bomb|p2a: Dondozo\n|-supereffective|p2a: Dondozo\n|-damage|p2a: Dondozo|0 fnt\n|faint|p2a: Dondozo\n|\n|-damage|p1a: Calyrex|0 fnt|[from] psn\n|faint|p1a: Calyrex\n|-fieldend|move: Trick Room\n|upkeep\n|\n|t:|1767930189\n|switch|p1a: Lunala|Lunala, L50|100/100\n|switch|p2a: Garganacl|Garganacl, L50, F, shiny|100/100\n|-status|p1a: Lunala|psn\n|-damage|p1a: Lunala|88/100 psn|[from] Stealth Rock\n|turn|9\n|\n|t:|1767930199\n|move|p2b: Tatsugiri|Icy Wind|p1a: Lunala|[spread] p1a,p1b\n|-supereffective|p1b: Brute Bonnet\n|-damage|p1a: Lunala|78/100 psn\n|-damage|p1b: Brute Bonnet|18/100\n|-unboost|p1a: Lunala|spe|1\n|-unboost|p1b: Brute Bonnet|spe|1\n|move|p1a: Lunala|Meteor Beam||[still]\n|-prepare|p1a: Lunala|Meteor Beam\n|-boost|p1a: Lunala|spa|1\n|-enditem|p1a: Lunala|Power Herb\n|-anim|p1a: Lunala|Meteor Beam|p2b: Tatsugiri\n|-damage|p2b: Tatsugiri|9/100\n|move|p1b: Brute Bonnet|Seed Bomb|p2a: Garganacl\n|-supereffective|p2a: Garganacl\n|-damage|p2a: Garganacl|53/100\n|move|p2a: Garganacl|Salt Cure|p1b: Brute Bonnet\n|-damage|p1b: Brute Bonnet|8/100\n|-start|p1b: Brute Bonnet|Salt Cure\n|\n|-damage|p1a: Lunala|66/100 psn|[from] psn\n|-damage|p1b: Brute Bonnet|0 fnt|[from] Salt Cure\n|faint|p1b: Brute Bonnet\n|-end|p1b: Brute Bonnet|Protosynthesis|[silent]\n|upkeep\n|turn|10\n|\n|t:|1767930214\n|move|p2b: Tatsugiri|Dragon Pulse|p1a: Lunala\n|-damage|p1a: Lunala|36/100 psn\n|move|p1a: Lunala|Moongeist Beam|p2a: Garganacl\n|-crit|p2a: Garganacl\n|-damage|p2a: Garganacl|0 fnt\n|faint|p2a: Garganacl\n|\n|-damage|p1a: Lunala|24/100 psn|[from] psn\n|upkeep\n|turn|11\n|\n|t:|1767930222\n|move|p2b: Tatsugiri|Dragon Pulse|p1a: Lunala\n|-damage|p1a: Lunala|0 fnt\n|faint|p1a: Lunala\n|\n|win|ydjsk\n|raw|Coreydfgh's rating: 1168 &rarr; <strong>1146</strong><br />(-22 for losing)\n|raw|ydjsk's rating: 1203 &rarr; <strong>1225</strong><br />(+22 for winning)\n|l|\u2606ydjsk\n|player|p2|\n|l|\u2606Coreydfgh\n|player|p1|\n","uploadtime":1767930487,"views":13,"formatid":"gen9vgc2026regi","rating":1146,"private":0,"password":null}