{"id":"gen9vgc2026regi-2577695304","format":"[Gen 9] VGC 2026 Reg I","players":["jd8erh","speedyturtle87"],"log":"|j|\u2606jd8erh\n|j|\u2606speedyturtle87\n|t:|1775597006\n|gametype|doubles\n|player|p1|jd8erh|101|1640\n|player|p2|speedyturtle87|canari|1512\n|gen|9\n|tier|[Gen 9] VGC 2026 Reg I\n|rated|\n|rule|Species Clause: Limit one of each Pok\u00e9mon\n|rule|Item Clause: Limit 1 of each item\n|clearpoke\n|poke|p1|Calyrex-Ice, L50|\n|poke|p1|Miraidon, L50|\n|poke|p1|Incineroar, L50, M|\n|poke|p1|Farigiraf, L50, M|\n|poke|p1|Volcarona, L50, M|\n|poke|p1|Grimmsnarl, L50, M|\n|poke|p2|Miraidon, L50|\n|poke|p2|Iron Hands, L50|\n|poke|p2|Chi-Yu, L50|\n|poke|p2|Calyrex-Ice, L50|\n|poke|p2|Farigiraf, L50, F|\n|poke|p2|Volbeat, L50, M|\n|teampreview|4\n|inactive|Battle timer is ON: inactive players will automatically lose when time's up. (requested by speedyturtle87)\n|inactive|jd8erh also wants the timer to be on.\n|\n|t:|1775597023\n|teamsize|p1|4\n|teamsize|p2|4\n|start\n|switch|p1a: Grimmsnarl|Grimmsnarl, L50, M|100/100\n|switch|p1b: Incineroar|Incineroar, L50, M|100/100\n|switch|p2a: Iron Hands|Iron Hands, L50|100/100\n|switch|p2b: Miraidon|Miraidon, L50|100/100\n|-fieldstart|move: Electric Terrain|[from] ability: Hadron Engine|[of] p2b: Miraidon\n|-activate|p2a: Iron Hands|ability: Quark Drive\n|-start|p2a: Iron Hands|quarkdriveatk\n|-ability|p1b: Incineroar|Intimidate|boost\n|-unboost|p2a: Iron Hands|atk|1\n|-unboost|p2b: Miraidon|atk|1\n|turn|1\n|\n|t:|1775597030\n|move|p1b: Incineroar|Fake Out|p2a: Iron Hands\n|-damage|p2a: Iron Hands|92/100\n|cant|p2a: Iron Hands|flinch\n|move|p1a: Grimmsnarl|Light Screen|p1a: Grimmsnarl\n|-sidestart|p1: jd8erh|move: Light Screen\n|move|p2b: Miraidon|Electro Drift|p1a: Grimmsnarl\n|-damage|p1a: Grimmsnarl|45/100\n|-damage|p2b: Miraidon|91/100|[from] item: Life Orb\n|\n|upkeep\n|turn|2\n|j| CrazyyBoi\n|\n|t:|1775597047\n|move|p1a: Grimmsnarl|Reflect|p1a: Grimmsnarl\n|-sidestart|p1: jd8erh|Reflect\n|move|p2b: Miraidon|Volt Switch|p1b: Incineroar\n|-damage|p1b: Incineroar|76/100\n|-damage|p2b: Miraidon|81/100|[from] item: Life Orb\n|\n|t:|1775597052\n|switch|p2b: Calyrex|Calyrex-Ice, L50|100/100|[from] Volt Switch\n|-ability|p2b: Calyrex|As One\n|-ability|p2b: Calyrex|Unnerve\n|move|p1b: Incineroar|U-turn|p2b: Calyrex\n|-supereffective|p2b: Calyrex\n|-damage|p2b: Calyrex|77/100\n|\n|t:|1775597062\n|switch|p1b: Miraidon|Miraidon, L50|100/100|[from] U-turn\n|-activate|p1b: Miraidon|ability: Hadron Engine\n|move|p2a: Iron Hands|Drain Punch|p1b: Miraidon\n|-damage|p1b: Miraidon|79/100\n|-heal|p2a: Iron Hands|100/100|[from] drain|[of] p1b: Miraidon\n|\n|upkeep\n|turn|3\n|\n|t:|1775597072\n|move|p2b: Calyrex|Protect|p2b: Calyrex\n|-singleturn|p2b: Calyrex|Protect\n|move|p1b: Miraidon|Volt Switch|p2b: Calyrex\n|-activate|p2b: Calyrex|move: Protect\n|move|p1a: Grimmsnarl|Spirit Break|p2a: Iron Hands\n|-supereffective|p2a: Iron Hands\n|-damage|p2a: Iron Hands|59/100\n|-unboost|p2a: Iron Hands|spa|1\n|move|p2a: Iron Hands|Low Kick|p1b: Miraidon\n|-damage|p1b: Miraidon|45/100\n|\n|upkeep\n|turn|4\n|\n|t:|1775597094\n|-end|p2a: Iron Hands|Quark Drive|[silent]\n|switch|p2a: Farigiraf|Farigiraf, L50, F|100/100\n|-enditem|p2a: Farigiraf|Electric Seed\n|-boost|p2a: Farigiraf|def|1|[from] item: Electric Seed\n|move|p1b: Miraidon|Volt Switch|p2b: Calyrex\n|-damage|p2b: Calyrex|40/100\n|\n|t:|1775597099\n|switch|p1b: Incineroar|Incineroar, L50, M|76/100|[from] Volt Switch\n|-ability|p1b: Incineroar|Intimidate|boost\n|-unboost|p2a: Farigiraf|atk|1\n|-fail|p2b: Calyrex|unboost|[from] item: Clear Amulet|[of] p2b: Calyrex\n|move|p1a: Grimmsnarl|Spirit Break|p2a: Farigiraf\n|-damage|p2a: Farigiraf|82/100\n|-unboost|p2a: Farigiraf|spa|1\n|move|p2b: Calyrex|Trick Room|p2b: Calyrex\n|-fieldstart|move: Trick Room|[of] p2b: Calyrex\n|\n|upkeep\n|turn|5\n|\n|t:|1775597112\n|switch|p1a: Calyrex|Calyrex-Ice, L50|100/100\n|-ability|p1a: Calyrex|As One\n|-ability|p1a: Calyrex|Unnerve\n|-terastallize|p2b: Calyrex|Water\n|-terastallize|p1b: Incineroar|Bug\n|move|p2a: Farigiraf|Helping Hand|p2b: Calyrex\n|-singleturn|p2b: Calyrex|Helping Hand|[of] p2a: Farigiraf\n|move|p2b: Calyrex|High Horsepower|p1b: Incineroar\n|-resisted|p1b: Incineroar\n|-damage|p1b: Incineroar|60/100\n|move|p1b: Incineroar|Knock Off|p2b: Calyrex\n|-damage|p2b: Calyrex|16/100\n|-enditem|p2b: Calyrex|Clear Amulet|[from] move: Knock Off|[of] p1b: Incineroar\n|\n|-fieldend|move: Electric Terrain\n|upkeep\n|turn|6\n|\n|t:|1775597126\n|move|p2b: Calyrex|Glacial Lance|p1a: Calyrex|[spread] p1a,p1b\n|-resisted|p1a: Calyrex\n|-damage|p1a: Calyrex|90/100\n|-damage|p1b: Incineroar|27/100\n|move|p1a: Calyrex|Glacial Lance|p2a: Farigiraf|[spread] p2a,p2b\n|-resisted|p2b: Calyrex\n|-damage|p2a: Farigiraf|49/100\n|-damage|p2b: Calyrex|1/100\n|move|p2a: Farigiraf|Foul Play|p1a: Calyrex\n|-supereffective|p1a: Calyrex\n|-damage|p1a: Calyrex|59/100\n|move|p1b: Incineroar|U-turn|p2a: Farigiraf\n|-supereffective|p2a: Farigiraf\n|-damage|p2a: Farigiraf|13/100\n|\n|t:|1775597140\n|switch|p1b: Grimmsnarl|Grimmsnarl, L50, M|45/100|[from] U-turn\n|\n|-heal|p1a: Calyrex|65/100|[from] item: Leftovers\n|upkeep\n|turn|7\n|\n|t:|1775597145\n|switch|p1b: Incineroar|Incineroar, L50, M, tera:Bug|27/100\n|-ability|p1b: Incineroar|Intimidate|boost\n|-unboost|p2a: Farigiraf|atk|1\n|-unboost|p2b: Calyrex|atk|1\n|move|p2a: Farigiraf|Helping Hand|p2b: Calyrex\n|-singleturn|p2b: Calyrex|Helping Hand|[of] p2a: Farigiraf\n|move|p2b: Calyrex|Glacial Lance|p1a: Calyrex|[spread] p1a,p1b\n|-resisted|p1a: Calyrex\n|-damage|p1a: Calyrex|56/100\n|-damage|p1b: Incineroar|0 fnt\n|faint|p1b: Incineroar\n|-ability|p2b: Calyrex|Chilling Neigh|boost\n|-boost|p2b: Calyrex|atk|1\n|move|p1a: Calyrex|Glacial Lance|p2b: Calyrex|[spread] p2a,p2b\n|-resisted|p2b: Calyrex\n|-damage|p2a: Farigiraf|0 fnt\n|-damage|p2b: Calyrex|0 fnt\n|faint|p2a: Farigiraf\n|faint|p2b: Calyrex\n|-ability|p1a: Calyrex|Chilling Neigh|boost\n|-boost|p1a: Calyrex|atk|2\n|\n|-heal|p1a: Calyrex|61/100|[from] item: Leftovers\n|upkeep\n|\n|t:|1775597154\n|switch|p2b: Iron Hands|Iron Hands, L50|59/100\n|switch|p2a: Miraidon|Miraidon, L50|81/100\n|switch|p1b: Grimmsnarl|Grimmsnarl, L50, M|45/100\n|-fieldstart|move: Electric Terrain|[from] ability: Hadron Engine|[of] p2a: Miraidon\n|-activate|p2b: Iron Hands|ability: Quark Drive\n|-start|p2b: Iron Hands|quarkdriveatk\n|turn|8\n|\n|t:|1775597165\n|move|p2a: Miraidon|Protect|p2a: Miraidon\n|-singleturn|p2a: Miraidon|Protect\n|move|p2b: Iron Hands|Low Kick|p1a: Calyrex\n|-damage|p1a: Calyrex|22/100\n|move|p1a: Calyrex|Glacial Lance|p2b: Iron Hands|[spread] p2b\n|-activate|p2a: Miraidon|move: Protect\n|-damage|p2b: Iron Hands|0 fnt\n|faint|p2b: Iron Hands\n|-end|p2b: Iron Hands|Quark Drive|[silent]\n|-ability|p1a: Calyrex|Chilling Neigh|boost\n|-boost|p1a: Calyrex|atk|1\n|move|p1b: Grimmsnarl|Spirit Break|p2a: Miraidon\n|-activate|p2a: Miraidon|move: Protect\n|\n|-heal|p1a: Calyrex|28/100|[from] item: Leftovers\n|-sideend|p1: jd8erh|move: Light Screen\n|-fieldend|move: Trick Room\n|upkeep\n|turn|9\n|\n|t:|1775597180\n|move|p2a: Miraidon|Electro Drift|p1b: Grimmsnarl\n|-damage|p1b: Grimmsnarl|0 fnt\n|faint|p1b: Grimmsnarl\n|-damage|p2a: Miraidon|72/100|[from] item: Life Orb\n|move|p1a: Calyrex|Glacial Lance|p2a: Miraidon\n|-supereffective|p2a: Miraidon\n|-damage|p2a: Miraidon|0 fnt\n|faint|p2a: Miraidon\n|\n|win|jd8erh\n|raw|jd8erh's rating: 1640 &rarr; <strong>1653</strong><br />(+13 for winning)\n|raw|speedyturtle87's rating: 1512 &rarr; <strong>1499</strong><br />(-13 for losing)\n|c|\u2606speedyturtle87|ggwp\n|c|\u2606jd8erh|Gg\n|c|\u2606jd8erh|Wo\n|c|\u2606jd8erh|Wp\n|c|\u2606jd8erh|Btw why volbeat?\n|c|\u2606speedyturtle87|just a mon i like and sv is ending\n|c|\u2606jd8erh|I approve of that!\n|c|\u2606speedyturtle87|he's partially usable\n|c|\u2606jd8erh|And youre quite high on ladder\n|c|\u2606jd8erh|So well done\n|c|\u2606jd8erh|:)\n|c| CrazyyBoi|I'm using Perish Trap for the same reason lol\n|c| CrazyyBoi|Ggwp\n|c|\u2606speedyturtle87|i was around 1600 but have just been trying different restricteds\n|c|\u2606jd8erh|Nice!\n|c|\u2606speedyturtle87|fell down to like 1300 but saw life orb miraidon and have just been playing today\n|c|\u2606speedyturtle87|waiting for champions\n|c|\u2606jd8erh|I think ill get up early tomorrow just for that\n|c|\u2606jd8erh|Very early\n|c|\u2606speedyturtle87|hopefully using this team at a local since there's one i should be able to do\n|l| CrazyyBoi\n|c|\u2606jd8erh|Nice\n|c|\u2606jd8erh|I hope youll do well!\n|c|\u2606speedyturtle87|or at least something similar but ive used ice rider + miraidon for most of I\n|c|\u2606jd8erh|Same\n|c|\u2606speedyturtle87|ty, ggs\n|c|\u2606jd8erh|I dont find anything i like\n|c|\u2606speedyturtle87|i like koraidon but don't like losing to sleep\n|c|\u2606jd8erh|But im happy you can play something different\n|c|\u2606jd8erh|I like koraidon too\n|c|\u2606jd8erh|But i find caly miraidon just too fit for me\n|c|\u2606jd8erh|Do you already have ideas for champions teams?\n","uploadtime":1775597392,"views":12,"formatid":"gen9vgc2026regi","rating":1499,"private":0,"password":null}