{"id":"gen9vgc2026regi-2560159127","format":"[Gen 9] VGC 2026 Reg I","players":["huanyu0.0","SHyperdestroyerVGC"],"log":"|j|\u2606huanyu0.0\n|j|\u2606SHyperdestroyerVGC\n|t:|1773660506\n|gametype|doubles\n|player|p1|huanyu0.0|1|1459\n|player|p2|SHyperdestroyerVGC|lady|1519\n|gen|9\n|tier|[Gen 9] VGC 2026 Reg I\n|rated|\n|rule|Species Clause: Limit one of each Pok\u00e9mon\n|rule|Item Clause: Limit 1 of each item\n|clearpoke\n|poke|p1|Koraidon, L50|\n|poke|p1|Flutter Mane, L50|\n|poke|p1|Incineroar, L50, M|\n|poke|p1|Lunala, L50|\n|poke|p1|Ursaluna, L50, F|\n|poke|p1|Brute Bonnet, L50|\n|poke|p2|Miraidon, L50|\n|poke|p2|Lunala, L50|\n|poke|p2|Whimsicott, L50, M|\n|poke|p2|Incineroar, L50, M|\n|poke|p2|Ursaluna, L50, F|\n|poke|p2|Urshifu-*, L50, M|\n|teampreview|4\n|inactive|Battle timer is ON: inactive players will automatically lose when time's up. (requested by huanyu0.0)\n|inactive|huanyu0.0 has 60 seconds left.\nSHyperdestroyerVGC has agreed to open team sheets.\n|inactive|huanyu0.0 has 30 seconds left.\n|\n|t:|1773660571\n|teamsize|p1|4\n|teamsize|p2|4\n|start\n|switch|p1a: Lunala|Lunala, L50|100/100\n|switch|p1b: Incineroar|Incineroar, L50, M|100/100\n|switch|p2a: Whimsicott|Whimsicott, L50, M|100/100\n|switch|p2b: Miraidon|Miraidon, L50|100/100\n|-fieldstart|move: Electric Terrain|[from] ability: Hadron Engine|[of] p2b: Miraidon\n|-ability|p1b: Incineroar|Intimidate|boost\n|-unboost|p2a: Whimsicott|atk|1\n|-unboost|p2b: Miraidon|atk|1\n|turn|1\n|\n|t:|1773660586\n|switch|p1b: Ursaluna|Ursaluna, L50, F|100/100\n|move|p2a: Whimsicott|Fake Tears|p1a: Lunala\n|-unboost|p1a: Lunala|spd|2\n|move|p2b: Miraidon|Volt Switch|p1a: Lunala\n|-damage|p1a: Lunala|32/100\n|\n|t:|1773660595\n|switch|p2b: Lunala|Lunala, L50|100/100|[from] Volt Switch\n|-enditem|p2b: Lunala|Electric Seed\n|-boost|p2b: Lunala|def|1|[from] item: Electric Seed\n|move|p1a: Lunala|Trick Room|p1a: Lunala\n|-fieldstart|move: Trick Room|[of] p1a: Lunala\n|\n|-status|p1b: Ursaluna|brn|[from] item: Flame Orb\n|upkeep\n|turn|2\n|\n|t:|1773660608\n|switch|p1a: Incineroar|Incineroar, L50, M|100/100\n|-ability|p1a: Incineroar|Intimidate|boost\n|-unboost|p2a: Whimsicott|atk|1\n|-unboost|p2b: Lunala|atk|1\n|-terastallize|p2b: Lunala|Fairy\n|move|p2a: Whimsicott|Encore|p1a: Incineroar\n|-hint|Since gen 7, Dark is immune to Prankster moves.\n|-immune|p1a: Incineroar\n|move|p1b: Ursaluna|Facade|p2a: Whimsicott\n|-enditem|p2a: Whimsicott|Focus Sash\n|-damage|p2a: Whimsicott|1/100\n|move|p2b: Lunala|Moonblast|p1b: Ursaluna\n|-damage|p1b: Ursaluna|56/100 brn\n|\n|-damage|p1b: Ursaluna|50/100 brn|[from] brn\n|upkeep\n|turn|3\n|\n|t:|1773660629\n|switch|p2a: Incineroar|Incineroar, L50, M|100/100\n|-ability|p2a: Incineroar|Intimidate|boost\n|-unboost|p1a: Incineroar|atk|1\n|-unboost|p1b: Ursaluna|atk|1\n|move|p1a: Incineroar|Fake Out|p2a: Incineroar\n|-damage|p2a: Incineroar|95/100\n|move|p1b: Ursaluna|Facade|p2b: Lunala\n|-damage|p2b: Lunala|76/100\n|move|p2b: Lunala|Trick Room|p2b: Lunala\n|-fieldend|move: Trick Room\n|\n|-damage|p1b: Ursaluna|44/100 brn|[from] brn\n|upkeep\n|turn|4\n|inactive|huanyu0.0 has 30 seconds left.\n|inactive|huanyu0.0 has 20 seconds left.\n|\n|t:|1773660669\n|move|p2b: Lunala|Moonblast|p1a: Incineroar\n|-damage|p1a: Incineroar|46/100\n|-unboost|p1a: Incineroar|spa|1\n|move|p1a: Incineroar|Parting Shot|p2b: Lunala\n|-unboost|p2b: Lunala|atk|1\n|-unboost|p2b: Lunala|spa|1\n|\n|t:|1773660676\n|switch|p1a: Koraidon|Koraidon, L50|100/100|[from] Parting Shot\n|-weather|SunnyDay|[from] ability: Orichalcum Pulse|[of] p1a: Koraidon\n|-activate|p1a: Koraidon|Orichalcum Pulse|[source]\n|move|p2a: Incineroar|U-turn|p1a: Koraidon\n|-resisted|p1a: Koraidon\n|-damage|p1a: Koraidon|92/100\n|\n|t:|1773660681\n|switch|p2a: Whimsicott|Whimsicott, L50, M|1/100|[from] U-turn\n|move|p1b: Ursaluna|Facade|p2b: Lunala\n|-damage|p2b: Lunala|30/100\n|\n|-weather|SunnyDay|[upkeep]\n|-damage|p1b: Ursaluna|38/100 brn|[from] brn\n|upkeep\n|turn|5\n|\n|t:|1773660700\n|-terastallize|p1a: Koraidon|Fire\n|move|p2a: Whimsicott|Tailwind|p2a: Whimsicott\n|-sidestart|p2: SHyperdestroyerVGC|move: Tailwind\n|move|p2b: Lunala|Moongeist Beam|p1a: Koraidon\n|-damage|p1a: Koraidon|54/100\n|move|p1a: Koraidon|Flame Charge|p2b: Lunala\n|-damage|p2b: Lunala|0 fnt\n|-boost|p1a: Koraidon|spe|1\n|faint|p2b: Lunala\n|move|p1b: Ursaluna|Facade|p2a: Whimsicott\n|-damage|p2a: Whimsicott|0 fnt\n|faint|p2a: Whimsicott\n|\n|-weather|SunnyDay|[upkeep]\n|-damage|p1b: Ursaluna|32/100 brn|[from] brn\n|-fieldend|move: Electric Terrain\n|upkeep\n|\n|t:|1773660711\n|switch|p2a: Miraidon|Miraidon, L50|100/100\n|switch|p2b: Incineroar|Incineroar, L50, M|95/100\n|-fieldstart|move: Electric Terrain|[from] ability: Hadron Engine|[of] p2a: Miraidon\n|-ability|p2b: Incineroar|Intimidate|boost\n|-fail|p1a: Koraidon|unboost|[from] item: Clear Amulet|[of] p1a: Koraidon\n|-unboost|p1b: Ursaluna|atk|1\n|turn|6\n|inactive|huanyu0.0 has 30 seconds left.\n|\n|t:|1773660739\n|move|p1a: Koraidon|Protect|p1a: Koraidon\n|-singleturn|p1a: Koraidon|Protect\n|move|p2a: Miraidon|Electro Drift|p1a: Koraidon\n|-activate|p1a: Koraidon|move: Protect\n|move|p2b: Incineroar|Flare Blitz|p1b: Ursaluna\n|-damage|p1b: Ursaluna|0 fnt\n|faint|p1b: Ursaluna\n|-damage|p2b: Incineroar|83/100|[from] Recoil\n|\n|-weather|SunnyDay|[upkeep]\n|upkeep\n|\n|t:|1773660753\n|switch|p1b: Incineroar|Incineroar, L50, M|46/100\n|-ability|p1b: Incineroar|Intimidate|boost\n|-unboost|p2a: Miraidon|atk|1\n|-unboost|p2b: Incineroar|atk|1\n|turn|7\n|inactive|huanyu0.0 has 30 seconds left.\n|\n|t:|1773660782\n|move|p1b: Incineroar|Fake Out|p2a: Miraidon\n|-damage|p2a: Miraidon|90/100\n|cant|p2a: Miraidon|flinch\n|move|p1a: Koraidon|Low Kick|p2b: Incineroar\n|-supereffective|p2b: Incineroar\n|-damage|p2b: Incineroar|0 fnt\n|faint|p2b: Incineroar\n|\n|-weather|SunnyDay|[upkeep]\n|upkeep\n|turn|8\n|\n|t:|1773660797\n|move|p1a: Koraidon|Protect|p1a: Koraidon\n|-singleturn|p1a: Koraidon|Protect\n|move|p2a: Miraidon|Electro Drift|p1b: Incineroar\n|-damage|p1b: Incineroar|0 fnt\n|-damage|p2a: Miraidon|73/100|[from] item: Rocky Helmet|[of] p1b: Incineroar\n|faint|p1b: Incineroar\n|\n|-weather|none\n|-sideend|p2: SHyperdestroyerVGC|move: Tailwind\n|upkeep\n|\n|t:|1773660803\n|switch|p1b: Lunala|Lunala, L50|32/100\n|turn|9\n|\n|t:|1773660809\n|move|p1a: Koraidon|Low Kick|p2a: Miraidon\n|-damage|p2a: Miraidon|16/100\n|move|p2a: Miraidon|Electro Drift|p1a: Koraidon\n|-damage|p1a: Koraidon|0 fnt\n|faint|p1a: Koraidon\n|move|p1b: Lunala|Moonblast|p2a: Miraidon\n|-supereffective|p2a: Miraidon\n|-damage|p2a: Miraidon|0 fnt\n|faint|p2a: Miraidon\n|\n|win|huanyu0.0\n|raw|huanyu0.0's rating: 1459 &rarr; <strong>1482</strong><br />(+23 for winning)\n|raw|SHyperdestroyerVGC's rating: 1519 &rarr; <strong>1496</strong><br />(-23 for losing)\n|l|\u2606SHyperdestroyerVGC\n|player|p2|\n|l|\u2606huanyu0.0\n|player|p1|\n","uploadtime":1773661073,"views":13,"formatid":"gen9vgc2026regi","rating":1482,"private":0,"password":null}