{"id":"gen9vgc2026regi-2574721470","format":"[Gen 9] VGC 2026 Reg I","players":["roodlethenoodle","BanKingambit69247"],"log":"|j|\u2606roodlethenoodle\n|j|\u2606BanKingambit69247\n|t:|1775267443\n|gametype|doubles\n|player|p1|roodlethenoodle|1|1357\n|player|p2|BanKingambit69247|lucas|1594\n|gen|9\n|tier|[Gen 9] VGC 2026 Reg I\n|rated|\n|rule|Species Clause: Limit one of each Pok\u00e9mon\n|rule|Item Clause: Limit 1 of each item\n|clearpoke\n|poke|p1|Incineroar, L50, M|\n|poke|p1|Rillaboom, L50, M|\n|poke|p1|Landorus, L50, M|\n|poke|p1|Smeargle, L50, M|\n|poke|p1|Koraidon, L50|\n|poke|p1|Calyrex-Ice, L50|\n|poke|p2|Calyrex-Shadow, L50|\n|poke|p2|Zamazenta-*, L50|\n|poke|p2|Chien-Pao, L50|\n|poke|p2|Ogerpon-Wellspring, L50, F|\n|poke|p2|Smeargle, L50, M|\n|poke|p2|Indeedee-F, L50, F|\n|teampreview|4\n|inactive|Battle timer is ON: inactive players will automatically lose when time's up. (requested by BanKingambit69247)\n|\n|t:|1775267471\n|teamsize|p1|4\n|teamsize|p2|4\n|start\n|switch|p1a: Calyrex|Calyrex-Ice, L50|100/100\n|switch|p1b: Smeargle|Smeargle, L50, M|100/100\n|switch|p2a: \u60f3\u51ff\u5384\u8be1\u692a(\u76f4\u7403)|Ogerpon-Wellspring, L50, F|100/100\n|switch|p2b: \u8bf6\u4f60\u600e\u4e48\u6b7b\u4e86?\u267f\u267f\u267f|Calyrex-Shadow, L50|100/100\n|-ability|p2b: \u8bf6\u4f60\u600e\u4e48\u6b7b\u4e86?\u267f\u267f\u267f|As One\n|-ability|p2b: \u8bf6\u4f60\u600e\u4e48\u6b7b\u4e86?\u267f\u267f\u267f|Unnerve\n|-ability|p1a: Calyrex|As One\n|-ability|p1a: Calyrex|Unnerve\n|turn|1\n|\n|t:|1775267495\n|-terastallize|p2b: \u8bf6\u4f60\u600e\u4e48\u6b7b\u4e86?\u267f\u267f\u267f|Ghost\n|-terastallize|p1a: Calyrex|Fairy\n|move|p1b: Smeargle|Spiky Shield|p1b: Smeargle\n|-singleturn|p1b: Smeargle|move: Protect\n|move|p2b: \u8bf6\u4f60\u600e\u4e48\u6b7b\u4e86?\u267f\u267f\u267f|Astral Barrage|p1b: Smeargle|[spread] p1a\n|-activate|p1b: Smeargle|move: Protect\n|-damage|p1a: Calyrex|39/100\n|move|p2a: \u60f3\u51ff\u5384\u8be1\u692a(\u76f4\u7403)|Ivy Cudgel|p1b: Smeargle|[anim] Ivy Cudgel Water\n|-activate|p1b: Smeargle|move: Protect\n|move|p1a: Calyrex|Trick Room|p1a: Calyrex\n|-fieldstart|move: Trick Room|[of] p1a: Calyrex\n|\n|-heal|p1a: Calyrex|44/100|[from] item: Leftovers\n|-ability|p1b: Smeargle|Moody|boost\n|-boost|p1b: Smeargle|spe|2\n|-unboost|p1b: Smeargle|atk|1\n|upkeep\n|turn|2\n|inactive|roodlethenoodle has 30 seconds left.\n|\n|t:|1775267524\n|switch|p1b: Rillaboom|Rillaboom, L50, M|100/100\n|-fieldstart|move: Grassy Terrain|[from] ability: Grassy Surge|[of] p1b: Rillaboom\n|move|p1a: Calyrex|Protect|p1a: Calyrex\n|-singleturn|p1a: Calyrex|Protect\n|move|p2a: \u60f3\u51ff\u5384\u8be1\u692a(\u76f4\u7403)|Follow Me|p2a: \u60f3\u51ff\u5384\u8be1\u692a(\u76f4\u7403)\n|-singleturn|p2a: \u60f3\u51ff\u5384\u8be1\u692a(\u76f4\u7403)|move: Follow Me\n|move|p2b: \u8bf6\u4f60\u600e\u4e48\u6b7b\u4e86?\u267f\u267f\u267f|Astral Barrage|p1b: Rillaboom|[spread] p1b\n|-activate|p1a: Calyrex|move: Protect\n|-damage|p1b: Rillaboom|17/100\n|\n|-heal|p1a: Calyrex|50/100|[from] Grassy Terrain\n|-heal|p1a: Calyrex|56/100|[from] item: Leftovers\n|-heal|p1b: Rillaboom|24/100|[from] Grassy Terrain\n|upkeep\n|turn|3\n|\n|t:|1775267539\n|switch|p2b: \u5f3a\u8005\u5c31\u662f\u8981\u7f9e\u8fb1\u5f31\u8005\ud83d\udc36\ud83d\udc36\ud83d\udc36|Zamazenta-Crowned, L50|100/100\n|-ability|p2b: \u5f3a\u8005\u5c31\u662f\u8981\u7f9e\u8fb1\u5f31\u8005\ud83d\udc36\ud83d\udc36\ud83d\udc36|Dauntless Shield|boost\n|-boost|p2b: \u5f3a\u8005\u5c31\u662f\u8981\u7f9e\u8fb1\u5f31\u8005\ud83d\udc36\ud83d\udc36\ud83d\udc36|def|1\n|move|p2a: \u60f3\u51ff\u5384\u8be1\u692a(\u76f4\u7403)|Spiky Shield|p2a: \u60f3\u51ff\u5384\u8be1\u692a(\u76f4\u7403)\n|-singleturn|p2a: \u60f3\u51ff\u5384\u8be1\u692a(\u76f4\u7403)|move: Protect\n|move|p1b: Rillaboom|Grassy Glide|p2b: \u5f3a\u8005\u5c31\u662f\u8981\u7f9e\u8fb1\u5f31\u8005\ud83d\udc36\ud83d\udc36\ud83d\udc36\n|-resisted|p2b: \u5f3a\u8005\u5c31\u662f\u8981\u7f9e\u8fb1\u5f31\u8005\ud83d\udc36\ud83d\udc36\ud83d\udc36\n|-damage|p2b: \u5f3a\u8005\u5c31\u662f\u8981\u7f9e\u8fb1\u5f31\u8005\ud83d\udc36\ud83d\udc36\ud83d\udc36|94/100\n|move|p1a: Calyrex|Glacial Lance|p2b: \u5f3a\u8005\u5c31\u662f\u8981\u7f9e\u8fb1\u5f31\u8005\ud83d\udc36\ud83d\udc36\ud83d\udc36|[spread] p2b\n|-activate|p2a: \u60f3\u51ff\u5384\u8be1\u692a(\u76f4\u7403)|move: Protect\n|-resisted|p2b: \u5f3a\u8005\u5c31\u662f\u8981\u7f9e\u8fb1\u5f31\u8005\ud83d\udc36\ud83d\udc36\ud83d\udc36\n|-damage|p2b: \u5f3a\u8005\u5c31\u662f\u8981\u7f9e\u8fb1\u5f31\u8005\ud83d\udc36\ud83d\udc36\ud83d\udc36|83/100\n|\n|-heal|p1a: Calyrex|62/100|[from] Grassy Terrain\n|-heal|p1a: Calyrex|68/100|[from] item: Leftovers\n|-heal|p1b: Rillaboom|30/100|[from] Grassy Terrain\n|-heal|p2b: \u5f3a\u8005\u5c31\u662f\u8981\u7f9e\u8fb1\u5f31\u8005\ud83d\udc36\ud83d\udc36\ud83d\udc36|89/100|[from] Grassy Terrain\n|upkeep\n|turn|4\n|\n|t:|1775267555\n|move|p1a: Calyrex|Leech Seed|p2b: \u5f3a\u8005\u5c31\u662f\u8981\u7f9e\u8fb1\u5f31\u8005\ud83d\udc36\ud83d\udc36\ud83d\udc36\n|-start|p2b: \u5f3a\u8005\u5c31\u662f\u8981\u7f9e\u8fb1\u5f31\u8005\ud83d\udc36\ud83d\udc36\ud83d\udc36|move: Leech Seed\n|move|p2a: \u60f3\u51ff\u5384\u8be1\u692a(\u76f4\u7403)|Wood Hammer|p1a: Calyrex\n|-damage|p1a: Calyrex|16/100\n|-damage|p2a: \u60f3\u51ff\u5384\u8be1\u692a(\u76f4\u7403)|82/100|[from] Recoil\n|move|p1b: Rillaboom|U-turn|p2a: \u60f3\u51ff\u5384\u8be1\u692a(\u76f4\u7403)\n|-supereffective|p2a: \u60f3\u51ff\u5384\u8be1\u692a(\u76f4\u7403)\n|-crit|p2a: \u60f3\u51ff\u5384\u8be1\u692a(\u76f4\u7403)\n|-damage|p2a: \u60f3\u51ff\u5384\u8be1\u692a(\u76f4\u7403)|15/100\n|\n|t:|1775267566\n|switch|p1b: Landorus|Landorus, L50, M|100/100|[from] U-turn\n|move|p2b: \u5f3a\u8005\u5c31\u662f\u8981\u7f9e\u8fb1\u5f31\u8005\ud83d\udc36\ud83d\udc36\ud83d\udc36|Body Press|p1b: Landorus\n|-resisted|p1b: Landorus\n|-damage|p1b: Landorus|63/100\n|\n|-heal|p1a: Calyrex|22/100|[from] Grassy Terrain\n|-heal|p1a: Calyrex|28/100|[from] item: Leftovers\n|-heal|p2a: \u60f3\u51ff\u5384\u8be1\u692a(\u76f4\u7403)|21/100|[from] Grassy Terrain\n|-heal|p2b: \u5f3a\u8005\u5c31\u662f\u8981\u7f9e\u8fb1\u5f31\u8005\ud83d\udc36\ud83d\udc36\ud83d\udc36|95/100|[from] Grassy Terrain\n|-damage|p2b: \u5f3a\u8005\u5c31\u662f\u8981\u7f9e\u8fb1\u5f31\u8005\ud83d\udc36\ud83d\udc36\ud83d\udc36|82/100|[from] Leech Seed|[of] p1a: Calyrex\n|-heal|p1a: Calyrex|39/100|[silent]\n|upkeep\n|turn|5\n|\n|t:|1775267583\n|switch|p1a: Rillaboom|Rillaboom, L50, M|30/100\n|switch|p2a: \u8bf6\u4f60\u600e\u4e48\u6b7b\u4e86?\u267f\u267f\u267f|Calyrex-Shadow, L50, tera:Ghost|100/100\n|-ability|p2a: \u8bf6\u4f60\u600e\u4e48\u6b7b\u4e86?\u267f\u267f\u267f|As One\n|-ability|p2a: \u8bf6\u4f60\u600e\u4e48\u6b7b\u4e86?\u267f\u267f\u267f|Unnerve\n|move|p1b: Landorus|Protect|p1b: Landorus\n|-singleturn|p1b: Landorus|Protect\n|move|p2b: \u5f3a\u8005\u5c31\u662f\u8981\u7f9e\u8fb1\u5f31\u8005\ud83d\udc36\ud83d\udc36\ud83d\udc36|Wide Guard||[still]\n|-fail|p2b: \u5f3a\u8005\u5c31\u662f\u8981\u7f9e\u8fb1\u5f31\u8005\ud83d\udc36\ud83d\udc36\ud83d\udc36\n|\n|-heal|p1a: Rillaboom|36/100|[from] Grassy Terrain\n|-heal|p2b: \u5f3a\u8005\u5c31\u662f\u8981\u7f9e\u8fb1\u5f31\u8005\ud83d\udc36\ud83d\udc36\ud83d\udc36|88/100|[from] Grassy Terrain\n|-damage|p2b: \u5f3a\u8005\u5c31\u662f\u8981\u7f9e\u8fb1\u5f31\u8005\ud83d\udc36\ud83d\udc36\ud83d\udc36|76/100|[from] Leech Seed|[of] p1a: Rillaboom\n|-heal|p1a: Rillaboom|48/100|[silent]\n|-fieldend|move: Trick Room\n|upkeep\n|turn|6\n|\n|t:|1775267605\n|switch|p2b: \u60f3\u51ff\u5384\u8be1\u692a(\u76f4\u7403)|Ogerpon-Wellspring, L50, F|21/100\n|switch|p1b: Smeargle|Smeargle, L50, M|100/100\n|move|p1a: Rillaboom|Grassy Glide|p2a: \u8bf6\u4f60\u600e\u4e48\u6b7b\u4e86?\u267f\u267f\u267f\n|-damage|p2a: \u8bf6\u4f60\u600e\u4e48\u6b7b\u4e86?\u267f\u267f\u267f|60/100\n|move|p2a: \u8bf6\u4f60\u600e\u4e48\u6b7b\u4e86?\u267f\u267f\u267f|Astral Barrage|p1a: Rillaboom|[spread] p1a\n|-immune|p1b: Smeargle\n|-damage|p1a: Rillaboom|0 fnt\n|faint|p1a: Rillaboom\n|-ability|p2a: \u8bf6\u4f60\u600e\u4e48\u6b7b\u4e86?\u267f\u267f\u267f|Grim Neigh|boost\n|-boost|p2a: \u8bf6\u4f60\u600e\u4e48\u6b7b\u4e86?\u267f\u267f\u267f|spa|1\n|\n|-heal|p2a: \u8bf6\u4f60\u600e\u4e48\u6b7b\u4e86?\u267f\u267f\u267f|66/100|[from] Grassy Terrain\n|-heal|p2b: \u60f3\u51ff\u5384\u8be1\u692a(\u76f4\u7403)|27/100|[from] Grassy Terrain\n|-fieldend|move: Grassy Terrain\n|-ability|p1b: Smeargle|Moody|boost\n|-boost|p1b: Smeargle|atk|2\n|-unboost|p1b: Smeargle|def|1\n|upkeep\n|\n|t:|1775267618\n|switch|p1a: Calyrex|Calyrex-Ice, L50, tera:Fairy|39/100\n|-ability|p1a: Calyrex|As One\n|-ability|p1a: Calyrex|Unnerve\n|turn|7\n|\n|t:|1775267621\n|move|p1a: Calyrex|Protect|p1a: Calyrex\n|-singleturn|p1a: Calyrex|Protect\n|move|p2b: \u60f3\u51ff\u5384\u8be1\u692a(\u76f4\u7403)|Follow Me|p2b: \u60f3\u51ff\u5384\u8be1\u692a(\u76f4\u7403)\n|-singleturn|p2b: \u60f3\u51ff\u5384\u8be1\u692a(\u76f4\u7403)|move: Follow Me\n|move|p2a: \u8bf6\u4f60\u600e\u4e48\u6b7b\u4e86?\u267f\u267f\u267f|Astral Barrage|p1b: Smeargle|[spread] \n|-activate|p1a: Calyrex|move: Protect\n|-immune|p1b: Smeargle\n|move|p1b: Smeargle|Spore|p2b: \u60f3\u51ff\u5384\u8be1\u692a(\u76f4\u7403)\n|-immune|p2b: \u60f3\u51ff\u5384\u8be1\u692a(\u76f4\u7403)\n|\n|-heal|p1a: Calyrex|45/100|[from] item: Leftovers\n|-ability|p1b: Smeargle|Moody|boost\n|-boost|p1b: Smeargle|def|2\n|-unboost|p1b: Smeargle|spa|1\n|upkeep\n|turn|8\n|\n|t:|1775267643\n|move|p2b: \u60f3\u51ff\u5384\u8be1\u692a(\u76f4\u7403)|Follow Me|p2b: \u60f3\u51ff\u5384\u8be1\u692a(\u76f4\u7403)\n|-singleturn|p2b: \u60f3\u51ff\u5384\u8be1\u692a(\u76f4\u7403)|move: Follow Me\n|move|p1b: Smeargle|Follow Me|p1b: Smeargle\n|-singleturn|p1b: Smeargle|move: Follow Me\n|move|p2a: \u8bf6\u4f60\u600e\u4e48\u6b7b\u4e86?\u267f\u267f\u267f|Astral Barrage|p1b: Smeargle|[spread] p1a\n|-immune|p1b: Smeargle\n|-damage|p1a: Calyrex|0 fnt\n|faint|p1a: Calyrex\n|-ability|p2a: \u8bf6\u4f60\u600e\u4e48\u6b7b\u4e86?\u267f\u267f\u267f|Grim Neigh|boost\n|-boost|p2a: \u8bf6\u4f60\u600e\u4e48\u6b7b\u4e86?\u267f\u267f\u267f|spa|1\n|\n|-ability|p1b: Smeargle|Moody|boost\n|-boost|p1b: Smeargle|spa|2\n|-unboost|p1b: Smeargle|def|1\n|upkeep\n|\n|t:|1775267646\n|switch|p1a: Landorus|Landorus, L50, M|63/100\n|turn|9\n|-message|roodlethenoodle forfeited.\n|\n|win|BanKingambit69247\n|raw|roodlethenoodle's rating: 1357 &rarr; <strong>1349</strong><br />(-8 for losing)\n|raw|BanKingambit69247's rating: 1594 &rarr; <strong>1602</strong><br />(+8 for winning)\n|l|\u2606roodlethenoodle\n|player|p1|\n","uploadtime":1775267651,"views":11,"formatid":"gen9vgc2026regi","rating":1349,"private":0,"password":null}