{"id":"gen9vgc2026regi-2556500356","format":"[Gen 9] VGC 2026 Reg I","players":["drive stone","korean noob"],"log":"|j|\u2606drive stone\n|j|\u2606korean noob\n|t:|1773216689\n|gametype|doubles\n|player|p1|drive stone|cilan|1522\n|player|p2|korean noob|102|1428\n|gen|9\n|tier|[Gen 9] VGC 2026 Reg I\n|rated|\n|rule|Species Clause: Limit one of each Pok\u00e9mon\n|rule|Item Clause: Limit 1 of each item\n|clearpoke\n|poke|p1|Calyrex-Ice, L50|\n|poke|p1|Ho-Oh, L50|\n|poke|p1|Overqwil, L50, F|\n|poke|p1|Rillaboom, L50, M|\n|poke|p1|Ting-Lu, L50|\n|poke|p1|Ogerpon-Wellspring, L50, F|\n|poke|p2|Delphox, L50, M|\n|poke|p2|Miraidon, L50|\n|poke|p2|Calyrex-Ice, L50|\n|poke|p2|Grimmsnarl, L50, M|\n|poke|p2|Landorus-Therian, L50, M|\n|poke|p2|Iron Hands, L50|\n|teampreview|4\n|inactive|Battle timer is ON: inactive players will automatically lose when time's up. (requested by korean noob)\n|inactive|drive stone has 60 seconds left.\n|inactive|drive stone has 30 seconds left.\n|inactive|drive stone has 20 seconds left.\n|\n|t:|1773216763\n|teamsize|p1|4\n|teamsize|p2|4\n|start\n|switch|p1a: Ting-Lu|Ting-Lu, L50|100/100\n|switch|p1b: Rillaboom|Rillaboom, L50, M|100/100\n|switch|p2a: Miraidon|Miraidon, L50|100/100\n|switch|p2b: Grimmsnarl|Grimmsnarl, L50, M|100/100\n|-fieldstart|move: Electric Terrain|[from] ability: Hadron Engine|[of] p2a: Miraidon\n|-fieldstart|move: Grassy Terrain|[from] ability: Grassy Surge|[of] p1b: Rillaboom\n|-ability|p1a: Ting-Lu|Vessel of Ruin\n|turn|1\n|\n|t:|1773216779\n|move|p2b: Grimmsnarl|Reflect|p2b: Grimmsnarl\n|-sidestart|p2: korean noob|Reflect\n|move|p2a: Miraidon|Volt Switch|p1b: Rillaboom\n|-resisted|p1b: Rillaboom\n|-damage|p1b: Rillaboom|90/100\n|\n|t:|1773216783\n|switch|p2a: Iron Hands|Iron Hands, L50|100/100|[from] Volt Switch\n|move|p1b: Rillaboom|U-turn|p2b: Grimmsnarl\n|-damage|p2b: Grimmsnarl|84/100\n|\n|t:|1773216789\n|switch|p1b: Overqwil|Overqwil, L50, F|100/100|[from] U-turn\n|-ability|p1b: Overqwil|Intimidate|boost\n|-unboost|p2a: Iron Hands|atk|1\n|-unboost|p2b: Grimmsnarl|atk|1\n|move|p1a: Ting-Lu|Stomping Tantrum|p2a: Iron Hands\n|-supereffective|p2a: Iron Hands\n|-damage|p2a: Iron Hands|53/100\n|\n|-heal|p2b: Grimmsnarl|90/100|[from] Grassy Terrain\n|-heal|p2a: Iron Hands|59/100|[from] Grassy Terrain\n|upkeep\n|turn|2\n|inactive|drive stone has 30 seconds left.\n|inactive|drive stone has 20 seconds left.\n|inactive|drive stone has 15 seconds left.\n|inactive|drive stone has 10 seconds left.\n|\n|t:|1773216839\n|move|p2a: Iron Hands|Fake Out|p1b: Overqwil\n|-damage|p1b: Overqwil|91/100\n|cant|p1b: Overqwil|flinch\n|move|p2b: Grimmsnarl|Spirit Break|p1a: Ting-Lu\n|-supereffective|p1a: Ting-Lu\n|-damage|p1a: Ting-Lu|76/100\n|-unboost|p1a: Ting-Lu|spa|1\n|move|p1a: Ting-Lu|Stomping Tantrum|p2a: Iron Hands\n|-supereffective|p2a: Iron Hands\n|-damage|p2a: Iron Hands|10/100\n|\n|-heal|p1b: Overqwil|97/100|[from] Grassy Terrain\n|-heal|p1b: Overqwil|100/100|[from] item: Black Sludge\n|-heal|p2b: Grimmsnarl|96/100|[from] Grassy Terrain\n|-heal|p2a: Iron Hands|16/100|[from] Grassy Terrain\n|-heal|p1a: Ting-Lu|82/100|[from] Grassy Terrain\n|upkeep\n|turn|3\n|inactive|drive stone has 30 seconds left.\n|inactive|korean noob has 30 seconds left.\n|\n|t:|1773216865\n|-end|p2a: Iron Hands|Quark Drive|[silent]\n|switch|p2a: Calyrex|Calyrex-Ice, L50|100/100\n|-ability|p2a: Calyrex|As One\n|-ability|p2a: Calyrex|Unnerve\n|move|p2b: Grimmsnarl|Light Screen|p2b: Grimmsnarl\n|-sidestart|p2: korean noob|move: Light Screen\n|move|p1b: Overqwil|Toxic Spikes|p2a: Calyrex\n|-sidestart|p2: korean noob|move: Toxic Spikes\n|move|p1a: Ting-Lu|Stomping Tantrum|p2a: Calyrex\n|-damage|p2a: Calyrex|78/100\n|\n|-heal|p2b: Grimmsnarl|100/100|[from] Grassy Terrain\n|-heal|p1a: Ting-Lu|88/100|[from] Grassy Terrain\n|-heal|p2a: Calyrex|84/100|[from] Grassy Terrain\n|-heal|p2a: Calyrex|89/100|[from] item: Leftovers\n|upkeep\n|turn|4\n|\n|t:|1773216883\n|switch|p1a: Calyrex|Calyrex-Ice, L50|100/100\n|-ability|p1a: Calyrex|As One\n|-ability|p1a: Calyrex|Unnerve\n|move|p1b: Overqwil|Toxic Spikes|p2b: Grimmsnarl\n|-sidestart|p2: korean noob|move: Toxic Spikes\n|move|p2b: Grimmsnarl|Spirit Break|p1a: Calyrex\n|-damage|p1a: Calyrex|89/100\n|-unboost|p1a: Calyrex|spa|1\n|move|p2a: Calyrex|Trick Room|p2a: Calyrex\n|-fieldstart|move: Trick Room|[of] p2a: Calyrex\n|\n|-heal|p2a: Calyrex|95/100|[from] Grassy Terrain\n|-heal|p2a: Calyrex|100/100|[from] item: Leftovers\n|-heal|p1a: Calyrex|95/100|[from] Grassy Terrain\n|-heal|p1a: Calyrex|100/100|[from] item: Leftovers\n|upkeep\n|turn|5\n|inactive|drive stone has 30 seconds left.\n|\n|t:|1773216914\n|move|p2a: Calyrex|Glacial Lance|p1b: Overqwil|[spread] p1a,p1b\n|-resisted|p1a: Calyrex\n|-damage|p1a: Calyrex|85/100\n|-damage|p1b: Overqwil|47/100\n|move|p1a: Calyrex|Leech Seed|p2a: Calyrex\n|-start|p2a: Calyrex|move: Leech Seed\n|move|p2b: Grimmsnarl|Spirit Break|p1a: Calyrex\n|-damage|p1a: Calyrex|74/100\n|-unboost|p1a: Calyrex|spa|1\n|move|p1b: Overqwil|Barb Barrage|p2b: Grimmsnarl\n|-supereffective|p2b: Grimmsnarl\n|-damage|p2b: Grimmsnarl|67/100\n|\n|-heal|p1a: Calyrex|80/100|[from] Grassy Terrain\n|-heal|p1a: Calyrex|86/100|[from] item: Leftovers\n|-heal|p2b: Grimmsnarl|73/100|[from] Grassy Terrain\n|-heal|p1b: Overqwil|54/100|[from] Grassy Terrain\n|-heal|p1b: Overqwil|60/100|[from] item: Black Sludge\n|-damage|p2a: Calyrex|88/100|[from] Leech Seed|[of] p1a: Calyrex\n|-heal|p1a: Calyrex|98/100|[silent]\n|-fieldend|move: Grassy Terrain\n|upkeep\n|turn|6\n|\n|t:|1773216937\n|move|p1b: Overqwil|Protect|p1b: Overqwil\n|-singleturn|p1b: Overqwil|Protect\n|move|p2a: Calyrex|Glacial Lance|p1b: Overqwil|[spread] p1a\n|-activate|p1b: Overqwil|move: Protect\n|-resisted|p1a: Calyrex\n|-damage|p1a: Calyrex|81/100\n|move|p1a: Calyrex|Leech Seed|p2b: Grimmsnarl\n|-start|p2b: Grimmsnarl|move: Leech Seed\n|move|p2b: Grimmsnarl|Spirit Break|p1b: Overqwil\n|-activate|p1b: Overqwil|move: Protect\n|\n|-heal|p2a: Calyrex|94/100|[from] item: Leftovers\n|-heal|p1a: Calyrex|87/100|[from] item: Leftovers\n|-heal|p1b: Overqwil|66/100|[from] item: Black Sludge\n|-damage|p2a: Calyrex|82/100|[from] Leech Seed|[of] p1a: Calyrex\n|-heal|p1a: Calyrex|99/100|[silent]\n|-damage|p2b: Grimmsnarl|60/100|[from] Leech Seed|[of] p1a: Calyrex\n|-heal|p1a: Calyrex|100/100|[silent]\n|upkeep\n|turn|7\n|\n|t:|1773216957\n|move|p2a: Calyrex|Glacial Lance|p1a: Calyrex|[spread] p1a,p1b\n|-resisted|p1a: Calyrex\n|-damage|p1a: Calyrex|86/100\n|-damage|p1b: Overqwil|11/100\n|move|p1a: Calyrex|Glacial Lance|p2a: Calyrex|[spread] p2a,p2b\n|-resisted|p2a: Calyrex\n|-damage|p2a: Calyrex|72/100\n|-damage|p2b: Grimmsnarl|29/100\n|move|p2b: Grimmsnarl|Spirit Break|p1b: Overqwil\n|-damage|p1b: Overqwil|0 fnt\n|faint|p1b: Overqwil\n|\n|-heal|p2a: Calyrex|78/100|[from] item: Leftovers\n|-heal|p1a: Calyrex|91/100|[from] item: Leftovers\n|-damage|p2a: Calyrex|66/100|[from] Leech Seed|[of] p1a: Calyrex\n|-heal|p1a: Calyrex|100/100|[silent]\n|-damage|p2b: Grimmsnarl|17/100|[from] Leech Seed|[of] p1a: Calyrex\n|upkeep\n|\n|t:|1773216977\n|switch|p1b: Rillaboom|Rillaboom, L50, M|90/100\n|-fieldstart|move: Grassy Terrain|[from] ability: Grassy Surge|[of] p1b: Rillaboom\n|turn|8\n|\n|t:|1773216989\n|move|p1b: Rillaboom|Fake Out|p2a: Calyrex\n|-damage|p2a: Calyrex|60/100\n|move|p2b: Grimmsnarl|Parting Shot|p1a: Calyrex\n|-unboost|p1a: Calyrex|atk|1\n|-unboost|p1a: Calyrex|spa|1\n|\n|t:|1773216992\n|switch|p2b: Iron Hands|Iron Hands, L50|16/100|[from] Parting Shot\n|-status|p2b: Iron Hands|tox\n|cant|p2a: Calyrex|flinch\n|move|p1a: Calyrex|Glacial Lance|p2b: Iron Hands|[spread] p2a,p2b\n|-resisted|p2a: Calyrex\n|-damage|p2a: Calyrex|54/100\n|-damage|p2b: Iron Hands|3/100 tox\n|\n|-heal|p2a: Calyrex|59/100|[from] Grassy Terrain\n|-heal|p2a: Calyrex|65/100|[from] item: Leftovers\n|-heal|p2b: Iron Hands|9/100 tox|[from] Grassy Terrain\n|-heal|p1b: Rillaboom|96/100|[from] Grassy Terrain\n|-damage|p2a: Calyrex|53/100|[from] Leech Seed|[of] p1a: Calyrex\n|-damage|p2b: Iron Hands|3/100 tox|[from] psn\n|-sideend|p2: korean noob|Reflect\n|-fieldend|move: Trick Room\n|upkeep\n|turn|9\n|inactive|drive stone has 30 seconds left.\n|\n|t:|1773217018\n|switch|p1b: Ting-Lu|Ting-Lu, L50|88/100\n|-ability|p1b: Ting-Lu|Vessel of Ruin\n|move|p2a: Calyrex|Protect|p2a: Calyrex\n|-singleturn|p2a: Calyrex|Protect\n|move|p2b: Iron Hands|Drain Punch|p1b: Ting-Lu\n|-supereffective|p1b: Ting-Lu\n|-damage|p1b: Ting-Lu|31/100\n|-heal|p2b: Iron Hands|28/100 tox|[from] drain|[of] p1b: Ting-Lu\n|move|p1a: Calyrex|Glacial Lance|p2b: Iron Hands|[spread] p2b\n|-activate|p2a: Calyrex|move: Protect\n|-damage|p2b: Iron Hands|6/100 tox\n|\n|-heal|p2b: Iron Hands|12/100 tox|[from] Grassy Terrain\n|-heal|p1b: Ting-Lu|37/100|[from] Grassy Terrain\n|-heal|p2a: Calyrex|59/100|[from] Grassy Terrain\n|-heal|p2a: Calyrex|65/100|[from] item: Leftovers\n|-damage|p2a: Calyrex|53/100|[from] Leech Seed|[of] p1a: Calyrex\n|-damage|p2b: Iron Hands|0 fnt|[from] psn\n|faint|p2b: Iron Hands\n|-end|p2b: Iron Hands|Quark Drive|[silent]\n|upkeep\n|\n|t:|1773217035\n|switch|p2b: Miraidon|Miraidon, L50|100/100\n|-status|p2b: Miraidon|tox\n|-fieldstart|move: Electric Terrain|[from] ability: Hadron Engine|[of] p2b: Miraidon\n|turn|10\n|\n|t:|1773217049\n|switch|p1b: Rillaboom|Rillaboom, L50, M|96/100\n|-fieldstart|move: Grassy Terrain|[from] ability: Grassy Surge|[of] p1b: Rillaboom\n|move|p2b: Miraidon|Draco Meteor|p1a: Calyrex\n|-damage|p1a: Calyrex|61/100\n|-unboost|p2b: Miraidon|spa|2\n|move|p1a: Calyrex|Glacial Lance|p2b: Miraidon|[spread] p2a,p2b\n|-resisted|p2a: Calyrex\n|-supereffective|p2b: Miraidon\n|-damage|p2a: Calyrex|44/100\n|-damage|p2b: Miraidon|39/100 tox\n|move|p2a: Calyrex|Glacial Lance|p1a: Calyrex|[spread] p1a,p1b\n|-resisted|p1a: Calyrex\n|-supereffective|p1b: Rillaboom\n|-damage|p1a: Calyrex|45/100\n|-damage|p1b: Rillaboom|0 fnt\n|faint|p1b: Rillaboom\n|-ability|p2a: Calyrex|Chilling Neigh|boost\n|-boost|p2a: Calyrex|atk|1\n|\n|-heal|p2b: Miraidon|44/100 tox|[from] Grassy Terrain\n|-heal|p1a: Calyrex|51/100|[from] Grassy Terrain\n|-heal|p1a: Calyrex|57/100|[from] item: Leftovers\n|-heal|p2a: Calyrex|50/100|[from] Grassy Terrain\n|-heal|p2a: Calyrex|56/100|[from] item: Leftovers\n|-damage|p2a: Calyrex|43/100|[from] Leech Seed|[of] p1a: Calyrex\n|-heal|p1a: Calyrex|69/100|[silent]\n|-damage|p2b: Miraidon|39/100 tox|[from] psn\n|-sideend|p2: korean noob|move: Light Screen\n|upkeep\n|inactive|drive stone has 30 seconds left.\n|\n|t:|1773217078\n|switch|p1b: Ting-Lu|Ting-Lu, L50|37/100\n|-ability|p1b: Ting-Lu|Vessel of Ruin\n|turn|11\n|\n|t:|1773217086\n|switch|p2b: Grimmsnarl|Grimmsnarl, L50, M|17/100\n|-status|p2b: Grimmsnarl|tox\n|move|p1a: Calyrex|Glacial Lance|p2b: Grimmsnarl|[spread] p2a,p2b\n|-resisted|p2a: Calyrex\n|-damage|p2a: Calyrex|35/100\n|-damage|p2b: Grimmsnarl|0 fnt\n|faint|p2b: Grimmsnarl\n|-ability|p1a: Calyrex|Chilling Neigh|boost\n|-boost|p1a: Calyrex|atk|1\n|move|p1b: Ting-Lu|Throat Chop|p2a: Calyrex\n|-supereffective|p2a: Calyrex\n|-damage|p2a: Calyrex|0 fnt\n|faint|p2a: Calyrex\n|\n|-heal|p1a: Calyrex|74/100|[from] Grassy Terrain\n|-heal|p1a: Calyrex|80/100|[from] item: Leftovers\n|-heal|p1b: Ting-Lu|43/100|[from] Grassy Terrain\n|upkeep\n|\n|t:|1773217098\n|switch|p2b: Miraidon|Miraidon, L50|39/100 tox\n|-fieldstart|move: Electric Terrain|[from] ability: Hadron Engine|[of] p2b: Miraidon\n|turn|12\n|\n|t:|1773217110\n|-terastallize|p2b: Miraidon|Electric\n|move|p2b: Miraidon|Electro Drift|p1a: Calyrex\n|-damage|p1a: Calyrex|21/100\n|move|p1a: Calyrex|Glacial Lance|p2b: Miraidon\n|-damage|p2b: Miraidon|0 fnt\n|faint|p2b: Miraidon\n|\n|win|drive stone\n|raw|drive stone's rating: 1522 &rarr; <strong>1537</strong><br />(+15 for winning)\n|raw|korean noob's rating: 1428 &rarr; <strong>1413</strong><br />(-15 for losing)\n|l|\u2606korean noob\n|player|p2|\n|l|\u2606drive stone\n|player|p1|\n|j|\u2606drive stone\n|player|p1|drive stone|cilan|\n|l|\u2606drive stone\n|player|p1|\n","uploadtime":1773217377,"views":14,"formatid":"gen9vgc2026regi","rating":1413,"private":0,"password":null}