{"id":"gen9vgc2026regi-2580168778","format":"[Gen 9] VGC 2026 Reg I","players":["Twagston","jpto5"],"log":"|j|\u2606Twagston\n|j|\u2606jpto5\n|t:|1775860979\n|gametype|doubles\n|player|p1|Twagston|2|1417\n|player|p2|jpto5|102|1436\n|gen|9\n|tier|[Gen 9] VGC 2026 Reg I\n|rated|\n|rule|Species Clause: Limit one of each Pok\u00e9mon\n|rule|Item Clause: Limit 1 of each item\n|clearpoke\n|poke|p1|Lunala, L50|\n|poke|p1|Groudon, L50|\n|poke|p1|Whimsicott, L50, M|\n|poke|p1|Raging Bolt, L50|\n|poke|p1|Entei, L50|\n|poke|p1|Kingambit, L50, M|\n|poke|p2|Tornadus, L50, M|\n|poke|p2|Kyogre, L50|\n|poke|p2|Zacian-*, L50|\n|poke|p2|Basculegion, L50, M|\n|poke|p2|Incineroar, L50, M|\n|poke|p2|Archaludon, L50, M|\n|teampreview|4\n|inactive|Battle timer is ON: inactive players will automatically lose when time's up. (requested by jpto5)\n|\n|t:|1775861007\n|teamsize|p1|4\n|teamsize|p2|4\n|start\n|switch|p1a: Mostly Harmless|Whimsicott, L50, M|100/100\n|switch|p1b: Nightlight|Lunala, L50|100/100\n|switch|p2a: Tornadus|Tornadus, L50, M|100/100\n|switch|p2b: Kyogre|Kyogre, L50|100/100\n|-weather|RainDance|[from] ability: Drizzle|[of] p2b: Kyogre\n|turn|1\n|\n|t:|1775861025\n|-terastallize|p1b: Nightlight|Fairy\n|move|p1a: Mostly Harmless|Tailwind|p1a: Mostly Harmless\n|-sidestart|p1: Twagston|move: Tailwind\n|move|p2a: Tornadus|Taunt|p1a: Mostly Harmless\n|-start|p1a: Mostly Harmless|move: Taunt\n|move|p1b: Nightlight|Dazzling Gleam|p2b: Kyogre|[spread] p2a,p2b\n|-damage|p2a: Tornadus|21/100\n|-damage|p2b: Kyogre|74/100\n|move|p2b: Kyogre|Water Spout|p1a: Mostly Harmless|[spread] p1a,p1b\n|-resisted|p1a: Mostly Harmless\n|-enditem|p1a: Mostly Harmless|Focus Sash\n|-damage|p1a: Mostly Harmless|1/100\n|-damage|p1b: Nightlight|68/100\n|\n|-weather|RainDance|[upkeep]\n|upkeep\n|turn|2\n|\n|t:|1775861044\n|move|p2a: Tornadus|Tailwind|p2a: Tornadus\n|-sidestart|p2: jpto5|move: Tailwind\n|move|p1a: Mostly Harmless|Endeavor|p2b: Kyogre\n|-damage|p2b: Kyogre|1/100\n|move|p1b: Nightlight|Dazzling Gleam|p2a: Tornadus|[spread] p2a,p2b\n|-damage|p2a: Tornadus|0 fnt\n|-damage|p2b: Kyogre|0 fnt\n|faint|p2a: Tornadus\n|faint|p2b: Kyogre\n|\n|-weather|RainDance|[upkeep]\n|upkeep\n|\n|t:|1775861053\n|switch|p2a: Basculegion|Basculegion, L50, M|100/100\n|switch|p2b: Zacian|Zacian-Crowned, L50|100/100\n|-ability|p2b: Zacian|Intrepid Sword|boost\n|-boost|p2b: Zacian|atk|1\n|turn|3\n|\n|t:|1775861075\n|move|p2a: Basculegion|Last Respects|p1a: Mostly Harmless\n|-damage|p1a: Mostly Harmless|0 fnt\n|faint|p1a: Mostly Harmless\n|-damage|p2a: Basculegion|91/100|[from] item: Life Orb\n|move|p2b: Zacian|Behemoth Blade|p1b: Nightlight\n|-supereffective|p1b: Nightlight\n|-damage|p1b: Nightlight|0 fnt\n|faint|p1b: Nightlight\n|\n|-weather|RainDance|[upkeep]\n|upkeep\n|\n|t:|1775861085\n|switch|p1a: Sunny Bunny|Groudon, L50|100/100\n|switch|p1b: Giraffecat|Raging Bolt, L50|100/100\n|-weather|SunnyDay|[from] ability: Drought|[of] p1a: Sunny Bunny\n|-activate|p1b: Giraffecat|ability: Protosynthesis\n|-start|p1b: Giraffecat|protosynthesisspa\n|turn|4\n|inactive|Twagston has 30 seconds left.\n|\n|t:|1775861114\n|move|p2a: Basculegion|Protect|p2a: Basculegion\n|-singleturn|p2a: Basculegion|Protect\n|move|p2b: Zacian|Play Rough|p1b: Giraffecat\n|-supereffective|p1b: Giraffecat\n|-damage|p1b: Giraffecat|0 fnt\n|faint|p1b: Giraffecat\n|-end|p1b: Giraffecat|Protosynthesis|[silent]\n|move|p1a: Sunny Bunny|Precipice Blades|p2a: Basculegion|[spread] p2b\n|-activate|p2a: Basculegion|move: Protect\n|-supereffective|p2b: Zacian\n|-damage|p2b: Zacian|0 fnt\n|faint|p2b: Zacian\n|\n|-weather|SunnyDay|[upkeep]\n|-sideend|p1: Twagston|move: Tailwind\n|upkeep\n|turn|5\n|\n|t:|1775861135\n|move|p2a: Basculegion|Last Respects|p1a: Sunny Bunny\n|-damage|p1a: Sunny Bunny|9/100\n|-damage|p2a: Basculegion|81/100|[from] item: Life Orb\n|move|p1a: Sunny Bunny|Precipice Blades|p2a: Basculegion\n|-damage|p2a: Basculegion|0 fnt\n|faint|p2a: Basculegion\n|\n|win|Twagston\n|raw|Twagston's rating: 1417 &rarr; <strong>1438</strong><br />(+21 for winning)\n|raw|jpto5's rating: 1436 &rarr; <strong>1415</strong><br />(-21 for losing)\n|l|\u2606jpto5\n|player|p2|\n|l|\u2606Twagston\n|player|p1|\n","uploadtime":1775861369,"views":13,"formatid":"gen9vgc2026regi","rating":1415,"private":0,"password":null}