{"id":"gen9vgc2026regi-2561654205","format":"[Gen 9] VGC 2026 Reg I","players":["TheManOfSausage","PATRIOTS_VG"],"log":"|j|\u2606TheManOfSausage\n|j|\u2606PATRIOTS_VG\n|t:|1773828443\n|gametype|doubles\n|player|p1|TheManOfSausage|miku-water|1496\n|player|p2|PATRIOTS_VG|drayden|1583\n|gen|9\n|tier|[Gen 9] VGC 2026 Reg I\n|rated|\n|rule|Species Clause: Limit one of each Pok\u00e9mon\n|rule|Item Clause: Limit 1 of each item\n|clearpoke\n|poke|p1|Kyogre, L50|\n|poke|p1|Miraidon, L50|\n|poke|p1|Urshifu-*, L50, M|\n|poke|p1|Tornadus, L50, M|\n|poke|p1|Farigiraf, L50, F|\n|poke|p1|Iron Hands, L50|\n|poke|p2|Kyogre, L50|\n|poke|p2|Rillaboom, L50, M|\n|poke|p2|Urshifu-*, L50, F|\n|poke|p2|Flutter Mane, L50|\n|poke|p2|Calyrex-Ice, L50|\n|poke|p2|Amoonguss, L50, M|\n|teampreview|4\nTheManOfSausage has agreed to open team sheets.\n|\n|t:|1773828478\n|teamsize|p1|4\n|teamsize|p2|4\n|start\n|switch|p1a: Tornadus|Tornadus, L50, M|100/100\n|switch|p1b: Kyogre|Kyogre, L50|100/100\n|switch|p2a: Calyrex|Calyrex-Ice, L50|100/100\n|switch|p2b: Rillaboom|Rillaboom, L50, M|100/100\n|-ability|p2a: Calyrex|As One\n|-ability|p2a: Calyrex|Unnerve\n|-weather|RainDance|[from] ability: Drizzle|[of] p1b: Kyogre\n|-fieldstart|move: Grassy Terrain|[from] ability: Grassy Surge|[of] p2b: Rillaboom\n|turn|1\n|\n|t:|1773828489\n|move|p1b: Kyogre|Protect|p1b: Kyogre\n|-singleturn|p1b: Kyogre|Protect\n|move|p2a: Calyrex|Protect|p2a: Calyrex\n|-singleturn|p2a: Calyrex|Protect\n|move|p1a: Tornadus|Taunt|p2a: Calyrex\n|-activate|p2a: Calyrex|move: Protect\n|move|p2b: Rillaboom|U-turn|p1b: Kyogre\n|-activate|p1b: Kyogre|move: Protect\n|\n|-weather|RainDance|[upkeep]\n|upkeep\n|turn|2\n|\n|t:|1773828502\n|switch|p1a: Magical Mirai|Miraidon, L50|100/100\n|-fieldstart|move: Electric Terrain|[from] ability: Hadron Engine|[of] p1a: Magical Mirai\n|-terastallize|p1b: Kyogre|Water\n|move|p1b: Kyogre|Water Spout|p2b: Rillaboom|[spread] p2a,p2b\n|-resisted|p2b: Rillaboom\n|-damage|p2a: Calyrex|0 fnt\n|-damage|p2b: Rillaboom|47/100\n|faint|p2a: Calyrex\n|move|p2b: Rillaboom|Grassy Glide|p1b: Kyogre\n|-supereffective|p1b: Kyogre\n|-damage|p1b: Kyogre|38/100\n|\n|-weather|RainDance|[upkeep]\n|upkeep\n|\n|t:|1773828512\n|switch|p2a: Amoonguss|Amoonguss, L50, M|100/100\n|turn|3\n|\n|t:|1773828525\n|switch|p2b: Kyogre|Kyogre, L50|100/100\n|move|p2a: Amoonguss|Rage Powder|p2a: Amoonguss\n|-singleturn|p2a: Amoonguss|move: Rage Powder\n|move|p1a: Magical Mirai|Volt Switch|p2a: Amoonguss\n|-resisted|p2a: Amoonguss\n|-damage|p2a: Amoonguss|59/100\n|\n|t:|1773828531\n|switch|p1a: Tornadus|Tornadus, L50, M|100/100|[from] Volt Switch\n|move|p1b: Kyogre|Origin Pulse|p2b: Kyogre|[spread] p2b\n|-miss|p1b: Kyogre|p2a: Amoonguss\n|-resisted|p2b: Kyogre\n|-damage|p2b: Kyogre|53/100\n|\n|-weather|RainDance|[upkeep]\n|upkeep\n|turn|4\n|j| Jerald Jimes\n|\n|t:|1773828541\n|move|p2a: Amoonguss|Rage Powder|p2a: Amoonguss\n|-singleturn|p2a: Amoonguss|move: Rage Powder\n|move|p1a: Tornadus|Bleakwind Storm|p2b: Kyogre|[spread] p2a,p2b\n|-supereffective|p2a: Amoonguss\n|-damage|p2a: Amoonguss|0 fnt\n|-damage|p2b: Kyogre|28/100\n|faint|p2a: Amoonguss\n|move|p1b: Kyogre|Origin Pulse|p2b: Kyogre\n|-resisted|p2b: Kyogre\n|-damage|p2b: Kyogre|0 fnt\n|faint|p2b: Kyogre\n|\n|-weather|RainDance|[upkeep]\n|upkeep\n|\n|t:|1773828547\n|switch|p2b: Rillaboom|Rillaboom, L50, M|47/100\n|-fieldstart|move: Grassy Terrain|[from] ability: Grassy Surge|[of] p2b: Rillaboom\n|turn|5\n|-message|PATRIOTS_VG forfeited.\n|\n|win|TheManOfSausage\n|raw|TheManOfSausage's rating: 1496 &rarr; <strong>1521</strong><br />(+25 for winning)\n|raw|PATRIOTS_VG's rating: 1583 &rarr; <strong>1558</strong><br />(-25 for losing)\n|c|\u2606TheManOfSausage|gg\n|l|\u2606PATRIOTS_VG\n|player|p2|\n","uploadtime":1773828745,"views":15,"formatid":"gen9vgc2026regi","rating":1521,"private":0,"password":null}