{"id":"gen9vgc2026regi-2566905552","format":"[Gen 9] VGC 2026 Reg I","players":["Galact7adi","chrisjhall13"],"log":"|j|\u2606Galact7adi\n|j|\u2606chrisjhall13\n|t:|1774427686\n|gametype|doubles\n|player|p1|Galact7adi|266|1478\n|player|p2|chrisjhall13|dawn|1460\n|gen|9\n|tier|[Gen 9] VGC 2026 Reg I\n|rated|\n|rule|Species Clause: Limit one of each Pok\u00e9mon\n|rule|Item Clause: Limit 1 of each item\n|clearpoke\n|poke|p1|Miraidon, L50|\n|poke|p1|Calyrex-Ice, L50|\n|poke|p1|Farigiraf, L50, F|\n|poke|p1|Iron Hands, L50|\n|poke|p1|Incineroar, L50, F|\n|poke|p1|Smeargle, L50, M|\n|poke|p2|Zamazenta-*, L50|\n|poke|p2|Miraidon, L50|\n|poke|p2|Volcarona, L50, M|\n|poke|p2|Chien-Pao, L50|\n|poke|p2|Rillaboom, L50, M|\n|poke|p2|Incineroar, L50, F|\n|teampreview|4\n|inactive|Battle timer is ON: inactive players will automatically lose when time's up. (requested by Galact7adi)\n|inactive|Galact7adi has 60 seconds left.\n|inactive|chrisjhall13 has 60 seconds left.\n|\n|t:|1774427723\n|teamsize|p1|4\n|teamsize|p2|4\n|start\n|switch|p1a: Incineroar|Incineroar, L50, F|100/100\n|switch|p1b: Miraidon|Miraidon, L50|100/100\n|switch|p2a: Miraidon|Miraidon, L50|100/100\n|switch|p2b: Volcarona|Volcarona, L50, M|100/100\n|-fieldstart|move: Electric Terrain|[from] ability: Hadron Engine|[of] p2a: Miraidon\n|-enditem|p2b: Volcarona|Electric Seed\n|-boost|p2b: Volcarona|def|1|[from] item: Electric Seed\n|-activate|p1b: Miraidon|ability: Hadron Engine\n|-ability|p1a: Incineroar|Intimidate|boost\n|-unboost|p2a: Miraidon|atk|1\n|-unboost|p2b: Volcarona|atk|1\n|turn|1\n|inactive|Galact7adi has 30 seconds left.\n|\n|t:|1774427754\n|switch|p2a: Chien-Pao|Chien-Pao, L50|100/100\n|-ability|p2a: Chien-Pao|Sword of Ruin\n|move|p1a: Incineroar|Fake Out|p2a: Chien-Pao\n|-damage|p2a: Chien-Pao|87/100\n|move|p1b: Miraidon|Electro Drift|p2b: Volcarona\n|-damage|p2b: Volcarona|0 fnt\n|-status|p1b: Miraidon|brn|[from] ability: Flame Body|[of] p2b: Volcarona\n|faint|p2b: Volcarona\n|\n|-damage|p1b: Miraidon|95/100 brn|[from] brn\n|upkeep\n|\n|t:|1774427779\n|switch|p2b: Miraidon|Miraidon, L50|100/100\n|-activate|p2b: Miraidon|ability: Hadron Engine\n|turn|2\n|\n|t:|1774427787\n|switch|p1b: Farigiraf|Farigiraf, L50, F|100/100\n|-enditem|p1b: Farigiraf|Electric Seed\n|-boost|p1b: Farigiraf|def|1|[from] item: Electric Seed\n|move|p2a: Chien-Pao|Protect|p2a: Chien-Pao\n|-singleturn|p2a: Chien-Pao|Protect\n|move|p2b: Miraidon|Draco Meteor|p1b: Farigiraf\n|-crit|p1b: Farigiraf\n|-damage|p1b: Farigiraf|0 fnt\n|-unboost|p2b: Miraidon|spa|2\n|faint|p1b: Farigiraf\n|move|p1a: Incineroar|Will-O-Wisp|p2a: Chien-Pao\n|-activate|p2a: Chien-Pao|move: Protect\n|\n|upkeep\n|\n|t:|1774427797\n|switch|p1b: Miraidon|Miraidon, L50|95/100 brn\n|-activate|p1b: Miraidon|ability: Hadron Engine\n|turn|3\n|\n|t:|1774427816\n|switch|p2b: Zamazenta|Zamazenta-Crowned, L50|100/100\n|-ability|p2b: Zamazenta|Dauntless Shield|boost\n|-boost|p2b: Zamazenta|def|1\n|-terastallize|p1b: Miraidon|Fairy\n|move|p1b: Miraidon|Dazzling Gleam|p2b: Zamazenta|[spread] p2a,p2b\n|-supereffective|p2a: Chien-Pao\n|-damage|p2a: Chien-Pao|0 fnt\n|-damage|p2b: Zamazenta|59/100\n|faint|p2a: Chien-Pao\n|move|p1a: Incineroar|Will-O-Wisp|p2b: Zamazenta\n|-status|p2b: Zamazenta|brn\n|\n|-damage|p1b: Miraidon|89/100 brn|[from] brn\n|-damage|p2b: Zamazenta|53/100 brn|[from] brn\n|upkeep\n|\n|t:|1774427824\n|switch|p2a: Miraidon|Miraidon, L50|100/100\n|-activate|p2a: Miraidon|ability: Hadron Engine\n|turn|4\n|\n|t:|1774427833\n|switch|p1b: Calyrex|Calyrex-Ice, L50|100/100\n|-ability|p1b: Calyrex|As One\n|-ability|p1b: Calyrex|Unnerve\n|-terastallize|p2a: Miraidon|Electric\n|move|p2a: Miraidon|Electro Drift|p1b: Calyrex\n|-damage|p1b: Calyrex|21/100\n|move|p2b: Zamazenta|Body Press|p1a: Incineroar\n|-supereffective|p1a: Incineroar\n|-damage|p1a: Incineroar|46/100\n|-damage|p2b: Zamazenta|36/100 brn|[from] item: Rocky Helmet|[of] p1a: Incineroar\n|move|p1a: Incineroar|Parting Shot|p2a: Miraidon\n|-unboost|p2a: Miraidon|atk|1\n|-unboost|p2a: Miraidon|spa|1\n|\n|t:|1774427843\n|switch|p1a: Miraidon|Miraidon, L50, tera:Fairy|89/100 brn|[from] Parting Shot\n|-activate|p1a: Miraidon|ability: Hadron Engine\n|\n|-heal|p1b: Calyrex|27/100|[from] item: Leftovers\n|-damage|p1a: Miraidon|83/100 brn|[from] brn\n|-damage|p2b: Zamazenta|30/100 brn|[from] brn\n|upkeep\n|turn|5\n|\n|t:|1774427854\n|move|p2a: Miraidon|Electro Drift|p1a: Miraidon\n|-damage|p1a: Miraidon|2/100 brn\n|move|p1a: Miraidon|Volt Switch|p2b: Zamazenta\n|-damage|p2b: Zamazenta|0 fnt\n|faint|p2b: Zamazenta\n|\n|t:|1774427860\n|switch|p1a: Incineroar|Incineroar, L50, F|46/100|[from] Volt Switch\n|-ability|p1a: Incineroar|Intimidate|boost\n|-unboost|p2a: Miraidon|atk|1\n|move|p1b: Calyrex|Leech Seed|p2a: Miraidon\n|-start|p2a: Miraidon|move: Leech Seed\n|\n|-heal|p1b: Calyrex|33/100|[from] item: Leftovers\n|-damage|p2a: Miraidon|88/100|[from] Leech Seed|[of] p1b: Calyrex\n|-heal|p1b: Calyrex|44/100|[silent]\n|-fieldend|move: Electric Terrain\n|upkeep\n|turn|6\n|-message|chrisjhall13 forfeited.\n|\n|win|Galact7adi\n|raw|Galact7adi's rating: 1478 &rarr; <strong>1497</strong><br />(+19 for winning)\n|raw|chrisjhall13's rating: 1460 &rarr; <strong>1441</strong><br />(-19 for losing)\n|l|\u2606chrisjhall13\n|player|p2|\n|l|\u2606Galact7adi\n|player|p1|\n","uploadtime":1774428089,"views":16,"formatid":"gen9vgc2026regi","rating":1441,"private":0,"password":null}