{"id":"gen9vgc2026regi-2535365456","format":"[Gen 9] VGC 2026 Reg I","players":["mikachu83983","j0l0k0"],"log":"|j|\u2606mikachu83983\n|j|\u2606j0l0k0\n|t:|1770558789\n|gametype|doubles\n|player|p1|mikachu83983|brock|1472\n|player|p2|j0l0k0|brycen|1493\n|gen|9\n|tier|[Gen 9] VGC 2026 Reg I\n|rated|\n|rule|Species Clause: Limit one of each Pok\u00e9mon\n|rule|Item Clause: Limit 1 of each item\n|clearpoke\n|poke|p1|Koraidon, L50|\n|poke|p1|Calyrex-Shadow, L50|\n|poke|p1|Scream Tail, L50|\n|poke|p1|Amoonguss, L50, F|\n|poke|p1|Flutter Mane, L50|\n|poke|p1|Incineroar, L50, F|\n|poke|p2|Calyrex-Ice, L50|\n|poke|p2|Kyogre, L50|\n|poke|p2|Indeedee-F, L50, F|\n|poke|p2|Urshifu-*, L50, F|\n|poke|p2|Amoonguss, L50, F|\n|poke|p2|Landorus, L50, M|\n|teampreview|4\n|inactive|Battle timer is ON: inactive players will automatically lose when time's up. (requested by j0l0k0)\n|inactive|mikachu83983 has 60 seconds left.\n|inactive|j0l0k0 has 60 seconds left.\n|\n|t:|1770558846\n|teamsize|p1|4\n|teamsize|p2|4\n|start\n|switch|p1a: Spectral Stallion|Calyrex-Shadow, L50|100/100\n|switch|p1b: Hypnotic Hyphae|Amoonguss, L50, F, shiny|100/100\n|switch|p2a: Indeedee|Indeedee-F, L50, F, shiny|100/100\n|switch|p2b: Calyrex|Calyrex-Ice, L50|100/100\n|-ability|p1a: Spectral Stallion|As One\n|-ability|p1a: Spectral Stallion|Unnerve\n|-ability|p2b: Calyrex|As One\n|-ability|p2b: Calyrex|Unnerve\n|-fieldstart|move: Psychic Terrain|[from] ability: Psychic Surge|[of] p2a: Indeedee\n|turn|1\n|\n|t:|1770558868\n|switch|p1b: Wolfey's Wrestler|Incineroar, L50, F|100/100\n|-ability|p1b: Wolfey's Wrestler|Intimidate|boost\n|-unboost|p2a: Indeedee|atk|1\n|-fail|p2b: Calyrex|unboost|[from] item: Clear Amulet|[of] p2b: Calyrex\n|-terastallize|p1a: Spectral Stallion|Water\n|-terastallize|p2b: Calyrex|Normal\n|move|p1a: Spectral Stallion|Pollen Puff|p2a: Indeedee\n|-supereffective|p2a: Indeedee\n|-damage|p2a: Indeedee|43/100\n|move|p2b: Calyrex|Glacial Lance|p1a: Spectral Stallion|[spread] p1a,p1b\n|-resisted|p1a: Spectral Stallion\n|-resisted|p1b: Wolfey's Wrestler\n|-damage|p1a: Spectral Stallion|67/100\n|-damage|p1b: Wolfey's Wrestler|77/100\n|move|p2a: Indeedee|Trick Room|p2a: Indeedee\n|-fieldstart|move: Trick Room|[of] p2a: Indeedee\n|\n|upkeep\n|turn|2\n|\n|t:|1770558886\n|move|p2a: Indeedee|Follow Me|p2a: Indeedee\n|-singleturn|p2a: Indeedee|move: Follow Me\n|move|p2b: Calyrex|Close Combat|p1b: Wolfey's Wrestler\n|-supereffective|p1b: Wolfey's Wrestler\n|-damage|p1b: Wolfey's Wrestler|0 fnt\n|-unboost|p2b: Calyrex|def|1\n|-unboost|p2b: Calyrex|spd|1\n|faint|p1b: Wolfey's Wrestler\n|-ability|p2b: Calyrex|Chilling Neigh|boost\n|-boost|p2b: Calyrex|atk|1\n|move|p1a: Spectral Stallion|Pollen Puff|p2a: Indeedee\n|-supereffective|p2a: Indeedee\n|-damage|p2a: Indeedee|0 fnt\n|faint|p2a: Indeedee\n|-ability|p1a: Spectral Stallion|Grim Neigh|boost\n|-boost|p1a: Spectral Stallion|spa|1\n|\n|upkeep\n|\n|t:|1770558895\n|switch|p1b: Hypnotic Hyphae|Amoonguss, L50, F, shiny|100/100\n|switch|p2a: Kyogre|Kyogre, L50, shiny|100/100\n|-weather|RainDance|[from] ability: Drizzle|[of] p2a: Kyogre\n|turn|3\n|\n|t:|1770558917\n|move|p1b: Hypnotic Hyphae|Spore|p2b: Calyrex\n|-status|p2b: Calyrex|slp|[from] move: Spore\n|cant|p2b: Calyrex|slp\n|move|p2a: Kyogre|Thunder|p1a: Spectral Stallion\n|-supereffective|p1a: Spectral Stallion\n|-damage|p1a: Spectral Stallion|0 fnt\n|faint|p1a: Spectral Stallion\n|\n|-weather|RainDance|[upkeep]\n|upkeep\n|\n|t:|1770558924\n|switch|p1a: Primal Predator|Koraidon, L50, shiny|100/100\n|-weather|SunnyDay|[from] ability: Orichalcum Pulse|[of] p1a: Primal Predator\n|-activate|p1a: Primal Predator|Orichalcum Pulse|[source]\n|turn|4\n|\n|t:|1770558930\n|move|p1b: Hypnotic Hyphae|Spore|p2a: Kyogre\n|-status|p2a: Kyogre|slp|[from] move: Spore\n|cant|p2b: Calyrex|slp\n|cant|p2a: Kyogre|slp\n|move|p1a: Primal Predator|Close Combat|p2b: Calyrex\n|-supereffective|p2b: Calyrex\n|-damage|p2b: Calyrex|0 fnt\n|-unboost|p1a: Primal Predator|def|1\n|-unboost|p1a: Primal Predator|spd|1\n|faint|p2b: Calyrex\n|-damage|p1a: Primal Predator|91/100|[from] item: Life Orb\n|\n|-weather|SunnyDay|[upkeep]\n|upkeep\n|\n|t:|1770558936\n|switch|p2b: Urshifu|Urshifu, L50, F|100/100\n|turn|5\n|\n|t:|1770558949\n|move|p1b: Hypnotic Hyphae|Rage Powder|p1b: Hypnotic Hyphae\n|-singleturn|p1b: Hypnotic Hyphae|move: Rage Powder\n|-curestatus|p2a: Kyogre|slp|[msg]\n|move|p2a: Kyogre|Ice Beam|p1b: Hypnotic Hyphae\n|-supereffective|p1b: Hypnotic Hyphae\n|-damage|p1b: Hypnotic Hyphae|32/100\n|move|p2b: Urshifu|Close Combat|p1b: Hypnotic Hyphae\n|-resisted|p1b: Hypnotic Hyphae\n|-damage|p1b: Hypnotic Hyphae|5/100\n|-unboost|p2b: Urshifu|def|1\n|-unboost|p2b: Urshifu|spd|1\n|move|p1a: Primal Predator|Close Combat|p2a: Kyogre\n|-damage|p2a: Kyogre|0 fnt\n|-unboost|p1a: Primal Predator|def|1\n|-unboost|p1a: Primal Predator|spd|1\n|faint|p2a: Kyogre\n|-damage|p1a: Primal Predator|81/100|[from] item: Life Orb\n|\n|-weather|SunnyDay|[upkeep]\n|-fieldend|move: Trick Room\n|-fieldend|move: Psychic Terrain\n|upkeep\n|turn|6\n|inactive|mikachu83983 has 30 seconds left.\n|\n|t:|1770558979\n|move|p1a: Primal Predator|Close Combat|p2b: Urshifu\n|-supereffective|p2b: Urshifu\n|-enditem|p2b: Urshifu|Focus Sash\n|-damage|p2b: Urshifu|1/100\n|-unboost|p1a: Primal Predator|def|1\n|-unboost|p1a: Primal Predator|spd|1\n|-damage|p1a: Primal Predator|72/100|[from] item: Life Orb\n|move|p2b: Urshifu|Close Combat|p1a: Primal Predator\n|-damage|p1a: Primal Predator|0 fnt\n|-unboost|p2b: Urshifu|def|1\n|-unboost|p2b: Urshifu|spd|1\n|faint|p1a: Primal Predator\n|move|p1b: Hypnotic Hyphae|Pollen Puff|p2b: Urshifu\n|-damage|p2b: Urshifu|0 fnt\n|faint|p2b: Urshifu\n|\n|win|mikachu83983\n|raw|mikachu83983's rating: 1472 &rarr; <strong>1493</strong><br />(+21 for winning)\n|raw|j0l0k0's rating: 1493 &rarr; <strong>1472</strong><br />(-21 for losing)\n|l|\u2606j0l0k0\n|player|p2|\n|l|\u2606mikachu83983\n|player|p1|\n","uploadtime":1770559220,"views":16,"formatid":"gen9vgc2026regi","rating":1472,"private":0,"password":null}