{"id":"gen9vgc2026regi-2531736133","format":"[Gen 9] VGC 2026 Reg I","players":["inb_178","bbqsus"],"log":"|j|\u2606inb_178\n|j|\u2606bbqsus\n|t:|1770090444\n|gametype|doubles\n|player|p1|inb_178|101|1343\n|player|p2|bbqsus|brycenman|1350\n|gen|9\n|tier|[Gen 9] VGC 2026 Reg I\n|rated|\n|rule|Species Clause: Limit one of each Pok\u00e9mon\n|rule|Item Clause: Limit 1 of each item\n|clearpoke\n|poke|p1|Miraidon, L50|\n|poke|p1|Lunala, L50|\n|poke|p1|Incineroar, L50, F|\n|poke|p1|Iron Bundle, L50|\n|poke|p1|Amoonguss, L50, F|\n|poke|p1|Sneasler, L50, F|\n|poke|p2|Calyrex-Shadow, L50|\n|poke|p2|Smeargle, L50, M|\n|poke|p2|Torkoal, L50, F|\n|poke|p2|Flamigo, L50, M|\n|poke|p2|Eternatus, L50|\n|poke|p2|Muk-Alola, L50, M|\n|teampreview|4\n|inactive|Battle timer is ON: inactive players will automatically lose when time's up. (requested by bbqsus)\n|\n|t:|1770090465\n|teamsize|p1|4\n|teamsize|p2|4\n|start\n|switch|p1a: Miraidon|Miraidon, L50|100/100\n|switch|p1b: Iron Bundle|Iron Bundle, L50|100/100\n|switch|p2a: Smeargle|Smeargle, L50, M, shiny|100/100\n|switch|p2b: Muk|Muk-Alola, L50, M, shiny|100/100\n|-fieldstart|move: Electric Terrain|[from] ability: Hadron Engine|[of] p1a: Miraidon\n|-activate|p1b: Iron Bundle|ability: Quark Drive\n|-start|p1b: Iron Bundle|quarkdrivespe\n|turn|1\n|\n|t:|1770090480\n|move|p2a: Smeargle|Fake Out|p1a: Miraidon\n|-damage|p1a: Miraidon|95/100\n|move|p1b: Iron Bundle|Encore|p2a: Smeargle\n|-start|p2a: Smeargle|Encore\n|cant|p1a: Miraidon|flinch\n|move|p2b: Muk|Minimize|p2b: Muk\n|-boost|p2b: Muk|evasion|2\n|\n|-ability|p2a: Smeargle|Moody|boost\n|-boost|p2a: Smeargle|spd|2\n|-unboost|p2a: Smeargle|def|1\n|upkeep\n|turn|2\n|\n|t:|1770090497\n|switch|p2a: Flamigo|Flamigo, L50, M, shiny|100/100\n|-copyboost|p2a: Flamigo|p2b: Muk|[from] ability: Costar\n|move|p2b: Muk|Protect|p2b: Muk\n|-singleturn|p2b: Muk|Protect\n|move|p1b: Iron Bundle|Encore|p2b: Muk\n|-activate|p2b: Muk|move: Protect\n|move|p1a: Miraidon|Electro Drift|p2a: Flamigo|[miss]\n|-miss|p1a: Miraidon|p2a: Flamigo\n|\n|upkeep\n|turn|3\n|\n|t:|1770090513\n|switch|p2a: Smeargle|Smeargle, L50, M, shiny|100/100\n|-terastallize|p2b: Muk|Grass\n|move|p1b: Iron Bundle|Encore|p2b: Muk|[miss]\n|-miss|p1b: Iron Bundle|p2b: Muk\n|move|p1a: Miraidon|Electro Drift|p2a: Smeargle\n|-damage|p2a: Smeargle|0 fnt\n|faint|p2a: Smeargle\n|-ability|p2b: Muk|Moody|Power of Alchemy|[from] ability: Power of Alchemy|[of] p2a: Smeargle\n|move|p2b: Muk|Minimize|p2b: Muk\n|-boost|p2b: Muk|evasion|2\n|\n|-ability|p2b: Muk|Moody|boost\n|-boost|p2b: Muk|spe|2\n|-unboost|p2b: Muk|def|1\n|upkeep\n|\n|t:|1770090526\n|switch|p2a: Calyrex|Calyrex-Shadow, L50|100/100\n|-ability|p2a: Calyrex|As One\n|-ability|p2a: Calyrex|Unnerve\n|turn|4\n|\n|t:|1770090539\n|-terastallize|p1a: Miraidon|Electric\n|move|p2a: Calyrex|Protect|p2a: Calyrex\n|-singleturn|p2a: Calyrex|Protect\n|move|p1b: Iron Bundle|Icy Wind|p2a: Calyrex|[spread] p2b\n|-activate|p2a: Calyrex|move: Protect\n|-supereffective|p2b: Muk\n|-damage|p2b: Muk|72/100\n|-unboost|p2b: Muk|spe|1\n|move|p1a: Miraidon|Electro Drift|p2a: Calyrex\n|-activate|p2a: Calyrex|move: Protect\n|move|p2b: Muk|Minimize|p2b: Muk\n|-boost|p2b: Muk|evasion|2\n|\n|-heal|p2b: Muk|78/100|[from] item: Leftovers\n|-ability|p2b: Muk|Moody|boost\n|-boost|p2b: Muk|spd|2\n|-unboost|p2b: Muk|def|1\n|upkeep\n|turn|5\n|\n|t:|1770090561\n|switch|p2a: Flamigo|Flamigo, L50, M, shiny|100/100\n|-copyboost|p2a: Flamigo|p2b: Muk|[from] ability: Costar\n|-enditem|p2a: Flamigo|White Herb\n|-clearnegativeboost|p2a: Flamigo|[silent]\n|move|p1b: Iron Bundle|Icy Wind|p2b: Muk|[spread] p2b\n|-miss|p1b: Iron Bundle|p2a: Flamigo\n|-supereffective|p2b: Muk\n|-damage|p2b: Muk|66/100\n|-unboost|p2b: Muk|spe|1\n|move|p1a: Miraidon|Electro Drift|p2a: Flamigo|[miss]\n|-miss|p1a: Miraidon|p2a: Flamigo\n|move|p2b: Muk|Toxic|p1a: Miraidon\n|-status|p1a: Miraidon|tox\n|\n|-heal|p2b: Muk|72/100|[from] item: Leftovers\n|-damage|p1a: Miraidon|89/100 tox|[from] psn\n|-fieldend|move: Electric Terrain\n|-end|p1b: Iron Bundle|Quark Drive\n|-ability|p2b: Muk|Moody|boost\n|-boost|p2b: Muk|spd|2\n|-unboost|p2b: Muk|atk|1\n|upkeep\n|turn|6\n|inactive|inb_178 has 30 seconds left.\n|\n|t:|1770090589\n|move|p2a: Flamigo|Tailwind|p2a: Flamigo\n|-sidestart|p2: bbqsus|move: Tailwind\n|move|p1b: Iron Bundle|Ice Beam|p2b: Muk\n|-supereffective|p2b: Muk\n|-damage|p2b: Muk|54/100\n|move|p1a: Miraidon|Volt Switch|p2a: Flamigo|[miss]\n|-miss|p1a: Miraidon|p2a: Flamigo\n|move|p2b: Muk|Toxic|p1b: Iron Bundle|[miss]\n|-miss|p2b: Muk|p1b: Iron Bundle\n|\n|-heal|p2b: Muk|60/100|[from] item: Leftovers\n|-damage|p1a: Miraidon|76/100 tox|[from] psn\n|-ability|p2b: Muk|Moody|boost\n|-boost|p2b: Muk|spa|2\n|-unboost|p2b: Muk|spe|1\n|upkeep\n|turn|7\n|-message|inb_178 forfeited.\n|\n|win|bbqsus\n|raw|inb_178's rating: 1343 &rarr; <strong>1323</strong><br />(-20 for losing)\n|raw|bbqsus's rating: 1350 &rarr; <strong>1370</strong><br />(+20 for winning)\n|l|\u2606inb_178\n|player|p1|\n|l|\u2606bbqsus\n|player|p2|\n","uploadtime":1770090812,"views":11,"formatid":"gen9vgc2026regi","rating":1323,"private":0,"password":null}