{"id":"gen9vgc2026regi-2566392174","format":"[Gen 9] VGC 2026 Reg I","players":["Johnzin","NeighborhoodOaf"],"log":"|j|\u2606Johnzin\n|j|\u2606NeighborhoodOaf\n|t:|1774372890\n|gametype|doubles\n|player|p1|Johnzin|265|1021\n|player|p2|NeighborhoodOaf|170|1000\n|gen|9\n|tier|[Gen 9] VGC 2026 Reg I\n|rated|\n|rule|Species Clause: Limit one of each Pok\u00e9mon\n|rule|Item Clause: Limit 1 of each item\n|clearpoke\n|poke|p1|Gouging Fire, L50|\n|poke|p1|Torkoal, L50, F|\n|poke|p1|Raging Bolt, L50|\n|poke|p1|Rillaboom, L50, M|\n|poke|p1|Flutter Mane, L50|\n|poke|p1|Landorus, L50, M|\n|poke|p2|Miraidon, L50|\n|poke|p2|Iron Hands, L50|\n|poke|p2|Thundurus, L50, M|\n|poke|p2|Regieleki, L50|\n|poke|p2|Raging Bolt, L50|\n|poke|p2|Pincurchin, L50, F|\n|teampreview|4\n|inactive|Battle timer is ON: inactive players will automatically lose when time's up. (requested by NeighborhoodOaf)\n|inactive|Johnzin has 60 seconds left.\n|inactive|NeighborhoodOaf has 60 seconds left.\n|inactive|Johnzin has 30 seconds left.\n|inactive|NeighborhoodOaf has 30 seconds left.\n|inactive|NeighborhoodOaf has 20 seconds left.\n|inactive|NeighborhoodOaf has 15 seconds left.\n|inactive|NeighborhoodOaf has 10 seconds left.\n|\n|t:|1774372974\n|teamsize|p1|4\n|teamsize|p2|4\n|start\n|switch|p1a: Landorus|Landorus, L50, M|100/100\n|switch|p1b: Flutter Mane|Flutter Mane, L50, shiny|100/100\n|switch|p2a: Regieleki|Regieleki, L50|100/100\n|switch|p2b: Miraidon|Miraidon, L50|100/100\n|-fieldstart|move: Electric Terrain|[from] ability: Hadron Engine|[of] p2b: Miraidon\n|turn|1\n|inactive|Johnzin has 30 seconds left.\n|\n|t:|1774373006\n|-terastallize|p2b: Miraidon|Fairy\n|-terastallize|p1b: Flutter Mane|Fairy\n|move|p2a: Regieleki|Electroweb|p1b: Flutter Mane|[spread] p1b\n|-immune|p1a: Landorus\n|-damage|p1b: Flutter Mane|70/100\n|-unboost|p1b: Flutter Mane|spe|1\n|move|p2b: Miraidon|Flash Cannon|p1b: Flutter Mane\n|-supereffective|p1b: Flutter Mane\n|-damage|p1b: Flutter Mane|0 fnt\n|faint|p1b: Flutter Mane\n|-end|p1b: Flutter Mane|Protosynthesis|[silent]\n|move|p1a: Landorus|Earth Power|p2b: Miraidon\n|-damage|p2b: Miraidon|38/100\n|\n|upkeep\n|\n|t:|1774373026\n|switch|p1b: Torkoal|Torkoal, L50, F, shiny|100/100\n|-weather|SunnyDay|[from] ability: Drought|[of] p1b: Torkoal\n|turn|2\n|\n|t:|1774373047\n|move|p2a: Regieleki|Electroweb|p1b: Torkoal|[spread] p1b\n|-immune|p1a: Landorus\n|-damage|p1b: Torkoal|58/100\n|-unboost|p1b: Torkoal|spe|1\n|move|p2b: Miraidon|Flash Cannon|p1a: Landorus\n|-damage|p1a: Landorus|26/100\n|move|p1a: Landorus|Sludge Bomb|p2b: Miraidon\n|-supereffective|p2b: Miraidon\n|-damage|p2b: Miraidon|0 fnt\n|faint|p2b: Miraidon\n|move|p1b: Torkoal|Yawn|p2a: Regieleki\n|-activate|p2a: Regieleki|move: Electric Terrain\n|\n|-weather|SunnyDay|[upkeep]\n|upkeep\n|\n|t:|1774373060\n|switch|p2b: Iron Hands|Iron Hands, L50|100/100\n|-activate|p2b: Iron Hands|ability: Quark Drive\n|-start|p2b: Iron Hands|quarkdriveatk\n|turn|3\n|\n|t:|1774373079\n|move|p1a: Landorus|Protect|p1a: Landorus\n|-singleturn|p1a: Landorus|Protect\n|move|p2b: Iron Hands|Fake Out|p1a: Landorus\n|-activate|p1a: Landorus|move: Protect\n|move|p2a: Regieleki|Thunderbolt|p1b: Torkoal\n|-crit|p1b: Torkoal\n|-damage|p1b: Torkoal|0 fnt\n|faint|p1b: Torkoal\n|\n|-weather|SunnyDay|[upkeep]\n|upkeep\n|\n|t:|1774373091\n|switch|p1b: Gouging Fire|Gouging Fire, L50|100/100\n|-activate|p1b: Gouging Fire|ability: Protosynthesis\n|-start|p1b: Gouging Fire|protosynthesisatk\n|turn|4\n|inactive|NeighborhoodOaf has 30 seconds left.\n|\n|t:|1774373123\n|move|p2a: Regieleki|Tera Blast|p1a: Landorus\n|-damage|p1a: Landorus|0 fnt\n|faint|p1a: Landorus\n|move|p1b: Gouging Fire|Heat Crash|p2a: Regieleki\n|-enditem|p2a: Regieleki|Focus Sash\n|-damage|p2a: Regieleki|1/100\n|move|p2b: Iron Hands|Heavy Slam|p1b: Gouging Fire\n|-resisted|p1b: Gouging Fire\n|-damage|p1b: Gouging Fire|92/100\n|\n|-weather|SunnyDay|[upkeep]\n|upkeep\n|turn|5\n|\n|t:|1774373139\n|move|p2a: Regieleki|Thunderbolt|p1b: Gouging Fire\n|-resisted|p1b: Gouging Fire\n|-damage|p1b: Gouging Fire|60/100\n|move|p1b: Gouging Fire|Heat Crash|p2a: Regieleki\n|-damage|p2a: Regieleki|0 fnt\n|faint|p2a: Regieleki\n|move|p2b: Iron Hands|Drain Punch|p1b: Gouging Fire\n|-damage|p1b: Gouging Fire|8/100\n|\n|-weather|SunnyDay|[upkeep]\n|-fieldend|move: Electric Terrain\n|-end|p2b: Iron Hands|Quark Drive\n|upkeep\n|\n|t:|1774373147\n|switch|p2a: Raging Bolt|Raging Bolt, L50|100/100\n|-activate|p2a: Raging Bolt|ability: Protosynthesis\n|-start|p2a: Raging Bolt|protosynthesisspa\n|turn|6\n|\n|t:|1774373156\n|move|p2a: Raging Bolt|Thunderclap|p1b: Gouging Fire\n|-resisted|p1b: Gouging Fire\n|-damage|p1b: Gouging Fire|0 fnt\n|faint|p1b: Gouging Fire\n|-end|p1b: Gouging Fire|Protosynthesis|[silent]\n|\n|win|NeighborhoodOaf\n|raw|Johnzin's rating: 1021 &rarr; <strong>1007</strong><br />(-14 for losing)\n|raw|NeighborhoodOaf's rating: 1000 &rarr; <strong>1042</strong><br />(+42 for winning)\n|l|\u2606Johnzin\n|player|p1|\n","uploadtime":1774373180,"views":28,"formatid":"gen9vgc2026regi","rating":1007,"private":0,"password":null}