{"id":"gen9vgc2026regi-2552216626","format":"[Gen 9] VGC 2026 Reg I","players":["inb_178","ShadowOugi"],"log":"|j|\u2606inb_178\n|j|\u2606ShadowOugi\n|t:|1772691012\n|gametype|doubles\n|player|p1|inb_178|265|1448\n|player|p2|ShadowOugi|2|1553\n|gen|9\n|tier|[Gen 9] VGC 2026 Reg I\n|rated|\n|rule|Species Clause: Limit one of each Pok\u00e9mon\n|rule|Item Clause: Limit 1 of each item\n|clearpoke\n|poke|p1|Miraidon, L50|\n|poke|p1|Zamazenta-*, L50|\n|poke|p1|Incineroar, L50, F|\n|poke|p1|Iron Bundle, L50|\n|poke|p1|Urshifu-*, L50, M|\n|poke|p1|Sneasler, L50, M|\n|poke|p2|Calyrex-Shadow, L50|\n|poke|p2|Terapagos, L50, M|\n|poke|p2|Whimsicott, L50, F|\n|poke|p2|Urshifu-*, L50, M|\n|poke|p2|Indeedee-F, L50, F|\n|poke|p2|Chi-Yu, L50|\n|teampreview|4\n|inactive|Battle timer is ON: inactive players will automatically lose when time's up. (requested by ShadowOugi)\n|inactive|ShadowOugi has 60 seconds left.\n|inactive|ShadowOugi has 30 seconds left.\n|\n|t:|1772691079\n|teamsize|p1|4\n|teamsize|p2|4\n|start\n|switch|p1a: Miraidon|Miraidon, L50|100/100\n|switch|p1b: Iron Bundle|Iron Bundle, L50|100/100\n|switch|p2a: Calyrex|Calyrex-Shadow, L50|100/100\n|switch|p2b: Whimsicott|Whimsicott, L50, F|100/100\n|-ability|p2a: Calyrex|As One\n|-ability|p2a: Calyrex|Unnerve\n|-fieldstart|move: Electric Terrain|[from] ability: Hadron Engine|[of] p1a: Miraidon\n|-activate|p1b: Iron Bundle|ability: Quark Drive\n|-start|p1b: Iron Bundle|quarkdrivespe\n|turn|1\n|\n|t:|1772691098\n|move|p2a: Calyrex|Protect|p2a: Calyrex\n|-singleturn|p2a: Calyrex|Protect\n|move|p2b: Whimsicott|Tailwind|p2b: Whimsicott\n|-sidestart|p2: ShadowOugi|move: Tailwind\n|move|p1b: Iron Bundle|Ice Beam|p2b: Whimsicott\n|-supereffective|p2b: Whimsicott\n|-damage|p2b: Whimsicott|0 fnt\n|faint|p2b: Whimsicott\n|move|p1a: Miraidon|Electro Drift|p2a: Calyrex\n|-activate|p2a: Calyrex|move: Protect\n|\n|upkeep\n|\n|t:|1772691119\n|switch|p2b: Terapagos|Terapagos, L50, M|100/100\n|-activate|p2b: Terapagos|ability: Tera Shift\n|detailschange|p2b: Terapagos|Terapagos-Terastal, L50, M\n|-heal|p2b: Terapagos|100/100|[silent]\n|turn|2\n|\n|t:|1772691133\n|-terastallize|p1b: Iron Bundle|Normal\n|-terastallize|p2b: Terapagos|Stellar\n|detailschange|p2b: Terapagos|Terapagos-Stellar, L50, M, tera:Stellar\n|-heal|p2b: Terapagos|100/100|[silent]\n|-ability|p2b: Terapagos|Teraform Zero\n|-fieldend|move: Electric Terrain\n|-end|p1b: Iron Bundle|Quark Drive\n|move|p2a: Calyrex|Astral Barrage|p1a: Miraidon|[spread] p1a\n|-immune|p1b: Iron Bundle\n|-damage|p1a: Miraidon|69/100\n|move|p2b: Terapagos|Tera Starstorm|p1b: Iron Bundle|[spread] p1a,p1b\n|-supereffective|p1b: Iron Bundle\n|-damage|p1a: Miraidon|38/100\n|-enditem|p1b: Iron Bundle|Focus Sash\n|-damage|p1b: Iron Bundle|1/100\n|move|p1b: Iron Bundle|Icy Wind|p2a: Calyrex|[spread] p2a,p2b\n|-damage|p2a: Calyrex|78/100\n|-damage|p2b: Terapagos|87/100\n|-unboost|p2a: Calyrex|spe|1\n|-unboost|p2b: Terapagos|spe|1\n|move|p1a: Miraidon|Volt Switch|p2a: Calyrex\n|-damage|p2a: Calyrex|37/100\n|inactive|inb_178 has 30 seconds left.\n|\n|t:|1772691162\n|switch|p1a: Zamazenta|Zamazenta-Crowned, L50|100/100|[from] Volt Switch\n|-ability|p1a: Zamazenta|Dauntless Shield|boost\n|-boost|p1a: Zamazenta|def|1\n|\n|upkeep\n|turn|3\n|\n|t:|1772691170\n|switch|p2a: Urshifu|Urshifu-Rapid-Strike, L50, M|100/100\n|move|p1b: Iron Bundle|Protect|p1b: Iron Bundle\n|-singleturn|p1b: Iron Bundle|Protect\n|move|p2b: Terapagos|Tera Starstorm|p1a: Zamazenta|[spread] p1a\n|-activate|p1b: Iron Bundle|move: Protect\n|-damage|p1a: Zamazenta|63/100\n|move|p1a: Zamazenta|Behemoth Bash|p2a: Urshifu\n|-resisted|p2a: Urshifu\n|-damage|p2a: Urshifu|82/100\n|\n|upkeep\n|turn|4\n|inactive|ShadowOugi has 30 seconds left.\n|inactive|ShadowOugi has 20 seconds left.\n|\n|t:|1772691205\n|move|p2a: Urshifu|Surging Strikes|p1a: Zamazenta\n|-crit|p1a: Zamazenta\n|-damage|p1a: Zamazenta|44/100\n|-crit|p1a: Zamazenta\n|-damage|p1a: Zamazenta|21/100\n|-crit|p1a: Zamazenta\n|-damage|p1a: Zamazenta|0 fnt\n|faint|p1a: Zamazenta\n|-hitcount|p1: Zamazenta|3\n|move|p1b: Iron Bundle|Icy Wind|p2b: Terapagos|[spread] p2a,p2b\n|-resisted|p2a: Urshifu\n|-damage|p2a: Urshifu|66/100\n|-damage|p2b: Terapagos|73/100\n|-unboost|p2a: Urshifu|spe|1\n|-unboost|p2b: Terapagos|spe|1\n|move|p2b: Terapagos|Tera Starstorm|p1b: Iron Bundle\n|-supereffective|p1b: Iron Bundle\n|-damage|p1b: Iron Bundle|0 fnt\n|faint|p1b: Iron Bundle\n|-end|p1b: Iron Bundle|Quark Drive|[silent]\n|\n|-sideend|p2: ShadowOugi|move: Tailwind\n|upkeep\n|\n|t:|1772691225\n|switch|p1b: Sneasler|Sneasler, L50, M|100/100\n|switch|p1a: Miraidon|Miraidon, L50|38/100\n|-fieldstart|move: Electric Terrain|[from] ability: Hadron Engine|[of] p1a: Miraidon\n|-enditem|p1b: Sneasler|Electric Seed\n|-boost|p1b: Sneasler|def|1|[from] item: Electric Seed\n|turn|5\n|\n|t:|1772691235\n|move|p1b: Sneasler|Protect|p1b: Sneasler\n|-singleturn|p1b: Sneasler|Protect\n|move|p1a: Miraidon|Parabolic Charge|p2b: Terapagos|[spread] p2a,p2b\n|-activate|p1b: Sneasler|move: Protect\n|-supereffective|p2a: Urshifu\n|-damage|p2a: Urshifu|0 fnt\n|-heal|p1a: Miraidon|69/100|[from] drain|[of] p2a: Urshifu\n|-damage|p2b: Terapagos|40/100\n|-heal|p1a: Miraidon|90/100|[from] drain|[of] p2b: Terapagos\n|faint|p2a: Urshifu\n|move|p2b: Terapagos|Tera Starstorm|p1b: Sneasler|[spread] p1a\n|-activate|p1b: Sneasler|move: Protect\n|-damage|p1a: Miraidon|58/100\n|\n|upkeep\n|\n|t:|1772691242\n|switch|p2a: Calyrex|Calyrex-Shadow, L50|37/100\n|-ability|p2a: Calyrex|As One\n|-ability|p2a: Calyrex|Unnerve\n|turn|6\n|\n|t:|1772691261\n|move|p1b: Sneasler|Throat Chop|p2a: Calyrex\n|-supereffective|p2a: Calyrex\n|-damage|p2a: Calyrex|0 fnt\n|faint|p2a: Calyrex\n|move|p1a: Miraidon|Electro Drift|p2b: Terapagos\n|-damage|p2b: Terapagos|0 fnt\n|faint|p2b: Terapagos\n|detailschange|p2: Terapagos|Terapagos, L50, M|[silent]\n|\n|win|inb_178\n|raw|inb_178's rating: 1448 &rarr; <strong>1474</strong><br />(+26 for winning)\n|raw|ShadowOugi's rating: 1553 &rarr; <strong>1527</strong><br />(-26 for losing)\n|l|\u2606ShadowOugi\n|player|p2|\n|l|\u2606inb_178\n|player|p1|\n","uploadtime":1772691478,"views":15,"formatid":"gen9vgc2026regi","rating":1474,"private":0,"password":null}