{"id":"gen9vgc2026regi-2560275929","format":"[Gen 9] VGC 2026 Reg I","players":["ultralooks","Slackermaru"],"log":"|j|\u2606ultralooks\n|j|\u2606Slackermaru\n|t:|1773673036\n|gametype|doubles\n|player|p1|ultralooks|unknown|1391\n|player|p2|Slackermaru|workerice|1421\n|gen|9\n|tier|[Gen 9] VGC 2026 Reg I\n|rated|\n|rule|Species Clause: Limit one of each Pok\u00e9mon\n|rule|Item Clause: Limit 1 of each item\n|clearpoke\n|poke|p1|Miraidon, L50|\n|poke|p1|Iron Treads, L50|\n|poke|p1|Terapagos, L50, M|\n|poke|p1|Sinistcha-Masterpiece, L50|\n|poke|p1|Urshifu-*, L50, M|\n|poke|p1|Incineroar, L50, M|\n|poke|p2|Calyrex-Ice, L50|\n|poke|p2|Miraidon, L50|\n|poke|p2|Incineroar, L50, M|\n|poke|p2|Amoonguss, L50, F|\n|poke|p2|Urshifu-*, L50, F|\n|poke|p2|Landorus, L50, M|\n|teampreview|4\n|\n|t:|1773673113\n|teamsize|p1|4\n|teamsize|p2|4\n|start\n|switch|p1a: Iron Treads|Iron Treads, L50, shiny|100/100\n|switch|p1b: Miraidon|Miraidon, L50|100/100\n|switch|p2a: Calyrex|Calyrex-Ice, L50|100/100\n|switch|p2b: Incineroar|Incineroar, L50, M, shiny|100/100\n|-ability|p2a: Calyrex|As One\n|-ability|p2a: Calyrex|Unnerve\n|-fieldstart|move: Electric Terrain|[from] ability: Hadron Engine|[of] p1b: Miraidon\n|-activate|p1a: Iron Treads|ability: Quark Drive\n|-start|p1a: Iron Treads|quarkdrivespe\n|-ability|p2b: Incineroar|Intimidate|boost\n|-unboost|p1a: Iron Treads|atk|1\n|-unboost|p1b: Miraidon|atk|1\n|turn|1\n|j| Mozthegoat\n|\n|t:|1773673134\n|-terastallize|p1a: Iron Treads|Ghost\n|move|p2b: Incineroar|Fake Out|p1b: Miraidon\n|-damage|p1b: Miraidon|90/100\n|move|p1a: Iron Treads|Rock Slide|p2b: Incineroar|[spread] p2b\n|-miss|p1a: Iron Treads|p2a: Calyrex\n|-supereffective|p2b: Incineroar\n|-damage|p2b: Incineroar|70/100\n|cant|p1b: Miraidon|flinch\n|move|p2a: Calyrex|Trick Room|p2a: Calyrex\n|-fieldstart|move: Trick Room|[of] p2a: Calyrex\n|\n|upkeep\n|turn|2\n|\n|t:|1773673146\n|switch|p1b: Terapagos|Terapagos, L50, M|100/100\n|-activate|p1b: Terapagos|ability: Tera Shift\n|detailschange|p1b: Terapagos|Terapagos-Terastal, L50, M\n|-heal|p1b: Terapagos|100/100|[silent]\n|-enditem|p1b: Terapagos|Electric Seed\n|-boost|p1b: Terapagos|def|1|[from] item: Electric Seed\n|move|p2a: Calyrex|Glacial Lance|p1a: Iron Treads|[spread] p1a,p1b\n|-activate|p1b: Terapagos|ability: Tera Shell\n|-resisted|p1b: Terapagos\n|-damage|p1a: Iron Treads|49/100\n|-damage|p1b: Terapagos|89/100\n|move|p2b: Incineroar|Knock Off|p1a: Iron Treads\n|-supereffective|p1a: Iron Treads\n|-damage|p1a: Iron Treads|0 fnt\n|-enditem|p1a: Iron Treads|Choice Band|[from] move: Knock Off|[of] p2b: Incineroar\n|faint|p1a: Iron Treads\n|-end|p1a: Iron Treads|Quark Drive|[silent]\n|\n|upkeep\n|\n|t:|1773673155\n|switch|p1a: Sinistcha|Sinistcha-Masterpiece, L50|100/100\n|-heal|p1b: Terapagos|100/100|[from] ability: Hospitality|[of] p1a: Sinistcha\n|turn|3\n|\n|t:|1773673177\n|move|p1a: Sinistcha|Shadow Ball|p2a: Calyrex\n|-supereffective|p2a: Calyrex\n|-damage|p2a: Calyrex|50/100\n|move|p2a: Calyrex|Leech Seed|p1b: Terapagos\n|-start|p1b: Terapagos|move: Leech Seed\n|move|p2b: Incineroar|Knock Off|p1a: Sinistcha\n|-supereffective|p1a: Sinistcha\n|-damage|p1a: Sinistcha|26/100\n|-enditem|p1a: Sinistcha|Focus Sash|[from] move: Knock Off|[of] p2b: Incineroar\n|move|p1b: Terapagos|Tera Starstorm|p2a: Calyrex\n|-damage|p2a: Calyrex|23/100\n|\n|-damage|p1b: Terapagos|88/100|[from] Leech Seed|[of] p2a: Calyrex\n|-heal|p2a: Calyrex|34/100|[silent]\n|upkeep\n|turn|4\n|\n|t:|1773673207\n|move|p2a: Calyrex|Protect|p2a: Calyrex\n|-singleturn|p2a: Calyrex|Protect\n|move|p1a: Sinistcha|Strength Sap|p2b: Incineroar\n|-unboost|p2b: Incineroar|atk|1\n|-heal|p1a: Sinistcha|100/100\n|move|p2b: Incineroar|Knock Off|p1a: Sinistcha\n|-supereffective|p1a: Sinistcha\n|-damage|p1a: Sinistcha|66/100\n|move|p1b: Terapagos|Earth Power|p2b: Incineroar\n|-supereffective|p2b: Incineroar\n|-damage|p2b: Incineroar|42/100\n|\n|-damage|p1b: Terapagos|75/100|[from] Leech Seed|[of] p2a: Calyrex\n|-heal|p2a: Calyrex|46/100|[silent]\n|upkeep\n|turn|5\n|\n|t:|1773673228\n|-terastallize|p2a: Calyrex|Fire\n|move|p1a: Sinistcha|Shadow Ball|p2a: Calyrex\n|-damage|p2a: Calyrex|24/100\n|move|p2a: Calyrex|Glacial Lance|p1a: Sinistcha|[spread] p1a,p1b\n|-supereffective|p1a: Sinistcha\n|-damage|p1a: Sinistcha|0 fnt\n|-damage|p1b: Terapagos|52/100\n|faint|p1a: Sinistcha\n|-ability|p2a: Calyrex|Chilling Neigh|boost\n|-boost|p2a: Calyrex|atk|1\n|move|p2b: Incineroar|U-turn|p1b: Terapagos\n|-damage|p1b: Terapagos|46/100\n|\n|t:|1773673241\n|switch|p2b: Miraidon|Miraidon, L50|100/100|[from] U-turn\n|-activate|p2b: Miraidon|ability: Hadron Engine\n|move|p1b: Terapagos|Tera Starstorm|p2a: Calyrex\n|-damage|p2a: Calyrex|0 fnt\n|faint|p2a: Calyrex\n|\n|-fieldend|move: Trick Room\n|-fieldend|move: Electric Terrain\n|upkeep\n|\n|t:|1773673252\n|switch|p2a: Incineroar|Incineroar, L50, M, shiny|42/100\n|switch|p1a: Miraidon|Miraidon, L50|90/100\n|-fieldstart|move: Electric Terrain|[from] ability: Hadron Engine|[of] p1a: Miraidon\n|-ability|p2a: Incineroar|Intimidate|boost\n|-unboost|p1a: Miraidon|atk|1\n|-unboost|p1b: Terapagos|atk|1\n|turn|6\n|\n|t:|1773673265\n|move|p1b: Terapagos|Protect|p1b: Terapagos\n|-singleturn|p1b: Terapagos|Protect\n|move|p2a: Incineroar|Fake Out|p1a: Miraidon\n|-damage|p1a: Miraidon|79/100\n|move|p2b: Miraidon|Draco Meteor|p1a: Miraidon\n|-supereffective|p1a: Miraidon\n|-damage|p1a: Miraidon|0 fnt\n|-unboost|p2b: Miraidon|spa|2\n|faint|p1a: Miraidon\n|\n|-damage|p1b: Terapagos|33/100|[from] Leech Seed|[of] p2a: Incineroar\n|-heal|p2a: Incineroar|54/100|[silent]\n|upkeep\n|turn|7\n|-message|ultralooks forfeited.\n|\n|win|Slackermaru\n|raw|ultralooks's rating: 1391 &rarr; <strong>1373</strong><br />(-18 for losing)\n|raw|Slackermaru's rating: 1421 &rarr; <strong>1439</strong><br />(+18 for winning)\n|l|\u2606ultralooks\n|player|p1|\n|l| Mozthegoat\n|l|\u2606Slackermaru\n|player|p2|\n","uploadtime":1773673493,"views":11,"formatid":"gen9vgc2026regi","rating":1373,"private":0,"password":null}