{"id":"gen9vgc2026regi-2565320915","format":"[Gen 9] VGC 2026 Reg I","players":["VJ2511","eragon1712"],"log":"|j|\u2606VJ2511\n|j|\u2606eragon1712\n|t:|1774262702\n|gametype|doubles\n|player|p1|VJ2511|1|1487\n|player|p2|eragon1712|wallace|1360\n|gen|9\n|tier|[Gen 9] VGC 2026 Reg I\n|rated|\n|rule|Species Clause: Limit one of each Pok\u00e9mon\n|rule|Item Clause: Limit 1 of each item\n|clearpoke\n|poke|p1|Calyrex-Shadow, L50|\n|poke|p1|Zamazenta-*, L50|\n|poke|p1|Chien-Pao, L50|\n|poke|p1|Dragonite, L50, M|\n|poke|p1|Raging Bolt, L50|\n|poke|p1|Amoonguss, L50, M|\n|poke|p2|Groudon, L50|\n|poke|p2|Brute Bonnet, L50|\n|poke|p2|Gouging Fire, L50|\n|poke|p2|Walking Wake, L50|\n|poke|p2|Zacian-*, L50|\n|poke|p2|Tornadus, L50, M|\n|teampreview|4\n|inactive|Battle timer is ON: inactive players will automatically lose when time's up. (requested by VJ2511)\n|inactive|eragon1712 has 60 seconds left.\n|inactive|eragon1712 has 30 seconds left.\n|\n|t:|1774262775\n|teamsize|p1|4\n|teamsize|p2|4\n|start\n|switch|p1a: Zamazenta|Zamazenta-Crowned, L50|100/100\n|switch|p1b: Raging Bolt|Raging Bolt, L50|100/100\n|switch|p2a: Brute Bonnet|Brute Bonnet, L50|100/100\n|switch|p2b: Tornadus|Tornadus, L50, M|100/100\n|-ability|p1a: Zamazenta|Dauntless Shield|boost\n|-boost|p1a: Zamazenta|def|1\n|-enditem|p1b: Raging Bolt|Booster Energy\n|-activate|p1b: Raging Bolt|ability: Protosynthesis|[fromitem]\n|-start|p1b: Raging Bolt|protosynthesisspa\n|turn|1\n|inactive|eragon1712 has 30 seconds left.\n|inactive|eragon1712 has 20 seconds left.\n|inactive|eragon1712 has 15 seconds left.\n|\n|t:|1774262815\n|-terastallize|p2a: Brute Bonnet|Water\n|move|p2b: Tornadus|Sunny Day|p2b: Tornadus\n|-weather|SunnyDay\n|-activate|p2a: Brute Bonnet|ability: Protosynthesis\n|-start|p2a: Brute Bonnet|protosynthesisdef\n|move|p1a: Zamazenta|Body Press|p2a: Brute Bonnet\n|-damage|p2a: Brute Bonnet|66/100\n|-damage|p1a: Zamazenta|84/100|[from] item: Rocky Helmet|[of] p2a: Brute Bonnet\n|move|p1b: Raging Bolt|Dragon Pulse|p2a: Brute Bonnet\n|-damage|p2a: Brute Bonnet|16/100\n|move|p2a: Brute Bonnet|Spore|p1a: Zamazenta\n|-status|p1a: Zamazenta|slp|[from] move: Spore\n|\n|-weather|SunnyDay|[upkeep]\n|upkeep\n|turn|2\n|inactive|eragon1712 has 30 seconds left.\n|\n|t:|1774262842\n|cant|p1a: Zamazenta|slp\n|move|p2b: Tornadus|Tailwind|p2b: Tornadus\n|-sidestart|p2: eragon1712|move: Tailwind\n|move|p2a: Brute Bonnet|Spore|p1b: Raging Bolt\n|-status|p1b: Raging Bolt|slp|[from] move: Spore\n|cant|p1b: Raging Bolt|slp\n|\n|-weather|SunnyDay|[upkeep]\n|upkeep\n|turn|3\n|\n|t:|1774262854\n|-end|p2a: Brute Bonnet|Protosynthesis|[silent]\n|switch|p2a: Groudon|Groudon, L50|100/100\n|cant|p1a: Zamazenta|slp\n|move|p2b: Tornadus|Taunt|p1a: Zamazenta\n|-start|p1a: Zamazenta|move: Taunt\n|cant|p1b: Raging Bolt|slp\n|\n|-weather|SunnyDay|[upkeep]\n|upkeep\n|turn|4\n|\n|t:|1774262866\n|cant|p1b: Raging Bolt|slp\n|move|p2b: Tornadus|Bleakwind Storm|p1a: Zamazenta|[spread] p1a,p1b\n|-resisted|p1b: Raging Bolt\n|-damage|p1a: Zamazenta|62/100 slp\n|-damage|p1b: Raging Bolt|86/100 slp\n|-unboost|p1a: Zamazenta|spe|1\n|-unboost|p1b: Raging Bolt|spe|1\n|move|p2a: Groudon|Precipice Blades|p1a: Zamazenta|[spread] p1b\n|-miss|p2a: Groudon|p1a: Zamazenta\n|-supereffective|p1b: Raging Bolt\n|-damage|p1b: Raging Bolt|8/100 slp\n|-curestatus|p1a: Zamazenta|slp|[msg]\n|move|p1a: Zamazenta|Body Press|p2a: Groudon\n|-damage|p2a: Groudon|55/100\n|\n|-weather|SunnyDay|[upkeep]\n|upkeep\n|turn|5\n|inactive|eragon1712 has 30 seconds left.\n|\n|t:|1774262893\n|switch|p2b: Brute Bonnet|Brute Bonnet, L50, tera:Water|16/100\n|-activate|p2b: Brute Bonnet|ability: Protosynthesis\n|-start|p2b: Brute Bonnet|protosynthesisdef\n|-curestatus|p1b: Raging Bolt|slp|[msg]\n|move|p1b: Raging Bolt|Thunderclap||[still]\n|-fail|p1b: Raging Bolt\n|move|p2a: Groudon|Precipice Blades|p1b: Raging Bolt|[spread] p1a,p1b\n|-supereffective|p1a: Zamazenta\n|-supereffective|p1b: Raging Bolt\n|-damage|p1a: Zamazenta|23/100\n|-damage|p1b: Raging Bolt|0 fnt\n|faint|p1b: Raging Bolt\n|-end|p1b: Raging Bolt|Protosynthesis|[silent]\n|move|p1a: Zamazenta|Body Press|p2a: Groudon\n|-damage|p2a: Groudon|9/100\n|\n|-weather|none\n|-end|p2b: Brute Bonnet|Protosynthesis\n|-sideend|p2: eragon1712|move: Tailwind\n|upkeep\n|\n|t:|1774262901\n|switch|p1b: Calyrex|Calyrex-Shadow, L50|100/100\n|-ability|p1b: Calyrex|As One\n|-ability|p1b: Calyrex|Unnerve\n|turn|6\n|\n|t:|1774262912\n|move|p1b: Calyrex|Protect|p1b: Calyrex\n|-singleturn|p1b: Calyrex|Protect\n|move|p2a: Groudon|Protect|p2a: Groudon\n|-singleturn|p2a: Groudon|Protect\n|move|p2b: Brute Bonnet|Sucker Punch||[still]\n|-fail|p2b: Brute Bonnet\n|move|p1a: Zamazenta|Body Press|p2b: Brute Bonnet\n|-damage|p2b: Brute Bonnet|0 fnt\n|-damage|p1a: Zamazenta|7/100|[from] item: Rocky Helmet|[of] p2b: Brute Bonnet\n|faint|p2b: Brute Bonnet\n|-end|p2b: Brute Bonnet|Protosynthesis|[silent]\n|\n|-end|p1a: Zamazenta|move: Taunt\n|upkeep\n|\n|t:|1774262920\n|switch|p2b: Tornadus|Tornadus, L50, M|100/100\n|turn|7\n|\n|t:|1774262927\n|move|p1a: Zamazenta|Wide Guard|p1a: Zamazenta\n|-singleturn|p1a: Zamazenta|Wide Guard\n|move|p2b: Tornadus|Tailwind|p2b: Tornadus\n|-sidestart|p2: eragon1712|move: Tailwind\n|move|p2a: Groudon|Heat Crash|p1b: Calyrex\n|-damage|p1b: Calyrex|40/100\n|move|p1b: Calyrex|Astral Barrage|p2b: Tornadus|[spread] p2a,p2b\n|-damage|p2a: Groudon|0 fnt\n|-damage|p2b: Tornadus|46/100\n|faint|p2a: Groudon\n|-ability|p1b: Calyrex|Grim Neigh|boost\n|-boost|p1b: Calyrex|spa|1\n|\n|upkeep\n|\n|t:|1774262933\n|switch|p2a: Gouging Fire|Gouging Fire, L50|100/100\n|-enditem|p2a: Gouging Fire|Booster Energy\n|-activate|p2a: Gouging Fire|ability: Protosynthesis|[fromitem]\n|-start|p2a: Gouging Fire|protosynthesisspe\n|turn|8\n|\n|t:|1774262948\n|move|p1b: Calyrex|Protect|p1b: Calyrex\n|-singleturn|p1b: Calyrex|Protect\n|move|p2a: Gouging Fire|Flare Blitz|p1b: Calyrex\n|-activate|p1b: Calyrex|move: Protect\n|move|p2b: Tornadus|Bleakwind Storm|p1b: Calyrex|[spread] p1a\n|-activate|p1b: Calyrex|move: Protect\n|-damage|p1a: Zamazenta|0 fnt\n|faint|p1a: Zamazenta\n|\n|upkeep\n|\n|t:|1774262953\n|switch|p1a: Dragonite|Dragonite, L50, M, shiny|100/100\n|turn|9\n|\n|t:|1774262967\n|-terastallize|p1a: Dragonite|Normal\n|move|p1a: Dragonite|Extreme Speed|p2b: Tornadus\n|-damage|p2b: Tornadus|0 fnt\n|faint|p2b: Tornadus\n|move|p2a: Gouging Fire|Breaking Swipe|p1a: Dragonite|[spread] p1a,p1b\n|-damage|p1a: Dragonite|82/100\n|-damage|p1b: Calyrex|16/100\n|-unboost|p1a: Dragonite|atk|1\n|-unboost|p1b: Calyrex|atk|1\n|move|p1b: Calyrex|Astral Barrage|p2a: Gouging Fire\n|-damage|p2a: Gouging Fire|0 fnt\n|faint|p2a: Gouging Fire\n|-end|p2a: Gouging Fire|Protosynthesis|[silent]\n|\n|win|VJ2511\n|raw|VJ2511's rating: 1487 &rarr; <strong>1500</strong><br />(+13 for winning)\n|raw|eragon1712's rating: 1360 &rarr; <strong>1347</strong><br />(-13 for losing)\n|l|\u2606eragon1712\n|player|p2|\n|l|\u2606VJ2511\n|player|p1|\n","uploadtime":1774263232,"views":6,"formatid":"gen9vgc2026regi","rating":1347,"private":0,"password":null}