{"id":"gen9vgc2026regi-2556390171","format":"[Gen 9] VGC 2026 Reg I","players":["ludicolouvgc","Kittymuncheruknow"],"log":"|j|\u2606ludicolouvgc\n|j|\u2606Kittymuncheruknow\n|t:|1773198186\n|gametype|doubles\n|player|p1|ludicolouvgc|169|1380\n|player|p2|Kittymuncheruknow|266|1398\n|gen|9\n|tier|[Gen 9] VGC 2026 Reg I\n|rated|\n|rule|Species Clause: Limit one of each Pok\u00e9mon\n|rule|Item Clause: Limit 1 of each item\n|clearpoke\n|poke|p1|Calyrex-Shadow, L50|\n|poke|p1|Koraidon, L50|\n|poke|p1|Ogerpon-Hearthflame, L50, F|\n|poke|p1|Rillaboom, L50, F|\n|poke|p1|Incineroar, L50, M|\n|poke|p1|Flutter Mane, L50|\n|poke|p2|Urshifu-*, L50, F|\n|poke|p2|Tornadus, L50, M|\n|poke|p2|Rillaboom, L50, F|\n|poke|p2|Kyogre, L50|\n|poke|p2|Amoonguss, L50, F|\n|poke|p2|Calyrex-Ice, L50|\n|teampreview|4\n|\n|t:|1773198212\n|teamsize|p1|4\n|teamsize|p2|4\n|start\n|switch|p1a: Calyrex|Calyrex-Shadow, L50|100/100\n|switch|p1b: Rillaboom|Rillaboom, L50, F|100/100\n|switch|p2a: Kyogre|Kyogre, L50|100/100\n|switch|p2b: Tornadus|Tornadus, L50, M|100/100\n|-ability|p1a: Calyrex|As One\n|-ability|p1a: Calyrex|Unnerve\n|-weather|RainDance|[from] ability: Drizzle|[of] p2a: Kyogre\n|-fieldstart|move: Grassy Terrain|[from] ability: Grassy Surge|[of] p1b: Rillaboom\n|turn|1\n|\n|t:|1773198231\n|move|p2a: Kyogre|Protect|p2a: Kyogre\n|-singleturn|p2a: Kyogre|Protect\n|move|p1b: Rillaboom|Fake Out|p2b: Tornadus\n|-damage|p2b: Tornadus|88/100\n|move|p1a: Calyrex|Astral Barrage|p2a: Kyogre|[spread] p2b\n|-activate|p2a: Kyogre|move: Protect\n|-damage|p2b: Tornadus|5/100\n|-damage|p1a: Calyrex|91/100|[from] item: Life Orb\n|move|p2b: Tornadus|Bleakwind Storm|p1a: Calyrex|[spread] p1a,p1b\n|-supereffective|p1b: Rillaboom\n|-damage|p1a: Calyrex|59/100\n|-damage|p1b: Rillaboom|66/100\n|\n|-weather|RainDance|[upkeep]\n|-heal|p1a: Calyrex|65/100|[from] Grassy Terrain\n|-heal|p1b: Rillaboom|72/100|[from] Grassy Terrain\n|upkeep\n|turn|2\n|\n|t:|1773198260\n|move|p1a: Calyrex|Protect|p1a: Calyrex\n|-singleturn|p1a: Calyrex|Protect\n|move|p2b: Tornadus|Tailwind|p2b: Tornadus\n|-sidestart|p2: Kittymuncheruknow|move: Tailwind\n|move|p2a: Kyogre|Origin Pulse|p1a: Calyrex|[spread] p1b\n|-activate|p1a: Calyrex|move: Protect\n|-resisted|p1b: Rillaboom\n|-damage|p1b: Rillaboom|41/100\n|move|p1b: Rillaboom|U-turn|p2b: Tornadus\n|-resisted|p2b: Tornadus\n|-damage|p2b: Tornadus|0 fnt\n|faint|p2b: Tornadus\n|\n|t:|1773198271\n|switch|p1b: Koraidon|Koraidon, L50|100/100|[from] U-turn\n|-weather|SunnyDay|[from] ability: Orichalcum Pulse|[of] p1b: Koraidon\n|-activate|p1b: Koraidon|Orichalcum Pulse|[source]\n|\n|-weather|SunnyDay|[upkeep]\n|-heal|p1a: Calyrex|71/100|[from] Grassy Terrain\n|upkeep\n|\n|t:|1773198274\n|switch|p2b: Urshifu|Urshifu-Rapid-Strike, L50, F|100/100\n|turn|3\n|\n|t:|1773198300\n|switch|p2a: Calyrex|Calyrex-Ice, L50|100/100\n|-ability|p2a: Calyrex|As One\n|-ability|p2a: Calyrex|Unnerve\n|move|p2b: Urshifu|Close Combat|p1b: Koraidon\n|-damage|p1b: Koraidon|47/100\n|-unboost|p2b: Urshifu|def|1\n|-unboost|p2b: Urshifu|spd|1\n|move|p1a: Calyrex|Astral Barrage|p2b: Urshifu|[spread] p2a,p2b\n|-supereffective|p2a: Calyrex\n|-crit|p2a: Calyrex\n|-damage|p2a: Calyrex|0 fnt\n|-damage|p2b: Urshifu|0 fnt\n|faint|p2a: Calyrex\n|faint|p2b: Urshifu\n|-ability|p1a: Calyrex|Grim Neigh|boost\n|-boost|p1a: Calyrex|spa|2\n|-damage|p1a: Calyrex|61/100|[from] item: Life Orb\n|move|p1b: Koraidon|Collision Course|p2: Calyrex|[notarget]\n|-fail|p1b: Koraidon\n|\n|-weather|SunnyDay|[upkeep]\n|-heal|p1a: Calyrex|67/100|[from] Grassy Terrain\n|-heal|p1b: Koraidon|53/100|[from] Grassy Terrain\n|upkeep\n|\n|t:|1773198309\n|switch|p2b: Kyogre|Kyogre, L50|100/100\n|-weather|RainDance|[from] ability: Drizzle|[of] p2b: Kyogre\n|turn|4\n|\n|t:|1773198319\n|-terastallize|p2b: Kyogre|Water\n|move|p1a: Calyrex|Protect|p1a: Calyrex\n|-singleturn|p1a: Calyrex|Protect\n|move|p1b: Koraidon|Protect|p1b: Koraidon\n|-singleturn|p1b: Koraidon|Protect\n|move|p2b: Kyogre|Water Spout|p1b: Koraidon|[spread] \n|-activate|p1a: Calyrex|move: Protect\n|-activate|p1b: Koraidon|move: Protect\n|\n|-weather|RainDance|[upkeep]\n|-heal|p1a: Calyrex|73/100|[from] Grassy Terrain\n|-heal|p1b: Koraidon|58/100|[from] Grassy Terrain\n|upkeep\n|turn|5\n|\n|t:|1773198336\n|move|p2b: Kyogre|Water Spout|p1a: Calyrex|[spread] p1a,p1b\n|-resisted|p1b: Koraidon\n|-damage|p1a: Calyrex|0 fnt\n|-damage|p1b: Koraidon|0 fnt\n|faint|p1a: Calyrex\n|faint|p1b: Koraidon\n|\n|-weather|RainDance|[upkeep]\n|-sideend|p2: Kittymuncheruknow|move: Tailwind\n|-fieldend|move: Grassy Terrain\n|upkeep\n|\n|t:|1773198341\n|switch|p1a: Rillaboom|Rillaboom, L50, F|41/100\n|switch|p1b: Ogerpon|Ogerpon-Hearthflame, L50, F|100/100\n|-ability|p1b: Ogerpon|Mold Breaker\n|-fieldstart|move: Grassy Terrain|[from] ability: Grassy Surge|[of] p1a: Rillaboom\n|turn|6\n|\n|t:|1773198353\n|-terastallize|p1b: Ogerpon|Fire\n|detailschange|p1b: Ogerpon|Ogerpon-Hearthflame-Tera, L50, F, tera:Fire\n|-ability|p1b: Ogerpon|Embody Aspect (Hearthflame)|boost\n|-boost|p1b: Ogerpon|atk|1\n|move|p2b: Kyogre|Protect|p2b: Kyogre\n|-singleturn|p2b: Kyogre|Protect\n|move|p1b: Ogerpon|Grassy Glide|p2b: Kyogre\n|-activate|p2b: Kyogre|move: Protect\n|move|p1a: Rillaboom|Grassy Glide|p2b: Kyogre\n|-activate|p2b: Kyogre|move: Protect\n|\n|-weather|RainDance|[upkeep]\n|-heal|p1a: Rillaboom|47/100|[from] Grassy Terrain\n|upkeep\n|turn|7\n|inactive|Battle timer is ON: inactive players will automatically lose when time's up. (requested by Kittymuncheruknow)\n|\n|t:|1773198362\n|move|p1b: Ogerpon|Grassy Glide|p2b: Kyogre\n|-supereffective|p2b: Kyogre\n|-damage|p2b: Kyogre|0 fnt\n|faint|p2b: Kyogre\n|\n|win|ludicolouvgc\n|raw|ludicolouvgc's rating: 1380 &rarr; <strong>1401</strong><br />(+21 for winning)\n|raw|Kittymuncheruknow's rating: 1398 &rarr; <strong>1377</strong><br />(-21 for losing)\n|l|\u2606Kittymuncheruknow\n|player|p2|\n|l|\u2606ludicolouvgc\n|player|p1|\n","uploadtime":1773198630,"views":16,"formatid":"gen9vgc2026regi","rating":1377,"private":0,"password":null}