{"id":"gen9vgc2026regi-2567068141","format":"[Gen 9] VGC 2026 Reg I","players":["slimeslatt252","KaiMVGC"],"log":"|j|\u2606slimeslatt252\n|j|\u2606KaiMVGC\n|t:|1774446432\n|gametype|doubles\n|player|p1|slimeslatt252|265|1512\n|player|p2|KaiMVGC|boarder|1522\n|gen|9\n|tier|[Gen 9] VGC 2026 Reg I\n|rated|\n|rule|Species Clause: Limit one of each Pok\u00e9mon\n|rule|Item Clause: Limit 1 of each item\n|clearpoke\n|poke|p1|Calyrex-Shadow, L50|\n|poke|p1|Koraidon, L50|\n|poke|p1|Incineroar, L50, M|\n|poke|p1|Raging Bolt, L50|\n|poke|p1|Brute Bonnet, L50|\n|poke|p1|Landorus, L50, M|\n|poke|p2|Calyrex-Shadow, L50|\n|poke|p2|Zamazenta-*, L50|\n|poke|p2|Rillaboom, L50, F|\n|poke|p2|Raging Bolt, L50|\n|poke|p2|Smeargle, L50, F|\n|poke|p2|Tornadus, L50, M|\n|teampreview|4\n|inactive|Battle timer is ON: inactive players will automatically lose when time's up. (requested by slimeslatt252)\n|inactive|KaiMVGC has 60 seconds left.\n|\n|t:|1774446470\n|teamsize|p1|4\n|teamsize|p2|4\n|start\n|switch|p1a: Brute Bonnet|Brute Bonnet, L50|100/100\n|switch|p1b: Calyrex|Calyrex-Shadow, L50|100/100\n|switch|p2a: Tornadus|Tornadus, L50, M|100/100\n|switch|p2b: Smeargle|Smeargle, L50, F|100/100\n|-ability|p1b: Calyrex|As One\n|-ability|p1b: Calyrex|Unnerve\n|turn|1\n|\n|t:|1774446482\n|move|p1b: Calyrex|Protect|p1b: Calyrex\n|-singleturn|p1b: Calyrex|Protect\n|move|p2b: Smeargle|Fake Out|p1a: Brute Bonnet\n|-damage|p1a: Brute Bonnet|97/100\n|move|p2a: Tornadus|Bleakwind Storm|p1a: Brute Bonnet|[spread] p1a\n|-activate|p1b: Calyrex|move: Protect\n|-supereffective|p1a: Brute Bonnet\n|-damage|p1a: Brute Bonnet|18/100\n|move|p1a: Brute Bonnet|Spore|p2b: Smeargle\n|-status|p2b: Smeargle|slp|[from] move: Spore\n|\n|-ability|p2b: Smeargle|Moody|boost\n|-boost|p2b: Smeargle|spd|2\n|-unboost|p2b: Smeargle|atk|1\n|upkeep\n|turn|2\n|\n|t:|1774446502\n|move|p2a: Tornadus|Tailwind|p2a: Tornadus\n|-sidestart|p2: KaiMVGC|move: Tailwind\n|cant|p2b: Smeargle|slp\n|move|p1b: Calyrex|Psychic|p2b: Smeargle\n|-damage|p2b: Smeargle|27/100 slp\n|move|p1a: Brute Bonnet|Spore|p2a: Tornadus\n|-status|p2a: Tornadus|slp|[from] move: Spore\n|\n|-ability|p2b: Smeargle|Moody|boost\n|-boost|p2b: Smeargle|atk|2\n|-unboost|p2b: Smeargle|spd|1\n|upkeep\n|turn|3\n|\n|t:|1774446520\n|move|p1a: Brute Bonnet|Rage Powder|p1a: Brute Bonnet\n|-singleturn|p1a: Brute Bonnet|move: Rage Powder\n|cant|p2a: Tornadus|slp\n|cant|p2b: Smeargle|slp\n|move|p1b: Calyrex|Astral Barrage|p2b: Smeargle|[spread] p2a\n|-immune|p2b: Smeargle\n|-damage|p2a: Tornadus|37/100 slp\n|\n|-ability|p2b: Smeargle|Moody|boost\n|-boost|p2b: Smeargle|atk|2\n|-unboost|p2b: Smeargle|spa|1\n|upkeep\n|turn|4\n|\n|t:|1774446540\n|move|p1a: Brute Bonnet|Sucker Punch|p2a: Tornadus\n|-damage|p2a: Tornadus|0 fnt\n|faint|p2a: Tornadus\n|-curestatus|p2b: Smeargle|slp|[msg]\n|move|p2b: Smeargle|Spore|p1b: Calyrex\n|-status|p1b: Calyrex|slp|[from] move: Spore\n|cant|p1b: Calyrex|slp\n|\n|-ability|p2b: Smeargle|Moody|boost\n|-boost|p2b: Smeargle|spe|2\n|-unboost|p2b: Smeargle|spa|1\n|upkeep\n|\n|t:|1774446546\n|switch|p2a: Calyrex|Calyrex-Shadow, L50|100/100\n|-ability|p2a: Calyrex|As One\n|-ability|p2a: Calyrex|Unnerve\n|turn|5\n|\n|t:|1774446564\n|switch|p2b: Zamazenta|Zamazenta-Crowned, L50|100/100\n|-ability|p2b: Zamazenta|Dauntless Shield|boost\n|-boost|p2b: Zamazenta|def|1\n|-terastallize|p2a: Calyrex|Dark\n|move|p2a: Calyrex|Astral Barrage|p1a: Brute Bonnet|[spread] p1a,p1b\n|-resisted|p1a: Brute Bonnet\n|-supereffective|p1b: Calyrex\n|-crit|p1b: Calyrex\n|-damage|p1a: Brute Bonnet|0 fnt\n|-enditem|p1b: Calyrex|Focus Sash\n|-damage|p1b: Calyrex|1/100 slp\n|faint|p1a: Brute Bonnet\n|-end|p1a: Brute Bonnet|Protosynthesis|[silent]\n|-ability|p2a: Calyrex|Grim Neigh|boost\n|-boost|p2a: Calyrex|spa|1\n|-damage|p2a: Calyrex|91/100|[from] item: Life Orb\n|-curestatus|p1b: Calyrex|slp|[msg]\n|move|p1b: Calyrex|Astral Barrage|p2a: Calyrex|[spread] p2a,p2b\n|-resisted|p2a: Calyrex\n|-damage|p2a: Calyrex|64/100\n|-damage|p2b: Zamazenta|60/100\n|\n|-sideend|p2: KaiMVGC|move: Tailwind\n|upkeep\n|inactive|slimeslatt252 has 30 seconds left.\n|\n|t:|1774446594\n|switch|p1a: raging dingus|Raging Bolt, L50|100/100\n|turn|6\n|\n|t:|1774446604\n|switch|p1b: Koraidon|Koraidon, L50|100/100\n|-weather|SunnyDay|[from] ability: Orichalcum Pulse|[of] p1b: Koraidon\n|-activate|p1a: raging dingus|ability: Protosynthesis\n|-start|p1a: raging dingus|protosynthesisspa\n|-activate|p1b: Koraidon|Orichalcum Pulse|[source]\n|-terastallize|p1a: raging dingus|Electric\n|move|p2a: Calyrex|Protect|p2a: Calyrex\n|-singleturn|p2a: Calyrex|Protect\n|move|p1a: raging dingus|Thunderclap||[still]\n|-fail|p1a: raging dingus\n|move|p2b: Zamazenta|Heavy Slam|p1b: Koraidon\n|-damage|p1b: Koraidon|81/100\n|\n|-weather|SunnyDay|[upkeep]\n|upkeep\n|turn|7\n|\n|t:|1774446620\n|move|p1a: raging dingus|Thunderclap||[still]\n|-fail|p1a: raging dingus\n|move|p2a: Calyrex|Nasty Plot|p2a: Calyrex\n|-boost|p2a: Calyrex|spa|2\n|move|p1b: Koraidon|Collision Course|p2b: Zamazenta\n|-supereffective|p2b: Zamazenta\n|-damage|p2b: Zamazenta|0 fnt\n|faint|p2b: Zamazenta\n|\n|-weather|SunnyDay|[upkeep]\n|upkeep\n|\n|t:|1774446629\n|switch|p2b: Smeargle|Smeargle, L50, F|27/100\n|turn|8\n|\n|t:|1774446638\n|move|p1b: Koraidon|Protect|p1b: Koraidon\n|-singleturn|p1b: Koraidon|Protect\n|move|p2b: Smeargle|Follow Me|p2b: Smeargle\n|-singleturn|p2b: Smeargle|move: Follow Me\n|move|p2a: Calyrex|Astral Barrage|p1b: Koraidon|[spread] p1a\n|-activate|p1b: Koraidon|move: Protect\n|-damage|p1a: raging dingus|0 fnt\n|faint|p1a: raging dingus\n|-end|p1a: raging dingus|Protosynthesis|[silent]\n|-ability|p2a: Calyrex|Grim Neigh|boost\n|-boost|p2a: Calyrex|spa|1\n|-damage|p2a: Calyrex|54/100|[from] item: Life Orb\n|\n|-weather|SunnyDay|[upkeep]\n|-ability|p2b: Smeargle|Moody|boost\n|-boost|p2b: Smeargle|def|2\n|-unboost|p2b: Smeargle|atk|1\n|upkeep\n|\n|t:|1774446641\n|switch|p1a: Calyrex|Calyrex-Shadow, L50|1/100\n|-ability|p1a: Calyrex|As One\n|-ability|p1a: Calyrex|Unnerve\n|turn|9\n|\n|t:|1774446662\n|move|p2b: Smeargle|Follow Me|p2b: Smeargle\n|-singleturn|p2b: Smeargle|move: Follow Me\n|move|p1a: Calyrex|Astral Barrage|p2b: Smeargle|[spread] p2a\n|-immune|p2b: Smeargle\n|-resisted|p2a: Calyrex\n|-damage|p2a: Calyrex|27/100\n|move|p2a: Calyrex|Astral Barrage|p1b: Koraidon|[spread] p1a,p1b\n|-supereffective|p1a: Calyrex\n|-damage|p1a: Calyrex|0 fnt\n|-damage|p1b: Koraidon|0 fnt\n|faint|p1a: Calyrex\n|faint|p1b: Koraidon\n|-damage|p2a: Calyrex|17/100|[from] item: Life Orb\n|\n|win|KaiMVGC\n|raw|slimeslatt252's rating: 1512 &rarr; <strong>1493</strong><br />(-19 for losing)\n|raw|KaiMVGC's rating: 1522 &rarr; <strong>1541</strong><br />(+19 for winning)\n|l|\u2606KaiMVGC\n|player|p2|\n","uploadtime":1774446878,"views":18,"formatid":"gen9vgc2026regi","rating":1493,"private":0,"password":null}