{"id":"gen9vgc2026regi-2547987098","format":"[Gen 9] VGC 2026 Reg I","players":["Cello L.","21Kieran"],"log":"|j|\u2606Cello L.\n|j|\u260621Kieran\n|t:|1772153066\n|gametype|doubles\n|player|p1|Cello L.|psychic-gen4|\n|player|p2|21Kieran|kieran-festival|\n|gen|9\n|tier|[Gen 9] VGC 2026 Reg I\n|rated|Tournament battle\n|rule|Species Clause: Limit one of each Pok\u00e9mon\n|rule|Item Clause: Limit 1 of each item\n|raw|<div class=\"infobox\"><details class=\"readmore\" open><summary><strong>1 custom rule:</strong></summary> Open Team Sheets</details></div>\n|clearpoke\n|poke|p1|Kyogre, L50|\n|poke|p1|Calyrex-Ice, L50|\n|poke|p1|Flutter Mane, L50|\n|poke|p1|Basculegion, L50, M|\n|poke|p1|Amoonguss, L50, M|\n|poke|p1|Grimmsnarl, L50, M|\n|poke|p2|Calyrex-Ice, L50|\n|poke|p2|Kyogre, L50|\n|poke|p2|Basculegion, L50, M|\n|poke|p2|Rillaboom, L50, M|\n|poke|p2|Iron Jugulis, L50|\n|poke|p2|Smeargle, L50, F|\n|teampreview|4\n|inactive|Battle timer is ON: inactive players will automatically lose when time's up. (requested by 21Kieran)\n|\n|t:|1772153093\n|teamsize|p1|4\n|teamsize|p2|4\n|start\n|switch|p1a: Kyogre|Kyogre, L50|100/100\n|switch|p1b: Grimmsnarl|Grimmsnarl, L50, M|100/100\n|switch|p2a: Kyogre|Kyogre, L50, shiny|100/100\n|switch|p2b: Basculegion|Basculegion, L50, M, shiny|100/100\n|-weather|RainDance|[from] ability: Drizzle|[of] p1a: Kyogre\n|turn|1\n|\n|t:|1772153115\n|move|p1b: Grimmsnarl|Light Screen|p1b: Grimmsnarl\n|-sidestart|p1: Cello L.|move: Light Screen\n|move|p2b: Basculegion|Wave Crash|p1b: Grimmsnarl\n|-damage|p1b: Grimmsnarl|0 fnt\n|faint|p1b: Grimmsnarl\n|-damage|p2b: Basculegion|67/100|[from] Recoil\n|-damage|p2b: Basculegion|57/100|[from] item: Life Orb\n|move|p1a: Kyogre|Water Spout|p2a: Kyogre|[spread] p2a,p2b\n|-resisted|p2a: Kyogre\n|-resisted|p2b: Basculegion\n|-damage|p2a: Kyogre|64/100\n|-damage|p2b: Basculegion|0 fnt\n|faint|p2b: Basculegion\n|move|p2a: Kyogre|Thunder|p1a: Kyogre\n|-supereffective|p1a: Kyogre\n|-damage|p1a: Kyogre|62/100\n|\n|-weather|RainDance|[upkeep]\n|upkeep\n|inactive|Cello L. has 30 seconds left.\n|\n|t:|1772153146\n|switch|p2b: worldwide steppers|Smeargle, L50, F, shiny|100/100\n|switch|p1b: Calyrex|Calyrex-Ice, L50|100/100\n|-ability|p1b: Calyrex|As One\n|-ability|p1b: Calyrex|Unnerve\n|turn|2\n|inactive|Cello L. has 30 seconds left.\n|\n|t:|1772153178\n|move|p1a: Kyogre|Protect|p1a: Kyogre\n|-singleturn|p1a: Kyogre|Protect\n|move|p2a: Kyogre|Protect|p2a: Kyogre\n|-singleturn|p2a: Kyogre|Protect\n|move|p1b: Calyrex|Protect|p1b: Calyrex\n|-singleturn|p1b: Calyrex|Protect\n|move|p2b: worldwide steppers|Decorate|p2a: Kyogre\n|-boost|p2a: Kyogre|atk|2\n|-boost|p2a: Kyogre|spa|2\n|\n|-weather|RainDance|[upkeep]\n|-ability|p2b: worldwide steppers|Moody|boost\n|-boost|p2b: worldwide steppers|spe|2\n|-unboost|p2b: worldwide steppers|def|1\n|upkeep\n|turn|3\n|inactive|Cello L. has 30 seconds left.\n|\n|t:|1772153205\n|move|p2b: worldwide steppers|Spore|p1a: Kyogre\n|-status|p1a: Kyogre|slp|[from] move: Spore\n|cant|p1a: Kyogre|slp\n|move|p2a: Kyogre|Hydro Pump|p1b: Calyrex\n|-damage|p1b: Calyrex|4/100\n|move|p1b: Calyrex|Glacial Lance|p2b: worldwide steppers|[spread] p2a,p2b\n|-resisted|p2a: Kyogre\n|-damage|p2a: Kyogre|39/100\n|-enditem|p2b: worldwide steppers|Focus Sash\n|-damage|p2b: worldwide steppers|1/100\n|\n|-weather|RainDance|[upkeep]\n|-heal|p1b: Calyrex|10/100|[from] item: Leftovers\n|-ability|p2b: worldwide steppers|Moody|boost\n|-boost|p2b: worldwide steppers|atk|2\n|-unboost|p2b: worldwide steppers|spa|1\n|upkeep\n|turn|4\n|inactive|Cello L. has 30 seconds left.\n|inactive|21Kieran has 30 seconds left.\n|inactive|Cello L. has 20 seconds left.\n|\n|t:|1772153244\n|-terastallize|p1a: Kyogre|Grass\n|move|p1b: Calyrex|Protect|p1b: Calyrex\n|-singleturn|p1b: Calyrex|Protect\n|move|p2b: worldwide steppers|Decorate|p2a: Kyogre\n|-boost|p2a: Kyogre|atk|2\n|-boost|p2a: Kyogre|spa|2\n|cant|p1a: Kyogre|slp\n|move|p2a: Kyogre|Water Spout|p1a: Kyogre|[spread] p1a\n|-activate|p1b: Calyrex|move: Protect\n|-resisted|p1a: Kyogre\n|-damage|p1a: Kyogre|28/100 slp\n|\n|-weather|RainDance|[upkeep]\n|-heal|p1b: Calyrex|15/100|[from] item: Leftovers\n|-ability|p2b: worldwide steppers|Moody|boost\n|-boost|p2b: worldwide steppers|atk|2\n|-unboost|p2b: worldwide steppers|spd|1\n|upkeep\n|turn|5\n|inactive|21Kieran has 30 seconds left.\n|\n|t:|1772153272\n|move|p2b: worldwide steppers|Follow Me|p2b: worldwide steppers\n|-singleturn|p2b: worldwide steppers|move: Follow Me\n|-curestatus|p1a: Kyogre|slp|[msg]\n|move|p1a: Kyogre|Origin Pulse|p2b: worldwide steppers|[spread] p2a,p2b\n|-resisted|p2a: Kyogre\n|-damage|p2a: Kyogre|12/100\n|-damage|p2b: worldwide steppers|0 fnt\n|faint|p2b: worldwide steppers\n|move|p2a: Kyogre|Water Spout|p1a: Kyogre|[spread] p1a,p1b\n|-resisted|p1a: Kyogre\n|-crit|p1b: Calyrex\n|-damage|p1a: Kyogre|20/100\n|-damage|p1b: Calyrex|0 fnt\n|faint|p1b: Calyrex\n|\n|-weather|none\n|upkeep\n|\n|t:|1772153283\n|switch|p2b: Calyrex|Calyrex-Ice, L50|100/100\n|switch|p1b: Basculegion|Basculegion, L50, M|100/100\n|-ability|p2b: Calyrex|As One\n|-ability|p2b: Calyrex|Unnerve\n|turn|6\n|\n|t:|1772153295\n|-terastallize|p2b: Calyrex|Fairy\n|move|p2a: Kyogre|Protect|p2a: Kyogre\n|-singleturn|p2a: Kyogre|Protect\n|move|p1a: Kyogre|Origin Pulse|p2a: Kyogre|[spread] p2b\n|-activate|p2a: Kyogre|move: Protect\n|-damage|p2b: Calyrex|68/100\n|move|p1b: Basculegion|Last Respects|p2b: Calyrex\n|-damage|p2b: Calyrex|5/100\n|-damage|p1b: Basculegion|91/100|[from] item: Life Orb\n|move|p2b: Calyrex|Glacial Lance|p1a: Kyogre|[spread] p1a,p1b\n|-supereffective|p1a: Kyogre\n|-resisted|p1b: Basculegion\n|-damage|p1a: Kyogre|0 fnt\n|-damage|p1b: Basculegion|52/100\n|faint|p1a: Kyogre\n|-ability|p2b: Calyrex|Chilling Neigh|boost\n|-boost|p2b: Calyrex|atk|1\n|\n|upkeep\n|turn|7\n|\n|t:|1772153320\n|move|p2a: Kyogre|Thunder|p1b: Basculegion\n|-supereffective|p1b: Basculegion\n|-damage|p1b: Basculegion|0 fnt\n|faint|p1b: Basculegion\n|\n|win|21Kieran\n|n|\u2606Cello L.|cellol\n|n|\u260621Kieran|21kieran\n|j| MAMA JUICE\n|c|\u2606Cello L.|gg\n","uploadtime":1772153326,"views":10,"formatid":"gen9vgc2026regi","rating":null,"private":0,"password":null}