{"id":"gen9vgc2026regi-2543148814","format":"[Gen 9] VGC 2026 Reg I","players":["HaZZaLaDDa","j0l0k0"],"log":"|j|\u2606HaZZaLaDDa\n|j|\u2606j0l0k0\n|t:|1771535105\n|gametype|doubles\n|player|p1|HaZZaLaDDa|102|1276\n|player|p2|j0l0k0|brycen|1416\n|gen|9\n|tier|[Gen 9] VGC 2026 Reg I\n|rated|\n|rule|Species Clause: Limit one of each Pok\u00e9mon\n|rule|Item Clause: Limit 1 of each item\n|clearpoke\n|poke|p1|Weezing, L50, F|\n|poke|p1|Regigigas, L50|\n|poke|p1|Tornadus, L50, M|\n|poke|p1|Chien-Pao, L50|\n|poke|p1|Ogerpon-Wellspring, L50, F|\n|poke|p1|Incineroar, L50, M|\n|poke|p2|Calyrex-Ice, L50|\n|poke|p2|Kyogre, L50|\n|poke|p2|Indeedee-F, L50, F|\n|poke|p2|Urshifu-*, L50, F|\n|poke|p2|Amoonguss, L50, F|\n|poke|p2|Landorus, L50, M|\n|teampreview|4\n|inactive|Battle timer is ON: inactive players will automatically lose when time's up. (requested by j0l0k0)\n|\n|t:|1771535131\n|teamsize|p1|4\n|teamsize|p2|4\n|start\n|switch|p1a: fart cloud|Weezing, L50, F|100/100\n|switch|p1b: big raga|Regigigas, L50|100/100\n|switch|p2a: Indeedee|Indeedee-F, L50, F, shiny|100/100\n|switch|p2b: Calyrex|Calyrex-Ice, L50|100/100\n|-ability|p1a: fart cloud|Neutralizing Gas\n|-ability|p2b: Calyrex|As One\n|-ability|p2b: Calyrex|Unnerve\n|turn|1\n|\n|t:|1771535145\n|move|p2a: Indeedee|Follow Me|p2a: Indeedee\n|-singleturn|p2a: Indeedee|move: Follow Me\n|move|p1b: big raga|Knock Off|p2a: Indeedee\n|-supereffective|p2a: Indeedee\n|-damage|p2a: Indeedee|0 fnt\n|-enditem|p2a: Indeedee|Safety Goggles|[from] move: Knock Off|[of] p1b: big raga\n|faint|p2a: Indeedee\n|-damage|p1b: big raga|91/100|[from] item: Life Orb\n|move|p1a: fart cloud|Taunt|p2b: Calyrex\n|-start|p2b: Calyrex|move: Taunt\n|cant|p2b: Calyrex|move: Taunt|Trick Room\n|\n|upkeep\n|\n|t:|1771535151\n|switch|p2a: Urshifu|Urshifu, L50, F|100/100\n|turn|2\n|\n|t:|1771535165\n|move|p1b: big raga|Protect|p1b: big raga\n|-singleturn|p1b: big raga|Protect\n|move|p2a: Urshifu|Close Combat|p1b: big raga\n|-activate|p1b: big raga|move: Protect\n|move|p1a: fart cloud|Will-O-Wisp|p2a: Urshifu\n|-status|p2a: Urshifu|brn\n|move|p2b: Calyrex|Glacial Lance|p1b: big raga|[spread] p1a\n|-activate|p1b: big raga|move: Protect\n|-damage|p1a: fart cloud|46/100\n|\n|-damage|p2a: Urshifu|95/100 brn|[from] brn\n|upkeep\n|turn|3\n|\n|t:|1771535181\n|-terastallize|p1b: big raga|Ghost\n|move|p1a: fart cloud|Protect|p1a: fart cloud\n|-singleturn|p1a: fart cloud|Protect\n|move|p1b: big raga|Crush Grip|p2a: Urshifu\n|-damage|p2a: Urshifu|0 fnt\n|faint|p2a: Urshifu\n|-damage|p1b: big raga|81/100|[from] item: Life Orb\n|move|p2b: Calyrex|Glacial Lance|p1b: big raga|[spread] p1b\n|-activate|p1a: fart cloud|move: Protect\n|-damage|p1b: big raga|24/100\n|\n|-end|p2b: Calyrex|move: Taunt\n|upkeep\n|\n|t:|1771535185\n|switch|p2a: Kyogre|Kyogre, L50, shiny|100/100\n|turn|4\n|\n|t:|1771535202\n|move|p1b: big raga|Crush Grip|p2a: Kyogre\n|-damage|p2a: Kyogre|0 fnt\n|faint|p2a: Kyogre\n|-damage|p1b: big raga|15/100|[from] item: Life Orb\n|move|p1a: fart cloud|Will-O-Wisp|p2b: Calyrex\n|-status|p2b: Calyrex|brn\n|move|p2b: Calyrex|Glacial Lance|p1a: fart cloud|[spread] p1a,p1b\n|-damage|p1a: fart cloud|19/100\n|-damage|p1b: big raga|0 fnt\n|faint|p1b: big raga\n|-end|p1b: big raga|Slow Start|[silent]\n|-ability|p2b: Calyrex|Chilling Neigh|boost\n|-boost|p2b: Calyrex|atk|1\n|\n|-damage|p2b: Calyrex|95/100 brn|[from] brn\n|upkeep\n|\n|t:|1771535216\n|switch|p1b: dog|Chien-Pao, L50|100/100\n|turn|5\n|\n|t:|1771535226\n|-terastallize|p2b: Calyrex|Normal\n|move|p1b: dog|Sucker Punch|p2b: Calyrex\n|-damage|p2b: Calyrex|71/100 brn\n|move|p1a: fart cloud|Taunt|p2b: Calyrex\n|-start|p2b: Calyrex|move: Taunt\n|move|p2b: Calyrex|Glacial Lance|p1b: dog|[spread] p1a,p1b\n|-resisted|p1b: dog\n|-damage|p1a: fart cloud|0 fnt\n|-damage|p1b: dog|68/100\n|faint|p1a: fart cloud\n|-end|p1a: fart cloud|ability: Neutralizing Gas\n|-ability|p1b: dog|Sword of Ruin\n|-ability|p2b: Calyrex|Chilling Neigh|boost\n|-boost|p2b: Calyrex|atk|1\n|\n|-damage|p2b: Calyrex|65/100 brn|[from] brn\n|upkeep\n|\n|t:|1771535240\n|switch|p1a: wet moss|Ogerpon-Wellspring, L50, F|100/100\n|turn|6\n|\n|t:|1771535244\n|move|p1b: dog|Sacred Sword|p2b: Calyrex\n|-supereffective|p2b: Calyrex\n|-damage|p2b: Calyrex|13/100 brn\n|move|p1a: wet moss|Ivy Cudgel|p2b: Calyrex|[anim] Ivy Cudgel Water\n|-damage|p2b: Calyrex|0 fnt\n|faint|p2b: Calyrex\n|\n|win|HaZZaLaDDa\n|raw|HaZZaLaDDa's rating: 1276 &rarr; <strong>1311</strong><br />(+35 for winning)\n|raw|j0l0k0's rating: 1416 &rarr; <strong>1388</strong><br />(-28 for losing)\n|l|\u2606j0l0k0\n|player|p2|\n|j| MACIESMAC\n|l| MACIESMAC\n","uploadtime":1771535295,"views":15,"formatid":"gen9vgc2026regi","rating":1311,"private":0,"password":null}