{"id":"gen9vgc2026regi-2562981626","format":"[Gen 9] VGC 2026 Reg I","players":["ScribbleScribble","xjazuu"],"log":"|j|\u2606ScribbleScribble\n|j|\u2606xjazuu\n|t:|1773969592\n|gametype|doubles\n|player|p1|ScribbleScribble|mina-lgpe|1689\n|player|p2|xjazuu|youngcouple|1573\n|gen|9\n|tier|[Gen 9] VGC 2026 Reg I\n|rated|\n|rule|Species Clause: Limit one of each Pok\u00e9mon\n|rule|Item Clause: Limit 1 of each item\n|clearpoke\n|poke|p1|Calyrex-Ice, L50|\n|poke|p1|Kyogre, L50|\n|poke|p1|Tornadus, L50, M|\n|poke|p1|Indeedee-F, L50, F|\n|poke|p1|Urshifu-*, L50, M|\n|poke|p1|Landorus, L50, M|\n|poke|p2|Calyrex-Ice, L50|\n|poke|p2|Miraidon, L50|\n|poke|p2|Urshifu-*, L50, M|\n|poke|p2|Grimmsnarl, L50, M|\n|poke|p2|Pelipper, L50, F|\n|poke|p2|Farigiraf, L50, M|\n|teampreview|4\n|inactive|Battle timer is ON: inactive players will automatically lose when time's up. (requested by ScribbleScribble)\n|\n|t:|1773969602\n|teamsize|p1|4\n|teamsize|p2|4\n|start\n|switch|p1a: Calyrex|Calyrex-Ice, L50|100/100\n|switch|p1b: Indeedee|Indeedee-F, L50, F, shiny|100/100\n|switch|p2a: Grimmsnarl|Grimmsnarl, L50, M|100/100\n|switch|p2b: Calyrex|Calyrex-Ice, L50|100/100\n|-ability|p1a: Calyrex|As One\n|-ability|p1a: Calyrex|Unnerve\n|-ability|p2b: Calyrex|As One\n|-ability|p2b: Calyrex|Unnerve\n|-fieldstart|move: Psychic Terrain|[from] ability: Psychic Surge|[of] p1b: Indeedee\n|-enditem|p1b: Indeedee|Psychic Seed\n|-boost|p1b: Indeedee|spd|1|[from] item: Psychic Seed\n|turn|1\n|\n|t:|1773969625\n|switch|p1b: Kyogre|Kyogre, L50|100/100\n|-weather|RainDance|[from] ability: Drizzle|[of] p1b: Kyogre\n|move|p2a: Grimmsnarl|Reflect|p2a: Grimmsnarl\n|-sidestart|p2: xjazuu|Reflect\n|move|p1a: Calyrex|Imprison|p1a: Calyrex\n|-start|p1a: Calyrex|move: Imprison\n|move|p2b: Calyrex|Leech Seed|p1a: Calyrex\n|-start|p1a: Calyrex|move: Leech Seed\n|\n|-weather|RainDance|[upkeep]\n|-damage|p1a: Calyrex|88/100|[from] Leech Seed|[of] p2b: Calyrex\n|upkeep\n|turn|2\n|inactive|xjazuu has 30 seconds left.\n|\n|t:|1773969657\n|-terastallize|p1b: Kyogre|Grass\n|-terastallize|p2b: Calyrex|Water\n|move|p2a: Grimmsnarl|Light Screen|p2a: Grimmsnarl\n|-sidestart|p2: xjazuu|move: Light Screen\n|move|p1b: Kyogre|Water Spout|p2b: Calyrex|[spread] p2a,p2b\n|-resisted|p2b: Calyrex\n|-damage|p2a: Grimmsnarl|32/100\n|-damage|p2b: Calyrex|78/100\n|move|p1a: Calyrex|Glacial Lance|p2a: Grimmsnarl|[spread] p2a,p2b\n|-resisted|p2b: Calyrex\n|-damage|p2a: Grimmsnarl|0 fnt\n|-damage|p2b: Calyrex|68/100\n|faint|p2a: Grimmsnarl\n|-ability|p1a: Calyrex|Chilling Neigh|boost\n|-boost|p1a: Calyrex|atk|1\n|move|p2b: Calyrex|Leech Seed|p1b: Kyogre\n|-immune|p1b: Kyogre\n|\n|-weather|RainDance|[upkeep]\n|-heal|p2b: Calyrex|74/100|[from] item: Leftovers\n|-damage|p1a: Calyrex|76/100|[from] Leech Seed|[of] p2b: Calyrex\n|-heal|p2b: Calyrex|85/100|[silent]\n|upkeep\n|\n|t:|1773969664\n|switch|p2a: Miraidon|Miraidon, L50|100/100\n|-fieldstart|move: Electric Terrain|[from] ability: Hadron Engine|[of] p2a: Miraidon\n|turn|3\n|\n|t:|1773969687\n|switch|p1b: Indeedee|Indeedee-F, L50, F, shiny|100/100\n|-fieldstart|move: Psychic Terrain|[from] ability: Psychic Surge|[of] p1b: Indeedee\n|move|p2b: Calyrex|Protect|p2b: Calyrex\n|-singleturn|p2b: Calyrex|Protect\n|move|p2a: Miraidon|Volt Switch|p1a: Calyrex\n|-damage|p1a: Calyrex|45/100\n|\n|t:|1773969696\n|switch|p2a: Urshifu|Urshifu-Rapid-Strike, L50, M|100/100|[from] Volt Switch\n|move|p1a: Calyrex|Glacial Lance|p2b: Calyrex|[spread] p2a\n|-activate|p2b: Calyrex|move: Protect\n|-resisted|p2a: Urshifu\n|-damage|p2a: Urshifu|75/100\n|\n|-weather|RainDance|[upkeep]\n|-heal|p2b: Calyrex|91/100|[from] item: Leftovers\n|-damage|p1a: Calyrex|33/100|[from] Leech Seed|[of] p2b: Calyrex\n|-heal|p2b: Calyrex|100/100|[silent]\n|upkeep\n|turn|4\n|j| QuazimodosTwin\n|\n|t:|1773969720\n|move|p2a: Urshifu|Detect|p2a: Urshifu\n|-singleturn|p2a: Urshifu|Protect\n|move|p1b: Indeedee|Follow Me|p1b: Indeedee\n|-singleturn|p1b: Indeedee|move: Follow Me\n|move|p1a: Calyrex|Seed Bomb|p2a: Urshifu\n|-activate|p2a: Urshifu|move: Protect\n|move|p2b: Calyrex|Leech Seed|p1b: Indeedee\n|-start|p1b: Indeedee|move: Leech Seed\n|\n|-weather|RainDance|[upkeep]\n|-damage|p1a: Calyrex|21/100|[from] Leech Seed|[of] p2b: Calyrex\n|-damage|p1b: Indeedee|88/100|[from] Leech Seed|[of] p2b: Calyrex\n|upkeep\n|turn|5\n|inactive|xjazuu has 30 seconds left.\n|inactive|xjazuu has 20 seconds left.\n|inactive|xjazuu has 15 seconds left.\n|\n|t:|1773969764\n|move|p1b: Indeedee|Follow Me|p1b: Indeedee\n|-singleturn|p1b: Indeedee|move: Follow Me\n|move|p1a: Calyrex|Glacial Lance|p2a: Urshifu|[spread] p2a,p2b\n|-resisted|p2a: Urshifu\n|-resisted|p2b: Calyrex\n|-damage|p2a: Urshifu|50/100\n|-damage|p2b: Calyrex|84/100\n|move|p2a: Urshifu|Surging Strikes|p1b: Indeedee\n|-crit|p1b: Indeedee\n|-damage|p1b: Indeedee|54/100\n|-crit|p1b: Indeedee\n|-damage|p1b: Indeedee|23/100\n|-crit|p1b: Indeedee\n|-damage|p1b: Indeedee|0 fnt\n|faint|p1b: Indeedee\n|-hitcount|p1: Indeedee|3\n|move|p2b: Calyrex|Leech Seed||[still]\n|-fail|p2b: Calyrex\n|\n|-weather|none\n|-heal|p2b: Calyrex|89/100|[from] item: Leftovers\n|-damage|p1a: Calyrex|9/100|[from] Leech Seed|[of] p2b: Calyrex\n|-heal|p2b: Calyrex|100/100|[silent]\n|upkeep\n|\n|t:|1773969774\n|switch|p1b: Kyogre|Kyogre, L50, tera:Grass|100/100\n|-weather|RainDance|[from] ability: Drizzle|[of] p1b: Kyogre\n|turn|6\n|inactive|ScribbleScribble has 30 seconds left.\n|inactive|xjazuu has 30 seconds left.\n|inactive|xjazuu has 20 seconds left.\n|\n|t:|1773969812\n|move|p2a: Urshifu|Detect|p2a: Urshifu\n|-singleturn|p2a: Urshifu|Protect\n|move|p1b: Kyogre|Thunder|p2b: Calyrex\n|-supereffective|p2b: Calyrex\n|-damage|p2b: Calyrex|62/100\n|move|p1a: Calyrex|Seed Bomb|p2b: Calyrex\n|-supereffective|p2b: Calyrex\n|-damage|p2b: Calyrex|23/100\n|move|p2b: Calyrex|Leech Seed||[still]\n|-fail|p2b: Calyrex\n|\n|-weather|RainDance|[upkeep]\n|-heal|p2b: Calyrex|29/100|[from] item: Leftovers\n|-damage|p1a: Calyrex|0 fnt|[from] Leech Seed|[of] p2b: Calyrex\n|-heal|p2b: Calyrex|36/100|[silent]\n|faint|p1a: Calyrex\n|upkeep\n|\n|t:|1773969815\n|switch|p1a: Tornadus|Tornadus, L50, M|100/100\n|turn|7\n|\n|t:|1773969832\n|move|p1a: Tornadus|Bleakwind Storm|p2b: Calyrex|[spread] p2a,p2b\n|-supereffective|p2a: Urshifu\n|-damage|p2a: Urshifu|0 fnt\n|-damage|p2b: Calyrex|20/100\n|-unboost|p2b: Calyrex|spe|1\n|faint|p2a: Urshifu\n|move|p1b: Kyogre|Water Spout|p2b: Calyrex\n|-resisted|p2b: Calyrex\n|-damage|p2b: Calyrex|0 fnt\n|faint|p2b: Calyrex\n|\n|-weather|RainDance|[upkeep]\n|-fieldend|move: Psychic Terrain\n|upkeep\n|\n|t:|1773969835\n|switch|p2b: Miraidon|Miraidon, L50|100/100\n|-fieldstart|move: Electric Terrain|[from] ability: Hadron Engine|[of] p2b: Miraidon\n|turn|8\n|\n|t:|1773969842\n|move|p1b: Kyogre|Protect|p1b: Kyogre\n|-singleturn|p1b: Kyogre|Protect\n|move|p1a: Tornadus|Bleakwind Storm|p2b: Miraidon\n|-resisted|p2b: Miraidon\n|-damage|p2b: Miraidon|92/100\n|move|p2b: Miraidon|Electro Drift|p1a: Tornadus\n|-supereffective|p1a: Tornadus\n|-enditem|p1a: Tornadus|Focus Sash\n|-damage|p1a: Tornadus|1/100\n|\n|-weather|RainDance|[upkeep]\n|-sideend|p2: xjazuu|Reflect\n|upkeep\n|turn|9\n|\n|t:|1773969849\n|move|p1a: Tornadus|Tailwind|p1a: Tornadus\n|-sidestart|p1: ScribbleScribble|move: Tailwind\n|move|p1b: Kyogre|Water Spout|p2b: Miraidon\n|-resisted|p2b: Miraidon\n|-damage|p2b: Miraidon|63/100\n|move|p2b: Miraidon|Snarl|p1a: Tornadus|[spread] p1a,p1b\n|-damage|p1a: Tornadus|0 fnt\n|-damage|p1b: Kyogre|85/100\n|-unboost|p1b: Kyogre|spa|1\n|faint|p1a: Tornadus\n|\n|-weather|RainDance|[upkeep]\n|-sideend|p2: xjazuu|move: Light Screen\n|upkeep\n|turn|10\n|\n|t:|1773969855\n|move|p1b: Kyogre|Water Spout|p2b: Miraidon\n|-resisted|p2b: Miraidon\n|-damage|p2b: Miraidon|41/100\n|move|p2b: Miraidon|Snarl|p1b: Kyogre\n|-damage|p1b: Kyogre|64/100\n|-unboost|p1b: Kyogre|spa|1\n|\n|-weather|none\n|upkeep\n|turn|11\n|\n|t:|1773969859\n|move|p1b: Kyogre|Hydro Pump|p2b: Miraidon|[miss]\n|-miss|p1b: Kyogre|p2b: Miraidon\n|move|p2b: Miraidon|Dazzling Gleam|p1b: Kyogre\n|-damage|p1b: Kyogre|33/100\n|\n|upkeep\n|turn|12\n|\n|t:|1773969862\n|move|p1b: Kyogre|Hydro Pump|p2b: Miraidon\n|-resisted|p2b: Miraidon\n|-damage|p2b: Miraidon|30/100\n|move|p2b: Miraidon|Dazzling Gleam|p1b: Kyogre\n|-damage|p1b: Kyogre|6/100\n|\n|-sideend|p1: ScribbleScribble|move: Tailwind\n|-fieldend|move: Electric Terrain\n|upkeep\n|turn|13\n|\n|t:|1773969866\n|move|p2b: Miraidon|Dazzling Gleam|p1b: Kyogre\n|-damage|p1b: Kyogre|0 fnt\n|faint|p1b: Kyogre\n|\n|win|xjazuu\n|raw|ScribbleScribble's rating: 1700 &rarr; <strong>1673</strong><br />(-27 for losing)\n|raw|xjazuu's rating: 1573 &rarr; <strong>1600</strong><br />(+27 for winning)\n|l|\u2606ScribbleScribble\n|player|p1|\n|l|\u2606xjazuu\n|player|p2|\n","uploadtime":1773970084,"views":53,"formatid":"gen9vgc2026regi","rating":1600,"private":0,"password":null}