{"id":"gen9vgc2026regi-2562756873","format":"[Gen 9] VGC 2026 Reg I","players":["413XP","realcomrade379"],"log":"|j|\u2606413XP\n|j|\u2606realcomrade379\n|t:|1773947180\n|gametype|doubles\n|player|p1|413XP|102|\n|player|p2|realcomrade379|shadowtriad|\n|gen|9\n|tier|[Gen 9] VGC 2026 Reg I\n|rated|Tournament battle\n|rule|Species Clause: Limit one of each Pok\u00e9mon\n|rule|Item Clause: Limit 1 of each item\n|raw|<div class=\"infobox\"><details class=\"readmore\" open><summary><strong>3 custom rules:</strong></summary> Open Team Sheets, Force Open Team Sheets, !Open Team Sheets</details></div>\n|clearpoke\n|poke|p1|Koraidon, L50|\n|poke|p1|Calyrex-Ice, L50|\n|poke|p1|Landorus, L50, M|\n|poke|p1|Incineroar, L50, M|\n|poke|p1|Rillaboom, L50, M|\n|poke|p1|Smeargle, L50, F|\n|poke|p2|Miraidon, L50|\n|poke|p2|Calyrex-Ice, L50|\n|poke|p2|Urshifu-*, L50, F|\n|poke|p2|Incineroar, L50, F|\n|poke|p2|Landorus, L50, M|\n|poke|p2|Grimmsnarl, L50, M|\n|teampreview|4\n|showteam|p1|Koraidon||ClearAmulet|OrichalcumPulse|FlareBlitz,LowKick,FlameCharge,Protect||||||50|,,,,,Fire]Calyrex-Ice||Leftovers|AsOneGlastrier|GlacialLance,TrickRoom,LeechSeed,Protect||||||50|,,,,,Fairy]Landorus||LifeOrb|SheerForce|EarthPower,SludgeBomb,SandsearStorm,Protect|||M|||50|,,,,,Water]Incineroar||SafetyGoggles|Intimidate|FakeOut,FlareBlitz,KnockOff,PartingShot|||M|||50|,,,,,Water]Rillaboom||AssaultVest|GrassySurge|FakeOut,WoodHammer,GrassyGlide,Uturn|||M|||50|,,,,,Water]Smeargle||FocusSash|Moody|Spore,FollowMe,Ruination,SpikyShield|||F|||50|,,,,,Grass\n|showteam|p2|Miraidon||ChoiceSpecs|HadronEngine|ElectroDrift,VoltSwitch,DracoMeteor,DazzlingGleam||||||50|,,,,,Fairy]Calyrex-Ice||Leftovers|AsOneGlastrier|Protect,TrickRoom,LeechSeed,GlacialLance||||||50|,,,,,Water]Urshifu-Rapid-Strike||ChoiceBand|UnseenFist|SurgingStrikes,CloseCombat,Uturn,AquaJet|||F|||50|,,,,,Ghost]Incineroar||AssaultVest|Intimidate|FlareBlitz,KnockOff,Uturn,FakeOut|||F|||50|,,,,,Grass]Landorus||LifeOrb|SheerForce|Protect,Taunt,SludgeBomb,EarthPower|||M|||50|,,,,,Poison]Grimmsnarl||LightClay|Prankster|SpiritBreak,LightScreen,Reflect,ThunderWave|||M|||50|,,,,,Ghost\n|inactive|Battle timer is ON: inactive players will automatically lose when time's up. (requested by realcomrade379)\n|j| ghostistheman\n|j| mediocreprovoker\n|c|\u2606realcomrade379|glhf\n|c|\u2606413XP|glhf\n|j| fish witness\n|j| NotherNpc\n|j| mysticmarshtomp\n|j| SpatulaHands\n|\n|t:|1773947209\n|teamsize|p1|4\n|teamsize|p2|4\n|start\n|switch|p1a: Rillaboom|Rillaboom, L50, M|100/100\n|switch|p1b: Landorus|Landorus, L50, M|100/100\n|switch|p2a: Grimmsnarl|Grimmsnarl, L50, M|100/100\n|switch|p2b: Miraidon|Miraidon, L50|100/100\n|-fieldstart|move: Electric Terrain|[from] ability: Hadron Engine|[of] p2b: Miraidon\n|-fieldstart|move: Grassy Terrain|[from] ability: Grassy Surge|[of] p1a: Rillaboom\n|turn|1\n|\n|t:|1773947225\n|switch|p2b: Calyrex|Calyrex-Ice, L50|100/100\n|-ability|p2b: Calyrex|As One\n|-ability|p2b: Calyrex|Unnerve\n|move|p1b: Landorus|Protect|p1b: Landorus\n|-singleturn|p1b: Landorus|Protect\n|move|p2a: Grimmsnarl|Light Screen|p2a: Grimmsnarl\n|-sidestart|p2: realcomrade379|move: Light Screen\n|move|p1a: Rillaboom|U-turn|p2b: Calyrex\n|-supereffective|p2b: Calyrex\n|-damage|p2b: Calyrex|75/100\n|\n|t:|1773947229\n|switch|p1a: Incineroar|Incineroar, L50, M|100/100|[from] U-turn\n|-ability|p1a: Incineroar|Intimidate|boost\n|-unboost|p2a: Grimmsnarl|atk|1\n|-unboost|p2b: Calyrex|atk|1\n|\n|-heal|p2b: Calyrex|81/100|[from] Grassy Terrain\n|-heal|p2b: Calyrex|87/100|[from] item: Leftovers\n|upkeep\n|turn|2\n|\n|t:|1773947242\n|-terastallize|p1b: Landorus|Water\n|move|p2a: Grimmsnarl|Reflect|p2a: Grimmsnarl\n|-sidestart|p2: realcomrade379|Reflect\n|move|p1b: Landorus|Sludge Bomb|p2a: Grimmsnarl\n|-supereffective|p2a: Grimmsnarl\n|-damage|p2a: Grimmsnarl|39/100\n|move|p1a: Incineroar|Knock Off|p2b: Calyrex\n|-supereffective|p2b: Calyrex\n|-damage|p2b: Calyrex|58/100\n|-enditem|p2b: Calyrex|Leftovers|[from] move: Knock Off|[of] p1a: Incineroar\n|move|p2b: Calyrex|Glacial Lance|p1b: Landorus|[spread] p1a,p1b\n|-resisted|p1a: Incineroar\n|-resisted|p1b: Landorus\n|-damage|p1a: Incineroar|87/100\n|-damage|p1b: Landorus|84/100\n|\n|-heal|p1b: Landorus|90/100|[from] Grassy Terrain\n|-heal|p2a: Grimmsnarl|45/100|[from] Grassy Terrain\n|-heal|p1a: Incineroar|93/100|[from] Grassy Terrain\n|-heal|p2b: Calyrex|63/100|[from] Grassy Terrain\n|upkeep\n|turn|3\n|\n|t:|1773947263\n|switch|p1a: Calyrex|Calyrex-Ice, L50|100/100\n|-ability|p1a: Calyrex|As One\n|-ability|p1a: Calyrex|Unnerve\n|move|p2a: Grimmsnarl|Thunder Wave|p1b: Landorus\n|-status|p1b: Landorus|par\n|move|p2b: Calyrex|Glacial Lance|p1a: Calyrex|[spread] p1a,p1b\n|-resisted|p1a: Calyrex\n|-resisted|p1b: Landorus\n|-damage|p1a: Calyrex|90/100\n|-damage|p1b: Landorus|74/100 par\n|move|p1b: Landorus|Sludge Bomb|p2a: Grimmsnarl\n|-supereffective|p2a: Grimmsnarl\n|-damage|p2a: Grimmsnarl|0 fnt\n|faint|p2a: Grimmsnarl\n|\n|-heal|p2b: Calyrex|69/100|[from] Grassy Terrain\n|-heal|p1b: Landorus|80/100 par|[from] Grassy Terrain\n|-heal|p1a: Calyrex|96/100|[from] Grassy Terrain\n|-heal|p1a: Calyrex|100/100|[from] item: Leftovers\n|upkeep\n|\n|t:|1773947276\n|switch|p2a: Miraidon|Miraidon, L50|100/100\n|-fieldstart|move: Electric Terrain|[from] ability: Hadron Engine|[of] p2a: Miraidon\n|turn|4\n|inactive|realcomrade379 has 30 seconds left.\n|inactive|413XP has 30 seconds left.\n|j| camala64\n|\n|t:|1773947313\n|switch|p1b: Incineroar|Incineroar, L50, M|93/100\n|-ability|p1b: Incineroar|Intimidate|boost\n|-unboost|p2a: Miraidon|atk|1\n|-unboost|p2b: Calyrex|atk|1\n|move|p1a: Calyrex|Protect|p1a: Calyrex\n|-singleturn|p1a: Calyrex|Protect\n|move|p2a: Miraidon|Volt Switch|p1a: Calyrex\n|-activate|p1a: Calyrex|move: Protect\n|move|p2b: Calyrex|Leech Seed|p1b: Incineroar\n|-start|p1b: Incineroar|move: Leech Seed\n|\n|-damage|p1b: Incineroar|81/100|[from] Leech Seed|[of] p2b: Calyrex\n|-heal|p2b: Calyrex|81/100|[silent]\n|upkeep\n|turn|5\n|j| foloppo\n|\n|t:|1773947325\n|switch|p2a: Incineroar|Incineroar, L50, F|100/100\n|-ability|p2a: Incineroar|Intimidate|boost\n|-unboost|p1a: Calyrex|atk|1\n|-unboost|p1b: Incineroar|atk|1\n|move|p1b: Incineroar|Fake Out|p2a: Incineroar\n|-damage|p2a: Incineroar|96/100\n|move|p2b: Calyrex|Leech Seed|p1a: Calyrex\n|-start|p1a: Calyrex|move: Leech Seed\n|move|p1a: Calyrex|Glacial Lance|p2b: Calyrex|[spread] p2a,p2b\n|-resisted|p2a: Incineroar\n|-resisted|p2b: Calyrex\n|-damage|p2a: Incineroar|85/100\n|-damage|p2b: Calyrex|74/100\n|\n|-damage|p1b: Incineroar|68/100|[from] Leech Seed|[of] p2b: Calyrex\n|-heal|p2b: Calyrex|86/100|[silent]\n|-damage|p1a: Calyrex|88/100|[from] Leech Seed|[of] p2b: Calyrex\n|-heal|p2b: Calyrex|99/100|[silent]\n|upkeep\n|turn|6\n|c| NotherNpc|leech seed my beloved\n|\n|t:|1773947343\n|move|p2a: Incineroar|Knock Off|p1b: Incineroar\n|-resisted|p1b: Incineroar\n|-crit|p1b: Incineroar\n|-damage|p1b: Incineroar|47/100\n|-enditem|p1b: Incineroar|Safety Goggles|[from] move: Knock Off|[of] p2a: Incineroar\n|move|p1b: Incineroar|Parting Shot|p2a: Incineroar\n|-unboost|p2a: Incineroar|atk|1\n|-unboost|p2a: Incineroar|spa|1\n|\n|t:|1773947348\n|switch|p1b: Landorus|Landorus, L50, M, tera:Water|80/100 par|[from] Parting Shot\n|move|p2b: Calyrex|Leech Seed||[still]\n|-fail|p2b: Calyrex\n|move|p1a: Calyrex|Leech Seed|p2b: Calyrex\n|-start|p2b: Calyrex|move: Leech Seed\n|\n|-heal|p1a: Calyrex|94/100|[from] item: Leftovers\n|-damage|p2b: Calyrex|86/100|[from] Leech Seed|[of] p1a: Calyrex\n|-heal|p1a: Calyrex|100/100|[silent]\n|-damage|p1a: Calyrex|88/100|[from] Leech Seed|[of] p2b: Calyrex\n|-heal|p2b: Calyrex|99/100|[silent]\n|upkeep\n|turn|7\n|c| ghostistheman|Yummy yummy leech seed\n|j| myname\u2764\u2764grassgreen\n|\n|t:|1773947367\n|move|p2a: Incineroar|Knock Off|p1b: Landorus\n|-damage|p1b: Landorus|52/100 par\n|-enditem|p1b: Landorus|Life Orb|[from] move: Knock Off|[of] p2a: Incineroar\n|move|p2b: Calyrex|Leech Seed|p1b: Landorus\n|-start|p1b: Landorus|move: Leech Seed\n|move|p1b: Landorus|Earth Power|p2a: Incineroar\n|-supereffective|p2a: Incineroar\n|-damage|p2a: Incineroar|33/100\n|move|p1a: Calyrex|Leech Seed|p2a: Incineroar\n|-start|p2a: Incineroar|move: Leech Seed\n|\n|-heal|p1a: Calyrex|94/100|[from] item: Leftovers\n|-damage|p2a: Incineroar|21/100|[from] Leech Seed|[of] p1a: Calyrex\n|-heal|p1a: Calyrex|100/100|[silent]\n|-damage|p2b: Calyrex|86/100|[from] Leech Seed|[of] p1a: Calyrex\n|-damage|p1b: Landorus|40/100 par|[from] Leech Seed|[of] p2b: Calyrex\n|-heal|p2b: Calyrex|98/100|[silent]\n|-damage|p1a: Calyrex|88/100|[from] Leech Seed|[of] p2b: Calyrex\n|-heal|p2b: Calyrex|100/100|[silent]\n|upkeep\n|turn|8\n|\n|t:|1773947386\n|move|p2a: Incineroar|Knock Off|p1a: Calyrex\n|-supereffective|p1a: Calyrex\n|-damage|p1a: Calyrex|56/100\n|-enditem|p1a: Calyrex|Leftovers|[from] move: Knock Off|[of] p2a: Incineroar\n|move|p2b: Calyrex|Glacial Lance|p1b: Landorus|[spread] p1a,p1b\n|-resisted|p1a: Calyrex\n|-resisted|p1b: Landorus\n|-crit|p1b: Landorus\n|-damage|p1a: Calyrex|47/100\n|-damage|p1b: Landorus|1/100 par\n|move|p1b: Landorus|Earth Power|p2a: Incineroar\n|-supereffective|p2a: Incineroar\n|-damage|p2a: Incineroar|0 fnt\n|faint|p2a: Incineroar\n|move|p1a: Calyrex|Glacial Lance|p2b: Calyrex\n|-resisted|p2b: Calyrex\n|-damage|p2b: Calyrex|90/100\n|\n|-damage|p2b: Calyrex|78/100|[from] Leech Seed|[of] p1a: Calyrex\n|-heal|p1a: Calyrex|59/100|[silent]\n|-damage|p1b: Landorus|0 fnt|[from] Leech Seed|[of] p2b: Calyrex\n|-heal|p2b: Calyrex|79/100|[silent]\n|faint|p1b: Landorus\n|-damage|p1a: Calyrex|47/100|[from] Leech Seed|[of] p2b: Calyrex\n|-heal|p2b: Calyrex|91/100|[silent]\n|-sideend|p2: realcomrade379|move: Light Screen\n|-fieldend|move: Electric Terrain\n|upkeep\n|\n|t:|1773947405\n|switch|p1b: Rillaboom|Rillaboom, L50, M|100/100\n|switch|p2a: Miraidon|Miraidon, L50|100/100\n|-fieldstart|move: Electric Terrain|[from] ability: Hadron Engine|[of] p2a: Miraidon\n|-fieldstart|move: Grassy Terrain|[from] ability: Grassy Surge|[of] p1b: Rillaboom\n|turn|9\n|j| dewottiscool1\n|\n|t:|1773947416\n|-terastallize|p2a: Miraidon|Fairy\n|move|p1b: Rillaboom|Fake Out|p2a: Miraidon\n|-damage|p2a: Miraidon|94/100\n|cant|p2a: Miraidon|flinch\n|move|p2b: Calyrex|Glacial Lance|p1b: Rillaboom|[spread] p1a,p1b\n|-resisted|p1a: Calyrex\n|-supereffective|p1b: Rillaboom\n|-damage|p1a: Calyrex|39/100\n|-damage|p1b: Rillaboom|48/100\n|move|p1a: Calyrex|Glacial Lance|p2b: Calyrex|[spread] p2a,p2b\n|-resisted|p2b: Calyrex\n|-damage|p2a: Miraidon|74/100\n|-damage|p2b: Calyrex|84/100\n|\n|-heal|p2a: Miraidon|80/100|[from] Grassy Terrain\n|-heal|p1b: Rillaboom|54/100|[from] Grassy Terrain\n|-heal|p2b: Calyrex|89/100|[from] Grassy Terrain\n|-heal|p1a: Calyrex|45/100|[from] Grassy Terrain\n|-damage|p2b: Calyrex|77/100|[from] Leech Seed|[of] p1a: Calyrex\n|-heal|p1a: Calyrex|57/100|[silent]\n|-damage|p1a: Calyrex|45/100|[from] Leech Seed|[of] p2b: Calyrex\n|-heal|p2b: Calyrex|89/100|[silent]\n|-sideend|p2: realcomrade379|Reflect\n|upkeep\n|turn|10\n|\n|t:|1773947431\n|move|p1a: Calyrex|Protect|p1a: Calyrex\n|-singleturn|p1a: Calyrex|Protect\n|move|p2a: Miraidon|Dazzling Gleam|p1a: Calyrex|[spread] p1b\n|-activate|p1a: Calyrex|move: Protect\n|-damage|p1b: Rillaboom|16/100\n|move|p1b: Rillaboom|U-turn|p2a: Miraidon\n|-resisted|p2a: Miraidon\n|-damage|p2a: Miraidon|71/100\n|\n|t:|1773947437\n|switch|p1b: Incineroar|Incineroar, L50, M|47/100|[from] U-turn\n|-ability|p1b: Incineroar|Intimidate|boost\n|-unboost|p2a: Miraidon|atk|1\n|-unboost|p2b: Calyrex|atk|1\n|move|p2b: Calyrex|Glacial Lance|p1a: Calyrex|[spread] p1b\n|-activate|p1a: Calyrex|move: Protect\n|-resisted|p1b: Incineroar\n|-damage|p1b: Incineroar|38/100\n|\n|-heal|p2a: Miraidon|77/100|[from] Grassy Terrain\n|-heal|p1b: Incineroar|44/100|[from] Grassy Terrain\n|-heal|p2b: Calyrex|95/100|[from] Grassy Terrain\n|-heal|p1a: Calyrex|51/100|[from] Grassy Terrain\n|-damage|p2b: Calyrex|83/100|[from] Leech Seed|[of] p1a: Calyrex\n|-heal|p1a: Calyrex|63/100|[silent]\n|-damage|p1a: Calyrex|51/100|[from] Leech Seed|[of] p2b: Calyrex\n|-heal|p2b: Calyrex|95/100|[silent]\n|upkeep\n|turn|11\n|\n|t:|1773947450\n|move|p1b: Incineroar|Fake Out|p2a: Miraidon\n|-damage|p2a: Miraidon|68/100\n|cant|p2a: Miraidon|flinch\n|move|p2b: Calyrex|Leech Seed|p1b: Incineroar\n|-start|p1b: Incineroar|move: Leech Seed\n|move|p1a: Calyrex|Leech Seed|p2a: Miraidon\n|-start|p2a: Miraidon|move: Leech Seed\n|\n|-heal|p2a: Miraidon|74/100|[from] Grassy Terrain\n|-heal|p1b: Incineroar|50/100|[from] Grassy Terrain\n|-heal|p2b: Calyrex|100/100|[from] Grassy Terrain\n|-heal|p1a: Calyrex|57/100|[from] Grassy Terrain\n|-damage|p2a: Miraidon|62/100|[from] Leech Seed|[of] p1a: Calyrex\n|-heal|p1a: Calyrex|69/100|[silent]\n|-damage|p1b: Incineroar|37/100|[from] Leech Seed|[of] p2b: Calyrex\n|-damage|p2b: Calyrex|88/100|[from] Leech Seed|[of] p1a: Calyrex\n|-heal|p1a: Calyrex|81/100|[silent]\n|-damage|p1a: Calyrex|69/100|[from] Leech Seed|[of] p2b: Calyrex\n|-heal|p2b: Calyrex|100/100|[silent]\n|upkeep\n|turn|12\n|c| ghostistheman|The field is filled with seeds :O\n|\n|t:|1773947467\n|move|p1a: Calyrex|Protect|p1a: Calyrex\n|-singleturn|p1a: Calyrex|Protect\n|move|p2a: Miraidon|Dazzling Gleam|p1b: Incineroar|[spread] p1b\n|-activate|p1a: Calyrex|move: Protect\n|-crit|p1b: Incineroar\n|-damage|p1b: Incineroar|0 fnt\n|faint|p1b: Incineroar\n|move|p2b: Calyrex|Glacial Lance|p1a: Calyrex\n|-activate|p1a: Calyrex|move: Protect\n|\n|-heal|p2a: Miraidon|68/100|[from] Grassy Terrain\n|-heal|p1a: Calyrex|74/100|[from] Grassy Terrain\n|-damage|p2a: Miraidon|56/100|[from] Leech Seed|[of] p1a: Calyrex\n|-heal|p1a: Calyrex|86/100|[silent]\n|-damage|p2b: Calyrex|88/100|[from] Leech Seed|[of] p1a: Calyrex\n|-heal|p1a: Calyrex|99/100|[silent]\n|-damage|p1a: Calyrex|86/100|[from] Leech Seed|[of] p2b: Calyrex\n|-heal|p2b: Calyrex|100/100|[silent]\n|upkeep\n|\n|t:|1773947473\n|switch|p1b: Rillaboom|Rillaboom, L50, M|16/100\n|turn|13\n|\n|t:|1773947487\n|move|p1b: Rillaboom|Grassy Glide|p2a: Miraidon\n|-damage|p2a: Miraidon|26/100\n|move|p2a: Miraidon|Dazzling Gleam|p1a: Calyrex|[spread] p1a,p1b\n|-damage|p1a: Calyrex|60/100\n|-damage|p1b: Rillaboom|0 fnt\n|faint|p1b: Rillaboom\n|move|p2b: Calyrex|Glacial Lance|p1a: Calyrex\n|-resisted|p1a: Calyrex\n|-damage|p1a: Calyrex|51/100\n|move|p1a: Calyrex|Glacial Lance|p2a: Miraidon|[spread] p2a,p2b\n|-resisted|p2b: Calyrex\n|-damage|p2a: Miraidon|0 fnt\n|-damage|p2b: Calyrex|89/100\n|faint|p2a: Miraidon\n|-ability|p1a: Calyrex|Chilling Neigh|boost\n|-boost|p1a: Calyrex|atk|1\n|\n|-heal|p2b: Calyrex|95/100|[from] Grassy Terrain\n|-heal|p1a: Calyrex|57/100|[from] Grassy Terrain\n|-damage|p2b: Calyrex|83/100|[from] Leech Seed|[of] p1a: Calyrex\n|-heal|p1a: Calyrex|69/100|[silent]\n|-damage|p1a: Calyrex|57/100|[from] Leech Seed|[of] p2b: Calyrex\n|-heal|p2b: Calyrex|95/100|[silent]\n|-fieldend|move: Grassy Terrain\n|upkeep\n|turn|14\n|\n|t:|1773947499\n|move|p1a: Calyrex|Protect|p1a: Calyrex\n|-singleturn|p1a: Calyrex|Protect\n|move|p2b: Calyrex|Glacial Lance|p1a: Calyrex\n|-activate|p1a: Calyrex|move: Protect\n|\n|-damage|p2b: Calyrex|83/100|[from] Leech Seed|[of] p1a: Calyrex\n|-heal|p1a: Calyrex|69/100|[silent]\n|-damage|p1a: Calyrex|57/100|[from] Leech Seed|[of] p2b: Calyrex\n|-heal|p2b: Calyrex|95/100|[silent]\n|upkeep\n|turn|15\n|c| NotherNpc|nice endgame now\n|c|\u2606realcomrade379|i think u got this gg\n|l| NotherNpc\n|-message|realcomrade379 forfeited.\n|\n|win|413XP\n|n|\u2606413XP|413xp\n|n|\u2606realcomrade379|realcomrade379\n|n| ghostistheman|ghostistheman\n|n| mediocreprovoker|mediocreprovoker\n|n| fish witness|fishwitness\n|n| mysticmarshtomp|mysticmarshtomp\n|n| SpatulaHands|spatulahands\n|n| camala64|camala64\n|n| foloppo|foloppo\n|n| myname\u2764\u2764grassgreen|mynamegrassgreen\n|n| dewottiscool1|dewottiscool1\n|l|\u2606realcomrade379\n|player|p2|\n|j| NotherNpc\n|c|\u2606413XP|u had crit odds\n","uploadtime":1773947509,"views":24,"formatid":"gen9vgc2026regi","rating":null,"private":0,"password":null}