{"id":"gen9vgc2026regi-2522909356","format":"[Gen 9] VGC 2026 Reg I","players":["Bman311","Swaggy_R131"],"log":"|j|\u2606Bman311\n|j|\u2606Swaggy_R131\n|t:|1768957945\n|gametype|doubles\n|player|p1|Bman311|cynthia-gen7|1214\n|player|p2|Swaggy_R131|2|1169\n|gen|9\n|tier|[Gen 9] VGC 2026 Reg I\n|rated|\n|rule|Species Clause: Limit one of each Pok\u00e9mon\n|rule|Item Clause: Limit 1 of each item\n|clearpoke\n|poke|p1|Miraidon, L50|\n|poke|p1|Calyrex-Ice, L50|\n|poke|p1|Incineroar, L50, F|\n|poke|p1|Farigiraf, L50, F|\n|poke|p1|Whimsicott, L50, F|\n|poke|p1|Ursaluna, L50, F|\n|poke|p2|Miraidon, L50|\n|poke|p2|Zekrom, L50|\n|poke|p2|Raichu, L50, M|\n|poke|p2|Electabuzz, L50, M|\n|poke|p2|Rotom-Wash, L50|\n|poke|p2|Raikou, L50|\n|teampreview|4\n|inactive|Battle timer is ON: inactive players will automatically lose when time's up. (requested by Bman311)\n|\n|t:|1768957965\n|teamsize|p1|4\n|teamsize|p2|4\n|start\n|switch|p1a: Miraidon|Miraidon, L50|100/100\n|switch|p1b: Whimsicott|Whimsicott, L50, F|100/100\n|switch|p2a: Miraidon|Miraidon, L50|100/100\n|switch|p2b: Raichu|Raichu, L50, M, shiny|100/100\n|-fieldstart|move: Electric Terrain|[from] ability: Hadron Engine|[of] p1a: Miraidon\n|-activate|p2a: Miraidon|ability: Hadron Engine\n|turn|1\n|inactive|Swaggy_R131 has 30 seconds left.\n|\n|t:|1768957996\n|-terastallize|p1a: Miraidon|Fairy\n|-terastallize|p2a: Miraidon|Electric\n|move|p2b: Raichu|Fake Out|p1a: Miraidon\n|-damage|p1a: Miraidon|92/100\n|move|p1b: Whimsicott|Light Screen|p1b: Whimsicott\n|-sidestart|p1: Bman311|move: Light Screen\n|cant|p1a: Miraidon|flinch\n|move|p2a: Miraidon|Parabolic Charge|p1a: Miraidon|[spread] p1a,p1b\n|-ability|p2b: Raichu|Lightning Rod|boost\n|-boost|p2b: Raichu|spa|1\n|-resisted|p1b: Whimsicott\n|-damage|p1a: Miraidon|59/100\n|-damage|p1b: Whimsicott|81/100\n|\n|upkeep\n|turn|2\n|\n|t:|1768958018\n|switch|p2b: Rotom|Rotom-Wash, L50|100/100\n|move|p1b: Whimsicott|Encore||[still]\n|-fail|p1b: Whimsicott\n|move|p1a: Miraidon|Dazzling Gleam|p2b: Rotom|[spread] p2a,p2b\n|-damage|p2a: Miraidon|43/100\n|-damage|p2b: Rotom|47/100\n|move|p2a: Miraidon|Electro Drift|p1a: Miraidon\n|-damage|p1a: Miraidon|0 fnt\n|faint|p1a: Miraidon\n|\n|-heal|p2a: Miraidon|49/100|[from] item: Leftovers\n|upkeep\n|\n|t:|1768958031\n|switch|p1a: Calyrex|Calyrex-Ice, L50|100/100\n|-ability|p1a: Calyrex|As One\n|-ability|p1a: Calyrex|Unnerve\n|turn|3\n|\n|t:|1768958046\n|move|p2a: Miraidon|Parabolic Charge|p1a: Calyrex|[spread] p2b,p1a,p1b\n|-resisted|p1b: Whimsicott\n|-damage|p2b: Rotom|0 fnt\n|-heal|p2a: Miraidon|63/100|[from] drain|[of] p2b: Rotom\n|-damage|p1a: Calyrex|77/100\n|-heal|p2a: Miraidon|75/100|[from] drain|[of] p1a: Calyrex\n|-damage|p1b: Whimsicott|63/100\n|-heal|p2a: Miraidon|83/100|[from] drain|[of] p1b: Whimsicott\n|faint|p2b: Rotom\n|move|p1b: Whimsicott|Moonblast|p2a: Miraidon\n|-damage|p2a: Miraidon|61/100\n|move|p1a: Calyrex|Glacial Lance|p2a: Miraidon\n|-damage|p2a: Miraidon|5/100\n|\n|-heal|p2a: Miraidon|11/100|[from] item: Leftovers\n|upkeep\n|\n|t:|1768958064\n|switch|p2b: Raichu|Raichu, L50, M, shiny|100/100\n|turn|4\n|\n|t:|1768958080\n|move|p1a: Calyrex|Protect|p1a: Calyrex\n|-singleturn|p1a: Calyrex|Protect\n|move|p2b: Raichu|Feint|p1a: Calyrex\n|-activate|p1a: Calyrex|move: Feint\n|-damage|p1a: Calyrex|73/100\n|move|p1b: Whimsicott|Tailwind|p1b: Whimsicott\n|-sidestart|p1: Bman311|move: Tailwind\n|move|p2a: Miraidon|Parabolic Charge|p1a: Calyrex|[spread] p1a,p1b\n|-ability|p2b: Raichu|Lightning Rod|boost\n|-boost|p2b: Raichu|spa|1\n|-resisted|p1b: Whimsicott\n|-damage|p1a: Calyrex|48/100\n|-heal|p2a: Miraidon|24/100|[from] drain|[of] p1a: Calyrex\n|-damage|p1b: Whimsicott|42/100\n|-heal|p2a: Miraidon|32/100|[from] drain|[of] p1b: Whimsicott\n|\n|-heal|p2a: Miraidon|38/100|[from] item: Leftovers\n|upkeep\n|turn|5\n|inactive|Swaggy_R131 has 30 seconds left.\n|\n|t:|1768958112\n|move|p1b: Whimsicott|Moonblast|p2a: Miraidon\n|-damage|p2a: Miraidon|18/100\n|move|p2b: Raichu|Nuzzle|p1a: Calyrex\n|-damage|p1a: Calyrex|42/100\n|-status|p1a: Calyrex|par\n|move|p2a: Miraidon|Parabolic Charge|p1a: Calyrex|[spread] p1a,p1b\n|-ability|p2b: Raichu|Lightning Rod|boost\n|-boost|p2b: Raichu|spa|1\n|-resisted|p1b: Whimsicott\n|-damage|p1a: Calyrex|17/100 par\n|-heal|p2a: Miraidon|31/100|[from] drain|[of] p1a: Calyrex\n|-damage|p1b: Whimsicott|23/100\n|-heal|p2a: Miraidon|39/100|[from] drain|[of] p1b: Whimsicott\n|move|p1a: Calyrex|Glacial Lance|p2a: Miraidon|[spread] p2a,p2b\n|-damage|p2a: Miraidon|0 fnt\n|-enditem|p2b: Raichu|Focus Sash\n|-damage|p2b: Raichu|1/100\n|faint|p2a: Miraidon\n|-ability|p1a: Calyrex|Chilling Neigh|boost\n|-boost|p1a: Calyrex|atk|1\n|\n|-sideend|p1: Bman311|move: Light Screen\n|-fieldend|move: Electric Terrain\n|upkeep\n|\n|t:|1768958135\n|switch|p2a: Zekrom|Zekrom, L50|100/100\n|-ability|p2a: Zekrom|Teravolt\n|turn|6\n|\n|t:|1768958154\n|switch|p1b: Ursaluna|Ursaluna, L50, F|100/100\n|move|p2b: Raichu|Thunderbolt|p1a: Calyrex\n|-damage|p1a: Calyrex|0 fnt\n|faint|p1a: Calyrex\n|move|p2a: Zekrom|Fusion Bolt|p1b: Ursaluna\n|-immune|p1b: Ursaluna\n|\n|-status|p1b: Ursaluna|brn|[from] item: Flame Orb\n|upkeep\n|\n|t:|1768958159\n|switch|p1a: Whimsicott|Whimsicott, L50, F|23/100\n|turn|7\n|\n|t:|1768958175\n|move|p1a: Whimsicott|Encore|p2a: Zekrom\n|-start|p2a: Zekrom|Encore\n|move|p2b: Raichu|Thunderbolt|p1a: Whimsicott\n|-resisted|p1a: Whimsicott\n|-damage|p1a: Whimsicott|0 fnt\n|faint|p1a: Whimsicott\n|move|p2a: Zekrom|Fusion Bolt|p1b: Ursaluna\n|-immune|p1b: Ursaluna\n|move|p1b: Ursaluna|Earthquake|p2b: Raichu|[spread] p2a,p2b\n|-supereffective|p2a: Zekrom\n|-supereffective|p2b: Raichu\n|-damage|p2a: Zekrom|0 fnt\n|-damage|p2b: Raichu|0 fnt\n|faint|p2a: Zekrom\n|faint|p2b: Raichu\n|\n|win|Bman311\n|raw|Bman311's rating: 1214 &rarr; <strong>1236</strong><br />(+22 for winning)\n|raw|Swaggy_R131's rating: 1169 &rarr; <strong>1147</strong><br />(-22 for losing)\n|l|\u2606Swaggy_R131\n|player|p2|\n|l|\u2606Bman311\n|player|p1|\n","uploadtime":1768958333,"views":14,"formatid":"gen9vgc2026regi","rating":1147,"private":0,"password":null}