{"id":"gen9vgc2026regi-2589941222","format":"[Gen 9] VGC 2026 Reg I","players":["hwng1337","stupid test7"],"log":"|j|\u2606hwng1337\n|j|\u2606stupid test7\n|t:|1776775922\n|gametype|doubles\n|player|p1|hwng1337|n|1427\n|player|p2|stupid test7|265|1319\n|gen|9\n|tier|[Gen 9] VGC 2026 Reg I\n|rated|\n|rule|Species Clause: Limit one of each Pok\u00e9mon\n|rule|Item Clause: Limit 1 of each item\n|clearpoke\n|poke|p1|Indeedee-F, L50, F|\n|poke|p1|Hatterene, L50, F|\n|poke|p1|Incineroar, L50, F|\n|poke|p1|Amoonguss, L50, F|\n|poke|p1|Ursaluna-Bloodmoon, L50, M|\n|poke|p1|Gallade, L50, M|\n|poke|p2|Kyogre, L50|\n|poke|p2|Indeedee-F, L50, F|\n|poke|p2|Weezing-Galar, L50, M|\n|poke|p2|Urshifu-*, L50, F|\n|poke|p2|Calyrex-Ice, L50|\n|poke|p2|Wyrdeer, L50, F|\n|teampreview|4\n|inactive|Battle timer is ON: inactive players will automatically lose when time's up. (requested by hwng1337)\n|inactive|hwng1337 has 60 seconds left.\n|inactive|stupid test7 has 60 seconds left.\n|j| VGCbabyrex\n|\n|t:|1776775965\n|teamsize|p1|4\n|teamsize|p2|4\n|start\n|switch|p1a: M\u00e8omeo|Incineroar, L50, F, shiny|100/100\n|switch|p1b: Laylalay|Gallade, L50, M, shiny|100/100\n|switch|p2a: Kyogre|Kyogre, L50|100/100\n|switch|p2b: Indeedee|Indeedee-F, L50, F|100/100\n|-weather|RainDance|[from] ability: Drizzle|[of] p2a: Kyogre\n|-fieldstart|move: Psychic Terrain|[from] ability: Psychic Surge|[of] p2b: Indeedee\n|-enditem|p2b: Indeedee|Psychic Seed\n|-boost|p2b: Indeedee|spd|1|[from] item: Psychic Seed\n|-ability|p1a: M\u00e8omeo|Intimidate|boost\n|-unboost|p2a: Kyogre|atk|1\n|-unboost|p2b: Indeedee|atk|1\n|turn|1\n|inactive|hwng1337 has 30 seconds left.\n|\n|t:|1776776000\n|switch|p2a: Wyrdeer|Wyrdeer, L50, F|100/100\n|-ability|p2a: Wyrdeer|Intimidate|boost\n|-unboost|p1a: M\u00e8omeo|atk|1\n|-fail|p1b: Laylalay|unboost|[from] item: Clear Amulet|[of] p1b: Laylalay\n|move|p1b: Laylalay|Wide Guard|p1b: Laylalay\n|-singleturn|p1b: Laylalay|Wide Guard\n|move|p2b: Indeedee|Baton Pass|p2b: Indeedee\n|\n|t:|1776776007\n|switch|p2b: Calyrex|Calyrex-Ice, L50|100/100|[from] Baton Pass\n|-ability|p2b: Calyrex|As One\n|-ability|p2b: Calyrex|Unnerve\n|move|p1a: M\u00e8omeo|U-turn|p2b: Calyrex\n|-supereffective|p2b: Calyrex\n|-damage|p2b: Calyrex|85/100\n|inactive|hwng1337 has 30 seconds left.\n|\n|t:|1776776039\n|switch|p1a: Hatterene|Hatterene, L50, F, shiny|100/100|[from] U-turn\n|\n|-weather|RainDance|[upkeep]\n|-heal|p2b: Calyrex|91/100|[from] item: Leftovers\n|upkeep\n|turn|2\n|\n|t:|1776776051\n|move|p1a: Hatterene|Protect|p1a: Hatterene\n|-singleturn|p1a: Hatterene|Protect\n|move|p2b: Calyrex|Substitute|p2b: Calyrex\n|-start|p2b: Calyrex|Substitute\n|-damage|p2b: Calyrex|66/100\n|move|p1b: Laylalay|Night Slash|p2b: Calyrex\n|-supereffective|p2b: Calyrex\n|-end|p2b: Calyrex|Substitute\n|move|p2a: Wyrdeer|Gravity|p2a: Wyrdeer\n|-fieldstart|move: Gravity\n|\n|-weather|RainDance|[upkeep]\n|-heal|p2b: Calyrex|72/100|[from] item: Leftovers\n|upkeep\n|turn|3\n|inactive|hwng1337 has 30 seconds left.\n|\n|t:|1776776079\n|-terastallize|p1a: Hatterene|Fire\n|move|p2b: Calyrex|Substitute|p2b: Calyrex\n|-start|p2b: Calyrex|Substitute\n|-damage|p2b: Calyrex|47/100\n|move|p2a: Wyrdeer|Hypnosis|p1b: Laylalay\n|-status|p1b: Laylalay|slp|[from] move: Hypnosis\n|move|p1a: Hatterene|Mystical Fire|p2b: Calyrex\n|-supereffective|p2b: Calyrex\n|-activate|p2b: Calyrex|move: Substitute|[damage]\n|-damage|p1a: Hatterene|91/100|[from] item: Life Orb\n|cant|p1b: Laylalay|slp\n|\n|-weather|RainDance|[upkeep]\n|-heal|p2b: Calyrex|53/100|[from] item: Leftovers\n|upkeep\n|turn|4\n|l| VGCbabyrex\n|\n|t:|1776776099\n|move|p2b: Calyrex|Leech Seed|p1b: Laylalay\n|-start|p1b: Laylalay|move: Leech Seed\n|move|p2a: Wyrdeer|Expanding Force|p1a: Hatterene|[spread] p1a,p1b\n|-damage|p1a: Hatterene|41/100\n|-damage|p1b: Laylalay|56/100 slp\n|move|p1a: Hatterene|Expanding Force|p2a: Wyrdeer|[spread] p2a,p2b\n|-resisted|p2b: Calyrex\n|-crit|p2b: Calyrex\n|-end|p2b: Calyrex|Substitute\n|-resisted|p2a: Wyrdeer\n|-damage|p2a: Wyrdeer|64/100\n|-damage|p1a: Hatterene|31/100|[from] item: Life Orb\n|cant|p1b: Laylalay|slp\n|\n|-weather|RainDance|[upkeep]\n|-heal|p2b: Calyrex|59/100|[from] item: Leftovers\n|-damage|p1b: Laylalay|44/100 slp|[from] Leech Seed|[of] p2b: Calyrex\n|-heal|p2b: Calyrex|67/100|[silent]\n|upkeep\n|turn|5\n|\n|t:|1776776114\n|switch|p1b: M\u00e8omeo|Incineroar, L50, F, shiny|100/100\n|-ability|p1b: M\u00e8omeo|Intimidate|boost\n|-unboost|p2a: Wyrdeer|atk|1\n|-unboost|p2b: Calyrex|atk|1\n|move|p1a: Hatterene|Protect|p1a: Hatterene\n|-singleturn|p1a: Hatterene|Protect\n|move|p2b: Calyrex|Substitute|p2b: Calyrex\n|-start|p2b: Calyrex|Substitute\n|-damage|p2b: Calyrex|43/100\n|move|p2a: Wyrdeer|Expanding Force|p1b: M\u00e8omeo|[spread] \n|-activate|p1a: Hatterene|move: Protect\n|-immune|p1b: M\u00e8omeo\n|\n|-weather|none\n|-heal|p2b: Calyrex|48/100|[from] item: Leftovers\n|-fieldend|move: Psychic Terrain\n|upkeep\n|turn|6\n|inactive|hwng1337 has 30 seconds left.\n|\n|t:|1776776143\n|-terastallize|p2b: Calyrex|Fairy\n|move|p1b: M\u00e8omeo|Fake Out|p2a: Wyrdeer\n|-crit|p2a: Wyrdeer\n|-damage|p2a: Wyrdeer|49/100\n|move|p2b: Calyrex|Glacial Lance|p1a: Hatterene|[spread] p1a,p1b\n|-resisted|p1a: Hatterene\n|-resisted|p1b: M\u00e8omeo\n|-damage|p1a: Hatterene|17/100\n|-damage|p1b: M\u00e8omeo|90/100\n|cant|p2a: Wyrdeer|flinch\n|move|p1a: Hatterene|Trick Room|p1a: Hatterene\n|-fieldstart|move: Trick Room|[of] p1a: Hatterene\n|\n|-heal|p2b: Calyrex|54/100|[from] item: Leftovers\n|-fieldend|move: Gravity\n|upkeep\n|turn|7\n|inactive|stupid test7 has 30 seconds left.\n|\n|t:|1776776169\n|switch|p1a: Sleepyballs|Amoonguss, L50, F, shiny|100/100\n|move|p1b: M\u00e8omeo|Knock Off|p2a: Wyrdeer\n|-supereffective|p2a: Wyrdeer\n|-crit|p2a: Wyrdeer\n|-damage|p2a: Wyrdeer|0 fnt\n|-enditem|p2a: Wyrdeer|Safety Goggles|[from] move: Knock Off|[of] p1b: M\u00e8omeo\n|faint|p2a: Wyrdeer\n|move|p2b: Calyrex|Glacial Lance|p1b: M\u00e8omeo|[spread] p1a,p1b\n|-supereffective|p1a: Sleepyballs\n|-resisted|p1b: M\u00e8omeo\n|-damage|p1a: Sleepyballs|53/100\n|-damage|p1b: M\u00e8omeo|78/100\n|\n|-heal|p2b: Calyrex|60/100|[from] item: Leftovers\n|upkeep\n|\n|t:|1776776179\n|switch|p2a: Kyogre|Kyogre, L50|100/100\n|-weather|RainDance|[from] ability: Drizzle|[of] p2a: Kyogre\n|turn|8\n|inactive|hwng1337 has 30 seconds left.\n|inactive|hwng1337 has 20 seconds left.\n|\n|t:|1776776215\n|switch|p1a: Laylalay|Gallade, L50, M, shiny|44/100 slp\n|switch|p2a: Indeedee|Indeedee-F, L50, F|100/100\n|-fieldstart|move: Psychic Terrain|[from] ability: Psychic Surge|[of] p2a: Indeedee\n|move|p1b: M\u00e8omeo|Flare Blitz|p2b: Calyrex\n|-activate|p2b: Calyrex|move: Substitute|[damage]\n|-damage|p1b: M\u00e8omeo|74/100|[from] Recoil|[of] p2b: Calyrex\n|move|p2b: Calyrex|Glacial Lance|p1b: M\u00e8omeo|[spread] p1a,p1b\n|-resisted|p1b: M\u00e8omeo\n|-damage|p1a: Laylalay|5/100 slp\n|-damage|p1b: M\u00e8omeo|63/100\n|\n|-weather|RainDance|[upkeep]\n|-heal|p2b: Calyrex|66/100|[from] item: Leftovers\n|upkeep\n|turn|9\n|\n|t:|1776776231\n|move|p1b: M\u00e8omeo|Knock Off|p2a: Indeedee\n|-supereffective|p2a: Indeedee\n|-damage|p2a: Indeedee|50/100\n|cant|p1a: Laylalay|slp\n|move|p2a: Indeedee|Alluring Voice|p1a: Laylalay\n|-supereffective|p1a: Laylalay\n|-damage|p1a: Laylalay|0 fnt\n|faint|p1a: Laylalay\n|move|p2b: Calyrex|Leech Seed|p1b: M\u00e8omeo\n|-start|p1b: M\u00e8omeo|move: Leech Seed\n|\n|-weather|RainDance|[upkeep]\n|-heal|p2b: Calyrex|72/100|[from] item: Leftovers\n|-damage|p1b: M\u00e8omeo|50/100|[from] Leech Seed|[of] p2b: Calyrex\n|-heal|p2b: Calyrex|84/100|[silent]\n|upkeep\n|\n|t:|1776776238\n|switch|p1a: Hatterene|Hatterene, L50, F, shiny, tera:Fire|17/100\n|turn|10\n|\n|t:|1776776252\n|move|p1a: Hatterene|Expanding Force|p2a: Indeedee|[spread] p2a,p2b\n|-end|p2b: Calyrex|Substitute\n|-resisted|p2a: Indeedee\n|-damage|p2a: Indeedee|6/100\n|-damage|p1a: Hatterene|7/100|[from] item: Life Orb\n|move|p1b: M\u00e8omeo|Flare Blitz|p2b: Calyrex\n|-damage|p2b: Calyrex|69/100\n|-damage|p1b: M\u00e8omeo|46/100|[from] Recoil\n|move|p2a: Indeedee|Baton Pass|p2a: Indeedee\n|\n|t:|1776776260\n|switch|p2a: Kyogre|Kyogre, L50|100/100|[from] Baton Pass\n|move|p2b: Calyrex|Glacial Lance|p1a: Hatterene|[spread] p1a,p1b\n|-resisted|p1a: Hatterene\n|-resisted|p1b: M\u00e8omeo\n|-damage|p1a: Hatterene|0 fnt\n|-damage|p1b: M\u00e8omeo|35/100\n|faint|p1a: Hatterene\n|-ability|p2b: Calyrex|Chilling Neigh|boost\n|-boost|p2b: Calyrex|atk|1\n|\n|-weather|RainDance|[upkeep]\n|-heal|p2b: Calyrex|74/100|[from] item: Leftovers\n|-damage|p1b: M\u00e8omeo|23/100|[from] Leech Seed|[of] p2b: Calyrex\n|-heal|p2b: Calyrex|86/100|[silent]\n|-fieldend|move: Trick Room\n|upkeep\n|inactive|hwng1337 has 30 seconds left.\n|\n|t:|1776776291\n|switch|p1a: Sleepyballs|Amoonguss, L50, F, shiny|86/100\n|turn|11\n|\n|t:|1776776304\n|move|p2a: Kyogre|Water Spout|p1a: Sleepyballs|[spread] p1a,p1b\n|-resisted|p1a: Sleepyballs\n|-supereffective|p1b: M\u00e8omeo\n|-damage|p1a: Sleepyballs|45/100\n|-damage|p1b: M\u00e8omeo|0 fnt\n|faint|p1b: M\u00e8omeo\n|move|p2b: Calyrex|Glacial Lance|p1a: Sleepyballs\n|-supereffective|p1a: Sleepyballs\n|-damage|p1a: Sleepyballs|0 fnt\n|faint|p1a: Sleepyballs\n|\n|win|stupid test7\n|raw|hwng1337's rating: 1427 &rarr; <strong>1401</strong><br />(-26 for losing)\n|raw|stupid test7's rating: 1319 &rarr; <strong>1345</strong><br />(+26 for winning)\n|l|\u2606hwng1337\n|player|p1|\n|l|\u2606stupid test7\n|player|p2|\n","uploadtime":1776776521,"views":7,"formatid":"gen9vgc2026regi","rating":1345,"private":0,"password":null}