{"id":"gen9vgc2026regi-2518519900","format":"[Gen 9] VGC 2026 Reg I","players":["marcxhenry","blackred123\u5415\u5e03\u4fa0"],"log":"|j|\u2606marcxhenry\n|j|\u2606blackred123\u5415\u5e03\u4fa0\n|t:|1768400569\n|gametype|doubles\n|player|p1|marcxhenry|hilbert-wonderlauncher|1275\n|player|p2|blackred123\u5415\u5e03\u4fa0|iono-masters|1285\n|gen|9\n|tier|[Gen 9] VGC 2026 Reg I\n|rated|\n|rule|Species Clause: Limit one of each Pok\u00e9mon\n|rule|Item Clause: Limit 1 of each item\n|clearpoke\n|poke|p1|Calyrex-Shadow, L50|\n|poke|p1|Urshifu-*, L50, M|\n|poke|p1|Roaring Moon, L50|\n|poke|p1|Kyogre, L50|\n|poke|p1|Tsareena, L50, F|\n|poke|p1|Kingambit, L50, M|\n|poke|p2|Calyrex-Shadow, L50|\n|poke|p2|Zamazenta-*, L50|\n|poke|p2|Incineroar, L50, F|\n|poke|p2|Rillaboom, L50, F|\n|poke|p2|Ogerpon-Cornerstone, L50, F|\n|poke|p2|Tornadus, L50, M|\n|teampreview|4\n|inactive|Battle timer is ON: inactive players will automatically lose when time's up. (requested by blackred123\u5415\u5e03\u4fa0)\n|inactive|blackred123\u5415\u5e03\u4fa0 has 60 seconds left.\n|\n|t:|1768400626\n|teamsize|p1|4\n|teamsize|p2|4\n|start\n|switch|p1a: Ludwig|Calyrex-Shadow, L50|100/100\n|switch|p1b: Roter Baron|Roaring Moon, L50, shiny|100/100\n|switch|p2a: \u54c7\u8884\uff08\u72d7\u53eb\u58f0\uff09|Zamazenta-Crowned, L50|100/100\n|switch|p2b: \u90a3\u6211\u7f3a\u7684\u8425\u517b\u8fd9\u5757\u8c01\u7ed9\u6211\u8865\u554a\uff08\u6307\u8349\u573a\uff09|Rillaboom, L50, F|100/100\n|-ability|p1a: Ludwig|As One\n|-ability|p1a: Ludwig|Unnerve\n|-ability|p2a: \u54c7\u8884\uff08\u72d7\u53eb\u58f0\uff09|Dauntless Shield|boost\n|-boost|p2a: \u54c7\u8884\uff08\u72d7\u53eb\u58f0\uff09|def|1\n|-fieldstart|move: Grassy Terrain|[from] ability: Grassy Surge|[of] p2b: \u90a3\u6211\u7f3a\u7684\u8425\u517b\u8fd9\u5757\u8c01\u7ed9\u6211\u8865\u554a\uff08\u6307\u8349\u573a\uff09\n|-enditem|p1b: Roter Baron|Booster Energy\n|-activate|p1b: Roter Baron|ability: Protosynthesis|[fromitem]\n|-start|p1b: Roter Baron|protosynthesisspe\n|turn|1\n|\n|t:|1768400642\n|switch|p1a: Eva|Tsareena, L50, F, shiny|100/100\n|-terastallize|p1b: Roter Baron|Flying\n|move|p2b: \u90a3\u6211\u7f3a\u7684\u8425\u517b\u8fd9\u5757\u8c01\u7ed9\u6211\u8865\u554a\uff08\u6307\u8349\u573a\uff09|Fake Out||[still]\n|cant|p1a: Eva|ability: Queenly Majesty|Fake Out|[of] p2b: \u90a3\u6211\u7f3a\u7684\u8425\u517b\u8fd9\u5757\u8c01\u7ed9\u6211\u8865\u554a\uff08\u6307\u8349\u573a\uff09\n|move|p1b: Roter Baron|Acrobatics|p2b: \u90a3\u6211\u7f3a\u7684\u8425\u517b\u8fd9\u5757\u8c01\u7ed9\u6211\u8865\u554a\uff08\u6307\u8349\u573a\uff09\n|-supereffective|p2b: \u90a3\u6211\u7f3a\u7684\u8425\u517b\u8fd9\u5757\u8c01\u7ed9\u6211\u8865\u554a\uff08\u6307\u8349\u573a\uff09\n|-damage|p2b: \u90a3\u6211\u7f3a\u7684\u8425\u517b\u8fd9\u5757\u8c01\u7ed9\u6211\u8865\u554a\uff08\u6307\u8349\u573a\uff09|0 fnt\n|faint|p2b: \u90a3\u6211\u7f3a\u7684\u8425\u517b\u8fd9\u5757\u8c01\u7ed9\u6211\u8865\u554a\uff08\u6307\u8349\u573a\uff09\n|move|p2a: \u54c7\u8884\uff08\u72d7\u53eb\u58f0\uff09|Body Press|p1b: Roter Baron\n|-resisted|p1b: Roter Baron\n|-damage|p1b: Roter Baron|52/100\n|\n|upkeep\n|\n|t:|1768400660\n|switch|p2b: \u5636\u9a6c\u51a0\u54e5|Calyrex-Shadow, L50|100/100\n|-ability|p2b: \u5636\u9a6c\u51a0\u54e5|As One\n|-ability|p2b: \u5636\u9a6c\u51a0\u54e5|Unnerve\n|turn|2\n|\n|t:|1768400668\n|-terastallize|p2b: \u5636\u9a6c\u51a0\u54e5|Dark\n|move|p1b: Roter Baron|Tailwind|p1b: Roter Baron\n|-sidestart|p1: marcxhenry|move: Tailwind\n|move|p1a: Eva|Taunt|p2a: \u54c7\u8884\uff08\u72d7\u53eb\u58f0\uff09\n|-start|p2a: \u54c7\u8884\uff08\u72d7\u53eb\u58f0\uff09|move: Taunt\n|move|p2b: \u5636\u9a6c\u51a0\u54e5|Astral Barrage|p1b: Roter Baron|[spread] p1a,p1b\n|-damage|p1a: Eva|32/100\n|-damage|p1b: Roter Baron|0 fnt\n|faint|p1b: Roter Baron\n|-end|p1b: Roter Baron|Protosynthesis|[silent]\n|-ability|p2b: \u5636\u9a6c\u51a0\u54e5|Grim Neigh|boost\n|-boost|p2b: \u5636\u9a6c\u51a0\u54e5|spa|1\n|move|p2a: \u54c7\u8884\uff08\u72d7\u53eb\u58f0\uff09|Heavy Slam|p1a: Eva\n|-damage|p1a: Eva|0 fnt\n|faint|p1a: Eva\n|\n|upkeep\n|\n|t:|1768400683\n|switch|p1b: Ludwig|Calyrex-Shadow, L50|100/100\n|switch|p1a: Tripitz|Kyogre, L50, shiny|100/100\n|-ability|p1b: Ludwig|As One\n|-ability|p1b: Ludwig|Unnerve\n|-weather|RainDance|[from] ability: Drizzle|[of] p1a: Tripitz\n|turn|3\n|\n|t:|1768400695\n|move|p2b: \u5636\u9a6c\u51a0\u54e5|Protect|p2b: \u5636\u9a6c\u51a0\u54e5\n|-singleturn|p2b: \u5636\u9a6c\u51a0\u54e5|Protect\n|move|p1b: Ludwig|Astral Barrage|p2a: \u54c7\u8884\uff08\u72d7\u53eb\u58f0\uff09|[spread] p2a\n|-activate|p2b: \u5636\u9a6c\u51a0\u54e5|move: Protect\n|-damage|p2a: \u54c7\u8884\uff08\u72d7\u53eb\u58f0\uff09|61/100\n|move|p1a: Tripitz|Water Spout|p2a: \u54c7\u8884\uff08\u72d7\u53eb\u58f0\uff09|[spread] p2a\n|-activate|p2b: \u5636\u9a6c\u51a0\u54e5|move: Protect\n|-damage|p2a: \u54c7\u8884\uff08\u72d7\u53eb\u58f0\uff09|0 fnt\n|faint|p2a: \u54c7\u8884\uff08\u72d7\u53eb\u58f0\uff09\n|\n|-weather|RainDance|[upkeep]\n|upkeep\n|\n|t:|1768400706\n|switch|p2a: \u68cd\u7236|Tornadus, L50, M|100/100\n|turn|4\n|\n|t:|1768400713\n|move|p1a: Tripitz|Protect|p1a: Tripitz\n|-singleturn|p1a: Tripitz|Protect\n|move|p2a: \u68cd\u7236|Tailwind|p2a: \u68cd\u7236\n|-sidestart|p2: blackred123\u5415\u5e03\u4fa0|move: Tailwind\n|move|p2b: \u5636\u9a6c\u51a0\u54e5|Astral Barrage|p1b: Ludwig|[spread] p1b\n|-activate|p1a: Tripitz|move: Protect\n|-supereffective|p1b: Ludwig\n|-enditem|p1b: Ludwig|Focus Sash\n|-damage|p1b: Ludwig|1/100\n|move|p1b: Ludwig|Trick Room|p1b: Ludwig\n|-fieldstart|move: Trick Room|[of] p1b: Ludwig\n|\n|-weather|RainDance|[upkeep]\n|-heal|p1b: Ludwig|7/100|[from] Grassy Terrain\n|upkeep\n|turn|5\n|\n|t:|1768400726\n|move|p1b: Ludwig|Protect|p1b: Ludwig\n|-singleturn|p1b: Ludwig|Protect\n|move|p1a: Tripitz|Water Spout|p2a: \u68cd\u7236|[spread] p2a,p2b\n|-damage|p2a: \u68cd\u7236|0 fnt\n|-damage|p2b: \u5636\u9a6c\u51a0\u54e5|0 fnt\n|faint|p2a: \u68cd\u7236\n|faint|p2b: \u5636\u9a6c\u51a0\u54e5\n|\n|win|marcxhenry\n|raw|marcxhenry's rating: 1275 &rarr; <strong>1301</strong><br />(+26 for winning)\n|raw|blackred123\u5415\u5e03\u4fa0's rating: 1285 &rarr; <strong>1259</strong><br />(-26 for losing)\n|l|\u2606marcxhenry\n|player|p1|\n","uploadtime":1768400917,"views":11,"formatid":"gen9vgc2026regi","rating":1259,"private":0,"password":null}