{"id":"gen9vgc2026regi-2519492455","format":"[Gen 9] VGC 2026 Reg I","players":["alxback","Schimmli"],"log":"|j|\u2606alxback\n|j|\u2606Schimmli\n|t:|1768511015\n|gametype|doubles\n|player|p1|alxback|swimmer|1385\n|player|p2|Schimmli|102|1476\n|gen|9\n|tier|[Gen 9] VGC 2026 Reg I\n|rated|\n|rule|Species Clause: Limit one of each Pok\u00e9mon\n|rule|Item Clause: Limit 1 of each item\n|clearpoke\n|poke|p1|Walking Wake, L50|\n|poke|p1|Groudon, L50|\n|poke|p1|Miraidon, L50|\n|poke|p1|Grimmsnarl, L50, M|\n|poke|p1|Sableye, L50, F|\n|poke|p1|Pachirisu, L50, F|\n|poke|p2|Terapagos, L50, M|\n|poke|p2|Calyrex-Shadow, L50|\n|poke|p2|Flutter Mane, L50|\n|poke|p2|Ogerpon-Cornerstone, L50, F|\n|poke|p2|Incineroar, L50, M|\n|poke|p2|Rillaboom, L50, F|\n|teampreview|4\n|inactive|Battle timer is ON: inactive players will automatically lose when time's up. (requested by alxback)\n|\n|t:|1768511044\n|teamsize|p1|4\n|teamsize|p2|4\n|start\n|switch|p1a: Miraidon|Miraidon, L50|100/100\n|switch|p1b: Grimmsnarl|Grimmsnarl, L50, M|100/100\n|switch|p2a: Terapagos|Terapagos, L50, M|100/100\n|switch|p2b: Rillaboom|Rillaboom, L50, F|100/100\n|-activate|p2a: Terapagos|ability: Tera Shift\n|detailschange|p2a: Terapagos|Terapagos-Terastal, L50, M\n|-heal|p2a: Terapagos|100/100|[silent]\n|-fieldstart|move: Electric Terrain|[from] ability: Hadron Engine|[of] p1a: Miraidon\n|-fieldstart|move: Grassy Terrain|[from] ability: Grassy Surge|[of] p2b: Rillaboom\n|turn|1\n|\n|t:|1768511055\n|move|p2b: Rillaboom|Fake Out|p1b: Grimmsnarl\n|-damage|p1b: Grimmsnarl|87/100\n|cant|p1b: Grimmsnarl|flinch\n|move|p1a: Miraidon|Calm Mind|p1a: Miraidon\n|-boost|p1a: Miraidon|spa|1\n|-boost|p1a: Miraidon|spd|1\n|move|p2a: Terapagos|Calm Mind|p2a: Terapagos\n|-boost|p2a: Terapagos|spa|1\n|-boost|p2a: Terapagos|spd|1\n|\n|-heal|p1b: Grimmsnarl|93/100|[from] Grassy Terrain\n|upkeep\n|turn|2\n|\n|t:|1768511069\n|move|p1b: Grimmsnarl|Thunder Wave|p2a: Terapagos\n|-status|p2a: Terapagos|par\n|move|p1a: Miraidon|Calm Mind|p1a: Miraidon\n|-boost|p1a: Miraidon|spa|1\n|-boost|p1a: Miraidon|spd|1\n|move|p2b: Rillaboom|U-turn|p1b: Grimmsnarl\n|-damage|p1b: Grimmsnarl|69/100\n|\n|t:|1768511086\n|switch|p2b: Flutter Mane|Flutter Mane, L50|100/100|[from] U-turn\n|-enditem|p2b: Flutter Mane|Booster Energy\n|-activate|p2b: Flutter Mane|ability: Protosynthesis|[fromitem]\n|-start|p2b: Flutter Mane|protosynthesisspe\n|cant|p2a: Terapagos|par\n|\n|-heal|p1b: Grimmsnarl|75/100|[from] Grassy Terrain\n|upkeep\n|turn|3\n|\n|t:|1768511109\n|move|p1b: Grimmsnarl|Light Screen|p1b: Grimmsnarl\n|-sidestart|p1: alxback|move: Light Screen\n|move|p2b: Flutter Mane|Taunt|p1a: Miraidon\n|-start|p1a: Miraidon|move: Taunt\n|cant|p1a: Miraidon|move: Taunt|Calm Mind\n|move|p2a: Terapagos|Calm Mind|p2a: Terapagos\n|-boost|p2a: Terapagos|spa|1\n|-boost|p2a: Terapagos|spd|1\n|\n|-heal|p1b: Grimmsnarl|81/100|[from] Grassy Terrain\n|upkeep\n|turn|4\n|\n|t:|1768511124\n|move|p2b: Flutter Mane|Protect|p2b: Flutter Mane\n|-singleturn|p2b: Flutter Mane|Protect\n|move|p1b: Grimmsnarl|Parting Shot|p2a: Terapagos\n|-unboost|p2a: Terapagos|atk|1\n|-unboost|p2a: Terapagos|spa|1\n|\n|t:|1768511131\n|switch|p1b: Pachirisu|Pachirisu, L50, F|100/100|[from] Parting Shot\n|move|p1a: Miraidon|Parabolic Charge|p2a: Terapagos|[spread] p2a\n|-activate|p2b: Flutter Mane|move: Protect\n|-immune|p1b: Pachirisu|[from] ability: Volt Absorb\n|-activate|p2a: Terapagos|ability: Tera Shell\n|-resisted|p2a: Terapagos\n|-damage|p2a: Terapagos|90/100 par\n|move|p2a: Terapagos|Calm Mind|p2a: Terapagos\n|-boost|p2a: Terapagos|spa|1\n|-boost|p2a: Terapagos|spd|1\n|\n|-heal|p2a: Terapagos|96/100 par|[from] Grassy Terrain\n|-heal|p2a: Terapagos|100/100 par|[from] item: Leftovers\n|upkeep\n|turn|5\n|inactive|Schimmli has 30 seconds left.\n|\n|t:|1768511157\n|-terastallize|p2a: Terapagos|Stellar\n|detailschange|p2a: Terapagos|Terapagos-Stellar, L50, M, tera:Stellar\n|-heal|p2a: Terapagos|100/100 par|[silent]\n|-ability|p2a: Terapagos|Teraform Zero\n|-fieldend|move: Grassy Terrain\n|move|p2b: Flutter Mane|Moonblast|p1a: Miraidon\n|-supereffective|p1a: Miraidon\n|-damage|p1a: Miraidon|79/100\n|move|p1a: Miraidon|Parabolic Charge|p2b: Flutter Mane|[spread] p2a,p2b\n|-immune|p1b: Pachirisu|[from] ability: Volt Absorb\n|-damage|p2a: Terapagos|88/100 par\n|-heal|p1a: Miraidon|87/100|[from] drain|[of] p2a: Terapagos\n|-damage|p2b: Flutter Mane|53/100\n|-heal|p1a: Miraidon|100/100|[from] drain|[of] p2b: Flutter Mane\n|move|p1b: Pachirisu|Nuzzle|p2b: Flutter Mane\n|-damage|p2b: Flutter Mane|47/100\n|-status|p2b: Flutter Mane|par\n|move|p2a: Terapagos|Earth Power|p1b: Pachirisu\n|-supereffective|p1b: Pachirisu\n|-damage|p1b: Pachirisu|9/100\n|\n|-heal|p2a: Terapagos|94/100 par|[from] item: Leftovers\n|-end|p1a: Miraidon|move: Taunt\n|upkeep\n|turn|6\n|inactive|alxback has 30 seconds left.\n|\n|t:|1768511186\n|move|p1b: Pachirisu|Helping Hand|p1a: Miraidon\n|-singleturn|p1a: Miraidon|Helping Hand|[of] p1b: Pachirisu\n|move|p2b: Flutter Mane|Protect|p2b: Flutter Mane\n|-singleturn|p2b: Flutter Mane|Protect\n|move|p1a: Miraidon|Parabolic Charge|p2b: Flutter Mane|[spread] p2a\n|-activate|p2b: Flutter Mane|move: Protect\n|-heal|p1b: Pachirisu|33/100|[from] ability: Volt Absorb|[of] p1a: Miraidon\n|-damage|p2a: Terapagos|76/100 par\n|cant|p2a: Terapagos|par\n|\n|-heal|p2a: Terapagos|82/100 par|[from] item: Leftovers\n|upkeep\n|turn|7\n|\n|t:|1768511201\n|-end|p2b: Flutter Mane|Protosynthesis|[silent]\n|switch|p2b: Rillaboom|Rillaboom, L50, F|100/100\n|-fieldstart|move: Grassy Terrain|[from] ability: Grassy Surge|[of] p2b: Rillaboom\n|move|p1b: Pachirisu|Helping Hand|p1a: Miraidon\n|-singleturn|p1a: Miraidon|Helping Hand|[of] p1b: Pachirisu\n|move|p1a: Miraidon|Parabolic Charge|p2a: Terapagos|[spread] p2a,p2b\n|-heal|p1b: Pachirisu|58/100|[from] ability: Volt Absorb|[of] p1a: Miraidon\n|-resisted|p2b: Rillaboom\n|-damage|p2a: Terapagos|64/100 par\n|-damage|p2b: Rillaboom|77/100\n|move|p2a: Terapagos|Tera Starstorm|p1b: Pachirisu|[spread] p1a,p1b\n|-damage|p1a: Miraidon|84/100\n|-damage|p1b: Pachirisu|12/100\n|\n|-heal|p1a: Miraidon|89/100|[from] Grassy Terrain\n|-heal|p1b: Pachirisu|18/100|[from] Grassy Terrain\n|-heal|p2b: Rillaboom|83/100|[from] Grassy Terrain\n|-heal|p2a: Terapagos|71/100 par|[from] Grassy Terrain\n|-heal|p2a: Terapagos|77/100 par|[from] item: Leftovers\n|upkeep\n|turn|8\n|\n|t:|1768511231\n|move|p1b: Pachirisu|Protect|p1b: Pachirisu\n|-singleturn|p1b: Pachirisu|Protect\n|move|p1a: Miraidon|Dragon Pulse|p2b: Rillaboom\n|-damage|p2b: Rillaboom|25/100\n|move|p2b: Rillaboom|U-turn|p1a: Miraidon\n|-damage|p1a: Miraidon|72/100\n|\n|t:|1768511238\n|switch|p2b: Calyrex|Calyrex-Shadow, L50|100/100|[from] U-turn\n|-ability|p2b: Calyrex|As One\n|-ability|p2b: Calyrex|Unnerve\n|cant|p2a: Terapagos|par\n|\n|-heal|p1a: Miraidon|78/100|[from] Grassy Terrain\n|-heal|p1b: Pachirisu|24/100|[from] Grassy Terrain\n|-heal|p2a: Terapagos|83/100 par|[from] Grassy Terrain\n|-heal|p2a: Terapagos|89/100 par|[from] item: Leftovers\n|upkeep\n|turn|9\n|\n|t:|1768511251\n|move|p1b: Pachirisu|Helping Hand|p1a: Miraidon\n|-singleturn|p1a: Miraidon|Helping Hand|[of] p1b: Pachirisu\n|move|p2b: Calyrex|Protect|p2b: Calyrex\n|-singleturn|p2b: Calyrex|Protect\n|move|p1a: Miraidon|Parabolic Charge|p2a: Terapagos|[spread] p2a\n|-activate|p2b: Calyrex|move: Protect\n|-heal|p1b: Pachirisu|48/100|[from] ability: Volt Absorb|[of] p1a: Miraidon\n|-damage|p2a: Terapagos|71/100 par\n|-heal|p1a: Miraidon|89/100|[from] drain|[of] p2a: Terapagos\n|move|p2a: Terapagos|Tera Starstorm|p1a: Miraidon|[spread] p1a,p1b\n|-damage|p1a: Miraidon|71/100\n|-damage|p1b: Pachirisu|0 fnt\n|faint|p1b: Pachirisu\n|\n|-heal|p1a: Miraidon|76/100|[from] Grassy Terrain\n|-heal|p2a: Terapagos|77/100 par|[from] Grassy Terrain\n|-heal|p2a: Terapagos|83/100 par|[from] item: Leftovers\n|upkeep\n|\n|t:|1768511260\n|switch|p1b: Grimmsnarl|Grimmsnarl, L50, M|81/100\n|turn|10\n|\n|t:|1768511277\n|move|p1b: Grimmsnarl|Parting Shot|p2b: Calyrex\n|-unboost|p2b: Calyrex|atk|1\n|-unboost|p2b: Calyrex|spa|1\n|\n|t:|1768511280\n|switch|p1b: Groudon|Groudon, L50|100/100|[from] Parting Shot\n|-weather|SunnyDay|[from] ability: Drought|[of] p1b: Groudon\n|move|p2b: Calyrex|Disable|p1a: Miraidon\n|-start|p1a: Miraidon|Disable|Parabolic Charge\n|cant|p1a: Miraidon|Disable|Parabolic Charge\n|move|p2a: Terapagos|Tera Starstorm|p1b: Groudon|[spread] p1a,p1b\n|-damage|p1a: Miraidon|60/100\n|-damage|p1b: Groudon|52/100\n|\n|-weather|SunnyDay|[upkeep]\n|-heal|p1a: Miraidon|66/100|[from] Grassy Terrain\n|-heal|p1b: Groudon|59/100|[from] Grassy Terrain\n|-heal|p2a: Terapagos|89/100 par|[from] Grassy Terrain\n|-heal|p2a: Terapagos|95/100 par|[from] item: Leftovers\n|-sideend|p1: alxback|move: Light Screen\n|upkeep\n|turn|11\n|j| riyuezi\n|\n|t:|1768511302\n|move|p2b: Calyrex|Will-O-Wisp|p1b: Groudon\n|-status|p1b: Groudon|brn\n|move|p1a: Miraidon|Dragon Pulse|p2b: Calyrex\n|-damage|p2b: Calyrex|1/100\n|move|p1b: Groudon|Precipice Blades|p2a: Terapagos|[spread] p2a\n|-miss|p1b: Groudon|p2b: Calyrex\n|-damage|p2a: Terapagos|83/100 par\n|move|p2a: Terapagos|Tera Starstorm|p1a: Miraidon|[spread] p1a,p1b\n|-damage|p1a: Miraidon|42/100\n|-damage|p1b: Groudon|0 fnt\n|faint|p1b: Groudon\n|\n|-weather|SunnyDay|[upkeep]\n|-heal|p2b: Calyrex|7/100|[from] Grassy Terrain\n|-heal|p1a: Miraidon|48/100|[from] Grassy Terrain\n|-heal|p2a: Terapagos|89/100 par|[from] Grassy Terrain\n|-heal|p2a: Terapagos|95/100 par|[from] item: Leftovers\n|-fieldend|move: Grassy Terrain\n|upkeep\n|\n|t:|1768511311\n|switch|p1b: Grimmsnarl|Grimmsnarl, L50, M|81/100\n|turn|12\n|\n|t:|1768511329\n|move|p1b: Grimmsnarl|Light Screen|p1b: Grimmsnarl\n|-sidestart|p1: alxback|move: Light Screen\n|move|p2b: Calyrex|Astral Barrage|p1a: Miraidon|[spread] p1a,p1b\n|-resisted|p1b: Grimmsnarl\n|-damage|p1a: Miraidon|38/100\n|-damage|p1b: Grimmsnarl|69/100\n|move|p1a: Miraidon|Dragon Pulse|p2a: Terapagos\n|-damage|p2a: Terapagos|71/100 par\n|move|p2a: Terapagos|Earth Power|p1a: Miraidon\n|-supereffective|p1a: Miraidon\n|-damage|p1a: Miraidon|5/100\n|\n|-weather|SunnyDay|[upkeep]\n|-heal|p2a: Terapagos|77/100 par|[from] item: Leftovers\n|upkeep\n|turn|13\n|-message|alxback forfeited.\n|\n|win|Schimmli\n|raw|alxback's rating: 1385 &rarr; <strong>1370</strong><br />(-15 for losing)\n|raw|Schimmli's rating: 1476 &rarr; <strong>1491</strong><br />(+15 for winning)\n|l|\u2606alxback\n|player|p1|\n|l|\u2606Schimmli\n|player|p2|\n|l| riyuezi\n","uploadtime":1768511505,"views":24,"formatid":"gen9vgc2026regi","rating":1370,"private":0,"password":null}