{"id":"gen9vgc2026regi-2563629665","format":"[Gen 9] VGC 2026 Reg I","players":["EllenJoe2026","theyh8_meagan"],"log":"|j|\u2606EllenJoe2026\n|j|\u2606theyh8_meagan\n|t:|1774044045\n|gametype|doubles\n|player|p1|EllenJoe2026|102|1495\n|player|p2|theyh8_meagan|shauntal|1515\n|gen|9\n|tier|[Gen 9] VGC 2026 Reg I\n|rated|\n|rule|Species Clause: Limit one of each Pok\u00e9mon\n|rule|Item Clause: Limit 1 of each item\n|clearpoke\n|poke|p1|Calyrex-Shadow, L50|\n|poke|p1|Zamazenta-*, L50|\n|poke|p1|Incineroar, L50, F|\n|poke|p1|Rillaboom, L50, F|\n|poke|p1|Ogerpon-Cornerstone, L50, F|\n|poke|p1|Tornadus, L50, M|\n|poke|p2|Calyrex-Shadow, L50|\n|poke|p2|Kyogre, L50|\n|poke|p2|Weezing-Galar, L50, M|\n|poke|p2|Indeedee-F, L50, F|\n|poke|p2|Clefairy, L50, F|\n|poke|p2|Pawmot, L50, M|\n|teampreview|4\n|inactive|Battle timer is ON: inactive players will automatically lose when time's up. (requested by EllenJoe2026)\n|inactive|theyh8_meagan has 60 seconds left.\n|\n|t:|1774044085\n|teamsize|p1|4\n|teamsize|p2|4\n|start\n|switch|p1a: Ogerpon|Ogerpon-Cornerstone, L50, F|100/100\n|switch|p1b: Tornadus|Tornadus, L50, M, shiny|100/100\n|switch|p2a: Calyrex|Calyrex-Shadow, L50|100/100\n|switch|p2b: Indeedee|Indeedee-F, L50, F|100/100\n|-ability|p2a: Calyrex|As One\n|-ability|p2a: Calyrex|Unnerve\n|-fieldstart|move: Psychic Terrain|[from] ability: Psychic Surge|[of] p2b: Indeedee\n|turn|1\n|\n|t:|1774044102\n|switch|p2b: Weezing|Weezing-Galar, L50, M|100/100\n|-ability|p2b: Weezing|Neutralizing Gas\n|-terastallize|p2a: Calyrex|Ghost\n|move|p2a: Calyrex|Astral Barrage|p1b: Tornadus|[spread] p1a,p1b\n|-damage|p1a: Ogerpon|0 fnt\n|-damage|p1b: Tornadus|0 fnt\n|faint|p1a: Ogerpon\n|faint|p1b: Tornadus\n|-ability|p2a: Calyrex|Grim Neigh|boost\n|-boost|p2a: Calyrex|spa|2\n|\n|upkeep\n|\n|t:|1774044110\n|switch|p1a: Zamazenta|Zamazenta-Crowned, L50, shiny|100/100\n|switch|p1b: Calyrex|Calyrex-Shadow, L50|100/100\n|-ability|p1b: Calyrex|As One\n|-ability|p1b: Calyrex|Unnerve\n|turn|2\n|\n|t:|1774044124\n|switch|p2a: Indeedee|Indeedee-F, L50, F|100/100\n|move|p1a: Zamazenta|Wide Guard|p1a: Zamazenta\n|-singleturn|p1a: Zamazenta|Wide Guard\n|move|p1b: Calyrex|Imprison|p1b: Calyrex\n|-start|p1b: Calyrex|move: Imprison\n|move|p2b: Weezing|Taunt|p1a: Zamazenta\n|-start|p1a: Zamazenta|move: Taunt\n|\n|upkeep\n|turn|3\n|\n|t:|1774044146\n|move|p2a: Indeedee|Follow Me|p2a: Indeedee\n|-singleturn|p2a: Indeedee|move: Follow Me\n|move|p1b: Calyrex|Psychic|p2a: Indeedee\n|-resisted|p2a: Indeedee\n|-damage|p2a: Indeedee|58/100\n|-damage|p1b: Calyrex|91/100|[from] item: Life Orb\n|move|p1a: Zamazenta|Body Press|p2a: Indeedee\n|-damage|p2a: Indeedee|7/100\n|move|p2b: Weezing|Dazzling Gleam|p1b: Calyrex|[spread] p1a,p1b\n|-damage|p1a: Zamazenta|76/100\n|-damage|p1b: Calyrex|59/100\n|-damage|p2b: Weezing|91/100|[from] item: Life Orb\n|\n|upkeep\n|turn|4\n|inactive|theyh8_meagan has 30 seconds left.\n|\n|t:|1774044175\n|move|p2a: Indeedee|Follow Me|p2a: Indeedee\n|-singleturn|p2a: Indeedee|move: Follow Me\n|move|p1b: Calyrex|Psychic|p2a: Indeedee\n|-resisted|p2a: Indeedee\n|-damage|p2a: Indeedee|0 fnt\n|faint|p2a: Indeedee\n|-ability|p1b: Calyrex|Grim Neigh|boost\n|-boost|p1b: Calyrex|spa|1\n|-damage|p1b: Calyrex|49/100|[from] item: Life Orb\n|move|p1a: Zamazenta|Heavy Slam|p2b: Weezing\n|-supereffective|p2b: Weezing\n|-damage|p2b: Weezing|0 fnt\n|faint|p2b: Weezing\n|-end|p2b: Weezing|ability: Neutralizing Gas\n|-ability|p1a: Zamazenta|Dauntless Shield|boost\n|-boost|p1a: Zamazenta|def|1\n|\n|upkeep\n|\n|t:|1774044189\n|switch|p2b: Kyogre|Kyogre, L50|100/100\n|switch|p2a: Calyrex|Calyrex-Shadow, L50, tera:Ghost|100/100\n|-ability|p2a: Calyrex|As One\n|-ability|p2a: Calyrex|Unnerve\n|-weather|RainDance|[from] ability: Drizzle|[of] p2b: Kyogre\n|turn|5\n|\n|t:|1774044209\n|-terastallize|p1b: Calyrex|Dark\n|move|p2b: Kyogre|Water Spout|p1a: Zamazenta|[spread] p1a,p1b\n|-damage|p1a: Zamazenta|9/100\n|-damage|p1b: Calyrex|0 fnt\n|faint|p1b: Calyrex\n|move|p2a: Calyrex|Expanding Force|p1a: Zamazenta\n|-crit|p1a: Zamazenta\n|-damage|p1a: Zamazenta|0 fnt\n|faint|p1a: Zamazenta\n|\n|win|theyh8_meagan\n|raw|EllenJoe2026's rating: 1495 &rarr; <strong>1476</strong><br />(-19 for losing)\n|raw|theyh8_meagan's rating: 1515 &rarr; <strong>1534</strong><br />(+19 for winning)\n|l|\u2606EllenJoe2026\n|player|p1|\n|l|\u2606theyh8_meagan\n|player|p2|\n","uploadtime":1774044391,"views":16,"formatid":"gen9vgc2026regi","rating":1476,"private":0,"password":null}