{"id":"gen9vgc2026regi-2535322776","format":"[Gen 9] VGC 2026 Reg I","players":["Azuael","j0l0k0"],"log":"|j|\u2606Azuael\n|j|\u2606j0l0k0\n|t:|1770551804\n|gametype|doubles\n|player|p1|Azuael|266|1224\n|player|p2|j0l0k0|brycen|1438\n|gen|9\n|tier|[Gen 9] VGC 2026 Reg I\n|rated|\n|rule|Species Clause: Limit one of each Pok\u00e9mon\n|rule|Item Clause: Limit 1 of each item\n|clearpoke\n|poke|p1|Zacian-*, L50|\n|poke|p1|Kyogre, L50|\n|poke|p1|Pikachu, L50, M|\n|poke|p1|Moltres-Galar, L50|\n|poke|p1|Amoonguss, L50, M|\n|poke|p1|Grimmsnarl, L50, M|\n|poke|p2|Calyrex-Ice, L50|\n|poke|p2|Kyogre, L50|\n|poke|p2|Indeedee-F, L50, F|\n|poke|p2|Urshifu-*, L50, F|\n|poke|p2|Amoonguss, L50, F|\n|poke|p2|Landorus, L50, M|\n|teampreview|4\n|inactive|Battle timer is ON: inactive players will automatically lose when time's up. (requested by j0l0k0)\n|\n|t:|1770551822\n|teamsize|p1|4\n|teamsize|p2|4\n|start\n|switch|p1a: Moltres|Moltres-Galar, L50|100/100\n|switch|p1b: Kyogre|Kyogre, L50|100/100\n|switch|p2a: Kyogre|Kyogre, L50, shiny|100/100\n|switch|p2b: Indeedee|Indeedee-F, L50, F, shiny|100/100\n|-weather|RainDance|[from] ability: Drizzle|[of] p1b: Kyogre\n|-fieldstart|move: Psychic Terrain|[from] ability: Psychic Surge|[of] p2b: Indeedee\n|turn|1\n|inactive|Azuael has 30 seconds left.\n|inactive|Azuael has 20 seconds left.\n|\n|t:|1770551859\n|-terastallize|p1b: Kyogre|Water\n|move|p2b: Indeedee|Helping Hand|p2a: Kyogre\n|-singleturn|p2a: Kyogre|Helping Hand|[of] p2b: Indeedee\n|move|p1b: Kyogre|Origin Pulse|p2b: Indeedee|[spread] p2a\n|-miss|p1b: Kyogre|p2b: Indeedee\n|-resisted|p2a: Kyogre\n|-damage|p2a: Kyogre|81/100\n|move|p1a: Moltres|Tailwind|p1a: Moltres\n|-sidestart|p1: Azuael|move: Tailwind\n|move|p2a: Kyogre|Thunder|p1b: Kyogre\n|-supereffective|p1b: Kyogre\n|-damage|p1b: Kyogre|29/100\n|\n|-weather|RainDance|[upkeep]\n|upkeep\n|turn|2\n|\n|t:|1770551884\n|move|p1b: Kyogre|Origin Pulse|p2a: Kyogre|[spread] p2a,p2b\n|-resisted|p2a: Kyogre\n|-damage|p2a: Kyogre|59/100\n|-damage|p2b: Indeedee|19/100\n|move|p1a: Moltres|Fiery Wrath|p2a: Kyogre|[spread] p2a,p2b\n|-supereffective|p2b: Indeedee\n|-damage|p2a: Kyogre|46/100\n|-damage|p2b: Indeedee|0 fnt\n|faint|p2b: Indeedee\n|move|p2a: Kyogre|Water Spout|p1b: Kyogre|[spread] p1a,p1b\n|-resisted|p1b: Kyogre\n|-damage|p1a: Moltres|64/100\n|-damage|p1b: Kyogre|16/100\n|\n|-weather|RainDance|[upkeep]\n|upkeep\n|\n|t:|1770551890\n|switch|p2b: Calyrex|Calyrex-Ice, L50|100/100\n|-ability|p2b: Calyrex|As One\n|-ability|p2b: Calyrex|Unnerve\n|turn|3\n|inactive|Azuael has 30 seconds left.\n|\n|t:|1770551915\n|-terastallize|p2b: Calyrex|Normal\n|move|p1b: Kyogre|Thunder|p2b: Calyrex\n|-damage|p2b: Calyrex|74/100\n|move|p1a: Moltres|Fiery Wrath|p2b: Calyrex|[spread] p2a,p2b\n|-damage|p2a: Kyogre|33/100\n|-damage|p2b: Calyrex|52/100\n|move|p2a: Kyogre|Thunder|p1a: Moltres\n|-supereffective|p1a: Moltres\n|-damage|p1a: Moltres|0 fnt\n|faint|p1a: Moltres\n|move|p2b: Calyrex|Trick Room|p2b: Calyrex\n|-fieldstart|move: Trick Room|[of] p2b: Calyrex\n|\n|-weather|RainDance|[upkeep]\n|upkeep\n|\n|t:|1770551931\n|switch|p1a: Amoonguss|Amoonguss, L50, M|100/100\n|turn|4\n|\n|t:|1770551940\n|move|p2b: Calyrex|Glacial Lance|p1b: Kyogre|[spread] p1a,p1b\n|-supereffective|p1a: Amoonguss\n|-resisted|p1b: Kyogre\n|-damage|p1a: Amoonguss|10/100\n|-damage|p1b: Kyogre|0 fnt\n|faint|p1b: Kyogre\n|-ability|p2b: Calyrex|Chilling Neigh|boost\n|-boost|p2b: Calyrex|atk|1\n|move|p1a: Amoonguss|Spore|p2b: Calyrex\n|-status|p2b: Calyrex|slp|[from] move: Spore\n|move|p2a: Kyogre|Ice Beam|p1a: Amoonguss\n|-supereffective|p1a: Amoonguss\n|-damage|p1a: Amoonguss|0 fnt\n|faint|p1a: Amoonguss\n|\n|-weather|RainDance|[upkeep]\n|-sideend|p1: Azuael|move: Tailwind\n|upkeep\n|\n|t:|1770551957\n|switch|p1a: Zacian|Zacian-Crowned, L50|100/100\n|-ability|p1a: Zacian|Intrepid Sword|boost\n|-boost|p1a: Zacian|atk|1\n|turn|5\n|\n|t:|1770551964\n|cant|p2b: Calyrex|slp\n|move|p2a: Kyogre|Hydro Pump|p1a: Zacian\n|-damage|p1a: Zacian|11/100\n|move|p1a: Zacian|Behemoth Blade|p2a: Kyogre\n|-resisted|p2a: Kyogre\n|-damage|p2a: Kyogre|0 fnt\n|faint|p2a: Kyogre\n|\n|-weather|none\n|-fieldend|move: Psychic Terrain\n|upkeep\n|\n|t:|1770551967\n|switch|p2a: Urshifu|Urshifu, L50, F|100/100\n|turn|6\n|c|\u2606j0l0k0|ggwp\n|l|\u2606Azuael\n|inactive|Azuael disconnected and has a minute to reconnect!\n|player|p1|\n|inactive|Azuael has 30 seconds left.\n|inactive|Azuael has 20 seconds left.\n|inactive|Azuael has 15 seconds left.\n|inactive|Azuael has 10 seconds left.\n|j| j-reit\n|inactive|Azuael has 5 seconds left.\n|l| j-reit\n|-message|Azuael lost due to inactivity.\n|\n|win|j0l0k0\n|raw|Azuael's rating: 1224 &rarr; <strong>1213</strong><br />(-11 for losing)\n|raw|j0l0k0's rating: 1438 &rarr; <strong>1447</strong><br />(+9 for winning)\n|l|\u2606j0l0k0\n|player|p2|\n","uploadtime":1770552181,"views":14,"formatid":"gen9vgc2026regi","rating":1213,"private":0,"password":null}