{"id":"gen9vgc2026regi-2567197644","format":"[Gen 9] VGC 2026 Reg I","players":["kokosthegreek","Sunny_zong1"],"log":"|j|\u2606kokosthegreek\n|j|\u2606Sunny_zong1\n|t:|1774456570\n|gametype|doubles\n|player|p1|kokosthegreek|lucas|1339\n|player|p2|Sunny_zong1|170|1380\n|gen|9\n|tier|[Gen 9] VGC 2026 Reg I\n|rated|\n|rule|Species Clause: Limit one of each Pok\u00e9mon\n|rule|Item Clause: Limit 1 of each item\n|clearpoke\n|poke|p1|Dondozo, L50, M|\n|poke|p1|Tatsugiri-Droopy, L50, M|\n|poke|p1|Calyrex-Shadow, L50|\n|poke|p1|Miraidon, L50|\n|poke|p1|Urshifu-*, L50, F|\n|poke|p1|Indeedee-F, L50, F|\n|poke|p2|Glimmora, L50, F|\n|poke|p2|Eternatus, L50|\n|poke|p2|Miraidon, L50|\n|poke|p2|Chi-Yu, L50|\n|poke|p2|Urshifu-*, L50, M|\n|poke|p2|Grimmsnarl, L50, M|\n|teampreview|4\n|inactive|Battle timer is ON: inactive players will automatically lose when time's up. (requested by Sunny_zong1)\n|inactive|kokosthegreek also wants the timer to be on.\n|inactive|kokosthegreek has 60 seconds left.\n|inactive|Sunny_zong1 has 60 seconds left.\n|inactive|kokosthegreek has 30 seconds left.\n|inactive|kokosthegreek has 20 seconds left.\n|\n|t:|1774456642\n|teamsize|p1|4\n|teamsize|p2|4\n|start\n|switch|p1a: Indeedee|Indeedee-F, L50, F|100/100\n|switch|p1b: Calyrex|Calyrex-Shadow, L50|100/100\n|switch|p2a: Chi-Yu|Chi-Yu, L50|100/100\n|switch|p2b: Miraidon|Miraidon, L50|100/100\n|-ability|p1b: Calyrex|As One\n|-ability|p1b: Calyrex|Unnerve\n|-ability|p2a: Chi-Yu|Beads of Ruin\n|-fieldstart|move: Electric Terrain|[from] ability: Hadron Engine|[of] p2b: Miraidon\n|-fieldstart|move: Psychic Terrain|[from] ability: Psychic Surge|[of] p1a: Indeedee\n|turn|1\n|\n|t:|1774456656\n|move|p1b: Calyrex|Protect|p1b: Calyrex\n|-singleturn|p1b: Calyrex|Protect\n|move|p2a: Chi-Yu|Heat Wave|p1a: Indeedee|[spread] p1a\n|-activate|p1b: Calyrex|move: Protect\n|-damage|p1a: Indeedee|59/100\n|move|p2b: Miraidon|Snarl|p1b: Calyrex|[spread] p1a\n|-activate|p1b: Calyrex|move: Protect\n|-supereffective|p1a: Indeedee\n|-damage|p1a: Indeedee|10/100\n|-unboost|p1a: Indeedee|spa|1\n|move|p1a: Indeedee|Dazzling Gleam|p2a: Chi-Yu|[spread] p2a,p2b\n|-supereffective|p2b: Miraidon\n|-damage|p2a: Chi-Yu|90/100\n|-damage|p2b: Miraidon|79/100\n|\n|upkeep\n|turn|2\n|inactive|kokosthegreek has 30 seconds left.\n|\n|t:|1774456688\n|-terastallize|p1b: Calyrex|Normal\n|move|p1a: Indeedee|Helping Hand|p1b: Calyrex\n|-singleturn|p1b: Calyrex|Helping Hand|[of] p1a: Indeedee\n|move|p2a: Chi-Yu|Heat Wave|p1a: Indeedee|[spread] p1a,p1b\n|-damage|p1a: Indeedee|0 fnt\n|-damage|p1b: Calyrex|48/100\n|faint|p1a: Indeedee\n|move|p1b: Calyrex|Astral Barrage|p2b: Miraidon|[spread] p2a,p2b\n|-resisted|p2a: Chi-Yu\n|-damage|p2a: Chi-Yu|24/100\n|-damage|p2b: Miraidon|0 fnt\n|faint|p2b: Miraidon\n|-ability|p1b: Calyrex|Grim Neigh|boost\n|-boost|p1b: Calyrex|spa|1\n|-damage|p1b: Calyrex|39/100|[from] item: Life Orb\n|\n|upkeep\n|\n|t:|1774456707\n|switch|p2b: Grimmsnarl|Grimmsnarl, L50, M|100/100\n|switch|p1a: Urshifu|Urshifu, L50, F|100/100\n|turn|3\n|inactive|kokosthegreek has 30 seconds left.\n|\n|t:|1774456740\n|switch|p2a: Eternatus|Eternatus, L50|100/100\n|-ability|p2a: Eternatus|Pressure\n|move|p1b: Calyrex|Protect|p1b: Calyrex\n|-singleturn|p1b: Calyrex|Protect\n|move|p2b: Grimmsnarl|Light Screen|p2b: Grimmsnarl\n|-sidestart|p2: Sunny_zong1|move: Light Screen\n|move|p1a: Urshifu|Close Combat|p2a: Eternatus\n|-resisted|p2a: Eternatus\n|-damage|p2a: Eternatus|80/100\n|-unboost|p1a: Urshifu|def|1\n|-unboost|p1a: Urshifu|spd|1\n|\n|-heal|p2a: Eternatus|86/100|[from] item: Leftovers\n|upkeep\n|turn|4\n|\n|t:|1774456758\n|move|p1a: Urshifu|Close Combat|p2b: Grimmsnarl\n|-damage|p2b: Grimmsnarl|29/100\n|-unboost|p1a: Urshifu|def|1\n|-unboost|p1a: Urshifu|spd|1\n|move|p1b: Calyrex|Expanding Force|p2a: Eternatus|[spread] p2a\n|-immune|p2b: Grimmsnarl\n|-supereffective|p2a: Eternatus\n|-damage|p2a: Eternatus|0 fnt\n|faint|p2a: Eternatus\n|-ability|p1b: Calyrex|Grim Neigh|boost\n|-boost|p1b: Calyrex|spa|1\n|-damage|p1b: Calyrex|29/100|[from] item: Life Orb\n|move|p2b: Grimmsnarl|Foul Play|p1b: Calyrex\n|-damage|p1b: Calyrex|0 fnt\n|faint|p1b: Calyrex\n|\n|upkeep\n|\n|t:|1774456767\n|switch|p1b: Tatsugiri|Tatsugiri-Droopy, L50, M|100/100\n|switch|p2a: Chi-Yu|Chi-Yu, L50|24/100\n|-ability|p2a: Chi-Yu|Beads of Ruin\n|turn|5\n|\n|t:|1774456782\n|move|p2a: Chi-Yu|Heat Wave|p1b: Tatsugiri|[spread] p1a,p1b\n|-resisted|p1b: Tatsugiri\n|-damage|p1a: Urshifu|0 fnt\n|-damage|p1b: Tatsugiri|83/100\n|faint|p1a: Urshifu\n|move|p1b: Tatsugiri|Muddy Water|p2a: Chi-Yu|[spread] p2a,p2b\n|-supereffective|p2a: Chi-Yu\n|-damage|p2a: Chi-Yu|0 fnt\n|-damage|p2b: Grimmsnarl|8/100\n|faint|p2a: Chi-Yu\n|move|p2b: Grimmsnarl|Foul Play|p1b: Tatsugiri\n|-damage|p1b: Tatsugiri|57/100\n|\n|-fieldend|move: Psychic Terrain\n|upkeep\n|turn|6\n|-message|Sunny_zong1 forfeited.\n|\n|win|kokosthegreek\n|raw|kokosthegreek's rating: 1339 &rarr; <strong>1361</strong><br />(+22 for winning)\n|raw|Sunny_zong1's rating: 1380 &rarr; <strong>1358</strong><br />(-22 for losing)\n|l|\u2606Sunny_zong1\n|player|p2|\n|l|\u2606kokosthegreek\n|player|p1|\n","uploadtime":1774457036,"views":10,"formatid":"gen9vgc2026regi","rating":1358,"private":0,"password":null}