{"id":"gen9vgc2026regi-2513864814","format":"[Gen 9] VGC 2026 Reg I","players":["fwoompie","dasabe\u76d6\u6b27\u5361\u4fa0"],"log":"|j|\u2606fwoompie\n|j|\u2606dasabe\u76d6\u6b27\u5361\u4fa0\n|t:|1767794145\n|gametype|doubles\n|player|p1|fwoompie|hiker-gen4|1228\n|player|p2|dasabe\u76d6\u6b27\u5361\u4fa0|may-masters4|1367\n|gen|9\n|tier|[Gen 9] VGC 2026 Reg I\n|rated|\n|rule|Species Clause: Limit one of each Pok\u00e9mon\n|rule|Item Clause: Limit 1 of each item\n|clearpoke\n|poke|p1|Eternatus, L50|\n|poke|p1|Grimmsnarl, L50, M|\n|poke|p1|Flutter Mane, L50|\n|poke|p1|Chi-Yu, L50|\n|poke|p1|Terapagos, L50, M|\n|poke|p1|Iron Hands, L50|\n|poke|p2|Calyrex-Shadow, L50|\n|poke|p2|Koraidon, L50|\n|poke|p2|Chi-Yu, L50|\n|poke|p2|Tornadus, L50, M|\n|poke|p2|Indeedee-F, L50, F|\n|poke|p2|Smeargle, L50, M|\n|teampreview|4\n|inactive|Battle timer is ON: inactive players will automatically lose when time's up. (requested by fwoompie)\n|c|\u2606fwoompie|Good luck\n|c|\u2606fwoompie|Pls no smeargle\n|c|\u2606dasabe\u76d6\u6b27\u5361\u4fa0|hf\n|inactive|fwoompie has 60 seconds left.\n|\n|t:|1767794180\n|teamsize|p1|4\n|teamsize|p2|4\n|start\n|switch|p1a: Chi-Yu|Chi-Yu, L50|100/100\n|switch|p1b: Balanced mon|Flutter Mane, L50|100/100\n|switch|p2a: \u5c0f\u7b14\u7ea2\u80bf|Smeargle, L50, M, shiny|100/100\n|switch|p2b: \u4f60\u6731\u5417|Koraidon, L50, shiny|100/100\n|-ability|p1a: Chi-Yu|Beads of Ruin\n|-weather|SunnyDay|[from] ability: Orichalcum Pulse|[of] p2b: \u4f60\u6731\u5417\n|-activate|p1b: Balanced mon|ability: Protosynthesis\n|-start|p1b: Balanced mon|protosynthesisspe\n|-activate|p2b: \u4f60\u6731\u5417|Orichalcum Pulse|[source]\n|turn|1\n|\n|t:|1767794194\n|-terastallize|p2b: \u4f60\u6731\u5417|Fire\n|move|p2a: \u5c0f\u7b14\u7ea2\u80bf|Wide Guard|p2a: \u5c0f\u7b14\u7ea2\u80bf\n|-singleturn|p2a: \u5c0f\u7b14\u7ea2\u80bf|Wide Guard\n|move|p1b: Balanced mon|Moonblast|p2a: \u5c0f\u7b14\u7ea2\u80bf\n|-enditem|p2a: \u5c0f\u7b14\u7ea2\u80bf|Focus Sash\n|-damage|p2a: \u5c0f\u7b14\u7ea2\u80bf|1/100\n|move|p1a: Chi-Yu|Heat Wave|p2a: \u5c0f\u7b14\u7ea2\u80bf|[spread] \n|-activate|p2a: \u5c0f\u7b14\u7ea2\u80bf|move: Wide Guard\n|-activate|p2b: \u4f60\u6731\u5417|move: Wide Guard\n|move|p2b: \u4f60\u6731\u5417|Flame Charge|p1a: Chi-Yu\n|-resisted|p1a: Chi-Yu\n|-damage|p1a: Chi-Yu|30/100\n|-boost|p2b: \u4f60\u6731\u5417|spe|1\n|-damage|p2b: \u4f60\u6731\u5417|91/100|[from] item: Life Orb\n|\n|-weather|SunnyDay|[upkeep]\n|-ability|p2a: \u5c0f\u7b14\u7ea2\u80bf|Moody|boost\n|-boost|p2a: \u5c0f\u7b14\u7ea2\u80bf|spd|2\n|-unboost|p2a: \u5c0f\u7b14\u7ea2\u80bf|spa|1\n|upkeep\n|turn|2\n|\n|t:|1767794202\n|move|p2a: \u5c0f\u7b14\u7ea2\u80bf|Wide Guard|p2a: \u5c0f\u7b14\u7ea2\u80bf\n|-singleturn|p2a: \u5c0f\u7b14\u7ea2\u80bf|Wide Guard\n|move|p2b: \u4f60\u6731\u5417|Flame Charge|p1b: Balanced mon\n|-damage|p1b: Balanced mon|0 fnt\n|-boost|p2b: \u4f60\u6731\u5417|spe|1\n|faint|p1b: Balanced mon\n|-end|p1b: Balanced mon|Protosynthesis|[silent]\n|-damage|p2b: \u4f60\u6731\u5417|81/100|[from] item: Life Orb\n|move|p1a: Chi-Yu|Heat Wave|p2b: \u4f60\u6731\u5417|[spread] \n|-activate|p2a: \u5c0f\u7b14\u7ea2\u80bf|move: Wide Guard\n|-activate|p2b: \u4f60\u6731\u5417|move: Wide Guard\n|\n|-weather|SunnyDay|[upkeep]\n|-ability|p2a: \u5c0f\u7b14\u7ea2\u80bf|Moody|boost\n|-boost|p2a: \u5c0f\u7b14\u7ea2\u80bf|spd|2\n|-unboost|p2a: \u5c0f\u7b14\u7ea2\u80bf|atk|1\n|upkeep\n|\n|t:|1767794205\n|switch|p1b: Crane game|Eternatus, L50|100/100\n|-ability|p1b: Crane game|Pressure\n|turn|3\n|\n|t:|1767794212\n|move|p2b: \u4f60\u6731\u5417|Flame Charge|p1a: Chi-Yu\n|-resisted|p1a: Chi-Yu\n|-damage|p1a: Chi-Yu|0 fnt\n|-boost|p2b: \u4f60\u6731\u5417|spe|1\n|faint|p1a: Chi-Yu\n|-damage|p2b: \u4f60\u6731\u5417|72/100|[from] item: Life Orb\n|move|p1b: Crane game|Meteor Beam||[still]\n|-prepare|p1b: Crane game|Meteor Beam\n|-boost|p1b: Crane game|spa|1\n|-enditem|p1b: Crane game|Power Herb\n|-anim|p1b: Crane game|Meteor Beam|p2b: \u4f60\u6731\u5417\n|-supereffective|p2b: \u4f60\u6731\u5417\n|-damage|p2b: \u4f60\u6731\u5417|0 fnt\n|faint|p2b: \u4f60\u6731\u5417\n|move|p2a: \u5c0f\u7b14\u7ea2\u80bf|Spore|p1b: Crane game\n|-status|p1b: Crane game|slp|[from] move: Spore\n|\n|-weather|SunnyDay|[upkeep]\n|-ability|p2a: \u5c0f\u7b14\u7ea2\u80bf|Moody|boost\n|-boost|p2a: \u5c0f\u7b14\u7ea2\u80bf|def|2\n|-unboost|p2a: \u5c0f\u7b14\u7ea2\u80bf|spd|1\n|upkeep\n|\n|t:|1767794221\n|switch|p2b: \u9a6c\u6b7b\u4e86|Calyrex-Shadow, L50|100/100\n|switch|p1a: TeraPoggers|Terapagos, L50, M|100/100\n|-activate|p1a: TeraPoggers|ability: Tera Shift\n|detailschange|p1a: TeraPoggers|Terapagos-Terastal, L50, M\n|-heal|p1a: TeraPoggers|100/100|[silent]\n|-ability|p2b: \u9a6c\u6b7b\u4e86|As One\n|-ability|p2b: \u9a6c\u6b7b\u4e86|Unnerve\n|turn|4\n|\n|t:|1767794227\n|-terastallize|p1a: TeraPoggers|Stellar\n|detailschange|p1a: TeraPoggers|Terapagos-Stellar, L50, M, tera:Stellar\n|-heal|p1a: TeraPoggers|100/100|[silent]\n|-ability|p1a: TeraPoggers|Teraform Zero\n|-weather|none\n|move|p2b: \u9a6c\u6b7b\u4e86|Expanding Force|p1b: Crane game\n|-supereffective|p1b: Crane game\n|-damage|p1b: Crane game|0 fnt\n|faint|p1b: Crane game\n|-ability|p2b: \u9a6c\u6b7b\u4e86|Grim Neigh|boost\n|-boost|p2b: \u9a6c\u6b7b\u4e86|spa|1\n|move|p2a: \u5c0f\u7b14\u7ea2\u80bf|Spore|p1a: TeraPoggers\n|-status|p1a: TeraPoggers|slp|[from] move: Spore\n|cant|p1a: TeraPoggers|slp\n|\n|-ability|p2a: \u5c0f\u7b14\u7ea2\u80bf|Moody|boost\n|-boost|p2a: \u5c0f\u7b14\u7ea2\u80bf|atk|2\n|-unboost|p2a: \u5c0f\u7b14\u7ea2\u80bf|spa|1\n|upkeep\n|turn|5\n|-message|fwoompie forfeited.\n|\n|win|dasabe\u76d6\u6b27\u5361\u4fa0\n|raw|fwoompie's rating: 1228 &rarr; <strong>1213</strong><br />(-15 for losing)\n|raw|dasabe\u76d6\u6b27\u5361\u4fa0's rating: 1367 &rarr; <strong>1379</strong><br />(+12 for winning)\n|l|\u2606fwoompie\n|player|p1|\n|c|\u2606dasabe\u76d6\u6b27\u5361\u4fa0|gg\n|l|\u2606dasabe\u76d6\u6b27\u5361\u4fa0\n|player|p2|\n","uploadtime":1767794437,"views":16,"formatid":"gen9vgc2026regi","rating":1213,"private":0,"password":null}