{"id":"gen9vgc2026regi-2567378580","format":"[Gen 9] VGC 2026 Reg I","players":["Strikermohamud","terafireflareblitz"],"log":"|j|\u2606Strikermohamud\n|j|\u2606terafireflareblitz\n|t:|1774471006\n|gametype|doubles\n|player|p1|Strikermohamud|unknown|1413\n|player|p2|terafireflareblitz|sycamore|1560\n|gen|9\n|tier|[Gen 9] VGC 2026 Reg I\n|rated|\n|rule|Species Clause: Limit one of each Pok\u00e9mon\n|rule|Item Clause: Limit 1 of each item\n|clearpoke\n|poke|p1|Calyrex-Shadow, L50|\n|poke|p1|Zamazenta-*, L50|\n|poke|p1|Chien-Pao, L50|\n|poke|p1|Dragonite, L50, M|\n|poke|p1|Amoonguss, L50, F|\n|poke|p1|Ogerpon-Cornerstone, L50, F|\n|poke|p2|Koraidon, L50|\n|poke|p2|Lunala, L50|\n|poke|p2|Indeedee-F, L50, F|\n|poke|p2|Flutter Mane, L50|\n|poke|p2|Volcarona, L50, F|\n|poke|p2|Ursaluna, L50, M|\n|teampreview|4\n|inactive|Battle timer is ON: inactive players will automatically lose when time's up. (requested by terafireflareblitz)\n|inactive|Strikermohamud has 60 seconds left.\n|\n|t:|1774471040\n|teamsize|p1|4\n|teamsize|p2|4\n|start\n|switch|p1a: Zamazenta|Zamazenta-Crowned, L50|100/100\n|switch|p1b: Chien-Pao|Chien-Pao, L50|100/100\n|switch|p2a: Lunala|Lunala, L50, shiny|100/100\n|switch|p2b: Indeedee|Indeedee-F, L50, F|100/100\n|-ability|p1b: Chien-Pao|Sword of Ruin\n|-ability|p1a: Zamazenta|Dauntless Shield|boost\n|-boost|p1a: Zamazenta|def|1\n|-fieldstart|move: Psychic Terrain|[from] ability: Psychic Surge|[of] p2b: Indeedee\n|turn|1\n|\n|t:|1774471060\n|switch|p2b: Volcarona|Volcarona, L50, F|100/100\n|move|p1b: Chien-Pao|Ruination|p2b: Volcarona\n|-damage|p2b: Volcarona|50/100\n|move|p1a: Zamazenta|Body Press|p2b: Volcarona\n|-resisted|p2b: Volcarona\n|-damage|p2b: Volcarona|5/100\n|-damage|p1a: Zamazenta|84/100|[from] item: Rocky Helmet|[of] p2b: Volcarona\n|-status|p1a: Zamazenta|brn|[from] ability: Flame Body|[of] p2b: Volcarona\n|move|p2a: Lunala|Meteor Beam||[still]\n|-prepare|p2a: Lunala|Meteor Beam\n|-boost|p2a: Lunala|spa|1\n|-enditem|p2a: Lunala|Power Herb\n|-anim|p2a: Lunala|Meteor Beam|p1b: Chien-Pao|[miss]\n|-miss|p2a: Lunala|p1b: Chien-Pao\n|\n|-damage|p1a: Zamazenta|78/100 brn|[from] brn\n|upkeep\n|turn|2\n|\n|t:|1774471083\n|move|p2b: Volcarona|Rage Powder|p2b: Volcarona\n|-singleturn|p2b: Volcarona|move: Rage Powder\n|move|p1b: Chien-Pao|Ice Spinner|p2b: Volcarona\n|-resisted|p2b: Volcarona\n|-damage|p2b: Volcarona|0 fnt\n|-damage|p1b: Chien-Pao|84/100|[from] item: Rocky Helmet|[of] p2b: Volcarona\n|-fieldend|move: Psychic Terrain\n|faint|p2b: Volcarona\n|move|p1a: Zamazenta|Body Press|p2a: Lunala\n|-immune|p2a: Lunala\n|move|p2a: Lunala|Expanding Force|p1a: Zamazenta\n|-damage|p1a: Zamazenta|28/100 brn\n|\n|-damage|p1a: Zamazenta|22/100 brn|[from] brn\n|upkeep\n|\n|t:|1774471091\n|switch|p2b: Indeedee|Indeedee-F, L50, F|100/100\n|-fieldstart|move: Psychic Terrain|[from] ability: Psychic Surge|[of] p2b: Indeedee\n|turn|3\n|\n|t:|1774471100\n|move|p1a: Zamazenta|Wide Guard|p1a: Zamazenta\n|-singleturn|p1a: Zamazenta|Wide Guard\n|move|p1b: Chien-Pao|Ruination|p2a: Lunala\n|-damage|p2a: Lunala|51/100\n|move|p2a: Lunala|Moongeist Beam|p1b: Chien-Pao\n|-resisted|p1b: Chien-Pao\n|-damage|p1b: Chien-Pao|48/100\n|move|p2b: Indeedee|Trick Room|p2b: Indeedee\n|-fieldstart|move: Trick Room|[of] p2b: Indeedee\n|\n|-damage|p1a: Zamazenta|16/100 brn|[from] brn\n|upkeep\n|turn|4\n|\n|t:|1774471122\n|move|p2b: Indeedee|Alluring Voice|p1b: Chien-Pao\n|-supereffective|p1b: Chien-Pao\n|-damage|p1b: Chien-Pao|18/100\n|move|p2a: Lunala|Moongeist Beam|p1b: Chien-Pao\n|-resisted|p1b: Chien-Pao\n|-damage|p1b: Chien-Pao|0 fnt\n|faint|p1b: Chien-Pao\n|move|p1a: Zamazenta|Body Press|p2b: Indeedee\n|-damage|p2b: Indeedee|68/100\n|\n|-damage|p1a: Zamazenta|9/100 brn|[from] brn\n|upkeep\n|\n|t:|1774471131\n|switch|p1b: Calyrex|Calyrex-Shadow, L50|100/100\n|-ability|p1b: Calyrex|As One\n|-ability|p1b: Calyrex|Unnerve\n|turn|5\n|\n|t:|1774471142\n|-terastallize|p2a: Lunala|Water\n|move|p1b: Calyrex|Protect|p1b: Calyrex\n|-singleturn|p1b: Calyrex|Protect\n|move|p2b: Indeedee|Alluring Voice|p1b: Calyrex\n|-activate|p1b: Calyrex|move: Protect\n|move|p2a: Lunala|Expanding Force|p1a: Zamazenta|[spread] p1a\n|-activate|p1b: Calyrex|move: Protect\n|-damage|p1a: Zamazenta|0 fnt\n|faint|p1a: Zamazenta\n|\n|upkeep\n|\n|t:|1774471149\n|switch|p1a: Dragonite|Dragonite, L50, M|100/100\n|turn|6\n|\n|t:|1774471160\n|-terastallize|p1a: Dragonite|Normal\n|move|p2b: Indeedee|Follow Me|p2b: Indeedee\n|-singleturn|p2b: Indeedee|move: Follow Me\n|move|p1a: Dragonite|Outrage|p2b: Indeedee\n|-damage|p2b: Indeedee|0 fnt\n|faint|p2b: Indeedee\n|move|p2a: Lunala|Expanding Force|p1b: Calyrex|[spread] p1a,p1b\n|-resisted|p1b: Calyrex\n|-damage|p1a: Dragonite|9/100\n|-damage|p1b: Calyrex|53/100\n|move|p1b: Calyrex|Astral Barrage|p2a: Lunala\n|-damage|p2a: Lunala|0 fnt\n|faint|p2a: Lunala\n|-ability|p1b: Calyrex|Grim Neigh|boost\n|-boost|p1b: Calyrex|spa|1\n|\n|upkeep\n|-message|terafireflareblitz forfeited.\n|\n|win|Strikermohamud\n|raw|Strikermohamud's rating: 1413 &rarr; <strong>1441</strong><br />(+28 for winning)\n|raw|terafireflareblitz's rating: 1560 &rarr; <strong>1532</strong><br />(-28 for losing)\n|l|\u2606terafireflareblitz\n|player|p2|\n|j| JERRY RIVERA\n|l|\u2606Strikermohamud\n|player|p1|\n|l| JERRY RIVERA\n","uploadtime":1774471008,"views":16,"formatid":"gen9vgc2026regi","rating":1441,"private":0,"password":null}