{"id":"gen9vgc2026regi-2550683087","format":"[Gen 9] VGC 2026 Reg I","players":["Tepig_nNz_498","lalo's pollos"],"log":"|j|\u2606Tepig_nNz_498\n|j|\u2606lalo's pollos\n|t:|1772516295\n|gametype|doubles\n|player|p1|Tepig_nNz_498|101|1434\n|player|p2|lalo's pollos|2|1458\n|gen|9\n|tier|[Gen 9] VGC 2026 Reg I\n|rated|\n|rule|Species Clause: Limit one of each Pok\u00e9mon\n|rule|Item Clause: Limit 1 of each item\n|clearpoke\n|poke|p1|Whimsicott, L50, F|\n|poke|p1|Reshiram, L50|\n|poke|p1|Incineroar, L50, M|\n|poke|p1|Lilligant-Hisui, L50, F|\n|poke|p1|Brute Bonnet, L50|\n|poke|p1|Koraidon, L50|\n|poke|p2|Miraidon, L50|\n|poke|p2|Landorus, L50, M|\n|poke|p2|Incineroar, L50, M|\n|poke|p2|Iron Bundle, L50|\n|poke|p2|Farigiraf, L50, M|\n|poke|p2|Calyrex-Ice, L50|\n|teampreview|4\n|\n|t:|1772516314\n|teamsize|p1|4\n|teamsize|p2|4\n|start\n|switch|p1a: Brute Bonnet|Brute Bonnet, L50|100/100\n|switch|p1b: Koraidon|Koraidon, L50|100/100\n|switch|p2a: Co-Star|Miraidon, L50|100/100\n|switch|p2b: the Manager|Farigiraf, L50, M|100/100\n|-fieldstart|move: Electric Terrain|[from] ability: Hadron Engine|[of] p2a: Co-Star\n|-weather|SunnyDay|[from] ability: Orichalcum Pulse|[of] p1b: Koraidon\n|-activate|p1a: Brute Bonnet|ability: Protosynthesis\n|-start|p1a: Brute Bonnet|protosynthesisdef\n|-activate|p1b: Koraidon|Orichalcum Pulse|[source]\n|turn|1\n|\n|t:|1772516334\n|move|p1a: Brute Bonnet|Rage Powder|p1a: Brute Bonnet\n|-singleturn|p1a: Brute Bonnet|move: Rage Powder\n|move|p1b: Koraidon|Close Combat|p2b: the Manager\n|-damage|p2b: the Manager|6/100\n|-unboost|p1b: Koraidon|def|1\n|-unboost|p1b: Koraidon|spd|1\n|-enditem|p1b: Koraidon|Eject Pack\n|\n|t:|1772516339\n|switch|p1b: Reshiram|Reshiram, L50|100/100\n|-ability|p1b: Reshiram|Turboblaze\n|move|p2a: Co-Star|Dazzling Gleam|p1a: Brute Bonnet|[spread] p1a,p1b\n|-supereffective|p1a: Brute Bonnet\n|-damage|p1a: Brute Bonnet|35/100\n|-damage|p1b: Reshiram|69/100\n|move|p2b: the Manager|Trick Room|p2b: the Manager\n|-fieldstart|move: Trick Room|[of] p2b: the Manager\n|\n|-weather|SunnyDay|[upkeep]\n|upkeep\n|turn|2\n|\n|t:|1772516362\n|switch|p2b: Incineroar|Incineroar, L50, M|100/100\n|-ability|p2b: Incineroar|Intimidate|boost\n|-unboost|p1a: Brute Bonnet|atk|1\n|-unboost|p1b: Reshiram|atk|1\n|-terastallize|p1b: Reshiram|Fire\n|move|p1a: Brute Bonnet|Pollen Puff|p1b: Reshiram\n|-heal|p1b: Reshiram|100/100\n|move|p1b: Reshiram|Heat Wave|p2b: Incineroar|[spread] p2a,p2b\n|-resisted|p2a: Co-Star\n|-resisted|p2b: Incineroar\n|-damage|p2a: Co-Star|47/100\n|-damage|p2b: Incineroar|66/100\n|-status|p2a: Co-Star|brn\n|-damage|p1b: Reshiram|91/100|[from] item: Life Orb\n|move|p2a: Co-Star|Dazzling Gleam|p1a: Brute Bonnet|[spread] p1a,p1b\n|-supereffective|p1a: Brute Bonnet\n|-resisted|p1b: Reshiram\n|-damage|p1a: Brute Bonnet|0 fnt\n|-damage|p1b: Reshiram|76/100\n|faint|p1a: Brute Bonnet\n|-end|p1a: Brute Bonnet|Protosynthesis|[silent]\n|\n|-weather|SunnyDay|[upkeep]\n|-damage|p2a: Co-Star|40/100 brn|[from] brn\n|upkeep\n|\n|t:|1772516377\n|switch|p1a: Lilligant|Lilligant-Hisui, L50, F|100/100\n|turn|3\n|\n|t:|1772516385\n|move|p2b: Incineroar|Flare Blitz|p1a: Lilligant\n|-supereffective|p1a: Lilligant\n|-enditem|p1a: Lilligant|Focus Sash\n|-damage|p1a: Lilligant|1/100\n|-damage|p2b: Incineroar|43/100|[from] Recoil\n|move|p1b: Reshiram|Heat Wave|p2a: Co-Star|[spread] p2a\n|-miss|p1b: Reshiram|p2b: Incineroar\n|-resisted|p2a: Co-Star\n|-damage|p2a: Co-Star|0 fnt\n|faint|p2a: Co-Star\n|-damage|p1b: Reshiram|66/100|[from] item: Life Orb\n|move|p1a: Lilligant|Close Combat|p2b: Incineroar\n|-supereffective|p2b: Incineroar\n|-damage|p2b: Incineroar|0 fnt\n|-unboost|p1a: Lilligant|def|1\n|-unboost|p1a: Lilligant|spd|1\n|faint|p2b: Incineroar\n|\n|-weather|SunnyDay|[upkeep]\n|upkeep\n|\n|t:|1772516390\n|switch|p2b: the Manager|Farigiraf, L50, M|6/100\n|switch|p2a: Calyrex|Calyrex-Ice, L50|100/100\n|-ability|p2a: Calyrex|As One\n|-ability|p2a: Calyrex|Unnerve\n|turn|4\n|\n|t:|1772516401\n|move|p2a: Calyrex|High Horsepower|p1b: Reshiram\n|-supereffective|p1b: Reshiram\n|-damage|p1b: Reshiram|0 fnt\n|faint|p1b: Reshiram\n|-ability|p2a: Calyrex|Chilling Neigh|boost\n|-boost|p2a: Calyrex|atk|1\n|move|p2b: the Manager|Psychic|p1a: Lilligant\n|-supereffective|p1a: Lilligant\n|-damage|p1a: Lilligant|0 fnt\n|faint|p1a: Lilligant\n|\n|-weather|SunnyDay|[upkeep]\n|upkeep\n|\n|t:|1772516404\n|switch|p1b: Koraidon|Koraidon, L50|100/100\n|-activate|p1b: Koraidon|ability: Orichalcum Pulse\n|turn|5\n|-message|Tepig_nNz_498 forfeited.\n|\n|win|lalo's pollos\n|raw|Tepig_nNz_498's rating: 1434 &rarr; <strong>1415</strong><br />(-19 for losing)\n|raw|lalo&apos;s pollos's rating: 1458 &rarr; <strong>1477</strong><br />(+19 for winning)\n|l|\u2606Tepig_nNz_498\n|player|p1|\n","uploadtime":1772516636,"views":14,"formatid":"gen9vgc2026regi","rating":1415,"private":0,"password":null}