{"id":"gen9vgc2026regi-2538723713","format":"[Gen 9] VGC 2026 Reg I","players":["13579HXM","TheManOfSausage"],"log":"|j|\u260613579HXM\n|j|\u2606TheManOfSausage\n|t:|1770963093\n|gametype|doubles\n|player|p1|13579HXM|dawn|1374\n|player|p2|TheManOfSausage|miku-water|1526\n|gen|9\n|tier|[Gen 9] VGC 2026 Reg I\n|rated|\n|rule|Species Clause: Limit one of each Pok\u00e9mon\n|rule|Item Clause: Limit 1 of each item\n|clearpoke\n|poke|p1|Kyogre, L50|\n|poke|p1|Zacian-*, L50|\n|poke|p1|Chien-Pao, L50|\n|poke|p1|Rillaboom, L50, F|\n|poke|p1|Tornadus, L50, M|\n|poke|p1|Landorus, L50, M|\n|poke|p2|Calyrex-Shadow, L50|\n|poke|p2|Kyogre, L50|\n|poke|p2|Urshifu-*, L50, M|\n|poke|p2|Roaring Moon, L50|\n|poke|p2|Landorus, L50, M|\n|poke|p2|Raging Bolt, L50|\n|teampreview|4\n|\n|t:|1770963114\n|teamsize|p1|4\n|teamsize|p2|4\n|start\n|switch|p1a: Kyogre|Kyogre, L50|100/100\n|switch|p1b: Tornadus|Tornadus, L50, M|100/100\n|switch|p2a: Roaring Moon|Roaring Moon, L50|100/100\n|switch|p2b: Urshifu|Urshifu-Rapid-Strike, L50, M|100/100\n|-weather|RainDance|[from] ability: Drizzle|[of] p1a: Kyogre\n|-enditem|p2a: Roaring Moon|Booster Energy\n|-activate|p2a: Roaring Moon|ability: Protosynthesis|[fromitem]\n|-start|p2a: Roaring Moon|protosynthesisspe\n|turn|1\n|\n|t:|1770963136\n|move|p1b: Tornadus|Tailwind|p1b: Tornadus\n|-sidestart|p1: 13579HXM|move: Tailwind\n|move|p2a: Roaring Moon|Tailwind|p2a: Roaring Moon\n|-sidestart|p2: TheManOfSausage|move: Tailwind\n|move|p2b: Urshifu|Surging Strikes|p1b: Tornadus\n|-crit|p1b: Tornadus\n|-damage|p1b: Tornadus|49/100\n|-crit|p1b: Tornadus\n|-damage|p1b: Tornadus|0 fnt\n|faint|p1b: Tornadus\n|-hitcount|p1: Tornadus|2\n|move|p1a: Kyogre|Origin Pulse|p2a: Roaring Moon|[spread] p2b\n|-miss|p1a: Kyogre|p2a: Roaring Moon\n|-resisted|p2b: Urshifu\n|-damage|p2b: Urshifu|27/100\n|\n|-weather|RainDance|[upkeep]\n|upkeep\n|\n|t:|1770963158\n|switch|p1b: Rillaboom|Rillaboom, L50, F|100/100\n|-fieldstart|move: Grassy Terrain|[from] ability: Grassy Surge|[of] p1b: Rillaboom\n|turn|2\n|\n|t:|1770963173\n|move|p1b: Rillaboom|Grassy Glide|p2b: Urshifu\n|-supereffective|p2b: Urshifu\n|-damage|p2b: Urshifu|0 fnt\n|faint|p2b: Urshifu\n|move|p2a: Roaring Moon|Knock Off|p1a: Kyogre\n|-crit|p1a: Kyogre\n|-damage|p1a: Kyogre|23/100\n|-enditem|p1a: Kyogre|Mystic Water|[from] move: Knock Off|[of] p2a: Roaring Moon\n|move|p1a: Kyogre|Origin Pulse|p2a: Roaring Moon\n|-resisted|p2a: Roaring Moon\n|-damage|p2a: Roaring Moon|47/100\n|\n|-weather|RainDance|[upkeep]\n|-heal|p2a: Roaring Moon|53/100|[from] Grassy Terrain\n|-heal|p1a: Kyogre|29/100|[from] Grassy Terrain\n|upkeep\n|\n|t:|1770963178\n|switch|p2b: Rice Shower|Calyrex-Shadow, L50|100/100\n|-ability|p2b: Rice Shower|As One\n|-ability|p2b: Rice Shower|Unnerve\n|turn|3\n|\n|t:|1770963206\n|-terastallize|p1b: Rillaboom|Fire\n|move|p1a: Kyogre|Protect|p1a: Kyogre\n|-singleturn|p1a: Kyogre|Protect\n|move|p2a: Roaring Moon|Acrobatics|p1b: Rillaboom\n|-damage|p1b: Rillaboom|64/100\n|move|p2b: Rice Shower|Astral Barrage|p1b: Rillaboom|[spread] p1b\n|-activate|p1a: Kyogre|move: Protect\n|-damage|p1b: Rillaboom|25/100\n|move|p1b: Rillaboom|Wood Hammer|p2b: Rice Shower\n|-enditem|p2b: Rice Shower|Focus Sash\n|-damage|p2b: Rice Shower|1/100\n|-damage|p1b: Rillaboom|0 fnt|[from] Recoil\n|faint|p1b: Rillaboom\n|\n|-weather|RainDance|[upkeep]\n|-heal|p2a: Roaring Moon|59/100|[from] Grassy Terrain\n|-heal|p2b: Rice Shower|7/100|[from] Grassy Terrain\n|-heal|p1a: Kyogre|35/100|[from] Grassy Terrain\n|upkeep\n|\n|t:|1770963229\n|switch|p1b: Zacian|Zacian-Crowned, L50|100/100\n|-ability|p1b: Zacian|Intrepid Sword|boost\n|-boost|p1b: Zacian|atk|1\n|turn|4\n|\n|t:|1770963239\n|move|p2a: Roaring Moon|Protect|p2a: Roaring Moon\n|-singleturn|p2a: Roaring Moon|Protect\n|move|p2b: Rice Shower|Astral Barrage|p1b: Zacian|[spread] p1a,p1b\n|-damage|p1a: Kyogre|0 fnt\n|-damage|p1b: Zacian|55/100\n|faint|p1a: Kyogre\n|-ability|p2b: Rice Shower|Grim Neigh|boost\n|-boost|p2b: Rice Shower|spa|1\n|move|p1b: Zacian|Play Rough|p2a: Roaring Moon\n|-activate|p2a: Roaring Moon|move: Protect\n|\n|-weather|RainDance|[upkeep]\n|-heal|p2a: Roaring Moon|65/100|[from] Grassy Terrain\n|-heal|p2b: Rice Shower|14/100|[from] Grassy Terrain\n|-heal|p1b: Zacian|61/100|[from] Grassy Terrain\n|-sideend|p2: TheManOfSausage|move: Tailwind\n|-sideend|p1: 13579HXM|move: Tailwind\n|upkeep\n|turn|5\n|c|\u2606TheManOfSausage|gg\n|\n|t:|1770963257\n|move|p2a: Roaring Moon|Tailwind|p2a: Roaring Moon\n|-sidestart|p2: TheManOfSausage|move: Tailwind\n|move|p2b: Rice Shower|Astral Barrage|p1b: Zacian\n|-damage|p1b: Zacian|0 fnt\n|faint|p1b: Zacian\n|\n|win|TheManOfSausage\n|raw|13579HXM's rating: 1374 &rarr; <strong>1362</strong><br />(-12 for losing)\n|raw|TheManOfSausage's rating: 1526 &rarr; <strong>1538</strong><br />(+12 for winning)\n|l|\u2606TheManOfSausage\n|player|p2|\n|l|\u260613579HXM\n|player|p1|\n","uploadtime":1770963439,"views":25,"formatid":"gen9vgc2026regi","rating":1362,"private":0,"password":null}