{"id":"gen9vgc2026regi-2573641119","format":"[Gen 9] VGC 2026 Reg I","players":["Boneitis","Mirthinion"],"log":"|j|\u2606Boneitis\n|j|\u2606Mirthinion\n|t:|1775153056\n|gametype|doubles\n|player|p1|Boneitis|265|1505\n|player|p2|Mirthinion|janitor|1561\n|gen|9\n|tier|[Gen 9] VGC 2026 Reg I\n|rated|\n|rule|Species Clause: Limit one of each Pok\u00e9mon\n|rule|Item Clause: Limit 1 of each item\n|clearpoke\n|poke|p1|Poliwag, L50, F|\n|poke|p1|Kyogre, L50|\n|poke|p1|Tsareena, L50, F|\n|poke|p1|Zacian-*, L50|\n|poke|p1|Incineroar, L50, F|\n|poke|p1|Raichu, L50, F|\n|poke|p2|Calyrex-Shadow, L50|\n|poke|p2|Zamazenta-*, L50|\n|poke|p2|Urshifu-*, L50, M|\n|poke|p2|Incineroar, L50, M|\n|poke|p2|Rillaboom, L50, M|\n|poke|p2|Tornadus, L50, M|\n|teampreview|4\n|inactive|Battle timer is ON: inactive players will automatically lose when time's up. (requested by Mirthinion)\n|\n|t:|1775153079\n|teamsize|p1|4\n|teamsize|p2|4\n|start\n|switch|p1a: Poliwag|Poliwag, L50, F|100/100\n|switch|p1b: Kyogre|Kyogre, L50|100/100\n|switch|p2a: Vangwe|Tornadus, L50, M|100/100\n|switch|p2b: Beowulf|Urshifu-Rapid-Strike, L50, M|100/100\n|-weather|RainDance|[from] ability: Drizzle|[of] p1b: Kyogre\n|turn|1\n|\n|t:|1775153099\n|-terastallize|p2b: Beowulf|Ghost\n|move|p2a: Vangwe|Tailwind|p2a: Vangwe\n|-sidestart|p2: Mirthinion|move: Tailwind\n|move|p2b: Beowulf|Close Combat|p1b: Kyogre\n|-damage|p1b: Kyogre|0 fnt\n|-unboost|p2b: Beowulf|def|1\n|-unboost|p2b: Beowulf|spd|1\n|faint|p1b: Kyogre\n|move|p1a: Poliwag|Encore|p2a: Vangwe\n|-start|p2a: Vangwe|Encore\n|\n|-weather|RainDance|[upkeep]\n|upkeep\n|c|\u2606Boneitis|band?\n|\n|t:|1775153118\n|switch|p1b: Zacian|Zacian-Crowned, L50|100/100\n|-ability|p1b: Zacian|Intrepid Sword|boost\n|-boost|p1b: Zacian|atk|1\n|turn|2\n|\n|t:|1775153129\n|switch|p2a: Drambor|Zamazenta-Crowned, L50|100/100\n|-ability|p2a: Drambor|Dauntless Shield|boost\n|-boost|p2a: Drambor|def|1\n|-terastallize|p1a: Poliwag|Ghost\n|move|p2b: Beowulf|Close Combat|p1b: Zacian\n|-damage|p1b: Zacian|14/100\n|-unboost|p2b: Beowulf|def|1\n|-unboost|p2b: Beowulf|spd|1\n|move|p1a: Poliwag|Icy Wind|p2b: Beowulf|[spread] p2a,p2b\n|-resisted|p2a: Drambor\n|-damage|p2a: Drambor|98/100\n|-damage|p2b: Beowulf|78/100\n|-unboost|p2a: Drambor|spe|1\n|-unboost|p2b: Beowulf|spe|1\n|move|p1b: Zacian|Behemoth Blade|p2b: Beowulf\n|-damage|p2b: Beowulf|0 fnt\n|faint|p2b: Beowulf\n|\n|-weather|RainDance|[upkeep]\n|upkeep\n|\n|t:|1775153151\n|switch|p2b: Vangwe|Tornadus, L50, M|100/100\n|turn|3\n|\n|t:|1775153163\n|switch|p1b: Tsareena|Tsareena, L50, F|100/100\n|move|p1a: Poliwag|Icy Wind|p2a: Drambor|[spread] p2a,p2b\n|-resisted|p2a: Drambor\n|-supereffective|p2b: Vangwe\n|-damage|p2a: Drambor|95/100\n|-damage|p2b: Vangwe|84/100\n|-unboost|p2a: Drambor|spe|1\n|move|p2b: Vangwe|Bleakwind Storm|p1a: Poliwag|[spread] p1a,p1b\n|-supereffective|p1b: Tsareena\n|-enditem|p1a: Poliwag|Focus Sash\n|-damage|p1a: Poliwag|1/100\n|-damage|p1b: Tsareena|26/100\n|move|p2a: Drambor|Behemoth Bash|p1b: Tsareena\n|-damage|p1b: Tsareena|0 fnt\n|faint|p1b: Tsareena\n|\n|-weather|RainDance|[upkeep]\n|upkeep\n|\n|t:|1775153166\n|switch|p1b: Zacian|Zacian-Crowned, L50|14/100\n|turn|4\n|\n|t:|1775153187\n|move|p1a: Poliwag|Protect|p1a: Poliwag\n|-singleturn|p1a: Poliwag|Protect\n|move|p1b: Zacian|Protect|p1b: Zacian\n|-singleturn|p1b: Zacian|Protect\n|move|p2b: Vangwe|Bleakwind Storm|p1b: Zacian|[spread] \n|-activate|p1a: Poliwag|move: Protect\n|-activate|p1b: Zacian|move: Protect\n|move|p2a: Drambor|Behemoth Bash|p1b: Zacian\n|-activate|p1b: Zacian|move: Protect\n|\n|-weather|RainDance|[upkeep]\n|-sideend|p2: Mirthinion|move: Tailwind\n|upkeep\n|turn|5\n|\n|t:|1775153205\n|move|p1a: Poliwag|Endeavor|p2a: Drambor\n|-damage|p2a: Drambor|1/100\n|move|p1b: Zacian|Behemoth Blade|p2a: Drambor\n|-resisted|p2a: Drambor\n|-damage|p2a: Drambor|0 fnt\n|faint|p2a: Drambor\n|move|p2b: Vangwe|Bleakwind Storm|p1a: Poliwag|[spread] p1a,p1b\n|-resisted|p1b: Zacian\n|-damage|p1a: Poliwag|0 fnt\n|-damage|p1b: Zacian|0 fnt\n|faint|p1a: Poliwag\n|faint|p1b: Zacian\n|\n|win|Mirthinion\n|raw|Boneitis's rating: 1505 &rarr; <strong>1488</strong><br />(-17 for losing)\n|raw|Mirthinion's rating: 1561 &rarr; <strong>1578</strong><br />(+17 for winning)\n|l|\u2606Boneitis\n|player|p1|\n","uploadtime":1775153219,"views":49,"formatid":"gen9vgc2026regi","rating":1488,"private":0,"password":null}