{"id":"gen9vgc2026regi-2532427786","format":"[Gen 9] VGC 2026 Reg I","players":["palhunter","ky123456"],"log":"|j|\u2606palhunter\n|j|\u2606ky123456\n|t:|1770175075\n|gametype|doubles\n|player|p1|palhunter|dawn|1622\n|player|p2|ky123456|cynthia-gen4|1542\n|gen|9\n|tier|[Gen 9] VGC 2026 Reg I\n|rated|\n|rule|Species Clause: Limit one of each Pok\u00e9mon\n|rule|Item Clause: Limit 1 of each item\n|clearpoke\n|poke|p1|Miraidon, L50|\n|poke|p1|Amoonguss, L50, F|\n|poke|p1|Calyrex-Ice, L50|\n|poke|p1|Urshifu-*, L50, M|\n|poke|p1|Incineroar, L50, F|\n|poke|p1|Landorus, L50, M|\n|poke|p2|Koraidon, L50|\n|poke|p2|Calyrex-Ice, L50|\n|poke|p2|Incineroar, L50, F|\n|poke|p2|Smeargle, L50, F|\n|poke|p2|Rillaboom, L50, M|\n|poke|p2|Landorus, L50, M|\n|teampreview|4\n|inactive|Battle timer is ON: inactive players will automatically lose when time's up. (requested by palhunter)\n|inactive|palhunter has 60 seconds left.\n|\n|t:|1770175128\n|teamsize|p1|4\n|teamsize|p2|4\n|start\n|switch|p1a: Calyrex|Calyrex-Ice, L50|100/100\n|switch|p1b: Incineroar|Incineroar, L50, F, shiny|100/100\n|switch|p2a: Rillaboom|Rillaboom, L50, M|100/100\n|switch|p2b: Landorus|Landorus, L50, M|100/100\n|-ability|p1a: Calyrex|As One\n|-ability|p1a: Calyrex|Unnerve\n|-fieldstart|move: Grassy Terrain|[from] ability: Grassy Surge|[of] p2a: Rillaboom\n|-ability|p1b: Incineroar|Intimidate|boost\n|-unboost|p2a: Rillaboom|atk|1\n|-unboost|p2b: Landorus|atk|1\n|turn|1\n|\n|t:|1770175139\n|move|p2a: Rillaboom|Fake Out|p1a: Calyrex\n|-damage|p1a: Calyrex|96/100\n|move|p1b: Incineroar|Fake Out|p2b: Landorus\n|-damage|p2b: Landorus|86/100\n|cant|p2b: Landorus|flinch\n|cant|p1a: Calyrex|flinch\n|\n|-heal|p1a: Calyrex|100/100|[from] Grassy Terrain\n|upkeep\n|turn|2\n|\n|t:|1770175161\n|switch|p1b: Landorus|Landorus, L50, M, shiny|100/100\n|-terastallize|p2b: Landorus|Water\n|move|p2a: Rillaboom|U-turn|p1b: Landorus\n|-resisted|p1b: Landorus\n|-damage|p1b: Landorus|93/100\n|\n|t:|1770175168\n|switch|p2a: Calyrex|Calyrex-Ice, L50|100/100|[from] U-turn\n|-ability|p2a: Calyrex|As One\n|-ability|p2a: Calyrex|Unnerve\n|move|p2b: Landorus|Earth Power|p1b: Landorus\n|-immune|p1b: Landorus\n|move|p1a: Calyrex|Glacial Lance|p2a: Calyrex|[spread] p2a,p2b\n|-resisted|p2a: Calyrex\n|-resisted|p2b: Landorus\n|-damage|p2a: Calyrex|83/100\n|-damage|p2b: Landorus|55/100\n|\n|-heal|p2b: Landorus|61/100|[from] Grassy Terrain\n|-heal|p2a: Calyrex|88/100|[from] Grassy Terrain\n|-heal|p2a: Calyrex|94/100|[from] item: Leftovers\n|upkeep\n|turn|3\n|inactive|palhunter has 30 seconds left.\n|\n|t:|1770175199\n|switch|p1b: Incineroar|Incineroar, L50, F, shiny|100/100\n|-ability|p1b: Incineroar|Intimidate|boost\n|-unboost|p2a: Calyrex|atk|1\n|-unboost|p2b: Landorus|atk|1\n|move|p2b: Landorus|Protect|p2b: Landorus\n|-singleturn|p2b: Landorus|Protect\n|move|p2a: Calyrex|Leech Seed|p1a: Calyrex\n|-start|p1a: Calyrex|move: Leech Seed\n|move|p1a: Calyrex|High Horsepower|p2a: Calyrex\n|-damage|p2a: Calyrex|68/100\n|\n|-heal|p2b: Landorus|67/100|[from] Grassy Terrain\n|-heal|p2a: Calyrex|73/100|[from] Grassy Terrain\n|-heal|p2a: Calyrex|79/100|[from] item: Leftovers\n|-damage|p1a: Calyrex|88/100|[from] Leech Seed|[of] p2a: Calyrex\n|-heal|p2a: Calyrex|91/100|[silent]\n|upkeep\n|turn|4\n|inactive|palhunter has 30 seconds left.\n|\n|t:|1770175230\n|switch|p1a: Miraidon|Miraidon, L50|100/100\n|-fieldstart|move: Electric Terrain|[from] ability: Hadron Engine|[of] p1a: Miraidon\n|move|p1b: Incineroar|Fake Out|p2b: Landorus\n|-damage|p2b: Landorus|54/100\n|cant|p2b: Landorus|flinch\n|move|p2a: Calyrex|Leech Seed|p1b: Incineroar\n|-start|p1b: Incineroar|move: Leech Seed\n|\n|-heal|p2a: Calyrex|97/100|[from] item: Leftovers\n|-damage|p1b: Incineroar|88/100|[from] Leech Seed|[of] p2a: Calyrex\n|-heal|p2a: Calyrex|100/100|[silent]\n|upkeep\n|turn|5\n|inactive|ky123456 has 30 seconds left.\n|\n|t:|1770175264\n|move|p2b: Landorus|Protect|p2b: Landorus\n|-singleturn|p2b: Landorus|Protect\n|move|p1a: Miraidon|Volt Switch|p2b: Landorus\n|-activate|p2b: Landorus|move: Protect\n|move|p1b: Incineroar|Knock Off|p2a: Calyrex\n|-supereffective|p2a: Calyrex\n|-damage|p2a: Calyrex|44/100\n|-enditem|p2a: Calyrex|Leftovers|[from] move: Knock Off|[of] p1b: Incineroar\n|move|p2a: Calyrex|Glacial Lance|p1a: Miraidon|[spread] p1a,p1b\n|-supereffective|p1a: Miraidon\n|-resisted|p1b: Incineroar\n|-damage|p1a: Miraidon|25/100\n|-damage|p1b: Incineroar|72/100\n|\n|-damage|p1b: Incineroar|59/100|[from] Leech Seed|[of] p2a: Calyrex\n|-heal|p2a: Calyrex|57/100|[silent]\n|upkeep\n|turn|6\n|\n|t:|1770175287\n|switch|p2b: Rillaboom|Rillaboom, L50, M|100/100\n|-fieldstart|move: Grassy Terrain|[from] ability: Grassy Surge|[of] p2b: Rillaboom\n|move|p2a: Calyrex|Protect|p2a: Calyrex\n|-singleturn|p2a: Calyrex|Protect\n|move|p1a: Miraidon|Volt Switch|p2b: Rillaboom\n|-resisted|p2b: Rillaboom\n|-damage|p2b: Rillaboom|83/100\n|\n|t:|1770175298\n|switch|p1a: Calyrex|Calyrex-Ice, L50|88/100|[from] Volt Switch\n|-ability|p1a: Calyrex|As One\n|-ability|p1a: Calyrex|Unnerve\n|move|p1b: Incineroar|U-turn|p2b: Rillaboom\n|-supereffective|p2b: Rillaboom\n|-damage|p2b: Rillaboom|43/100\n|\n|t:|1770175315\n|switch|p1b: Miraidon|Miraidon, L50|25/100|[from] U-turn\n|-fieldstart|move: Electric Terrain|[from] ability: Hadron Engine|[of] p1b: Miraidon\n|\n|upkeep\n|turn|7\n|inactive|ky123456 has 30 seconds left.\n|inactive|ky123456 has 20 seconds left.\n|\n|t:|1770175351\n|switch|p1b: Incineroar|Incineroar, L50, F, shiny|59/100\n|-ability|p1b: Incineroar|Intimidate|boost\n|-unboost|p2a: Calyrex|atk|1\n|-unboost|p2b: Rillaboom|atk|1\n|switch|p2a: Koraidon|Koraidon, L50|100/100\n|-weather|SunnyDay|[from] ability: Orichalcum Pulse|[of] p2a: Koraidon\n|-activate|p2a: Koraidon|Orichalcum Pulse|[source]\n|move|p2b: Rillaboom|Fake Out|p1a: Calyrex\n|-damage|p1a: Calyrex|83/100\n|cant|p1a: Calyrex|flinch\n|\n|-weather|SunnyDay|[upkeep]\n|upkeep\n|turn|8\n|inactive|palhunter has 30 seconds left.\n|inactive|ky123456 has 30 seconds left.\n|\n|t:|1770175380\n|move|p1b: Incineroar|Fake Out|p2a: Koraidon\n|-damage|p2a: Koraidon|89/100\n|cant|p2a: Koraidon|flinch\n|move|p2b: Rillaboom|U-turn|p1a: Calyrex\n|-supereffective|p1a: Calyrex\n|-damage|p1a: Calyrex|67/100\n|\n|t:|1770175387\n|switch|p2b: Calyrex|Calyrex-Ice, L50|57/100|[from] U-turn\n|-ability|p2b: Calyrex|As One\n|-ability|p2b: Calyrex|Unnerve\n|move|p1a: Calyrex|Trick Room|p1a: Calyrex\n|-fieldstart|move: Trick Room|[of] p1a: Calyrex\n|\n|-weather|SunnyDay|[upkeep]\n|upkeep\n|turn|9\n|\n|t:|1770175399\n|move|p2a: Koraidon|Protect|p2a: Koraidon\n|-singleturn|p2a: Koraidon|Protect\n|move|p1a: Calyrex|Glacial Lance|p2b: Calyrex|[spread] p2b\n|-activate|p2a: Koraidon|move: Protect\n|-resisted|p2b: Calyrex\n|-damage|p2b: Calyrex|39/100\n|move|p2b: Calyrex|Leech Seed|p1a: Calyrex\n|-start|p1a: Calyrex|move: Leech Seed\n|move|p1b: Incineroar|U-turn|p2b: Calyrex\n|-supereffective|p2b: Calyrex\n|-damage|p2b: Calyrex|13/100\n|\n|t:|1770175411\n|switch|p1b: Landorus|Landorus, L50, M, shiny|93/100|[from] U-turn\n|\n|-weather|SunnyDay|[upkeep]\n|-damage|p1a: Calyrex|55/100|[from] Leech Seed|[of] p2b: Calyrex\n|-heal|p2b: Calyrex|25/100|[silent]\n|upkeep\n|turn|10\n|inactive|ky123456 has 30 seconds left.\n|inactive|ky123456 has 20 seconds left.\n|\n|t:|1770175454\n|switch|p1b: Incineroar|Incineroar, L50, F, shiny|59/100\n|-ability|p1b: Incineroar|Intimidate|boost\n|-fail|p2a: Koraidon|unboost|[from] item: Clear Amulet|[of] p2a: Koraidon\n|-unboost|p2b: Calyrex|atk|1\n|move|p2b: Calyrex|Protect|p2b: Calyrex\n|-singleturn|p2b: Calyrex|Protect\n|move|p1a: Calyrex|Glacial Lance|p2a: Koraidon|[spread] p2a\n|-activate|p2b: Calyrex|move: Protect\n|-supereffective|p2a: Koraidon\n|-damage|p2a: Koraidon|6/100\n|move|p2a: Koraidon|Low Kick|p1b: Incineroar\n|-supereffective|p1b: Incineroar\n|-damage|p1b: Incineroar|0 fnt\n|faint|p1b: Incineroar\n|\n|-weather|SunnyDay|[upkeep]\n|-damage|p1a: Calyrex|43/100|[from] Leech Seed|[of] p2b: Calyrex\n|-heal|p2b: Calyrex|37/100|[silent]\n|-fieldend|move: Electric Terrain\n|upkeep\n|\n|t:|1770175473\n|switch|p1b: Landorus|Landorus, L50, M, shiny|93/100\n|turn|11\n|\n|t:|1770175498\n|-terastallize|p1b: Landorus|Water\n|move|p2b: Calyrex|Protect||[still]\n|-fail|p2b: Calyrex\n|move|p2a: Koraidon|Protect|p2a: Koraidon\n|-singleturn|p2a: Koraidon|Protect\n|move|p1a: Calyrex|Glacial Lance|p2b: Calyrex|[spread] p2b\n|-activate|p2a: Koraidon|move: Protect\n|-resisted|p2b: Calyrex\n|-damage|p2b: Calyrex|21/100\n|move|p1b: Landorus|Earth Power|p2b: Calyrex\n|-damage|p2b: Calyrex|0 fnt\n|faint|p2b: Calyrex\n|\n|-weather|none\n|upkeep\n|\n|t:|1770175521\n|switch|p2b: Landorus|Landorus, L50, M, tera:Water|54/100\n|turn|12\n|\n|t:|1770175530\n|move|p2b: Landorus|Protect|p2b: Landorus\n|-singleturn|p2b: Landorus|Protect\n|move|p2a: Koraidon|Protect|p2a: Koraidon\n|-singleturn|p2a: Koraidon|Protect\n|move|p1a: Calyrex|Glacial Lance|p2a: Koraidon|[spread] \n|-activate|p2a: Koraidon|move: Protect\n|-activate|p2b: Landorus|move: Protect\n|move|p1b: Landorus|Earth Power|p2a: Koraidon\n|-activate|p2a: Koraidon|move: Protect\n|\n|-damage|p1a: Calyrex|30/100|[from] Leech Seed|[of] p2b: Landorus\n|-heal|p2b: Landorus|67/100|[silent]\n|-fieldend|move: Trick Room\n|upkeep\n|turn|13\n|\n|t:|1770175549\n|move|p2a: Koraidon|Low Kick|p1a: Calyrex\n|-damage|p1a: Calyrex|0 fnt\n|faint|p1a: Calyrex\n|move|p2b: Landorus|Earth Power|p1b: Landorus\n|-damage|p1b: Landorus|19/100\n|move|p1b: Landorus|Sandsear Storm|p2b: Landorus|[spread] p2a,p2b\n|-damage|p2a: Koraidon|0 fnt\n|-damage|p2b: Landorus|0 fnt\n|faint|p2a: Koraidon\n|faint|p2b: Landorus\n|\n|upkeep\n|\n|t:|1770175566\n|switch|p2b: Rillaboom|Rillaboom, L50, M|43/100\n|switch|p1a: Miraidon|Miraidon, L50|25/100\n|-fieldstart|move: Electric Terrain|[from] ability: Hadron Engine|[of] p1a: Miraidon\n|-fieldstart|move: Grassy Terrain|[from] ability: Grassy Surge|[of] p2b: Rillaboom\n|turn|14\n|\n|t:|1770175577\n|move|p1b: Landorus|Protect|p1b: Landorus\n|-singleturn|p1b: Landorus|Protect\n|move|p2b: Rillaboom|Grassy Glide|p1b: Landorus\n|-activate|p1b: Landorus|move: Protect\n|move|p1a: Miraidon|Draco Meteor|p2b: Rillaboom\n|-damage|p2b: Rillaboom|0 fnt\n|-unboost|p1a: Miraidon|spa|2\n|faint|p2b: Rillaboom\n|\n|win|palhunter\n|raw|palhunter's rating: 1622 &rarr; <strong>1637</strong><br />(+15 for winning)\n|raw|ky123456's rating: 1542 &rarr; <strong>1527</strong><br />(-15 for losing)\n|l|\u2606palhunter\n|player|p1|\n|l|\u2606ky123456\n|player|p2|\n","uploadtime":1770175751,"views":41,"formatid":"gen9vgc2026regi","rating":1527,"private":0,"password":null}