{"id":"gen9vgc2026regi-2558898228","format":"[Gen 9] VGC 2026 Reg I","players":["Bubebdbd","Slackermaru"],"log":"|j|\u2606Bubebdbd\n|j|\u2606Slackermaru\n|t:|1773499267\n|gametype|doubles\n|player|p1|Bubebdbd|101|1258\n|player|p2|Slackermaru|workerice|1311\n|gen|9\n|tier|[Gen 9] VGC 2026 Reg I\n|rated|\n|rule|Species Clause: Limit one of each Pok\u00e9mon\n|rule|Item Clause: Limit 1 of each item\n|clearpoke\n|poke|p1|Miraidon, L50|\n|poke|p1|Terapagos, L50, M|\n|poke|p1|Indeedee-F, L50, F|\n|poke|p1|Iron Bundle, L50|\n|poke|p1|Incineroar, L50, M|\n|poke|p1|Comfey, L50, F|\n|poke|p2|Miraidon, L50|\n|poke|p2|Amoonguss, L50, M|\n|poke|p2|Incineroar, L50, M|\n|poke|p2|Calyrex-Ice, L50|\n|poke|p2|Urshifu-*, L50, M|\n|poke|p2|Landorus, L50, M|\n|teampreview|4\n|inactive|Battle timer is ON: inactive players will automatically lose when time's up. (requested by Bubebdbd)\n|\n|t:|1773499288\n|teamsize|p1|4\n|teamsize|p2|4\n|start\n|switch|p1a: Miraidon|Miraidon, L50, shiny|100/100\n|switch|p1b: Terapagos|Terapagos, L50, M|100/100\n|switch|p2a: Calyrex|Calyrex-Ice, L50|100/100\n|switch|p2b: Incineroar|Incineroar, L50, M, shiny|100/100\n|-activate|p1b: Terapagos|ability: Tera Shift\n|detailschange|p1b: Terapagos|Terapagos-Terastal, L50, M\n|-heal|p1b: Terapagos|100/100|[silent]\n|-ability|p2a: Calyrex|As One\n|-ability|p2a: Calyrex|Unnerve\n|-fieldstart|move: Electric Terrain|[from] ability: Hadron Engine|[of] p1a: Miraidon\n|-enditem|p1b: Terapagos|Electric Seed\n|-boost|p1b: Terapagos|def|1|[from] item: Electric Seed\n|-ability|p2b: Incineroar|Intimidate|boost\n|-unboost|p1a: Miraidon|atk|1\n|-unboost|p1b: Terapagos|atk|1\n|turn|1\n|\n|t:|1773499311\n|move|p2b: Incineroar|Fake Out|p1a: Miraidon\n|-damage|p1a: Miraidon|89/100\n|cant|p1a: Miraidon|flinch\n|move|p1b: Terapagos|Calm Mind|p1b: Terapagos\n|-boost|p1b: Terapagos|spa|1\n|-boost|p1b: Terapagos|spd|1\n|move|p2a: Calyrex|Trick Room|p2a: Calyrex\n|-fieldstart|move: Trick Room|[of] p2a: Calyrex\n|\n|upkeep\n|turn|2\n|\n|t:|1773499333\n|switch|p1a: Indeedee|Indeedee-F, L50, F|100/100\n|-fieldstart|move: Psychic Terrain|[from] ability: Psychic Surge|[of] p1a: Indeedee\n|-enditem|p1a: Indeedee|Psychic Seed\n|-boost|p1a: Indeedee|spd|1|[from] item: Psychic Seed\n|move|p2a: Calyrex|Glacial Lance|p1a: Indeedee|[spread] p1a,p1b\n|-crit|p1a: Indeedee\n|-activate|p1b: Terapagos|ability: Tera Shell\n|-resisted|p1b: Terapagos\n|-damage|p1a: Indeedee|14/100\n|-damage|p1b: Terapagos|86/100\n|move|p2b: Incineroar|Knock Off|p1a: Indeedee\n|-supereffective|p1a: Indeedee\n|-crit|p1a: Indeedee\n|-damage|p1a: Indeedee|0 fnt\n|faint|p1a: Indeedee\n|move|p1b: Terapagos|Calm Mind|p1b: Terapagos\n|-boost|p1b: Terapagos|spa|1\n|-boost|p1b: Terapagos|spd|1\n|\n|upkeep\n|\n|t:|1773499352\n|switch|p1a: Comfey|Comfey, L50, F|100/100\n|turn|3\n|\n|t:|1773499364\n|move|p1a: Comfey|Floral Healing|p1b: Terapagos\n|-heal|p1b: Terapagos|100/100\n|move|p2a: Calyrex|Glacial Lance|p1a: Comfey|[spread] p1a,p1b\n|-activate|p1b: Terapagos|ability: Tera Shell\n|-resisted|p1b: Terapagos\n|-damage|p1a: Comfey|49/100\n|-damage|p1b: Terapagos|87/100\n|move|p2b: Incineroar|Flare Blitz|p1a: Comfey\n|-damage|p1a: Comfey|0 fnt\n|faint|p1a: Comfey\n|-damage|p2b: Incineroar|88/100|[from] Recoil\n|move|p1b: Terapagos|Earth Power|p2b: Incineroar\n|-supereffective|p2b: Incineroar\n|-damage|p2b: Incineroar|18/100\n|\n|upkeep\n|\n|t:|1773499381\n|switch|p1a: Miraidon|Miraidon, L50, shiny|89/100\n|-fieldstart|move: Electric Terrain|[from] ability: Hadron Engine|[of] p1a: Miraidon\n|turn|4\n|\n|t:|1773499402\n|-terastallize|p1a: Miraidon|Electric\n|move|p1b: Terapagos|Protect|p1b: Terapagos\n|-singleturn|p1b: Terapagos|Protect\n|move|p2a: Calyrex|Glacial Lance|p1a: Miraidon|[spread] p1a\n|-activate|p1b: Terapagos|move: Protect\n|-damage|p1a: Miraidon|29/100\n|move|p2b: Incineroar|Knock Off|p1a: Miraidon\n|-damage|p1a: Miraidon|0 fnt\n|-enditem|p1a: Miraidon|Choice Scarf|[from] move: Knock Off|[of] p2b: Incineroar\n|faint|p1a: Miraidon\n|\n|upkeep\n|turn|5\n|-message|Bubebdbd forfeited.\n|\n|win|Slackermaru\n|raw|Bubebdbd's rating: 1258 &rarr; <strong>1237</strong><br />(-21 for losing)\n|raw|Slackermaru's rating: 1311 &rarr; <strong>1328</strong><br />(+17 for winning)\n|l|\u2606Bubebdbd\n|player|p1|\n","uploadtime":1773499627,"views":15,"formatid":"gen9vgc2026regi","rating":1237,"private":0,"password":null}