{"id":"gen9vgc2026regi-2548876060","format":"[Gen 9] VGC 2026 Reg I","players":["fogdocker","919evo"],"log":"|j|\u2606fogdocker\n|j|\u2606919evo\n|t:|1772274955\n|gametype|doubles\n|player|p1|fogdocker|266|1301\n|player|p2|919evo|169|1128\n|gen|9\n|tier|[Gen 9] VGC 2026 Reg I\n|rated|\n|rule|Species Clause: Limit one of each Pok\u00e9mon\n|rule|Item Clause: Limit 1 of each item\n|clearpoke\n|poke|p1|Calyrex-Ice, L50|\n|poke|p1|Koraidon, L50|\n|poke|p1|Flutter Mane, L50|\n|poke|p1|Incineroar, L50, F|\n|poke|p1|Rillaboom, L50, M|\n|poke|p1|Annihilape, L50, F|\n|poke|p2|Golem, L50, F|\n|poke|p2|Oranguru, L50, M|\n|poke|p2|Armarouge, L50, F|\n|poke|p2|Dialga-Origin, L50|\n|poke|p2|Palkia-Origin, L50|\n|poke|p2|Noivern, L50, M|\n|teampreview|4\n|\n|t:|1772274981\n|teamsize|p1|4\n|teamsize|p2|4\n|start\n|switch|p1a: Annihilape|Annihilape, L50, F|100/100\n|switch|p1b: Koraidon|Koraidon, L50|100/100\n|switch|p2a: Noivern|Noivern, L50, M|100/100\n|switch|p2b: Palkia|Palkia-Origin, L50|100/100\n|-weather|SunnyDay|[from] ability: Orichalcum Pulse|[of] p1b: Koraidon\n|-activate|p1b: Koraidon|Orichalcum Pulse|[source]\n|turn|1\n|\n|t:|1772275027\n|switch|p1b: Incineroar|Incineroar, L50, F|100/100\n|-ability|p1b: Incineroar|Intimidate|boost\n|-unboost|p2a: Noivern|atk|1\n|-unboost|p2b: Palkia|atk|1\n|-terastallize|p2b: Palkia|Water\n|move|p1a: Annihilape|Final Gambit|p2b: Palkia\n|-damage|p2b: Palkia|0 fnt\n|faint|p1a: Annihilape\n|faint|p2b: Palkia\n|move|p2a: Noivern|Tailwind|p2a: Noivern\n|-sidestart|p2: 919evo|move: Tailwind\n|\n|-weather|SunnyDay|[upkeep]\n|upkeep\n|inactive|Battle timer is ON: inactive players will automatically lose when time's up. (requested by fogdocker)\n|\n|t:|1772275061\n|switch|p2b: Dialga|Dialga-Origin, L50|100/100\n|switch|p1a: Calyrex|Calyrex-Ice, L50|100/100\n|-ability|p1a: Calyrex|As One\n|-ability|p1a: Calyrex|Unnerve\n|turn|2\n|inactive|919evo has 30 seconds left.\n|\n|t:|1772275087\n|-terastallize|p1a: Calyrex|Water\n|move|p1b: Incineroar|Fake Out|p2b: Dialga\n|-resisted|p2b: Dialga\n|-damage|p2b: Dialga|97/100\n|move|p2a: Noivern|Shadow Ball|p1a: Calyrex\n|-damage|p1a: Calyrex|87/100\n|cant|p2b: Dialga|flinch\n|move|p1a: Calyrex|Glacial Lance|p2a: Noivern|[spread] p2a,p2b\n|-supereffective|p2a: Noivern\n|-enditem|p2a: Noivern|Focus Sash\n|-damage|p2a: Noivern|1/100\n|-damage|p2b: Dialga|63/100\n|\n|-weather|SunnyDay|[upkeep]\n|-heal|p1a: Calyrex|93/100|[from] item: Leftovers\n|upkeep\n|turn|3\n|inactive|919evo has 30 seconds left.\n|inactive|919evo has 20 seconds left.\n|\n|t:|1772275125\n|move|p2a: Noivern|Dragon Pulse|p1a: Calyrex\n|-damage|p1a: Calyrex|70/100\n|move|p2b: Dialga|Earth Power|p1b: Incineroar\n|-supereffective|p1b: Incineroar\n|-damage|p1b: Incineroar|35/100\n|move|p1b: Incineroar|Flare Blitz|p2b: Dialga\n|-damage|p2b: Dialga|7/100\n|-status|p2b: Dialga|brn\n|-damage|p1b: Incineroar|16/100|[from] Recoil\n|move|p1a: Calyrex|Glacial Lance|p2b: Dialga|[spread] p2a,p2b\n|-supereffective|p2a: Noivern\n|-damage|p2a: Noivern|0 fnt\n|-damage|p2b: Dialga|0 fnt\n|faint|p2a: Noivern\n|faint|p2b: Dialga\n|-ability|p1a: Calyrex|Chilling Neigh|boost\n|-boost|p1a: Calyrex|atk|2\n|\n|-weather|SunnyDay|[upkeep]\n|-heal|p1a: Calyrex|75/100|[from] item: Leftovers\n|upkeep\n|\n|t:|1772275145\n|switch|p2a: Golem|Golem, L50, F|100/100\n|turn|4\n|\n|t:|1772275150\n|move|p2a: Golem|Earthquake|p1b: Incineroar|[spread] p1a,p1b\n|-supereffective|p1b: Incineroar\n|-damage|p1a: Calyrex|49/100\n|-damage|p1b: Incineroar|0 fnt\n|faint|p1b: Incineroar\n|move|p1a: Calyrex|Glacial Lance|p2a: Golem\n|-supereffective|p2a: Golem\n|-ability|p2a: Golem|Sturdy\n|-damage|p2a: Golem|1/100\n|\n|-weather|SunnyDay|[upkeep]\n|-heal|p1a: Calyrex|55/100|[from] item: Leftovers\n|-sideend|p2: 919evo|move: Tailwind\n|upkeep\n|\n|t:|1772275154\n|switch|p1b: Koraidon|Koraidon, L50|100/100\n|-activate|p1b: Koraidon|ability: Orichalcum Pulse\n|turn|5\n|-message|919evo forfeited.\n|\n|win|fogdocker\n|raw|fogdocker's rating: 1301 &rarr; <strong>1312</strong><br />(+11 for winning)\n|raw|919evo's rating: 1128 &rarr; <strong>1115</strong><br />(-13 for losing)\n|l|\u2606919evo\n|player|p2|\n|l|\u2606fogdocker\n|player|p1|\n","uploadtime":1772275530,"views":7,"formatid":"gen9vgc2026regi","rating":1115,"private":0,"password":null}