{"id":"gen9vgc2026regi-2580388972","format":"[Gen 9] VGC 2026 Reg I","players":["ashe koochie","FRESHmustard"],"log":"|j|\u2606ashe koochie\n|j|\u2606FRESHmustard\n|t:|1775889154\n|gametype|doubles\n|player|p1|ashe koochie|265|1303\n|player|p2|FRESHmustard|clair|1465\n|gen|9\n|tier|[Gen 9] VGC 2026 Reg I\n|rated|\n|rule|Species Clause: Limit one of each Pok\u00e9mon\n|rule|Item Clause: Limit 1 of each item\n|clearpoke\n|poke|p1|Zamazenta-*, L50|\n|poke|p1|Calyrex-Shadow, L50|\n|poke|p1|Farigiraf, L50, M|\n|poke|p1|Comfey, L50, F|\n|poke|p1|Rillaboom, L50, F|\n|poke|p1|Chien-Pao, L50|\n|poke|p2|Lunala, L50|\n|poke|p2|Ursaluna, L50, F|\n|poke|p2|Urshifu-*, L50, M|\n|poke|p2|Miraidon, L50|\n|poke|p2|Grimmsnarl, L50, M|\n|poke|p2|Incineroar, L50, M|\n|teampreview|4\n|\n|t:|1775889171\n|teamsize|p1|4\n|teamsize|p2|4\n|start\n|switch|p1a: Rillaboom|Rillaboom, L50, F|100/100\n|switch|p1b: Zamazenta|Zamazenta-Crowned, L50, shiny|100/100\n|switch|p2a: Lunala|Lunala, L50|100/100\n|switch|p2b: Incineroar|Incineroar, L50, M|100/100\n|-ability|p1b: Zamazenta|Dauntless Shield|boost\n|-boost|p1b: Zamazenta|def|1\n|-fieldstart|move: Grassy Terrain|[from] ability: Grassy Surge|[of] p1a: Rillaboom\n|-ability|p2b: Incineroar|Intimidate|boost\n|-unboost|p1a: Rillaboom|atk|1\n|-unboost|p1b: Zamazenta|atk|1\n|turn|1\n|\n|t:|1775889195\n|move|p2b: Incineroar|Fake Out|p1b: Zamazenta\n|-resisted|p1b: Zamazenta\n|-damage|p1b: Zamazenta|99/100\n|cant|p1b: Zamazenta|flinch\n|move|p1a: Rillaboom|U-turn|p2a: Lunala\n|-damage|p2a: Lunala|92/100\n|\n|t:|1775889203\n|switch|p1a: Chien-Pao|Chien-Pao, L50|100/100|[from] U-turn\n|-ability|p1a: Chien-Pao|Sword of Ruin\n|move|p2a: Lunala|Trick Room|p2a: Lunala\n|-fieldstart|move: Trick Room|[of] p2a: Lunala\n|\n|-heal|p2a: Lunala|98/100|[from] Grassy Terrain\n|-heal|p1b: Zamazenta|100/100|[from] Grassy Terrain\n|upkeep\n|turn|2\n|\n|t:|1775889218\n|move|p2b: Incineroar|Knock Off|p1a: Chien-Pao\n|-resisted|p1a: Chien-Pao\n|-damage|p1a: Chien-Pao|75/100\n|-enditem|p1a: Chien-Pao|Focus Sash|[from] move: Knock Off|[of] p2b: Incineroar\n|move|p2a: Lunala|Moonblast|p1a: Chien-Pao\n|-supereffective|p1a: Chien-Pao\n|-damage|p1a: Chien-Pao|0 fnt\n|faint|p1a: Chien-Pao\n|move|p1b: Zamazenta|Body Press|p2b: Incineroar\n|-supereffective|p2b: Incineroar\n|-crit|p2b: Incineroar\n|-damage|p2b: Incineroar|0 fnt\n|-damage|p1b: Zamazenta|84/100|[from] item: Rocky Helmet|[of] p2b: Incineroar\n|faint|p2b: Incineroar\n|\n|-heal|p2a: Lunala|100/100|[from] Grassy Terrain\n|-heal|p1b: Zamazenta|90/100|[from] Grassy Terrain\n|upkeep\n|\n|t:|1775889235\n|switch|p2b: Miraidon|Miraidon, L50|100/100\n|switch|p1a: Rillaboom|Rillaboom, L50, F|100/100\n|-fieldstart|move: Electric Terrain|[from] ability: Hadron Engine|[of] p2b: Miraidon\n|-enditem|p2a: Lunala|Electric Seed\n|-boost|p2a: Lunala|def|1|[from] item: Electric Seed\n|turn|3\n|\n|t:|1775889255\n|move|p1a: Rillaboom|High Horsepower|p2b: Miraidon\n|-supereffective|p2b: Miraidon\n|-damage|p2b: Miraidon|7/100\n|move|p2a: Lunala|Moongeist Beam|p1b: Zamazenta\n|-damage|p1b: Zamazenta|53/100\n|move|p1b: Zamazenta|Behemoth Bash|p2a: Lunala\n|-damage|p2a: Lunala|94/100\n|move|p2b: Miraidon|Volt Switch|p1b: Zamazenta\n|-damage|p1b: Zamazenta|3/100\n|\n|t:|1775889267\n|switch|p2b: Ursaluna|Ursaluna, L50, F|100/100|[from] Volt Switch\n|\n|-status|p2b: Ursaluna|brn|[from] item: Flame Orb\n|upkeep\n|turn|4\n|\n|t:|1775889279\n|switch|p1b: Comfey|Comfey, L50, F|100/100\n|move|p2b: Ursaluna|Rock Slide|p1a: Rillaboom|[spread] p1a,p1b\n|-crit|p1b: Comfey\n|-damage|p1a: Rillaboom|70/100\n|-damage|p1b: Comfey|42/100\n|move|p1a: Rillaboom|High Horsepower|p2a: Lunala\n|-damage|p2a: Lunala|69/100\n|move|p2a: Lunala|Moongeist Beam|p1a: Rillaboom\n|-damage|p1a: Rillaboom|4/100\n|\n|-damage|p2b: Ursaluna|95/100 brn|[from] brn\n|upkeep\n|turn|5\n|\n|t:|1775889301\n|switch|p1a: Zamazenta|Zamazenta-Crowned, L50, shiny|3/100\n|move|p1b: Comfey|Floral Healing|p1a: Zamazenta\n|-heal|p1a: Zamazenta|53/100\n|move|p2b: Ursaluna|Rock Slide|p1b: Comfey|[spread] p1b\n|-miss|p2b: Ursaluna|p1a: Zamazenta\n|-damage|p1b: Comfey|0 fnt\n|faint|p1b: Comfey\n|move|p2a: Lunala|Moongeist Beam|p1a: Zamazenta\n|-damage|p1a: Zamazenta|17/100\n|\n|-damage|p2b: Ursaluna|89/100 brn|[from] brn\n|-fieldend|move: Trick Room\n|upkeep\n|\n|t:|1775889316\n|switch|p1b: Rillaboom|Rillaboom, L50, F|4/100\n|-fieldstart|move: Grassy Terrain|[from] ability: Grassy Surge|[of] p1b: Rillaboom\n|turn|6\n|inactive|Battle timer is ON: inactive players will automatically lose when time's up. (requested by FRESHmustard)\n|\n|t:|1775889338\n|switch|p2b: Miraidon|Miraidon, L50|7/100\n|-fieldstart|move: Electric Terrain|[from] ability: Hadron Engine|[of] p2b: Miraidon\n|move|p1a: Zamazenta|Body Press|p2b: Miraidon\n|-damage|p2b: Miraidon|0 fnt\n|faint|p2b: Miraidon\n|move|p1b: Rillaboom|Wood Hammer|p2a: Lunala\n|-damage|p2a: Lunala|21/100\n|-damage|p1b: Rillaboom|0 fnt|[from] Recoil\n|faint|p1b: Rillaboom\n|move|p2a: Lunala|Trick Room|p2a: Lunala\n|-fieldstart|move: Trick Room|[of] p2a: Lunala\n|\n|upkeep\n|\n|t:|1775889348\n|switch|p2b: Ursaluna|Ursaluna, L50, F|89/100 brn\n|turn|7\n|c|\u2606FRESHmustard|gg ez\n|-message|ashe koochie forfeited.\n|\n|win|FRESHmustard\n|raw|ashe koochie's rating: 1303 &rarr; <strong>1292</strong><br />(-11 for losing)\n|raw|FRESHmustard's rating: 1465 &rarr; <strong>1476</strong><br />(+11 for winning)\n|l|\u2606ashe koochie\n|player|p1|\n","uploadtime":1775889616,"views":9,"formatid":"gen9vgc2026regi","rating":1292,"private":0,"password":null}