{"id":"gen9vgc2026regi-2522473257","format":"[Gen 9] VGC 2026 Reg I","players":["blackred123","hu77777dx"],"log":"|j|\u2606blackred123\n|j|\u2606hu77777dx\n|t:|1768913007\n|gametype|doubles\n|player|p1|blackred123|iono-masters|1189\n|player|p2|hu77777dx|red|1085\n|gen|9\n|tier|[Gen 9] VGC 2026 Reg I\n|rated|\n|rule|Species Clause: Limit one of each Pok\u00e9mon\n|rule|Item Clause: Limit 1 of each item\n|clearpoke\n|poke|p1|Zamazenta-*, L50|\n|poke|p1|Calyrex-Shadow, L50|\n|poke|p1|Tornadus, L50, M|\n|poke|p1|Rillaboom, L50, F|\n|poke|p1|Smeargle, L50, F|\n|poke|p1|Raging Bolt, L50|\n|poke|p2|Miraidon, L50|\n|poke|p2|Incineroar, L50, M|\n|poke|p2|Iron Hands, L50|\n|poke|p2|Whimsicott, L50, M|\n|poke|p2|Koraidon, L50|\n|poke|p2|Flutter Mane, L50|\n|teampreview|4\n|inactive|Battle timer is ON: inactive players will automatically lose when time's up. (requested by hu77777dx)\n|inactive|blackred123 also wants the timer to be on.\n|inactive|hu77777dx has 60 seconds left.\n|\n|t:|1768913061\n|teamsize|p1|4\n|teamsize|p2|4\n|start\n|switch|p1a: \u556a\u53fd\u556a\uff08\u5657\u53fd\u58f0\uff09|Zamazenta-Crowned, L50|100/100\n|switch|p1b: \u9694\u58c1\u8001\u738b\u7231\u9001\u8349\u539f|Rillaboom, L50, F|100/100\n|switch|p2a: Koraidon|Koraidon, L50|100/100\n|switch|p2b: Whimsicott|Whimsicott, L50, M|100/100\n|-weather|SunnyDay|[from] ability: Orichalcum Pulse|[of] p2a: Koraidon\n|-activate|p2a: Koraidon|Orichalcum Pulse|[source]\n|-ability|p1a: \u556a\u53fd\u556a\uff08\u5657\u53fd\u58f0\uff09|Dauntless Shield|boost\n|-boost|p1a: \u556a\u53fd\u556a\uff08\u5657\u53fd\u58f0\uff09|def|1\n|-fieldstart|move: Grassy Terrain|[from] ability: Grassy Surge|[of] p1b: \u9694\u58c1\u8001\u738b\u7231\u9001\u8349\u539f\n|turn|1\n|\n|t:|1768913080\n|-terastallize|p1b: \u9694\u58c1\u8001\u738b\u7231\u9001\u8349\u539f|Fire\n|move|p2a: Koraidon|Protect|p2a: Koraidon\n|-singleturn|p2a: Koraidon|Protect\n|move|p1b: \u9694\u58c1\u8001\u738b\u7231\u9001\u8349\u539f|Fake Out|p2b: Whimsicott\n|-damage|p2b: Whimsicott|86/100\n|move|p2b: Whimsicott|Tailwind|p2b: Whimsicott\n|-sidestart|p2: hu77777dx|move: Tailwind\n|move|p1a: \u556a\u53fd\u556a\uff08\u5657\u53fd\u58f0\uff09|Heavy Slam|p2b: Whimsicott\n|-supereffective|p2b: Whimsicott\n|-damage|p2b: Whimsicott|0 fnt\n|faint|p2b: Whimsicott\n|\n|-weather|SunnyDay|[upkeep]\n|upkeep\n|\n|t:|1768913097\n|switch|p2b: Miraidon|Miraidon, L50|100/100\n|-fieldstart|move: Electric Terrain|[from] ability: Hadron Engine|[of] p2b: Miraidon\n|turn|2\n|\n|t:|1768913116\n|-terastallize|p2a: Koraidon|Fire\n|move|p1a: \u556a\u53fd\u556a\uff08\u5657\u53fd\u58f0\uff09|Protect|p1a: \u556a\u53fd\u556a\uff08\u5657\u53fd\u58f0\uff09\n|-singleturn|p1a: \u556a\u53fd\u556a\uff08\u5657\u53fd\u58f0\uff09|Protect\n|move|p2b: Miraidon|Electro Drift|p1a: \u556a\u53fd\u556a\uff08\u5657\u53fd\u58f0\uff09\n|-activate|p1a: \u556a\u53fd\u556a\uff08\u5657\u53fd\u58f0\uff09|move: Protect\n|move|p2a: Koraidon|Flame Charge|p1a: \u556a\u53fd\u556a\uff08\u5657\u53fd\u58f0\uff09\n|-activate|p1a: \u556a\u53fd\u556a\uff08\u5657\u53fd\u58f0\uff09|move: Protect\n|move|p1b: \u9694\u58c1\u8001\u738b\u7231\u9001\u8349\u539f|U-turn|p2b: Miraidon\n|-damage|p2b: Miraidon|78/100\n|\n|t:|1768913130\n|switch|p1b: \u7d2b\u5c3e\u723d\u98de|Tornadus, L50, M|100/100|[from] U-turn\n|\n|-weather|SunnyDay|[upkeep]\n|upkeep\n|turn|3\n|\n|t:|1768913140\n|move|p1b: \u7d2b\u5c3e\u723d\u98de|Tailwind|p1b: \u7d2b\u5c3e\u723d\u98de\n|-sidestart|p1: blackred123|move: Tailwind\n|move|p2b: Miraidon|Electro Drift|p1b: \u7d2b\u5c3e\u723d\u98de\n|-supereffective|p1b: \u7d2b\u5c3e\u723d\u98de\n|-damage|p1b: \u7d2b\u5c3e\u723d\u98de|0 fnt\n|faint|p1b: \u7d2b\u5c3e\u723d\u98de\n|move|p2a: Koraidon|Flare Blitz|p1a: \u556a\u53fd\u556a\uff08\u5657\u53fd\u58f0\uff09\n|-supereffective|p1a: \u556a\u53fd\u556a\uff08\u5657\u53fd\u58f0\uff09\n|-damage|p1a: \u556a\u53fd\u556a\uff08\u5657\u53fd\u58f0\uff09|0 fnt\n|faint|p1a: \u556a\u53fd\u556a\uff08\u5657\u53fd\u58f0\uff09\n|-damage|p2a: Koraidon|68/100|[from] Recoil\n|\n|-weather|SunnyDay|[upkeep]\n|upkeep\n|\n|t:|1768913147\n|switch|p1a: \u9a6c\u6b7b\u4e86|Calyrex-Shadow, L50|100/100\n|switch|p1b: \u9694\u58c1\u8001\u738b\u7231\u9001\u8349\u539f|Rillaboom, L50, F, tera:Fire|100/100\n|-ability|p1a: \u9a6c\u6b7b\u4e86|As One\n|-ability|p1a: \u9a6c\u6b7b\u4e86|Unnerve\n|-fieldstart|move: Grassy Terrain|[from] ability: Grassy Surge|[of] p1b: \u9694\u58c1\u8001\u738b\u7231\u9001\u8349\u539f\n|turn|4\n|\n|t:|1768913167\n|switch|p2b: Flutter Mane|Flutter Mane, L50|100/100\n|-activate|p2b: Flutter Mane|ability: Protosynthesis\n|-start|p2b: Flutter Mane|protosynthesisspa\n|move|p2a: Koraidon|Protect|p2a: Koraidon\n|-singleturn|p2a: Koraidon|Protect\n|move|p1b: \u9694\u58c1\u8001\u738b\u7231\u9001\u8349\u539f|Fake Out|p2b: Flutter Mane\n|-immune|p2b: Flutter Mane\n|move|p1a: \u9a6c\u6b7b\u4e86|Nasty Plot|p1a: \u9a6c\u6b7b\u4e86\n|-boost|p1a: \u9a6c\u6b7b\u4e86|spa|2\n|\n|-weather|SunnyDay|[upkeep]\n|-heal|p2a: Koraidon|74/100|[from] Grassy Terrain\n|-sideend|p2: hu77777dx|move: Tailwind\n|upkeep\n|turn|5\n|\n|t:|1768913191\n|switch|p2a: Miraidon|Miraidon, L50|78/100\n|-fieldstart|move: Electric Terrain|[from] ability: Hadron Engine|[of] p2a: Miraidon\n|move|p1a: \u9a6c\u6b7b\u4e86|Protect|p1a: \u9a6c\u6b7b\u4e86\n|-singleturn|p1a: \u9a6c\u6b7b\u4e86|Protect\n|move|p1b: \u9694\u58c1\u8001\u738b\u7231\u9001\u8349\u539f|Wood Hammer|p2b: Flutter Mane\n|-enditem|p2b: Flutter Mane|Focus Sash\n|-damage|p2b: Flutter Mane|1/100\n|-damage|p1b: \u9694\u58c1\u8001\u738b\u7231\u9001\u8349\u539f|80/100|[from] Recoil\n|move|p2b: Flutter Mane|Shadow Ball|p1a: \u9a6c\u6b7b\u4e86\n|-activate|p1a: \u9a6c\u6b7b\u4e86|move: Protect\n|\n|-weather|none\n|-end|p2b: Flutter Mane|Protosynthesis\n|upkeep\n|turn|6\n|\n|t:|1768913211\n|move|p2b: Flutter Mane|Protect|p2b: Flutter Mane\n|-singleturn|p2b: Flutter Mane|Protect\n|move|p1a: \u9a6c\u6b7b\u4e86|Astral Barrage|p2a: Miraidon|[spread] p2a\n|-activate|p2b: Flutter Mane|move: Protect\n|-crit|p2a: Miraidon\n|-damage|p2a: Miraidon|0 fnt\n|faint|p2a: Miraidon\n|-ability|p1a: \u9a6c\u6b7b\u4e86|Grim Neigh|boost\n|-boost|p1a: \u9a6c\u6b7b\u4e86|spa|1\n|-damage|p1a: \u9a6c\u6b7b\u4e86|91/100|[from] item: Life Orb\n|move|p1b: \u9694\u58c1\u8001\u738b\u7231\u9001\u8349\u539f|Wood Hammer|p2b: Flutter Mane\n|-activate|p2b: Flutter Mane|move: Protect\n|\n|-sideend|p1: blackred123|move: Tailwind\n|upkeep\n|\n|t:|1768913227\n|switch|p2a: Koraidon|Koraidon, L50, tera:Fire|74/100\n|-weather|SunnyDay|[from] ability: Orichalcum Pulse|[of] p2a: Koraidon\n|-activate|p2b: Flutter Mane|ability: Protosynthesis\n|-start|p2b: Flutter Mane|protosynthesisspa\n|-activate|p2a: Koraidon|Orichalcum Pulse|[source]\n|turn|7\n|\n|t:|1768913243\n|move|p1a: \u9a6c\u6b7b\u4e86|Protect|p1a: \u9a6c\u6b7b\u4e86\n|-singleturn|p1a: \u9a6c\u6b7b\u4e86|Protect\n|move|p2b: Flutter Mane|Shadow Ball|p1a: \u9a6c\u6b7b\u4e86\n|-activate|p1a: \u9a6c\u6b7b\u4e86|move: Protect\n|move|p2a: Koraidon|Flare Blitz|p1a: \u9a6c\u6b7b\u4e86\n|-activate|p1a: \u9a6c\u6b7b\u4e86|move: Protect\n|move|p1b: \u9694\u58c1\u8001\u738b\u7231\u9001\u8349\u539f|Wood Hammer|p2b: Flutter Mane\n|-damage|p2b: Flutter Mane|0 fnt\n|faint|p2b: Flutter Mane\n|-end|p2b: Flutter Mane|Protosynthesis|[silent]\n|-damage|p1b: \u9694\u58c1\u8001\u738b\u7231\u9001\u8349\u539f|79/100|[from] Recoil\n|\n|-weather|SunnyDay|[upkeep]\n|upkeep\n|turn|8\n|\n|t:|1768913256\n|move|p1a: \u9a6c\u6b7b\u4e86|Astral Barrage|p2a: Koraidon\n|-damage|p2a: Koraidon|0 fnt\n|faint|p2a: Koraidon\n|-damage|p1a: \u9a6c\u6b7b\u4e86|81/100|[from] item: Life Orb\n|\n|win|blackred123\n|raw|blackred123's rating: 1189 &rarr; <strong>1207</strong><br />(+18 for winning)\n|raw|hu77777dx's rating: 1085 &rarr; <strong>1069</strong><br />(-16 for losing)\n|l|\u2606hu77777dx\n|player|p2|\n","uploadtime":1768913287,"views":14,"formatid":"gen9vgc2026regi","rating":1069,"private":0,"password":null}