{"id":"gen9vgc2026regi-2578851202","format":"[Gen 9] VGC 2026 Reg I","players":["dodatid","magoromon"],"log":"|j|\u2606dodatid\n|j|\u2606magoromon\n|t:|1775727566\n|gametype|doubles\n|player|p1|dodatid|101|1588\n|player|p2|magoromon|lance|1520\n|gen|9\n|tier|[Gen 9] VGC 2026 Reg I\n|rated|\n|rule|Species Clause: Limit one of each Pok\u00e9mon\n|rule|Item Clause: Limit 1 of each item\n|clearpoke\n|poke|p1|Calyrex-Ice, L50|\n|poke|p1|Lunala, L50|\n|poke|p1|Hariyama, L50, M|\n|poke|p1|Urshifu-*, L50, F|\n|poke|p1|Ursaluna-Bloodmoon, L50, M|\n|poke|p1|Brute Bonnet, L50|\n|poke|p2|Kyogre, L50|\n|poke|p2|Calyrex-Ice, L50|\n|poke|p2|Rillaboom, L50, M|\n|poke|p2|Amoonguss, L50, M|\n|poke|p2|Urshifu-*, L50, F|\n|poke|p2|Flutter Mane, L50|\n|teampreview|4\n|inactive|Battle timer is ON: inactive players will automatically lose when time's up. (requested by dodatid)\n|inactive|magoromon has 60 seconds left.\n|\n|t:|1775727635\n|teamsize|p1|4\n|teamsize|p2|4\n|start\n|switch|p1a: Calyrex|Calyrex-Ice, L50|100/100\n|switch|p1b: Hariyama|Hariyama, L50, M|100/100\n|switch|p2a: Tyto|Flutter Mane, L50|100/100\n|switch|p2b: Rillaboom|Rillaboom, L50, M|100/100\n|-ability|p1a: Calyrex|As One\n|-ability|p1a: Calyrex|Unnerve\n|-fieldstart|move: Grassy Terrain|[from] ability: Grassy Surge|[of] p2b: Rillaboom\n|turn|1\n|inactive|dodatid has 30 seconds left.\n|\n|t:|1775727667\n|-terastallize|p2b: Rillaboom|Water\n|-terastallize|p1a: Calyrex|Grass\n|move|p2b: Rillaboom|Fake Out|p1a: Calyrex\n|-damage|p1a: Calyrex|93/100\n|move|p1b: Hariyama|Fake Out|p2b: Rillaboom\n|-damage|p2b: Rillaboom|87/100\n|move|p2a: Tyto|Moonblast|p1b: Hariyama\n|-supereffective|p1b: Hariyama\n|-damage|p1b: Hariyama|0 fnt\n|faint|p1b: Hariyama\n|cant|p1a: Calyrex|flinch\n|\n|-heal|p2b: Rillaboom|93/100|[from] Grassy Terrain\n|-heal|p1a: Calyrex|99/100|[from] Grassy Terrain\n|upkeep\n|\n|t:|1775727689\n|switch|p1b: Lunala|Lunala, L50|100/100\n|turn|2\n|\n|t:|1775727706\n|move|p2b: Rillaboom|Grassy Glide|p1b: Lunala\n|-damage|p1b: Lunala|89/100\n|move|p2a: Tyto|Shadow Ball|p1b: Lunala\n|-supereffective|p1b: Lunala\n|-damage|p1b: Lunala|0 fnt\n|faint|p1b: Lunala\n|move|p1a: Calyrex|Glacial Lance|p2a: Tyto|[spread] p2a,p2b\n|-resisted|p2b: Rillaboom\n|-enditem|p2a: Tyto|Focus Sash\n|-damage|p2a: Tyto|1/100\n|-damage|p2b: Rillaboom|62/100\n|\n|-heal|p2a: Tyto|7/100|[from] Grassy Terrain\n|-heal|p2b: Rillaboom|68/100|[from] Grassy Terrain\n|-heal|p1a: Calyrex|100/100|[from] Grassy Terrain\n|upkeep\n|\n|t:|1775727714\n|switch|p1b: Brute Bonnet|Brute Bonnet, L50|100/100\n|-enditem|p1b: Brute Bonnet|Booster Energy\n|-activate|p1b: Brute Bonnet|ability: Protosynthesis|[fromitem]\n|-start|p1b: Brute Bonnet|protosynthesisatk\n|turn|3\n|\n|t:|1775727726\n|-end|p2a: Tyto|Protosynthesis|[silent]\n|switch|p2a: Calyrex|Calyrex-Ice, L50|100/100\n|-ability|p2a: Calyrex|As One\n|-ability|p2a: Calyrex|Unnerve\n|move|p1b: Brute Bonnet|Sucker Punch||[still]\n|-fail|p1b: Brute Bonnet\n|move|p2b: Rillaboom|U-turn|p1b: Brute Bonnet\n|-supereffective|p1b: Brute Bonnet\n|-damage|p1b: Brute Bonnet|27/100\n|\n|t:|1775727737\n|switch|p2b: Kyogre|Kyogre, L50|100/100|[from] U-turn\n|-weather|RainDance|[from] ability: Drizzle|[of] p2b: Kyogre\n|move|p1a: Calyrex|Trick Room|p1a: Calyrex\n|-fieldstart|move: Trick Room|[of] p1a: Calyrex\n|\n|-weather|RainDance|[upkeep]\n|-heal|p1b: Brute Bonnet|33/100|[from] Grassy Terrain\n|upkeep\n|turn|4\n|\n|t:|1775727752\n|move|p2b: Kyogre|Protect|p2b: Kyogre\n|-singleturn|p2b: Kyogre|Protect\n|move|p1a: Calyrex|Seed Bomb|p2b: Kyogre\n|-activate|p2b: Kyogre|move: Protect\n|move|p2a: Calyrex|Glacial Lance|p1b: Brute Bonnet|[spread] p1a,p1b\n|-supereffective|p1a: Calyrex\n|-supereffective|p1b: Brute Bonnet\n|-damage|p1a: Calyrex|45/100\n|-damage|p1b: Brute Bonnet|0 fnt\n|faint|p1b: Brute Bonnet\n|-end|p1b: Brute Bonnet|Protosynthesis|[silent]\n|-ability|p2a: Calyrex|Chilling Neigh|boost\n|-boost|p2a: Calyrex|atk|1\n|\n|-weather|RainDance|[upkeep]\n|-heal|p1a: Calyrex|51/100|[from] Grassy Terrain\n|upkeep\n|turn|5\n|inactive|dodatid has 30 seconds left.\n|-message|dodatid forfeited.\n|\n|win|magoromon\n|raw|dodatid's rating: 1588 &rarr; <strong>1564</strong><br />(-24 for losing)\n|raw|magoromon's rating: 1520 &rarr; <strong>1544</strong><br />(+24 for winning)\n|l|\u2606dodatid\n|player|p1|\n|l|\u2606magoromon\n|player|p2|\n","uploadtime":1775727921,"views":15,"formatid":"gen9vgc2026regi","rating":1544,"private":0,"password":null}