{"id":"gen9vgc2026regi-2530682286","format":"[Gen 9] VGC 2026 Reg I","players":["Roodlethenoodle","liam.2025"],"log":"|j|\u2606Roodlethenoodle\n|j|\u2606liam.2025\n|t:|1769960178\n|gametype|doubles\n|player|p1|Roodlethenoodle|nate|1344\n|player|p2|liam.2025|policeman|1512\n|gen|9\n|tier|[Gen 9] VGC 2026 Reg I\n|rated|\n|rule|Species Clause: Limit one of each Pok\u00e9mon\n|rule|Item Clause: Limit 1 of each item\n|clearpoke\n|poke|p1|Incineroar, L50, M|\n|poke|p1|Rillaboom, L50, F|\n|poke|p1|Landorus, L50, M|\n|poke|p1|Smeargle, L50, M|\n|poke|p1|Koraidon, L50|\n|poke|p1|Calyrex-Ice, L50|\n|poke|p2|Murkrow, L50, F|\n|poke|p2|Weezing-Galar, L50, M|\n|poke|p2|Terapagos, L50, M|\n|poke|p2|Smeargle, L50, F|\n|poke|p2|Calyrex-Ice, L50|\n|poke|p2|Ursaluna, L50, F|\n|teampreview|4\n|inactive|Battle timer is ON: inactive players will automatically lose when time's up. (requested by liam.2025)\n|inactive|Roodlethenoodle has 60 seconds left.\n|\n|t:|1769960225\n|teamsize|p1|4\n|teamsize|p2|4\n|start\n|switch|p1a: Koraidon|Koraidon, L50|100/100\n|switch|p1b: Smeargle|Smeargle, L50, M|100/100\n|switch|p2a: Murkrow|Murkrow, L50, F|100/100\n|switch|p2b: Weezing|Weezing-Galar, L50, M|100/100\n|-ability|p2b: Weezing|Neutralizing Gas\n|-block|p2a: Murkrow|item: Ability Shield\n|turn|1\n|\n|t:|1769960248\n|-terastallize|p1a: Koraidon|Fire\n|move|p2a: Murkrow|Protect|p2a: Murkrow\n|-singleturn|p2a: Murkrow|Protect\n|move|p1b: Smeargle|Spiky Shield|p1b: Smeargle\n|-singleturn|p1b: Smeargle|move: Protect\n|move|p2b: Weezing|Protect|p2b: Weezing\n|-singleturn|p2b: Weezing|Protect\n|move|p1a: Koraidon|Flare Blitz|p2b: Weezing\n|-activate|p2b: Weezing|move: Protect\n|\n|upkeep\n|turn|2\n|\n|t:|1769960271\n|switch|p1b: Rillaboom|Rillaboom, L50, F|100/100\n|move|p2a: Murkrow|Tailwind|p2a: Murkrow\n|-sidestart|p2: liam.2025|move: Tailwind\n|move|p2b: Weezing|Misty Explosion|p1b: Rillaboom|[spread] p2a,p1a,p1b\n|-supereffective|p2a: Murkrow\n|-resisted|p1a: Koraidon\n|-damage|p2a: Murkrow|0 fnt\n|-damage|p1a: Koraidon|84/100\n|-damage|p1b: Rillaboom|67/100\n|faint|p2b: Weezing\n|-end|p2b: Weezing|ability: Neutralizing Gas\n|-weather|SunnyDay|[from] ability: Orichalcum Pulse|[of] p1a: Koraidon\n|-activate|p1a: Koraidon|Orichalcum Pulse|[source]\n|-fieldstart|move: Grassy Terrain|[from] ability: Grassy Surge|[of] p1b: Rillaboom\n|faint|p2a: Murkrow\n|move|p1a: Koraidon|Flare Blitz|p2: Murkrow|[notarget]\n|-fail|p1a: Koraidon\n|\n|-weather|SunnyDay|[upkeep]\n|-heal|p1a: Koraidon|90/100|[from] Grassy Terrain\n|-heal|p1b: Rillaboom|73/100|[from] Grassy Terrain\n|upkeep\n|\n|t:|1769960288\n|switch|p2b: Smeargle|Smeargle, L50, F|100/100\n|switch|p2a: Terapagos|Terapagos, L50, M|100/100\n|-activate|p2a: Terapagos|ability: Tera Shift\n|detailschange|p2a: Terapagos|Terapagos-Terastal, L50, M\n|-heal|p2a: Terapagos|100/100|[silent]\n|turn|3\n|\n|t:|1769960299\n|-terastallize|p2a: Terapagos|Stellar\n|detailschange|p2a: Terapagos|Terapagos-Stellar, L50, M, tera:Stellar\n|-heal|p2a: Terapagos|100/100|[silent]\n|-ability|p2a: Terapagos|Teraform Zero\n|-weather|none\n|-fieldend|move: Grassy Terrain\n|move|p2b: Smeargle|Quick Guard|p2b: Smeargle\n|-singleturn|p2b: Smeargle|Quick Guard\n|move|p1b: Rillaboom|Fake Out|p2b: Smeargle\n|-activate|p2b: Smeargle|move: Quick Guard\n|move|p2a: Terapagos|Tera Starstorm|p1a: Koraidon|[spread] p1a,p1b\n|-supereffective|p1a: Koraidon\n|-damage|p1a: Koraidon|0 fnt\n|-damage|p1b: Rillaboom|27/100\n|faint|p1a: Koraidon\n|\n|upkeep\n|\n|t:|1769960313\n|switch|p1a: Calyrex|Calyrex-Ice, L50|100/100\n|-ability|p1a: Calyrex|As One\n|-ability|p1a: Calyrex|Unnerve\n|turn|4\n|\n|t:|1769960328\n|move|p2b: Smeargle|Decorate|p2a: Terapagos\n|-boost|p2a: Terapagos|atk|2\n|-boost|p2a: Terapagos|spa|2\n|move|p2a: Terapagos|Tera Starstorm|p1a: Calyrex|[spread] p1a,p1b\n|-damage|p1a: Calyrex|29/100\n|-damage|p1b: Rillaboom|0 fnt\n|faint|p1b: Rillaboom\n|move|p1a: Calyrex|Leech Seed|p2a: Terapagos\n|-start|p2a: Terapagos|move: Leech Seed\n|\n|-heal|p1a: Calyrex|35/100|[from] item: Leftovers\n|-damage|p2a: Terapagos|88/100|[from] Leech Seed|[of] p1a: Calyrex\n|-heal|p1a: Calyrex|50/100|[silent]\n|upkeep\n|\n|t:|1769960339\n|switch|p1b: Smeargle|Smeargle, L50, M|100/100\n|turn|5\n|\n|t:|1769960356\n|move|p1a: Calyrex|Protect|p1a: Calyrex\n|-singleturn|p1a: Calyrex|Protect\n|move|p2b: Smeargle|Feint|p1a: Calyrex\n|-activate|p1a: Calyrex|move: Feint\n|-damage|p1a: Calyrex|45/100\n|move|p2a: Terapagos|Tera Starstorm|p1b: Smeargle|[spread] p1a,p1b\n|-damage|p1a: Calyrex|0 fnt\n|-enditem|p1b: Smeargle|Focus Sash\n|-damage|p1b: Smeargle|1/100\n|faint|p1a: Calyrex\n|move|p1b: Smeargle|Spore|p2a: Terapagos\n|-status|p2a: Terapagos|slp|[from] move: Spore\n|\n|-sideend|p2: liam.2025|move: Tailwind\n|-ability|p1b: Smeargle|Moody|boost\n|-boost|p1b: Smeargle|def|2\n|-unboost|p1b: Smeargle|spe|1\n|upkeep\n|turn|6\n|-message|Roodlethenoodle forfeited.\n|\n|win|liam.2025\n|raw|Roodlethenoodle's rating: 1344 &rarr; <strong>1333</strong><br />(-11 for losing)\n|raw|liam.2025's rating: 1512 &rarr; <strong>1523</strong><br />(+11 for winning)\n|l|\u2606Roodlethenoodle\n|player|p1|\n|c|\u2606liam.2025|gg\n","uploadtime":1769960540,"views":12,"formatid":"gen9vgc2026regi","rating":1333,"private":0,"password":null}