{"id":"gen9vgc2026regi-2570734765","format":"[Gen 9] VGC 2026 Reg I","players":["TheManOfSausage","Kwiper"],"log":"|j|\u2606TheManOfSausage\n|j|\u2606Kwiper\n|t:|1774841175\n|gametype|doubles\n|player|p1|TheManOfSausage|miku-water|1511\n|player|p2|Kwiper|sycamore|1676\n|gen|9\n|tier|[Gen 9] VGC 2026 Reg I\n|rated|\n|rule|Species Clause: Limit one of each Pok\u00e9mon\n|rule|Item Clause: Limit 1 of each item\n|clearpoke\n|poke|p1|Calyrex-Shadow, L50|\n|poke|p1|Miraidon, L50|\n|poke|p1|Clefairy, L50, M|\n|poke|p1|Rillaboom, L50, M|\n|poke|p1|Incineroar, L50, M|\n|poke|p1|Urshifu-*, L50, M|\n|poke|p2|Koraidon, L50|\n|poke|p2|Lunala, L50|\n|poke|p2|Indeedee-F, L50, F|\n|poke|p2|Flutter Mane, L50|\n|poke|p2|Volcarona, L50, F|\n|poke|p2|Ursaluna, L50, F|\n|teampreview|4\n|inactive|Battle timer is ON: inactive players will automatically lose when time's up. (requested by Kwiper)\nTheManOfSausage has agreed to open team sheets.\n|inactive|Kwiper has 60 seconds left.\n|inactive|Kwiper has 30 seconds left.\n|\n|t:|1774841236\n|teamsize|p1|4\n|teamsize|p2|4\n|start\n|switch|p1a: Magical Mirai|Miraidon, L50|100/100\n|switch|p1b: Rice Shower|Calyrex-Shadow, L50|100/100\n|switch|p2a: Lunala|Lunala, L50, shiny|100/100\n|switch|p2b: Volcarona|Volcarona, L50, F|100/100\n|-ability|p1b: Rice Shower|As One\n|-ability|p1b: Rice Shower|Unnerve\n|-fieldstart|move: Electric Terrain|[from] ability: Hadron Engine|[of] p1a: Magical Mirai\n|turn|1\n|\n|t:|1774841249\n|-terastallize|p1b: Rice Shower|Fairy\n|move|p2a: Lunala|Wide Guard|p2a: Lunala\n|-singleturn|p2a: Lunala|Wide Guard\n|move|p1a: Magical Mirai|Volt Switch|p2a: Lunala\n|-damage|p2a: Lunala|74/100\n|\n|t:|1774841253\n|switch|p1a: Rillaboom|Rillaboom, L50, M|100/100|[from] Volt Switch\n|-fieldstart|move: Grassy Terrain|[from] ability: Grassy Surge|[of] p1a: Rillaboom\n|move|p1b: Rice Shower|Astral Barrage|p2b: Volcarona|[spread] \n|-activate|p2a: Lunala|move: Wide Guard\n|-activate|p2b: Volcarona|move: Wide Guard\n|move|p2b: Volcarona|Tailwind|p2b: Volcarona\n|-sidestart|p2: Kwiper|move: Tailwind\n|\n|-heal|p2a: Lunala|80/100|[from] Grassy Terrain\n|upkeep\n|turn|2\n|\n|t:|1774841267\n|move|p1b: Rice Shower|Protect|p1b: Rice Shower\n|-singleturn|p1b: Rice Shower|Protect\n|move|p2a: Lunala|Moongeist Beam|p1a: Rillaboom\n|-damage|p1a: Rillaboom|61/100\n|move|p2b: Volcarona|Struggle Bug|p1b: Rice Shower|[spread] p1a\n|-activate|p1b: Rice Shower|move: Protect\n|-supereffective|p1a: Rillaboom\n|-damage|p1a: Rillaboom|38/100\n|-unboost|p1a: Rillaboom|spa|1\n|move|p1a: Rillaboom|U-turn|p2a: Lunala\n|-damage|p2a: Lunala|62/100\n|\n|t:|1774841278\n|switch|p1a: Magical Mirai|Miraidon, L50|100/100|[from] U-turn\n|-fieldstart|move: Electric Terrain|[from] ability: Hadron Engine|[of] p1a: Magical Mirai\n|\n|upkeep\n|turn|3\n|\n|t:|1774841286\n|move|p1a: Magical Mirai|Electro Drift|p2a: Lunala\n|-damage|p2a: Lunala|0 fnt\n|faint|p2a: Lunala\n|move|p2b: Volcarona|Struggle Bug|p1a: Magical Mirai|[spread] p1a,p1b\n|-resisted|p1b: Rice Shower\n|-damage|p1a: Magical Mirai|86/100\n|-damage|p1b: Rice Shower|93/100\n|-unboost|p1a: Magical Mirai|spa|1\n|move|p1b: Rice Shower|Nasty Plot|p1b: Rice Shower\n|-boost|p1b: Rice Shower|spa|2\n|\n|upkeep\n|\n|t:|1774841290\n|switch|p2a: Koraidon|Koraidon, L50, shiny|100/100\n|-weather|SunnyDay|[from] ability: Orichalcum Pulse|[of] p2a: Koraidon\n|-activate|p2a: Koraidon|Orichalcum Pulse|[source]\n|turn|4\n|\n|t:|1774841302\n|switch|p1a: Rillaboom|Rillaboom, L50, M|38/100\n|-fieldstart|move: Grassy Terrain|[from] ability: Grassy Surge|[of] p1a: Rillaboom\n|switch|p2b: Indeedee|Indeedee-F, L50, F|100/100\n|-fieldstart|move: Psychic Terrain|[from] ability: Psychic Surge|[of] p2b: Indeedee\n|move|p1b: Rice Shower|Protect|p1b: Rice Shower\n|-singleturn|p1b: Rice Shower|Protect\n|move|p2a: Koraidon|Close Combat|p1a: Rillaboom\n|-damage|p1a: Rillaboom|0 fnt\n|-unboost|p2a: Koraidon|def|1\n|-unboost|p2a: Koraidon|spd|1\n|faint|p1a: Rillaboom\n|-damage|p2a: Koraidon|91/100|[from] item: Life Orb\n|\n|-weather|SunnyDay|[upkeep]\n|-sideend|p2: Kwiper|move: Tailwind\n|upkeep\n|\n|t:|1774841313\n|switch|p1a: Magical Mirai|Miraidon, L50|86/100\n|-fieldstart|move: Electric Terrain|[from] ability: Hadron Engine|[of] p1a: Magical Mirai\n|turn|5\n|\n|t:|1774841318\n|move|p2a: Koraidon|Protect|p2a: Koraidon\n|-singleturn|p2a: Koraidon|Protect\n|move|p1a: Magical Mirai|Volt Switch|p2b: Indeedee\n|-damage|p2b: Indeedee|38/100\n|\n|t:|1774841320\n|switch|p1a: pipi|Clefairy, L50, M|100/100|[from] Volt Switch\n|move|p1b: Rice Shower|Astral Barrage|p2b: Indeedee|[spread] \n|-activate|p2a: Koraidon|move: Protect\n|-immune|p2b: Indeedee\n|move|p2b: Indeedee|Trick Room|p2b: Indeedee\n|-fieldstart|move: Trick Room|[of] p2b: Indeedee\n|\n|-weather|SunnyDay|[upkeep]\n|upkeep\n|turn|6\n|-message|Kwiper forfeited.\n|\n|win|TheManOfSausage\n|raw|TheManOfSausage's rating: 1511 &rarr; <strong>1540</strong><br />(+29 for winning)\n|raw|Kwiper's rating: 1676 &rarr; <strong>1647</strong><br />(-29 for losing)\n","uploadtime":1774841327,"views":16,"formatid":"gen9vgc2026regi","rating":1540,"private":0,"password":null}