{"id":"gen9vgc2026regi-2566947153","format":"[Gen 9] VGC 2026 Reg I","players":["Jonen","huanyu0.0"],"log":"|j|\u2606Jonen\n|j|\u2606huanyu0.0\n|t:|1774433551\n|gametype|doubles\n|player|p1|Jonen|medium|1512\n|player|p2|huanyu0.0|1|1519\n|gen|9\n|tier|[Gen 9] VGC 2026 Reg I\n|rated|\n|rule|Species Clause: Limit one of each Pok\u00e9mon\n|rule|Item Clause: Limit 1 of each item\n|clearpoke\n|poke|p1|Groudon, L50|\n|poke|p1|Lunala, L50|\n|poke|p1|Sableye, L50, F|\n|poke|p1|Chi-Yu, L50|\n|poke|p1|Rillaboom, L50, F|\n|poke|p1|Jumpluff, L50, M|\n|poke|p2|Miraidon, L50|\n|poke|p2|Farigiraf, L50, M|\n|poke|p2|Calyrex-Ice, L50|\n|poke|p2|Incineroar, L50, M|\n|poke|p2|Landorus, L50, M|\n|poke|p2|Urshifu-*, L50, F|\n|teampreview|4\n|inactive|Battle timer is ON: inactive players will automatically lose when time's up. (requested by huanyu0.0)\n|\n|t:|1774433581\n|teamsize|p1|4\n|teamsize|p2|4\n|start\n|switch|p1a: Groudon|Groudon, L50|100/100\n|switch|p1b: Jumpluff|Jumpluff, L50, M|100/100\n|switch|p2a: Miraidon|Miraidon, L50|100/100\n|switch|p2b: Farigiraf|Farigiraf, L50, M|100/100\n|-fieldstart|move: Electric Terrain|[from] ability: Hadron Engine|[of] p2a: Miraidon\n|-enditem|p2b: Farigiraf|Electric Seed\n|-boost|p2b: Farigiraf|def|1|[from] item: Electric Seed\n|-weather|SunnyDay|[from] ability: Drought|[of] p1a: Groudon\n|turn|1\n|inactive|huanyu0.0 has 30 seconds left.\n|inactive|huanyu0.0 has 20 seconds left.\n|inactive|huanyu0.0 has 15 seconds left.\n|inactive|huanyu0.0 has 10 seconds left.\n|inactive|huanyu0.0 has 5 seconds left.\n|\n|t:|1774433635\n|switch|p2a: Calyrex|Calyrex-Ice, L50|100/100\n|-ability|p2a: Calyrex|As One\n|-ability|p2a: Calyrex|Unnerve\n|move|p1b: Jumpluff|Tailwind|p1b: Jumpluff\n|-sidestart|p1: Jonen|move: Tailwind\n|move|p1a: Groudon|Substitute|p1a: Groudon\n|-start|p1a: Groudon|Substitute\n|-damage|p1a: Groudon|76/100\n|move|p2b: Farigiraf|Trick Room|p2b: Farigiraf\n|-fieldstart|move: Trick Room|[of] p2b: Farigiraf\n|\n|-weather|SunnyDay|[upkeep]\n|upkeep\n|turn|2\n|j| Lukario871\n|\n|t:|1774433655\n|switch|p1b: Lunala|Lunala, L50|100/100\n|-terastallize|p2a: Calyrex|Fairy\n|move|p1a: Groudon|Protect|p1a: Groudon\n|-singleturn|p1a: Groudon|Protect\n|move|p2a: Calyrex|Glacial Lance|p1a: Groudon|[spread] p1b\n|-activate|p1a: Groudon|move: Protect\n|-damage|p1b: Lunala|77/100\n|move|p2b: Farigiraf|Roar|p1a: Groudon\n|drag|p1a: Jumpluff|Jumpluff, L50, M|100/100\n|\n|-weather|SunnyDay|[upkeep]\n|upkeep\n|turn|3\n|inactive|Jonen has 30 seconds left.\n|inactive|Jonen has 20 seconds left.\n|inactive|Jonen has 15 seconds left.\n|inactive|Jonen has 10 seconds left.\n|inactive|Jonen has 5 seconds left.\n|\n|t:|1774433706\n|switch|p1b: Rillaboom|Rillaboom, L50, F|100/100\n|-fieldstart|move: Grassy Terrain|[from] ability: Grassy Surge|[of] p1b: Rillaboom\n|-terastallize|p1a: Jumpluff|Dark\n|move|p2a: Calyrex|High Horsepower|p1b: Rillaboom\n|-resisted|p1b: Rillaboom\n|-damage|p1b: Rillaboom|82/100\n|move|p2b: Farigiraf|Foul Play|p1b: Rillaboom\n|-damage|p1b: Rillaboom|52/100\n|move|p1a: Jumpluff|Sleep Powder|p2a: Calyrex\n|-status|p2a: Calyrex|slp|[from] move: Sleep Powder\n|\n|-weather|SunnyDay|[upkeep]\n|-heal|p1b: Rillaboom|58/100|[from] Grassy Terrain\n|upkeep\n|turn|4\n|\n|t:|1774433728\n|switch|p2b: Miraidon|Miraidon, L50|100/100\n|-fieldstart|move: Electric Terrain|[from] ability: Hadron Engine|[of] p2b: Miraidon\n|cant|p2a: Calyrex|slp\n|move|p1b: Rillaboom|U-turn|p2b: Miraidon\n|-damage|p2b: Miraidon|80/100\n|\n|t:|1774433736\n|switch|p1b: Groudon|Groudon, L50|76/100|[from] U-turn\n|move|p1a: Jumpluff|Sleep Powder|p2b: Miraidon|[miss]\n|-miss|p1a: Jumpluff|p2b: Miraidon\n|\n|-weather|SunnyDay|[upkeep]\n|-sideend|p1: Jonen|move: Tailwind\n|upkeep\n|turn|5\n|\n|t:|1774433750\n|switch|p2b: Incineroar|Incineroar, L50, M|100/100\n|-ability|p2b: Incineroar|Intimidate|boost\n|-unboost|p1a: Jumpluff|atk|1\n|-unboost|p1b: Groudon|atk|1\n|cant|p2a: Calyrex|slp\n|move|p1b: Groudon|Precipice Blades|p2a: Calyrex|[spread] p2a,p2b\n|-supereffective|p2b: Incineroar\n|-crit|p2b: Incineroar\n|-damage|p2a: Calyrex|70/100 slp\n|-damage|p2b: Incineroar|0 fnt\n|faint|p2b: Incineroar\n|-damage|p1b: Groudon|66/100|[from] item: Life Orb\n|move|p1a: Jumpluff|Pollen Puff|p1b: Groudon\n|-heal|p1b: Groudon|100/100\n|\n|-weather|none\n|-fieldend|move: Trick Room\n|upkeep\n|inactive|huanyu0.0 has 30 seconds left.\n|\n|t:|1774433779\n|switch|p2b: Farigiraf|Farigiraf, L50, M|100/100\n|turn|6\n|\n|t:|1774433798\n|switch|p1a: Lunala|Lunala, L50|77/100\n|move|p1b: Groudon|Substitute|p1b: Groudon\n|-start|p1b: Groudon|Substitute\n|-damage|p1b: Groudon|76/100\n|-curestatus|p2a: Calyrex|slp|[msg]\n|move|p2a: Calyrex|Glacial Lance|p1a: Lunala|[spread] p1a,p1b\n|-supereffective|p1b: Groudon\n|-crit|p1b: Groudon\n|-end|p1b: Groudon|Substitute\n|-damage|p1a: Lunala|24/100\n|move|p2b: Farigiraf|Trick Room|p2b: Farigiraf\n|-fieldstart|move: Trick Room|[of] p2b: Farigiraf\n|\n|upkeep\n|turn|7\n|\n|t:|1774433820\n|switch|p1a: Jumpluff|Jumpluff, L50, M, tera:Dark|100/100\n|move|p2a: Calyrex|Glacial Lance|p1a: Jumpluff|[spread] p1a,p1b\n|-supereffective|p1b: Groudon\n|-damage|p1a: Jumpluff|32/100\n|-damage|p1b: Groudon|0 fnt\n|faint|p1b: Groudon\n|-ability|p2a: Calyrex|Chilling Neigh|boost\n|-boost|p2a: Calyrex|atk|1\n|move|p2b: Farigiraf|Foul Play|p1a: Jumpluff\n|-resisted|p1a: Jumpluff\n|-damage|p1a: Jumpluff|27/100\n|\n|upkeep\n|\n|t:|1774433823\n|switch|p1b: Rillaboom|Rillaboom, L50, F|58/100\n|-fieldstart|move: Grassy Terrain|[from] ability: Grassy Surge|[of] p1b: Rillaboom\n|turn|8\n|-message|Jonen forfeited.\n|\n|win|huanyu0.0\n|raw|Jonen's rating: 1512 &rarr; <strong>1492</strong><br />(-20 for losing)\n|raw|huanyu0.0's rating: 1519 &rarr; <strong>1539</strong><br />(+20 for winning)\n|l|\u2606Jonen\n|player|p1|\n|l|\u2606huanyu0.0\n|player|p2|\n|l| Lukario871\n","uploadtime":1774433827,"views":18,"formatid":"gen9vgc2026regi","rating":1492,"private":0,"password":null}