{"id":"gen9vgc2026regi-2564832963","format":"[Gen 9] VGC 2026 Reg I","players":["Odoaiden","slimeslatt252"],"log":"|j|\u2606Odoaiden\n|j|\u2606slimeslatt252\n|t:|1774202174\n|gametype|doubles\n|player|p1|Odoaiden|blaine|1385\n|player|p2|slimeslatt252|265|1520\n|gen|9\n|tier|[Gen 9] VGC 2026 Reg I\n|rated|\n|rule|Species Clause: Limit one of each Pok\u00e9mon\n|rule|Item Clause: Limit 1 of each item\n|clearpoke\n|poke|p1|Ditto, L50|\n|poke|p1|Grimmsnarl, L50, M|\n|poke|p1|Zamazenta-*, L50|\n|poke|p1|Miraidon, L50|\n|poke|p1|Entei, L50|\n|poke|p1|Iron Leaves, L50|\n|poke|p2|Calyrex-Shadow, L50|\n|poke|p2|Koraidon, L50|\n|poke|p2|Incineroar, L50, M|\n|poke|p2|Raging Bolt, L50|\n|poke|p2|Brute Bonnet, L50|\n|poke|p2|Landorus, L50, M|\n|teampreview|4\n|inactive|Battle timer is ON: inactive players will automatically lose when time's up. (requested by slimeslatt252)\n|\n|t:|1774202201\n|teamsize|p1|4\n|teamsize|p2|4\n|start\n|switch|p1a: Miraidon|Miraidon, L50|100/100\n|switch|p1b: Iron Leaves|Iron Leaves, L50|100/100\n|switch|p2a: raging dingus|Raging Bolt, L50|100/100\n|switch|p2b: Koraidon|Koraidon, L50|100/100\n|-fieldstart|move: Electric Terrain|[from] ability: Hadron Engine|[of] p1a: Miraidon\n|-activate|p1b: Iron Leaves|ability: Quark Drive\n|-start|p1b: Iron Leaves|quarkdrivespe\n|-weather|SunnyDay|[from] ability: Orichalcum Pulse|[of] p2b: Koraidon\n|-activate|p2a: raging dingus|ability: Protosynthesis\n|-start|p2a: raging dingus|protosynthesisspa\n|-activate|p2b: Koraidon|Orichalcum Pulse|[source]\n|turn|1\n|\n|t:|1774202219\n|-terastallize|p1b: Iron Leaves|Stellar\n|-terastallize|p2a: raging dingus|Electric\n|move|p2b: Koraidon|Protect|p2b: Koraidon\n|-singleturn|p2b: Koraidon|Protect\n|move|p1b: Iron Leaves|Psyblade|p2b: Koraidon\n|-activate|p2b: Koraidon|move: Protect\n|move|p1a: Miraidon|Draco Meteor|p2a: raging dingus\n|-damage|p2a: raging dingus|13/100\n|-unboost|p1a: Miraidon|spa|2\n|move|p2a: raging dingus|Dragon Pulse|p1a: Miraidon\n|-supereffective|p1a: Miraidon\n|-damage|p1a: Miraidon|0 fnt\n|faint|p1a: Miraidon\n|\n|-weather|SunnyDay|[upkeep]\n|upkeep\n|\n|t:|1774202231\n|switch|p1a: Ditto|Ditto, L50, shiny|100/100\n|-transform|p1a: Ditto|p2b: Koraidon|[from] ability: Imposter\n|-activate|p1a: Ditto|ability: Orichalcum Pulse\n|turn|2\n|inactive|slimeslatt252 has 30 seconds left.\n|\n|t:|1774202262\n|switch|p2b: Landorus|Landorus, L50, M|100/100\n|move|p2a: raging dingus|Thunderclap|p1a: Ditto\n|-resisted|p1a: Ditto\n|-damage|p1a: Ditto|49/100\n|move|p1b: Iron Leaves|Psyblade|p2b: Landorus\n|-damage|p2b: Landorus|7/100\n|-damage|p1b: Iron Leaves|91/100|[from] item: Life Orb\n|move|p1a: Ditto|Collision Course|p2a: raging dingus\n|-damage|p2a: raging dingus|0 fnt\n|faint|p2a: raging dingus\n|-end|p2a: raging dingus|Protosynthesis|[silent]\n|\n|-weather|SunnyDay|[upkeep]\n|upkeep\n|\n|t:|1774202279\n|switch|p2a: Calyrex|Calyrex-Shadow, L50|100/100\n|-ability|p2a: Calyrex|As One\n|-ability|p2a: Calyrex|Unnerve\n|turn|3\n|\n|t:|1774202286\n|switch|p1a: Zamazenta|Zamazenta-Crowned, L50|100/100\n|-ability|p1a: Zamazenta|Dauntless Shield|boost\n|-boost|p1a: Zamazenta|def|1\n|switch|p2b: Koraidon|Koraidon, L50|100/100\n|-activate|p2b: Koraidon|ability: Orichalcum Pulse\n|move|p1b: Iron Leaves|Protect|p1b: Iron Leaves\n|-singleturn|p1b: Iron Leaves|Protect\n|move|p2a: Calyrex|Astral Barrage|p1b: Iron Leaves|[spread] p1a\n|-activate|p1b: Iron Leaves|move: Protect\n|-damage|p1a: Zamazenta|54/100\n|\n|-weather|SunnyDay|[upkeep]\n|upkeep\n|turn|4\n|inactive|slimeslatt252 has 30 seconds left.\n|\n|t:|1774202321\n|switch|p2b: Landorus|Landorus, L50, M|7/100\n|move|p1a: Zamazenta|Wide Guard|p1a: Zamazenta\n|-singleturn|p1a: Zamazenta|Wide Guard\n|move|p1b: Iron Leaves|Leaf Blade|p2a: Calyrex\n|-damage|p2a: Calyrex|9/100\n|-damage|p1b: Iron Leaves|81/100|[from] item: Life Orb\n|move|p2a: Calyrex|Psychic|p1a: Zamazenta\n|-damage|p1a: Zamazenta|8/100\n|\n|-weather|SunnyDay|[upkeep]\n|upkeep\n|turn|5\n|inactive|slimeslatt252 has 30 seconds left.\n|\n|t:|1774202347\n|move|p2a: Calyrex|Protect|p2a: Calyrex\n|-singleturn|p2a: Calyrex|Protect\n|move|p1b: Iron Leaves|Leaf Blade|p2a: Calyrex\n|-activate|p2a: Calyrex|move: Protect\n|move|p1a: Zamazenta|Body Press|p2b: Landorus\n|-resisted|p2b: Landorus\n|-damage|p2b: Landorus|0 fnt\n|faint|p2b: Landorus\n|\n|-weather|none\n|-fieldend|move: Electric Terrain\n|-end|p1b: Iron Leaves|Quark Drive\n|upkeep\n|\n|t:|1774202355\n|switch|p2b: Koraidon|Koraidon, L50|100/100\n|-weather|SunnyDay|[from] ability: Orichalcum Pulse|[of] p2b: Koraidon\n|-activate|p2b: Koraidon|Orichalcum Pulse|[source]\n|turn|6\n|inactive|slimeslatt252 has 30 seconds left.\n|inactive|slimeslatt252 has 20 seconds left.\n|\n|t:|1774202391\n|move|p2a: Calyrex|Psychic|p1a: Zamazenta\n|-damage|p1a: Zamazenta|0 fnt\n|faint|p1a: Zamazenta\n|-ability|p2a: Calyrex|Grim Neigh|boost\n|-boost|p2a: Calyrex|spa|1\n|move|p2b: Koraidon|Flare Blitz|p1b: Iron Leaves\n|-supereffective|p1b: Iron Leaves\n|-damage|p1b: Iron Leaves|0 fnt\n|faint|p1b: Iron Leaves\n|-end|p1b: Iron Leaves|Quark Drive|[silent]\n|-damage|p2b: Koraidon|76/100|[from] Recoil\n|\n|-weather|SunnyDay|[upkeep]\n|upkeep\n|\n|t:|1774202399\n|switch|p1b: Ditto|Ditto, L50, shiny|49/100\n|-transform|p1b: Ditto|p2a: Calyrex|[from] ability: Imposter\n|-ability|p1b: Ditto|As One\n|-ability|p1b: Ditto|Unnerve\n|turn|7\n|\n|t:|1774202415\n|move|p2a: Calyrex|Protect|p2a: Calyrex\n|-singleturn|p2a: Calyrex|Protect\n|move|p1b: Ditto|Protect|p1b: Ditto\n|-singleturn|p1b: Ditto|Protect\n|move|p2b: Koraidon|Flame Charge|p1b: Ditto\n|-activate|p1b: Ditto|move: Protect\n|\n|-weather|SunnyDay|[upkeep]\n|upkeep\n|turn|8\n|\n|t:|1774202427\n|move|p1b: Ditto|Astral Barrage|p2a: Calyrex|[spread] p2a,p2b\n|-supereffective|p2a: Calyrex\n|-damage|p2a: Calyrex|0 fnt\n|-damage|p2b: Koraidon|3/100\n|faint|p2a: Calyrex\n|-ability|p1b: Ditto|Grim Neigh|boost\n|-boost|p1b: Ditto|spa|1\n|move|p2b: Koraidon|Flame Charge|p1b: Ditto\n|-damage|p1b: Ditto|0 fnt\n|-boost|p2b: Koraidon|spe|1\n|faint|p1b: Ditto\n|\n|win|slimeslatt252\n|raw|Odoaiden's rating: 1385 &rarr; <strong>1372</strong><br />(-13 for losing)\n|raw|slimeslatt252's rating: 1520 &rarr; <strong>1533</strong><br />(+13 for winning)\n|c|\u2606slimeslatt252|haha\n|c|\u2606Odoaiden|That was definitely a role\n|c|\u2606slimeslatt252|role ?\n|c|\u2606Odoaiden|Like not 100% to KO\n|c|\u2606slimeslatt252|u mean roll \ud83d\ude2d\ud83d\ude2d\ud83d\ude2d\n|c|\u2606Odoaiden|Ya\n|c|\u2606slimeslatt252|nope i survive that\n|c|\u2606Odoaiden|You would have to have almost 200 health EVS to guranteed survive that I\u2019m seeing\n|c|\u2606slimeslatt252|i have 140 and some spdef\n|c|\u2606Odoaiden|Ahh\n","uploadtime":1774202623,"views":11,"formatid":"gen9vgc2026regi","rating":1372,"private":0,"password":null}