{"id":"gen9vgc2026regi-2590010264","format":"[Gen 9] VGC 2026 Reg I","players":["agentjeff44","stupid test7"],"log":"|j|\u2606agentjeff44\n|j|\u2606stupid test7\n|t:|1776781069\n|gametype|doubles\n|player|p1|agentjeff44|102|1357\n|player|p2|stupid test7|265|1498\n|gen|9\n|tier|[Gen 9] VGC 2026 Reg I\n|rated|\n|rule|Species Clause: Limit one of each Pok\u00e9mon\n|rule|Item Clause: Limit 1 of each item\n|clearpoke\n|poke|p1|Venusaur, L50, F|\n|poke|p1|Lunala, L50|\n|poke|p1|Koraidon, L50|\n|poke|p1|Indeedee-F, L50, F|\n|poke|p1|Kingambit, L50, F|\n|poke|p1|Landorus-Therian, L50, M|\n|poke|p2|Kyogre, L50|\n|poke|p2|Indeedee-F, L50, F|\n|poke|p2|Ludicolo, L50, F|\n|poke|p2|Urshifu-*, L50, M|\n|poke|p2|Calyrex-Ice, L50|\n|poke|p2|Wyrdeer, L50, M|\n|teampreview|4\n|inactive|Battle timer is ON: inactive players will automatically lose when time's up. (requested by agentjeff44)\n|inactive|stupid test7 has 60 seconds left.\n|inactive|stupid test7 has 30 seconds left.\n|inactive|stupid test7 has 20 seconds left.\n|inactive|stupid test7 has 15 seconds left.\n|\n|t:|1776781148\n|teamsize|p1|4\n|teamsize|p2|4\n|start\n|switch|p1a: Lunala|Lunala, L50|100/100\n|switch|p1b: Indeedee|Indeedee-F, L50, F|100/100\n|switch|p2a: Ludicolo|Ludicolo, L50, F|100/100\n|switch|p2b: Calyrex|Calyrex-Ice, L50|100/100\n|-ability|p2b: Calyrex|As One\n|-ability|p2b: Calyrex|Unnerve\n|-fieldstart|move: Psychic Terrain|[from] ability: Psychic Surge|[of] p1b: Indeedee\n|turn|1\n|\n|t:|1776781173\n|-terastallize|p2b: Calyrex|Fairy\n|move|p1b: Indeedee|Follow Me|p1b: Indeedee\n|-singleturn|p1b: Indeedee|move: Follow Me\n|move|p1a: Lunala|Meteor Beam||[still]\n|-prepare|p1a: Lunala|Meteor Beam\n|-boost|p1a: Lunala|spa|1\n|-enditem|p1a: Lunala|Power Herb\n|-anim|p1a: Lunala|Meteor Beam|p2b: Calyrex\n|-damage|p2b: Calyrex|59/100\n|move|p2a: Ludicolo|Grass Knot|p1b: Indeedee\n|-damage|p1b: Indeedee|75/100\n|move|p2b: Calyrex|Leech Seed|p1b: Indeedee\n|-start|p1b: Indeedee|move: Leech Seed\n|\n|-heal|p2b: Calyrex|65/100|[from] item: Leftovers\n|-damage|p1b: Indeedee|63/100|[from] Leech Seed|[of] p2b: Calyrex\n|-heal|p2b: Calyrex|75/100|[silent]\n|upkeep\n|turn|2\n|inactive|stupid test7 has 30 seconds left.\n|inactive|stupid test7 has 20 seconds left.\n|\n|t:|1776781210\n|move|p2b: Calyrex|Protect|p2b: Calyrex\n|-singleturn|p2b: Calyrex|Protect\n|move|p1b: Indeedee|Follow Me|p1b: Indeedee\n|-singleturn|p1b: Indeedee|move: Follow Me\n|move|p1a: Lunala|Expanding Force|p2a: Ludicolo|[spread] p2a\n|-activate|p2b: Calyrex|move: Protect\n|-enditem|p2a: Ludicolo|Focus Sash\n|-damage|p2a: Ludicolo|1/100\n|move|p2a: Ludicolo|Encore|p1b: Indeedee\n|-start|p1b: Indeedee|Encore\n|\n|-heal|p2b: Calyrex|81/100|[from] item: Leftovers\n|-damage|p1b: Indeedee|50/100|[from] Leech Seed|[of] p2b: Calyrex\n|-heal|p2b: Calyrex|92/100|[silent]\n|upkeep\n|turn|3\n|inactive|stupid test7 has 30 seconds left.\n|inactive|stupid test7 has 20 seconds left.\n|inactive|stupid test7 has 15 seconds left.\n|inactive|stupid test7 has 10 seconds left.\n|\n|t:|1776781260\n|move|p1b: Indeedee|Follow Me|p1b: Indeedee\n|-singleturn|p1b: Indeedee|move: Follow Me\n|move|p1a: Lunala|Expanding Force|p2a: Ludicolo|[spread] p2a,p2b\n|-damage|p2a: Ludicolo|0 fnt\n|-damage|p2b: Calyrex|26/100\n|faint|p2a: Ludicolo\n|move|p2b: Calyrex|Glacial Lance|p1a: Lunala|[spread] p1a,p1b\n|-damage|p1a: Lunala|81/100\n|-damage|p1b: Indeedee|0 fnt\n|faint|p1b: Indeedee\n|-ability|p2b: Calyrex|Chilling Neigh|boost\n|-boost|p2b: Calyrex|atk|1\n|\n|-heal|p2b: Calyrex|32/100|[from] item: Leftovers\n|upkeep\n|\n|t:|1776781273\n|switch|p2a: Wyrdeer|Wyrdeer, L50, M|100/100\n|switch|p1b: Kingambit|Kingambit, L50, F|100/100\n|-ability|p2a: Wyrdeer|Intimidate|boost\n|-unboost|p1a: Lunala|atk|1\n|-unboost|p1b: Kingambit|atk|1\n|-ability|p1b: Kingambit|Defiant|boost\n|-boost|p1b: Kingambit|atk|2\n|turn|4\n|\n|t:|1776781288\n|move|p2b: Calyrex|Protect|p2b: Calyrex\n|-singleturn|p2b: Calyrex|Protect\n|move|p1a: Lunala|Expanding Force|p2a: Wyrdeer|[spread] p2a\n|-activate|p2b: Calyrex|move: Protect\n|-resisted|p2a: Wyrdeer\n|-damage|p2a: Wyrdeer|61/100\n|move|p1b: Kingambit|Kowtow Cleave|p2a: Wyrdeer\n|-supereffective|p2a: Wyrdeer\n|-damage|p2a: Wyrdeer|0 fnt\n|faint|p2a: Wyrdeer\n|\n|-heal|p2b: Calyrex|38/100|[from] item: Leftovers\n|upkeep\n|\n|t:|1776781297\n|switch|p2a: Kyogre|Kyogre, L50|100/100\n|-weather|RainDance|[from] ability: Drizzle|[of] p2a: Kyogre\n|turn|5\n|\n|t:|1776781318\n|move|p2a: Kyogre|Water Spout|p1a: Lunala|[spread] p1a,p1b\n|-damage|p1a: Lunala|20/100\n|-damage|p1b: Kingambit|38/100\n|move|p1a: Lunala|Expanding Force|p2b: Calyrex|[spread] p2a,p2b\n|-damage|p2a: Kyogre|32/100\n|-damage|p2b: Calyrex|0 fnt\n|faint|p2b: Calyrex\n|move|p1b: Kingambit|Low Kick|p2a: Kyogre\n|-damage|p2a: Kyogre|0 fnt\n|faint|p2a: Kyogre\n|\n|win|agentjeff44\n|raw|agentjeff44's rating: 1357 &rarr; <strong>1385</strong><br />(+28 for winning)\n|raw|stupid test7's rating: 1498 &rarr; <strong>1470</strong><br />(-28 for losing)\n|l|\u2606stupid test7\n|player|p2|\n|l|\u2606agentjeff44\n|player|p1|\n","uploadtime":1776781590,"views":9,"formatid":"gen9vgc2026regi","rating":1385,"private":0,"password":null}