{"id":"gen9vgc2026regi-2558496830","format":"[Gen 9] VGC 2026 Reg I","players":["shushuwoa","ArisHazard"],"log":"|j|\u2606shushuwoa\n|j|\u2606ArisHazard\n|t:|1773440520\n|gametype|doubles\n|player|p1|shushuwoa|lyra|1182\n|player|p2|ArisHazard|1|1449\n|gen|9\n|tier|[Gen 9] VGC 2026 Reg I\n|rated|\n|rule|Species Clause: Limit one of each Pok\u00e9mon\n|rule|Item Clause: Limit 1 of each item\n|clearpoke\n|poke|p1|Lunala, L50|\n|poke|p1|Incineroar, L50, M|\n|poke|p1|Whimsicott, L50, F|\n|poke|p1|Urshifu-*, L50, F|\n|poke|p1|Miraidon, L50|\n|poke|p1|Ursaluna, L50, F|\n|poke|p2|Calyrex-Ice, L50|\n|poke|p2|Hitmontop, L50, M|\n|poke|p2|Miraidon, L50|\n|poke|p2|Sableye, L50, F|\n|poke|p2|Ting-Lu, L50|\n|poke|p2|Iron Valiant, L50|\n|teampreview|4\n|\n|t:|1773440547\n|teamsize|p1|4\n|teamsize|p2|4\n|start\n|switch|p1a: Miraidon|Miraidon, L50, shiny|100/100\n|switch|p1b: Lunala|Lunala, L50, shiny|100/100\n|switch|p2a: Calyrex|Calyrex-Ice, L50|100/100\n|switch|p2b: Sableye|Sableye, L50, F|100/100\n|-ability|p2a: Calyrex|As One\n|-ability|p2a: Calyrex|Unnerve\n|-fieldstart|move: Electric Terrain|[from] ability: Hadron Engine|[of] p1a: Miraidon\n|-enditem|p1b: Lunala|Electric Seed\n|-boost|p1b: Lunala|def|1|[from] item: Electric Seed\n|turn|1\n|inactive|Battle timer is ON: inactive players will automatically lose when time's up. (requested by ArisHazard)\n|\n|t:|1773440570\n|move|p2b: Sableye|Protect|p2b: Sableye\n|-singleturn|p2b: Sableye|Protect\n|move|p2a: Calyrex|Protect|p2a: Calyrex\n|-singleturn|p2a: Calyrex|Protect\n|move|p1a: Miraidon|Volt Switch|p2b: Sableye\n|-activate|p2b: Sableye|move: Protect\n|move|p1b: Lunala|Moonblast|p2b: Sableye\n|-activate|p2b: Sableye|move: Protect\n|\n|upkeep\n|turn|2\n|\n|t:|1773440588\n|move|p2b: Sableye|Disable|p1a: Miraidon\n|-start|p1a: Miraidon|Disable|Volt Switch\n|cant|p1a: Miraidon|Disable|Volt Switch\n|move|p1b: Lunala|Moonblast|p2b: Sableye\n|-supereffective|p2b: Sableye\n|-damage|p2b: Sableye|16/100\n|-enditem|p2b: Sableye|Sitrus Berry|[eat]\n|-heal|p2b: Sableye|41/100|[from] item: Sitrus Berry\n|move|p2a: Calyrex|Glacial Lance|p1a: Miraidon|[spread] p1a,p1b\n|-supereffective|p1a: Miraidon\n|-damage|p1a: Miraidon|0 fnt\n|-damage|p1b: Lunala|85/100\n|faint|p1a: Miraidon\n|-ability|p2a: Calyrex|Chilling Neigh|boost\n|-boost|p2a: Calyrex|atk|1\n|\n|upkeep\n|\n|t:|1773440601\n|switch|p1a: Incineroar|Incineroar, L50, M, shiny|100/100\n|-ability|p1a: Incineroar|Intimidate|boost\n|-fail|p2a: Calyrex|unboost|[from] item: Clear Amulet|[of] p2a: Calyrex\n|-unboost|p2b: Sableye|atk|1\n|turn|3\n|inactive|shushuwoa has 30 seconds left.\n|\n|t:|1773440634\n|move|p2b: Sableye|Protect|p2b: Sableye\n|-singleturn|p2b: Sableye|Protect\n|move|p2a: Calyrex|Protect|p2a: Calyrex\n|-singleturn|p2a: Calyrex|Protect\n|move|p1a: Incineroar|Fake Out|p2a: Calyrex\n|-activate|p2a: Calyrex|move: Protect\n|move|p1b: Lunala|Moonblast|p2b: Sableye\n|-activate|p2b: Sableye|move: Protect\n|\n|upkeep\n|turn|4\n|\n|t:|1773440651\n|-terastallize|p2a: Calyrex|Fire\n|move|p2b: Sableye|Disable|p1b: Lunala\n|-start|p1b: Lunala|Disable|Moonblast\n|move|p1b: Lunala|Moongeist Beam|p2a: Calyrex\n|-damage|p2a: Calyrex|63/100\n|move|p1a: Incineroar|Knock Off|p2a: Calyrex\n|-crit|p2a: Calyrex\n|-damage|p2a: Calyrex|23/100\n|-enditem|p2a: Calyrex|Clear Amulet|[from] move: Knock Off|[of] p1a: Incineroar\n|move|p2a: Calyrex|Stomping Tantrum|p1a: Incineroar\n|-supereffective|p1a: Incineroar\n|-damage|p1a: Incineroar|12/100\n|\n|upkeep\n|turn|5\n|inactive|shushuwoa has 30 seconds left.\n|inactive|ArisHazard has 30 seconds left.\n|\n|t:|1773440681\n|switch|p2a: Hitmontop|Hitmontop, L50, M|100/100\n|-ability|p2a: Hitmontop|Intimidate|boost\n|-unboost|p1a: Incineroar|atk|1\n|-unboost|p1b: Lunala|atk|1\n|move|p2b: Sableye|Protect|p2b: Sableye\n|-singleturn|p2b: Sableye|Protect\n|move|p1a: Incineroar|U-turn|p2b: Sableye\n|-activate|p2b: Sableye|move: Protect\n|move|p1b: Lunala|Trick Room|p1b: Lunala\n|-fieldstart|move: Trick Room|[of] p1b: Lunala\n|\n|-fieldend|move: Electric Terrain\n|upkeep\n|turn|6\n|inactive|shushuwoa has 30 seconds left.\n|inactive|shushuwoa has 20 seconds left.\n|inactive|shushuwoa has 15 seconds left.\n|\n|t:|1773440726\n|switch|p1a: Ursaluna|Ursaluna, L50, F, shiny|100/100\n|move|p1b: Lunala|Wide Guard|p1b: Lunala\n|-singleturn|p1b: Lunala|Wide Guard\n|move|p2b: Sableye|Encore|p1b: Lunala\n|-start|p1b: Lunala|Encore\n|move|p2a: Hitmontop|Close Combat|p1a: Ursaluna\n|-supereffective|p1a: Ursaluna\n|-damage|p1a: Ursaluna|53/100\n|-unboost|p2a: Hitmontop|def|1\n|-unboost|p2a: Hitmontop|spd|1\n|\n|-status|p1a: Ursaluna|brn|[from] item: Flame Orb\n|upkeep\n|turn|7\n|inactive|ArisHazard has 30 seconds left.\n|\n|t:|1773440754\n|switch|p1b: Incineroar|Incineroar, L50, M, shiny|12/100\n|-ability|p1b: Incineroar|Intimidate|boost\n|-unboost|p2a: Hitmontop|atk|1\n|-unboost|p2b: Sableye|atk|1\n|move|p2a: Hitmontop|Wide Guard|p2a: Hitmontop\n|-singleturn|p2a: Hitmontop|Wide Guard\n|move|p1a: Ursaluna|Facade|p2a: Hitmontop\n|-damage|p2a: Hitmontop|0 fnt\n|faint|p2a: Hitmontop\n|move|p2b: Sableye|Foul Play|p1a: Ursaluna\n|-damage|p1a: Ursaluna|23/100 brn\n|\n|-damage|p1a: Ursaluna|16/100 brn|[from] brn\n|upkeep\n|\n|t:|1773440771\n|switch|p2a: Calyrex|Calyrex-Ice, L50, tera:Fire|23/100\n|-ability|p2a: Calyrex|As One\n|-ability|p2a: Calyrex|Unnerve\n|turn|8\n|\n|t:|1773440780\n|move|p2b: Sableye|Protect|p2b: Sableye\n|-singleturn|p2b: Sableye|Protect\n|move|p2a: Calyrex|Protect|p2a: Calyrex\n|-singleturn|p2a: Calyrex|Protect\n|move|p1a: Ursaluna|Facade|p2a: Calyrex\n|-activate|p2a: Calyrex|move: Protect\n|move|p1b: Incineroar|U-turn|p2b: Sableye\n|-activate|p2b: Sableye|move: Protect\n|\n|-damage|p1a: Ursaluna|10/100 brn|[from] brn\n|upkeep\n|turn|9\n|inactive|ArisHazard has 30 seconds left.\n|\n|t:|1773440813\n|move|p1a: Ursaluna|Headlong Rush|p2a: Calyrex\n|-supereffective|p2a: Calyrex\n|-damage|p2a: Calyrex|0 fnt\n|-unboost|p1a: Ursaluna|def|1\n|-unboost|p1a: Ursaluna|spd|1\n|faint|p2a: Calyrex\n|move|p2b: Sableye|Foul Play|p1a: Ursaluna\n|-damage|p1a: Ursaluna|0 fnt\n|faint|p1a: Ursaluna\n|move|p1b: Incineroar|U-turn|p2b: Sableye\n|-damage|p2b: Sableye|17/100\n|\n|t:|1773440823\n|switch|p1b: Lunala|Lunala, L50, shiny|85/100|[from] U-turn\n|\n|-fieldend|move: Trick Room\n|upkeep\n|\n|t:|1773440829\n|switch|p2a: Miraidon|Miraidon, L50|100/100\n|switch|p1a: Incineroar|Incineroar, L50, M, shiny|12/100\n|-fieldstart|move: Electric Terrain|[from] ability: Hadron Engine|[of] p2a: Miraidon\n|-ability|p1a: Incineroar|Intimidate|boost\n|-unboost|p2a: Miraidon|atk|1\n|-unboost|p2b: Sableye|atk|1\n|turn|10\n|inactive|shushuwoa has 30 seconds left.\n|inactive|shushuwoa has 20 seconds left.\n|inactive|shushuwoa has 15 seconds left.\n|inactive|shushuwoa has 10 seconds left.\n|inactive|shushuwoa has 5 seconds left.\n|\n|t:|1773440882\n|-terastallize|p1b: Lunala|Fairy\n|move|p1a: Incineroar|Fake Out|p2a: Miraidon\n|-damage|p2a: Miraidon|92/100\n|cant|p2a: Miraidon|flinch\n|move|p1b: Lunala|Moonblast|p2a: Miraidon\n|-supereffective|p2a: Miraidon\n|-damage|p2a: Miraidon|30/100\n|move|p2b: Sableye|Foul Play|p1b: Lunala\n|-resisted|p1b: Lunala\n|-damage|p1b: Lunala|73/100\n|\n|upkeep\n|turn|11\n|\n|t:|1773440902\n|move|p2b: Sableye|Disable|p1b: Lunala\n|-start|p1b: Lunala|Disable|Moonblast\n|move|p2a: Miraidon|Electro Drift|p1a: Incineroar\n|-damage|p1a: Incineroar|0 fnt\n|faint|p1a: Incineroar\n|move|p1b: Lunala|Moongeist Beam|p2a: Miraidon\n|-damage|p2a: Miraidon|0 fnt\n|faint|p2a: Miraidon\n|\n|upkeep\n|turn|12\n|-message|ArisHazard forfeited.\n|\n|win|shushuwoa\n|raw|shushuwoa's rating: 1182 &rarr; <strong>1223</strong><br />(+41 for winning)\n|raw|ArisHazard's rating: 1449 &rarr; <strong>1416</strong><br />(-33 for losing)\n|l|\u2606ArisHazard\n|player|p2|\n","uploadtime":1773441107,"views":16,"formatid":"gen9vgc2026regi","rating":1223,"private":0,"password":null}