{"id":"gen9vgc2026regi-2578463128","format":"[Gen 9] VGC 2026 Reg I","players":["Simon0123","miloso"],"log":"|j|\u2606Simon0123\n|j|\u2606miloso\n|t:|1775680130\n|gametype|doubles\n|player|p1|Simon0123|benga|1311\n|player|p2|miloso|ghetsis-gen5bw|1413\n|gen|9\n|tier|[Gen 9] VGC 2026 Reg I\n|rated|\n|rule|Species Clause: Limit one of each Pok\u00e9mon\n|rule|Item Clause: Limit 1 of each item\n|clearpoke\n|poke|p1|Miraidon, L50|\n|poke|p1|Lunala, L50|\n|poke|p1|Whimsicott, L50, F|\n|poke|p1|Chi-Yu, L50|\n|poke|p1|Urshifu-*, L50, M|\n|poke|p1|Iron Hands, L50|\n|poke|p2|Calyrex-Shadow, L50|\n|poke|p2|Talonflame, L50, M|\n|poke|p2|Zapdos-Galar, L50|\n|poke|p2|Sandy Shocks, L50|\n|poke|p2|Scream Tail, L50|\n|poke|p2|Miraidon, L50|\n|teampreview|4\n|inactive|Battle timer is ON: inactive players will automatically lose when time's up. (requested by Simon0123)\n|inactive|Simon0123 has 60 seconds left.\nmiloso rejected open team sheets.\n|\n|t:|1775680173\n|teamsize|p1|4\n|teamsize|p2|4\n|start\n|switch|p1a: Whimsicott|Whimsicott, L50, F|100/100\n|switch|p1b: Chi-Yu|Chi-Yu, L50|100/100\n|switch|p2a: Zapdos|Zapdos-Galar, L50, shiny|100/100\n|switch|p2b: Scream Tail|Scream Tail, L50|100/100\n|-ability|p1b: Chi-Yu|Beads of Ruin\n|-enditem|p2b: Scream Tail|Booster Energy\n|-activate|p2b: Scream Tail|ability: Protosynthesis|[fromitem]\n|-start|p2b: Scream Tail|protosynthesisspe\n|turn|1\n|\n|t:|1775680189\n|move|p1a: Whimsicott|Tailwind|p1a: Whimsicott\n|-sidestart|p1: Simon0123|move: Tailwind\n|move|p1b: Chi-Yu|Heat Wave|p2a: Zapdos|[spread] p2a,p2b\n|-damage|p2a: Zapdos|29/100\n|-damage|p2b: Scream Tail|59/100\n|move|p2b: Scream Tail|Dazzling Gleam|p1a: Whimsicott|[spread] p1a,p1b\n|-damage|p1a: Whimsicott|75/100\n|-damage|p1b: Chi-Yu|84/100\n|move|p2a: Zapdos|Thunderous Kick|p1b: Chi-Yu\n|-supereffective|p1b: Chi-Yu\n|-damage|p1b: Chi-Yu|0 fnt\n|faint|p1b: Chi-Yu\n|\n|upkeep\n|\n|t:|1775680203\n|switch|p1b: Urshifu|Urshifu-Rapid-Strike, L50, M|100/100\n|turn|2\n|\n|t:|1775680210\n|move|p1a: Whimsicott|Moonblast|p2a: Zapdos\n|-supereffective|p2a: Zapdos\n|-damage|p2a: Zapdos|0 fnt\n|faint|p2a: Zapdos\n|move|p1b: Urshifu|Surging Strikes|p2b: Scream Tail\n|-crit|p2b: Scream Tail\n|-damage|p2b: Scream Tail|43/100\n|-crit|p2b: Scream Tail\n|-damage|p2b: Scream Tail|28/100\n|-crit|p2b: Scream Tail\n|-damage|p2b: Scream Tail|14/100\n|-hitcount|p2b: Scream Tail|3\n|move|p2b: Scream Tail|Trick Room|p2b: Scream Tail\n|-fieldstart|move: Trick Room|[of] p2b: Scream Tail\n|\n|upkeep\n|\n|t:|1775680229\n|switch|p2a: Miraidon|Miraidon, L50|100/100\n|-fieldstart|move: Electric Terrain|[from] ability: Hadron Engine|[of] p2a: Miraidon\n|turn|3\n|\n|t:|1775680246\n|-terastallize|p2a: Miraidon|Fairy\n|-terastallize|p1b: Urshifu|Stellar\n|move|p2a: Miraidon|Dazzling Gleam|p1b: Urshifu|[spread] p1a,p1b\n|-supereffective|p1b: Urshifu\n|-damage|p1a: Whimsicott|3/100\n|-enditem|p1b: Urshifu|Focus Sash\n|-damage|p1b: Urshifu|1/100\n|-damage|p2a: Miraidon|91/100|[from] item: Life Orb\n|move|p2b: Scream Tail|Imprison|p2b: Scream Tail\n|-start|p2b: Scream Tail|move: Imprison\n|move|p1b: Urshifu|Close Combat|p2a: Miraidon\n|-resisted|p2a: Miraidon\n|-damage|p2a: Miraidon|47/100\n|-unboost|p1b: Urshifu|def|1\n|-unboost|p1b: Urshifu|spd|1\n|move|p1a: Whimsicott|Moonblast|p2b: Scream Tail\n|-damage|p2b: Scream Tail|0 fnt\n|faint|p2b: Scream Tail\n|-end|p2b: Scream Tail|Protosynthesis|[silent]\n|\n|upkeep\n|\n|t:|1775680252\n|switch|p2b: Calyrex|Calyrex-Shadow, L50|100/100\n|-ability|p2b: Calyrex|As One\n|-ability|p2b: Calyrex|Unnerve\n|turn|4\n|inactive|Simon0123 has 30 seconds left.\n|inactive|Simon0123 has 20 seconds left.\n|inactive|Simon0123 has 15 seconds left.\n|inactive|Simon0123 has 10 seconds left.\n|\n|t:|1775680300\n|move|p2a: Miraidon|Electro Drift|p1b: Urshifu\n|-supereffective|p1b: Urshifu\n|-damage|p1b: Urshifu|0 fnt\n|faint|p1b: Urshifu\n|-damage|p2a: Miraidon|37/100|[from] item: Life Orb\n|move|p2b: Calyrex|Astral Barrage|p1a: Whimsicott\n|-damage|p1a: Whimsicott|0 fnt\n|faint|p1a: Whimsicott\n|-ability|p2b: Calyrex|Grim Neigh|boost\n|-boost|p2b: Calyrex|spa|1\n|\n|-sideend|p1: Simon0123|move: Tailwind\n|upkeep\n|c|\u2606Simon0123|Whaaaat\n|c|\u2606Simon0123|Bug?\n|inactive|Simon0123 has 30 seconds left.\n|c|\u2606miloso|?\n|c|\u2606Simon0123|I have tailwind\n|c|\u2606miloso|wdym\n|c|\u2606miloso|bug ?\n|c|\u2606Simon0123|Lol\n|inactive|Simon0123 has 20 seconds left.\n|c|\u2606Simon0123|Tr\n|c|\u2606miloso|monkey\n|inactive|Simon0123 has 15 seconds left.\n|c|\u2606Simon0123|Didnt realize\n|c|\u2606miloso|hahhahahaha\n|\n|t:|1775680343\n|switch|p1b: Miraidon|Miraidon, L50|100/100\n|-activate|p1b: Miraidon|ability: Hadron Engine\n|turn|5\n|\n|t:|1775680351\n|move|p1b: Miraidon|Dazzling Gleam|p2b: Calyrex|[spread] p2a,p2b\n|-crit|p2a: Miraidon\n|-damage|p2a: Miraidon|0 fnt\n|-damage|p2b: Calyrex|52/100\n|faint|p2a: Miraidon\n|move|p2b: Calyrex|Astral Barrage|p1b: Miraidon\n|-damage|p1b: Miraidon|7/100\n|\n|upkeep\n|turn|6\n|\n|t:|1775680358\n|move|p2b: Calyrex|Protect|p2b: Calyrex\n|-singleturn|p2b: Calyrex|Protect\n|move|p1b: Miraidon|Dazzling Gleam|p2b: Calyrex\n|-activate|p2b: Calyrex|move: Protect\n|\n|-fieldend|move: Trick Room\n|upkeep\n|turn|7\n|-message|Simon0123 forfeited.\n|\n|win|miloso\n|raw|Simon0123's rating: 1311 &rarr; <strong>1297</strong><br />(-14 for losing)\n|raw|miloso's rating: 1413 &rarr; <strong>1427</strong><br />(+14 for winning)\n|l|\u2606Simon0123\n|player|p1|\n|l|\u2606miloso\n|player|p2|\n","uploadtime":1775680614,"views":9,"formatid":"gen9vgc2026regi","rating":1297,"private":0,"password":null}