{"id":"gen9vgc2026regi-2533470897","format":"[Gen 9] VGC 2026 Reg I","players":["0-6day2","VJ2511"],"log":"|j|\u26060-6day2\n|j|\u2606VJ2511\n|t:|1770308753\n|gametype|doubles\n|player|p1|0-6day2|170|1450\n|player|p2|VJ2511|red-masters3|1473\n|gen|9\n|tier|[Gen 9] VGC 2026 Reg I\n|rated|\n|rule|Species Clause: Limit one of each Pok\u00e9mon\n|rule|Item Clause: Limit 1 of each item\n|clearpoke\n|poke|p1|Miraidon, L50|\n|poke|p1|Calyrex-Ice, L50|\n|poke|p1|Flutter Mane, L50|\n|poke|p1|Chi-Yu, L50|\n|poke|p1|Urshifu-*, L50, M|\n|poke|p1|Iron Hands, L50|\n|poke|p2|Calyrex-Shadow, L50|\n|poke|p2|Zamazenta-*, L50|\n|poke|p2|Chien-Pao, L50|\n|poke|p2|Dragonite, L50, F|\n|poke|p2|Raging Bolt, L50|\n|poke|p2|Amoonguss, L50, M|\n|teampreview|4\n|inactive|Battle timer is ON: inactive players will automatically lose when time's up. (requested by VJ2511)\n|\n|t:|1770308787\n|teamsize|p1|4\n|teamsize|p2|4\n|start\n|switch|p1a: Miraidon|Miraidon, L50|100/100\n|switch|p1b: Chi-Yu|Chi-Yu, L50|100/100\n|switch|p2a: Calyrex|Calyrex-Shadow, L50|100/100\n|switch|p2b: Zamazenta|Zamazenta-Crowned, L50|100/100\n|-ability|p2a: Calyrex|As One\n|-ability|p2a: Calyrex|Unnerve\n|-ability|p1b: Chi-Yu|Beads of Ruin\n|-fieldstart|move: Electric Terrain|[from] ability: Hadron Engine|[of] p1a: Miraidon\n|-ability|p2b: Zamazenta|Dauntless Shield|boost\n|-boost|p2b: Zamazenta|def|1\n|turn|1\n|inactive|0-6day2 has 30 seconds left.\n|\n|t:|1770308818\n|-terastallize|p1b: Chi-Yu|Ghost\n|move|p2a: Calyrex|Protect|p2a: Calyrex\n|-singleturn|p2a: Calyrex|Protect\n|move|p2b: Zamazenta|Protect|p2b: Zamazenta\n|-singleturn|p2b: Zamazenta|Protect\n|move|p1b: Chi-Yu|Overheat|p2a: Calyrex\n|-activate|p2a: Calyrex|move: Protect\n|move|p1a: Miraidon|Volt Switch|p2a: Calyrex\n|-activate|p2a: Calyrex|move: Protect\n|\n|upkeep\n|turn|2\n|inactive|VJ2511 has 30 seconds left.\n|\n|t:|1770308848\n|-terastallize|p2b: Zamazenta|Dragon\n|move|p1b: Chi-Yu|Overheat|p2a: Calyrex|[miss]\n|-miss|p1b: Chi-Yu|p2a: Calyrex\n|move|p2a: Calyrex|Astral Barrage|p1b: Chi-Yu|[spread] p1a,p1b\n|-supereffective|p1b: Chi-Yu\n|-damage|p1a: Miraidon|37/100\n|-damage|p1b: Chi-Yu|0 fnt\n|faint|p1b: Chi-Yu\n|-ability|p2a: Calyrex|Grim Neigh|boost\n|-boost|p2a: Calyrex|spa|1\n|move|p1a: Miraidon|Volt Switch|p2a: Calyrex\n|-damage|p2a: Calyrex|42/100\n|\n|t:|1770308857\n|switch|p1a: Flutter Mane|Flutter Mane, L50, shiny|100/100|[from] Volt Switch\n|-enditem|p1a: Flutter Mane|Booster Energy\n|-activate|p1a: Flutter Mane|ability: Protosynthesis|[fromitem]\n|-start|p1a: Flutter Mane|protosynthesisspe\n|move|p2b: Zamazenta|Body Press|p1a: Flutter Mane\n|-immune|p1a: Flutter Mane\n|\n|upkeep\n|\n|t:|1770308870\n|switch|p1b: Calyrex|Calyrex-Ice, L50|100/100\n|-ability|p1b: Calyrex|As One\n|-ability|p1b: Calyrex|Unnerve\n|turn|3\n|\n|t:|1770308874\n|move|p1a: Flutter Mane|Protect|p1a: Flutter Mane\n|-singleturn|p1a: Flutter Mane|Protect\n|move|p2a: Calyrex|Astral Barrage|p1b: Calyrex|[spread] p1b\n|-activate|p1a: Flutter Mane|move: Protect\n|-supereffective|p1b: Calyrex\n|-damage|p1b: Calyrex|0 fnt\n|faint|p1b: Calyrex\n|-ability|p2a: Calyrex|Grim Neigh|boost\n|-boost|p2a: Calyrex|spa|1\n|move|p2b: Zamazenta|Heavy Slam|p1a: Flutter Mane\n|-activate|p1a: Flutter Mane|move: Protect\n|\n|upkeep\n|\n|t:|1770308883\n|switch|p1b: Miraidon|Miraidon, L50|37/100\n|-activate|p1b: Miraidon|ability: Hadron Engine\n|turn|4\n|\n|t:|1770308901\n|move|p2a: Calyrex|Protect|p2a: Calyrex\n|-singleturn|p2a: Calyrex|Protect\n|move|p2b: Zamazenta|Protect|p2b: Zamazenta\n|-singleturn|p2b: Zamazenta|Protect\n|move|p1a: Flutter Mane|Shadow Ball|p2a: Calyrex\n|-activate|p2a: Calyrex|move: Protect\n|move|p1b: Miraidon|Draco Meteor|p2b: Zamazenta\n|-activate|p2b: Zamazenta|move: Protect\n|\n|upkeep\n|turn|5\n|\n|t:|1770308911\n|move|p1a: Flutter Mane|Shadow Ball|p2a: Calyrex\n|-supereffective|p2a: Calyrex\n|-damage|p2a: Calyrex|0 fnt\n|faint|p2a: Calyrex\n|move|p1b: Miraidon|Draco Meteor|p2b: Zamazenta\n|-supereffective|p2b: Zamazenta\n|-damage|p2b: Zamazenta|0 fnt\n|-unboost|p1b: Miraidon|spa|2\n|faint|p2b: Zamazenta\n|\n|-fieldend|move: Electric Terrain\n|upkeep\n|\n|t:|1770308918\n|switch|p2a: Chien-Pao|Chien-Pao, L50|100/100\n|switch|p2b: Dragonite|Dragonite, L50, F, shiny|100/100\n|-ability|p2a: Chien-Pao|Sword of Ruin\n|turn|6\n|\n|t:|1770308934\n|move|p2b: Dragonite|Aqua Jet|p1a: Flutter Mane\n|-damage|p1a: Flutter Mane|44/100\n|move|p1a: Flutter Mane|Moonblast|p2b: Dragonite\n|-supereffective|p2b: Dragonite\n|-damage|p2b: Dragonite|15/100\n|-unboost|p2b: Dragonite|spa|1\n|move|p1b: Miraidon|Volt Switch|p2a: Chien-Pao\n|-damage|p2a: Chien-Pao|83/100\n|move|p2a: Chien-Pao|Ice Spinner|p1b: Miraidon\n|-supereffective|p1b: Miraidon\n|-damage|p1b: Miraidon|0 fnt\n|faint|p1b: Miraidon\n|\n|upkeep\n|turn|7\n|\n|t:|1770308946\n|move|p2a: Chien-Pao|Sucker Punch|p1a: Flutter Mane\n|-damage|p1a: Flutter Mane|0 fnt\n|faint|p1a: Flutter Mane\n|-end|p1a: Flutter Mane|Protosynthesis|[silent]\n|\n|win|VJ2511\n|raw|0-6day2's rating: 1450 &rarr; <strong>1431</strong><br />(-19 for losing)\n|raw|VJ2511's rating: 1473 &rarr; <strong>1492</strong><br />(+19 for winning)\n|l|\u26060-6day2\n|player|p1|\n|l|\u2606VJ2511\n|player|p2|\n","uploadtime":1770309151,"views":15,"formatid":"gen9vgc2026regi","rating":1431,"private":0,"password":null}