{"id":"gen9vgc2026regi-2539990759","format":"[Gen 9] VGC 2026 Reg I","players":["funforall","blackred123"],"log":"|j|\u2606funforall\n|j|\u2606blackred123\n|t:|1771139731\n|gametype|doubles\n|player|p1|funforall|170|1407\n|player|p2|blackred123|iono-masters|1352\n|gen|9\n|tier|[Gen 9] VGC 2026 Reg I\n|rated|\n|rule|Species Clause: Limit one of each Pok\u00e9mon\n|rule|Item Clause: Limit 1 of each item\n|clearpoke\n|poke|p1|Groudon, L50|\n|poke|p1|Calyrex-Shadow, L50|\n|poke|p1|Incineroar, L50, F|\n|poke|p1|Amoonguss, L50, M|\n|poke|p1|Raging Bolt, L50|\n|poke|p1|Grimmsnarl, L50, M|\n|poke|p2|Zacian-*, L50|\n|poke|p2|Kyogre, L50|\n|poke|p2|Amoonguss, L50, F|\n|poke|p2|Incineroar, L50, F|\n|poke|p2|Urshifu-*, L50, M|\n|poke|p2|Iron Jugulis, L50|\n|teampreview|4\n|inactive|Battle timer is ON: inactive players will automatically lose when time's up. (requested by blackred123)\n|\n|t:|1771139754\n|teamsize|p1|4\n|teamsize|p2|4\n|start\n|switch|p1a: Incineroar|Incineroar, L50, F|100/100\n|switch|p1b: Calyrex|Calyrex-Shadow, L50|100/100\n|switch|p2a: \u9a6c\u5243\u5929\u7231\u661f|Kyogre, L50, shiny|100/100\n|switch|p2b: \u55f7\u545c\uff5e|Iron Jugulis, L50|100/100\n|-ability|p1b: Calyrex|As One\n|-ability|p1b: Calyrex|Unnerve\n|-weather|RainDance|[from] ability: Drizzle|[of] p2a: \u9a6c\u5243\u5929\u7231\u661f\n|-ability|p1a: Incineroar|Intimidate|boost\n|-unboost|p2a: \u9a6c\u5243\u5929\u7231\u661f|atk|1\n|-unboost|p2b: \u55f7\u545c\uff5e|atk|1\n|-enditem|p2b: \u55f7\u545c\uff5e|Booster Energy\n|-activate|p2b: \u55f7\u545c\uff5e|ability: Quark Drive|[fromitem]\n|-start|p2b: \u55f7\u545c\uff5e|quarkdrivespe\n|turn|1\n|inactive|funforall has 30 seconds left.\n|inactive|funforall has 20 seconds left.\n|\n|t:|1771139791\n|switch|p1b: Groudon|Groudon, L50|100/100\n|-weather|SunnyDay|[from] ability: Drought|[of] p1b: Groudon\n|move|p2b: \u55f7\u545c\uff5e|Protect|p2b: \u55f7\u545c\uff5e\n|-singleturn|p2b: \u55f7\u545c\uff5e|Protect\n|move|p1a: Incineroar|Fake Out|p2a: \u9a6c\u5243\u5929\u7231\u661f\n|-damage|p2a: \u9a6c\u5243\u5929\u7231\u661f|91/100\n|cant|p2a: \u9a6c\u5243\u5929\u7231\u661f|flinch\n|\n|-weather|SunnyDay|[upkeep]\n|upkeep\n|turn|2\n|inactive|funforall has 30 seconds left.\n|inactive|blackred123 has 30 seconds left.\n|\n|t:|1771139824\n|switch|p2a: \u53eb\u6211\u4e3b\u4eba\ud83d\ude21|Urshifu-Rapid-Strike, L50, M|100/100\n|switch|p1a: Amoonguss|Amoonguss, L50, M|100/100\n|move|p2b: \u55f7\u545c\uff5e|Snarl|p1b: Groudon|[spread] p1a,p1b\n|-damage|p1a: Amoonguss|85/100\n|-damage|p1b: Groudon|89/100\n|-unboost|p1a: Amoonguss|spa|1\n|-unboost|p1b: Groudon|spa|1\n|move|p1b: Groudon|High Horsepower|p2a: \u53eb\u6211\u4e3b\u4eba\ud83d\ude21\n|-damage|p2a: \u53eb\u6211\u4e3b\u4eba\ud83d\ude21|47/100\n|\n|-weather|SunnyDay|[upkeep]\n|upkeep\n|turn|3\n|inactive|funforall has 30 seconds left.\n|\n|t:|1771139850\n|move|p2a: \u53eb\u6211\u4e3b\u4eba\ud83d\ude21|Rain Dance|p2a: \u53eb\u6211\u4e3b\u4eba\ud83d\ude21\n|-weather|RainDance\n|move|p2b: \u55f7\u545c\uff5e|Hurricane|p1a: Amoonguss\n|-supereffective|p1a: Amoonguss\n|-damage|p1a: Amoonguss|0 fnt\n|faint|p1a: Amoonguss\n|move|p1b: Groudon|Stone Edge|p2b: \u55f7\u545c\uff5e\n|-supereffective|p2b: \u55f7\u545c\uff5e\n|-damage|p2b: \u55f7\u545c\uff5e|21/100\n|\n|-weather|RainDance|[upkeep]\n|upkeep\n|\n|t:|1771139873\n|switch|p1a: Incineroar|Incineroar, L50, F|100/100\n|-ability|p1a: Incineroar|Intimidate|boost\n|-unboost|p2a: \u53eb\u6211\u4e3b\u4eba\ud83d\ude21|atk|1\n|-unboost|p2b: \u55f7\u545c\uff5e|atk|1\n|turn|4\n|inactive|funforall has 30 seconds left.\n|inactive|funforall has 20 seconds left.\n|inactive|funforall has 15 seconds left.\n|\n|t:|1771139915\n|switch|p2a: \u9a6c\u5243\u5929\u7231\u661f|Kyogre, L50, shiny|91/100\n|move|p2b: \u55f7\u545c\uff5e|Tailwind|p2b: \u55f7\u545c\uff5e\n|-sidestart|p2: blackred123|move: Tailwind\n|move|p1b: Groudon|High Horsepower|p2a: \u9a6c\u5243\u5929\u7231\u661f\n|-damage|p2a: \u9a6c\u5243\u5929\u7231\u661f|44/100\n|move|p1a: Incineroar|Knock Off|p2b: \u55f7\u545c\uff5e\n|-resisted|p2b: \u55f7\u545c\uff5e\n|-damage|p2b: \u55f7\u545c\uff5e|9/100\n|\n|-weather|RainDance|[upkeep]\n|upkeep\n|turn|5\n|inactive|funforall has 30 seconds left.\n|\n|t:|1771139949\n|move|p2b: \u55f7\u545c\uff5e|Hurricane|p1a: Incineroar\n|-crit|p1a: Incineroar\n|-damage|p1a: Incineroar|35/100\n|move|p2a: \u9a6c\u5243\u5929\u7231\u661f|Origin Pulse|p1a: Incineroar|[spread] p1b\n|-miss|p2a: \u9a6c\u5243\u5929\u7231\u661f|p1a: Incineroar\n|-supereffective|p1b: Groudon\n|-damage|p1b: Groudon|6/100\n|move|p1b: Groudon|High Horsepower|p2a: \u9a6c\u5243\u5929\u7231\u661f\n|-damage|p2a: \u9a6c\u5243\u5929\u7231\u661f|0 fnt\n|faint|p2a: \u9a6c\u5243\u5929\u7231\u661f\n|move|p1a: Incineroar|Knock Off|p2b: \u55f7\u545c\uff5e\n|-resisted|p2b: \u55f7\u545c\uff5e\n|-damage|p2b: \u55f7\u545c\uff5e|0 fnt\n|faint|p2b: \u55f7\u545c\uff5e\n|-end|p2b: \u55f7\u545c\uff5e|Quark Drive|[silent]\n|\n|-weather|RainDance|[upkeep]\n|upkeep\n|\n|t:|1771139958\n|switch|p2b: \u53eb\u6211\u4e3b\u4eba\ud83d\ude21|Urshifu-Rapid-Strike, L50, M|47/100\n|switch|p2a: \u963f\u5c14\u6258\u8389\u96c5|Zacian-Crowned, L50, shiny|100/100\n|-ability|p2a: \u963f\u5c14\u6258\u8389\u96c5|Intrepid Sword|boost\n|-boost|p2a: \u963f\u5c14\u6258\u8389\u96c5|atk|1\n|turn|6\n|\n|t:|1771139978\n|move|p2b: \u53eb\u6211\u4e3b\u4eba\ud83d\ude21|Surging Strikes|p1b: Groudon\n|-supereffective|p1b: Groudon\n|-crit|p1b: Groudon\n|-damage|p1b: Groudon|0 fnt\n|faint|p1b: Groudon\n|-hitcount|p1: Groudon|1\n|move|p2a: \u963f\u5c14\u6258\u8389\u96c5|Sacred Sword|p1a: Incineroar\n|-supereffective|p1a: Incineroar\n|-damage|p1a: Incineroar|0 fnt\n|faint|p1a: Incineroar\n|\n|-weather|RainDance|[upkeep]\n|upkeep\n|\n|t:|1771139985\n|switch|p1a: Calyrex|Calyrex-Shadow, L50|100/100\n|-ability|p1a: Calyrex|As One\n|-ability|p1a: Calyrex|Unnerve\n|turn|7\n|\n|t:|1771139990\n|-terastallize|p2a: \u963f\u5c14\u6258\u8389\u96c5|Normal\n|move|p1a: Calyrex|Protect|p1a: Calyrex\n|-singleturn|p1a: Calyrex|Protect\n|move|p2b: \u53eb\u6211\u4e3b\u4eba\ud83d\ude21|Surging Strikes|p1a: Calyrex\n|-crit|p1a: Calyrex\n|-damage|p1a: Calyrex|66/100\n|-crit|p1a: Calyrex\n|-damage|p1a: Calyrex|30/100\n|-crit|p1a: Calyrex\n|-damage|p1a: Calyrex|0 fnt\n|faint|p1a: Calyrex\n|-hitcount|p1: Calyrex|3\n|\n|win|blackred123\n|raw|funforall's rating: 1407 &rarr; <strong>1384</strong><br />(-23 for losing)\n|raw|blackred123's rating: 1352 &rarr; <strong>1375</strong><br />(+23 for winning)\n|l|\u2606funforall\n|player|p1|\n","uploadtime":1771140003,"views":32,"formatid":"gen9vgc2026regi","rating":1375,"private":0,"password":null}