{"id":"gen9vgc2026regi-2558810880","format":"[Gen 9] VGC 2026 Reg I","players":["Lacossg","jd8erh"],"log":"|j|\u2606Lacossg\n|j|\u2606jd8erh\n|t:|1773486962\n|gametype|doubles\n|player|p1|Lacossg|169|1522\n|player|p2|jd8erh|265|1525\n|gen|9\n|tier|[Gen 9] VGC 2026 Reg I\n|rated|\n|rule|Species Clause: Limit one of each Pok\u00e9mon\n|rule|Item Clause: Limit 1 of each item\n|clearpoke\n|poke|p1|Zacian-*, L50|\n|poke|p1|Iron Valiant, L50|\n|poke|p1|Tyranitar, L50, F|\n|poke|p1|Zamazenta-*, L50|\n|poke|p1|Landorus, L50, M|\n|poke|p1|Tornadus, L50, M|\n|poke|p2|Calyrex-Ice, L50|\n|poke|p2|Miraidon, L50|\n|poke|p2|Incineroar, L50, F|\n|poke|p2|Farigiraf, L50, M|\n|poke|p2|Volcarona, L50, F|\n|poke|p2|Grimmsnarl, L50, M|\n|teampreview|4\n|inactive|Battle timer is ON: inactive players will automatically lose when time's up. (requested by jd8erh)\njd8erh has agreed to open team sheets.\n|\n|t:|1773486986\n|teamsize|p1|4\n|teamsize|p2|4\n|start\n|switch|p1a: Iron Valiant|Iron Valiant, L50|100/100\n|switch|p1b: Zacian|Zacian-Crowned, L50|100/100\n|switch|p2a: Miraidon|Miraidon, L50|100/100\n|switch|p2b: Calyrex|Calyrex-Ice, L50|100/100\n|-ability|p2b: Calyrex|As One\n|-ability|p2b: Calyrex|Unnerve\n|-fieldstart|move: Electric Terrain|[from] ability: Hadron Engine|[of] p2a: Miraidon\n|-activate|p1a: Iron Valiant|ability: Quark Drive\n|-start|p1a: Iron Valiant|quarkdrivespe\n|-ability|p1b: Zacian|Intrepid Sword|boost\n|-boost|p1b: Zacian|atk|1\n|turn|1\n|\n|t:|1773486994\n|switch|p2a: Volcarona|Volcarona, L50, F|100/100\n|-terastallize|p1b: Zacian|Ground\n|-terastallize|p2b: Calyrex|Water\n|move|p1a: Iron Valiant|Taunt|p2b: Calyrex\n|-start|p2b: Calyrex|move: Taunt\n|move|p1b: Zacian|Behemoth Blade|p2b: Calyrex\n|-resisted|p2b: Calyrex\n|-damage|p2b: Calyrex|75/100\n|cant|p2b: Calyrex|move: Taunt|Leech Seed\n|\n|-heal|p2b: Calyrex|81/100|[from] item: Leftovers\n|upkeep\n|turn|2\n|\n|t:|1773487011\n|move|p1a: Iron Valiant|Wide Guard|p1a: Iron Valiant\n|-singleturn|p1a: Iron Valiant|Wide Guard\n|move|p1b: Zacian|Tera Blast|p2a: Volcarona|[anim] Tera Blast Ground\n|-damage|p2a: Volcarona|31/100\n|move|p2a: Volcarona|Will-O-Wisp|p1b: Zacian\n|-status|p1b: Zacian|brn\n|move|p2b: Calyrex|Glacial Lance|p1b: Zacian|[spread] \n|-activate|p1a: Iron Valiant|move: Wide Guard\n|-activate|p1b: Zacian|move: Wide Guard\n|\n|-heal|p2b: Calyrex|86/100|[from] item: Leftovers\n|-damage|p1b: Zacian|95/100 brn|[from] brn\n|upkeep\n|turn|3\n|\n|t:|1773487019\n|move|p1a: Iron Valiant|Wide Guard|p1a: Iron Valiant\n|-singleturn|p1a: Iron Valiant|Wide Guard\n|move|p1b: Zacian|Tera Blast|p2a: Volcarona|[anim] Tera Blast Ground\n|-damage|p2a: Volcarona|0 fnt\n|faint|p2a: Volcarona\n|move|p2b: Calyrex|Glacial Lance|p1a: Iron Valiant|[spread] \n|-activate|p1a: Iron Valiant|move: Wide Guard\n|-activate|p1b: Zacian|move: Wide Guard\n|\n|-heal|p2b: Calyrex|92/100|[from] item: Leftovers\n|-damage|p1b: Zacian|89/100 brn|[from] brn\n|-end|p2b: Calyrex|move: Taunt\n|upkeep\n|\n|t:|1773487025\n|switch|p2a: Grimmsnarl|Grimmsnarl, L50, M|100/100\n|turn|4\n|\n|t:|1773487030\n|switch|p1b: Zamazenta|Zamazenta-Crowned, L50|100/100\n|-ability|p1b: Zamazenta|Dauntless Shield|boost\n|-boost|p1b: Zamazenta|def|1\n|move|p2a: Grimmsnarl|Reflect|p2a: Grimmsnarl\n|-sidestart|p2: jd8erh|Reflect\n|move|p1a: Iron Valiant|Taunt|p2b: Calyrex\n|-start|p2b: Calyrex|move: Taunt\n|move|p2b: Calyrex|Glacial Lance|p1b: Zamazenta|[spread] p1a,p1b\n|-resisted|p1b: Zamazenta\n|-crit|p1b: Zamazenta\n|-damage|p1a: Iron Valiant|44/100\n|-damage|p1b: Zamazenta|76/100\n|\n|-heal|p2b: Calyrex|98/100|[from] item: Leftovers\n|upkeep\n|turn|5\n|\n|t:|1773487042\n|switch|p2b: Miraidon|Miraidon, L50|100/100\n|-activate|p2b: Miraidon|ability: Hadron Engine\n|move|p1b: Zamazenta|Wide Guard|p1b: Zamazenta\n|-singleturn|p1b: Zamazenta|Wide Guard\n|move|p1a: Iron Valiant|Coaching|p1b: Zamazenta\n|-boost|p1b: Zamazenta|atk|1\n|-boost|p1b: Zamazenta|def|1\n|move|p2a: Grimmsnarl|Spirit Break|p1a: Iron Valiant\n|-supereffective|p1a: Iron Valiant\n|-damage|p1a: Iron Valiant|0 fnt\n|faint|p1a: Iron Valiant\n|-end|p1a: Iron Valiant|Quark Drive|[silent]\n|\n|-fieldend|move: Electric Terrain\n|upkeep\n|\n|t:|1773487052\n|switch|p1a: Landorus|Landorus, L50, M|100/100\n|turn|6\n|\n|t:|1773487063\n|switch|p2b: Calyrex|Calyrex-Ice, L50, tera:Water|98/100\n|-ability|p2b: Calyrex|As One\n|-ability|p2b: Calyrex|Unnerve\n|move|p2a: Grimmsnarl|Thunder Wave|p1b: Zamazenta\n|-status|p1b: Zamazenta|par\n|move|p1a: Landorus|Earth Power|p2b: Calyrex\n|-damage|p2b: Calyrex|56/100\n|move|p1b: Zamazenta|Body Press|p2b: Calyrex\n|-damage|p2b: Calyrex|26/100\n|\n|-heal|p2b: Calyrex|32/100|[from] item: Leftovers\n|upkeep\n|turn|7\n|\n|t:|1773487082\n|move|p2b: Calyrex|Protect|p2b: Calyrex\n|-singleturn|p2b: Calyrex|Protect\n|move|p2a: Grimmsnarl|Light Screen|p2a: Grimmsnarl\n|-sidestart|p2: jd8erh|move: Light Screen\n|move|p1a: Landorus|Earth Power|p2b: Calyrex\n|-activate|p2b: Calyrex|move: Protect\n|move|p1b: Zamazenta|Body Press|p2b: Calyrex\n|-activate|p2b: Calyrex|move: Protect\n|\n|-heal|p2b: Calyrex|38/100|[from] item: Leftovers\n|upkeep\n|turn|8\n|inactive|jd8erh has 30 seconds left.\n|\n|t:|1773487113\n|move|p1a: Landorus|Earth Power|p2b: Calyrex\n|-damage|p2b: Calyrex|6/100\n|move|p1b: Zamazenta|Body Press|p2b: Calyrex\n|-damage|p2b: Calyrex|0 fnt\n|faint|p2b: Calyrex\n|move|p2a: Grimmsnarl|Spirit Break|p1a: Landorus\n|-damage|p1a: Landorus|67/100\n|-unboost|p1a: Landorus|spa|1\n|\n|upkeep\n|\n|t:|1773487116\n|switch|p2b: Miraidon|Miraidon, L50|100/100\n|-fieldstart|move: Electric Terrain|[from] ability: Hadron Engine|[of] p2b: Miraidon\n|turn|9\n|\n|t:|1773487128\n|switch|p1a: Zacian|Zacian-Crowned, L50, tera:Ground|89/100 brn\n|move|p2b: Miraidon|Draco Meteor|p1a: Zacian\n|-damage|p1a: Zacian|3/100 brn\n|-unboost|p2b: Miraidon|spa|2\n|move|p1b: Zamazenta|Body Press|p2a: Grimmsnarl\n|-damage|p2a: Grimmsnarl|30/100\n|move|p2a: Grimmsnarl|Spirit Break|p1b: Zamazenta\n|-damage|p1b: Zamazenta|67/100 par\n|-unboost|p1b: Zamazenta|spa|1\n|\n|-damage|p1a: Zacian|0 fnt|[from] brn\n|faint|p1a: Zacian\n|upkeep\n|\n|t:|1773487138\n|switch|p1a: Landorus|Landorus, L50, M|67/100\n|turn|10\n|\n|t:|1773487147\n|move|p1a: Landorus|Protect|p1a: Landorus\n|-singleturn|p1a: Landorus|Protect\n|move|p2b: Miraidon|Draco Meteor|p1a: Landorus\n|-activate|p1a: Landorus|move: Protect\n|move|p1b: Zamazenta|Body Press|p2a: Grimmsnarl\n|-damage|p2a: Grimmsnarl|0 fnt\n|faint|p2a: Grimmsnarl\n|\n|upkeep\n|turn|11\n|\n|t:|1773487156\n|move|p2b: Miraidon|Draco Meteor|p1a: Landorus\n|-damage|p1a: Landorus|15/100\n|-unboost|p2b: Miraidon|spa|2\n|move|p1a: Landorus|Earth Power|p2b: Miraidon\n|-supereffective|p2b: Miraidon\n|-damage|p2b: Miraidon|25/100\n|move|p1b: Zamazenta|Body Press|p2b: Miraidon\n|-damage|p2b: Miraidon|0 fnt\n|faint|p2b: Miraidon\n|\n|win|Lacossg\n|raw|Lacossg's rating: 1522 &rarr; <strong>1542</strong><br />(+20 for winning)\n|raw|jd8erh's rating: 1525 &rarr; <strong>1505</strong><br />(-20 for losing)\n|l|\u2606jd8erh\n|player|p2|\n|l|\u2606Lacossg\n|player|p1|\n","uploadtime":1773487391,"views":19,"formatid":"gen9vgc2026regi","rating":1505,"private":0,"password":null}