{"id":"gen9vgc2026regi-2565180378","format":"[Gen 9] VGC 2026 Reg I","players":["lstdddsg","yetinator"],"log":"|j|\u2606lstdddsg\n|j|\u2606yetinator\n|t:|1774239335\n|gametype|doubles\n|player|p1|lstdddsg|riley|1400\n|player|p2|yetinator|shadowtriad|1330\n|gen|9\n|tier|[Gen 9] VGC 2026 Reg I\n|rated|\n|rule|Species Clause: Limit one of each Pok\u00e9mon\n|rule|Item Clause: Limit 1 of each item\n|clearpoke\n|poke|p1|Giratina-Origin, L50|\n|poke|p1|Zamazenta-*, L50|\n|poke|p1|Chien-Pao, L50|\n|poke|p1|Entei, L50|\n|poke|p1|Urshifu-*, L50, F|\n|poke|p1|Rillaboom, L50, M|\n|poke|p2|Incineroar, L50, F|\n|poke|p2|Calyrex-Ice, L50|\n|poke|p2|Rillaboom, L50, F|\n|poke|p2|Smeargle, L50, F|\n|poke|p2|Landorus, L50, M|\n|poke|p2|Koraidon, L50|\n|teampreview|4\n|inactive|Battle timer is ON: inactive players will automatically lose when time's up. (requested by yetinator)\n|inactive|lstdddsg also wants the timer to be on.\n|\n|t:|1774239355\n|teamsize|p1|4\n|teamsize|p2|4\n|start\n|switch|p1a: Entei|Entei, L50|100/100\n|switch|p1b: Chien-Pao|Chien-Pao, L50|100/100\n|switch|p2a: Calyrex|Calyrex-Ice, L50|100/100\n|switch|p2b: Incineroar|Incineroar, L50, F|100/100\n|-ability|p2a: Calyrex|As One\n|-ability|p2a: Calyrex|Unnerve\n|-ability|p1b: Chien-Pao|Sword of Ruin\n|-ability|p2b: Incineroar|Intimidate|boost\n|-fail|p1a: Entei|unboost|Attack|[from] ability: Inner Focus|[of] p1a: Entei\n|-unboost|p1b: Chien-Pao|atk|1\n|turn|1\n|\n|t:|1774239374\n|-terastallize|p1b: Chien-Pao|Ghost\n|-terastallize|p2a: Calyrex|Fairy\n|move|p2b: Incineroar|Fake Out|p1a: Entei\n|-damage|p1a: Entei|84/100\n|move|p1b: Chien-Pao|Ruination|p2a: Calyrex\n|-damage|p2a: Calyrex|51/100\n|move|p1a: Entei|Sacred Fire|p2a: Calyrex\n|-damage|p2a: Calyrex|0 fnt\n|faint|p2a: Calyrex\n|-damage|p1a: Entei|75/100|[from] item: Life Orb\n|\n|upkeep\n|\n|t:|1774239388\n|switch|p2a: Koraidon|Koraidon, L50|100/100\n|-weather|SunnyDay|[from] ability: Orichalcum Pulse|[of] p2a: Koraidon\n|-activate|p2a: Koraidon|Orichalcum Pulse|[source]\n|turn|2\n|inactive|lstdddsg has 30 seconds left.\n|\n|t:|1774239416\n|switch|p1b: Giratina|Giratina-Origin, L50|100/100\n|move|p1a: Entei|Protect|p1a: Entei\n|-singleturn|p1a: Entei|Protect\n|move|p2a: Koraidon|Low Kick|p1a: Entei\n|-activate|p1a: Entei|move: Protect\n|move|p2b: Incineroar|Knock Off|p1b: Giratina\n|-supereffective|p1b: Giratina\n|-damage|p1b: Giratina|55/100\n|\n|-weather|SunnyDay|[upkeep]\n|upkeep\n|turn|3\n|\n|t:|1774239435\n|move|p2a: Koraidon|Flare Blitz|p1b: Giratina\n|-resisted|p1b: Giratina\n|-crit|p1b: Giratina\n|-damage|p1b: Giratina|11/100\n|-damage|p2a: Koraidon|81/100|[from] Recoil\n|move|p1a: Entei|Stone Edge|p2b: Incineroar\n|-supereffective|p2b: Incineroar\n|-damage|p2b: Incineroar|13/100\n|-damage|p1a: Entei|65/100|[from] item: Life Orb\n|move|p1b: Giratina|Draco Meteor|p2a: Koraidon\n|-supereffective|p2a: Koraidon\n|-damage|p2a: Koraidon|0 fnt\n|-unboost|p1b: Giratina|spa|2\n|faint|p2a: Koraidon\n|move|p2b: Incineroar|Knock Off|p1b: Giratina\n|-supereffective|p1b: Giratina\n|-damage|p1b: Giratina|0 fnt\n|faint|p1b: Giratina\n|\n|-weather|SunnyDay|[upkeep]\n|upkeep\n|\n|t:|1774239456\n|switch|p2a: Landorus|Landorus, L50, M|100/100\n|switch|p1b: Chien-Pao|Chien-Pao, L50, tera:Ghost|100/100\n|-ability|p1b: Chien-Pao|Sword of Ruin\n|turn|4\n|\n|t:|1774239469\n|move|p2a: Landorus|Protect|p2a: Landorus\n|-singleturn|p2a: Landorus|Protect\n|move|p1a: Entei|Extreme Speed|p2b: Incineroar\n|-damage|p2b: Incineroar|0 fnt\n|faint|p2b: Incineroar\n|-damage|p1a: Entei|56/100|[from] item: Life Orb\n|move|p1b: Chien-Pao|Icicle Crash|p2a: Landorus\n|-activate|p2a: Landorus|move: Protect\n|\n|-weather|SunnyDay|[upkeep]\n|upkeep\n|turn|5\n|-message|yetinator forfeited.\n|\n|win|lstdddsg\n|raw|lstdddsg's rating: 1400 &rarr; <strong>1416</strong><br />(+16 for winning)\n|raw|yetinator's rating: 1330 &rarr; <strong>1314</strong><br />(-16 for losing)\n|l|\u2606yetinator\n|player|p2|\n|l|\u2606lstdddsg\n|player|p1|\n","uploadtime":1774239644,"views":11,"formatid":"gen9vgc2026regi","rating":1314,"private":0,"password":null}