{"id":"gen9vgc2026regi-2570739278","format":"[Gen 9] VGC 2026 Reg I","players":["Highkage2","Kwiper"],"log":"|j|\u203dHighkage2\n|j|\u2606Kwiper\n|t:|1774841725\n|gametype|doubles\n|player|p1|Highkage2|doubleteam|1649\n|player|p2|Kwiper|sycamore|1629\n|gen|9\n|tier|[Gen 9] VGC 2026 Reg I\n|rated|\n|rule|Species Clause: Limit one of each Pok\u00e9mon\n|rule|Item Clause: Limit 1 of each item\n|clearpoke\n|poke|p1|Incineroar, L50, M|\n|poke|p1|Calyrex-Ice, L50|\n|poke|p1|Miraidon, L50|\n|poke|p1|Iron Treads, L50|\n|poke|p1|Volcarona, L50, M|\n|poke|p1|Farigiraf, L50, F|\n|poke|p2|Koraidon, L50|\n|poke|p2|Lunala, L50|\n|poke|p2|Indeedee-F, L50, F|\n|poke|p2|Flutter Mane, L50|\n|poke|p2|Volcarona, L50, M|\n|poke|p2|Ursaluna, L50, F|\n|teampreview|4\n|inactive|Battle timer is ON: inactive players will automatically lose when time's up. (requested by Kwiper)\n|inactive|Highkage2 has 60 seconds left.\n|inactive|Kwiper has 60 seconds left.\n|\n|t:|1774841756\n|teamsize|p1|4\n|teamsize|p2|4\n|start\n|switch|p1a: Incineroar|Incineroar, L50, M|100/100\n|switch|p1b: Calyrex|Calyrex-Ice, L50|100/100\n|switch|p2a: Lunala|Lunala, L50, shiny|100/100\n|switch|p2b: Indeedee|Indeedee-F, L50, F|100/100\n|-ability|p1b: Calyrex|As One\n|-ability|p1b: Calyrex|Unnerve\n|-fieldstart|move: Psychic Terrain|[from] ability: Psychic Surge|[of] p2b: Indeedee\n|-ability|p1a: Incineroar|Intimidate|boost\n|-unboost|p2a: Lunala|atk|1\n|-unboost|p2b: Indeedee|atk|1\n|turn|1\n|\n|t:|1774841761\n|switch|p2b: Ursaluna|Ursaluna, L50, F|100/100\n|switch|p1a: Iron Treads|Iron Treads, L50|100/100\n|switch|p1b: Miraidon|Miraidon, L50|100/100\n|-fieldstart|move: Electric Terrain|[from] ability: Hadron Engine|[of] p1b: Miraidon\n|-activate|p1a: Iron Treads|ability: Quark Drive\n|-start|p1a: Iron Treads|quarkdrivespe\n|move|p2a: Lunala|Meteor Beam||[still]\n|-prepare|p2a: Lunala|Meteor Beam\n|-boost|p2a: Lunala|spa|1\n|-enditem|p2a: Lunala|Power Herb\n|-anim|p2a: Lunala|Meteor Beam|p1a: Iron Treads\n|-resisted|p1a: Iron Treads\n|-damage|p1a: Iron Treads|77/100\n|\n|-status|p2b: Ursaluna|brn|[from] item: Flame Orb\n|upkeep\n|turn|2\n|inactive|Highkage2 has 30 seconds left.\n|inactive|Highkage2 has 20 seconds left.\n|inactive|Highkage2 has 15 seconds left.\n|inactive|Highkage2 has 10 seconds left.\n|\n|t:|1774841809\n|move|p2a: Lunala|Wide Guard|p2a: Lunala\n|-singleturn|p2a: Lunala|Wide Guard\n|move|p1a: Iron Treads|High Horsepower|p2a: Lunala\n|-damage|p2a: Lunala|75/100\n|move|p1b: Miraidon|Volt Switch|p2a: Lunala\n|-damage|p2a: Lunala|12/100\n|\n|t:|1774841824\n|switch|p1b: Calyrex|Calyrex-Ice, L50|100/100|[from] Volt Switch\n|-ability|p1b: Calyrex|As One\n|-ability|p1b: Calyrex|Unnerve\n|move|p2b: Ursaluna|Earthquake|p1b: Calyrex|[spread] p1a,p1b\n|-activate|p2a: Lunala|move: Wide Guard\n|-supereffective|p1a: Iron Treads\n|-damage|p1a: Iron Treads|0 fnt\n|-damage|p1b: Calyrex|58/100\n|faint|p1a: Iron Treads\n|-end|p1a: Iron Treads|Quark Drive|[silent]\n|\n|-heal|p1b: Calyrex|64/100|[from] item: Leftovers\n|-damage|p2b: Ursaluna|95/100 brn|[from] brn\n|upkeep\n|\n|t:|1774841826\n|switch|p1a: Miraidon|Miraidon, L50|100/100\n|-activate|p1a: Miraidon|ability: Hadron Engine\n|turn|3\n|\n|t:|1774841847\n|-terastallize|p1b: Calyrex|Fairy\n|move|p2a: Lunala|Wide Guard|p2a: Lunala\n|-singleturn|p2a: Lunala|Wide Guard\n|move|p1a: Miraidon|Draco Meteor|p2b: Ursaluna\n|-damage|p2b: Ursaluna|0 fnt\n|-unboost|p1a: Miraidon|spa|2\n|faint|p2b: Ursaluna\n|move|p1b: Calyrex|Glacial Lance|p2a: Lunala\n|-activate|p2a: Lunala|move: Wide Guard\n|\n|-heal|p1b: Calyrex|70/100|[from] item: Leftovers\n|upkeep\n|\n|t:|1774841851\n|switch|p2b: Indeedee|Indeedee-F, L50, F|100/100\n|-fieldstart|move: Psychic Terrain|[from] ability: Psychic Surge|[of] p2b: Indeedee\n|turn|4\n|\n|t:|1774841873\n|switch|p1a: Incineroar|Incineroar, L50, M|100/100\n|-ability|p1a: Incineroar|Intimidate|boost\n|-unboost|p2a: Lunala|atk|1\n|-unboost|p2b: Indeedee|atk|1\n|switch|p2b: Koraidon|Koraidon, L50, shiny|100/100\n|-weather|SunnyDay|[from] ability: Orichalcum Pulse|[of] p2b: Koraidon\n|-activate|p2b: Koraidon|Orichalcum Pulse|[source]\n|move|p1b: Calyrex|Protect|p1b: Calyrex\n|-singleturn|p1b: Calyrex|Protect\n|move|p2a: Lunala|Expanding Force|p1a: Incineroar|[spread] \n|-activate|p1b: Calyrex|move: Protect\n|-immune|p1a: Incineroar\n|\n|-weather|SunnyDay|[upkeep]\n|-heal|p1b: Calyrex|76/100|[from] item: Leftovers\n|upkeep\n|turn|5\n|inactive|Highkage2 has 30 seconds left.\n|\n|t:|1774841904\n|switch|p1b: Miraidon|Miraidon, L50|100/100\n|-fieldstart|move: Electric Terrain|[from] ability: Hadron Engine|[of] p1b: Miraidon\n|-terastallize|p2b: Koraidon|Fire\n|move|p1a: Incineroar|Fake Out|p2b: Koraidon\n|-damage|p2b: Koraidon|90/100\n|cant|p2b: Koraidon|flinch\n|move|p2a: Lunala|Expanding Force|p1a: Incineroar\n|-immune|p1a: Incineroar\n|\n|-weather|SunnyDay|[upkeep]\n|upkeep\n|turn|6\n|inactive|Highkage2 has 30 seconds left.\n|\n|t:|1774841933\n|switch|p2a: Indeedee|Indeedee-F, L50, F|100/100\n|-fieldstart|move: Psychic Terrain|[from] ability: Psychic Surge|[of] p2a: Indeedee\n|move|p2b: Koraidon|Close Combat|p1b: Miraidon\n|-damage|p1b: Miraidon|0 fnt\n|-unboost|p2b: Koraidon|def|1\n|-unboost|p2b: Koraidon|spd|1\n|faint|p1b: Miraidon\n|-damage|p2b: Koraidon|80/100|[from] item: Life Orb\n|move|p1a: Incineroar|U-turn|p2a: Indeedee\n|-supereffective|p2a: Indeedee\n|-damage|p2a: Indeedee|65/100\n|\n|t:|1774841941\n|switch|p1a: Calyrex|Calyrex-Ice, L50, tera:Fairy|76/100|[from] U-turn\n|-ability|p1a: Calyrex|As One\n|-ability|p1a: Calyrex|Unnerve\n|\n|-weather|SunnyDay|[upkeep]\n|-heal|p1a: Calyrex|82/100|[from] item: Leftovers\n|upkeep\n|\n|t:|1774841944\n|switch|p1b: Incineroar|Incineroar, L50, M|100/100\n|-ability|p1b: Incineroar|Intimidate|boost\n|-unboost|p2a: Indeedee|atk|1\n|-unboost|p2b: Koraidon|atk|1\n|turn|7\n|inactive|Highkage2 has 30 seconds left.\n|\n|t:|1774841972\n|move|p2a: Indeedee|Helping Hand|p2b: Koraidon\n|-singleturn|p2b: Koraidon|Helping Hand|[of] p2a: Indeedee\n|move|p2b: Koraidon|Flare Blitz|p1a: Calyrex\n|-damage|p1a: Calyrex|0 fnt\n|faint|p1a: Calyrex\n|-damage|p2b: Koraidon|48/100|[from] Recoil\n|-damage|p2b: Koraidon|39/100|[from] item: Life Orb\n|move|p1b: Incineroar|Flare Blitz|p2b: Koraidon\n|-resisted|p2b: Koraidon\n|-damage|p2b: Koraidon|0 fnt\n|faint|p2b: Koraidon\n|-damage|p1b: Incineroar|90/100|[from] Recoil\n|\n|-weather|SunnyDay|[upkeep]\n|upkeep\n|\n|t:|1774841976\n|switch|p2b: Lunala|Lunala, L50, shiny|12/100\n|turn|8\n|\n|t:|1774841982\n|move|p2a: Indeedee|Follow Me|p2a: Indeedee\n|-singleturn|p2a: Indeedee|move: Follow Me\n|move|p2b: Lunala|Meteor Beam||[still]\n|-prepare|p2b: Lunala|Meteor Beam\n|-boost|p2b: Lunala|spa|1\n|move|p1b: Incineroar|Flare Blitz|p2a: Indeedee\n|-damage|p2a: Indeedee|0 fnt\n|faint|p2a: Indeedee\n|-damage|p1b: Incineroar|71/100|[from] Recoil\n|\n|-weather|none\n|upkeep\n|turn|9\n|\n|t:|1774841988\n|move|p2b: Lunala|Meteor Beam|p1b: Incineroar|[from] lockedmove\n|-supereffective|p1b: Incineroar\n|-damage|p1b: Incineroar|0 fnt\n|faint|p1b: Incineroar\n|\n|win|Kwiper\n|raw|Highkage2's rating: 1649 &rarr; <strong>1628</strong><br />(-21 for losing)\n|raw|Kwiper's rating: 1629 &rarr; <strong>1650</strong><br />(+21 for winning)\n","uploadtime":1774841989,"views":41,"formatid":"gen9vgc2026regi","rating":1628,"private":0,"password":null}