{"id":"gen9vgc2026regi-2562570401","format":"[Gen 9] VGC 2026 Reg I","players":["thomnahs","I\u2764\ufe0f\u5a1c\u7984Forever"],"log":"|j|\u2606thomnahs\n|j|\u2606I\u2764\ufe0f\u5a1c\u7984Forever\n|t:|1773931227\n|gametype|doubles\n|player|p1|thomnahs|266|1373\n|player|p2|I\u2764\ufe0f\u5a1c\u7984Forever|youngcouple-gen4dp|1407\n|gen|9\n|tier|[Gen 9] VGC 2026 Reg I\n|rated|\n|rule|Species Clause: Limit one of each Pok\u00e9mon\n|rule|Item Clause: Limit 1 of each item\n|clearpoke\n|poke|p1|Incineroar, L50, F|\n|poke|p1|Landorus, L50, M|\n|poke|p1|Calyrex-Shadow, L50|\n|poke|p1|Koraidon, L50|\n|poke|p1|Brute Bonnet, L50|\n|poke|p1|Raging Bolt, L50|\n|poke|p2|Groudon, L50|\n|poke|p2|Kyurem-White, L50|\n|poke|p2|Heatran, L50, F|\n|poke|p2|Whimsicott, L50, M|\n|poke|p2|Roaring Moon, L50|\n|poke|p2|Ditto, L50|\n|teampreview|4\n|inactive|Battle timer is ON: inactive players will automatically lose when time's up. (requested by thomnahs)\n|inactive|thomnahs has 60 seconds left.\n|\n|t:|1773931261\n|teamsize|p1|4\n|teamsize|p2|4\n|start\n|switch|p1a: Koraidon|Koraidon, L50|100/100\n|switch|p1b: Kareem|Incineroar, L50, F|100/100\n|switch|p2a: Whimsicott|Whimsicott, L50, M|100/100\n|switch|p2b: Kyurem|Kyurem-White, L50|100/100\n|-weather|SunnyDay|[from] ability: Orichalcum Pulse|[of] p1a: Koraidon\n|-activate|p1a: Koraidon|Orichalcum Pulse|[source]\n|-ability|p2b: Kyurem|Turboblaze\n|-ability|p1b: Kareem|Intimidate|boost\n|-unboost|p2a: Whimsicott|atk|1\n|-unboost|p2b: Kyurem|atk|1\n|turn|1\n|\n|t:|1773931276\n|-terastallize|p1a: Koraidon|Fire\n|move|p1b: Kareem|Fake Out|p2b: Kyurem\n|-damage|p2b: Kyurem|92/100\n|move|p2a: Whimsicott|Tailwind|p2a: Whimsicott\n|-sidestart|p2: I\u2764\ufe0f\u5a1c\u7984Forever|move: Tailwind\n|cant|p2b: Kyurem|flinch\n|move|p1a: Koraidon|Flame Charge|p2a: Whimsicott\n|-supereffective|p2a: Whimsicott\n|-enditem|p2a: Whimsicott|Focus Sash\n|-damage|p2a: Whimsicott|1/100\n|-boost|p1a: Koraidon|spe|1\n|\n|-weather|SunnyDay|[upkeep]\n|upkeep\n|turn|2\n|inactive|thomnahs has 30 seconds left.\n|\n|t:|1773931301\n|move|p2a: Whimsicott|Endeavor|p1a: Koraidon\n|-damage|p1a: Koraidon|1/100\n|move|p1a: Koraidon|Collision Course|p2b: Kyurem\n|-supereffective|p2b: Kyurem\n|-damage|p2b: Kyurem|0 fnt\n|faint|p2b: Kyurem\n|move|p1b: Kareem|Knock Off|p2a: Whimsicott\n|-resisted|p2a: Whimsicott\n|-damage|p2a: Whimsicott|0 fnt\n|faint|p2a: Whimsicott\n|\n|-weather|SunnyDay|[upkeep]\n|upkeep\n|\n|t:|1773931316\n|switch|p2a: Groudon|Groudon, L50|100/100\n|switch|p2b: Ditto|Ditto, L50|100/100\n|-transform|p2b: Ditto|p1a: Koraidon|[from] ability: Imposter\n|-activate|p2b: Ditto|ability: Orichalcum Pulse\n|-start|p2b: Ditto|typechange|Fighting/Dragon|[silent]\n|turn|3\n|inactive|I\u2764\ufe0f\u5a1c\u7984Forever has 30 seconds left.\n|\n|t:|1773931343\n|switch|p1b: Brute Bonnet|Brute Bonnet, L50|100/100\n|-activate|p1b: Brute Bonnet|ability: Protosynthesis\n|-start|p1b: Brute Bonnet|protosynthesisdef\n|move|p1a: Koraidon|Protect|p1a: Koraidon\n|-singleturn|p1a: Koraidon|Protect\n|move|p2b: Ditto|Flame Charge|p1a: Koraidon\n|-activate|p1a: Koraidon|move: Protect\n|move|p2a: Groudon|Precipice Blades|p1b: Brute Bonnet|[spread] p1b\n|-activate|p1a: Koraidon|move: Protect\n|-resisted|p1b: Brute Bonnet\n|-damage|p1b: Brute Bonnet|87/100\n|\n|-weather|SunnyDay|[upkeep]\n|upkeep\n|turn|4\n|inactive|thomnahs has 30 seconds left.\n|inactive|I\u2764\ufe0f\u5a1c\u7984Forever has 30 seconds left.\n|\n|t:|1773931372\n|switch|p1a: Kareem|Incineroar, L50, F|100/100\n|-ability|p1a: Kareem|Intimidate|boost\n|-unboost|p2a: Groudon|atk|1\n|-unboost|p2b: Ditto|atk|1\n|-terastallize|p2a: Groudon|Water\n|move|p2b: Ditto|Collision Course|p1b: Brute Bonnet\n|-supereffective|p1b: Brute Bonnet\n|-damage|p1b: Brute Bonnet|23/100\n|move|p2a: Groudon|Precipice Blades|p1a: Kareem|[spread] p1b\n|-miss|p2a: Groudon|p1a: Kareem\n|-resisted|p1b: Brute Bonnet\n|-damage|p1b: Brute Bonnet|14/100\n|move|p1b: Brute Bonnet|Spore|p2b: Ditto\n|-status|p2b: Ditto|slp|[from] move: Spore\n|\n|-weather|SunnyDay|[upkeep]\n|-sideend|p2: I\u2764\ufe0f\u5a1c\u7984Forever|move: Tailwind\n|upkeep\n|turn|5\n|inactive|thomnahs has 30 seconds left.\n|inactive|I\u2764\ufe0f\u5a1c\u7984Forever has 30 seconds left.\n|\n|t:|1773931403\n|cant|p2b: Ditto|slp\n|move|p2a: Groudon|Precipice Blades|p1a: Kareem|[spread] p1a,p1b\n|-supereffective|p1a: Kareem\n|-resisted|p1b: Brute Bonnet\n|-crit|p1b: Brute Bonnet\n|-damage|p1a: Kareem|50/100\n|-damage|p1b: Brute Bonnet|0 fnt\n|faint|p1b: Brute Bonnet\n|-end|p1b: Brute Bonnet|Protosynthesis|[silent]\n|move|p1a: Kareem|Knock Off|p2b: Ditto\n|-resisted|p2b: Ditto\n|-damage|p2b: Ditto|82/100 slp\n|-enditem|p2b: Ditto|Bright Powder|[from] move: Knock Off|[of] p1a: Kareem\n|\n|-weather|none\n|upkeep\n|\n|t:|1773931411\n|switch|p1b: Calyrex|Calyrex-Shadow, L50|100/100\n|-ability|p1b: Calyrex|As One\n|-ability|p1b: Calyrex|Unnerve\n|turn|6\n|\n|t:|1773931423\n|move|p1a: Kareem|Helping Hand|p1b: Calyrex\n|-singleturn|p1b: Calyrex|Helping Hand|[of] p1a: Kareem\n|cant|p2b: Ditto|slp\n|move|p1b: Calyrex|Astral Barrage|p2a: Groudon|[spread] p2a,p2b\n|-damage|p2a: Groudon|51/100\n|-damage|p2b: Ditto|0 fnt\n|faint|p2b: Ditto\n|-ability|p1b: Calyrex|Grim Neigh|boost\n|-boost|p1b: Calyrex|spa|1\n|move|p2a: Groudon|Crunch|p1b: Calyrex\n|-supereffective|p1b: Calyrex\n|-enditem|p1b: Calyrex|Focus Sash\n|-damage|p1b: Calyrex|1/100\n|\n|upkeep\n|turn|7\n|\n|t:|1773931441\n|move|p1a: Kareem|Helping Hand|p1b: Calyrex\n|-singleturn|p1b: Calyrex|Helping Hand|[of] p1a: Kareem\n|move|p1b: Calyrex|Astral Barrage|p2a: Groudon\n|-damage|p2a: Groudon|0 fnt\n|faint|p2a: Groudon\n|\n|win|thomnahs\n|raw|thomnahs's rating: 1373 &rarr; <strong>1395</strong><br />(+22 for winning)\n|raw|I\u2764\ufe0f\u5a1c\u7984Forever's rating: 1407 &rarr; <strong>1385</strong><br />(-22 for losing)\n|l|\u2606I\u2764\ufe0f\u5a1c\u7984Forever\n|player|p2|\n|l|\u2606thomnahs\n|player|p1|\n","uploadtime":1773931623,"views":13,"formatid":"gen9vgc2026regi","rating":1385,"private":0,"password":null}