{"id":"gen9vgc2026regi-2558689196","format":"[Gen 9] VGC 2026 Reg I","players":["Darknight675","ArisHazard"],"log":"|j|\u203dDarknight675\n|j|\u2606ArisHazard\n|t:|1773463965\n|gametype|doubles\n|player|p1|Darknight675|morty|1354\n|player|p2|ArisHazard|102|1377\n|gen|9\n|tier|[Gen 9] VGC 2026 Reg I\n|rated|\n|rule|Species Clause: Limit one of each Pok\u00e9mon\n|rule|Item Clause: Limit 1 of each item\n|clearpoke\n|poke|p1|Calyrex-Ice, L50|\n|poke|p1|Miraidon, L50|\n|poke|p1|Grimmsnarl, L50, M|\n|poke|p1|Urshifu-*, L50, F|\n|poke|p1|Incineroar, L50, F|\n|poke|p1|Landorus, L50, M|\n|poke|p2|Calyrex-Ice, L50|\n|poke|p2|Hitmontop, L50, M|\n|poke|p2|Miraidon, L50|\n|poke|p2|Sableye, L50, F|\n|poke|p2|Ting-Lu, L50|\n|poke|p2|Iron Valiant, L50|\n|teampreview|4\n|inactive|Battle timer is ON: inactive players will automatically lose when time's up. (requested by ArisHazard)\n|\n|t:|1773464007\n|teamsize|p1|4\n|teamsize|p2|4\n|start\n|switch|p1a: Miraidon|Miraidon, L50|100/100\n|switch|p1b: Grimmsnarl|Grimmsnarl, L50, M|100/100\n|switch|p2a: Calyrex|Calyrex-Ice, L50|100/100\n|switch|p2b: Sableye|Sableye, L50, F|100/100\n|-ability|p2a: Calyrex|As One\n|-ability|p2a: Calyrex|Unnerve\n|-fieldstart|move: Electric Terrain|[from] ability: Hadron Engine|[of] p1a: Miraidon\n|turn|1\n|\n|t:|1773464026\n|switch|p1a: Calyrex|Calyrex-Ice, L50|100/100\n|-ability|p1a: Calyrex|As One\n|-ability|p1a: Calyrex|Unnerve\n|move|p2b: Sableye|Protect|p2b: Sableye\n|-singleturn|p2b: Sableye|Protect\n|move|p2a: Calyrex|Protect|p2a: Calyrex\n|-singleturn|p2a: Calyrex|Protect\n|move|p1b: Grimmsnarl|Reflect|p1b: Grimmsnarl\n|-sidestart|p1: Darknight675|Reflect\n|\n|upkeep\n|turn|2\n|\n|t:|1773464043\n|-terastallize|p2a: Calyrex|Fire\n|move|p1b: Grimmsnarl|Thunder Wave|p2a: Calyrex\n|-status|p2a: Calyrex|par\n|move|p1a: Calyrex|Leech Seed|p2a: Calyrex\n|-start|p2a: Calyrex|move: Leech Seed\n|move|p2b: Sableye|Foul Play|p1a: Calyrex\n|-supereffective|p1a: Calyrex\n|-damage|p1a: Calyrex|56/100\n|move|p2a: Calyrex|Glacial Lance|p1a: Calyrex|[spread] p1a,p1b\n|-resisted|p1a: Calyrex\n|-damage|p1a: Calyrex|44/100\n|-damage|p1b: Grimmsnarl|61/100\n|\n|-heal|p1a: Calyrex|50/100|[from] item: Leftovers\n|-damage|p2a: Calyrex|88/100 par|[from] Leech Seed|[of] p1a: Calyrex\n|-heal|p1a: Calyrex|62/100|[silent]\n|upkeep\n|turn|3\n|\n|t:|1773464063\n|switch|p2a: Hitmontop|Hitmontop, L50, M|100/100\n|-ability|p2a: Hitmontop|Intimidate|boost\n|-unboost|p1a: Calyrex|atk|1\n|-unboost|p1b: Grimmsnarl|atk|1\n|move|p1a: Calyrex|Protect|p1a: Calyrex\n|-singleturn|p1a: Calyrex|Protect\n|move|p1b: Grimmsnarl|Light Screen|p1b: Grimmsnarl\n|-sidestart|p1: Darknight675|move: Light Screen\n|move|p2b: Sableye|Encore|p1a: Calyrex\n|-activate|p1a: Calyrex|move: Protect\n|\n|-heal|p1a: Calyrex|68/100|[from] item: Leftovers\n|upkeep\n|turn|4\n|\n|t:|1773464077\n|switch|p2a: Calyrex|Calyrex-Ice, L50, tera:Fire|88/100 par\n|-ability|p2a: Calyrex|As One\n|-ability|p2a: Calyrex|Unnerve\n|switch|p1a: Miraidon|Miraidon, L50|100/100\n|-activate|p1a: Miraidon|ability: Hadron Engine\n|move|p2b: Sableye|Encore||[still]\n|-fail|p2b: Sableye\n|move|p1b: Grimmsnarl|Spirit Break|p2a: Calyrex\n|-resisted|p2a: Calyrex\n|-damage|p2a: Calyrex|82/100 par\n|\n|upkeep\n|turn|5\n|\n|t:|1773464098\n|move|p1a: Miraidon|Volt Switch|p2a: Calyrex\n|-damage|p2a: Calyrex|24/100 par\n|\n|t:|1773464101\n|switch|p1a: Calyrex|Calyrex-Ice, L50|68/100|[from] Volt Switch\n|-ability|p1a: Calyrex|As One\n|-ability|p1a: Calyrex|Unnerve\n|move|p1b: Grimmsnarl|Spirit Break|p2b: Sableye\n|-supereffective|p2b: Sableye\n|-damage|p2b: Sableye|51/100\n|-unboost|p2b: Sableye|spa|1\n|move|p2b: Sableye|Foul Play|p1a: Calyrex\n|-supereffective|p1a: Calyrex\n|-damage|p1a: Calyrex|17/100\n|move|p2a: Calyrex|Glacial Lance|p1a: Calyrex|[spread] p1a,p1b\n|-resisted|p1a: Calyrex\n|-damage|p1a: Calyrex|5/100\n|-damage|p1b: Grimmsnarl|16/100\n|\n|-heal|p1a: Calyrex|11/100|[from] item: Leftovers\n|-fieldend|move: Electric Terrain\n|upkeep\n|turn|6\n|\n|t:|1773464124\n|move|p2b: Sableye|Protect|p2b: Sableye\n|-singleturn|p2b: Sableye|Protect\n|move|p1b: Grimmsnarl|Spirit Break|p2b: Sableye\n|-activate|p2b: Sableye|move: Protect\n|move|p1a: Calyrex|Leech Seed|p2a: Calyrex\n|-start|p2a: Calyrex|move: Leech Seed\n|cant|p2a: Calyrex|par\n|\n|-heal|p1a: Calyrex|17/100|[from] item: Leftovers\n|-damage|p2a: Calyrex|11/100 par|[from] Leech Seed|[of] p1a: Calyrex\n|-heal|p1a: Calyrex|29/100|[silent]\n|upkeep\n|turn|7\n|\n|t:|1773464141\n|switch|p2a: Hitmontop|Hitmontop, L50, M|100/100\n|-ability|p2a: Hitmontop|Intimidate|boost\n|-unboost|p1a: Calyrex|atk|1\n|-unboost|p1b: Grimmsnarl|atk|1\n|move|p1a: Calyrex|Protect|p1a: Calyrex\n|-singleturn|p1a: Calyrex|Protect\n|move|p2b: Sableye|Encore|p1a: Calyrex\n|-activate|p1a: Calyrex|move: Protect\n|move|p1b: Grimmsnarl|Spirit Break|p2b: Sableye\n|-supereffective|p2b: Sableye\n|-damage|p2b: Sableye|13/100\n|-unboost|p2b: Sableye|spa|1\n|\n|-heal|p1a: Calyrex|34/100|[from] item: Leftovers\n|upkeep\n|turn|8\n|inactive|ArisHazard has 30 seconds left.\n|\n|t:|1773464167\n|switch|p1a: Miraidon|Miraidon, L50|100/100\n|-enditem|p2b: Sableye|Sitrus Berry|[eat]\n|-heal|p2b: Sableye|37/100|[from] item: Sitrus Berry\n|-fieldstart|move: Electric Terrain|[from] ability: Hadron Engine|[of] p1a: Miraidon\n|move|p2a: Hitmontop|Fake Out|p1b: Grimmsnarl\n|-damage|p1b: Grimmsnarl|10/100\n|cant|p1b: Grimmsnarl|flinch\n|move|p2b: Sableye|Foul Play|p1a: Miraidon\n|-damage|p1a: Miraidon|85/100\n|\n|-sideend|p1: Darknight675|Reflect\n|upkeep\n|turn|9\n|\n|t:|1773464184\n|move|p2b: Sableye|Protect|p2b: Sableye\n|-singleturn|p2b: Sableye|Protect\n|move|p1b: Grimmsnarl|Reflect|p1b: Grimmsnarl\n|-sidestart|p1: Darknight675|Reflect\n|move|p1a: Miraidon|Dazzling Gleam|p2b: Sableye|[spread] p2a\n|-activate|p2b: Sableye|move: Protect\n|-supereffective|p2a: Hitmontop\n|-damage|p2a: Hitmontop|34/100\n|move|p2a: Hitmontop|Close Combat|p1b: Grimmsnarl\n|-damage|p1b: Grimmsnarl|0 fnt\n|-unboost|p2a: Hitmontop|def|1\n|-unboost|p2a: Hitmontop|spd|1\n|faint|p1b: Grimmsnarl\n|\n|upkeep\n|\n|t:|1773464192\n|switch|p1b: Calyrex|Calyrex-Ice, L50|34/100\n|-ability|p1b: Calyrex|As One\n|-ability|p1b: Calyrex|Unnerve\n|turn|10\n|\n|t:|1773464205\n|move|p1b: Calyrex|Protect|p1b: Calyrex\n|-singleturn|p1b: Calyrex|Protect\n|move|p2a: Hitmontop|Wide Guard|p2a: Hitmontop\n|-singleturn|p2a: Hitmontop|Wide Guard\n|move|p2b: Sableye|Disable|p1a: Miraidon\n|-start|p1a: Miraidon|Disable|Dazzling Gleam\n|cant|p1a: Miraidon|Disable|Dazzling Gleam\n|\n|-heal|p1b: Calyrex|40/100|[from] item: Leftovers\n|-sideend|p1: Darknight675|move: Light Screen\n|upkeep\n|turn|11\n|j| VivPlays\n|\n|t:|1773464226\n|switch|p1a: Urshifu|Urshifu-Rapid-Strike, L50, F|100/100\n|switch|p2a: Calyrex|Calyrex-Ice, L50, tera:Fire|11/100 par\n|-ability|p2a: Calyrex|As One\n|-ability|p2a: Calyrex|Unnerve\n|-terastallize|p1b: Calyrex|Water\n|move|p2b: Sableye|Encore|p1b: Calyrex\n|-start|p1b: Calyrex|Encore\n|move|p1b: Calyrex|Protect||[still]\n|-fail|p1b: Calyrex\n|\n|-heal|p1b: Calyrex|46/100|[from] item: Leftovers\n|upkeep\n|turn|12\n|\n|t:|1773464245\n|switch|p1b: Miraidon|Miraidon, L50|85/100\n|-activate|p1b: Miraidon|ability: Hadron Engine\n|move|p1a: Urshifu|Surging Strikes|p2a: Calyrex\n|-supereffective|p2a: Calyrex\n|-crit|p2a: Calyrex\n|-damage|p2a: Calyrex|0 fnt\n|faint|p2a: Calyrex\n|-hitcount|p2: Calyrex|1\n|move|p2b: Sableye|Foul Play|p1b: Miraidon\n|-damage|p1b: Miraidon|69/100\n|\n|-fieldend|move: Electric Terrain\n|upkeep\n|-message|ArisHazard forfeited.\n|\n|win|Darknight675\n|raw|Darknight675's rating: 1354 &rarr; <strong>1375</strong><br />(+21 for winning)\n|raw|ArisHazard's rating: 1377 &rarr; <strong>1356</strong><br />(-21 for losing)\n|l|\u2606ArisHazard\n|player|p2|\n|l|\u203dDarknight675\n|player|p1|\n|l| VivPlays\n|j| VivPlays\n|l| VivPlays\n","uploadtime":1773464524,"views":13,"formatid":"gen9vgc2026regi","rating":1356,"private":0,"password":null}