{"id":"gen9vgc2026regi-2513994276","format":"[Gen 9] VGC 2026 Reg I","players":["Zordor","bullgod4ever"],"log":"|j|\u2606Zordor\n|j|\u2606bullgod4ever\n|t:|1767807501\n|gametype|doubles\n|player|p1|Zordor|pilot|1197\n|player|p2|bullgod4ever|2|1272\n|gen|9\n|tier|[Gen 9] VGC 2026 Reg I\n|rated|\n|rule|Species Clause: Limit one of each Pok\u00e9mon\n|rule|Item Clause: Limit 1 of each item\n|clearpoke\n|poke|p1|Entei, L50|\n|poke|p1|Walking Wake, L50|\n|poke|p1|Zacian-*, L50|\n|poke|p1|Groudon, L50|\n|poke|p1|Rillaboom, L50, M|\n|poke|p1|Raging Bolt, L50|\n|poke|p2|Calyrex-Shadow, L50|\n|poke|p2|Zamazenta-*, L50|\n|poke|p2|Chien-Pao, L50|\n|poke|p2|Dragonite, L50, F|\n|poke|p2|Amoonguss, L50, M|\n|poke|p2|Ogerpon-Cornerstone, L50, F|\n|teampreview|4\n|inactive|Battle timer is ON: inactive players will automatically lose when time's up. (requested by bullgod4ever)\n|\n|t:|1767807560\n|teamsize|p1|4\n|teamsize|p2|4\n|start\n|switch|p1a: Entei|Entei, L50|100/100\n|switch|p1b: Zacian|Zacian-Crowned, L50|100/100\n|switch|p2a: Calyrex|Calyrex-Shadow, L50|100/100\n|switch|p2b: Zamazenta|Zamazenta-Crowned, L50|100/100\n|-ability|p2a: Calyrex|As One\n|-ability|p2a: Calyrex|Unnerve\n|-ability|p1b: Zacian|Intrepid Sword|boost\n|-boost|p1b: Zacian|atk|1\n|-ability|p2b: Zamazenta|Dauntless Shield|boost\n|-boost|p2b: Zamazenta|def|1\n|turn|1\n|\n|t:|1767807582\n|-terastallize|p2a: Calyrex|Ghost\n|move|p1b: Zacian|Protect|p1b: Zacian\n|-singleturn|p1b: Zacian|Protect\n|move|p1a: Entei|Protect|p1a: Entei\n|-singleturn|p1a: Entei|Protect\n|move|p2a: Calyrex|Astral Barrage|p1a: Entei|[spread] \n|-activate|p1a: Entei|move: Protect\n|-activate|p1b: Zacian|move: Protect\n|move|p2b: Zamazenta|Body Press|p1b: Zacian\n|-activate|p1b: Zacian|move: Protect\n|\n|upkeep\n|turn|2\n|\n|t:|1767807599\n|move|p2a: Calyrex|Astral Barrage|p1b: Zacian|[spread] p1a,p1b\n|-damage|p1a: Entei|26/100\n|-damage|p1b: Zacian|40/100\n|move|p1b: Zacian|Behemoth Blade|p2a: Calyrex\n|-enditem|p2a: Calyrex|Focus Sash\n|-damage|p2a: Calyrex|1/100\n|move|p2b: Zamazenta|Body Press|p1a: Entei\n|-damage|p1a: Entei|0 fnt\n|faint|p1a: Entei\n|\n|upkeep\n|j| gnubge\n|\n|t:|1767807609\n|switch|p1a: Walking Wake|Walking Wake, L50|100/100\n|-enditem|p1a: Walking Wake|Booster Energy\n|-activate|p1a: Walking Wake|ability: Protosynthesis|[fromitem]\n|-start|p1a: Walking Wake|protosynthesisspe\n|turn|3\n|\n|t:|1767807629\n|-terastallize|p1a: Walking Wake|Ghost\n|move|p2a: Calyrex|Protect|p2a: Calyrex\n|-singleturn|p2a: Calyrex|Protect\n|move|p1a: Walking Wake|Hydro Steam|p2a: Calyrex\n|-activate|p2a: Calyrex|move: Protect\n|move|p1b: Zacian|Sacred Sword|p2b: Zamazenta\n|-supereffective|p2b: Zamazenta\n|-damage|p2b: Zamazenta|41/100\n|move|p2b: Zamazenta|Body Press|p1a: Walking Wake\n|-immune|p1a: Walking Wake\n|\n|upkeep\n|turn|4\n|inactive|bullgod4ever has 30 seconds left.\n|inactive|bullgod4ever has 20 seconds left.\n|inactive|bullgod4ever has 15 seconds left.\n|\n|t:|1767807672\n|move|p2b: Zamazenta|Protect|p2b: Zamazenta\n|-singleturn|p2b: Zamazenta|Protect\n|move|p1a: Walking Wake|Hydro Steam|p2a: Calyrex\n|-damage|p2a: Calyrex|0 fnt\n|faint|p2a: Calyrex\n|move|p1b: Zacian|Sacred Sword|p2b: Zamazenta\n|-activate|p2b: Zamazenta|move: Protect\n|\n|upkeep\n|\n|t:|1767807683\n|switch|p2a: Chien-Pao|Chien-Pao, L50|100/100\n|-ability|p2a: Chien-Pao|Sword of Ruin\n|turn|5\n|\n|t:|1767807702\n|move|p2a: Chien-Pao|Sucker Punch|p1a: Walking Wake\n|-supereffective|p1a: Walking Wake\n|-damage|p1a: Walking Wake|17/100\n|move|p1a: Walking Wake|Hydro Steam|p2a: Chien-Pao\n|-damage|p2a: Chien-Pao|66/100\n|move|p1b: Zacian|Sacred Sword|p2b: Zamazenta\n|-supereffective|p2b: Zamazenta\n|-damage|p2b: Zamazenta|0 fnt\n|faint|p2b: Zamazenta\n|\n|upkeep\n|\n|t:|1767807714\n|switch|p2b: Dragonite|Dragonite, L50, F|100/100\n|turn|6\n|inactive|bullgod4ever has 30 seconds left.\n|\n|t:|1767807751\n|move|p2b: Dragonite|Extreme Speed|p1b: Zacian\n|-resisted|p1b: Zacian\n|-damage|p1b: Zacian|12/100\n|move|p2a: Chien-Pao|Ice Shard|p1a: Walking Wake\n|-damage|p1a: Walking Wake|0 fnt\n|faint|p1a: Walking Wake\n|-end|p1a: Walking Wake|Protosynthesis|[silent]\n|move|p1b: Zacian|Play Rough|p2b: Dragonite\n|-supereffective|p2b: Dragonite\n|-damage|p2b: Dragonite|0 fnt\n|faint|p2b: Dragonite\n|\n|upkeep\n|\n|t:|1767807757\n|switch|p1a: Groudon|Groudon, L50|100/100\n|-weather|SunnyDay|[from] ability: Drought|[of] p1a: Groudon\n|turn|7\n|l| gnubge\n|\n|t:|1767807771\n|move|p1b: Zacian|Behemoth Blade|p2a: Chien-Pao\n|-supereffective|p2a: Chien-Pao\n|-damage|p2a: Chien-Pao|0 fnt\n|faint|p2a: Chien-Pao\n|\n|win|Zordor\n|raw|Zordor's rating: 1197 &rarr; <strong>1227</strong><br />(+30 for winning)\n|raw|bullgod4ever's rating: 1272 &rarr; <strong>1242</strong><br />(-30 for losing)\n|l|\u2606bullgod4ever\n|player|p2|\n","uploadtime":1767807918,"views":14,"formatid":"gen9vgc2026regi","rating":1227,"private":0,"password":null}