{"id":"gen9vgc2026regi-2559153095","format":"[Gen 9] VGC 2026 Reg I","players":["KUTF1","b3testing"],"log":"|j|\u2606KUTF1\n|j|\u2606b3testing\n|t:|1773526511\n|gametype|doubles\n|player|p1|KUTF1|iris-gen5bw2|1392\n|player|p2|b3testing|266|1556\n|gen|9\n|tier|[Gen 9] VGC 2026 Reg I\n|rated|\n|rule|Species Clause: Limit one of each Pok\u00e9mon\n|rule|Item Clause: Limit 1 of each item\n|clearpoke\n|poke|p1|Terapagos, L50, M|\n|poke|p1|Whimsicott, L50, M|\n|poke|p1|Zamazenta-*, L50|\n|poke|p1|Zoroark-Hisui, L50, M|\n|poke|p1|Kingambit, L50, F|\n|poke|p1|Chi-Yu, L50|\n|poke|p2|Terapagos, L50, M|\n|poke|p2|Calyrex-Shadow, L50|\n|poke|p2|Incineroar, L50, M|\n|poke|p2|Amoonguss, L50, M|\n|poke|p2|Tornadus, L50, M|\n|poke|p2|Smeargle, L50, M|\n|teampreview|4\n|inactive|Battle timer is ON: inactive players will automatically lose when time's up. (requested by b3testing)\n|inactive|KUTF1 also wants the timer to be on.\n|\n|t:|1773526526\n|teamsize|p1|4\n|teamsize|p2|4\n|start\n|switch|p1a: The Solar Flare|Chi-Yu, L50|100/100\n|switch|p1b: The Darkest Day|Whimsicott, L50, M, shiny|100/100\n|switch|p2a: Tornadus|Tornadus, L50, M|100/100\n|switch|p2b: Smeargle|Smeargle, L50, M|100/100\n|-ability|p1a: The Solar Flare|Beads of Ruin\n|turn|1\n|\n|t:|1773526545\n|move|p2b: Smeargle|Fake Out|p1a: The Solar Flare\n|-damage|p1a: The Solar Flare|91/100\n|move|p1b: The Darkest Day|Taunt|p2a: Tornadus\n|-start|p2a: Tornadus|move: Taunt\n|cant|p2a: Tornadus|move: Taunt|Taunt\n|cant|p1a: The Solar Flare|flinch\n|\n|-ability|p2b: Smeargle|Moody|boost\n|-boost|p2b: Smeargle|spd|2\n|-unboost|p2b: Smeargle|spe|1\n|upkeep\n|turn|2\n|\n|t:|1773526567\n|switch|p2b: Terapagos|Terapagos, L50, M|100/100\n|-activate|p2b: Terapagos|ability: Tera Shift\n|detailschange|p2b: Terapagos|Terapagos-Terastal, L50, M\n|-heal|p2b: Terapagos|100/100|[silent]\n|move|p1b: The Darkest Day|Taunt|p2b: Terapagos\n|-start|p2b: Terapagos|move: Taunt\n|move|p1a: The Solar Flare|Heat Wave|p2a: Tornadus|[spread] p2a,p2b\n|-activate|p2b: Terapagos|ability: Tera Shell\n|-resisted|p2b: Terapagos\n|-damage|p2a: Tornadus|44/100\n|-damage|p2b: Terapagos|79/100\n|move|p2a: Tornadus|Bleakwind Storm|p1b: The Darkest Day|[spread] \n|-miss|p2a: Tornadus|p1a: The Solar Flare\n|-miss|p2a: Tornadus|p1b: The Darkest Day\n|\n|upkeep\n|turn|3\n|\n|t:|1773526591\n|-terastallize|p2b: Terapagos|Stellar\n|detailschange|p2b: Terapagos|Terapagos-Stellar, L50, M, tera:Stellar\n|-heal|p2b: Terapagos|85/100|[silent]\n|move|p1a: The Solar Flare|Heat Wave|p2a: Tornadus|[spread] p2a,p2b\n|-damage|p2a: Tornadus|0 fnt\n|-damage|p2b: Terapagos|54/100\n|faint|p2a: Tornadus\n|move|p1b: The Darkest Day|Moonblast|p2b: Terapagos\n|-damage|p2b: Terapagos|31/100\n|move|p2b: Terapagos|Tera Starstorm|p1b: The Darkest Day|[spread] p1a,p1b\n|-damage|p1a: The Solar Flare|40/100\n|-damage|p1b: The Darkest Day|24/100\n|\n|upkeep\n|\n|t:|1773526602\n|switch|p2a: Smeargle|Smeargle, L50, M|100/100\n|turn|4\n|\n|t:|1773526624\n|move|p2a: Smeargle|Fake Out|p1a: The Solar Flare\n|-damage|p1a: The Solar Flare|31/100\n|cant|p1a: The Solar Flare|flinch\n|move|p1b: The Darkest Day|Moonblast|p2a: Smeargle\n|-damage|p2a: Smeargle|28/100\n|move|p2b: Terapagos|Tera Starstorm|p1a: The Solar Flare|[spread] p1a,p1b\n|-damage|p1a: The Solar Flare|0 fnt\n|-damage|p1b: The Darkest Day|0 fnt\n|faint|p1a: The Solar Flare\n|faint|p1b: The Darkest Day\n|\n|-end|p2b: Terapagos|move: Taunt\n|-ability|p2a: Smeargle|Moody|boost\n|-boost|p2a: Smeargle|def|2\n|-unboost|p2a: Smeargle|spa|1\n|upkeep\n|\n|t:|1773526627\n|switch|p1b: The Ring of Saturn|Zamazenta-Crowned, L50, shiny|100/100\n|switch|p1a: The Meteorite|Terapagos, L50, M|100/100\n|-activate|p1a: The Meteorite|ability: Tera Shift\n|detailschange|p1a: The Meteorite|Terapagos-Terastal, L50, M\n|-heal|p1a: The Meteorite|100/100|[silent]\n|-ability|p1b: The Ring of Saturn|Dauntless Shield|boost\n|-boost|p1b: The Ring of Saturn|def|1\n|turn|5\n|\n|t:|1773526652\n|switch|p2a: Calyrex|Calyrex-Shadow, L50|100/100\n|-ability|p2a: Calyrex|As One\n|-ability|p2a: Calyrex|Unnerve\n|move|p1b: The Ring of Saturn|Body Press|p2b: Terapagos\n|-supereffective|p2b: Terapagos\n|-damage|p2b: Terapagos|0 fnt\n|faint|p2b: Terapagos\n|detailschange|p2: Terapagos|Terapagos, L50, M|[silent]\n|move|p1a: The Meteorite|Tera Starstorm|p2a: Calyrex\n|-immune|p2a: Calyrex\n|\n|upkeep\n|\n|t:|1773526657\n|switch|p2b: Smeargle|Smeargle, L50, M|28/100\n|turn|6\n|\n|t:|1773526673\n|-terastallize|p1a: The Meteorite|Stellar\n|detailschange|p1a: The Meteorite|Terapagos-Stellar, L50, M, tera:Stellar\n|-heal|p1a: The Meteorite|100/100|[silent]\n|move|p2b: Smeargle|Fake Out|p1b: The Ring of Saturn\n|-resisted|p1b: The Ring of Saturn\n|-damage|p1b: The Ring of Saturn|99/100\n|move|p2a: Calyrex|Disable|p1a: The Meteorite\n|-start|p1a: The Meteorite|Disable|Tera Starstorm\n|cant|p1b: The Ring of Saturn|flinch\n|cant|p1a: The Meteorite|Disable|Tera Starstorm\n|\n|-ability|p2b: Smeargle|Moody|boost\n|-boost|p2b: Smeargle|def|2\n|-unboost|p2b: Smeargle|spa|1\n|upkeep\n|turn|7\n|\n|t:|1773526696\n|move|p2a: Calyrex|Encore|p1b: The Ring of Saturn\n|-start|p1b: The Ring of Saturn|Encore\n|move|p1b: The Ring of Saturn|Body Press|p2b: Smeargle\n|-supereffective|p2b: Smeargle\n|-damage|p2b: Smeargle|0 fnt\n|faint|p2b: Smeargle\n|-activate|p1a: The Meteorite|move: Struggle\n|move|p1a: The Meteorite|Struggle|p2a: Calyrex\n|-damage|p2a: Calyrex|86/100\n|-damage|p1a: The Meteorite|75/100|[from] recoil\n|\n|upkeep\n|turn|8\n|\n|t:|1773526704\n|move|p2a: Calyrex|Astral Barrage|p1a: The Meteorite|[spread] p1b\n|-immune|p1a: The Meteorite\n|-damage|p1b: The Ring of Saturn|44/100\n|-damage|p2a: Calyrex|77/100|[from] item: Life Orb\n|move|p1b: The Ring of Saturn|Body Press|p2a: Calyrex\n|-immune|p2a: Calyrex\n|-activate|p1a: The Meteorite|move: Struggle\n|move|p1a: The Meteorite|Struggle|p2a: Calyrex\n|-damage|p2a: Calyrex|61/100\n|-damage|p1a: The Meteorite|50/100|[from] recoil\n|\n|upkeep\n|turn|9\n|\n|t:|1773526710\n|move|p2a: Calyrex|Astral Barrage|p1b: The Ring of Saturn|[spread] p1b\n|-immune|p1a: The Meteorite\n|-crit|p1b: The Ring of Saturn\n|-damage|p1b: The Ring of Saturn|0 fnt\n|faint|p1b: The Ring of Saturn\n|-ability|p2a: Calyrex|Grim Neigh|boost\n|-boost|p2a: Calyrex|spa|1\n|-damage|p2a: Calyrex|51/100|[from] item: Life Orb\n|-activate|p1a: The Meteorite|move: Struggle\n|move|p1a: The Meteorite|Struggle|p2a: Calyrex\n|-damage|p2a: Calyrex|35/100\n|-damage|p1a: The Meteorite|25/100|[from] recoil\n|\n|-end|p1a: The Meteorite|Disable\n|upkeep\n|turn|10\n|\n|t:|1773526716\n|move|p2a: Calyrex|Protect|p2a: Calyrex\n|-singleturn|p2a: Calyrex|Protect\n|move|p1a: The Meteorite|Tera Starstorm|p2a: Calyrex\n|-activate|p2a: Calyrex|move: Protect\n|\n|upkeep\n|turn|11\n|\n|t:|1773526719\n|move|p2a: Calyrex|Disable|p1a: The Meteorite\n|-start|p1a: The Meteorite|Disable|Tera Starstorm\n|cant|p1a: The Meteorite|Disable|Tera Starstorm\n|\n|upkeep\n|turn|12\n|\n|t:|1773526724\n|move|p2a: Calyrex|Astral Barrage|p1a: The Meteorite\n|-immune|p1a: The Meteorite\n|-activate|p1a: The Meteorite|move: Struggle\n|move|p1a: The Meteorite|Struggle|p2a: Calyrex\n|-damage|p2a: Calyrex|20/100\n|-damage|p1a: The Meteorite|0 fnt|[from] recoil\n|faint|p1a: The Meteorite\n|detailschange|p1: The Meteorite|Terapagos, L50, M|[silent]\n|\n|win|b3testing\n|raw|KUTF1's rating: 1392 &rarr; <strong>1381</strong><br />(-11 for losing)\n|raw|b3testing's rating: 1556 &rarr; <strong>1567</strong><br />(+11 for winning)\n","uploadtime":1773526731,"views":17,"formatid":"gen9vgc2026regi","rating":1381,"private":0,"password":null}