{"id":"gen9vgc2026regi-2578781202","format":"[Gen 9] VGC 2026 Reg I","players":["Mr Ziyad","SycrasisEU"],"log":"|j|\u2606Mr Ziyad\n|j|\u2606SycrasisEU\n|t:|1775717172\n|gametype|doubles\n|player|p1|Mr Ziyad|169|1392\n|player|p2|SycrasisEU|byron|1315\n|gen|9\n|tier|[Gen 9] VGC 2026 Reg I\n|rated|\n|rule|Species Clause: Limit one of each Pok\u00e9mon\n|rule|Item Clause: Limit 1 of each item\n|clearpoke\n|poke|p1|Hatterene, L50, F|\n|poke|p1|Indeedee-F, L50, F|\n|poke|p1|Kyogre, L50|\n|poke|p1|Flamigo, L50, F|\n|poke|p1|Torkoal, L50, M|\n|poke|p1|Calyrex-Ice, L50|\n|poke|p2|Terapagos, L50, M|\n|poke|p2|Rillaboom, L50, M|\n|poke|p2|Grimmsnarl, L50, M|\n|poke|p2|Calyrex-Shadow, L50|\n|poke|p2|Incineroar, L50, M|\n|poke|p2|Volcarona, L50, F|\n|teampreview|4\n|inactive|Battle timer is ON: inactive players will automatically lose when time's up. (requested by Mr Ziyad)\n|inactive|Mr Ziyad has 60 seconds left.\n|inactive|SycrasisEU has 60 seconds left.\nSycrasisEU has agreed to open team sheets.\n|inactive|Mr Ziyad has 30 seconds left.\n|inactive|SycrasisEU has 30 seconds left.\n|inactive|Mr Ziyad has 20 seconds left.\n|inactive|SycrasisEU has 20 seconds left.\n|inactive|Mr Ziyad has 15 seconds left.\n|inactive|SycrasisEU has 15 seconds left.\n|inactive|Mr Ziyad has 10 seconds left.\n|inactive|SycrasisEU has 10 seconds left.\n|inactive|SycrasisEU has 5 seconds left.\n|\n|t:|1775717260\n|teamsize|p1|4\n|teamsize|p2|4\n|start\n|switch|p1a: Kyogre|Kyogre, L50|100/100\n|switch|p1b: Hatterene|Hatterene, L50, F|100/100\n|switch|p2a: Terapagos|Terapagos, L50, M|100/100\n|switch|p2b: Grimmsnarl|Grimmsnarl, L50, M|100/100\n|-activate|p2a: Terapagos|ability: Tera Shift\n|detailschange|p2a: Terapagos|Terapagos-Terastal, L50, M\n|-heal|p2a: Terapagos|100/100|[silent]\n|-weather|RainDance|[from] ability: Drizzle|[of] p1a: Kyogre\n|turn|1\n|\n|t:|1775717280\n|-terastallize|p1a: Kyogre|Water\n|move|p2b: Grimmsnarl|Light Screen|p2b: Grimmsnarl\n|-sidestart|p2: SycrasisEU|move: Light Screen\n|move|p1a: Kyogre|Water Spout|p2a: Terapagos|[spread] p2a,p2b\n|-activate|p2a: Terapagos|ability: Tera Shell\n|-resisted|p2a: Terapagos\n|-damage|p2a: Terapagos|63/100\n|-damage|p2b: Grimmsnarl|31/100\n|move|p2a: Terapagos|Calm Mind|p2a: Terapagos\n|-boost|p2a: Terapagos|spa|1\n|-boost|p2a: Terapagos|spd|1\n|move|p1b: Hatterene|Dazzling Gleam|p2a: Terapagos|[spread] p2a,p2b\n|-supereffective|p2b: Grimmsnarl\n|-damage|p2a: Terapagos|50/100\n|-damage|p2b: Grimmsnarl|0 fnt\n|faint|p2b: Grimmsnarl\n|\n|-weather|RainDance|[upkeep]\n|-heal|p2a: Terapagos|56/100|[from] item: Leftovers\n|upkeep\n|\n|t:|1775717298\n|switch|p2b: Calyrex|Calyrex-Shadow, L50|100/100\n|-ability|p2b: Calyrex|As One\n|-ability|p2b: Calyrex|Unnerve\n|turn|2\n|inactive|Mr Ziyad has 30 seconds left.\n|\n|t:|1775717329\n|-terastallize|p2a: Terapagos|Stellar\n|detailschange|p2a: Terapagos|Terapagos-Stellar, L50, M, tera:Stellar\n|-heal|p2a: Terapagos|67/100|[silent]\n|-ability|p2a: Terapagos|Teraform Zero\n|-weather|none\n|move|p1a: Kyogre|Water Spout|p2a: Terapagos|[spread] p2a,p2b\n|-damage|p2a: Terapagos|41/100\n|-damage|p2b: Calyrex|46/100\n|move|p2b: Calyrex|Astral Barrage|p1a: Kyogre|[spread] p1a,p1b\n|-supereffective|p1b: Hatterene\n|-damage|p1a: Kyogre|37/100\n|-enditem|p1b: Hatterene|Focus Sash\n|-damage|p1b: Hatterene|1/100\n|move|p2a: Terapagos|Tera Starstorm|p1a: Kyogre|[spread] p1a,p1b\n|-supereffective|p1a: Kyogre\n|-damage|p1a: Kyogre|0 fnt\n|-damage|p1b: Hatterene|0 fnt\n|faint|p1a: Kyogre\n|faint|p1b: Hatterene\n|\n|-heal|p2a: Terapagos|47/100|[from] item: Leftovers\n|upkeep\n|\n|t:|1775717345\n|switch|p1a: Indeedee|Indeedee-F, L50, F|100/100\n|switch|p1b: Torkoal|Torkoal, L50, M|100/100\n|-fieldstart|move: Psychic Terrain|[from] ability: Psychic Surge|[of] p1a: Indeedee\n|-weather|SunnyDay|[from] ability: Drought|[of] p1b: Torkoal\n|turn|3\n|inactive|SycrasisEU has 30 seconds left.\n|\n|t:|1775717379\n|move|p1b: Torkoal|Protect|p1b: Torkoal\n|-singleturn|p1b: Torkoal|Protect\n|move|p2b: Calyrex|Astral Barrage|p1a: Indeedee|[spread] \n|-activate|p1b: Torkoal|move: Protect\n|-immune|p1a: Indeedee\n|move|p2a: Terapagos|Tera Starstorm|p1a: Indeedee|[spread] p1a\n|-activate|p1b: Torkoal|move: Protect\n|-crit|p1a: Indeedee\n|-damage|p1a: Indeedee|32/100\n|move|p1a: Indeedee|Trick Room|p1a: Indeedee\n|-fieldstart|move: Trick Room|[of] p1a: Indeedee\n|\n|-weather|SunnyDay|[upkeep]\n|-heal|p2a: Terapagos|53/100|[from] item: Leftovers\n|upkeep\n|turn|4\n|\n|t:|1775717393\n|move|p1a: Indeedee|Helping Hand|p1b: Torkoal\n|-singleturn|p1b: Torkoal|Helping Hand|[of] p1a: Indeedee\n|move|p2a: Terapagos|Protect|p2a: Terapagos\n|-singleturn|p2a: Terapagos|Protect\n|move|p1b: Torkoal|Eruption|p2a: Terapagos|[spread] p2b\n|-activate|p2a: Terapagos|move: Protect\n|-damage|p2b: Calyrex|0 fnt\n|faint|p2b: Calyrex\n|\n|-weather|SunnyDay|[upkeep]\n|-heal|p2a: Terapagos|59/100|[from] item: Leftovers\n|upkeep\n|\n|t:|1775717409\n|switch|p2b: Rillaboom|Rillaboom, L50, M|100/100\n|-fieldstart|move: Grassy Terrain|[from] ability: Grassy Surge|[of] p2b: Rillaboom\n|turn|5\n|\n|t:|1775717425\n|move|p2b: Rillaboom|Fake Out|p1b: Torkoal\n|-damage|p1b: Torkoal|88/100\n|move|p1a: Indeedee|Follow Me|p1a: Indeedee\n|-singleturn|p1a: Indeedee|move: Follow Me\n|cant|p1b: Torkoal|flinch\n|move|p2a: Terapagos|Tera Starstorm|p1b: Torkoal|[spread] p1a,p1b\n|-damage|p1a: Indeedee|0 fnt\n|-damage|p1b: Torkoal|10/100\n|faint|p1a: Indeedee\n|\n|-weather|SunnyDay|[upkeep]\n|-heal|p1b: Torkoal|16/100|[from] Grassy Terrain\n|-heal|p2a: Terapagos|65/100|[from] Grassy Terrain\n|-heal|p2a: Terapagos|71/100|[from] item: Leftovers\n|upkeep\n|turn|6\n|\n|t:|1775717444\n|move|p2b: Rillaboom|Grassy Glide|p1b: Torkoal\n|-resisted|p1b: Torkoal\n|-damage|p1b: Torkoal|2/100\n|move|p1b: Torkoal|Weather Ball|p2b: Rillaboom\n|-supereffective|p2b: Rillaboom\n|-damage|p2b: Rillaboom|19/100\n|move|p2a: Terapagos|Earth Power|p1b: Torkoal\n|-supereffective|p1b: Torkoal\n|-damage|p1b: Torkoal|0 fnt\n|faint|p1b: Torkoal\n|\n|win|SycrasisEU\n|raw|Mr Ziyad's rating: 1392 &rarr; <strong>1368</strong><br />(-24 for losing)\n|raw|SycrasisEU's rating: 1315 &rarr; <strong>1339</strong><br />(+24 for winning)\n|l|\u2606SycrasisEU\n|player|p2|\n|l|\u2606Mr Ziyad\n|player|p1|\n","uploadtime":1775717658,"views":8,"formatid":"gen9vgc2026regi","rating":1339,"private":0,"password":null}