{"id":"gen9vgc2026regi-2525298424","format":"[Gen 9] VGC 2026 Reg I","players":["ky123456","Torracat Master"],"log":"|j|\u2606ky123456\n|j|\u2606Torracat Master\n|t:|1769264928\n|gametype|doubles\n|player|p1|ky123456|cynthia-gen4|1356\n|player|p2|Torracat Master|102|1408\n|gen|9\n|tier|[Gen 9] VGC 2026 Reg I\n|rated|\n|rule|Species Clause: Limit one of each Pok\u00e9mon\n|rule|Item Clause: Limit 1 of each item\n|clearpoke\n|poke|p1|Kyogre, L50|\n|poke|p1|Calyrex-Ice, L50|\n|poke|p1|Grimmsnarl, L50, M|\n|poke|p1|Rillaboom, L50, M|\n|poke|p1|Landorus, L50, M|\n|poke|p1|Urshifu-*, L50, F|\n|poke|p2|Koraidon, L50|\n|poke|p2|Incineroar, L50, M|\n|poke|p2|Zoroark-Hisui, L50, M|\n|poke|p2|Lunala, L50|\n|poke|p2|Ogerpon-Cornerstone, L50, F|\n|poke|p2|Whimsicott, L50, M|\n|teampreview|4\n|\n|t:|1769264984\n|teamsize|p1|4\n|teamsize|p2|4\n|start\n|switch|p1a: Calyrex|Calyrex-Ice, L50|100/100\n|switch|p1b: Grimmsnarl|Grimmsnarl, L50, M|100/100\n|switch|p2a: Lunala|Lunala, L50|100/100\n|switch|p2b: Incineroar|Incineroar, L50, M, shiny|100/100\n|-ability|p1a: Calyrex|As One\n|-ability|p1a: Calyrex|Unnerve\n|turn|1\n|\n|t:|1769265021\n|-terastallize|p1a: Calyrex|Fairy\n|move|p1b: Grimmsnarl|Light Screen|p1b: Grimmsnarl\n|-sidestart|p1: ky123456|move: Light Screen\n|move|p2b: Incineroar|Will-O-Wisp|p1a: Calyrex\n|-status|p1a: Calyrex|brn\n|move|p2a: Lunala|Meteor Beam||[still]\n|-prepare|p2a: Lunala|Meteor Beam\n|-boost|p2a: Lunala|spa|1\n|-enditem|p2a: Lunala|Power Herb\n|-anim|p2a: Lunala|Meteor Beam|p1a: Calyrex\n|-damage|p1a: Calyrex|75/100 brn\n|move|p1a: Calyrex|Leech Seed|p2a: Lunala\n|-start|p2a: Lunala|move: Leech Seed\n|\n|-heal|p1a: Calyrex|81/100 brn|[from] item: Leftovers\n|-damage|p2a: Lunala|88/100|[from] Leech Seed|[of] p1a: Calyrex\n|-heal|p1a: Calyrex|94/100 brn|[silent]\n|-damage|p1a: Calyrex|88/100 brn|[from] brn\n|upkeep\n|turn|2\n|\n|t:|1769265043\n|switch|p2a: Incineroar|Incineroar, L50, M, shiny|100/100\n|-ability|p2a: Incineroar|Intimidate|boost\n|-unboost|p1a: Calyrex|atk|1\n|-unboost|p1b: Grimmsnarl|atk|1\n|move|p1b: Grimmsnarl|Reflect|p1b: Grimmsnarl\n|-sidestart|p1: ky123456|Reflect\n|move|p2b: Incineroar|Bitter Malice|p1a: Calyrex\n|-damage|p1a: Calyrex|72/100 brn\n|-unboost|p1a: Calyrex|atk|1\n|move|p1a: Calyrex|Leech Seed|p2b: Incineroar\n|-start|p2b: Incineroar|move: Leech Seed\n|\n|-heal|p1a: Calyrex|78/100 brn|[from] item: Leftovers\n|-damage|p2b: Incineroar|88/100|[from] Leech Seed|[of] p1a: Calyrex\n|-heal|p1a: Calyrex|86/100 brn|[silent]\n|-damage|p1a: Calyrex|80/100 brn|[from] brn\n|upkeep\n|turn|3\n|\n|t:|1769265068\n|switch|p1b: Kyogre|Kyogre, L50|100/100\n|-weather|RainDance|[from] ability: Drizzle|[of] p1b: Kyogre\n|move|p2b: Incineroar|Will-O-Wisp|p1b: Kyogre\n|-status|p1b: Kyogre|brn\n|move|p2a: Incineroar|Taunt|p1a: Calyrex\n|-start|p1a: Calyrex|move: Taunt\n|move|p1a: Calyrex|Glacial Lance|p2b: Incineroar|[spread] p2a,p2b\n|-resisted|p2a: Incineroar\n|-crit|p2b: Incineroar\n|-damage|p2a: Incineroar|95/100\n|-damage|p2b: Incineroar|7/100\n|replace|p2b: Zoroark|Zoroark-Hisui, L50, M, shiny\n|-end|p2b: Zoroark|Illusion\n|\n|-weather|RainDance|[upkeep]\n|-heal|p1a: Calyrex|86/100 brn|[from] item: Leftovers\n|-damage|p2b: Zoroark|0 fnt|[from] Leech Seed|[of] p1a: Calyrex\n|-heal|p1a: Calyrex|90/100 brn|[silent]\n|faint|p2b: Zoroark\n|-damage|p1b: Kyogre|95/100 brn|[from] brn\n|-damage|p1a: Calyrex|84/100 brn|[from] brn\n|upkeep\n|\n|t:|1769265079\n|switch|p2b: Koraidon|Koraidon, L50|100/100\n|-weather|SunnyDay|[from] ability: Orichalcum Pulse|[of] p2b: Koraidon\n|-activate|p2b: Koraidon|Orichalcum Pulse|[source]\n|turn|4\n|\n|t:|1769265111\n|switch|p1b: Grimmsnarl|Grimmsnarl, L50, M|100/100\n|move|p2b: Koraidon|Protect|p2b: Koraidon\n|-singleturn|p2b: Koraidon|Protect\n|move|p2a: Incineroar|Knock Off|p1a: Calyrex\n|-resisted|p1a: Calyrex\n|-damage|p1a: Calyrex|76/100 brn\n|-enditem|p1a: Calyrex|Leftovers|[from] move: Knock Off|[of] p2a: Incineroar\n|move|p1a: Calyrex|Glacial Lance|p2b: Koraidon|[spread] p2a\n|-activate|p2b: Koraidon|move: Protect\n|-resisted|p2a: Incineroar\n|-damage|p2a: Incineroar|89/100\n|\n|-weather|SunnyDay|[upkeep]\n|-damage|p1a: Calyrex|70/100 brn|[from] brn\n|upkeep\n|turn|5\n|\n|t:|1769265136\n|-terastallize|p2b: Koraidon|Fire\n|move|p1b: Grimmsnarl|Thunder Wave|p2b: Koraidon\n|-status|p2b: Koraidon|par\n|cant|p2b: Koraidon|par\n|move|p2a: Incineroar|Parting Shot|p1a: Calyrex\n|-unboost|p1a: Calyrex|atk|1\n|-unboost|p1a: Calyrex|spa|1\n|\n|t:|1769265143\n|switch|p2a: Lunala|Lunala, L50|88/100|[from] Parting Shot\n|move|p1a: Calyrex|Glacial Lance|p2b: Koraidon|[spread] p2a,p2b\n|-resisted|p2b: Koraidon\n|-damage|p2a: Lunala|79/100\n|-damage|p2b: Koraidon|96/100 par\n|\n|-weather|SunnyDay|[upkeep]\n|-damage|p1a: Calyrex|64/100 brn|[from] brn\n|-end|p1a: Calyrex|move: Taunt\n|upkeep\n|turn|6\n|\n|t:|1769265160\n|switch|p1a: Kyogre|Kyogre, L50|95/100 brn\n|-weather|RainDance|[from] ability: Drizzle|[of] p1a: Kyogre\n|move|p2a: Lunala|Moongeist Beam|p1a: Kyogre\n|-damage|p1a: Kyogre|78/100 brn\n|move|p2b: Koraidon|Flare Blitz|p1b: Grimmsnarl\n|-damage|p1b: Grimmsnarl|76/100\n|-damage|p2b: Koraidon|86/100 par|[from] Recoil\n|-damage|p2b: Koraidon|77/100 par|[from] item: Life Orb\n|move|p1b: Grimmsnarl|Foul Play|p2a: Lunala\n|-supereffective|p2a: Lunala\n|-damage|p2a: Lunala|0 fnt\n|faint|p2a: Lunala\n|\n|-weather|RainDance|[upkeep]\n|-damage|p1a: Kyogre|72/100 brn|[from] brn\n|upkeep\n|\n|t:|1769265169\n|switch|p2a: Incineroar|Incineroar, L50, M, shiny|89/100\n|-ability|p2a: Incineroar|Intimidate|boost\n|-unboost|p1a: Kyogre|atk|1\n|-unboost|p1b: Grimmsnarl|atk|1\n|turn|7\n|-message|Torracat Master forfeited.\n|\n|win|ky123456\n|raw|ky123456's rating: 1356 &rarr; <strong>1379</strong><br />(+23 for winning)\n|raw|Torracat Master's rating: 1408 &rarr; <strong>1385</strong><br />(-23 for losing)\n|l|\u2606Torracat Master\n|player|p2|\n|l|\u2606ky123456\n|player|p1|\n","uploadtime":1769265369,"views":13,"formatid":"gen9vgc2026regi","rating":1379,"private":0,"password":null}