{"id":"gen9vgc2026regi-2567755716","format":"[Gen 9] VGC 2026 Reg I","players":["Ceraida","Jonen"],"log":"|j|\u2606Ceraida\n|j|\u2606Jonen\n|t:|1774515405\n|gametype|doubles\n|player|p1|Ceraida|veteran|1481\n|player|p2|Jonen|medium|1550\n|gen|9\n|tier|[Gen 9] VGC 2026 Reg I\n|rated|\n|rule|Species Clause: Limit one of each Pok\u00e9mon\n|rule|Item Clause: Limit 1 of each item\n|clearpoke\n|poke|p1|Calyrex-Shadow, L50|\n|poke|p1|Zamazenta-*, L50|\n|poke|p1|Indeedee-F, L50, F|\n|poke|p1|Volcarona, L50, F|\n|poke|p1|Roaring Moon, L50|\n|poke|p1|Rillaboom, L50, F|\n|poke|p2|Groudon, L50|\n|poke|p2|Lunala, L50|\n|poke|p2|Sableye, L50, M|\n|poke|p2|Chi-Yu, L50|\n|poke|p2|Rillaboom, L50, F|\n|poke|p2|Jumpluff, L50, M|\n|teampreview|4\n|\n|t:|1774515444\n|teamsize|p1|4\n|teamsize|p2|4\n|start\n|switch|p1a: Calyrex|Calyrex-Shadow, L50|100/100\n|switch|p1b: Indeedee|Indeedee-F, L50, F|100/100\n|switch|p2a: Groudon|Groudon, L50|100/100\n|switch|p2b: Jumpluff|Jumpluff, L50, M|100/100\n|-ability|p1a: Calyrex|As One\n|-ability|p1a: Calyrex|Unnerve\n|-weather|SunnyDay|[from] ability: Drought|[of] p2a: Groudon\n|-fieldstart|move: Psychic Terrain|[from] ability: Psychic Surge|[of] p1b: Indeedee\n|turn|1\n|inactive|Battle timer is ON: inactive players will automatically lose when time's up. (requested by Ceraida)\n|\n|t:|1774515462\n|move|p1a: Calyrex|Protect|p1a: Calyrex\n|-singleturn|p1a: Calyrex|Protect\n|move|p2b: Jumpluff|Sleep Powder|p1a: Calyrex\n|-activate|p1a: Calyrex|move: Protect\n|move|p2a: Groudon|Precipice Blades|p1b: Indeedee|[spread] p1b\n|-activate|p1a: Calyrex|move: Protect\n|-damage|p1b: Indeedee|32/100\n|-damage|p2a: Groudon|91/100|[from] item: Life Orb\n|move|p1b: Indeedee|Dazzling Gleam|p2a: Groudon|[spread] p2a,p2b\n|-damage|p2a: Groudon|76/100\n|-damage|p2b: Jumpluff|87/100\n|\n|-weather|SunnyDay|[upkeep]\n|upkeep\n|turn|2\n|inactive|Jonen has 30 seconds left.\n|\n|t:|1774515494\n|-terastallize|p2b: Jumpluff|Dark\n|move|p2a: Groudon|Protect|p2a: Groudon\n|-singleturn|p2a: Groudon|Protect\n|move|p1b: Indeedee|Follow Me|p1b: Indeedee\n|-singleturn|p1b: Indeedee|move: Follow Me\n|move|p2b: Jumpluff|Tailwind|p2b: Jumpluff\n|-sidestart|p2: Jonen|move: Tailwind\n|move|p1a: Calyrex|Expanding Force|p2b: Jumpluff|[spread] \n|-activate|p2a: Groudon|move: Protect\n|-immune|p2b: Jumpluff\n|\n|-weather|SunnyDay|[upkeep]\n|upkeep\n|turn|3\n|inactive|Ceraida has 30 seconds left.\n|\n|t:|1774515525\n|move|p1a: Calyrex|Protect|p1a: Calyrex\n|-singleturn|p1a: Calyrex|Protect\n|move|p1b: Indeedee|Protect|p1b: Indeedee\n|-singleturn|p1b: Indeedee|Protect\n|move|p2b: Jumpluff|Encore|p1a: Calyrex\n|-activate|p1a: Calyrex|move: Protect\n|move|p2a: Groudon|Precipice Blades|p1b: Indeedee|[spread] \n|-activate|p1a: Calyrex|move: Protect\n|-activate|p1b: Indeedee|move: Protect\n|\n|-weather|SunnyDay|[upkeep]\n|upkeep\n|turn|4\n|inactive|Ceraida has 30 seconds left.\n|inactive|Ceraida has 20 seconds left.\n|\n|t:|1774515561\n|-terastallize|p1a: Calyrex|Ground\n|move|p1b: Indeedee|Helping Hand|p1a: Calyrex\n|-singleturn|p1a: Calyrex|Helping Hand|[of] p1b: Indeedee\n|move|p2b: Jumpluff|Pollen Puff|p2a: Groudon\n|-heal|p2a: Groudon|100/100\n|move|p2a: Groudon|Precipice Blades|p1a: Calyrex|[spread] p1b\n|-miss|p2a: Groudon|p1a: Calyrex\n|-damage|p1b: Indeedee|0 fnt\n|faint|p1b: Indeedee\n|-damage|p2a: Groudon|91/100|[from] item: Life Orb\n|move|p1a: Calyrex|Tera Blast|p2b: Jumpluff|[anim] Tera Blast Ground\n|-damage|p2b: Jumpluff|0 fnt\n|faint|p2b: Jumpluff\n|-ability|p1a: Calyrex|Grim Neigh|boost\n|-boost|p1a: Calyrex|spa|1\n|-damage|p1a: Calyrex|91/100|[from] item: Life Orb\n|\n|-weather|SunnyDay|[upkeep]\n|upkeep\n|\n|t:|1774515577\n|switch|p2b: Chi-Yu|Chi-Yu, L50|100/100\n|switch|p1b: Zamazenta|Zamazenta-Crowned, L50|100/100\n|-ability|p2b: Chi-Yu|Beads of Ruin\n|-ability|p1b: Zamazenta|Dauntless Shield|boost\n|-boost|p1b: Zamazenta|def|1\n|turn|5\n|inactive|Ceraida has 30 seconds left.\n|inactive|Ceraida has 20 seconds left.\n|inactive|Ceraida has 15 seconds left.\n|\n|t:|1774515620\n|move|p1a: Calyrex|Protect|p1a: Calyrex\n|-singleturn|p1a: Calyrex|Protect\n|move|p1b: Zamazenta|Protect|p1b: Zamazenta\n|-singleturn|p1b: Zamazenta|Protect\n|move|p2b: Chi-Yu|Fire Blast|p1b: Zamazenta\n|-activate|p1b: Zamazenta|move: Protect\n|move|p2a: Groudon|Heat Crash|p1a: Calyrex\n|-activate|p1a: Calyrex|move: Protect\n|\n|-weather|none\n|-sideend|p2: Jonen|move: Tailwind\n|-fieldend|move: Psychic Terrain\n|upkeep\n|turn|6\n|inactive|Ceraida has 30 seconds left.\n|inactive|Jonen has 30 seconds left.\n|\n|t:|1774515653\n|switch|p1b: Volcarona|Volcarona, L50, F|100/100\n|move|p2b: Chi-Yu|Fire Blast|p1a: Calyrex\n|-damage|p1a: Calyrex|9/100\n|move|p1a: Calyrex|Tera Blast|p2b: Chi-Yu|[anim] Tera Blast Ground\n|-supereffective|p2b: Chi-Yu\n|-damage|p2b: Chi-Yu|0 fnt\n|faint|p2b: Chi-Yu\n|-ability|p1a: Calyrex|Grim Neigh|boost\n|-boost|p1a: Calyrex|spa|1\n|-damage|p1a: Calyrex|0 fnt|[from] item: Life Orb\n|faint|p1a: Calyrex\n|move|p2a: Groudon|Precipice Blades|p1b: Volcarona\n|-damage|p1b: Volcarona|0 fnt\n|faint|p1b: Volcarona\n|-damage|p2a: Groudon|81/100|[from] item: Life Orb\n|\n|upkeep\n|\n|t:|1774515662\n|switch|p2b: Lunala|Lunala, L50|100/100\n|switch|p1b: Zamazenta|Zamazenta-Crowned, L50|100/100\n|turn|7\n|-message|Ceraida forfeited.\n|\n|win|Jonen\n|raw|Ceraida's rating: 1481 &rarr; <strong>1465</strong><br />(-16 for losing)\n|raw|Jonen's rating: 1550 &rarr; <strong>1566</strong><br />(+16 for winning)\n","uploadtime":1774515664,"views":17,"formatid":"gen9vgc2026regi","rating":1465,"private":0,"password":null}