{"id":"gen9vgc2026regi-2521453039","format":"[Gen 9] VGC 2026 Reg I","players":["Raikito21","jpto5"],"log":"|j|\u2606Raikito21\n|j|\u2606jpto5\n|t:|1768775373\n|gametype|doubles\n|player|p1|Raikito21|adaman|1378\n|player|p2|jpto5|169|1352\n|gen|9\n|tier|[Gen 9] VGC 2026 Reg I\n|rated|\n|rule|Species Clause: Limit one of each Pok\u00e9mon\n|rule|Item Clause: Limit 1 of each item\n|clearpoke\n|poke|p1|Rayquaza, L50|\n|poke|p1|Zamazenta-*, L50|\n|poke|p1|Flutter Mane, L50|\n|poke|p1|Chien-Pao, L50|\n|poke|p1|Ogerpon-Hearthflame, L50, F|\n|poke|p1|Urshifu-*, L50, F|\n|poke|p2|Tornadus, L50, M|\n|poke|p2|Kyogre, L50|\n|poke|p2|Zacian-*, L50|\n|poke|p2|Incineroar, L50, F|\n|poke|p2|Basculegion, L50, M|\n|poke|p2|Kilowattrel, L50, F|\n|teampreview|4\n|inactive|Battle timer is ON: inactive players will automatically lose when time's up. (requested by jpto5)\n|inactive|Raikito21 has 60 seconds left.\n|inactive|jpto5 has 60 seconds left.\n|inactive|Raikito21 has 30 seconds left.\n|inactive|Raikito21 has 20 seconds left.\n|inactive|Raikito21 has 15 seconds left.\n|inactive|Raikito21 has 10 seconds left.\n|\n|t:|1768775459\n|teamsize|p1|4\n|teamsize|p2|4\n|start\n|switch|p1a: Ogerpon|Ogerpon-Hearthflame, L50, F|100/100\n|switch|p1b: Zamazenta|Zamazenta-Crowned, L50|100/100\n|switch|p2a: Kyogre|Kyogre, L50|100/100\n|switch|p2b: Tornadus|Tornadus, L50, M|100/100\n|-ability|p1b: Zamazenta|Dauntless Shield|boost\n|-boost|p1b: Zamazenta|def|1\n|-weather|RainDance|[from] ability: Drizzle|[of] p2a: Kyogre\n|-ability|p1a: Ogerpon|Mold Breaker\n|turn|1\n|inactive|Raikito21 has 30 seconds left.\n|inactive|jpto5 has 30 seconds left.\n|inactive|Raikito21 has 20 seconds left.\n|\n|t:|1768775495\n|move|p1b: Zamazenta|Protect|p1b: Zamazenta\n|-singleturn|p1b: Zamazenta|Protect\n|move|p2b: Tornadus|Tailwind|p2b: Tornadus\n|-sidestart|p2: jpto5|move: Tailwind\n|move|p2a: Kyogre|Water Spout|p1a: Ogerpon|[spread] p1a\n|-activate|p1b: Zamazenta|move: Protect\n|-damage|p1a: Ogerpon|0 fnt\n|faint|p1a: Ogerpon\n|\n|-weather|RainDance|[upkeep]\n|upkeep\n|\n|t:|1768775504\n|switch|p1a: Rayquaza|Rayquaza, L50, shiny|100/100\n|-ability|p1a: Rayquaza|Air Lock\n|turn|2\n|\n|t:|1768775529\n|-terastallize|p1a: Rayquaza|Normal\n|move|p1b: Zamazenta|Wide Guard|p1b: Zamazenta\n|-singleturn|p1b: Zamazenta|Wide Guard\n|move|p2b: Tornadus|Bleakwind Storm|p1a: Rayquaza|[spread] \n|-activate|p1a: Rayquaza|move: Wide Guard\n|-activate|p1b: Zamazenta|move: Wide Guard\n|move|p2a: Kyogre|Ice Beam|p1a: Rayquaza\n|-damage|p1a: Rayquaza|66/100\n|move|p1a: Rayquaza|Swords Dance|p1a: Rayquaza\n|-boost|p1a: Rayquaza|atk|2\n|\n|-weather|RainDance|[upkeep]\n|upkeep\n|turn|3\n|\n|t:|1768775552\n|switch|p2a: Zacian|Zacian-Crowned, L50|100/100\n|-ability|p2a: Zacian|Intrepid Sword|boost\n|-boost|p2a: Zacian|atk|1\n|move|p1a: Rayquaza|Protect|p1a: Rayquaza\n|-singleturn|p1a: Rayquaza|Protect\n|move|p2b: Tornadus|Taunt|p1b: Zamazenta\n|-start|p1b: Zamazenta|move: Taunt\n|move|p1b: Zamazenta|Body Press|p2a: Zacian\n|-damage|p2a: Zacian|36/100\n|\n|-weather|RainDance|[upkeep]\n|upkeep\n|turn|4\n|inactive|Raikito21 has 30 seconds left.\n|\n|t:|1768775583\n|move|p2a: Zacian|Quick Guard|p2a: Zacian\n|-singleturn|p2a: Zacian|Quick Guard\n|move|p1a: Rayquaza|Extreme Speed|p2a: Zacian\n|-activate|p2a: Zacian|move: Quick Guard\n|move|p2b: Tornadus|Bleakwind Storm|p1b: Zamazenta|[spread] p1a,p1b\n|-damage|p1a: Rayquaza|31/100\n|-damage|p1b: Zamazenta|73/100\n|move|p1b: Zamazenta|Heavy Slam|p2b: Tornadus\n|-damage|p2b: Tornadus|20/100\n|\n|-weather|RainDance|[upkeep]\n|-sideend|p2: jpto5|move: Tailwind\n|upkeep\n|turn|5\n|c|\u2606Raikito21|interesting tech\n|inactive|jpto5 has 30 seconds left.\n|\n|t:|1768775615\n|move|p1a: Rayquaza|Protect|p1a: Rayquaza\n|-singleturn|p1a: Rayquaza|Protect\n|move|p2b: Tornadus|Tailwind|p2b: Tornadus\n|-sidestart|p2: jpto5|move: Tailwind\n|move|p2a: Zacian|Behemoth Blade|p1a: Rayquaza\n|-activate|p1a: Rayquaza|move: Protect\n|move|p1b: Zamazenta|Heavy Slam|p2b: Tornadus\n|-damage|p2b: Tornadus|0 fnt\n|faint|p2b: Tornadus\n|\n|-weather|none\n|-end|p1b: Zamazenta|move: Taunt\n|upkeep\n|\n|t:|1768775625\n|switch|p2b: Basculegion|Basculegion, L50, M|100/100\n|turn|6\n|inactive|Raikito21 has 30 seconds left.\n|inactive|Raikito21 has 20 seconds left.\n|inactive|Raikito21 has 15 seconds left.\n|inactive|Raikito21 has 10 seconds left.\n|inactive|Raikito21 has 5 seconds left.\n|\n|t:|1768775676\n|move|p2a: Zacian|Sacred Sword|p1b: Zamazenta\n|-supereffective|p1b: Zamazenta\n|-damage|p1b: Zamazenta|5/100\n|move|p2b: Basculegion|Wave Crash|p1a: Rayquaza\n|-damage|p1a: Rayquaza|0 fnt\n|faint|p1a: Rayquaza\n|-damage|p2b: Basculegion|90/100|[from] Recoil\n|-damage|p2b: Basculegion|81/100|[from] item: Life Orb\n|move|p1b: Zamazenta|Body Press|p2a: Zacian\n|-damage|p2a: Zacian|0 fnt\n|faint|p2a: Zacian\n|\n|upkeep\n|\n|t:|1768775684\n|switch|p2a: Kyogre|Kyogre, L50|100/100\n|switch|p1a: Flutter Mane|Flutter Mane, L50|100/100\n|-weather|RainDance|[from] ability: Drizzle|[of] p2a: Kyogre\n|-enditem|p1a: Flutter Mane|Booster Energy\n|-activate|p1a: Flutter Mane|ability: Protosynthesis|[fromitem]\n|-start|p1a: Flutter Mane|protosynthesisspe\n|turn|7\n|inactive|Raikito21 has 30 seconds left.\n|-message|Raikito21 forfeited.\n|\n|win|jpto5\n|raw|Raikito21's rating: 1378 &rarr; <strong>1357</strong><br />(-21 for losing)\n|raw|jpto5's rating: 1352 &rarr; <strong>1373</strong><br />(+21 for winning)\n|l|\u2606Raikito21\n|player|p1|\n|l|\u2606jpto5\n|player|p2|\n","uploadtime":1768775905,"views":15,"formatid":"gen9vgc2026regi","rating":1357,"private":0,"password":null}