{"id":"gen9vgc2026regi-2559440242","format":"[Gen 9] VGC 2026 Reg I","players":["jd8erh","itszachstone"],"log":"|j|\u2606jd8erh\n|j|\u2606itszachstone\n|t:|1773567656\n|gametype|doubles\n|player|p1|jd8erh|169|1497\n|player|p2|itszachstone|flannery|1385\n|gen|9\n|tier|[Gen 9] VGC 2026 Reg I\n|rated|\n|rule|Species Clause: Limit one of each Pok\u00e9mon\n|rule|Item Clause: Limit 1 of each item\n|clearpoke\n|poke|p1|Calyrex-Shadow, L50|\n|poke|p1|Koraidon, L50|\n|poke|p1|Brute Bonnet, L50|\n|poke|p1|Raging Bolt, L50|\n|poke|p1|Bronzong, L50|\n|poke|p1|Incineroar, L50, M|\n|poke|p2|Calyrex-Ice, L50|\n|poke|p2|Iron Bundle, L50|\n|poke|p2|Miraidon, L50|\n|poke|p2|Ogerpon-Hearthflame, L50, F|\n|poke|p2|Incineroar, L50, F|\n|poke|p2|Landorus, L50, M|\n|teampreview|4\n|inactive|Battle timer is ON: inactive players will automatically lose when time's up. (requested by itszachstone)\n|inactive|jd8erh also wants the timer to be on.\njd8erh has agreed to open team sheets.\n|inactive|itszachstone has 60 seconds left.\n|inactive|itszachstone has 30 seconds left.\n|\n|t:|1773567722\n|teamsize|p1|4\n|teamsize|p2|4\n|start\n|switch|p1a: Calyrex|Calyrex-Shadow, L50|100/100\n|switch|p1b: Incineroar|Incineroar, L50, M|100/100\n|switch|p2a: Miraidon|Miraidon, L50|100/100\n|switch|p2b: Iron Bundle|Iron Bundle, L50|100/100\n|-ability|p1a: Calyrex|As One\n|-ability|p1a: Calyrex|Unnerve\n|-fieldstart|move: Electric Terrain|[from] ability: Hadron Engine|[of] p2a: Miraidon\n|-activate|p2b: Iron Bundle|ability: Quark Drive\n|-start|p2b: Iron Bundle|quarkdrivespe\n|-ability|p1b: Incineroar|Intimidate|boost\n|-unboost|p2a: Miraidon|atk|1\n|-unboost|p2b: Iron Bundle|atk|1\n|turn|1\n|\n|t:|1773567738\n|switch|p2a: Incineroar|Incineroar, L50, F|100/100\n|-ability|p2a: Incineroar|Intimidate|boost\n|-unboost|p1a: Calyrex|atk|1\n|-unboost|p1b: Incineroar|atk|1\n|move|p1b: Incineroar|Fake Out|p2a: Incineroar\n|-crit|p2a: Incineroar\n|-damage|p2a: Incineroar|87/100\n|move|p2b: Iron Bundle|Icy Wind|p1b: Incineroar|[spread] p1a,p1b\n|-resisted|p1b: Incineroar\n|-damage|p1a: Calyrex|80/100\n|-damage|p1b: Incineroar|92/100\n|-unboost|p1a: Calyrex|spe|1\n|-unboost|p1b: Incineroar|spe|1\n|move|p1a: Calyrex|Astral Barrage|p2b: Iron Bundle|[spread] p2a,p2b\n|-resisted|p2a: Incineroar\n|-damage|p2a: Incineroar|61/100\n|-enditem|p2b: Iron Bundle|Focus Sash\n|-damage|p2b: Iron Bundle|1/100\n|-damage|p1a: Calyrex|71/100|[from] item: Life Orb\n|\n|upkeep\n|turn|2\n|\n|t:|1773567758\n|switch|p1a: Bronzong|Bronzong, L50|100/100\n|move|p2b: Iron Bundle|Encore|p1b: Incineroar\n|-start|p1b: Incineroar|Encore\n|move|p2a: Incineroar|Knock Off|p1a: Bronzong\n|-supereffective|p1a: Bronzong\n|-damage|p1a: Bronzong|35/100\n|-enditem|p1a: Bronzong|Sitrus Berry|[from] move: Knock Off|[of] p2a: Incineroar\n|move|p1b: Incineroar|Fake Out||[still]\n|-hint|Fake Out only works on your first turn out.\n|-fail|p1b: Incineroar\n|\n|upkeep\n|turn|3\n|\n|t:|1773567782\n|switch|p1b: Brute Bonnet|Brute Bonnet, L50|100/100\n|move|p2b: Iron Bundle|Icy Wind|p1b: Brute Bonnet|[spread] p1a,p1b\n|-resisted|p1a: Bronzong\n|-supereffective|p1b: Brute Bonnet\n|-damage|p1a: Bronzong|28/100\n|-damage|p1b: Brute Bonnet|69/100\n|-unboost|p1a: Bronzong|spe|1\n|move|p2a: Incineroar|Flare Blitz|p1a: Bronzong\n|-supereffective|p1a: Bronzong\n|-damage|p1a: Bronzong|0 fnt\n|faint|p1a: Bronzong\n|-damage|p2a: Incineroar|53/100|[from] Recoil\n|\n|upkeep\n|\n|t:|1773567787\n|switch|p1a: Incineroar|Incineroar, L50, M|92/100\n|-ability|p1a: Incineroar|Intimidate|boost\n|-unboost|p2a: Incineroar|atk|1\n|-unboost|p2b: Iron Bundle|atk|1\n|turn|4\n|\n|t:|1773567804\n|move|p2b: Iron Bundle|Protect|p2b: Iron Bundle\n|-singleturn|p2b: Iron Bundle|Protect\n|move|p1a: Incineroar|Fake Out|p2a: Incineroar\n|-damage|p2a: Incineroar|45/100\n|cant|p2a: Incineroar|flinch\n|move|p1b: Brute Bonnet|Seed Bomb|p2b: Iron Bundle\n|-activate|p2b: Iron Bundle|move: Protect\n|\n|upkeep\n|turn|5\n|\n|t:|1773567816\n|switch|p1a: Calyrex|Calyrex-Shadow, L50|71/100\n|-ability|p1a: Calyrex|As One\n|-ability|p1a: Calyrex|Unnerve\n|move|p1b: Brute Bonnet|Rage Powder|p1b: Brute Bonnet\n|-singleturn|p1b: Brute Bonnet|move: Rage Powder\n|move|p2b: Iron Bundle|Encore|p1b: Brute Bonnet\n|-start|p1b: Brute Bonnet|Encore\n|move|p2a: Incineroar|Flare Blitz|p1b: Brute Bonnet\n|-supereffective|p1b: Brute Bonnet\n|-damage|p1b: Brute Bonnet|31/100\n|-damage|p2a: Incineroar|31/100|[from] Recoil\n|\n|-fieldend|move: Electric Terrain\n|-end|p2b: Iron Bundle|Quark Drive\n|upkeep\n|turn|6\n|\n|t:|1773567836\n|switch|p2a: Miraidon|Miraidon, L50|100/100\n|-fieldstart|move: Electric Terrain|[from] ability: Hadron Engine|[of] p2a: Miraidon\n|-activate|p2b: Iron Bundle|ability: Quark Drive\n|-start|p2b: Iron Bundle|quarkdrivespe\n|-end|p1b: Brute Bonnet|Protosynthesis|[silent]\n|switch|p1b: Incineroar|Incineroar, L50, M|92/100\n|-ability|p1b: Incineroar|Intimidate|boost\n|-unboost|p2a: Miraidon|atk|1\n|-unboost|p2b: Iron Bundle|atk|1\n|move|p2b: Iron Bundle|Icy Wind|p1a: Calyrex|[spread] p1a,p1b\n|-resisted|p1b: Incineroar\n|-crit|p1b: Incineroar\n|-damage|p1a: Calyrex|50/100\n|-damage|p1b: Incineroar|82/100\n|-unboost|p1a: Calyrex|spe|1\n|-unboost|p1b: Incineroar|spe|1\n|move|p1a: Calyrex|Astral Barrage|p2a: Miraidon|[spread] p2a,p2b\n|-damage|p2a: Miraidon|68/100\n|-damage|p2b: Iron Bundle|0 fnt\n|faint|p2b: Iron Bundle\n|-end|p2b: Iron Bundle|Quark Drive|[silent]\n|-ability|p1a: Calyrex|Grim Neigh|boost\n|-boost|p1a: Calyrex|spa|1\n|-damage|p1a: Calyrex|41/100|[from] item: Life Orb\n|\n|upkeep\n|\n|t:|1773567852\n|switch|p2b: Incineroar|Incineroar, L50, F|31/100\n|-ability|p2b: Incineroar|Intimidate|boost\n|-unboost|p1a: Calyrex|atk|1\n|-unboost|p1b: Incineroar|atk|1\n|turn|7\n|\n|t:|1773567861\n|move|p2b: Incineroar|Fake Out|p1b: Incineroar\n|-damage|p1b: Incineroar|72/100\n|-damage|p2b: Incineroar|15/100|[from] item: Rocky Helmet|[of] p1b: Incineroar\n|cant|p1b: Incineroar|flinch\n|move|p2a: Miraidon|Volt Switch|p1a: Calyrex\n|-damage|p1a: Calyrex|0 fnt\n|faint|p1a: Calyrex\n|\n|t:|1773567868\n|switch|p2a: Calyrex|Calyrex-Ice, L50|100/100|[from] Volt Switch\n|-ability|p2a: Calyrex|As One\n|-ability|p2a: Calyrex|Unnerve\n|\n|upkeep\n|-message|jd8erh forfeited.\n|\n|win|itszachstone\n|raw|jd8erh's rating: 1497 &rarr; <strong>1471</strong><br />(-26 for losing)\n|raw|itszachstone's rating: 1385 &rarr; <strong>1411</strong><br />(+26 for winning)\n|l|\u2606jd8erh\n|player|p1|\n|l|\u2606itszachstone\n|player|p2|\n","uploadtime":1773568048,"views":14,"formatid":"gen9vgc2026regi","rating":1411,"private":0,"password":null}