{"id":"gen9vgc2026regi-2565265996","format":"[Gen 9] VGC 2026 Reg I","players":["htotoT","swordsdanceurshifu"],"log":"|j|\u2606htotoT\n|j|\u2606swordsdanceurshifu\n|t:|1774254416\n|gametype|doubles\n|player|p1|htotoT|102|1472\n|player|p2|swordsdanceurshifu|170|1374\n|gen|9\n|tier|[Gen 9] VGC 2026 Reg I\n|rated|\n|rule|Species Clause: Limit one of each Pok\u00e9mon\n|rule|Item Clause: Limit 1 of each item\n|clearpoke\n|poke|p1|Grimmsnarl, L50, M|\n|poke|p1|Terapagos, L50, M|\n|poke|p1|Raichu, L50, M|\n|poke|p1|Ogerpon-Wellspring, L50, F|\n|poke|p1|Amoonguss, L50, M|\n|poke|p1|Kyogre, L50|\n|poke|p2|Miraidon, L50|\n|poke|p2|Calyrex-Ice, L50|\n|poke|p2|Dondozo, L50, F|\n|poke|p2|Tatsugiri-Droopy, L50, F|\n|poke|p2|Weezing-Galar, L50, M|\n|poke|p2|Iron Hands, L50|\n|teampreview|4\n|inactive|Battle timer is ON: inactive players will automatically lose when time's up. (requested by swordsdanceurshifu)\n|\n|t:|1774254444\n|teamsize|p1|4\n|teamsize|p2|4\n|start\n|switch|p1a: Grimmsnarl|Grimmsnarl, L50, M|100/100\n|switch|p1b: Terapagos|Terapagos, L50, M|100/100\n|switch|p2a: Goobnut|Weezing-Galar, L50, M|100/100\n|switch|p2b: Ao Shin|Miraidon, L50|100/100\n|-ability|p2a: Goobnut|Neutralizing Gas\n|-block|p2b: Ao Shin|item: Ability Shield\n|-activate|p1b: Terapagos|ability: Tera Shift\n|detailschange|p1b: Terapagos|Terapagos-Terastal, L50, M\n|-heal|p1b: Terapagos|100/100|[silent]\n|-fieldstart|move: Electric Terrain|[from] ability: Hadron Engine|[of] p2b: Ao Shin\n|turn|1\n|\n|t:|1774254459\n|switch|p1a: Raichu|Raichu, L50, M|100/100\n|-terastallize|p2b: Ao Shin|Electric\n|move|p2b: Ao Shin|Electro Drift|p1b: Terapagos\n|-damage|p1b: Terapagos|8/100\n|move|p1b: Terapagos|Calm Mind|p1b: Terapagos\n|-boost|p1b: Terapagos|spa|1\n|-boost|p1b: Terapagos|spd|1\n|move|p2a: Goobnut|Poison Gas|p1b: Terapagos|[spread] p1a,p1b\n|-status|p1a: Raichu|psn\n|-status|p1b: Terapagos|psn\n|\n|-heal|p1b: Terapagos|14/100 psn|[from] item: Leftovers\n|-damage|p1a: Raichu|88/100 psn|[from] psn\n|-damage|p1b: Terapagos|2/100 psn|[from] psn\n|upkeep\n|turn|2\n|\n|t:|1774254479\n|-terastallize|p1b: Terapagos|Stellar\n|detailschange|p1b: Terapagos|Terapagos-Stellar, L50, M, tera:Stellar\n|-heal|p1b: Terapagos|27/100 psn|[silent]\n|move|p2b: Ao Shin|Protect|p2b: Ao Shin\n|-singleturn|p2b: Ao Shin|Protect\n|move|p1a: Raichu|Fake Out|p2b: Ao Shin\n|-activate|p2b: Ao Shin|move: Protect\n|move|p1b: Terapagos|Tera Starstorm|p2a: Goobnut|[spread] p2a\n|-activate|p2b: Ao Shin|move: Protect\n|-damage|p2a: Goobnut|34/100\n|move|p2a: Goobnut|Toxic Spikes|p1b: Terapagos\n|-sidestart|p1: htotoT|move: Toxic Spikes\n|\n|-heal|p1b: Terapagos|33/100 psn|[from] item: Leftovers\n|-damage|p1a: Raichu|76/100 psn|[from] psn\n|-damage|p1b: Terapagos|21/100 psn|[from] psn\n|upkeep\n|turn|3\n|\n|t:|1774254499\n|move|p1b: Terapagos|Protect|p1b: Terapagos\n|-singleturn|p1b: Terapagos|Protect\n|move|p2b: Ao Shin|Electro Drift|p1b: Terapagos\n|-activate|p1b: Terapagos|move: Protect\n|move|p1a: Raichu|Volt Switch|p2a: Goobnut\n|-damage|p2a: Goobnut|0 fnt\n|faint|p2a: Goobnut\n|-end|p2a: Goobnut|ability: Neutralizing Gas\n|\n|t:|1774254508\n|switch|p1a: Grimmsnarl|Grimmsnarl, L50, M|100/100|[from] Volt Switch\n|-status|p1a: Grimmsnarl|psn\n|\n|-heal|p1b: Terapagos|27/100 psn|[from] item: Leftovers\n|-damage|p1b: Terapagos|15/100 psn|[from] psn\n|-damage|p1a: Grimmsnarl|88/100 psn|[from] psn\n|upkeep\n|\n|t:|1774254514\n|switch|p2a: Sheist|Dondozo, L50, F|100/100\n|turn|4\n|\n|t:|1774254537\n|switch|p2b: Raw|Tatsugiri-Droopy, L50, F|100/100\n|-activate|p2b: Raw|ability: Commander|[of] p2a: Sheist\n|-boost|p2a: Sheist|atk|2\n|-boost|p2a: Sheist|spa|2\n|-boost|p2a: Sheist|spe|2\n|-boost|p2a: Sheist|def|2\n|-boost|p2a: Sheist|spd|2\n|switch|p1b: Raichu|Raichu, L50, M|76/100 psn\n|move|p1a: Grimmsnarl|Reflect|p1a: Grimmsnarl\n|-sidestart|p1: htotoT|Reflect\n|move|p2a: Sheist|Order Up|p1b: Raichu\n|-damage|p1b: Raichu|39/100 psn\n|-boost|p2a: Sheist|def|1\n|\n|-damage|p1b: Raichu|27/100 psn|[from] psn\n|-damage|p1a: Grimmsnarl|76/100 psn|[from] psn\n|upkeep\n|turn|5\n|\n|t:|1774254555\n|move|p1b: Raichu|Fake Out|p2a: Sheist\n|-damage|p2a: Sheist|98/100\n|move|p1a: Grimmsnarl|Parting Shot|p2a: Sheist\n|-unboost|p2a: Sheist|atk|1\n|-unboost|p2a: Sheist|spa|1\n|\n|t:|1774254561\n|switch|p1a: Ogerpon|Ogerpon-Wellspring, L50, F|100/100|[from] Parting Shot\n|-status|p1a: Ogerpon|psn\n|cant|p2a: Sheist|flinch\n|\n|-heal|p2a: Sheist|100/100|[from] item: Leftovers\n|-damage|p1a: Ogerpon|88/100 psn|[from] psn\n|-damage|p1b: Raichu|15/100 psn|[from] psn\n|-fieldend|move: Electric Terrain\n|upkeep\n|turn|6\n|\n|t:|1774254567\n|move|p2a: Sheist|Protect|p2a: Sheist\n|-singleturn|p2a: Sheist|Protect\n|move|p1a: Ogerpon|Horn Leech|p2a: Sheist\n|-activate|p2a: Sheist|move: Protect\n|move|p1b: Raichu|Endeavor|p2a: Sheist\n|-activate|p2a: Sheist|move: Protect\n|\n|-damage|p1a: Ogerpon|76/100 psn|[from] psn\n|-damage|p1b: Raichu|3/100 psn|[from] psn\n|upkeep\n|turn|7\n|\n|t:|1774254583\n|move|p1a: Ogerpon|Horn Leech|p2a: Sheist\n|-supereffective|p2a: Sheist\n|-crit|p2a: Sheist\n|-damage|p2a: Sheist|28/100\n|-heal|p1a: Ogerpon|100/100 psn|[from] drain|[of] p2a: Sheist\n|move|p1b: Raichu|Endeavor|p2a: Sheist\n|-damage|p2a: Sheist|2/100\n|move|p2a: Sheist|Body Press|p1a: Ogerpon\n|-damage|p1a: Ogerpon|60/100 psn\n|\n|-heal|p2a: Sheist|8/100|[from] item: Leftovers\n|-damage|p1a: Ogerpon|48/100 psn|[from] psn\n|-damage|p1b: Raichu|0 fnt|[from] psn\n|faint|p1b: Raichu\n|upkeep\n|\n|t:|1774254596\n|switch|p1b: Terapagos|Terapagos-Stellar, L50, M, tera:Stellar|15/100 psn\n|turn|8\n|\n|t:|1774254605\n|move|p2a: Sheist|Protect|p2a: Sheist\n|-singleturn|p2a: Sheist|Protect\n|move|p1a: Ogerpon|Horn Leech|p2a: Sheist\n|-activate|p2a: Sheist|move: Protect\n|move|p1b: Terapagos|Calm Mind|p1b: Terapagos\n|-boost|p1b: Terapagos|spa|1\n|-boost|p1b: Terapagos|spd|1\n|\n|-heal|p2a: Sheist|14/100|[from] item: Leftovers\n|-heal|p1b: Terapagos|21/100 psn|[from] item: Leftovers\n|-damage|p1a: Ogerpon|36/100 psn|[from] psn\n|-damage|p1b: Terapagos|8/100 psn|[from] psn\n|upkeep\n|turn|9\n|\n|t:|1774254613\n|move|p1a: Ogerpon|Horn Leech|p2a: Sheist\n|-supereffective|p2a: Sheist\n|-damage|p2a: Sheist|0 fnt\n|-heal|p1a: Ogerpon|46/100 psn|[from] drain|[of] p2a: Sheist\n|faint|p2a: Sheist\n|move|p1b: Terapagos|Tera Starstorm|p2b: Raw\n|-enditem|p2b: Raw|Focus Sash\n|-damage|p2b: Raw|1/100\n|\n|-heal|p1b: Terapagos|15/100 psn|[from] item: Leftovers\n|-damage|p1a: Ogerpon|33/100 psn|[from] psn\n|-damage|p1b: Terapagos|2/100 psn|[from] psn\n|upkeep\n|\n|t:|1774254616\n|switch|p2a: Ao Shin|Miraidon, L50, tera:Electric|100/100\n|-fieldstart|move: Electric Terrain|[from] ability: Hadron Engine|[of] p2a: Ao Shin\n|turn|10\n|\n|t:|1774254634\n|move|p1a: Ogerpon|Follow Me|p1a: Ogerpon\n|-singleturn|p1a: Ogerpon|move: Follow Me\n|move|p2a: Ao Shin|Electro Drift|p1a: Ogerpon\n|-damage|p1a: Ogerpon|0 fnt\n|faint|p1a: Ogerpon\n|move|p2b: Raw|Icy Wind|p1b: Terapagos\n|-damage|p1b: Terapagos|0 fnt\n|faint|p1b: Terapagos\n|detailschange|p1: Terapagos|Terapagos, L50, M|[silent]\n|\n|upkeep\n|-message|htotoT forfeited.\n|\n|win|swordsdanceurshifu\n|raw|htotoT's rating: 1472 &rarr; <strong>1447</strong><br />(-25 for losing)\n|raw|swordsdanceurshifu's rating: 1374 &rarr; <strong>1399</strong><br />(+25 for winning)\n|l|\u2606htotoT\n|player|p1|\n|l|\u2606swordsdanceurshifu\n|player|p2|\n","uploadtime":1774254863,"views":16,"formatid":"gen9vgc2026regi","rating":1399,"private":0,"password":null}