{"id":"gen9vgc2026regi-2562852465","format":"[Gen 9] VGC 2026 Reg I","players":["joestar117","Sh1k3"],"log":"|j|\u2606joestar117\n|j|\u2606Sh1k3\n|t:|1773955863\n|gametype|doubles\n|player|p1|joestar117|lucas|1139\n|player|p2|Sh1k3|266|1221\n|gen|9\n|tier|[Gen 9] VGC 2026 Reg I\n|rated|\n|rule|Species Clause: Limit one of each Pok\u00e9mon\n|rule|Item Clause: Limit 1 of each item\n|clearpoke\n|poke|p1|Koraidon, L50|\n|poke|p1|Chi-Yu, L50|\n|poke|p1|Calyrex-Shadow, L50|\n|poke|p1|Weezing-Galar, L50, M|\n|poke|p1|Dondozo, L50, M|\n|poke|p1|Tatsugiri-Droopy, L50, M|\n|poke|p2|Calyrex-Shadow, L50|\n|poke|p2|Terapagos, L50, M|\n|poke|p2|Smeargle, L50, F|\n|poke|p2|Iron Hands, L50|\n|poke|p2|Tornadus, L50, M|\n|poke|p2|Chi-Yu, L50|\n|teampreview|4\n|inactive|Battle timer is ON: inactive players will automatically lose when time's up. (requested by Sh1k3)\n|inactive|joestar117 has 60 seconds left.\n|inactive|Sh1k3 has 60 seconds left.\n|\n|t:|1773955922\n|teamsize|p1|4\n|teamsize|p2|4\n|start\n|switch|p1a: Koraidon|Koraidon, L50|100/100\n|switch|p1b: Weezing|Weezing-Galar, L50, M|100/100\n|switch|p2a: Terapagos|Terapagos, L50, M|100/100\n|switch|p2b: Smeargle|Smeargle, L50, F|100/100\n|-activate|p2a: Terapagos|ability: Tera Shift\n|detailschange|p2a: Terapagos|Terapagos-Terastal, L50, M\n|-heal|p2a: Terapagos|100/100|[silent]\n|-ability|p1b: Weezing|Neutralizing Gas\n|-block|p1a: Koraidon|item: Ability Shield\n|-weather|SunnyDay|[from] ability: Orichalcum Pulse|[of] p1a: Koraidon\n|-activate|p1a: Koraidon|Orichalcum Pulse|[source]\n|turn|1\n|inactive|joestar117 has 30 seconds left.\n|\n|t:|1773955950\n|move|p1a: Koraidon|Protect|p1a: Koraidon\n|-singleturn|p1a: Koraidon|Protect\n|move|p2a: Terapagos|Protect|p2a: Terapagos\n|-singleturn|p2a: Terapagos|Protect\n|move|p2b: Smeargle|Spore|p1b: Weezing\n|-status|p1b: Weezing|slp|[from] move: Spore\n|cant|p1b: Weezing|slp\n|\n|-weather|SunnyDay|[upkeep]\n|upkeep\n|turn|2\n|\n|t:|1773955964\n|move|p1a: Koraidon|Collision Course|p2a: Terapagos\n|-supereffective|p2a: Terapagos\n|-damage|p2a: Terapagos|0 fnt\n|faint|p2a: Terapagos\n|move|p2b: Smeargle|Spore|p1a: Koraidon\n|-status|p1a: Koraidon|slp|[from] move: Spore\n|cant|p1b: Weezing|slp\n|\n|-weather|SunnyDay|[upkeep]\n|upkeep\n|\n|t:|1773955971\n|switch|p2a: Calyrex|Calyrex-Shadow, L50|100/100\n|-ability|p2a: Calyrex|As One\n|-ability|p2a: Calyrex|Unnerve\n|turn|3\n|\n|t:|1773955980\n|move|p2a: Calyrex|Astral Barrage|p1b: Weezing|[spread] p1a,p1b\n|-damage|p1a: Koraidon|31/100 slp\n|-damage|p1b: Weezing|23/100 slp\n|-damage|p2a: Calyrex|91/100|[from] item: Life Orb\n|cant|p1a: Koraidon|slp\n|move|p2b: Smeargle|Decorate|p2a: Calyrex\n|-boost|p2a: Calyrex|atk|2\n|-boost|p2a: Calyrex|spa|2\n|cant|p1b: Weezing|slp\n|\n|-weather|SunnyDay|[upkeep]\n|upkeep\n|turn|4\n|\n|t:|1773955995\n|cant|p1a: Koraidon|slp\n|move|p2a: Calyrex|Astral Barrage|p1a: Koraidon|[spread] p1a,p1b\n|-damage|p1a: Koraidon|0 fnt\n|-damage|p1b: Weezing|0 fnt\n|faint|p1a: Koraidon\n|faint|p1b: Weezing\n|-end|p1b: Weezing|ability: Neutralizing Gas\n|-ability|p2a: Calyrex|Grim Neigh|boost\n|-boost|p2a: Calyrex|spa|2\n|-damage|p2a: Calyrex|82/100|[from] item: Life Orb\n|move|p2b: Smeargle|Decorate|p2a: Calyrex\n|-boost|p2a: Calyrex|atk|2\n|-boost|p2a: Calyrex|spa|2\n|\n|-weather|SunnyDay|[upkeep]\n|-ability|p2b: Smeargle|Moody|boost\n|-boost|p2b: Smeargle|spa|2\n|-unboost|p2b: Smeargle|spd|1\n|upkeep\n|\n|t:|1773956010\n|switch|p1a: Dondozo|Dondozo, L50, M|100/100\n|switch|p1b: Tatsugiri|Tatsugiri-Droopy, L50, M|100/100\n|-activate|p1b: Tatsugiri|ability: Commander|[of] p1a: Dondozo\n|-boost|p1a: Dondozo|atk|2\n|-boost|p1a: Dondozo|spa|2\n|-boost|p1a: Dondozo|spe|2\n|-boost|p1a: Dondozo|def|2\n|-boost|p1a: Dondozo|spd|2\n|turn|5\n|\n|t:|1773956024\n|-terastallize|p1a: Dondozo|Grass\n|move|p2a: Calyrex|Protect|p2a: Calyrex\n|-singleturn|p2a: Calyrex|Protect\n|move|p1a: Dondozo|Earthquake|p2b: Smeargle|[spread] p2b\n|-miss|p1a: Dondozo|p1b: Tatsugiri\n|-activate|p2a: Calyrex|move: Protect\n|-damage|p2b: Smeargle|34/100\n|move|p2b: Smeargle|Spore|p1a: Dondozo\n|-immune|p1a: Dondozo\n|\n|-weather|none\n|-ability|p2b: Smeargle|Moody|boost\n|-boost|p2b: Smeargle|atk|2\n|-unboost|p2b: Smeargle|def|1\n|upkeep\n|turn|6\n|\n|t:|1773956040\n|switch|p2b: Tornadus|Tornadus, L50, M|100/100\n|move|p2a: Calyrex|Astral Barrage|p1b: Tatsugiri|[spread] p1a\n|-miss|p2a: Calyrex|p1b: Tatsugiri\n|-damage|p1a: Dondozo|70/100\n|-damage|p2a: Calyrex|72/100|[from] item: Life Orb\n|move|p1a: Dondozo|Earthquake|p2b: Tornadus|[spread] p2a\n|-miss|p1a: Dondozo|p1b: Tatsugiri\n|-immune|p2b: Tornadus\n|-damage|p2a: Calyrex|32/100\n|\n|-heal|p1a: Dondozo|76/100|[from] item: Leftovers\n|upkeep\n|turn|7\n|\n|t:|1773956062\n|move|p2a: Calyrex|Protect|p2a: Calyrex\n|-singleturn|p2a: Calyrex|Protect\n|move|p2b: Tornadus|Tailwind|p2b: Tornadus\n|-sidestart|p2: Sh1k3|move: Tailwind\n|move|p1a: Dondozo|Order Up|p2b: Tornadus\n|-damage|p2b: Tornadus|63/100\n|-boost|p1a: Dondozo|def|1\n|\n|-heal|p1a: Dondozo|82/100|[from] item: Leftovers\n|upkeep\n|turn|8\n|\n|t:|1773956077\n|move|p2a: Calyrex|Astral Barrage|p1a: Dondozo|[spread] p1a\n|-miss|p2a: Calyrex|p1b: Tatsugiri\n|-damage|p1a: Dondozo|51/100\n|-damage|p2a: Calyrex|23/100|[from] item: Life Orb\n|move|p2b: Tornadus|Bleakwind Storm|p1a: Dondozo|[spread] p1a\n|-miss|p2b: Tornadus|p1b: Tatsugiri\n|-supereffective|p1a: Dondozo\n|-damage|p1a: Dondozo|24/100\n|move|p1a: Dondozo|Body Press|p2b: Tornadus\n|-resisted|p2b: Tornadus\n|-damage|p2b: Tornadus|29/100\n|\n|-heal|p1a: Dondozo|31/100|[from] item: Leftovers\n|upkeep\n|turn|9\n|\n|t:|1773956093\n|move|p1a: Dondozo|Protect|p1a: Dondozo\n|-singleturn|p1a: Dondozo|Protect\n|move|p2a: Calyrex|Astral Barrage|p1a: Dondozo|[spread] \n|-miss|p2a: Calyrex|p1b: Tatsugiri\n|-activate|p1a: Dondozo|move: Protect\n|move|p2b: Tornadus|Bleakwind Storm|p1a: Dondozo|[spread] \n|-miss|p2b: Tornadus|p1b: Tatsugiri\n|-activate|p1a: Dondozo|move: Protect\n|\n|-heal|p1a: Dondozo|37/100|[from] item: Leftovers\n|upkeep\n|turn|10\n|\n|t:|1773956107\n|move|p2a: Calyrex|Astral Barrage|p1b: Tatsugiri|[spread] p1a\n|-miss|p2a: Calyrex|p1b: Tatsugiri\n|-damage|p1a: Dondozo|4/100\n|-damage|p2a: Calyrex|13/100|[from] item: Life Orb\n|move|p2b: Tornadus|Bleakwind Storm|p1b: Tatsugiri|[spread] p1a\n|-miss|p2b: Tornadus|p1b: Tatsugiri\n|-supereffective|p1a: Dondozo\n|-damage|p1a: Dondozo|0 fnt\n|faint|p1a: Dondozo\n|\n|-sideend|p2: Sh1k3|move: Tailwind\n|upkeep\n|turn|11\n|\n|t:|1773956122\n|move|p2b: Tornadus|Tailwind|p2b: Tornadus\n|-sidestart|p2: Sh1k3|move: Tailwind\n|move|p2a: Calyrex|Astral Barrage|p1b: Tatsugiri\n|-damage|p1b: Tatsugiri|0 fnt\n|faint|p1b: Tatsugiri\n|-damage|p2a: Calyrex|4/100|[from] item: Life Orb\n|\n|win|Sh1k3\n|raw|joestar117's rating: 1139 &rarr; <strong>1120</strong><br />(-19 for losing)\n|raw|Sh1k3's rating: 1221 &rarr; <strong>1240</strong><br />(+19 for winning)\n|l|\u2606joestar117\n|player|p1|\n","uploadtime":1773956142,"views":11,"formatid":"gen9vgc2026regi","rating":1120,"private":0,"password":null}