{"id":"gen9vgc2026regi-2575389273","format":"[Gen 9] VGC 2026 Reg I","players":["yubanmeiqin","Kwiper"],"log":"|j|\u2606yubanmeiqin\n|j|\u2606Kwiper\n|t:|1775346903\n|gametype|doubles\n|player|p1|yubanmeiqin|lillie-masters2|1606\n|player|p2|Kwiper|sycamore|1574\n|gen|9\n|tier|[Gen 9] VGC 2026 Reg I\n|rated|\n|rule|Species Clause: Limit one of each Pok\u00e9mon\n|rule|Item Clause: Limit 1 of each item\n|clearpoke\n|poke|p1|Koraidon, L50|\n|poke|p1|Lunala, L50|\n|poke|p1|Tornadus, L50, M|\n|poke|p1|Raging Bolt, L50|\n|poke|p1|Rillaboom, L50, F|\n|poke|p1|Incineroar, L50, F|\n|poke|p2|Koraidon, L50|\n|poke|p2|Lunala, L50|\n|poke|p2|Indeedee-F, L50, F|\n|poke|p2|Flutter Mane, L50|\n|poke|p2|Volcarona, L50, F|\n|poke|p2|Ursaluna, L50, M|\n|teampreview|4\n|inactive|Battle timer is ON: inactive players will automatically lose when time's up. (requested by Kwiper)\n|inactive|yubanmeiqin has 60 seconds left.\n|\n|t:|1775346936\n|teamsize|p1|4\n|teamsize|p2|4\n|start\n|switch|p1a: \u82cd\u5d0e\u9752\u5b50|Lunala, L50|100/100\n|switch|p1b: \u85e4\u59d0|Incineroar, L50, F|100/100\n|switch|p2a: Lunala|Lunala, L50, shiny|100/100\n|switch|p2b: Indeedee|Indeedee-F, L50, F|100/100\n|-fieldstart|move: Psychic Terrain|[from] ability: Psychic Surge|[of] p2b: Indeedee\n|-ability|p1b: \u85e4\u59d0|Intimidate|boost\n|-unboost|p2a: Lunala|atk|1\n|-unboost|p2b: Indeedee|atk|1\n|turn|1\n|\n|t:|1775346947\n|-terastallize|p2a: Lunala|Water\n|move|p1a: \u82cd\u5d0e\u9752\u5b50|Meteor Beam||[still]\n|-prepare|p1a: \u82cd\u5d0e\u9752\u5b50|Meteor Beam\n|-boost|p1a: \u82cd\u5d0e\u9752\u5b50|spa|1\n|-enditem|p1a: \u82cd\u5d0e\u9752\u5b50|Power Herb\n|-anim|p1a: \u82cd\u5d0e\u9752\u5b50|Meteor Beam|p2b: Indeedee\n|-damage|p2b: Indeedee|31/100\n|move|p2a: Lunala|Meteor Beam||[still]\n|-prepare|p2a: Lunala|Meteor Beam\n|-boost|p2a: Lunala|spa|1\n|-enditem|p2a: Lunala|Power Herb\n|-anim|p2a: Lunala|Meteor Beam|p1b: \u85e4\u59d0\n|-supereffective|p1b: \u85e4\u59d0\n|-damage|p1b: \u85e4\u59d0|4/100\n|move|p2b: Indeedee|Alluring Voice|p1a: \u82cd\u5d0e\u9752\u5b50\n|-damage|p1a: \u82cd\u5d0e\u9752\u5b50|94/100\n|-start|p1a: \u82cd\u5d0e\u9752\u5b50|confusion\n|move|p1b: \u85e4\u59d0|U-turn|p2b: Indeedee\n|-supereffective|p2b: Indeedee\n|-crit|p2b: Indeedee\n|-damage|p2b: Indeedee|0 fnt\n|faint|p2b: Indeedee\n|\n|t:|1775346961\n|switch|p1b: \u4e24\u4eea\u5f0f|Rillaboom, L50, F|100/100|[from] U-turn\n|-fieldstart|move: Grassy Terrain|[from] ability: Grassy Surge|[of] p1b: \u4e24\u4eea\u5f0f\n|\n|-heal|p1a: \u82cd\u5d0e\u9752\u5b50|99/100|[from] Grassy Terrain\n|upkeep\n|\n|t:|1775346965\n|switch|p2b: Flutter Mane|Flutter Mane, L50|100/100\n|turn|2\n|\n|t:|1775346974\n|-terastallize|p1a: \u82cd\u5d0e\u9752\u5b50|Fairy\n|move|p2b: Flutter Mane|Moonblast|p1b: \u4e24\u4eea\u5f0f\n|-damage|p1b: \u4e24\u4eea\u5f0f|50/100\n|-activate|p1a: \u82cd\u5d0e\u9752\u5b50|confusion\n|-damage|p1a: \u82cd\u5d0e\u9752\u5b50|93/100|[from] confusion\n|move|p2a: Lunala|Moongeist Beam|p1b: \u4e24\u4eea\u5f0f\n|-damage|p1b: \u4e24\u4eea\u5f0f|0 fnt\n|faint|p1b: \u4e24\u4eea\u5f0f\n|\n|-heal|p1a: \u82cd\u5d0e\u9752\u5b50|99/100|[from] Grassy Terrain\n|upkeep\n|\n|t:|1775346982\n|switch|p1b: \u85e4\u59d0|Incineroar, L50, F|4/100\n|-ability|p1b: \u85e4\u59d0|Intimidate|boost\n|-unboost|p2a: Lunala|atk|1\n|-unboost|p2b: Flutter Mane|atk|1\n|turn|3\n|\n|t:|1775347003\n|move|p1b: \u85e4\u59d0|Fake Out|p2a: Lunala\n|-damage|p2a: Lunala|96/100\n|move|p2b: Flutter Mane|Moonblast|p1a: \u82cd\u5d0e\u9752\u5b50\n|-damage|p1a: \u82cd\u5d0e\u9752\u5b50|62/100\n|-activate|p1a: \u82cd\u5d0e\u9752\u5b50|confusion\n|move|p1a: \u82cd\u5d0e\u9752\u5b50|Moonblast|p2b: Flutter Mane\n|-damage|p2b: Flutter Mane|16/100\n|cant|p2a: Lunala|flinch\n|\n|-heal|p2b: Flutter Mane|22/100|[from] Grassy Terrain\n|-heal|p1a: \u82cd\u5d0e\u9752\u5b50|68/100|[from] Grassy Terrain\n|-heal|p2a: Lunala|100/100|[from] Grassy Terrain\n|-heal|p1b: \u85e4\u59d0|10/100|[from] Grassy Terrain\n|upkeep\n|turn|4\n|\n|t:|1775347021\n|move|p2b: Flutter Mane|Moonblast|p1a: \u82cd\u5d0e\u9752\u5b50\n|-damage|p1a: \u82cd\u5d0e\u9752\u5b50|26/100\n|-end|p1a: \u82cd\u5d0e\u9752\u5b50|confusion\n|move|p1a: \u82cd\u5d0e\u9752\u5b50|Moongeist Beam|p2a: Lunala\n|-damage|p2a: Lunala|70/100\n|move|p2a: Lunala|Moongeist Beam|p1a: \u82cd\u5d0e\u9752\u5b50\n|-damage|p1a: \u82cd\u5d0e\u9752\u5b50|0 fnt\n|faint|p1a: \u82cd\u5d0e\u9752\u5b50\n|move|p1b: \u85e4\u59d0|Knock Off|p2b: Flutter Mane\n|-damage|p2b: Flutter Mane|0 fnt\n|-enditem|p2b: Flutter Mane|Focus Sash|[from] move: Knock Off|[of] p1b: \u85e4\u59d0\n|faint|p2b: Flutter Mane\n|-end|p2b: Flutter Mane|Protosynthesis|[silent]\n|\n|-heal|p2a: Lunala|76/100|[from] Grassy Terrain\n|-heal|p1b: \u85e4\u59d0|16/100|[from] Grassy Terrain\n|upkeep\n|\n|t:|1775347031\n|switch|p2b: Koraidon|Koraidon, L50, shiny|100/100\n|switch|p1a: \u4f24\u75db\u4e4b\u8d64|Koraidon, L50, shiny|100/100\n|-weather|SunnyDay|[from] ability: Orichalcum Pulse|[of] p2b: Koraidon\n|-activate|p2b: Koraidon|Orichalcum Pulse|[source]\n|-activate|p1a: \u4f24\u75db\u4e4b\u8d64|ability: Orichalcum Pulse\n|turn|5\n|\n|t:|1775347042\n|move|p2b: Koraidon|Breaking Swipe|p1a: \u4f24\u75db\u4e4b\u8d64|[spread] p1a,p1b\n|-supereffective|p1a: \u4f24\u75db\u4e4b\u8d64\n|-damage|p1a: \u4f24\u75db\u4e4b\u8d64|40/100\n|-damage|p1b: \u85e4\u59d0|0 fnt\n|faint|p1b: \u85e4\u59d0\n|-damage|p2b: Koraidon|91/100|[from] item: Life Orb\n|move|p1a: \u4f24\u75db\u4e4b\u8d64|Collision Course|p2a: Lunala\n|-damage|p2a: Lunala|12/100\n|move|p2a: Lunala|Moongeist Beam|p1a: \u4f24\u75db\u4e4b\u8d64\n|-damage|p1a: \u4f24\u75db\u4e4b\u8d64|0 fnt\n|faint|p1a: \u4f24\u75db\u4e4b\u8d64\n|\n|win|Kwiper\n|raw|yubanmeiqin's rating: 1606 &rarr; <strong>1584</strong><br />(-22 for losing)\n|raw|Kwiper's rating: 1574 &rarr; <strong>1596</strong><br />(+22 for winning)\n","uploadtime":1775347042,"views":12,"formatid":"gen9vgc2026regi","rating":1584,"private":0,"password":null}