{"id":"gen9vgc2026regi-2565554231","format":"[Gen 9] VGC 2026 Reg I","players":["shangenb1","Realfrytki"],"log":"|j|\u2606shangenb1\n|j|\u2606Realfrytki\n|t:|1774284814\n|gametype|doubles\n|player|p1|shangenb1|102|1530\n|player|p2|Realfrytki|veteranf|1554\n|gen|9\n|tier|[Gen 9] VGC 2026 Reg I\n|rated|\n|rule|Species Clause: Limit one of each Pok\u00e9mon\n|rule|Item Clause: Limit 1 of each item\n|clearpoke\n|poke|p1|Koraidon, L50|\n|poke|p1|Lunala, L50|\n|poke|p1|Flutter Mane, L50|\n|poke|p1|Chi-Yu, L50|\n|poke|p1|Raging Bolt, L50|\n|poke|p1|Indeedee-F, L50, F|\n|poke|p2|Terapagos, L50, M|\n|poke|p2|Grimmsnarl, L50, M|\n|poke|p2|Volcarona, L50, M|\n|poke|p2|Miraidon, L50|\n|poke|p2|Iron Hands, L50|\n|poke|p2|Amoonguss, L50, F|\n|teampreview|4\n|inactive|Battle timer is ON: inactive players will automatically lose when time's up. (requested by shangenb1)\n|inactive|shangenb1 has 60 seconds left.\n|inactive|Realfrytki has 60 seconds left.\n|l|\u2606Realfrytki\n|inactive|Realfrytki disconnected and has a minute to reconnect!\n|player|p2|\n|inactive|Realfrytki has 30 seconds left.\n|j|\u2606Realfrytki\n|inactive|Realfrytki reconnected and has 25 seconds left.\n|player|p2|Realfrytki|veteranf|\n|inactive|Realfrytki has 20 seconds left.\n|inactive|Realfrytki has 15 seconds left.\n|\n|t:|1774284894\n|teamsize|p1|4\n|teamsize|p2|4\n|start\n|switch|p1a: Raging Bolt|Raging Bolt, L50|100/100\n|switch|p1b: Lunala|Lunala, L50|100/100\n|switch|p2a: Grimmsnarl|Grimmsnarl, L50, M|100/100\n|switch|p2b: Terapagos|Terapagos, L50, M|100/100\n|-activate|p2b: Terapagos|ability: Tera Shift\n|detailschange|p2b: Terapagos|Terapagos-Terastal, L50, M\n|-heal|p2b: Terapagos|100/100|[silent]\n|turn|1\n|inactive|shangenb1 has 30 seconds left.\n|\n|t:|1774284919\n|switch|p1b: Indeedee|Indeedee-F, L50, F|100/100\n|-fieldstart|move: Psychic Terrain|[from] ability: Psychic Surge|[of] p1b: Indeedee\n|move|p2a: Grimmsnarl|Fake Out|p1a: Raging Bolt\n|-activate|p1a: Raging Bolt|move: Psychic Terrain\n|move|p2b: Terapagos|Tera Starstorm|p1a: Raging Bolt\n|-damage|p1a: Raging Bolt|52/100\n|move|p1a: Raging Bolt|Snarl|p2b: Terapagos|[spread] p2a,p2b\n|-resisted|p2a: Grimmsnarl\n|-activate|p2b: Terapagos|ability: Tera Shell\n|-resisted|p2b: Terapagos\n|-damage|p2a: Grimmsnarl|97/100\n|-damage|p2b: Terapagos|93/100\n|-unboost|p2b: Terapagos|spa|1\n|\n|upkeep\n|turn|2\n|\n|t:|1774284941\n|switch|p1b: Koraidon|Koraidon, L50|100/100\n|-weather|SunnyDay|[from] ability: Orichalcum Pulse|[of] p1b: Koraidon\n|-activate|p1a: Raging Bolt|ability: Protosynthesis\n|-start|p1a: Raging Bolt|protosynthesisspa\n|-activate|p1b: Koraidon|Orichalcum Pulse|[source]\n|-terastallize|p2b: Terapagos|Stellar\n|detailschange|p2b: Terapagos|Terapagos-Stellar, L50, M, tera:Stellar\n|-heal|p2b: Terapagos|95/100|[silent]\n|-ability|p2b: Terapagos|Teraform Zero\n|-weather|none\n|-end|p1a: Raging Bolt|Protosynthesis\n|-fieldend|move: Psychic Terrain\n|move|p2a: Grimmsnarl|Fake Tears|p1b: Koraidon\n|-fail|p1b: Koraidon|unboost|[from] item: Clear Amulet|[of] p1b: Koraidon\n|move|p2b: Terapagos|Tera Starstorm|p1a: Raging Bolt|[spread] p1a,p1b\n|-damage|p1a: Raging Bolt|28/100\n|-damage|p1b: Koraidon|63/100\n|move|p1a: Raging Bolt|Draco Meteor|p2b: Terapagos\n|-damage|p2b: Terapagos|46/100\n|-unboost|p1a: Raging Bolt|spa|2\n|\n|upkeep\n|turn|3\n|inactive|shangenb1 has 30 seconds left.\n|inactive|shangenb1 has 20 seconds left.\n|inactive|shangenb1 has 15 seconds left.\n|inactive|shangenb1 has 10 seconds left.\n|l|\u2606Realfrytki\n|inactive|Realfrytki disconnected and has a minute to reconnect!\n|player|p2|\n|\n|t:|1774284988\n|switch|p1b: Indeedee|Indeedee-F, L50, F|100/100\n|-fieldstart|move: Psychic Terrain|[from] ability: Psychic Surge|[of] p1b: Indeedee\n|move|p2b: Terapagos|Tera Starstorm|p1b: Indeedee|[spread] p1a,p1b\n|-damage|p1a: Raging Bolt|5/100\n|-damage|p1b: Indeedee|60/100\n|move|p1a: Raging Bolt|Snarl|p2a: Grimmsnarl|[spread] p2a,p2b\n|-resisted|p2a: Grimmsnarl\n|-damage|p2a: Grimmsnarl|96/100\n|-damage|p2b: Terapagos|40/100\n|-unboost|p2b: Terapagos|spa|1\n|move|p2a: Grimmsnarl|Foul Play|p1b: Indeedee\n|-supereffective|p1b: Indeedee\n|-damage|p1b: Indeedee|33/100\n|-damage|p2a: Grimmsnarl|79/100|[from] item: Rocky Helmet|[of] p1b: Indeedee\n|\n|upkeep\n|turn|4\n|j|\u2606Realfrytki\n|inactive|Realfrytki reconnected and has 45 seconds left.\n|player|p2|Realfrytki|veteranf|\n|inactive|shangenb1 has 30 seconds left.\n|\n|t:|1774285022\n|switch|p1b: Koraidon|Koraidon, L50|63/100\n|-weather|SunnyDay|[from] ability: Orichalcum Pulse|[of] p1b: Koraidon\n|-activate|p1a: Raging Bolt|ability: Protosynthesis\n|-start|p1a: Raging Bolt|protosynthesisdef\n|-activate|p1b: Koraidon|Orichalcum Pulse|[source]\n|move|p2b: Terapagos|Tera Starstorm|p1b: Koraidon|[spread] p1a,p1b\n|-damage|p1a: Raging Bolt|0 fnt\n|-damage|p1b: Koraidon|45/100\n|faint|p1a: Raging Bolt\n|-end|p1a: Raging Bolt|Protosynthesis|[silent]\n|move|p2a: Grimmsnarl|Foul Play|p1b: Koraidon\n|-resisted|p1b: Koraidon\n|-crit|p1b: Koraidon\n|-damage|p1b: Koraidon|12/100\n|\n|-weather|SunnyDay|[upkeep]\n|upkeep\n|\n|t:|1774285040\n|switch|p1a: Lunala|Lunala, L50|100/100\n|turn|5\n|\n|t:|1774285060\n|move|p1b: Koraidon|Protect|p1b: Koraidon\n|-singleturn|p1b: Koraidon|Protect\n|move|p1a: Lunala|Meteor Beam||[still]\n|-prepare|p1a: Lunala|Meteor Beam\n|-boost|p1a: Lunala|spa|1\n|-enditem|p1a: Lunala|Power Herb\n|-anim|p1a: Lunala|Meteor Beam|p2a: Grimmsnarl\n|-damage|p2a: Grimmsnarl|9/100\n|move|p2b: Terapagos|Tera Starstorm|p1b: Koraidon|[spread] p1a\n|-activate|p1b: Koraidon|move: Protect\n|-damage|p1a: Lunala|90/100\n|move|p2a: Grimmsnarl|Foul Play|p1a: Lunala\n|-supereffective|p1a: Lunala\n|-damage|p1a: Lunala|0 fnt\n|faint|p1a: Lunala\n|\n|-weather|SunnyDay|[upkeep]\n|upkeep\n|\n|t:|1774285078\n|switch|p1a: Indeedee|Indeedee-F, L50, F|33/100\n|turn|6\n|\n|t:|1774285087\n|-terastallize|p1b: Koraidon|Fire\n|move|p1a: Indeedee|Follow Me|p1a: Indeedee\n|-singleturn|p1a: Indeedee|move: Follow Me\n|move|p1b: Koraidon|Flame Charge|p2b: Terapagos\n|-damage|p2b: Terapagos|0 fnt\n|-boost|p1b: Koraidon|spe|1\n|faint|p2b: Terapagos\n|detailschange|p2: Terapagos|Terapagos, L50, M|[silent]\n|move|p2a: Grimmsnarl|Foul Play|p1a: Indeedee\n|-supereffective|p1a: Indeedee\n|-damage|p1a: Indeedee|2/100\n|-damage|p2a: Grimmsnarl|0 fnt|[from] item: Rocky Helmet|[of] p1a: Indeedee\n|faint|p2a: Grimmsnarl\n|\n|-weather|SunnyDay|[upkeep]\n|upkeep\n|\n|t:|1774285105\n|switch|p2b: Miraidon|Miraidon, L50|100/100\n|switch|p2a: Amoonguss|Amoonguss, L50, F|100/100\n|-fieldstart|move: Electric Terrain|[from] ability: Hadron Engine|[of] p2b: Miraidon\n|turn|7\n|\n|t:|1774285118\n|move|p1a: Indeedee|Follow Me|p1a: Indeedee\n|-singleturn|p1a: Indeedee|move: Follow Me\n|move|p2a: Amoonguss|Rage Powder|p2a: Amoonguss\n|-singleturn|p2a: Amoonguss|move: Rage Powder\n|move|p1b: Koraidon|Flame Charge|p2a: Amoonguss\n|-supereffective|p2a: Amoonguss\n|-damage|p2a: Amoonguss|0 fnt\n|-boost|p1b: Koraidon|spe|1\n|-damage|p1b: Koraidon|0 fnt|[from] item: Rocky Helmet|[of] p2a: Amoonguss\n|faint|p2a: Amoonguss\n|faint|p1b: Koraidon\n|move|p2b: Miraidon|Electro Drift|p1a: Indeedee\n|-damage|p1a: Indeedee|0 fnt\n|-damage|p2b: Miraidon|84/100|[from] item: Rocky Helmet|[of] p1a: Indeedee\n|faint|p1a: Indeedee\n|-damage|p2b: Miraidon|74/100|[from] item: Life Orb\n|\n|win|Realfrytki\n|raw|shangenb1's rating: 1530 &rarr; <strong>1511</strong><br />(-19 for losing)\n|raw|Realfrytki's rating: 1554 &rarr; <strong>1573</strong><br />(+19 for winning)\n|l|\u2606shangenb1\n|player|p1|\n|l|\u2606Realfrytki\n|player|p2|\n","uploadtime":1774285321,"views":12,"formatid":"gen9vgc2026regi","rating":1511,"private":0,"password":null}