{"id":"gen9vgc2026regi-2562742862","format":"[Gen 9] VGC 2026 Reg I","players":["curfy317","jd8erh"],"log":"|j|\u2606curfy317\n|j|\u2606jd8erh\n|t:|1773945944\n|gametype|doubles\n|player|p1|curfy317|265|1437\n|player|p2|jd8erh|1|1422\n|gen|9\n|tier|[Gen 9] VGC 2026 Reg I\n|rated|\n|rule|Species Clause: Limit one of each Pok\u00e9mon\n|rule|Item Clause: Limit 1 of each item\n|clearpoke\n|poke|p1|Zacian-*, L50|\n|poke|p1|Lunala, L50|\n|poke|p1|Umbreon, L50, F|\n|poke|p1|Urshifu-*, L50, F|\n|poke|p1|Rillaboom, L50, F|\n|poke|p1|Thundurus, L50, M|\n|poke|p2|Zacian-*, L50|\n|poke|p2|Kyogre, L50|\n|poke|p2|Landorus, L50, M|\n|poke|p2|Sinistcha, L50|\n|poke|p2|Archaludon, L50, M|\n|poke|p2|Tornadus, L50, M|\n|teampreview|4\n|inactive|Battle timer is ON: inactive players will automatically lose when time's up. (requested by jd8erh)\n|inactive|curfy317 also wants the timer to be on.\n|\n|t:|1773945966\n|teamsize|p1|4\n|teamsize|p2|4\n|start\n|switch|p1a: Thundurus|Thundurus, L50, M|100/100\n|switch|p1b: Urshifu|Urshifu-Rapid-Strike, L50, F|100/100\n|switch|p2a: Zacian|Zacian-Crowned, L50|100/100\n|switch|p2b: Sinistcha|Sinistcha, L50|100/100\n|-ability|p2a: Zacian|Intrepid Sword|boost\n|-boost|p2a: Zacian|atk|1\n|turn|1\n|\n|t:|1773945986\n|move|p2b: Sinistcha|Rage Powder|p2b: Sinistcha\n|-singleturn|p2b: Sinistcha|move: Rage Powder\n|move|p1b: Urshifu|U-turn|p2b: Sinistcha\n|-damage|p2b: Sinistcha|81/100\n|-damage|p1b: Urshifu|84/100|[from] item: Rocky Helmet|[of] p2b: Sinistcha\n|\n|t:|1773945991\n|switch|p1b: Zacian|Zacian-Crowned, L50|100/100|[from] U-turn\n|-ability|p1b: Zacian|Intrepid Sword|boost\n|-boost|p1b: Zacian|atk|1\n|move|p2a: Zacian|Play Rough|p1a: Thundurus\n|-damage|p1a: Thundurus|23/100\n|move|p1a: Thundurus|Wildbolt Storm|p2b: Sinistcha|[spread] p2a,p2b\n|-crit|p2a: Zacian\n|-resisted|p2b: Sinistcha\n|-damage|p2a: Zacian|54/100\n|-damage|p2b: Sinistcha|66/100\n|\n|upkeep\n|turn|2\n|inactive|curfy317 has 30 seconds left.\n|\n|t:|1773946018\n|move|p2a: Zacian|Behemoth Blade|p1a: Thundurus\n|-resisted|p1a: Thundurus\n|-damage|p1a: Thundurus|0 fnt\n|faint|p1a: Thundurus\n|move|p1b: Zacian|Behemoth Blade|p2b: Sinistcha\n|-damage|p2b: Sinistcha|0 fnt\n|-damage|p1b: Zacian|84/100|[from] item: Rocky Helmet|[of] p2b: Sinistcha\n|faint|p2b: Sinistcha\n|\n|upkeep\n|\n|t:|1773946030\n|switch|p1a: Urshifu|Urshifu-Rapid-Strike, L50, F|84/100\n|switch|p2b: Archaludon|Archaludon, L50, M|100/100\n|turn|3\n|\n|t:|1773946041\n|move|p1a: Urshifu|Surging Strikes|p2a: Zacian\n|-crit|p2a: Zacian\n|-damage|p2a: Zacian|35/100\n|-crit|p2a: Zacian\n|-damage|p2a: Zacian|15/100\n|-crit|p2a: Zacian\n|-damage|p2a: Zacian|0 fnt\n|faint|p2a: Zacian\n|-hitcount|p2: Zacian|3\n|move|p1b: Zacian|Sacred Sword|p2b: Archaludon\n|-supereffective|p2b: Archaludon\n|-damage|p2b: Archaludon|32/100\n|-ability|p2b: Archaludon|Stamina|boost\n|-boost|p2b: Archaludon|def|1\n|move|p2b: Archaludon|Body Press|p1b: Zacian\n|-crit|p1b: Zacian\n|-damage|p1b: Zacian|41/100\n|\n|upkeep\n|\n|t:|1773946044\n|switch|p2a: Kyogre|Kyogre, L50|100/100\n|-weather|RainDance|[from] ability: Drizzle|[of] p2a: Kyogre\n|turn|4\n|\n|t:|1773946064\n|move|p1a: Urshifu|Surging Strikes|p2a: Kyogre\n|-resisted|p2a: Kyogre\n|-crit|p2a: Kyogre\n|-damage|p2a: Kyogre|86/100\n|-resisted|p2a: Kyogre\n|-crit|p2a: Kyogre\n|-damage|p2a: Kyogre|70/100\n|-resisted|p2a: Kyogre\n|-crit|p2a: Kyogre\n|-damage|p2a: Kyogre|54/100\n|-hitcount|p2a: Kyogre|3\n|move|p1b: Zacian|Sacred Sword|p2b: Archaludon\n|-supereffective|p2b: Archaludon\n|-damage|p2b: Archaludon|0 fnt\n|faint|p2b: Archaludon\n|move|p2a: Kyogre|Origin Pulse|p1a: Urshifu|[spread] p1a,p1b\n|-resisted|p1a: Urshifu\n|-damage|p1a: Urshifu|15/100\n|-damage|p1b: Zacian|0 fnt\n|faint|p1b: Zacian\n|\n|-weather|RainDance|[upkeep]\n|upkeep\n|\n|t:|1773946079\n|switch|p1b: Lunala|Lunala, L50|100/100\n|turn|5\n|\n|t:|1773946084\n|-terastallize|p1b: Lunala|Water\n|-terastallize|p2a: Kyogre|Grass\n|move|p1a: Urshifu|Surging Strikes|p2a: Kyogre\n|-resisted|p2a: Kyogre\n|-crit|p2a: Kyogre\n|-damage|p2a: Kyogre|38/100\n|-resisted|p2a: Kyogre\n|-crit|p2a: Kyogre\n|-damage|p2a: Kyogre|23/100\n|-resisted|p2a: Kyogre\n|-crit|p2a: Kyogre\n|-damage|p2a: Kyogre|7/100\n|-hitcount|p2a: Kyogre|3\n|move|p1b: Lunala|Moongeist Beam|p2a: Kyogre\n|-damage|p2a: Kyogre|0 fnt\n|faint|p2a: Kyogre\n|\n|win|curfy317\n|raw|curfy317's rating: 1437 &rarr; <strong>1456</strong><br />(+19 for winning)\n|raw|jd8erh's rating: 1422 &rarr; <strong>1403</strong><br />(-19 for losing)\n|l|\u2606jd8erh\n|player|p2|\n|l|\u2606curfy317\n|player|p1|\n","uploadtime":1773946348,"views":12,"formatid":"gen9vgc2026regi","rating":1403,"private":0,"password":null}