{"id":"gen9vgc2026regi-2535197727","format":"[Gen 9] VGC 2026 Reg I","players":["lalo's pollos","MarEQuinox"],"log":"|j|\u2606lalo's pollos\n|j|\u2606MarEQuinox\n|t:|1770527290\n|gametype|doubles\n|player|p1|lalo's pollos|2|1438\n|player|p2|MarEQuinox|cynthia-gen4|1451\n|gen|9\n|tier|[Gen 9] VGC 2026 Reg I\n|rated|\n|rule|Species Clause: Limit one of each Pok\u00e9mon\n|rule|Item Clause: Limit 1 of each item\n|clearpoke\n|poke|p1|Zamazenta-*, L50|\n|poke|p1|Lunala, L50|\n|poke|p1|Rillaboom, L50, M|\n|poke|p1|Incineroar, L50, M|\n|poke|p1|Urshifu-*, L50, M|\n|poke|p1|Tornadus, L50, M|\n|poke|p2|Miraidon, L50|\n|poke|p2|Calyrex-Ice, L50|\n|poke|p2|Dondozo, L50, F|\n|poke|p2|Tatsugiri, L50, F|\n|poke|p2|Chien-Pao, L50|\n|poke|p2|Dragonite, L50, M|\n|teampreview|4\n|\n|t:|1770527304\n|teamsize|p1|4\n|teamsize|p2|4\n|start\n|switch|p1a: Tornadus|Tornadus, L50, M|100/100\n|switch|p1b: Lunala|Lunala, L50|100/100\n|switch|p2a: Chien-Pao|Chien-Pao, L50|100/100\n|switch|p2b: Dragonite|Dragonite, L50, M|100/100\n|-ability|p2a: Chien-Pao|Sword of Ruin\n|turn|1\n|\n|t:|1770527325\n|switch|p1b: Zamazenta|Zamazenta-Crowned, L50|100/100\n|-ability|p1b: Zamazenta|Dauntless Shield|boost\n|-boost|p1b: Zamazenta|def|1\n|move|p2a: Chien-Pao|Ruination|p1b: Zamazenta\n|-damage|p1b: Zamazenta|51/100\n|move|p1a: Tornadus|Bleakwind Storm|p2a: Chien-Pao|[spread] p2a,p2b\n|-damage|p2a: Chien-Pao|72/100\n|-damage|p2b: Dragonite|63/100\n|move|p2b: Dragonite|Outrage|p1a: Tornadus\n|-enditem|p1a: Tornadus|Focus Sash\n|-damage|p1a: Tornadus|1/100\n|\n|upkeep\n|turn|2\n|\n|t:|1770527361\n|move|p1a: Tornadus|Tailwind|p1a: Tornadus\n|-sidestart|p1: lalo's pollos|move: Tailwind\n|move|p1b: Zamazenta|Heavy Slam|p2a: Chien-Pao\n|-supereffective|p2a: Chien-Pao\n|-damage|p2a: Chien-Pao|0 fnt\n|faint|p2a: Chien-Pao\n|move|p2b: Dragonite|Outrage|p1b: Zamazenta|[from] lockedmove\n|-resisted|p1b: Zamazenta\n|-damage|p1b: Zamazenta|32/100\n|-start|p2b: Dragonite|confusion|[fatigue]\n|\n|upkeep\n|\n|t:|1770527373\n|switch|p2a: Calyrex|Calyrex-Ice, L50|100/100\n|-ability|p2a: Calyrex|As One\n|-ability|p2a: Calyrex|Unnerve\n|turn|3\n|\n|t:|1770527382\n|move|p1a: Tornadus|Taunt|p2a: Calyrex\n|-start|p2a: Calyrex|move: Taunt\n|move|p1b: Zamazenta|Body Press|p2a: Calyrex\n|-damage|p2a: Calyrex|60/100\n|-activate|p2b: Dragonite|confusion\n|move|p2b: Dragonite|Outrage|p1b: Zamazenta\n|-resisted|p1b: Zamazenta\n|-damage|p1b: Zamazenta|10/100\n|cant|p2a: Calyrex|move: Taunt|Leech Seed\n|\n|-heal|p2a: Calyrex|66/100|[from] item: Leftovers\n|upkeep\n|turn|4\n|\n|t:|1770527398\n|move|p1a: Tornadus|Bleakwind Storm|p2b: Dragonite|[spread] p2a,p2b\n|-damage|p2a: Calyrex|43/100\n|-damage|p2b: Dragonite|31/100\n|-unboost|p2a: Calyrex|spe|1\n|move|p1b: Zamazenta|Body Press|p2a: Calyrex\n|-damage|p2a: Calyrex|3/100\n|-activate|p2b: Dragonite|confusion\n|move|p2b: Dragonite|Outrage|p1b: Zamazenta|[from] lockedmove\n|-resisted|p1b: Zamazenta\n|-damage|p1b: Zamazenta|0 fnt\n|faint|p1b: Zamazenta\n|move|p2a: Calyrex|Glacial Lance|p1a: Tornadus\n|-supereffective|p1a: Tornadus\n|-damage|p1a: Tornadus|0 fnt\n|faint|p1a: Tornadus\n|-ability|p2a: Calyrex|Chilling Neigh|boost\n|-boost|p2a: Calyrex|atk|1\n|\n|-heal|p2a: Calyrex|9/100|[from] item: Leftovers\n|upkeep\n|\n|t:|1770527408\n|switch|p1a: Lunala|Lunala, L50|100/100\n|switch|p1b: Rillaboom|Rillaboom, L50, M|100/100\n|-fieldstart|move: Grassy Terrain|[from] ability: Grassy Surge|[of] p1b: Rillaboom\n|turn|5\n|\n|t:|1770527428\n|move|p1a: Lunala|Moonblast|p2b: Dragonite\n|-supereffective|p2b: Dragonite\n|-damage|p2b: Dragonite|0 fnt\n|faint|p2b: Dragonite\n|move|p1b: Rillaboom|Wood Hammer|p2a: Calyrex\n|-damage|p2a: Calyrex|0 fnt\n|faint|p2a: Calyrex\n|-damage|p1b: Rillaboom|98/100|[from] Recoil\n|\n|-heal|p1b: Rillaboom|100/100|[from] Grassy Terrain\n|-sideend|p1: lalo's pollos|move: Tailwind\n|upkeep\n|\n|t:|1770527434\n|switch|p2b: Miraidon|Miraidon, L50|100/100\n|-fieldstart|move: Electric Terrain|[from] ability: Hadron Engine|[of] p2b: Miraidon\n|turn|6\n|\n|t:|1770527443\n|-terastallize|p2b: Miraidon|Electric\n|move|p1a: Lunala|Protect|p1a: Lunala\n|-singleturn|p1a: Lunala|Protect\n|move|p2b: Miraidon|Electro Drift|p1a: Lunala\n|-activate|p1a: Lunala|move: Protect\n|move|p1b: Rillaboom|Wood Hammer|p2b: Miraidon\n|-damage|p2b: Miraidon|58/100\n|-damage|p1b: Rillaboom|86/100|[from] Recoil\n|\n|upkeep\n|turn|7\n|-message|MarEQuinox forfeited.\n|\n|win|lalo's pollos\n|raw|lalo&apos;s pollos's rating: 1438 &rarr; <strong>1459</strong><br />(+21 for winning)\n|raw|MarEQuinox's rating: 1451 &rarr; <strong>1430</strong><br />(-21 for losing)\n|l|\u2606MarEQuinox\n|player|p2|\n","uploadtime":1770527624,"views":23,"formatid":"gen9vgc2026regi","rating":1430,"private":0,"password":null}