{"id":"gen9vgc2026regi-2549653068","format":"[Gen 9] VGC 2026 Reg I","players":["lalo's pollos","xjazuu"],"log":"|j|\u2606lalo's pollos\n|j|\u2606xjazuu\n|t:|1772394249\n|gametype|doubles\n|player|p1|lalo's pollos|1|1515\n|player|p2|xjazuu|youngcouple|1494\n|gen|9\n|tier|[Gen 9] VGC 2026 Reg I\n|rated|\n|rule|Species Clause: Limit one of each Pok\u00e9mon\n|rule|Item Clause: Limit 1 of each item\n|clearpoke\n|poke|p1|Zamazenta-*, L50|\n|poke|p1|Lunala, L50|\n|poke|p1|Rillaboom, L50, M|\n|poke|p1|Incineroar, L50, M|\n|poke|p1|Urshifu-*, L50, F|\n|poke|p1|Tornadus, L50, M|\n|poke|p2|Calyrex-Ice, L50|\n|poke|p2|Miraidon, L50|\n|poke|p2|Urshifu-*, L50, F|\n|poke|p2|Grimmsnarl, L50, M|\n|poke|p2|Pelipper, L50, M|\n|poke|p2|Farigiraf, L50, M|\n|teampreview|4\n|\n|t:|1772394278\n|teamsize|p1|4\n|teamsize|p2|4\n|start\n|switch|p1a: Rillaboom|Rillaboom, L50, M|100/100\n|switch|p1b: Lunala|Lunala, L50|100/100\n|switch|p2a: Grimmsnarl|Grimmsnarl, L50, M|100/100\n|switch|p2b: Calyrex|Calyrex-Ice, L50|100/100\n|-ability|p2b: Calyrex|As One\n|-ability|p2b: Calyrex|Unnerve\n|-fieldstart|move: Grassy Terrain|[from] ability: Grassy Surge|[of] p1a: Rillaboom\n|turn|1\n|\n|t:|1772394318\n|move|p1a: Rillaboom|Fake Out|p2b: Calyrex\n|-damage|p2b: Calyrex|93/100\n|move|p2a: Grimmsnarl|Light Screen|p2a: Grimmsnarl\n|-sidestart|p2: xjazuu|move: Light Screen\n|move|p1b: Lunala|Calm Mind|p1b: Lunala\n|-boost|p1b: Lunala|spa|1\n|-boost|p1b: Lunala|spd|1\n|cant|p2b: Calyrex|flinch\n|\n|-heal|p2b: Calyrex|99/100|[from] Grassy Terrain\n|-heal|p2b: Calyrex|100/100|[from] item: Leftovers\n|upkeep\n|turn|2\n|\n|t:|1772394335\n|move|p1b: Lunala|Protect|p1b: Lunala\n|-singleturn|p1b: Lunala|Protect\n|move|p1a: Rillaboom|U-turn|p2b: Calyrex\n|-supereffective|p2b: Calyrex\n|-damage|p2b: Calyrex|76/100\n|\n|t:|1772394340\n|switch|p1a: Urshifu|Urshifu-Rapid-Strike, L50, F|100/100|[from] U-turn\n|move|p2a: Grimmsnarl|Spirit Break|p1b: Lunala\n|-activate|p1b: Lunala|move: Protect\n|move|p2b: Calyrex|Leech Seed|p1b: Lunala\n|-activate|p1b: Lunala|move: Protect\n|\n|-heal|p2b: Calyrex|82/100|[from] Grassy Terrain\n|-heal|p2b: Calyrex|88/100|[from] item: Leftovers\n|upkeep\n|turn|3\n|\n|t:|1772394354\n|-terastallize|p1a: Urshifu|Water\n|-terastallize|p2b: Calyrex|Water\n|move|p1a: Urshifu|Surging Strikes|p2b: Calyrex\n|-resisted|p2b: Calyrex\n|-crit|p2b: Calyrex\n|-damage|p2b: Calyrex|77/100\n|-resisted|p2b: Calyrex\n|-crit|p2b: Calyrex\n|-damage|p2b: Calyrex|66/100\n|-resisted|p2b: Calyrex\n|-crit|p2b: Calyrex\n|-damage|p2b: Calyrex|55/100\n|-hitcount|p2b: Calyrex|3\n|move|p1b: Lunala|Moongeist Beam|p2b: Calyrex\n|-damage|p2b: Calyrex|19/100\n|move|p2a: Grimmsnarl|Spirit Break|p1b: Lunala\n|-damage|p1b: Lunala|88/100\n|-unboost|p1b: Lunala|spa|1\n|move|p2b: Calyrex|Leech Seed|p1b: Lunala\n|-start|p1b: Lunala|move: Leech Seed\n|\n|-heal|p1b: Lunala|94/100|[from] Grassy Terrain\n|-heal|p1b: Lunala|99/100|[from] item: Leftovers\n|-heal|p2b: Calyrex|25/100|[from] Grassy Terrain\n|-heal|p2b: Calyrex|30/100|[from] item: Leftovers\n|-damage|p1b: Lunala|88/100|[from] Leech Seed|[of] p2b: Calyrex\n|-heal|p2b: Calyrex|44/100|[silent]\n|upkeep\n|turn|4\n|\n|t:|1772394374\n|switch|p1b: Zamazenta|Zamazenta-Crowned, L50|100/100\n|-ability|p1b: Zamazenta|Dauntless Shield|boost\n|-boost|p1b: Zamazenta|def|1\n|switch|p2a: Miraidon|Miraidon, L50|100/100\n|-fieldstart|move: Electric Terrain|[from] ability: Hadron Engine|[of] p2a: Miraidon\n|move|p1a: Urshifu|Surging Strikes|p2b: Calyrex\n|-resisted|p2b: Calyrex\n|-crit|p2b: Calyrex\n|-damage|p2b: Calyrex|32/100\n|-resisted|p2b: Calyrex\n|-crit|p2b: Calyrex\n|-damage|p2b: Calyrex|21/100\n|-resisted|p2b: Calyrex\n|-crit|p2b: Calyrex\n|-damage|p2b: Calyrex|10/100\n|-hitcount|p2b: Calyrex|3\n|move|p2b: Calyrex|Glacial Lance|p1b: Zamazenta|[spread] p1a,p1b\n|-resisted|p1a: Urshifu\n|-resisted|p1b: Zamazenta\n|-damage|p1a: Urshifu|70/100\n|-damage|p1b: Zamazenta|90/100\n|\n|-heal|p2b: Calyrex|16/100|[from] item: Leftovers\n|upkeep\n|turn|5\n|\n|t:|1772394396\n|switch|p1a: Rillaboom|Rillaboom, L50, M|100/100\n|-fieldstart|move: Grassy Terrain|[from] ability: Grassy Surge|[of] p1a: Rillaboom\n|move|p1b: Zamazenta|Body Press|p2b: Calyrex\n|-damage|p2b: Calyrex|0 fnt\n|faint|p2b: Calyrex\n|move|p2a: Miraidon|Volt Switch|p1a: Rillaboom\n|-resisted|p1a: Rillaboom\n|-damage|p1a: Rillaboom|86/100\n|\n|t:|1772394409\n|switch|p2a: Urshifu|Urshifu-Rapid-Strike, L50, F|100/100|[from] Volt Switch\n|\n|-heal|p1b: Zamazenta|96/100|[from] Grassy Terrain\n|-heal|p1a: Rillaboom|92/100|[from] Grassy Terrain\n|upkeep\n|\n|t:|1772394411\n|switch|p2b: Miraidon|Miraidon, L50|100/100\n|-fieldstart|move: Electric Terrain|[from] ability: Hadron Engine|[of] p2b: Miraidon\n|turn|6\n|\n|t:|1772394425\n|move|p1b: Zamazenta|Body Press|p2a: Urshifu\n|-damage|p2a: Urshifu|35/100\n|move|p2b: Miraidon|Electro Drift|p1b: Zamazenta\n|-damage|p1b: Zamazenta|29/100\n|move|p1a: Rillaboom|Wood Hammer|p2a: Urshifu\n|-supereffective|p2a: Urshifu\n|-damage|p2a: Urshifu|0 fnt\n|faint|p2a: Urshifu\n|-damage|p1a: Rillaboom|81/100|[from] Recoil\n|\n|upkeep\n|\n|t:|1772394435\n|switch|p2a: Grimmsnarl|Grimmsnarl, L50, M|100/100\n|turn|7\n|-message|xjazuu forfeited.\n|\n|win|lalo's pollos\n|raw|lalo&apos;s pollos's rating: 1515 &rarr; <strong>1534</strong><br />(+19 for winning)\n|raw|xjazuu's rating: 1494 &rarr; <strong>1475</strong><br />(-19 for losing)\n|l|\u2606xjazuu\n|player|p2|\n","uploadtime":1772394575,"views":14,"formatid":"gen9vgc2026regi","rating":1475,"private":0,"password":null}