{"id":"gen9vgc2026regi-2577663794","format":"[Gen 9] VGC 2026 Reg I","players":["Harry Koekenpan","Tempest ash"],"log":"|j|\u2606Harry Koekenpan\n|j|\u2606Tempest ash\n|t:|1775594278\n|gametype|doubles\n|player|p1|Harry Koekenpan|265|1409\n|player|p2|Tempest ash|102|1481\n|gen|9\n|tier|[Gen 9] VGC 2026 Reg I\n|rated|\n|rule|Species Clause: Limit one of each Pok\u00e9mon\n|rule|Item Clause: Limit 1 of each item\n|clearpoke\n|poke|p1|Weezing-Galar, L50, F|\n|poke|p1|Calyrex-Shadow, L50|\n|poke|p1|Regigigas, L50|\n|poke|p1|Tatsugiri, L50, M|\n|poke|p1|Dondozo, L50, F|\n|poke|p1|Koraidon, L50|\n|poke|p2|Sableye, L50, F|\n|poke|p2|Muk-Alola, L50, F|\n|poke|p2|Flamigo, L50, F|\n|poke|p2|Smeargle, L50, M|\n|poke|p2|Dialga-Origin, L50|\n|poke|p2|Lugia, L50|\n|teampreview|4\n|inactive|Battle timer is ON: inactive players will automatically lose when time's up. (requested by Harry Koekenpan)\n|\n|t:|1775594294\n|teamsize|p1|4\n|teamsize|p2|4\n|start\n|switch|p1a: Weezing|Weezing-Galar, L50, F|100/100\n|switch|p1b: Regigigas|Regigigas, L50|100/100\n|switch|p2a: Muk|Muk-Alola, L50, F|100/100\n|switch|p2b: Smeargle|Smeargle, L50, M|100/100\n|-ability|p1a: Weezing|Neutralizing Gas\n|turn|1\n|\n|t:|1775594313\n|-terastallize|p1b: Regigigas|Ghost\n|move|p2b: Smeargle|Fake Out|p1b: Regigigas\n|-immune|p1b: Regigigas\n|move|p1b: Regigigas|Knock Off|p2b: Smeargle\n|-damage|p2b: Smeargle|6/100\n|-enditem|p2b: Smeargle|Mental Herb|[from] move: Knock Off|[of] p1b: Regigigas\n|move|p1a: Weezing|Poison Gas|p2b: Smeargle|[spread] p2a,p2b\n|-immune|p2a: Muk\n|-status|p2b: Smeargle|psn\n|move|p2a: Muk|Minimize|p2a: Muk\n|-boost|p2a: Muk|evasion|2\n|\n|-damage|p2b: Smeargle|0 fnt|[from] psn\n|faint|p2b: Smeargle\n|upkeep\n|\n|t:|1775594334\n|switch|p2b: Dialga|Dialga-Origin, L50|100/100\n|turn|2\n|\n|t:|1775594347\n|move|p1b: Regigigas|Knock Off|p2b: Dialga\n|-damage|p2b: Dialga|84/100\n|move|p2b: Dialga|Psych Up|p2a: Muk\n|-copyboost|p2b: Dialga|p2a: Muk|[from] move: Psych Up\n|move|p1a: Weezing|Sludge Bomb|p2a: Muk\n|-resisted|p2a: Muk\n|-damage|p2a: Muk|89/100\n|move|p2a: Muk|Minimize|p2a: Muk\n|-boost|p2a: Muk|evasion|2\n|\n|-heal|p2a: Muk|95/100|[from] item: Black Sludge\n|upkeep\n|turn|3\n|\n|t:|1775594361\n|move|p1b: Regigigas|Knock Off|p2a: Muk|[miss]\n|-miss|p1b: Regigigas|p2a: Muk\n|move|p2b: Dialga|Psych Up|p2a: Muk\n|-copyboost|p2b: Dialga|p2a: Muk|[from] move: Psych Up\n|move|p1a: Weezing|Sludge Bomb|p2a: Muk|[miss]\n|-miss|p1a: Weezing|p2a: Muk\n|move|p2a: Muk|Minimize|p2a: Muk\n|-boost|p2a: Muk|evasion|2\n|\n|-heal|p2a: Muk|100/100|[from] item: Black Sludge\n|upkeep\n|turn|4\n|\n|t:|1775594386\n|move|p1b: Regigigas|Knock Off|p2a: Muk|[miss]\n|-miss|p1b: Regigigas|p2a: Muk\n|move|p2b: Dialga|Psych Up|p2a: Muk\n|-copyboost|p2b: Dialga|p2a: Muk|[from] move: Psych Up\n|move|p1a: Weezing|Sludge Bomb|p2a: Muk\n|-resisted|p2a: Muk\n|-damage|p2a: Muk|90/100\n|move|p2a: Muk|Toxic|p1b: Regigigas\n|-status|p1b: Regigigas|tox\n|\n|-heal|p2a: Muk|96/100|[from] item: Black Sludge\n|-damage|p1b: Regigigas|95/100 tox|[from] psn\n|upkeep\n|turn|5\n|\n|t:|1775594409\n|move|p2a: Muk|Protect|p2a: Muk\n|-singleturn|p2a: Muk|Protect\n|move|p1b: Regigigas|Knock Off|p2a: Muk\n|-activate|p2a: Muk|move: Protect\n|move|p2b: Dialga|Flash Cannon|p1a: Weezing\n|-supereffective|p1a: Weezing\n|-damage|p1a: Weezing|10/100\n|-enditem|p1a: Weezing|Sitrus Berry|[eat]\n|-heal|p1a: Weezing|35/100|[from] item: Sitrus Berry\n|move|p1a: Weezing|Sludge Bomb|p2a: Muk\n|-activate|p2a: Muk|move: Protect\n|\n|-heal|p2a: Muk|100/100|[from] item: Black Sludge\n|-damage|p1b: Regigigas|83/100 tox|[from] psn\n|upkeep\n|turn|6\n|inactive|Tempest ash has 30 seconds left.\n|\n|t:|1775594438\n|move|p1a: Weezing|Protect|p1a: Weezing\n|-singleturn|p1a: Weezing|Protect\n|move|p1b: Regigigas|Knock Off|p2a: Muk\n|-resisted|p2a: Muk\n|-damage|p2a: Muk|84/100\n|-enditem|p2a: Muk|Black Sludge|[from] move: Knock Off|[of] p1b: Regigigas\n|move|p2b: Dialga|Flash Cannon|p1a: Weezing\n|-activate|p1a: Weezing|move: Protect\n|move|p2a: Muk|Drain Punch|p1a: Weezing\n|-activate|p1a: Weezing|move: Protect\n|\n|-damage|p1b: Regigigas|65/100 tox|[from] psn\n|upkeep\n|turn|7\n|\n|t:|1775594461\n|move|p2a: Muk|Protect|p2a: Muk\n|-singleturn|p2a: Muk|Protect\n|move|p1b: Regigigas|Knock Off|p2b: Dialga|[miss]\n|-miss|p1b: Regigigas|p2b: Dialga\n|move|p2b: Dialga|Flash Cannon|p1a: Weezing\n|-supereffective|p1a: Weezing\n|-damage|p1a: Weezing|0 fnt\n|faint|p1a: Weezing\n|-end|p1a: Weezing|ability: Neutralizing Gas\n|-start|p1b: Regigigas|ability: Slow Start\n|-ability|p2b: Dialga|Pressure\n|\n|-damage|p1b: Regigigas|41/100 tox|[from] psn\n|upkeep\n|\n|t:|1775594468\n|switch|p1a: Koraidon|Koraidon, L50|100/100\n|-weather|SunnyDay|[from] ability: Orichalcum Pulse|[of] p1a: Koraidon\n|-activate|p1a: Koraidon|Orichalcum Pulse|[source]\n|turn|8\n|\n|t:|1775594491\n|-terastallize|p2b: Dialga|Flying\n|move|p1a: Koraidon|Flare Blitz|p2b: Dialga\n|-damage|p2b: Dialga|31/100\n|-damage|p1a: Koraidon|80/100|[from] Recoil\n|move|p1b: Regigigas|Knock Off|p2b: Dialga|[miss]\n|-miss|p1b: Regigigas|p2b: Dialga\n|move|p2b: Dialga|Dragon Pulse|p1a: Koraidon\n|-supereffective|p1a: Koraidon\n|-damage|p1a: Koraidon|0 fnt\n|faint|p1a: Koraidon\n|move|p2a: Muk|Toxic|p1b: Regigigas\n|-fail|p1b: Regigigas|tox\n|\n|-weather|SunnyDay|[upkeep]\n|-damage|p1b: Regigigas|11/100 tox|[from] psn\n|upkeep\n|\n|t:|1775594503\n|switch|p1a: Calyrex|Calyrex-Shadow, L50|100/100\n|-ability|p1a: Calyrex|As One\n|-ability|p1a: Calyrex|Unnerve\n|turn|9\n|\n|t:|1775594520\n|move|p1a: Calyrex|Astral Barrage|p2b: Dialga|[spread] p2b\n|-miss|p1a: Calyrex|p2a: Muk\n|-damage|p2b: Dialga|0 fnt\n|faint|p2b: Dialga\n|-ability|p2a: Muk|Pressure|Power of Alchemy|[from] ability: Power of Alchemy|[of] p2b: Dialga\n|-ability|p2a: Muk|Pressure\n|-ability|p1a: Calyrex|Grim Neigh|boost\n|-boost|p1a: Calyrex|spa|1\n|-damage|p1a: Calyrex|91/100|[from] item: Life Orb\n|move|p1b: Regigigas|Knock Off|p2a: Muk\n|-resisted|p2a: Muk\n|-damage|p2a: Muk|78/100\n|move|p2a: Muk|Toxic|p1a: Calyrex\n|-status|p1a: Calyrex|tox\n|\n|-weather|SunnyDay|[upkeep]\n|-damage|p1a: Calyrex|85/100 tox|[from] psn\n|-damage|p1b: Regigigas|0 fnt|[from] psn\n|faint|p1b: Regigigas\n|-end|p1b: Regigigas|Slow Start|[silent]\n|upkeep\n|\n|t:|1775594524\n|switch|p2b: Lugia|Lugia, L50|100/100\n|turn|10\n|\n|t:|1775594545\n|move|p2b: Lugia|Protect|p2b: Lugia\n|-singleturn|p2b: Lugia|Protect\n|move|p2a: Muk|Protect|p2a: Muk\n|-singleturn|p2a: Muk|Protect\n|move|p1a: Calyrex|Astral Barrage|p2b: Lugia|[spread] \n|-activate|p2a: Muk|move: Protect\n|-activate|p2b: Lugia|move: Protect\n|\n|-weather|SunnyDay|[upkeep]\n|-damage|p1a: Calyrex|72/100 tox|[from] psn\n|upkeep\n|turn|11\n|\n|t:|1775594568\n|move|p1a: Calyrex|Astral Barrage|p2a: Muk|[spread] p2a,p2b\n|-resisted|p2a: Muk\n|-supereffective|p2b: Lugia\n|-damage|p2a: Muk|34/100\n|-damage|p2b: Lugia|47/100\n|-damage|p1a: Calyrex|62/100 tox|[from] item: Life Orb\n|move|p2b: Lugia|Psych Up|p2a: Muk\n|-copyboost|p2b: Lugia|p2a: Muk|[from] move: Psych Up\n|move|p2a: Muk|Drain Punch|p1a: Calyrex\n|-immune|p1a: Calyrex\n|\n|-weather|SunnyDay|[upkeep]\n|-heal|p2b: Lugia|53/100|[from] item: Leftovers\n|-damage|p1a: Calyrex|44/100 tox|[from] psn\n|upkeep\n|turn|12\n|\n|t:|1775594581\n|move|p2b: Lugia|Protect|p2b: Lugia\n|-singleturn|p2b: Lugia|Protect\n|move|p2a: Muk|Protect|p2a: Muk\n|-singleturn|p2a: Muk|Protect\n|move|p1a: Calyrex|Astral Barrage|p2a: Muk|[spread] \n|-activate|p2a: Muk|move: Protect\n|-activate|p2b: Lugia|move: Protect\n|\n|-weather|none\n|-heal|p2b: Lugia|59/100|[from] item: Leftovers\n|-damage|p1a: Calyrex|19/100 tox|[from] psn\n|upkeep\n|turn|13\n|inactive|Tempest ash has 30 seconds left.\n|\n|t:|1775594607\n|move|p2a: Muk|Protect||[still]\n|-fail|p2a: Muk\n|move|p1a: Calyrex|Pollen Puff|p2b: Lugia|[miss]\n|-miss|p1a: Calyrex|p2b: Lugia\n|move|p2b: Lugia|Recover|p2b: Lugia\n|-heal|p2b: Lugia|100/100\n|\n|-damage|p1a: Calyrex|0 fnt|[from] psn\n|faint|p1a: Calyrex\n|\n|win|Tempest ash\n|raw|Harry Koekenpan's rating: 1409 &rarr; <strong>1393</strong><br />(-16 for losing)\n|raw|Tempest ash's rating: 1481 &rarr; <strong>1497</strong><br />(+16 for winning)\n|l|\u2606Tempest ash\n|player|p2|\n|l|\u2606Harry Koekenpan\n|player|p1|\n|j|\u2606Tempest ash\n|player|p2|Tempest ash|102|\n|l|\u2606Tempest ash\n|player|p2|\n","uploadtime":1775594777,"views":7,"formatid":"gen9vgc2026regi","rating":1393,"private":0,"password":null}