{"id":"gen9vgc2026regi-2580130767","format":"[Gen 9] VGC 2026 Reg I","players":["AtomEveVGC","popandpop"],"log":"|j|\u2606AtomEveVGC\n|j|\u2606popandpop\n|t:|1775857089\n|gametype|doubles\n|player|p1|AtomEveVGC|265|1473\n|player|p2|popandpop|beauty-gen4dp|1428\n|gen|9\n|tier|[Gen 9] VGC 2026 Reg I\n|rated|\n|rule|Species Clause: Limit one of each Pok\u00e9mon\n|rule|Item Clause: Limit 1 of each item\n|clearpoke\n|poke|p1|Calyrex-Shadow, L50|\n|poke|p1|Zamazenta-*, L50|\n|poke|p1|Chien-Pao, L50|\n|poke|p1|Dragonite, L50, F|\n|poke|p1|Raging Bolt, L50|\n|poke|p1|Amoonguss, L50, M|\n|poke|p2|Kyurem-White, L50|\n|poke|p2|Ninetales-Alola, L50, M|\n|poke|p2|Whimsicott, L50, M|\n|poke|p2|Annihilape, L50, F|\n|poke|p2|Zamazenta-*, L50|\n|poke|p2|Clefairy, L50, F|\n|teampreview|4\n|inactive|Battle timer is ON: inactive players will automatically lose when time's up. (requested by popandpop)\n|inactive|AtomEveVGC has 60 seconds left.\n|inactive|AtomEveVGC has 30 seconds left.\n|inactive|AtomEveVGC has 20 seconds left.\n|\n|t:|1775857168\n|teamsize|p1|4\n|teamsize|p2|4\n|start\n|switch|p1a: Zamazenta|Zamazenta-Crowned, L50|100/100\n|switch|p1b: Calyrex|Calyrex-Shadow, L50|100/100\n|switch|p2a: Whimsicott|Whimsicott, L50, M|100/100\n|switch|p2b: Annihilape|Annihilape, L50, F|100/100\n|-ability|p1b: Calyrex|As One\n|-ability|p1b: Calyrex|Unnerve\n|-ability|p1a: Zamazenta|Dauntless Shield|boost\n|-boost|p1a: Zamazenta|def|1\n|turn|1\n|inactive|popandpop has 30 seconds left.\n|\n|t:|1775857193\n|move|p1a: Zamazenta|Protect|p1a: Zamazenta\n|-singleturn|p1a: Zamazenta|Protect\n|move|p2a: Whimsicott|Tailwind|p2a: Whimsicott\n|-sidestart|p2: popandpop|move: Tailwind\n|move|p2b: Annihilape|Final Gambit|p1a: Zamazenta\n|-activate|p1a: Zamazenta|move: Protect\n|move|p1b: Calyrex|Encore|p2a: Whimsicott\n|-start|p2a: Whimsicott|Encore\n|-enditem|p2a: Whimsicott|Mental Herb\n|-end|p2a: Whimsicott|Encore\n|\n|upkeep\n|turn|2\n|\n|t:|1775857210\n|switch|p1a: Amoonguss|Amoonguss, L50, M|100/100\n|move|p2a: Whimsicott|Memento|p1b: Calyrex\n|-unboost|p1b: Calyrex|atk|2\n|-unboost|p1b: Calyrex|spa|2\n|faint|p2a: Whimsicott\n|move|p2b: Annihilape|Final Gambit|p1a: Amoonguss\n|-damage|p1a: Amoonguss|1/100\n|faint|p2b: Annihilape\n|move|p1b: Calyrex|Astral Barrage|p2: Whimsicott|[notarget]\n|-fail|p1b: Calyrex\n|\n|upkeep\n|\n|t:|1775857213\n|switch|p2a: Ninetales|Ninetales-Alola, L50, M|100/100\n|switch|p2b: Kyurem|Kyurem-White, L50|100/100\n|-weather|Snowscape|[from] ability: Snow Warning|[of] p2a: Ninetales\n|-ability|p2b: Kyurem|Turboblaze\n|turn|3\n|inactive|AtomEveVGC has 30 seconds left.\n|\n|t:|1775857240\n|-terastallize|p2b: Kyurem|Ice\n|move|p1b: Calyrex|Protect|p1b: Calyrex\n|-singleturn|p1b: Calyrex|Protect\n|move|p1a: Amoonguss|Protect|p1a: Amoonguss\n|-singleturn|p1a: Amoonguss|Protect\n|move|p2a: Ninetales|Aurora Veil|p2a: Ninetales\n|-sidestart|p2: popandpop|move: Aurora Veil\n|move|p2b: Kyurem|Blizzard|p1a: Amoonguss|[spread] \n|-activate|p1a: Amoonguss|move: Protect\n|-activate|p1b: Calyrex|move: Protect\n|\n|-weather|Snowscape|[upkeep]\n|upkeep\n|turn|4\n|\n|t:|1775857251\n|switch|p1b: Zamazenta|Zamazenta-Crowned, L50|100/100\n|move|p2a: Ninetales|Icy Wind|p1b: Zamazenta|[spread] p1a,p1b\n|-supereffective|p1a: Amoonguss\n|-resisted|p1b: Zamazenta\n|-damage|p1a: Amoonguss|0 fnt\n|-damage|p1b: Zamazenta|96/100\n|-unboost|p1b: Zamazenta|spe|1\n|faint|p1a: Amoonguss\n|move|p2b: Kyurem|Blizzard|p1b: Zamazenta\n|-resisted|p1b: Zamazenta\n|-damage|p1b: Zamazenta|39/100\n|\n|-weather|Snowscape|[upkeep]\n|-sideend|p2: popandpop|move: Tailwind\n|upkeep\n|\n|t:|1775857258\n|switch|p1a: Calyrex|Calyrex-Shadow, L50|100/100\n|-ability|p1a: Calyrex|As One\n|-ability|p1a: Calyrex|Unnerve\n|turn|5\n|\n|t:|1775857265\n|move|p1b: Zamazenta|Wide Guard|p1b: Zamazenta\n|-singleturn|p1b: Zamazenta|Wide Guard\n|move|p1a: Calyrex|Astral Barrage|p2a: Ninetales|[spread] p2a,p2b\n|-damage|p2a: Ninetales|63/100\n|-damage|p2b: Kyurem|65/100\n|move|p2a: Ninetales|Icy Wind|p1b: Zamazenta|[spread] \n|-activate|p1a: Calyrex|move: Wide Guard\n|-activate|p1b: Zamazenta|move: Wide Guard\n|move|p2b: Kyurem|Blizzard|p1a: Calyrex|[spread] \n|-activate|p1a: Calyrex|move: Wide Guard\n|-activate|p1b: Zamazenta|move: Wide Guard\n|\n|-weather|Snowscape|[upkeep]\n|upkeep\n|turn|6\n|\n|t:|1775857274\n|move|p1b: Zamazenta|Wide Guard|p1b: Zamazenta\n|-singleturn|p1b: Zamazenta|Wide Guard\n|move|p1a: Calyrex|Astral Barrage|p2b: Kyurem|[spread] p2a,p2b\n|-damage|p2a: Ninetales|24/100\n|-damage|p2b: Kyurem|32/100\n|move|p2a: Ninetales|Encore|p1b: Zamazenta\n|-start|p1b: Zamazenta|Encore\n|move|p2b: Kyurem|Blizzard|p1b: Zamazenta|[spread] \n|-activate|p1a: Calyrex|move: Wide Guard\n|-activate|p1b: Zamazenta|move: Wide Guard\n|\n|-weather|Snowscape|[upkeep]\n|upkeep\n|turn|7\n|l|\u2606popandpop\n|inactive|popandpop disconnected and has a minute to reconnect!\n|player|p2|\n|inactive|popandpop has 30 seconds left.\n|inactive|popandpop has 20 seconds left.\n|inactive|popandpop has 15 seconds left.\n|inactive|popandpop has 10 seconds left.\n|inactive|popandpop has 5 seconds left.\n|-message|popandpop lost due to inactivity.\n|\n|win|AtomEveVGC\n|raw|AtomEveVGC's rating: 1473 &rarr; <strong>1490</strong><br />(+17 for winning)\n|raw|popandpop's rating: 1428 &rarr; <strong>1411</strong><br />(-17 for losing)\n|l|\u2606AtomEveVGC\n|player|p1|\n","uploadtime":1775857584,"views":9,"formatid":"gen9vgc2026regi","rating":1411,"private":0,"password":null}