{"id":"gen9vgc2026regi-2560239731","format":"[Gen 9] VGC 2026 Reg I","players":["ALL-Palafin","DJCoolAwesome13"],"log":"|j|\u2606ALL-Palafin\n|j|\u2606DJCoolAwesome13\n|t:|1773669608\n|gametype|doubles\n|player|p1|ALL-Palafin|102|1188\n|player|p2|DJCoolAwesome13|2|1241\n|gen|9\n|tier|[Gen 9] VGC 2026 Reg I\n|rated|\n|rule|Species Clause: Limit one of each Pok\u00e9mon\n|rule|Item Clause: Limit 1 of each item\n|clearpoke\n|poke|p1|Calyrex-Shadow, L50|\n|poke|p1|Weezing-Galar, L50, F|\n|poke|p1|Toedscruel, L50, M|\n|poke|p1|Ditto, L50|\n|poke|p1|Zoroark-Hisui, L50, M|\n|poke|p1|Terapagos, L50, M|\n|poke|p2|Lunala, L50|\n|poke|p2|Ursaluna, L50, F|\n|poke|p2|Urshifu-*, L50, F|\n|poke|p2|Miraidon, L50|\n|poke|p2|Grimmsnarl, L50, M|\n|poke|p2|Incineroar, L50, F|\n|teampreview|4\n|\n|t:|1773669636\n|teamsize|p1|4\n|teamsize|p2|4\n|start\n|switch|p1a: Toedscruel|Toedscruel, L50, M, shiny|100/100\n|switch|p1b: Weezing|Weezing-Galar, L50, F|100/100\n|switch|p2a: Miraidon|Miraidon, L50|100/100\n|switch|p2b: Lunala|Lunala, L50|100/100\n|-ability|p1b: Weezing|Neutralizing Gas\n|turn|1\n|\n|t:|1773669678\n|move|p1a: Toedscruel|Spore|p2b: Lunala\n|-status|p2b: Lunala|slp|[from] move: Spore\n|move|p2a: Miraidon|Electro Drift|p1b: Weezing\n|-damage|p1b: Weezing|39/100\n|move|p1b: Weezing|Acid Spray|p2a: Miraidon\n|-damage|p2a: Miraidon|93/100\n|-unboost|p2a: Miraidon|spd|2\n|cant|p2b: Lunala|slp\n|\n|upkeep\n|turn|2\n|\n|t:|1773669696\n|switch|p2a: Urshifu|Urshifu-Rapid-Strike, L50, F|100/100\n|move|p1a: Toedscruel|Earth Power|p2a: Urshifu\n|-damage|p2a: Urshifu|54/100\n|move|p1b: Weezing|Taunt|p2b: Lunala\n|-start|p2b: Lunala|move: Taunt\n|cant|p2b: Lunala|slp\n|\n|upkeep\n|turn|3\n|\n|t:|1773669719\n|-end|p1b: Weezing|ability: Neutralizing Gas\n|switch|p1b: Terapagos|Terapagos, L50, M|100/100\n|-activate|p1b: Terapagos|ability: Tera Shift\n|detailschange|p1b: Terapagos|Terapagos-Terastal, L50, M\n|-heal|p1b: Terapagos|100/100|[silent]\n|move|p2a: Urshifu|Aqua Jet|p1b: Terapagos\n|-activate|p1b: Terapagos|ability: Tera Shell\n|-resisted|p1b: Terapagos\n|-damage|p1b: Terapagos|85/100\n|move|p1a: Toedscruel|Spore|p2a: Urshifu\n|-status|p2a: Urshifu|slp|[from] move: Spore\n|cant|p2b: Lunala|slp\n|\n|upkeep\n|turn|4\n|\n|t:|1773669754\n|switch|p2a: Miraidon|Miraidon, L50|93/100\n|-fieldstart|move: Electric Terrain|[from] ability: Hadron Engine|[of] p2a: Miraidon\n|-enditem|p2b: Lunala|Electric Seed\n|-boost|p2b: Lunala|def|1|[from] item: Electric Seed\n|-terastallize|p1b: Terapagos|Stellar\n|detailschange|p1b: Terapagos|Terapagos-Stellar, L50, M, tera:Stellar\n|-heal|p1b: Terapagos|89/100|[silent]\n|-ability|p1b: Terapagos|Teraform Zero\n|-fieldend|move: Electric Terrain\n|move|p1a: Toedscruel|Leaf Storm|p2b: Lunala\n|-damage|p2b: Lunala|82/100 slp\n|-unboost|p1a: Toedscruel|spa|2\n|move|p1b: Terapagos|Tera Starstorm|p2b: Lunala|[spread] p2a,p2b\n|-damage|p2a: Miraidon|74/100\n|-damage|p2b: Lunala|53/100 slp\n|-curestatus|p2b: Lunala|slp|[msg]\n|move|p2b: Lunala|Moongeist Beam|p1a: Toedscruel\n|-damage|p1a: Toedscruel|40/100\n|\n|-end|p2b: Lunala|move: Taunt\n|upkeep\n|turn|5\n|\n|t:|1773669815\n|move|p1a: Toedscruel|Earth Power|p2a: Miraidon\n|-supereffective|p2a: Miraidon\n|-damage|p2a: Miraidon|58/100\n|move|p2a: Miraidon|Snarl|p1b: Terapagos|[spread] p1a,p1b\n|-damage|p1a: Toedscruel|24/100\n|-damage|p1b: Terapagos|78/100\n|-unboost|p1a: Toedscruel|spa|1\n|-unboost|p1b: Terapagos|spa|1\n|move|p1b: Terapagos|Earth Power|p2a: Miraidon\n|-supereffective|p2a: Miraidon\n|-damage|p2a: Miraidon|30/100\n|move|p2b: Lunala|Moongeist Beam|p1a: Toedscruel\n|-damage|p1a: Toedscruel|0 fnt\n|faint|p1a: Toedscruel\n|\n|upkeep\n|\n|t:|1773669822\n|switch|p1a: Calyrex|Calyrex-Shadow, L50|100/100\n|-ability|p1a: Calyrex|As One\n|-ability|p1a: Calyrex|Unnerve\n|turn|6\n|\n|t:|1773669832\n|move|p2b: Lunala|Wide Guard|p2b: Lunala\n|-singleturn|p2b: Lunala|Wide Guard\n|move|p1a: Calyrex|Astral Barrage|p2a: Miraidon|[spread] \n|-activate|p2a: Miraidon|move: Wide Guard\n|-activate|p2b: Lunala|move: Wide Guard\n|move|p2a: Miraidon|Snarl|p1a: Calyrex|[spread] p1a,p1b\n|-supereffective|p1a: Calyrex\n|-damage|p1a: Calyrex|41/100\n|-damage|p1b: Terapagos|68/100\n|-unboost|p1a: Calyrex|spa|1\n|-unboost|p1b: Terapagos|spa|1\n|move|p1b: Terapagos|Meteor Beam||[still]\n|-prepare|p1b: Terapagos|Meteor Beam\n|-boost|p1b: Terapagos|spa|1\n|-enditem|p1b: Terapagos|Power Herb\n|-anim|p1b: Terapagos|Meteor Beam|p2a: Miraidon\n|-damage|p2a: Miraidon|14/100\n|\n|-heal|p1a: Calyrex|47/100|[from] item: Leftovers\n|upkeep\n|turn|7\n|\n|t:|1773669853\n|move|p2b: Lunala|Wide Guard|p2b: Lunala\n|-singleturn|p2b: Lunala|Wide Guard\n|move|p1a: Calyrex|Draining Kiss|p2a: Miraidon\n|-supereffective|p2a: Miraidon\n|-damage|p2a: Miraidon|1/100\n|-heal|p1a: Calyrex|57/100|[from] drain|[of] p2a: Miraidon\n|move|p2a: Miraidon|Snarl|p1a: Calyrex|[spread] p1a,p1b\n|-supereffective|p1a: Calyrex\n|-damage|p1a: Calyrex|1/100\n|-damage|p1b: Terapagos|58/100\n|-unboost|p1a: Calyrex|spa|1\n|-unboost|p1b: Terapagos|spa|1\n|move|p1b: Terapagos|Meteor Beam||[still]\n|-prepare|p1b: Terapagos|Meteor Beam\n|-boost|p1b: Terapagos|spa|1\n|\n|-heal|p1a: Calyrex|7/100|[from] item: Leftovers\n|upkeep\n|turn|8\n|-message|ALL-Palafin forfeited.\n|\n|win|DJCoolAwesome13\n|raw|ALL-Palafin's rating: 1188 &rarr; <strong>1167</strong><br />(-21 for losing)\n|raw|DJCoolAwesome13's rating: 1241 &rarr; <strong>1262</strong><br />(+21 for winning)\n|l|\u2606ALL-Palafin\n|player|p1|\n|l|\u2606DJCoolAwesome13\n|player|p2|\n","uploadtime":1773670124,"views":10,"formatid":"gen9vgc2026regi","rating":1167,"private":0,"password":null}