{"id":"gen9vgc2026regi-2553393684","format":"[Gen 9] VGC 2026 Reg I","players":["I\u2764\ufe0f\u5a1c\u7984forever","GucciSoup"],"log":"|j|\u2606I\u2764\ufe0f\u5a1c\u7984forever\n|j|\u2606GucciSoup\n|t:|1772826763\n|gametype|doubles\n|player|p1|I\u2764\ufe0f\u5a1c\u7984forever|youngcouple-gen4dp|1342\n|player|p2|GucciSoup|wallace|1437\n|gen|9\n|tier|[Gen 9] VGC 2026 Reg I\n|rated|\n|rule|Species Clause: Limit one of each Pok\u00e9mon\n|rule|Item Clause: Limit 1 of each item\n|clearpoke\n|poke|p1|Groudon, L50|\n|poke|p1|Kyurem-White, L50|\n|poke|p1|Heatran, L50, F|\n|poke|p1|Whimsicott, L50, M|\n|poke|p1|Roaring Moon, L50|\n|poke|p1|Ditto, L50|\n|poke|p2|Grimmsnarl, L50, M|\n|poke|p2|Okidogi, L50, M|\n|poke|p2|Brute Bonnet, L50|\n|poke|p2|Iron Valiant, L50|\n|poke|p2|Calyrex-Ice, L50|\n|poke|p2|Miraidon, L50|\n|teampreview|4\n|\n|t:|1772826789\n|teamsize|p1|4\n|teamsize|p2|4\n|start\n|switch|p1a: Kyurem|Kyurem-White, L50|100/100\n|switch|p1b: Heatran|Heatran, L50, F|100/100\n|switch|p2a: Grimmsnarl|Grimmsnarl, L50, M|100/100\n|switch|p2b: Okidogi|Okidogi, L50, M|100/100\n|-ability|p1a: Kyurem|Turboblaze\n|turn|1\n|\n|t:|1772826796\n|move|p2a: Grimmsnarl|Light Screen|p2a: Grimmsnarl\n|-sidestart|p2: GucciSoup|move: Light Screen\n|move|p1a: Kyurem|Blizzard|p2a: Grimmsnarl|[spread] p2a,p2b\n|-crit|p2a: Grimmsnarl\n|-damage|p2a: Grimmsnarl|22/100\n|-damage|p2b: Okidogi|76/100\n|move|p2b: Okidogi|Snarl|p1b: Heatran|[spread] p1a,p1b\n|-damage|p1a: Kyurem|96/100\n|-damage|p1b: Heatran|96/100\n|-unboost|p1a: Kyurem|spa|1\n|-unboost|p1b: Heatran|spa|1\n|move|p1b: Heatran|Substitute|p1b: Heatran\n|-start|p1b: Heatran|Substitute\n|-damage|p1b: Heatran|71/100\n|\n|-heal|p1b: Heatran|77/100|[from] item: Leftovers\n|upkeep\n|turn|2\n|\n|t:|1772826811\n|move|p2a: Grimmsnarl|Reflect|p2a: Grimmsnarl\n|-sidestart|p2: GucciSoup|Reflect\n|move|p1a: Kyurem|Blizzard|p2a: Grimmsnarl|[spread] \n|-miss|p1a: Kyurem|p2a: Grimmsnarl\n|-enditem|p1a: Kyurem|Blunder Policy\n|-boost|p1a: Kyurem|spe|2\n|-miss|p1a: Kyurem|p2b: Okidogi\n|move|p2b: Okidogi|Snarl|p1b: Heatran|[spread] p1a\n|-miss|p2b: Okidogi|p1b: Heatran\n|-damage|p1a: Kyurem|92/100\n|-unboost|p1a: Kyurem|spa|1\n|move|p1b: Heatran|Earth Power|p2b: Okidogi\n|-supereffective|p2b: Okidogi\n|-damage|p2b: Okidogi|58/100\n|-unboost|p2b: Okidogi|spd|1\n|\n|-heal|p1b: Heatran|83/100|[from] item: Leftovers\n|upkeep\n|turn|3\n|\n|t:|1772826833\n|move|p1a: Kyurem|Blizzard|p2a: Grimmsnarl|[spread] p2a,p2b\n|-damage|p2a: Grimmsnarl|3/100\n|-damage|p2b: Okidogi|42/100\n|move|p2b: Okidogi|Drain Punch|p1b: Heatran\n|-supereffective|p1b: Heatran\n|-end|p1b: Heatran|Substitute\n|-heal|p2b: Okidogi|55/100|[from] drain|[of] p1b: Heatran\n|move|p1b: Heatran|Heat Wave|p2b: Okidogi|[spread] p2a,p2b\n|-damage|p2a: Grimmsnarl|0 fnt\n|-damage|p2b: Okidogi|42/100\n|-status|p2b: Okidogi|brn\n|faint|p2a: Grimmsnarl\n|\n|-heal|p1b: Heatran|89/100|[from] item: Leftovers\n|-damage|p2b: Okidogi|35/100 brn|[from] brn\n|upkeep\n|\n|t:|1772826847\n|switch|p2a: Miraidon|Miraidon, L50|100/100\n|-fieldstart|move: Electric Terrain|[from] ability: Hadron Engine|[of] p2a: Miraidon\n|-enditem|p2a: Miraidon|Electric Seed\n|-boost|p2a: Miraidon|def|1|[from] item: Electric Seed\n|turn|4\n|\n|t:|1772826855\n|move|p1b: Heatran|Protect|p1b: Heatran\n|-singleturn|p1b: Heatran|Protect\n|move|p1a: Kyurem|Freeze-Dry|p2a: Miraidon\n|-supereffective|p2a: Miraidon\n|-damage|p2a: Miraidon|74/100\n|move|p2a: Miraidon|Calm Mind|p2a: Miraidon\n|-boost|p2a: Miraidon|spa|1\n|-boost|p2a: Miraidon|spd|1\n|move|p2b: Okidogi|Snarl|p1a: Kyurem|[spread] p1a\n|-activate|p1b: Heatran|move: Protect\n|-damage|p1a: Kyurem|88/100\n|-unboost|p1a: Kyurem|spa|1\n|\n|-heal|p1b: Heatran|95/100|[from] item: Leftovers\n|-damage|p2b: Okidogi|29/100 brn|[from] brn\n|upkeep\n|turn|5\n|\n|t:|1772826874\n|move|p1a: Kyurem|Blizzard|p2a: Miraidon|[spread] p2a,p2b\n|-supereffective|p2a: Miraidon\n|-damage|p2a: Miraidon|58/100\n|-damage|p2b: Okidogi|15/100 brn\n|move|p2a: Miraidon|Dragon Pulse|p1a: Kyurem\n|-supereffective|p1a: Kyurem\n|-damage|p1a: Kyurem|0 fnt\n|faint|p1a: Kyurem\n|move|p2b: Okidogi|Drain Punch|p1b: Heatran\n|-supereffective|p1b: Heatran\n|-damage|p1b: Heatran|67/100\n|-heal|p2b: Okidogi|30/100 brn|[from] drain|[of] p1b: Heatran\n|move|p1b: Heatran|Substitute|p1b: Heatran\n|-start|p1b: Heatran|Substitute\n|-damage|p1b: Heatran|42/100\n|\n|-heal|p1b: Heatran|48/100|[from] item: Leftovers\n|-damage|p2b: Okidogi|24/100 brn|[from] brn\n|upkeep\n|\n|t:|1772826889\n|switch|p1a: Groudon|Groudon, L50|100/100\n|-weather|SunnyDay|[from] ability: Drought|[of] p1a: Groudon\n|turn|6\n|\n|t:|1772826904\n|move|p2a: Miraidon|Protect|p2a: Miraidon\n|-singleturn|p2a: Miraidon|Protect\n|move|p1a: Groudon|Precipice Blades|p2b: Okidogi|[spread] p2b\n|-activate|p2a: Miraidon|move: Protect\n|-supereffective|p2b: Okidogi\n|-damage|p2b: Okidogi|0 fnt\n|faint|p2b: Okidogi\n|move|p1b: Heatran|Earth Power|p2a: Miraidon\n|-activate|p2a: Miraidon|move: Protect\n|\n|-weather|SunnyDay|[upkeep]\n|-heal|p1b: Heatran|54/100|[from] item: Leftovers\n|upkeep\n|\n|t:|1772826916\n|switch|p2b: Calyrex|Calyrex-Ice, L50|100/100\n|-ability|p2b: Calyrex|As One\n|-ability|p2b: Calyrex|Unnerve\n|turn|7\n|\n|t:|1772826929\n|-terastallize|p2a: Miraidon|Bug\n|move|p2a: Miraidon|Parabolic Charge|p1b: Heatran|[spread] p2b,p1b\n|-immune|p1a: Groudon\n|-end|p1b: Heatran|Substitute\n|-heal|p2a: Miraidon|71/100|[from] drain|[of] p1b: Heatran\n|-damage|p2b: Calyrex|69/100\n|-heal|p2a: Miraidon|87/100|[from] drain|[of] p2b: Calyrex\n|move|p1a: Groudon|Precipice Blades|p2b: Calyrex|[spread] p2a\n|-miss|p1a: Groudon|p2b: Calyrex\n|-resisted|p2a: Miraidon\n|-damage|p2a: Miraidon|77/100\n|move|p1b: Heatran|Heat Wave|p2b: Calyrex|[spread] p2a,p2b\n|-supereffective|p2a: Miraidon\n|-supereffective|p2b: Calyrex\n|-damage|p2a: Miraidon|53/100\n|-damage|p2b: Calyrex|38/100\n|move|p2b: Calyrex|Glacial Lance|p1a: Groudon|[spread] p1a,p1b\n|-supereffective|p1a: Groudon\n|-resisted|p1b: Heatran\n|-damage|p1a: Groudon|27/100\n|-damage|p1b: Heatran|42/100\n|\n|-weather|SunnyDay|[upkeep]\n|-heal|p1b: Heatran|48/100|[from] item: Leftovers\n|upkeep\n|turn|8\n|\n|t:|1772826958\n|move|p1b: Heatran|Protect|p1b: Heatran\n|-singleturn|p1b: Heatran|Protect\n|move|p2b: Calyrex|Protect|p2b: Calyrex\n|-singleturn|p2b: Calyrex|Protect\n|move|p2a: Miraidon|Parabolic Charge|p1a: Groudon|[spread] \n|-activate|p2b: Calyrex|move: Protect\n|-activate|p1b: Heatran|move: Protect\n|-immune|p1a: Groudon\n|move|p1a: Groudon|Precipice Blades|p2b: Calyrex|[spread] p2a\n|-activate|p2b: Calyrex|move: Protect\n|-resisted|p2a: Miraidon\n|-damage|p2a: Miraidon|44/100\n|\n|-weather|SunnyDay|[upkeep]\n|-heal|p1b: Heatran|55/100|[from] item: Leftovers\n|-sideend|p2: GucciSoup|move: Light Screen\n|-fieldend|move: Electric Terrain\n|upkeep\n|turn|9\n|\n|t:|1772826994\n|-terastallize|p1b: Heatran|Fire\n|move|p2a: Miraidon|Dragon Pulse|p1b: Heatran\n|-damage|p1b: Heatran|3/100\n|move|p1a: Groudon|Heat Crash|p2a: Miraidon\n|-supereffective|p2a: Miraidon\n|-damage|p2a: Miraidon|10/100\n|move|p1b: Heatran|Heat Wave|p2a: Miraidon|[spread] p2a,p2b\n|-supereffective|p2a: Miraidon\n|-supereffective|p2b: Calyrex\n|-damage|p2a: Miraidon|0 fnt\n|-damage|p2b: Calyrex|0 fnt\n|faint|p2a: Miraidon\n|faint|p2b: Calyrex\n|\n|win|I\u2764\ufe0f\u5a1c\u7984forever\n|raw|I\u2764\ufe0f\u5a1c\u7984forever's rating: 1342 &rarr; <strong>1367</strong><br />(+25 for winning)\n|raw|GucciSoup's rating: 1437 &rarr; <strong>1412</strong><br />(-25 for losing)\n|l|\u2606GucciSoup\n|player|p2|\n|l|\u2606I\u2764\ufe0f\u5a1c\u7984forever\n|player|p1|\n","uploadtime":1772827140,"views":14,"formatid":"gen9vgc2026regi","rating":1367,"private":0,"password":null}