{"id":"gen9vgc2026regi-2580919215","format":"[Gen 9] VGC 2026 Reg I","players":["castiel123","Wifi op de fiets"],"log":"|j|\u2606castiel123\n|j|\u2606Wifi op de fiets\n|t:|1775943328\n|gametype|doubles\n|player|p1|castiel123|265|1408\n|player|p2|Wifi op de fiets|koga|1337\n|gen|9\n|tier|[Gen 9] VGC 2026 Reg I\n|rated|\n|rule|Species Clause: Limit one of each Pok\u00e9mon\n|rule|Item Clause: Limit 1 of each item\n|clearpoke\n|poke|p1|Zamazenta-*, L50|\n|poke|p1|Chi-Yu, L50|\n|poke|p1|Terapagos, L50, M|\n|poke|p1|Whimsicott, L50, F|\n|poke|p1|Iron Treads, L50|\n|poke|p1|Scream Tail, L50|\n|poke|p2|Incineroar, L50, F|\n|poke|p2|Landorus, L50, M|\n|poke|p2|Gholdengo, L50|\n|poke|p2|Tornadus, L50, M|\n|poke|p2|Kyogre, L50|\n|poke|p2|Miraidon, L50|\n|teampreview|4\n|\n|t:|1775943394\n|teamsize|p1|4\n|teamsize|p2|4\n|start\n|switch|p1a: Whimsicott|Whimsicott, L50, F|100/100\n|switch|p1b: Terapagos|Terapagos, L50, M|100/100\n|switch|p2a: Azul|Kyogre, L50|100/100\n|switch|p2b: Clover|Tornadus, L50, M|100/100\n|-activate|p1b: Terapagos|ability: Tera Shift\n|detailschange|p1b: Terapagos|Terapagos-Terastal, L50, M\n|-heal|p1b: Terapagos|100/100|[silent]\n|-weather|RainDance|[from] ability: Drizzle|[of] p2a: Azul\n|turn|1\n|\n|t:|1775943418\n|move|p1a: Whimsicott|Sunny Day|p1a: Whimsicott\n|-weather|SunnyDay\n|move|p2a: Azul|Water Spout|p1a: Whimsicott|[spread] p1a,p1b\n|-resisted|p1a: Whimsicott\n|-activate|p1b: Terapagos|ability: Tera Shell\n|-resisted|p1b: Terapagos\n|-damage|p1a: Whimsicott|76/100\n|-damage|p1b: Terapagos|87/100\n|move|p2b: Clover|Bleakwind Storm|p1b: Terapagos|[spread] p1a,p1b\n|-supereffective|p1a: Whimsicott\n|-damage|p1a: Whimsicott|0 fnt\n|-damage|p1b: Terapagos|63/100\n|faint|p1a: Whimsicott\n|move|p1b: Terapagos|Calm Mind|p1b: Terapagos\n|-boost|p1b: Terapagos|spa|1\n|-boost|p1b: Terapagos|spd|1\n|\n|-weather|SunnyDay|[upkeep]\n|-heal|p1b: Terapagos|69/100|[from] item: Leftovers\n|upkeep\n|\n|t:|1775943424\n|switch|p1a: Scream Tail|Scream Tail, L50|100/100\n|-activate|p1a: Scream Tail|ability: Protosynthesis\n|-start|p1a: Scream Tail|protosynthesisspe\n|turn|2\n|\n|t:|1775943439\n|move|p2b: Clover|Rain Dance|p2b: Clover\n|-weather|RainDance\n|-end|p1a: Scream Tail|Protosynthesis\n|-enditem|p1a: Scream Tail|Booster Energy\n|-activate|p1a: Scream Tail|ability: Protosynthesis|[fromitem]\n|-start|p1a: Scream Tail|protosynthesisspe\n|move|p1a: Scream Tail|Thunder Wave|p2a: Azul\n|-status|p2a: Azul|par\n|move|p1b: Terapagos|Calm Mind|p1b: Terapagos\n|-boost|p1b: Terapagos|spa|1\n|-boost|p1b: Terapagos|spd|1\n|move|p2a: Azul|Water Spout|p1b: Terapagos|[spread] p1a,p1b\n|-damage|p1a: Scream Tail|14/100\n|-damage|p1b: Terapagos|24/100\n|\n|-weather|RainDance|[upkeep]\n|-heal|p1b: Terapagos|30/100|[from] item: Leftovers\n|upkeep\n|turn|3\n|\n|t:|1775943466\n|-terastallize|p1b: Terapagos|Stellar\n|detailschange|p1b: Terapagos|Terapagos-Stellar, L50, M, tera:Stellar\n|-heal|p1b: Terapagos|47/100|[silent]\n|-ability|p1b: Terapagos|Teraform Zero\n|-weather|none\n|move|p2b: Clover|Tailwind|p2b: Clover\n|-sidestart|p2: Wifi op de fiets|move: Tailwind\n|move|p1a: Scream Tail|Thunder Wave|p2b: Clover\n|-status|p2b: Clover|par\n|cant|p2a: Azul|par\n|move|p1b: Terapagos|Tera Starstorm|p2b: Clover|[spread] p2a,p2b\n|-damage|p2a: Azul|56/100 par\n|-damage|p2b: Clover|49/100 par\n|\n|-heal|p1b: Terapagos|53/100|[from] item: Leftovers\n|upkeep\n|turn|4\n|\n|t:|1775943485\n|move|p2b: Clover|Rain Dance|p2b: Clover\n|-weather|RainDance\n|move|p1a: Scream Tail|Encore|p2b: Clover\n|-start|p2b: Clover|Encore\n|cant|p2a: Azul|par\n|move|p1b: Terapagos|Tera Starstorm|p2b: Clover|[spread] p2a,p2b\n|-damage|p2a: Azul|6/100 par\n|-damage|p2b: Clover|2/100 par\n|\n|-weather|RainDance|[upkeep]\n|-heal|p1b: Terapagos|59/100|[from] item: Leftovers\n|upkeep\n|turn|5\n|\n|t:|1775943501\n|move|p2b: Clover|Rain Dance||[still]\n|-fail|p2b: Clover\n|move|p1a: Scream Tail|Play Rough|p2a: Azul\n|-damage|p2a: Azul|0 fnt\n|faint|p2a: Azul\n|move|p1b: Terapagos|Calm Mind|p1b: Terapagos\n|-boost|p1b: Terapagos|spa|1\n|-boost|p1b: Terapagos|spd|1\n|\n|-weather|RainDance|[upkeep]\n|-heal|p1b: Terapagos|65/100|[from] item: Leftovers\n|upkeep\n|\n|t:|1775943507\n|switch|p2a: Violet|Miraidon, L50|100/100\n|-fieldstart|move: Electric Terrain|[from] ability: Hadron Engine|[of] p2a: Violet\n|turn|6\n|\n|t:|1775943522\n|switch|p2b: Clementine|Landorus, L50, M|100/100\n|move|p1a: Scream Tail|Protect|p1a: Scream Tail\n|-singleturn|p1a: Scream Tail|Protect\n|move|p2a: Violet|Snarl|p1b: Terapagos|[spread] p1b\n|-activate|p1a: Scream Tail|move: Protect\n|-damage|p1b: Terapagos|60/100\n|-unboost|p1b: Terapagos|spa|1\n|move|p1b: Terapagos|Tera Starstorm|p2a: Violet|[spread] p2a,p2b\n|-damage|p2a: Violet|48/100\n|-damage|p2b: Clementine|24/100\n|\n|-weather|RainDance|[upkeep]\n|-heal|p1b: Terapagos|66/100|[from] item: Leftovers\n|-sideend|p2: Wifi op de fiets|move: Tailwind\n|upkeep\n|turn|7\n|\n|t:|1775943535\n|move|p2a: Violet|Snarl|p1b: Terapagos|[spread] p1a,p1b\n|-damage|p1a: Scream Tail|0 fnt\n|-damage|p1b: Terapagos|61/100\n|-unboost|p1b: Terapagos|spa|1\n|faint|p1a: Scream Tail\n|-end|p1a: Scream Tail|Protosynthesis|[silent]\n|move|p2b: Clementine|Sandsear Storm|p1b: Terapagos\n|-damage|p1b: Terapagos|42/100\n|move|p1b: Terapagos|Tera Starstorm|p2b: Clementine|[spread] p2a,p2b\n|-damage|p2a: Violet|6/100\n|-damage|p2b: Clementine|0 fnt\n|faint|p2b: Clementine\n|\n|-weather|RainDance|[upkeep]\n|-heal|p1b: Terapagos|48/100|[from] item: Leftovers\n|upkeep\n|\n|t:|1775943539\n|switch|p1a: Zamazenta|Zamazenta-Crowned, L50|100/100\n|switch|p2b: Clover|Tornadus, L50, M|2/100 par\n|-ability|p1a: Zamazenta|Dauntless Shield|boost\n|-boost|p1a: Zamazenta|def|1\n|turn|8\n|-message|Wifi op de fiets forfeited.\n|\n|win|castiel123\n|raw|castiel123's rating: 1408 &rarr; <strong>1424</strong><br />(+16 for winning)\n|raw|Wifi op de fiets's rating: 1337 &rarr; <strong>1321</strong><br />(-16 for losing)\n|l|\u2606Wifi op de fiets\n|player|p2|\n|l|\u2606castiel123\n|player|p1|\n","uploadtime":1775943800,"views":10,"formatid":"gen9vgc2026regi","rating":1321,"private":0,"password":null}