{"id":"gen9vgc2026regi-2547886527","format":"[Gen 9] VGC 2026 Reg I","players":["EllenJoe2026","cdogp3"],"log":"|j|\u2606EllenJoe2026\n|j|\u2606cdogp3\n|t:|1772141502\n|gametype|doubles\n|player|p1|EllenJoe2026|iono|1505\n|player|p2|cdogp3|hoopster|1641\n|gen|9\n|tier|[Gen 9] VGC 2026 Reg I\n|rated|\n|rule|Species Clause: Limit one of each Pok\u00e9mon\n|rule|Item Clause: Limit 1 of each item\n|clearpoke\n|poke|p1|Calyrex-Shadow, L50|\n|poke|p1|Zamazenta-*, L50|\n|poke|p1|Incineroar, L50, F|\n|poke|p1|Rillaboom, L50, F|\n|poke|p1|Ogerpon-Cornerstone, L50, F|\n|poke|p1|Tornadus, L50, M|\n|poke|p2|Sneasler, L50, F|\n|poke|p2|Ditto, L50|\n|poke|p2|Calyrex-Ice, L50|\n|poke|p2|Miraidon, L50|\n|poke|p2|Urshifu-*, L50, F|\n|poke|p2|Incineroar, L50, M|\n|teampreview|4\n|inactive|Battle timer is ON: inactive players will automatically lose when time's up. (requested by cdogp3)\n|inactive|EllenJoe2026 also wants the timer to be on.\n|\n|t:|1772141529\n|teamsize|p1|4\n|teamsize|p2|4\n|start\n|switch|p1a: Zamazenta|Zamazenta-Crowned, L50, shiny|100/100\n|switch|p1b: Rillaboom|Rillaboom, L50, F, shiny|100/100\n|switch|p2a: Sneasler|Sneasler, L50, F|100/100\n|switch|p2b: Miraidon|Miraidon, L50|100/100\n|-fieldstart|move: Electric Terrain|[from] ability: Hadron Engine|[of] p2b: Miraidon\n|-enditem|p2a: Sneasler|Electric Seed\n|-boost|p2a: Sneasler|def|1|[from] item: Electric Seed\n|-ability|p1a: Zamazenta|Dauntless Shield|boost\n|-boost|p1a: Zamazenta|def|1\n|-fieldstart|move: Grassy Terrain|[from] ability: Grassy Surge|[of] p1b: Rillaboom\n|turn|1\n|\n|t:|1772141549\n|move|p1b: Rillaboom|Fake Out|p2a: Sneasler\n|-damage|p2a: Sneasler|87/100\n|cant|p2a: Sneasler|flinch\n|move|p2b: Miraidon|Volt Switch|p1a: Zamazenta\n|-damage|p1a: Zamazenta|60/100\n|-damage|p2b: Miraidon|91/100|[from] item: Life Orb\n|\n|t:|1772141552\n|switch|p2b: Calyrex|Calyrex-Ice, L50|100/100|[from] Volt Switch\n|-ability|p2b: Calyrex|As One\n|-ability|p2b: Calyrex|Unnerve\n|move|p1a: Zamazenta|Heavy Slam|p2a: Sneasler\n|-damage|p2a: Sneasler|41/100\n|\n|-heal|p2a: Sneasler|47/100|[from] Grassy Terrain\n|-heal|p1a: Zamazenta|66/100|[from] Grassy Terrain\n|upkeep\n|turn|2\n|inactive|EllenJoe2026 has 30 seconds left.\n|inactive|EllenJoe2026 has 20 seconds left.\n|inactive|EllenJoe2026 has 15 seconds left.\n|inactive|EllenJoe2026 has 10 seconds left.\n|\n|t:|1772141598\n|switch|p1b: Incineroar|Incineroar, L50, F, shiny|100/100\n|-ability|p1b: Incineroar|Intimidate|boost\n|-unboost|p2a: Sneasler|atk|1\n|-fail|p2b: Calyrex|unboost|[from] item: Clear Amulet|[of] p2b: Calyrex\n|move|p1a: Zamazenta|Protect|p1a: Zamazenta\n|-singleturn|p1a: Zamazenta|Protect\n|move|p2a: Sneasler|Dire Claw|p1b: Incineroar\n|-damage|p1b: Incineroar|80/100\n|-status|p1b: Incineroar|slp\n|move|p2b: Calyrex|High Horsepower|p1b: Incineroar\n|-supereffective|p1b: Incineroar\n|-damage|p1b: Incineroar|17/100 slp\n|\n|-heal|p2a: Sneasler|53/100|[from] Grassy Terrain\n|-heal|p1a: Zamazenta|73/100|[from] Grassy Terrain\n|-heal|p1b: Incineroar|23/100 slp|[from] Grassy Terrain\n|upkeep\n|turn|3\n|inactive|EllenJoe2026 has 30 seconds left.\n|\n|t:|1772141629\n|switch|p1b: Rillaboom|Rillaboom, L50, F, shiny|100/100\n|move|p2a: Sneasler|Low Kick|p1a: Zamazenta\n|-supereffective|p1a: Zamazenta\n|-damage|p1a: Zamazenta|42/100\n|move|p1a: Zamazenta|Body Press|p2b: Calyrex\n|-damage|p2b: Calyrex|60/100\n|move|p2b: Calyrex|High Horsepower|p1a: Zamazenta\n|-supereffective|p1a: Zamazenta\n|-damage|p1a: Zamazenta|16/100\n|\n|-heal|p2a: Sneasler|59/100|[from] Grassy Terrain\n|-heal|p1a: Zamazenta|22/100|[from] Grassy Terrain\n|-heal|p2b: Calyrex|65/100|[from] Grassy Terrain\n|upkeep\n|turn|4\n|\n|t:|1772141644\n|move|p1b: Rillaboom|Fake Out|p2b: Calyrex\n|-damage|p2b: Calyrex|57/100\n|move|p2a: Sneasler|Low Kick|p1a: Zamazenta\n|-supereffective|p1a: Zamazenta\n|-damage|p1a: Zamazenta|0 fnt\n|faint|p1a: Zamazenta\n|cant|p2b: Calyrex|flinch\n|\n|-heal|p2a: Sneasler|65/100|[from] Grassy Terrain\n|-heal|p2b: Calyrex|62/100|[from] Grassy Terrain\n|upkeep\n|\n|t:|1772141650\n|switch|p1a: Calyrex|Calyrex-Shadow, L50|100/100\n|-ability|p1a: Calyrex|As One\n|-ability|p1a: Calyrex|Unnerve\n|turn|5\n|\n|t:|1772141670\n|-terastallize|p1a: Calyrex|Dark\n|move|p2b: Calyrex|Protect|p2b: Calyrex\n|-singleturn|p2b: Calyrex|Protect\n|move|p2a: Sneasler|Dire Claw|p1a: Calyrex\n|-damage|p1a: Calyrex|66/100\n|move|p1a: Calyrex|Astral Barrage|p2b: Calyrex|[spread] p2a\n|-activate|p2b: Calyrex|move: Protect\n|-damage|p2a: Sneasler|0 fnt\n|faint|p2a: Sneasler\n|-ability|p1a: Calyrex|Grim Neigh|boost\n|-boost|p1a: Calyrex|spa|1\n|move|p1b: Rillaboom|Wood Hammer|p2b: Calyrex\n|-activate|p2b: Calyrex|move: Protect\n|\n|-heal|p1a: Calyrex|72/100|[from] Grassy Terrain\n|-heal|p2b: Calyrex|68/100|[from] Grassy Terrain\n|-fieldend|move: Grassy Terrain\n|upkeep\n|\n|t:|1772141678\n|switch|p2a: Urshifu|Urshifu-Rapid-Strike, L50, F|100/100\n|turn|6\n|inactive|EllenJoe2026 has 30 seconds left.\n|\n|t:|1772141708\n|switch|p2b: Miraidon|Miraidon, L50|91/100\n|-fieldstart|move: Electric Terrain|[from] ability: Hadron Engine|[of] p2b: Miraidon\n|move|p1a: Calyrex|Astral Barrage|p2b: Miraidon|[spread] p2a,p2b\n|-enditem|p2a: Urshifu|Focus Sash\n|-damage|p2a: Urshifu|1/100\n|-damage|p2b: Miraidon|6/100\n|move|p2a: Urshifu|Close Combat|p1a: Calyrex\n|-supereffective|p1a: Calyrex\n|-damage|p1a: Calyrex|0 fnt\n|-unboost|p2a: Urshifu|def|1\n|-unboost|p2a: Urshifu|spd|1\n|faint|p1a: Calyrex\n|move|p1b: Rillaboom|Wood Hammer|p2a: Urshifu\n|-supereffective|p2a: Urshifu\n|-damage|p2a: Urshifu|0 fnt\n|faint|p2a: Urshifu\n|-damage|p1b: Rillaboom|99/100|[from] Recoil\n|\n|upkeep\n|\n|t:|1772141719\n|switch|p1a: Incineroar|Incineroar, L50, F, shiny|23/100 slp\n|switch|p2a: Calyrex|Calyrex-Ice, L50|68/100\n|-ability|p2a: Calyrex|As One\n|-ability|p2a: Calyrex|Unnerve\n|-ability|p1a: Incineroar|Intimidate|boost\n|-fail|p2a: Calyrex|unboost|[from] item: Clear Amulet|[of] p2a: Calyrex\n|-unboost|p2b: Miraidon|atk|1\n|turn|7\n|\n|t:|1772141732\n|move|p2b: Miraidon|Electro Drift|p1a: Incineroar\n|-crit|p1a: Incineroar\n|-damage|p1a: Incineroar|0 fnt\n|faint|p1a: Incineroar\n|-damage|p2b: Miraidon|0 fnt|[from] item: Life Orb\n|faint|p2b: Miraidon\n|move|p1b: Rillaboom|U-turn|p2a: Calyrex\n|-supereffective|p2a: Calyrex\n|-damage|p2a: Calyrex|40/100\n|move|p2a: Calyrex|Glacial Lance|p1b: Rillaboom\n|-supereffective|p1b: Rillaboom\n|-damage|p1b: Rillaboom|0 fnt\n|faint|p1b: Rillaboom\n|\n|win|cdogp3\n|raw|EllenJoe2026's rating: 1478 &rarr; <strong>1467</strong><br />(-11 for losing)\n|raw|cdogp3's rating: 1641 &rarr; <strong>1652</strong><br />(+11 for winning)\n|l|\u2606EllenJoe2026\n|player|p1|\n|l|\u2606cdogp3\n|player|p2|\n","uploadtime":1772141875,"views":18,"formatid":"gen9vgc2026regi","rating":1467,"private":0,"password":null}