{"id":"gen9vgc2026regi-2530493868","format":"[Gen 9] VGC 2026 Reg I","players":["saltyalab","blackred123"],"log":"|j|\u2606saltyalab\n|j|\u2606blackred123\n|t:|1769925796\n|gametype|doubles\n|player|p1|saltyalab|170|1238\n|player|p2|blackred123|iono-masters|1354\n|gen|9\n|tier|[Gen 9] VGC 2026 Reg I\n|rated|\n|rule|Species Clause: Limit one of each Pok\u00e9mon\n|rule|Item Clause: Limit 1 of each item\n|clearpoke\n|poke|p1|Koraidon, L50|\n|poke|p1|Tornadus, L50, M|\n|poke|p1|Calyrex-Shadow, L50|\n|poke|p1|Ogerpon-Cornerstone, L50, F|\n|poke|p1|Ditto, L50|\n|poke|p1|Chi-Yu, L50|\n|poke|p2|Calyrex-Shadow, L50|\n|poke|p2|Koraidon, L50|\n|poke|p2|Flutter Mane, L50|\n|poke|p2|Incineroar, L50, F|\n|poke|p2|Raging Bolt, L50|\n|poke|p2|Tornadus, L50, M|\n|teampreview|4\n|inactive|Battle timer is ON: inactive players will automatically lose when time's up. (requested by saltyalab)\n|inactive|blackred123 also wants the timer to be on.\n|\n|t:|1769925823\n|teamsize|p1|4\n|teamsize|p2|4\n|start\n|switch|p1a: Tornadus|Tornadus, L50, M|100/100\n|switch|p1b: Koraidon|Koraidon, L50|100/100\n|switch|p2a: \u56fa\u5927\u5305\u52d2|Koraidon, L50|100/100\n|switch|p2b: \u6536\u957f\u5934\u53d1\uff5e|Flutter Mane, L50|100/100\n|-weather|SunnyDay|[from] ability: Orichalcum Pulse|[of] p2a: \u56fa\u5927\u5305\u52d2\n|-activate|p2b: \u6536\u957f\u5934\u53d1\uff5e|ability: Protosynthesis\n|-start|p2b: \u6536\u957f\u5934\u53d1\uff5e|protosynthesisspe\n|-activate|p2a: \u56fa\u5927\u5305\u52d2|Orichalcum Pulse|[source]\n|-activate|p1b: Koraidon|ability: Orichalcum Pulse\n|turn|1\n|\n|t:|1769925846\n|move|p1b: Koraidon|Protect|p1b: Koraidon\n|-singleturn|p1b: Koraidon|Protect\n|move|p1a: Tornadus|Tailwind|p1a: Tornadus\n|-sidestart|p1: saltyalab|move: Tailwind\n|move|p2b: \u6536\u957f\u5934\u53d1\uff5e|Icy Wind|p1a: Tornadus|[spread] p1a\n|-activate|p1b: Koraidon|move: Protect\n|-supereffective|p1a: Tornadus\n|-damage|p1a: Tornadus|70/100\n|move|p2a: \u56fa\u5927\u5305\u52d2|Flare Blitz|p1a: Tornadus\n|-damage|p1a: Tornadus|0 fnt\n|faint|p1a: Tornadus\n|-damage|p2a: \u56fa\u5927\u5305\u52d2|81/100|[from] Recoil\n|\n|-weather|SunnyDay|[upkeep]\n|upkeep\n|\n|t:|1769925868\n|switch|p1a: Calyrex|Calyrex-Shadow, L50|100/100\n|-ability|p1a: Calyrex|As One\n|-ability|p1a: Calyrex|Unnerve\n|turn|2\n|\n|t:|1769925889\n|switch|p2a: Tornadus|Tornadus, L50, M, shiny|100/100\n|-terastallize|p2b: \u6536\u957f\u5934\u53d1\uff5e|Normal\n|move|p1a: Calyrex|Astral Barrage|p2b: \u6536\u957f\u5934\u53d1\uff5e|[spread] p2a\n|-immune|p2b: \u6536\u957f\u5934\u53d1\uff5e\n|-damage|p2a: Tornadus|27/100\n|move|p1b: Koraidon|Flame Charge|p2b: \u6536\u957f\u5934\u53d1\uff5e\n|-enditem|p2b: \u6536\u957f\u5934\u53d1\uff5e|Focus Sash\n|-damage|p2b: \u6536\u957f\u5934\u53d1\uff5e|1/100\n|-boost|p1b: Koraidon|spe|1\n|-damage|p1b: Koraidon|91/100|[from] item: Life Orb\n|move|p2b: \u6536\u957f\u5934\u53d1\uff5e|Moonblast|p1b: Koraidon\n|-supereffective|p1b: Koraidon\n|-damage|p1b: Koraidon|0 fnt\n|faint|p1b: Koraidon\n|\n|-weather|SunnyDay|[upkeep]\n|upkeep\n|\n|t:|1769925896\n|switch|p1b: Ogerpon|Ogerpon-Cornerstone, L50, F|100/100\n|turn|3\n|\n|t:|1769925911\n|move|p1a: Calyrex|Protect|p1a: Calyrex\n|-singleturn|p1a: Calyrex|Protect\n|move|p2a: Tornadus|Tailwind|p2a: Tornadus\n|-sidestart|p2: blackred123|move: Tailwind\n|move|p2b: \u6536\u957f\u5934\u53d1\uff5e|Icy Wind|p1a: Calyrex|[spread] p1b\n|-activate|p1a: Calyrex|move: Protect\n|-supereffective|p1b: Ogerpon\n|-damage|p1b: Ogerpon|67/100\n|-unboost|p1b: Ogerpon|spe|1\n|move|p1b: Ogerpon|Ivy Cudgel|p2b: \u6536\u957f\u5934\u53d1\uff5e|[anim] Ivy Cudgel Rock\n|-damage|p2b: \u6536\u957f\u5934\u53d1\uff5e|0 fnt\n|faint|p2b: \u6536\u957f\u5934\u53d1\uff5e\n|-end|p2b: \u6536\u957f\u5934\u53d1\uff5e|Protosynthesis|[silent]\n|\n|-weather|SunnyDay|[upkeep]\n|upkeep\n|\n|t:|1769925927\n|switch|p2b: \u56fa\u5927\u5305\u52d2|Koraidon, L50|81/100\n|-activate|p2b: \u56fa\u5927\u5305\u52d2|ability: Orichalcum Pulse\n|turn|4\n|\n|t:|1769925947\n|move|p1a: Calyrex|Astral Barrage|p2b: \u56fa\u5927\u5305\u52d2|[spread] p2a,p2b\n|-damage|p2a: Tornadus|0 fnt\n|-damage|p2b: \u56fa\u5927\u5305\u52d2|29/100\n|faint|p2a: Tornadus\n|-ability|p1a: Calyrex|Grim Neigh|boost\n|-boost|p1a: Calyrex|spa|1\n|move|p2b: \u56fa\u5927\u5305\u52d2|Flare Blitz|p1a: Calyrex\n|-enditem|p1a: Calyrex|Focus Sash\n|-damage|p1a: Calyrex|1/100\n|-damage|p2b: \u56fa\u5927\u5305\u52d2|0 fnt|[from] Recoil\n|faint|p2b: \u56fa\u5927\u5305\u52d2\n|move|p1b: Ogerpon|Ivy Cudgel|p2: Tornadus|[notarget]\n|-fail|p1b: Ogerpon\n|\n|-weather|SunnyDay|[upkeep]\n|-sideend|p1: saltyalab|move: Tailwind\n|upkeep\n|\n|t:|1769925958\n|switch|p2b: \u6211\u8fd1\u89c6|Calyrex-Shadow, L50|100/100\n|-ability|p2b: \u6211\u8fd1\u89c6|As One\n|-ability|p2b: \u6211\u8fd1\u89c6|Unnerve\n|turn|5\n|\n|t:|1769925970\n|-terastallize|p1a: Calyrex|Normal\n|move|p2b: \u6211\u8fd1\u89c6|Astral Barrage|p1a: Calyrex|[spread] p1b\n|-immune|p1a: Calyrex\n|-damage|p1b: Ogerpon|0 fnt\n|faint|p1b: Ogerpon\n|-ability|p2b: \u6211\u8fd1\u89c6|Grim Neigh|boost\n|-boost|p2b: \u6211\u8fd1\u89c6|spa|1\n|move|p1a: Calyrex|Astral Barrage|p2b: \u6211\u8fd1\u89c6\n|-supereffective|p2b: \u6211\u8fd1\u89c6\n|-damage|p2b: \u6211\u8fd1\u89c6|0 fnt\n|faint|p2b: \u6211\u8fd1\u89c6\n|\n|win|saltyalab\n|raw|saltyalab's rating: 1238 &rarr; <strong>1271</strong><br />(+33 for winning)\n|raw|blackred123's rating: 1354 &rarr; <strong>1328</strong><br />(-26 for losing)\n|l|\u2606saltyalab\n|player|p1|\n|l|\u2606blackred123\n|player|p2|\n","uploadtime":1769926142,"views":9,"formatid":"gen9vgc2026regi","rating":1271,"private":0,"password":null}