{"id":"gen9vgc2026regi-2569313950","format":"[Gen 9] VGC 2026 Reg I","players":["blackred123","Ashen206"],"log":"|j|\u2606blackred123\n|j|\u2606Ashen206\n|t:|1774672840\n|gametype|doubles\n|player|p1|blackred123|iono-masters|1418\n|player|p2|Ashen206|cynthia-gen4|1338\n|gen|9\n|tier|[Gen 9] VGC 2026 Reg I\n|rated|\n|rule|Species Clause: Limit one of each Pok\u00e9mon\n|rule|Item Clause: Limit 1 of each item\n|clearpoke\n|poke|p1|Kyogre, L50|\n|poke|p1|Zamazenta-*, L50|\n|poke|p1|Chien-Pao, L50|\n|poke|p1|Amoonguss, L50, F|\n|poke|p1|Dragonite, L50, M|\n|poke|p1|Rillaboom, L50, F|\n|poke|p2|Lunala, L50|\n|poke|p2|Ursaluna, L50, M|\n|poke|p2|Urshifu-*, L50, F|\n|poke|p2|Miraidon, L50|\n|poke|p2|Grimmsnarl, L50, M|\n|poke|p2|Incineroar, L50, M|\n|teampreview|4\n|inactive|Battle timer is ON: inactive players will automatically lose when time's up. (requested by blackred123)\n|inactive|Ashen206 has 60 seconds left.\n|\n|t:|1774672877\n|teamsize|p1|4\n|teamsize|p2|4\n|start\n|switch|p1a: Zamazenta|Zamazenta-Crowned, L50|100/100\n|switch|p1b: Rillaboom|Rillaboom, L50, F|100/100\n|switch|p2a: Grimmsnarl|Grimmsnarl, L50, M|100/100\n|switch|p2b: Lunala|Lunala, L50|100/100\n|-ability|p1a: Zamazenta|Dauntless Shield|boost\n|-boost|p1a: Zamazenta|def|1\n|-fieldstart|move: Grassy Terrain|[from] ability: Grassy Surge|[of] p1b: Rillaboom\n|turn|1\n|inactive|Ashen206 has 30 seconds left.\n|inactive|Ashen206 has 20 seconds left.\n|\n|t:|1774672912\n|-terastallize|p2a: Grimmsnarl|Ghost\n|move|p1b: Rillaboom|Fake Out|p2a: Grimmsnarl\n|-immune|p2a: Grimmsnarl\n|move|p2a: Grimmsnarl|Reflect|p2a: Grimmsnarl\n|-sidestart|p2: Ashen206|Reflect\n|move|p1a: Zamazenta|Heavy Slam|p2a: Grimmsnarl\n|-damage|p2a: Grimmsnarl|69/100\n|move|p2b: Lunala|Trick Room|p2b: Lunala\n|-fieldstart|move: Trick Room|[of] p2b: Lunala\n|\n|-heal|p2a: Grimmsnarl|75/100|[from] Grassy Terrain\n|upkeep\n|turn|2\n|inactive|Ashen206 has 30 seconds left.\n|\n|t:|1774672943\n|switch|p2a: Miraidon|Miraidon, L50|100/100\n|-fieldstart|move: Electric Terrain|[from] ability: Hadron Engine|[of] p2a: Miraidon\n|-enditem|p2b: Lunala|Electric Seed\n|-boost|p2b: Lunala|def|1|[from] item: Electric Seed\n|switch|p2b: Incineroar|Incineroar, L50, M|100/100\n|-ability|p2b: Incineroar|Intimidate|boost\n|-unboost|p1a: Zamazenta|atk|1\n|-unboost|p1b: Rillaboom|atk|1\n|move|p1b: Rillaboom|U-turn|p2b: Incineroar\n|-damage|p2b: Incineroar|93/100\n|-damage|p1b: Rillaboom|84/100|[from] item: Rocky Helmet|[of] p2b: Incineroar\n|\n|t:|1774672956\n|switch|p1b: Dragonite|Dragonite, L50, M|100/100|[from] U-turn\n|move|p1a: Zamazenta|Body Press|p2a: Miraidon\n|-damage|p2a: Miraidon|61/100\n|\n|upkeep\n|turn|3\n|\n|t:|1774672981\n|switch|p1b: Rillaboom|Rillaboom, L50, F|84/100\n|-fieldstart|move: Grassy Terrain|[from] ability: Grassy Surge|[of] p1b: Rillaboom\n|switch|p2a: Grimmsnarl|Grimmsnarl, L50, M, tera:Ghost|75/100\n|move|p2b: Incineroar|Will-O-Wisp|p1a: Zamazenta|[miss]\n|-miss|p2b: Incineroar|p1a: Zamazenta\n|move|p1a: Zamazenta|Body Press|p2a: Grimmsnarl\n|-immune|p2a: Grimmsnarl\n|\n|-heal|p2b: Incineroar|99/100|[from] Grassy Terrain\n|-heal|p2a: Grimmsnarl|81/100|[from] Grassy Terrain\n|-heal|p1b: Rillaboom|90/100|[from] Grassy Terrain\n|upkeep\n|turn|4\n|\n|t:|1774673004\n|move|p1b: Rillaboom|Fake Out|p2b: Incineroar\n|-damage|p2b: Incineroar|93/100\n|-damage|p1b: Rillaboom|74/100|[from] item: Rocky Helmet|[of] p2b: Incineroar\n|move|p2a: Grimmsnarl|Thunder Wave|p1b: Rillaboom\n|-status|p1b: Rillaboom|par\n|cant|p2b: Incineroar|flinch\n|move|p1a: Zamazenta|Body Press|p2b: Incineroar\n|-supereffective|p2b: Incineroar\n|-damage|p2b: Incineroar|22/100\n|-damage|p1a: Zamazenta|84/100|[from] item: Rocky Helmet|[of] p2b: Incineroar\n|\n|-heal|p1b: Rillaboom|80/100 par|[from] Grassy Terrain\n|-heal|p2b: Incineroar|28/100|[from] Grassy Terrain\n|-heal|p2a: Grimmsnarl|87/100|[from] Grassy Terrain\n|-heal|p1a: Zamazenta|90/100|[from] Grassy Terrain\n|upkeep\n|turn|5\n|\n|t:|1774673026\n|switch|p2b: Lunala|Lunala, L50|100/100\n|switch|p1a: Kyogre|Kyogre, L50|100/100\n|-weather|RainDance|[from] ability: Drizzle|[of] p1a: Kyogre\n|move|p1b: Rillaboom|U-turn|p2a: Grimmsnarl\n|-resisted|p2a: Grimmsnarl\n|-damage|p2a: Grimmsnarl|79/100\n|\n|t:|1774673036\n|switch|p1b: Zamazenta|Zamazenta-Crowned, L50|90/100|[from] U-turn\n|move|p2a: Grimmsnarl|Spirit Break|p1b: Zamazenta\n|-damage|p1b: Zamazenta|73/100\n|-unboost|p1b: Zamazenta|spa|1\n|\n|-weather|RainDance|[upkeep]\n|-heal|p2a: Grimmsnarl|85/100|[from] Grassy Terrain\n|-heal|p1b: Zamazenta|79/100|[from] Grassy Terrain\n|-fieldend|move: Trick Room\n|upkeep\n|turn|6\n|\n|t:|1774673056\n|move|p2a: Grimmsnarl|Light Screen|p2a: Grimmsnarl\n|-sidestart|p2: Ashen206|move: Light Screen\n|move|p1a: Kyogre|Water Spout|p2b: Lunala|[spread] p2a,p2b\n|-damage|p2a: Grimmsnarl|35/100\n|-damage|p2b: Lunala|78/100\n|move|p1b: Zamazenta|Heavy Slam|p2b: Lunala\n|-damage|p2b: Lunala|57/100\n|move|p2b: Lunala|Moonblast|p1a: Kyogre\n|-damage|p1a: Kyogre|73/100\n|-unboost|p1a: Kyogre|spa|1\n|\n|-weather|RainDance|[upkeep]\n|-heal|p1a: Kyogre|79/100|[from] Grassy Terrain\n|-heal|p1b: Zamazenta|85/100|[from] Grassy Terrain\n|-heal|p2b: Lunala|63/100|[from] Grassy Terrain\n|-heal|p2a: Grimmsnarl|41/100|[from] Grassy Terrain\n|upkeep\n|turn|7\n|\n|t:|1774673070\n|switch|p1a: Rillaboom|Rillaboom, L50, F|80/100 par\n|move|p2b: Lunala|Wide Guard|p2b: Lunala\n|-singleturn|p2b: Lunala|Wide Guard\n|move|p2a: Grimmsnarl|Thunder Wave|p1a: Rillaboom\n|-fail|p1a: Rillaboom|par\n|move|p1b: Zamazenta|Heavy Slam|p2a: Grimmsnarl\n|-damage|p2a: Grimmsnarl|8/100\n|\n|-weather|RainDance|[upkeep]\n|-heal|p1b: Zamazenta|91/100|[from] Grassy Terrain\n|-heal|p2b: Lunala|69/100|[from] Grassy Terrain\n|-heal|p2a: Grimmsnarl|14/100|[from] Grassy Terrain\n|-heal|p1a: Rillaboom|86/100 par|[from] Grassy Terrain\n|-fieldend|move: Grassy Terrain\n|upkeep\n|turn|8\n|inactive|Ashen206 has 30 seconds left.\n|\n|t:|1774673097\n|switch|p2a: Incineroar|Incineroar, L50, M|28/100\n|-ability|p2a: Incineroar|Intimidate|boost\n|-unboost|p1a: Rillaboom|atk|1\n|-unboost|p1b: Zamazenta|atk|1\n|move|p1b: Zamazenta|Heavy Slam|p2a: Incineroar\n|-resisted|p2a: Incineroar\n|-damage|p2a: Incineroar|20/100\n|-damage|p1b: Zamazenta|74/100|[from] item: Rocky Helmet|[of] p2a: Incineroar\n|move|p2b: Lunala|Moongeist Beam|p1b: Zamazenta\n|-damage|p1b: Zamazenta|31/100\n|move|p1a: Rillaboom|U-turn|p2b: Lunala\n|-damage|p2b: Lunala|62/100\n|\n|t:|1774673115\n|switch|p1a: Kyogre|Kyogre, L50|79/100|[from] U-turn\n|\n|-weather|RainDance|[upkeep]\n|-sideend|p2: Ashen206|Reflect\n|upkeep\n|turn|9\n|\n|t:|1774673132\n|-terastallize|p1a: Kyogre|Ghost\n|move|p2a: Incineroar|Fake Out|p1a: Kyogre\n|-immune|p1a: Kyogre\n|move|p1a: Kyogre|Water Spout|p2a: Incineroar|[spread] p2a,p2b\n|-supereffective|p2a: Incineroar\n|-crit|p2a: Incineroar\n|-crit|p2b: Lunala\n|-damage|p2a: Incineroar|0 fnt\n|-damage|p2b: Lunala|0 fnt\n|faint|p2a: Incineroar\n|faint|p2b: Lunala\n|move|p1b: Zamazenta|Body Press|p2: Incineroar|[notarget]\n|-fail|p1b: Zamazenta\n|\n|-weather|none\n|upkeep\n|\n|t:|1774673142\n|switch|p2b: Grimmsnarl|Grimmsnarl, L50, M, tera:Ghost|14/100\n|switch|p2a: Miraidon|Miraidon, L50|61/100\n|-fieldstart|move: Electric Terrain|[from] ability: Hadron Engine|[of] p2a: Miraidon\n|turn|10\n|\n|t:|1774673159\n|switch|p1b: Rillaboom|Rillaboom, L50, F|86/100 par\n|-fieldstart|move: Grassy Terrain|[from] ability: Grassy Surge|[of] p1b: Rillaboom\n|move|p2b: Grimmsnarl|Thunder Wave|p1a: Kyogre\n|-status|p1a: Kyogre|par\n|move|p2a: Miraidon|Electro Drift|p1a: Kyogre\n|-damage|p1a: Kyogre|38/100 par\n|move|p1a: Kyogre|Water Spout|p2a: Miraidon|[spread] p2a,p2b\n|-resisted|p2a: Miraidon\n|-damage|p2a: Miraidon|58/100\n|-damage|p2b: Grimmsnarl|1/100\n|\n|-heal|p2a: Miraidon|64/100|[from] Grassy Terrain\n|-heal|p1a: Kyogre|44/100 par|[from] Grassy Terrain\n|-heal|p2b: Grimmsnarl|7/100|[from] Grassy Terrain\n|-heal|p1b: Rillaboom|92/100 par|[from] Grassy Terrain\n|upkeep\n|turn|11\n|\n|t:|1774673176\n|move|p1b: Rillaboom|Fake Out|p2a: Miraidon\n|-damage|p2a: Miraidon|53/100\n|move|p2b: Grimmsnarl|Reflect|p2b: Grimmsnarl\n|-sidestart|p2: Ashen206|Reflect\n|cant|p2a: Miraidon|flinch\n|cant|p1a: Kyogre|par\n|\n|-heal|p2a: Miraidon|58/100|[from] Grassy Terrain\n|-heal|p1a: Kyogre|50/100 par|[from] Grassy Terrain\n|-heal|p2b: Grimmsnarl|13/100|[from] Grassy Terrain\n|-heal|p1b: Rillaboom|98/100 par|[from] Grassy Terrain\n|upkeep\n|turn|12\n|\n|t:|1774673190\n|cant|p1b: Rillaboom|par\n|move|p2a: Miraidon|Electro Drift|p1a: Kyogre\n|-damage|p1a: Kyogre|5/100 par\n|move|p1a: Kyogre|Water Spout|p2b: Grimmsnarl|[spread] p2a,p2b\n|-resisted|p2a: Miraidon\n|-damage|p2a: Miraidon|58/100\n|-damage|p2b: Grimmsnarl|12/100\n|move|p2b: Grimmsnarl|Spirit Break|p1a: Kyogre\n|-damage|p1a: Kyogre|0 fnt\n|faint|p1a: Kyogre\n|\n|-heal|p2a: Miraidon|64/100|[from] Grassy Terrain\n|-heal|p2b: Grimmsnarl|18/100|[from] Grassy Terrain\n|-heal|p1b: Rillaboom|100/100 par|[from] Grassy Terrain\n|upkeep\n|\n|t:|1774673201\n|switch|p1a: Zamazenta|Zamazenta-Crowned, L50|31/100\n|turn|13\n|\n|t:|1774673221\n|move|p2b: Grimmsnarl|Thunder Wave|p1a: Zamazenta\n|-status|p1a: Zamazenta|par\n|move|p1b: Rillaboom|Grassy Glide|p2b: Grimmsnarl\n|-damage|p2b: Grimmsnarl|0 fnt\n|faint|p2b: Grimmsnarl\n|move|p2a: Miraidon|Electro Drift|p1a: Zamazenta\n|-damage|p1a: Zamazenta|0 fnt\n|faint|p1a: Zamazenta\n|\n|-heal|p2a: Miraidon|70/100|[from] Grassy Terrain\n|-sideend|p2: Ashen206|move: Light Screen\n|upkeep\n|\n|t:|1774673231\n|switch|p1a: Dragonite|Dragonite, L50, M|100/100\n|turn|14\n|\n|t:|1774673244\n|move|p2a: Miraidon|Draco Meteor|p1a: Dragonite\n|-supereffective|p1a: Dragonite\n|-damage|p1a: Dragonite|0 fnt\n|-unboost|p2a: Miraidon|spa|2\n|faint|p1a: Dragonite\n|cant|p1b: Rillaboom|par\n|\n|-heal|p2a: Miraidon|75/100|[from] Grassy Terrain\n|-fieldend|move: Grassy Terrain\n|upkeep\n|turn|15\n|\n|t:|1774673257\n|move|p2a: Miraidon|Electro Drift|p1b: Rillaboom\n|-resisted|p1b: Rillaboom\n|-damage|p1b: Rillaboom|89/100 par\n|move|p1b: Rillaboom|U-turn|p2a: Miraidon\n|-damage|p2a: Miraidon|62/100\n|\n|upkeep\n|turn|16\n|\n|t:|1774673266\n|move|p2a: Miraidon|Electro Drift|p1b: Rillaboom\n|-resisted|p1b: Rillaboom\n|-damage|p1b: Rillaboom|77/100 par\n|move|p1b: Rillaboom|U-turn|p2a: Miraidon\n|-damage|p2a: Miraidon|50/100\n|\n|upkeep\n|turn|17\n|\n|t:|1774673274\n|move|p2a: Miraidon|Electro Drift|p1b: Rillaboom\n|-resisted|p1b: Rillaboom\n|-damage|p1b: Rillaboom|65/100 par\n|cant|p1b: Rillaboom|par\n|\n|upkeep\n|turn|18\n|\n|t:|1774673281\n|move|p2a: Miraidon|Electro Drift|p1b: Rillaboom\n|-resisted|p1b: Rillaboom\n|-damage|p1b: Rillaboom|54/100 par\n|move|p1b: Rillaboom|U-turn|p2a: Miraidon\n|-damage|p2a: Miraidon|37/100\n|\n|-sideend|p2: Ashen206|Reflect\n|upkeep\n|turn|19\n|\n|t:|1774673289\n|move|p2a: Miraidon|Electro Drift|p1b: Rillaboom\n|-resisted|p1b: Rillaboom\n|-damage|p1b: Rillaboom|44/100 par\n|move|p1b: Rillaboom|U-turn|p2a: Miraidon\n|-damage|p2a: Miraidon|19/100\n|\n|upkeep\n|turn|20\n|\n|t:|1774673301\n|move|p2a: Miraidon|Draco Meteor|p1b: Rillaboom\n|-damage|p1b: Rillaboom|12/100 par\n|-unboost|p2a: Miraidon|spa|2\n|move|p1b: Rillaboom|U-turn|p2a: Miraidon\n|-damage|p2a: Miraidon|0 fnt\n|faint|p2a: Miraidon\n|\n|win|blackred123\n|raw|blackred123's rating: 1418 &rarr; <strong>1433</strong><br />(+15 for winning)\n|raw|Ashen206's rating: 1338 &rarr; <strong>1323</strong><br />(-15 for losing)\n","uploadtime":1774673321,"views":10,"formatid":"gen9vgc2026regi","rating":1323,"private":0,"password":null}