{"id":"gen9vgc2026regi-2578088077","format":"[Gen 9] VGC 2026 Reg I","players":["migcthi","boetetoe"],"log":"|j|\u2606migcthi\n|j|\u2606boetetoe\n|t:|1775646525\n|gametype|doubles\n|player|p1|migcthi|2|1394\n|player|p2|boetetoe|101|1387\n|gen|9\n|tier|[Gen 9] VGC 2026 Reg I\n|rated|\n|rule|Species Clause: Limit one of each Pok\u00e9mon\n|rule|Item Clause: Limit 1 of each item\n|clearpoke\n|poke|p1|Calyrex-Ice, L50|\n|poke|p1|Miraidon, L50|\n|poke|p1|Ursaluna, L50, F|\n|poke|p1|Volcarona, L50, F|\n|poke|p1|Grimmsnarl, L50, M|\n|poke|p1|Iron Hands, L50|\n|poke|p2|Poliwag, L50, M|\n|poke|p2|Kyogre, L50|\n|poke|p2|Tsareena, L50, F|\n|poke|p2|Zacian-*, L50|\n|poke|p2|Incineroar, L50, M|\n|poke|p2|Raichu, L50, F|\n|teampreview|4\n|inactive|Battle timer is ON: inactive players will automatically lose when time's up. (requested by migcthi)\n|\n|t:|1775646565\n|teamsize|p1|4\n|teamsize|p2|4\n|start\n|switch|p1a: Calyrex|Calyrex-Ice, L50|100/100\n|switch|p1b: Miraidon|Miraidon, L50|100/100\n|switch|p2a: Kyogre|Kyogre, L50|100/100\n|switch|p2b: Poliwag|Poliwag, L50, M|100/100\n|-ability|p1a: Calyrex|As One\n|-ability|p1a: Calyrex|Unnerve\n|-weather|RainDance|[from] ability: Drizzle|[of] p2a: Kyogre\n|-fieldstart|move: Electric Terrain|[from] ability: Hadron Engine|[of] p1b: Miraidon\n|turn|1\n|inactive|boetetoe has 30 seconds left.\n|inactive|migcthi has 30 seconds left.\n|\n|t:|1775646598\n|switch|p2b: Raichu|Raichu, L50, F|100/100\n|-terastallize|p2a: Kyogre|Water\n|-terastallize|p1a: Calyrex|Water\n|move|p2a: Kyogre|Water Spout|p1a: Calyrex|[spread] p1a,p1b\n|-resisted|p1a: Calyrex\n|-resisted|p1b: Miraidon\n|-damage|p1a: Calyrex|65/100\n|-damage|p1b: Miraidon|57/100\n|move|p1b: Miraidon|Volt Switch|p2b: Raichu\n|-activate|p2b: Raichu|ability: Lightning Rod\n|-ability|p2b: Raichu|Lightning Rod|boost\n|-boost|p2b: Raichu|spa|1\n|move|p1a: Calyrex|Trick Room|p1a: Calyrex\n|-fieldstart|move: Trick Room|[of] p1a: Calyrex\n|\n|-weather|RainDance|[upkeep]\n|-heal|p1a: Calyrex|71/100|[from] item: Leftovers\n|upkeep\n|turn|2\n|inactive|boetetoe has 30 seconds left.\n|\n|t:|1775646628\n|switch|p1b: Iron Hands|Iron Hands, L50|100/100\n|-activate|p1b: Iron Hands|ability: Quark Drive\n|-start|p1b: Iron Hands|quarkdriveatk\n|move|p2b: Raichu|Feint|p1a: Calyrex\n|-damage|p1a: Calyrex|67/100\n|move|p1a: Calyrex|Glacial Lance|p2a: Kyogre|[spread] p2a,p2b\n|-resisted|p2a: Kyogre\n|-damage|p2a: Kyogre|69/100\n|-damage|p2b: Raichu|19/100\n|move|p2a: Kyogre|Water Spout|p1b: Iron Hands|[spread] p1a,p1b\n|-resisted|p1a: Calyrex\n|-damage|p1a: Calyrex|43/100\n|-damage|p1b: Iron Hands|50/100\n|\n|-weather|RainDance|[upkeep]\n|-heal|p1a: Calyrex|49/100|[from] item: Leftovers\n|upkeep\n|turn|3\n|inactive|boetetoe has 30 seconds left.\n|\n|t:|1775646656\n|switch|p2a: Zacian|Zacian-Crowned, L50|100/100\n|-ability|p2a: Zacian|Intrepid Sword|boost\n|-boost|p2a: Zacian|atk|1\n|move|p1a: Calyrex|Glacial Lance|p2a: Zacian|[spread] p2a,p2b\n|-resisted|p2a: Zacian\n|-damage|p2a: Zacian|77/100\n|-damage|p2b: Raichu|0 fnt\n|faint|p2b: Raichu\n|-ability|p1a: Calyrex|Chilling Neigh|boost\n|-boost|p1a: Calyrex|atk|1\n|move|p1b: Iron Hands|Low Kick|p2a: Zacian\n|-damage|p2a: Zacian|0 fnt\n|faint|p2a: Zacian\n|\n|-weather|RainDance|[upkeep]\n|-heal|p1a: Calyrex|55/100|[from] item: Leftovers\n|upkeep\n|\n|t:|1775646669\n|switch|p2b: Kyogre|Kyogre, L50, tera:Water|69/100\n|switch|p2a: Poliwag|Poliwag, L50, M|100/100\n|turn|4\n|inactive|boetetoe has 30 seconds left.\n|\n|t:|1775646702\n|move|p2a: Poliwag|Protect|p2a: Poliwag\n|-singleturn|p2a: Poliwag|Protect\n|move|p1a: Calyrex|Glacial Lance|p2a: Poliwag|[spread] p2b\n|-activate|p2a: Poliwag|move: Protect\n|-resisted|p2b: Kyogre\n|-damage|p2b: Kyogre|25/100\n|move|p1b: Iron Hands|Wild Charge|p2b: Kyogre\n|-supereffective|p2b: Kyogre\n|-damage|p2b: Kyogre|0 fnt\n|faint|p2b: Kyogre\n|-damage|p1b: Iron Hands|45/100|[from] Recoil\n|\n|-weather|RainDance|[upkeep]\n|-heal|p1a: Calyrex|61/100|[from] item: Leftovers\n|upkeep\n|turn|5\n|-message|boetetoe forfeited.\n|\n|win|migcthi\n|raw|migcthi's rating: 1394 &rarr; <strong>1414</strong><br />(+20 for winning)\n|raw|boetetoe's rating: 1387 &rarr; <strong>1367</strong><br />(-20 for losing)\n|l|\u2606boetetoe\n|player|p2|\n","uploadtime":1775646850,"views":12,"formatid":"gen9vgc2026regi","rating":1367,"private":0,"password":null}