{"id":"gen9vgc2026regi-2565417587","format":"[Gen 9] VGC 2026 Reg I","players":["EPL Lane","BOMAtheFireEnjoyer"],"log":"|j|\u2606EPL Lane\n|j|\u2606BOMAtheFireEnjoyer\n|t:|1774273527\n|gametype|doubles\n|player|p1|EPL Lane|102|1323\n|player|p2|BOMAtheFireEnjoyer|102|1448\n|gen|9\n|tier|[Gen 9] VGC 2026 Reg I\n|rated|\n|rule|Species Clause: Limit one of each Pok\u00e9mon\n|rule|Item Clause: Limit 1 of each item\n|clearpoke\n|poke|p1|Miraidon, L50|\n|poke|p1|Calyrex-Ice, L50|\n|poke|p1|Amoonguss, L50, M|\n|poke|p1|Incineroar, L50, F|\n|poke|p1|Urshifu-*, L50, F|\n|poke|p1|Landorus, L50, M|\n|poke|p2|Reshiram, L50|\n|poke|p2|Groudon, L50|\n|poke|p2|Walking Wake, L50|\n|poke|p2|Iron Hands, L50|\n|poke|p2|Farigiraf, L50, M|\n|poke|p2|Whimsicott, L50, M|\n|teampreview|4\n|l|\u2606BOMAtheFireEnjoyer\n|player|p2|\n|j|\u2606BOMAtheFireEnjoyer\n|player|p2|BOMAtheFireEnjoyer|102|\n|inactive|Battle timer is ON: inactive players will automatically lose when time's up. (requested by BOMAtheFireEnjoyer)\n|\n|t:|1774273583\n|teamsize|p1|4\n|teamsize|p2|4\n|start\n|switch|p1a: Calyrex|Calyrex-Ice, L50|100/100\n|switch|p1b: Amoonguss|Amoonguss, L50, M|100/100\n|switch|p2a: Reshiram|Reshiram, L50|100/100\n|switch|p2b: Groudon|Groudon, L50|100/100\n|-ability|p1a: Calyrex|As One\n|-ability|p1a: Calyrex|Unnerve\n|-ability|p2a: Reshiram|Turboblaze\n|-weather|SunnyDay|[from] ability: Drought|[of] p2b: Groudon\n|turn|1\n|\n|t:|1774273599\n|-terastallize|p2a: Reshiram|Fire\n|-terastallize|p1a: Calyrex|Fire\n|move|p1b: Amoonguss|Protect|p1b: Amoonguss\n|-singleturn|p1b: Amoonguss|Protect\n|move|p2a: Reshiram|Heat Wave|p1a: Calyrex|[spread] p1a\n|-activate|p1b: Amoonguss|move: Protect\n|-resisted|p1a: Calyrex\n|-crit|p1a: Calyrex\n|-damage|p1a: Calyrex|34/100\n|move|p2b: Groudon|Precipice Blades|p1b: Amoonguss|[spread] p1a\n|-activate|p1b: Amoonguss|move: Protect\n|-supereffective|p1a: Calyrex\n|-damage|p1a: Calyrex|0 fnt\n|faint|p1a: Calyrex\n|\n|-weather|SunnyDay|[upkeep]\n|upkeep\n|inactive|EPL Lane has 30 seconds left.\n|inactive|EPL Lane has 20 seconds left.\n|c|\u2606EPL Lane|WHAT?! RESISTED DID THAT MUCH???\n|inactive|EPL Lane has 15 seconds left.\n|inactive|EPL Lane has 10 seconds left.\n|c|\u2606EPL Lane|Reshiram may be broken\n|inactive|EPL Lane has 5 seconds left.\n|\n|t:|1774273650\n|switch|p1a: Miraidon|Miraidon, L50|100/100\n|-fieldstart|move: Electric Terrain|[from] ability: Hadron Engine|[of] p1a: Miraidon\n|turn|2\n|c|\u2606BOMAtheFireEnjoyer|Nice, is it not?\n|\n|t:|1774273669\n|move|p1a: Miraidon|Electro Drift|p2a: Reshiram\n|-crit|p2a: Reshiram\n|-damage|p2a: Reshiram|0 fnt\n|faint|p2a: Reshiram\n|move|p2b: Groudon|Precipice Blades|p1b: Amoonguss|[spread] p1a,p1b\n|-supereffective|p1a: Miraidon\n|-damage|p1a: Miraidon|11/100\n|-damage|p1b: Amoonguss|64/100\n|move|p1b: Amoonguss|Spore|p2b: Groudon\n|-activate|p2b: Groudon|move: Electric Terrain\n|\n|-weather|SunnyDay|[upkeep]\n|upkeep\n|c|\u2606EPL Lane|It's normally not\n|\n|t:|1774273675\n|switch|p2a: Iron Hands|Iron Hands, L50|100/100\n|-activate|p2a: Iron Hands|ability: Quark Drive\n|-start|p2a: Iron Hands|quarkdriveatk\n|turn|3\n|c|\u2606EPL Lane|I'm a dummy\n|c|\u2606BOMAtheFireEnjoyer|Specs are nice xD\n|c|\u2606EPL Lane|I forgot I just turned on electric terain\n|inactive|EPL Lane has 30 seconds left.\n|inactive|EPL Lane has 20 seconds left.\n|inactive|EPL Lane has 15 seconds left.\n|\n|t:|1774273718\n|move|p2a: Iron Hands|Fake Out|p1a: Miraidon\n|-damage|p1a: Miraidon|0 fnt\n|faint|p1a: Miraidon\n|move|p2b: Groudon|Heat Crash|p1b: Amoonguss\n|-supereffective|p1b: Amoonguss\n|-damage|p1b: Amoonguss|0 fnt\n|-damage|p2b: Groudon|84/100|[from] item: Rocky Helmet|[of] p1b: Amoonguss\n|faint|p1b: Amoonguss\n|\n|-weather|SunnyDay|[upkeep]\n|upkeep\n|c|\u2606BOMAtheFireEnjoyer|Happens\n|\n|t:|1774273731\n|switch|p1b: Landorus|Landorus, L50, M|100/100\n|turn|4\n|c|\u2606BOMAtheFireEnjoyer|I do it all the time with psychic terrain\n|inactive|BOMAtheFireEnjoyer has 30 seconds left.\n|\n|t:|1774273757\n|move|p1b: Landorus|Sandsear Storm|p2b: Groudon|[spread] p2a\n|-miss|p1b: Landorus|p2b: Groudon\n|-supereffective|p2a: Iron Hands\n|-damage|p2a: Iron Hands|44/100\n|move|p2b: Groudon|Heat Crash|p1b: Landorus\n|-damage|p1b: Landorus|28/100\n|move|p2a: Iron Hands|Low Kick|p1b: Landorus\n|-resisted|p1b: Landorus\n|-damage|p1b: Landorus|1/100\n|\n|-weather|SunnyDay|[upkeep]\n|upkeep\n|turn|5\n|\n|t:|1774273779\n|move|p1b: Landorus|Sandsear Storm|p2b: Groudon|[spread] p2a,p2b\n|-supereffective|p2a: Iron Hands\n|-damage|p2a: Iron Hands|0 fnt\n|-damage|p2b: Groudon|31/100\n|faint|p2a: Iron Hands\n|-end|p2a: Iron Hands|Quark Drive|[silent]\n|move|p2b: Groudon|Heat Crash|p1b: Landorus\n|-damage|p1b: Landorus|0 fnt\n|faint|p1b: Landorus\n|\n|win|BOMAtheFireEnjoyer\n|raw|EPL Lane's rating: 1323 &rarr; <strong>1310</strong><br />(-13 for losing)\n|raw|BOMAtheFireEnjoyer's rating: 1448 &rarr; <strong>1461</strong><br />(+13 for winning)\n|c|\u2606BOMAtheFireEnjoyer|Gg\n|l|\u2606BOMAtheFireEnjoyer\n|player|p2|\n|c|\u2606EPL Lane|gg\n|l|\u2606EPL Lane\n|player|p1|\n","uploadtime":1774273925,"views":6,"formatid":"gen9vgc2026regi","rating":1310,"private":0,"password":null}