{"id":"gen9vgc2026regi-2559261703","format":"[Gen 9] VGC 2026 Reg I","players":["aroswing","I\u2764\ufe0f\u5a1c\u7984forever"],"log":"|j|\u2606aroswing\n|j|\u2606I\u2764\ufe0f\u5a1c\u7984forever\n|t:|1773539043\n|gametype|doubles\n|player|p1|aroswing|marnie|1314\n|player|p2|I\u2764\ufe0f\u5a1c\u7984forever|youngcouple-gen4dp|1378\n|gen|9\n|tier|[Gen 9] VGC 2026 Reg I\n|rated|\n|rule|Species Clause: Limit one of each Pok\u00e9mon\n|rule|Item Clause: Limit 1 of each item\n|clearpoke\n|poke|p1|Urshifu-*, L50, F|\n|poke|p1|Kyogre, L50|\n|poke|p1|Tornadus, L50, M|\n|poke|p1|Lunala, L50|\n|poke|p1|Rhydon, L50, M|\n|poke|p1|Araquanid, L50, M|\n|poke|p2|Groudon, L50|\n|poke|p2|Kyurem-White, L50|\n|poke|p2|Heatran, L50, F|\n|poke|p2|Whimsicott, L50, M|\n|poke|p2|Roaring Moon, L50|\n|poke|p2|Ditto, L50|\n|teampreview|4\n|inactive|Battle timer is ON: inactive players will automatically lose when time's up. (requested by aroswing)\n|j| figer27\n|inactive|aroswing has 60 seconds left.\n|\n|t:|1773539088\n|teamsize|p1|4\n|teamsize|p2|4\n|start\n|switch|p1a: Tornadus|Tornadus, L50, M|100/100\n|switch|p1b: Kyogre|Kyogre, L50, shiny|100/100\n|switch|p2a: Kyurem|Kyurem-White, L50|100/100\n|switch|p2b: Roaring Moon|Roaring Moon, L50|100/100\n|-weather|RainDance|[from] ability: Drizzle|[of] p1b: Kyogre\n|-ability|p2a: Kyurem|Turboblaze\n|turn|1\n|inactive|aroswing has 30 seconds left.\n|\n|t:|1773539114\n|move|p1a: Tornadus|Tailwind|p1a: Tornadus\n|-sidestart|p1: aroswing|move: Tailwind\n|move|p1b: Kyogre|Ice Beam|p2b: Roaring Moon\n|-supereffective|p2b: Roaring Moon\n|-damage|p2b: Roaring Moon|39/100\n|move|p2b: Roaring Moon|Rock Slide|p1b: Kyogre|[spread] p1a,p1b\n|-supereffective|p1a: Tornadus\n|-damage|p1a: Tornadus|50/100\n|-damage|p1b: Kyogre|83/100\n|move|p2a: Kyurem|Blizzard|p1b: Kyogre|[spread] p1a,p1b\n|-supereffective|p1a: Tornadus\n|-resisted|p1b: Kyogre\n|-crit|p1b: Kyogre\n|-damage|p1a: Tornadus|0 fnt\n|-damage|p1b: Kyogre|55/100\n|faint|p1a: Tornadus\n|\n|-weather|RainDance|[upkeep]\n|upkeep\n|\n|t:|1773539132\n|switch|p1a: Lunala|Lunala, L50, shiny|100/100\n|turn|2\n|inactive|aroswing has 30 seconds left.\n|\n|t:|1773539158\n|-end|p2b: Roaring Moon|Protosynthesis|[silent]\n|switch|p2b: Groudon|Groudon, L50|100/100\n|-weather|SunnyDay|[from] ability: Drought|[of] p2b: Groudon\n|-terastallize|p1a: Lunala|Fairy\n|move|p1b: Kyogre|Origin Pulse|p2b: Groudon|[spread] p2a,p2b\n|-resisted|p2a: Kyurem\n|-supereffective|p2b: Groudon\n|-damage|p2a: Kyurem|90/100\n|-damage|p2b: Groudon|68/100\n|move|p1a: Lunala|Moonblast|p2a: Kyurem\n|-supereffective|p2a: Kyurem\n|-damage|p2a: Kyurem|0 fnt\n|faint|p2a: Kyurem\n|\n|-weather|SunnyDay|[upkeep]\n|upkeep\n|inactive|I\u2764\ufe0f\u5a1c\u7984forever has 30 seconds left.\n|\n|t:|1773539184\n|switch|p2a: Roaring Moon|Roaring Moon, L50|39/100\n|-activate|p2a: Roaring Moon|ability: Protosynthesis\n|-start|p2a: Roaring Moon|protosynthesisatk\n|turn|3\n|\n|t:|1773539200\n|switch|p1b: Urshifu|Urshifu-Rapid-Strike, L50, F|100/100\n|move|p1a: Lunala|Moonblast|p2a: Roaring Moon\n|-supereffective|p2a: Roaring Moon\n|-damage|p2a: Roaring Moon|0 fnt\n|faint|p2a: Roaring Moon\n|-end|p2a: Roaring Moon|Protosynthesis|[silent]\n|move|p2b: Groudon|Precipice Blades|p1a: Lunala|[spread] p1a\n|-miss|p2b: Groudon|p1b: Urshifu\n|-damage|p1a: Lunala|80/100\n|\n|-weather|SunnyDay|[upkeep]\n|upkeep\n|\n|t:|1773539211\n|switch|p2a: Ditto|Ditto, L50|100/100\n|-transform|p2a: Ditto|p1b: Urshifu|[from] ability: Imposter\n|turn|4\n|\n|t:|1773539232\n|-terastallize|p2b: Groudon|Water\n|move|p2a: Ditto|Detect|p2a: Ditto\n|-singleturn|p2a: Ditto|Protect\n|move|p1b: Urshifu|Close Combat|p2a: Ditto\n|-damage|p2a: Ditto|25/100\n|-unboost|p1b: Urshifu|def|1\n|-unboost|p1b: Urshifu|spd|1\n|move|p1a: Lunala|Moonblast|p2a: Ditto\n|-activate|p2a: Ditto|move: Protect\n|move|p2b: Groudon|Precipice Blades|p1b: Urshifu|[spread] p1b\n|-miss|p2b: Groudon|p1a: Lunala\n|-damage|p1b: Urshifu|15/100\n|\n|-weather|SunnyDay|[upkeep]\n|-sideend|p1: aroswing|move: Tailwind\n|upkeep\n|turn|5\n|inactive|I\u2764\ufe0f\u5a1c\u7984forever has 30 seconds left.\n|\n|t:|1773539260\n|move|p1b: Urshifu|Close Combat|p2b: Groudon\n|-damage|p2b: Groudon|27/100\n|-unboost|p1b: Urshifu|def|1\n|-unboost|p1b: Urshifu|spd|1\n|move|p2a: Ditto|Surging Strikes|p1a: Lunala\n|-crit|p1a: Lunala\n|-damage|p1a: Lunala|72/100\n|-crit|p1a: Lunala\n|-damage|p1a: Lunala|64/100\n|-crit|p1a: Lunala\n|-damage|p1a: Lunala|56/100\n|-hitcount|p1a: Lunala|3\n|move|p1a: Lunala|Moonblast|p2a: Ditto\n|-supereffective|p2a: Ditto\n|-damage|p2a: Ditto|0 fnt\n|faint|p2a: Ditto\n|move|p2b: Groudon|Iron Head|p1a: Lunala\n|-supereffective|p1a: Lunala\n|-crit|p1a: Lunala\n|-damage|p1a: Lunala|0 fnt\n|faint|p1a: Lunala\n|\n|-weather|SunnyDay|[upkeep]\n|upkeep\n|\n|t:|1773539272\n|switch|p1a: Kyogre|Kyogre, L50, shiny|55/100\n|-weather|RainDance|[from] ability: Drizzle|[of] p1a: Kyogre\n|turn|6\n|\n|t:|1773539277\n|move|p1b: Urshifu|Close Combat|p2b: Groudon\n|-damage|p2b: Groudon|0 fnt\n|-unboost|p1b: Urshifu|def|1\n|-unboost|p1b: Urshifu|spd|1\n|faint|p2b: Groudon\n|\n|win|aroswing\n|raw|aroswing's rating: 1314 &rarr; <strong>1338</strong><br />(+24 for winning)\n|raw|I\u2764\ufe0f\u5a1c\u7984forever's rating: 1378 &rarr; <strong>1354</strong><br />(-24 for losing)\n|c|\u2606aroswing|gg\n","uploadtime":1773539304,"views":11,"formatid":"gen9vgc2026regi","rating":1338,"private":0,"password":null}