{"id":"gen9vgc2026regi-2578048378","format":"[Gen 9] VGC 2026 Reg I","players":["Hazweioh","TheManOfSausage"],"log":"|j|\u2606Hazweioh\n|j|\u2606TheManOfSausage\n|t:|1775640857\n|gametype|doubles\n|player|p1|Hazweioh|265|1498\n|player|p2|TheManOfSausage|miku-water|1663\n|gen|9\n|tier|[Gen 9] VGC 2026 Reg I\n|rated|\n|rule|Species Clause: Limit one of each Pok\u00e9mon\n|rule|Item Clause: Limit 1 of each item\n|clearpoke\n|poke|p1|Calyrex-Shadow, L50|\n|poke|p1|Zamazenta-*, L50|\n|poke|p1|Chien-Pao, L50|\n|poke|p1|Dragonite, L50, F|\n|poke|p1|Raging Bolt, L50|\n|poke|p1|Amoonguss, L50, F|\n|poke|p2|Ho-Oh, L50|\n|poke|p2|Miraidon, L50|\n|poke|p2|Farigiraf, L50, F|\n|poke|p2|Urshifu-*, L50, M|\n|poke|p2|Iron Treads, L50|\n|poke|p2|Iron Hands, L50|\n|teampreview|4\nTheManOfSausage has agreed to open team sheets.\n|\n|t:|1775640899\n|teamsize|p1|4\n|teamsize|p2|4\n|start\n|switch|p1a: PinkPonyClub|Calyrex-Shadow, L50|100/100\n|switch|p1b: protec|Zamazenta-Crowned, L50|100/100\n|switch|p2a: Farigiraf|Farigiraf, L50, F|100/100\n|switch|p2b: Magical Mirai|Miraidon, L50|100/100\n|-ability|p1a: PinkPonyClub|As One\n|-ability|p1a: PinkPonyClub|Unnerve\n|-fieldstart|move: Electric Terrain|[from] ability: Hadron Engine|[of] p2b: Magical Mirai\n|-enditem|p2a: Farigiraf|Electric Seed\n|-boost|p2a: Farigiraf|def|1|[from] item: Electric Seed\n|-ability|p1b: protec|Dauntless Shield|boost\n|-boost|p1b: protec|def|1\n|turn|1\n|\n|t:|1775640915\n|-terastallize|p2b: Magical Mirai|Fairy\n|move|p1b: protec|Protect|p1b: protec\n|-singleturn|p1b: protec|Protect\n|move|p1a: PinkPonyClub|Astral Barrage|p2b: Magical Mirai|[spread] p2b\n|-immune|p2a: Farigiraf\n|-damage|p2b: Magical Mirai|53/100\n|move|p2b: Magical Mirai|Volt Switch|p1b: protec\n|-activate|p1b: protec|move: Protect\n|move|p2a: Farigiraf|Trick Room|p2a: Farigiraf\n|-fieldstart|move: Trick Room|[of] p2a: Farigiraf\n|\n|upkeep\n|turn|2\n|\n|t:|1775640939\n|switch|p1a: Verizon|Amoonguss, L50, F, shiny|100/100\n|move|p2a: Farigiraf|Foul Play|p1a: Verizon\n|-damage|p1a: Verizon|85/100\n|-damage|p2a: Farigiraf|84/100|[from] item: Rocky Helmet|[of] p1a: Verizon\n|move|p1b: protec|Body Press|p2b: Magical Mirai\n|-resisted|p2b: Magical Mirai\n|-crit|p2b: Magical Mirai\n|-damage|p2b: Magical Mirai|9/100\n|move|p2b: Magical Mirai|Volt Switch|p1a: Verizon\n|-resisted|p1a: Verizon\n|-damage|p1a: Verizon|43/100\n|\n|t:|1775640946\n|switch|p2b: Brian|Iron Hands, L50, shiny|100/100|[from] Volt Switch\n|-activate|p2b: Brian|ability: Quark Drive\n|-start|p2b: Brian|quarkdriveatk\n|\n|upkeep\n|turn|3\n|\n|t:|1775640967\n|switch|p1a: PinkPonyClub|Calyrex-Shadow, L50|100/100\n|-ability|p1a: PinkPonyClub|As One\n|-ability|p1a: PinkPonyClub|Unnerve\n|-terastallize|p1b: protec|Dragon\n|move|p2b: Brian|Fake Out|p1b: protec\n|-damage|p1b: protec|93/100\n|move|p2a: Farigiraf|Psychic|p1a: PinkPonyClub\n|-resisted|p1a: PinkPonyClub\n|-damage|p1a: PinkPonyClub|82/100\n|cant|p1b: protec|flinch\n|\n|upkeep\n|turn|4\n|inactive|Battle timer is ON: inactive players will automatically lose when time's up. (requested by Hazweioh)\n|\n|t:|1775640981\n|switch|p1a: Verizon|Amoonguss, L50, F, shiny|76/100\n|move|p2b: Brian|Low Kick|p1b: protec\n|-crit|p1b: protec\n|-damage|p1b: protec|21/100\n|move|p2a: Farigiraf|Foul Play|p1a: Verizon\n|-damage|p1a: Verizon|61/100\n|-damage|p2a: Farigiraf|67/100|[from] item: Rocky Helmet|[of] p1a: Verizon\n|move|p1b: protec|Body Press|p2a: Farigiraf\n|-damage|p2a: Farigiraf|30/100\n|\n|upkeep\n|turn|5\n|\n|t:|1775641003\n|-end|p2b: Brian|Quark Drive|[silent]\n|switch|p2b: Ho-Oh|Ho-Oh, L50|100/100\n|move|p1b: protec|Protect|p1b: protec\n|-singleturn|p1b: protec|Protect\n|move|p1a: Verizon|Sludge Bomb|p2a: Farigiraf\n|-damage|p2a: Farigiraf|3/100\n|-status|p2a: Farigiraf|psn\n|move|p2a: Farigiraf|Psychic|p1a: Verizon\n|-supereffective|p1a: Verizon\n|-damage|p1a: Verizon|5/100\n|\n|-damage|p2a: Farigiraf|0 fnt|[from] psn\n|faint|p2a: Farigiraf\n|-fieldend|move: Trick Room\n|-fieldend|move: Electric Terrain\n|upkeep\n|\n|t:|1775641010\n|switch|p2a: Magical Mirai|Miraidon, L50, tera:Fairy|9/100\n|-fieldstart|move: Electric Terrain|[from] ability: Hadron Engine|[of] p2a: Magical Mirai\n|turn|6\n|\n|t:|1775641028\n|move|p1a: Verizon|Rage Powder|p1a: Verizon\n|-singleturn|p1a: Verizon|move: Rage Powder\n|move|p2a: Magical Mirai|Volt Switch|p1a: Verizon\n|-resisted|p1a: Verizon\n|-damage|p1a: Verizon|0 fnt\n|faint|p1a: Verizon\n|\n|t:|1775641032\n|switch|p2a: Brian|Iron Hands, L50, shiny|100/100|[from] Volt Switch\n|-activate|p2a: Brian|ability: Quark Drive\n|-start|p2a: Brian|quarkdriveatk\n|move|p1b: protec|Body Press|p2a: Brian\n|-damage|p2a: Brian|55/100\n|move|p2b: Ho-Oh|Tailwind|p2b: Ho-Oh\n|-sidestart|p2: TheManOfSausage|move: Tailwind\n|\n|upkeep\n|\n|t:|1775641046\n|switch|p1a: Arlie|Chien-Pao, L50|100/100\n|-ability|p1a: Arlie|Sword of Ruin\n|turn|7\n|\n|t:|1775641066\n|move|p2a: Brian|Fake Out|p1a: Arlie\n|-damage|p1a: Arlie|71/100\n|cant|p1a: Arlie|flinch\n|move|p2b: Ho-Oh|Flare Blitz|p1a: Arlie\n|-supereffective|p1a: Arlie\n|-damage|p1a: Arlie|0 fnt\n|faint|p1a: Arlie\n|-damage|p2b: Ho-Oh|83/100|[from] Recoil\n|move|p1b: protec|Body Press|p2a: Brian\n|-damage|p2a: Brian|13/100\n|\n|upkeep\n|\n|t:|1775641068\n|switch|p1a: PinkPonyClub|Calyrex-Shadow, L50|82/100\n|-ability|p1a: PinkPonyClub|As One\n|-ability|p1a: PinkPonyClub|Unnerve\n|turn|8\n|\n|t:|1775641080\n|move|p1b: protec|Protect|p1b: protec\n|-singleturn|p1b: protec|Protect\n|move|p2b: Ho-Oh|Flare Blitz|p1a: PinkPonyClub\n|-damage|p1a: PinkPonyClub|5/100\n|-damage|p2b: Ho-Oh|62/100|[from] Recoil\n|move|p1a: PinkPonyClub|Astral Barrage|p2a: Brian|[spread] p2a,p2b\n|-damage|p2a: Brian|0 fnt\n|-damage|p2b: Ho-Oh|31/100\n|faint|p2a: Brian\n|-end|p2a: Brian|Quark Drive|[silent]\n|-ability|p1a: PinkPonyClub|Grim Neigh|boost\n|-boost|p1a: PinkPonyClub|spa|1\n|\n|upkeep\n|\n|t:|1775641082\n|switch|p2a: Magical Mirai|Miraidon, L50, tera:Fairy|9/100\n|-activate|p2a: Magical Mirai|ability: Hadron Engine\n|turn|9\n|\n|t:|1775641099\n|move|p1a: PinkPonyClub|Protect|p1a: PinkPonyClub\n|-singleturn|p1a: PinkPonyClub|Protect\n|move|p1b: protec|Protect|p1b: protec\n|-singleturn|p1b: protec|Protect\n|move|p2a: Magical Mirai|Dragon Pulse|p1b: protec\n|-activate|p1b: protec|move: Protect\n|move|p2b: Ho-Oh|Flare Blitz|p1a: PinkPonyClub\n|-activate|p1a: PinkPonyClub|move: Protect\n|\n|-sideend|p2: TheManOfSausage|move: Tailwind\n|upkeep\n|turn|10\n|c|\u2606TheManOfSausage|gg\n|-message|TheManOfSausage forfeited.\n|\n|win|Hazweioh\n|raw|Hazweioh's rating: 1498 &rarr; <strong>1527</strong><br />(+29 for winning)\n|raw|TheManOfSausage's rating: 1663 &rarr; <strong>1634</strong><br />(-29 for losing)\n|l|\u2606TheManOfSausage\n|player|p2|\n|l|\u2606Hazweioh\n|player|p1|\n","uploadtime":1775641305,"views":13,"formatid":"gen9vgc2026regi","rating":1527,"private":0,"password":null}