{"id":"gen9vgc2026regi-2542081170","format":"[Gen 9] VGC 2026 Reg I","players":["fogdocker","avarussurava"],"log":"|j|\u2606fogdocker\n|j|\u2606avarussurava\n|t:|1771411291\n|gametype|doubles\n|player|p1|fogdocker|2|1446\n|player|p2|avarussurava|170|1466\n|gen|9\n|tier|[Gen 9] VGC 2026 Reg I\n|rated|\n|rule|Species Clause: Limit one of each Pok\u00e9mon\n|rule|Item Clause: Limit 1 of each item\n|clearpoke\n|poke|p1|Calyrex-Ice, L50|\n|poke|p1|Koraidon, L50|\n|poke|p1|Flutter Mane, L50|\n|poke|p1|Incineroar, L50, M|\n|poke|p1|Rillaboom, L50, M|\n|poke|p1|Volcarona, L50, F|\n|poke|p2|Tyranitar, L50, F|\n|poke|p2|Kyogre, L50|\n|poke|p2|Zamazenta-*, L50|\n|poke|p2|Gastrodon, L50, M|\n|poke|p2|Sinistcha, L50|\n|poke|p2|Ceruledge, L50, F|\n|teampreview|4\n|\n|t:|1771411322\n|teamsize|p1|4\n|teamsize|p2|4\n|start\n|switch|p1a: Flutter Mane|Flutter Mane, L50|100/100\n|switch|p1b: Koraidon|Koraidon, L50|100/100\n|switch|p2a: Zamazenta|Zamazenta-Crowned, L50|100/100\n|switch|p2b: Ceruledge|Ceruledge, L50, F|100/100\n|-weather|SunnyDay|[from] ability: Orichalcum Pulse|[of] p1b: Koraidon\n|-activate|p1a: Flutter Mane|ability: Protosynthesis\n|-start|p1a: Flutter Mane|protosynthesisspe\n|-activate|p1b: Koraidon|Orichalcum Pulse|[source]\n|-ability|p2a: Zamazenta|Dauntless Shield|boost\n|-boost|p2a: Zamazenta|def|1\n|turn|1\n|\n|t:|1771411345\n|-terastallize|p1a: Flutter Mane|Normal\n|-terastallize|p2a: Zamazenta|Ground\n|move|p2b: Ceruledge|Shadow Sneak|p1a: Flutter Mane\n|-immune|p1a: Flutter Mane\n|move|p1a: Flutter Mane|Shadow Ball|p2b: Ceruledge\n|-supereffective|p2b: Ceruledge\n|-damage|p2b: Ceruledge|15/100\n|move|p1b: Koraidon|Flare Blitz|p2a: Zamazenta\n|-damage|p2a: Zamazenta|57/100\n|-damage|p1b: Koraidon|87/100|[from] Recoil\n|-damage|p1b: Koraidon|77/100|[from] item: Life Orb\n|move|p2a: Zamazenta|Iron Defense|p2a: Zamazenta\n|-boost|p2a: Zamazenta|def|2\n|\n|-weather|SunnyDay|[upkeep]\n|upkeep\n|turn|2\n|\n|t:|1771411368\n|move|p1a: Flutter Mane|Moonblast|p2a: Zamazenta\n|-damage|p2a: Zamazenta|21/100\n|move|p1b: Koraidon|Close Combat|p2a: Zamazenta\n|-damage|p2a: Zamazenta|0 fnt\n|-unboost|p1b: Koraidon|def|1\n|-unboost|p1b: Koraidon|spd|1\n|faint|p2a: Zamazenta\n|-damage|p1b: Koraidon|67/100|[from] item: Life Orb\n|move|p2b: Ceruledge|Bitter Blade|p1a: Flutter Mane\n|-enditem|p1a: Flutter Mane|Focus Sash\n|-damage|p1a: Flutter Mane|1/100\n|-heal|p2b: Ceruledge|58/100|[from] drain|[of] p1a: Flutter Mane\n|\n|-weather|SunnyDay|[upkeep]\n|upkeep\n|inactive|Battle timer is ON: inactive players will automatically lose when time's up. (requested by fogdocker)\n|\n|t:|1771411417\n|switch|p2a: Sinistcha|Sinistcha, L50|100/100\n|-heal|p2b: Ceruledge|83/100|[from] ability: Hospitality|[of] p2a: Sinistcha\n|turn|3\n|\n|t:|1771411444\n|-end|p1a: Flutter Mane|Protosynthesis|[silent]\n|switch|p1a: Rillaboom|Rillaboom, L50, M|100/100\n|-fieldstart|move: Grassy Terrain|[from] ability: Grassy Surge|[of] p1a: Rillaboom\n|move|p2a: Sinistcha|Rage Powder|p2a: Sinistcha\n|-singleturn|p2a: Sinistcha|move: Rage Powder\n|move|p1b: Koraidon|Flare Blitz|p2a: Sinistcha\n|-supereffective|p2a: Sinistcha\n|-damage|p2a: Sinistcha|0 fnt\n|faint|p2a: Sinistcha\n|-damage|p1b: Koraidon|40/100|[from] Recoil\n|-damage|p1b: Koraidon|30/100|[from] item: Life Orb\n|move|p2b: Ceruledge|Bitter Blade|p1a: Rillaboom\n|-supereffective|p1a: Rillaboom\n|-damage|p1a: Rillaboom|0 fnt\n|-heal|p2b: Ceruledge|100/100|[from] drain|[of] p1a: Rillaboom\n|faint|p1a: Rillaboom\n|\n|-weather|SunnyDay|[upkeep]\n|-heal|p1b: Koraidon|36/100|[from] Grassy Terrain\n|upkeep\n|\n|t:|1771411461\n|switch|p1a: Flutter Mane|Flutter Mane, L50, tera:Normal|1/100\n|switch|p2a: Tyranitar|Tyranitar, L50, F|100/100\n|-weather|Sandstorm|[from] ability: Sand Stream|[of] p2a: Tyranitar\n|turn|4\n|\n|t:|1771411479\n|move|p1b: Koraidon|Close Combat|p2a: Tyranitar\n|-supereffective|p2a: Tyranitar\n|-damage|p2a: Tyranitar|0 fnt\n|-unboost|p1b: Koraidon|def|1\n|-unboost|p1b: Koraidon|spd|1\n|faint|p2a: Tyranitar\n|-damage|p1b: Koraidon|26/100|[from] item: Life Orb\n|move|p1a: Flutter Mane|Shadow Ball|p2b: Ceruledge\n|-supereffective|p2b: Ceruledge\n|-damage|p2b: Ceruledge|11/100\n|move|p2b: Ceruledge|Bitter Blade|p1a: Flutter Mane\n|-damage|p1a: Flutter Mane|0 fnt\n|-heal|p2b: Ceruledge|12/100|[from] drain|[of] p1a: Flutter Mane\n|faint|p1a: Flutter Mane\n|-end|p1a: Flutter Mane|Protosynthesis|[silent]\n|\n|-weather|Sandstorm|[upkeep]\n|-damage|p1b: Koraidon|20/100|[from] Sandstorm\n|-heal|p1b: Koraidon|26/100|[from] Grassy Terrain\n|-heal|p2b: Ceruledge|18/100|[from] Grassy Terrain\n|upkeep\n|\n|t:|1771411490\n|switch|p1a: Calyrex|Calyrex-Ice, L50|100/100\n|-ability|p1a: Calyrex|As One\n|-ability|p1a: Calyrex|Unnerve\n|turn|5\n|\n|t:|1771411501\n|move|p1b: Koraidon|Close Combat|p2b: Ceruledge\n|-immune|p2b: Ceruledge\n|move|p2b: Ceruledge|Bitter Blade|p1a: Calyrex\n|-supereffective|p1a: Calyrex\n|-damage|p1a: Calyrex|47/100\n|-heal|p2b: Ceruledge|54/100|[from] drain|[of] p1a: Calyrex\n|move|p1a: Calyrex|Glacial Lance|p2b: Ceruledge\n|-resisted|p2b: Ceruledge\n|-damage|p2b: Ceruledge|9/100\n|\n|-weather|Sandstorm|[upkeep]\n|-damage|p1b: Koraidon|20/100|[from] Sandstorm\n|-damage|p1a: Calyrex|42/100|[from] Sandstorm\n|-heal|p1b: Koraidon|26/100|[from] Grassy Terrain\n|-heal|p2b: Ceruledge|15/100|[from] Grassy Terrain\n|-heal|p1a: Calyrex|47/100|[from] Grassy Terrain\n|-heal|p1a: Calyrex|53/100|[from] item: Leftovers\n|upkeep\n|turn|6\n|\n|t:|1771411519\n|move|p1a: Calyrex|Protect|p1a: Calyrex\n|-singleturn|p1a: Calyrex|Protect\n|move|p1b: Koraidon|Close Combat|p2b: Ceruledge\n|-immune|p2b: Ceruledge\n|move|p2b: Ceruledge|Bitter Blade|p1a: Calyrex\n|-activate|p1a: Calyrex|move: Protect\n|\n|-weather|Sandstorm|[upkeep]\n|-damage|p1b: Koraidon|20/100|[from] Sandstorm\n|-damage|p1a: Calyrex|47/100|[from] Sandstorm\n|-heal|p1b: Koraidon|26/100|[from] Grassy Terrain\n|-heal|p2b: Ceruledge|21/100|[from] Grassy Terrain\n|-heal|p1a: Calyrex|53/100|[from] Grassy Terrain\n|-heal|p1a: Calyrex|59/100|[from] item: Leftovers\n|upkeep\n|turn|7\n|inactive|fogdocker has 30 seconds left.\n|c|\u2606avarussurava|tight\n|inactive|fogdocker has 20 seconds left.\n|inactive|fogdocker has 15 seconds left.\n|\n|t:|1771411564\n|move|p1b: Koraidon|Close Combat|p2b: Ceruledge\n|-immune|p2b: Ceruledge\n|move|p2b: Ceruledge|Bitter Blade|p1a: Calyrex\n|-supereffective|p1a: Calyrex\n|-damage|p1a: Calyrex|7/100\n|-heal|p2b: Ceruledge|57/100|[from] drain|[of] p1a: Calyrex\n|move|p1a: Calyrex|Trick Room|p1a: Calyrex\n|-fieldstart|move: Trick Room|[of] p1a: Calyrex\n|\n|-weather|Sandstorm|[upkeep]\n|-damage|p1a: Calyrex|1/100|[from] Sandstorm\n|-damage|p1b: Koraidon|20/100|[from] Sandstorm\n|-heal|p1a: Calyrex|7/100|[from] Grassy Terrain\n|-heal|p1a: Calyrex|13/100|[from] item: Leftovers\n|-heal|p2b: Ceruledge|63/100|[from] Grassy Terrain\n|-heal|p1b: Koraidon|26/100|[from] Grassy Terrain\n|-fieldend|move: Grassy Terrain\n|upkeep\n|turn|8\n|\n|t:|1771411580\n|move|p1a: Calyrex|Protect|p1a: Calyrex\n|-singleturn|p1a: Calyrex|Protect\n|move|p2b: Ceruledge|Shadow Sneak|p1a: Calyrex\n|-activate|p1a: Calyrex|move: Protect\n|move|p1b: Koraidon|Close Combat|p2b: Ceruledge\n|-immune|p2b: Ceruledge\n|\n|-weather|none\n|-heal|p1a: Calyrex|18/100|[from] item: Leftovers\n|upkeep\n|turn|9\n|\n|t:|1771411590\n|move|p2b: Ceruledge|Shadow Sneak|p1a: Calyrex\n|-supereffective|p1a: Calyrex\n|-damage|p1a: Calyrex|0 fnt\n|faint|p1a: Calyrex\n|move|p1b: Koraidon|Close Combat|p2b: Ceruledge\n|-immune|p2b: Ceruledge\n|\n|upkeep\n|turn|10\n|c|\u2606avarussurava|gg\n|-message|fogdocker forfeited.\n|\n|win|avarussurava\n|raw|fogdocker's rating: 1446 &rarr; <strong>1427</strong><br />(-19 for losing)\n|raw|avarussurava's rating: 1466 &rarr; <strong>1485</strong><br />(+19 for winning)\n","uploadtime":1771411809,"views":19,"formatid":"gen9vgc2026regi","rating":1427,"private":0,"password":null}