{"id":"gen9vgc2026regi-2560294485","format":"[Gen 9] VGC 2026 Reg I","players":["jonen","MasterChefSnoopy"],"log":"|j|\u2606jonen\n|j|\u2606MasterChefSnoopy\n|t:|1773674709\n|gametype|doubles\n|player|p1|jonen|medium|1146\n|player|p2|MasterChefSnoopy|unknown|1059\n|gen|9\n|tier|[Gen 9] VGC 2026 Reg I\n|rated|\n|rule|Species Clause: Limit one of each Pok\u00e9mon\n|rule|Item Clause: Limit 1 of each item\n|clearpoke\n|poke|p1|Sneasler, L50, M|\n|poke|p1|Ditto, L50|\n|poke|p1|Calyrex-Ice, L50|\n|poke|p1|Miraidon, L50|\n|poke|p1|Urshifu-*, L50, M|\n|poke|p1|Incineroar, L50, F|\n|poke|p2|Espathra, L50, F|\n|poke|p2|Indeedee-F, L50, F|\n|poke|p2|Zamazenta-*, L50|\n|poke|p2|Incineroar, L50, F|\n|poke|p2|Whimsicott, L50, F|\n|poke|p2|Miraidon, L50|\n|teampreview|4\n|\n|t:|1773674756\n|teamsize|p1|4\n|teamsize|p2|4\n|start\n|switch|p1a: Miraidon|Miraidon, L50|100/100\n|switch|p1b: Calyrex|Calyrex-Ice, L50|100/100\n|switch|p2a: Espathra|Espathra, L50, F|100/100\n|switch|p2b: Indeedee|Indeedee-F, L50, F|100/100\n|-ability|p1b: Calyrex|As One\n|-ability|p1b: Calyrex|Unnerve\n|-fieldstart|move: Electric Terrain|[from] ability: Hadron Engine|[of] p1a: Miraidon\n|-fieldstart|move: Psychic Terrain|[from] ability: Psychic Surge|[of] p2b: Indeedee\n|turn|1\n|\n|t:|1773674784\n|move|p2a: Espathra|Protect|p2a: Espathra\n|-singleturn|p2a: Espathra|Protect\n|move|p2b: Indeedee|Protect|p2b: Indeedee\n|-singleturn|p2b: Indeedee|Protect\n|move|p1a: Miraidon|Volt Switch|p2b: Indeedee\n|-activate|p2b: Indeedee|move: Protect\n|move|p1b: Calyrex|Glacial Lance|p2a: Espathra|[spread] \n|-activate|p2a: Espathra|move: Protect\n|-activate|p2b: Indeedee|move: Protect\n|\n|-ability|p2a: Espathra|Speed Boost|boost\n|-boost|p2a: Espathra|spe|1\n|upkeep\n|turn|2\n|\n|t:|1773674811\n|move|p2b: Indeedee|Helping Hand|p2a: Espathra\n|-singleturn|p2a: Espathra|Helping Hand|[of] p2b: Indeedee\n|move|p2a: Espathra|Expanding Force|p1b: Calyrex|[spread] p1a,p1b\n|-resisted|p1b: Calyrex\n|-damage|p1a: Miraidon|33/100\n|-damage|p1b: Calyrex|73/100\n|move|p1a: Miraidon|Volt Switch|p2a: Espathra\n|-damage|p2a: Espathra|11/100\n|-damage|p1a: Miraidon|23/100|[from] item: Life Orb\n|\n|t:|1773674818\n|switch|p1a: Incineroar|Incineroar, L50, F|100/100|[from] Volt Switch\n|-ability|p1a: Incineroar|Intimidate|boost\n|-unboost|p2a: Espathra|atk|1\n|-unboost|p2b: Indeedee|atk|1\n|move|p1b: Calyrex|Glacial Lance|p2a: Espathra|[spread] p2a,p2b\n|-damage|p2a: Espathra|0 fnt\n|-damage|p2b: Indeedee|44/100\n|faint|p2a: Espathra\n|-ability|p1b: Calyrex|Chilling Neigh|boost\n|-boost|p1b: Calyrex|atk|1\n|\n|upkeep\n|\n|t:|1773674832\n|switch|p2a: Zamazenta|Zamazenta-Crowned, L50|100/100\n|-ability|p2a: Zamazenta|Dauntless Shield|boost\n|-boost|p2a: Zamazenta|def|1\n|turn|3\n|\n|t:|1773674866\n|-terastallize|p1a: Incineroar|Bug\n|move|p2b: Indeedee|Follow Me|p2b: Indeedee\n|-singleturn|p2b: Indeedee|move: Follow Me\n|move|p2a: Zamazenta|Heavy Slam|p1b: Calyrex\n|-supereffective|p1b: Calyrex\n|-damage|p1b: Calyrex|53/100\n|move|p1a: Incineroar|U-turn|p2b: Indeedee\n|-supereffective|p2b: Indeedee\n|-damage|p2b: Indeedee|0 fnt\n|-damage|p1a: Incineroar|84/100|[from] item: Rocky Helmet|[of] p2b: Indeedee\n|faint|p2b: Indeedee\n|\n|t:|1773674879\n|switch|p1a: Ditto|Ditto, L50|100/100|[from] U-turn\n|move|p1b: Calyrex|High Horsepower|p2a: Zamazenta\n|-supereffective|p2a: Zamazenta\n|-damage|p2a: Zamazenta|49/100\n|\n|upkeep\n|\n|t:|1773674885\n|switch|p2b: Miraidon|Miraidon, L50|100/100\n|-fieldstart|move: Electric Terrain|[from] ability: Hadron Engine|[of] p2b: Miraidon\n|turn|4\n|c|\u2606jonen|oh lol\n|\n|t:|1773674906\n|move|p2b: Miraidon|Electro Drift|p1a: Ditto\n|-damage|p1a: Ditto|0 fnt\n|faint|p1a: Ditto\n|-damage|p2b: Miraidon|91/100|[from] item: Life Orb\n|move|p2a: Zamazenta|Body Press|p1b: Calyrex\n|-crit|p1b: Calyrex\n|-damage|p1b: Calyrex|0 fnt\n|faint|p1b: Calyrex\n|\n|upkeep\n|\n|t:|1773674913\n|switch|p1a: Incineroar|Incineroar, L50, F, tera:Bug|84/100\n|switch|p1b: Miraidon|Miraidon, L50|23/100\n|-activate|p1b: Miraidon|ability: Hadron Engine\n|-ability|p1a: Incineroar|Intimidate|boost\n|-unboost|p2a: Zamazenta|atk|1\n|-unboost|p2b: Miraidon|atk|1\n|turn|5\n|\n|t:|1773674924\n|move|p1a: Incineroar|Fake Out|p2b: Miraidon\n|-damage|p2b: Miraidon|81/100\n|cant|p2b: Miraidon|flinch\n|move|p1b: Miraidon|Electro Drift|p2a: Zamazenta\n|-damage|p2a: Zamazenta|0 fnt\n|faint|p2a: Zamazenta\n|-damage|p1b: Miraidon|13/100|[from] item: Life Orb\n|\n|upkeep\n|turn|6\n|\n|t:|1773674938\n|-terastallize|p2b: Miraidon|Fairy\n|move|p2b: Miraidon|Electro Drift|p1a: Incineroar\n|-damage|p1a: Incineroar|14/100\n|-damage|p2b: Miraidon|71/100|[from] item: Life Orb\n|move|p1b: Miraidon|Draco Meteor|p2b: Miraidon\n|-immune|p2b: Miraidon\n|move|p1a: Incineroar|Knock Off|p2b: Miraidon\n|-resisted|p2b: Miraidon\n|-damage|p2b: Miraidon|50/100\n|-enditem|p2b: Miraidon|Life Orb|[from] move: Knock Off|[of] p1a: Incineroar\n|\n|upkeep\n|turn|7\n|\n|t:|1773674952\n|move|p1b: Miraidon|Protect|p1b: Miraidon\n|-singleturn|p1b: Miraidon|Protect\n|move|p2b: Miraidon|Snarl|p1a: Incineroar|[spread] p1a\n|-activate|p1b: Miraidon|move: Protect\n|-damage|p1a: Incineroar|2/100\n|-unboost|p1a: Incineroar|spa|1\n|move|p1a: Incineroar|Flare Blitz|p2b: Miraidon\n|-damage|p2b: Miraidon|0 fnt\n|faint|p2b: Miraidon\n|-damage|p1a: Incineroar|0 fnt|[from] Recoil\n|faint|p1a: Incineroar\n|\n|win|jonen\n|raw|jonen's rating: 1146 &rarr; <strong>1165</strong><br />(+19 for winning)\n|raw|MasterChefSnoopy's rating: 1059 &rarr; <strong>1045</strong><br />(-14 for losing)\n","uploadtime":1773674952,"views":12,"formatid":"gen9vgc2026regi","rating":1045,"private":0,"password":null}