{"id":"gen9vgc2026regi-2568732447","format":"[Gen 9] VGC 2026 Reg I","players":["Binky11","chrisjhall12"],"log":"|j|\u2606Binky11\n|j|\u2606chrisjhall12\n|t:|1774618386\n|gametype|doubles\n|player|p1|Binky11|miku-ice|1460\n|player|p2|chrisjhall12|dawn|1463\n|gen|9\n|tier|[Gen 9] VGC 2026 Reg I\n|rated|\n|rule|Species Clause: Limit one of each Pok\u00e9mon\n|rule|Item Clause: Limit 1 of each item\n|clearpoke\n|poke|p1|Kyogre, L50|\n|poke|p1|Necrozma-Dusk-Mane, L50|\n|poke|p1|Amoonguss, L50, M|\n|poke|p1|Iron Jugulis, L50|\n|poke|p1|Raging Bolt, L50|\n|poke|p1|Urshifu-*, L50, F|\n|poke|p2|Zamazenta-*, L50|\n|poke|p2|Miraidon, L50|\n|poke|p2|Chien-Pao, L50|\n|poke|p2|Whimsicott, L50, M|\n|poke|p2|Incineroar, L50, F|\n|poke|p2|Ogerpon-Hearthflame, L50, F|\n|teampreview|4\n|inactive|Battle timer is ON: inactive players will automatically lose when time's up. (requested by Binky11)\n|inactive|Binky11 has 60 seconds left.\n|inactive|chrisjhall12 has 60 seconds left.\n|\n|t:|1774618434\n|teamsize|p1|4\n|teamsize|p2|4\n|start\n|switch|p1a: Necrozma|Necrozma-Dusk-Mane, L50|100/100\n|switch|p1b: Iron Jugulis|Iron Jugulis, L50|100/100\n|switch|p2a: Miraidon|Miraidon, L50|100/100\n|switch|p2b: Chien-Pao|Chien-Pao, L50|100/100\n|-ability|p2b: Chien-Pao|Sword of Ruin\n|-fieldstart|move: Electric Terrain|[from] ability: Hadron Engine|[of] p2a: Miraidon\n|-activate|p1b: Iron Jugulis|ability: Quark Drive\n|-start|p1b: Iron Jugulis|quarkdrivespe\n|turn|1\n|inactive|chrisjhall12 has 30 seconds left.\n|\n|t:|1774618462\n|move|p1b: Iron Jugulis|Snarl|p2b: Chien-Pao|[spread] p2a,p2b\n|-resisted|p2b: Chien-Pao\n|-damage|p2a: Miraidon|86/100\n|-damage|p2b: Chien-Pao|88/100\n|-unboost|p2a: Miraidon|spa|1\n|-unboost|p2b: Chien-Pao|spa|1\n|move|p2b: Chien-Pao|Icicle Crash|p1b: Iron Jugulis\n|-supereffective|p1b: Iron Jugulis\n|-damage|p1b: Iron Jugulis|0 fnt\n|faint|p1b: Iron Jugulis\n|-end|p1b: Iron Jugulis|Quark Drive|[silent]\n|move|p2a: Miraidon|Electro Drift|p1a: Necrozma\n|-damage|p1a: Necrozma|15/100\n|move|p1a: Necrozma|Trick Room|p1a: Necrozma\n|-fieldstart|move: Trick Room|[of] p1a: Necrozma\n|\n|upkeep\n|\n|t:|1774618478\n|switch|p1b: Kyogre|Kyogre, L50|100/100\n|-weather|RainDance|[from] ability: Drizzle|[of] p1b: Kyogre\n|turn|2\n|\n|t:|1774618490\n|-terastallize|p1b: Kyogre|Grass\n|move|p2b: Chien-Pao|Sucker Punch|p1a: Necrozma\n|-supereffective|p1a: Necrozma\n|-damage|p1a: Necrozma|0 fnt\n|faint|p1a: Necrozma\n|move|p1b: Kyogre|Water Spout|p2b: Chien-Pao|[spread] p2a,p2b\n|-resisted|p2a: Miraidon\n|-damage|p2a: Miraidon|34/100\n|-damage|p2b: Chien-Pao|0 fnt\n|faint|p2b: Chien-Pao\n|move|p2a: Miraidon|Electro Drift|p1b: Kyogre\n|-resisted|p1b: Kyogre\n|-damage|p1b: Kyogre|64/100\n|\n|-weather|RainDance|[upkeep]\n|upkeep\n|\n|t:|1774618503\n|switch|p1a: Raging Bolt|Raging Bolt, L50|100/100\n|switch|p2b: Zamazenta|Zamazenta-Crowned, L50|100/100\n|-ability|p2b: Zamazenta|Dauntless Shield|boost\n|-boost|p2b: Zamazenta|def|1\n|turn|3\n|\n|t:|1774618519\n|switch|p2a: Ogerpon|Ogerpon-Hearthflame, L50, F|100/100\n|-ability|p2a: Ogerpon|Mold Breaker\n|move|p2b: Zamazenta|Wide Guard|p2b: Zamazenta\n|-singleturn|p2b: Zamazenta|Wide Guard\n|move|p1a: Raging Bolt|Thunderbolt|p2a: Ogerpon\n|-resisted|p2a: Ogerpon\n|-crit|p2a: Ogerpon\n|-damage|p2a: Ogerpon|49/100\n|move|p1b: Kyogre|Water Spout|p2b: Zamazenta|[spread] \n|-activate|p2a: Ogerpon|move: Wide Guard\n|-activate|p2b: Zamazenta|move: Wide Guard\n|\n|-weather|RainDance|[upkeep]\n|upkeep\n|turn|4\n|\n|t:|1774618530\n|-terastallize|p2b: Zamazenta|Dragon\n|move|p2a: Ogerpon|Follow Me|p2a: Ogerpon\n|-singleturn|p2a: Ogerpon|move: Follow Me\n|move|p1a: Raging Bolt|Thunderbolt|p2a: Ogerpon\n|-resisted|p2a: Ogerpon\n|-damage|p2a: Ogerpon|16/100\n|move|p1b: Kyogre|Hydro Pump|p2a: Ogerpon|[miss]\n|-miss|p1b: Kyogre|p2a: Ogerpon\n|move|p2b: Zamazenta|Body Press|p1b: Kyogre\n|-damage|p1b: Kyogre|0 fnt\n|faint|p1b: Kyogre\n|\n|-weather|RainDance|[upkeep]\n|upkeep\n|turn|5\n|\n|t:|1774618546\n|move|p2a: Ogerpon|Spiky Shield|p2a: Ogerpon\n|-singleturn|p2a: Ogerpon|move: Protect\n|move|p2b: Zamazenta|Protect|p2b: Zamazenta\n|-singleturn|p2b: Zamazenta|Protect\n|move|p1a: Raging Bolt|Thunderbolt|p2a: Ogerpon\n|-activate|p2a: Ogerpon|move: Protect\n|\n|-weather|RainDance|[upkeep]\n|-fieldend|move: Trick Room\n|-fieldend|move: Electric Terrain\n|upkeep\n|turn|6\n|\n|t:|1774618560\n|move|p2a: Ogerpon|Follow Me|p2a: Ogerpon\n|-singleturn|p2a: Ogerpon|move: Follow Me\n|move|p2b: Zamazenta|Body Press|p1a: Raging Bolt\n|-damage|p1a: Raging Bolt|45/100\n|move|p1a: Raging Bolt|Draco Meteor|p2a: Ogerpon\n|-damage|p2a: Ogerpon|0 fnt\n|-unboost|p1a: Raging Bolt|spa|2\n|faint|p2a: Ogerpon\n|\n|-weather|none\n|upkeep\n|\n|t:|1774618568\n|switch|p2a: Miraidon|Miraidon, L50|34/100\n|-fieldstart|move: Electric Terrain|[from] ability: Hadron Engine|[of] p2a: Miraidon\n|turn|7\n|-message|Binky11 forfeited.\n|\n|win|chrisjhall12\n|raw|Binky11's rating: 1460 &rarr; <strong>1440</strong><br />(-20 for losing)\n|raw|chrisjhall12's rating: 1463 &rarr; <strong>1483</strong><br />(+20 for winning)\n|l|\u2606Binky11\n|player|p1|\n|l|\u2606chrisjhall12\n|player|p2|\n","uploadtime":1774618764,"views":19,"formatid":"gen9vgc2026regi","rating":1440,"private":0,"password":null}