{"id":"gen9vgc2026regi-2561277249","format":"[Gen 9] VGC 2026 Reg I","players":["SnarkyShane","zebraschinge"],"log":"|j|\u2606SnarkyShane\n|j|\u2606zebraschinge\n|t:|1773779726\n|gametype|doubles\n|player|p1|SnarkyShane|gambler|1525\n|player|p2|zebraschinge|wallace|1465\n|gen|9\n|tier|[Gen 9] VGC 2026 Reg I\n|rated|\n|rule|Species Clause: Limit one of each Pok\u00e9mon\n|rule|Item Clause: Limit 1 of each item\n|clearpoke\n|poke|p1|Rayquaza, L50|\n|poke|p1|Calyrex-Shadow, L50|\n|poke|p1|Chien-Pao, L50|\n|poke|p1|Ting-Lu, L50|\n|poke|p1|Amoonguss, L50, F|\n|poke|p1|Avalugg-Hisui, L50, M|\n|poke|p2|Miraidon, L50|\n|poke|p2|Grimmsnarl, L50, M|\n|poke|p2|Calyrex-Ice, L50|\n|poke|p2|Farigiraf, L50, M|\n|poke|p2|Murkrow, L50, M|\n|poke|p2|Diglett, L50, M|\n|teampreview|4\n|inactive|Battle timer is ON: inactive players will automatically lose when time's up. (requested by zebraschinge)\n|inactive|SnarkyShane also wants the timer to be on.\n|inactive|SnarkyShane has 60 seconds left.\n|inactive|zebraschinge has 60 seconds left.\n|inactive|zebraschinge has 30 seconds left.\n|j| trajan29\n|inactive|zebraschinge has 20 seconds left.\n|inactive|zebraschinge has 15 seconds left.\n|inactive|SnarkyShane has 30 seconds left.\n|inactive|SnarkyShane has 20 seconds left.\n|inactive|SnarkyShane has 15 seconds left.\n|inactive|SnarkyShane has 10 seconds left.\n|\n|t:|1773779832\n|teamsize|p1|4\n|teamsize|p2|4\n|start\n|switch|p1a: Big Gulp|Ting-Lu, L50|100/100\n|switch|p1b: Rock 'em Sock 'em|Avalugg-Hisui, L50, M|100/100\n|switch|p2a: Olangaar|Grimmsnarl, L50, M|100/100\n|switch|p2b: Miraidon|Miraidon, L50|100/100\n|-fieldstart|move: Electric Terrain|[from] ability: Hadron Engine|[of] p2b: Miraidon\n|-item|p1a: Big Gulp|Assault Vest|[from] ability: Frisk|[of] p2a: Olangaar\n|-item|p1b: Rock 'em Sock 'em|Loaded Dice|[from] ability: Frisk|[of] p2a: Olangaar\n|-ability|p1a: Big Gulp|Vessel of Ruin\n|turn|1\n|inactive|zebraschinge has 30 seconds left.\n|inactive|zebraschinge has 20 seconds left.\n|j| They34\n|inactive|zebraschinge has 15 seconds left.\n|inactive|zebraschinge has 10 seconds left.\n|inactive|SnarkyShane has 30 seconds left.\n|inactive|zebraschinge has 5 seconds left.\n|\n|t:|1773779885\n|-terastallize|p2b: Miraidon|Water\n|move|p2a: Olangaar|Fake Out|p1a: Big Gulp\n|-damage|p1a: Big Gulp|93/100\n|move|p2b: Miraidon|Dragon Pulse|p1a: Big Gulp\n|-damage|p1a: Big Gulp|63/100\n|-damage|p2b: Miraidon|91/100|[from] item: Life Orb\n|cant|p1a: Big Gulp|flinch\n|move|p1b: Rock 'em Sock 'em|Icicle Spear|p2b: Miraidon\n|-resisted|p2b: Miraidon\n|-damage|p2b: Miraidon|85/100\n|-resisted|p2b: Miraidon\n|-damage|p2b: Miraidon|78/100\n|-resisted|p2b: Miraidon\n|-damage|p2b: Miraidon|72/100\n|-resisted|p2b: Miraidon\n|-damage|p2b: Miraidon|65/100\n|-resisted|p2b: Miraidon\n|-damage|p2b: Miraidon|59/100\n|-hitcount|p2b: Miraidon|5\n|\n|upkeep\n|turn|2\n|inactive|SnarkyShane has 30 seconds left.\n|inactive|SnarkyShane has 20 seconds left.\n|inactive|SnarkyShane has 15 seconds left.\n|inactive|SnarkyShane has 10 seconds left.\n|\n|t:|1773779934\n|switch|p1b: Victor Creed|Chien-Pao, L50|100/100\n|-ability|p1b: Victor Creed|Sword of Ruin\n|move|p2b: Miraidon|Dragon Pulse|p1a: Big Gulp\n|-damage|p1a: Big Gulp|28/100\n|-damage|p2b: Miraidon|49/100|[from] item: Life Orb\n|move|p2a: Olangaar|Spirit Break|p1a: Big Gulp\n|-supereffective|p1a: Big Gulp\n|-damage|p1a: Big Gulp|0 fnt\n|faint|p1a: Big Gulp\n|\n|upkeep\n|\n|t:|1773779953\n|switch|p1a: Rock 'em Sock 'em|Avalugg-Hisui, L50, M|100/100\n|turn|3\n|\n|t:|1773779974\n|switch|p2b: High Horsepow miss|Calyrex-Ice, L50|100/100\n|-ability|p2b: High Horsepow miss|As One\n|-ability|p2b: High Horsepow miss|Unnerve\n|move|p1a: Rock 'em Sock 'em|Wide Guard|p1a: Rock 'em Sock 'em\n|-singleturn|p1a: Rock 'em Sock 'em|Wide Guard\n|move|p1b: Victor Creed|Ice Spinner|p2a: Olangaar\n|-damage|p2a: Olangaar|3/100\n|-fieldend|move: Electric Terrain\n|-damage|p1b: Victor Creed|91/100|[from] item: Life Orb\n|move|p2a: Olangaar|Spirit Break|p1b: Victor Creed\n|-supereffective|p1b: Victor Creed\n|-damage|p1b: Victor Creed|0 fnt\n|faint|p1b: Victor Creed\n|\n|upkeep\n|\n|t:|1773779990\n|switch|p1b: FesterinEquestrian|Calyrex-Shadow, L50|100/100\n|-ability|p1b: FesterinEquestrian|As One\n|-ability|p1b: FesterinEquestrian|Unnerve\n|turn|4\n|\n|t:|1773780011\n|move|p1b: FesterinEquestrian|Protect|p1b: FesterinEquestrian\n|-singleturn|p1b: FesterinEquestrian|Protect\n|move|p2a: Olangaar|Sucker Punch||[still]\n|-fail|p2a: Olangaar\n|move|p1a: Rock 'em Sock 'em|Icicle Spear|p2a: Olangaar\n|-crit|p2a: Olangaar\n|-damage|p2a: Olangaar|0 fnt\n|faint|p2a: Olangaar\n|-hitcount|p2: Olangaar|1\n|move|p2b: High Horsepow miss|Trick Room|p2b: High Horsepow miss\n|-fieldstart|move: Trick Room|[of] p2b: High Horsepow miss\n|\n|upkeep\n|\n|t:|1773780033\n|switch|p2a: Miraidon|Miraidon, L50, tera:Water|49/100\n|-fieldstart|move: Electric Terrain|[from] ability: Hadron Engine|[of] p2a: Miraidon\n|turn|5\n|inactive|SnarkyShane has 30 seconds left.\n|\n|t:|1773780061\n|-terastallize|p1a: Rock 'em Sock 'em|Grass\n|move|p1a: Rock 'em Sock 'em|Rock Blast|p2a: Miraidon\n|-damage|p2a: Miraidon|37/100\n|-damage|p2a: Miraidon|25/100\n|-damage|p2a: Miraidon|13/100\n|-damage|p2a: Miraidon|0 fnt\n|faint|p2a: Miraidon\n|-hitcount|p2: Miraidon|4\n|move|p2b: High Horsepow miss|High Horsepower|p1b: FesterinEquestrian\n|-damage|p1b: FesterinEquestrian|52/100\n|move|p1b: FesterinEquestrian|Astral Barrage|p2b: High Horsepow miss\n|-supereffective|p2b: High Horsepow miss\n|-damage|p2b: High Horsepow miss|9/100\n|\n|upkeep\n|\n|t:|1773780079\n|switch|p2a: Farigiraf|Farigiraf, L50, M|100/100\n|turn|6\n|\n|t:|1773780102\n|move|p1a: Rock 'em Sock 'em|Icicle Spear|p2a: Farigiraf\n|-damage|p2a: Farigiraf|87/100\n|-damage|p2a: Farigiraf|73/100\n|-damage|p2a: Farigiraf|60/100\n|-damage|p2a: Farigiraf|48/100\n|-hitcount|p2a: Farigiraf|4\n|move|p2b: High Horsepow miss|Glacial Lance|p1a: Rock 'em Sock 'em|[spread] p1a,p1b\n|-supereffective|p1a: Rock 'em Sock 'em\n|-damage|p1a: Rock 'em Sock 'em|34/100\n|-damage|p1b: FesterinEquestrian|0 fnt\n|-enditem|p2a: Farigiraf|Sitrus Berry|[eat]\n|-heal|p2a: Farigiraf|73/100|[from] item: Sitrus Berry\n|faint|p1b: FesterinEquestrian\n|-ability|p2b: High Horsepow miss|Chilling Neigh|boost\n|-boost|p2b: High Horsepow miss|atk|1\n|move|p2a: Farigiraf|Foul Play|p1a: Rock 'em Sock 'em\n|-damage|p1a: Rock 'em Sock 'em|17/100\n|\n|upkeep\n|turn|7\n|\n|t:|1773780123\n|move|p1a: Rock 'em Sock 'em|Icicle Spear|p2b: High Horsepow miss\n|-resisted|p2b: High Horsepow miss\n|-damage|p2b: High Horsepow miss|5/100\n|-resisted|p2b: High Horsepow miss\n|-damage|p2b: High Horsepow miss|0 fnt\n|faint|p2b: High Horsepow miss\n|-hitcount|p2: High Horsepow miss|2\n|move|p2a: Farigiraf|Psychic|p1a: Rock 'em Sock 'em\n|-damage|p1a: Rock 'em Sock 'em|0 fnt\n|faint|p1a: Rock 'em Sock 'em\n|\n|win|zebraschinge\n|raw|SnarkyShane's rating: 1525 &rarr; <strong>1502</strong><br />(-23 for losing)\n|raw|zebraschinge's rating: 1465 &rarr; <strong>1488</strong><br />(+23 for winning)\n|l|\u2606SnarkyShane\n|player|p1|\n|l| trajan29\n|l|\u2606zebraschinge\n|player|p2|\n|l| They34\n","uploadtime":1773780273,"views":12,"formatid":"gen9vgc2026regi","rating":1488,"private":0,"password":null}