{"id":"gen9vgc2026regi-2548602410","format":"[Gen 9] VGC 2026 Reg I","players":["vgcjunkman","cdogp3"],"log":"|j|\u2606vgcjunkman\n|j|\u2606cdogp3\n|t:|1772232075\n|gametype|doubles\n|player|p1|vgcjunkman|fisherman-gen4|1380\n|player|p2|cdogp3|hoopster|1646\n|gen|9\n|tier|[Gen 9] VGC 2026 Reg I\n|rated|\n|rule|Species Clause: Limit one of each Pok\u00e9mon\n|rule|Item Clause: Limit 1 of each item\n|clearpoke\n|poke|p1|Kyurem-White, L50|\n|poke|p1|Solgaleo, L50|\n|poke|p1|Farigiraf, L50, F|\n|poke|p1|Whimsicott, L50, F|\n|poke|p1|Iron Hands, L50|\n|poke|p1|Urshifu-*, L50, M|\n|poke|p2|Sneasler, L50, F|\n|poke|p2|Ditto, L50|\n|poke|p2|Calyrex-Ice, L50|\n|poke|p2|Miraidon, L50|\n|poke|p2|Urshifu-*, L50, M|\n|poke|p2|Incineroar, L50, F|\n|teampreview|4\n|inactive|Battle timer is ON: inactive players will automatically lose when time's up. (requested by cdogp3)\n|inactive|vgcjunkman has 60 seconds left.\n|\n|t:|1772232108\n|teamsize|p1|4\n|teamsize|p2|4\n|start\n|switch|p1a: Solgaleo|Solgaleo, L50|100/100\n|switch|p1b: Whimsicott|Whimsicott, L50, F|100/100\n|switch|p2a: Calyrex|Calyrex-Ice, L50|100/100\n|switch|p2b: Miraidon|Miraidon, L50|100/100\n|-ability|p2a: Calyrex|As One\n|-ability|p2a: Calyrex|Unnerve\n|-fieldstart|move: Electric Terrain|[from] ability: Hadron Engine|[of] p2b: Miraidon\n|turn|1\n|inactive|vgcjunkman has 30 seconds left.\n|\n|t:|1772232140\n|-terastallize|p1a: Solgaleo|Ground\n|-terastallize|p2a: Calyrex|Water\n|move|p2b: Miraidon|Volt Switch|p1a: Solgaleo\n|-immune|p1a: Solgaleo\n|move|p1b: Whimsicott|Moonblast|p2b: Miraidon\n|-supereffective|p2b: Miraidon\n|-damage|p2b: Miraidon|52/100\n|move|p1a: Solgaleo|Earthquake|p2b: Miraidon|[spread] p1b,p2a,p2b\n|-resisted|p1b: Whimsicott\n|-supereffective|p2b: Miraidon\n|-damage|p1b: Whimsicott|79/100\n|-damage|p2a: Calyrex|71/100\n|-damage|p2b: Miraidon|0 fnt\n|faint|p2b: Miraidon\n|move|p2a: Calyrex|Glacial Lance|p1b: Whimsicott|[spread] p1a,p1b\n|-supereffective|p1a: Solgaleo\n|-supereffective|p1b: Whimsicott\n|-damage|p1a: Solgaleo|21/100\n|-damage|p1b: Whimsicott|0 fnt\n|-enditem|p1a: Solgaleo|Weakness Policy\n|-boost|p1a: Solgaleo|atk|2|[from] item: Weakness Policy\n|-boost|p1a: Solgaleo|spa|2|[from] item: Weakness Policy\n|faint|p1b: Whimsicott\n|-ability|p2a: Calyrex|Chilling Neigh|boost\n|-boost|p2a: Calyrex|atk|1\n|\n|upkeep\n|\n|t:|1772232164\n|switch|p2b: Urshifu|Urshifu-Rapid-Strike, L50, M|100/100\n|switch|p1b: Iron Hands|Iron Hands, L50|100/100\n|-activate|p1b: Iron Hands|ability: Quark Drive\n|-start|p1b: Iron Hands|quarkdriveatk\n|turn|2\n|\n|t:|1772232188\n|move|p2b: Urshifu|Detect|p2b: Urshifu\n|-singleturn|p2b: Urshifu|Protect\n|move|p2a: Calyrex|Protect|p2a: Calyrex\n|-singleturn|p2a: Calyrex|Protect\n|move|p1a: Solgaleo|Psychic Fangs|p2b: Urshifu\n|-activate|p2b: Urshifu|move: Protect\n|move|p1b: Iron Hands|Wild Charge|p2a: Calyrex\n|-activate|p2a: Calyrex|move: Protect\n|\n|upkeep\n|turn|3\n|\n|t:|1772232204\n|switch|p1a: Kyurem|Kyurem-White, L50|100/100\n|-ability|p1a: Kyurem|Turboblaze\n|move|p2b: Urshifu|Surging Strikes|p1a: Kyurem\n|-resisted|p1a: Kyurem\n|-crit|p1a: Kyurem\n|-damage|p1a: Kyurem|91/100\n|-resisted|p1a: Kyurem\n|-crit|p1a: Kyurem\n|-damage|p1a: Kyurem|81/100\n|-resisted|p1a: Kyurem\n|-crit|p1a: Kyurem\n|-damage|p1a: Kyurem|72/100\n|-hitcount|p1a: Kyurem|3\n|move|p2a: Calyrex|Glacial Lance|p1a: Kyurem|[spread] p1a,p1b\n|-damage|p1a: Kyurem|0 fnt\n|-damage|p1b: Iron Hands|49/100\n|faint|p1a: Kyurem\n|-ability|p2a: Calyrex|Chilling Neigh|boost\n|-boost|p2a: Calyrex|atk|1\n|move|p1b: Iron Hands|Wild Charge|p2a: Calyrex\n|-supereffective|p2a: Calyrex\n|-damage|p2a: Calyrex|0 fnt\n|faint|p2a: Calyrex\n|-damage|p1b: Iron Hands|35/100|[from] Recoil\n|\n|upkeep\n|inactiveoff|Battle timer is now OFF.\n|\n|t:|1772232232\n|switch|p1a: Solgaleo|Solgaleo, L50, tera:Ground|21/100\n|switch|p2a: Incineroar|Incineroar, L50, F|100/100\n|-ability|p2a: Incineroar|Intimidate|boost\n|-fail|p1a: Solgaleo|unboost|[from] ability: Full Metal Body|[of] p1a: Solgaleo\n|-unboost|p1b: Iron Hands|atk|1\n|turn|4\n|\n|t:|1772232244\n|move|p2a: Incineroar|Fake Out|p1b: Iron Hands\n|-damage|p1b: Iron Hands|27/100\n|move|p2b: Urshifu|Aqua Jet|p1a: Solgaleo\n|-supereffective|p1a: Solgaleo\n|-damage|p1a: Solgaleo|0 fnt\n|faint|p1a: Solgaleo\n|cant|p1b: Iron Hands|flinch\n|\n|upkeep\n|turn|5\n|-message|vgcjunkman forfeited.\n|\n|win|cdogp3\n|raw|vgcjunkman's rating: 1380 &rarr; <strong>1373</strong><br />(-7 for losing)\n|raw|cdogp3's rating: 1646 &rarr; <strong>1653</strong><br />(+7 for winning)\n|l|\u2606vgcjunkman\n|player|p1|\n","uploadtime":1772232484,"views":14,"formatid":"gen9vgc2026regi","rating":1373,"private":0,"password":null}