{"id":"gen9vgc2026regi-2570238015","format":"[Gen 9] VGC 2026 Reg I","players":["personathemc","Billlmads"],"log":"|j|\u2606personathemc\n|j|\u2606Billlmads\n|t:|1774792456\n|gametype|doubles\n|player|p1|personathemc|buck|\n|player|p2|Billlmads|red|\n|gen|9\n|tier|[Gen 9] VGC 2026 Reg I\n|rated|Tournament battle\n|rule|Species Clause: Limit one of each Pok\u00e9mon\n|rule|Item Clause: Limit 1 of each item\n|raw|<div class=\"infobox\"><details class=\"readmore\" open><summary><strong>3 custom rules:</strong></summary> Open Team Sheets, Force Open Team Sheets, !Open Team Sheets</details></div>\n|clearpoke\n|poke|p1|Riolu, L50, M|\n|poke|p1|Indeedee-F, L50, F|\n|poke|p1|Meowscarada, L50, F|\n|poke|p1|Zamazenta-*, L50|\n|poke|p1|Tauros-Paldea-Aqua, L50, M|\n|poke|p1|Calyrex-Shadow, L50|\n|poke|p2|Koraidon, L50|\n|poke|p2|Lunala, L50|\n|poke|p2|Jumpluff, L50, M|\n|poke|p2|Raging Bolt, L50|\n|poke|p2|Incineroar, L50, M|\n|poke|p2|Ursaluna, L50, M|\n|teampreview|4\n|showteam|p1|Riolu||CovertCloak|Prankster|Copycat,Coaching,Bulldoze,Detect|||M|||50|,,,,,Flying]Indeedee-F||SitrusBerry|PsychicSurge|FollowMe,HelpingHand,DazzlingGleam,Protect|||F|||50|,,,,,Dark]Meowscarada||ChoiceScarf|Overgrow|Uturn,PollenPuff,FlowerTrick,SuckerPunch|||F|||50|,,,,,Ghost]Zamazenta-Crowned||RustedShield|DauntlessShield|BodyPress,HeavySlam,WideGuard,Protect||||||50|,,,,,Flying]Tauros-Paldea-Aqua||SalacBerry|AngerPoint|Endure,AquaJet,Earthquake,CloseCombat|||M|||50|,,,,,Ghost]Calyrex-Shadow||FocusSash|AsOneSpectrier|AstralBarrage,ExpandingForce,DrainingKiss,Protect||||||50|,,,,,Dark\n|showteam|p2|Koraidon||LifeOrb|OrichalcumPulse|FlareBlitz,CloseCombat,FlameCharge,Protect||||||50|,,,,,Fire]Lunala||PowerHerb|ShadowShield|MoongeistBeam,MeteorBeam,TrickRoom,WideGuard||||||50|,,,,,Grass]Jumpluff||CovertCloak|Chlorophyll|SleepPowder,Tailwind,RagePowder,Encore|||M|||50|,,,,,Water]Raging Bolt||AssaultVest|Protosynthesis|Thunderbolt,Thunderclap,DracoMeteor,Snarl||||||50|,,,,,Fairy]Incineroar||SafetyGoggles|Intimidate|FakeOut,KnockOff,Taunt,Uturn|||M|||50|,,,,,Water]Ursaluna||FlameOrb|Guts|Facade,Earthquake,HeadlongRush,Protect|||M|||50|,,,,,Ghost\n|inactive|Battle timer is ON: inactive players will automatically lose when time's up. (requested by personathemc)\n|j| ido1234567890\n|inactive|personathemc has 60 seconds left.\n|inactive|personathemc has 30 seconds left.\n|inactive|personathemc has 20 seconds left.\n|\n|t:|1774792528\n|teamsize|p1|4\n|teamsize|p2|4\n|start\n|switch|p1a: Calyrex|Calyrex-Shadow, L50|100/100\n|switch|p1b: Meowscarada|Meowscarada, L50, F|100/100\n|switch|p2a: Koraidon|Koraidon, L50, shiny|100/100\n|switch|p2b: Jumpluff|Jumpluff, L50, M|100/100\n|-ability|p1a: Calyrex|As One\n|-ability|p1a: Calyrex|Unnerve\n|-weather|SunnyDay|[from] ability: Orichalcum Pulse|[of] p2a: Koraidon\n|-activate|p2a: Koraidon|Orichalcum Pulse|[source]\n|turn|1\n|inactive|personathemc has 30 seconds left.\n|inactive|personathemc has 20 seconds left.\n|inactive|personathemc has 15 seconds left.\n|l| ido1234567890\n|inactive|personathemc has 10 seconds left.\n|inactive|personathemc has 5 seconds left.\n|\n|t:|1774792583\n|-terastallize|p2a: Koraidon|Fire\n|move|p2b: Jumpluff|Sleep Powder|p1a: Calyrex\n|-status|p1a: Calyrex|slp|[from] move: Sleep Powder\n|move|p1b: Meowscarada|U-turn|p2b: Jumpluff\n|-damage|p2b: Jumpluff|67/100\n|\n|t:|1774792595\n|switch|p1b: Zamazenta|Zamazenta-Crowned, L50, shiny|100/100|[from] U-turn\n|-ability|p1b: Zamazenta|Dauntless Shield|boost\n|-boost|p1b: Zamazenta|def|1\n|cant|p1a: Calyrex|slp\n|move|p2a: Koraidon|Flame Charge|p1b: Zamazenta\n|-supereffective|p1b: Zamazenta\n|-damage|p1b: Zamazenta|29/100\n|-boost|p2a: Koraidon|spe|1\n|-damage|p2a: Koraidon|91/100|[from] item: Life Orb\n|\n|-weather|SunnyDay|[upkeep]\n|upkeep\n|turn|2\n|inactive|personathemc has 30 seconds left.\n|\n|t:|1774792620\n|move|p1b: Zamazenta|Protect|p1b: Zamazenta\n|-singleturn|p1b: Zamazenta|Protect\n|move|p2b: Jumpluff|Sleep Powder|p1b: Zamazenta\n|-activate|p1b: Zamazenta|move: Protect\n|move|p2a: Koraidon|Flame Charge|p1a: Calyrex\n|-enditem|p1a: Calyrex|Focus Sash\n|-damage|p1a: Calyrex|1/100 slp\n|-boost|p2a: Koraidon|spe|1\n|-damage|p2a: Koraidon|81/100|[from] item: Life Orb\n|-curestatus|p1a: Calyrex|slp|[msg]\n|move|p1a: Calyrex|Astral Barrage|p2a: Koraidon|[spread] p2a,p2b\n|-damage|p2a: Koraidon|26/100\n|-damage|p2b: Jumpluff|14/100\n|\n|-weather|SunnyDay|[upkeep]\n|upkeep\n|turn|3\n|inactive|personathemc has 30 seconds left.\n|inactive|personathemc has 20 seconds left.\n|inactive|personathemc has 15 seconds left.\n|\n|t:|1774792661\n|move|p2a: Koraidon|Flame Charge|p1a: Calyrex\n|-damage|p1a: Calyrex|0 fnt\n|-boost|p2a: Koraidon|spe|1\n|faint|p1a: Calyrex\n|-damage|p2a: Koraidon|16/100|[from] item: Life Orb\n|move|p2b: Jumpluff|Encore|p1b: Zamazenta\n|-start|p1b: Zamazenta|Encore\n|move|p1b: Zamazenta|Protect||[still]\n|-fail|p1b: Zamazenta\n|\n|-weather|SunnyDay|[upkeep]\n|upkeep\n|\n|t:|1774792678\n|switch|p1a: Riolu|Riolu, L50, M|100/100\n|turn|4\n|\n|t:|1774792695\n|move|p1b: Zamazenta|Protect|p1b: Zamazenta\n|-singleturn|p1b: Zamazenta|Protect\n|move|p1a: Riolu|Coaching|p1b: Zamazenta\n|-boost|p1b: Zamazenta|atk|1\n|-boost|p1b: Zamazenta|def|1\n|move|p2a: Koraidon|Close Combat|p1b: Zamazenta\n|-activate|p1b: Zamazenta|move: Protect\n|move|p2b: Jumpluff|Sleep Powder|p1a: Riolu\n|-status|p1a: Riolu|slp|[from] move: Sleep Powder\n|\n|-weather|SunnyDay|[upkeep]\n|upkeep\n|turn|5\n|inactive|personathemc has 30 seconds left.\n|inactive|personathemc has 20 seconds left.\n|\n|t:|1774792734\n|-terastallize|p1b: Zamazenta|Flying\n|move|p1b: Zamazenta|Protect|p1b: Zamazenta\n|-singleturn|p1b: Zamazenta|Protect\n|cant|p1a: Riolu|slp\n|move|p2a: Koraidon|Flame Charge|p1b: Zamazenta\n|-activate|p1b: Zamazenta|move: Protect\n|move|p2b: Jumpluff|Tailwind|p2b: Jumpluff\n|-sidestart|p2: Billlmads|move: Tailwind\n|\n|-weather|none\n|-end|p1b: Zamazenta|Encore\n|upkeep\n|turn|6\n|j| ido1234567890\n|inactive|personathemc has 30 seconds left.\n|j| gameboy_09050\n|inactive|personathemc has 20 seconds left.\n|inactive|personathemc has 15 seconds left.\n|l| gameboy_09050\n|\n|t:|1774792776\n|switch|p2b: Raging Bolt|Raging Bolt, L50|100/100\n|-curestatus|p1a: Riolu|slp|[msg]\n|move|p1a: Riolu|Detect|p1a: Riolu\n|-singleturn|p1a: Riolu|Protect\n|move|p2a: Koraidon|Flare Blitz|p1b: Zamazenta\n|-damage|p1b: Zamazenta|0 fnt\n|faint|p1b: Zamazenta\n|-damage|p2a: Koraidon|6/100|[from] Recoil\n|-damage|p2a: Koraidon|0 fnt|[from] item: Life Orb\n|faint|p2a: Koraidon\n|\n|upkeep\n|j| 4Test4\n|l| 4Test4\n|j| 4Test4\n|inactive|Billlmads has 30 seconds left.\n|inactive|Billlmads has 20 seconds left.\n|j|+Nosnort\n|l| ido1234567890\n|inactive|Billlmads has 15 seconds left.\n|l| 4Test4\n|inactive|Billlmads has 10 seconds left.\n|inactive|Billlmads has 5 seconds left.\n|\n|t:|1774792831\n|switch|p2a: Lunala|Lunala, L50|100/100\n|switch|p1b: Meowscarada|Meowscarada, L50, F|100/100\n|turn|7\n|inactive|personathemc has 30 seconds left.\n|inactive|Billlmads has 30 seconds left.\n|\n|t:|1774792860\n|move|p1b: Meowscarada|Flower Trick|p2a: Lunala\n|-crit|p2a: Lunala\n|-damage|p2a: Lunala|79/100\n|move|p2b: Raging Bolt|Draco Meteor|p1b: Meowscarada|[miss]\n|-miss|p2b: Raging Bolt|p1b: Meowscarada\n|move|p1a: Riolu|Bulldoze|p2a: Lunala|[spread] p1b,p2a,p2b\n|-resisted|p1b: Meowscarada\n|-supereffective|p2b: Raging Bolt\n|-damage|p1b: Meowscarada|89/100\n|-damage|p2a: Lunala|69/100\n|-damage|p2b: Raging Bolt|82/100\n|-unboost|p1b: Meowscarada|spe|1\n|-unboost|p2a: Lunala|spe|1\n|-unboost|p2b: Raging Bolt|spe|1\n|move|p2a: Lunala|Trick Room|p2a: Lunala\n|-fieldstart|move: Trick Room|[of] p2a: Lunala\n|\n|upkeep\n|turn|8\n|inactive|Billlmads has 30 seconds left.\n|inactive|Billlmads has 20 seconds left.\n|inactive|Billlmads has 15 seconds left.\n|\n|t:|1774792905\n|move|p1a: Riolu|Copycat|p1a: Riolu\n|move|p1a: Riolu|Trick Room|p1a: Riolu|[from] move: Copycat\n|-fieldend|move: Trick Room\n|move|p1b: Meowscarada|Flower Trick|p2a: Lunala\n|-crit|p2a: Lunala\n|-damage|p2a: Lunala|22/100\n|move|p2a: Lunala|Moongeist Beam|p1b: Meowscarada\n|-resisted|p1b: Meowscarada\n|-damage|p1b: Meowscarada|33/100\n|move|p2b: Raging Bolt|Draco Meteor|p1b: Meowscarada\n|-damage|p1b: Meowscarada|0 fnt\n|-unboost|p2b: Raging Bolt|spa|2\n|faint|p1b: Meowscarada\n|\n|-sideend|p2: Billlmads|move: Tailwind\n|upkeep\n|turn|9\n|j| ultraclaw1\n|\n|t:|1774792924\n|move|p2a: Lunala|Wide Guard|p2a: Lunala\n|-singleturn|p2a: Lunala|Wide Guard\n|move|p2b: Raging Bolt|Thunderbolt|p1a: Riolu\n|-damage|p1a: Riolu|45/100\n|move|p1a: Riolu|Bulldoze|p2b: Raging Bolt|[spread] \n|-activate|p2a: Lunala|move: Wide Guard\n|-activate|p2b: Raging Bolt|move: Wide Guard\n|\n|upkeep\n|turn|10\n|\n|t:|1774792929\n|move|p2a: Lunala|Wide Guard|p2a: Lunala\n|-singleturn|p2a: Lunala|Wide Guard\n|move|p2b: Raging Bolt|Thunderbolt|p1a: Riolu\n|-damage|p1a: Riolu|0 fnt\n|faint|p1a: Riolu\n|\n|win|Billlmads\n|n|\u2606personathemc|personathemc\n|n|\u2606Billlmads|billlmads\n|n| Nosnort|nosnort\n|n| ultraclaw1|ultraclaw1\n","uploadtime":1774792929,"views":14,"formatid":"gen9vgc2026regi","rating":null,"private":0,"password":null}