{"id":"gen9vgc2026regi-2540266250","format":"[Gen 9] VGC 2026 Reg I","players":["SEITA","ImEnigmaa_"],"log":"|j|\u2606SEITA\n|j|\u2606ImEnigmaa_\n|t:|1771182517\n|gametype|doubles\n|player|p1|SEITA|lucas-gen4pt|1503\n|player|p2|ImEnigmaa_|benga|1502\n|gen|9\n|tier|[Gen 9] VGC 2026 Reg I\n|rated|\n|rule|Species Clause: Limit one of each Pok\u00e9mon\n|rule|Item Clause: Limit 1 of each item\n|clearpoke\n|poke|p1|Zamazenta-*, L50|\n|poke|p1|Kyogre, L50|\n|poke|p1|Wo-Chien, L50|\n|poke|p1|Grimmsnarl, L50, M|\n|poke|p1|Rhyperior, L50, M|\n|poke|p1|Ditto, L50|\n|poke|p2|Calyrex-Ice, L50|\n|poke|p2|Groudon, L50|\n|poke|p2|Flutter Mane, L50|\n|poke|p2|Raging Bolt, L50|\n|poke|p2|Brute Bonnet, L50|\n|poke|p2|Incineroar, L50, F|\n|teampreview|4\n|inactive|Battle timer is ON: inactive players will automatically lose when time's up. (requested by ImEnigmaa_)\n|j| hvk3\n|inactive|SEITA has 60 seconds left.\n|inactive|ImEnigmaa_ has 60 seconds left.\n|l| hvk3\n|\n|t:|1771182557\n|teamsize|p1|4\n|teamsize|p2|4\n|start\n|switch|p1a: Grimmsnarl|Grimmsnarl, L50, M|100/100\n|switch|p1b: Zamazenta|Zamazenta-Crowned, L50|100/100\n|switch|p2a: Chicken Jockey|Calyrex-Ice, L50|100/100\n|switch|p2b: Inceliroar|Incineroar, L50, F, shiny|100/100\n|-ability|p2a: Chicken Jockey|As One\n|-ability|p2a: Chicken Jockey|Unnerve\n|-ability|p1b: Zamazenta|Dauntless Shield|boost\n|-boost|p1b: Zamazenta|def|1\n|-ability|p2b: Inceliroar|Intimidate|boost\n|-unboost|p1a: Grimmsnarl|atk|1\n|-unboost|p1b: Zamazenta|atk|1\n|turn|1\n|\n|t:|1771182575\n|move|p2b: Inceliroar|Fake Out|p1b: Zamazenta\n|-resisted|p1b: Zamazenta\n|-damage|p1b: Zamazenta|98/100\n|move|p1a: Grimmsnarl|Reflect|p1a: Grimmsnarl\n|-sidestart|p1: SEITA|Reflect\n|cant|p1b: Zamazenta|flinch\n|move|p2a: Chicken Jockey|Trick Room|p2a: Chicken Jockey\n|-fieldstart|move: Trick Room|[of] p2a: Chicken Jockey\n|\n|upkeep\n|turn|2\n|inactive|SEITA has 30 seconds left.\n|inactive|SEITA has 20 seconds left.\n|\n|t:|1771182610\n|switch|p2a: Gordon|Groudon, L50, shiny|100/100\n|-weather|SunnyDay|[from] ability: Drought|[of] p2a: Gordon\n|move|p1a: Grimmsnarl|Light Screen|p1a: Grimmsnarl\n|-sidestart|p1: SEITA|move: Light Screen\n|move|p2b: Inceliroar|Flare Blitz|p1b: Zamazenta\n|-supereffective|p1b: Zamazenta\n|-damage|p1b: Zamazenta|62/100\n|-damage|p2b: Inceliroar|89/100|[from] Recoil\n|move|p1b: Zamazenta|Iron Defense|p1b: Zamazenta\n|-boost|p1b: Zamazenta|def|2\n|\n|-weather|SunnyDay|[upkeep]\n|upkeep\n|turn|3\n|\n|t:|1771182634\n|switch|p1a: Kyogre|Kyogre, L50|100/100\n|-weather|RainDance|[from] ability: Drizzle|[of] p1a: Kyogre\n|move|p2b: Inceliroar|Flare Blitz|p1b: Zamazenta\n|-supereffective|p1b: Zamazenta\n|-damage|p1b: Zamazenta|54/100\n|-status|p1b: Zamazenta|brn\n|-damage|p2b: Inceliroar|86/100|[from] Recoil\n|move|p2a: Gordon|Precipice Blades|p1a: Kyogre|[spread] p1a,p1b\n|-supereffective|p1b: Zamazenta\n|-damage|p1a: Kyogre|76/100\n|-damage|p1b: Zamazenta|39/100 brn\n|move|p1b: Zamazenta|Body Press|p2a: Gordon\n|-damage|p2a: Gordon|65/100\n|\n|-weather|RainDance|[upkeep]\n|-heal|p1a: Kyogre|82/100|[from] item: Leftovers\n|-damage|p1b: Zamazenta|33/100 brn|[from] brn\n|upkeep\n|turn|4\n|inactive|SEITA has 30 seconds left.\n|\n|t:|1771182661\n|-terastallize|p2b: Inceliroar|Grass\n|move|p2a: Gordon|Protect|p2a: Gordon\n|-singleturn|p2a: Gordon|Protect\n|move|p2b: Inceliroar|Knock Off|p1a: Kyogre\n|-damage|p1a: Kyogre|62/100\n|-enditem|p1a: Kyogre|Leftovers|[from] move: Knock Off|[of] p2b: Inceliroar\n|move|p1a: Kyogre|Origin Pulse|p2b: Inceliroar|[spread] p2b\n|-activate|p2a: Gordon|move: Protect\n|-resisted|p2b: Inceliroar\n|-damage|p2b: Inceliroar|56/100\n|move|p1b: Zamazenta|Body Press|p2b: Inceliroar\n|-damage|p2b: Inceliroar|16/100\n|-damage|p1b: Zamazenta|17/100 brn|[from] item: Rocky Helmet|[of] p2b: Inceliroar\n|\n|-weather|RainDance|[upkeep]\n|-damage|p1b: Zamazenta|11/100 brn|[from] brn\n|upkeep\n|turn|5\n|inactive|SEITA has 30 seconds left.\n|\n|t:|1771182686\n|switch|p2a: Chicken Jockey|Calyrex-Ice, L50|100/100\n|-ability|p2a: Chicken Jockey|As One\n|-ability|p2a: Chicken Jockey|Unnerve\n|switch|p1b: Wo-Chien|Wo-Chien, L50|100/100\n|-ability|p1b: Wo-Chien|Tablets of Ruin\n|move|p2b: Inceliroar|Parting Shot|p1a: Kyogre\n|-unboost|p1a: Kyogre|atk|1\n|-unboost|p1a: Kyogre|spa|1\n|\n|t:|1771182699\n|switch|p2b: Gordon|Groudon, L50, shiny|65/100|[from] Parting Shot\n|-weather|SunnyDay|[from] ability: Drought|[of] p2b: Gordon\n|move|p1a: Kyogre|Origin Pulse|p2b: Gordon|[spread] p2a,p2b\n|-crit|p2a: Chicken Jockey\n|-supereffective|p2b: Gordon\n|-damage|p2a: Chicken Jockey|76/100\n|-damage|p2b: Gordon|40/100\n|\n|-weather|SunnyDay|[upkeep]\n|-fieldend|move: Trick Room\n|upkeep\n|turn|6\n|inactive|SEITA has 30 seconds left.\n|\n|t:|1771182726\n|move|p2b: Gordon|Precipice Blades|p1b: Wo-Chien|[spread] p1a,p1b\n|-resisted|p1b: Wo-Chien\n|-damage|p1a: Kyogre|42/100\n|-damage|p1b: Wo-Chien|91/100\n|move|p1b: Wo-Chien|Foul Play|p2a: Chicken Jockey\n|-supereffective|p2a: Chicken Jockey\n|-damage|p2a: Chicken Jockey|0 fnt\n|faint|p2a: Chicken Jockey\n|move|p1a: Kyogre|Ice Beam|p2b: Gordon\n|-supereffective|p2b: Gordon\n|-damage|p2b: Gordon|0 fnt\n|faint|p2b: Gordon\n|\n|-weather|SunnyDay|[upkeep]\n|upkeep\n|\n|t:|1771182735\n|switch|p2b: Jimmy Neutron|Flutter Mane, L50, shiny|100/100\n|switch|p2a: Inceliroar|Incineroar, L50, F, shiny, tera:Grass|16/100\n|-ability|p2a: Inceliroar|Intimidate|boost\n|-unboost|p1a: Kyogre|atk|1\n|-unboost|p1b: Wo-Chien|atk|1\n|-activate|p2b: Jimmy Neutron|ability: Protosynthesis\n|-start|p2b: Jimmy Neutron|protosynthesisspe\n|turn|7\n|\n|t:|1771182751\n|switch|p1a: Zamazenta|Zamazenta-Crowned, L50|11/100 brn\n|move|p1b: Wo-Chien|Protect|p1b: Wo-Chien\n|-singleturn|p1b: Wo-Chien|Protect\n|move|p2a: Inceliroar|Fake Out|p1b: Wo-Chien\n|-activate|p1b: Wo-Chien|move: Protect\n|move|p2b: Jimmy Neutron|Moonblast|p1a: Zamazenta\n|-damage|p1a: Zamazenta|0 fnt\n|faint|p1a: Zamazenta\n|\n|-weather|SunnyDay|[upkeep]\n|upkeep\n|\n|t:|1771182769\n|switch|p1a: Kyogre|Kyogre, L50|42/100\n|-weather|RainDance|[from] ability: Drizzle|[of] p1a: Kyogre\n|-end|p2b: Jimmy Neutron|Protosynthesis\n|turn|8\n|inactive|ImEnigmaa_ has 30 seconds left.\n|\n|t:|1771182798\n|-terastallize|p1b: Wo-Chien|Poison\n|move|p2b: Jimmy Neutron|Moonblast|p1a: Kyogre\n|-damage|p1a: Kyogre|18/100\n|move|p1b: Wo-Chien|Leech Seed|p2b: Jimmy Neutron\n|-start|p2b: Jimmy Neutron|move: Leech Seed\n|move|p1a: Kyogre|Origin Pulse|p2a: Inceliroar|[spread] p2a,p2b\n|-resisted|p2a: Inceliroar\n|-crit|p2a: Inceliroar\n|-damage|p2a: Inceliroar|0 fnt\n|-damage|p2b: Jimmy Neutron|25/100\n|faint|p2a: Inceliroar\n|\n|-weather|RainDance|[upkeep]\n|-damage|p2b: Jimmy Neutron|13/100|[from] Leech Seed|[of] p1b: Wo-Chien\n|-heal|p1b: Wo-Chien|100/100|[silent]\n|-sideend|p1: SEITA|Reflect\n|upkeep\n|turn|9\n|l|\u2606ImEnigmaa_\n|inactive|ImEnigmaa_ disconnected and has a minute to reconnect!\n|player|p2|\n|inactive|ImEnigmaa_ has 30 seconds left.\n|j|\u2606ImEnigmaa_\n|inactive|ImEnigmaa_ reconnected and has 30 seconds left.\n|player|p2|ImEnigmaa_|benga|\n|-message|ImEnigmaa_ forfeited.\n|\n|win|SEITA\n|raw|SEITA's rating: 1503 &rarr; <strong>1523</strong><br />(+20 for winning)\n|raw|ImEnigmaa_'s rating: 1502 &rarr; <strong>1482</strong><br />(-20 for losing)\n|l|\u2606ImEnigmaa_\n|player|p2|\n|l|\u2606SEITA\n|player|p1|\n","uploadtime":1771182998,"views":44,"formatid":"gen9vgc2026regi","rating":1482,"private":0,"password":null}