{"id":"gen9vgc2026regi-2588908556","format":"[Gen 9] VGC 2026 Reg I","players":["KCLord","JakeNBake3D"],"log":"|j|\u2606KCLord\n|j|\u2606JakeNBake3D\n|t:|1776684810\n|gametype|doubles\n|player|p1|KCLord|266|1502\n|player|p2|JakeNBake3D|266|1522\n|gen|9\n|tier|[Gen 9] VGC 2026 Reg I\n|rated|\n|rule|Species Clause: Limit one of each Pok\u00e9mon\n|rule|Item Clause: Limit 1 of each item\n|clearpoke\n|poke|p1|Zamazenta-*, L50|\n|poke|p1|Chien-Pao, L50|\n|poke|p1|Amoonguss, L50, M|\n|poke|p1|Calyrex-Shadow, L50|\n|poke|p1|Dragonite, L50, F|\n|poke|p1|Raging Bolt, L50|\n|poke|p2|Miraidon, L50|\n|poke|p2|Lunala, L50|\n|poke|p2|Incineroar, L50, M|\n|poke|p2|Urshifu-*, L50, F|\n|poke|p2|Grimmsnarl, L50, M|\n|poke|p2|Ursaluna, L50, F|\n|teampreview|4\n|\n|t:|1776684830\n|teamsize|p1|4\n|teamsize|p2|4\n|start\n|switch|p1a: Dragonite|Dragonite, L50, F|100/100\n|switch|p1b: Chien-Pao|Chien-Pao, L50|100/100\n|switch|p2a: Grimmsnarl|Grimmsnarl, L50, M, shiny|100/100\n|switch|p2b: Miraidon|Miraidon, L50|100/100\n|-ability|p1b: Chien-Pao|Sword of Ruin\n|-fieldstart|move: Electric Terrain|[from] ability: Hadron Engine|[of] p2b: Miraidon\n|turn|1\n|\n|t:|1776684851\n|-terastallize|p2b: Miraidon|Electric\n|-terastallize|p1a: Dragonite|Normal\n|move|p1a: Dragonite|Extreme Speed|p2b: Miraidon\n|-damage|p2b: Miraidon|18/100\n|move|p2a: Grimmsnarl|Reflect|p2a: Grimmsnarl\n|-sidestart|p2: JakeNBake3D|Reflect\n|move|p1b: Chien-Pao|Ice Spinner|p2a: Grimmsnarl\n|-damage|p2a: Grimmsnarl|74/100\n|-fieldend|move: Electric Terrain\n|move|p2b: Miraidon|Volt Switch|p1b: Chien-Pao\n|-damage|p1b: Chien-Pao|51/100\n|\n|t:|1776684869\n|switch|p2b: Lunala|Lunala, L50, shiny|100/100|[from] Volt Switch\n|\n|upkeep\n|turn|2\n|\n|t:|1776684887\n|move|p1a: Dragonite|Extreme Speed|p2a: Grimmsnarl\n|-damage|p2a: Grimmsnarl|14/100\n|move|p2a: Grimmsnarl|Light Screen|p2a: Grimmsnarl\n|-sidestart|p2: JakeNBake3D|move: Light Screen\n|move|p1b: Chien-Pao|Ruination|p2b: Lunala\n|-damage|p2b: Lunala|51/100\n|move|p2b: Lunala|Trick Room|p2b: Lunala\n|-fieldstart|move: Trick Room|[of] p2b: Lunala\n|\n|upkeep\n|turn|3\n|inactive|Battle timer is ON: inactive players will automatically lose when time's up. (requested by KCLord)\n|\n|t:|1776684917\n|move|p1a: Dragonite|Extreme Speed|p2b: Lunala\n|-immune|p2b: Lunala\n|move|p1b: Chien-Pao|Sucker Punch|p2b: Lunala\n|-supereffective|p2b: Lunala\n|-damage|p2b: Lunala|0 fnt\n|faint|p2b: Lunala\n|move|p2a: Grimmsnarl|Spirit Break|p1b: Chien-Pao\n|-supereffective|p1b: Chien-Pao\n|-damage|p1b: Chien-Pao|0 fnt\n|faint|p1b: Chien-Pao\n|\n|upkeep\n|\n|t:|1776684938\n|switch|p2b: Ursaluna|Ursaluna, L50, F, shiny|100/100\n|switch|p1b: Zamazenta|Zamazenta-Crowned, L50|100/100\n|-ability|p1b: Zamazenta|Dauntless Shield|boost\n|-boost|p1b: Zamazenta|def|1\n|turn|4\n|\n|t:|1776684959\n|move|p1b: Zamazenta|Protect|p1b: Zamazenta\n|-singleturn|p1b: Zamazenta|Protect\n|move|p1a: Dragonite|Extreme Speed|p2b: Ursaluna\n|-damage|p2b: Ursaluna|68/100\n|move|p2a: Grimmsnarl|Thunder Wave|p1b: Zamazenta\n|-activate|p1b: Zamazenta|move: Protect\n|move|p2b: Ursaluna|Headlong Rush|p1b: Zamazenta\n|-activate|p1b: Zamazenta|move: Protect\n|\n|-status|p2b: Ursaluna|brn|[from] item: Flame Orb\n|upkeep\n|turn|5\n|inactive|KCLord has 30 seconds left.\n|inactive|KCLord has 20 seconds left.\n|\n|t:|1776684997\n|move|p1a: Dragonite|Extreme Speed|p2a: Grimmsnarl\n|-damage|p2a: Grimmsnarl|0 fnt\n|faint|p2a: Grimmsnarl\n|move|p2b: Ursaluna|Earthquake|p1a: Dragonite|[spread] p1a,p1b\n|-supereffective|p1b: Zamazenta\n|-damage|p1a: Dragonite|30/100\n|-damage|p1b: Zamazenta|55/100\n|move|p1b: Zamazenta|Body Press|p2b: Ursaluna\n|-supereffective|p2b: Ursaluna\n|-crit|p2b: Ursaluna\n|-damage|p2b: Ursaluna|0 fnt\n|faint|p2b: Ursaluna\n|\n|upkeep\n|-message|JakeNBake3D forfeited.\n|\n|win|KCLord\n|raw|KCLord's rating: 1502 &rarr; <strong>1523</strong><br />(+21 for winning)\n|raw|JakeNBake3D's rating: 1522 &rarr; <strong>1501</strong><br />(-21 for losing)\n|l|\u2606JakeNBake3D\n|player|p2|\n|l|\u2606KCLord\n|player|p1|\n","uploadtime":1776685168,"views":14,"formatid":"gen9vgc2026regi","rating":1501,"private":0,"password":null}