{"id":"gen9vgc2026regi-2521129492","format":"[Gen 9] VGC 2026 Reg I","players":["Dangan Granpa","blackred123"],"log":"|j|\u2606Dangan Granpa\n|j|\u2606blackred123\n|t:|1768734535\n|gametype|doubles\n|player|p1|Dangan Granpa|li|1131\n|player|p2|blackred123|iono-masters|1243\n|gen|9\n|tier|[Gen 9] VGC 2026 Reg I\n|rated|\n|rule|Species Clause: Limit one of each Pok\u00e9mon\n|rule|Item Clause: Limit 1 of each item\n|clearpoke\n|poke|p1|Zamazenta-*, L50|\n|poke|p1|Calyrex-Ice, L50|\n|poke|p1|Hatterene, L50, F|\n|poke|p1|Ursaluna-Bloodmoon, L50, M|\n|poke|p1|Incineroar, L50, M|\n|poke|p1|Amoonguss, L50, M|\n|poke|p2|Zacian-*, L50|\n|poke|p2|Kyogre, L50|\n|poke|p2|Amoonguss, L50, M|\n|poke|p2|Incineroar, L50, F|\n|poke|p2|Urshifu-*, L50, M|\n|poke|p2|Iron Jugulis, L50|\n|teampreview|4\n|inactive|Battle timer is ON: inactive players will automatically lose when time's up. (requested by blackred123)\n|inactive|Dangan Granpa has 60 seconds left.\n|inactive|blackred123 has 60 seconds left.\n|\n|t:|1768734572\n|teamsize|p1|4\n|teamsize|p2|4\n|start\n|switch|p1a: Zamazenta|Zamazenta-Crowned, L50|100/100\n|switch|p1b: Calyrex|Calyrex-Ice, L50|100/100\n|switch|p2a: \u9a6c\u5243\u5929\u7231\u661f|Kyogre, L50, shiny|100/100\n|switch|p2b: \u53eb\u6211\u4e3b\u4eba\ud83d\ude21|Urshifu-Rapid-Strike, L50, M|100/100\n|-ability|p1b: Calyrex|As One\n|-ability|p1b: Calyrex|Unnerve\n|-ability|p1a: Zamazenta|Dauntless Shield|boost\n|-boost|p1a: Zamazenta|def|1\n|-weather|RainDance|[from] ability: Drizzle|[of] p2a: \u9a6c\u5243\u5929\u7231\u661f\n|turn|1\n|inactive|blackred123 has 30 seconds left.\n|\n|t:|1768734600\n|move|p1a: Zamazenta|Wide Guard|p1a: Zamazenta\n|-singleturn|p1a: Zamazenta|Wide Guard\n|move|p2b: \u53eb\u6211\u4e3b\u4eba\ud83d\ude21|Surging Strikes|p1a: Zamazenta\n|-crit|p1a: Zamazenta\n|-damage|p1a: Zamazenta|82/100\n|-crit|p1a: Zamazenta\n|-damage|p1a: Zamazenta|63/100\n|-crit|p1a: Zamazenta\n|-damage|p1a: Zamazenta|44/100\n|-hitcount|p1a: Zamazenta|3\n|move|p2a: \u9a6c\u5243\u5929\u7231\u661f|Origin Pulse|p1b: Calyrex|[spread] \n|-activate|p1a: Zamazenta|move: Wide Guard\n|-activate|p1b: Calyrex|move: Wide Guard\n|move|p1b: Calyrex|Trick Room|p1b: Calyrex\n|-fieldstart|move: Trick Room|[of] p1b: Calyrex\n|\n|-weather|RainDance|[upkeep]\n|upkeep\n|turn|2\n|\n|t:|1768734624\n|switch|p1a: Amoonguss|Amoonguss, L50, M|100/100\n|move|p1b: Calyrex|High Horsepower|p2a: \u9a6c\u5243\u5929\u7231\u661f\n|-damage|p2a: \u9a6c\u5243\u5929\u7231\u661f|63/100\n|move|p2a: \u9a6c\u5243\u5929\u7231\u661f|Origin Pulse|p1b: Calyrex|[spread] p1a,p1b\n|-resisted|p1a: Amoonguss\n|-damage|p1a: Amoonguss|70/100\n|-damage|p1b: Calyrex|58/100\n|move|p2b: \u53eb\u6211\u4e3b\u4eba\ud83d\ude21|Surging Strikes|p1b: Calyrex\n|-crit|p1b: Calyrex\n|-damage|p1b: Calyrex|41/100\n|-crit|p1b: Calyrex\n|-damage|p1b: Calyrex|21/100\n|-crit|p1b: Calyrex\n|-damage|p1b: Calyrex|3/100\n|-hitcount|p1b: Calyrex|3\n|\n|-weather|RainDance|[upkeep]\n|upkeep\n|turn|3\n|inactive|blackred123 has 30 seconds left.\n|\n|t:|1768734655\n|switch|p2a: \u4e3b\u4eba\ud83d\ude2d\ud83e\udd75|Incineroar, L50, F|100/100\n|-ability|p2a: \u4e3b\u4eba\ud83d\ude2d\ud83e\udd75|Intimidate|boost\n|-unboost|p1a: Amoonguss|atk|1\n|-fail|p1b: Calyrex|unboost|[from] item: Clear Amulet|[of] p1b: Calyrex\n|move|p1b: Calyrex|Protect|p1b: Calyrex\n|-singleturn|p1b: Calyrex|Protect\n|move|p1a: Amoonguss|Spore|p2b: \u53eb\u6211\u4e3b\u4eba\ud83d\ude21\n|-status|p2b: \u53eb\u6211\u4e3b\u4eba\ud83d\ude21|slp|[from] move: Spore\n|cant|p2b: \u53eb\u6211\u4e3b\u4eba\ud83d\ude21|slp\n|\n|-weather|RainDance|[upkeep]\n|upkeep\n|turn|4\n|inactive|blackred123 has 30 seconds left.\n|\n|t:|1768734681\n|switch|p1b: Ursaluna|Ursaluna-Bloodmoon, L50, M|100/100\n|move|p2a: \u4e3b\u4eba\ud83d\ude2d\ud83e\udd75|Fake Out|p1b: Ursaluna\n|-damage|p1b: Ursaluna|92/100\n|move|p1a: Amoonguss|Sludge Bomb|p2b: \u53eb\u6211\u4e3b\u4eba\ud83d\ude21\n|-damage|p2b: \u53eb\u6211\u4e3b\u4eba\ud83d\ude21|63/100 slp\n|-curestatus|p2b: \u53eb\u6211\u4e3b\u4eba\ud83d\ude21|slp|[msg]\n|move|p2b: \u53eb\u6211\u4e3b\u4eba\ud83d\ude21|Surging Strikes|p1a: Amoonguss\n|-resisted|p1a: Amoonguss\n|-crit|p1a: Amoonguss\n|-damage|p1a: Amoonguss|59/100\n|-resisted|p1a: Amoonguss\n|-crit|p1a: Amoonguss\n|-damage|p1a: Amoonguss|46/100\n|-enditem|p1a: Amoonguss|Sitrus Berry|[eat]\n|-heal|p1a: Amoonguss|71/100|[from] item: Sitrus Berry\n|-resisted|p1a: Amoonguss\n|-crit|p1a: Amoonguss\n|-damage|p1a: Amoonguss|59/100\n|-hitcount|p1a: Amoonguss|3\n|\n|-weather|RainDance|[upkeep]\n|upkeep\n|turn|5\n|\n|t:|1768734702\n|move|p1a: Amoonguss|Spore|p2b: \u53eb\u6211\u4e3b\u4eba\ud83d\ude21\n|-status|p2b: \u53eb\u6211\u4e3b\u4eba\ud83d\ude21|slp|[from] move: Spore\n|move|p1b: Ursaluna|Earth Power|p2a: \u4e3b\u4eba\ud83d\ude2d\ud83e\udd75\n|-supereffective|p2a: \u4e3b\u4eba\ud83d\ude2d\ud83e\udd75\n|-damage|p2a: \u4e3b\u4eba\ud83d\ude2d\ud83e\udd75|0 fnt\n|faint|p2a: \u4e3b\u4eba\ud83d\ude2d\ud83e\udd75\n|-damage|p1b: Ursaluna|82/100|[from] item: Life Orb\n|cant|p2b: \u53eb\u6211\u4e3b\u4eba\ud83d\ude21|slp\n|\n|-weather|none\n|-fieldend|move: Trick Room\n|upkeep\n|\n|t:|1768734710\n|switch|p2a: \u963f\u5c14\u6258\u8389\u96c5|Zacian-Crowned, L50, shiny|100/100\n|-ability|p2a: \u963f\u5c14\u6258\u8389\u96c5|Intrepid Sword|boost\n|-boost|p2a: \u963f\u5c14\u6258\u8389\u96c5|atk|1\n|turn|6\n|\n|t:|1768734733\n|move|p1a: Amoonguss|Rage Powder|p1a: Amoonguss\n|-singleturn|p1a: Amoonguss|move: Rage Powder\n|cant|p2b: \u53eb\u6211\u4e3b\u4eba\ud83d\ude21|slp\n|move|p2a: \u963f\u5c14\u6258\u8389\u96c5|Behemoth Blade|p1a: Amoonguss\n|-damage|p1a: Amoonguss|0 fnt\n|faint|p1a: Amoonguss\n|move|p1b: Ursaluna|Earth Power|p2a: \u963f\u5c14\u6258\u8389\u96c5\n|-supereffective|p2a: \u963f\u5c14\u6258\u8389\u96c5\n|-damage|p2a: \u963f\u5c14\u6258\u8389\u96c5|0 fnt\n|faint|p2a: \u963f\u5c14\u6258\u8389\u96c5\n|-damage|p1b: Ursaluna|72/100|[from] item: Life Orb\n|\n|upkeep\n|\n|t:|1768734744\n|switch|p2a: \u9a6c\u5243\u5929\u7231\u661f|Kyogre, L50, shiny|63/100\n|switch|p1a: Zamazenta|Zamazenta-Crowned, L50|44/100\n|-weather|RainDance|[from] ability: Drizzle|[of] p2a: \u9a6c\u5243\u5929\u7231\u661f\n|turn|7\n|inactive|blackred123 has 30 seconds left.\n|\n|t:|1768734776\n|-terastallize|p2b: \u53eb\u6211\u4e3b\u4eba\ud83d\ude21|Ghost\n|cant|p2b: \u53eb\u6211\u4e3b\u4eba\ud83d\ude21|slp\n|move|p1a: Zamazenta|Body Press|p2a: \u9a6c\u5243\u5929\u7231\u661f\n|-damage|p2a: \u9a6c\u5243\u5929\u7231\u661f|25/100\n|move|p2a: \u9a6c\u5243\u5929\u7231\u661f|Origin Pulse|p1a: Zamazenta|[spread] p1a,p1b\n|-supereffective|p1b: Ursaluna\n|-damage|p1a: Zamazenta|0 fnt\n|-damage|p1b: Ursaluna|0 fnt\n|faint|p1a: Zamazenta\n|faint|p1b: Ursaluna\n|\n|-weather|RainDance|[upkeep]\n|upkeep\n|\n|t:|1768734784\n|switch|p1b: Calyrex|Calyrex-Ice, L50|3/100\n|-ability|p1b: Calyrex|As One\n|-ability|p1b: Calyrex|Unnerve\n|turn|8\n|c|\u2606Dangan Granpa|gg\n|\n|t:|1768734791\n|-curestatus|p2b: \u53eb\u6211\u4e3b\u4eba\ud83d\ude21|slp|[msg]\n|move|p2b: \u53eb\u6211\u4e3b\u4eba\ud83d\ude21|Surging Strikes|p1b: Calyrex\n|-crit|p1b: Calyrex\n|-damage|p1b: Calyrex|0 fnt\n|faint|p1b: Calyrex\n|-hitcount|p1: Calyrex|1\n|\n|win|blackred123\n|raw|Dangan Granpa's rating: 1147 &rarr; <strong>1129</strong><br />(-18 for losing)\n|raw|blackred123's rating: 1243 &rarr; <strong>1261</strong><br />(+18 for winning)\n|l|\u2606Dangan Granpa\n|player|p1|\n","uploadtime":1768734803,"views":13,"formatid":"gen9vgc2026regi","rating":1129,"private":0,"password":null}