{"id":"gen9vgc2026regi-2541322924","format":"[Gen 9] VGC 2026 Reg I","players":["Dfhvng","marcxhenry"],"log":"|j|\u2606Dfhvng\n|j|\u2606marcxhenry\n|t:|1771317301\n|gametype|doubles\n|player|p1|Dfhvng|266|1451\n|player|p2|marcxhenry|hilbert-wonderlauncher|1440\n|gen|9\n|tier|[Gen 9] VGC 2026 Reg I\n|rated|\n|rule|Species Clause: Limit one of each Pok\u00e9mon\n|rule|Item Clause: Limit 1 of each item\n|clearpoke\n|poke|p1|Lunala, L50|\n|poke|p1|Calyrex-Ice, L50|\n|poke|p1|Smeargle, L50, F|\n|poke|p1|Indeedee-F, L50, F|\n|poke|p1|Torkoal, L50, M|\n|poke|p1|Annihilape, L50, M|\n|poke|p2|Calyrex-Shadow, L50|\n|poke|p2|Urshifu-*, L50, M|\n|poke|p2|Roaring Moon, L50|\n|poke|p2|Kyogre, L50|\n|poke|p2|Tsareena, L50, F|\n|poke|p2|Kingambit, L50, M|\n|teampreview|4\n|inactive|Battle timer is ON: inactive players will automatically lose when time's up. (requested by Dfhvng)\n|inactive|Dfhvng has 60 seconds left.\n|\n|t:|1771317334\n|teamsize|p1|4\n|teamsize|p2|4\n|start\n|switch|p1a: Annihilape|Annihilape, L50, M|100/100\n|switch|p1b: Lunala|Lunala, L50|100/100\n|switch|p2a: Rhein\u00fcbung|Urshifu-Rapid-Strike, L50, M|100/100\n|switch|p2b: Hitmonshe|Tsareena, L50, F, shiny|100/100\n|turn|1\n|inactive|marcxhenry has 30 seconds left.\n|\n|t:|1771317361\n|-terastallize|p1b: Lunala|Grass\n|move|p2a: Rhein\u00fcbung|Aqua Jet|p1a: Annihilape\n|-damage|p1a: Annihilape|78/100\n|move|p1a: Annihilape|Final Gambit|p2b: Hitmonshe\n|-damage|p2b: Hitmonshe|0 fnt\n|faint|p1a: Annihilape\n|faint|p2b: Hitmonshe\n|move|p1b: Lunala|Trick Room|p1b: Lunala\n|-fieldstart|move: Trick Room|[of] p1b: Lunala\n|\n|upkeep\n|\n|t:|1771317375\n|switch|p2b: Hermann|Kingambit, L50, M, shiny|100/100\n|switch|p1a: Calyrex|Calyrex-Ice, L50|100/100\n|-ability|p1a: Calyrex|As One\n|-ability|p1a: Calyrex|Unnerve\n|turn|2\n|\n|t:|1771317392\n|switch|p1a: Torkoal|Torkoal, L50, M|100/100\n|-weather|SunnyDay|[from] ability: Drought|[of] p1a: Torkoal\n|switch|p2a: Tripitz|Kyogre, L50, shiny|100/100\n|-weather|RainDance|[from] ability: Drizzle|[of] p2a: Tripitz\n|move|p2b: Hermann|Iron Head|p1b: Lunala\n|-damage|p1b: Lunala|82/100\n|move|p1b: Lunala|Meteor Beam||[still]\n|-prepare|p1b: Lunala|Meteor Beam\n|-boost|p1b: Lunala|spa|1\n|-enditem|p1b: Lunala|Power Herb\n|-anim|p1b: Lunala|Meteor Beam|p2a: Tripitz\n|-damage|p2a: Tripitz|47/100\n|\n|-weather|RainDance|[upkeep]\n|upkeep\n|turn|3\n|inactive|Dfhvng has 30 seconds left.\n|inactive|marcxhenry has 30 seconds left.\n|\n|t:|1771317421\n|move|p2a: Tripitz|Protect|p2a: Tripitz\n|-singleturn|p2a: Tripitz|Protect\n|move|p1a: Torkoal|Earth Power|p2b: Hermann\n|-supereffective|p2b: Hermann\n|-crit|p2b: Hermann\n|-damage|p2b: Hermann|27/100\n|move|p2b: Hermann|Iron Head|p1b: Lunala\n|-damage|p1b: Lunala|47/100\n|move|p1b: Lunala|Expanding Force|p2a: Tripitz\n|-activate|p2a: Tripitz|move: Protect\n|\n|-weather|RainDance|[upkeep]\n|upkeep\n|turn|4\n|\n|t:|1771317440\n|-terastallize|p2b: Hermann|Grass\n|move|p1a: Torkoal|Earth Power|p2b: Hermann\n|-resisted|p2b: Hermann\n|-damage|p2b: Hermann|15/100\n|move|p2b: Hermann|Iron Head|p1b: Lunala\n|-damage|p1b: Lunala|9/100\n|cant|p1b: Lunala|flinch\n|move|p2a: Tripitz|Origin Pulse|p1a: Torkoal|[spread] p1a,p1b\n|-supereffective|p1a: Torkoal\n|-resisted|p1b: Lunala\n|-damage|p1a: Torkoal|0 fnt\n|-damage|p1b: Lunala|0 fnt\n|faint|p1a: Torkoal\n|faint|p1b: Lunala\n|\n|-weather|RainDance|[upkeep]\n|upkeep\n|\n|t:|1771317455\n|switch|p1b: Calyrex|Calyrex-Ice, L50|100/100\n|-ability|p1b: Calyrex|As One\n|-ability|p1b: Calyrex|Unnerve\n|turn|5\n|\n|t:|1771317465\n|switch|p2a: Rhein\u00fcbung|Urshifu-Rapid-Strike, L50, M|100/100\n|move|p2b: Hermann|Sucker Punch|p1b: Calyrex\n|-supereffective|p1b: Calyrex\n|-damage|p1b: Calyrex|53/100\n|move|p1b: Calyrex|Glacial Lance|p2a: Rhein\u00fcbung|[spread] p2a,p2b\n|-resisted|p2a: Rhein\u00fcbung\n|-supereffective|p2b: Hermann\n|-damage|p2a: Rhein\u00fcbung|70/100\n|-damage|p2b: Hermann|0 fnt\n|faint|p2b: Hermann\n|-ability|p1b: Calyrex|Chilling Neigh|boost\n|-boost|p1b: Calyrex|atk|1\n|\n|-weather|RainDance|[upkeep]\n|-fieldend|move: Trick Room\n|upkeep\n|\n|t:|1771317476\n|switch|p2b: Tripitz|Kyogre, L50, shiny|47/100\n|turn|6\n|\n|t:|1771317483\n|move|p2a: Rhein\u00fcbung|Surging Strikes|p1b: Calyrex\n|-crit|p1b: Calyrex\n|-damage|p1b: Calyrex|32/100\n|-crit|p1b: Calyrex\n|-damage|p1b: Calyrex|11/100\n|-crit|p1b: Calyrex\n|-damage|p1b: Calyrex|0 fnt\n|faint|p1b: Calyrex\n|-hitcount|p1: Calyrex|3\n|\n|win|marcxhenry\n|raw|Dfhvng's rating: 1451 &rarr; <strong>1430</strong><br />(-21 for losing)\n|raw|marcxhenry's rating: 1440 &rarr; <strong>1461</strong><br />(+21 for winning)\n|l|\u2606marcxhenry\n|player|p2|\n","uploadtime":1771317645,"views":25,"formatid":"gen9vgc2026regi","rating":1430,"private":0,"password":null}