{"id":"gen9vgc2026regi-2559351720","format":"[Gen 9] VGC 2026 Reg I","players":["potato718","navinsachump"],"log":"|j|\u2606potato718\n|j|\u2606navinsachump\n|t:|1773550611\n|gametype|doubles\n|player|p1|potato718|dawn|1392\n|player|p2|navinsachump|170|1376\n|gen|9\n|tier|[Gen 9] VGC 2026 Reg I\n|rated|\n|rule|Species Clause: Limit one of each Pok\u00e9mon\n|rule|Item Clause: Limit 1 of each item\n|clearpoke\n|poke|p1|Calyrex-Ice, L50|\n|poke|p1|Dusclops, L50, F|\n|poke|p1|Incineroar, L50, M|\n|poke|p1|Miraidon, L50|\n|poke|p1|Araquanid, L50, F|\n|poke|p1|Urshifu-*, L50, F|\n|poke|p2|Calyrex-Ice, L50|\n|poke|p2|Miraidon, L50|\n|poke|p2|Incineroar, L50, M|\n|poke|p2|Landorus, L50, M|\n|poke|p2|Whimsicott, L50, M|\n|poke|p2|Urshifu-*, L50, F|\n|teampreview|4\npotato718 has agreed to open team sheets.\n|inactive|Battle timer is ON: inactive players will automatically lose when time's up. (requested by navinsachump)\n|\n|t:|1773550687\n|teamsize|p1|4\n|teamsize|p2|4\n|start\n|switch|p1a: Incineroar|Incineroar, L50, M|100/100\n|switch|p1b: Miraidon|Miraidon, L50|100/100\n|switch|p2a: Calyrex|Calyrex-Ice, L50|100/100\n|switch|p2b: Incineroar|Incineroar, L50, M|100/100\n|-ability|p2a: Calyrex|As One\n|-ability|p2a: Calyrex|Unnerve\n|-fieldstart|move: Electric Terrain|[from] ability: Hadron Engine|[of] p1b: Miraidon\n|-ability|p2b: Incineroar|Intimidate|boost\n|-unboost|p1a: Incineroar|atk|1\n|-unboost|p1b: Miraidon|atk|1\n|-ability|p1a: Incineroar|Intimidate|boost\n|-fail|p2a: Calyrex|unboost|[from] item: Clear Amulet|[of] p2a: Calyrex\n|-unboost|p2b: Incineroar|atk|1\n|turn|1\n|inactive|potato718 has 30 seconds left.\n|\n|t:|1773550717\n|switch|p1b: Calyrex|Calyrex-Ice, L50|100/100\n|-ability|p1b: Calyrex|As One\n|-ability|p1b: Calyrex|Unnerve\n|move|p2a: Calyrex|Protect|p2a: Calyrex\n|-singleturn|p2a: Calyrex|Protect\n|move|p2b: Incineroar|Parting Shot|p1b: Calyrex\n|-unboost|p1b: Calyrex|atk|1\n|-unboost|p1b: Calyrex|spa|1\n|\n|t:|1773550727\n|switch|p2b: Miraidon|Miraidon, L50|100/100|[from] Parting Shot\n|-activate|p2b: Miraidon|ability: Hadron Engine\n|move|p1a: Incineroar|Knock Off|p2a: Calyrex\n|-activate|p2a: Calyrex|move: Protect\n|\n|upkeep\n|turn|2\n|\n|t:|1773550737\n|move|p1b: Calyrex|Protect|p1b: Calyrex\n|-singleturn|p1b: Calyrex|Protect\n|move|p2b: Miraidon|Volt Switch|p1a: Incineroar\n|-damage|p1a: Incineroar|47/100\n|\n|t:|1773550740\n|switch|p2b: Incineroar|Incineroar, L50, M|100/100|[from] Volt Switch\n|-ability|p2b: Incineroar|Intimidate|boost\n|-unboost|p1a: Incineroar|atk|1\n|-unboost|p1b: Calyrex|atk|1\n|move|p1a: Incineroar|Knock Off|p2b: Incineroar\n|-resisted|p2b: Incineroar\n|-damage|p2b: Incineroar|90/100\n|-damage|p1a: Incineroar|30/100|[from] item: Rocky Helmet|[of] p2b: Incineroar\n|-enditem|p2b: Incineroar|Rocky Helmet|[from] move: Knock Off|[of] p1a: Incineroar\n|move|p2a: Calyrex|Leech Seed|p1b: Calyrex\n|-activate|p1b: Calyrex|move: Protect\n|\n|upkeep\n|turn|3\n|inactive|potato718 has 30 seconds left.\n|inactive|navinsachump has 30 seconds left.\n|\n|t:|1773550774\n|switch|p1a: Araquanid|Araquanid, L50, F|100/100\n|move|p2a: Calyrex|Protect|p2a: Calyrex\n|-singleturn|p2a: Calyrex|Protect\n|move|p2b: Incineroar|Knock Off|p1b: Calyrex\n|-supereffective|p1b: Calyrex\n|-damage|p1b: Calyrex|51/100\n|-enditem|p1b: Calyrex|Leftovers|[from] move: Knock Off|[of] p2b: Incineroar\n|move|p1b: Calyrex|Leech Seed|p2a: Calyrex\n|-activate|p2a: Calyrex|move: Protect\n|\n|upkeep\n|turn|4\n|\n|t:|1773550798\n|switch|p1b: Incineroar|Incineroar, L50, M|30/100\n|-ability|p1b: Incineroar|Intimidate|boost\n|-fail|p2a: Calyrex|unboost|[from] item: Clear Amulet|[of] p2a: Calyrex\n|-unboost|p2b: Incineroar|atk|1\n|move|p2b: Incineroar|Parting Shot|p1a: Araquanid\n|-unboost|p1a: Araquanid|atk|1\n|-unboost|p1a: Araquanid|spa|1\n|\n|t:|1773550804\n|switch|p2b: Miraidon|Miraidon, L50|100/100|[from] Parting Shot\n|-activate|p2b: Miraidon|ability: Hadron Engine\n|move|p2a: Calyrex|Leech Seed|p1b: Incineroar\n|-start|p1b: Incineroar|move: Leech Seed\n|move|p1a: Araquanid|Liquidation|p2a: Calyrex\n|-damage|p2a: Calyrex|71/100\n|\n|-damage|p1b: Incineroar|18/100|[from] Leech Seed|[of] p2a: Calyrex\n|-heal|p2a: Calyrex|83/100|[silent]\n|upkeep\n|turn|5\n|inactive|potato718 has 30 seconds left.\n|\n|t:|1773550831\n|switch|p2b: Incineroar|Incineroar, L50, M|90/100\n|-ability|p2b: Incineroar|Intimidate|boost\n|-unboost|p1a: Araquanid|atk|1\n|-unboost|p1b: Incineroar|atk|1\n|move|p1b: Incineroar|Fake Out|p2b: Incineroar\n|-damage|p2b: Incineroar|83/100\n|move|p2a: Calyrex|Leech Seed|p1a: Araquanid|[miss]\n|-miss|p2a: Calyrex|p1a: Araquanid\n|move|p1a: Araquanid|Infestation|p2a: Calyrex\n|-supereffective|p2a: Calyrex\n|-damage|p2a: Calyrex|79/100\n|-activate|p2a: Calyrex|move: Infestation|[of] p1a: Araquanid\n|\n|-damage|p1b: Incineroar|5/100|[from] Leech Seed|[of] p2a: Calyrex\n|-heal|p2a: Calyrex|91/100|[silent]\n|-damage|p2a: Calyrex|79/100|[from] move: Infestation|[partiallytrapped]\n|-fieldend|move: Electric Terrain\n|upkeep\n|turn|6\n|\n|t:|1773550856\n|move|p1a: Araquanid|Protect|p1a: Araquanid\n|-singleturn|p1a: Araquanid|Protect\n|move|p2b: Incineroar|Parting Shot|p1a: Araquanid\n|-activate|p1a: Araquanid|move: Protect\n|move|p1b: Incineroar|Parting Shot|p2a: Calyrex\n|-fail|p2a: Calyrex|unboost|[from] item: Clear Amulet|[of] p2a: Calyrex\n|move|p2a: Calyrex|Leech Seed|p1a: Araquanid\n|-activate|p1a: Araquanid|move: Protect\n|\n|-damage|p1b: Incineroar|0 fnt|[from] Leech Seed|[of] p2a: Calyrex\n|-heal|p2a: Calyrex|84/100|[silent]\n|faint|p1b: Incineroar\n|-damage|p2a: Calyrex|72/100|[from] move: Infestation|[partiallytrapped]\n|upkeep\n|\n|t:|1773550870\n|switch|p1b: Miraidon|Miraidon, L50|100/100\n|-fieldstart|move: Electric Terrain|[from] ability: Hadron Engine|[of] p1b: Miraidon\n|turn|7\n|\n|t:|1773550885\n|-terastallize|p2b: Incineroar|Grass\n|move|p1a: Araquanid|Wide Guard|p1a: Araquanid\n|-singleturn|p1a: Araquanid|Wide Guard\n|move|p1b: Miraidon|Draco Meteor|p2b: Incineroar\n|-damage|p2b: Incineroar|4/100\n|-unboost|p1b: Miraidon|spa|2\n|move|p2b: Incineroar|Parting Shot|p1b: Miraidon\n|-unboost|p1b: Miraidon|atk|1\n|-unboost|p1b: Miraidon|spa|1\n|\n|t:|1773550898\n|switch|p2b: Miraidon|Miraidon, L50|100/100|[from] Parting Shot\n|-activate|p2b: Miraidon|ability: Hadron Engine\n|move|p2a: Calyrex|Leech Seed|p1a: Araquanid|[miss]\n|-miss|p2a: Calyrex|p1a: Araquanid\n|\n|-damage|p2a: Calyrex|60/100|[from] move: Infestation|[partiallytrapped]\n|upkeep\n|turn|8\n|\n|t:|1773550920\n|switch|p1b: Calyrex|Calyrex-Ice, L50|51/100\n|-ability|p1b: Calyrex|As One\n|-ability|p1b: Calyrex|Unnerve\n|move|p1a: Araquanid|Protect|p1a: Araquanid\n|-singleturn|p1a: Araquanid|Protect\n|move|p2b: Miraidon|Electro Drift|p1a: Araquanid\n|-activate|p1a: Araquanid|move: Protect\n|move|p2a: Calyrex|Leech Seed|p1b: Calyrex\n|-start|p1b: Calyrex|move: Leech Seed\n|\n|-damage|p1b: Calyrex|38/100|[from] Leech Seed|[of] p2a: Calyrex\n|-heal|p2a: Calyrex|72/100|[silent]\n|-damage|p2a: Calyrex|59/100|[from] move: Infestation|[partiallytrapped]\n|upkeep\n|turn|9\n|\n|t:|1773550941\n|move|p2b: Miraidon|Volt Switch|p1a: Araquanid\n|-supereffective|p1a: Araquanid\n|-damage|p1a: Araquanid|0 fnt\n|faint|p1a: Araquanid\n|\n|t:|1773550944\n|switch|p2b: Incineroar|Incineroar, L50, M, tera:Grass|4/100|[from] Volt Switch\n|-ability|p2b: Incineroar|Intimidate|boost\n|-unboost|p1b: Calyrex|atk|1\n|move|p1b: Calyrex|Glacial Lance|p2a: Calyrex|[spread] p2a,p2b\n|-resisted|p2a: Calyrex\n|-supereffective|p2b: Incineroar\n|-damage|p2a: Calyrex|48/100\n|-damage|p2b: Incineroar|0 fnt\n|faint|p2b: Incineroar\n|-ability|p1b: Calyrex|Chilling Neigh|boost\n|-boost|p1b: Calyrex|atk|1\n|move|p2a: Calyrex|Leech Seed||[still]\n|-fail|p2a: Calyrex\n|\n|-damage|p1b: Calyrex|26/100|[from] Leech Seed|[of] p2a: Calyrex\n|-heal|p2a: Calyrex|59/100|[silent]\n|-end|p2a: Calyrex|Infestation|[partiallytrapped]|[silent]\n|upkeep\n|\n|t:|1773550958\n|switch|p2b: Landorus|Landorus, L50, M|100/100\n|switch|p1a: Miraidon|Miraidon, L50|100/100\n|-activate|p1a: Miraidon|ability: Hadron Engine\n|turn|10\n|\n|t:|1773550973\n|move|p2b: Landorus|Protect|p2b: Landorus\n|-singleturn|p2b: Landorus|Protect\n|move|p1b: Calyrex|Protect|p1b: Calyrex\n|-singleturn|p1b: Calyrex|Protect\n|move|p2a: Calyrex|Protect|p2a: Calyrex\n|-singleturn|p2a: Calyrex|Protect\n|move|p1a: Miraidon|Draco Meteor|p2a: Calyrex\n|-activate|p2a: Calyrex|move: Protect\n|\n|-damage|p1b: Calyrex|13/100|[from] Leech Seed|[of] p2a: Calyrex\n|-heal|p2a: Calyrex|71/100|[silent]\n|upkeep\n|turn|11\n|\n|t:|1773550986\n|-terastallize|p1a: Miraidon|Electric\n|move|p1a: Miraidon|Draco Meteor|p2b: Landorus\n|-damage|p2b: Landorus|0 fnt\n|-unboost|p1a: Miraidon|spa|2\n|faint|p2b: Landorus\n|move|p1b: Calyrex|Leech Seed|p2a: Calyrex\n|-start|p2a: Calyrex|move: Leech Seed\n|move|p2a: Calyrex|Glacial Lance|p1b: Calyrex|[spread] p1a,p1b\n|-crit|p1a: Miraidon\n|-resisted|p1b: Calyrex\n|-crit|p1b: Calyrex\n|-damage|p1a: Miraidon|23/100\n|-damage|p1b: Calyrex|0 fnt\n|faint|p1b: Calyrex\n|-ability|p2a: Calyrex|Chilling Neigh|boost\n|-boost|p2a: Calyrex|atk|1\n|\n|-fieldend|move: Electric Terrain\n|upkeep\n|\n|t:|1773550991\n|switch|p2b: Miraidon|Miraidon, L50|100/100\n|-fieldstart|move: Electric Terrain|[from] ability: Hadron Engine|[of] p2b: Miraidon\n|turn|12\n|\n|t:|1773550998\n|move|p1a: Miraidon|Draco Meteor|p2b: Miraidon\n|-supereffective|p2b: Miraidon\n|-damage|p2b: Miraidon|44/100\n|-unboost|p1a: Miraidon|spa|2\n|move|p2b: Miraidon|Electro Drift|p1a: Miraidon\n|-resisted|p1a: Miraidon\n|-damage|p1a: Miraidon|0 fnt\n|faint|p1a: Miraidon\n|\n|win|navinsachump\n|raw|potato718's rating: 1392 &rarr; <strong>1371</strong><br />(-21 for losing)\n|raw|navinsachump's rating: 1376 &rarr; <strong>1397</strong><br />(+21 for winning)\n|l|\u2606navinsachump\n|player|p2|\n|l|\u2606potato718\n|player|p1|\n","uploadtime":1773551182,"views":12,"formatid":"gen9vgc2026regi","rating":1371,"private":0,"password":null}