{"id":"gen9vgc2026regi-2575095563","format":"[Gen 9] VGC 2026 Reg I","players":["ppyyy","pseudo_777"],"log":"|j|\u2606ppyyy\n|j|\u2606pseudo_777\n|html|<table width=\"100%\"><tr><td align=\"left\">ppyyy</td><td align=\"right\">pseudo_777</tr><tr><td align=\"left\"><i class=\"fa fa-circle\"></i> <i class=\"fa fa-circle-o\"></i> </td><td align=\"right\"><i class=\"fa fa-circle-o\"></i> <i class=\"fa fa-circle\"></i> </tr></table>\n|uhtml|bestof|<h2><strong>Game 3</strong> of <a href=\"/game-bestof3-gen9vgc2026regi-2575089299\">a best-of-3</a></h2>\n|t:|1775318559\n|gametype|doubles\n|player|p1|ppyyy|2|\n|player|p2|pseudo_777|266|\n|gen|9\n|tier|[Gen 9] VGC 2026 Reg I\n|rated|Tournament battle\n|rule|Species Clause: Limit one of each Pok\u00e9mon\n|rule|Item Clause: Limit 1 of each item\n|raw|<div class=\"infobox\"><details class=\"readmore\" open><summary><strong>4 custom rules:</strong></summary> Open Team Sheets, Force Open Team Sheets, !Open Team Sheets, Best of = 3</details></div>\n|clearpoke\n|poke|p1|Ho-Oh, L50|\n|poke|p1|Miraidon, L50|\n|poke|p1|Incineroar, L50, F|\n|poke|p1|Chien-Pao, L50|\n|poke|p1|Iron Hands, L50|\n|poke|p1|Iron Valiant, L50|\n|poke|p2|Chien-Pao, L50|\n|poke|p2|Volcarona, L50, M|\n|poke|p2|Iron Hands, L50|\n|poke|p2|Zamazenta-*, L50|\n|poke|p2|Miraidon, L50|\n|poke|p2|Grimmsnarl, L50, M|\n|teampreview|4\n|showteam|p1|Ho-Oh||ClearAmulet|Regenerator|SacredFire,BraveBird,Tailwind,Protect||||||50|,,,,,Grass]Miraidon||ChoiceSpecs|HadronEngine|ElectroDrift,VoltSwitch,DracoMeteor,DazzlingGleam||||||50|,,,,,Fairy]Incineroar||RockyHelmet|Intimidate|FlareBlitz,KnockOff,PartingShot,FakeOut|||F|||50|,,,,,Bug]Chien-Pao||LifeOrb|SwordofRuin|IcicleCrash,SuckerPunch,SacredSword,Protect||||||50|,,,,,Stellar]Iron Hands||AssaultVest|QuarkDrive|DrainPunch,LowKick,WildCharge,FakeOut||||||50|,,,,,Water]Iron Valiant||FocusSash|QuarkDrive|SpiritBreak,IcyWind,WideGuard,Encore||||||50|,,,,,Ghost\n|showteam|p2|Chien-Pao||FocusSash|SwordofRuin|IcicleCrash,Crunch,SuckerPunch,Protect||||||50|,,,,,Stellar]Volcarona||SitrusBerry|FlameBody|FieryDance,QuiverDance,StruggleBug,Protect|||M|||50|,,,,,Dragon]Iron Hands||AssaultVest|QuarkDrive|FakeOut,DrainPunch,LowKick,WildCharge||||||50|,,,,,Water]Zamazenta-Crowned||RustedShield|DauntlessShield|BodyPress,behemothbash,WideGuard,Protect||||||50|,,,,,Water]Miraidon||ChoiceScarf|HadronEngine|ElectroDrift,DracoMeteor,Snarl,VoltSwitch||||||50|,,,,,Electric]Grimmsnarl||LightClay|Prankster|ThunderWave,LightScreen,Reflect,SpiritBreak|||M|||50|,,,,,Ghost\n|j| yuirs gsb\n|j| TheOneAndOnlyChat\n|\n|t:|1775318634\n|teamsize|p1|4\n|teamsize|p2|4\n|start\n|switch|p1a: Iron Valiant|Iron Valiant, L50|100/100\n|switch|p1b: Iron Hands|Iron Hands, L50|100/100\n|switch|p2a: Grimmsnarl|Grimmsnarl, L50, M|100/100\n|switch|p2b: Miraidon|Miraidon, L50|100/100\n|-fieldstart|move: Electric Terrain|[from] ability: Hadron Engine|[of] p2b: Miraidon\n|-activate|p1a: Iron Valiant|ability: Quark Drive\n|-start|p1a: Iron Valiant|quarkdrivespe\n|-activate|p1b: Iron Hands|ability: Quark Drive\n|-start|p1b: Iron Hands|quarkdriveatk\n|turn|1\n|\n|t:|1775318679\n|switch|p2b: Volcarona|Volcarona, L50, M|100/100\n|move|p1b: Iron Hands|Fake Out|p2a: Grimmsnarl\n|-damage|p2a: Grimmsnarl|82/100\n|move|p1a: Iron Valiant|Spirit Break|p2a: Grimmsnarl\n|-supereffective|p2a: Grimmsnarl\n|-crit|p2a: Grimmsnarl\n|-damage|p2a: Grimmsnarl|0 fnt\n|faint|p2a: Grimmsnarl\n|\n|upkeep\n|\n|t:|1775318689\n|switch|p2a: Iron Hands|Iron Hands, L50|100/100\n|-activate|p2a: Iron Hands|ability: Quark Drive\n|-start|p2a: Iron Hands|quarkdriveatk\n|turn|2\n|\n|t:|1775318707\n|-terastallize|p1a: Iron Valiant|Ghost\n|move|p2a: Iron Hands|Fake Out|p1b: Iron Hands\n|-damage|p1b: Iron Hands|87/100\n|move|p1a: Iron Valiant|Icy Wind|p2a: Iron Hands|[spread] p2a,p2b\n|-resisted|p2b: Volcarona\n|-damage|p2a: Iron Hands|94/100\n|-damage|p2b: Volcarona|95/100\n|-unboost|p2a: Iron Hands|spe|1\n|-unboost|p2b: Volcarona|spe|1\n|move|p2b: Volcarona|Quiver Dance|p2b: Volcarona\n|-boost|p2b: Volcarona|spa|1\n|-boost|p2b: Volcarona|spd|1\n|-boost|p2b: Volcarona|spe|1\n|cant|p1b: Iron Hands|flinch\n|\n|upkeep\n|turn|3\n|\n|t:|1775318719\n|move|p2b: Volcarona|Protect|p2b: Volcarona\n|-singleturn|p2b: Volcarona|Protect\n|move|p1a: Iron Valiant|Encore|p2b: Volcarona\n|-activate|p2b: Volcarona|move: Protect\n|move|p1b: Iron Hands|Low Kick|p2a: Iron Hands\n|-damage|p2a: Iron Hands|32/100\n|move|p2a: Iron Hands|Wild Charge|p1a: Iron Valiant\n|-enditem|p1a: Iron Valiant|Focus Sash\n|-damage|p1a: Iron Valiant|1/100\n|-damage|p2a: Iron Hands|17/100|[from] Recoil\n|\n|upkeep\n|turn|4\n|\n|t:|1775318732\n|switch|p2b: Miraidon|Miraidon, L50|100/100\n|-activate|p2b: Miraidon|ability: Hadron Engine\n|move|p1a: Iron Valiant|Encore||[still]\n|-fail|p1a: Iron Valiant\n|move|p1b: Iron Hands|Drain Punch|p2a: Iron Hands\n|-crit|p2a: Iron Hands\n|-damage|p2a: Iron Hands|0 fnt\n|-heal|p1b: Iron Hands|95/100|[from] drain|[of] p2a: Iron Hands\n|faint|p2a: Iron Hands\n|-end|p2a: Iron Hands|Quark Drive|[silent]\n|\n|upkeep\n|\n|t:|1775318736\n|switch|p2a: Volcarona|Volcarona, L50, M|95/100\n|turn|5\n|\n|t:|1775318755\n|-terastallize|p2b: Miraidon|Electric\n|move|p1a: Iron Valiant|Spirit Break|p2b: Miraidon\n|-damage|p2b: Miraidon|73/100\n|-unboost|p2b: Miraidon|spa|1\n|move|p2b: Miraidon|Electro Drift|p1a: Iron Valiant\n|-damage|p1a: Iron Valiant|0 fnt\n|faint|p1a: Iron Valiant\n|-end|p1a: Iron Valiant|Quark Drive|[silent]\n|move|p2a: Volcarona|Quiver Dance|p2a: Volcarona\n|-boost|p2a: Volcarona|spa|1\n|-boost|p2a: Volcarona|spd|1\n|-boost|p2a: Volcarona|spe|1\n|move|p1b: Iron Hands|Low Kick|p2b: Miraidon\n|-damage|p2b: Miraidon|0 fnt\n|faint|p2b: Miraidon\n|\n|-fieldend|move: Electric Terrain\n|-end|p1b: Iron Hands|Quark Drive\n|upkeep\n|\n|t:|1775318757\n|switch|p1a: Ho-Oh|Ho-Oh, L50|100/100\n|turn|6\n|c|\u2606pseudo_777|gg\n|-message|pseudo_777 forfeited.\n|\n|win|ppyyy\n|l|\u2606pseudo_777\n|player|p2|\n","uploadtime":1775318769,"views":6,"formatid":"gen9vgc2026regi","rating":null,"private":0,"password":null}