{"id":"gen9vgc2026regi-2571299178","format":"[Gen 9] VGC 2026 Reg I","players":["Snowsquall brute","Polar721"],"log":"|j|\u2606Snowsquall brute\n|j|\u2606Polar721\n|t:|1774901611\n|gametype|doubles\n|player|p1|Snowsquall brute|veteran|1503\n|player|p2|Polar721|266|1514\n|gen|9\n|tier|[Gen 9] VGC 2026 Reg I\n|rated|\n|rule|Species Clause: Limit one of each Pok\u00e9mon\n|rule|Item Clause: Limit 1 of each item\n|clearpoke\n|poke|p1|Miraidon, L50|\n|poke|p1|Landorus-Therian, L50, M|\n|poke|p1|Kingambit, L50, F|\n|poke|p1|Lunala, L50|\n|poke|p2|Calyrex-Shadow, L50|\n|poke|p2|Terapagos, L50, M|\n|poke|p2|Incineroar, L50, F|\n|poke|p2|Ogerpon-Cornerstone, L50, F|\n|poke|p2|Rillaboom, L50, M|\n|poke|p2|Whimsicott, L50, F|\n|teampreview|4\n|\n|t:|1774901638\n|teamsize|p1|4\n|teamsize|p2|4\n|start\n|switch|p1a: Miraidon|Miraidon, L50|100/100\n|switch|p1b: Kingambit|Kingambit, L50, F|100/100\n|switch|p2a: Calyrex|Calyrex-Shadow, L50|100/100\n|switch|p2b: Ogerpon|Ogerpon-Cornerstone, L50, F|100/100\n|-ability|p2a: Calyrex|As One\n|-ability|p2a: Calyrex|Unnerve\n|-fieldstart|move: Electric Terrain|[from] ability: Hadron Engine|[of] p1a: Miraidon\n|-enditem|p1a: Miraidon|Electric Seed\n|-boost|p1a: Miraidon|def|1|[from] item: Electric Seed\n|turn|1\n|\n|t:|1774901688\n|move|p2a: Calyrex|Protect|p2a: Calyrex\n|-singleturn|p2a: Calyrex|Protect\n|move|p1a: Miraidon|Parabolic Charge|p2b: Ogerpon|[spread] p1b,p2b\n|-activate|p2a: Calyrex|move: Protect\n|-resisted|p2b: Ogerpon\n|-damage|p1b: Kingambit|68/100\n|-damage|p2b: Ogerpon|80/100\n|move|p2b: Ogerpon|Ivy Cudgel|p1a: Miraidon|[anim] Ivy Cudgel Rock\n|-damage|p1a: Miraidon|71/100\n|move|p1b: Kingambit|Kowtow Cleave|p2a: Calyrex\n|-activate|p2a: Calyrex|move: Protect\n|\n|upkeep\n|turn|2\n|\n|t:|1774901722\n|-terastallize|p1a: Miraidon|Electric\n|move|p2b: Ogerpon|Follow Me|p2b: Ogerpon\n|-singleturn|p2b: Ogerpon|move: Follow Me\n|move|p1b: Kingambit|Sucker Punch||[still]\n|-fail|p1b: Kingambit\n|move|p2a: Calyrex|Astral Barrage|p1a: Miraidon|[spread] p1a,p1b\n|-crit|p1a: Miraidon\n|-resisted|p1b: Kingambit\n|-damage|p1a: Miraidon|8/100\n|-damage|p1b: Kingambit|33/100\n|-damage|p2a: Calyrex|91/100|[from] item: Life Orb\n|move|p1a: Miraidon|Parabolic Charge|p2a: Calyrex|[spread] p1b,p2a,p2b\n|-resisted|p2b: Ogerpon\n|-damage|p1b: Kingambit|0 fnt\n|-heal|p1a: Miraidon|25/100|[from] drain|[of] p1b: Kingambit\n|-damage|p2a: Calyrex|37/100\n|-heal|p1a: Miraidon|48/100|[from] drain|[of] p2a: Calyrex\n|-damage|p2b: Ogerpon|52/100\n|-heal|p1a: Miraidon|59/100|[from] drain|[of] p2b: Ogerpon\n|faint|p1b: Kingambit\n|\n|upkeep\n|\n|t:|1774901729\n|switch|p1b: Lunala|Lunala, L50|100/100\n|turn|3\n|\n|t:|1774901767\n|switch|p2b: Rillaboom|Rillaboom, L50, M|100/100\n|-fieldstart|move: Grassy Terrain|[from] ability: Grassy Surge|[of] p2b: Rillaboom\n|move|p1b: Lunala|Wide Guard|p1b: Lunala\n|-singleturn|p1b: Lunala|Wide Guard\n|move|p2a: Calyrex|Disable|p1b: Lunala\n|-start|p1b: Lunala|Disable|Wide Guard\n|move|p1a: Miraidon|Parabolic Charge|p2a: Calyrex|[spread] p2a,p2b\n|-activate|p1b: Lunala|move: Wide Guard\n|-resisted|p2b: Rillaboom\n|-damage|p2a: Calyrex|7/100\n|-heal|p1a: Miraidon|72/100|[from] drain|[of] p2a: Calyrex\n|-damage|p2b: Rillaboom|91/100\n|-heal|p1a: Miraidon|77/100|[from] drain|[of] p2b: Rillaboom\n|\n|-heal|p2a: Calyrex|13/100|[from] Grassy Terrain\n|-heal|p1a: Miraidon|83/100|[from] Grassy Terrain\n|-heal|p2b: Rillaboom|97/100|[from] Grassy Terrain\n|upkeep\n|turn|4\n|\n|t:|1774901792\n|switch|p1b: Landorus|Landorus-Therian, L50, M|100/100\n|-ability|p1b: Landorus|Intimidate|boost\n|-unboost|p2a: Calyrex|atk|1\n|-unboost|p2b: Rillaboom|atk|1\n|move|p1a: Miraidon|Protect|p1a: Miraidon\n|-singleturn|p1a: Miraidon|Protect\n|move|p2b: Rillaboom|Grassy Glide|p1b: Landorus\n|-damage|p1b: Landorus|79/100\n|move|p2a: Calyrex|Astral Barrage|p1a: Miraidon|[spread] p1b\n|-activate|p1a: Miraidon|move: Protect\n|-damage|p1b: Landorus|32/100\n|-damage|p2a: Calyrex|3/100|[from] item: Life Orb\n|\n|-heal|p2a: Calyrex|10/100|[from] Grassy Terrain\n|-heal|p1a: Miraidon|88/100|[from] Grassy Terrain\n|-heal|p2b: Rillaboom|100/100|[from] Grassy Terrain\n|upkeep\n|turn|5\n|\n|t:|1774901821\n|switch|p1b: Lunala|Lunala, L50|100/100\n|move|p2a: Calyrex|Astral Barrage|p1b: Lunala|[spread] p1a,p1b\n|-supereffective|p1b: Lunala\n|-damage|p1a: Miraidon|42/100\n|-damage|p1b: Lunala|1/100\n|-damage|p2a: Calyrex|0 fnt|[from] item: Life Orb\n|faint|p2a: Calyrex\n|move|p1a: Miraidon|Parabolic Charge|p2b: Rillaboom|[spread] p1b,p2b\n|-resisted|p2b: Rillaboom\n|-damage|p1b: Lunala|0 fnt\n|-heal|p1a: Miraidon|43/100|[from] drain|[of] p1b: Lunala\n|-damage|p2b: Rillaboom|90/100\n|-heal|p1a: Miraidon|48/100|[from] drain|[of] p2b: Rillaboom\n|faint|p1b: Lunala\n|move|p2b: Rillaboom|U-turn|p1a: Miraidon\n|-damage|p1a: Miraidon|39/100\n|\n|t:|1774901839\n|switch|p2b: Terapagos|Terapagos, L50, M|100/100|[from] U-turn\n|-activate|p2b: Terapagos|ability: Tera Shift\n|detailschange|p2b: Terapagos|Terapagos-Terastal, L50, M\n|-heal|p2b: Terapagos|100/100|[silent]\n|\n|-heal|p1a: Miraidon|45/100|[from] Grassy Terrain\n|upkeep\n|\n|t:|1774901850\n|switch|p2a: Rillaboom|Rillaboom, L50, M|90/100\n|switch|p1b: Landorus|Landorus-Therian, L50, M|32/100\n|-ability|p1b: Landorus|Intimidate|boost\n|-unboost|p2a: Rillaboom|atk|1\n|-unboost|p2b: Terapagos|atk|1\n|turn|6\n|\n|t:|1774901859\n|-terastallize|p2b: Terapagos|Stellar\n|detailschange|p2b: Terapagos|Terapagos-Stellar, L50, M, tera:Stellar\n|-heal|p2b: Terapagos|100/100|[silent]\n|-ability|p2b: Terapagos|Teraform Zero\n|-fieldend|move: Grassy Terrain\n|move|p1a: Miraidon|Protect|p1a: Miraidon\n|-singleturn|p1a: Miraidon|Protect\n|move|p2a: Rillaboom|Fake Out|p1b: Landorus\n|-damage|p1b: Landorus|24/100\n|cant|p1b: Landorus|flinch\n|move|p2b: Terapagos|Tera Starstorm|p1b: Landorus|[spread] p1b\n|-activate|p1a: Miraidon|move: Protect\n|-damage|p1b: Landorus|0 fnt\n|faint|p1b: Landorus\n|\n|upkeep\n|turn|7\n|j| Pepinopequeno\n|-message|Snowsquall brute forfeited.\n|\n|win|Polar721\n|raw|Snowsquall brute's rating: 1503 &rarr; <strong>1484</strong><br />(-19 for losing)\n|raw|Polar721's rating: 1514 &rarr; <strong>1533</strong><br />(+19 for winning)\n|l|\u2606Snowsquall brute\n|player|p1|\n|l|\u2606Polar721\n|player|p2|\n|l| Pepinopequeno\n","uploadtime":1774902057,"views":13,"formatid":"gen9vgc2026regi","rating":1484,"private":0,"password":null}