{"id":"gen9vgc2026regi-2567296323","format":"[Gen 9] VGC 2026 Reg I","players":["tinman1025","D4RKEVA"],"log":"|j|\u2606tinman1025\n|j|\u2606D4RKEVA\n|t:|1774464000\n|gametype|doubles\n|player|p1|tinman1025|265|1370\n|player|p2|D4RKEVA|1|1437\n|gen|9\n|tier|[Gen 9] VGC 2026 Reg I\n|rated|\n|rule|Species Clause: Limit one of each Pok\u00e9mon\n|rule|Item Clause: Limit 1 of each item\n|clearpoke\n|poke|p1|Eternatus, L50|\n|poke|p1|Glimmora, L50, M|\n|poke|p1|Lunala, L50|\n|poke|p1|Amoonguss, L50, F|\n|poke|p1|Ting-Lu, L50|\n|poke|p1|Ogerpon-Wellspring, L50, F|\n|poke|p2|Lunala, L50|\n|poke|p2|Koraidon, L50|\n|poke|p2|Flutter Mane, L50|\n|poke|p2|Brute Bonnet, L50|\n|poke|p2|Chi-Yu, L50|\n|poke|p2|Ursaluna, L50, F|\n|teampreview|4\n|inactive|Battle timer is ON: inactive players will automatically lose when time's up. (requested by D4RKEVA)\nD4RKEVA rejected open team sheets.\n|inactive|D4RKEVA has 60 seconds left.\n|\n|t:|1774464037\n|teamsize|p1|4\n|teamsize|p2|4\n|start\n|switch|p1a: Eternatus|Eternatus, L50|100/100\n|switch|p1b: Glimmora|Glimmora, L50, M|100/100\n|switch|p2a: Flutter Mane|Flutter Mane, L50|100/100\n|switch|p2b: Clydeon|Koraidon, L50|100/100\n|-weather|SunnyDay|[from] ability: Orichalcum Pulse|[of] p2b: Clydeon\n|-activate|p2a: Flutter Mane|ability: Protosynthesis\n|-start|p2a: Flutter Mane|protosynthesisspe\n|-activate|p2b: Clydeon|Orichalcum Pulse|[source]\n|-ability|p1a: Eternatus|Pressure\n|turn|1\n|inactive|D4RKEVA has 30 seconds left.\n|\n|t:|1774464072\n|move|p2b: Clydeon|Protect|p2b: Clydeon\n|-singleturn|p2b: Clydeon|Protect\n|move|p1a: Eternatus|Protect|p1a: Eternatus\n|-singleturn|p1a: Eternatus|Protect\n|move|p2a: Flutter Mane|Shadow Ball|p1a: Eternatus\n|-activate|p1a: Eternatus|move: Protect\n|move|p1b: Glimmora|Mortal Spin|p2b: Clydeon|[spread] p2a\n|-activate|p2b: Clydeon|move: Protect\n|-damage|p2a: Flutter Mane|91/100\n|-status|p2a: Flutter Mane|psn\n|\n|-weather|SunnyDay|[upkeep]\n|-damage|p2a: Flutter Mane|78/100 psn|[from] psn\n|upkeep\n|turn|2\n|\n|t:|1774464091\n|move|p2a: Flutter Mane|Shadow Ball|p1b: Glimmora\n|-damage|p1b: Glimmora|38/100\n|-unboost|p1b: Glimmora|spd|1\n|move|p2b: Clydeon|Close Combat|p1b: Glimmora\n|-damage|p1b: Glimmora|0 fnt\n|-unboost|p2b: Clydeon|def|1\n|-unboost|p2b: Clydeon|spd|1\n|-activate|p1b: Glimmora|ability: Toxic Debris\n|-sidestart|p2: D4RKEVA|move: Toxic Spikes\n|faint|p1b: Glimmora\n|-damage|p2b: Clydeon|91/100|[from] item: Life Orb\n|move|p1a: Eternatus|Cosmic Power|p1a: Eternatus\n|-boost|p1a: Eternatus|def|1\n|-boost|p1a: Eternatus|spd|1\n|\n|-weather|SunnyDay|[upkeep]\n|-damage|p2a: Flutter Mane|66/100 psn|[from] psn\n|upkeep\n|\n|t:|1774464100\n|switch|p1b: Ogerpon|Ogerpon-Wellspring, L50, F|100/100\n|turn|3\n|inactive|D4RKEVA has 30 seconds left.\n|\n|t:|1774464130\n|move|p2a: Flutter Mane|Moonblast|p1b: Ogerpon\n|-damage|p1b: Ogerpon|52/100\n|-unboost|p1b: Ogerpon|spa|1\n|move|p2b: Clydeon|Close Combat|p1b: Ogerpon\n|-damage|p1b: Ogerpon|0 fnt\n|-unboost|p2b: Clydeon|def|1\n|-unboost|p2b: Clydeon|spd|1\n|faint|p1b: Ogerpon\n|-damage|p2b: Clydeon|81/100|[from] item: Life Orb\n|move|p1a: Eternatus|Cosmic Power|p1a: Eternatus\n|-boost|p1a: Eternatus|def|1\n|-boost|p1a: Eternatus|spd|1\n|\n|-weather|SunnyDay|[upkeep]\n|-damage|p2a: Flutter Mane|54/100 psn|[from] psn\n|upkeep\n|\n|t:|1774464136\n|switch|p1b: Lunala|Lunala, L50|100/100\n|turn|4\n|\n|t:|1774464324\n|-terastallize|p2b: Clydeon|Fire\n|-terastallize|p1b: Lunala|Fairy\n|move|p2a: Flutter Mane|Shadow Ball|p1b: Lunala\n|-damage|p1b: Lunala|86/100\n|move|p2b: Clydeon|Flare Blitz|p1b: Lunala\n|-damage|p1b: Lunala|0 fnt\n|faint|p1b: Lunala\n|-damage|p2b: Clydeon|42/100|[from] Recoil\n|-damage|p2b: Clydeon|32/100|[from] item: Life Orb\n|move|p1a: Eternatus|Fire Spin|p2a: Flutter Mane\n|-damage|p2a: Flutter Mane|36/100 psn\n|-activate|p2a: Flutter Mane|move: Fire Spin|[of] p1a: Eternatus\n|\n|-weather|SunnyDay|[upkeep]\n|-damage|p2a: Flutter Mane|23/100 psn|[from] psn\n|-damage|p2a: Flutter Mane|7/100 psn|[from] move: Fire Spin|[partiallytrapped]\n|upkeep\n|turn|5\n|l|\u2606tinman1025\n|inactive|tinman1025 disconnected and has a minute to reconnect!\n|player|p1|\n|inactiveoff|Battle timer is now OFF.\n|inactive|Battle timer is ON: inactive players will automatically lose when time's up. (requested by D4RKEVA)\n|inactive|tinman1025 has 30 seconds left.\n|inactive|tinman1025 has 20 seconds left.\n|inactive|tinman1025 has 15 seconds left.\n|inactive|tinman1025 has 10 seconds left.\n|inactive|tinman1025 has 5 seconds left.\n|-message|tinman1025 lost due to inactivity.\n|\n|win|D4RKEVA\n|raw|tinman1025's rating: 1370 &rarr; <strong>1354</strong><br />(-16 for losing)\n|raw|D4RKEVA's rating: 1437 &rarr; <strong>1453</strong><br />(+16 for winning)\n","uploadtime":1774464437,"views":284,"formatid":"gen9vgc2026regi","rating":1354,"private":0,"password":null}