{"id":"gen9vgc2026regi-2561266590","format":"[Gen 9] VGC 2026 Reg I","players":["ClubSandwichBread","slimeslatt252"],"log":"|j|\u2606ClubSandwichBread\n|j|\u2606slimeslatt252\n|t:|1773778745\n|gametype|doubles\n|player|p1|ClubSandwichBread|swimmer-gen4dp|1329\n|player|p2|slimeslatt252|170|1460\n|gen|9\n|tier|[Gen 9] VGC 2026 Reg I\n|rated|\n|rule|Species Clause: Limit one of each Pok\u00e9mon\n|rule|Item Clause: Limit 1 of each item\n|clearpoke\n|poke|p1|Giratina-Origin, L50|\n|poke|p1|Kyogre, L50|\n|poke|p1|Landorus, L50, M|\n|poke|p1|Slowbro, L50, F|\n|poke|p1|Whimsicott, L50, F|\n|poke|p1|Chien-Pao, L50|\n|poke|p2|Calyrex-Shadow, L50|\n|poke|p2|Koraidon, L50|\n|poke|p2|Raging Bolt, L50|\n|poke|p2|Incineroar, L50, M|\n|poke|p2|Landorus, L50, M|\n|poke|p2|Brute Bonnet, L50|\n|teampreview|4\n|inactive|Battle timer is ON: inactive players will automatically lose when time's up. (requested by slimeslatt252)\n|inactive|ClubSandwichBread also wants the timer to be on.\n|inactive|ClubSandwichBread has 60 seconds left.\n|\n|t:|1773778794\n|teamsize|p1|4\n|teamsize|p2|4\n|start\n|switch|p1a: Kyogre|Kyogre, L50|100/100\n|switch|p1b: Whimsicott|Whimsicott, L50, F|100/100\n|switch|p2a: Calyrex|Calyrex-Shadow, L50|100/100\n|switch|p2b: raging dingus|Raging Bolt, L50|100/100\n|-ability|p2a: Calyrex|As One\n|-ability|p2a: Calyrex|Unnerve\n|-weather|RainDance|[from] ability: Drizzle|[of] p1a: Kyogre\n|turn|1\n|\n|t:|1773778813\n|-end|p2b: raging dingus|Protosynthesis|[silent]\n|switch|p2b: Koraidon|Koraidon, L50|100/100\n|-weather|SunnyDay|[from] ability: Orichalcum Pulse|[of] p2b: Koraidon\n|-activate|p2b: Koraidon|Orichalcum Pulse|[source]\n|-terastallize|p2a: Calyrex|Ghost\n|move|p1a: Kyogre|Protect|p1a: Kyogre\n|-singleturn|p1a: Kyogre|Protect\n|move|p1b: Whimsicott|Tailwind|p1b: Whimsicott\n|-sidestart|p1: ClubSandwichBread|move: Tailwind\n|move|p2a: Calyrex|Astral Barrage|p1b: Whimsicott|[spread] p1b\n|-activate|p1a: Kyogre|move: Protect\n|-damage|p1b: Whimsicott|12/100\n|\n|-weather|SunnyDay|[upkeep]\n|upkeep\n|turn|2\n|inactive|ClubSandwichBread has 30 seconds left.\n|\n|t:|1773778843\n|switch|p2b: Brute Bonnet|Brute Bonnet, L50|100/100\n|-activate|p2b: Brute Bonnet|ability: Protosynthesis\n|-start|p2b: Brute Bonnet|protosynthesisdef\n|move|p1b: Whimsicott|Fake Tears|p2a: Calyrex\n|-unboost|p2a: Calyrex|spd|2\n|move|p1a: Kyogre|Water Spout|p2a: Calyrex|[spread] p2a,p2b\n|-resisted|p2b: Brute Bonnet\n|-damage|p2a: Calyrex|17/100\n|-damage|p2b: Brute Bonnet|84/100\n|move|p2a: Calyrex|Astral Barrage|p1b: Whimsicott|[spread] p1a,p1b\n|-damage|p1a: Kyogre|43/100\n|-damage|p1b: Whimsicott|0 fnt\n|faint|p1b: Whimsicott\n|-ability|p2a: Calyrex|Grim Neigh|boost\n|-boost|p2a: Calyrex|spa|1\n|\n|-weather|SunnyDay|[upkeep]\n|upkeep\n|\n|t:|1773778858\n|switch|p1b: Landorus|Landorus, L50, M|100/100\n|turn|3\n|\n|t:|1773778873\n|move|p2a: Calyrex|Protect|p2a: Calyrex\n|-singleturn|p2a: Calyrex|Protect\n|move|p1b: Landorus|Sludge Bomb|p2b: Brute Bonnet\n|-supereffective|p2b: Brute Bonnet\n|-damage|p2b: Brute Bonnet|1/100\n|move|p1a: Kyogre|Origin Pulse|p2a: Calyrex|[spread] p2b\n|-activate|p2a: Calyrex|move: Protect\n|-resisted|p2b: Brute Bonnet\n|-damage|p2b: Brute Bonnet|0 fnt\n|faint|p2b: Brute Bonnet\n|-end|p2b: Brute Bonnet|Protosynthesis|[silent]\n|\n|-weather|SunnyDay|[upkeep]\n|upkeep\n|\n|t:|1773778893\n|switch|p2b: raging dingus|Raging Bolt, L50|100/100\n|-activate|p2b: raging dingus|ability: Protosynthesis\n|-start|p2b: raging dingus|protosynthesisspa\n|turn|4\n|\n|t:|1773778916\n|switch|p1a: Chien-Pao|Chien-Pao, L50|100/100\n|-ability|p1a: Chien-Pao|Sword of Ruin\n|switch|p2a: Koraidon|Koraidon, L50|100/100\n|-activate|p2a: Koraidon|ability: Orichalcum Pulse\n|move|p1b: Landorus|Sandsear Storm|p2a: Koraidon|[spread] p2a,p2b\n|-supereffective|p2b: raging dingus\n|-damage|p2a: Koraidon|42/100\n|-damage|p2b: raging dingus|29/100\n|move|p2b: raging dingus|Thunderbolt|p1a: Chien-Pao\n|-enditem|p1a: Chien-Pao|Focus Sash\n|-damage|p1a: Chien-Pao|1/100\n|\n|-weather|SunnyDay|[upkeep]\n|-sideend|p1: ClubSandwichBread|move: Tailwind\n|upkeep\n|turn|5\n|inactive|ClubSandwichBread has 30 seconds left.\n|\n|t:|1773778944\n|switch|p1a: Kyogre|Kyogre, L50|43/100\n|-weather|RainDance|[from] ability: Drizzle|[of] p1a: Kyogre\n|-end|p2b: raging dingus|Protosynthesis\n|move|p2b: raging dingus|Thunderclap||[still]\n|-fail|p2b: raging dingus\n|move|p2a: Koraidon|Flare Blitz|p1b: Landorus\n|-damage|p1b: Landorus|80/100\n|-damage|p2a: Koraidon|35/100|[from] Recoil\n|move|p1b: Landorus|Sandsear Storm|p2a: Koraidon|[spread] p2a,p2b\n|-supereffective|p2b: raging dingus\n|-damage|p2a: Koraidon|0 fnt\n|-damage|p2b: raging dingus|0 fnt\n|faint|p2a: Koraidon\n|faint|p2b: raging dingus\n|-end|p2b: raging dingus|Protosynthesis|[silent]\n|\n|-weather|RainDance|[upkeep]\n|upkeep\n|\n|t:|1773778948\n|switch|p2b: Calyrex|Calyrex-Shadow, L50, tera:Ghost|17/100\n|-ability|p2b: Calyrex|As One\n|-ability|p2b: Calyrex|Unnerve\n|turn|6\n|inactive|ClubSandwichBread has 30 seconds left.\n|\n|t:|1773778974\n|move|p2b: Calyrex|Astral Barrage|p1b: Landorus|[spread] p1a,p1b\n|-damage|p1a: Kyogre|0 fnt\n|-damage|p1b: Landorus|0 fnt\n|faint|p1a: Kyogre\n|faint|p1b: Landorus\n|-ability|p2b: Calyrex|Grim Neigh|boost\n|-boost|p2b: Calyrex|spa|2\n|\n|-weather|RainDance|[upkeep]\n|upkeep\n|\n|t:|1773778983\n|switch|p1a: Chien-Pao|Chien-Pao, L50|1/100\n|-ability|p1a: Chien-Pao|Sword of Ruin\n|turn|7\n|\n|t:|1773778995\n|move|p2b: Calyrex|Protect|p2b: Calyrex\n|-singleturn|p2b: Calyrex|Protect\n|move|p1a: Chien-Pao|Protect||[still]\n|-fail|p1a: Chien-Pao\n|\n|-weather|RainDance|[upkeep]\n|upkeep\n|turn|8\n|\n|t:|1773779003\n|move|p1a: Chien-Pao|Sucker Punch||[still]\n|-fail|p1a: Chien-Pao\n|move|p2b: Calyrex|Encore|p1a: Chien-Pao\n|-start|p1a: Chien-Pao|Encore\n|\n|-weather|RainDance|[upkeep]\n|upkeep\n|turn|9\n|\n|t:|1773779015\n|move|p2b: Calyrex|Protect|p2b: Calyrex\n|-singleturn|p2b: Calyrex|Protect\n|move|p1a: Chien-Pao|Sucker Punch||[still]\n|-fail|p1a: Chien-Pao\n|\n|-weather|none\n|upkeep\n|turn|10\n|\n|t:|1773779027\n|move|p2b: Calyrex|Protect||[still]\n|-fail|p2b: Calyrex\n|move|p1a: Chien-Pao|Sucker Punch||[still]\n|-fail|p1a: Chien-Pao\n|\n|upkeep\n|turn|11\n|\n|t:|1773779036\n|move|p2b: Calyrex|Protect|p2b: Calyrex\n|-singleturn|p2b: Calyrex|Protect\n|move|p1a: Chien-Pao|Sucker Punch||[still]\n|-fail|p1a: Chien-Pao\n|\n|-end|p1a: Chien-Pao|Encore\n|upkeep\n|turn|12\n|\n|t:|1773779055\n|move|p1a: Chien-Pao|Protect|p1a: Chien-Pao\n|-singleturn|p1a: Chien-Pao|Protect\n|move|p2b: Calyrex|Encore|p1a: Chien-Pao\n|-activate|p1a: Chien-Pao|move: Protect\n|\n|upkeep\n|turn|13\n|\n|t:|1773779062\n|move|p1a: Chien-Pao|Sucker Punch||[still]\n|-fail|p1a: Chien-Pao\n|move|p2b: Calyrex|Encore|p1a: Chien-Pao\n|-start|p1a: Chien-Pao|Encore\n|\n|upkeep\n|turn|14\n|\n|t:|1773779070\n|move|p2b: Calyrex|Protect|p2b: Calyrex\n|-singleturn|p2b: Calyrex|Protect\n|move|p1a: Chien-Pao|Sucker Punch||[still]\n|-fail|p1a: Chien-Pao\n|\n|upkeep\n|turn|15\n|\n|t:|1773779079\n|move|p2b: Calyrex|Protect||[still]\n|-fail|p2b: Calyrex\n|move|p1a: Chien-Pao|Sucker Punch||[still]\n|-fail|p1a: Chien-Pao\n|\n|upkeep\n|turn|16\n|\n|t:|1773779086\n|move|p2b: Calyrex|Protect|p2b: Calyrex\n|-singleturn|p2b: Calyrex|Protect\n|move|p1a: Chien-Pao|Sucker Punch||[still]\n|-fail|p1a: Chien-Pao\n|\n|-end|p1a: Chien-Pao|Encore\n|upkeep\n|turn|17\n|\n|t:|1773779093\n|move|p2b: Calyrex|Astral Barrage|p1a: Chien-Pao\n|-resisted|p1a: Chien-Pao\n|-damage|p1a: Chien-Pao|0 fnt\n|faint|p1a: Chien-Pao\n|\n|win|slimeslatt252\n|raw|ClubSandwichBread's rating: 1329 &rarr; <strong>1316</strong><br />(-13 for losing)\n|raw|slimeslatt252's rating: 1460 &rarr; <strong>1473</strong><br />(+13 for winning)\n|c|\u2606slimeslatt252|gg\n","uploadtime":1773779104,"views":26,"formatid":"gen9vgc2026regi","rating":1316,"private":0,"password":null}