{"id":"gen9vgc2026regi-2518134163","format":"[Gen 9] VGC 2026 Reg I","players":["alexit93","Like a Fish"],"log":"|j|\u2606alexit93\n|j|\u2606Like a Fish\n|t:|1768345809\n|gametype|doubles\n|player|p1|alexit93|lucas-gen4pt|1195\n|player|p2|Like a Fish|n|1337\n|gen|9\n|tier|[Gen 9] VGC 2026 Reg I\n|rated|\n|rule|Species Clause: Limit one of each Pok\u00e9mon\n|rule|Item Clause: Limit 1 of each item\n|clearpoke\n|poke|p1|Zamazenta-*, L50|\n|poke|p1|Riolu, L50, F|\n|poke|p1|Calyrex-Ice, L50|\n|poke|p1|Rillaboom, L50, F|\n|poke|p1|Incineroar, L50, F|\n|poke|p1|Urshifu-*, L50, M|\n|poke|p2|Miraidon, L50|\n|poke|p2|Groudon, L50|\n|poke|p2|Incineroar, L50, F|\n|poke|p2|Electivire, L50, F|\n|poke|p2|Wo-Chien, L50|\n|poke|p2|Oranguru, L50, M|\n|teampreview|4\n|inactive|Battle timer is ON: inactive players will automatically lose when time's up. (requested by Like a Fish)\n|inactive|alexit93 has 60 seconds left.\n|inactive|alexit93 has 30 seconds left.\n|inactive|alexit93 has 20 seconds left.\n|inactive|alexit93 has 15 seconds left.\n|inactive|alexit93 has 10 seconds left.\n|inactive|alexit93 has 5 seconds left.\n|\n|t:|1768345900\n|teamsize|p1|4\n|teamsize|p2|4\n|start\n|switch|p1a: Zamazenta|Zamazenta-Crowned, L50, shiny|100/100\n|switch|p1b: Riolu|Riolu, L50, F|100/100\n|switch|p2a: Miraidon|Miraidon, L50|100/100\n|switch|p2b: Oranguru|Oranguru, L50, M|100/100\n|-fieldstart|move: Electric Terrain|[from] ability: Hadron Engine|[of] p2a: Miraidon\n|-enditem|p2a: Miraidon|Electric Seed\n|-boost|p2a: Miraidon|def|1|[from] item: Electric Seed\n|-activate|p2b: Oranguru|ability: Symbiosis|Covert Cloak|[of] p2a: Miraidon\n|-ability|p1a: Zamazenta|Dauntless Shield|boost\n|-boost|p1a: Zamazenta|def|1\n|turn|1\n|inactive|alexit93 has 30 seconds left.\n|inactive|alexit93 has 20 seconds left.\n|inactive|alexit93 has 15 seconds left.\n|inactive|alexit93 has 10 seconds left.\n|inactive|alexit93 has 5 seconds left.\n|\n|t:|1768345955\n|move|p1b: Riolu|Feint|p2b: Oranguru\n|-damage|p2b: Oranguru|96/100\n|move|p2a: Miraidon|Calm Mind|p2a: Miraidon\n|-boost|p2a: Miraidon|spa|1\n|-boost|p2a: Miraidon|spd|1\n|move|p1a: Zamazenta|Body Press|p2b: Oranguru\n|-crit|p2b: Oranguru\n|-damage|p2b: Oranguru|20/100\n|move|p2b: Oranguru|Instruct|p2a: Miraidon\n|-singleturn|p2a: Miraidon|move: Instruct|[of] p2b: Oranguru\n|move|p2a: Miraidon|Calm Mind|p2a: Miraidon\n|-boost|p2a: Miraidon|spa|1\n|-boost|p2a: Miraidon|spd|1\n|\n|upkeep\n|turn|2\n|inactive|alexit93 has 30 seconds left.\n|inactive|Like a Fish has 30 seconds left.\n|inactive|alexit93 has 20 seconds left.\n|inactive|alexit93 has 15 seconds left.\n|inactive|alexit93 has 10 seconds left.\n|\n|t:|1768346001\n|switch|p1b: Rillaboom|Rillaboom, L50, F|100/100\n|-fieldstart|move: Grassy Terrain|[from] ability: Grassy Surge|[of] p1b: Rillaboom\n|move|p1a: Zamazenta|Protect|p1a: Zamazenta\n|-singleturn|p1a: Zamazenta|Protect\n|move|p2a: Miraidon|Calm Mind|p2a: Miraidon\n|-boost|p2a: Miraidon|spa|1\n|-boost|p2a: Miraidon|spd|1\n|move|p2b: Oranguru|Instruct|p2a: Miraidon\n|-singleturn|p2a: Miraidon|move: Instruct|[of] p2b: Oranguru\n|move|p2a: Miraidon|Calm Mind|p2a: Miraidon\n|-boost|p2a: Miraidon|spa|1\n|-boost|p2a: Miraidon|spd|1\n|\n|-heal|p2b: Oranguru|26/100|[from] Grassy Terrain\n|upkeep\n|turn|3\n|\n|t:|1768346017\n|move|p1b: Rillaboom|Fake Out|p2a: Miraidon\n|-damage|p2a: Miraidon|91/100\n|move|p2a: Miraidon|Parabolic Charge|p1b: Rillaboom|[spread] p2b,p1a,p1b\n|-resisted|p1b: Rillaboom\n|-damage|p2b: Oranguru|0 fnt\n|-heal|p2a: Miraidon|100/100|[from] drain|[of] p2b: Oranguru\n|-damage|p1a: Zamazenta|46/100\n|-damage|p1b: Rillaboom|75/100\n|faint|p2b: Oranguru\n|move|p1a: Zamazenta|Body Press|p2a: Miraidon\n|-damage|p2a: Miraidon|59/100\n|\n|-heal|p2a: Miraidon|65/100|[from] Grassy Terrain\n|-heal|p1a: Zamazenta|52/100|[from] Grassy Terrain\n|-heal|p1b: Rillaboom|80/100|[from] Grassy Terrain\n|upkeep\n|\n|t:|1768346034\n|switch|p2b: Electivire|Electivire, L50, F|100/100\n|turn|4\n|\n|t:|1768346039\n|-terastallize|p2a: Miraidon|Electric\n|move|p1a: Zamazenta|Wide Guard|p1a: Zamazenta\n|-singleturn|p1a: Zamazenta|Wide Guard\n|move|p2b: Electivire|Follow Me|p2b: Electivire\n|-singleturn|p2b: Electivire|move: Follow Me\n|move|p2a: Miraidon|Parabolic Charge|p1a: Zamazenta|[spread] \n|-activate|p1a: Zamazenta|move: Wide Guard\n|-activate|p1b: Rillaboom|move: Wide Guard\n|-ability|p2b: Electivire|Motor Drive|boost\n|-boost|p2b: Electivire|spe|1\n|move|p1b: Rillaboom|U-turn|p2b: Electivire\n|-damage|p2b: Electivire|79/100\n|-damage|p1b: Rillaboom|64/100|[from] item: Rocky Helmet|[of] p2b: Electivire\n|\n|t:|1768346042\n|switch|p1b: Calyrex|Calyrex-Ice, L50|100/100|[from] U-turn\n|-ability|p1b: Calyrex|As One\n|-ability|p1b: Calyrex|Unnerve\n|\n|-heal|p2a: Miraidon|71/100|[from] Grassy Terrain\n|-heal|p1a: Zamazenta|58/100|[from] Grassy Terrain\n|-heal|p2b: Electivire|85/100|[from] Grassy Terrain\n|upkeep\n|turn|5\n|\n|t:|1768346056\n|-terastallize|p1b: Calyrex|Ground\n|move|p1a: Zamazenta|Wide Guard|p1a: Zamazenta\n|-singleturn|p1a: Zamazenta|Wide Guard\n|move|p2b: Electivire|Feint|p1a: Zamazenta\n|-activate|p1a: Zamazenta|move: Feint\n|-resisted|p1a: Zamazenta\n|-damage|p1a: Zamazenta|56/100\n|move|p2a: Miraidon|Parabolic Charge|p1b: Calyrex|[spread] p1a\n|-ability|p2b: Electivire|Motor Drive|boost\n|-boost|p2b: Electivire|spe|1\n|-immune|p1b: Calyrex\n|-damage|p1a: Zamazenta|0 fnt\n|-heal|p2a: Miraidon|94/100|[from] drain|[of] p1a: Zamazenta\n|faint|p1a: Zamazenta\n|move|p1b: Calyrex|Trick Room|p1b: Calyrex\n|-fieldstart|move: Trick Room|[of] p1b: Calyrex\n|\n|-heal|p2a: Miraidon|99/100|[from] Grassy Terrain\n|-heal|p2b: Electivire|91/100|[from] Grassy Terrain\n|upkeep\n|\n|t:|1768346066\n|switch|p1a: Riolu|Riolu, L50, F|100/100\n|turn|6\n|inactive|Like a Fish has 30 seconds left.\n|\n|t:|1768346092\n|move|p2a: Miraidon|Protect|p2a: Miraidon\n|-singleturn|p2a: Miraidon|Protect\n|move|p1a: Riolu|Coaching|p1b: Calyrex\n|-boost|p1b: Calyrex|atk|1\n|-boost|p1b: Calyrex|def|1\n|move|p1b: Calyrex|High Horsepower|p2a: Miraidon\n|-activate|p2a: Miraidon|move: Protect\n|move|p2b: Electivire|Electroweb|p1b: Calyrex|[spread] p1a\n|-immune|p1b: Calyrex\n|-damage|p1a: Riolu|86/100\n|-unboost|p1a: Riolu|spe|1\n|\n|-heal|p1a: Riolu|92/100|[from] Grassy Terrain\n|-heal|p2a: Miraidon|100/100|[from] Grassy Terrain\n|-heal|p2b: Electivire|97/100|[from] Grassy Terrain\n|-fieldend|move: Grassy Terrain\n|upkeep\n|turn|7\n|\n|t:|1768346110\n|move|p2b: Electivire|Follow Me|p2b: Electivire\n|-singleturn|p2b: Electivire|move: Follow Me\n|move|p1a: Riolu|Coaching|p1b: Calyrex\n|-boost|p1b: Calyrex|atk|1\n|-boost|p1b: Calyrex|def|1\n|move|p1b: Calyrex|Glacial Lance|p2b: Electivire|[spread] p2a,p2b\n|-crit|p2a: Miraidon\n|-crit|p2b: Electivire\n|-damage|p2a: Miraidon|0 fnt\n|-damage|p2b: Electivire|0 fnt\n|faint|p2a: Miraidon\n|faint|p2b: Electivire\n|-ability|p1b: Calyrex|Chilling Neigh|boost\n|-boost|p1b: Calyrex|atk|2\n|\n|upkeep\n|\n|t:|1768346122\n|switch|p2a: Groudon|Groudon, L50|100/100\n|-weather|SunnyDay|[from] ability: Drought|[of] p2a: Groudon\n|turn|8\n|\n|t:|1768346131\n|move|p2a: Groudon|Protect|p2a: Groudon\n|-singleturn|p2a: Groudon|Protect\n|move|p1a: Riolu|Coaching|p1b: Calyrex\n|-boost|p1b: Calyrex|atk|1\n|-boost|p1b: Calyrex|def|1\n|move|p1b: Calyrex|Glacial Lance|p2a: Groudon\n|-activate|p2a: Groudon|move: Protect\n|\n|-weather|SunnyDay|[upkeep]\n|upkeep\n|turn|9\n|\n|t:|1768346135\n|move|p2a: Groudon|Protect|p2a: Groudon\n|-singleturn|p2a: Groudon|Protect\n|move|p1a: Riolu|Rain Dance|p1a: Riolu\n|-weather|RainDance\n|move|p1b: Calyrex|Glacial Lance|p2a: Groudon\n|-activate|p2a: Groudon|move: Protect\n|\n|-weather|RainDance|[upkeep]\n|-fieldend|move: Trick Room\n|upkeep\n|turn|10\n|\n|t:|1768346156\n|move|p2a: Groudon|Protect||[still]\n|-fail|p2a: Groudon\n|move|p1a: Riolu|Coaching|p1b: Calyrex\n|-boost|p1b: Calyrex|atk|1\n|-boost|p1b: Calyrex|def|1\n|move|p1b: Calyrex|Glacial Lance|p2a: Groudon\n|-supereffective|p2a: Groudon\n|-damage|p2a: Groudon|0 fnt\n|faint|p2a: Groudon\n|\n|win|alexit93\n|raw|alexit93's rating: 1195 &rarr; <strong>1230</strong><br />(+35 for winning)\n|raw|Like a Fish's rating: 1337 &rarr; <strong>1309</strong><br />(-28 for losing)\n|l|\u2606Like a Fish\n|player|p2|\n|l|\u2606alexit93\n|player|p1|\n","uploadtime":1768346529,"views":14,"formatid":"gen9vgc2026regi","rating":1230,"private":0,"password":null}