{"id":"gen9vgc2026regi-2581046866","format":"[Gen 9] VGC 2026 Reg I","players":["DemonPingu","kyoshi4"],"log":"|j|\u2606DemonPingu\n|j|\u2606kyoshi4\n|t:|1775954858\n|gametype|doubles\n|player|p1|DemonPingu|fisherman-gen4|1359\n|player|p2|kyoshi4|cynthia-gen4|1380\n|gen|9\n|tier|[Gen 9] VGC 2026 Reg I\n|rated|\n|rule|Species Clause: Limit one of each Pok\u00e9mon\n|rule|Item Clause: Limit 1 of each item\n|clearpoke\n|poke|p1|Farigiraf, L50, M|\n|poke|p1|Grimmsnarl, L50, M|\n|poke|p1|Incineroar, L50, F|\n|poke|p1|Urshifu-*, L50, M|\n|poke|p1|Miraidon, L50|\n|poke|p1|Calyrex-Ice, L50|\n|poke|p2|Kyogre, L50|\n|poke|p2|Iron Jugulis, L50|\n|poke|p2|Zamazenta-*, L50|\n|poke|p2|Chien-Pao, L50|\n|poke|p2|Landorus, L50, M|\n|poke|p2|Amoonguss, L50, M|\n|teampreview|4\n|inactive|Battle timer is ON: inactive players will automatically lose when time's up. (requested by kyoshi4)\n|\n|t:|1775954881\n|teamsize|p1|4\n|teamsize|p2|4\n|start\n|switch|p1a: piss merchant|Incineroar, L50, F|100/100\n|switch|p1b: Urshifu|Urshifu, L50, M|100/100\n|switch|p2a: Amoonguss|Amoonguss, L50, M|100/100\n|switch|p2b: Kyogre|Kyogre, L50|100/100\n|-weather|RainDance|[from] ability: Drizzle|[of] p2b: Kyogre\n|-ability|p1a: piss merchant|Intimidate|boost\n|-unboost|p2a: Amoonguss|atk|1\n|-unboost|p2b: Kyogre|atk|1\n|turn|1\n|inactive|DemonPingu has 30 seconds left.\n|\n|t:|1775954908\n|-terastallize|p1a: piss merchant|Grass\n|move|p1b: Urshifu|Protect|p1b: Urshifu\n|-singleturn|p1b: Urshifu|Protect\n|move|p2a: Amoonguss|Rage Powder|p2a: Amoonguss\n|-singleturn|p2a: Amoonguss|move: Rage Powder\n|move|p2b: Kyogre|Water Spout|p1b: Urshifu|[spread] p1a\n|-activate|p1b: Urshifu|move: Protect\n|-resisted|p1a: piss merchant\n|-damage|p1a: piss merchant|50/100\n|move|p1a: piss merchant|Parting Shot|p2b: Kyogre\n|-unboost|p2b: Kyogre|atk|1\n|-unboost|p2b: Kyogre|spa|1\n|\n|t:|1775954927\n|switch|p1a: Kyogre stopper|Miraidon, L50|100/100|[from] Parting Shot\n|-fieldstart|move: Electric Terrain|[from] ability: Hadron Engine|[of] p1a: Kyogre stopper\n|\n|-weather|RainDance|[upkeep]\n|upkeep\n|turn|2\n|\n|t:|1775954942\n|move|p2a: Amoonguss|Rage Powder|p2a: Amoonguss\n|-singleturn|p2a: Amoonguss|move: Rage Powder\n|move|p1a: Kyogre stopper|Snarl|p2a: Amoonguss|[spread] p2a\n|-miss|p1a: Kyogre stopper|p2b: Kyogre\n|-damage|p2a: Amoonguss|82/100\n|-unboost|p2a: Amoonguss|spa|1\n|move|p2b: Kyogre|Water Spout|p1a: Kyogre stopper|[spread] p1a,p1b\n|-resisted|p1a: Kyogre stopper\n|-damage|p1a: Kyogre stopper|79/100\n|-enditem|p1b: Urshifu|Focus Sash\n|-damage|p1b: Urshifu|1/100\n|move|p1b: Urshifu|Wicked Blow|p2a: Amoonguss\n|-crit|p2a: Amoonguss\n|-damage|p2a: Amoonguss|34/100\n|-damage|p1b: Urshifu|0 fnt|[from] item: Rocky Helmet|[of] p2a: Amoonguss\n|faint|p1b: Urshifu\n|\n|-weather|RainDance|[upkeep]\n|upkeep\n|\n|t:|1775954958\n|switch|p1b: stallstallstall|Grimmsnarl, L50, M|100/100\n|turn|3\n|\n|t:|1775954968\n|move|p2a: Amoonguss|Rage Powder|p2a: Amoonguss\n|-singleturn|p2a: Amoonguss|move: Rage Powder\n|move|p1b: stallstallstall|Light Screen|p1b: stallstallstall\n|-sidestart|p1: DemonPingu|move: Light Screen\n|move|p1a: Kyogre stopper|Snarl|p2a: Amoonguss|[spread] p2a,p2b\n|-damage|p2a: Amoonguss|12/100\n|-damage|p2b: Kyogre|84/100\n|-unboost|p2a: Amoonguss|spa|1\n|-unboost|p2b: Kyogre|spa|1\n|move|p2b: Kyogre|Water Spout|p1b: stallstallstall|[spread] p1a,p1b\n|-resisted|p1a: Kyogre stopper\n|-damage|p1a: Kyogre stopper|69/100\n|-damage|p1b: stallstallstall|75/100\n|\n|-weather|RainDance|[upkeep]\n|upkeep\n|turn|4\n|\n|t:|1775954988\n|switch|p2b: Chien-Pao|Chien-Pao, L50|100/100\n|-ability|p2b: Chien-Pao|Sword of Ruin\n|move|p1b: stallstallstall|Thunder Wave|p2b: Chien-Pao\n|-hint|Since gen 7, Dark is immune to Prankster moves.\n|-immune|p2b: Chien-Pao\n|move|p1a: Kyogre stopper|Snarl|p2b: Chien-Pao|[spread] p2b\n|-miss|p1a: Kyogre stopper|p2a: Amoonguss\n|-resisted|p2b: Chien-Pao\n|-damage|p2b: Chien-Pao|82/100\n|-unboost|p2b: Chien-Pao|spa|1\n|move|p2a: Amoonguss|Pollen Puff|p2b: Chien-Pao\n|-heal|p2b: Chien-Pao|100/100\n|\n|-weather|RainDance|[upkeep]\n|upkeep\n|turn|5\n|inactive|kyoshi4 has 30 seconds left.\n|\n|t:|1775955013\n|switch|p2a: Zamazenta|Zamazenta-Crowned, L50|100/100\n|-ability|p2a: Zamazenta|Dauntless Shield|boost\n|-boost|p2a: Zamazenta|def|1\n|move|p1b: stallstallstall|Reflect|p1b: stallstallstall\n|-sidestart|p1: DemonPingu|Reflect\n|move|p2b: Chien-Pao|Ice Spinner|p1a: Kyogre stopper\n|-supereffective|p1a: Kyogre stopper\n|-damage|p1a: Kyogre stopper|8/100\n|-fieldend|move: Electric Terrain\n|move|p1a: Kyogre stopper|Volt Switch|p2a: Zamazenta\n|-damage|p2a: Zamazenta|75/100\n|\n|t:|1775955024\n|switch|p1a: piss merchant|Incineroar, L50, F, tera:Grass|50/100|[from] Volt Switch\n|-ability|p1a: piss merchant|Intimidate|boost\n|-unboost|p2a: Zamazenta|atk|1\n|-unboost|p2b: Chien-Pao|atk|1\n|\n|-weather|none\n|upkeep\n|turn|6\n|-message|DemonPingu forfeited.\n|\n|win|kyoshi4\n|raw|DemonPingu's rating: 1359 &rarr; <strong>1340</strong><br />(-19 for losing)\n|raw|kyoshi4's rating: 1380 &rarr; <strong>1399</strong><br />(+19 for winning)\n|l|\u2606DemonPingu\n|player|p1|\n","uploadtime":1775955038,"views":192,"formatid":"gen9vgc2026regi","rating":1340,"private":0,"password":null}