{"id":"gen9vgc2026regi-2559192713","format":"[Gen 9] VGC 2026 Reg I","players":["PATRIOTS_VG","pigs2fly"],"log":"|j|\u2606PATRIOTS_VG\n|j|\u2606pigs2fly\n|t:|1773530932\n|gametype|doubles\n|player|p1|PATRIOTS_VG|drayden|1461\n|player|p2|pigs2fly|dexio|1458\n|gen|9\n|tier|[Gen 9] VGC 2026 Reg I\n|rated|\n|rule|Species Clause: Limit one of each Pok\u00e9mon\n|rule|Item Clause: Limit 1 of each item\n|clearpoke\n|poke|p1|Incineroar, L50, F|\n|poke|p1|Sinistcha-Masterpiece, L50|\n|poke|p1|Miraidon, L50|\n|poke|p1|Terapagos, L50, M|\n|poke|p1|Iron Treads, L50|\n|poke|p1|Iron Hands, L50|\n|poke|p2|Annihilape, L50, M|\n|poke|p2|Tornadus, L50, M|\n|poke|p2|Dondozo, L50, M|\n|poke|p2|Tatsugiri, L50, M|\n|poke|p2|Zacian-*, L50|\n|poke|p2|Kyogre, L50|\n|teampreview|4\n|\n|t:|1773530960\n|teamsize|p1|4\n|teamsize|p2|4\n|start\n|switch|p1a: Miraidon|Miraidon, L50|100/100\n|switch|p1b: Iron Hands|Iron Hands, L50|100/100\n|switch|p2a: Zacian|Zacian-Crowned, L50, shiny|100/100\n|switch|p2b: Annihilape|Annihilape, L50, M|100/100\n|-fieldstart|move: Electric Terrain|[from] ability: Hadron Engine|[of] p1a: Miraidon\n|-activate|p1b: Iron Hands|ability: Quark Drive\n|-start|p1b: Iron Hands|quarkdriveatk\n|-ability|p2a: Zacian|Intrepid Sword|boost\n|-boost|p2a: Zacian|atk|1\n|turn|1\n|\n|t:|1773530975\n|move|p1b: Iron Hands|Fake Out|p2a: Zacian\n|-resisted|p2a: Zacian\n|-damage|p2a: Zacian|93/100\n|move|p1a: Miraidon|Electro Drift|p2b: Annihilape\n|-damage|p2b: Annihilape|19/100\n|move|p2b: Annihilape|Final Gambit|p1a: Miraidon\n|-damage|p1a: Miraidon|81/100\n|faint|p2b: Annihilape\n|cant|p2a: Zacian|flinch\n|\n|upkeep\n|\n|t:|1773530984\n|switch|p2b: Dondozo|Dondozo, L50, M|100/100\n|turn|2\n|\n|t:|1773530993\n|switch|p1a: Terapagos|Terapagos, L50, M|100/100\n|-activate|p1a: Terapagos|ability: Tera Shift\n|detailschange|p1a: Terapagos|Terapagos-Terastal, L50, M\n|-heal|p1a: Terapagos|100/100|[silent]\n|-enditem|p1a: Terapagos|Electric Seed\n|-boost|p1a: Terapagos|def|1|[from] item: Electric Seed\n|switch|p2a: Tatsugiri|Tatsugiri, L50, M|100/100\n|-activate|p2a: Tatsugiri|ability: Commander|[of] p2b: Dondozo\n|-boost|p2b: Dondozo|atk|2\n|-boost|p2b: Dondozo|spa|2\n|-boost|p2b: Dondozo|spe|2\n|-boost|p2b: Dondozo|def|2\n|-boost|p2b: Dondozo|spd|2\n|-terastallize|p2b: Dondozo|Grass\n|move|p2b: Dondozo|Earthquake|p1b: Iron Hands|[spread] p1a,p1b\n|-miss|p2b: Dondozo|p2a: Tatsugiri\n|-activate|p1a: Terapagos|ability: Tera Shell\n|-resisted|p1a: Terapagos\n|-supereffective|p1b: Iron Hands\n|-damage|p1a: Terapagos|88/100\n|-damage|p1b: Iron Hands|48/100\n|move|p1b: Iron Hands|Wild Charge|p2b: Dondozo\n|-resisted|p2b: Dondozo\n|-damage|p2b: Dondozo|85/100\n|-damage|p1b: Iron Hands|44/100|[from] Recoil\n|\n|-heal|p2b: Dondozo|91/100|[from] item: Leftovers\n|upkeep\n|turn|3\n|\n|t:|1773531029\n|-end|p1b: Iron Hands|Quark Drive|[silent]\n|switch|p1b: Sinistcha|Sinistcha-Masterpiece, L50|100/100\n|-heal|p1a: Terapagos|100/100|[from] ability: Hospitality|[of] p1b: Sinistcha\n|move|p2b: Dondozo|Earthquake|p1a: Terapagos|[spread] p1a,p1b\n|-miss|p2b: Dondozo|p2a: Tatsugiri\n|-activate|p1a: Terapagos|ability: Tera Shell\n|-resisted|p1a: Terapagos\n|-resisted|p1b: Sinistcha\n|-damage|p1a: Terapagos|88/100\n|-damage|p1b: Sinistcha|85/100\n|move|p1a: Terapagos|Calm Mind|p1a: Terapagos\n|-boost|p1a: Terapagos|spa|1\n|-boost|p1a: Terapagos|spd|1\n|\n|-heal|p2b: Dondozo|97/100|[from] item: Leftovers\n|upkeep\n|turn|4\n|\n|t:|1773531044\n|move|p1a: Terapagos|Protect|p1a: Terapagos\n|-singleturn|p1a: Terapagos|Protect\n|move|p2b: Dondozo|Order Up|p1b: Sinistcha\n|-damage|p1b: Sinistcha|53/100\n|-boost|p2b: Dondozo|atk|1\n|move|p1b: Sinistcha|Strength Sap|p2b: Dondozo\n|-unboost|p2b: Dondozo|atk|1\n|-heal|p1b: Sinistcha|100/100\n|\n|-heal|p2b: Dondozo|100/100|[from] item: Leftovers\n|upkeep\n|turn|5\n|\n|t:|1773531055\n|-terastallize|p1a: Terapagos|Stellar\n|detailschange|p1a: Terapagos|Terapagos-Stellar, L50, M, tera:Stellar\n|-heal|p1a: Terapagos|91/100|[silent]\n|-ability|p1a: Terapagos|Teraform Zero\n|-fieldend|move: Electric Terrain\n|move|p2b: Dondozo|Wave Crash|p1a: Terapagos\n|-damage|p1a: Terapagos|40/100\n|-damage|p2b: Dondozo|81/100|[from] Recoil\n|move|p1a: Terapagos|Tera Starstorm|p2a: Tatsugiri|[spread] p2b\n|-miss|p1a: Terapagos|p2a: Tatsugiri\n|-supereffective|p2b: Dondozo\n|-damage|p2b: Dondozo|50/100\n|move|p1b: Sinistcha|Strength Sap|p2b: Dondozo\n|-unboost|p2b: Dondozo|atk|1\n|\n|-heal|p2b: Dondozo|56/100|[from] item: Leftovers\n|upkeep\n|turn|6\n|\n|t:|1773531076\n|switch|p1b: Iron Hands|Iron Hands, L50|44/100\n|move|p1a: Terapagos|Protect|p1a: Terapagos\n|-singleturn|p1a: Terapagos|Protect\n|move|p2b: Dondozo|Wave Crash|p1a: Terapagos\n|-activate|p1a: Terapagos|move: Protect\n|\n|-heal|p2b: Dondozo|63/100|[from] item: Leftovers\n|upkeep\n|turn|7\n|\n|t:|1773531087\n|-end|p1b: Iron Hands|Quark Drive|[silent]\n|switch|p1b: Sinistcha|Sinistcha-Masterpiece, L50|100/100\n|-heal|p1a: Terapagos|65/100|[from] ability: Hospitality|[of] p1b: Sinistcha\n|move|p2b: Dondozo|Earthquake|p1a: Terapagos|[spread] p1a,p1b\n|-miss|p2b: Dondozo|p2a: Tatsugiri\n|-resisted|p1b: Sinistcha\n|-damage|p1a: Terapagos|50/100\n|-damage|p1b: Sinistcha|89/100\n|move|p1a: Terapagos|Tera Starstorm|p2a: Tatsugiri|[spread] p2b\n|-miss|p1a: Terapagos|p2a: Tatsugiri\n|-supereffective|p2b: Dondozo\n|-damage|p2b: Dondozo|31/100\n|\n|-heal|p2b: Dondozo|37/100|[from] item: Leftovers\n|upkeep\n|turn|8\n|j| NEONxTOKYO\n|\n|t:|1773531101\n|switch|p1b: Iron Hands|Iron Hands, L50|44/100\n|move|p1a: Terapagos|Protect|p1a: Terapagos\n|-singleturn|p1a: Terapagos|Protect\n|move|p2b: Dondozo|Wave Crash|p1b: Iron Hands\n|-damage|p1b: Iron Hands|0 fnt\n|faint|p1b: Iron Hands\n|-end|p1b: Iron Hands|Quark Drive|[silent]\n|-damage|p2b: Dondozo|22/100|[from] Recoil\n|\n|-heal|p2b: Dondozo|28/100|[from] item: Leftovers\n|upkeep\n|\n|t:|1773531108\n|switch|p1b: Sinistcha|Sinistcha-Masterpiece, L50|89/100\n|-heal|p1a: Terapagos|75/100|[from] ability: Hospitality|[of] p1b: Sinistcha\n|turn|9\n|\n|t:|1773531126\n|move|p2b: Dondozo|Earthquake|p1a: Terapagos|[spread] p1a,p1b\n|-miss|p2b: Dondozo|p2a: Tatsugiri\n|-resisted|p1b: Sinistcha\n|-damage|p1a: Terapagos|59/100\n|-damage|p1b: Sinistcha|78/100\n|move|p1a: Terapagos|Tera Starstorm|p2a: Tatsugiri|[spread] p2b\n|-miss|p1a: Terapagos|p2a: Tatsugiri\n|-supereffective|p2b: Dondozo\n|-damage|p2b: Dondozo|1/100\n|move|p1b: Sinistcha|Shadow Ball|p2b: Dondozo\n|-damage|p2b: Dondozo|0 fnt\n|faint|p2b: Dondozo\n|\n|upkeep\n|\n|t:|1773531128\n|switch|p2b: Zacian|Zacian-Crowned, L50, shiny|93/100\n|turn|10\n|\n|t:|1773531137\n|move|p1b: Sinistcha|Rage Powder|p1b: Sinistcha\n|-singleturn|p1b: Sinistcha|move: Rage Powder\n|move|p2b: Zacian|Behemoth Blade|p1b: Sinistcha\n|-damage|p1b: Sinistcha|39/100\n|move|p2a: Tatsugiri|Muddy Water|p1b: Sinistcha|[spread] p1a,p1b\n|-resisted|p1b: Sinistcha\n|-damage|p1a: Terapagos|45/100\n|-damage|p1b: Sinistcha|20/100\n|-unboost|p1a: Terapagos|accuracy|1\n|move|p1a: Terapagos|Tera Starstorm|p2b: Zacian|[spread] p2a,p2b\n|-damage|p2a: Tatsugiri|30/100\n|-damage|p2b: Zacian|56/100\n|\n|upkeep\n|turn|11\n|\n|t:|1773531153\n|move|p1b: Sinistcha|Rage Powder|p1b: Sinistcha\n|-singleturn|p1b: Sinistcha|move: Rage Powder\n|move|p2b: Zacian|Substitute|p2b: Zacian\n|-start|p2b: Zacian|Substitute\n|-damage|p2b: Zacian|31/100\n|move|p2a: Tatsugiri|Dragon Pulse|p1b: Sinistcha\n|-damage|p1b: Sinistcha|0 fnt\n|faint|p1b: Sinistcha\n|move|p1a: Terapagos|Tera Starstorm|p2a: Tatsugiri|[spread] p2a,p2b\n|-end|p2b: Zacian|Substitute\n|-damage|p2a: Tatsugiri|0 fnt\n|faint|p2a: Tatsugiri\n|\n|upkeep\n|\n|t:|1773531160\n|switch|p1b: Miraidon|Miraidon, L50|81/100\n|-fieldstart|move: Electric Terrain|[from] ability: Hadron Engine|[of] p1b: Miraidon\n|turn|12\n|\n|t:|1773531166\n|move|p1b: Miraidon|Electro Drift|p2b: Zacian\n|-damage|p2b: Zacian|0 fnt\n|faint|p2b: Zacian\n|\n|win|PATRIOTS_VG\n|raw|PATRIOTS_VG's rating: 1461 &rarr; <strong>1481</strong><br />(+20 for winning)\n|raw|pigs2fly's rating: 1458 &rarr; <strong>1438</strong><br />(-20 for losing)\n|l|\u2606pigs2fly\n|player|p2|\n|l|\u2606PATRIOTS_VG\n|player|p1|\n|l| NEONxTOKYO\n","uploadtime":1773531407,"views":12,"formatid":"gen9vgc2026regi","rating":1438,"private":0,"password":null}