{"id":"gen9vgc2026regi-2579974161","format":"[Gen 9] VGC 2026 Reg I","players":["kaimvgc","Edvinpasta07"],"log":"|j|\u2606kaimvgc\n|j|\u2606Edvinpasta07\n|t:|1775843274\n|gametype|doubles\n|player|p1|kaimvgc|boarder|1567\n|player|p2|Edvinpasta07|miku-fire|1606\n|gen|9\n|tier|[Gen 9] VGC 2026 Reg I\n|rated|\n|rule|Species Clause: Limit one of each Pok\u00e9mon\n|rule|Item Clause: Limit 1 of each item\n|clearpoke\n|poke|p1|Calyrex-Shadow, L50|\n|poke|p1|Zamazenta-*, L50|\n|poke|p1|Smeargle, L50, F|\n|poke|p1|Rillaboom, L50, M|\n|poke|p1|Tornadus, L50, M|\n|poke|p1|Raging Bolt, L50|\n|poke|p2|Miraidon, L50|\n|poke|p2|Necrozma-Dawn-Wings, L50|\n|poke|p2|Ditto, L50|\n|poke|p2|Comfey, L50, F|\n|poke|p2|Incineroar, L50, F|\n|poke|p2|Smeargle, L50, F|\n|teampreview|4\n|inactive|Battle timer is ON: inactive players will automatically lose when time's up. (requested by Edvinpasta07)\n|inactive|Edvinpasta07 has 60 seconds left.\n|\n|t:|1775843312\n|teamsize|p1|4\n|teamsize|p2|4\n|start\n|switch|p1a: Calyrex|Calyrex-Shadow, L50|100/100\n|switch|p1b: Smeargle|Smeargle, L50, F|100/100\n|switch|p2a: Necrozma|Necrozma-Dawn-Wings, L50|100/100\n|switch|p2b: Incineroar|Incineroar, L50, F|100/100\n|-ability|p1a: Calyrex|As One\n|-ability|p1a: Calyrex|Unnerve\n|-ability|p2b: Incineroar|Intimidate|boost\n|-unboost|p1a: Calyrex|atk|1\n|-unboost|p1b: Smeargle|atk|1\n|turn|1\n|l|\u2606kaimvgc\n|inactive|kaimvgc disconnected and has a minute to reconnect!\n|player|p1|\n|inactive|kaimvgc has 30 seconds left.\n|j|\u2606kaimvgc\n|inactive|kaimvgc reconnected and has 25 seconds left.\n|player|p1|kaimvgc|boarder|\n|inactive|kaimvgc has 20 seconds left.\n|\n|t:|1775843350\n|-terastallize|p1a: Calyrex|Dark\n|-terastallize|p2a: Necrozma|Grass\n|move|p1b: Smeargle|Fake Out|p2b: Incineroar\n|-damage|p2b: Incineroar|97/100\n|move|p1a: Calyrex|Nasty Plot|p1a: Calyrex\n|-boost|p1a: Calyrex|spa|2\n|cant|p2b: Incineroar|flinch\n|move|p2a: Necrozma|Trick Room|p2a: Necrozma\n|-fieldstart|move: Trick Room|[of] p2a: Necrozma\n|\n|-ability|p1b: Smeargle|Moody|boost\n|-boost|p1b: Smeargle|def|2\n|-unboost|p1b: Smeargle|spe|1\n|upkeep\n|turn|2\n|\n|t:|1775843360\n|move|p2a: Necrozma|Protect|p2a: Necrozma\n|-singleturn|p2a: Necrozma|Protect\n|move|p1b: Smeargle|Follow Me|p1b: Smeargle\n|-singleturn|p1b: Smeargle|move: Follow Me\n|move|p2b: Incineroar|U-turn|p1b: Smeargle\n|-damage|p1b: Smeargle|82/100\n|\n|t:|1775843366\n|switch|p2b: Smeargle|Smeargle, L50, F|100/100|[from] U-turn\n|move|p1a: Calyrex|Astral Barrage|p2b: Smeargle|[spread] \n|-activate|p2a: Necrozma|move: Protect\n|-immune|p2b: Smeargle\n|\n|-ability|p1b: Smeargle|Moody|boost\n|-boost|p1b: Smeargle|atk|2\n|-unboost|p1b: Smeargle|spa|1\n|upkeep\n|turn|3\n|\n|t:|1775843379\n|switch|p2a: Incineroar|Incineroar, L50, F|97/100\n|-ability|p2a: Incineroar|Intimidate|boost\n|-unboost|p1a: Calyrex|atk|1\n|-unboost|p1b: Smeargle|atk|1\n|move|p2b: Smeargle|Spiky Shield|p2b: Smeargle\n|-singleturn|p2b: Smeargle|move: Protect\n|move|p1b: Smeargle|Spore|p2b: Smeargle\n|-activate|p2b: Smeargle|move: Protect\n|move|p1a: Calyrex|Astral Barrage|p2b: Smeargle|[spread] p2a\n|-activate|p2b: Smeargle|move: Protect\n|-resisted|p2a: Incineroar\n|-damage|p2a: Incineroar|35/100\n|-damage|p1a: Calyrex|91/100|[from] item: Life Orb\n|\n|-ability|p1b: Smeargle|Moody|boost\n|-boost|p1b: Smeargle|atk|2\n|-unboost|p1b: Smeargle|def|1\n|upkeep\n|turn|4\n|\n|t:|1775843398\n|switch|p1b: Rillaboom|Rillaboom, L50, M|100/100\n|-fieldstart|move: Grassy Terrain|[from] ability: Grassy Surge|[of] p1b: Rillaboom\n|move|p1a: Calyrex|Protect|p1a: Calyrex\n|-singleturn|p1a: Calyrex|Protect\n|move|p2b: Smeargle|Decorate|p2a: Incineroar\n|-boost|p2a: Incineroar|atk|2\n|-boost|p2a: Incineroar|spa|2\n|move|p2a: Incineroar|Flare Blitz|p1b: Rillaboom\n|-supereffective|p1b: Rillaboom\n|-damage|p1b: Rillaboom|0 fnt\n|faint|p1b: Rillaboom\n|-damage|p2a: Incineroar|1/100|[from] Recoil\n|\n|-heal|p2a: Incineroar|7/100|[from] Grassy Terrain\n|-heal|p1a: Calyrex|97/100|[from] Grassy Terrain\n|upkeep\n|\n|t:|1775843405\n|switch|p1b: Smeargle|Smeargle, L50, F|82/100\n|turn|5\n|\n|t:|1775843417\n|move|p2b: Smeargle|Spiky Shield|p2b: Smeargle\n|-singleturn|p2b: Smeargle|move: Protect\n|move|p1b: Smeargle|Fake Out|p2a: Incineroar\n|-damage|p2a: Incineroar|2/100\n|cant|p2a: Incineroar|flinch\n|move|p1a: Calyrex|Psychic|p2b: Smeargle\n|-activate|p2b: Smeargle|move: Protect\n|\n|-heal|p2a: Incineroar|8/100|[from] Grassy Terrain\n|-heal|p1b: Smeargle|88/100|[from] Grassy Terrain\n|-heal|p1a: Calyrex|100/100|[from] Grassy Terrain\n|-fieldend|move: Trick Room\n|-ability|p1b: Smeargle|Moody|boost\n|-boost|p1b: Smeargle|spe|2\n|-unboost|p1b: Smeargle|atk|1\n|upkeep\n|turn|6\n|\n|t:|1775843433\n|move|p2b: Smeargle|Spiky Shield|p2b: Smeargle\n|-singleturn|p2b: Smeargle|move: Protect\n|move|p1b: Smeargle|Spore|p2b: Smeargle\n|-activate|p2b: Smeargle|move: Protect\n|move|p1a: Calyrex|Astral Barrage|p2b: Smeargle|[spread] p2a\n|-activate|p2b: Smeargle|move: Protect\n|-resisted|p2a: Incineroar\n|-damage|p2a: Incineroar|0 fnt\n|faint|p2a: Incineroar\n|-ability|p1a: Calyrex|Grim Neigh|boost\n|-boost|p1a: Calyrex|spa|1\n|-damage|p1a: Calyrex|91/100|[from] item: Life Orb\n|\n|-heal|p1b: Smeargle|94/100|[from] Grassy Terrain\n|-heal|p1a: Calyrex|97/100|[from] Grassy Terrain\n|-ability|p1b: Smeargle|Moody|boost\n|-boost|p1b: Smeargle|spa|2\n|-unboost|p1b: Smeargle|atk|1\n|upkeep\n|-message|Edvinpasta07 forfeited.\n|\n|win|kaimvgc\n|raw|kaimvgc's rating: 1567 &rarr; <strong>1589</strong><br />(+22 for winning)\n|raw|Edvinpasta07's rating: 1606 &rarr; <strong>1584</strong><br />(-22 for losing)\n|l|\u2606Edvinpasta07\n|player|p2|\n|l|\u2606kaimvgc\n|player|p1|\n","uploadtime":1775843597,"views":12,"formatid":"gen9vgc2026regi","rating":1584,"private":0,"password":null}