{"id":"gen9vgc2026regi-2534711529","format":"[Gen 9] VGC 2026 Reg I","players":["fogdocker","Dfhvng"],"log":"|j|\u2606fogdocker\n|j|\u2606Dfhvng\n|t:|1770466024\n|gametype|doubles\n|player|p1|fogdocker|101|1520\n|player|p2|Dfhvng|2|1321\n|gen|9\n|tier|[Gen 9] VGC 2026 Reg I\n|rated|\n|rule|Species Clause: Limit one of each Pok\u00e9mon\n|rule|Item Clause: Limit 1 of each item\n|clearpoke\n|poke|p1|Calyrex-Ice, L50|\n|poke|p1|Koraidon, L50|\n|poke|p1|Flutter Mane, L50|\n|poke|p1|Incineroar, L50, F|\n|poke|p1|Rillaboom, L50, F|\n|poke|p1|Volcarona, L50, M|\n|poke|p2|Lunala, L50|\n|poke|p2|Calyrex-Ice, L50|\n|poke|p2|Smeargle, L50, M|\n|poke|p2|Indeedee-F, L50, F|\n|poke|p2|Rampardos, L50, M|\n|teampreview|4\n|inactive|Battle timer is ON: inactive players will automatically lose when time's up. (requested by Dfhvng)\n|inactive|fogdocker has 60 seconds left.\n|\n|t:|1770466065\n|teamsize|p1|4\n|teamsize|p2|4\n|start\n|switch|p1a: Koraidon|Koraidon, L50|100/100\n|switch|p1b: Calyrex|Calyrex-Ice, L50|100/100\n|switch|p2a: Lunala|Lunala, L50|100/100\n|switch|p2b: Indeedee|Indeedee-F, L50, F|100/100\n|-ability|p1b: Calyrex|As One\n|-ability|p1b: Calyrex|Unnerve\n|-weather|SunnyDay|[from] ability: Orichalcum Pulse|[of] p1a: Koraidon\n|-activate|p1a: Koraidon|Orichalcum Pulse|[source]\n|-fieldstart|move: Psychic Terrain|[from] ability: Psychic Surge|[of] p2b: Indeedee\n|turn|1\n|inactive|fogdocker has 30 seconds left.\n|inactive|Dfhvng has 30 seconds left.\n|inactive|fogdocker has 20 seconds left.\n|inactive|fogdocker has 15 seconds left.\n|inactive|fogdocker has 10 seconds left.\n|inactive|fogdocker has 5 seconds left.\n|\n|t:|1770466116\n|switch|p1a: Incineroar|Incineroar, L50, F|100/100\n|-ability|p1a: Incineroar|Intimidate|boost\n|-unboost|p2a: Lunala|atk|1\n|-unboost|p2b: Indeedee|atk|1\n|-terastallize|p2a: Lunala|Water\n|-terastallize|p1b: Calyrex|Water\n|move|p2b: Indeedee|Follow Me|p2b: Indeedee\n|-singleturn|p2b: Indeedee|move: Follow Me\n|move|p2a: Lunala|Meteor Beam||[still]\n|-prepare|p2a: Lunala|Meteor Beam\n|-boost|p2a: Lunala|spa|1\n|-enditem|p2a: Lunala|Power Herb\n|-anim|p2a: Lunala|Meteor Beam|p1a: Incineroar\n|-supereffective|p1a: Incineroar\n|-damage|p1a: Incineroar|0 fnt\n|faint|p1a: Incineroar\n|move|p1b: Calyrex|Glacial Lance|p2a: Lunala|[spread] p2a,p2b\n|-resisted|p2a: Lunala\n|-damage|p2a: Lunala|91/100\n|-damage|p2b: Indeedee|55/100\n|\n|-weather|SunnyDay|[upkeep]\n|upkeep\n|\n|t:|1770466138\n|switch|p1a: Volcarona|Volcarona, L50, M|100/100\n|turn|2\n|\n|t:|1770466157\n|move|p2b: Indeedee|Follow Me|p2b: Indeedee\n|-singleturn|p2b: Indeedee|move: Follow Me\n|move|p1a: Volcarona|Struggle Bug|p2a: Lunala|[spread] p2a,p2b\n|-supereffective|p2b: Indeedee\n|-damage|p2a: Lunala|78/100\n|-damage|p2b: Indeedee|21/100\n|-unboost|p2a: Lunala|spa|1\n|-unboost|p2b: Indeedee|spa|1\n|move|p1b: Calyrex|Leech Seed|p2b: Indeedee\n|-start|p2b: Indeedee|move: Leech Seed\n|move|p2a: Lunala|Trick Room|p2a: Lunala\n|-fieldstart|move: Trick Room|[of] p2a: Lunala\n|\n|-weather|SunnyDay|[upkeep]\n|-damage|p2b: Indeedee|8/100|[from] Leech Seed|[of] p1b: Calyrex\n|upkeep\n|turn|3\n|inactive|Dfhvng has 30 seconds left.\n|inactive|Dfhvng has 20 seconds left.\n|\n|t:|1770466192\n|move|p2b: Indeedee|Helping Hand|p2a: Lunala\n|-singleturn|p2a: Lunala|Helping Hand|[of] p2b: Indeedee\n|move|p1b: Calyrex|Glacial Lance|p2b: Indeedee|[spread] p2a,p2b\n|-resisted|p2a: Lunala\n|-crit|p2a: Lunala\n|-damage|p2a: Lunala|49/100\n|-damage|p2b: Indeedee|0 fnt\n|faint|p2b: Indeedee\n|-ability|p1b: Calyrex|Chilling Neigh|boost\n|-boost|p1b: Calyrex|atk|1\n|move|p2a: Lunala|Moongeist Beam|p1a: Volcarona\n|-damage|p1a: Volcarona|19/100\n|move|p1a: Volcarona|Struggle Bug|p2a: Lunala\n|-damage|p2a: Lunala|32/100\n|-unboost|p2a: Lunala|spa|1\n|\n|-weather|SunnyDay|[upkeep]\n|upkeep\n|\n|t:|1770466208\n|switch|p2b: Rampardos|Rampardos, L50, M|100/100\n|turn|4\n|\n|t:|1770466221\n|move|p2a: Lunala|Wide Guard|p2a: Lunala\n|-singleturn|p2a: Lunala|Wide Guard\n|move|p1a: Volcarona|Rage Powder|p1a: Volcarona\n|-singleturn|p1a: Volcarona|move: Rage Powder\n|move|p1b: Calyrex|Leech Seed|p2a: Lunala\n|-start|p2a: Lunala|move: Leech Seed\n|move|p2b: Rampardos|Rock Slide|p1a: Volcarona|[spread] p1a,p1b\n|-supereffective|p1a: Volcarona\n|-damage|p1a: Volcarona|0 fnt\n|-damage|p1b: Calyrex|67/100\n|faint|p1a: Volcarona\n|\n|-weather|SunnyDay|[upkeep]\n|-heal|p1b: Calyrex|72/100|[from] item: Leftovers\n|-damage|p2a: Lunala|20/100|[from] Leech Seed|[of] p1b: Calyrex\n|-heal|p1b: Calyrex|87/100|[silent]\n|upkeep\n|\n|t:|1770466232\n|switch|p1a: Koraidon|Koraidon, L50|100/100\n|-activate|p1a: Koraidon|ability: Orichalcum Pulse\n|turn|5\n|\n|t:|1770466254\n|switch|p2a: Calyrex|Calyrex-Ice, L50|100/100\n|-ability|p2a: Calyrex|As One\n|-ability|p2a: Calyrex|Unnerve\n|move|p1a: Koraidon|Protect|p1a: Koraidon\n|-singleturn|p1a: Koraidon|Protect\n|move|p2b: Rampardos|Thunder Punch|p1b: Calyrex\n|-supereffective|p1b: Calyrex\n|-damage|p1b: Calyrex|24/100\n|move|p1b: Calyrex|Trick Room|p1b: Calyrex\n|-fieldend|move: Trick Room\n|\n|-weather|none\n|-heal|p1b: Calyrex|30/100|[from] item: Leftovers\n|-fieldend|move: Psychic Terrain\n|upkeep\n|turn|6\n|inactive|Dfhvng has 30 seconds left.\n|\n|t:|1770466283\n|move|p1a: Koraidon|Flare Blitz|p2a: Calyrex\n|-supereffective|p2a: Calyrex\n|-damage|p2a: Calyrex|27/100\n|-damage|p1a: Koraidon|72/100|[from] Recoil\n|-damage|p1a: Koraidon|62/100|[from] item: Life Orb\n|move|p2b: Rampardos|Rock Slide|p1a: Koraidon|[spread] p1a,p1b\n|-resisted|p1a: Koraidon\n|-damage|p1a: Koraidon|35/100\n|-damage|p1b: Calyrex|0 fnt\n|faint|p1b: Calyrex\n|move|p2a: Calyrex|Trick Room|p2a: Calyrex\n|-fieldstart|move: Trick Room|[of] p2a: Calyrex\n|\n|upkeep\n|turn|7\n|-message|fogdocker forfeited.\n|\n|win|Dfhvng\n|raw|fogdocker's rating: 1520 &rarr; <strong>1490</strong><br />(-30 for losing)\n|raw|Dfhvng's rating: 1321 &rarr; <strong>1351</strong><br />(+30 for winning)\n|l|\u2606fogdocker\n|player|p1|\n|l|\u2606Dfhvng\n|player|p2|\n|j|\u2606Dfhvng\n|player|p2|Dfhvng|2|\n","uploadtime":1770466300,"views":36,"formatid":"gen9vgc2026regi","rating":1351,"private":0,"password":null}