{"id":"gen9vgc2026regi-2548481566","format":"[Gen 9] VGC 2026 Reg I","players":["Jellibolt2","LechonkBro"],"log":"|j|\u2606Jellibolt2\n|j|\u2606LechonkBro\n|t:|1772219120\n|gametype|doubles\n|player|p1|Jellibolt2|twins-gen4dp|1315\n|player|p2|LechonkBro|101|1555\n|gen|9\n|tier|[Gen 9] VGC 2026 Reg I\n|rated|\n|rule|Species Clause: Limit one of each Pok\u00e9mon\n|rule|Item Clause: Limit 1 of each item\n|clearpoke\n|poke|p1|Groudon, L50|\n|poke|p1|Exeggutor, L50, F|\n|poke|p1|Raging Bolt, L50|\n|poke|p1|Lunala, L50|\n|poke|p1|Arcanine-Hisui, L50, F|\n|poke|p1|Chien-Pao, L50|\n|poke|p2|Chien-Pao, L50|\n|poke|p2|Calyrex-Shadow, L50|\n|poke|p2|Dondozo, L50, F|\n|poke|p2|Zamazenta-*, L50|\n|poke|p2|Dragonite, L50, F|\n|poke|p2|Tatsugiri, L50, F|\n|teampreview|4\n|inactive|Battle timer is ON: inactive players will automatically lose when time's up. (requested by LechonkBro)\n|\n|t:|1772219142\n|teamsize|p1|4\n|teamsize|p2|4\n|start\n|switch|p1a: Groudon|Groudon, L50, shiny|100/100\n|switch|p1b: Raging Bolt|Raging Bolt, L50|100/100\n|switch|p2a: Dondozo|Dondozo, L50, F|100/100\n|switch|p2b: Calyrex|Calyrex-Shadow, L50|100/100\n|-ability|p2b: Calyrex|As One\n|-ability|p2b: Calyrex|Unnerve\n|-weather|SunnyDay|[from] ability: Drought|[of] p1a: Groudon\n|-activate|p1b: Raging Bolt|ability: Protosynthesis\n|-start|p1b: Raging Bolt|protosynthesisspa\n|turn|1\n|\n|t:|1772219157\n|move|p2a: Dondozo|Protect|p2a: Dondozo\n|-singleturn|p2a: Dondozo|Protect\n|move|p2b: Calyrex|Astral Barrage|p1b: Raging Bolt|[spread] p1a,p1b\n|-damage|p1a: Groudon|68/100\n|-damage|p1b: Raging Bolt|48/100\n|move|p1a: Groudon|Thunder Punch|p2a: Dondozo\n|-activate|p2a: Dondozo|move: Protect\n|move|p1b: Raging Bolt|Snarl|p2b: Calyrex|[spread] p2b\n|-activate|p2a: Dondozo|move: Protect\n|-supereffective|p2b: Calyrex\n|-damage|p2b: Calyrex|0 fnt\n|faint|p2b: Calyrex\n|-damage|p1b: Raging Bolt|38/100|[from] item: Life Orb\n|\n|-weather|SunnyDay|[upkeep]\n|upkeep\n|\n|t:|1772219173\n|switch|p2b: Tatsugiri|Tatsugiri, L50, F|100/100\n|-activate|p2b: Tatsugiri|ability: Commander|[of] p2a: Dondozo\n|-boost|p2a: Dondozo|atk|2\n|-boost|p2a: Dondozo|spa|2\n|-boost|p2a: Dondozo|spe|2\n|-boost|p2a: Dondozo|def|2\n|-boost|p2a: Dondozo|spd|2\n|turn|2\n|\n|t:|1772219188\n|switch|p1a: Exeggutor|Exeggutor, L50, F|100/100\n|-terastallize|p2a: Dondozo|Grass\n|move|p1b: Raging Bolt|Thunderclap|p2a: Dondozo\n|-resisted|p2a: Dondozo\n|-damage|p2a: Dondozo|88/100\n|-damage|p1b: Raging Bolt|28/100|[from] item: Life Orb\n|move|p2a: Dondozo|Order Up|p1b: Raging Bolt\n|-supereffective|p1b: Raging Bolt\n|-damage|p1b: Raging Bolt|0 fnt\n|faint|p1b: Raging Bolt\n|-end|p1b: Raging Bolt|Protosynthesis|[silent]\n|-boost|p2a: Dondozo|atk|1\n|\n|-weather|SunnyDay|[upkeep]\n|-heal|p2a: Dondozo|95/100|[from] item: Leftovers\n|upkeep\n|\n|t:|1772219200\n|switch|p1b: Lunala|Lunala, L50, shiny|100/100\n|turn|3\n|\n|t:|1772219207\n|move|p1b: Lunala|Meteor Beam||[still]\n|-prepare|p1b: Lunala|Meteor Beam\n|-boost|p1b: Lunala|spa|1\n|-enditem|p1b: Lunala|Power Herb\n|-anim|p1b: Lunala|Meteor Beam|p2a: Dondozo\n|-damage|p2a: Dondozo|75/100\n|move|p2a: Dondozo|Substitute|p2a: Dondozo\n|-start|p2a: Dondozo|Substitute\n|-damage|p2a: Dondozo|50/100\n|move|p1a: Exeggutor|Substitute|p1a: Exeggutor\n|-start|p1a: Exeggutor|Substitute\n|-damage|p1a: Exeggutor|76/100\n|\n|-weather|SunnyDay|[upkeep]\n|-heal|p2a: Dondozo|57/100|[from] item: Leftovers\n|upkeep\n|turn|4\n|\n|t:|1772219220\n|move|p1b: Lunala|Moongeist Beam|p2a: Dondozo\n|-end|p2a: Dondozo|Substitute\n|move|p2a: Dondozo|Order Up|p1a: Exeggutor\n|-end|p1a: Exeggutor|Substitute\n|-boost|p2a: Dondozo|atk|1\n|move|p1a: Exeggutor|Giga Drain|p2a: Dondozo\n|-resisted|p2a: Dondozo\n|-damage|p2a: Dondozo|50/100\n|-heal|p1a: Exeggutor|80/100|[from] drain|[of] p2a: Dondozo\n|\n|-weather|SunnyDay|[upkeep]\n|-heal|p2a: Dondozo|56/100|[from] item: Leftovers\n|upkeep\n|turn|5\n|\n|t:|1772219241\n|move|p1b: Lunala|Moongeist Beam|p2a: Dondozo\n|-damage|p2a: Dondozo|20/100\n|move|p2a: Dondozo|Order Up|p1b: Lunala\n|-damage|p1b: Lunala|74/100\n|-boost|p2a: Dondozo|atk|1\n|move|p1a: Exeggutor|Substitute|p1a: Exeggutor\n|-start|p1a: Exeggutor|Substitute\n|-damage|p1a: Exeggutor|55/100\n|\n|-weather|none\n|-heal|p2a: Dondozo|26/100|[from] item: Leftovers\n|upkeep\n|turn|6\n|\n|t:|1772219255\n|move|p1b: Lunala|Moongeist Beam|p2a: Dondozo\n|-damage|p2a: Dondozo|0 fnt\n|faint|p2a: Dondozo\n|move|p1a: Exeggutor|Giga Drain|p2b: Tatsugiri\n|-damage|p2b: Tatsugiri|75/100\n|-heal|p1a: Exeggutor|64/100|[from] drain|[of] p2b: Tatsugiri\n|\n|upkeep\n|\n|t:|1772219264\n|switch|p2a: Zamazenta|Zamazenta-Crowned, L50|100/100\n|-ability|p2a: Zamazenta|Dauntless Shield|boost\n|-boost|p2a: Zamazenta|def|1\n|turn|7\n|\n|t:|1772219275\n|move|p2a: Zamazenta|Behemoth Bash|p1b: Lunala\n|-damage|p1b: Lunala|41/100\n|move|p2b: Tatsugiri|Icy Wind|p1b: Lunala|[spread] p1a,p1b\n|-supereffective|p1a: Exeggutor\n|-activate|p1a: Exeggutor|move: Substitute|[damage]\n|-damage|p1b: Lunala|32/100\n|-unboost|p1b: Lunala|spe|1\n|move|p1b: Lunala|Moongeist Beam|p2a: Zamazenta\n|-damage|p2a: Zamazenta|40/100\n|move|p1a: Exeggutor|Giga Drain|p2b: Tatsugiri\n|-damage|p2b: Tatsugiri|45/100\n|-heal|p1a: Exeggutor|75/100|[from] drain|[of] p2b: Tatsugiri\n|\n|upkeep\n|turn|8\n|inactive|LechonkBro has 30 seconds left.\n|\n|t:|1772219304\n|move|p2a: Zamazenta|Behemoth Bash|p1b: Lunala\n|-damage|p1b: Lunala|0 fnt\n|faint|p1b: Lunala\n|move|p2b: Tatsugiri|Icy Wind|p1a: Exeggutor\n|-supereffective|p1a: Exeggutor\n|-end|p1a: Exeggutor|Substitute\n|move|p1a: Exeggutor|Substitute|p1a: Exeggutor\n|-start|p1a: Exeggutor|Substitute\n|-damage|p1a: Exeggutor|50/100\n|\n|upkeep\n|\n|t:|1772219311\n|switch|p1b: Groudon|Groudon, L50, shiny|68/100\n|-weather|SunnyDay|[from] ability: Drought|[of] p1b: Groudon\n|turn|9\n|\n|t:|1772219321\n|move|p2a: Zamazenta|Body Press|p1b: Groudon\n|-damage|p1b: Groudon|21/100\n|move|p2b: Tatsugiri|Icy Wind|p1b: Groudon|[spread] p1a,p1b\n|-supereffective|p1a: Exeggutor\n|-activate|p1a: Exeggutor|move: Substitute|[damage]\n|-supereffective|p1b: Groudon\n|-damage|p1b: Groudon|4/100\n|-unboost|p1b: Groudon|spe|1\n|move|p1a: Exeggutor|Giga Drain|p2b: Tatsugiri\n|-damage|p2b: Tatsugiri|16/100\n|-heal|p1a: Exeggutor|61/100|[from] drain|[of] p2b: Tatsugiri\n|move|p1b: Groudon|Precipice Blades|p2a: Zamazenta|[spread] p2b\n|-miss|p1b: Groudon|p2a: Zamazenta\n|-damage|p2b: Tatsugiri|0 fnt\n|faint|p2b: Tatsugiri\n|\n|-weather|SunnyDay|[upkeep]\n|upkeep\n|turn|10\n|\n|t:|1772219339\n|move|p2a: Zamazenta|Body Press|p1b: Groudon\n|-damage|p1b: Groudon|0 fnt\n|faint|p1b: Groudon\n|move|p1a: Exeggutor|Giga Drain|p2a: Zamazenta\n|-resisted|p2a: Zamazenta\n|-damage|p2a: Zamazenta|30/100\n|-heal|p1a: Exeggutor|65/100|[from] drain|[of] p2a: Zamazenta\n|\n|-weather|SunnyDay|[upkeep]\n|upkeep\n|turn|11\n|\n|t:|1772219348\n|move|p2a: Zamazenta|Body Press|p1a: Exeggutor\n|-resisted|p1a: Exeggutor\n|-end|p1a: Exeggutor|Substitute\n|move|p1a: Exeggutor|Substitute|p1a: Exeggutor\n|-start|p1a: Exeggutor|Substitute\n|-damage|p1a: Exeggutor|41/100\n|\n|-weather|SunnyDay|[upkeep]\n|upkeep\n|turn|12\n|\n|t:|1772219356\n|move|p2a: Zamazenta|Body Press|p1a: Exeggutor\n|-resisted|p1a: Exeggutor\n|-crit|p1a: Exeggutor\n|-end|p1a: Exeggutor|Substitute\n|move|p1a: Exeggutor|Substitute|p1a: Exeggutor\n|-start|p1a: Exeggutor|Substitute\n|-damage|p1a: Exeggutor|16/100\n|-enditem|p1a: Exeggutor|Starf Berry|[eat]\n|-boost|p1a: Exeggutor|spd|2|[from] item: Starf Berry\n|\n|-weather|SunnyDay|[upkeep]\n|-item|p1a: Exeggutor|Starf Berry|[from] ability: Harvest\n|upkeep\n|-enditem|p1a: Exeggutor|Starf Berry|[eat]\n|-boost|p1a: Exeggutor|spe|2|[from] item: Starf Berry\n|turn|13\n|\n|t:|1772219372\n|-terastallize|p1a: Exeggutor|Fairy\n|move|p2a: Zamazenta|Body Press|p1a: Exeggutor\n|-resisted|p1a: Exeggutor\n|-end|p1a: Exeggutor|Substitute\n|move|p1a: Exeggutor|Stored Power|p2a: Zamazenta\n|-damage|p2a: Zamazenta|0 fnt\n|faint|p2a: Zamazenta\n|\n|win|Jellibolt2\n|raw|Jellibolt2's rating: 1315 &rarr; <strong>1347</strong><br />(+32 for winning)\n|raw|LechonkBro's rating: 1555 &rarr; <strong>1523</strong><br />(-32 for losing)\n|l|\u2606Jellibolt2\n|player|p1|\n|l|\u2606LechonkBro\n|player|p2|\n","uploadtime":1772219581,"views":11,"formatid":"gen9vgc2026regi","rating":1347,"private":0,"password":null}