{"id":"gen9vgc2026regi-2551881867","format":"[Gen 9] VGC 2026 Reg I","players":["CHR1SPHX","Anne_ChovyVGC"],"log":"|j|\u2606CHR1SPHX\n|j|\u2606Anne_ChovyVGC\n|t:|1772653157\n|gametype|doubles\n|player|p1|CHR1SPHX|hilbert-wonderlauncher|1331\n|player|p2|Anne_ChovyVGC|skierf-gen4dp|1271\n|gen|9\n|tier|[Gen 9] VGC 2026 Reg I\n|rated|\n|rule|Species Clause: Limit one of each Pok\u00e9mon\n|rule|Item Clause: Limit 1 of each item\n|clearpoke\n|poke|p1|Lunala, L50|\n|poke|p1|Amoonguss, L50, M|\n|poke|p1|Ursaluna-Bloodmoon, L50, M|\n|poke|p1|Incineroar, L50, M|\n|poke|p1|Koraidon, L50|\n|poke|p1|Flutter Mane, L50|\n|poke|p2|Calyrex-Ice, L50|\n|poke|p2|Ninetales-Alola, L50, F|\n|poke|p2|Kyurem-White, L50|\n|poke|p2|Ogerpon-Cornerstone, L50, F|\n|poke|p2|Sinistcha, L50|\n|poke|p2|Tornadus, L50, M|\n|teampreview|4\n|inactive|Battle timer is ON: inactive players will automatically lose when time's up. (requested by CHR1SPHX)\n|inactive|CHR1SPHX has 60 seconds left.\n|\n|t:|1772653199\n|teamsize|p1|4\n|teamsize|p2|4\n|start\n|switch|p1a: Lunala|Lunala, L50, shiny|100/100\n|switch|p1b: Incineroar|Incineroar, L50, M|100/100\n|switch|p2a: Tornadus|Tornadus, L50, M|100/100\n|switch|p2b: slayyy diva|Ninetales-Alola, L50, F|100/100\n|-weather|Snowscape|[from] ability: Snow Warning|[of] p2b: slayyy diva\n|-ability|p1b: Incineroar|Intimidate|boost\n|-unboost|p2a: Tornadus|atk|1\n|-unboost|p2b: slayyy diva|atk|1\n|turn|1\n|inactive|CHR1SPHX has 30 seconds left.\n|inactive|CHR1SPHX has 20 seconds left.\n|inactive|CHR1SPHX has 15 seconds left.\n|\n|t:|1772653241\n|move|p2b: slayyy diva|Protect|p2b: slayyy diva\n|-singleturn|p2b: slayyy diva|Protect\n|move|p1b: Incineroar|Fake Out|p2b: slayyy diva\n|-activate|p2b: slayyy diva|move: Protect\n|move|p2a: Tornadus|Bleakwind Storm|p1b: Incineroar|[spread] p1a\n|-miss|p2a: Tornadus|p1b: Incineroar\n|-damage|p1a: Lunala|90/100\n|move|p1a: Lunala|Moongeist Beam|p2b: slayyy diva\n|-activate|p2b: slayyy diva|move: Protect\n|\n|-weather|Snowscape|[upkeep]\n|upkeep\n|turn|2\n|\n|t:|1772653263\n|switch|p2b: Franklin|Kyurem-White, L50, shiny|100/100\n|-ability|p2b: Franklin|Turboblaze\n|switch|p1a: Koraidon|Koraidon, L50|100/100\n|-weather|SunnyDay|[from] ability: Orichalcum Pulse|[of] p1a: Koraidon\n|-activate|p1a: Koraidon|Orichalcum Pulse|[source]\n|move|p2a: Tornadus|Tailwind|p2a: Tornadus\n|-sidestart|p2: Anne_ChovyVGC|move: Tailwind\n|move|p1b: Incineroar|Taunt|p2b: Franklin\n|-start|p2b: Franklin|move: Taunt\n|\n|-weather|SunnyDay|[upkeep]\n|upkeep\n|turn|3\n|inactive|CHR1SPHX has 30 seconds left.\n|inactive|Anne_ChovyVGC has 30 seconds left.\n|inactive|Anne_ChovyVGC has 20 seconds left.\n|inactive|Anne_ChovyVGC has 15 seconds left.\n|\n|t:|1772653307\n|switch|p1a: Lunala|Lunala, L50, shiny|90/100\n|-terastallize|p2b: Franklin|Fire\n|move|p2a: Tornadus|Snowscape|p2a: Tornadus\n|-weather|Snowscape\n|move|p2b: Franklin|Earth Power|p1a: Lunala\n|-damage|p1a: Lunala|60/100\n|move|p1b: Incineroar|Taunt|p2a: Tornadus\n|-start|p2a: Tornadus|move: Taunt\n|-enditem|p2a: Tornadus|Mental Herb\n|-end|p2a: Tornadus|move: Taunt\n|\n|-weather|Snowscape|[upkeep]\n|upkeep\n|turn|4\n|inactive|CHR1SPHX has 30 seconds left.\n|inactive|Anne_ChovyVGC has 30 seconds left.\n|\n|t:|1772653337\n|switch|p2a: big bungus|Calyrex-Ice, L50|100/100\n|-ability|p2a: big bungus|As One\n|-ability|p2a: big bungus|Unnerve\n|move|p2b: Franklin|Shadow Ball|p1a: Lunala\n|-supereffective|p1a: Lunala\n|-damage|p1a: Lunala|0 fnt\n|faint|p1a: Lunala\n|move|p1b: Incineroar|Taunt|p2a: big bungus\n|-start|p2a: big bungus|move: Taunt\n|\n|-weather|Snowscape|[upkeep]\n|-end|p2b: Franklin|move: Taunt\n|upkeep\n|\n|t:|1772653359\n|switch|p1a: Flutter Mane|Flutter Mane, L50|100/100\n|turn|5\n|\n|t:|1772653374\n|-terastallize|p1a: Flutter Mane|Stellar\n|move|p2b: Franklin|Earth Power|p1b: Incineroar\n|-supereffective|p1b: Incineroar\n|-damage|p1b: Incineroar|41/100\n|move|p1a: Flutter Mane|Shadow Ball|p2a: big bungus\n|-supereffective|p2a: big bungus\n|-damage|p2a: big bungus|23/100\n|move|p2a: big bungus|Glacial Lance|p1b: Incineroar|[spread] p1a,p1b\n|-resisted|p1b: Incineroar\n|-enditem|p1a: Flutter Mane|Focus Sash\n|-damage|p1a: Flutter Mane|1/100\n|-damage|p1b: Incineroar|15/100\n|move|p1b: Incineroar|Knock Off|p2a: big bungus\n|-supereffective|p2a: big bungus\n|-damage|p2a: big bungus|0 fnt\n|-enditem|p2a: big bungus|Clear Amulet|[from] move: Knock Off|[of] p1b: Incineroar\n|faint|p2a: big bungus\n|\n|-weather|Snowscape|[upkeep]\n|-sideend|p2: Anne_ChovyVGC|move: Tailwind\n|upkeep\n|\n|t:|1772653394\n|switch|p2a: Tornadus|Tornadus, L50, M|100/100\n|turn|6\n|\n|t:|1772653410\n|switch|p2b: slayyy diva|Ninetales-Alola, L50, F|100/100\n|switch|p1b: Koraidon|Koraidon, L50|100/100\n|-weather|SunnyDay|[from] ability: Orichalcum Pulse|[of] p1b: Koraidon\n|-activate|p1a: Flutter Mane|ability: Protosynthesis\n|-start|p1a: Flutter Mane|protosynthesisspe\n|-activate|p1b: Koraidon|Orichalcum Pulse|[source]\n|move|p1a: Flutter Mane|Thunder Wave|p2b: slayyy diva\n|-status|p2b: slayyy diva|par\n|move|p2a: Tornadus|Bleakwind Storm|p1a: Flutter Mane|[spread] p1a,p1b\n|-supereffective|p1b: Koraidon\n|-damage|p1a: Flutter Mane|0 fnt\n|-damage|p1b: Koraidon|51/100\n|faint|p1a: Flutter Mane\n|-end|p1a: Flutter Mane|Protosynthesis|[silent]\n|\n|-weather|SunnyDay|[upkeep]\n|upkeep\n|\n|t:|1772653422\n|switch|p1a: Incineroar|Incineroar, L50, M|15/100\n|-ability|p1a: Incineroar|Intimidate|boost\n|-unboost|p2a: Tornadus|atk|1\n|-unboost|p2b: slayyy diva|atk|1\n|turn|7\n|\n|t:|1772653441\n|move|p2a: Tornadus|Protect|p2a: Tornadus\n|-singleturn|p2a: Tornadus|Protect\n|move|p2b: slayyy diva|Protect|p2b: slayyy diva\n|-singleturn|p2b: slayyy diva|Protect\n|move|p1a: Incineroar|Fake Out|p2a: Tornadus\n|-activate|p2a: Tornadus|move: Protect\n|move|p1b: Koraidon|Flame Charge|p2b: slayyy diva\n|-activate|p2b: slayyy diva|move: Protect\n|\n|-weather|SunnyDay|[upkeep]\n|upkeep\n|turn|8\n|\n|t:|1772653452\n|move|p2a: Tornadus|Snowscape|p2a: Tornadus\n|-weather|Snowscape\n|move|p1b: Koraidon|Collision Course|p2b: slayyy diva\n|-damage|p2b: slayyy diva|66/100 par\n|move|p1a: Incineroar|Parting Shot|p2a: Tornadus\n|-unboost|p2a: Tornadus|atk|1\n|-unboost|p2a: Tornadus|spa|1\n|move|p2b: slayyy diva|Aurora Veil|p2b: slayyy diva\n|-sidestart|p2: Anne_ChovyVGC|move: Aurora Veil\n|\n|-weather|Snowscape|[upkeep]\n|upkeep\n|turn|9\n|inactive|CHR1SPHX has 30 seconds left.\n|inactive|Anne_ChovyVGC has 30 seconds left.\n|inactive|Anne_ChovyVGC has 20 seconds left.\n|\n|t:|1772653488\n|move|p1b: Koraidon|Flame Charge|p2b: slayyy diva\n|-supereffective|p2b: slayyy diva\n|-damage|p2b: slayyy diva|48/100 par\n|-boost|p1b: Koraidon|spe|1\n|move|p2a: Tornadus|Bleakwind Storm|p1a: Incineroar|[spread] p1b\n|-miss|p2a: Tornadus|p1a: Incineroar\n|-supereffective|p1b: Koraidon\n|-damage|p1b: Koraidon|13/100\n|move|p1a: Incineroar|Knock Off|p2b: slayyy diva\n|-resisted|p2b: slayyy diva\n|-damage|p2b: slayyy diva|39/100 par\n|-enditem|p2b: slayyy diva|Light Clay|[from] move: Knock Off|[of] p1a: Incineroar\n|move|p2b: slayyy diva|Blizzard|p1b: Koraidon|[spread] p1a,p1b\n|-resisted|p1a: Incineroar\n|-supereffective|p1b: Koraidon\n|-damage|p1a: Incineroar|7/100\n|-damage|p1b: Koraidon|0 fnt\n|-status|p1a: Incineroar|frz\n|faint|p1b: Koraidon\n|\n|-weather|Snowscape|[upkeep]\n|upkeep\n|turn|10\n|-message|CHR1SPHX forfeited.\n|\n|win|Anne_ChovyVGC\n|raw|CHR1SPHX's rating: 1331 &rarr; <strong>1308</strong><br />(-23 for losing)\n|raw|Anne_ChovyVGC's rating: 1271 &rarr; <strong>1300</strong><br />(+29 for winning)\n|l|\u2606CHR1SPHX\n|player|p1|\n|l|\u2606Anne_ChovyVGC\n|player|p2|\n","uploadtime":1772653770,"views":12,"formatid":"gen9vgc2026regi","rating":1300,"private":0,"password":null}