{"id":"gen9vgc2026regi-2588946210","format":"[Gen 9] VGC 2026 Reg I","players":["avarussurava","fallacy277"],"log":"|j|\u2606avarussurava\n|j|\u2606fallacy277\n|t:|1776688418\n|gametype|doubles\n|player|p1|avarussurava|170|1515\n|player|p2|fallacy277|dawn|1703\n|gen|9\n|tier|[Gen 9] VGC 2026 Reg I\n|rated|\n|rule|Species Clause: Limit one of each Pok\u00e9mon\n|rule|Item Clause: Limit 1 of each item\n|clearpoke\n|poke|p1|Tyranitar, L50, F|\n|poke|p1|Kyogre, L50|\n|poke|p1|Zamazenta-*, L50|\n|poke|p1|Gastrodon, L50, M|\n|poke|p1|Sinistcha, L50|\n|poke|p1|Ceruledge, L50, M|\n|poke|p2|Calyrex-Ice, L50|\n|poke|p2|Miraidon, L50|\n|poke|p2|Iron Hands, L50|\n|poke|p2|Farigiraf, L50, M|\n|poke|p2|Torkoal, L50, M|\n|poke|p2|Smeargle, L50, M|\n|teampreview|4\n|inactive|Battle timer is ON: inactive players will automatically lose when time's up. (requested by fallacy277)\n|\n|t:|1776688445\n|teamsize|p1|4\n|teamsize|p2|4\n|start\n|switch|p1a: Zamazenta|Zamazenta-Crowned, L50|100/100\n|switch|p1b: Ceruledge|Ceruledge, L50, M|100/100\n|switch|p2a: Calyrex|Calyrex-Ice, L50|100/100\n|switch|p2b: Miraidon|Miraidon, L50|100/100\n|-ability|p2a: Calyrex|As One\n|-ability|p2a: Calyrex|Unnerve\n|-fieldstart|move: Electric Terrain|[from] ability: Hadron Engine|[of] p2b: Miraidon\n|-ability|p1a: Zamazenta|Dauntless Shield|boost\n|-boost|p1a: Zamazenta|def|1\n|turn|1\n|\n|t:|1776688460\n|-terastallize|p1a: Zamazenta|Ground\n|-terastallize|p2a: Calyrex|Ground\n|move|p2b: Miraidon|Volt Switch|p1a: Zamazenta\n|-immune|p1a: Zamazenta\n|move|p1a: Zamazenta|Iron Defense|p1a: Zamazenta\n|-boost|p1a: Zamazenta|def|2\n|move|p1b: Ceruledge|Taunt|p2a: Calyrex\n|-start|p2a: Calyrex|move: Taunt\n|cant|p2a: Calyrex|move: Taunt|Trick Room\n|\n|upkeep\n|turn|2\n|\n|t:|1776688475\n|switch|p1b: Gastrodon|Gastrodon, L50, M|100/100\n|move|p2b: Miraidon|Volt Switch|p1b: Gastrodon\n|-immune|p1b: Gastrodon\n|move|p1a: Zamazenta|Body Press|p2a: Calyrex\n|-damage|p2a: Calyrex|29/100\n|move|p2a: Calyrex|Glacial Lance|p1a: Zamazenta|[spread] p1a,p1b\n|-supereffective|p1a: Zamazenta\n|-damage|p1a: Zamazenta|68/100\n|-damage|p1b: Gastrodon|39/100\n|\n|upkeep\n|turn|3\n|inactive|fallacy277 has 30 seconds left.\n|\n|t:|1776688508\n|switch|p2b: Iron Hands|Iron Hands, L50|100/100\n|-activate|p2b: Iron Hands|ability: Quark Drive\n|-start|p2b: Iron Hands|quarkdriveatk\n|switch|p2a: Torkoal|Torkoal, L50, M|100/100\n|-weather|SunnyDay|[from] ability: Drought|[of] p2a: Torkoal\n|move|p1a: Zamazenta|Body Press|p2a: Torkoal\n|-damage|p2a: Torkoal|2/100\n|move|p1b: Gastrodon|Earth Power|p2b: Iron Hands\n|-supereffective|p2b: Iron Hands\n|-damage|p2b: Iron Hands|64/100\n|\n|-weather|SunnyDay|[upkeep]\n|upkeep\n|turn|4\n|\n|t:|1776688530\n|move|p1a: Zamazenta|Wide Guard|p1a: Zamazenta\n|-singleturn|p1a: Zamazenta|Wide Guard\n|move|p2b: Iron Hands|Fake Out|p1b: Gastrodon\n|-crit|p1b: Gastrodon\n|-damage|p1b: Gastrodon|4/100\n|-enditem|p1b: Gastrodon|Aguav Berry|[eat]\n|-heal|p1b: Gastrodon|37/100|[from] item: Aguav Berry\n|cant|p1b: Gastrodon|flinch\n|move|p2a: Torkoal|Weather Ball|p1a: Zamazenta\n|-damage|p1a: Zamazenta|2/100\n|\n|-weather|SunnyDay|[upkeep]\n|upkeep\n|turn|5\n|inactive|fallacy277 has 30 seconds left.\n|\n|t:|1776688559\n|switch|p1b: Sinistcha|Sinistcha, L50|100/100\n|-heal|p1a: Zamazenta|27/100|[from] ability: Hospitality|[of] p1b: Sinistcha\n|move|p1a: Zamazenta|Body Press|p2a: Torkoal\n|-damage|p2a: Torkoal|0 fnt\n|faint|p2a: Torkoal\n|move|p2b: Iron Hands|Drain Punch|p1a: Zamazenta\n|-damage|p1a: Zamazenta|12/100\n|-heal|p2b: Iron Hands|69/100|[from] drain|[of] p1a: Zamazenta\n|\n|-weather|SunnyDay|[upkeep]\n|-fieldend|move: Electric Terrain\n|-end|p2b: Iron Hands|Quark Drive\n|upkeep\n|\n|t:|1776688573\n|switch|p2a: Miraidon|Miraidon, L50|100/100\n|-fieldstart|move: Electric Terrain|[from] ability: Hadron Engine|[of] p2a: Miraidon\n|-activate|p2b: Iron Hands|ability: Quark Drive\n|-start|p2b: Iron Hands|quarkdriveatk\n|turn|6\n|\n|t:|1776688586\n|move|p1b: Sinistcha|Rage Powder|p1b: Sinistcha\n|-singleturn|p1b: Sinistcha|move: Rage Powder\n|move|p2a: Miraidon|Snarl|p1a: Zamazenta|[spread] p1a,p1b\n|-supereffective|p1b: Sinistcha\n|-damage|p1a: Zamazenta|0 fnt\n|-damage|p1b: Sinistcha|44/100\n|-unboost|p1b: Sinistcha|spa|1\n|-enditem|p1b: Sinistcha|Sitrus Berry|[eat]\n|-heal|p1b: Sinistcha|69/100|[from] item: Sitrus Berry\n|faint|p1a: Zamazenta\n|move|p2b: Iron Hands|Wild Charge|p1b: Sinistcha\n|-resisted|p1b: Sinistcha\n|-damage|p1b: Sinistcha|24/100\n|-damage|p2b: Iron Hands|62/100|[from] Recoil\n|\n|-weather|SunnyDay|[upkeep]\n|upkeep\n|\n|t:|1776688600\n|switch|p1a: Ceruledge|Ceruledge, L50, M|100/100\n|turn|7\n|\n|t:|1776688607\n|move|p2a: Miraidon|Snarl|p1b: Sinistcha|[spread] p1a,p1b\n|-supereffective|p1a: Ceruledge\n|-supereffective|p1b: Sinistcha\n|-damage|p1a: Ceruledge|58/100\n|-damage|p1b: Sinistcha|0 fnt\n|-unboost|p1a: Ceruledge|spa|1\n|faint|p1b: Sinistcha\n|move|p1a: Ceruledge|Bitter Blade|p2a: Miraidon\n|-resisted|p2a: Miraidon\n|-damage|p2a: Miraidon|67/100\n|-heal|p1a: Ceruledge|80/100|[from] drain|[of] p2a: Miraidon\n|move|p2b: Iron Hands|Wild Charge|p1a: Ceruledge\n|-damage|p1a: Ceruledge|0 fnt\n|faint|p1a: Ceruledge\n|-damage|p2b: Iron Hands|50/100|[from] Recoil\n|\n|-weather|none\n|upkeep\n|-message|avarussurava forfeited.\n|\n|win|fallacy277\n|raw|avarussurava's rating: 1515 &rarr; <strong>1505</strong><br />(-10 for losing)\n|raw|fallacy277's rating: 1703 &rarr; <strong>1713</strong><br />(+10 for winning)\n|l|\u2606avarussurava\n|player|p1|\n|l|\u2606fallacy277\n|player|p2|\n","uploadtime":1776688881,"views":14,"formatid":"gen9vgc2026regi","rating":1505,"private":0,"password":null}