{"id":"gen9vgc2026regi-2526686065","format":"[Gen 9] VGC 2026 Reg I","players":["ee345","marcxhenry"],"log":"|j|\u2606ee345\n|j|\u2606marcxhenry\n|t:|1769448063\n|gametype|doubles\n|player|p1|ee345|lady|1345\n|player|p2|marcxhenry|hilbert-wonderlauncher|1505\n|gen|9\n|tier|[Gen 9] VGC 2026 Reg I\n|rated|\n|rule|Species Clause: Limit one of each Pok\u00e9mon\n|rule|Item Clause: Limit 1 of each item\n|clearpoke\n|poke|p1|Zamazenta-*, L50|\n|poke|p1|Giratina-Origin, L50|\n|poke|p1|Chien-Pao, L50|\n|poke|p1|Entei, L50|\n|poke|p1|Rillaboom, L50, M|\n|poke|p1|Landorus-Therian, L50, M|\n|poke|p2|Calyrex-Shadow, L50|\n|poke|p2|Urshifu-*, L50, M|\n|poke|p2|Roaring Moon, L50|\n|poke|p2|Kyogre, L50|\n|poke|p2|Tsareena, L50, F|\n|poke|p2|Kingambit, L50, M|\n|teampreview|4\n|inactive|Battle timer is ON: inactive players will automatically lose when time's up. (requested by ee345)\n|inactive|ee345 has 60 seconds left.\n|\n|t:|1769448103\n|teamsize|p1|4\n|teamsize|p2|4\n|start\n|switch|p1a: Rillaboom|Rillaboom, L50, M|100/100\n|switch|p1b: Chien-Pao|Chien-Pao, L50|100/100\n|switch|p2a: Ludwig|Calyrex-Shadow, L50|100/100\n|switch|p2b: Roter Baron|Roaring Moon, L50, shiny|100/100\n|-ability|p2a: Ludwig|As One\n|-ability|p2a: Ludwig|Unnerve\n|-ability|p1b: Chien-Pao|Sword of Ruin\n|-fieldstart|move: Grassy Terrain|[from] ability: Grassy Surge|[of] p1a: Rillaboom\n|-enditem|p2b: Roter Baron|Booster Energy\n|-activate|p2b: Roter Baron|ability: Protosynthesis|[fromitem]\n|-start|p2b: Roter Baron|protosynthesisspe\n|turn|1\n|\n|t:|1769448123\n|switch|p2a: Eva|Tsareena, L50, F, shiny|100/100\n|-terastallize|p2b: Roter Baron|Flying\n|move|p1b: Chien-Pao|Ice Shard||[still]\n|cant|p2a: Eva|ability: Queenly Majesty|Ice Shard|[of] p1b: Chien-Pao\n|move|p1a: Rillaboom|Grassy Glide||[still]\n|cant|p2a: Eva|ability: Queenly Majesty|Grassy Glide|[of] p1a: Rillaboom\n|move|p2b: Roter Baron|Acrobatics|p1a: Rillaboom\n|-supereffective|p1a: Rillaboom\n|-damage|p1a: Rillaboom|0 fnt\n|faint|p1a: Rillaboom\n|\n|upkeep\n|\n|t:|1769448130\n|switch|p1a: Zamazenta|Zamazenta-Crowned, L50|100/100\n|-ability|p1a: Zamazenta|Dauntless Shield|boost\n|-boost|p1a: Zamazenta|def|1\n|turn|2\n|\n|t:|1769448144\n|move|p1b: Chien-Pao|Protect|p1b: Chien-Pao\n|-singleturn|p1b: Chien-Pao|Protect\n|move|p2b: Roter Baron|Tailwind|p2b: Roter Baron\n|-sidestart|p2: marcxhenry|move: Tailwind\n|move|p2a: Eva|Power Whip|p1b: Chien-Pao\n|-activate|p1b: Chien-Pao|move: Protect\n|move|p1a: Zamazenta|Body Press|p2a: Eva\n|-damage|p2a: Eva|0 fnt\n|faint|p2a: Eva\n|\n|upkeep\n|\n|t:|1769448155\n|switch|p2a: Tripitz|Kyogre, L50, shiny|100/100\n|-weather|RainDance|[from] ability: Drizzle|[of] p2a: Tripitz\n|turn|3\n|\n|t:|1769448164\n|move|p1a: Zamazenta|Wide Guard|p1a: Zamazenta\n|-singleturn|p1a: Zamazenta|Wide Guard\n|move|p2b: Roter Baron|Acrobatics|p1b: Chien-Pao\n|-damage|p1b: Chien-Pao|20/100\n|move|p2a: Tripitz|Hydro Pump|p1b: Chien-Pao|[miss]\n|-miss|p2a: Tripitz|p1b: Chien-Pao\n|move|p1b: Chien-Pao|Icicle Crash|p2b: Roter Baron\n|-supereffective|p2b: Roter Baron\n|-damage|p2b: Roter Baron|0 fnt\n|faint|p2b: Roter Baron\n|-end|p2b: Roter Baron|Protosynthesis|[silent]\n|\n|-weather|RainDance|[upkeep]\n|-heal|p1b: Chien-Pao|25/100|[from] Grassy Terrain\n|upkeep\n|\n|t:|1769448176\n|switch|p2b: Ludwig|Calyrex-Shadow, L50|100/100\n|-ability|p2b: Ludwig|As One\n|-ability|p2b: Ludwig|Unnerve\n|turn|4\n|\n|t:|1769448197\n|move|p1b: Chien-Pao|Protect|p1b: Chien-Pao\n|-singleturn|p1b: Chien-Pao|Protect\n|move|p2b: Ludwig|Astral Barrage|p1b: Chien-Pao|[spread] p1a\n|-activate|p1b: Chien-Pao|move: Protect\n|-damage|p1a: Zamazenta|57/100\n|move|p2a: Tripitz|Origin Pulse|p1b: Chien-Pao|[spread] p1a\n|-activate|p1b: Chien-Pao|move: Protect\n|-damage|p1a: Zamazenta|0 fnt\n|faint|p1a: Zamazenta\n|\n|-weather|RainDance|[upkeep]\n|-heal|p1b: Chien-Pao|31/100|[from] Grassy Terrain\n|upkeep\n|\n|t:|1769448203\n|switch|p1a: Giratina|Giratina-Origin, L50|100/100\n|turn|5\n|\n|t:|1769448216\n|move|p2b: Ludwig|Protect|p2b: Ludwig\n|-singleturn|p2b: Ludwig|Protect\n|move|p1b: Chien-Pao|Ice Shard|p2b: Ludwig\n|-activate|p2b: Ludwig|move: Protect\n|move|p1a: Giratina|Shadow Sneak|p2b: Ludwig\n|-activate|p2b: Ludwig|move: Protect\n|move|p2a: Tripitz|Origin Pulse|p1b: Chien-Pao|[spread] p1a,p1b\n|-resisted|p1a: Giratina\n|-damage|p1a: Giratina|67/100\n|-damage|p1b: Chien-Pao|0 fnt\n|faint|p1b: Chien-Pao\n|\n|-weather|RainDance|[upkeep]\n|-sideend|p2: marcxhenry|move: Tailwind\n|-fieldend|move: Grassy Terrain\n|upkeep\n|turn|6\n|\n|t:|1769448229\n|-terastallize|p1a: Giratina|Fire\n|move|p2b: Ludwig|Astral Barrage|p1a: Giratina\n|-damage|p1a: Giratina|16/100\n|move|p2a: Tripitz|Water Spout|p1a: Giratina\n|-supereffective|p1a: Giratina\n|-damage|p1a: Giratina|0 fnt\n|faint|p1a: Giratina\n|\n|win|marcxhenry\n|raw|ee345's rating: 1345 &rarr; <strong>1334</strong><br />(-11 for losing)\n|raw|marcxhenry's rating: 1505 &rarr; <strong>1516</strong><br />(+11 for winning)\n|l|\u2606ee345\n|player|p1|\n|l|\u2606marcxhenry\n|player|p2|\n","uploadtime":1769448444,"views":11,"formatid":"gen9vgc2026regi","rating":1334,"private":0,"password":null}