{"id":"gen9vgc2026regi-2564676493","format":"[Gen 9] VGC 2026 Reg I","players":["darkest_contender","chenxiangruxie"],"log":"|j|\u2606darkest_contender\n|j|\u2606chenxiangruxie\n|t:|1774184912\n|gametype|doubles\n|player|p1|darkest_contender|cynthia-masters3|1406\n|player|p2|chenxiangruxie|dawn-gen4pt|1495\n|gen|9\n|tier|[Gen 9] VGC 2026 Reg I\n|rated|\n|rule|Species Clause: Limit one of each Pok\u00e9mon\n|rule|Item Clause: Limit 1 of each item\n|clearpoke\n|poke|p1|Calyrex-Shadow, L50|\n|poke|p1|Zamazenta-*, L50|\n|poke|p1|Ogerpon-Cornerstone, L50, F|\n|poke|p1|Flutter Mane, L50|\n|poke|p1|Whimsicott, L50, F|\n|poke|p1|Torkoal, L50, M|\n|poke|p2|Tornadus, L50, M|\n|poke|p2|Miraidon, L50|\n|poke|p2|Iron Moth, L50|\n|poke|p2|Urshifu-*, L50, F|\n|poke|p2|Calyrex-Ice, L50|\n|poke|p2|Landorus, L50, M|\n|teampreview|4\n|inactive|Battle timer is ON: inactive players will automatically lose when time's up. (requested by darkest_contender)\n|\n|t:|1774184944\n|teamsize|p1|4\n|teamsize|p2|4\n|start\n|switch|p1a: Calyrex|Calyrex-Shadow, L50|100/100\n|switch|p1b: Whimsicott|Whimsicott, L50, F|100/100\n|switch|p2a: Tornadus|Tornadus, L50, M|100/100\n|switch|p2b: Miraidon|Miraidon, L50|100/100\n|-ability|p1a: Calyrex|As One\n|-ability|p1a: Calyrex|Unnerve\n|-fieldstart|move: Electric Terrain|[from] ability: Hadron Engine|[of] p2b: Miraidon\n|turn|1\n|inactive|darkest_contender has 30 seconds left.\n|inactive|chenxiangruxie has 30 seconds left.\n|inactive|darkest_contender has 20 seconds left.\n|inactive|darkest_contender has 15 seconds left.\n|inactive|darkest_contender has 10 seconds left.\n|inactive|darkest_contender has 5 seconds left.\n|\n|t:|1774184999\n|move|p2a: Tornadus|Tailwind|p2a: Tornadus\n|-sidestart|p2: chenxiangruxie|move: Tailwind\n|move|p2b: Miraidon|Snarl|p1a: Calyrex|[spread] p1a,p1b\n|-supereffective|p1a: Calyrex\n|-resisted|p1b: Whimsicott\n|-damage|p1a: Calyrex|5/100\n|-damage|p1b: Whimsicott|85/100\n|-unboost|p1a: Calyrex|spa|1\n|move|p1a: Calyrex|Astral Barrage|p2b: Miraidon|[spread] p2a,p2b\n|-damage|p2a: Tornadus|51/100\n|-damage|p2b: Miraidon|64/100\n|move|p1b: Whimsicott|Moonblast|p2a: Tornadus\n|-damage|p2a: Tornadus|15/100\n|\n|upkeep\n|turn|2\n|inactive|darkest_contender has 30 seconds left.\n|inactive|darkest_contender has 20 seconds left.\n|inactive|darkest_contender has 15 seconds left.\n|inactive|darkest_contender has 10 seconds left.\n|inactive|darkest_contender has 5 seconds left.\n|\n|t:|1774185054\n|move|p2b: Miraidon|Snarl|p1b: Whimsicott|[spread] p1a,p1b\n|-supereffective|p1a: Calyrex\n|-resisted|p1b: Whimsicott\n|-crit|p1b: Whimsicott\n|-damage|p1a: Calyrex|0 fnt\n|-damage|p1b: Whimsicott|62/100\n|faint|p1a: Calyrex\n|move|p2a: Tornadus|Bleakwind Storm|p1b: Whimsicott|[miss]\n|-miss|p2a: Tornadus|p1b: Whimsicott\n|move|p1b: Whimsicott|Moonblast|p2b: Miraidon\n|-supereffective|p2b: Miraidon\n|-damage|p2b: Miraidon|8/100\n|-unboost|p2b: Miraidon|spa|1\n|\n|upkeep\n|inactive|darkest_contender has 30 seconds left.\n|\n|t:|1774185081\n|switch|p1a: Flutter Mane|Flutter Mane, L50|100/100\n|-enditem|p1a: Flutter Mane|Booster Energy\n|-activate|p1a: Flutter Mane|ability: Protosynthesis|[fromitem]\n|-start|p1a: Flutter Mane|protosynthesisspe\n|turn|3\n|\n|t:|1774185099\n|switch|p2b: Iron Moth|Iron Moth, L50|100/100\n|-activate|p2b: Iron Moth|ability: Quark Drive\n|-start|p2b: Iron Moth|quarkdrivespe\n|move|p2a: Tornadus|Protect|p2a: Tornadus\n|-singleturn|p2a: Tornadus|Protect\n|move|p1b: Whimsicott|Tailwind|p1b: Whimsicott\n|-sidestart|p1: darkest_contender|move: Tailwind\n|move|p1a: Flutter Mane|Icy Wind|p2b: Iron Moth|[spread] p2b\n|-activate|p2a: Tornadus|move: Protect\n|-resisted|p2b: Iron Moth\n|-damage|p2b: Iron Moth|94/100\n|-unboost|p2b: Iron Moth|spe|1\n|\n|upkeep\n|turn|4\n|inactive|chenxiangruxie has 30 seconds left.\n|inactive|chenxiangruxie has 20 seconds left.\n|inactive|chenxiangruxie has 15 seconds left.\n|inactive|chenxiangruxie has 10 seconds left.\n|\n|t:|1774185151\n|move|p1a: Flutter Mane|Shadow Ball|p2b: Iron Moth\n|-damage|p2b: Iron Moth|52/100\n|move|p1b: Whimsicott|Moonblast|p2a: Tornadus\n|-damage|p2a: Tornadus|0 fnt\n|faint|p2a: Tornadus\n|move|p2b: Iron Moth|Meteor Beam||[still]\n|-prepare|p2b: Iron Moth|Meteor Beam\n|-boost|p2b: Iron Moth|spa|1\n|-enditem|p2b: Iron Moth|Power Herb\n|-anim|p2b: Iron Moth|Meteor Beam|p1a: Flutter Mane\n|-damage|p1a: Flutter Mane|34/100\n|\n|-sideend|p2: chenxiangruxie|move: Tailwind\n|upkeep\n|\n|t:|1774185164\n|switch|p2a: Urshifu|Urshifu-Rapid-Strike, L50, F|100/100\n|turn|5\n|inactive|chenxiangruxie has 30 seconds left.\n|\n|t:|1774185189\n|-end|p1a: Flutter Mane|Protosynthesis|[silent]\n|switch|p1a: Ogerpon|Ogerpon-Cornerstone, L50, F|100/100\n|-terastallize|p2a: Urshifu|Normal\n|move|p1b: Whimsicott|Moonblast|p2a: Urshifu\n|-crit|p2a: Urshifu\n|-damage|p2a: Urshifu|39/100\n|-unboost|p2a: Urshifu|spa|1\n|move|p2b: Iron Moth|Heat Wave|p1a: Ogerpon|[spread] p1a,p1b\n|-supereffective|p1b: Whimsicott\n|-damage|p1a: Ogerpon|40/100\n|-damage|p1b: Whimsicott|0 fnt\n|faint|p1b: Whimsicott\n|move|p2a: Urshifu|Surging Strikes|p1a: Ogerpon\n|-crit|p1a: Ogerpon\n|-damage|p1a: Ogerpon|2/100\n|-crit|p1a: Ogerpon\n|-damage|p1a: Ogerpon|0 fnt\n|faint|p1a: Ogerpon\n|-hitcount|p1: Ogerpon|2\n|\n|-fieldend|move: Electric Terrain\n|-end|p2b: Iron Moth|Quark Drive\n|upkeep\n|\n|t:|1774185200\n|switch|p1a: Flutter Mane|Flutter Mane, L50|34/100\n|turn|6\n|\n|t:|1774185213\n|move|p1a: Flutter Mane|Moonblast|p2a: Urshifu\n|-damage|p2a: Urshifu|0 fnt\n|faint|p2a: Urshifu\n|move|p2b: Iron Moth|Energy Ball|p1a: Flutter Mane\n|-damage|p1a: Flutter Mane|0 fnt\n|faint|p1a: Flutter Mane\n|-end|p1a: Flutter Mane|Protosynthesis|[silent]\n|\n|win|chenxiangruxie\n|raw|darkest_contender's rating: 1406 &rarr; <strong>1391</strong><br />(-15 for losing)\n|raw|chenxiangruxie's rating: 1495 &rarr; <strong>1510</strong><br />(+15 for winning)\n|l|\u2606chenxiangruxie\n|player|p2|\n|l|\u2606darkest_contender\n|player|p1|\n","uploadtime":1774185475,"views":9,"formatid":"gen9vgc2026regi","rating":1391,"private":0,"password":null}