{"id":"gen9vgc2026regi-2565916375","format":"[Gen 9] VGC 2026 Reg I","players":["lstdddsg","Bayo93"],"log":"|j|\u2606lstdddsg\n|j|\u2606Bayo93\n|t:|1774317551\n|gametype|doubles\n|player|p1|lstdddsg|riley|1513\n|player|p2|Bayo93|2|1471\n|gen|9\n|tier|[Gen 9] VGC 2026 Reg I\n|rated|\n|rule|Species Clause: Limit one of each Pok\u00e9mon\n|rule|Item Clause: Limit 1 of each item\n|clearpoke\n|poke|p1|Giratina-Origin, L50|\n|poke|p1|Zamazenta-*, L50|\n|poke|p1|Chien-Pao, L50|\n|poke|p1|Entei, L50|\n|poke|p1|Urshifu-*, L50, M|\n|poke|p1|Rillaboom, L50, F|\n|poke|p2|Zacian-*, L50|\n|poke|p2|Kyogre, L50|\n|poke|p2|Landorus, L50, M|\n|poke|p2|Chien-Pao, L50|\n|poke|p2|Tornadus, L50, M|\n|poke|p2|Roaring Moon, L50|\n|teampreview|4\n|inactive|Battle timer is ON: inactive players will automatically lose when time's up. (requested by lstdddsg)\n|j| ashkepchump\n|l| ashkepchump\n|inactive|lstdddsg has 60 seconds left.\n|inactive|Bayo93 has 60 seconds left.\n|\n|t:|1774317603\n|teamsize|p1|4\n|teamsize|p2|4\n|start\n|switch|p1a: Chien-Pao|Chien-Pao, L50|100/100\n|switch|p1b: Rillaboom|Rillaboom, L50, F|100/100\n|switch|p2a: Zacian|Zacian-Crowned, L50|100/100\n|switch|p2b: Tornadus|Tornadus, L50, M|100/100\n|-ability|p2a: Zacian|Intrepid Sword|boost\n|-boost|p2a: Zacian|atk|1\n|-ability|p1a: Chien-Pao|Sword of Ruin\n|-fieldstart|move: Grassy Terrain|[from] ability: Grassy Surge|[of] p1b: Rillaboom\n|turn|1\n|j| ashkepchump\n|inactive|lstdddsg has 30 seconds left.\n|inactive|Bayo93 has 30 seconds left.\n|inactive|Bayo93 has 20 seconds left.\n|inactive|Bayo93 has 15 seconds left.\n|inactive|Bayo93 has 10 seconds left.\n|inactive|Bayo93 has 5 seconds left.\n|\n|t:|1774317653\n|switch|p2b: Kyogre|Kyogre, L50|100/100\n|-weather|RainDance|[from] ability: Drizzle|[of] p2b: Kyogre\n|move|p1b: Rillaboom|Fake Out|p2a: Zacian\n|-resisted|p2a: Zacian\n|-damage|p2a: Zacian|93/100\n|cant|p2a: Zacian|flinch\n|move|p1a: Chien-Pao|Icicle Crash|p2b: Kyogre\n|-resisted|p2b: Kyogre\n|-damage|p2b: Kyogre|75/100\n|\n|-weather|RainDance|[upkeep]\n|-heal|p2a: Zacian|99/100|[from] Grassy Terrain\n|-heal|p2b: Kyogre|82/100|[from] Grassy Terrain\n|upkeep\n|turn|2\n|inactive|Bayo93 has 30 seconds left.\n|inactive|Bayo93 has 20 seconds left.\n|inactive|Bayo93 has 15 seconds left.\n|inactive|Bayo93 has 10 seconds left.\n|l| ashkepchump\n|\n|t:|1774317703\n|move|p1a: Chien-Pao|Protect|p1a: Chien-Pao\n|-singleturn|p1a: Chien-Pao|Protect\n|move|p2b: Kyogre|Protect|p2b: Kyogre\n|-singleturn|p2b: Kyogre|Protect\n|move|p2a: Zacian|Substitute|p2a: Zacian\n|-start|p2a: Zacian|Substitute\n|-damage|p2a: Zacian|74/100\n|move|p1b: Rillaboom|U-turn|p2a: Zacian\n|-resisted|p2a: Zacian\n|-activate|p2a: Zacian|move: Substitute|[damage]\n|\n|t:|1774317714\n|switch|p1b: Urshifu|Urshifu-Rapid-Strike, L50, M|100/100|[from] U-turn\n|\n|-weather|RainDance|[upkeep]\n|-heal|p2a: Zacian|80/100|[from] Grassy Terrain\n|-heal|p2b: Kyogre|88/100|[from] Grassy Terrain\n|upkeep\n|turn|3\n|j| zacattack110\n|j| ashkepchump\n|inactive|Bayo93 has 30 seconds left.\n|\n|t:|1774317739\n|-terastallize|p1b: Urshifu|Water\n|move|p1b: Urshifu|Surging Strikes|p2a: Zacian\n|-crit|p2a: Zacian\n|-end|p2a: Zacian|Substitute\n|-crit|p2a: Zacian\n|-damage|p2a: Zacian|29/100\n|-crit|p2a: Zacian\n|-damage|p2a: Zacian|0 fnt\n|faint|p2a: Zacian\n|-hitcount|p2: Zacian|3\n|move|p1a: Chien-Pao|Ruination|p2b: Kyogre\n|-damage|p2b: Kyogre|44/100\n|move|p2b: Kyogre|Origin Pulse|p1a: Chien-Pao|[spread] p1a\n|-miss|p2b: Kyogre|p1b: Urshifu\n|-enditem|p1a: Chien-Pao|Focus Sash\n|-damage|p1a: Chien-Pao|1/100\n|\n|-weather|RainDance|[upkeep]\n|-heal|p1a: Chien-Pao|7/100|[from] Grassy Terrain\n|-heal|p2b: Kyogre|50/100|[from] Grassy Terrain\n|upkeep\n|\n|t:|1774317756\n|switch|p2a: Tornadus|Tornadus, L50, M|100/100\n|turn|4\n|inactive|Bayo93 has 30 seconds left.\n|\n|t:|1774317788\n|switch|p2b: Landorus|Landorus, L50, M|100/100\n|move|p1a: Chien-Pao|Sucker Punch||[still]\n|-fail|p1a: Chien-Pao\n|move|p2a: Tornadus|Tailwind|p2a: Tornadus\n|-sidestart|p2: Bayo93|move: Tailwind\n|move|p1b: Urshifu|Surging Strikes|p2a: Tornadus\n|-crit|p2a: Tornadus\n|-damage|p2a: Tornadus|12/100\n|-crit|p2a: Tornadus\n|-damage|p2a: Tornadus|0 fnt\n|faint|p2a: Tornadus\n|-hitcount|p2: Tornadus|2\n|\n|-weather|RainDance|[upkeep]\n|-heal|p1a: Chien-Pao|13/100|[from] Grassy Terrain\n|upkeep\n|\n|t:|1774317797\n|switch|p2a: Kyogre|Kyogre, L50|50/100\n|turn|5\n|inactive|lstdddsg has 30 seconds left.\n|inactive|Bayo93 has 30 seconds left.\n|inactive|lstdddsg has 20 seconds left.\n|inactive|Bayo93 has 20 seconds left.\n|inactive|Bayo93 has 15 seconds left.\n|\n|t:|1774317839\n|switch|p1b: Rillaboom|Rillaboom, L50, F|100/100\n|move|p1a: Chien-Pao|Protect|p1a: Chien-Pao\n|-singleturn|p1a: Chien-Pao|Protect\n|move|p2b: Landorus|Sandsear Storm|p1b: Rillaboom|[spread] p1b\n|-activate|p1a: Chien-Pao|move: Protect\n|-resisted|p1b: Rillaboom\n|-damage|p1b: Rillaboom|78/100\n|move|p2a: Kyogre|Origin Pulse|p1a: Chien-Pao|[spread] \n|-activate|p1a: Chien-Pao|move: Protect\n|-miss|p2a: Kyogre|p1b: Rillaboom\n|\n|-weather|none\n|-heal|p2a: Kyogre|57/100|[from] Grassy Terrain\n|-heal|p1a: Chien-Pao|19/100|[from] Grassy Terrain\n|-heal|p1b: Rillaboom|83/100|[from] Grassy Terrain\n|-fieldend|move: Grassy Terrain\n|upkeep\n|turn|6\n|inactive|lstdddsg has 30 seconds left.\n|inactive|Bayo93 has 30 seconds left.\n|\n|t:|1774317873\n|-terastallize|p2a: Kyogre|Grass\n|move|p1a: Chien-Pao|Sucker Punch|p2a: Kyogre\n|-damage|p2a: Kyogre|13/100\n|move|p2b: Landorus|Sandsear Storm|p1a: Chien-Pao|[spread] p1a,p1b\n|-resisted|p1b: Rillaboom\n|-damage|p1a: Chien-Pao|0 fnt\n|-damage|p1b: Rillaboom|60/100\n|faint|p1a: Chien-Pao\n|move|p2a: Kyogre|Origin Pulse|p1b: Rillaboom\n|-resisted|p1b: Rillaboom\n|-damage|p1b: Rillaboom|28/100\n|move|p1b: Rillaboom|U-turn|p2a: Kyogre\n|-supereffective|p2a: Kyogre\n|-damage|p2a: Kyogre|0 fnt\n|faint|p2a: Kyogre\n|-message|Bayo93 forfeited.\n|\n|win|lstdddsg\n|raw|lstdddsg's rating: 1513 &rarr; <strong>1531</strong><br />(+18 for winning)\n|raw|Bayo93's rating: 1471 &rarr; <strong>1453</strong><br />(-18 for losing)\n|l|\u2606Bayo93\n|player|p2|\n","uploadtime":1774317890,"views":27,"formatid":"gen9vgc2026regi","rating":1453,"private":0,"password":null}