{"id":"gen9vgc2026regi-2549838249","format":"[Gen 9] VGC 2026 Reg I","players":["skibidikoraidon187","cdogp3"],"log":"|j|\u2606skibidikoraidon187\n|j|\u2606cdogp3\n|t:|1772415098\n|gametype|doubles\n|player|p1|skibidikoraidon187|2|1411\n|player|p2|cdogp3|hoopster|1667\n|gen|9\n|tier|[Gen 9] VGC 2026 Reg I\n|rated|\n|rule|Species Clause: Limit one of each Pok\u00e9mon\n|rule|Item Clause: Limit 1 of each item\n|clearpoke\n|poke|p1|Miraidon, L50|\n|poke|p1|Groudon, L50|\n|poke|p1|Volcarona, L50, F|\n|poke|p1|Incineroar, L50, M|\n|poke|p1|Grimmsnarl, L50, M|\n|poke|p1|Ditto, L50|\n|poke|p2|Sneasler, L50, M|\n|poke|p2|Ditto, L50|\n|poke|p2|Calyrex-Ice, L50|\n|poke|p2|Miraidon, L50|\n|poke|p2|Urshifu-*, L50, M|\n|poke|p2|Incineroar, L50, F|\n|teampreview|4\n|inactive|Battle timer is ON: inactive players will automatically lose when time's up. (requested by cdogp3)\n|inactive|skibidikoraidon187 has 60 seconds left.\n|inactive|cdogp3 has 60 seconds left.\n|inactive|cdogp3 has 30 seconds left.\n|inactive|cdogp3 has 20 seconds left.\n|\n|t:|1772415169\n|teamsize|p1|4\n|teamsize|p2|4\n|start\n|switch|p1a: Grimmsnarl|Grimmsnarl, L50, M|100/100\n|switch|p1b: Volcarona|Volcarona, L50, F|100/100\n|switch|p2a: Calyrex|Calyrex-Ice, L50|100/100\n|switch|p2b: Miraidon|Miraidon, L50|100/100\n|-ability|p2a: Calyrex|As One\n|-ability|p2a: Calyrex|Unnerve\n|-fieldstart|move: Electric Terrain|[from] ability: Hadron Engine|[of] p2b: Miraidon\n|turn|1\n|inactive|skibidikoraidon187 has 30 seconds left.\n|\n|t:|1772415203\n|-terastallize|p2a: Calyrex|Water\n|move|p1b: Volcarona|Protect|p1b: Volcarona\n|-singleturn|p1b: Volcarona|Protect\n|move|p1a: Grimmsnarl|Reflect|p1a: Grimmsnarl\n|-sidestart|p1: skibidikoraidon187|Reflect\n|move|p2b: Miraidon|Volt Switch|p1b: Volcarona\n|-activate|p1b: Volcarona|move: Protect\n|move|p2a: Calyrex|Glacial Lance|p1b: Volcarona|[spread] p1a\n|-activate|p1b: Volcarona|move: Protect\n|-damage|p1a: Grimmsnarl|62/100\n|\n|upkeep\n|turn|2\n|\n|t:|1772415219\n|move|p1a: Grimmsnarl|Thunder Wave|p2a: Calyrex\n|-status|p2a: Calyrex|par\n|move|p2b: Miraidon|Volt Switch|p1b: Volcarona\n|-damage|p1b: Volcarona|7/100\n|-damage|p2b: Miraidon|91/100|[from] item: Life Orb\n|\n|t:|1772415225\n|switch|p2b: Urshifu|Urshifu-Rapid-Strike, L50, M|100/100|[from] Volt Switch\n|move|p1b: Volcarona|Quiver Dance|p1b: Volcarona\n|-boost|p1b: Volcarona|spa|1\n|-boost|p1b: Volcarona|spd|1\n|-boost|p1b: Volcarona|spe|1\n|move|p2a: Calyrex|Glacial Lance|p1a: Grimmsnarl|[spread] p1a,p1b\n|-resisted|p1b: Volcarona\n|-damage|p1a: Grimmsnarl|26/100\n|-damage|p1b: Volcarona|0 fnt\n|faint|p1b: Volcarona\n|-ability|p2a: Calyrex|Chilling Neigh|boost\n|-boost|p2a: Calyrex|atk|1\n|\n|upkeep\n|\n|t:|1772415242\n|switch|p1b: Ditto|Ditto, L50|100/100\n|-transform|p1b: Ditto|p2a: Calyrex|[from] ability: Imposter\n|-ability|p1b: Ditto|As One\n|-ability|p1b: Ditto|Unnerve\n|-start|p1b: Ditto|typechange|Psychic/Ice|[silent]\n|turn|3\n|\n|t:|1772415254\n|move|p1a: Grimmsnarl|Thunder Wave|p2b: Urshifu|[miss]\n|-miss|p1a: Grimmsnarl|p2b: Urshifu\n|move|p2b: Urshifu|Surging Strikes|p1b: Ditto\n|-crit|p1b: Ditto\n|-damage|p1b: Ditto|83/100\n|-crit|p1b: Ditto\n|-damage|p1b: Ditto|66/100\n|-crit|p1b: Ditto\n|-damage|p1b: Ditto|48/100\n|-hitcount|p1b: Ditto|3\n|move|p1b: Ditto|Glacial Lance|p2b: Urshifu|[spread] p2a,p2b\n|-resisted|p2a: Calyrex\n|-resisted|p2b: Urshifu\n|-damage|p2a: Calyrex|75/100 par\n|-damage|p2b: Urshifu|58/100\n|cant|p2a: Calyrex|par\n|\n|upkeep\n|turn|4\n|\n|t:|1772415270\n|move|p1a: Grimmsnarl|Thunder Wave|p2b: Urshifu\n|-status|p2b: Urshifu|par\n|move|p1b: Ditto|High Horsepower|p2b: Urshifu\n|-damage|p2b: Urshifu|0 fnt\n|faint|p2b: Urshifu\n|-ability|p1b: Ditto|Chilling Neigh|boost\n|-boost|p1b: Ditto|atk|1\n|cant|p2a: Calyrex|par\n|\n|upkeep\n|\n|t:|1772415276\n|switch|p2b: Miraidon|Miraidon, L50|91/100\n|-activate|p2b: Miraidon|ability: Hadron Engine\n|turn|5\n|inactive|skibidikoraidon187 has 30 seconds left.\n|\n|t:|1772415309\n|move|p2b: Miraidon|Volt Switch|p1b: Ditto\n|-damage|p1b: Ditto|0 fnt\n|faint|p1b: Ditto\n|-damage|p2b: Miraidon|81/100|[from] item: Life Orb\n|\n|t:|1772415314\n|switch|p2b: Ditto|Ditto, L50, shiny|100/100|[from] Volt Switch\n|-transform|p2b: Ditto|p1a: Grimmsnarl|[from] ability: Imposter\n|move|p1a: Grimmsnarl|Spirit Break|p2b: Ditto\n|-supereffective|p2b: Ditto\n|-damage|p2b: Ditto|15/100\n|-unboost|p2b: Ditto|spa|1\n|cant|p2a: Calyrex|par\n|\n|-fieldend|move: Electric Terrain\n|upkeep\n|j| udaydon128\n|\n|t:|1772415321\n|switch|p1b: Groudon|Groudon, L50|100/100\n|-weather|SunnyDay|[from] ability: Drought|[of] p1b: Groudon\n|turn|6\n|\n|t:|1772415332\n|-terastallize|p1b: Groudon|Fire\n|move|p2b: Ditto|Reflect|p2b: Ditto\n|-sidestart|p2: cdogp3|Reflect\n|move|p1b: Groudon|Brick Break|p2a: Calyrex\n|-sideend|p2: cdogp3|Reflect\n|-damage|p2a: Calyrex|55/100 par\n|move|p1a: Grimmsnarl|Spirit Break|p2b: Ditto\n|-supereffective|p2b: Ditto\n|-damage|p2b: Ditto|0 fnt\n|faint|p2b: Ditto\n|cant|p2a: Calyrex|par\n|\n|-weather|SunnyDay|[upkeep]\n|upkeep\n|\n|t:|1772415338\n|switch|p2b: Miraidon|Miraidon, L50|81/100\n|-fieldstart|move: Electric Terrain|[from] ability: Hadron Engine|[of] p2b: Miraidon\n|turn|7\n|\n|t:|1772415348\n|move|p2b: Miraidon|Protect|p2b: Miraidon\n|-singleturn|p2b: Miraidon|Protect\n|move|p1a: Grimmsnarl|Light Screen|p1a: Grimmsnarl\n|-sidestart|p1: skibidikoraidon187|move: Light Screen\n|move|p1b: Groudon|Precipice Blades|p2a: Calyrex|[spread] p2a\n|-activate|p2b: Miraidon|move: Protect\n|-damage|p2a: Calyrex|22/100 par\n|cant|p2a: Calyrex|par\n|\n|-weather|SunnyDay|[upkeep]\n|upkeep\n|turn|8\n|\n|t:|1772415358\n|move|p2b: Miraidon|Electro Drift|p1b: Groudon\n|-damage|p1b: Groudon|48/100\n|-damage|p2b: Miraidon|71/100|[from] item: Life Orb\n|move|p1b: Groudon|Precipice Blades|p2a: Calyrex|[spread] p2a,p2b\n|-supereffective|p2b: Miraidon\n|-damage|p2a: Calyrex|0 fnt\n|-damage|p2b: Miraidon|0 fnt\n|faint|p2a: Calyrex\n|faint|p2b: Miraidon\n|\n|win|skibidikoraidon187\n|raw|skibidikoraidon187's rating: 1411 &rarr; <strong>1444</strong><br />(+33 for winning)\n|raw|cdogp3's rating: 1667 &rarr; <strong>1634</strong><br />(-33 for losing)\n|l|\u2606cdogp3\n|player|p2|\n|l|\u2606skibidikoraidon187\n|player|p1|\n","uploadtime":1772415553,"views":21,"formatid":"gen9vgc2026regi","rating":1444,"private":0,"password":null}