{"id":"gen9vgc2026regi-2560753138","format":"[Gen 9] VGC 2026 Reg I","players":["vestige666","be g 1000"],"log":"|j|\u2606vestige666\n|j|\u203dbe g 1000\n|t:|1773720762\n|gametype|doubles\n|player|p1|vestige666|blackbelt-gen4dp|1310\n|player|p2|be g 1000|cynthia|1385\n|gen|9\n|tier|[Gen 9] VGC 2026 Reg I\n|rated|\n|rule|Species Clause: Limit one of each Pok\u00e9mon\n|rule|Item Clause: Limit 1 of each item\n|clearpoke\n|poke|p1|Rayquaza, L50|\n|poke|p1|Calyrex-Shadow, L50|\n|poke|p1|Tornadus, L50, M|\n|poke|p1|Smeargle, L50, F|\n|poke|p1|Urshifu-*, L50, F|\n|poke|p1|Clefairy, L50, M|\n|poke|p2|Miraidon, L50|\n|poke|p2|Ho-Oh, L50|\n|poke|p2|Grimmsnarl, L50, M|\n|poke|p2|Farigiraf, L50, M|\n|poke|p2|Iron Hands, L50|\n|poke|p2|Urshifu-*, L50, F|\n|teampreview|4\n|\n|t:|1773720800\n|teamsize|p1|4\n|teamsize|p2|4\n|start\n|switch|p1a: Rayquaza|Rayquaza, L50|100/100\n|switch|p1b: Smeargle|Smeargle, L50, F|100/100\n|switch|p2a: Miraidon|Miraidon, L50|100/100\n|switch|p2b: Grimmsnarl|Grimmsnarl, L50, M|100/100\n|-fieldstart|move: Electric Terrain|[from] ability: Hadron Engine|[of] p2a: Miraidon\n|-ability|p1a: Rayquaza|Air Lock\n|turn|1\n|inactive|Battle timer is ON: inactive players will automatically lose when time's up. (requested by vestige666)\n|\n|t:|1773720815\n|move|p1b: Smeargle|Fake Out|p2a: Miraidon\n|-damage|p2a: Miraidon|95/100\n|move|p2b: Grimmsnarl|Reflect|p2b: Grimmsnarl\n|-sidestart|p2: be g 1000|Reflect\n|cant|p2a: Miraidon|flinch\n|move|p1a: Rayquaza|Swords Dance|p1a: Rayquaza\n|-boost|p1a: Rayquaza|atk|2\n|\n|-ability|p1b: Smeargle|Moody|boost\n|-boost|p1b: Smeargle|spd|2\n|-unboost|p1b: Smeargle|spe|1\n|upkeep\n|turn|2\n|\n|t:|1773720832\n|move|p1a: Rayquaza|Protect|p1a: Rayquaza\n|-singleturn|p1a: Rayquaza|Protect\n|move|p2b: Grimmsnarl|Thunder Wave|p1a: Rayquaza\n|-activate|p1a: Rayquaza|move: Protect\n|move|p2a: Miraidon|Electro Drift|p1a: Rayquaza\n|-activate|p1a: Rayquaza|move: Protect\n|move|p1b: Smeargle|Decorate|p1a: Rayquaza\n|-boost|p1a: Rayquaza|atk|2\n|-boost|p1a: Rayquaza|spa|2\n|\n|-ability|p1b: Smeargle|Moody|boost\n|-boost|p1b: Smeargle|def|2\n|-unboost|p1b: Smeargle|spe|1\n|upkeep\n|turn|3\n|\n|t:|1773720855\n|-terastallize|p2a: Miraidon|Electric\n|-terastallize|p1a: Rayquaza|Normal\n|move|p1a: Rayquaza|Extreme Speed|p2a: Miraidon\n|-damage|p2a: Miraidon|0 fnt\n|faint|p2a: Miraidon\n|move|p1b: Smeargle|Follow Me|p1b: Smeargle\n|-singleturn|p1b: Smeargle|move: Follow Me\n|move|p2b: Grimmsnarl|Thunder Wave|p1b: Smeargle\n|-status|p1b: Smeargle|par\n|\n|-ability|p1b: Smeargle|Moody|boost\n|-boost|p1b: Smeargle|spe|2\n|-unboost|p1b: Smeargle|def|1\n|upkeep\n|inactive|be g 1000 has 30 seconds left.\n|l|\u203dbe g 1000\n|inactive|be g 1000 disconnected and has a minute to reconnect!\n|player|p2|\n|j|\u203dbe g 1000\n|inactive|be g 1000 reconnected and has 25 seconds left.\n|player|p2|be g 1000|cynthia|\n|n|\u203dbe g 1000|beg1000\n|c|\u2606vestige666|xd\n|inactive|be g 1000 has 20 seconds left.\n|c|\u2606vestige666|fkn noob\n|inactive|be g 1000 has 15 seconds left.\n|\n|t:|1773720897\n|switch|p2a: Iron Hands|Iron Hands, L50|100/100\n|-activate|p2a: Iron Hands|ability: Quark Drive\n|-start|p2a: Iron Hands|quarkdriveatk\n|turn|4\n|\n|t:|1773720911\n|switch|p2b: Farigiraf|Farigiraf, L50, M|100/100\n|move|p1a: Rayquaza|Protect|p1a: Rayquaza\n|-singleturn|p1a: Rayquaza|Protect\n|move|p1b: Smeargle|Decorate|p1a: Rayquaza\n|-boost|p1a: Rayquaza|atk|2\n|-boost|p1a: Rayquaza|spa|2\n|move|p2a: Iron Hands|Low Kick|p1a: Rayquaza\n|-activate|p1a: Rayquaza|move: Protect\n|\n|-ability|p1b: Smeargle|Moody|boost\n|-boost|p1b: Smeargle|atk|2\n|-unboost|p1b: Smeargle|spa|1\n|upkeep\n|turn|5\n|\n|t:|1773720931\n|-end|p2a: Iron Hands|Quark Drive|[silent]\n|switch|p2a: Grimmsnarl|Grimmsnarl, L50, M|100/100\n|move|p1b: Smeargle|Follow Me|p1b: Smeargle\n|-singleturn|p1b: Smeargle|move: Follow Me\n|move|p1a: Rayquaza|Dragon Ascent|p2b: Farigiraf\n|-damage|p2b: Farigiraf|0 fnt\n|-unboost|p1a: Rayquaza|def|1\n|-unboost|p1a: Rayquaza|spd|1\n|faint|p2b: Farigiraf\n|\n|-fieldend|move: Electric Terrain\n|-ability|p1b: Smeargle|Moody|boost\n|-boost|p1b: Smeargle|spe|2\n|-unboost|p1b: Smeargle|spd|1\n|upkeep\n|c|\u2606vestige666|Sry I thought u left\n|\n|t:|1773720954\n|switch|p2b: Iron Hands|Iron Hands, L50|100/100\n|turn|6\n|\n|t:|1773720963\n|cant|p1b: Smeargle|par\n|move|p1a: Rayquaza|Extreme Speed|p2b: Iron Hands\n|-damage|p2b: Iron Hands|13/100\n|move|p2a: Grimmsnarl|Thunder Wave|p1a: Rayquaza\n|-status|p1a: Rayquaza|par\n|move|p2b: Iron Hands|Drain Punch|p1a: Rayquaza\n|-supereffective|p1a: Rayquaza\n|-damage|p1a: Rayquaza|0 fnt\n|-heal|p2b: Iron Hands|57/100|[from] drain|[of] p1a: Rayquaza\n|faint|p1a: Rayquaza\n|\n|-ability|p1b: Smeargle|Moody|boost\n|-boost|p1b: Smeargle|spa|2\n|-unboost|p1b: Smeargle|spd|1\n|upkeep\n|\n|t:|1773720982\n|switch|p1a: Calyrex|Calyrex-Shadow, L50|100/100\n|-ability|p1a: Calyrex|As One\n|-ability|p1a: Calyrex|Unnerve\n|turn|7\n|\n|t:|1773720994\n|move|p1a: Calyrex|Protect|p1a: Calyrex\n|-singleturn|p1a: Calyrex|Protect\n|move|p2a: Grimmsnarl|Light Screen|p2a: Grimmsnarl\n|-sidestart|p2: be g 1000|move: Light Screen\n|move|p1b: Smeargle|Decorate|p1a: Calyrex\n|-boost|p1a: Calyrex|atk|2\n|-boost|p1a: Calyrex|spa|2\n|move|p2b: Iron Hands|Drain Punch|p1b: Smeargle\n|-supereffective|p1b: Smeargle\n|-crit|p1b: Smeargle\n|-enditem|p1b: Smeargle|Focus Sash\n|-damage|p1b: Smeargle|1/100 par\n|-heal|p2b: Iron Hands|84/100|[from] drain|[of] p1b: Smeargle\n|\n|-ability|p1b: Smeargle|Moody|boost\n|-boost|p1b: Smeargle|spa|2\n|-unboost|p1b: Smeargle|spd|1\n|upkeep\n|turn|8\n|\n|t:|1773721019\n|move|p1b: Smeargle|Follow Me|p1b: Smeargle\n|-singleturn|p1b: Smeargle|move: Follow Me\n|move|p1a: Calyrex|Psychic|p2b: Iron Hands\n|-supereffective|p2b: Iron Hands\n|-damage|p2b: Iron Hands|0 fnt\n|faint|p2b: Iron Hands\n|-end|p2b: Iron Hands|Quark Drive|[silent]\n|-ability|p1a: Calyrex|Grim Neigh|boost\n|-boost|p1a: Calyrex|spa|1\n|-damage|p1a: Calyrex|91/100|[from] item: Life Orb\n|move|p2a: Grimmsnarl|Spirit Break|p1b: Smeargle\n|-damage|p1b: Smeargle|0 fnt\n|faint|p1b: Smeargle\n|\n|-sideend|p2: be g 1000|Reflect\n|upkeep\n|\n|t:|1773721035\n|switch|p1b: Clefairy|Clefairy, L50, M|100/100\n|turn|9\n|\n|t:|1773721043\n|move|p1b: Clefairy|Follow Me|p1b: Clefairy\n|-singleturn|p1b: Clefairy|move: Follow Me\n|move|p1a: Calyrex|Nasty Plot|p1a: Calyrex\n|-boost|p1a: Calyrex|spa|2\n|move|p2a: Grimmsnarl|Spirit Break|p1b: Clefairy\n|-damage|p1b: Clefairy|78/100\n|-unboost|p1b: Clefairy|spa|1\n|\n|upkeep\n|turn|10\n|\n|t:|1773721055\n|move|p1b: Clefairy|Follow Me|p1b: Clefairy\n|-singleturn|p1b: Clefairy|move: Follow Me\n|move|p1a: Calyrex|Nasty Plot|p1a: Calyrex\n|-boost|p1a: Calyrex|spa|1\n|move|p2a: Grimmsnarl|Spirit Break|p1b: Clefairy\n|-damage|p1b: Clefairy|54/100\n|-unboost|p1b: Clefairy|spa|1\n|\n|upkeep\n|turn|11\n|\n|t:|1773721068\n|move|p1b: Clefairy|Helping Hand|p1a: Calyrex\n|-singleturn|p1a: Calyrex|Helping Hand|[of] p1b: Clefairy\n|move|p2a: Grimmsnarl|Thunder Wave|p1a: Calyrex\n|-status|p1a: Calyrex|par\n|move|p1a: Calyrex|Astral Barrage|p2a: Grimmsnarl\n|-resisted|p2a: Grimmsnarl\n|-damage|p2a: Grimmsnarl|0 fnt\n|faint|p2a: Grimmsnarl\n|-damage|p1a: Calyrex|81/100 par|[from] item: Life Orb\n|\n|win|vestige666\n|raw|vestige666's rating: 1310 &rarr; <strong>1334</strong><br />(+24 for winning)\n|raw|be g 1000's rating: 1385 &rarr; <strong>1361</strong><br />(-24 for losing)\n","uploadtime":1773721248,"views":14,"formatid":"gen9vgc2026regi","rating":1334,"private":0,"password":null}