{"id":"gen9vgc2026regi-2565660587","format":"[Gen 9] VGC 2026 Reg I","players":["Memo22","Mirthinion"],"log":"|j|\u2606Memo22\n|j|\u2606Mirthinion\n|t:|1774293241\n|gametype|doubles\n|player|p1|Memo22|1|1252\n|player|p2|Mirthinion|janitor|1344\n|gen|9\n|tier|[Gen 9] VGC 2026 Reg I\n|rated|\n|rule|Species Clause: Limit one of each Pok\u00e9mon\n|rule|Item Clause: Limit 1 of each item\n|clearpoke\n|poke|p1|Calyrex-Shadow, L50|\n|poke|p1|Zamazenta-*, L50|\n|poke|p1|Chien-Pao, L50|\n|poke|p1|Raging Bolt, L50|\n|poke|p1|Whimsicott, L50, F|\n|poke|p1|Ogerpon-Wellspring, L50, F|\n|poke|p2|Calyrex-Shadow, L50|\n|poke|p2|Zamazenta-*, L50|\n|poke|p2|Urshifu-*, L50, M|\n|poke|p2|Incineroar, L50, M|\n|poke|p2|Rillaboom, L50, M|\n|poke|p2|Tornadus, L50, M|\n|teampreview|4\n|inactive|Battle timer is ON: inactive players will automatically lose when time's up. (requested by Mirthinion)\nMirthinion rejected open team sheets.\n|\n|t:|1774293260\n|teamsize|p1|4\n|teamsize|p2|4\n|start\n|switch|p1a: Whimsicott|Whimsicott, L50, F|100/100\n|switch|p1b: Ogerpon|Ogerpon-Wellspring, L50, F|100/100\n|switch|p2a: Vangwe|Tornadus, L50, M|100/100\n|switch|p2b: Beowulf|Urshifu-Rapid-Strike, L50, M|100/100\n|turn|1\n|inactive|Memo22 has 30 seconds left.\n|\n|t:|1774293291\n|move|p1a: Whimsicott|Taunt|p2a: Vangwe\n|-start|p2a: Vangwe|move: Taunt\n|move|p1b: Ogerpon|Horn Leech|p2b: Beowulf\n|-supereffective|p2b: Beowulf\n|-damage|p2b: Beowulf|21/100\n|move|p2b: Beowulf|U-turn|p1b: Ogerpon\n|-supereffective|p1b: Ogerpon\n|-damage|p1b: Ogerpon|20/100\n|\n|t:|1774293300\n|switch|p2b: Drambor|Zamazenta-Crowned, L50|100/100|[from] U-turn\n|-ability|p2b: Drambor|Dauntless Shield|boost\n|-boost|p2b: Drambor|def|1\n|move|p2a: Vangwe|Bleakwind Storm|p1b: Ogerpon|[spread] p1a,p1b\n|-supereffective|p1a: Whimsicott\n|-supereffective|p1b: Ogerpon\n|-damage|p1a: Whimsicott|24/100\n|-damage|p1b: Ogerpon|0 fnt\n|faint|p1b: Ogerpon\n|\n|upkeep\n|\n|t:|1774293310\n|switch|p1b: protec|Zamazenta-Crowned, L50|100/100\n|-ability|p1b: protec|Dauntless Shield|boost\n|-boost|p1b: protec|def|1\n|turn|2\n|\n|t:|1774293323\n|switch|p2a: Mithrandir|Calyrex-Shadow, L50|100/100\n|-ability|p2a: Mithrandir|As One\n|-ability|p2a: Mithrandir|Unnerve\n|-terastallize|p2b: Drambor|Grass\n|move|p1b: protec|Wide Guard|p1b: protec\n|-singleturn|p1b: protec|Wide Guard\n|move|p2b: Drambor|Behemoth Bash|p1a: Whimsicott\n|-supereffective|p1a: Whimsicott\n|-damage|p1a: Whimsicott|0 fnt\n|faint|p1a: Whimsicott\n|\n|upkeep\n|\n|t:|1774293335\n|switch|p1a: PinkPonyClub|Calyrex-Shadow, L50|100/100\n|-ability|p1a: PinkPonyClub|As One\n|-ability|p1a: PinkPonyClub|Unnerve\n|turn|3\n|\n|t:|1774293356\n|-terastallize|p1a: PinkPonyClub|Fairy\n|move|p2a: Mithrandir|Protect|p2a: Mithrandir\n|-singleturn|p2a: Mithrandir|Protect\n|move|p1b: protec|Wide Guard|p1b: protec\n|-singleturn|p1b: protec|Wide Guard\n|move|p1a: PinkPonyClub|Draining Kiss|p2a: Mithrandir\n|-activate|p2a: Mithrandir|move: Protect\n|move|p2b: Drambor|Body Press|p1b: protec\n|-supereffective|p1b: protec\n|-damage|p1b: protec|51/100\n|\n|upkeep\n|turn|4\n|\n|t:|1774293374\n|move|p1b: protec|Wide Guard|p1b: protec\n|-singleturn|p1b: protec|Wide Guard\n|move|p2a: Mithrandir|Pollen Puff|p1b: protec\n|-resisted|p1b: protec\n|-damage|p1b: protec|46/100\n|move|p1a: PinkPonyClub|Draining Kiss|p2b: Drambor\n|-damage|p2b: Drambor|63/100\n|-damage|p1a: PinkPonyClub|91/100|[from] item: Life Orb\n|move|p2b: Drambor|Body Press|p1b: protec\n|-supereffective|p1b: protec\n|-damage|p1b: protec|0 fnt\n|faint|p1b: protec\n|\n|upkeep\n|turn|5\n|\n|t:|1774293390\n|move|p2a: Mithrandir|Astral Barrage|p1a: PinkPonyClub\n|-damage|p1a: PinkPonyClub|30/100\n|move|p1a: PinkPonyClub|Astral Barrage|p2b: Drambor|[spread] p2a,p2b\n|-supereffective|p2a: Mithrandir\n|-enditem|p2a: Mithrandir|Focus Sash\n|-damage|p2a: Mithrandir|1/100\n|-damage|p2b: Drambor|10/100\n|-damage|p1a: PinkPonyClub|21/100|[from] item: Life Orb\n|move|p2b: Drambor|Behemoth Bash|p1a: PinkPonyClub\n|-supereffective|p1a: PinkPonyClub\n|-damage|p1a: PinkPonyClub|0 fnt\n|faint|p1a: PinkPonyClub\n|\n|win|Mirthinion\n|raw|Memo22's rating: 1252 &rarr; <strong>1233</strong><br />(-19 for losing)\n|raw|Mirthinion's rating: 1344 &rarr; <strong>1359</strong><br />(+15 for winning)\n","uploadtime":1774293405,"views":63,"formatid":"gen9vgc2026regi","rating":1233,"private":0,"password":null}