{"id":"gen9vgc2026regi-2561355798","format":"[Gen 9] VGC 2026 Reg I","players":["GlennIsAFrog","terafireflareblitz"],"log":"|j|\u2606GlennIsAFrog\n|j|\u2606terafireflareblitz\n|t:|1773787308\n|gametype|doubles\n|player|p1|GlennIsAFrog|170|1360\n|player|p2|terafireflareblitz|sycamore|1530\n|gen|9\n|tier|[Gen 9] VGC 2026 Reg I\n|rated|\n|rule|Species Clause: Limit one of each Pok\u00e9mon\n|rule|Item Clause: Limit 1 of each item\n|clearpoke\n|poke|p1|Calyrex-Shadow, L50|\n|poke|p1|Zamazenta-*, L50|\n|poke|p1|Chien-Pao, L50|\n|poke|p1|Dragonite, L50, F|\n|poke|p1|Raging Bolt, L50|\n|poke|p1|Amoonguss, L50, M|\n|poke|p2|Koraidon, L50|\n|poke|p2|Lunala, L50|\n|poke|p2|Indeedee-F, L50, F|\n|poke|p2|Flutter Mane, L50|\n|poke|p2|Volcarona, L50, M|\n|poke|p2|Ursaluna, L50, F|\n|teampreview|4\n|inactive|Battle timer is ON: inactive players will automatically lose when time's up. (requested by terafireflareblitz)\n|inactive|GlennIsAFrog also wants the timer to be on.\n|\n|t:|1773787338\n|teamsize|p1|4\n|teamsize|p2|4\n|start\n|switch|p1a: Chien-Pao|Chien-Pao, L50|100/100\n|switch|p1b: Dragonite|Dragonite, L50, F|100/100\n|switch|p2a: Lunala|Lunala, L50, shiny|100/100\n|switch|p2b: Indeedee|Indeedee-F, L50, F|100/100\n|-ability|p1a: Chien-Pao|Sword of Ruin\n|-fieldstart|move: Psychic Terrain|[from] ability: Psychic Surge|[of] p2b: Indeedee\n|turn|1\n|\n|t:|1773787356\n|switch|p2b: Volcarona|Volcarona, L50, M|100/100\n|-terastallize|p1b: Dragonite|Normal\n|move|p1b: Dragonite|Extreme Speed|p2b: Volcarona\n|-activate|p2b: Volcarona|move: Psychic Terrain\n|move|p1a: Chien-Pao|Ice Spinner|p2b: Volcarona\n|-resisted|p2b: Volcarona\n|-damage|p2b: Volcarona|77/100\n|-damage|p1a: Chien-Pao|84/100|[from] item: Rocky Helmet|[of] p2b: Volcarona\n|-fieldend|move: Psychic Terrain\n|move|p2a: Lunala|Meteor Beam||[still]\n|-prepare|p2a: Lunala|Meteor Beam\n|-boost|p2a: Lunala|spa|1\n|-enditem|p2a: Lunala|Power Herb\n|-anim|p2a: Lunala|Meteor Beam|p1a: Chien-Pao\n|-supereffective|p1a: Chien-Pao\n|-damage|p1a: Chien-Pao|0 fnt\n|faint|p1a: Chien-Pao\n|\n|upkeep\n|\n|t:|1773787365\n|switch|p1a: Calyrex|Calyrex-Shadow, L50|100/100\n|-ability|p1a: Calyrex|As One\n|-ability|p1a: Calyrex|Unnerve\n|turn|2\n|\n|t:|1773787373\n|switch|p2b: Indeedee|Indeedee-F, L50, F|100/100\n|-fieldstart|move: Psychic Terrain|[from] ability: Psychic Surge|[of] p2b: Indeedee\n|switch|p1b: Zamazenta|Zamazenta-Crowned, L50|100/100\n|-ability|p1b: Zamazenta|Dauntless Shield|boost\n|-boost|p1b: Zamazenta|def|1\n|move|p1a: Calyrex|Encore|p2a: Lunala\n|-start|p2a: Lunala|Encore\n|move|p2a: Lunala|Meteor Beam||[still]\n|-prepare|p2a: Lunala|Meteor Beam\n|-boost|p2a: Lunala|spa|1\n|\n|upkeep\n|turn|3\n|\n|t:|1773787381\n|move|p1a: Calyrex|Protect|p1a: Calyrex\n|-singleturn|p1a: Calyrex|Protect\n|move|p1b: Zamazenta|Body Press|p2b: Indeedee\n|-damage|p2b: Indeedee|39/100\n|move|p2a: Lunala|Meteor Beam|p1a: Calyrex|[from] lockedmove\n|-activate|p1a: Calyrex|move: Protect\n|move|p2b: Indeedee|Trick Room|p2b: Indeedee\n|-fieldstart|move: Trick Room|[of] p2b: Indeedee\n|\n|upkeep\n|turn|4\n|\n|t:|1773787395\n|switch|p2b: Volcarona|Volcarona, L50, M|77/100\n|-terastallize|p2a: Lunala|Water\n|move|p2a: Lunala|Meteor Beam||[still]\n|-prepare|p2a: Lunala|Meteor Beam\n|-boost|p2a: Lunala|spa|1\n|move|p1b: Zamazenta|Body Press|p2b: Volcarona\n|-resisted|p2b: Volcarona\n|-damage|p2b: Volcarona|42/100\n|-damage|p1b: Zamazenta|84/100|[from] item: Rocky Helmet|[of] p2b: Volcarona\n|-status|p1b: Zamazenta|brn|[from] ability: Flame Body|[of] p2b: Volcarona\n|move|p1a: Calyrex|Astral Barrage|p2a: Lunala|[spread] p2a,p2b\n|-damage|p2a: Lunala|80/100\n|-damage|p2b: Volcarona|0 fnt\n|faint|p2b: Volcarona\n|-ability|p1a: Calyrex|Grim Neigh|boost\n|-boost|p1a: Calyrex|spa|1\n|\n|-damage|p1b: Zamazenta|78/100 brn|[from] brn\n|-end|p2a: Lunala|Encore\n|upkeep\n|\n|t:|1773787409\n|switch|p2b: Indeedee|Indeedee-F, L50, F|39/100\n|turn|5\n|\n|t:|1773787418\n|move|p2b: Indeedee|Alluring Voice|p1a: Calyrex\n|-damage|p1a: Calyrex|82/100\n|move|p2a: Lunala|Meteor Beam|p1b: Zamazenta|[from] lockedmove|[miss]\n|-miss|p2a: Lunala|p1b: Zamazenta\n|move|p1b: Zamazenta|Body Press|p2b: Indeedee\n|-damage|p2b: Indeedee|7/100\n|move|p1a: Calyrex|Astral Barrage|p2a: Lunala|[spread] p2a\n|-immune|p2b: Indeedee\n|-damage|p2a: Lunala|20/100\n|\n|-damage|p1b: Zamazenta|72/100 brn|[from] brn\n|upkeep\n|turn|6\n|\n|t:|1773787434\n|move|p2b: Indeedee|Helping Hand|p2a: Lunala\n|-singleturn|p2a: Lunala|Helping Hand|[of] p2b: Indeedee\n|move|p1a: Calyrex|Protect|p1a: Calyrex\n|-singleturn|p1a: Calyrex|Protect\n|move|p2a: Lunala|Expanding Force|p1b: Zamazenta|[spread] p1b\n|-activate|p1a: Calyrex|move: Protect\n|-damage|p1b: Zamazenta|0 fnt\n|faint|p1b: Zamazenta\n|\n|-fieldend|move: Psychic Terrain\n|upkeep\n|\n|t:|1773787441\n|switch|p1b: Dragonite|Dragonite, L50, F, tera:Normal|100/100\n|turn|7\n|\n|t:|1773787447\n|move|p1a: Calyrex|Protect||[still]\n|-fail|p1a: Calyrex\n|move|p2b: Indeedee|Follow Me|p2b: Indeedee\n|-singleturn|p2b: Indeedee|move: Follow Me\n|move|p1b: Dragonite|Outrage|p2b: Indeedee\n|-damage|p2b: Indeedee|0 fnt\n|faint|p2b: Indeedee\n|move|p2a: Lunala|Moongeist Beam|p1a: Calyrex\n|-supereffective|p1a: Calyrex\n|-damage|p1a: Calyrex|0 fnt\n|faint|p1a: Calyrex\n|\n|-fieldend|move: Trick Room\n|upkeep\n|\n|t:|1773787451\n|switch|p2b: Koraidon|Koraidon, L50, shiny|100/100\n|-weather|SunnyDay|[from] ability: Orichalcum Pulse|[of] p2b: Koraidon\n|-activate|p2b: Koraidon|Orichalcum Pulse|[source]\n|turn|8\n|\n|t:|1773787463\n|move|p2b: Koraidon|Breaking Swipe|p1b: Dragonite\n|-damage|p1b: Dragonite|47/100\n|-unboost|p1b: Dragonite|atk|1\n|-damage|p2b: Koraidon|91/100|[from] item: Life Orb\n|move|p2a: Lunala|Expanding Force|p1b: Dragonite\n|-damage|p1b: Dragonite|0 fnt\n|faint|p1b: Dragonite\n|\n|win|terafireflareblitz\n|raw|GlennIsAFrog's rating: 1360 &rarr; <strong>1349</strong><br />(-11 for losing)\n|raw|terafireflareblitz's rating: 1530 &rarr; <strong>1541</strong><br />(+11 for winning)\n","uploadtime":1773787464,"views":10,"formatid":"gen9vgc2026regi","rating":1349,"private":0,"password":null}