{"id":"gen9vgc2026regi-2572652380","format":"[Gen 9] VGC 2026 Reg I","players":["shecallmedada","pictochatvgc"],"log":"|j|\u2606shecallmedada\n|j|\u2606pictochatvgc\n|t:|1775052636\n|gametype|doubles\n|player|p1|shecallmedada|burglar-gen1rb|1502\n|player|p2|pictochatvgc|skier|1517\n|gen|9\n|tier|[Gen 9] VGC 2026 Reg I\n|rated|\n|rule|Species Clause: Limit one of each Pok\u00e9mon\n|rule|Item Clause: Limit 1 of each item\n|clearpoke\n|poke|p1|Terapagos, L50, M|\n|poke|p1|Ho-Oh, L50|\n|poke|p1|Raging Bolt, L50|\n|poke|p1|Urshifu-*, L50, F|\n|poke|p1|Incineroar, L50, F|\n|poke|p1|Sinistcha, L50|\n|poke|p2|Miraidon, L50|\n|poke|p2|Raging Bolt, L50|\n|poke|p2|Bronzong, L50|\n|poke|p2|Groudon, L50|\n|poke|p2|Thundurus, L50, M|\n|poke|p2|Ogerpon-Hearthflame, L50, F|\n|teampreview|4\n|j| Jerald Jimes\n|c|\u2606pictochatvgc|I forgot about the sprites\n|c|\u2606shecallmedada|just type /afd off\n|inactive|Battle timer is ON: inactive players will automatically lose when time's up. (requested by shecallmedada)\n|j| rackjaineyuwu\n|\n|t:|1775052699\n|teamsize|p1|4\n|teamsize|p2|4\n|start\n|switch|p1a: Terapagos|Terapagos, L50, M|100/100\n|switch|p1b: Incineroar|Incineroar, L50, F|100/100\n|switch|p2a: Miraidon|Miraidon, L50|100/100\n|switch|p2b: Mr. Electric|Raging Bolt, L50|100/100\n|-activate|p1a: Terapagos|ability: Tera Shift\n|detailschange|p1a: Terapagos|Terapagos-Terastal, L50, M\n|-heal|p1a: Terapagos|100/100|[silent]\n|-fieldstart|move: Electric Terrain|[from] ability: Hadron Engine|[of] p2a: Miraidon\n|-ability|p1b: Incineroar|Intimidate|boost\n|-unboost|p2a: Miraidon|atk|1\n|-unboost|p2b: Mr. Electric|atk|1\n|turn|1\n|\n|t:|1775052721\n|move|p1b: Incineroar|Fake Out|p2a: Miraidon\n|-damage|p2a: Miraidon|89/100\n|move|p2b: Mr. Electric|Thunderclap||[still]\n|-fail|p2b: Mr. Electric\n|cant|p2a: Miraidon|flinch\n|move|p1a: Terapagos|Calm Mind|p1a: Terapagos\n|-boost|p1a: Terapagos|spa|1\n|-boost|p1a: Terapagos|spd|1\n|\n|upkeep\n|turn|2\n|\n|t:|1775052743\n|move|p1a: Terapagos|Protect|p1a: Terapagos\n|-singleturn|p1a: Terapagos|Protect\n|move|p2b: Mr. Electric|Protect|p2b: Mr. Electric\n|-singleturn|p2b: Mr. Electric|Protect\n|move|p2a: Miraidon|Volt Switch|p1a: Terapagos\n|-activate|p1a: Terapagos|move: Protect\n|move|p1b: Incineroar|U-turn|p2a: Miraidon\n|-damage|p2a: Miraidon|71/100\n|\n|t:|1775052768\n|switch|p1b: Ho-Oh|Ho-Oh, L50|100/100|[from] U-turn\n|\n|upkeep\n|turn|3\n|\n|t:|1775052791\n|switch|p1b: Incineroar|Incineroar, L50, F|100/100\n|-ability|p1b: Incineroar|Intimidate|boost\n|-unboost|p2a: Miraidon|atk|1\n|-unboost|p2b: Mr. Electric|atk|1\n|move|p2a: Miraidon|Volt Switch|p1a: Terapagos\n|-activate|p1a: Terapagos|ability: Tera Shell\n|-resisted|p1a: Terapagos\n|-damage|p1a: Terapagos|79/100\n|\n|t:|1775052799\n|switch|p2a: Groudon|Groudon, L50|100/100|[from] Volt Switch\n|-weather|SunnyDay|[from] ability: Drought|[of] p2a: Groudon\n|-activate|p2b: Mr. Electric|ability: Protosynthesis\n|-start|p2b: Mr. Electric|protosynthesisspa\n|move|p1a: Terapagos|Calm Mind|p1a: Terapagos\n|-boost|p1a: Terapagos|spa|1\n|-boost|p1a: Terapagos|spd|1\n|move|p2b: Mr. Electric|Rising Voltage|p1a: Terapagos\n|-hint|Rising Voltage's BP doubled on grounded target.\n|-damage|p1a: Terapagos|3/100\n|-damage|p2b: Mr. Electric|91/100|[from] item: Life Orb\n|\n|-weather|SunnyDay|[upkeep]\n|upkeep\n|turn|4\n|inactive|shecallmedada has 30 seconds left.\n|\n|t:|1775052825\n|switch|p1b: Sinistcha|Sinistcha, L50|100/100\n|-heal|p1a: Terapagos|28/100|[from] ability: Hospitality|[of] p1b: Sinistcha\n|move|p1a: Terapagos|Protect|p1a: Terapagos\n|-singleturn|p1a: Terapagos|Protect\n|move|p2b: Mr. Electric|Protect|p2b: Mr. Electric\n|-singleturn|p2b: Mr. Electric|Protect\n|move|p2a: Groudon|Precipice Blades|p1b: Sinistcha|[spread] p1b\n|-activate|p1a: Terapagos|move: Protect\n|-resisted|p1b: Sinistcha\n|-damage|p1b: Sinistcha|73/100\n|\n|-weather|SunnyDay|[upkeep]\n|upkeep\n|turn|5\n|inactive|shecallmedada has 30 seconds left.\n|inactive|pictochatvgc has 30 seconds left.\n|\n|t:|1775052854\n|-terastallize|p1a: Terapagos|Stellar\n|detailschange|p1a: Terapagos|Terapagos-Stellar, L50, M, tera:Stellar\n|-heal|p1a: Terapagos|47/100|[silent]\n|-ability|p1a: Terapagos|Teraform Zero\n|-weather|none\n|-end|p2b: Mr. Electric|Protosynthesis\n|-fieldend|move: Electric Terrain\n|move|p1b: Sinistcha|Strength Sap|p2a: Groudon\n|-fail|p2a: Groudon|unboost|[from] item: Clear Amulet|[of] p2a: Groudon\n|-heal|p1b: Sinistcha|100/100\n|move|p1a: Terapagos|Tera Starstorm|p2a: Groudon|[spread] p2a,p2b\n|-damage|p2a: Groudon|27/100\n|-damage|p2b: Mr. Electric|19/100\n|move|p2a: Groudon|Heat Crash|p1b: Sinistcha\n|-supereffective|p1b: Sinistcha\n|-enditem|p1b: Sinistcha|Focus Sash\n|-damage|p1b: Sinistcha|1/100\n|move|p2b: Mr. Electric|Draco Meteor|p1a: Terapagos\n|-damage|p1a: Terapagos|12/100\n|-unboost|p2b: Mr. Electric|spa|2\n|-damage|p2b: Mr. Electric|10/100|[from] item: Life Orb\n|\n|upkeep\n|turn|6\n|inactive|shecallmedada has 30 seconds left.\n|\n|t:|1775052886\n|move|p2b: Mr. Electric|Protect|p2b: Mr. Electric\n|-singleturn|p2b: Mr. Electric|Protect\n|move|p1b: Sinistcha|Rage Powder|p1b: Sinistcha\n|-singleturn|p1b: Sinistcha|move: Rage Powder\n|move|p1a: Terapagos|Tera Starstorm|p2a: Groudon|[spread] p2a\n|-activate|p2b: Mr. Electric|move: Protect\n|-damage|p2a: Groudon|0 fnt\n|faint|p2a: Groudon\n|\n|upkeep\n|\n|t:|1775052897\n|switch|p2a: Miraidon|Miraidon, L50|71/100\n|-fieldstart|move: Electric Terrain|[from] ability: Hadron Engine|[of] p2a: Miraidon\n|turn|7\n|\n|t:|1775052927\n|switch|p1b: Incineroar|Incineroar, L50, F|100/100\n|-ability|p1b: Incineroar|Intimidate|boost\n|-unboost|p2a: Miraidon|atk|1\n|-unboost|p2b: Mr. Electric|atk|1\n|-terastallize|p2a: Miraidon|Fairy\n|move|p1a: Terapagos|Protect|p1a: Terapagos\n|-singleturn|p1a: Terapagos|Protect\n|move|p2a: Miraidon|Dazzling Gleam|p1b: Incineroar|[spread] p1b\n|-activate|p1a: Terapagos|move: Protect\n|-damage|p1b: Incineroar|73/100\n|move|p2b: Mr. Electric|Rising Voltage|p1b: Incineroar\n|-hint|Rising Voltage's BP doubled on grounded target.\n|-damage|p1b: Incineroar|33/100\n|-damage|p2b: Mr. Electric|0 fnt|[from] item: Life Orb\n|faint|p2b: Mr. Electric\n|-end|p2b: Mr. Electric|Protosynthesis|[silent]\n|\n|upkeep\n|\n|t:|1775052938\n|switch|p2b: Thundurus|Thundurus, L50, M|100/100\n|turn|8\n|\n|t:|1775052950\n|move|p1b: Incineroar|Fake Out|p2a: Miraidon\n|-damage|p2a: Miraidon|61/100\n|move|p2b: Thundurus|Eerie Impulse|p1a: Terapagos\n|-unboost|p1a: Terapagos|spa|2\n|cant|p2a: Miraidon|flinch\n|move|p1a: Terapagos|Tera Starstorm|p2b: Thundurus|[spread] p2a,p2b\n|-supereffective|p2a: Miraidon\n|-crit|p2a: Miraidon\n|-damage|p2a: Miraidon|0 fnt\n|-damage|p2b: Thundurus|46/100\n|faint|p2a: Miraidon\n|\n|upkeep\n|turn|9\n|-message|pictochatvgc forfeited.\n|\n|win|shecallmedada\n|raw|shecallmedada's rating: 1502 &rarr; <strong>1523</strong><br />(+21 for winning)\n|raw|pictochatvgc's rating: 1517 &rarr; <strong>1496</strong><br />(-21 for losing)\n|l|\u2606pictochatvgc\n|player|p2|\n","uploadtime":1775052964,"views":21,"formatid":"gen9vgc2026regi","rating":1496,"private":0,"password":null}