{"id":"gen9vgc2026regi-2566149118","format":"[Gen 9] VGC 2026 Reg I","players":["Sh1k3","suc vat vk"],"log":"|j|\u2606Sh1k3\n|j|\u2606suc vat vk\n|t:|1774351824\n|gametype|doubles\n|player|p1|Sh1k3|265|1385\n|player|p2|suc vat vk|kimonogirl|1398\n|gen|9\n|tier|[Gen 9] VGC 2026 Reg I\n|rated|\n|rule|Species Clause: Limit one of each Pok\u00e9mon\n|rule|Item Clause: Limit 1 of each item\n|clearpoke\n|poke|p1|Groudon, L50|\n|poke|p1|Chi-Yu, L50|\n|poke|p1|Flutter Mane, L50|\n|poke|p1|Raging Bolt, L50|\n|poke|p1|Calyrex-Ice, L50|\n|poke|p1|Jumpluff, L50, M|\n|poke|p2|Kyogre, L50|\n|poke|p2|Iron Jugulis, L50|\n|poke|p2|Amoonguss, L50, M|\n|poke|p2|Calyrex-Ice, L50|\n|poke|p2|Indeedee-F, L50, F|\n|poke|p2|Urshifu-*, L50, F|\n|teampreview|4\n|inactive|Battle timer is ON: inactive players will automatically lose when time's up. (requested by Sh1k3)\n|inactive|suc vat vk has 60 seconds left.\n|\n|t:|1774351872\n|teamsize|p1|4\n|teamsize|p2|4\n|start\n|switch|p1a: Calyrex|Calyrex-Ice, L50|100/100\n|switch|p1b: Raging Bolt|Raging Bolt, L50|100/100\n|switch|p2a: Indeedee|Indeedee-F, L50, F|100/100\n|switch|p2b: Iron Jugulis|Iron Jugulis, L50|100/100\n|-ability|p1a: Calyrex|As One\n|-ability|p1a: Calyrex|Unnerve\n|-fieldstart|move: Psychic Terrain|[from] ability: Psychic Surge|[of] p2a: Indeedee\n|-enditem|p2b: Iron Jugulis|Booster Energy\n|-activate|p2b: Iron Jugulis|ability: Quark Drive|[fromitem]\n|-start|p2b: Iron Jugulis|quarkdrivespe\n|turn|1\n|\n|t:|1774351896\n|-end|p2b: Iron Jugulis|Quark Drive|[silent]\n|switch|p2b: Calyrex|Calyrex-Ice, L50|100/100\n|-ability|p2b: Calyrex|As One\n|-ability|p2b: Calyrex|Unnerve\n|-end|p1b: Raging Bolt|Protosynthesis|[silent]\n|switch|p1b: Groudon|Groudon, L50|100/100\n|-weather|SunnyDay|[from] ability: Drought|[of] p1b: Groudon\n|move|p2a: Indeedee|Follow Me|p2a: Indeedee\n|-singleturn|p2a: Indeedee|move: Follow Me\n|move|p1a: Calyrex|Glacial Lance|p2a: Indeedee|[spread] p2a,p2b\n|-resisted|p2b: Calyrex\n|-damage|p2a: Indeedee|51/100\n|-damage|p2b: Calyrex|86/100\n|-enditem|p2a: Indeedee|Eject Button\n|\n|t:|1774351899\n|switch|p2a: Kyogre|Kyogre, L50, shiny|100/100\n|-weather|RainDance|[from] ability: Drizzle|[of] p2a: Kyogre\n|\n|-weather|RainDance|[upkeep]\n|upkeep\n|turn|2\n|\n|t:|1774351911\n|switch|p1b: Raging Bolt|Raging Bolt, L50|100/100\n|-terastallize|p1a: Calyrex|Water\n|move|p2a: Kyogre|Water Spout|p1a: Calyrex|[spread] p1a,p1b\n|-resisted|p1a: Calyrex\n|-resisted|p1b: Raging Bolt\n|-damage|p1a: Calyrex|53/100\n|-damage|p1b: Raging Bolt|28/100\n|move|p1a: Calyrex|Imprison|p1a: Calyrex\n|-start|p1a: Calyrex|move: Imprison\n|move|p2b: Calyrex|Swords Dance|p2b: Calyrex\n|-boost|p2b: Calyrex|atk|2\n|\n|-weather|RainDance|[upkeep]\n|upkeep\n|turn|3\n|inactive|Sh1k3 has 30 seconds left.\n|\n|t:|1774351940\n|switch|p2a: Indeedee|Indeedee-F, L50, F|51/100\n|move|p1b: Raging Bolt|Thunderbolt|p2a: Indeedee\n|-damage|p2a: Indeedee|0 fnt\n|faint|p2a: Indeedee\n|-damage|p1b: Raging Bolt|18/100|[from] item: Life Orb\n|move|p1a: Calyrex|Glacial Lance|p2b: Calyrex\n|-resisted|p2b: Calyrex\n|-damage|p2b: Calyrex|69/100\n|move|p2b: Calyrex|Icicle Spear|p1b: Raging Bolt\n|-supereffective|p1b: Raging Bolt\n|-damage|p1b: Raging Bolt|0 fnt\n|faint|p1b: Raging Bolt\n|-end|p1b: Raging Bolt|Protosynthesis|[silent]\n|-ability|p2b: Calyrex|Chilling Neigh|boost\n|-boost|p2b: Calyrex|atk|1\n|-hitcount|p1: Raging Bolt|1\n|\n|-weather|RainDance|[upkeep]\n|upkeep\n|\n|t:|1774351962\n|switch|p1b: Flutter Mane|Flutter Mane, L50|100/100\n|switch|p2a: Iron Jugulis|Iron Jugulis, L50|100/100\n|turn|4\n|inactive|Sh1k3 has 30 seconds left.\n|inactive|Sh1k3 has 20 seconds left.\n|\n|t:|1774352000\n|move|p1b: Flutter Mane|Shadow Ball|p2b: Calyrex\n|-supereffective|p2b: Calyrex\n|-damage|p2b: Calyrex|13/100\n|move|p2a: Iron Jugulis|Tailwind|p2a: Iron Jugulis\n|-sidestart|p2: suc vat vk|move: Tailwind\n|move|p2b: Calyrex|Icicle Spear|p1b: Flutter Mane\n|-damage|p1b: Flutter Mane|1/100\n|-damage|p1b: Flutter Mane|0 fnt\n|faint|p1b: Flutter Mane\n|-end|p1b: Flutter Mane|Protosynthesis|[silent]\n|-ability|p2b: Calyrex|Chilling Neigh|boost\n|-boost|p2b: Calyrex|atk|1\n|-hitcount|p1: Flutter Mane|2\n|move|p1a: Calyrex|Glacial Lance|p2b: Calyrex|[spread] p2a,p2b\n|-supereffective|p2a: Iron Jugulis\n|-resisted|p2b: Calyrex\n|-damage|p2a: Iron Jugulis|0 fnt\n|-damage|p2b: Calyrex|0 fnt\n|faint|p2a: Iron Jugulis\n|-end|p2a: Iron Jugulis|Quark Drive|[silent]\n|faint|p2b: Calyrex\n|-ability|p1a: Calyrex|Chilling Neigh|boost\n|-boost|p1a: Calyrex|atk|2\n|\n|-weather|RainDance|[upkeep]\n|upkeep\n|\n|t:|1774352015\n|switch|p1b: Groudon|Groudon, L50|100/100\n|switch|p2b: Kyogre|Kyogre, L50, shiny|100/100\n|-weather|SunnyDay|[from] ability: Drought|[of] p1b: Groudon\n|turn|5\n|\n|t:|1774352026\n|-terastallize|p2b: Kyogre|Water\n|move|p2b: Kyogre|Origin Pulse|p1a: Calyrex|[spread] p1a\n|-miss|p2b: Kyogre|p1b: Groudon\n|-resisted|p1a: Calyrex\n|-damage|p1a: Calyrex|37/100\n|-enditem|p1a: Calyrex|Sitrus Berry|[eat]\n|-heal|p1a: Calyrex|62/100|[from] item: Sitrus Berry\n|move|p1b: Groudon|High Horsepower|p2b: Kyogre\n|-crit|p2b: Kyogre\n|-damage|p2b: Kyogre|1/100\n|move|p1a: Calyrex|Glacial Lance|p2b: Kyogre\n|-resisted|p2b: Kyogre\n|-damage|p2b: Kyogre|0 fnt\n|faint|p2b: Kyogre\n|\n|win|Sh1k3\n|raw|Sh1k3's rating: 1385 &rarr; <strong>1406</strong><br />(+21 for winning)\n|raw|suc vat vk's rating: 1398 &rarr; <strong>1377</strong><br />(-21 for losing)\n|l|\u2606suc vat vk\n|player|p2|\n","uploadtime":1774352074,"views":16,"formatid":"gen9vgc2026regi","rating":1377,"private":0,"password":null}