{"id":"gen9vgc2026regi-2581884483","format":"[Gen 9] VGC 2026 Reg I","players":["ZAPDOSISGOATED","kojimuranishi"],"log":"|j|\u2606ZAPDOSISGOATED\n|j|\u2606kojimuranishi\n|t:|1776036598\n|gametype|doubles\n|player|p1|ZAPDOSISGOATED|266|1526\n|player|p2|kojimuranishi|1|1640\n|gen|9\n|tier|[Gen 9] VGC 2026 Reg I\n|rated|\n|rule|Species Clause: Limit one of each Pok\u00e9mon\n|rule|Item Clause: Limit 1 of each item\n|clearpoke\n|poke|p1|Giratina-Origin, L50|\n|poke|p1|Chien-Pao, L50|\n|poke|p1|Zamazenta-*, L50|\n|poke|p1|Urshifu-*, L50, F|\n|poke|p1|Chi-Yu, L50|\n|poke|p1|Rillaboom, L50, F|\n|poke|p2|Whimsicott, L50, M|\n|poke|p2|Chi-Yu, L50|\n|poke|p2|Miraidon, L50|\n|poke|p2|Calyrex-Ice, L50|\n|poke|p2|Landorus, L50, M|\n|poke|p2|Farigiraf, L50, F|\n|teampreview|4\n|inactive|Battle timer is ON: inactive players will automatically lose when time's up. (requested by ZAPDOSISGOATED)\nZAPDOSISGOATED rejected open team sheets.\n|inactive|ZAPDOSISGOATED has 60 seconds left.\n|\n|t:|1776036634\n|teamsize|p1|4\n|teamsize|p2|4\n|start\n|switch|p1a: Diego|Chien-Pao, L50|100/100\n|switch|p1b: Kung-Fu-Panda|Urshifu-Rapid-Strike, L50, F|100/100\n|switch|p2a: Whimsicott|Whimsicott, L50, M|100/100\n|switch|p2b: Chi-Yu|Chi-Yu, L50|100/100\n|-ability|p1a: Diego|Sword of Ruin\n|-ability|p2b: Chi-Yu|Beads of Ruin\n|turn|1\n|\n|t:|1776036652\n|move|p2a: Whimsicott|Tailwind|p2a: Whimsicott\n|-sidestart|p2: kojimuranishi|move: Tailwind\n|move|p2b: Chi-Yu|Heat Wave|p1b: Kung-Fu-Panda|[spread] p1a,p1b\n|-supereffective|p1a: Diego\n|-resisted|p1b: Kung-Fu-Panda\n|-enditem|p1a: Diego|Focus Sash\n|-damage|p1a: Diego|1/100\n|-damage|p1b: Kung-Fu-Panda|42/100\n|move|p1b: Kung-Fu-Panda|Surging Strikes|p2b: Chi-Yu\n|-supereffective|p2b: Chi-Yu\n|-crit|p2b: Chi-Yu\n|-damage|p2b: Chi-Yu|12/100\n|-supereffective|p2b: Chi-Yu\n|-crit|p2b: Chi-Yu\n|-damage|p2b: Chi-Yu|0 fnt\n|faint|p2b: Chi-Yu\n|-hitcount|p2: Chi-Yu|2\n|move|p1a: Diego|Icicle Crash|p2a: Whimsicott\n|-supereffective|p2a: Whimsicott\n|-enditem|p2a: Whimsicott|Focus Sash\n|-damage|p2a: Whimsicott|1/100\n|\n|upkeep\n|\n|t:|1776036670\n|switch|p2b: Calyrex|Calyrex-Ice, L50|100/100\n|-ability|p2b: Calyrex|As One\n|-ability|p2b: Calyrex|Unnerve\n|turn|2\n|\n|t:|1776036685\n|switch|p2a: Miraidon|Miraidon, L50|100/100\n|-fieldstart|move: Electric Terrain|[from] ability: Hadron Engine|[of] p2a: Miraidon\n|-terastallize|p1b: Kung-Fu-Panda|Water\n|move|p1a: Diego|Sucker Punch||[still]\n|-fail|p1a: Diego\n|move|p2b: Calyrex|Glacial Lance|p1b: Kung-Fu-Panda|[spread] p1a,p1b\n|-resisted|p1a: Diego\n|-resisted|p1b: Kung-Fu-Panda\n|-crit|p1b: Kung-Fu-Panda\n|-damage|p1a: Diego|0 fnt\n|-damage|p1b: Kung-Fu-Panda|0 fnt\n|faint|p1a: Diego\n|faint|p1b: Kung-Fu-Panda\n|-ability|p2b: Calyrex|Chilling Neigh|boost\n|-boost|p2b: Calyrex|atk|2\n|\n|upkeep\n|\n|t:|1776036694\n|switch|p1a: Clifford|Zamazenta-Crowned, L50, shiny|100/100\n|switch|p1b: Death|Giratina-Origin, L50|100/100\n|-ability|p1a: Clifford|Dauntless Shield|boost\n|-boost|p1a: Clifford|def|1\n|turn|3\n|\n|t:|1776036719\n|-terastallize|p2a: Miraidon|Electric\n|move|p1a: Clifford|Wide Guard|p1a: Clifford\n|-singleturn|p1a: Clifford|Wide Guard\n|move|p2a: Miraidon|Electro Drift|p1a: Clifford\n|-crit|p1a: Clifford\n|-damage|p1a: Clifford|0 fnt\n|faint|p1a: Clifford\n|move|p2b: Calyrex|Glacial Lance|p1b: Death\n|-activate|p1b: Death|move: Wide Guard\n|move|p1b: Death|Breaking Swipe|p2b: Calyrex|[spread] p2a,p2b\n|-damage|p2a: Miraidon|70/100\n|-damage|p2b: Calyrex|78/100\n|-unboost|p2a: Miraidon|atk|1\n|-unboost|p2b: Calyrex|atk|1\n|\n|upkeep\n|turn|4\n|\n|t:|1776036738\n|switch|p2a: Whimsicott|Whimsicott, L50, M|1/100\n|move|p1b: Death|Protect|p1b: Death\n|-singleturn|p1b: Death|Protect\n|move|p2b: Calyrex|Glacial Lance|p1b: Death\n|-activate|p1b: Death|move: Protect\n|\n|-sideend|p2: kojimuranishi|move: Tailwind\n|upkeep\n|turn|5\n|\n|t:|1776036749\n|move|p2a: Whimsicott|Tailwind|p2a: Whimsicott\n|-sidestart|p2: kojimuranishi|move: Tailwind\n|move|p1b: Death|Shadow Sneak|p2b: Calyrex\n|-supereffective|p2b: Calyrex\n|-damage|p2b: Calyrex|37/100\n|move|p2b: Calyrex|Glacial Lance|p1b: Death\n|-supereffective|p1b: Death\n|-damage|p1b: Death|0 fnt\n|faint|p1b: Death\n|\n|win|kojimuranishi\n|raw|ZAPDOSISGOATED's rating: 1526 &rarr; <strong>1512</strong><br />(-14 for losing)\n|raw|kojimuranishi's rating: 1640 &rarr; <strong>1654</strong><br />(+14 for winning)\n|l|\u2606kojimuranishi\n|player|p2|\n|l|\u2606ZAPDOSISGOATED\n|player|p1|\n","uploadtime":1776036985,"views":15,"formatid":"gen9vgc2026regi","rating":1512,"private":0,"password":null}