{"id":"gen9vgc2026regi-2590139632","format":"[Gen 9] VGC 2026 Reg I","players":["FRESHmustard","1kArrow"],"log":"|j|\u2606FRESHmustard\n|j|\u26061kArrow\n|t:|1776789439\n|gametype|doubles\n|player|p1|FRESHmustard|clair|1523\n|player|p2|1kArrow|cynthia-masters|1457\n|gen|9\n|tier|[Gen 9] VGC 2026 Reg I\n|rated|\n|rule|Species Clause: Limit one of each Pok\u00e9mon\n|rule|Item Clause: Limit 1 of each item\n|clearpoke\n|poke|p1|Lunala, L50|\n|poke|p1|Ursaluna, L50, F|\n|poke|p1|Urshifu-*, L50, M|\n|poke|p1|Miraidon, L50|\n|poke|p1|Grimmsnarl, L50, M|\n|poke|p1|Incineroar, L50, F|\n|poke|p2|Calyrex-Shadow, L50|\n|poke|p2|Zamazenta-*, L50|\n|poke|p2|Chien-Pao, L50|\n|poke|p2|Dragonite, L50, M|\n|poke|p2|Raging Bolt, L50|\n|poke|p2|Ogerpon-Cornerstone, L50, F|\n|teampreview|4\n|inactive|Battle timer is ON: inactive players will automatically lose when time's up. (requested by 1kArrow)\n|inactive|1kArrow has 60 seconds left.\n|\n|t:|1776789476\n|teamsize|p1|4\n|teamsize|p2|4\n|start\n|switch|p1a: Miraidon|Miraidon, L50|100/100\n|switch|p1b: Urshifu|Urshifu-Rapid-Strike, L50, M|100/100\n|switch|p2a: Chien-Pao|Chien-Pao, L50|100/100\n|switch|p2b: Raging Bolt|Raging Bolt, L50|100/100\n|-ability|p2a: Chien-Pao|Sword of Ruin\n|-fieldstart|move: Electric Terrain|[from] ability: Hadron Engine|[of] p1a: Miraidon\n|-enditem|p2b: Raging Bolt|Booster Energy\n|-activate|p2b: Raging Bolt|ability: Protosynthesis|[fromitem]\n|-start|p2b: Raging Bolt|protosynthesisspa\n|turn|1\n|inactive|FRESHmustard has 30 seconds left.\n|inactive|FRESHmustard has 20 seconds left.\n|\n|t:|1776789512\n|-terastallize|p1b: Urshifu|Ghost\n|-terastallize|p2b: Raging Bolt|Electric\n|move|p2b: Raging Bolt|Thunderclap|p1b: Urshifu\n|-damage|p1b: Urshifu|0 fnt\n|faint|p1b: Urshifu\n|move|p2a: Chien-Pao|Ice Spinner|p1a: Miraidon\n|-supereffective|p1a: Miraidon\n|-damage|p1a: Miraidon|24/100\n|-fieldend|move: Electric Terrain\n|move|p1a: Miraidon|Snarl|p2b: Raging Bolt|[spread] p2a,p2b\n|-resisted|p2a: Chien-Pao\n|-damage|p2a: Chien-Pao|95/100\n|-damage|p2b: Raging Bolt|87/100\n|-unboost|p2a: Chien-Pao|spa|1\n|-unboost|p2b: Raging Bolt|spa|1\n|\n|upkeep\n|\n|t:|1776789521\n|switch|p1b: Ursaluna|Ursaluna, L50, F|100/100\n|turn|2\n|\n|t:|1776789545\n|move|p1b: Ursaluna|Protect|p1b: Ursaluna\n|-singleturn|p1b: Ursaluna|Protect\n|move|p2a: Chien-Pao|Ruination|p1a: Miraidon\n|-damage|p1a: Miraidon|13/100\n|move|p1a: Miraidon|Draco Meteor|p2a: Chien-Pao\n|-damage|p2a: Chien-Pao|33/100\n|-unboost|p1a: Miraidon|spa|2\n|move|p2b: Raging Bolt|Draco Meteor|p1a: Miraidon\n|-supereffective|p1a: Miraidon\n|-damage|p1a: Miraidon|0 fnt\n|-unboost|p2b: Raging Bolt|spa|2\n|faint|p1a: Miraidon\n|\n|-status|p1b: Ursaluna|brn|[from] item: Flame Orb\n|upkeep\n|\n|t:|1776789555\n|switch|p1a: Lunala|Lunala, L50|100/100\n|turn|3\n|\n|t:|1776789566\n|move|p1b: Ursaluna|Protect||[still]\n|-fail|p1b: Ursaluna\n|move|p2a: Chien-Pao|Ruination|p1a: Lunala\n|-damage|p1a: Lunala|51/100\n|move|p2b: Raging Bolt|Thunderbolt|p1a: Lunala\n|-damage|p1a: Lunala|26/100\n|move|p1a: Lunala|Trick Room|p1a: Lunala\n|-fieldstart|move: Trick Room|[of] p1a: Lunala\n|\n|-damage|p1b: Ursaluna|95/100 brn|[from] brn\n|upkeep\n|turn|4\n|\n|t:|1776789580\n|move|p1a: Lunala|Wide Guard|p1a: Lunala\n|-singleturn|p1a: Lunala|Wide Guard\n|move|p2b: Raging Bolt|Thunderclap||[still]\n|-fail|p2b: Raging Bolt\n|move|p2a: Chien-Pao|Ice Shard|p1b: Ursaluna\n|-supereffective|p1b: Ursaluna\n|-damage|p1b: Ursaluna|64/100 brn\n|move|p1b: Ursaluna|Earthquake|p2b: Raging Bolt|[spread] p2a,p2b\n|-activate|p1a: Lunala|move: Wide Guard\n|-supereffective|p2b: Raging Bolt\n|-damage|p2a: Chien-Pao|0 fnt\n|-damage|p2b: Raging Bolt|0 fnt\n|faint|p2a: Chien-Pao\n|faint|p2b: Raging Bolt\n|-end|p2b: Raging Bolt|Protosynthesis|[silent]\n|\n|-damage|p1b: Ursaluna|58/100 brn|[from] brn\n|upkeep\n|\n|t:|1776789587\n|switch|p2b: Zamazenta|Zamazenta-Crowned, L50|100/100\n|switch|p2a: Calyrex|Calyrex-Shadow, L50|100/100\n|-ability|p2a: Calyrex|As One\n|-ability|p2a: Calyrex|Unnerve\n|-ability|p2b: Zamazenta|Dauntless Shield|boost\n|-boost|p2b: Zamazenta|def|1\n|turn|5\n|\n|t:|1776789598\n|move|p2b: Zamazenta|Protect|p2b: Zamazenta\n|-singleturn|p2b: Zamazenta|Protect\n|move|p2a: Calyrex|Protect|p2a: Calyrex\n|-singleturn|p2a: Calyrex|Protect\n|move|p1a: Lunala|Wide Guard|p1a: Lunala\n|-singleturn|p1a: Lunala|Wide Guard\n|move|p1b: Ursaluna|Earthquake|p2a: Calyrex|[spread] \n|-activate|p1a: Lunala|move: Wide Guard\n|-activate|p2a: Calyrex|move: Protect\n|-activate|p2b: Zamazenta|move: Protect\n|\n|-damage|p1b: Ursaluna|53/100 brn|[from] brn\n|upkeep\n|turn|6\n|\n|t:|1776789608\n|move|p2b: Zamazenta|Wide Guard|p2b: Zamazenta\n|-singleturn|p2b: Zamazenta|Wide Guard\n|move|p1b: Ursaluna|Headlong Rush|p2b: Zamazenta\n|-supereffective|p2b: Zamazenta\n|-damage|p2b: Zamazenta|25/100\n|-unboost|p1b: Ursaluna|def|1\n|-unboost|p1b: Ursaluna|spd|1\n|move|p1a: Lunala|Moongeist Beam|p2a: Calyrex\n|-supereffective|p2a: Calyrex\n|-enditem|p2a: Calyrex|Focus Sash\n|-damage|p2a: Calyrex|1/100\n|move|p2a: Calyrex|Psychic|p1b: Ursaluna\n|-damage|p1b: Ursaluna|0 fnt\n|faint|p1b: Ursaluna\n|-ability|p2a: Calyrex|Grim Neigh|boost\n|-boost|p2a: Calyrex|spa|1\n|\n|upkeep\n|turn|7\n|\n|t:|1776789625\n|move|p2b: Zamazenta|Protect||[still]\n|-fail|p2b: Zamazenta\n|move|p2a: Calyrex|Protect|p2a: Calyrex\n|-singleturn|p2a: Calyrex|Protect\n|move|p1a: Lunala|Moongeist Beam|p2b: Zamazenta\n|-damage|p2b: Zamazenta|0 fnt\n|faint|p2b: Zamazenta\n|\n|-fieldend|move: Trick Room\n|upkeep\n|turn|8\n|c|\u2606FRESHmustard|damm\n|c|\u2606FRESHmustard|close\n|c|\u26061kArrow|gg\n|\n|t:|1776789645\n|move|p2a: Calyrex|Astral Barrage|p1a: Lunala\n|-supereffective|p1a: Lunala\n|-damage|p1a: Lunala|0 fnt\n|faint|p1a: Lunala\n|\n|win|1kArrow\n|raw|FRESHmustard's rating: 1523 &rarr; <strong>1499</strong><br />(-24 for losing)\n|raw|1kArrow's rating: 1457 &rarr; <strong>1481</strong><br />(+24 for winning)\n|c|\u26061kArrow|didnt expect tclap to ohko ursh tbh\n|c|\u2606FRESHmustard|yeah i thought it was over after that\n|c|\u2606FRESHmustard|need a diff set\n|l|\u2606FRESHmustard\n|player|p1|\n","uploadtime":1776789875,"views":10,"formatid":"gen9vgc2026regi","rating":1481,"private":0,"password":null}