{"id":"gen9vgc2026regi-2567694951","format":"[Gen 9] VGC 2026 Reg I","players":["slimeslatt252","blazerZZZ"],"log":"|j|\u2606slimeslatt252\n|j|\u2606blazerZZZ\n|t:|1774505316\n|gametype|doubles\n|player|p1|slimeslatt252|266|1526\n|player|p2|blazerZZZ|dawn|1466\n|gen|9\n|tier|[Gen 9] VGC 2026 Reg I\n|rated|\n|rule|Species Clause: Limit one of each Pok\u00e9mon\n|rule|Item Clause: Limit 1 of each item\n|clearpoke\n|poke|p1|Calyrex-Shadow, L50|\n|poke|p1|Koraidon, L50|\n|poke|p1|Incineroar, L50, M|\n|poke|p1|Raging Bolt, L50|\n|poke|p1|Brute Bonnet, L50|\n|poke|p1|Landorus, L50, M|\n|poke|p2|Incineroar, L50, F|\n|poke|p2|Grimmsnarl, L50, M|\n|poke|p2|Calyrex-Ice, L50|\n|poke|p2|Landorus, L50, M|\n|poke|p2|Kyogre, L50|\n|poke|p2|Raging Bolt, L50|\n|teampreview|4\n|inactive|Battle timer is ON: inactive players will automatically lose when time's up. (requested by slimeslatt252)\n|j| We Dull Test\n|inactive|blazerZZZ has 60 seconds left.\n|\n|t:|1774505350\n|teamsize|p1|4\n|teamsize|p2|4\n|start\n|switch|p1a: Brute Bonnet|Brute Bonnet, L50|100/100\n|switch|p1b: raging dingus|Raging Bolt, L50|100/100\n|switch|p2a: Calyrex|Calyrex-Ice, L50|100/100\n|switch|p2b: Grimmsnarl|Grimmsnarl, L50, M|100/100\n|-ability|p2a: Calyrex|As One\n|-ability|p2a: Calyrex|Unnerve\n|turn|1\n|inactive|blazerZZZ has 30 seconds left.\n|\n|t:|1774505384\n|-terastallize|p1b: raging dingus|Electric\n|-terastallize|p2a: Calyrex|Fairy\n|move|p1b: raging dingus|Volt Switch|p2b: Grimmsnarl\n|-damage|p2b: Grimmsnarl|61/100\n|\n|t:|1774505391\n|-end|p1b: raging dingus|Protosynthesis|[silent]\n|switch|p1b: Calyrex|Calyrex-Shadow, L50|100/100|[from] Volt Switch\n|-ability|p1b: Calyrex|As One\n|-ability|p1b: Calyrex|Unnerve\n|move|p1a: Brute Bonnet|Spore|p2a: Calyrex\n|-status|p2a: Calyrex|slp|[from] move: Spore\n|move|p2b: Grimmsnarl|Spirit Break|p1a: Brute Bonnet\n|-supereffective|p1a: Brute Bonnet\n|-damage|p1a: Brute Bonnet|60/100\n|cant|p2a: Calyrex|slp\n|\n|upkeep\n|turn|2\n|inactive|blazerZZZ has 30 seconds left.\n|\n|t:|1774505424\n|move|p2b: Grimmsnarl|Light Screen|p2b: Grimmsnarl\n|-sidestart|p2: blazerZZZ|move: Light Screen\n|move|p1b: Calyrex|Astral Barrage|p2a: Calyrex|[spread] p2a,p2b\n|-crit|p2a: Calyrex\n|-resisted|p2b: Grimmsnarl\n|-damage|p2a: Calyrex|50/100 slp\n|-damage|p2b: Grimmsnarl|48/100\n|move|p1a: Brute Bonnet|Spore|p2b: Grimmsnarl\n|-status|p2b: Grimmsnarl|slp|[from] move: Spore\n|cant|p2a: Calyrex|slp\n|\n|-heal|p2a: Calyrex|56/100 slp|[from] item: Leftovers\n|upkeep\n|turn|3\n|\n|t:|1774505448\n|-curestatus|p2a: Calyrex|slp|[msg]\n|move|p2a: Calyrex|Protect|p2a: Calyrex\n|-singleturn|p2a: Calyrex|Protect\n|move|p1b: Calyrex|Astral Barrage|p2a: Calyrex|[spread] p2b\n|-activate|p2a: Calyrex|move: Protect\n|-resisted|p2b: Grimmsnarl\n|-damage|p2b: Grimmsnarl|32/100 slp\n|move|p1a: Brute Bonnet|Seed Bomb|p2a: Calyrex\n|-activate|p2a: Calyrex|move: Protect\n|cant|p2b: Grimmsnarl|slp\n|\n|-heal|p2a: Calyrex|62/100|[from] item: Leftovers\n|upkeep\n|turn|4\n|j| harlii\n|inactive|blazerZZZ has 30 seconds left.\n|\n|t:|1774505480\n|switch|p2a: Incineroar|Incineroar, L50, F|100/100\n|-ability|p2a: Incineroar|Intimidate|boost\n|-unboost|p1a: Brute Bonnet|atk|1\n|-unboost|p1b: Calyrex|atk|1\n|move|p1b: Calyrex|Astral Barrage|p2b: Grimmsnarl|[spread] p2a,p2b\n|-resisted|p2a: Incineroar\n|-resisted|p2b: Grimmsnarl\n|-damage|p2a: Incineroar|86/100\n|-damage|p2b: Grimmsnarl|17/100 slp\n|move|p1a: Brute Bonnet|Spore|p2a: Incineroar\n|-status|p2a: Incineroar|slp|[from] move: Spore\n|cant|p2b: Grimmsnarl|slp\n|\n|upkeep\n|turn|5\n|inactive|blazerZZZ has 30 seconds left.\n|\n|t:|1774505513\n|move|p1a: Brute Bonnet|Sucker Punch|p2b: Grimmsnarl\n|-resisted|p2b: Grimmsnarl\n|-damage|p2b: Grimmsnarl|10/100 slp\n|move|p1b: Calyrex|Astral Barrage|p2b: Grimmsnarl|[spread] p2a,p2b\n|-resisted|p2a: Incineroar\n|-resisted|p2b: Grimmsnarl\n|-damage|p2a: Incineroar|72/100 slp\n|-damage|p2b: Grimmsnarl|0 fnt\n|faint|p2b: Grimmsnarl\n|-ability|p1b: Calyrex|Grim Neigh|boost\n|-boost|p1b: Calyrex|spa|1\n|cant|p2a: Incineroar|slp\n|\n|upkeep\n|\n|t:|1774505530\n|switch|p2b: Kyogre|Kyogre, L50|100/100\n|-weather|RainDance|[from] ability: Drizzle|[of] p2b: Kyogre\n|turn|6\n|l| We Dull Test\n|\n|t:|1774505546\n|move|p1b: Calyrex|Protect|p1b: Calyrex\n|-singleturn|p1b: Calyrex|Protect\n|move|p2b: Kyogre|Ice Beam|p1a: Brute Bonnet\n|-supereffective|p1a: Brute Bonnet\n|-damage|p1a: Brute Bonnet|0 fnt\n|faint|p1a: Brute Bonnet\n|-end|p1a: Brute Bonnet|Protosynthesis|[silent]\n|cant|p2a: Incineroar|slp\n|\n|-weather|RainDance|[upkeep]\n|upkeep\n|\n|t:|1774505558\n|switch|p1a: Koraidon|Koraidon, L50|100/100\n|-weather|SunnyDay|[from] ability: Orichalcum Pulse|[of] p1a: Koraidon\n|-activate|p1a: Koraidon|Orichalcum Pulse|[source]\n|turn|7\n|inactive|blazerZZZ has 30 seconds left.\n|inactive|blazerZZZ has 20 seconds left.\n|inactive|blazerZZZ has 15 seconds left.\n|inactive|blazerZZZ has 10 seconds left.\n|\n|t:|1774505608\n|switch|p2b: Calyrex|Calyrex-Ice, L50, tera:Fairy|62/100\n|-ability|p2b: Calyrex|As One\n|-ability|p2b: Calyrex|Unnerve\n|move|p1b: Calyrex|Astral Barrage|p2a: Incineroar|[spread] p2a,p2b\n|-resisted|p2a: Incineroar\n|-damage|p2a: Incineroar|53/100 slp\n|-damage|p2b: Calyrex|24/100\n|move|p1a: Koraidon|Collision Course|p2a: Incineroar\n|-supereffective|p2a: Incineroar\n|-damage|p2a: Incineroar|0 fnt\n|-damage|p1a: Koraidon|84/100|[from] item: Rocky Helmet|[of] p2a: Incineroar\n|faint|p2a: Incineroar\n|\n|-weather|SunnyDay|[upkeep]\n|-heal|p2b: Calyrex|30/100|[from] item: Leftovers\n|upkeep\n|\n|t:|1774505627\n|switch|p2a: Kyogre|Kyogre, L50|100/100\n|-weather|RainDance|[from] ability: Drizzle|[of] p2a: Kyogre\n|turn|8\n|c|\u2606slimeslatt252|scarf ogre?\n|\n|t:|1774505643\n|move|p2b: Calyrex|Protect|p2b: Calyrex\n|-singleturn|p2b: Calyrex|Protect\n|move|p1b: Calyrex|Astral Barrage|p2b: Calyrex|[spread] p2a\n|-activate|p2b: Calyrex|move: Protect\n|-damage|p2a: Kyogre|76/100\n|move|p1a: Koraidon|Collision Course|p2a: Kyogre\n|-damage|p2a: Kyogre|28/100\n|move|p2a: Kyogre|Origin Pulse|p1a: Koraidon|[spread] p1a,p1b\n|-resisted|p1a: Koraidon\n|-damage|p1a: Koraidon|50/100\n|-damage|p1b: Calyrex|15/100\n|\n|-weather|RainDance|[upkeep]\n|-heal|p2b: Calyrex|35/100|[from] item: Leftovers\n|upkeep\n|turn|9\n|inactive|slimeslatt252 has 30 seconds left.\n|inactive|blazerZZZ has 30 seconds left.\n|\n|t:|1774505670\n|move|p1b: Calyrex|Astral Barrage|p2a: Kyogre|[spread] p2a,p2b\n|-damage|p2a: Kyogre|5/100\n|-damage|p2b: Calyrex|0 fnt\n|faint|p2b: Calyrex\n|-ability|p1b: Calyrex|Grim Neigh|boost\n|-boost|p1b: Calyrex|spa|1\n|move|p1a: Koraidon|Collision Course|p2a: Kyogre\n|-damage|p2a: Kyogre|0 fnt\n|faint|p2a: Kyogre\n|\n|win|slimeslatt252\n|raw|slimeslatt252's rating: 1526 &rarr; <strong>1543</strong><br />(+17 for winning)\n|raw|blazerZZZ's rating: 1466 &rarr; <strong>1449</strong><br />(-17 for losing)\n|c|\u2606slimeslatt252|gg\n|l|\u2606blazerZZZ\n|player|p2|\n|l| harlii\n|l|\u2606slimeslatt252\n|player|p1|\n","uploadtime":1774505878,"views":29,"formatid":"gen9vgc2026regi","rating":1449,"private":0,"password":null}