{"id":"gen9vgc2026regi-2553259810","format":"[Gen 9] VGC 2026 Reg I","players":["ryo8989","miguetest"],"log":"|j|\u2606ryo8989\n|j|\u2606miguetest\n|t:|1772814856\n|gametype|doubles\n|player|p1|ryo8989|erika|1316\n|player|p2|miguetest|101|1327\n|gen|9\n|tier|[Gen 9] VGC 2026 Reg I\n|rated|\n|rule|Species Clause: Limit one of each Pok\u00e9mon\n|rule|Item Clause: Limit 1 of each item\n|clearpoke\n|poke|p1|Calyrex-Shadow, L50|\n|poke|p1|Rillaboom, L50, F|\n|poke|p1|Incineroar, L50, F|\n|poke|p1|Clefairy, L50, M|\n|poke|p1|Koraidon, L50|\n|poke|p1|Flutter Mane, L50|\n|poke|p2|Calyrex-Shadow, L50|\n|poke|p2|Zamazenta-*, L50|\n|poke|p2|Tornadus, L50, M|\n|poke|p2|Chi-Yu, L50|\n|poke|p2|Chien-Pao, L50|\n|poke|p2|Incineroar, L50, F|\n|teampreview|4\n|\n|t:|1772814896\n|teamsize|p1|4\n|teamsize|p2|4\n|start\n|switch|p1a: Koraidon|Koraidon, L50|100/100\n|switch|p1b: Flutter Mane|Flutter Mane, L50|100/100\n|switch|p2a: Incineroar|Incineroar, L50, F|100/100\n|switch|p2b: Calyrex|Calyrex-Shadow, L50|100/100\n|-ability|p2b: Calyrex|As One\n|-ability|p2b: Calyrex|Unnerve\n|-weather|SunnyDay|[from] ability: Orichalcum Pulse|[of] p1a: Koraidon\n|-activate|p1b: Flutter Mane|ability: Protosynthesis\n|-start|p1b: Flutter Mane|protosynthesisspe\n|-activate|p1a: Koraidon|Orichalcum Pulse|[source]\n|-ability|p2a: Incineroar|Intimidate|boost\n|-fail|p1a: Koraidon|unboost|[from] item: Clear Amulet|[of] p1a: Koraidon\n|-unboost|p1b: Flutter Mane|atk|1\n|turn|1\n|\n|t:|1772814924\n|move|p1b: Flutter Mane|Protect|p1b: Flutter Mane\n|-singleturn|p1b: Flutter Mane|Protect\n|move|p2b: Calyrex|Protect|p2b: Calyrex\n|-singleturn|p2b: Calyrex|Protect\n|move|p1a: Koraidon|Protect|p1a: Koraidon\n|-singleturn|p1a: Koraidon|Protect\n|move|p2a: Incineroar|Knock Off|p1b: Flutter Mane\n|-activate|p1b: Flutter Mane|move: Protect\n|\n|-weather|SunnyDay|[upkeep]\n|upkeep\n|turn|2\n|\n|t:|1772814953\n|switch|p2b: Chi-Yu|Chi-Yu, L50|100/100\n|-ability|p2b: Chi-Yu|Beads of Ruin\n|-terastallize|p1a: Koraidon|Fire\n|move|p1b: Flutter Mane|Icy Wind|p2a: Incineroar|[spread] p2a,p2b\n|-resisted|p2a: Incineroar\n|-resisted|p2b: Chi-Yu\n|-damage|p2a: Incineroar|92/100\n|-damage|p2b: Chi-Yu|91/100\n|-unboost|p2a: Incineroar|spe|1\n|-unboost|p2b: Chi-Yu|spe|1\n|move|p1a: Koraidon|Flame Charge|p2b: Chi-Yu\n|-resisted|p2b: Chi-Yu\n|-damage|p2b: Chi-Yu|36/100\n|-boost|p1a: Koraidon|spe|1\n|move|p2a: Incineroar|Will-O-Wisp|p1a: Koraidon\n|-immune|p1a: Koraidon\n|\n|-weather|SunnyDay|[upkeep]\n|upkeep\n|turn|3\n|\n|t:|1772814986\n|move|p1b: Flutter Mane|Moonblast|p2a: Incineroar\n|-damage|p2a: Incineroar|36/100\n|move|p1a: Koraidon|Flame Charge|p2b: Chi-Yu\n|-resisted|p2b: Chi-Yu\n|-damage|p2b: Chi-Yu|0 fnt\n|-boost|p1a: Koraidon|spe|1\n|faint|p2b: Chi-Yu\n|move|p2a: Incineroar|Knock Off|p1a: Koraidon\n|-damage|p1a: Koraidon|73/100\n|-enditem|p1a: Koraidon|Clear Amulet|[from] move: Knock Off|[of] p2a: Incineroar\n|\n|-weather|SunnyDay|[upkeep]\n|upkeep\n|\n|t:|1772815000\n|switch|p2b: Tornadus|Tornadus, L50, M|100/100\n|turn|4\n|\n|t:|1772815012\n|move|p2b: Tornadus|Rain Dance|p2b: Tornadus\n|-weather|RainDance\n|-end|p1b: Flutter Mane|Protosynthesis\n|move|p1a: Koraidon|Flame Charge|p2b: Tornadus\n|-damage|p2b: Tornadus|83/100\n|-boost|p1a: Koraidon|spe|1\n|move|p1b: Flutter Mane|Moonblast|p2a: Incineroar\n|-damage|p2a: Incineroar|0 fnt\n|faint|p2a: Incineroar\n|\n|-weather|RainDance|[upkeep]\n|upkeep\n|\n|t:|1772815023\n|switch|p2a: Calyrex|Calyrex-Shadow, L50|100/100\n|-ability|p2a: Calyrex|As One\n|-ability|p2a: Calyrex|Unnerve\n|turn|5\n|\n|t:|1772815057\n|move|p2a: Calyrex|Protect|p2a: Calyrex\n|-singleturn|p2a: Calyrex|Protect\n|move|p1a: Koraidon|Flame Charge|p2a: Calyrex\n|-activate|p2a: Calyrex|move: Protect\n|move|p1b: Flutter Mane|Shadow Ball|p2a: Calyrex\n|-activate|p2a: Calyrex|move: Protect\n|move|p2b: Tornadus|Bleakwind Storm|p1a: Koraidon|[spread] p1a,p1b\n|-damage|p1a: Koraidon|44/100\n|-damage|p1b: Flutter Mane|64/100\n|\n|-weather|RainDance|[upkeep]\n|upkeep\n|turn|6\n|\n|t:|1772815086\n|-end|p1b: Flutter Mane|Protosynthesis|[silent]\n|switch|p1b: Incineroar|Incineroar, L50, F|100/100\n|-ability|p1b: Incineroar|Intimidate|boost\n|-unboost|p2a: Calyrex|atk|1\n|-unboost|p2b: Tornadus|atk|1\n|-terastallize|p2a: Calyrex|Dark\n|move|p1a: Koraidon|Protect|p1a: Koraidon\n|-singleturn|p1a: Koraidon|Protect\n|move|p2b: Tornadus|Tailwind|p2b: Tornadus\n|-sidestart|p2: miguetest|move: Tailwind\n|move|p2a: Calyrex|Astral Barrage|p1a: Koraidon|[spread] p1b\n|-activate|p1a: Koraidon|move: Protect\n|-resisted|p1b: Incineroar\n|-damage|p1b: Incineroar|70/100\n|-damage|p2a: Calyrex|91/100|[from] item: Life Orb\n|\n|-weather|RainDance|[upkeep]\n|upkeep\n|turn|7\n|\n|t:|1772815130\n|move|p1b: Incineroar|Fake Out|p2b: Tornadus\n|-damage|p2b: Tornadus|72/100\n|move|p2a: Calyrex|Astral Barrage|p1b: Incineroar|[spread] p1a,p1b\n|-resisted|p1b: Incineroar\n|-damage|p1a: Koraidon|0 fnt\n|-damage|p1b: Incineroar|38/100\n|faint|p1a: Koraidon\n|-ability|p2a: Calyrex|Grim Neigh|boost\n|-boost|p2a: Calyrex|spa|1\n|-damage|p2a: Calyrex|82/100|[from] item: Life Orb\n|move|p2b: Tornadus|Bleakwind Storm|p1b: Incineroar\n|-crit|p1b: Incineroar\n|-damage|p1b: Incineroar|0 fnt\n|faint|p1b: Incineroar\n|\n|-weather|RainDance|[upkeep]\n|upkeep\n|-message|ryo8989 forfeited.\n|\n|win|miguetest\n|raw|ryo8989's rating: 1316 &rarr; <strong>1297</strong><br />(-19 for losing)\n|raw|miguetest's rating: 1327 &rarr; <strong>1346</strong><br />(+19 for winning)\n|l|\u2606ryo8989\n|player|p1|\n","uploadtime":1772815156,"views":39,"formatid":"gen9vgc2026regi","rating":1297,"private":0,"password":null}