{"id":"gen9vgc2026regi-2551998959","format":"[Gen 9] VGC 2026 Reg I","players":["lalo's pollos","Pokemonst3r"],"log":"|j|\u2606lalo's pollos\n|j|\u2606Pokemonst3r\n|t:|1772664094\n|gametype|doubles\n|player|p1|lalo's pollos|266|1478\n|player|p2|Pokemonst3r|169|1596\n|gen|9\n|tier|[Gen 9] VGC 2026 Reg I\n|rated|\n|rule|Species Clause: Limit one of each Pok\u00e9mon\n|rule|Item Clause: Limit 1 of each item\n|clearpoke\n|poke|p1|Miraidon, L50|\n|poke|p1|Landorus, L50, M|\n|poke|p1|Incineroar, L50, F|\n|poke|p1|Iron Bundle, L50|\n|poke|p1|Farigiraf, L50, F|\n|poke|p1|Calyrex-Ice, L50|\n|poke|p2|Chien-Pao, L50|\n|poke|p2|Calyrex-Shadow, L50|\n|poke|p2|Dondozo, L50, F|\n|poke|p2|Zamazenta-*, L50|\n|poke|p2|Dragonite, L50, M|\n|poke|p2|Tatsugiri, L50, M|\n|teampreview|4\n|inactive|Battle timer is ON: inactive players will automatically lose when time's up. (requested by Pokemonst3r)\n|\n|t:|1772664107\n|teamsize|p1|4\n|teamsize|p2|4\n|start\n|switch|p1a: Co-Star|Miraidon, L50|100/100\n|switch|p1b: the Star|Iron Bundle, L50|100/100\n|switch|p2a: Chien-Pao|Chien-Pao, L50|100/100\n|switch|p2b: Zamazenta|Zamazenta-Crowned, L50|100/100\n|-fieldstart|move: Electric Terrain|[from] ability: Hadron Engine|[of] p1a: Co-Star\n|-activate|p1b: the Star|ability: Quark Drive\n|-start|p1b: the Star|quarkdrivespe\n|-ability|p2a: Chien-Pao|Sword of Ruin\n|-ability|p2b: Zamazenta|Dauntless Shield|boost\n|-boost|p2b: Zamazenta|def|1\n|turn|1\n|\n|t:|1772664122\n|move|p2b: Zamazenta|Wide Guard|p2b: Zamazenta\n|-singleturn|p2b: Zamazenta|Wide Guard\n|move|p1b: the Star|Icy Wind|p2b: Zamazenta|[spread] \n|-activate|p2a: Chien-Pao|move: Wide Guard\n|-activate|p2b: Zamazenta|move: Wide Guard\n|move|p1a: Co-Star|Volt Switch|p2a: Chien-Pao\n|-enditem|p2a: Chien-Pao|Focus Sash\n|-damage|p2a: Chien-Pao|1/100\n|\n|t:|1772664127\n|switch|p1a: the Manager|Farigiraf, L50, F|100/100|[from] Volt Switch\n|move|p2a: Chien-Pao|Ice Spinner|p1a: the Manager\n|-damage|p1a: the Manager|41/100\n|-fieldend|move: Electric Terrain\n|-end|p1b: the Star|Quark Drive\n|\n|upkeep\n|turn|2\n|\n|t:|1772664151\n|move|p1b: the Star|Protect|p1b: the Star\n|-singleturn|p1b: the Star|Protect\n|move|p2a: Chien-Pao|Ice Spinner|p1a: the Manager\n|-damage|p1a: the Manager|0 fnt\n|faint|p1a: the Manager\n|move|p2b: Zamazenta|Body Press|p1b: the Star\n|-activate|p1b: the Star|move: Protect\n|\n|upkeep\n|\n|t:|1772664158\n|switch|p1a: Co-Star|Miraidon, L50|100/100\n|-fieldstart|move: Electric Terrain|[from] ability: Hadron Engine|[of] p1a: Co-Star\n|-activate|p1b: the Star|ability: Quark Drive\n|-start|p1b: the Star|quarkdrivespe\n|turn|3\n|\n|t:|1772664168\n|move|p2b: Zamazenta|Protect|p2b: Zamazenta\n|-singleturn|p2b: Zamazenta|Protect\n|move|p2a: Chien-Pao|Sucker Punch|p1a: Co-Star\n|-damage|p1a: Co-Star|50/100\n|move|p1b: the Star|Icy Wind|p2a: Chien-Pao|[spread] p2a\n|-activate|p2b: Zamazenta|move: Protect\n|-resisted|p2a: Chien-Pao\n|-damage|p2a: Chien-Pao|0 fnt\n|faint|p2a: Chien-Pao\n|move|p1a: Co-Star|Volt Switch|p2b: Zamazenta\n|-activate|p2b: Zamazenta|move: Protect\n|\n|upkeep\n|\n|t:|1772664179\n|switch|p2a: Dragonite|Dragonite, L50, M|100/100\n|turn|4\n|\n|t:|1772664200\n|-terastallize|p2a: Dragonite|Normal\n|move|p2a: Dragonite|Extreme Speed|p1a: Co-Star\n|-crit|p1a: Co-Star\n|-damage|p1a: Co-Star|0 fnt\n|faint|p1a: Co-Star\n|move|p1b: the Star|Encore|p2b: Zamazenta\n|-start|p2b: Zamazenta|Encore\n|move|p2b: Zamazenta|Protect||[still]\n|-fail|p2b: Zamazenta\n|\n|upkeep\n|\n|t:|1772664208\n|switch|p1a: Landorus|Landorus, L50, M|100/100\n|turn|5\n|\n|t:|1772664213\n|move|p2b: Zamazenta|Protect|p2b: Zamazenta\n|-singleturn|p2b: Zamazenta|Protect\n|move|p2a: Dragonite|Extreme Speed|p1a: Landorus\n|-crit|p1a: Landorus\n|-damage|p1a: Landorus|0 fnt\n|faint|p1a: Landorus\n|move|p1b: the Star|Freeze-Dry|p2a: Dragonite\n|-damage|p2a: Dragonite|69/100\n|\n|upkeep\n|turn|6\n|-message|lalo's pollos forfeited.\n|\n|win|Pokemonst3r\n|raw|lalo&apos;s pollos's rating: 1478 &rarr; <strong>1465</strong><br />(-13 for losing)\n|raw|Pokemonst3r's rating: 1596 &rarr; <strong>1609</strong><br />(+13 for winning)\n|l|\u2606lalo's pollos\n|player|p1|\n|l|\u2606Pokemonst3r\n|player|p2|\n","uploadtime":1772664392,"views":19,"formatid":"gen9vgc2026regi","rating":1465,"private":0,"password":null}