{"id":"gen9vgc2026regi-2538578971","format":"[Gen 9] VGC 2026 Reg I","players":["eye-zitt","dymanacks"],"log":"|j|\u2606eye-zitt\n|j|\u2606dymanacks\n|t:|1770942854\n|gametype|doubles\n|player|p1|eye-zitt|hilbert|1206\n|player|p2|dymanacks|ninjaboy|1286\n|gen|9\n|tier|[Gen 9] VGC 2026 Reg I\n|rated|\n|rule|Species Clause: Limit one of each Pok\u00e9mon\n|rule|Item Clause: Limit 1 of each item\n|clearpoke\n|poke|p1|Terapagos, L50, M|\n|poke|p1|Calyrex-Shadow, L50|\n|poke|p1|Rillaboom, L50, M|\n|poke|p1|Incineroar, L50, F|\n|poke|p1|Amoonguss, L50, F|\n|poke|p1|Ogerpon-Cornerstone, L50, F|\n|poke|p2|Koraidon, L50|\n|poke|p2|Calyrex-Ice, L50|\n|poke|p2|Regieleki, L50|\n|poke|p2|Arboliva, L50, M|\n|poke|p2|Incineroar, L50, F|\n|poke|p2|Urshifu-*, L50, F|\n|teampreview|4\n|inactive|Battle timer is ON: inactive players will automatically lose when time's up. (requested by eye-zitt)\n|inactive|dymanacks has 60 seconds left.\n|\n|t:|1770942889\n|teamsize|p1|4\n|teamsize|p2|4\n|start\n|switch|p1a: Terapagos|Terapagos, L50, M|100/100\n|switch|p1b: Amoonguss|Amoonguss, L50, F|100/100\n|switch|p2a: Regieleki|Regieleki, L50|100/100\n|switch|p2b: Koraidon|Koraidon, L50|100/100\n|-activate|p1a: Terapagos|ability: Tera Shift\n|detailschange|p1a: Terapagos|Terapagos-Terastal, L50, M\n|-heal|p1a: Terapagos|100/100|[silent]\n|-weather|SunnyDay|[from] ability: Orichalcum Pulse|[of] p2b: Koraidon\n|-activate|p2b: Koraidon|Orichalcum Pulse|[source]\n|turn|1\n|\n|t:|1770942905\n|move|p2a: Regieleki|Volt Switch|p1b: Amoonguss\n|-resisted|p1b: Amoonguss\n|-damage|p1b: Amoonguss|81/100\n|\n|t:|1770942908\n|switch|p2a: Incineroar|Incineroar, L50, F|100/100|[from] Volt Switch\n|-ability|p2a: Incineroar|Intimidate|boost\n|-unboost|p1a: Terapagos|atk|1\n|-unboost|p1b: Amoonguss|atk|1\n|move|p2b: Koraidon|Flare Blitz|p1b: Amoonguss\n|-supereffective|p1b: Amoonguss\n|-damage|p1b: Amoonguss|0 fnt\n|-damage|p2b: Koraidon|84/100|[from] item: Rocky Helmet|[of] p1b: Amoonguss\n|faint|p1b: Amoonguss\n|-damage|p2b: Koraidon|51/100|[from] Recoil\n|-damage|p2b: Koraidon|41/100|[from] item: Life Orb\n|move|p1a: Terapagos|Calm Mind|p1a: Terapagos\n|-boost|p1a: Terapagos|spa|1\n|-boost|p1a: Terapagos|spd|1\n|\n|-weather|SunnyDay|[upkeep]\n|upkeep\n|\n|t:|1770942918\n|switch|p1b: Calyrex|Calyrex-Shadow, L50|100/100\n|-ability|p1b: Calyrex|As One\n|-ability|p1b: Calyrex|Unnerve\n|turn|2\n|\n|t:|1770942927\n|switch|p2b: Arboliva|Arboliva, L50, M|100/100\n|move|p1a: Terapagos|Protect|p1a: Terapagos\n|-singleturn|p1a: Terapagos|Protect\n|move|p1b: Calyrex|Astral Barrage|p2a: Incineroar|[spread] p2a\n|-immune|p2b: Arboliva\n|-resisted|p2a: Incineroar\n|-damage|p2a: Incineroar|83/100\n|move|p2a: Incineroar|Knock Off|p1b: Calyrex\n|-supereffective|p1b: Calyrex\n|-enditem|p1b: Calyrex|Focus Sash\n|-damage|p1b: Calyrex|1/100\n|\n|-weather|SunnyDay|[upkeep]\n|upkeep\n|turn|3\n|\n|t:|1770942940\n|move|p1b: Calyrex|Protect|p1b: Calyrex\n|-singleturn|p1b: Calyrex|Protect\n|move|p1a: Terapagos|Earth Power|p2a: Incineroar\n|-supereffective|p2a: Incineroar\n|-damage|p2a: Incineroar|27/100\n|move|p2a: Incineroar|Parting Shot|p1a: Terapagos\n|-unboost|p1a: Terapagos|atk|1\n|-unboost|p1a: Terapagos|spa|1\n|\n|t:|1770942944\n|switch|p2a: Regieleki|Regieleki, L50|100/100|[from] Parting Shot\n|move|p2b: Arboliva|Giga Drain|p1b: Calyrex\n|-activate|p1b: Calyrex|move: Protect\n|\n|-weather|SunnyDay|[upkeep]\n|upkeep\n|turn|4\n|\n|t:|1770942966\n|switch|p1b: Ogerpon|Ogerpon-Cornerstone, L50, F|100/100\n|move|p2a: Regieleki|Electroweb|p1b: Ogerpon|[spread] p1a,p1b\n|-activate|p1a: Terapagos|ability: Tera Shell\n|-resisted|p1a: Terapagos\n|-resisted|p1b: Ogerpon\n|-damage|p1a: Terapagos|93/100\n|-damage|p1b: Ogerpon|85/100\n|-unboost|p1a: Terapagos|spe|1\n|-unboost|p1b: Ogerpon|spe|1\n|move|p1a: Terapagos|Earth Power|p2a: Regieleki\n|-supereffective|p2a: Regieleki\n|-damage|p2a: Regieleki|6/100\n|move|p2b: Arboliva|Giga Drain|p1a: Terapagos\n|-damage|p1a: Terapagos|69/100\n|\n|-weather|SunnyDay|[upkeep]\n|-heal|p1a: Terapagos|75/100|[from] item: Leftovers\n|upkeep\n|turn|5\n|\n|t:|1770942983\n|move|p1b: Ogerpon|Spiky Shield|p1b: Ogerpon\n|-singleturn|p1b: Ogerpon|move: Protect\n|move|p2a: Regieleki|Volt Switch|p1a: Terapagos\n|-crit|p1a: Terapagos\n|-damage|p1a: Terapagos|21/100\n|\n|t:|1770942987\n|switch|p2a: Incineroar|Incineroar, L50, F|27/100|[from] Volt Switch\n|-ability|p2a: Incineroar|Intimidate|boost\n|-unboost|p1a: Terapagos|atk|1\n|-unboost|p1b: Ogerpon|atk|1\n|move|p1a: Terapagos|Calm Mind|p1a: Terapagos\n|-boost|p1a: Terapagos|spa|1\n|-boost|p1a: Terapagos|spd|1\n|move|p2b: Arboliva|Pollen Puff|p1b: Ogerpon\n|-activate|p1b: Ogerpon|move: Protect\n|\n|-weather|none\n|-heal|p1a: Terapagos|27/100|[from] item: Leftovers\n|upkeep\n|turn|6\n|\n|t:|1770942996\n|move|p1a: Terapagos|Protect|p1a: Terapagos\n|-singleturn|p1a: Terapagos|Protect\n|move|p2a: Incineroar|Fake Out|p1b: Ogerpon\n|-resisted|p1b: Ogerpon\n|-damage|p1b: Ogerpon|79/100\n|cant|p1b: Ogerpon|flinch\n|move|p2b: Arboliva|Pollen Puff|p1b: Ogerpon\n|-supereffective|p1b: Ogerpon\n|-damage|p1b: Ogerpon|0 fnt\n|faint|p1b: Ogerpon\n|\n|-heal|p1a: Terapagos|33/100|[from] item: Leftovers\n|upkeep\n|\n|t:|1770942998\n|switch|p1b: Calyrex|Calyrex-Shadow, L50|1/100\n|-ability|p1b: Calyrex|As One\n|-ability|p1b: Calyrex|Unnerve\n|turn|7\n|\n|t:|1770943011\n|-terastallize|p1a: Terapagos|Stellar\n|detailschange|p1a: Terapagos|Terapagos-Stellar, L50, M, tera:Stellar\n|-heal|p1a: Terapagos|50/100|[silent]\n|move|p1b: Calyrex|Astral Barrage|p2a: Incineroar|[spread] p2a\n|-immune|p2b: Arboliva\n|-resisted|p2a: Incineroar\n|-damage|p2a: Incineroar|8/100\n|move|p2a: Incineroar|Knock Off|p1b: Calyrex\n|-supereffective|p1b: Calyrex\n|-damage|p1b: Calyrex|0 fnt\n|faint|p1b: Calyrex\n|move|p1a: Terapagos|Tera Starstorm|p2b: Arboliva|[spread] p2a,p2b\n|-damage|p2a: Incineroar|0 fnt\n|-damage|p2b: Arboliva|62/100\n|-fieldstart|move: Grassy Terrain|[from] ability: Seed Sower|[of] p2b: Arboliva\n|faint|p2a: Incineroar\n|move|p2b: Arboliva|Giga Drain|p1a: Terapagos\n|-damage|p1a: Terapagos|33/100\n|-heal|p2b: Arboliva|75/100|[from] drain|[of] p1a: Terapagos\n|\n|-heal|p1a: Terapagos|39/100|[from] Grassy Terrain\n|-heal|p1a: Terapagos|45/100|[from] item: Leftovers\n|-heal|p2b: Arboliva|80/100|[from] Grassy Terrain\n|upkeep\n|\n|t:|1770943017\n|switch|p2a: Koraidon|Koraidon, L50|41/100\n|-weather|SunnyDay|[from] ability: Orichalcum Pulse|[of] p2a: Koraidon\n|-activate|p2a: Koraidon|Orichalcum Pulse|[source]\n|turn|8\n|\n|t:|1770943031\n|move|p1a: Terapagos|Protect|p1a: Terapagos\n|-singleturn|p1a: Terapagos|Protect\n|move|p2a: Koraidon|Close Combat|p1a: Terapagos\n|-activate|p1a: Terapagos|move: Protect\n|move|p2b: Arboliva|Pollen Puff|p2a: Koraidon\n|-heal|p2a: Koraidon|91/100\n|\n|-weather|SunnyDay|[upkeep]\n|-heal|p2a: Koraidon|96/100|[from] Grassy Terrain\n|-heal|p1a: Terapagos|51/100|[from] Grassy Terrain\n|-heal|p1a: Terapagos|58/100|[from] item: Leftovers\n|-heal|p2b: Arboliva|86/100|[from] Grassy Terrain\n|upkeep\n|turn|9\n|\n|t:|1770943037\n|move|p2a: Koraidon|Close Combat|p1a: Terapagos\n|-supereffective|p1a: Terapagos\n|-damage|p1a: Terapagos|0 fnt\n|-unboost|p2a: Koraidon|def|1\n|-unboost|p2a: Koraidon|spd|1\n|faint|p1a: Terapagos\n|detailschange|p1: Terapagos|Terapagos, L50, M|[silent]\n|-damage|p2a: Koraidon|87/100|[from] item: Life Orb\n|\n|win|dymanacks\n|raw|eye-zitt's rating: 1206 &rarr; <strong>1187</strong><br />(-19 for losing)\n|raw|dymanacks's rating: 1286 &rarr; <strong>1305</strong><br />(+19 for winning)\n","uploadtime":1770943044,"views":27,"formatid":"gen9vgc2026regi","rating":1187,"private":0,"password":null}