{"id":"gen9vgc2026regi-2589992629","format":"[Gen 9] VGC 2026 Reg I","players":["testhan92","Mars002"],"log":"|j|\u2606testhan92\n|j|\u2606Mars002\n|t:|1776779847\n|gametype|doubles\n|player|p1|testhan92|102|1465\n|player|p2|Mars002|101|1401\n|gen|9\n|tier|[Gen 9] VGC 2026 Reg I\n|rated|\n|rule|Species Clause: Limit one of each Pok\u00e9mon\n|rule|Item Clause: Limit 1 of each item\n|clearpoke\n|poke|p1|Koraidon, L50|\n|poke|p1|Calyrex-Ice, L50|\n|poke|p1|Rillaboom, L50, M|\n|poke|p1|Incineroar, L50, M|\n|poke|p1|Smeargle, L50, F|\n|poke|p1|Landorus, L50, M|\n|poke|p2|Groudon, L50|\n|poke|p2|Calyrex-Ice, L50|\n|poke|p2|Rillaboom, L50, F|\n|poke|p2|Annihilape, L50, F|\n|poke|p2|Walking Wake, L50|\n|poke|p2|Comfey, L50, M|\n|teampreview|4\n|inactive|Battle timer is ON: inactive players will automatically lose when time's up. (requested by Mars002)\n|inactive|testhan92 has 60 seconds left.\n|\n|t:|1776779881\n|teamsize|p1|4\n|teamsize|p2|4\n|start\n|switch|p1a: Calyrex|Calyrex-Ice, L50|100/100\n|switch|p1b: Smeargle|Smeargle, L50, F|100/100\n|switch|p2a: Annihilape|Annihilape, L50, F|100/100\n|switch|p2b: Walking Wake|Walking Wake, L50|100/100\n|-ability|p1a: Calyrex|As One\n|-ability|p1a: Calyrex|Unnerve\n|turn|1\n|\n|t:|1776779895\n|move|p1b: Smeargle|Follow Me|p1b: Smeargle\n|-singleturn|p1b: Smeargle|move: Follow Me\n|move|p2a: Annihilape|U-turn|p1b: Smeargle\n|-damage|p1b: Smeargle|67/100\n|\n|t:|1776779901\n|switch|p2a: Groudon|Groudon, L50|100/100|[from] U-turn\n|-weather|SunnyDay|[from] ability: Drought|[of] p2a: Groudon\n|-activate|p2b: Walking Wake|ability: Protosynthesis\n|-start|p2b: Walking Wake|protosynthesisspe\n|move|p2b: Walking Wake|Hydro Steam|p1b: Smeargle\n|-damage|p1b: Smeargle|0 fnt\n|faint|p1b: Smeargle\n|move|p1a: Calyrex|Trick Room|p1a: Calyrex\n|-fieldstart|move: Trick Room|[of] p1a: Calyrex\n|\n|-weather|SunnyDay|[upkeep]\n|upkeep\n|\n|t:|1776779910\n|switch|p1b: Landorus|Landorus, L50, M|100/100\n|turn|2\n|\n|t:|1776779923\n|-terastallize|p2a: Groudon|Water\n|-terastallize|p1b: Landorus|Water\n|move|p1a: Calyrex|Glacial Lance|p2a: Groudon|[spread] p2a,p2b\n|-resisted|p2a: Groudon\n|-damage|p2a: Groudon|83/100\n|-damage|p2b: Walking Wake|43/100\n|move|p2a: Groudon|Precipice Blades|p1a: Calyrex|[spread] p1a,p1b\n|-damage|p1a: Calyrex|71/100\n|-damage|p1b: Landorus|48/100\n|move|p1b: Landorus|Earth Power|p2a: Groudon\n|-damage|p2a: Groudon|39/100\n|move|p2b: Walking Wake|Hydro Steam|p1a: Calyrex\n|-damage|p1a: Calyrex|12/100\n|\n|-weather|SunnyDay|[upkeep]\n|-heal|p1a: Calyrex|18/100|[from] item: Leftovers\n|upkeep\n|turn|3\n|\n|t:|1776779947\n|-end|p2b: Walking Wake|Protosynthesis|[silent]\n|switch|p2b: Comfey|Comfey, L50, M|100/100\n|move|p1a: Calyrex|Glacial Lance|p2a: Groudon|[spread] p2a,p2b\n|-resisted|p2a: Groudon\n|-damage|p2a: Groudon|23/100\n|-damage|p2b: Comfey|53/100\n|move|p2a: Groudon|Precipice Blades|p1a: Calyrex|[spread] p1a,p1b\n|-damage|p1a: Calyrex|0 fnt\n|-damage|p1b: Landorus|0 fnt\n|faint|p1a: Calyrex\n|faint|p1b: Landorus\n|\n|-weather|SunnyDay|[upkeep]\n|upkeep\n|\n|t:|1776779957\n|switch|p1b: Incineroar|Incineroar, L50, M|100/100\n|-ability|p1b: Incineroar|Intimidate|boost\n|-unboost|p2a: Groudon|atk|1\n|-unboost|p2b: Comfey|atk|1\n|turn|4\n|\n|t:|1776779967\n|move|p2b: Comfey|Floral Healing|p2a: Groudon\n|-heal|p2a: Groudon|73/100\n|move|p1b: Incineroar|Flare Blitz|p2a: Groudon\n|-resisted|p2a: Groudon\n|-damage|p2a: Groudon|51/100\n|-damage|p1b: Incineroar|93/100|[from] Recoil\n|move|p2a: Groudon|Precipice Blades|p1b: Incineroar\n|-supereffective|p1b: Incineroar\n|-damage|p1b: Incineroar|13/100\n|\n|-weather|SunnyDay|[upkeep]\n|upkeep\n|turn|5\n|-message|testhan92 forfeited.\n|\n|win|Mars002\n|raw|testhan92's rating: 1465 &rarr; <strong>1441</strong><br />(-24 for losing)\n|raw|Mars002's rating: 1401 &rarr; <strong>1425</strong><br />(+24 for winning)\n|l|\u2606testhan92\n|player|p1|\n|l|\u2606Mars002\n|player|p2|\n","uploadtime":1776780219,"views":9,"formatid":"gen9vgc2026regi","rating":1425,"private":0,"password":null}