{"id":"gen9vgc2026regi-2544477954","format":"[Gen 9] VGC 2026 Reg I","players":["EllenJoe2026","SEITA"],"log":"|j|\u203dEllenJoe2026\n|j|\u2606SEITA\n|t:|1771711521\n|gametype|doubles\n|player|p1|EllenJoe2026|iono|1470\n|player|p2|SEITA|lucas-gen4pt|1783\n|gen|9\n|tier|[Gen 9] VGC 2026 Reg I\n|rated|\n|rule|Species Clause: Limit one of each Pok\u00e9mon\n|rule|Item Clause: Limit 1 of each item\n|clearpoke\n|poke|p1|Calyrex-Shadow, L50|\n|poke|p1|Zamazenta-*, L50|\n|poke|p1|Chien-Pao, L50|\n|poke|p1|Dragonite, L50, M|\n|poke|p1|Tornadus, L50, M|\n|poke|p1|Urshifu-*, L50, F|\n|poke|p2|Zacian-*, L50|\n|poke|p2|Kyogre, L50|\n|poke|p2|Tornadus, L50, M|\n|poke|p2|Raging Bolt, L50|\n|poke|p2|Landorus, L50, M|\n|poke|p2|Chien-Pao, L50|\n|teampreview|4\n|inactive|Battle timer is ON: inactive players will automatically lose when time's up. (requested by EllenJoe2026)\n|\n|t:|1771711545\n|teamsize|p1|4\n|teamsize|p2|4\n|start\n|switch|p1a: Dragonite|Dragonite, L50, M|100/100\n|switch|p1b: Chien-Pao|Chien-Pao, L50|100/100\n|switch|p2a: Tornadus|Tornadus, L50, M|100/100\n|switch|p2b: Zacian|Zacian-Crowned, L50|100/100\n|-ability|p2b: Zacian|Intrepid Sword|boost\n|-boost|p2b: Zacian|atk|1\n|-ability|p1b: Chien-Pao|Sword of Ruin\n|turn|1\n|\n|t:|1771711560\n|-terastallize|p1a: Dragonite|Normal\n|move|p2a: Tornadus|Protect|p2a: Tornadus\n|-singleturn|p2a: Tornadus|Protect\n|move|p1a: Dragonite|Extreme Speed|p2b: Zacian\n|-resisted|p2b: Zacian\n|-damage|p2b: Zacian|59/100\n|move|p1b: Chien-Pao|Sucker Punch|p2b: Zacian\n|-resisted|p2b: Zacian\n|-damage|p2b: Zacian|29/100\n|-damage|p1b: Chien-Pao|91/100|[from] item: Life Orb\n|move|p2b: Zacian|Behemoth Blade|p1a: Dragonite\n|-damage|p1a: Dragonite|0 fnt\n|faint|p1a: Dragonite\n|\n|upkeep\n|inactive|EllenJoe2026 has 30 seconds left.\n|\n|t:|1771711588\n|switch|p1a: Calyrex|Calyrex-Shadow, L50|100/100\n|-ability|p1a: Calyrex|As One\n|-ability|p1a: Calyrex|Unnerve\n|turn|2\n|\n|t:|1771711604\n|move|p1b: Chien-Pao|Sucker Punch|p2b: Zacian\n|-resisted|p2b: Zacian\n|-damage|p2b: Zacian|0 fnt\n|faint|p2b: Zacian\n|-damage|p1b: Chien-Pao|81/100|[from] item: Life Orb\n|move|p2a: Tornadus|Tailwind|p2a: Tornadus\n|-sidestart|p2: SEITA|move: Tailwind\n|move|p1a: Calyrex|Encore|p2a: Tornadus\n|-start|p2a: Tornadus|Encore\n|-enditem|p2a: Tornadus|Mental Herb\n|-end|p2a: Tornadus|Encore\n|\n|upkeep\n|inactive|SEITA has 30 seconds left.\n|\n|t:|1771711633\n|switch|p2b: Chien-Pao|Chien-Pao, L50|100/100\n|-ability|p2b: Chien-Pao|Sword of Ruin\n|turn|3\n|\n|t:|1771711648\n|switch|p1a: Zamazenta|Zamazenta-Crowned, L50|100/100\n|-ability|p1a: Zamazenta|Dauntless Shield|boost\n|-boost|p1a: Zamazenta|def|1\n|-terastallize|p2a: Tornadus|Normal\n|move|p2b: Chien-Pao|Ice Spinner|p1a: Zamazenta\n|-resisted|p1a: Zamazenta\n|-damage|p1a: Zamazenta|90/100\n|move|p2a: Tornadus|Bleakwind Storm|p1a: Zamazenta|[spread] p1b\n|-miss|p2a: Tornadus|p1a: Zamazenta\n|-damage|p1b: Chien-Pao|8/100\n|move|p1b: Chien-Pao|Ice Spinner|p2a: Tornadus\n|-damage|p2a: Tornadus|8/100\n|-damage|p1b: Chien-Pao|0 fnt|[from] item: Life Orb\n|faint|p1b: Chien-Pao\n|\n|upkeep\n|\n|t:|1771711667\n|switch|p1b: Calyrex|Calyrex-Shadow, L50|100/100\n|-ability|p1b: Calyrex|As One\n|-ability|p1b: Calyrex|Unnerve\n|turn|4\n|\n|t:|1771711679\n|move|p1b: Calyrex|Protect|p1b: Calyrex\n|-singleturn|p1b: Calyrex|Protect\n|move|p2b: Chien-Pao|Sacred Sword|p1a: Zamazenta\n|-supereffective|p1a: Zamazenta\n|-damage|p1a: Zamazenta|40/100\n|move|p2a: Tornadus|Bleakwind Storm|p1b: Calyrex|[spread] p1a\n|-activate|p1b: Calyrex|move: Protect\n|-damage|p1a: Zamazenta|13/100\n|-unboost|p1a: Zamazenta|spe|1\n|move|p1a: Zamazenta|Body Press|p2a: Tornadus\n|-supereffective|p2a: Tornadus\n|-damage|p2a: Tornadus|0 fnt\n|faint|p2a: Tornadus\n|\n|upkeep\n|\n|t:|1771711695\n|switch|p2a: Raging Bolt|Raging Bolt, L50|100/100\n|-enditem|p2a: Raging Bolt|Booster Energy\n|-activate|p2a: Raging Bolt|ability: Protosynthesis|[fromitem]\n|-start|p2a: Raging Bolt|protosynthesisspa\n|turn|5\n|-message|EllenJoe2026 forfeited.\n|\n|win|SEITA\n|raw|EllenJoe2026's rating: 1470 &rarr; <strong>1464</strong><br />(-6 for losing)\n|raw|SEITA's rating: 1783 &rarr; <strong>1789</strong><br />(+6 for winning)\n|l|\u203dEllenJoe2026\n|player|p1|\n|l|\u2606SEITA\n|player|p2|\n","uploadtime":1771711873,"views":88,"formatid":"gen9vgc2026regi","rating":1464,"private":0,"password":null}