{"id":"gen9vgc2026regi-2581876556","format":"[Gen 9] VGC 2026 Reg I","players":["SpudMaggoo","airline198"],"log":"|j|\u2606SpudMaggoo\n|j|\u2606airline198\n|t:|1776035894\n|gametype|doubles\n|player|p1|SpudMaggoo|102|1160\n|player|p2|airline198|winona-gen6|1301\n|gen|9\n|tier|[Gen 9] VGC 2026 Reg I\n|rated|\n|rule|Species Clause: Limit one of each Pok\u00e9mon\n|rule|Item Clause: Limit 1 of each item\n|clearpoke\n|poke|p1|Kyurem-Black, L50|\n|poke|p1|Whimsicott, L50, M|\n|poke|p1|Calyrex-Shadow, L50|\n|poke|p1|Incineroar, L50, M|\n|poke|p1|Metagross, L50|\n|poke|p1|Flutter Mane, L50|\n|poke|p2|Calyrex-Ice, L50|\n|poke|p2|Scraggy, L50, M|\n|poke|p2|Miraidon, L50|\n|poke|p2|Farigiraf, L50, F|\n|poke|p2|Iron Treads, L50|\n|poke|p2|Iron Hands, L50|\n|teampreview|4\nairline198 has agreed to open team sheets.\n|inactive|Battle timer is ON: inactive players will automatically lose when time's up. (requested by airline198)\n|\n|t:|1776035927\n|teamsize|p1|4\n|teamsize|p2|4\n|start\n|switch|p1a: Incineroar|Incineroar, L50, M|100/100\n|switch|p1b: Metagross|Metagross, L50|100/100\n|switch|p2a: Miraidon|Miraidon, L50|100/100\n|switch|p2b: Farigiraf|Farigiraf, L50, F|100/100\n|-fieldstart|move: Electric Terrain|[from] ability: Hadron Engine|[of] p2a: Miraidon\n|-enditem|p2b: Farigiraf|Electric Seed\n|-boost|p2b: Farigiraf|def|1|[from] item: Electric Seed\n|-ability|p1a: Incineroar|Intimidate|boost\n|-unboost|p2a: Miraidon|atk|1\n|-unboost|p2b: Farigiraf|atk|1\n|turn|1\n|inactive|SpudMaggoo has 30 seconds left.\n|inactive|airline198 has 30 seconds left.\n|inactive|SpudMaggoo has 20 seconds left.\n|inactive|airline198 has 20 seconds left.\n|inactive|airline198 has 15 seconds left.\n|\n|t:|1776035973\n|-terastallize|p1a: Incineroar|Grass\n|move|p2a: Miraidon|Electro Drift|p1a: Incineroar\n|-resisted|p1a: Incineroar\n|-damage|p1a: Incineroar|36/100\n|-enditem|p1a: Incineroar|Sitrus Berry|[eat]\n|-heal|p1a: Incineroar|60/100|[from] item: Sitrus Berry\n|move|p1b: Metagross|Knock Off|p2a: Miraidon\n|-damage|p2a: Miraidon|69/100\n|-enditem|p2a: Miraidon|Choice Specs|[from] move: Knock Off|[of] p1b: Metagross\n|move|p1a: Incineroar|Knock Off|p2b: Farigiraf\n|-supereffective|p2b: Farigiraf\n|-damage|p2b: Farigiraf|73/100\n|move|p2b: Farigiraf|Trick Room|p2b: Farigiraf\n|-fieldstart|move: Trick Room|[of] p2b: Farigiraf\n|\n|upkeep\n|turn|2\n|inactive|SpudMaggoo has 30 seconds left.\n|inactive|SpudMaggoo has 20 seconds left.\n|\n|t:|1776036009\n|switch|p2a: Iron Hands|Iron Hands, L50|100/100\n|-activate|p2a: Iron Hands|ability: Quark Drive\n|-start|p2a: Iron Hands|quarkdriveatk\n|move|p2b: Farigiraf|Foul Play|p1b: Metagross\n|-supereffective|p1b: Metagross\n|-damage|p1b: Metagross|44/100\n|move|p1a: Incineroar|Parting Shot|p2a: Iron Hands\n|-unboost|p2a: Iron Hands|atk|1\n|-unboost|p2a: Iron Hands|spa|1\n|\n|t:|1776036019\n|switch|p1a: Kyurem|Kyurem-Black, L50|100/100|[from] Parting Shot\n|-ability|p1a: Kyurem|Teravolt\n|move|p1b: Metagross|Psychic Fangs|p2a: Iron Hands\n|-supereffective|p2a: Iron Hands\n|-damage|p2a: Iron Hands|35/100\n|\n|upkeep\n|turn|3\n|inactive|SpudMaggoo has 30 seconds left.\n|\n|t:|1776036053\n|switch|p1a: Incineroar|Incineroar, L50, M, tera:Grass|60/100\n|-ability|p1a: Incineroar|Intimidate|boost\n|-unboost|p2a: Iron Hands|atk|1\n|-unboost|p2b: Farigiraf|atk|1\n|move|p2a: Iron Hands|Low Kick|p1a: Incineroar\n|-damage|p1a: Incineroar|38/100\n|move|p2b: Farigiraf|Foul Play|p1b: Metagross\n|-supereffective|p1b: Metagross\n|-damage|p1b: Metagross|0 fnt\n|faint|p1b: Metagross\n|\n|upkeep\n|\n|t:|1776036061\n|switch|p1b: Kyurem|Kyurem-Black, L50|100/100\n|-ability|p1b: Kyurem|Teravolt\n|turn|4\n|\n|t:|1776036084\n|move|p2b: Farigiraf|Helping Hand|p2a: Iron Hands\n|-singleturn|p2a: Iron Hands|Helping Hand|[of] p2b: Farigiraf\n|move|p2a: Iron Hands|Low Kick|p1b: Kyurem\n|-supereffective|p1b: Kyurem\n|-crit|p1b: Kyurem\n|-damage|p1b: Kyurem|0 fnt\n|faint|p1b: Kyurem\n|move|p1a: Incineroar|Will-O-Wisp|p2a: Iron Hands\n|-status|p2a: Iron Hands|brn\n|\n|-damage|p2a: Iron Hands|29/100 brn|[from] brn\n|upkeep\n|\n|t:|1776036093\n|switch|p1b: Calyrex|Calyrex-Shadow, L50|100/100\n|-ability|p1b: Calyrex|As One\n|-ability|p1b: Calyrex|Unnerve\n|turn|5\n|\n|t:|1776036113\n|move|p2b: Farigiraf|Helping Hand|p2a: Iron Hands\n|-singleturn|p2a: Iron Hands|Helping Hand|[of] p2b: Farigiraf\n|move|p1b: Calyrex|Protect|p1b: Calyrex\n|-singleturn|p1b: Calyrex|Protect\n|move|p2a: Iron Hands|Drain Punch|p1a: Incineroar\n|-damage|p1a: Incineroar|23/100\n|-heal|p2a: Iron Hands|36/100 brn|[from] drain|[of] p1a: Incineroar\n|move|p1a: Incineroar|Knock Off|p2b: Farigiraf\n|-supereffective|p2b: Farigiraf\n|-crit|p2b: Farigiraf\n|-damage|p2b: Farigiraf|11/100\n|\n|-damage|p2a: Iron Hands|30/100 brn|[from] brn\n|-fieldend|move: Trick Room\n|-fieldend|move: Electric Terrain\n|-end|p2a: Iron Hands|Quark Drive\n|upkeep\n|turn|6\n|\n|t:|1776036133\n|move|p1b: Calyrex|Astral Barrage|p2a: Iron Hands|[spread] p2a\n|-immune|p2b: Farigiraf\n|-damage|p2a: Iron Hands|0 fnt\n|faint|p2a: Iron Hands\n|-end|p2a: Iron Hands|Quark Drive|[silent]\n|-ability|p1b: Calyrex|Grim Neigh|boost\n|-boost|p1b: Calyrex|spa|1\n|-damage|p1b: Calyrex|91/100|[from] item: Life Orb\n|move|p1a: Incineroar|Knock Off|p2b: Farigiraf\n|-supereffective|p2b: Farigiraf\n|-damage|p2b: Farigiraf|0 fnt\n|faint|p2b: Farigiraf\n|\n|upkeep\n|\n|t:|1776036138\n|switch|p2b: Calyrex|Calyrex-Ice, L50|100/100\n|switch|p2a: Miraidon|Miraidon, L50|69/100\n|-ability|p2b: Calyrex|As One\n|-ability|p2b: Calyrex|Unnerve\n|-fieldstart|move: Electric Terrain|[from] ability: Hadron Engine|[of] p2a: Miraidon\n|turn|7\n|inactive|SpudMaggoo has 30 seconds left.\n|\n|t:|1776036178\n|-terastallize|p2b: Calyrex|Fire\n|move|p1b: Calyrex|Astral Barrage|p2a: Miraidon|[spread] p2a,p2b\n|-damage|p2a: Miraidon|0 fnt\n|-damage|p2b: Calyrex|29/100\n|faint|p2a: Miraidon\n|-ability|p1b: Calyrex|Grim Neigh|boost\n|-boost|p1b: Calyrex|spa|1\n|-damage|p1b: Calyrex|81/100|[from] item: Life Orb\n|move|p1a: Incineroar|Knock Off|p2b: Calyrex\n|-damage|p2b: Calyrex|5/100\n|-enditem|p2b: Calyrex|Clear Amulet|[from] move: Knock Off|[of] p1a: Incineroar\n|move|p2b: Calyrex|Trick Room|p2b: Calyrex\n|-fieldstart|move: Trick Room|[of] p2b: Calyrex\n|\n|upkeep\n|turn|8\n|\n|t:|1776036203\n|move|p2b: Calyrex|Glacial Lance|p1a: Incineroar|[spread] p1a,p1b\n|-supereffective|p1a: Incineroar\n|-damage|p1a: Incineroar|0 fnt\n|-damage|p1b: Calyrex|14/100\n|faint|p1a: Incineroar\n|-ability|p2b: Calyrex|Chilling Neigh|boost\n|-boost|p2b: Calyrex|atk|1\n|move|p1b: Calyrex|Astral Barrage|p2b: Calyrex\n|-damage|p2b: Calyrex|0 fnt\n|faint|p2b: Calyrex\n|-damage|p1b: Calyrex|4/100|[from] item: Life Orb\n|\n|win|SpudMaggoo\n|raw|SpudMaggoo's rating: 1160 &rarr; <strong>1195</strong><br />(+35 for winning)\n|raw|airline198's rating: 1301 &rarr; <strong>1273</strong><br />(-28 for losing)\n|l|\u2606airline198\n|player|p2|\n|l|\u2606SpudMaggoo\n|player|p1|\n","uploadtime":1776036420,"views":8,"formatid":"gen9vgc2026regi","rating":1195,"private":0,"password":null}