{"id":"gen9vgc2026regi-2589838735","format":"[Gen 9] VGC 2026 Reg I","players":["igrisgoogoodolls","jj11j1"],"log":"|j|\u2606igrisgoogoodolls\n|j|\u2606jj11j1\n|t:|1776765784\n|gametype|doubles\n|player|p1|igrisgoogoodolls|170|1377\n|player|p2|jj11j1|1|1396\n|gen|9\n|tier|[Gen 9] VGC 2026 Reg I\n|rated|\n|rule|Species Clause: Limit one of each Pok\u00e9mon\n|rule|Item Clause: Limit 1 of each item\n|clearpoke\n|poke|p1|Koraidon, L50|\n|poke|p1|Calyrex-Shadow, L50|\n|poke|p1|Murkrow, L50, F|\n|poke|p1|Raichu, L50, F|\n|poke|p1|Torkoal, L50, M|\n|poke|p1|Typhlosion-Hisui, L50, F|\n|poke|p2|Ho-Oh, L50|\n|poke|p2|Calyrex-Ice, L50|\n|poke|p2|Overqwil, L50, F|\n|poke|p2|Ting-Lu, L50|\n|poke|p2|Rillaboom, L50, M|\n|poke|p2|Ogerpon-Wellspring, L50, F|\n|teampreview|4\n|\n|t:|1776765825\n|teamsize|p1|4\n|teamsize|p2|4\n|start\n|switch|p1a: Koraidon|Koraidon, L50|100/100\n|switch|p1b: Typhlosion|Typhlosion-Hisui, L50, F|100/100\n|switch|p2a: Overqwil|Overqwil, L50, F|100/100\n|switch|p2b: Ting-Lu|Ting-Lu, L50|100/100\n|-item|p2a: Overqwil|Black Sludge|[from] ability: Frisk|[of] p1b: Typhlosion\n|-item|p2b: Ting-Lu|Choice Band|[from] ability: Frisk|[of] p1b: Typhlosion\n|-weather|SunnyDay|[from] ability: Orichalcum Pulse|[of] p1a: Koraidon\n|-activate|p1a: Koraidon|Orichalcum Pulse|[source]\n|-ability|p2a: Overqwil|Intimidate|boost\n|-unboost|p1a: Koraidon|atk|1\n|-unboost|p1b: Typhlosion|atk|1\n|-ability|p2b: Ting-Lu|Vessel of Ruin\n|turn|1\n|\n|t:|1776765845\n|-terastallize|p2b: Ting-Lu|Fire\n|move|p2a: Overqwil|Protect|p2a: Overqwil\n|-singleturn|p2a: Overqwil|Protect\n|move|p1b: Typhlosion|Eruption|p2a: Overqwil|[spread] p2b\n|-activate|p2a: Overqwil|move: Protect\n|-resisted|p2b: Ting-Lu\n|-crit|p2b: Ting-Lu\n|-damage|p2b: Ting-Lu|62/100\n|move|p1a: Koraidon|Close Combat|p2b: Ting-Lu\n|-damage|p2b: Ting-Lu|19/100\n|-unboost|p1a: Koraidon|def|1\n|-unboost|p1a: Koraidon|spd|1\n|-damage|p1a: Koraidon|91/100|[from] item: Life Orb\n|move|p2b: Ting-Lu|Earthquake|p1b: Typhlosion|[spread] p1a,p1b\n|-activate|p2a: Overqwil|move: Protect\n|-supereffective|p1b: Typhlosion\n|-damage|p1a: Koraidon|12/100\n|-damage|p1b: Typhlosion|0 fnt\n|faint|p1b: Typhlosion\n|\n|-weather|SunnyDay|[upkeep]\n|upkeep\n|\n|t:|1776765869\n|switch|p1b: Calyrex|Calyrex-Shadow, L50|100/100\n|-ability|p1b: Calyrex|As One\n|-ability|p1b: Calyrex|Unnerve\n|turn|2\n|\n|t:|1776765887\n|move|p1b: Calyrex|Astral Barrage|p2b: Ting-Lu|[spread] p2a,p2b\n|-resisted|p2a: Overqwil\n|-damage|p2a: Overqwil|78/100\n|-damage|p2b: Ting-Lu|0 fnt\n|faint|p2b: Ting-Lu\n|-ability|p1b: Calyrex|Grim Neigh|boost\n|-boost|p1b: Calyrex|spa|1\n|move|p1a: Koraidon|Stomping Tantrum|p2a: Overqwil\n|-supereffective|p2a: Overqwil\n|-damage|p2a: Overqwil|24/100\n|-damage|p1a: Koraidon|2/100|[from] item: Life Orb\n|move|p2a: Overqwil|Throat Chop|p1b: Calyrex\n|-supereffective|p1b: Calyrex\n|-damage|p1b: Calyrex|0 fnt\n|faint|p1b: Calyrex\n|\n|-weather|SunnyDay|[upkeep]\n|-heal|p2a: Overqwil|30/100|[from] item: Black Sludge\n|upkeep\n|\n|t:|1776765909\n|switch|p1b: Torkoal|Torkoal, L50, M|100/100\n|switch|p2b: Ho-Oh|Ho-Oh, L50|100/100\n|turn|3\n|\n|t:|1776765928\n|move|p2a: Overqwil|Protect|p2a: Overqwil\n|-singleturn|p2a: Overqwil|Protect\n|move|p1a: Koraidon|Stomping Tantrum|p2a: Overqwil\n|-activate|p2a: Overqwil|move: Protect\n|move|p2b: Ho-Oh|Life Dew||[still]|[spread] p2a,p2b\n|-heal|p2a: Overqwil|55/100\n|-fail|p2b: Ho-Oh|heal\n|move|p1b: Torkoal|Eruption|p2b: Ho-Oh|[spread] p2b\n|-activate|p2a: Overqwil|move: Protect\n|-resisted|p2b: Ho-Oh\n|-damage|p2b: Ho-Oh|68/100\n|\n|-weather|SunnyDay|[upkeep]\n|-heal|p2a: Overqwil|61/100|[from] item: Black Sludge\n|upkeep\n|turn|4\n|\n|t:|1776765953\n|move|p1a: Koraidon|Scale Shot|p2b: Ho-Oh\n|-damage|p2b: Ho-Oh|56/100\n|-damage|p2b: Ho-Oh|46/100\n|-hitcount|p2b: Ho-Oh|2\n|-unboost|p1a: Koraidon|def|1\n|-boost|p1a: Koraidon|spe|1\n|-damage|p1a: Koraidon|0 fnt|[from] item: Life Orb\n|faint|p1a: Koraidon\n|move|p2b: Ho-Oh|Life Dew|p2b: Ho-Oh|[spread] p2a,p2b\n|-heal|p2a: Overqwil|86/100\n|-heal|p2b: Ho-Oh|70/100\n|move|p2a: Overqwil|Barb Barrage|p1b: Torkoal\n|-damage|p1b: Torkoal|80/100\n|-status|p1b: Torkoal|psn\n|move|p1b: Torkoal|Eruption|p2b: Ho-Oh|[spread] p2a,p2b\n|-resisted|p2b: Ho-Oh\n|-damage|p2a: Overqwil|4/100\n|-damage|p2b: Ho-Oh|45/100\n|\n|-weather|SunnyDay|[upkeep]\n|-heal|p2a: Overqwil|10/100|[from] item: Black Sludge\n|-damage|p1b: Torkoal|68/100 psn|[from] psn\n|upkeep\n|turn|5\n|\n|t:|1776765982\n|move|p2b: Ho-Oh|Sacred Fire|p1b: Torkoal\n|-resisted|p1b: Torkoal\n|-damage|p1b: Torkoal|40/100 psn\n|move|p2a: Overqwil|Barb Barrage|p1b: Torkoal\n|-damage|p1b: Torkoal|4/100 psn\n|move|p1b: Torkoal|Eruption|p2a: Overqwil|[spread] p2a,p2b\n|-resisted|p2b: Ho-Oh\n|-damage|p2a: Overqwil|6/100\n|-damage|p2b: Ho-Oh|44/100\n|\n|-weather|none\n|-heal|p2a: Overqwil|12/100|[from] item: Black Sludge\n|-damage|p1b: Torkoal|0 fnt|[from] psn\n|faint|p1b: Torkoal\n|\n|win|jj11j1\n|raw|igrisgoogoodolls's rating: 1377 &rarr; <strong>1358</strong><br />(-19 for losing)\n|raw|jj11j1's rating: 1396 &rarr; <strong>1415</strong><br />(+19 for winning)\n|l|\u2606jj11j1\n|player|p2|\n|l|\u2606igrisgoogoodolls\n|player|p1|\n","uploadtime":1776766250,"views":7,"formatid":"gen9vgc2026regi","rating":1358,"private":0,"password":null}