{"id":"gen9vgc2026regi-2560103803","format":"[Gen 9] VGC 2026 Reg I","players":["kumsumkneeda","jonen"],"log":"|j|\u2606kumsumkneeda\n|j|\u2606jonen\n|t:|1773652370\n|gametype|doubles\n|player|p1|kumsumkneeda|169|1113\n|player|p2|jonen|medium|1139\n|gen|9\n|tier|[Gen 9] VGC 2026 Reg I\n|rated|\n|rule|Species Clause: Limit one of each Pok\u00e9mon\n|rule|Item Clause: Limit 1 of each item\n|clearpoke\n|poke|p1|Calyrex-Shadow, L50|\n|poke|p1|Zamazenta-*, L50|\n|poke|p1|Chien-Pao, L50|\n|poke|p1|Dragonite, L50, F|\n|poke|p1|Raging Bolt, L50|\n|poke|p1|Amoonguss, L50, M|\n|poke|p2|Groudon, L50|\n|poke|p2|Chi-Yu, L50|\n|poke|p2|Flutter Mane, L50|\n|poke|p2|Raging Bolt, L50|\n|poke|p2|Calyrex-Ice, L50|\n|poke|p2|Jumpluff, L50, F|\n|teampreview|4\n|inactive|Battle timer is ON: inactive players will automatically lose when time's up. (requested by kumsumkneeda)\nkumsumkneeda has agreed to open team sheets.\njonen has agreed to open team sheets.\n|showteam|p1|Calyrex-Shadow||FocusSash|AsOneSpectrier|AstralBarrage,Psychic,Encore,Protect||||||50|,,,,,Ghost]Zamazenta-Crowned||RustedShield|DauntlessShield|BodyPress,HeavySlam,WideGuard,Protect||||||50|,,,,,Dragon]Chien-Pao||AssaultVest|SwordofRuin|IceSpinner,SuckerPunch,Ruination,IcyWind||||||50|,,,,,Poison]Dragonite||ChoiceBand|InnerFocus|ExtremeSpeed,LowKick,AquaJet,Outrage|||F|||50|,,,,,Normal]Raging Bolt||BoosterEnergy|Protosynthesis|Thunderbolt,Thunderclap,DragonPulse,Protect||||||50|,,,,,Electric]Amoonguss||RockyHelmet|Regenerator|Spore,SludgeBomb,RagePowder,Protect|||M|||50|,,,,,Water\n|showteam|p2|Groudon||AssaultVest|Drought|PrecipiceBlades,HighHorsepower,HeatCrash,StoneEdge||||||50|,,,,,Fire]Chi-Yu||ChoiceScarf|BeadsofRuin|HeatWave,Overheat,Snarl,DarkPulse||||||50|,,,,,Ghost]Flutter Mane||FocusSash|Protosynthesis|Moonblast,ShadowBall,IcyWind,Protect||||||50|,,,,,Normal]Raging Bolt||LifeOrb|Protosynthesis|Thunderbolt,Thunderclap,DracoMeteor,Protect||||||50|,,,,,Electric]Calyrex-Ice||SitrusBerry|AsOneGlastrier|GlacialLance,LeechSeed,TrickRoom,Imprison||||||50|,,,,,Water]Jumpluff||CovertCloak|Chlorophyll|Tailwind,SleepPowder,Encore,PollenPuff|||F|||50|,,,,,Dark\n|\n|t:|1773652406\n|teamsize|p1|4\n|teamsize|p2|4\n|start\n|switch|p1a: Chien-Pao|Chien-Pao, L50|100/100\n|switch|p1b: Dragonite|Dragonite, L50, F|100/100\n|switch|p2a: Groudon|Groudon, L50|100/100\n|switch|p2b: Jumpluff|Jumpluff, L50, F|100/100\n|-ability|p1a: Chien-Pao|Sword of Ruin\n|-weather|SunnyDay|[from] ability: Drought|[of] p2a: Groudon\n|turn|1\n|\n|t:|1773652429\n|-terastallize|p1b: Dragonite|Normal\n|move|p1b: Dragonite|Extreme Speed|p2b: Jumpluff\n|-damage|p2b: Jumpluff|0 fnt\n|faint|p2b: Jumpluff\n|move|p1a: Chien-Pao|Ice Spinner|p2a: Groudon\n|-supereffective|p2a: Groudon\n|-damage|p2a: Groudon|37/100\n|move|p2a: Groudon|Heat Crash|p1a: Chien-Pao\n|-supereffective|p1a: Chien-Pao\n|-damage|p1a: Chien-Pao|0 fnt\n|faint|p1a: Chien-Pao\n|\n|-weather|SunnyDay|[upkeep]\n|upkeep\n|\n|t:|1773652439\n|switch|p1a: Zamazenta|Zamazenta-Crowned, L50|100/100\n|switch|p2b: Calyrex|Calyrex-Ice, L50|100/100\n|-ability|p2b: Calyrex|As One\n|-ability|p2b: Calyrex|Unnerve\n|-ability|p1a: Zamazenta|Dauntless Shield|boost\n|-boost|p1a: Zamazenta|def|1\n|turn|2\n|\n|t:|1773652448\n|switch|p2a: Chi-Yu|Chi-Yu, L50|100/100\n|-ability|p2a: Chi-Yu|Beads of Ruin\n|move|p1b: Dragonite|Extreme Speed|p2a: Chi-Yu\n|-damage|p2a: Chi-Yu|0 fnt\n|faint|p2a: Chi-Yu\n|move|p1a: Zamazenta|Body Press|p2b: Calyrex\n|-damage|p2b: Calyrex|63/100\n|move|p2b: Calyrex|Leech Seed|p1a: Zamazenta\n|-start|p1a: Zamazenta|move: Leech Seed\n|\n|-weather|SunnyDay|[upkeep]\n|-damage|p1a: Zamazenta|88/100|[from] Leech Seed|[of] p2b: Calyrex\n|-heal|p2b: Calyrex|74/100|[silent]\n|upkeep\n|\n|t:|1773652457\n|switch|p2a: Groudon|Groudon, L50|37/100\n|turn|3\n|\n|t:|1773652467\n|switch|p1a: Amoonguss|Amoonguss, L50, M|100/100\n|move|p1b: Dragonite|Extreme Speed|p2b: Calyrex\n|-damage|p2b: Calyrex|40/100\n|-enditem|p2b: Calyrex|Sitrus Berry|[eat]\n|-heal|p2b: Calyrex|65/100|[from] item: Sitrus Berry\n|move|p2a: Groudon|Precipice Blades|p1b: Dragonite|[spread] p1a\n|-miss|p2a: Groudon|p1b: Dragonite\n|-crit|p1a: Amoonguss\n|-damage|p1a: Amoonguss|33/100\n|move|p2b: Calyrex|Glacial Lance|p1a: Amoonguss|[spread] p1a,p1b\n|-supereffective|p1a: Amoonguss\n|-crit|p1b: Dragonite\n|-damage|p1a: Amoonguss|0 fnt\n|-damage|p1b: Dragonite|28/100\n|faint|p1a: Amoonguss\n|-ability|p2b: Calyrex|Chilling Neigh|boost\n|-boost|p2b: Calyrex|atk|1\n|\n|-weather|SunnyDay|[upkeep]\n|upkeep\n|\n|t:|1773652470\n|switch|p1a: Zamazenta|Zamazenta-Crowned, L50|88/100\n|turn|4\n|\n|t:|1773652491\n|move|p1b: Dragonite|Extreme Speed|p2a: Groudon\n|-damage|p2a: Groudon|0 fnt\n|faint|p2a: Groudon\n|move|p1a: Zamazenta|Body Press|p2b: Calyrex\n|-damage|p2b: Calyrex|39/100\n|move|p2b: Calyrex|Leech Seed|p1a: Zamazenta\n|-start|p1a: Zamazenta|move: Leech Seed\n|\n|-weather|SunnyDay|[upkeep]\n|-damage|p1a: Zamazenta|76/100|[from] Leech Seed|[of] p2b: Calyrex\n|-heal|p2b: Calyrex|50/100|[silent]\n|upkeep\n|turn|5\n|\n|t:|1773652498\n|move|p1b: Dragonite|Extreme Speed|p2b: Calyrex\n|-damage|p2b: Calyrex|15/100\n|move|p1a: Zamazenta|Body Press|p2b: Calyrex\n|-damage|p2b: Calyrex|0 fnt\n|faint|p2b: Calyrex\n|\n|win|kumsumkneeda\n|raw|kumsumkneeda's rating: 1113 &rarr; <strong>1140</strong><br />(+27 for winning)\n|raw|jonen's rating: 1139 &rarr; <strong>1112</strong><br />(-27 for losing)\n|l|\u2606kumsumkneeda\n|player|p1|\n|l|\u2606jonen\n|player|p2|\n","uploadtime":1773652498,"views":10,"formatid":"gen9vgc2026regi","rating":1112,"private":0,"password":null}