{"id":"gen9vgc2026regi-2545840569","format":"[Gen 9] VGC 2026 Reg I","players":["wabofit","alexit93"],"log":"|j|\u2606wabofit\n|j|\u2606alexit93\n|t:|1771891009\n|gametype|doubles\n|player|p1|wabofit|beauty-gen4dp|1201\n|player|p2|alexit93|lucas-gen4pt|1279\n|gen|9\n|tier|[Gen 9] VGC 2026 Reg I\n|rated|\n|rule|Species Clause: Limit one of each Pok\u00e9mon\n|rule|Item Clause: Limit 1 of each item\n|clearpoke\n|poke|p1|Groudon, L50|\n|poke|p1|Iron Leaves, L50|\n|poke|p1|Whimsicott, L50, M|\n|poke|p1|Ho-Oh, L50|\n|poke|p1|Amoonguss, L50, M|\n|poke|p1|Incineroar, L50, M|\n|poke|p2|Zamazenta-*, L50|\n|poke|p2|Riolu, L50, M|\n|poke|p2|Calyrex-Ice, L50|\n|poke|p2|Rillaboom, L50, M|\n|poke|p2|Incineroar, L50, M|\n|poke|p2|Urshifu-*, L50, F|\n|teampreview|4\n|inactive|Battle timer is ON: inactive players will automatically lose when time's up. (requested by wabofit)\n|\n|t:|1771891032\n|teamsize|p1|4\n|teamsize|p2|4\n|start\n|switch|p1a: Ho-Oh|Ho-Oh, L50|100/100\n|switch|p1b: Iron Leaves|Iron Leaves, L50|100/100\n|switch|p2a: Riolu|Riolu, L50, M|100/100\n|switch|p2b: Urshifu|Urshifu-Rapid-Strike, L50, F|100/100\n|-enditem|p1b: Iron Leaves|Booster Energy\n|-activate|p1b: Iron Leaves|ability: Quark Drive|[fromitem]\n|-start|p1b: Iron Leaves|quarkdrivespe\n|turn|1\n|\n|t:|1771891047\n|switch|p2b: Incineroar|Incineroar, L50, M|100/100\n|-ability|p2b: Incineroar|Intimidate|boost\n|-fail|p1a: Ho-Oh|unboost|[from] item: Clear Amulet|[of] p1a: Ho-Oh\n|-unboost|p1b: Iron Leaves|atk|1\n|move|p2a: Riolu|Coaching|p2b: Incineroar\n|-boost|p2b: Incineroar|atk|1\n|-boost|p2b: Incineroar|def|1\n|move|p1b: Iron Leaves|Solar Blade||[still]\n|-prepare|p1b: Iron Leaves|Solar Blade\n|move|p1a: Ho-Oh|Tailwind|p1a: Ho-Oh\n|-sidestart|p1: wabofit|move: Tailwind\n|\n|upkeep\n|turn|2\n|inactive|wabofit has 30 seconds left.\n|\n|t:|1771891077\n|switch|p2a: Urshifu|Urshifu-Rapid-Strike, L50, F|100/100\n|move|p1b: Iron Leaves|Solar Blade|p2b: Incineroar|[from] lockedmove\n|-resisted|p2b: Incineroar\n|-crit|p2b: Incineroar\n|-damage|p2b: Incineroar|59/100\n|-damage|p1b: Iron Leaves|84/100|[from] item: Rocky Helmet|[of] p2b: Incineroar\n|move|p1a: Ho-Oh|Brave Bird|p2b: Incineroar\n|-damage|p2b: Incineroar|24/100\n|-damage|p1a: Ho-Oh|84/100|[from] item: Rocky Helmet|[of] p2b: Incineroar\n|-damage|p1a: Ho-Oh|74/100|[from] Recoil\n|move|p2b: Incineroar|Knock Off|p1b: Iron Leaves\n|-supereffective|p1b: Iron Leaves\n|-damage|p1b: Iron Leaves|0 fnt\n|faint|p1b: Iron Leaves\n|-end|p1b: Iron Leaves|Quark Drive|[silent]\n|\n|upkeep\n|\n|t:|1771891094\n|switch|p1b: Groudon|Groudon, L50, shiny|100/100\n|-weather|SunnyDay|[from] ability: Drought|[of] p1b: Groudon\n|turn|3\n|\n|t:|1771891109\n|switch|p2a: Zamazenta|Zamazenta-Crowned, L50, shiny|100/100\n|-ability|p2a: Zamazenta|Dauntless Shield|boost\n|-boost|p2a: Zamazenta|def|1\n|move|p1a: Ho-Oh|Brave Bird|p2a: Zamazenta\n|-damage|p2a: Zamazenta|77/100\n|-damage|p1a: Ho-Oh|68/100|[from] Recoil\n|move|p1b: Groudon|Precipice Blades|p2a: Zamazenta|[spread] p2a,p2b\n|-supereffective|p2a: Zamazenta\n|-supereffective|p2b: Incineroar\n|-damage|p2a: Zamazenta|17/100\n|-damage|p2b: Incineroar|0 fnt\n|faint|p2b: Incineroar\n|-damage|p1b: Groudon|91/100|[from] item: Life Orb\n|\n|-weather|SunnyDay|[upkeep]\n|upkeep\n|\n|t:|1771891114\n|switch|p2b: Riolu|Riolu, L50, M|100/100\n|turn|4\n|\n|t:|1771891129\n|move|p2a: Zamazenta|Wide Guard|p2a: Zamazenta\n|-singleturn|p2a: Zamazenta|Wide Guard\n|move|p2b: Riolu|Rain Dance|p2b: Riolu\n|-weather|RainDance\n|move|p1a: Ho-Oh|Sacred Fire|p2a: Zamazenta\n|-supereffective|p2a: Zamazenta\n|-damage|p2a: Zamazenta|0 fnt\n|faint|p2a: Zamazenta\n|move|p1b: Groudon|Swords Dance|p1b: Groudon\n|-boost|p1b: Groudon|atk|2\n|\n|-weather|RainDance|[upkeep]\n|-sideend|p1: wabofit|move: Tailwind\n|upkeep\n|\n|t:|1771891136\n|switch|p2a: Urshifu|Urshifu-Rapid-Strike, L50, F|100/100\n|turn|5\n|\n|t:|1771891146\n|switch|p1b: Whimsicott|Whimsicott, L50, M, shiny|100/100\n|-terastallize|p2a: Urshifu|Water\n|move|p2b: Riolu|Coaching|p2a: Urshifu\n|-boost|p2a: Urshifu|atk|1\n|-boost|p2a: Urshifu|def|1\n|move|p2a: Urshifu|Surging Strikes|p1b: Whimsicott\n|-resisted|p1b: Whimsicott\n|-crit|p1b: Whimsicott\n|-damage|p1b: Whimsicott|58/100\n|-resisted|p1b: Whimsicott\n|-crit|p1b: Whimsicott\n|-damage|p1b: Whimsicott|11/100\n|-resisted|p1b: Whimsicott\n|-crit|p1b: Whimsicott\n|-damage|p1b: Whimsicott|0 fnt\n|faint|p1b: Whimsicott\n|-hitcount|p1: Whimsicott|3\n|move|p1a: Ho-Oh|Brave Bird|p2a: Urshifu\n|-damage|p2a: Urshifu|59/100\n|-damage|p1a: Ho-Oh|57/100|[from] Recoil\n|\n|-weather|RainDance|[upkeep]\n|upkeep\n|\n|t:|1771891167\n|switch|p1b: Groudon|Groudon, L50, shiny|91/100\n|-weather|SunnyDay|[from] ability: Drought|[of] p1b: Groudon\n|turn|6\n|inactive|wabofit has 30 seconds left.\n|inactive|wabofit has 20 seconds left.\n|inactive|wabofit has 15 seconds left.\n|inactive|alexit93 has 30 seconds left.\n|inactive|wabofit has 10 seconds left.\n|\n|t:|1771891215\n|-terastallize|p1b: Groudon|Dark\n|move|p2b: Riolu|Rain Dance|p2b: Riolu\n|-weather|RainDance\n|move|p2a: Urshifu|Surging Strikes|p1b: Groudon\n|-crit|p1b: Groudon\n|-damage|p1b: Groudon|49/100\n|-crit|p1b: Groudon\n|-damage|p1b: Groudon|4/100\n|-crit|p1b: Groudon\n|-damage|p1b: Groudon|0 fnt\n|faint|p1b: Groudon\n|-hitcount|p1: Groudon|3\n|move|p1a: Ho-Oh|Brave Bird|p2a: Urshifu\n|-damage|p2a: Urshifu|18/100\n|-damage|p1a: Ho-Oh|45/100|[from] Recoil\n|\n|-weather|RainDance|[upkeep]\n|upkeep\n|turn|7\n|\n|t:|1771891234\n|move|p2b: Riolu|Coaching|p2a: Urshifu\n|-boost|p2a: Urshifu|atk|1\n|-boost|p2a: Urshifu|def|1\n|move|p2a: Urshifu|Surging Strikes|p1a: Ho-Oh\n|-supereffective|p1a: Ho-Oh\n|-crit|p1a: Ho-Oh\n|-damage|p1a: Ho-Oh|0 fnt\n|faint|p1a: Ho-Oh\n|-hitcount|p1: Ho-Oh|1\n|\n|win|alexit93\n|raw|wabofit's rating: 1201 &rarr; <strong>1182</strong><br />(-19 for losing)\n|raw|alexit93's rating: 1279 &rarr; <strong>1298</strong><br />(+19 for winning)\n|l|\u2606wabofit\n|player|p1|\n|l|\u2606alexit93\n|player|p2|\n","uploadtime":1771891423,"views":13,"formatid":"gen9vgc2026regi","rating":1182,"private":0,"password":null}