{"id":"gen9vgc2026regi-2560059457","format":"[Gen 9] VGC 2026 Reg I","players":["Markingdra","maksterVGC"],"log":"|j|\u2606Markingdra\n|j|\u2606maksterVGC\n|t:|1773644483\n|gametype|doubles\n|player|p1|Markingdra|unknown|1317\n|player|p2|maksterVGC|n|1303\n|gen|9\n|tier|[Gen 9] VGC 2026 Reg I\n|rated|\n|rule|Species Clause: Limit one of each Pok\u00e9mon\n|rule|Item Clause: Limit 1 of each item\n|clearpoke\n|poke|p1|Koraidon, L50|\n|poke|p1|Calyrex-Shadow, L50|\n|poke|p1|Incineroar, L50, M|\n|poke|p1|Brute Bonnet, L50|\n|poke|p1|Raging Bolt, L50|\n|poke|p1|Landorus, L50, M|\n|poke|p2|Miraidon, L50|\n|poke|p2|Incineroar, L50, F|\n|poke|p2|Iron Valiant, L50|\n|poke|p2|Farigiraf, L50, M|\n|poke|p2|Calyrex-Shadow, L50|\n|poke|p2|Clefairy, L50, M|\n|teampreview|4\nmaksterVGC rejected open team sheets.\n|inactive|Battle timer is ON: inactive players will automatically lose when time's up. (requested by maksterVGC)\n|inactive|Markingdra has 60 seconds left.\n|inactive|Markingdra has 30 seconds left.\n|inactive|Markingdra has 20 seconds left.\n|inactive|Markingdra has 15 seconds left.\n|\n|t:|1773644582\n|teamsize|p1|4\n|teamsize|p2|4\n|start\n|switch|p1a: Landorus|Landorus, L50, M, shiny|100/100\n|switch|p1b: Incineroar|Incineroar, L50, M, shiny|100/100\n|switch|p2a: Incineroar|Incineroar, L50, F|100/100\n|switch|p2b: Iron Valiant|Iron Valiant, L50|100/100\n|-ability|p1b: Incineroar|Intimidate|boost\n|-unboost|p2a: Incineroar|atk|1\n|-unboost|p2b: Iron Valiant|atk|1\n|-ability|p2a: Incineroar|Intimidate|boost\n|-unboost|p1a: Landorus|atk|1\n|-unboost|p1b: Incineroar|atk|1\n|-enditem|p2b: Iron Valiant|Booster Energy\n|-activate|p2b: Iron Valiant|ability: Quark Drive|[fromitem]\n|-start|p2b: Iron Valiant|quarkdrivespe\n|turn|1\n|inactive|maksterVGC has 30 seconds left.\n|\n|t:|1773644608\n|move|p1b: Incineroar|Fake Out|p2a: Incineroar\n|-damage|p2a: Incineroar|93/100\n|cant|p2a: Incineroar|flinch\n|move|p2b: Iron Valiant|Spirit Break|p1a: Landorus\n|-damage|p1a: Landorus|74/100\n|-unboost|p1a: Landorus|spa|1\n|move|p1a: Landorus|Sludge Bomb|p2b: Iron Valiant\n|-supereffective|p2b: Iron Valiant\n|-damage|p2b: Iron Valiant|0 fnt\n|faint|p2b: Iron Valiant\n|-end|p2b: Iron Valiant|Quark Drive|[silent]\n|\n|upkeep\n|inactive|maksterVGC has 30 seconds left.\n|\n|t:|1773644634\n|switch|p2b: Miraidon|Miraidon, L50|100/100\n|-fieldstart|move: Electric Terrain|[from] ability: Hadron Engine|[of] p2b: Miraidon\n|turn|2\n|inactive|Markingdra has 30 seconds left.\n|\n|t:|1773644660\n|-terastallize|p2b: Miraidon|Fairy\n|move|p1a: Landorus|Protect|p1a: Landorus\n|-singleturn|p1a: Landorus|Protect\n|move|p2b: Miraidon|Dazzling Gleam|p1a: Landorus|[spread] p1b\n|-activate|p1a: Landorus|move: Protect\n|-damage|p1b: Incineroar|48/100\n|move|p1b: Incineroar|Parting Shot|p2b: Miraidon\n|-unboost|p2b: Miraidon|atk|1\n|-unboost|p2b: Miraidon|spa|1\n|\n|t:|1773644671\n|switch|p1b: Raging Bolt|Raging Bolt, L50|100/100|[from] Parting Shot\n|move|p2a: Incineroar|Parting Shot|p1a: Landorus\n|-activate|p1a: Landorus|move: Protect\n|\n|upkeep\n|turn|3\n|\n|t:|1773644695\n|switch|p2b: Calyrex|Calyrex-Shadow, L50|100/100\n|-ability|p2b: Calyrex|As One\n|-ability|p2b: Calyrex|Unnerve\n|-terastallize|p1b: Raging Bolt|Electric\n|move|p1a: Landorus|Sludge Bomb|p2b: Calyrex\n|-resisted|p2b: Calyrex\n|-damage|p2b: Calyrex|83/100\n|move|p1b: Raging Bolt|Thunderbolt|p2b: Calyrex\n|-damage|p2b: Calyrex|0 fnt\n|faint|p2b: Calyrex\n|move|p2a: Incineroar|Parting Shot|p1b: Raging Bolt\n|-unboost|p1b: Raging Bolt|atk|1\n|-unboost|p1b: Raging Bolt|spa|1\n|\n|t:|1773644709\n|switch|p2a: Miraidon|Miraidon, L50, tera:Fairy|100/100|[from] Parting Shot\n|-activate|p2a: Miraidon|ability: Hadron Engine\n|\n|upkeep\n|\n|t:|1773644711\n|switch|p2b: Incineroar|Incineroar, L50, F|93/100\n|-ability|p2b: Incineroar|Intimidate|boost\n|-unboost|p1a: Landorus|atk|1\n|-unboost|p1b: Raging Bolt|atk|1\n|turn|4\n|\n|t:|1773644724\n|move|p1a: Landorus|Protect|p1a: Landorus\n|-singleturn|p1a: Landorus|Protect\n|move|p2b: Incineroar|Fake Out|p1b: Raging Bolt\n|-damage|p1b: Raging Bolt|92/100\n|move|p2a: Miraidon|Dazzling Gleam|p1a: Landorus|[spread] p1b\n|-activate|p1a: Landorus|move: Protect\n|-damage|p1b: Raging Bolt|52/100\n|cant|p1b: Raging Bolt|flinch\n|\n|upkeep\n|turn|5\n|\n|t:|1773644748\n|move|p2a: Miraidon|Dazzling Gleam|p1a: Landorus|[spread] p1a,p1b\n|-damage|p1a: Landorus|10/100\n|-damage|p1b: Raging Bolt|12/100\n|move|p1a: Landorus|Sludge Bomb|p2a: Miraidon\n|-supereffective|p2a: Miraidon\n|-damage|p2a: Miraidon|47/100\n|move|p1b: Raging Bolt|Volt Switch|p2a: Miraidon\n|-damage|p2a: Miraidon|6/100\n|\n|t:|1773644758\n|-end|p1b: Raging Bolt|Protosynthesis|[silent]\n|switch|p1b: Incineroar|Incineroar, L50, M, shiny|48/100|[from] Volt Switch\n|-ability|p1b: Incineroar|Intimidate|boost\n|-unboost|p2a: Miraidon|atk|1\n|-unboost|p2b: Incineroar|atk|1\n|move|p2b: Incineroar|Flare Blitz|p1a: Landorus\n|-damage|p1a: Landorus|0 fnt\n|faint|p1a: Landorus\n|-damage|p2b: Incineroar|90/100|[from] Recoil\n|\n|upkeep\n|\n|t:|1773644760\n|switch|p1a: Raging Bolt|Raging Bolt, L50, tera:Electric|12/100\n|turn|6\n|\n|t:|1773644770\n|move|p1b: Incineroar|Fake Out|p2b: Incineroar\n|-damage|p2b: Incineroar|79/100\n|move|p1a: Raging Bolt|Thunderclap|p2a: Miraidon\n|-damage|p2a: Miraidon|0 fnt\n|faint|p2a: Miraidon\n|cant|p2b: Incineroar|flinch\n|\n|-fieldend|move: Electric Terrain\n|upkeep\n|turn|7\n|\n|t:|1773644781\n|move|p1b: Incineroar|Helping Hand|p1a: Raging Bolt\n|-singleturn|p1a: Raging Bolt|Helping Hand|[of] p1b: Incineroar\n|move|p1a: Raging Bolt|Thunderbolt|p2b: Incineroar\n|-damage|p2b: Incineroar|9/100\n|move|p2b: Incineroar|Flare Blitz|p1a: Raging Bolt\n|-damage|p1a: Raging Bolt|0 fnt\n|faint|p1a: Raging Bolt\n|-end|p1a: Raging Bolt|Protosynthesis|[silent]\n|-damage|p2b: Incineroar|5/100|[from] Recoil\n|\n|upkeep\n|-message|maksterVGC forfeited.\n|\n|win|Markingdra\n|raw|Markingdra's rating: 1317 &rarr; <strong>1336</strong><br />(+19 for winning)\n|raw|maksterVGC's rating: 1303 &rarr; <strong>1284</strong><br />(-19 for losing)\n|l|\u2606maksterVGC\n|player|p2|\n|l|\u2606Markingdra\n|player|p1|\n","uploadtime":1773645019,"views":11,"formatid":"gen9vgc2026regi","rating":1284,"private":0,"password":null}