{"id":"gen9vgc2026regi-2566759484","format":"[Gen 9] VGC 2026 Reg I","players":["Charlie-DARK","slimeslatt252"],"log":"|j|\u2606Charlie-DARK\n|j|\u2606slimeslatt252\n|t:|1774405931\n|gametype|doubles\n|player|p1|Charlie-DARK|hilbert|1273\n|player|p2|slimeslatt252|170|1421\n|gen|9\n|tier|[Gen 9] VGC 2026 Reg I\n|rated|\n|rule|Species Clause: Limit one of each Pok\u00e9mon\n|rule|Item Clause: Limit 1 of each item\n|clearpoke\n|poke|p1|Miraidon, L50|\n|poke|p1|Zamazenta-*, L50|\n|poke|p1|Volcarona, L50, F|\n|poke|p1|Farigiraf, L50, M|\n|poke|p1|Ursaluna, L50, M|\n|poke|p1|Iron Hands, L50|\n|poke|p2|Calyrex-Shadow, L50|\n|poke|p2|Koraidon, L50|\n|poke|p2|Incineroar, L50, M|\n|poke|p2|Raging Bolt, L50|\n|poke|p2|Brute Bonnet, L50|\n|poke|p2|Landorus, L50, M|\n|teampreview|4\n|inactive|Battle timer is ON: inactive players will automatically lose when time's up. (requested by slimeslatt252)\n|inactive|slimeslatt252 has 60 seconds left.\n|\n|t:|1774405974\n|teamsize|p1|4\n|teamsize|p2|4\n|start\n|switch|p1a: Farigiraf|Farigiraf, L50, M|100/100\n|switch|p1b: Zamazenta|Zamazenta-Crowned, L50|100/100\n|switch|p2a: Incineroar|Incineroar, L50, M|100/100\n|switch|p2b: raging dingus|Raging Bolt, L50|100/100\n|-ability|p1b: Zamazenta|Dauntless Shield|boost\n|-boost|p1b: Zamazenta|def|1\n|-ability|p2a: Incineroar|Intimidate|boost\n|-unboost|p1a: Farigiraf|atk|1\n|-unboost|p1b: Zamazenta|atk|1\n|turn|1\n|\n|t:|1774405986\n|switch|p2a: Calyrex|Calyrex-Shadow, L50|100/100\n|-ability|p2a: Calyrex|As One\n|-ability|p2a: Calyrex|Unnerve\n|move|p1b: Zamazenta|Body Press|p2a: Calyrex\n|-immune|p2a: Calyrex\n|move|p2b: raging dingus|Thunderbolt|p1b: Zamazenta\n|-damage|p1b: Zamazenta|73/100\n|move|p1a: Farigiraf|Hyper Voice|p2b: raging dingus|[spread] p2b\n|-immune|p2a: Calyrex\n|-damage|p2b: raging dingus|83/100\n|-enditem|p1a: Farigiraf|Throat Spray\n|-boost|p1a: Farigiraf|spa|1|[from] item: Throat Spray\n|\n|upkeep\n|turn|2\n|\n|t:|1774406009\n|move|p2a: Calyrex|Protect|p2a: Calyrex\n|-singleturn|p2a: Calyrex|Protect\n|move|p1b: Zamazenta|Wide Guard|p1b: Zamazenta\n|-singleturn|p1b: Zamazenta|Wide Guard\n|move|p2b: raging dingus|Volt Switch|p1b: Zamazenta\n|-damage|p1b: Zamazenta|49/100\n|\n|t:|1774406016\n|-end|p2b: raging dingus|Protosynthesis|[silent]\n|switch|p2b: Koraidon|Koraidon, L50|100/100|[from] Volt Switch\n|-weather|SunnyDay|[from] ability: Orichalcum Pulse|[of] p2b: Koraidon\n|-activate|p2b: Koraidon|Orichalcum Pulse|[source]\n|move|p1a: Farigiraf|Trick Room|p1a: Farigiraf\n|-fieldstart|move: Trick Room|[of] p1a: Farigiraf\n|\n|-weather|SunnyDay|[upkeep]\n|upkeep\n|turn|3\n|\n|t:|1774406041\n|switch|p1b: Ursaluna|Ursaluna, L50, M|100/100\n|switch|p2a: raging dingus|Raging Bolt, L50|83/100\n|-activate|p2a: raging dingus|ability: Protosynthesis\n|-start|p2a: raging dingus|protosynthesisspa\n|move|p2b: Koraidon|Protect|p2b: Koraidon\n|-singleturn|p2b: Koraidon|Protect\n|move|p1a: Farigiraf|Psychic|p2b: Koraidon\n|-activate|p2b: Koraidon|move: Protect\n|\n|-weather|SunnyDay|[upkeep]\n|-status|p1b: Ursaluna|brn|[from] item: Flame Orb\n|upkeep\n|turn|4\n|\n|t:|1774406057\n|switch|p2b: Incineroar|Incineroar, L50, M|100/100\n|-ability|p2b: Incineroar|Intimidate|boost\n|-unboost|p1a: Farigiraf|atk|1\n|-unboost|p1b: Ursaluna|atk|1\n|move|p1a: Farigiraf|Psychic|p2b: Incineroar\n|-immune|p2b: Incineroar\n|move|p1b: Ursaluna|Headlong Rush|p2a: raging dingus\n|-supereffective|p2a: raging dingus\n|-damage|p2a: raging dingus|0 fnt\n|-unboost|p1b: Ursaluna|def|1\n|-unboost|p1b: Ursaluna|spd|1\n|faint|p2a: raging dingus\n|-end|p2a: raging dingus|Protosynthesis|[silent]\n|\n|-weather|SunnyDay|[upkeep]\n|-damage|p1b: Ursaluna|95/100 brn|[from] brn\n|upkeep\n|\n|t:|1774406071\n|switch|p2a: Calyrex|Calyrex-Shadow, L50|100/100\n|-ability|p2a: Calyrex|As One\n|-ability|p2a: Calyrex|Unnerve\n|turn|5\n|\n|t:|1774406083\n|-terastallize|p1a: Farigiraf|Fairy\n|-terastallize|p2b: Incineroar|Bug\n|move|p2a: Calyrex|Protect|p2a: Calyrex\n|-singleturn|p2a: Calyrex|Protect\n|move|p1a: Farigiraf|Psychic|p2a: Calyrex\n|-activate|p2a: Calyrex|move: Protect\n|move|p1b: Ursaluna|Headlong Rush|p2a: Calyrex\n|-activate|p2a: Calyrex|move: Protect\n|move|p2b: Incineroar|Parting Shot|p1b: Ursaluna\n|-unboost|p1b: Ursaluna|atk|1\n|-unboost|p1b: Ursaluna|spa|1\n|\n|t:|1774406094\n|switch|p2b: Koraidon|Koraidon, L50|100/100|[from] Parting Shot\n|-activate|p2b: Koraidon|ability: Orichalcum Pulse\n|\n|-weather|SunnyDay|[upkeep]\n|-damage|p1b: Ursaluna|89/100 brn|[from] brn\n|upkeep\n|turn|6\n|\n|t:|1774406099\n|switch|p1b: Iron Hands|Iron Hands, L50|100/100\n|switch|p2a: Incineroar|Incineroar, L50, M, tera:Bug|100/100\n|-ability|p2a: Incineroar|Intimidate|boost\n|-unboost|p1a: Farigiraf|atk|1\n|-unboost|p1b: Iron Hands|atk|1\n|move|p2b: Koraidon|Protect|p2b: Koraidon\n|-singleturn|p2b: Koraidon|Protect\n|move|p1a: Farigiraf|Psychic|p2a: Incineroar\n|-damage|p2a: Incineroar|44/100\n|\n|-weather|none\n|-fieldend|move: Trick Room\n|upkeep\n|turn|7\n|\n|t:|1774406112\n|switch|p2b: Calyrex|Calyrex-Shadow, L50|100/100\n|-ability|p2b: Calyrex|As One\n|-ability|p2b: Calyrex|Unnerve\n|move|p1b: Iron Hands|Fake Out|p2a: Incineroar\n|-damage|p2a: Incineroar|36/100\n|cant|p2a: Incineroar|flinch\n|move|p1a: Farigiraf|Psychic|p2b: Calyrex\n|-resisted|p2b: Calyrex\n|-damage|p2b: Calyrex|68/100\n|\n|upkeep\n|turn|8\n|\n|t:|1774406128\n|-end|p1b: Iron Hands|Quark Drive|[silent]\n|switch|p1b: Ursaluna|Ursaluna, L50, M|89/100 brn\n|move|p2a: Incineroar|Helping Hand|p2b: Calyrex\n|-singleturn|p2b: Calyrex|Helping Hand|[of] p2a: Incineroar\n|move|p2b: Calyrex|Astral Barrage|p1a: Farigiraf|[spread] p1a\n|-immune|p1b: Ursaluna\n|-damage|p1a: Farigiraf|20/100\n|move|p1a: Farigiraf|Trick Room|p1a: Farigiraf\n|-fieldstart|move: Trick Room|[of] p1a: Farigiraf\n|\n|-damage|p1b: Ursaluna|83/100 brn|[from] brn\n|upkeep\n|turn|9\n|inactive|slimeslatt252 has 30 seconds left.\n|\n|t:|1774406155\n|move|p1a: Farigiraf|Psychic|p2b: Calyrex\n|-resisted|p2b: Calyrex\n|-damage|p2b: Calyrex|38/100\n|move|p1b: Ursaluna|Facade|p2a: Incineroar\n|-damage|p2a: Incineroar|0 fnt\n|faint|p2a: Incineroar\n|move|p2b: Calyrex|Astral Barrage|p1b: Ursaluna|[spread] p1a\n|-immune|p1b: Ursaluna\n|-damage|p1a: Farigiraf|0 fnt\n|faint|p1a: Farigiraf\n|-ability|p2b: Calyrex|Grim Neigh|boost\n|-boost|p2b: Calyrex|spa|1\n|\n|-damage|p1b: Ursaluna|77/100 brn|[from] brn\n|upkeep\n|\n|t:|1774406163\n|switch|p1a: Iron Hands|Iron Hands, L50|100/100\n|switch|p2a: Koraidon|Koraidon, L50|100/100\n|-weather|SunnyDay|[from] ability: Orichalcum Pulse|[of] p2a: Koraidon\n|-activate|p2a: Koraidon|Orichalcum Pulse|[source]\n|turn|10\n|\n|t:|1774406174\n|move|p2b: Calyrex|Protect|p2b: Calyrex\n|-singleturn|p2b: Calyrex|Protect\n|move|p1a: Iron Hands|Fake Out|p2a: Koraidon\n|-damage|p2a: Koraidon|88/100\n|move|p1b: Ursaluna|Headlong Rush|p2b: Calyrex\n|-activate|p2b: Calyrex|move: Protect\n|cant|p2a: Koraidon|flinch\n|\n|-weather|SunnyDay|[upkeep]\n|-damage|p1b: Ursaluna|71/100 brn|[from] brn\n|upkeep\n|turn|11\n|\n|t:|1774406190\n|move|p2b: Calyrex|Protect||[still]\n|-fail|p2b: Calyrex\n|move|p1b: Ursaluna|Headlong Rush|p2a: Koraidon\n|-damage|p2a: Koraidon|0 fnt\n|-unboost|p1b: Ursaluna|def|1\n|-unboost|p1b: Ursaluna|spd|1\n|faint|p2a: Koraidon\n|move|p1a: Iron Hands|Wild Charge|p2b: Calyrex\n|-damage|p2b: Calyrex|0 fnt\n|faint|p2b: Calyrex\n|-damage|p1a: Iron Hands|93/100|[from] Recoil\n|\n|win|Charlie-DARK\n|raw|Charlie-DARK's rating: 1273 &rarr; <strong>1308</strong><br />(+35 for winning)\n|raw|slimeslatt252's rating: 1421 &rarr; <strong>1393</strong><br />(-28 for losing)\n","uploadtime":1774406211,"views":23,"formatid":"gen9vgc2026regi","rating":1308,"private":0,"password":null}