{"id":"gen9vgc2026regi-2546844169","format":"[Gen 9] VGC 2026 Reg I","players":["shadowofroserade04","Zorse Mentality"],"log":"|j|\u2606shadowofroserade04\n|j|\u2606Zorse Mentality\n|t:|1772020397\n|gametype|doubles\n|player|p1|shadowofroserade04|roxie|1452\n|player|p2|Zorse Mentality|2|1401\n|gen|9\n|tier|[Gen 9] VGC 2026 Reg I\n|rated|\n|rule|Species Clause: Limit one of each Pok\u00e9mon\n|rule|Item Clause: Limit 1 of each item\n|clearpoke\n|poke|p1|Chi-Yu, L50|\n|poke|p1|Weezing-Galar, L50, F|\n|poke|p1|Walking Wake, L50|\n|poke|p1|Calyrex-Shadow, L50|\n|poke|p1|Brute Bonnet, L50|\n|poke|p1|Koraidon, L50|\n|poke|p2|Calyrex-Ice, L50|\n|poke|p2|Kyogre, L50|\n|poke|p2|Tornadus, L50, M|\n|poke|p2|Urshifu-*, L50, M|\n|poke|p2|Indeedee-F, L50, F|\n|poke|p2|Torkoal, L50, M|\n|teampreview|4\n|inactive|Battle timer is ON: inactive players will automatically lose when time's up. (requested by Zorse Mentality)\n|\n|t:|1772020451\n|teamsize|p1|4\n|teamsize|p2|4\n|start\n|switch|p1a: Koraidon|Koraidon, L50|100/100\n|switch|p1b: Weezing|Weezing-Galar, L50, F|100/100\n|switch|p2a: Tornadus|Tornadus, L50, M|100/100\n|switch|p2b: Kyogre|Kyogre, L50|100/100\n|-ability|p1b: Weezing|Neutralizing Gas\n|-block|p1a: Koraidon|item: Ability Shield\n|-weather|SunnyDay|[from] ability: Orichalcum Pulse|[of] p1a: Koraidon\n|-activate|p1a: Koraidon|Orichalcum Pulse|[source]\n|turn|1\n|inactive|shadowofroserade04 has 30 seconds left.\n|inactive|Zorse Mentality has 30 seconds left.\n|inactive|shadowofroserade04 has 20 seconds left.\n|inactive|Zorse Mentality has 20 seconds left.\n|inactive|Zorse Mentality has 15 seconds left.\n|inactive|Zorse Mentality has 10 seconds left.\n|inactive|Zorse Mentality has 5 seconds left.\n|\n|t:|1772020503\n|move|p2a: Tornadus|Tailwind|p2a: Tornadus\n|-sidestart|p2: Zorse Mentality|move: Tailwind\n|move|p2b: Kyogre|Origin Pulse|p1b: Weezing|[spread] p1a,p1b\n|-resisted|p1a: Koraidon\n|-damage|p1a: Koraidon|89/100\n|-damage|p1b: Weezing|74/100\n|move|p1a: Koraidon|Collision Course|p2b: Kyogre\n|-damage|p2b: Kyogre|19/100\n|move|p1b: Weezing|Strange Steam|p2a: Tornadus\n|-damage|p2a: Tornadus|60/100\n|\n|-weather|SunnyDay|[upkeep]\n|upkeep\n|turn|2\n|\n|t:|1772020527\n|move|p1a: Koraidon|Protect|p1a: Koraidon\n|-singleturn|p1a: Koraidon|Protect\n|move|p2a: Tornadus|Rain Dance|p2a: Tornadus\n|-weather|RainDance\n|move|p2b: Kyogre|Origin Pulse|p1a: Koraidon|[spread] p1b\n|-activate|p1a: Koraidon|move: Protect\n|-damage|p1b: Weezing|0 fnt\n|faint|p1b: Weezing\n|-end|p1b: Weezing|ability: Neutralizing Gas\n|\n|-weather|RainDance|[upkeep]\n|upkeep\n|\n|t:|1772020542\n|switch|p1b: Brute Bonnet|Brute Bonnet, L50|100/100\n|turn|3\n|inactive|shadowofroserade04 has 30 seconds left.\n|\n|t:|1772020568\n|switch|p1a: Calyrex|Calyrex-Shadow, L50|100/100\n|-ability|p1a: Calyrex|As One\n|-ability|p1a: Calyrex|Unnerve\n|move|p1b: Brute Bonnet|Sucker Punch|p2a: Tornadus\n|-damage|p2a: Tornadus|11/100\n|move|p2a: Tornadus|Bleakwind Storm|p1a: Calyrex|[spread] p1a,p1b\n|-supereffective|p1b: Brute Bonnet\n|-damage|p1a: Calyrex|59/100\n|-damage|p1b: Brute Bonnet|45/100\n|-unboost|p1a: Calyrex|spe|1\n|-unboost|p1b: Brute Bonnet|spe|1\n|move|p2b: Kyogre|Origin Pulse|p1b: Brute Bonnet|[spread] p1a,p1b\n|-crit|p1a: Calyrex\n|-resisted|p1b: Brute Bonnet\n|-damage|p1a: Calyrex|0 fnt\n|-damage|p1b: Brute Bonnet|11/100\n|faint|p1a: Calyrex\n|\n|-weather|RainDance|[upkeep]\n|upkeep\n|\n|t:|1772020579\n|switch|p1a: Koraidon|Koraidon, L50|89/100\n|-weather|SunnyDay|[from] ability: Orichalcum Pulse|[of] p1a: Koraidon\n|-activate|p1b: Brute Bonnet|ability: Protosynthesis\n|-start|p1b: Brute Bonnet|protosynthesisdef\n|-activate|p1a: Koraidon|Orichalcum Pulse|[source]\n|turn|4\n|inactive|Zorse Mentality has 30 seconds left.\n|\n|t:|1772020607\n|-terastallize|p1a: Koraidon|Fire\n|move|p2a: Tornadus|Protect|p2a: Tornadus\n|-singleturn|p2a: Tornadus|Protect\n|move|p1b: Brute Bonnet|Sucker Punch|p2b: Kyogre\n|-damage|p2b: Kyogre|0 fnt\n|faint|p2b: Kyogre\n|move|p1a: Koraidon|Flame Charge|p2a: Tornadus\n|-activate|p2a: Tornadus|move: Protect\n|\n|-weather|SunnyDay|[upkeep]\n|-sideend|p2: Zorse Mentality|move: Tailwind\n|upkeep\n|\n|t:|1772020627\n|switch|p2b: Calyrex|Calyrex-Ice, L50|100/100\n|-ability|p2b: Calyrex|As One\n|-ability|p2b: Calyrex|Unnerve\n|turn|5\n|inactive|shadowofroserade04 has 30 seconds left.\n|\n|t:|1772020656\n|-terastallize|p2b: Calyrex|Dark\n|move|p2a: Tornadus|Tailwind|p2a: Tornadus\n|-sidestart|p2: Zorse Mentality|move: Tailwind\n|move|p1b: Brute Bonnet|Sucker Punch||[still]\n|-fail|p1b: Brute Bonnet\n|move|p2b: Calyrex|Glacial Lance|p1b: Brute Bonnet|[spread] p1a,p1b\n|-resisted|p1a: Koraidon\n|-supereffective|p1b: Brute Bonnet\n|-crit|p1b: Brute Bonnet\n|-damage|p1a: Koraidon|62/100\n|-damage|p1b: Brute Bonnet|0 fnt\n|faint|p1b: Brute Bonnet\n|-end|p1b: Brute Bonnet|Protosynthesis|[silent]\n|-ability|p2b: Calyrex|Chilling Neigh|boost\n|-boost|p2b: Calyrex|atk|1\n|-damage|p2b: Calyrex|91/100|[from] item: Life Orb\n|move|p1a: Koraidon|Flare Blitz|p2b: Calyrex\n|-crit|p2b: Calyrex\n|-damage|p2b: Calyrex|0 fnt\n|faint|p2b: Calyrex\n|-damage|p1a: Koraidon|37/100|[from] Recoil\n|\n|-weather|SunnyDay|[upkeep]\n|upkeep\n|\n|t:|1772020678\n|switch|p2b: Urshifu|Urshifu, L50, M|100/100\n|turn|6\n|\n|t:|1772020688\n|move|p2a: Tornadus|Bleakwind Storm|p1a: Koraidon\n|-damage|p1a: Koraidon|0 fnt\n|faint|p1a: Koraidon\n|\n|win|Zorse Mentality\n|raw|shadowofroserade04's rating: 1452 &rarr; <strong>1429</strong><br />(-23 for losing)\n|raw|Zorse Mentality's rating: 1401 &rarr; <strong>1424</strong><br />(+23 for winning)\n|l|\u2606shadowofroserade04\n|player|p1|\n|l|\u2606Zorse Mentality\n|player|p2|\n","uploadtime":1772020857,"views":14,"formatid":"gen9vgc2026regi","rating":1424,"private":0,"password":null}