{"id":"gen9vgc2026regi-2543032115","format":"[Gen 9] VGC 2026 Reg I","players":["that1guy1998","EllenJoe2026"],"log":"|j|\u2606that1guy1998\n|j|\u2606EllenJoe2026\n|t:|1771524275\n|gametype|doubles\n|player|p1|that1guy1998|101|1213\n|player|p2|EllenJoe2026|iono|1320\n|gen|9\n|tier|[Gen 9] VGC 2026 Reg I\n|rated|\n|rule|Species Clause: Limit one of each Pok\u00e9mon\n|rule|Item Clause: Limit 1 of each item\n|clearpoke\n|poke|p1|Qwilfish-Hisui, L50, F|\n|poke|p1|Milotic, L50, M|\n|poke|p1|Munkidori, L50, M|\n|poke|p1|Kingambit, L50, F|\n|poke|p1|Koraidon, L50|\n|poke|p1|Zacian-*, L50|\n|poke|p2|Calyrex-Ice, L50|\n|poke|p2|Miraidon, L50|\n|poke|p2|Tornadus, L50, M|\n|poke|p2|Urshifu-*, L50, F|\n|poke|p2|Grimmsnarl, L50, M|\n|poke|p2|Indeedee-F, L50, F|\n|teampreview|4\n|inactive|Battle timer is ON: inactive players will automatically lose when time's up. (requested by EllenJoe2026)\n|inactive|that1guy1998 has 60 seconds left.\n|\n|t:|1771524312\n|teamsize|p1|4\n|teamsize|p2|4\n|start\n|switch|p1a: Munkidori|Munkidori, L50, M|100/100\n|switch|p1b: Zacian|Zacian-Crowned, L50|100/100\n|switch|p2a: Tornadus|Tornadus, L50, M, shiny|100/100\n|switch|p2b: Urshifu|Urshifu-Rapid-Strike, L50, F|100/100\n|-ability|p1b: Zacian|Intrepid Sword|boost\n|-boost|p1b: Zacian|atk|1\n|turn|1\n|\n|t:|1771524335\n|-terastallize|p2b: Urshifu|Ghost\n|move|p1a: Munkidori|Fake Out|p2b: Urshifu\n|-immune|p2b: Urshifu\n|move|p2a: Tornadus|Tailwind|p2a: Tornadus\n|-sidestart|p2: EllenJoe2026|move: Tailwind\n|move|p2b: Urshifu|Surging Strikes|p1b: Zacian\n|-crit|p1b: Zacian\n|-damage|p1b: Zacian|77/100\n|-crit|p1b: Zacian\n|-damage|p1b: Zacian|54/100\n|-crit|p1b: Zacian\n|-damage|p1b: Zacian|29/100\n|-hitcount|p1b: Zacian|3\n|move|p1b: Zacian|Play Rough|p2b: Urshifu\n|-damage|p2b: Urshifu|35/100\n|\n|upkeep\n|turn|2\n|inactive|EllenJoe2026 has 30 seconds left.\n|\n|t:|1771524360\n|move|p2a: Tornadus|Rain Dance|p2a: Tornadus\n|-weather|RainDance\n|move|p2b: Urshifu|Surging Strikes|p1a: Munkidori\n|-crit|p1a: Munkidori\n|-damage|p1a: Munkidori|29/100\n|-crit|p1a: Munkidori\n|-damage|p1a: Munkidori|0 fnt\n|faint|p1a: Munkidori\n|-hitcount|p1: Munkidori|2\n|move|p1b: Zacian|Behemoth Blade|p2a: Tornadus\n|-enditem|p2a: Tornadus|Focus Sash\n|-damage|p2a: Tornadus|1/100\n|\n|-weather|RainDance|[upkeep]\n|upkeep\n|\n|t:|1771524372\n|switch|p1a: Qwilfish|Qwilfish-Hisui, L50, F|100/100\n|-ability|p1a: Qwilfish|Intimidate|boost\n|-unboost|p2a: Tornadus|atk|1\n|-unboost|p2b: Urshifu|atk|1\n|turn|3\n|\n|t:|1771524395\n|switch|p2a: Miraidon|Miraidon, L50, shiny|100/100\n|-fieldstart|move: Electric Terrain|[from] ability: Hadron Engine|[of] p2a: Miraidon\n|switch|p1b: Koraidon|Koraidon, L50|100/100\n|-weather|SunnyDay|[from] ability: Orichalcum Pulse|[of] p1b: Koraidon\n|-activate|p1b: Koraidon|Orichalcum Pulse|[source]\n|move|p2b: Urshifu|Surging Strikes|p1b: Koraidon\n|-resisted|p1b: Koraidon\n|-crit|p1b: Koraidon\n|-damage|p1b: Koraidon|94/100\n|-resisted|p1b: Koraidon\n|-crit|p1b: Koraidon\n|-damage|p1b: Koraidon|87/100\n|-resisted|p1b: Koraidon\n|-crit|p1b: Koraidon\n|-damage|p1b: Koraidon|80/100\n|-hitcount|p1b: Koraidon|3\n|move|p1a: Qwilfish|Crunch|p2b: Urshifu\n|-supereffective|p2b: Urshifu\n|-damage|p2b: Urshifu|0 fnt\n|faint|p2b: Urshifu\n|\n|-weather|SunnyDay|[upkeep]\n|upkeep\n|\n|t:|1771524403\n|switch|p2b: Calyrex|Calyrex-Ice, L50|100/100\n|-ability|p2b: Calyrex|As One\n|-ability|p2b: Calyrex|Unnerve\n|turn|4\n|inactive|that1guy1998 has 30 seconds left.\n|\n|t:|1771524439\n|-terastallize|p1b: Koraidon|Fire\n|move|p2a: Miraidon|Electro Drift|p1b: Koraidon\n|-damage|p1b: Koraidon|0 fnt\n|faint|p1b: Koraidon\n|move|p2b: Calyrex|Glacial Lance|p1a: Qwilfish\n|-damage|p1a: Qwilfish|46/100\n|move|p1a: Qwilfish|Barb Barrage|p2b: Calyrex\n|-damage|p2b: Calyrex|87/100\n|\n|-weather|SunnyDay|[upkeep]\n|-sideend|p2: EllenJoe2026|move: Tailwind\n|upkeep\n|\n|t:|1771524448\n|switch|p1b: Zacian|Zacian-Crowned, L50|29/100\n|turn|5\n|\n|t:|1771524463\n|move|p1b: Zacian|Play Rough|p2a: Miraidon\n|-supereffective|p2a: Miraidon\n|-damage|p2a: Miraidon|8/100\n|move|p2a: Miraidon|Electro Drift|p1b: Zacian\n|-damage|p1b: Zacian|0 fnt\n|faint|p1b: Zacian\n|move|p2b: Calyrex|Glacial Lance|p1a: Qwilfish\n|-damage|p1a: Qwilfish|0 fnt\n|faint|p1a: Qwilfish\n|\n|win|EllenJoe2026\n|raw|that1guy1998's rating: 1213 &rarr; <strong>1195</strong><br />(-18 for losing)\n|raw|EllenJoe2026's rating: 1320 &rarr; <strong>1334</strong><br />(+14 for winning)\n|l|\u2606EllenJoe2026\n|player|p2|\n|l|\u2606that1guy1998\n|player|p1|\n","uploadtime":1771524679,"views":12,"formatid":"gen9vgc2026regi","rating":1195,"private":0,"password":null}