{"id":"gen9vgc2026regi-2568809137","format":"[Gen 9] VGC 2026 Reg I","players":["mikachu83983","itastelikeiron"],"log":"|j|\u2606mikachu83983\n|j|\u2606itastelikeiron\n|t:|1774624698\n|gametype|doubles\n|player|p1|mikachu83983|brock|1388\n|player|p2|itastelikeiron|infielder|1454\n|gen|9\n|tier|[Gen 9] VGC 2026 Reg I\n|rated|\n|rule|Species Clause: Limit one of each Pok\u00e9mon\n|rule|Item Clause: Limit 1 of each item\n|clearpoke\n|poke|p1|Reshiram, L50|\n|poke|p1|Malamar, L50, F|\n|poke|p1|Torkoal, L50, F|\n|poke|p1|Rillaboom, L50, M|\n|poke|p1|Walking Wake, L50|\n|poke|p1|Calyrex-Ice, L50|\n|poke|p2|Zamazenta-*, L50|\n|poke|p2|Maushold, L50|\n|poke|p2|Roaring Moon, L50|\n|poke|p2|Kyogre, L50|\n|poke|p2|Chien-Pao, L50|\n|poke|p2|Farigiraf, L50, F|\n|teampreview|4\n|\n|t:|1774624726\n|teamsize|p1|4\n|teamsize|p2|4\n|start\n|switch|p1a: Calyrex|Calyrex-Ice, L50|100/100\n|switch|p1b: Malamar|Malamar, L50, F|100/100\n|switch|p2a: Maushold|Maushold, L50|100/100\n|switch|p2b: Zamazenta|Zamazenta-Crowned, L50|100/100\n|-ability|p1a: Calyrex|As One\n|-ability|p1a: Calyrex|Unnerve\n|-ability|p2b: Zamazenta|Dauntless Shield|boost\n|-boost|p2b: Zamazenta|def|1\n|turn|1\n|\n|t:|1774624744\n|switch|p1a: Reshiram|Reshiram, L50, shiny|100/100\n|-ability|p1a: Reshiram|Turboblaze\n|move|p2b: Zamazenta|Body Press|p1b: Malamar\n|-damage|p1b: Malamar|41/100\n|move|p2a: Maushold|Taunt|p1a: Reshiram\n|-start|p1a: Reshiram|move: Taunt\n|move|p1b: Malamar|Trick Room|p1b: Malamar\n|-fieldstart|move: Trick Room|[of] p1b: Malamar\n|-enditem|p1a: Reshiram|Room Service\n|-unboost|p1a: Reshiram|spe|1|[from] item: Room Service\n|\n|upkeep\n|turn|2\n|\n|t:|1774624769\n|-terastallize|p2a: Maushold|Ghost\n|move|p2a: Maushold|Follow Me|p2a: Maushold\n|-singleturn|p2a: Maushold|move: Follow Me\n|move|p1a: Reshiram|Overheat|p2a: Maushold\n|-enditem|p2a: Maushold|Focus Sash\n|-damage|p2a: Maushold|1/100\n|-unboost|p1a: Reshiram|spa|2\n|move|p1b: Malamar|Skill Swap|p2a: Maushold\n|-activate|p1b: Malamar|Skill Swap|Friend Guard|Contrary|[of] p2a: Maushold\n|move|p2b: Zamazenta|Body Press|p1b: Malamar\n|-damage|p1b: Malamar|0 fnt\n|faint|p1b: Malamar\n|\n|upkeep\n|\n|t:|1774624786\n|switch|p1b: Torkoal|Torkoal, L50, F|100/100\n|-weather|SunnyDay|[from] ability: Drought|[of] p1b: Torkoal\n|turn|3\n|\n|t:|1774624800\n|switch|p2a: Kyogre|Kyogre, L50|100/100\n|-weather|RainDance|[from] ability: Drizzle|[of] p2a: Kyogre\n|move|p1b: Torkoal|Eruption|p2a: Kyogre|[spread] p2a,p2b\n|-resisted|p2a: Kyogre\n|-supereffective|p2b: Zamazenta\n|-damage|p2a: Kyogre|91/100\n|-damage|p2b: Zamazenta|70/100\n|move|p1a: Reshiram|Overheat|p2b: Zamazenta\n|-supereffective|p2b: Zamazenta\n|-damage|p2b: Zamazenta|40/100\n|-unboost|p1a: Reshiram|spa|2\n|move|p2b: Zamazenta|Body Press|p1b: Torkoal\n|-damage|p1b: Torkoal|51/100\n|\n|-weather|RainDance|[upkeep]\n|-end|p1a: Reshiram|move: Taunt\n|upkeep\n|turn|4\n|\n|t:|1774624853\n|switch|p1b: Calyrex|Calyrex-Ice, L50|100/100\n|-ability|p1b: Calyrex|As One\n|-ability|p1b: Calyrex|Unnerve\n|move|p1a: Reshiram|Overheat|p2b: Zamazenta\n|-supereffective|p2b: Zamazenta\n|-damage|p2b: Zamazenta|20/100\n|-unboost|p1a: Reshiram|spa|2\n|move|p2b: Zamazenta|Body Press|p1a: Reshiram\n|-damage|p1a: Reshiram|51/100\n|move|p2a: Kyogre|Water Spout|p1b: Calyrex|[spread] p1a,p1b\n|-damage|p1a: Reshiram|0 fnt\n|-damage|p1b: Calyrex|43/100\n|faint|p1a: Reshiram\n|\n|-weather|RainDance|[upkeep]\n|upkeep\n|\n|t:|1774624871\n|switch|p1a: Torkoal|Torkoal, L50, F|51/100\n|-weather|SunnyDay|[from] ability: Drought|[of] p1a: Torkoal\n|turn|5\n|\n|t:|1774624892\n|switch|p2a: Maushold|Maushold, L50, tera:Ghost|1/100\n|move|p2b: Zamazenta|Wide Guard|p2b: Zamazenta\n|-singleturn|p2b: Zamazenta|Wide Guard\n|move|p1a: Torkoal|Eruption|p2b: Zamazenta|[spread] \n|-activate|p2a: Maushold|move: Wide Guard\n|-activate|p2b: Zamazenta|move: Wide Guard\n|move|p1b: Calyrex|Glacial Lance|p2a: Maushold|[spread] \n|-activate|p2a: Maushold|move: Wide Guard\n|-activate|p2b: Zamazenta|move: Wide Guard\n|\n|-weather|SunnyDay|[upkeep]\n|-fieldend|move: Trick Room\n|upkeep\n|turn|6\n|\n|t:|1774624915\n|move|p1b: Calyrex|Protect|p1b: Calyrex\n|-singleturn|p1b: Calyrex|Protect\n|move|p2b: Zamazenta|Body Press|p1a: Torkoal\n|-damage|p1a: Torkoal|5/100\n|move|p2a: Maushold|Taunt|p1b: Calyrex\n|-activate|p1b: Calyrex|move: Protect\n|move|p1a: Torkoal|Eruption|p2a: Maushold|[spread] p2a,p2b\n|-supereffective|p2b: Zamazenta\n|-damage|p2a: Maushold|0 fnt\n|-damage|p2b: Zamazenta|16/100\n|faint|p2a: Maushold\n|\n|-weather|SunnyDay|[upkeep]\n|upkeep\n|\n|t:|1774624920\n|switch|p2a: Kyogre|Kyogre, L50|91/100\n|-weather|RainDance|[from] ability: Drizzle|[of] p2a: Kyogre\n|turn|7\n|\n|t:|1774624931\n|move|p2a: Kyogre|Water Spout|p1a: Torkoal|[spread] p1a,p1b\n|-supereffective|p1a: Torkoal\n|-damage|p1a: Torkoal|0 fnt\n|-damage|p1b: Calyrex|0 fnt\n|faint|p1a: Torkoal\n|faint|p1b: Calyrex\n|\n|win|itastelikeiron\n|raw|mikachu83983's rating: 1388 &rarr; <strong>1372</strong><br />(-16 for losing)\n|raw|itastelikeiron's rating: 1454 &rarr; <strong>1470</strong><br />(+16 for winning)\n|l|\u2606mikachu83983\n|player|p1|\n|l|\u2606itastelikeiron\n|player|p2|\n","uploadtime":1774625142,"views":6,"formatid":"gen9vgc2026regi","rating":1372,"private":0,"password":null}