{"id":"gen9vgc2026regi-2563357219","format":"[Gen 9] VGC 2026 Reg I","players":["shecallmedada","Buggy00k"],"log":"|j|\u2606shecallmedada\n|j|\u2606Buggy00k\n|t:|1774019307\n|gametype|doubles\n|player|p1|shecallmedada|burglar-gen1rb|1334\n|player|p2|Buggy00k|266|1304\n|gen|9\n|tier|[Gen 9] VGC 2026 Reg I\n|rated|\n|rule|Species Clause: Limit one of each Pok\u00e9mon\n|rule|Item Clause: Limit 1 of each item\n|clearpoke\n|poke|p1|Koraidon, L50|\n|poke|p1|Miraidon, L50|\n|poke|p1|Incineroar, L50, M|\n|poke|p1|Iron Bundle, L50|\n|poke|p1|Toxapex, L50, F|\n|poke|p1|Landorus, L50, M|\n|poke|p2|Kyogre, L50|\n|poke|p2|Calyrex-Ice, L50|\n|poke|p2|Ludicolo, L50, F|\n|poke|p2|Ursaluna, L50, M|\n|poke|p2|Flutter Mane, L50|\n|poke|p2|Brute Bonnet, L50|\n|teampreview|4\n|\n|t:|1774019335\n|teamsize|p1|4\n|teamsize|p2|4\n|start\n|switch|p1a: Miraidon|Miraidon, L50|100/100\n|switch|p1b: Iron Bundle|Iron Bundle, L50|100/100\n|switch|p2a: How Hungry?|Calyrex-Ice, L50|100/100\n|switch|p2b: Dance Dance|Ludicolo, L50, F, shiny|100/100\n|-ability|p2a: How Hungry?|As One\n|-ability|p2a: How Hungry?|Unnerve\n|-fieldstart|move: Electric Terrain|[from] ability: Hadron Engine|[of] p1a: Miraidon\n|-activate|p1b: Iron Bundle|ability: Quark Drive\n|-start|p1b: Iron Bundle|quarkdrivespe\n|turn|1\n|\n|t:|1774019353\n|-terastallize|p1a: Miraidon|Electric\n|move|p2b: Dance Dance|Fake Out|p1a: Miraidon\n|-damage|p1a: Miraidon|94/100\n|move|p1b: Iron Bundle|Ice Beam|p2b: Dance Dance\n|-damage|p2b: Dance Dance|68/100\n|cant|p1a: Miraidon|flinch\n|move|p2a: How Hungry?|Trick Room|p2a: How Hungry?\n|-fieldstart|move: Trick Room|[of] p2a: How Hungry?\n|\n|upkeep\n|turn|2\n|\n|t:|1774019391\n|switch|p2b: Withered Freddy|Ursaluna, L50, M|100/100\n|-end|p1b: Iron Bundle|Quark Drive|[silent]\n|switch|p1b: Toxapex|Toxapex, L50, F|100/100\n|move|p2a: How Hungry?|Glacial Lance|p1a: Miraidon|[spread] p1a,p1b\n|-resisted|p1b: Toxapex\n|-damage|p1a: Miraidon|41/100\n|-damage|p1b: Toxapex|83/100\n|move|p1a: Miraidon|Volt Switch|p2a: How Hungry?\n|-damage|p2a: How Hungry?|36/100\n|-damage|p1a: Miraidon|31/100|[from] item: Life Orb\n|\n|t:|1774019410\n|switch|p1a: Iron Bundle|Iron Bundle, L50|100/100|[from] Volt Switch\n|-activate|p1a: Iron Bundle|ability: Quark Drive\n|-start|p1a: Iron Bundle|quarkdrivespe\n|\n|-status|p2b: Withered Freddy|brn|[from] item: Flame Orb\n|upkeep\n|turn|3\n|\n|t:|1774019443\n|-terastallize|p2b: Withered Freddy|Ghost\n|move|p1b: Toxapex|Baneful Bunker|p1b: Toxapex\n|-singleturn|p1b: Toxapex|move: Protect\n|move|p2a: How Hungry?|High Horsepower|p1b: Toxapex\n|-activate|p1b: Toxapex|move: Protect\n|-status|p2a: How Hungry?|psn\n|move|p2b: Withered Freddy|Facade|p1a: Iron Bundle\n|-enditem|p1a: Iron Bundle|Focus Sash\n|-damage|p1a: Iron Bundle|1/100\n|move|p1a: Iron Bundle|Ice Beam|p2b: Withered Freddy\n|-damage|p2b: Withered Freddy|60/100 brn\n|\n|-damage|p2a: How Hungry?|24/100 psn|[from] psn\n|-damage|p2b: Withered Freddy|54/100 brn|[from] brn\n|upkeep\n|turn|4\n|\n|t:|1774019477\n|move|p1a: Iron Bundle|Protect|p1a: Iron Bundle\n|-singleturn|p1a: Iron Bundle|Protect\n|move|p1b: Toxapex|Recover|p1b: Toxapex\n|-heal|p1b: Toxapex|100/100\n|move|p2a: How Hungry?|Glacial Lance|p1a: Iron Bundle|[spread] p1b\n|-activate|p1a: Iron Bundle|move: Protect\n|-resisted|p1b: Toxapex\n|-damage|p1b: Toxapex|82/100\n|move|p2b: Withered Freddy|Facade|p1b: Toxapex\n|-damage|p1b: Toxapex|0 fnt\n|-damage|p2b: Withered Freddy|38/100 brn|[from] item: Rocky Helmet|[of] p1b: Toxapex\n|faint|p1b: Toxapex\n|\n|-damage|p2a: How Hungry?|12/100 psn|[from] psn\n|-damage|p2b: Withered Freddy|32/100 brn|[from] brn\n|upkeep\n|\n|t:|1774019492\n|switch|p1b: Koraidon|Koraidon, L50|100/100\n|-weather|SunnyDay|[from] ability: Orichalcum Pulse|[of] p1b: Koraidon\n|-activate|p1b: Koraidon|Orichalcum Pulse|[source]\n|-enditem|p1b: Koraidon|Electric Seed\n|-boost|p1b: Koraidon|def|1|[from] item: Electric Seed\n|turn|5\n|\n|t:|1774019518\n|switch|p2b: Dance Dance|Ludicolo, L50, F, shiny|68/100\n|move|p1b: Koraidon|Protect|p1b: Koraidon\n|-singleturn|p1b: Koraidon|Protect\n|move|p1a: Iron Bundle|Protect||[still]\n|-fail|p1a: Iron Bundle\n|move|p2a: How Hungry?|Glacial Lance|p1a: Iron Bundle|[spread] p1a\n|-activate|p1b: Koraidon|move: Protect\n|-resisted|p1a: Iron Bundle\n|-damage|p1a: Iron Bundle|0 fnt\n|faint|p1a: Iron Bundle\n|-end|p1a: Iron Bundle|Quark Drive|[silent]\n|-ability|p2a: How Hungry?|Chilling Neigh|boost\n|-boost|p2a: How Hungry?|atk|1\n|\n|-weather|SunnyDay|[upkeep]\n|-damage|p2a: How Hungry?|0 fnt|[from] psn\n|faint|p2a: How Hungry?\n|-fieldend|move: Trick Room\n|-fieldend|move: Electric Terrain\n|upkeep\n|\n|t:|1774019543\n|switch|p1a: Miraidon|Miraidon, L50, tera:Electric|31/100\n|switch|p2a: Evil Shroom|Brute Bonnet, L50, shiny|100/100\n|-fieldstart|move: Electric Terrain|[from] ability: Hadron Engine|[of] p1a: Miraidon\n|-activate|p2a: Evil Shroom|ability: Protosynthesis\n|-start|p2a: Evil Shroom|protosynthesisdef\n|turn|6\n|inactive|Battle timer is ON: inactive players will automatically lose when time's up. (requested by shecallmedada)\n|\n|t:|1774019562\n|move|p1a: Miraidon|Protect|p1a: Miraidon\n|-singleturn|p1a: Miraidon|Protect\n|move|p2b: Dance Dance|Fake Out|p1b: Koraidon\n|-damage|p1b: Koraidon|98/100\n|move|p2a: Evil Shroom|Sucker Punch||[still]\n|-fail|p2a: Evil Shroom\n|cant|p1b: Koraidon|flinch\n|\n|-weather|SunnyDay|[upkeep]\n|upkeep\n|turn|7\n|inactive|Buggy00k has 30 seconds left.\n|\n|t:|1774019592\n|move|p1a: Miraidon|Protect||[still]\n|-fail|p1a: Miraidon\n|move|p2a: Evil Shroom|Rage Powder|p2a: Evil Shroom\n|-singleturn|p2a: Evil Shroom|move: Rage Powder\n|move|p1b: Koraidon|Flare Blitz|p2a: Evil Shroom\n|-supereffective|p2a: Evil Shroom\n|-damage|p2a: Evil Shroom|23/100\n|-status|p2a: Evil Shroom|brn\n|-damage|p1b: Koraidon|70/100|[from] Recoil\n|move|p2b: Dance Dance|Grass Knot|p1a: Miraidon\n|-damage|p1a: Miraidon|0 fnt\n|faint|p1a: Miraidon\n|\n|-weather|SunnyDay|[upkeep]\n|-damage|p2a: Evil Shroom|17/100 brn|[from] brn\n|upkeep\n|turn|8\n|inactive|Buggy00k has 30 seconds left.\n|inactive|Buggy00k has 20 seconds left.\n|\n|t:|1774019629\n|move|p1b: Koraidon|Protect|p1b: Koraidon\n|-singleturn|p1b: Koraidon|Protect\n|move|p2a: Evil Shroom|Rage Powder|p2a: Evil Shroom\n|-singleturn|p2a: Evil Shroom|move: Rage Powder\n|move|p2b: Dance Dance|Icy Wind|p1b: Koraidon\n|-activate|p1b: Koraidon|move: Protect\n|\n|-weather|SunnyDay|[upkeep]\n|-damage|p2a: Evil Shroom|11/100 brn|[from] brn\n|upkeep\n|turn|9\n|\n|t:|1774019641\n|move|p2a: Evil Shroom|Rage Powder|p2a: Evil Shroom\n|-singleturn|p2a: Evil Shroom|move: Rage Powder\n|move|p1b: Koraidon|Flame Charge|p2a: Evil Shroom\n|-supereffective|p2a: Evil Shroom\n|-damage|p2a: Evil Shroom|0 fnt\n|-boost|p1b: Koraidon|spe|1\n|faint|p2a: Evil Shroom\n|-end|p2a: Evil Shroom|Protosynthesis|[silent]\n|move|p2b: Dance Dance|Icy Wind|p1b: Koraidon\n|-supereffective|p1b: Koraidon\n|-damage|p1b: Koraidon|51/100\n|-unboost|p1b: Koraidon|spe|1\n|\n|-weather|none\n|upkeep\n|\n|t:|1774019653\n|switch|p2a: Withered Freddy|Ursaluna, L50, M, tera:Ghost|32/100 brn\n|turn|10\n|\n|t:|1774019667\n|move|p1b: Koraidon|Protect|p1b: Koraidon\n|-singleturn|p1b: Koraidon|Protect\n|move|p2a: Withered Freddy|Protect|p2a: Withered Freddy\n|-singleturn|p2a: Withered Freddy|Protect\n|move|p2b: Dance Dance|Icy Wind|p1b: Koraidon\n|-activate|p1b: Koraidon|move: Protect\n|\n|-damage|p2a: Withered Freddy|26/100 brn|[from] brn\n|-fieldend|move: Electric Terrain\n|upkeep\n|turn|11\n|\n|t:|1774019685\n|move|p1b: Koraidon|Flare Blitz|p2a: Withered Freddy\n|-damage|p2a: Withered Freddy|0 fnt\n|faint|p2a: Withered Freddy\n|-damage|p1b: Koraidon|42/100|[from] Recoil\n|move|p2b: Dance Dance|Icy Wind|p1b: Koraidon\n|-supereffective|p1b: Koraidon\n|-damage|p1b: Koraidon|20/100\n|-unboost|p1b: Koraidon|spe|1\n|\n|upkeep\n|turn|12\n|\n|t:|1774019705\n|move|p2b: Dance Dance|Icy Wind|p1b: Koraidon\n|-supereffective|p1b: Koraidon\n|-damage|p1b: Koraidon|0 fnt\n|faint|p1b: Koraidon\n|\n|win|Buggy00k\n|raw|shecallmedada's rating: 1334 &rarr; <strong>1312</strong><br />(-22 for losing)\n|raw|Buggy00k's rating: 1304 &rarr; <strong>1326</strong><br />(+22 for winning)\n|l|\u2606shecallmedada\n|player|p1|\n|c|\u2606Buggy00k|gg\n|l|\u2606Buggy00k\n|player|p2|\n","uploadtime":1774019713,"views":10,"formatid":"gen9vgc2026regi","rating":1312,"private":0,"password":null}