{"id":"gen9vgc2026regi-2556780161","format":"[Gen 9] VGC 2026 Reg I","players":["bullgod4ever","soten soten"],"log":"|j|\u2606bullgod4ever\n|j|\u2606soten soten\n|t:|1773248189\n|gametype|doubles\n|player|p1|bullgod4ever|169|1514\n|player|p2|soten soten|hilbert|1390\n|gen|9\n|tier|[Gen 9] VGC 2026 Reg I\n|rated|\n|rule|Species Clause: Limit one of each Pok\u00e9mon\n|rule|Item Clause: Limit 1 of each item\n|clearpoke\n|poke|p1|Calyrex-Shadow, L50|\n|poke|p1|Zamazenta-*, L50|\n|poke|p1|Chien-Pao, L50|\n|poke|p1|Dragonite, L50, M|\n|poke|p1|Amoonguss, L50, M|\n|poke|p1|Ogerpon-Cornerstone, L50, F|\n|poke|p2|Koraidon, L50|\n|poke|p2|Calyrex-Ice, L50|\n|poke|p2|Incineroar, L50, F|\n|poke|p2|Brute Bonnet, L50|\n|poke|p2|Rillaboom, L50, M|\n|poke|p2|Landorus, L50, M|\n|teampreview|4\n|inactive|Battle timer is ON: inactive players will automatically lose when time's up. (requested by soten soten)\n|inactive|soten soten has 60 seconds left.\n|\n|t:|1773248231\n|teamsize|p1|4\n|teamsize|p2|4\n|start\n|switch|p1a: Dragonite|Dragonite, L50, M|100/100\n|switch|p1b: Chien-Pao|Chien-Pao, L50|100/100\n|switch|p2a: Koraidon|Koraidon, L50|100/100\n|switch|p2b: Calyrex|Calyrex-Ice, L50|100/100\n|-ability|p2b: Calyrex|As One\n|-ability|p2b: Calyrex|Unnerve\n|-ability|p1b: Chien-Pao|Sword of Ruin\n|-weather|SunnyDay|[from] ability: Orichalcum Pulse|[of] p2a: Koraidon\n|-activate|p2a: Koraidon|Orichalcum Pulse|[source]\n|turn|1\n|inactive|bullgod4ever has 30 seconds left.\n|inactive|bullgod4ever has 20 seconds left.\n|\n|t:|1773248269\n|-terastallize|p1a: Dragonite|Normal\n|move|p1a: Dragonite|Extreme Speed|p2a: Koraidon\n|-damage|p2a: Koraidon|26/100\n|move|p1b: Chien-Pao|Ruination|p2b: Calyrex\n|-damage|p2b: Calyrex|51/100\n|move|p2a: Koraidon|Flame Charge|p1b: Chien-Pao\n|-supereffective|p1b: Chien-Pao\n|-crit|p1b: Chien-Pao\n|-damage|p1b: Chien-Pao|0 fnt\n|-boost|p2a: Koraidon|spe|1\n|faint|p1b: Chien-Pao\n|move|p2b: Calyrex|Glacial Lance|p1a: Dragonite\n|-damage|p1a: Dragonite|32/100\n|\n|-weather|SunnyDay|[upkeep]\n|-heal|p2b: Calyrex|57/100|[from] item: Leftovers\n|upkeep\n|\n|t:|1773248288\n|switch|p1b: Calyrex|Calyrex-Shadow, L50|100/100\n|-ability|p1b: Calyrex|As One\n|-ability|p1b: Calyrex|Unnerve\n|turn|2\n|\n|t:|1773248311\n|switch|p2a: Brute Bonnet|Brute Bonnet, L50|100/100\n|-activate|p2a: Brute Bonnet|ability: Protosynthesis\n|-start|p2a: Brute Bonnet|protosynthesisdef\n|-terastallize|p2b: Calyrex|Water\n|move|p1a: Dragonite|Extreme Speed|p2a: Brute Bonnet\n|-damage|p2a: Brute Bonnet|64/100\n|move|p1b: Calyrex|Astral Barrage|p2b: Calyrex|[spread] p2a,p2b\n|-resisted|p2a: Brute Bonnet\n|-damage|p2a: Brute Bonnet|39/100\n|-damage|p2b: Calyrex|19/100\n|move|p2b: Calyrex|Trick Room|p2b: Calyrex\n|-fieldstart|move: Trick Room|[of] p2b: Calyrex\n|\n|-weather|SunnyDay|[upkeep]\n|-heal|p2b: Calyrex|25/100|[from] item: Leftovers\n|upkeep\n|turn|3\n|inactive|bullgod4ever has 30 seconds left.\n|inactive|bullgod4ever has 20 seconds left.\n|\n|t:|1773248347\n|move|p2b: Calyrex|Protect|p2b: Calyrex\n|-singleturn|p2b: Calyrex|Protect\n|move|p1a: Dragonite|Extreme Speed|p2a: Brute Bonnet\n|-damage|p2a: Brute Bonnet|6/100\n|move|p2a: Brute Bonnet|Spore|p1a: Dragonite\n|-status|p1a: Dragonite|slp|[from] move: Spore\n|move|p1b: Calyrex|Astral Barrage|p2a: Brute Bonnet|[spread] p2a\n|-activate|p2b: Calyrex|move: Protect\n|-resisted|p2a: Brute Bonnet\n|-damage|p2a: Brute Bonnet|0 fnt\n|faint|p2a: Brute Bonnet\n|-end|p2a: Brute Bonnet|Protosynthesis|[silent]\n|-ability|p1b: Calyrex|Grim Neigh|boost\n|-boost|p1b: Calyrex|spa|1\n|\n|-weather|SunnyDay|[upkeep]\n|-heal|p2b: Calyrex|30/100|[from] item: Leftovers\n|upkeep\n|\n|t:|1773248357\n|switch|p2a: Landorus|Landorus, L50, M|100/100\n|turn|4\n|\n|t:|1773248373\n|move|p1b: Calyrex|Protect|p1b: Calyrex\n|-singleturn|p1b: Calyrex|Protect\n|cant|p1a: Dragonite|slp\n|move|p2b: Calyrex|Glacial Lance|p1b: Calyrex|[spread] p1a\n|-activate|p1b: Calyrex|move: Protect\n|-damage|p1a: Dragonite|0 fnt\n|faint|p1a: Dragonite\n|-ability|p2b: Calyrex|Chilling Neigh|boost\n|-boost|p2b: Calyrex|atk|1\n|move|p2a: Landorus|Earth Power|p1b: Calyrex\n|-activate|p1b: Calyrex|move: Protect\n|\n|-weather|SunnyDay|[upkeep]\n|-heal|p2b: Calyrex|36/100|[from] item: Leftovers\n|upkeep\n|\n|t:|1773248389\n|switch|p1a: Zamazenta|Zamazenta-Crowned, L50|100/100\n|-ability|p1a: Zamazenta|Dauntless Shield|boost\n|-boost|p1a: Zamazenta|def|1\n|turn|5\n|\n|t:|1773248398\n|move|p2a: Landorus|Protect|p2a: Landorus\n|-singleturn|p2a: Landorus|Protect\n|move|p1a: Zamazenta|Wide Guard|p1a: Zamazenta\n|-singleturn|p1a: Zamazenta|Wide Guard\n|move|p2b: Calyrex|Leech Seed|p1b: Calyrex\n|-start|p1b: Calyrex|move: Leech Seed\n|move|p1b: Calyrex|Astral Barrage|p2a: Landorus|[spread] p2b\n|-activate|p2a: Landorus|move: Protect\n|-damage|p2b: Calyrex|0 fnt\n|faint|p2b: Calyrex\n|-ability|p1b: Calyrex|Grim Neigh|boost\n|-boost|p1b: Calyrex|spa|1\n|\n|-weather|none\n|upkeep\n|\n|t:|1773248400\n|switch|p2b: Koraidon|Koraidon, L50|26/100\n|-weather|SunnyDay|[from] ability: Orichalcum Pulse|[of] p2b: Koraidon\n|-activate|p2b: Koraidon|Orichalcum Pulse|[source]\n|turn|6\n|inactive|bullgod4ever has 30 seconds left.\n|inactive|bullgod4ever has 20 seconds left.\n|inactive|bullgod4ever has 15 seconds left.\n|\n|t:|1773248441\n|move|p1b: Calyrex|Protect|p1b: Calyrex\n|-singleturn|p1b: Calyrex|Protect\n|move|p2a: Landorus|Earth Power|p1a: Zamazenta\n|-supereffective|p1a: Zamazenta\n|-damage|p1a: Zamazenta|0 fnt\n|faint|p1a: Zamazenta\n|move|p2b: Koraidon|Flame Charge|p1b: Calyrex\n|-activate|p1b: Calyrex|move: Protect\n|\n|-weather|SunnyDay|[upkeep]\n|-damage|p1b: Calyrex|88/100|[from] Leech Seed|[of] p2b: Koraidon\n|-heal|p2b: Koraidon|37/100|[silent]\n|-fieldend|move: Trick Room\n|upkeep\n|turn|7\n|inactive|soten soten has 30 seconds left.\n|inactive|soten soten has 20 seconds left.\n|\n|t:|1773248478\n|move|p1b: Calyrex|Astral Barrage|p2a: Landorus|[spread] p2a,p2b\n|-damage|p2a: Landorus|0 fnt\n|-damage|p2b: Koraidon|0 fnt\n|faint|p2a: Landorus\n|faint|p2b: Koraidon\n|\n|win|bullgod4ever\n|raw|bullgod4ever's rating: 1514 &rarr; <strong>1527</strong><br />(+13 for winning)\n|raw|soten soten's rating: 1390 &rarr; <strong>1377</strong><br />(-13 for losing)\n|l|\u2606soten soten\n|player|p2|\n|l|\u2606bullgod4ever\n|player|p1|\n","uploadtime":1773248737,"views":10,"formatid":"gen9vgc2026regi","rating":1377,"private":0,"password":null}