{"id":"gen9vgc2026regi-2531017696","format":"[Gen 9] VGC 2026 Reg I","players":["ky123456","Dragoonlong"],"log":"|j|\u2606ky123456\n|j|\u2606Dragoonlong\n|t:|1769999801\n|gametype|doubles\n|player|p1|ky123456|cynthia-gen4|1400\n|player|p2|Dragoonlong|cynthia|1341\n|gen|9\n|tier|[Gen 9] VGC 2026 Reg I\n|rated|\n|rule|Species Clause: Limit one of each Pok\u00e9mon\n|rule|Item Clause: Limit 1 of each item\n|clearpoke\n|poke|p1|Lunala, L50|\n|poke|p1|Torkoal, L50, M|\n|poke|p1|Urshifu-*, L50, M|\n|poke|p1|Indeedee-F, L50, F|\n|poke|p1|Calyrex-Ice, L50|\n|poke|p1|Smeargle, L50, M|\n|poke|p2|Muk-Alola, L50, F|\n|poke|p2|Smeargle, L50, F|\n|poke|p2|Calyrex-Shadow, L50|\n|poke|p2|Rayquaza, L50|\n|poke|p2|Flamigo, L50, F|\n|poke|p2|Rillaboom, L50, F|\n|teampreview|4\n|\n|t:|1769999833\n|teamsize|p1|4\n|teamsize|p2|4\n|start\n|switch|p1a: Calyrex|Calyrex-Ice, L50|100/100\n|switch|p1b: Indeedee|Indeedee-F, L50, F|100/100\n|switch|p2a: Muk|Muk-Alola, L50, F|100/100\n|switch|p2b: Smeargle|Smeargle, L50, F|100/100\n|-ability|p1a: Calyrex|As One\n|-ability|p1a: Calyrex|Unnerve\n|-fieldstart|move: Psychic Terrain|[from] ability: Psychic Surge|[of] p1b: Indeedee\n|turn|1\n|\n|t:|1769999868\n|move|p1b: Indeedee|Follow Me|p1b: Indeedee\n|-singleturn|p1b: Indeedee|move: Follow Me\n|move|p2b: Smeargle|Salt Cure|p1b: Indeedee\n|-damage|p1b: Indeedee|98/100\n|-start|p1b: Indeedee|Salt Cure\n|move|p2a: Muk|Minimize|p2a: Muk\n|-boost|p2a: Muk|evasion|2\n|move|p1a: Calyrex|Glacial Lance|p2b: Smeargle|[spread] p2b\n|-miss|p1a: Calyrex|p2a: Muk\n|-enditem|p2b: Smeargle|Focus Sash\n|-damage|p2b: Smeargle|1/100\n|\n|-damage|p1b: Indeedee|85/100|[from] Salt Cure\n|-ability|p2b: Smeargle|Moody|boost\n|-boost|p2b: Smeargle|spe|2\n|-unboost|p2b: Smeargle|spd|1\n|upkeep\n|turn|2\n|\n|t:|1769999889\n|move|p2b: Smeargle|Baneful Bunker|p2b: Smeargle\n|-singleturn|p2b: Smeargle|move: Protect\n|move|p1b: Indeedee|Follow Me|p1b: Indeedee\n|-singleturn|p1b: Indeedee|move: Follow Me\n|move|p2a: Muk|Minimize|p2a: Muk\n|-boost|p2a: Muk|evasion|2\n|move|p1a: Calyrex|Trick Room|p1a: Calyrex\n|-fieldstart|move: Trick Room|[of] p1a: Calyrex\n|\n|-damage|p1b: Indeedee|73/100|[from] Salt Cure\n|-ability|p2b: Smeargle|Moody|boost\n|-boost|p2b: Smeargle|atk|2\n|-unboost|p2b: Smeargle|spa|1\n|upkeep\n|turn|3\n|\n|t:|1769999906\n|move|p1b: Indeedee|Helping Hand|p1a: Calyrex\n|-singleturn|p1a: Calyrex|Helping Hand|[of] p1b: Indeedee\n|move|p1a: Calyrex|Glacial Lance|p2b: Smeargle|[spread] p2b\n|-miss|p1a: Calyrex|p2a: Muk\n|-damage|p2b: Smeargle|0 fnt\n|faint|p2b: Smeargle\n|-ability|p2a: Muk|Moody|Power of Alchemy|[from] ability: Power of Alchemy|[of] p2b: Smeargle\n|-ability|p1a: Calyrex|Chilling Neigh|boost\n|-boost|p1a: Calyrex|atk|1\n|move|p2a: Muk|Minimize|p2a: Muk\n|-boost|p2a: Muk|evasion|2\n|\n|-damage|p1b: Indeedee|60/100|[from] Salt Cure\n|-ability|p2a: Muk|Moody|boost\n|-boost|p2a: Muk|def|2\n|-unboost|p2a: Muk|spa|1\n|upkeep\n|\n|t:|1769999917\n|switch|p2b: \u6709\u8010\u4e45|Calyrex-Shadow, L50|100/100\n|-ability|p2b: \u6709\u8010\u4e45|As One\n|-ability|p2b: \u6709\u8010\u4e45|Unnerve\n|turn|4\n|\n|t:|1769999922\n|-terastallize|p1a: Calyrex|Fire\n|move|p1b: Indeedee|Helping Hand|p1a: Calyrex\n|-singleturn|p1a: Calyrex|Helping Hand|[of] p1b: Indeedee\n|move|p2b: \u6709\u8010\u4e45|Protect|p2b: \u6709\u8010\u4e45\n|-singleturn|p2b: \u6709\u8010\u4e45|Protect\n|move|p1a: Calyrex|Glacial Lance|p2a: Muk|[spread] \n|-activate|p2b: \u6709\u8010\u4e45|move: Protect\n|-miss|p1a: Calyrex|p2a: Muk\n|move|p2a: Muk|Poison Gas|p1b: Indeedee|[spread] p1a,p1b\n|-status|p1a: Calyrex|psn\n|-status|p1b: Indeedee|psn\n|\n|-damage|p1a: Calyrex|88/100 psn|[from] psn\n|-damage|p1b: Indeedee|48/100 psn|[from] psn\n|-damage|p1b: Indeedee|35/100 psn|[from] Salt Cure\n|-ability|p2a: Muk|Moody|boost\n|-boost|p2a: Muk|spa|2\n|-unboost|p2a: Muk|spd|1\n|upkeep\n|turn|5\n|\n|t:|1769999941\n|switch|p2b: Flamigo|Flamigo, L50, F|100/100\n|-copyboost|p2b: Flamigo|p2a: Muk|[from] ability: Costar\n|-enditem|p2b: Flamigo|White Herb\n|-clearnegativeboost|p2b: Flamigo|[silent]\n|move|p1b: Indeedee|Helping Hand|p1a: Calyrex\n|-singleturn|p1a: Calyrex|Helping Hand|[of] p1b: Indeedee\n|move|p1a: Calyrex|Glacial Lance|p2a: Muk|[spread] \n|-miss|p1a: Calyrex|p2a: Muk\n|-miss|p1a: Calyrex|p2b: Flamigo\n|move|p2a: Muk|Knock Off|p1a: Calyrex\n|-damage|p1a: Calyrex|65/100 psn\n|-enditem|p1a: Calyrex|Clear Amulet|[from] move: Knock Off|[of] p2a: Muk\n|\n|-damage|p1a: Calyrex|53/100 psn|[from] psn\n|-damage|p1b: Indeedee|23/100 psn|[from] psn\n|-damage|p1b: Indeedee|10/100 psn|[from] Salt Cure\n|-fieldend|move: Psychic Terrain\n|-ability|p2a: Muk|Moody|boost\n|-boost|p2a: Muk|def|2\n|-unboost|p2a: Muk|atk|1\n|upkeep\n|turn|6\n|\n|t:|1769999959\n|move|p1b: Indeedee|Helping Hand|p1a: Calyrex\n|-singleturn|p1a: Calyrex|Helping Hand|[of] p1b: Indeedee\n|move|p2a: Muk|Protect|p2a: Muk\n|-singleturn|p2a: Muk|Protect\n|move|p2b: Flamigo|Detect|p2b: Flamigo\n|-singleturn|p2b: Flamigo|Protect\n|move|p1a: Calyrex|High Horsepower|p2a: Muk\n|-activate|p2a: Muk|move: Protect\n|\n|-damage|p1a: Calyrex|41/100 psn|[from] psn\n|-damage|p1b: Indeedee|0 fnt|[from] psn\n|faint|p1b: Indeedee\n|-fieldend|move: Trick Room\n|-ability|p2a: Muk|Moody|boost\n|-boost|p2a: Muk|spe|2\n|-unboost|p2a: Muk|def|1\n|upkeep\n|\n|t:|1769999970\n|switch|p1b: Urshifu|Urshifu, L50, M|100/100\n|turn|7\n|\n|t:|1769999981\n|move|p2b: Flamigo|Acrobatics|p1b: Urshifu\n|-supereffective|p1b: Urshifu\n|-damage|p1b: Urshifu|16/100\n|move|p2a: Muk|Knock Off|p1b: Urshifu\n|-resisted|p1b: Urshifu\n|-damage|p1b: Urshifu|12/100\n|-enditem|p1b: Urshifu|Choice Band|[from] move: Knock Off|[of] p2a: Muk\n|move|p1b: Urshifu|Wicked Blow|p2a: Muk\n|-resisted|p2a: Muk\n|-crit|p2a: Muk\n|-damage|p2a: Muk|78/100\n|move|p1a: Calyrex|Glacial Lance|p2a: Muk|[spread] \n|-miss|p1a: Calyrex|p2a: Muk\n|-miss|p1a: Calyrex|p2b: Flamigo\n|\n|-heal|p2a: Muk|84/100|[from] item: Leftovers\n|-damage|p1a: Calyrex|29/100 psn|[from] psn\n|-ability|p2a: Muk|Moody|boost\n|-boost|p2a: Muk|spa|2\n|-unboost|p2a: Muk|spe|1\n|upkeep\n|turn|8\n|\n|t:|1770000012\n|move|p2b: Flamigo|Acrobatics|p1b: Urshifu\n|-supereffective|p1b: Urshifu\n|-damage|p1b: Urshifu|0 fnt\n|faint|p1b: Urshifu\n|move|p2a: Muk|Knock Off|p1a: Calyrex\n|-damage|p1a: Calyrex|19/100 psn\n|move|p1a: Calyrex|Glacial Lance|p2b: Flamigo|[spread] \n|-miss|p1a: Calyrex|p2a: Muk\n|-miss|p1a: Calyrex|p2b: Flamigo\n|\n|-heal|p2a: Muk|90/100|[from] item: Leftovers\n|-damage|p1a: Calyrex|7/100 psn|[from] psn\n|-ability|p2a: Muk|Moody|boost\n|-boost|p2a: Muk|spa|2\n|-unboost|p2a: Muk|spe|1\n|upkeep\n|\n|t:|1770000022\n|switch|p1b: Torkoal|Torkoal, L50, M|100/100\n|-weather|SunnyDay|[from] ability: Drought|[of] p1b: Torkoal\n|turn|9\n|\n|t:|1770000033\n|move|p2b: Flamigo|Wide Guard|p2b: Flamigo\n|-singleturn|p2b: Flamigo|Wide Guard\n|move|p2a: Muk|Knock Off|p1b: Torkoal\n|-damage|p1b: Torkoal|81/100\n|-enditem|p1b: Torkoal|Choice Specs|[from] move: Knock Off|[of] p2a: Muk\n|move|p1a: Calyrex|Glacial Lance|p2a: Muk|[spread] \n|-activate|p2a: Muk|move: Wide Guard\n|-activate|p2b: Flamigo|move: Wide Guard\n|move|p1b: Torkoal|Heat Wave|p2b: Flamigo|[spread] \n|-activate|p2a: Muk|move: Wide Guard\n|-activate|p2b: Flamigo|move: Wide Guard\n|\n|-weather|SunnyDay|[upkeep]\n|-heal|p2a: Muk|96/100|[from] item: Leftovers\n|-damage|p1a: Calyrex|0 fnt|[from] psn\n|faint|p1a: Calyrex\n|-ability|p2a: Muk|Moody|boost\n|-boost|p2a: Muk|atk|2\n|-unboost|p2a: Muk|spd|1\n|upkeep\n|turn|10\n|-message|ky123456 forfeited.\n|\n|win|Dragoonlong\n|raw|ky123456's rating: 1400 &rarr; <strong>1377</strong><br />(-23 for losing)\n|raw|Dragoonlong's rating: 1341 &rarr; <strong>1364</strong><br />(+23 for winning)\n|l|\u2606ky123456\n|player|p1|\n|l|\u2606Dragoonlong\n|player|p2|\n","uploadtime":1770000215,"views":19,"formatid":"gen9vgc2026regi","rating":1364,"private":0,"password":null}