{"id":"gen9vgc2026regi-2560108544","format":"[Gen 9] VGC 2026 Reg I","players":["KrisKiwii","TheManOfSausage"],"log":"|j|\u2606KrisKiwii\n|j|\u2606TheManOfSausage\n|t:|1773653149\n|gametype|doubles\n|player|p1|KrisKiwii|acetrainerf-gen4dp|1428\n|player|p2|TheManOfSausage|miku-water|1393\n|gen|9\n|tier|[Gen 9] VGC 2026 Reg I\n|rated|\n|rule|Species Clause: Limit one of each Pok\u00e9mon\n|rule|Item Clause: Limit 1 of each item\n|clearpoke\n|poke|p1|Palkia, L50|\n|poke|p1|Calyrex-Ice, L50|\n|poke|p1|Incineroar, L50, F|\n|poke|p1|Amoonguss, L50, F|\n|poke|p1|Porygon2, L50|\n|poke|p1|Ursaluna, L50, F|\n|poke|p2|Calyrex-Shadow, L50|\n|poke|p2|Miraidon, L50|\n|poke|p2|Clefairy, L50, M|\n|poke|p2|Rillaboom, L50, M|\n|poke|p2|Incineroar, L50, M|\n|poke|p2|Iron Bundle, L50|\n|teampreview|4\n|inactive|Battle timer is ON: inactive players will automatically lose when time's up. (requested by KrisKiwii)\nTheManOfSausage has agreed to open team sheets.\nKrisKiwii has agreed to open team sheets.\n|showteam|p1|Palkia||LifeOrb|Telepathy|HydroPump,SpacialRend,EarthPower,TrickRoom||||||50|,,,,,Fairy]Calyrex-Ice||ClearAmulet|AsOneGlastrier|GlacialLance,HighHorsepower,TrickRoom,Protect||||||50|,,,,,Fire]Incineroar||AssaultVest|Intimidate|FakeOut,KnockOff,FlareBlitz,Uturn|||F|||50|,,,,,Bug]Amoonguss||RockyHelmet|Regenerator|Protect,PollenPuff,RagePowder,Spore|||F|||50|,,,,,Water]Porygon2||Eviolite|Download|TeraBlast,IceBeam,Recover,TrickRoom||||||50|,,,,,Fighting]Ursaluna||FlameOrb|Guts|Facade,HeadlongRush,Earthquake,Protect|||F|||50|,,,,,Poison\n|showteam|p2|Calyrex-Shadow||CovertCloak|AsOneSpectrier|AstralBarrage,DrainingKiss,NastyPlot,Protect||||||50|,,,,,Fairy]Miraidon||ChoiceScarf|HadronEngine|ElectroDrift,VoltSwitch,DracoMeteor,Snarl||||||50|,,,,,Electric]Clefairy||Eviolite|FriendGuard|HelpingHand,FollowMe,AfterYou,Protect|||M|||50|,,,,,Grass]Rillaboom||AssaultVest|GrassySurge|WoodHammer,GrassyGlide,Uturn,FakeOut|||M|||50|,,,,,Fire]Incineroar||RockyHelmet|Intimidate|FlareBlitz,KnockOff,FakeOut,PartingShot|||M|||50|,,,,,Grass]Iron Bundle||FocusSash|QuarkDrive|FreezeDry,IcyWind,Encore,Protect||||||50|,,,,,Ghost\n|\n|t:|1773653175\n|teamsize|p1|4\n|teamsize|p2|4\n|start\n|switch|p1a: White Glint|Palkia, L50, shiny|100/100\n|switch|p1b: Wolfey's Fav|Incineroar, L50, F, shiny|100/100\n|switch|p2a: Rice Shower|Calyrex-Shadow, L50|100/100\n|switch|p2b: Magical Mirai|Miraidon, L50|100/100\n|-ability|p2a: Rice Shower|As One\n|-ability|p2a: Rice Shower|Unnerve\n|-fieldstart|move: Electric Terrain|[from] ability: Hadron Engine|[of] p2b: Magical Mirai\n|-ability|p1b: Wolfey's Fav|Intimidate|boost\n|-unboost|p2a: Rice Shower|atk|1\n|-unboost|p2b: Magical Mirai|atk|1\n|turn|1\n|\n|t:|1773653189\n|move|p2b: Magical Mirai|Volt Switch|p1a: White Glint\n|-damage|p1a: White Glint|45/100\n|\n|t:|1773653191\n|switch|p2b: Clefairy|Clefairy, L50, M|100/100|[from] Volt Switch\n|move|p2a: Rice Shower|Nasty Plot|p2a: Rice Shower\n|-boost|p2a: Rice Shower|spa|2\n|move|p1b: Wolfey's Fav|Knock Off|p2a: Rice Shower\n|-supereffective|p2a: Rice Shower\n|-damage|p2a: Rice Shower|0 fnt\n|-enditem|p2a: Rice Shower|Covert Cloak|[from] move: Knock Off|[of] p1b: Wolfey's Fav\n|faint|p2a: Rice Shower\n|move|p1a: White Glint|Trick Room|p1a: White Glint\n|-fieldstart|move: Trick Room|[of] p1a: White Glint\n|\n|upkeep\n|\n|t:|1773653198\n|switch|p2a: Incineroar|Incineroar, L50, M, shiny|100/100\n|-ability|p2a: Incineroar|Intimidate|boost\n|-unboost|p1a: White Glint|atk|1\n|-unboost|p1b: Wolfey's Fav|atk|1\n|turn|2\n|\n|t:|1773653212\n|switch|p1a: Ice Horsey|Calyrex-Ice, L50|100/100\n|-ability|p1a: Ice Horsey|As One\n|-ability|p1a: Ice Horsey|Unnerve\n|move|p2b: Clefairy|Protect|p2b: Clefairy\n|-singleturn|p2b: Clefairy|Protect\n|move|p1b: Wolfey's Fav|U-turn|p2a: Incineroar\n|-damage|p2a: Incineroar|92/100\n|-damage|p1b: Wolfey's Fav|84/100|[from] item: Rocky Helmet|[of] p2a: Incineroar\n|\n|t:|1773653221\n|switch|p1b: Crescendo|Ursaluna, L50, F, shiny|100/100|[from] U-turn\n|move|p2a: Incineroar|Parting Shot|p1b: Crescendo\n|-unboost|p1b: Crescendo|atk|1\n|-unboost|p1b: Crescendo|spa|1\n|\n|t:|1773653224\n|switch|p2a: Magical Mirai|Miraidon, L50|100/100|[from] Parting Shot\n|-activate|p2a: Magical Mirai|ability: Hadron Engine\n|\n|-status|p1b: Crescendo|brn|[from] item: Flame Orb\n|upkeep\n|turn|3\n|\n|t:|1773653234\n|switch|p1a: White Glint|Palkia, L50, shiny|45/100\n|-terastallize|p2a: Magical Mirai|Electric\n|move|p2b: Clefairy|After You|p2a: Magical Mirai\n|-activate|p2a: Magical Mirai|move: After You\n|move|p2a: Magical Mirai|Draco Meteor|p1b: Crescendo\n|-crit|p1b: Crescendo\n|-damage|p1b: Crescendo|0 fnt\n|-unboost|p2a: Magical Mirai|spa|2\n|faint|p1b: Crescendo\n|\n|upkeep\n|\n|t:|1773653243\n|switch|p1b: Ice Horsey|Calyrex-Ice, L50|100/100\n|-ability|p1b: Ice Horsey|As One\n|-ability|p1b: Ice Horsey|Unnerve\n|turn|4\n|\n|t:|1773653255\n|switch|p2a: Incineroar|Incineroar, L50, M, shiny|92/100\n|-ability|p2a: Incineroar|Intimidate|boost\n|-unboost|p1a: White Glint|atk|1\n|-fail|p1b: Ice Horsey|unboost|[from] item: Clear Amulet|[of] p1b: Ice Horsey\n|-terastallize|p1a: White Glint|Fairy\n|move|p2b: Clefairy|Protect|p2b: Clefairy\n|-singleturn|p2b: Clefairy|Protect\n|move|p1b: Ice Horsey|Glacial Lance|p2b: Clefairy|[spread] p2a\n|-activate|p2b: Clefairy|move: Protect\n|-resisted|p2a: Incineroar\n|-damage|p2a: Incineroar|73/100\n|move|p1a: White Glint|Earth Power|p2a: Incineroar\n|-supereffective|p2a: Incineroar\n|-damage|p2a: Incineroar|11/100\n|-unboost|p2a: Incineroar|spd|1\n|-damage|p1a: White Glint|36/100|[from] item: Life Orb\n|\n|upkeep\n|turn|5\n|\n|t:|1773653283\n|move|p2a: Incineroar|Fake Out|p1b: Ice Horsey\n|-damage|p1b: Ice Horsey|94/100\n|move|p2b: Clefairy|Follow Me|p2b: Clefairy\n|-singleturn|p2b: Clefairy|move: Follow Me\n|cant|p1b: Ice Horsey|flinch\n|move|p1a: White Glint|Earth Power|p2b: Clefairy\n|-damage|p2b: Clefairy|68/100\n|-damage|p1a: White Glint|26/100|[from] item: Life Orb\n|\n|-fieldend|move: Trick Room\n|-fieldend|move: Electric Terrain\n|upkeep\n|turn|6\n|\n|t:|1773653292\n|move|p2b: Clefairy|Helping Hand|p2a: Incineroar\n|-singleturn|p2a: Incineroar|Helping Hand|[of] p2b: Clefairy\n|move|p2a: Incineroar|Flare Blitz|p1b: Ice Horsey\n|-supereffective|p1b: Ice Horsey\n|-damage|p1b: Ice Horsey|10/100\n|-damage|p2a: Incineroar|0 fnt|[from] Recoil\n|faint|p2a: Incineroar\n|move|p1b: Ice Horsey|Glacial Lance|p2b: Clefairy\n|-damage|p2b: Clefairy|0 fnt\n|faint|p2b: Clefairy\n|-ability|p1b: Ice Horsey|Chilling Neigh|boost\n|-boost|p1b: Ice Horsey|atk|1\n|move|p1a: White Glint|Trick Room|p1a: White Glint\n|-fieldstart|move: Trick Room|[of] p1a: White Glint\n|\n|upkeep\n|\n|t:|1773653297\n|switch|p2a: Magical Mirai|Miraidon, L50, tera:Electric|100/100\n|-fieldstart|move: Electric Terrain|[from] ability: Hadron Engine|[of] p2a: Magical Mirai\n|turn|7\n|c|\u2606TheManOfSausage|gg\n|-message|TheManOfSausage forfeited.\n|\n|win|KrisKiwii\n|raw|KrisKiwii's rating: 1428 &rarr; <strong>1446</strong><br />(+18 for winning)\n|raw|TheManOfSausage's rating: 1393 &rarr; <strong>1375</strong><br />(-18 for losing)\n|l|\u2606TheManOfSausage\n|player|p2|\n|c|\u2606KrisKiwii|ggs\n|l|\u2606KrisKiwii\n|player|p1|\n","uploadtime":1773653508,"views":11,"formatid":"gen9vgc2026regi","rating":1375,"private":0,"password":null}