{"id":"gen9vgc2026regi-2575758887","format":"[Gen 9] VGC 2026 Reg I","players":["uuuop0","blackred123\u6c38\u96cf\u5854\u83f2\u4fa0"],"log":"|j|\u2606uuuop0\n|j|\u2606blackred123\u6c38\u96cf\u5854\u83f2\u4fa0\n|t:|1775397596\n|gametype|doubles\n|player|p1|uuuop0|265|1497\n|player|p2|blackred123\u6c38\u96cf\u5854\u83f2\u4fa0|iono-masters|1618\n|gen|9\n|tier|[Gen 9] VGC 2026 Reg I\n|rated|\n|rule|Species Clause: Limit one of each Pok\u00e9mon\n|rule|Item Clause: Limit 1 of each item\n|clearpoke\n|poke|p1|Miraidon, L50|\n|poke|p1|Calyrex-Ice, L50|\n|poke|p1|Chi-Yu, L50|\n|poke|p1|Incineroar, L50, M|\n|poke|p1|Urshifu-*, L50, F|\n|poke|p1|Whimsicott, L50, F|\n|poke|p2|Calyrex-Shadow, L50|\n|poke|p2|Zamazenta-*, L50|\n|poke|p2|Tornadus, L50, M|\n|poke|p2|Rillaboom, L50, F|\n|poke|p2|Ogerpon-Hearthflame, L50, F|\n|poke|p2|Raging Bolt, L50|\n|teampreview|4\n|inactive|Battle timer is ON: inactive players will automatically lose when time's up. (requested by blackred123\u6c38\u96cf\u5854\u83f2\u4fa0)\n|inactive|uuuop0 has 60 seconds left.\n|j| starandhunter\n|\n|t:|1775397637\n|teamsize|p1|4\n|teamsize|p2|4\n|start\n|switch|p1a: Chi-Yu|Chi-Yu, L50|100/100\n|switch|p1b: Whimsicott|Whimsicott, L50, F|100/100\n|switch|p2a: Zamazenta|Zamazenta-Crowned, L50|100/100\n|switch|p2b: Rillaboom|Rillaboom, L50, F|100/100\n|-ability|p1a: Chi-Yu|Beads of Ruin\n|-ability|p2a: Zamazenta|Dauntless Shield|boost\n|-boost|p2a: Zamazenta|def|1\n|-fieldstart|move: Grassy Terrain|[from] ability: Grassy Surge|[of] p2b: Rillaboom\n|turn|1\n|inactive|blackred123\u6c38\u96cf\u5854\u83f2\u4fa0 has 30 seconds left.\n|\n|t:|1775397665\n|switch|p2b: Raging Bolt|Raging Bolt, L50|100/100\n|-enditem|p2b: Raging Bolt|Booster Energy\n|-activate|p2b: Raging Bolt|ability: Protosynthesis|[fromitem]\n|-start|p2b: Raging Bolt|protosynthesisspa\n|-terastallize|p1a: Chi-Yu|Ghost\n|-terastallize|p2a: Zamazenta|Water\n|move|p1b: Whimsicott|Tailwind|p1b: Whimsicott\n|-sidestart|p1: uuuop0|move: Tailwind\n|move|p1a: Chi-Yu|Flamethrower|p2b: Raging Bolt\n|-resisted|p2b: Raging Bolt\n|-damage|p2b: Raging Bolt|74/100\n|move|p2a: Zamazenta|Heavy Slam|p1b: Whimsicott\n|-supereffective|p1b: Whimsicott\n|-enditem|p1b: Whimsicott|Focus Sash\n|-damage|p1b: Whimsicott|1/100\n|\n|-heal|p1b: Whimsicott|7/100|[from] Grassy Terrain\n|-heal|p2b: Raging Bolt|80/100|[from] Grassy Terrain\n|upkeep\n|turn|2\n|inactive|uuuop0 has 30 seconds left.\n|inactive|uuuop0 has 20 seconds left.\n|inactive|uuuop0 has 15 seconds left.\n|\n|t:|1775397710\n|switch|p1b: Miraidon|Miraidon, L50|100/100\n|-fieldstart|move: Electric Terrain|[from] ability: Hadron Engine|[of] p1b: Miraidon\n|move|p2b: Raging Bolt|Thunderclap||[still]\n|-fail|p2b: Raging Bolt\n|move|p1a: Chi-Yu|Flamethrower|p2b: Raging Bolt\n|-resisted|p2b: Raging Bolt\n|-damage|p2b: Raging Bolt|51/100\n|move|p2a: Zamazenta|Heavy Slam|p1a: Chi-Yu\n|-damage|p1a: Chi-Yu|19/100\n|\n|upkeep\n|turn|3\n|\n|t:|1775397726\n|switch|p1a: Urshifu|Urshifu-Rapid-Strike, L50, F|100/100\n|move|p2a: Zamazenta|Protect|p2a: Zamazenta\n|-singleturn|p2a: Zamazenta|Protect\n|move|p2b: Raging Bolt|Thunderclap||[still]\n|-fail|p2b: Raging Bolt\n|move|p1b: Miraidon|Draco Meteor|p2b: Raging Bolt\n|-supereffective|p2b: Raging Bolt\n|-damage|p2b: Raging Bolt|0 fnt\n|-unboost|p1b: Miraidon|spa|2\n|faint|p2b: Raging Bolt\n|-end|p2b: Raging Bolt|Protosynthesis|[silent]\n|\n|upkeep\n|\n|t:|1775397730\n|switch|p2b: Rillaboom|Rillaboom, L50, F|100/100\n|-fieldstart|move: Grassy Terrain|[from] ability: Grassy Surge|[of] p2b: Rillaboom\n|turn|4\n|\n|t:|1775397736\n|move|p2b: Rillaboom|Fake Out|p1b: Miraidon\n|-damage|p1b: Miraidon|89/100\n|cant|p1b: Miraidon|flinch\n|move|p1a: Urshifu|U-turn|p2b: Rillaboom\n|-supereffective|p2b: Rillaboom\n|-damage|p2b: Rillaboom|45/100\n|\n|t:|1775397743\n|switch|p1a: Chi-Yu|Chi-Yu, L50, tera:Ghost|19/100|[from] U-turn\n|-ability|p1a: Chi-Yu|Beads of Ruin\n|move|p2a: Zamazenta|Body Press|p1b: Miraidon\n|-damage|p1b: Miraidon|30/100\n|\n|-heal|p1a: Chi-Yu|25/100|[from] Grassy Terrain\n|-heal|p1b: Miraidon|36/100|[from] Grassy Terrain\n|-heal|p2b: Rillaboom|51/100|[from] Grassy Terrain\n|-sideend|p1: uuuop0|move: Tailwind\n|upkeep\n|turn|5\n|\n|t:|1775397756\n|move|p2a: Zamazenta|Protect|p2a: Zamazenta\n|-singleturn|p2a: Zamazenta|Protect\n|move|p2b: Rillaboom|Grassy Glide|p1a: Chi-Yu\n|-damage|p1a: Chi-Yu|0 fnt\n|faint|p1a: Chi-Yu\n|move|p1b: Miraidon|Volt Switch|p2a: Zamazenta\n|-activate|p2a: Zamazenta|move: Protect\n|\n|-heal|p1b: Miraidon|42/100|[from] Grassy Terrain\n|-heal|p2b: Rillaboom|57/100|[from] Grassy Terrain\n|upkeep\n|inactive|uuuop0 has 30 seconds left.\n|inactive|uuuop0 has 20 seconds left.\n|\n|t:|1775397793\n|switch|p1a: Urshifu|Urshifu-Rapid-Strike, L50, F|100/100\n|turn|6\n|\n|t:|1775397800\n|move|p2b: Rillaboom|Grassy Glide|p1a: Urshifu\n|-supereffective|p1a: Urshifu\n|-crit|p1a: Urshifu\n|-damage|p1a: Urshifu|12/100\n|move|p1b: Miraidon|Volt Switch|p2a: Zamazenta\n|-supereffective|p2a: Zamazenta\n|-damage|p2a: Zamazenta|76/100\n|\n|t:|1775397807\n|switch|p1b: Whimsicott|Whimsicott, L50, F|7/100|[from] Volt Switch\n|move|p2a: Zamazenta|Body Press|p1a: Urshifu\n|-damage|p1a: Urshifu|0 fnt\n|faint|p1a: Urshifu\n|\n|-heal|p1b: Whimsicott|13/100|[from] Grassy Terrain\n|-heal|p2a: Zamazenta|82/100|[from] Grassy Terrain\n|-heal|p2b: Rillaboom|63/100|[from] Grassy Terrain\n|upkeep\n|\n|t:|1775397810\n|switch|p1a: Miraidon|Miraidon, L50|42/100\n|-fieldstart|move: Electric Terrain|[from] ability: Hadron Engine|[of] p1a: Miraidon\n|turn|7\n|\n|t:|1775397822\n|move|p2a: Zamazenta|Protect|p2a: Zamazenta\n|-singleturn|p2a: Zamazenta|Protect\n|move|p1b: Whimsicott|Endeavor|p2b: Rillaboom\n|-damage|p2b: Rillaboom|8/100\n|move|p1a: Miraidon|Electro Drift|p2b: Rillaboom\n|-resisted|p2b: Rillaboom\n|-damage|p2b: Rillaboom|0 fnt\n|faint|p2b: Rillaboom\n|\n|upkeep\n|\n|t:|1775397830\n|switch|p2b: Calyrex|Calyrex-Shadow, L50|100/100\n|-ability|p2b: Calyrex|As One\n|-ability|p2b: Calyrex|Unnerve\n|turn|8\n|inactive|uuuop0 has 30 seconds left.\n|inactive|uuuop0 has 20 seconds left.\n|inactive|uuuop0 has 15 seconds left.\n|inactive|uuuop0 has 10 seconds left.\n|\n|t:|1775397879\n|move|p2b: Calyrex|Astral Barrage|p1a: Miraidon|[spread] p1a,p1b\n|-damage|p1a: Miraidon|15/100\n|-damage|p1b: Whimsicott|0 fnt\n|faint|p1b: Whimsicott\n|-ability|p2b: Calyrex|Grim Neigh|boost\n|-boost|p2b: Calyrex|spa|1\n|move|p1a: Miraidon|Electro Drift|p2b: Calyrex\n|-damage|p2b: Calyrex|3/100\n|move|p2a: Zamazenta|Body Press|p1a: Miraidon\n|-damage|p1a: Miraidon|0 fnt\n|faint|p1a: Miraidon\n|\n|win|blackred123\u6c38\u96cf\u5854\u83f2\u4fa0\n|raw|uuuop0's rating: 1452 &rarr; <strong>1441</strong><br />(-11 for losing)\n|raw|blackred123\u6c38\u96cf\u5854\u83f2\u4fa0's rating: 1618 &rarr; <strong>1629</strong><br />(+11 for winning)\n|l|\u2606uuuop0\n|player|p1|\n","uploadtime":1775397899,"views":10,"formatid":"gen9vgc2026regi","rating":1441,"private":0,"password":null}