{"id":"gen9vgc2026regi-2548863398","format":"[Gen 9] VGC 2026 Reg I","players":["Schimmli","Tepig_nNz_498"],"log":"|j|\u2606Schimmli\n|j|\u2606Tepig_nNz_498\n|t:|1772272278\n|gametype|doubles\n|player|p1|Schimmli|101|1483\n|player|p2|Tepig_nNz_498|170|1388\n|gen|9\n|tier|[Gen 9] VGC 2026 Reg I\n|rated|\n|rule|Species Clause: Limit one of each Pok\u00e9mon\n|rule|Item Clause: Limit 1 of each item\n|clearpoke\n|poke|p1|Calyrex-Ice, L50|\n|poke|p1|Groudon, L50|\n|poke|p1|Raging Bolt, L50|\n|poke|p1|Smeargle, L50, M|\n|poke|p1|Flutter Mane, L50|\n|poke|p1|Chi-Yu, L50|\n|poke|p2|Whimsicott, L50, F|\n|poke|p2|Reshiram, L50|\n|poke|p2|Incineroar, L50, M|\n|poke|p2|Lilligant-Hisui, L50, F|\n|poke|p2|Brute Bonnet, L50|\n|poke|p2|Koraidon, L50|\n|teampreview|4\n|l|\u2606Tepig_nNz_498\n|player|p2|\n|j|\u2606Tepig_nNz_498\n|player|p2|Tepig_nNz_498|170|\n|inactive|Battle timer is ON: inactive players will automatically lose when time's up. (requested by Schimmli)\n|\n|t:|1772272317\n|teamsize|p1|4\n|teamsize|p2|4\n|start\n|switch|p1a: Groudon|Groudon, L50|100/100\n|switch|p1b: Smeargle|Smeargle, L50, M|100/100\n|switch|p2a: Lilligant|Lilligant-Hisui, L50, F|100/100\n|switch|p2b: Koraidon|Koraidon, L50|100/100\n|-weather|SunnyDay|[from] ability: Orichalcum Pulse|[of] p2b: Koraidon\n|-activate|p2b: Koraidon|Orichalcum Pulse|[source]\n|turn|1\n|\n|t:|1772272337\n|-terastallize|p2a: Lilligant|Ghost\n|move|p1b: Smeargle|Fake Out|p2a: Lilligant\n|-immune|p2a: Lilligant\n|move|p2a: Lilligant|Sleep Powder|p1a: Groudon\n|-status|p1a: Groudon|slp|[from] move: Sleep Powder\n|move|p2b: Koraidon|Close Combat|p1b: Smeargle\n|-supereffective|p1b: Smeargle\n|-enditem|p1b: Smeargle|Focus Sash\n|-damage|p1b: Smeargle|1/100\n|-unboost|p2b: Koraidon|def|1\n|-unboost|p2b: Koraidon|spd|1\n|-enditem|p2b: Koraidon|Eject Pack\n|\n|t:|1772272351\n|switch|p2b: Incineroar|Incineroar, L50, M|100/100\n|-ability|p2b: Incineroar|Intimidate|boost\n|-unboost|p1a: Groudon|atk|1\n|-unboost|p1b: Smeargle|atk|1\n|cant|p1a: Groudon|slp\n|\n|-weather|SunnyDay|[upkeep]\n|-ability|p1b: Smeargle|Moody|boost\n|-boost|p1b: Smeargle|spa|2\n|-unboost|p1b: Smeargle|atk|1\n|upkeep\n|turn|2\n|inactive|Schimmli has 30 seconds left.\n|inactive|Tepig_nNz_498 has 30 seconds left.\n|\n|t:|1772272383\n|-terastallize|p1a: Groudon|Fire\n|move|p2b: Incineroar|Fake Out|p1b: Smeargle\n|-damage|p1b: Smeargle|0 fnt\n|faint|p1b: Smeargle\n|move|p2a: Lilligant|Solar Blade||[still]\n|-prepare|p2a: Lilligant|Solar Blade\n|-anim|p2a: Lilligant|Solar Blade|p1a: Groudon\n|-resisted|p1a: Groudon\n|-damage|p1a: Groudon|81/100 slp\n|cant|p1a: Groudon|slp\n|\n|-weather|SunnyDay|[upkeep]\n|upkeep\n|\n|t:|1772272401\n|switch|p1b: Flutter Mane|Flutter Mane, L50|100/100\n|-activate|p1b: Flutter Mane|ability: Protosynthesis\n|-start|p1b: Flutter Mane|protosynthesisspe\n|turn|3\n|\n|t:|1772272408\n|move|p2a: Lilligant|Sleep Powder|p1b: Flutter Mane|[miss]\n|-miss|p2a: Lilligant|p1b: Flutter Mane\n|move|p1b: Flutter Mane|Taunt|p2a: Lilligant\n|-start|p2a: Lilligant|move: Taunt\n|-curestatus|p1a: Groudon|slp|[msg]\n|move|p1a: Groudon|Precipice Blades|p2b: Incineroar|[spread] p2a,p2b\n|-supereffective|p2b: Incineroar\n|-damage|p2a: Lilligant|45/100\n|-damage|p2b: Incineroar|41/100\n|move|p2b: Incineroar|Knock Off|p1a: Groudon\n|-damage|p1a: Groudon|53/100\n|-enditem|p1a: Groudon|Assault Vest|[from] move: Knock Off|[of] p2b: Incineroar\n|\n|-weather|SunnyDay|[upkeep]\n|upkeep\n|turn|4\n|\n|t:|1772272427\n|move|p2a: Lilligant|Solar Blade||[still]\n|-prepare|p2a: Lilligant|Solar Blade\n|-anim|p2a: Lilligant|Solar Blade|p1b: Flutter Mane\n|-damage|p1b: Flutter Mane|12/100\n|move|p1b: Flutter Mane|Icy Wind|p2b: Incineroar|[spread] p2a,p2b\n|-resisted|p2b: Incineroar\n|-damage|p2a: Lilligant|26/100\n|-damage|p2b: Incineroar|36/100\n|-unboost|p2a: Lilligant|spe|1\n|-unboost|p2b: Incineroar|spe|1\n|move|p1a: Groudon|Precipice Blades|p2a: Lilligant|[spread] p2a\n|-miss|p1a: Groudon|p2b: Incineroar\n|-damage|p2a: Lilligant|0 fnt\n|faint|p2a: Lilligant\n|move|p2b: Incineroar|Parting Shot|p1b: Flutter Mane\n|-unboost|p1b: Flutter Mane|atk|1\n|-unboost|p1b: Flutter Mane|spa|1\n|\n|t:|1772272433\n|switch|p2b: Reshiram|Reshiram, L50|100/100|[from] Parting Shot\n|-ability|p2b: Reshiram|Turboblaze\n|\n|-weather|SunnyDay|[upkeep]\n|upkeep\n|\n|t:|1772272436\n|switch|p2a: Incineroar|Incineroar, L50, M|36/100\n|-ability|p2a: Incineroar|Intimidate|boost\n|-unboost|p1a: Groudon|atk|1\n|-unboost|p1b: Flutter Mane|atk|1\n|turn|5\n|\n|t:|1772272452\n|switch|p1a: Calyrex|Calyrex-Ice, L50|100/100\n|-ability|p1a: Calyrex|As One\n|-ability|p1a: Calyrex|Unnerve\n|move|p2a: Incineroar|Fake Out|p1a: Calyrex\n|-damage|p1a: Calyrex|94/100\n|move|p1b: Flutter Mane|Icy Wind|p2b: Reshiram|[spread] p2b\n|-miss|p1b: Flutter Mane|p2a: Incineroar\n|-damage|p2b: Reshiram|94/100\n|-unboost|p2b: Reshiram|spe|1\n|move|p2b: Reshiram|Heat Wave|p1b: Flutter Mane|[spread] p1a,p1b\n|-supereffective|p1a: Calyrex\n|-damage|p1a: Calyrex|0 fnt\n|-damage|p1b: Flutter Mane|0 fnt\n|faint|p1a: Calyrex\n|faint|p1b: Flutter Mane\n|-end|p1b: Flutter Mane|Protosynthesis|[silent]\n|-damage|p2b: Reshiram|84/100|[from] item: Life Orb\n|\n|-weather|none\n|upkeep\n|\n|t:|1772272467\n|switch|p1b: Groudon|Groudon, L50, tera:Fire|53/100\n|-weather|SunnyDay|[from] ability: Drought|[of] p1b: Groudon\n|turn|6\n|\n|t:|1772272486\n|move|p1b: Groudon|Precipice Blades|p2a: Incineroar|[spread] p2a,p2b\n|-supereffective|p2a: Incineroar\n|-supereffective|p2b: Reshiram\n|-damage|p2a: Incineroar|0 fnt\n|-damage|p2b: Reshiram|0 fnt\n|faint|p2a: Incineroar\n|faint|p2b: Reshiram\n|\n|-weather|SunnyDay|[upkeep]\n|upkeep\n|\n|t:|1772272490\n|switch|p2a: Koraidon|Koraidon, L50|100/100\n|-activate|p2a: Koraidon|ability: Orichalcum Pulse\n|turn|7\n|\n|t:|1772272499\n|move|p2a: Koraidon|Dragon Claw|p1b: Groudon\n|-damage|p1b: Groudon|15/100\n|move|p1b: Groudon|Precipice Blades|p2a: Koraidon|[miss]\n|-miss|p1b: Groudon|p2a: Koraidon\n|\n|-weather|SunnyDay|[upkeep]\n|upkeep\n|turn|8\n|\n|t:|1772272505\n|move|p2a: Koraidon|Dragon Claw|p1b: Groudon\n|-damage|p1b: Groudon|0 fnt\n|faint|p1b: Groudon\n|\n|win|Tepig_nNz_498\n|raw|Schimmli's rating: 1483 &rarr; <strong>1458</strong><br />(-25 for losing)\n|raw|Tepig_nNz_498's rating: 1388 &rarr; <strong>1413</strong><br />(+25 for winning)\n|l|\u2606Schimmli\n|player|p1|\n|l|\u2606Tepig_nNz_498\n|player|p2|\n","uploadtime":1772272648,"views":16,"formatid":"gen9vgc2026regi","rating":1413,"private":0,"password":null}