{"id":"gen9vgc2026regi-2565285561","format":"[Gen 9] VGC 2026 Reg I","players":["Hazweioh","OneWingedAngelVGC"],"log":"|j|\u2606Hazweioh\n|j|\u2606OneWingedAngelVGC\n|t:|1774257601\n|gametype|doubles\n|player|p1|Hazweioh|2|1324\n|player|p2|OneWingedAngelVGC|lance|1390\n|gen|9\n|tier|[Gen 9] VGC 2026 Reg I\n|rated|\n|rule|Species Clause: Limit one of each Pok\u00e9mon\n|rule|Item Clause: Limit 1 of each item\n|clearpoke\n|poke|p1|Kyogre, L50|\n|poke|p1|Calyrex-Ice, L50|\n|poke|p1|Regieleki, L50|\n|poke|p1|Landorus, L50, M|\n|poke|p1|Ogerpon-Cornerstone, L50, F|\n|poke|p1|Farigiraf, L50, M|\n|poke|p2|Calyrex-Shadow, L50|\n|poke|p2|Zamazenta-*, L50|\n|poke|p2|Chien-Pao, L50|\n|poke|p2|Dragonite, L50, F|\n|poke|p2|Amoonguss, L50, M|\n|poke|p2|Ogerpon-Cornerstone, L50, F|\n|teampreview|4\n|inactive|Battle timer is ON: inactive players will automatically lose when time's up. (requested by Hazweioh)\n|inactive|Hazweioh has 60 seconds left.\n|inactive|OneWingedAngelVGC has 60 seconds left.\n|\n|t:|1774257644\n|teamsize|p1|4\n|teamsize|p2|4\n|start\n|switch|p1a: Landorus|Landorus, L50, M|100/100\n|switch|p1b: Regieleki|Regieleki, L50|100/100\n|switch|p2a: Calyrex|Calyrex-Shadow, L50|100/100\n|switch|p2b: Zamazenta|Zamazenta-Crowned, L50|100/100\n|-ability|p2a: Calyrex|As One\n|-ability|p2a: Calyrex|Unnerve\n|-ability|p2b: Zamazenta|Dauntless Shield|boost\n|-boost|p2b: Zamazenta|def|1\n|turn|1\n|inactive|Hazweioh has 30 seconds left.\n|\n|t:|1774257677\n|move|p2b: Zamazenta|Wide Guard|p2b: Zamazenta\n|-singleturn|p2b: Zamazenta|Wide Guard\n|move|p1b: Regieleki|Thunderbolt|p2a: Calyrex\n|-damage|p2a: Calyrex|39/100\n|move|p2a: Calyrex|Astral Barrage|p1b: Regieleki|[spread] p1a,p1b\n|-damage|p1a: Landorus|33/100\n|-enditem|p1b: Regieleki|Focus Sash\n|-damage|p1b: Regieleki|1/100\n|move|p1a: Landorus|Earth Power|p2b: Zamazenta\n|-supereffective|p2b: Zamazenta\n|-damage|p2b: Zamazenta|6/100\n|\n|upkeep\n|turn|2\n|\n|t:|1774257701\n|move|p1b: Regieleki|Protect|p1b: Regieleki\n|-singleturn|p1b: Regieleki|Protect\n|move|p2a: Calyrex|Protect|p2a: Calyrex\n|-singleturn|p2a: Calyrex|Protect\n|move|p1a: Landorus|Sandsear Storm|p2a: Calyrex|[spread] p2b\n|-activate|p2a: Calyrex|move: Protect\n|-supereffective|p2b: Zamazenta\n|-damage|p2b: Zamazenta|0 fnt\n|faint|p2b: Zamazenta\n|\n|upkeep\n|\n|t:|1774257714\n|switch|p2b: Amoonguss|Amoonguss, L50, M|100/100\n|turn|3\n|\n|t:|1774257721\n|move|p1b: Regieleki|Electroweb|p2b: Amoonguss|[spread] p2a,p2b\n|-resisted|p2b: Amoonguss\n|-damage|p2a: Calyrex|12/100\n|-damage|p2b: Amoonguss|90/100\n|-unboost|p2a: Calyrex|spe|1\n|-unboost|p2b: Amoonguss|spe|1\n|move|p1a: Landorus|Sandsear Storm|p2a: Calyrex|[spread] p2a,p2b\n|-damage|p2a: Calyrex|0 fnt\n|-damage|p2b: Amoonguss|32/100\n|faint|p2a: Calyrex\n|move|p2b: Amoonguss|Spore|p1a: Landorus\n|-status|p1a: Landorus|slp|[from] move: Spore\n|\n|upkeep\n|\n|t:|1774257724\n|switch|p2a: Ogerpon|Ogerpon-Cornerstone, L50, F|100/100\n|turn|4\n|\n|t:|1774257736\n|move|p1b: Regieleki|Electroweb|p2a: Ogerpon|[spread] p2a,p2b\n|-resisted|p2a: Ogerpon\n|-resisted|p2b: Amoonguss\n|-damage|p2a: Ogerpon|86/100\n|-damage|p2b: Amoonguss|21/100\n|-unboost|p2a: Ogerpon|spe|1\n|-unboost|p2b: Amoonguss|spe|1\n|cant|p1a: Landorus|slp\n|move|p2a: Ogerpon|Ivy Cudgel|p1a: Landorus|[anim] Ivy Cudgel Rock\n|-damage|p1a: Landorus|0 fnt\n|faint|p1a: Landorus\n|move|p2b: Amoonguss|Spore|p1b: Regieleki\n|-status|p1b: Regieleki|slp|[from] move: Spore\n|\n|upkeep\n|\n|t:|1774257751\n|switch|p1a: Ogerpon|Ogerpon-Cornerstone, L50, F|100/100\n|turn|5\n|\n|t:|1774257759\n|move|p1a: Ogerpon|Spiky Shield|p1a: Ogerpon\n|-singleturn|p1a: Ogerpon|move: Protect\n|cant|p1b: Regieleki|slp\n|move|p2a: Ogerpon|Ivy Cudgel|p1b: Regieleki|[anim] Ivy Cudgel Rock\n|-damage|p1b: Regieleki|0 fnt\n|faint|p1b: Regieleki\n|move|p2b: Amoonguss|Sludge Bomb|p1a: Ogerpon\n|-activate|p1a: Ogerpon|move: Protect\n|\n|upkeep\n|-message|OneWingedAngelVGC forfeited.\n|\n|win|Hazweioh\n|raw|Hazweioh's rating: 1324 &rarr; <strong>1348</strong><br />(+24 for winning)\n|raw|OneWingedAngelVGC's rating: 1390 &rarr; <strong>1366</strong><br />(-24 for losing)\n|l|\u2606OneWingedAngelVGC\n|player|p2|\n|l|\u2606Hazweioh\n|player|p1|\n","uploadtime":1774258018,"views":10,"formatid":"gen9vgc2026regi","rating":1348,"private":0,"password":null}