{"id":"gen9vgc2026regi-2580172544","format":"[Gen 9] VGC 2026 Reg I","players":["JoeBro8","Tusuk"],"log":"|j|\u2606JoeBro8\n|j|\u2606Tusuk\n|t:|1775861381\n|gametype|doubles\n|player|p1|JoeBro8|n|1441\n|player|p2|Tusuk|bellelba|1430\n|gen|9\n|tier|[Gen 9] VGC 2026 Reg I\n|rated|\n|rule|Species Clause: Limit one of each Pok\u00e9mon\n|rule|Item Clause: Limit 1 of each item\n|clearpoke\n|poke|p1|Miraidon, L50|\n|poke|p1|Whimsicott, L50, F|\n|poke|p1|Zamazenta-*, L50|\n|poke|p1|Chien-Pao, L50|\n|poke|p1|Volcarona, L50, F|\n|poke|p1|Iron Hands, L50|\n|poke|p2|Calyrex-Ice, L50|\n|poke|p2|Scraggy, L50, M|\n|poke|p2|Miraidon, L50|\n|poke|p2|Farigiraf, L50, M|\n|poke|p2|Iron Treads, L50|\n|poke|p2|Iron Hands, L50|\n|teampreview|4\n|l|\u2606Tusuk\n|player|p2|\n|j|\u2606Tusuk\n|player|p2|Tusuk|bellelba|\n|inactive|Battle timer is ON: inactive players will automatically lose when time's up. (requested by Tusuk)\n|\n|t:|1775861429\n|teamsize|p1|4\n|teamsize|p2|4\n|start\n|switch|p1a: Ace of Spades|Miraidon, L50|100/100\n|switch|p1b: Queen of Diamonds|Volcarona, L50, F|100/100\n|switch|p2a: Calyrex|Calyrex-Ice, L50|100/100\n|switch|p2b: Scraggy|Scraggy, L50, M|100/100\n|-ability|p2a: Calyrex|As One\n|-ability|p2a: Calyrex|Unnerve\n|-fieldstart|move: Electric Terrain|[from] ability: Hadron Engine|[of] p1a: Ace of Spades\n|-enditem|p1b: Queen of Diamonds|Electric Seed\n|-boost|p1b: Queen of Diamonds|def|1|[from] item: Electric Seed\n|-ability|p2b: Scraggy|Intimidate|boost\n|-unboost|p1a: Ace of Spades|atk|1\n|-unboost|p1b: Queen of Diamonds|atk|1\n|turn|1\n|inactive|JoeBro8 has 30 seconds left.\n|inactive|JoeBro8 has 20 seconds left.\n|inactive|JoeBro8 has 15 seconds left.\n|inactive|JoeBro8 has 10 seconds left.\n|inactive|JoeBro8 has 5 seconds left.\n|\n|t:|1775861481\n|switch|p1a: King of Spades|Zamazenta-Crowned, L50|100/100\n|-ability|p1a: King of Spades|Dauntless Shield|boost\n|-boost|p1a: King of Spades|def|1\n|-terastallize|p2a: Calyrex|Fire\n|move|p2b: Scraggy|Fake Out|p1a: King of Spades\n|-resisted|p1a: King of Spades\n|-damage|p1a: King of Spades|99/100\n|move|p1b: Queen of Diamonds|Fiery Dance|p2a: Calyrex\n|-resisted|p2a: Calyrex\n|-damage|p2a: Calyrex|89/100\n|-boost|p1b: Queen of Diamonds|spa|1\n|move|p2a: Calyrex|Trick Room|p2a: Calyrex\n|-fieldstart|move: Trick Room|[of] p2a: Calyrex\n|\n|upkeep\n|turn|2\n|\n|t:|1775861498\n|move|p2b: Scraggy|Coaching|p2a: Calyrex\n|-boost|p2a: Calyrex|atk|1\n|-boost|p2a: Calyrex|def|1\n|move|p2a: Calyrex|High Horsepower|p1a: King of Spades\n|-supereffective|p1a: King of Spades\n|-damage|p1a: King of Spades|49/100\n|move|p1b: Queen of Diamonds|Struggle Bug|p2b: Scraggy|[spread] p2a,p2b\n|-resisted|p2a: Calyrex\n|-damage|p2a: Calyrex|82/100\n|-damage|p2b: Scraggy|79/100\n|-unboost|p2b: Scraggy|spa|1\n|move|p1a: King of Spades|Body Press|p2a: Calyrex\n|-damage|p2a: Calyrex|51/100\n|\n|upkeep\n|turn|3\n|\n|t:|1775861513\n|move|p2a: Calyrex|Protect|p2a: Calyrex\n|-singleturn|p2a: Calyrex|Protect\n|move|p1a: King of Spades|Protect|p1a: King of Spades\n|-singleturn|p1a: King of Spades|Protect\n|move|p2b: Scraggy|Coaching|p2a: Calyrex\n|-boost|p2a: Calyrex|atk|1\n|-boost|p2a: Calyrex|def|1\n|move|p1b: Queen of Diamonds|Fiery Dance|p2a: Calyrex\n|-activate|p2a: Calyrex|move: Protect\n|\n|upkeep\n|turn|4\n|\n|t:|1775861533\n|move|p1b: Queen of Diamonds|Rage Powder|p1b: Queen of Diamonds\n|-singleturn|p1b: Queen of Diamonds|move: Rage Powder\n|move|p2b: Scraggy|Endeavor|p1b: Queen of Diamonds\n|-damage|p1b: Queen of Diamonds|52/100\n|-status|p2b: Scraggy|brn|[from] ability: Flame Body|[of] p1b: Queen of Diamonds\n|move|p2a: Calyrex|Glacial Lance|p1a: King of Spades|[spread] p1a,p1b\n|-resisted|p1a: King of Spades\n|-resisted|p1b: Queen of Diamonds\n|-damage|p1a: King of Spades|25/100\n|-damage|p1b: Queen of Diamonds|18/100\n|move|p1a: King of Spades|Body Press|p2a: Calyrex\n|-damage|p2a: Calyrex|28/100\n|\n|-damage|p2b: Scraggy|74/100 brn|[from] brn\n|upkeep\n|turn|5\n|inactive|Tusuk has 30 seconds left.\n|inactive|Tusuk has 20 seconds left.\n|\n|t:|1775861569\n|move|p1b: Queen of Diamonds|Protect|p1b: Queen of Diamonds\n|-singleturn|p1b: Queen of Diamonds|Protect\n|move|p1a: King of Spades|Protect|p1a: King of Spades\n|-singleturn|p1a: King of Spades|Protect\n|move|p2b: Scraggy|Coaching|p2a: Calyrex\n|-boost|p2a: Calyrex|atk|1\n|-boost|p2a: Calyrex|def|1\n|move|p2a: Calyrex|High Horsepower|p1a: King of Spades\n|-activate|p1a: King of Spades|move: Protect\n|\n|-damage|p2b: Scraggy|68/100 brn|[from] brn\n|-fieldend|move: Trick Room\n|-fieldend|move: Electric Terrain\n|upkeep\n|turn|6\n|inactive|Tusuk has 30 seconds left.\n|\n|t:|1775861595\n|switch|p2b: Miraidon|Miraidon, L50|100/100\n|-fieldstart|move: Electric Terrain|[from] ability: Hadron Engine|[of] p2b: Miraidon\n|move|p2a: Calyrex|Protect|p2a: Calyrex\n|-singleturn|p2a: Calyrex|Protect\n|move|p1a: King of Spades|Body Press|p2a: Calyrex\n|-activate|p2a: Calyrex|move: Protect\n|move|p1b: Queen of Diamonds|Fiery Dance|p2a: Calyrex\n|-activate|p2a: Calyrex|move: Protect\n|\n|upkeep\n|turn|7\n|\n|t:|1775861614\n|move|p1a: King of Spades|Protect|p1a: King of Spades\n|-singleturn|p1a: King of Spades|Protect\n|move|p2b: Miraidon|Volt Switch|p1b: Queen of Diamonds\n|-damage|p1b: Queen of Diamonds|0 fnt\n|faint|p1b: Queen of Diamonds\n|\n|t:|1775861623\n|switch|p2b: Scraggy|Scraggy, L50, M|68/100 brn|[from] Volt Switch\n|-ability|p2b: Scraggy|Intimidate|boost\n|-unboost|p1a: King of Spades|atk|1\n|move|p2a: Calyrex|Trick Room|p2a: Calyrex\n|-fieldstart|move: Trick Room|[of] p2a: Calyrex\n|\n|-damage|p2b: Scraggy|62/100 brn|[from] brn\n|upkeep\n|\n|t:|1775861626\n|switch|p1b: Jack of Diamonds|Chien-Pao, L50|100/100\n|-ability|p1b: Jack of Diamonds|Sword of Ruin\n|turn|8\n|inactive|Tusuk has 30 seconds left.\n|\n|t:|1775861661\n|-terastallize|p1b: Jack of Diamonds|Ghost\n|move|p1a: King of Spades|Wide Guard|p1a: King of Spades\n|-singleturn|p1a: King of Spades|Wide Guard\n|move|p2b: Scraggy|Endeavor|p1b: Jack of Diamonds\n|-immune|p1b: Jack of Diamonds\n|move|p2a: Calyrex|High Horsepower|p1b: Jack of Diamonds\n|-enditem|p1b: Jack of Diamonds|Focus Sash\n|-damage|p1b: Jack of Diamonds|1/100\n|move|p1b: Jack of Diamonds|Sacred Sword|p2a: Calyrex\n|-damage|p2a: Calyrex|4/100\n|\n|-damage|p2b: Scraggy|57/100 brn|[from] brn\n|upkeep\n|turn|9\n|\n|t:|1775861684\n|switch|p2b: Farigiraf|Farigiraf, L50, M|100/100\n|-enditem|p2b: Farigiraf|Electric Seed\n|-boost|p2b: Farigiraf|def|1|[from] item: Electric Seed\n|move|p1b: Jack of Diamonds|Sucker Punch||[still]\n|cant|p2b: Farigiraf|ability: Armor Tail|Sucker Punch|[of] p1b: Jack of Diamonds\n|move|p2a: Calyrex|Glacial Lance|p1a: King of Spades|[spread] p1a,p1b\n|-resisted|p1a: King of Spades\n|-damage|p1a: King of Spades|0 fnt\n|-damage|p1b: Jack of Diamonds|0 fnt\n|faint|p1a: King of Spades\n|faint|p1b: Jack of Diamonds\n|-ability|p2a: Calyrex|Chilling Neigh|boost\n|-boost|p2a: Calyrex|atk|2\n|\n|upkeep\n|-message|JoeBro8 forfeited.\n|\n|win|Tusuk\n|raw|JoeBro8's rating: 1441 &rarr; <strong>1420</strong><br />(-21 for losing)\n|raw|Tusuk's rating: 1430 &rarr; <strong>1451</strong><br />(+21 for winning)\n|l|\u2606JoeBro8\n|player|p1|\n|l|\u2606Tusuk\n|player|p2|\n","uploadtime":1775861910,"views":10,"formatid":"gen9vgc2026regi","rating":1420,"private":0,"password":null}