{"id":"gen9vgc2026regi-2568451534","format":"[Gen 9] VGC 2026 Reg I","players":["BanKingambit69247","speedyturtle87"],"log":"|j|\u2606BanKingambit69247\n|j|\u2606speedyturtle87\n|t:|1774579960\n|gametype|doubles\n|player|p1|BanKingambit69247|lucas|1492\n|player|p2|speedyturtle87|canari|1614\n|gen|9\n|tier|[Gen 9] VGC 2026 Reg I\n|rated|\n|rule|Species Clause: Limit one of each Pok\u00e9mon\n|rule|Item Clause: Limit 1 of each item\n|clearpoke\n|poke|p1|Calyrex-Shadow, L50|\n|poke|p1|Zamazenta-*, L50|\n|poke|p1|Chien-Pao, L50|\n|poke|p1|Ogerpon-Wellspring, L50, F|\n|poke|p1|Smeargle, L50, F|\n|poke|p1|Indeedee-F, L50, F|\n|poke|p2|Miraidon, L50|\n|poke|p2|Iron Hands, L50|\n|poke|p2|Chi-Yu, L50|\n|poke|p2|Whimsicott, L50, M|\n|poke|p2|Calyrex-Ice, L50|\n|poke|p2|Farigiraf, L50, M|\n|teampreview|4\n|inactive|Battle timer is ON: inactive players will automatically lose when time's up. (requested by speedyturtle87)\n|\n|t:|1774579985\n|teamsize|p1|4\n|teamsize|p2|4\n|start\n|switch|p1a: \u7231\u5bfc\u7ba1\u5bfc\u5bfc\u4f8d|Indeedee-F, L50, F|100/100\n|switch|p1b: \u8bf6\u4f60\u600e\u4e48\u6b7b\u4e86?\u267f\u267f\u267f|Calyrex-Shadow, L50|100/100\n|switch|p2a: Chi-Yu|Chi-Yu, L50|100/100\n|switch|p2b: Miraidon|Miraidon, L50|100/100\n|-ability|p1b: \u8bf6\u4f60\u600e\u4e48\u6b7b\u4e86?\u267f\u267f\u267f|As One\n|-ability|p1b: \u8bf6\u4f60\u600e\u4e48\u6b7b\u4e86?\u267f\u267f\u267f|Unnerve\n|-ability|p2a: Chi-Yu|Beads of Ruin\n|-fieldstart|move: Electric Terrain|[from] ability: Hadron Engine|[of] p2b: Miraidon\n|-fieldstart|move: Psychic Terrain|[from] ability: Psychic Surge|[of] p1a: \u7231\u5bfc\u7ba1\u5bfc\u5bfc\u4f8d\n|turn|1\n|inactive|speedyturtle87 has 30 seconds left.\n|\n|t:|1774580015\n|-terastallize|p1b: \u8bf6\u4f60\u600e\u4e48\u6b7b\u4e86?\u267f\u267f\u267f|Ghost\n|move|p1a: \u7231\u5bfc\u7ba1\u5bfc\u5bfc\u4f8d|Follow Me|p1a: \u7231\u5bfc\u7ba1\u5bfc\u5bfc\u4f8d\n|-singleturn|p1a: \u7231\u5bfc\u7ba1\u5bfc\u5bfc\u4f8d|move: Follow Me\n|move|p2a: Chi-Yu|Snarl|p1a: \u7231\u5bfc\u7ba1\u5bfc\u5bfc\u4f8d|[spread] p1a,p1b\n|-supereffective|p1a: \u7231\u5bfc\u7ba1\u5bfc\u5bfc\u4f8d\n|-supereffective|p1b: \u8bf6\u4f60\u600e\u4e48\u6b7b\u4e86?\u267f\u267f\u267f\n|-damage|p1a: \u7231\u5bfc\u7ba1\u5bfc\u5bfc\u4f8d|39/100\n|-damage|p1b: \u8bf6\u4f60\u600e\u4e48\u6b7b\u4e86?\u267f\u267f\u267f|36/100\n|-unboost|p1a: \u7231\u5bfc\u7ba1\u5bfc\u5bfc\u4f8d|spa|1\n|-unboost|p1b: \u8bf6\u4f60\u600e\u4e48\u6b7b\u4e86?\u267f\u267f\u267f|spa|1\n|move|p1b: \u8bf6\u4f60\u600e\u4e48\u6b7b\u4e86?\u267f\u267f\u267f|Astral Barrage|p2a: Chi-Yu|[spread] p2a,p2b\n|-resisted|p2a: Chi-Yu\n|-damage|p2a: Chi-Yu|57/100\n|-damage|p2b: Miraidon|14/100\n|move|p2b: Miraidon|Volt Switch|p1a: \u7231\u5bfc\u7ba1\u5bfc\u5bfc\u4f8d\n|-crit|p1a: \u7231\u5bfc\u7ba1\u5bfc\u5bfc\u4f8d\n|-damage|p1a: \u7231\u5bfc\u7ba1\u5bfc\u5bfc\u4f8d|0 fnt\n|faint|p1a: \u7231\u5bfc\u7ba1\u5bfc\u5bfc\u4f8d\n|\n|t:|1774580030\n|switch|p2b: Farigiraf|Farigiraf, L50, M|100/100|[from] Volt Switch\n|\n|upkeep\n|\n|t:|1774580034\n|switch|p1a: \u5f3a\u8005\u5c31\u662f\u8981\u7f9e\u8fb1\u5f31\u8005\ud83d\udc36\ud83d\udc36\ud83d\udc36|Zamazenta-Crowned, L50|100/100\n|-ability|p1a: \u5f3a\u8005\u5c31\u662f\u8981\u7f9e\u8fb1\u5f31\u8005\ud83d\udc36\ud83d\udc36\ud83d\udc36|Dauntless Shield|boost\n|-boost|p1a: \u5f3a\u8005\u5c31\u662f\u8981\u7f9e\u8fb1\u5f31\u8005\ud83d\udc36\ud83d\udc36\ud83d\udc36|def|1\n|turn|2\n|\n|t:|1774580040\n|switch|p1b: \u6211\u7684\u5de8\u517d\u5f39\u56de\u6765\u5566!\ud83d\udc37\ud83d\udc37\ud83d\udc37|Chien-Pao, L50|100/100\n|-ability|p1b: \u6211\u7684\u5de8\u517d\u5f39\u56de\u6765\u5566!\ud83d\udc37\ud83d\udc37\ud83d\udc37|Sword of Ruin\n|move|p2a: Chi-Yu|Snarl|p1a: \u5f3a\u8005\u5c31\u662f\u8981\u7f9e\u8fb1\u5f31\u8005\ud83d\udc36\ud83d\udc36\ud83d\udc36|[spread] p1a,p1b\n|-resisted|p1a: \u5f3a\u8005\u5c31\u662f\u8981\u7f9e\u8fb1\u5f31\u8005\ud83d\udc36\ud83d\udc36\ud83d\udc36\n|-resisted|p1b: \u6211\u7684\u5de8\u517d\u5f39\u56de\u6765\u5566!\ud83d\udc37\ud83d\udc37\ud83d\udc37\n|-damage|p1a: \u5f3a\u8005\u5c31\u662f\u8981\u7f9e\u8fb1\u5f31\u8005\ud83d\udc36\ud83d\udc36\ud83d\udc36|89/100\n|-damage|p1b: \u6211\u7684\u5de8\u517d\u5f39\u56de\u6765\u5566!\ud83d\udc37\ud83d\udc37\ud83d\udc37|87/100\n|-unboost|p1a: \u5f3a\u8005\u5c31\u662f\u8981\u7f9e\u8fb1\u5f31\u8005\ud83d\udc36\ud83d\udc36\ud83d\udc36|spa|1\n|-unboost|p1b: \u6211\u7684\u5de8\u517d\u5f39\u56de\u6765\u5566!\ud83d\udc37\ud83d\udc37\ud83d\udc37|spa|1\n|move|p1a: \u5f3a\u8005\u5c31\u662f\u8981\u7f9e\u8fb1\u5f31\u8005\ud83d\udc36\ud83d\udc36\ud83d\udc36|Body Press|p2b: Farigiraf\n|-damage|p2b: Farigiraf|7/100\n|move|p2b: Farigiraf|Foul Play|p1b: \u6211\u7684\u5de8\u517d\u5f39\u56de\u6765\u5566!\ud83d\udc37\ud83d\udc37\ud83d\udc37\n|-resisted|p1b: \u6211\u7684\u5de8\u517d\u5f39\u56de\u6765\u5566!\ud83d\udc37\ud83d\udc37\ud83d\udc37\n|-crit|p1b: \u6211\u7684\u5de8\u517d\u5f39\u56de\u6765\u5566!\ud83d\udc37\ud83d\udc37\ud83d\udc37\n|-damage|p1b: \u6211\u7684\u5de8\u517d\u5f39\u56de\u6765\u5566!\ud83d\udc37\ud83d\udc37\ud83d\udc37|64/100\n|\n|upkeep\n|turn|3\n|\n|t:|1774580057\n|switch|p2a: Iron Hands|Iron Hands, L50|100/100\n|move|p1b: \u6211\u7684\u5de8\u517d\u5f39\u56de\u6765\u5566!\ud83d\udc37\ud83d\udc37\ud83d\udc37|Ice Spinner|p2a: Iron Hands\n|-damage|p2a: Iron Hands|70/100\n|-fieldend|move: Psychic Terrain\n|move|p1a: \u5f3a\u8005\u5c31\u662f\u8981\u7f9e\u8fb1\u5f31\u8005\ud83d\udc36\ud83d\udc36\ud83d\udc36|Body Press|p2b: Farigiraf\n|-damage|p2b: Farigiraf|0 fnt\n|faint|p2b: Farigiraf\n|\n|upkeep\n|\n|t:|1774580067\n|switch|p2b: Miraidon|Miraidon, L50|14/100\n|-fieldstart|move: Electric Terrain|[from] ability: Hadron Engine|[of] p2b: Miraidon\n|-activate|p2a: Iron Hands|ability: Quark Drive\n|-start|p2a: Iron Hands|quarkdriveatk\n|turn|4\n|\n|t:|1774580080\n|move|p2a: Iron Hands|Fake Out|p1b: \u6211\u7684\u5de8\u517d\u5f39\u56de\u6765\u5566!\ud83d\udc37\ud83d\udc37\ud83d\udc37\n|-damage|p1b: \u6211\u7684\u5de8\u517d\u5f39\u56de\u6765\u5566!\ud83d\udc37\ud83d\udc37\ud83d\udc37|37/100\n|cant|p1b: \u6211\u7684\u5de8\u517d\u5f39\u56de\u6765\u5566!\ud83d\udc37\ud83d\udc37\ud83d\udc37|flinch\n|move|p2b: Miraidon|Electro Drift|p1a: \u5f3a\u8005\u5c31\u662f\u8981\u7f9e\u8fb1\u5f31\u8005\ud83d\udc36\ud83d\udc36\ud83d\udc36\n|-damage|p1a: \u5f3a\u8005\u5c31\u662f\u8981\u7f9e\u8fb1\u5f31\u8005\ud83d\udc36\ud83d\udc36\ud83d\udc36|0 fnt\n|faint|p1a: \u5f3a\u8005\u5c31\u662f\u8981\u7f9e\u8fb1\u5f31\u8005\ud83d\udc36\ud83d\udc36\ud83d\udc36\n|\n|upkeep\n|\n|t:|1774580083\n|switch|p1a: \u8bf6\u4f60\u600e\u4e48\u6b7b\u4e86?\u267f\u267f\u267f|Calyrex-Shadow, L50, tera:Ghost|36/100\n|-ability|p1a: \u8bf6\u4f60\u600e\u4e48\u6b7b\u4e86?\u267f\u267f\u267f|As One\n|-ability|p1a: \u8bf6\u4f60\u600e\u4e48\u6b7b\u4e86?\u267f\u267f\u267f|Unnerve\n|turn|5\n|\n|t:|1774580096\n|move|p1a: \u8bf6\u4f60\u600e\u4e48\u6b7b\u4e86?\u267f\u267f\u267f|Astral Barrage|p2a: Iron Hands|[spread] p2a,p2b\n|-crit|p2a: Iron Hands\n|-damage|p2a: Iron Hands|0 fnt\n|-damage|p2b: Miraidon|0 fnt\n|faint|p2a: Iron Hands\n|-end|p2a: Iron Hands|Quark Drive|[silent]\n|faint|p2b: Miraidon\n|-ability|p1a: \u8bf6\u4f60\u600e\u4e48\u6b7b\u4e86?\u267f\u267f\u267f|Grim Neigh|boost\n|-boost|p1a: \u8bf6\u4f60\u600e\u4e48\u6b7b\u4e86?\u267f\u267f\u267f|spa|2\n|move|p1b: \u6211\u7684\u5de8\u517d\u5f39\u56de\u6765\u5566!\ud83d\udc37\ud83d\udc37\ud83d\udc37|Ice Spinner|p2: Iron Hands|[notarget]\n|-fail|p1b: \u6211\u7684\u5de8\u517d\u5f39\u56de\u6765\u5566!\ud83d\udc37\ud83d\udc37\ud83d\udc37\n|\n|upkeep\n|\n|t:|1774580101\n|switch|p2b: Chi-Yu|Chi-Yu, L50|57/100\n|-ability|p2b: Chi-Yu|Beads of Ruin\n|turn|6\n|\n|t:|1774580110\n|move|p2b: Chi-Yu|Heat Wave|p1b: \u6211\u7684\u5de8\u517d\u5f39\u56de\u6765\u5566!\ud83d\udc37\ud83d\udc37\ud83d\udc37|[spread] p1a,p1b\n|-supereffective|p1b: \u6211\u7684\u5de8\u517d\u5f39\u56de\u6765\u5566!\ud83d\udc37\ud83d\udc37\ud83d\udc37\n|-damage|p1a: \u8bf6\u4f60\u600e\u4e48\u6b7b\u4e86?\u267f\u267f\u267f|0 fnt\n|-damage|p1b: \u6211\u7684\u5de8\u517d\u5f39\u56de\u6765\u5566!\ud83d\udc37\ud83d\udc37\ud83d\udc37|0 fnt\n|faint|p1a: \u8bf6\u4f60\u600e\u4e48\u6b7b\u4e86?\u267f\u267f\u267f\n|faint|p1b: \u6211\u7684\u5de8\u517d\u5f39\u56de\u6765\u5566!\ud83d\udc37\ud83d\udc37\ud83d\udc37\n|\n|win|speedyturtle87\n|raw|BanKingambit69247's rating: 1492 &rarr; <strong>1479</strong><br />(-13 for losing)\n|raw|speedyturtle87's rating: 1614 &rarr; <strong>1627</strong><br />(+13 for winning)\n|l|\u2606BanKingambit69247\n|player|p1|\n|l|\u2606speedyturtle87\n|player|p2|\n","uploadtime":1774580206,"views":13,"formatid":"gen9vgc2026regi","rating":1479,"private":0,"password":null}