{"id":"gen9vgc2026regi-2531811375","format":"[Gen 9] VGC 2026 Reg I","players":["taketomo111715","yamato-tak"],"log":"|j|\u2606taketomo111715\n|j|\u2606yamato-tak\n|t:|1770103116\n|gametype|doubles\n|player|p1|taketomo111715|ethan|1355\n|player|p2|yamato-tak|170|1522\n|gen|9\n|tier|[Gen 9] VGC 2026 Reg I\n|rated|\n|rule|Species Clause: Limit one of each Pok\u00e9mon\n|rule|Item Clause: Limit 1 of each item\n|clearpoke\n|poke|p1|Calyrex-Shadow, L50|\n|poke|p1|Zamazenta-*, L50|\n|poke|p1|Chien-Pao, L50|\n|poke|p1|Raging Bolt, L50|\n|poke|p1|Amoonguss, L50, M|\n|poke|p1|Ting-Lu, L50|\n|poke|p2|Calyrex-Shadow, L50|\n|poke|p2|Terapagos, L50, M|\n|poke|p2|Volcarona, L50, M|\n|poke|p2|Sinistcha-Masterpiece, L50|\n|poke|p2|Incineroar, L50, F|\n|poke|p2|Grimmsnarl, L50, M|\n|teampreview|4\n|inactive|Battle timer is ON: inactive players will automatically lose when time's up. (requested by yamato-tak)\n|j| shane999999\n|inactive|yamato-tak has 60 seconds left.\n|\n|t:|1770103172\n|teamsize|p1|4\n|teamsize|p2|4\n|start\n|switch|p1a: Chien-Pao|Chien-Pao, L50|100/100\n|switch|p1b: Zamazenta|Zamazenta-Crowned, L50|100/100\n|switch|p2a: Grimmsnarl|Grimmsnarl, L50, M, shiny|100/100\n|switch|p2b: Volcarona|Volcarona, L50, M, shiny|100/100\n|-ability|p1a: Chien-Pao|Sword of Ruin\n|-ability|p1b: Zamazenta|Dauntless Shield|boost\n|-boost|p1b: Zamazenta|def|1\n|turn|1\n|inactive|taketomo111715 has 30 seconds left.\n|\n|t:|1770103205\n|move|p1b: Zamazenta|Protect|p1b: Zamazenta\n|-singleturn|p1b: Zamazenta|Protect\n|move|p2a: Grimmsnarl|Reflect|p2a: Grimmsnarl\n|-sidestart|p2: yamato-tak|Reflect\n|move|p1a: Chien-Pao|Ruination|p2b: Volcarona\n|-damage|p2b: Volcarona|51/100\n|move|p2b: Volcarona|Quiver Dance|p2b: Volcarona\n|-boost|p2b: Volcarona|spa|1\n|-boost|p2b: Volcarona|spd|1\n|-boost|p2b: Volcarona|spe|1\n|\n|-heal|p2b: Volcarona|57/100|[from] item: Leftovers\n|upkeep\n|turn|2\n|inactive|taketomo111715 has 30 seconds left.\n|\n|t:|1770103237\n|move|p2b: Volcarona|Protect|p2b: Volcarona\n|-singleturn|p2b: Volcarona|Protect\n|move|p2a: Grimmsnarl|Light Screen|p2a: Grimmsnarl\n|-sidestart|p2: yamato-tak|move: Light Screen\n|move|p1a: Chien-Pao|Ruination|p2a: Grimmsnarl\n|-damage|p2a: Grimmsnarl|50/100\n|move|p1b: Zamazenta|Behemoth Bash|p2a: Grimmsnarl\n|-supereffective|p2a: Grimmsnarl\n|-damage|p2a: Grimmsnarl|0 fnt\n|faint|p2a: Grimmsnarl\n|\n|-heal|p2b: Volcarona|63/100|[from] item: Leftovers\n|upkeep\n|\n|t:|1770103246\n|switch|p2a: Calyrex|Calyrex-Shadow, L50|100/100\n|-ability|p2a: Calyrex|As One\n|-ability|p2a: Calyrex|Unnerve\n|turn|3\n|\n|t:|1770103261\n|move|p1b: Zamazenta|Wide Guard|p1b: Zamazenta\n|-singleturn|p1b: Zamazenta|Wide Guard\n|move|p2b: Volcarona|Fiery Dance|p1a: Chien-Pao\n|-supereffective|p1a: Chien-Pao\n|-damage|p1a: Chien-Pao|13/100\n|move|p2a: Calyrex|Will-O-Wisp|p1b: Zamazenta\n|-status|p1b: Zamazenta|brn\n|move|p1a: Chien-Pao|Icy Wind|p2a: Calyrex|[spread] p2a,p2b\n|-resisted|p2b: Volcarona\n|-damage|p2a: Calyrex|92/100\n|-damage|p2b: Volcarona|61/100\n|-unboost|p2a: Calyrex|spe|1\n|-unboost|p2b: Volcarona|spe|1\n|\n|-heal|p2b: Volcarona|67/100|[from] item: Leftovers\n|-damage|p1b: Zamazenta|94/100 brn|[from] brn\n|upkeep\n|turn|4\n|\n|t:|1770103283\n|move|p2a: Calyrex|Protect|p2a: Calyrex\n|-singleturn|p2a: Calyrex|Protect\n|move|p1a: Chien-Pao|Sucker Punch||[still]\n|-fail|p1a: Chien-Pao\n|move|p1b: Zamazenta|Body Press|p2b: Volcarona\n|-resisted|p2b: Volcarona\n|-damage|p2b: Volcarona|51/100\n|move|p2b: Volcarona|Fiery Dance|p1a: Chien-Pao\n|-supereffective|p1a: Chien-Pao\n|-damage|p1a: Chien-Pao|0 fnt\n|faint|p1a: Chien-Pao\n|\n|-heal|p2b: Volcarona|57/100|[from] item: Leftovers\n|-damage|p1b: Zamazenta|88/100 brn|[from] brn\n|upkeep\n|\n|t:|1770103289\n|switch|p1a: Calyrex|Calyrex-Shadow, L50|100/100\n|-ability|p1a: Calyrex|As One\n|-ability|p1a: Calyrex|Unnerve\n|turn|5\n|\n|t:|1770103300\n|switch|p2a: Terapagos|Terapagos, L50, M|100/100\n|-activate|p2a: Terapagos|ability: Tera Shift\n|detailschange|p2a: Terapagos|Terapagos-Terastal, L50, M\n|-heal|p2a: Terapagos|100/100|[silent]\n|-terastallize|p1a: Calyrex|Ghost\n|move|p1b: Zamazenta|Wide Guard|p1b: Zamazenta\n|-singleturn|p1b: Zamazenta|Wide Guard\n|move|p1a: Calyrex|Astral Barrage|p2b: Volcarona|[spread] p2b\n|-immune|p2a: Terapagos\n|-damage|p2b: Volcarona|25/100\n|move|p2b: Volcarona|Quiver Dance|p2b: Volcarona\n|-boost|p2b: Volcarona|spa|1\n|-boost|p2b: Volcarona|spd|1\n|-boost|p2b: Volcarona|spe|1\n|\n|-heal|p2b: Volcarona|31/100|[from] item: Leftovers\n|-damage|p1b: Zamazenta|82/100 brn|[from] brn\n|upkeep\n|turn|6\n|inactive|yamato-tak has 30 seconds left.\n|\n|t:|1770103326\n|move|p1a: Calyrex|Protect|p1a: Calyrex\n|-singleturn|p1a: Calyrex|Protect\n|move|p2b: Volcarona|Giga Drain|p1a: Calyrex\n|-activate|p1a: Calyrex|move: Protect\n|move|p1b: Zamazenta|Body Press|p2b: Volcarona\n|-resisted|p2b: Volcarona\n|-damage|p2b: Volcarona|20/100\n|move|p2a: Terapagos|Calm Mind|p2a: Terapagos\n|-boost|p2a: Terapagos|spa|1\n|-boost|p2a: Terapagos|spd|1\n|\n|-heal|p2b: Volcarona|26/100|[from] item: Leftovers\n|-damage|p1b: Zamazenta|76/100 brn|[from] brn\n|upkeep\n|turn|7\n|\n|t:|1770103344\n|move|p2b: Volcarona|Fiery Dance|p1b: Zamazenta\n|-supereffective|p1b: Zamazenta\n|-damage|p1b: Zamazenta|0 fnt\n|faint|p1b: Zamazenta\n|move|p1a: Calyrex|Encore|p2a: Terapagos\n|-start|p2a: Terapagos|Encore\n|move|p2a: Terapagos|Calm Mind|p2a: Terapagos\n|-boost|p2a: Terapagos|spa|1\n|-boost|p2a: Terapagos|spd|1\n|\n|-heal|p2b: Volcarona|33/100|[from] item: Leftovers\n|upkeep\n|\n|t:|1770103352\n|switch|p1b: Ting-Lu|Ting-Lu, L50|100/100\n|-ability|p1b: Ting-Lu|Vessel of Ruin\n|turn|8\n|\n|t:|1770103368\n|-terastallize|p2b: Volcarona|Grass\n|move|p1a: Calyrex|Protect|p1a: Calyrex\n|-singleturn|p1a: Calyrex|Protect\n|move|p2b: Volcarona|Giga Drain|p1b: Ting-Lu\n|-supereffective|p1b: Ting-Lu\n|-damage|p1b: Ting-Lu|23/100\n|-heal|p2b: Volcarona|88/100|[from] drain|[of] p1b: Ting-Lu\n|move|p2a: Terapagos|Calm Mind|p2a: Terapagos\n|-boost|p2a: Terapagos|spa|1\n|-boost|p2a: Terapagos|spd|1\n|move|p1b: Ting-Lu|Earthquake|p2b: Volcarona|[spread] p2a,p2b\n|-activate|p1a: Calyrex|move: Protect\n|-activate|p2a: Terapagos|ability: Tera Shell\n|-resisted|p2a: Terapagos\n|-resisted|p2b: Volcarona\n|-damage|p2a: Terapagos|93/100\n|-damage|p2b: Volcarona|76/100\n|\n|-heal|p2b: Volcarona|82/100|[from] item: Leftovers\n|-sideend|p2: yamato-tak|Reflect\n|upkeep\n|turn|9\n|inactive|taketomo111715 has 30 seconds left.\n|inactive|taketomo111715 has 20 seconds left.\n|inactive|taketomo111715 has 15 seconds left.\n|inactive|taketomo111715 has 10 seconds left.\n|inactive|taketomo111715 has 5 seconds left.\n|\n|t:|1770103419\n|move|p1b: Ting-Lu|Protect|p1b: Ting-Lu\n|-singleturn|p1b: Ting-Lu|Protect\n|move|p2b: Volcarona|Giga Drain|p1a: Calyrex\n|-damage|p1a: Calyrex|51/100\n|-heal|p2b: Volcarona|100/100|[from] drain|[of] p1a: Calyrex\n|move|p1a: Calyrex|Astral Barrage|p2a: Terapagos|[spread] p2b\n|-immune|p2a: Terapagos\n|-damage|p2b: Volcarona|82/100\n|move|p2a: Terapagos|Calm Mind|p2a: Terapagos\n|-boost|p2a: Terapagos|spa|1\n|-boost|p2a: Terapagos|spd|1\n|\n|-heal|p2b: Volcarona|88/100|[from] item: Leftovers\n|-end|p2a: Terapagos|Encore\n|-sideend|p2: yamato-tak|move: Light Screen\n|upkeep\n|turn|10\n|-message|taketomo111715 forfeited.\n|\n|win|yamato-tak\n|raw|taketomo111715's rating: 1355 &rarr; <strong>1344</strong><br />(-11 for losing)\n|raw|yamato-tak's rating: 1522 &rarr; <strong>1533</strong><br />(+11 for winning)\n|l|\u2606taketomo111715\n|player|p1|\n|l|\u2606yamato-tak\n|player|p2|\n","uploadtime":1770103573,"views":17,"formatid":"gen9vgc2026regi","rating":1344,"private":0,"password":null}