{"id":"gen9vgc2026regi-2579609022","format":"[Gen 9] VGC 2026 Reg I","players":["magicalarcher57","happidoodledoo"],"log":"|j|\u2606magicalarcher57\n|j|\u2606happidoodledoo\n|t:|1775805210\n|gametype|doubles\n|player|p1|magicalarcher57|bellelba|\n|player|p2|happidoodledoo|ghetsis|\n|gen|9\n|tier|[Gen 9] VGC 2026 Reg I\n|rated|Tournament battle\n|rule|Species Clause: Limit one of each Pok\u00e9mon\n|rule|Item Clause: Limit 1 of each item\n|raw|<div class=\"infobox\"><details class=\"readmore\" open><summary><strong>3 custom rules:</strong></summary> Open Team Sheets, Force Open Team Sheets, !Open Team Sheets</details></div>\n|clearpoke\n|poke|p1|Calyrex-Shadow, L50|\n|poke|p1|Koraidon, L50|\n|poke|p1|Walking Wake, L50|\n|poke|p1|Chi-Yu, L50|\n|poke|p1|Weezing-Galar, L50, F|\n|poke|p1|Brute Bonnet, L50|\n|poke|p2|Grimmsnarl, L50, M|\n|poke|p2|Ho-Oh, L50|\n|poke|p2|Sinistcha, L50|\n|poke|p2|Urshifu-*, L50, F|\n|poke|p2|Lunala, L50|\n|poke|p2|Rillaboom, L50, F|\n|teampreview|4\n|showteam|p1|Calyrex-Shadow||FocusSash|AsOneSpectrier|AstralBarrage,Psychic,Encore,Protect||||||50|,,,,,Ghost]Koraidon||AbilityShield|OrichalcumPulse|CollisionCourse,FlareBlitz,FlameCharge,Protect||||||50|,,,,,Fire]Walking Wake||AssaultVest|Protosynthesis|DracoMeteor,HydroSteam,AquaJet,Snarl||||||50|,,,,,Water]Chi-Yu||ChoiceScarf|BeadsofRuin|HeatWave,Flamethrower,Ruination,Snarl||||||50|,,,,,Ghost]Weezing-Galar||CovertCloak|NeutralizingGas|PlayRough,PoisonGas,Taunt,Protect|||F|||50|,,,,,Water]Brute Bonnet||RoomService|Protosynthesis|SeedBomb,RagePowder,Spore,SuckerPunch||||||50|,,,,,Fire\n|showteam|p2|Grimmsnarl||LightClay|Prankster|FoulPlay,LightScreen,Reflect,ThunderWave|||M|||50|,,,,,Ghost]Ho-Oh||ClearAmulet|Regenerator|Tailwind,SacredFire,BraveBird,Protect||||||50|,,,,,Grass]Sinistcha||EjectButton|Hospitality|RagePowder,MatchaGotcha,LifeDew,Protect||||||50|,,,,,Water]Urshifu-Rapid-Strike||ChoiceScarf|UnseenFist|SurgingStrikes,Uturn,CloseCombat,AquaJet|||F|||50|,,,,,Water]Lunala||CovertCloak|ShadowShield|CalmMind,MoongeistBeam,DazzlingGleam,Protect||||||50|,,,,,Fairy]Rillaboom||AssaultVest|GrassySurge|FakeOut,WoodHammer,Uturn,GrassyGlide|||F|||50|,,,,,Grass\n|j| CMOdin\n|j| elychee267\n|j| aurora ltd\n|\n|t:|1775805248\n|teamsize|p1|4\n|teamsize|p2|4\n|start\n|switch|p1a: Calyrex|Calyrex-Shadow, L50|100/100\n|switch|p1b: Chi-Yu|Chi-Yu, L50|100/100\n|switch|p2a: federico-oh|Ho-Oh, L50|100/100\n|switch|p2b: rudigerrimsnarl|Grimmsnarl, L50, M|100/100\n|-ability|p1a: Calyrex|As One\n|-ability|p1a: Calyrex|Unnerve\n|-ability|p1b: Chi-Yu|Beads of Ruin\n|turn|1\n|\n|t:|1775805271\n|-terastallize|p1a: Calyrex|Ghost\n|move|p2b: rudigerrimsnarl|Light Screen|p2b: rudigerrimsnarl\n|-sidestart|p2: happidoodledoo|move: Light Screen\n|move|p1b: Chi-Yu|Ruination|p2a: federico-oh\n|-damage|p2a: federico-oh|51/100\n|move|p1a: Calyrex|Astral Barrage|p2b: rudigerrimsnarl|[spread] p2a,p2b\n|-resisted|p2b: rudigerrimsnarl\n|-damage|p2a: federico-oh|10/100\n|-damage|p2b: rudigerrimsnarl|72/100\n|move|p2a: federico-oh|Tailwind|p2a: federico-oh\n|-sidestart|p2: happidoodledoo|move: Tailwind\n|\n|upkeep\n|turn|2\n|j| SharkVGC\n|\n|t:|1775805311\n|switch|p1b: Walking Wake|Walking Wake, L50|100/100\n|switch|p1a: Koraidon|Koraidon, L50|100/100\n|-weather|SunnyDay|[from] ability: Orichalcum Pulse|[of] p1a: Koraidon\n|-activate|p1b: Walking Wake|ability: Protosynthesis\n|-start|p1b: Walking Wake|protosynthesisspe\n|-activate|p1a: Koraidon|Orichalcum Pulse|[source]\n|move|p2a: federico-oh|Brave Bird|p1b: Walking Wake\n|-damage|p1b: Walking Wake|22/100\n|-damage|p2a: federico-oh|0 fnt|[from] Recoil\n|faint|p2a: federico-oh\n|move|p2b: rudigerrimsnarl|Foul Play|p1a: Koraidon\n|-resisted|p1a: Koraidon\n|-damage|p1a: Koraidon|81/100\n|\n|-weather|SunnyDay|[upkeep]\n|upkeep\n|l| SharkVGC\n|\n|t:|1775805323\n|switch|p2a: carvajalunala|Lunala, L50|100/100\n|turn|3\n|\n|t:|1775805338\n|move|p2b: rudigerrimsnarl|Thunder Wave|p1a: Koraidon\n|-status|p1a: Koraidon|par\n|move|p1b: Walking Wake|Snarl|p2b: rudigerrimsnarl|[spread] p2a,p2b\n|-supereffective|p2a: carvajalunala\n|-resisted|p2b: rudigerrimsnarl\n|-damage|p2a: carvajalunala|87/100\n|-damage|p2b: rudigerrimsnarl|70/100\n|-unboost|p2b: rudigerrimsnarl|spa|1\n|move|p2a: carvajalunala|Dazzling Gleam|p1a: Koraidon|[spread] p1a,p1b\n|-supereffective|p1a: Koraidon\n|-supereffective|p1b: Walking Wake\n|-damage|p1a: Koraidon|4/100 par\n|-damage|p1b: Walking Wake|0 fnt\n|faint|p1b: Walking Wake\n|-end|p1b: Walking Wake|Protosynthesis|[silent]\n|move|p1a: Koraidon|Flare Blitz|p2a: carvajalunala\n|-damage|p2a: carvajalunala|18/100\n|-damage|p1a: Koraidon|0 fnt|[from] Recoil\n|faint|p1a: Koraidon\n|\n|-weather|SunnyDay|[upkeep]\n|upkeep\n|\n|t:|1775805371\n|switch|p1b: Chi-Yu|Chi-Yu, L50|100/100\n|switch|p1a: Calyrex|Calyrex-Shadow, L50, tera:Ghost|100/100\n|-ability|p1a: Calyrex|As One\n|-ability|p1a: Calyrex|Unnerve\n|-ability|p1b: Chi-Yu|Beads of Ruin\n|turn|4\n|\n|t:|1775805407\n|move|p2a: carvajalunala|Protect|p2a: carvajalunala\n|-singleturn|p2a: carvajalunala|Protect\n|move|p1a: Calyrex|Protect|p1a: Calyrex\n|-singleturn|p1a: Calyrex|Protect\n|move|p2b: rudigerrimsnarl|Thunder Wave|p1a: Calyrex\n|-activate|p1a: Calyrex|move: Protect\n|move|p1b: Chi-Yu|Heat Wave|p2a: carvajalunala|[spread] p2b\n|-activate|p2a: carvajalunala|move: Protect\n|-damage|p2b: rudigerrimsnarl|25/100\n|\n|-weather|SunnyDay|[upkeep]\n|-sideend|p2: happidoodledoo|move: Tailwind\n|upkeep\n|turn|5\n|\n|t:|1775805428\n|move|p2b: rudigerrimsnarl|Thunder Wave|p1a: Calyrex\n|-status|p1a: Calyrex|par\n|move|p1b: Chi-Yu|Heat Wave|p2a: carvajalunala|[spread] p2b\n|-miss|p1b: Chi-Yu|p2a: carvajalunala\n|-damage|p2b: rudigerrimsnarl|0 fnt\n|faint|p2b: rudigerrimsnarl\n|move|p2a: carvajalunala|Moongeist Beam|p1a: Calyrex\n|-supereffective|p1a: Calyrex\n|-enditem|p1a: Calyrex|Focus Sash\n|-damage|p1a: Calyrex|1/100 par\n|move|p1a: Calyrex|Encore|p2a: carvajalunala\n|-start|p2a: carvajalunala|Encore\n|\n|-weather|SunnyDay|[upkeep]\n|upkeep\n|\n|t:|1775805442\n|switch|p2b: urshifran garcia|Urshifu-Rapid-Strike, L50, F|100/100\n|turn|6\n|c|\u2606happidoodledoo|sorry\n|c|\u2606magicalarcher57|a\n|c|\u2606magicalarcher57|i think i may still win\n|c|\u2606magicalarcher57|depends on para\n|\n|t:|1775805471\n|move|p1b: Chi-Yu|Heat Wave|p2a: carvajalunala|[spread] p2a,p2b\n|-resisted|p2b: urshifran garcia\n|-damage|p2a: carvajalunala|0 fnt\n|-damage|p2b: urshifran garcia|63/100\n|-status|p2b: urshifran garcia|brn\n|faint|p2a: carvajalunala\n|move|p2b: urshifran garcia|Surging Strikes|p1a: Calyrex\n|-crit|p1a: Calyrex\n|-damage|p1a: Calyrex|0 fnt\n|faint|p1a: Calyrex\n|-hitcount|p1: Calyrex|1\n|\n|-weather|none\n|-damage|p2b: urshifran garcia|57/100 brn|[from] brn\n|upkeep\n|turn|7\n|c|\u2606happidoodledoo|nah\n|\n|t:|1775805494\n|-terastallize|p2b: urshifran garcia|Water\n|move|p1b: Chi-Yu|Heat Wave|p2b: urshifran garcia\n|-resisted|p2b: urshifran garcia\n|-damage|p2b: urshifran garcia|26/100 brn\n|move|p2b: urshifran garcia|Surging Strikes|p1b: Chi-Yu\n|-supereffective|p1b: Chi-Yu\n|-crit|p1b: Chi-Yu\n|-damage|p1b: Chi-Yu|52/100\n|-supereffective|p1b: Chi-Yu\n|-crit|p1b: Chi-Yu\n|-damage|p1b: Chi-Yu|7/100\n|-supereffective|p1b: Chi-Yu\n|-crit|p1b: Chi-Yu\n|-damage|p1b: Chi-Yu|0 fnt\n|faint|p1b: Chi-Yu\n|-hitcount|p1: Chi-Yu|3\n|\n|win|happidoodledoo\n|n|\u2606magicalarcher57|magicalarcher57\n|n|\u2606happidoodledoo|happidoodledoo\n|n| CMOdin|cmodin\n|n| elychee267|elychee267\n|n| aurora ltd|auroraltd\n|c|\u2606magicalarcher57|gg\n|c|\u2606happidoodledoo|gg\n|l|\u2606magicalarcher57\n|player|p1|\n|l|\u2606happidoodledoo\n|player|p2|\n","uploadtime":1775805494,"views":16,"formatid":"gen9vgc2026regi","rating":null,"private":0,"password":null}