{"id":"gen9vgc2026regi-2575295086","format":"[Gen 9] VGC 2026 Reg I","players":["realcomrade379","testforthishereone"],"log":"|j|\u2606realcomrade379\n|j|\u2606testforthishereone\n|t:|1775337379\n|gametype|doubles\n|player|p1|realcomrade379|shadowtriad|\n|player|p2|testforthishereone|miku-flying|\n|gen|9\n|tier|[Gen 9] VGC 2026 Reg I\n|rated|Tournament battle\n|rule|Species Clause: Limit one of each Pok\u00e9mon\n|rule|Item Clause: Limit 1 of each item\n|raw|<div class=\"infobox\"><details class=\"readmore\" open><summary><strong>3 custom rules:</strong></summary> Open Team Sheets, Force Open Team Sheets, !Open Team Sheets</details></div>\n|clearpoke\n|poke|p1|Miraidon, L50|\n|poke|p1|Calyrex-Ice, L50|\n|poke|p1|Ogerpon-Wellspring, L50, F|\n|poke|p1|Incineroar, L50, F|\n|poke|p1|Landorus, L50, M|\n|poke|p1|Grimmsnarl, L50, M|\n|poke|p2|Lunala, L50|\n|poke|p2|Ursaluna, L50, M|\n|poke|p2|Urshifu-*, L50, F|\n|poke|p2|Miraidon, L50|\n|poke|p2|Grimmsnarl, L50, M|\n|poke|p2|Incineroar, L50, M|\n|teampreview|4\n|showteam|p1|Miraidon||AssaultVest|HadronEngine|ElectroDrift,DracoMeteor,VoltSwitch,Snarl||||||50|,,,,,Electric]Calyrex-Ice||Leftovers|AsOneGlastrier|Protect,TrickRoom,LeechSeed,GlacialLance||||||50|,,,,,Fairy]Ogerpon-Wellspring||WellspringMask|WaterAbsorb|SpikyShield,FollowMe,HornLeech,IvyCudgel|||F|||50|,,,,,Water]Incineroar||RockyHelmet|Intimidate|KnockOff,FlareBlitz,PartingShot,FakeOut|||F|||50|,,,,,Grass]Landorus||LifeOrb|SheerForce|Protect,Taunt,SludgeBomb,EarthPower|||M|||50|,,,,,Water]Grimmsnarl||LightClay|Prankster|SpiritBreak,LightScreen,Reflect,ThunderWave|||M|||50|,,,,,Ghost\n|showteam|p2|Lunala||ElectricSeed|ShadowShield|MoongeistBeam,Moonblast,TrickRoom,WideGuard||||||50|,,,,,Fairy]Ursaluna||FlameOrb|Guts|HeadlongRush,Facade,Earthquake,Protect|||M|||50|,,,,,Ghost]Urshifu-Rapid-Strike||ChoiceBand|UnseenFist|SurgingStrikes,Uturn,AquaJet,CloseCombat|||F|||50|,,,,,Ghost]Miraidon||AssaultVest|HadronEngine|ElectroDrift,VoltSwitch,DracoMeteor,Snarl||||||50|,,,,,Electric]Grimmsnarl||LightClay|Prankster|Reflect,SpiritBreak,LightScreen,ThunderWave|||M|||50|,,,,,Ghost]Incineroar||RockyHelmet|Intimidate|FakeOut,PartingShot,WillOWisp,KnockOff|||M|||50|,,,,,Bug\n|c|\u2606testforthishereone|glhf\n|j| Yrangers\n|j| wat2199\n|c|\u2606realcomrade379|u2\n|j| jeffthemalmar\n|inactive|Battle timer is ON: inactive players will automatically lose when time's up. (requested by realcomrade379)\n|\n|t:|1775337403\n|teamsize|p1|4\n|teamsize|p2|4\n|start\n|switch|p1a: Grimmsnarl|Grimmsnarl, L50, M|100/100\n|switch|p1b: Landorus|Landorus, L50, M|100/100\n|switch|p2a: Incineroar|Incineroar, L50, M|100/100\n|switch|p2b: Miraidon|Miraidon, L50, shiny|100/100\n|-fieldstart|move: Electric Terrain|[from] ability: Hadron Engine|[of] p2b: Miraidon\n|-ability|p2a: Incineroar|Intimidate|boost\n|-unboost|p1a: Grimmsnarl|atk|1\n|-unboost|p1b: Landorus|atk|1\n|turn|1\n|\n|t:|1775337413\n|switch|p2a: Urshifu|Urshifu-Rapid-Strike, L50, F|100/100\n|-terastallize|p2b: Miraidon|Electric\n|move|p1a: Grimmsnarl|Light Screen|p1a: Grimmsnarl\n|-sidestart|p1: realcomrade379|move: Light Screen\n|move|p2b: Miraidon|Volt Switch|p1a: Grimmsnarl\n|-damage|p1a: Grimmsnarl|42/100\n|\n|t:|1775337420\n|switch|p2b: Lunala|Lunala, L50|100/100|[from] Volt Switch\n|-enditem|p2b: Lunala|Electric Seed\n|-boost|p2b: Lunala|def|1|[from] item: Electric Seed\n|move|p1b: Landorus|Earth Power|p2a: Urshifu\n|-crit|p2a: Urshifu\n|-damage|p2a: Urshifu|0 fnt\n|faint|p2a: Urshifu\n|\n|upkeep\n|\n|t:|1775337426\n|switch|p2a: Miraidon|Miraidon, L50, shiny, tera:Electric|100/100\n|-activate|p2a: Miraidon|ability: Hadron Engine\n|turn|2\n|j| Dhuvanesh\n|l| Dhuvanesh\n|\n|t:|1775337441\n|move|p2a: Miraidon|Volt Switch|p1a: Grimmsnarl\n|-damage|p1a: Grimmsnarl|0 fnt\n|faint|p1a: Grimmsnarl\n|\n|t:|1775337444\n|switch|p2a: Incineroar|Incineroar, L50, M|100/100|[from] Volt Switch\n|-ability|p2a: Incineroar|Intimidate|boost\n|-unboost|p1b: Landorus|atk|1\n|move|p1b: Landorus|Earth Power|p2a: Incineroar\n|-supereffective|p2a: Incineroar\n|-damage|p2a: Incineroar|0 fnt\n|faint|p2a: Incineroar\n|move|p2b: Lunala|Moongeist Beam|p1b: Landorus\n|-damage|p1b: Landorus|62/100\n|\n|upkeep\n|j|+crystalninetales\n|l|+crystalninetales\n|\n|t:|1775337454\n|switch|p1a: Miraidon|Miraidon, L50|100/100\n|switch|p2a: Miraidon|Miraidon, L50, shiny, tera:Electric|100/100\n|-activate|p2a: Miraidon|ability: Hadron Engine\n|-activate|p1a: Miraidon|ability: Hadron Engine\n|turn|3\n|c|\u2606testforthishereone|this may be tricky\n|l| Yrangers\n|\n|t:|1775337475\n|-terastallize|p1a: Miraidon|Electric\n|move|p1b: Landorus|Protect|p1b: Landorus\n|-singleturn|p1b: Landorus|Protect\n|move|p1a: Miraidon|Snarl|p2a: Miraidon|[spread] p2a,p2b\n|-supereffective|p2b: Lunala\n|-damage|p2a: Miraidon|90/100\n|-damage|p2b: Lunala|70/100\n|-unboost|p2a: Miraidon|spa|1\n|-unboost|p2b: Lunala|spa|1\n|move|p2a: Miraidon|Draco Meteor|p1b: Landorus\n|-activate|p1b: Landorus|move: Protect\n|move|p2b: Lunala|Moonblast|p1a: Miraidon\n|-damage|p1a: Miraidon|92/100\n|-unboost|p1a: Miraidon|spa|1\n|\n|upkeep\n|turn|4\n|\n|t:|1775337494\n|move|p2b: Lunala|Wide Guard|p2b: Lunala\n|-singleturn|p2b: Lunala|Wide Guard\n|move|p1a: Miraidon|Electro Drift|p2b: Lunala\n|-damage|p2b: Lunala|11/100\n|move|p2a: Miraidon|Snarl|p1b: Landorus|[spread] p1a,p1b\n|-damage|p1a: Miraidon|88/100\n|-damage|p1b: Landorus|51/100\n|-unboost|p1a: Miraidon|spa|1\n|-unboost|p1b: Landorus|spa|1\n|move|p1b: Landorus|Earth Power|p2a: Miraidon\n|-supereffective|p2a: Miraidon\n|-damage|p2a: Miraidon|36/100\n|\n|upkeep\n|turn|5\n|\n|t:|1775337507\n|move|p1a: Miraidon|Electro Drift|p2b: Lunala\n|-damage|p2b: Lunala|0 fnt\n|faint|p2b: Lunala\n|move|p2a: Miraidon|Snarl|p1b: Landorus|[spread] p1a,p1b\n|-damage|p1a: Miraidon|83/100\n|-damage|p1b: Landorus|40/100\n|-unboost|p1a: Miraidon|spa|1\n|-unboost|p1b: Landorus|spa|1\n|move|p1b: Landorus|Earth Power|p2a: Miraidon\n|-supereffective|p2a: Miraidon\n|-damage|p2a: Miraidon|0 fnt\n|faint|p2a: Miraidon\n|\n|win|realcomrade379\n|n|\u2606realcomrade379|realcomrade379\n|n|\u2606testforthishereone|testforthishereone\n|n| wat2199|wat2199\n|n| jeffthemalmar|jeffthemalmar\n|c|\u2606testforthishereone|gg\n|c|\u2606realcomrade379|gg\n|l|\u2606testforthishereone\n|player|p2|\n","uploadtime":1775337507,"views":8,"formatid":"gen9vgc2026regi","rating":null,"private":0,"password":null}