{"id":"gen9vgc2026regi-2547046848","format":"[Gen 9] VGC 2026 Reg I","players":["ScribbleScribble","Anne_ChovyVGC"],"log":"|j|\u2606ScribbleScribble\n|j|\u2606Anne_ChovyVGC\n|t:|1772041752\n|gametype|doubles\n|player|p1|ScribbleScribble|mina-lgpe|1464\n|player|p2|Anne_ChovyVGC|skierf-gen4dp|1331\n|gen|9\n|tier|[Gen 9] VGC 2026 Reg I\n|rated|\n|rule|Species Clause: Limit one of each Pok\u00e9mon\n|rule|Item Clause: Limit 1 of each item\n|clearpoke\n|poke|p1|Calyrex-Ice, L50|\n|poke|p1|Kyogre, L50|\n|poke|p1|Tornadus, L50, M|\n|poke|p1|Indeedee-F, L50, F|\n|poke|p1|Urshifu-*, L50, F|\n|poke|p1|Landorus, L50, M|\n|poke|p2|Calyrex-Ice, L50|\n|poke|p2|Ninetales-Alola, L50, F|\n|poke|p2|Kyurem-White, L50|\n|poke|p2|Ogerpon-Cornerstone, L50, F|\n|poke|p2|Sinistcha, L50|\n|poke|p2|Tornadus, L50, M|\n|teampreview|4\n|inactive|Battle timer is ON: inactive players will automatically lose when time's up. (requested by ScribbleScribble)\n|inactive|Anne_ChovyVGC has 60 seconds left.\n|\n|t:|1772041786\n|teamsize|p1|4\n|teamsize|p2|4\n|start\n|switch|p1a: Calyrex|Calyrex-Ice, L50|100/100\n|switch|p1b: Tornadus|Tornadus, L50, M|100/100\n|switch|p2a: slayyy diva|Ninetales-Alola, L50, F|100/100\n|switch|p2b: Franklin|Kyurem-White, L50, shiny|100/100\n|-ability|p1a: Calyrex|As One\n|-ability|p1a: Calyrex|Unnerve\n|-weather|Snowscape|[from] ability: Snow Warning|[of] p2a: slayyy diva\n|-ability|p2b: Franklin|Turboblaze\n|turn|1\n|\n|t:|1772041803\n|switch|p2a: big bungus|Calyrex-Ice, L50|100/100\n|-ability|p2a: big bungus|As One\n|-ability|p2a: big bungus|Unnerve\n|move|p1b: Tornadus|Rain Dance|p1b: Tornadus\n|-weather|RainDance\n|move|p2b: Franklin|Freeze-Dry|p1b: Tornadus\n|-supereffective|p1b: Tornadus\n|-enditem|p1b: Tornadus|Focus Sash\n|-damage|p1b: Tornadus|1/100\n|move|p1a: Calyrex|Glacial Lance|p2b: Franklin|[spread] p2a,p2b\n|-resisted|p2a: big bungus\n|-damage|p2a: big bungus|86/100\n|-damage|p2b: Franklin|51/100\n|\n|-weather|RainDance|[upkeep]\n|upkeep\n|turn|2\n|\n|t:|1772041827\n|switch|p2b: slayyy diva|Ninetales-Alola, L50, F|100/100\n|-weather|Snowscape|[from] ability: Snow Warning|[of] p2b: slayyy diva\n|move|p1b: Tornadus|Tailwind|p1b: Tornadus\n|-sidestart|p1: ScribbleScribble|move: Tailwind\n|move|p1a: Calyrex|Imprison|p1a: Calyrex\n|-start|p1a: Calyrex|move: Imprison\n|cant|p2a: big bungus|move: Imprison|Glacial Lance\n|\n|-weather|Snowscape|[upkeep]\n|upkeep\n|turn|3\n|\n|t:|1772041846\n|move|p1b: Tornadus|Bleakwind Storm|p2b: slayyy diva|[spread] p2a,p2b\n|-damage|p2a: big bungus|59/100\n|-damage|p2b: slayyy diva|68/100\n|move|p1a: Calyrex|Glacial Lance|p2b: slayyy diva|[spread] p2a,p2b\n|-resisted|p2a: big bungus\n|-resisted|p2b: slayyy diva\n|-damage|p2a: big bungus|49/100\n|-damage|p2b: slayyy diva|50/100\n|move|p2b: slayyy diva|Blizzard|p1a: Calyrex|[spread] p1a,p1b\n|-resisted|p1a: Calyrex\n|-supereffective|p1b: Tornadus\n|-damage|p1a: Calyrex|92/100\n|-damage|p1b: Tornadus|0 fnt\n|faint|p1b: Tornadus\n|move|p2a: big bungus|High Horsepower|p1a: Calyrex\n|-damage|p1a: Calyrex|72/100\n|\n|-weather|Snowscape|[upkeep]\n|upkeep\n|\n|t:|1772041849\n|switch|p1b: Kyogre|Kyogre, L50|100/100\n|-weather|RainDance|[from] ability: Drizzle|[of] p1b: Kyogre\n|turn|4\n|\n|t:|1772041866\n|switch|p2b: Sinistcha|Sinistcha, L50|100/100\n|-heal|p2a: big bungus|74/100|[from] ability: Hospitality|[of] p2b: Sinistcha\n|move|p2a: big bungus|Protect|p2a: big bungus\n|-singleturn|p2a: big bungus|Protect\n|move|p1b: Kyogre|Water Spout|p2b: Sinistcha|[spread] p2b\n|-activate|p2a: big bungus|move: Protect\n|-resisted|p2b: Sinistcha\n|-damage|p2b: Sinistcha|44/100\n|move|p1a: Calyrex|Glacial Lance|p2b: Sinistcha|[spread] p2b\n|-activate|p2a: big bungus|move: Protect\n|-supereffective|p2b: Sinistcha\n|-damage|p2b: Sinistcha|0 fnt\n|faint|p2b: Sinistcha\n|-ability|p1a: Calyrex|Chilling Neigh|boost\n|-boost|p1a: Calyrex|atk|1\n|\n|-weather|RainDance|[upkeep]\n|upkeep\n|\n|t:|1772041888\n|switch|p2b: slayyy diva|Ninetales-Alola, L50, F|50/100\n|-weather|Snowscape|[from] ability: Snow Warning|[of] p2b: slayyy diva\n|turn|5\n|\n|t:|1772041906\n|move|p2b: slayyy diva|Protect|p2b: slayyy diva\n|-singleturn|p2b: slayyy diva|Protect\n|move|p2a: big bungus|Protect||[still]\n|-fail|p2a: big bungus\n|move|p1b: Kyogre|Water Spout|p2a: big bungus|[spread] p2a\n|-activate|p2b: slayyy diva|move: Protect\n|-damage|p2a: big bungus|17/100\n|move|p1a: Calyrex|Trick Room|p1a: Calyrex\n|-fieldstart|move: Trick Room|[of] p1a: Calyrex\n|\n|-weather|Snowscape|[upkeep]\n|-sideend|p1: ScribbleScribble|move: Tailwind\n|upkeep\n|turn|6\n|\n|t:|1772041926\n|move|p2a: big bungus|High Horsepower|p1a: Calyrex\n|-damage|p1a: Calyrex|53/100\n|move|p1a: Calyrex|Glacial Lance|p2b: slayyy diva|[spread] p2a,p2b\n|-resisted|p2a: big bungus\n|-resisted|p2b: slayyy diva\n|-damage|p2a: big bungus|0 fnt\n|-damage|p2b: slayyy diva|19/100\n|faint|p2a: big bungus\n|-ability|p1a: Calyrex|Chilling Neigh|boost\n|-boost|p1a: Calyrex|atk|1\n|move|p2b: slayyy diva|Aurora Veil|p2b: slayyy diva\n|-sidestart|p2: Anne_ChovyVGC|move: Aurora Veil\n|move|p1b: Kyogre|Water Spout|p2b: slayyy diva\n|-damage|p2b: slayyy diva|0 fnt\n|faint|p2b: slayyy diva\n|\n|-weather|Snowscape|[upkeep]\n|upkeep\n|\n|t:|1772041942\n|switch|p2b: Franklin|Kyurem-White, L50, shiny|51/100\n|-ability|p2b: Franklin|Turboblaze\n|turn|7\n|\n|t:|1772041954\n|move|p1a: Calyrex|Glacial Lance|p2b: Franklin\n|-damage|p2b: Franklin|0 fnt\n|faint|p2b: Franklin\n|\n|win|ScribbleScribble\n|raw|ScribbleScribble's rating: 1483 &rarr; <strong>1495</strong><br />(+12 for winning)\n|raw|Anne_ChovyVGC's rating: 1331 &rarr; <strong>1319</strong><br />(-12 for losing)\n|l|\u2606ScribbleScribble\n|player|p1|\n|l|\u2606Anne_ChovyVGC\n|player|p2|\n","uploadtime":1772042117,"views":14,"formatid":"gen9vgc2026regi","rating":1319,"private":0,"password":null}