{"id":"gen9vgc2026regi-2560737879","format":"[Gen 9] VGC 2026 Reg I","players":["GUCC1M4NECLONE","It'sJustKen VGC"],"log":"|j|\u2606GUCC1M4NECLONE\n|j|\u2606It'sJustKen VGC\n|t:|1773718657\n|gametype|doubles\n|player|p1|GUCC1M4NECLONE|sabrina-gen1rb|1223\n|player|p2|It'sJustKen VGC|1|1299\n|gen|9\n|tier|[Gen 9] VGC 2026 Reg I\n|rated|\n|rule|Species Clause: Limit one of each Pok\u00e9mon\n|rule|Item Clause: Limit 1 of each item\n|clearpoke\n|poke|p1|Whimsicott, L50, F|\n|poke|p1|Hatterene, L50, F|\n|poke|p1|Calyrex-Shadow, L50|\n|poke|p1|Urshifu-*, L50, M|\n|poke|p1|Indeedee-F, L50, F|\n|poke|p1|Necrozma-Dusk-Mane, L50|\n|poke|p2|Urshifu-*, L50, F|\n|poke|p2|Incineroar, L50, M|\n|poke|p2|Calyrex-Shadow, L50|\n|poke|p2|Amoonguss, L50, F|\n|poke|p2|Tornadus, L50, M|\n|poke|p2|Kyogre, L50|\n|teampreview|4\n|inactive|Battle timer is ON: inactive players will automatically lose when time's up. (requested by GUCC1M4NECLONE)\n|inactive|It'sJustKen VGC also wants the timer to be on.\n|inactive|GUCC1M4NECLONE has 60 seconds left.\n|\n|t:|1773718706\n|teamsize|p1|4\n|teamsize|p2|4\n|start\n|switch|p1a: Whimsicott|Whimsicott, L50, F|100/100\n|switch|p1b: Necrozma|Necrozma-Dusk-Mane, L50|100/100\n|switch|p2a: Tornadus|Tornadus, L50, M|100/100\n|switch|p2b: Kyogre|Kyogre, L50|100/100\n|-weather|RainDance|[from] ability: Drizzle|[of] p2b: Kyogre\n|turn|1\n|inactive|It'sJustKen VGC has 30 seconds left.\n|\n|t:|1773718737\n|-terastallize|p2b: Kyogre|Water\n|move|p1b: Necrozma|Protect|p1b: Necrozma\n|-singleturn|p1b: Necrozma|Protect\n|move|p2a: Tornadus|Tailwind|p2a: Tornadus\n|-sidestart|p2: It'sJustKen VGC|move: Tailwind\n|move|p2b: Kyogre|Water Spout|p1b: Necrozma|[spread] p1a\n|-activate|p1b: Necrozma|move: Protect\n|-resisted|p1a: Whimsicott\n|-enditem|p1a: Whimsicott|Focus Sash\n|-damage|p1a: Whimsicott|1/100\n|move|p1a: Whimsicott|Trick Room|p1a: Whimsicott\n|-fieldstart|move: Trick Room|[of] p1a: Whimsicott\n|\n|-weather|RainDance|[upkeep]\n|upkeep\n|turn|2\n|\n|t:|1773718749\n|switch|p2b: Incineroar|Incineroar, L50, M|100/100\n|-ability|p2b: Incineroar|Intimidate|boost\n|-unboost|p1a: Whimsicott|atk|1\n|-fail|p1b: Necrozma|unboost|[from] item: Clear Amulet|[of] p1b: Necrozma\n|move|p1a: Whimsicott|Helping Hand|p1b: Necrozma\n|-singleturn|p1b: Necrozma|Helping Hand|[of] p1a: Whimsicott\n|move|p1b: Necrozma|Knock Off|p2b: Incineroar\n|-resisted|p2b: Incineroar\n|-damage|p2b: Incineroar|68/100\n|-enditem|p2b: Incineroar|Assault Vest|[from] move: Knock Off|[of] p1b: Necrozma\n|move|p2a: Tornadus|Bleakwind Storm|p1a: Whimsicott|[spread] p1a,p1b\n|-supereffective|p1a: Whimsicott\n|-crit|p1a: Whimsicott\n|-resisted|p1b: Necrozma\n|-damage|p1a: Whimsicott|0 fnt\n|-damage|p1b: Necrozma|84/100\n|faint|p1a: Whimsicott\n|\n|-weather|RainDance|[upkeep]\n|upkeep\n|\n|t:|1773718761\n|switch|p1a: Urshifu|Urshifu, L50, M|100/100\n|turn|3\n|\n|t:|1773718767\n|switch|p1a: Hatterene|Hatterene, L50, F|100/100\n|move|p2b: Incineroar|Fake Out|p1a: Hatterene\n|-damage|p1a: Hatterene|84/100\n|move|p1b: Necrozma|Sunsteel Strike|p2a: Tornadus\n|-damage|p2a: Tornadus|1/100\n|move|p2a: Tornadus|Bleakwind Storm|p1b: Necrozma|[spread] p1a,p1b\n|-resisted|p1b: Necrozma\n|-damage|p1a: Hatterene|42/100\n|-damage|p1b: Necrozma|68/100\n|-unboost|p1a: Hatterene|spe|1\n|\n|-weather|RainDance|[upkeep]\n|upkeep\n|turn|4\n|\n|t:|1773718780\n|move|p2a: Tornadus|Taunt|p1b: Necrozma\n|-start|p1b: Necrozma|move: Taunt\n|move|p1a: Hatterene|Dazzling Gleam|p2b: Incineroar|[spread] p2a,p2b\n|-damage|p2a: Tornadus|0 fnt\n|-damage|p2b: Incineroar|21/100\n|faint|p2a: Tornadus\n|-damage|p1a: Hatterene|33/100|[from] item: Life Orb\n|move|p1b: Necrozma|Sunsteel Strike|p2b: Incineroar\n|-resisted|p2b: Incineroar\n|-damage|p2b: Incineroar|0 fnt\n|faint|p2b: Incineroar\n|\n|-weather|RainDance|[upkeep]\n|-sideend|p2: It'sJustKen VGC|move: Tailwind\n|upkeep\n|\n|t:|1773718785\n|switch|p2b: Urshifu|Urshifu-Rapid-Strike, L50, F|100/100\n|switch|p2a: Kyogre|Kyogre, L50, tera:Water|100/100\n|turn|5\n|\n|t:|1773718802\n|move|p2b: Urshifu|Aqua Jet|p1a: Hatterene\n|-damage|p1a: Hatterene|0 fnt\n|faint|p1a: Hatterene\n|move|p1b: Necrozma|Knock Off|p2b: Urshifu\n|-resisted|p2b: Urshifu\n|-damage|p2b: Urshifu|78/100\n|-enditem|p2b: Urshifu|Choice Scarf|[from] move: Knock Off|[of] p1b: Necrozma\n|move|p2a: Kyogre|Origin Pulse|p1b: Necrozma\n|-damage|p1b: Necrozma|0 fnt\n|faint|p1b: Necrozma\n|\n|-weather|none\n|-fieldend|move: Trick Room\n|upkeep\n|\n|t:|1773718805\n|switch|p1b: Urshifu|Urshifu, L50, M|100/100\n|turn|6\n|inactive|It'sJustKen VGC has 30 seconds left.\n|\n|t:|1773718833\n|move|p2a: Kyogre|Origin Pulse|p1b: Urshifu\n|-damage|p1b: Urshifu|0 fnt\n|faint|p1b: Urshifu\n|\n|win|It'sJustKen VGC\n|raw|GUCC1M4NECLONE's rating: 1223 &rarr; <strong>1203</strong><br />(-20 for losing)\n|raw|It&apos;sJustKen VGC's rating: 1299 &rarr; <strong>1319</strong><br />(+20 for winning)\n","uploadtime":1773718836,"views":10,"formatid":"gen9vgc2026regi","rating":1203,"private":0,"password":null}