{"id":"gen9vgc2026regi-2516530162","format":"[Gen 9] VGC 2026 Reg I","players":["Lord_Neph","dasabe\u76d6\u6b27\u5361\u4fa0"],"log":"|j|\u2606Lord_Neph\n|j|\u2606dasabe\u76d6\u6b27\u5361\u4fa0\n|t:|1768152532\n|gametype|doubles\n|player|p1|Lord_Neph|1|1284\n|player|p2|dasabe\u76d6\u6b27\u5361\u4fa0|may-masters4|1372\n|gen|9\n|tier|[Gen 9] VGC 2026 Reg I\n|rated|\n|rule|Species Clause: Limit one of each Pok\u00e9mon\n|rule|Item Clause: Limit 1 of each item\n|clearpoke\n|poke|p1|Kyogre, L50|\n|poke|p1|Tornadus, L50, M|\n|poke|p1|Raichu, L50, F|\n|poke|p1|Calyrex-Shadow, L50|\n|poke|p1|Urshifu-*, L50, F|\n|poke|p1|Clefairy, L50, F|\n|poke|p2|Kyogre, L50|\n|poke|p2|Miraidon, L50|\n|poke|p2|Whimsicott, L50, F|\n|poke|p2|Iron Hands, L50|\n|poke|p2|Farigiraf, L50, F|\n|poke|p2|Urshifu-*, L50, M|\n|teampreview|4\n|inactive|Battle timer is ON: inactive players will automatically lose when time's up. (requested by Lord_Neph)\n|\n|t:|1768152553\n|teamsize|p1|4\n|teamsize|p2|4\n|start\n|switch|p1a: Raichu|Raichu, L50, F|100/100\n|switch|p1b: Calyrex|Calyrex-Shadow, L50|100/100\n|switch|p2a: \u5996\u820d\u7cbe\u62c9|Whimsicott, L50, F, shiny|100/100\n|switch|p2b: \u6210\u90fd\u8001\u76d6|Kyogre, L50, shiny|100/100\n|-ability|p1b: Calyrex|As One\n|-ability|p1b: Calyrex|Unnerve\n|-weather|RainDance|[from] ability: Drizzle|[of] p2b: \u6210\u90fd\u8001\u76d6\n|turn|1\n|\n|t:|1768152566\n|move|p1a: Raichu|Fake Out|p2b: \u6210\u90fd\u8001\u76d6\n|-damage|p2b: \u6210\u90fd\u8001\u76d6|91/100\n|move|p2a: \u5996\u820d\u7cbe\u62c9|Encore|p1a: Raichu\n|-start|p1a: Raichu|Encore\n|move|p1b: Calyrex|Astral Barrage|p2b: \u6210\u90fd\u8001\u76d6|[spread] p2a,p2b\n|-enditem|p2a: \u5996\u820d\u7cbe\u62c9|Focus Sash\n|-damage|p2a: \u5996\u820d\u7cbe\u62c9|1/100\n|-damage|p2b: \u6210\u90fd\u8001\u76d6|32/100\n|-damage|p1b: Calyrex|91/100|[from] item: Life Orb\n|cant|p2b: \u6210\u90fd\u8001\u76d6|flinch\n|\n|-weather|RainDance|[upkeep]\n|upkeep\n|turn|2\n|\n|t:|1768152580\n|switch|p1a: Kyogre|Kyogre, L50|100/100\n|move|p2a: \u5996\u820d\u7cbe\u62c9|Tailwind|p2a: \u5996\u820d\u7cbe\u62c9\n|-sidestart|p2: dasabe\u76d6\u6b27\u5361\u4fa0|move: Tailwind\n|move|p2b: \u6210\u90fd\u8001\u76d6|Origin Pulse|p1b: Calyrex|[spread] p1b\n|-miss|p2b: \u6210\u90fd\u8001\u76d6|p1a: Kyogre\n|-damage|p1b: Calyrex|0 fnt\n|faint|p1b: Calyrex\n|\n|-weather|RainDance|[upkeep]\n|upkeep\n|\n|t:|1768152584\n|switch|p1b: Raichu|Raichu, L50, F|100/100\n|turn|3\n|inactive|Lord_Neph has 30 seconds left.\n|\n|t:|1768152618\n|move|p1b: Raichu|Fake Out|p2a: \u5996\u820d\u7cbe\u62c9\n|-damage|p2a: \u5996\u820d\u7cbe\u62c9|0 fnt\n|faint|p2a: \u5996\u820d\u7cbe\u62c9\n|move|p2b: \u6210\u90fd\u8001\u76d6|Origin Pulse|p1b: Raichu|[spread] p1a,p1b\n|-resisted|p1a: Kyogre\n|-damage|p1a: Kyogre|53/100\n|-enditem|p1b: Raichu|Focus Sash\n|-damage|p1b: Raichu|1/100\n|move|p1a: Kyogre|Water Spout|p2b: \u6210\u90fd\u8001\u76d6\n|-resisted|p2b: \u6210\u90fd\u8001\u76d6\n|-damage|p2b: \u6210\u90fd\u8001\u76d6|0 fnt\n|faint|p2b: \u6210\u90fd\u8001\u76d6\n|\n|-weather|RainDance|[upkeep]\n|upkeep\n|\n|t:|1768152623\n|switch|p2a: \u4e94\u5bfc\u718a\u6e7f|Urshifu, L50, M|100/100\n|switch|p2b: \u94f6\u91d1\u5996\u86c7|Miraidon, L50, shiny|100/100\n|-fieldstart|move: Electric Terrain|[from] ability: Hadron Engine|[of] p2b: \u94f6\u91d1\u5996\u86c7\n|turn|4\n|\n|t:|1768152642\n|-terastallize|p2b: \u94f6\u91d1\u5996\u86c7|Fairy\n|-terastallize|p1a: Kyogre|Grass\n|move|p2b: \u94f6\u91d1\u5996\u86c7|Dazzling Gleam|p1a: Kyogre|[spread] p1a,p1b\n|-damage|p1a: Kyogre|10/100\n|-damage|p1b: Raichu|0 fnt\n|faint|p1b: Raichu\n|-damage|p2b: \u94f6\u91d1\u5996\u86c7|91/100|[from] item: Life Orb\n|move|p2a: \u4e94\u5bfc\u718a\u6e7f|Wicked Blow|p1a: Kyogre\n|-crit|p1a: Kyogre\n|-damage|p1a: Kyogre|0 fnt\n|faint|p1a: Kyogre\n|\n|-weather|RainDance|[upkeep]\n|upkeep\n|\n|t:|1768152645\n|switch|p1b: Urshifu|Urshifu-Rapid-Strike, L50, F|100/100\n|turn|5\n|-message|Lord_Neph forfeited.\n|\n|win|dasabe\u76d6\u6b27\u5361\u4fa0\n|raw|Lord_Neph's rating: 1284 &rarr; <strong>1265</strong><br />(-19 for losing)\n|raw|dasabe\u76d6\u6b27\u5361\u4fa0's rating: 1372 &rarr; <strong>1387</strong><br />(+15 for winning)\n|l|\u2606Lord_Neph\n|player|p1|\n|l|\u2606dasabe\u76d6\u6b27\u5361\u4fa0\n|player|p2|\n","uploadtime":1768152904,"views":15,"formatid":"gen9vgc2026regi","rating":1265,"private":0,"password":null}