{"id":"gen9vgc2026regi-2560784752","format":"[Gen 9] VGC 2026 Reg I","players":["greenlightdmp","sheeshshane925"],"log":"|j|\u2606greenlightdmp\n|j|\u2606sheeshshane925\n|t:|1773725847\n|gametype|doubles\n|player|p1|greenlightdmp|1|1488\n|player|p2|sheeshshane925|chuck|1537\n|gen|9\n|tier|[Gen 9] VGC 2026 Reg I\n|rated|\n|rule|Species Clause: Limit one of each Pok\u00e9mon\n|rule|Item Clause: Limit 1 of each item\n|clearpoke\n|poke|p1|Chien-Pao, L50|\n|poke|p1|Zamazenta-*, L50|\n|poke|p1|Calyrex-Shadow, L50|\n|poke|p1|Ogerpon-Cornerstone, L50, F|\n|poke|p1|Raging Bolt, L50|\n|poke|p1|Pelipper, L50, M|\n|poke|p2|Calyrex-Ice, L50|\n|poke|p2|Miraidon, L50|\n|poke|p2|Farigiraf, L50, F|\n|poke|p2|Iron Hands, L50|\n|poke|p2|Scraggy, L50, F|\n|poke|p2|Iron Bundle, L50|\n|teampreview|4\n|inactive|Battle timer is ON: inactive players will automatically lose when time's up. (requested by sheeshshane925)\n|inactive|greenlightdmp has 60 seconds left.\n|\n|t:|1773725910\n|teamsize|p1|4\n|teamsize|p2|4\n|start\n|switch|p1a: Raging Bolt|Raging Bolt, L50|100/100\n|switch|p1b: Calyrex|Calyrex-Shadow, L50|100/100\n|switch|p2a: Miraidon|Miraidon, L50, shiny|100/100\n|switch|p2b: Farigiraf|Farigiraf, L50, F, shiny|100/100\n|-ability|p1b: Calyrex|As One\n|-ability|p1b: Calyrex|Unnerve\n|-fieldstart|move: Electric Terrain|[from] ability: Hadron Engine|[of] p2a: Miraidon\n|-enditem|p2b: Farigiraf|Electric Seed\n|-boost|p2b: Farigiraf|def|1|[from] item: Electric Seed\n|-enditem|p1a: Raging Bolt|Booster Energy\n|-activate|p1a: Raging Bolt|ability: Protosynthesis|[fromitem]\n|-start|p1a: Raging Bolt|protosynthesisspa\n|turn|1\n|inactive|sheeshshane925 has 30 seconds left.\n|\n|t:|1773725940\n|-terastallize|p2a: Miraidon|Fairy\n|-terastallize|p1a: Raging Bolt|Electric\n|move|p1b: Calyrex|Astral Barrage|p2b: Farigiraf|[spread] p2a\n|-immune|p2b: Farigiraf\n|-damage|p2a: Miraidon|58/100\n|move|p2a: Miraidon|Dazzling Gleam|p1a: Raging Bolt|[spread] p1a,p1b\n|-crit|p1b: Calyrex\n|-damage|p1a: Raging Bolt|45/100\n|-damage|p1b: Calyrex|14/100\n|-damage|p2a: Miraidon|48/100|[from] item: Life Orb\n|move|p1a: Raging Bolt|Thunderbolt|p2b: Farigiraf\n|-damage|p2b: Farigiraf|0 fnt\n|faint|p2b: Farigiraf\n|\n|upkeep\n|\n|t:|1773725961\n|switch|p2b: Iron Hands|Iron Hands, L50|100/100\n|-activate|p2b: Iron Hands|ability: Quark Drive\n|-start|p2b: Iron Hands|quarkdriveatk\n|turn|2\n|\n|t:|1773725971\n|move|p1b: Calyrex|Protect|p1b: Calyrex\n|-singleturn|p1b: Calyrex|Protect\n|move|p2a: Miraidon|Protect|p2a: Miraidon\n|-singleturn|p2a: Miraidon|Protect\n|move|p1a: Raging Bolt|Protect|p1a: Raging Bolt\n|-singleturn|p1a: Raging Bolt|Protect\n|move|p2b: Iron Hands|Wild Charge|p1b: Calyrex\n|-activate|p1b: Calyrex|move: Protect\n|\n|upkeep\n|turn|3\n|inactive|greenlightdmp has 30 seconds left.\n|\n|t:|1773725999\n|move|p2a: Miraidon|Protect|p2a: Miraidon\n|-singleturn|p2a: Miraidon|Protect\n|move|p1a: Raging Bolt|Thunderclap||[still]\n|-fail|p1a: Raging Bolt\n|move|p1b: Calyrex|Psychic|p2b: Iron Hands\n|-supereffective|p2b: Iron Hands\n|-damage|p2b: Iron Hands|43/100\n|move|p2b: Iron Hands|Wild Charge|p1b: Calyrex\n|-damage|p1b: Calyrex|0 fnt\n|faint|p1b: Calyrex\n|-damage|p2b: Iron Hands|40/100|[from] Recoil\n|\n|upkeep\n|\n|t:|1773726012\n|switch|p1b: Zamazenta|Zamazenta-Crowned, L50|100/100\n|-ability|p1b: Zamazenta|Dauntless Shield|boost\n|-boost|p1b: Zamazenta|def|1\n|turn|4\n|\n|t:|1773726022\n|-end|p2b: Iron Hands|Quark Drive|[silent]\n|switch|p2b: Calyrex|Calyrex-Ice, L50|100/100\n|-ability|p2b: Calyrex|As One\n|-ability|p2b: Calyrex|Unnerve\n|move|p1a: Raging Bolt|Thunderclap|p2a: Miraidon\n|-damage|p2a: Miraidon|0 fnt\n|faint|p2a: Miraidon\n|move|p1b: Zamazenta|Body Press|p2b: Calyrex\n|-damage|p2b: Calyrex|61/100\n|\n|upkeep\n|\n|t:|1773726024\n|switch|p2a: Iron Hands|Iron Hands, L50|40/100\n|-activate|p2a: Iron Hands|ability: Quark Drive\n|-start|p2a: Iron Hands|quarkdriveatk\n|turn|5\n|\n|t:|1773726049\n|move|p2a: Iron Hands|Fake Out|p1b: Zamazenta\n|-resisted|p1b: Zamazenta\n|-damage|p1b: Zamazenta|96/100\n|cant|p1b: Zamazenta|flinch\n|move|p1a: Raging Bolt|Dragon Pulse|p2a: Iron Hands\n|-damage|p2a: Iron Hands|9/100\n|move|p2b: Calyrex|Trick Room|p2b: Calyrex\n|-fieldstart|move: Trick Room|[of] p2b: Calyrex\n|\n|-fieldend|move: Electric Terrain\n|-end|p2a: Iron Hands|Quark Drive\n|upkeep\n|turn|6\n|\n|t:|1773726071\n|move|p1a: Raging Bolt|Protect|p1a: Raging Bolt\n|-singleturn|p1a: Raging Bolt|Protect\n|move|p1b: Zamazenta|Protect|p1b: Zamazenta\n|-singleturn|p1b: Zamazenta|Protect\n|move|p2a: Iron Hands|Fake Out||[still]\n|-hint|Fake Out only works on your first turn out.\n|-fail|p2a: Iron Hands\n|move|p2b: Calyrex|High Horsepower|p1a: Raging Bolt\n|-activate|p1a: Raging Bolt|move: Protect\n|\n|upkeep\n|turn|7\n|\n|t:|1773726087\n|move|p1a: Raging Bolt|Thunderclap|p2a: Iron Hands\n|-resisted|p2a: Iron Hands\n|-damage|p2a: Iron Hands|0 fnt\n|faint|p2a: Iron Hands\n|-end|p2a: Iron Hands|Quark Drive|[silent]\n|move|p2b: Calyrex|High Horsepower|p1a: Raging Bolt\n|-supereffective|p1a: Raging Bolt\n|-damage|p1a: Raging Bolt|0 fnt\n|faint|p1a: Raging Bolt\n|-end|p1a: Raging Bolt|Protosynthesis|[silent]\n|-ability|p2b: Calyrex|Chilling Neigh|boost\n|-boost|p2b: Calyrex|atk|1\n|move|p1b: Zamazenta|Body Press|p2b: Calyrex\n|-damage|p2b: Calyrex|18/100\n|\n|upkeep\n|\n|t:|1773726100\n|switch|p1a: Ogerpon|Ogerpon-Cornerstone, L50, F|100/100\n|turn|8\n|-message|sheeshshane925 forfeited.\n|\n|win|greenlightdmp\n|raw|greenlightdmp's rating: 1488 &rarr; <strong>1511</strong><br />(+23 for winning)\n|raw|sheeshshane925's rating: 1537 &rarr; <strong>1514</strong><br />(-23 for losing)\n|l|\u2606sheeshshane925\n|player|p2|\n|l|\u2606greenlightdmp\n|player|p1|\n","uploadtime":1773726105,"views":34,"formatid":"gen9vgc2026regi","rating":1511,"private":0,"password":null}