{"id":"gen9vgc2026regi-2541484973","format":"[Gen 9] VGC 2026 Reg I","players":["xianbutinghua","pzyxhic"],"log":"|j|\u2606xianbutinghua\n|j|\u2606pzyxhic\n|t:|1771340362\n|gametype|doubles\n|player|p1|xianbutinghua|winona|1394\n|player|p2|pzyxhic|265|1347\n|gen|9\n|tier|[Gen 9] VGC 2026 Reg I\n|rated|\n|rule|Species Clause: Limit one of each Pok\u00e9mon\n|rule|Item Clause: Limit 1 of each item\n|clearpoke\n|poke|p1|Kyogre, L50|\n|poke|p1|Calyrex-Ice, L50|\n|poke|p1|Whimsicott, L50, M|\n|poke|p1|Regieleki, L50|\n|poke|p1|Flamigo, L50, F|\n|poke|p1|Bruxish, L50, F|\n|poke|p2|Miraidon, L50|\n|poke|p2|Ho-Oh, L50|\n|poke|p2|Amoonguss, L50, F|\n|poke|p2|Urshifu-*, L50, M|\n|poke|p2|Incineroar, L50, M|\n|poke|p2|Ting-Lu, L50|\n|teampreview|4\n|inactive|Battle timer is ON: inactive players will automatically lose when time's up. (requested by xianbutinghua)\n|\n|t:|1771340392\n|teamsize|p1|4\n|teamsize|p2|4\n|start\n|switch|p1a: Whimsicott|Whimsicott, L50, M|100/100\n|switch|p1b: Calyrex|Calyrex-Ice, L50|100/100\n|switch|p2a: Miraidon|Miraidon, L50|100/100\n|switch|p2b: Urshifu|Urshifu-Rapid-Strike, L50, M|100/100\n|-ability|p1b: Calyrex|As One\n|-ability|p1b: Calyrex|Unnerve\n|-fieldstart|move: Electric Terrain|[from] ability: Hadron Engine|[of] p2a: Miraidon\n|turn|1\n|\n|t:|1771340416\n|-terastallize|p1b: Calyrex|Grass\n|move|p1a: Whimsicott|Tailwind|p1a: Whimsicott\n|-sidestart|p1: xianbutinghua|move: Tailwind\n|move|p2a: Miraidon|Electro Drift|p1b: Calyrex\n|-resisted|p1b: Calyrex\n|-damage|p1b: Calyrex|74/100\n|-damage|p2a: Miraidon|91/100|[from] item: Life Orb\n|move|p2b: Urshifu|Surging Strikes|p1b: Calyrex\n|-resisted|p1b: Calyrex\n|-crit|p1b: Calyrex\n|-damage|p1b: Calyrex|67/100\n|-resisted|p1b: Calyrex\n|-crit|p1b: Calyrex\n|-damage|p1b: Calyrex|60/100\n|-resisted|p1b: Calyrex\n|-crit|p1b: Calyrex\n|-damage|p1b: Calyrex|53/100\n|-hitcount|p1b: Calyrex|3\n|move|p1b: Calyrex|Seed Bomb|p2b: Urshifu\n|-supereffective|p2b: Urshifu\n|-enditem|p2b: Urshifu|Focus Sash\n|-damage|p2b: Urshifu|1/100\n|\n|upkeep\n|turn|2\n|inactive|pzyxhic has 30 seconds left.\n|inactive|pzyxhic has 20 seconds left.\n|inactive|pzyxhic has 15 seconds left.\n|inactive|pzyxhic has 10 seconds left.\n|inactive|pzyxhic has 5 seconds left.\n|\n|t:|1771340470\n|-terastallize|p2b: Urshifu|Stellar\n|move|p1a: Whimsicott|Moonblast|p2b: Urshifu\n|-supereffective|p2b: Urshifu\n|-damage|p2b: Urshifu|0 fnt\n|faint|p2b: Urshifu\n|move|p2a: Miraidon|Volt Switch|p1b: Calyrex\n|-resisted|p1b: Calyrex\n|-damage|p1b: Calyrex|34/100\n|-damage|p2a: Miraidon|81/100|[from] item: Life Orb\n|\n|t:|1771340481\n|switch|p2a: Ho-Oh|Ho-Oh, L50|100/100|[from] Volt Switch\n|move|p1b: Calyrex|Glacial Lance|p2a: Ho-Oh\n|-damage|p2a: Ho-Oh|44/100\n|\n|-heal|p2a: Ho-Oh|50/100|[from] item: Leftovers\n|upkeep\n|\n|t:|1771340493\n|switch|p2b: Miraidon|Miraidon, L50|81/100\n|-activate|p2b: Miraidon|ability: Hadron Engine\n|turn|3\n|\n|t:|1771340504\n|move|p1a: Whimsicott|Taunt|p2a: Ho-Oh\n|-start|p2a: Ho-Oh|move: Taunt\n|move|p2b: Miraidon|Draco Meteor|p1b: Calyrex\n|-damage|p1b: Calyrex|0 fnt\n|-unboost|p2b: Miraidon|spa|2\n|faint|p1b: Calyrex\n|-damage|p2b: Miraidon|72/100|[from] item: Life Orb\n|cant|p2a: Ho-Oh|move: Taunt|Tailwind\n|\n|-heal|p2a: Ho-Oh|56/100|[from] item: Leftovers\n|upkeep\n|\n|t:|1771340512\n|switch|p1b: Kyogre|Kyogre, L50|100/100\n|-weather|RainDance|[from] ability: Drizzle|[of] p1b: Kyogre\n|turn|4\n|\n|t:|1771340534\n|switch|p2a: Amoonguss|Amoonguss, L50, F|100/100\n|move|p1a: Whimsicott|Moonblast|p2b: Miraidon\n|-supereffective|p2b: Miraidon\n|-damage|p2b: Miraidon|20/100\n|-unboost|p2b: Miraidon|spa|1\n|move|p1b: Kyogre|Water Spout|p2a: Amoonguss|[spread] p2a,p2b\n|-resisted|p2a: Amoonguss\n|-resisted|p2b: Miraidon\n|-damage|p2a: Amoonguss|41/100\n|-damage|p2b: Miraidon|0 fnt\n|faint|p2b: Miraidon\n|\n|-weather|RainDance|[upkeep]\n|-sideend|p1: xianbutinghua|move: Tailwind\n|upkeep\n|\n|t:|1771340548\n|switch|p2b: Ho-Oh|Ho-Oh, L50|90/100\n|turn|5\n|-message|pzyxhic forfeited.\n|\n|win|xianbutinghua\n|raw|xianbutinghua's rating: 1394 &rarr; <strong>1411</strong><br />(+17 for winning)\n|raw|pzyxhic's rating: 1347 &rarr; <strong>1330</strong><br />(-17 for losing)\n|l|\u2606pzyxhic\n|player|p2|\n|l|\u2606xianbutinghua\n|player|p1|\n","uploadtime":1771340772,"views":11,"formatid":"gen9vgc2026regi","rating":1330,"private":0,"password":null}