{"id":"gen9vgc2026regi-2576453400","format":"[Gen 9] VGC 2026 Reg I","players":["TheNamesBetty","dasabe\u76d6\u6b27\u5361\u4fa0"],"log":"|j|\u2606TheNamesBetty\n|j|\u2606dasabe\u76d6\u6b27\u5361\u4fa0\n|t:|1775476639\n|gametype|doubles\n|player|p1|TheNamesBetty|koga|1458\n|player|p2|dasabe\u76d6\u6b27\u5361\u4fa0|may-masters4|1602\n|gen|9\n|tier|[Gen 9] VGC 2026 Reg I\n|rated|\n|rule|Species Clause: Limit one of each Pok\u00e9mon\n|rule|Item Clause: Limit 1 of each item\n|clearpoke\n|poke|p1|Koraidon, L50|\n|poke|p1|Calyrex-Shadow, L50|\n|poke|p1|Tornadus, L50, M|\n|poke|p1|Chi-Yu, L50|\n|poke|p1|Clefairy, L50, M|\n|poke|p1|Dewgong, L50, F|\n|poke|p2|Calyrex-Ice, L50|\n|poke|p2|Miraidon, L50|\n|poke|p2|Volcarona, L50, F|\n|poke|p2|Grimmsnarl, L50, M|\n|poke|p2|Urshifu-*, L50, M|\n|poke|p2|Incineroar, L50, F|\n|teampreview|4\nTheNamesBetty has agreed to open team sheets.\ndasabe\u76d6\u6b27\u5361\u4fa0 has agreed to open team sheets.\n|showteam|p1|Koraidon||ClearAmulet|OrichalcumPulse|FlareBlitz,CollisionCourse,FlameCharge,Protect||||||50|,,,,,Fire]Calyrex-Shadow||LifeOrb|AsOneSpectrier|AstralBarrage,Psychic,NastyPlot,Protect||||||50|,,,,,Dark]Tornadus||SharpBeak|Prankster|BleakwindStorm,SunnyDay,Tailwind,Protect|||M|||50|,,,,,Dark]Chi-Yu||ChoiceScarf|BeadsofRuin|Overheat,HeatWave,DarkPulse,Snarl||||||50|,,,,,Fire]Clefairy||Eviolite|FriendGuard|FollowMe,HelpingHand,Encore,Protect|||M|||50|,,,,,Water]Dewgong||CovertCloak|ThickFat|FakeOut,PerishSong,Protect,IceShard|||F|||50|,,,,,Ground\n|showteam|p2|Calyrex-Ice||ClearAmulet|AsOneGlastrier|GlacialLance,Protect,TrickRoom,LeechSeed||||||50|,,,,,Fire]Miraidon||LifeOrb|HadronEngine|Protect,DracoMeteor,VoltSwitch,ElectroDrift||||||50|,,,,,Electric]Volcarona||ElectricSeed|FlameBody|FieryDance,GigaDrain,QuiverDance,Protect|||F|||50|,,,,,Grass]Grimmsnarl||LightClay|Prankster|Reflect,SpiritBreak,LightScreen,ThunderWave|||M|||50|,,,,,Ghost]Urshifu-Rapid-Strike||ChoiceBand|UnseenFist|AquaJet,SurgingStrikes,Uturn,CloseCombat|||M|||50|,,,,,Ghost]Incineroar||AssaultVest|Intimidate|KnockOff,FlareBlitz,Uturn,FakeOut|||F|||50|,,,,,Bug\n|\n|t:|1775476680\n|teamsize|p1|4\n|teamsize|p2|4\n|start\n|switch|p1a: Chi-Yu|Chi-Yu, L50, shiny|100/100\n|switch|p1b: Koloto\u010d|Clefairy, L50, M|100/100\n|switch|p2a: \u9e7f\u51a0\u738b|Calyrex-Ice, L50|100/100\n|switch|p2b: \u629b\u5f00\u864e\u54e5\u54ee\u7a74|Incineroar, L50, F|100/100\n|-ability|p2a: \u9e7f\u51a0\u738b|As One\n|-ability|p2a: \u9e7f\u51a0\u738b|Unnerve\n|-ability|p1a: Chi-Yu|Beads of Ruin\n|-ability|p2b: \u629b\u5f00\u864e\u54e5\u54ee\u7a74|Intimidate|boost\n|-unboost|p1a: Chi-Yu|atk|1\n|-unboost|p1b: Koloto\u010d|atk|1\n|turn|1\n|\n|t:|1775476698\n|-terastallize|p2a: \u9e7f\u51a0\u738b|Fire\n|move|p2b: \u629b\u5f00\u864e\u54e5\u54ee\u7a74|Fake Out|p1b: Koloto\u010d\n|-damage|p1b: Koloto\u010d|93/100\n|move|p1a: Chi-Yu|Overheat|p2a: \u9e7f\u51a0\u738b\n|-resisted|p2a: \u9e7f\u51a0\u738b\n|-damage|p2a: \u9e7f\u51a0\u738b|63/100\n|-unboost|p1a: Chi-Yu|spa|2\n|move|p2a: \u9e7f\u51a0\u738b|Glacial Lance|p1a: Chi-Yu|[spread] p1a,p1b\n|-resisted|p1a: Chi-Yu\n|-damage|p1a: Chi-Yu|65/100\n|-damage|p1b: Koloto\u010d|45/100\n|cant|p1b: Koloto\u010d|flinch\n|\n|upkeep\n|turn|2\n|\n|t:|1775476719\n|move|p1b: Koloto\u010d|Protect|p1b: Koloto\u010d\n|-singleturn|p1b: Koloto\u010d|Protect\n|move|p1a: Chi-Yu|Overheat|p2b: \u629b\u5f00\u864e\u54e5\u54ee\u7a74\n|-resisted|p2b: \u629b\u5f00\u864e\u54e5\u54ee\u7a74\n|-damage|p2b: \u629b\u5f00\u864e\u54e5\u54ee\u7a74|84/100\n|-unboost|p1a: Chi-Yu|spa|2\n|move|p2b: \u629b\u5f00\u864e\u54e5\u54ee\u7a74|U-turn|p1b: Koloto\u010d\n|-activate|p1b: Koloto\u010d|move: Protect\n|move|p2a: \u9e7f\u51a0\u738b|Leech Seed|p1a: Chi-Yu\n|-start|p1a: Chi-Yu|move: Leech Seed\n|\n|-damage|p1a: Chi-Yu|53/100|[from] Leech Seed|[of] p2a: \u9e7f\u51a0\u738b\n|-heal|p2a: \u9e7f\u51a0\u738b|71/100|[silent]\n|upkeep\n|turn|3\n|\n|t:|1775476738\n|switch|p1a: Kedluben|Calyrex-Shadow, L50|100/100\n|-ability|p1a: Kedluben|As One\n|-ability|p1a: Kedluben|Unnerve\n|move|p1b: Koloto\u010d|Protect|p1b: Koloto\u010d\n|-singleturn|p1b: Koloto\u010d|Protect\n|move|p2b: \u629b\u5f00\u864e\u54e5\u54ee\u7a74|U-turn|p1a: Kedluben\n|-damage|p1a: Kedluben|84/100\n|j| incontri\n|\n|t:|1775476749\n|switch|p2b: \u94f6\u91d1\u5996\u86c7|Miraidon, L50, shiny|100/100|[from] U-turn\n|-fieldstart|move: Electric Terrain|[from] ability: Hadron Engine|[of] p2b: \u94f6\u91d1\u5996\u86c7\n|move|p2a: \u9e7f\u51a0\u738b|Glacial Lance|p1b: Koloto\u010d|[spread] p1a\n|-activate|p1b: Koloto\u010d|move: Protect\n|-damage|p1a: Kedluben|30/100\n|\n|upkeep\n|turn|4\n|\n|t:|1775476755\n|move|p1b: Koloto\u010d|Helping Hand|p1a: Kedluben\n|-singleturn|p1a: Kedluben|Helping Hand|[of] p1b: Koloto\u010d\n|move|p1a: Kedluben|Astral Barrage|p2b: \u94f6\u91d1\u5996\u86c7|[spread] p2a,p2b\n|-damage|p2a: \u9e7f\u51a0\u738b|0 fnt\n|-damage|p2b: \u94f6\u91d1\u5996\u86c7|0 fnt\n|faint|p2a: \u9e7f\u51a0\u738b\n|faint|p2b: \u94f6\u91d1\u5996\u86c7\n|-ability|p1a: Kedluben|Grim Neigh|boost\n|-boost|p1a: Kedluben|spa|2\n|-damage|p1a: Kedluben|20/100|[from] item: Life Orb\n|\n|upkeep\n|\n|t:|1775476760\n|switch|p2b: \u629b\u5f00\u864e\u54e5\u54ee\u7a74|Incineroar, L50, F|84/100\n|switch|p2a: \u708e\u7ffc\u4e01\u771f|Volcarona, L50, F|100/100\n|-ability|p2b: \u629b\u5f00\u864e\u54e5\u54ee\u7a74|Intimidate|boost\n|-unboost|p1a: Kedluben|atk|1\n|-unboost|p1b: Koloto\u010d|atk|1\n|-enditem|p2a: \u708e\u7ffc\u4e01\u771f|Electric Seed\n|-boost|p2a: \u708e\u7ffc\u4e01\u771f|def|1|[from] item: Electric Seed\n|turn|5\n|\n|t:|1775476773\n|move|p1b: Koloto\u010d|Helping Hand|p1a: Kedluben\n|-singleturn|p1a: Kedluben|Helping Hand|[of] p1b: Koloto\u010d\n|move|p2a: \u708e\u7ffc\u4e01\u771f|Protect|p2a: \u708e\u7ffc\u4e01\u771f\n|-singleturn|p2a: \u708e\u7ffc\u4e01\u771f|Protect\n|move|p1a: Kedluben|Astral Barrage|p2a: \u708e\u7ffc\u4e01\u771f|[spread] p2b\n|-activate|p2a: \u708e\u7ffc\u4e01\u771f|move: Protect\n|-resisted|p2b: \u629b\u5f00\u864e\u54e5\u54ee\u7a74\n|-damage|p2b: \u629b\u5f00\u864e\u54e5\u54ee\u7a74|22/100\n|-damage|p1a: Kedluben|10/100|[from] item: Life Orb\n|move|p2b: \u629b\u5f00\u864e\u54e5\u54ee\u7a74|Knock Off|p1a: Kedluben\n|-supereffective|p1a: Kedluben\n|-damage|p1a: Kedluben|0 fnt\n|-enditem|p1a: Kedluben|Life Orb|[from] move: Knock Off|[of] p2b: \u629b\u5f00\u864e\u54e5\u54ee\u7a74\n|faint|p1a: Kedluben\n|\n|upkeep\n|\n|t:|1775476788\n|switch|p1a: Chi-Yu|Chi-Yu, L50, shiny|53/100\n|-ability|p1a: Chi-Yu|Beads of Ruin\n|turn|6\n|\n|t:|1775476796\n|move|p1b: Koloto\u010d|Helping Hand|p1a: Chi-Yu\n|-singleturn|p1a: Chi-Yu|Helping Hand|[of] p1b: Koloto\u010d\n|move|p1a: Chi-Yu|Heat Wave|p2a: \u708e\u7ffc\u4e01\u771f|[spread] p2a,p2b\n|-resisted|p2b: \u629b\u5f00\u864e\u54e5\u54ee\u7a74\n|-damage|p2a: \u708e\u7ffc\u4e01\u771f|23/100\n|-damage|p2b: \u629b\u5f00\u864e\u54e5\u54ee\u7a74|0 fnt\n|faint|p2b: \u629b\u5f00\u864e\u54e5\u54ee\u7a74\n|move|p2a: \u708e\u7ffc\u4e01\u771f|Quiver Dance|p2a: \u708e\u7ffc\u4e01\u771f\n|-boost|p2a: \u708e\u7ffc\u4e01\u771f|spa|1\n|-boost|p2a: \u708e\u7ffc\u4e01\u771f|spd|1\n|-boost|p2a: \u708e\u7ffc\u4e01\u771f|spe|1\n|\n|upkeep\n|turn|7\n|-message|dasabe\u76d6\u6b27\u5361\u4fa0 forfeited.\n|\n|win|TheNamesBetty\n|raw|TheNamesBetty's rating: 1458 &rarr; <strong>1486</strong><br />(+28 for winning)\n|raw|dasabe\u76d6\u6b27\u5361\u4fa0's rating: 1602 &rarr; <strong>1574</strong><br />(-28 for losing)\n|l|\u2606dasabe\u76d6\u6b27\u5361\u4fa0\n|player|p2|\n","uploadtime":1775476819,"views":15,"formatid":"gen9vgc2026regi","rating":1486,"private":0,"password":null}