{"id":"gen9vgc2026regi-2563065027","format":"[Gen 9] VGC 2026 Reg I","players":["jj11j1","something123"],"log":"|j|\u2606jj11j1\n|j|\u2606something123\n|t:|1773979832\n|gametype|doubles\n|player|p1|jj11j1|1|1402\n|player|p2|something123|169|1386\n|gen|9\n|tier|[Gen 9] VGC 2026 Reg I\n|rated|\n|rule|Species Clause: Limit one of each Pok\u00e9mon\n|rule|Item Clause: Limit 1 of each item\n|clearpoke\n|poke|p1|Kyogre, L50|\n|poke|p1|Calyrex-Ice, L50|\n|poke|p1|Landorus, L50, M|\n|poke|p1|Urshifu-*, L50, F|\n|poke|p1|Smeargle, L50, M|\n|poke|p1|Flutter Mane, L50|\n|poke|p2|Koraidon, L50|\n|poke|p2|Iron Treads, L50|\n|poke|p2|Incineroar, L50, M|\n|poke|p2|Raging Bolt, L50|\n|poke|p2|Flutter Mane, L50|\n|poke|p2|Ho-Oh, L50|\n|teampreview|4\n|inactive|Battle timer is ON: inactive players will automatically lose when time's up. (requested by jj11j1)\n|inactive|something123 has 60 seconds left.\n|\n|t:|1773979902\n|teamsize|p1|4\n|teamsize|p2|4\n|start\n|switch|p1a: Smeargle|Smeargle, L50, M|100/100\n|switch|p1b: Calyrex|Calyrex-Ice, L50|100/100\n|switch|p2a: Incineroar|Incineroar, L50, M|100/100\n|switch|p2b: Ho-Oh|Ho-Oh, L50|100/100\n|-ability|p1b: Calyrex|As One\n|-ability|p1b: Calyrex|Unnerve\n|-ability|p2a: Incineroar|Intimidate|boost\n|-unboost|p1a: Smeargle|atk|1\n|-fail|p1b: Calyrex|unboost|[from] item: Clear Amulet|[of] p1b: Calyrex\n|-enditem|p1a: Smeargle|Eject Pack\n|c|\u2606something123|lol\n|\n|t:|1773979920\n|switch|p1a: Landorus|Landorus, L50, M|100/100\n|turn|1\n|inactive|something123 has 30 seconds left.\n|inactive|something123 has 20 seconds left.\n|\n|t:|1773979956\n|switch|p1b: Smeargle|Smeargle, L50, M|100/100\n|-terastallize|p2a: Incineroar|Water\n|move|p1a: Landorus|Sludge Bomb|p2b: Ho-Oh\n|-damage|p2b: Ho-Oh|71/100\n|move|p2b: Ho-Oh|Brave Bird|p1a: Landorus\n|-damage|p1a: Landorus|29/100\n|-damage|p2b: Ho-Oh|53/100|[from] Recoil\n|move|p2a: Incineroar|Will-O-Wisp|p1b: Smeargle\n|-status|p1b: Smeargle|brn\n|\n|-damage|p1b: Smeargle|95/100 brn|[from] brn\n|-ability|p1b: Smeargle|Moody|boost\n|-boost|p1b: Smeargle|spd|2\n|-unboost|p1b: Smeargle|spa|1\n|upkeep\n|turn|2\n|inactive|jj11j1 has 30 seconds left.\n|inactive|something123 has 30 seconds left.\n|inactive|something123 has 20 seconds left.\n|\n|t:|1773979992\n|move|p1b: Smeargle|Fake Out|p2b: Ho-Oh\n|-damage|p2b: Ho-Oh|51/100\n|move|p1a: Landorus|Earth Power|p2a: Incineroar\n|-damage|p2a: Incineroar|33/100\n|cant|p2b: Ho-Oh|flinch\n|move|p2a: Incineroar|Knock Off|p1a: Landorus\n|-damage|p1a: Landorus|0 fnt\n|-enditem|p1a: Landorus|Life Orb|[from] move: Knock Off|[of] p2a: Incineroar\n|faint|p1a: Landorus\n|\n|-damage|p1b: Smeargle|89/100 brn|[from] brn\n|-ability|p1b: Smeargle|Moody|boost\n|-boost|p1b: Smeargle|spa|2\n|-unboost|p1b: Smeargle|def|1\n|upkeep\n|\n|t:|1773980012\n|switch|p1a: Calyrex|Calyrex-Ice, L50|100/100\n|-ability|p1a: Calyrex|As One\n|-ability|p1a: Calyrex|Unnerve\n|turn|3\n|inactive|jj11j1 has 30 seconds left.\n|\n|t:|1773980040\n|move|p1b: Smeargle|Follow Me|p1b: Smeargle\n|-singleturn|p1b: Smeargle|move: Follow Me\n|move|p2b: Ho-Oh|Brave Bird|p1b: Smeargle\n|-damage|p1b: Smeargle|0 fnt\n|faint|p1b: Smeargle\n|-damage|p2b: Ho-Oh|33/100|[from] Recoil\n|move|p2a: Incineroar|Will-O-Wisp|p1a: Calyrex\n|-status|p1a: Calyrex|brn\n|move|p1a: Calyrex|Trick Room|p1a: Calyrex\n|-fieldstart|move: Trick Room|[of] p1a: Calyrex\n|\n|-damage|p1a: Calyrex|95/100 brn|[from] brn\n|upkeep\n|\n|t:|1773980055\n|switch|p1b: Kyogre|Kyogre, L50|100/100\n|-weather|RainDance|[from] ability: Drizzle|[of] p1b: Kyogre\n|turn|4\n|\n|t:|1773980080\n|switch|p2b: Koraidon|Koraidon, L50|100/100\n|-weather|SunnyDay|[from] ability: Orichalcum Pulse|[of] p2b: Koraidon\n|-activate|p2b: Koraidon|Orichalcum Pulse|[source]\n|-terastallize|p1b: Kyogre|Water\n|move|p1b: Kyogre|Water Spout|p2b: Koraidon|[spread] p2a,p2b\n|-resisted|p2a: Incineroar\n|-resisted|p2b: Koraidon\n|-damage|p2a: Incineroar|9/100\n|-damage|p2b: Koraidon|78/100\n|move|p1a: Calyrex|Glacial Lance|p2b: Koraidon|[spread] p2a,p2b\n|-resisted|p2a: Incineroar\n|-supereffective|p2b: Koraidon\n|-damage|p2a: Incineroar|0 fnt\n|-damage|p2b: Koraidon|21/100\n|faint|p2a: Incineroar\n|-ability|p1a: Calyrex|Chilling Neigh|boost\n|-boost|p1a: Calyrex|atk|1\n|\n|-weather|SunnyDay|[upkeep]\n|-damage|p1a: Calyrex|89/100 brn|[from] brn\n|upkeep\n|\n|t:|1773980096\n|switch|p2a: Raging Bolt|Raging Bolt, L50|100/100\n|-activate|p2a: Raging Bolt|ability: Protosynthesis\n|-start|p2a: Raging Bolt|protosynthesisspa\n|turn|5\n|\n|t:|1773980107\n|move|p1b: Kyogre|Protect|p1b: Kyogre\n|-singleturn|p1b: Kyogre|Protect\n|move|p2b: Koraidon|Protect|p2b: Koraidon\n|-singleturn|p2b: Koraidon|Protect\n|move|p2a: Raging Bolt|Thunderclap||[still]\n|-fail|p2a: Raging Bolt\n|move|p1a: Calyrex|Glacial Lance|p2a: Raging Bolt|[spread] p2a\n|-activate|p2b: Koraidon|move: Protect\n|-supereffective|p2a: Raging Bolt\n|-damage|p2a: Raging Bolt|32/100\n|\n|-weather|SunnyDay|[upkeep]\n|-damage|p1a: Calyrex|83/100 brn|[from] brn\n|upkeep\n|turn|6\n|\n|t:|1773980123\n|switch|p2b: Ho-Oh|Ho-Oh, L50|66/100\n|move|p1b: Kyogre|Protect||[still]\n|-fail|p1b: Kyogre\n|move|p2a: Raging Bolt|Thunderclap||[still]\n|-fail|p2a: Raging Bolt\n|move|p1a: Calyrex|Glacial Lance|p2b: Ho-Oh|[spread] p2a,p2b\n|-supereffective|p2a: Raging Bolt\n|-damage|p2a: Raging Bolt|0 fnt\n|-damage|p2b: Ho-Oh|30/100\n|faint|p2a: Raging Bolt\n|-end|p2a: Raging Bolt|Protosynthesis|[silent]\n|-ability|p1a: Calyrex|Chilling Neigh|boost\n|-boost|p1a: Calyrex|atk|1\n|\n|-weather|SunnyDay|[upkeep]\n|-damage|p1a: Calyrex|77/100 brn|[from] brn\n|upkeep\n|\n|t:|1773980132\n|switch|p2a: Koraidon|Koraidon, L50|21/100\n|-activate|p2a: Koraidon|ability: Orichalcum Pulse\n|turn|7\n|\n|t:|1773980148\n|move|p2b: Ho-Oh|Protect|p2b: Ho-Oh\n|-singleturn|p2b: Ho-Oh|Protect\n|move|p2a: Koraidon|Protect|p2a: Koraidon\n|-singleturn|p2a: Koraidon|Protect\n|move|p1b: Kyogre|Water Spout|p2a: Koraidon|[spread] \n|-activate|p2a: Koraidon|move: Protect\n|-activate|p2b: Ho-Oh|move: Protect\n|move|p1a: Calyrex|Glacial Lance|p2b: Ho-Oh|[spread] \n|-activate|p2a: Koraidon|move: Protect\n|-activate|p2b: Ho-Oh|move: Protect\n|\n|-weather|SunnyDay|[upkeep]\n|-damage|p1a: Calyrex|72/100 brn|[from] brn\n|-fieldend|move: Trick Room\n|upkeep\n|turn|8\n|inactive|jj11j1 has 30 seconds left.\n|\n|t:|1773980173\n|move|p2a: Koraidon|Scale Shot|p1b: Kyogre\n|-damage|p1b: Kyogre|83/100\n|-damage|p1b: Kyogre|64/100\n|-damage|p1b: Kyogre|45/100\n|-damage|p1b: Kyogre|25/100\n|-hitcount|p1b: Kyogre|4\n|-unboost|p2a: Koraidon|def|1\n|-boost|p2a: Koraidon|spe|1\n|move|p2b: Ho-Oh|Sacred Fire|p1a: Calyrex\n|-supereffective|p1a: Calyrex\n|-damage|p1a: Calyrex|0 fnt\n|faint|p1a: Calyrex\n|move|p1b: Kyogre|Water Spout|p2a: Koraidon|[spread] p2a,p2b\n|-resisted|p2a: Koraidon\n|-supereffective|p2b: Ho-Oh\n|-damage|p2a: Koraidon|15/100\n|-damage|p2b: Ho-Oh|16/100\n|\n|-weather|none\n|upkeep\n|turn|9\n|j| GlacialCrown\n|\n|t:|1773980198\n|move|p1b: Kyogre|Protect|p1b: Kyogre\n|-singleturn|p1b: Kyogre|Protect\n|move|p2a: Koraidon|Collision Course|p1b: Kyogre\n|-activate|p1b: Kyogre|move: Protect\n|move|p2b: Ho-Oh|Brave Bird|p1b: Kyogre\n|-activate|p1b: Kyogre|move: Protect\n|\n|upkeep\n|turn|10\n|l| GlacialCrown\n|\n|t:|1773980209\n|move|p2a: Koraidon|Collision Course|p1b: Kyogre\n|-damage|p1b: Kyogre|0 fnt\n|faint|p1b: Kyogre\n|\n|win|something123\n|raw|jj11j1's rating: 1402 &rarr; <strong>1381</strong><br />(-21 for losing)\n|raw|something123's rating: 1386 &rarr; <strong>1407</strong><br />(+21 for winning)\n|l|\u2606something123\n|player|p2|\n|l|\u2606jj11j1\n|player|p1|\n","uploadtime":1773980469,"views":12,"formatid":"gen9vgc2026regi","rating":1381,"private":0,"password":null}