{"id":"gen9vgc2026regi-2581751763","format":"[Gen 9] VGC 2026 Reg I","players":["LeafStoned","N Jordan"],"log":"|j|\u2606LeafStoned\n|j|\u2606N Jordan\n|t:|1776025634\n|gametype|doubles\n|player|p1|LeafStoned|265|1458\n|player|p2|N Jordan|n|1571\n|gen|9\n|tier|[Gen 9] VGC 2026 Reg I\n|rated|\n|rule|Species Clause: Limit one of each Pok\u00e9mon\n|rule|Item Clause: Limit 1 of each item\n|clearpoke\n|poke|p1|Koraidon, L50|\n|poke|p1|Raging Bolt, L50|\n|poke|p1|Ho-Oh, L50|\n|poke|p1|Iron Treads, L50|\n|poke|p1|Incineroar, L50, M|\n|poke|p1|Flutter Mane, L50|\n|poke|p2|Zacian-*, L50|\n|poke|p2|Kyogre, L50|\n|poke|p2|Grimmsnarl, L50, M|\n|poke|p2|Ursaluna-Bloodmoon, L50, M|\n|poke|p2|Iron Hands, L50|\n|poke|p2|Rillaboom, L50, F|\n|teampreview|4\n|inactive|Battle timer is ON: inactive players will automatically lose when time's up. (requested by N Jordan)\n|inactive|LeafStoned has 60 seconds left.\n|\n|t:|1776025765\n|teamsize|p1|4\n|teamsize|p2|4\n|start\n|switch|p1a: Ho-Oh|Ho-Oh, L50|100/100\n|switch|p1b: Raging Bolt|Raging Bolt, L50|100/100\n|switch|p2a: Iron Hands|Iron Hands, L50|100/100\n|switch|p2b: Grimmsnarl|Grimmsnarl, L50, M|100/100\n|turn|1\n|inactive|LeafStoned has 30 seconds left.\n|\n|t:|1776025796\n|switch|p1a: Incineroar|Incineroar, L50, M|100/100\n|-ability|p1a: Incineroar|Intimidate|boost\n|-unboost|p2a: Iron Hands|atk|1\n|-unboost|p2b: Grimmsnarl|atk|1\n|move|p2b: Grimmsnarl|Reflect|p2b: Grimmsnarl\n|-sidestart|p2: N Jordan|Reflect\n|move|p1b: Raging Bolt|Draco Meteor|p2a: Iron Hands\n|-damage|p2a: Iron Hands|49/100\n|-unboost|p1b: Raging Bolt|spa|2\n|-enditem|p2a: Iron Hands|Sitrus Berry|[eat]\n|-heal|p2a: Iron Hands|74/100|[from] item: Sitrus Berry\n|move|p2a: Iron Hands|Swords Dance|p2a: Iron Hands\n|-boost|p2a: Iron Hands|atk|2\n|\n|upkeep\n|turn|2\n|inactive|LeafStoned has 30 seconds left.\n|inactive|LeafStoned has 20 seconds left.\n|inactive|LeafStoned has 15 seconds left.\n|inactive|LeafStoned has 10 seconds left.\n|\n|t:|1776025846\n|-end|p1b: Raging Bolt|Protosynthesis|[silent]\n|switch|p1b: Ho-Oh|Ho-Oh, L50|100/100\n|move|p2b: Grimmsnarl|Light Screen|p2b: Grimmsnarl\n|-sidestart|p2: N Jordan|move: Light Screen\n|move|p1a: Incineroar|Will-O-Wisp|p2a: Iron Hands\n|-status|p2a: Iron Hands|brn\n|move|p2a: Iron Hands|Swords Dance|p2a: Iron Hands\n|-boost|p2a: Iron Hands|atk|2\n|\n|-damage|p2a: Iron Hands|68/100 brn|[from] brn\n|upkeep\n|turn|3\n|inactive|LeafStoned has 30 seconds left.\n|\n|t:|1776025876\n|switch|p1b: Raging Bolt|Raging Bolt, L50|100/100\n|switch|p2b: Kyogre|Kyogre, L50|100/100\n|-weather|RainDance|[from] ability: Drizzle|[of] p2b: Kyogre\n|move|p1a: Incineroar|Parting Shot|p2a: Iron Hands\n|-unboost|p2a: Iron Hands|atk|1\n|-unboost|p2a: Iron Hands|spa|1\n|\n|t:|1776025886\n|switch|p1a: Ho-Oh|Ho-Oh, L50|100/100|[from] Parting Shot\n|move|p2a: Iron Hands|Swords Dance|p2a: Iron Hands\n|-boost|p2a: Iron Hands|atk|2\n|\n|-weather|RainDance|[upkeep]\n|-damage|p2a: Iron Hands|61/100 brn|[from] brn\n|upkeep\n|turn|4\n|inactive|LeafStoned has 30 seconds left.\n|\n|t:|1776025921\n|-terastallize|p2b: Kyogre|Grass\n|move|p1a: Ho-Oh|Protect|p1a: Ho-Oh\n|-singleturn|p1a: Ho-Oh|Protect\n|move|p1b: Raging Bolt|Electroweb|p2a: Iron Hands|[spread] p2a,p2b\n|-resisted|p2a: Iron Hands\n|-resisted|p2b: Kyogre\n|-damage|p2a: Iron Hands|56/100 brn\n|-damage|p2b: Kyogre|97/100\n|-unboost|p2a: Iron Hands|spe|1\n|-unboost|p2b: Kyogre|spe|1\n|move|p2b: Kyogre|Water Spout|p1b: Raging Bolt|[spread] p1b\n|-activate|p1a: Ho-Oh|move: Protect\n|-resisted|p1b: Raging Bolt\n|-damage|p1b: Raging Bolt|75/100\n|move|p2a: Iron Hands|Drain Punch|p1b: Raging Bolt\n|-crit|p1b: Raging Bolt\n|-damage|p1b: Raging Bolt|3/100\n|-heal|p2a: Iron Hands|87/100 brn|[from] drain|[of] p1b: Raging Bolt\n|\n|-weather|RainDance|[upkeep]\n|-damage|p2a: Iron Hands|81/100 brn|[from] brn\n|upkeep\n|turn|5\n|inactive|LeafStoned has 30 seconds left.\n|inactive|LeafStoned has 20 seconds left.\n|inactive|LeafStoned has 15 seconds left.\n|inactive|LeafStoned has 10 seconds left.\n|inactive|LeafStoned has 5 seconds left.\n|\n|t:|1776025971\n|-end|p1b: Raging Bolt|Protosynthesis|[silent]\n|switch|p1b: Koraidon|Koraidon, L50|100/100\n|-weather|SunnyDay|[from] ability: Orichalcum Pulse|[of] p1b: Koraidon\n|-activate|p1b: Koraidon|Orichalcum Pulse|[source]\n|move|p1a: Ho-Oh|Brave Bird|p2b: Kyogre\n|-supereffective|p2b: Kyogre\n|-damage|p2b: Kyogre|37/100\n|-damage|p1a: Ho-Oh|81/100|[from] Recoil\n|move|p2b: Kyogre|Water Spout|p1a: Ho-Oh|[spread] p1a,p1b\n|-supereffective|p1a: Ho-Oh\n|-resisted|p1b: Koraidon\n|-damage|p1a: Ho-Oh|70/100\n|-damage|p1b: Koraidon|95/100\n|move|p2a: Iron Hands|Thunder Punch|p1a: Ho-Oh\n|-supereffective|p1a: Ho-Oh\n|-damage|p1a: Ho-Oh|0 fnt\n|faint|p1a: Ho-Oh\n|\n|-weather|SunnyDay|[upkeep]\n|-damage|p2a: Iron Hands|75/100 brn|[from] brn\n|upkeep\n|j| Bubsnz\n|\n|t:|1776025992\n|switch|p1a: Raging Bolt|Raging Bolt, L50|3/100\n|-activate|p1a: Raging Bolt|ability: Protosynthesis\n|-start|p1a: Raging Bolt|protosynthesisspa\n|turn|6\n|inactive|LeafStoned has 30 seconds left.\n|inactive|LeafStoned has 20 seconds left.\n|\n|t:|1776026028\n|move|p1b: Koraidon|Scale Shot|p2a: Iron Hands\n|-damage|p2a: Iron Hands|66/100 brn\n|-damage|p2a: Iron Hands|58/100 brn\n|-crit|p2a: Iron Hands\n|-damage|p2a: Iron Hands|38/100 brn\n|-damage|p2a: Iron Hands|30/100 brn\n|-hitcount|p2a: Iron Hands|4\n|-unboost|p1b: Koraidon|def|1\n|-boost|p1b: Koraidon|spe|1\n|move|p1a: Raging Bolt|Draco Meteor|p2a: Iron Hands\n|-damage|p2a: Iron Hands|0 fnt\n|-unboost|p1a: Raging Bolt|spa|2\n|faint|p2a: Iron Hands\n|-end|p2a: Iron Hands|Quark Drive|[silent]\n|move|p2b: Kyogre|Ice Beam|p1a: Raging Bolt\n|-supereffective|p1a: Raging Bolt\n|-damage|p1a: Raging Bolt|0 fnt\n|faint|p1a: Raging Bolt\n|-end|p1a: Raging Bolt|Protosynthesis|[silent]\n|\n|-weather|SunnyDay|[upkeep]\n|upkeep\n|inactive|N Jordan has 30 seconds left.\n|inactive|N Jordan has 20 seconds left.\n|inactive|N Jordan has 15 seconds left.\n|inactive|N Jordan has 10 seconds left.\n|inactive|N Jordan has 5 seconds left.\n|\n|t:|1776026080\n|switch|p1a: Incineroar|Incineroar, L50, M|100/100\n|switch|p2a: Grimmsnarl|Grimmsnarl, L50, M|100/100\n|-ability|p1a: Incineroar|Intimidate|boost\n|-unboost|p2a: Grimmsnarl|atk|1\n|-unboost|p2b: Kyogre|atk|1\n|turn|7\n|inactive|LeafStoned has 30 seconds left.\n|\n|t:|1776026110\n|switch|p2b: Zacian|Zacian-Crowned, L50|100/100\n|-ability|p2b: Zacian|Intrepid Sword|boost\n|-boost|p2b: Zacian|atk|1\n|-terastallize|p1b: Koraidon|Fire\n|move|p1a: Incineroar|Fake Out|p2a: Grimmsnarl\n|-damage|p2a: Grimmsnarl|92/100\n|move|p1b: Koraidon|Flare Blitz|p2a: Grimmsnarl\n|-damage|p2a: Grimmsnarl|0 fnt\n|faint|p2a: Grimmsnarl\n|-damage|p1b: Koraidon|61/100|[from] Recoil\n|\n|-weather|SunnyDay|[upkeep]\n|upkeep\n|\n|t:|1776026119\n|switch|p2a: Kyogre|Kyogre, L50, tera:Grass|37/100\n|-weather|RainDance|[from] ability: Drizzle|[of] p2a: Kyogre\n|turn|8\n|inactive|LeafStoned has 30 seconds left.\n|\n|t:|1776026147\n|move|p1b: Koraidon|Flare Blitz|p2a: Kyogre\n|-supereffective|p2a: Kyogre\n|-damage|p2a: Kyogre|0 fnt\n|faint|p2a: Kyogre\n|-damage|p1b: Koraidon|47/100|[from] Recoil\n|move|p2b: Zacian|Sacred Sword|p1b: Koraidon\n|-damage|p1b: Koraidon|0 fnt\n|faint|p1b: Koraidon\n|move|p1a: Incineroar|Will-O-Wisp|p2b: Zacian\n|-status|p2b: Zacian|brn\n|\n|-weather|RainDance|[upkeep]\n|-damage|p2b: Zacian|94/100 brn|[from] brn\n|-sideend|p2: N Jordan|Reflect\n|upkeep\n|turn|9\n|\n|t:|1776026169\n|move|p2b: Zacian|Sacred Sword|p1a: Incineroar\n|-supereffective|p1a: Incineroar\n|-damage|p1a: Incineroar|60/100\n|-damage|p2b: Zacian|78/100 brn|[from] item: Rocky Helmet|[of] p1a: Incineroar\n|move|p1a: Incineroar|Parting Shot|p2b: Zacian\n|-unboost|p2b: Zacian|atk|1\n|-unboost|p2b: Zacian|spa|1\n|\n|-weather|RainDance|[upkeep]\n|-damage|p2b: Zacian|72/100 brn|[from] brn\n|-sideend|p2: N Jordan|move: Light Screen\n|upkeep\n|turn|10\n|\n|t:|1776026185\n|move|p2b: Zacian|Sacred Sword|p1a: Incineroar\n|-supereffective|p1a: Incineroar\n|-damage|p1a: Incineroar|31/100\n|-damage|p2b: Zacian|55/100 brn|[from] item: Rocky Helmet|[of] p1a: Incineroar\n|move|p1a: Incineroar|Parting Shot|p2b: Zacian\n|-unboost|p2b: Zacian|atk|1\n|-unboost|p2b: Zacian|spa|1\n|\n|-weather|RainDance|[upkeep]\n|-damage|p2b: Zacian|49/100 brn|[from] brn\n|upkeep\n|turn|11\n|inactive|LeafStoned has 30 seconds left.\n|\n|t:|1776026216\n|move|p2b: Zacian|Sacred Sword|p1a: Incineroar\n|-supereffective|p1a: Incineroar\n|-damage|p1a: Incineroar|11/100\n|-damage|p2b: Zacian|33/100 brn|[from] item: Rocky Helmet|[of] p1a: Incineroar\n|move|p1a: Incineroar|Knock Off|p2b: Zacian\n|-resisted|p2b: Zacian\n|-damage|p2b: Zacian|23/100 brn\n|\n|-weather|RainDance|[upkeep]\n|-damage|p2b: Zacian|17/100 brn|[from] brn\n|upkeep\n|turn|12\n|inactive|LeafStoned has 30 seconds left.\n|inactive|LeafStoned has 20 seconds left.\n|\n|t:|1776026246\n|move|p2b: Zacian|Sacred Sword|p1a: Incineroar\n|-supereffective|p1a: Incineroar\n|-damage|p1a: Incineroar|0 fnt\n|-damage|p2b: Zacian|0 fnt|[from] item: Rocky Helmet|[of] p1a: Incineroar\n|faint|p1a: Incineroar\n|faint|p2b: Zacian\n|\n|win|N Jordan\n|raw|LeafStoned's rating: 1458 &rarr; <strong>1444</strong><br />(-14 for losing)\n|raw|N Jordan's rating: 1571 &rarr; <strong>1585</strong><br />(+14 for winning)\n|l|\u2606N Jordan\n|player|p2|\n|l|\u2606LeafStoned\n|player|p1|\n","uploadtime":1776026403,"views":12,"formatid":"gen9vgc2026regi","rating":1444,"private":0,"password":null}