{"id":"gen9vgc2026regi-2579682421","format":"[Gen 9] VGC 2026 Reg I","players":["BOMAtheFireEnjoyer","nocalculation"],"log":"|j|\u2606BOMAtheFireEnjoyer\n|j|\u2606nocalculation\n|t:|1775815954\n|gametype|doubles\n|player|p1|BOMAtheFireEnjoyer|266|1390\n|player|p2|nocalculation|1|1453\n|gen|9\n|tier|[Gen 9] VGC 2026 Reg I\n|rated|\n|rule|Species Clause: Limit one of each Pok\u00e9mon\n|rule|Item Clause: Limit 1 of each item\n|clearpoke\n|poke|p1|Reshiram, L50|\n|poke|p1|Groudon, L50|\n|poke|p1|Walking Wake, L50|\n|poke|p1|Rillaboom, L50, F|\n|poke|p1|Farigiraf, L50, F|\n|poke|p1|Whimsicott, L50, F|\n|poke|p2|Calyrex-Ice, L50|\n|poke|p2|Miraidon, L50|\n|poke|p2|Grimmsnarl, L50, M|\n|poke|p2|Urshifu-*, L50, M|\n|poke|p2|Incineroar, L50, M|\n|poke|p2|Landorus, L50, M|\n|teampreview|4\n|inactive|Battle timer is ON: inactive players will automatically lose when time's up. (requested by nocalculation)\n|inactive|nocalculation has 60 seconds left.\n|inactive|nocalculation has 30 seconds left.\n|\n|t:|1775816019\n|teamsize|p1|4\n|teamsize|p2|4\n|start\n|switch|p1a: Reshiram|Reshiram, L50|100/100\n|switch|p1b: Groudon|Groudon, L50|100/100\n|switch|p2a: Calyrex|Calyrex-Ice, L50|100/100\n|switch|p2b: Incineroar|Incineroar, L50, M|100/100\n|-ability|p2a: Calyrex|As One\n|-ability|p2a: Calyrex|Unnerve\n|-ability|p1a: Reshiram|Turboblaze\n|-ability|p2b: Incineroar|Intimidate|boost\n|-unboost|p1a: Reshiram|atk|1\n|-fail|p1b: Groudon|unboost|[from] item: Clear Amulet|[of] p1b: Groudon\n|-weather|SunnyDay|[from] ability: Drought|[of] p1b: Groudon\n|turn|1\n|\n|t:|1775816034\n|-terastallize|p1a: Reshiram|Fire\n|-terastallize|p2a: Calyrex|Water\n|move|p1b: Groudon|Helping Hand|p1a: Reshiram\n|-singleturn|p1a: Reshiram|Helping Hand|[of] p1b: Groudon\n|move|p2b: Incineroar|Fake Out|p1b: Groudon\n|-damage|p1b: Groudon|94/100\n|move|p1a: Reshiram|Blue Flare|p2a: Calyrex\n|-resisted|p2a: Calyrex\n|-damage|p2a: Calyrex|0 fnt\n|faint|p2a: Calyrex\n|\n|-weather|SunnyDay|[upkeep]\n|upkeep\n|\n|t:|1775816056\n|switch|p2a: Landorus|Landorus, L50, M|100/100\n|turn|2\n|\n|t:|1775816069\n|switch|p1a: Rillaboom|Rillaboom, L50, F|100/100\n|-fieldstart|move: Grassy Terrain|[from] ability: Grassy Surge|[of] p1a: Rillaboom\n|move|p2a: Landorus|Protect|p2a: Landorus\n|-singleturn|p2a: Landorus|Protect\n|move|p2b: Incineroar|U-turn|p1a: Rillaboom\n|-supereffective|p1a: Rillaboom\n|-damage|p1a: Rillaboom|65/100\n|\n|t:|1775816072\n|switch|p2b: Miraidon|Miraidon, L50|100/100|[from] U-turn\n|-fieldstart|move: Electric Terrain|[from] ability: Hadron Engine|[of] p2b: Miraidon\n|move|p1b: Groudon|Precipice Blades|p2a: Landorus|[spread] p2b\n|-activate|p2a: Landorus|move: Protect\n|-supereffective|p2b: Miraidon\n|-damage|p2b: Miraidon|6/100\n|\n|-weather|SunnyDay|[upkeep]\n|upkeep\n|turn|3\n|inactive|BOMAtheFireEnjoyer has 30 seconds left.\n|inactive|BOMAtheFireEnjoyer has 20 seconds left.\n|\n|t:|1775816110\n|switch|p2b: Incineroar|Incineroar, L50, M|100/100\n|-ability|p2b: Incineroar|Intimidate|boost\n|-unboost|p1a: Rillaboom|atk|1\n|-fail|p1b: Groudon|unboost|[from] item: Clear Amulet|[of] p1b: Groudon\n|switch|p1a: Reshiram|Reshiram, L50, tera:Fire|100/100\n|-ability|p1a: Reshiram|Turboblaze\n|move|p2a: Landorus|Sludge Bomb|p1a: Reshiram\n|-damage|p1a: Reshiram|59/100\n|move|p1b: Groudon|Precipice Blades|p2b: Incineroar|[spread] p2b\n|-immune|p2a: Landorus\n|-supereffective|p2b: Incineroar\n|-damage|p2b: Incineroar|0 fnt\n|faint|p2b: Incineroar\n|\n|-weather|SunnyDay|[upkeep]\n|upkeep\n|\n|t:|1775816131\n|switch|p2b: Miraidon|Miraidon, L50|6/100\n|-activate|p2b: Miraidon|ability: Hadron Engine\n|turn|4\n|\n|t:|1775816144\n|switch|p1b: Rillaboom|Rillaboom, L50, F|65/100\n|-fieldstart|move: Grassy Terrain|[from] ability: Grassy Surge|[of] p1b: Rillaboom\n|move|p2b: Miraidon|Draco Meteor|p1b: Rillaboom\n|-damage|p1b: Rillaboom|0 fnt\n|-unboost|p2b: Miraidon|spa|2\n|faint|p1b: Rillaboom\n|move|p1a: Reshiram|Blue Flare|p2a: Landorus\n|-damage|p2a: Landorus|0 fnt\n|faint|p2a: Landorus\n|\n|-weather|SunnyDay|[upkeep]\n|-heal|p2b: Miraidon|12/100|[from] Grassy Terrain\n|-heal|p1a: Reshiram|65/100|[from] Grassy Terrain\n|upkeep\n|\n|t:|1775816151\n|switch|p1b: Walking Wake|Walking Wake, L50|100/100\n|-activate|p1b: Walking Wake|ability: Protosynthesis\n|-start|p1b: Walking Wake|protosynthesisspe\n|turn|5\n|c|\u2606BOMAtheFireEnjoyer|Gg\n|\n|t:|1775816166\n|move|p1b: Walking Wake|Hydro Steam|p2b: Miraidon\n|-resisted|p2b: Miraidon\n|-damage|p2b: Miraidon|0 fnt\n|faint|p2b: Miraidon\n|-damage|p1b: Walking Wake|91/100|[from] item: Life Orb\n|\n|win|BOMAtheFireEnjoyer\n|raw|BOMAtheFireEnjoyer's rating: 1390 &rarr; <strong>1414</strong><br />(+24 for winning)\n|raw|nocalculation's rating: 1453 &rarr; <strong>1429</strong><br />(-24 for losing)\n|c|\u2606nocalculation|Gg\n|l|\u2606nocalculation\n|player|p2|\n|l|\u2606BOMAtheFireEnjoyer\n|player|p1|\n","uploadtime":1775816381,"views":13,"formatid":"gen9vgc2026regi","rating":1414,"private":0,"password":null}