{"id":"gen9vgc2026regi-2515968321","format":"[Gen 9] VGC 2026 Reg I","players":["AnyPrior8156","Rillabossman"],"log":"|j|\u2606AnyPrior8156\n|j|\u2606Rillabossman\n|t:|1768066169\n|gametype|doubles\n|player|p1|AnyPrior8156|266|1121\n|player|p2|Rillabossman|burglar|1335\n|gen|9\n|tier|[Gen 9] VGC 2026 Reg I\n|rated|\n|rule|Species Clause: Limit one of each Pok\u00e9mon\n|rule|Item Clause: Limit 1 of each item\n|clearpoke\n|poke|p1|Dondozo, L50, M|\n|poke|p1|Tatsugiri, L50, M|\n|poke|p1|Flamigo, L50, M|\n|poke|p1|Miraidon, L50|\n|poke|p1|Incineroar, L50, F|\n|poke|p1|Iron Bundle, L50|\n|poke|p2|Calyrex-Shadow, L50|\n|poke|p2|Zamazenta-*, L50|\n|poke|p2|Rillaboom, L50, M|\n|poke|p2|Incineroar, L50, M|\n|poke|p2|Raging Bolt, L50|\n|poke|p2|Ogerpon-Hearthflame, L50, F|\n|teampreview|4\n|inactive|Battle timer is ON: inactive players will automatically lose when time's up. (requested by AnyPrior8156)\n|c|\u2606Rillabossman|glhf\n|inactive|Rillabossman has 60 seconds left.\n|c|\u2606AnyPrior8156|glhf\n|c|\u2606AnyPrior8156|do u like playing pokemons? wanna be friends? im pretty new to the game\n|inactive|Rillabossman has 30 seconds left.\n|inactive|Rillabossman has 20 seconds left.\n|inactive|Rillabossman has 15 seconds left.\n|\n|t:|1768066247\n|teamsize|p1|4\n|teamsize|p2|4\n|start\n|switch|p1a: Incineroar|Incineroar, L50, F, shiny|100/100\n|switch|p1b: Flamigo|Flamigo, L50, M, shiny|100/100\n|switch|p2a: Calyrex|Calyrex-Shadow, L50|100/100\n|switch|p2b: Incineroar|Incineroar, L50, M, shiny|100/100\n|-ability|p2a: Calyrex|As One\n|-ability|p2a: Calyrex|Unnerve\n|-ability|p1a: Incineroar|Intimidate|boost\n|-unboost|p2a: Calyrex|atk|1\n|-unboost|p2b: Incineroar|atk|1\n|-ability|p2b: Incineroar|Intimidate|boost\n|-unboost|p1a: Incineroar|atk|1\n|-fail|p1b: Flamigo|unboost|Attack|[from] ability: Scrappy|[of] p1b: Flamigo\n|turn|1\n|\n|t:|1768066266\n|move|p2b: Incineroar|Fake Out|p1a: Incineroar\n|-damage|p1a: Incineroar|94/100\n|move|p1b: Flamigo|Close Combat|p2b: Incineroar\n|-supereffective|p2b: Incineroar\n|-damage|p2b: Incineroar|22/100\n|-unboost|p1b: Flamigo|def|1\n|-unboost|p1b: Flamigo|spd|1\n|-damage|p1b: Flamigo|84/100|[from] item: Rocky Helmet|[of] p2b: Incineroar\n|move|p2a: Calyrex|Psychic|p1b: Flamigo\n|-supereffective|p1b: Flamigo\n|-damage|p1b: Flamigo|0 fnt\n|faint|p1b: Flamigo\n|-ability|p2a: Calyrex|Grim Neigh|boost\n|-boost|p2a: Calyrex|spa|1\n|-damage|p2a: Calyrex|91/100|[from] item: Life Orb\n|cant|p1a: Incineroar|flinch\n|\n|upkeep\n|\n|t:|1768066280\n|switch|p1b: Dondozo|Dondozo, L50, M, shiny|100/100\n|turn|2\n|\n|t:|1768066285\n|switch|p1a: Tatsugiri|Tatsugiri, L50, M, shiny|100/100\n|-activate|p1a: Tatsugiri|ability: Commander|[of] p1b: Dondozo\n|-boost|p1b: Dondozo|atk|2\n|-boost|p1b: Dondozo|spa|2\n|-boost|p1b: Dondozo|spe|2\n|-boost|p1b: Dondozo|def|2\n|-boost|p1b: Dondozo|spd|2\n|-terastallize|p2a: Calyrex|Dark\n|move|p2b: Incineroar|Helping Hand|p2a: Calyrex\n|-singleturn|p2a: Calyrex|Helping Hand|[of] p2b: Incineroar\n|move|p2a: Calyrex|Astral Barrage|p1b: Dondozo|[spread] p1b\n|-miss|p2a: Calyrex|p1a: Tatsugiri\n|-damage|p1b: Dondozo|46/100\n|-damage|p2a: Calyrex|81/100|[from] item: Life Orb\n|move|p1b: Dondozo|Earthquake|p2a: Calyrex|[spread] p2a,p2b\n|-miss|p1b: Dondozo|p1a: Tatsugiri\n|-supereffective|p2b: Incineroar\n|-damage|p2a: Calyrex|38/100\n|-damage|p2b: Incineroar|0 fnt\n|faint|p2b: Incineroar\n|\n|-heal|p1b: Dondozo|53/100|[from] item: Leftovers\n|upkeep\n|\n|t:|1768066295\n|switch|p2b: Rillaboom|Rillaboom, L50, M|100/100\n|-fieldstart|move: Grassy Terrain|[from] ability: Grassy Surge|[of] p2b: Rillaboom\n|turn|3\n|\n|t:|1768066310\n|move|p1b: Dondozo|Protect|p1b: Dondozo\n|-singleturn|p1b: Dondozo|Protect\n|move|p2b: Rillaboom|Fake Out|p1b: Dondozo\n|-activate|p1b: Dondozo|move: Protect\n|move|p2a: Calyrex|Psychic|p1b: Dondozo\n|-activate|p1b: Dondozo|move: Protect\n|\n|-heal|p2a: Calyrex|44/100|[from] Grassy Terrain\n|-heal|p1b: Dondozo|59/100|[from] Grassy Terrain\n|-heal|p1b: Dondozo|65/100|[from] item: Leftovers\n|upkeep\n|turn|4\n|\n|t:|1768066321\n|-terastallize|p1b: Dondozo|Grass\n|move|p2a: Calyrex|Psychic|p1b: Dondozo\n|-damage|p1b: Dondozo|34/100\n|-damage|p2a: Calyrex|34/100|[from] item: Life Orb\n|move|p1b: Dondozo|Earthquake|p2a: Calyrex|[spread] p2a,p2b\n|-miss|p1b: Dondozo|p1a: Tatsugiri\n|-resisted|p2b: Rillaboom\n|-damage|p2a: Calyrex|11/100\n|-damage|p2b: Rillaboom|89/100\n|move|p2b: Rillaboom|Wood Hammer|p1b: Dondozo\n|-resisted|p1b: Dondozo\n|-damage|p1b: Dondozo|23/100\n|-damage|p2b: Rillaboom|85/100|[from] Recoil\n|\n|-heal|p2a: Calyrex|16/100|[from] Grassy Terrain\n|-heal|p1b: Dondozo|29/100|[from] Grassy Terrain\n|-heal|p1b: Dondozo|35/100|[from] item: Leftovers\n|-heal|p2b: Rillaboom|91/100|[from] Grassy Terrain\n|upkeep\n|turn|5\n|\n|t:|1768066338\n|move|p1b: Dondozo|Protect|p1b: Dondozo\n|-singleturn|p1b: Dondozo|Protect\n|move|p2b: Rillaboom|Grassy Glide|p1b: Dondozo\n|-activate|p1b: Dondozo|move: Protect\n|move|p2a: Calyrex|Psychic|p1b: Dondozo\n|-activate|p1b: Dondozo|move: Protect\n|\n|-heal|p2a: Calyrex|22/100|[from] Grassy Terrain\n|-heal|p1b: Dondozo|42/100|[from] Grassy Terrain\n|-heal|p1b: Dondozo|48/100|[from] item: Leftovers\n|-heal|p2b: Rillaboom|97/100|[from] Grassy Terrain\n|upkeep\n|turn|6\n|\n|t:|1768066353\n|move|p2a: Calyrex|Protect|p2a: Calyrex\n|-singleturn|p2a: Calyrex|Protect\n|move|p1b: Dondozo|Order Up|p2a: Calyrex\n|-activate|p2a: Calyrex|move: Protect\n|move|p2b: Rillaboom|U-turn|p1b: Dondozo\n|-supereffective|p1b: Dondozo\n|-damage|p1b: Dondozo|32/100\n|\n|t:|1768066359\n|switch|p2b: Raging Bolt|Raging Bolt, L50|100/100|[from] U-turn\n|-enditem|p2b: Raging Bolt|Booster Energy\n|-activate|p2b: Raging Bolt|ability: Protosynthesis|[fromitem]\n|-start|p2b: Raging Bolt|protosynthesisspa\n|\n|-heal|p2a: Calyrex|28/100|[from] Grassy Terrain\n|-heal|p1b: Dondozo|38/100|[from] Grassy Terrain\n|-heal|p1b: Dondozo|45/100|[from] item: Leftovers\n|upkeep\n|turn|7\n|\n|t:|1768066370\n|move|p2a: Calyrex|Psychic|p1b: Dondozo\n|-damage|p1b: Dondozo|12/100\n|-damage|p2a: Calyrex|18/100|[from] item: Life Orb\n|move|p1b: Dondozo|Order Up|p2a: Calyrex\n|-damage|p2a: Calyrex|0 fnt\n|faint|p2a: Calyrex\n|-boost|p1b: Dondozo|atk|1\n|move|p2b: Raging Bolt|Dragon Pulse|p1b: Dondozo\n|-damage|p1b: Dondozo|0 fnt\n|faint|p1b: Dondozo\n|\n|-fieldend|move: Grassy Terrain\n|upkeep\n|\n|t:|1768066381\n|switch|p2a: Rillaboom|Rillaboom, L50, M|97/100\n|switch|p1b: Incineroar|Incineroar, L50, F, shiny|94/100\n|-fieldstart|move: Grassy Terrain|[from] ability: Grassy Surge|[of] p2a: Rillaboom\n|-ability|p1b: Incineroar|Intimidate|boost\n|-unboost|p2a: Rillaboom|atk|1\n|-unboost|p2b: Raging Bolt|atk|1\n|turn|8\n|\n|t:|1768066393\n|move|p1a: Tatsugiri|Protect|p1a: Tatsugiri\n|-singleturn|p1a: Tatsugiri|Protect\n|move|p1b: Incineroar|Protect|p1b: Incineroar\n|-singleturn|p1b: Incineroar|Protect\n|move|p2a: Rillaboom|Fake Out|p1b: Incineroar\n|-activate|p1b: Incineroar|move: Protect\n|move|p2b: Raging Bolt|Dragon Pulse|p1a: Tatsugiri\n|-activate|p1a: Tatsugiri|move: Protect\n|\n|-heal|p2a: Rillaboom|100/100|[from] Grassy Terrain\n|-heal|p1b: Incineroar|99/100|[from] Grassy Terrain\n|upkeep\n|turn|9\n|\n|t:|1768066411\n|move|p2a: Rillaboom|Grassy Glide|p1a: Tatsugiri\n|-damage|p1a: Tatsugiri|73/100\n|-damage|p2a: Rillaboom|84/100|[from] item: Rocky Helmet|[of] p1a: Tatsugiri\n|move|p2b: Raging Bolt|Thunderclap|p1a: Tatsugiri\n|-damage|p1a: Tatsugiri|16/100\n|move|p1a: Tatsugiri|Draco Meteor|p2b: Raging Bolt\n|-supereffective|p2b: Raging Bolt\n|-damage|p2b: Raging Bolt|4/100\n|-unboost|p1a: Tatsugiri|spa|2\n|move|p1b: Incineroar|Flare Blitz|p2a: Rillaboom\n|-supereffective|p2a: Rillaboom\n|-damage|p2a: Rillaboom|0 fnt\n|faint|p2a: Rillaboom\n|-damage|p1b: Incineroar|71/100|[from] Recoil\n|\n|-heal|p1a: Tatsugiri|22/100|[from] Grassy Terrain\n|-heal|p2b: Raging Bolt|10/100|[from] Grassy Terrain\n|-heal|p1b: Incineroar|77/100|[from] Grassy Terrain\n|upkeep\n|turn|10\n|\n|t:|1768066431\n|move|p2b: Raging Bolt|Protect|p2b: Raging Bolt\n|-singleturn|p2b: Raging Bolt|Protect\n|move|p1a: Tatsugiri|Draco Meteor|p2b: Raging Bolt\n|-activate|p2b: Raging Bolt|move: Protect\n|move|p1b: Incineroar|Knock Off|p2b: Raging Bolt\n|-activate|p2b: Raging Bolt|move: Protect\n|\n|-heal|p1a: Tatsugiri|27/100|[from] Grassy Terrain\n|-heal|p2b: Raging Bolt|16/100|[from] Grassy Terrain\n|-heal|p1b: Incineroar|83/100|[from] Grassy Terrain\n|upkeep\n|turn|11\n|\n|t:|1768066445\n|move|p2b: Raging Bolt|Thunderclap|p1a: Tatsugiri\n|-damage|p1a: Tatsugiri|0 fnt\n|faint|p1a: Tatsugiri\n|move|p1b: Incineroar|Knock Off|p2b: Raging Bolt\n|-damage|p2b: Raging Bolt|0 fnt\n|faint|p2b: Raging Bolt\n|-end|p2b: Raging Bolt|Protosynthesis|[silent]\n|\n|win|AnyPrior8156\n|raw|AnyPrior8156's rating: 1121 &rarr; <strong>1160</strong><br />(+39 for winning)\n|raw|Rillabossman's rating: 1335 &rarr; <strong>1304</strong><br />(-31 for losing)\n|l|\u2606Rillabossman\n|player|p2|\n|c|\u2606AnyPrior8156|wanna be friends on dc?\n|l|\u2606AnyPrior8156\n|player|p1|\n","uploadtime":1768066601,"views":12,"formatid":"gen9vgc2026regi","rating":1160,"private":0,"password":null}