{"id":"gen9vgc2026regi-2551612727","format":"[Gen 9] VGC 2026 Reg I","players":["ryo8989","mtbsj"],"log":"|j|\u2606ryo8989\n|j|\u2606mtbsj\n|t:|1772628496\n|gametype|doubles\n|player|p1|ryo8989|erika|1494\n|player|p2|mtbsj|blue|1477\n|gen|9\n|tier|[Gen 9] VGC 2026 Reg I\n|rated|\n|rule|Species Clause: Limit one of each Pok\u00e9mon\n|rule|Item Clause: Limit 1 of each item\n|clearpoke\n|poke|p1|Calyrex-Shadow, L50|\n|poke|p1|Zamazenta-*, L50|\n|poke|p1|Rillaboom, L50, F|\n|poke|p1|Incineroar, L50, M|\n|poke|p1|Raging Bolt, L50|\n|poke|p1|Tornadus, L50, M|\n|poke|p2|Hitmontop, L50, M|\n|poke|p2|Terapagos, L50, M|\n|poke|p2|Calyrex-Shadow, L50|\n|poke|p2|Ogerpon-Cornerstone, L50, F|\n|poke|p2|Urshifu-*, L50, F|\n|poke|p2|Whimsicott, L50, F|\n|teampreview|4\n|inactive|Battle timer is ON: inactive players will automatically lose when time's up. (requested by mtbsj)\n|\n|t:|1772628520\n|teamsize|p1|4\n|teamsize|p2|4\n|start\n|switch|p1a: Zamazenta|Zamazenta-Crowned, L50|100/100\n|switch|p1b: Rillaboom|Rillaboom, L50, F|100/100\n|switch|p2a: Hitmontop|Hitmontop, L50, M|100/100\n|switch|p2b: Terapagos|Terapagos, L50, M|100/100\n|-activate|p2b: Terapagos|ability: Tera Shift\n|detailschange|p2b: Terapagos|Terapagos-Terastal, L50, M\n|-heal|p2b: Terapagos|100/100|[silent]\n|-ability|p1a: Zamazenta|Dauntless Shield|boost\n|-boost|p1a: Zamazenta|def|1\n|-fieldstart|move: Grassy Terrain|[from] ability: Grassy Surge|[of] p1b: Rillaboom\n|-ability|p2a: Hitmontop|Intimidate|boost\n|-unboost|p1a: Zamazenta|atk|1\n|-unboost|p1b: Rillaboom|atk|1\n|turn|1\n|inactive|mtbsj has 30 seconds left.\n|\n|t:|1772628551\n|move|p2b: Terapagos|Protect|p2b: Terapagos\n|-singleturn|p2b: Terapagos|Protect\n|move|p1b: Rillaboom|Fake Out|p2a: Hitmontop\n|-damage|p2a: Hitmontop|90/100\n|-enditem|p2a: Hitmontop|Eject Button\n|\n|t:|1772628557\n|switch|p2a: Whimsicott|Whimsicott, L50, F|100/100\n|move|p1a: Zamazenta|Body Press|p2a: Whimsicott\n|-resisted|p2a: Whimsicott\n|-damage|p2a: Whimsicott|60/100\n|\n|-heal|p2a: Whimsicott|67/100|[from] Grassy Terrain\n|upkeep\n|turn|2\n|\n|t:|1772628571\n|move|p2a: Whimsicott|Encore|p1b: Rillaboom\n|-start|p1b: Rillaboom|Encore\n|move|p1b: Rillaboom|Fake Out||[still]\n|-hint|Fake Out only works on your first turn out.\n|-fail|p1b: Rillaboom\n|move|p1a: Zamazenta|Body Press|p2b: Terapagos\n|-activate|p2b: Terapagos|ability: Tera Shell\n|-resisted|p2b: Terapagos\n|-damage|p2b: Terapagos|74/100\n|move|p2b: Terapagos|Rock Polish|p2b: Terapagos\n|-boost|p2b: Terapagos|spe|2\n|\n|-heal|p2b: Terapagos|80/100|[from] Grassy Terrain\n|-heal|p2a: Whimsicott|73/100|[from] Grassy Terrain\n|upkeep\n|turn|3\n|\n|t:|1772628588\n|switch|p2a: Hitmontop|Hitmontop, L50, M|90/100\n|-ability|p2a: Hitmontop|Intimidate|boost\n|-unboost|p1a: Zamazenta|atk|1\n|-unboost|p1b: Rillaboom|atk|1\n|switch|p1b: Incineroar|Incineroar, L50, M|100/100\n|-ability|p1b: Incineroar|Intimidate|boost\n|-unboost|p2a: Hitmontop|atk|1\n|-unboost|p2b: Terapagos|atk|1\n|move|p2b: Terapagos|Protect|p2b: Terapagos\n|-singleturn|p2b: Terapagos|Protect\n|move|p1a: Zamazenta|Body Press|p2b: Terapagos\n|-activate|p2b: Terapagos|move: Protect\n|\n|-heal|p2b: Terapagos|86/100|[from] Grassy Terrain\n|-heal|p2a: Hitmontop|96/100|[from] Grassy Terrain\n|upkeep\n|turn|4\n|inactive|ryo8989 has 30 seconds left.\n|\n|t:|1772628615\n|move|p2a: Hitmontop|Fake Out|p1a: Zamazenta\n|-resisted|p1a: Zamazenta\n|-damage|p1a: Zamazenta|99/100\n|move|p1b: Incineroar|Fake Out|p2b: Terapagos\n|-damage|p2b: Terapagos|78/100\n|cant|p2b: Terapagos|flinch\n|cant|p1a: Zamazenta|flinch\n|\n|-heal|p2b: Terapagos|84/100|[from] Grassy Terrain\n|-heal|p1a: Zamazenta|100/100|[from] Grassy Terrain\n|-heal|p2a: Hitmontop|100/100|[from] Grassy Terrain\n|upkeep\n|turn|5\n|\n|t:|1772628632\n|-terastallize|p2b: Terapagos|Stellar\n|detailschange|p2b: Terapagos|Terapagos-Stellar, L50, M, tera:Stellar\n|-heal|p2b: Terapagos|88/100|[silent]\n|-ability|p2b: Terapagos|Teraform Zero\n|-fieldend|move: Grassy Terrain\n|move|p2a: Hitmontop|Vacuum Wave|p2b: Terapagos\n|-supereffective|p2b: Terapagos\n|-damage|p2b: Terapagos|82/100\n|-enditem|p2b: Terapagos|Weakness Policy\n|-boost|p2b: Terapagos|atk|2|[from] item: Weakness Policy\n|-boost|p2b: Terapagos|spa|2|[from] item: Weakness Policy\n|move|p2b: Terapagos|Earth Power|p1a: Zamazenta\n|-supereffective|p1a: Zamazenta\n|-damage|p1a: Zamazenta|0 fnt\n|faint|p1a: Zamazenta\n|move|p1b: Incineroar|Parting Shot|p2b: Terapagos\n|-unboost|p2b: Terapagos|atk|1\n|-unboost|p2b: Terapagos|spa|1\n|\n|t:|1772628648\n|switch|p1b: Calyrex|Calyrex-Shadow, L50|100/100|[from] Parting Shot\n|-ability|p1b: Calyrex|As One\n|-ability|p1b: Calyrex|Unnerve\n|\n|upkeep\n|\n|t:|1772628656\n|switch|p1a: Incineroar|Incineroar, L50, M|100/100\n|-ability|p1a: Incineroar|Intimidate|boost\n|-unboost|p2a: Hitmontop|atk|1\n|-unboost|p2b: Terapagos|atk|1\n|turn|6\n|\n|t:|1772628667\n|move|p2b: Terapagos|Protect|p2b: Terapagos\n|-singleturn|p2b: Terapagos|Protect\n|move|p1a: Incineroar|Fake Out|p2b: Terapagos\n|-activate|p2b: Terapagos|move: Protect\n|move|p1b: Calyrex|Psychic|p2a: Hitmontop\n|-supereffective|p2a: Hitmontop\n|-damage|p2a: Hitmontop|0 fnt\n|faint|p2a: Hitmontop\n|-ability|p1b: Calyrex|Grim Neigh|boost\n|-boost|p1b: Calyrex|spa|1\n|-damage|p1b: Calyrex|91/100|[from] item: Life Orb\n|\n|upkeep\n|\n|t:|1772628681\n|switch|p2a: Calyrex|Calyrex-Shadow, L50|100/100\n|-ability|p2a: Calyrex|As One\n|-ability|p2a: Calyrex|Unnerve\n|turn|7\n|\n|t:|1772628691\n|move|p1b: Calyrex|Protect|p1b: Calyrex\n|-singleturn|p1b: Calyrex|Protect\n|move|p2b: Terapagos|Tera Starstorm|p1b: Calyrex|[spread] p1a\n|-activate|p1b: Calyrex|move: Protect\n|-damage|p1a: Incineroar|48/100\n|move|p2a: Calyrex|Astral Barrage|p1b: Calyrex|[spread] p1a\n|-activate|p1b: Calyrex|move: Protect\n|-resisted|p1a: Incineroar\n|-damage|p1a: Incineroar|24/100\n|move|p1a: Incineroar|Parting Shot|p2b: Terapagos\n|-unboost|p2b: Terapagos|atk|1\n|-unboost|p2b: Terapagos|spa|1\n|\n|t:|1772628705\n|switch|p1a: Rillaboom|Rillaboom, L50, F|100/100|[from] Parting Shot\n|-fieldstart|move: Grassy Terrain|[from] ability: Grassy Surge|[of] p1a: Rillaboom\n|\n|-heal|p2b: Terapagos|89/100|[from] Grassy Terrain\n|-heal|p1b: Calyrex|97/100|[from] Grassy Terrain\n|upkeep\n|turn|8\n|\n|t:|1772628726\n|switch|p1a: Incineroar|Incineroar, L50, M|24/100\n|-ability|p1a: Incineroar|Intimidate|boost\n|-unboost|p2a: Calyrex|atk|1\n|-unboost|p2b: Terapagos|atk|1\n|-terastallize|p1b: Calyrex|Dark\n|move|p2b: Terapagos|Tera Starstorm|p1a: Incineroar|[spread] p1a,p1b\n|-supereffective|p1b: Calyrex\n|-damage|p1a: Incineroar|0 fnt\n|-damage|p1b: Calyrex|16/100\n|faint|p1a: Incineroar\n|move|p2a: Calyrex|Encore|p1b: Calyrex\n|-start|p1b: Calyrex|Encore\n|move|p1b: Calyrex|Protect||[still]\n|-fail|p1b: Calyrex\n|\n|-heal|p2b: Terapagos|95/100|[from] Grassy Terrain\n|-heal|p1b: Calyrex|22/100|[from] Grassy Terrain\n|upkeep\n|\n|t:|1772628744\n|switch|p1a: Rillaboom|Rillaboom, L50, F|100/100\n|turn|9\n|-message|ryo8989 forfeited.\n|\n|win|mtbsj\n|raw|ryo8989's rating: 1494 &rarr; <strong>1473</strong><br />(-21 for losing)\n|raw|mtbsj's rating: 1477 &rarr; <strong>1498</strong><br />(+21 for winning)\n|l|\u2606ryo8989\n|player|p1|\n","uploadtime":1772628767,"views":19,"formatid":"gen9vgc2026regi","rating":1473,"private":0,"password":null}