{"id":"gen9vgc2026regi-2563167045","format":"[Gen 9] VGC 2026 Reg I","players":["Curemenso","Jonen"],"log":"|j|\u2606Curemenso\n|j|\u2606Jonen\n|t:|1773997341\n|gametype|doubles\n|player|p1|Curemenso|ethan|1184\n|player|p2|Jonen|medium|1298\n|gen|9\n|tier|[Gen 9] VGC 2026 Reg I\n|rated|\n|rule|Species Clause: Limit one of each Pok\u00e9mon\n|rule|Item Clause: Limit 1 of each item\n|clearpoke\n|poke|p1|Koraidon, L50|\n|poke|p1|Terapagos, L50, M|\n|poke|p1|Flutter Mane, L50|\n|poke|p1|Rillaboom, L50, M|\n|poke|p1|Incineroar, L50, F|\n|poke|p1|Thundurus, L50, M|\n|poke|p2|Groudon, L50|\n|poke|p2|Lunala, L50|\n|poke|p2|Sableye, L50, M|\n|poke|p2|Chi-Yu, L50|\n|poke|p2|Rillaboom, L50, M|\n|poke|p2|Jumpluff, L50, F|\n|teampreview|4\n|inactive|Battle timer is ON: inactive players will automatically lose when time's up. (requested by Curemenso)\n|inactive|Curemenso has 60 seconds left.\n|inactive|Jonen has 60 seconds left.\n|\n|t:|1773997391\n|teamsize|p1|4\n|teamsize|p2|4\n|start\n|switch|p1a: Incineroar|Incineroar, L50, F|100/100\n|switch|p1b: Koraidon|Koraidon, L50|100/100\n|switch|p2a: Groudon|Groudon, L50|100/100\n|switch|p2b: Jumpluff|Jumpluff, L50, F|100/100\n|-weather|SunnyDay|[from] ability: Orichalcum Pulse|[of] p1b: Koraidon\n|-activate|p1b: Koraidon|Orichalcum Pulse|[source]\n|-ability|p1a: Incineroar|Intimidate|boost\n|-unboost|p2a: Groudon|atk|1\n|-unboost|p2b: Jumpluff|atk|1\n|turn|1\n|inactive|Jonen has 30 seconds left.\n|\n|t:|1773997423\n|-terastallize|p1a: Incineroar|Water\n|move|p1b: Koraidon|Protect|p1b: Koraidon\n|-singleturn|p1b: Koraidon|Protect\n|move|p2b: Jumpluff|Sleep Powder|p1b: Koraidon\n|-activate|p1b: Koraidon|move: Protect\n|move|p2a: Groudon|Precipice Blades|p1b: Koraidon|[spread] p1a\n|-activate|p1b: Koraidon|move: Protect\n|-damage|p1a: Incineroar|56/100\n|-damage|p2a: Groudon|91/100|[from] item: Life Orb\n|move|p1a: Incineroar|Flare Blitz|p2b: Jumpluff\n|-supereffective|p2b: Jumpluff\n|-damage|p2b: Jumpluff|0 fnt\n|faint|p2b: Jumpluff\n|-damage|p1a: Incineroar|27/100|[from] Recoil\n|\n|-weather|SunnyDay|[upkeep]\n|upkeep\n|\n|t:|1773997432\n|switch|p2b: Sableye|Sableye, L50, M|100/100\n|turn|2\n|\n|t:|1773997453\n|switch|p1a: Terapagos|Terapagos, L50, M|100/100\n|-activate|p1a: Terapagos|ability: Tera Shift\n|detailschange|p1a: Terapagos|Terapagos-Terastal, L50, M\n|-heal|p1a: Terapagos|100/100|[silent]\n|-terastallize|p2a: Groudon|Fire\n|move|p2b: Sableye|Gravity|p2b: Sableye\n|-fieldstart|move: Gravity\n|move|p1b: Koraidon|Close Combat|p2a: Groudon\n|-damage|p2a: Groudon|6/100\n|-unboost|p1b: Koraidon|def|1\n|-unboost|p1b: Koraidon|spd|1\n|-damage|p1b: Koraidon|91/100|[from] item: Life Orb\n|move|p2a: Groudon|Precipice Blades|p1b: Koraidon|[spread] p1a,p1b\n|-activate|p1a: Terapagos|ability: Tera Shell\n|-resisted|p1a: Terapagos\n|-damage|p1a: Terapagos|85/100\n|-damage|p1b: Koraidon|25/100\n|-damage|p2a: Groudon|0 fnt|[from] item: Life Orb\n|faint|p2a: Groudon\n|\n|-weather|SunnyDay|[upkeep]\n|-heal|p1a: Terapagos|91/100|[from] item: Leftovers\n|upkeep\n|\n|t:|1773997465\n|switch|p2a: Lunala|Lunala, L50|100/100\n|turn|3\n|\n|t:|1773997486\n|move|p2b: Sableye|Quash|p1b: Koraidon\n|-activate|p1b: Koraidon|move: Quash\n|move|p2a: Lunala|Meteor Beam||[still]\n|-prepare|p2a: Lunala|Meteor Beam\n|-boost|p2a: Lunala|spa|1\n|-enditem|p2a: Lunala|Power Herb\n|-anim|p2a: Lunala|Meteor Beam|p1b: Koraidon\n|-resisted|p1b: Koraidon\n|-damage|p1b: Koraidon|0 fnt\n|faint|p1b: Koraidon\n|move|p1a: Terapagos|Calm Mind|p1a: Terapagos\n|-boost|p1a: Terapagos|spa|1\n|-boost|p1a: Terapagos|spd|1\n|\n|-weather|SunnyDay|[upkeep]\n|-heal|p1a: Terapagos|97/100|[from] item: Leftovers\n|upkeep\n|\n|t:|1773997498\n|switch|p1b: Incineroar|Incineroar, L50, F, tera:Water|27/100\n|-ability|p1b: Incineroar|Intimidate|boost\n|-unboost|p2a: Lunala|atk|1\n|-unboost|p2b: Sableye|atk|1\n|turn|4\n|\n|t:|1773997514\n|move|p2a: Lunala|Moongeist Beam|p1b: Incineroar\n|-damage|p1b: Incineroar|0 fnt\n|faint|p1b: Incineroar\n|move|p1a: Terapagos|Calm Mind|p1a: Terapagos\n|-boost|p1a: Terapagos|spa|1\n|-boost|p1a: Terapagos|spd|1\n|move|p2b: Sableye|Foul Play|p1a: Terapagos\n|-damage|p1a: Terapagos|79/100\n|\n|-weather|SunnyDay|[upkeep]\n|-heal|p1a: Terapagos|85/100|[from] item: Leftovers\n|upkeep\n|\n|t:|1773997525\n|switch|p1b: Flutter Mane|Flutter Mane, L50|100/100\n|-activate|p1b: Flutter Mane|ability: Protosynthesis\n|-start|p1b: Flutter Mane|protosynthesisspe\n|turn|5\n|\n|t:|1773997548\n|move|p2b: Sableye|Quash|p1b: Flutter Mane\n|-activate|p1b: Flutter Mane|move: Quash\n|move|p2a: Lunala|Hypnosis|p1b: Flutter Mane\n|-status|p1b: Flutter Mane|slp|[from] move: Hypnosis\n|move|p1a: Terapagos|Tera Starstorm|p2a: Lunala\n|-immune|p2a: Lunala\n|cant|p1b: Flutter Mane|slp\n|\n|-weather|none\n|-end|p1b: Flutter Mane|Protosynthesis\n|-heal|p1a: Terapagos|91/100|[from] item: Leftovers\n|upkeep\n|turn|6\n|\n|t:|1773997560\n|move|p1a: Terapagos|Protect|p1a: Terapagos\n|-singleturn|p1a: Terapagos|Protect\n|cant|p1b: Flutter Mane|slp\n|move|p2a: Lunala|Moongeist Beam|p1b: Flutter Mane\n|-supereffective|p1b: Flutter Mane\n|-enditem|p1b: Flutter Mane|Focus Sash\n|-damage|p1b: Flutter Mane|1/100 slp\n|move|p2b: Sableye|Foul Play|p1b: Flutter Mane\n|-damage|p1b: Flutter Mane|0 fnt\n|faint|p1b: Flutter Mane\n|-end|p1b: Flutter Mane|Protosynthesis|[silent]\n|\n|-heal|p1a: Terapagos|97/100|[from] item: Leftovers\n|-fieldend|move: Gravity\n|upkeep\n|turn|7\n|\n|t:|1773997574\n|move|p2b: Sableye|Gravity|p2b: Sableye\n|-fieldstart|move: Gravity\n|move|p2a: Lunala|Hypnosis|p1a: Terapagos\n|-status|p1a: Terapagos|slp|[from] move: Hypnosis\n|cant|p1a: Terapagos|slp\n|\n|-heal|p1a: Terapagos|100/100 slp|[from] item: Leftovers\n|upkeep\n|turn|8\n|\n|t:|1773997582\n|move|p2a: Lunala|Meteor Beam||[still]\n|-prepare|p2a: Lunala|Meteor Beam\n|-boost|p2a: Lunala|spa|1\n|cant|p1a: Terapagos|slp\n|move|p2b: Sableye|Foul Play|p1a: Terapagos\n|-activate|p1a: Terapagos|ability: Tera Shell\n|-resisted|p1a: Terapagos\n|-damage|p1a: Terapagos|93/100 slp\n|\n|-heal|p1a: Terapagos|99/100 slp|[from] item: Leftovers\n|upkeep\n|turn|9\n|\n|t:|1773997592\n|-curestatus|p1a: Terapagos|slp|[msg]\n|move|p1a: Terapagos|Protect|p1a: Terapagos\n|-singleturn|p1a: Terapagos|Protect\n|move|p2a: Lunala|Meteor Beam|p1a: Terapagos|[from] lockedmove\n|-activate|p1a: Terapagos|move: Protect\n|move|p2b: Sableye|Foul Play|p1a: Terapagos\n|-activate|p1a: Terapagos|move: Protect\n|\n|-heal|p1a: Terapagos|100/100|[from] item: Leftovers\n|upkeep\n|turn|10\n|\n|t:|1773997604\n|move|p2b: Sableye|Disable|p1a: Terapagos\n|-start|p1a: Terapagos|Disable|Protect\n|move|p2a: Lunala|Hypnosis|p1a: Terapagos\n|-status|p1a: Terapagos|slp|[from] move: Hypnosis\n|cant|p1a: Terapagos|slp\n|\n|upkeep\n|turn|11\n|\n|t:|1773997614\n|move|p2a: Lunala|Meteor Beam||[still]\n|-prepare|p2a: Lunala|Meteor Beam\n|-boost|p2a: Lunala|spa|1\n|cant|p1a: Terapagos|slp\n|move|p2b: Sableye|Foul Play|p1a: Terapagos\n|-activate|p1a: Terapagos|ability: Tera Shell\n|-resisted|p1a: Terapagos\n|-damage|p1a: Terapagos|93/100 slp\n|\n|-heal|p1a: Terapagos|99/100 slp|[from] item: Leftovers\n|-fieldend|move: Gravity\n|upkeep\n|turn|12\n|\n|t:|1773997628\n|move|p2b: Sableye|Gravity|p2b: Sableye\n|-fieldstart|move: Gravity\n|move|p2a: Lunala|Meteor Beam|p1a: Terapagos|[from] lockedmove\n|-damage|p1a: Terapagos|50/100 slp\n|-curestatus|p1a: Terapagos|slp|[msg]\n|move|p1a: Terapagos|Earth Power|p2b: Sableye\n|-damage|p2b: Sableye|26/100\n|\n|-heal|p1a: Terapagos|57/100|[from] item: Leftovers\n|upkeep\n|turn|13\n|-message|Curemenso forfeited.\n|\n|win|Jonen\n|raw|Curemenso's rating: 1184 &rarr; <strong>1167</strong><br />(-17 for losing)\n|raw|Jonen's rating: 1298 &rarr; <strong>1315</strong><br />(+17 for winning)\n|l|\u2606Curemenso\n|player|p1|\n|l|\u2606Jonen\n|player|p2|\n","uploadtime":1773997637,"views":11,"formatid":"gen9vgc2026regi","rating":1167,"private":0,"password":null}