{"id":"gen9vgc2026regi-2558119814","format":"[Gen 9] VGC 2026 Reg I","players":["SaltyCore69","dasabe\u76d6\u6b27\u5361\u4fa0"],"log":"|j|\u2606SaltyCore69\n|j|\u2606dasabe\u76d6\u6b27\u5361\u4fa0\n|t:|1773405277\n|gametype|doubles\n|player|p1|SaltyCore69|veteran|1308\n|player|p2|dasabe\u76d6\u6b27\u5361\u4fa0|may-masters4|1466\n|gen|9\n|tier|[Gen 9] VGC 2026 Reg I\n|rated|\n|rule|Species Clause: Limit one of each Pok\u00e9mon\n|rule|Item Clause: Limit 1 of each item\n|clearpoke\n|poke|p1|Calyrex-Ice, L50|\n|poke|p1|Farigiraf, L50, F|\n|poke|p1|Iron Jugulis, L50|\n|poke|p1|Miraidon, L50|\n|poke|p1|Iron Bundle, L50|\n|poke|p1|Hydrapple, L50, M|\n|poke|p2|Tatsugiri, L50, F|\n|poke|p2|Dondozo, L50, M|\n|poke|p2|Miraidon, L50|\n|poke|p2|Calyrex-Ice, L50|\n|poke|p2|Incineroar, L50, M|\n|poke|p2|Landorus, L50, M|\n|teampreview|4\n|inactive|Battle timer is ON: inactive players will automatically lose when time's up. (requested by SaltyCore69)\n|\n|t:|1773405299\n|teamsize|p1|4\n|teamsize|p2|4\n|start\n|switch|p1a: Miraidon|Miraidon, L50|100/100\n|switch|p1b: Farigiraf|Farigiraf, L50, F|100/100\n|switch|p2a: \u9e7f\u51a0\u738b|Calyrex-Ice, L50|100/100\n|switch|p2b: \u629b\u5f00\u864e\u54e5\u54ee\u7a74|Incineroar, L50, M, shiny|100/100\n|-ability|p2a: \u9e7f\u51a0\u738b|As One\n|-ability|p2a: \u9e7f\u51a0\u738b|Unnerve\n|-fieldstart|move: Electric Terrain|[from] ability: Hadron Engine|[of] p1a: Miraidon\n|-enditem|p1b: Farigiraf|Electric Seed\n|-boost|p1b: Farigiraf|def|1|[from] item: Electric Seed\n|-ability|p2b: \u629b\u5f00\u864e\u54e5\u54ee\u7a74|Intimidate|boost\n|-unboost|p1a: Miraidon|atk|1\n|-unboost|p1b: Farigiraf|atk|1\n|turn|1\n|\n|t:|1773405310\n|move|p1b: Farigiraf|Helping Hand|p1a: Miraidon\n|-singleturn|p1a: Miraidon|Helping Hand|[of] p1b: Farigiraf\n|move|p2a: \u9e7f\u51a0\u738b|Protect|p2a: \u9e7f\u51a0\u738b\n|-singleturn|p2a: \u9e7f\u51a0\u738b|Protect\n|move|p1a: Miraidon|Volt Switch|p2a: \u9e7f\u51a0\u738b\n|-activate|p2a: \u9e7f\u51a0\u738b|move: Protect\n|move|p2b: \u629b\u5f00\u864e\u54e5\u54ee\u7a74|Knock Off|p1a: Miraidon\n|-damage|p1a: Miraidon|64/100\n|-enditem|p1a: Miraidon|Choice Specs|[from] move: Knock Off|[of] p2b: \u629b\u5f00\u864e\u54e5\u54ee\u7a74\n|\n|upkeep\n|turn|2\n|\n|t:|1773405330\n|switch|p2a: \u8981\u9646\u4e91\u4e86|Landorus, L50, M, shiny|100/100\n|move|p1b: Farigiraf|Helping Hand|p1a: Miraidon\n|-singleturn|p1a: Miraidon|Helping Hand|[of] p1b: Farigiraf\n|move|p1a: Miraidon|Electro Drift|p2b: \u629b\u5f00\u864e\u54e5\u54ee\u7a74\n|-damage|p2b: \u629b\u5f00\u864e\u54e5\u54ee\u7a74|14/100\n|move|p2b: \u629b\u5f00\u864e\u54e5\u54ee\u7a74|U-turn|p1a: Miraidon\n|-damage|p1a: Miraidon|45/100\n|\n|t:|1773405340\n|switch|p2b: \u94f6\u91d1\u5996\u86c7|Miraidon, L50, shiny|100/100|[from] U-turn\n|-activate|p2b: \u94f6\u91d1\u5996\u86c7|ability: Hadron Engine\n|\n|upkeep\n|turn|3\n|\n|t:|1773405348\n|move|p2b: \u94f6\u91d1\u5996\u86c7|Volt Switch|p1b: Farigiraf\n|-damage|p1b: Farigiraf|36/100\n|\n|t:|1773405351\n|switch|p2b: \u629b\u5f00\u864e\u54e5\u54ee\u7a74|Incineroar, L50, M, shiny|14/100|[from] Volt Switch\n|-ability|p2b: \u629b\u5f00\u864e\u54e5\u54ee\u7a74|Intimidate|boost\n|-unboost|p1a: Miraidon|atk|1\n|-unboost|p1b: Farigiraf|atk|1\n|move|p1a: Miraidon|Dazzling Gleam|p2b: \u629b\u5f00\u864e\u54e5\u54ee\u7a74|[spread] p2a,p2b\n|-crit|p2b: \u629b\u5f00\u864e\u54e5\u54ee\u7a74\n|-damage|p2a: \u8981\u9646\u4e91\u4e86|60/100\n|-damage|p2b: \u629b\u5f00\u864e\u54e5\u54ee\u7a74|0 fnt\n|faint|p2b: \u629b\u5f00\u864e\u54e5\u54ee\u7a74\n|move|p2a: \u8981\u9646\u4e91\u4e86|Sandsear Storm|p1b: Farigiraf|[spread] p1a,p1b\n|-supereffective|p1a: Miraidon\n|-damage|p1a: Miraidon|0 fnt\n|-damage|p1b: Farigiraf|0 fnt\n|faint|p1a: Miraidon\n|faint|p1b: Farigiraf\n|\n|upkeep\n|\n|t:|1773405364\n|switch|p1a: Calyrex|Calyrex-Ice, L50|100/100\n|switch|p2b: \u9e7f\u51a0\u738b|Calyrex-Ice, L50|100/100\n|switch|p1b: Hydrapple|Hydrapple, L50, M|100/100\n|-ability|p1a: Calyrex|As One\n|-ability|p1a: Calyrex|Unnerve\n|-ability|p2b: \u9e7f\u51a0\u738b|As One\n|-ability|p2b: \u9e7f\u51a0\u738b|Unnerve\n|-ability|p1b: Hydrapple|Supersweet Syrup\n|-unboost|p2a: \u8981\u9646\u4e91\u4e86|evasion|1\n|-fail|p2b: \u9e7f\u51a0\u738b|unboost|[from] item: Clear Amulet|[of] p2b: \u9e7f\u51a0\u738b\n|turn|4\n|\n|t:|1773405381\n|move|p2a: \u8981\u9646\u4e91\u4e86|Protect|p2a: \u8981\u9646\u4e91\u4e86\n|-singleturn|p2a: \u8981\u9646\u4e91\u4e86|Protect\n|move|p1b: Hydrapple|Protect|p1b: Hydrapple\n|-singleturn|p1b: Hydrapple|Protect\n|move|p1a: Calyrex|Swords Dance|p1a: Calyrex\n|-boost|p1a: Calyrex|atk|2\n|move|p2b: \u9e7f\u51a0\u738b|Leech Seed|p1a: Calyrex\n|-start|p1a: Calyrex|move: Leech Seed\n|\n|-damage|p1a: Calyrex|88/100|[from] Leech Seed|[of] p2b: \u9e7f\u51a0\u738b\n|upkeep\n|turn|5\n|\n|t:|1773405406\n|-terastallize|p1b: Hydrapple|Fairy\n|move|p2a: \u8981\u9646\u4e91\u4e86|Earth Power|p1a: Calyrex\n|-damage|p1a: Calyrex|40/100\n|move|p1a: Calyrex|Glacial Lance|p2b: \u9e7f\u51a0\u738b|[spread] p2a,p2b\n|-supereffective|p2a: \u8981\u9646\u4e91\u4e86\n|-resisted|p2b: \u9e7f\u51a0\u738b\n|-damage|p2a: \u8981\u9646\u4e91\u4e86|0 fnt\n|-damage|p2b: \u9e7f\u51a0\u738b|66/100\n|faint|p2a: \u8981\u9646\u4e91\u4e86\n|-ability|p1a: Calyrex|Chilling Neigh|boost\n|-boost|p1a: Calyrex|atk|1\n|move|p1b: Hydrapple|Grass Knot|p2b: \u9e7f\u51a0\u738b\n|-damage|p2b: \u9e7f\u51a0\u738b|12/100\n|-damage|p1b: Hydrapple|91/100|[from] item: Life Orb\n|move|p2b: \u9e7f\u51a0\u738b|Glacial Lance|p1b: Hydrapple|[spread] p1a,p1b\n|-resisted|p1a: Calyrex\n|-damage|p1a: Calyrex|22/100\n|-damage|p1b: Hydrapple|50/100\n|\n|-damage|p1a: Calyrex|10/100|[from] Leech Seed|[of] p2b: \u9e7f\u51a0\u738b\n|-heal|p2b: \u9e7f\u51a0\u738b|24/100|[silent]\n|-fieldend|move: Electric Terrain\n|upkeep\n|\n|t:|1773405415\n|switch|p2a: \u94f6\u91d1\u5996\u86c7|Miraidon, L50, shiny|100/100\n|-fieldstart|move: Electric Terrain|[from] ability: Hadron Engine|[of] p2a: \u94f6\u91d1\u5996\u86c7\n|turn|6\n|\n|t:|1773405430\n|-terastallize|p2a: \u94f6\u91d1\u5996\u86c7|Electric\n|move|p2b: \u9e7f\u51a0\u738b|Protect|p2b: \u9e7f\u51a0\u738b\n|-singleturn|p2b: \u9e7f\u51a0\u738b|Protect\n|move|p2a: \u94f6\u91d1\u5996\u86c7|Electro Drift|p1a: Calyrex\n|-damage|p1a: Calyrex|0 fnt\n|faint|p1a: Calyrex\n|move|p1b: Hydrapple|Fickle Beam|p2a: \u94f6\u91d1\u5996\u86c7\n|-damage|p2a: \u94f6\u91d1\u5996\u86c7|55/100\n|-damage|p1b: Hydrapple|40/100|[from] item: Life Orb\n|\n|upkeep\n|turn|7\n|-message|SaltyCore69 forfeited.\n|\n|win|dasabe\u76d6\u6b27\u5361\u4fa0\n|raw|SaltyCore69's rating: 1308 &rarr; <strong>1297</strong><br />(-11 for losing)\n|raw|dasabe\u76d6\u6b27\u5361\u4fa0's rating: 1466 &rarr; <strong>1477</strong><br />(+11 for winning)\n|l|\u2606SaltyCore69\n|player|p1|\n|j| 666yandoubuyanle\n|l| 666yandoubuyanle\n|j| 666yandoubuyanle\n|l|\u2606dasabe\u76d6\u6b27\u5361\u4fa0\n|player|p2|\n|j| Sleep helping\n|l| 666yandoubuyanle\n|l| Sleep helping\n|j| BanKingambit69247\n","uploadtime":1773405446,"views":16,"formatid":"gen9vgc2026regi","rating":1297,"private":0,"password":null}