{"id":"gen9vgc2026regi-2559431542","format":"[Gen 9] VGC 2026 Reg I","players":["itszachstone","TheManOfSausage"],"log":"|j|\u2606itszachstone\n|j|\u2606TheManOfSausage\n|t:|1773565891\n|gametype|doubles\n|player|p1|itszachstone|flannery|1349\n|player|p2|TheManOfSausage|miku-water|1453\n|gen|9\n|tier|[Gen 9] VGC 2026 Reg I\n|rated|\n|rule|Species Clause: Limit one of each Pok\u00e9mon\n|rule|Item Clause: Limit 1 of each item\n|clearpoke\n|poke|p1|Calyrex-Ice, L50|\n|poke|p1|Iron Bundle, L50|\n|poke|p1|Miraidon, L50|\n|poke|p1|Ogerpon-Hearthflame, L50, F|\n|poke|p1|Incineroar, L50, F|\n|poke|p1|Landorus, L50, M|\n|poke|p2|Zamazenta-*, L50|\n|poke|p2|Miraidon, L50|\n|poke|p2|Ogerpon-Cornerstone, L50, F|\n|poke|p2|Incineroar, L50, M|\n|poke|p2|Volcarona, L50, M|\n|poke|p2|Iron Bundle, L50|\n|teampreview|4\n|inactive|Battle timer is ON: inactive players will automatically lose when time's up. (requested by itszachstone)\nTheManOfSausage has agreed to open team sheets.\n|inactive|TheManOfSausage has 60 seconds left.\n|\n|t:|1773565923\n|teamsize|p1|4\n|teamsize|p2|4\n|start\n|switch|p1a: Miraidon|Miraidon, L50|100/100\n|switch|p1b: Iron Bundle|Iron Bundle, L50|100/100\n|switch|p2a: Iron Bundle|Iron Bundle, L50|100/100\n|switch|p2b: Magical Mirai|Miraidon, L50|100/100\n|-fieldstart|move: Electric Terrain|[from] ability: Hadron Engine|[of] p2b: Magical Mirai\n|-activate|p2a: Iron Bundle|ability: Quark Drive\n|-start|p2a: Iron Bundle|quarkdrivespe\n|-activate|p1b: Iron Bundle|ability: Quark Drive\n|-start|p1b: Iron Bundle|quarkdrivespe\n|-activate|p1a: Miraidon|ability: Hadron Engine\n|turn|1\n|\n|t:|1773565942\n|-end|p1b: Iron Bundle|Quark Drive|[silent]\n|switch|p1b: Incineroar|Incineroar, L50, F|100/100\n|-ability|p1b: Incineroar|Intimidate|boost\n|-unboost|p2a: Iron Bundle|atk|1\n|-unboost|p2b: Magical Mirai|atk|1\n|-terastallize|p1a: Miraidon|Electric\n|move|p2a: Iron Bundle|Icy Wind|p1b: Incineroar|[spread] p1a,p1b\n|-resisted|p1b: Incineroar\n|-damage|p1a: Miraidon|90/100\n|-damage|p1b: Incineroar|93/100\n|-unboost|p1a: Miraidon|spe|1\n|-unboost|p1b: Incineroar|spe|1\n|move|p2b: Magical Mirai|Volt Switch|p1a: Miraidon\n|-resisted|p1a: Miraidon\n|-damage|p1a: Miraidon|74/100\n|\n|t:|1773565947\n|switch|p2b: Incineroar|Incineroar, L50, M, shiny|100/100|[from] Volt Switch\n|-ability|p2b: Incineroar|Intimidate|boost\n|-unboost|p1a: Miraidon|atk|1\n|-unboost|p1b: Incineroar|atk|1\n|move|p1a: Miraidon|Electro Drift|p2b: Incineroar\n|-damage|p2b: Incineroar|25/100\n|\n|upkeep\n|turn|2\n|inactive|itszachstone has 30 seconds left.\n|inactive|itszachstone has 20 seconds left.\n|\n|t:|1773565985\n|switch|p2b: Magical Mirai|Miraidon, L50|100/100\n|-activate|p2b: Magical Mirai|ability: Hadron Engine\n|move|p2a: Iron Bundle|Protect|p2a: Iron Bundle\n|-singleturn|p2a: Iron Bundle|Protect\n|move|p1b: Incineroar|Fake Out|p2a: Iron Bundle\n|-activate|p2a: Iron Bundle|move: Protect\n|move|p1a: Miraidon|Dazzling Gleam|p2a: Iron Bundle|[spread] p2b\n|-activate|p2a: Iron Bundle|move: Protect\n|-supereffective|p2b: Magical Mirai\n|-damage|p2b: Magical Mirai|52/100\n|\n|upkeep\n|turn|3\n|\n|t:|1773566001\n|switch|p1a: Iron Bundle|Iron Bundle, L50|100/100\n|-activate|p1a: Iron Bundle|ability: Quark Drive\n|-start|p1a: Iron Bundle|quarkdrivespe\n|move|p2a: Iron Bundle|Icy Wind|p1b: Incineroar|[spread] p1a,p1b\n|-resisted|p1a: Iron Bundle\n|-resisted|p1b: Incineroar\n|-damage|p1a: Iron Bundle|91/100\n|-damage|p1b: Incineroar|84/100\n|-unboost|p1a: Iron Bundle|spe|1\n|-unboost|p1b: Incineroar|spe|1\n|move|p2b: Magical Mirai|Draco Meteor|p1a: Iron Bundle\n|-damage|p1a: Iron Bundle|0 fnt\n|-unboost|p2b: Magical Mirai|spa|2\n|faint|p1a: Iron Bundle\n|-end|p1a: Iron Bundle|Quark Drive|[silent]\n|move|p1b: Incineroar|Knock Off|p2b: Magical Mirai\n|-damage|p2b: Magical Mirai|24/100\n|-enditem|p2b: Magical Mirai|Choice Scarf|[from] move: Knock Off|[of] p1b: Incineroar\n|\n|upkeep\n|\n|t:|1773566023\n|switch|p1a: Miraidon|Miraidon, L50, tera:Electric|74/100\n|-activate|p1a: Miraidon|ability: Hadron Engine\n|turn|4\n|inactive|itszachstone has 30 seconds left.\n|\n|t:|1773566049\n|move|p2a: Iron Bundle|Icy Wind|p1b: Incineroar|[spread] p1a,p1b\n|-resisted|p1b: Incineroar\n|-damage|p1a: Miraidon|63/100\n|-damage|p1b: Incineroar|75/100\n|-unboost|p1a: Miraidon|spe|1\n|-unboost|p1b: Incineroar|spe|1\n|move|p2b: Magical Mirai|Volt Switch|p1b: Incineroar\n|-damage|p1b: Incineroar|49/100\n|\n|t:|1773566051\n|switch|p2b: Zamazenta|Zamazenta-Crowned, L50|100/100|[from] Volt Switch\n|-ability|p2b: Zamazenta|Dauntless Shield|boost\n|-boost|p2b: Zamazenta|def|1\n|move|p1a: Miraidon|Dazzling Gleam|p2b: Zamazenta|[spread] p2a,p2b\n|-damage|p2a: Iron Bundle|44/100\n|-damage|p2b: Zamazenta|78/100\n|move|p1b: Incineroar|Knock Off|p2a: Iron Bundle\n|-damage|p2a: Iron Bundle|13/100\n|-enditem|p2a: Iron Bundle|Focus Sash|[from] move: Knock Off|[of] p1b: Incineroar\n|\n|upkeep\n|turn|5\n|inactive|itszachstone has 30 seconds left.\n|\n|t:|1773566083\n|-end|p2a: Iron Bundle|Quark Drive|[silent]\n|switch|p2a: Incineroar|Incineroar, L50, M, shiny|25/100\n|-ability|p2a: Incineroar|Intimidate|boost\n|-unboost|p1a: Miraidon|atk|1\n|-unboost|p1b: Incineroar|atk|1\n|move|p2b: Zamazenta|Body Press|p1a: Miraidon\n|-damage|p1a: Miraidon|2/100\n|move|p1a: Miraidon|Dazzling Gleam|p2b: Zamazenta|[spread] p2a,p2b\n|-damage|p2a: Incineroar|7/100\n|-damage|p2b: Zamazenta|56/100\n|move|p1b: Incineroar|Flare Blitz|p2a: Incineroar\n|-resisted|p2a: Incineroar\n|-damage|p2a: Incineroar|0 fnt\n|faint|p2a: Incineroar\n|-damage|p1b: Incineroar|47/100|[from] Recoil\n|\n|-fieldend|move: Electric Terrain\n|upkeep\n|\n|t:|1773566090\n|switch|p2a: Magical Mirai|Miraidon, L50|24/100\n|-fieldstart|move: Electric Terrain|[from] ability: Hadron Engine|[of] p2a: Magical Mirai\n|turn|6\n|\n|t:|1773566101\n|move|p2b: Zamazenta|Body Press|p1a: Miraidon\n|-damage|p1a: Miraidon|0 fnt\n|faint|p1a: Miraidon\n|move|p2a: Magical Mirai|Volt Switch|p1b: Incineroar\n|-damage|p1b: Incineroar|0 fnt\n|faint|p1b: Incineroar\n|\n|t:|1773566105\n|switch|p2a: Iron Bundle|Iron Bundle, L50|13/100|[from] Volt Switch\n|-activate|p2a: Iron Bundle|ability: Quark Drive\n|-start|p2a: Iron Bundle|quarkdrivespe\n|\n|upkeep\n|\n|t:|1773566109\n|switch|p1b: Landorus|Landorus, L50, M|100/100\n|turn|7\n|-message|itszachstone forfeited.\n|\n|win|TheManOfSausage\n|raw|itszachstone's rating: 1349 &rarr; <strong>1335</strong><br />(-14 for losing)\n|raw|TheManOfSausage's rating: 1453 &rarr; <strong>1467</strong><br />(+14 for winning)\n|l|\u2606itszachstone\n|player|p1|\n|l|\u2606TheManOfSausage\n|player|p2|\n","uploadtime":1773566368,"views":16,"formatid":"gen9vgc2026regi","rating":1335,"private":0,"password":null}