{"id":"gen9vgc2026regi-2576303007","format":"[Gen 9] VGC 2026 Reg I","players":["TheNamesBetty","assprin"],"log":"|j|\u2606TheNamesBetty\n|j|\u2606assprin\n|t:|1775452152\n|gametype|doubles\n|player|p1|TheNamesBetty|koga|1391\n|player|p2|assprin|jasmine|1369\n|gen|9\n|tier|[Gen 9] VGC 2026 Reg I\n|rated|\n|rule|Species Clause: Limit one of each Pok\u00e9mon\n|rule|Item Clause: Limit 1 of each item\n|clearpoke\n|poke|p1|Koraidon, L50|\n|poke|p1|Calyrex-Shadow, L50|\n|poke|p1|Tornadus, L50, M|\n|poke|p1|Chi-Yu, L50|\n|poke|p1|Clefairy, L50, M|\n|poke|p1|Dewgong, L50, M|\n|poke|p2|Miraidon, L50|\n|poke|p2|Calyrex-Ice, L50|\n|poke|p2|Iron Hands, L50|\n|poke|p2|Grimmsnarl, L50, M|\n|poke|p2|Volcarona, L50, M|\n|poke|p2|Urshifu-*, L50, M|\n|teampreview|4\nTheNamesBetty has agreed to open team sheets.\nassprin has agreed to open team sheets.\n|showteam|p1|Koraidon||ClearAmulet|OrichalcumPulse|FlareBlitz,CollisionCourse,FlameCharge,Protect||||||50|,,,,,Fire]Calyrex-Shadow||LifeOrb|AsOneSpectrier|AstralBarrage,Psychic,NastyPlot,Protect||||||50|,,,,,Dark]Tornadus||SharpBeak|Prankster|BleakwindStorm,SunnyDay,Tailwind,Protect|||M|||50|,,,,,Dark]Chi-Yu||ChoiceScarf|BeadsofRuin|Overheat,HeatWave,DarkPulse,Snarl||||||50|,,,,,Fire]Clefairy||Eviolite|FriendGuard|FollowMe,HelpingHand,Encore,Protect|||M|||50|,,,,,Water]Dewgong||CovertCloak|ThickFat|FakeOut,PerishSong,Protect,IceShard|||M|||50|,,,,,Ground\n|showteam|p2|Miraidon||ChoiceSpecs|HadronEngine|ElectroDrift,DracoMeteor,VoltSwitch,DazzlingGleam||||||50|,,,,,Electric]Calyrex-Ice||ClearAmulet|AsOneGlastrier|GlacialLance,TrickRoom,LeechSeed,Protect||||||50|,,,,,Water]Iron Hands||AssaultVest|QuarkDrive|FakeOut,WildCharge,DrainPunch,LowKick||||||50|,,,,,Bug]Grimmsnarl||LightClay|Prankster|SpiritBreak,LightScreen,Reflect,ThunderWave|||M|||50|,,,,,Ghost]Volcarona||ElectricSeed|FlameBody|FieryDance,GigaDrain,QuiverDance,RagePowder|||M|||50|,,,,,Grass]Urshifu-Rapid-Strike||ChoiceScarf|UnseenFist|SurgingStrikes,CloseCombat,Uturn,Coaching|||M|||50|,,,,,Water\n|inactive|Battle timer is ON: inactive players will automatically lose when time's up. (requested by TheNamesBetty)\n|\n|t:|1775452221\n|teamsize|p1|4\n|teamsize|p2|4\n|start\n|switch|p1a: Jan\u017di\u017ekaZTrocnova|Koraidon, L50|100/100\n|switch|p1b: Chi-Yu|Chi-Yu, L50, shiny|100/100\n|switch|p2a: Miraidon|Miraidon, L50|100/100\n|switch|p2b: Grimmsnarl|Grimmsnarl, L50, M|100/100\n|-ability|p1b: Chi-Yu|Beads of Ruin\n|-fieldstart|move: Electric Terrain|[from] ability: Hadron Engine|[of] p2a: Miraidon\n|-weather|SunnyDay|[from] ability: Orichalcum Pulse|[of] p1a: Jan\u017di\u017ekaZTrocnova\n|-activate|p1a: Jan\u017di\u017ekaZTrocnova|Orichalcum Pulse|[source]\n|turn|1\n|inactive|TheNamesBetty has 30 seconds left.\n|\n|t:|1775452253\n|-terastallize|p1a: Jan\u017di\u017ekaZTrocnova|Fire\n|move|p2b: Grimmsnarl|Thunder Wave|p1a: Jan\u017di\u017ekaZTrocnova|[miss]\n|-miss|p2b: Grimmsnarl|p1a: Jan\u017di\u017ekaZTrocnova\n|move|p1b: Chi-Yu|Dark Pulse|p2a: Miraidon\n|-damage|p2a: Miraidon|42/100\n|move|p2a: Miraidon|Electro Drift|p1a: Jan\u017di\u017ekaZTrocnova\n|-damage|p1a: Jan\u017di\u017ekaZTrocnova|0 fnt\n|faint|p1a: Jan\u017di\u017ekaZTrocnova\n|\n|-weather|SunnyDay|[upkeep]\n|upkeep\n|\n|t:|1775452276\n|switch|p1a: DDDMaxVerstappeb|Dewgong, L50, M|100/100\n|turn|2\n|\n|t:|1775452293\n|move|p1a: DDDMaxVerstappeb|Fake Out|p2b: Grimmsnarl\n|-damage|p2b: Grimmsnarl|93/100\n|cant|p2b: Grimmsnarl|flinch\n|move|p1b: Chi-Yu|Dark Pulse|p2a: Miraidon\n|-damage|p2a: Miraidon|0 fnt\n|faint|p2a: Miraidon\n|\n|-weather|SunnyDay|[upkeep]\n|upkeep\n|\n|t:|1775452305\n|switch|p2a: Volcarona|Volcarona, L50, M|100/100\n|-enditem|p2a: Volcarona|Electric Seed\n|-boost|p2a: Volcarona|def|1|[from] item: Electric Seed\n|turn|3\n|\n|t:|1775452323\n|move|p1b: Chi-Yu|Dark Pulse|p2a: Volcarona\n|-damage|p2a: Volcarona|44/100\n|move|p2a: Volcarona|Giga Drain|p1a: DDDMaxVerstappeb\n|-supereffective|p1a: DDDMaxVerstappeb\n|-damage|p1a: DDDMaxVerstappeb|63/100\n|-heal|p2a: Volcarona|63/100|[from] drain|[of] p1a: DDDMaxVerstappeb\n|move|p1a: DDDMaxVerstappeb|Perish Song|p1a: DDDMaxVerstappeb\n|-start|p1a: DDDMaxVerstappeb|perish3|[silent]\n|-start|p1b: Chi-Yu|perish3|[silent]\n|-start|p2a: Volcarona|perish3|[silent]\n|-start|p2b: Grimmsnarl|perish3|[silent]\n|-fieldactivate|move: Perish Song\n|move|p2b: Grimmsnarl|Spirit Break|p1a: DDDMaxVerstappeb\n|-damage|p1a: DDDMaxVerstappeb|28/100\n|\n|-weather|SunnyDay|[upkeep]\n|-start|p1b: Chi-Yu|perish3\n|-start|p2a: Volcarona|perish3\n|-start|p1a: DDDMaxVerstappeb|perish3\n|-start|p2b: Grimmsnarl|perish3\n|upkeep\n|turn|4\n|inactive|assprin has 30 seconds left.\n|\n|t:|1775452353\n|switch|p1a: Kedluben|Calyrex-Shadow, L50|100/100\n|-ability|p1a: Kedluben|As One\n|-ability|p1a: Kedluben|Unnerve\n|move|p2b: Grimmsnarl|Light Screen|p2b: Grimmsnarl\n|-sidestart|p2: assprin|move: Light Screen\n|move|p1b: Chi-Yu|Dark Pulse|p2a: Volcarona\n|-damage|p2a: Volcarona|27/100\n|move|p2a: Volcarona|Fiery Dance|p1b: Chi-Yu\n|-resisted|p1b: Chi-Yu\n|-damage|p1b: Chi-Yu|70/100\n|-boost|p2a: Volcarona|spa|1\n|\n|-weather|SunnyDay|[upkeep]\n|-start|p1b: Chi-Yu|perish2\n|-start|p2a: Volcarona|perish2\n|-start|p2b: Grimmsnarl|perish2\n|upkeep\n|turn|5\n|inactive|TheNamesBetty has 30 seconds left.\n|\n|t:|1775452381\n|switch|p1b: DDDMaxVerstappeb|Dewgong, L50, M|28/100\n|move|p1a: Kedluben|Protect|p1a: Kedluben\n|-singleturn|p1a: Kedluben|Protect\n|move|p2b: Grimmsnarl|Thunder Wave|p1a: Kedluben\n|-activate|p1a: Kedluben|move: Protect\n|move|p2a: Volcarona|Fiery Dance|p1a: Kedluben\n|-activate|p1a: Kedluben|move: Protect\n|\n|-weather|none\n|-start|p2a: Volcarona|perish1\n|-start|p2b: Grimmsnarl|perish1\n|-fieldend|move: Electric Terrain\n|upkeep\n|turn|6\n|inactive|assprin has 30 seconds left.\n|inactive|assprin has 20 seconds left.\n|inactive|assprin has 15 seconds left.\n|\n|t:|1775452423\n|switch|p2b: Calyrex|Calyrex-Ice, L50|100/100\n|-ability|p2b: Calyrex|As One\n|-ability|p2b: Calyrex|Unnerve\n|move|p1b: DDDMaxVerstappeb|Fake Out|p2b: Calyrex\n|-damage|p2b: Calyrex|96/100\n|move|p1a: Kedluben|Astral Barrage|p2a: Volcarona|[spread] p2a,p2b\n|-supereffective|p2b: Calyrex\n|-damage|p2a: Volcarona|0 fnt\n|-damage|p2b: Calyrex|34/100\n|faint|p2a: Volcarona\n|-ability|p1a: Kedluben|Grim Neigh|boost\n|-boost|p1a: Kedluben|spa|1\n|-damage|p1a: Kedluben|91/100|[from] item: Life Orb\n|\n|upkeep\n|\n|t:|1775452433\n|switch|p2a: Grimmsnarl|Grimmsnarl, L50, M|93/100\n|turn|7\n|\n|t:|1775452440\n|switch|p1a: Chi-Yu|Chi-Yu, L50, shiny|70/100\n|-ability|p1a: Chi-Yu|Beads of Ruin\n|-terastallize|p2b: Calyrex|Water\n|move|p2a: Grimmsnarl|Thunder Wave|p1a: Chi-Yu\n|-hint|Since gen 7, Dark is immune to Prankster moves.\n|-immune|p1a: Chi-Yu\n|move|p1b: DDDMaxVerstappeb|Perish Song|p1b: DDDMaxVerstappeb\n|-start|p1a: Chi-Yu|perish3|[silent]\n|-start|p1b: DDDMaxVerstappeb|perish3|[silent]\n|-start|p2a: Grimmsnarl|perish3|[silent]\n|-start|p2b: Calyrex|perish3|[silent]\n|-fieldactivate|move: Perish Song\n|move|p2b: Calyrex|Glacial Lance|p1b: DDDMaxVerstappeb|[spread] p1a,p1b\n|-resisted|p1a: Chi-Yu\n|-resisted|p1b: DDDMaxVerstappeb\n|-damage|p1a: Chi-Yu|24/100\n|-damage|p1b: DDDMaxVerstappeb|20/100\n|\n|-start|p1a: Chi-Yu|perish3\n|-start|p1b: DDDMaxVerstappeb|perish3\n|-start|p2a: Grimmsnarl|perish3\n|-start|p2b: Calyrex|perish3\n|upkeep\n|turn|8\n|inactive|TheNamesBetty has 30 seconds left.\n|\n|t:|1775452474\n|move|p1b: DDDMaxVerstappeb|Protect|p1b: DDDMaxVerstappeb\n|-singleturn|p1b: DDDMaxVerstappeb|Protect\n|move|p1a: Chi-Yu|Dark Pulse|p2b: Calyrex\n|-damage|p2b: Calyrex|10/100\n|move|p2a: Grimmsnarl|Spirit Break|p1a: Chi-Yu\n|-damage|p1a: Chi-Yu|0 fnt\n|faint|p1a: Chi-Yu\n|cant|p2b: Calyrex|flinch\n|\n|-start|p1b: DDDMaxVerstappeb|perish2\n|-start|p2a: Grimmsnarl|perish2\n|-start|p2b: Calyrex|perish2\n|upkeep\n|\n|t:|1775452476\n|switch|p1a: Kedluben|Calyrex-Shadow, L50|91/100\n|-ability|p1a: Kedluben|As One\n|-ability|p1a: Kedluben|Unnerve\n|turn|9\n|\n|t:|1775452486\n|move|p1b: DDDMaxVerstappeb|Ice Shard|p2b: Calyrex\n|-resisted|p2b: Calyrex\n|-damage|p2b: Calyrex|6/100\n|move|p2a: Grimmsnarl|Thunder Wave|p1a: Kedluben\n|-status|p1a: Kedluben|par\n|move|p1a: Kedluben|Astral Barrage|p2b: Calyrex|[spread] p2a,p2b\n|-resisted|p2a: Grimmsnarl\n|-damage|p2a: Grimmsnarl|71/100\n|-damage|p2b: Calyrex|0 fnt\n|faint|p2b: Calyrex\n|-ability|p1a: Kedluben|Grim Neigh|boost\n|-boost|p1a: Kedluben|spa|1\n|-damage|p1a: Kedluben|81/100 par|[from] item: Life Orb\n|\n|-start|p1b: DDDMaxVerstappeb|perish1\n|-start|p2a: Grimmsnarl|perish1\n|upkeep\n|turn|10\n|\n|t:|1775452494\n|move|p1a: Kedluben|Protect|p1a: Kedluben\n|-singleturn|p1a: Kedluben|Protect\n|move|p1b: DDDMaxVerstappeb|Ice Shard|p2a: Grimmsnarl\n|-damage|p2a: Grimmsnarl|60/100\n|move|p2a: Grimmsnarl|Spirit Break|p1a: Kedluben\n|-activate|p1a: Kedluben|move: Protect\n|\n|-start|p1b: DDDMaxVerstappeb|perish0\n|-start|p2a: Grimmsnarl|perish0\n|faint|p1b: DDDMaxVerstappeb\n|faint|p2a: Grimmsnarl\n|\n|win|TheNamesBetty\n|raw|TheNamesBetty's rating: 1391 &rarr; <strong>1410</strong><br />(+19 for winning)\n|raw|assprin's rating: 1369 &rarr; <strong>1350</strong><br />(-19 for losing)\n|l|\u2606assprin\n|player|p2|\n","uploadtime":1775452518,"views":8,"formatid":"gen9vgc2026regi","rating":1350,"private":0,"password":null}