{"id":"gen9vgc2026regi-2566969647","format":"[Gen 9] VGC 2026 Reg I","players":["miniat","curfy324"],"log":"|j|\u2606miniat\n|j|\u2606curfy324\n|t:|1774436470\n|gametype|doubles\n|player|p1|miniat|cress|1408\n|player|p2|curfy324|2|1521\n|gen|9\n|tier|[Gen 9] VGC 2026 Reg I\n|rated|\n|rule|Species Clause: Limit one of each Pok\u00e9mon\n|rule|Item Clause: Limit 1 of each item\n|clearpoke\n|poke|p1|Lunala, L50|\n|poke|p1|Indeedee-F, L50, F|\n|poke|p1|Ogerpon-Hearthflame, L50, F|\n|poke|p1|Walking Wake, L50|\n|poke|p1|Whimsicott, L50, F|\n|poke|p1|Groudon, L50|\n|poke|p2|Zacian-*, L50|\n|poke|p2|Kyogre, L50|\n|poke|p2|Urshifu-*, L50, M|\n|poke|p2|Roaring Moon, L50|\n|poke|p2|Rillaboom, L50, F|\n|poke|p2|Volcarona, L50, M|\n|teampreview|4\n|inactive|Battle timer is ON: inactive players will automatically lose when time's up. (requested by curfy324)\n|\n|t:|1774436507\n|teamsize|p1|4\n|teamsize|p2|4\n|start\n|switch|p1a: Lunala|Lunala, L50|100/100\n|switch|p1b: Indeedee|Indeedee-F, L50, F|100/100\n|switch|p2a: Roaring Moon|Roaring Moon, L50, shiny|100/100\n|switch|p2b: Rillaboom|Rillaboom, L50, F, shiny|100/100\n|-fieldstart|move: Grassy Terrain|[from] ability: Grassy Surge|[of] p2b: Rillaboom\n|-fieldstart|move: Psychic Terrain|[from] ability: Psychic Surge|[of] p1b: Indeedee\n|-enditem|p2a: Roaring Moon|Booster Energy\n|-activate|p2a: Roaring Moon|ability: Protosynthesis|[fromitem]\n|-start|p2a: Roaring Moon|protosynthesisspe\n|turn|1\n|inactive|curfy324 has 30 seconds left.\n|inactive|curfy324 has 20 seconds left.\n|\n|t:|1774436544\n|move|p1b: Indeedee|Follow Me|p1b: Indeedee\n|-singleturn|p1b: Indeedee|move: Follow Me\n|move|p2a: Roaring Moon|Knock Off|p1b: Indeedee\n|-supereffective|p1b: Indeedee\n|-damage|p1b: Indeedee|0 fnt\n|-damage|p2a: Roaring Moon|84/100|[from] item: Rocky Helmet|[of] p1b: Indeedee\n|-enditem|p1b: Indeedee|Rocky Helmet|[from] move: Knock Off|[of] p2a: Roaring Moon\n|faint|p1b: Indeedee\n|move|p2b: Rillaboom|U-turn|p1a: Lunala\n|-damage|p1a: Lunala|91/100\n|\n|t:|1774436556\n|switch|p2b: Zacian|Zacian-Crowned, L50, shiny|100/100|[from] U-turn\n|-ability|p2b: Zacian|Intrepid Sword|boost\n|-boost|p2b: Zacian|atk|1\n|move|p1a: Lunala|Trick Room|p1a: Lunala\n|-fieldstart|move: Trick Room|[of] p1a: Lunala\n|\n|upkeep\n|\n|t:|1774436559\n|switch|p1b: Groudon|Groudon, L50|100/100\n|-weather|SunnyDay|[from] ability: Drought|[of] p1b: Groudon\n|turn|2\n|\n|t:|1774436569\n|-terastallize|p2a: Roaring Moon|Flying\n|move|p2b: Zacian|Protect|p2b: Zacian\n|-singleturn|p2b: Zacian|Protect\n|move|p1b: Groudon|Heat Crash|p2a: Roaring Moon\n|-damage|p2a: Roaring Moon|43/100\n|move|p1a: Lunala|Meteor Beam||[still]\n|-prepare|p1a: Lunala|Meteor Beam\n|-boost|p1a: Lunala|spa|1\n|-enditem|p1a: Lunala|Power Herb\n|-anim|p1a: Lunala|Meteor Beam|p2a: Roaring Moon\n|-supereffective|p2a: Roaring Moon\n|-damage|p2a: Roaring Moon|0 fnt\n|faint|p2a: Roaring Moon\n|-end|p2a: Roaring Moon|Protosynthesis|[silent]\n|\n|-weather|SunnyDay|[upkeep]\n|upkeep\n|\n|t:|1774436586\n|switch|p2a: Rillaboom|Rillaboom, L50, F, shiny|100/100\n|-fieldstart|move: Grassy Terrain|[from] ability: Grassy Surge|[of] p2a: Rillaboom\n|turn|3\n|\n|t:|1774436595\n|move|p1b: Groudon|Protect|p1b: Groudon\n|-singleturn|p1b: Groudon|Protect\n|move|p2a: Rillaboom|Fake Out|p1b: Groudon\n|-activate|p1b: Groudon|move: Protect\n|move|p1a: Lunala|Moongeist Beam|p2b: Zacian\n|-damage|p2b: Zacian|21/100\n|move|p2b: Zacian|Behemoth Blade|p1a: Lunala\n|-damage|p1a: Lunala|19/100\n|\n|-weather|SunnyDay|[upkeep]\n|-heal|p1a: Lunala|25/100|[from] Grassy Terrain\n|-heal|p2b: Zacian|27/100|[from] Grassy Terrain\n|upkeep\n|turn|4\n|\n|t:|1774436619\n|switch|p1a: Walking Wake|Walking Wake, L50|100/100\n|-activate|p1a: Walking Wake|ability: Protosynthesis\n|-start|p1a: Walking Wake|protosynthesisspe\n|-terastallize|p1b: Groudon|Fire\n|move|p2b: Zacian|Protect|p2b: Zacian\n|-singleturn|p2b: Zacian|Protect\n|move|p2a: Rillaboom|Grassy Glide|p1a: Walking Wake\n|-damage|p1a: Walking Wake|64/100\n|move|p1b: Groudon|Heat Crash|p2a: Rillaboom\n|-supereffective|p2a: Rillaboom\n|-damage|p2a: Rillaboom|0 fnt\n|faint|p2a: Rillaboom\n|\n|-weather|SunnyDay|[upkeep]\n|-heal|p2b: Zacian|33/100|[from] Grassy Terrain\n|-heal|p1a: Walking Wake|70/100|[from] Grassy Terrain\n|upkeep\n|\n|t:|1774436638\n|switch|p2a: Kyogre|Kyogre, L50|100/100\n|-weather|RainDance|[from] ability: Drizzle|[of] p2a: Kyogre\n|-end|p1a: Walking Wake|Protosynthesis\n|turn|5\n|\n|t:|1774436650\n|switch|p1b: Lunala|Lunala, L50|25/100\n|move|p1a: Walking Wake|Protect|p1a: Walking Wake\n|-singleturn|p1a: Walking Wake|Protect\n|move|p2b: Zacian|Protect||[still]\n|-fail|p2b: Zacian\n|move|p2a: Kyogre|Origin Pulse|p1b: Lunala|[spread] p1b\n|-activate|p1a: Walking Wake|move: Protect\n|-damage|p1b: Lunala|0 fnt\n|faint|p1b: Lunala\n|\n|-weather|RainDance|[upkeep]\n|-heal|p1a: Walking Wake|77/100|[from] Grassy Terrain\n|-heal|p2b: Zacian|39/100|[from] Grassy Terrain\n|-fieldend|move: Trick Room\n|upkeep\n|\n|t:|1774436659\n|switch|p1b: Groudon|Groudon, L50, tera:Fire|100/100\n|-weather|SunnyDay|[from] ability: Drought|[of] p1b: Groudon\n|-activate|p1a: Walking Wake|ability: Protosynthesis\n|-start|p1a: Walking Wake|protosynthesisspe\n|turn|6\n|inactive|miniat has 30 seconds left.\n|\n|t:|1774436690\n|move|p1a: Walking Wake|Hydro Steam|p2b: Zacian\n|-damage|p2b: Zacian|0 fnt\n|faint|p2b: Zacian\n|-damage|p1a: Walking Wake|67/100|[from] item: Life Orb\n|move|p2a: Kyogre|Hydro Pump|p1b: Groudon\n|-supereffective|p1b: Groudon\n|-damage|p1b: Groudon|32/100\n|move|p1b: Groudon|High Horsepower|p2a: Kyogre\n|-damage|p2a: Kyogre|39/100\n|\n|-weather|SunnyDay|[upkeep]\n|-heal|p1a: Walking Wake|73/100|[from] Grassy Terrain\n|-heal|p2a: Kyogre|46/100|[from] Grassy Terrain\n|-heal|p1b: Groudon|38/100|[from] Grassy Terrain\n|upkeep\n|turn|7\n|-message|curfy324 forfeited.\n|\n|win|miniat\n|raw|miniat's rating: 1408 &rarr; <strong>1434</strong><br />(+26 for winning)\n|raw|curfy324's rating: 1521 &rarr; <strong>1495</strong><br />(-26 for losing)\n|l|\u2606curfy324\n|player|p2|\n","uploadtime":1774436884,"views":16,"formatid":"gen9vgc2026regi","rating":1434,"private":0,"password":null}