{"id":"gen9vgc2026regi-2578901198","format":"[Gen 9] VGC 2026 Reg I","players":["asroarri","Sheevp"],"log":"|j|\u2606asroarri\n|j|\u2606Sheevp\n|t:|1775734296\n|gametype|doubles\n|player|p1|asroarri|dawn|1540\n|player|p2|Sheevp|102|1456\n|gen|9\n|tier|[Gen 9] VGC 2026 Reg I\n|rated|\n|rule|Species Clause: Limit one of each Pok\u00e9mon\n|rule|Item Clause: Limit 1 of each item\n|clearpoke\n|poke|p1|Calyrex-Ice, L50|\n|poke|p1|Miraidon, L50|\n|poke|p1|Iron Hands, L50|\n|poke|p1|Farigiraf, L50, M|\n|poke|p1|Torkoal, L50, F|\n|poke|p1|Smeargle, L50, F|\n|poke|p2|Miraidon, L50|\n|poke|p2|Okidogi, L50, M|\n|poke|p2|Lunala, L50|\n|poke|p2|Iron Bundle, L50|\n|poke|p2|Ursaluna, L50, M|\n|poke|p2|Ogerpon-Cornerstone, L50, F|\n|teampreview|4\n|inactive|Battle timer is ON: inactive players will automatically lose when time's up. (requested by asroarri)\n|j| oztegkj6\n|inactive|asroarri has 60 seconds left.\n|\n|t:|1775734331\n|teamsize|p1|4\n|teamsize|p2|4\n|start\n|switch|p1a: Calyrex|Calyrex-Ice, L50|100/100\n|switch|p1b: Smeargle|Smeargle, L50, F|100/100\n|switch|p2a: Lunala|Lunala, L50|100/100\n|switch|p2b: Miraidon|Miraidon, L50|100/100\n|-ability|p1a: Calyrex|As One\n|-ability|p1a: Calyrex|Unnerve\n|-fieldstart|move: Electric Terrain|[from] ability: Hadron Engine|[of] p2b: Miraidon\n|-enditem|p2a: Lunala|Electric Seed\n|-boost|p2a: Lunala|def|1|[from] item: Electric Seed\n|turn|1\n|inactive|Sheevp has 30 seconds left.\n|\n|t:|1775734363\n|-terastallize|p1a: Calyrex|Ground\n|move|p1b: Smeargle|Fake Out|p2b: Miraidon\n|-damage|p2b: Miraidon|93/100\n|cant|p2b: Miraidon|flinch\n|move|p2a: Lunala|Moonblast|p1a: Calyrex\n|-damage|p1a: Calyrex|79/100\n|move|p1a: Calyrex|Trick Room|p1a: Calyrex\n|-fieldstart|move: Trick Room|[of] p1a: Calyrex\n|\n|upkeep\n|turn|2\n|\n|t:|1775734376\n|switch|p2b: Ursaluna|Ursaluna, L50, M|100/100\n|move|p1a: Calyrex|High Horsepower|p2b: Ursaluna\n|-damage|p2b: Ursaluna|52/100\n|move|p1b: Smeargle|Ruination|p2a: Lunala\n|-damage|p2a: Lunala|51/100\n|move|p2a: Lunala|Moonblast|p1b: Smeargle\n|-damage|p1b: Smeargle|34/100\n|\n|-status|p2b: Ursaluna|brn|[from] item: Flame Orb\n|upkeep\n|turn|3\n|inactive|asroarri has 30 seconds left.\n|\n|t:|1775734405\n|move|p2a: Lunala|Wide Guard|p2a: Lunala\n|-singleturn|p2a: Lunala|Wide Guard\n|move|p1b: Smeargle|Follow Me|p1b: Smeargle\n|-singleturn|p1b: Smeargle|move: Follow Me\n|move|p1a: Calyrex|High Horsepower|p2b: Ursaluna\n|-damage|p2b: Ursaluna|7/100 brn\n|move|p2b: Ursaluna|Earthquake|p1a: Calyrex|[spread] p1a,p1b\n|-activate|p2a: Lunala|move: Wide Guard\n|-damage|p1a: Calyrex|36/100\n|-damage|p1b: Smeargle|0 fnt\n|faint|p1b: Smeargle\n|\n|-damage|p2b: Ursaluna|1/100 brn|[from] brn\n|upkeep\n|\n|t:|1775734414\n|switch|p1b: Torkoal|Torkoal, L50, F|100/100\n|-weather|SunnyDay|[from] ability: Drought|[of] p1b: Torkoal\n|turn|4\n|\n|t:|1775734431\n|move|p2b: Ursaluna|Protect|p2b: Ursaluna\n|-singleturn|p2b: Ursaluna|Protect\n|move|p2a: Lunala|Wide Guard|p2a: Lunala\n|-singleturn|p2a: Lunala|Wide Guard\n|move|p1b: Torkoal|Weather Ball|p2a: Lunala\n|-damage|p2a: Lunala|0 fnt\n|faint|p2a: Lunala\n|move|p1a: Calyrex|High Horsepower|p2b: Ursaluna\n|-activate|p2b: Ursaluna|move: Protect\n|\n|-weather|SunnyDay|[upkeep]\n|-damage|p2b: Ursaluna|0 fnt|[from] brn\n|faint|p2b: Ursaluna\n|upkeep\n|\n|t:|1775734442\n|switch|p2b: Miraidon|Miraidon, L50|93/100\n|switch|p2a: Ogerpon|Ogerpon-Cornerstone, L50, F|100/100\n|-activate|p2b: Miraidon|ability: Hadron Engine\n|turn|5\n|\n|t:|1775734458\n|move|p2a: Ogerpon|Spiky Shield|p2a: Ogerpon\n|-singleturn|p2a: Ogerpon|move: Protect\n|move|p2b: Miraidon|Protect|p2b: Miraidon\n|-singleturn|p2b: Miraidon|Protect\n|move|p1b: Torkoal|Weather Ball|p2b: Miraidon\n|-activate|p2b: Miraidon|move: Protect\n|move|p1a: Calyrex|Glacial Lance|p2b: Miraidon|[spread] \n|-activate|p2a: Ogerpon|move: Protect\n|-activate|p2b: Miraidon|move: Protect\n|\n|-weather|SunnyDay|[upkeep]\n|-fieldend|move: Trick Room\n|-fieldend|move: Electric Terrain\n|upkeep\n|turn|6\n|j| adaysanchez10\n|l| adaysanchez10\n|\n|t:|1775734475\n|move|p2b: Miraidon|Draco Meteor|p1a: Calyrex\n|-damage|p1a: Calyrex|0 fnt\n|-unboost|p2b: Miraidon|spa|2\n|faint|p1a: Calyrex\n|-damage|p2b: Miraidon|83/100|[from] item: Life Orb\n|move|p2a: Ogerpon|Ivy Cudgel|p1b: Torkoal|[anim] Ivy Cudgel Rock\n|-supereffective|p1b: Torkoal\n|-damage|p1b: Torkoal|11/100\n|move|p1b: Torkoal|Weather Ball|p2a: Ogerpon\n|-ability|p2a: Ogerpon|Sturdy\n|-damage|p2a: Ogerpon|1/100\n|\n|-weather|SunnyDay|[upkeep]\n|upkeep\n|\n|t:|1775734485\n|switch|p1a: Miraidon|Miraidon, L50|100/100\n|-fieldstart|move: Electric Terrain|[from] ability: Hadron Engine|[of] p1a: Miraidon\n|turn|7\n|\n|t:|1775734503\n|move|p2a: Ogerpon|Follow Me|p2a: Ogerpon\n|-singleturn|p2a: Ogerpon|move: Follow Me\n|move|p1a: Miraidon|Snarl|p2a: Ogerpon|[spread] p2a,p2b\n|-damage|p2a: Ogerpon|0 fnt\n|-damage|p2b: Miraidon|65/100\n|-unboost|p2b: Miraidon|spa|1\n|faint|p2a: Ogerpon\n|move|p2b: Miraidon|Draco Meteor|p1a: Miraidon\n|-supereffective|p1a: Miraidon\n|-damage|p1a: Miraidon|14/100\n|-unboost|p2b: Miraidon|spa|2\n|-damage|p2b: Miraidon|56/100|[from] item: Life Orb\n|move|p1b: Torkoal|Weather Ball|p2b: Miraidon\n|-resisted|p2b: Miraidon\n|-damage|p2b: Miraidon|13/100\n|\n|-weather|SunnyDay|[upkeep]\n|upkeep\n|turn|8\n|\n|t:|1775734518\n|move|p1a: Miraidon|Snarl|p2b: Miraidon\n|-damage|p2b: Miraidon|0 fnt\n|faint|p2b: Miraidon\n|\n|win|asroarri\n|raw|asroarri's rating: 1540 &rarr; <strong>1555</strong><br />(+15 for winning)\n|raw|Sheevp's rating: 1456 &rarr; <strong>1441</strong><br />(-15 for losing)\n|l|\u2606Sheevp\n|player|p2|\n|l|\u2606asroarri\n|player|p1|\n","uploadtime":1775734779,"views":9,"formatid":"gen9vgc2026regi","rating":1441,"private":0,"password":null}