{"id":"gen9vgc2026regi-2589193096","format":"[Gen 9] VGC 2026 Reg I","players":["JD Pope","Simon0123"],"log":"|j|\u2606JD Pope\n|j|\u2606Simon0123\n|t:|1776705669\n|gametype|doubles\n|player|p1|JD Pope|101|1509\n|player|p2|Simon0123|benga|1574\n|gen|9\n|tier|[Gen 9] VGC 2026 Reg I\n|rated|\n|rule|Species Clause: Limit one of each Pok\u00e9mon\n|rule|Item Clause: Limit 1 of each item\n|clearpoke\n|poke|p1|Miraidon, L50|\n|poke|p1|Urshifu-*, L50, F|\n|poke|p1|Calyrex-Ice, L50|\n|poke|p1|Flutter Mane, L50|\n|poke|p1|Landorus, L50, M|\n|poke|p1|Talonflame, L50, M|\n|poke|p2|Zacian-*, L50|\n|poke|p2|Kyogre, L50|\n|poke|p2|Tornadus, L50, M|\n|poke|p2|Urshifu-*, L50, F|\n|poke|p2|Incineroar, L50, M|\n|poke|p2|Rillaboom, L50, F|\n|teampreview|4\n|inactive|Battle timer is ON: inactive players will automatically lose when time's up. (requested by Simon0123)\n|inactive|JD Pope has 60 seconds left.\nSimon0123 has agreed to open team sheets.\n|\n|t:|1776705705\n|teamsize|p1|4\n|teamsize|p2|4\n|start\n|switch|p1a: Talonflame|Talonflame, L50, M|100/100\n|switch|p1b: Miraidon|Miraidon, L50|100/100\n|switch|p2a: Tornadus|Tornadus, L50, M, shiny|100/100\n|switch|p2b: Kyogre|Kyogre, L50, shiny|100/100\n|-fieldstart|move: Electric Terrain|[from] ability: Hadron Engine|[of] p1b: Miraidon\n|-weather|RainDance|[from] ability: Drizzle|[of] p2b: Kyogre\n|turn|1\n|\n|t:|1776705722\n|-terastallize|p2b: Kyogre|Ground\n|move|p1a: Talonflame|Tailwind|p1a: Talonflame\n|-sidestart|p1: JD Pope|move: Tailwind\n|move|p2a: Tornadus|Tailwind|p2a: Tornadus\n|-sidestart|p2: Simon0123|move: Tailwind\n|move|p1b: Miraidon|Electro Drift|p2b: Kyogre\n|-immune|p2b: Kyogre\n|move|p2b: Kyogre|Water Spout|p1a: Talonflame|[spread] p1a,p1b\n|-supereffective|p1a: Talonflame\n|-resisted|p1b: Miraidon\n|-damage|p1a: Talonflame|0 fnt\n|-damage|p1b: Miraidon|42/100\n|faint|p1a: Talonflame\n|\n|-weather|RainDance|[upkeep]\n|upkeep\n|\n|t:|1776705728\n|switch|p1a: Calyrex|Calyrex-Ice, L50|100/100\n|-ability|p1a: Calyrex|As One\n|-ability|p1a: Calyrex|Unnerve\n|turn|2\n|\n|t:|1776705742\n|-terastallize|p1a: Calyrex|Water\n|move|p1b: Miraidon|Electro Drift|p2a: Tornadus\n|-supereffective|p2a: Tornadus\n|-enditem|p2a: Tornadus|Focus Sash\n|-damage|p2a: Tornadus|1/100\n|move|p2a: Tornadus|Bleakwind Storm|p1b: Miraidon|[spread] p1a,p1b\n|-resisted|p1b: Miraidon\n|-damage|p1a: Calyrex|77/100\n|-damage|p1b: Miraidon|25/100\n|-unboost|p1b: Miraidon|spe|1\n|move|p2b: Kyogre|Water Spout|p1b: Miraidon|[spread] p1a,p1b\n|-resisted|p1a: Calyrex\n|-resisted|p1b: Miraidon\n|-damage|p1a: Calyrex|35/100\n|-damage|p1b: Miraidon|0 fnt\n|faint|p1b: Miraidon\n|move|p1a: Calyrex|Glacial Lance|p2a: Tornadus|[spread] p2a,p2b\n|-supereffective|p2a: Tornadus\n|-supereffective|p2b: Kyogre\n|-damage|p2a: Tornadus|0 fnt\n|-damage|p2b: Kyogre|0 fnt\n|faint|p2a: Tornadus\n|faint|p2b: Kyogre\n|-ability|p1a: Calyrex|Chilling Neigh|boost\n|-boost|p1a: Calyrex|atk|2\n|\n|-weather|RainDance|[upkeep]\n|upkeep\n|\n|t:|1776705762\n|switch|p1b: Landorus|Landorus, L50, M|100/100\n|switch|p2a: Zacian|Zacian-Crowned, L50, shiny|100/100\n|switch|p2b: Incineroar|Incineroar, L50, M, shiny|100/100\n|-ability|p2a: Zacian|Intrepid Sword|boost\n|-boost|p2a: Zacian|atk|1\n|-ability|p2b: Incineroar|Intimidate|boost\n|-fail|p1a: Calyrex|unboost|[from] item: Clear Amulet|[of] p1a: Calyrex\n|-unboost|p1b: Landorus|atk|1\n|turn|3\n|inactive|Simon0123 has 30 seconds left.\n|\n|t:|1776705789\n|move|p1b: Landorus|Protect|p1b: Landorus\n|-singleturn|p1b: Landorus|Protect\n|move|p1a: Calyrex|Protect|p1a: Calyrex\n|-singleturn|p1a: Calyrex|Protect\n|move|p2b: Incineroar|Fake Out|p1a: Calyrex\n|-activate|p1a: Calyrex|move: Protect\n|move|p2a: Zacian|Behemoth Blade|p1b: Landorus\n|-activate|p1b: Landorus|move: Protect\n|\n|-weather|RainDance|[upkeep]\n|upkeep\n|turn|4\n|inactive|Simon0123 has 30 seconds left.\n|\n|t:|1776705821\n|move|p2a: Zacian|Behemoth Blade|p1b: Landorus\n|-damage|p1b: Landorus|0 fnt\n|faint|p1b: Landorus\n|move|p2b: Incineroar|Knock Off|p1a: Calyrex\n|-damage|p1a: Calyrex|11/100\n|-enditem|p1a: Calyrex|Clear Amulet|[from] move: Knock Off|[of] p2b: Incineroar\n|move|p1a: Calyrex|Trick Room|p1a: Calyrex\n|-fieldstart|move: Trick Room|[of] p1a: Calyrex\n|\n|-weather|RainDance|[upkeep]\n|-sideend|p1: JD Pope|move: Tailwind\n|-sideend|p2: Simon0123|move: Tailwind\n|upkeep\n|turn|5\n|\n|t:|1776705841\n|move|p1a: Calyrex|High Horsepower|p2a: Zacian|[miss]\n|-miss|p1a: Calyrex|p2a: Zacian\n|move|p2b: Incineroar|Knock Off|p1a: Calyrex\n|-damage|p1a: Calyrex|0 fnt\n|faint|p1a: Calyrex\n|\n|win|Simon0123\n|raw|JD Pope's rating: 1509 &rarr; <strong>1493</strong><br />(-16 for losing)\n|raw|Simon0123's rating: 1574 &rarr; <strong>1590</strong><br />(+16 for winning)\n|l|\u2606JD Pope\n|player|p1|\n|c|\u2606Simon0123|Ez\n|l|\u2606Simon0123\n|player|p2|\n","uploadtime":1776706083,"views":7,"formatid":"gen9vgc2026regi","rating":1493,"private":0,"password":null}