{"id":"gen9vgc2026regi-2532208200","format":"[Gen 9] VGC 2026 Reg I","players":["Greg J Alexander","kojimuranishi"],"log":"|j|\u2606Greg J Alexander\n|j|\u2606kojimuranishi\n|t:|1770149981\n|gametype|doubles\n|player|p1|Greg J Alexander|265|1407\n|player|p2|kojimuranishi|2|1487\n|gen|9\n|tier|[Gen 9] VGC 2026 Reg I\n|rated|\n|rule|Species Clause: Limit one of each Pok\u00e9mon\n|rule|Item Clause: Limit 1 of each item\n|clearpoke\n|poke|p1|Mimikyu, L50, F|\n|poke|p1|Hariyama, L50, M|\n|poke|p1|Calyrex-Ice, L50|\n|poke|p1|Groudon, L50|\n|poke|p1|Grimmsnarl, L50, M|\n|poke|p1|Clefable, L50, F|\n|poke|p2|Whimsicott, L50, F|\n|poke|p2|Chi-Yu, L50|\n|poke|p2|Calyrex-Ice, L50|\n|poke|p2|Miraidon, L50|\n|poke|p2|Ursaluna, L50, M|\n|poke|p2|Torkoal, L50, F|\n|teampreview|4\n|inactive|Battle timer is ON: inactive players will automatically lose when time's up. (requested by kojimuranishi)\n|\n|t:|1770150020\n|teamsize|p1|4\n|teamsize|p2|4\n|start\n|switch|p1a: Grimmsnarl|Grimmsnarl, L50, M|100/100\n|switch|p1b: Big Hands|Hariyama, L50, M|100/100\n|switch|p2a: Chi-Yu|Chi-Yu, L50|100/100\n|switch|p2b: Calyrex|Calyrex-Ice, L50|100/100\n|-ability|p2b: Calyrex|As One\n|-ability|p2b: Calyrex|Unnerve\n|-ability|p2a: Chi-Yu|Beads of Ruin\n|turn|1\n|\n|t:|1770150040\n|move|p1b: Big Hands|Fake Out|p2a: Chi-Yu\n|-damage|p2a: Chi-Yu|78/100\n|move|p1a: Grimmsnarl|Reflect|p1a: Grimmsnarl\n|-sidestart|p1: Greg J Alexander|Reflect\n|cant|p2a: Chi-Yu|flinch\n|move|p2b: Calyrex|High Horsepower|p1b: Big Hands\n|-damage|p1b: Big Hands|61/100\n|\n|upkeep\n|turn|2\n|\n|t:|1770150058\n|move|p1a: Grimmsnarl|Light Screen|p1a: Grimmsnarl\n|-sidestart|p1: Greg J Alexander|move: Light Screen\n|move|p2a: Chi-Yu|Heat Wave|p1b: Big Hands|[spread] p1a,p1b\n|-damage|p1a: Grimmsnarl|48/100\n|-damage|p1b: Big Hands|32/100\n|move|p2b: Calyrex|High Horsepower|p1b: Big Hands\n|-damage|p1b: Big Hands|0 fnt\n|faint|p1b: Big Hands\n|-ability|p2b: Calyrex|Chilling Neigh|boost\n|-boost|p2b: Calyrex|atk|1\n|\n|upkeep\n|\n|t:|1770150071\n|switch|p1b: Raider|Calyrex-Ice, L50|100/100\n|-ability|p1b: Raider|As One\n|-ability|p1b: Raider|Unnerve\n|turn|3\n|inactive|Greg J Alexander has 30 seconds left.\n|\n|t:|1770150097\n|-terastallize|p1b: Raider|Water\n|move|p2a: Chi-Yu|Heat Wave|p1b: Raider|[spread] p1a,p1b\n|-resisted|p1b: Raider\n|-damage|p1a: Grimmsnarl|1/100\n|-damage|p1b: Raider|83/100\n|move|p2b: Calyrex|High Horsepower|p1b: Raider\n|-damage|p1b: Raider|47/100\n|move|p1a: Grimmsnarl|Spirit Break|p2a: Chi-Yu\n|-damage|p2a: Chi-Yu|23/100\n|-unboost|p2a: Chi-Yu|spa|1\n|move|p1b: Raider|Trick Room|p1b: Raider\n|-fieldstart|move: Trick Room|[of] p1b: Raider\n|\n|upkeep\n|turn|4\n|inactive|kojimuranishi has 30 seconds left.\n|\n|t:|1770150123\n|switch|p1a: Groudon|Groudon, L50|100/100\n|-weather|SunnyDay|[from] ability: Drought|[of] p1a: Groudon\n|move|p1b: Raider|Glacial Lance|p2b: Calyrex|[spread] p2a,p2b\n|-resisted|p2a: Chi-Yu\n|-resisted|p2b: Calyrex\n|-damage|p2a: Chi-Yu|0 fnt\n|-damage|p2b: Calyrex|81/100\n|faint|p2a: Chi-Yu\n|-ability|p1b: Raider|Chilling Neigh|boost\n|-boost|p1b: Raider|atk|1\n|move|p2b: Calyrex|High Horsepower|p1b: Raider\n|-damage|p1b: Raider|14/100\n|\n|-weather|SunnyDay|[upkeep]\n|upkeep\n|\n|t:|1770150138\n|switch|p2a: Torkoal|Torkoal, L50, F|100/100\n|turn|5\n|\n|t:|1770150150\n|-terastallize|p2a: Torkoal|Fire\n|move|p1b: Raider|Protect|p1b: Raider\n|-singleturn|p1b: Raider|Protect\n|move|p2a: Torkoal|Eruption|p1a: Groudon|[spread] p1a\n|-activate|p1b: Raider|move: Protect\n|-damage|p1a: Groudon|16/100\n|-damage|p2a: Torkoal|91/100|[from] item: Life Orb\n|move|p1a: Groudon|Precipice Blades|p2b: Calyrex|[spread] p2a,p2b\n|-supereffective|p2a: Torkoal\n|-damage|p2a: Torkoal|0 fnt\n|-damage|p2b: Calyrex|41/100\n|faint|p2a: Torkoal\n|move|p2b: Calyrex|High Horsepower|p1a: Groudon\n|-crit|p1a: Groudon\n|-damage|p1a: Groudon|0 fnt\n|faint|p1a: Groudon\n|-ability|p2b: Calyrex|Chilling Neigh|boost\n|-boost|p2b: Calyrex|atk|1\n|\n|-weather|SunnyDay|[upkeep]\n|upkeep\n|\n|t:|1770150172\n|switch|p2a: Ursaluna|Ursaluna, L50, M|100/100\n|switch|p1a: Grimmsnarl|Grimmsnarl, L50, M|1/100\n|turn|6\n|\n|t:|1770150181\n|move|p2a: Ursaluna|Protect|p2a: Ursaluna\n|-singleturn|p2a: Ursaluna|Protect\n|move|p1a: Grimmsnarl|Misty Terrain|p1a: Grimmsnarl\n|-fieldstart|move: Misty Terrain\n|move|p1b: Raider|High Horsepower|p2b: Calyrex\n|-damage|p2b: Calyrex|0 fnt\n|faint|p2b: Calyrex\n|-ability|p1b: Raider|Chilling Neigh|boost\n|-boost|p1b: Raider|atk|1\n|\n|-weather|SunnyDay|[upkeep]\n|upkeep\n|turn|7\n|\n|t:|1770150195\n|move|p2a: Ursaluna|Facade|p1b: Raider\n|-damage|p1b: Raider|0 fnt\n|faint|p1b: Raider\n|move|p1a: Grimmsnarl|Spirit Break|p2a: Ursaluna\n|-damage|p2a: Ursaluna|78/100\n|-unboost|p2a: Ursaluna|spa|1\n|\n|-weather|SunnyDay|[upkeep]\n|-fieldend|move: Trick Room\n|upkeep\n|turn|8\n|\n|t:|1770150207\n|move|p1a: Grimmsnarl|Spirit Break|p2a: Ursaluna\n|-damage|p2a: Ursaluna|55/100\n|-unboost|p2a: Ursaluna|spa|1\n|move|p2a: Ursaluna|Facade|p1a: Grimmsnarl\n|-damage|p1a: Grimmsnarl|0 fnt\n|faint|p1a: Grimmsnarl\n|\n|win|kojimuranishi\n|raw|Greg J Alexander's rating: 1407 &rarr; <strong>1392</strong><br />(-15 for losing)\n|raw|kojimuranishi's rating: 1487 &rarr; <strong>1502</strong><br />(+15 for winning)\n|l|\u2606Greg J Alexander\n|player|p1|\n|l|\u2606kojimuranishi\n|player|p2|\n","uploadtime":1770150402,"views":27,"formatid":"gen9vgc2026regi","rating":1392,"private":0,"password":null}