{"id":"gen9vgc2026regi-2519259325","format":"[Gen 9] VGC 2026 Reg I","players":["paradox franco","ky123456"],"log":"|j|\u2606paradox franco\n|j|\u2606ky123456\n|t:|1768489678\n|gametype|doubles\n|player|p1|paradox franco|elesa|1294\n|player|p2|ky123456|cynthia-gen4|1408\n|gen|9\n|tier|[Gen 9] VGC 2026 Reg I\n|rated|\n|rule|Species Clause: Limit one of each Pok\u00e9mon\n|rule|Item Clause: Limit 1 of each item\n|clearpoke\n|poke|p1|Calyrex-Shadow, L50|\n|poke|p1|Zamazenta-*, L50|\n|poke|p1|Raging Bolt, L50|\n|poke|p1|Urshifu-*, L50, M|\n|poke|p1|Dragonite, L50, M|\n|poke|p1|Weezing-Galar, L50, M|\n|poke|p2|Miraidon, L50|\n|poke|p2|Incineroar, L50, M|\n|poke|p2|Calyrex-Ice, L50|\n|poke|p2|Landorus, L50, M|\n|poke|p2|Urshifu-*, L50, M|\n|poke|p2|Grimmsnarl, L50, M|\n|teampreview|4\n|\n|t:|1768489705\n|teamsize|p1|4\n|teamsize|p2|4\n|start\n|switch|p1a: Calyrex|Calyrex-Shadow, L50|100/100\n|switch|p1b: Weezing|Weezing-Galar, L50, M|100/100\n|switch|p2a: Calyrex|Calyrex-Ice, L50|100/100\n|switch|p2b: Grimmsnarl|Grimmsnarl, L50, M|100/100\n|-ability|p1b: Weezing|Neutralizing Gas\n|-ability|p1a: Calyrex|As One\n|-ability|p1a: Calyrex|Unnerve\n|-ability|p2a: Calyrex|As One\n|-ability|p2a: Calyrex|Unnerve\n|turn|1\n|\n|t:|1768489743\n|-terastallize|p2a: Calyrex|Water\n|move|p1a: Calyrex|Astral Barrage|p2b: Grimmsnarl|[spread] p2a,p2b\n|-resisted|p2b: Grimmsnarl\n|-damage|p2a: Calyrex|70/100\n|-damage|p2b: Grimmsnarl|77/100\n|move|p2b: Grimmsnarl|Light Screen|p2b: Grimmsnarl\n|-sidestart|p2: ky123456|move: Light Screen\n|move|p1b: Weezing|Poison Gas|p2a: Calyrex|[spread] p2a,p2b\n|-status|p2a: Calyrex|psn\n|-status|p2b: Grimmsnarl|psn\n|move|p2a: Calyrex|Trick Room|p2a: Calyrex\n|-fieldstart|move: Trick Room|[of] p2a: Calyrex\n|\n|-heal|p2a: Calyrex|75/100 psn|[from] item: Leftovers\n|-damage|p2a: Calyrex|63/100 psn|[from] psn\n|-damage|p2b: Grimmsnarl|65/100 psn|[from] psn\n|upkeep\n|turn|2\n|\n|t:|1768489761\n|move|p1a: Calyrex|Protect|p1a: Calyrex\n|-singleturn|p1a: Calyrex|Protect\n|move|p2a: Calyrex|Glacial Lance|p1b: Weezing|[spread] p1b\n|-activate|p1a: Calyrex|move: Protect\n|-crit|p1b: Weezing\n|-damage|p1b: Weezing|34/100\n|move|p2b: Grimmsnarl|Spirit Break|p1a: Calyrex\n|-activate|p1a: Calyrex|move: Protect\n|move|p1b: Weezing|Sludge Bomb|p2a: Calyrex\n|-damage|p2a: Calyrex|52/100 psn\n|\n|-heal|p2a: Calyrex|58/100 psn|[from] item: Leftovers\n|-damage|p2a: Calyrex|45/100 psn|[from] psn\n|-damage|p2b: Grimmsnarl|53/100 psn|[from] psn\n|upkeep\n|turn|3\n|\n|t:|1768489774\n|move|p1b: Weezing|Protect|p1b: Weezing\n|-singleturn|p1b: Weezing|Protect\n|move|p2a: Calyrex|Glacial Lance|p1a: Calyrex|[spread] p1a\n|-activate|p1b: Weezing|move: Protect\n|-damage|p1a: Calyrex|31/100\n|move|p2b: Grimmsnarl|Spirit Break|p1a: Calyrex\n|-damage|p1a: Calyrex|0 fnt\n|faint|p1a: Calyrex\n|\n|-heal|p2a: Calyrex|51/100 psn|[from] item: Leftovers\n|-damage|p2a: Calyrex|39/100 psn|[from] psn\n|-damage|p2b: Grimmsnarl|41/100 psn|[from] psn\n|upkeep\n|\n|t:|1768489781\n|switch|p1a: Dragonite|Dragonite, L50, M|100/100\n|turn|4\n|\n|t:|1768489795\n|-terastallize|p1a: Dragonite|Normal\n|move|p1a: Dragonite|Extreme Speed|p2a: Calyrex\n|-damage|p2a: Calyrex|0 fnt\n|faint|p2a: Calyrex\n|move|p2b: Grimmsnarl|Spirit Break|p1a: Dragonite\n|-damage|p1a: Dragonite|70/100\n|-unboost|p1a: Dragonite|spa|1\n|move|p1b: Weezing|Sludge Bomb|p2b: Grimmsnarl\n|-supereffective|p2b: Grimmsnarl\n|-damage|p2b: Grimmsnarl|7/100 psn\n|\n|-damage|p2b: Grimmsnarl|0 fnt|[from] psn\n|faint|p2b: Grimmsnarl\n|upkeep\n|inactive|Battle timer is ON: inactive players will automatically lose when time's up. (requested by paradox franco)\n|\n|t:|1768489807\n|switch|p2a: Miraidon|Miraidon, L50, shiny|100/100\n|switch|p2b: Landorus|Landorus, L50, M|100/100\n|turn|5\n|\n|t:|1768489825\n|move|p1a: Dragonite|Extreme Speed|p2b: Landorus\n|-damage|p2b: Landorus|29/100\n|move|p1b: Weezing|Poison Gas|p2b: Landorus|[spread] p2a,p2b\n|-status|p2a: Miraidon|psn\n|-status|p2b: Landorus|psn\n|move|p2b: Landorus|Earth Power|p1a: Dragonite\n|-damage|p1a: Dragonite|16/100\n|-damage|p2b: Landorus|19/100 psn|[from] item: Life Orb\n|move|p2a: Miraidon|Electro Drift|p1b: Weezing\n|-damage|p1b: Weezing|0 fnt\n|-damage|p2a: Miraidon|84/100 psn|[from] item: Rocky Helmet|[of] p1b: Weezing\n|faint|p1b: Weezing\n|-end|p1b: Weezing|ability: Neutralizing Gas\n|-fieldstart|move: Electric Terrain|[from] ability: Hadron Engine|[of] p2a: Miraidon\n|\n|-damage|p2b: Landorus|6/100 psn|[from] psn\n|-damage|p2a: Miraidon|72/100 psn|[from] psn\n|-fieldend|move: Trick Room\n|upkeep\n|\n|t:|1768489844\n|switch|p1b: Zamazenta|Zamazenta-Crowned, L50|100/100\n|-ability|p1b: Zamazenta|Dauntless Shield|boost\n|-boost|p1b: Zamazenta|def|1\n|turn|6\n|\n|t:|1768489850\n|move|p1a: Dragonite|Extreme Speed|p2b: Landorus\n|-damage|p2b: Landorus|0 fnt\n|faint|p2b: Landorus\n|move|p1b: Zamazenta|Body Press|p2a: Miraidon\n|-damage|p2a: Miraidon|13/100 psn\n|move|p2a: Miraidon|Electro Drift|p1b: Zamazenta\n|-damage|p1b: Zamazenta|0 fnt\n|faint|p1b: Zamazenta\n|\n|-damage|p2a: Miraidon|1/100 psn|[from] psn\n|upkeep\n|turn|7\n|\n|t:|1768489860\n|move|p1a: Dragonite|Extreme Speed|p2a: Miraidon\n|-damage|p2a: Miraidon|0 fnt\n|faint|p2a: Miraidon\n|\n|win|paradox franco\n|raw|paradox franco's rating: 1294 &rarr; <strong>1327</strong><br />(+33 for winning)\n|raw|ky123456's rating: 1408 &rarr; <strong>1382</strong><br />(-26 for losing)\n|l|\u2606paradox franco\n|player|p1|\n|l|\u2606ky123456\n|player|p2|\n","uploadtime":1768490115,"views":9,"formatid":"gen9vgc2026regi","rating":1327,"private":0,"password":null}