{"id":"gen9vgc2026regi-2588710300","format":"[Gen 9] VGC 2026 Reg I","players":["jj11j1","clessvgc"],"log":"|j|\u2606jj11j1\n|j|\u2606clessvgc\n|t:|1776660529\n|gametype|doubles\n|player|p1|jj11j1|101|1557\n|player|p2|clessvgc|proton|1527\n|gen|9\n|tier|[Gen 9] VGC 2026 Reg I\n|rated|\n|rule|Species Clause: Limit one of each Pok\u00e9mon\n|rule|Item Clause: Limit 1 of each item\n|clearpoke\n|poke|p1|Ho-Oh, L50|\n|poke|p1|Calyrex-Ice, L50|\n|poke|p1|Overqwil, L50, M|\n|poke|p1|Ting-Lu, L50|\n|poke|p1|Rillaboom, L50, M|\n|poke|p1|Ogerpon-Wellspring, L50, F|\n|poke|p2|Landorus-Therian, L50, M|\n|poke|p2|Calyrex-Shadow, L50|\n|poke|p2|Iron Moth, L50|\n|poke|p2|Tornadus, L50, M|\n|poke|p2|Tinkaton, L50, F|\n|poke|p2|Kyogre, L50|\n|teampreview|4\n|inactive|Battle timer is ON: inactive players will automatically lose when time's up. (requested by clessvgc)\n|\n|t:|1776660553\n|teamsize|p1|4\n|teamsize|p2|4\n|start\n|switch|p1a: Ogerpon|Ogerpon-Wellspring, L50, F|100/100\n|switch|p1b: Ho-Oh|Ho-Oh, L50|100/100\n|switch|p2a: Tornadus|Tornadus, L50, M|100/100\n|switch|p2b: Kyogre|Kyogre, L50|100/100\n|-weather|RainDance|[from] ability: Drizzle|[of] p2b: Kyogre\n|turn|1\n|inactive|jj11j1 has 30 seconds left.\n|\n|t:|1776660582\n|-terastallize|p1a: Ogerpon|Water\n|detailschange|p1a: Ogerpon|Ogerpon-Wellspring-Tera, L50, F, tera:Water\n|-ability|p1a: Ogerpon|Embody Aspect (Wellspring)|boost\n|-boost|p1a: Ogerpon|spd|1\n|move|p2a: Tornadus|Tailwind|p2a: Tornadus\n|-sidestart|p2: clessvgc|move: Tailwind\n|move|p2b: Kyogre|Water Spout|p1a: Ogerpon|[spread] p1a,p1b\n|-resisted|p1a: Ogerpon\n|-supereffective|p1b: Ho-Oh\n|-damage|p1a: Ogerpon|62/100\n|-damage|p1b: Ho-Oh|0 fnt\n|faint|p1b: Ho-Oh\n|move|p1a: Ogerpon|Horn Leech|p2b: Kyogre\n|-supereffective|p2b: Kyogre\n|-damage|p2b: Kyogre|11/100\n|-heal|p1a: Ogerpon|100/100|[from] drain|[of] p2b: Kyogre\n|\n|-weather|RainDance|[upkeep]\n|upkeep\n|\n|t:|1776660600\n|switch|p1b: Calyrex|Calyrex-Ice, L50|100/100\n|-ability|p1b: Calyrex|As One\n|-ability|p1b: Calyrex|Unnerve\n|turn|2\n|\n|t:|1776660612\n|move|p2a: Tornadus|Taunt|p1b: Calyrex\n|-start|p1b: Calyrex|move: Taunt\n|move|p2b: Kyogre|Origin Pulse|p1b: Calyrex|[spread] p1a\n|-miss|p2b: Kyogre|p1b: Calyrex\n|-resisted|p1a: Ogerpon\n|-damage|p1a: Ogerpon|76/100\n|move|p1a: Ogerpon|Ivy Cudgel|p2a: Tornadus|[anim] Ivy Cudgel Water\n|-crit|p2a: Tornadus\n|-damage|p2a: Tornadus|0 fnt\n|faint|p2a: Tornadus\n|move|p1b: Calyrex|Glacial Lance|p2b: Kyogre\n|-resisted|p2b: Kyogre\n|-damage|p2b: Kyogre|0 fnt\n|faint|p2b: Kyogre\n|-ability|p1b: Calyrex|Chilling Neigh|boost\n|-boost|p1b: Calyrex|atk|1\n|\n|-weather|RainDance|[upkeep]\n|upkeep\n|\n|t:|1776660621\n|switch|p2a: Landorus|Landorus-Therian, L50, M|100/100\n|switch|p2b: Calyrex|Calyrex-Shadow, L50|100/100\n|-ability|p2b: Calyrex|As One\n|-ability|p2b: Calyrex|Unnerve\n|-ability|p2a: Landorus|Intimidate|boost\n|-unboost|p1a: Ogerpon|atk|1\n|-unboost|p1b: Calyrex|atk|1\n|turn|3\n|inactive|jj11j1 has 30 seconds left.\n|\n|t:|1776660646\n|-terastallize|p2a: Landorus|Flying\n|move|p2a: Landorus|Tera Blast|p1b: Calyrex|[anim] Tera Blast Flying\n|-damage|p1b: Calyrex|68/100\n|move|p2b: Calyrex|Astral Barrage|p1b: Calyrex|[spread] p1a,p1b\n|-supereffective|p1b: Calyrex\n|-damage|p1a: Ogerpon|44/100\n|-damage|p1b: Calyrex|0 fnt\n|faint|p1b: Calyrex\n|-ability|p2b: Calyrex|Grim Neigh|boost\n|-boost|p2b: Calyrex|spa|1\n|move|p1a: Ogerpon|Ivy Cudgel|p2a: Landorus|[anim] Ivy Cudgel Water\n|-damage|p2a: Landorus|4/100\n|\n|-weather|RainDance|[upkeep]\n|upkeep\n|\n|t:|1776660664\n|switch|p1b: Ting-Lu|Ting-Lu, L50|100/100\n|-ability|p1b: Ting-Lu|Vessel of Ruin\n|turn|4\n|inactive|jj11j1 has 30 seconds left.\n|\n|t:|1776660693\n|move|p1a: Ogerpon|Spiky Shield|p1a: Ogerpon\n|-singleturn|p1a: Ogerpon|move: Protect\n|move|p2a: Landorus|Tera Blast|p1b: Ting-Lu|[anim] Tera Blast Flying\n|-damage|p1b: Ting-Lu|67/100\n|move|p2b: Calyrex|Astral Barrage|p1b: Ting-Lu|[spread] p1b\n|-activate|p1a: Ogerpon|move: Protect\n|-resisted|p1b: Ting-Lu\n|-damage|p1b: Ting-Lu|41/100\n|move|p1b: Ting-Lu|Throat Chop|p2a: Landorus\n|-damage|p2a: Landorus|0 fnt\n|faint|p2a: Landorus\n|\n|-weather|RainDance|[upkeep]\n|-sideend|p2: clessvgc|move: Tailwind\n|upkeep\n|turn|5\n|\n|t:|1776660715\n|move|p2b: Calyrex|Astral Barrage|p1a: Ogerpon|[spread] p1a,p1b\n|-resisted|p1b: Ting-Lu\n|-damage|p1a: Ogerpon|9/100\n|-damage|p1b: Ting-Lu|18/100\n|move|p1a: Ogerpon|Ivy Cudgel|p2b: Calyrex|[anim] Ivy Cudgel Water\n|-damage|p2b: Calyrex|12/100\n|move|p1b: Ting-Lu|Throat Chop|p2b: Calyrex\n|-supereffective|p2b: Calyrex\n|-damage|p2b: Calyrex|0 fnt\n|faint|p2b: Calyrex\n|\n|win|jj11j1\n|raw|jj11j1's rating: 1557 &rarr; <strong>1575</strong><br />(+18 for winning)\n|raw|clessvgc's rating: 1527 &rarr; <strong>1509</strong><br />(-18 for losing)\n|l|\u2606clessvgc\n|player|p2|\n|l|\u2606jj11j1\n|player|p1|\n","uploadtime":1776661000,"views":11,"formatid":"gen9vgc2026regi","rating":1509,"private":0,"password":null}