{"id":"gen9vgc2026regi-2576409232","format":"[Gen 9] VGC 2026 Reg I","players":["Harry Koekenpan","TheManOfSausage"],"log":"|j|\u2606Harry Koekenpan\n|j|\u2606TheManOfSausage\n|t:|1775470160\n|gametype|doubles\n|player|p1|Harry Koekenpan|2|1416\n|player|p2|TheManOfSausage|miku-water|1632\n|gen|9\n|tier|[Gen 9] VGC 2026 Reg I\n|rated|\n|rule|Species Clause: Limit one of each Pok\u00e9mon\n|rule|Item Clause: Limit 1 of each item\n|clearpoke\n|poke|p1|Weezing-Galar, L50, M|\n|poke|p1|Calyrex-Shadow, L50|\n|poke|p1|Regigigas, L50|\n|poke|p1|Koraidon, L50|\n|poke|p1|Chi-Yu, L50|\n|poke|p1|Brute Bonnet, L50|\n|poke|p2|Ho-Oh, L50|\n|poke|p2|Miraidon, L50|\n|poke|p2|Farigiraf, L50, F|\n|poke|p2|Urshifu-*, L50, M|\n|poke|p2|Iron Treads, L50|\n|poke|p2|Iron Hands, L50|\n|teampreview|4\n|inactive|Battle timer is ON: inactive players will automatically lose when time's up. (requested by Harry Koekenpan)\nTheManOfSausage has agreed to open team sheets.\n|\n|t:|1775470191\n|teamsize|p1|4\n|teamsize|p2|4\n|start\n|switch|p1a: Weezing|Weezing-Galar, L50, M|100/100\n|switch|p1b: Regigigas|Regigigas, L50|100/100\n|switch|p2a: Ho-Oh|Ho-Oh, L50|100/100\n|switch|p2b: Magical Mirai|Miraidon, L50|100/100\n|-ability|p1a: Weezing|Neutralizing Gas\n|turn|1\n|\n|t:|1775470211\n|move|p1b: Regigigas|Knock Off|p2b: Magical Mirai\n|-damage|p2b: Magical Mirai|62/100\n|-enditem|p2b: Magical Mirai|Choice Specs|[from] move: Knock Off|[of] p1b: Regigigas\n|move|p2b: Magical Mirai|Volt Switch|p1b: Regigigas\n|-damage|p1b: Regigigas|63/100\n|\n|t:|1775470217\n|switch|p2b: Urshifu|Urshifu-Rapid-Strike, L50, M|100/100|[from] Volt Switch\n|move|p2a: Ho-Oh|Tailwind|p2a: Ho-Oh\n|-sidestart|p2: TheManOfSausage|move: Tailwind\n|move|p1a: Weezing|Poison Gas|p2b: Urshifu|[spread] p2a,p2b\n|-status|p2a: Ho-Oh|psn\n|-status|p2b: Urshifu|psn\n|\n|-damage|p2b: Urshifu|88/100 psn|[from] psn\n|-damage|p2a: Ho-Oh|88/100 psn|[from] psn\n|upkeep\n|turn|2\n|\n|t:|1775470242\n|move|p2b: Urshifu|Close Combat|p1b: Regigigas\n|-supereffective|p1b: Regigigas\n|-damage|p1b: Regigigas|0 fnt\n|-unboost|p2b: Urshifu|def|1\n|-unboost|p2b: Urshifu|spd|1\n|faint|p1b: Regigigas\n|-end|p1b: Regigigas|Slow Start|[silent]\n|move|p2a: Ho-Oh|Flare Blitz|p1a: Weezing\n|-damage|p1a: Weezing|43/100\n|-enditem|p1a: Weezing|Sitrus Berry|[eat]\n|-heal|p1a: Weezing|68/100|[from] item: Sitrus Berry\n|-damage|p2a: Ho-Oh|73/100 psn|[from] Recoil\n|move|p1a: Weezing|Toxic Spikes|p2a: Ho-Oh\n|-sidestart|p2: TheManOfSausage|move: Toxic Spikes\n|\n|-damage|p2b: Urshifu|75/100 psn|[from] psn\n|-damage|p2a: Ho-Oh|61/100 psn|[from] psn\n|upkeep\n|\n|t:|1775470260\n|switch|p1b: Koraidon|Koraidon, L50|100/100\n|turn|3\n|\n|t:|1775470271\n|-terastallize|p1b: Koraidon|Fire\n|move|p2b: Urshifu|Surging Strikes|p1a: Weezing\n|-crit|p1a: Weezing\n|-damage|p1a: Weezing|50/100\n|-crit|p1a: Weezing\n|-damage|p1a: Weezing|32/100\n|-crit|p1a: Weezing\n|-damage|p1a: Weezing|12/100\n|-hitcount|p1a: Weezing|3\n|move|p2a: Ho-Oh|Flare Blitz|p1a: Weezing\n|-damage|p1a: Weezing|0 fnt\n|faint|p1a: Weezing\n|-end|p1a: Weezing|ability: Neutralizing Gas\n|-weather|SunnyDay|[from] ability: Orichalcum Pulse|[of] p1b: Koraidon\n|-activate|p1b: Koraidon|Orichalcum Pulse|[source]\n|-damage|p2a: Ho-Oh|57/100 psn|[from] Recoil\n|move|p1b: Koraidon|Flame Charge|p2b: Urshifu\n|-resisted|p2b: Urshifu\n|-damage|p2b: Urshifu|25/100 psn\n|-boost|p1b: Koraidon|spe|1\n|\n|-weather|SunnyDay|[upkeep]\n|-damage|p2b: Urshifu|13/100 psn|[from] psn\n|-damage|p2a: Ho-Oh|45/100 psn|[from] psn\n|upkeep\n|inactive|Harry Koekenpan has 30 seconds left.\n|\n|t:|1775470297\n|switch|p1a: Calyrex|Calyrex-Shadow, L50|100/100\n|-ability|p1a: Calyrex|As One\n|-ability|p1a: Calyrex|Unnerve\n|turn|4\n|\n|t:|1775470313\n|move|p2b: Urshifu|Surging Strikes|p1a: Calyrex\n|-crit|p1a: Calyrex\n|-damage|p1a: Calyrex|85/100\n|-crit|p1a: Calyrex\n|-damage|p1a: Calyrex|72/100\n|-crit|p1a: Calyrex\n|-damage|p1a: Calyrex|59/100\n|-hitcount|p1a: Calyrex|3\n|move|p1b: Koraidon|Flame Charge|p2b: Urshifu\n|-resisted|p2b: Urshifu\n|-damage|p2b: Urshifu|0 fnt\n|-boost|p1b: Koraidon|spe|1\n|faint|p2b: Urshifu\n|move|p2a: Ho-Oh|Flare Blitz|p1a: Calyrex\n|-damage|p1a: Calyrex|0 fnt\n|faint|p1a: Calyrex\n|-damage|p2a: Ho-Oh|29/100 psn|[from] Recoil\n|\n|-weather|SunnyDay|[upkeep]\n|-damage|p2a: Ho-Oh|17/100 psn|[from] psn\n|-sideend|p2: TheManOfSausage|move: Tailwind\n|upkeep\n|\n|t:|1775470317\n|switch|p2b: Iron Treads|Iron Treads, L50|100/100\n|turn|5\n|\n|t:|1775470342\n|-terastallize|p2b: Iron Treads|Ghost\n|move|p1b: Koraidon|Flare Blitz|p2b: Iron Treads\n|-damage|p2b: Iron Treads|0 fnt\n|faint|p2b: Iron Treads\n|-end|p2b: Iron Treads|Quark Drive|[silent]\n|-damage|p1b: Koraidon|69/100|[from] Recoil\n|move|p2a: Ho-Oh|Tailwind|p2a: Ho-Oh\n|-sidestart|p2: TheManOfSausage|move: Tailwind\n|\n|-weather|SunnyDay|[upkeep]\n|-damage|p2a: Ho-Oh|5/100 psn|[from] psn\n|upkeep\n|\n|t:|1775470346\n|switch|p2b: Magical Mirai|Miraidon, L50|62/100\n|-status|p2b: Magical Mirai|psn\n|-fieldstart|move: Electric Terrain|[from] ability: Hadron Engine|[of] p2b: Magical Mirai\n|turn|6\n|\n|t:|1775470355\n|move|p1b: Koraidon|Protect|p1b: Koraidon\n|-singleturn|p1b: Koraidon|Protect\n|move|p2b: Magical Mirai|Electro Drift|p1b: Koraidon\n|-activate|p1b: Koraidon|move: Protect\n|move|p2a: Ho-Oh|Brave Bird|p1b: Koraidon\n|-activate|p1b: Koraidon|move: Protect\n|\n|-weather|SunnyDay|[upkeep]\n|-damage|p2b: Magical Mirai|50/100 psn|[from] psn\n|-damage|p2a: Ho-Oh|0 fnt|[from] psn\n|faint|p2a: Ho-Oh\n|upkeep\n|turn|7\n|\n|t:|1775470374\n|move|p1b: Koraidon|Collision Course|p2b: Magical Mirai\n|-damage|p2b: Magical Mirai|0 fnt\n|faint|p2b: Magical Mirai\n|\n|win|Harry Koekenpan\n|raw|Harry Koekenpan's rating: 1416 &rarr; <strong>1447</strong><br />(+31 for winning)\n|raw|TheManOfSausage's rating: 1632 &rarr; <strong>1601</strong><br />(-31 for losing)\n|c|\u2606TheManOfSausage|gg\n|l|\u2606TheManOfSausage\n|player|p2|\n","uploadtime":1775470385,"views":20,"formatid":"gen9vgc2026regi","rating":1447,"private":0,"password":null}