{"id":"gen9vgc2026regi-2567272112","format":"[Gen 9] VGC 2026 Reg I","players":["dthk1216","shangenb1"],"log":"|j|\u2606dthk1216\n|j|\u2606shangenb1\n|t:|1774462199\n|gametype|doubles\n|player|p1|dthk1216|dawn|1587\n|player|p2|shangenb1|101|1518\n|gen|9\n|tier|[Gen 9] VGC 2026 Reg I\n|rated|\n|rule|Species Clause: Limit one of each Pok\u00e9mon\n|rule|Item Clause: Limit 1 of each item\n|clearpoke\n|poke|p1|Calyrex-Ice, L50|\n|poke|p1|Kyogre, L50|\n|poke|p1|Urshifu-*, L50, M|\n|poke|p1|Rillaboom, L50, F|\n|poke|p1|Grimmsnarl, L50, M|\n|poke|p1|Amoonguss, L50, M|\n|poke|p2|Koraidon, L50|\n|poke|p2|Lunala, L50|\n|poke|p2|Flutter Mane, L50|\n|poke|p2|Chi-Yu, L50|\n|poke|p2|Raging Bolt, L50|\n|poke|p2|Indeedee-F, L50, F|\n|teampreview|4\n|inactive|Battle timer is ON: inactive players will automatically lose when time's up. (requested by shangenb1)\n|inactive|dthk1216 has 60 seconds left.\n|\n|t:|1774462235\n|teamsize|p1|4\n|teamsize|p2|4\n|start\n|switch|p1a: Urshifu|Urshifu-Rapid-Strike, L50, M|100/100\n|switch|p1b: Calyrex|Calyrex-Ice, L50|100/100\n|switch|p2a: Flutter Mane|Flutter Mane, L50|100/100\n|switch|p2b: Lunala|Lunala, L50|100/100\n|-ability|p1b: Calyrex|As One\n|-ability|p1b: Calyrex|Unnerve\n|turn|1\n|inactive|dthk1216 has 30 seconds left.\n|\n|t:|1774462263\n|-end|p2a: Flutter Mane|Protosynthesis|[silent]\n|switch|p2a: Indeedee|Indeedee-F, L50, F|100/100\n|-fieldstart|move: Psychic Terrain|[from] ability: Psychic Surge|[of] p2a: Indeedee\n|-terastallize|p1b: Calyrex|Grass\n|move|p1a: Urshifu|Surging Strikes|p2a: Indeedee\n|-crit|p2a: Indeedee\n|-damage|p2a: Indeedee|78/100\n|-damage|p1a: Urshifu|84/100|[from] item: Rocky Helmet|[of] p2a: Indeedee\n|-crit|p2a: Indeedee\n|-damage|p2a: Indeedee|56/100\n|-damage|p1a: Urshifu|68/100|[from] item: Rocky Helmet|[of] p2a: Indeedee\n|-crit|p2a: Indeedee\n|-damage|p2a: Indeedee|36/100\n|-damage|p1a: Urshifu|51/100|[from] item: Rocky Helmet|[of] p2a: Indeedee\n|-hitcount|p2a: Indeedee|3\n|move|p2b: Lunala|Meteor Beam||[still]\n|-prepare|p2b: Lunala|Meteor Beam\n|-boost|p2b: Lunala|spa|1\n|-enditem|p2b: Lunala|Power Herb\n|-anim|p2b: Lunala|Meteor Beam|p1b: Calyrex\n|-damage|p1b: Calyrex|56/100\n|move|p1b: Calyrex|Trick Room|p1b: Calyrex\n|-fieldstart|move: Trick Room|[of] p1b: Calyrex\n|\n|-heal|p1b: Calyrex|62/100|[from] item: Leftovers\n|upkeep\n|turn|2\n|inactive|shangenb1 has 30 seconds left.\n|inactive|dthk1216 has 30 seconds left.\n|inactive|dthk1216 has 20 seconds left.\n|\n|t:|1774462309\n|move|p2a: Indeedee|Helping Hand|p2b: Lunala\n|-singleturn|p2b: Lunala|Helping Hand|[of] p2a: Indeedee\n|move|p1b: Calyrex|Glacial Lance|p2a: Indeedee|[spread] p2a,p2b\n|-damage|p2a: Indeedee|0 fnt\n|-damage|p2b: Lunala|77/100\n|faint|p2a: Indeedee\n|-ability|p1b: Calyrex|Chilling Neigh|boost\n|-boost|p1b: Calyrex|atk|1\n|move|p2b: Lunala|Moongeist Beam|p1b: Calyrex\n|-damage|p1b: Calyrex|0 fnt\n|faint|p1b: Calyrex\n|move|p1a: Urshifu|Surging Strikes|p2b: Lunala\n|-crit|p2b: Lunala\n|-damage|p2b: Lunala|54/100\n|-crit|p2b: Lunala\n|-damage|p2b: Lunala|34/100\n|-crit|p2b: Lunala\n|-damage|p2b: Lunala|14/100\n|-hitcount|p2b: Lunala|3\n|\n|upkeep\n|\n|t:|1774462333\n|switch|p1b: Amoonguss|Amoonguss, L50, M|100/100\n|switch|p2a: Koraidon|Koraidon, L50|100/100\n|-weather|SunnyDay|[from] ability: Orichalcum Pulse|[of] p2a: Koraidon\n|-activate|p2a: Koraidon|Orichalcum Pulse|[source]\n|turn|3\n|\n|t:|1774462355\n|move|p1b: Amoonguss|Spore|p2a: Koraidon\n|-status|p2a: Koraidon|slp|[from] move: Spore\n|move|p2b: Lunala|Expanding Force|p1a: Urshifu|[spread] p1a,p1b\n|-supereffective|p1a: Urshifu\n|-supereffective|p1b: Amoonguss\n|-damage|p1a: Urshifu|0 fnt\n|-damage|p1b: Amoonguss|0 fnt\n|faint|p1a: Urshifu\n|faint|p1b: Amoonguss\n|cant|p2a: Koraidon|slp\n|\n|-weather|SunnyDay|[upkeep]\n|upkeep\n|\n|t:|1774462361\n|switch|p1b: Kyogre|Kyogre, L50|100/100\n|-weather|RainDance|[from] ability: Drizzle|[of] p1b: Kyogre\n|turn|4\n|\n|t:|1774462373\n|switch|p2a: Flutter Mane|Flutter Mane, L50|100/100\n|move|p2b: Lunala|Wide Guard|p2b: Lunala\n|-singleturn|p2b: Lunala|Wide Guard\n|move|p1b: Kyogre|Water Spout|p2a: Flutter Mane|[spread] \n|-activate|p2a: Flutter Mane|move: Wide Guard\n|-activate|p2b: Lunala|move: Wide Guard\n|\n|-weather|RainDance|[upkeep]\n|upkeep\n|turn|5\n|-message|dthk1216 forfeited.\n|\n|win|shangenb1\n|raw|dthk1216's rating: 1587 &rarr; <strong>1563</strong><br />(-24 for losing)\n|raw|shangenb1's rating: 1518 &rarr; <strong>1542</strong><br />(+24 for winning)\n|l|\u2606dthk1216\n|player|p1|\n|l|\u2606shangenb1\n|player|p2|\n","uploadtime":1774462386,"views":19,"formatid":"gen9vgc2026regi","rating":1542,"private":0,"password":null}