{"id":"gen9vgc2026regi-2540065656","format":"[Gen 9] VGC 2026 Reg I","players":["SEITA","marcxhenry"],"log":"|j|\u2606SEITA\n|j|\u2606marcxhenry\n|t:|1771155602\n|gametype|doubles\n|player|p1|SEITA|lucas-gen4pt|1418\n|player|p2|marcxhenry|hilbert-wonderlauncher|1453\n|gen|9\n|tier|[Gen 9] VGC 2026 Reg I\n|rated|\n|rule|Species Clause: Limit one of each Pok\u00e9mon\n|rule|Item Clause: Limit 1 of each item\n|clearpoke\n|poke|p1|Zamazenta-*, L50|\n|poke|p1|Kyogre, L50|\n|poke|p1|Wo-Chien, L50|\n|poke|p1|Grimmsnarl, L50, M|\n|poke|p1|Rhyperior, L50, M|\n|poke|p1|Ditto, L50|\n|poke|p2|Calyrex-Shadow, L50|\n|poke|p2|Urshifu-*, L50, M|\n|poke|p2|Roaring Moon, L50|\n|poke|p2|Kyogre, L50|\n|poke|p2|Tsareena, L50, F|\n|poke|p2|Kingambit, L50, M|\n|teampreview|4\n|\n|t:|1771155614\n|teamsize|p1|4\n|teamsize|p2|4\n|start\n|switch|p1a: Grimmsnarl|Grimmsnarl, L50, M|100/100\n|switch|p1b: Zamazenta|Zamazenta-Crowned, L50|100/100\n|switch|p2a: Roter Baron|Roaring Moon, L50, shiny|100/100\n|switch|p2b: Hitmonshe|Tsareena, L50, F, shiny|100/100\n|-ability|p1b: Zamazenta|Dauntless Shield|boost\n|-boost|p1b: Zamazenta|def|1\n|-enditem|p2a: Roter Baron|Booster Energy\n|-activate|p2a: Roter Baron|ability: Protosynthesis|[fromitem]\n|-start|p2a: Roter Baron|protosynthesisspe\n|turn|1\n|\n|t:|1771155636\n|-terastallize|p2a: Roter Baron|Flying\n|move|p1a: Grimmsnarl|Reflect|p1a: Grimmsnarl\n|-sidestart|p1: SEITA|Reflect\n|move|p2a: Roter Baron|Acrobatics|p1b: Zamazenta\n|-damage|p1b: Zamazenta|85/100\n|move|p1b: Zamazenta|Iron Defense|p1b: Zamazenta\n|-boost|p1b: Zamazenta|def|2\n|move|p2b: Hitmonshe|Taunt|p1b: Zamazenta\n|-start|p1b: Zamazenta|move: Taunt\n|\n|upkeep\n|turn|2\n|\n|t:|1771155657\n|move|p1a: Grimmsnarl|Light Screen|p1a: Grimmsnarl\n|-sidestart|p1: SEITA|move: Light Screen\n|move|p2a: Roter Baron|Acrobatics|p1a: Grimmsnarl\n|-damage|p1a: Grimmsnarl|66/100\n|move|p1b: Zamazenta|Body Press|p2b: Hitmonshe\n|-damage|p2b: Hitmonshe|0 fnt\n|faint|p2b: Hitmonshe\n|\n|upkeep\n|\n|t:|1771155666\n|switch|p2b: Tripitz|Kyogre, L50, shiny|100/100\n|-weather|RainDance|[from] ability: Drizzle|[of] p2b: Tripitz\n|turn|3\n|\n|t:|1771155674\n|move|p2b: Tripitz|Protect|p2b: Tripitz\n|-singleturn|p2b: Tripitz|Protect\n|move|p1a: Grimmsnarl|Parting Shot|p2b: Tripitz\n|-activate|p2b: Tripitz|move: Protect\n|move|p2a: Roter Baron|Acrobatics|p1b: Zamazenta\n|-damage|p1b: Zamazenta|76/100\n|move|p1b: Zamazenta|Body Press|p2b: Tripitz\n|-activate|p2b: Tripitz|move: Protect\n|\n|-weather|RainDance|[upkeep]\n|upkeep\n|turn|4\n|\n|t:|1771155691\n|switch|p2b: Ludwig|Calyrex-Shadow, L50|100/100\n|-ability|p2b: Ludwig|As One\n|-ability|p2b: Ludwig|Unnerve\n|move|p1a: Grimmsnarl|Parting Shot|p2b: Ludwig\n|-unboost|p2b: Ludwig|atk|1\n|-unboost|p2b: Ludwig|spa|1\n|\n|t:|1771155700\n|switch|p1a: Kyogre|Kyogre, L50|100/100|[from] Parting Shot\n|move|p2a: Roter Baron|Acrobatics|p1b: Zamazenta\n|-damage|p1b: Zamazenta|67/100\n|move|p1b: Zamazenta|Body Press|p2b: Ludwig\n|-immune|p2b: Ludwig\n|\n|-weather|RainDance|[upkeep]\n|-end|p1b: Zamazenta|move: Taunt\n|upkeep\n|turn|5\n|\n|t:|1771155715\n|switch|p2b: Tripitz|Kyogre, L50, shiny|100/100\n|move|p2a: Roter Baron|Knock Off|p1a: Kyogre\n|-crit|p1a: Kyogre\n|-damage|p1a: Kyogre|43/100\n|-enditem|p1a: Kyogre|Leftovers|[from] move: Knock Off|[of] p2a: Roter Baron\n|move|p1b: Zamazenta|Body Press|p2a: Roter Baron\n|-resisted|p2a: Roter Baron\n|-damage|p2a: Roter Baron|39/100\n|move|p1a: Kyogre|Origin Pulse|p2b: Tripitz|[spread] p2a\n|-miss|p1a: Kyogre|p2b: Tripitz\n|-damage|p2a: Roter Baron|0 fnt\n|faint|p2a: Roter Baron\n|-end|p2a: Roter Baron|Protosynthesis|[silent]\n|\n|-weather|RainDance|[upkeep]\n|upkeep\n|\n|t:|1771155728\n|switch|p2a: Ludwig|Calyrex-Shadow, L50|100/100\n|-ability|p2a: Ludwig|As One\n|-ability|p2a: Ludwig|Unnerve\n|turn|6\n|\n|t:|1771155739\n|move|p2b: Tripitz|Protect|p2b: Tripitz\n|-singleturn|p2b: Tripitz|Protect\n|move|p2a: Ludwig|Astral Barrage|p1b: Zamazenta|[spread] p1a,p1b\n|-damage|p1a: Kyogre|17/100\n|-damage|p1b: Zamazenta|40/100\n|move|p1b: Zamazenta|Body Press|p2b: Tripitz\n|-activate|p2b: Tripitz|move: Protect\n|move|p1a: Kyogre|Origin Pulse|p2a: Ludwig|[spread] p2a\n|-activate|p2b: Tripitz|move: Protect\n|-damage|p2a: Ludwig|28/100\n|\n|-weather|RainDance|[upkeep]\n|upkeep\n|turn|7\n|\n|t:|1771155759\n|move|p1a: Kyogre|Protect|p1a: Kyogre\n|-singleturn|p1a: Kyogre|Protect\n|move|p2a: Ludwig|Astral Barrage|p1b: Zamazenta|[spread] p1b\n|-activate|p1a: Kyogre|move: Protect\n|-damage|p1b: Zamazenta|14/100\n|move|p1b: Zamazenta|Body Press|p2b: Tripitz\n|-damage|p2b: Tripitz|0 fnt\n|faint|p2b: Tripitz\n|\n|-weather|none\n|upkeep\n|turn|8\n|j| lunala fairy ghost\n|\n|t:|1771155778\n|switch|p1b: Grimmsnarl|Grimmsnarl, L50, M|66/100\n|switch|p1a: Wo-Chien|Wo-Chien, L50|100/100\n|-ability|p1a: Wo-Chien|Tablets of Ruin\n|move|p2a: Ludwig|Astral Barrage|p1b: Grimmsnarl|[spread] p1a,p1b\n|-resisted|p1a: Wo-Chien\n|-resisted|p1b: Grimmsnarl\n|-damage|p1a: Wo-Chien|89/100\n|-damage|p1b: Grimmsnarl|44/100\n|\n|-sideend|p1: SEITA|Reflect\n|upkeep\n|turn|9\n|-message|marcxhenry forfeited.\n|\n|win|SEITA\n|raw|SEITA's rating: 1418 &rarr; <strong>1440</strong><br />(+22 for winning)\n|raw|marcxhenry's rating: 1453 &rarr; <strong>1431</strong><br />(-22 for losing)\n|l|\u2606marcxhenry\n|player|p2|\n|l|\u2606SEITA\n|player|p1|\n|l| lunala fairy ghost\n","uploadtime":1771155971,"views":36,"formatid":"gen9vgc2026regi","rating":1431,"private":0,"password":null}