{"id":"gen9vgc2026regi-2516355082","format":"[Gen 9] VGC 2026 Reg I","players":["ted7106061408","blackred123\u6c38\u96cf\u5854\u83f2\u4fa0"],"log":"|j|\u203dted7106061408\n|j|\u2606blackred123\u6c38\u96cf\u5854\u83f2\u4fa0\n|t:|1768127191\n|gametype|doubles\n|player|p1|ted7106061408|2|1234\n|player|p2|blackred123\u6c38\u96cf\u5854\u83f2\u4fa0|iono-masters|1243\n|gen|9\n|tier|[Gen 9] VGC 2026 Reg I\n|rated|\n|rule|Species Clause: Limit one of each Pok\u00e9mon\n|rule|Item Clause: Limit 1 of each item\n|clearpoke\n|poke|p1|Miraidon, L50|\n|poke|p1|Lunala, L50|\n|poke|p1|Ursaluna, L50, M|\n|poke|p1|Entei, L50|\n|poke|p1|Urshifu-*, L50, M|\n|poke|p1|Whimsicott, L50, M|\n|poke|p2|Calyrex-Shadow, L50|\n|poke|p2|Zamazenta-*, L50|\n|poke|p2|Incineroar, L50, M|\n|poke|p2|Rillaboom, L50, F|\n|poke|p2|Ogerpon-Cornerstone, L50, F|\n|poke|p2|Tornadus, L50, M|\n|teampreview|4\n|inactive|Battle timer is ON: inactive players will automatically lose when time's up. (requested by blackred123\u6c38\u96cf\u5854\u83f2\u4fa0)\n|j| dasabe\u76d6\u6b27\u5361\u4fa0\n|c| dasabe\u76d6\u6b27\u5361\u4fa0|\ud83d\udc40\n|inactive|ted7106061408 has 60 seconds left.\n|\n|t:|1768127228\n|teamsize|p1|4\n|teamsize|p2|4\n|start\n|switch|p1a: Miraidon|Miraidon, L50|100/100\n|switch|p1b: Lunala|Lunala, L50|100/100\n|switch|p2a: \u54c7\u8884\uff08\u72d7\u53eb\u58f0\uff09|Zamazenta-Crowned, L50|100/100\n|switch|p2b: \u90a3\u6211\u7f3a\u7684\u8425\u517b\u8fd9\u5757\u8c01\u7ed9\u6211\u8865\u554a\uff08\u6307\u8349\u573a\uff09|Rillaboom, L50, F|100/100\n|-fieldstart|move: Electric Terrain|[from] ability: Hadron Engine|[of] p1a: Miraidon\n|-enditem|p1b: Lunala|Electric Seed\n|-boost|p1b: Lunala|def|1|[from] item: Electric Seed\n|-ability|p2a: \u54c7\u8884\uff08\u72d7\u53eb\u58f0\uff09|Dauntless Shield|boost\n|-boost|p2a: \u54c7\u8884\uff08\u72d7\u53eb\u58f0\uff09|def|1\n|-fieldstart|move: Grassy Terrain|[from] ability: Grassy Surge|[of] p2b: \u90a3\u6211\u7f3a\u7684\u8425\u517b\u8fd9\u5757\u8c01\u7ed9\u6211\u8865\u554a\uff08\u6307\u8349\u573a\uff09\n|turn|1\n|inactive|ted7106061408 has 30 seconds left.\n|inactive|blackred123\u6c38\u96cf\u5854\u83f2\u4fa0 has 30 seconds left.\n|inactive|blackred123\u6c38\u96cf\u5854\u83f2\u4fa0 has 20 seconds left.\n|inactive|ted7106061408 has 20 seconds left.\n|inactive|ted7106061408 has 15 seconds left.\n|\n|t:|1768127275\n|switch|p1a: Ursaluna|Ursaluna, L50, M|100/100\n|move|p2b: \u90a3\u6211\u7f3a\u7684\u8425\u517b\u8fd9\u5757\u8c01\u7ed9\u6211\u8865\u554a\uff08\u6307\u8349\u573a\uff09|Fake Out|p1a: Ursaluna\n|-damage|p1a: Ursaluna|90/100\n|move|p2a: \u54c7\u8884\uff08\u72d7\u53eb\u58f0\uff09|Body Press|p1a: Ursaluna\n|-supereffective|p1a: Ursaluna\n|-damage|p1a: Ursaluna|0 fnt\n|faint|p1a: Ursaluna\n|move|p1b: Lunala|Trick Room|p1b: Lunala\n|-fieldstart|move: Trick Room|[of] p1b: Lunala\n|\n|upkeep\n|\n|t:|1768127287\n|switch|p1a: Entei|Entei, L50|100/100\n|turn|2\n|l| dasabe\u76d6\u6b27\u5361\u4fa0\n|\n|t:|1768127304\n|-terastallize|p1a: Entei|Fire\n|move|p2a: \u54c7\u8884\uff08\u72d7\u53eb\u58f0\uff09|Protect|p2a: \u54c7\u8884\uff08\u72d7\u53eb\u58f0\uff09\n|-singleturn|p2a: \u54c7\u8884\uff08\u72d7\u53eb\u58f0\uff09|Protect\n|move|p2b: \u90a3\u6211\u7f3a\u7684\u8425\u517b\u8fd9\u5757\u8c01\u7ed9\u6211\u8865\u554a\uff08\u6307\u8349\u573a\uff09|U-turn|p1b: Lunala\n|-damage|p1b: Lunala|94/100\n|\n|t:|1768127311\n|switch|p2b: \u68cd\u7236|Tornadus, L50, M|100/100|[from] U-turn\n|move|p1b: Lunala|Moongeist Beam|p2b: \u68cd\u7236\n|-damage|p2b: \u68cd\u7236|34/100\n|move|p1a: Entei|Sacred Fire|p2a: \u54c7\u8884\uff08\u72d7\u53eb\u58f0\uff09\n|-activate|p2a: \u54c7\u8884\uff08\u72d7\u53eb\u58f0\uff09|move: Protect\n|\n|-heal|p1b: Lunala|100/100|[from] Grassy Terrain\n|upkeep\n|turn|3\n|\n|t:|1768127331\n|-terastallize|p2a: \u54c7\u8884\uff08\u72d7\u53eb\u58f0\uff09|Dragon\n|move|p2b: \u68cd\u7236|Taunt|p1b: Lunala\n|-start|p1b: Lunala|move: Taunt\n|move|p1b: Lunala|Moongeist Beam|p2a: \u54c7\u8884\uff08\u72d7\u53eb\u58f0\uff09\n|-damage|p2a: \u54c7\u8884\uff08\u72d7\u53eb\u58f0\uff09|63/100\n|move|p1a: Entei|Sacred Fire|p2a: \u54c7\u8884\uff08\u72d7\u53eb\u58f0\uff09\n|-resisted|p2a: \u54c7\u8884\uff08\u72d7\u53eb\u58f0\uff09\n|-damage|p2a: \u54c7\u8884\uff08\u72d7\u53eb\u58f0\uff09|52/100\n|move|p2a: \u54c7\u8884\uff08\u72d7\u53eb\u58f0\uff09|Body Press|p1a: Entei\n|-damage|p1a: Entei|27/100\n|\n|-heal|p1a: Entei|33/100|[from] Grassy Terrain\n|-heal|p2a: \u54c7\u8884\uff08\u72d7\u53eb\u58f0\uff09|58/100|[from] Grassy Terrain\n|upkeep\n|turn|4\n|inactive|ted7106061408 has 30 seconds left.\n|\n|t:|1768127364\n|move|p2a: \u54c7\u8884\uff08\u72d7\u53eb\u58f0\uff09|Protect|p2a: \u54c7\u8884\uff08\u72d7\u53eb\u58f0\uff09\n|-singleturn|p2a: \u54c7\u8884\uff08\u72d7\u53eb\u58f0\uff09|Protect\n|move|p1b: Lunala|Moongeist Beam|p2b: \u68cd\u7236\n|-damage|p2b: \u68cd\u7236|0 fnt\n|faint|p2b: \u68cd\u7236\n|move|p1a: Entei|Sacred Fire|p2a: \u54c7\u8884\uff08\u72d7\u53eb\u58f0\uff09\n|-activate|p2a: \u54c7\u8884\uff08\u72d7\u53eb\u58f0\uff09|move: Protect\n|\n|-heal|p1a: Entei|39/100|[from] Grassy Terrain\n|-heal|p2a: \u54c7\u8884\uff08\u72d7\u53eb\u58f0\uff09|64/100|[from] Grassy Terrain\n|upkeep\n|\n|t:|1768127376\n|switch|p2b: \u90a3\u6211\u7f3a\u7684\u8425\u517b\u8fd9\u5757\u8c01\u7ed9\u6211\u8865\u554a\uff08\u6307\u8349\u573a\uff09|Rillaboom, L50, F|100/100\n|turn|5\n|\n|t:|1768127382\n|move|p2b: \u90a3\u6211\u7f3a\u7684\u8425\u517b\u8fd9\u5757\u8c01\u7ed9\u6211\u8865\u554a\uff08\u6307\u8349\u573a\uff09|Fake Out|p1a: Entei\n|-damage|p1a: Entei|27/100\n|move|p1b: Lunala|Moonblast|p2a: \u54c7\u8884\uff08\u72d7\u53eb\u58f0\uff09\n|-supereffective|p2a: \u54c7\u8884\uff08\u72d7\u53eb\u58f0\uff09\n|-damage|p2a: \u54c7\u8884\uff08\u72d7\u53eb\u58f0\uff09|14/100\n|-unboost|p2a: \u54c7\u8884\uff08\u72d7\u53eb\u58f0\uff09|spa|1\n|move|p1a: Entei|Sacred Fire|p2b: \u90a3\u6211\u7f3a\u7684\u8425\u517b\u8fd9\u5757\u8c01\u7ed9\u6211\u8865\u554a\uff08\u6307\u8349\u573a\uff09\n|-supereffective|p2b: \u90a3\u6211\u7f3a\u7684\u8425\u517b\u8fd9\u5757\u8c01\u7ed9\u6211\u8865\u554a\uff08\u6307\u8349\u573a\uff09\n|-damage|p2b: \u90a3\u6211\u7f3a\u7684\u8425\u517b\u8fd9\u5757\u8c01\u7ed9\u6211\u8865\u554a\uff08\u6307\u8349\u573a\uff09|0 fnt\n|faint|p2b: \u90a3\u6211\u7f3a\u7684\u8425\u517b\u8fd9\u5757\u8c01\u7ed9\u6211\u8865\u554a\uff08\u6307\u8349\u573a\uff09\n|move|p2a: \u54c7\u8884\uff08\u72d7\u53eb\u58f0\uff09|Heavy Slam|p1b: Lunala\n|-damage|p1b: Lunala|89/100\n|\n|-heal|p1b: Lunala|95/100|[from] Grassy Terrain\n|-heal|p1a: Entei|33/100|[from] Grassy Terrain\n|-heal|p2a: \u54c7\u8884\uff08\u72d7\u53eb\u58f0\uff09|20/100|[from] Grassy Terrain\n|-end|p1b: Lunala|move: Taunt\n|-fieldend|move: Trick Room\n|-fieldend|move: Grassy Terrain\n|upkeep\n|\n|t:|1768127397\n|switch|p2b: \u5636\u9a6c\u51a0\u54e5|Calyrex-Shadow, L50|100/100\n|-ability|p2b: \u5636\u9a6c\u51a0\u54e5|As One\n|-ability|p2b: \u5636\u9a6c\u51a0\u54e5|Unnerve\n|turn|6\n|\n|t:|1768127421\n|move|p1b: Lunala|Wide Guard|p1b: Lunala\n|-singleturn|p1b: Lunala|Wide Guard\n|move|p1a: Entei|Extreme Speed|p2a: \u54c7\u8884\uff08\u72d7\u53eb\u58f0\uff09\n|-damage|p2a: \u54c7\u8884\uff08\u72d7\u53eb\u58f0\uff09|11/100\n|move|p2b: \u5636\u9a6c\u51a0\u54e5|Astral Barrage|p1a: Entei|[spread] \n|-activate|p1a: Entei|move: Wide Guard\n|-activate|p1b: Lunala|move: Wide Guard\n|move|p2a: \u54c7\u8884\uff08\u72d7\u53eb\u58f0\uff09|Body Press|p1a: Entei\n|-damage|p1a: Entei|0 fnt\n|faint|p1a: Entei\n|\n|upkeep\n|\n|t:|1768127430\n|switch|p1a: Miraidon|Miraidon, L50|100/100\n|-fieldstart|move: Electric Terrain|[from] ability: Hadron Engine|[of] p1a: Miraidon\n|turn|7\n|\n|t:|1768127449\n|move|p1b: Lunala|Wide Guard|p1b: Lunala\n|-singleturn|p1b: Lunala|Wide Guard\n|move|p2b: \u5636\u9a6c\u51a0\u54e5|Psychic|p1a: Miraidon\n|-damage|p1a: Miraidon|54/100\n|move|p1a: Miraidon|Electro Drift|p2a: \u54c7\u8884\uff08\u72d7\u53eb\u58f0\uff09\n|-resisted|p2a: \u54c7\u8884\uff08\u72d7\u53eb\u58f0\uff09\n|-damage|p2a: \u54c7\u8884\uff08\u72d7\u53eb\u58f0\uff09|0 fnt\n|faint|p2a: \u54c7\u8884\uff08\u72d7\u53eb\u58f0\uff09\n|\n|upkeep\n|turn|8\n|\n|t:|1768127465\n|move|p2b: \u5636\u9a6c\u51a0\u54e5|Astral Barrage|p1a: Miraidon|[spread] p1a,p1b\n|-supereffective|p1b: Lunala\n|-damage|p1a: Miraidon|3/100\n|-damage|p1b: Lunala|0 fnt\n|faint|p1b: Lunala\n|-ability|p2b: \u5636\u9a6c\u51a0\u54e5|Grim Neigh|boost\n|-boost|p2b: \u5636\u9a6c\u51a0\u54e5|spa|1\n|move|p1a: Miraidon|Electro Drift|p2b: \u5636\u9a6c\u51a0\u54e5\n|-damage|p2b: \u5636\u9a6c\u51a0\u54e5|0 fnt\n|faint|p2b: \u5636\u9a6c\u51a0\u54e5\n|\n|win|ted7106061408\n|raw|ted7106061408's rating: 1234 &rarr; <strong>1260</strong><br />(+26 for winning)\n|raw|blackred123\u6c38\u96cf\u5854\u83f2\u4fa0's rating: 1243 &rarr; <strong>1217</strong><br />(-26 for losing)\n|l|\u203dted7106061408\n|player|p1|\n","uploadtime":1768127632,"views":19,"formatid":"gen9vgc2026regi","rating":1217,"private":0,"password":null}