{"id":"gen9vgc2026regi-2553746548","format":"[Gen 9] VGC 2026 Reg I","players":["shangenb5","I\u2764\ufe0f\u5a1c\u7984forever"],"log":"|j|\u2606shangenb5\n|j|\u2606I\u2764\ufe0f\u5a1c\u7984forever\n|t:|1772872420\n|gametype|doubles\n|player|p1|shangenb5|sisandbro|1381\n|player|p2|I\u2764\ufe0f\u5a1c\u7984forever|youngcouple-gen4dp|1342\n|gen|9\n|tier|[Gen 9] VGC 2026 Reg I\n|rated|\n|rule|Species Clause: Limit one of each Pok\u00e9mon\n|rule|Item Clause: Limit 1 of each item\n|clearpoke\n|poke|p1|Miraidon, L50|\n|poke|p1|Groudon, L50|\n|poke|p1|Walking Wake, L50|\n|poke|p1|Grimmsnarl, L50, M|\n|poke|p1|Incineroar, L50, F|\n|poke|p1|Volcarona, L50, F|\n|poke|p2|Groudon, L50|\n|poke|p2|Kyurem-White, L50|\n|poke|p2|Heatran, L50, M|\n|poke|p2|Whimsicott, L50, F|\n|poke|p2|Roaring Moon, L50|\n|poke|p2|Ditto, L50|\n|teampreview|4\n|\n|t:|1772872443\n|teamsize|p1|4\n|teamsize|p2|4\n|start\n|switch|p1a: Grimmsnarl|Grimmsnarl, L50, M|100/100\n|switch|p1b: Miraidon|Miraidon, L50, shiny|100/100\n|switch|p2a: Whimsicott|Whimsicott, L50, F|100/100\n|switch|p2b: Kyurem|Kyurem-White, L50|100/100\n|-fieldstart|move: Electric Terrain|[from] ability: Hadron Engine|[of] p1b: Miraidon\n|-ability|p2b: Kyurem|Turboblaze\n|turn|1\n|\n|t:|1772872456\n|-terastallize|p1b: Miraidon|Fairy\n|move|p1a: Grimmsnarl|Fake Out|p2a: Whimsicott\n|-damage|p2a: Whimsicott|80/100\n|move|p1b: Miraidon|Dazzling Gleam|p2a: Whimsicott|[spread] p2a,p2b\n|-supereffective|p2b: Kyurem\n|-damage|p2a: Whimsicott|0 fnt\n|-damage|p2b: Kyurem|15/100\n|faint|p2a: Whimsicott\n|-damage|p1b: Miraidon|91/100|[from] item: Life Orb\n|move|p2b: Kyurem|Blizzard|p1b: Miraidon|[spread] p1a,p1b\n|-damage|p1a: Grimmsnarl|41/100\n|-damage|p1b: Miraidon|41/100\n|\n|upkeep\n|\n|t:|1772872479\n|switch|p2a: Ditto|Ditto, L50|100/100\n|-transform|p2a: Ditto|p1b: Miraidon|[from] ability: Imposter\n|-activate|p2a: Ditto|ability: Hadron Engine\n|-start|p2a: Ditto|typechange|Electric/Dragon|[silent]\n|turn|2\n|\n|t:|1772872488\n|move|p1b: Miraidon|Protect|p1b: Miraidon\n|-singleturn|p1b: Miraidon|Protect\n|move|p1a: Grimmsnarl|Light Screen|p1a: Grimmsnarl\n|-sidestart|p1: shangenb5|move: Light Screen\n|move|p2a: Ditto|Electro Drift|p1b: Miraidon\n|-activate|p1b: Miraidon|move: Protect\n|move|p2b: Kyurem|Blizzard|p1b: Miraidon|[spread] \n|-activate|p1b: Miraidon|move: Protect\n|-miss|p2b: Kyurem|p1a: Grimmsnarl\n|-enditem|p2b: Kyurem|Blunder Policy\n|-boost|p2b: Kyurem|spe|2\n|\n|upkeep\n|turn|3\n|\n|t:|1772872522\n|switch|p1b: Groudon|Groudon, L50|100/100\n|-weather|SunnyDay|[from] ability: Drought|[of] p1b: Groudon\n|move|p1a: Grimmsnarl|Thunder Wave|p2b: Kyurem\n|-status|p2b: Kyurem|par\n|move|p2a: Ditto|Electro Drift|p1b: Groudon\n|-immune|p1b: Groudon\n|move|p2b: Kyurem|Blizzard|p1a: Grimmsnarl|[spread] p1a,p1b\n|-supereffective|p1b: Groudon\n|-damage|p1a: Grimmsnarl|6/100\n|-damage|p1b: Groudon|29/100\n|\n|-weather|SunnyDay|[upkeep]\n|upkeep\n|turn|4\n|\n|t:|1772872545\n|move|p1a: Grimmsnarl|Reflect|p1a: Grimmsnarl\n|-sidestart|p1: shangenb5|Reflect\n|move|p2a: Ditto|Dazzling Gleam|p1b: Groudon|[spread] p1a,p1b\n|-supereffective|p1a: Grimmsnarl\n|-damage|p1a: Grimmsnarl|0 fnt\n|-damage|p1b: Groudon|13/100\n|faint|p1a: Grimmsnarl\n|move|p1b: Groudon|High Horsepower|p2b: Kyurem\n|-damage|p2b: Kyurem|0 fnt\n|faint|p2b: Kyurem\n|\n|-weather|SunnyDay|[upkeep]\n|upkeep\n|\n|t:|1772872556\n|switch|p2b: Groudon|Groudon, L50|100/100\n|switch|p1a: Incineroar|Incineroar, L50, F|100/100\n|-ability|p1a: Incineroar|Intimidate|boost\n|-unboost|p2a: Ditto|atk|1\n|-unboost|p2b: Groudon|atk|1\n|turn|5\n|\n|t:|1772872563\n|move|p2a: Ditto|Protect|p2a: Ditto\n|-singleturn|p2a: Ditto|Protect\n|move|p1a: Incineroar|Fake Out|p2a: Ditto\n|-activate|p2a: Ditto|move: Protect\n|move|p1b: Groudon|Precipice Blades|p2a: Ditto|[spread] \n|-activate|p2a: Ditto|move: Protect\n|-miss|p1b: Groudon|p2b: Groudon\n|move|p2b: Groudon|Precipice Blades|p1a: Incineroar|[spread] p1a,p1b\n|-supereffective|p1a: Incineroar\n|-crit|p1a: Incineroar\n|-damage|p1a: Incineroar|0 fnt\n|-damage|p1b: Groudon|0 fnt\n|faint|p1a: Incineroar\n|faint|p1b: Groudon\n|\n|-weather|SunnyDay|[upkeep]\n|-fieldend|move: Electric Terrain\n|upkeep\n|-message|shangenb5 forfeited.\n|\n|win|I\u2764\ufe0f\u5a1c\u7984forever\n|raw|shangenb5's rating: 1381 &rarr; <strong>1359</strong><br />(-22 for losing)\n|raw|I\u2764\ufe0f\u5a1c\u7984forever's rating: 1342 &rarr; <strong>1364</strong><br />(+22 for winning)\n|l|\u2606shangenb5\n|player|p1|\n|l|\u2606I\u2764\ufe0f\u5a1c\u7984forever\n|player|p2|\n","uploadtime":1772872712,"views":13,"formatid":"gen9vgc2026regi","rating":1359,"private":0,"password":null}