{"id":"gen9vgc2026regi-2519299623","format":"[Gen 9] VGC 2026 Reg I","players":["1zha","Kellen1999"],"log":"|j|\u26061zha\n|j|\u2606Kellen1999\n|t:|1768493506\n|gametype|doubles\n|player|p1|1zha|battlegirl-gen4|1346\n|player|p2|Kellen1999|skyla|1315\n|gen|9\n|tier|[Gen 9] VGC 2026 Reg I\n|rated|\n|rule|Species Clause: Limit one of each Pok\u00e9mon\n|rule|Item Clause: Limit 1 of each item\n|clearpoke\n|poke|p1|Grimmsnarl, L50, M|\n|poke|p1|Miraidon, L50|\n|poke|p1|Iron Hands, L50|\n|poke|p1|Ditto, L50|\n|poke|p1|Urshifu-*, L50, F|\n|poke|p1|Ho-Oh, L50|\n|poke|p2|Calyrex-Ice, L50|\n|poke|p2|Miraidon, L50|\n|poke|p2|Grimmsnarl, L50, M|\n|poke|p2|Urshifu-*, L50, F|\n|poke|p2|Incineroar, L50, F|\n|poke|p2|Landorus, L50, M|\n|teampreview|4\n|inactive|Battle timer is ON: inactive players will automatically lose when time's up. (requested by Kellen1999)\n|inactive|1zha has 60 seconds left.\n|\n|t:|1768493549\n|teamsize|p1|4\n|teamsize|p2|4\n|start\n|switch|p1a: Grimmsnarl|Grimmsnarl, L50, M|100/100\n|switch|p1b: Miraidon|Miraidon, L50|100/100\n|switch|p2a: Urshifu|Urshifu-Rapid-Strike, L50, F|100/100\n|switch|p2b: Incineroar|Incineroar, L50, F, shiny|100/100\n|-fieldstart|move: Electric Terrain|[from] ability: Hadron Engine|[of] p1b: Miraidon\n|-ability|p2b: Incineroar|Intimidate|boost\n|-unboost|p1a: Grimmsnarl|atk|1\n|-unboost|p1b: Miraidon|atk|1\n|turn|1\n|\n|t:|1768493559\n|move|p2b: Incineroar|Fake Out|p1b: Miraidon\n|-damage|p1b: Miraidon|89/100\n|move|p1a: Grimmsnarl|Fake Out|p2b: Incineroar\n|-damage|p2b: Incineroar|94/100\n|cant|p1b: Miraidon|flinch\n|move|p2a: Urshifu|Surging Strikes|p1a: Grimmsnarl\n|-crit|p1a: Grimmsnarl\n|-damage|p1a: Grimmsnarl|68/100\n|-crit|p1a: Grimmsnarl\n|-damage|p1a: Grimmsnarl|37/100\n|-crit|p1a: Grimmsnarl\n|-damage|p1a: Grimmsnarl|4/100\n|-hitcount|p1a: Grimmsnarl|3\n|\n|upkeep\n|turn|2\n|j| Rxu\n|\n|t:|1768493581\n|switch|p2a: Miraidon|Miraidon, L50, shiny|100/100\n|-activate|p2a: Miraidon|ability: Hadron Engine\n|move|p1a: Grimmsnarl|Light Screen|p1a: Grimmsnarl\n|-sidestart|p1: 1zha|move: Light Screen\n|move|p1b: Miraidon|Electro Drift|p2b: Incineroar\n|-damage|p2b: Incineroar|1/100\n|-damage|p1b: Miraidon|80/100|[from] item: Life Orb\n|move|p2b: Incineroar|U-turn|p1a: Grimmsnarl\n|-damage|p1a: Grimmsnarl|0 fnt\n|faint|p1a: Grimmsnarl\n|\n|t:|1768493600\n|switch|p2b: Calyrex|Calyrex-Ice, L50|100/100|[from] U-turn\n|-ability|p2b: Calyrex|As One\n|-ability|p2b: Calyrex|Unnerve\n|\n|upkeep\n|\n|t:|1768493604\n|switch|p1a: Ditto|Ditto, L50|100/100\n|-transform|p1a: Ditto|p2b: Calyrex|[from] ability: Imposter\n|-ability|p1a: Ditto|As One\n|-ability|p1a: Ditto|Unnerve\n|turn|3\n|inactive|Kellen1999 has 30 seconds left.\n|\n|t:|1768493633\n|-terastallize|p2a: Miraidon|Fairy\n|move|p1b: Miraidon|Protect|p1b: Miraidon\n|-singleturn|p1b: Miraidon|Protect\n|move|p2b: Calyrex|Protect|p2b: Calyrex\n|-singleturn|p2b: Calyrex|Protect\n|move|p2a: Miraidon|Dazzling Gleam|p1a: Ditto|[spread] p1a\n|-activate|p1b: Miraidon|move: Protect\n|-damage|p1a: Ditto|69/100\n|move|p1a: Ditto|Leech Seed|p2b: Calyrex\n|-activate|p2b: Calyrex|move: Protect\n|\n|upkeep\n|turn|4\n|inactive|1zha has 30 seconds left.\n|inactive|1zha has 20 seconds left.\n|inactive|1zha has 15 seconds left.\n|inactive|1zha has 10 seconds left.\n|\n|t:|1768493680\n|switch|p1b: Ho-Oh|Ho-Oh, L50|100/100\n|move|p2a: Miraidon|Dazzling Gleam|p1b: Ho-Oh|[spread] p1a,p1b\n|-resisted|p1b: Ho-Oh\n|-damage|p1a: Ditto|37/100\n|-damage|p1b: Ho-Oh|89/100\n|move|p1a: Ditto|Leech Seed|p2b: Calyrex\n|-start|p2b: Calyrex|move: Leech Seed\n|move|p2b: Calyrex|Glacial Lance|p1b: Ho-Oh|[spread] p1a,p1b\n|-resisted|p1a: Ditto\n|-damage|p1a: Ditto|17/100\n|-damage|p1b: Ho-Oh|49/100\n|\n|-damage|p2b: Calyrex|88/100|[from] Leech Seed|[of] p1a: Ditto\n|-heal|p1a: Ditto|33/100|[silent]\n|upkeep\n|turn|5\n|inactive|1zha has 30 seconds left.\n|\n|t:|1768493707\n|move|p2a: Miraidon|Dazzling Gleam|p1a: Ditto|[spread] p1a,p1b\n|-resisted|p1b: Ho-Oh\n|-damage|p1a: Ditto|2/100\n|-damage|p1b: Ho-Oh|37/100\n|move|p1b: Ho-Oh|Sacred Fire|p2b: Calyrex\n|-supereffective|p2b: Calyrex\n|-damage|p2b: Calyrex|29/100\n|-status|p2b: Calyrex|brn\n|move|p1a: Ditto|Leech Seed|p2a: Miraidon|[miss]\n|-miss|p1a: Ditto|p2a: Miraidon\n|move|p2b: Calyrex|Glacial Lance|p1a: Ditto|[spread] p1a,p1b\n|-resisted|p1a: Ditto\n|-damage|p1a: Ditto|0 fnt\n|-damage|p1b: Ho-Oh|16/100\n|faint|p1a: Ditto\n|-ability|p2b: Calyrex|Chilling Neigh|boost\n|-boost|p2b: Calyrex|atk|1\n|\n|-heal|p2b: Calyrex|35/100 brn|[from] item: Leftovers\n|-damage|p2b: Calyrex|29/100 brn|[from] brn\n|-fieldend|move: Electric Terrain\n|upkeep\n|\n|t:|1768493721\n|switch|p1a: Miraidon|Miraidon, L50|80/100\n|-fieldstart|move: Electric Terrain|[from] ability: Hadron Engine|[of] p1a: Miraidon\n|turn|6\n|l|\u26061zha\n|inactive|1zha disconnected and has a minute to reconnect!\n|player|p1|\n|inactive|1zha has 30 seconds left.\n|inactive|1zha has 20 seconds left.\n|inactive|1zha has 15 seconds left.\n|j|\u26061zha\n|inactive|1zha reconnected and has 15 seconds left.\n|player|p1|1zha|battlegirl-gen4|\n|inactive|1zha has 10 seconds left.\n|\n|t:|1768493767\n|-terastallize|p1a: Miraidon|Fairy\n|move|p1b: Ho-Oh|Protect|p1b: Ho-Oh\n|-singleturn|p1b: Ho-Oh|Protect\n|move|p1a: Miraidon|Electro Drift|p2a: Miraidon\n|-damage|p2a: Miraidon|18/100\n|-damage|p1a: Miraidon|70/100|[from] item: Life Orb\n|move|p2a: Miraidon|Dazzling Gleam|p1b: Ho-Oh|[spread] p1a\n|-activate|p1b: Ho-Oh|move: Protect\n|-damage|p1a: Miraidon|38/100\n|move|p2b: Calyrex|Trick Room|p2b: Calyrex\n|-fieldstart|move: Trick Room|[of] p2b: Calyrex\n|\n|-heal|p2b: Calyrex|35/100 brn|[from] item: Leftovers\n|-damage|p2b: Calyrex|23/100 brn|[from] Leech Seed|[of] p1a: Miraidon\n|-heal|p1a: Miraidon|52/100|[silent]\n|-damage|p2b: Calyrex|17/100 brn|[from] brn\n|-sideend|p1: 1zha|move: Light Screen\n|upkeep\n|turn|7\n|\n|t:|1768493791\n|move|p1a: Miraidon|Protect|p1a: Miraidon\n|-singleturn|p1a: Miraidon|Protect\n|move|p2b: Calyrex|Glacial Lance|p1b: Ho-Oh|[spread] p1b\n|-activate|p1a: Miraidon|move: Protect\n|-damage|p1b: Ho-Oh|0 fnt\n|faint|p1b: Ho-Oh\n|-ability|p2b: Calyrex|Chilling Neigh|boost\n|-boost|p2b: Calyrex|atk|1\n|move|p2a: Miraidon|Dazzling Gleam|p1a: Miraidon\n|-activate|p1a: Miraidon|move: Protect\n|\n|-heal|p2b: Calyrex|23/100 brn|[from] item: Leftovers\n|-damage|p2b: Calyrex|11/100 brn|[from] Leech Seed|[of] p1a: Miraidon\n|-heal|p1a: Miraidon|66/100|[silent]\n|-damage|p2b: Calyrex|5/100 brn|[from] brn\n|upkeep\n|turn|8\n|-message|1zha forfeited.\n|\n|win|Kellen1999\n|raw|1zha's rating: 1346 &rarr; <strong>1324</strong><br />(-22 for losing)\n|raw|Kellen1999's rating: 1315 &rarr; <strong>1337</strong><br />(+22 for winning)\n|l|\u26061zha\n|player|p1|\n|l|\u2606Kellen1999\n|player|p2|\n|l| Rxu\n","uploadtime":1768494029,"views":11,"formatid":"gen9vgc2026regi","rating":1324,"private":0,"password":null}