{"id":"gen9vgc2026regi-2564533831","format":"[Gen 9] VGC 2026 Reg I","players":["Dioxide8","happidoodledoo"],"log":"|j|\u2606Dioxide8\n|j|\u2606happidoodledoo\n|t:|1774158930\n|gametype|doubles\n|player|p1|Dioxide8|169|1367\n|player|p2|happidoodledoo|1|1403\n|gen|9\n|tier|[Gen 9] VGC 2026 Reg I\n|rated|\n|rule|Species Clause: Limit one of each Pok\u00e9mon\n|rule|Item Clause: Limit 1 of each item\n|clearpoke\n|poke|p1|Miraidon, L50|\n|poke|p1|Lunala, L50|\n|poke|p1|Whimsicott, L50, F|\n|poke|p1|Urshifu-*, L50, F|\n|poke|p1|Incineroar, L50, M|\n|poke|p1|Ursaluna, L50, F|\n|poke|p2|Calyrex-Shadow, L50|\n|poke|p2|Weezing-Galar, L50, M|\n|poke|p2|Dondozo, L50, M|\n|poke|p2|Tatsugiri-Droopy, L50, M|\n|poke|p2|Brute Bonnet, L50|\n|poke|p2|Koraidon, L50|\n|teampreview|4\n|inactive|Battle timer is ON: inactive players will automatically lose when time's up. (requested by Dioxide8)\n|inactive|Dioxide8 has 60 seconds left.\n|inactive|Dioxide8 has 30 seconds left.\n|inactive|Dioxide8 has 20 seconds left.\n|\n|t:|1774159001\n|teamsize|p1|4\n|teamsize|p2|4\n|start\n|switch|p1a: Miraidon|Miraidon, L50|100/100\n|switch|p1b: Lunala|Lunala, L50|100/100\n|switch|p2a: Koraidon|Koraidon, L50|100/100\n|switch|p2b: Calyrex|Calyrex-Shadow, L50|100/100\n|-ability|p2b: Calyrex|As One\n|-ability|p2b: Calyrex|Unnerve\n|-weather|SunnyDay|[from] ability: Orichalcum Pulse|[of] p2a: Koraidon\n|-activate|p2a: Koraidon|Orichalcum Pulse|[source]\n|-fieldstart|move: Electric Terrain|[from] ability: Hadron Engine|[of] p1a: Miraidon\n|-enditem|p1b: Lunala|Electric Seed\n|-boost|p1b: Lunala|def|1|[from] item: Electric Seed\n|turn|1\n|inactive|happidoodledoo has 30 seconds left.\n|inactive|happidoodledoo has 20 seconds left.\n|inactive|happidoodledoo has 15 seconds left.\n|\n|t:|1774159042\n|switch|p2b: Weezing|Weezing-Galar, L50, M, shiny|100/100\n|-ability|p2b: Weezing|Neutralizing Gas\n|-block|p2a: Koraidon|item: Ability Shield\n|-terastallize|p2a: Koraidon|Fire\n|-terastallize|p1b: Lunala|Fairy\n|move|p1a: Miraidon|Protect|p1a: Miraidon\n|-singleturn|p1a: Miraidon|Protect\n|move|p2a: Koraidon|Flare Blitz|p1b: Lunala\n|-damage|p1b: Lunala|28/100\n|-damage|p2a: Koraidon|67/100|[from] Recoil\n|move|p1b: Lunala|Trick Room|p1b: Lunala\n|-fieldstart|move: Trick Room|[of] p1b: Lunala\n|\n|-weather|SunnyDay|[upkeep]\n|upkeep\n|turn|2\n|inactive|Dioxide8 has 30 seconds left.\n|inactive|happidoodledoo has 30 seconds left.\n|\n|t:|1774159076\n|switch|p2a: Brute Bonnet|Brute Bonnet, L50|100/100\n|move|p2b: Weezing|Toxic Spikes|p1b: Lunala\n|-sidestart|p1: Dioxide8|move: Toxic Spikes\n|move|p1b: Lunala|Moongeist Beam|p2a: Brute Bonnet\n|-resisted|p2a: Brute Bonnet\n|-damage|p2a: Brute Bonnet|79/100\n|move|p1a: Miraidon|Volt Switch|p2b: Weezing\n|-damage|p2b: Weezing|37/100\n|-enditem|p2b: Weezing|Sitrus Berry|[eat]\n|-heal|p2b: Weezing|62/100|[from] item: Sitrus Berry\n|-damage|p1a: Miraidon|91/100|[from] item: Life Orb\n|\n|t:|1774159091\n|switch|p1a: Ursaluna|Ursaluna, L50, F|100/100|[from] Volt Switch\n|-status|p1a: Ursaluna|psn\n|\n|-weather|SunnyDay|[upkeep]\n|-damage|p1a: Ursaluna|88/100 psn|[from] psn\n|upkeep\n|turn|3\n|inactive|happidoodledoo has 30 seconds left.\n|inactive|Dioxide8 has 30 seconds left.\n|inactive|happidoodledoo has 20 seconds left.\n|\n|t:|1774159131\n|-end|p2b: Weezing|ability: Neutralizing Gas\n|-activate|p2a: Brute Bonnet|ability: Protosynthesis\n|-start|p2a: Brute Bonnet|protosynthesisdef\n|switch|p2b: Koraidon|Koraidon, L50, tera:Fire|67/100\n|-activate|p2b: Koraidon|ability: Orichalcum Pulse\n|move|p1b: Lunala|Wide Guard|p1b: Lunala\n|-singleturn|p1b: Lunala|Wide Guard\n|move|p1a: Ursaluna|Earthquake|p2b: Koraidon|[spread] p2a,p2b\n|-activate|p1b: Lunala|move: Wide Guard\n|-resisted|p2a: Brute Bonnet\n|-supereffective|p2b: Koraidon\n|-damage|p2a: Brute Bonnet|62/100\n|-damage|p2b: Koraidon|0 fnt\n|faint|p2b: Koraidon\n|move|p2a: Brute Bonnet|Seed Bomb|p1a: Ursaluna\n|-supereffective|p1a: Ursaluna\n|-damage|p1a: Ursaluna|36/100 psn\n|\n|-weather|SunnyDay|[upkeep]\n|-damage|p1a: Ursaluna|23/100 psn|[from] psn\n|upkeep\n|\n|t:|1774159152\n|switch|p2b: Weezing|Weezing-Galar, L50, M, shiny|62/100\n|-ability|p2b: Weezing|Neutralizing Gas\n|turn|4\n|\n|t:|1774159168\n|move|p2a: Brute Bonnet|Sucker Punch|p1a: Ursaluna\n|-damage|p1a: Ursaluna|2/100 psn\n|move|p1a: Ursaluna|Facade|p2a: Brute Bonnet\n|-damage|p2a: Brute Bonnet|7/100\n|move|p2b: Weezing|Poison Gas|p1b: Lunala|[spread] p1a,p1b\n|-fail|p1a: Ursaluna|psn\n|-status|p1b: Lunala|psn\n|move|p1b: Lunala|Moonblast|p2a: Brute Bonnet\n|-supereffective|p2a: Brute Bonnet\n|-damage|p2a: Brute Bonnet|0 fnt\n|faint|p2a: Brute Bonnet\n|-end|p2a: Brute Bonnet|Protosynthesis|[silent]\n|\n|-weather|SunnyDay|[upkeep]\n|-damage|p1a: Ursaluna|0 fnt|[from] psn\n|faint|p1a: Ursaluna\n|-damage|p1b: Lunala|15/100 psn|[from] psn\n|upkeep\n|\n|t:|1774159185\n|switch|p1a: Miraidon|Miraidon, L50|91/100\n|switch|p2a: Calyrex|Calyrex-Shadow, L50|100/100\n|-ability|p2a: Calyrex|As One\n|-ability|p2a: Calyrex|Unnerve\n|-status|p1a: Miraidon|psn\n|turn|5\n|inactive|Dioxide8 has 30 seconds left.\n|inactive|happidoodledoo has 30 seconds left.\n|inactive|happidoodledoo has 20 seconds left.\n|inactive|happidoodledoo has 15 seconds left.\n|\n|t:|1774159227\n|move|p2a: Calyrex|Protect|p2a: Calyrex\n|-singleturn|p2a: Calyrex|Protect\n|move|p2b: Weezing|Dazzling Gleam|p1b: Lunala|[spread] p1a,p1b\n|-supereffective|p1a: Miraidon\n|-damage|p1a: Miraidon|60/100 psn\n|-damage|p1b: Lunala|3/100 psn\n|move|p1b: Lunala|Moongeist Beam|p2b: Weezing\n|-damage|p2b: Weezing|0 fnt\n|faint|p2b: Weezing\n|-end|p2b: Weezing|ability: Neutralizing Gas\n|-activate|p1a: Miraidon|ability: Hadron Engine\n|move|p1a: Miraidon|Electro Drift|p2a: Calyrex\n|-activate|p2a: Calyrex|move: Protect\n|\n|-weather|none\n|-damage|p1b: Lunala|0 fnt|[from] psn\n|faint|p1b: Lunala\n|-damage|p1a: Miraidon|47/100 psn|[from] psn\n|-fieldend|move: Trick Room\n|-fieldend|move: Electric Terrain\n|upkeep\n|\n|t:|1774159244\n|switch|p1b: Urshifu|Urshifu-Rapid-Strike, L50, F|100/100\n|-status|p1b: Urshifu|psn\n|turn|6\n|\n|t:|1774159262\n|move|p2a: Calyrex|Astral Barrage|p1a: Miraidon|[spread] p1a,p1b\n|-damage|p1a: Miraidon|0 fnt\n|-damage|p1b: Urshifu|0 fnt\n|faint|p1a: Miraidon\n|faint|p1b: Urshifu\n|-damage|p2a: Calyrex|91/100|[from] item: Life Orb\n|\n|win|happidoodledoo\n|raw|Dioxide8's rating: 1367 &rarr; <strong>1349</strong><br />(-18 for losing)\n|raw|happidoodledoo's rating: 1403 &rarr; <strong>1421</strong><br />(+18 for winning)\n|l|\u2606happidoodledoo\n|player|p2|\n|l|\u2606Dioxide8\n|player|p1|\n","uploadtime":1774159427,"views":40,"formatid":"gen9vgc2026regi","rating":1349,"private":0,"password":null}