{"id":"gen9vgc2026regi-2542299723","format":"[Gen 9] VGC 2026 Reg I","players":["EllenJoe2026","triton frostbane"],"log":"|j|\u203dEllenJoe2026\n|j|\u2606triton frostbane\n|t:|1771436006\n|gametype|doubles\n|player|p1|EllenJoe2026|iono|1430\n|player|p2|triton frostbane|red|1404\n|gen|9\n|tier|[Gen 9] VGC 2026 Reg I\n|rated|\n|rule|Species Clause: Limit one of each Pok\u00e9mon\n|rule|Item Clause: Limit 1 of each item\n|clearpoke\n|poke|p1|Calyrex-Ice, L50|\n|poke|p1|Miraidon, L50|\n|poke|p1|Tornadus, L50, M|\n|poke|p1|Urshifu-*, L50, F|\n|poke|p1|Grimmsnarl, L50, M|\n|poke|p1|Indeedee-F, L50, F|\n|poke|p2|Calyrex-Ice, L50|\n|poke|p2|Lunala, L50|\n|poke|p2|Smeargle, L50, M|\n|poke|p2|Urshifu-*, L50, M|\n|poke|p2|Torkoal, L50, M|\n|poke|p2|Indeedee-F, L50, F|\n|teampreview|4\n|inactive|Battle timer is ON: inactive players will automatically lose when time's up. (requested by EllenJoe2026)\n|inactive|EllenJoe2026 has 60 seconds left.\n|\n|t:|1771436039\n|teamsize|p1|4\n|teamsize|p2|4\n|start\n|switch|p1a: Calyrex|Calyrex-Ice, L50|100/100\n|switch|p1b: Miraidon|Miraidon, L50, shiny|100/100\n|switch|p2a: Smeargle|Smeargle, L50, M|100/100\n|switch|p2b: Calyrex|Calyrex-Ice, L50|100/100\n|-ability|p1a: Calyrex|As One\n|-ability|p1a: Calyrex|Unnerve\n|-ability|p2b: Calyrex|As One\n|-ability|p2b: Calyrex|Unnerve\n|-fieldstart|move: Electric Terrain|[from] ability: Hadron Engine|[of] p1b: Miraidon\n|turn|1\n|inactive|EllenJoe2026 has 30 seconds left.\n|\n|t:|1771436065\n|-terastallize|p1a: Calyrex|Grass\n|move|p2a: Smeargle|Fake Out|p1b: Miraidon\n|-damage|p1b: Miraidon|94/100\n|cant|p1b: Miraidon|flinch\n|move|p1a: Calyrex|Imprison|p1a: Calyrex\n|-start|p1a: Calyrex|move: Imprison\n|cant|p2b: Calyrex|move: Imprison|Glacial Lance\n|\n|upkeep\n|turn|2\n|\n|t:|1771436081\n|switch|p2b: Indeedee|Indeedee-F, L50, F|100/100\n|-fieldstart|move: Psychic Terrain|[from] ability: Psychic Surge|[of] p2b: Indeedee\n|move|p2a: Smeargle|Follow Me|p2a: Smeargle\n|-singleturn|p2a: Smeargle|move: Follow Me\n|move|p1b: Miraidon|Volt Switch|p2a: Smeargle\n|-enditem|p2a: Smeargle|Focus Sash\n|-damage|p2a: Smeargle|1/100\n|\n|t:|1771436093\n|switch|p1b: Urshifu|Urshifu-Rapid-Strike, L50, F|100/100|[from] Volt Switch\n|move|p1a: Calyrex|Seed Bomb|p2a: Smeargle\n|-damage|p2a: Smeargle|0 fnt\n|faint|p2a: Smeargle\n|-ability|p1a: Calyrex|Chilling Neigh|boost\n|-boost|p1a: Calyrex|atk|1\n|\n|upkeep\n|\n|t:|1771436101\n|switch|p2a: Torkoal|Torkoal, L50, M|100/100\n|-weather|SunnyDay|[from] ability: Drought|[of] p2a: Torkoal\n|turn|3\n|\n|t:|1771436121\n|switch|p1a: Miraidon|Miraidon, L50, shiny|94/100\n|-fieldstart|move: Electric Terrain|[from] ability: Hadron Engine|[of] p1a: Miraidon\n|-terastallize|p2a: Torkoal|Fire\n|move|p2b: Indeedee|Follow Me|p2b: Indeedee\n|-singleturn|p2b: Indeedee|move: Follow Me\n|move|p1b: Urshifu|U-turn|p2b: Indeedee\n|-supereffective|p2b: Indeedee\n|-damage|p2b: Indeedee|29/100\n|\n|t:|1771436131\n|switch|p1b: Tornadus|Tornadus, L50, M, shiny|100/100|[from] U-turn\n|move|p2a: Torkoal|Eruption|p1b: Tornadus|[spread] p1a,p1b\n|-resisted|p1a: Miraidon\n|-damage|p1a: Miraidon|34/100\n|-enditem|p1b: Tornadus|Focus Sash\n|-damage|p1b: Tornadus|1/100\n|\n|-weather|SunnyDay|[upkeep]\n|upkeep\n|turn|4\n|\n|t:|1771436144\n|move|p2b: Indeedee|Follow Me|p2b: Indeedee\n|-singleturn|p2b: Indeedee|move: Follow Me\n|move|p1b: Tornadus|Rain Dance|p1b: Tornadus\n|-weather|RainDance\n|move|p1a: Miraidon|Volt Switch|p2b: Indeedee\n|-damage|p2b: Indeedee|0 fnt\n|faint|p2b: Indeedee\n|\n|t:|1771436152\n|switch|p1a: Urshifu|Urshifu-Rapid-Strike, L50, F|100/100|[from] Volt Switch\n|move|p2a: Torkoal|Eruption|p1b: Tornadus|[spread] p1a,p1b\n|-resisted|p1a: Urshifu\n|-damage|p1a: Urshifu|64/100\n|-damage|p1b: Tornadus|0 fnt\n|faint|p1b: Tornadus\n|\n|-weather|RainDance|[upkeep]\n|upkeep\n|\n|t:|1771436159\n|switch|p1b: Calyrex|Calyrex-Ice, L50, tera:Grass|100/100\n|switch|p2b: Calyrex|Calyrex-Ice, L50|100/100\n|-ability|p1b: Calyrex|As One\n|-ability|p1b: Calyrex|Unnerve\n|-ability|p2b: Calyrex|As One\n|-ability|p2b: Calyrex|Unnerve\n|turn|5\n|\n|t:|1771436169\n|move|p1a: Urshifu|Surging Strikes|p2a: Torkoal\n|-supereffective|p2a: Torkoal\n|-crit|p2a: Torkoal\n|-damage|p2a: Torkoal|25/100\n|-supereffective|p2a: Torkoal\n|-crit|p2a: Torkoal\n|-damage|p2a: Torkoal|0 fnt\n|faint|p2a: Torkoal\n|-hitcount|p2: Torkoal|2\n|move|p1b: Calyrex|Imprison|p1b: Calyrex\n|-start|p1b: Calyrex|move: Imprison\n|cant|p2b: Calyrex|move: Imprison|Glacial Lance\n|\n|-weather|RainDance|[upkeep]\n|upkeep\n|turn|6\n|-message|triton frostbane forfeited.\n|\n|win|EllenJoe2026\n|raw|EllenJoe2026's rating: 1430 &rarr; <strong>1449</strong><br />(+19 for winning)\n|raw|triton frostbane's rating: 1404 &rarr; <strong>1385</strong><br />(-19 for losing)\n|l|\u2606triton frostbane\n|player|p2|\n|l|\u203dEllenJoe2026\n|player|p1|\n","uploadtime":1771436361,"views":17,"formatid":"gen9vgc2026regi","rating":1385,"private":0,"password":null}