{"id":"gen9vgc2026regi-2556643860","format":"[Gen 9] VGC 2026 Reg I","players":["xm3u4tp6","j0l0k0"],"log":"|j|\u2606xm3u4tp6\n|j|\u2606j0l0k0\n|t:|1773235997\n|gametype|doubles\n|player|p1|xm3u4tp6|iris|1397\n|player|p2|j0l0k0|brycen|1554\n|gen|9\n|tier|[Gen 9] VGC 2026 Reg I\n|rated|\n|rule|Species Clause: Limit one of each Pok\u00e9mon\n|rule|Item Clause: Limit 1 of each item\n|clearpoke\n|poke|p1|Terapagos, L50, M|\n|poke|p1|Hitmontop, L50, M|\n|poke|p1|Calyrex-Shadow, L50|\n|poke|p1|Grimmsnarl, L50, M|\n|poke|p1|Ogerpon-Cornerstone, L50, F|\n|poke|p1|Incineroar, L50, M|\n|poke|p2|Calyrex-Ice, L50|\n|poke|p2|Kyogre, L50|\n|poke|p2|Indeedee-F, L50, F|\n|poke|p2|Urshifu-*, L50, F|\n|poke|p2|Amoonguss, L50, F|\n|poke|p2|Landorus, L50, M|\n|teampreview|4\n|inactive|Battle timer is ON: inactive players will automatically lose when time's up. (requested by j0l0k0)\n|inactive|xm3u4tp6 has 60 seconds left.\n|\n|t:|1773236038\n|teamsize|p1|4\n|teamsize|p2|4\n|start\n|switch|p1a: Terapagos|Terapagos, L50, M|100/100\n|switch|p1b: Grimmsnarl|Grimmsnarl, L50, M|100/100\n|switch|p2a: Indeedee|Indeedee-F, L50, F, shiny|100/100\n|switch|p2b: Calyrex|Calyrex-Ice, L50|100/100\n|-activate|p1a: Terapagos|ability: Tera Shift\n|detailschange|p1a: Terapagos|Terapagos-Terastal, L50, M\n|-heal|p1a: Terapagos|100/100|[silent]\n|-ability|p2b: Calyrex|As One\n|-ability|p2b: Calyrex|Unnerve\n|-fieldstart|move: Psychic Terrain|[from] ability: Psychic Surge|[of] p2a: Indeedee\n|turn|1\n|\n|t:|1773236049\n|move|p2a: Indeedee|Follow Me|p2a: Indeedee\n|-singleturn|p2a: Indeedee|move: Follow Me\n|move|p1b: Grimmsnarl|Scary Face|p2a: Indeedee\n|-activate|p2a: Indeedee|move: Psychic Terrain\n|move|p1a: Terapagos|Calm Mind|p1a: Terapagos\n|-boost|p1a: Terapagos|spa|1\n|-boost|p1a: Terapagos|spd|1\n|move|p2b: Calyrex|Trick Room|p2b: Calyrex\n|-fieldstart|move: Trick Room|[of] p2b: Calyrex\n|\n|upkeep\n|turn|2\n|inactive|xm3u4tp6 has 30 seconds left.\n|\n|t:|1773236076\n|move|p1b: Grimmsnarl|Scary Face|p1a: Terapagos\n|-unboost|p1a: Terapagos|spe|2\n|move|p2b: Calyrex|Glacial Lance|p1b: Grimmsnarl|[spread] p1a,p1b\n|-activate|p1a: Terapagos|ability: Tera Shell\n|-resisted|p1a: Terapagos\n|-damage|p1a: Terapagos|79/100\n|-damage|p1b: Grimmsnarl|41/100\n|move|p1a: Terapagos|Calm Mind|p1a: Terapagos\n|-boost|p1a: Terapagos|spa|1\n|-boost|p1a: Terapagos|spd|1\n|move|p2a: Indeedee|Psychic|p1a: Terapagos\n|-damage|p1a: Terapagos|61/100\n|\n|upkeep\n|turn|3\n|\n|t:|1773236099\n|-terastallize|p1a: Terapagos|Stellar\n|detailschange|p1a: Terapagos|Terapagos-Stellar, L50, M, tera:Stellar\n|-heal|p1a: Terapagos|71/100|[silent]\n|-ability|p1a: Terapagos|Teraform Zero\n|-fieldend|move: Psychic Terrain\n|move|p2a: Indeedee|Helping Hand|p2b: Calyrex\n|-singleturn|p2b: Calyrex|Helping Hand|[of] p2a: Indeedee\n|move|p1b: Grimmsnarl|Scary Face|p1a: Terapagos\n|-unboost|p1a: Terapagos|spe|2\n|move|p1a: Terapagos|Tera Starstorm|p2b: Calyrex|[spread] p2a,p2b\n|-crit|p2a: Indeedee\n|-damage|p2a: Indeedee|8/100\n|-damage|p2b: Calyrex|54/100\n|move|p2b: Calyrex|Glacial Lance|p1b: Grimmsnarl|[spread] p1a,p1b\n|-damage|p1a: Terapagos|20/100\n|-damage|p1b: Grimmsnarl|0 fnt\n|faint|p1b: Grimmsnarl\n|-ability|p2b: Calyrex|Chilling Neigh|boost\n|-boost|p2b: Calyrex|atk|1\n|\n|upkeep\n|\n|t:|1773236117\n|switch|p1b: Hitmontop|Hitmontop, L50, M|100/100\n|-ability|p1b: Hitmontop|Intimidate|boost\n|-unboost|p2a: Indeedee|atk|1\n|-fail|p2b: Calyrex|unboost|[from] item: Clear Amulet|[of] p2b: Calyrex\n|turn|4\n|\n|t:|1773236129\n|move|p1b: Hitmontop|Vacuum Wave|p1a: Terapagos\n|-supereffective|p1a: Terapagos\n|-damage|p1a: Terapagos|17/100\n|-enditem|p1a: Terapagos|Weakness Policy\n|-boost|p1a: Terapagos|atk|2|[from] item: Weakness Policy\n|-boost|p1a: Terapagos|spa|2|[from] item: Weakness Policy\n|move|p1a: Terapagos|Tera Starstorm|p2a: Indeedee|[spread] p2a,p2b\n|-damage|p2a: Indeedee|0 fnt\n|-damage|p2b: Calyrex|0 fnt\n|faint|p2a: Indeedee\n|faint|p2b: Calyrex\n|\n|upkeep\n|\n|t:|1773236143\n|switch|p2b: Urshifu|Urshifu, L50, F|100/100\n|switch|p2a: Kyogre|Kyogre, L50, shiny|100/100\n|-weather|RainDance|[from] ability: Drizzle|[of] p2a: Kyogre\n|turn|5\n|\n|t:|1773236159\n|move|p2b: Urshifu|Protect|p2b: Urshifu\n|-singleturn|p2b: Urshifu|Protect\n|move|p1b: Hitmontop|Wide Guard|p1b: Hitmontop\n|-singleturn|p1b: Hitmontop|Wide Guard\n|move|p1a: Terapagos|Tera Starstorm|p2b: Urshifu|[spread] p2a\n|-activate|p2b: Urshifu|move: Protect\n|-damage|p2a: Kyogre|52/100\n|move|p2a: Kyogre|Hydro Pump|p1b: Hitmontop\n|-damage|p1b: Hitmontop|0 fnt\n|faint|p1b: Hitmontop\n|\n|-weather|RainDance|[upkeep]\n|-fieldend|move: Trick Room\n|upkeep\n|\n|t:|1773236169\n|switch|p1b: Calyrex|Calyrex-Shadow, L50|100/100\n|-ability|p1b: Calyrex|As One\n|-ability|p1b: Calyrex|Unnerve\n|turn|6\n|\n|t:|1773236178\n|move|p1b: Calyrex|Astral Barrage|p2a: Kyogre|[spread] p2a,p2b\n|-resisted|p2b: Urshifu\n|-damage|p2a: Kyogre|26/100\n|-damage|p2b: Urshifu|55/100\n|move|p2b: Urshifu|Wicked Blow|p1b: Calyrex\n|-supereffective|p1b: Calyrex\n|-crit|p1b: Calyrex\n|-enditem|p1b: Calyrex|Focus Sash\n|-damage|p1b: Calyrex|1/100\n|move|p2a: Kyogre|Thunder|p1a: Terapagos\n|-damage|p1a: Terapagos|2/100\n|move|p1a: Terapagos|Tera Starstorm|p2a: Kyogre|[spread] p2a,p2b\n|-damage|p2a: Kyogre|0 fnt\n|-damage|p2b: Urshifu|0 fnt\n|faint|p2a: Kyogre\n|faint|p2b: Urshifu\n|\n|win|xm3u4tp6\n|raw|xm3u4tp6's rating: 1397 &rarr; <strong>1425</strong><br />(+28 for winning)\n|raw|j0l0k0's rating: 1554 &rarr; <strong>1526</strong><br />(-28 for losing)\n|l|\u2606j0l0k0\n|player|p2|\n|l|\u2606xm3u4tp6\n|player|p1|\n","uploadtime":1773236321,"views":14,"formatid":"gen9vgc2026regi","rating":1425,"private":0,"password":null}