{"id":"gen9vgc2026regi-2587191609","format":"[Gen 9] VGC 2026 Reg I","players":["Lacossg","blackred123"],"log":"|j|\u2606Lacossg\n|j|\u2606blackred123\n|t:|1776506774\n|gametype|doubles\n|player|p1|Lacossg|265|1480\n|player|p2|blackred123|iono-masters|1701\n|gen|9\n|tier|[Gen 9] VGC 2026 Reg I\n|rated|\n|rule|Species Clause: Limit one of each Pok\u00e9mon\n|rule|Item Clause: Limit 1 of each item\n|clearpoke\n|poke|p1|Zacian-*, L50|\n|poke|p1|Iron Valiant, L50|\n|poke|p1|Tyranitar, L50, F|\n|poke|p1|Zamazenta-*, L50|\n|poke|p1|Landorus, L50, M|\n|poke|p1|Tornadus, L50, M|\n|poke|p2|Calyrex-Shadow, L50|\n|poke|p2|Zamazenta-*, L50|\n|poke|p2|Tornadus, L50, M|\n|poke|p2|Rillaboom, L50, F|\n|poke|p2|Ogerpon-Hearthflame, L50, F|\n|poke|p2|Raging Bolt, L50|\n|teampreview|4\n|inactive|Battle timer is ON: inactive players will automatically lose when time's up. (requested by blackred123)\n|\n|t:|1776506795\n|teamsize|p1|4\n|teamsize|p2|4\n|start\n|switch|p1a: Tornadus|Tornadus, L50, M|100/100\n|switch|p1b: Zamazenta|Zamazenta-Crowned, L50|100/100\n|switch|p2a: Zamazenta|Zamazenta-Crowned, L50|100/100\n|switch|p2b: Tornadus|Tornadus, L50, M|100/100\n|-ability|p1b: Zamazenta|Dauntless Shield|boost\n|-boost|p1b: Zamazenta|def|1\n|-ability|p2a: Zamazenta|Dauntless Shield|boost\n|-boost|p2a: Zamazenta|def|1\n|turn|1\n|inactive|Lacossg has 30 seconds left.\n|\n|t:|1776506827\n|-terastallize|p1b: Zamazenta|Dragon\n|-terastallize|p2a: Zamazenta|Water\n|move|p1a: Tornadus|Bleakwind Storm|p2b: Tornadus|[spread] \n|-miss|p1a: Tornadus|p2a: Zamazenta\n|-miss|p1a: Tornadus|p2b: Tornadus\n|move|p1b: Zamazenta|Body Press|p2a: Zamazenta\n|-damage|p2a: Zamazenta|79/100\n|move|p2a: Zamazenta|Heavy Slam|p1a: Tornadus\n|-damage|p1a: Tornadus|30/100\n|move|p2b: Tornadus|Bleakwind Storm|p1b: Zamazenta|[spread] p1a\n|-miss|p2b: Tornadus|p1b: Zamazenta\n|-damage|p1a: Tornadus|0 fnt\n|faint|p1a: Tornadus\n|\n|upkeep\n|\n|t:|1776506846\n|switch|p1a: Landorus|Landorus, L50, M|100/100\n|turn|2\n|\n|t:|1776506854\n|move|p2a: Zamazenta|Protect|p2a: Zamazenta\n|-singleturn|p2a: Zamazenta|Protect\n|move|p1b: Zamazenta|Body Press|p2a: Zamazenta\n|-activate|p2a: Zamazenta|move: Protect\n|move|p1a: Landorus|Earth Power|p2a: Zamazenta\n|-activate|p2a: Zamazenta|move: Protect\n|move|p2b: Tornadus|Bleakwind Storm|p1b: Zamazenta|[spread] \n|-miss|p2b: Tornadus|p1a: Landorus\n|-miss|p2b: Tornadus|p1b: Zamazenta\n|\n|upkeep\n|turn|3\n|inactive|Lacossg has 30 seconds left.\n|\n|t:|1776506879\n|move|p1b: Zamazenta|Body Press|p2a: Zamazenta\n|-damage|p2a: Zamazenta|55/100\n|move|p1a: Landorus|Earth Power|p2a: Zamazenta\n|-damage|p2a: Zamazenta|4/100\n|move|p2a: Zamazenta|Heavy Slam|p1a: Landorus\n|-damage|p1a: Landorus|47/100\n|move|p2b: Tornadus|Bleakwind Storm|p1a: Landorus|[spread] p1a,p1b\n|-damage|p1a: Landorus|0 fnt\n|-damage|p1b: Zamazenta|73/100\n|faint|p1a: Landorus\n|\n|upkeep\n|\n|t:|1776506885\n|switch|p1a: Tyranitar|Tyranitar, L50, F|100/100\n|-weather|Sandstorm|[from] ability: Sand Stream|[of] p1a: Tyranitar\n|turn|4\n|\n|t:|1776506897\n|move|p1a: Tyranitar|Protect|p1a: Tyranitar\n|-singleturn|p1a: Tyranitar|Protect\n|move|p2b: Tornadus|Tailwind|p2b: Tornadus\n|-sidestart|p2: blackred123|move: Tailwind\n|move|p2a: Zamazenta|Body Press|p1b: Zamazenta\n|-crit|p1b: Zamazenta\n|-damage|p1b: Zamazenta|6/100\n|move|p1b: Zamazenta|Snarl|p2b: Tornadus|[spread] p2a,p2b\n|-damage|p2a: Zamazenta|0 fnt\n|-damage|p2b: Tornadus|92/100\n|-unboost|p2b: Tornadus|spa|1\n|faint|p2a: Zamazenta\n|\n|-weather|Sandstorm|[upkeep]\n|-damage|p2b: Tornadus|86/100|[from] Sandstorm\n|-damage|p1b: Zamazenta|0 fnt|[from] Sandstorm\n|faint|p1b: Zamazenta\n|upkeep\n|\n|t:|1776506908\n|switch|p2a: Rillaboom|Rillaboom, L50, F|100/100\n|-fieldstart|move: Grassy Terrain|[from] ability: Grassy Surge|[of] p2a: Rillaboom\n|turn|5\n|-message|Lacossg forfeited.\n|\n|win|blackred123\n|raw|Lacossg's rating: 1480 &rarr; <strong>1471</strong><br />(-9 for losing)\n|raw|blackred123's rating: 1701 &rarr; <strong>1710</strong><br />(+9 for winning)\n|l|\u2606Lacossg\n|player|p1|\n|l|\u2606blackred123\n|player|p2|\n","uploadtime":1776507175,"views":8,"formatid":"gen9vgc2026regi","rating":1471,"private":0,"password":null}