{"id":"gen9vgc2026regi-2526012533","format":"[Gen 9] VGC 2026 Reg I","players":["jpto5","4D-Man"],"log":"|j|\u2606jpto5\n|j|\u26064D-Man\n|t:|1769362550\n|gametype|doubles\n|player|p1|jpto5|1|1099\n|player|p2|4D-Man|workerice|1064\n|gen|9\n|tier|[Gen 9] VGC 2026 Reg I\n|rated|\n|rule|Species Clause: Limit one of each Pok\u00e9mon\n|rule|Item Clause: Limit 1 of each item\n|clearpoke\n|poke|p1|Tornadus, L50, M|\n|poke|p1|Kyogre, L50|\n|poke|p1|Zacian-*, L50|\n|poke|p1|Basculegion, L50, M|\n|poke|p1|Archaludon, L50, F|\n|poke|p1|Krookodile, L50, M|\n|poke|p2|Annihilape, L50, F|\n|poke|p2|Zamazenta-*, L50|\n|poke|p2|Farigiraf, L50, M|\n|poke|p2|Corphish, L50, M|\n|poke|p2|Dusclops, L50, F|\n|poke|p2|Sentret, L50, M|\n|teampreview|4\n|inactive|Battle timer is ON: inactive players will automatically lose when time's up. (requested by jpto5)\n|\n|t:|1769362575\n|teamsize|p1|4\n|teamsize|p2|4\n|start\n|switch|p1a: Krookodile|Krookodile, L50, M|100/100\n|switch|p1b: Tornadus|Tornadus, L50, M|100/100\n|switch|p2a: Dusclops|Dusclops, L50, F|100/100\n|switch|p2b: Corphish|Corphish, L50, M|100/100\n|-ability|p1a: Krookodile|Intimidate|boost\n|-unboost|p2a: Dusclops|atk|1\n|-unboost|p2b: Corphish|atk|1\n|-item|p1a: Krookodile|Eject Pack|[from] ability: Frisk|[of] p2a: Dusclops\n|-item|p1b: Tornadus|Focus Sash|[from] ability: Frisk|[of] p2a: Dusclops\n|turn|1\n|\n|t:|1769362592\n|-terastallize|p2a: Dusclops|Dark\n|move|p2b: Corphish|Protect|p2b: Corphish\n|-singleturn|p2b: Corphish|Protect\n|move|p1b: Tornadus|Taunt|p2a: Dusclops\n|-hint|Since gen 7, Dark is immune to Prankster moves.\n|-immune|p2a: Dusclops\n|move|p1a: Krookodile|Stealth Rock|p2b: Corphish\n|-sidestart|p2: 4D-Man|move: Stealth Rock\n|move|p2a: Dusclops|Trick Room|p2a: Dusclops\n|-fieldstart|move: Trick Room|[of] p2a: Dusclops\n|\n|upkeep\n|turn|2\n|\n|t:|1769362612\n|move|p2a: Dusclops|Will-O-Wisp|p1b: Tornadus\n|-status|p1b: Tornadus|brn\n|move|p2b: Corphish|Crabhammer|p1a: Krookodile\n|-supereffective|p1a: Krookodile\n|-damage|p1a: Krookodile|14/100\n|move|p1a: Krookodile|Stealth Rock||[still]\n|-fail|p1a: Krookodile\n|move|p1b: Tornadus|Bleakwind Storm|p2b: Corphish|[spread] p2a,p2b\n|-crit|p2a: Dusclops\n|-damage|p2a: Dusclops|62/100\n|-damage|p2b: Corphish|32/100\n|-unboost|p2a: Dusclops|spe|1\n|\n|-damage|p1b: Tornadus|95/100 brn|[from] brn\n|upkeep\n|turn|3\n|\n|t:|1769362635\n|switch|p1a: Basculegion|Basculegion, L50, M|100/100\n|move|p2b: Corphish|Aqua Jet|p1a: Basculegion\n|-resisted|p1a: Basculegion\n|-damage|p1a: Basculegion|91/100\n|move|p2a: Dusclops|Pain Split|p1b: Tornadus\n|-sethp|p1b: Tornadus|71/100 brn|[from] move: Pain Split|[silent]\n|-sethp|p2a: Dusclops|94/100|[from] move: Pain Split\n|move|p1b: Tornadus|Bleakwind Storm|p2b: Corphish|[spread] p2a,p2b\n|-damage|p2a: Dusclops|70/100\n|-damage|p2b: Corphish|0 fnt\n|faint|p2b: Corphish\n|\n|-damage|p1b: Tornadus|65/100 brn|[from] brn\n|upkeep\n|\n|t:|1769362643\n|switch|p2b: Annihilape|Annihilape, L50, F, shiny|100/100\n|-damage|p2b: Annihilape|95/100|[from] Stealth Rock\n|turn|4\n|inactive|jpto5 has 30 seconds left.\n|inactive|jpto5 has 20 seconds left.\n|inactive|jpto5 has 15 seconds left.\n|\n|t:|1769362684\n|move|p2a: Dusclops|Dark Pulse|p1a: Basculegion\n|-supereffective|p1a: Basculegion\n|-damage|p1a: Basculegion|47/100\n|move|p2b: Annihilape|Rage Fist|p1a: Basculegion\n|-supereffective|p1a: Basculegion\n|-damage|p1a: Basculegion|0 fnt\n|faint|p1a: Basculegion\n|move|p1b: Tornadus|Bleakwind Storm|p2a: Dusclops|[spread] p2a\n|-miss|p1b: Tornadus|p2b: Annihilape\n|-damage|p2a: Dusclops|46/100\n|\n|-heal|p2b: Annihilape|100/100|[from] item: Leftovers\n|-damage|p1b: Tornadus|59/100 brn|[from] brn\n|upkeep\n|\n|t:|1769362702\n|switch|p1a: Zacian|Zacian-Crowned, L50|100/100\n|-ability|p1a: Zacian|Intrepid Sword|boost\n|-boost|p1a: Zacian|atk|1\n|turn|5\n|\n|t:|1769362711\n|move|p2a: Dusclops|Pain Split|p1a: Zacian\n|-sethp|p1a: Zacian|66/100|[from] move: Pain Split|[silent]\n|-sethp|p2a: Dusclops|95/100|[from] move: Pain Split\n|move|p2b: Annihilape|Bulk Up|p2b: Annihilape\n|-boost|p2b: Annihilape|atk|1\n|-boost|p2b: Annihilape|def|1\n|move|p1b: Tornadus|Bleakwind Storm|p2a: Dusclops|[spread] p2a,p2b\n|-supereffective|p2b: Annihilape\n|-damage|p2a: Dusclops|69/100\n|-damage|p2b: Annihilape|42/100\n|-unboost|p2b: Annihilape|spe|1\n|-ability|p2b: Annihilape|Defiant|boost\n|-boost|p2b: Annihilape|atk|2\n|move|p1a: Zacian|Play Rough|p2b: Annihilape\n|-supereffective|p2b: Annihilape\n|-damage|p2b: Annihilape|0 fnt\n|faint|p2b: Annihilape\n|\n|-damage|p1b: Tornadus|53/100 brn|[from] brn\n|-fieldend|move: Trick Room\n|upkeep\n|\n|t:|1769362719\n|switch|p2b: Zamazenta|Zamazenta-Crowned, L50|100/100\n|-damage|p2b: Zamazenta|98/100|[from] Stealth Rock\n|-ability|p2b: Zamazenta|Dauntless Shield|boost\n|-boost|p2b: Zamazenta|def|1\n|turn|6\n|\n|t:|1769362739\n|move|p2b: Zamazenta|Protect|p2b: Zamazenta\n|-singleturn|p2b: Zamazenta|Protect\n|move|p1b: Tornadus|Taunt|p2b: Zamazenta\n|-activate|p2b: Zamazenta|move: Protect\n|move|p1a: Zacian|Sacred Sword|p2a: Dusclops\n|-supereffective|p2a: Dusclops\n|-damage|p2a: Dusclops|2/100\n|move|p2a: Dusclops|Trick Room|p2a: Dusclops\n|-fieldstart|move: Trick Room|[of] p2a: Dusclops\n|\n|-damage|p1b: Tornadus|47/100 brn|[from] brn\n|upkeep\n|turn|7\n|\n|t:|1769362755\n|switch|p1a: Krookodile|Krookodile, L50, M|14/100\n|-ability|p1a: Krookodile|Intimidate|boost\n|-unboost|p2a: Dusclops|atk|1\n|-unboost|p2b: Zamazenta|atk|1\n|move|p2a: Dusclops|Pain Split|p1a: Krookodile\n|-sethp|p1a: Krookodile|8/100|[from] move: Pain Split|[silent]\n|-sethp|p2a: Dusclops|11/100|[from] move: Pain Split\n|move|p2b: Zamazenta|Heavy Slam|p1a: Krookodile\n|-damage|p1a: Krookodile|0 fnt\n|faint|p1a: Krookodile\n|move|p1b: Tornadus|Bleakwind Storm|p2a: Dusclops|[spread] p2a,p2b\n|-damage|p2a: Dusclops|0 fnt\n|-damage|p2b: Zamazenta|74/100\n|faint|p2a: Dusclops\n|\n|-damage|p1b: Tornadus|41/100 brn|[from] brn\n|upkeep\n|\n|t:|1769362770\n|switch|p1a: Zacian|Zacian-Crowned, L50|66/100\n|turn|8\n|\n|t:|1769362789\n|-terastallize|p1a: Zacian|Fighting\n|move|p1b: Tornadus|Taunt|p2b: Zamazenta\n|-start|p2b: Zamazenta|move: Taunt\n|move|p2b: Zamazenta|Heavy Slam|p1a: Zacian\n|-damage|p1a: Zacian|51/100\n|move|p1a: Zacian|Sacred Sword|p2b: Zamazenta\n|-supereffective|p2b: Zamazenta\n|-damage|p2b: Zamazenta|8/100\n|\n|-damage|p1b: Tornadus|36/100 brn|[from] brn\n|upkeep\n|turn|9\n|\n|t:|1769362805\n|move|p2b: Zamazenta|Body Press|p1a: Zacian\n|-damage|p1a: Zacian|0 fnt\n|faint|p1a: Zacian\n|move|p1b: Tornadus|Bleakwind Storm|p2b: Zamazenta\n|-damage|p2b: Zamazenta|0 fnt\n|faint|p2b: Zamazenta\n|\n|win|jpto5\n|raw|jpto5's rating: 1099 &rarr; <strong>1122</strong><br />(+23 for winning)\n|raw|4D-Man's rating: 1064 &rarr; <strong>1046</strong><br />(-18 for losing)\n|c|\u26064D-Man|gg\n|l|\u26064D-Man\n|player|p2|\n|l|\u2606jpto5\n|player|p1|\n","uploadtime":1769363163,"views":18,"formatid":"gen9vgc2026regi","rating":1046,"private":0,"password":null}