{"id":"gen9vgc2026regi-2586477752","format":"[Gen 9] VGC 2026 Reg I","players":["LeafStoned","lalo's pollos"],"log":"|j|\u2606LeafStoned\n|j|\u2606lalo's pollos\n|t:|1776437402\n|gametype|doubles\n|player|p1|LeafStoned|101|1453\n|player|p2|lalo's pollos|266|1616\n|gen|9\n|tier|[Gen 9] VGC 2026 Reg I\n|rated|\n|rule|Species Clause: Limit one of each Pok\u00e9mon\n|rule|Item Clause: Limit 1 of each item\n|clearpoke\n|poke|p1|Amoonguss, L50, M|\n|poke|p1|Incineroar, L50, F|\n|poke|p1|Scream Tail, L50|\n|poke|p1|Koraidon, L50|\n|poke|p1|Calyrex-Shadow, L50|\n|poke|p1|Gothitelle, L50, M|\n|poke|p2|Miraidon, L50|\n|poke|p2|Landorus, L50, M|\n|poke|p2|Incineroar, L50, M|\n|poke|p2|Iron Bundle, L50|\n|poke|p2|Farigiraf, L50, F|\n|poke|p2|Calyrex-Ice, L50|\n|teampreview|4\n|j| thingsyoudo2me\n|j| dragondrivevgc\n|\n|t:|1776437468\n|teamsize|p1|4\n|teamsize|p2|4\n|start\n|switch|p1a: Koraidon|Koraidon, L50|100/100\n|switch|p1b: Scream Tail|Scream Tail, L50|100/100\n|switch|p2a: the Manager|Farigiraf, L50, F|100/100\n|switch|p2b: Co-Star|Miraidon, L50|100/100\n|-weather|SunnyDay|[from] ability: Orichalcum Pulse|[of] p1a: Koraidon\n|-activate|p1b: Scream Tail|ability: Protosynthesis\n|-start|p1b: Scream Tail|protosynthesisspe\n|-activate|p1a: Koraidon|Orichalcum Pulse|[source]\n|-fieldstart|move: Electric Terrain|[from] ability: Hadron Engine|[of] p2b: Co-Star\n|turn|1\n|\n|t:|1776437487\n|move|p1b: Scream Tail|Protect|p1b: Scream Tail\n|-singleturn|p1b: Scream Tail|Protect\n|move|p1a: Koraidon|Protect|p1a: Koraidon\n|-singleturn|p1a: Koraidon|Protect\n|move|p2b: Co-Star|Draco Meteor|p1a: Koraidon\n|-activate|p1a: Koraidon|move: Protect\n|move|p2a: the Manager|Trick Room|p2a: the Manager\n|-fieldstart|move: Trick Room|[of] p2a: the Manager\n|\n|-weather|SunnyDay|[upkeep]\n|upkeep\n|turn|2\n|\n|t:|1776437506\n|switch|p1a: Gothitelle|Gothitelle, L50, M|100/100\n|switch|p2b: Incineroar|Incineroar, L50, M|100/100\n|-ability|p2b: Incineroar|Intimidate|boost\n|-unboost|p1a: Gothitelle|atk|1\n|-unboost|p1b: Scream Tail|atk|1\n|move|p2a: the Manager|Psychic|p1a: Gothitelle\n|-resisted|p1a: Gothitelle\n|-damage|p1a: Gothitelle|87/100\n|move|p1b: Scream Tail|Perish Song|p1b: Scream Tail\n|-start|p1a: Gothitelle|perish3|[silent]\n|-start|p1b: Scream Tail|perish3|[silent]\n|-start|p2a: the Manager|perish3|[silent]\n|-start|p2b: Incineroar|perish3|[silent]\n|-fieldactivate|move: Perish Song\n|\n|-weather|SunnyDay|[upkeep]\n|-heal|p1a: Gothitelle|93/100|[from] item: Leftovers\n|-start|p2b: Incineroar|perish3\n|-start|p2a: the Manager|perish3\n|-start|p1a: Gothitelle|perish3\n|-start|p1b: Scream Tail|perish3\n|upkeep\n|turn|3\n|\n|t:|1776437530\n|-end|p1b: Scream Tail|Protosynthesis|[silent]\n|switch|p1b: Koraidon|Koraidon, L50|100/100\n|-activate|p1b: Koraidon|ability: Orichalcum Pulse\n|move|p1a: Gothitelle|Protect|p1a: Gothitelle\n|-singleturn|p1a: Gothitelle|Protect\n|move|p2b: Incineroar|U-turn|p2a: the Manager\n|-supereffective|p2a: the Manager\n|-damage|p2a: the Manager|60/100\n|\n|t:|1776437536\n|switch|p2b: Co-Star|Miraidon, L50|100/100|[from] U-turn\n|-activate|p2b: Co-Star|ability: Hadron Engine\n|move|p2a: the Manager|Trick Room|p2a: the Manager\n|-fieldend|move: Trick Room\n|\n|-weather|SunnyDay|[upkeep]\n|-heal|p1a: Gothitelle|99/100|[from] item: Leftovers\n|-start|p1a: Gothitelle|perish2\n|-start|p2a: the Manager|perish2\n|upkeep\n|turn|4\n|\n|t:|1776437556\n|move|p2b: Co-Star|Electro Drift|p1a: Gothitelle\n|-damage|p1a: Gothitelle|0 fnt\n|faint|p1a: Gothitelle\n|move|p1b: Koraidon|Close Combat|p2b: Co-Star\n|-damage|p2b: Co-Star|0 fnt\n|-unboost|p1b: Koraidon|def|1\n|-unboost|p1b: Koraidon|spd|1\n|faint|p2b: Co-Star\n|-damage|p1b: Koraidon|91/100|[from] item: Life Orb\n|move|p2a: the Manager|Trick Room|p2a: the Manager\n|-fieldstart|move: Trick Room|[of] p2a: the Manager\n|\n|-weather|SunnyDay|[upkeep]\n|-start|p2a: the Manager|perish1\n|upkeep\n|\n|t:|1776437567\n|switch|p1a: Calyrex|Calyrex-Shadow, L50|100/100\n|switch|p2b: Calyrex|Calyrex-Ice, L50|100/100\n|-ability|p2b: Calyrex|As One\n|-ability|p2b: Calyrex|Unnerve\n|-ability|p1a: Calyrex|As One\n|-ability|p1a: Calyrex|Unnerve\n|turn|5\n|l|\u2606LeafStoned\n|player|p1|\n|inactive|Battle timer is ON: inactive players will automatically lose when time's up. (requested by lalo's pollos)\n|c|\u2606lalo's pollos|no way bro left\n|c|\u2606lalo's pollos|thingsyoudo2me , thingsyoudo2me  i know yall saw that masterclass\n|inactive|LeafStoned has 30 seconds to reconnect!\n|inactive|LeafStoned has 20 seconds to reconnect!\n|inactive|LeafStoned has 15 seconds to reconnect!\n|inactive|LeafStoned has 10 seconds to reconnect!\n|inactive|LeafStoned has 5 seconds to reconnect!\n|-message|LeafStoned lost due to inactivity.\n|\n|win|lalo's pollos\n|raw|LeafStoned's rating: 1453 &rarr; <strong>1442</strong><br />(-11 for losing)\n|raw|lalo&apos;s pollos's rating: 1616 &rarr; <strong>1627</strong><br />(+11 for winning)\n","uploadtime":1776437660,"views":12,"formatid":"gen9vgc2026regi","rating":1442,"private":0,"password":null}