{"id":"gen9vgc2026regi-2550095738","format":"[Gen 9] VGC 2026 Reg I","players":["CHR1SPHX","salamstudu"],"log":"|j|\u2606CHR1SPHX\n|j|\u2606salamstudu\n|t:|1772454411\n|gametype|doubles\n|player|p1|CHR1SPHX|hilbert-wonderlauncher|1364\n|player|p2|salamstudu|lady|1442\n|gen|9\n|tier|[Gen 9] VGC 2026 Reg I\n|rated|\n|rule|Species Clause: Limit one of each Pok\u00e9mon\n|rule|Item Clause: Limit 1 of each item\n|clearpoke\n|poke|p1|Incineroar, L50, M|\n|poke|p1|Koraidon, L50|\n|poke|p1|Flutter Mane, L50|\n|poke|p1|Brute Bonnet, L50|\n|poke|p1|Indeedee-F, L50, F|\n|poke|p1|Calyrex-Ice, L50|\n|poke|p2|Kyogre, L50|\n|poke|p2|Calyrex-Ice, L50|\n|poke|p2|Rillaboom, L50, F|\n|poke|p2|Farigiraf, L50, M|\n|poke|p2|Urshifu-*, L50, M|\n|poke|p2|Whimsicott, L50, M|\n|teampreview|4\n|inactive|Battle timer is ON: inactive players will automatically lose when time's up. (requested by CHR1SPHX)\n|inactive|CHR1SPHX has 60 seconds left.\n|inactive|salamstudu has 60 seconds left.\n|inactive|CHR1SPHX has 30 seconds left.\n|inactive|CHR1SPHX has 20 seconds left.\n|\n|t:|1772454484\n|teamsize|p1|4\n|teamsize|p2|4\n|start\n|switch|p1a: Flutter Mane|Flutter Mane, L50|100/100\n|switch|p1b: Incineroar|Incineroar, L50, M|100/100\n|switch|p2a: Kyogre|Kyogre, L50|100/100\n|switch|p2b: Calyrex|Calyrex-Ice, L50|100/100\n|-ability|p2b: Calyrex|As One\n|-ability|p2b: Calyrex|Unnerve\n|-weather|RainDance|[from] ability: Drizzle|[of] p2a: Kyogre\n|-ability|p1b: Incineroar|Intimidate|boost\n|-unboost|p2a: Kyogre|atk|1\n|-fail|p2b: Calyrex|unboost|[from] item: Clear Amulet|[of] p2b: Calyrex\n|turn|1\n|inactive|salamstudu has 30 seconds left.\n|\n|t:|1772454514\n|switch|p2b: Farigiraf|Farigiraf, L50, M|100/100\n|move|p1b: Incineroar|Fake Out||[still]\n|cant|p2b: Farigiraf|ability: Armor Tail|Fake Out|[of] p1b: Incineroar\n|move|p1a: Flutter Mane|Shadow Ball|p2b: Farigiraf\n|-immune|p2b: Farigiraf\n|move|p2a: Kyogre|Origin Pulse|p1b: Incineroar|[spread] p1a\n|-miss|p2a: Kyogre|p1b: Incineroar\n|-enditem|p1a: Flutter Mane|Focus Sash\n|-damage|p1a: Flutter Mane|1/100\n|\n|-weather|RainDance|[upkeep]\n|upkeep\n|turn|2\n|inactive|salamstudu has 30 seconds left.\n|\n|t:|1772454544\n|-end|p1a: Flutter Mane|Protosynthesis|[silent]\n|switch|p1a: Brute Bonnet|Brute Bonnet, L50, shiny|100/100\n|-terastallize|p1b: Incineroar|Grass\n|move|p2a: Kyogre|Origin Pulse|p1a: Brute Bonnet|[spread] p1a,p1b\n|-resisted|p1a: Brute Bonnet\n|-resisted|p1b: Incineroar\n|-damage|p1a: Brute Bonnet|58/100\n|-damage|p1b: Incineroar|49/100\n|move|p2b: Farigiraf|Psychic|p1a: Brute Bonnet\n|-immune|p1a: Brute Bonnet\n|move|p1b: Incineroar|Parting Shot|p2a: Kyogre\n|-unboost|p2a: Kyogre|atk|1\n|-unboost|p2a: Kyogre|spa|1\n|\n|t:|1772454558\n|switch|p1b: Koraidon|Koraidon, L50|100/100|[from] Parting Shot\n|-weather|SunnyDay|[from] ability: Orichalcum Pulse|[of] p1b: Koraidon\n|-activate|p1a: Brute Bonnet|ability: Protosynthesis\n|-start|p1a: Brute Bonnet|protosynthesisdef\n|-activate|p1b: Koraidon|Orichalcum Pulse|[source]\n|\n|-weather|SunnyDay|[upkeep]\n|upkeep\n|turn|3\n|\n|t:|1772454573\n|switch|p2a: Rillaboom|Rillaboom, L50, F|100/100\n|-fieldstart|move: Grassy Terrain|[from] ability: Grassy Surge|[of] p2a: Rillaboom\n|move|p1b: Koraidon|Collision Course|p2a: Rillaboom\n|-damage|p2a: Rillaboom|45/100\n|move|p2b: Farigiraf|Psychic|p1b: Koraidon\n|-supereffective|p1b: Koraidon\n|-damage|p1b: Koraidon|61/100\n|-unboost|p1b: Koraidon|spd|1\n|move|p1a: Brute Bonnet|Spore|p2b: Farigiraf\n|-activate|p2b: Farigiraf|item: Safety Goggles|Spore\n|\n|-weather|SunnyDay|[upkeep]\n|-heal|p1b: Koraidon|67/100|[from] Grassy Terrain\n|-heal|p2a: Rillaboom|51/100|[from] Grassy Terrain\n|-heal|p1a: Brute Bonnet|64/100|[from] Grassy Terrain\n|upkeep\n|turn|4\n|\n|t:|1772454594\n|switch|p1b: Incineroar|Incineroar, L50, M, tera:Grass|49/100\n|-ability|p1b: Incineroar|Intimidate|boost\n|-unboost|p2a: Rillaboom|atk|1\n|-unboost|p2b: Farigiraf|atk|1\n|move|p2a: Rillaboom|U-turn|p1a: Brute Bonnet\n|-supereffective|p1a: Brute Bonnet\n|-damage|p1a: Brute Bonnet|34/100\n|-enditem|p1a: Brute Bonnet|Sitrus Berry|[eat]\n|-heal|p1a: Brute Bonnet|59/100|[from] item: Sitrus Berry\n|\n|t:|1772454605\n|switch|p2a: Calyrex|Calyrex-Ice, L50|100/100|[from] U-turn\n|-ability|p2a: Calyrex|As One\n|-ability|p2a: Calyrex|Unnerve\n|move|p2b: Farigiraf|Psychic|p1b: Incineroar\n|-damage|p1b: Incineroar|20/100\n|move|p1a: Brute Bonnet|Lash Out|p2b: Farigiraf\n|-supereffective|p2b: Farigiraf\n|-damage|p2b: Farigiraf|48/100\n|\n|-weather|SunnyDay|[upkeep]\n|-heal|p2b: Farigiraf|54/100|[from] Grassy Terrain\n|-heal|p1b: Incineroar|26/100|[from] Grassy Terrain\n|-heal|p1a: Brute Bonnet|65/100|[from] Grassy Terrain\n|upkeep\n|turn|5\n|inactive|CHR1SPHX has 30 seconds left.\n|inactive|salamstudu has 30 seconds left.\n|inactive|salamstudu has 20 seconds left.\n|inactive|salamstudu has 15 seconds left.\n|\n|t:|1772454647\n|-terastallize|p2a: Calyrex|Fire\n|move|p1b: Incineroar|Flare Blitz|p2a: Calyrex\n|-resisted|p2a: Calyrex\n|-crit|p2a: Calyrex\n|-damage|p2a: Calyrex|66/100\n|-damage|p1b: Incineroar|14/100|[from] Recoil\n|move|p1a: Brute Bonnet|Spore|p2a: Calyrex\n|-status|p2a: Calyrex|slp|[from] move: Spore\n|cant|p2a: Calyrex|slp\n|move|p2b: Farigiraf|Trick Room|p2b: Farigiraf\n|-fieldstart|move: Trick Room|[of] p2b: Farigiraf\n|\n|-weather|SunnyDay|[upkeep]\n|-heal|p2a: Calyrex|72/100 slp|[from] Grassy Terrain\n|-heal|p1a: Brute Bonnet|71/100|[from] Grassy Terrain\n|-heal|p1b: Incineroar|20/100|[from] Grassy Terrain\n|-heal|p2b: Farigiraf|60/100|[from] Grassy Terrain\n|upkeep\n|turn|6\n|\n|t:|1772454667\n|cant|p2a: Calyrex|slp\n|move|p1a: Brute Bonnet|Lash Out|p2a: Calyrex\n|-damage|p2a: Calyrex|50/100 slp\n|move|p2b: Farigiraf|Psychic|p1b: Incineroar\n|-damage|p1b: Incineroar|0 fnt\n|faint|p1b: Incineroar\n|\n|-weather|none\n|-end|p1a: Brute Bonnet|Protosynthesis\n|-heal|p2a: Calyrex|56/100 slp|[from] Grassy Terrain\n|-heal|p1a: Brute Bonnet|77/100|[from] Grassy Terrain\n|-heal|p2b: Farigiraf|66/100|[from] Grassy Terrain\n|upkeep\n|\n|t:|1772454677\n|switch|p1b: Koraidon|Koraidon, L50|67/100\n|-weather|SunnyDay|[from] ability: Orichalcum Pulse|[of] p1b: Koraidon\n|-activate|p1a: Brute Bonnet|ability: Protosynthesis\n|-start|p1a: Brute Bonnet|protosynthesisdef\n|-activate|p1b: Koraidon|Orichalcum Pulse|[source]\n|turn|7\n|\n|t:|1772454686\n|switch|p2b: Kyogre|Kyogre, L50|100/100\n|-weather|RainDance|[from] ability: Drizzle|[of] p2b: Kyogre\n|-end|p1a: Brute Bonnet|Protosynthesis\n|-curestatus|p2a: Calyrex|slp|[msg]\n|move|p2a: Calyrex|Glacial Lance|p1a: Brute Bonnet|[spread] p1a,p1b\n|-supereffective|p1a: Brute Bonnet\n|-supereffective|p1b: Koraidon\n|-damage|p1a: Brute Bonnet|10/100\n|-damage|p1b: Koraidon|0 fnt\n|faint|p1b: Koraidon\n|-ability|p2a: Calyrex|Chilling Neigh|boost\n|-boost|p2a: Calyrex|atk|1\n|move|p1a: Brute Bonnet|Lash Out|p2a: Calyrex\n|-damage|p2a: Calyrex|36/100\n|\n|-weather|RainDance|[upkeep]\n|-heal|p2a: Calyrex|42/100|[from] Grassy Terrain\n|-heal|p1a: Brute Bonnet|16/100|[from] Grassy Terrain\n|-fieldend|move: Grassy Terrain\n|upkeep\n|\n|t:|1772454698\n|switch|p1b: Flutter Mane|Flutter Mane, L50|1/100\n|turn|8\n|\n|t:|1772454705\n|move|p2a: Calyrex|Glacial Lance|p1a: Brute Bonnet|[spread] p1a,p1b\n|-supereffective|p1a: Brute Bonnet\n|-damage|p1a: Brute Bonnet|0 fnt\n|-damage|p1b: Flutter Mane|0 fnt\n|faint|p1a: Brute Bonnet\n|-end|p1a: Brute Bonnet|Protosynthesis|[silent]\n|faint|p1b: Flutter Mane\n|-end|p1b: Flutter Mane|Protosynthesis|[silent]\n|\n|win|salamstudu\n|raw|CHR1SPHX's rating: 1364 &rarr; <strong>1348</strong><br />(-16 for losing)\n|raw|salamstudu's rating: 1442 &rarr; <strong>1458</strong><br />(+16 for winning)\n|l|\u2606CHR1SPHX\n|player|p1|\n|l|\u2606salamstudu\n|player|p2|\n","uploadtime":1772454893,"views":14,"formatid":"gen9vgc2026regi","rating":1348,"private":0,"password":null}