{"id":"gen9vgc2026regi-2521882523","format":"[Gen 9] VGC 2026 Reg I","players":["liam.2025","Kellen1999"],"log":"|j|\u2606liam.2025\n|j|\u2606Kellen1999\n|t:|1768837474\n|gametype|doubles\n|player|p1|liam.2025|policeman|1471\n|player|p2|Kellen1999|170|1434\n|gen|9\n|tier|[Gen 9] VGC 2026 Reg I\n|rated|\n|rule|Species Clause: Limit one of each Pok\u00e9mon\n|rule|Item Clause: Limit 1 of each item\n|clearpoke\n|poke|p1|Murkrow, L50, M|\n|poke|p1|Weezing-Galar, L50, F|\n|poke|p1|Terapagos, L50, M|\n|poke|p1|Smeargle, L50, M|\n|poke|p1|Calyrex-Ice, L50|\n|poke|p1|Ursaluna, L50, M|\n|poke|p2|Calyrex-Ice, L50|\n|poke|p2|Miraidon, L50|\n|poke|p2|Grimmsnarl, L50, M|\n|poke|p2|Urshifu-*, L50, F|\n|poke|p2|Incineroar, L50, F|\n|poke|p2|Landorus, L50, M|\n|teampreview|4\n|inactive|Battle timer is ON: inactive players will automatically lose when time's up. (requested by Kellen1999)\n|inactive|Kellen1999 has 60 seconds left.\n|\n|t:|1768837512\n|teamsize|p1|4\n|teamsize|p2|4\n|start\n|switch|p1a: Murkrow|Murkrow, L50, M|100/100\n|switch|p1b: Calyrex|Calyrex-Ice, L50|100/100\n|switch|p2a: Landorus|Landorus, L50, M|100/100\n|switch|p2b: Calyrex|Calyrex-Ice, L50|100/100\n|-ability|p1b: Calyrex|As One\n|-ability|p1b: Calyrex|Unnerve\n|-ability|p2b: Calyrex|As One\n|-ability|p2b: Calyrex|Unnerve\n|turn|1\n|inactive|liam.2025 has 30 seconds left.\n|inactive|Kellen1999 has 30 seconds left.\n|inactive|liam.2025 has 20 seconds left.\n|inactive|Kellen1999 has 20 seconds left.\n|inactive|liam.2025 has 15 seconds left.\n|inactive|Kellen1999 has 15 seconds left.\n|\n|t:|1768837552\n|move|p2b: Calyrex|Protect|p2b: Calyrex\n|-singleturn|p2b: Calyrex|Protect\n|move|p2a: Landorus|Earth Power|p1b: Calyrex\n|-damage|p1b: Calyrex|49/100\n|move|p1b: Calyrex|Imprison|p1b: Calyrex\n|-start|p1b: Calyrex|move: Imprison\n|move|p1a: Murkrow|Brave Bird|p2a: Landorus\n|-damage|p2a: Landorus|49/100\n|-damage|p1a: Murkrow|76/100|[from] Recoil\n|\n|upkeep\n|turn|2\n|\n|t:|1768837575\n|move|p1a: Murkrow|Tailwind|p1a: Murkrow\n|-sidestart|p1: liam.2025|move: Tailwind\n|move|p1b: Calyrex|Glacial Lance|p2a: Landorus|[spread] p2a,p2b\n|-supereffective|p2a: Landorus\n|-resisted|p2b: Calyrex\n|-damage|p2a: Landorus|0 fnt\n|-damage|p2b: Calyrex|86/100\n|faint|p2a: Landorus\n|-ability|p1b: Calyrex|Chilling Neigh|boost\n|-boost|p1b: Calyrex|atk|1\n|move|p2b: Calyrex|Leech Seed|p1a: Murkrow\n|-start|p1a: Murkrow|move: Leech Seed\n|\n|-heal|p2b: Calyrex|92/100|[from] item: Leftovers\n|-damage|p1a: Murkrow|64/100|[from] Leech Seed|[of] p2b: Calyrex\n|-heal|p2b: Calyrex|100/100|[silent]\n|upkeep\n|\n|t:|1768837591\n|switch|p2a: Urshifu|Urshifu-Rapid-Strike, L50, F|100/100\n|turn|3\n|inactive|Kellen1999 has 30 seconds left.\n|inactive|liam.2025 has 30 seconds left.\n|inactive|Kellen1999 has 20 seconds left.\n|\n|t:|1768837627\n|-terastallize|p2a: Urshifu|Ghost\n|move|p2b: Calyrex|Protect|p2b: Calyrex\n|-singleturn|p2b: Calyrex|Protect\n|move|p1b: Calyrex|High Horsepower|p2a: Urshifu\n|-damage|p2a: Urshifu|56/100\n|move|p1a: Murkrow|Brave Bird|p2a: Urshifu\n|-damage|p2a: Urshifu|11/100\n|-damage|p1a: Murkrow|43/100|[from] Recoil\n|move|p2a: Urshifu|Surging Strikes|p1b: Calyrex\n|-crit|p1b: Calyrex\n|-damage|p1b: Calyrex|31/100\n|-crit|p1b: Calyrex\n|-damage|p1b: Calyrex|13/100\n|-crit|p1b: Calyrex\n|-damage|p1b: Calyrex|0 fnt\n|faint|p1b: Calyrex\n|-hitcount|p1: Calyrex|3\n|\n|-damage|p1a: Murkrow|31/100|[from] Leech Seed|[of] p2b: Calyrex\n|upkeep\n|\n|t:|1768837646\n|switch|p1b: Terapagos|Terapagos, L50, M|100/100\n|-activate|p1b: Terapagos|ability: Tera Shift\n|detailschange|p1b: Terapagos|Terapagos-Terastal, L50, M\n|-heal|p1b: Terapagos|100/100|[silent]\n|turn|4\n|\n|t:|1768837658\n|switch|p2a: Miraidon|Miraidon, L50, shiny|100/100\n|-fieldstart|move: Electric Terrain|[from] ability: Hadron Engine|[of] p2a: Miraidon\n|-terastallize|p1b: Terapagos|Stellar\n|detailschange|p1b: Terapagos|Terapagos-Stellar, L50, M, tera:Stellar\n|-heal|p1b: Terapagos|100/100|[silent]\n|-ability|p1b: Terapagos|Teraform Zero\n|-fieldend|move: Electric Terrain\n|move|p1a: Murkrow|Taunt|p2b: Calyrex\n|-start|p2b: Calyrex|move: Taunt\n|move|p1b: Terapagos|Tera Starstorm|p2b: Calyrex|[spread] p2a,p2b\n|-damage|p2a: Miraidon|57/100\n|-damage|p2b: Calyrex|62/100\n|cant|p2b: Calyrex|move: Taunt|Leech Seed\n|\n|-heal|p2b: Calyrex|68/100|[from] item: Leftovers\n|-damage|p1a: Murkrow|18/100|[from] Leech Seed|[of] p2b: Calyrex\n|-heal|p2b: Calyrex|76/100|[silent]\n|upkeep\n|turn|5\n|inactive|liam.2025 has 30 seconds left.\n|\n|t:|1768837686\n|switch|p2a: Urshifu|Urshifu-Rapid-Strike, L50, F, tera:Ghost|11/100\n|move|p1b: Terapagos|Tera Starstorm|p2b: Calyrex|[spread] p2a,p2b\n|-supereffective|p2a: Urshifu\n|-damage|p2a: Urshifu|0 fnt\n|-damage|p2b: Calyrex|41/100\n|faint|p2a: Urshifu\n|move|p1a: Murkrow|Brave Bird|p2b: Calyrex\n|-damage|p2b: Calyrex|8/100\n|-damage|p1a: Murkrow|2/100|[from] Recoil\n|move|p2b: Calyrex|Glacial Lance|p1b: Terapagos|[spread] p1a,p1b\n|-supereffective|p1a: Murkrow\n|-damage|p1a: Murkrow|0 fnt\n|-damage|p1b: Terapagos|63/100\n|faint|p1a: Murkrow\n|-ability|p2b: Calyrex|Chilling Neigh|boost\n|-boost|p2b: Calyrex|atk|1\n|\n|-heal|p2b: Calyrex|14/100|[from] item: Leftovers\n|-sideend|p1: liam.2025|move: Tailwind\n|upkeep\n|\n|t:|1768837703\n|switch|p2a: Miraidon|Miraidon, L50, shiny|57/100\n|switch|p1a: Smeargle|Smeargle, L50, M|100/100\n|-fieldstart|move: Electric Terrain|[from] ability: Hadron Engine|[of] p2a: Miraidon\n|turn|6\n|\n|t:|1768837723\n|move|p1a: Smeargle|Follow Me|p1a: Smeargle\n|-singleturn|p1a: Smeargle|move: Follow Me\n|move|p2a: Miraidon|Electro Drift|p1a: Smeargle\n|-enditem|p1a: Smeargle|Focus Sash\n|-damage|p1a: Smeargle|1/100\n|move|p1b: Terapagos|Tera Starstorm|p2a: Miraidon|[spread] p2a,p2b\n|-damage|p2a: Miraidon|14/100\n|-damage|p2b: Calyrex|0 fnt\n|faint|p2b: Calyrex\n|\n|upkeep\n|turn|7\n|-message|Kellen1999 forfeited.\n|\n|win|liam.2025\n|raw|liam.2025's rating: 1471 &rarr; <strong>1489</strong><br />(+18 for winning)\n|raw|Kellen1999's rating: 1434 &rarr; <strong>1416</strong><br />(-18 for losing)\n|l|\u2606Kellen1999\n|player|p2|\n|c|\u2606liam.2025|gg\n","uploadtime":1768837893,"views":16,"formatid":"gen9vgc2026regi","rating":1416,"private":0,"password":null}