{"id":"gen9vgc2026regi-2560750639","format":"[Gen 9] VGC 2026 Reg I","players":["It'sJustKen VGC","okstew"],"log":"|j|\u2606It'sJustKen VGC\n|j|\u2606okstew\n|t:|1773720394\n|gametype|doubles\n|player|p1|It'sJustKen VGC|1|1314\n|player|p2|okstew|schoolkid-gen4dp|1359\n|gen|9\n|tier|[Gen 9] VGC 2026 Reg I\n|rated|\n|rule|Species Clause: Limit one of each Pok\u00e9mon\n|rule|Item Clause: Limit 1 of each item\n|clearpoke\n|poke|p1|Koraidon, L50|\n|poke|p1|Incineroar, L50, M|\n|poke|p1|Raging Bolt, L50|\n|poke|p1|Amoonguss, L50, F|\n|poke|p1|Flutter Mane, L50|\n|poke|p1|Lunala, L50|\n|poke|p2|Calyrex-Shadow, L50|\n|poke|p2|Ho-Oh, L50|\n|poke|p2|Garganacl, L50, M|\n|poke|p2|Rillaboom, L50, M|\n|poke|p2|Farigiraf, L50, F|\n|poke|p2|Incineroar, L50, M|\n|teampreview|4\n|inactive|Battle timer is ON: inactive players will automatically lose when time's up. (requested by It'sJustKen VGC)\n|\n|t:|1773720415\n|teamsize|p1|4\n|teamsize|p2|4\n|start\n|switch|p1a: Lunala|Lunala, L50|100/100\n|switch|p1b: Flutter Mane|Flutter Mane, L50|100/100\n|switch|p2a: Calyrex|Calyrex-Shadow, L50|100/100\n|switch|p2b: Ho-Oh|Ho-Oh, L50|100/100\n|-ability|p2a: Calyrex|As One\n|-ability|p2a: Calyrex|Unnerve\n|turn|1\n|\n|t:|1773720424\n|-terastallize|p1a: Lunala|Rock\n|move|p2a: Calyrex|Protect|p2a: Calyrex\n|-singleturn|p2a: Calyrex|Protect\n|move|p1b: Flutter Mane|Icy Wind|p2a: Calyrex|[spread] p2b\n|-activate|p2a: Calyrex|move: Protect\n|-damage|p2b: Ho-Oh|92/100\n|move|p1a: Lunala|Meteor Beam||[still]\n|-prepare|p1a: Lunala|Meteor Beam\n|-boost|p1a: Lunala|spa|1\n|-enditem|p1a: Lunala|Power Herb\n|-anim|p1a: Lunala|Meteor Beam|p2b: Ho-Oh\n|-supereffective|p2b: Ho-Oh\n|-damage|p2b: Ho-Oh|0 fnt\n|faint|p2b: Ho-Oh\n|\n|upkeep\n|\n|t:|1773720433\n|switch|p2b: Farigiraf|Farigiraf, L50, F|100/100\n|turn|2\n|\n|t:|1773720447\n|switch|p2a: Garganacl|Garganacl, L50, M|100/100\n|move|p1a: Lunala|Wide Guard|p1a: Lunala\n|-singleturn|p1a: Lunala|Wide Guard\n|move|p1b: Flutter Mane|Icy Wind|p2b: Farigiraf|[spread] p2a,p2b\n|-damage|p2a: Garganacl|89/100\n|-damage|p2b: Farigiraf|85/100\n|-unboost|p2a: Garganacl|spe|1\n|-unboost|p2b: Farigiraf|spe|1\n|move|p2b: Farigiraf|Psychic|p1a: Lunala\n|-damage|p1a: Lunala|86/100\n|\n|upkeep\n|turn|3\n|\n|t:|1773720461\n|move|p1b: Flutter Mane|Moonblast|p2a: Garganacl\n|-damage|p2a: Garganacl|47/100\n|move|p1a: Lunala|Moongeist Beam|p2a: Garganacl\n|-damage|p2a: Garganacl|0 fnt\n|faint|p2a: Garganacl\n|move|p2b: Farigiraf|Trick Room|p2b: Farigiraf\n|-fieldstart|move: Trick Room|[of] p2b: Farigiraf\n|\n|upkeep\n|\n|t:|1773720471\n|switch|p2a: Calyrex|Calyrex-Shadow, L50|100/100\n|-ability|p2a: Calyrex|As One\n|-ability|p2a: Calyrex|Unnerve\n|turn|4\n|\n|t:|1773720486\n|move|p2b: Farigiraf|Psychic|p1a: Lunala\n|-damage|p1a: Lunala|58/100\n|-unboost|p1a: Lunala|spd|1\n|move|p1a: Lunala|Moongeist Beam|p2a: Calyrex\n|-supereffective|p2a: Calyrex\n|-enditem|p2a: Calyrex|Focus Sash\n|-damage|p2a: Calyrex|1/100\n|move|p1b: Flutter Mane|Icy Wind|p2b: Farigiraf|[spread] p2a,p2b\n|-damage|p2a: Calyrex|0 fnt\n|-damage|p2b: Farigiraf|69/100\n|-unboost|p2b: Farigiraf|spe|1\n|faint|p2a: Calyrex\n|\n|upkeep\n|turn|5\n|-message|okstew forfeited.\n|\n|win|It'sJustKen VGC\n|raw|It&apos;sJustKen VGC's rating: 1314 &rarr; <strong>1337</strong><br />(+23 for winning)\n|raw|okstew's rating: 1359 &rarr; <strong>1336</strong><br />(-23 for losing)\n|l|\u2606okstew\n|player|p2|\n|l|\u2606It'sJustKen VGC\n|player|p1|\n","uploadtime":1773720523,"views":10,"formatid":"gen9vgc2026regi","rating":1336,"private":0,"password":null}