{"id":"gen9vgc2026regi-2537393346","format":"[Gen 9] VGC 2026 Reg I","players":["Luca8","florianlangs"],"log":"|j|\u2606Luca8\n|j|\u2606florianlangs\n|t:|1770809100\n|gametype|doubles\n|player|p1|Luca8|flint|1163\n|player|p2|florianlangs|pokemonranger-gen4|1291\n|gen|9\n|tier|[Gen 9] VGC 2026 Reg I\n|rated|\n|rule|Species Clause: Limit one of each Pok\u00e9mon\n|rule|Item Clause: Limit 1 of each item\n|clearpoke\n|poke|p1|Miraidon, L50|\n|poke|p1|Calyrex-Shadow, L50|\n|poke|p1|Whimsicott, L50, F|\n|poke|p1|Farigiraf, L50, M|\n|poke|p1|Ninetales-Alola, L50, F|\n|poke|p1|Ogerpon-Hearthflame, L50, F|\n|poke|p2|Weezing, L50, M|\n|poke|p2|Terapagos, L50, M|\n|poke|p2|Amoonguss, L50, M|\n|poke|p2|Sawsbuck-Summer, L50, M|\n|poke|p2|Ogerpon-Wellspring, L50, F|\n|poke|p2|Golduck, L50, M|\n|teampreview|4\n|inactive|Battle timer is ON: inactive players will automatically lose when time's up. (requested by florianlangs)\n|inactive|Luca8 has 60 seconds left.\n|inactive|florianlangs has 60 seconds left.\n|inactive|Luca8 has 30 seconds left.\n|\n|t:|1770809165\n|teamsize|p1|4\n|teamsize|p2|4\n|start\n|switch|p1a: Miraidon|Miraidon, L50|100/100\n|switch|p1b: Calyrex|Calyrex-Shadow, L50|100/100\n|switch|p2a: Terapagos|Terapagos, L50, M|100/100\n|switch|p2b: Golduck|Golduck, L50, M|100/100\n|-activate|p2a: Terapagos|ability: Tera Shift\n|detailschange|p2a: Terapagos|Terapagos-Terastal, L50, M\n|-heal|p2a: Terapagos|100/100|[silent]\n|-ability|p1b: Calyrex|As One\n|-ability|p1b: Calyrex|Unnerve\n|-fieldstart|move: Electric Terrain|[from] ability: Hadron Engine|[of] p1a: Miraidon\n|-ability|p2b: Golduck|Cloud Nine\n|turn|1\n|inactive|Luca8 has 30 seconds left.\n|\n|t:|1770809197\n|-terastallize|p1b: Calyrex|Ground\n|move|p2a: Terapagos|Protect|p2a: Terapagos\n|-singleturn|p2a: Terapagos|Protect\n|move|p1a: Miraidon|Discharge|p2a: Terapagos|[spread] p2b\n|-activate|p2a: Terapagos|move: Protect\n|-immune|p1b: Calyrex\n|-supereffective|p2b: Golduck\n|-enditem|p2b: Golduck|Focus Sash\n|-damage|p2b: Golduck|1/100\n|move|p1b: Calyrex|Energy Ball|p2b: Golduck\n|-supereffective|p2b: Golduck\n|-damage|p2b: Golduck|0 fnt\n|faint|p2b: Golduck\n|-ability|p1b: Calyrex|Grim Neigh|boost\n|-boost|p1b: Calyrex|spa|1\n|\n|upkeep\n|\n|t:|1770809215\n|switch|p2b: Sawsbuck|Sawsbuck-Summer, L50, M|100/100\n|turn|2\n|\n|t:|1770809238\n|move|p2b: Sawsbuck|Headbutt|p1a: Miraidon\n|-damage|p1a: Miraidon|82/100\n|cant|p1a: Miraidon|flinch\n|move|p1b: Calyrex|Energy Ball|p2a: Terapagos\n|-activate|p2a: Terapagos|ability: Tera Shell\n|-resisted|p2a: Terapagos\n|-damage|p2a: Terapagos|64/100\n|move|p2a: Terapagos|Calm Mind|p2a: Terapagos\n|-boost|p2a: Terapagos|spa|1\n|-boost|p2a: Terapagos|spd|1\n|\n|-heal|p2a: Terapagos|70/100|[from] item: Leftovers\n|upkeep\n|turn|3\n|\n|t:|1770809262\n|-terastallize|p2a: Terapagos|Stellar\n|detailschange|p2a: Terapagos|Terapagos-Stellar, L50, M, tera:Stellar\n|-heal|p2a: Terapagos|78/100|[silent]\n|-ability|p2a: Terapagos|Teraform Zero\n|-fieldend|move: Electric Terrain\n|move|p2b: Sawsbuck|Headbutt|p1a: Miraidon\n|-damage|p1a: Miraidon|61/100\n|move|p1a: Miraidon|Discharge|p2b: Sawsbuck|[spread] p2a,p2b\n|-immune|p1b: Calyrex\n|-resisted|p2b: Sawsbuck\n|-damage|p2a: Terapagos|61/100\n|-damage|p2b: Sawsbuck|80/100\n|move|p1b: Calyrex|Energy Ball|p2a: Terapagos\n|-damage|p2a: Terapagos|21/100\n|move|p2a: Terapagos|Ice Beam|p1b: Calyrex\n|-supereffective|p1b: Calyrex\n|-damage|p1b: Calyrex|0 fnt\n|faint|p1b: Calyrex\n|\n|-heal|p2a: Terapagos|27/100|[from] item: Leftovers\n|upkeep\n|inactive|Luca8 has 30 seconds left.\n|\n|t:|1770809290\n|switch|p1b: Ninetales|Ninetales-Alola, L50, F|100/100\n|-weather|Snowscape|[from] ability: Snow Warning|[of] p1b: Ninetales\n|turn|4\n|\n|t:|1770809299\n|switch|p1a: Ogerpon|Ogerpon-Hearthflame, L50, F|100/100\n|-ability|p1a: Ogerpon|Mold Breaker\n|move|p2b: Sawsbuck|Headbutt|p1b: Ninetales\n|-damage|p1b: Ninetales|76/100\n|move|p1b: Ninetales|Blizzard|p2b: Sawsbuck|[spread] p2a,p2b\n|-supereffective|p2b: Sawsbuck\n|-damage|p2a: Terapagos|12/100\n|-damage|p2b: Sawsbuck|6/100\n|move|p2a: Terapagos|Tera Starstorm|p1b: Ninetales|[spread] p1a,p1b\n|-damage|p1a: Ogerpon|33/100\n|-damage|p1b: Ninetales|29/100\n|\n|-weather|Snowscape|[upkeep]\n|-heal|p2a: Terapagos|18/100|[from] item: Leftovers\n|upkeep\n|turn|5\n|inactive|Luca8 has 30 seconds left.\n|inactive|Luca8 has 20 seconds left.\n|inactive|Luca8 has 15 seconds left.\n|inactive|Luca8 has 10 seconds left.\n|inactive|Luca8 has 5 seconds left.\n|\n|t:|1770809350\n|move|p2b: Sawsbuck|Headbutt|p1a: Ogerpon\n|-damage|p1a: Ogerpon|0 fnt\n|faint|p1a: Ogerpon\n|move|p1b: Ninetales|Blizzard|p2b: Sawsbuck|[spread] p2a,p2b\n|-supereffective|p2b: Sawsbuck\n|-damage|p2a: Terapagos|4/100\n|-damage|p2b: Sawsbuck|0 fnt\n|faint|p2b: Sawsbuck\n|move|p2a: Terapagos|Tera Starstorm|p1b: Ninetales\n|-damage|p1b: Ninetales|0 fnt\n|faint|p1b: Ninetales\n|\n|-weather|Snowscape|[upkeep]\n|-heal|p2a: Terapagos|10/100|[from] item: Leftovers\n|upkeep\n|\n|t:|1770809372\n|switch|p1b: Miraidon|Miraidon, L50|61/100\n|switch|p2b: Ogerpon|Ogerpon-Wellspring, L50, F|100/100\n|-fieldstart|move: Electric Terrain|[from] ability: Hadron Engine|[of] p1b: Miraidon\n|turn|6\n|inactive|florianlangs has 30 seconds left.\n|inactive|florianlangs has 20 seconds left.\n|\n|t:|1770809410\n|move|p2b: Ogerpon|Follow Me|p2b: Ogerpon\n|-singleturn|p2b: Ogerpon|move: Follow Me\n|move|p1b: Miraidon|Discharge|p2b: Ogerpon|[spread] p2a,p2b\n|-damage|p2a: Terapagos|0 fnt\n|-damage|p2b: Ogerpon|42/100\n|faint|p2a: Terapagos\n|detailschange|p2: Terapagos|Terapagos, L50, M|[silent]\n|\n|-weather|Snowscape|[upkeep]\n|upkeep\n|turn|7\n|\n|t:|1770809422\n|move|p1b: Miraidon|Discharge|p2b: Ogerpon\n|-crit|p2b: Ogerpon\n|-damage|p2b: Ogerpon|0 fnt\n|faint|p2b: Ogerpon\n|\n|win|Luca8\n|raw|Luca8's rating: 1163 &rarr; <strong>1197</strong><br />(+34 for winning)\n|raw|florianlangs's rating: 1291 &rarr; <strong>1257</strong><br />(-34 for losing)\n|l|\u2606florianlangs\n|player|p2|\n|l|\u2606Luca8\n|player|p1|\n","uploadtime":1770809724,"views":10,"formatid":"gen9vgc2026regi","rating":1197,"private":0,"password":null}