{"id":"gen9vgc2026regi-2564657164","format":"[Gen 9] VGC 2026 Reg I","players":["chenxiangruxie","araf zaman"],"log":"|j|\u2606chenxiangruxie\n|j|\u2606araf zaman\n|t:|1774182080\n|gametype|doubles\n|player|p1|chenxiangruxie|dawn-gen4pt|1489\n|player|p2|araf zaman|170|1475\n|gen|9\n|tier|[Gen 9] VGC 2026 Reg I\n|rated|\n|rule|Species Clause: Limit one of each Pok\u00e9mon\n|rule|Item Clause: Limit 1 of each item\n|clearpoke\n|poke|p1|Zacian-*, L50|\n|poke|p1|Raging Bolt, L50|\n|poke|p1|Tornadus, L50, M|\n|poke|p1|Chien-Pao, L50|\n|poke|p1|Kyogre, L50|\n|poke|p1|Grimmsnarl, L50, M|\n|poke|p2|Rillaboom, L50, F|\n|poke|p2|Terapagos, L50, M|\n|poke|p2|Calyrex-Shadow, L50|\n|poke|p2|Incineroar, L50, M|\n|poke|p2|Ogerpon-Cornerstone, L50, F|\n|poke|p2|Flutter Mane, L50|\n|teampreview|4\n|\n|t:|1774182100\n|teamsize|p1|4\n|teamsize|p2|4\n|start\n|switch|p1a: Grimmsnarl|Grimmsnarl, L50, M|100/100\n|switch|p1b: Zacian|Zacian-Crowned, L50|100/100\n|switch|p2a: Rillaboom|Rillaboom, L50, F|100/100\n|switch|p2b: Terapagos|Terapagos, L50, M|100/100\n|-activate|p2b: Terapagos|ability: Tera Shift\n|detailschange|p2b: Terapagos|Terapagos-Terastal, L50, M\n|-heal|p2b: Terapagos|100/100|[silent]\n|-ability|p1b: Zacian|Intrepid Sword|boost\n|-boost|p1b: Zacian|atk|1\n|-fieldstart|move: Grassy Terrain|[from] ability: Grassy Surge|[of] p2a: Rillaboom\n|turn|1\n|inactive|Battle timer is ON: inactive players will automatically lose when time's up. (requested by chenxiangruxie)\n|\n|t:|1774182123\n|move|p1a: Grimmsnarl|Fake Out|p2b: Terapagos\n|-activate|p2b: Terapagos|ability: Tera Shell\n|-resisted|p2b: Terapagos\n|-damage|p2b: Terapagos|95/100\n|move|p1b: Zacian|Behemoth Blade|p2a: Rillaboom\n|-damage|p2a: Rillaboom|15/100\n|move|p2a: Rillaboom|Wood Hammer|p1a: Grimmsnarl\n|-damage|p1a: Grimmsnarl|0 fnt\n|faint|p1a: Grimmsnarl\n|-damage|p2a: Rillaboom|0 fnt|[from] Recoil\n|faint|p2a: Rillaboom\n|cant|p2b: Terapagos|flinch\n|\n|-heal|p2b: Terapagos|100/100|[from] Grassy Terrain\n|upkeep\n|\n|t:|1774182139\n|switch|p2a: Incineroar|Incineroar, L50, M|100/100\n|switch|p1a: Tornadus|Tornadus, L50, M|100/100\n|-ability|p2a: Incineroar|Intimidate|boost\n|-unboost|p1a: Tornadus|atk|1\n|-unboost|p1b: Zacian|atk|1\n|turn|2\n|\n|t:|1774182152\n|move|p1b: Zacian|Close Combat|p2b: Terapagos\n|-activate|p2b: Terapagos|ability: Tera Shell\n|-resisted|p2b: Terapagos\n|-damage|p2b: Terapagos|84/100\n|-unboost|p1b: Zacian|def|1\n|-unboost|p1b: Zacian|spd|1\n|move|p1a: Tornadus|Bleakwind Storm|p2a: Incineroar|[spread] p2a,p2b\n|-damage|p2a: Incineroar|66/100\n|-damage|p2b: Terapagos|51/100\n|move|p2b: Terapagos|Calm Mind|p2b: Terapagos\n|-boost|p2b: Terapagos|spa|1\n|-boost|p2b: Terapagos|spd|1\n|move|p2a: Incineroar|Taunt|p1a: Tornadus\n|-start|p1a: Tornadus|move: Taunt\n|\n|-heal|p2b: Terapagos|57/100|[from] Grassy Terrain\n|-heal|p2b: Terapagos|63/100|[from] item: Leftovers\n|-heal|p2a: Incineroar|72/100|[from] Grassy Terrain\n|upkeep\n|turn|3\n|j| Jerald Jimes\n|inactive|chenxiangruxie has 30 seconds left.\n|inactive|chenxiangruxie has 20 seconds left.\n|inactive|chenxiangruxie has 15 seconds left.\n|inactive|chenxiangruxie has 10 seconds left.\n|inactive|araf zaman has 30 seconds left.\n|\n|t:|1774182199\n|move|p2b: Terapagos|Protect|p2b: Terapagos\n|-singleturn|p2b: Terapagos|Protect\n|move|p1b: Zacian|Close Combat|p2a: Incineroar\n|-supereffective|p2a: Incineroar\n|-damage|p2a: Incineroar|9/100\n|-unboost|p1b: Zacian|def|1\n|-unboost|p1b: Zacian|spd|1\n|move|p1a: Tornadus|Bleakwind Storm|p2b: Terapagos|[spread] p2a\n|-activate|p2b: Terapagos|move: Protect\n|-damage|p2a: Incineroar|0 fnt\n|faint|p2a: Incineroar\n|\n|-heal|p2b: Terapagos|69/100|[from] Grassy Terrain\n|-heal|p2b: Terapagos|76/100|[from] item: Leftovers\n|upkeep\n|\n|t:|1774182204\n|switch|p2a: Ogerpon|Ogerpon-Cornerstone, L50, F|100/100\n|turn|4\n|\n|t:|1774182223\n|-terastallize|p2b: Terapagos|Stellar\n|detailschange|p2b: Terapagos|Terapagos-Stellar, L50, M, tera:Stellar\n|-heal|p2b: Terapagos|82/100|[silent]\n|-ability|p2b: Terapagos|Teraform Zero\n|-fieldend|move: Grassy Terrain\n|move|p1b: Zacian|Close Combat|p2b: Terapagos\n|-supereffective|p2b: Terapagos\n|-damage|p2b: Terapagos|28/100\n|-unboost|p1b: Zacian|def|1\n|-unboost|p1b: Zacian|spd|1\n|move|p1a: Tornadus|Bleakwind Storm|p2b: Terapagos|[spread] p2a,p2b\n|-damage|p2a: Ogerpon|54/100\n|-damage|p2b: Terapagos|10/100\n|-unboost|p2a: Ogerpon|spe|1\n|move|p2a: Ogerpon|Ivy Cudgel|p1a: Tornadus|[anim] Ivy Cudgel Rock\n|-supereffective|p1a: Tornadus\n|-enditem|p1a: Tornadus|Focus Sash\n|-damage|p1a: Tornadus|1/100\n|move|p2b: Terapagos|Tera Starstorm|p1b: Zacian|[spread] p1a,p1b\n|-damage|p1a: Tornadus|0 fnt\n|-damage|p1b: Zacian|0 fnt\n|faint|p1a: Tornadus\n|faint|p1b: Zacian\n|\n|-heal|p2b: Terapagos|16/100|[from] item: Leftovers\n|upkeep\n|\n|t:|1774182248\n|switch|p1b: Kyogre|Kyogre, L50|100/100\n|-weather|RainDance|[from] ability: Drizzle|[of] p1b: Kyogre\n|turn|5\n|\n|t:|1774182253\n|move|p2a: Ogerpon|Spiky Shield|p2a: Ogerpon\n|-singleturn|p2a: Ogerpon|move: Protect\n|move|p2b: Terapagos|Protect|p2b: Terapagos\n|-singleturn|p2b: Terapagos|Protect\n|move|p1b: Kyogre|Water Spout|p2a: Ogerpon|[spread] \n|-activate|p2a: Ogerpon|move: Protect\n|-activate|p2b: Terapagos|move: Protect\n|\n|-weather|RainDance|[upkeep]\n|-heal|p2b: Terapagos|23/100|[from] item: Leftovers\n|upkeep\n|turn|6\n|\n|t:|1774182263\n|move|p1b: Kyogre|Water Spout|p2b: Terapagos|[spread] p2a,p2b\n|-damage|p2a: Ogerpon|0 fnt\n|-damage|p2b: Terapagos|0 fnt\n|faint|p2a: Ogerpon\n|faint|p2b: Terapagos\n|detailschange|p2: Terapagos|Terapagos, L50, M|[silent]\n|\n|win|chenxiangruxie\n|raw|chenxiangruxie's rating: 1489 &rarr; <strong>1508</strong><br />(+19 for winning)\n|raw|araf zaman's rating: 1475 &rarr; <strong>1456</strong><br />(-19 for losing)\n|l|\u2606chenxiangruxie\n|player|p1|\n|l| Jerald Jimes\n","uploadtime":1774182456,"views":13,"formatid":"gen9vgc2026regi","rating":1456,"private":0,"password":null}