{"id":"gen9vgc2026regi-2580334895","format":"[Gen 9] VGC 2026 Reg I","players":["identityline1","lsslsssllsslsssl"],"log":"|j|\u2606identityline1\n|j|\u2606lsslsssllsslsssl\n|t:|1775881851\n|gametype|doubles\n|player|p1|identityline1|265|1423\n|player|p2|lsslsssllsslsssl|102|1476\n|gen|9\n|tier|[Gen 9] VGC 2026 Reg I\n|rated|\n|rule|Species Clause: Limit one of each Pok\u00e9mon\n|rule|Item Clause: Limit 1 of each item\n|clearpoke\n|poke|p1|Zacian-*, L50|\n|poke|p1|Kyogre, L50|\n|poke|p1|Tornadus, L50, M|\n|poke|p1|Smeargle, L50, F|\n|poke|p1|Indeedee-F, L50, F|\n|poke|p1|Urshifu-*, L50, M|\n|poke|p2|Koraidon, L50|\n|poke|p2|Calyrex-Ice, L50|\n|poke|p2|Incineroar, L50, F|\n|poke|p2|Smeargle, L50, M|\n|poke|p2|Rillaboom, L50, M|\n|poke|p2|Landorus, L50, M|\n|teampreview|4\n|j| CrazyyBoi\n|inactive|Battle timer is ON: inactive players will automatically lose when time's up. (requested by lsslsssllsslsssl)\n|inactive|identityline1 has 60 seconds left.\n|\n|t:|1775881924\n|teamsize|p1|4\n|teamsize|p2|4\n|start\n|switch|p1a: Urshifu|Urshifu-Rapid-Strike, L50, M|100/100\n|switch|p1b: Smeargle|Smeargle, L50, F|100/100\n|switch|p2a: Calyrex|Calyrex-Ice, L50|100/100\n|switch|p2b: Smeargle|Smeargle, L50, M|100/100\n|-ability|p2a: Calyrex|As One\n|-ability|p2a: Calyrex|Unnerve\n|turn|1\n|inactive|identityline1 has 30 seconds left.\n|inactive|lsslsssllsslsssl has 30 seconds left.\n|inactive|identityline1 has 20 seconds left.\n|inactive|lsslsssllsslsssl has 20 seconds left.\n|\n|t:|1775881961\n|switch|p1a: Kyogre|Kyogre, L50|100/100\n|-weather|RainDance|[from] ability: Drizzle|[of] p1a: Kyogre\n|move|p1b: Smeargle|Fake Out|p2a: Calyrex\n|-damage|p2a: Calyrex|98/100\n|move|p2b: Smeargle|Spore|p1b: Smeargle\n|-status|p1b: Smeargle|slp|[from] move: Spore\n|cant|p2a: Calyrex|flinch\n|\n|-weather|RainDance|[upkeep]\n|-heal|p2a: Calyrex|100/100|[from] item: Leftovers\n|-ability|p1b: Smeargle|Moody|boost\n|-boost|p1b: Smeargle|def|2\n|-unboost|p1b: Smeargle|spa|1\n|-ability|p2b: Smeargle|Moody|boost\n|-boost|p2b: Smeargle|spa|2\n|-unboost|p2b: Smeargle|atk|1\n|upkeep\n|turn|2\n|inactive|identityline1 has 30 seconds left.\n|inactive|lsslsssllsslsssl has 30 seconds left.\n|inactive|identityline1 has 20 seconds left.\n|inactive|identityline1 has 15 seconds left.\n|inactive|identityline1 has 10 seconds left.\n|inactive|identityline1 has 5 seconds left.\n|\n|t:|1775882016\n|switch|p2b: Koraidon|Koraidon, L50|100/100\n|-weather|SunnyDay|[from] ability: Orichalcum Pulse|[of] p2b: Koraidon\n|-activate|p2b: Koraidon|Orichalcum Pulse|[source]\n|cant|p1b: Smeargle|slp\n|move|p1a: Kyogre|Water Spout|p2b: Koraidon|[spread] p2a,p2b\n|-resisted|p2b: Koraidon\n|-damage|p2a: Calyrex|82/100\n|-damage|p2b: Koraidon|85/100\n|move|p2a: Calyrex|Glacial Lance|p1b: Smeargle|[spread] p1a,p1b\n|-resisted|p1a: Kyogre\n|-damage|p1a: Kyogre|73/100\n|-damage|p1b: Smeargle|52/100 slp\n|\n|-weather|SunnyDay|[upkeep]\n|-heal|p2a: Calyrex|87/100|[from] item: Leftovers\n|-ability|p1b: Smeargle|Moody|boost\n|-boost|p1b: Smeargle|spa|2\n|-unboost|p1b: Smeargle|spe|1\n|upkeep\n|turn|3\n|inactive|identityline1 has 30 seconds left.\n|inactive|lsslsssllsslsssl has 30 seconds left.\n|inactive|identityline1 has 20 seconds left.\n|inactive|lsslsssllsslsssl has 20 seconds left.\n|inactive|identityline1 has 15 seconds left.\n|inactive|identityline1 has 10 seconds left.\n|inactive|identityline1 has 5 seconds left.\n|\n|t:|1775882071\n|cant|p1b: Smeargle|slp\n|move|p2b: Koraidon|Flame Charge|p1b: Smeargle\n|-damage|p1b: Smeargle|17/100 slp\n|-boost|p2b: Koraidon|spe|1\n|move|p1a: Kyogre|Water Spout|p2a: Calyrex|[spread] p2a,p2b\n|-resisted|p2b: Koraidon\n|-damage|p2a: Calyrex|72/100\n|-damage|p2b: Koraidon|74/100\n|move|p2a: Calyrex|Glacial Lance|p1b: Smeargle|[spread] p1a,p1b\n|-resisted|p1a: Kyogre\n|-damage|p1a: Kyogre|45/100\n|-damage|p1b: Smeargle|0 fnt\n|faint|p1b: Smeargle\n|-ability|p2a: Calyrex|Chilling Neigh|boost\n|-boost|p2a: Calyrex|atk|1\n|\n|-weather|SunnyDay|[upkeep]\n|-heal|p2a: Calyrex|77/100|[from] item: Leftovers\n|upkeep\n|l| CrazyyBoi\n|inactive|identityline1 has 30 seconds left.\n|inactive|identityline1 has 20 seconds left.\n|inactive|identityline1 has 15 seconds left.\n|\n|t:|1775882113\n|switch|p1b: Urshifu|Urshifu-Rapid-Strike, L50, M|100/100\n|turn|4\n|\n|t:|1775882129\n|move|p2b: Koraidon|Low Kick|p1b: Urshifu\n|-damage|p1b: Urshifu|18/100\n|move|p1b: Urshifu|Close Combat|p2a: Calyrex\n|-damage|p2a: Calyrex|38/100\n|-unboost|p1b: Urshifu|def|1\n|-unboost|p1b: Urshifu|spd|1\n|move|p1a: Kyogre|Ice Beam|p2b: Koraidon\n|-supereffective|p2b: Koraidon\n|-damage|p2b: Koraidon|6/100\n|move|p2a: Calyrex|Glacial Lance|p1b: Urshifu|[spread] p1a,p1b\n|-resisted|p1a: Kyogre\n|-resisted|p1b: Urshifu\n|-damage|p1a: Kyogre|4/100\n|-damage|p1b: Urshifu|0 fnt\n|faint|p1b: Urshifu\n|-ability|p2a: Calyrex|Chilling Neigh|boost\n|-boost|p2a: Calyrex|atk|1\n|\n|-weather|SunnyDay|[upkeep]\n|-heal|p2a: Calyrex|44/100|[from] item: Leftovers\n|upkeep\n|\n|t:|1775882142\n|switch|p1b: Tornadus|Tornadus, L50, M|100/100\n|turn|5\n|inactive|identityline1 has 30 seconds left.\n|inactive|identityline1 has 20 seconds left.\n|\n|t:|1775882178\n|move|p2b: Koraidon|Low Kick|p1a: Kyogre\n|-damage|p1a: Kyogre|0 fnt\n|faint|p1a: Kyogre\n|move|p1b: Tornadus|Weather Ball|p2a: Calyrex\n|-supereffective|p2a: Calyrex\n|-damage|p2a: Calyrex|0 fnt\n|faint|p2a: Calyrex\n|\n|-weather|SunnyDay|[upkeep]\n|upkeep\n|\n|t:|1775882194\n|switch|p2a: Smeargle|Smeargle, L50, M|100/100\n|turn|6\n|\n|t:|1775882208\n|move|p2b: Koraidon|Protect|p2b: Koraidon\n|-singleturn|p2b: Koraidon|Protect\n|move|p1b: Tornadus|Bleakwind Storm|p2a: Smeargle|[spread] p2a\n|-activate|p2b: Koraidon|move: Protect\n|-enditem|p2a: Smeargle|Focus Sash\n|-damage|p2a: Smeargle|1/100\n|move|p2a: Smeargle|Ruination|p1b: Tornadus\n|-damage|p1b: Tornadus|51/100\n|\n|-weather|none\n|-ability|p2a: Smeargle|Moody|boost\n|-boost|p2a: Smeargle|def|2\n|-unboost|p2a: Smeargle|spd|1\n|upkeep\n|turn|7\n|\n|t:|1775882226\n|move|p2b: Koraidon|Flare Blitz|p1b: Tornadus\n|-damage|p1b: Tornadus|0 fnt\n|faint|p1b: Tornadus\n|-damage|p2b: Koraidon|0 fnt|[from] Recoil\n|faint|p2b: Koraidon\n|\n|win|lsslsssllsslsssl\n|raw|identityline1's rating: 1403 &rarr; <strong>1387</strong><br />(-16 for losing)\n|raw|lsslsssllsslsssl's rating: 1476 &rarr; <strong>1492</strong><br />(+16 for winning)\n|l|\u2606lsslsssllsslsssl\n|player|p2|\n|l|\u2606identityline1\n|player|p1|\n","uploadtime":1775882479,"views":13,"formatid":"gen9vgc2026regi","rating":1387,"private":0,"password":null}