{"id":"gen9vgc2026regi-2589628981","format":"[Gen 9] VGC 2026 Reg I","players":["Glaceon_1740","elcareverga"],"log":"|j|\u203dGlaceon_1740\n|j|\u2606elcareverga\n|t:|1776740826\n|gametype|doubles\n|player|p1|Glaceon_1740|dawn-gen4pt|1359\n|player|p2|elcareverga|2|1525\n|gen|9\n|tier|[Gen 9] VGC 2026 Reg I\n|rated|\n|rule|Species Clause: Limit one of each Pok\u00e9mon\n|rule|Item Clause: Limit 1 of each item\n|clearpoke\n|poke|p1|Meowscarada, L50, F|\n|poke|p1|Murkrow, L50, M|\n|poke|p1|Kyogre, L50|\n|poke|p1|Zacian-*, L50|\n|poke|p1|Incineroar, L50, F|\n|poke|p1|Rillaboom, L50, F|\n|poke|p2|Kyogre, L50|\n|poke|p2|Calyrex-Shadow, L50|\n|poke|p2|Urshifu-*, L50, F|\n|poke|p2|Roaring Moon, L50|\n|poke|p2|Rillaboom, L50, F|\n|poke|p2|Incineroar, L50, F|\n|teampreview|4\n|inactive|Battle timer is ON: inactive players will automatically lose when time's up. (requested by Glaceon_1740)\n|inactive|Glaceon_1740 has 60 seconds left.\n|inactive|elcareverga has 60 seconds left.\n|\n|t:|1776740880\n|teamsize|p1|4\n|teamsize|p2|4\n|start\n|switch|p1a: Meowscarada|Meowscarada, L50, F|100/100\n|switch|p1b: Kyogre|Kyogre, L50|100/100\n|switch|p2a: Rillaboom|Rillaboom, L50, F|100/100\n|switch|p2b: Calyrex|Calyrex-Shadow, L50|100/100\n|-ability|p2b: Calyrex|As One\n|-ability|p2b: Calyrex|Unnerve\n|-weather|RainDance|[from] ability: Drizzle|[of] p1b: Kyogre\n|-fieldstart|move: Grassy Terrain|[from] ability: Grassy Surge|[of] p2a: Rillaboom\n|turn|1\n|\n|t:|1776740894\n|move|p2a: Rillaboom|Fake Out|p1a: Meowscarada\n|-damage|p1a: Meowscarada|83/100\n|cant|p1a: Meowscarada|flinch\n|move|p2b: Calyrex|Astral Barrage|p1b: Kyogre|[spread] p1a,p1b\n|-resisted|p1a: Meowscarada\n|-damage|p1a: Meowscarada|49/100\n|-damage|p1b: Kyogre|61/100\n|move|p1b: Kyogre|Water Spout|p2b: Calyrex|[spread] p2a,p2b\n|-resisted|p2a: Rillaboom\n|-damage|p2a: Rillaboom|84/100\n|-damage|p2b: Calyrex|40/100\n|\n|-weather|RainDance|[upkeep]\n|-heal|p1a: Meowscarada|55/100|[from] Grassy Terrain\n|-heal|p2b: Calyrex|46/100|[from] Grassy Terrain\n|-heal|p1b: Kyogre|67/100|[from] Grassy Terrain\n|-heal|p2a: Rillaboom|90/100|[from] Grassy Terrain\n|upkeep\n|turn|2\n|inactive|Glaceon_1740 has 30 seconds left.\n|inactive|Glaceon_1740 has 20 seconds left.\n|inactive|Glaceon_1740 has 15 seconds left.\n|inactive|Glaceon_1740 has 10 seconds left.\n|inactive|Glaceon_1740 has 5 seconds left.\n|\n|t:|1776740945\n|switch|p1b: Murkrow|Murkrow, L50, M, shiny|100/100\n|move|p2b: Calyrex|Protect|p2b: Calyrex\n|-singleturn|p2b: Calyrex|Protect\n|move|p1a: Meowscarada|Triple Axel|p2a: Rillaboom\n|-start|p1a: Meowscarada|typechange|Ice|[from] ability: Protean\n|-supereffective|p2a: Rillaboom\n|-damage|p2a: Rillaboom|73/100\n|-supereffective|p2a: Rillaboom\n|-damage|p2a: Rillaboom|37/100\n|-supereffective|p2a: Rillaboom\n|-damage|p2a: Rillaboom|0 fnt\n|faint|p2a: Rillaboom\n|-hitcount|p2: Rillaboom|3\n|\n|-weather|RainDance|[upkeep]\n|-heal|p1a: Meowscarada|60/100|[from] Grassy Terrain\n|-heal|p2b: Calyrex|52/100|[from] Grassy Terrain\n|upkeep\n|inactive|elcareverga has 30 seconds left.\n|\n|t:|1776740971\n|switch|p2a: Kyogre|Kyogre, L50|100/100\n|turn|3\n|inactive|Glaceon_1740 has 30 seconds left.\n|\n|t:|1776741005\n|move|p1b: Murkrow|Tailwind|p1b: Murkrow\n|-sidestart|p1: Glaceon_1740|move: Tailwind\n|move|p1a: Meowscarada|Triple Axel|p2b: Calyrex\n|-damage|p2b: Calyrex|38/100\n|-damage|p2b: Calyrex|14/100\n|-damage|p2b: Calyrex|0 fnt\n|faint|p2b: Calyrex\n|-hitcount|p2: Calyrex|3\n|move|p2a: Kyogre|Water Spout|p1a: Meowscarada|[spread] p1a,p1b\n|-damage|p1a: Meowscarada|0 fnt\n|-damage|p1b: Murkrow|0 fnt\n|faint|p1a: Meowscarada\n|faint|p1b: Murkrow\n|\n|-weather|RainDance|[upkeep]\n|upkeep\n|\n|t:|1776741021\n|switch|p2b: Urshifu|Urshifu-Rapid-Strike, L50, F|100/100\n|switch|p1a: Zacian|Zacian-Crowned, L50|100/100\n|switch|p1b: Kyogre|Kyogre, L50|67/100\n|-ability|p1a: Zacian|Intrepid Sword|boost\n|-boost|p1a: Zacian|atk|1\n|turn|4\n|inactive|Glaceon_1740 has 30 seconds left.\n|inactive|Glaceon_1740 has 20 seconds left.\n|inactive|Glaceon_1740 has 15 seconds left.\n|\n|t:|1776741061\n|-terastallize|p2b: Urshifu|Ghost\n|move|p1a: Zacian|Play Rough|p2b: Urshifu\n|-damage|p2b: Urshifu|20/100\n|move|p1b: Kyogre|Origin Pulse|p2a: Kyogre|[spread] p2a,p2b\n|-resisted|p2a: Kyogre\n|-damage|p2a: Kyogre|78/100\n|-damage|p2b: Urshifu|0 fnt\n|faint|p2b: Urshifu\n|move|p2a: Kyogre|Hydro Pump|p1b: Kyogre\n|-resisted|p1b: Kyogre\n|-damage|p1b: Kyogre|26/100\n|\n|-weather|RainDance|[upkeep]\n|-heal|p1b: Kyogre|32/100|[from] Grassy Terrain\n|-heal|p2a: Kyogre|84/100|[from] Grassy Terrain\n|upkeep\n|turn|5\n|\n|t:|1776741084\n|move|p1a: Zacian|Play Rough|p2a: Kyogre\n|-damage|p2a: Kyogre|6/100\n|move|p1b: Kyogre|Origin Pulse|p2a: Kyogre\n|-resisted|p2a: Kyogre\n|-damage|p2a: Kyogre|0 fnt\n|faint|p2a: Kyogre\n|\n|win|Glaceon_1740\n|raw|Glaceon_1740's rating: 1359 &rarr; <strong>1388</strong><br />(+29 for winning)\n|raw|elcareverga's rating: 1525 &rarr; <strong>1496</strong><br />(-29 for losing)\n|l|\u2606elcareverga\n|player|p2|\n|l|\u203dGlaceon_1740\n|player|p1|\n","uploadtime":1776741289,"views":8,"formatid":"gen9vgc2026regi","rating":1388,"private":0,"password":null}