{"id":"gen9vgc2026regi-2568877579","format":"[Gen 9] VGC 2026 Reg I","players":["ArisHazard","icalderon db"],"log":"|j|\u2606ArisHazard\n|j|\u2606icalderon db\n|t:|1774630013\n|gametype|doubles\n|player|p1|ArisHazard|170|1516\n|player|p2|icalderon db|266|1528\n|gen|9\n|tier|[Gen 9] VGC 2026 Reg I\n|rated|\n|rule|Species Clause: Limit one of each Pok\u00e9mon\n|rule|Item Clause: Limit 1 of each item\n|clearpoke\n|poke|p1|Calyrex-Ice, L50|\n|poke|p1|Hitmontop, L50, M|\n|poke|p1|Miraidon, L50|\n|poke|p1|Sableye, L50, F|\n|poke|p1|Ting-Lu, L50|\n|poke|p1|Volcarona, L50, F|\n|poke|p2|Miraidon, L50|\n|poke|p2|Lunala, L50|\n|poke|p2|Whimsicott, L50, M|\n|poke|p2|Urshifu-*, L50, F|\n|poke|p2|Incineroar, L50, M|\n|poke|p2|Ursaluna, L50, M|\n|teampreview|4\n|inactive|Battle timer is ON: inactive players will automatically lose when time's up. (requested by ArisHazard)\n|\n|t:|1774630028\n|teamsize|p1|4\n|teamsize|p2|4\n|start\n|switch|p1a: Miraidon|Miraidon, L50|100/100\n|switch|p1b: Sableye|Sableye, L50, F|100/100\n|switch|p2a: Miraidon|Miraidon, L50|100/100\n|switch|p2b: Whimsicott|Whimsicott, L50, M|100/100\n|-fieldstart|move: Electric Terrain|[from] ability: Hadron Engine|[of] p2a: Miraidon\n|-activate|p1a: Miraidon|ability: Hadron Engine\n|turn|1\n|\n|t:|1774630045\n|switch|p1a: Hitmontop|Hitmontop, L50, M|100/100\n|-ability|p1a: Hitmontop|Intimidate|boost\n|-unboost|p2a: Miraidon|atk|1\n|-unboost|p2b: Whimsicott|atk|1\n|move|p1b: Sableye|Protect|p1b: Sableye\n|-singleturn|p1b: Sableye|Protect\n|move|p2a: Miraidon|Protect|p2a: Miraidon\n|-singleturn|p2a: Miraidon|Protect\n|move|p2b: Whimsicott|Light Screen|p2b: Whimsicott\n|-sidestart|p2: icalderon db|move: Light Screen\n|\n|upkeep\n|turn|2\n|\n|t:|1774630063\n|switch|p1a: Calyrex|Calyrex-Ice, L50|100/100\n|-ability|p1a: Calyrex|As One\n|-ability|p1a: Calyrex|Unnerve\n|move|p1b: Sableye|Encore|p2a: Miraidon\n|-start|p2a: Miraidon|Encore\n|move|p2a: Miraidon|Protect||[still]\n|-fail|p2a: Miraidon\n|move|p2b: Whimsicott|Moonblast|p1a: Calyrex\n|-damage|p1a: Calyrex|82/100\n|\n|upkeep\n|turn|3\n|\n|t:|1774630080\n|switch|p2b: Incineroar|Incineroar, L50, M|100/100\n|-ability|p2b: Incineroar|Intimidate|boost\n|-fail|p1a: Calyrex|unboost|[from] item: Clear Amulet|[of] p1a: Calyrex\n|-unboost|p1b: Sableye|atk|1\n|move|p2a: Miraidon|Protect|p2a: Miraidon\n|-singleturn|p2a: Miraidon|Protect\n|move|p1b: Sableye|Disable|p2b: Incineroar\n|-hint|Since gen 7, Dark is immune to Prankster moves.\n|-immune|p2b: Incineroar\n|move|p1a: Calyrex|Glacial Lance|p2a: Miraidon|[spread] p2b\n|-activate|p2a: Miraidon|move: Protect\n|-resisted|p2b: Incineroar\n|-damage|p2b: Incineroar|74/100\n|\n|upkeep\n|turn|4\n|\n|t:|1774630104\n|switch|p2a: Urshifu|Urshifu-Rapid-Strike, L50, F|100/100\n|switch|p1a: Miraidon|Miraidon, L50|100/100\n|-activate|p1a: Miraidon|ability: Hadron Engine\n|move|p1b: Sableye|Protect|p1b: Sableye\n|-singleturn|p1b: Sableye|Protect\n|move|p2b: Incineroar|Knock Off|p1a: Miraidon\n|-damage|p1a: Miraidon|65/100\n|-enditem|p1a: Miraidon|Assault Vest|[from] move: Knock Off|[of] p2b: Incineroar\n|\n|upkeep\n|turn|5\n|inactive|ArisHazard has 30 seconds left.\n|\n|t:|1774630129\n|switch|p2a: Whimsicott|Whimsicott, L50, M|100/100\n|switch|p1b: Hitmontop|Hitmontop, L50, M|100/100\n|-ability|p1b: Hitmontop|Intimidate|boost\n|-unboost|p2a: Whimsicott|atk|1\n|-unboost|p2b: Incineroar|atk|1\n|-terastallize|p1a: Miraidon|Electric\n|move|p1a: Miraidon|Volt Switch|p2b: Incineroar\n|-damage|p2b: Incineroar|37/100\n|\n|t:|1774630141\n|switch|p1a: Sableye|Sableye, L50, F|100/100|[from] Volt Switch\n|move|p2b: Incineroar|U-turn|p1b: Hitmontop\n|-resisted|p1b: Hitmontop\n|-damage|p1b: Hitmontop|93/100\n|\n|t:|1774630148\n|switch|p2b: Urshifu|Urshifu-Rapid-Strike, L50, F|100/100|[from] U-turn\n|\n|-sideend|p2: icalderon db|move: Light Screen\n|-fieldend|move: Electric Terrain\n|upkeep\n|turn|6\n|\n|t:|1774630166\n|move|p1b: Hitmontop|Fake Out|p2b: Urshifu\n|-damage|p2b: Urshifu|92/100\n|cant|p2b: Urshifu|flinch\n|move|p2a: Whimsicott|Moonblast|p1b: Hitmontop\n|-supereffective|p1b: Hitmontop\n|-damage|p1b: Hitmontop|43/100\n|move|p1a: Sableye|Foul Play|p2b: Urshifu\n|-resisted|p2b: Urshifu\n|-damage|p2b: Urshifu|65/100\n|\n|upkeep\n|turn|7\n|\n|t:|1774630183\n|switch|p1b: Calyrex|Calyrex-Ice, L50|82/100\n|-ability|p1b: Calyrex|As One\n|-ability|p1b: Calyrex|Unnerve\n|move|p1a: Sableye|Disable|p2a: Whimsicott\n|-start|p2a: Whimsicott|Disable|Moonblast\n|move|p2b: Urshifu|Surging Strikes|p1a: Sableye\n|-crit|p1a: Sableye\n|-damage|p1a: Sableye|62/100\n|-crit|p1a: Sableye\n|-damage|p1a: Sableye|23/100\n|-enditem|p1a: Sableye|Sitrus Berry|[eat]\n|-heal|p1a: Sableye|48/100|[from] item: Sitrus Berry\n|-crit|p1a: Sableye\n|-damage|p1a: Sableye|10/100\n|-hitcount|p1a: Sableye|3\n|cant|p2a: Whimsicott|Disable|Moonblast\n|\n|upkeep\n|turn|8\n|inactive|icalderon db has 30 seconds left.\n|\n|t:|1774630212\n|switch|p2a: Incineroar|Incineroar, L50, M|37/100\n|-ability|p2a: Incineroar|Intimidate|boost\n|-unboost|p1a: Sableye|atk|1\n|-fail|p1b: Calyrex|unboost|[from] item: Clear Amulet|[of] p1b: Calyrex\n|move|p1a: Sableye|Disable|p2b: Urshifu\n|-start|p2b: Urshifu|Disable|Surging Strikes\n|cant|p2b: Urshifu|Disable|Surging Strikes\n|move|p1b: Calyrex|Trick Room|p1b: Calyrex\n|-fieldstart|move: Trick Room|[of] p1b: Calyrex\n|\n|upkeep\n|turn|9\n|\n|t:|1774630228\n|switch|p1a: Hitmontop|Hitmontop, L50, M|43/100\n|-ability|p1a: Hitmontop|Intimidate|boost\n|-unboost|p2a: Incineroar|atk|1\n|-unboost|p2b: Urshifu|atk|1\n|switch|p2b: Miraidon|Miraidon, L50|100/100\n|-fieldstart|move: Electric Terrain|[from] ability: Hadron Engine|[of] p2b: Miraidon\n|move|p1b: Calyrex|Protect|p1b: Calyrex\n|-singleturn|p1b: Calyrex|Protect\n|move|p2a: Incineroar|Fake Out|p1b: Calyrex\n|-activate|p1b: Calyrex|move: Protect\n|\n|upkeep\n|turn|10\n|\n|t:|1774630244\n|switch|p2a: Urshifu|Urshifu-Rapid-Strike, L50, F|65/100\n|move|p2b: Miraidon|Protect|p2b: Miraidon\n|-singleturn|p2b: Miraidon|Protect\n|move|p1a: Hitmontop|Fake Out|p2b: Miraidon\n|-activate|p2b: Miraidon|move: Protect\n|move|p1b: Calyrex|Stomping Tantrum|p2a: Urshifu\n|-damage|p2a: Urshifu|33/100\n|\n|upkeep\n|turn|11\n|inactive|icalderon db has 30 seconds left.\n|\n|t:|1774630272\n|switch|p2a: Incineroar|Incineroar, L50, M|37/100\n|-ability|p2a: Incineroar|Intimidate|boost\n|-unboost|p1a: Hitmontop|atk|1\n|-fail|p1b: Calyrex|unboost|[from] item: Clear Amulet|[of] p1b: Calyrex\n|-terastallize|p2b: Miraidon|Electric\n|move|p1b: Calyrex|Glacial Lance|p2a: Incineroar|[spread] p2a,p2b\n|-resisted|p2a: Incineroar\n|-damage|p2a: Incineroar|11/100\n|-damage|p2b: Miraidon|41/100\n|move|p1a: Hitmontop|Coaching|p1b: Calyrex\n|-boost|p1b: Calyrex|atk|1\n|-boost|p1b: Calyrex|def|1\n|move|p2b: Miraidon|Electro Drift|p1b: Calyrex\n|-damage|p1b: Calyrex|0 fnt\n|faint|p1b: Calyrex\n|-damage|p2b: Miraidon|32/100|[from] item: Life Orb\n|\n|upkeep\n|\n|t:|1774630293\n|switch|p1b: Miraidon|Miraidon, L50, tera:Electric|65/100\n|-activate|p1b: Miraidon|ability: Hadron Engine\n|turn|12\n|\n|t:|1774630310\n|switch|p2a: Whimsicott|Whimsicott, L50, M|100/100\n|move|p2b: Miraidon|Protect|p2b: Miraidon\n|-singleturn|p2b: Miraidon|Protect\n|move|p1a: Hitmontop|Close Combat|p2b: Miraidon\n|-activate|p2b: Miraidon|move: Protect\n|move|p1b: Miraidon|Volt Switch|p2b: Miraidon\n|-activate|p2b: Miraidon|move: Protect\n|\n|-fieldend|move: Trick Room\n|upkeep\n|turn|13\n|\n|t:|1774630327\n|move|p2a: Whimsicott|Tailwind|p2a: Whimsicott\n|-sidestart|p2: icalderon db|move: Tailwind\n|move|p2b: Miraidon|Volt Switch|p1a: Hitmontop\n|-damage|p1a: Hitmontop|0 fnt\n|faint|p1a: Hitmontop\n|-damage|p2b: Miraidon|22/100|[from] item: Life Orb\n|-message|ArisHazard forfeited.\n|\n|win|icalderon db\n|raw|ArisHazard's rating: 1516 &rarr; <strong>1497</strong><br />(-19 for losing)\n|raw|icalderon db's rating: 1528 &rarr; <strong>1547</strong><br />(+19 for winning)\n|l|\u2606ArisHazard\n|player|p1|\n|l|\u2606icalderon db\n|player|p2|\n","uploadtime":1774630509,"views":15,"formatid":"gen9vgc2026regi","rating":1497,"private":0,"password":null}