{"id":"gen9vgc2026regi-2579614149","format":"[Gen 9] VGC 2026 Reg I","players":["xiaoliyunVGC","mihatelover"],"log":"|j|\u2606xiaoliyunVGC\n|j|\u2606mihatelover\n|t:|1775805989\n|gametype|doubles\n|player|p1|xiaoliyunVGC|liko|1473\n|player|p2|mihatelover|170|1556\n|gen|9\n|tier|[Gen 9] VGC 2026 Reg I\n|rated|\n|rule|Species Clause: Limit one of each Pok\u00e9mon\n|rule|Item Clause: Limit 1 of each item\n|clearpoke\n|poke|p1|Miraidon, L50|\n|poke|p1|Zamazenta-*, L50|\n|poke|p1|Dragonite, L50, M|\n|poke|p1|Chien-Pao, L50|\n|poke|p1|Clefairy, L50, M|\n|poke|p1|Volcarona, L50, M|\n|poke|p2|Calyrex-Ice, L50|\n|poke|p2|Miraidon, L50|\n|poke|p2|Grimmsnarl, L50, M|\n|poke|p2|Urshifu-*, L50, M|\n|poke|p2|Incineroar, L50, M|\n|poke|p2|Landorus, L50, M|\n|teampreview|4\n|inactive|Battle timer is ON: inactive players will automatically lose when time's up. (requested by xiaoliyunVGC)\n|\n|t:|1775806017\n|teamsize|p1|4\n|teamsize|p2|4\n|start\n|switch|p1a: Dragonite|Dragonite, L50, M, shiny|100/100\n|switch|p1b: Chien-Pao|Chien-Pao, L50, shiny|100/100\n|switch|p2a: Grimmsnarl|Grimmsnarl, L50, M|100/100\n|switch|p2b: Miraidon|Miraidon, L50|100/100\n|-ability|p1b: Chien-Pao|Sword of Ruin\n|-fieldstart|move: Electric Terrain|[from] ability: Hadron Engine|[of] p2b: Miraidon\n|turn|1\n|\n|t:|1775806036\n|switch|p2b: Calyrex|Calyrex-Ice, L50|100/100\n|-ability|p2b: Calyrex|As One\n|-ability|p2b: Calyrex|Unnerve\n|-terastallize|p1a: Dragonite|Normal\n|move|p1a: Dragonite|Extreme Speed|p2b: Calyrex\n|-damage|p2b: Calyrex|42/100\n|move|p2a: Grimmsnarl|Reflect|p2a: Grimmsnarl\n|-sidestart|p2: mihatelover|Reflect\n|move|p1b: Chien-Pao|Ruination|p2a: Grimmsnarl\n|-damage|p2a: Grimmsnarl|50/100\n|\n|-heal|p2b: Calyrex|48/100|[from] item: Leftovers\n|upkeep\n|turn|2\n|\n|t:|1775806053\n|move|p1a: Dragonite|Extreme Speed|p2a: Grimmsnarl\n|-damage|p2a: Grimmsnarl|0 fnt\n|faint|p2a: Grimmsnarl\n|move|p1b: Chien-Pao|Sucker Punch||[still]\n|-fail|p1b: Chien-Pao\n|move|p2b: Calyrex|Trick Room|p2b: Calyrex\n|-fieldstart|move: Trick Room|[of] p2b: Calyrex\n|\n|-heal|p2b: Calyrex|54/100|[from] item: Leftovers\n|upkeep\n|\n|t:|1775806059\n|switch|p2a: Urshifu|Urshifu-Rapid-Strike, L50, M|100/100\n|turn|3\n|\n|t:|1775806071\n|-terastallize|p2a: Urshifu|Ghost\n|move|p1a: Dragonite|Extreme Speed|p2a: Urshifu\n|-immune|p2a: Urshifu\n|move|p1b: Chien-Pao|Sucker Punch|p2a: Urshifu\n|-supereffective|p2a: Urshifu\n|-damage|p2a: Urshifu|49/100\n|move|p2b: Calyrex|Leech Seed|p1b: Chien-Pao\n|-start|p1b: Chien-Pao|move: Leech Seed\n|move|p2a: Urshifu|Surging Strikes|p1a: Dragonite\n|-crit|p1a: Dragonite\n|-damage|p1a: Dragonite|59/100\n|-crit|p1a: Dragonite\n|-damage|p1a: Dragonite|18/100\n|-crit|p1a: Dragonite\n|-damage|p1a: Dragonite|0 fnt\n|faint|p1a: Dragonite\n|-hitcount|p1: Dragonite|3\n|\n|-heal|p2b: Calyrex|59/100|[from] item: Leftovers\n|-damage|p1b: Chien-Pao|88/100|[from] Leech Seed|[of] p2b: Calyrex\n|-heal|p2b: Calyrex|69/100|[silent]\n|upkeep\n|\n|t:|1775806082\n|switch|p1a: Zamazenta|Zamazenta-Crowned, L50, shiny|100/100\n|-ability|p1a: Zamazenta|Dauntless Shield|boost\n|-boost|p1a: Zamazenta|def|1\n|turn|4\n|\n|t:|1775806105\n|switch|p2a: Miraidon|Miraidon, L50|100/100\n|-activate|p2a: Miraidon|ability: Hadron Engine\n|move|p1b: Chien-Pao|Sucker Punch||[still]\n|-fail|p1b: Chien-Pao\n|move|p2b: Calyrex|Glacial Lance|p1b: Chien-Pao|[spread] p1a,p1b\n|-resisted|p1a: Zamazenta\n|-resisted|p1b: Chien-Pao\n|-damage|p1a: Zamazenta|88/100\n|-damage|p1b: Chien-Pao|49/100\n|move|p1a: Zamazenta|Behemoth Bash|p2b: Calyrex\n|-supereffective|p2b: Calyrex\n|-damage|p2b: Calyrex|27/100\n|\n|-heal|p2b: Calyrex|32/100|[from] item: Leftovers\n|-damage|p1b: Chien-Pao|37/100|[from] Leech Seed|[of] p2b: Calyrex\n|-heal|p2b: Calyrex|42/100|[silent]\n|upkeep\n|turn|5\n|inactive|mihatelover has 30 seconds left.\n|\n|t:|1775806139\n|move|p1b: Chien-Pao|Sucker Punch|p2a: Miraidon\n|-damage|p2a: Miraidon|75/100\n|move|p2b: Calyrex|Leech Seed|p1a: Zamazenta\n|-start|p1a: Zamazenta|move: Leech Seed\n|move|p1a: Zamazenta|Body Press|p2a: Miraidon\n|-damage|p2a: Miraidon|23/100\n|move|p2a: Miraidon|Volt Switch|p1b: Chien-Pao\n|-damage|p1b: Chien-Pao|0 fnt\n|faint|p1b: Chien-Pao\n|\n|t:|1775806146\n|switch|p2a: Urshifu|Urshifu-Rapid-Strike, L50, M, tera:Ghost|49/100|[from] Volt Switch\n|\n|-heal|p2b: Calyrex|48/100|[from] item: Leftovers\n|-damage|p1a: Zamazenta|76/100|[from] Leech Seed|[of] p2b: Calyrex\n|-heal|p2b: Calyrex|59/100|[silent]\n|-fieldend|move: Electric Terrain\n|upkeep\n|\n|t:|1775806148\n|switch|p1b: Clefairy|Clefairy, L50, M, shiny|100/100\n|turn|6\n|\n|t:|1775806159\n|move|p1b: Clefairy|Helping Hand|p1a: Zamazenta\n|-singleturn|p1a: Zamazenta|Helping Hand|[of] p1b: Clefairy\n|move|p2b: Calyrex|Glacial Lance|p1b: Clefairy|[spread] p1a,p1b\n|-resisted|p1a: Zamazenta\n|-damage|p1a: Zamazenta|68/100\n|-damage|p1b: Clefairy|58/100\n|move|p2a: Urshifu|Surging Strikes|p1a: Zamazenta\n|-crit|p1a: Zamazenta\n|-damage|p1a: Zamazenta|54/100\n|-crit|p1a: Zamazenta\n|-damage|p1a: Zamazenta|40/100\n|-crit|p1a: Zamazenta\n|-damage|p1a: Zamazenta|25/100\n|-hitcount|p1a: Zamazenta|3\n|move|p1a: Zamazenta|Behemoth Bash|p2b: Calyrex\n|-supereffective|p2b: Calyrex\n|-damage|p2b: Calyrex|11/100\n|\n|-heal|p2b: Calyrex|17/100|[from] item: Leftovers\n|-damage|p1a: Zamazenta|13/100|[from] Leech Seed|[of] p2b: Calyrex\n|-heal|p2b: Calyrex|29/100|[silent]\n|-fieldend|move: Trick Room\n|upkeep\n|turn|7\n|-message|xiaoliyunVGC forfeited.\n|\n|win|mihatelover\n|raw|xiaoliyunVGC's rating: 1473 &rarr; <strong>1458</strong><br />(-15 for losing)\n|raw|mihatelover's rating: 1556 &rarr; <strong>1571</strong><br />(+15 for winning)\n|l|\u2606xiaoliyunVGC\n|player|p1|\n|l|\u2606mihatelover\n|player|p2|\n","uploadtime":1775806366,"views":9,"formatid":"gen9vgc2026regi","rating":1458,"private":0,"password":null}