{"id":"gen9vgc2026regi-2558603531","format":"[Gen 9] VGC 2026 Reg I","players":["paradox franco","VJ2511"],"log":"|j|\u2606paradox franco\n|j|\u2606VJ2511\n|t:|1773452723\n|gametype|doubles\n|player|p1|paradox franco|elesa|1541\n|player|p2|VJ2511|169|1471\n|gen|9\n|tier|[Gen 9] VGC 2026 Reg I\n|rated|\n|rule|Species Clause: Limit one of each Pok\u00e9mon\n|rule|Item Clause: Limit 1 of each item\n|clearpoke\n|poke|p1|Lunala, L50|\n|poke|p1|Groudon, L50|\n|poke|p1|Whimsicott, L50, F|\n|poke|p1|Raging Bolt, L50|\n|poke|p1|Kingambit, L50, F|\n|poke|p1|Chi-Yu, L50|\n|poke|p2|Calyrex-Shadow, L50|\n|poke|p2|Zamazenta-*, L50|\n|poke|p2|Chien-Pao, L50|\n|poke|p2|Dragonite, L50, M|\n|poke|p2|Raging Bolt, L50|\n|poke|p2|Amoonguss, L50, F|\n|teampreview|4\n|inactive|Battle timer is ON: inactive players will automatically lose when time's up. (requested by VJ2511)\n|inactive|paradox franco has 60 seconds left.\n|\n|t:|1773452764\n|teamsize|p1|4\n|teamsize|p2|4\n|start\n|switch|p1a: Whimsicott|Whimsicott, L50, F|100/100\n|switch|p1b: Lunala|Lunala, L50|100/100\n|switch|p2a: Zamazenta|Zamazenta-Crowned, L50|100/100\n|switch|p2b: Chien-Pao|Chien-Pao, L50|100/100\n|-ability|p2b: Chien-Pao|Sword of Ruin\n|-ability|p2a: Zamazenta|Dauntless Shield|boost\n|-boost|p2a: Zamazenta|def|1\n|turn|1\n|\n|t:|1773452782\n|switch|p2b: Amoonguss|Amoonguss, L50, F|100/100\n|-terastallize|p1b: Lunala|Fairy\n|move|p1a: Whimsicott|Tailwind|p1a: Whimsicott\n|-sidestart|p1: paradox franco|move: Tailwind\n|move|p1b: Lunala|Moonblast|p2b: Amoonguss\n|-resisted|p2b: Amoonguss\n|-damage|p2b: Amoonguss|69/100\n|move|p2a: Zamazenta|Heavy Slam|p1b: Lunala\n|-supereffective|p1b: Lunala\n|-damage|p1b: Lunala|55/100\n|\n|upkeep\n|turn|2\n|\n|t:|1773452799\n|move|p2b: Amoonguss|Protect|p2b: Amoonguss\n|-singleturn|p2b: Amoonguss|Protect\n|move|p1a: Whimsicott|Moonblast|p2a: Zamazenta\n|-damage|p2a: Zamazenta|79/100\n|-unboost|p2a: Zamazenta|spa|1\n|move|p1b: Lunala|Moonblast|p2a: Zamazenta\n|-damage|p2a: Zamazenta|23/100\n|move|p2a: Zamazenta|Heavy Slam|p1a: Whimsicott\n|-supereffective|p1a: Whimsicott\n|-enditem|p1a: Whimsicott|Focus Sash\n|-damage|p1a: Whimsicott|1/100\n|\n|upkeep\n|turn|3\n|\n|t:|1773452812\n|move|p2b: Amoonguss|Rage Powder|p2b: Amoonguss\n|-singleturn|p2b: Amoonguss|move: Rage Powder\n|move|p1a: Whimsicott|Encore|p2b: Amoonguss\n|-start|p2b: Amoonguss|Encore\n|move|p1b: Lunala|Moonblast|p2b: Amoonguss\n|-resisted|p2b: Amoonguss\n|-damage|p2b: Amoonguss|33/100\n|move|p2a: Zamazenta|Heavy Slam|p1b: Lunala\n|-supereffective|p1b: Lunala\n|-damage|p1b: Lunala|0 fnt\n|faint|p1b: Lunala\n|\n|upkeep\n|\n|t:|1773452816\n|switch|p1b: Chi-Yu|Chi-Yu, L50|100/100\n|-ability|p1b: Chi-Yu|Beads of Ruin\n|turn|4\n|\n|t:|1773452828\n|move|p2a: Zamazenta|Wide Guard|p2a: Zamazenta\n|-singleturn|p2a: Zamazenta|Wide Guard\n|move|p2b: Amoonguss|Rage Powder|p2b: Amoonguss\n|-singleturn|p2b: Amoonguss|move: Rage Powder\n|move|p1b: Chi-Yu|Heat Wave|p2a: Zamazenta|[spread] \n|-activate|p2a: Zamazenta|move: Wide Guard\n|-activate|p2b: Amoonguss|move: Wide Guard\n|move|p1a: Whimsicott|Moonblast|p2a: Zamazenta\n|-damage|p2a: Zamazenta|0 fnt\n|faint|p2a: Zamazenta\n|\n|-sideend|p1: paradox franco|move: Tailwind\n|upkeep\n|\n|t:|1773452835\n|switch|p2a: Calyrex|Calyrex-Shadow, L50|100/100\n|-ability|p2a: Calyrex|As One\n|-ability|p2a: Calyrex|Unnerve\n|turn|5\n|\n|t:|1773452841\n|-terastallize|p2a: Calyrex|Ghost\n|move|p2b: Amoonguss|Rage Powder|p2b: Amoonguss\n|-singleturn|p2b: Amoonguss|move: Rage Powder\n|move|p1a: Whimsicott|Tailwind|p1a: Whimsicott\n|-sidestart|p1: paradox franco|move: Tailwind\n|move|p1b: Chi-Yu|Heat Wave|p2b: Amoonguss|[spread] p2a,p2b\n|-supereffective|p2b: Amoonguss\n|-damage|p2a: Calyrex|45/100\n|-damage|p2b: Amoonguss|0 fnt\n|faint|p2b: Amoonguss\n|move|p2a: Calyrex|Astral Barrage|p1a: Whimsicott|[spread] p1a,p1b\n|-resisted|p1b: Chi-Yu\n|-damage|p1a: Whimsicott|0 fnt\n|-damage|p1b: Chi-Yu|57/100\n|faint|p1a: Whimsicott\n|-ability|p2a: Calyrex|Grim Neigh|boost\n|-boost|p2a: Calyrex|spa|1\n|\n|upkeep\n|\n|t:|1773452853\n|switch|p1a: Groudon|Groudon, L50|100/100\n|switch|p2b: Chien-Pao|Chien-Pao, L50|100/100\n|-weather|SunnyDay|[from] ability: Drought|[of] p1a: Groudon\n|-ability|p2b: Chien-Pao|Sword of Ruin\n|turn|6\n|\n|t:|1773452860\n|move|p2b: Chien-Pao|Sucker Punch|p1b: Chi-Yu\n|-resisted|p1b: Chi-Yu\n|-damage|p1b: Chi-Yu|22/100\n|move|p1b: Chi-Yu|Heat Wave|p2b: Chien-Pao|[spread] p2a,p2b\n|-supereffective|p2b: Chien-Pao\n|-damage|p2a: Calyrex|0 fnt\n|-damage|p2b: Chien-Pao|0 fnt\n|faint|p2a: Calyrex\n|faint|p2b: Chien-Pao\n|\n|win|paradox franco\n|raw|paradox franco's rating: 1541 &rarr; <strong>1557</strong><br />(+16 for winning)\n|raw|VJ2511's rating: 1471 &rarr; <strong>1455</strong><br />(-16 for losing)\n|l|\u2606paradox franco\n|player|p1|\n|l|\u2606VJ2511\n|player|p2|\n","uploadtime":1773453013,"views":16,"formatid":"gen9vgc2026regi","rating":1455,"private":0,"password":null}