{"id":"gen9vgc2026regi-2535770488","format":"[Gen 9] VGC 2026 Reg I","players":["blackred123\u8d85\u68a6\u4fa0","fedoraguy6"],"log":"|j|\u2606blackred123\u8d85\u68a6\u4fa0\n|j|\u2606fedoraguy6\n|t:|1770606784\n|gametype|doubles\n|player|p1|blackred123\u8d85\u68a6\u4fa0|iono-masters|1257\n|player|p2|fedoraguy6|emmet|1201\n|gen|9\n|tier|[Gen 9] VGC 2026 Reg I\n|rated|\n|rule|Species Clause: Limit one of each Pok\u00e9mon\n|rule|Item Clause: Limit 1 of each item\n|clearpoke\n|poke|p1|Lunala, L50|\n|poke|p1|Koraidon, L50|\n|poke|p1|Chi-Yu, L50|\n|poke|p1|Flutter Mane, L50|\n|poke|p1|Brute Bonnet, L50|\n|poke|p1|Ursaluna, L50, F|\n|poke|p2|Moltres-Galar, L50|\n|poke|p2|Zamazenta-*, L50|\n|poke|p2|Ogerpon-Wellspring, L50, F|\n|poke|p2|Miraidon, L50|\n|poke|p2|Arcanine-Hisui, L50, F|\n|poke|p2|Whimsicott, L50, F|\n|teampreview|4\n|inactive|Battle timer is ON: inactive players will automatically lose when time's up. (requested by blackred123\u8d85\u68a6\u4fa0)\n|inactive|fedoraguy6 has 60 seconds left.\n|inactive|fedoraguy6 has 30 seconds left.\n|\n|t:|1770606854\n|teamsize|p1|4\n|teamsize|p2|4\n|start\n|switch|p1a: Lunala|Lunala, L50, shiny|100/100\n|switch|p1b: Chi-Yu|Chi-Yu, L50|100/100\n|switch|p2a: Miraidon|Miraidon, L50|100/100\n|switch|p2b: Whimsicott|Whimsicott, L50, F|100/100\n|-ability|p1b: Chi-Yu|Beads of Ruin\n|-fieldstart|move: Electric Terrain|[from] ability: Hadron Engine|[of] p2a: Miraidon\n|turn|1\n|inactive|fedoraguy6 has 30 seconds left.\n|inactive|fedoraguy6 has 20 seconds left.\n|\n|t:|1770606892\n|move|p2b: Whimsicott|Fake Tears|p1a: Lunala\n|-unboost|p1a: Lunala|spd|2\n|move|p1b: Chi-Yu|Heat Wave|p2b: Whimsicott|[spread] p2a\n|-miss|p1b: Chi-Yu|p2b: Whimsicott\n|-resisted|p2a: Miraidon\n|-damage|p2a: Miraidon|79/100\n|move|p2a: Miraidon|Electro Drift|p1b: Chi-Yu\n|-damage|p1b: Chi-Yu|0 fnt\n|faint|p1b: Chi-Yu\n|-damage|p2a: Miraidon|69/100|[from] item: Life Orb\n|move|p1a: Lunala|Trick Room|p1a: Lunala\n|-fieldstart|move: Trick Room|[of] p1a: Lunala\n|\n|upkeep\n|\n|t:|1770606904\n|switch|p1b: Koraidon|Koraidon, L50|100/100\n|-weather|SunnyDay|[from] ability: Orichalcum Pulse|[of] p1b: Koraidon\n|-activate|p1b: Koraidon|Orichalcum Pulse|[source]\n|turn|2\n|\n|t:|1770606913\n|switch|p1a: Flutter Mane|Flutter Mane, L50|100/100\n|-activate|p1a: Flutter Mane|ability: Protosynthesis\n|-start|p1a: Flutter Mane|protosynthesisspe\n|-terastallize|p1b: Koraidon|Fire\n|-terastallize|p2a: Miraidon|Fairy\n|move|p2b: Whimsicott|Encore||[still]\n|-fail|p2b: Whimsicott\n|move|p2a: Miraidon|Dazzling Gleam|p1a: Flutter Mane|[spread] p1a,p1b\n|-resisted|p1b: Koraidon\n|-damage|p1a: Flutter Mane|44/100\n|-damage|p1b: Koraidon|73/100\n|-damage|p2a: Miraidon|60/100|[from] item: Life Orb\n|move|p1b: Koraidon|Close Combat|p2a: Miraidon\n|-resisted|p2a: Miraidon\n|-damage|p2a: Miraidon|9/100\n|-unboost|p1b: Koraidon|def|1\n|-unboost|p1b: Koraidon|spd|1\n|-damage|p1b: Koraidon|63/100|[from] item: Life Orb\n|\n|-weather|SunnyDay|[upkeep]\n|upkeep\n|turn|3\n|inactive|fedoraguy6 has 30 seconds left.\n|inactive|fedoraguy6 has 20 seconds left.\n|inactive|fedoraguy6 has 15 seconds left.\n|\n|t:|1770606957\n|-end|p1a: Flutter Mane|Protosynthesis|[silent]\n|switch|p1a: Lunala|Lunala, L50, shiny|100/100\n|move|p2b: Whimsicott|Fake Tears|p1a: Lunala\n|-unboost|p1a: Lunala|spd|2\n|move|p1b: Koraidon|Flare Blitz|p2a: Miraidon\n|-damage|p2a: Miraidon|0 fnt\n|faint|p2a: Miraidon\n|-damage|p1b: Koraidon|60/100|[from] Recoil\n|-damage|p1b: Koraidon|50/100|[from] item: Life Orb\n|\n|-weather|SunnyDay|[upkeep]\n|upkeep\n|\n|t:|1770606965\n|switch|p2a: Zamazenta|Zamazenta-Crowned, L50|100/100\n|-ability|p2a: Zamazenta|Dauntless Shield|boost\n|-boost|p2a: Zamazenta|def|1\n|turn|4\n|inactive|fedoraguy6 has 30 seconds left.\n|inactive|fedoraguy6 has 20 seconds left.\n|inactive|fedoraguy6 has 15 seconds left.\n|inactive|fedoraguy6 has 10 seconds left.\n|\n|t:|1770607015\n|move|p1b: Koraidon|Protect|p1b: Koraidon\n|-singleturn|p1b: Koraidon|Protect\n|move|p1a: Lunala|Moongeist Beam|p2b: Whimsicott\n|-damage|p2b: Whimsicott|26/100\n|move|p2a: Zamazenta|Behemoth Bash|p1b: Koraidon\n|-activate|p1b: Koraidon|move: Protect\n|move|p2b: Whimsicott|Moonblast|p1a: Lunala\n|-damage|p1a: Lunala|82/100\n|\n|-weather|SunnyDay|[upkeep]\n|upkeep\n|turn|5\n|\n|t:|1770607029\n|switch|p1b: Flutter Mane|Flutter Mane, L50|44/100\n|-activate|p1b: Flutter Mane|ability: Protosynthesis\n|-start|p1b: Flutter Mane|protosynthesisspe\n|move|p1a: Lunala|Moongeist Beam|p2b: Whimsicott\n|-damage|p2b: Whimsicott|0 fnt\n|faint|p2b: Whimsicott\n|move|p2a: Zamazenta|Behemoth Bash|p1b: Flutter Mane\n|-supereffective|p1b: Flutter Mane\n|-damage|p1b: Flutter Mane|0 fnt\n|faint|p1b: Flutter Mane\n|-end|p1b: Flutter Mane|Protosynthesis|[silent]\n|\n|-weather|SunnyDay|[upkeep]\n|-fieldend|move: Trick Room\n|-fieldend|move: Electric Terrain\n|upkeep\n|\n|t:|1770607040\n|switch|p1b: Koraidon|Koraidon, L50, tera:Fire|50/100\n|switch|p2b: Ogerpon|Ogerpon-Wellspring, L50, F|100/100\n|-activate|p1b: Koraidon|ability: Orichalcum Pulse\n|turn|6\n|inactive|fedoraguy6 has 30 seconds left.\n|j| lunala fairy ghost\n|inactive|fedoraguy6 has 20 seconds left.\n|inactive|blackred123\u8d85\u68a6\u4fa0 has 30 seconds left.\n|\n|t:|1770607081\n|move|p2b: Ogerpon|Spiky Shield|p2b: Ogerpon\n|-singleturn|p2b: Ogerpon|move: Protect\n|move|p1b: Koraidon|Close Combat|p2a: Zamazenta\n|-supereffective|p2a: Zamazenta\n|-damage|p2a: Zamazenta|21/100\n|-unboost|p1b: Koraidon|def|1\n|-unboost|p1b: Koraidon|spd|1\n|-damage|p1b: Koraidon|41/100|[from] item: Life Orb\n|move|p2a: Zamazenta|Behemoth Bash|p1a: Lunala\n|-damage|p1a: Lunala|50/100\n|move|p1a: Lunala|Moongeist Beam|p2a: Zamazenta\n|-damage|p2a: Zamazenta|0 fnt\n|faint|p2a: Zamazenta\n|\n|-weather|none\n|upkeep\n|turn|7\n|inactive|fedoraguy6 has 30 seconds left.\n|\n|t:|1770607110\n|move|p1b: Koraidon|Flare Blitz|p2b: Ogerpon\n|-damage|p2b: Ogerpon|10/100\n|-damage|p1b: Koraidon|10/100|[from] Recoil\n|-damage|p1b: Koraidon|0 fnt|[from] item: Life Orb\n|faint|p1b: Koraidon\n|move|p2b: Ogerpon|Ivy Cudgel|p1a: Lunala|[anim] Ivy Cudgel Water\n|-crit|p1a: Lunala\n|-damage|p1a: Lunala|0 fnt\n|faint|p1a: Lunala\n|\n|win|fedoraguy6\n|raw|blackred123\u8d85\u68a6\u4fa0's rating: 1257 &rarr; <strong>1228</strong><br />(-29 for losing)\n|raw|fedoraguy6's rating: 1201 &rarr; <strong>1230</strong><br />(+29 for winning)\n","uploadtime":1770607128,"views":15,"formatid":"gen9vgc2026regi","rating":1228,"private":0,"password":null}