{"id":"gen9vgc2026regi-2561780600","format":"[Gen 9] VGC 2026 Reg I","players":["Realfrytki","tryashy"],"log":"|j|\u2606Realfrytki\n|j|\u2606tryashy\n|t:|1773842984\n|gametype|doubles\n|player|p1|Realfrytki|veteranf|1622\n|player|p2|tryashy|dawn|1565\n|gen|9\n|tier|[Gen 9] VGC 2026 Reg I\n|rated|\n|rule|Species Clause: Limit one of each Pok\u00e9mon\n|rule|Item Clause: Limit 1 of each item\n|clearpoke\n|poke|p1|Terapagos, L50, M|\n|poke|p1|Grimmsnarl, L50, M|\n|poke|p1|Volcarona, L50, F|\n|poke|p1|Miraidon, L50|\n|poke|p1|Iron Hands, L50|\n|poke|p1|Amoonguss, L50, F|\n|poke|p2|Lunala, L50|\n|poke|p2|Koraidon, L50|\n|poke|p2|Indeedee-F, L50, F|\n|poke|p2|Grimmsnarl, L50, M|\n|poke|p2|Walking Wake, L50|\n|poke|p2|Flutter Mane, L50|\n|teampreview|4\n|inactive|Battle timer is ON: inactive players will automatically lose when time's up. (requested by tryashy)\n|\n|t:|1773843003\n|teamsize|p1|4\n|teamsize|p2|4\n|start\n|switch|p1a: Grimmsnarl|Grimmsnarl, L50, M|100/100\n|switch|p1b: Terapagos|Terapagos, L50, M|100/100\n|switch|p2a: Lunala|Lunala, L50|100/100\n|switch|p2b: Grimmsnarl|Grimmsnarl, L50, M|100/100\n|-activate|p1b: Terapagos|ability: Tera Shift\n|detailschange|p1b: Terapagos|Terapagos-Terastal, L50, M\n|-heal|p1b: Terapagos|100/100|[silent]\n|turn|1\n|j| Winieska Rambulera\n|\n|t:|1773843020\n|move|p1a: Grimmsnarl|Fake Out|p2b: Grimmsnarl\n|-damage|p2b: Grimmsnarl|88/100\n|cant|p2b: Grimmsnarl|flinch\n|move|p1b: Terapagos|Tera Starstorm|p2b: Grimmsnarl\n|-damage|p2b: Grimmsnarl|9/100\n|move|p2a: Lunala|Calm Mind|p2a: Lunala\n|-boost|p2a: Lunala|spa|1\n|-boost|p2a: Lunala|spd|1\n|\n|upkeep\n|turn|2\n|\n|t:|1773843034\n|switch|p2b: Indeedee|Indeedee-F, L50, F|100/100\n|-fieldstart|move: Psychic Terrain|[from] ability: Psychic Surge|[of] p2b: Indeedee\n|-terastallize|p1b: Terapagos|Stellar\n|detailschange|p1b: Terapagos|Terapagos-Stellar, L50, M, tera:Stellar\n|-heal|p1b: Terapagos|100/100|[silent]\n|-ability|p1b: Terapagos|Teraform Zero\n|-fieldend|move: Psychic Terrain\n|move|p1b: Terapagos|Tera Starstorm|p2a: Lunala|[spread] p2a,p2b\n|-damage|p2a: Lunala|87/100\n|-damage|p2b: Indeedee|37/100\n|move|p2a: Lunala|Calm Mind|p2a: Lunala\n|-boost|p2a: Lunala|spa|1\n|-boost|p2a: Lunala|spd|1\n|move|p1a: Grimmsnarl|Foul Play|p2a: Lunala\n|-supereffective|p2a: Lunala\n|-damage|p2a: Lunala|10/100\n|\n|-heal|p2a: Lunala|17/100|[from] item: Leftovers\n|upkeep\n|turn|3\n|inactive|tryashy has 30 seconds left.\n|\n|t:|1773843063\n|switch|p2b: Koraidon|Koraidon, L50|100/100\n|-weather|SunnyDay|[from] ability: Orichalcum Pulse|[of] p2b: Koraidon\n|-activate|p2b: Koraidon|Orichalcum Pulse|[source]\n|move|p2a: Lunala|Protect|p2a: Lunala\n|-singleturn|p2a: Lunala|Protect\n|move|p1b: Terapagos|Tera Starstorm|p2a: Lunala|[spread] p2b\n|-activate|p2a: Lunala|move: Protect\n|-damage|p2b: Koraidon|44/100\n|move|p1a: Grimmsnarl|Foul Play|p2a: Lunala\n|-activate|p2a: Lunala|move: Protect\n|\n|-weather|SunnyDay|[upkeep]\n|-heal|p2a: Lunala|23/100|[from] item: Leftovers\n|upkeep\n|turn|4\n|inactive|tryashy has 30 seconds left.\n|\n|t:|1773843093\n|switch|p2a: Indeedee|Indeedee-F, L50, F|37/100\n|-fieldstart|move: Psychic Terrain|[from] ability: Psychic Surge|[of] p2a: Indeedee\n|move|p2b: Koraidon|Close Combat|p1b: Terapagos\n|-supereffective|p1b: Terapagos\n|-damage|p1b: Terapagos|0 fnt\n|-unboost|p2b: Koraidon|def|1\n|-unboost|p2b: Koraidon|spd|1\n|faint|p1b: Terapagos\n|detailschange|p1: Terapagos|Terapagos, L50, M|[silent]\n|move|p1a: Grimmsnarl|Foul Play|p2a: Indeedee\n|-supereffective|p2a: Indeedee\n|-damage|p2a: Indeedee|7/100\n|\n|-weather|SunnyDay|[upkeep]\n|upkeep\n|\n|t:|1773843106\n|switch|p1b: Amoonguss|Amoonguss, L50, F|100/100\n|turn|5\n|inactive|tryashy has 30 seconds left.\n|inactive|tryashy has 20 seconds left.\n|inactive|tryashy has 15 seconds left.\n|inactive|tryashy has 10 seconds left.\n|inactive|tryashy has 5 seconds left.\n|\n|t:|1773843158\n|switch|p2b: Grimmsnarl|Grimmsnarl, L50, M|9/100\n|move|p2a: Indeedee|Psychic|p1b: Amoonguss\n|-supereffective|p1b: Amoonguss\n|-damage|p1b: Amoonguss|40/100\n|move|p1a: Grimmsnarl|Foul Play|p2a: Indeedee\n|-supereffective|p2a: Indeedee\n|-damage|p2a: Indeedee|0 fnt\n|faint|p2a: Indeedee\n|move|p1b: Amoonguss|Spore|p2b: Grimmsnarl\n|-status|p2b: Grimmsnarl|slp|[from] move: Spore\n|\n|-weather|SunnyDay|[upkeep]\n|upkeep\n|\n|t:|1773843179\n|switch|p2a: Lunala|Lunala, L50|23/100\n|turn|6\n|inactive|tryashy has 30 seconds left.\n|\n|t:|1773843207\n|switch|p2b: Koraidon|Koraidon, L50|44/100\n|-activate|p2b: Koraidon|ability: Orichalcum Pulse\n|-terastallize|p2a: Lunala|Fairy\n|move|p2a: Lunala|Expanding Force|p1b: Amoonguss|[spread] p1b\n|-immune|p1a: Grimmsnarl\n|-supereffective|p1b: Amoonguss\n|-damage|p1b: Amoonguss|0 fnt\n|faint|p1b: Amoonguss\n|move|p1a: Grimmsnarl|Foul Play|p2a: Lunala\n|-resisted|p2a: Lunala\n|-damage|p2a: Lunala|14/100\n|\n|-weather|SunnyDay|[upkeep]\n|-heal|p2a: Lunala|20/100|[from] item: Leftovers\n|upkeep\n|\n|t:|1773843221\n|switch|p1b: Miraidon|Miraidon, L50|100/100\n|-fieldstart|move: Electric Terrain|[from] ability: Hadron Engine|[of] p1b: Miraidon\n|turn|7\n|\n|t:|1773843242\n|move|p1b: Miraidon|Protect|p1b: Miraidon\n|-singleturn|p1b: Miraidon|Protect\n|move|p2a: Lunala|Protect|p2a: Lunala\n|-singleturn|p2a: Lunala|Protect\n|move|p2b: Koraidon|U-turn|p1b: Miraidon\n|-activate|p1b: Miraidon|move: Protect\n|move|p1a: Grimmsnarl|Foul Play|p2b: Koraidon\n|-resisted|p2b: Koraidon\n|-damage|p2b: Koraidon|19/100\n|\n|-weather|none\n|-heal|p2a: Lunala|26/100|[from] item: Leftovers\n|upkeep\n|turn|8\n|inactive|Realfrytki has 30 seconds left.\n|inactive|tryashy has 30 seconds left.\n|\n|t:|1773843274\n|switch|p2a: Grimmsnarl|Grimmsnarl, L50, M|9/100 slp\n|move|p1a: Grimmsnarl|Thunder Wave|p2b: Koraidon\n|-status|p2b: Koraidon|par\n|move|p1b: Miraidon|Electro Drift|p2b: Koraidon\n|-resisted|p2b: Koraidon\n|-damage|p2b: Koraidon|0 fnt\n|faint|p2b: Koraidon\n|-damage|p1b: Miraidon|90/100|[from] item: Life Orb\n|\n|upkeep\n|\n|t:|1773843281\n|switch|p2b: Lunala|Lunala, L50, tera:Fairy|26/100\n|turn|9\n|-message|tryashy forfeited.\n|\n|win|Realfrytki\n|raw|Realfrytki's rating: 1622 &rarr; <strong>1639</strong><br />(+17 for winning)\n|raw|tryashy's rating: 1565 &rarr; <strong>1548</strong><br />(-17 for losing)\n|l|\u2606tryashy\n|player|p2|\n|l|\u2606Realfrytki\n|player|p1|\n|l| Winieska Rambulera\n","uploadtime":1773843485,"views":17,"formatid":"gen9vgc2026regi","rating":1548,"private":0,"password":null}