{"id":"gen9vgc2026regi-2517479765","format":"[Gen 9] VGC 2026 Reg I","players":["CrushDragonGandora","cdogp3"],"log":"|j|\u2606CrushDragonGandora\n|j|\u2606cdogp3\n|t:|1768267041\n|gametype|doubles\n|player|p1|CrushDragonGandora|lance|1160\n|player|p2|cdogp3|hoopster|1098\n|gen|9\n|tier|[Gen 9] VGC 2026 Reg I\n|rated|\n|rule|Species Clause: Limit one of each Pok\u00e9mon\n|rule|Item Clause: Limit 1 of each item\n|clearpoke\n|poke|p1|Groudon, L50|\n|poke|p1|Calyrex-Shadow, L50|\n|poke|p1|Articuno-Galar, L50|\n|poke|p1|Indeedee-F, L50, F|\n|poke|p1|Tornadus, L50, M|\n|poke|p1|Urshifu-*, L50, F|\n|poke|p2|Calyrex-Shadow, L50|\n|poke|p2|Zamazenta-*, L50|\n|poke|p2|Chien-Pao, L50|\n|poke|p2|Raging Bolt, L50|\n|poke|p2|Ogerpon-Cornerstone, L50, F|\n|poke|p2|Amoonguss, L50, F|\n|teampreview|4\n|inactive|Battle timer is ON: inactive players will automatically lose when time's up. (requested by cdogp3)\n|inactive|CrushDragonGandora has 60 seconds left.\n|\n|t:|1768267078\n|teamsize|p1|4\n|teamsize|p2|4\n|start\n|switch|p1a: Calyrex|Calyrex-Shadow, L50|100/100\n|switch|p1b: Tornadus|Tornadus, L50, M|100/100\n|switch|p2a: Zamazenta|Zamazenta-Crowned, L50|100/100\n|switch|p2b: Sean|Chien-Pao, L50|100/100\n|-ability|p1a: Calyrex|As One\n|-ability|p1a: Calyrex|Unnerve\n|-ability|p2b: Sean|Sword of Ruin\n|-ability|p2a: Zamazenta|Dauntless Shield|boost\n|-boost|p2a: Zamazenta|def|1\n|turn|1\n|\n|t:|1768267090\n|move|p2b: Sean|Sucker Punch||[still]\n|-fail|p2b: Sean\n|move|p1b: Tornadus|Tailwind|p1b: Tornadus\n|-sidestart|p1: CrushDragonGandora|move: Tailwind\n|move|p1a: Calyrex|Gravity|p1a: Calyrex\n|-fieldstart|move: Gravity\n|move|p2a: Zamazenta|Behemoth Bash|p1b: Tornadus\n|-damage|p1b: Tornadus|11/100\n|\n|upkeep\n|turn|2\n|\n|t:|1768267107\n|switch|p1a: Groudon|Groudon, L50|100/100\n|-weather|SunnyDay|[from] ability: Drought|[of] p1a: Groudon\n|move|p1b: Tornadus|Weather Ball|p2a: Zamazenta\n|-supereffective|p2a: Zamazenta\n|-damage|p2a: Zamazenta|41/100\n|move|p2b: Sean|Ice Spinner|p1a: Groudon\n|-supereffective|p1a: Groudon\n|-damage|p1a: Groudon|43/100\n|move|p2a: Zamazenta|Behemoth Bash|p1a: Groudon\n|-damage|p1a: Groudon|9/100\n|\n|-weather|SunnyDay|[upkeep]\n|upkeep\n|turn|3\n|inactive|CrushDragonGandora has 30 seconds left.\n|\n|t:|1768267138\n|move|p2b: Sean|Ice Shard|p1a: Groudon\n|-supereffective|p1a: Groudon\n|-damage|p1a: Groudon|0 fnt\n|faint|p1a: Groudon\n|move|p1b: Tornadus|Weather Ball|p2b: Sean\n|-supereffective|p2b: Sean\n|-damage|p2b: Sean|5/100\n|move|p2a: Zamazenta|Body Press|p1b: Tornadus\n|-resisted|p1b: Tornadus\n|-damage|p1b: Tornadus|0 fnt\n|faint|p1b: Tornadus\n|\n|-weather|SunnyDay|[upkeep]\n|upkeep\n|\n|t:|1768267146\n|switch|p1b: Calyrex|Calyrex-Shadow, L50|100/100\n|switch|p1a: Articuno|Articuno-Galar, L50|100/100\n|-ability|p1b: Calyrex|As One\n|-ability|p1b: Calyrex|Unnerve\n|turn|4\n|\n|t:|1768267160\n|move|p1b: Calyrex|Protect|p1b: Calyrex\n|-singleturn|p1b: Calyrex|Protect\n|move|p2a: Zamazenta|Protect|p2a: Zamazenta\n|-singleturn|p2a: Zamazenta|Protect\n|move|p2b: Sean|Sucker Punch||[still]\n|-fail|p2b: Sean\n|move|p1a: Articuno|Hypnosis|p2b: Sean\n|-status|p2b: Sean|slp|[from] move: Hypnosis\n|\n|-weather|SunnyDay|[upkeep]\n|-sideend|p1: CrushDragonGandora|move: Tailwind\n|upkeep\n|turn|5\n|\n|t:|1768267180\n|move|p2a: Zamazenta|Wide Guard|p2a: Zamazenta\n|-singleturn|p2a: Zamazenta|Wide Guard\n|cant|p2b: Sean|slp\n|move|p1b: Calyrex|Astral Barrage|p2b: Sean|[spread] \n|-activate|p2a: Zamazenta|move: Wide Guard\n|-activate|p2b: Sean|move: Wide Guard\n|move|p1a: Articuno|Tailwind|p1a: Articuno\n|-sidestart|p1: CrushDragonGandora|move: Tailwind\n|\n|-weather|SunnyDay|[upkeep]\n|-fieldend|move: Gravity\n|upkeep\n|turn|6\n|\n|t:|1768267190\n|move|p2a: Zamazenta|Wide Guard|p2a: Zamazenta\n|-singleturn|p2a: Zamazenta|Wide Guard\n|cant|p2b: Sean|slp\n|move|p1b: Calyrex|Pollen Puff|p2b: Sean\n|-supereffective|p2b: Sean\n|-damage|p2b: Sean|0 fnt\n|faint|p2b: Sean\n|-ability|p1b: Calyrex|Grim Neigh|boost\n|-boost|p1b: Calyrex|spa|1\n|move|p1a: Articuno|Hypnosis|p2a: Zamazenta|[miss]\n|-miss|p1a: Articuno|p2a: Zamazenta\n|\n|-weather|none\n|upkeep\n|\n|t:|1768267196\n|switch|p2b: Calyrex|Calyrex-Shadow, L50|100/100\n|-ability|p2b: Calyrex|As One\n|-ability|p2b: Calyrex|Unnerve\n|turn|7\n|inactive|CrushDragonGandora has 30 seconds left.\n|inactive|CrushDragonGandora has 20 seconds left.\n|inactive|CrushDragonGandora has 15 seconds left.\n|inactive|CrushDragonGandora has 10 seconds left.\n|inactive|CrushDragonGandora has 5 seconds left.\n|\n|t:|1768267250\n|-terastallize|p2b: Calyrex|Ghost\n|move|p2a: Zamazenta|Wide Guard|p2a: Zamazenta\n|-singleturn|p2a: Zamazenta|Wide Guard\n|move|p1b: Calyrex|Gravity|p1b: Calyrex\n|-fieldstart|move: Gravity\n|move|p1a: Articuno|Hypnosis|p2b: Calyrex\n|-status|p2b: Calyrex|slp|[from] move: Hypnosis\n|cant|p2b: Calyrex|slp\n|\n|upkeep\n|turn|8\n|\n|t:|1768267265\n|move|p2a: Zamazenta|Wide Guard|p2a: Zamazenta\n|-singleturn|p2a: Zamazenta|Wide Guard\n|move|p1b: Calyrex|Pollen Puff|p2b: Calyrex\n|-resisted|p2b: Calyrex\n|-damage|p2b: Calyrex|71/100 slp\n|move|p1a: Articuno|Hypnosis|p2a: Zamazenta\n|-status|p2a: Zamazenta|slp|[from] move: Hypnosis\n|cant|p2b: Calyrex|slp\n|\n|-sideend|p1: CrushDragonGandora|move: Tailwind\n|upkeep\n|turn|9\n|\n|t:|1768267286\n|cant|p2a: Zamazenta|slp\n|move|p1b: Calyrex|Astral Barrage|p2b: Calyrex|[spread] p2a,p2b\n|-supereffective|p2b: Calyrex\n|-damage|p2a: Zamazenta|0 fnt\n|-damage|p2b: Calyrex|0 fnt\n|faint|p2a: Zamazenta\n|faint|p2b: Calyrex\n|-ability|p1b: Calyrex|Grim Neigh|boost\n|-boost|p1b: Calyrex|spa|2\n|move|p1a: Articuno|Tailwind|p1a: Articuno\n|-sidestart|p1: CrushDragonGandora|move: Tailwind\n|\n|upkeep\n|-message|cdogp3 forfeited.\n|\n|win|CrushDragonGandora\n|raw|CrushDragonGandora's rating: 1160 &rarr; <strong>1182</strong><br />(+22 for winning)\n|raw|cdogp3's rating: 1119 &rarr; <strong>1097</strong><br />(-22 for losing)\n|l|\u2606cdogp3\n|player|p2|\n|l|\u2606CrushDragonGandora\n|player|p1|\n","uploadtime":1768267655,"views":12,"formatid":"gen9vgc2026regi","rating":1097,"private":0,"password":null}