{"id":"gen9vgc2026regi-2578091496","format":"[Gen 9] VGC 2026 Reg I","players":["Hazweioh","sukaww"],"log":"|j|\u2606Hazweioh\n|j|\u2606sukaww\n|t:|1775646975\n|gametype|doubles\n|player|p1|Hazweioh|265|1505\n|player|p2|sukaww|266|1590\n|gen|9\n|tier|[Gen 9] VGC 2026 Reg I\n|rated|\n|rule|Species Clause: Limit one of each Pok\u00e9mon\n|rule|Item Clause: Limit 1 of each item\n|clearpoke\n|poke|p1|Calyrex-Shadow, L50|\n|poke|p1|Zamazenta-*, L50|\n|poke|p1|Chien-Pao, L50|\n|poke|p1|Dragonite, L50, M|\n|poke|p1|Raging Bolt, L50|\n|poke|p1|Amoonguss, L50, M|\n|poke|p2|Calyrex-Ice, L50|\n|poke|p2|Miraidon, L50|\n|poke|p2|Iron Hands, L50|\n|poke|p2|Farigiraf, L50, M|\n|poke|p2|Ursaluna-Bloodmoon, L50, M|\n|poke|p2|Torkoal, L50, M|\n|teampreview|4\n|inactive|Battle timer is ON: inactive players will automatically lose when time's up. (requested by sukaww)\n|inactive|Hazweioh also wants the timer to be on.\n|inactive|Hazweioh has 60 seconds left.\n|\n|t:|1775647008\n|teamsize|p1|4\n|teamsize|p2|4\n|start\n|switch|p1a: Arlie|Chien-Pao, L50|100/100\n|switch|p1b: protec|Zamazenta-Crowned, L50|100/100\n|switch|p2a: Miraidon|Miraidon, L50|100/100\n|switch|p2b: Farigiraf|Farigiraf, L50, M|100/100\n|-fieldstart|move: Electric Terrain|[from] ability: Hadron Engine|[of] p2a: Miraidon\n|-enditem|p2b: Farigiraf|Electric Seed\n|-boost|p2b: Farigiraf|def|1|[from] item: Electric Seed\n|-ability|p1a: Arlie|Sword of Ruin\n|-ability|p1b: protec|Dauntless Shield|boost\n|-boost|p1b: protec|def|1\n|turn|1\n|\n|t:|1775647025\n|-terastallize|p2b: Farigiraf|Fairy\n|move|p2a: Miraidon|Volt Switch|p1b: protec\n|-damage|p1b: protec|54/100\n|\n|t:|1775647035\n|switch|p2a: Torkoal|Torkoal, L50, M|100/100|[from] Volt Switch\n|-weather|SunnyDay|[from] ability: Drought|[of] p2a: Torkoal\n|move|p1a: Arlie|Ruination|p2b: Farigiraf\n|-damage|p2b: Farigiraf|51/100\n|move|p1b: protec|Body Press|p2b: Farigiraf\n|-resisted|p2b: Farigiraf\n|-damage|p2b: Farigiraf|22/100\n|move|p2b: Farigiraf|Trick Room|p2b: Farigiraf\n|-fieldstart|move: Trick Room|[of] p2b: Farigiraf\n|\n|-weather|SunnyDay|[upkeep]\n|upkeep\n|turn|2\n|inactive|Hazweioh has 30 seconds left.\n|inactive|Hazweioh has 20 seconds left.\n|inactive|Hazweioh has 15 seconds left.\n|\n|t:|1775647075\n|switch|p2b: Iron Hands|Iron Hands, L50|100/100\n|-activate|p2b: Iron Hands|ability: Quark Drive\n|-start|p2b: Iron Hands|quarkdriveatk\n|-terastallize|p1b: protec|Dragon\n|move|p2a: Torkoal|Weather Ball|p1b: protec\n|-resisted|p1b: protec\n|-damage|p1b: protec|24/100\n|move|p1b: protec|Body Press|p2b: Iron Hands\n|-damage|p2b: Iron Hands|34/100\n|move|p1a: Arlie|Ice Spinner|p2b: Iron Hands\n|-damage|p2b: Iron Hands|3/100\n|-fieldend|move: Electric Terrain\n|-end|p2b: Iron Hands|Quark Drive\n|\n|-weather|SunnyDay|[upkeep]\n|upkeep\n|turn|3\n|j| CrazyyBoi\n|inactive|sukaww has 30 seconds left.\n|\n|t:|1775647108\n|switch|p1a: Green Goober|Dragonite, L50, M, shiny|100/100\n|move|p1b: protec|Protect|p1b: protec\n|-singleturn|p1b: protec|Protect\n|move|p2b: Iron Hands|Fake Out|p1a: Green Goober\n|-damage|p1a: Green Goober|85/100\n|move|p2a: Torkoal|Weather Ball|p1b: protec\n|-activate|p1b: protec|move: Protect\n|\n|-weather|SunnyDay|[upkeep]\n|upkeep\n|turn|4\n|\n|t:|1775647132\n|move|p2a: Torkoal|Weather Ball|p1b: protec\n|-resisted|p1b: protec\n|-damage|p1b: protec|0 fnt\n|faint|p1b: protec\n|move|p2b: Iron Hands|Wild Charge|p1a: Green Goober\n|-damage|p1a: Green Goober|31/100\n|-damage|p2b: Iron Hands|0 fnt|[from] Recoil\n|faint|p2b: Iron Hands\n|-end|p2b: Iron Hands|Quark Drive|[silent]\n|move|p1a: Green Goober|Low Kick|p2a: Torkoal\n|-damage|p2a: Torkoal|68/100\n|\n|-weather|SunnyDay|[upkeep]\n|upkeep\n|\n|t:|1775647147\n|switch|p2b: Farigiraf|Farigiraf, L50, M, tera:Fairy|22/100\n|switch|p1b: PinkPonyClub|Calyrex-Shadow, L50|100/100\n|-ability|p1b: PinkPonyClub|As One\n|-ability|p1b: PinkPonyClub|Unnerve\n|turn|5\n|inactive|sukaww has 30 seconds left.\n|inactive|sukaww has 20 seconds left.\n|inactive|sukaww has 15 seconds left.\n|inactive|sukaww has 10 seconds left.\n|\n|t:|1775647196\n|switch|p2b: Miraidon|Miraidon, L50|100/100\n|-fieldstart|move: Electric Terrain|[from] ability: Hadron Engine|[of] p2b: Miraidon\n|move|p1b: PinkPonyClub|Protect|p1b: PinkPonyClub\n|-singleturn|p1b: PinkPonyClub|Protect\n|move|p2a: Torkoal|Weather Ball|p1a: Green Goober\n|-resisted|p1a: Green Goober\n|-damage|p1a: Green Goober|0 fnt\n|faint|p1a: Green Goober\n|\n|-weather|none\n|-fieldend|move: Trick Room\n|upkeep\n|\n|t:|1775647205\n|switch|p1a: Arlie|Chien-Pao, L50|100/100\n|-ability|p1a: Arlie|Sword of Ruin\n|turn|6\n|inactive|sukaww has 30 seconds left.\n|inactive|Hazweioh has 30 seconds left.\n|inactive|Hazweioh has 20 seconds left.\n|inactive|Hazweioh has 15 seconds left.\n|\n|t:|1775647256\n|switch|p2a: Farigiraf|Farigiraf, L50, M, tera:Fairy|22/100\n|move|p2b: Miraidon|Volt Switch|p1a: Arlie\n|-damage|p1a: Arlie|39/100\n|\n|t:|1775647260\n|switch|p2b: Torkoal|Torkoal, L50, M|68/100|[from] Volt Switch\n|-weather|SunnyDay|[from] ability: Drought|[of] p2b: Torkoal\n|move|p1b: PinkPonyClub|Astral Barrage|p2a: Farigiraf|[spread] p2a,p2b\n|-crit|p2a: Farigiraf\n|-damage|p2a: Farigiraf|0 fnt\n|-damage|p2b: Torkoal|0 fnt\n|faint|p2a: Farigiraf\n|faint|p2b: Torkoal\n|-ability|p1b: PinkPonyClub|Grim Neigh|boost\n|-boost|p1b: PinkPonyClub|spa|2\n|move|p1a: Arlie|Ice Spinner|p2: Farigiraf|[notarget]\n|-fail|p1a: Arlie\n|\n|-weather|SunnyDay|[upkeep]\n|upkeep\n|\n|t:|1775647269\n|switch|p2a: Miraidon|Miraidon, L50|100/100\n|-activate|p2a: Miraidon|ability: Hadron Engine\n|turn|7\n|-message|sukaww forfeited.\n|\n|win|Hazweioh\n|raw|Hazweioh's rating: 1505 &rarr; <strong>1530</strong><br />(+25 for winning)\n|raw|sukaww's rating: 1590 &rarr; <strong>1565</strong><br />(-25 for losing)\n|l|\u2606sukaww\n|player|p2|\n|c|\u2606Hazweioh|Gg\n|l| CrazyyBoi\n|l|\u2606Hazweioh\n|player|p1|\n","uploadtime":1775647526,"views":17,"formatid":"gen9vgc2026regi","rating":1530,"private":0,"password":null}