{"id":"gen9vgc2026regi-2548758584","format":"[Gen 9] VGC 2026 Reg I","players":["potato718","fogdocker"],"log":"|j|\u2606potato718\n|j|\u2606fogdocker\n|t:|1772252512\n|gametype|doubles\n|player|p1|potato718|266|1248\n|player|p2|fogdocker|170|1379\n|gen|9\n|tier|[Gen 9] VGC 2026 Reg I\n|rated|\n|rule|Species Clause: Limit one of each Pok\u00e9mon\n|rule|Item Clause: Limit 1 of each item\n|clearpoke\n|poke|p1|Koraidon, L50|\n|poke|p1|Incineroar, L50, F|\n|poke|p1|Amoonguss, L50, M|\n|poke|p1|Flutter Mane, L50|\n|poke|p1|Dialga, L50|\n|poke|p1|Ursaluna, L50, F|\n|poke|p2|Calyrex-Ice, L50|\n|poke|p2|Koraidon, L50|\n|poke|p2|Flutter Mane, L50|\n|poke|p2|Incineroar, L50, F|\n|poke|p2|Rillaboom, L50, M|\n|poke|p2|Raging Bolt, L50|\n|teampreview|4\n|\n|t:|1772252537\n|teamsize|p1|4\n|teamsize|p2|4\n|start\n|switch|p1a: Dialga|Dialga, L50|100/100\n|switch|p1b: Ursaluna|Ursaluna, L50, F|100/100\n|switch|p2a: Koraidon|Koraidon, L50|100/100\n|switch|p2b: Flutter Mane|Flutter Mane, L50|100/100\n|-weather|SunnyDay|[from] ability: Orichalcum Pulse|[of] p2a: Koraidon\n|-activate|p2b: Flutter Mane|ability: Protosynthesis\n|-start|p2b: Flutter Mane|protosynthesisspe\n|-activate|p2a: Koraidon|Orichalcum Pulse|[source]\n|turn|1\n|\n|t:|1772252571\n|switch|p1b: Incineroar|Incineroar, L50, F|100/100\n|-ability|p1b: Incineroar|Intimidate|boost\n|-unboost|p2a: Koraidon|atk|1\n|-unboost|p2b: Flutter Mane|atk|1\n|move|p1a: Dialga|Protect|p1a: Dialga\n|-singleturn|p1a: Dialga|Protect\n|move|p2b: Flutter Mane|Moonblast|p1a: Dialga\n|-activate|p1a: Dialga|move: Protect\n|move|p2a: Koraidon|Close Combat|p1a: Dialga\n|-activate|p1a: Dialga|move: Protect\n|\n|-weather|SunnyDay|[upkeep]\n|upkeep\n|turn|2\n|\n|t:|1772252591\n|switch|p2a: Incineroar|Incineroar, L50, F|100/100\n|-ability|p2a: Incineroar|Intimidate|boost\n|-unboost|p1a: Dialga|atk|1\n|-unboost|p1b: Incineroar|atk|1\n|move|p1b: Incineroar|Fake Out|p2a: Incineroar\n|-damage|p2a: Incineroar|94/100\n|move|p2b: Flutter Mane|Moonblast|p1b: Incineroar\n|-damage|p1b: Incineroar|57/100\n|move|p1a: Dialga|Trick Room|p1a: Dialga\n|-fieldstart|move: Trick Room|[of] p1a: Dialga\n|\n|-weather|SunnyDay|[upkeep]\n|upkeep\n|turn|3\n|\n|t:|1772252612\n|move|p2b: Flutter Mane|Protect|p2b: Flutter Mane\n|-singleturn|p2b: Flutter Mane|Protect\n|move|p2a: Incineroar|Parting Shot|p1a: Dialga\n|-unboost|p1a: Dialga|atk|1\n|-unboost|p1a: Dialga|spa|1\n|\n|t:|1772252617\n|switch|p2a: Calyrex|Calyrex-Ice, L50|100/100|[from] Parting Shot\n|-ability|p2a: Calyrex|As One\n|-ability|p2a: Calyrex|Unnerve\n|move|p1b: Incineroar|Flare Blitz|p2b: Flutter Mane\n|-activate|p2b: Flutter Mane|move: Protect\n|move|p1a: Dialga|Flash Cannon|p2b: Flutter Mane\n|-activate|p2b: Flutter Mane|move: Protect\n|\n|-weather|SunnyDay|[upkeep]\n|upkeep\n|turn|4\n|\n|t:|1772252658\n|-end|p2b: Flutter Mane|Protosynthesis|[silent]\n|switch|p2b: Incineroar|Incineroar, L50, F|94/100\n|-ability|p2b: Incineroar|Intimidate|boost\n|-unboost|p1a: Dialga|atk|1\n|-unboost|p1b: Incineroar|atk|1\n|-terastallize|p2a: Calyrex|Water\n|-terastallize|p1b: Incineroar|Ghost\n|move|p2a: Calyrex|Leech Seed|p1a: Dialga\n|-start|p1a: Dialga|move: Leech Seed\n|move|p1b: Incineroar|Will-O-Wisp|p2a: Calyrex\n|-status|p2a: Calyrex|brn\n|move|p1a: Dialga|Flash Cannon|p2b: Incineroar\n|-resisted|p2b: Incineroar\n|-damage|p2b: Incineroar|79/100\n|-unboost|p2b: Incineroar|spd|1\n|\n|-weather|SunnyDay|[upkeep]\n|-damage|p1a: Dialga|88/100|[from] Leech Seed|[of] p2a: Calyrex\n|-damage|p2a: Calyrex|95/100 brn|[from] brn\n|upkeep\n|turn|5\n|\n|t:|1772252676\n|switch|p1a: Ursaluna|Ursaluna, L50, F|100/100\n|move|p2a: Calyrex|Glacial Lance|p1a: Ursaluna|[spread] p1a,p1b\n|-supereffective|p1a: Ursaluna\n|-damage|p1a: Ursaluna|66/100\n|-damage|p1b: Incineroar|35/100\n|move|p2b: Incineroar|Knock Off|p1b: Incineroar\n|-supereffective|p1b: Incineroar\n|-damage|p1b: Incineroar|0 fnt\n|-enditem|p1b: Incineroar|Safety Goggles|[from] move: Knock Off|[of] p2b: Incineroar\n|faint|p1b: Incineroar\n|\n|-weather|none\n|-heal|p2a: Calyrex|100/100 brn|[from] item: Leftovers\n|-damage|p2a: Calyrex|95/100 brn|[from] brn\n|-status|p1a: Ursaluna|brn|[from] item: Flame Orb\n|upkeep\n|\n|t:|1772252689\n|switch|p1b: Dialga|Dialga, L50|88/100\n|turn|6\n|\n|t:|1772252710\n|move|p1a: Ursaluna|Protect|p1a: Ursaluna\n|-singleturn|p1a: Ursaluna|Protect\n|move|p1b: Dialga|Protect|p1b: Dialga\n|-singleturn|p1b: Dialga|Protect\n|move|p2a: Calyrex|Glacial Lance|p1a: Ursaluna|[spread] \n|-activate|p1a: Ursaluna|move: Protect\n|-activate|p1b: Dialga|move: Protect\n|move|p2b: Incineroar|Parting Shot|p1b: Dialga\n|-activate|p1b: Dialga|move: Protect\n|\n|-heal|p2a: Calyrex|100/100 brn|[from] item: Leftovers\n|-damage|p2a: Calyrex|95/100 brn|[from] brn\n|-damage|p1a: Ursaluna|60/100 brn|[from] brn\n|-fieldend|move: Trick Room\n|upkeep\n|turn|7\n|\n|t:|1772252725\n|move|p1b: Dialga|Draco Meteor|p2a: Calyrex\n|-damage|p2a: Calyrex|43/100 brn\n|-unboost|p1b: Dialga|spa|2\n|move|p2b: Incineroar|Parting Shot|p1a: Ursaluna\n|-unboost|p1a: Ursaluna|atk|1\n|-unboost|p1a: Ursaluna|spa|1\n|\n|t:|1772252732\n|switch|p2b: Flutter Mane|Flutter Mane, L50|100/100|[from] Parting Shot\n|move|p2a: Calyrex|Glacial Lance|p1a: Ursaluna|[spread] p1a,p1b\n|-supereffective|p1a: Ursaluna\n|-damage|p1a: Ursaluna|26/100 brn\n|-damage|p1b: Dialga|71/100\n|move|p1a: Ursaluna|Earthquake|p2b: Flutter Mane|[spread] p2a,p2b\n|-activate|p1b: Dialga|ability: Telepathy\n|-damage|p2a: Calyrex|16/100 brn\n|-damage|p2b: Flutter Mane|6/100\n|\n|-heal|p2a: Calyrex|22/100 brn|[from] item: Leftovers\n|-damage|p1a: Ursaluna|20/100 brn|[from] brn\n|-damage|p2a: Calyrex|16/100 brn|[from] brn\n|upkeep\n|turn|8\n|\n|t:|1772252761\n|-end|p2b: Flutter Mane|Protosynthesis|[silent]\n|switch|p2b: Incineroar|Incineroar, L50, F|79/100\n|-ability|p2b: Incineroar|Intimidate|boost\n|-unboost|p1a: Ursaluna|atk|1\n|-unboost|p1b: Dialga|atk|1\n|move|p1a: Ursaluna|Protect|p1a: Ursaluna\n|-singleturn|p1a: Ursaluna|Protect\n|move|p1b: Dialga|Draco Meteor|p2a: Calyrex\n|-damage|p2a: Calyrex|0 fnt\n|-unboost|p1b: Dialga|spa|2\n|faint|p2a: Calyrex\n|\n|-damage|p1a: Ursaluna|14/100 brn|[from] brn\n|upkeep\n|\n|t:|1772252771\n|switch|p2a: Koraidon|Koraidon, L50|100/100\n|-weather|SunnyDay|[from] ability: Orichalcum Pulse|[of] p2a: Koraidon\n|-activate|p2a: Koraidon|Orichalcum Pulse|[source]\n|turn|9\n|\n|t:|1772252776\n|switch|p1a: Amoonguss|Amoonguss, L50, M|100/100\n|move|p1b: Dialga|Protect|p1b: Dialga\n|-singleturn|p1b: Dialga|Protect\n|move|p2b: Incineroar|Fake Out|p1b: Dialga\n|-activate|p1b: Dialga|move: Protect\n|move|p2a: Koraidon|Flame Charge|p1a: Amoonguss\n|-supereffective|p1a: Amoonguss\n|-damage|p1a: Amoonguss|15/100\n|-boost|p2a: Koraidon|spe|1\n|-damage|p2a: Koraidon|91/100|[from] item: Life Orb\n|\n|-weather|SunnyDay|[upkeep]\n|upkeep\n|turn|10\n|\n|t:|1772252807\n|move|p1a: Amoonguss|Rage Powder|p1a: Amoonguss\n|-singleturn|p1a: Amoonguss|move: Rage Powder\n|move|p2a: Koraidon|Close Combat|p1a: Amoonguss\n|-resisted|p1a: Amoonguss\n|-damage|p1a: Amoonguss|0 fnt\n|-unboost|p2a: Koraidon|def|1\n|-unboost|p2a: Koraidon|spd|1\n|faint|p1a: Amoonguss\n|-damage|p2a: Koraidon|81/100|[from] item: Life Orb\n|move|p1b: Dialga|Draco Meteor|p2a: Koraidon\n|-supereffective|p2a: Koraidon\n|-damage|p2a: Koraidon|1/100\n|-unboost|p1b: Dialga|spa|2\n|move|p2b: Incineroar|Flare Blitz|p1b: Dialga\n|-damage|p1b: Dialga|20/100\n|-damage|p2b: Incineroar|61/100|[from] Recoil\n|\n|-weather|SunnyDay|[upkeep]\n|upkeep\n|\n|t:|1772252822\n|switch|p1a: Ursaluna|Ursaluna, L50, F|14/100 brn\n|turn|11\n|\n|t:|1772252840\n|move|p1a: Ursaluna|Protect|p1a: Ursaluna\n|-singleturn|p1a: Ursaluna|Protect\n|move|p2a: Koraidon|Close Combat|p1b: Dialga\n|-supereffective|p1b: Dialga\n|-damage|p1b: Dialga|0 fnt\n|-unboost|p2a: Koraidon|def|1\n|-unboost|p2a: Koraidon|spd|1\n|faint|p1b: Dialga\n|-damage|p2a: Koraidon|0 fnt|[from] item: Life Orb\n|faint|p2a: Koraidon\n|move|p2b: Incineroar|Flare Blitz|p1a: Ursaluna\n|-activate|p1a: Ursaluna|move: Protect\n|\n|-weather|SunnyDay|[upkeep]\n|-damage|p1a: Ursaluna|8/100 brn|[from] brn\n|upkeep\n|\n|t:|1772252846\n|switch|p2a: Flutter Mane|Flutter Mane, L50|6/100\n|-activate|p2a: Flutter Mane|ability: Protosynthesis\n|-start|p2a: Flutter Mane|protosynthesisspe\n|turn|12\n|\n|t:|1772252852\n|move|p2a: Flutter Mane|Moonblast|p1a: Ursaluna\n|-crit|p1a: Ursaluna\n|-damage|p1a: Ursaluna|0 fnt\n|faint|p1a: Ursaluna\n|\n|win|fogdocker\n|raw|potato718's rating: 1248 &rarr; <strong>1232</strong><br />(-16 for losing)\n|raw|fogdocker's rating: 1379 &rarr; <strong>1392</strong><br />(+13 for winning)\n|l|\u2606potato718\n|player|p1|\n","uploadtime":1772253048,"views":12,"formatid":"gen9vgc2026regi","rating":1232,"private":0,"password":null}