{"id":"gen9vgc2026regi-2528193137","format":"[Gen 9] VGC 2026 Reg I","players":["CHR1SPHX","3hh4v4v4v4v5"],"log":"|j|\u2606CHR1SPHX\n|j|\u26063hh4v4v4v4v5\n|t:|1769628758\n|gametype|doubles\n|player|p1|CHR1SPHX|hilbert-wonderlauncher|1339\n|player|p2|3hh4v4v4v4v5|169|1213\n|gen|9\n|tier|[Gen 9] VGC 2026 Reg I\n|rated|\n|rule|Species Clause: Limit one of each Pok\u00e9mon\n|rule|Item Clause: Limit 1 of each item\n|clearpoke\n|poke|p1|Incineroar, L50, M|\n|poke|p1|Koraidon, L50|\n|poke|p1|Flutter Mane, L50|\n|poke|p1|Brute Bonnet, L50|\n|poke|p1|Indeedee-F, L50, F|\n|poke|p1|Groudon, L50|\n|poke|p2|Miraidon, L50|\n|poke|p2|Incineroar, L50, F|\n|poke|p2|Koraidon, L50|\n|poke|p2|Overqwil, L50, F|\n|poke|p2|Ting-Lu, L50|\n|poke|p2|Regigigas, L50|\n|teampreview|4\n|inactive|Battle timer is ON: inactive players will automatically lose when time's up. (requested by CHR1SPHX)\n|inactive|CHR1SPHX has 60 seconds left.\n|\n|t:|1769628805\n|teamsize|p1|4\n|teamsize|p2|4\n|start\n|switch|p1a: Brute Bonnet|Brute Bonnet, L50, shiny|100/100\n|switch|p1b: Groudon|Groudon, L50|100/100\n|switch|p2a: Regigigas|Regigigas, L50|100/100\n|switch|p2b: Incineroar|Incineroar, L50, F|100/100\n|-start|p2a: Regigigas|ability: Slow Start\n|-weather|SunnyDay|[from] ability: Drought|[of] p1b: Groudon\n|-activate|p1a: Brute Bonnet|ability: Protosynthesis\n|-start|p1a: Brute Bonnet|protosynthesisdef\n|-ability|p2b: Incineroar|Intimidate|boost\n|-unboost|p1a: Brute Bonnet|atk|1\n|-fail|p1b: Groudon|unboost|[from] item: Clear Amulet|[of] p1b: Groudon\n|turn|1\n|\n|t:|1769628813\n|switch|p1b: Indeedee|Indeedee-F, L50, F|100/100\n|-fieldstart|move: Psychic Terrain|[from] ability: Psychic Surge|[of] p1b: Indeedee\n|move|p2b: Incineroar|Fake Out|p1b: Indeedee\n|-activate|p1b: Indeedee|move: Psychic Terrain\n|move|p1a: Brute Bonnet|Spore|p2a: Regigigas\n|-status|p2a: Regigigas|slp|[from] move: Spore\n|cant|p2a: Regigigas|slp\n|\n|-weather|SunnyDay|[upkeep]\n|upkeep\n|turn|2\n|\n|t:|1769628829\n|switch|p1b: Groudon|Groudon, L50|100/100\n|move|p2b: Incineroar|Flare Blitz|p1a: Brute Bonnet\n|-supereffective|p1a: Brute Bonnet\n|-damage|p1a: Brute Bonnet|2/100\n|-enditem|p1a: Brute Bonnet|Sitrus Berry|[eat]\n|-heal|p1a: Brute Bonnet|27/100|[from] item: Sitrus Berry\n|-damage|p2b: Incineroar|66/100|[from] Recoil\n|move|p1a: Brute Bonnet|Spore|p2b: Incineroar\n|-status|p2b: Incineroar|slp|[from] move: Spore\n|cant|p2a: Regigigas|slp\n|\n|-weather|SunnyDay|[upkeep]\n|upkeep\n|turn|3\n|\n|t:|1769628851\n|move|p1b: Groudon|Precipice Blades|p2a: Regigigas|[spread] p2a\n|-miss|p1b: Groudon|p2b: Incineroar\n|-damage|p2a: Regigigas|70/100 slp\n|cant|p2b: Incineroar|slp\n|move|p1a: Brute Bonnet|Lash Out|p2a: Regigigas\n|-damage|p2a: Regigigas|58/100 slp\n|-curestatus|p2a: Regigigas|slp|[msg]\n|move|p2a: Regigigas|Thunder Wave|p1a: Brute Bonnet\n|-status|p1a: Brute Bonnet|par\n|\n|-weather|SunnyDay|[upkeep]\n|upkeep\n|turn|4\n|\n|t:|1769628872\n|move|p1b: Groudon|Precipice Blades|p2a: Regigigas|[spread] p2b\n|-miss|p1b: Groudon|p2a: Regigigas\n|-supereffective|p2b: Incineroar\n|-damage|p2b: Incineroar|0 fnt\n|faint|p2b: Incineroar\n|move|p2a: Regigigas|Body Press|p1a: Brute Bonnet\n|-supereffective|p1a: Brute Bonnet\n|-damage|p1a: Brute Bonnet|13/100 par\n|move|p1a: Brute Bonnet|Spore|p2a: Regigigas\n|-status|p2a: Regigigas|slp|[from] move: Spore\n|\n|-weather|SunnyDay|[upkeep]\n|upkeep\n|\n|t:|1769628883\n|switch|p2b: Koraidon|Koraidon, L50|100/100\n|-activate|p2b: Koraidon|ability: Orichalcum Pulse\n|turn|5\n|\n|t:|1769628894\n|move|p2b: Koraidon|Breaking Swipe|p1a: Brute Bonnet|[spread] p1a,p1b\n|-damage|p1a: Brute Bonnet|0 fnt\n|-damage|p1b: Groudon|78/100\n|faint|p1a: Brute Bonnet\n|-end|p1a: Brute Bonnet|Protosynthesis|[silent]\n|move|p1b: Groudon|Precipice Blades|p2b: Koraidon|[spread] p2a,p2b\n|-damage|p2a: Regigigas|29/100 slp\n|-damage|p2b: Koraidon|59/100\n|cant|p2a: Regigigas|slp\n|\n|-weather|none\n|-fieldend|move: Psychic Terrain\n|-end|p2a: Regigigas|Slow Start\n|upkeep\n|-message|3hh4v4v4v4v5 forfeited.\n|\n|win|CHR1SPHX\n|raw|CHR1SPHX's rating: 1339 &rarr; <strong>1352</strong><br />(+13 for winning)\n|raw|3hh4v4v4v4v5's rating: 1213 &rarr; <strong>1197</strong><br />(-16 for losing)\n|l|\u26063hh4v4v4v4v5\n|player|p2|\n|l|\u2606CHR1SPHX\n|player|p1|\n","uploadtime":1769629132,"views":15,"formatid":"gen9vgc2026regi","rating":1197,"private":0,"password":null}