{"id":"gen9vgc2026regi-2560322353","format":"[Gen 9] VGC 2026 Reg I","players":["kjhfgk","TheNamesBetty"],"log":"|j|\u2606kjhfgk\n|j|\u2606TheNamesBetty\n|t:|1773677158\n|gametype|doubles\n|player|p1|kjhfgk|169|1210\n|player|p2|TheNamesBetty|koga|1276\n|gen|9\n|tier|[Gen 9] VGC 2026 Reg I\n|rated|\n|rule|Species Clause: Limit one of each Pok\u00e9mon\n|rule|Item Clause: Limit 1 of each item\n|clearpoke\n|poke|p1|Grafaiai, L50, M|\n|poke|p1|Kyogre, L50|\n|poke|p1|Tornadus, L50, M|\n|poke|p1|Whimsicott, L50, F|\n|poke|p1|Malamar, L50, F|\n|poke|p1|Zamazenta-*, L50|\n|poke|p2|Eternatus, L50|\n|poke|p2|Ho-Oh, L50|\n|poke|p2|Gastrodon, L50, M|\n|poke|p2|Grimmsnarl, L50, M|\n|poke|p2|Ting-Lu, L50|\n|poke|p2|Rhydon, L50, M|\n|teampreview|4\nTheNamesBetty has agreed to open team sheets.\n|\n|t:|1773677172\n|teamsize|p1|4\n|teamsize|p2|4\n|start\n|switch|p1a: Whimsicott|Whimsicott, L50, F|100/100\n|switch|p1b: street rat|Grafaiai, L50, M|100/100\n|switch|p2a: Ptakopysk|Eternatus, L50|100/100\n|switch|p2b: Kret\u00e9n Pojeban\u00fd|Grimmsnarl, L50, M|100/100\n|-ability|p2a: Ptakopysk|Pressure\n|turn|1\n|\n|t:|1773677184\n|move|p1a: Whimsicott|Tailwind|p1a: Whimsicott\n|-sidestart|p1: kjhfgk|move: Tailwind\n|move|p2b: Kret\u00e9n Pojeban\u00fd|Light Screen|p2b: Kret\u00e9n Pojeban\u00fd\n|-sidestart|p2: TheNamesBetty|move: Light Screen\n|move|p1b: street rat|Gunk Shot|p2b: Kret\u00e9n Pojeban\u00fd\n|-supereffective|p2b: Kret\u00e9n Pojeban\u00fd\n|-damage|p2b: Kret\u00e9n Pojeban\u00fd|5/100\n|move|p2a: Ptakopysk|Sludge Wave|p1b: street rat|[spread] p2b,p1a,p1b\n|-supereffective|p2b: Kret\u00e9n Pojeban\u00fd\n|-supereffective|p1a: Whimsicott\n|-resisted|p1b: street rat\n|-damage|p2b: Kret\u00e9n Pojeban\u00fd|0 fnt\n|-damage|p1a: Whimsicott|0 fnt\n|-damage|p1b: street rat|72/100\n|faint|p2b: Kret\u00e9n Pojeban\u00fd\n|faint|p1a: Whimsicott\n|\n|upkeep\n|\n|t:|1773677196\n|switch|p1a: willy|Kyogre, L50|100/100\n|switch|p2b: H\u00fa h\u00fa|Ho-Oh, L50|100/100\n|-weather|RainDance|[from] ability: Drizzle|[of] p1a: willy\n|turn|2\n|\n|t:|1773677211\n|move|p2b: H\u00fa h\u00fa|Protect|p2b: H\u00fa h\u00fa\n|-singleturn|p2b: H\u00fa h\u00fa|Protect\n|move|p1b: street rat|Knock Off|p2b: H\u00fa h\u00fa\n|-activate|p2b: H\u00fa h\u00fa|move: Protect\n|move|p1a: willy|Ice Beam|p2a: Ptakopysk\n|-supereffective|p2a: Ptakopysk\n|-damage|p2a: Ptakopysk|75/100\n|move|p2a: Ptakopysk|Cosmic Power|p2a: Ptakopysk\n|-boost|p2a: Ptakopysk|def|1\n|-boost|p2a: Ptakopysk|spd|1\n|\n|-weather|RainDance|[upkeep]\n|upkeep\n|turn|3\n|\n|t:|1773677228\n|switch|p2b: Risk je Slizk|Gastrodon, L50, M|100/100\n|move|p1b: street rat|Knock Off|p2a: Ptakopysk\n|-damage|p2a: Ptakopysk|61/100\n|-enditem|p2a: Ptakopysk|Safety Goggles|[from] move: Knock Off|[of] p1b: street rat\n|move|p1a: willy|Water Spout|p2b: Risk je Slizk|[spread] p2a\n|-ability|p2b: Risk je Slizk|Storm Drain|boost\n|-boost|p2b: Risk je Slizk|spa|1\n|-resisted|p2a: Ptakopysk\n|-damage|p2a: Ptakopysk|46/100\n|move|p2a: Ptakopysk|Cosmic Power|p2a: Ptakopysk\n|-boost|p2a: Ptakopysk|def|1\n|-boost|p2a: Ptakopysk|spd|1\n|\n|-weather|RainDance|[upkeep]\n|upkeep\n|turn|4\n|\n|t:|1773677249\n|move|p1b: street rat|Doodle|p2b: Risk je Slizk\n|-ability|p1a: willy|Storm Drain|Drizzle|[from] move: Doodle\n|-ability|p1b: street rat|Storm Drain|Poison Touch|[from] move: Doodle\n|move|p1a: willy|Ice Beam|p2b: Risk je Slizk\n|-damage|p2b: Risk je Slizk|85/100\n|move|p2a: Ptakopysk|Recover|p2a: Ptakopysk\n|-heal|p2a: Ptakopysk|96/100\n|move|p2b: Risk je Slizk|Earth Power|p1b: street rat\n|-supereffective|p1b: street rat\n|-damage|p1b: street rat|0 fnt\n|faint|p1b: street rat\n|\n|-weather|RainDance|[upkeep]\n|-heal|p2b: Risk je Slizk|91/100|[from] item: Leftovers\n|-sideend|p1: kjhfgk|move: Tailwind\n|upkeep\n|\n|t:|1773677265\n|switch|p1b: doggy|Zamazenta-Crowned, L50|100/100\n|-ability|p1b: doggy|Dauntless Shield|boost\n|-boost|p1b: doggy|def|1\n|turn|5\n|\n|t:|1773677283\n|move|p1a: willy|Ice Beam|p2b: Risk je Slizk\n|-damage|p2b: Risk je Slizk|74/100\n|move|p2a: Ptakopysk|Fire Spin|p1b: doggy\n|-supereffective|p1b: doggy\n|-damage|p1b: doggy|92/100\n|-activate|p1b: doggy|move: Fire Spin|[of] p2a: Ptakopysk\n|move|p1b: doggy|Iron Defense|p1b: doggy\n|-boost|p1b: doggy|def|2\n|move|p2b: Risk je Slizk|Earth Power|p1b: doggy\n|-supereffective|p1b: doggy\n|-damage|p1b: doggy|30/100\n|-unboost|p1b: doggy|spd|1\n|\n|-weather|RainDance|[upkeep]\n|-heal|p2b: Risk je Slizk|80/100|[from] item: Leftovers\n|-damage|p1b: doggy|18/100|[from] move: Fire Spin|[partiallytrapped]\n|upkeep\n|turn|6\n|\n|t:|1773677302\n|move|p1a: willy|Ice Beam|p2b: Risk je Slizk\n|-damage|p2b: Risk je Slizk|65/100\n|move|p2a: Ptakopysk|Sludge Wave|p1a: willy|[spread] p2b,p1a\n|-immune|p1b: doggy\n|-resisted|p2b: Risk je Slizk\n|-crit|p2b: Risk je Slizk\n|-damage|p2b: Risk je Slizk|49/100\n|-damage|p1a: willy|72/100\n|-status|p2b: Risk je Slizk|psn\n|move|p1b: doggy|Body Press|p2b: Risk je Slizk\n|-damage|p2b: Risk je Slizk|0 fnt\n|faint|p2b: Risk je Slizk\n|\n|-weather|none\n|-damage|p1b: doggy|6/100|[from] move: Fire Spin|[partiallytrapped]\n|upkeep\n|\n|t:|1773677309\n|switch|p2b: H\u00fa h\u00fa|Ho-Oh, L50|100/100\n|turn|7\n|\n|t:|1773677322\n|move|p2b: H\u00fa h\u00fa|Protect|p2b: H\u00fa h\u00fa\n|-singleturn|p2b: H\u00fa h\u00fa|Protect\n|move|p1a: willy|Origin Pulse|p2a: Ptakopysk|[spread] \n|-activate|p2b: H\u00fa h\u00fa|move: Protect\n|-miss|p1a: willy|p2a: Ptakopysk\n|move|p2a: Ptakopysk|Fire Spin|p1a: willy\n|-resisted|p1a: willy\n|-damage|p1a: willy|68/100\n|-activate|p1a: willy|move: Fire Spin|[of] p2a: Ptakopysk\n|move|p1b: doggy|Body Press|p2a: Ptakopysk\n|-resisted|p2a: Ptakopysk\n|-damage|p2a: Ptakopysk|73/100\n|\n|-damage|p1a: willy|56/100|[from] move: Fire Spin|[partiallytrapped]\n|-damage|p1b: doggy|0 fnt|[from] move: Fire Spin|[partiallytrapped]\n|faint|p1b: doggy\n|upkeep\n|turn|8\n|c|\u2606kjhfgk|god I hate stall\n|-message|kjhfgk forfeited.\n|\n|win|TheNamesBetty\n|raw|kjhfgk's rating: 1210 &rarr; <strong>1190</strong><br />(-20 for losing)\n|raw|TheNamesBetty's rating: 1276 &rarr; <strong>1296</strong><br />(+20 for winning)\n|l|\u2606kjhfgk\n|player|p1|\n|l|\u2606TheNamesBetty\n|player|p2|\n","uploadtime":1773677508,"views":12,"formatid":"gen9vgc2026regi","rating":1190,"private":0,"password":null}