{"id":"gen9vgc2026regi-2542521826","format":"[Gen 9] VGC 2026 Reg I","players":["dawillys","lalo's pollos"],"log":"|j|\u2606dawillys\n|j|\u2606lalo's pollos\n|t:|1771457675\n|gametype|doubles\n|player|p1|dawillys|169|1392\n|player|p2|lalo's pollos|265|1423\n|gen|9\n|tier|[Gen 9] VGC 2026 Reg I\n|rated|\n|rule|Species Clause: Limit one of each Pok\u00e9mon\n|rule|Item Clause: Limit 1 of each item\n|clearpoke\n|poke|p1|Calyrex-Ice, L50|\n|poke|p1|Miraidon, L50|\n|poke|p1|Thundurus, L50, M|\n|poke|p1|Urshifu-*, L50, F|\n|poke|p1|Archaludon, L50, F|\n|poke|p1|Klefki, L50, M|\n|poke|p2|Miraidon, L50|\n|poke|p2|Landorus, L50, M|\n|poke|p2|Incineroar, L50, F|\n|poke|p2|Iron Bundle, L50|\n|poke|p2|Farigiraf, L50, M|\n|poke|p2|Calyrex-Ice, L50|\n|teampreview|4\n|\n|t:|1771457696\n|teamsize|p1|4\n|teamsize|p2|4\n|start\n|switch|p1a: Thundurus|Thundurus, L50, M|100/100\n|switch|p1b: Urshifu|Urshifu-Rapid-Strike, L50, F|100/100\n|switch|p2a: Co-Star|Miraidon, L50|100/100\n|switch|p2b: the Star|Iron Bundle, L50|100/100\n|-fieldstart|move: Electric Terrain|[from] ability: Hadron Engine|[of] p2a: Co-Star\n|-activate|p2b: the Star|ability: Quark Drive\n|-start|p2b: the Star|quarkdrivespe\n|turn|1\n|\n|t:|1771457747\n|switch|p1b: Miraidon|Miraidon, L50|100/100\n|-activate|p1b: Miraidon|ability: Hadron Engine\n|move|p2b: the Star|Protect|p2b: the Star\n|-singleturn|p2b: the Star|Protect\n|move|p1a: Thundurus|Eerie Impulse|p2a: Co-Star\n|-unboost|p2a: Co-Star|spa|2\n|move|p2a: Co-Star|Electro Drift|p1a: Thundurus\n|-crit|p1a: Thundurus\n|-damage|p1a: Thundurus|0 fnt\n|faint|p1a: Thundurus\n|\n|upkeep\n|\n|t:|1771457769\n|switch|p1a: Urshifu|Urshifu-Rapid-Strike, L50, F|100/100\n|turn|2\n|\n|t:|1771457778\n|move|p2b: the Star|Icy Wind|p1a: Urshifu|[spread] p1a,p1b\n|-resisted|p1a: Urshifu\n|-supereffective|p1b: Miraidon\n|-damage|p1a: Urshifu|85/100\n|-damage|p1b: Miraidon|79/100\n|-unboost|p1a: Urshifu|spe|1\n|-unboost|p1b: Miraidon|spe|1\n|move|p2a: Co-Star|Electro Drift|p1a: Urshifu\n|-supereffective|p1a: Urshifu\n|-damage|p1a: Urshifu|0 fnt\n|faint|p1a: Urshifu\n|move|p1b: Miraidon|Volt Switch|p2b: the Star\n|-supereffective|p2b: the Star\n|-enditem|p2b: the Star|Focus Sash\n|-damage|p2b: the Star|1/100\n|inactive|Battle timer is ON: inactive players will automatically lose when time's up. (requested by lalo's pollos)\n|inactive|dawillys has 60 seconds left.\n|\n|t:|1771457855\n|switch|p1b: Calyrex|Calyrex-Ice, L50|100/100|[from] Volt Switch\n|-ability|p1b: Calyrex|As One\n|-ability|p1b: Calyrex|Unnerve\n|\n|upkeep\n|\n|t:|1771457862\n|switch|p1a: Miraidon|Miraidon, L50|79/100\n|-activate|p1a: Miraidon|ability: Hadron Engine\n|turn|3\n|\n|t:|1771457880\n|-terastallize|p1b: Calyrex|Dragon\n|move|p2b: the Star|Hydro Pump|p1b: Calyrex\n|-resisted|p1b: Calyrex\n|-damage|p1b: Calyrex|83/100\n|move|p1a: Miraidon|Dragon Pulse|p2a: Co-Star\n|-supereffective|p2a: Co-Star\n|-damage|p2a: Co-Star|0 fnt\n|faint|p2a: Co-Star\n|move|p1b: Calyrex|Glacial Lance|p2b: the Star\n|-resisted|p2b: the Star\n|-damage|p2b: the Star|0 fnt\n|faint|p2b: the Star\n|-end|p2b: the Star|Quark Drive|[silent]\n|-ability|p1b: Calyrex|Chilling Neigh|boost\n|-boost|p1b: Calyrex|atk|1\n|\n|-heal|p1b: Calyrex|90/100|[from] item: Leftovers\n|upkeep\n|\n|t:|1771457887\n|switch|p2b: Calyrex|Calyrex-Ice, L50|100/100\n|switch|p2a: Landorus|Landorus, L50, M|100/100\n|-ability|p2b: Calyrex|As One\n|-ability|p2b: Calyrex|Unnerve\n|turn|4\n|inactive|dawillys has 30 seconds left.\n|\n|t:|1771457916\n|-terastallize|p2a: Landorus|Water\n|move|p1a: Miraidon|Dragon Pulse|p2a: Landorus\n|-crit|p2a: Landorus\n|-damage|p2a: Landorus|0 fnt\n|faint|p2a: Landorus\n|move|p1b: Calyrex|Imprison|p1b: Calyrex\n|-start|p1b: Calyrex|move: Imprison\n|cant|p2b: Calyrex|move: Imprison|Glacial Lance\n|\n|-heal|p1b: Calyrex|96/100|[from] item: Leftovers\n|upkeep\n|turn|5\n|-message|lalo's pollos forfeited.\n|\n|win|dawillys\n|raw|dawillys's rating: 1392 &rarr; <strong>1414</strong><br />(+22 for winning)\n|raw|lalo&apos;s pollos's rating: 1423 &rarr; <strong>1401</strong><br />(-22 for losing)\n|l|\u2606lalo's pollos\n|player|p2|\n","uploadtime":1771458168,"views":14,"formatid":"gen9vgc2026regi","rating":1401,"private":0,"password":null}