{"id":"gen9vgc2026regi-2590976798","format":"[Gen 9] VGC 2026 Reg I","players":["sakurashinmachi","blackred123"],"log":"|j|\u2606sakurashinmachi\n|j|\u2606blackred123\n|t:|1776865950\n|gametype|doubles\n|player|p1|sakurashinmachi|lucas|1561\n|player|p2|blackred123|iono-masters|1653\n|gen|9\n|tier|[Gen 9] VGC 2026 Reg I\n|rated|\n|rule|Species Clause: Limit one of each Pok\u00e9mon\n|rule|Item Clause: Limit 1 of each item\n|clearpoke\n|poke|p1|Miraidon, L50|\n|poke|p1|Lunala, L50|\n|poke|p1|Whimsicott, L50, F|\n|poke|p1|Urshifu-*, L50, F|\n|poke|p1|Incineroar, L50, M|\n|poke|p1|Ursaluna, L50, M|\n|poke|p2|Calyrex-Shadow, L50|\n|poke|p2|Zamazenta-*, L50|\n|poke|p2|Tornadus, L50, M|\n|poke|p2|Rillaboom, L50, M|\n|poke|p2|Ogerpon-Hearthflame, L50, F|\n|poke|p2|Raging Bolt, L50|\n|teampreview|4\n|inactive|Battle timer is ON: inactive players will automatically lose when time's up. (requested by blackred123)\n|inactive|sakurashinmachi has 60 seconds left.\n|\n|t:|1776865998\n|teamsize|p1|4\n|teamsize|p2|4\n|start\n|switch|p1a: Lunala|Lunala, L50|100/100\n|switch|p1b: Ursaluna|Ursaluna, L50, M|100/100\n|switch|p2a: Zamazenta|Zamazenta-Crowned, L50|100/100\n|switch|p2b: Tornadus|Tornadus, L50, M|100/100\n|-ability|p2a: Zamazenta|Dauntless Shield|boost\n|-boost|p2a: Zamazenta|def|1\n|turn|1\n|j| paoxiaohufensi\n|l| paoxiaohufensi\n|inactive|sakurashinmachi has 30 seconds left.\n|inactive|sakurashinmachi has 20 seconds left.\n|\n|t:|1776866036\n|move|p1b: Ursaluna|Protect|p1b: Ursaluna\n|-singleturn|p1b: Ursaluna|Protect\n|move|p2b: Tornadus|Taunt|p1a: Lunala\n|-start|p1a: Lunala|move: Taunt\n|move|p2a: Zamazenta|Heavy Slam|p1a: Lunala\n|-damage|p1a: Lunala|82/100\n|move|p1a: Lunala|Moongeist Beam|p2a: Zamazenta\n|-damage|p2a: Zamazenta|57/100\n|\n|-status|p1b: Ursaluna|brn|[from] item: Flame Orb\n|upkeep\n|turn|2\n|inactive|sakurashinmachi has 30 seconds left.\n|inactive|sakurashinmachi has 20 seconds left.\n|inactive|sakurashinmachi has 15 seconds left.\n|inactive|sakurashinmachi has 10 seconds left.\n|\n|t:|1776866084\n|-terastallize|p1b: Ursaluna|Ghost\n|move|p2a: Zamazenta|Protect|p2a: Zamazenta\n|-singleturn|p2a: Zamazenta|Protect\n|move|p2b: Tornadus|Bleakwind Storm|p1a: Lunala|[spread] p1a,p1b\n|-damage|p1a: Lunala|52/100\n|-damage|p1b: Ursaluna|62/100 brn\n|-unboost|p1a: Lunala|spe|1\n|move|p1a: Lunala|Moongeist Beam|p2b: Tornadus\n|-damage|p2b: Tornadus|37/100\n|move|p1b: Ursaluna|Headlong Rush|p2a: Zamazenta\n|-activate|p2a: Zamazenta|move: Protect\n|\n|-damage|p1b: Ursaluna|56/100 brn|[from] brn\n|upkeep\n|turn|3\n|inactive|sakurashinmachi has 30 seconds left.\n|inactive|sakurashinmachi has 20 seconds left.\n|inactive|sakurashinmachi has 15 seconds left.\n|\n|t:|1776866128\n|move|p2a: Zamazenta|Heavy Slam|p1a: Lunala\n|-damage|p1a: Lunala|15/100\n|move|p2b: Tornadus|Bleakwind Storm|p1a: Lunala|[spread] p1b\n|-miss|p2b: Tornadus|p1a: Lunala\n|-damage|p1b: Ursaluna|16/100 brn\n|-unboost|p1b: Ursaluna|spe|1\n|move|p1a: Lunala|Moongeist Beam|p2a: Zamazenta\n|-damage|p2a: Zamazenta|14/100\n|move|p1b: Ursaluna|Headlong Rush|p2a: Zamazenta\n|-supereffective|p2a: Zamazenta\n|-damage|p2a: Zamazenta|0 fnt\n|-unboost|p1b: Ursaluna|def|1\n|-unboost|p1b: Ursaluna|spd|1\n|faint|p2a: Zamazenta\n|\n|-damage|p1b: Ursaluna|10/100 brn|[from] brn\n|-end|p1a: Lunala|move: Taunt\n|upkeep\n|\n|t:|1776866141\n|switch|p2a: Calyrex|Calyrex-Shadow, L50|100/100\n|-ability|p2a: Calyrex|As One\n|-ability|p2a: Calyrex|Unnerve\n|turn|4\n|inactive|sakurashinmachi has 30 seconds left.\n|inactive|sakurashinmachi has 20 seconds left.\n|inactive|sakurashinmachi has 15 seconds left.\n|\n|t:|1776866185\n|switch|p1a: Incineroar|Incineroar, L50, M|100/100\n|-ability|p1a: Incineroar|Intimidate|boost\n|-unboost|p2a: Calyrex|atk|1\n|-unboost|p2b: Tornadus|atk|1\n|move|p2a: Calyrex|Psychic|p1b: Ursaluna\n|-damage|p1b: Ursaluna|0 fnt\n|faint|p1b: Ursaluna\n|-ability|p2a: Calyrex|Grim Neigh|boost\n|-boost|p2a: Calyrex|spa|1\n|move|p2b: Tornadus|Bleakwind Storm|p1a: Incineroar\n|-damage|p1a: Incineroar|65/100\n|\n|upkeep\n|\n|t:|1776866201\n|switch|p1b: Miraidon|Miraidon, L50|100/100\n|-fieldstart|move: Electric Terrain|[from] ability: Hadron Engine|[of] p1b: Miraidon\n|turn|5\n|\n|t:|1776866219\n|switch|p2b: Rillaboom|Rillaboom, L50, M|100/100\n|-fieldstart|move: Grassy Terrain|[from] ability: Grassy Surge|[of] p2b: Rillaboom\n|-terastallize|p2a: Calyrex|Ghost\n|move|p2a: Calyrex|Astral Barrage|p1b: Miraidon|[spread] p1a,p1b\n|-resisted|p1a: Incineroar\n|-damage|p1a: Incineroar|30/100\n|-damage|p1b: Miraidon|0 fnt\n|faint|p1b: Miraidon\n|-ability|p2a: Calyrex|Grim Neigh|boost\n|-boost|p2a: Calyrex|spa|1\n|move|p1a: Incineroar|Knock Off|p2a: Calyrex\n|-supereffective|p2a: Calyrex\n|-enditem|p2a: Calyrex|Focus Sash\n|-damage|p2a: Calyrex|1/100\n|\n|-heal|p2a: Calyrex|7/100|[from] Grassy Terrain\n|-heal|p1a: Incineroar|36/100|[from] Grassy Terrain\n|upkeep\n|-message|sakurashinmachi forfeited.\n|\n|win|blackred123\n|raw|sakurashinmachi's rating: 1561 &rarr; <strong>1546</strong><br />(-15 for losing)\n|raw|blackred123's rating: 1653 &rarr; <strong>1668</strong><br />(+15 for winning)\n|l|\u2606sakurashinmachi\n|player|p1|\n|l|\u2606blackred123\n|player|p2|\n","uploadtime":1776866487,"views":11,"formatid":"gen9vgc2026regi","rating":1546,"private":0,"password":null}