{"id":"gen9vgc2026regi-2562648280","format":"[Gen 9] VGC 2026 Reg I","players":["thomnahs","CHR1SPHX"],"log":"|j|\u2606thomnahs\n|j|\u2606CHR1SPHX\n|t:|1773937885\n|gametype|doubles\n|player|p1|thomnahs|266|1398\n|player|p2|CHR1SPHX|hilbert|1380\n|gen|9\n|tier|[Gen 9] VGC 2026 Reg I\n|rated|\n|rule|Species Clause: Limit one of each Pok\u00e9mon\n|rule|Item Clause: Limit 1 of each item\n|clearpoke\n|poke|p1|Incineroar, L50, M|\n|poke|p1|Landorus, L50, M|\n|poke|p1|Calyrex-Shadow, L50|\n|poke|p1|Koraidon, L50|\n|poke|p1|Brute Bonnet, L50|\n|poke|p1|Raging Bolt, L50|\n|poke|p2|Flutter Mane, L50|\n|poke|p2|Incineroar, L50, M|\n|poke|p2|Ursaluna-Bloodmoon, L50, M|\n|poke|p2|Amoonguss, L50, M|\n|poke|p2|Koraidon, L50|\n|poke|p2|Lunala, L50|\n|teampreview|4\n|inactive|Battle timer is ON: inactive players will automatically lose when time's up. (requested by CHR1SPHX)\n|inactive|thomnahs also wants the timer to be on.\nCHR1SPHX has agreed to open team sheets.\n|inactive|thomnahs has 60 seconds left.\n|inactive|CHR1SPHX has 60 seconds left.\n|\n|t:|1773937941\n|teamsize|p1|4\n|teamsize|p2|4\n|start\n|switch|p1a: Wacka|Brute Bonnet, L50|100/100\n|switch|p1b: Matthias|Koraidon, L50|100/100\n|switch|p2a: Lunala|Lunala, L50, shiny|100/100\n|switch|p2b: Incineroar|Incineroar, L50, M|100/100\n|-weather|SunnyDay|[from] ability: Orichalcum Pulse|[of] p1b: Matthias\n|-activate|p1a: Wacka|ability: Protosynthesis\n|-start|p1a: Wacka|protosynthesisdef\n|-activate|p1b: Matthias|Orichalcum Pulse|[source]\n|-ability|p2b: Incineroar|Intimidate|boost\n|-unboost|p1a: Wacka|atk|1\n|-fail|p1b: Matthias|unboost|[from] item: Clear Amulet|[of] p1b: Matthias\n|turn|1\n|\n|t:|1773937965\n|-terastallize|p2a: Lunala|Fairy\n|move|p1b: Matthias|Protect|p1b: Matthias\n|-singleturn|p1b: Matthias|Protect\n|move|p2b: Incineroar|Fake Out|p1a: Wacka\n|-damage|p1a: Wacka|95/100\n|move|p2a: Lunala|Moonblast|p1b: Matthias\n|-activate|p1b: Matthias|move: Protect\n|move|p1a: Wacka|Spore|p2a: Lunala\n|-status|p2a: Lunala|slp|[from] move: Spore\n|\n|-weather|SunnyDay|[upkeep]\n|upkeep\n|turn|2\n|inactive|thomnahs has 30 seconds left.\n|\n|t:|1773937993\n|switch|p2b: Flutter Mane|Flutter Mane, L50|100/100\n|-activate|p2b: Flutter Mane|ability: Protosynthesis\n|-start|p2b: Flutter Mane|protosynthesisspe\n|move|p1b: Matthias|Collision Course|p2b: Flutter Mane\n|-immune|p2b: Flutter Mane\n|cant|p2a: Lunala|slp\n|move|p1a: Wacka|Seed Bomb|p2a: Lunala\n|-damage|p2a: Lunala|92/100 slp\n|\n|-weather|SunnyDay|[upkeep]\n|upkeep\n|turn|3\n|\n|t:|1773938010\n|-terastallize|p1b: Matthias|Fire\n|move|p1a: Wacka|Sucker Punch|p2b: Flutter Mane\n|-damage|p2b: Flutter Mane|55/100\n|move|p2b: Flutter Mane|Dazzling Gleam|p1a: Wacka|[spread] p1a,p1b\n|-supereffective|p1a: Wacka\n|-resisted|p1b: Matthias\n|-damage|p1a: Wacka|42/100\n|-damage|p1b: Matthias|86/100\n|move|p1b: Matthias|Flare Blitz|p2a: Lunala\n|-damage|p2a: Lunala|0 fnt\n|faint|p2a: Lunala\n|-damage|p1b: Matthias|49/100|[from] Recoil\n|\n|-weather|SunnyDay|[upkeep]\n|upkeep\n|inactive|CHR1SPHX has 30 seconds left.\n|\n|t:|1773938040\n|switch|p2a: Koraidon|Koraidon, L50|100/100\n|-activate|p2a: Koraidon|ability: Orichalcum Pulse\n|turn|4\n|\n|t:|1773938064\n|-end|p2b: Flutter Mane|Protosynthesis|[silent]\n|switch|p2b: Incineroar|Incineroar, L50, M|100/100\n|-ability|p2b: Incineroar|Intimidate|boost\n|-unboost|p1a: Wacka|atk|1\n|-fail|p1b: Matthias|unboost|[from] item: Clear Amulet|[of] p1b: Matthias\n|move|p2a: Koraidon|Protect|p2a: Koraidon\n|-singleturn|p2a: Koraidon|Protect\n|move|p1b: Matthias|Protect|p1b: Matthias\n|-singleturn|p1b: Matthias|Protect\n|move|p1a: Wacka|Sucker Punch||[still]\n|-fail|p1a: Wacka\n|\n|-weather|SunnyDay|[upkeep]\n|upkeep\n|turn|5\n|\n|t:|1773938086\n|move|p2b: Incineroar|Fake Out|p1b: Matthias\n|-damage|p1b: Matthias|40/100\n|move|p2a: Koraidon|Flame Charge|p1a: Wacka\n|-supereffective|p1a: Wacka\n|-damage|p1a: Wacka|8/100\n|-boost|p2a: Koraidon|spe|1\n|cant|p1b: Matthias|flinch\n|move|p1a: Wacka|Spore|p2a: Koraidon\n|-status|p2a: Koraidon|slp|[from] move: Spore\n|\n|-weather|none\n|-end|p1a: Wacka|Protosynthesis\n|upkeep\n|turn|6\n|inactive|thomnahs has 30 seconds left.\n|inactive|thomnahs has 20 seconds left.\n|\n|t:|1773938124\n|switch|p2b: Flutter Mane|Flutter Mane, L50|55/100\n|cant|p2a: Koraidon|slp\n|move|p1b: Matthias|Collision Course|p2b: Flutter Mane\n|-immune|p2b: Flutter Mane\n|move|p1a: Wacka|Seed Bomb|p2a: Koraidon\n|-resisted|p2a: Koraidon\n|-damage|p2a: Koraidon|93/100 slp\n|\n|upkeep\n|turn|7\n|\n|t:|1773938146\n|move|p2b: Flutter Mane|Protect|p2b: Flutter Mane\n|-singleturn|p2b: Flutter Mane|Protect\n|-curestatus|p2a: Koraidon|slp|[msg]\n|move|p2a: Koraidon|Collision Course|p1b: Matthias\n|-damage|p1b: Matthias|1/100\n|move|p1b: Matthias|Flame Charge|p2b: Flutter Mane\n|-activate|p2b: Flutter Mane|move: Protect\n|move|p1a: Wacka|Spore|p2b: Flutter Mane\n|-activate|p2b: Flutter Mane|move: Protect\n|\n|upkeep\n|turn|8\n|inactive|CHR1SPHX has 30 seconds left.\n|inactive|CHR1SPHX has 20 seconds left.\n|inactive|CHR1SPHX has 15 seconds left.\n|inactive|CHR1SPHX has 10 seconds left.\n|\n|t:|1773938191\n|-end|p2b: Flutter Mane|Protosynthesis|[silent]\n|switch|p2b: Incineroar|Incineroar, L50, M|100/100\n|-ability|p2b: Incineroar|Intimidate|boost\n|-unboost|p1a: Wacka|atk|1\n|-fail|p1b: Matthias|unboost|[from] item: Clear Amulet|[of] p1b: Matthias\n|move|p2a: Koraidon|Protect|p2a: Koraidon\n|-singleturn|p2a: Koraidon|Protect\n|move|p1b: Matthias|Protect|p1b: Matthias\n|-singleturn|p1b: Matthias|Protect\n|move|p1a: Wacka|Sucker Punch||[still]\n|-fail|p1a: Wacka\n|\n|upkeep\n|turn|9\n|\n|t:|1773938212\n|switch|p1b: Mao & Agati|Calyrex-Shadow, L50|100/100\n|-ability|p1b: Mao & Agati|As One\n|-ability|p1b: Mao & Agati|Unnerve\n|move|p2b: Incineroar|Fake Out|p1b: Mao & Agati\n|-immune|p1b: Mao & Agati\n|move|p2a: Koraidon|Collision Course|p1a: Wacka\n|-supereffective|p1a: Wacka\n|-damage|p1a: Wacka|0 fnt\n|faint|p1a: Wacka\n|-end|p1a: Wacka|Protosynthesis|[silent]\n|\n|upkeep\n|\n|t:|1773938224\n|switch|p1a: Aaron|Raging Bolt, L50|100/100\n|turn|10\n|\n|t:|1773938234\n|move|p2a: Koraidon|Protect|p2a: Koraidon\n|-singleturn|p2a: Koraidon|Protect\n|move|p1b: Mao & Agati|Astral Barrage|p2b: Incineroar|[spread] p2b\n|-activate|p2a: Koraidon|move: Protect\n|-resisted|p2b: Incineroar\n|-damage|p2b: Incineroar|82/100\n|move|p1a: Aaron|Dragon Pulse|p2a: Koraidon\n|-activate|p2a: Koraidon|move: Protect\n|move|p2b: Incineroar|Knock Off|p1b: Mao & Agati\n|-supereffective|p1b: Mao & Agati\n|-enditem|p1b: Mao & Agati|Focus Sash\n|-damage|p1b: Mao & Agati|1/100\n|\n|upkeep\n|turn|11\n|\n|t:|1773938249\n|move|p1b: Mao & Agati|Protect|p1b: Mao & Agati\n|-singleturn|p1b: Mao & Agati|Protect\n|move|p2a: Koraidon|Flame Charge|p1b: Mao & Agati\n|-activate|p1b: Mao & Agati|move: Protect\n|move|p1a: Aaron|Dragon Pulse|p2a: Koraidon\n|-supereffective|p2a: Koraidon\n|-damage|p2a: Koraidon|3/100\n|move|p2b: Incineroar|Parting Shot|p1a: Aaron\n|-unboost|p1a: Aaron|atk|1\n|-unboost|p1a: Aaron|spa|1\n|\n|t:|1773938252\n|switch|p2b: Flutter Mane|Flutter Mane, L50|55/100|[from] Parting Shot\n|\n|upkeep\n|turn|12\n|\n|t:|1773938275\n|switch|p2a: Incineroar|Incineroar, L50, M|82/100\n|-ability|p2a: Incineroar|Intimidate|boost\n|-unboost|p1a: Aaron|atk|1\n|-unboost|p1b: Mao & Agati|atk|1\n|move|p2b: Flutter Mane|Protect|p2b: Flutter Mane\n|-singleturn|p2b: Flutter Mane|Protect\n|move|p1a: Aaron|Thunderclap||[still]\n|-fail|p1a: Aaron\n|move|p1b: Mao & Agati|Astral Barrage|p2b: Flutter Mane|[spread] p2a\n|-activate|p2b: Flutter Mane|move: Protect\n|-resisted|p2a: Incineroar\n|-damage|p2a: Incineroar|61/100\n|\n|upkeep\n|turn|13\n|inactive|thomnahs has 30 seconds left.\n|\n|t:|1773938302\n|switch|p2a: Koraidon|Koraidon, L50|3/100\n|-weather|SunnyDay|[from] ability: Orichalcum Pulse|[of] p2a: Koraidon\n|-activate|p2b: Flutter Mane|ability: Protosynthesis\n|-start|p2b: Flutter Mane|protosynthesisspe\n|-activate|p1a: Aaron|ability: Protosynthesis\n|-start|p1a: Aaron|protosynthesisspa\n|-activate|p2a: Koraidon|Orichalcum Pulse|[source]\n|move|p2b: Flutter Mane|Dazzling Gleam|p1b: Mao & Agati|[spread] p1a,p1b\n|-supereffective|p1a: Aaron\n|-damage|p1a: Aaron|59/100\n|-damage|p1b: Mao & Agati|0 fnt\n|faint|p1b: Mao & Agati\n|move|p1a: Aaron|Dragon Pulse|p2a: Koraidon\n|-supereffective|p2a: Koraidon\n|-damage|p2a: Koraidon|0 fnt\n|faint|p2a: Koraidon\n|\n|-weather|SunnyDay|[upkeep]\n|upkeep\n|\n|t:|1773938313\n|switch|p1b: Matthias|Koraidon, L50, tera:Fire|1/100\n|switch|p2a: Incineroar|Incineroar, L50, M|61/100\n|-activate|p1b: Matthias|ability: Orichalcum Pulse\n|-ability|p2a: Incineroar|Intimidate|boost\n|-unboost|p1a: Aaron|atk|1\n|-fail|p1b: Matthias|unboost|[from] item: Clear Amulet|[of] p1b: Matthias\n|turn|14\n|\n|t:|1773938322\n|move|p1b: Matthias|Protect|p1b: Matthias\n|-singleturn|p1b: Matthias|Protect\n|move|p2a: Incineroar|Fake Out|p1a: Aaron\n|-damage|p1a: Aaron|51/100\n|cant|p1a: Aaron|flinch\n|move|p2b: Flutter Mane|Dazzling Gleam|p1a: Aaron|[spread] p1a\n|-activate|p1b: Matthias|move: Protect\n|-supereffective|p1a: Aaron\n|-damage|p1a: Aaron|10/100\n|\n|-weather|SunnyDay|[upkeep]\n|upkeep\n|turn|15\n|\n|t:|1773938339\n|move|p1a: Aaron|Thunderclap|p2b: Flutter Mane\n|-damage|p2b: Flutter Mane|20/100\n|move|p2b: Flutter Mane|Dazzling Gleam|p1a: Aaron|[spread] p1a,p1b\n|-supereffective|p1a: Aaron\n|-resisted|p1b: Matthias\n|-damage|p1a: Aaron|0 fnt\n|-damage|p1b: Matthias|0 fnt\n|faint|p1a: Aaron\n|-end|p1a: Aaron|Protosynthesis|[silent]\n|faint|p1b: Matthias\n|\n|win|CHR1SPHX\n|raw|thomnahs's rating: 1398 &rarr; <strong>1377</strong><br />(-21 for losing)\n|raw|CHR1SPHX's rating: 1380 &rarr; <strong>1401</strong><br />(+21 for winning)\n|c|\u2606CHR1SPHX|gg\n|l|\u2606thomnahs\n|player|p1|\n","uploadtime":1773938354,"views":16,"formatid":"gen9vgc2026regi","rating":1377,"private":0,"password":null}