{"id":"gen9vgc2026regi-2532705969","format":"[Gen 9] VGC 2026 Reg I","players":["pzyxhic","SMK_1106"],"log":"|j|\u2606pzyxhic\n|j|\u2606SMK_1106\n|t:|1770216787\n|gametype|doubles\n|player|p1|pzyxhic|101|1498\n|player|p2|SMK_1106|169|1425\n|gen|9\n|tier|[Gen 9] VGC 2026 Reg I\n|rated|\n|rule|Species Clause: Limit one of each Pok\u00e9mon\n|rule|Item Clause: Limit 1 of each item\n|clearpoke\n|poke|p1|Calyrex-Shadow, L50|\n|poke|p1|Incineroar, L50, F|\n|poke|p1|Whimsicott, L50, F|\n|poke|p1|Urshifu-*, L50, F|\n|poke|p1|Grimmsnarl, L50, M|\n|poke|p1|Dialga-Origin, L50|\n|poke|p2|Flutter Mane, L50|\n|poke|p2|Ursaluna, L50, M|\n|poke|p2|Brute Bonnet, L50|\n|poke|p2|Lunala, L50|\n|poke|p2|Chi-Yu, L50|\n|poke|p2|Koraidon, L50|\n|teampreview|4\n|\n|t:|1770216818\n|teamsize|p1|4\n|teamsize|p2|4\n|start\n|switch|p1a: Calyrex|Calyrex-Shadow, L50|100/100\n|switch|p1b: Incineroar|Incineroar, L50, F|100/100\n|switch|p2a: Chi-Yu|Chi-Yu, L50|100/100\n|switch|p2b: Lunala|Lunala, L50|100/100\n|-ability|p1a: Calyrex|As One\n|-ability|p1a: Calyrex|Unnerve\n|-ability|p2a: Chi-Yu|Beads of Ruin\n|-ability|p1b: Incineroar|Intimidate|boost\n|-unboost|p2a: Chi-Yu|atk|1\n|-unboost|p2b: Lunala|atk|1\n|turn|1\n|\n|t:|1770216859\n|-terastallize|p2a: Chi-Yu|Ghost\n|move|p2b: Lunala|Wide Guard|p2b: Lunala\n|-singleturn|p2b: Lunala|Wide Guard\n|move|p1b: Incineroar|Fake Out|p2a: Chi-Yu\n|-immune|p2a: Chi-Yu\n|move|p1a: Calyrex|Astral Barrage|p2a: Chi-Yu|[spread] \n|-activate|p2a: Chi-Yu|move: Wide Guard\n|-activate|p2b: Lunala|move: Wide Guard\n|move|p2a: Chi-Yu|Dark Pulse|p1a: Calyrex\n|-supereffective|p1a: Calyrex\n|-damage|p1a: Calyrex|0 fnt\n|faint|p1a: Calyrex\n|\n|upkeep\n|\n|t:|1770216865\n|switch|p1a: Whimsicott|Whimsicott, L50, F|100/100\n|turn|2\n|\n|t:|1770216895\n|switch|p2a: Koraidon|Koraidon, L50|100/100\n|-weather|SunnyDay|[from] ability: Orichalcum Pulse|[of] p2a: Koraidon\n|-activate|p2a: Koraidon|Orichalcum Pulse|[source]\n|move|p1a: Whimsicott|Encore|p2b: Lunala\n|-start|p2b: Lunala|Encore\n|move|p2b: Lunala|Wide Guard|p2b: Lunala\n|-singleturn|p2b: Lunala|Wide Guard\n|move|p1b: Incineroar|Knock Off|p2a: Koraidon\n|-resisted|p2a: Koraidon\n|-damage|p2a: Koraidon|82/100\n|-enditem|p2a: Koraidon|Life Orb|[from] move: Knock Off|[of] p1b: Incineroar\n|\n|-weather|SunnyDay|[upkeep]\n|upkeep\n|turn|3\n|\n|t:|1770216932\n|-terastallize|p1b: Incineroar|Water\n|move|p2b: Lunala|Wide Guard|p2b: Lunala\n|-singleturn|p2b: Lunala|Wide Guard\n|move|p1a: Whimsicott|Tailwind|p1a: Whimsicott\n|-sidestart|p1: pzyxhic|move: Tailwind\n|move|p2a: Koraidon|Flame Charge|p1a: Whimsicott\n|-supereffective|p1a: Whimsicott\n|-damage|p1a: Whimsicott|21/100\n|-boost|p2a: Koraidon|spe|1\n|move|p1b: Incineroar|U-turn|p2b: Lunala\n|-damage|p2b: Lunala|92/100\n|\n|t:|1770216946\n|switch|p1b: Dialga|Dialga-Origin, L50|100/100|[from] U-turn\n|-ability|p1b: Dialga|Pressure\n|\n|-weather|SunnyDay|[upkeep]\n|upkeep\n|turn|4\n|\n|t:|1770216969\n|switch|p1a: Incineroar|Incineroar, L50, F, tera:Water|100/100\n|-ability|p1a: Incineroar|Intimidate|boost\n|-unboost|p2a: Koraidon|atk|1\n|-unboost|p2b: Lunala|atk|1\n|switch|p2b: Ursaluna|Ursaluna, L50, M|100/100\n|move|p2a: Koraidon|Flame Charge|p1a: Incineroar\n|-resisted|p1a: Incineroar\n|-damage|p1a: Incineroar|91/100\n|-boost|p2a: Koraidon|spe|1\n|move|p1b: Dialga|Flash Cannon|p2b: Ursaluna\n|-damage|p2b: Ursaluna|48/100\n|\n|-weather|SunnyDay|[upkeep]\n|-status|p2b: Ursaluna|brn|[from] item: Flame Orb\n|upkeep\n|turn|5\n|inactive|Battle timer is ON: inactive players will automatically lose when time's up. (requested by SMK_1106)\n|\n|t:|1770216999\n|move|p2a: Koraidon|Protect|p2a: Koraidon\n|-singleturn|p2a: Koraidon|Protect\n|move|p2b: Ursaluna|Protect|p2b: Ursaluna\n|-singleturn|p2b: Ursaluna|Protect\n|move|p1a: Incineroar|Fake Out|p2a: Koraidon\n|-activate|p2a: Koraidon|move: Protect\n|move|p1b: Dialga|Flash Cannon|p2b: Ursaluna\n|-activate|p2b: Ursaluna|move: Protect\n|\n|-weather|SunnyDay|[upkeep]\n|-damage|p2b: Ursaluna|42/100 brn|[from] brn\n|upkeep\n|turn|6\n|inactive|pzyxhic has 30 seconds left.\n|inactive|pzyxhic has 20 seconds left.\n|\n|t:|1770217038\n|move|p1b: Dialga|Protect|p1b: Dialga\n|-singleturn|p1b: Dialga|Protect\n|move|p2a: Koraidon|Close Combat|p1b: Dialga\n|-activate|p1b: Dialga|move: Protect\n|move|p1a: Incineroar|Flare Blitz|p2b: Ursaluna\n|-damage|p2b: Ursaluna|0 fnt\n|faint|p2b: Ursaluna\n|-damage|p1a: Incineroar|75/100|[from] Recoil\n|\n|-weather|none\n|-sideend|p1: pzyxhic|move: Tailwind\n|upkeep\n|\n|t:|1770217052\n|switch|p2b: Lunala|Lunala, L50|92/100\n|turn|7\n|j| sid kagenow\n|\n|t:|1770217067\n|switch|p1b: Whimsicott|Whimsicott, L50, F|21/100\n|move|p2a: Koraidon|Close Combat|p1a: Incineroar\n|-damage|p1a: Incineroar|39/100\n|-unboost|p2a: Koraidon|def|1\n|-unboost|p2a: Koraidon|spd|1\n|move|p2b: Lunala|Meteor Beam||[still]\n|-prepare|p2b: Lunala|Meteor Beam\n|-boost|p2b: Lunala|spa|1\n|-enditem|p2b: Lunala|Power Herb\n|-anim|p2b: Lunala|Meteor Beam|p1a: Incineroar\n|-damage|p1a: Incineroar|0 fnt\n|faint|p1a: Incineroar\n|\n|upkeep\n|\n|t:|1770217081\n|switch|p1a: Dialga|Dialga-Origin, L50|100/100\n|-ability|p1a: Dialga|Pressure\n|turn|8\n|inactive|pzyxhic has 30 seconds left.\n|\n|t:|1770217107\n|move|p1a: Dialga|Protect|p1a: Dialga\n|-singleturn|p1a: Dialga|Protect\n|move|p2a: Koraidon|Close Combat|p1a: Dialga\n|-activate|p1a: Dialga|move: Protect\n|move|p1b: Whimsicott|Moonblast|p2a: Koraidon\n|-supereffective|p2a: Koraidon\n|-damage|p2a: Koraidon|0 fnt\n|faint|p2a: Koraidon\n|move|p2b: Lunala|Moongeist Beam|p1b: Whimsicott\n|-damage|p1b: Whimsicott|0 fnt\n|faint|p1b: Whimsicott\n|\n|upkeep\n|\n|t:|1770217113\n|switch|p2a: Chi-Yu|Chi-Yu, L50, tera:Ghost|100/100\n|-ability|p2a: Chi-Yu|Beads of Ruin\n|turn|9\n|\n|t:|1770217131\n|move|p2a: Chi-Yu|Flamethrower|p1a: Dialga\n|-damage|p1a: Dialga|53/100\n|move|p1a: Dialga|Draco Meteor|p2b: Lunala\n|-damage|p2b: Lunala|6/100\n|-unboost|p1a: Dialga|spa|2\n|move|p2b: Lunala|Moongeist Beam|p1a: Dialga\n|-damage|p1a: Dialga|0 fnt\n|faint|p1a: Dialga\n|\n|win|SMK_1106\n|raw|pzyxhic's rating: 1498 &rarr; <strong>1474</strong><br />(-24 for losing)\n|raw|SMK_1106's rating: 1425 &rarr; <strong>1449</strong><br />(+24 for winning)\n|l|\u2606pzyxhic\n|player|p1|\n|l|\u2606SMK_1106\n|player|p2|\n","uploadtime":1770217356,"views":16,"formatid":"gen9vgc2026regi","rating":1449,"private":0,"password":null}