{"id":"gen9vgc2026regi-2561514313","format":"[Gen 9] VGC 2026 Reg I","players":["qingyunyunyun","terafireflareblitz"],"log":"|j|\u2606qingyunyunyun\n|j|\u2606terafireflareblitz\n|t:|1773805344\n|gametype|doubles\n|player|p1|qingyunyunyun|2|1381\n|player|p2|terafireflareblitz|sycamore|1514\n|gen|9\n|tier|[Gen 9] VGC 2026 Reg I\n|rated|\n|rule|Species Clause: Limit one of each Pok\u00e9mon\n|rule|Item Clause: Limit 1 of each item\n|clearpoke\n|poke|p1|Terapagos, L50, M|\n|poke|p1|Kyogre, L50|\n|poke|p1|Rillaboom, L50, F|\n|poke|p1|Clefairy, L50, M|\n|poke|p1|Incineroar, L50, F|\n|poke|p1|Grimmsnarl, L50, M|\n|poke|p2|Koraidon, L50|\n|poke|p2|Lunala, L50|\n|poke|p2|Indeedee-F, L50, F|\n|poke|p2|Flutter Mane, L50|\n|poke|p2|Volcarona, L50, M|\n|poke|p2|Ursaluna, L50, M|\n|teampreview|4\n|inactive|Battle timer is ON: inactive players will automatically lose when time's up. (requested by terafireflareblitz)\n|inactive|qingyunyunyun also wants the timer to be on.\n|inactive|terafireflareblitz has 60 seconds left.\n|\n|t:|1773805391\n|teamsize|p1|4\n|teamsize|p2|4\n|start\n|switch|p1a: Terapagos|Terapagos, L50, M|100/100\n|switch|p1b: Incineroar|Incineroar, L50, F, shiny|100/100\n|switch|p2a: Lunala|Lunala, L50, shiny|100/100\n|switch|p2b: Flutter Mane|Flutter Mane, L50|100/100\n|-activate|p1a: Terapagos|ability: Tera Shift\n|detailschange|p1a: Terapagos|Terapagos-Terastal, L50, M\n|-heal|p1a: Terapagos|100/100|[silent]\n|-ability|p1b: Incineroar|Intimidate|boost\n|-unboost|p2a: Lunala|atk|1\n|-unboost|p2b: Flutter Mane|atk|1\n|turn|1\n|\n|t:|1773805411\n|move|p2b: Flutter Mane|Moonblast|p1a: Terapagos\n|-activate|p1a: Terapagos|ability: Tera Shell\n|-resisted|p1a: Terapagos\n|-damage|p1a: Terapagos|79/100\n|move|p2a: Lunala|Meteor Beam||[still]\n|-prepare|p2a: Lunala|Meteor Beam\n|-boost|p2a: Lunala|spa|1\n|-enditem|p2a: Lunala|Power Herb\n|-anim|p2a: Lunala|Meteor Beam|p1b: Incineroar\n|-supereffective|p1b: Incineroar\n|-damage|p1b: Incineroar|0 fnt\n|faint|p1b: Incineroar\n|move|p1a: Terapagos|Calm Mind|p1a: Terapagos\n|-boost|p1a: Terapagos|spa|1\n|-boost|p1a: Terapagos|spd|1\n|\n|upkeep\n|\n|t:|1773805428\n|switch|p1b: Rillaboom|Rillaboom, L50, F|100/100\n|-fieldstart|move: Grassy Terrain|[from] ability: Grassy Surge|[of] p1b: Rillaboom\n|turn|2\n|\n|t:|1773805436\n|-end|p2b: Flutter Mane|Protosynthesis|[silent]\n|switch|p2b: Volcarona|Volcarona, L50, M|100/100\n|move|p2a: Lunala|Moongeist Beam|p1b: Rillaboom\n|-damage|p1b: Rillaboom|35/100\n|move|p1b: Rillaboom|Wood Hammer|p2a: Lunala\n|-damage|p2a: Lunala|68/100\n|-damage|p1b: Rillaboom|23/100|[from] Recoil\n|move|p1a: Terapagos|Calm Mind|p1a: Terapagos\n|-boost|p1a: Terapagos|spa|1\n|-boost|p1a: Terapagos|spd|1\n|\n|-heal|p2a: Lunala|74/100|[from] Grassy Terrain\n|-heal|p1b: Rillaboom|29/100|[from] Grassy Terrain\n|-heal|p1a: Terapagos|85/100|[from] Grassy Terrain\n|upkeep\n|turn|3\n|\n|t:|1773805461\n|-terastallize|p1a: Terapagos|Stellar\n|detailschange|p1a: Terapagos|Terapagos-Stellar, L50, M, tera:Stellar\n|-heal|p1a: Terapagos|89/100|[silent]\n|-ability|p1a: Terapagos|Teraform Zero\n|-fieldend|move: Grassy Terrain\n|move|p2a: Lunala|Moongeist Beam|p1b: Rillaboom\n|-damage|p1b: Rillaboom|0 fnt\n|faint|p1b: Rillaboom\n|move|p2b: Volcarona|Struggle Bug|p1a: Terapagos\n|-damage|p1a: Terapagos|81/100\n|move|p1a: Terapagos|Tera Starstorm|p2b: Volcarona|[spread] p2a,p2b\n|-damage|p2a: Lunala|21/100\n|-damage|p2b: Volcarona|40/100\n|\n|upkeep\n|\n|t:|1773805476\n|switch|p1b: Kyogre|Kyogre, L50|100/100\n|-weather|RainDance|[from] ability: Drizzle|[of] p1b: Kyogre\n|turn|4\n|\n|t:|1773805499\n|move|p2a: Lunala|Wide Guard|p2a: Lunala\n|-singleturn|p2a: Lunala|Wide Guard\n|move|p1b: Kyogre|Ice Beam|p2a: Lunala\n|-damage|p2a: Lunala|0 fnt\n|faint|p2a: Lunala\n|move|p2b: Volcarona|Struggle Bug|p1a: Terapagos|[spread] p1a,p1b\n|-damage|p1a: Terapagos|75/100\n|-damage|p1b: Kyogre|89/100\n|-unboost|p1b: Kyogre|spa|1\n|move|p1a: Terapagos|Tera Starstorm|p2b: Volcarona\n|-activate|p2b: Volcarona|move: Wide Guard\n|\n|-weather|RainDance|[upkeep]\n|upkeep\n|\n|t:|1773805502\n|switch|p2a: Koraidon|Koraidon, L50, shiny|100/100\n|-weather|SunnyDay|[from] ability: Orichalcum Pulse|[of] p2a: Koraidon\n|-activate|p2a: Koraidon|Orichalcum Pulse|[source]\n|turn|5\n|\n|t:|1773805507\n|move|p2b: Volcarona|Rage Powder|p2b: Volcarona\n|-singleturn|p2b: Volcarona|move: Rage Powder\n|move|p1b: Kyogre|Ice Beam|p2b: Volcarona\n|-resisted|p2b: Volcarona\n|-damage|p2b: Volcarona|31/100\n|move|p2a: Koraidon|Close Combat|p1b: Kyogre\n|-damage|p1b: Kyogre|0 fnt\n|-unboost|p2a: Koraidon|def|1\n|-unboost|p2a: Koraidon|spd|1\n|faint|p1b: Kyogre\n|-damage|p2a: Koraidon|91/100|[from] item: Life Orb\n|move|p1a: Terapagos|Tera Starstorm|p2a: Koraidon|[spread] p2a,p2b\n|-damage|p2a: Koraidon|0 fnt\n|-damage|p2b: Volcarona|0 fnt\n|faint|p2a: Koraidon\n|faint|p2b: Volcarona\n|\n|-weather|SunnyDay|[upkeep]\n|upkeep\n|\n|t:|1773805512\n|switch|p2b: Flutter Mane|Flutter Mane, L50|100/100\n|-activate|p2b: Flutter Mane|ability: Protosynthesis\n|-start|p2b: Flutter Mane|protosynthesisspe\n|turn|6\n|\n|t:|1773805517\n|move|p2b: Flutter Mane|Moonblast|p1a: Terapagos\n|-damage|p1a: Terapagos|60/100\n|move|p1a: Terapagos|Tera Starstorm|p2b: Flutter Mane\n|-enditem|p2b: Flutter Mane|Focus Sash\n|-damage|p2b: Flutter Mane|1/100\n|\n|-weather|SunnyDay|[upkeep]\n|upkeep\n|turn|7\n|-message|terafireflareblitz forfeited.\n|\n|win|qingyunyunyun\n|raw|qingyunyunyun's rating: 1381 &rarr; <strong>1408</strong><br />(+27 for winning)\n|raw|terafireflareblitz's rating: 1514 &rarr; <strong>1487</strong><br />(-27 for losing)\n","uploadtime":1773805521,"views":12,"formatid":"gen9vgc2026regi","rating":1408,"private":0,"password":null}