{"id":"gen9vgc2026regi-2531805775","format":"[Gen 9] VGC 2026 Reg I","players":["yamato-tak","goomba number one"],"log":"|j|\u2606yamato-tak\n|j|\u2606goomba number one\n|t:|1770102023\n|gametype|doubles\n|player|p1|yamato-tak|170|1537\n|player|p2|goomba number one|169|1493\n|gen|9\n|tier|[Gen 9] VGC 2026 Reg I\n|rated|\n|rule|Species Clause: Limit one of each Pok\u00e9mon\n|rule|Item Clause: Limit 1 of each item\n|clearpoke\n|poke|p1|Miraidon, L50|\n|poke|p1|Calyrex-Ice, L50|\n|poke|p1|Volcarona, L50, F|\n|poke|p1|Araquanid, L50, M|\n|poke|p1|Grimmsnarl, L50, M|\n|poke|p1|Entei, L50|\n|poke|p2|Miraidon, L50|\n|poke|p2|Lunala, L50|\n|poke|p2|Sylveon, L50, F|\n|poke|p2|Incineroar, L50, F|\n|poke|p2|Whimsicott, L50, M|\n|poke|p2|Urshifu-*, L50, F|\n|teampreview|4\n|inactive|Battle timer is ON: inactive players will automatically lose when time's up. (requested by yamato-tak)\n|inactive|yamato-tak has 60 seconds left.\n|\n|t:|1770102073\n|teamsize|p1|4\n|teamsize|p2|4\n|start\n|switch|p1a: Grimmsnarl|Grimmsnarl, L50, M, shiny|100/100\n|switch|p1b: Entei|Entei, L50, shiny|100/100\n|switch|p2a: Miraidon|Miraidon, L50, shiny|100/100\n|switch|p2b: Lunala|Lunala, L50|100/100\n|-fieldstart|move: Electric Terrain|[from] ability: Hadron Engine|[of] p2a: Miraidon\n|-enditem|p2b: Lunala|Electric Seed\n|-boost|p2b: Lunala|def|1|[from] item: Electric Seed\n|turn|1\n|\n|t:|1770102081\n|switch|p2a: Urshifu|Urshifu-Rapid-Strike, L50, F|100/100\n|move|p1a: Grimmsnarl|Light Screen|p1a: Grimmsnarl\n|-sidestart|p1: yamato-tak|move: Light Screen\n|move|p1b: Entei|Stomping Tantrum|p2a: Urshifu\n|-damage|p2a: Urshifu|72/100\n|-damage|p1b: Entei|91/100|[from] item: Life Orb\n|move|p2b: Lunala|Moongeist Beam|p1b: Entei\n|-damage|p1b: Entei|54/100\n|\n|upkeep\n|turn|2\n|\n|t:|1770102098\n|move|p1b: Entei|Extreme Speed|p2a: Urshifu\n|-damage|p2a: Urshifu|43/100\n|-damage|p1b: Entei|44/100|[from] item: Life Orb\n|move|p1a: Grimmsnarl|Reflect|p1a: Grimmsnarl\n|-sidestart|p1: yamato-tak|Reflect\n|move|p2a: Urshifu|Surging Strikes|p1a: Grimmsnarl\n|-crit|p1a: Grimmsnarl\n|-damage|p1a: Grimmsnarl|69/100\n|-crit|p1a: Grimmsnarl\n|-damage|p1a: Grimmsnarl|39/100\n|-crit|p1a: Grimmsnarl\n|-damage|p1a: Grimmsnarl|6/100\n|-hitcount|p1a: Grimmsnarl|3\n|move|p2b: Lunala|Moongeist Beam|p1b: Entei\n|-damage|p1b: Entei|4/100\n|\n|upkeep\n|turn|3\n|\n|t:|1770102117\n|switch|p2a: Miraidon|Miraidon, L50, shiny|100/100\n|-activate|p2a: Miraidon|ability: Hadron Engine\n|move|p1b: Entei|Extreme Speed|p2a: Miraidon\n|-damage|p2a: Miraidon|71/100\n|-damage|p1b: Entei|0 fnt|[from] item: Life Orb\n|faint|p1b: Entei\n|move|p1a: Grimmsnarl|Parting Shot|p2b: Lunala\n|-unboost|p2b: Lunala|atk|1\n|-unboost|p2b: Lunala|spa|1\n|\n|t:|1770102130\n|switch|p1a: Miraidon|Miraidon, L50, shiny|100/100|[from] Parting Shot\n|-activate|p1a: Miraidon|ability: Hadron Engine\n|move|p2b: Lunala|Moonblast|p1a: Miraidon\n|-supereffective|p1a: Miraidon\n|-damage|p1a: Miraidon|77/100\n|\n|upkeep\n|\n|t:|1770102134\n|switch|p1b: Grimmsnarl|Grimmsnarl, L50, M, shiny|6/100\n|turn|4\n|\n|t:|1770102146\n|switch|p2a: Whimsicott|Whimsicott, L50, M, shiny|100/100\n|move|p1b: Grimmsnarl|Fake Out|p2a: Whimsicott\n|-damage|p2a: Whimsicott|83/100\n|move|p1a: Miraidon|Calm Mind|p1a: Miraidon\n|-boost|p1a: Miraidon|spa|1\n|-boost|p1a: Miraidon|spd|1\n|move|p2b: Lunala|Moonblast|p1a: Miraidon\n|-supereffective|p1a: Miraidon\n|-damage|p1a: Miraidon|60/100\n|\n|upkeep\n|turn|5\n|\n|t:|1770102162\n|move|p2a: Whimsicott|Encore|p1a: Miraidon\n|-start|p1a: Miraidon|Encore\n|move|p1b: Grimmsnarl|Parting Shot|p2b: Lunala\n|-unboost|p2b: Lunala|atk|1\n|-unboost|p2b: Lunala|spa|1\n|\n|t:|1770102165\n|switch|p1b: Calyrex|Calyrex-Ice, L50|100/100|[from] Parting Shot\n|-ability|p1b: Calyrex|As One\n|-ability|p1b: Calyrex|Unnerve\n|move|p1a: Miraidon|Calm Mind|p1a: Miraidon\n|-boost|p1a: Miraidon|spa|1\n|-boost|p1a: Miraidon|spd|1\n|move|p2b: Lunala|Moonblast|p1b: Calyrex\n|-damage|p1b: Calyrex|93/100\n|\n|-fieldend|move: Electric Terrain\n|upkeep\n|turn|6\n|inactive|goomba number one has 30 seconds left.\n|\n|t:|1770102194\n|move|p1a: Miraidon|Calm Mind|p1a: Miraidon\n|-boost|p1a: Miraidon|spa|1\n|-boost|p1a: Miraidon|spd|1\n|move|p2a: Whimsicott|Endeavor|p1b: Calyrex\n|-damage|p1b: Calyrex|48/100\n|move|p2b: Lunala|Moonblast|p1a: Miraidon\n|-supereffective|p1a: Miraidon\n|-damage|p1a: Miraidon|52/100\n|move|p1b: Calyrex|Glacial Lance|p2a: Whimsicott|[spread] p2a,p2b\n|-supereffective|p2a: Whimsicott\n|-damage|p2a: Whimsicott|0 fnt\n|-damage|p2b: Lunala|87/100\n|faint|p2a: Whimsicott\n|-ability|p1b: Calyrex|Chilling Neigh|boost\n|-boost|p1b: Calyrex|atk|1\n|\n|upkeep\n|inactive|goomba number one has 30 seconds left.\n|\n|t:|1770102220\n|switch|p2a: Urshifu|Urshifu-Rapid-Strike, L50, F|43/100\n|turn|7\n|inactive|goomba number one has 30 seconds left.\n|\n|t:|1770102254\n|switch|p2b: Miraidon|Miraidon, L50, shiny|71/100\n|-fieldstart|move: Electric Terrain|[from] ability: Hadron Engine|[of] p2b: Miraidon\n|move|p1a: Miraidon|Calm Mind|p1a: Miraidon\n|-boost|p1a: Miraidon|spa|1\n|-boost|p1a: Miraidon|spd|1\n|move|p2a: Urshifu|Surging Strikes|p1b: Calyrex\n|-crit|p1b: Calyrex\n|-damage|p1b: Calyrex|29/100\n|-crit|p1b: Calyrex\n|-damage|p1b: Calyrex|8/100\n|-crit|p1b: Calyrex\n|-damage|p1b: Calyrex|0 fnt\n|faint|p1b: Calyrex\n|-hitcount|p1: Calyrex|3\n|\n|-end|p1a: Miraidon|Encore\n|upkeep\n|\n|t:|1770102277\n|switch|p1b: Grimmsnarl|Grimmsnarl, L50, M, shiny|6/100\n|turn|8\n|\n|t:|1770102295\n|switch|p2a: Lunala|Lunala, L50|87/100\n|-terastallize|p1a: Miraidon|Electric\n|move|p1b: Grimmsnarl|Fake Out|p2b: Miraidon\n|-damage|p2b: Miraidon|60/100\n|move|p1a: Miraidon|Parabolic Charge|p2b: Miraidon|[spread] p1b,p2a,p2b\n|-resisted|p2b: Miraidon\n|-damage|p1b: Grimmsnarl|0 fnt\n|-heal|p1a: Miraidon|55/100|[from] drain|[of] p1b: Grimmsnarl\n|-damage|p2a: Lunala|0 fnt\n|-heal|p1a: Miraidon|100/100|[from] drain|[of] p2a: Lunala\n|-damage|p2b: Miraidon|24/100\n|faint|p1b: Grimmsnarl\n|faint|p2a: Lunala\n|cant|p2b: Miraidon|flinch\n|\n|-sideend|p1: yamato-tak|move: Light Screen\n|upkeep\n|-message|goomba number one forfeited.\n|\n|win|yamato-tak\n|raw|yamato-tak's rating: 1537 &rarr; <strong>1554</strong><br />(+17 for winning)\n|raw|goomba number one's rating: 1493 &rarr; <strong>1476</strong><br />(-17 for losing)\n|l|\u2606yamato-tak\n|player|p1|\n|l|\u2606goomba number one\n|player|p2|\n","uploadtime":1770102478,"views":28,"formatid":"gen9vgc2026regi","rating":1476,"private":0,"password":null}