{"id":"gen9vgc2026regi-2529191094","format":"[Gen 9] VGC 2026 Reg I","players":["fogdocker","Vitalis24"],"log":"|j|\u2606fogdocker\n|j|\u2606Vitalis24\n|t:|1769750560\n|gametype|doubles\n|player|p1|fogdocker|169|1391\n|player|p2|Vitalis24|crasherwake|1363\n|gen|9\n|tier|[Gen 9] VGC 2026 Reg I\n|rated|\n|rule|Species Clause: Limit one of each Pok\u00e9mon\n|rule|Item Clause: Limit 1 of each item\n|clearpoke\n|poke|p1|Koraidon, L50|\n|poke|p1|Flutter Mane, L50|\n|poke|p1|Calyrex-Ice, L50|\n|poke|p1|Incineroar, L50, F|\n|poke|p1|Rillaboom, L50, F|\n|poke|p1|Amoonguss, L50, M|\n|poke|p2|Urshifu-*, L50, F|\n|poke|p2|Tornadus, L50, M|\n|poke|p2|Indeedee-F, L50, F|\n|poke|p2|Zacian-*, L50|\n|poke|p2|Landorus, L50, M|\n|poke|p2|Kyogre, L50|\n|teampreview|4\n|inactive|Battle timer is ON: inactive players will automatically lose when time's up. (requested by fogdocker)\n|inactive|Vitalis24 has 60 seconds left.\n|\n|t:|1769750664\n|teamsize|p1|4\n|teamsize|p2|4\n|start\n|switch|p1a: Calyrex|Calyrex-Ice, L50|100/100\n|switch|p1b: Rillaboom|Rillaboom, L50, F|100/100\n|switch|p2a: Zacian|Zacian-Crowned, L50|100/100\n|switch|p2b: Indeedee|Indeedee-F, L50, F|100/100\n|-ability|p1a: Calyrex|As One\n|-ability|p1a: Calyrex|Unnerve\n|-ability|p2a: Zacian|Intrepid Sword|boost\n|-boost|p2a: Zacian|atk|1\n|-fieldstart|move: Grassy Terrain|[from] ability: Grassy Surge|[of] p1b: Rillaboom\n|-fieldstart|move: Psychic Terrain|[from] ability: Psychic Surge|[of] p2b: Indeedee\n|turn|1\n|inactive|Vitalis24 has 30 seconds left.\n|inactive|Vitalis24 has 20 seconds left.\n|inactive|Vitalis24 has 15 seconds left.\n|\n|t:|1769750708\n|switch|p2a: Kyogre|Kyogre, L50|100/100\n|-weather|RainDance|[from] ability: Drizzle|[of] p2a: Kyogre\n|switch|p1b: Incineroar|Incineroar, L50, F|100/100\n|-ability|p1b: Incineroar|Intimidate|boost\n|-unboost|p2a: Kyogre|atk|1\n|-unboost|p2b: Indeedee|atk|1\n|-terastallize|p1a: Calyrex|Water\n|move|p2b: Indeedee|Imprison|p2b: Indeedee\n|-start|p2b: Indeedee|move: Imprison\n|move|p1a: Calyrex|Leech Seed|p2b: Indeedee\n|-start|p2b: Indeedee|move: Leech Seed\n|\n|-weather|RainDance|[upkeep]\n|-damage|p2b: Indeedee|88/100|[from] Leech Seed|[of] p1a: Calyrex\n|upkeep\n|turn|2\n|inactive|fogdocker has 30 seconds left.\n|\n|t:|1769750735\n|switch|p1b: Rillaboom|Rillaboom, L50, F|100/100\n|-fieldstart|move: Grassy Terrain|[from] ability: Grassy Surge|[of] p1b: Rillaboom\n|move|p2a: Kyogre|Thunder|p1a: Calyrex\n|-supereffective|p1a: Calyrex\n|-damage|p1a: Calyrex|50/100\n|move|p2b: Indeedee|Psychic|p1a: Calyrex\n|-damage|p1a: Calyrex|31/100\n|move|p1a: Calyrex|Leech Seed|p2a: Kyogre\n|-start|p2a: Kyogre|move: Leech Seed\n|\n|-weather|RainDance|[upkeep]\n|-heal|p2b: Indeedee|94/100|[from] Grassy Terrain\n|-heal|p1a: Calyrex|37/100|[from] Grassy Terrain\n|-heal|p1a: Calyrex|43/100|[from] item: Leftovers\n|-damage|p2a: Kyogre|88/100|[from] Leech Seed|[of] p1a: Calyrex\n|-heal|p1a: Calyrex|55/100|[silent]\n|-damage|p2b: Indeedee|82/100|[from] Leech Seed|[of] p1a: Calyrex\n|-heal|p1a: Calyrex|66/100|[silent]\n|upkeep\n|turn|3\n|inactive|Vitalis24 has 30 seconds left.\n|inactive|Vitalis24 has 20 seconds left.\n|inactive|Vitalis24 has 15 seconds left.\n|inactive|Vitalis24 has 10 seconds left.\n|\n|t:|1769750785\n|switch|p2b: Zacian|Zacian-Crowned, L50|100/100\n|move|p1b: Rillaboom|Fake Out|p2a: Kyogre\n|-damage|p2a: Kyogre|77/100\n|cant|p2a: Kyogre|flinch\n|move|p1a: Calyrex|Glacial Lance|p2a: Kyogre|[spread] p2a,p2b\n|-resisted|p2a: Kyogre\n|-crit|p2a: Kyogre\n|-resisted|p2b: Zacian\n|-damage|p2a: Kyogre|45/100\n|-damage|p2b: Zacian|75/100\n|\n|-weather|RainDance|[upkeep]\n|-heal|p2b: Zacian|81/100|[from] Grassy Terrain\n|-heal|p2a: Kyogre|51/100|[from] Grassy Terrain\n|-heal|p1a: Calyrex|72/100|[from] Grassy Terrain\n|-heal|p1a: Calyrex|77/100|[from] item: Leftovers\n|-damage|p2a: Kyogre|39/100|[from] Leech Seed|[of] p1a: Calyrex\n|-heal|p1a: Calyrex|89/100|[silent]\n|upkeep\n|turn|4\n|inactive|fogdocker has 30 seconds left.\n|inactive|Vitalis24 has 30 seconds left.\n|inactive|Vitalis24 has 20 seconds left.\n|\n|t:|1769750820\n|move|p1a: Calyrex|Protect|p1a: Calyrex\n|-singleturn|p1a: Calyrex|Protect\n|move|p2b: Zacian|Play Rough|p1a: Calyrex\n|-activate|p1a: Calyrex|move: Protect\n|move|p2a: Kyogre|Thunder|p1a: Calyrex\n|-activate|p1a: Calyrex|move: Protect\n|move|p1b: Rillaboom|U-turn|p2a: Kyogre\n|-damage|p2a: Kyogre|21/100\n|\n|t:|1769750830\n|switch|p1b: Incineroar|Incineroar, L50, F|100/100|[from] U-turn\n|-ability|p1b: Incineroar|Intimidate|boost\n|-unboost|p2a: Kyogre|atk|1\n|-unboost|p2b: Zacian|atk|1\n|\n|-weather|RainDance|[upkeep]\n|-heal|p2b: Zacian|87/100|[from] Grassy Terrain\n|-heal|p2a: Kyogre|27/100|[from] Grassy Terrain\n|-heal|p1a: Calyrex|95/100|[from] Grassy Terrain\n|-heal|p1a: Calyrex|100/100|[from] item: Leftovers\n|-damage|p2a: Kyogre|15/100|[from] Leech Seed|[of] p1a: Calyrex\n|upkeep\n|turn|5\n|\n|t:|1769750860\n|switch|p1b: Rillaboom|Rillaboom, L50, F|100/100\n|move|p2b: Zacian|Play Rough|p1a: Calyrex\n|-damage|p1a: Calyrex|80/100\n|move|p2a: Kyogre|Origin Pulse|p1b: Rillaboom|[spread] p1a,p1b\n|-resisted|p1a: Calyrex\n|-resisted|p1b: Rillaboom\n|-damage|p1a: Calyrex|58/100\n|-damage|p1b: Rillaboom|76/100\n|move|p1a: Calyrex|Leech Seed|p2b: Zacian\n|-start|p2b: Zacian|move: Leech Seed\n|\n|-weather|none\n|-heal|p2b: Zacian|93/100|[from] Grassy Terrain\n|-heal|p2a: Kyogre|21/100|[from] Grassy Terrain\n|-heal|p1b: Rillaboom|82/100|[from] Grassy Terrain\n|-heal|p1a: Calyrex|63/100|[from] Grassy Terrain\n|-heal|p1a: Calyrex|69/100|[from] item: Leftovers\n|-damage|p2b: Zacian|81/100|[from] Leech Seed|[of] p1a: Calyrex\n|-heal|p1a: Calyrex|79/100|[silent]\n|-damage|p2a: Kyogre|9/100|[from] Leech Seed|[of] p1a: Calyrex\n|-heal|p1a: Calyrex|91/100|[silent]\n|upkeep\n|turn|6\n|-message|Vitalis24 forfeited.\n|\n|win|fogdocker\n|raw|fogdocker's rating: 1391 &rarr; <strong>1409</strong><br />(+18 for winning)\n|raw|Vitalis24's rating: 1363 &rarr; <strong>1345</strong><br />(-18 for losing)\n|l|\u2606Vitalis24\n|player|p2|\n|l|\u2606fogdocker\n|player|p1|\n","uploadtime":1769751014,"views":16,"formatid":"gen9vgc2026regi","rating":1345,"private":0,"password":null}