{"id":"gen9vgc2026regi-2565359459","format":"[Gen 9] VGC 2026 Reg I","players":["dasabe\u76d6\u6b27\u5361\u4fa0","Jonen"],"log":"|j|\u2606dasabe\u76d6\u6b27\u5361\u4fa0\n|j|\u2606Jonen\n|t:|1774267584\n|gametype|doubles\n|player|p1|dasabe\u76d6\u6b27\u5361\u4fa0|may-masters4|1595\n|player|p2|Jonen|medium|1451\n|gen|9\n|tier|[Gen 9] VGC 2026 Reg I\n|rated|\n|rule|Species Clause: Limit one of each Pok\u00e9mon\n|rule|Item Clause: Limit 1 of each item\n|clearpoke\n|poke|p1|Kyogre, L50|\n|poke|p1|Zacian-*, L50|\n|poke|p1|Clefairy, L50, F|\n|poke|p1|Tornadus, L50, M|\n|poke|p1|Landorus, L50, M|\n|poke|p1|Smeargle, L50, M|\n|poke|p2|Groudon, L50|\n|poke|p2|Lunala, L50|\n|poke|p2|Sableye, L50, F|\n|poke|p2|Chi-Yu, L50|\n|poke|p2|Rillaboom, L50, F|\n|poke|p2|Jumpluff, L50, F|\n|teampreview|4\n|\n|t:|1774267606\n|teamsize|p1|4\n|teamsize|p2|4\n|start\n|switch|p1a: \u9a82\u8c01\u542b\u5251|Zacian-Crowned, L50|100/100\n|switch|p1b: \u5c0f\u7b14\u7ea2\u80bf|Smeargle, L50, M, shiny|100/100\n|switch|p2a: Groudon|Groudon, L50|100/100\n|switch|p2b: Sableye|Sableye, L50, F|100/100\n|-ability|p1a: \u9a82\u8c01\u542b\u5251|Intrepid Sword|boost\n|-boost|p1a: \u9a82\u8c01\u542b\u5251|atk|1\n|-weather|SunnyDay|[from] ability: Drought|[of] p2a: Groudon\n|turn|1\n|\n|t:|1774267628\n|-terastallize|p1b: \u5c0f\u7b14\u7ea2\u80bf|Ghost\n|move|p1a: \u9a82\u8c01\u542b\u5251|Protect|p1a: \u9a82\u8c01\u542b\u5251\n|-singleturn|p1a: \u9a82\u8c01\u542b\u5251|Protect\n|move|p2a: Groudon|Protect|p2a: Groudon\n|-singleturn|p2a: Groudon|Protect\n|move|p2b: Sableye|Gravity|p2b: Sableye\n|-fieldstart|move: Gravity\n|move|p1b: \u5c0f\u7b14\u7ea2\u80bf|Spore|p2a: Groudon\n|-activate|p2a: Groudon|move: Protect\n|\n|-weather|SunnyDay|[upkeep]\n|-ability|p1b: \u5c0f\u7b14\u7ea2\u80bf|Moody|boost\n|-boost|p1b: \u5c0f\u7b14\u7ea2\u80bf|atk|2\n|-unboost|p1b: \u5c0f\u7b14\u7ea2\u80bf|spa|1\n|upkeep\n|turn|2\n|\n|t:|1774267641\n|-terastallize|p2a: Groudon|Fire\n|move|p1b: \u5c0f\u7b14\u7ea2\u80bf|Wide Guard|p1b: \u5c0f\u7b14\u7ea2\u80bf\n|-singleturn|p1b: \u5c0f\u7b14\u7ea2\u80bf|Wide Guard\n|move|p2b: Sableye|Disable|p1b: \u5c0f\u7b14\u7ea2\u80bf\n|-start|p1b: \u5c0f\u7b14\u7ea2\u80bf|Disable|Wide Guard\n|move|p1a: \u9a82\u8c01\u542b\u5251|Play Rough|p2b: Sableye\n|-supereffective|p2b: Sableye\n|-enditem|p2b: Sableye|Focus Sash\n|-damage|p2b: Sableye|1/100\n|move|p2a: Groudon|Precipice Blades|p1b: \u5c0f\u7b14\u7ea2\u80bf|[spread] \n|-activate|p1a: \u9a82\u8c01\u542b\u5251|move: Wide Guard\n|-activate|p1b: \u5c0f\u7b14\u7ea2\u80bf|move: Wide Guard\n|\n|-weather|SunnyDay|[upkeep]\n|-ability|p1b: \u5c0f\u7b14\u7ea2\u80bf|Moody|boost\n|-boost|p1b: \u5c0f\u7b14\u7ea2\u80bf|spe|2\n|-unboost|p1b: \u5c0f\u7b14\u7ea2\u80bf|def|1\n|upkeep\n|turn|3\n|\n|t:|1774267659\n|switch|p1a: \u8349\u76ae|Clefairy, L50, F|100/100\n|move|p1b: \u5c0f\u7b14\u7ea2\u80bf|Follow Me|p1b: \u5c0f\u7b14\u7ea2\u80bf\n|-singleturn|p1b: \u5c0f\u7b14\u7ea2\u80bf|move: Follow Me\n|move|p2b: Sableye|Quash||[still]\n|-fail|p2b: Sableye\n|move|p2a: Groudon|Precipice Blades|p1a: \u8349\u76ae|[spread] p1a,p1b\n|-damage|p1a: \u8349\u76ae|47/100\n|-enditem|p1b: \u5c0f\u7b14\u7ea2\u80bf|Focus Sash\n|-damage|p1b: \u5c0f\u7b14\u7ea2\u80bf|1/100\n|-damage|p2a: Groudon|91/100|[from] item: Life Orb\n|\n|-weather|SunnyDay|[upkeep]\n|-ability|p1b: \u5c0f\u7b14\u7ea2\u80bf|Moody|boost\n|-boost|p1b: \u5c0f\u7b14\u7ea2\u80bf|def|2\n|-unboost|p1b: \u5c0f\u7b14\u7ea2\u80bf|atk|1\n|upkeep\n|turn|4\n|\n|t:|1774267673\n|move|p1a: \u8349\u76ae|Protect|p1a: \u8349\u76ae\n|-singleturn|p1a: \u8349\u76ae|Protect\n|move|p2b: Sableye|Quash|p1b: \u5c0f\u7b14\u7ea2\u80bf\n|-activate|p1b: \u5c0f\u7b14\u7ea2\u80bf|move: Quash\n|move|p2a: Groudon|Precipice Blades|p1a: \u8349\u76ae|[spread] p1b\n|-activate|p1a: \u8349\u76ae|move: Protect\n|-damage|p1b: \u5c0f\u7b14\u7ea2\u80bf|0 fnt\n|faint|p1b: \u5c0f\u7b14\u7ea2\u80bf\n|-damage|p2a: Groudon|81/100|[from] item: Life Orb\n|\n|-weather|SunnyDay|[upkeep]\n|upkeep\n|\n|t:|1774267679\n|switch|p1b: \u6210\u90fd\u8001\u76d6|Kyogre, L50, shiny|100/100\n|-weather|RainDance|[from] ability: Drizzle|[of] p1b: \u6210\u90fd\u8001\u76d6\n|turn|5\n|\n|t:|1774267696\n|switch|p2b: Rillaboom|Rillaboom, L50, F|100/100\n|-fieldstart|move: Grassy Terrain|[from] ability: Grassy Surge|[of] p2b: Rillaboom\n|move|p1a: \u8349\u76ae|Follow Me|p1a: \u8349\u76ae\n|-singleturn|p1a: \u8349\u76ae|move: Follow Me\n|move|p2a: Groudon|Precipice Blades|p1a: \u8349\u76ae|[spread] p1a,p1b\n|-damage|p1a: \u8349\u76ae|0 fnt\n|-damage|p1b: \u6210\u90fd\u8001\u76d6|40/100\n|faint|p1a: \u8349\u76ae\n|-damage|p2a: Groudon|71/100|[from] item: Life Orb\n|move|p1b: \u6210\u90fd\u8001\u76d6|Water Spout|p2a: Groudon|[spread] p2a,p2b\n|-supereffective|p2a: Groudon\n|-resisted|p2b: Rillaboom\n|-damage|p2a: Groudon|0 fnt\n|-damage|p2b: Rillaboom|81/100\n|faint|p2a: Groudon\n|\n|-weather|RainDance|[upkeep]\n|-heal|p1b: \u6210\u90fd\u8001\u76d6|46/100|[from] Grassy Terrain\n|-heal|p2b: Rillaboom|87/100|[from] Grassy Terrain\n|-fieldend|move: Gravity\n|upkeep\n|\n|t:|1774267714\n|switch|p2a: Lunala|Lunala, L50|100/100\n|switch|p1a: \u9a82\u8c01\u542b\u5251|Zacian-Crowned, L50|100/100\n|turn|6\n|-message|dasabe\u76d6\u6b27\u5361\u4fa0 forfeited.\n|\n|win|Jonen\n|raw|dasabe\u76d6\u6b27\u5361\u4fa0's rating: 1595 &rarr; <strong>1567</strong><br />(-28 for losing)\n|raw|Jonen's rating: 1451 &rarr; <strong>1479</strong><br />(+28 for winning)\n|l|\u2606dasabe\u76d6\u6b27\u5361\u4fa0\n|player|p1|\n|l|\u2606Jonen\n|player|p2|\n","uploadtime":1774267718,"views":14,"formatid":"gen9vgc2026regi","rating":1479,"private":0,"password":null}