{"id":"gen9vgc2026regi-2537828637","format":"[Gen 9] VGC 2026 Reg I","players":["pzyxhic","Aionzo000"],"log":"|j|\u2606pzyxhic\n|j|\u2606Aionzo000\n|t:|1770852541\n|gametype|doubles\n|player|p1|pzyxhic|102|1262\n|player|p2|Aionzo000|guzma|1194\n|gen|9\n|tier|[Gen 9] VGC 2026 Reg I\n|rated|\n|rule|Species Clause: Limit one of each Pok\u00e9mon\n|rule|Item Clause: Limit 1 of each item\n|clearpoke\n|poke|p1|Giratina-Origin, L50|\n|poke|p1|Zamazenta-*, L50|\n|poke|p1|Incineroar, L50, F|\n|poke|p1|Amoonguss, L50, F|\n|poke|p1|Urshifu-*, L50, F|\n|poke|p1|Grimmsnarl, L50, M|\n|poke|p2|Urshifu-*, L50, M|\n|poke|p2|Chien-Pao, L50|\n|poke|p2|Zamazenta-*, L50|\n|poke|p2|Raging Bolt, L50|\n|poke|p2|Calyrex-Shadow, L50|\n|poke|p2|Whimsicott, L50, F|\n|teampreview|4\n|inactive|Battle timer is ON: inactive players will automatically lose when time's up. (requested by Aionzo000)\n|inactive|pzyxhic has 60 seconds left.\n|\n|t:|1770852576\n|teamsize|p1|4\n|teamsize|p2|4\n|start\n|switch|p1a: Zamazenta|Zamazenta-Crowned, L50|100/100\n|switch|p1b: Grimmsnarl|Grimmsnarl, L50, M|100/100\n|switch|p2a: Calyrex|Calyrex-Shadow, L50|100/100\n|switch|p2b: Whimsicott|Whimsicott, L50, F|100/100\n|-ability|p2a: Calyrex|As One\n|-ability|p2a: Calyrex|Unnerve\n|-ability|p1a: Zamazenta|Dauntless Shield|boost\n|-boost|p1a: Zamazenta|def|1\n|turn|1\n|\n|t:|1770852595\n|move|p2a: Calyrex|Protect|p2a: Calyrex\n|-singleturn|p2a: Calyrex|Protect\n|move|p2b: Whimsicott|Tailwind|p2b: Whimsicott\n|-sidestart|p2: Aionzo000|move: Tailwind\n|move|p1b: Grimmsnarl|Light Screen|p1b: Grimmsnarl\n|-sidestart|p1: pzyxhic|move: Light Screen\n|move|p1a: Zamazenta|Heavy Slam|p2b: Whimsicott\n|-supereffective|p2b: Whimsicott\n|-damage|p2b: Whimsicott|0 fnt\n|faint|p2b: Whimsicott\n|\n|upkeep\n|\n|t:|1770852605\n|switch|p2b: Urshifu|Urshifu-Rapid-Strike, L50, M|100/100\n|turn|2\n|\n|t:|1770852621\n|move|p1b: Grimmsnarl|Thunder Wave|p2b: Urshifu\n|-status|p2b: Urshifu|par\n|move|p2a: Calyrex|Psychic|p1a: Zamazenta\n|-damage|p1a: Zamazenta|67/100\n|-damage|p2a: Calyrex|91/100|[from] item: Life Orb\n|move|p2b: Urshifu|Surging Strikes|p1b: Grimmsnarl\n|-crit|p1b: Grimmsnarl\n|-damage|p1b: Grimmsnarl|60/100\n|-crit|p1b: Grimmsnarl\n|-damage|p1b: Grimmsnarl|23/100\n|-crit|p1b: Grimmsnarl\n|-damage|p1b: Grimmsnarl|0 fnt\n|faint|p1b: Grimmsnarl\n|-hitcount|p1: Grimmsnarl|3\n|move|p1a: Zamazenta|Heavy Slam|p2a: Calyrex\n|-damage|p2a: Calyrex|29/100\n|\n|upkeep\n|\n|t:|1770852646\n|switch|p1b: Incineroar|Incineroar, L50, F|100/100\n|-ability|p1b: Incineroar|Intimidate|boost\n|-unboost|p2a: Calyrex|atk|1\n|-unboost|p2b: Urshifu|atk|1\n|turn|3\n|\n|t:|1770852656\n|move|p1b: Incineroar|Fake Out|p2b: Urshifu\n|-damage|p2b: Urshifu|88/100 par\n|move|p2a: Calyrex|Astral Barrage|p1b: Incineroar|[spread] p1a,p1b\n|-resisted|p1b: Incineroar\n|-damage|p1a: Zamazenta|33/100\n|-damage|p1b: Incineroar|89/100\n|-damage|p2a: Calyrex|19/100|[from] item: Life Orb\n|move|p1a: Zamazenta|Body Press|p2b: Urshifu\n|-damage|p2b: Urshifu|18/100 par\n|cant|p2b: Urshifu|flinch\n|\n|upkeep\n|turn|4\n|inactive|pzyxhic has 30 seconds left.\n|\n|t:|1770852687\n|-terastallize|p1b: Incineroar|Water\n|move|p2a: Calyrex|Astral Barrage|p1a: Zamazenta|[spread] p1a,p1b\n|-damage|p1a: Zamazenta|0 fnt\n|-damage|p1b: Incineroar|62/100\n|faint|p1a: Zamazenta\n|-ability|p2a: Calyrex|Grim Neigh|boost\n|-boost|p2a: Calyrex|spa|1\n|-damage|p2a: Calyrex|10/100|[from] item: Life Orb\n|move|p2b: Urshifu|Surging Strikes|p1b: Incineroar\n|-resisted|p1b: Incineroar\n|-crit|p1b: Incineroar\n|-damage|p1b: Incineroar|47/100\n|-resisted|p1b: Incineroar\n|-crit|p1b: Incineroar\n|-damage|p1b: Incineroar|34/100\n|-resisted|p1b: Incineroar\n|-crit|p1b: Incineroar\n|-damage|p1b: Incineroar|21/100\n|-hitcount|p1b: Incineroar|3\n|move|p1b: Incineroar|U-turn|p2a: Calyrex\n|-damage|p2a: Calyrex|0 fnt\n|faint|p2a: Calyrex\n|\n|t:|1770852708\n|switch|p1b: Giratina|Giratina-Origin, L50|100/100|[from] U-turn\n|\n|-sideend|p2: Aionzo000|move: Tailwind\n|upkeep\n|\n|t:|1770852716\n|switch|p2a: Zamazenta|Zamazenta-Crowned, L50|100/100\n|switch|p1a: Incineroar|Incineroar, L50, F, tera:Water|21/100\n|-ability|p2a: Zamazenta|Dauntless Shield|boost\n|-boost|p2a: Zamazenta|def|1\n|-ability|p1a: Incineroar|Intimidate|boost\n|-unboost|p2a: Zamazenta|atk|1\n|-unboost|p2b: Urshifu|atk|1\n|turn|5\n|\n|t:|1770852732\n|move|p2a: Zamazenta|Protect|p2a: Zamazenta\n|-singleturn|p2a: Zamazenta|Protect\n|move|p1a: Incineroar|Fake Out|p2a: Zamazenta\n|-activate|p2a: Zamazenta|move: Protect\n|move|p1b: Giratina|Breaking Swipe|p2a: Zamazenta|[spread] p2b\n|-activate|p2a: Zamazenta|move: Protect\n|-damage|p2b: Urshifu|0 fnt\n|faint|p2b: Urshifu\n|\n|-sideend|p1: pzyxhic|move: Light Screen\n|upkeep\n|turn|6\n|inactive|pzyxhic has 30 seconds left.\n|\n|t:|1770852759\n|move|p2a: Zamazenta|Body Press|p1a: Incineroar\n|-damage|p1a: Incineroar|0 fnt\n|faint|p1a: Incineroar\n|move|p1b: Giratina|Poltergeist|p2a: Zamazenta\n|-activate|p2a: Zamazenta|move: Poltergeist|Rusted Shield\n|-damage|p2a: Zamazenta|72/100\n|\n|upkeep\n|turn|7\n|\n|t:|1770852771\n|move|p2a: Zamazenta|Heavy Slam|p1b: Giratina\n|-crit|p1b: Giratina\n|-damage|p1b: Giratina|81/100\n|move|p1b: Giratina|Poltergeist|p2a: Zamazenta\n|-activate|p2a: Zamazenta|move: Poltergeist|Rusted Shield\n|-damage|p2a: Zamazenta|45/100\n|\n|upkeep\n|turn|8\n|-message|Aionzo000 forfeited.\n|\n|win|pzyxhic\n|raw|pzyxhic's rating: 1262 &rarr; <strong>1282</strong><br />(+20 for winning)\n|raw|Aionzo000's rating: 1194 &rarr; <strong>1174</strong><br />(-20 for losing)\n|l|\u2606Aionzo000\n|player|p2|\n|l|\u2606pzyxhic\n|player|p1|\n","uploadtime":1770853012,"views":10,"formatid":"gen9vgc2026regi","rating":1174,"private":0,"password":null}