{"id":"gen9vgc2026regi-2564940547","format":"[Gen 9] VGC 2026 Reg I","players":["kekitokeko","Ryll Arai"],"log":"|j|\u203dkekitokeko\n|j|\u2606Ryll Arai\n|t:|1774212564\n|gametype|doubles\n|player|p1|kekitokeko|265|1210\n|player|p2|Ryll Arai|dahlia|1212\n|gen|9\n|tier|[Gen 9] VGC 2026 Reg I\n|rated|\n|rule|Species Clause: Limit one of each Pok\u00e9mon\n|rule|Item Clause: Limit 1 of each item\n|clearpoke\n|poke|p1|Calyrex-Ice, L50|\n|poke|p1|Miraidon, L50|\n|poke|p1|Grimmsnarl, L50, M|\n|poke|p1|Urshifu-*, L50, M|\n|poke|p1|Incineroar, L50, M|\n|poke|p1|Landorus, L50, M|\n|poke|p2|Indeedee-F, L50, F|\n|poke|p2|Zacian-*, L50|\n|poke|p2|Meowstic-F, L50, F|\n|poke|p2|Tornadus, L50, M|\n|poke|p2|Terapagos, L50, M|\n|poke|p2|Dragapult, L50, F|\n|teampreview|4\n|inactive|Battle timer is ON: inactive players will automatically lose when time's up. (requested by Ryll Arai)\n|inactive|kekitokeko has 60 seconds left.\n|\n|t:|1774212602\n|teamsize|p1|4\n|teamsize|p2|4\n|start\n|switch|p1a: Incineroar|Incineroar, L50, M|100/100\n|switch|p1b: Calyrex|Calyrex-Ice, L50|100/100\n|switch|p2a: Dragapult|Dragapult, L50, F|100/100\n|switch|p2b: Meowstic|Meowstic-F, L50, F|100/100\n|-ability|p1b: Calyrex|As One\n|-ability|p1b: Calyrex|Unnerve\n|-ability|p1a: Incineroar|Intimidate|boost\n|-fail|p2a: Dragapult|unboost|[from] ability: Clear Body|[of] p2a: Dragapult\n|-unboost|p2b: Meowstic|atk|1\n|-ability|p2b: Meowstic|Competitive|boost\n|-boost|p2b: Meowstic|spa|2\n|turn|1\n|\n|t:|1774212616\n|move|p2b: Meowstic|Fake Out|p1a: Incineroar\n|-damage|p1a: Incineroar|97/100\n|cant|p1a: Incineroar|flinch\n|move|p2a: Dragapult|Phantom Force||[still]\n|-prepare|p2a: Dragapult|Phantom Force\n|move|p1b: Calyrex|Trick Room|p1b: Calyrex\n|-fieldstart|move: Trick Room|[of] p1b: Calyrex\n|\n|upkeep\n|turn|2\n|\n|t:|1774212627\n|move|p1b: Calyrex|Protect|p1b: Calyrex\n|-singleturn|p1b: Calyrex|Protect\n|move|p1a: Incineroar|U-turn|p2b: Meowstic\n|-supereffective|p2b: Meowstic\n|-damage|p2b: Meowstic|36/100\n|\n|t:|1774212634\n|switch|p1a: Landorus|Landorus, L50, M|100/100|[from] U-turn\n|move|p2b: Meowstic|Baton Pass|p2b: Meowstic\n|\n|t:|1774212640\n|switch|p2b: Terapagos|Terapagos, L50, M|100/100|[from] Baton Pass\n|-activate|p2b: Terapagos|ability: Tera Shift\n|detailschange|p2b: Terapagos|Terapagos-Terastal, L50, M\n|-heal|p2b: Terapagos|100/100|[silent]\n|move|p2a: Dragapult|Phantom Force|p1b: Calyrex|[from] lockedmove\n|-activate|p1b: Calyrex|move: Phantom Force|[broken]\n|-supereffective|p1b: Calyrex\n|-damage|p1b: Calyrex|44/100\n|\n|-heal|p1b: Calyrex|50/100|[from] item: Leftovers\n|upkeep\n|turn|3\n|\n|t:|1774212664\n|-terastallize|p2b: Terapagos|Stellar\n|detailschange|p2b: Terapagos|Terapagos-Stellar, L50, M, tera:Stellar\n|-heal|p2b: Terapagos|100/100|[silent]\n|move|p2a: Dragapult|Sucker Punch|p1b: Calyrex\n|-supereffective|p1b: Calyrex\n|-damage|p1b: Calyrex|20/100\n|move|p1b: Calyrex|Glacial Lance|p2b: Terapagos|[spread] p2a,p2b\n|-supereffective|p2a: Dragapult\n|-damage|p2a: Dragapult|0 fnt\n|-damage|p2b: Terapagos|62/100\n|faint|p2a: Dragapult\n|-ability|p1b: Calyrex|Chilling Neigh|boost\n|-boost|p1b: Calyrex|atk|1\n|move|p1a: Landorus|Earth Power|p2b: Terapagos\n|-damage|p2b: Terapagos|12/100\n|move|p2b: Terapagos|Tera Starstorm|p1b: Calyrex|[spread] p1a,p1b\n|-damage|p1a: Landorus|0 fnt\n|-damage|p1b: Calyrex|0 fnt\n|faint|p1a: Landorus\n|faint|p1b: Calyrex\n|\n|upkeep\n|\n|t:|1774212682\n|switch|p1b: Incineroar|Incineroar, L50, M|97/100\n|switch|p1a: Miraidon|Miraidon, L50|100/100\n|switch|p2a: Meowstic|Meowstic-F, L50, F|36/100\n|-ability|p1b: Incineroar|Intimidate|boost\n|-unboost|p2a: Meowstic|atk|1\n|-ability|p2a: Meowstic|Competitive|boost\n|-boost|p2a: Meowstic|spa|2\n|-unboost|p2b: Terapagos|atk|1\n|-fieldstart|move: Electric Terrain|[from] ability: Hadron Engine|[of] p1a: Miraidon\n|turn|4\n|inactive|kekitokeko has 30 seconds left.\n|inactive|kekitokeko has 20 seconds left.\n|\n|t:|1774212718\n|move|p1b: Incineroar|Fake Out|p2b: Terapagos\n|-damage|p2b: Terapagos|5/100\n|move|p2a: Meowstic|Fake Out|p1b: Incineroar\n|-damage|p1b: Incineroar|94/100\n|cant|p2b: Terapagos|flinch\n|move|p1a: Miraidon|Electro Drift|p2a: Meowstic\n|-damage|p2a: Meowstic|0 fnt\n|faint|p2a: Meowstic\n|\n|upkeep\n|\n|t:|1774212721\n|switch|p2a: Zacian|Zacian-Crowned, L50|100/100\n|-ability|p2a: Zacian|Intrepid Sword|boost\n|-boost|p2a: Zacian|atk|1\n|turn|5\n|\n|t:|1774212745\n|-terastallize|p1a: Miraidon|Fairy\n|move|p1b: Incineroar|Flare Blitz|p2a: Zacian\n|-supereffective|p2a: Zacian\n|-damage|p2a: Zacian|14/100\n|-damage|p1b: Incineroar|69/100|[from] Recoil\n|move|p2b: Terapagos|Tera Starstorm|p1b: Incineroar|[spread] p1a,p1b\n|-supereffective|p1a: Miraidon\n|-damage|p1a: Miraidon|0 fnt\n|-damage|p1b: Incineroar|0 fnt\n|faint|p1a: Miraidon\n|faint|p1b: Incineroar\n|\n|win|Ryll Arai\n|raw|kekitokeko's rating: 1210 &rarr; <strong>1185</strong><br />(-25 for losing)\n|raw|Ryll Arai's rating: 1212 &rarr; <strong>1237</strong><br />(+25 for winning)\n|l|\u203dkekitokeko\n|player|p1|\n|l|\u2606Ryll Arai\n|player|p2|\n","uploadtime":1774212993,"views":13,"formatid":"gen9vgc2026regi","rating":1185,"private":0,"password":null}