{"id":"gen9vgc2026regi-2582211419","format":"[Gen 9] VGC 2026 Reg I","players":["Pyravesta","Praguesheevp"],"log":"|j|\u2606Pyravesta\n|j|\u2606Praguesheevp\n|t:|1776071811\n|gametype|doubles\n|player|p1|Pyravesta|gardenia-masters|1539\n|player|p2|Praguesheevp|169|1491\n|gen|9\n|tier|[Gen 9] VGC 2026 Reg I\n|rated|\n|rule|Species Clause: Limit one of each Pok\u00e9mon\n|rule|Item Clause: Limit 1 of each item\n|clearpoke\n|poke|p1|Miraidon, L50|\n|poke|p1|Ursaluna, L50, M|\n|poke|p1|Volcarona, L50, M|\n|poke|p1|Calyrex-Ice, L50|\n|poke|p1|Iron Hands, L50|\n|poke|p1|Grimmsnarl, L50, M|\n|poke|p2|Calyrex-Ice, L50|\n|poke|p2|Kyogre, L50|\n|poke|p2|Smeargle, L50, F|\n|poke|p2|Roaring Moon, L50|\n|poke|p2|Landorus, L50, M|\n|poke|p2|Ogerpon-Cornerstone, L50, F|\n|teampreview|4\n|inactive|Battle timer is ON: inactive players will automatically lose when time's up. (requested by Pyravesta)\nPyravesta has agreed to open team sheets.\n|\n|t:|1776071836\n|teamsize|p1|4\n|teamsize|p2|4\n|start\n|switch|p1a: Calyrex|Calyrex-Ice, L50|100/100\n|switch|p1b: Grimmsnarl|Grimmsnarl, L50, M|100/100\n|switch|p2a: Landorus|Landorus, L50, M|100/100\n|switch|p2b: Smeargle|Smeargle, L50, F|100/100\n|-ability|p1a: Calyrex|As One\n|-ability|p1a: Calyrex|Unnerve\n|turn|1\n|inactive|Pyravesta has 30 seconds left.\n|\n|t:|1776071867\n|move|p1b: Grimmsnarl|Light Screen|p1b: Grimmsnarl\n|-sidestart|p1: Pyravesta|move: Light Screen\n|move|p2b: Smeargle|Spore|p1a: Calyrex\n|-status|p1a: Calyrex|slp|[from] move: Spore\n|move|p2a: Landorus|Earth Power|p1b: Grimmsnarl\n|-damage|p1b: Grimmsnarl|57/100\n|cant|p1a: Calyrex|slp\n|\n|upkeep\n|turn|2\n|inactive|Praguesheevp has 30 seconds left.\n|\n|t:|1776071896\n|move|p1b: Grimmsnarl|Thunder Wave|p2b: Smeargle\n|-status|p2b: Smeargle|par\n|move|p2a: Landorus|Earth Power|p1a: Calyrex\n|-damage|p1a: Calyrex|65/100 slp\n|cant|p1a: Calyrex|slp\n|cant|p2b: Smeargle|par\n|\n|-heal|p1a: Calyrex|71/100 slp|[from] item: Leftovers\n|upkeep\n|turn|3\n|\n|t:|1776071911\n|switch|p2a: Calyrex|Calyrex-Ice, L50|100/100\n|-ability|p2a: Calyrex|As One\n|-ability|p2a: Calyrex|Unnerve\n|move|p1b: Grimmsnarl|Reflect|p1b: Grimmsnarl\n|-sidestart|p1: Pyravesta|Reflect\n|cant|p1a: Calyrex|slp\n|move|p2b: Smeargle|Spore|p1b: Grimmsnarl\n|-status|p1b: Grimmsnarl|slp|[from] move: Spore\n|\n|-heal|p1a: Calyrex|77/100 slp|[from] item: Leftovers\n|upkeep\n|turn|4\n|\n|t:|1776071928\n|cant|p1b: Grimmsnarl|slp\n|move|p2a: Calyrex|Leech Seed|p1a: Calyrex|[miss]\n|-miss|p2a: Calyrex|p1a: Calyrex\n|-curestatus|p1a: Calyrex|slp|[msg]\n|move|p1a: Calyrex|Leech Seed|p2a: Calyrex\n|-start|p2a: Calyrex|move: Leech Seed\n|move|p2b: Smeargle|Decorate|p2a: Calyrex\n|-boost|p2a: Calyrex|atk|2\n|-boost|p2a: Calyrex|spa|2\n|\n|-heal|p1a: Calyrex|83/100|[from] item: Leftovers\n|-damage|p2a: Calyrex|88/100|[from] Leech Seed|[of] p1a: Calyrex\n|-heal|p1a: Calyrex|95/100|[silent]\n|upkeep\n|turn|5\n|\n|t:|1776071941\n|cant|p1b: Grimmsnarl|slp\n|move|p2a: Calyrex|Leech Seed|p1a: Calyrex\n|-start|p1a: Calyrex|move: Leech Seed\n|move|p1a: Calyrex|Glacial Lance|p2b: Smeargle|[spread] p2a,p2b\n|-resisted|p2a: Calyrex\n|-damage|p2a: Calyrex|74/100\n|-damage|p2b: Smeargle|14/100 par\n|cant|p2b: Smeargle|par\n|\n|-heal|p2a: Calyrex|80/100|[from] item: Leftovers\n|-heal|p1a: Calyrex|100/100|[from] item: Leftovers\n|-damage|p2a: Calyrex|68/100|[from] Leech Seed|[of] p1a: Calyrex\n|-damage|p1a: Calyrex|88/100|[from] Leech Seed|[of] p2a: Calyrex\n|-heal|p2a: Calyrex|80/100|[silent]\n|upkeep\n|turn|6\n|\n|t:|1776071953\n|switch|p2b: Kyogre|Kyogre, L50|100/100\n|-weather|RainDance|[from] ability: Drizzle|[of] p2b: Kyogre\n|cant|p1b: Grimmsnarl|slp\n|move|p2a: Calyrex|Glacial Lance|p1a: Calyrex|[spread] p1a,p1b\n|-resisted|p1a: Calyrex\n|-damage|p1a: Calyrex|70/100\n|-damage|p1b: Grimmsnarl|0 fnt\n|faint|p1b: Grimmsnarl\n|-ability|p2a: Calyrex|Chilling Neigh|boost\n|-boost|p2a: Calyrex|atk|1\n|move|p1a: Calyrex|Glacial Lance|p2b: Kyogre|[spread] p2a,p2b\n|-resisted|p2a: Calyrex\n|-resisted|p2b: Kyogre\n|-damage|p2a: Calyrex|65/100\n|-damage|p2b: Kyogre|78/100\n|\n|-weather|RainDance|[upkeep]\n|-heal|p2a: Calyrex|71/100|[from] item: Leftovers\n|-heal|p1a: Calyrex|76/100|[from] item: Leftovers\n|-damage|p2a: Calyrex|59/100|[from] Leech Seed|[of] p1a: Calyrex\n|-heal|p1a: Calyrex|88/100|[silent]\n|-damage|p1a: Calyrex|76/100|[from] Leech Seed|[of] p2a: Calyrex\n|-heal|p2a: Calyrex|71/100|[silent]\n|upkeep\n|\n|t:|1776071960\n|switch|p1b: Miraidon|Miraidon, L50|100/100\n|-fieldstart|move: Electric Terrain|[from] ability: Hadron Engine|[of] p1b: Miraidon\n|turn|7\n|inactive|Praguesheevp has 30 seconds left.\n|\n|t:|1776071989\n|switch|p1b: Iron Hands|Iron Hands, L50|100/100\n|-activate|p1b: Iron Hands|ability: Quark Drive\n|-start|p1b: Iron Hands|quarkdriveatk\n|-terastallize|p2b: Kyogre|Grass\n|-terastallize|p1a: Calyrex|Water\n|move|p2a: Calyrex|Protect|p2a: Calyrex\n|-singleturn|p2a: Calyrex|Protect\n|move|p2b: Kyogre|Origin Pulse|p1a: Calyrex|[spread] p1a,p1b\n|-resisted|p1a: Calyrex\n|-damage|p1a: Calyrex|53/100\n|-damage|p1b: Iron Hands|63/100\n|move|p1a: Calyrex|Glacial Lance|p2a: Calyrex|[spread] p2b\n|-activate|p2a: Calyrex|move: Protect\n|-supereffective|p2b: Kyogre\n|-damage|p2b: Kyogre|0 fnt\n|faint|p2b: Kyogre\n|-ability|p1a: Calyrex|Chilling Neigh|boost\n|-boost|p1a: Calyrex|atk|1\n|\n|-weather|RainDance|[upkeep]\n|-heal|p2a: Calyrex|77/100|[from] item: Leftovers\n|-heal|p1a: Calyrex|58/100|[from] item: Leftovers\n|-damage|p2a: Calyrex|65/100|[from] Leech Seed|[of] p1a: Calyrex\n|-heal|p1a: Calyrex|71/100|[silent]\n|-damage|p1a: Calyrex|58/100|[from] Leech Seed|[of] p2a: Calyrex\n|-heal|p2a: Calyrex|77/100|[silent]\n|upkeep\n|\n|t:|1776072000\n|switch|p2b: Smeargle|Smeargle, L50, F|14/100 par\n|turn|8\n|\n|t:|1776072011\n|move|p1b: Iron Hands|Fake Out|p2b: Smeargle\n|-damage|p2b: Smeargle|0 fnt\n|faint|p2b: Smeargle\n|move|p2a: Calyrex|Glacial Lance|p1a: Calyrex|[spread] p1a,p1b\n|-resisted|p1a: Calyrex\n|-damage|p1a: Calyrex|39/100\n|-damage|p1b: Iron Hands|7/100\n|move|p1a: Calyrex|Glacial Lance|p2a: Calyrex\n|-resisted|p2a: Calyrex\n|-damage|p2a: Calyrex|48/100\n|\n|-weather|RainDance|[upkeep]\n|-heal|p2a: Calyrex|54/100|[from] item: Leftovers\n|-heal|p1a: Calyrex|45/100|[from] item: Leftovers\n|-damage|p2a: Calyrex|42/100|[from] Leech Seed|[of] p1a: Calyrex\n|-heal|p1a: Calyrex|57/100|[silent]\n|-damage|p1a: Calyrex|45/100|[from] Leech Seed|[of] p2a: Calyrex\n|-heal|p2a: Calyrex|54/100|[silent]\n|-sideend|p1: Pyravesta|move: Light Screen\n|upkeep\n|\n|t:|1776072020\n|switch|p2b: Landorus|Landorus, L50, M|100/100\n|turn|9\n|inactive|Pyravesta has 30 seconds left.\n|\n|t:|1776072049\n|move|p1a: Calyrex|Protect|p1a: Calyrex\n|-singleturn|p1a: Calyrex|Protect\n|move|p2b: Landorus|Sandsear Storm|p1b: Iron Hands|[spread] p1b\n|-activate|p1a: Calyrex|move: Protect\n|-supereffective|p1b: Iron Hands\n|-crit|p1b: Iron Hands\n|-damage|p1b: Iron Hands|0 fnt\n|faint|p1b: Iron Hands\n|-end|p1b: Iron Hands|Quark Drive|[silent]\n|move|p2a: Calyrex|Glacial Lance|p1a: Calyrex\n|-activate|p1a: Calyrex|move: Protect\n|\n|-weather|RainDance|[upkeep]\n|-heal|p2a: Calyrex|59/100|[from] item: Leftovers\n|-heal|p1a: Calyrex|51/100|[from] item: Leftovers\n|-damage|p2a: Calyrex|47/100|[from] Leech Seed|[of] p1a: Calyrex\n|-heal|p1a: Calyrex|63/100|[silent]\n|-damage|p1a: Calyrex|51/100|[from] Leech Seed|[of] p2a: Calyrex\n|-heal|p2a: Calyrex|59/100|[silent]\n|upkeep\n|\n|t:|1776072059\n|switch|p1b: Miraidon|Miraidon, L50|100/100\n|-activate|p1b: Miraidon|ability: Hadron Engine\n|turn|10\n|\n|t:|1776072074\n|move|p2a: Calyrex|Protect|p2a: Calyrex\n|-singleturn|p2a: Calyrex|Protect\n|move|p1b: Miraidon|Electro Drift|p2a: Calyrex\n|-activate|p2a: Calyrex|move: Protect\n|move|p2b: Landorus|Earth Power|p1b: Miraidon\n|-supereffective|p1b: Miraidon\n|-damage|p1b: Miraidon|0 fnt\n|faint|p1b: Miraidon\n|move|p1a: Calyrex|Glacial Lance|p2b: Landorus|[spread] p2b\n|-activate|p2a: Calyrex|move: Protect\n|-supereffective|p2b: Landorus\n|-damage|p2b: Landorus|0 fnt\n|faint|p2b: Landorus\n|-ability|p1a: Calyrex|Chilling Neigh|boost\n|-boost|p1a: Calyrex|atk|1\n|\n|-weather|none\n|-heal|p2a: Calyrex|65/100|[from] item: Leftovers\n|-heal|p1a: Calyrex|57/100|[from] item: Leftovers\n|-damage|p2a: Calyrex|53/100|[from] Leech Seed|[of] p1a: Calyrex\n|-heal|p1a: Calyrex|69/100|[silent]\n|-damage|p1a: Calyrex|57/100|[from] Leech Seed|[of] p2a: Calyrex\n|-heal|p2a: Calyrex|65/100|[silent]\n|-sideend|p1: Pyravesta|Reflect\n|upkeep\n|turn|11\n|\n|t:|1776072092\n|move|p2a: Calyrex|Glacial Lance|p1a: Calyrex\n|-resisted|p1a: Calyrex\n|-damage|p1a: Calyrex|12/100\n|move|p1a: Calyrex|High Horsepower|p2a: Calyrex\n|-damage|p2a: Calyrex|21/100\n|\n|-heal|p2a: Calyrex|27/100|[from] item: Leftovers\n|-heal|p1a: Calyrex|17/100|[from] item: Leftovers\n|-damage|p2a: Calyrex|15/100|[from] Leech Seed|[of] p1a: Calyrex\n|-heal|p1a: Calyrex|29/100|[silent]\n|-damage|p1a: Calyrex|17/100|[from] Leech Seed|[of] p2a: Calyrex\n|-heal|p2a: Calyrex|27/100|[silent]\n|-fieldend|move: Electric Terrain\n|upkeep\n|turn|12\n|\n|t:|1776072103\n|move|p1a: Calyrex|Protect|p1a: Calyrex\n|-singleturn|p1a: Calyrex|Protect\n|move|p2a: Calyrex|Glacial Lance|p1a: Calyrex\n|-activate|p1a: Calyrex|move: Protect\n|\n|-heal|p2a: Calyrex|33/100|[from] item: Leftovers\n|-heal|p1a: Calyrex|23/100|[from] item: Leftovers\n|-damage|p2a: Calyrex|21/100|[from] Leech Seed|[of] p1a: Calyrex\n|-heal|p1a: Calyrex|35/100|[silent]\n|-damage|p1a: Calyrex|23/100|[from] Leech Seed|[of] p2a: Calyrex\n|-heal|p2a: Calyrex|33/100|[silent]\n|upkeep\n|turn|13\n|\n|t:|1776072109\n|move|p2a: Calyrex|Glacial Lance|p1a: Calyrex\n|-resisted|p1a: Calyrex\n|-damage|p1a: Calyrex|0 fnt\n|faint|p1a: Calyrex\n|\n|win|Praguesheevp\n|raw|Pyravesta's rating: 1539 &rarr; <strong>1516</strong><br />(-23 for losing)\n|raw|Praguesheevp's rating: 1491 &rarr; <strong>1514</strong><br />(+23 for winning)\n|l|\u2606Pyravesta\n|player|p1|\n|l|\u2606Praguesheevp\n|player|p2|\n","uploadtime":1776072297,"views":15,"formatid":"gen9vgc2026regi","rating":1514,"private":0,"password":null}