{"id":"gen9vgc2026regi-2518574756","format":"[Gen 9] VGC 2026 Reg I","players":["ScribbleScribble","Monkebs"],"log":"|j|\u2606ScribbleScribble\n|j|\u2606Monkebs\n|t:|1768406132\n|gametype|doubles\n|player|p1|ScribbleScribble|mina-lgpe|1370\n|player|p2|Monkebs|kieran-champion|1317\n|gen|9\n|tier|[Gen 9] VGC 2026 Reg I\n|rated|\n|rule|Species Clause: Limit one of each Pok\u00e9mon\n|rule|Item Clause: Limit 1 of each item\n|clearpoke\n|poke|p1|Calyrex-Ice, L50|\n|poke|p1|Kyogre, L50|\n|poke|p1|Tornadus, L50, M|\n|poke|p1|Indeedee-F, L50, F|\n|poke|p1|Urshifu-*, L50, M|\n|poke|p1|Landorus, L50, M|\n|poke|p2|Calyrex-Ice, L50|\n|poke|p2|Armarouge, L50, F|\n|poke|p2|Indeedee-F, L50, F|\n|poke|p2|Decidueye-Hisui, L50, F|\n|poke|p2|Ursaluna-Bloodmoon, L50, M|\n|poke|p2|Terapagos, L50, M|\n|teampreview|4\n|inactive|Battle timer is ON: inactive players will automatically lose when time's up. (requested by ScribbleScribble)\n|c|\u2606Monkebs|glhf\n|\n|t:|1768406149\n|teamsize|p1|4\n|teamsize|p2|4\n|start\n|switch|p1a: Tornadus|Tornadus, L50, M|100/100\n|switch|p1b: Calyrex|Calyrex-Ice, L50|100/100\n|switch|p2a: I'm|Armarouge, L50, F|100/100\n|switch|p2b: Unrepentant|Indeedee-F, L50, F|100/100\n|-ability|p1b: Calyrex|As One\n|-ability|p1b: Calyrex|Unnerve\n|-fieldstart|move: Psychic Terrain|[from] ability: Psychic Surge|[of] p2b: Unrepentant\n|-enditem|p2a: I'm|Psychic Seed\n|-boost|p2a: I'm|spd|1|[from] item: Psychic Seed\n|turn|1\n|\n|t:|1768406155\n|move|p2b: Unrepentant|Follow Me|p2b: Unrepentant\n|-singleturn|p2b: Unrepentant|move: Follow Me\n|move|p1a: Tornadus|Bleakwind Storm|p2a: I'm|[spread] p2a,p2b\n|-damage|p2a: I'm|72/100\n|-damage|p2b: Unrepentant|73/100\n|move|p1b: Calyrex|Glacial Lance|p2a: I'm|[spread] p2a,p2b\n|-resisted|p2a: I'm\n|-damage|p2a: I'm|48/100\n|-damage|p2b: Unrepentant|2/100\n|move|p2a: I'm|Trick Room|p2a: I'm\n|-fieldstart|move: Trick Room|[of] p2a: I'm\n|\n|upkeep\n|turn|2\n|\n|t:|1768406167\n|move|p1a: Tornadus|Rain Dance|p1a: Tornadus\n|-weather|RainDance\n|move|p2a: I'm|Armor Cannon|p1b: Calyrex\n|-supereffective|p1b: Calyrex\n|-damage|p1b: Calyrex|52/100\n|-unboost|p2a: I'm|def|1\n|-unboost|p2a: I'm|spd|1\n|move|p2b: Unrepentant|Hyper Voice|p1a: Tornadus|[spread] p1a,p1b\n|-damage|p1a: Tornadus|67/100\n|-damage|p1b: Calyrex|35/100\n|move|p1b: Calyrex|Glacial Lance|p2b: Unrepentant|[spread] p2a,p2b\n|-resisted|p2a: I'm\n|-damage|p2a: I'm|11/100\n|-damage|p2b: Unrepentant|0 fnt\n|faint|p2b: Unrepentant\n|-ability|p1b: Calyrex|Chilling Neigh|boost\n|-boost|p1b: Calyrex|atk|1\n|\n|-weather|RainDance|[upkeep]\n|upkeep\n|\n|t:|1768406177\n|switch|p2b: Diamond Pick|Terapagos, L50, M|100/100\n|-activate|p2b: Diamond Pick|ability: Tera Shift\n|detailschange|p2b: Diamond Pick|Terapagos-Terastal, L50, M\n|-heal|p2b: Diamond Pick|100/100|[silent]\n|turn|3\n|\n|t:|1768406193\n|move|p2a: I'm|Expanding Force|p1b: Calyrex|[spread] p1a,p1b\n|-resisted|p1b: Calyrex\n|-damage|p1a: Tornadus|0 fnt\n|-damage|p1b: Calyrex|9/100\n|faint|p1a: Tornadus\n|move|p2b: Diamond Pick|Tera Starstorm|p1b: Calyrex\n|-damage|p1b: Calyrex|0 fnt\n|faint|p1b: Calyrex\n|\n|-weather|RainDance|[upkeep]\n|upkeep\n|\n|t:|1768406196\n|switch|p1b: Urshifu|Urshifu-Rapid-Strike, L50, M|100/100\n|switch|p1a: Kyogre|Kyogre, L50|100/100\n|turn|4\n|\n|t:|1768406205\n|-terastallize|p2b: Diamond Pick|Stellar\n|detailschange|p2b: Diamond Pick|Terapagos-Stellar, L50, M, tera:Stellar\n|-heal|p2b: Diamond Pick|100/100|[silent]\n|-ability|p2b: Diamond Pick|Teraform Zero\n|-weather|none\n|-fieldend|move: Psychic Terrain\n|-terastallize|p1b: Urshifu|Ghost\n|move|p2a: I'm|Expanding Force|p1b: Urshifu\n|-damage|p1b: Urshifu|41/100\n|move|p2b: Diamond Pick|Tera Starstorm|p1b: Urshifu|[spread] p1a,p1b\n|-supereffective|p1b: Urshifu\n|-damage|p1a: Kyogre|76/100\n|-damage|p1b: Urshifu|0 fnt\n|faint|p1b: Urshifu\n|move|p1a: Kyogre|Water Spout|p2a: I'm|[spread] p2a,p2b\n|-supereffective|p2a: I'm\n|-damage|p2a: I'm|0 fnt\n|-damage|p2b: Diamond Pick|66/100\n|faint|p2a: I'm\n|\n|-heal|p2b: Diamond Pick|72/100|[from] item: Leftovers\n|upkeep\n|\n|t:|1768406219\n|switch|p2a: Roaring Fraud|Calyrex-Ice, L50|100/100\n|-ability|p2a: Roaring Fraud|As One\n|-ability|p2a: Roaring Fraud|Unnerve\n|turn|5\n|\n|t:|1768406222\n|move|p1a: Kyogre|Protect|p1a: Kyogre\n|-singleturn|p1a: Kyogre|Protect\n|move|p2a: Roaring Fraud|Zen Headbutt|p1a: Kyogre\n|-activate|p1a: Kyogre|move: Protect\n|move|p2b: Diamond Pick|Tera Starstorm|p1a: Kyogre\n|-activate|p1a: Kyogre|move: Protect\n|\n|-heal|p2b: Diamond Pick|79/100|[from] item: Leftovers\n|-fieldend|move: Trick Room\n|upkeep\n|turn|6\n|c|\u2606Monkebs|ggwp\n|\n|t:|1768406229\n|move|p1a: Kyogre|Water Spout|p2a: Roaring Fraud|[spread] p2a,p2b\n|-damage|p2a: Roaring Fraud|57/100\n|-damage|p2b: Diamond Pick|39/100\n|move|p2b: Diamond Pick|Tera Starstorm|p1a: Kyogre\n|-damage|p1a: Kyogre|40/100\n|move|p2a: Roaring Fraud|Trick Room|p2a: Roaring Fraud\n|-fieldstart|move: Trick Room|[of] p2a: Roaring Fraud\n|\n|-heal|p2b: Diamond Pick|45/100|[from] item: Leftovers\n|upkeep\n|turn|7\n|\n|t:|1768406238\n|move|p2a: Roaring Fraud|Zen Headbutt|p1a: Kyogre\n|-damage|p1a: Kyogre|0 fnt\n|faint|p1a: Kyogre\n|\n|win|Monkebs\n|raw|ScribbleScribble's rating: 1387 &rarr; <strong>1363</strong><br />(-24 for losing)\n|raw|Monkebs's rating: 1317 &rarr; <strong>1341</strong><br />(+24 for winning)\n|l|\u2606ScribbleScribble\n|player|p1|\n|l|\u2606Monkebs\n|player|p2|\n","uploadtime":1768406514,"views":17,"formatid":"gen9vgc2026regi","rating":1341,"private":0,"password":null}