{"id":"gen9vgc2026regi-2544468383","format":"[Gen 9] VGC 2026 Reg I","players":["j0l0k0","Preuve_3"],"log":"|j|\u2606j0l0k0\n|j|\u2606Preuve_3\n|t:|1771710378\n|gametype|doubles\n|player|p1|j0l0k0|brycen|1438\n|player|p2|Preuve_3|2|1485\n|gen|9\n|tier|[Gen 9] VGC 2026 Reg I\n|rated|\n|rule|Species Clause: Limit one of each Pok\u00e9mon\n|rule|Item Clause: Limit 1 of each item\n|clearpoke\n|poke|p1|Calyrex-Ice, L50|\n|poke|p1|Kyogre, L50|\n|poke|p1|Indeedee-F, L50, F|\n|poke|p1|Urshifu-*, L50, F|\n|poke|p1|Amoonguss, L50, F|\n|poke|p1|Landorus, L50, M|\n|poke|p2|Zamazenta-*, L50|\n|poke|p2|Ho-Oh, L50|\n|poke|p2|Dondozo, L50, M|\n|poke|p2|Wyrdeer, L50, M|\n|poke|p2|Rhydon, L50, F|\n|poke|p2|Ninetales-Alola, L50, F|\n|teampreview|4\n|inactive|Battle timer is ON: inactive players will automatically lose when time's up. (requested by j0l0k0)\n|inactive|Preuve_3 has 60 seconds left.\n|\n|t:|1771710428\n|teamsize|p1|4\n|teamsize|p2|4\n|start\n|switch|p1a: Indeedee|Indeedee-F, L50, F, shiny|100/100\n|switch|p1b: Calyrex|Calyrex-Ice, L50|100/100\n|switch|p2a: Zamazenta|Zamazenta-Crowned, L50|100/100\n|switch|p2b: Ho-Oh|Ho-Oh, L50|100/100\n|-ability|p1b: Calyrex|As One\n|-ability|p1b: Calyrex|Unnerve\n|-ability|p2a: Zamazenta|Dauntless Shield|boost\n|-boost|p2a: Zamazenta|def|1\n|-fieldstart|move: Psychic Terrain|[from] ability: Psychic Surge|[of] p1a: Indeedee\n|turn|1\n|\n|t:|1771710444\n|move|p1a: Indeedee|Follow Me|p1a: Indeedee\n|-singleturn|p1a: Indeedee|move: Follow Me\n|move|p2a: Zamazenta|Body Press|p1a: Indeedee\n|-damage|p1a: Indeedee|33/100\n|move|p2b: Ho-Oh|Heat Wave|p1b: Calyrex|[spread] p1a\n|-miss|p2b: Ho-Oh|p1b: Calyrex\n|-damage|p1a: Indeedee|2/100\n|move|p1b: Calyrex|Trick Room|p1b: Calyrex\n|-fieldstart|move: Trick Room|[of] p1b: Calyrex\n|\n|upkeep\n|turn|2\n|inactive|j0l0k0 has 30 seconds left.\n|inactive|Preuve_3 has 30 seconds left.\n|inactive|Preuve_3 has 20 seconds left.\n|inactive|Preuve_3 has 15 seconds left.\n|\n|t:|1771710484\n|switch|p2b: Dondozo|Dondozo, L50, M|100/100\n|-terastallize|p1b: Calyrex|Normal\n|move|p1b: Calyrex|Close Combat|p2a: Zamazenta\n|-supereffective|p2a: Zamazenta\n|-damage|p2a: Zamazenta|54/100\n|-unboost|p1b: Calyrex|def|1\n|-unboost|p1b: Calyrex|spd|1\n|move|p1a: Indeedee|Psychic|p2a: Zamazenta\n|-damage|p2a: Zamazenta|29/100\n|move|p2a: Zamazenta|Body Press|p1b: Calyrex\n|-supereffective|p1b: Calyrex\n|-damage|p1b: Calyrex|0 fnt\n|faint|p1b: Calyrex\n|\n|upkeep\n|\n|t:|1771710505\n|switch|p1b: Kyogre|Kyogre, L50, shiny|100/100\n|-weather|RainDance|[from] ability: Drizzle|[of] p1b: Kyogre\n|turn|3\n|inactive|Preuve_3 has 30 seconds left.\n|\n|t:|1771710531\n|move|p2a: Zamazenta|Wide Guard|p2a: Zamazenta\n|-singleturn|p2a: Zamazenta|Wide Guard\n|move|p1a: Indeedee|Follow Me|p1a: Indeedee\n|-singleturn|p1a: Indeedee|move: Follow Me\n|move|p2b: Dondozo|Wave Crash|p1a: Indeedee\n|-damage|p1a: Indeedee|0 fnt\n|faint|p1a: Indeedee\n|-damage|p2b: Dondozo|99/100|[from] Recoil\n|move|p1b: Kyogre|Water Spout|p2a: Zamazenta|[spread] \n|-activate|p2a: Zamazenta|move: Wide Guard\n|-activate|p2b: Dondozo|move: Wide Guard\n|\n|-weather|RainDance|[upkeep]\n|upkeep\n|\n|t:|1771710535\n|switch|p1a: Urshifu|Urshifu, L50, F|100/100\n|turn|4\n|\n|t:|1771710550\n|move|p2a: Zamazenta|Wide Guard|p2a: Zamazenta\n|-singleturn|p2a: Zamazenta|Wide Guard\n|move|p2b: Dondozo|Wave Crash|p1a: Urshifu\n|-damage|p1a: Urshifu|35/100\n|-damage|p2b: Dondozo|85/100|[from] Recoil\n|move|p1b: Kyogre|Thunder|p2b: Dondozo\n|-supereffective|p2b: Dondozo\n|-damage|p2b: Dondozo|38/100\n|-status|p2b: Dondozo|par\n|move|p1a: Urshifu|Close Combat|p2a: Zamazenta\n|-supereffective|p2a: Zamazenta\n|-damage|p2a: Zamazenta|0 fnt\n|-unboost|p1a: Urshifu|def|1\n|-unboost|p1a: Urshifu|spd|1\n|faint|p2a: Zamazenta\n|\n|-weather|RainDance|[upkeep]\n|upkeep\n|inactive|Preuve_3 has 30 seconds left.\n|\n|t:|1771710576\n|switch|p2a: Ho-Oh|Ho-Oh, L50|100/100\n|turn|5\n|inactive|Preuve_3 has 30 seconds left.\n|\n|t:|1771710609\n|-terastallize|p2a: Ho-Oh|Grass\n|move|p1a: Urshifu|Protect|p1a: Urshifu\n|-singleturn|p1a: Urshifu|Protect\n|move|p2b: Dondozo|Wave Crash|p1a: Urshifu\n|-activate|p1a: Urshifu|move: Protect\n|move|p1b: Kyogre|Water Spout|p2b: Dondozo|[spread] p2a,p2b\n|-resisted|p2a: Ho-Oh\n|-resisted|p2b: Dondozo\n|-damage|p2a: Ho-Oh|66/100\n|-damage|p2b: Dondozo|15/100 par\n|move|p2a: Ho-Oh|Giga Drain|p1a: Urshifu\n|-activate|p1a: Urshifu|move: Protect\n|\n|-weather|RainDance|[upkeep]\n|-heal|p2a: Ho-Oh|72/100|[from] item: Leftovers\n|-fieldend|move: Trick Room\n|-fieldend|move: Psychic Terrain\n|upkeep\n|turn|6\n|\n|t:|1771710633\n|move|p1a: Urshifu|Poison Jab|p2a: Ho-Oh\n|-supereffective|p2a: Ho-Oh\n|-damage|p2a: Ho-Oh|10/100\n|move|p2a: Ho-Oh|Giga Drain|p1a: Urshifu\n|-damage|p1a: Urshifu|0 fnt\n|-heal|p2a: Ho-Oh|25/100|[from] drain|[of] p1a: Urshifu\n|faint|p1a: Urshifu\n|move|p1b: Kyogre|Ice Beam|p2a: Ho-Oh\n|-supereffective|p2a: Ho-Oh\n|-damage|p2a: Ho-Oh|0 fnt\n|faint|p2a: Ho-Oh\n|cant|p2b: Dondozo|par\n|\n|-weather|RainDance|[upkeep]\n|upkeep\n|-message|Preuve_3 forfeited.\n|\n|win|j0l0k0\n|raw|j0l0k0's rating: 1452 &rarr; <strong>1474</strong><br />(+22 for winning)\n|raw|Preuve_3's rating: 1485 &rarr; <strong>1463</strong><br />(-22 for losing)\n|l|\u2606Preuve_3\n|player|p2|\n|l|\u2606j0l0k0\n|player|p1|\n|j| dragonnathan025\n|l| dragonnathan025\n","uploadtime":1771710911,"views":18,"formatid":"gen9vgc2026regi","rating":1463,"private":0,"password":null}