{"id":"gen9vgc2026regi-2547471380","format":"[Gen 9] VGC 2026 Reg I","players":["zst666","fogdocker"],"log":"|j|\u2606zst666\n|j|\u2606fogdocker\n|t:|1772094424\n|gametype|doubles\n|player|p1|zst666|ghetsis|1481\n|player|p2|fogdocker|1|1409\n|gen|9\n|tier|[Gen 9] VGC 2026 Reg I\n|rated|\n|rule|Species Clause: Limit one of each Pok\u00e9mon\n|rule|Item Clause: Limit 1 of each item\n|clearpoke\n|poke|p1|Calyrex-Ice, L50|\n|poke|p1|Kyogre, L50|\n|poke|p1|Raging Bolt, L50|\n|poke|p1|Flutter Mane, L50|\n|poke|p1|Incineroar, L50, F|\n|poke|p1|Amoonguss, L50, F|\n|poke|p2|Calyrex-Ice, L50|\n|poke|p2|Koraidon, L50|\n|poke|p2|Flutter Mane, L50|\n|poke|p2|Incineroar, L50, M|\n|poke|p2|Rillaboom, L50, F|\n|poke|p2|Volcarona, L50, M|\n|teampreview|4\n|inactive|Battle timer is ON: inactive players will automatically lose when time's up. (requested by zst666)\n|\n|t:|1772094453\n|teamsize|p1|4\n|teamsize|p2|4\n|start\n|switch|p1a: Raging Bolt|Raging Bolt, L50|100/100\n|switch|p1b: Incineroar|Incineroar, L50, F, shiny|100/100\n|switch|p2a: Rillaboom|Rillaboom, L50, F|100/100\n|switch|p2b: Calyrex|Calyrex-Ice, L50|100/100\n|-ability|p2b: Calyrex|As One\n|-ability|p2b: Calyrex|Unnerve\n|-fieldstart|move: Grassy Terrain|[from] ability: Grassy Surge|[of] p2a: Rillaboom\n|-ability|p1b: Incineroar|Intimidate|boost\n|-unboost|p2a: Rillaboom|atk|1\n|-unboost|p2b: Calyrex|atk|1\n|-enditem|p1a: Raging Bolt|Booster Energy\n|-activate|p1a: Raging Bolt|ability: Protosynthesis|[fromitem]\n|-start|p1a: Raging Bolt|protosynthesisspa\n|turn|1\n|\n|t:|1772094476\n|-terastallize|p1a: Raging Bolt|Electric\n|move|p2a: Rillaboom|Fake Out|p1b: Incineroar\n|-damage|p1b: Incineroar|94/100\n|cant|p1b: Incineroar|flinch\n|move|p1a: Raging Bolt|Thunderbolt|p2b: Calyrex\n|-damage|p2b: Calyrex|46/100\n|-status|p2b: Calyrex|par\n|cant|p2b: Calyrex|par\n|\n|-heal|p1b: Incineroar|99/100|[from] Grassy Terrain\n|-heal|p2b: Calyrex|52/100 par|[from] Grassy Terrain\n|-heal|p2b: Calyrex|58/100 par|[from] item: Leftovers\n|upkeep\n|turn|2\n|inactive|zst666 has 30 seconds left.\n|\n|t:|1772094503\n|move|p2b: Calyrex|Protect|p2b: Calyrex\n|-singleturn|p2b: Calyrex|Protect\n|move|p2a: Rillaboom|U-turn|p1a: Raging Bolt\n|-damage|p1a: Raging Bolt|88/100\n|\n|t:|1772094508\n|switch|p2a: Koraidon|Koraidon, L50|100/100|[from] U-turn\n|-weather|SunnyDay|[from] ability: Orichalcum Pulse|[of] p2a: Koraidon\n|-activate|p2a: Koraidon|Orichalcum Pulse|[source]\n|move|p1a: Raging Bolt|Dragon Pulse|p2a: Koraidon\n|-supereffective|p2a: Koraidon\n|-damage|p2a: Koraidon|0 fnt\n|faint|p2a: Koraidon\n|move|p1b: Incineroar|Parting Shot|p2b: Calyrex\n|-activate|p2b: Calyrex|move: Protect\n|\n|-weather|SunnyDay|[upkeep]\n|-heal|p1a: Raging Bolt|94/100|[from] Grassy Terrain\n|-heal|p1b: Incineroar|100/100|[from] Grassy Terrain\n|-heal|p2b: Calyrex|64/100 par|[from] Grassy Terrain\n|-heal|p2b: Calyrex|70/100 par|[from] item: Leftovers\n|upkeep\n|\n|t:|1772094522\n|switch|p2a: Incineroar|Incineroar, L50, M|100/100\n|-ability|p2a: Incineroar|Intimidate|boost\n|-unboost|p1a: Raging Bolt|atk|1\n|-unboost|p1b: Incineroar|atk|1\n|turn|3\n|\n|t:|1772094531\n|move|p2a: Incineroar|Fake Out|p1a: Raging Bolt\n|-damage|p1a: Raging Bolt|84/100\n|cant|p1a: Raging Bolt|flinch\n|move|p1b: Incineroar|Parting Shot|p2b: Calyrex\n|-unboost|p2b: Calyrex|atk|1\n|-unboost|p2b: Calyrex|spa|1\n|\n|t:|1772094539\n|switch|p1b: Kyogre|Kyogre, L50, shiny|100/100|[from] Parting Shot\n|-weather|RainDance|[from] ability: Drizzle|[of] p1b: Kyogre\n|move|p2b: Calyrex|Leech Seed|p1a: Raging Bolt\n|-start|p1a: Raging Bolt|move: Leech Seed\n|\n|-weather|RainDance|[upkeep]\n|-heal|p1a: Raging Bolt|90/100|[from] Grassy Terrain\n|-heal|p2b: Calyrex|75/100 par|[from] Grassy Terrain\n|-heal|p2b: Calyrex|81/100 par|[from] item: Leftovers\n|-damage|p1a: Raging Bolt|78/100|[from] Leech Seed|[of] p2b: Calyrex\n|-heal|p2b: Calyrex|94/100 par|[silent]\n|upkeep\n|turn|4\n|\n|t:|1772094559\n|-end|p1a: Raging Bolt|Protosynthesis|[silent]\n|switch|p1a: Incineroar|Incineroar, L50, F, shiny|100/100\n|-ability|p1a: Incineroar|Intimidate|boost\n|-unboost|p2a: Incineroar|atk|1\n|-unboost|p2b: Calyrex|atk|1\n|switch|p2a: Rillaboom|Rillaboom, L50, F|100/100\n|move|p1b: Kyogre|Water Spout|p2b: Calyrex|[spread] p2a,p2b\n|-resisted|p2a: Rillaboom\n|-damage|p2a: Rillaboom|66/100\n|-damage|p2b: Calyrex|14/100 par\n|move|p2b: Calyrex|Leech Seed|p1b: Kyogre\n|-start|p1b: Kyogre|move: Leech Seed\n|\n|-weather|RainDance|[upkeep]\n|-heal|p2a: Rillaboom|72/100|[from] Grassy Terrain\n|-heal|p2b: Calyrex|20/100 par|[from] Grassy Terrain\n|-heal|p2b: Calyrex|26/100 par|[from] item: Leftovers\n|-damage|p1b: Kyogre|88/100|[from] Leech Seed|[of] p2b: Calyrex\n|-heal|p2b: Calyrex|36/100 par|[silent]\n|upkeep\n|turn|5\n|\n|t:|1772094580\n|-terastallize|p2b: Calyrex|Water\n|move|p2a: Rillaboom|Fake Out|p1b: Kyogre\n|-crit|p1b: Kyogre\n|-damage|p1b: Kyogre|66/100\n|cant|p1b: Kyogre|flinch\n|move|p1a: Incineroar|Knock Off|p2b: Calyrex\n|-damage|p2b: Calyrex|15/100 par\n|-enditem|p2b: Calyrex|Leftovers|[from] move: Knock Off|[of] p1a: Incineroar\n|move|p2b: Calyrex|Leech Seed|p1a: Incineroar\n|-start|p1a: Incineroar|move: Leech Seed\n|\n|-weather|RainDance|[upkeep]\n|-heal|p1b: Kyogre|72/100|[from] Grassy Terrain\n|-heal|p2a: Rillaboom|78/100|[from] Grassy Terrain\n|-heal|p2b: Calyrex|21/100 par|[from] Grassy Terrain\n|-damage|p1b: Kyogre|60/100|[from] Leech Seed|[of] p2b: Calyrex\n|-heal|p2b: Calyrex|32/100 par|[silent]\n|-damage|p1a: Incineroar|88/100|[from] Leech Seed|[of] p2b: Calyrex\n|-heal|p2b: Calyrex|44/100 par|[silent]\n|-fieldend|move: Grassy Terrain\n|upkeep\n|turn|6\n|\n|t:|1772094600\n|switch|p1b: Raging Bolt|Raging Bolt, L50, tera:Electric|78/100\n|move|p2a: Rillaboom|U-turn|p1a: Incineroar\n|-damage|p1a: Incineroar|72/100\n|\n|t:|1772094605\n|switch|p2a: Incineroar|Incineroar, L50, M|100/100|[from] U-turn\n|-ability|p2a: Incineroar|Intimidate|boost\n|-unboost|p1a: Incineroar|atk|1\n|-unboost|p1b: Raging Bolt|atk|1\n|move|p1a: Incineroar|Parting Shot|p2a: Incineroar\n|-unboost|p2a: Incineroar|atk|1\n|-unboost|p2a: Incineroar|spa|1\n|\n|t:|1772094614\n|switch|p1a: Kyogre|Kyogre, L50, shiny|60/100|[from] Parting Shot\n|cant|p2b: Calyrex|par\n|\n|-weather|RainDance|[upkeep]\n|upkeep\n|turn|7\n|\n|t:|1772094624\n|switch|p1a: Incineroar|Incineroar, L50, F, shiny|72/100\n|-ability|p1a: Incineroar|Intimidate|boost\n|-unboost|p2a: Incineroar|atk|1\n|-unboost|p2b: Calyrex|atk|1\n|switch|p2b: Rillaboom|Rillaboom, L50, F|78/100\n|-fieldstart|move: Grassy Terrain|[from] ability: Grassy Surge|[of] p2b: Rillaboom\n|move|p2a: Incineroar|Fake Out|p1a: Incineroar\n|-damage|p1a: Incineroar|68/100\n|move|p1b: Raging Bolt|Thunderbolt|p2b: Rillaboom\n|-resisted|p2b: Rillaboom\n|-damage|p2b: Rillaboom|58/100\n|\n|-weather|none\n|-heal|p2b: Rillaboom|64/100|[from] Grassy Terrain\n|-heal|p1b: Raging Bolt|84/100|[from] Grassy Terrain\n|-heal|p1a: Incineroar|74/100|[from] Grassy Terrain\n|upkeep\n|turn|8\n|\n|t:|1772094644\n|move|p2b: Rillaboom|Fake Out|p1a: Incineroar\n|-damage|p1a: Incineroar|64/100\n|move|p1b: Raging Bolt|Thunderbolt|p2a: Incineroar\n|-damage|p2a: Incineroar|35/100\n|cant|p1a: Incineroar|flinch\n|move|p2a: Incineroar|Flare Blitz|p1b: Raging Bolt\n|-damage|p1b: Raging Bolt|63/100\n|-damage|p2a: Incineroar|28/100|[from] Recoil\n|\n|-heal|p2b: Rillaboom|70/100|[from] Grassy Terrain\n|-heal|p1b: Raging Bolt|69/100|[from] Grassy Terrain\n|-heal|p1a: Incineroar|70/100|[from] Grassy Terrain\n|-heal|p2a: Incineroar|34/100|[from] Grassy Terrain\n|upkeep\n|turn|9\n|\n|t:|1772094662\n|move|p2b: Rillaboom|Wood Hammer|p1b: Raging Bolt\n|-damage|p1b: Raging Bolt|8/100\n|-damage|p2b: Rillaboom|48/100|[from] Recoil\n|move|p1b: Raging Bolt|Dragon Pulse|p2b: Rillaboom\n|-damage|p2b: Rillaboom|20/100\n|move|p1a: Incineroar|Knock Off|p2b: Rillaboom\n|-damage|p2b: Rillaboom|0 fnt\n|-enditem|p2b: Rillaboom|Assault Vest|[from] move: Knock Off|[of] p1a: Incineroar\n|faint|p2b: Rillaboom\n|move|p2a: Incineroar|Parting Shot|p1a: Incineroar\n|-unboost|p1a: Incineroar|atk|1\n|-unboost|p1a: Incineroar|spa|1\n|\n|t:|1772094671\n|switch|p2a: Calyrex|Calyrex-Ice, L50, tera:Water|44/100 par|[from] Parting Shot\n|-ability|p2a: Calyrex|As One\n|-ability|p2a: Calyrex|Unnerve\n|\n|-heal|p1b: Raging Bolt|14/100|[from] Grassy Terrain\n|-heal|p1a: Incineroar|76/100|[from] Grassy Terrain\n|-heal|p2a: Calyrex|50/100 par|[from] Grassy Terrain\n|upkeep\n|\n|t:|1772094672\n|switch|p2b: Incineroar|Incineroar, L50, M|34/100\n|-ability|p2b: Incineroar|Intimidate|boost\n|-unboost|p1a: Incineroar|atk|1\n|-unboost|p1b: Raging Bolt|atk|1\n|turn|10\n|\n|t:|1772094690\n|move|p1b: Raging Bolt|Protect|p1b: Raging Bolt\n|-singleturn|p1b: Raging Bolt|Protect\n|move|p2b: Incineroar|Fake Out|p1b: Raging Bolt\n|-activate|p1b: Raging Bolt|move: Protect\n|move|p1a: Incineroar|Taunt|p2a: Calyrex\n|-start|p2a: Calyrex|move: Taunt\n|cant|p2a: Calyrex|par\n|\n|-heal|p1b: Raging Bolt|20/100|[from] Grassy Terrain\n|-heal|p1a: Incineroar|82/100|[from] Grassy Terrain\n|-heal|p2b: Incineroar|40/100|[from] Grassy Terrain\n|-heal|p2a: Calyrex|56/100 par|[from] Grassy Terrain\n|upkeep\n|turn|11\n|-message|fogdocker forfeited.\n|\n|win|zst666\n|raw|zst666's rating: 1481 &rarr; <strong>1497</strong><br />(+16 for winning)\n|raw|fogdocker's rating: 1409 &rarr; <strong>1393</strong><br />(-16 for losing)\n|l|\u2606fogdocker\n|player|p2|\n|l|\u2606zst666\n|player|p1|\n","uploadtime":1772094930,"views":12,"formatid":"gen9vgc2026regi","rating":1393,"private":0,"password":null}