{"id":"gen9vgc2026regi-2577844449","format":"[Gen 9] VGC 2026 Reg I","players":["NotAShortKid232323","KaiMVGC"],"log":"|j|\u2606NotAShortKid232323\n|j|\u2606KaiMVGC\n|t:|1775611807\n|gametype|doubles\n|player|p1|NotAShortKid232323|101|1509\n|player|p2|KaiMVGC|boarder|1608\n|gen|9\n|tier|[Gen 9] VGC 2026 Reg I\n|rated|\n|rule|Species Clause: Limit one of each Pok\u00e9mon\n|rule|Item Clause: Limit 1 of each item\n|clearpoke\n|poke|p1|Calyrex-Shadow, L50|\n|poke|p1|Indeedee-F, L50, F|\n|poke|p1|Whimsicott, L50, F|\n|poke|p1|Koraidon, L50|\n|poke|p1|Incineroar, L50, F|\n|poke|p1|Brute Bonnet, L50|\n|poke|p2|Calyrex-Shadow, L50|\n|poke|p2|Zamazenta-*, L50|\n|poke|p2|Rillaboom, L50, F|\n|poke|p2|Raging Bolt, L50|\n|poke|p2|Smeargle, L50, M|\n|poke|p2|Tornadus, L50, M|\n|teampreview|4\n|inactive|Battle timer is ON: inactive players will automatically lose when time's up. (requested by NotAShortKid232323)\n|\n|t:|1775611818\n|teamsize|p1|4\n|teamsize|p2|4\n|start\n|switch|p1a: Whimsicott|Whimsicott, L50, F|100/100\n|switch|p1b: Calyrex|Calyrex-Shadow, L50|100/100\n|switch|p2a: T-Wind|Tornadus, L50, M|100/100\n|switch|p2b: Dark Void X|Smeargle, L50, M|100/100\n|-ability|p1b: Calyrex|As One\n|-ability|p1b: Calyrex|Unnerve\n|turn|1\n|\n|t:|1775611828\n|move|p1b: Calyrex|Protect|p1b: Calyrex\n|-singleturn|p1b: Calyrex|Protect\n|move|p1a: Whimsicott|Taunt|p2b: Dark Void X\n|-start|p2b: Dark Void X|move: Taunt\n|move|p2a: T-Wind|Bleakwind Storm|p1b: Calyrex|[spread] \n|-activate|p1b: Calyrex|move: Protect\n|-miss|p2a: T-Wind|p1a: Whimsicott\n|cant|p2b: Dark Void X|move: Taunt|Spore\n|\n|-ability|p2b: Dark Void X|Moody|boost\n|-boost|p2b: Dark Void X|spd|2\n|-unboost|p2b: Dark Void X|spa|1\n|upkeep\n|turn|2\n|\n|t:|1775611850\n|switch|p2b: 50 Zent|Zamazenta-Crowned, L50|100/100\n|-ability|p2b: 50 Zent|Dauntless Shield|boost\n|-boost|p2b: 50 Zent|def|1\n|move|p1a: Whimsicott|Tailwind|p1a: Whimsicott\n|-sidestart|p1: NotAShortKid232323|move: Tailwind\n|move|p1b: Calyrex|Astral Barrage|p2a: T-Wind|[spread] p2a,p2b\n|-damage|p2a: T-Wind|36/100\n|-damage|p2b: 50 Zent|63/100\n|move|p2a: T-Wind|Bleakwind Storm|p1b: Calyrex|[spread] p1a\n|-miss|p2a: T-Wind|p1b: Calyrex\n|-supereffective|p1a: Whimsicott\n|-damage|p1a: Whimsicott|0 fnt\n|faint|p1a: Whimsicott\n|\n|upkeep\n|j| Or4ngePeel\n|\n|t:|1775611868\n|switch|p1a: Koraidon|Koraidon, L50|100/100\n|-weather|SunnyDay|[from] ability: Orichalcum Pulse|[of] p1a: Koraidon\n|-activate|p1a: Koraidon|Orichalcum Pulse|[source]\n|turn|3\n|\n|t:|1775611887\n|move|p2b: 50 Zent|Wide Guard|p2b: 50 Zent\n|-singleturn|p2b: 50 Zent|Wide Guard\n|move|p1b: Calyrex|Expanding Force|p2a: T-Wind\n|-damage|p2a: T-Wind|0 fnt\n|faint|p2a: T-Wind\n|-ability|p1b: Calyrex|Grim Neigh|boost\n|-boost|p1b: Calyrex|spa|1\n|move|p1a: Koraidon|Flame Charge|p2b: 50 Zent\n|-supereffective|p2b: 50 Zent\n|-damage|p2b: 50 Zent|31/100\n|-boost|p1a: Koraidon|spe|1\n|-damage|p1a: Koraidon|91/100|[from] item: Life Orb\n|\n|-weather|SunnyDay|[upkeep]\n|upkeep\n|\n|t:|1775611896\n|switch|p2a: Notorious CSR|Calyrex-Shadow, L50|100/100\n|-ability|p2a: Notorious CSR|As One\n|-ability|p2a: Notorious CSR|Unnerve\n|turn|4\n|l| Or4ngePeel\n|inactive|NotAShortKid232323 has 30 seconds left.\n|j| Or4ngePeel\n|\n|t:|1775611927\n|move|p1b: Calyrex|Protect|p1b: Calyrex\n|-singleturn|p1b: Calyrex|Protect\n|move|p2b: 50 Zent|Wide Guard|p2b: 50 Zent\n|-singleturn|p2b: 50 Zent|Wide Guard\n|move|p1a: Koraidon|Flame Charge|p2a: Notorious CSR\n|-damage|p2a: Notorious CSR|44/100\n|-boost|p1a: Koraidon|spe|1\n|-damage|p1a: Koraidon|81/100|[from] item: Life Orb\n|move|p2a: Notorious CSR|Astral Barrage|p1b: Calyrex|[spread] p1a\n|-activate|p1b: Calyrex|move: Protect\n|-damage|p1a: Koraidon|0 fnt\n|faint|p1a: Koraidon\n|-ability|p2a: Notorious CSR|Grim Neigh|boost\n|-boost|p2a: Notorious CSR|spa|1\n|-damage|p2a: Notorious CSR|35/100|[from] item: Life Orb\n|\n|-weather|SunnyDay|[upkeep]\n|upkeep\n|\n|t:|1775611937\n|switch|p1a: Incineroar|Incineroar, L50, F|100/100\n|-ability|p1a: Incineroar|Intimidate|boost\n|-unboost|p2a: Notorious CSR|atk|1\n|-unboost|p2b: 50 Zent|atk|1\n|turn|5\n|inactive|NotAShortKid232323 has 30 seconds left.\n|\n|t:|1775611963\n|-terastallize|p1b: Calyrex|Normal\n|move|p2a: Notorious CSR|Protect|p2a: Notorious CSR\n|-singleturn|p2a: Notorious CSR|Protect\n|move|p2b: 50 Zent|Protect||[still]\n|-fail|p2b: 50 Zent\n|move|p1b: Calyrex|Expanding Force|p2b: 50 Zent\n|-damage|p2b: 50 Zent|0 fnt\n|faint|p2b: 50 Zent\n|-ability|p1b: Calyrex|Grim Neigh|boost\n|-boost|p1b: Calyrex|spa|1\n|move|p1a: Incineroar|Knock Off|p2a: Notorious CSR\n|-activate|p2a: Notorious CSR|move: Protect\n|\n|-weather|SunnyDay|[upkeep]\n|-sideend|p1: NotAShortKid232323|move: Tailwind\n|upkeep\n|\n|t:|1775611970\n|switch|p2b: Dark Void X|Smeargle, L50, M|100/100\n|turn|6\n|\n|t:|1775611991\n|-terastallize|p2a: Notorious CSR|Dark\n|move|p1b: Calyrex|Expanding Force|p2b: Dark Void X\n|-enditem|p2b: Dark Void X|Focus Sash\n|-damage|p2b: Dark Void X|1/100\n|move|p2a: Notorious CSR|Astral Barrage|p1b: Calyrex|[spread] p1a\n|-immune|p1b: Calyrex\n|-resisted|p1a: Incineroar\n|-damage|p1a: Incineroar|52/100\n|-damage|p2a: Notorious CSR|25/100|[from] item: Life Orb\n|move|p2b: Dark Void X|Spore|p1b: Calyrex\n|-status|p1b: Calyrex|slp|[from] move: Spore\n|move|p1a: Incineroar|Knock Off|p2b: Dark Void X\n|-damage|p2b: Dark Void X|0 fnt\n|faint|p2b: Dark Void X\n|\n|-weather|SunnyDay|[upkeep]\n|upkeep\n|turn|7\n|\n|t:|1775612007\n|cant|p1b: Calyrex|slp\n|move|p2a: Notorious CSR|Astral Barrage|p1b: Calyrex|[spread] p1a\n|-immune|p1b: Calyrex\n|-resisted|p1a: Incineroar\n|-damage|p1a: Incineroar|6/100\n|-damage|p2a: Notorious CSR|16/100|[from] item: Life Orb\n|move|p1a: Incineroar|Flare Blitz|p2a: Notorious CSR\n|-damage|p2a: Notorious CSR|0 fnt\n|-enditem|p1a: Incineroar|Sitrus Berry|[eat]\n|-heal|p1a: Incineroar|31/100|[from] item: Sitrus Berry\n|faint|p2a: Notorious CSR\n|-damage|p1a: Incineroar|26/100|[from] Recoil\n|\n|win|NotAShortKid232323\n|raw|NotAShortKid232323's rating: 1509 &rarr; <strong>1535</strong><br />(+26 for winning)\n|raw|KaiMVGC's rating: 1608 &rarr; <strong>1582</strong><br />(-26 for losing)\n|l|\u2606KaiMVGC\n|player|p2|\n|c| Or4ngePeel|ggs\n|l| Or4ngePeel\n|c|\u2606NotAShortKid232323|ggs\n|l|\u2606NotAShortKid232323\n|player|p1|\n","uploadtime":1775612175,"views":14,"formatid":"gen9vgc2026regi","rating":1535,"private":0,"password":null}