{"id":"gen9vgc2026regi-2575581447","format":"[Gen 9] VGC 2026 Reg I","players":["1VLTSQ Joker","son moon5"],"log":"|raw|<div class=\"broadcast-blue\"><strong>This battle is required to be public due to a player having a name starting with '1vltsq'.</div>\n|j|\u26061VLTSQ Joker\n|j|\u2606son moon5\n|t:|1775370323\n|gametype|doubles\n|player|p1|1VLTSQ Joker|blue|1658\n|player|p2|son moon5|ash|1678\n|gen|9\n|tier|[Gen 9] VGC 2026 Reg I\n|rated|\n|rule|Species Clause: Limit one of each Pok\u00e9mon\n|rule|Item Clause: Limit 1 of each item\n|clearpoke\n|poke|p1|Calyrex-Ice, L50|\n|poke|p1|Smeargle, L50, M|\n|poke|p1|Kyogre, L50|\n|poke|p1|Maushold, L50|\n|poke|p1|Volcarona, L50, M|\n|poke|p1|Pawmot, L50, F|\n|poke|p2|Calyrex-Ice, L50|\n|poke|p2|Lunala, L50|\n|poke|p2|Smeargle, L50, M|\n|poke|p2|Urshifu-*, L50, F|\n|poke|p2|Torkoal, L50, M|\n|poke|p2|Indeedee-F, L50, F|\n|teampreview|4\n|inactive|Battle timer is ON: inactive players will automatically lose when time's up. (requested by son moon5)\n|\n|t:|1775370356\n|teamsize|p1|4\n|teamsize|p2|4\n|start\n|switch|p1a: Calyrex|Calyrex-Ice, L50|100/100\n|switch|p1b: Smeargle|Smeargle, L50, M|100/100\n|switch|p2a: \u591c\u795e\u6708|Lunala, L50|100/100\n|switch|p2b: Indeedee|Indeedee-F, L50, F|100/100\n|-ability|p1a: Calyrex|As One\n|-ability|p1a: Calyrex|Unnerve\n|-fieldstart|move: Psychic Terrain|[from] ability: Psychic Surge|[of] p2b: Indeedee\n|turn|1\n|inactive|1VLTSQ Joker has 30 seconds left.\n|\n|t:|1775370386\n|-terastallize|p1a: Calyrex|Grass\n|move|p2b: Indeedee|Follow Me|p2b: Indeedee\n|-singleturn|p2b: Indeedee|move: Follow Me\n|move|p1b: Smeargle|Spore|p2b: Indeedee\n|-activate|p2b: Indeedee|item: Safety Goggles|Spore\n|move|p2a: \u591c\u795e\u6708|Meteor Beam||[still]\n|-prepare|p2a: \u591c\u795e\u6708|Meteor Beam\n|-boost|p2a: \u591c\u795e\u6708|spa|1\n|-enditem|p2a: \u591c\u795e\u6708|Power Herb\n|-anim|p2a: \u591c\u795e\u6708|Meteor Beam|p1a: Calyrex\n|-damage|p1a: Calyrex|69/100\n|move|p1a: Calyrex|Glacial Lance|p2b: Indeedee|[spread] p2a,p2b\n|-crit|p2a: \u591c\u795e\u6708\n|-damage|p2a: \u591c\u795e\u6708|65/100\n|-damage|p2b: Indeedee|43/100\n|\n|-ability|p1b: Smeargle|Moody|boost\n|-boost|p1b: Smeargle|spd|2\n|-unboost|p1b: Smeargle|atk|1\n|upkeep\n|turn|2\n|\n|t:|1775370397\n|move|p2b: Indeedee|Follow Me|p2b: Indeedee\n|-singleturn|p2b: Indeedee|move: Follow Me\n|move|p1b: Smeargle|Decorate|p2b: Indeedee\n|-boost|p2b: Indeedee|atk|2\n|-boost|p2b: Indeedee|spa|2\n|move|p2a: \u591c\u795e\u6708|Expanding Force|p1a: Calyrex|[spread] p1a,p1b\n|-damage|p1a: Calyrex|22/100\n|-enditem|p1b: Smeargle|Focus Sash\n|-damage|p1b: Smeargle|1/100\n|move|p1a: Calyrex|Glacial Lance|p2b: Indeedee|[spread] p2a,p2b\n|-damage|p2a: \u591c\u795e\u6708|18/100\n|-damage|p2b: Indeedee|0 fnt\n|faint|p2b: Indeedee\n|-ability|p1a: Calyrex|Chilling Neigh|boost\n|-boost|p1a: Calyrex|atk|1\n|\n|-ability|p1b: Smeargle|Moody|boost\n|-boost|p1b: Smeargle|spd|2\n|-unboost|p1b: Smeargle|spe|1\n|upkeep\n|\n|t:|1775370408\n|switch|p2b: \u5362\u51a0\u738b|Calyrex-Ice, L50|100/100\n|-ability|p2b: \u5362\u51a0\u738b|As One\n|-ability|p2b: \u5362\u51a0\u738b|Unnerve\n|turn|3\n|inactive|1VLTSQ Joker has 30 seconds left.\n|\n|t:|1775370445\n|-terastallize|p2a: \u591c\u795e\u6708|Grass\n|move|p2b: \u5362\u51a0\u738b|Protect|p2b: \u5362\u51a0\u738b\n|-singleturn|p2b: \u5362\u51a0\u738b|Protect\n|move|p2a: \u591c\u795e\u6708|Expanding Force|p1b: Smeargle|[spread] p1a,p1b\n|-crit|p1b: Smeargle\n|-damage|p1a: Calyrex|0 fnt\n|-damage|p1b: Smeargle|0 fnt\n|faint|p1a: Calyrex\n|faint|p1b: Smeargle\n|\n|upkeep\n|\n|t:|1775370450\n|switch|p1b: Pawmot|Pawmot, L50, F|100/100\n|switch|p1a: Kyogre|Kyogre, L50|100/100\n|-weather|RainDance|[from] ability: Drizzle|[of] p1a: Kyogre\n|turn|4\n|\n|t:|1775370467\n|switch|p2a: \u56fa\u62c9\u591a\u5c0f\u5f1f|Torkoal, L50, M|100/100\n|-weather|SunnyDay|[from] ability: Drought|[of] p2a: \u56fa\u62c9\u591a\u5c0f\u5f1f\n|move|p1a: Kyogre|Origin Pulse|p2a: \u56fa\u62c9\u591a\u5c0f\u5f1f|[spread] p2a,p2b\n|-supereffective|p2a: \u56fa\u62c9\u591a\u5c0f\u5f1f\n|-damage|p2a: \u56fa\u62c9\u591a\u5c0f\u5f1f|32/100\n|-damage|p2b: \u5362\u51a0\u738b|84/100\n|move|p1b: Pawmot|Revival Blessing|p1b: Pawmot\n|\n|t:|1775370476\n|-heal|p1: Calyrex|50/100|[from] move: Revival Blessing\n|move|p2b: \u5362\u51a0\u738b|Trick Room|p2b: \u5362\u51a0\u738b\n|-fieldstart|move: Trick Room|[of] p2b: \u5362\u51a0\u738b\n|\n|-weather|SunnyDay|[upkeep]\n|upkeep\n|turn|5\n|\n|t:|1775370486\n|move|p2a: \u56fa\u62c9\u591a\u5c0f\u5f1f|Weather Ball|p1a: Kyogre\n|-resisted|p1a: Kyogre\n|-damage|p1a: Kyogre|61/100\n|move|p2b: \u5362\u51a0\u738b|Glacial Lance|p1a: Kyogre|[spread] p1a,p1b\n|-resisted|p1a: Kyogre\n|-damage|p1a: Kyogre|30/100\n|-damage|p1b: Pawmot|21/100\n|move|p1b: Pawmot|Close Combat|p2b: \u5362\u51a0\u738b\n|-damage|p2b: \u5362\u51a0\u738b|57/100\n|-unboost|p1b: Pawmot|def|1\n|-unboost|p1b: Pawmot|spd|1\n|move|p1a: Kyogre|Origin Pulse|p2b: \u5362\u51a0\u738b|[spread] p2a,p2b\n|-supereffective|p2a: \u56fa\u62c9\u591a\u5c0f\u5f1f\n|-damage|p2a: \u56fa\u62c9\u591a\u5c0f\u5f1f|0 fnt\n|-damage|p2b: \u5362\u51a0\u738b|42/100\n|faint|p2a: \u56fa\u62c9\u591a\u5c0f\u5f1f\n|\n|-weather|SunnyDay|[upkeep]\n|-fieldend|move: Psychic Terrain\n|upkeep\n|\n|t:|1775370490\n|switch|p2a: \u591c\u795e\u6708|Lunala, L50, tera:Grass|18/100\n|turn|6\n|\n|t:|1775370507\n|switch|p1b: Calyrex|Calyrex-Ice, L50|50/100\n|-ability|p1b: Calyrex|As One\n|-ability|p1b: Calyrex|Unnerve\n|move|p2b: \u5362\u51a0\u738b|Glacial Lance|p1a: Kyogre|[spread] p1a,p1b\n|-resisted|p1a: Kyogre\n|-resisted|p1b: Calyrex\n|-damage|p1a: Kyogre|0 fnt\n|-damage|p1b: Calyrex|30/100\n|faint|p1a: Kyogre\n|-ability|p2b: \u5362\u51a0\u738b|Chilling Neigh|boost\n|-boost|p2b: \u5362\u51a0\u738b|atk|1\n|move|p2a: \u591c\u795e\u6708|Trick Room|p2a: \u591c\u795e\u6708\n|-fieldend|move: Trick Room\n|\n|-weather|SunnyDay|[upkeep]\n|upkeep\n|j| ScribbleScribble\n|\n|t:|1775370516\n|switch|p1a: Pawmot|Pawmot, L50, F|21/100\n|turn|7\n|\n|t:|1775370528\n|move|p1a: Pawmot|Fake Out|p2a: \u591c\u795e\u6708\n|-damage|p2a: \u591c\u795e\u6708|10/100\n|cant|p2a: \u591c\u795e\u6708|flinch\n|move|p1b: Calyrex|Crunch|p2b: \u5362\u51a0\u738b\n|-supereffective|p2b: \u5362\u51a0\u738b\n|-damage|p2b: \u5362\u51a0\u738b|3/100\n|move|p2b: \u5362\u51a0\u738b|Glacial Lance|p1b: Calyrex|[spread] p1a,p1b\n|-resisted|p1b: Calyrex\n|-crit|p1b: Calyrex\n|-damage|p1a: Pawmot|0 fnt\n|-damage|p1b: Calyrex|0 fnt\n|faint|p1a: Pawmot\n|faint|p1b: Calyrex\n|\n|win|son moon5\n|raw|1VLTSQ Joker's rating: 1635 &rarr; <strong>1617</strong><br />(-18 for losing)\n|raw|son moon5's rating: 1678 &rarr; <strong>1696</strong><br />(+18 for winning)\n|l|\u2606son moon5\n|player|p2|\n|l|\u26061VLTSQ Joker\n|player|p1|\n|l| ScribbleScribble\n|j|\u2606son moon5\n|player|p2|son moon5|ash|\n","uploadtime":1775371055,"views":19,"formatid":"gen9vgc2026regi","rating":1617,"private":0,"password":null}