{"id":"gen9vgc2026regi-2544789019","format":"[Gen 9] VGC 2026 Reg I","players":["fogdocker","rainmanontheside"],"log":"|j|\u2606fogdocker\n|j|\u2606rainmanontheside\n|t:|1771759937\n|gametype|doubles\n|player|p1|fogdocker|170|1466\n|player|p2|rainmanontheside|burglar|1441\n|gen|9\n|tier|[Gen 9] VGC 2026 Reg I\n|rated|\n|rule|Species Clause: Limit one of each Pok\u00e9mon\n|rule|Item Clause: Limit 1 of each item\n|clearpoke\n|poke|p1|Calyrex-Ice, L50|\n|poke|p1|Koraidon, L50|\n|poke|p1|Flutter Mane, L50|\n|poke|p1|Incineroar, L50, M|\n|poke|p1|Rillaboom, L50, F|\n|poke|p1|Volcarona, L50, F|\n|poke|p2|Miraidon, L50|\n|poke|p2|Zamazenta-*, L50|\n|poke|p2|Whimsicott, L50, F|\n|poke|p2|Ogerpon-Cornerstone, L50, F|\n|poke|p2|Landorus, L50, M|\n|poke|p2|Farigiraf, L50, M|\n|teampreview|4\n|inactive|Battle timer is ON: inactive players will automatically lose when time's up. (requested by rainmanontheside)\n|inactive|fogdocker has 60 seconds left.\n|inactive|rainmanontheside has 60 seconds left.\n|\n|t:|1771759987\n|teamsize|p1|4\n|teamsize|p2|4\n|start\n|switch|p1a: Calyrex|Calyrex-Ice, L50|100/100\n|switch|p1b: Volcarona|Volcarona, L50, F|100/100\n|switch|p2a: Whimsicott|Whimsicott, L50, F, shiny|100/100\n|switch|p2b: Miraidon|Miraidon, L50|100/100\n|-ability|p1a: Calyrex|As One\n|-ability|p1a: Calyrex|Unnerve\n|-fieldstart|move: Electric Terrain|[from] ability: Hadron Engine|[of] p2b: Miraidon\n|turn|1\n|inactive|fogdocker has 30 seconds left.\n|\n|t:|1771760021\n|switch|p1b: Rillaboom|Rillaboom, L50, F|100/100\n|-fieldstart|move: Grassy Terrain|[from] ability: Grassy Surge|[of] p1b: Rillaboom\n|-terastallize|p2a: Whimsicott|Fire\n|move|p2a: Whimsicott|Taunt|p1a: Calyrex\n|-start|p1a: Calyrex|move: Taunt\n|move|p2b: Miraidon|Volt Switch|p1b: Rillaboom\n|-resisted|p1b: Rillaboom\n|-damage|p1b: Rillaboom|82/100\n|\n|t:|1771760032\n|switch|p2b: Zamazenta|Zamazenta-Crowned, L50, shiny|100/100|[from] Volt Switch\n|-ability|p2b: Zamazenta|Dauntless Shield|boost\n|-boost|p2b: Zamazenta|def|1\n|move|p1a: Calyrex|Glacial Lance|p2b: Zamazenta|[spread] p2a,p2b\n|-resisted|p2a: Whimsicott\n|-resisted|p2b: Zamazenta\n|-damage|p2a: Whimsicott|70/100\n|-damage|p2b: Zamazenta|91/100\n|\n|-heal|p2b: Zamazenta|97/100|[from] Grassy Terrain\n|-heal|p2a: Whimsicott|76/100|[from] Grassy Terrain\n|-heal|p1b: Rillaboom|88/100|[from] Grassy Terrain\n|upkeep\n|turn|2\n|inactive|fogdocker has 30 seconds left.\n|inactive|fogdocker has 20 seconds left.\n|inactive|fogdocker has 15 seconds left.\n|inactive|rainmanontheside has 30 seconds left.\n|inactive|fogdocker has 10 seconds left.\n|\n|t:|1771760080\n|switch|p2a: Miraidon|Miraidon, L50|100/100\n|-fieldstart|move: Electric Terrain|[from] ability: Hadron Engine|[of] p2a: Miraidon\n|switch|p1a: Volcarona|Volcarona, L50, F|100/100\n|move|p2b: Zamazenta|Wide Guard|p2b: Zamazenta\n|-singleturn|p2b: Zamazenta|Wide Guard\n|move|p1b: Rillaboom|Fake Out|p2b: Zamazenta\n|-resisted|p2b: Zamazenta\n|-damage|p2b: Zamazenta|94/100\n|\n|upkeep\n|turn|3\n|\n|t:|1771760095\n|move|p2a: Miraidon|Electro Drift|p1a: Volcarona\n|-damage|p1a: Volcarona|0 fnt\n|-damage|p2a: Miraidon|84/100|[from] item: Rocky Helmet|[of] p1a: Volcarona\n|-status|p2a: Miraidon|brn|[from] ability: Flame Body|[of] p1a: Volcarona\n|faint|p1a: Volcarona\n|move|p2b: Zamazenta|Body Press|p1b: Rillaboom\n|-damage|p1b: Rillaboom|25/100\n|move|p1b: Rillaboom|U-turn|p2a: Miraidon\n|-damage|p2a: Miraidon|65/100 brn\n|\n|t:|1771760105\n|switch|p1b: Koraidon|Koraidon, L50|100/100|[from] U-turn\n|-weather|SunnyDay|[from] ability: Orichalcum Pulse|[of] p1b: Koraidon\n|-activate|p1b: Koraidon|Orichalcum Pulse|[source]\n|\n|-weather|SunnyDay|[upkeep]\n|-damage|p2a: Miraidon|59/100 brn|[from] brn\n|upkeep\n|\n|t:|1771760113\n|switch|p1a: Rillaboom|Rillaboom, L50, F|25/100\n|-fieldstart|move: Grassy Terrain|[from] ability: Grassy Surge|[of] p1a: Rillaboom\n|turn|4\n|\n|t:|1771760125\n|move|p2b: Zamazenta|Protect|p2b: Zamazenta\n|-singleturn|p2b: Zamazenta|Protect\n|move|p1a: Rillaboom|Fake Out|p2b: Zamazenta\n|-activate|p2b: Zamazenta|move: Protect\n|move|p1b: Koraidon|Close Combat|p2a: Miraidon\n|-damage|p2a: Miraidon|0 fnt\n|-unboost|p1b: Koraidon|def|1\n|-unboost|p1b: Koraidon|spd|1\n|faint|p2a: Miraidon\n|-damage|p1b: Koraidon|91/100|[from] item: Life Orb\n|\n|-weather|SunnyDay|[upkeep]\n|-heal|p1b: Koraidon|96/100|[from] Grassy Terrain\n|-heal|p2b: Zamazenta|100/100|[from] Grassy Terrain\n|-heal|p1a: Rillaboom|31/100|[from] Grassy Terrain\n|upkeep\n|\n|t:|1771760133\n|switch|p2a: Whimsicott|Whimsicott, L50, F, shiny, tera:Fire|76/100\n|turn|5\n|\n|t:|1771760140\n|switch|p1b: Calyrex|Calyrex-Ice, L50|100/100\n|-ability|p1b: Calyrex|As One\n|-ability|p1b: Calyrex|Unnerve\n|move|p2a: Whimsicott|Tailwind|p2a: Whimsicott\n|-sidestart|p2: rainmanontheside|move: Tailwind\n|move|p2b: Zamazenta|Body Press|p1a: Rillaboom\n|-crit|p1a: Rillaboom\n|-damage|p1a: Rillaboom|0 fnt\n|faint|p1a: Rillaboom\n|\n|-weather|SunnyDay|[upkeep]\n|-heal|p2a: Whimsicott|82/100|[from] Grassy Terrain\n|upkeep\n|\n|t:|1771760150\n|switch|p1a: Koraidon|Koraidon, L50|96/100\n|-activate|p1a: Koraidon|ability: Orichalcum Pulse\n|turn|6\n|\n|t:|1771760165\n|-terastallize|p1a: Koraidon|Fire\n|move|p2b: Zamazenta|Protect|p2b: Zamazenta\n|-singleturn|p2b: Zamazenta|Protect\n|move|p2a: Whimsicott|Taunt|p1b: Calyrex\n|-start|p1b: Calyrex|move: Taunt\n|move|p1a: Koraidon|Flare Blitz|p2b: Zamazenta\n|-activate|p2b: Zamazenta|move: Protect\n|move|p1b: Calyrex|Glacial Lance|p2b: Zamazenta|[spread] p2a\n|-activate|p2b: Zamazenta|move: Protect\n|-resisted|p2a: Whimsicott\n|-damage|p2a: Whimsicott|52/100\n|\n|-weather|SunnyDay|[upkeep]\n|-heal|p2a: Whimsicott|58/100|[from] Grassy Terrain\n|-heal|p1a: Koraidon|100/100|[from] Grassy Terrain\n|upkeep\n|turn|7\n|\n|t:|1771760181\n|move|p2b: Zamazenta|Body Press|p1b: Calyrex\n|-damage|p1b: Calyrex|65/100\n|move|p2a: Whimsicott|Moonblast|p1b: Calyrex\n|-damage|p1b: Calyrex|48/100\n|move|p1a: Koraidon|Flare Blitz|p2b: Zamazenta\n|-supereffective|p2b: Zamazenta\n|-damage|p2b: Zamazenta|0 fnt\n|faint|p2b: Zamazenta\n|-damage|p1a: Koraidon|67/100|[from] Recoil\n|-damage|p1a: Koraidon|57/100|[from] item: Life Orb\n|move|p1b: Calyrex|Glacial Lance|p2a: Whimsicott\n|-resisted|p2a: Whimsicott\n|-crit|p2a: Whimsicott\n|-damage|p2a: Whimsicott|0 fnt\n|faint|p2a: Whimsicott\n|-ability|p1b: Calyrex|Chilling Neigh|boost\n|-boost|p1b: Calyrex|atk|1\n|\n|-weather|none\n|-heal|p1a: Koraidon|63/100|[from] Grassy Terrain\n|-heal|p1b: Calyrex|54/100|[from] Grassy Terrain\n|-heal|p1b: Calyrex|59/100|[from] item: Leftovers\n|upkeep\n|\n|t:|1771760189\n|switch|p2a: Ogerpon|Ogerpon-Cornerstone, L50, F|100/100\n|turn|8\n|\n|t:|1771760205\n|move|p2a: Ogerpon|Ivy Cudgel|p1b: Calyrex|[anim] Ivy Cudgel Rock\n|-supereffective|p1b: Calyrex\n|-crit|p1b: Calyrex\n|-damage|p1b: Calyrex|0 fnt\n|faint|p1b: Calyrex\n|move|p1a: Koraidon|Close Combat|p2a: Ogerpon\n|-supereffective|p2a: Ogerpon\n|-ability|p2a: Ogerpon|Sturdy\n|-damage|p2a: Ogerpon|1/100\n|-unboost|p1a: Koraidon|def|1\n|-unboost|p1a: Koraidon|spd|1\n|-damage|p1a: Koraidon|53/100|[from] item: Life Orb\n|\n|-heal|p2a: Ogerpon|7/100|[from] Grassy Terrain\n|-heal|p1a: Koraidon|59/100|[from] Grassy Terrain\n|-sideend|p2: rainmanontheside|move: Tailwind\n|-fieldend|move: Grassy Terrain\n|upkeep\n|turn|9\n|\n|t:|1771760213\n|move|p2a: Ogerpon|Spiky Shield|p2a: Ogerpon\n|-singleturn|p2a: Ogerpon|move: Protect\n|move|p1a: Koraidon|Close Combat|p2a: Ogerpon\n|-activate|p2a: Ogerpon|move: Protect\n|-damage|p1a: Koraidon|47/100|[from] Spiky Shield|[of] p2a: Ogerpon\n|\n|upkeep\n|turn|10\n|\n|t:|1771760219\n|move|p1a: Koraidon|Close Combat|p2a: Ogerpon\n|-supereffective|p2a: Ogerpon\n|-damage|p2a: Ogerpon|0 fnt\n|-unboost|p1a: Koraidon|def|1\n|-unboost|p1a: Koraidon|spd|1\n|faint|p2a: Ogerpon\n|-damage|p1a: Koraidon|37/100|[from] item: Life Orb\n|\n|win|fogdocker\n|raw|fogdocker's rating: 1466 &rarr; <strong>1485</strong><br />(+19 for winning)\n|raw|rainmanontheside's rating: 1441 &rarr; <strong>1422</strong><br />(-19 for losing)\n|l|\u2606rainmanontheside\n|player|p2|\n","uploadtime":1771760483,"views":13,"formatid":"gen9vgc2026regi","rating":1422,"private":0,"password":null}