{"id":"gen9vgc2026regi-2559860841","format":"[Gen 9] VGC 2026 Reg I","players":["navinsachump","Odddish262"],"log":"|j|\u2606navinsachump\n|j|\u2606Odddish262\n|t:|1773617242\n|gametype|doubles\n|player|p1|navinsachump|266|1522\n|player|p2|Odddish262|caitlin|1436\n|gen|9\n|tier|[Gen 9] VGC 2026 Reg I\n|rated|\n|rule|Species Clause: Limit one of each Pok\u00e9mon\n|rule|Item Clause: Limit 1 of each item\n|clearpoke\n|poke|p1|Calyrex-Ice, L50|\n|poke|p1|Miraidon, L50|\n|poke|p1|Incineroar, L50, M|\n|poke|p1|Landorus, L50, M|\n|poke|p1|Whimsicott, L50, M|\n|poke|p1|Urshifu-*, L50, M|\n|poke|p2|Groudon, L50|\n|poke|p2|Chi-Yu, L50|\n|poke|p2|Flutter Mane, L50|\n|poke|p2|Raging Bolt, L50|\n|poke|p2|Calyrex-Ice, L50|\n|poke|p2|Jumpluff, L50, F|\n|teampreview|4\n|inactive|Battle timer is ON: inactive players will automatically lose when time's up. (requested by Odddish262)\n|inactive|navinsachump has 60 seconds left.\n|inactive|Odddish262 has 60 seconds left.\n|inactive|navinsachump has 30 seconds left.\n|inactive|Odddish262 has 30 seconds left.\n|\n|t:|1773617311\n|teamsize|p1|4\n|teamsize|p2|4\n|start\n|switch|p1a: Calyrex|Calyrex-Ice, L50|100/100\n|switch|p1b: Incineroar|Incineroar, L50, M|100/100\n|switch|p2a: buhm|Groudon, L50|100/100\n|switch|p2b: fuh|Flutter Mane, L50|100/100\n|-ability|p1a: Calyrex|As One\n|-ability|p1a: Calyrex|Unnerve\n|-weather|SunnyDay|[from] ability: Drought|[of] p2a: buhm\n|-activate|p2b: fuh|ability: Protosynthesis\n|-start|p2b: fuh|protosynthesisspe\n|-ability|p1b: Incineroar|Intimidate|boost\n|-unboost|p2a: buhm|atk|1\n|-unboost|p2b: fuh|atk|1\n|turn|1\n|inactive|Odddish262 has 30 seconds left.\n|\n|t:|1773617343\n|switch|p2a: cuh|Chi-Yu, L50|100/100\n|-ability|p2a: cuh|Beads of Ruin\n|-terastallize|p1a: Calyrex|Normal\n|move|p2b: fuh|Shadow Ball|p1a: Calyrex\n|-immune|p1a: Calyrex\n|move|p1b: Incineroar|Knock Off|p2a: cuh\n|-resisted|p2a: cuh\n|-damage|p2a: cuh|70/100\n|-enditem|p2a: cuh|Choice Scarf|[from] move: Knock Off|[of] p1b: Incineroar\n|move|p1a: Calyrex|Glacial Lance|p2b: fuh|[spread] p2a,p2b\n|-resisted|p2a: cuh\n|-damage|p2a: cuh|22/100\n|-enditem|p2b: fuh|Focus Sash\n|-damage|p2b: fuh|1/100\n|\n|-weather|SunnyDay|[upkeep]\n|upkeep\n|turn|2\n|inactive|navinsachump has 30 seconds left.\n|\n|t:|1773617373\n|move|p1a: Calyrex|Protect|p1a: Calyrex\n|-singleturn|p1a: Calyrex|Protect\n|move|p2b: fuh|Moonblast|p1b: Incineroar\n|-damage|p1b: Incineroar|45/100\n|move|p2a: cuh|Heat Wave|p1a: Calyrex|[spread] p1b\n|-activate|p1a: Calyrex|move: Protect\n|-resisted|p1b: Incineroar\n|-damage|p1b: Incineroar|13/100\n|move|p1b: Incineroar|Parting Shot|p2a: cuh\n|-unboost|p2a: cuh|atk|1\n|-unboost|p2a: cuh|spa|1\n|\n|t:|1773617386\n|switch|p1b: Miraidon|Miraidon, L50|100/100|[from] Parting Shot\n|-fieldstart|move: Electric Terrain|[from] ability: Hadron Engine|[of] p1b: Miraidon\n|\n|-weather|SunnyDay|[upkeep]\n|upkeep\n|turn|3\n|inactive|navinsachump has 30 seconds left.\n|inactive|navinsachump has 20 seconds left.\n|\n|t:|1773617422\n|move|p2b: fuh|Moonblast|p1b: Miraidon\n|-supereffective|p1b: Miraidon\n|-crit|p1b: Miraidon\n|-damage|p1b: Miraidon|0 fnt\n|faint|p1b: Miraidon\n|move|p2a: cuh|Heat Wave|p1a: Calyrex\n|-damage|p1a: Calyrex|52/100\n|move|p1a: Calyrex|Trick Room|p1a: Calyrex\n|-fieldstart|move: Trick Room|[of] p1a: Calyrex\n|\n|-weather|SunnyDay|[upkeep]\n|upkeep\n|\n|t:|1773617427\n|switch|p1b: Landorus|Landorus, L50, M|100/100\n|turn|4\n|\n|t:|1773617441\n|move|p1a: Calyrex|Glacial Lance|p2b: fuh|[spread] p2a,p2b\n|-resisted|p2a: cuh\n|-damage|p2a: cuh|0 fnt\n|-damage|p2b: fuh|0 fnt\n|faint|p2a: cuh\n|faint|p2b: fuh\n|-end|p2b: fuh|Protosynthesis|[silent]\n|-ability|p1a: Calyrex|Chilling Neigh|boost\n|-boost|p1a: Calyrex|atk|2\n|move|p1b: Landorus|Earth Power|p2: cuh|[notarget]\n|-fail|p1b: Landorus\n|\n|-weather|SunnyDay|[upkeep]\n|upkeep\n|\n|t:|1773617444\n|switch|p2a: buhm|Groudon, L50|100/100\n|switch|p2b: suh|Calyrex-Ice, L50|100/100\n|-ability|p2b: suh|As One\n|-ability|p2b: suh|Unnerve\n|turn|5\n|\n|t:|1773617462\n|switch|p1b: Incineroar|Incineroar, L50, M|13/100\n|-ability|p1b: Incineroar|Intimidate|boost\n|-unboost|p2a: buhm|atk|1\n|-unboost|p2b: suh|atk|1\n|-terastallize|p2a: buhm|Fire\n|move|p1a: Calyrex|Protect|p1a: Calyrex\n|-singleturn|p1a: Calyrex|Protect\n|move|p2b: suh|Imprison|p2b: suh\n|-start|p2b: suh|move: Imprison\n|move|p2a: buhm|Heat Crash|p1b: Incineroar\n|-resisted|p1b: Incineroar\n|-damage|p1b: Incineroar|0 fnt\n|-damage|p2a: buhm|84/100|[from] item: Rocky Helmet|[of] p1b: Incineroar\n|faint|p1b: Incineroar\n|\n|-weather|none\n|upkeep\n|\n|t:|1773617467\n|switch|p1b: Landorus|Landorus, L50, M|100/100\n|turn|6\n|\n|t:|1773617481\n|move|p1a: Calyrex|Protect||[still]\n|-fail|p1a: Calyrex\n|move|p2b: suh|Glacial Lance|p1a: Calyrex|[spread] p1a,p1b\n|-supereffective|p1b: Landorus\n|-damage|p1a: Calyrex|33/100\n|-damage|p1b: Landorus|0 fnt\n|faint|p1b: Landorus\n|-ability|p2b: suh|Chilling Neigh|boost\n|-boost|p2b: suh|atk|1\n|move|p2a: buhm|Heat Crash|p1a: Calyrex\n|-damage|p1a: Calyrex|24/100\n|\n|-fieldend|move: Electric Terrain\n|upkeep\n|turn|7\n|-message|navinsachump forfeited.\n|\n|win|Odddish262\n|raw|navinsachump's rating: 1522 &rarr; <strong>1497</strong><br />(-25 for losing)\n|raw|Odddish262's rating: 1436 &rarr; <strong>1461</strong><br />(+25 for winning)\n|l|\u2606navinsachump\n|player|p1|\n|l|\u2606Odddish262\n|player|p2|\n","uploadtime":1773617677,"views":12,"formatid":"gen9vgc2026regi","rating":1461,"private":0,"password":null}