{"id":"gen9vgc2026regi-2568444958","format":"[Gen 9] VGC 2026 Reg I","players":["eye-zitt","MoonlitMaple"],"log":"|j|\u2606eye-zitt\n|j|\u2606MoonlitMaple\n|t:|1774579215\n|gametype|doubles\n|player|p1|eye-zitt|hilbert|1345\n|player|p2|MoonlitMaple|2|1233\n|gen|9\n|tier|[Gen 9] VGC 2026 Reg I\n|rated|\n|rule|Species Clause: Limit one of each Pok\u00e9mon\n|rule|Item Clause: Limit 1 of each item\n|clearpoke\n|poke|p1|Incineroar, L50, F|\n|poke|p1|Landorus, L50, M|\n|poke|p1|Calyrex-Shadow, L50|\n|poke|p1|Koraidon, L50|\n|poke|p1|Brute Bonnet, L50|\n|poke|p1|Raging Bolt, L50|\n|poke|p2|Miraidon, L50|\n|poke|p2|Terapagos, L50, M|\n|poke|p2|Incineroar, L50, M|\n|poke|p2|Iron Treads, L50|\n|poke|p2|Urshifu-*, L50, M|\n|poke|p2|Sinistcha-Masterpiece, L50|\n|teampreview|4\n|inactive|Battle timer is ON: inactive players will automatically lose when time's up. (requested by eye-zitt)\n|inactive|MoonlitMaple has 60 seconds left.\n|inactive|MoonlitMaple has 30 seconds left.\n|inactive|MoonlitMaple has 20 seconds left.\n|inactive|MoonlitMaple has 15 seconds left.\n|inactive|MoonlitMaple has 10 seconds left.\n|\n|t:|1774579300\n|teamsize|p1|4\n|teamsize|p2|4\n|start\n|switch|p1a: Matthias|Koraidon, L50|100/100\n|switch|p1b: Kareem|Incineroar, L50, F|100/100\n|switch|p2a: Miraidon|Miraidon, L50|100/100\n|switch|p2b: Incineroar|Incineroar, L50, M|100/100\n|-fieldstart|move: Electric Terrain|[from] ability: Hadron Engine|[of] p2a: Miraidon\n|-weather|SunnyDay|[from] ability: Orichalcum Pulse|[of] p1a: Matthias\n|-activate|p1a: Matthias|Orichalcum Pulse|[source]\n|-ability|p1b: Kareem|Intimidate|boost\n|-unboost|p2a: Miraidon|atk|1\n|-unboost|p2b: Incineroar|atk|1\n|-ability|p2b: Incineroar|Intimidate|boost\n|-fail|p1a: Matthias|unboost|[from] item: Clear Amulet|[of] p1a: Matthias\n|-unboost|p1b: Kareem|atk|1\n|turn|1\n|inactive|MoonlitMaple has 30 seconds left.\n|inactive|MoonlitMaple has 20 seconds left.\n|inactive|MoonlitMaple has 15 seconds left.\n|inactive|MoonlitMaple has 10 seconds left.\n|inactive|MoonlitMaple has 5 seconds left.\n|\n|t:|1774579352\n|switch|p2b: Terapagos|Terapagos, L50, M|100/100\n|-activate|p2b: Terapagos|ability: Tera Shift\n|detailschange|p2b: Terapagos|Terapagos-Terastal, L50, M\n|-heal|p2b: Terapagos|100/100|[silent]\n|-enditem|p2b: Terapagos|Electric Seed\n|-boost|p2b: Terapagos|def|1|[from] item: Electric Seed\n|move|p1b: Kareem|Fake Out|p2b: Terapagos\n|-activate|p2b: Terapagos|ability: Tera Shell\n|-resisted|p2b: Terapagos\n|-damage|p2b: Terapagos|99/100\n|move|p2a: Miraidon|Volt Switch|p1a: Matthias\n|-resisted|p1a: Matthias\n|-damage|p1a: Matthias|59/100\n|\n|t:|1774579365\n|switch|p2a: Incineroar|Incineroar, L50, M|100/100|[from] Volt Switch\n|-ability|p2a: Incineroar|Intimidate|boost\n|-fail|p1a: Matthias|unboost|[from] item: Clear Amulet|[of] p1a: Matthias\n|-unboost|p1b: Kareem|atk|1\n|move|p1a: Matthias|Collision Course|p2a: Incineroar\n|-supereffective|p2a: Incineroar\n|-damage|p2a: Incineroar|0 fnt\n|faint|p2a: Incineroar\n|\n|-weather|SunnyDay|[upkeep]\n|upkeep\n|\n|t:|1774579381\n|switch|p2a: Miraidon|Miraidon, L50|100/100\n|-activate|p2a: Miraidon|ability: Hadron Engine\n|turn|2\n|\n|t:|1774579405\n|move|p1a: Matthias|Protect|p1a: Matthias\n|-singleturn|p1a: Matthias|Protect\n|move|p2a: Miraidon|Electro Drift|p1a: Matthias\n|-activate|p1a: Matthias|move: Protect\n|move|p2b: Terapagos|Calm Mind|p2b: Terapagos\n|-boost|p2b: Terapagos|spa|1\n|-boost|p2b: Terapagos|spd|1\n|move|p1b: Kareem|Parting Shot|p2b: Terapagos\n|-unboost|p2b: Terapagos|atk|1\n|-unboost|p2b: Terapagos|spa|1\n|\n|t:|1774579419\n|switch|p1b: Mao & Agati|Calyrex-Shadow, L50|100/100|[from] Parting Shot\n|-ability|p1b: Mao & Agati|As One\n|-ability|p1b: Mao & Agati|Unnerve\n|\n|-weather|SunnyDay|[upkeep]\n|upkeep\n|turn|3\n|\n|t:|1774579438\n|move|p1b: Mao & Agati|Encore|p2b: Terapagos\n|-start|p2b: Terapagos|Encore\n|move|p2a: Miraidon|Electro Drift|p1a: Matthias\n|-resisted|p1a: Matthias\n|-damage|p1a: Matthias|2/100\n|move|p1a: Matthias|Collision Course|p2a: Miraidon\n|-damage|p2a: Miraidon|32/100\n|move|p2b: Terapagos|Calm Mind|p2b: Terapagos\n|-boost|p2b: Terapagos|spa|1\n|-boost|p2b: Terapagos|spd|1\n|\n|-weather|SunnyDay|[upkeep]\n|upkeep\n|turn|4\n|\n|t:|1774579457\n|move|p1b: Mao & Agati|Astral Barrage|p2b: Terapagos|[spread] p2a\n|-immune|p2b: Terapagos\n|-damage|p2a: Miraidon|0 fnt\n|faint|p2a: Miraidon\n|-ability|p1b: Mao & Agati|Grim Neigh|boost\n|-boost|p1b: Mao & Agati|spa|1\n|move|p1a: Matthias|Collision Course|p2b: Terapagos\n|-supereffective|p2b: Terapagos\n|-damage|p2b: Terapagos|2/100\n|move|p2b: Terapagos|Calm Mind|p2b: Terapagos\n|-boost|p2b: Terapagos|spa|1\n|-boost|p2b: Terapagos|spd|1\n|\n|-weather|SunnyDay|[upkeep]\n|upkeep\n|\n|t:|1774579472\n|switch|p2a: Urshifu|Urshifu-Rapid-Strike, L50, M|100/100\n|turn|5\n|\n|t:|1774579494\n|move|p2a: Urshifu|Aqua Jet|p1a: Matthias\n|-resisted|p1a: Matthias\n|-damage|p1a: Matthias|0 fnt\n|faint|p1a: Matthias\n|move|p1b: Mao & Agati|Psychic|p2a: Urshifu\n|-supereffective|p2a: Urshifu\n|-crit|p2a: Urshifu\n|-damage|p2a: Urshifu|0 fnt\n|faint|p2a: Urshifu\n|-ability|p1b: Mao & Agati|Grim Neigh|boost\n|-boost|p1b: Mao & Agati|spa|1\n|move|p2b: Terapagos|Calm Mind|p2b: Terapagos\n|-boost|p2b: Terapagos|spa|1\n|-boost|p2b: Terapagos|spd|1\n|\n|-weather|none\n|-end|p2b: Terapagos|Encore\n|-fieldend|move: Electric Terrain\n|upkeep\n|\n|t:|1774579504\n|switch|p1a: Kareem|Incineroar, L50, F|100/100\n|-ability|p1a: Kareem|Intimidate|boost\n|-unboost|p2b: Terapagos|atk|1\n|turn|6\n|-message|MoonlitMaple forfeited.\n|\n|win|eye-zitt\n|raw|eye-zitt's rating: 1345 &rarr; <strong>1359</strong><br />(+14 for winning)\n|raw|MoonlitMaple's rating: 1233 &rarr; <strong>1216</strong><br />(-17 for losing)\n","uploadtime":1774579517,"views":11,"formatid":"gen9vgc2026regi","rating":1216,"private":0,"password":null}