{"id":"gen9vgc2026regi-2573961535","format":"[Gen 9] VGC 2026 Reg I","players":["bblhootiegang","dialgasucksnow"],"log":"|j|\u2606bblhootiegang\n|j|\u2606dialgasucksnow\n|html|<table width=\"100%\"><tr><td align=\"left\">bblhootiegang</td><td align=\"right\">dialgasucksnow</tr><tr><td align=\"left\"><i class=\"fa fa-circle\"></i> <i class=\"fa fa-circle-o\"></i> </td><td align=\"right\"><i class=\"fa fa-circle-o\"></i> <i class=\"fa fa-circle-o\"></i> </tr></table>\n|uhtml|bestof|<h2><strong>Game 2</strong> of <a href=\"/game-bestof3-gen9vgc2026regi-2573958486\">a best-of-3</a></h2>\n|t:|1775182789\n|gametype|doubles\n|player|p1|bblhootiegang|1|\n|player|p2|dialgasucksnow|yancy|\n|gen|9\n|tier|[Gen 9] VGC 2026 Reg I\n|rated|Tournament battle\n|rule|Species Clause: Limit one of each Pok\u00e9mon\n|rule|Item Clause: Limit 1 of each item\n|raw|<div class=\"infobox\"><details class=\"readmore\" open><summary><strong>4 custom rules:</strong></summary> Open Team Sheets, Force Open Team Sheets, !Open Team Sheets, Best of = 3</details></div>\n|clearpoke\n|poke|p1|Koraidon, L50|\n|poke|p1|Lunala, L50|\n|poke|p1|Brute Bonnet, L50|\n|poke|p1|Ursaluna, L50, M|\n|poke|p1|Chi-Yu, L50|\n|poke|p1|Flutter Mane, L50|\n|poke|p2|Miraidon, L50|\n|poke|p2|Lunala, L50|\n|poke|p2|Whimsicott, L50, F|\n|poke|p2|Urshifu-*, L50, M|\n|poke|p2|Incineroar, L50, F|\n|poke|p2|Ursaluna, L50, M|\n|teampreview|4\n|showteam|p1|Koraidon||LifeOrb|OrichalcumPulse|CloseCombat,FlareBlitz,FlameCharge,Protect||||||50|,,,,,Fire]Lunala||PowerHerb|ShadowShield|MoongeistBeam,MeteorBeam,WideGuard,TrickRoom||||||50|,,,,,Water]Brute Bonnet||SitrusBerry|Protosynthesis|SeedBomb,SuckerPunch,Spore,RagePowder||||||50|,,,,,Water]Ursaluna||FlameOrb|Guts|HeadlongRush,Facade,Earthquake,Protect|||M|||50|,,,,,Ghost]Chi-Yu||ChoiceScarf|BeadsofRuin|DarkPulse,HeatWave,Overheat,Snarl||||||50|,,,,,Ghost]Flutter Mane||FocusSash|Protosynthesis|ShadowBall,Moonblast,IcyWind,Protect||||||50|,,,,,Stellar\n|showteam|p2|Miraidon||LifeOrb|HadronEngine|ElectroDrift,DracoMeteor,VoltSwitch,Protect||||||50|,,,,,Electric]Lunala||ElectricSeed|ShadowShield|MoongeistBeam,Moonblast,WideGuard,TrickRoom||||||50|,,,,,Fairy]Whimsicott||CovertCloak|Prankster|Moonblast,Encore,LightScreen,Tailwind|||F|||50|,,,,,Water]Urshifu-Rapid-Strike||ChoiceBand|UnseenFist|SurgingStrikes,CloseCombat,AquaJet,Uturn|||M|||50|,,,,,Ghost]Incineroar||AssaultVest|Intimidate|FlareBlitz,KnockOff,Uturn,FakeOut|||F|||50|,,,,,Bug]Ursaluna||FlameOrb|Guts|Facade,HeadlongRush,Earthquake,Protect|||M|||50|,,,,,Ghost\n|c|\u2606dialgasucksnow|i directly said specs mirai was bad\n|j| Graffiti Boy\n|j| toadsamongmen\n|c|\u2606bblhootiegang|specs mirai on this team loses to rilla csr too hard\n|c|\u2606bblhootiegang|that's why they're life orb on it\n|c| toadsamongmen|oh I meant Mirai in general\n|c| Graffiti Boy|as a specs mirai player\n|c| Graffiti Boy|i simply avoid all the rillaboom\n|c| Graffiti Boy|\ud83d\uddff\n|c| toadsamongmen|mis type\n|\n|t:|1775182836\n|teamsize|p1|4\n|teamsize|p2|4\n|start\n|switch|p1a: Lunala|Lunala, L50|100/100\n|switch|p1b: Koraidon|Koraidon, L50, shiny|100/100\n|switch|p2a: Miraidon|Miraidon, L50|100/100\n|switch|p2b: Incineroar|Incineroar, L50, F|100/100\n|-weather|SunnyDay|[from] ability: Orichalcum Pulse|[of] p1b: Koraidon\n|-activate|p1b: Koraidon|Orichalcum Pulse|[source]\n|-fieldstart|move: Electric Terrain|[from] ability: Hadron Engine|[of] p2a: Miraidon\n|-ability|p2b: Incineroar|Intimidate|boost\n|-unboost|p1a: Lunala|atk|1\n|-unboost|p1b: Koraidon|atk|1\n|turn|1\n|j| JkShowdownguest\n|\n|t:|1775182880\n|switch|p2b: Lunala|Lunala, L50|100/100\n|-enditem|p2b: Lunala|Electric Seed\n|-boost|p2b: Lunala|def|1|[from] item: Electric Seed\n|move|p1b: Koraidon|Close Combat|p2b: Lunala\n|-immune|p2b: Lunala\n|move|p2a: Miraidon|Volt Switch|p1a: Lunala\n|-damage|p1a: Lunala|71/100\n|-damage|p2a: Miraidon|91/100|[from] item: Life Orb\n|\n|t:|1775182897\n|switch|p2a: Whimsicott|Whimsicott, L50, F|100/100|[from] Volt Switch\n|move|p1a: Lunala|Meteor Beam||[still]\n|-prepare|p1a: Lunala|Meteor Beam\n|-boost|p1a: Lunala|spa|1\n|-enditem|p1a: Lunala|Power Herb\n|-anim|p1a: Lunala|Meteor Beam|p2b: Lunala\n|-damage|p2b: Lunala|78/100\n|\n|-weather|SunnyDay|[upkeep]\n|upkeep\n|turn|2\n|\n|t:|1775182963\n|switch|p1a: Brute Bonnet|Brute Bonnet, L50, shiny|100/100\n|-activate|p1a: Brute Bonnet|ability: Protosynthesis\n|-start|p1a: Brute Bonnet|protosynthesisdef\n|-terastallize|p1b: Koraidon|Fire\n|-terastallize|p2a: Whimsicott|Water\n|move|p2a: Whimsicott|Tailwind|p2a: Whimsicott\n|-sidestart|p2: dialgasucksnow|move: Tailwind\n|move|p2b: Lunala|Moongeist Beam|p1a: Brute Bonnet\n|-resisted|p1a: Brute Bonnet\n|-damage|p1a: Brute Bonnet|80/100\n|move|p1b: Koraidon|Flame Charge|p2a: Whimsicott\n|-resisted|p2a: Whimsicott\n|-damage|p2a: Whimsicott|66/100\n|-boost|p1b: Koraidon|spe|1\n|-damage|p1b: Koraidon|91/100|[from] item: Life Orb\n|\n|-weather|SunnyDay|[upkeep]\n|upkeep\n|turn|3\n|\n|t:|1775182987\n|move|p1b: Koraidon|Flare Blitz|p2b: Lunala\n|-damage|p2b: Lunala|21/100\n|-status|p2b: Lunala|brn\n|-damage|p1b: Koraidon|65/100|[from] Recoil\n|-damage|p1b: Koraidon|56/100|[from] item: Life Orb\n|move|p2a: Whimsicott|Moonblast|p1a: Brute Bonnet\n|-supereffective|p1a: Brute Bonnet\n|-damage|p1a: Brute Bonnet|34/100\n|-enditem|p1a: Brute Bonnet|Sitrus Berry|[eat]\n|-heal|p1a: Brute Bonnet|58/100|[from] item: Sitrus Berry\n|move|p2b: Lunala|Moonblast|p1a: Brute Bonnet\n|-supereffective|p1a: Brute Bonnet\n|-damage|p1a: Brute Bonnet|0 fnt\n|faint|p1a: Brute Bonnet\n|-end|p1a: Brute Bonnet|Protosynthesis|[silent]\n|\n|-weather|SunnyDay|[upkeep]\n|-damage|p2b: Lunala|15/100 brn|[from] brn\n|upkeep\n|j| aurora ltd\n|\n|t:|1775183002\n|switch|p1a: Lunala|Lunala, L50|71/100\n|turn|4\n|l| aurora ltd\n|\n|t:|1775183023\n|move|p2a: Whimsicott|Light Screen|p2a: Whimsicott\n|-sidestart|p2: dialgasucksnow|move: Light Screen\n|move|p1b: Koraidon|Flare Blitz|p2b: Lunala\n|-damage|p2b: Lunala|0 fnt\n|faint|p2b: Lunala\n|-damage|p1b: Koraidon|49/100|[from] Recoil\n|-damage|p1b: Koraidon|40/100|[from] item: Life Orb\n|move|p1a: Lunala|Moongeist Beam|p2a: Whimsicott\n|-damage|p2a: Whimsicott|29/100\n|\n|-weather|SunnyDay|[upkeep]\n|upkeep\n|\n|t:|1775183027\n|switch|p2b: Incineroar|Incineroar, L50, F|100/100\n|-ability|p2b: Incineroar|Intimidate|boost\n|-unboost|p1a: Lunala|atk|1\n|-unboost|p1b: Koraidon|atk|1\n|turn|5\n|\n|t:|1775183073\n|switch|p1a: Ursaluna|Ursaluna, L50, M, shiny|100/100\n|move|p2a: Whimsicott|Encore|p1b: Koraidon\n|-start|p1b: Koraidon|Encore\n|move|p1b: Koraidon|Flare Blitz|p2b: Incineroar\n|-resisted|p2b: Incineroar\n|-damage|p2b: Incineroar|60/100\n|-damage|p1b: Koraidon|24/100|[from] Recoil\n|-damage|p1b: Koraidon|15/100|[from] item: Life Orb\n|move|p2b: Incineroar|Knock Off|p1a: Ursaluna\n|-damage|p1a: Ursaluna|70/100\n|-enditem|p1a: Ursaluna|Flame Orb|[from] move: Knock Off|[of] p2b: Incineroar\n|\n|-weather|none\n|-sideend|p2: dialgasucksnow|move: Tailwind\n|-fieldend|move: Electric Terrain\n|upkeep\n|turn|6\n|l| Graffiti Boy\n|\n|t:|1775183138\n|switch|p1b: Lunala|Lunala, L50|71/100\n|move|p2a: Whimsicott|Moonblast|p1a: Ursaluna\n|-damage|p1a: Ursaluna|44/100\n|move|p2b: Incineroar|Flare Blitz|p1a: Ursaluna\n|-damage|p1a: Ursaluna|6/100\n|-damage|p2b: Incineroar|46/100|[from] Recoil\n|move|p1a: Ursaluna|Earthquake|p2b: Incineroar|[spread] p1b,p2a,p2b\n|-supereffective|p2b: Incineroar\n|-damage|p1b: Lunala|34/100\n|-damage|p2a: Whimsicott|0 fnt\n|-damage|p2b: Incineroar|0 fnt\n|faint|p2a: Whimsicott\n|faint|p2b: Incineroar\n|\n|upkeep\n|\n|t:|1775183143\n|switch|p2b: Miraidon|Miraidon, L50|91/100\n|-fieldstart|move: Electric Terrain|[from] ability: Hadron Engine|[of] p2b: Miraidon\n|turn|7\n|c|\u2606dialgasucksnow|roll\n|j| Gible's nibble\n|l| Gible's nibble\n|\n|t:|1775183165\n|move|p2b: Miraidon|Protect|p2b: Miraidon\n|-singleturn|p2b: Miraidon|Protect\n|move|p1a: Ursaluna|Protect|p1a: Ursaluna\n|-singleturn|p1a: Ursaluna|Protect\n|move|p1b: Lunala|Trick Room|p1b: Lunala\n|-fieldstart|move: Trick Room|[of] p1b: Lunala\n|\n|upkeep\n|turn|8\n|c| toadsamongmen|uh oh\n|\n|t:|1775183177\n|move|p1a: Ursaluna|Headlong Rush|p2b: Miraidon\n|-supereffective|p2b: Miraidon\n|-damage|p2b: Miraidon|0 fnt\n|-unboost|p1a: Ursaluna|def|1\n|-unboost|p1a: Ursaluna|spd|1\n|faint|p2b: Miraidon\n|\n|win|bblhootiegang\n|l| JkShowdownguest\n|c|\u2606dialgasucksnow|love rolls\n|c|\u2606dialgasucksnow|ff pulled my worst mu round one and got rolled\n|c|\u2606dialgasucksnow|gg\n|j| aurora ltd\n","uploadtime":1775183218,"views":11,"formatid":"gen9vgc2026regi","rating":null,"private":0,"password":null}