{"id":"gen9vgc2026regi-2561948871","format":"[Gen 9] VGC 2026 Reg I","players":["pigs2fly","shangenb"],"log":"|j|\u2606pigs2fly\n|j|\u2606shangenb\n|t:|1773857293\n|gametype|doubles\n|player|p1|pigs2fly|dexio|1490\n|player|p2|shangenb|266|1483\n|gen|9\n|tier|[Gen 9] VGC 2026 Reg I\n|rated|\n|rule|Species Clause: Limit one of each Pok\u00e9mon\n|rule|Item Clause: Limit 1 of each item\n|clearpoke\n|poke|p1|Annihilape, L50, M|\n|poke|p1|Tornadus, L50, M|\n|poke|p1|Dondozo, L50, M|\n|poke|p1|Tatsugiri-Droopy, L50, M|\n|poke|p1|Zacian-*, L50|\n|poke|p1|Kyogre, L50|\n|poke|p2|Koraidon, L50|\n|poke|p2|Lunala, L50|\n|poke|p2|Flutter Mane, L50|\n|poke|p2|Chi-Yu, L50|\n|poke|p2|Raging Bolt, L50|\n|poke|p2|Indeedee-F, L50, F|\n|teampreview|4\n|inactive|Battle timer is ON: inactive players will automatically lose when time's up. (requested by shangenb)\n|\n|t:|1773857319\n|teamsize|p1|4\n|teamsize|p2|4\n|start\n|switch|p1a: Zacian|Zacian-Crowned, L50, shiny|100/100\n|switch|p1b: Kyogre|Kyogre, L50|100/100\n|switch|p2a: Lunala|Lunala, L50|100/100\n|switch|p2b: Flutter Mane|Flutter Mane, L50|100/100\n|-ability|p1a: Zacian|Intrepid Sword|boost\n|-boost|p1a: Zacian|atk|1\n|-weather|RainDance|[from] ability: Drizzle|[of] p1b: Kyogre\n|turn|1\n|\n|t:|1773857339\n|-terastallize|p2a: Lunala|Water\n|move|p2b: Flutter Mane|Icy Wind|p1b: Kyogre|[spread] p1a,p1b\n|-resisted|p1a: Zacian\n|-resisted|p1b: Kyogre\n|-damage|p1a: Zacian|95/100\n|-damage|p1b: Kyogre|97/100\n|-unboost|p1a: Zacian|spe|1\n|-unboost|p1b: Kyogre|spe|1\n|move|p2a: Lunala|Meteor Beam||[still]\n|-prepare|p2a: Lunala|Meteor Beam\n|-boost|p2a: Lunala|spa|1\n|-enditem|p2a: Lunala|Power Herb\n|-anim|p2a: Lunala|Meteor Beam|p1b: Kyogre\n|-damage|p1b: Kyogre|64/100\n|move|p1a: Zacian|Snarl|p2a: Lunala|[spread] p2a,p2b\n|-damage|p2a: Lunala|98/100\n|-damage|p2b: Flutter Mane|92/100\n|-unboost|p2a: Lunala|spa|1\n|-unboost|p2b: Flutter Mane|spa|1\n|move|p1b: Kyogre|Ice Beam|p2b: Flutter Mane\n|-crit|p2b: Flutter Mane\n|-damage|p2b: Flutter Mane|34/100\n|\n|-weather|RainDance|[upkeep]\n|upkeep\n|turn|2\n|inactive|shangenb has 30 seconds left.\n|inactive|shangenb has 20 seconds left.\n|\n|t:|1773857374\n|move|p2b: Flutter Mane|Icy Wind|p1b: Kyogre|[spread] p1a,p1b\n|-resisted|p1a: Zacian\n|-resisted|p1b: Kyogre\n|-damage|p1a: Zacian|90/100\n|-damage|p1b: Kyogre|62/100\n|-unboost|p1a: Zacian|spe|1\n|-unboost|p1b: Kyogre|spe|1\n|move|p2a: Lunala|Moongeist Beam|p1b: Kyogre\n|-damage|p1b: Kyogre|35/100\n|move|p1a: Zacian|Play Rough|p2a: Lunala\n|-damage|p2a: Lunala|24/100\n|move|p1b: Kyogre|Origin Pulse|p2a: Lunala|[spread] p2a\n|-miss|p1b: Kyogre|p2b: Flutter Mane\n|-resisted|p2a: Lunala\n|-damage|p2a: Lunala|0 fnt\n|faint|p2a: Lunala\n|\n|-weather|RainDance|[upkeep]\n|upkeep\n|\n|t:|1773857394\n|switch|p2a: Koraidon|Koraidon, L50|100/100\n|-weather|SunnyDay|[from] ability: Orichalcum Pulse|[of] p2a: Koraidon\n|-activate|p2b: Flutter Mane|ability: Protosynthesis\n|-start|p2b: Flutter Mane|protosynthesisspe\n|-activate|p2a: Koraidon|Orichalcum Pulse|[source]\n|turn|3\n|\n|t:|1773857415\n|-end|p2b: Flutter Mane|Protosynthesis|[silent]\n|switch|p2b: Raging Bolt|Raging Bolt, L50|100/100\n|-activate|p2b: Raging Bolt|ability: Protosynthesis\n|-start|p2b: Raging Bolt|protosynthesisspa\n|move|p1a: Zacian|Protect|p1a: Zacian\n|-singleturn|p1a: Zacian|Protect\n|move|p2a: Koraidon|Flare Blitz|p1a: Zacian\n|-activate|p1a: Zacian|move: Protect\n|move|p1b: Kyogre|Ice Beam|p2a: Koraidon\n|-supereffective|p2a: Koraidon\n|-damage|p2a: Koraidon|42/100\n|\n|-weather|SunnyDay|[upkeep]\n|upkeep\n|turn|4\n|\n|t:|1773857436\n|switch|p1a: Tatsugiri|Tatsugiri-Droopy, L50, M|100/100\n|switch|p1b: Dondozo|Dondozo, L50, M|100/100\n|-activate|p1a: Tatsugiri|ability: Commander|[of] p1b: Dondozo\n|-boost|p1b: Dondozo|atk|2\n|-boost|p1b: Dondozo|spa|2\n|-boost|p1b: Dondozo|spe|2\n|-boost|p1b: Dondozo|def|2\n|-boost|p1b: Dondozo|spd|2\n|move|p2a: Koraidon|Collision Course|p1b: Dondozo\n|-damage|p1b: Dondozo|81/100\n|move|p2b: Raging Bolt|Thunderbolt|p1a: Tatsugiri|[miss]\n|-miss|p2b: Raging Bolt|p1a: Tatsugiri\n|\n|-weather|SunnyDay|[upkeep]\n|-heal|p1b: Dondozo|87/100|[from] item: Leftovers\n|upkeep\n|turn|5\n|\n|t:|1773857457\n|switch|p2a: Flutter Mane|Flutter Mane, L50|34/100\n|-activate|p2a: Flutter Mane|ability: Protosynthesis\n|-start|p2a: Flutter Mane|protosynthesisspe\n|move|p1b: Dondozo|Protect|p1b: Dondozo\n|-singleturn|p1b: Dondozo|Protect\n|move|p2b: Raging Bolt|Thunderbolt|p1b: Dondozo\n|-activate|p1b: Dondozo|move: Protect\n|\n|-weather|SunnyDay|[upkeep]\n|-heal|p1b: Dondozo|93/100|[from] item: Leftovers\n|upkeep\n|turn|6\n|\n|t:|1773857471\n|-terastallize|p1b: Dondozo|Grass\n|move|p2b: Raging Bolt|Protect|p2b: Raging Bolt\n|-singleturn|p2b: Raging Bolt|Protect\n|move|p2a: Flutter Mane|Taunt|p1b: Dondozo\n|-start|p1b: Dondozo|move: Taunt\n|move|p1b: Dondozo|Earthquake|p2b: Raging Bolt|[spread] p2a\n|-miss|p1b: Dondozo|p1a: Tatsugiri\n|-activate|p2b: Raging Bolt|move: Protect\n|-damage|p2a: Flutter Mane|0 fnt\n|faint|p2a: Flutter Mane\n|-end|p2a: Flutter Mane|Protosynthesis|[silent]\n|\n|-weather|SunnyDay|[upkeep]\n|-heal|p1b: Dondozo|99/100|[from] item: Leftovers\n|upkeep\n|\n|t:|1773857487\n|switch|p2a: Koraidon|Koraidon, L50|42/100\n|-activate|p2a: Koraidon|ability: Orichalcum Pulse\n|turn|7\n|\n|t:|1773857494\n|move|p2b: Raging Bolt|Thunderclap|p1b: Dondozo\n|-resisted|p1b: Dondozo\n|-damage|p1b: Dondozo|84/100\n|-damage|p2b: Raging Bolt|91/100|[from] item: Life Orb\n|move|p2a: Koraidon|Flare Blitz|p1b: Dondozo\n|-supereffective|p1b: Dondozo\n|-damage|p1b: Dondozo|32/100\n|-damage|p2a: Koraidon|22/100|[from] Recoil\n|move|p1b: Dondozo|Order Up|p2a: Koraidon\n|-supereffective|p2a: Koraidon\n|-damage|p2a: Koraidon|0 fnt\n|faint|p2a: Koraidon\n|-boost|p1b: Dondozo|def|1\n|\n|-weather|none\n|-end|p2b: Raging Bolt|Protosynthesis\n|-heal|p1b: Dondozo|38/100|[from] item: Leftovers\n|upkeep\n|turn|8\n|-message|shangenb forfeited.\n|\n|win|pigs2fly\n|raw|pigs2fly's rating: 1490 &rarr; <strong>1510</strong><br />(+20 for winning)\n|raw|shangenb's rating: 1483 &rarr; <strong>1463</strong><br />(-20 for losing)\n|l|\u2606shangenb\n|player|p2|\n|l|\u2606pigs2fly\n|player|p1|\n","uploadtime":1773857734,"views":11,"formatid":"gen9vgc2026regi","rating":1463,"private":0,"password":null}