{"id":"gen9vgc2026regi-2581820227","format":"[Gen 9] VGC 2026 Reg I","players":["N Jordan","phoeniKSP"],"log":"|j|\u2606N Jordan\n|j|\u2606phoeniKSP\n|t:|1776031048\n|gametype|doubles\n|player|p1|N Jordan|n|1596\n|player|p2|phoeniKSP|barry|1487\n|gen|9\n|tier|[Gen 9] VGC 2026 Reg I\n|rated|\n|rule|Species Clause: Limit one of each Pok\u00e9mon\n|rule|Item Clause: Limit 1 of each item\n|clearpoke\n|poke|p1|Zacian-*, L50|\n|poke|p1|Kyogre, L50|\n|poke|p1|Grimmsnarl, L50, M|\n|poke|p1|Ursaluna-Bloodmoon, L50, M|\n|poke|p1|Iron Hands, L50|\n|poke|p1|Rillaboom, L50, F|\n|poke|p2|Giratina-Origin, L50|\n|poke|p2|Zamazenta-*, L50|\n|poke|p2|Chien-Pao, L50|\n|poke|p2|Entei, L50|\n|poke|p2|Urshifu-*, L50, M|\n|poke|p2|Rillaboom, L50, M|\n|teampreview|4\n|inactive|Battle timer is ON: inactive players will automatically lose when time's up. (requested by phoeniKSP)\n|inactive|phoeniKSP has 60 seconds left.\n|\n|t:|1776031113\n|teamsize|p1|4\n|teamsize|p2|4\n|start\n|switch|p1a: Grimmsnarl|Grimmsnarl, L50, M|100/100\n|switch|p1b: Iron Hands|Iron Hands, L50|100/100\n|switch|p2a: Entei|Entei, L50|100/100\n|switch|p2b: Zamazenta|Zamazenta-Crowned, L50|100/100\n|-ability|p2b: Zamazenta|Dauntless Shield|boost\n|-boost|p2b: Zamazenta|def|1\n|turn|1\n|inactive|N Jordan has 30 seconds left.\n|inactive|phoeniKSP has 30 seconds left.\n|inactive|phoeniKSP has 20 seconds left.\n|\n|t:|1776031149\n|-terastallize|p1b: Iron Hands|Fire\n|move|p1a: Grimmsnarl|Reflect|p1a: Grimmsnarl\n|-sidestart|p1: N Jordan|Reflect\n|move|p2b: Zamazenta|Body Press|p1b: Iron Hands\n|-damage|p1b: Iron Hands|68/100\n|move|p2a: Entei|Sacred Fire|p1b: Iron Hands\n|-resisted|p1b: Iron Hands\n|-damage|p1b: Iron Hands|55/100\n|-damage|p2a: Entei|91/100|[from] item: Life Orb\n|move|p1b: Iron Hands|Swords Dance|p1b: Iron Hands\n|-boost|p1b: Iron Hands|atk|2\n|\n|upkeep\n|turn|2\n|\n|t:|1776031166\n|-terastallize|p2a: Entei|Normal\n|move|p2a: Entei|Extreme Speed|p1b: Iron Hands\n|-damage|p1b: Iron Hands|30/100\n|-enditem|p1b: Iron Hands|Sitrus Berry|[eat]\n|-heal|p1b: Iron Hands|55/100|[from] item: Sitrus Berry\n|-damage|p2a: Entei|81/100|[from] item: Life Orb\n|move|p1a: Grimmsnarl|Light Screen|p1a: Grimmsnarl\n|-sidestart|p1: N Jordan|move: Light Screen\n|move|p2b: Zamazenta|Body Press|p1b: Iron Hands\n|-damage|p1b: Iron Hands|23/100\n|move|p1b: Iron Hands|Drain Punch|p2b: Zamazenta\n|-supereffective|p2b: Zamazenta\n|-damage|p2b: Zamazenta|42/100\n|-heal|p1b: Iron Hands|43/100|[from] drain|[of] p2b: Zamazenta\n|\n|upkeep\n|turn|3\n|\n|t:|1776031190\n|move|p2a: Entei|Extreme Speed|p1b: Iron Hands\n|-damage|p1b: Iron Hands|19/100\n|-damage|p2a: Entei|72/100|[from] item: Life Orb\n|move|p2b: Zamazenta|Body Press|p1b: Iron Hands\n|-damage|p1b: Iron Hands|0 fnt\n|faint|p1b: Iron Hands\n|-end|p1b: Iron Hands|Quark Drive|[silent]\n|move|p1a: Grimmsnarl|Spirit Break|p2a: Entei\n|-damage|p2a: Entei|37/100\n|-unboost|p2a: Entei|spa|1\n|\n|upkeep\n|\n|t:|1776031202\n|switch|p1b: Zacian|Zacian-Crowned, L50|100/100\n|-ability|p1b: Zacian|Intrepid Sword|boost\n|-boost|p1b: Zacian|atk|1\n|turn|4\n|\n|t:|1776031224\n|move|p2a: Entei|Protect|p2a: Entei\n|-singleturn|p2a: Entei|Protect\n|move|p1b: Zacian|Sacred Sword|p2b: Zamazenta\n|-supereffective|p2b: Zamazenta\n|-damage|p2b: Zamazenta|0 fnt\n|faint|p2b: Zamazenta\n|move|p1a: Grimmsnarl|Spirit Break|p2a: Entei\n|-activate|p2a: Entei|move: Protect\n|\n|upkeep\n|\n|t:|1776031240\n|switch|p2b: Urshifu|Urshifu-Rapid-Strike, L50, M|100/100\n|turn|5\n|\n|t:|1776031262\n|move|p2b: Urshifu|Close Combat|p1b: Zacian\n|-damage|p1b: Zacian|61/100\n|-unboost|p2b: Urshifu|def|1\n|-unboost|p2b: Urshifu|spd|1\n|move|p1b: Zacian|Behemoth Blade|p2a: Entei\n|-damage|p2a: Entei|0 fnt\n|faint|p2a: Entei\n|move|p1a: Grimmsnarl|Spirit Break|p2b: Urshifu\n|-supereffective|p2b: Urshifu\n|-damage|p2b: Urshifu|0 fnt\n|faint|p2b: Urshifu\n|\n|upkeep\n|-message|phoeniKSP forfeited.\n|\n|win|N Jordan\n|raw|N Jordan's rating: 1596 &rarr; <strong>1610</strong><br />(+14 for winning)\n|raw|phoeniKSP's rating: 1487 &rarr; <strong>1473</strong><br />(-14 for losing)\n|l|\u2606phoeniKSP\n|player|p2|\n|l|\u2606N Jordan\n|player|p1|\n","uploadtime":1776031481,"views":10,"formatid":"gen9vgc2026regi","rating":1473,"private":0,"password":null}