{"id":"gen9vgc2026regi-2560122950","format":"[Gen 9] VGC 2026 Reg I","players":["Joltcia","jj11j1"],"log":"|j|\u2606Joltcia\n|j|\u2606jj11j1\n|t:|1773655383\n|gametype|doubles\n|player|p1|Joltcia|169|1179\n|player|p2|jj11j1|170|1236\n|gen|9\n|tier|[Gen 9] VGC 2026 Reg I\n|rated|\n|rule|Species Clause: Limit one of each Pok\u00e9mon\n|rule|Item Clause: Limit 1 of each item\n|clearpoke\n|poke|p1|Kyogre, L50|\n|poke|p1|Lumineon, L50, M|\n|poke|p1|Miraidon, L50|\n|poke|p1|Incineroar, L50, F|\n|poke|p1|Ogerpon-Cornerstone, L50, F|\n|poke|p1|Urshifu-*, L50, F|\n|poke|p2|Kyogre, L50|\n|poke|p2|Calyrex-Ice, L50|\n|poke|p2|Landorus, L50, M|\n|poke|p2|Urshifu-*, L50, F|\n|poke|p2|Smeargle, L50, M|\n|poke|p2|Flutter Mane, L50|\n|teampreview|4\n|\n|t:|1773655413\n|teamsize|p1|4\n|teamsize|p2|4\n|start\n|switch|p1a: Kyogre|Kyogre, L50|100/100\n|switch|p1b: Lumineon|Lumineon, L50, M|100/100\n|switch|p2a: Flutter Mane|Flutter Mane, L50|100/100\n|switch|p2b: Smeargle|Smeargle, L50, M|100/100\n|-weather|RainDance|[from] ability: Drizzle|[of] p1a: Kyogre\n|turn|1\n|\n|t:|1773655432\n|move|p2b: Smeargle|Fake Out|p1a: Kyogre\n|-damage|p1a: Kyogre|95/100\n|move|p1b: Lumineon|Tailwind|p1b: Lumineon\n|-sidestart|p1: Joltcia|move: Tailwind\n|cant|p1a: Kyogre|flinch\n|move|p2a: Flutter Mane|Trick Room|p2a: Flutter Mane\n|-fieldstart|move: Trick Room|[of] p2a: Flutter Mane\n|\n|-weather|RainDance|[upkeep]\n|-ability|p2b: Smeargle|Moody|boost\n|-boost|p2b: Smeargle|atk|2\n|-unboost|p2b: Smeargle|spe|1\n|-enditem|p2b: Smeargle|Eject Pack\n|upkeep\n|\n|t:|1773655446\n|switch|p2b: Calyrex|Calyrex-Ice, L50|100/100\n|-ability|p2b: Calyrex|As One\n|-ability|p2b: Calyrex|Unnerve\n|turn|2\n|\n|t:|1773655460\n|-end|p2a: Flutter Mane|Protosynthesis|[silent]\n|switch|p2a: Smeargle|Smeargle, L50, M|100/100\n|-terastallize|p2b: Calyrex|Grass\n|-terastallize|p1a: Kyogre|Water\n|move|p1b: Lumineon|Helping Hand|p1a: Kyogre\n|-singleturn|p1a: Kyogre|Helping Hand|[of] p1b: Lumineon\n|move|p2b: Calyrex|Glacial Lance|p1a: Kyogre|[spread] p1a,p1b\n|-resisted|p1a: Kyogre\n|-resisted|p1b: Lumineon\n|-damage|p1a: Kyogre|63/100\n|-damage|p1b: Lumineon|64/100\n|move|p1a: Kyogre|Origin Pulse|p2a: Smeargle|[spread] p2a\n|-miss|p1a: Kyogre|p2b: Calyrex\n|-damage|p2a: Smeargle|0 fnt\n|faint|p2a: Smeargle\n|\n|-weather|RainDance|[upkeep]\n|upkeep\n|\n|t:|1773655481\n|switch|p2a: Landorus|Landorus, L50, M|100/100\n|turn|3\n|\n|t:|1773655490\n|move|p1b: Lumineon|Protect|p1b: Lumineon\n|-singleturn|p1b: Lumineon|Protect\n|move|p2b: Calyrex|Glacial Lance|p1a: Kyogre|[spread] p1a\n|-activate|p1b: Lumineon|move: Protect\n|-resisted|p1a: Kyogre\n|-damage|p1a: Kyogre|28/100\n|move|p2a: Landorus|Earth Power|p1a: Kyogre\n|-damage|p1a: Kyogre|0 fnt\n|faint|p1a: Kyogre\n|\n|-weather|RainDance|[upkeep]\n|upkeep\n|\n|t:|1773655502\n|switch|p1a: Urshifu|Urshifu, L50, F|100/100\n|turn|4\n|\n|t:|1773655514\n|move|p1b: Lumineon|Helping Hand|p1a: Urshifu\n|-singleturn|p1a: Urshifu|Helping Hand|[of] p1b: Lumineon\n|move|p2b: Calyrex|Glacial Lance|p1a: Urshifu|[spread] p1a,p1b\n|-resisted|p1b: Lumineon\n|-damage|p1a: Urshifu|40/100\n|-damage|p1b: Lumineon|24/100\n|move|p2a: Landorus|Sandsear Storm|p1b: Lumineon|[spread] p1a,p1b\n|-damage|p1a: Urshifu|0 fnt\n|-damage|p1b: Lumineon|0 fnt\n|faint|p1a: Urshifu\n|faint|p1b: Lumineon\n|\n|-weather|RainDance|[upkeep]\n|-sideend|p1: Joltcia|move: Tailwind\n|upkeep\n|\n|t:|1773655524\n|switch|p1b: Miraidon|Miraidon, L50|100/100\n|-fieldstart|move: Electric Terrain|[from] ability: Hadron Engine|[of] p1b: Miraidon\n|turn|5\n|\n|t:|1773655551\n|switch|p2a: Flutter Mane|Flutter Mane, L50|100/100\n|move|p2b: Calyrex|High Horsepower|p1b: Miraidon\n|-supereffective|p1b: Miraidon\n|-damage|p1b: Miraidon|11/100\n|move|p1b: Miraidon|Dazzling Gleam|p2b: Calyrex|[spread] p2a,p2b\n|-damage|p2a: Flutter Mane|54/100\n|-damage|p2b: Calyrex|69/100\n|\n|-weather|none\n|-fieldend|move: Trick Room\n|upkeep\n|turn|6\n|\n|t:|1773655564\n|move|p2a: Flutter Mane|Moonblast|p1b: Miraidon\n|-supereffective|p1b: Miraidon\n|-damage|p1b: Miraidon|0 fnt\n|faint|p1b: Miraidon\n|\n|win|jj11j1\n|raw|Joltcia's rating: 1179 &rarr; <strong>1158</strong><br />(-21 for losing)\n|raw|jj11j1's rating: 1236 &rarr; <strong>1257</strong><br />(+21 for winning)\n|l|\u2606Joltcia\n|player|p1|\n|l|\u2606jj11j1\n|player|p2|\n","uploadtime":1773655708,"views":10,"formatid":"gen9vgc2026regi","rating":1158,"private":0,"password":null}