{"id":"gen9vgc2026regi-2578689060","format":"[Gen 9] VGC 2026 Reg I","players":["Berb3739","navinsachump"],"log":"|j|\u2606Berb3739\n|j|\u2606navinsachump\n|t:|1775703988\n|gametype|doubles\n|player|p1|Berb3739|101|1343\n|player|p2|navinsachump|265|1418\n|gen|9\n|tier|[Gen 9] VGC 2026 Reg I\n|rated|\n|rule|Species Clause: Limit one of each Pok\u00e9mon\n|rule|Item Clause: Limit 1 of each item\n|clearpoke\n|poke|p1|Miraidon, L50|\n|poke|p1|Whimsicott, L50, M|\n|poke|p1|Farigiraf, L50, F|\n|poke|p1|Calyrex-Shadow, L50|\n|poke|p1|Torkoal, L50, M|\n|poke|p1|Iron Boulder, L50|\n|poke|p2|Calyrex-Shadow, L50|\n|poke|p2|Koraidon, L50|\n|poke|p2|Raging Bolt, L50|\n|poke|p2|Brute Bonnet, L50|\n|poke|p2|Landorus, L50, M|\n|poke|p2|Incineroar, L50, F|\n|teampreview|4\n|inactive|Battle timer is ON: inactive players will automatically lose when time's up. (requested by Berb3739)\n|\n|t:|1775704006\n|teamsize|p1|4\n|teamsize|p2|4\n|start\n|switch|p1a: Whimsicott|Whimsicott, L50, M|100/100\n|switch|p1b: Miraidon|Miraidon, L50|100/100\n|switch|p2a: Calyrex|Calyrex-Shadow, L50|100/100\n|switch|p2b: Koraidon|Koraidon, L50|100/100\n|-ability|p2a: Calyrex|As One\n|-ability|p2a: Calyrex|Unnerve\n|-fieldstart|move: Electric Terrain|[from] ability: Hadron Engine|[of] p1b: Miraidon\n|-weather|SunnyDay|[from] ability: Orichalcum Pulse|[of] p2b: Koraidon\n|-activate|p2b: Koraidon|Orichalcum Pulse|[source]\n|turn|1\n|\n|t:|1775704020\n|-terastallize|p1b: Miraidon|Fairy\n|-terastallize|p2b: Koraidon|Fire\n|move|p1a: Whimsicott|Tailwind|p1a: Whimsicott\n|-sidestart|p1: Berb3739|move: Tailwind\n|move|p1b: Miraidon|Dazzling Gleam|p2b: Koraidon|[spread] p2a,p2b\n|-resisted|p2b: Koraidon\n|-damage|p2a: Calyrex|39/100\n|-damage|p2b: Koraidon|74/100\n|move|p2a: Calyrex|Astral Barrage|p1b: Miraidon|[spread] p1a,p1b\n|-damage|p1a: Whimsicott|34/100\n|-damage|p1b: Miraidon|48/100\n|move|p2b: Koraidon|Flame Charge|p1a: Whimsicott\n|-supereffective|p1a: Whimsicott\n|-damage|p1a: Whimsicott|0 fnt\n|-boost|p2b: Koraidon|spe|1\n|faint|p1a: Whimsicott\n|\n|-weather|SunnyDay|[upkeep]\n|upkeep\n|\n|t:|1775704029\n|switch|p1a: Iron Boulder|Iron Boulder, L50|100/100\n|-activate|p1a: Iron Boulder|ability: Quark Drive\n|-start|p1a: Iron Boulder|quarkdrivespe\n|turn|2\n|inactive|navinsachump has 30 seconds left.\n|\n|t:|1775704057\n|switch|p2a: Incineroar|Incineroar, L50, F|100/100\n|-ability|p2a: Incineroar|Intimidate|boost\n|-unboost|p1a: Iron Boulder|atk|1\n|-unboost|p1b: Miraidon|atk|1\n|move|p1a: Iron Boulder|Mighty Cleave|p2b: Koraidon\n|-supereffective|p2b: Koraidon\n|-damage|p2b: Koraidon|1/100\n|-damage|p1a: Iron Boulder|91/100|[from] item: Life Orb\n|move|p1b: Miraidon|Dazzling Gleam|p2b: Koraidon|[spread] p2a,p2b\n|-resisted|p2b: Koraidon\n|-damage|p2a: Incineroar|45/100\n|-damage|p2b: Koraidon|0 fnt\n|faint|p2b: Koraidon\n|\n|-weather|SunnyDay|[upkeep]\n|upkeep\n|\n|t:|1775704068\n|switch|p2b: Landorus|Landorus, L50, M|100/100\n|turn|3\n|\n|t:|1775704089\n|move|p2a: Incineroar|Fake Out|p1a: Iron Boulder\n|-resisted|p1a: Iron Boulder\n|-damage|p1a: Iron Boulder|85/100\n|cant|p1a: Iron Boulder|flinch\n|move|p1b: Miraidon|Dazzling Gleam|p2b: Landorus|[spread] p2a,p2b\n|-damage|p2a: Incineroar|0 fnt\n|-damage|p2b: Landorus|47/100\n|faint|p2a: Incineroar\n|move|p2b: Landorus|Sludge Bomb|p1b: Miraidon\n|-supereffective|p1b: Miraidon\n|-damage|p1b: Miraidon|0 fnt\n|faint|p1b: Miraidon\n|\n|-weather|SunnyDay|[upkeep]\n|upkeep\n|\n|t:|1775704106\n|switch|p1b: Calyrex|Calyrex-Shadow, L50|100/100\n|switch|p2a: Calyrex|Calyrex-Shadow, L50|39/100\n|-ability|p1b: Calyrex|As One\n|-ability|p1b: Calyrex|Unnerve\n|-ability|p2a: Calyrex|As One\n|-ability|p2a: Calyrex|Unnerve\n|turn|4\n|\n|t:|1775704112\n|move|p2a: Calyrex|Protect|p2a: Calyrex\n|-singleturn|p2a: Calyrex|Protect\n|move|p2b: Landorus|Protect|p2b: Landorus\n|-singleturn|p2b: Landorus|Protect\n|move|p1a: Iron Boulder|Throat Chop|p2a: Calyrex\n|-activate|p2a: Calyrex|move: Protect\n|move|p1b: Calyrex|Astral Barrage|p2b: Landorus|[spread] \n|-activate|p2a: Calyrex|move: Protect\n|-activate|p2b: Landorus|move: Protect\n|\n|-weather|SunnyDay|[upkeep]\n|-sideend|p1: Berb3739|move: Tailwind\n|upkeep\n|turn|5\n|\n|t:|1775704131\n|move|p2a: Calyrex|Protect||[still]\n|-fail|p2a: Calyrex\n|move|p1a: Iron Boulder|Throat Chop|p2a: Calyrex\n|-supereffective|p2a: Calyrex\n|-damage|p2a: Calyrex|0 fnt\n|faint|p2a: Calyrex\n|-damage|p1a: Iron Boulder|76/100|[from] item: Life Orb\n|move|p1b: Calyrex|Astral Barrage|p2b: Landorus\n|-damage|p2b: Landorus|0 fnt\n|faint|p2b: Landorus\n|\n|win|Berb3739\n|raw|Berb3739's rating: 1343 &rarr; <strong>1367</strong><br />(+24 for winning)\n|raw|navinsachump's rating: 1418 &rarr; <strong>1394</strong><br />(-24 for losing)\n|l|\u2606navinsachump\n|player|p2|\n|l|\u2606Berb3739\n|player|p1|\n","uploadtime":1775704376,"views":10,"formatid":"gen9vgc2026regi","rating":1367,"private":0,"password":null}