{"id":"gen9vgc2026regi-2578393157","format":"[Gen 9] VGC 2026 Reg I","players":["gabolve","IceSnezhny"],"log":"|j|\u2606gabolve\n|j|\u2606IceSnezhny\n|t:|1775674061\n|gametype|doubles\n|player|p1|gabolve|miku-ghost|1332\n|player|p2|IceSnezhny|steven-masters3|1259\n|gen|9\n|tier|[Gen 9] VGC 2026 Reg I\n|rated|\n|rule|Species Clause: Limit one of each Pok\u00e9mon\n|rule|Item Clause: Limit 1 of each item\n|clearpoke\n|poke|p1|Calyrex-Ice, L50|\n|poke|p1|Indeedee-F, L50, F|\n|poke|p1|Iron Hands, L50|\n|poke|p1|Kyogre, L50|\n|poke|p1|Ceruledge, L50, M|\n|poke|p1|Sinistcha-Masterpiece, L50|\n|poke|p2|Necrozma-Dawn-Wings, L50|\n|poke|p2|Kyogre, L50|\n|poke|p2|Indeedee-F, L50, F|\n|poke|p2|Brute Bonnet, L50|\n|poke|p2|Gallade, L50, M|\n|poke|p2|Ursaluna, L50, M|\n|teampreview|4\n|inactive|Battle timer is ON: inactive players will automatically lose when time's up. (requested by gabolve)\n|inactive|IceSnezhny has 60 seconds left.\n|inactive|IceSnezhny has 30 seconds left.\n|\n|t:|1775674130\n|teamsize|p1|4\n|teamsize|p2|4\n|start\n|switch|p1a: ecI-xerylaC|Calyrex-Ice, L50|100/100\n|switch|p1b: egdelureC|Ceruledge, L50, M|100/100\n|switch|p2a: Kyogre|Kyogre, L50|100/100\n|switch|p2b: Brute Bonnet|Brute Bonnet, L50|100/100\n|-ability|p1a: ecI-xerylaC|As One\n|-ability|p1a: ecI-xerylaC|Unnerve\n|-weather|RainDance|[from] ability: Drizzle|[of] p2a: Kyogre\n|-enditem|p2b: Brute Bonnet|Booster Energy\n|-activate|p2b: Brute Bonnet|ability: Protosynthesis|[fromitem]\n|-start|p2b: Brute Bonnet|protosynthesisatk\n|turn|1\n|c|\u2606IceSnezhny|Nice nicknames\n|inactive|IceSnezhny has 30 seconds left.\n|inactive|IceSnezhny has 20 seconds left.\n|\n|t:|1775674167\n|-terastallize|p1a: ecI-xerylaC|Grass\n|move|p2b: Brute Bonnet|Rage Powder|p2b: Brute Bonnet\n|-singleturn|p2b: Brute Bonnet|move: Rage Powder\n|move|p1b: egdelureC|Poltergeist||[still]\n|-fail|p1b: egdelureC\n|move|p2a: Kyogre|Water Spout|p1a: ecI-xerylaC|[spread] p1a,p1b\n|-resisted|p1a: ecI-xerylaC\n|-supereffective|p1b: egdelureC\n|-damage|p1a: ecI-xerylaC|60/100\n|-enditem|p1b: egdelureC|Focus Sash\n|-damage|p1b: egdelureC|1/100\n|move|p1a: ecI-xerylaC|Trick Room|p1a: ecI-xerylaC\n|-fieldstart|move: Trick Room|[of] p1a: ecI-xerylaC\n|\n|-weather|RainDance|[upkeep]\n|upkeep\n|turn|2\n|inactive|IceSnezhny has 30 seconds left.\n|\n|t:|1775674198\n|switch|p1b: ahctsiniS|Sinistcha-Masterpiece, L50|100/100\n|-heal|p1a: ecI-xerylaC|85/100|[from] ability: Hospitality|[of] p1b: ahctsiniS\n|move|p1a: ecI-xerylaC|Glacial Lance|p2a: Kyogre|[spread] p2a,p2b\n|-resisted|p2a: Kyogre\n|-crit|p2a: Kyogre\n|-supereffective|p2b: Brute Bonnet\n|-damage|p2a: Kyogre|62/100\n|-damage|p2b: Brute Bonnet|3/100\n|move|p2b: Brute Bonnet|Crunch|p1a: ecI-xerylaC\n|-damage|p1a: ecI-xerylaC|48/100\n|move|p2a: Kyogre|Ice Beam|p1a: ecI-xerylaC\n|-supereffective|p1a: ecI-xerylaC\n|-damage|p1a: ecI-xerylaC|0 fnt\n|faint|p1a: ecI-xerylaC\n|\n|-weather|RainDance|[upkeep]\n|upkeep\n|\n|t:|1775674209\n|switch|p1a: ergoyK|Kyogre, L50|100/100\n|turn|3\n|inactive|IceSnezhny has 30 seconds left.\n|inactive|IceSnezhny has 20 seconds left.\n|\n|t:|1775674246\n|move|p2a: Kyogre|Protect|p2a: Kyogre\n|-singleturn|p2a: Kyogre|Protect\n|move|p2b: Brute Bonnet|Crunch|p1b: ahctsiniS\n|-supereffective|p1b: ahctsiniS\n|-damage|p1b: ahctsiniS|18/100\n|-enditem|p1b: ahctsiniS|Sitrus Berry|[eat]\n|-heal|p1b: ahctsiniS|43/100|[from] item: Sitrus Berry\n|move|p1b: ahctsiniS|Matcha Gotcha|p2b: Brute Bonnet|[spread] p2b\n|-activate|p2a: Kyogre|move: Protect\n|-resisted|p2b: Brute Bonnet\n|-damage|p2b: Brute Bonnet|0 fnt\n|-heal|p1b: ahctsiniS|45/100|[from] drain|[of] p2b: Brute Bonnet\n|faint|p2b: Brute Bonnet\n|-end|p2b: Brute Bonnet|Protosynthesis|[silent]\n|move|p1a: ergoyK|Thunder|p2a: Kyogre\n|-activate|p2a: Kyogre|move: Protect\n|\n|-weather|RainDance|[upkeep]\n|upkeep\n|inactive|IceSnezhny has 30 seconds left.\n|\n|t:|1775674272\n|switch|p2b: Necrozma|Necrozma-Dawn-Wings, L50|100/100\n|turn|4\n|inactive|IceSnezhny has 30 seconds left.\n|\n|t:|1775674301\n|-terastallize|p2a: Kyogre|Grass\n|move|p1b: ahctsiniS|Matcha Gotcha|p2a: Kyogre|[spread] p2a,p2b\n|-resisted|p2a: Kyogre\n|-damage|p2a: Kyogre|54/100\n|-heal|p1b: ahctsiniS|50/100|[from] drain|[of] p2a: Kyogre\n|-damage|p2b: Necrozma|83/100\n|-heal|p1b: ahctsiniS|59/100|[from] drain|[of] p2b: Necrozma\n|move|p2b: Necrozma|Moongeist Beam|p1b: ahctsiniS\n|-supereffective|p1b: ahctsiniS\n|-damage|p1b: ahctsiniS|0 fnt\n|faint|p1b: ahctsiniS\n|-damage|p2b: Necrozma|74/100|[from] item: Life Orb\n|move|p1a: ergoyK|Water Spout|p2a: Kyogre|[spread] p2a,p2b\n|-resisted|p2a: Kyogre\n|-damage|p2a: Kyogre|13/100\n|-damage|p2b: Necrozma|0 fnt\n|faint|p2b: Necrozma\n|move|p2a: Kyogre|Hydro Pump|p1a: ergoyK\n|-resisted|p1a: ergoyK\n|-crit|p1a: ergoyK\n|-damage|p1a: ergoyK|44/100\n|\n|-weather|RainDance|[upkeep]\n|upkeep\n|\n|t:|1775674321\n|switch|p1b: egdelureC|Ceruledge, L50, M|1/100\n|switch|p2b: Gallade|Gallade, L50, M|100/100\n|turn|5\n|\n|t:|1775674334\n|move|p2b: Gallade|Sacred Sword|p1a: ergoyK\n|-damage|p1a: ergoyK|0 fnt\n|faint|p1a: ergoyK\n|move|p2a: Kyogre|Water Spout|p1b: egdelureC\n|-supereffective|p1b: egdelureC\n|-damage|p1b: egdelureC|0 fnt\n|faint|p1b: egdelureC\n|\n|win|IceSnezhny\n|raw|gabolve's rating: 1332 &rarr; <strong>1308</strong><br />(-24 for losing)\n|raw|IceSnezhny's rating: 1259 &rarr; <strong>1289</strong><br />(+30 for winning)\n|l|\u2606gabolve\n|player|p1|\n|c|\u2606IceSnezhny|gg\n|l|\u2606IceSnezhny\n|player|p2|\n","uploadtime":1775674603,"views":9,"formatid":"gen9vgc2026regi","rating":1289,"private":0,"password":null}