{"id":"gen9vgc2026regi-2561413472","format":"[Gen 9] VGC 2026 Reg I","players":["PATRIOTS_VG","peripon_poke"],"log":"|j|\u2606PATRIOTS_VG\n|j|\u2606peripon_poke\n|t:|1773793436\n|gametype|doubles\n|player|p1|PATRIOTS_VG|drayden|1561\n|player|p2|peripon_poke|swimmer-gen4dp|1499\n|gen|9\n|tier|[Gen 9] VGC 2026 Reg I\n|rated|\n|rule|Species Clause: Limit one of each Pok\u00e9mon\n|rule|Item Clause: Limit 1 of each item\n|clearpoke\n|poke|p1|Incineroar, L50, F|\n|poke|p1|Sinistcha-Masterpiece, L50|\n|poke|p1|Miraidon, L50|\n|poke|p1|Terapagos, L50, M|\n|poke|p1|Iron Treads, L50|\n|poke|p1|Urshifu-*, L50, M|\n|poke|p2|Kyogre, L50|\n|poke|p2|Tornadus, L50, M|\n|poke|p2|Zacian-*, L50|\n|poke|p2|Incineroar, L50, M|\n|poke|p2|Raging Bolt, L50|\n|poke|p2|Landorus, L50, M|\n|teampreview|4\n|\n|t:|1773793513\n|teamsize|p1|4\n|teamsize|p2|4\n|start\n|switch|p1a: Urshifu|Urshifu-Rapid-Strike, L50, M|100/100\n|switch|p1b: Miraidon|Miraidon, L50|100/100\n|switch|p2a: Incineroar|Incineroar, L50, M, shiny|100/100\n|switch|p2b: Landorus|Landorus, L50, M, shiny|100/100\n|-fieldstart|move: Electric Terrain|[from] ability: Hadron Engine|[of] p1b: Miraidon\n|-ability|p2a: Incineroar|Intimidate|boost\n|-unboost|p1a: Urshifu|atk|1\n|-unboost|p1b: Miraidon|atk|1\n|turn|1\n|\n|t:|1773793563\n|move|p2a: Incineroar|Fake Out|p1a: Urshifu\n|-damage|p1a: Urshifu|91/100\n|move|p1b: Miraidon|Volt Switch|p2a: Incineroar\n|-crit|p2a: Incineroar\n|-damage|p2a: Incineroar|28/100\n|\n|t:|1773793580\n|switch|p1b: Terapagos|Terapagos, L50, M|100/100|[from] Volt Switch\n|-activate|p1b: Terapagos|ability: Tera Shift\n|detailschange|p1b: Terapagos|Terapagos-Terastal, L50, M\n|-heal|p1b: Terapagos|100/100|[silent]\n|-enditem|p1b: Terapagos|Electric Seed\n|-boost|p1b: Terapagos|def|1|[from] item: Electric Seed\n|move|p2b: Landorus|Sandsear Storm|p1a: Urshifu|[spread] p1a,p1b\n|-activate|p1b: Terapagos|ability: Tera Shell\n|-resisted|p1b: Terapagos\n|-damage|p1a: Urshifu|36/100\n|-damage|p1b: Terapagos|78/100\n|cant|p1a: Urshifu|flinch\n|\n|upkeep\n|turn|2\n|\n|t:|1773793607\n|switch|p1a: Sinistcha|Sinistcha-Masterpiece, L50|100/100\n|-heal|p1b: Terapagos|100/100|[from] ability: Hospitality|[of] p1a: Sinistcha\n|switch|p2a: Zacian|Zacian-Crowned, L50, shiny|100/100\n|-ability|p2a: Zacian|Intrepid Sword|boost\n|-boost|p2a: Zacian|atk|1\n|move|p2b: Landorus|Sandsear Storm|p1a: Sinistcha|[spread] p1a,p1b\n|-resisted|p1a: Sinistcha\n|-activate|p1b: Terapagos|ability: Tera Shell\n|-resisted|p1b: Terapagos\n|-damage|p1a: Sinistcha|73/100\n|-damage|p1b: Terapagos|78/100\n|move|p1b: Terapagos|Calm Mind|p1b: Terapagos\n|-boost|p1b: Terapagos|spa|1\n|-boost|p1b: Terapagos|spd|1\n|\n|upkeep\n|turn|3\n|\n|t:|1773793667\n|-terastallize|p2a: Zacian|Grass\n|move|p1a: Sinistcha|Rage Powder|p1a: Sinistcha\n|-singleturn|p1a: Sinistcha|move: Rage Powder\n|move|p2b: Landorus|Sandsear Storm|p1b: Terapagos|[spread] p1b\n|-miss|p2b: Landorus|p1a: Sinistcha\n|-damage|p1b: Terapagos|48/100\n|move|p2a: Zacian|Behemoth Blade|p1b: Terapagos\n|-damage|p1b: Terapagos|8/100\n|move|p1b: Terapagos|Earth Power|p2a: Zacian\n|-resisted|p2a: Zacian\n|-damage|p2a: Zacian|85/100\n|-unboost|p2a: Zacian|spd|1\n|\n|upkeep\n|turn|4\n|inactive|Battle timer is ON: inactive players will automatically lose when time's up. (requested by PATRIOTS_VG)\n|\n|t:|1773793700\n|switch|p2b: Incineroar|Incineroar, L50, M, shiny|28/100\n|-ability|p2b: Incineroar|Intimidate|boost\n|-unboost|p1a: Sinistcha|atk|1\n|-unboost|p1b: Terapagos|atk|1\n|switch|p1a: Urshifu|Urshifu-Rapid-Strike, L50, M|36/100\n|-terastallize|p1b: Terapagos|Stellar\n|detailschange|p1b: Terapagos|Terapagos-Stellar, L50, M, tera:Stellar\n|-heal|p1b: Terapagos|31/100|[silent]\n|-ability|p1b: Terapagos|Teraform Zero\n|-fieldend|move: Electric Terrain\n|move|p1b: Terapagos|Protect|p1b: Terapagos\n|-singleturn|p1b: Terapagos|Protect\n|move|p2a: Zacian|Trailblaze|p1b: Terapagos\n|-activate|p1b: Terapagos|move: Protect\n|\n|upkeep\n|turn|5\n|inactive|peripon_poke has 30 seconds left.\n|inactive|peripon_poke has 20 seconds left.\n|inactive|peripon_poke has 15 seconds left.\n|inactive|peripon_poke has 10 seconds left.\n|\n|t:|1773793747\n|switch|p1a: Sinistcha|Sinistcha-Masterpiece, L50|73/100\n|-heal|p1b: Terapagos|56/100|[from] ability: Hospitality|[of] p1a: Sinistcha\n|move|p2b: Incineroar|Fake Out|p1a: Sinistcha\n|-immune|p1a: Sinistcha\n|move|p2a: Zacian|Behemoth Blade|p1b: Terapagos\n|-damage|p1b: Terapagos|29/100\n|move|p1b: Terapagos|Tera Starstorm|p2b: Incineroar|[spread] p2a,p2b\n|-supereffective|p2a: Zacian\n|-damage|p2a: Zacian|0 fnt\n|-damage|p2b: Incineroar|0 fnt\n|faint|p2a: Zacian\n|faint|p2b: Incineroar\n|\n|upkeep\n|\n|t:|1773793764\n|switch|p2a: Landorus|Landorus, L50, M, shiny|100/100\n|switch|p2b: Kyogre|Kyogre, L50, shiny|100/100\n|-weather|RainDance|[from] ability: Drizzle|[of] p2b: Kyogre\n|turn|6\n|inactive|PATRIOTS_VG has 30 seconds left.\n|inactive|PATRIOTS_VG has 20 seconds left.\n|inactive|PATRIOTS_VG has 15 seconds left.\n|-message|peripon_poke forfeited.\n|\n|win|PATRIOTS_VG\n|raw|PATRIOTS_VG's rating: 1561 &rarr; <strong>1577</strong><br />(+16 for winning)\n|raw|peripon_poke's rating: 1499 &rarr; <strong>1483</strong><br />(-16 for losing)\n|l|\u2606peripon_poke\n|player|p2|\n|l|\u2606PATRIOTS_VG\n|player|p1|\n","uploadtime":1773794065,"views":17,"formatid":"gen9vgc2026regi","rating":1483,"private":0,"password":null}