{"id":"gen9vgc2026regi-2561952521","format":"[Gen 9] VGC 2026 Reg I","players":["pokemonboi812","Mirthinion"],"log":"|j|\u2606pokemonboi812\n|j|\u2606Mirthinion\n|t:|1773857618\n|gametype|doubles\n|player|p1|pokemonboi812|bugcatcher-gen4dp|1389\n|player|p2|Mirthinion|janitor|1445\n|gen|9\n|tier|[Gen 9] VGC 2026 Reg I\n|rated|\n|rule|Species Clause: Limit one of each Pok\u00e9mon\n|rule|Item Clause: Limit 1 of each item\n|clearpoke\n|poke|p1|Miraidon, L50|\n|poke|p1|Calyrex-Ice, L50|\n|poke|p1|Incineroar, L50, M|\n|poke|p1|Ursaluna-Bloodmoon, L50, M|\n|poke|p1|Whimsicott, L50, F|\n|poke|p1|Farigiraf, L50, F|\n|poke|p2|Calyrex-Shadow, L50|\n|poke|p2|Zamazenta-*, L50|\n|poke|p2|Urshifu-*, L50, M|\n|poke|p2|Incineroar, L50, M|\n|poke|p2|Rillaboom, L50, M|\n|poke|p2|Tornadus, L50, M|\n|teampreview|4\n|inactive|Battle timer is ON: inactive players will automatically lose when time's up. (requested by Mirthinion)\nMirthinion rejected open team sheets.\n|inactive|pokemonboi812 has 60 seconds left.\n|inactive|Mirthinion has 60 seconds left.\n|\n|t:|1773857653\n|teamsize|p1|4\n|teamsize|p2|4\n|start\n|switch|p1a: Ursaluna|Ursaluna-Bloodmoon, L50, M|100/100\n|switch|p1b: Incineroar|Incineroar, L50, M|100/100\n|switch|p2a: Hoplite|Rillaboom, L50, M|100/100\n|switch|p2b: Drambor|Zamazenta-Crowned, L50|100/100\n|-ability|p2b: Drambor|Dauntless Shield|boost\n|-boost|p2b: Drambor|def|1\n|-fieldstart|move: Grassy Terrain|[from] ability: Grassy Surge|[of] p2a: Hoplite\n|-ability|p1b: Incineroar|Intimidate|boost\n|-unboost|p2a: Hoplite|atk|1\n|-unboost|p2b: Drambor|atk|1\n|turn|1\n|\n|t:|1773857674\n|move|p2b: Drambor|Protect|p2b: Drambor\n|-singleturn|p2b: Drambor|Protect\n|move|p1a: Ursaluna|Protect|p1a: Ursaluna\n|-singleturn|p1a: Ursaluna|Protect\n|move|p2a: Hoplite|Wood Hammer|p1a: Ursaluna\n|-activate|p1a: Ursaluna|move: Protect\n|move|p1b: Incineroar|U-turn|p2a: Hoplite\n|-supereffective|p2a: Hoplite\n|-damage|p2a: Hoplite|68/100\n|\n|t:|1773857685\n|switch|p1b: Miraidon|Miraidon, L50|100/100|[from] U-turn\n|-fieldstart|move: Electric Terrain|[from] ability: Hadron Engine|[of] p1b: Miraidon\n|\n|upkeep\n|turn|2\n|inactive|pokemonboi812 has 30 seconds left.\n|\n|t:|1773857715\n|switch|p2a: Vangwe|Tornadus, L50, M|100/100\n|-terastallize|p2b: Drambor|Grass\n|-terastallize|p1b: Miraidon|Electric\n|move|p2b: Drambor|Body Press|p1a: Ursaluna\n|-supereffective|p1a: Ursaluna\n|-damage|p1a: Ursaluna|3/100\n|move|p1b: Miraidon|Discharge|p2a: Vangwe|[spread] p2a,p2b\n|-immune|p1a: Ursaluna\n|-supereffective|p2a: Vangwe\n|-resisted|p2b: Drambor\n|-damage|p2a: Vangwe|0 fnt\n|-damage|p2b: Drambor|56/100\n|faint|p2a: Vangwe\n|move|p1a: Ursaluna|Earth Power|p2b: Drambor\n|-resisted|p2b: Drambor\n|-damage|p2b: Drambor|31/100\n|-damage|p1a: Ursaluna|0 fnt|[from] item: Life Orb\n|faint|p1a: Ursaluna\n|\n|upkeep\n|\n|t:|1773857734\n|switch|p2a: Hoplite|Rillaboom, L50, M|68/100\n|switch|p1a: Incineroar|Incineroar, L50, M|100/100\n|-fieldstart|move: Grassy Terrain|[from] ability: Grassy Surge|[of] p2a: Hoplite\n|-ability|p1a: Incineroar|Intimidate|boost\n|-unboost|p2a: Hoplite|atk|1\n|-unboost|p2b: Drambor|atk|1\n|turn|3\n|\n|t:|1773857749\n|move|p2a: Hoplite|Fake Out|p1a: Incineroar\n|-damage|p1a: Incineroar|93/100\n|move|p2b: Drambor|Body Press|p1a: Incineroar\n|-supereffective|p1a: Incineroar\n|-damage|p1a: Incineroar|0 fnt\n|faint|p1a: Incineroar\n|move|p1b: Miraidon|Discharge|p2a: Hoplite|[spread] p2a,p2b\n|-resisted|p2a: Hoplite\n|-resisted|p2b: Drambor\n|-damage|p2a: Hoplite|43/100\n|-damage|p2b: Drambor|3/100\n|-status|p2b: Drambor|par\n|\n|-heal|p2a: Hoplite|49/100|[from] Grassy Terrain\n|-heal|p2b: Drambor|10/100 par|[from] Grassy Terrain\n|upkeep\n|\n|t:|1773857754\n|switch|p1a: Calyrex|Calyrex-Ice, L50|100/100\n|-ability|p1a: Calyrex|As One\n|-ability|p1a: Calyrex|Unnerve\n|turn|4\n|\n|t:|1773857770\n|move|p2b: Drambor|Wide Guard|p2b: Drambor\n|-singleturn|p2b: Drambor|Wide Guard\n|move|p1b: Miraidon|Discharge|p2b: Drambor|[spread] p1a\n|-activate|p2a: Hoplite|move: Wide Guard\n|-activate|p2b: Drambor|move: Wide Guard\n|-damage|p1a: Calyrex|57/100\n|move|p2a: Hoplite|U-turn|p1a: Calyrex\n|-supereffective|p1a: Calyrex\n|-damage|p1a: Calyrex|37/100\n|\n|t:|1773857779\n|switch|p2a: Mithrandir|Calyrex-Shadow, L50|100/100|[from] U-turn\n|-ability|p2a: Mithrandir|As One\n|-ability|p2a: Mithrandir|Unnerve\n|move|p1a: Calyrex|Glacial Lance|p2b: Drambor|[spread] \n|-activate|p2a: Mithrandir|move: Wide Guard\n|-activate|p2b: Drambor|move: Wide Guard\n|\n|-heal|p2b: Drambor|16/100 par|[from] Grassy Terrain\n|-heal|p1a: Calyrex|43/100|[from] Grassy Terrain\n|-heal|p1a: Calyrex|48/100|[from] item: Leftovers\n|upkeep\n|turn|5\n|-message|pokemonboi812 forfeited.\n|\n|win|Mirthinion\n|raw|pokemonboi812's rating: 1389 &rarr; <strong>1372</strong><br />(-17 for losing)\n|raw|Mirthinion's rating: 1445 &rarr; <strong>1462</strong><br />(+17 for winning)\n|l|\u2606pokemonboi812\n|player|p1|\n","uploadtime":1773857795,"views":148,"formatid":"gen9vgc2026regi","rating":1372,"private":0,"password":null}