{"id":"gen9vgc2026regi-2533074857","format":"[Gen 9] VGC 2026 Reg I","players":["alexit93","Zephyr06"],"log":"|j|\u2606alexit93\n|j|\u2606Zephyr06\n|t:|1770253843\n|gametype|doubles\n|player|p1|alexit93|lucas-gen4pt|1299\n|player|p2|Zephyr06|morty-gen2|1311\n|gen|9\n|tier|[Gen 9] VGC 2026 Reg I\n|rated|\n|rule|Species Clause: Limit one of each Pok\u00e9mon\n|rule|Item Clause: Limit 1 of each item\n|clearpoke\n|poke|p1|Zamazenta-*, L50|\n|poke|p1|Riolu, L50, M|\n|poke|p1|Calyrex-Ice, L50|\n|poke|p1|Rillaboom, L50, M|\n|poke|p1|Incineroar, L50, F|\n|poke|p1|Urshifu-*, L50, F|\n|poke|p2|Kyogre, L50|\n|poke|p2|Calyrex-Ice, L50|\n|poke|p2|Iron Hands, L50|\n|poke|p2|Cresselia, L50, F|\n|poke|p2|Ursaluna-Bloodmoon, L50, M|\n|poke|p2|Dragonite, L50, M|\n|teampreview|4\n|\n|t:|1770253866\n|teamsize|p1|4\n|teamsize|p2|4\n|start\n|switch|p1a: Zamazenta|Zamazenta-Crowned, L50, shiny|100/100\n|switch|p1b: Riolu|Riolu, L50, M|100/100\n|switch|p2a: Iron Hands|Iron Hands, L50, shiny|100/100\n|switch|p2b: Calyrex|Calyrex-Ice, L50|100/100\n|-ability|p2b: Calyrex|As One\n|-ability|p2b: Calyrex|Unnerve\n|-ability|p1a: Zamazenta|Dauntless Shield|boost\n|-boost|p1a: Zamazenta|def|1\n|turn|1\n|\n|t:|1770253886\n|move|p1a: Zamazenta|Protect|p1a: Zamazenta\n|-singleturn|p1a: Zamazenta|Protect\n|move|p2a: Iron Hands|Fake Out|p1b: Riolu\n|-damage|p1b: Riolu|79/100\n|cant|p1b: Riolu|flinch\n|move|p2b: Calyrex|Leech Seed|p1a: Zamazenta\n|-activate|p1a: Zamazenta|move: Protect\n|\n|upkeep\n|turn|2\n|inactive|Battle timer is ON: inactive players will automatically lose when time's up. (requested by Zephyr06)\n|\n|t:|1770253902\n|move|p1b: Riolu|Coaching|p1a: Zamazenta\n|-boost|p1a: Zamazenta|atk|1\n|-boost|p1a: Zamazenta|def|1\n|move|p1a: Zamazenta|Body Press|p2b: Calyrex\n|-damage|p2b: Calyrex|45/100\n|move|p2b: Calyrex|Leech Seed|p1a: Zamazenta\n|-start|p1a: Zamazenta|move: Leech Seed\n|move|p2a: Iron Hands|Drain Punch|p1a: Zamazenta\n|-supereffective|p1a: Zamazenta\n|-crit|p1a: Zamazenta\n|-damage|p1a: Zamazenta|17/100\n|\n|-heal|p2b: Calyrex|51/100|[from] item: Leftovers\n|-damage|p1a: Zamazenta|5/100|[from] Leech Seed|[of] p2b: Calyrex\n|-heal|p2b: Calyrex|61/100|[silent]\n|upkeep\n|turn|3\n|\n|t:|1770253918\n|-end|p2a: Iron Hands|Quark Drive|[silent]\n|switch|p2a: Dragonite|Dragonite, L50, M|100/100\n|move|p2b: Calyrex|Protect|p2b: Calyrex\n|-singleturn|p2b: Calyrex|Protect\n|move|p1b: Riolu|Feint|p2b: Calyrex\n|-activate|p2b: Calyrex|move: Feint\n|-damage|p2b: Calyrex|58/100\n|move|p1a: Zamazenta|Body Press|p2b: Calyrex\n|-crit|p2b: Calyrex\n|-damage|p2b: Calyrex|0 fnt\n|faint|p2b: Calyrex\n|\n|upkeep\n|\n|t:|1770253931\n|switch|p2b: Kyogre|Kyogre, L50, shiny|100/100\n|-weather|RainDance|[from] ability: Drizzle|[of] p2b: Kyogre\n|turn|4\n|\n|t:|1770253941\n|move|p1b: Riolu|Quick Guard|p1b: Riolu\n|-singleturn|p1b: Riolu|Quick Guard\n|move|p2a: Dragonite|Extreme Speed|p1a: Zamazenta\n|-activate|p1a: Zamazenta|move: Quick Guard\n|move|p1a: Zamazenta|Body Press|p2b: Kyogre\n|-damage|p2b: Kyogre|16/100\n|move|p2b: Kyogre|Ice Beam|p1b: Riolu\n|-damage|p1b: Riolu|41/100\n|\n|-weather|RainDance|[upkeep]\n|-damage|p1a: Zamazenta|0 fnt|[from] Leech Seed|[of] p2b: Kyogre\n|-heal|p2b: Kyogre|19/100|[silent]\n|faint|p1a: Zamazenta\n|upkeep\n|\n|t:|1770253951\n|switch|p1a: Calyrex|Calyrex-Ice, L50|100/100\n|-ability|p1a: Calyrex|As One\n|-ability|p1a: Calyrex|Unnerve\n|turn|5\n|\n|t:|1770253976\n|move|p1b: Riolu|Coaching|p1a: Calyrex\n|-boost|p1a: Calyrex|atk|1\n|-boost|p1a: Calyrex|def|1\n|move|p2b: Kyogre|Origin Pulse|p1a: Calyrex|[spread] p1a,p1b\n|-damage|p1a: Calyrex|41/100\n|-damage|p1b: Riolu|0 fnt\n|faint|p1b: Riolu\n|move|p2a: Dragonite|Icy Wind|p1a: Calyrex\n|-resisted|p1a: Calyrex\n|-damage|p1a: Calyrex|37/100\n|move|p1a: Calyrex|Glacial Lance|p2b: Kyogre|[spread] p2a,p2b\n|-supereffective|p2a: Dragonite\n|-resisted|p2b: Kyogre\n|-damage|p2a: Dragonite|0 fnt\n|-damage|p2b: Kyogre|0 fnt\n|faint|p2a: Dragonite\n|faint|p2b: Kyogre\n|-ability|p1a: Calyrex|Chilling Neigh|boost\n|-boost|p1a: Calyrex|atk|2\n|\n|-weather|RainDance|[upkeep]\n|upkeep\n|\n|t:|1770253989\n|switch|p2b: Iron Hands|Iron Hands, L50, shiny|100/100\n|switch|p1b: Incineroar|Incineroar, L50, F|100/100\n|-ability|p1b: Incineroar|Intimidate|boost\n|-unboost|p2b: Iron Hands|atk|1\n|turn|6\n|\n|t:|1770253997\n|-terastallize|p2b: Iron Hands|Water\n|move|p1b: Incineroar|Fake Out|p2b: Iron Hands\n|-damage|p2b: Iron Hands|92/100\n|cant|p2b: Iron Hands|flinch\n|move|p1a: Calyrex|High Horsepower|p2b: Iron Hands\n|-damage|p2b: Iron Hands|18/100\n|\n|-weather|RainDance|[upkeep]\n|upkeep\n|turn|7\n|-message|Zephyr06 forfeited.\n|\n|win|alexit93\n|raw|alexit93's rating: 1299 &rarr; <strong>1325</strong><br />(+26 for winning)\n|raw|Zephyr06's rating: 1311 &rarr; <strong>1290</strong><br />(-21 for losing)\n|l|\u2606Zephyr06\n|player|p2|\n|l|\u2606alexit93\n|player|p1|\n","uploadtime":1770254181,"views":18,"formatid":"gen9vgc2026regi","rating":1290,"private":0,"password":null}