{"id":"gen9vgc2026regi-2535758321","format":"[Gen 9] VGC 2026 Reg I","players":["Unskilled99","i\u2764\u5a1c\u7984forever"],"log":"|j|\u2606Unskilled99\n|j|\u2606i\u2764\u5a1c\u7984forever\n|t:|1770605078\n|gametype|doubles\n|player|p1|Unskilled99|unknown|1584\n|player|p2|i\u2764\u5a1c\u7984forever|youngcouple|1486\n|gen|9\n|tier|[Gen 9] VGC 2026 Reg I\n|rated|\n|rule|Species Clause: Limit one of each Pok\u00e9mon\n|rule|Item Clause: Limit 1 of each item\n|clearpoke\n|poke|p1|Calyrex-Ice, L50|\n|poke|p1|Miraidon, L50|\n|poke|p1|Incineroar, L50, M|\n|poke|p1|Urshifu-*, L50, F|\n|poke|p1|Landorus, L50, M|\n|poke|p1|Amoonguss, L50, F|\n|poke|p2|Groudon, L50|\n|poke|p2|Kyurem-White, L50|\n|poke|p2|Heatran, L50, F|\n|poke|p2|Whimsicott, L50, F|\n|poke|p2|Roaring Moon, L50|\n|poke|p2|Ditto, L50|\n|teampreview|4\n|\n|t:|1770605149\n|teamsize|p1|4\n|teamsize|p2|4\n|start\n|switch|p1a: Incineroar|Incineroar, L50, M|100/100\n|switch|p1b: Calyrex|Calyrex-Ice, L50|100/100\n|switch|p2a: Kyurem|Kyurem-White, L50|100/100\n|switch|p2b: Heatran|Heatran, L50, F|100/100\n|-ability|p1b: Calyrex|As One\n|-ability|p1b: Calyrex|Unnerve\n|-ability|p2a: Kyurem|Turboblaze\n|-ability|p1a: Incineroar|Intimidate|boost\n|-unboost|p2a: Kyurem|atk|1\n|-unboost|p2b: Heatran|atk|1\n|turn|1\n|\n|t:|1770605179\n|-terastallize|p1b: Calyrex|Fire\n|move|p2a: Kyurem|Shadow Ball|p1b: Calyrex\n|-damage|p1b: Calyrex|75/100\n|move|p2b: Heatran|Substitute|p2b: Heatran\n|-start|p2b: Heatran|Substitute\n|-damage|p2b: Heatran|76/100\n|move|p1b: Calyrex|Glacial Lance|p2b: Heatran|[spread] p2a,p2b\n|-resisted|p2b: Heatran\n|-activate|p2b: Heatran|move: Substitute|[damage]\n|-damage|p2a: Kyurem|57/100\n|move|p1a: Incineroar|U-turn|p2a: Kyurem\n|-crit|p2a: Kyurem\n|-damage|p2a: Kyurem|33/100\n|j| riyuezi\n|\n|t:|1770605191\n|switch|p1a: Urshifu|Urshifu-Rapid-Strike, L50, F|100/100|[from] U-turn\n|\n|-heal|p2b: Heatran|82/100|[from] item: Leftovers\n|upkeep\n|turn|2\n|\n|t:|1770605212\n|move|p2b: Heatran|Protect|p2b: Heatran\n|-singleturn|p2b: Heatran|Protect\n|move|p1a: Urshifu|Surging Strikes|p2b: Heatran\n|-supereffective|p2b: Heatran\n|-crit|p2b: Heatran\n|-end|p2b: Heatran|Substitute\n|-supereffective|p2b: Heatran\n|-crit|p2b: Heatran\n|-damage|p2b: Heatran|48/100\n|-supereffective|p2b: Heatran\n|-crit|p2b: Heatran\n|-damage|p2b: Heatran|14/100\n|-hitcount|p2b: Heatran|3\n|move|p2a: Kyurem|Earth Power|p1b: Calyrex\n|-supereffective|p1b: Calyrex\n|-damage|p1b: Calyrex|18/100\n|move|p1b: Calyrex|Glacial Lance|p2b: Heatran|[spread] p2a\n|-activate|p2b: Heatran|move: Protect\n|-damage|p2a: Kyurem|0 fnt\n|faint|p2a: Kyurem\n|-ability|p1b: Calyrex|Chilling Neigh|boost\n|-boost|p1b: Calyrex|atk|1\n|\n|-heal|p2b: Heatran|20/100|[from] item: Leftovers\n|upkeep\n|\n|t:|1770605232\n|switch|p2a: Ditto|Ditto, L50|100/100\n|-transform|p2a: Ditto|p1b: Calyrex|[from] ability: Imposter\n|-ability|p2a: Ditto|As One\n|-ability|p2a: Ditto|Unnerve\n|-start|p2a: Ditto|typechange|Psychic/Ice|[silent]\n|turn|3\n|\n|t:|1770605260\n|switch|p2b: Groudon|Groudon, L50|100/100\n|-weather|SunnyDay|[from] ability: Drought|[of] p2b: Groudon\n|move|p1a: Urshifu|Surging Strikes|p2a: Ditto\n|-crit|p2a: Ditto\n|-damage|p2a: Ditto|92/100\n|-crit|p2a: Ditto\n|-damage|p2a: Ditto|84/100\n|-crit|p2a: Ditto\n|-damage|p2a: Ditto|76/100\n|-hitcount|p2a: Ditto|3\n|move|p1b: Calyrex|High Horsepower|p2a: Ditto\n|-damage|p2a: Ditto|28/100\n|move|p2a: Ditto|Glacial Lance|p1a: Urshifu|[spread] p1a,p1b\n|-resisted|p1a: Urshifu\n|-resisted|p1b: Calyrex\n|-damage|p1a: Urshifu|54/100\n|-damage|p1b: Calyrex|0 fnt\n|faint|p1b: Calyrex\n|-ability|p2a: Ditto|Chilling Neigh|boost\n|-boost|p2a: Ditto|atk|1\n|\n|-weather|SunnyDay|[upkeep]\n|upkeep\n|\n|t:|1770605277\n|switch|p1b: Miraidon|Miraidon, L50|100/100\n|-fieldstart|move: Electric Terrain|[from] ability: Hadron Engine|[of] p1b: Miraidon\n|turn|4\n|\n|t:|1770605288\n|move|p1b: Miraidon|Draco Meteor|p2b: Groudon\n|-crit|p2b: Groudon\n|-damage|p2b: Groudon|27/100\n|-unboost|p1b: Miraidon|spa|2\n|move|p1a: Urshifu|Close Combat|p2a: Ditto|[miss]\n|-miss|p1a: Urshifu|p2a: Ditto\n|move|p2b: Groudon|Precipice Blades|p1a: Urshifu|[spread] p1a,p1b\n|-supereffective|p1b: Miraidon\n|-damage|p1a: Urshifu|2/100\n|-damage|p1b: Miraidon|13/100\n|move|p2a: Ditto|Glacial Lance|p1b: Miraidon|[spread] p1a,p1b\n|-resisted|p1a: Urshifu\n|-supereffective|p1b: Miraidon\n|-damage|p1a: Urshifu|0 fnt\n|-damage|p1b: Miraidon|0 fnt\n|faint|p1a: Urshifu\n|faint|p1b: Miraidon\n|-ability|p2a: Ditto|Chilling Neigh|boost\n|-boost|p2a: Ditto|atk|2\n|\n|-weather|SunnyDay|[upkeep]\n|upkeep\n|c|\u2606Unskilled99|bright powder\n|c|\u2606Unskilled99|wth\n|c|\u2606Unskilled99|90%\n|c|\u2606i\u2764\u5a1c\u7984forever|lol ya\n|\n|t:|1770605324\n|switch|p1a: Incineroar|Incineroar, L50, M|100/100\n|-ability|p1a: Incineroar|Intimidate|boost\n|-unboost|p2a: Ditto|atk|1\n|-unboost|p2b: Groudon|atk|1\n|turn|5\n|l| riyuezi\n|\n|t:|1770605330\n|move|p2b: Groudon|Precipice Blades|p1a: Incineroar|[miss]\n|-miss|p2b: Groudon|p1a: Incineroar\n|move|p2a: Ditto|High Horsepower|p1a: Incineroar\n|-supereffective|p1a: Incineroar\n|-damage|p1a: Incineroar|0 fnt\n|faint|p1a: Incineroar\n|\n|win|i\u2764\u5a1c\u7984forever\n|raw|Unskilled99's rating: 1584 &rarr; <strong>1559</strong><br />(-25 for losing)\n|raw|i\u2764\u5a1c\u7984forever's rating: 1486 &rarr; <strong>1511</strong><br />(+25 for winning)\n|l|\u2606i\u2764\u5a1c\u7984forever\n|player|p2|\n|l|\u2606Unskilled99\n|player|p1|\n","uploadtime":1770605600,"views":20,"formatid":"gen9vgc2026regi","rating":1511,"private":0,"password":null}