{"id":"gen9vgc2026regi-2567654383","format":"[Gen 9] VGC 2026 Reg I","players":["BHeast42","Sunny_zong1"],"log":"|j|\u2606BHeast42\n|j|\u2606Sunny_zong1\n|t:|1774498918\n|gametype|doubles\n|player|p1|BHeast42|169|1314\n|player|p2|Sunny_zong1|266|1327\n|gen|9\n|tier|[Gen 9] VGC 2026 Reg I\n|rated|\n|rule|Species Clause: Limit one of each Pok\u00e9mon\n|rule|Item Clause: Limit 1 of each item\n|clearpoke\n|poke|p1|Miraidon, L50|\n|poke|p1|Terapagos, L50, M|\n|poke|p1|Enamorus, L50, F|\n|poke|p1|Thundurus, L50, M|\n|poke|p1|Landorus, L50, M|\n|poke|p1|Incineroar, L50, F|\n|poke|p2|Glimmora, L50, M|\n|poke|p2|Eternatus, L50|\n|poke|p2|Miraidon, L50|\n|poke|p2|Chi-Yu, L50|\n|poke|p2|Annihilape, L50, F|\n|poke|p2|Grimmsnarl, L50, M|\n|teampreview|4\n|inactive|Battle timer is ON: inactive players will automatically lose when time's up. (requested by Sunny_zong1)\n|inactive|BHeast42 also wants the timer to be on.\n|\n|t:|1774498943\n|teamsize|p1|4\n|teamsize|p2|4\n|start\n|switch|p1a: Miraidon|Miraidon, L50|100/100\n|switch|p1b: Incineroar|Incineroar, L50, F|100/100\n|switch|p2a: Grimmsnarl|Grimmsnarl, L50, M|100/100\n|switch|p2b: Glimmora|Glimmora, L50, M|100/100\n|-fieldstart|move: Electric Terrain|[from] ability: Hadron Engine|[of] p1a: Miraidon\n|-ability|p1b: Incineroar|Intimidate|boost\n|-unboost|p2a: Grimmsnarl|atk|1\n|-unboost|p2b: Glimmora|atk|1\n|turn|1\n|\n|t:|1774498959\n|move|p1b: Incineroar|Fake Out|p2a: Grimmsnarl\n|-damage|p2a: Grimmsnarl|89/100\n|cant|p2a: Grimmsnarl|flinch\n|move|p1a: Miraidon|Electro Drift|p2b: Glimmora\n|-enditem|p2b: Glimmora|Focus Sash\n|-damage|p2b: Glimmora|1/100\n|move|p2b: Glimmora|Mortal Spin|p1b: Incineroar|[spread] p1a,p1b\n|-damage|p1a: Miraidon|97/100\n|-damage|p1b: Incineroar|98/100\n|-status|p1a: Miraidon|psn\n|-status|p1b: Incineroar|psn\n|\n|-damage|p1a: Miraidon|85/100 psn|[from] psn\n|-damage|p1b: Incineroar|85/100 psn|[from] psn\n|upkeep\n|turn|2\n|inactive|BHeast42 has 30 seconds left.\n|\n|t:|1774498984\n|move|p2a: Grimmsnarl|Light Screen|p2a: Grimmsnarl\n|-sidestart|p2: Sunny_zong1|move: Light Screen\n|move|p1a: Miraidon|Electro Drift|p2b: Glimmora\n|-damage|p2b: Glimmora|0 fnt\n|faint|p2b: Glimmora\n|move|p1b: Incineroar|Knock Off|p2a: Grimmsnarl\n|-resisted|p2a: Grimmsnarl\n|-damage|p2a: Grimmsnarl|78/100\n|-enditem|p2a: Grimmsnarl|Light Clay|[from] move: Knock Off|[of] p1b: Incineroar\n|\n|-damage|p1a: Miraidon|72/100 psn|[from] psn\n|-damage|p1b: Incineroar|73/100 psn|[from] psn\n|upkeep\n|\n|t:|1774498993\n|switch|p2b: Eternatus|Eternatus, L50|100/100\n|-ability|p2b: Eternatus|Pressure\n|turn|3\n|\n|t:|1774499002\n|move|p2b: Eternatus|Protect|p2b: Eternatus\n|-singleturn|p2b: Eternatus|Protect\n|move|p1a: Miraidon|Electro Drift|p2a: Grimmsnarl\n|-damage|p2a: Grimmsnarl|25/100\n|move|p2a: Grimmsnarl|Foul Play|p1a: Miraidon\n|-damage|p1a: Miraidon|47/100 psn\n|move|p1b: Incineroar|Knock Off|p2b: Eternatus\n|-activate|p2b: Eternatus|move: Protect\n|\n|-damage|p1a: Miraidon|34/100 psn|[from] psn\n|-damage|p1b: Incineroar|60/100 psn|[from] psn\n|upkeep\n|turn|4\n|\n|t:|1774499022\n|move|p2a: Grimmsnarl|Reflect|p2a: Grimmsnarl\n|-sidestart|p2: Sunny_zong1|Reflect\n|move|p1a: Miraidon|Electro Drift|p2a: Grimmsnarl\n|-damage|p2a: Grimmsnarl|0 fnt\n|faint|p2a: Grimmsnarl\n|move|p2b: Eternatus|Cosmic Power|p2b: Eternatus\n|-boost|p2b: Eternatus|def|1\n|-boost|p2b: Eternatus|spd|1\n|move|p1b: Incineroar|Knock Off|p2b: Eternatus\n|-damage|p2b: Eternatus|88/100\n|-enditem|p2b: Eternatus|Leftovers|[from] move: Knock Off|[of] p1b: Incineroar\n|\n|-damage|p1a: Miraidon|22/100 psn|[from] psn\n|-damage|p1b: Incineroar|48/100 psn|[from] psn\n|upkeep\n|\n|t:|1774499024\n|switch|p2a: Miraidon|Miraidon, L50|100/100\n|-activate|p2a: Miraidon|ability: Hadron Engine\n|turn|5\n|inactive|BHeast42 has 30 seconds left.\n|inactive|BHeast42 has 20 seconds left.\n|inactive|BHeast42 has 15 seconds left.\n|\n|t:|1774499066\n|switch|p1a: Landorus|Landorus, L50, M|100/100\n|-terastallize|p2a: Miraidon|Fairy\n|move|p2a: Miraidon|Dazzling Gleam|p1a: Landorus|[spread] p1a,p1b\n|-damage|p1a: Landorus|32/100\n|-damage|p1b: Incineroar|7/100 psn\n|-damage|p2a: Miraidon|91/100|[from] item: Life Orb\n|move|p2b: Eternatus|Cosmic Power|p2b: Eternatus\n|-boost|p2b: Eternatus|def|1\n|-boost|p2b: Eternatus|spd|1\n|move|p1b: Incineroar|Parting Shot|p2a: Miraidon\n|-unboost|p2a: Miraidon|atk|1\n|-unboost|p2a: Miraidon|spa|1\n|\n|t:|1774499080\n|switch|p1b: Miraidon|Miraidon, L50|22/100 psn|[from] Parting Shot\n|-activate|p1b: Miraidon|ability: Hadron Engine\n|\n|-damage|p1b: Miraidon|9/100 psn|[from] psn\n|-fieldend|move: Electric Terrain\n|upkeep\n|turn|6\n|\n|t:|1774499093\n|move|p1a: Landorus|Protect|p1a: Landorus\n|-singleturn|p1a: Landorus|Protect\n|move|p1b: Miraidon|Draco Meteor|p2b: Eternatus\n|-supereffective|p2b: Eternatus\n|-damage|p2b: Eternatus|54/100\n|-unboost|p1b: Miraidon|spa|2\n|move|p2a: Miraidon|Dazzling Gleam|p1a: Landorus|[spread] p1b\n|-activate|p1a: Landorus|move: Protect\n|-supereffective|p1b: Miraidon\n|-damage|p1b: Miraidon|0 fnt\n|faint|p1b: Miraidon\n|-damage|p2a: Miraidon|81/100|[from] item: Life Orb\n|move|p2b: Eternatus|Sludge Bomb|p1a: Landorus\n|-activate|p1a: Landorus|move: Protect\n|\n|upkeep\n|\n|t:|1774499109\n|switch|p1b: Incineroar|Incineroar, L50, F|7/100 psn\n|-ability|p1b: Incineroar|Intimidate|boost\n|-unboost|p2a: Miraidon|atk|1\n|-unboost|p2b: Eternatus|atk|1\n|turn|7\n|\n|t:|1774499118\n|move|p1b: Incineroar|Fake Out|p2b: Eternatus\n|-damage|p2b: Eternatus|52/100\n|move|p2a: Miraidon|Dazzling Gleam|p1a: Landorus|[spread] p1a,p1b\n|-damage|p1a: Landorus|0 fnt\n|-damage|p1b: Incineroar|0 fnt\n|faint|p1a: Landorus\n|faint|p1b: Incineroar\n|-damage|p2a: Miraidon|71/100|[from] item: Life Orb\n|cant|p2b: Eternatus|flinch\n|\n|upkeep\n|inactive|BHeast42 has 30 seconds left.\n|inactive|BHeast42 has 20 seconds left.\n|inactive|BHeast42 has 15 seconds left.\n|\n|t:|1774499161\n|switch|p1b: Terapagos|Terapagos, L50, M|100/100\n|-activate|p1b: Terapagos|ability: Tera Shift\n|detailschange|p1b: Terapagos|Terapagos-Terastal, L50, M\n|-heal|p1b: Terapagos|100/100|[silent]\n|turn|8\n|\n|t:|1774499167\n|move|p2a: Miraidon|Snarl|p1b: Terapagos\n|-activate|p1b: Terapagos|ability: Tera Shell\n|-resisted|p1b: Terapagos\n|-damage|p1b: Terapagos|94/100\n|-unboost|p1b: Terapagos|spa|1\n|-damage|p2a: Miraidon|62/100|[from] item: Life Orb\n|move|p2b: Eternatus|Recover|p2b: Eternatus\n|-heal|p2b: Eternatus|100/100\n|move|p1b: Terapagos|Calm Mind|p1b: Terapagos\n|-boost|p1b: Terapagos|spa|1\n|-boost|p1b: Terapagos|spd|1\n|\n|-heal|p1b: Terapagos|99/100|[from] item: Leftovers\n|-sideend|p2: Sunny_zong1|Reflect\n|upkeep\n|turn|9\n|-message|BHeast42 forfeited.\n|\n|win|Sunny_zong1\n|raw|BHeast42's rating: 1314 &rarr; <strong>1295</strong><br />(-19 for losing)\n|raw|Sunny_zong1's rating: 1327 &rarr; <strong>1346</strong><br />(+19 for winning)\n|l|\u2606BHeast42\n|player|p1|\n|l|\u2606Sunny_zong1\n|player|p2|\n","uploadtime":1774499431,"views":10,"formatid":"gen9vgc2026regi","rating":1295,"private":0,"password":null}