{"id":"gen9vgc2026regi-2527363900","format":"[Gen 9] VGC 2026 Reg I","players":["AlZombie","marcxhenry"],"log":"|j|\u2606AlZombie\n|j|\u2606marcxhenry\n|t:|1769531541\n|gametype|doubles\n|player|p1|AlZombie|1|1322\n|player|p2|marcxhenry|hilbert-wonderlauncher|1557\n|gen|9\n|tier|[Gen 9] VGC 2026 Reg I\n|rated|\n|rule|Species Clause: Limit one of each Pok\u00e9mon\n|rule|Item Clause: Limit 1 of each item\n|clearpoke\n|poke|p1|Lunala, L50|\n|poke|p1|Ursaluna, L50, F|\n|poke|p1|Urshifu-*, L50, F|\n|poke|p1|Miraidon, L50|\n|poke|p1|Grimmsnarl, L50, M|\n|poke|p1|Incineroar, L50, M|\n|poke|p2|Calyrex-Shadow, L50|\n|poke|p2|Urshifu-*, L50, M|\n|poke|p2|Roaring Moon, L50|\n|poke|p2|Kyogre, L50|\n|poke|p2|Tsareena, L50, F|\n|poke|p2|Kingambit, L50, M|\n|teampreview|4\n|\n|t:|1769531581\n|teamsize|p1|4\n|teamsize|p2|4\n|start\n|switch|p1a: Lunala|Lunala, L50|100/100\n|switch|p1b: Grimmsnarl|Grimmsnarl, L50, M|100/100\n|switch|p2a: Tripitz|Kyogre, L50, shiny|100/100\n|switch|p2b: Eva|Tsareena, L50, F, shiny|100/100\n|-weather|RainDance|[from] ability: Drizzle|[of] p2a: Tripitz\n|turn|1\n|inactive|Battle timer is ON: inactive players will automatically lose when time's up. (requested by AlZombie)\n|\n|t:|1769531602\n|move|p2a: Tripitz|Protect|p2a: Tripitz\n|-singleturn|p2a: Tripitz|Protect\n|move|p1a: Lunala|Wide Guard|p1a: Lunala\n|-singleturn|p1a: Lunala|Wide Guard\n|move|p1b: Grimmsnarl|Light Screen|p1b: Grimmsnarl\n|-sidestart|p1: AlZombie|move: Light Screen\n|move|p2b: Eva|Taunt|p1a: Lunala\n|-start|p1a: Lunala|move: Taunt\n|\n|-weather|RainDance|[upkeep]\n|upkeep\n|turn|2\n|\n|t:|1769531619\n|move|p1b: Grimmsnarl|Thunder Wave||[still]\n|cant|p2b: Eva|ability: Queenly Majesty|Thunder Wave|[of] p1b: Grimmsnarl\n|move|p2a: Tripitz|Water Spout|p1b: Grimmsnarl|[spread] p1a,p1b\n|-damage|p1a: Lunala|72/100\n|-damage|p1b: Grimmsnarl|22/100\n|move|p1a: Lunala|Moongeist Beam|p2a: Tripitz\n|-damage|p2a: Tripitz|54/100\n|move|p2b: Eva|Power Whip|p1b: Grimmsnarl\n|-damage|p1b: Grimmsnarl|0 fnt\n|faint|p1b: Grimmsnarl\n|\n|-weather|RainDance|[upkeep]\n|upkeep\n|\n|t:|1769531636\n|switch|p1b: Miraidon|Miraidon, L50|100/100\n|-fieldstart|move: Electric Terrain|[from] ability: Hadron Engine|[of] p1b: Miraidon\n|-enditem|p1a: Lunala|Electric Seed\n|-boost|p1a: Lunala|def|1|[from] item: Electric Seed\n|turn|3\n|\n|t:|1769531650\n|move|p2a: Tripitz|Protect|p2a: Tripitz\n|-singleturn|p2a: Tripitz|Protect\n|move|p1b: Miraidon|Electro Drift|p2a: Tripitz\n|-activate|p2a: Tripitz|move: Protect\n|move|p1a: Lunala|Moongeist Beam|p2b: Eva\n|-damage|p2b: Eva|41/100\n|move|p2b: Eva|Triple Axel|p1b: Miraidon\n|-supereffective|p1b: Miraidon\n|-damage|p1b: Miraidon|88/100\n|-supereffective|p1b: Miraidon\n|-damage|p1b: Miraidon|65/100\n|-supereffective|p1b: Miraidon\n|-damage|p1b: Miraidon|30/100\n|-hitcount|p1b: Miraidon|3\n|\n|-weather|RainDance|[upkeep]\n|upkeep\n|turn|4\n|\n|t:|1769531674\n|switch|p2b: Hermann|Kingambit, L50, M, shiny|100/100\n|-terastallize|p2a: Tripitz|Ground\n|move|p1b: Miraidon|Electro Drift|p2a: Tripitz\n|-immune|p2a: Tripitz\n|move|p2a: Tripitz|Origin Pulse|p1a: Lunala|[spread] p1a,p1b\n|-resisted|p1b: Miraidon\n|-damage|p1a: Lunala|26/100\n|-damage|p1b: Miraidon|15/100\n|move|p1a: Lunala|Moongeist Beam|p2b: Hermann\n|-resisted|p2b: Hermann\n|-damage|p2b: Hermann|82/100\n|\n|-weather|RainDance|[upkeep]\n|-end|p1a: Lunala|move: Taunt\n|upkeep\n|turn|5\n|inactive|AlZombie has 30 seconds left.\n|inactive|AlZombie has 20 seconds left.\n|\n|t:|1769531710\n|switch|p1a: Ursaluna|Ursaluna, L50, F|100/100\n|move|p2b: Hermann|Sucker Punch|p1b: Miraidon\n|-damage|p1b: Miraidon|0 fnt\n|faint|p1b: Miraidon\n|move|p2a: Tripitz|Origin Pulse|p1a: Ursaluna\n|-supereffective|p1a: Ursaluna\n|-damage|p1a: Ursaluna|0 fnt\n|faint|p1a: Ursaluna\n|\n|-weather|none\n|upkeep\n|-message|AlZombie forfeited.\n|\n|win|marcxhenry\n|raw|AlZombie's rating: 1322 &rarr; <strong>1314</strong><br />(-8 for losing)\n|raw|marcxhenry's rating: 1557 &rarr; <strong>1565</strong><br />(+8 for winning)\n|l|\u2606AlZombie\n|player|p1|\n|l|\u2606marcxhenry\n|player|p2|\n","uploadtime":1769531990,"views":16,"formatid":"gen9vgc2026regi","rating":1314,"private":0,"password":null}