{"id":"gen9vgc2026regi-2560821872","format":"[Gen 9] VGC 2026 Reg I","players":["Jerald Jimes","slimeslatt252"],"log":"|j|\u2606Jerald Jimes\n|j|\u2606slimeslatt252\n|t:|1773732668\n|gametype|doubles\n|player|p1|Jerald Jimes|266|1419\n|player|p2|slimeslatt252|101|1416\n|gen|9\n|tier|[Gen 9] VGC 2026 Reg I\n|rated|\n|rule|Species Clause: Limit one of each Pok\u00e9mon\n|rule|Item Clause: Limit 1 of each item\n|clearpoke\n|poke|p1|Chi-Yu, L50|\n|poke|p1|Landorus, L50, M|\n|poke|p1|Tornadus, L50, M|\n|poke|p1|Calyrex-Shadow, L50|\n|poke|p1|Zamazenta-*, L50|\n|poke|p1|Rillaboom, L50, F|\n|poke|p2|Miraidon, L50|\n|poke|p2|Calyrex-Ice, L50|\n|poke|p2|Amoonguss, L50, F|\n|poke|p2|Incineroar, L50, M|\n|poke|p2|Urshifu-*, L50, M|\n|poke|p2|Landorus, L50, M|\n|teampreview|4\n|inactive|Battle timer is ON: inactive players will automatically lose when time's up. (requested by slimeslatt252)\n|inactive|Jerald Jimes has 60 seconds left.\n|inactive|Jerald Jimes has 30 seconds left.\n|inactive|Jerald Jimes has 20 seconds left.\n|inactive|Jerald Jimes has 15 seconds left.\n|inactive|Jerald Jimes has 10 seconds left.\n|\n|t:|1773732753\n|teamsize|p1|4\n|teamsize|p2|4\n|start\n|switch|p1a: Rillaboom|Rillaboom, L50, F, shiny|100/100\n|switch|p1b: Landorus|Landorus, L50, M, shiny|100/100\n|switch|p2a: Calyrex|Calyrex-Ice, L50|100/100\n|switch|p2b: Amoonguss|Amoonguss, L50, F|100/100\n|-ability|p2a: Calyrex|As One\n|-ability|p2a: Calyrex|Unnerve\n|-fieldstart|move: Grassy Terrain|[from] ability: Grassy Surge|[of] p1a: Rillaboom\n|turn|1\n|inactive|Jerald Jimes has 30 seconds left.\n|inactive|Jerald Jimes has 20 seconds left.\n|inactive|Jerald Jimes has 15 seconds left.\n|inactive|Jerald Jimes has 10 seconds left.\n|inactive|Jerald Jimes has 5 seconds left.\n|\n|t:|1773732805\n|-terastallize|p1b: Landorus|Steel\n|move|p2a: Calyrex|Protect|p2a: Calyrex\n|-singleturn|p2a: Calyrex|Protect\n|move|p1a: Rillaboom|Fake Out|p2b: Amoonguss\n|-damage|p2b: Amoonguss|88/100\n|-damage|p1a: Rillaboom|84/100|[from] item: Rocky Helmet|[of] p2b: Amoonguss\n|move|p1b: Landorus|Earth Power|p2b: Amoonguss\n|-damage|p2b: Amoonguss|34/100\n|cant|p2b: Amoonguss|flinch\n|\n|-heal|p1a: Rillaboom|90/100|[from] Grassy Terrain\n|-heal|p2b: Amoonguss|40/100|[from] Grassy Terrain\n|upkeep\n|turn|2\n|inactive|slimeslatt252 has 30 seconds left.\n|\n|t:|1773732832\n|switch|p1a: Zamazenta|Zamazenta-Crowned, L50|100/100\n|-ability|p1a: Zamazenta|Dauntless Shield|boost\n|-boost|p1a: Zamazenta|def|1\n|-terastallize|p2a: Calyrex|Fire\n|move|p2b: Amoonguss|Protect|p2b: Amoonguss\n|-singleturn|p2b: Amoonguss|Protect\n|move|p1b: Landorus|Earth Power|p2b: Amoonguss\n|-activate|p2b: Amoonguss|move: Protect\n|move|p2a: Calyrex|Trick Room|p2a: Calyrex\n|-fieldstart|move: Trick Room|[of] p2a: Calyrex\n|\n|-heal|p2b: Amoonguss|46/100|[from] Grassy Terrain\n|upkeep\n|turn|3\n|inactive|Jerald Jimes has 30 seconds left.\n|\n|t:|1773732866\n|move|p1b: Landorus|Protect|p1b: Landorus\n|-singleturn|p1b: Landorus|Protect\n|move|p2b: Amoonguss|Spore|p1a: Zamazenta\n|-status|p1a: Zamazenta|slp|[from] move: Spore\n|move|p2a: Calyrex|Glacial Lance|p1b: Landorus|[spread] p1a\n|-activate|p1b: Landorus|move: Protect\n|-resisted|p1a: Zamazenta\n|-damage|p1a: Zamazenta|89/100 slp\n|cant|p1a: Zamazenta|slp\n|\n|-heal|p2b: Amoonguss|52/100|[from] Grassy Terrain\n|-heal|p1a: Zamazenta|95/100 slp|[from] Grassy Terrain\n|upkeep\n|turn|4\n|c|\u2606Jerald Jimes|Holy crap\n|\n|t:|1773732882\n|cant|p1a: Zamazenta|slp\n|move|p2b: Amoonguss|Spore|p1b: Landorus\n|-status|p1b: Landorus|slp|[from] move: Spore\n|move|p2a: Calyrex|Glacial Lance|p1b: Landorus|[spread] p1a,p1b\n|-resisted|p1a: Zamazenta\n|-resisted|p1b: Landorus\n|-damage|p1a: Zamazenta|83/100 slp\n|-damage|p1b: Landorus|68/100 slp\n|cant|p1b: Landorus|slp\n|\n|-heal|p2b: Amoonguss|58/100|[from] Grassy Terrain\n|-heal|p1b: Landorus|74/100 slp|[from] Grassy Terrain\n|-heal|p1a: Zamazenta|89/100 slp|[from] Grassy Terrain\n|upkeep\n|turn|5\n|\n|t:|1773732900\n|switch|p2b: Urshifu|Urshifu-Rapid-Strike, L50, M|100/100\n|move|p2a: Calyrex|High Horsepower|p1b: Landorus\n|-supereffective|p1b: Landorus\n|-damage|p1b: Landorus|0 fnt\n|faint|p1b: Landorus\n|-ability|p2a: Calyrex|Chilling Neigh|boost\n|-boost|p2a: Calyrex|atk|1\n|-curestatus|p1a: Zamazenta|slp|[msg]\n|move|p1a: Zamazenta|Heavy Slam|p2b: Urshifu\n|-resisted|p2b: Urshifu\n|-damage|p2b: Urshifu|75/100\n|\n|-heal|p2b: Urshifu|80/100|[from] Grassy Terrain\n|-heal|p1a: Zamazenta|95/100|[from] Grassy Terrain\n|-fieldend|move: Grassy Terrain\n|upkeep\n|\n|t:|1773732911\n|switch|p1b: Rillaboom|Rillaboom, L50, F, shiny|90/100\n|-fieldstart|move: Grassy Terrain|[from] ability: Grassy Surge|[of] p1b: Rillaboom\n|turn|6\n|inactive|Jerald Jimes has 30 seconds left.\n|\n|t:|1773732944\n|switch|p2b: Amoonguss|Amoonguss, L50, F|91/100\n|move|p2a: Calyrex|Protect|p2a: Calyrex\n|-singleturn|p2a: Calyrex|Protect\n|move|p1a: Zamazenta|Wide Guard|p1a: Zamazenta\n|-singleturn|p1a: Zamazenta|Wide Guard\n|move|p1b: Rillaboom|U-turn|p2b: Amoonguss\n|-damage|p2b: Amoonguss|73/100\n|-damage|p1b: Rillaboom|73/100|[from] item: Rocky Helmet|[of] p2b: Amoonguss\n|\n|t:|1773732946\n|switch|p1b: Calyrex|Calyrex-Shadow, L50|100/100|[from] U-turn\n|-ability|p1b: Calyrex|As One\n|-ability|p1b: Calyrex|Unnerve\n|\n|-heal|p2b: Amoonguss|79/100|[from] Grassy Terrain\n|-heal|p1a: Zamazenta|100/100|[from] Grassy Terrain\n|-fieldend|move: Trick Room\n|upkeep\n|turn|7\n|inactive|slimeslatt252 has 30 seconds left.\n|\n|t:|1773732972\n|move|p1b: Calyrex|Encore|p2a: Calyrex\n|-start|p2a: Calyrex|Encore\n|move|p1a: Zamazenta|Heavy Slam|p2b: Amoonguss\n|-damage|p2b: Amoonguss|35/100\n|-damage|p1a: Zamazenta|84/100|[from] item: Rocky Helmet|[of] p2b: Amoonguss\n|move|p2a: Calyrex|Protect|p2a: Calyrex\n|-singleturn|p2a: Calyrex|Protect\n|move|p2b: Amoonguss|Spore|p1a: Zamazenta\n|-status|p1a: Zamazenta|slp|[from] move: Spore\n|\n|-heal|p1a: Zamazenta|90/100 slp|[from] Grassy Terrain\n|-heal|p2b: Amoonguss|41/100|[from] Grassy Terrain\n|upkeep\n|turn|8\n|\n|t:|1773732994\n|move|p2a: Calyrex|Protect||[still]\n|-fail|p2a: Calyrex\n|move|p1b: Calyrex|Astral Barrage|p2b: Amoonguss|[spread] p2a,p2b\n|-damage|p2a: Calyrex|64/100\n|-damage|p2b: Amoonguss|0 fnt\n|faint|p2b: Amoonguss\n|-ability|p1b: Calyrex|Grim Neigh|boost\n|-boost|p1b: Calyrex|spa|1\n|cant|p1a: Zamazenta|slp\n|\n|-heal|p1a: Zamazenta|96/100 slp|[from] Grassy Terrain\n|-heal|p2a: Calyrex|70/100|[from] Grassy Terrain\n|upkeep\n|\n|t:|1773733002\n|switch|p2b: Miraidon|Miraidon, L50|100/100\n|-fieldstart|move: Electric Terrain|[from] ability: Hadron Engine|[of] p2b: Miraidon\n|turn|9\n|\n|t:|1773733008\n|switch|p1a: Rillaboom|Rillaboom, L50, F, shiny|73/100\n|-fieldstart|move: Grassy Terrain|[from] ability: Grassy Surge|[of] p1a: Rillaboom\n|move|p2a: Calyrex|Protect|p2a: Calyrex\n|-singleturn|p2a: Calyrex|Protect\n|move|p2b: Miraidon|Snarl|p1b: Calyrex|[spread] p1a,p1b\n|-supereffective|p1b: Calyrex\n|-damage|p1a: Rillaboom|64/100\n|-damage|p1b: Calyrex|30/100\n|-unboost|p1a: Rillaboom|spa|1\n|-unboost|p1b: Calyrex|spa|1\n|move|p1b: Calyrex|Astral Barrage|p2a: Calyrex|[spread] p2b\n|-activate|p2a: Calyrex|move: Protect\n|-damage|p2b: Miraidon|50/100\n|\n|-heal|p2b: Miraidon|56/100|[from] Grassy Terrain\n|-heal|p1b: Calyrex|35/100|[from] Grassy Terrain\n|-heal|p1a: Rillaboom|70/100|[from] Grassy Terrain\n|-heal|p2a: Calyrex|76/100|[from] Grassy Terrain\n|-end|p2a: Calyrex|Encore\n|upkeep\n|turn|10\n|\n|t:|1773733022\n|move|p1a: Rillaboom|Fake Out|p2b: Miraidon\n|-damage|p2b: Miraidon|44/100\n|cant|p2b: Miraidon|flinch\n|move|p1b: Calyrex|Encore|p2a: Calyrex\n|-start|p2a: Calyrex|Encore\n|move|p2a: Calyrex|Protect||[still]\n|-fail|p2a: Calyrex\n|\n|-heal|p2b: Miraidon|50/100|[from] Grassy Terrain\n|-heal|p1b: Calyrex|41/100|[from] Grassy Terrain\n|-heal|p1a: Rillaboom|76/100|[from] Grassy Terrain\n|-heal|p2a: Calyrex|82/100|[from] Grassy Terrain\n|upkeep\n|turn|11\n|\n|t:|1773733035\n|switch|p2a: Urshifu|Urshifu-Rapid-Strike, L50, M|80/100\n|move|p1b: Calyrex|Protect|p1b: Calyrex\n|-singleturn|p1b: Calyrex|Protect\n|move|p2b: Miraidon|Snarl|p1a: Rillaboom|[spread] p1a\n|-activate|p1b: Calyrex|move: Protect\n|-damage|p1a: Rillaboom|66/100\n|-unboost|p1a: Rillaboom|spa|1\n|move|p1a: Rillaboom|Wood Hammer|p2b: Miraidon\n|-resisted|p2b: Miraidon\n|-damage|p2b: Miraidon|14/100\n|-damage|p1a: Rillaboom|56/100|[from] Recoil\n|\n|-heal|p2b: Miraidon|20/100|[from] Grassy Terrain\n|-heal|p1b: Calyrex|47/100|[from] Grassy Terrain\n|-heal|p2a: Urshifu|86/100|[from] Grassy Terrain\n|-heal|p1a: Rillaboom|61/100|[from] Grassy Terrain\n|upkeep\n|turn|12\n|\n|t:|1773733059\n|switch|p1b: Zamazenta|Zamazenta-Crowned, L50|96/100 slp\n|move|p2b: Miraidon|Snarl|p1b: Zamazenta|[spread] p1a,p1b\n|-resisted|p1b: Zamazenta\n|-damage|p1a: Rillaboom|52/100\n|-damage|p1b: Zamazenta|91/100 slp\n|-unboost|p1a: Rillaboom|spa|1\n|-unboost|p1b: Zamazenta|spa|1\n|move|p2a: Urshifu|Close Combat|p1a: Rillaboom\n|-damage|p1a: Rillaboom|0 fnt\n|-unboost|p2a: Urshifu|def|1\n|-unboost|p2a: Urshifu|spd|1\n|faint|p1a: Rillaboom\n|\n|-heal|p2b: Miraidon|26/100|[from] Grassy Terrain\n|-heal|p1b: Zamazenta|97/100 slp|[from] Grassy Terrain\n|-heal|p2a: Urshifu|92/100|[from] Grassy Terrain\n|upkeep\n|\n|t:|1773733068\n|switch|p1a: Calyrex|Calyrex-Shadow, L50|47/100\n|-ability|p1a: Calyrex|As One\n|-ability|p1a: Calyrex|Unnerve\n|turn|13\n|\n|t:|1773733080\n|switch|p2b: Calyrex|Calyrex-Ice, L50, tera:Fire|82/100\n|-ability|p2b: Calyrex|As One\n|-ability|p2b: Calyrex|Unnerve\n|move|p1a: Calyrex|Protect|p1a: Calyrex\n|-singleturn|p1a: Calyrex|Protect\n|move|p2a: Urshifu|Protect|p2a: Urshifu\n|-singleturn|p2a: Urshifu|Protect\n|cant|p1b: Zamazenta|slp\n|\n|-heal|p1a: Calyrex|52/100|[from] Grassy Terrain\n|-heal|p1b: Zamazenta|100/100 slp|[from] Grassy Terrain\n|-heal|p2a: Urshifu|98/100|[from] Grassy Terrain\n|-heal|p2b: Calyrex|87/100|[from] Grassy Terrain\n|-fieldend|move: Grassy Terrain\n|upkeep\n|turn|14\n|inactive|slimeslatt252 has 30 seconds left.\n|inactive|slimeslatt252 has 20 seconds left.\n|\n|t:|1773733119\n|move|p2a: Urshifu|Aqua Jet|p1a: Calyrex\n|-damage|p1a: Calyrex|23/100\n|move|p1a: Calyrex|Astral Barrage|p2a: Urshifu|[spread] p2a,p2b\n|-damage|p2a: Urshifu|0 fnt\n|-damage|p2b: Calyrex|46/100\n|faint|p2a: Urshifu\n|-ability|p1a: Calyrex|Grim Neigh|boost\n|-boost|p1a: Calyrex|spa|1\n|cant|p1b: Zamazenta|slp\n|move|p2b: Calyrex|High Horsepower|p1a: Calyrex\n|-damage|p1a: Calyrex|0 fnt\n|faint|p1a: Calyrex\n|-ability|p2b: Calyrex|Chilling Neigh|boost\n|-boost|p2b: Calyrex|atk|1\n|\n|upkeep\n|\n|t:|1773733132\n|switch|p2a: Miraidon|Miraidon, L50|26/100\n|-fieldstart|move: Electric Terrain|[from] ability: Hadron Engine|[of] p2a: Miraidon\n|turn|15\n|c|\u2606Jerald Jimes|This is incredible\n|\n|t:|1773733142\n|move|p2a: Miraidon|Electro Drift|p1b: Zamazenta\n|-damage|p1b: Zamazenta|41/100 slp\n|-curestatus|p1b: Zamazenta|slp|[msg]\n|move|p1b: Zamazenta|Body Press|p2a: Miraidon\n|-damage|p2a: Miraidon|0 fnt\n|faint|p2a: Miraidon\n|move|p2b: Calyrex|High Horsepower|p1b: Zamazenta\n|-supereffective|p1b: Zamazenta\n|-damage|p1b: Zamazenta|0 fnt\n|faint|p1b: Zamazenta\n|\n|win|slimeslatt252\n|raw|Jerald Jimes's rating: 1419 &rarr; <strong>1399</strong><br />(-20 for losing)\n|raw|slimeslatt252's rating: 1416 &rarr; <strong>1436</strong><br />(+20 for winning)\n|c|\u2606slimeslatt252|thank you amoongus\n|c|\u2606slimeslatt252|lmao\n|c|\u2606Jerald Jimes|I guess\n|c|\u2606slimeslatt252|ggwp\n|c|\u2606slimeslatt252|dont be salty bud games the game\n|c|\u2606Jerald Jimes|Huh i am not\n|l|\u2606slimeslatt252\n|player|p2|\n|j|\u2606slimeslatt252\n|player|p2|slimeslatt252|101|\n|l|\u2606slimeslatt252\n|player|p2|\n|l|\u2606Jerald Jimes\n|player|p1|\n","uploadtime":1773733283,"views":34,"formatid":"gen9vgc2026regi","rating":1399,"private":0,"password":null}