{"id":"gen9vgc2026regi-2525137673","format":"[Gen 9] VGC 2026 Reg I","players":["ky123456","JOOLA"],"log":"|j|\u2606ky123456\n|j|\u2606JOOLA\n|t:|1769234544\n|gametype|doubles\n|player|p1|ky123456|cynthia-gen4|1308\n|player|p2|JOOLA|cress|1406\n|gen|9\n|tier|[Gen 9] VGC 2026 Reg I\n|rated|\n|rule|Species Clause: Limit one of each Pok\u00e9mon\n|rule|Item Clause: Limit 1 of each item\n|clearpoke\n|poke|p1|Kyogre, L50|\n|poke|p1|Calyrex-Ice, L50|\n|poke|p1|Grimmsnarl, L50, M|\n|poke|p1|Rillaboom, L50, M|\n|poke|p1|Landorus, L50, M|\n|poke|p1|Urshifu-*, L50, F|\n|poke|p2|Giratina-Origin, L50|\n|poke|p2|Zamazenta-*, L50|\n|poke|p2|Chien-Pao, L50|\n|poke|p2|Entei, L50|\n|poke|p2|Urshifu-*, L50, F|\n|poke|p2|Rillaboom, L50, M|\n|teampreview|4\n|inactive|Battle timer is ON: inactive players will automatically lose when time's up. (requested by JOOLA)\n|j| here's where king!\n|inactive|ky123456 has 60 seconds left.\n|inactive|JOOLA has 60 seconds left.\n|\n|t:|1769234604\n|teamsize|p1|4\n|teamsize|p2|4\n|start\n|switch|p1a: Kyogre|Kyogre, L50|100/100\n|switch|p1b: Grimmsnarl|Grimmsnarl, L50, M|100/100\n|switch|p2a: Rillaboom|Rillaboom, L50, M|100/100\n|switch|p2b: Urshifu|Urshifu-Rapid-Strike, L50, F|100/100\n|-weather|RainDance|[from] ability: Drizzle|[of] p1a: Kyogre\n|-fieldstart|move: Grassy Terrain|[from] ability: Grassy Surge|[of] p2a: Rillaboom\n|turn|1\n|inactive|ky123456 has 30 seconds left.\n|inactive|JOOLA has 30 seconds left.\n|inactive|ky123456 has 20 seconds left.\n|inactive|ky123456 has 15 seconds left.\n|\n|t:|1769234647\n|move|p2a: Rillaboom|Fake Out|p1b: Grimmsnarl\n|-crit|p1b: Grimmsnarl\n|-damage|p1b: Grimmsnarl|83/100\n|cant|p1b: Grimmsnarl|flinch\n|move|p2b: Urshifu|Surging Strikes|p1b: Grimmsnarl\n|-crit|p1b: Grimmsnarl\n|-damage|p1b: Grimmsnarl|54/100\n|-crit|p1b: Grimmsnarl\n|-damage|p1b: Grimmsnarl|26/100\n|-crit|p1b: Grimmsnarl\n|-damage|p1b: Grimmsnarl|0 fnt\n|faint|p1b: Grimmsnarl\n|-hitcount|p1: Grimmsnarl|3\n|move|p1a: Kyogre|Thunder|p2b: Urshifu\n|-supereffective|p2b: Urshifu\n|-damage|p2b: Urshifu|0 fnt\n|faint|p2b: Urshifu\n|\n|-weather|RainDance|[upkeep]\n|upkeep\n|l| here's where king!\n|inactive|JOOLA has 30 seconds left.\n|\n|t:|1769234675\n|switch|p2b: Chien-Pao|Chien-Pao, L50|100/100\n|switch|p1b: Calyrex|Calyrex-Ice, L50|100/100\n|-ability|p1b: Calyrex|As One\n|-ability|p1b: Calyrex|Unnerve\n|-ability|p2b: Chien-Pao|Sword of Ruin\n|turn|2\n|inactive|ky123456 has 30 seconds left.\n|inactive|ky123456 has 20 seconds left.\n|inactive|ky123456 has 15 seconds left.\n|inactive|ky123456 has 10 seconds left.\n|inactive|ky123456 has 5 seconds left.\n|\n|t:|1769234726\n|-terastallize|p2a: Rillaboom|Water\n|move|p2b: Chien-Pao|Crunch|p1b: Calyrex\n|-supereffective|p1b: Calyrex\n|-damage|p1b: Calyrex|34/100\n|-unboost|p1b: Calyrex|def|1\n|move|p1a: Kyogre|Origin Pulse|p2b: Chien-Pao|[spread] p2a,p2b\n|-resisted|p2a: Rillaboom\n|-damage|p2a: Rillaboom|71/100\n|-enditem|p2b: Chien-Pao|Focus Sash\n|-damage|p2b: Chien-Pao|1/100\n|move|p2a: Rillaboom|Wood Hammer|p1a: Kyogre\n|-supereffective|p1a: Kyogre\n|-damage|p1a: Kyogre|0 fnt\n|faint|p1a: Kyogre\n|-damage|p2a: Rillaboom|39/100|[from] Recoil\n|move|p1b: Calyrex|Glacial Lance|p2b: Chien-Pao|[spread] p2a,p2b\n|-resisted|p2a: Rillaboom\n|-resisted|p2b: Chien-Pao\n|-damage|p2a: Rillaboom|12/100\n|-damage|p2b: Chien-Pao|0 fnt\n|faint|p2b: Chien-Pao\n|-ability|p1b: Calyrex|Chilling Neigh|boost\n|-boost|p1b: Calyrex|atk|1\n|\n|-weather|RainDance|[upkeep]\n|-heal|p2a: Rillaboom|18/100|[from] Grassy Terrain\n|-heal|p1b: Calyrex|40/100|[from] Grassy Terrain\n|-heal|p1b: Calyrex|45/100|[from] item: Leftovers\n|upkeep\n|j| need tomato\n|j| riyuezi\n|inactive|JOOLA has 30 seconds left.\n|\n|t:|1769234753\n|switch|p2b: Zamazenta|Zamazenta-Crowned, L50|100/100\n|switch|p1a: Urshifu|Urshifu-Rapid-Strike, L50, F|100/100\n|-ability|p2b: Zamazenta|Dauntless Shield|boost\n|-boost|p2b: Zamazenta|def|1\n|turn|3\n|\n|t:|1769234776\n|-terastallize|p1a: Urshifu|Ghost\n|move|p1b: Calyrex|Protect|p1b: Calyrex\n|-singleturn|p1b: Calyrex|Protect\n|move|p2a: Rillaboom|Grassy Glide|p1a: Urshifu\n|-damage|p1a: Urshifu|63/100\n|move|p1a: Urshifu|Surging Strikes|p2a: Rillaboom\n|-resisted|p2a: Rillaboom\n|-crit|p2a: Rillaboom\n|-damage|p2a: Rillaboom|5/100\n|-resisted|p2a: Rillaboom\n|-crit|p2a: Rillaboom\n|-damage|p2a: Rillaboom|0 fnt\n|faint|p2a: Rillaboom\n|-hitcount|p2: Rillaboom|2\n|move|p2b: Zamazenta|Body Press|p1b: Calyrex\n|-activate|p1b: Calyrex|move: Protect\n|\n|-weather|RainDance|[upkeep]\n|-heal|p1a: Urshifu|68/100|[from] Grassy Terrain\n|-heal|p1b: Calyrex|51/100|[from] Grassy Terrain\n|-heal|p1b: Calyrex|57/100|[from] item: Leftovers\n|upkeep\n|turn|4\n|\n|t:|1769234798\n|move|p1a: Urshifu|Surging Strikes|p2b: Zamazenta\n|-crit|p2b: Zamazenta\n|-damage|p2b: Zamazenta|78/100\n|-crit|p2b: Zamazenta\n|-damage|p2b: Zamazenta|55/100\n|-crit|p2b: Zamazenta\n|-damage|p2b: Zamazenta|37/100\n|-hitcount|p2b: Zamazenta|3\n|move|p2b: Zamazenta|Body Press|p1b: Calyrex\n|-damage|p1b: Calyrex|0 fnt\n|faint|p1b: Calyrex\n|\n|-weather|RainDance|[upkeep]\n|-heal|p1a: Urshifu|74/100|[from] Grassy Terrain\n|-heal|p2b: Zamazenta|43/100|[from] Grassy Terrain\n|upkeep\n|turn|5\n|-message|JOOLA forfeited.\n|\n|win|ky123456\n|raw|ky123456's rating: 1308 &rarr; <strong>1333</strong><br />(+25 for winning)\n|raw|JOOLA's rating: 1406 &rarr; <strong>1381</strong><br />(-25 for losing)\n|l|\u2606JOOLA\n|player|p2|\n|l| riyuezi\n|l| need tomato\n|l|\u2606ky123456\n|player|p1|\n","uploadtime":1769235012,"views":13,"formatid":"gen9vgc2026regi","rating":1333,"private":0,"password":null}