{"id":"gen9vgc2026regi-2513847699","format":"[Gen 9] VGC 2026 Reg I","players":["Jared66","dasabe\u76d6\u6b27\u5361\u4fa0"],"log":"|j|\u2606Jared66\n|j|\u2606dasabe\u76d6\u6b27\u5361\u4fa0\n|t:|1767791982\n|gametype|doubles\n|player|p1|Jared66|170|1252\n|player|p2|dasabe\u76d6\u6b27\u5361\u4fa0|may-masters4|1384\n|gen|9\n|tier|[Gen 9] VGC 2026 Reg I\n|rated|\n|rule|Species Clause: Limit one of each Pok\u00e9mon\n|rule|Item Clause: Limit 1 of each item\n|clearpoke\n|poke|p1|Zamazenta-*, L50|\n|poke|p1|Calyrex-Shadow, L50|\n|poke|p1|Incineroar, L50, M|\n|poke|p1|Flutter Mane, L50|\n|poke|p1|Tornadus, L50, M|\n|poke|p1|Raging Bolt, L50|\n|poke|p2|Calyrex-Ice, L50|\n|poke|p2|Kyogre, L50|\n|poke|p2|Smeargle, L50, F|\n|poke|p2|Rillaboom, L50, F|\n|poke|p2|Urshifu-*, L50, M|\n|poke|p2|Landorus, L50, M|\n|teampreview|4\n|inactive|Battle timer is ON: inactive players will automatically lose when time's up. (requested by Jared66)\n|\n|t:|1767791994\n|teamsize|p1|4\n|teamsize|p2|4\n|start\n|switch|p1a: Incineroar|Incineroar, L50, M|100/100\n|switch|p1b: Calyrex|Calyrex-Shadow, L50|100/100\n|switch|p2a: \u9e7f\u51a0\u738b|Calyrex-Ice, L50|100/100\n|switch|p2b: \u5c0f\u7b14\u7ea2\u80bf|Smeargle, L50, F, shiny|100/100\n|-ability|p1b: Calyrex|As One\n|-ability|p1b: Calyrex|Unnerve\n|-ability|p2a: \u9e7f\u51a0\u738b|As One\n|-ability|p2a: \u9e7f\u51a0\u738b|Unnerve\n|-ability|p1a: Incineroar|Intimidate|boost\n|-unboost|p2a: \u9e7f\u51a0\u738b|atk|1\n|-unboost|p2b: \u5c0f\u7b14\u7ea2\u80bf|atk|1\n|turn|1\n|\n|t:|1767792007\n|-terastallize|p2a: \u9e7f\u51a0\u738b|Fairy\n|move|p2b: \u5c0f\u7b14\u7ea2\u80bf|Fake Out|p1a: Incineroar\n|-damage|p1a: Incineroar|97/100\n|cant|p1a: Incineroar|flinch\n|move|p1b: Calyrex|Astral Barrage|p2a: \u9e7f\u51a0\u738b|[spread] p2a\n|-immune|p2b: \u5c0f\u7b14\u7ea2\u80bf\n|-damage|p2a: \u9e7f\u51a0\u738b|70/100\n|move|p2a: \u9e7f\u51a0\u738b|Trick Room|p2a: \u9e7f\u51a0\u738b\n|-fieldstart|move: Trick Room|[of] p2a: \u9e7f\u51a0\u738b\n|\n|-heal|p2a: \u9e7f\u51a0\u738b|76/100|[from] item: Leftovers\n|-ability|p2b: \u5c0f\u7b14\u7ea2\u80bf|Moody|boost\n|-boost|p2b: \u5c0f\u7b14\u7ea2\u80bf|def|2\n|-unboost|p2b: \u5c0f\u7b14\u7ea2\u80bf|spe|1\n|upkeep\n|turn|2\n|\n|t:|1767792021\n|move|p1b: Calyrex|Protect|p1b: Calyrex\n|-singleturn|p1b: Calyrex|Protect\n|move|p2a: \u9e7f\u51a0\u738b|Glacial Lance|p1b: Calyrex|[spread] p1a\n|-activate|p1b: Calyrex|move: Protect\n|-resisted|p1a: Incineroar\n|-damage|p1a: Incineroar|79/100\n|move|p2b: \u5c0f\u7b14\u7ea2\u80bf|Spore|p1a: Incineroar\n|-activate|p1a: Incineroar|item: Safety Goggles|Spore\n|move|p1a: Incineroar|Flare Blitz|p2a: \u9e7f\u51a0\u738b\n|-damage|p2a: \u9e7f\u51a0\u738b|43/100\n|-status|p2a: \u9e7f\u51a0\u738b|brn\n|-damage|p1a: Incineroar|67/100|[from] Recoil\n|\n|-heal|p2a: \u9e7f\u51a0\u738b|49/100 brn|[from] item: Leftovers\n|-damage|p2a: \u9e7f\u51a0\u738b|43/100 brn|[from] brn\n|-ability|p2b: \u5c0f\u7b14\u7ea2\u80bf|Moody|boost\n|-boost|p2b: \u5c0f\u7b14\u7ea2\u80bf|spa|2\n|-unboost|p2b: \u5c0f\u7b14\u7ea2\u80bf|spd|1\n|upkeep\n|turn|3\n|inactive|Jared66 has 30 seconds left.\n|inactive|Jared66 has 20 seconds left.\n|\n|t:|1767792058\n|switch|p1b: Raging Bolt|Raging Bolt, L50|100/100\n|move|p2a: \u9e7f\u51a0\u738b|Leech Seed|p1a: Incineroar\n|-start|p1a: Incineroar|move: Leech Seed\n|move|p2b: \u5c0f\u7b14\u7ea2\u80bf|Spore|p1b: Raging Bolt\n|-status|p1b: Raging Bolt|slp|[from] move: Spore\n|move|p1a: Incineroar|Knock Off|p2b: \u5c0f\u7b14\u7ea2\u80bf\n|-damage|p2b: \u5c0f\u7b14\u7ea2\u80bf|52/100\n|-enditem|p2b: \u5c0f\u7b14\u7ea2\u80bf|Focus Sash|[from] move: Knock Off|[of] p1a: Incineroar\n|\n|-heal|p2a: \u9e7f\u51a0\u738b|49/100 brn|[from] item: Leftovers\n|-damage|p1a: Incineroar|55/100|[from] Leech Seed|[of] p2a: \u9e7f\u51a0\u738b\n|-heal|p2a: \u9e7f\u51a0\u738b|61/100 brn|[silent]\n|-damage|p2a: \u9e7f\u51a0\u738b|55/100 brn|[from] brn\n|-ability|p2b: \u5c0f\u7b14\u7ea2\u80bf|Moody|boost\n|-boost|p2b: \u5c0f\u7b14\u7ea2\u80bf|atk|2\n|-unboost|p2b: \u5c0f\u7b14\u7ea2\u80bf|spd|1\n|upkeep\n|turn|4\n|\n|t:|1767792080\n|move|p2b: \u5c0f\u7b14\u7ea2\u80bf|Follow Me|p2b: \u5c0f\u7b14\u7ea2\u80bf\n|-singleturn|p2b: \u5c0f\u7b14\u7ea2\u80bf|move: Follow Me\n|move|p2a: \u9e7f\u51a0\u738b|Glacial Lance|p1a: Incineroar|[spread] p1a,p1b\n|-resisted|p1a: Incineroar\n|-supereffective|p1b: Raging Bolt\n|-damage|p1a: Incineroar|47/100\n|-damage|p1b: Raging Bolt|70/100 slp\n|move|p1a: Incineroar|Flare Blitz|p2b: \u5c0f\u7b14\u7ea2\u80bf\n|-damage|p2b: \u5c0f\u7b14\u7ea2\u80bf|0 fnt\n|faint|p2b: \u5c0f\u7b14\u7ea2\u80bf\n|-damage|p1a: Incineroar|33/100|[from] Recoil\n|cant|p1b: Raging Bolt|slp\n|\n|-heal|p2a: \u9e7f\u51a0\u738b|61/100 brn|[from] item: Leftovers\n|-damage|p1a: Incineroar|21/100|[from] Leech Seed|[of] p2a: \u9e7f\u51a0\u738b\n|-heal|p2a: \u9e7f\u51a0\u738b|72/100 brn|[silent]\n|-damage|p2a: \u9e7f\u51a0\u738b|67/100 brn|[from] brn\n|upkeep\n|\n|t:|1767792085\n|switch|p2b: \u63e1\u8349\u733f|Rillaboom, L50, F|100/100\n|-fieldstart|move: Grassy Terrain|[from] ability: Grassy Surge|[of] p2b: \u63e1\u8349\u733f\n|turn|5\n|\n|t:|1767792102\n|move|p2b: \u63e1\u8349\u733f|Fake Out|p1a: Incineroar\n|-damage|p1a: Incineroar|8/100\n|move|p2a: \u9e7f\u51a0\u738b|Leech Seed|p1b: Raging Bolt\n|-start|p1b: Raging Bolt|move: Leech Seed\n|cant|p1a: Incineroar|flinch\n|cant|p1b: Raging Bolt|slp\n|\n|-heal|p2a: \u9e7f\u51a0\u738b|72/100 brn|[from] Grassy Terrain\n|-heal|p2a: \u9e7f\u51a0\u738b|78/100 brn|[from] item: Leftovers\n|-heal|p1a: Incineroar|14/100|[from] Grassy Terrain\n|-heal|p1b: Raging Bolt|76/100 slp|[from] Grassy Terrain\n|-damage|p1a: Incineroar|2/100|[from] Leech Seed|[of] p2a: \u9e7f\u51a0\u738b\n|-heal|p2a: \u9e7f\u51a0\u738b|90/100 brn|[silent]\n|-damage|p1b: Raging Bolt|63/100 slp|[from] Leech Seed|[of] p2a: \u9e7f\u51a0\u738b\n|-heal|p2a: \u9e7f\u51a0\u738b|100/100 brn|[silent]\n|-damage|p2a: \u9e7f\u51a0\u738b|95/100 brn|[from] brn\n|-fieldend|move: Trick Room\n|upkeep\n|turn|6\n|\n|t:|1767792127\n|move|p2b: \u63e1\u8349\u733f|U-turn|p1a: Incineroar\n|-damage|p1a: Incineroar|0 fnt\n|faint|p1a: Incineroar\n|\n|t:|1767792130\n|switch|p2b: \u6210\u90fd\u8001\u76d6|Kyogre, L50|100/100|[from] U-turn\n|-weather|RainDance|[from] ability: Drizzle|[of] p2b: \u6210\u90fd\u8001\u76d6\n|cant|p1b: Raging Bolt|slp\n|move|p2a: \u9e7f\u51a0\u738b|Glacial Lance|p1b: Raging Bolt\n|-supereffective|p1b: Raging Bolt\n|-damage|p1b: Raging Bolt|24/100 slp\n|\n|-weather|RainDance|[upkeep]\n|-heal|p1b: Raging Bolt|30/100 slp|[from] Grassy Terrain\n|-heal|p2a: \u9e7f\u51a0\u738b|100/100 brn|[from] Grassy Terrain\n|-damage|p1b: Raging Bolt|18/100 slp|[from] Leech Seed|[of] p2a: \u9e7f\u51a0\u738b\n|-damage|p2a: \u9e7f\u51a0\u738b|95/100 brn|[from] brn\n|upkeep\n|\n|t:|1767792136\n|switch|p1a: Calyrex|Calyrex-Shadow, L50|100/100\n|-ability|p1a: Calyrex|As One\n|-ability|p1a: Calyrex|Unnerve\n|turn|7\n|\n|t:|1767792154\n|move|p1a: Calyrex|Astral Barrage|p2b: \u6210\u90fd\u8001\u76d6|[spread] p2a,p2b\n|-damage|p2a: \u9e7f\u51a0\u738b|64/100 brn\n|-damage|p2b: \u6210\u90fd\u8001\u76d6|56/100\n|move|p2b: \u6210\u90fd\u8001\u76d6|Origin Pulse|p1a: Calyrex|[spread] p1a,p1b\n|-resisted|p1b: Raging Bolt\n|-enditem|p1a: Calyrex|Focus Sash\n|-damage|p1a: Calyrex|1/100\n|-damage|p1b: Raging Bolt|0 fnt\n|faint|p1b: Raging Bolt\n|-end|p1b: Raging Bolt|Protosynthesis|[silent]\n|move|p2a: \u9e7f\u51a0\u738b|Trick Room|p2a: \u9e7f\u51a0\u738b\n|-fieldstart|move: Trick Room|[of] p2a: \u9e7f\u51a0\u738b\n|\n|-weather|RainDance|[upkeep]\n|-heal|p2a: \u9e7f\u51a0\u738b|70/100 brn|[from] Grassy Terrain\n|-heal|p2a: \u9e7f\u51a0\u738b|76/100 brn|[from] item: Leftovers\n|-heal|p2b: \u6210\u90fd\u8001\u76d6|62/100|[from] Grassy Terrain\n|-heal|p1a: Calyrex|7/100|[from] Grassy Terrain\n|-damage|p2a: \u9e7f\u51a0\u738b|70/100 brn|[from] brn\n|upkeep\n|\n|t:|1767792166\n|switch|p1b: Zamazenta|Zamazenta-Crowned, L50|100/100\n|-ability|p1b: Zamazenta|Dauntless Shield|boost\n|-boost|p1b: Zamazenta|def|1\n|turn|8\n|\n|t:|1767792170\n|move|p1b: Zamazenta|Wide Guard|p1b: Zamazenta\n|-singleturn|p1b: Zamazenta|Wide Guard\n|move|p2a: \u9e7f\u51a0\u738b|Leech Seed|p1b: Zamazenta\n|-start|p1b: Zamazenta|move: Leech Seed\n|move|p2b: \u6210\u90fd\u8001\u76d6|Origin Pulse|p1a: Calyrex|[spread] \n|-activate|p1a: Calyrex|move: Wide Guard\n|-activate|p1b: Zamazenta|move: Wide Guard\n|move|p1a: Calyrex|Astral Barrage|p2b: \u6210\u90fd\u8001\u76d6|[spread] p2a,p2b\n|-damage|p2a: \u9e7f\u51a0\u738b|35/100 brn\n|-damage|p2b: \u6210\u90fd\u8001\u76d6|24/100\n|\n|-weather|RainDance|[upkeep]\n|-heal|p2a: \u9e7f\u51a0\u738b|41/100 brn|[from] Grassy Terrain\n|-heal|p2a: \u9e7f\u51a0\u738b|46/100 brn|[from] item: Leftovers\n|-heal|p2b: \u6210\u90fd\u8001\u76d6|31/100|[from] Grassy Terrain\n|-heal|p1a: Calyrex|12/100|[from] Grassy Terrain\n|-damage|p1b: Zamazenta|88/100|[from] Leech Seed|[of] p2a: \u9e7f\u51a0\u738b\n|-heal|p2a: \u9e7f\u51a0\u738b|57/100 brn|[silent]\n|-damage|p2a: \u9e7f\u51a0\u738b|51/100 brn|[from] brn\n|upkeep\n|turn|9\n|\n|t:|1767792191\n|move|p1a: Calyrex|Protect|p1a: Calyrex\n|-singleturn|p1a: Calyrex|Protect\n|move|p2a: \u9e7f\u51a0\u738b|Leech Seed|p1a: Calyrex\n|-activate|p1a: Calyrex|move: Protect\n|move|p2b: \u6210\u90fd\u8001\u76d6|Origin Pulse|p1b: Zamazenta|[spread] p1b\n|-activate|p1a: Calyrex|move: Protect\n|-damage|p1b: Zamazenta|0 fnt\n|faint|p1b: Zamazenta\n|\n|-weather|RainDance|[upkeep]\n|-heal|p2a: \u9e7f\u51a0\u738b|57/100 brn|[from] Grassy Terrain\n|-heal|p2a: \u9e7f\u51a0\u738b|62/100 brn|[from] item: Leftovers\n|-heal|p2b: \u6210\u90fd\u8001\u76d6|37/100|[from] Grassy Terrain\n|-heal|p1a: Calyrex|18/100|[from] Grassy Terrain\n|-damage|p2a: \u9e7f\u51a0\u738b|57/100 brn|[from] brn\n|-fieldend|move: Grassy Terrain\n|upkeep\n|turn|10\n|\n|t:|1767792207\n|move|p1a: Calyrex|Protect||[still]\n|-fail|p1a: Calyrex\n|move|p2a: \u9e7f\u51a0\u738b|Glacial Lance|p1a: Calyrex\n|-damage|p1a: Calyrex|0 fnt\n|faint|p1a: Calyrex\n|\n|win|dasabe\u76d6\u6b27\u5361\u4fa0\n|raw|Jared66's rating: 1252 &rarr; <strong>1236</strong><br />(-16 for losing)\n|raw|dasabe\u76d6\u6b27\u5361\u4fa0's rating: 1384 &rarr; <strong>1397</strong><br />(+13 for winning)\n|l|\u2606Jared66\n|player|p1|\n|l|\u2606dasabe\u76d6\u6b27\u5361\u4fa0\n|player|p2|\n","uploadtime":1767792480,"views":12,"formatid":"gen9vgc2026regi","rating":1236,"private":0,"password":null}