{"id":"gen9vgc2026regi-2540708402","format":"[Gen 9] VGC 2026 Reg I","players":["Tepig_nNz_498","fogdocker"],"log":"|j|\u2606Tepig_nNz_498\n|j|\u2606fogdocker\n|t:|1771243752\n|gametype|doubles\n|player|p1|Tepig_nNz_498|266|1336\n|player|p2|fogdocker|1|1335\n|gen|9\n|tier|[Gen 9] VGC 2026 Reg I\n|rated|\n|rule|Species Clause: Limit one of each Pok\u00e9mon\n|rule|Item Clause: Limit 1 of each item\n|clearpoke\n|poke|p1|Miraidon, L50|\n|poke|p1|Iron Bundle, L50|\n|poke|p1|Iron Hands, L50|\n|poke|p1|Farigiraf, L50, F|\n|poke|p1|Dialga-Origin, L50|\n|poke|p1|Ursaluna, L50, M|\n|poke|p2|Terapagos, L50, M|\n|poke|p2|Miraidon, L50|\n|poke|p2|Sinistcha, L50|\n|poke|p2|Incineroar, L50, F|\n|poke|p2|Iron Treads, L50|\n|poke|p2|Urshifu-*, L50, F|\n|teampreview|4\n|inactive|Battle timer is ON: inactive players will automatically lose when time's up. (requested by Tepig_nNz_498)\n|\n|t:|1771243817\n|teamsize|p1|4\n|teamsize|p2|4\n|start\n|switch|p1a: Farigiraf|Farigiraf, L50, F|100/100\n|switch|p1b: Miraidon|Miraidon, L50|100/100\n|switch|p2a: Terapagos|Terapagos, L50, M|100/100\n|switch|p2b: Iron Treads|Iron Treads, L50|100/100\n|-activate|p2a: Terapagos|ability: Tera Shift\n|detailschange|p2a: Terapagos|Terapagos-Terastal, L50, M\n|-heal|p2a: Terapagos|100/100|[silent]\n|-fieldstart|move: Electric Terrain|[from] ability: Hadron Engine|[of] p1b: Miraidon\n|-activate|p2b: Iron Treads|ability: Quark Drive\n|-start|p2b: Iron Treads|quarkdrivespe\n|-enditem|p2a: Terapagos|Electric Seed\n|-boost|p2a: Terapagos|def|1|[from] item: Electric Seed\n|-enditem|p1a: Farigiraf|Electric Seed\n|-boost|p1a: Farigiraf|def|1|[from] item: Electric Seed\n|turn|1\n|\n|t:|1771243830\n|move|p1a: Farigiraf|Ally Switch|p1a: Farigiraf\n|swap|p1a: Farigiraf|1|[from] move: Ally Switch\n|move|p2b: Iron Treads|High Horsepower|p1b: Farigiraf\n|-damage|p1b: Farigiraf|66/100\n|-damage|p2b: Iron Treads|91/100|[from] item: Life Orb\n|move|p1a: Miraidon|Volt Switch|p2a: Terapagos\n|-activate|p2a: Terapagos|ability: Tera Shell\n|-resisted|p2a: Terapagos\n|-damage|p2a: Terapagos|68/100\n|-damage|p1a: Miraidon|91/100|[from] item: Life Orb\n|\n|t:|1771243837\n|switch|p1a: Dialga|Dialga-Origin, L50|100/100|[from] Volt Switch\n|move|p2a: Terapagos|Calm Mind|p2a: Terapagos\n|-boost|p2a: Terapagos|spa|1\n|-boost|p2a: Terapagos|spd|1\n|\n|upkeep\n|turn|2\n|\n|t:|1771243855\n|move|p2b: Iron Treads|High Horsepower|p1a: Dialga\n|-supereffective|p1a: Dialga\n|-damage|p1a: Dialga|5/100\n|-damage|p2b: Iron Treads|82/100|[from] item: Life Orb\n|move|p1a: Dialga|Earth Power|p2b: Iron Treads\n|-supereffective|p2b: Iron Treads\n|-damage|p2b: Iron Treads|0 fnt\n|faint|p2b: Iron Treads\n|-end|p2b: Iron Treads|Quark Drive|[silent]\n|move|p2a: Terapagos|Calm Mind|p2a: Terapagos\n|-boost|p2a: Terapagos|spa|1\n|-boost|p2a: Terapagos|spd|1\n|move|p1b: Farigiraf|Baton Pass|p1b: Farigiraf\n|\n|t:|1771243875\n|switch|p1b: Iron Hands|Iron Hands, L50|100/100|[from] Baton Pass\n|-activate|p1b: Iron Hands|ability: Quark Drive\n|-start|p1b: Iron Hands|quarkdriveatk\n|\n|upkeep\n|\n|t:|1771243878\n|switch|p2b: Incineroar|Incineroar, L50, F|100/100\n|-ability|p2b: Incineroar|Intimidate|boost\n|-unboost|p1a: Dialga|atk|1\n|-unboost|p1b: Iron Hands|atk|1\n|turn|3\n|\n|t:|1771243900\n|switch|p2b: Sinistcha|Sinistcha, L50|100/100\n|-heal|p2a: Terapagos|93/100|[from] ability: Hospitality|[of] p2b: Sinistcha\n|-end|p1b: Iron Hands|Quark Drive|[silent]\n|switch|p1b: Farigiraf|Farigiraf, L50, F|66/100\n|-terastallize|p2a: Terapagos|Stellar\n|detailschange|p2a: Terapagos|Terapagos-Stellar, L50, M, tera:Stellar\n|-heal|p2a: Terapagos|95/100|[silent]\n|-ability|p2a: Terapagos|Teraform Zero\n|-fieldend|move: Electric Terrain\n|move|p1a: Dialga|Earth Power|p2b: Sinistcha\n|-resisted|p2b: Sinistcha\n|-damage|p2b: Sinistcha|81/100\n|move|p2a: Terapagos|Tera Starstorm|p1b: Farigiraf|[spread] p1a,p1b\n|-damage|p1a: Dialga|0 fnt\n|-damage|p1b: Farigiraf|8/100\n|faint|p1a: Dialga\n|\n|upkeep\n|\n|t:|1771243907\n|switch|p1a: Miraidon|Miraidon, L50|91/100\n|-fieldstart|move: Electric Terrain|[from] ability: Hadron Engine|[of] p1a: Miraidon\n|turn|4\n|\n|t:|1771243931\n|switch|p2b: Incineroar|Incineroar, L50, F|100/100\n|-ability|p2b: Incineroar|Intimidate|boost\n|-unboost|p1a: Miraidon|atk|1\n|-unboost|p1b: Farigiraf|atk|1\n|switch|p1b: Iron Hands|Iron Hands, L50|100/100\n|-activate|p1b: Iron Hands|ability: Quark Drive\n|-start|p1b: Iron Hands|quarkdriveatk\n|move|p1a: Miraidon|Discharge|p2b: Incineroar|[spread] p1b,p2a,p2b\n|-resisted|p1b: Iron Hands\n|-damage|p1b: Iron Hands|78/100\n|-damage|p2a: Terapagos|73/100\n|-damage|p2b: Incineroar|34/100\n|-damage|p1a: Miraidon|81/100|[from] item: Life Orb\n|move|p2a: Terapagos|Tera Starstorm|p1b: Iron Hands|[spread] p1a,p1b\n|-damage|p1a: Miraidon|16/100\n|-damage|p1b: Iron Hands|30/100\n|\n|upkeep\n|turn|5\n|\n|t:|1771243950\n|-end|p1b: Iron Hands|Quark Drive|[silent]\n|switch|p1b: Farigiraf|Farigiraf, L50, F|8/100\n|-terastallize|p1a: Miraidon|Electric\n|move|p2b: Incineroar|Fake Out||[still]\n|cant|p1b: Farigiraf|ability: Armor Tail|Fake Out|[of] p2b: Incineroar\n|move|p1a: Miraidon|Discharge|p2b: Incineroar|[spread] p1b,p2a,p2b\n|-damage|p1b: Farigiraf|0 fnt\n|-damage|p2a: Terapagos|45/100\n|-damage|p2b: Incineroar|0 fnt\n|-status|p2a: Terapagos|par\n|faint|p1b: Farigiraf\n|faint|p2b: Incineroar\n|-damage|p1a: Miraidon|7/100|[from] item: Life Orb\n|move|p2a: Terapagos|Tera Starstorm|p1a: Miraidon\n|-supereffective|p1a: Miraidon\n|-damage|p1a: Miraidon|0 fnt\n|faint|p1a: Miraidon\n|\n|upkeep\n|\n|t:|1771243965\n|switch|p1b: Iron Hands|Iron Hands, L50|30/100\n|switch|p2b: Sinistcha|Sinistcha, L50|81/100\n|-heal|p2a: Terapagos|70/100 par|[from] ability: Hospitality|[of] p2b: Sinistcha\n|-activate|p1b: Iron Hands|ability: Quark Drive\n|-start|p1b: Iron Hands|quarkdriveatk\n|turn|6\n|\n|t:|1771243974\n|move|p2b: Sinistcha|Strength Sap|p1b: Iron Hands\n|-unboost|p1b: Iron Hands|atk|1\n|-heal|p2b: Sinistcha|100/100\n|cant|p2a: Terapagos|par\n|move|p1b: Iron Hands|Wild Charge|p2a: Terapagos\n|-damage|p2a: Terapagos|47/100 par\n|-damage|p1b: Iron Hands|25/100|[from] Recoil\n|\n|upkeep\n|turn|7\n|-message|Tepig_nNz_498 forfeited.\n|\n|win|fogdocker\n|raw|Tepig_nNz_498's rating: 1336 &rarr; <strong>1316</strong><br />(-20 for losing)\n|raw|fogdocker's rating: 1335 &rarr; <strong>1355</strong><br />(+20 for winning)\n|l|\u2606Tepig_nNz_498\n|player|p1|\n|l|\u2606fogdocker\n|player|p2|\n","uploadtime":1771244121,"views":33,"formatid":"gen9vgc2026regi","rating":1316,"private":0,"password":null}