{"id":"gen9vgc2026regi-2540247140","format":"[Gen 9] VGC 2026 Reg I","players":["klmnporcs","marcxhenry"],"log":"|j|\u2606klmnporcs\n|j|\u2606marcxhenry\n|t:|1771180352\n|gametype|doubles\n|player|p1|klmnporcs|veteran|1372\n|player|p2|marcxhenry|hilbert-wonderlauncher|1505\n|gen|9\n|tier|[Gen 9] VGC 2026 Reg I\n|rated|\n|rule|Species Clause: Limit one of each Pok\u00e9mon\n|rule|Item Clause: Limit 1 of each item\n|clearpoke\n|poke|p1|Koraidon, L50|\n|poke|p1|Calyrex-Shadow, L50|\n|poke|p1|Incineroar, L50, M|\n|poke|p1|Landorus, L50, M|\n|poke|p1|Raging Bolt, L50|\n|poke|p1|Brute Bonnet, L50|\n|poke|p2|Calyrex-Shadow, L50|\n|poke|p2|Urshifu-*, L50, M|\n|poke|p2|Roaring Moon, L50|\n|poke|p2|Kyogre, L50|\n|poke|p2|Tsareena, L50, F|\n|poke|p2|Kingambit, L50, M|\n|teampreview|4\n|inactive|Battle timer is ON: inactive players will automatically lose when time's up. (requested by klmnporcs)\n|\n|t:|1771180373\n|teamsize|p1|4\n|teamsize|p2|4\n|start\n|switch|p1a: Raging Bolt|Raging Bolt, L50|100/100\n|switch|p1b: Calyrex|Calyrex-Shadow, L50|100/100\n|switch|p2a: Ludwig|Calyrex-Shadow, L50|100/100\n|switch|p2b: Roter Baron|Roaring Moon, L50, shiny|100/100\n|-ability|p2a: Ludwig|As One\n|-ability|p2a: Ludwig|Unnerve\n|-ability|p1b: Calyrex|As One\n|-ability|p1b: Calyrex|Unnerve\n|-enditem|p2b: Roter Baron|Booster Energy\n|-activate|p2b: Roter Baron|ability: Protosynthesis|[fromitem]\n|-start|p2b: Roter Baron|protosynthesisspe\n|turn|1\n|\n|t:|1771180393\n|-terastallize|p2a: Ludwig|Normal\n|move|p1b: Calyrex|Protect|p1b: Calyrex\n|-singleturn|p1b: Calyrex|Protect\n|move|p2b: Roter Baron|Knock Off|p1a: Raging Bolt\n|-damage|p1a: Raging Bolt|63/100\n|-enditem|p1a: Raging Bolt|Assault Vest|[from] move: Knock Off|[of] p2b: Roter Baron\n|move|p2a: Ludwig|Psychic|p1a: Raging Bolt\n|-damage|p1a: Raging Bolt|8/100\n|move|p1a: Raging Bolt|Dragon Pulse|p2b: Roter Baron\n|-supereffective|p2b: Roter Baron\n|-damage|p2b: Roter Baron|14/100\n|\n|upkeep\n|turn|2\n|\n|t:|1771180412\n|move|p2a: Ludwig|Protect|p2a: Ludwig\n|-singleturn|p2a: Ludwig|Protect\n|move|p1a: Raging Bolt|Thunderclap||[still]\n|-fail|p1a: Raging Bolt\n|move|p2b: Roter Baron|Tailwind|p2b: Roter Baron\n|-sidestart|p2: marcxhenry|move: Tailwind\n|move|p1b: Calyrex|Encore|p2a: Ludwig\n|-activate|p2a: Ludwig|move: Protect\n|\n|upkeep\n|turn|3\n|\n|t:|1771180426\n|switch|p2a: Hitmonshe|Tsareena, L50, F, shiny|100/100\n|move|p1b: Calyrex|Protect|p1b: Calyrex\n|-singleturn|p1b: Calyrex|Protect\n|move|p1a: Raging Bolt|Thunderclap||[still]\n|cant|p2a: Hitmonshe|ability: Queenly Majesty|Thunderclap|[of] p1a: Raging Bolt\n|move|p2b: Roter Baron|Knock Off|p1b: Calyrex\n|-activate|p1b: Calyrex|move: Protect\n|\n|upkeep\n|turn|4\n|\n|t:|1771180441\n|switch|p1b: Brute Bonnet|Brute Bonnet, L50, shiny|100/100\n|move|p2b: Roter Baron|Acrobatics|p1a: Raging Bolt\n|-resisted|p1a: Raging Bolt\n|-damage|p1a: Raging Bolt|0 fnt\n|faint|p1a: Raging Bolt\n|-end|p1a: Raging Bolt|Protosynthesis|[silent]\n|move|p2a: Hitmonshe|Triple Axel|p1b: Brute Bonnet\n|-supereffective|p1b: Brute Bonnet\n|-damage|p1b: Brute Bonnet|91/100\n|-supereffective|p1b: Brute Bonnet\n|-damage|p1b: Brute Bonnet|71/100\n|-supereffective|p1b: Brute Bonnet\n|-damage|p1b: Brute Bonnet|44/100\n|-hitcount|p1b: Brute Bonnet|3\n|\n|upkeep\n|\n|t:|1771180449\n|switch|p1a: Koraidon|Koraidon, L50, shiny|100/100\n|-weather|SunnyDay|[from] ability: Orichalcum Pulse|[of] p1a: Koraidon\n|-activate|p1b: Brute Bonnet|ability: Protosynthesis\n|-start|p1b: Brute Bonnet|protosynthesisdef\n|-activate|p1a: Koraidon|Orichalcum Pulse|[source]\n|turn|5\n|j| riyuezi\n|inactive|klmnporcs has 30 seconds left.\n|\n|t:|1771180475\n|move|p2b: Roter Baron|Protect|p2b: Roter Baron\n|-singleturn|p2b: Roter Baron|Protect\n|move|p2a: Hitmonshe|Protect|p2a: Hitmonshe\n|-singleturn|p2a: Hitmonshe|Protect\n|move|p1b: Brute Bonnet|Rage Powder|p1b: Brute Bonnet\n|-singleturn|p1b: Brute Bonnet|move: Rage Powder\n|move|p1a: Koraidon|Flame Charge|p2b: Roter Baron\n|-activate|p2b: Roter Baron|move: Protect\n|\n|-weather|SunnyDay|[upkeep]\n|-sideend|p2: marcxhenry|move: Tailwind\n|upkeep\n|turn|6\n|\n|t:|1771180490\n|move|p2b: Roter Baron|Tailwind|p2b: Roter Baron\n|-sidestart|p2: marcxhenry|move: Tailwind\n|move|p2a: Hitmonshe|Triple Axel|p1b: Brute Bonnet\n|-supereffective|p1b: Brute Bonnet\n|-damage|p1b: Brute Bonnet|37/100\n|-supereffective|p1b: Brute Bonnet\n|-damage|p1b: Brute Bonnet|22/100\n|-supereffective|p1b: Brute Bonnet\n|-damage|p1b: Brute Bonnet|0 fnt\n|faint|p1b: Brute Bonnet\n|-end|p1b: Brute Bonnet|Protosynthesis|[silent]\n|-hitcount|p1: Brute Bonnet|3\n|move|p1a: Koraidon|Flame Charge|p2a: Hitmonshe\n|-supereffective|p2a: Hitmonshe\n|-damage|p2a: Hitmonshe|25/100\n|-boost|p1a: Koraidon|spe|1\n|\n|-weather|SunnyDay|[upkeep]\n|upkeep\n|\n|t:|1771180498\n|switch|p1b: Calyrex|Calyrex-Shadow, L50|100/100\n|-ability|p1b: Calyrex|As One\n|-ability|p1b: Calyrex|Unnerve\n|turn|7\n|\n|t:|1771180514\n|move|p1a: Koraidon|Protect|p1a: Koraidon\n|-singleturn|p1a: Koraidon|Protect\n|move|p1b: Calyrex|Protect|p1b: Calyrex\n|-singleturn|p1b: Calyrex|Protect\n|move|p2b: Roter Baron|Acrobatics|p1a: Koraidon\n|-activate|p1a: Koraidon|move: Protect\n|move|p2a: Hitmonshe|Triple Axel|p1a: Koraidon\n|-activate|p1a: Koraidon|move: Protect\n|\n|-weather|SunnyDay|[upkeep]\n|upkeep\n|turn|8\n|l| riyuezi\n|\n|t:|1771180533\n|-terastallize|p1b: Calyrex|Ghost\n|move|p2b: Roter Baron|Acrobatics|p1b: Calyrex\n|-damage|p1b: Calyrex|53/100\n|move|p1a: Koraidon|Flame Charge|p2b: Roter Baron\n|-resisted|p2b: Roter Baron\n|-damage|p2b: Roter Baron|0 fnt\n|-boost|p1a: Koraidon|spe|1\n|faint|p2b: Roter Baron\n|-end|p2b: Roter Baron|Protosynthesis|[silent]\n|move|p2a: Hitmonshe|Power Whip|p1b: Calyrex\n|-damage|p1b: Calyrex|0 fnt\n|faint|p1b: Calyrex\n|\n|-weather|SunnyDay|[upkeep]\n|upkeep\n|\n|t:|1771180546\n|switch|p2b: Ludwig|Calyrex-Shadow, L50, tera:Normal|100/100\n|-ability|p2b: Ludwig|As One\n|-ability|p2b: Ludwig|Unnerve\n|turn|9\n|\n|t:|1771180562\n|switch|p2a: Tripitz|Kyogre, L50, shiny|100/100\n|-weather|RainDance|[from] ability: Drizzle|[of] p2a: Tripitz\n|move|p1a: Koraidon|Protect|p1a: Koraidon\n|-singleturn|p1a: Koraidon|Protect\n|move|p2b: Ludwig|Trick Room|p2b: Ludwig\n|-fieldstart|move: Trick Room|[of] p2b: Ludwig\n|\n|-weather|RainDance|[upkeep]\n|-sideend|p2: marcxhenry|move: Tailwind\n|upkeep\n|turn|10\n|\n|t:|1771180571\n|move|p2a: Tripitz|Water Spout|p1a: Koraidon\n|-resisted|p1a: Koraidon\n|-damage|p1a: Koraidon|24/100\n|move|p2b: Ludwig|Psychic|p1a: Koraidon\n|-supereffective|p1a: Koraidon\n|-damage|p1a: Koraidon|0 fnt\n|faint|p1a: Koraidon\n|\n|win|marcxhenry\n|raw|klmnporcs's rating: 1372 &rarr; <strong>1359</strong><br />(-13 for losing)\n|raw|marcxhenry's rating: 1505 &rarr; <strong>1518</strong><br />(+13 for winning)\n|l|\u2606klmnporcs\n|player|p1|\n|l|\u2606marcxhenry\n|player|p2|\n","uploadtime":1771180814,"views":32,"formatid":"gen9vgc2026regi","rating":1359,"private":0,"password":null}