{"id":"gen9vgc2026regi-2557051004","format":"[Gen 9] VGC 2026 Reg I","players":["GucciSoup","i\u2764\u5a1c\u7984forever"],"log":"|j|\u2606GucciSoup\n|j|\u2606i\u2764\u5a1c\u7984forever\n|t:|1773274117\n|gametype|doubles\n|player|p1|GucciSoup|wallace|1365\n|player|p2|i\u2764\u5a1c\u7984forever|youngcouple-gen4dp|1394\n|gen|9\n|tier|[Gen 9] VGC 2026 Reg I\n|rated|\n|rule|Species Clause: Limit one of each Pok\u00e9mon\n|rule|Item Clause: Limit 1 of each item\n|clearpoke\n|poke|p1|Grimmsnarl, L50, M|\n|poke|p1|Okidogi, L50, M|\n|poke|p1|Incineroar, L50, M|\n|poke|p1|Iron Valiant, L50|\n|poke|p1|Calyrex-Ice, L50|\n|poke|p1|Miraidon, L50|\n|poke|p2|Groudon, L50|\n|poke|p2|Kyurem-White, L50|\n|poke|p2|Heatran, L50, M|\n|poke|p2|Whimsicott, L50, F|\n|poke|p2|Roaring Moon, L50|\n|poke|p2|Ditto, L50|\n|teampreview|4\n|\n|t:|1773274153\n|teamsize|p1|4\n|teamsize|p2|4\n|start\n|switch|p1a: Iron Valiant|Iron Valiant, L50|100/100\n|switch|p1b: Calyrex|Calyrex-Ice, L50|100/100\n|switch|p2a: Kyurem|Kyurem-White, L50|100/100\n|switch|p2b: Heatran|Heatran, L50, M|100/100\n|-ability|p1b: Calyrex|As One\n|-ability|p1b: Calyrex|Unnerve\n|-ability|p2a: Kyurem|Turboblaze\n|-enditem|p1a: Iron Valiant|Booster Energy\n|-activate|p1a: Iron Valiant|ability: Quark Drive|[fromitem]\n|-start|p1a: Iron Valiant|quarkdrivespe\n|turn|1\n|\n|t:|1773274178\n|-terastallize|p1b: Calyrex|Fire\n|move|p1a: Iron Valiant|Coaching|p1b: Calyrex\n|-boost|p1b: Calyrex|atk|1\n|-boost|p1b: Calyrex|def|1\n|move|p2a: Kyurem|Blizzard|p1b: Calyrex|[spread] p1b\n|-miss|p2a: Kyurem|p1a: Iron Valiant\n|-enditem|p2a: Kyurem|Blunder Policy\n|-boost|p2a: Kyurem|spe|2\n|-resisted|p1b: Calyrex\n|-damage|p1b: Calyrex|83/100\n|move|p2b: Heatran|Substitute|p2b: Heatran\n|-start|p2b: Heatran|Substitute\n|-damage|p2b: Heatran|76/100\n|move|p1b: Calyrex|Leech Seed|p2a: Kyurem|[miss]\n|-miss|p1b: Calyrex|p2a: Kyurem\n|\n|-heal|p2b: Heatran|82/100|[from] item: Leftovers\n|upkeep\n|turn|2\n|\n|t:|1773274206\n|move|p1a: Iron Valiant|Moonblast|p2a: Kyurem\n|-supereffective|p2a: Kyurem\n|-damage|p2a: Kyurem|32/100\n|-unboost|p2a: Kyurem|spa|1\n|move|p2a: Kyurem|Shadow Ball|p1b: Calyrex\n|-damage|p1b: Calyrex|69/100\n|move|p2b: Heatran|Earth Power|p1b: Calyrex\n|-supereffective|p1b: Calyrex\n|-damage|p1b: Calyrex|31/100\n|move|p1b: Calyrex|Glacial Lance|p2a: Kyurem|[spread] p2a,p2b\n|-resisted|p2b: Heatran\n|-activate|p2b: Heatran|move: Substitute|[damage]\n|-damage|p2a: Kyurem|0 fnt\n|faint|p2a: Kyurem\n|-ability|p1b: Calyrex|Chilling Neigh|boost\n|-boost|p1b: Calyrex|atk|1\n|\n|-heal|p2b: Heatran|88/100|[from] item: Leftovers\n|upkeep\n|\n|t:|1773274220\n|switch|p2a: Ditto|Ditto, L50|100/100\n|-transform|p2a: Ditto|p1b: Calyrex|[from] ability: Imposter\n|-ability|p2a: Ditto|As One\n|-ability|p2a: Ditto|Unnerve\n|-start|p2a: Ditto|typechange|Psychic/Ice|[silent]\n|turn|3\n|\n|t:|1773274238\n|move|p1a: Iron Valiant|Throat Chop|p2a: Ditto\n|-supereffective|p2a: Ditto\n|-damage|p2a: Ditto|76/100\n|-start|p2a: Ditto|Throat Chop|[silent]\n|move|p2b: Heatran|Earth Power|p1b: Calyrex\n|-supereffective|p1b: Calyrex\n|-damage|p1b: Calyrex|0 fnt\n|faint|p1b: Calyrex\n|move|p2a: Ditto|Glacial Lance|p1a: Iron Valiant\n|-damage|p1a: Iron Valiant|0 fnt\n|faint|p1a: Iron Valiant\n|-end|p1a: Iron Valiant|Quark Drive|[silent]\n|-ability|p2a: Ditto|Chilling Neigh|boost\n|-boost|p2a: Ditto|atk|1\n|\n|-heal|p2b: Heatran|94/100|[from] item: Leftovers\n|upkeep\n|\n|t:|1773274248\n|switch|p1a: Miraidon|Miraidon, L50|100/100\n|switch|p1b: Incineroar|Incineroar, L50, M|100/100\n|-fieldstart|move: Electric Terrain|[from] ability: Hadron Engine|[of] p1a: Miraidon\n|-enditem|p1a: Miraidon|Electric Seed\n|-boost|p1a: Miraidon|def|1|[from] item: Electric Seed\n|-ability|p1b: Incineroar|Intimidate|boost\n|-unboost|p2a: Ditto|atk|1\n|-immune|p2b: Heatran\n|turn|4\n|\n|t:|1773274266\n|move|p2b: Heatran|Protect|p2b: Heatran\n|-singleturn|p2b: Heatran|Protect\n|move|p2a: Ditto|Protect|p2a: Ditto\n|-singleturn|p2a: Ditto|Protect\n|move|p1b: Incineroar|Fake Out|p2a: Ditto\n|-activate|p2a: Ditto|move: Protect\n|move|p1a: Miraidon|Calm Mind|p1a: Miraidon\n|-boost|p1a: Miraidon|spa|1\n|-boost|p1a: Miraidon|spd|1\n|\n|-heal|p2b: Heatran|99/100|[from] item: Leftovers\n|-end|p2a: Ditto|Throat Chop|[silent]\n|upkeep\n|turn|5\n|\n|t:|1773274281\n|move|p1a: Miraidon|Dragon Pulse|p2a: Ditto\n|-damage|p2a: Ditto|12/100\n|move|p2b: Heatran|Earth Power|p1b: Incineroar\n|-supereffective|p1b: Incineroar\n|-damage|p1b: Incineroar|53/100\n|move|p2a: Ditto|Glacial Lance|p1a: Miraidon|[spread] p1a,p1b\n|-supereffective|p1a: Miraidon\n|-resisted|p1b: Incineroar\n|-damage|p1a: Miraidon|0 fnt\n|-damage|p1b: Incineroar|14/100\n|faint|p1a: Miraidon\n|-ability|p2a: Ditto|Chilling Neigh|boost\n|-boost|p2a: Ditto|atk|1\n|move|p1b: Incineroar|Parting Shot|p2b: Heatran\n|-unboost|p2b: Heatran|atk|1\n|-unboost|p2b: Heatran|spa|1\n|\n|-heal|p2b: Heatran|100/100|[from] item: Leftovers\n|upkeep\n|turn|6\n|-message|GucciSoup forfeited.\n|\n|win|i\u2764\u5a1c\u7984forever\n|raw|GucciSoup's rating: 1365 &rarr; <strong>1347</strong><br />(-18 for losing)\n|raw|i\u2764\u5a1c\u7984forever's rating: 1394 &rarr; <strong>1412</strong><br />(+18 for winning)\n|l|\u2606GucciSoup\n|player|p1|\n|l|\u2606i\u2764\u5a1c\u7984forever\n|player|p2|\n","uploadtime":1773274435,"views":11,"formatid":"gen9vgc2026regi","rating":1347,"private":0,"password":null}