{"id":"gen9vgc2026regi-2576870329","format":"[Gen 9] VGC 2026 Reg I","players":["pengu","Bman311"],"log":"|j|\u2606pengu\n|j|\u2606Bman311\n|t:|1775512781\n|gametype|doubles\n|player|p1|pengu|rosa-masters|\n|player|p2|Bman311|101|\n|gen|9\n|tier|[Gen 9] VGC 2026 Reg I\n|rated|Tournament battle\n|rule|Species Clause: Limit one of each Pok\u00e9mon\n|rule|Item Clause: Limit 1 of each item\n|raw|<div class=\"infobox\"><details class=\"readmore\" open><summary><strong>3 custom rules:</strong></summary> Open Team Sheets, Force Open Team Sheets, !Open Team Sheets</details></div>\n|clearpoke\n|poke|p1|Terapagos, L50, M|\n|poke|p1|Calyrex-Shadow, L50|\n|poke|p1|Rillaboom, L50, M|\n|poke|p1|Incineroar, L50, M|\n|poke|p1|Flutter Mane, L50|\n|poke|p1|Smeargle, L50, M|\n|poke|p2|Koraidon, L50|\n|poke|p2|Calyrex-Ice, L50|\n|poke|p2|Incineroar, L50, M|\n|poke|p2|Brute Bonnet, L50|\n|poke|p2|Flutter Mane, L50|\n|poke|p2|Raging Bolt, L50|\n|teampreview|4\n|showteam|p1|Terapagos||Leftovers|TeraShift|TeraStarstorm,EarthPower,CalmMind,Protect|||M|||50|,,,,,Stellar]Calyrex-Shadow||LifeOrb|AsOneSpectrier|AstralBarrage,Psychic,NastyPlot,Protect||||||50|,,,,,Dark]Rillaboom||AssaultVest|GrassySurge|FakeOut,WoodHammer,GrassyGlide,Uturn|||M|||50|,,,,,Water]Incineroar||RockyHelmet|Intimidate|FakeOut,WillOWisp,KnockOff,PartingShot|||M|||50|,,,,,Grass]Flutter Mane||BoosterEnergy|Protosynthesis|Moonblast,IcyWind,Taunt,ThunderWave||||||50|,,,,,Fairy]Smeargle||FocusSash|Moody|Spore,FakeOut,FollowMe,WideGuard|||M|||50|,,,,,Ghost\n|showteam|p2|Koraidon||LifeOrb|OrichalcumPulse|FlareBlitz,CloseCombat,FlameCharge,Protect||||||50|,,,,,Fire]Calyrex-Ice||ClearAmulet|AsOneGlastrier|GlacialLance,HighHorsepower,TrickRoom,Protect||||||50|,,,,,Water]Incineroar||AssaultVest|Intimidate|FakeOut,KnockOff,FlareBlitz,Uturn|||M|||50|,,,,,Grass]Brute Bonnet||CovertCloak|Protosynthesis|Spore,RagePowder,SeedBomb,SuckerPunch||||||50|,,,,,Water]Flutter Mane||FocusSash|Protosynthesis|Moonblast,ShadowBall,IcyWind,Taunt||||||50|,,,,,Stellar]Raging Bolt||SafetyGoggles|Protosynthesis|Thunderbolt,DracoMeteor,Thunderclap,Protect||||||50|,,,,,Electric\n|inactive|Battle timer is ON: inactive players will automatically lose when time's up. (requested by pengu)\n|inactive|Bman311 also wants the timer to be on.\n|j| kingimmortality\n|c|\u2606pengu|hf\n|c|\u2606Bman311|glhf\n|j| eriksp\n|j| Red Fang X\n|inactive|pengu has 60 seconds left.\n|inactive|Bman311 has 60 seconds left.\n|j| 17 character name\n|j| LaLastPlace\n|\n|t:|1775512839\n|teamsize|p1|4\n|teamsize|p2|4\n|start\n|switch|p1a: Flutter Mane|Flutter Mane, L50|100/100\n|switch|p1b: Calyrex|Calyrex-Shadow, L50|100/100\n|switch|p2a: Flutter Mane|Flutter Mane, L50|100/100\n|switch|p2b: Koraidon|Koraidon, L50|100/100\n|-ability|p1b: Calyrex|As One\n|-ability|p1b: Calyrex|Unnerve\n|-weather|SunnyDay|[from] ability: Orichalcum Pulse|[of] p2b: Koraidon\n|-activate|p2a: Flutter Mane|ability: Protosynthesis\n|-start|p2a: Flutter Mane|protosynthesisspe\n|-activate|p1a: Flutter Mane|ability: Protosynthesis\n|-start|p1a: Flutter Mane|protosynthesisspe\n|-activate|p2b: Koraidon|Orichalcum Pulse|[source]\n|turn|1\n|l| eriksp\n|l| LaLastPlace\n|\n|t:|1775512861\n|-terastallize|p2b: Koraidon|Fire\n|move|p1b: Calyrex|Protect|p1b: Calyrex\n|-singleturn|p1b: Calyrex|Protect\n|move|p2a: Flutter Mane|Icy Wind|p1a: Flutter Mane|[spread] p1a\n|-activate|p1b: Calyrex|move: Protect\n|-damage|p1a: Flutter Mane|88/100\n|-unboost|p1a: Flutter Mane|spe|1\n|move|p2b: Koraidon|Flame Charge|p1a: Flutter Mane\n|-damage|p1a: Flutter Mane|0 fnt\n|-boost|p2b: Koraidon|spe|1\n|faint|p1a: Flutter Mane\n|-end|p1a: Flutter Mane|Protosynthesis|[silent]\n|-damage|p2b: Koraidon|91/100|[from] item: Life Orb\n|\n|-weather|SunnyDay|[upkeep]\n|upkeep\n|\n|t:|1775512864\n|switch|p1a: Incineroar|Incineroar, L50, M|100/100\n|-ability|p1a: Incineroar|Intimidate|boost\n|-unboost|p2a: Flutter Mane|atk|1\n|-unboost|p2b: Koraidon|atk|1\n|turn|2\n|j| mysticmarshtomp\n|\n|t:|1775512887\n|move|p2b: Koraidon|Protect|p2b: Koraidon\n|-singleturn|p2b: Koraidon|Protect\n|move|p2a: Flutter Mane|Moonblast|p1b: Calyrex\n|-damage|p1b: Calyrex|50/100\n|-unboost|p1b: Calyrex|spa|1\n|move|p1b: Calyrex|Astral Barrage|p2b: Koraidon|[spread] p2a\n|-activate|p2b: Koraidon|move: Protect\n|-supereffective|p2a: Flutter Mane\n|-crit|p2a: Flutter Mane\n|-enditem|p2a: Flutter Mane|Focus Sash\n|-damage|p2a: Flutter Mane|1/100\n|-damage|p1b: Calyrex|40/100|[from] item: Life Orb\n|move|p1a: Incineroar|Knock Off|p2a: Flutter Mane\n|-damage|p2a: Flutter Mane|0 fnt\n|faint|p2a: Flutter Mane\n|-end|p2a: Flutter Mane|Protosynthesis|[silent]\n|\n|-weather|SunnyDay|[upkeep]\n|upkeep\n|\n|t:|1775512894\n|switch|p2a: Brute Bonnet|Brute Bonnet, L50|100/100\n|-activate|p2a: Brute Bonnet|ability: Protosynthesis\n|-start|p2a: Brute Bonnet|protosynthesisdef\n|turn|3\n|inactive|pengu has 30 seconds left.\n|\n|t:|1775512922\n|move|p1b: Calyrex|Protect|p1b: Calyrex\n|-singleturn|p1b: Calyrex|Protect\n|move|p2b: Koraidon|Flame Charge|p1b: Calyrex\n|-activate|p1b: Calyrex|move: Protect\n|move|p1a: Incineroar|Parting Shot|p2b: Koraidon\n|-unboost|p2b: Koraidon|atk|1\n|-unboost|p2b: Koraidon|spa|1\n|\n|t:|1775512925\n|switch|p1a: Terapagos|Terapagos, L50, M|100/100|[from] Parting Shot\n|-activate|p1a: Terapagos|ability: Tera Shift\n|detailschange|p1a: Terapagos|Terapagos-Terastal, L50, M\n|-heal|p1a: Terapagos|100/100|[silent]\n|move|p2a: Brute Bonnet|Spore|p1a: Terapagos\n|-status|p1a: Terapagos|slp|[from] move: Spore\n|\n|-weather|SunnyDay|[upkeep]\n|upkeep\n|turn|4\n|j| Darlgardevoir\n|\n|t:|1775512934\n|switch|p1b: Incineroar|Incineroar, L50, M|100/100\n|-ability|p1b: Incineroar|Intimidate|boost\n|-unboost|p2a: Brute Bonnet|atk|1\n|-unboost|p2b: Koraidon|atk|1\n|move|p2b: Koraidon|Flare Blitz|p1b: Incineroar\n|-resisted|p1b: Incineroar\n|-damage|p1b: Incineroar|74/100\n|-damage|p2b: Koraidon|74/100|[from] item: Rocky Helmet|[of] p1b: Incineroar\n|-damage|p2b: Koraidon|65/100|[from] Recoil\n|-damage|p2b: Koraidon|55/100|[from] item: Life Orb\n|cant|p1a: Terapagos|slp\n|move|p2a: Brute Bonnet|Seed Bomb|p1a: Terapagos\n|-activate|p1a: Terapagos|ability: Tera Shell\n|-resisted|p1a: Terapagos\n|-damage|p1a: Terapagos|93/100 slp\n|\n|-weather|SunnyDay|[upkeep]\n|-heal|p1a: Terapagos|98/100 slp|[from] item: Leftovers\n|upkeep\n|turn|5\n|\n|t:|1775512958\n|switch|p2b: Calyrex|Calyrex-Ice, L50|100/100\n|-ability|p2b: Calyrex|As One\n|-ability|p2b: Calyrex|Unnerve\n|cant|p1a: Terapagos|slp\n|move|p1b: Incineroar|Knock Off|p2b: Calyrex\n|-supereffective|p2b: Calyrex\n|-damage|p2b: Calyrex|53/100\n|-enditem|p2b: Calyrex|Clear Amulet|[from] move: Knock Off|[of] p1b: Incineroar\n|move|p2a: Brute Bonnet|Seed Bomb|p1a: Terapagos\n|-damage|p1a: Terapagos|83/100 slp\n|\n|-weather|none\n|-end|p2a: Brute Bonnet|Protosynthesis\n|-heal|p1a: Terapagos|88/100 slp|[from] item: Leftovers\n|upkeep\n|turn|6\n|l| Darlgardevoir\n|\n|t:|1775512972\n|move|p2b: Calyrex|Protect|p2b: Calyrex\n|-singleturn|p2b: Calyrex|Protect\n|cant|p1a: Terapagos|slp\n|move|p1b: Incineroar|Will-O-Wisp|p2b: Calyrex\n|-activate|p2b: Calyrex|move: Protect\n|move|p2a: Brute Bonnet|Spore|p1b: Incineroar\n|-status|p1b: Incineroar|slp|[from] move: Spore\n|\n|-heal|p1a: Terapagos|94/100 slp|[from] item: Leftovers\n|upkeep\n|turn|7\n|\n|t:|1775512978\n|-curestatus|p1a: Terapagos|slp|[msg]\n|move|p1a: Terapagos|Calm Mind|p1a: Terapagos\n|-boost|p1a: Terapagos|spa|1\n|-boost|p1a: Terapagos|spd|1\n|cant|p1b: Incineroar|slp\n|move|p2a: Brute Bonnet|Spore|p1a: Terapagos\n|-status|p1a: Terapagos|slp|[from] move: Spore\n|move|p2b: Calyrex|Trick Room|p2b: Calyrex\n|-fieldstart|move: Trick Room|[of] p2b: Calyrex\n|\n|-heal|p1a: Terapagos|99/100 slp|[from] item: Leftovers\n|upkeep\n|turn|8\n|l| Red Fang X\n|\n|t:|1775512990\n|cant|p1a: Terapagos|slp\n|move|p2b: Calyrex|Glacial Lance|p1b: Incineroar|[spread] p1a,p1b\n|-crit|p1a: Terapagos\n|-resisted|p1b: Incineroar\n|-damage|p1a: Terapagos|43/100 slp\n|-damage|p1b: Incineroar|55/100 slp\n|move|p2a: Brute Bonnet|Seed Bomb|p1a: Terapagos\n|-crit|p1a: Terapagos\n|-damage|p1a: Terapagos|3/100 slp\n|-curestatus|p1b: Incineroar|slp|[msg]\n|move|p1b: Incineroar|Will-O-Wisp|p2b: Calyrex|[miss]\n|-miss|p1b: Incineroar|p2b: Calyrex\n|\n|-heal|p1a: Terapagos|9/100 slp|[from] item: Leftovers\n|upkeep\n|turn|9\n|\n|t:|1775512997\n|cant|p1a: Terapagos|slp\n|move|p2b: Calyrex|High Horsepower|p1b: Incineroar\n|-supereffective|p1b: Incineroar\n|-damage|p1b: Incineroar|0 fnt\n|-damage|p2b: Calyrex|37/100|[from] item: Rocky Helmet|[of] p1b: Incineroar\n|faint|p1b: Incineroar\n|-ability|p2b: Calyrex|Chilling Neigh|boost\n|-boost|p2b: Calyrex|atk|1\n|move|p2a: Brute Bonnet|Seed Bomb|p1a: Terapagos\n|-damage|p1a: Terapagos|0 fnt\n|faint|p1a: Terapagos\n|\n|upkeep\n|j| VaatiMan92\n|-message|pengu forfeited.\n|\n|win|Bman311\n|n|\u2606pengu|pengu\n|n|\u2606Bman311|bman311\n|n| kingimmortality|kingimmortality\n|n| 17 character name|17charactername\n|n| mysticmarshtomp|mysticmarshtomp\n|n| VaatiMan92|vaatiman92\n|l|\u2606pengu\n|player|p1|\n|l| VaatiMan92\n|c|\u2606Bman311|gg\n","uploadtime":1775513003,"views":24,"formatid":"gen9vgc2026regi","rating":null,"private":0,"password":null}