{"id":"gen9vgc2026regi-2566574708","format":"[Gen 9] VGC 2026 Reg I","players":["terafireflareblitz","greenlightdmp"],"log":"|j|\u2606terafireflareblitz\n|j|\u2606greenlightdmp\n|t:|1774387524\n|gametype|doubles\n|player|p1|terafireflareblitz|sycamore|1559\n|player|p2|greenlightdmp|266|1510\n|gen|9\n|tier|[Gen 9] VGC 2026 Reg I\n|rated|\n|rule|Species Clause: Limit one of each Pok\u00e9mon\n|rule|Item Clause: Limit 1 of each item\n|clearpoke\n|poke|p1|Koraidon, L50|\n|poke|p1|Lunala, L50|\n|poke|p1|Indeedee-F, L50, F|\n|poke|p1|Flutter Mane, L50|\n|poke|p1|Volcarona, L50, M|\n|poke|p1|Ursaluna, L50, M|\n|poke|p2|Tornadus, L50, M|\n|poke|p2|Kyogre, L50|\n|poke|p2|Calyrex-Ice, L50|\n|poke|p2|Rillaboom, L50, F|\n|poke|p2|Urshifu-*, L50, M|\n|poke|p2|Landorus, L50, M|\n|teampreview|4\n|inactive|Battle timer is ON: inactive players will automatically lose when time's up. (requested by terafireflareblitz)\n|l|\u2606greenlightdmp\n|inactive|greenlightdmp disconnected and has a minute to reconnect!\n|player|p2|\n|j|\u2606greenlightdmp\n|inactive|greenlightdmp reconnected and has 80 seconds left.\n|player|p2|greenlightdmp|266|\n|inactive|greenlightdmp has 60 seconds left.\n|\n|t:|1774387556\n|teamsize|p1|4\n|teamsize|p2|4\n|start\n|switch|p1a: Lunala|Lunala, L50, shiny|100/100\n|switch|p1b: Indeedee|Indeedee-F, L50, F|100/100\n|switch|p2a: Tornadus|Tornadus, L50, M|100/100\n|switch|p2b: Urshifu|Urshifu-Rapid-Strike, L50, M|100/100\n|-fieldstart|move: Psychic Terrain|[from] ability: Psychic Surge|[of] p1b: Indeedee\n|turn|1\n|\n|t:|1774387575\n|move|p2a: Tornadus|Bleakwind Storm|p1b: Indeedee|[spread] p1b\n|-miss|p2a: Tornadus|p1a: Lunala\n|-damage|p1b: Indeedee|66/100\n|move|p2b: Urshifu|U-turn|p1b: Indeedee\n|-supereffective|p1b: Indeedee\n|-damage|p1b: Indeedee|0 fnt\n|faint|p1b: Indeedee\n|\n|t:|1774387585\n|switch|p2b: Calyrex|Calyrex-Ice, L50|100/100|[from] U-turn\n|-ability|p2b: Calyrex|As One\n|-ability|p2b: Calyrex|Unnerve\n|move|p1a: Lunala|Meteor Beam||[still]\n|-prepare|p1a: Lunala|Meteor Beam\n|-boost|p1a: Lunala|spa|1\n|-enditem|p1a: Lunala|Power Herb\n|-anim|p1a: Lunala|Meteor Beam|p2a: Tornadus\n|-supereffective|p2a: Tornadus\n|-enditem|p2a: Tornadus|Focus Sash\n|-damage|p2a: Tornadus|1/100\n|\n|upkeep\n|\n|t:|1774387592\n|switch|p1b: Volcarona|Volcarona, L50, M|100/100\n|turn|2\n|\n|t:|1774387610\n|-terastallize|p1b: Volcarona|Water\n|-terastallize|p2b: Calyrex|Fairy\n|move|p2a: Tornadus|Bleakwind Storm|p1b: Volcarona|[spread] p1a,p1b\n|-damage|p1a: Lunala|88/100\n|-damage|p1b: Volcarona|68/100\n|move|p1a: Lunala|Expanding Force|p2a: Tornadus|[spread] p2a,p2b\n|-damage|p2a: Tornadus|0 fnt\n|-damage|p2b: Calyrex|32/100\n|faint|p2a: Tornadus\n|move|p1b: Volcarona|Will-O-Wisp|p2b: Calyrex\n|-status|p2b: Calyrex|brn\n|move|p2b: Calyrex|Glacial Lance|p1b: Volcarona|[spread] p1a,p1b\n|-resisted|p1b: Volcarona\n|-damage|p1a: Lunala|66/100\n|-damage|p1b: Volcarona|56/100\n|\n|-damage|p2b: Calyrex|26/100 brn|[from] brn\n|upkeep\n|\n|t:|1774387621\n|switch|p2a: Urshifu|Urshifu-Rapid-Strike, L50, M|100/100\n|turn|3\n|\n|t:|1774387630\n|move|p1b: Volcarona|Rage Powder|p1b: Volcarona\n|-singleturn|p1b: Volcarona|move: Rage Powder\n|move|p2a: Urshifu|Surging Strikes|p1b: Volcarona\n|-resisted|p1b: Volcarona\n|-crit|p1b: Volcarona\n|-damage|p1b: Volcarona|43/100\n|-damage|p2a: Urshifu|84/100|[from] item: Rocky Helmet|[of] p1b: Volcarona\n|-resisted|p1b: Volcarona\n|-crit|p1b: Volcarona\n|-damage|p1b: Volcarona|29/100\n|-damage|p2a: Urshifu|67/100|[from] item: Rocky Helmet|[of] p1b: Volcarona\n|-resisted|p1b: Volcarona\n|-crit|p1b: Volcarona\n|-damage|p1b: Volcarona|15/100\n|-damage|p2a: Urshifu|51/100|[from] item: Rocky Helmet|[of] p1b: Volcarona\n|-status|p2a: Urshifu|brn|[from] ability: Flame Body|[of] p1b: Volcarona\n|-hitcount|p1b: Volcarona|3\n|move|p1a: Lunala|Expanding Force|p2b: Calyrex|[spread] p2a,p2b\n|-supereffective|p2a: Urshifu\n|-damage|p2a: Urshifu|0 fnt\n|-damage|p2b: Calyrex|0 fnt\n|faint|p2a: Urshifu\n|faint|p2b: Calyrex\n|\n|upkeep\n|\n|t:|1774387647\n|switch|p2b: Kyogre|Kyogre, L50|100/100\n|-weather|RainDance|[from] ability: Drizzle|[of] p2b: Kyogre\n|turn|4\n|\n|t:|1774387651\n|switch|p1b: Koraidon|Koraidon, L50, shiny|100/100\n|-weather|SunnyDay|[from] ability: Orichalcum Pulse|[of] p1b: Koraidon\n|-activate|p1b: Koraidon|Orichalcum Pulse|[source]\n|move|p2b: Kyogre|Water Spout|p1a: Lunala|[spread] p1a,p1b\n|-crit|p1a: Lunala\n|-resisted|p1b: Koraidon\n|-damage|p1a: Lunala|29/100\n|-damage|p1b: Koraidon|82/100\n|move|p1a: Lunala|Expanding Force|p2b: Kyogre\n|-damage|p2b: Kyogre|11/100\n|\n|-weather|SunnyDay|[upkeep]\n|upkeep\n|turn|5\n|-message|greenlightdmp forfeited.\n|\n|win|terafireflareblitz\n|raw|terafireflareblitz's rating: 1559 &rarr; <strong>1576</strong><br />(+17 for winning)\n|raw|greenlightdmp's rating: 1510 &rarr; <strong>1493</strong><br />(-17 for losing)\n","uploadtime":1774387654,"views":13,"formatid":"gen9vgc2026regi","rating":1493,"private":0,"password":null}