{"id":"gen9vgc2026regi-2577956346","format":"[Gen 9] VGC 2026 Reg I","players":["v 15fb","EllenJoe2026"],"log":"|j|\u2606v 15fb\n|j|\u2606EllenJoe2026\n|t:|1775626246\n|gametype|doubles\n|player|p1|v 15fb|clown|1408\n|player|p2|EllenJoe2026|elesa|1554\n|gen|9\n|tier|[Gen 9] VGC 2026 Reg I\n|rated|\n|rule|Species Clause: Limit one of each Pok\u00e9mon\n|rule|Item Clause: Limit 1 of each item\n|clearpoke\n|poke|p1|Miraidon, L50|\n|poke|p1|Lunala, L50|\n|poke|p1|Whimsicott, L50, M|\n|poke|p1|Urshifu-*, L50, M|\n|poke|p1|Incineroar, L50, F|\n|poke|p1|Ursaluna, L50, M|\n|poke|p2|Calyrex-Ice, L50|\n|poke|p2|Miraidon, L50|\n|poke|p2|Tornadus, L50, M|\n|poke|p2|Urshifu-*, L50, F|\n|poke|p2|Volcarona, L50, F|\n|poke|p2|Indeedee-F, L50, F|\n|teampreview|4\n|inactive|Battle timer is ON: inactive players will automatically lose when time's up. (requested by EllenJoe2026)\n|inactive|v 15fb has 60 seconds left.\n|inactive|EllenJoe2026 has 60 seconds left.\n|\n|t:|1775626284\n|teamsize|p1|4\n|teamsize|p2|4\n|start\n|switch|p1a: Incineroar|Incineroar, L50, F|100/100\n|switch|p1b: Lunala|Lunala, L50|100/100\n|switch|p2a: Miraidon|Miraidon, L50, shiny|100/100\n|switch|p2b: Tornadus|Tornadus, L50, M, shiny|100/100\n|-fieldstart|move: Electric Terrain|[from] ability: Hadron Engine|[of] p2a: Miraidon\n|-enditem|p1b: Lunala|Electric Seed\n|-boost|p1b: Lunala|def|1|[from] item: Electric Seed\n|-ability|p1a: Incineroar|Intimidate|boost\n|-unboost|p2a: Miraidon|atk|1\n|-unboost|p2b: Tornadus|atk|1\n|turn|1\n|inactive|v 15fb has 30 seconds left.\n|inactive|v 15fb has 20 seconds left.\n|inactive|v 15fb has 15 seconds left.\n|inactive|v 15fb has 10 seconds left.\n|\n|t:|1775626330\n|-terastallize|p2a: Miraidon|Ghost\n|move|p1a: Incineroar|Fake Out|p2a: Miraidon\n|-immune|p2a: Miraidon\n|move|p2b: Tornadus|Taunt|p1b: Lunala\n|-start|p1b: Lunala|move: Taunt\n|move|p2a: Miraidon|Electro Drift|p1a: Incineroar\n|-damage|p1a: Incineroar|21/100\n|cant|p1b: Lunala|move: Taunt|Trick Room\n|\n|upkeep\n|turn|2\n|inactive|v 15fb has 30 seconds left.\n|inactive|EllenJoe2026 has 30 seconds left.\n|\n|t:|1775626366\n|switch|p2a: Calyrex|Calyrex-Ice, L50|100/100\n|-ability|p2a: Calyrex|As One\n|-ability|p2a: Calyrex|Unnerve\n|switch|p1a: Miraidon|Miraidon, L50|100/100\n|-activate|p1a: Miraidon|ability: Hadron Engine\n|move|p2b: Tornadus|Dark Pulse|p1b: Lunala\n|-supereffective|p1b: Lunala\n|-damage|p1b: Lunala|59/100\n|cant|p1b: Lunala|flinch\n|\n|upkeep\n|turn|3\n|inactive|v 15fb has 30 seconds left.\n|\n|t:|1775626393\n|-terastallize|p1b: Lunala|Fairy\n|move|p1a: Miraidon|Protect|p1a: Miraidon\n|-singleturn|p1a: Miraidon|Protect\n|move|p2b: Tornadus|Tailwind|p2b: Tornadus\n|-sidestart|p2: EllenJoe2026|move: Tailwind\n|move|p2a: Calyrex|Glacial Lance|p1b: Lunala|[spread] p1b\n|-activate|p1a: Miraidon|move: Protect\n|-crit|p1b: Lunala\n|-damage|p1b: Lunala|0 fnt\n|faint|p1b: Lunala\n|-ability|p2a: Calyrex|Chilling Neigh|boost\n|-boost|p2a: Calyrex|atk|1\n|\n|upkeep\n|\n|t:|1775626407\n|switch|p1b: Incineroar|Incineroar, L50, F|21/100\n|-ability|p1b: Incineroar|Intimidate|boost\n|-unboost|p2a: Calyrex|atk|1\n|-unboost|p2b: Tornadus|atk|1\n|turn|4\n|\n|t:|1775626421\n|move|p2a: Calyrex|Protect|p2a: Calyrex\n|-singleturn|p2a: Calyrex|Protect\n|move|p1b: Incineroar|Fake Out|p2a: Calyrex\n|-activate|p2a: Calyrex|move: Protect\n|move|p2b: Tornadus|Dark Pulse|p1a: Miraidon\n|-damage|p1a: Miraidon|75/100\n|move|p1a: Miraidon|Volt Switch|p2b: Tornadus\n|-supereffective|p2b: Tornadus\n|-enditem|p2b: Tornadus|Focus Sash\n|-damage|p2b: Tornadus|1/100\n|-damage|p1a: Miraidon|66/100|[from] item: Life Orb\n|\n|t:|1775626430\n|switch|p1a: Ursaluna|Ursaluna, L50, M|100/100|[from] Volt Switch\n|\n|-status|p1a: Ursaluna|brn|[from] item: Flame Orb\n|upkeep\n|turn|5\n|\n|t:|1775626454\n|move|p2b: Tornadus|Dark Pulse|p1a: Ursaluna\n|-damage|p1a: Ursaluna|75/100 brn\n|move|p2a: Calyrex|Glacial Lance|p1a: Ursaluna|[spread] p1a,p1b\n|-supereffective|p1a: Ursaluna\n|-resisted|p1b: Incineroar\n|-damage|p1a: Ursaluna|0 fnt\n|-damage|p1b: Incineroar|0 fnt\n|faint|p1a: Ursaluna\n|faint|p1b: Incineroar\n|-ability|p2a: Calyrex|Chilling Neigh|boost\n|-boost|p2a: Calyrex|atk|2\n|\n|-fieldend|move: Electric Terrain\n|upkeep\n|\n|t:|1775626460\n|switch|p1b: Miraidon|Miraidon, L50|66/100\n|-fieldstart|move: Electric Terrain|[from] ability: Hadron Engine|[of] p1b: Miraidon\n|turn|6\n|\n|t:|1775626466\n|move|p2b: Tornadus|Taunt|p1b: Miraidon\n|-start|p1b: Miraidon|move: Taunt\n|move|p2a: Calyrex|Glacial Lance|p1b: Miraidon\n|-supereffective|p1b: Miraidon\n|-damage|p1b: Miraidon|0 fnt\n|faint|p1b: Miraidon\n|\n|win|EllenJoe2026\n|raw|v 15fb's rating: 1408 &rarr; <strong>1396</strong><br />(-12 for losing)\n|raw|EllenJoe2026's rating: 1554 &rarr; <strong>1566</strong><br />(+12 for winning)\n|l|\u2606v 15fb\n|player|p1|\n|l|\u2606EllenJoe2026\n|player|p2|\n","uploadtime":1775626630,"views":11,"formatid":"gen9vgc2026regi","rating":1396,"private":0,"password":null}