{"id":"gen9vgc2026regi-2518942350","format":"[Gen 9] VGC 2026 Reg I","players":["plantscience","vincent's life"],"log":"|j|\u2606plantscience\n|j|\u2606vincent's life\n|t:|1768443354\n|gametype|doubles\n|player|p1|plantscience|1|1287\n|player|p2|vincent's life|102|1363\n|gen|9\n|tier|[Gen 9] VGC 2026 Reg I\n|rated|\n|rule|Species Clause: Limit one of each Pok\u00e9mon\n|rule|Item Clause: Limit 1 of each item\n|clearpoke\n|poke|p1|Lunala, L50|\n|poke|p1|Ursaluna, L50, M|\n|poke|p1|Urshifu-*, L50, M|\n|poke|p1|Miraidon, L50|\n|poke|p1|Grimmsnarl, L50, M|\n|poke|p1|Incineroar, L50, F|\n|poke|p2|Zamazenta-*, L50|\n|poke|p2|Lunala, L50|\n|poke|p2|Rillaboom, L50, M|\n|poke|p2|Incineroar, L50, F|\n|poke|p2|Urshifu-*, L50, F|\n|poke|p2|Tornadus, L50, M|\n|teampreview|4\n|inactive|Battle timer is ON: inactive players will automatically lose when time's up. (requested by plantscience)\n|\n|t:|1768443381\n|teamsize|p1|4\n|teamsize|p2|4\n|start\n|switch|p1a: Lunala|Lunala, L50|100/100\n|switch|p1b: Incineroar|Incineroar, L50, F|100/100\n|switch|p2a: Zamazenta|Zamazenta-Crowned, L50|100/100\n|switch|p2b: Lunala|Lunala, L50|100/100\n|-ability|p2a: Zamazenta|Dauntless Shield|boost\n|-boost|p2a: Zamazenta|def|1\n|-ability|p1b: Incineroar|Intimidate|boost\n|-unboost|p2a: Zamazenta|atk|1\n|-unboost|p2b: Lunala|atk|1\n|turn|1\n|inactive|plantscience has 30 seconds left.\n|j| here's where king!\n|\n|t:|1768443409\n|move|p2b: Lunala|Protect|p2b: Lunala\n|-singleturn|p2b: Lunala|Protect\n|move|p2a: Zamazenta|Body Press|p1b: Incineroar\n|-supereffective|p1b: Incineroar\n|-damage|p1b: Incineroar|0 fnt\n|-damage|p2a: Zamazenta|84/100|[from] item: Rocky Helmet|[of] p1b: Incineroar\n|faint|p1b: Incineroar\n|move|p1a: Lunala|Trick Room|p1a: Lunala\n|-fieldstart|move: Trick Room|[of] p1a: Lunala\n|\n|upkeep\n|\n|t:|1768443416\n|switch|p1b: Ursaluna|Ursaluna, L50, M|100/100\n|turn|2\n|\n|t:|1768443430\n|move|p1b: Ursaluna|Headlong Rush|p2b: Lunala\n|-damage|p2b: Lunala|69/100\n|-unboost|p1b: Ursaluna|def|1\n|-unboost|p1b: Ursaluna|spd|1\n|move|p1a: Lunala|Moongeist Beam|p2b: Lunala\n|-supereffective|p2b: Lunala\n|-damage|p2b: Lunala|0 fnt\n|faint|p2b: Lunala\n|move|p2a: Zamazenta|Body Press|p1b: Ursaluna\n|-supereffective|p1b: Ursaluna\n|-damage|p1b: Ursaluna|0 fnt\n|faint|p1b: Ursaluna\n|\n|upkeep\n|\n|t:|1768443439\n|switch|p1b: Miraidon|Miraidon, L50|100/100\n|switch|p2b: Urshifu|Urshifu-Rapid-Strike, L50, F|100/100\n|-fieldstart|move: Electric Terrain|[from] ability: Hadron Engine|[of] p1b: Miraidon\n|-enditem|p1a: Lunala|Electric Seed\n|-boost|p1a: Lunala|def|1|[from] item: Electric Seed\n|turn|3\n|\n|t:|1768443453\n|switch|p2b: Rillaboom|Rillaboom, L50, M|100/100\n|-fieldstart|move: Grassy Terrain|[from] ability: Grassy Surge|[of] p2b: Rillaboom\n|-terastallize|p1a: Lunala|Fairy\n|move|p1a: Lunala|Moonblast|p2b: Rillaboom\n|-damage|p2b: Rillaboom|59/100\n|move|p1b: Miraidon|Electro Drift|p2a: Zamazenta\n|-damage|p2a: Zamazenta|37/100\n|move|p2a: Zamazenta|Body Press|p1b: Miraidon\n|-damage|p1b: Miraidon|35/100\n|\n|-heal|p2b: Rillaboom|65/100|[from] Grassy Terrain\n|-heal|p1b: Miraidon|41/100|[from] Grassy Terrain\n|-heal|p2a: Zamazenta|43/100|[from] Grassy Terrain\n|upkeep\n|turn|4\n|inactive|vincent's life has 30 seconds left.\n|inactive|vincent's life has 20 seconds left.\n|\n|t:|1768443490\n|move|p2b: Rillaboom|Fake Out|p1b: Miraidon\n|-crit|p1b: Miraidon\n|-damage|p1b: Miraidon|26/100\n|move|p1a: Lunala|Moonblast|p2a: Zamazenta\n|-crit|p2a: Zamazenta\n|-damage|p2a: Zamazenta|0 fnt\n|faint|p2a: Zamazenta\n|cant|p1b: Miraidon|flinch\n|\n|-heal|p2b: Rillaboom|71/100|[from] Grassy Terrain\n|-heal|p1b: Miraidon|32/100|[from] Grassy Terrain\n|upkeep\n|\n|t:|1768443495\n|switch|p2a: Urshifu|Urshifu-Rapid-Strike, L50, F|100/100\n|turn|5\n|\n|t:|1768443514\n|-terastallize|p2a: Urshifu|Water\n|move|p2a: Urshifu|Aqua Jet|p1b: Miraidon\n|-resisted|p1b: Miraidon\n|-damage|p1b: Miraidon|16/100\n|move|p1a: Lunala|Moonblast|p2a: Urshifu\n|-damage|p2a: Urshifu|21/100\n|move|p2b: Rillaboom|Wood Hammer|p1b: Miraidon\n|-resisted|p1b: Miraidon\n|-damage|p1b: Miraidon|0 fnt\n|faint|p1b: Miraidon\n|-damage|p2b: Rillaboom|66/100|[from] Recoil\n|\n|-heal|p2b: Rillaboom|72/100|[from] Grassy Terrain\n|-heal|p2a: Urshifu|27/100|[from] Grassy Terrain\n|-fieldend|move: Trick Room\n|upkeep\n|turn|6\n|\n|t:|1768443531\n|move|p2b: Rillaboom|Grassy Glide|p1a: Lunala\n|-damage|p1a: Lunala|94/100\n|move|p2a: Urshifu|Surging Strikes|p1a: Lunala\n|-crit|p1a: Lunala\n|-damage|p1a: Lunala|68/100\n|-crit|p1a: Lunala\n|-damage|p1a: Lunala|40/100\n|-crit|p1a: Lunala\n|-damage|p1a: Lunala|12/100\n|-hitcount|p1a: Lunala|3\n|move|p1a: Lunala|Moonblast|p2a: Urshifu\n|-damage|p2a: Urshifu|0 fnt\n|faint|p2a: Urshifu\n|\n|-heal|p2b: Rillaboom|77/100|[from] Grassy Terrain\n|-heal|p1a: Lunala|18/100|[from] Grassy Terrain\n|upkeep\n|turn|7\n|\n|t:|1768443541\n|move|p2b: Rillaboom|Wood Hammer|p1a: Lunala\n|-damage|p1a: Lunala|0 fnt\n|faint|p1a: Lunala\n|-damage|p2b: Rillaboom|71/100|[from] Recoil\n|\n|win|vincent's life\n|raw|plantscience's rating: 1287 &rarr; <strong>1267</strong><br />(-20 for losing)\n|raw|vincent&apos;s life's rating: 1363 &rarr; <strong>1379</strong><br />(+16 for winning)\n|l|\u2606plantscience\n|player|p1|\n","uploadtime":1768443552,"views":12,"formatid":"gen9vgc2026regi","rating":1267,"private":0,"password":null}