{"id":"gen9vgc2026regi-2547241977","format":"[Gen 9] VGC 2026 Reg I","players":["trashbros","ryo8989"],"log":"|j|\u2606trashbros\n|j|\u2606ryo8989\n|t:|1772061118\n|gametype|doubles\n|player|p1|trashbros|rood|1332\n|player|p2|ryo8989|erika|1236\n|gen|9\n|tier|[Gen 9] VGC 2026 Reg I\n|rated|\n|rule|Species Clause: Limit one of each Pok\u00e9mon\n|rule|Item Clause: Limit 1 of each item\n|clearpoke\n|poke|p1|Terapagos, L50, M|\n|poke|p1|Zapdos-Galar, L50|\n|poke|p1|Ogerpon-Cornerstone, L50, F|\n|poke|p1|Flutter Mane, L50|\n|poke|p1|Incineroar, L50, M|\n|poke|p1|Miraidon, L50|\n|poke|p2|Calyrex-Ice, L50|\n|poke|p2|Miraidon, L50|\n|poke|p2|Incineroar, L50, F|\n|poke|p2|Farigiraf, L50, M|\n|poke|p2|Urshifu-*, L50, F|\n|poke|p2|Whimsicott, L50, F|\n|teampreview|4\n|\n|t:|1772061152\n|teamsize|p1|4\n|teamsize|p2|4\n|start\n|switch|p1a: Zapdos|Zapdos-Galar, L50|100/100\n|switch|p1b: Flutter Mane|Flutter Mane, L50|100/100\n|switch|p2a: Miraidon|Miraidon, L50|100/100\n|switch|p2b: Farigiraf|Farigiraf, L50, M|100/100\n|-fieldstart|move: Electric Terrain|[from] ability: Hadron Engine|[of] p2a: Miraidon\n|-enditem|p2b: Farigiraf|Electric Seed\n|-boost|p2b: Farigiraf|def|1|[from] item: Electric Seed\n|-enditem|p1b: Flutter Mane|Booster Energy\n|-activate|p1b: Flutter Mane|ability: Protosynthesis|[fromitem]\n|-start|p1b: Flutter Mane|protosynthesisspe\n|turn|1\n|\n|t:|1772061174\n|-terastallize|p2a: Miraidon|Electric\n|move|p1b: Flutter Mane|Taunt|p2b: Farigiraf\n|-start|p2b: Farigiraf|move: Taunt\n|move|p1a: Zapdos|U-turn|p2a: Miraidon\n|-damage|p2a: Miraidon|79/100\n|\n|t:|1772061181\n|switch|p1a: Terapagos|Terapagos, L50, M|100/100|[from] U-turn\n|-activate|p1a: Terapagos|ability: Tera Shift\n|detailschange|p1a: Terapagos|Terapagos-Terastal, L50, M\n|-heal|p1a: Terapagos|100/100|[silent]\n|move|p2a: Miraidon|Electro Drift|p1a: Terapagos\n|-activate|p1a: Terapagos|ability: Tera Shell\n|-resisted|p1a: Terapagos\n|-damage|p1a: Terapagos|43/100\n|move|p2b: Farigiraf|Psychic|p1b: Flutter Mane\n|-damage|p1b: Flutter Mane|67/100\n|\n|-heal|p1a: Terapagos|49/100|[from] item: Leftovers\n|upkeep\n|turn|2\n|\n|t:|1772061206\n|move|p1a: Terapagos|Protect|p1a: Terapagos\n|-singleturn|p1a: Terapagos|Protect\n|move|p1b: Flutter Mane|Icy Wind|p2a: Miraidon|[spread] p2a,p2b\n|-damage|p2a: Miraidon|68/100\n|-damage|p2b: Farigiraf|88/100\n|-unboost|p2a: Miraidon|spe|1\n|-unboost|p2b: Farigiraf|spe|1\n|move|p2a: Miraidon|Electro Drift|p1b: Flutter Mane\n|-damage|p1b: Flutter Mane|0 fnt\n|faint|p1b: Flutter Mane\n|-end|p1b: Flutter Mane|Protosynthesis|[silent]\n|move|p2b: Farigiraf|Psychic|p1a: Terapagos\n|-activate|p1a: Terapagos|move: Protect\n|\n|-heal|p1a: Terapagos|54/100|[from] item: Leftovers\n|upkeep\n|\n|t:|1772061221\n|switch|p1b: Miraidon|Miraidon, L50|100/100\n|-activate|p1b: Miraidon|ability: Hadron Engine\n|turn|3\n|\n|t:|1772061238\n|switch|p2a: Incineroar|Incineroar, L50, F|100/100\n|-ability|p2a: Incineroar|Intimidate|boost\n|-unboost|p1a: Terapagos|atk|1\n|-unboost|p1b: Miraidon|atk|1\n|-terastallize|p1a: Terapagos|Stellar\n|detailschange|p1a: Terapagos|Terapagos-Stellar, L50, M, tera:Stellar\n|-heal|p1a: Terapagos|66/100|[silent]\n|-ability|p1a: Terapagos|Teraform Zero\n|-fieldend|move: Electric Terrain\n|move|p1b: Miraidon|Snarl|p2a: Incineroar|[spread] p2a,p2b\n|-resisted|p2a: Incineroar\n|-supereffective|p2b: Farigiraf\n|-damage|p2a: Incineroar|94/100\n|-damage|p2b: Farigiraf|47/100\n|-unboost|p2a: Incineroar|spa|1\n|-unboost|p2b: Farigiraf|spa|1\n|move|p1a: Terapagos|Calm Mind|p1a: Terapagos\n|-boost|p1a: Terapagos|spa|1\n|-boost|p1a: Terapagos|spd|1\n|move|p2b: Farigiraf|Psychic|p1a: Terapagos\n|-damage|p1a: Terapagos|57/100\n|\n|-heal|p1a: Terapagos|63/100|[from] item: Leftovers\n|-end|p2b: Farigiraf|move: Taunt\n|upkeep\n|turn|4\n|\n|t:|1772061264\n|switch|p1b: Zapdos|Zapdos-Galar, L50|100/100\n|move|p1a: Terapagos|Protect|p1a: Terapagos\n|-singleturn|p1a: Terapagos|Protect\n|move|p2a: Incineroar|Fake Out|p1a: Terapagos\n|-activate|p1a: Terapagos|move: Protect\n|move|p2b: Farigiraf|Roar|p1a: Terapagos\n|drag|p1a: Miraidon|Miraidon, L50|100/100\n|-fieldstart|move: Electric Terrain|[from] ability: Hadron Engine|[of] p1a: Miraidon\n|\n|upkeep\n|turn|5\n|\n|t:|1772061289\n|move|p1b: Zapdos|Thunderous Kick|p2a: Incineroar\n|-supereffective|p2a: Incineroar\n|-damage|p2a: Incineroar|19/100\n|-unboost|p2a: Incineroar|def|1\n|move|p1a: Miraidon|Volt Switch|p2b: Farigiraf\n|-damage|p2b: Farigiraf|0 fnt\n|faint|p2b: Farigiraf\n|\n|t:|1772061293\n|switch|p1a: Terapagos|Terapagos-Stellar, L50, M, tera:Stellar|63/100|[from] Volt Switch\n|move|p2a: Incineroar|U-turn|p1b: Zapdos\n|-resisted|p1b: Zapdos\n|-damage|p1b: Zapdos|94/100\n|\n|t:|1772061304\n|switch|p2a: Miraidon|Miraidon, L50, tera:Electric|68/100|[from] U-turn\n|-activate|p2a: Miraidon|ability: Hadron Engine\n|\n|-heal|p1a: Terapagos|69/100|[from] item: Leftovers\n|upkeep\n|-message|trashbros forfeited.\n|\n|win|ryo8989\n|raw|trashbros's rating: 1332 &rarr; <strong>1307</strong><br />(-25 for losing)\n|raw|ryo8989's rating: 1236 &rarr; <strong>1268</strong><br />(+32 for winning)\n|l|\u2606ryo8989\n|player|p2|\n","uploadtime":1772061528,"views":11,"formatid":"gen9vgc2026regi","rating":1268,"private":0,"password":null}