{"id":"gen9vgc2026regi-2566942806","format":"[Gen 9] VGC 2026 Reg I","players":["higxh0005","shecallmedada"],"log":"|j|\u2606higxh0005\n|j|\u2606shecallmedada\n|t:|1774432963\n|gametype|doubles\n|player|p1|higxh0005|hilda|1337\n|player|p2|shecallmedada|burglar-gen1rb|1334\n|gen|9\n|tier|[Gen 9] VGC 2026 Reg I\n|rated|\n|rule|Species Clause: Limit one of each Pok\u00e9mon\n|rule|Item Clause: Limit 1 of each item\n|clearpoke\n|poke|p1|Koraidon, L50|\n|poke|p1|Calyrex-Shadow, L50|\n|poke|p1|Flutter Mane, L50|\n|poke|p1|Ogerpon-Cornerstone, L50, F|\n|poke|p1|Tornadus, L50, M|\n|poke|p1|Rillaboom, L50, M|\n|poke|p2|Dondozo, L50, F|\n|poke|p2|Calyrex-Ice, L50|\n|poke|p2|Miraidon, L50|\n|poke|p2|Tatsugiri-Droopy, L50, F|\n|poke|p2|Weezing, L50, F|\n|poke|p2|Landorus, L50, M|\n|teampreview|4\n|l|\u2606higxh0005\n|player|p1|\n|j|\u2606higxh0005\n|player|p1|higxh0005|hilda|\n|\n|t:|1774433018\n|teamsize|p1|4\n|teamsize|p2|4\n|start\n|switch|p1a: Calyrex|Calyrex-Shadow, L50|100/100\n|switch|p1b: Ogerpon|Ogerpon-Cornerstone, L50, F|100/100\n|switch|p2a: Giant Threat|Calyrex-Ice, L50|100/100\n|switch|p2b: Goobnut|Weezing, L50, F|100/100\n|-ability|p2b: Goobnut|Neutralizing Gas\n|-ability|p1a: Calyrex|As One\n|-ability|p1a: Calyrex|Unnerve\n|-ability|p2a: Giant Threat|As One\n|-ability|p2a: Giant Threat|Unnerve\n|turn|1\n|\n|t:|1774433051\n|-terastallize|p1a: Calyrex|Ghost\n|move|p2a: Giant Threat|Protect|p2a: Giant Threat\n|-singleturn|p2a: Giant Threat|Protect\n|move|p1a: Calyrex|Astral Barrage|p2a: Giant Threat|[spread] p2b\n|-activate|p2a: Giant Threat|move: Protect\n|-damage|p2b: Goobnut|31/100\n|move|p1b: Ogerpon|Ivy Cudgel|p2a: Giant Threat|[anim] Ivy Cudgel Rock\n|-activate|p2a: Giant Threat|move: Protect\n|move|p2b: Goobnut|Poison Gas|p1a: Calyrex|[spread] p1a,p1b\n|-status|p1a: Calyrex|psn\n|-status|p1b: Ogerpon|psn\n|\n|-damage|p1a: Calyrex|88/100 psn|[from] psn\n|-damage|p1b: Ogerpon|88/100 psn|[from] psn\n|upkeep\n|turn|2\n|\n|t:|1774433066\n|-end|p2b: Goobnut|ability: Neutralizing Gas\n|switch|p2b: Sheist|Dondozo, L50, F|100/100\n|switch|p2a: Raw|Tatsugiri-Droopy, L50, F|100/100\n|-activate|p2a: Raw|ability: Commander|[of] p2b: Sheist\n|-boost|p2b: Sheist|atk|2\n|-boost|p2b: Sheist|spa|2\n|-boost|p2b: Sheist|spe|2\n|-boost|p2b: Sheist|def|2\n|-boost|p2b: Sheist|spd|2\n|move|p1a: Calyrex|Encore|p2a: Raw|[miss]\n|-miss|p1a: Calyrex|p2a: Raw\n|move|p1b: Ogerpon|Ivy Cudgel|p2b: Sheist|[anim] Ivy Cudgel Rock\n|-damage|p2b: Sheist|81/100\n|\n|-heal|p2b: Sheist|88/100|[from] item: Leftovers\n|-damage|p1a: Calyrex|75/100 psn|[from] psn\n|-damage|p1b: Ogerpon|76/100 psn|[from] psn\n|upkeep\n|turn|3\n|\n|t:|1774433104\n|switch|p1b: Rillaboom|Rillaboom, L50, M|100/100\n|-fieldstart|move: Grassy Terrain|[from] ability: Grassy Surge|[of] p1b: Rillaboom\n|move|p1a: Calyrex|Protect|p1a: Calyrex\n|-singleturn|p1a: Calyrex|Protect\n|move|p2b: Sheist|Body Press|p1b: Rillaboom\n|-damage|p1b: Rillaboom|61/100\n|\n|-heal|p1a: Calyrex|82/100 psn|[from] Grassy Terrain\n|-heal|p2b: Sheist|94/100|[from] Grassy Terrain\n|-heal|p2b: Sheist|99/100|[from] item: Leftovers\n|-heal|p1b: Rillaboom|67/100|[from] Grassy Terrain\n|-damage|p1a: Calyrex|69/100 psn|[from] psn\n|upkeep\n|turn|4\n|\n|t:|1774433116\n|-terastallize|p2b: Sheist|Grass\n|move|p1a: Calyrex|Encore|p2b: Sheist\n|-start|p2b: Sheist|Encore\n|move|p2b: Sheist|Body Press|p1a: Calyrex\n|-immune|p1a: Calyrex\n|move|p1b: Rillaboom|Wood Hammer|p2b: Sheist\n|-resisted|p2b: Sheist\n|-damage|p2b: Sheist|88/100\n|-damage|p1b: Rillaboom|62/100|[from] Recoil\n|\n|-heal|p1a: Calyrex|75/100 psn|[from] Grassy Terrain\n|-heal|p2b: Sheist|94/100|[from] Grassy Terrain\n|-heal|p2b: Sheist|99/100|[from] item: Leftovers\n|-heal|p1b: Rillaboom|68/100|[from] Grassy Terrain\n|-damage|p1a: Calyrex|63/100 psn|[from] psn\n|upkeep\n|turn|5\n|\n|t:|1774433127\n|move|p1a: Calyrex|Astral Barrage|p2a: Raw|[spread] p2b\n|-miss|p1a: Calyrex|p2a: Raw\n|-damage|p2b: Sheist|74/100\n|move|p2b: Sheist|Body Press|p1b: Rillaboom\n|-damage|p1b: Rillaboom|27/100\n|move|p1b: Rillaboom|U-turn|p2b: Sheist\n|-supereffective|p2b: Sheist\n|-damage|p2b: Sheist|57/100\n|l|\u2606higxh0005\n|player|p1|\n|inactive|Battle timer is ON: inactive players will automatically lose when time's up. (requested by shecallmedada)\n|inactive|higxh0005 has 30 seconds to reconnect!\n|inactive|higxh0005 has 20 seconds to reconnect!\n|inactive|higxh0005 has 15 seconds to reconnect!\n|j|\u2606higxh0005\n|inactive|higxh0005 reconnected and has 45 seconds left.\n|player|p1|higxh0005|hilda|\n|\n|t:|1774433212\n|switch|p1b: Koraidon|Koraidon, L50, shiny|100/100|[from] U-turn\n|-weather|SunnyDay|[from] ability: Orichalcum Pulse|[of] p1b: Koraidon\n|-activate|p1b: Koraidon|Orichalcum Pulse|[source]\n|\n|-weather|SunnyDay|[upkeep]\n|-heal|p1a: Calyrex|69/100 psn|[from] Grassy Terrain\n|-heal|p2b: Sheist|63/100|[from] Grassy Terrain\n|-heal|p2b: Sheist|69/100|[from] item: Leftovers\n|-damage|p1a: Calyrex|57/100 psn|[from] psn\n|upkeep\n|turn|6\n|\n|t:|1774433227\n|move|p1a: Calyrex|Astral Barrage|p2a: Raw|[spread] p2b\n|-miss|p1a: Calyrex|p2a: Raw\n|-crit|p2b: Sheist\n|-damage|p2b: Sheist|0 fnt\n|faint|p2b: Sheist\n|-ability|p1a: Calyrex|Grim Neigh|boost\n|-boost|p1a: Calyrex|spa|1\n|move|p1b: Koraidon|Flare Blitz|p2a: Raw\n|-resisted|p2a: Raw\n|-damage|p2a: Raw|58/100\n|-status|p2a: Raw|brn\n|-damage|p1b: Koraidon|89/100|[from] Recoil\n|\n|-weather|SunnyDay|[upkeep]\n|-heal|p1a: Calyrex|63/100 psn|[from] Grassy Terrain\n|-heal|p1b: Koraidon|95/100|[from] Grassy Terrain\n|-heal|p2a: Raw|63/100 brn|[from] Grassy Terrain\n|-damage|p1a: Calyrex|50/100 psn|[from] psn\n|-damage|p2a: Raw|58/100 brn|[from] brn\n|upkeep\n|-message|shecallmedada forfeited.\n|\n|win|higxh0005\n|raw|higxh0005's rating: 1337 &rarr; <strong>1357</strong><br />(+20 for winning)\n|raw|shecallmedada's rating: 1334 &rarr; <strong>1314</strong><br />(-20 for losing)\n|l|\u2606shecallmedada\n|player|p2|\n|l|\u2606higxh0005\n|player|p1|\n|j|\u2606higxh0005\n|player|p1|higxh0005|hilda|\n|l|\u2606higxh0005\n|player|p1|\n","uploadtime":1774433448,"views":14,"formatid":"gen9vgc2026regi","rating":1314,"private":0,"password":null}