{"id":"gen9vgc2026regi-2525048506","format":"[Gen 9] VGC 2026 Reg I","players":["cdogp3","torrmentor20"],"log":"|j|\u2606cdogp3\n|j|\u2606torrmentor20\n|t:|1769221665\n|gametype|doubles\n|player|p1|cdogp3|hoopster|1247\n|player|p2|torrmentor20|102|1178\n|gen|9\n|tier|[Gen 9] VGC 2026 Reg I\n|rated|\n|rule|Species Clause: Limit one of each Pok\u00e9mon\n|rule|Item Clause: Limit 1 of each item\n|clearpoke\n|poke|p1|Incineroar, L50, M|\n|poke|p1|Landorus, L50, M|\n|poke|p1|Calyrex-Shadow, L50|\n|poke|p1|Koraidon, L50|\n|poke|p1|Brute Bonnet, L50|\n|poke|p1|Raging Bolt, L50|\n|poke|p2|Kyogre, L50|\n|poke|p2|Whimsicott, L50, M|\n|poke|p2|Basculegion, L50, M|\n|poke|p2|Lugia, L50|\n|poke|p2|Suicune, L50|\n|teampreview|4\n|inactive|Battle timer is ON: inactive players will automatically lose when time's up. (requested by cdogp3)\n|inactive|torrmentor20 has 60 seconds left.\n|\n|t:|1769221711\n|teamsize|p1|4\n|teamsize|p2|4\n|start\n|switch|p1a: Aaron|Raging Bolt, L50|100/100\n|switch|p1b: Mao & Agati|Calyrex-Shadow, L50|100/100\n|switch|p2a: Suicune|Suicune, L50, shiny|100/100\n|switch|p2b: Kyogre|Kyogre, L50, shiny|100/100\n|-ability|p1b: Mao & Agati|As One\n|-ability|p1b: Mao & Agati|Unnerve\n|-weather|RainDance|[from] ability: Drizzle|[of] p2b: Kyogre\n|turn|1\n|inactive|torrmentor20 has 30 seconds left.\n|inactive|torrmentor20 has 20 seconds left.\n|inactive|torrmentor20 has 15 seconds left.\n|inactive|torrmentor20 has 10 seconds left.\n|inactive|torrmentor20 has 5 seconds left.\n|\n|t:|1769221764\n|switch|p1b: Matthias|Koraidon, L50|100/100\n|-weather|SunnyDay|[from] ability: Orichalcum Pulse|[of] p1b: Matthias\n|-activate|p1a: Aaron|ability: Protosynthesis\n|-start|p1a: Aaron|protosynthesisspa\n|-activate|p1b: Matthias|Orichalcum Pulse|[source]\n|-terastallize|p2b: Kyogre|Electric\n|move|p2b: Kyogre|Origin Pulse|p1b: Matthias|[spread] p1a\n|-miss|p2b: Kyogre|p1b: Matthias\n|-resisted|p1a: Aaron\n|-crit|p1a: Aaron\n|-damage|p1a: Aaron|88/100\n|move|p2a: Suicune|Tailwind|p2a: Suicune\n|-sidestart|p2: torrmentor20|move: Tailwind\n|move|p1a: Aaron|Volt Switch|p2a: Suicune\n|-supereffective|p2a: Suicune\n|-damage|p2a: Suicune|33/100\n|-enditem|p2a: Suicune|Sitrus Berry|[eat]\n|-heal|p2a: Suicune|58/100|[from] item: Sitrus Berry\n|\n|t:|1769221781\n|-end|p1a: Aaron|Protosynthesis|[silent]\n|switch|p1a: Wacka|Brute Bonnet, L50|100/100|[from] Volt Switch\n|-activate|p1a: Wacka|ability: Protosynthesis\n|-start|p1a: Wacka|protosynthesisdef\n|\n|-weather|SunnyDay|[upkeep]\n|upkeep\n|turn|2\n|inactive|torrmentor20 has 30 seconds left.\n|\n|t:|1769221808\n|switch|p2b: Basculegion|Basculegion, L50, M, shiny|100/100\n|switch|p2a: Lugia|Lugia, L50, shiny|100/100\n|move|p1b: Matthias|Collision Course|p2a: Lugia\n|-resisted|p2a: Lugia\n|-damage|p2a: Lugia|95/100\n|move|p1a: Wacka|Spore|p2b: Basculegion\n|-status|p2b: Basculegion|slp|[from] move: Spore\n|\n|-weather|SunnyDay|[upkeep]\n|-heal|p2a: Lugia|100/100|[from] item: Leftovers\n|upkeep\n|turn|3\n|\n|t:|1769221822\n|switch|p2b: Kyogre|Kyogre, L50, shiny, tera:Electric|100/100\n|-weather|RainDance|[from] ability: Drizzle|[of] p2b: Kyogre\n|-end|p1a: Wacka|Protosynthesis\n|switch|p1b: Aaron|Raging Bolt, L50|88/100\n|move|p2a: Lugia|Aeroblast|p1a: Wacka\n|-supereffective|p1a: Wacka\n|-damage|p1a: Wacka|20/100\n|move|p1a: Wacka|Spore|p2a: Lugia\n|-status|p2a: Lugia|slp|[from] move: Spore\n|\n|-weather|RainDance|[upkeep]\n|upkeep\n|turn|4\n|inactive|torrmentor20 has 30 seconds left.\n|\n|t:|1769221848\n|-end|p1a: Wacka|Protosynthesis|[silent]\n|switch|p1a: Matthias|Koraidon, L50|100/100\n|-weather|SunnyDay|[from] ability: Orichalcum Pulse|[of] p1a: Matthias\n|-activate|p1b: Aaron|ability: Protosynthesis\n|-start|p1b: Aaron|protosynthesisspa\n|-activate|p1a: Matthias|Orichalcum Pulse|[source]\n|cant|p2a: Lugia|slp\n|move|p2b: Kyogre|Ice Beam|p1a: Matthias\n|-supereffective|p1a: Matthias\n|-damage|p1a: Matthias|28/100\n|move|p1b: Aaron|Volt Switch|p2a: Lugia\n|-supereffective|p2a: Lugia\n|-damage|p2a: Lugia|71/100 slp\n|\n|t:|1769221859\n|-end|p1b: Aaron|Protosynthesis|[silent]\n|switch|p1b: Mao & Agati|Calyrex-Shadow, L50|100/100|[from] Volt Switch\n|-ability|p1b: Mao & Agati|As One\n|-ability|p1b: Mao & Agati|Unnerve\n|\n|-weather|SunnyDay|[upkeep]\n|-heal|p2a: Lugia|77/100 slp|[from] item: Leftovers\n|-sideend|p2: torrmentor20|move: Tailwind\n|upkeep\n|turn|5\n|\n|t:|1769221870\n|switch|p2a: Suicune|Suicune, L50, shiny|58/100\n|-terastallize|p1b: Mao & Agati|Ghost\n|move|p1b: Mao & Agati|Astral Barrage|p2a: Suicune|[spread] p2a,p2b\n|-crit|p2b: Kyogre\n|-damage|p2a: Suicune|7/100\n|-damage|p2b: Kyogre|48/100\n|move|p1a: Matthias|Collision Course|p2b: Kyogre\n|-damage|p2b: Kyogre|0 fnt\n|faint|p2b: Kyogre\n|\n|-weather|SunnyDay|[upkeep]\n|upkeep\n|-message|torrmentor20 forfeited.\n|\n|win|cdogp3\n|raw|cdogp3's rating: 1247 &rarr; <strong>1267</strong><br />(+20 for winning)\n|raw|torrmentor20's rating: 1178 &rarr; <strong>1158</strong><br />(-20 for losing)\n|l|\u2606torrmentor20\n|player|p2|\n|l|\u2606cdogp3\n|player|p1|\n","uploadtime":1769222033,"views":21,"formatid":"gen9vgc2026regi","rating":1158,"private":0,"password":null}