{"id":"gen9vgc2026regi-2586953110","format":"[Gen 9] VGC 2026 Reg I","players":["alejandro_l38","clessvgc"],"log":"|j|\u2606alejandro_l38\n|j|\u2606clessvgc\n|t:|1776475113\n|gametype|doubles\n|player|p1|alejandro_l38|lance|1322\n|player|p2|clessvgc|proton|1326\n|gen|9\n|tier|[Gen 9] VGC 2026 Reg I\n|rated|\n|rule|Species Clause: Limit one of each Pok\u00e9mon\n|rule|Item Clause: Limit 1 of each item\n|clearpoke\n|poke|p1|Incineroar, L50, M|\n|poke|p1|Lunala, L50|\n|poke|p1|Calyrex-Ice, L50|\n|poke|p1|Amoonguss, L50, F|\n|poke|p1|Landorus-Therian, L50, M|\n|poke|p1|Ursaluna, L50, M|\n|poke|p2|Grimmsnarl, L50, M|\n|poke|p2|Landorus-Therian, L50, M|\n|poke|p2|Weezing-Galar, L50, F|\n|poke|p2|Calyrex-Shadow, L50|\n|poke|p2|Rayquaza, L50|\n|poke|p2|Typhlosion-Hisui, L50, F|\n|teampreview|4\n|inactive|Battle timer is ON: inactive players will automatically lose when time's up. (requested by clessvgc)\n|inactive|alejandro_l38 has 60 seconds left.\n|\n|t:|1776475171\n|teamsize|p1|4\n|teamsize|p2|4\n|start\n|switch|p1a: Lunala|Lunala, L50|100/100\n|switch|p1b: Ursaluna|Ursaluna, L50, M|100/100\n|switch|p2a: Grimmsnarl|Grimmsnarl, L50, M|100/100\n|switch|p2b: Calyrex|Calyrex-Shadow, L50|100/100\n|-ability|p2b: Calyrex|As One\n|-ability|p2b: Calyrex|Unnerve\n|turn|1\n|inactive|alejandro_l38 has 30 seconds left.\n|\n|t:|1776475204\n|-terastallize|p1a: Lunala|Fairy\n|move|p1b: Ursaluna|Protect|p1b: Ursaluna\n|-singleturn|p1b: Ursaluna|Protect\n|move|p2a: Grimmsnarl|Taunt|p1a: Lunala\n|-start|p1a: Lunala|move: Taunt\n|move|p2b: Calyrex|Astral Barrage|p1b: Ursaluna|[spread] p1a\n|-activate|p1b: Ursaluna|move: Protect\n|-damage|p1a: Lunala|82/100\n|cant|p1a: Lunala|move: Taunt|Trick Room\n|\n|-status|p1b: Ursaluna|brn|[from] item: Flame Orb\n|upkeep\n|turn|2\n|inactive|alejandro_l38 has 30 seconds left.\n|\n|t:|1776475232\n|move|p2b: Calyrex|Encore|p1b: Ursaluna\n|-start|p1b: Ursaluna|Encore\n|move|p1a: Lunala|Moongeist Beam|p2b: Calyrex\n|-supereffective|p2b: Calyrex\n|-crit|p2b: Calyrex\n|-enditem|p2b: Calyrex|Focus Sash\n|-damage|p2b: Calyrex|1/100\n|move|p2a: Grimmsnarl|Spirit Break|p1a: Lunala\n|-damage|p1a: Lunala|57/100\n|-unboost|p1a: Lunala|spa|1\n|move|p1b: Ursaluna|Protect||[still]\n|-fail|p1b: Ursaluna\n|\n|-damage|p1b: Ursaluna|95/100 brn|[from] brn\n|upkeep\n|turn|3\n|\n|t:|1776475256\n|switch|p1b: Amoonguss|Amoonguss, L50, F|100/100\n|move|p2b: Calyrex|Protect|p2b: Calyrex\n|-singleturn|p2b: Calyrex|Protect\n|move|p1a: Lunala|Moongeist Beam|p2b: Calyrex\n|-activate|p2b: Calyrex|move: Protect\n|move|p2a: Grimmsnarl|Spirit Break|p1a: Lunala\n|-damage|p1a: Lunala|31/100\n|-unboost|p1a: Lunala|spa|1\n|\n|-end|p1a: Lunala|move: Taunt\n|upkeep\n|turn|4\n|\n|t:|1776475277\n|move|p1a: Lunala|Wide Guard|p1a: Lunala\n|-singleturn|p1a: Lunala|Wide Guard\n|move|p2a: Grimmsnarl|Taunt|p1b: Amoonguss\n|-start|p1b: Amoonguss|move: Taunt\n|move|p2b: Calyrex|Astral Barrage|p1b: Amoonguss|[spread] \n|-activate|p1a: Lunala|move: Wide Guard\n|-activate|p1b: Amoonguss|move: Wide Guard\n|cant|p1b: Amoonguss|move: Taunt|Spore\n|\n|upkeep\n|turn|5\n|\n|t:|1776475294\n|move|p2a: Grimmsnarl|Taunt|p1a: Lunala\n|-start|p1a: Lunala|move: Taunt\n|move|p2b: Calyrex|Psychic|p1b: Amoonguss\n|-supereffective|p1b: Amoonguss\n|-damage|p1b: Amoonguss|18/100\n|move|p1a: Lunala|Moonblast|p2a: Grimmsnarl\n|-supereffective|p2a: Grimmsnarl\n|-damage|p2a: Grimmsnarl|40/100\n|move|p1b: Amoonguss|Pollen Puff|p1a: Lunala\n|-heal|p1a: Lunala|81/100\n|\n|upkeep\n|turn|6\n|\n|t:|1776475312\n|move|p2b: Calyrex|Astral Barrage|p1a: Lunala|[spread] p1a,p1b\n|-damage|p1a: Lunala|42/100\n|-damage|p1b: Amoonguss|0 fnt\n|faint|p1b: Amoonguss\n|-ability|p2b: Calyrex|Grim Neigh|boost\n|-boost|p2b: Calyrex|spa|1\n|move|p1a: Lunala|Moonblast|p2a: Grimmsnarl\n|-supereffective|p2a: Grimmsnarl\n|-damage|p2a: Grimmsnarl|0 fnt\n|faint|p2a: Grimmsnarl\n|\n|upkeep\n|\n|t:|1776475322\n|switch|p2a: Typhlosion|Typhlosion-Hisui, L50, F|100/100\n|switch|p1b: Calyrex|Calyrex-Ice, L50|100/100\n|-ability|p1b: Calyrex|As One\n|-ability|p1b: Calyrex|Unnerve\n|-item|p1a: Lunala|Power Herb|[from] ability: Frisk|[of] p2a: Typhlosion\n|-item|p1b: Calyrex|Leftovers|[from] ability: Frisk|[of] p2a: Typhlosion\n|turn|7\n|inactive|alejandro_l38 has 30 seconds left.\n|\n|t:|1776475349\n|-terastallize|p2a: Typhlosion|Fire\n|move|p2a: Typhlosion|Eruption|p1a: Lunala|[spread] p1a,p1b\n|-supereffective|p1b: Calyrex\n|-damage|p1a: Lunala|0 fnt\n|-damage|p1b: Calyrex|2/100\n|faint|p1a: Lunala\n|move|p2b: Calyrex|Astral Barrage|p1b: Calyrex\n|-supereffective|p1b: Calyrex\n|-crit|p1b: Calyrex\n|-damage|p1b: Calyrex|0 fnt\n|faint|p1b: Calyrex\n|-ability|p2b: Calyrex|Grim Neigh|boost\n|-boost|p2b: Calyrex|spa|1\n|\n|upkeep\n|\n|t:|1776475362\n|switch|p1b: Ursaluna|Ursaluna, L50, M|95/100 brn\n|turn|8\n|\n|t:|1776475367\n|move|p2a: Typhlosion|Eruption|p1b: Ursaluna\n|-damage|p1b: Ursaluna|9/100 brn\n|move|p2b: Calyrex|Psychic|p1b: Ursaluna\n|-damage|p1b: Ursaluna|0 fnt\n|faint|p1b: Ursaluna\n|\n|win|clessvgc\n|raw|alejandro_l38's rating: 1322 &rarr; <strong>1302</strong><br />(-20 for losing)\n|raw|clessvgc's rating: 1326 &rarr; <strong>1346</strong><br />(+20 for winning)\n|l|\u2606clessvgc\n|player|p2|\n|l|\u2606alejandro_l38\n|player|p1|\n","uploadtime":1776475504,"views":12,"formatid":"gen9vgc2026regi","rating":1302,"private":0,"password":null}