{"id":"gen9vgc2026regi-2544326940","format":"[Gen 9] VGC 2026 Reg I","players":["Tepig_nNz_498","VJ2511"],"log":"|j|\u2606Tepig_nNz_498\n|j|\u2606VJ2511\n|t:|1771694094\n|gametype|doubles\n|player|p1|Tepig_nNz_498|102|1438\n|player|p2|VJ2511|red-masters3|1523\n|gen|9\n|tier|[Gen 9] VGC 2026 Reg I\n|rated|\n|rule|Species Clause: Limit one of each Pok\u00e9mon\n|rule|Item Clause: Limit 1 of each item\n|clearpoke\n|poke|p1|Whimsicott, L50, F|\n|poke|p1|Reshiram, L50|\n|poke|p1|Incineroar, L50, M|\n|poke|p1|Lilligant-Hisui, L50, F|\n|poke|p1|Brute Bonnet, L50|\n|poke|p1|Koraidon, L50|\n|poke|p2|Calyrex-Shadow, L50|\n|poke|p2|Koraidon, L50|\n|poke|p2|Flutter Mane, L50|\n|poke|p2|Incineroar, L50, F|\n|poke|p2|Rillaboom, L50, F|\n|poke|p2|Clefairy, L50, F|\n|teampreview|4\n|inactive|Battle timer is ON: inactive players will automatically lose when time's up. (requested by VJ2511)\n|j| FlixlikesCharmanda\n|\n|t:|1771694124\n|teamsize|p1|4\n|teamsize|p2|4\n|start\n|switch|p1a: Whimsicott|Whimsicott, L50, F|100/100\n|switch|p1b: Koraidon|Koraidon, L50|100/100\n|switch|p2a: Calyrex|Calyrex-Shadow, L50|100/100\n|switch|p2b: Clefairy|Clefairy, L50, F|100/100\n|-ability|p2a: Calyrex|As One\n|-ability|p2a: Calyrex|Unnerve\n|-weather|SunnyDay|[from] ability: Orichalcum Pulse|[of] p1b: Koraidon\n|-activate|p1b: Koraidon|Orichalcum Pulse|[source]\n|turn|1\n|\n|t:|1771694133\n|move|p2b: Clefairy|Follow Me|p2b: Clefairy\n|-singleturn|p2b: Clefairy|move: Follow Me\n|move|p1a: Whimsicott|Tailwind|p1a: Whimsicott\n|-sidestart|p1: Tepig_nNz_498|move: Tailwind\n|move|p1b: Koraidon|Flare Blitz|p2b: Clefairy\n|-damage|p2b: Clefairy|32/100\n|-damage|p1b: Koraidon|78/100|[from] Recoil\n|move|p2a: Calyrex|Astral Barrage|p1b: Koraidon|[spread] p1a,p1b\n|-damage|p1a: Whimsicott|0 fnt\n|-damage|p1b: Koraidon|2/100\n|faint|p1a: Whimsicott\n|-ability|p2a: Calyrex|Grim Neigh|boost\n|-boost|p2a: Calyrex|spa|1\n|-damage|p2a: Calyrex|91/100|[from] item: Life Orb\n|\n|-weather|SunnyDay|[upkeep]\n|upkeep\n|\n|t:|1771694148\n|switch|p1a: Reshiram|Reshiram, L50|100/100\n|-ability|p1a: Reshiram|Turboblaze\n|turn|2\n|\n|t:|1771694153\n|move|p2a: Calyrex|Protect|p2a: Calyrex\n|-singleturn|p2a: Calyrex|Protect\n|move|p2b: Clefairy|Protect|p2b: Clefairy\n|-singleturn|p2b: Clefairy|Protect\n|move|p1b: Koraidon|Flare Blitz|p2a: Calyrex\n|-activate|p2a: Calyrex|move: Protect\n|move|p1a: Reshiram|Heat Wave|p2a: Calyrex|[spread] \n|-activate|p2a: Calyrex|move: Protect\n|-activate|p2b: Clefairy|move: Protect\n|\n|-weather|SunnyDay|[upkeep]\n|upkeep\n|turn|3\n|\n|t:|1771694167\n|move|p2b: Clefairy|Follow Me|p2b: Clefairy\n|-singleturn|p2b: Clefairy|move: Follow Me\n|move|p1b: Koraidon|Flare Blitz|p2b: Clefairy\n|-damage|p2b: Clefairy|0 fnt\n|faint|p2b: Clefairy\n|-damage|p1b: Koraidon|0 fnt|[from] Recoil\n|faint|p1b: Koraidon\n|move|p1a: Reshiram|Heat Wave|p2a: Calyrex\n|-damage|p2a: Calyrex|0 fnt\n|faint|p2a: Calyrex\n|-damage|p1a: Reshiram|91/100|[from] item: Life Orb\n|\n|-weather|SunnyDay|[upkeep]\n|upkeep\n|\n|t:|1771694178\n|switch|p1b: Lilligant|Lilligant-Hisui, L50, F|100/100\n|switch|p2a: Koraidon|Koraidon, L50|100/100\n|switch|p2b: Flutter Mane|Flutter Mane, L50|100/100\n|-activate|p2a: Koraidon|ability: Orichalcum Pulse\n|-activate|p2b: Flutter Mane|ability: Protosynthesis\n|-start|p2b: Flutter Mane|protosynthesisspe\n|turn|4\n|\n|t:|1771694197\n|move|p2b: Flutter Mane|Protect|p2b: Flutter Mane\n|-singleturn|p2b: Flutter Mane|Protect\n|move|p2a: Koraidon|Protect|p2a: Koraidon\n|-singleturn|p2a: Koraidon|Protect\n|move|p1b: Lilligant|Sleep Powder|p2b: Flutter Mane\n|-activate|p2b: Flutter Mane|move: Protect\n|move|p1a: Reshiram|Earth Power|p2a: Koraidon\n|-activate|p2a: Koraidon|move: Protect\n|\n|-weather|SunnyDay|[upkeep]\n|-sideend|p1: Tepig_nNz_498|move: Tailwind\n|upkeep\n|turn|5\n|j| eterfem\n|\n|t:|1771694219\n|-terastallize|p1a: Reshiram|Fire\n|move|p1b: Lilligant|Sleep Powder|p2b: Flutter Mane\n|-status|p2b: Flutter Mane|slp|[from] move: Sleep Powder\n|cant|p2b: Flutter Mane|slp\n|move|p2a: Koraidon|Flame Charge|p1b: Lilligant\n|-supereffective|p1b: Lilligant\n|-enditem|p1b: Lilligant|Focus Sash\n|-damage|p1b: Lilligant|1/100\n|-boost|p2a: Koraidon|spe|1\n|move|p1a: Reshiram|Heat Wave|p2a: Koraidon|[spread] p2a,p2b\n|-resisted|p2a: Koraidon\n|-damage|p2a: Koraidon|51/100\n|-enditem|p2b: Flutter Mane|Focus Sash\n|-damage|p2b: Flutter Mane|1/100 slp\n|-damage|p1a: Reshiram|81/100|[from] item: Life Orb\n|\n|-weather|none\n|-end|p2b: Flutter Mane|Protosynthesis\n|upkeep\n|turn|6\n|inactive|VJ2511 has 30 seconds left.\n|\n|t:|1771694245\n|move|p2a: Koraidon|Low Kick|p1a: Reshiram\n|-damage|p1a: Reshiram|22/100\n|cant|p2b: Flutter Mane|slp\n|move|p1b: Lilligant|Close Combat|p2a: Koraidon\n|-damage|p2a: Koraidon|9/100\n|-unboost|p1b: Lilligant|def|1\n|-unboost|p1b: Lilligant|spd|1\n|move|p1a: Reshiram|Heat Wave|p2a: Koraidon|[spread] p2a,p2b\n|-resisted|p2a: Koraidon\n|-damage|p2a: Koraidon|0 fnt\n|-damage|p2b: Flutter Mane|0 fnt\n|faint|p2a: Koraidon\n|faint|p2b: Flutter Mane\n|-end|p2b: Flutter Mane|Protosynthesis|[silent]\n|-damage|p1a: Reshiram|13/100|[from] item: Life Orb\n|\n|win|Tepig_nNz_498\n|raw|Tepig_nNz_498's rating: 1414 &rarr; <strong>1440</strong><br />(+26 for winning)\n|raw|VJ2511's rating: 1523 &rarr; <strong>1497</strong><br />(-26 for losing)\n|l|\u2606Tepig_nNz_498\n|player|p1|\n|l|\u2606VJ2511\n|player|p2|\n|l| FlixlikesCharmanda\n|l| eterfem\n","uploadtime":1771694472,"views":14,"formatid":"gen9vgc2026regi","rating":1440,"private":0,"password":null}