{"id":"gen9vgc2026regi-2549583911","format":"[Gen 9] VGC 2026 Reg I","players":["chitominchia","drive stone"],"log":"|j|\u2606chitominchia\n|j|\u2606drive stone\n|t:|1772386762\n|gametype|doubles\n|player|p1|chitominchia|hiker-gen4|1351\n|player|p2|drive stone|cilan|1461\n|gen|9\n|tier|[Gen 9] VGC 2026 Reg I\n|rated|\n|rule|Species Clause: Limit one of each Pok\u00e9mon\n|rule|Item Clause: Limit 1 of each item\n|clearpoke\n|poke|p1|Tornadus, L50, M|\n|poke|p1|Miraidon, L50|\n|poke|p1|Kyogre, L50|\n|poke|p1|Farigiraf, L50, M|\n|poke|p1|Iron Bundle, L50|\n|poke|p1|Incineroar, L50, F|\n|poke|p2|Calyrex-Ice, L50|\n|poke|p2|Ho-Oh, L50|\n|poke|p2|Overqwil, L50, M|\n|poke|p2|Rillaboom, L50, F|\n|poke|p2|Ting-Lu, L50|\n|poke|p2|Ogerpon-Wellspring, L50, F|\n|teampreview|4\n|inactive|Battle timer is ON: inactive players will automatically lose when time's up. (requested by chitominchia)\n|\n|t:|1772386789\n|teamsize|p1|4\n|teamsize|p2|4\n|start\n|switch|p1a: Farigiraf|Farigiraf, L50, M|100/100\n|switch|p1b: Miraidon|Miraidon, L50|100/100\n|switch|p2a: Calyrex|Calyrex-Ice, L50|100/100\n|switch|p2b: Rillaboom|Rillaboom, L50, F|100/100\n|-ability|p2a: Calyrex|As One\n|-ability|p2a: Calyrex|Unnerve\n|-fieldstart|move: Electric Terrain|[from] ability: Hadron Engine|[of] p1b: Miraidon\n|-enditem|p1a: Farigiraf|Electric Seed\n|-boost|p1a: Farigiraf|def|1|[from] item: Electric Seed\n|-fieldstart|move: Grassy Terrain|[from] ability: Grassy Surge|[of] p2b: Rillaboom\n|turn|1\n|\n|t:|1772386806\n|move|p1b: Miraidon|Volt Switch|p2a: Calyrex\n|-damage|p2a: Calyrex|59/100\n|\n|t:|1772386811\n|switch|p1b: Incineroar|Incineroar, L50, F|100/100|[from] Volt Switch\n|-ability|p1b: Incineroar|Intimidate|boost\n|-unboost|p2a: Calyrex|atk|1\n|-unboost|p2b: Rillaboom|atk|1\n|move|p2b: Rillaboom|U-turn|p1a: Farigiraf\n|-supereffective|p1a: Farigiraf\n|-damage|p1a: Farigiraf|78/100\n|\n|t:|1772386819\n|switch|p2b: Overqwil|Overqwil, L50, M|100/100|[from] U-turn\n|-ability|p2b: Overqwil|Intimidate|boost\n|-unboost|p1a: Farigiraf|atk|1\n|-unboost|p1b: Incineroar|atk|1\n|move|p1a: Farigiraf|Trick Room|p1a: Farigiraf\n|-fieldstart|move: Trick Room|[of] p1a: Farigiraf\n|move|p2a: Calyrex|Trick Room|p2a: Calyrex\n|-fieldend|move: Trick Room\n|\n|-heal|p1a: Farigiraf|84/100|[from] Grassy Terrain\n|-heal|p2a: Calyrex|65/100|[from] Grassy Terrain\n|-heal|p2a: Calyrex|71/100|[from] item: Leftovers\n|upkeep\n|turn|2\n|l|\u2606drive stone\n|inactive|drive stone disconnected and has a minute to reconnect!\n|player|p2|\n|j|\u2606drive stone\n|inactive|drive stone reconnected and has 35 seconds left.\n|player|p2|drive stone|cilan|\n|inactive|drive stone has 30 seconds left.\n|\n|t:|1772386846\n|move|p1a: Farigiraf|Protect|p1a: Farigiraf\n|-singleturn|p1a: Farigiraf|Protect\n|move|p2a: Calyrex|Protect|p2a: Calyrex\n|-singleturn|p2a: Calyrex|Protect\n|move|p2b: Overqwil|Barb Barrage|p1a: Farigiraf\n|-activate|p1a: Farigiraf|move: Protect\n|move|p1b: Incineroar|Will-O-Wisp|p2a: Calyrex\n|-activate|p2a: Calyrex|move: Protect\n|\n|-heal|p1a: Farigiraf|90/100|[from] Grassy Terrain\n|-heal|p2a: Calyrex|77/100|[from] Grassy Terrain\n|-heal|p2a: Calyrex|83/100|[from] item: Leftovers\n|upkeep\n|turn|3\n|\n|t:|1772386863\n|switch|p1a: Miraidon|Miraidon, L50|100/100\n|-fieldstart|move: Electric Terrain|[from] ability: Hadron Engine|[of] p1a: Miraidon\n|move|p2b: Overqwil|Toxic Spikes|p1a: Miraidon\n|-sidestart|p1: chitominchia|move: Toxic Spikes\n|move|p1b: Incineroar|Will-O-Wisp|p2a: Calyrex\n|-status|p2a: Calyrex|brn\n|move|p2a: Calyrex|Leech Seed|p1a: Miraidon\n|-start|p1a: Miraidon|move: Leech Seed\n|\n|-heal|p2a: Calyrex|88/100 brn|[from] item: Leftovers\n|-damage|p1a: Miraidon|88/100|[from] Leech Seed|[of] p2a: Calyrex\n|-heal|p2a: Calyrex|99/100 brn|[silent]\n|-damage|p2a: Calyrex|93/100 brn|[from] brn\n|upkeep\n|turn|4\n|\n|t:|1772386883\n|switch|p2b: Rillaboom|Rillaboom, L50, F|100/100\n|-fieldstart|move: Grassy Terrain|[from] ability: Grassy Surge|[of] p2b: Rillaboom\n|move|p1a: Miraidon|Draco Meteor|p2b: Rillaboom|[miss]\n|-miss|p1a: Miraidon|p2b: Rillaboom\n|move|p1b: Incineroar|Parting Shot|p2a: Calyrex\n|-unboost|p2a: Calyrex|atk|1\n|-unboost|p2a: Calyrex|spa|1\n|\n|t:|1772386892\n|switch|p1b: Farigiraf|Farigiraf, L50, M|90/100|[from] Parting Shot\n|-status|p1b: Farigiraf|psn\n|move|p2a: Calyrex|Leech Seed|p1b: Farigiraf\n|-start|p1b: Farigiraf|move: Leech Seed\n|\n|-heal|p1a: Miraidon|94/100|[from] Grassy Terrain\n|-heal|p1b: Farigiraf|96/100 psn|[from] Grassy Terrain\n|-heal|p2a: Calyrex|99/100 brn|[from] Grassy Terrain\n|-heal|p2a: Calyrex|100/100 brn|[from] item: Leftovers\n|-damage|p1a: Miraidon|82/100|[from] Leech Seed|[of] p2a: Calyrex\n|-damage|p1b: Farigiraf|84/100 psn|[from] Leech Seed|[of] p2a: Calyrex\n|-damage|p1b: Farigiraf|71/100 psn|[from] psn\n|-damage|p2a: Calyrex|95/100 brn|[from] brn\n|upkeep\n|turn|5\n|\n|t:|1772386909\n|move|p1b: Farigiraf|Helping Hand|p1a: Miraidon\n|-singleturn|p1a: Miraidon|Helping Hand|[of] p1b: Farigiraf\n|move|p1a: Miraidon|Draco Meteor|p2a: Calyrex\n|-damage|p2a: Calyrex|0 fnt\n|-unboost|p1a: Miraidon|spa|2\n|faint|p2a: Calyrex\n|move|p2b: Rillaboom|U-turn|p1b: Farigiraf\n|-supereffective|p1b: Farigiraf\n|-damage|p1b: Farigiraf|17/100 psn\n|\n|t:|1772386919\n|switch|p2b: Overqwil|Overqwil, L50, M|100/100|[from] U-turn\n|-ability|p2b: Overqwil|Intimidate|boost\n|-unboost|p1a: Miraidon|atk|1\n|-unboost|p1b: Farigiraf|atk|1\n|\n|-heal|p1a: Miraidon|88/100|[from] Grassy Terrain\n|-heal|p1b: Farigiraf|23/100 psn|[from] Grassy Terrain\n|-damage|p1b: Farigiraf|11/100 psn|[from] psn\n|upkeep\n|\n|t:|1772386929\n|switch|p2a: Ogerpon|Ogerpon-Wellspring, L50, F|100/100\n|turn|6\n|\n|t:|1772386944\n|switch|p1a: Incineroar|Incineroar, L50, F|100/100\n|-status|p1a: Incineroar|psn\n|-ability|p1a: Incineroar|Intimidate|boost\n|-unboost|p2a: Ogerpon|atk|1\n|-unboost|p2b: Overqwil|atk|1\n|move|p2a: Ogerpon|Ivy Cudgel|p1a: Incineroar|[anim] Ivy Cudgel Water\n|-supereffective|p1a: Incineroar\n|-damage|p1a: Incineroar|23/100 psn\n|move|p2b: Overqwil|Toxic Spikes|p1a: Incineroar\n|-sidestart|p1: chitominchia|move: Toxic Spikes\n|move|p1b: Farigiraf|Trick Room|p1b: Farigiraf\n|-fieldstart|move: Trick Room|[of] p1b: Farigiraf\n|\n|-heal|p1a: Incineroar|29/100 psn|[from] Grassy Terrain\n|-heal|p1b: Farigiraf|17/100 psn|[from] Grassy Terrain\n|-damage|p1b: Farigiraf|4/100 psn|[from] Leech Seed|[of] p2a: Ogerpon\n|-damage|p1b: Farigiraf|0 fnt|[from] psn\n|faint|p1b: Farigiraf\n|-damage|p1a: Incineroar|17/100 psn|[from] psn\n|upkeep\n|\n|t:|1772386955\n|switch|p1b: Kyogre|Kyogre, L50|100/100\n|-status|p1b: Kyogre|tox\n|-weather|RainDance|[from] ability: Drizzle|[of] p1b: Kyogre\n|turn|7\n|\n|t:|1772386972\n|move|p2b: Overqwil|Protect|p2b: Overqwil\n|-singleturn|p2b: Overqwil|Protect\n|move|p2a: Ogerpon|Spiky Shield|p2a: Ogerpon\n|-singleturn|p2a: Ogerpon|move: Protect\n|move|p1a: Incineroar|Fake Out|p2a: Ogerpon\n|-activate|p2a: Ogerpon|move: Protect\n|-damage|p1a: Incineroar|4/100 psn|[from] Spiky Shield|[of] p2a: Ogerpon\n|move|p1b: Kyogre|Water Spout|p2b: Overqwil|[spread] \n|-activate|p2a: Ogerpon|move: Protect\n|-activate|p2b: Overqwil|move: Protect\n|\n|-weather|RainDance|[upkeep]\n|-heal|p1a: Incineroar|10/100 psn|[from] Grassy Terrain\n|-damage|p1a: Incineroar|0 fnt|[from] psn\n|faint|p1a: Incineroar\n|-damage|p1b: Kyogre|95/100 tox|[from] psn\n|upkeep\n|\n|t:|1772386976\n|switch|p1a: Miraidon|Miraidon, L50|88/100\n|-status|p1a: Miraidon|tox\n|-fieldstart|move: Electric Terrain|[from] ability: Hadron Engine|[of] p1a: Miraidon\n|turn|8\n|-message|chitominchia forfeited.\n|\n|win|drive stone\n|raw|chitominchia's rating: 1351 &rarr; <strong>1337</strong><br />(-14 for losing)\n|raw|drive stone's rating: 1461 &rarr; <strong>1475</strong><br />(+14 for winning)\n|l|\u2606chitominchia\n|player|p1|\n|l|\u2606drive stone\n|player|p2|\n","uploadtime":1772387159,"views":12,"formatid":"gen9vgc2026regi","rating":1337,"private":0,"password":null}