{"id":"gen9vgc2026regi-2551830677","format":"[Gen 9] VGC 2026 Reg I","players":["Cello L.","j0l0k0"],"log":"|j|\u2606Cello L.\n|j|\u2606j0l0k0\n|t:|1772648866\n|gametype|doubles\n|player|p1|Cello L.|psychic-gen4|1533\n|player|p2|j0l0k0|brycen|1524\n|gen|9\n|tier|[Gen 9] VGC 2026 Reg I\n|rated|\n|rule|Species Clause: Limit one of each Pok\u00e9mon\n|rule|Item Clause: Limit 1 of each item\n|clearpoke\n|poke|p1|Kyogre, L50|\n|poke|p1|Calyrex-Ice, L50|\n|poke|p1|Flutter Mane, L50|\n|poke|p1|Basculegion, L50, M|\n|poke|p1|Amoonguss, L50, F|\n|poke|p1|Grimmsnarl, L50, M|\n|poke|p2|Calyrex-Ice, L50|\n|poke|p2|Kyogre, L50|\n|poke|p2|Indeedee-F, L50, F|\n|poke|p2|Urshifu-*, L50, F|\n|poke|p2|Amoonguss, L50, F|\n|poke|p2|Landorus, L50, M|\n|teampreview|4\n|inactive|Battle timer is ON: inactive players will automatically lose when time's up. (requested by j0l0k0)\n|\n|t:|1772648889\n|teamsize|p1|4\n|teamsize|p2|4\n|start\n|switch|p1a: Calyrex|Calyrex-Ice, L50|100/100\n|switch|p1b: Grimmsnarl|Grimmsnarl, L50, M|100/100\n|switch|p2a: Kyogre|Kyogre, L50, shiny|100/100\n|switch|p2b: Indeedee|Indeedee-F, L50, F, shiny|100/100\n|-ability|p1a: Calyrex|As One\n|-ability|p1a: Calyrex|Unnerve\n|-fieldstart|move: Psychic Terrain|[from] ability: Psychic Surge|[of] p2b: Indeedee\n|-weather|RainDance|[from] ability: Drizzle|[of] p2a: Kyogre\n|turn|1\n|inactive|Cello L. has 30 seconds left.\n|inactive|Cello L. has 20 seconds left.\n|inactive|Cello L. has 15 seconds left.\n|\n|t:|1772648934\n|switch|p1a: Kyogre|Kyogre, L50|100/100\n|move|p2b: Indeedee|Helping Hand|p2a: Kyogre\n|-singleturn|p2a: Kyogre|Helping Hand|[of] p2b: Indeedee\n|move|p1b: Grimmsnarl|Light Screen|p1b: Grimmsnarl\n|-sidestart|p1: Cello L.|move: Light Screen\n|move|p2a: Kyogre|Water Spout|p1a: Kyogre|[spread] p1a,p1b\n|-resisted|p1a: Kyogre\n|-damage|p1a: Kyogre|63/100\n|-damage|p1b: Grimmsnarl|4/100\n|\n|-weather|RainDance|[upkeep]\n|upkeep\n|turn|2\n|\n|t:|1772648953\n|move|p2b: Indeedee|Helping Hand|p2a: Kyogre\n|-singleturn|p2a: Kyogre|Helping Hand|[of] p2b: Indeedee\n|move|p1b: Grimmsnarl|Reflect|p1b: Grimmsnarl\n|-sidestart|p1: Cello L.|Reflect\n|move|p1a: Kyogre|Water Spout|p2a: Kyogre|[spread] p2a,p2b\n|-resisted|p2a: Kyogre\n|-damage|p2a: Kyogre|83/100\n|-damage|p2b: Indeedee|41/100\n|move|p2a: Kyogre|Thunder|p1a: Kyogre\n|-supereffective|p1a: Kyogre\n|-damage|p1a: Kyogre|0 fnt\n|faint|p1a: Kyogre\n|\n|-weather|RainDance|[upkeep]\n|upkeep\n|\n|t:|1772648964\n|switch|p1a: Calyrex|Calyrex-Ice, L50|100/100\n|-ability|p1a: Calyrex|As One\n|-ability|p1a: Calyrex|Unnerve\n|turn|3\n|\n|t:|1772648972\n|move|p2b: Indeedee|Follow Me|p2b: Indeedee\n|-singleturn|p2b: Indeedee|move: Follow Me\n|move|p2a: Kyogre|Water Spout|p1a: Calyrex|[spread] p1a,p1b\n|-damage|p1a: Calyrex|67/100\n|-damage|p1b: Grimmsnarl|0 fnt\n|faint|p1b: Grimmsnarl\n|move|p1a: Calyrex|Glacial Lance|p2b: Indeedee|[spread] p2a,p2b\n|-resisted|p2a: Kyogre\n|-crit|p2b: Indeedee\n|-damage|p2a: Kyogre|60/100\n|-damage|p2b: Indeedee|0 fnt\n|faint|p2b: Indeedee\n|-ability|p1a: Calyrex|Chilling Neigh|boost\n|-boost|p1a: Calyrex|atk|1\n|\n|-weather|RainDance|[upkeep]\n|-heal|p1a: Calyrex|73/100|[from] item: Leftovers\n|upkeep\n|\n|t:|1772648984\n|switch|p2b: Urshifu|Urshifu, L50, F|100/100\n|switch|p1b: Basculegion|Basculegion, L50, M|100/100\n|turn|4\n|\n|t:|1772649001\n|-terastallize|p1a: Calyrex|Fairy\n|move|p1b: Basculegion|Aqua Jet|p2b: Urshifu\n|-activate|p2b: Urshifu|move: Psychic Terrain\n|move|p2b: Urshifu|Wicked Blow|p1a: Calyrex\n|-resisted|p1a: Calyrex\n|-crit|p1a: Calyrex\n|-damage|p1a: Calyrex|55/100\n|move|p2a: Kyogre|Thunder|p1b: Basculegion\n|-supereffective|p1b: Basculegion\n|-damage|p1b: Basculegion|35/100\n|move|p1a: Calyrex|Glacial Lance|p2a: Kyogre|[spread] p2a,p2b\n|-resisted|p2a: Kyogre\n|-damage|p2a: Kyogre|20/100\n|-damage|p2b: Urshifu|25/100\n|\n|-weather|RainDance|[upkeep]\n|-heal|p1a: Calyrex|60/100|[from] item: Leftovers\n|upkeep\n|turn|5\n|\n|t:|1772649022\n|move|p1b: Basculegion|Last Respects|p2a: Kyogre\n|-damage|p2a: Kyogre|0 fnt\n|faint|p2a: Kyogre\n|-damage|p1b: Basculegion|25/100|[from] item: Life Orb\n|move|p2b: Urshifu|Poison Jab|p1a: Calyrex\n|-supereffective|p1a: Calyrex\n|-damage|p1a: Calyrex|36/100\n|move|p1a: Calyrex|Glacial Lance|p2b: Urshifu\n|-damage|p2b: Urshifu|0 fnt\n|faint|p2b: Urshifu\n|-ability|p1a: Calyrex|Chilling Neigh|boost\n|-boost|p1a: Calyrex|atk|1\n|\n|-weather|none\n|-heal|p1a: Calyrex|42/100|[from] item: Leftovers\n|-fieldend|move: Psychic Terrain\n|upkeep\n|\n|t:|1772649030\n|switch|p2b: Calyrex|Calyrex-Ice, L50|100/100\n|-ability|p2b: Calyrex|As One\n|-ability|p2b: Calyrex|Unnerve\n|turn|6\n|\n|t:|1772649042\n|-terastallize|p2b: Calyrex|Normal\n|move|p1b: Basculegion|Last Respects|p2b: Calyrex\n|-immune|p2b: Calyrex\n|move|p1a: Calyrex|Leech Seed|p2b: Calyrex\n|-start|p2b: Calyrex|move: Leech Seed\n|move|p2b: Calyrex|Glacial Lance|p1a: Calyrex|[spread] p1a,p1b\n|-resisted|p1b: Basculegion\n|-damage|p1a: Calyrex|15/100\n|-damage|p1b: Basculegion|3/100\n|\n|-heal|p1a: Calyrex|20/100|[from] item: Leftovers\n|-damage|p2b: Calyrex|88/100|[from] Leech Seed|[of] p1a: Calyrex\n|-heal|p1a: Calyrex|32/100|[silent]\n|upkeep\n|turn|7\n|\n|t:|1772649063\n|move|p1b: Basculegion|Protect|p1b: Basculegion\n|-singleturn|p1b: Basculegion|Protect\n|move|p1a: Calyrex|Protect|p1a: Calyrex\n|-singleturn|p1a: Calyrex|Protect\n|move|p2b: Calyrex|Glacial Lance|p1b: Basculegion|[spread] \n|-activate|p1a: Calyrex|move: Protect\n|-activate|p1b: Basculegion|move: Protect\n|\n|-heal|p1a: Calyrex|38/100|[from] item: Leftovers\n|-damage|p2b: Calyrex|76/100|[from] Leech Seed|[of] p1a: Calyrex\n|-heal|p1a: Calyrex|50/100|[silent]\n|upkeep\n|turn|8\n|\n|t:|1772649076\n|move|p1b: Basculegion|Wave Crash|p2b: Calyrex\n|-damage|p2b: Calyrex|31/100\n|-damage|p1b: Basculegion|0 fnt|[from] Recoil\n|faint|p1b: Basculegion\n|move|p1a: Calyrex|Glacial Lance|p2b: Calyrex\n|-damage|p2b: Calyrex|0 fnt\n|faint|p2b: Calyrex\n|\n|win|Cello L.\n|raw|Cello L.'s rating: 1533 &rarr; <strong>1552</strong><br />(+19 for winning)\n|raw|j0l0k0's rating: 1524 &rarr; <strong>1505</strong><br />(-19 for losing)\n|l|\u2606j0l0k0\n|player|p2|\n","uploadtime":1772649084,"views":20,"formatid":"gen9vgc2026regi","rating":1505,"private":0,"password":null}