{"id":"gen9vgc2026regi-2517646073","format":"[Gen 9] VGC 2026 Reg I","players":["yaochangzhe","Ice124567890"],"log":"|j|\u2606yaochangzhe\n|j|\u2606Ice124567890\n|t:|1768291167\n|gametype|doubles\n|player|p1|yaochangzhe|265|1266\n|player|p2|Ice124567890|169|1365\n|gen|9\n|tier|[Gen 9] VGC 2026 Reg I\n|rated|\n|rule|Species Clause: Limit one of each Pok\u00e9mon\n|rule|Item Clause: Limit 1 of each item\n|clearpoke\n|poke|p1|Kyogre, L50|\n|poke|p1|Calyrex-Ice, L50|\n|poke|p1|Urshifu-*, L50, M|\n|poke|p1|Grimmsnarl, L50, M|\n|poke|p1|Landorus, L50, M|\n|poke|p1|Rillaboom, L50, F|\n|poke|p2|Incineroar, L50, M|\n|poke|p2|Koraidon, L50|\n|poke|p2|Lunala, L50|\n|poke|p2|Flutter Mane, L50|\n|poke|p2|Ursaluna, L50, M|\n|poke|p2|Amoonguss, L50, F|\n|teampreview|4\n|inactive|Battle timer is ON: inactive players will automatically lose when time's up. (requested by Ice124567890)\n|inactive|Ice124567890 has 60 seconds left.\n|\n|t:|1768291210\n|teamsize|p1|4\n|teamsize|p2|4\n|start\n|switch|p1a: Grimmsnarl|Grimmsnarl, L50, M|100/100\n|switch|p1b: Calyrex|Calyrex-Ice, L50|100/100\n|switch|p2a: Lunala|Lunala, L50|100/100\n|switch|p2b: Amoonguss|Amoonguss, L50, F|100/100\n|-ability|p1b: Calyrex|As One\n|-ability|p1b: Calyrex|Unnerve\n|turn|1\n|\n|t:|1768291234\n|move|p1b: Calyrex|Protect|p1b: Calyrex\n|-singleturn|p1b: Calyrex|Protect\n|move|p2a: Lunala|Wide Guard|p2a: Lunala\n|-singleturn|p2a: Lunala|Wide Guard\n|move|p1a: Grimmsnarl|Taunt|p2b: Amoonguss\n|-start|p2b: Amoonguss|move: Taunt\n|cant|p2b: Amoonguss|move: Taunt|Spore\n|\n|upkeep\n|turn|2\n|\n|t:|1768291249\n|switch|p2b: Koraidon|Koraidon, L50|100/100\n|-weather|SunnyDay|[from] ability: Orichalcum Pulse|[of] p2b: Koraidon\n|-activate|p2b: Koraidon|Orichalcum Pulse|[source]\n|move|p2a: Lunala|Wide Guard|p2a: Lunala\n|-singleturn|p2a: Lunala|Wide Guard\n|move|p1a: Grimmsnarl|Foul Play|p2a: Lunala\n|-supereffective|p2a: Lunala\n|-damage|p2a: Lunala|50/100\n|move|p1b: Calyrex|Glacial Lance|p2b: Koraidon|[spread] \n|-activate|p2a: Lunala|move: Wide Guard\n|-activate|p2b: Koraidon|move: Wide Guard\n|\n|-weather|SunnyDay|[upkeep]\n|upkeep\n|turn|3\n|\n|t:|1768291269\n|switch|p1b: Kyogre|Kyogre, L50|100/100\n|-weather|RainDance|[from] ability: Drizzle|[of] p1b: Kyogre\n|-terastallize|p2b: Koraidon|Fire\n|move|p2a: Lunala|Wide Guard|p2a: Lunala\n|-singleturn|p2a: Lunala|Wide Guard\n|move|p1a: Grimmsnarl|Reflect|p1a: Grimmsnarl\n|-sidestart|p1: yaochangzhe|Reflect\n|move|p2b: Koraidon|Flare Blitz|p1a: Grimmsnarl\n|-damage|p1a: Grimmsnarl|75/100\n|-status|p1a: Grimmsnarl|brn\n|-damage|p2b: Koraidon|91/100|[from] Recoil\n|-damage|p2b: Koraidon|81/100|[from] item: Life Orb\n|\n|-weather|RainDance|[upkeep]\n|-damage|p1a: Grimmsnarl|69/100 brn|[from] brn\n|upkeep\n|turn|4\n|\n|t:|1768291292\n|switch|p2b: Amoonguss|Amoonguss, L50, F|100/100\n|move|p1b: Kyogre|Origin Pulse|p2a: Lunala|[spread] p2a,p2b\n|-resisted|p2b: Amoonguss\n|-damage|p2a: Lunala|2/100\n|-damage|p2b: Amoonguss|76/100\n|move|p1a: Grimmsnarl|Foul Play|p2a: Lunala\n|-supereffective|p2a: Lunala\n|-damage|p2a: Lunala|0 fnt\n|faint|p2a: Lunala\n|\n|-weather|RainDance|[upkeep]\n|-damage|p1a: Grimmsnarl|63/100 brn|[from] brn\n|upkeep\n|\n|t:|1768291300\n|switch|p2a: Koraidon|Koraidon, L50, tera:Fire|81/100\n|-weather|SunnyDay|[from] ability: Orichalcum Pulse|[of] p2a: Koraidon\n|-activate|p2a: Koraidon|Orichalcum Pulse|[source]\n|turn|5\n|\n|t:|1768291310\n|switch|p1b: Urshifu|Urshifu-Rapid-Strike, L50, M|100/100\n|move|p1a: Grimmsnarl|Taunt|p2b: Amoonguss\n|-start|p2b: Amoonguss|move: Taunt\n|move|p2a: Koraidon|Close Combat|p1b: Urshifu\n|-damage|p1b: Urshifu|24/100\n|-unboost|p2a: Koraidon|def|1\n|-unboost|p2a: Koraidon|spd|1\n|-damage|p2a: Koraidon|71/100|[from] item: Life Orb\n|move|p2b: Amoonguss|Pollen Puff|p2a: Koraidon\n|-heal|p2a: Koraidon|100/100\n|\n|-weather|SunnyDay|[upkeep]\n|-damage|p1a: Grimmsnarl|57/100 brn|[from] brn\n|upkeep\n|turn|6\n|\n|t:|1768291322\n|switch|p2a: Ursaluna|Ursaluna, L50, M|100/100\n|switch|p1a: Kyogre|Kyogre, L50|100/100\n|-weather|RainDance|[from] ability: Drizzle|[of] p1a: Kyogre\n|move|p1b: Urshifu|Surging Strikes|p2a: Ursaluna\n|-supereffective|p2a: Ursaluna\n|-crit|p2a: Ursaluna\n|-damage|p2a: Ursaluna|49/100\n|-supereffective|p2a: Ursaluna\n|-crit|p2a: Ursaluna\n|-damage|p2a: Ursaluna|3/100\n|-supereffective|p2a: Ursaluna\n|-crit|p2a: Ursaluna\n|-damage|p2a: Ursaluna|0 fnt\n|faint|p2a: Ursaluna\n|-hitcount|p2: Ursaluna|3\n|move|p2b: Amoonguss|Pollen Puff|p2: Ursaluna|[notarget]\n|-fail|p2b: Amoonguss\n|\n|-weather|RainDance|[upkeep]\n|upkeep\n|\n|t:|1768291327\n|switch|p2a: Koraidon|Koraidon, L50, tera:Fire|100/100\n|-weather|SunnyDay|[from] ability: Orichalcum Pulse|[of] p2a: Koraidon\n|-activate|p2a: Koraidon|Orichalcum Pulse|[source]\n|turn|7\n|\n|t:|1768291338\n|switch|p1b: Calyrex|Calyrex-Ice, L50|100/100\n|-ability|p1b: Calyrex|As One\n|-ability|p1b: Calyrex|Unnerve\n|switch|p1a: Grimmsnarl|Grimmsnarl, L50, M|57/100 brn\n|move|p2a: Koraidon|Flare Blitz|p1a: Grimmsnarl\n|-damage|p1a: Grimmsnarl|0 fnt\n|faint|p1a: Grimmsnarl\n|-damage|p2a: Koraidon|79/100|[from] Recoil\n|-damage|p2a: Koraidon|69/100|[from] item: Life Orb\n|move|p2b: Amoonguss|Pollen Puff|p2a: Koraidon\n|-heal|p2a: Koraidon|100/100\n|\n|-weather|SunnyDay|[upkeep]\n|-end|p2b: Amoonguss|move: Taunt\n|upkeep\n|\n|t:|1768291344\n|switch|p1a: Urshifu|Urshifu-Rapid-Strike, L50, M|24/100\n|turn|8\n|inactive|yaochangzhe has 30 seconds left.\n|\n|t:|1768291376\n|switch|p1a: Kyogre|Kyogre, L50|100/100\n|-weather|RainDance|[from] ability: Drizzle|[of] p1a: Kyogre\n|move|p2a: Koraidon|Close Combat|p1a: Kyogre\n|-crit|p1a: Kyogre\n|-damage|p1a: Kyogre|0 fnt\n|-unboost|p2a: Koraidon|def|1\n|-unboost|p2a: Koraidon|spd|1\n|faint|p1a: Kyogre\n|-damage|p2a: Koraidon|91/100|[from] item: Life Orb\n|move|p1b: Calyrex|Glacial Lance|p2b: Amoonguss|[spread] p2a,p2b\n|-resisted|p2a: Koraidon\n|-supereffective|p2b: Amoonguss\n|-damage|p2a: Koraidon|51/100\n|-damage|p2b: Amoonguss|0 fnt\n|faint|p2b: Amoonguss\n|-ability|p1b: Calyrex|Chilling Neigh|boost\n|-boost|p1b: Calyrex|atk|1\n|\n|-weather|RainDance|[upkeep]\n|upkeep\n|\n|t:|1768291383\n|switch|p1a: Urshifu|Urshifu-Rapid-Strike, L50, M|24/100\n|turn|9\n|-message|Ice124567890 forfeited.\n|\n|win|yaochangzhe\n|raw|yaochangzhe's rating: 1266 &rarr; <strong>1298</strong><br />(+32 for winning)\n|raw|Ice124567890's rating: 1365 &rarr; <strong>1339</strong><br />(-26 for losing)\n|l|\u2606Ice124567890\n|player|p2|\n|l|\u2606yaochangzhe\n|player|p1|\n","uploadtime":1768291750,"views":12,"formatid":"gen9vgc2026regi","rating":1298,"private":0,"password":null}