{"id":"gen9vgc2026regi-2589391319","format":"[Gen 9] VGC 2026 Reg I","players":["SalmonintheGanges","Lil Tic"],"log":"|j|\u2606SalmonintheGanges\n|j|\u2606Lil Tic\n|t:|1776719200\n|gametype|doubles\n|player|p1|SalmonintheGanges|fisherman|1587\n|player|p2|Lil Tic|1|1496\n|gen|9\n|tier|[Gen 9] VGC 2026 Reg I\n|rated|\n|rule|Species Clause: Limit one of each Pok\u00e9mon\n|rule|Item Clause: Limit 1 of each item\n|clearpoke\n|poke|p1|Muk-Alola, L50, F|\n|poke|p1|Calyrex-Shadow, L50|\n|poke|p1|Terapagos, L50, M|\n|poke|p1|Smeargle, L50, F|\n|poke|p1|Flamigo, L50, F|\n|poke|p1|Cresselia, L50, F|\n|poke|p2|Koraidon, L50|\n|poke|p2|Flutter Mane, L50|\n|poke|p2|Ho-Oh, L50|\n|poke|p2|Incineroar, L50, M|\n|poke|p2|Amoonguss, L50, M|\n|poke|p2|Ting-Lu, L50|\n|teampreview|4\n|inactive|Battle timer is ON: inactive players will automatically lose when time's up. (requested by SalmonintheGanges)\n|inactive|Lil Tic has 60 seconds left.\n|l|\u2606SalmonintheGanges\n|inactive|SalmonintheGanges disconnected and has a minute to reconnect!\n|player|p1|\n|inactive|Lil Tic has 30 seconds left.\n|\n|t:|1776719267\n|teamsize|p1|4\n|teamsize|p2|4\n|start\n|switch|p1a: Smeargle|Smeargle, L50, F|100/100\n|switch|p1b: Terapagos|Terapagos, L50, M|100/100\n|switch|p2a: Incineroar|Incineroar, L50, M|100/100\n|switch|p2b: Koraidon|Koraidon, L50|100/100\n|-activate|p1b: Terapagos|ability: Tera Shift\n|detailschange|p1b: Terapagos|Terapagos-Terastal, L50, M\n|-heal|p1b: Terapagos|100/100|[silent]\n|-weather|SunnyDay|[from] ability: Orichalcum Pulse|[of] p2b: Koraidon\n|-activate|p2b: Koraidon|Orichalcum Pulse|[source]\n|-ability|p2a: Incineroar|Intimidate|boost\n|-unboost|p1a: Smeargle|atk|1\n|-unboost|p1b: Terapagos|atk|1\n|turn|1\n|j|\u2606SalmonintheGanges\n|inactive|SalmonintheGanges reconnected and has 55 seconds left.\n|player|p1|SalmonintheGanges|fisherman|\n|l|\u2606SalmonintheGanges\n|inactive|SalmonintheGanges disconnected and has a minute to reconnect!\n|player|p1|\n|j|\u2606SalmonintheGanges\n|inactive|SalmonintheGanges reconnected and has 45 seconds left.\n|player|p1|SalmonintheGanges|fisherman|\n|l|\u2606SalmonintheGanges\n|inactive|SalmonintheGanges disconnected and has a minute to reconnect!\n|player|p1|\n|j|\u2606SalmonintheGanges\n|inactive|SalmonintheGanges reconnected and has 35 seconds left.\n|player|p1|SalmonintheGanges|fisherman|\n|inactive|SalmonintheGanges has 30 seconds left.\n|inactive|SalmonintheGanges has 20 seconds left.\n|\n|t:|1776719303\n|move|p2a: Incineroar|Fake Out|p1b: Terapagos\n|-activate|p1b: Terapagos|ability: Tera Shell\n|-resisted|p1b: Terapagos\n|-damage|p1b: Terapagos|97/100\n|move|p2b: Koraidon|Collision Course|p1a: Smeargle\n|-supereffective|p1a: Smeargle\n|-enditem|p1a: Smeargle|Focus Sash\n|-damage|p1a: Smeargle|1/100\n|-damage|p2b: Koraidon|91/100|[from] item: Life Orb\n|move|p1a: Smeargle|Spore|p2b: Koraidon\n|-status|p2b: Koraidon|slp|[from] move: Spore\n|move|p1b: Terapagos|Calm Mind|p1b: Terapagos\n|-boost|p1b: Terapagos|spa|1\n|-boost|p1b: Terapagos|spd|1\n|\n|-weather|SunnyDay|[upkeep]\n|-ability|p1a: Smeargle|Moody|boost\n|-boost|p1a: Smeargle|def|2\n|-unboost|p1a: Smeargle|atk|1\n|upkeep\n|turn|2\n|\n|t:|1776719326\n|cant|p2b: Koraidon|slp\n|move|p1a: Smeargle|Spore|p2a: Incineroar\n|-activate|p2a: Incineroar|item: Safety Goggles|Spore\n|move|p1b: Terapagos|Calm Mind|p1b: Terapagos\n|-boost|p1b: Terapagos|spa|1\n|-boost|p1b: Terapagos|spd|1\n|move|p2a: Incineroar|Parting Shot|p1b: Terapagos\n|-unboost|p1b: Terapagos|atk|1\n|-unboost|p1b: Terapagos|spa|1\n|\n|t:|1776719333\n|switch|p2a: Flutter Mane|Flutter Mane, L50|100/100|[from] Parting Shot\n|-activate|p2a: Flutter Mane|ability: Protosynthesis\n|-start|p2a: Flutter Mane|protosynthesisspe\n|\n|-weather|SunnyDay|[upkeep]\n|-ability|p1a: Smeargle|Moody|boost\n|-boost|p1a: Smeargle|def|2\n|-unboost|p1a: Smeargle|atk|1\n|upkeep\n|turn|3\n|inactive|SalmonintheGanges has 30 seconds left.\n|\n|t:|1776719360\n|-terastallize|p1b: Terapagos|Stellar\n|detailschange|p1b: Terapagos|Terapagos-Stellar, L50, M, tera:Stellar\n|-heal|p1b: Terapagos|98/100|[silent]\n|-ability|p1b: Terapagos|Teraform Zero\n|-weather|none\n|-end|p2a: Flutter Mane|Protosynthesis\n|move|p2a: Flutter Mane|Moonblast|p1a: Smeargle\n|-damage|p1a: Smeargle|0 fnt\n|faint|p1a: Smeargle\n|cant|p2b: Koraidon|slp\n|move|p1b: Terapagos|Tera Starstorm|p2b: Koraidon|[spread] p2a,p2b\n|-damage|p2a: Flutter Mane|44/100\n|-damage|p2b: Koraidon|34/100 slp\n|\n|upkeep\n|\n|t:|1776719370\n|switch|p1a: Calyrex|Calyrex-Shadow, L50|100/100\n|-ability|p1a: Calyrex|As One\n|-ability|p1a: Calyrex|Unnerve\n|turn|4\n|\n|t:|1776719390\n|switch|p2b: Ho-Oh|Ho-Oh, L50|100/100\n|move|p1a: Calyrex|Astral Barrage|p2a: Flutter Mane|[spread] p2a,p2b\n|-supereffective|p2a: Flutter Mane\n|-crit|p2a: Flutter Mane\n|-damage|p2a: Flutter Mane|0 fnt\n|-damage|p2b: Ho-Oh|72/100\n|faint|p2a: Flutter Mane\n|-end|p2a: Flutter Mane|Protosynthesis|[silent]\n|-ability|p1a: Calyrex|Grim Neigh|boost\n|-boost|p1a: Calyrex|spa|1\n|move|p1b: Terapagos|Tera Starstorm|p2b: Ho-Oh\n|-damage|p2b: Ho-Oh|30/100\n|\n|upkeep\n|\n|t:|1776719394\n|switch|p2a: Incineroar|Incineroar, L50, M|100/100\n|-ability|p2a: Incineroar|Intimidate|boost\n|-unboost|p1a: Calyrex|atk|1\n|-unboost|p1b: Terapagos|atk|1\n|turn|5\n|\n|t:|1776719408\n|move|p2b: Ho-Oh|Protect|p2b: Ho-Oh\n|-singleturn|p2b: Ho-Oh|Protect\n|move|p1a: Calyrex|Psych Up|p1b: Terapagos\n|-copyboost|p1a: Calyrex|p1b: Terapagos|[from] move: Psych Up\n|move|p1b: Terapagos|Calm Mind|p1b: Terapagos\n|-boost|p1b: Terapagos|spa|1\n|-boost|p1b: Terapagos|spd|1\n|move|p2a: Incineroar|Knock Off|p1a: Calyrex\n|-supereffective|p1a: Calyrex\n|-damage|p1a: Calyrex|0 fnt\n|-enditem|p1a: Calyrex|Sitrus Berry|[from] move: Knock Off|[of] p2a: Incineroar\n|faint|p1a: Calyrex\n|\n|upkeep\n|\n|t:|1776719418\n|switch|p1a: Muk|Muk-Alola, L50, F|100/100\n|turn|6\n|\n|t:|1776719437\n|move|p2b: Ho-Oh|Brave Bird|p1a: Muk\n|-damage|p1a: Muk|40/100\n|-damage|p2b: Ho-Oh|9/100|[from] Recoil\n|move|p1b: Terapagos|Tera Starstorm|p2b: Ho-Oh|[spread] p2a,p2b\n|-damage|p2a: Incineroar|28/100\n|-damage|p2b: Ho-Oh|0 fnt\n|faint|p2b: Ho-Oh\n|move|p2a: Incineroar|Flare Blitz|p1a: Muk\n|-damage|p1a: Muk|0 fnt\n|faint|p1a: Muk\n|-damage|p2a: Incineroar|15/100|[from] Recoil\n|\n|upkeep\n|\n|t:|1776719443\n|switch|p2b: Koraidon|Koraidon, L50|34/100 slp\n|-weather|SunnyDay|[from] ability: Orichalcum Pulse|[of] p2b: Koraidon\n|-activate|p2b: Koraidon|Orichalcum Pulse|[source]\n|turn|7\n|\n|t:|1776719448\n|cant|p2b: Koraidon|slp\n|move|p1b: Terapagos|Tera Starstorm|p2b: Koraidon|[spread] p2a,p2b\n|-damage|p2a: Incineroar|0 fnt\n|-damage|p2b: Koraidon|0 fnt\n|faint|p2a: Incineroar\n|faint|p2b: Koraidon\n|\n|win|SalmonintheGanges\n|raw|SalmonintheGanges's rating: 1587 &rarr; <strong>1602</strong><br />(+15 for winning)\n|raw|Lil Tic's rating: 1496 &rarr; <strong>1481</strong><br />(-15 for losing)\n|l|\u2606Lil Tic\n|player|p2|\n|l|\u2606SalmonintheGanges\n|player|p1|\n","uploadtime":1776719616,"views":10,"formatid":"gen9vgc2026regi","rating":1481,"private":0,"password":null}