{"id":"gen9vgc2026regi-2527187769","format":"[Gen 9] VGC 2026 Reg I","players":["Alex Sotos fan","ky123456"],"log":"|j|\u2606Alex Sotos fan\n|j|\u2606ky123456\n|t:|1769510286\n|gametype|doubles\n|player|p1|Alex Sotos fan|youngster-gen4dp|1471\n|player|p2|ky123456|cynthia-gen4|1496\n|gen|9\n|tier|[Gen 9] VGC 2026 Reg I\n|rated|\n|rule|Species Clause: Limit one of each Pok\u00e9mon\n|rule|Item Clause: Limit 1 of each item\n|clearpoke\n|poke|p1|Kyogre, L50|\n|poke|p1|Calyrex-Ice, L50|\n|poke|p1|Landorus, L50, M|\n|poke|p1|Tornadus, L50, M|\n|poke|p1|Urshifu-*, L50, F|\n|poke|p1|Rillaboom, L50, F|\n|poke|p2|Kyogre, L50|\n|poke|p2|Calyrex-Ice, L50|\n|poke|p2|Grimmsnarl, L50, M|\n|poke|p2|Rillaboom, L50, M|\n|poke|p2|Landorus, L50, M|\n|poke|p2|Urshifu-*, L50, F|\n|teampreview|4\n|inactive|Battle timer is ON: inactive players will automatically lose when time's up. (requested by Alex Sotos fan)\n|\n|t:|1769510311\n|teamsize|p1|4\n|teamsize|p2|4\n|start\n|switch|p1a: Kyogre|Kyogre, L50|100/100\n|switch|p1b: Tornadus|Tornadus, L50, M, shiny|100/100\n|switch|p2a: Calyrex|Calyrex-Ice, L50|100/100\n|switch|p2b: Grimmsnarl|Grimmsnarl, L50, M|100/100\n|-ability|p2a: Calyrex|As One\n|-ability|p2a: Calyrex|Unnerve\n|-weather|RainDance|[from] ability: Drizzle|[of] p1a: Kyogre\n|turn|1\n|\n|t:|1769510329\n|switch|p1b: Urshifu|Urshifu-Rapid-Strike, L50, F|100/100\n|move|p2b: Grimmsnarl|Light Screen|p2b: Grimmsnarl\n|-sidestart|p2: ky123456|move: Light Screen\n|move|p1a: Kyogre|Water Spout|p2b: Grimmsnarl|[spread] p2a,p2b\n|-damage|p2a: Calyrex|52/100\n|-damage|p2b: Grimmsnarl|18/100\n|move|p2a: Calyrex|Glacial Lance|p1b: Urshifu|[spread] p1a,p1b\n|-resisted|p1a: Kyogre\n|-crit|p1a: Kyogre\n|-resisted|p1b: Urshifu\n|-damage|p1a: Kyogre|66/100\n|-damage|p1b: Urshifu|73/100\n|\n|-weather|RainDance|[upkeep]\n|-heal|p2a: Calyrex|58/100|[from] item: Leftovers\n|upkeep\n|turn|2\n|inactive|ky123456 has 30 seconds left.\n|\n|t:|1769510359\n|switch|p2a: Rillaboom|Rillaboom, L50, M|100/100\n|-fieldstart|move: Grassy Terrain|[from] ability: Grassy Surge|[of] p2a: Rillaboom\n|move|p2b: Grimmsnarl|Thunder Wave|p1b: Urshifu\n|-status|p1b: Urshifu|par\n|move|p1a: Kyogre|Origin Pulse|p2b: Grimmsnarl|[spread] p2a\n|-miss|p1a: Kyogre|p2b: Grimmsnarl\n|-resisted|p2a: Rillaboom\n|-damage|p2a: Rillaboom|71/100\n|move|p1b: Urshifu|Surging Strikes|p2a: Rillaboom\n|-resisted|p2a: Rillaboom\n|-crit|p2a: Rillaboom\n|-damage|p2a: Rillaboom|57/100\n|-resisted|p2a: Rillaboom\n|-crit|p2a: Rillaboom\n|-damage|p2a: Rillaboom|41/100\n|-resisted|p2a: Rillaboom\n|-crit|p2a: Rillaboom\n|-damage|p2a: Rillaboom|27/100\n|-hitcount|p2a: Rillaboom|3\n|\n|-weather|RainDance|[upkeep]\n|-heal|p1a: Kyogre|72/100|[from] Grassy Terrain\n|-heal|p1b: Urshifu|79/100 par|[from] Grassy Terrain\n|-heal|p2a: Rillaboom|32/100|[from] Grassy Terrain\n|-heal|p2b: Grimmsnarl|24/100|[from] Grassy Terrain\n|upkeep\n|turn|3\n|inactive|Alex Sotos fan has 30 seconds left.\n|\n|t:|1769510391\n|move|p1a: Kyogre|Protect|p1a: Kyogre\n|-singleturn|p1a: Kyogre|Protect\n|move|p2a: Rillaboom|Grassy Glide|p1b: Urshifu\n|-supereffective|p1b: Urshifu\n|-damage|p1b: Urshifu|0 fnt\n|faint|p1b: Urshifu\n|move|p2b: Grimmsnarl|Thunder Wave|p1a: Kyogre\n|-activate|p1a: Kyogre|move: Protect\n|\n|-weather|RainDance|[upkeep]\n|-heal|p1a: Kyogre|77/100|[from] Grassy Terrain\n|-heal|p2a: Rillaboom|38/100|[from] Grassy Terrain\n|-heal|p2b: Grimmsnarl|30/100|[from] Grassy Terrain\n|upkeep\n|\n|t:|1769510397\n|switch|p1b: Tornadus|Tornadus, L50, M, shiny|100/100\n|turn|4\n|\n|t:|1769510413\n|switch|p1a: Calyrex|Calyrex-Ice, L50|100/100\n|-ability|p1a: Calyrex|As One\n|-ability|p1a: Calyrex|Unnerve\n|move|p2b: Grimmsnarl|Thunder Wave|p1a: Calyrex\n|-status|p1a: Calyrex|par\n|move|p1b: Tornadus|Bleakwind Storm|p2a: Rillaboom|[spread] p2a,p2b\n|-supereffective|p2a: Rillaboom\n|-damage|p2a: Rillaboom|0 fnt\n|-damage|p2b: Grimmsnarl|1/100\n|-unboost|p2b: Grimmsnarl|spe|1\n|faint|p2a: Rillaboom\n|\n|-weather|RainDance|[upkeep]\n|-heal|p2b: Grimmsnarl|7/100|[from] Grassy Terrain\n|upkeep\n|\n|t:|1769510428\n|switch|p2a: Kyogre|Kyogre, L50|100/100\n|turn|5\n|\n|t:|1769510441\n|-terastallize|p1a: Calyrex|Grass\n|move|p1b: Tornadus|Protect|p1b: Tornadus\n|-singleturn|p1b: Tornadus|Protect\n|move|p2b: Grimmsnarl|Reflect|p2b: Grimmsnarl\n|-sidestart|p2: ky123456|Reflect\n|move|p2a: Kyogre|Water Spout|p1b: Tornadus|[spread] p1a\n|-activate|p1b: Tornadus|move: Protect\n|-resisted|p1a: Calyrex\n|-damage|p1a: Calyrex|70/100 par\n|cant|p1a: Calyrex|par\n|\n|-weather|none\n|-heal|p2b: Grimmsnarl|13/100|[from] Grassy Terrain\n|-heal|p1a: Calyrex|76/100 par|[from] Grassy Terrain\n|-heal|p1a: Calyrex|82/100 par|[from] item: Leftovers\n|upkeep\n|turn|6\n|\n|t:|1769510462\n|move|p2b: Grimmsnarl|Thunder Wave|p1b: Tornadus\n|-status|p1b: Tornadus|par\n|move|p2a: Kyogre|Water Spout|p1b: Tornadus|[spread] p1a,p1b\n|-resisted|p1a: Calyrex\n|-damage|p1a: Calyrex|60/100 par\n|-damage|p1b: Tornadus|9/100 par\n|cant|p1b: Tornadus|par\n|move|p1a: Calyrex|Glacial Lance|p2a: Kyogre|[spread] p2a,p2b\n|-resisted|p2a: Kyogre\n|-damage|p2a: Kyogre|82/100\n|-damage|p2b: Grimmsnarl|0 fnt\n|faint|p2b: Grimmsnarl\n|-ability|p1a: Calyrex|Chilling Neigh|boost\n|-boost|p1a: Calyrex|atk|1\n|\n|-heal|p2a: Kyogre|88/100|[from] Grassy Terrain\n|-heal|p1a: Calyrex|66/100 par|[from] Grassy Terrain\n|-heal|p1a: Calyrex|72/100 par|[from] item: Leftovers\n|-fieldend|move: Grassy Terrain\n|upkeep\n|\n|t:|1769510473\n|switch|p2b: Calyrex|Calyrex-Ice, L50|58/100\n|-ability|p2b: Calyrex|As One\n|-ability|p2b: Calyrex|Unnerve\n|turn|7\n|\n|t:|1769510479\n|cant|p1a: Calyrex|par\n|move|p1b: Tornadus|Tailwind|p1b: Tornadus\n|-sidestart|p1: Alex Sotos fan|move: Tailwind\n|move|p2a: Kyogre|Water Spout|p1b: Tornadus|[spread] p1a,p1b\n|-resisted|p1a: Calyrex\n|-damage|p1a: Calyrex|52/100 par\n|-damage|p1b: Tornadus|0 fnt\n|faint|p1b: Tornadus\n|move|p2b: Calyrex|Glacial Lance|p1a: Calyrex\n|-supereffective|p1a: Calyrex\n|-damage|p1a: Calyrex|0 fnt\n|faint|p1a: Calyrex\n|-ability|p2b: Calyrex|Chilling Neigh|boost\n|-boost|p2b: Calyrex|atk|1\n|\n|-heal|p2b: Calyrex|64/100|[from] item: Leftovers\n|upkeep\n|-message|Alex Sotos fan forfeited.\n|\n|win|ky123456\n|raw|Alex Sotos fan's rating: 1471 &rarr; <strong>1452</strong><br />(-19 for losing)\n|raw|ky123456's rating: 1496 &rarr; <strong>1515</strong><br />(+19 for winning)\n|l|\u2606Alex Sotos fan\n|player|p1|\n|l|\u2606ky123456\n|player|p2|\n","uploadtime":1769510728,"views":16,"formatid":"gen9vgc2026regi","rating":1452,"private":0,"password":null}