{"id":"gen9vgc2026regi-2568157145","format":"[Gen 9] VGC 2026 Reg I","players":["fallenmaxwell9","Harry Koekenpan"],"log":"|j|\u2606fallenmaxwell9\n|j|\u2606Harry Koekenpan\n|t:|1774551824\n|gametype|doubles\n|player|p1|fallenmaxwell9|102|\n|player|p2|Harry Koekenpan|170|\n|gen|9\n|tier|[Gen 9] VGC 2026 Reg I\n|rule|Species Clause: Limit one of each Pok\u00e9mon\n|rule|Item Clause: Limit 1 of each item\n|clearpoke\n|poke|p1|Calyrex-Ice, L50|\n|poke|p1|Miraidon, L50|\n|poke|p1|Iron Hands, L50|\n|poke|p1|Volcarona, L50, M|\n|poke|p1|Urshifu-*, L50, F|\n|poke|p1|Grimmsnarl, L50, M|\n|poke|p2|Dondozo, L50, M|\n|poke|p2|Tatsugiri-Droopy, L50, F|\n|poke|p2|Weezing-Galar, L50, F|\n|poke|p2|Calyrex-Shadow, L50|\n|poke|p2|Chien-Pao, L50|\n|poke|p2|Rayquaza, L50|\n|teampreview|4\nHarry Koekenpan has agreed to open team sheets.\n|inactive|Battle timer is ON: inactive players will automatically lose when time's up. (requested by Harry Koekenpan)\n|c|\u2606Harry Koekenpan|glhf\n|\n|t:|1774551858\n|teamsize|p1|4\n|teamsize|p2|4\n|start\n|switch|p1a: Troll|Grimmsnarl, L50, M|100/100\n|switch|p1b: The steed|Miraidon, L50|100/100\n|switch|p2a: Weezing|Weezing-Galar, L50, F|100/100\n|switch|p2b: Rayquaza|Rayquaza, L50|100/100\n|-ability|p2a: Weezing|Neutralizing Gas\n|turn|1\n|inactive|fallenmaxwell9 has 30 seconds left.\n|\n|t:|1774551893\n|-terastallize|p2b: Rayquaza|Normal\n|move|p1b: The steed|Volt Switch|p2a: Weezing\n|-crit|p2a: Weezing\n|-damage|p2a: Weezing|9/100\n|\n|t:|1774551900\n|switch|p1b: The Rook|Iron Hands, L50|100/100|[from] Volt Switch\n|move|p2b: Rayquaza|Swords Dance|p2b: Rayquaza\n|-boost|p2b: Rayquaza|atk|2\n|move|p1a: Troll|Spirit Break|p2a: Weezing\n|-resisted|p2a: Weezing\n|-damage|p2a: Weezing|0 fnt\n|faint|p2a: Weezing\n|-end|p2a: Weezing|ability: Neutralizing Gas\n|\n|upkeep\n|\n|t:|1774551913\n|switch|p2a: Calyrex|Calyrex-Shadow, L50|100/100\n|-ability|p2a: Calyrex|As One\n|-ability|p2a: Calyrex|Unnerve\n|turn|2\n|\n|t:|1774551931\n|move|p1b: The Rook|Fake Out|p2b: Rayquaza\n|-damage|p2b: Rayquaza|85/100\n|cant|p2b: Rayquaza|flinch\n|move|p1a: Troll|Thunder Wave|p2a: Calyrex\n|-status|p2a: Calyrex|par\n|move|p2a: Calyrex|Psychic|p1b: The Rook\n|-supereffective|p1b: The Rook\n|-damage|p1b: The Rook|30/100\n|-unboost|p1b: The Rook|spd|1\n|\n|upkeep\n|turn|3\n|\n|t:|1774551945\n|switch|p2a: Chien-Pao|Chien-Pao, L50|100/100\n|-ability|p2a: Chien-Pao|Sword of Ruin\n|move|p2b: Rayquaza|Extreme Speed|p1b: The Rook\n|-damage|p1b: The Rook|0 fnt\n|faint|p1b: The Rook\n|-end|p1b: The Rook|Quark Drive|[silent]\n|move|p1a: Troll|Light Screen|p1a: Troll\n|-sidestart|p1: fallenmaxwell9|move: Light Screen\n|\n|upkeep\n|\n|t:|1774551956\n|switch|p1b: The King|Calyrex-Ice, L50|100/100\n|-ability|p1b: The King|As One\n|-ability|p1b: The King|Unnerve\n|turn|4\n|\n|t:|1774551975\n|move|p2b: Rayquaza|Extreme Speed|p1a: Troll\n|-damage|p1a: Troll|0 fnt\n|faint|p1a: Troll\n|move|p2a: Chien-Pao|Ice Spinner|p1b: The King\n|-resisted|p1b: The King\n|-crit|p1b: The King\n|-damage|p1b: The King|69/100\n|-damage|p2a: Chien-Pao|91/100|[from] item: Life Orb\n|move|p1b: The King|Trick Room|p1b: The King\n|-fieldstart|move: Trick Room|[of] p1b: The King\n|\n|upkeep\n|\n|t:|1774551987\n|switch|p1a: The steed|Miraidon, L50|100/100\n|-fieldstart|move: Electric Terrain|[from] ability: Hadron Engine|[of] p1a: The steed\n|turn|5\n|\n|t:|1774552007\n|-terastallize|p1a: The steed|Fairy\n|move|p2b: Rayquaza|Protect|p2b: Rayquaza\n|-singleturn|p2b: Rayquaza|Protect\n|move|p2a: Chien-Pao|Sucker Punch|p1b: The King\n|-supereffective|p1b: The King\n|-damage|p1b: The King|0 fnt\n|faint|p1b: The King\n|-damage|p2a: Chien-Pao|81/100|[from] item: Life Orb\n|move|p1a: The steed|Dazzling Gleam|p2a: Chien-Pao|[spread] p2a\n|-activate|p2b: Rayquaza|move: Protect\n|-supereffective|p2a: Chien-Pao\n|-damage|p2a: Chien-Pao|0 fnt\n|faint|p2a: Chien-Pao\n|\n|upkeep\n|\n|t:|1774552020\n|switch|p2a: Calyrex|Calyrex-Shadow, L50|100/100 par\n|-ability|p2a: Calyrex|As One\n|-ability|p2a: Calyrex|Unnerve\n|turn|6\n|\n|t:|1774552031\n|move|p2b: Rayquaza|Extreme Speed|p1a: The steed\n|-damage|p1a: The steed|0 fnt\n|faint|p1a: The steed\n|\n|win|Harry Koekenpan\n|c|\u2606Harry Koekenpan|ggs\n|c|\u2606fallenmaxwell9|..... woah\n|c|\u2606fallenmaxwell9|Gg\n","uploadtime":1774552051,"views":34,"formatid":"gen9vgc2026regi","rating":null,"private":0,"password":null}