{"id":"gen9vgc2026regi-2560588538","format":"[Gen 9] VGC 2026 Reg I","players":["pigs2fly","Than man3.14"],"log":"|j|\u2606pigs2fly\n|j|\u2606Than man3.14\n|html|<table width=\"100%\"><tr><td align=\"left\">pigs2fly</td><td align=\"right\">Than man3.14</tr><tr><td align=\"left\"><i class=\"fa fa-circle\"></i> <i class=\"fa fa-circle-o\"></i> </td><td align=\"right\"><i class=\"fa fa-circle-o\"></i> <i class=\"fa fa-circle\"></i> </tr></table>\n|uhtml|bestof|<h2><strong>Game 3</strong> of <a href=\"/game-bestof3-gen9vgc2026regi-2560582087\">a best-of-3</a></h2>\n|t:|1773701983\n|gametype|doubles\n|player|p1|pigs2fly|dexio|\n|player|p2|Than man3.14|steven|\n|gen|9\n|tier|[Gen 9] VGC 2026 Reg I\n|rule|Species Clause: Limit one of each Pok\u00e9mon\n|rule|Item Clause: Limit 1 of each item\n|raw|<div class=\"infobox\"><details class=\"readmore\" open><summary><strong>1 custom rule:</strong></summary> Best of = 3</details></div>\n|clearpoke\n|poke|p1|Ursaluna, L50, F|\n|poke|p1|Cresselia, L50, F|\n|poke|p1|Amoonguss, L50, M|\n|poke|p1|Basculegion, L50, M|\n|poke|p1|Zamazenta-*, L50|\n|poke|p1|Kyogre, L50|\n|poke|p2|Koraidon, L50|\n|poke|p2|Flutter Mane, L50|\n|poke|p2|Chi-Yu, L50|\n|poke|p2|Brute Bonnet, L50|\n|poke|p2|Lunala, L50|\n|poke|p2|Ursaluna, L50, M|\n|teampreview|4\nThan man3.14 has agreed to open team sheets.\npigs2fly has agreed to open team sheets.\n|showteam|p1|Ursaluna||FlameOrb|Guts|Protect,Facade,Substitute,Earthquake|||F|||50|,,,,,Ghost]Cresselia||SafetyGoggles|Levitate|TrickRoom,LunarBlessing,HelpingHand,DazzlingGleam|||F|||50|,,,,,Dark]Amoonguss||CovertCloak|Regenerator|Protect,Spore,PollenPuff,RagePowder|||M|||50|,,,,,Fire]Basculegion||LifeOrb|SwiftSwim|Protect,AquaJet,WaveCrash,LastRespects|||M|||50|,,,,,Water]Zamazenta-Crowned||RustedShield|DauntlessShield|Imprison,BodyPress,WideGuard,HeavySlam||||||50|,,,,,Ghost]Kyogre||MysticWater|Drizzle|Protect,IceBeam,WaterSpout,OriginPulse||||||50|,,,,,Grass\n|showteam|p2|Koraidon||LifeOrb|OrichalcumPulse|CloseCombat,FlareBlitz,FlameCharge,Protect||||||50|,,,,,Fire]Flutter Mane||FocusSash|Protosynthesis|Moonblast,ShadowBall,IcyWind,Protect||||||50|,,,,,Stellar]Chi-Yu||ChoiceScarf|BeadsofRuin|HeatWave,Overheat,DarkPulse,Snarl||||||50|,,,,,Ghost]Brute Bonnet||CovertCloak|Protosynthesis|Spore,RagePowder,SeedBomb,SuckerPunch||||||50|,,,,,Water]Lunala||PowerHerb|ShadowShield|MeteorBeam,MoongeistBeam,WideGuard,TrickRoom||||||50|,,,,,Fairy]Ursaluna||FlameOrb|Guts|Facade,HeadlongRush,Earthquake,Protect|||M|||50|,,,,,Ghost\n|\n|t:|1773702023\n|teamsize|p1|4\n|teamsize|p2|4\n|start\n|switch|p1a: Cresselia|Cresselia, L50, F|100/100\n|switch|p1b: Kyogre|Kyogre, L50|100/100\n|switch|p2a: Flutter Mane|Flutter Mane, L50, shiny|100/100\n|switch|p2b: Chi-Yu|Chi-Yu, L50, shiny|100/100\n|-ability|p2b: Chi-Yu|Beads of Ruin\n|-weather|RainDance|[from] ability: Drizzle|[of] p1b: Kyogre\n|turn|1\n|\n|t:|1773702041\n|move|p2b: Chi-Yu|Snarl|p1b: Kyogre|[spread] p1a,p1b\n|-supereffective|p1a: Cresselia\n|-damage|p1a: Cresselia|68/100\n|-damage|p1b: Kyogre|83/100\n|-unboost|p1a: Cresselia|spa|1\n|-unboost|p1b: Kyogre|spa|1\n|move|p2a: Flutter Mane|Moonblast|p1b: Kyogre\n|-damage|p1b: Kyogre|42/100\n|move|p1b: Kyogre|Origin Pulse|p2b: Chi-Yu|[spread] p2a,p2b\n|-supereffective|p2b: Chi-Yu\n|-damage|p2a: Flutter Mane|17/100\n|-damage|p2b: Chi-Yu|0 fnt\n|faint|p2b: Chi-Yu\n|move|p1a: Cresselia|Trick Room|p1a: Cresselia\n|-fieldstart|move: Trick Room|[of] p1a: Cresselia\n|\n|-weather|RainDance|[upkeep]\n|upkeep\n|\n|t:|1773702053\n|switch|p2b: Brute Bonnet|Brute Bonnet, L50, shiny|100/100\n|turn|2\n|\n|t:|1773702073\n|switch|p1b: Amoonguss|Amoonguss, L50, M|100/100\n|move|p2b: Brute Bonnet|Seed Bomb|p1b: Amoonguss\n|-resisted|p1b: Amoonguss\n|-damage|p1b: Amoonguss|95/100\n|move|p1a: Cresselia|Dazzling Gleam|p2b: Brute Bonnet|[spread] p2a,p2b\n|-supereffective|p2b: Brute Bonnet\n|-damage|p2a: Flutter Mane|9/100\n|-damage|p2b: Brute Bonnet|87/100\n|move|p2a: Flutter Mane|Moonblast|p1a: Cresselia\n|-crit|p1a: Cresselia\n|-damage|p1a: Cresselia|26/100\n|-unboost|p1a: Cresselia|spa|1\n|\n|-weather|RainDance|[upkeep]\n|upkeep\n|turn|3\n|\n|t:|1773702146\n|-terastallize|p2a: Flutter Mane|Stellar\n|move|p2b: Brute Bonnet|Sucker Punch||[still]\n|-fail|p2b: Brute Bonnet\n|move|p1b: Amoonguss|Spore|p2a: Flutter Mane\n|-status|p2a: Flutter Mane|slp|[from] move: Spore\n|move|p1a: Cresselia|Lunar Blessing|p1a: Cresselia|[spread] p1a,p1b\n|-heal|p1a: Cresselia|52/100\n|-heal|p1b: Amoonguss|100/100\n|cant|p2a: Flutter Mane|slp\n|\n|-weather|RainDance|[upkeep]\n|upkeep\n|turn|4\n|\n|t:|1773702165\n|cant|p2a: Flutter Mane|slp\n|move|p1b: Amoonguss|Pollen Puff|p2b: Brute Bonnet\n|-supereffective|p2b: Brute Bonnet\n|-damage|p2b: Brute Bonnet|30/100\n|move|p2b: Brute Bonnet|Seed Bomb|p1a: Cresselia\n|-damage|p1a: Cresselia|30/100\n|move|p1a: Cresselia|Dazzling Gleam|p2a: Flutter Mane|[spread] p2a,p2b\n|-supereffective|p2b: Brute Bonnet\n|-damage|p2a: Flutter Mane|3/100 slp\n|-damage|p2b: Brute Bonnet|20/100\n|\n|-weather|RainDance|[upkeep]\n|upkeep\n|turn|5\n|\n|t:|1773702184\n|-end|p2b: Brute Bonnet|Protosynthesis|[silent]\n|switch|p2b: Koraidon|Koraidon, L50, shiny|100/100\n|-weather|SunnyDay|[from] ability: Orichalcum Pulse|[of] p2b: Koraidon\n|-activate|p2a: Flutter Mane|ability: Protosynthesis\n|-start|p2a: Flutter Mane|protosynthesisspe\n|-activate|p2b: Koraidon|Orichalcum Pulse|[source]\n|cant|p2a: Flutter Mane|slp\n|move|p1b: Amoonguss|Pollen Puff|p2a: Flutter Mane\n|-resisted|p2a: Flutter Mane\n|-damage|p2a: Flutter Mane|0 fnt\n|faint|p2a: Flutter Mane\n|-end|p2a: Flutter Mane|Protosynthesis|[silent]\n|move|p1a: Cresselia|Lunar Blessing|p1a: Cresselia|[spread] p1a,p1b\n|-heal|p1a: Cresselia|56/100\n|\n|-weather|SunnyDay|[upkeep]\n|-fieldend|move: Trick Room\n|upkeep\n|\n|t:|1773702191\n|switch|p2a: Brute Bonnet|Brute Bonnet, L50, shiny|20/100\n|-activate|p2a: Brute Bonnet|ability: Protosynthesis\n|-start|p2a: Brute Bonnet|protosynthesisdef\n|turn|6\n|\n|t:|1773702216\n|move|p1b: Amoonguss|Rage Powder|p1b: Amoonguss\n|-singleturn|p1b: Amoonguss|move: Rage Powder\n|move|p2a: Brute Bonnet|Sucker Punch||[still]\n|-fail|p2a: Brute Bonnet\n|move|p2b: Koraidon|Flare Blitz|p1b: Amoonguss\n|-supereffective|p1b: Amoonguss\n|-damage|p1b: Amoonguss|0 fnt\n|faint|p1b: Amoonguss\n|-damage|p2b: Koraidon|60/100|[from] Recoil\n|-damage|p2b: Koraidon|50/100|[from] item: Life Orb\n|move|p1a: Cresselia|Trick Room|p1a: Cresselia\n|-fieldstart|move: Trick Room|[of] p1a: Cresselia\n|\n|-weather|SunnyDay|[upkeep]\n|upkeep\n|\n|t:|1773702228\n|switch|p1b: Ursaluna|Ursaluna, L50, F|100/100\n|turn|7\n|\n|t:|1773702241\n|switch|p1a: Kyogre|Kyogre, L50|42/100\n|-weather|RainDance|[from] ability: Drizzle|[of] p1a: Kyogre\n|-end|p2a: Brute Bonnet|Protosynthesis\n|move|p1b: Ursaluna|Protect|p1b: Ursaluna\n|-singleturn|p1b: Ursaluna|Protect\n|move|p2a: Brute Bonnet|Sucker Punch||[still]\n|-fail|p2a: Brute Bonnet\n|move|p2b: Koraidon|Close Combat|p1b: Ursaluna\n|-activate|p1b: Ursaluna|move: Protect\n|\n|-weather|RainDance|[upkeep]\n|-status|p1b: Ursaluna|brn|[from] item: Flame Orb\n|upkeep\n|turn|8\n|\n|t:|1773702259\n|-terastallize|p1a: Kyogre|Grass\n|move|p2a: Brute Bonnet|Sucker Punch|p1b: Ursaluna\n|-damage|p1b: Ursaluna|78/100 brn\n|move|p1b: Ursaluna|Facade|p2b: Koraidon\n|-damage|p2b: Koraidon|0 fnt\n|faint|p2b: Koraidon\n|move|p1a: Kyogre|Ice Beam|p2a: Brute Bonnet\n|-supereffective|p2a: Brute Bonnet\n|-damage|p2a: Brute Bonnet|0 fnt\n|faint|p2a: Brute Bonnet\n|-end|p2a: Brute Bonnet|Protosynthesis|[silent]\n|\n|win|pigs2fly\n|l|\u2606Than man3.14\n|player|p2|\n|l|\u2606pigs2fly\n|player|p1|\n|j|\u2606pigs2fly\n|player|p1|pigs2fly|dexio|\n","uploadtime":1773702377,"views":9,"formatid":"gen9vgc2026regi","rating":null,"private":0,"password":null}