{"id":"gen9vgc2026regi-2557957508","format":"[Gen 9] VGC 2026 Reg I","players":["nnuy","501JFW"],"log":"|j|\u2606nnuy\n|j|\u2606501JFW\n|t:|1773379922\n|gametype|doubles\n|player|p1|nnuy|170|1421\n|player|p2|501JFW|1|1562\n|gen|9\n|tier|[Gen 9] VGC 2026 Reg I\n|rated|\n|rule|Species Clause: Limit one of each Pok\u00e9mon\n|rule|Item Clause: Limit 1 of each item\n|clearpoke\n|poke|p1|Calyrex-Shadow, L50|\n|poke|p1|Zamazenta-*, L50|\n|poke|p1|Incineroar, L50, M|\n|poke|p1|Rillaboom, L50, F|\n|poke|p1|Ogerpon-Cornerstone, L50, F|\n|poke|p1|Tornadus, L50, M|\n|poke|p2|Calyrex-Shadow, L50|\n|poke|p2|Koraidon, L50|\n|poke|p2|Indeedee-F, L50, F|\n|poke|p2|Maushold, L50|\n|poke|p2|Incineroar, L50, M|\n|poke|p2|Roaring Moon, L50|\n|teampreview|4\n|inactive|Battle timer is ON: inactive players will automatically lose when time's up. (requested by 501JFW)\n|l|\u2606501JFW\n|inactive|501JFW disconnected and has a minute to reconnect!\n|player|p2|\n|j|\u2606501JFW\n|inactive|501JFW reconnected and has 70 seconds left.\n|player|p2|501JFW|1|\n|inactive|501JFW has 60 seconds left.\n|\n|t:|1773379971\n|teamsize|p1|4\n|teamsize|p2|4\n|start\n|switch|p1a: Incineroar|Incineroar, L50, M|100/100\n|switch|p1b: Ogerpon|Ogerpon-Cornerstone, L50, F|100/100\n|switch|p2a: Indeedee|Indeedee-F, L50, F, shiny|100/100\n|switch|p2b: Calyrex|Calyrex-Shadow, L50|100/100\n|-ability|p2b: Calyrex|As One\n|-ability|p2b: Calyrex|Unnerve\n|-fieldstart|move: Psychic Terrain|[from] ability: Psychic Surge|[of] p2a: Indeedee\n|-enditem|p2a: Indeedee|Psychic Seed\n|-boost|p2a: Indeedee|spd|1|[from] item: Psychic Seed\n|-ability|p1a: Incineroar|Intimidate|boost\n|-unboost|p2a: Indeedee|atk|1\n|-unboost|p2b: Calyrex|atk|1\n|turn|1\n|l|\u2606501JFW\n|inactive|501JFW disconnected and has a minute to reconnect!\n|player|p2|\n|j|\u2606501JFW\n|inactive|501JFW reconnected and has 45 seconds left.\n|player|p2|501JFW|1|\n|inactive|nnuy has 30 seconds left.\n|inactive|nnuy has 20 seconds left.\n|\n|t:|1773380011\n|-terastallize|p2b: Calyrex|Ghost\n|move|p2a: Indeedee|Helping Hand|p2b: Calyrex\n|-singleturn|p2b: Calyrex|Helping Hand|[of] p2a: Indeedee\n|move|p1b: Ogerpon|Spiky Shield|p1b: Ogerpon\n|-singleturn|p1b: Ogerpon|move: Protect\n|move|p2b: Calyrex|Astral Barrage|p1a: Incineroar|[spread] p1a\n|-activate|p1b: Ogerpon|move: Protect\n|-resisted|p1a: Incineroar\n|-damage|p1a: Incineroar|15/100\n|move|p1a: Incineroar|Knock Off|p2a: Indeedee\n|-supereffective|p2a: Indeedee\n|-damage|p2a: Indeedee|50/100\n|\n|upkeep\n|turn|2\n|inactive|nnuy has 30 seconds left.\n|\n|t:|1773380039\n|switch|p1a: Zamazenta|Zamazenta-Crowned, L50|100/100\n|-ability|p1a: Zamazenta|Dauntless Shield|boost\n|-boost|p1a: Zamazenta|def|1\n|move|p2b: Calyrex|Astral Barrage|p1b: Ogerpon|[spread] p1a,p1b\n|-damage|p1a: Zamazenta|19/100\n|-ability|p1b: Ogerpon|Sturdy\n|-damage|p1b: Ogerpon|1/100\n|move|p1b: Ogerpon|Ivy Cudgel|p2b: Calyrex|[anim] Ivy Cudgel Rock\n|-damage|p2b: Calyrex|36/100\n|move|p2a: Indeedee|Trick Room|p2a: Indeedee\n|-fieldstart|move: Trick Room|[of] p2a: Indeedee\n|\n|upkeep\n|turn|3\n|l|\u2606501JFW\n|inactive|501JFW disconnected and has a minute to reconnect!\n|player|p2|\n|j|\u2606501JFW\n|inactive|501JFW reconnected and has 35 seconds left.\n|player|p2|501JFW|1|\n|inactive|501JFW has 30 seconds left.\n|\n|t:|1773380066\n|move|p1a: Zamazenta|Wide Guard|p1a: Zamazenta\n|-singleturn|p1a: Zamazenta|Wide Guard\n|move|p2a: Indeedee|Psychic|p1b: Ogerpon\n|-damage|p1b: Ogerpon|0 fnt\n|faint|p1b: Ogerpon\n|move|p2b: Calyrex|Astral Barrage|p1a: Zamazenta\n|-activate|p1a: Zamazenta|move: Wide Guard\n|\n|upkeep\n|\n|t:|1773380071\n|switch|p1b: Calyrex|Calyrex-Shadow, L50|100/100\n|-ability|p1b: Calyrex|As One\n|-ability|p1b: Calyrex|Unnerve\n|turn|4\n|\n|t:|1773380080\n|switch|p2b: Incineroar|Incineroar, L50, M, shiny|100/100\n|-ability|p2b: Incineroar|Intimidate|boost\n|-unboost|p1a: Zamazenta|atk|1\n|-unboost|p1b: Calyrex|atk|1\n|-terastallize|p1b: Calyrex|Dark\n|move|p2a: Indeedee|Psychic|p1a: Zamazenta\n|-damage|p1a: Zamazenta|0 fnt\n|faint|p1a: Zamazenta\n|move|p1b: Calyrex|Astral Barrage|p2a: Indeedee|[spread] p2b\n|-immune|p2a: Indeedee\n|-resisted|p2b: Incineroar\n|-damage|p2b: Incineroar|74/100\n|\n|upkeep\n|\n|t:|1773380082\n|switch|p1a: Incineroar|Incineroar, L50, M|15/100\n|-ability|p1a: Incineroar|Intimidate|boost\n|-unboost|p2a: Indeedee|atk|1\n|-unboost|p2b: Incineroar|atk|1\n|turn|5\n|l|\u2606501JFW\n|inactive|501JFW disconnected and has a minute to reconnect!\n|player|p2|\n|j|\u2606501JFW\n|inactive|501JFW reconnected and has 45 seconds left.\n|player|p2|501JFW|1|\n|inactive|501JFW has 30 seconds left.\n|inactive|501JFW has 20 seconds left.\n|\n|t:|1773380118\n|move|p1b: Calyrex|Protect|p1b: Calyrex\n|-singleturn|p1b: Calyrex|Protect\n|move|p2a: Indeedee|Follow Me|p2a: Indeedee\n|-singleturn|p2a: Indeedee|move: Follow Me\n|move|p1a: Incineroar|Knock Off|p2a: Indeedee\n|-supereffective|p2a: Indeedee\n|-damage|p2a: Indeedee|0 fnt\n|faint|p2a: Indeedee\n|move|p2b: Incineroar|U-turn|p1a: Incineroar\n|-damage|p1a: Incineroar|6/100\n|-damage|p2b: Incineroar|57/100|[from] item: Rocky Helmet|[of] p1a: Incineroar\n|\n|t:|1773380132\n|switch|p2b: Koraidon|Koraidon, L50, shiny|100/100|[from] U-turn\n|-weather|SunnyDay|[from] ability: Orichalcum Pulse|[of] p2b: Koraidon\n|-activate|p2b: Koraidon|Orichalcum Pulse|[source]\n|\n|-weather|SunnyDay|[upkeep]\n|-fieldend|move: Psychic Terrain\n|upkeep\n|\n|t:|1773380149\n|switch|p2a: Incineroar|Incineroar, L50, M, shiny|57/100\n|-ability|p2a: Incineroar|Intimidate|boost\n|-unboost|p1a: Incineroar|atk|1\n|-unboost|p1b: Calyrex|atk|1\n|turn|6\n|\n|t:|1773380164\n|move|p1b: Calyrex|Protect||[still]\n|-fail|p1b: Calyrex\n|move|p2a: Incineroar|Fake Out|p1a: Incineroar\n|-damage|p1a: Incineroar|0 fnt\n|-damage|p2a: Incineroar|41/100|[from] item: Rocky Helmet|[of] p1a: Incineroar\n|faint|p1a: Incineroar\n|move|p2b: Koraidon|Collision Course|p1b: Calyrex\n|-supereffective|p1b: Calyrex\n|-damage|p1b: Calyrex|0 fnt\n|faint|p1b: Calyrex\n|\n|win|501JFW\n|raw|nnuy's rating: 1421 &rarr; <strong>1409</strong><br />(-12 for losing)\n|raw|501JFW's rating: 1562 &rarr; <strong>1574</strong><br />(+12 for winning)\n|l|\u2606nnuy\n|player|p1|\n|l|\u2606501JFW\n|player|p2|\n","uploadtime":1773380321,"views":18,"formatid":"gen9vgc2026regi","rating":1409,"private":0,"password":null}