{"id":"gen9vgc2026regi-2555077412","format":"[Gen 9] VGC 2026 Reg I","players":["shangenb5","drive stone"],"log":"|j|\u2606shangenb5\n|j|\u2606drive stone\n|t:|1773054613\n|gametype|doubles\n|player|p1|shangenb5|265|1410\n|player|p2|drive stone|cilan|1483\n|gen|9\n|tier|[Gen 9] VGC 2026 Reg I\n|rated|\n|rule|Species Clause: Limit one of each Pok\u00e9mon\n|rule|Item Clause: Limit 1 of each item\n|clearpoke\n|poke|p1|Miraidon, L50|\n|poke|p1|Groudon, L50|\n|poke|p1|Walking Wake, L50|\n|poke|p1|Grimmsnarl, L50, M|\n|poke|p1|Incineroar, L50, F|\n|poke|p1|Volcarona, L50, F|\n|poke|p2|Calyrex-Ice, L50|\n|poke|p2|Ho-Oh, L50|\n|poke|p2|Overqwil, L50, M|\n|poke|p2|Rillaboom, L50, F|\n|poke|p2|Ting-Lu, L50|\n|poke|p2|Ogerpon-Wellspring, L50, F|\n|teampreview|4\n|inactive|Battle timer is ON: inactive players will automatically lose when time's up. (requested by shangenb5)\n|inactive|shangenb5 has 60 seconds left.\n|inactive|shangenb5 has 30 seconds left.\n|\n|t:|1773054680\n|teamsize|p1|4\n|teamsize|p2|4\n|start\n|switch|p1a: Incineroar|Incineroar, L50, F|100/100\n|switch|p1b: Miraidon|Miraidon, L50, shiny|100/100\n|switch|p2a: Overqwil|Overqwil, L50, M|100/100\n|switch|p2b: Rillaboom|Rillaboom, L50, F|100/100\n|-fieldstart|move: Electric Terrain|[from] ability: Hadron Engine|[of] p1b: Miraidon\n|-fieldstart|move: Grassy Terrain|[from] ability: Grassy Surge|[of] p2b: Rillaboom\n|-ability|p2a: Overqwil|Intimidate|boost\n|-unboost|p1a: Incineroar|atk|1\n|-unboost|p1b: Miraidon|atk|1\n|-ability|p1a: Incineroar|Intimidate|boost\n|-unboost|p2a: Overqwil|atk|1\n|-unboost|p2b: Rillaboom|atk|1\n|turn|1\n|inactive|drive stone has 30 seconds left.\n|\n|t:|1773054709\n|move|p1b: Miraidon|Protect|p1b: Miraidon\n|-singleturn|p1b: Miraidon|Protect\n|move|p2b: Rillaboom|Fake Out|p1b: Miraidon\n|-activate|p1b: Miraidon|move: Protect\n|move|p2a: Overqwil|Toxic Spikes|p1a: Incineroar\n|-sidestart|p1: shangenb5|move: Toxic Spikes\n|move|p1a: Incineroar|U-turn|p2b: Rillaboom\n|-supereffective|p2b: Rillaboom\n|-damage|p2b: Rillaboom|74/100\n|\n|t:|1773054725\n|switch|p1a: Groudon|Groudon, L50|100/100|[from] U-turn\n|-status|p1a: Groudon|psn\n|-weather|SunnyDay|[from] ability: Drought|[of] p1a: Groudon\n|\n|-weather|SunnyDay|[upkeep]\n|-heal|p2b: Rillaboom|80/100|[from] Grassy Terrain\n|-damage|p1a: Groudon|88/100 psn|[from] psn\n|upkeep\n|turn|2\n|\n|t:|1773054749\n|switch|p2a: Calyrex|Calyrex-Ice, L50|100/100\n|-ability|p2a: Calyrex|As One\n|-ability|p2a: Calyrex|Unnerve\n|move|p1b: Miraidon|Electro Drift|p2b: Rillaboom\n|-resisted|p2b: Rillaboom\n|-damage|p2b: Rillaboom|56/100\n|-damage|p1b: Miraidon|91/100|[from] item: Life Orb\n|move|p1a: Groudon|Heat Crash|p2b: Rillaboom\n|-supereffective|p2b: Rillaboom\n|-damage|p2b: Rillaboom|0 fnt\n|faint|p2b: Rillaboom\n|\n|-weather|SunnyDay|[upkeep]\n|-heal|p1b: Miraidon|97/100|[from] Grassy Terrain\n|-heal|p1a: Groudon|94/100 psn|[from] Grassy Terrain\n|-damage|p1a: Groudon|82/100 psn|[from] psn\n|upkeep\n|\n|t:|1773054771\n|switch|p2b: Ting-Lu|Ting-Lu, L50|100/100\n|-ability|p2b: Ting-Lu|Vessel of Ruin\n|turn|3\n|\n|t:|1773054783\n|move|p1b: Miraidon|Protect|p1b: Miraidon\n|-singleturn|p1b: Miraidon|Protect\n|move|p1a: Groudon|Protect|p1a: Groudon\n|-singleturn|p1a: Groudon|Protect\n|move|p2b: Ting-Lu|Stomping Tantrum|p1b: Miraidon\n|-activate|p1b: Miraidon|move: Protect\n|move|p2a: Calyrex|Trick Room|p2a: Calyrex\n|-fieldstart|move: Trick Room|[of] p2a: Calyrex\n|\n|-weather|SunnyDay|[upkeep]\n|-heal|p1a: Groudon|88/100 psn|[from] Grassy Terrain\n|-heal|p1b: Miraidon|100/100|[from] Grassy Terrain\n|-damage|p1a: Groudon|76/100 psn|[from] psn\n|upkeep\n|turn|4\n|\n|t:|1773054806\n|switch|p1b: Incineroar|Incineroar, L50, F|100/100\n|-status|p1b: Incineroar|psn\n|-ability|p1b: Incineroar|Intimidate|boost\n|-unboost|p2a: Calyrex|atk|1\n|-unboost|p2b: Ting-Lu|atk|1\n|-terastallize|p1a: Groudon|Water\n|move|p2b: Ting-Lu|Stomping Tantrum|p1a: Groudon\n|-damage|p1a: Groudon|50/100 psn\n|move|p2a: Calyrex|Glacial Lance|p1b: Incineroar|[spread] p1a,p1b\n|-resisted|p1a: Groudon\n|-resisted|p1b: Incineroar\n|-damage|p1a: Groudon|39/100 psn\n|-damage|p1b: Incineroar|87/100 psn\n|move|p1a: Groudon|Precipice Blades|p2a: Calyrex|[spread] p2a,p2b\n|-crit|p2a: Calyrex\n|-crit|p2b: Ting-Lu\n|-damage|p2a: Calyrex|64/100\n|-damage|p2b: Ting-Lu|54/100\n|\n|-weather|SunnyDay|[upkeep]\n|-heal|p2b: Ting-Lu|60/100|[from] Grassy Terrain\n|-heal|p2a: Calyrex|70/100|[from] Grassy Terrain\n|-heal|p2a: Calyrex|75/100|[from] item: Leftovers\n|-heal|p1b: Incineroar|93/100 psn|[from] Grassy Terrain\n|-heal|p1a: Groudon|45/100 psn|[from] Grassy Terrain\n|-damage|p1b: Incineroar|81/100 psn|[from] psn\n|-damage|p1a: Groudon|33/100 psn|[from] psn\n|upkeep\n|turn|5\n|inactive|shangenb5 has 30 seconds left.\n|inactive|drive stone has 30 seconds left.\n|inactive|shangenb5 has 20 seconds left.\n|inactive|drive stone has 20 seconds left.\n|\n|t:|1773054845\n|move|p2b: Ting-Lu|Stomping Tantrum|p1b: Incineroar\n|-supereffective|p1b: Incineroar\n|-crit|p1b: Incineroar\n|-damage|p1b: Incineroar|0 fnt\n|faint|p1b: Incineroar\n|move|p2a: Calyrex|Leech Seed|p1a: Groudon|[miss]\n|-miss|p2a: Calyrex|p1a: Groudon\n|move|p1a: Groudon|Precipice Blades|p2a: Calyrex|[spread] p2a,p2b\n|-damage|p2a: Calyrex|47/100\n|-damage|p2b: Ting-Lu|29/100\n|\n|-weather|none\n|-heal|p2b: Ting-Lu|35/100|[from] Grassy Terrain\n|-heal|p2a: Calyrex|53/100|[from] Grassy Terrain\n|-heal|p2a: Calyrex|59/100|[from] item: Leftovers\n|-heal|p1a: Groudon|39/100 psn|[from] Grassy Terrain\n|-damage|p1a: Groudon|27/100 psn|[from] psn\n|-fieldend|move: Grassy Terrain\n|upkeep\n|\n|t:|1773054863\n|switch|p1b: Miraidon|Miraidon, L50, shiny|100/100\n|-status|p1b: Miraidon|psn\n|-fieldstart|move: Electric Terrain|[from] ability: Hadron Engine|[of] p1b: Miraidon\n|turn|6\n|\n|t:|1773054871\n|move|p1b: Miraidon|Protect|p1b: Miraidon\n|-singleturn|p1b: Miraidon|Protect\n|move|p2b: Ting-Lu|Stomping Tantrum|p1a: Groudon\n|-damage|p1a: Groudon|0 fnt\n|faint|p1a: Groudon\n|move|p2a: Calyrex|Glacial Lance|p1b: Miraidon\n|-activate|p1b: Miraidon|move: Protect\n|\n|-heal|p2a: Calyrex|65/100|[from] item: Leftovers\n|-damage|p1b: Miraidon|88/100 psn|[from] psn\n|upkeep\n|\n|t:|1773054884\n|switch|p1a: Walking Wake|Walking Wake, L50|100/100\n|-status|p1a: Walking Wake|psn\n|turn|7\n|\n|t:|1773054890\n|move|p1a: Walking Wake|Protect|p1a: Walking Wake\n|-singleturn|p1a: Walking Wake|Protect\n|move|p1b: Miraidon|Protect||[still]\n|-fail|p1b: Miraidon\n|move|p2b: Ting-Lu|Stomping Tantrum|p1b: Miraidon\n|-supereffective|p1b: Miraidon\n|-damage|p1b: Miraidon|13/100 psn\n|move|p2a: Calyrex|Glacial Lance|p1a: Walking Wake|[spread] p1b\n|-activate|p1a: Walking Wake|move: Protect\n|-supereffective|p1b: Miraidon\n|-damage|p1b: Miraidon|0 fnt\n|faint|p1b: Miraidon\n|-ability|p2a: Calyrex|Chilling Neigh|boost\n|-boost|p2a: Calyrex|atk|1\n|\n|-heal|p2a: Calyrex|71/100|[from] item: Leftovers\n|-damage|p1a: Walking Wake|88/100 psn|[from] psn\n|-fieldend|move: Trick Room\n|upkeep\n|turn|8\n|-message|shangenb5 forfeited.\n|\n|win|drive stone\n|raw|shangenb5's rating: 1410 &rarr; <strong>1394</strong><br />(-16 for losing)\n|raw|drive stone's rating: 1483 &rarr; <strong>1499</strong><br />(+16 for winning)\n|l|\u2606shangenb5\n|player|p1|\n|l|\u2606drive stone\n|player|p2|\n","uploadtime":1773055140,"views":24,"formatid":"gen9vgc2026regi","rating":1394,"private":0,"password":null}