{"id":"gen9vgc2026regi-2536622839","format":"[Gen 9] VGC 2026 Reg I","players":["inb_178","MamuiJuJu"],"log":"|j|\u2606inb_178\n|j|\u2606MamuiJuJu\n|t:|1770716457\n|gametype|doubles\n|player|p1|inb_178|265|1298\n|player|p2|MamuiJuJu|101|1265\n|gen|9\n|tier|[Gen 9] VGC 2026 Reg I\n|rated|\n|rule|Species Clause: Limit one of each Pok\u00e9mon\n|rule|Item Clause: Limit 1 of each item\n|clearpoke\n|poke|p1|Miraidon, L50|\n|poke|p1|Lunala, L50|\n|poke|p1|Incineroar, L50, F|\n|poke|p1|Iron Bundle, L50|\n|poke|p1|Amoonguss, L50, F|\n|poke|p1|Sneasler, L50, F|\n|poke|p2|Calyrex-Shadow, L50|\n|poke|p2|Incineroar, L50, M|\n|poke|p2|Amoonguss, L50, M|\n|poke|p2|Whimsicott, L50, M|\n|poke|p2|Zacian-*, L50|\n|poke|p2|Urshifu-*, L50, M|\n|teampreview|4\n|\n|t:|1770716520\n|teamsize|p1|4\n|teamsize|p2|4\n|start\n|switch|p1a: Miraidon|Miraidon, L50|100/100\n|switch|p1b: Iron Bundle|Iron Bundle, L50|100/100\n|switch|p2a: Calyrex|Calyrex-Shadow, L50|100/100\n|switch|p2b: Whimsicott|Whimsicott, L50, M|100/100\n|-ability|p2a: Calyrex|As One\n|-ability|p2a: Calyrex|Unnerve\n|-fieldstart|move: Electric Terrain|[from] ability: Hadron Engine|[of] p1a: Miraidon\n|-activate|p1b: Iron Bundle|ability: Quark Drive\n|-start|p1b: Iron Bundle|quarkdrivespe\n|turn|1\n|inactive|Battle timer is ON: inactive players will automatically lose when time's up. (requested by MamuiJuJu)\n|inactive|inb_178 has 60 seconds left.\n|\n|t:|1770716570\n|move|p1b: Iron Bundle|Protect|p1b: Iron Bundle\n|-singleturn|p1b: Iron Bundle|Protect\n|move|p2b: Whimsicott|Tailwind|p2b: Whimsicott\n|-sidestart|p2: MamuiJuJu|move: Tailwind\n|move|p2a: Calyrex|Astral Barrage|p1b: Iron Bundle|[spread] p1a\n|-activate|p1b: Iron Bundle|move: Protect\n|-damage|p1a: Miraidon|69/100\n|move|p1a: Miraidon|Parabolic Charge|p2b: Whimsicott|[spread] p2a,p2b\n|-activate|p1b: Iron Bundle|move: Protect\n|-resisted|p2b: Whimsicott\n|-damage|p2a: Calyrex|52/100\n|-heal|p1a: Miraidon|91/100|[from] drain|[of] p2a: Calyrex\n|-damage|p2b: Whimsicott|63/100\n|-heal|p1a: Miraidon|100/100|[from] drain|[of] p2b: Whimsicott\n|\n|upkeep\n|turn|2\n|inactive|MamuiJuJu has 30 seconds left.\n|\n|t:|1770716596\n|-end|p1b: Iron Bundle|Quark Drive|[silent]\n|switch|p1b: Incineroar|Incineroar, L50, F|100/100\n|-ability|p1b: Incineroar|Intimidate|boost\n|-unboost|p2a: Calyrex|atk|1\n|-unboost|p2b: Whimsicott|atk|1\n|move|p2b: Whimsicott|Fake Tears|p1a: Miraidon\n|-unboost|p1a: Miraidon|spd|2\n|move|p2a: Calyrex|Draining Kiss|p1a: Miraidon\n|-supereffective|p1a: Miraidon\n|-damage|p1a: Miraidon|55/100\n|-heal|p2a: Calyrex|89/100|[from] drain|[of] p1a: Miraidon\n|move|p1a: Miraidon|Electro Drift|p2a: Calyrex\n|-damage|p2a: Calyrex|0 fnt\n|faint|p2a: Calyrex\n|\n|upkeep\n|\n|t:|1770716609\n|switch|p2a: Zacian|Zacian-Crowned, L50|100/100\n|-ability|p2a: Zacian|Intrepid Sword|boost\n|-boost|p2a: Zacian|atk|1\n|turn|3\n|\n|t:|1770716628\n|-terastallize|p1a: Miraidon|Electric\n|move|p2a: Zacian|Protect|p2a: Zacian\n|-singleturn|p2a: Zacian|Protect\n|move|p1b: Incineroar|Fake Out|p2a: Zacian\n|-activate|p2a: Zacian|move: Protect\n|move|p2b: Whimsicott|Moonblast|p1a: Miraidon\n|-damage|p1a: Miraidon|18/100\n|move|p1a: Miraidon|Volt Switch|p2b: Whimsicott\n|-resisted|p2b: Whimsicott\n|-damage|p2b: Whimsicott|0 fnt\n|faint|p2b: Whimsicott\n|\n|t:|1770716644\n|switch|p1a: Iron Bundle|Iron Bundle, L50|100/100|[from] Volt Switch\n|-activate|p1a: Iron Bundle|ability: Quark Drive\n|-start|p1a: Iron Bundle|quarkdrivespe\n|\n|upkeep\n|\n|t:|1770716648\n|switch|p2b: Amoonguss|Amoonguss, L50, M|100/100\n|turn|4\n|\n|t:|1770716660\n|move|p2b: Amoonguss|Rage Powder|p2b: Amoonguss\n|-singleturn|p2b: Amoonguss|move: Rage Powder\n|move|p2a: Zacian|Sacred Sword|p1b: Incineroar\n|-supereffective|p1b: Incineroar\n|-damage|p1b: Incineroar|16/100\n|-enditem|p1b: Incineroar|Figy Berry|[eat]\n|-heal|p1b: Incineroar|50/100|[from] item: Figy Berry\n|move|p1a: Iron Bundle|Ice Beam|p2b: Amoonguss\n|-supereffective|p2b: Amoonguss\n|-damage|p2b: Amoonguss|27/100\n|move|p1b: Incineroar|Flare Blitz|p2b: Amoonguss\n|-supereffective|p2b: Amoonguss\n|-damage|p2b: Amoonguss|0 fnt\n|-damage|p1b: Incineroar|33/100|[from] item: Rocky Helmet|[of] p2b: Amoonguss\n|faint|p2b: Amoonguss\n|-damage|p1b: Incineroar|24/100|[from] Recoil\n|\n|-sideend|p2: MamuiJuJu|move: Tailwind\n|upkeep\n|turn|5\n|-message|MamuiJuJu forfeited.\n|\n|win|inb_178\n|raw|inb_178's rating: 1298 &rarr; <strong>1321</strong><br />(+23 for winning)\n|raw|MamuiJuJu's rating: 1265 &rarr; <strong>1242</strong><br />(-23 for losing)\n|l|\u2606MamuiJuJu\n|player|p2|\n|l|\u2606inb_178\n|player|p1|\n","uploadtime":1770716849,"views":9,"formatid":"gen9vgc2026regi","rating":1242,"private":0,"password":null}