{"id":"gen9vgc2026regi-2589240081","format":"[Gen 9] VGC 2026 Reg I","players":["Daddyaiolijr","Sheevpnew"],"log":"|j|\u2606Daddyaiolijr\n|j|\u2606Sheevpnew\n|t:|1776708699\n|gametype|doubles\n|player|p1|Daddyaiolijr|bruno|1368\n|player|p2|Sheevpnew|169|1410\n|gen|9\n|tier|[Gen 9] VGC 2026 Reg I\n|rated|\n|rule|Species Clause: Limit one of each Pok\u00e9mon\n|rule|Item Clause: Limit 1 of each item\n|clearpoke\n|poke|p1|Raging Bolt, L50|\n|poke|p1|Chien-Pao, L50|\n|poke|p1|Calyrex-Shadow, L50|\n|poke|p1|Rillaboom, L50, F|\n|poke|p1|Amoonguss, L50, F|\n|poke|p1|Zamazenta-*, L50|\n|poke|p2|Calyrex-Ice, L50|\n|poke|p2|Kyogre, L50|\n|poke|p2|Smeargle, L50, M|\n|poke|p2|Roaring Moon, L50|\n|poke|p2|Landorus, L50, M|\n|poke|p2|Ogerpon-Cornerstone, L50, F|\n|teampreview|4\n|\n|t:|1776708739\n|teamsize|p1|4\n|teamsize|p2|4\n|start\n|switch|p1a: Rillaboom|Rillaboom, L50, F|100/100\n|switch|p1b: Amoonguss|Amoonguss, L50, F|100/100\n|switch|p2a: Ogerpon|Ogerpon-Cornerstone, L50, F|100/100\n|switch|p2b: Calyrex|Calyrex-Ice, L50|100/100\n|-ability|p2b: Calyrex|As One\n|-ability|p2b: Calyrex|Unnerve\n|-fieldstart|move: Grassy Terrain|[from] ability: Grassy Surge|[of] p1a: Rillaboom\n|turn|1\n|\n|t:|1776708755\n|move|p2a: Ogerpon|Spiky Shield|p2a: Ogerpon\n|-singleturn|p2a: Ogerpon|move: Protect\n|move|p2b: Calyrex|Protect|p2b: Calyrex\n|-singleturn|p2b: Calyrex|Protect\n|move|p1a: Rillaboom|Wood Hammer|p2a: Ogerpon\n|-activate|p2a: Ogerpon|move: Protect\n|-damage|p1a: Rillaboom|88/100|[from] Spiky Shield|[of] p2a: Ogerpon\n|move|p1b: Amoonguss|Spore|p2b: Calyrex\n|-activate|p2b: Calyrex|move: Protect\n|\n|-heal|p1a: Rillaboom|94/100|[from] Grassy Terrain\n|upkeep\n|turn|2\n|\n|t:|1776708771\n|move|p2a: Ogerpon|Follow Me|p2a: Ogerpon\n|-singleturn|p2a: Ogerpon|move: Follow Me\n|move|p1a: Rillaboom|Wood Hammer|p2a: Ogerpon\n|-damage|p2a: Ogerpon|8/100\n|-damage|p1a: Rillaboom|70/100|[from] Recoil\n|move|p2b: Calyrex|Glacial Lance|p1a: Rillaboom|[spread] p1a,p1b\n|-supereffective|p1a: Rillaboom\n|-supereffective|p1b: Amoonguss\n|-damage|p1a: Rillaboom|0 fnt\n|-damage|p1b: Amoonguss|21/100\n|faint|p1a: Rillaboom\n|-ability|p2b: Calyrex|Chilling Neigh|boost\n|-boost|p2b: Calyrex|atk|1\n|move|p1b: Amoonguss|Spore|p2a: Ogerpon\n|-immune|p2a: Ogerpon\n|\n|-heal|p2a: Ogerpon|14/100|[from] Grassy Terrain\n|-heal|p1b: Amoonguss|27/100|[from] Grassy Terrain\n|upkeep\n|\n|t:|1776708782\n|switch|p1a: Calyrex|Calyrex-Shadow, L50|100/100\n|-ability|p1a: Calyrex|As One\n|-ability|p1a: Calyrex|Unnerve\n|turn|3\n|\n|t:|1776708806\n|switch|p2a: Roaring Moon|Roaring Moon, L50|100/100\n|-enditem|p2a: Roaring Moon|Booster Energy\n|-activate|p2a: Roaring Moon|ability: Protosynthesis|[fromitem]\n|-start|p2a: Roaring Moon|protosynthesisspe\n|switch|p1b: Zamazenta|Zamazenta-Crowned, L50|100/100\n|-ability|p1b: Zamazenta|Dauntless Shield|boost\n|-boost|p1b: Zamazenta|def|1\n|-terastallize|p2b: Calyrex|Fairy\n|move|p1a: Calyrex|Protect|p1a: Calyrex\n|-singleturn|p1a: Calyrex|Protect\n|move|p2b: Calyrex|Glacial Lance|p1a: Calyrex|[spread] p1b\n|-activate|p1a: Calyrex|move: Protect\n|-resisted|p1b: Zamazenta\n|-damage|p1b: Zamazenta|85/100\n|\n|-heal|p1b: Zamazenta|91/100|[from] Grassy Terrain\n|upkeep\n|turn|4\n|\n|t:|1776708834\n|switch|p1a: Amoonguss|Amoonguss, L50, F|60/100\n|move|p2a: Roaring Moon|Knock Off|p1a: Amoonguss\n|-damage|p1a: Amoonguss|24/100\n|-damage|p2a: Roaring Moon|84/100|[from] item: Rocky Helmet|[of] p1a: Amoonguss\n|-enditem|p1a: Amoonguss|Rocky Helmet|[from] move: Knock Off|[of] p2a: Roaring Moon\n|move|p1b: Zamazenta|Body Press|p2a: Roaring Moon\n|-supereffective|p2a: Roaring Moon\n|-damage|p2a: Roaring Moon|0 fnt\n|faint|p2a: Roaring Moon\n|-end|p2a: Roaring Moon|Protosynthesis|[silent]\n|move|p2b: Calyrex|Leech Seed|p1b: Zamazenta\n|-start|p1b: Zamazenta|move: Leech Seed\n|\n|-heal|p1b: Zamazenta|96/100|[from] Grassy Terrain\n|-heal|p1a: Amoonguss|30/100|[from] Grassy Terrain\n|-damage|p1b: Zamazenta|84/100|[from] Leech Seed|[of] p2b: Calyrex\n|upkeep\n|\n|t:|1776708852\n|switch|p2a: Ogerpon|Ogerpon-Cornerstone, L50, F|14/100\n|turn|5\n|\n|t:|1776708861\n|switch|p1b: Calyrex|Calyrex-Shadow, L50|100/100\n|-ability|p1b: Calyrex|As One\n|-ability|p1b: Calyrex|Unnerve\n|move|p2a: Ogerpon|Ivy Cudgel|p1a: Amoonguss|[anim] Ivy Cudgel Rock\n|-damage|p1a: Amoonguss|0 fnt\n|faint|p1a: Amoonguss\n|move|p2b: Calyrex|Trick Room|p2b: Calyrex\n|-fieldstart|move: Trick Room|[of] p2b: Calyrex\n|\n|-heal|p2a: Ogerpon|20/100|[from] Grassy Terrain\n|-fieldend|move: Grassy Terrain\n|upkeep\n|\n|t:|1776708870\n|switch|p1a: Zamazenta|Zamazenta-Crowned, L50|84/100\n|turn|6\n|\n|t:|1776708877\n|move|p2a: Ogerpon|Spiky Shield|p2a: Ogerpon\n|-singleturn|p2a: Ogerpon|move: Protect\n|move|p1b: Calyrex|Protect|p1b: Calyrex\n|-singleturn|p1b: Calyrex|Protect\n|move|p2b: Calyrex|Leech Seed|p1a: Zamazenta\n|-start|p1a: Zamazenta|move: Leech Seed\n|move|p1a: Zamazenta|Body Press|p2a: Ogerpon\n|-activate|p2a: Ogerpon|move: Protect\n|-damage|p1a: Zamazenta|72/100|[from] Spiky Shield|[of] p2a: Ogerpon\n|\n|-damage|p1a: Zamazenta|60/100|[from] Leech Seed|[of] p2b: Calyrex\n|upkeep\n|turn|7\n|\n|t:|1776708891\n|move|p1a: Zamazenta|Wide Guard|p1a: Zamazenta\n|-singleturn|p1a: Zamazenta|Wide Guard\n|move|p2b: Calyrex|Leech Seed|p1b: Calyrex\n|-start|p1b: Calyrex|move: Leech Seed\n|move|p2a: Ogerpon|Ivy Cudgel|p1b: Calyrex|[anim] Ivy Cudgel Rock\n|-damage|p1b: Calyrex|37/100\n|move|p1b: Calyrex|Astral Barrage|p2a: Ogerpon|[spread] p2a,p2b\n|-crit|p2a: Ogerpon\n|-damage|p2a: Ogerpon|0 fnt\n|-damage|p2b: Calyrex|67/100\n|faint|p2a: Ogerpon\n|-ability|p1b: Calyrex|Grim Neigh|boost\n|-boost|p1b: Calyrex|spa|1\n|\n|-heal|p2b: Calyrex|72/100|[from] item: Leftovers\n|-damage|p1a: Zamazenta|48/100|[from] Leech Seed|[of] p2b: Calyrex\n|-heal|p2b: Calyrex|84/100|[silent]\n|-damage|p1b: Calyrex|25/100|[from] Leech Seed|[of] p2b: Calyrex\n|-heal|p2b: Calyrex|94/100|[silent]\n|upkeep\n|\n|t:|1776708900\n|switch|p2a: Landorus|Landorus, L50, M|100/100\n|turn|8\n|-message|Daddyaiolijr forfeited.\n|\n|win|Sheevpnew\n|raw|Daddyaiolijr's rating: 1368 &rarr; <strong>1350</strong><br />(-18 for losing)\n|raw|Sheevpnew's rating: 1410 &rarr; <strong>1428</strong><br />(+18 for winning)\n|l|\u2606Daddyaiolijr\n|player|p1|\n|l|\u2606Sheevpnew\n|player|p2|\n","uploadtime":1776709056,"views":10,"formatid":"gen9vgc2026regi","rating":1350,"private":0,"password":null}