{"id":"gen9vgc2026regi-2568399678","format":"[Gen 9] VGC 2026 Reg I","players":["nobodyisworking","itastelikeiron"],"log":"|j|\u2606nobodyisworking\n|j|\u2606itastelikeiron\n|t:|1774574282\n|gametype|doubles\n|player|p1|nobodyisworking|roughneck-gen4|1496\n|player|p2|itastelikeiron|infielder|1471\n|gen|9\n|tier|[Gen 9] VGC 2026 Reg I\n|rated|\n|rule|Species Clause: Limit one of each Pok\u00e9mon\n|rule|Item Clause: Limit 1 of each item\n|clearpoke\n|poke|p1|Groudon, L50|\n|poke|p1|Roaring Moon, L50|\n|poke|p1|Lunala, L50|\n|poke|p1|Bronzong, L50|\n|poke|p1|Brute Bonnet, L50|\n|poke|p1|Walking Wake, L50|\n|poke|p2|Kyogre, L50|\n|poke|p2|Lunala, L50|\n|poke|p2|Luvdisc, L50, M|\n|poke|p2|Landorus, L50, M|\n|poke|p2|Indeedee-F, L50, F|\n|poke|p2|Basculegion, L50, M|\n|teampreview|4\n|inactive|Battle timer is ON: inactive players will automatically lose when time's up. (requested by nobodyisworking)\n|inactive|itastelikeiron has 60 seconds left.\n|\n|t:|1774574337\n|teamsize|p1|4\n|teamsize|p2|4\n|start\n|switch|p1a: Roaring Moon|Roaring Moon, L50|100/100\n|switch|p1b: Lunala|Lunala, L50|100/100\n|switch|p2a: Indeedee|Indeedee-F, L50, F|100/100\n|switch|p2b: Lunala|Lunala, L50|100/100\n|-fieldstart|move: Psychic Terrain|[from] ability: Psychic Surge|[of] p2a: Indeedee\n|-enditem|p1a: Roaring Moon|Booster Energy\n|-activate|p1a: Roaring Moon|ability: Protosynthesis|[fromitem]\n|-start|p1a: Roaring Moon|protosynthesisspe\n|turn|1\n|inactive|nobodyisworking has 30 seconds left.\n|inactive|nobodyisworking has 20 seconds left.\n|\n|t:|1774574372\n|move|p2a: Indeedee|Follow Me|p2a: Indeedee\n|-singleturn|p2a: Indeedee|move: Follow Me\n|move|p1a: Roaring Moon|Knock Off|p2a: Indeedee\n|-supereffective|p2a: Indeedee\n|-damage|p2a: Indeedee|0 fnt\n|-damage|p1a: Roaring Moon|84/100|[from] item: Rocky Helmet|[of] p2a: Indeedee\n|-enditem|p2a: Indeedee|Rocky Helmet|[from] move: Knock Off|[of] p1a: Roaring Moon\n|faint|p2a: Indeedee\n|move|p1b: Lunala|Meteor Beam||[still]\n|-prepare|p1b: Lunala|Meteor Beam\n|-boost|p1b: Lunala|spa|1\n|-enditem|p1b: Lunala|Power Herb\n|-anim|p1b: Lunala|Meteor Beam|p2b: Lunala\n|-damage|p2b: Lunala|75/100\n|move|p2b: Lunala|Meteor Beam||[still]\n|-prepare|p2b: Lunala|Meteor Beam\n|-boost|p2b: Lunala|spa|1\n|-enditem|p2b: Lunala|Power Herb\n|-anim|p2b: Lunala|Meteor Beam|p1b: Lunala\n|-damage|p1b: Lunala|76/100\n|\n|upkeep\n|\n|t:|1774574387\n|switch|p2a: Basculegion|Basculegion, L50, M|100/100\n|turn|2\n|\n|t:|1774574398\n|switch|p2b: Kyogre|Kyogre, L50|100/100\n|-weather|RainDance|[from] ability: Drizzle|[of] p2b: Kyogre\n|-terastallize|p1b: Lunala|Fairy\n|move|p1a: Roaring Moon|Tailwind|p1a: Roaring Moon\n|-sidestart|p1: nobodyisworking|move: Tailwind\n|move|p2a: Basculegion|Wave Crash|p1a: Roaring Moon\n|-resisted|p1a: Roaring Moon\n|-damage|p1a: Roaring Moon|0 fnt\n|faint|p1a: Roaring Moon\n|-end|p1a: Roaring Moon|Protosynthesis|[silent]\n|-damage|p2a: Basculegion|74/100|[from] Recoil\n|move|p1b: Lunala|Moongeist Beam|p2b: Kyogre\n|-damage|p2b: Kyogre|45/100\n|\n|-weather|RainDance|[upkeep]\n|upkeep\n|\n|t:|1774574416\n|switch|p1a: Groudon|Groudon, L50|100/100\n|-weather|SunnyDay|[from] ability: Drought|[of] p1a: Groudon\n|turn|3\n|\n|t:|1774574431\n|switch|p2b: Lunala|Lunala, L50|75/100\n|move|p1b: Lunala|Moongeist Beam|p2a: Basculegion\n|-supereffective|p2a: Basculegion\n|-damage|p2a: Basculegion|0 fnt\n|faint|p2a: Basculegion\n|move|p1a: Groudon|Swords Dance|p1a: Groudon\n|-boost|p1a: Groudon|atk|2\n|\n|-weather|SunnyDay|[upkeep]\n|upkeep\n|\n|t:|1774574433\n|switch|p2a: Kyogre|Kyogre, L50|45/100\n|-weather|RainDance|[from] ability: Drizzle|[of] p2a: Kyogre\n|turn|4\n|\n|t:|1774574443\n|-terastallize|p2b: Lunala|Normal\n|move|p2a: Kyogre|Protect|p2a: Kyogre\n|-singleturn|p2a: Kyogre|Protect\n|move|p1b: Lunala|Moongeist Beam|p2a: Kyogre\n|-activate|p2a: Kyogre|move: Protect\n|move|p1a: Groudon|Precipice Blades|p2b: Lunala|[spread] \n|-activate|p2a: Kyogre|move: Protect\n|-miss|p1a: Groudon|p2b: Lunala\n|move|p2b: Lunala|Expanding Force|p1a: Groudon|[spread] p1a,p1b\n|-damage|p1a: Groudon|45/100\n|-damage|p1b: Lunala|29/100\n|\n|-weather|RainDance|[upkeep]\n|upkeep\n|turn|5\n|\n|t:|1774574460\n|move|p2b: Lunala|Wide Guard|p2b: Lunala\n|-singleturn|p2b: Lunala|Wide Guard\n|move|p1b: Lunala|Moongeist Beam|p2a: Kyogre\n|-damage|p2a: Kyogre|0 fnt\n|faint|p2a: Kyogre\n|move|p1a: Groudon|Precipice Blades|p2b: Lunala\n|-activate|p2b: Lunala|move: Wide Guard\n|\n|-weather|RainDance|[upkeep]\n|-sideend|p1: nobodyisworking|move: Tailwind\n|-fieldend|move: Psychic Terrain\n|upkeep\n|turn|6\n|-message|itastelikeiron forfeited.\n|\n|win|nobodyisworking\n|raw|nobodyisworking's rating: 1496 &rarr; <strong>1515</strong><br />(+19 for winning)\n|raw|itastelikeiron's rating: 1471 &rarr; <strong>1452</strong><br />(-19 for losing)\n|l|\u2606itastelikeiron\n|player|p2|\n|l|\u2606nobodyisworking\n|player|p1|\n","uploadtime":1774574664,"views":11,"formatid":"gen9vgc2026regi","rating":1452,"private":0,"password":null}