{"id":"gen9vgc2026regi-2567542075","format":"[Gen 9] VGC 2026 Reg I","players":["abbp","ArisHazard"],"log":"|j|\u2606abbp\n|j|\u2606ArisHazard\n|t:|1774486133\n|gametype|doubles\n|player|p1|abbp|102|1458\n|player|p2|ArisHazard|101|1406\n|gen|9\n|tier|[Gen 9] VGC 2026 Reg I\n|rated|\n|rule|Species Clause: Limit one of each Pok\u00e9mon\n|rule|Item Clause: Limit 1 of each item\n|clearpoke\n|poke|p1|Ninetales-Alola, L50, F|\n|poke|p1|Ursaluna-Bloodmoon, L50, M|\n|poke|p1|Terapagos, L50, M|\n|poke|p1|Rillaboom, L50, F|\n|poke|p1|Lunala, L50|\n|poke|p1|Raichu, L50, M|\n|poke|p2|Calyrex-Ice, L50|\n|poke|p2|Hitmontop, L50, M|\n|poke|p2|Miraidon, L50|\n|poke|p2|Sableye, L50, M|\n|poke|p2|Ting-Lu, L50|\n|poke|p2|Volcarona, L50, M|\n|teampreview|4\n|\n|t:|1774486167\n|teamsize|p1|4\n|teamsize|p2|4\n|start\n|switch|p1a: Lunala|Lunala, L50|100/100\n|switch|p1b: Ursaluna|Ursaluna-Bloodmoon, L50, M|100/100\n|switch|p2a: Miraidon|Miraidon, L50|100/100\n|switch|p2b: Calyrex|Calyrex-Ice, L50|100/100\n|-ability|p2b: Calyrex|As One\n|-ability|p2b: Calyrex|Unnerve\n|-fieldstart|move: Electric Terrain|[from] ability: Hadron Engine|[of] p2a: Miraidon\n|turn|1\n|inactive|Battle timer is ON: inactive players will automatically lose when time's up. (requested by ArisHazard)\n|\n|t:|1774486190\n|switch|p2b: Hitmontop|Hitmontop, L50, M|100/100\n|-ability|p2b: Hitmontop|Intimidate|boost\n|-unboost|p1a: Lunala|atk|1\n|-unboost|p1b: Ursaluna|atk|1\n|move|p1b: Ursaluna|Protect|p1b: Ursaluna\n|-singleturn|p1b: Ursaluna|Protect\n|move|p2a: Miraidon|Snarl|p1a: Lunala|[spread] p1a\n|-activate|p1b: Ursaluna|move: Protect\n|-supereffective|p1a: Lunala\n|-damage|p1a: Lunala|72/100\n|-unboost|p1a: Lunala|spa|1\n|-enditem|p1a: Lunala|Weakness Policy\n|-boost|p1a: Lunala|atk|2|[from] item: Weakness Policy\n|-boost|p1a: Lunala|spa|2|[from] item: Weakness Policy\n|move|p1a: Lunala|Tailwind|p1a: Lunala\n|-sidestart|p1: abbp|move: Tailwind\n|\n|upkeep\n|turn|2\n|inactive|abbp has 30 seconds left.\n|inactive|ArisHazard has 30 seconds left.\n|\n|t:|1774486217\n|switch|p2a: Ting-Lu|Ting-Lu, L50|100/100\n|-ability|p2a: Ting-Lu|Vessel of Ruin\n|move|p2b: Hitmontop|Fake Out|p1b: Ursaluna\n|-damage|p1b: Ursaluna|94/100\n|move|p1a: Lunala|Moongeist Beam|p2a: Ting-Lu\n|-resisted|p2a: Ting-Lu\n|-crit|p2a: Ting-Lu\n|-damage|p2a: Ting-Lu|64/100\n|cant|p1b: Ursaluna|flinch\n|\n|upkeep\n|turn|3\n|inactive|abbp has 30 seconds left.\n|inactive|abbp has 20 seconds left.\n|inactive|abbp has 15 seconds left.\n|\n|t:|1774486258\n|move|p2a: Ting-Lu|Protect|p2a: Ting-Lu\n|-singleturn|p2a: Ting-Lu|Protect\n|move|p1a: Lunala|Moongeist Beam|p2b: Hitmontop\n|-damage|p2b: Hitmontop|47/100\n|move|p1b: Ursaluna|Hyper Voice|p2a: Ting-Lu|[spread] p2b\n|-activate|p2a: Ting-Lu|move: Protect\n|-damage|p2b: Hitmontop|22/100\n|-enditem|p1b: Ursaluna|Throat Spray\n|-boost|p1b: Ursaluna|spa|1|[from] item: Throat Spray\n|move|p2b: Hitmontop|Close Combat|p1b: Ursaluna\n|-supereffective|p1b: Ursaluna\n|-damage|p1b: Ursaluna|36/100\n|-unboost|p2b: Hitmontop|def|1\n|-unboost|p2b: Hitmontop|spd|1\n|\n|upkeep\n|turn|4\n|\n|t:|1774486279\n|move|p2b: Hitmontop|Wide Guard|p2b: Hitmontop\n|-singleturn|p2b: Hitmontop|Wide Guard\n|move|p1a: Lunala|Moongeist Beam|p2b: Hitmontop\n|-damage|p2b: Hitmontop|0 fnt\n|faint|p2b: Hitmontop\n|move|p1b: Ursaluna|Blood Moon|p2a: Ting-Lu\n|-damage|p2a: Ting-Lu|0 fnt\n|faint|p2a: Ting-Lu\n|\n|-sideend|p1: abbp|move: Tailwind\n|upkeep\n|\n|t:|1774486294\n|switch|p2b: Calyrex|Calyrex-Ice, L50|100/100\n|switch|p2a: Miraidon|Miraidon, L50|100/100\n|-ability|p2b: Calyrex|As One\n|-ability|p2b: Calyrex|Unnerve\n|-activate|p2a: Miraidon|ability: Hadron Engine\n|turn|5\n|\n|t:|1774486319\n|switch|p1b: Raichu|Raichu, L50, M|100/100\n|move|p2a: Miraidon|Electro Drift|p1b: Raichu\n|-activate|p1b: Raichu|ability: Lightning Rod\n|-ability|p1b: Raichu|Lightning Rod|boost\n|-boost|p1b: Raichu|spa|1\n|move|p1a: Lunala|Tailwind|p1a: Lunala\n|-sidestart|p1: abbp|move: Tailwind\n|move|p2b: Calyrex|Glacial Lance|p1b: Raichu|[spread] p1a,p1b\n|-damage|p1a: Lunala|28/100\n|-enditem|p1b: Raichu|Focus Sash\n|-damage|p1b: Raichu|1/100\n|\n|-fieldend|move: Electric Terrain\n|upkeep\n|turn|6\n|inactive|abbp has 30 seconds left.\n|\n|t:|1774486353\n|move|p2b: Calyrex|Protect|p2b: Calyrex\n|-singleturn|p2b: Calyrex|Protect\n|move|p1b: Raichu|Endeavor|p2b: Calyrex\n|-activate|p2b: Calyrex|move: Protect\n|move|p1a: Lunala|Moongeist Beam|p2b: Calyrex\n|-activate|p2b: Calyrex|move: Protect\n|move|p2a: Miraidon|Snarl|p1b: Raichu|[spread] p1a,p1b\n|-supereffective|p1a: Lunala\n|-damage|p1a: Lunala|0 fnt\n|-damage|p1b: Raichu|0 fnt\n|faint|p1a: Lunala\n|faint|p1b: Raichu\n|\n|upkeep\n|\n|t:|1774486362\n|switch|p1b: Terapagos|Terapagos, L50, M|100/100\n|switch|p1a: Ursaluna|Ursaluna-Bloodmoon, L50, M|36/100\n|-activate|p1b: Terapagos|ability: Tera Shift\n|detailschange|p1b: Terapagos|Terapagos-Terastal, L50, M\n|-heal|p1b: Terapagos|100/100|[silent]\n|turn|7\n|\n|t:|1774486377\n|-terastallize|p1b: Terapagos|Stellar\n|detailschange|p1b: Terapagos|Terapagos-Stellar, L50, M, tera:Stellar\n|-heal|p1b: Terapagos|100/100|[silent]\n|move|p1b: Terapagos|Tera Starstorm|p2b: Calyrex|[spread] p2a,p2b\n|-damage|p2a: Miraidon|78/100\n|-damage|p2b: Calyrex|73/100\n|move|p2a: Miraidon|Snarl|p1b: Terapagos|[spread] p1a,p1b\n|-damage|p1a: Ursaluna|19/100\n|-damage|p1b: Terapagos|89/100\n|-unboost|p1a: Ursaluna|spa|1\n|-unboost|p1b: Terapagos|spa|1\n|move|p1a: Ursaluna|Blood Moon|p2b: Calyrex\n|-damage|p2b: Calyrex|37/100\n|move|p2b: Calyrex|Glacial Lance|p1b: Terapagos|[spread] p1a,p1b\n|-supereffective|p1a: Ursaluna\n|-damage|p1a: Ursaluna|0 fnt\n|-damage|p1b: Terapagos|51/100\n|faint|p1a: Ursaluna\n|-ability|p2b: Calyrex|Chilling Neigh|boost\n|-boost|p2b: Calyrex|atk|1\n|\n|-heal|p1b: Terapagos|58/100|[from] item: Leftovers\n|upkeep\n|turn|8\n|\n|t:|1774486402\n|move|p2b: Calyrex|Protect|p2b: Calyrex\n|-singleturn|p2b: Calyrex|Protect\n|move|p1b: Terapagos|Tera Starstorm|p2a: Miraidon|[spread] p2a\n|-activate|p2b: Calyrex|move: Protect\n|-damage|p2a: Miraidon|65/100\n|move|p2a: Miraidon|Snarl|p1b: Terapagos\n|-damage|p1b: Terapagos|44/100\n|-unboost|p1b: Terapagos|spa|1\n|\n|-heal|p1b: Terapagos|50/100|[from] item: Leftovers\n|-sideend|p1: abbp|move: Tailwind\n|upkeep\n|turn|9\n|\n|t:|1774486416\n|move|p2a: Miraidon|Snarl|p1b: Terapagos\n|-damage|p1b: Terapagos|37/100\n|-unboost|p1b: Terapagos|spa|1\n|move|p1b: Terapagos|Tera Starstorm|p2a: Miraidon|[spread] p2a,p2b\n|-damage|p2a: Miraidon|48/100\n|-damage|p2b: Calyrex|23/100\n|move|p2b: Calyrex|Glacial Lance|p1b: Terapagos\n|-damage|p1b: Terapagos|0 fnt\n|faint|p1b: Terapagos\n|detailschange|p1: Terapagos|Terapagos, L50, M|[silent]\n|\n|win|ArisHazard\n|raw|abbp's rating: 1458 &rarr; <strong>1435</strong><br />(-23 for losing)\n|raw|ArisHazard's rating: 1406 &rarr; <strong>1429</strong><br />(+23 for winning)\n|l|\u2606abbp\n|player|p1|\n|l|\u2606ArisHazard\n|player|p2|\n","uploadtime":1774486568,"views":12,"formatid":"gen9vgc2026regi","rating":1429,"private":0,"password":null}