{"id":"gen9vgc2026regi-2573747366","format":"[Gen 9] VGC 2026 Reg I","players":["Harry Koekenpan","Zappyzap01"],"log":"|j|\u2606Harry Koekenpan\n|j|\u2606Zappyzap01\n|t:|1775161475\n|gametype|doubles\n|player|p1|Harry Koekenpan|101|1347\n|player|p2|Zappyzap01|benga|1400\n|gen|9\n|tier|[Gen 9] VGC 2026 Reg I\n|rated|\n|rule|Species Clause: Limit one of each Pok\u00e9mon\n|rule|Item Clause: Limit 1 of each item\n|clearpoke\n|poke|p1|Weezing-Galar, L50, M|\n|poke|p1|Calyrex-Shadow, L50|\n|poke|p1|Brute Bonnet, L50|\n|poke|p1|Koraidon, L50|\n|poke|p1|Chien-Pao, L50|\n|poke|p1|Regigigas, L50|\n|poke|p2|Indeedee-F, L50, F|\n|poke|p2|Calyrex-Ice, L50|\n|poke|p2|Araquanid, L50, F|\n|poke|p2|Pelipper, L50, M|\n|poke|p2|Lunala, L50|\n|poke|p2|Armarouge, L50, M|\n|teampreview|4\n|inactive|Battle timer is ON: inactive players will automatically lose when time's up. (requested by Harry Koekenpan)\n|inactive|Zappyzap01 has 60 seconds left.\n|\n|t:|1775161511\n|teamsize|p1|4\n|teamsize|p2|4\n|start\n|switch|p1a: Weezing|Weezing-Galar, L50, M|100/100\n|switch|p1b: Regigigas|Regigigas, L50|100/100\n|switch|p2a: Indeedee|Indeedee-F, L50, F, shiny|100/100\n|switch|p2b: Lunala|Lunala, L50, shiny|100/100\n|-ability|p1a: Weezing|Neutralizing Gas\n|turn|1\n|\n|t:|1775161525\n|move|p1b: Regigigas|Knock Off|p2b: Lunala\n|-supereffective|p2b: Lunala\n|-damage|p2b: Lunala|0 fnt\n|-enditem|p2b: Lunala|Power Herb|[from] move: Knock Off|[of] p1b: Regigigas\n|faint|p2b: Lunala\n|move|p1a: Weezing|Toxic Spikes|p2a: Indeedee\n|-sidestart|p2: Zappyzap01|move: Toxic Spikes\n|move|p2a: Indeedee|Trick Room|p2a: Indeedee\n|-fieldstart|move: Trick Room|[of] p2a: Indeedee\n|\n|upkeep\n|\n|t:|1775161532\n|switch|p2b: Calyrex|Calyrex-Ice, L50|100/100\n|-ability|p2b: Calyrex|As One\n|-ability|p2b: Calyrex|Unnerve\n|-status|p2b: Calyrex|psn\n|turn|2\n|\n|t:|1775161541\n|move|p2a: Indeedee|Helping Hand|p2b: Calyrex\n|-singleturn|p2b: Calyrex|Helping Hand|[of] p2a: Indeedee\n|move|p2b: Calyrex|Glacial Lance|p1b: Regigigas|[spread] p1a,p1b\n|-damage|p1a: Weezing|19/100\n|-damage|p1b: Regigigas|12/100\n|move|p1a: Weezing|Sludge Bomb|p2b: Calyrex\n|-damage|p2b: Calyrex|80/100 psn\n|move|p1b: Regigigas|Knock Off|p2b: Calyrex\n|-supereffective|p2b: Calyrex\n|-damage|p2b: Calyrex|22/100 psn\n|-enditem|p2b: Calyrex|Clear Amulet|[from] move: Knock Off|[of] p1b: Regigigas\n|\n|-damage|p2b: Calyrex|10/100 psn|[from] psn\n|upkeep\n|turn|3\n|\n|t:|1775161561\n|switch|p2a: Armarouge|Armarouge, L50, M, shiny|100/100\n|-status|p2a: Armarouge|psn\n|move|p1a: Weezing|Protect|p1a: Weezing\n|-singleturn|p1a: Weezing|Protect\n|move|p2b: Calyrex|Glacial Lance|p1a: Weezing|[spread] p1b\n|-activate|p1a: Weezing|move: Protect\n|-damage|p1b: Regigigas|0 fnt\n|faint|p1b: Regigigas\n|-end|p1b: Regigigas|Slow Start|[silent]\n|-ability|p2b: Calyrex|Chilling Neigh|boost\n|-boost|p2b: Calyrex|atk|1\n|\n|-damage|p2b: Calyrex|0 fnt|[from] psn\n|faint|p2b: Calyrex\n|-damage|p2a: Armarouge|88/100 psn|[from] psn\n|upkeep\n|-enditem|p1a: Weezing|Sitrus Berry|[eat]\n|-heal|p1a: Weezing|44/100|[from] item: Sitrus Berry\n|\n|t:|1775161584\n|switch|p2b: Indeedee|Indeedee-F, L50, F, shiny|100/100\n|switch|p1b: Chien-Pao|Chien-Pao, L50|100/100\n|-status|p2b: Indeedee|psn\n|turn|4\n|\n|t:|1775161594\n|move|p2b: Indeedee|Follow Me|p2b: Indeedee\n|-singleturn|p2b: Indeedee|move: Follow Me\n|move|p1b: Chien-Pao|Sucker Punch||[still]\n|-fail|p1b: Chien-Pao\n|move|p2a: Armarouge|Expanding Force|p1a: Weezing\n|-supereffective|p1a: Weezing\n|-damage|p1a: Weezing|0 fnt\n|faint|p1a: Weezing\n|-end|p1a: Weezing|ability: Neutralizing Gas\n|-fieldstart|move: Psychic Terrain|[from] ability: Psychic Surge|[of] p2b: Indeedee\n|-enditem|p2b: Indeedee|Psychic Seed\n|-boost|p2b: Indeedee|spd|1|[from] item: Psychic Seed\n|-ability|p1b: Chien-Pao|Sword of Ruin\n|-damage|p2a: Armarouge|79/100 psn|[from] item: Life Orb\n|\n|-damage|p2a: Armarouge|67/100 psn|[from] psn\n|-damage|p2b: Indeedee|88/100 psn|[from] psn\n|upkeep\n|\n|t:|1775161601\n|switch|p1a: Koraidon|Koraidon, L50|100/100\n|-weather|SunnyDay|[from] ability: Orichalcum Pulse|[of] p1a: Koraidon\n|-activate|p1a: Koraidon|Orichalcum Pulse|[source]\n|turn|5\n|\n|t:|1775161621\n|move|p1a: Koraidon|Protect|p1a: Koraidon\n|-singleturn|p1a: Koraidon|Protect\n|move|p1b: Chien-Pao|Protect|p1b: Chien-Pao\n|-singleturn|p1b: Chien-Pao|Protect\n|move|p2a: Armarouge|Trick Room|p2a: Armarouge\n|-fieldend|move: Trick Room\n|move|p2b: Indeedee|Trick Room|p2b: Indeedee\n|-fieldstart|move: Trick Room|[of] p2b: Indeedee\n|\n|-weather|SunnyDay|[upkeep]\n|-damage|p2a: Armarouge|54/100 psn|[from] psn\n|-damage|p2b: Indeedee|76/100 psn|[from] psn\n|upkeep\n|turn|6\n|inactive|Harry Koekenpan has 30 seconds left.\n|inactive|Zappyzap01 has 30 seconds left.\n|\n|t:|1775161663\n|-terastallize|p1a: Koraidon|Fire\n|move|p2b: Indeedee|Follow Me|p2b: Indeedee\n|-singleturn|p2b: Indeedee|move: Follow Me\n|move|p2a: Armarouge|Expanding Force|p1b: Chien-Pao|[spread] p1a\n|-immune|p1b: Chien-Pao\n|-damage|p1a: Koraidon|12/100\n|-damage|p2a: Armarouge|45/100 psn|[from] item: Life Orb\n|move|p1a: Koraidon|Collision Course|p2b: Indeedee\n|-damage|p2b: Indeedee|0 fnt\n|faint|p2b: Indeedee\n|move|p1b: Chien-Pao|Ice Spinner|p2a: Armarouge\n|-resisted|p2a: Armarouge\n|-damage|p2a: Armarouge|22/100 psn\n|-fieldend|move: Psychic Terrain\n|\n|-weather|SunnyDay|[upkeep]\n|-damage|p2a: Armarouge|10/100 psn|[from] psn\n|upkeep\n|turn|7\n|-message|Zappyzap01 forfeited.\n|\n|win|Harry Koekenpan\n|raw|Harry Koekenpan's rating: 1347 &rarr; <strong>1370</strong><br />(+23 for winning)\n|raw|Zappyzap01's rating: 1400 &rarr; <strong>1377</strong><br />(-23 for losing)\n|l|\u2606Zappyzap01\n|player|p2|\n","uploadtime":1775161689,"views":16,"formatid":"gen9vgc2026regi","rating":1370,"private":0,"password":null}