{"id":"gen9vgc2026regi-2547277800","format":"[Gen 9] VGC 2026 Reg I","players":["cdogp3","ConnerTEP"],"log":"|j|\u2606cdogp3\n|j|\u2606ConnerTEP\n|t:|1772065431\n|gametype|doubles\n|player|p1|cdogp3|hoopster|1558\n|player|p2|ConnerTEP|acerola-masters2|1437\n|gen|9\n|tier|[Gen 9] VGC 2026 Reg I\n|rated|\n|rule|Species Clause: Limit one of each Pok\u00e9mon\n|rule|Item Clause: Limit 1 of each item\n|clearpoke\n|poke|p1|Sneasler, L50, F|\n|poke|p1|Ditto, L50|\n|poke|p1|Calyrex-Ice, L50|\n|poke|p1|Miraidon, L50|\n|poke|p1|Urshifu-*, L50, M|\n|poke|p1|Incineroar, L50, M|\n|poke|p2|Groudon, L50|\n|poke|p2|Miraidon, L50|\n|poke|p2|Volcarona, L50, F|\n|poke|p2|Flutter Mane, L50|\n|poke|p2|Gouging Fire, L50|\n|poke|p2|Iron Hands, L50|\n|teampreview|4\n|inactive|Battle timer is ON: inactive players will automatically lose when time's up. (requested by ConnerTEP)\n|inactive|cdogp3 also wants the timer to be on.\n|inactive|ConnerTEP has 60 seconds left.\n|\n|t:|1772065475\n|teamsize|p1|4\n|teamsize|p2|4\n|start\n|switch|p1a: Calyrex|Calyrex-Ice, L50|100/100\n|switch|p1b: Incineroar|Incineroar, L50, M|100/100\n|switch|p2a: Groudon|Groudon, L50|100/100\n|switch|p2b: Gouging Fire|Gouging Fire, L50|100/100\n|-ability|p1a: Calyrex|As One\n|-ability|p1a: Calyrex|Unnerve\n|-weather|SunnyDay|[from] ability: Drought|[of] p2a: Groudon\n|-activate|p2b: Gouging Fire|ability: Protosynthesis\n|-start|p2b: Gouging Fire|protosynthesisspe\n|-ability|p1b: Incineroar|Intimidate|boost\n|-fail|p2a: Groudon|unboost|[from] item: Clear Amulet|[of] p2a: Groudon\n|-unboost|p2b: Gouging Fire|atk|1\n|turn|1\n|\n|t:|1772065490\n|-terastallize|p2a: Groudon|Fire\n|-terastallize|p1b: Incineroar|Bug\n|move|p1a: Calyrex|Protect|p1a: Calyrex\n|-singleturn|p1a: Calyrex|Protect\n|move|p2b: Gouging Fire|Flare Blitz|p1a: Calyrex\n|-activate|p1a: Calyrex|move: Protect\n|move|p2a: Groudon|Precipice Blades|p1b: Incineroar|[spread] \n|-activate|p1a: Calyrex|move: Protect\n|-miss|p2a: Groudon|p1b: Incineroar\n|move|p1b: Incineroar|U-turn|p2b: Gouging Fire\n|-resisted|p2b: Gouging Fire\n|-crit|p2b: Gouging Fire\n|-damage|p2b: Gouging Fire|79/100\n|\n|t:|1772065498\n|switch|p1b: Ditto|Ditto, L50, shiny|100/100|[from] U-turn\n|-transform|p1b: Ditto|p2a: Groudon|[from] ability: Imposter\n|\n|-weather|SunnyDay|[upkeep]\n|upkeep\n|-start|p1b: Ditto|typechange|Ground|[silent]\n|turn|2\n|inactive|cdogp3 has 30 seconds left.\n|\n|t:|1772065528\n|switch|p1a: Incineroar|Incineroar, L50, M, tera:Bug|100/100\n|-ability|p1a: Incineroar|Intimidate|boost\n|-fail|p2a: Groudon|unboost|[from] item: Clear Amulet|[of] p2a: Groudon\n|-unboost|p2b: Gouging Fire|atk|1\n|move|p2b: Gouging Fire|Flare Blitz|p1a: Incineroar\n|-supereffective|p1a: Incineroar\n|-damage|p1a: Incineroar|28/100\n|-damage|p2b: Gouging Fire|53/100|[from] Recoil\n|move|p1b: Ditto|Precipice Blades|p2b: Gouging Fire|[spread] p2a\n|-miss|p1b: Ditto|p2b: Gouging Fire\n|-supereffective|p2a: Groudon\n|-damage|p2a: Groudon|19/100\n|move|p2a: Groudon|Precipice Blades|p1b: Ditto|[spread] p1a,p1b\n|-resisted|p1a: Incineroar\n|-damage|p1a: Incineroar|1/100\n|-damage|p1b: Ditto|52/100\n|\n|-weather|SunnyDay|[upkeep]\n|upkeep\n|turn|3\n|\n|t:|1772065546\n|switch|p1a: Calyrex|Calyrex-Ice, L50|100/100\n|-ability|p1a: Calyrex|As One\n|-ability|p1a: Calyrex|Unnerve\n|move|p2a: Groudon|Protect|p2a: Groudon\n|-singleturn|p2a: Groudon|Protect\n|move|p2b: Gouging Fire|Breaking Swipe|p1b: Ditto|[spread] p1a,p1b\n|-damage|p1a: Calyrex|94/100\n|-damage|p1b: Ditto|44/100\n|-unboost|p1b: Ditto|atk|1\n|move|p1b: Ditto|Precipice Blades|p2b: Gouging Fire|[spread] p2b\n|-activate|p2a: Groudon|move: Protect\n|-supereffective|p2b: Gouging Fire\n|-damage|p2b: Gouging Fire|0 fnt\n|faint|p2b: Gouging Fire\n|-end|p2b: Gouging Fire|Protosynthesis|[silent]\n|\n|-weather|SunnyDay|[upkeep]\n|upkeep\n|\n|t:|1772065551\n|switch|p2b: Volcarona|Volcarona, L50, F|100/100\n|turn|4\n|j| AvidCrane\n|inactive|ConnerTEP has 30 seconds left.\n|inactive|ConnerTEP has 20 seconds left.\n|\n|t:|1772065591\n|move|p1b: Ditto|Precipice Blades|p2b: Volcarona|[spread] p2b\n|-miss|p1b: Ditto|p2a: Groudon\n|-damage|p2b: Volcarona|68/100\n|move|p2b: Volcarona|Overheat|p1a: Calyrex|[miss]\n|-miss|p2b: Volcarona|p1a: Calyrex\n|move|p2a: Groudon|Precipice Blades|p1b: Ditto|[spread] p1a,p1b\n|-damage|p1a: Calyrex|60/100\n|-damage|p1b: Ditto|1/100\n|move|p1a: Calyrex|Trick Room|p1a: Calyrex\n|-fieldstart|move: Trick Room|[of] p1a: Calyrex\n|\n|-weather|SunnyDay|[upkeep]\n|upkeep\n|turn|5\n|\n|t:|1772065603\n|move|p2a: Groudon|Protect|p2a: Groudon\n|-singleturn|p2a: Groudon|Protect\n|move|p1a: Calyrex|Glacial Lance|p2a: Groudon|[spread] p2b\n|-activate|p2a: Groudon|move: Protect\n|-resisted|p2b: Volcarona\n|-damage|p2b: Volcarona|44/100\n|move|p2b: Volcarona|Overheat|p1a: Calyrex|[miss]\n|-miss|p2b: Volcarona|p1a: Calyrex\n|move|p1b: Ditto|Precipice Blades|p2a: Groudon|[spread] p2b\n|-activate|p2a: Groudon|move: Protect\n|-damage|p2b: Volcarona|12/100\n|\n|-weather|none\n|upkeep\n|turn|6\n|-message|ConnerTEP forfeited.\n|\n|win|cdogp3\n|raw|cdogp3's rating: 1558 &rarr; <strong>1571</strong><br />(+13 for winning)\n|raw|ConnerTEP's rating: 1437 &rarr; <strong>1424</strong><br />(-13 for losing)\n|l|\u2606ConnerTEP\n|player|p2|\n|l|\u2606cdogp3\n|player|p1|\n|l| AvidCrane\n","uploadtime":1772065748,"views":17,"formatid":"gen9vgc2026regi","rating":1424,"private":0,"password":null}