{"id":"gen9vgc2026regi-2527218186","format":"[Gen 9] VGC 2026 Reg I","players":["Fogdocker","Shirena"],"log":"|j|\u2606Fogdocker\n|j|\u2606Shirena\n|t:|1769514997\n|gametype|doubles\n|player|p1|Fogdocker|101|1311\n|player|p2|Shirena|rosa|1308\n|gen|9\n|tier|[Gen 9] VGC 2026 Reg I\n|rated|\n|rule|Species Clause: Limit one of each Pok\u00e9mon\n|rule|Item Clause: Limit 1 of each item\n|clearpoke\n|poke|p1|Calyrex-Ice, L50|\n|poke|p1|Koraidon, L50|\n|poke|p1|Flutter Mane, L50|\n|poke|p1|Incineroar, L50, M|\n|poke|p1|Rillaboom, L50, M|\n|poke|p1|Amoonguss, L50, M|\n|poke|p2|Miraidon, L50|\n|poke|p2|Whimsicott, L50, F|\n|poke|p2|Lunala, L50|\n|poke|p2|Ursaluna, L50, M|\n|poke|p2|Urshifu-*, L50, M|\n|poke|p2|Incineroar, L50, M|\n|teampreview|4\n|inactive|Battle timer is ON: inactive players will automatically lose when time's up. (requested by Shirena)\n|inactive|Fogdocker has 60 seconds left.\n|inactive|Shirena has 60 seconds left.\n|\n|t:|1769515030\n|teamsize|p1|4\n|teamsize|p2|4\n|start\n|switch|p1a: Calyrex|Calyrex-Ice, L50|100/100\n|switch|p1b: Flutter Mane|Flutter Mane, L50|100/100\n|switch|p2a: Miraidon|Miraidon, L50|100/100\n|switch|p2b: Whimsicott|Whimsicott, L50, F|100/100\n|-ability|p1a: Calyrex|As One\n|-ability|p1a: Calyrex|Unnerve\n|-fieldstart|move: Electric Terrain|[from] ability: Hadron Engine|[of] p2a: Miraidon\n|turn|1\n|\n|t:|1769515047\n|-end|p1b: Flutter Mane|Protosynthesis|[silent]\n|switch|p1b: Rillaboom|Rillaboom, L50, M|100/100\n|-fieldstart|move: Grassy Terrain|[from] ability: Grassy Surge|[of] p1b: Rillaboom\n|-terastallize|p2a: Miraidon|Electric\n|move|p2b: Whimsicott|Tailwind|p2b: Whimsicott\n|-sidestart|p2: Shirena|move: Tailwind\n|move|p2a: Miraidon|Electro Drift|p1a: Calyrex\n|-damage|p1a: Calyrex|39/100\n|move|p1a: Calyrex|Glacial Lance|p2a: Miraidon|[spread] p2a,p2b\n|-supereffective|p2b: Whimsicott\n|-damage|p2a: Miraidon|50/100\n|-enditem|p2b: Whimsicott|Focus Sash\n|-damage|p2b: Whimsicott|1/100\n|\n|-heal|p2a: Miraidon|56/100|[from] Grassy Terrain\n|-heal|p2b: Whimsicott|7/100|[from] Grassy Terrain\n|-heal|p1a: Calyrex|44/100|[from] Grassy Terrain\n|-heal|p1a: Calyrex|50/100|[from] item: Leftovers\n|upkeep\n|turn|2\n|inactive|Fogdocker has 30 seconds left.\n|\n|t:|1769515076\n|switch|p2a: Lunala|Lunala, L50|100/100\n|move|p1b: Rillaboom|Fake Out|p2b: Whimsicott\n|-damage|p2b: Whimsicott|0 fnt\n|faint|p2b: Whimsicott\n|move|p1a: Calyrex|Glacial Lance|p2a: Lunala\n|-damage|p2a: Lunala|79/100\n|\n|-heal|p2a: Lunala|85/100|[from] Grassy Terrain\n|-heal|p1a: Calyrex|56/100|[from] Grassy Terrain\n|-heal|p1a: Calyrex|62/100|[from] item: Leftovers\n|upkeep\n|\n|t:|1769515081\n|switch|p2b: Miraidon|Miraidon, L50, tera:Electric|56/100\n|-fieldstart|move: Electric Terrain|[from] ability: Hadron Engine|[of] p2b: Miraidon\n|turn|3\n|\n|t:|1769515099\n|move|p1a: Calyrex|Protect|p1a: Calyrex\n|-singleturn|p1a: Calyrex|Protect\n|move|p2b: Miraidon|Volt Switch|p1a: Calyrex\n|-activate|p1a: Calyrex|move: Protect\n|move|p2a: Lunala|Moongeist Beam|p1a: Calyrex\n|-activate|p1a: Calyrex|move: Protect\n|move|p1b: Rillaboom|U-turn|p2b: Miraidon\n|-crit|p2b: Miraidon\n|-damage|p2b: Miraidon|18/100\n|\n|t:|1769515117\n|switch|p1b: Flutter Mane|Flutter Mane, L50|100/100|[from] U-turn\n|\n|-heal|p1a: Calyrex|68/100|[from] item: Leftovers\n|upkeep\n|turn|4\n|\n|t:|1769515127\n|switch|p1a: Rillaboom|Rillaboom, L50, M|100/100\n|-fieldstart|move: Grassy Terrain|[from] ability: Grassy Surge|[of] p1a: Rillaboom\n|move|p2b: Miraidon|Volt Switch|p1a: Rillaboom\n|-resisted|p1a: Rillaboom\n|-crit|p1a: Rillaboom\n|-damage|p1a: Rillaboom|65/100\n|\n|t:|1769515130\n|switch|p2b: Ursaluna|Ursaluna, L50, M|100/100|[from] Volt Switch\n|move|p1b: Flutter Mane|Shadow Ball|p2a: Lunala\n|-supereffective|p2a: Lunala\n|-damage|p2a: Lunala|0 fnt\n|faint|p2a: Lunala\n|\n|-heal|p1a: Rillaboom|71/100|[from] Grassy Terrain\n|-sideend|p2: Shirena|move: Tailwind\n|-status|p2b: Ursaluna|brn|[from] item: Flame Orb\n|upkeep\n|\n|t:|1769515134\n|switch|p2a: Miraidon|Miraidon, L50, tera:Electric|18/100\n|-fieldstart|move: Electric Terrain|[from] ability: Hadron Engine|[of] p2a: Miraidon\n|turn|5\n|\n|t:|1769515153\n|switch|p1a: Koraidon|Koraidon, L50|100/100\n|-weather|SunnyDay|[from] ability: Orichalcum Pulse|[of] p1a: Koraidon\n|-activate|p1b: Flutter Mane|ability: Protosynthesis\n|-start|p1b: Flutter Mane|protosynthesisspe\n|-activate|p1a: Koraidon|Orichalcum Pulse|[source]\n|move|p1b: Flutter Mane|Moonblast|p2a: Miraidon\n|-damage|p2a: Miraidon|0 fnt\n|faint|p2a: Miraidon\n|move|p2b: Ursaluna|Facade|p1a: Koraidon\n|-damage|p1a: Koraidon|0 fnt\n|faint|p1a: Koraidon\n|\n|-weather|SunnyDay|[upkeep]\n|-damage|p2b: Ursaluna|94/100 brn|[from] brn\n|upkeep\n|-message|Shirena forfeited.\n|\n|win|Fogdocker\n|raw|Fogdocker's rating: 1311 &rarr; <strong>1331</strong><br />(+20 for winning)\n|raw|Shirena's rating: 1308 &rarr; <strong>1288</strong><br />(-20 for losing)\n|l|\u2606Shirena\n|player|p2|\n|l|\u2606Fogdocker\n|player|p1|\n","uploadtime":1769515409,"views":11,"formatid":"gen9vgc2026regi","rating":1288,"private":0,"password":null}