{"id":"gen9vgc2026regi-2559836357","format":"[Gen 9] VGC 2026 Reg I","players":["bbqsus","BanKingambit69247"],"log":"|j|\u2606bbqsus\n|j|\u2606BanKingambit69247\n|t:|1773614652\n|gametype|doubles\n|player|p1|bbqsus|brycenman|1454\n|player|p2|BanKingambit69247|170|1383\n|gen|9\n|tier|[Gen 9] VGC 2026 Reg I\n|rated|\n|rule|Species Clause: Limit one of each Pok\u00e9mon\n|rule|Item Clause: Limit 1 of each item\n|clearpoke\n|poke|p1|Calyrex-Shadow, L50|\n|poke|p1|Smeargle, L50, M|\n|poke|p1|Torkoal, L50, F|\n|poke|p1|Flamigo, L50, F|\n|poke|p1|Dialga-Origin, L50|\n|poke|p1|Muk-Alola, L50, M|\n|poke|p2|Calyrex-Shadow, L50|\n|poke|p2|Zamazenta-*, L50|\n|poke|p2|Chien-Pao, L50|\n|poke|p2|Smeargle, L50, F|\n|poke|p2|Dondozo, L50, M|\n|poke|p2|Tatsugiri, L50, M|\n|teampreview|4\n|inactive|Battle timer is ON: inactive players will automatically lose when time's up. (requested by BanKingambit69247)\n|inactive|BanKingambit69247 has 60 seconds left.\n|\n|t:|1773614691\n|teamsize|p1|4\n|teamsize|p2|4\n|start\n|switch|p1a: Smeargle|Smeargle, L50, M, shiny|100/100\n|switch|p1b: Muk|Muk-Alola, L50, M, shiny|100/100\n|switch|p2a: \u773c\u795e\u5446\u6ede\ud83e\udd2a|Dondozo, L50, M, shiny|100/100\n|switch|p2b: \u8bf6\u4f60\u600e\u4e48\u6b7b\u4e86?\u267f\u267f\u267f|Calyrex-Shadow, L50|100/100\n|-ability|p2b: \u8bf6\u4f60\u600e\u4e48\u6b7b\u4e86?\u267f\u267f\u267f|As One\n|-ability|p2b: \u8bf6\u4f60\u600e\u4e48\u6b7b\u4e86?\u267f\u267f\u267f|Unnerve\n|turn|1\n|\n|t:|1773614713\n|-terastallize|p2a: \u773c\u795e\u5446\u6ede\ud83e\udd2a|Grass\n|move|p2b: \u8bf6\u4f60\u600e\u4e48\u6b7b\u4e86?\u267f\u267f\u267f|Trick|p1b: Muk\n|-activate|p2b: \u8bf6\u4f60\u600e\u4e48\u6b7b\u4e86?\u267f\u267f\u267f|move: Trick|[of] p1b: Muk\n|-item|p1b: Muk|Choice Specs|[from] move: Trick\n|-item|p2b: \u8bf6\u4f60\u600e\u4e48\u6b7b\u4e86?\u267f\u267f\u267f|Leftovers|[from] move: Trick\n|move|p1a: Smeargle|Spore|p2b: \u8bf6\u4f60\u600e\u4e48\u6b7b\u4e86?\u267f\u267f\u267f\n|-status|p2b: \u8bf6\u4f60\u600e\u4e48\u6b7b\u4e86?\u267f\u267f\u267f|slp|[from] move: Spore\n|move|p2a: \u773c\u795e\u5446\u6ede\ud83e\udd2a|Earthquake|p1b: Muk|[spread] p2b,p1a,p1b\n|-supereffective|p1b: Muk\n|-damage|p2b: \u8bf6\u4f60\u600e\u4e48\u6b7b\u4e86?\u267f\u267f\u267f|79/100 slp\n|-damage|p1a: Smeargle|60/100\n|-damage|p1b: Muk|61/100\n|move|p1b: Muk|Minimize|p1b: Muk\n|-boost|p1b: Muk|evasion|2\n|\n|-heal|p2b: \u8bf6\u4f60\u600e\u4e48\u6b7b\u4e86?\u267f\u267f\u267f|85/100 slp|[from] item: Leftovers\n|-ability|p1a: Smeargle|Moody|boost\n|-boost|p1a: Smeargle|atk|2\n|-unboost|p1a: Smeargle|spe|1\n|upkeep\n|turn|2\n|inactive|bbqsus has 30 seconds left.\n|\n|t:|1773614739\n|switch|p2b: \u68d5\u8272\u5c0f\u6590\u6d4e\u5317\ud83d\ude0b|Tatsugiri, L50, M, shiny|100/100\n|-activate|p2b: \u68d5\u8272\u5c0f\u6590\u6d4e\u5317\ud83d\ude0b|ability: Commander|[of] p2a: \u773c\u795e\u5446\u6ede\ud83e\udd2a\n|-boost|p2a: \u773c\u795e\u5446\u6ede\ud83e\udd2a|atk|2\n|-boost|p2a: \u773c\u795e\u5446\u6ede\ud83e\udd2a|spa|2\n|-boost|p2a: \u773c\u795e\u5446\u6ede\ud83e\udd2a|spe|2\n|-boost|p2a: \u773c\u795e\u5446\u6ede\ud83e\udd2a|def|2\n|-boost|p2a: \u773c\u795e\u5446\u6ede\ud83e\udd2a|spd|2\n|-terastallize|p1b: Muk|Grass\n|move|p2a: \u773c\u795e\u5446\u6ede\ud83e\udd2a|Order Up|p1b: Muk\n|-damage|p1b: Muk|19/100\n|-boost|p2a: \u773c\u795e\u5446\u6ede\ud83e\udd2a|atk|1\n|move|p1a: Smeargle|Salt Cure|p2a: \u773c\u795e\u5446\u6ede\ud83e\udd2a\n|-damage|p2a: \u773c\u795e\u5446\u6ede\ud83e\udd2a|99/100\n|-start|p2a: \u773c\u795e\u5446\u6ede\ud83e\udd2a|Salt Cure\n|move|p1b: Muk|Minimize|p1b: Muk\n|-boost|p1b: Muk|evasion|2\n|\n|-heal|p2a: \u773c\u795e\u5446\u6ede\ud83e\udd2a|100/100|[from] item: Leftovers\n|-damage|p2a: \u773c\u795e\u5446\u6ede\ud83e\udd2a|88/100|[from] Salt Cure\n|-ability|p1a: Smeargle|Moody|boost\n|-boost|p1a: Smeargle|atk|2\n|-unboost|p1a: Smeargle|spa|1\n|upkeep\n|turn|3\n|\n|t:|1773614758\n|move|p1a: Smeargle|Follow Me|p1a: Smeargle\n|-singleturn|p1a: Smeargle|move: Follow Me\n|move|p2a: \u773c\u795e\u5446\u6ede\ud83e\udd2a|Earthquake|p1b: Muk|[spread] p1a,p1b\n|-miss|p2a: \u773c\u795e\u5446\u6ede\ud83e\udd2a|p2b: \u68d5\u8272\u5c0f\u6590\u6d4e\u5317\ud83d\ude0b\n|-resisted|p1b: Muk\n|-damage|p1a: Smeargle|0 fnt\n|-damage|p1b: Muk|0 fnt\n|faint|p1a: Smeargle\n|faint|p1b: Muk\n|\n|-heal|p2a: \u773c\u795e\u5446\u6ede\ud83e\udd2a|94/100|[from] item: Leftovers\n|-damage|p2a: \u773c\u795e\u5446\u6ede\ud83e\udd2a|82/100|[from] Salt Cure\n|upkeep\n|\n|t:|1773614763\n|switch|p1a: Calyrex|Calyrex-Shadow, L50|100/100\n|switch|p1b: Dialga|Dialga-Origin, L50, shiny|100/100\n|-ability|p1a: Calyrex|As One\n|-ability|p1a: Calyrex|Unnerve\n|-ability|p1b: Dialga|Pressure\n|turn|4\n|\n|t:|1773614768\n|move|p1a: Calyrex|Protect|p1a: Calyrex\n|-singleturn|p1a: Calyrex|Protect\n|move|p2a: \u773c\u795e\u5446\u6ede\ud83e\udd2a|Earthquake|p1b: Dialga|[spread] p1b\n|-miss|p2a: \u773c\u795e\u5446\u6ede\ud83e\udd2a|p2b: \u68d5\u8272\u5c0f\u6590\u6d4e\u5317\ud83d\ude0b\n|-activate|p1a: Calyrex|move: Protect\n|-supereffective|p1b: Dialga\n|-damage|p1b: Dialga|39/100\n|move|p1b: Dialga|Thunder Wave|p2a: \u773c\u795e\u5446\u6ede\ud83e\udd2a|[miss]\n|-miss|p1b: Dialga|p2a: \u773c\u795e\u5446\u6ede\ud83e\udd2a\n|\n|-heal|p2a: \u773c\u795e\u5446\u6ede\ud83e\udd2a|88/100|[from] item: Leftovers\n|-damage|p2a: \u773c\u795e\u5446\u6ede\ud83e\udd2a|76/100|[from] Salt Cure\n|upkeep\n|turn|5\n|-message|bbqsus forfeited.\n|\n|win|BanKingambit69247\n|raw|bbqsus's rating: 1454 &rarr; <strong>1430</strong><br />(-24 for losing)\n|raw|BanKingambit69247's rating: 1383 &rarr; <strong>1407</strong><br />(+24 for winning)\n|l|\u2606BanKingambit69247\n|player|p2|\n|l|\u2606bbqsus\n|player|p1|\n","uploadtime":1773614782,"views":11,"formatid":"gen9vgc2026regi","rating":1407,"private":0,"password":null}