{"id":"gen9vgc2026regi-2516936003","format":"[Gen 9] VGC 2026 Reg I","players":["yaochangzhe","Espnex"],"log":"|j|\u2606yaochangzhe\n|j|\u2606Espnex\n|t:|1768203522\n|gametype|doubles\n|player|p1|yaochangzhe|1|1155\n|player|p2|Espnex|265|1099\n|gen|9\n|tier|[Gen 9] VGC 2026 Reg I\n|rated|\n|rule|Species Clause: Limit one of each Pok\u00e9mon\n|rule|Item Clause: Limit 1 of each item\n|clearpoke\n|poke|p1|Calyrex-Shadow, L50|\n|poke|p1|Zamazenta-*, L50|\n|poke|p1|Chien-Pao, L50|\n|poke|p1|Amoonguss, L50, F|\n|poke|p1|Dragonite, L50, M|\n|poke|p1|Iron Valiant, L50|\n|poke|p2|Miraidon, L50|\n|poke|p2|Groudon, L50|\n|poke|p2|Chien-Pao, L50|\n|poke|p2|Ting-Lu, L50|\n|poke|p2|Farigiraf, L50, M|\n|poke|p2|Amoonguss, L50, M|\n|teampreview|4\n|\n|t:|1768203564\n|teamsize|p1|4\n|teamsize|p2|4\n|start\n|switch|p1a: Chien-Pao|Chien-Pao, L50|100/100\n|switch|p1b: Zamazenta|Zamazenta-Crowned, L50|100/100\n|switch|p2a: Groudon|Groudon, L50|100/100\n|switch|p2b: Ting-Lu|Ting-Lu, L50|100/100\n|-ability|p1a: Chien-Pao|Sword of Ruin\n|-ability|p1b: Zamazenta|Dauntless Shield|boost\n|-boost|p1b: Zamazenta|def|1\n|-weather|SunnyDay|[from] ability: Drought|[of] p2a: Groudon\n|-ability|p2b: Ting-Lu|Vessel of Ruin\n|turn|1\n|\n|t:|1768203616\n|move|p1b: Zamazenta|Protect|p1b: Zamazenta\n|-singleturn|p1b: Zamazenta|Protect\n|move|p1a: Chien-Pao|Ruination|p2a: Groudon\n|-damage|p2a: Groudon|51/100\n|move|p2a: Groudon|Heat Crash|p1a: Chien-Pao\n|-supereffective|p1a: Chien-Pao\n|-damage|p1a: Chien-Pao|0 fnt\n|faint|p1a: Chien-Pao\n|move|p2b: Ting-Lu|Ruination|p1b: Zamazenta\n|-activate|p1b: Zamazenta|move: Protect\n|\n|-weather|SunnyDay|[upkeep]\n|upkeep\n|\n|t:|1768203638\n|switch|p1a: Calyrex|Calyrex-Shadow, L50|100/100\n|-ability|p1a: Calyrex|As One\n|-ability|p1a: Calyrex|Unnerve\n|turn|2\n|\n|t:|1768203649\n|move|p2a: Groudon|Protect|p2a: Groudon\n|-singleturn|p2a: Groudon|Protect\n|move|p1a: Calyrex|Astral Barrage|p2a: Groudon|[spread] p2b\n|-activate|p2a: Groudon|move: Protect\n|-resisted|p2b: Ting-Lu\n|-damage|p2b: Ting-Lu|86/100\n|move|p1b: Zamazenta|Body Press|p2b: Ting-Lu\n|-supereffective|p2b: Ting-Lu\n|-damage|p2b: Ting-Lu|15/100\n|move|p2b: Ting-Lu|Snarl|p1b: Zamazenta|[spread] p1a,p1b\n|-supereffective|p1a: Calyrex\n|-resisted|p1b: Zamazenta\n|-damage|p1a: Calyrex|66/100\n|-damage|p1b: Zamazenta|98/100\n|-unboost|p1a: Calyrex|spa|1\n|-unboost|p1b: Zamazenta|spa|1\n|\n|-weather|SunnyDay|[upkeep]\n|upkeep\n|turn|3\n|\n|t:|1768203670\n|switch|p1a: Iron Valiant|Iron Valiant, L50|100/100\n|-enditem|p1a: Iron Valiant|Booster Energy\n|-activate|p1a: Iron Valiant|ability: Quark Drive|[fromitem]\n|-start|p1a: Iron Valiant|quarkdrivespe\n|move|p1b: Zamazenta|Body Press|p2a: Groudon\n|-damage|p2a: Groudon|5/100\n|move|p2a: Groudon|Precipice Blades|p1a: Iron Valiant|[spread] p1a,p1b\n|-supereffective|p1b: Zamazenta\n|-damage|p1a: Iron Valiant|35/100\n|-damage|p1b: Zamazenta|56/100\n|move|p2b: Ting-Lu|Ruination|p1b: Zamazenta\n|-damage|p1b: Zamazenta|28/100\n|\n|-weather|SunnyDay|[upkeep]\n|upkeep\n|turn|4\n|\n|t:|1768203706\n|move|p2a: Groudon|Protect|p2a: Groudon\n|-singleturn|p2a: Groudon|Protect\n|move|p1a: Iron Valiant|Dazzling Gleam|p2a: Groudon|[spread] p2b\n|-activate|p2a: Groudon|move: Protect\n|-supereffective|p2b: Ting-Lu\n|-damage|p2b: Ting-Lu|0 fnt\n|faint|p2b: Ting-Lu\n|move|p1b: Zamazenta|Body Press|p2a: Groudon\n|-activate|p2a: Groudon|move: Protect\n|\n|-weather|SunnyDay|[upkeep]\n|upkeep\n|inactive|Battle timer is ON: inactive players will automatically lose when time's up. (requested by yaochangzhe)\n|\n|t:|1768203718\n|switch|p2b: Miraidon|Miraidon, L50|100/100\n|-fieldstart|move: Electric Terrain|[from] ability: Hadron Engine|[of] p2b: Miraidon\n|turn|5\n|\n|t:|1768203738\n|switch|p2a: Farigiraf|Farigiraf, L50, M|100/100\n|move|p1a: Iron Valiant|Protect|p1a: Iron Valiant\n|-singleturn|p1a: Iron Valiant|Protect\n|move|p1b: Zamazenta|Protect|p1b: Zamazenta\n|-singleturn|p1b: Zamazenta|Protect\n|move|p2b: Miraidon|Parabolic Charge|p1b: Zamazenta|[spread] p2a\n|-activate|p1a: Iron Valiant|move: Protect\n|-activate|p1b: Zamazenta|move: Protect\n|-damage|p2a: Farigiraf|59/100\n|\n|-weather|none\n|upkeep\n|turn|6\n|\n|t:|1768203757\n|move|p1a: Iron Valiant|Moonblast|p2b: Miraidon\n|-supereffective|p2b: Miraidon\n|-damage|p2b: Miraidon|53/100\n|-unboost|p2b: Miraidon|spa|1\n|move|p2b: Miraidon|Electro Drift|p1b: Zamazenta\n|-damage|p1b: Zamazenta|0 fnt\n|faint|p1b: Zamazenta\n|move|p2a: Farigiraf|Trick Room|p2a: Farigiraf\n|-fieldstart|move: Trick Room|[of] p2a: Farigiraf\n|\n|upkeep\n|\n|t:|1768203766\n|switch|p1b: Calyrex|Calyrex-Shadow, L50|66/100\n|-ability|p1b: Calyrex|As One\n|-ability|p1b: Calyrex|Unnerve\n|turn|7\n|-message|yaochangzhe forfeited.\n|\n|win|Espnex\n|raw|yaochangzhe's rating: 1155 &rarr; <strong>1126</strong><br />(-29 for losing)\n|raw|Espnex's rating: 1099 &rarr; <strong>1128</strong><br />(+29 for winning)\n|l|\u2606yaochangzhe\n|player|p1|\n|l|\u2606Espnex\n|player|p2|\n","uploadtime":1768204166,"views":12,"formatid":"gen9vgc2026regi","rating":1126,"private":0,"password":null}