{"id":"gen9vgc2026regi-2567962319","format":"[Gen 9] VGC 2026 Reg I","players":["joymaxxing","Cello L."],"log":"|j|\u2606joymaxxing\n|j|\u2606Cello L.\n|t:|1774537021\n|gametype|doubles\n|player|p1|joymaxxing|101|1388\n|player|p2|Cello L.|cynthia-gen4|1559\n|gen|9\n|tier|[Gen 9] VGC 2026 Reg I\n|rated|\n|rule|Species Clause: Limit one of each Pok\u00e9mon\n|rule|Item Clause: Limit 1 of each item\n|clearpoke\n|poke|p1|Koraidon, L50|\n|poke|p1|Lunala, L50|\n|poke|p1|Regieleki, L50|\n|poke|p1|Incineroar, L50, M|\n|poke|p1|Ogerpon-Wellspring, L50, F|\n|poke|p1|Ursaluna, L50, F|\n|poke|p2|Miraidon, L50|\n|poke|p2|Zamazenta-*, L50|\n|poke|p2|Chien-Pao, L50|\n|poke|p2|Ogerpon-Cornerstone, L50, F|\n|poke|p2|Farigiraf, L50, M|\n|poke|p2|Iron Hands, L50|\n|teampreview|4\n|l|\u2606joymaxxing\n|player|p1|\n|inactive|Battle timer is ON: inactive players will automatically lose when time's up. (requested by Cello L.)\n|j|\u2606joymaxxing\n|inactive|joymaxxing reconnected and has 70 seconds left.\n|player|p1|joymaxxing|101|\n|inactive|joymaxxing has 60 seconds left.\n|\n|t:|1774537068\n|teamsize|p1|4\n|teamsize|p2|4\n|start\n|switch|p1a: Perfume Yuda|Regieleki, L50|100/100\n|switch|p1b: Going Merry|Lunala, L50|100/100\n|switch|p2a: Zamazenta|Zamazenta-Crowned, L50|100/100\n|switch|p2b: Ogerpon|Ogerpon-Cornerstone, L50, F|100/100\n|-ability|p2a: Zamazenta|Dauntless Shield|boost\n|-boost|p2a: Zamazenta|def|1\n|turn|1\n|\n|t:|1774537089\n|move|p1a: Perfume Yuda|Electroweb|p2b: Ogerpon|[spread] p2a,p2b\n|-resisted|p2b: Ogerpon\n|-damage|p2a: Zamazenta|84/100\n|-damage|p2b: Ogerpon|85/100\n|-unboost|p2a: Zamazenta|spe|1\n|-unboost|p2b: Ogerpon|spe|1\n|move|p1b: Going Merry|Moongeist Beam|p2b: Ogerpon\n|-damage|p2b: Ogerpon|17/100\n|move|p2b: Ogerpon|Taunt|p1b: Going Merry\n|-start|p1b: Going Merry|move: Taunt\n|move|p2a: Zamazenta|Body Press|p1a: Perfume Yuda\n|-enditem|p1a: Perfume Yuda|Focus Sash\n|-damage|p1a: Perfume Yuda|1/100\n|\n|upkeep\n|turn|2\n|inactive|Cello L. has 30 seconds left.\n|\n|t:|1774537116\n|move|p1a: Perfume Yuda|Protect|p1a: Perfume Yuda\n|-singleturn|p1a: Perfume Yuda|Protect\n|move|p2b: Ogerpon|Follow Me|p2b: Ogerpon\n|-singleturn|p2b: Ogerpon|move: Follow Me\n|move|p1b: Going Merry|Moongeist Beam|p2b: Ogerpon\n|-damage|p2b: Ogerpon|0 fnt\n|faint|p2b: Ogerpon\n|move|p2a: Zamazenta|Heavy Slam|p1a: Perfume Yuda\n|-activate|p1a: Perfume Yuda|move: Protect\n|\n|upkeep\n|\n|t:|1774537126\n|switch|p2b: Iron Hands|Iron Hands, L50|100/100\n|turn|3\n|\n|t:|1774537137\n|switch|p1a: Oro Jackson|Ursaluna, L50, F, shiny|100/100\n|move|p2b: Iron Hands|Fake Out|p1a: Oro Jackson\n|-damage|p1a: Oro Jackson|89/100\n|move|p1b: Going Merry|Moongeist Beam|p2a: Zamazenta\n|-damage|p2a: Zamazenta|44/100\n|move|p2a: Zamazenta|Heavy Slam|p1b: Going Merry\n|-damage|p1b: Going Merry|80/100\n|\n|-status|p1a: Oro Jackson|brn|[from] item: Flame Orb\n|upkeep\n|turn|4\n|inactive|Cello L. has 30 seconds left.\n|\n|t:|1774537163\n|-terastallize|p2b: Iron Hands|Bug\n|-terastallize|p1a: Oro Jackson|Ghost\n|move|p1b: Going Merry|Moongeist Beam|p2a: Zamazenta\n|-damage|p2a: Zamazenta|3/100\n|move|p2a: Zamazenta|Heavy Slam|p1b: Going Merry\n|-damage|p1b: Going Merry|42/100\n|move|p1a: Oro Jackson|Headlong Rush|p2b: Iron Hands\n|-resisted|p2b: Iron Hands\n|-damage|p2b: Iron Hands|65/100\n|-unboost|p1a: Oro Jackson|def|1\n|-unboost|p1a: Oro Jackson|spd|1\n|move|p2b: Iron Hands|Wild Charge|p1b: Going Merry\n|-damage|p1b: Going Merry|2/100\n|-damage|p2b: Iron Hands|54/100|[from] Recoil\n|\n|-damage|p1a: Oro Jackson|83/100 brn|[from] brn\n|-end|p1b: Going Merry|move: Taunt\n|upkeep\n|turn|5\n|inactive|Cello L. has 30 seconds left.\n|inactive|Cello L. has 20 seconds left.\n|inactive|Cello L. has 15 seconds left.\n|inactive|Cello L. has 10 seconds left.\n|\n|t:|1774537208\n|switch|p2a: Miraidon|Miraidon, L50|100/100\n|-fieldstart|move: Electric Terrain|[from] ability: Hadron Engine|[of] p2a: Miraidon\n|-activate|p2b: Iron Hands|ability: Quark Drive\n|-start|p2b: Iron Hands|quarkdriveatk\n|move|p1b: Going Merry|Moongeist Beam|p2a: Miraidon\n|-damage|p2a: Miraidon|52/100\n|move|p1a: Oro Jackson|Facade|p2b: Iron Hands\n|-damage|p2b: Iron Hands|0 fnt\n|faint|p2b: Iron Hands\n|-end|p2b: Iron Hands|Quark Drive|[silent]\n|\n|-damage|p1a: Oro Jackson|78/100 brn|[from] brn\n|upkeep\n|\n|t:|1774537221\n|switch|p2b: Zamazenta|Zamazenta-Crowned, L50|3/100\n|turn|6\n|inactive|Cello L. has 30 seconds left.\n|\n|t:|1774537254\n|move|p1a: Oro Jackson|Protect|p1a: Oro Jackson\n|-singleturn|p1a: Oro Jackson|Protect\n|move|p2a: Miraidon|Dazzling Gleam|p1a: Oro Jackson|[spread] p1b\n|-activate|p1a: Oro Jackson|move: Protect\n|-damage|p1b: Going Merry|0 fnt\n|faint|p1b: Going Merry\n|move|p2b: Zamazenta|Heavy Slam|p1a: Oro Jackson\n|-activate|p1a: Oro Jackson|move: Protect\n|\n|-damage|p1a: Oro Jackson|72/100 brn|[from] brn\n|upkeep\n|\n|t:|1774537263\n|switch|p1b: Perfume Yuda|Regieleki, L50|1/100\n|turn|7\n|\n|t:|1774537274\n|move|p1b: Perfume Yuda|Protect|p1b: Perfume Yuda\n|-singleturn|p1b: Perfume Yuda|Protect\n|move|p2b: Zamazenta|Wide Guard|p2b: Zamazenta\n|-singleturn|p2b: Zamazenta|Wide Guard\n|move|p2a: Miraidon|Dazzling Gleam|p1a: Oro Jackson|[spread] p1a\n|-activate|p1b: Perfume Yuda|move: Protect\n|-damage|p1a: Oro Jackson|17/100 brn\n|move|p1a: Oro Jackson|Facade|p2a: Miraidon\n|-damage|p2a: Miraidon|0 fnt\n|faint|p2a: Miraidon\n|\n|-damage|p1a: Oro Jackson|11/100 brn|[from] brn\n|upkeep\n|turn|8\n|c|\u2606Cello L.|forfeit\n|-message|Cello L. forfeited.\n|\n|win|joymaxxing\n|raw|joymaxxing's rating: 1388 &rarr; <strong>1417</strong><br />(+29 for winning)\n|raw|Cello L.'s rating: 1559 &rarr; <strong>1530</strong><br />(-29 for losing)\n|l|\u2606Cello L.\n|player|p2|\n","uploadtime":1774537299,"views":31,"formatid":"gen9vgc2026regi","rating":1417,"private":0,"password":null}