{"id":"gen9vgc2026regi-2559799662","format":"[Gen 9] VGC 2026 Reg I","players":["velod","bullgod4ever"],"log":"|j|\u2606velod\n|j|\u2606bullgod4ever\n|t:|1773610903\n|gametype|doubles\n|player|p1|velod|miku-psychic|1337\n|player|p2|bullgod4ever|170|1489\n|gen|9\n|tier|[Gen 9] VGC 2026 Reg I\n|rated|\n|rule|Species Clause: Limit one of each Pok\u00e9mon\n|rule|Item Clause: Limit 1 of each item\n|clearpoke\n|poke|p1|Groudon, L50|\n|poke|p1|Giratina-Origin, L50|\n|poke|p1|Oranguru, L50, F|\n|poke|p1|Flutter Mane, L50|\n|poke|p1|Meowscarada, L50, F|\n|poke|p1|Arcanine-Hisui, L50, F|\n|poke|p2|Calyrex-Shadow, L50|\n|poke|p2|Zamazenta-*, L50|\n|poke|p2|Chien-Pao, L50|\n|poke|p2|Dragonite, L50, M|\n|poke|p2|Amoonguss, L50, M|\n|poke|p2|Ogerpon-Cornerstone, L50, F|\n|teampreview|4\n|inactive|Battle timer is ON: inactive players will automatically lose when time's up. (requested by velod)\n|inactive|bullgod4ever has 60 seconds left.\n|\n|t:|1773610938\n|teamsize|p1|4\n|teamsize|p2|4\n|start\n|switch|p1a: Groudon|Groudon, L50|100/100\n|switch|p1b: Flutter Mane|Flutter Mane, L50|100/100\n|switch|p2a: Calyrex|Calyrex-Shadow, L50|100/100\n|switch|p2b: Zamazenta|Zamazenta-Crowned, L50|100/100\n|-ability|p2a: Calyrex|As One\n|-ability|p2a: Calyrex|Unnerve\n|-ability|p2b: Zamazenta|Dauntless Shield|boost\n|-boost|p2b: Zamazenta|def|1\n|-weather|SunnyDay|[from] ability: Drought|[of] p1a: Groudon\n|-activate|p1b: Flutter Mane|ability: Protosynthesis\n|-start|p1b: Flutter Mane|protosynthesisspe\n|turn|1\n|\n|t:|1773610962\n|switch|p1a: Meowscarada|Meowscarada, L50, F|100/100\n|move|p2a: Calyrex|Protect|p2a: Calyrex\n|-singleturn|p2a: Calyrex|Protect\n|move|p2b: Zamazenta|Protect|p2b: Zamazenta\n|-singleturn|p2b: Zamazenta|Protect\n|move|p1b: Flutter Mane|Shadow Ball|p2a: Calyrex\n|-activate|p2a: Calyrex|move: Protect\n|\n|-weather|SunnyDay|[upkeep]\n|upkeep\n|turn|2\n|\n|t:|1773610985\n|switch|p2a: Chien-Pao|Chien-Pao, L50|100/100\n|-ability|p2a: Chien-Pao|Sword of Ruin\n|move|p1b: Flutter Mane|Shadow Ball|p2a: Chien-Pao\n|-resisted|p2a: Chien-Pao\n|-damage|p2a: Chien-Pao|74/100\n|move|p1a: Meowscarada|Foul Play|p2a: Chien-Pao\n|-start|p1a: Meowscarada|typechange|Dark|[from] ability: Protean\n|-resisted|p2a: Chien-Pao\n|-damage|p2a: Chien-Pao|42/100\n|move|p2b: Zamazenta|Behemoth Bash|p1b: Flutter Mane\n|-supereffective|p1b: Flutter Mane\n|-damage|p1b: Flutter Mane|0 fnt\n|faint|p1b: Flutter Mane\n|-end|p1b: Flutter Mane|Protosynthesis|[silent]\n|\n|-weather|SunnyDay|[upkeep]\n|upkeep\n|\n|t:|1773611001\n|switch|p1b: Groudon|Groudon, L50|100/100\n|turn|3\n|\n|t:|1773611021\n|switch|p1a: Giratina|Giratina-Origin, L50|100/100\n|-terastallize|p2b: Zamazenta|Dragon\n|-terastallize|p1b: Groudon|Fire\n|move|p2a: Chien-Pao|Ice Spinner|p1b: Groudon\n|-resisted|p1b: Groudon\n|-damage|p1b: Groudon|83/100\n|move|p2b: Zamazenta|Body Press|p1a: Giratina\n|-immune|p1a: Giratina\n|move|p1b: Groudon|Heat Crash|p2a: Chien-Pao\n|-supereffective|p2a: Chien-Pao\n|-damage|p2a: Chien-Pao|0 fnt\n|faint|p2a: Chien-Pao\n|\n|-weather|SunnyDay|[upkeep]\n|upkeep\n|\n|t:|1773611044\n|switch|p2a: Calyrex|Calyrex-Shadow, L50|100/100\n|-ability|p2a: Calyrex|As One\n|-ability|p2a: Calyrex|Unnerve\n|turn|4\n|\n|t:|1773611052\n|move|p1a: Giratina|Shadow Sneak|p2a: Calyrex\n|-supereffective|p2a: Calyrex\n|-enditem|p2a: Calyrex|Focus Sash\n|-damage|p2a: Calyrex|1/100\n|move|p2a: Calyrex|Astral Barrage|p1b: Groudon|[spread] p1a,p1b\n|-supereffective|p1a: Giratina\n|-damage|p1a: Giratina|17/100\n|-damage|p1b: Groudon|32/100\n|move|p2b: Zamazenta|Body Press|p1b: Groudon\n|-crit|p1b: Groudon\n|-damage|p1b: Groudon|0 fnt\n|faint|p1b: Groudon\n|\n|-weather|SunnyDay|[upkeep]\n|upkeep\n|\n|t:|1773611061\n|switch|p1b: Meowscarada|Meowscarada, L50, F|100/100\n|turn|5\n|\n|t:|1773611073\n|move|p2a: Calyrex|Protect|p2a: Calyrex\n|-singleturn|p2a: Calyrex|Protect\n|move|p1b: Meowscarada|Triple Axel|p2b: Zamazenta\n|-start|p1b: Meowscarada|typechange|Ice|[from] ability: Protean\n|-supereffective|p2b: Zamazenta\n|-damage|p2b: Zamazenta|88/100\n|-supereffective|p2b: Zamazenta\n|-damage|p2b: Zamazenta|65/100\n|-supereffective|p2b: Zamazenta\n|-damage|p2b: Zamazenta|28/100\n|-hitcount|p2b: Zamazenta|3\n|move|p2b: Zamazenta|Body Press|p1b: Meowscarada\n|-supereffective|p1b: Meowscarada\n|-crit|p1b: Meowscarada\n|-damage|p1b: Meowscarada|0 fnt\n|faint|p1b: Meowscarada\n|move|p1a: Giratina|Draco Meteor|p2b: Zamazenta\n|-supereffective|p2b: Zamazenta\n|-damage|p2b: Zamazenta|0 fnt\n|-unboost|p1a: Giratina|spa|2\n|faint|p2b: Zamazenta\n|\n|-weather|none\n|upkeep\n|\n|t:|1773611095\n|switch|p2b: Dragonite|Dragonite, L50, M|100/100\n|turn|6\n|\n|t:|1773611104\n|move|p1a: Giratina|Shadow Sneak|p2a: Calyrex\n|-supereffective|p2a: Calyrex\n|-damage|p2a: Calyrex|0 fnt\n|faint|p2a: Calyrex\n|move|p2b: Dragonite|Outrage|p1a: Giratina\n|-supereffective|p1a: Giratina\n|-damage|p1a: Giratina|0 fnt\n|faint|p1a: Giratina\n|\n|win|bullgod4ever\n|raw|velod's rating: 1337 &rarr; <strong>1325</strong><br />(-12 for losing)\n|raw|bullgod4ever's rating: 1489 &rarr; <strong>1501</strong><br />(+12 for winning)\n|l|\u2606velod\n|player|p1|\n|c|\u2606bullgod4ever|Gg\n|l|\u2606bullgod4ever\n|player|p2|\n","uploadtime":1773611313,"views":10,"formatid":"gen9vgc2026regi","rating":1325,"private":0,"password":null}