{"id":"gen9vgc2026regi-2525849810","format":"[Gen 9] VGC 2026 Reg I","players":["RyushinYuki","blackred123"],"log":"|j|\u2606RyushinYuki\n|j|\u2606blackred123\n|t:|1769339511\n|gametype|doubles\n|player|p1|RyushinYuki|cynthia-masters|1331\n|player|p2|blackred123|iono-masters|1265\n|gen|9\n|tier|[Gen 9] VGC 2026 Reg I\n|rated|\n|rule|Species Clause: Limit one of each Pok\u00e9mon\n|rule|Item Clause: Limit 1 of each item\n|clearpoke\n|poke|p1|Calyrex-Ice, L50|\n|poke|p1|Indeedee-F, L50, F|\n|poke|p1|Lunala, L50|\n|poke|p1|Smeargle, L50, M|\n|poke|p1|Ursaluna, L50, F|\n|poke|p1|Farigiraf, L50, F|\n|poke|p2|Zamazenta-*, L50|\n|poke|p2|Calyrex-Shadow, L50|\n|poke|p2|Tornadus, L50, M|\n|poke|p2|Rillaboom, L50, F|\n|poke|p2|Smeargle, L50, F|\n|poke|p2|Raging Bolt, L50|\n|teampreview|4\n|inactive|Battle timer is ON: inactive players will automatically lose when time's up. (requested by blackred123)\n|j| SID_1529\n|inactive|RyushinYuki has 60 seconds left.\n|j| sampad123\n|\n|t:|1769339566\n|teamsize|p1|4\n|teamsize|p2|4\n|start\n|switch|p1a: Calyrex|Calyrex-Ice, L50|100/100\n|switch|p1b: Farigiraf|Farigiraf, L50, F|100/100\n|switch|p2a: \u556a\u53fd\u556a\uff08\u5657\u53fd\u58f0\uff09|Zamazenta-Crowned, L50|100/100\n|switch|p2b: \u9694\u58c1\u8001\u738b\u7231\u9001\u8349\u539f|Rillaboom, L50, F|100/100\n|-ability|p1a: Calyrex|As One\n|-ability|p1a: Calyrex|Unnerve\n|-ability|p2a: \u556a\u53fd\u556a\uff08\u5657\u53fd\u58f0\uff09|Dauntless Shield|boost\n|-boost|p2a: \u556a\u53fd\u556a\uff08\u5657\u53fd\u58f0\uff09|def|1\n|-fieldstart|move: Grassy Terrain|[from] ability: Grassy Surge|[of] p2b: \u9694\u58c1\u8001\u738b\u7231\u9001\u8349\u539f\n|turn|1\n|inactive|RyushinYuki has 30 seconds left.\n|inactive|RyushinYuki has 20 seconds left.\n|inactive|blackred123 has 30 seconds left.\n|j| Lei44\n|\n|t:|1769339608\n|move|p2a: \u556a\u53fd\u556a\uff08\u5657\u53fd\u58f0\uff09|Body Press|p1b: Farigiraf\n|-damage|p1b: Farigiraf|34/100\n|move|p2b: \u9694\u58c1\u8001\u738b\u7231\u9001\u8349\u539f|U-turn|p1b: Farigiraf\n|-supereffective|p1b: Farigiraf\n|-damage|p1b: Farigiraf|0 fnt\n|faint|p1b: Farigiraf\n|\n|t:|1769339617\n|switch|p2b: \u9a6c\u6b7b\u4e86|Calyrex-Shadow, L50|100/100|[from] U-turn\n|-ability|p2b: \u9a6c\u6b7b\u4e86|As One\n|-ability|p2b: \u9a6c\u6b7b\u4e86|Unnerve\n|move|p1a: Calyrex|Trick Room|p1a: Calyrex\n|-fieldstart|move: Trick Room|[of] p1a: Calyrex\n|\n|upkeep\n|\n|t:|1769339622\n|switch|p1b: Lunala|Lunala, L50|100/100\n|turn|2\n|inactive|RyushinYuki has 30 seconds left.\n|\n|t:|1769339651\n|switch|p2b: \u9694\u58c1\u8001\u738b\u7231\u9001\u8349\u539f|Rillaboom, L50, F|100/100\n|move|p1a: Calyrex|Protect|p1a: Calyrex\n|-singleturn|p1a: Calyrex|Protect\n|move|p2a: \u556a\u53fd\u556a\uff08\u5657\u53fd\u58f0\uff09|Wide Guard|p2a: \u556a\u53fd\u556a\uff08\u5657\u53fd\u58f0\uff09\n|-singleturn|p2a: \u556a\u53fd\u556a\uff08\u5657\u53fd\u58f0\uff09|Wide Guard\n|move|p1b: Lunala|Moongeist Beam|p2a: \u556a\u53fd\u556a\uff08\u5657\u53fd\u58f0\uff09\n|-damage|p2a: \u556a\u53fd\u556a\uff08\u5657\u53fd\u58f0\uff09|59/100\n|\n|-heal|p2a: \u556a\u53fd\u556a\uff08\u5657\u53fd\u58f0\uff09|65/100|[from] Grassy Terrain\n|upkeep\n|turn|3\n|inactive|RyushinYuki has 30 seconds left.\n|\n|t:|1769339677\n|switch|p1b: Indeedee|Indeedee-F, L50, F|100/100\n|-fieldstart|move: Psychic Terrain|[from] ability: Psychic Surge|[of] p1b: Indeedee\n|move|p2b: \u9694\u58c1\u8001\u738b\u7231\u9001\u8349\u539f|Fake Out|p1a: Calyrex\n|-activate|p1a: Calyrex|move: Psychic Terrain\n|move|p1a: Calyrex|Glacial Lance|p2b: \u9694\u58c1\u8001\u738b\u7231\u9001\u8349\u539f|[spread] p2a,p2b\n|-resisted|p2a: \u556a\u53fd\u556a\uff08\u5657\u53fd\u58f0\uff09\n|-supereffective|p2b: \u9694\u58c1\u8001\u738b\u7231\u9001\u8349\u539f\n|-damage|p2a: \u556a\u53fd\u556a\uff08\u5657\u53fd\u58f0\uff09|54/100\n|-damage|p2b: \u9694\u58c1\u8001\u738b\u7231\u9001\u8349\u539f|10/100\n|move|p2a: \u556a\u53fd\u556a\uff08\u5657\u53fd\u58f0\uff09|Body Press|p1a: Calyrex\n|-damage|p1a: Calyrex|61/100\n|\n|upkeep\n|turn|4\n|inactive|RyushinYuki has 30 seconds left.\n|inactive|blackred123 has 30 seconds left.\n|\n|t:|1769339711\n|-terastallize|p1a: Calyrex|Fire\n|move|p2a: \u556a\u53fd\u556a\uff08\u5657\u53fd\u58f0\uff09|Wide Guard|p2a: \u556a\u53fd\u556a\uff08\u5657\u53fd\u58f0\uff09\n|-singleturn|p2a: \u556a\u53fd\u556a\uff08\u5657\u53fd\u58f0\uff09|Wide Guard\n|move|p1a: Calyrex|Close Combat|p2a: \u556a\u53fd\u556a\uff08\u5657\u53fd\u58f0\uff09\n|-supereffective|p2a: \u556a\u53fd\u556a\uff08\u5657\u53fd\u58f0\uff09\n|-damage|p2a: \u556a\u53fd\u556a\uff08\u5657\u53fd\u58f0\uff09|11/100\n|-unboost|p1a: Calyrex|def|1\n|-unboost|p1a: Calyrex|spd|1\n|move|p1b: Indeedee|Psychic|p2a: \u556a\u53fd\u556a\uff08\u5657\u53fd\u58f0\uff09\n|-damage|p2a: \u556a\u53fd\u556a\uff08\u5657\u53fd\u58f0\uff09|0 fnt\n|faint|p2a: \u556a\u53fd\u556a\uff08\u5657\u53fd\u58f0\uff09\n|move|p2b: \u9694\u58c1\u8001\u738b\u7231\u9001\u8349\u539f|U-turn|p1b: Indeedee\n|-supereffective|p1b: Indeedee\n|-damage|p1b: Indeedee|58/100\n|\n|t:|1769339729\n|switch|p2b: \u9a6c\u6b7b\u4e86|Calyrex-Shadow, L50|100/100|[from] U-turn\n|-ability|p2b: \u9a6c\u6b7b\u4e86|As One\n|-ability|p2b: \u9a6c\u6b7b\u4e86|Unnerve\n|\n|upkeep\n|\n|t:|1769339732\n|switch|p2a: \u9694\u58c1\u8001\u738b\u7231\u9001\u8349\u539f|Rillaboom, L50, F|10/100\n|-fieldstart|move: Grassy Terrain|[from] ability: Grassy Surge|[of] p2a: \u9694\u58c1\u8001\u738b\u7231\u9001\u8349\u539f\n|turn|5\n|inactive|RyushinYuki has 30 seconds left.\n|\n|t:|1769339764\n|switch|p1b: Lunala|Lunala, L50|100/100\n|move|p1a: Calyrex|Protect|p1a: Calyrex\n|-singleturn|p1a: Calyrex|Protect\n|move|p2a: \u9694\u58c1\u8001\u738b\u7231\u9001\u8349\u539f|Fake Out|p1a: Calyrex\n|-activate|p1a: Calyrex|move: Protect\n|move|p2b: \u9a6c\u6b7b\u4e86|Nasty Plot|p2b: \u9a6c\u6b7b\u4e86\n|-boost|p2b: \u9a6c\u6b7b\u4e86|spa|2\n|\n|-heal|p1a: Calyrex|67/100|[from] Grassy Terrain\n|-heal|p2a: \u9694\u58c1\u8001\u738b\u7231\u9001\u8349\u539f|15/100|[from] Grassy Terrain\n|-fieldend|move: Trick Room\n|upkeep\n|turn|6\n|inactive|RyushinYuki has 30 seconds left.\n|\n|t:|1769339791\n|switch|p1a: Indeedee|Indeedee-F, L50, F|58/100\n|-fieldstart|move: Psychic Terrain|[from] ability: Psychic Surge|[of] p1a: Indeedee\n|-terastallize|p2b: \u9a6c\u6b7b\u4e86|Dark\n|move|p2b: \u9a6c\u6b7b\u4e86|Psychic|p1a: Indeedee\n|-resisted|p1a: Indeedee\n|-damage|p1a: Indeedee|0 fnt\n|faint|p1a: Indeedee\n|-ability|p2b: \u9a6c\u6b7b\u4e86|Grim Neigh|boost\n|-boost|p2b: \u9a6c\u6b7b\u4e86|spa|1\n|-damage|p2b: \u9a6c\u6b7b\u4e86|91/100|[from] item: Life Orb\n|move|p2a: \u9694\u58c1\u8001\u738b\u7231\u9001\u8349\u539f|U-turn|p1b: Lunala\n|-damage|p1b: Lunala|92/100\n|\n|t:|1769339804\n|switch|p2a: \u7acb\u4e86|Raging Bolt, L50|100/100|[from] U-turn\n|-enditem|p2a: \u7acb\u4e86|Booster Energy\n|-activate|p2a: \u7acb\u4e86|ability: Protosynthesis|[fromitem]\n|-start|p2a: \u7acb\u4e86|protosynthesisspa\n|move|p1b: Lunala|Trick Room|p1b: Lunala\n|-fieldstart|move: Trick Room|[of] p1b: Lunala\n|\n|-heal|p1b: Lunala|98/100|[from] item: Leftovers\n|upkeep\n|l| Lei44\n|\n|t:|1769339808\n|switch|p1a: Calyrex|Calyrex-Ice, L50, tera:Fire|67/100\n|-ability|p1a: Calyrex|As One\n|-ability|p1a: Calyrex|Unnerve\n|turn|7\n|j| Lei44\n|inactive|RyushinYuki has 30 seconds left.\n|inactive|RyushinYuki has 20 seconds left.\n|inactive|RyushinYuki has 15 seconds left.\n|inactive|RyushinYuki has 10 seconds left.\n|\n|t:|1769339854\n|move|p2a: \u7acb\u4e86|Protect|p2a: \u7acb\u4e86\n|-singleturn|p2a: \u7acb\u4e86|Protect\n|move|p2b: \u9a6c\u6b7b\u4e86|Protect|p2b: \u9a6c\u6b7b\u4e86\n|-singleturn|p2b: \u9a6c\u6b7b\u4e86|Protect\n|move|p1a: Calyrex|Glacial Lance|p2a: \u7acb\u4e86|[spread] \n|-activate|p2a: \u7acb\u4e86|move: Protect\n|-activate|p2b: \u9a6c\u6b7b\u4e86|move: Protect\n|move|p1b: Lunala|Moongeist Beam|p2a: \u7acb\u4e86\n|-activate|p2a: \u7acb\u4e86|move: Protect\n|\n|-heal|p1b: Lunala|100/100|[from] item: Leftovers\n|upkeep\n|turn|8\n|\n|t:|1769339874\n|move|p2a: \u7acb\u4e86|Thunderclap|p1a: Calyrex\n|-activate|p1a: Calyrex|move: Psychic Terrain\n|move|p1a: Calyrex|Glacial Lance|p2a: \u7acb\u4e86|[spread] p2a,p2b\n|-supereffective|p2a: \u7acb\u4e86\n|-damage|p2a: \u7acb\u4e86|2/100\n|-damage|p2b: \u9a6c\u6b7b\u4e86|29/100\n|move|p1b: Lunala|Moongeist Beam|p2a: \u7acb\u4e86\n|-damage|p2a: \u7acb\u4e86|0 fnt\n|faint|p2a: \u7acb\u4e86\n|-end|p2a: \u7acb\u4e86|Protosynthesis|[silent]\n|move|p2b: \u9a6c\u6b7b\u4e86|Astral Barrage|p1a: Calyrex|[spread] p1a,p1b\n|-supereffective|p1b: Lunala\n|-damage|p1a: Calyrex|0 fnt\n|-damage|p1b: Lunala|0 fnt\n|faint|p1a: Calyrex\n|faint|p1b: Lunala\n|-damage|p2b: \u9a6c\u6b7b\u4e86|20/100|[from] item: Life Orb\n|\n|win|blackred123\n|raw|RyushinYuki's rating: 1331 &rarr; <strong>1307</strong><br />(-24 for losing)\n|raw|blackred123's rating: 1265 &rarr; <strong>1295</strong><br />(+30 for winning)\n|l|\u2606RyushinYuki\n|player|p1|\n|l| Lei44\n","uploadtime":1769339900,"views":15,"formatid":"gen9vgc2026regi","rating":1295,"private":0,"password":null}