{"id":"gen9vgc2026regi-2527248624","format":"[Gen 9] VGC 2026 Reg I","players":["Paviskii","CHR1SPHX"],"log":"|j|\u203dPaviskii\n|j|\u2606CHR1SPHX\n|t:|1769519214\n|gametype|doubles\n|player|p1|Paviskii|medium|1142\n|player|p2|CHR1SPHX|265|1186\n|gen|9\n|tier|[Gen 9] VGC 2026 Reg I\n|rated|\n|rule|Species Clause: Limit one of each Pok\u00e9mon\n|rule|Item Clause: Limit 1 of each item\n|clearpoke\n|poke|p1|Zacian-*, L50|\n|poke|p1|Calyrex-Shadow, L50|\n|poke|p1|Tornadus, L50, M|\n|poke|p1|Incineroar, L50, M|\n|poke|p1|Rillaboom, L50, M|\n|poke|p1|Urshifu-*, L50, M|\n|poke|p2|Grimmsnarl, L50, M|\n|poke|p2|Flutter Mane, L50|\n|poke|p2|Incineroar, L50, M|\n|poke|p2|Koraidon, L50|\n|poke|p2|Landorus, L50, M|\n|poke|p2|Calyrex-Ice, L50|\n|teampreview|4\n|inactive|Battle timer is ON: inactive players will automatically lose when time's up. (requested by CHR1SPHX)\n|inactive|Paviskii also wants the timer to be on.\n|\n|t:|1769519237\n|teamsize|p1|4\n|teamsize|p2|4\n|start\n|switch|p1a: Tornadus|Tornadus, L50, M|100/100\n|switch|p1b: Urshifu|Urshifu-Rapid-Strike, L50, M|100/100\n|switch|p2a: Grimmsnarl|Grimmsnarl, L50, M|100/100\n|switch|p2b: Incineroar|Incineroar, L50, M|100/100\n|-ability|p2b: Incineroar|Intimidate|boost\n|-unboost|p1a: Tornadus|atk|1\n|-unboost|p1b: Urshifu|atk|1\n|turn|1\n|\n|t:|1769519254\n|switch|p1b: Incineroar|Incineroar, L50, M|100/100\n|-ability|p1b: Incineroar|Intimidate|boost\n|-unboost|p2a: Grimmsnarl|atk|1\n|-unboost|p2b: Incineroar|atk|1\n|move|p2b: Incineroar|Fake Out|p1b: Incineroar\n|-damage|p1b: Incineroar|92/100\n|move|p1a: Tornadus|Rain Dance|p1a: Tornadus\n|-weather|RainDance\n|move|p2a: Grimmsnarl|Reflect|p2a: Grimmsnarl\n|-sidestart|p2: CHR1SPHX|Reflect\n|\n|-weather|RainDance|[upkeep]\n|upkeep\n|turn|2\n|\n|t:|1769519265\n|move|p1a: Tornadus|Tailwind|p1a: Tornadus\n|-sidestart|p1: Paviskii|move: Tailwind\n|move|p2a: Grimmsnarl|Light Screen|p2a: Grimmsnarl\n|-sidestart|p2: CHR1SPHX|move: Light Screen\n|move|p1b: Incineroar|Parting Shot|p2a: Grimmsnarl\n|-unboost|p2a: Grimmsnarl|atk|1\n|-unboost|p2a: Grimmsnarl|spa|1\n|\n|t:|1769519273\n|switch|p1b: Urshifu|Urshifu-Rapid-Strike, L50, M|100/100|[from] Parting Shot\n|move|p2b: Incineroar|Parting Shot|p1a: Tornadus\n|-unboost|p1a: Tornadus|atk|1\n|-unboost|p1a: Tornadus|spa|1\n|\n|t:|1769519287\n|switch|p2b: Flutter Mane|Flutter Mane, L50|100/100|[from] Parting Shot\n|\n|-weather|RainDance|[upkeep]\n|upkeep\n|turn|3\n|\n|t:|1769519299\n|-end|p2b: Flutter Mane|Protosynthesis|[silent]\n|switch|p2b: Incineroar|Incineroar, L50, M|100/100\n|-ability|p2b: Incineroar|Intimidate|boost\n|-unboost|p1a: Tornadus|atk|1\n|-unboost|p1b: Urshifu|atk|1\n|move|p2a: Grimmsnarl|Parting Shot|p1b: Urshifu\n|-unboost|p1b: Urshifu|atk|1\n|-unboost|p1b: Urshifu|spa|1\n|\n|t:|1769519307\n|switch|p2a: Koraidon|Koraidon, L50|100/100|[from] Parting Shot\n|-weather|SunnyDay|[from] ability: Orichalcum Pulse|[of] p2a: Koraidon\n|-activate|p2a: Koraidon|Orichalcum Pulse|[source]\n|move|p1b: Urshifu|Surging Strikes|p2b: Incineroar\n|-supereffective|p2b: Incineroar\n|-crit|p2b: Incineroar\n|-damage|p2b: Incineroar|85/100\n|-supereffective|p2b: Incineroar\n|-crit|p2b: Incineroar\n|-damage|p2b: Incineroar|67/100\n|-supereffective|p2b: Incineroar\n|-crit|p2b: Incineroar\n|-damage|p2b: Incineroar|51/100\n|-hitcount|p2b: Incineroar|3\n|move|p1a: Tornadus|Bleakwind Storm|p2a: Koraidon|[spread] p2a,p2b\n|-supereffective|p2a: Koraidon\n|-damage|p2a: Koraidon|86/100\n|-damage|p2b: Incineroar|38/100\n|-unboost|p2a: Koraidon|spe|1\n|\n|-weather|SunnyDay|[upkeep]\n|upkeep\n|turn|4\n|\n|t:|1769519322\n|move|p2b: Incineroar|Fake Out|p1b: Urshifu\n|-damage|p1b: Urshifu|89/100\n|move|p1a: Tornadus|Rain Dance|p1a: Tornadus\n|-weather|RainDance\n|cant|p1b: Urshifu|flinch\n|move|p2a: Koraidon|Breaking Swipe|p1b: Urshifu|[spread] p1a,p1b\n|-damage|p1a: Tornadus|80/100\n|-damage|p1b: Urshifu|66/100\n|-unboost|p1a: Tornadus|atk|1\n|-unboost|p1b: Urshifu|atk|1\n|-damage|p2a: Koraidon|69/100|[from] item: Rocky Helmet|[of] p1a: Tornadus\n|\n|-weather|RainDance|[upkeep]\n|upkeep\n|turn|5\n|\n|t:|1769519340\n|switch|p2a: Grimmsnarl|Grimmsnarl, L50, M|100/100\n|-terastallize|p2b: Incineroar|Grass\n|move|p1b: Urshifu|Surging Strikes|p2b: Incineroar\n|-resisted|p2b: Incineroar\n|-crit|p2b: Incineroar\n|-damage|p2b: Incineroar|24/100\n|-enditem|p2b: Incineroar|Aguav Berry|[eat]\n|-heal|p2b: Incineroar|57/100|[from] item: Aguav Berry\n|-resisted|p2b: Incineroar\n|-crit|p2b: Incineroar\n|-damage|p2b: Incineroar|44/100\n|-resisted|p2b: Incineroar\n|-crit|p2b: Incineroar\n|-damage|p2b: Incineroar|30/100\n|-hitcount|p2b: Incineroar|3\n|move|p1a: Tornadus|Bleakwind Storm|p2b: Incineroar|[spread] p2a,p2b\n|-supereffective|p2b: Incineroar\n|-damage|p2a: Grimmsnarl|88/100\n|-damage|p2b: Incineroar|5/100\n|move|p2b: Incineroar|Parting Shot|p1b: Urshifu\n|-unboost|p1b: Urshifu|atk|1\n|-unboost|p1b: Urshifu|spa|1\n|\n|t:|1769519361\n|switch|p2b: Koraidon|Koraidon, L50|69/100|[from] Parting Shot\n|-weather|SunnyDay|[from] ability: Orichalcum Pulse|[of] p2b: Koraidon\n|-activate|p2b: Koraidon|Orichalcum Pulse|[source]\n|\n|-weather|SunnyDay|[upkeep]\n|-sideend|p1: Paviskii|move: Tailwind\n|upkeep\n|turn|6\n|\n|t:|1769519374\n|-terastallize|p1b: Urshifu|Water\n|move|p2a: Grimmsnarl|Fake Out|p1a: Tornadus\n|-damage|p1a: Tornadus|69/100\n|-damage|p2a: Grimmsnarl|72/100|[from] item: Rocky Helmet|[of] p1a: Tornadus\n|cant|p1a: Tornadus|flinch\n|move|p1b: Urshifu|Surging Strikes|p2a: Grimmsnarl\n|-crit|p2a: Grimmsnarl\n|-damage|p2a: Grimmsnarl|60/100\n|-crit|p2a: Grimmsnarl\n|-damage|p2a: Grimmsnarl|49/100\n|-crit|p2a: Grimmsnarl\n|-damage|p2a: Grimmsnarl|37/100\n|-hitcount|p2a: Grimmsnarl|3\n|move|p2b: Koraidon|Breaking Swipe|p1b: Urshifu|[spread] p1a,p1b\n|-damage|p1a: Tornadus|45/100\n|-damage|p1b: Urshifu|37/100\n|-unboost|p1a: Tornadus|atk|1\n|-unboost|p1b: Urshifu|atk|1\n|-damage|p2b: Koraidon|53/100|[from] item: Rocky Helmet|[of] p1a: Tornadus\n|\n|-weather|SunnyDay|[upkeep]\n|upkeep\n|turn|7\n|inactive|CHR1SPHX has 30 seconds left.\n|\n|t:|1769519407\n|move|p1a: Tornadus|Rain Dance|p1a: Tornadus\n|-weather|RainDance\n|move|p2a: Grimmsnarl|Parting Shot|p1b: Urshifu\n|-unboost|p1b: Urshifu|atk|1\n|-unboost|p1b: Urshifu|spa|1\n|\n|t:|1769519413\n|switch|p2a: Incineroar|Incineroar, L50, M, tera:Grass|5/100|[from] Parting Shot\n|-ability|p2a: Incineroar|Intimidate|boost\n|-unboost|p1a: Tornadus|atk|1\n|-unboost|p1b: Urshifu|atk|0\n|move|p1b: Urshifu|Surging Strikes|p2b: Koraidon\n|-resisted|p2b: Koraidon\n|-crit|p2b: Koraidon\n|-damage|p2b: Koraidon|36/100\n|-resisted|p2b: Koraidon\n|-crit|p2b: Koraidon\n|-damage|p2b: Koraidon|20/100\n|-resisted|p2b: Koraidon\n|-crit|p2b: Koraidon\n|-damage|p2b: Koraidon|4/100\n|-hitcount|p2b: Koraidon|3\n|move|p2b: Koraidon|Breaking Swipe|p1a: Tornadus|[spread] p1a,p1b\n|-damage|p1a: Tornadus|27/100\n|-damage|p1b: Urshifu|14/100\n|-damage|p2b: Koraidon|0 fnt|[from] item: Rocky Helmet|[of] p1a: Tornadus\n|faint|p2b: Koraidon\n|\n|-weather|RainDance|[upkeep]\n|upkeep\n|\n|t:|1769519427\n|switch|p2b: Flutter Mane|Flutter Mane, L50|100/100\n|turn|8\n|\n|t:|1769519432\n|move|p2a: Incineroar|Fake Out|p1a: Tornadus\n|-damage|p1a: Tornadus|16/100\n|-damage|p2a: Incineroar|0 fnt|[from] item: Rocky Helmet|[of] p1a: Tornadus\n|faint|p2a: Incineroar\n|cant|p1a: Tornadus|flinch\n|move|p1b: Urshifu|Surging Strikes|p2b: Flutter Mane\n|-crit|p2b: Flutter Mane\n|-damage|p2b: Flutter Mane|9/100\n|-crit|p2b: Flutter Mane\n|-damage|p2b: Flutter Mane|0 fnt\n|faint|p2b: Flutter Mane\n|-end|p2b: Flutter Mane|Protosynthesis|[silent]\n|-hitcount|p2: Flutter Mane|2\n|\n|-weather|RainDance|[upkeep]\n|-sideend|p2: CHR1SPHX|Reflect\n|upkeep\n|\n|t:|1769519437\n|switch|p2b: Grimmsnarl|Grimmsnarl, L50, M|37/100\n|turn|9\n|-message|CHR1SPHX forfeited.\n|\n|win|Paviskii\n|raw|Paviskii's rating: 1142 &rarr; <strong>1170</strong><br />(+28 for winning)\n|raw|CHR1SPHX's rating: 1186 &rarr; <strong>1158</strong><br />(-28 for losing)\n|l|\u2606CHR1SPHX\n|player|p2|\n","uploadtime":1769519527,"views":11,"formatid":"gen9vgc2026regi","rating":1158,"private":0,"password":null}