{"id":"gen9vgc2026regi-2526644944","format":"[Gen 9] VGC 2026 Reg I","players":["ee345","i\u2764\u5a1c\u7984forever"],"log":"|j|\u2606ee345\n|j|\u2606i\u2764\u5a1c\u7984forever\n|t:|1769444020\n|gametype|doubles\n|player|p1|ee345|lady|1265\n|player|p2|i\u2764\u5a1c\u7984forever|youngcouple-gen4dp|1334\n|gen|9\n|tier|[Gen 9] VGC 2026 Reg I\n|rated|\n|rule|Species Clause: Limit one of each Pok\u00e9mon\n|rule|Item Clause: Limit 1 of each item\n|clearpoke\n|poke|p1|Zamazenta-*, L50|\n|poke|p1|Giratina-Origin, L50|\n|poke|p1|Chien-Pao, L50|\n|poke|p1|Entei, L50|\n|poke|p1|Rillaboom, L50, M|\n|poke|p1|Landorus-Therian, L50, M|\n|poke|p2|Groudon, L50|\n|poke|p2|Kyurem-White, L50|\n|poke|p2|Brute Bonnet, L50|\n|poke|p2|Heatran, L50, M|\n|poke|p2|Whimsicott, L50, F|\n|poke|p2|Flutter Mane, L50|\n|teampreview|4\n|inactive|Battle timer is ON: inactive players will automatically lose when time's up. (requested by ee345)\n|\n|t:|1769444037\n|teamsize|p1|4\n|teamsize|p2|4\n|start\n|switch|p1a: Entei|Entei, L50|100/100\n|switch|p1b: Chien-Pao|Chien-Pao, L50|100/100\n|switch|p2a: Whimsicott|Whimsicott, L50, F|100/100\n|switch|p2b: Flutter Mane|Flutter Mane, L50|100/100\n|-ability|p1b: Chien-Pao|Sword of Ruin\n|turn|1\n|\n|t:|1769444045\n|-terastallize|p1a: Entei|Normal\n|move|p1a: Entei|Extreme Speed|p2a: Whimsicott\n|-enditem|p2a: Whimsicott|Focus Sash\n|-damage|p2a: Whimsicott|1/100\n|-damage|p1a: Entei|91/100|[from] item: Life Orb\n|move|p1b: Chien-Pao|Ice Shard|p2a: Whimsicott\n|-supereffective|p2a: Whimsicott\n|-damage|p2a: Whimsicott|0 fnt\n|faint|p2a: Whimsicott\n|move|p2b: Flutter Mane|Dazzling Gleam|p1b: Chien-Pao|[spread] p1a,p1b\n|-supereffective|p1b: Chien-Pao\n|-damage|p1a: Entei|38/100\n|-enditem|p1b: Chien-Pao|Focus Sash\n|-damage|p1b: Chien-Pao|1/100\n|\n|upkeep\n|\n|t:|1769444062\n|switch|p2a: Groudon|Groudon, L50|100/100\n|-weather|SunnyDay|[from] ability: Drought|[of] p2a: Groudon\n|-activate|p2b: Flutter Mane|ability: Protosynthesis\n|-start|p2b: Flutter Mane|protosynthesisspa\n|turn|2\n|inactive|ee345 has 30 seconds left.\n|inactive|ee345 has 20 seconds left.\n|inactive|ee345 has 15 seconds left.\n|inactive|ee345 has 10 seconds left.\n|inactive|ee345 has 5 seconds left.\n|\n|t:|1769444113\n|move|p1a: Entei|Protect|p1a: Entei\n|-singleturn|p1a: Entei|Protect\n|move|p1b: Chien-Pao|Ice Shard|p2b: Flutter Mane\n|-damage|p2b: Flutter Mane|59/100\n|move|p2b: Flutter Mane|Dazzling Gleam|p1b: Chien-Pao|[spread] p1b\n|-activate|p1a: Entei|move: Protect\n|-supereffective|p1b: Chien-Pao\n|-damage|p1b: Chien-Pao|0 fnt\n|faint|p1b: Chien-Pao\n|move|p2a: Groudon|Precipice Blades|p1a: Entei\n|-activate|p1a: Entei|move: Protect\n|\n|-weather|SunnyDay|[upkeep]\n|upkeep\n|\n|t:|1769444122\n|switch|p1b: Zamazenta|Zamazenta-Crowned, L50|100/100\n|-ability|p1b: Zamazenta|Dauntless Shield|boost\n|-boost|p1b: Zamazenta|def|1\n|turn|3\n|\n|t:|1769444137\n|move|p1b: Zamazenta|Wide Guard|p1b: Zamazenta\n|-singleturn|p1b: Zamazenta|Wide Guard\n|move|p2b: Flutter Mane|Dazzling Gleam|p1a: Entei|[spread] \n|-activate|p1a: Entei|move: Wide Guard\n|-activate|p1b: Zamazenta|move: Wide Guard\n|move|p1a: Entei|Sacred Fire|p2b: Flutter Mane\n|-damage|p2b: Flutter Mane|0 fnt\n|faint|p2b: Flutter Mane\n|-end|p2b: Flutter Mane|Protosynthesis|[silent]\n|-damage|p1a: Entei|29/100|[from] item: Life Orb\n|move|p2a: Groudon|Heat Crash|p1a: Entei\n|-damage|p1a: Entei|0 fnt\n|faint|p1a: Entei\n|\n|-weather|SunnyDay|[upkeep]\n|upkeep\n|\n|t:|1769444152\n|switch|p2b: Kyurem|Kyurem-White, L50|100/100\n|switch|p1a: Giratina|Giratina-Origin, L50|100/100\n|-ability|p2b: Kyurem|Turboblaze\n|turn|4\n|\n|t:|1769444175\n|-terastallize|p2b: Kyurem|Ghost\n|move|p1a: Giratina|Protect|p1a: Giratina\n|-singleturn|p1a: Giratina|Protect\n|move|p1b: Zamazenta|Body Press|p2b: Kyurem\n|-immune|p2b: Kyurem\n|move|p2b: Kyurem|Fusion Flare|p1b: Zamazenta\n|-supereffective|p1b: Zamazenta\n|-damage|p1b: Zamazenta|0 fnt\n|faint|p1b: Zamazenta\n|move|p2a: Groudon|Heat Crash|p1a: Giratina\n|-activate|p1a: Giratina|move: Protect\n|\n|-weather|SunnyDay|[upkeep]\n|upkeep\n|turn|5\n|\n|t:|1769444193\n|move|p2b: Kyurem|Shadow Ball|p1a: Giratina\n|-supereffective|p1a: Giratina\n|-damage|p1a: Giratina|30/100\n|move|p2a: Groudon|Crunch|p1a: Giratina\n|-supereffective|p1a: Giratina\n|-damage|p1a: Giratina|0 fnt\n|faint|p1a: Giratina\n|\n|win|i\u2764\u5a1c\u7984forever\n|raw|ee345's rating: 1265 &rarr; <strong>1245</strong><br />(-20 for losing)\n|raw|i\u2764\u5a1c\u7984forever's rating: 1334 &rarr; <strong>1350</strong><br />(+16 for winning)\n|l|\u2606ee345\n|player|p1|\n|l|\u2606i\u2764\u5a1c\u7984forever\n|player|p2|\n","uploadtime":1769444363,"views":11,"formatid":"gen9vgc2026regi","rating":1245,"private":0,"password":null}