{"id":"gen9vgc2026regi-2547180983","format":"[Gen 9] VGC 2026 Reg I","players":["Dangarzam","jepeg"],"log":"|j|\u2606Dangarzam\n|j|\u2606jepeg\n|t:|1772054472\n|gametype|doubles\n|player|p1|Dangarzam|170|1232\n|player|p2|jepeg|beauty-gen4dp|1356\n|gen|9\n|tier|[Gen 9] VGC 2026 Reg I\n|rated|\n|rule|Species Clause: Limit one of each Pok\u00e9mon\n|rule|Item Clause: Limit 1 of each item\n|clearpoke\n|poke|p1|Giratina-Origin, L50|\n|poke|p1|Calyrex-Shadow, L50|\n|poke|p1|Zoroark-Hisui, L50, M|\n|poke|p1|Typhlosion-Hisui, L50, M|\n|poke|p1|Annihilape, L50, M|\n|poke|p1|Flutter Mane, L50|\n|poke|p2|Calyrex-Shadow, L50|\n|poke|p2|Oranguru, L50, F|\n|poke|p2|Miraidon, L50|\n|poke|p2|Ogerpon-Hearthflame, L50, F|\n|poke|p2|Bruxish, L50, F|\n|poke|p2|Ursaluna-Bloodmoon, L50, M|\n|teampreview|4\n|inactive|Battle timer is ON: inactive players will automatically lose when time's up. (requested by Dangarzam)\n|\n|t:|1772054495\n|teamsize|p1|4\n|teamsize|p2|4\n|start\n|switch|p1a: Flutter Mane|Flutter Mane, L50, shiny|100/100\n|switch|p1b: Giratina|Giratina-Origin, L50, shiny|100/100\n|switch|p2a: Calyrex|Calyrex-Shadow, L50|100/100\n|switch|p2b: Bruxish|Bruxish, L50, F, shiny|100/100\n|-ability|p2a: Calyrex|As One\n|-ability|p2a: Calyrex|Unnerve\n|-enditem|p1a: Flutter Mane|Booster Energy\n|-activate|p1a: Flutter Mane|ability: Protosynthesis|[fromitem]\n|-start|p1a: Flutter Mane|protosynthesisspe\n|turn|1\n|inactive|jepeg has 30 seconds left.\n|inactive|jepeg has 20 seconds left.\n|inactive|jepeg has 15 seconds left.\n|\n|t:|1772054537\n|-terastallize|p2a: Calyrex|Fire\n|move|p1a: Flutter Mane|Dazzling Gleam|p2a: Calyrex|[spread] p2a,p2b\n|-resisted|p2a: Calyrex\n|-damage|p2a: Calyrex|84/100\n|-damage|p2b: Bruxish|54/100\n|move|p2b: Bruxish|Surf|p1a: Flutter Mane|[spread] p2a,p1a,p1b\n|-supereffective|p2a: Calyrex\n|-damage|p2a: Calyrex|53/100\n|-damage|p1a: Flutter Mane|86/100\n|-damage|p1b: Giratina|70/100\n|-enditem|p2a: Calyrex|Weakness Policy\n|-boost|p2a: Calyrex|atk|2|[from] item: Weakness Policy\n|-boost|p2a: Calyrex|spa|2|[from] item: Weakness Policy\n|replace|p1b: Zoroark|Zoroark-Hisui, L50, M, shiny\n|-end|p1b: Zoroark|Illusion\n|move|p2a: Calyrex|Astral Barrage|p1a: Flutter Mane|[spread] p1a\n|-immune|p1b: Zoroark\n|-supereffective|p1a: Flutter Mane\n|-damage|p1a: Flutter Mane|0 fnt\n|faint|p1a: Flutter Mane\n|-end|p1a: Flutter Mane|Protosynthesis|[silent]\n|-ability|p2a: Calyrex|Grim Neigh|boost\n|-boost|p2a: Calyrex|spa|1\n|move|p1b: Zoroark|Bitter Malice|p2a: Calyrex\n|-damage|p2a: Calyrex|2/100\n|-unboost|p2a: Calyrex|atk|1\n|-damage|p1b: Zoroark|60/100|[from] item: Life Orb\n|\n|upkeep\n|\n|t:|1772054547\n|switch|p1a: Calyrex|Calyrex-Shadow, L50|100/100\n|-ability|p1a: Calyrex|As One\n|-ability|p1a: Calyrex|Unnerve\n|turn|2\n|\n|t:|1772054570\n|switch|p2b: Oranguru|Oranguru, L50, F, shiny|100/100\n|-terastallize|p1a: Calyrex|Normal\n|move|p2a: Calyrex|Protect|p2a: Calyrex\n|-singleturn|p2a: Calyrex|Protect\n|move|p1a: Calyrex|Astral Barrage|p2a: Calyrex|[spread] \n|-activate|p2a: Calyrex|move: Protect\n|-immune|p2b: Oranguru\n|move|p1b: Zoroark|Hyper Voice|p2b: Oranguru|[spread] p2b\n|-activate|p2a: Calyrex|move: Protect\n|-crit|p2b: Oranguru\n|-damage|p2b: Oranguru|40/100\n|-damage|p1b: Zoroark|50/100|[from] item: Life Orb\n|\n|upkeep\n|turn|3\n|inactive|jepeg has 30 seconds left.\n|\n|t:|1772054601\n|move|p2a: Calyrex|Pollen Puff|p2b: Oranguru\n|-heal|p2b: Oranguru|90/100\n|move|p1a: Calyrex|Astral Barrage|p2a: Calyrex|[spread] p2a\n|-immune|p2b: Oranguru\n|-damage|p2a: Calyrex|0 fnt\n|faint|p2a: Calyrex\n|-ability|p1a: Calyrex|Grim Neigh|boost\n|-boost|p1a: Calyrex|spa|1\n|move|p1b: Zoroark|Hyper Voice|p2b: Oranguru\n|-damage|p2b: Oranguru|38/100\n|-damage|p1b: Zoroark|40/100|[from] item: Life Orb\n|move|p2b: Oranguru|Trick Room|p2b: Oranguru\n|-fieldstart|move: Trick Room|[of] p2b: Oranguru\n|\n|upkeep\n|\n|t:|1772054615\n|switch|p2a: Ursaluna|Ursaluna-Bloodmoon, L50, M|100/100\n|turn|4\n|\n|t:|1772054621\n|move|p1b: Zoroark|Protect|p1b: Zoroark\n|-singleturn|p1b: Zoroark|Protect\n|move|p1a: Calyrex|Protect|p1a: Calyrex\n|-singleturn|p1a: Calyrex|Protect\n|move|p2a: Ursaluna|Hyper Voice|p1b: Zoroark|[spread] \n|-activate|p1a: Calyrex|move: Protect\n|-activate|p1b: Zoroark|move: Protect\n|move|p2b: Oranguru|Instruct|p2a: Ursaluna\n|-singleturn|p2a: Ursaluna|move: Instruct|[of] p2b: Oranguru\n|move|p2a: Ursaluna|Hyper Voice|p1a: Calyrex|[spread] \n|-activate|p1a: Calyrex|move: Protect\n|-activate|p1b: Zoroark|move: Protect\n|\n|upkeep\n|turn|5\n|\n|t:|1772054641\n|move|p2a: Ursaluna|Hyper Voice|p1b: Zoroark|[spread] p1a,p1b\n|-crit|p1b: Zoroark\n|-damage|p1a: Calyrex|59/100\n|-damage|p1b: Zoroark|0 fnt\n|faint|p1b: Zoroark\n|-enditem|p2a: Ursaluna|Throat Spray\n|-boost|p2a: Ursaluna|spa|1|[from] item: Throat Spray\n|move|p2b: Oranguru|Instruct|p2a: Ursaluna\n|-singleturn|p2a: Ursaluna|move: Instruct|[of] p2b: Oranguru\n|move|p2a: Ursaluna|Hyper Voice|p1a: Calyrex\n|-crit|p1a: Calyrex\n|-damage|p1a: Calyrex|0 fnt\n|faint|p1a: Calyrex\n|\n|upkeep\n|\n|t:|1772054646\n|switch|p1b: Giratina|Giratina-Origin, L50, shiny|100/100\n|turn|6\n|l|\u2606Dangarzam\n|inactive|Dangarzam disconnected and has a minute to reconnect!\n|player|p1|\n|inactive|Dangarzam has 30 seconds left.\n|inactive|Dangarzam has 20 seconds left.\n|inactive|Dangarzam has 15 seconds left.\n|inactive|Dangarzam has 10 seconds left.\n|inactive|Dangarzam has 5 seconds left.\n|-message|Dangarzam lost due to inactivity.\n|\n|win|jepeg\n|raw|Dangarzam's rating: 1232 &rarr; <strong>1216</strong><br />(-16 for losing)\n|raw|jepeg's rating: 1356 &rarr; <strong>1369</strong><br />(+13 for winning)\n|l|\u2606jepeg\n|player|p2|\n","uploadtime":1772054848,"views":12,"formatid":"gen9vgc2026regi","rating":1216,"private":0,"password":null}