{"id":"gen9vgc2026regi-2545420198","format":"[Gen 9] VGC 2026 Reg I","players":["Paviskii","BanKingambit69247"],"log":"|j|\u2606Paviskii\n|j|\u2606BanKingambit69247\n|t:|1771846694\n|gametype|doubles\n|player|p1|Paviskii|medium|1413\n|player|p2|BanKingambit69247|101|1434\n|gen|9\n|tier|[Gen 9] VGC 2026 Reg I\n|rated|\n|rule|Species Clause: Limit one of each Pok\u00e9mon\n|rule|Item Clause: Limit 1 of each item\n|clearpoke\n|poke|p1|Urshifu-*, L50, F|\n|poke|p1|Incineroar, L50, F|\n|poke|p1|Rillaboom, L50, M|\n|poke|p1|Calyrex-Shadow, L50|\n|poke|p1|Zamazenta-*, L50|\n|poke|p1|Whimsicott, L50, M|\n|poke|p2|Calyrex-Shadow, L50|\n|poke|p2|Zamazenta-*, L50|\n|poke|p2|Chien-Pao, L50|\n|poke|p2|Dragonite, L50, F|\n|poke|p2|Rillaboom, L50, M|\n|poke|p2|Incineroar, L50, F|\n|teampreview|4\n|inactive|Battle timer is ON: inactive players will automatically lose when time's up. (requested by Paviskii)\n|inactive|Paviskii has 60 seconds left.\n|\n|t:|1771846729\n|teamsize|p1|4\n|teamsize|p2|4\n|start\n|switch|p1a: Zamazenta|Zamazenta-Crowned, L50|100/100\n|switch|p1b: Urshifu|Urshifu, L50, F|100/100\n|switch|p2a: \u90a3\u6211\u7f3a\u7684\u5636\u9e23\u8fd9\u4e00\u5757\u8c01\u7ed9\u6211\u8865\u554a\u267f\u267f\u267f|Calyrex-Shadow, L50|100/100\n|switch|p2b: \u70ab\u70ab\u70ab\u70ab\u70ab\u70ab\u70ab\u70ab\ud83d\udc36\ud83d\udc36\ud83d\udc36|Zamazenta-Crowned, L50|100/100\n|-ability|p2a: \u90a3\u6211\u7f3a\u7684\u5636\u9e23\u8fd9\u4e00\u5757\u8c01\u7ed9\u6211\u8865\u554a\u267f\u267f\u267f|As One\n|-ability|p2a: \u90a3\u6211\u7f3a\u7684\u5636\u9e23\u8fd9\u4e00\u5757\u8c01\u7ed9\u6211\u8865\u554a\u267f\u267f\u267f|Unnerve\n|-ability|p1a: Zamazenta|Dauntless Shield|boost\n|-boost|p1a: Zamazenta|def|1\n|-ability|p2b: \u70ab\u70ab\u70ab\u70ab\u70ab\u70ab\u70ab\u70ab\ud83d\udc36\ud83d\udc36\ud83d\udc36|Dauntless Shield|boost\n|-boost|p2b: \u70ab\u70ab\u70ab\u70ab\u70ab\u70ab\u70ab\u70ab\ud83d\udc36\ud83d\udc36\ud83d\udc36|def|1\n|turn|1\n|\n|t:|1771846752\n|switch|p2a: \u8ba9\u4f60\u4eec\u770b\u770b\u672c\u79d1\u751f\u7684\u542b\u91d1\u91cf\ud83d\udc37\ud83d\udc37\ud83d\udc37|Chien-Pao, L50|100/100\n|-ability|p2a: \u8ba9\u4f60\u4eec\u770b\u770b\u672c\u79d1\u751f\u7684\u542b\u91d1\u91cf\ud83d\udc37\ud83d\udc37\ud83d\udc37|Sword of Ruin\n|switch|p1b: Calyrex|Calyrex-Shadow, L50|100/100\n|-ability|p1b: Calyrex|As One\n|-ability|p1b: Calyrex|Unnerve\n|move|p1a: Zamazenta|Body Press|p2b: \u70ab\u70ab\u70ab\u70ab\u70ab\u70ab\u70ab\u70ab\ud83d\udc36\ud83d\udc36\ud83d\udc36\n|-supereffective|p2b: \u70ab\u70ab\u70ab\u70ab\u70ab\u70ab\u70ab\u70ab\ud83d\udc36\ud83d\udc36\ud83d\udc36\n|-damage|p2b: \u70ab\u70ab\u70ab\u70ab\u70ab\u70ab\u70ab\u70ab\ud83d\udc36\ud83d\udc36\ud83d\udc36|27/100\n|move|p2b: \u70ab\u70ab\u70ab\u70ab\u70ab\u70ab\u70ab\u70ab\ud83d\udc36\ud83d\udc36\ud83d\udc36|Imprison|p2b: \u70ab\u70ab\u70ab\u70ab\u70ab\u70ab\u70ab\u70ab\ud83d\udc36\ud83d\udc36\ud83d\udc36\n|-start|p2b: \u70ab\u70ab\u70ab\u70ab\u70ab\u70ab\u70ab\u70ab\ud83d\udc36\ud83d\udc36\ud83d\udc36|move: Imprison\n|\n|upkeep\n|turn|2\n|\n|t:|1771846773\n|move|p1b: Calyrex|Taunt|p2b: \u70ab\u70ab\u70ab\u70ab\u70ab\u70ab\u70ab\u70ab\ud83d\udc36\ud83d\udc36\ud83d\udc36\n|-start|p2b: \u70ab\u70ab\u70ab\u70ab\u70ab\u70ab\u70ab\u70ab\ud83d\udc36\ud83d\udc36\ud83d\udc36|move: Taunt\n|move|p2a: \u8ba9\u4f60\u4eec\u770b\u770b\u672c\u79d1\u751f\u7684\u542b\u91d1\u91cf\ud83d\udc37\ud83d\udc37\ud83d\udc37|Icy Wind|p1a: Zamazenta|[spread] p1a,p1b\n|-resisted|p1a: Zamazenta\n|-damage|p1a: Zamazenta|96/100\n|-damage|p1b: Calyrex|88/100\n|-unboost|p1a: Zamazenta|spe|1\n|-unboost|p1b: Calyrex|spe|1\n|move|p2b: \u70ab\u70ab\u70ab\u70ab\u70ab\u70ab\u70ab\u70ab\ud83d\udc36\ud83d\udc36\ud83d\udc36|Body Press|p1a: Zamazenta\n|-supereffective|p1a: Zamazenta\n|-damage|p1a: Zamazenta|29/100\n|move|p1a: Zamazenta|Behemoth Bash|p2a: \u8ba9\u4f60\u4eec\u770b\u770b\u672c\u79d1\u751f\u7684\u542b\u91d1\u91cf\ud83d\udc37\ud83d\udc37\ud83d\udc37\n|-supereffective|p2a: \u8ba9\u4f60\u4eec\u770b\u770b\u672c\u79d1\u751f\u7684\u542b\u91d1\u91cf\ud83d\udc37\ud83d\udc37\ud83d\udc37\n|-damage|p2a: \u8ba9\u4f60\u4eec\u770b\u770b\u672c\u79d1\u751f\u7684\u542b\u91d1\u91cf\ud83d\udc37\ud83d\udc37\ud83d\udc37|0 fnt\n|faint|p2a: \u8ba9\u4f60\u4eec\u770b\u770b\u672c\u79d1\u751f\u7684\u542b\u91d1\u91cf\ud83d\udc37\ud83d\udc37\ud83d\udc37\n|\n|upkeep\n|\n|t:|1771846788\n|switch|p2a: \u90a3\u6211\u7f3a\u7684\u5636\u9e23\u8fd9\u4e00\u5757\u8c01\u7ed9\u6211\u8865\u554a\u267f\u267f\u267f|Calyrex-Shadow, L50|100/100\n|-ability|p2a: \u90a3\u6211\u7f3a\u7684\u5636\u9e23\u8fd9\u4e00\u5757\u8c01\u7ed9\u6211\u8865\u554a\u267f\u267f\u267f|As One\n|-ability|p2a: \u90a3\u6211\u7f3a\u7684\u5636\u9e23\u8fd9\u4e00\u5757\u8c01\u7ed9\u6211\u8865\u554a\u267f\u267f\u267f|Unnerve\n|turn|3\n|\n|t:|1771846798\n|switch|p1a: Incineroar|Incineroar, L50, F|100/100\n|-ability|p1a: Incineroar|Intimidate|boost\n|-unboost|p2a: \u90a3\u6211\u7f3a\u7684\u5636\u9e23\u8fd9\u4e00\u5757\u8c01\u7ed9\u6211\u8865\u554a\u267f\u267f\u267f|atk|1\n|-unboost|p2b: \u70ab\u70ab\u70ab\u70ab\u70ab\u70ab\u70ab\u70ab\ud83d\udc36\ud83d\udc36\ud83d\udc36|atk|1\n|-terastallize|p2a: \u90a3\u6211\u7f3a\u7684\u5636\u9e23\u8fd9\u4e00\u5757\u8c01\u7ed9\u6211\u8865\u554a\u267f\u267f\u267f|Ghost\n|-terastallize|p1b: Calyrex|Normal\n|move|p2a: \u90a3\u6211\u7f3a\u7684\u5636\u9e23\u8fd9\u4e00\u5757\u8c01\u7ed9\u6211\u8865\u554a\u267f\u267f\u267f|Astral Barrage|p1b: Calyrex|[spread] p1a\n|-immune|p1b: Calyrex\n|-resisted|p1a: Incineroar\n|-damage|p1a: Incineroar|65/100\n|move|p2b: \u70ab\u70ab\u70ab\u70ab\u70ab\u70ab\u70ab\u70ab\ud83d\udc36\ud83d\udc36\ud83d\udc36|Body Press|p1b: Calyrex\n|-supereffective|p1b: Calyrex\n|-damage|p1b: Calyrex|0 fnt\n|faint|p1b: Calyrex\n|\n|upkeep\n|\n|t:|1771846806\n|switch|p1b: Urshifu|Urshifu, L50, F|100/100\n|turn|4\n|\n|t:|1771846829\n|move|p1a: Incineroar|Fake Out|p2b: \u70ab\u70ab\u70ab\u70ab\u70ab\u70ab\u70ab\u70ab\ud83d\udc36\ud83d\udc36\ud83d\udc36\n|-resisted|p2b: \u70ab\u70ab\u70ab\u70ab\u70ab\u70ab\u70ab\u70ab\ud83d\udc36\ud83d\udc36\ud83d\udc36\n|-damage|p2b: \u70ab\u70ab\u70ab\u70ab\u70ab\u70ab\u70ab\u70ab\ud83d\udc36\ud83d\udc36\ud83d\udc36|25/100\n|move|p2a: \u90a3\u6211\u7f3a\u7684\u5636\u9e23\u8fd9\u4e00\u5757\u8c01\u7ed9\u6211\u8865\u554a\u267f\u267f\u267f|Astral Barrage|p1a: Incineroar|[spread] p1a,p1b\n|-resisted|p1a: Incineroar\n|-resisted|p1b: Urshifu\n|-damage|p1a: Incineroar|29/100\n|-damage|p1b: Urshifu|51/100\n|cant|p2b: \u70ab\u70ab\u70ab\u70ab\u70ab\u70ab\u70ab\u70ab\ud83d\udc36\ud83d\udc36\ud83d\udc36|flinch\n|move|p1b: Urshifu|Wicked Blow|p2a: \u90a3\u6211\u7f3a\u7684\u5636\u9e23\u8fd9\u4e00\u5757\u8c01\u7ed9\u6211\u8865\u554a\u267f\u267f\u267f\n|-supereffective|p2a: \u90a3\u6211\u7f3a\u7684\u5636\u9e23\u8fd9\u4e00\u5757\u8c01\u7ed9\u6211\u8865\u554a\u267f\u267f\u267f\n|-crit|p2a: \u90a3\u6211\u7f3a\u7684\u5636\u9e23\u8fd9\u4e00\u5757\u8c01\u7ed9\u6211\u8865\u554a\u267f\u267f\u267f\n|-enditem|p2a: \u90a3\u6211\u7f3a\u7684\u5636\u9e23\u8fd9\u4e00\u5757\u8c01\u7ed9\u6211\u8865\u554a\u267f\u267f\u267f|Focus Sash\n|-damage|p2a: \u90a3\u6211\u7f3a\u7684\u5636\u9e23\u8fd9\u4e00\u5757\u8c01\u7ed9\u6211\u8865\u554a\u267f\u267f\u267f|1/100\n|\n|-end|p2b: \u70ab\u70ab\u70ab\u70ab\u70ab\u70ab\u70ab\u70ab\ud83d\udc36\ud83d\udc36\ud83d\udc36|move: Taunt\n|upkeep\n|turn|5\n|\n|t:|1771846842\n|move|p2a: \u90a3\u6211\u7f3a\u7684\u5636\u9e23\u8fd9\u4e00\u5757\u8c01\u7ed9\u6211\u8865\u554a\u267f\u267f\u267f|Encore|p1b: Urshifu\n|-start|p1b: Urshifu|Encore\n|move|p2b: \u70ab\u70ab\u70ab\u70ab\u70ab\u70ab\u70ab\u70ab\ud83d\udc36\ud83d\udc36\ud83d\udc36|Body Press|p1a: Incineroar\n|-supereffective|p1a: Incineroar\n|-crit|p1a: Incineroar\n|-damage|p1a: Incineroar|0 fnt\n|faint|p1a: Incineroar\n|move|p1b: Urshifu|Wicked Blow|p2a: \u90a3\u6211\u7f3a\u7684\u5636\u9e23\u8fd9\u4e00\u5757\u8c01\u7ed9\u6211\u8865\u554a\u267f\u267f\u267f\n|-supereffective|p2a: \u90a3\u6211\u7f3a\u7684\u5636\u9e23\u8fd9\u4e00\u5757\u8c01\u7ed9\u6211\u8865\u554a\u267f\u267f\u267f\n|-crit|p2a: \u90a3\u6211\u7f3a\u7684\u5636\u9e23\u8fd9\u4e00\u5757\u8c01\u7ed9\u6211\u8865\u554a\u267f\u267f\u267f\n|-damage|p2a: \u90a3\u6211\u7f3a\u7684\u5636\u9e23\u8fd9\u4e00\u5757\u8c01\u7ed9\u6211\u8865\u554a\u267f\u267f\u267f|0 fnt\n|faint|p2a: \u90a3\u6211\u7f3a\u7684\u5636\u9e23\u8fd9\u4e00\u5757\u8c01\u7ed9\u6211\u8865\u554a\u267f\u267f\u267f\n|\n|upkeep\n|\n|t:|1771846849\n|switch|p2a: \u5976\u9f99\u6c34\u725b\u7b11.mp4|Dragonite, L50, F|100/100\n|switch|p1a: Zamazenta|Zamazenta-Crowned, L50|29/100\n|turn|6\n|\n|t:|1771846858\n|move|p2a: \u5976\u9f99\u6c34\u725b\u7b11.mp4|Extreme Speed|p1b: Urshifu\n|-damage|p1b: Urshifu|10/100\n|move|p1a: Zamazenta|Behemoth Bash|p2a: \u5976\u9f99\u6c34\u725b\u7b11.mp4\n|-damage|p2a: \u5976\u9f99\u6c34\u725b\u7b11.mp4|55/100\n|move|p2b: \u70ab\u70ab\u70ab\u70ab\u70ab\u70ab\u70ab\u70ab\ud83d\udc36\ud83d\udc36\ud83d\udc36|Body Press|p1b: Urshifu\n|-supereffective|p1b: Urshifu\n|-damage|p1b: Urshifu|0 fnt\n|faint|p1b: Urshifu\n|\n|upkeep\n|turn|7\n|\n|t:|1771846872\n|move|p2a: \u5976\u9f99\u6c34\u725b\u7b11.mp4|Extreme Speed|p1a: Zamazenta\n|-resisted|p1a: Zamazenta\n|-damage|p1a: Zamazenta|17/100\n|move|p1a: Zamazenta|Behemoth Bash|p2b: \u70ab\u70ab\u70ab\u70ab\u70ab\u70ab\u70ab\u70ab\ud83d\udc36\ud83d\udc36\ud83d\udc36\n|-resisted|p2b: \u70ab\u70ab\u70ab\u70ab\u70ab\u70ab\u70ab\u70ab\ud83d\udc36\ud83d\udc36\ud83d\udc36\n|-damage|p2b: \u70ab\u70ab\u70ab\u70ab\u70ab\u70ab\u70ab\u70ab\ud83d\udc36\ud83d\udc36\ud83d\udc36|17/100\n|move|p2b: \u70ab\u70ab\u70ab\u70ab\u70ab\u70ab\u70ab\u70ab\ud83d\udc36\ud83d\udc36\ud83d\udc36|Body Press|p1a: Zamazenta\n|-supereffective|p1a: Zamazenta\n|-damage|p1a: Zamazenta|0 fnt\n|faint|p1a: Zamazenta\n|\n|win|BanKingambit69247\n|raw|Paviskii's rating: 1413 &rarr; <strong>1394</strong><br />(-19 for losing)\n|raw|BanKingambit69247's rating: 1434 &rarr; <strong>1453</strong><br />(+19 for winning)\n|l|\u2606Paviskii\n|player|p1|\n|l|\u2606BanKingambit69247\n|player|p2|\n","uploadtime":1771846875,"views":13,"formatid":"gen9vgc2026regi","rating":1394,"private":0,"password":null}