{"id":"gen9vgc2026regi-2556778005","format":"[Gen 9] VGC 2026 Reg I","players":["magicturtle74","I\u2764\ufe0f\u5a1c\u7984forever"],"log":"|j|\u2606magicturtle74\n|j|\u2606I\u2764\ufe0f\u5a1c\u7984forever\n|t:|1773248002\n|gametype|doubles\n|player|p1|magicturtle74|n|1372\n|player|p2|I\u2764\ufe0f\u5a1c\u7984forever|youngcouple-gen4dp|1362\n|gen|9\n|tier|[Gen 9] VGC 2026 Reg I\n|rated|\n|rule|Species Clause: Limit one of each Pok\u00e9mon\n|rule|Item Clause: Limit 1 of each item\n|clearpoke\n|poke|p1|Calyrex-Ice, L50|\n|poke|p1|Kyogre, L50|\n|poke|p1|Tornadus, L50, M|\n|poke|p1|Smeargle, L50, F|\n|poke|p1|Rillaboom, L50, F|\n|poke|p1|Basculegion, L50, M|\n|poke|p2|Groudon, L50|\n|poke|p2|Kyurem-White, L50|\n|poke|p2|Heatran, L50, M|\n|poke|p2|Whimsicott, L50, F|\n|poke|p2|Roaring Moon, L50|\n|poke|p2|Ditto, L50|\n|teampreview|4\n|\n|t:|1773248045\n|teamsize|p1|4\n|teamsize|p2|4\n|start\n|switch|p1a: 3x attack|Calyrex-Ice, L50|100/100\n|switch|p1b: alcremie?!|Smeargle, L50, F|100/100\n|switch|p2a: Whimsicott|Whimsicott, L50, F|100/100\n|switch|p2b: Kyurem|Kyurem-White, L50|100/100\n|-ability|p1a: 3x attack|As One\n|-ability|p1a: 3x attack|Unnerve\n|-ability|p2b: Kyurem|Turboblaze\n|turn|1\n|\n|t:|1773248062\n|move|p1b: alcremie?!|Fake Out|p2a: Whimsicott\n|-damage|p2a: Whimsicott|85/100\n|cant|p2a: Whimsicott|flinch\n|move|p2b: Kyurem|Blizzard|p1a: 3x attack|[spread] p1a,p1b\n|-resisted|p1a: 3x attack\n|-damage|p1a: 3x attack|83/100\n|-enditem|p1b: alcremie?!|Focus Sash\n|-damage|p1b: alcremie?!|1/100\n|move|p1a: 3x attack|Glacial Lance|p2b: Kyurem|[spread] p2a,p2b\n|-supereffective|p2a: Whimsicott\n|-crit|p2a: Whimsicott\n|-damage|p2a: Whimsicott|0 fnt\n|-damage|p2b: Kyurem|56/100\n|faint|p2a: Whimsicott\n|-ability|p1a: 3x attack|Chilling Neigh|boost\n|-boost|p1a: 3x attack|atk|1\n|\n|-ability|p1b: alcremie?!|Moody|boost\n|-boost|p1b: alcremie?!|def|2\n|-unboost|p1b: alcremie?!|spe|1\n|upkeep\n|\n|t:|1773248077\n|switch|p2a: Groudon|Groudon, L50|100/100\n|-weather|SunnyDay|[from] ability: Drought|[of] p2a: Groudon\n|turn|2\n|\n|t:|1773248088\n|switch|p1b: me when rain|Kyogre, L50|100/100\n|-weather|RainDance|[from] ability: Drizzle|[of] p1b: me when rain\n|-terastallize|p2a: Groudon|Water\n|move|p2b: Kyurem|Fusion Flare|p1a: 3x attack\n|-supereffective|p1a: 3x attack\n|-damage|p1a: 3x attack|54/100\n|move|p2a: Groudon|Precipice Blades|p1b: me when rain|[spread] p1a,p1b\n|-crit|p1a: 3x attack\n|-damage|p1a: 3x attack|7/100\n|-damage|p1b: me when rain|54/100\n|move|p1a: 3x attack|Glacial Lance|p2b: Kyurem|[spread] p2a,p2b\n|-resisted|p2a: Groudon\n|-damage|p2a: Groudon|74/100\n|-damage|p2b: Kyurem|0 fnt\n|faint|p2b: Kyurem\n|-ability|p1a: 3x attack|Chilling Neigh|boost\n|-boost|p1a: 3x attack|atk|1\n|\n|-weather|RainDance|[upkeep]\n|upkeep\n|\n|t:|1773248103\n|switch|p2b: Ditto|Ditto, L50|100/100\n|-transform|p2b: Ditto|p1a: 3x attack|[from] ability: Imposter\n|-ability|p2b: Ditto|As One\n|-ability|p2b: Ditto|Unnerve\n|turn|3\n|\n|t:|1773248110\n|switch|p1a: Basculegion|Basculegion, L50, M|100/100\n|move|p1b: me when rain|Thunder|p2a: Groudon\n|-supereffective|p2a: Groudon\n|-damage|p2a: Groudon|23/100\n|move|p2a: Groudon|Precipice Blades|p1b: me when rain|[spread] p1a\n|-miss|p2a: Groudon|p1b: me when rain\n|-damage|p1a: Basculegion|34/100\n|move|p2b: Ditto|Glacial Lance|p1b: me when rain|[spread] p1a,p1b\n|-resisted|p1a: Basculegion\n|-resisted|p1b: me when rain\n|-damage|p1a: Basculegion|0 fnt\n|-damage|p1b: me when rain|7/100\n|faint|p1a: Basculegion\n|-ability|p2b: Ditto|Chilling Neigh|boost\n|-boost|p2b: Ditto|atk|1\n|\n|-weather|RainDance|[upkeep]\n|upkeep\n|\n|t:|1773248122\n|switch|p1a: alcremie?!|Smeargle, L50, F|1/100\n|turn|4\n|\n|t:|1773248132\n|move|p1a: alcremie?!|Fake Out|p2a: Groudon\n|-damage|p2a: Groudon|18/100\n|move|p1b: me when rain|Origin Pulse|p2b: Ditto|[spread] p2b\n|-miss|p1b: me when rain|p2a: Groudon\n|-damage|p2b: Ditto|30/100\n|cant|p2a: Groudon|flinch\n|move|p2b: Ditto|Glacial Lance|p1a: alcremie?!|[spread] p1a,p1b\n|-resisted|p1b: me when rain\n|-damage|p1a: alcremie?!|0 fnt\n|-damage|p1b: me when rain|0 fnt\n|faint|p1a: alcremie?!\n|faint|p1b: me when rain\n|-ability|p2b: Ditto|Chilling Neigh|boost\n|-boost|p2b: Ditto|atk|2\n|\n|-weather|RainDance|[upkeep]\n|upkeep\n|\n|t:|1773248139\n|switch|p1b: 3x attack|Calyrex-Ice, L50|7/100\n|-ability|p1b: 3x attack|As One\n|-ability|p1b: 3x attack|Unnerve\n|turn|5\n|\n|t:|1773248143\n|move|p2a: Groudon|Crunch|p1b: 3x attack\n|-supereffective|p1b: 3x attack\n|-damage|p1b: 3x attack|0 fnt\n|faint|p1b: 3x attack\n|\n|win|I\u2764\ufe0f\u5a1c\u7984forever\n|raw|magicturtle74's rating: 1372 &rarr; <strong>1351</strong><br />(-21 for losing)\n|raw|I\u2764\ufe0f\u5a1c\u7984forever's rating: 1362 &rarr; <strong>1383</strong><br />(+21 for winning)\n|l|\u2606magicturtle74\n|player|p1|\n|l|\u2606I\u2764\ufe0f\u5a1c\u7984forever\n|player|p2|\n","uploadtime":1773248315,"views":16,"formatid":"gen9vgc2026regi","rating":1351,"private":0,"password":null}