{"id":"gen9vgc2026regi-2563859452","format":"[Gen 9] VGC 2026 Reg I","players":["shiny31","terafireflareblitz"],"log":"|j|\u2606shiny31\n|j|\u2606terafireflareblitz\n|t:|1774072901\n|gametype|doubles\n|player|p1|shiny31|scientist-gen4|1338\n|player|p2|terafireflareblitz|sycamore|1364\n|gen|9\n|tier|[Gen 9] VGC 2026 Reg I\n|rated|\n|rule|Species Clause: Limit one of each Pok\u00e9mon\n|rule|Item Clause: Limit 1 of each item\n|clearpoke\n|poke|p1|Lunala, L50|\n|poke|p1|Ursaluna, L50, F|\n|poke|p1|Urshifu-*, L50, M|\n|poke|p1|Miraidon, L50|\n|poke|p1|Grimmsnarl, L50, M|\n|poke|p1|Incineroar, L50, M|\n|poke|p2|Koraidon, L50|\n|poke|p2|Lunala, L50|\n|poke|p2|Indeedee-F, L50, F|\n|poke|p2|Flutter Mane, L50|\n|poke|p2|Volcarona, L50, F|\n|poke|p2|Ursaluna, L50, F|\n|teampreview|4\n|inactive|Battle timer is ON: inactive players will automatically lose when time's up. (requested by terafireflareblitz)\n|inactive|shiny31 also wants the timer to be on.\n|inactive|shiny31 has 60 seconds left.\n|inactive|shiny31 has 30 seconds left.\n|\n|t:|1774072962\n|teamsize|p1|4\n|teamsize|p2|4\n|start\n|switch|p1a: Lunala|Lunala, L50|100/100\n|switch|p1b: Miraidon|Miraidon, L50|100/100\n|switch|p2a: Koraidon|Koraidon, L50, shiny|100/100\n|switch|p2b: Indeedee|Indeedee-F, L50, F|100/100\n|-weather|SunnyDay|[from] ability: Orichalcum Pulse|[of] p2a: Koraidon\n|-activate|p2a: Koraidon|Orichalcum Pulse|[source]\n|-fieldstart|move: Electric Terrain|[from] ability: Hadron Engine|[of] p1b: Miraidon\n|-enditem|p1a: Lunala|Electric Seed\n|-boost|p1a: Lunala|def|1|[from] item: Electric Seed\n|-fieldstart|move: Psychic Terrain|[from] ability: Psychic Surge|[of] p2b: Indeedee\n|turn|1\n|\n|t:|1774072986\n|switch|p2b: Lunala|Lunala, L50, shiny|100/100\n|-terastallize|p2a: Koraidon|Fire\n|move|p2a: Koraidon|Breaking Swipe|p1a: Lunala|[spread] p1a,p1b\n|-supereffective|p1b: Miraidon\n|-damage|p1a: Lunala|90/100\n|-damage|p1b: Miraidon|35/100\n|-unboost|p1a: Lunala|atk|1\n|-unboost|p1b: Miraidon|atk|1\n|-damage|p2a: Koraidon|91/100|[from] item: Life Orb\n|move|p1b: Miraidon|Volt Switch|p2a: Koraidon\n|-damage|p2a: Koraidon|47/100\n|\n|t:|1774073005\n|switch|p1b: Ursaluna|Ursaluna, L50, F|100/100|[from] Volt Switch\n|move|p1a: Lunala|Trick Room|p1a: Lunala\n|-fieldstart|move: Trick Room|[of] p1a: Lunala\n|\n|-weather|SunnyDay|[upkeep]\n|-status|p1b: Ursaluna|brn|[from] item: Flame Orb\n|upkeep\n|turn|2\n|\n|t:|1774073028\n|-terastallize|p1a: Lunala|Fairy\n|move|p2a: Koraidon|Protect|p2a: Koraidon\n|-singleturn|p2a: Koraidon|Protect\n|move|p1b: Ursaluna|Facade|p2a: Koraidon\n|-activate|p2a: Koraidon|move: Protect\n|move|p1a: Lunala|Moongeist Beam|p2b: Lunala\n|-supereffective|p2b: Lunala\n|-damage|p2b: Lunala|21/100\n|move|p2b: Lunala|Moongeist Beam|p1a: Lunala\n|-damage|p1a: Lunala|48/100\n|\n|-weather|SunnyDay|[upkeep]\n|-damage|p1b: Ursaluna|95/100 brn|[from] brn\n|upkeep\n|turn|3\n|\n|t:|1774073051\n|switch|p2b: Ursaluna|Ursaluna, L50, F|100/100\n|switch|p2a: Indeedee|Indeedee-F, L50, F|100/100\n|move|p1b: Ursaluna|Facade|p2a: Indeedee\n|-damage|p2a: Indeedee|0 fnt\n|faint|p2a: Indeedee\n|move|p1a: Lunala|Moongeist Beam|p2b: Ursaluna\n|-immune|p2b: Ursaluna\n|\n|-weather|SunnyDay|[upkeep]\n|-damage|p1b: Ursaluna|89/100 brn|[from] brn\n|-status|p2b: Ursaluna|brn|[from] item: Flame Orb\n|upkeep\n|\n|t:|1774073055\n|switch|p2a: Lunala|Lunala, L50, shiny|21/100\n|turn|4\n|\n|t:|1774073077\n|switch|p1a: Incineroar|Incineroar, L50, M|100/100\n|-ability|p1a: Incineroar|Intimidate|boost\n|-unboost|p2a: Lunala|atk|1\n|-unboost|p2b: Ursaluna|atk|1\n|move|p1b: Ursaluna|Protect|p1b: Ursaluna\n|-singleturn|p1b: Ursaluna|Protect\n|move|p2a: Lunala|Wide Guard|p2a: Lunala\n|-singleturn|p2a: Lunala|Wide Guard\n|move|p2b: Ursaluna|Facade|p1b: Ursaluna\n|-activate|p1b: Ursaluna|move: Protect\n|\n|-weather|SunnyDay|[upkeep]\n|-damage|p1b: Ursaluna|83/100 brn|[from] brn\n|-damage|p2b: Ursaluna|95/100 brn|[from] brn\n|upkeep\n|turn|5\n|inactive|shiny31 has 30 seconds left.\n|inactive|shiny31 has 20 seconds left.\n|inactive|shiny31 has 15 seconds left.\n|\n|t:|1774073122\n|switch|p2b: Koraidon|Koraidon, L50, shiny, tera:Fire|47/100\n|-activate|p2b: Koraidon|ability: Orichalcum Pulse\n|move|p1b: Ursaluna|Facade|p2b: Koraidon\n|-damage|p2b: Koraidon|0 fnt\n|faint|p2b: Koraidon\n|move|p1a: Incineroar|Parting Shot|p2a: Lunala\n|-unboost|p2a: Lunala|atk|1\n|-unboost|p2a: Lunala|spa|1\n|\n|t:|1774073134\n|switch|p1a: Lunala|Lunala, L50, tera:Fairy|48/100|[from] Parting Shot\n|move|p2a: Lunala|Meteor Beam||[still]\n|-prepare|p2a: Lunala|Meteor Beam\n|-boost|p2a: Lunala|spa|1\n|-enditem|p2a: Lunala|Power Herb\n|-anim|p2a: Lunala|Meteor Beam|p1a: Lunala\n|-damage|p1a: Lunala|11/100\n|\n|-weather|none\n|-damage|p1b: Ursaluna|77/100 brn|[from] brn\n|-fieldend|move: Trick Room\n|-fieldend|move: Psychic Terrain\n|upkeep\n|\n|t:|1774073136\n|switch|p2b: Ursaluna|Ursaluna, L50, F|95/100 brn\n|turn|6\n|\n|t:|1774073160\n|switch|p1a: Incineroar|Incineroar, L50, M|100/100\n|-ability|p1a: Incineroar|Intimidate|boost\n|-unboost|p2a: Lunala|atk|1\n|-unboost|p2b: Ursaluna|atk|1\n|move|p1b: Ursaluna|Protect|p1b: Ursaluna\n|-singleturn|p1b: Ursaluna|Protect\n|move|p2a: Lunala|Moongeist Beam|p1a: Incineroar\n|-resisted|p1a: Incineroar\n|-damage|p1a: Incineroar|72/100\n|move|p2b: Ursaluna|Facade|p1b: Ursaluna\n|-activate|p1b: Ursaluna|move: Protect\n|\n|-damage|p2b: Ursaluna|89/100 brn|[from] brn\n|-damage|p1b: Ursaluna|71/100 brn|[from] brn\n|upkeep\n|turn|7\n|\n|t:|1774073182\n|move|p1a: Incineroar|Fake Out|p2b: Ursaluna\n|-crit|p2b: Ursaluna\n|-damage|p2b: Ursaluna|78/100 brn\n|move|p2a: Lunala|Expanding Force|p1b: Ursaluna\n|-damage|p1b: Ursaluna|33/100 brn\n|cant|p2b: Ursaluna|flinch\n|move|p1b: Ursaluna|Headlong Rush|p2a: Lunala\n|-damage|p2a: Lunala|0 fnt\n|-unboost|p1b: Ursaluna|def|1\n|-unboost|p1b: Ursaluna|spd|1\n|faint|p2a: Lunala\n|\n|-damage|p2b: Ursaluna|72/100 brn|[from] brn\n|-damage|p1b: Ursaluna|27/100 brn|[from] brn\n|upkeep\n|turn|8\n|\n|t:|1774073197\n|move|p1a: Incineroar|Parting Shot|p2b: Ursaluna\n|-unboost|p2b: Ursaluna|atk|1\n|-unboost|p2b: Ursaluna|spa|1\n|\n|t:|1774073202\n|switch|p1a: Lunala|Lunala, L50, tera:Fairy|11/100|[from] Parting Shot\n|move|p2b: Ursaluna|Earthquake|p1b: Ursaluna|[spread] p1a,p1b\n|-damage|p1a: Lunala|0 fnt\n|-damage|p1b: Ursaluna|0 fnt\n|faint|p1a: Lunala\n|faint|p1b: Ursaluna\n|\n|-damage|p2b: Ursaluna|66/100 brn|[from] brn\n|upkeep\n|\n|t:|1774073209\n|switch|p1a: Incineroar|Incineroar, L50, M|72/100\n|switch|p1b: Miraidon|Miraidon, L50|35/100\n|-fieldstart|move: Electric Terrain|[from] ability: Hadron Engine|[of] p1b: Miraidon\n|-ability|p1a: Incineroar|Intimidate|boost\n|-unboost|p2b: Ursaluna|atk|1\n|turn|9\n|-message|terafireflareblitz forfeited.\n|\n|win|shiny31\n|raw|shiny31's rating: 1338 &rarr; <strong>1359</strong><br />(+21 for winning)\n|raw|terafireflareblitz's rating: 1364 &rarr; <strong>1343</strong><br />(-21 for losing)\n","uploadtime":1774073213,"views":16,"formatid":"gen9vgc2026regi","rating":1343,"private":0,"password":null}