{"id":"gen9vgc2026regi-2528389140","format":"[Gen 9] VGC 2026 Reg I","players":["GAPDHC","Stardustor"],"log":"|j|\u2606GAPDHC\n|j|\u2606Stardustor\n|t:|1769650024\n|gametype|doubles\n|player|p1|GAPDHC|ruinmaniac|1306\n|player|p2|Stardustor|265|1238\n|gen|9\n|tier|[Gen 9] VGC 2026 Reg I\n|rated|\n|rule|Species Clause: Limit one of each Pok\u00e9mon\n|rule|Item Clause: Limit 1 of each item\n|clearpoke\n|poke|p1|Calyrex-Shadow, L50|\n|poke|p1|Eternatus, L50|\n|poke|p1|Grimmsnarl, L50, M|\n|poke|p1|Rillaboom, L50, M|\n|poke|p1|Dondozo, L50, M|\n|poke|p1|Tatsugiri-Droopy, L50, M|\n|poke|p2|Mimikyu, L50, F|\n|poke|p2|Miraidon, L50|\n|poke|p2|Calyrex-Ice, L50|\n|poke|p2|Urshifu-*, L50, F|\n|poke|p2|Kingambit, L50, F|\n|poke|p2|Pelipper, L50, M|\n|teampreview|4\n|\n|t:|1769650076\n|teamsize|p1|4\n|teamsize|p2|4\n|start\n|switch|p1a: Grimmsnarl|Grimmsnarl, L50, M|100/100\n|switch|p1b: Eternatus|Eternatus, L50|100/100\n|switch|p2a: Miraidon|Miraidon, L50|100/100\n|switch|p2b: Mimikyu|Mimikyu, L50, F, shiny|100/100\n|-fieldstart|move: Electric Terrain|[from] ability: Hadron Engine|[of] p2a: Miraidon\n|-ability|p1b: Eternatus|Pressure\n|turn|1\n|\n|t:|1769650092\n|-terastallize|p2a: Miraidon|Fairy\n|move|p1a: Grimmsnarl|Light Screen|p1a: Grimmsnarl\n|-sidestart|p1: GAPDHC|move: Light Screen\n|move|p2a: Miraidon|Dazzling Gleam|p1a: Grimmsnarl|[spread] p1a,p1b\n|-supereffective|p1a: Grimmsnarl\n|-damage|p1a: Grimmsnarl|32/100\n|-damage|p1b: Eternatus|82/100\n|move|p1b: Eternatus|Dynamax Cannon|p2a: Miraidon\n|-immune|p2a: Miraidon\n|move|p2b: Mimikyu|Trick Room|p2b: Mimikyu\n|-fieldstart|move: Trick Room|[of] p2b: Mimikyu\n|\n|upkeep\n|turn|2\n|\n|t:|1769650116\n|switch|p2a: Kingambit|Kingambit, L50, F|100/100\n|move|p1a: Grimmsnarl|Spirit Break|p2a: Kingambit\n|-damage|p2a: Kingambit|72/100\n|-unboost|p2a: Kingambit|spa|1\n|-ability|p2a: Kingambit|Defiant|boost\n|-boost|p2a: Kingambit|atk|2\n|move|p2b: Mimikyu|Curse|p1b: Eternatus\n|-start|p1b: Eternatus|Curse|[of] p2b: Mimikyu\n|-damage|p2b: Mimikyu|50/100\n|move|p1b: Eternatus|Toxic|p2b: Mimikyu\n|-status|p2b: Mimikyu|tox\n|\n|-damage|p2b: Mimikyu|44/100 tox|[from] psn\n|-damage|p1b: Eternatus|57/100|[from] Curse\n|upkeep\n|turn|3\n|\n|t:|1769650157\n|move|p1a: Grimmsnarl|Reflect|p1a: Grimmsnarl\n|-sidestart|p1: GAPDHC|Reflect\n|move|p2a: Kingambit|Iron Head|p1b: Eternatus\n|-damage|p1b: Eternatus|11/100\n|move|p2b: Mimikyu|Play Rough|p1a: Grimmsnarl\n|-supereffective|p1a: Grimmsnarl\n|-damage|p1a: Grimmsnarl|0 fnt\n|faint|p1a: Grimmsnarl\n|move|p1b: Eternatus|Toxic Spikes|p2b: Mimikyu\n|-sidestart|p2: Stardustor|move: Toxic Spikes\n|\n|-damage|p2b: Mimikyu|32/100 tox|[from] psn\n|-damage|p1b: Eternatus|0 fnt|[from] Curse\n|faint|p1b: Eternatus\n|upkeep\n|\n|t:|1769650178\n|switch|p1a: Tatsugiri|Tatsugiri-Droopy, L50, M|100/100\n|switch|p1b: Dondozo|Dondozo, L50, M|100/100\n|-activate|p1a: Tatsugiri|ability: Commander|[of] p1b: Dondozo\n|-boost|p1b: Dondozo|atk|2\n|-boost|p1b: Dondozo|spa|2\n|-boost|p1b: Dondozo|spe|2\n|-boost|p1b: Dondozo|def|2\n|-boost|p1b: Dondozo|spd|2\n|turn|4\n|\n|t:|1769650200\n|move|p2a: Kingambit|Low Kick|p1b: Dondozo\n|-damage|p1b: Dondozo|91/100\n|move|p2b: Mimikyu|Curse|p1b: Dondozo\n|-start|p1b: Dondozo|Curse|[of] p2b: Mimikyu\n|-damage|p2b: Mimikyu|0 fnt\n|faint|p2b: Mimikyu\n|move|p1b: Dondozo|Body Press|p2a: Kingambit\n|-supereffective|p2a: Kingambit\n|-damage|p2a: Kingambit|0 fnt\n|faint|p2a: Kingambit\n|\n|-heal|p1b: Dondozo|97/100|[from] item: Leftovers\n|-damage|p1b: Dondozo|72/100|[from] Curse\n|upkeep\n|\n|t:|1769650216\n|switch|p2a: Calyrex|Calyrex-Ice, L50|100/100\n|switch|p2b: Miraidon|Miraidon, L50, tera:Fairy|100/100\n|-ability|p2a: Calyrex|As One\n|-ability|p2a: Calyrex|Unnerve\n|-status|p2a: Calyrex|psn\n|-status|p2b: Miraidon|psn\n|-activate|p2b: Miraidon|ability: Hadron Engine\n|turn|5\n|\n|t:|1769650255\n|-terastallize|p1b: Dondozo|Electric\n|move|p2a: Calyrex|Glacial Lance|p1a: Tatsugiri|[spread] p1b\n|-miss|p2a: Calyrex|p1a: Tatsugiri\n|-damage|p1b: Dondozo|57/100\n|move|p1b: Dondozo|Earthquake|p2b: Miraidon|[spread] p2a,p2b\n|-miss|p1b: Dondozo|p1a: Tatsugiri\n|-damage|p2a: Calyrex|76/100 psn\n|-damage|p2b: Miraidon|60/100 psn\n|move|p2b: Miraidon|Electro Drift|p1b: Dondozo\n|-resisted|p1b: Dondozo\n|-damage|p1b: Dondozo|41/100\n|\n|-heal|p1b: Dondozo|47/100|[from] item: Leftovers\n|-damage|p2a: Calyrex|64/100 psn|[from] psn\n|-damage|p2b: Miraidon|48/100 psn|[from] psn\n|-damage|p1b: Dondozo|22/100|[from] Curse\n|-fieldend|move: Trick Room\n|-fieldend|move: Electric Terrain\n|upkeep\n|turn|6\n|\n|t:|1769650275\n|move|p2a: Calyrex|Protect|p2a: Calyrex\n|-singleturn|p2a: Calyrex|Protect\n|move|p2b: Miraidon|Electro Drift|p1b: Dondozo\n|-resisted|p1b: Dondozo\n|-damage|p1b: Dondozo|13/100\n|move|p1b: Dondozo|Earthquake|p2b: Miraidon|[spread] p2b\n|-miss|p1b: Dondozo|p1a: Tatsugiri\n|-activate|p2a: Calyrex|move: Protect\n|-damage|p2b: Miraidon|10/100 psn\n|\n|-heal|p1b: Dondozo|19/100|[from] item: Leftovers\n|-damage|p2b: Miraidon|0 fnt|[from] psn\n|faint|p2b: Miraidon\n|-damage|p2a: Calyrex|52/100 psn|[from] psn\n|-damage|p1b: Dondozo|0 fnt|[from] Curse\n|faint|p1b: Dondozo\n|upkeep\n|turn|7\n|\n|t:|1769650297\n|move|p1a: Tatsugiri|Protect|p1a: Tatsugiri\n|-singleturn|p1a: Tatsugiri|Protect\n|move|p2a: Calyrex|Glacial Lance|p1a: Tatsugiri\n|-activate|p1a: Tatsugiri|move: Protect\n|\n|-damage|p2a: Calyrex|40/100 psn|[from] psn\n|upkeep\n|turn|8\n|\n|t:|1769650304\n|move|p1a: Tatsugiri|Draco Meteor|p2a: Calyrex\n|-damage|p2a: Calyrex|0 fnt\n|-unboost|p1a: Tatsugiri|spa|2\n|faint|p2a: Calyrex\n|\n|win|GAPDHC\n|raw|GAPDHC's rating: 1306 &rarr; <strong>1322</strong><br />(+16 for winning)\n|raw|Stardustor's rating: 1238 &rarr; <strong>1218</strong><br />(-20 for losing)\n|l|\u2606Stardustor\n|player|p2|\n|l|\u2606GAPDHC\n|player|p1|\n","uploadtime":1769650464,"views":17,"formatid":"gen9vgc2026regi","rating":1218,"private":0,"password":null}