{"id":"gen9vgc2026regi-2541795794","format":"[Gen 9] VGC 2026 Reg I","players":["alexit93","chitominchia"],"log":"|j|\u2606alexit93\n|j|\u2606chitominchia\n|t:|1771370140\n|gametype|doubles\n|player|p1|alexit93|lucas-gen4pt|1371\n|player|p2|chitominchia|hiker-gen4|1417\n|gen|9\n|tier|[Gen 9] VGC 2026 Reg I\n|rated|\n|rule|Species Clause: Limit one of each Pok\u00e9mon\n|rule|Item Clause: Limit 1 of each item\n|clearpoke\n|poke|p1|Zamazenta-*, L50|\n|poke|p1|Riolu, L50, F|\n|poke|p1|Calyrex-Ice, L50|\n|poke|p1|Rillaboom, L50, F|\n|poke|p1|Incineroar, L50, F|\n|poke|p1|Urshifu-*, L50, F|\n|poke|p2|Tornadus, L50, M|\n|poke|p2|Miraidon, L50|\n|poke|p2|Kyogre, L50|\n|poke|p2|Farigiraf, L50, F|\n|poke|p2|Iron Bundle, L50|\n|poke|p2|Incineroar, L50, F|\n|teampreview|4\n|inactive|Battle timer is ON: inactive players will automatically lose when time's up. (requested by chitominchia)\n|\n|t:|1771370162\n|teamsize|p1|4\n|teamsize|p2|4\n|start\n|switch|p1a: Calyrex|Calyrex-Ice, L50|100/100\n|switch|p1b: Riolu|Riolu, L50, F|100/100\n|switch|p2a: Iron Bundle|Iron Bundle, L50|100/100\n|switch|p2b: Tornadus|Tornadus, L50, M|100/100\n|-ability|p1a: Calyrex|As One\n|-ability|p1a: Calyrex|Unnerve\n|turn|1\n|\n|t:|1771370174\n|-end|p2a: Iron Bundle|Quark Drive|[silent]\n|switch|p2a: Kyogre|Kyogre, L50|100/100\n|-weather|RainDance|[from] ability: Drizzle|[of] p2a: Kyogre\n|move|p2b: Tornadus|Taunt|p1b: Riolu\n|-start|p1b: Riolu|move: Taunt\n|cant|p1b: Riolu|move: Taunt|Coaching\n|move|p1a: Calyrex|Glacial Lance|p2b: Tornadus|[spread] p2a,p2b\n|-resisted|p2a: Kyogre\n|-supereffective|p2b: Tornadus\n|-damage|p2a: Kyogre|68/100\n|-damage|p2b: Tornadus|0 fnt\n|faint|p2b: Tornadus\n|-ability|p1a: Calyrex|Chilling Neigh|boost\n|-boost|p1a: Calyrex|atk|1\n|\n|-weather|RainDance|[upkeep]\n|upkeep\n|\n|t:|1771370184\n|switch|p2b: Iron Bundle|Iron Bundle, L50|100/100\n|turn|2\n|\n|t:|1771370206\n|move|p1a: Calyrex|Protect|p1a: Calyrex\n|-singleturn|p1a: Calyrex|Protect\n|move|p1b: Riolu|Feint|p2a: Kyogre\n|-damage|p2a: Kyogre|62/100\n|move|p2b: Iron Bundle|Freeze-Dry|p1a: Calyrex\n|-activate|p1a: Calyrex|move: Protect\n|move|p2a: Kyogre|Water Spout|p1a: Calyrex|[spread] p1b\n|-activate|p1a: Calyrex|move: Protect\n|-damage|p1b: Riolu|11/100\n|\n|-weather|RainDance|[upkeep]\n|upkeep\n|turn|3\n|\n|t:|1771370218\n|move|p1b: Riolu|Feint|p2a: Kyogre\n|-damage|p2a: Kyogre|56/100\n|move|p2b: Iron Bundle|Hydro Pump|p1a: Calyrex\n|-damage|p1a: Calyrex|39/100\n|move|p2a: Kyogre|Water Spout|p1a: Calyrex|[spread] p1a,p1b\n|-damage|p1a: Calyrex|0 fnt\n|-damage|p1b: Riolu|0 fnt\n|faint|p1a: Calyrex\n|faint|p1b: Riolu\n|\n|-weather|RainDance|[upkeep]\n|upkeep\n|\n|t:|1771370222\n|switch|p1b: Zamazenta|Zamazenta-Crowned, L50, shiny|100/100\n|switch|p1a: Rillaboom|Rillaboom, L50, F|100/100\n|-ability|p1b: Zamazenta|Dauntless Shield|boost\n|-boost|p1b: Zamazenta|def|1\n|-fieldstart|move: Grassy Terrain|[from] ability: Grassy Surge|[of] p1a: Rillaboom\n|turn|4\n|\n|t:|1771370233\n|move|p2a: Kyogre|Protect|p2a: Kyogre\n|-singleturn|p2a: Kyogre|Protect\n|move|p1a: Rillaboom|Grassy Glide|p2b: Iron Bundle\n|-supereffective|p2b: Iron Bundle\n|-enditem|p2b: Iron Bundle|Focus Sash\n|-damage|p2b: Iron Bundle|1/100\n|move|p2b: Iron Bundle|Freeze-Dry|p1a: Rillaboom\n|-supereffective|p1a: Rillaboom\n|-damage|p1a: Rillaboom|44/100\n|-status|p1a: Rillaboom|frz\n|move|p1b: Zamazenta|Body Press|p2a: Kyogre\n|-activate|p2a: Kyogre|move: Protect\n|\n|-weather|RainDance|[upkeep]\n|-heal|p2b: Iron Bundle|7/100|[from] Grassy Terrain\n|-heal|p1a: Rillaboom|50/100 frz|[from] Grassy Terrain\n|-heal|p2a: Kyogre|62/100|[from] Grassy Terrain\n|upkeep\n|turn|5\n|\n|t:|1771370251\n|cant|p1a: Rillaboom|frz\n|move|p2b: Iron Bundle|Freeze-Dry|p1a: Rillaboom\n|-supereffective|p1a: Rillaboom\n|-damage|p1a: Rillaboom|0 fnt\n|faint|p1a: Rillaboom\n|move|p1b: Zamazenta|Body Press|p2a: Kyogre\n|-damage|p2a: Kyogre|0 fnt\n|faint|p2a: Kyogre\n|\n|-weather|none\n|-heal|p2b: Iron Bundle|13/100|[from] Grassy Terrain\n|upkeep\n|-message|alexit93 forfeited.\n|\n|win|chitominchia\n|raw|alexit93's rating: 1371 &rarr; <strong>1354</strong><br />(-17 for losing)\n|raw|chitominchia's rating: 1417 &rarr; <strong>1434</strong><br />(+17 for winning)\n|l|\u2606alexit93\n|player|p1|\n|l|\u2606chitominchia\n|player|p2|\n","uploadtime":1771370515,"views":14,"formatid":"gen9vgc2026regi","rating":1354,"private":0,"password":null}