{"id":"gen9vgc2026regi-2560159797","format":"[Gen 9] VGC 2026 Reg I","players":["palHunter","Pokemonst3r"],"log":"|j|\u2606palHunter\n|j|\u2606Pokemonst3r\n|t:|1773660591\n|gametype|doubles\n|player|p1|palHunter|dawn|1478\n|player|p2|Pokemonst3r|2|1509\n|gen|9\n|tier|[Gen 9] VGC 2026 Reg I\n|rated|\n|rule|Species Clause: Limit one of each Pok\u00e9mon\n|rule|Item Clause: Limit 1 of each item\n|clearpoke\n|poke|p1|Miraidon, L50|\n|poke|p1|Farigiraf, L50, M|\n|poke|p1|Calyrex-Ice, L50|\n|poke|p1|Urshifu-*, L50, F|\n|poke|p1|Incineroar, L50, F|\n|poke|p1|Landorus, L50, M|\n|poke|p2|Chien-Pao, L50|\n|poke|p2|Calyrex-Shadow, L50|\n|poke|p2|Dondozo, L50, F|\n|poke|p2|Zamazenta-*, L50|\n|poke|p2|Dragonite, L50, F|\n|poke|p2|Tatsugiri, L50, F|\n|teampreview|4\n|inactive|Battle timer is ON: inactive players will automatically lose when time's up. (requested by Pokemonst3r)\n|inactive|palHunter has 60 seconds left.\n|\n|t:|1773660633\n|teamsize|p1|4\n|teamsize|p2|4\n|start\n|switch|p1a: Farigiraf|Farigiraf, L50, M, shiny|100/100\n|switch|p1b: Miraidon|Miraidon, L50, shiny|100/100\n|switch|p2a: Chien-Pao|Chien-Pao, L50|100/100\n|switch|p2b: Zamazenta|Zamazenta-Crowned, L50|100/100\n|-fieldstart|move: Electric Terrain|[from] ability: Hadron Engine|[of] p1b: Miraidon\n|-enditem|p1a: Farigiraf|Electric Seed\n|-boost|p1a: Farigiraf|def|1|[from] item: Electric Seed\n|-ability|p2a: Chien-Pao|Sword of Ruin\n|-ability|p2b: Zamazenta|Dauntless Shield|boost\n|-boost|p2b: Zamazenta|def|1\n|turn|1\n|\n|t:|1773660656\n|move|p1b: Miraidon|Volt Switch|p2a: Chien-Pao\n|-enditem|p2a: Chien-Pao|Focus Sash\n|-damage|p2a: Chien-Pao|1/100\n|\n|t:|1773660663\n|switch|p1b: Urshifu|Urshifu-Rapid-Strike, L50, F|100/100|[from] Volt Switch\n|move|p2a: Chien-Pao|Taunt|p1a: Farigiraf\n|-start|p1a: Farigiraf|move: Taunt\n|move|p2b: Zamazenta|Body Press|p1b: Urshifu\n|-damage|p1b: Urshifu|10/100\n|cant|p1a: Farigiraf|move: Taunt|Roar\n|\n|upkeep\n|turn|2\n|\n|t:|1773660681\n|move|p1b: Urshifu|Aqua Jet|p2a: Chien-Pao\n|-damage|p2a: Chien-Pao|0 fnt\n|faint|p2a: Chien-Pao\n|move|p2b: Zamazenta|Body Press|p1a: Farigiraf\n|-damage|p1a: Farigiraf|68/100\n|move|p1a: Farigiraf|Psychic|p2b: Zamazenta\n|-damage|p2b: Zamazenta|77/100\n|\n|upkeep\n|\n|t:|1773660694\n|switch|p2a: Calyrex|Calyrex-Shadow, L50|100/100\n|-ability|p2a: Calyrex|As One\n|-ability|p2a: Calyrex|Unnerve\n|turn|3\n|\n|t:|1773660704\n|move|p1b: Urshifu|Detect|p1b: Urshifu\n|-singleturn|p1b: Urshifu|Protect\n|move|p2a: Calyrex|Astral Barrage|p1b: Urshifu|[spread] \n|-activate|p1b: Urshifu|move: Protect\n|-immune|p1a: Farigiraf\n|move|p2b: Zamazenta|Body Press|p1a: Farigiraf\n|-damage|p1a: Farigiraf|33/100\n|move|p1a: Farigiraf|Psychic|p2b: Zamazenta\n|-damage|p2b: Zamazenta|53/100\n|\n|-end|p1a: Farigiraf|move: Taunt\n|upkeep\n|turn|4\n|inactive|palHunter has 30 seconds left.\n|\n|t:|1773660737\n|move|p1b: Urshifu|Aqua Jet|p2a: Calyrex\n|-damage|p2a: Calyrex|71/100\n|move|p2a: Calyrex|Astral Barrage|p1b: Urshifu|[spread] p1b\n|-immune|p1a: Farigiraf\n|-damage|p1b: Urshifu|0 fnt\n|faint|p1b: Urshifu\n|-ability|p2a: Calyrex|Grim Neigh|boost\n|-boost|p2a: Calyrex|spa|1\n|move|p2b: Zamazenta|Body Press|p1a: Farigiraf\n|-damage|p1a: Farigiraf|0 fnt\n|faint|p1a: Farigiraf\n|\n|upkeep\n|\n|t:|1773660753\n|switch|p1b: Landorus|Landorus, L50, M, shiny|100/100\n|switch|p1a: Miraidon|Miraidon, L50, shiny|100/100\n|-activate|p1a: Miraidon|ability: Hadron Engine\n|turn|5\n|\n|t:|1773660764\n|-terastallize|p1a: Miraidon|Electric\n|move|p2a: Calyrex|Astral Barrage|p1b: Landorus|[spread] p1a,p1b\n|-damage|p1a: Miraidon|19/100\n|-damage|p1b: Landorus|22/100\n|move|p1a: Miraidon|Discharge|p2b: Zamazenta|[spread] p2a,p2b\n|-immune|p1b: Landorus\n|-damage|p2a: Calyrex|0 fnt\n|-damage|p2b: Zamazenta|0 fnt\n|faint|p2a: Calyrex\n|faint|p2b: Zamazenta\n|move|p1b: Landorus|Earth Power|p2: Calyrex|[notarget]\n|-fail|p1b: Landorus\n|\n|-fieldend|move: Electric Terrain\n|upkeep\n|\n|t:|1773660778\n|switch|p2b: Dragonite|Dragonite, L50, F|100/100\n|turn|6\n|\n|t:|1773660785\n|-terastallize|p2b: Dragonite|Normal\n|move|p2b: Dragonite|Extreme Speed|p1a: Miraidon\n|-damage|p1a: Miraidon|0 fnt\n|faint|p1a: Miraidon\n|move|p1b: Landorus|Sludge Bomb|p2b: Dragonite\n|-damage|p2b: Dragonite|62/100\n|\n|upkeep\n|turn|7\n|-message|palHunter forfeited.\n|\n|win|Pokemonst3r\n|raw|palHunter's rating: 1478 &rarr; <strong>1460</strong><br />(-18 for losing)\n|raw|Pokemonst3r's rating: 1509 &rarr; <strong>1527</strong><br />(+18 for winning)\n|l|\u2606palHunter\n|player|p1|\n|l|\u2606Pokemonst3r\n|player|p2|\n","uploadtime":1773660935,"views":16,"formatid":"gen9vgc2026regi","rating":1460,"private":0,"password":null}