{"id":"gen9vgc2026regi-2561211264","format":"[Gen 9] VGC 2026 Reg I","players":["vestige666","indiecollin"],"log":"|j|\u2606vestige666\n|j|\u2606indiecollin\n|t:|1773773893\n|gametype|doubles\n|player|p1|vestige666|1|1291\n|player|p2|indiecollin|169|1304\n|gen|9\n|tier|[Gen 9] VGC 2026 Reg I\n|rated|\n|rule|Species Clause: Limit one of each Pok\u00e9mon\n|rule|Item Clause: Limit 1 of each item\n|clearpoke\n|poke|p1|Chi-Yu, L50|\n|poke|p1|Urshifu-*, L50, M|\n|poke|p1|Farigiraf, L50, M|\n|poke|p1|Whimsicott, L50, M|\n|poke|p1|Miraidon, L50|\n|poke|p1|Zacian-*, L50|\n|poke|p2|Weezing, L50, M|\n|poke|p2|Toedscruel, L50, M|\n|poke|p2|Porygon2, L50|\n|poke|p2|Grimmsnarl, L50, M|\n|poke|p2|Calyrex-Shadow, L50|\n|poke|p2|Zamazenta-*, L50|\n|teampreview|4\n|\n|t:|1773773924\n|teamsize|p1|4\n|teamsize|p2|4\n|start\n|switch|p1a: fish|Chi-Yu, L50|100/100\n|switch|p1b: cotton|Whimsicott, L50, M|100/100\n|switch|p2a: Weezing|Weezing, L50, M|100/100\n|switch|p2b: Grimmsnarl|Grimmsnarl, L50, M|100/100\n|-ability|p2a: Weezing|Neutralizing Gas\n|-block|p2b: Grimmsnarl|item: Ability Shield\n|turn|1\n|\n|t:|1773773942\n|move|p1a: fish|Heat Wave|p2b: Grimmsnarl|[spread] p2a,p2b\n|-damage|p2a: Weezing|50/100\n|-damage|p2b: Grimmsnarl|61/100\n|move|p1b: cotton|Moonblast|p2b: Grimmsnarl\n|-supereffective|p2b: Grimmsnarl\n|-damage|p2b: Grimmsnarl|1/100\n|-unboost|p2b: Grimmsnarl|spa|1\n|move|p2a: Weezing|Sludge Bomb|p1b: cotton\n|-supereffective|p1b: cotton\n|-enditem|p1b: cotton|Focus Sash\n|-damage|p1b: cotton|1/100\n|move|p2b: Grimmsnarl|Spirit Break|p1a: fish\n|-damage|p1a: fish|54/100\n|-unboost|p1a: fish|spa|1\n|\n|-heal|p2a: Weezing|56/100|[from] item: Leftovers\n|upkeep\n|turn|2\n|\n|t:|1773773972\n|move|p1b: cotton|Protect|p1b: cotton\n|-singleturn|p1b: cotton|Protect\n|move|p2b: Grimmsnarl|Thunder Wave|p1b: cotton\n|-activate|p1b: cotton|move: Protect\n|move|p1a: fish|Heat Wave|p2a: Weezing|[spread] p2a,p2b\n|-damage|p2a: Weezing|21/100\n|-damage|p2b: Grimmsnarl|0 fnt\n|faint|p2b: Grimmsnarl\n|move|p2a: Weezing|Sludge Bomb|p1b: cotton\n|-activate|p1b: cotton|move: Protect\n|\n|-heal|p2a: Weezing|27/100|[from] item: Leftovers\n|upkeep\n|\n|t:|1773773975\n|switch|p2b: Calyrex|Calyrex-Shadow, L50|100/100\n|-ability|p2b: Calyrex|As One\n|-ability|p2b: Calyrex|Unnerve\n|turn|3\n|\n|t:|1773773994\n|switch|p1b: sword dog|Zacian-Crowned, L50|100/100\n|move|p2a: Weezing|Protect|p2a: Weezing\n|-singleturn|p2a: Weezing|Protect\n|move|p1a: fish|Heat Wave|p2b: Calyrex|[spread] p2b\n|-activate|p2a: Weezing|move: Protect\n|-damage|p2b: Calyrex|71/100\n|move|p2b: Calyrex|Astral Barrage|p1a: fish|[spread] p1a,p1b\n|-resisted|p1a: fish\n|-damage|p1a: fish|15/100\n|-damage|p1b: sword dog|46/100\n|\n|-heal|p2a: Weezing|33/100|[from] item: Leftovers\n|upkeep\n|turn|4\n|\n|t:|1773774023\n|-end|p2a: Weezing|ability: Neutralizing Gas\n|-ability|p1a: fish|Beads of Ruin\n|-ability|p1b: sword dog|Intrepid Sword|boost\n|-boost|p1b: sword dog|atk|1\n|switch|p2a: Toedscruel|Toedscruel, L50, M|100/100\n|move|p1b: sword dog|Protect|p1b: sword dog\n|-singleturn|p1b: sword dog|Protect\n|move|p1a: fish|Heat Wave|p2b: Calyrex|[spread] p2a,p2b\n|-supereffective|p2a: Toedscruel\n|-damage|p2a: Toedscruel|26/100\n|-damage|p2b: Calyrex|33/100\n|move|p2b: Calyrex|Astral Barrage|p1b: sword dog|[spread] p1a\n|-activate|p1b: sword dog|move: Protect\n|-resisted|p1a: fish\n|-damage|p1a: fish|0 fnt\n|faint|p1a: fish\n|-ability|p2b: Calyrex|Grim Neigh|boost\n|-boost|p2b: Calyrex|spa|1\n|\n|upkeep\n|\n|t:|1773774047\n|switch|p1a: cotton|Whimsicott, L50, M|1/100\n|turn|5\n|\n|t:|1773774056\n|switch|p2a: Weezing|Weezing, L50, M|33/100\n|-ability|p2a: Weezing|Neutralizing Gas\n|move|p2b: Calyrex|Astral Barrage|p1b: sword dog|[spread] p1a,p1b\n|-damage|p1a: cotton|0 fnt\n|-damage|p1b: sword dog|0 fnt\n|faint|p1a: cotton\n|faint|p1b: sword dog\n|-ability|p2b: Calyrex|Grim Neigh|boost\n|-boost|p2b: Calyrex|spa|2\n|\n|-heal|p2a: Weezing|38/100|[from] item: Leftovers\n|upkeep\n|c|\u2606vestige666|wp\n|\n|t:|1773774069\n|switch|p1a: snake|Miraidon, L50|100/100\n|turn|6\n|\n|t:|1773774084\n|-terastallize|p1a: snake|Fairy\n|move|p2b: Calyrex|Astral Barrage|p1a: snake\n|-damage|p1a: snake|0 fnt\n|faint|p1a: snake\n|\n|win|indiecollin\n|raw|vestige666's rating: 1291 &rarr; <strong>1267</strong><br />(-24 for losing)\n|raw|indiecollin's rating: 1304 &rarr; <strong>1323</strong><br />(+19 for winning)\n|l|\u2606vestige666\n|player|p1|\n|l|\u2606indiecollin\n|player|p2|\n","uploadtime":1773774266,"views":16,"formatid":"gen9vgc2026regi","rating":1267,"private":0,"password":null}