{"id":"gen9vgc2026regi-2562593479","format":"[Gen 9] VGC 2026 Reg I","players":["Billlmads","trchlt1"],"log":"|j|\u2606Billlmads\n|j|\u2606trchlt1\n|t:|1773933166\n|gametype|doubles\n|player|p1|Billlmads|red|1561\n|player|p2|trchlt1|101|1519\n|gen|9\n|tier|[Gen 9] VGC 2026 Reg I\n|rated|\n|rule|Species Clause: Limit one of each Pok\u00e9mon\n|rule|Item Clause: Limit 1 of each item\n|clearpoke\n|poke|p1|Calyrex-Ice, L50|\n|poke|p1|Miraidon, L50|\n|poke|p1|Volcarona, L50, F|\n|poke|p1|Grimmsnarl, L50, M|\n|poke|p1|Incineroar, L50, M|\n|poke|p1|Ditto, L50|\n|poke|p2|Calyrex-Shadow, L50|\n|poke|p2|Dragonite, L50, M|\n|poke|p2|Chien-Pao, L50|\n|poke|p2|Raging Bolt, L50|\n|poke|p2|Amoonguss, L50, F|\n|poke|p2|Zamazenta-*, L50|\n|teampreview|4\n|inactive|Battle timer is ON: inactive players will automatically lose when time's up. (requested by trchlt1)\n|j| phacmarc\n|\n|t:|1773933193\n|teamsize|p1|4\n|teamsize|p2|4\n|start\n|switch|p1a: Miraidon|Miraidon, L50|100/100\n|switch|p1b: Grimmsnarl|Grimmsnarl, L50, M, shiny|100/100\n|switch|p2a: Amoonguss|Amoonguss, L50, F|100/100\n|switch|p2b: Chien-Pao|Chien-Pao, L50|100/100\n|-ability|p2b: Chien-Pao|Sword of Ruin\n|-fieldstart|move: Electric Terrain|[from] ability: Hadron Engine|[of] p1a: Miraidon\n|turn|1\n|j| KittyPON2\n|\n|t:|1773933213\n|move|p2b: Chien-Pao|Ice Spinner|p1a: Miraidon\n|-supereffective|p1a: Miraidon\n|-damage|p1a: Miraidon|8/100\n|-fieldend|move: Electric Terrain\n|move|p1a: Miraidon|Volt Switch|p2b: Chien-Pao\n|-damage|p2b: Chien-Pao|60/100\n|\n|t:|1773933223\n|switch|p1a: Ditto|Ditto, L50|100/100|[from] Volt Switch\n|-transform|p1a: Ditto|p2b: Chien-Pao|[from] ability: Imposter\n|-ability|p1a: Ditto|Sword of Ruin\n|move|p1b: Grimmsnarl|Spirit Break|p2b: Chien-Pao\n|-supereffective|p2b: Chien-Pao\n|-damage|p2b: Chien-Pao|0 fnt\n|faint|p2b: Chien-Pao\n|move|p2a: Amoonguss|Spore|p1a: Ditto\n|-status|p1a: Ditto|slp|[from] move: Spore\n|\n|upkeep\n|\n|t:|1773933233\n|switch|p2b: Zamazenta|Zamazenta-Crowned, L50|100/100\n|-ability|p2b: Zamazenta|Dauntless Shield|boost\n|-boost|p2b: Zamazenta|def|1\n|turn|2\n|\n|t:|1773933244\n|switch|p1a: Calyrex|Calyrex-Ice, L50|100/100\n|-ability|p1a: Calyrex|As One\n|-ability|p1a: Calyrex|Unnerve\n|switch|p1b: Miraidon|Miraidon, L50|8/100\n|-fieldstart|move: Electric Terrain|[from] ability: Hadron Engine|[of] p1b: Miraidon\n|move|p2b: Zamazenta|Body Press|p1a: Calyrex\n|-damage|p1a: Calyrex|55/100\n|move|p2a: Amoonguss|Spore|p1b: Miraidon\n|-activate|p1b: Miraidon|move: Electric Terrain\n|\n|-heal|p1a: Calyrex|61/100|[from] item: Leftovers\n|upkeep\n|turn|3\n|\n|t:|1773933261\n|-terastallize|p1a: Calyrex|Fairy\n|move|p2a: Amoonguss|Protect|p2a: Amoonguss\n|-singleturn|p2a: Amoonguss|Protect\n|move|p1b: Miraidon|Volt Switch|p2a: Amoonguss\n|-activate|p2a: Amoonguss|move: Protect\n|move|p2b: Zamazenta|Body Press|p1a: Calyrex\n|-resisted|p1a: Calyrex\n|-damage|p1a: Calyrex|40/100\n|move|p1a: Calyrex|Leech Seed|p2b: Zamazenta\n|-start|p2b: Zamazenta|move: Leech Seed\n|\n|-heal|p1a: Calyrex|45/100|[from] item: Leftovers\n|-damage|p2b: Zamazenta|88/100|[from] Leech Seed|[of] p1a: Calyrex\n|-heal|p1a: Calyrex|57/100|[silent]\n|upkeep\n|turn|4\n|\n|t:|1773933274\n|move|p2a: Amoonguss|Rage Powder|p2a: Amoonguss\n|-singleturn|p2a: Amoonguss|move: Rage Powder\n|move|p1b: Miraidon|Volt Switch|p2a: Amoonguss\n|-resisted|p2a: Amoonguss\n|-damage|p2a: Amoonguss|75/100\n|\n|t:|1773933284\n|switch|p1b: Grimmsnarl|Grimmsnarl, L50, M, shiny|100/100|[from] Volt Switch\n|move|p2b: Zamazenta|Behemoth Bash|p1a: Calyrex\n|-supereffective|p1a: Calyrex\n|-damage|p1a: Calyrex|7/100\n|move|p1a: Calyrex|Glacial Lance|p2a: Amoonguss|[spread] p2a,p2b\n|-supereffective|p2a: Amoonguss\n|-resisted|p2b: Zamazenta\n|-damage|p2a: Amoonguss|0 fnt\n|-damage|p2b: Zamazenta|79/100\n|faint|p2a: Amoonguss\n|-ability|p1a: Calyrex|Chilling Neigh|boost\n|-boost|p1a: Calyrex|atk|1\n|\n|-heal|p1a: Calyrex|13/100|[from] item: Leftovers\n|-damage|p2b: Zamazenta|67/100|[from] Leech Seed|[of] p1a: Calyrex\n|-heal|p1a: Calyrex|24/100|[silent]\n|upkeep\n|j| Jerald Jimes\n|\n|t:|1773933290\n|switch|p2a: Calyrex|Calyrex-Shadow, L50|100/100\n|-ability|p2a: Calyrex|As One\n|-ability|p2a: Calyrex|Unnerve\n|turn|5\n|\n|t:|1773933298\n|-terastallize|p2a: Calyrex|Ghost\n|move|p1a: Calyrex|Protect|p1a: Calyrex\n|-singleturn|p1a: Calyrex|Protect\n|move|p1b: Grimmsnarl|Reflect|p1b: Grimmsnarl\n|-sidestart|p1: Billlmads|Reflect\n|move|p2a: Calyrex|Astral Barrage|p1a: Calyrex|[spread] p1b\n|-activate|p1a: Calyrex|move: Protect\n|-resisted|p1b: Grimmsnarl\n|-damage|p1b: Grimmsnarl|60/100\n|move|p2b: Zamazenta|Behemoth Bash|p1b: Grimmsnarl\n|-supereffective|p1b: Grimmsnarl\n|-damage|p1b: Grimmsnarl|10/100\n|\n|-heal|p1a: Calyrex|30/100|[from] item: Leftovers\n|-damage|p2b: Zamazenta|54/100|[from] Leech Seed|[of] p1a: Calyrex\n|-heal|p1a: Calyrex|41/100|[silent]\n|upkeep\n|turn|6\n|\n|t:|1773933313\n|move|p1b: Grimmsnarl|Light Screen|p1b: Grimmsnarl\n|-sidestart|p1: Billlmads|move: Light Screen\n|move|p2a: Calyrex|Astral Barrage|p1a: Calyrex|[spread] p1a,p1b\n|-resisted|p1b: Grimmsnarl\n|-damage|p1a: Calyrex|13/100\n|-damage|p1b: Grimmsnarl|0 fnt\n|faint|p1b: Grimmsnarl\n|-ability|p2a: Calyrex|Grim Neigh|boost\n|-boost|p2a: Calyrex|spa|1\n|move|p2b: Zamazenta|Behemoth Bash|p1a: Calyrex\n|-supereffective|p1a: Calyrex\n|-damage|p1a: Calyrex|0 fnt\n|faint|p1a: Calyrex\n|\n|-fieldend|move: Electric Terrain\n|upkeep\n|\n|t:|1773933321\n|switch|p1b: Miraidon|Miraidon, L50|8/100\n|switch|p1a: Ditto|Ditto, L50|100/100 slp\n|-fieldstart|move: Electric Terrain|[from] ability: Hadron Engine|[of] p1b: Miraidon\n|-transform|p1a: Ditto|p2b: Zamazenta|[from] ability: Imposter\n|-ability|p1a: Ditto|Dauntless Shield|boost\n|-boost|p1a: Ditto|def|1\n|turn|7\n|l| Jerald Jimes\n|\n|t:|1773933335\n|move|p2a: Calyrex|Astral Barrage|p1b: Miraidon|[spread] p1a,p1b\n|-damage|p1a: Ditto|35/100 slp\n|-damage|p1b: Miraidon|0 fnt\n|faint|p1b: Miraidon\n|-ability|p2a: Calyrex|Grim Neigh|boost\n|-boost|p2a: Calyrex|spa|1\n|cant|p1a: Ditto|slp\n|move|p2b: Zamazenta|Body Press|p1a: Ditto\n|-supereffective|p1a: Ditto\n|-damage|p1a: Ditto|4/100 slp\n|\n|-damage|p2b: Zamazenta|42/100|[from] Leech Seed|[of] p1a: Ditto\n|-heal|p1a: Ditto|19/100 slp|[silent]\n|upkeep\n|turn|8\n|\n|t:|1773933342\n|cant|p1a: Ditto|slp\n|move|p2a: Calyrex|Psychic|p1a: Ditto\n|-damage|p1a: Ditto|0 fnt\n|faint|p1a: Ditto\n|\n|win|trchlt1\n|raw|Billlmads's rating: 1561 &rarr; <strong>1539</strong><br />(-22 for losing)\n|raw|trchlt1's rating: 1519 &rarr; <strong>1541</strong><br />(+22 for winning)\n|l|\u2606trchlt1\n|player|p2|\n|l| phacmarc\n|l| KittyPON2\n|j| Jerald Jimes\n|l| Jerald Jimes\n","uploadtime":1773933545,"views":29,"formatid":"gen9vgc2026regi","rating":1539,"private":0,"password":null}