{"id":"gen9vgc2026regi-2560328489","format":"[Gen 9] VGC 2026 Reg I","players":["jonen","altruisticalita"],"log":"|j|\u2606jonen\n|j|\u2606altruisticalita\n|t:|1773677690\n|gametype|doubles\n|player|p1|jonen|medium|1163\n|player|p2|altruisticalita|169|1104\n|gen|9\n|tier|[Gen 9] VGC 2026 Reg I\n|rated|\n|rule|Species Clause: Limit one of each Pok\u00e9mon\n|rule|Item Clause: Limit 1 of each item\n|clearpoke\n|poke|p1|Sneasler, L50, M|\n|poke|p1|Ditto, L50|\n|poke|p1|Calyrex-Ice, L50|\n|poke|p1|Miraidon, L50|\n|poke|p1|Urshifu-*, L50, F|\n|poke|p1|Incineroar, L50, F|\n|poke|p2|Lugia, L50|\n|poke|p2|Tyranitar, L50, F|\n|poke|p2|Comfey, L50, M|\n|poke|p2|Murkrow, L50, M|\n|poke|p2|Miraidon, L50|\n|poke|p2|Annihilape, L50, F|\n|teampreview|4\n|c|\u2606altruisticalita|DITTTOOOOO\n|c|\u2606jonen|LUGIAAA\n|\n|t:|1773677725\n|teamsize|p1|4\n|teamsize|p2|4\n|start\n|switch|p1a: Calyrex|Calyrex-Ice, L50|100/100\n|switch|p1b: Miraidon|Miraidon, L50|100/100\n|switch|p2a: Murkrow|Murkrow, L50, M|100/100\n|switch|p2b: Miraidon|Miraidon, L50|100/100\n|-ability|p1a: Calyrex|As One\n|-ability|p1a: Calyrex|Unnerve\n|-fieldstart|move: Electric Terrain|[from] ability: Hadron Engine|[of] p2b: Miraidon\n|-activate|p1b: Miraidon|ability: Hadron Engine\n|turn|1\n|\n|t:|1773677763\n|-terastallize|p2b: Miraidon|Ghost\n|move|p2a: Murkrow|Tailwind|p2a: Murkrow\n|-sidestart|p2: altruisticalita|move: Tailwind\n|move|p2b: Miraidon|Tera Blast|p1a: Calyrex|[anim] Tera Blast Ghost\n|-supereffective|p1a: Calyrex\n|-damage|p1a: Calyrex|16/100\n|move|p1b: Miraidon|Volt Switch|p2a: Murkrow\n|-supereffective|p2a: Murkrow\n|-damage|p2a: Murkrow|0 fnt\n|faint|p2a: Murkrow\n|-damage|p1b: Miraidon|91/100|[from] item: Life Orb\n|\n|t:|1773677782\n|switch|p1b: Sneasler|Sneasler, L50, M|100/100|[from] Volt Switch\n|-enditem|p1b: Sneasler|Electric Seed\n|-boost|p1b: Sneasler|def|1|[from] item: Electric Seed\n|move|p1a: Calyrex|Glacial Lance|p2b: Miraidon\n|-damage|p2b: Miraidon|15/100\n|\n|upkeep\n|\n|t:|1773677799\n|switch|p2a: Lugia|Lugia, L50|100/100\n|turn|2\n|\n|t:|1773677819\n|move|p2b: Miraidon|Tera Blast|p1a: Calyrex|[anim] Tera Blast Ghost\n|-supereffective|p1a: Calyrex\n|-damage|p1a: Calyrex|0 fnt\n|faint|p1a: Calyrex\n|move|p1b: Sneasler|Throat Chop|p2b: Miraidon\n|-supereffective|p2b: Miraidon\n|-damage|p2b: Miraidon|0 fnt\n|faint|p2b: Miraidon\n|move|p2a: Lugia|Aeroblast|p1b: Sneasler\n|-supereffective|p1b: Sneasler\n|-crit|p1b: Sneasler\n|-damage|p1b: Sneasler|0 fnt\n|faint|p1b: Sneasler\n|\n|upkeep\n|\n|t:|1773677831\n|switch|p2b: Tyranitar|Tyranitar, L50, F|100/100\n|switch|p1b: Ditto|Ditto, L50|100/100\n|switch|p1a: Miraidon|Miraidon, L50|91/100\n|-activate|p1a: Miraidon|ability: Hadron Engine\n|-weather|Sandstorm|[from] ability: Sand Stream|[of] p2b: Tyranitar\n|-transform|p1b: Ditto|p2a: Lugia|[from] ability: Imposter\n|turn|3\n|\n|t:|1773677853\n|-terastallize|p1a: Miraidon|Electric\n|move|p2a: Lugia|Protect|p2a: Lugia\n|-singleturn|p2a: Lugia|Protect\n|move|p1b: Ditto|Aeroblast|p2a: Lugia\n|-activate|p2a: Lugia|move: Protect\n|move|p1a: Miraidon|Electro Drift|p2b: Tyranitar\n|-damage|p2b: Tyranitar|25/100\n|-damage|p1a: Miraidon|81/100|[from] item: Life Orb\n|move|p2b: Tyranitar|Rock Slide|p1a: Miraidon|[spread] p1a,p1b\n|-supereffective|p1b: Ditto\n|-damage|p1a: Miraidon|49/100\n|-damage|p1b: Ditto|75/100\n|\n|-weather|Sandstorm|[upkeep]\n|-damage|p2a: Lugia|95/100|[from] Sandstorm\n|-damage|p1b: Ditto|70/100|[from] Sandstorm\n|-damage|p1a: Miraidon|42/100|[from] Sandstorm\n|upkeep\n|turn|4\n|\n|t:|1773677875\n|move|p1a: Miraidon|Protect|p1a: Miraidon\n|-singleturn|p1a: Miraidon|Protect\n|move|p2a: Lugia|Psychic|p1a: Miraidon\n|-activate|p1a: Miraidon|move: Protect\n|move|p1b: Ditto|Aeroblast|p2b: Tyranitar\n|-resisted|p2b: Tyranitar\n|-damage|p2b: Tyranitar|18/100\n|move|p2b: Tyranitar|Rock Slide|p1b: Ditto|[spread] p1b\n|-activate|p1a: Miraidon|move: Protect\n|-supereffective|p1b: Ditto\n|-damage|p1b: Ditto|19/100\n|\n|-weather|Sandstorm|[upkeep]\n|-damage|p2a: Lugia|89/100|[from] Sandstorm\n|-damage|p1b: Ditto|13/100|[from] Sandstorm\n|-damage|p1a: Miraidon|36/100|[from] Sandstorm\n|-sideend|p2: altruisticalita|move: Tailwind\n|upkeep\n|turn|5\n|\n|t:|1773677902\n|move|p1b: Ditto|Aeroblast|p2b: Tyranitar\n|-resisted|p2b: Tyranitar\n|-damage|p2b: Tyranitar|9/100\n|move|p1a: Miraidon|Electro Drift|p2a: Lugia\n|-supereffective|p2a: Lugia\n|-damage|p2a: Lugia|0 fnt\n|faint|p2a: Lugia\n|-damage|p1a: Miraidon|26/100|[from] item: Life Orb\n|move|p2b: Tyranitar|Rock Slide|p1a: Miraidon|[spread] p1a,p1b\n|-supereffective|p1b: Ditto\n|-damage|p1a: Miraidon|0 fnt\n|-damage|p1b: Ditto|0 fnt\n|faint|p1a: Miraidon\n|faint|p1b: Ditto\n|\n|win|altruisticalita\n|raw|jonen's rating: 1163 &rarr; <strong>1134</strong><br />(-29 for losing)\n|raw|altruisticalita's rating: 1104 &rarr; <strong>1133</strong><br />(+29 for winning)\n","uploadtime":1773677902,"views":12,"formatid":"gen9vgc2026regi","rating":1133,"private":0,"password":null}