{"id":"gen9vgc2026regi-2534288517","format":"[Gen 9] VGC 2026 Reg I","players":["SnarkyShane","pokemon fan 281747"],"log":"|j|\u2606SnarkyShane\n|j|\u2606pokemon fan 281747\n|t:|1770405331\n|gametype|doubles\n|player|p1|SnarkyShane|gambler|1438\n|player|p2|pokemon fan 281747|sabrina-masters|1325\n|gen|9\n|tier|[Gen 9] VGC 2026 Reg I\n|rated|\n|rule|Species Clause: Limit one of each Pok\u00e9mon\n|rule|Item Clause: Limit 1 of each item\n|clearpoke\n|poke|p1|Rayquaza, L50|\n|poke|p1|Calyrex-Shadow, L50|\n|poke|p1|Chien-Pao, L50|\n|poke|p1|Ting-Lu, L50|\n|poke|p1|Amoonguss, L50, M|\n|poke|p1|Avalugg-Hisui, L50, M|\n|poke|p2|Miraidon, L50|\n|poke|p2|Chi-Yu, L50|\n|poke|p2|Farigiraf, L50, M|\n|poke|p2|Iron Hands, L50|\n|poke|p2|Calyrex-Ice, L50|\n|poke|p2|Urshifu-*, L50, F|\n|teampreview|4\n|inactive|Battle timer is ON: inactive players will automatically lose when time's up. (requested by pokemon fan 281747)\n|inactive|SnarkyShane also wants the timer to be on.\n|inactive|SnarkyShane has 60 seconds left.\n|\n|t:|1770405389\n|teamsize|p1|4\n|teamsize|p2|4\n|start\n|switch|p1a: FesterinEquestrian|Calyrex-Shadow, L50|100/100\n|switch|p1b: Victor Creed|Chien-Pao, L50|100/100\n|switch|p2a: Chi-Yu|Chi-Yu, L50|100/100\n|switch|p2b: Iron Hands|Iron Hands, L50, shiny|100/100\n|-ability|p1a: FesterinEquestrian|As One\n|-ability|p1a: FesterinEquestrian|Unnerve\n|-ability|p1b: Victor Creed|Sword of Ruin\n|-ability|p2a: Chi-Yu|Beads of Ruin\n|turn|1\n|l|\u2606SnarkyShane\n|inactive|SnarkyShane disconnected and has a minute to reconnect!\n|player|p1|\n|j|\u2606SnarkyShane\n|inactive|SnarkyShane reconnected and has 35 seconds left.\n|player|p1|SnarkyShane|gambler|\n|inactive|SnarkyShane has 30 seconds left.\n|\n|t:|1770405416\n|switch|p1b: Noodle Del Muerte|Rayquaza, L50|100/100\n|-ability|p1b: Noodle Del Muerte|Air Lock\n|move|p2b: Iron Hands|Fake Out|p1b: Noodle Del Muerte\n|-damage|p1b: Noodle Del Muerte|86/100\n|move|p2a: Chi-Yu|Snarl|p1a: FesterinEquestrian|[spread] p1a,p1b\n|-supereffective|p1a: FesterinEquestrian\n|-enditem|p1a: FesterinEquestrian|Focus Sash\n|-damage|p1a: FesterinEquestrian|1/100\n|-damage|p1b: Noodle Del Muerte|58/100\n|-unboost|p1a: FesterinEquestrian|spa|1\n|move|p1a: FesterinEquestrian|Psychic|p2b: Iron Hands\n|-supereffective|p2b: Iron Hands\n|-damage|p2b: Iron Hands|42/100\n|\n|upkeep\n|turn|2\n|\n|t:|1770405438\n|switch|p1a: Victor Creed|Chien-Pao, L50|100/100\n|-ability|p1a: Victor Creed|Sword of Ruin\n|-end|p2b: Iron Hands|Quark Drive|[silent]\n|switch|p2b: Miraidon|Miraidon, L50|100/100\n|-fieldstart|move: Electric Terrain|[from] ability: Hadron Engine|[of] p2b: Miraidon\n|move|p2a: Chi-Yu|Snarl|p1b: Noodle Del Muerte|[spread] p1a,p1b\n|-resisted|p1a: Victor Creed\n|-damage|p1a: Victor Creed|78/100\n|-damage|p1b: Noodle Del Muerte|33/100\n|-unboost|p1a: Victor Creed|spa|1\n|move|p1b: Noodle Del Muerte|Swords Dance|p1b: Noodle Del Muerte\n|-boost|p1b: Noodle Del Muerte|atk|2\n|\n|upkeep\n|turn|3\n|inactive|SnarkyShane has 30 seconds left.\n|\n|t:|1770405468\n|switch|p2a: Iron Hands|Iron Hands, L50, shiny|42/100\n|-activate|p2a: Iron Hands|ability: Quark Drive\n|-start|p2a: Iron Hands|quarkdriveatk\n|-terastallize|p1b: Noodle Del Muerte|Normal\n|move|p1b: Noodle Del Muerte|Extreme Speed|p2a: Iron Hands\n|-damage|p2a: Iron Hands|0 fnt\n|faint|p2a: Iron Hands\n|-end|p2a: Iron Hands|Quark Drive|[silent]\n|move|p1a: Victor Creed|Ice Spinner|p2b: Miraidon\n|-supereffective|p2b: Miraidon\n|-damage|p2b: Miraidon|0 fnt\n|-fieldend|move: Electric Terrain\n|faint|p2b: Miraidon\n|\n|upkeep\n|\n|t:|1770405484\n|switch|p2b: Chi-Yu|Chi-Yu, L50|100/100\n|switch|p2a: Calyrex|Calyrex-Ice, L50|100/100\n|-ability|p2a: Calyrex|As One\n|-ability|p2a: Calyrex|Unnerve\n|-ability|p2b: Chi-Yu|Beads of Ruin\n|turn|4\n|\n|t:|1770405500\n|switch|p1a: FesterinEquestrian|Calyrex-Shadow, L50|1/100\n|-ability|p1a: FesterinEquestrian|As One\n|-ability|p1a: FesterinEquestrian|Unnerve\n|-terastallize|p2b: Chi-Yu|Ghost\n|move|p1b: Noodle Del Muerte|Extreme Speed|p2b: Chi-Yu\n|-immune|p2b: Chi-Yu\n|move|p2b: Chi-Yu|Heat Wave|p1b: Noodle Del Muerte|[spread] p1a,p1b\n|-damage|p1a: FesterinEquestrian|0 fnt\n|-damage|p1b: Noodle Del Muerte|0 fnt\n|faint|p1a: FesterinEquestrian\n|faint|p1b: Noodle Del Muerte\n|move|p2a: Calyrex|Trick Room|p2a: Calyrex\n|-fieldstart|move: Trick Room|[of] p2a: Calyrex\n|\n|upkeep\n|\n|t:|1770405510\n|switch|p1b: Avalugg|Avalugg-Hisui, L50, M|100/100\n|switch|p1a: Victor Creed|Chien-Pao, L50|78/100\n|-ability|p1a: Victor Creed|Sword of Ruin\n|turn|5\n|\n|t:|1770405520\n|move|p1a: Victor Creed|Sucker Punch|p2b: Chi-Yu\n|-supereffective|p2b: Chi-Yu\n|-damage|p2b: Chi-Yu|0 fnt\n|faint|p2b: Chi-Yu\n|move|p1b: Avalugg|Rock Blast|p2a: Calyrex\n|-supereffective|p2a: Calyrex\n|-damage|p2a: Calyrex|78/100\n|-supereffective|p2a: Calyrex\n|-damage|p2a: Calyrex|54/100\n|-supereffective|p2a: Calyrex\n|-damage|p2a: Calyrex|30/100\n|-supereffective|p2a: Calyrex\n|-damage|p2a: Calyrex|5/100\n|-supereffective|p2a: Calyrex\n|-damage|p2a: Calyrex|0 fnt\n|faint|p2a: Calyrex\n|-hitcount|p2: Calyrex|5\n|\n|win|SnarkyShane\n|raw|SnarkyShane's rating: 1438 &rarr; <strong>1452</strong><br />(+14 for winning)\n|raw|pokemon fan 281747's rating: 1325 &rarr; <strong>1311</strong><br />(-14 for losing)\n|c|\u2606pokemon fan 281747|well played\n|c|\u2606SnarkyShane|Ty\n|c|\u2606SnarkyShane|Gg\n|l|\u2606pokemon fan 281747\n|player|p2|\n|l|\u2606SnarkyShane\n|player|p1|\n","uploadtime":1770405768,"views":8,"formatid":"gen9vgc2026regi","rating":1311,"private":0,"password":null}