{"id":"gen9vgc2026regi-2519151124","format":"[Gen 9] VGC 2026 Reg I","players":["VJ2511","CCdeal"],"log":"|j|\u2606VJ2511\n|j|\u2606CCdeal\n|t:|1768476383\n|gametype|doubles\n|player|p1|VJ2511|red-masters3|1328\n|player|p2|CCdeal|170|1329\n|gen|9\n|tier|[Gen 9] VGC 2026 Reg I\n|rated|\n|rule|Species Clause: Limit one of each Pok\u00e9mon\n|rule|Item Clause: Limit 1 of each item\n|clearpoke\n|poke|p1|Kyogre, L50|\n|poke|p1|Zacian-*, L50|\n|poke|p1|Chien-Pao, L50|\n|poke|p1|Urshifu-*, L50, M|\n|poke|p1|Roaring Moon, L50|\n|poke|p1|Amoonguss, L50, M|\n|poke|p2|Miraidon, L50|\n|poke|p2|Chien-Pao, L50|\n|poke|p2|Groudon, L50|\n|poke|p2|Urshifu-*, L50, M|\n|poke|p2|Whimsicott, L50, F|\n|poke|p2|Incineroar, L50, M|\n|teampreview|4\n|inactive|Battle timer is ON: inactive players will automatically lose when time's up. (requested by VJ2511)\n|\n|t:|1768476412\n|teamsize|p1|4\n|teamsize|p2|4\n|start\n|switch|p1a: Zacian|Zacian-Crowned, L50, shiny|100/100\n|switch|p1b: Roaring Moon|Roaring Moon, L50|100/100\n|switch|p2a: Miraidon|Miraidon, L50|100/100\n|switch|p2b: Whimsicott|Whimsicott, L50, F, shiny|100/100\n|-ability|p1a: Zacian|Intrepid Sword|boost\n|-boost|p1a: Zacian|atk|1\n|-fieldstart|move: Electric Terrain|[from] ability: Hadron Engine|[of] p2a: Miraidon\n|-enditem|p1b: Roaring Moon|Booster Energy\n|-activate|p1b: Roaring Moon|ability: Protosynthesis|[fromitem]\n|-start|p1b: Roaring Moon|protosynthesisspe\n|turn|1\n|inactive|VJ2511 has 30 seconds left.\n|inactive|CCdeal has 30 seconds left.\n|inactive|VJ2511 has 20 seconds left.\n|inactive|VJ2511 has 15 seconds left.\n|\n|t:|1768476453\n|move|p2b: Whimsicott|Tailwind|p2b: Whimsicott\n|-sidestart|p2: CCdeal|move: Tailwind\n|move|p2a: Miraidon|Dazzling Gleam|p1a: Zacian|[spread] p1a,p1b\n|-resisted|p1a: Zacian\n|-crit|p1a: Zacian\n|-supereffective|p1b: Roaring Moon\n|-damage|p1a: Zacian|73/100\n|-damage|p1b: Roaring Moon|0 fnt\n|faint|p1b: Roaring Moon\n|-end|p1b: Roaring Moon|Protosynthesis|[silent]\n|move|p1a: Zacian|Play Rough|p2a: Miraidon\n|-supereffective|p2a: Miraidon\n|-damage|p2a: Miraidon|0 fnt\n|faint|p2a: Miraidon\n|\n|upkeep\n|inactive|CCdeal has 30 seconds left.\n|\n|t:|1768476481\n|switch|p2a: Incineroar|Incineroar, L50, M|100/100\n|switch|p1b: Chien-Pao|Chien-Pao, L50|100/100\n|-ability|p1b: Chien-Pao|Sword of Ruin\n|-ability|p2a: Incineroar|Intimidate|boost\n|-unboost|p1a: Zacian|atk|1\n|-unboost|p1b: Chien-Pao|atk|1\n|turn|2\n|inactive|VJ2511 has 30 seconds left.\n|inactive|CCdeal has 30 seconds left.\n|inactive|VJ2511 has 20 seconds left.\n|inactive|VJ2511 has 15 seconds left.\n|inactive|VJ2511 has 10 seconds left.\n|\n|t:|1768476528\n|move|p2b: Whimsicott|Moonblast|p1b: Chien-Pao\n|-supereffective|p1b: Chien-Pao\n|-damage|p1b: Chien-Pao|15/100\n|-unboost|p1b: Chien-Pao|spa|1\n|move|p1a: Zacian|Behemoth Blade|p2b: Whimsicott\n|-supereffective|p2b: Whimsicott\n|-damage|p2b: Whimsicott|0 fnt\n|faint|p2b: Whimsicott\n|move|p1b: Chien-Pao|Icicle Crash|p2a: Incineroar\n|-resisted|p2a: Incineroar\n|-damage|p2a: Incineroar|83/100\n|move|p2a: Incineroar|U-turn|p1b: Chien-Pao\n|-supereffective|p1b: Chien-Pao\n|-damage|p1b: Chien-Pao|0 fnt\n|faint|p1b: Chien-Pao\n|\n|t:|1768476545\n|switch|p2a: Groudon|Groudon, L50|100/100|[from] U-turn\n|-weather|SunnyDay|[from] ability: Drought|[of] p2a: Groudon\n|\n|-weather|SunnyDay|[upkeep]\n|upkeep\n|\n|t:|1768476552\n|switch|p1b: Kyogre|Kyogre, L50, shiny|100/100\n|switch|p2b: Incineroar|Incineroar, L50, M|83/100\n|-ability|p2b: Incineroar|Intimidate|boost\n|-unboost|p1a: Zacian|atk|1\n|-unboost|p1b: Kyogre|atk|1\n|-weather|RainDance|[from] ability: Drizzle|[of] p1b: Kyogre\n|turn|3\n|\n|t:|1768476570\n|move|p1a: Zacian|Protect|p1a: Zacian\n|-singleturn|p1a: Zacian|Protect\n|move|p1b: Kyogre|Protect|p1b: Kyogre\n|-singleturn|p1b: Kyogre|Protect\n|move|p2b: Incineroar|Fake Out|p1b: Kyogre\n|-activate|p1b: Kyogre|move: Protect\n|move|p2a: Groudon|Precipice Blades|p1a: Zacian|[spread] \n|-activate|p1a: Zacian|move: Protect\n|-activate|p1b: Kyogre|move: Protect\n|\n|-weather|RainDance|[upkeep]\n|upkeep\n|turn|4\n|\n|t:|1768476587\n|-terastallize|p1a: Zacian|Fairy\n|-terastallize|p2b: Incineroar|Bug\n|move|p2a: Groudon|Precipice Blades|p1b: Kyogre|[spread] p1a\n|-miss|p2a: Groudon|p1b: Kyogre\n|-damage|p1a: Zacian|30/100\n|move|p1a: Zacian|Play Rough|p2b: Incineroar|[miss]\n|-miss|p1a: Zacian|p2b: Incineroar\n|move|p2b: Incineroar|Knock Off|p1b: Kyogre\n|-damage|p1b: Kyogre|66/100\n|-enditem|p1b: Kyogre|Splash Plate|[from] move: Knock Off|[of] p2b: Incineroar\n|move|p1b: Kyogre|Origin Pulse|p2b: Incineroar|[spread] p2a,p2b\n|-supereffective|p2a: Groudon\n|-damage|p2a: Groudon|0 fnt\n|-damage|p2b: Incineroar|49/100\n|faint|p2a: Groudon\n|\n|-weather|RainDance|[upkeep]\n|-sideend|p2: CCdeal|move: Tailwind\n|upkeep\n|turn|5\n|-message|CCdeal forfeited.\n|\n|win|VJ2511\n|raw|VJ2511's rating: 1328 &rarr; <strong>1348</strong><br />(+20 for winning)\n|raw|CCdeal's rating: 1329 &rarr; <strong>1309</strong><br />(-20 for losing)\n|l|\u2606CCdeal\n|player|p2|\n|l|\u2606VJ2511\n|player|p1|\n","uploadtime":1768476799,"views":11,"formatid":"gen9vgc2026regi","rating":1309,"private":0,"password":null}