{"id":"gen9vgc2026regi-2573084343","format":"[Gen 9] VGC 2026 Reg I","players":["vestige666","anaverageguitarist"],"log":"|j|\u2606vestige666\n|j|\u2606anaverageguitarist\n|t:|1775089058\n|gametype|doubles\n|player|p1|vestige666|blackbelt-gen4dp|1186\n|player|p2|anaverageguitarist|benga|1222\n|gen|9\n|tier|[Gen 9] VGC 2026 Reg I\n|rated|\n|rule|Species Clause: Limit one of each Pok\u00e9mon\n|rule|Item Clause: Limit 1 of each item\n|clearpoke\n|poke|p1|Rayquaza, L50|\n|poke|p1|Calyrex-Shadow, L50|\n|poke|p1|Tornadus, L50, M|\n|poke|p1|Smeargle, L50, F|\n|poke|p1|Urshifu-*, L50, F|\n|poke|p1|Clefairy, L50, F|\n|poke|p2|Lunala, L50|\n|poke|p2|Koraidon, L50|\n|poke|p2|Flutter Mane, L50|\n|poke|p2|Raging Bolt, L50|\n|poke|p2|Rillaboom, L50, M|\n|poke|p2|Urshifu-*, L50, M|\n|teampreview|4\nanaverageguitarist has agreed to open team sheets.\n|c|\u2606vestige666|ETF\nvestige666 has agreed to open team sheets.\n|showteam|p1|Rayquaza||ClearAmulet|AirLock|DragonAscent,ExtremeSpeed,SwordsDance,Protect||||||50|,,,,,Normal]Calyrex-Shadow||LifeOrb|AsOneSpectrier|AstralBarrage,Psychic,NastyPlot,Protect||||||50|,,,,,Dark]Tornadus||SharpBeak|Prankster|BleakwindStorm,Taunt,Tailwind,Protect|||M|||50|,,,,,Dark]Smeargle||FocusSash|Moody|FakeOut,FollowMe,Spore,Decorate|||F|||50|,,,,,Dark]Urshifu-Rapid-Strike||ChoiceScarf|UnseenFist|SurgingStrikes,Uturn,CloseCombat,AquaJet|||F|||50|,,,,,Water]Clefairy||Eviolite|FriendGuard|FollowMe,HelpingHand,Encore,Protect|||F|||50|,,,,,Water\n|showteam|p2|Lunala||Leftovers|ShadowShield|CalmMind,Protect,Moonblast,MoongeistBeam||||||50|,,,,,Fairy]Koraidon||LifeOrb|OrichalcumPulse|FlareBlitz,FlameCharge,Protect,CloseCombat||||||50|,,,,,Fire]Flutter Mane||BoosterEnergy|Protosynthesis|Moonblast,IcyWind,ShadowBall,Protect||||||50|,,,,,Fairy]Raging Bolt||Magnet|Protosynthesis|Thunderclap,Thunderbolt,DracoMeteor,Protect||||||50|,,,,,Electric]Rillaboom||AssaultVest|GrassySurge|FakeOut,Uturn,WoodHammer,GrassyGlide|||M|||50|,,,,,Water]Urshifu||FocusSash|UnseenFist|WickedBlow,CloseCombat,SuckerPunch,Detect|||M|||50|,,,,,Dark\n|\n|t:|1775089108\n|teamsize|p1|4\n|teamsize|p2|4\n|start\n|switch|p1a: Otonose Kanade|Rayquaza, L50|100/100\n|switch|p1b: Gigi Murin|Smeargle, L50, F|100/100\n|switch|p2a: Lunala|Lunala, L50|100/100\n|switch|p2b: Rillaboom|Rillaboom, L50, M|100/100\n|-ability|p1a: Otonose Kanade|Air Lock\n|-fieldstart|move: Grassy Terrain|[from] ability: Grassy Surge|[of] p2b: Rillaboom\n|turn|1\n|\n|t:|1775089140\n|move|p1b: Gigi Murin|Fake Out|p2b: Rillaboom\n|-damage|p2b: Rillaboom|96/100\n|cant|p2b: Rillaboom|flinch\n|move|p1a: Otonose Kanade|Swords Dance|p1a: Otonose Kanade\n|-boost|p1a: Otonose Kanade|atk|2\n|move|p2a: Lunala|Moonblast|p1b: Gigi Murin\n|-enditem|p1b: Gigi Murin|Focus Sash\n|-damage|p1b: Gigi Murin|1/100\n|-unboost|p1b: Gigi Murin|spa|1\n|\n|-heal|p1b: Gigi Murin|7/100|[from] Grassy Terrain\n|-heal|p2b: Rillaboom|100/100|[from] Grassy Terrain\n|-ability|p1b: Gigi Murin|Moody|boost\n|-boost|p1b: Gigi Murin|def|2\n|-unboost|p1b: Gigi Murin|spd|1\n|upkeep\n|turn|2\n|\n|t:|1775089171\n|switch|p1b: Biboo|Clefairy, L50, F|100/100\n|-terastallize|p1a: Otonose Kanade|Normal\n|move|p2b: Rillaboom|Grassy Glide|p1b: Biboo\n|-damage|p1b: Biboo|76/100\n|move|p1a: Otonose Kanade|Dragon Ascent|p2b: Rillaboom\n|-supereffective|p2b: Rillaboom\n|-damage|p2b: Rillaboom|0 fnt\n|-unboost|p1a: Otonose Kanade|def|1\n|-unboost|p1a: Otonose Kanade|spd|1\n|faint|p2b: Rillaboom\n|move|p2a: Lunala|Moonblast|p1a: Otonose Kanade\n|-damage|p1a: Otonose Kanade|61/100\n|\n|-heal|p1a: Otonose Kanade|67/100|[from] Grassy Terrain\n|-heal|p1b: Biboo|82/100|[from] Grassy Terrain\n|upkeep\n|\n|t:|1775089191\n|switch|p2b: Koraidon|Koraidon, L50|100/100\n|-weather|SunnyDay|[from] ability: Orichalcum Pulse|[of] p2b: Koraidon\n|-activate|p2b: Koraidon|Orichalcum Pulse|[source]\n|turn|3\n|\n|t:|1775089208\n|move|p2b: Koraidon|Protect|p2b: Koraidon\n|-singleturn|p2b: Koraidon|Protect\n|move|p1b: Biboo|Follow Me|p1b: Biboo\n|-singleturn|p1b: Biboo|move: Follow Me\n|move|p1a: Otonose Kanade|Dragon Ascent|p2b: Koraidon\n|-activate|p2b: Koraidon|move: Protect\n|move|p2a: Lunala|Calm Mind|p2a: Lunala\n|-boost|p2a: Lunala|spa|1\n|-boost|p2a: Lunala|spd|1\n|\n|-weather|SunnyDay|[upkeep]\n|-heal|p1a: Otonose Kanade|74/100|[from] Grassy Terrain\n|-heal|p1b: Biboo|89/100|[from] Grassy Terrain\n|upkeep\n|turn|4\n|\n|t:|1775089227\n|switch|p2b: Urshifu|Urshifu, L50, M|100/100\n|move|p1b: Biboo|Follow Me|p1b: Biboo\n|-singleturn|p1b: Biboo|move: Follow Me\n|move|p1a: Otonose Kanade|Dragon Ascent|p2b: Urshifu\n|-supereffective|p2b: Urshifu\n|-enditem|p2b: Urshifu|Focus Sash\n|-damage|p2b: Urshifu|1/100\n|-unboost|p1a: Otonose Kanade|def|1\n|-unboost|p1a: Otonose Kanade|spd|1\n|move|p2a: Lunala|Moongeist Beam|p1b: Biboo\n|-damage|p1b: Biboo|7/100\n|\n|-weather|SunnyDay|[upkeep]\n|-heal|p2b: Urshifu|7/100|[from] Grassy Terrain\n|-heal|p1a: Otonose Kanade|80/100|[from] Grassy Terrain\n|-heal|p1b: Biboo|13/100|[from] Grassy Terrain\n|upkeep\n|turn|5\n|\n|t:|1775089249\n|move|p2b: Urshifu|Detect|p2b: Urshifu\n|-singleturn|p2b: Urshifu|Protect\n|move|p1a: Otonose Kanade|Extreme Speed|p2b: Urshifu\n|-activate|p2b: Urshifu|move: Protect\n|move|p1b: Biboo|Follow Me|p1b: Biboo\n|-singleturn|p1b: Biboo|move: Follow Me\n|move|p2a: Lunala|Moonblast|p1b: Biboo\n|-damage|p1b: Biboo|0 fnt\n|faint|p1b: Biboo\n|\n|-weather|SunnyDay|[upkeep]\n|-heal|p2b: Urshifu|12/100|[from] Grassy Terrain\n|-heal|p1a: Otonose Kanade|86/100|[from] Grassy Terrain\n|-fieldend|move: Grassy Terrain\n|upkeep\n|\n|t:|1775089265\n|switch|p1b: Gigi Murin|Smeargle, L50, F|7/100\n|turn|6\n|\n|t:|1775089280\n|-terastallize|p2a: Lunala|Fairy\n|move|p1a: Otonose Kanade|Extreme Speed|p2b: Urshifu\n|-damage|p2b: Urshifu|0 fnt\n|faint|p2b: Urshifu\n|move|p1b: Gigi Murin|Spore|p2a: Lunala\n|-status|p2a: Lunala|slp|[from] move: Spore\n|cant|p2a: Lunala|slp\n|\n|-weather|SunnyDay|[upkeep]\n|-ability|p1b: Gigi Murin|Moody|boost\n|-boost|p1b: Gigi Murin|spa|2\n|-unboost|p1b: Gigi Murin|spe|1\n|upkeep\n|\n|t:|1775089293\n|switch|p2b: Koraidon|Koraidon, L50|100/100\n|turn|7\n|-message|anaverageguitarist forfeited.\n|\n|win|vestige666\n|raw|vestige666's rating: 1186 &rarr; <strong>1214</strong><br />(+28 for winning)\n|raw|anaverageguitarist's rating: 1222 &rarr; <strong>1194</strong><br />(-28 for losing)\n|l|\u2606anaverageguitarist\n|player|p2|\n|l|\u2606vestige666\n|player|p1|\n","uploadtime":1775089547,"views":10,"formatid":"gen9vgc2026regi","rating":1194,"private":0,"password":null}