{"id":"gen9vgc2026regi-2577722911","format":"[Gen 9] VGC 2026 Reg I","players":["UtterlyIncapable","yicz"],"log":"|j|\u2606UtterlyIncapable\n|j|\u2606yicz\n|t:|1775599504\n|gametype|doubles\n|player|p1|UtterlyIncapable|firebreather|1290\n|player|p2|yicz|265|1324\n|gen|9\n|tier|[Gen 9] VGC 2026 Reg I\n|rated|\n|rule|Species Clause: Limit one of each Pok\u00e9mon\n|rule|Item Clause: Limit 1 of each item\n|clearpoke\n|poke|p1|Weezing-Galar, L50, F|\n|poke|p1|Rayquaza, L50|\n|poke|p1|Calyrex-Shadow, L50|\n|poke|p1|Landorus-Therian, L50, M|\n|poke|p1|Incineroar, L50, M|\n|poke|p1|Amoonguss, L50, F|\n|poke|p2|Miraidon, L50|\n|poke|p2|Urshifu-*, L50, F|\n|poke|p2|Lunala, L50|\n|poke|p2|Ursaluna, L50, M|\n|poke|p2|Whimsicott, L50, M|\n|poke|p2|Incineroar, L50, F|\n|teampreview|4\n|\n|t:|1775599526\n|teamsize|p1|4\n|teamsize|p2|4\n|start\n|switch|p1a: Calyrex|Calyrex-Shadow, L50|100/100\n|switch|p1b: Weezing|Weezing-Galar, L50, F|100/100\n|switch|p2a: Whimsicott|Whimsicott, L50, M|100/100\n|switch|p2b: Miraidon|Miraidon, L50|100/100\n|-ability|p1b: Weezing|Neutralizing Gas\n|-ability|p1a: Calyrex|As One\n|-ability|p1a: Calyrex|Unnerve\n|turn|1\n|\n|t:|1775599537\n|move|p1a: Calyrex|Astral Barrage|p2b: Miraidon|[spread] p2a,p2b\n|-damage|p2a: Whimsicott|40/100\n|-damage|p2b: Miraidon|47/100\n|-damage|p1a: Calyrex|91/100|[from] item: Life Orb\n|move|p2b: Miraidon|Volt Switch|p1a: Calyrex\n|-crit|p1a: Calyrex\n|-damage|p1a: Calyrex|12/100\n|\n|t:|1775599549\n|switch|p2b: Urshifu|Urshifu-Rapid-Strike, L50, F|100/100|[from] Volt Switch\n|move|p2a: Whimsicott|Tailwind|p2a: Whimsicott\n|-sidestart|p2: yicz|move: Tailwind\n|move|p1b: Weezing|Toxic Spikes|p2a: Whimsicott\n|-sidestart|p2: yicz|move: Toxic Spikes\n|\n|upkeep\n|turn|2\n|\n|t:|1775599565\n|move|p1a: Calyrex|Protect|p1a: Calyrex\n|-singleturn|p1a: Calyrex|Protect\n|move|p2b: Urshifu|Surging Strikes|p1b: Weezing\n|-crit|p1b: Weezing\n|-damage|p1b: Weezing|69/100\n|-crit|p1b: Weezing\n|-damage|p1b: Weezing|41/100\n|-crit|p1b: Weezing\n|-damage|p1b: Weezing|14/100\n|-hitcount|p1b: Weezing|3\n|move|p2a: Whimsicott|Light Screen|p2a: Whimsicott\n|-sidestart|p2: yicz|move: Light Screen\n|move|p1b: Weezing|Strange Steam|p2b: Urshifu\n|-supereffective|p2b: Urshifu\n|-damage|p2b: Urshifu|57/100\n|\n|upkeep\n|turn|3\n|\n|t:|1775599584\n|switch|p1a: Rayquaza|Rayquaza, L50|100/100\n|move|p1b: Weezing|Protect|p1b: Weezing\n|-singleturn|p1b: Weezing|Protect\n|move|p2b: Urshifu|Surging Strikes|p1b: Weezing\n|-activate|p1b: Weezing|move: Protect\n|move|p2a: Whimsicott|Moonblast|p1a: Rayquaza\n|-supereffective|p1a: Rayquaza\n|-damage|p1a: Rayquaza|44/100\n|\n|upkeep\n|turn|4\n|\n|t:|1775599600\n|-terastallize|p1a: Rayquaza|Normal\n|move|p1a: Rayquaza|Extreme Speed|p2b: Urshifu\n|-damage|p2b: Urshifu|7/100\n|move|p2b: Urshifu|Surging Strikes|p1b: Weezing\n|-crit|p1b: Weezing\n|-damage|p1b: Weezing|0 fnt\n|faint|p1b: Weezing\n|-end|p1b: Weezing|ability: Neutralizing Gas\n|-hitcount|p1: Weezing|1\n|move|p2a: Whimsicott|Moonblast|p1a: Rayquaza\n|-damage|p1a: Rayquaza|17/100\n|\n|-sideend|p2: yicz|move: Tailwind\n|upkeep\n|\n|t:|1775599606\n|switch|p1b: Calyrex|Calyrex-Shadow, L50|12/100\n|-ability|p1b: Calyrex|As One\n|-ability|p1b: Calyrex|Unnerve\n|turn|5\n|\n|t:|1775599622\n|move|p1a: Rayquaza|Extreme Speed|p2a: Whimsicott\n|-crit|p2a: Whimsicott\n|-damage|p2a: Whimsicott|0 fnt\n|faint|p2a: Whimsicott\n|move|p1b: Calyrex|Astral Barrage|p2b: Urshifu\n|-damage|p2b: Urshifu|0 fnt\n|faint|p2b: Urshifu\n|-ability|p1b: Calyrex|Grim Neigh|boost\n|-boost|p1b: Calyrex|spa|1\n|-damage|p1b: Calyrex|2/100|[from] item: Life Orb\n|\n|upkeep\n|\n|t:|1775599629\n|switch|p2b: Miraidon|Miraidon, L50|47/100\n|switch|p2a: Lunala|Lunala, L50|100/100\n|-status|p2b: Miraidon|psn\n|-fieldstart|move: Electric Terrain|[from] ability: Hadron Engine|[of] p2b: Miraidon\n|-enditem|p2a: Lunala|Electric Seed\n|-boost|p2a: Lunala|def|1|[from] item: Electric Seed\n|-status|p2a: Lunala|psn\n|turn|6\n|\n|t:|1775599650\n|-terastallize|p2a: Lunala|Fairy\n|move|p1a: Rayquaza|Extreme Speed|p2b: Miraidon\n|-damage|p2b: Miraidon|2/100 psn\n|move|p1b: Calyrex|Astral Barrage|p2b: Miraidon|[spread] p2a,p2b\n|-damage|p2a: Lunala|78/100 psn\n|-damage|p2b: Miraidon|0 fnt\n|faint|p2b: Miraidon\n|-ability|p1b: Calyrex|Grim Neigh|boost\n|-boost|p1b: Calyrex|spa|1\n|-damage|p1b: Calyrex|0 fnt|[from] item: Life Orb\n|faint|p1b: Calyrex\n|move|p2a: Lunala|Moongeist Beam|p1a: Rayquaza\n|-immune|p1a: Rayquaza\n|\n|-damage|p2a: Lunala|66/100 psn|[from] psn\n|-sideend|p2: yicz|move: Light Screen\n|upkeep\n|\n|t:|1775599652\n|switch|p1b: Landorus|Landorus-Therian, L50, M|100/100\n|-ability|p1b: Landorus|Intimidate|boost\n|-unboost|p2a: Lunala|atk|1\n|turn|7\n|\n|t:|1775599669\n|move|p1a: Rayquaza|Extreme Speed|p2a: Lunala\n|-crit|p2a: Lunala\n|-damage|p2a: Lunala|3/100 psn\n|move|p1b: Landorus|Stomping Tantrum|p2a: Lunala\n|-damage|p2a: Lunala|0 fnt\n|faint|p2a: Lunala\n|\n|win|UtterlyIncapable\n|raw|UtterlyIncapable's rating: 1290 &rarr; <strong>1317</strong><br />(+27 for winning)\n|raw|yicz's rating: 1324 &rarr; <strong>1302</strong><br />(-22 for losing)\n|l|\u2606yicz\n|player|p2|\n|l|\u2606UtterlyIncapable\n|player|p1|\n","uploadtime":1775599872,"views":8,"formatid":"gen9vgc2026regi","rating":1302,"private":0,"password":null}