{"id":"gen9vgc2026regi-2583306932","format":"[Gen 9] VGC 2026 Reg I","players":["swordsdanceurshifu","cxy090506"],"log":"|j|\u2606swordsdanceurshifu\n|j|\u2606cxy090506\n|t:|1776165337\n|gametype|doubles\n|player|p1|swordsdanceurshifu|101|1543\n|player|p2|cxy090506|fairytalegirl|1513\n|gen|9\n|tier|[Gen 9] VGC 2026 Reg I\n|rated|\n|rule|Species Clause: Limit one of each Pok\u00e9mon\n|rule|Item Clause: Limit 1 of each item\n|clearpoke\n|poke|p1|Iron Bundle, L50|\n|poke|p1|Farigiraf, L50, F|\n|poke|p1|Calyrex-Ice, L50|\n|poke|p1|Miraidon, L50|\n|poke|p1|Iron Hands, L50|\n|poke|p1|Annihilape, L50, F|\n|poke|p2|Calyrex-Shadow, L50|\n|poke|p2|Zamazenta-*, L50|\n|poke|p2|Incineroar, L50, M|\n|poke|p2|Rillaboom, L50, F|\n|poke|p2|Ogerpon-Cornerstone, L50, F|\n|poke|p2|Tornadus, L50, M|\n|teampreview|4\n|inactive|Battle timer is ON: inactive players will automatically lose when time's up. (requested by swordsdanceurshifu)\n|inactive|swordsdanceurshifu has 60 seconds left.\n|\n|t:|1776165369\n|teamsize|p1|4\n|teamsize|p2|4\n|start\n|switch|p1a: Calyrex|Calyrex-Ice, L50|100/100\n|switch|p1b: Farigiraf|Farigiraf, L50, F|100/100\n|switch|p2a: \u5636\u9a6c\u51a0\u54e5|Calyrex-Shadow, L50|100/100\n|switch|p2b: \u5e05otto\u5e05|Incineroar, L50, M|100/100\n|-ability|p2a: \u5636\u9a6c\u51a0\u54e5|As One\n|-ability|p2a: \u5636\u9a6c\u51a0\u54e5|Unnerve\n|-ability|p1a: Calyrex|As One\n|-ability|p1a: Calyrex|Unnerve\n|-ability|p2b: \u5e05otto\u5e05|Intimidate|boost\n|-unboost|p1a: Calyrex|atk|1\n|-unboost|p1b: Farigiraf|atk|1\n|turn|1\n|j| MinatoSeviser\n|\n|t:|1776165389\n|move|p1a: Calyrex|Protect|p1a: Calyrex\n|-singleturn|p1a: Calyrex|Protect\n|move|p2a: \u5636\u9a6c\u51a0\u54e5|Astral Barrage|p1a: Calyrex|[spread] \n|-activate|p1a: Calyrex|move: Protect\n|-immune|p1b: Farigiraf\n|move|p2b: \u5e05otto\u5e05|Taunt|p1a: Calyrex\n|-activate|p1a: Calyrex|move: Protect\n|move|p1b: Farigiraf|Trick Room|p1b: Farigiraf\n|-fieldstart|move: Trick Room|[of] p1b: Farigiraf\n|\n|upkeep\n|turn|2\n|inactive|swordsdanceurshifu has 30 seconds left.\n|inactive|swordsdanceurshifu has 20 seconds left.\n|\n|t:|1776165429\n|move|p2a: \u5636\u9a6c\u51a0\u54e5|Protect|p2a: \u5636\u9a6c\u51a0\u54e5\n|-singleturn|p2a: \u5636\u9a6c\u51a0\u54e5|Protect\n|move|p1a: Calyrex|Leech Seed|p2b: \u5e05otto\u5e05|[miss]\n|-miss|p1a: Calyrex|p2b: \u5e05otto\u5e05\n|move|p1b: Farigiraf|Foul Play|p2a: \u5636\u9a6c\u51a0\u54e5\n|-activate|p2a: \u5636\u9a6c\u51a0\u54e5|move: Protect\n|move|p2b: \u5e05otto\u5e05|Parting Shot|p1a: Calyrex\n|-unboost|p1a: Calyrex|atk|1\n|-unboost|p1a: Calyrex|spa|1\n|\n|t:|1776165444\n|switch|p2b: \u54c7\u8884\uff08\u72d7\u53eb\u58f0\uff09|Zamazenta-Crowned, L50|100/100|[from] Parting Shot\n|-ability|p2b: \u54c7\u8884\uff08\u72d7\u53eb\u58f0\uff09|Dauntless Shield|boost\n|-boost|p2b: \u54c7\u8884\uff08\u72d7\u53eb\u58f0\uff09|def|1\n|\n|upkeep\n|turn|3\n|\n|t:|1776165454\n|switch|p2a: \u5e05otto\u5e05|Incineroar, L50, M|100/100\n|-ability|p2a: \u5e05otto\u5e05|Intimidate|boost\n|-unboost|p1a: Calyrex|atk|1\n|-unboost|p1b: Farigiraf|atk|1\n|-terastallize|p1a: Calyrex|Fairy\n|move|p1a: Calyrex|Leech Seed|p2b: \u54c7\u8884\uff08\u72d7\u53eb\u58f0\uff09\n|-start|p2b: \u54c7\u8884\uff08\u72d7\u53eb\u58f0\uff09|move: Leech Seed\n|move|p1b: Farigiraf|Foul Play|p2a: \u5e05otto\u5e05\n|-resisted|p2a: \u5e05otto\u5e05\n|-damage|p2a: \u5e05otto\u5e05|91/100\n|-damage|p1b: Farigiraf|84/100|[from] item: Rocky Helmet|[of] p2a: \u5e05otto\u5e05\n|move|p2b: \u54c7\u8884\uff08\u72d7\u53eb\u58f0\uff09|Body Press|p1a: Calyrex\n|-resisted|p1a: Calyrex\n|-damage|p1a: Calyrex|80/100\n|\n|-heal|p1a: Calyrex|86/100|[from] item: Leftovers\n|-damage|p2b: \u54c7\u8884\uff08\u72d7\u53eb\u58f0\uff09|88/100|[from] Leech Seed|[of] p1a: Calyrex\n|-heal|p1a: Calyrex|98/100|[silent]\n|upkeep\n|turn|4\n|inactive|cxy090506 has 30 seconds left.\n|\n|t:|1776165483\n|switch|p1b: Iron Hands|Iron Hands, L50|100/100\n|move|p1a: Calyrex|Leech Seed|p2a: \u5e05otto\u5e05\n|-start|p2a: \u5e05otto\u5e05|move: Leech Seed\n|move|p2a: \u5e05otto\u5e05|Knock Off|p1a: Calyrex\n|-resisted|p1a: Calyrex\n|-damage|p1a: Calyrex|86/100\n|-enditem|p1a: Calyrex|Leftovers|[from] move: Knock Off|[of] p2a: \u5e05otto\u5e05\n|move|p2b: \u54c7\u8884\uff08\u72d7\u53eb\u58f0\uff09|Heavy Slam|p1a: Calyrex\n|-supereffective|p1a: Calyrex\n|-damage|p1a: Calyrex|66/100\n|\n|-damage|p2a: \u5e05otto\u5e05|79/100|[from] Leech Seed|[of] p1a: Calyrex\n|-heal|p1a: Calyrex|78/100|[silent]\n|-damage|p2b: \u54c7\u8884\uff08\u72d7\u53eb\u58f0\uff09|75/100|[from] Leech Seed|[of] p1a: Calyrex\n|-heal|p1a: Calyrex|89/100|[silent]\n|upkeep\n|turn|5\n|inactive|swordsdanceurshifu has 30 seconds left.\n|\n|t:|1776165516\n|move|p1b: Iron Hands|Wild Charge|p2a: \u5e05otto\u5e05\n|-crit|p2a: \u5e05otto\u5e05\n|-damage|p2a: \u5e05otto\u5e05|25/100\n|-damage|p1b: Iron Hands|84/100|[from] item: Rocky Helmet|[of] p2a: \u5e05otto\u5e05\n|-damage|p1b: Iron Hands|73/100|[from] Recoil\n|move|p1a: Calyrex|Leech Seed||[still]\n|-fail|p1a: Calyrex\n|move|p2a: \u5e05otto\u5e05|Parting Shot|p1a: Calyrex\n|-unboost|p1a: Calyrex|atk|1\n|-unboost|p1a: Calyrex|spa|1\n|\n|t:|1776165525\n|switch|p2a: \u5636\u9a6c\u51a0\u54e5|Calyrex-Shadow, L50|100/100|[from] Parting Shot\n|-ability|p2a: \u5636\u9a6c\u51a0\u54e5|As One\n|-ability|p2a: \u5636\u9a6c\u51a0\u54e5|Unnerve\n|move|p2b: \u54c7\u8884\uff08\u72d7\u53eb\u58f0\uff09|Body Press|p1a: Calyrex\n|-resisted|p1a: Calyrex\n|-damage|p1a: Calyrex|71/100\n|\n|-damage|p2b: \u54c7\u8884\uff08\u72d7\u53eb\u58f0\uff09|63/100|[from] Leech Seed|[of] p1a: Calyrex\n|-heal|p1a: Calyrex|82/100|[silent]\n|-fieldend|move: Trick Room\n|upkeep\n|turn|6\n|\n|t:|1776165539\n|-end|p1b: Iron Hands|Quark Drive|[silent]\n|switch|p1b: Farigiraf|Farigiraf, L50, F|84/100\n|move|p2a: \u5636\u9a6c\u51a0\u54e5|Astral Barrage|p1b: Farigiraf|[spread] p1a\n|-immune|p1b: Farigiraf\n|-damage|p1a: Calyrex|40/100\n|move|p2b: \u54c7\u8884\uff08\u72d7\u53eb\u58f0\uff09|Body Press|p1a: Calyrex\n|-resisted|p1a: Calyrex\n|-damage|p1a: Calyrex|21/100\n|move|p1a: Calyrex|Trick Room|p1a: Calyrex\n|-fieldstart|move: Trick Room|[of] p1a: Calyrex\n|\n|-damage|p2b: \u54c7\u8884\uff08\u72d7\u53eb\u58f0\uff09|50/100|[from] Leech Seed|[of] p1a: Calyrex\n|-heal|p1a: Calyrex|33/100|[silent]\n|upkeep\n|turn|7\n|inactive|swordsdanceurshifu has 30 seconds left.\n|inactive|swordsdanceurshifu has 20 seconds left.\n|\n|t:|1776165576\n|-terastallize|p2a: \u5636\u9a6c\u51a0\u54e5|Dark\n|move|p2b: \u54c7\u8884\uff08\u72d7\u53eb\u58f0\uff09|Wide Guard|p2b: \u54c7\u8884\uff08\u72d7\u53eb\u58f0\uff09\n|-singleturn|p2b: \u54c7\u8884\uff08\u72d7\u53eb\u58f0\uff09|Wide Guard\n|move|p1a: Calyrex|Leech Seed|p2a: \u5636\u9a6c\u51a0\u54e5\n|-start|p2a: \u5636\u9a6c\u51a0\u54e5|move: Leech Seed\n|move|p1b: Farigiraf|Foul Play|p2a: \u5636\u9a6c\u51a0\u54e5\n|-resisted|p2a: \u5636\u9a6c\u51a0\u54e5\n|-damage|p2a: \u5636\u9a6c\u51a0\u54e5|91/100\n|move|p2a: \u5636\u9a6c\u51a0\u54e5|Astral Barrage|p1b: Farigiraf|[spread] p1a\n|-immune|p1b: Farigiraf\n|-damage|p1a: Calyrex|0 fnt\n|faint|p1a: Calyrex\n|-ability|p2a: \u5636\u9a6c\u51a0\u54e5|Grim Neigh|boost\n|-boost|p2a: \u5636\u9a6c\u51a0\u54e5|spa|1\n|\n|upkeep\n|\n|t:|1776165588\n|switch|p1a: Iron Hands|Iron Hands, L50|73/100\n|turn|8\n|\n|t:|1776165608\n|switch|p2a: \u5e05otto\u5e05|Incineroar, L50, M|25/100\n|-ability|p2a: \u5e05otto\u5e05|Intimidate|boost\n|-unboost|p1a: Iron Hands|atk|1\n|-unboost|p1b: Farigiraf|atk|1\n|move|p1b: Farigiraf|Helping Hand|p1a: Iron Hands\n|-singleturn|p1a: Iron Hands|Helping Hand|[of] p1b: Farigiraf\n|move|p1a: Iron Hands|Drain Punch|p2a: \u5e05otto\u5e05\n|-supereffective|p2a: \u5e05otto\u5e05\n|-damage|p2a: \u5e05otto\u5e05|0 fnt\n|-heal|p1a: Iron Hands|83/100|[from] drain|[of] p2a: \u5e05otto\u5e05\n|-damage|p1a: Iron Hands|66/100|[from] item: Rocky Helmet|[of] p2a: \u5e05otto\u5e05\n|faint|p2a: \u5e05otto\u5e05\n|move|p2b: \u54c7\u8884\uff08\u72d7\u53eb\u58f0\uff09|Body Press|p1a: Iron Hands\n|-damage|p1a: Iron Hands|18/100\n|\n|-damage|p2b: \u54c7\u8884\uff08\u72d7\u53eb\u58f0\uff09|38/100|[from] Leech Seed|[of] p1a: Iron Hands\n|-heal|p1a: Iron Hands|28/100|[silent]\n|upkeep\n|\n|t:|1776165627\n|switch|p2a: \u6211\u559c\u6b22\u4f60|Ogerpon-Cornerstone, L50, F|100/100\n|turn|9\n|\n|t:|1776165635\n|move|p2a: \u6211\u559c\u6b22\u4f60|Follow Me|p2a: \u6211\u559c\u6b22\u4f60\n|-singleturn|p2a: \u6211\u559c\u6b22\u4f60|move: Follow Me\n|move|p1a: Iron Hands|Low Kick|p2a: \u6211\u559c\u6b22\u4f60\n|-supereffective|p2a: \u6211\u559c\u6b22\u4f60\n|-damage|p2a: \u6211\u559c\u6b22\u4f60|42/100\n|move|p1b: Farigiraf|Foul Play|p2a: \u6211\u559c\u6b22\u4f60\n|-damage|p2a: \u6211\u559c\u6b22\u4f60|2/100\n|move|p2b: \u54c7\u8884\uff08\u72d7\u53eb\u58f0\uff09|Body Press|p1a: Iron Hands\n|-damage|p1a: Iron Hands|0 fnt\n|faint|p1a: Iron Hands\n|-end|p1a: Iron Hands|Quark Drive|[silent]\n|\n|upkeep\n|\n|t:|1776165644\n|switch|p1a: Miraidon|Miraidon, L50|100/100\n|-fieldstart|move: Electric Terrain|[from] ability: Hadron Engine|[of] p1a: Miraidon\n|-enditem|p1b: Farigiraf|Electric Seed\n|-boost|p1b: Farigiraf|def|1|[from] item: Electric Seed\n|turn|10\n|\n|t:|1776165666\n|move|p1b: Farigiraf|Helping Hand|p1a: Miraidon\n|-singleturn|p1a: Miraidon|Helping Hand|[of] p1b: Farigiraf\n|move|p2a: \u6211\u559c\u6b22\u4f60|Spiky Shield|p2a: \u6211\u559c\u6b22\u4f60\n|-singleturn|p2a: \u6211\u559c\u6b22\u4f60|move: Protect\n|move|p1a: Miraidon|Protect|p1a: Miraidon\n|-singleturn|p1a: Miraidon|Protect\n|move|p2b: \u54c7\u8884\uff08\u72d7\u53eb\u58f0\uff09|Body Press|p1a: Miraidon\n|-activate|p1a: Miraidon|move: Protect\n|\n|-damage|p2b: \u54c7\u8884\uff08\u72d7\u53eb\u58f0\uff09|25/100|[from] Leech Seed|[of] p1a: Miraidon\n|-fieldend|move: Trick Room\n|upkeep\n|turn|11\n|\n|t:|1776165682\n|move|p2a: \u6211\u559c\u6b22\u4f60|Follow Me|p2a: \u6211\u559c\u6b22\u4f60\n|-singleturn|p2a: \u6211\u559c\u6b22\u4f60|move: Follow Me\n|move|p1a: Miraidon|Electro Drift|p2a: \u6211\u559c\u6b22\u4f60\n|-resisted|p2a: \u6211\u559c\u6b22\u4f60\n|-damage|p2a: \u6211\u559c\u6b22\u4f60|0 fnt\n|faint|p2a: \u6211\u559c\u6b22\u4f60\n|-damage|p1a: Miraidon|91/100|[from] item: Life Orb\n|move|p2b: \u54c7\u8884\uff08\u72d7\u53eb\u58f0\uff09|Body Press|p1a: Miraidon\n|-damage|p1a: Miraidon|29/100\n|move|p1b: Farigiraf|Trick Room|p1b: Farigiraf\n|-fieldstart|move: Trick Room|[of] p1b: Farigiraf\n|\n|-damage|p2b: \u54c7\u8884\uff08\u72d7\u53eb\u58f0\uff09|13/100|[from] Leech Seed|[of] p1a: Miraidon\n|-heal|p1a: Miraidon|43/100|[silent]\n|upkeep\n|j| dragomndrivevgc\n|\n|t:|1776165693\n|switch|p2a: \u5636\u9a6c\u51a0\u54e5|Calyrex-Shadow, L50, tera:Dark|91/100\n|-ability|p2a: \u5636\u9a6c\u51a0\u54e5|As One\n|-ability|p2a: \u5636\u9a6c\u51a0\u54e5|Unnerve\n|turn|12\n|l| MinatoSeviser\n|\n|t:|1776165705\n|move|p1a: Miraidon|Protect|p1a: Miraidon\n|-singleturn|p1a: Miraidon|Protect\n|move|p1b: Farigiraf|Foul Play|p2b: \u54c7\u8884\uff08\u72d7\u53eb\u58f0\uff09\n|-resisted|p2b: \u54c7\u8884\uff08\u72d7\u53eb\u58f0\uff09\n|-damage|p2b: \u54c7\u8884\uff08\u72d7\u53eb\u58f0\uff09|8/100\n|move|p2b: \u54c7\u8884\uff08\u72d7\u53eb\u58f0\uff09|Body Press|p1a: Miraidon\n|-activate|p1a: Miraidon|move: Protect\n|move|p2a: \u5636\u9a6c\u51a0\u54e5|Astral Barrage|p1b: Farigiraf|[spread] \n|-activate|p1a: Miraidon|move: Protect\n|-immune|p1b: Farigiraf\n|\n|-damage|p2b: \u54c7\u8884\uff08\u72d7\u53eb\u58f0\uff09|0 fnt|[from] Leech Seed|[of] p1a: Miraidon\n|-heal|p1a: Miraidon|51/100|[silent]\n|faint|p2b: \u54c7\u8884\uff08\u72d7\u53eb\u58f0\uff09\n|upkeep\n|turn|13\n|\n|t:|1776165722\n|move|p1b: Farigiraf|Helping Hand|p1a: Miraidon\n|-singleturn|p1a: Miraidon|Helping Hand|[of] p1b: Farigiraf\n|move|p1a: Miraidon|Electro Drift|p2a: \u5636\u9a6c\u51a0\u54e5\n|-damage|p2a: \u5636\u9a6c\u51a0\u54e5|0 fnt\n|faint|p2a: \u5636\u9a6c\u51a0\u54e5\n|-damage|p1a: Miraidon|41/100|[from] item: Life Orb\n|\n|win|swordsdanceurshifu\n|raw|swordsdanceurshifu's rating: 1543 &rarr; <strong>1561</strong><br />(+18 for winning)\n|raw|cxy090506's rating: 1513 &rarr; <strong>1495</strong><br />(-18 for losing)\n","uploadtime":1776165766,"views":43,"formatid":"gen9vgc2026regi","rating":1495,"private":0,"password":null}