{"id":"gen9vgc2026regi-2565457841","format":"[Gen 9] VGC 2026 Reg I","players":["Realfrytki","WrestlingDemon"],"log":"|j|\u2606Realfrytki\n|j|\u2606WrestlingDemon\n|t:|1774277081\n|gametype|doubles\n|player|p1|Realfrytki|veteranf|1555\n|player|p2|WrestlingDemon|hiker-gen4|1499\n|gen|9\n|tier|[Gen 9] VGC 2026 Reg I\n|rated|\n|rule|Species Clause: Limit one of each Pok\u00e9mon\n|rule|Item Clause: Limit 1 of each item\n|clearpoke\n|poke|p1|Terapagos, L50, M|\n|poke|p1|Grimmsnarl, L50, M|\n|poke|p1|Volcarona, L50, M|\n|poke|p1|Miraidon, L50|\n|poke|p1|Iron Hands, L50|\n|poke|p1|Amoonguss, L50, F|\n|poke|p2|Miraidon, L50|\n|poke|p2|Calyrex-Ice, L50|\n|poke|p2|Amoonguss, L50, M|\n|poke|p2|Incineroar, L50, F|\n|poke|p2|Urshifu-*, L50, M|\n|poke|p2|Landorus, L50, M|\n|teampreview|4\n|inactive|Battle timer is ON: inactive players will automatically lose when time's up. (requested by WrestlingDemon)\n|\n|t:|1774277108\n|teamsize|p1|4\n|teamsize|p2|4\n|start\n|switch|p1a: Grimmsnarl|Grimmsnarl, L50, M|100/100\n|switch|p1b: Terapagos|Terapagos, L50, M|100/100\n|switch|p2a: Calyrex|Calyrex-Ice, L50|100/100\n|switch|p2b: Miraidon|Miraidon, L50|100/100\n|-activate|p1b: Terapagos|ability: Tera Shift\n|detailschange|p1b: Terapagos|Terapagos-Terastal, L50, M\n|-heal|p1b: Terapagos|100/100|[silent]\n|-ability|p2a: Calyrex|As One\n|-ability|p2a: Calyrex|Unnerve\n|-fieldstart|move: Electric Terrain|[from] ability: Hadron Engine|[of] p2b: Miraidon\n|turn|1\n|\n|t:|1774277125\n|-terastallize|p1b: Terapagos|Stellar\n|detailschange|p1b: Terapagos|Terapagos-Stellar, L50, M, tera:Stellar\n|-heal|p1b: Terapagos|100/100|[silent]\n|-ability|p1b: Terapagos|Teraform Zero\n|-fieldend|move: Electric Terrain\n|move|p2b: Miraidon|Volt Switch|p1a: Grimmsnarl\n|-damage|p1a: Grimmsnarl|61/100\n|\n|t:|1774277137\n|switch|p2b: Incineroar|Incineroar, L50, F|100/100|[from] Volt Switch\n|-ability|p2b: Incineroar|Intimidate|boost\n|-unboost|p1a: Grimmsnarl|atk|1\n|-unboost|p1b: Terapagos|atk|1\n|move|p1b: Terapagos|Tera Starstorm|p2a: Calyrex|[spread] p2a,p2b\n|-damage|p2a: Calyrex|60/100\n|-damage|p2b: Incineroar|65/100\n|move|p1a: Grimmsnarl|Foul Play|p2a: Calyrex\n|-supereffective|p2a: Calyrex\n|-damage|p2a: Calyrex|0 fnt\n|faint|p2a: Calyrex\n|\n|upkeep\n|\n|t:|1774277148\n|switch|p2a: Miraidon|Miraidon, L50|100/100\n|-fieldstart|move: Electric Terrain|[from] ability: Hadron Engine|[of] p2a: Miraidon\n|turn|2\n|\n|t:|1774277169\n|switch|p1b: Iron Hands|Iron Hands, L50|100/100\n|-activate|p1b: Iron Hands|ability: Quark Drive\n|-start|p1b: Iron Hands|quarkdriveatk\n|-terastallize|p2a: Miraidon|Electric\n|move|p2b: Incineroar|Fake Out|p1b: Iron Hands\n|-damage|p1b: Iron Hands|91/100\n|move|p2a: Miraidon|Electro Drift|p1b: Iron Hands\n|-resisted|p1b: Iron Hands\n|-damage|p1b: Iron Hands|52/100\n|move|p1a: Grimmsnarl|Foul Play|p2a: Miraidon\n|-damage|p2a: Miraidon|78/100\n|\n|upkeep\n|turn|3\n|inactive|Realfrytki has 30 seconds left.\n|l|\u2606Realfrytki\n|inactive|Realfrytki disconnected and has a minute to reconnect!\n|player|p1|\n|inactive|Realfrytki has 20 seconds left.\n|j|\u2606Realfrytki\n|inactive|Realfrytki reconnected and has 20 seconds left.\n|player|p1|Realfrytki|veteranf|\n|inactive|Realfrytki has 15 seconds left.\n|\n|t:|1774277213\n|move|p1a: Grimmsnarl|Fake Tears|p2a: Miraidon\n|-unboost|p2a: Miraidon|spd|2\n|move|p2a: Miraidon|Electro Drift|p1a: Grimmsnarl\n|-crit|p1a: Grimmsnarl\n|-damage|p1a: Grimmsnarl|0 fnt\n|faint|p1a: Grimmsnarl\n|move|p2b: Incineroar|U-turn|p1b: Iron Hands\n|-resisted|p1b: Iron Hands\n|-damage|p1b: Iron Hands|44/100\n|\n|t:|1774277232\n|switch|p2b: Urshifu|Urshifu-Rapid-Strike, L50, M|100/100|[from] U-turn\n|move|p1b: Iron Hands|Low Kick|p2b: Urshifu\n|-damage|p2b: Urshifu|18/100\n|\n|upkeep\n|\n|t:|1774277238\n|switch|p1a: Miraidon|Miraidon, L50|100/100\n|-activate|p1a: Miraidon|ability: Hadron Engine\n|turn|4\n|\n|t:|1774277247\n|switch|p2a: Incineroar|Incineroar, L50, F|65/100\n|-ability|p2a: Incineroar|Intimidate|boost\n|-unboost|p1a: Miraidon|atk|1\n|-unboost|p1b: Iron Hands|atk|1\n|move|p2b: Urshifu|Detect|p2b: Urshifu\n|-singleturn|p2b: Urshifu|Protect\n|move|p1a: Miraidon|Draco Meteor|p2a: Incineroar\n|-damage|p2a: Incineroar|0 fnt\n|-unboost|p1a: Miraidon|spa|2\n|faint|p2a: Incineroar\n|-damage|p1a: Miraidon|90/100|[from] item: Life Orb\n|move|p1b: Iron Hands|Brick Break|p2b: Urshifu\n|-activate|p2b: Urshifu|move: Protect\n|\n|upkeep\n|\n|t:|1774277252\n|switch|p2a: Miraidon|Miraidon, L50, tera:Electric|78/100\n|-activate|p2a: Miraidon|ability: Hadron Engine\n|turn|5\n|inactive|WrestlingDemon has 30 seconds left.\n|inactive|WrestlingDemon has 20 seconds left.\n|\n|t:|1774277289\n|move|p2a: Miraidon|Electro Drift|p1a: Miraidon\n|-resisted|p1a: Miraidon\n|-damage|p1a: Miraidon|63/100\n|move|p1a: Miraidon|Electro Drift|p2b: Urshifu\n|-supereffective|p2b: Urshifu\n|-damage|p2b: Urshifu|0 fnt\n|faint|p2b: Urshifu\n|-damage|p1a: Miraidon|53/100|[from] item: Life Orb\n|move|p1b: Iron Hands|Low Kick|p2a: Miraidon\n|-damage|p2a: Miraidon|23/100\n|\n|upkeep\n|turn|6\n|-message|WrestlingDemon forfeited.\n|\n|win|Realfrytki\n|raw|Realfrytki's rating: 1555 &rarr; <strong>1572</strong><br />(+17 for winning)\n|raw|WrestlingDemon's rating: 1499 &rarr; <strong>1482</strong><br />(-17 for losing)\n|l|\u2606WrestlingDemon\n|player|p2|\n|l|\u2606Realfrytki\n|player|p1|\n","uploadtime":1774277488,"views":12,"formatid":"gen9vgc2026regi","rating":1482,"private":0,"password":null}