{"id":"gen9vgc2026regi-2559969560","format":"[Gen 9] VGC 2026 Reg I","players":["sheeshshane925","speedyturtle87"],"log":"|j|\u2606sheeshshane925\n|j|\u2606speedyturtle87\n|t:|1773629870\n|gametype|doubles\n|player|p1|sheeshshane925|chuck|1362\n|player|p2|speedyturtle87|canari|1495\n|gen|9\n|tier|[Gen 9] VGC 2026 Reg I\n|rated|\n|rule|Species Clause: Limit one of each Pok\u00e9mon\n|rule|Item Clause: Limit 1 of each item\n|clearpoke\n|poke|p1|Calyrex-Ice, L50|\n|poke|p1|Miraidon, L50|\n|poke|p1|Farigiraf, L50, F|\n|poke|p1|Iron Hands, L50|\n|poke|p1|Scraggy, L50, M|\n|poke|p1|Iron Bundle, L50|\n|poke|p2|Miraidon, L50|\n|poke|p2|Chi-Yu, L50|\n|poke|p2|Farigiraf, L50, M|\n|poke|p2|Iron Hands, L50|\n|poke|p2|Calyrex-Ice, L50|\n|poke|p2|Urshifu-*, L50, F|\n|teampreview|4\n|inactive|Battle timer is ON: inactive players will automatically lose when time's up. (requested by speedyturtle87)\n|\n|t:|1773629898\n|teamsize|p1|4\n|teamsize|p2|4\n|start\n|switch|p1a: Miraidon|Miraidon, L50, shiny|100/100\n|switch|p1b: Iron Bundle|Iron Bundle, L50|100/100\n|switch|p2a: Iron Hands|Iron Hands, L50, shiny|100/100\n|switch|p2b: Miraidon|Miraidon, L50|100/100\n|-fieldstart|move: Electric Terrain|[from] ability: Hadron Engine|[of] p2b: Miraidon\n|-activate|p1b: Iron Bundle|ability: Quark Drive\n|-start|p1b: Iron Bundle|quarkdrivespe\n|-activate|p2a: Iron Hands|ability: Quark Drive\n|-start|p2a: Iron Hands|quarkdriveatk\n|-activate|p1a: Miraidon|ability: Hadron Engine\n|turn|1\n|\n|t:|1773629905\n|move|p1b: Iron Bundle|Protect|p1b: Iron Bundle\n|-singleturn|p1b: Iron Bundle|Protect\n|move|p1a: Miraidon|Protect|p1a: Miraidon\n|-singleturn|p1a: Miraidon|Protect\n|move|p2a: Iron Hands|Fake Out|p1a: Miraidon\n|-activate|p1a: Miraidon|move: Protect\n|move|p2b: Miraidon|Electro Drift|p1a: Miraidon\n|-activate|p1a: Miraidon|move: Protect\n|\n|upkeep\n|turn|2\n|\n|t:|1773629922\n|move|p1b: Iron Bundle|Encore|p2a: Iron Hands\n|-start|p2a: Iron Hands|Encore\n|move|p2b: Miraidon|Electro Drift|p1a: Miraidon\n|-resisted|p1a: Miraidon\n|-damage|p1a: Miraidon|76/100\n|move|p1a: Miraidon|Dazzling Gleam|p2b: Miraidon|[spread] p2a,p2b\n|-supereffective|p2a: Iron Hands\n|-supereffective|p2b: Miraidon\n|-damage|p2a: Iron Hands|55/100\n|-damage|p2b: Miraidon|23/100\n|-damage|p1a: Miraidon|66/100|[from] item: Life Orb\n|move|p2a: Iron Hands|Fake Out||[still]\n|-hint|Fake Out only works on your first turn out.\n|-fail|p2a: Iron Hands\n|\n|upkeep\n|turn|3\n|\n|t:|1773629935\n|-end|p2a: Iron Hands|Quark Drive|[silent]\n|switch|p2a: Calyrex|Calyrex-Ice, L50|100/100\n|-ability|p2a: Calyrex|As One\n|-ability|p2a: Calyrex|Unnerve\n|move|p1b: Iron Bundle|Icy Wind|p2b: Miraidon|[spread] p2a,p2b\n|-resisted|p2a: Calyrex\n|-supereffective|p2b: Miraidon\n|-damage|p2a: Calyrex|94/100\n|-damage|p2b: Miraidon|0 fnt\n|faint|p2b: Miraidon\n|move|p1a: Miraidon|Dazzling Gleam|p2a: Calyrex\n|-damage|p2a: Calyrex|61/100\n|-damage|p1a: Miraidon|57/100|[from] item: Life Orb\n|\n|upkeep\n|\n|t:|1773629944\n|switch|p2b: Iron Hands|Iron Hands, L50, shiny|55/100\n|-activate|p2b: Iron Hands|ability: Quark Drive\n|-start|p2b: Iron Hands|quarkdriveatk\n|turn|4\n|inactive|sheeshshane925 has 30 seconds left.\n|inactive|sheeshshane925 has 20 seconds left.\n|inactive|sheeshshane925 has 15 seconds left.\n|\n|t:|1773629989\n|-end|p1b: Iron Bundle|Quark Drive|[silent]\n|switch|p1b: Calyrex|Calyrex-Ice, L50|100/100\n|-ability|p1b: Calyrex|As One\n|-ability|p1b: Calyrex|Unnerve\n|switch|p1a: Scraggy|Scraggy, L50, M|100/100\n|-ability|p1a: Scraggy|Intimidate|boost\n|-fail|p2a: Calyrex|unboost|[from] item: Clear Amulet|[of] p2a: Calyrex\n|-unboost|p2b: Iron Hands|atk|1\n|move|p2b: Iron Hands|Fake Out|p1a: Scraggy\n|-damage|p1a: Scraggy|87/100\n|move|p2a: Calyrex|Trick Room|p2a: Calyrex\n|-fieldstart|move: Trick Room|[of] p2a: Calyrex\n|\n|upkeep\n|turn|5\n|\n|t:|1773630005\n|-terastallize|p2b: Iron Hands|Water\n|move|p1a: Scraggy|Coaching|p1b: Calyrex\n|-boost|p1b: Calyrex|atk|1\n|-boost|p1b: Calyrex|def|1\n|move|p1b: Calyrex|High Horsepower|p2b: Iron Hands\n|-damage|p2b: Iron Hands|11/100\n|move|p2b: Iron Hands|Low Kick|p1b: Calyrex\n|-damage|p1b: Calyrex|74/100\n|move|p2a: Calyrex|Glacial Lance|p1a: Scraggy|[spread] p1a,p1b\n|-resisted|p1b: Calyrex\n|-damage|p1a: Scraggy|36/100\n|-damage|p1b: Calyrex|62/100\n|\n|-fieldend|move: Electric Terrain\n|-end|p2b: Iron Hands|Quark Drive\n|upkeep\n|turn|6\n|\n|t:|1773630020\n|-end|p2b: Iron Hands|Quark Drive|[silent]\n|switch|p2b: Farigiraf|Farigiraf, L50, M, shiny|100/100\n|move|p1a: Scraggy|Endeavor|p2a: Calyrex\n|-damage|p2a: Calyrex|23/100\n|move|p1b: Calyrex|Glacial Lance|p2a: Calyrex|[spread] p2a,p2b\n|-resisted|p2a: Calyrex\n|-damage|p2a: Calyrex|0 fnt\n|-damage|p2b: Farigiraf|20/100\n|faint|p2a: Calyrex\n|-ability|p1b: Calyrex|Chilling Neigh|boost\n|-boost|p1b: Calyrex|atk|1\n|\n|upkeep\n|-message|speedyturtle87 forfeited.\n|\n|win|sheeshshane925\n|raw|sheeshshane925's rating: 1362 &rarr; <strong>1389</strong><br />(+27 for winning)\n|raw|speedyturtle87's rating: 1495 &rarr; <strong>1468</strong><br />(-27 for losing)\n|l|\u2606sheeshshane925\n|player|p1|\n|l|\u2606speedyturtle87\n|player|p2|\n","uploadtime":1773630235,"views":12,"formatid":"gen9vgc2026regi","rating":1389,"private":0,"password":null}