{"id":"gen9vgc2026regi-2546697498","format":"[Gen 9] VGC 2026 Reg I","players":["ryo8989","abc'svgc"],"log":"|j|\u2606ryo8989\n|j|\u2606abc'svgc\n|t:|1771995708\n|gametype|doubles\n|player|p1|ryo8989|erika|1372\n|player|p2|abc'svgc|cyclist-gen4|1347\n|gen|9\n|tier|[Gen 9] VGC 2026 Reg I\n|rated|\n|rule|Species Clause: Limit one of each Pok\u00e9mon\n|rule|Item Clause: Limit 1 of each item\n|clearpoke\n|poke|p1|Calyrex-Ice, L50|\n|poke|p1|Miraidon, L50|\n|poke|p1|Incineroar, L50, F|\n|poke|p1|Farigiraf, L50, F|\n|poke|p1|Urshifu-*, L50, F|\n|poke|p1|Whimsicott, L50, F|\n|poke|p2|Zamazenta-*, L50|\n|poke|p2|Chien-Pao, L50|\n|poke|p2|Lunala, L50|\n|poke|p2|Incineroar, L50, M|\n|poke|p2|Rillaboom, L50, F|\n|poke|p2|Ogerpon-Wellspring, L50, F|\n|teampreview|4\n|inactive|Battle timer is ON: inactive players will automatically lose when time's up. (requested by abc'svgc)\n|\n|t:|1771995747\n|teamsize|p1|4\n|teamsize|p2|4\n|start\n|switch|p1a: Miraidon|Miraidon, L50|100/100\n|switch|p1b: Calyrex|Calyrex-Ice, L50|100/100\n|switch|p2a: The Swordback|Chien-Pao, L50, shiny|100/100\n|switch|p2b: The Arnour|Zamazenta-Crowned, L50|100/100\n|-ability|p1b: Calyrex|As One\n|-ability|p1b: Calyrex|Unnerve\n|-ability|p2a: The Swordback|Sword of Ruin\n|-ability|p2b: The Arnour|Dauntless Shield|boost\n|-boost|p2b: The Arnour|def|1\n|-fieldstart|move: Electric Terrain|[from] ability: Hadron Engine|[of] p1a: Miraidon\n|turn|1\n|inactive|ryo8989 has 30 seconds left.\n|inactive|abc'svgc has 30 seconds left.\n|inactive|ryo8989 has 20 seconds left.\n|\n|t:|1771995785\n|-terastallize|p1a: Miraidon|Electric\n|move|p2b: The Arnour|Protect|p2b: The Arnour\n|-singleturn|p2b: The Arnour|Protect\n|move|p2a: The Swordback|Ice Spinner|p1a: Miraidon\n|-damage|p1a: Miraidon|52/100\n|-fieldend|move: Electric Terrain\n|move|p1a: Miraidon|Electro Drift|p2b: The Arnour\n|-activate|p2b: The Arnour|move: Protect\n|move|p1b: Calyrex|Glacial Lance|p2b: The Arnour|[spread] p2a\n|-activate|p2b: The Arnour|move: Protect\n|-resisted|p2a: The Swordback\n|-damage|p2a: The Swordback|63/100\n|\n|upkeep\n|turn|2\n|\n|t:|1771995806\n|-terastallize|p2b: The Arnour|Electric\n|move|p2a: The Swordback|Throat Chop|p1b: Calyrex\n|-supereffective|p1b: Calyrex\n|-damage|p1b: Calyrex|40/100\n|-start|p1b: Calyrex|Throat Chop|[silent]\n|move|p2b: The Arnour|Behemoth Bash|p1b: Calyrex\n|-supereffective|p1b: Calyrex\n|-damage|p1b: Calyrex|0 fnt\n|faint|p1b: Calyrex\n|move|p1a: Miraidon|Volt Switch|p2a: The Swordback\n|-damage|p2a: The Swordback|0 fnt\n|faint|p2a: The Swordback\n|\n|t:|1771995820\n|switch|p1a: Farigiraf|Farigiraf, L50, F|100/100|[from] Volt Switch\n|\n|upkeep\n|\n|t:|1771995828\n|switch|p2a: The Accomplice|Lunala, L50, shiny|100/100\n|switch|p1b: Miraidon|Miraidon, L50, tera:Electric|52/100\n|-fieldstart|move: Electric Terrain|[from] ability: Hadron Engine|[of] p1b: Miraidon\n|-enditem|p1a: Farigiraf|Electric Seed\n|-boost|p1a: Farigiraf|def|1|[from] item: Electric Seed\n|turn|3\n|\n|t:|1771995845\n|switch|p2a: The Knight|Rillaboom, L50, F|100/100\n|-fieldstart|move: Grassy Terrain|[from] ability: Grassy Surge|[of] p2a: The Knight\n|move|p1b: Miraidon|Protect|p1b: Miraidon\n|-singleturn|p1b: Miraidon|Protect\n|move|p2b: The Arnour|Body Press|p1b: Miraidon\n|-activate|p1b: Miraidon|move: Protect\n|move|p1a: Farigiraf|Roar|p2b: The Arnour\n|drag|p2b: The Accomplice|Lunala, L50, shiny|100/100\n|\n|-heal|p1b: Miraidon|58/100|[from] Grassy Terrain\n|upkeep\n|turn|4\n|inactive|ryo8989 has 30 seconds left.\n|\n|t:|1771995874\n|move|p1b: Miraidon|Volt Switch|p2b: The Accomplice\n|-damage|p2b: The Accomplice|78/100\n|\n|t:|1771995878\n|switch|p1b: Urshifu|Urshifu-Rapid-Strike, L50, F|100/100|[from] Volt Switch\n|move|p2b: The Accomplice|Meteor Beam||[still]\n|-prepare|p2b: The Accomplice|Meteor Beam\n|-boost|p2b: The Accomplice|spa|1\n|-enditem|p2b: The Accomplice|Power Herb\n|-anim|p2b: The Accomplice|Meteor Beam|p1a: Farigiraf\n|-damage|p1a: Farigiraf|30/100\n|move|p2a: The Knight|High Horsepower|p1b: Urshifu\n|-damage|p1b: Urshifu|72/100\n|move|p1a: Farigiraf|Psychic|p1b: Urshifu\n|-supereffective|p1b: Urshifu\n|-damage|p1b: Urshifu|1/100\n|\n|-heal|p1b: Urshifu|7/100|[from] Grassy Terrain\n|-heal|p2b: The Accomplice|84/100|[from] Grassy Terrain\n|-heal|p1a: Farigiraf|36/100|[from] Grassy Terrain\n|upkeep\n|turn|5\n|inactive|abc'svgc has 30 seconds left.\n|\n|t:|1771995910\n|move|p1b: Urshifu|Surging Strikes|p2b: The Accomplice\n|-crit|p2b: The Accomplice\n|-damage|p2b: The Accomplice|59/100\n|-crit|p2b: The Accomplice\n|-damage|p2b: The Accomplice|35/100\n|-crit|p2b: The Accomplice\n|-damage|p2b: The Accomplice|11/100\n|-hitcount|p2b: The Accomplice|3\n|move|p2b: The Accomplice|Moonblast|p1a: Farigiraf\n|-crit|p1a: Farigiraf\n|-damage|p1a: Farigiraf|0 fnt\n|faint|p1a: Farigiraf\n|move|p2a: The Knight|Wood Hammer|p1b: Urshifu\n|-supereffective|p1b: Urshifu\n|-damage|p1b: Urshifu|0 fnt\n|faint|p1b: Urshifu\n|-damage|p2a: The Knight|99/100|[from] Recoil\n|\n|-heal|p2b: The Accomplice|17/100|[from] Grassy Terrain\n|-heal|p2a: The Knight|100/100|[from] Grassy Terrain\n|upkeep\n|-message|ryo8989 forfeited.\n|\n|win|abc'svgc\n|raw|ryo8989's rating: 1372 &rarr; <strong>1351</strong><br />(-21 for losing)\n|raw|abc&apos;svgc's rating: 1347 &rarr; <strong>1368</strong><br />(+21 for winning)\n|l|\u2606ryo8989\n|player|p1|\n|l|\u2606abc'svgc\n|player|p2|\n","uploadtime":1771996162,"views":12,"formatid":"gen9vgc2026regi","rating":1351,"private":0,"password":null}