{"id":"gen9vgc2026regi-2561117784","format":"[Gen 9] VGC 2026 Reg I","players":["whytaylorissocold","comfy n ez 2 wear"],"log":"|j|\u2606whytaylorissocold\n|j|\u2606comfy n ez 2 wear\n|html|<table width=\"100%\"><tr><td align=\"left\">whytaylorissocold</td><td align=\"right\">comfy n ez 2 wear</tr><tr><td align=\"left\"><i class=\"fa fa-circle-o\"></i> <i class=\"fa fa-circle-o\"></i> </td><td align=\"right\"><i class=\"fa fa-circle-o\"></i> <i class=\"fa fa-circle\"></i> </tr></table>\n|uhtml|bestof|<h2><strong>Game 2</strong> of <a href=\"/game-bestof3-gen9vgc2026regi-2561115092\">a best-of-3</a></h2>\n|t:|1773766150\n|gametype|doubles\n|player|p1|whytaylorissocold|ghetsis-gen5bw|\n|player|p2|comfy n ez 2 wear|265|\n|gen|9\n|tier|[Gen 9] VGC 2026 Reg I\n|rated|Tournament battle\n|rule|Species Clause: Limit one of each Pok\u00e9mon\n|rule|Item Clause: Limit 1 of each item\n|raw|<div class=\"infobox\"><details class=\"readmore\" open><summary><strong>4 custom rules:</strong></summary> Open Team Sheets, Force Open Team Sheets, !Open Team Sheets, Best of = 3</details></div>\n|clearpoke\n|poke|p1|Zamazenta-*, L50|\n|poke|p1|Calyrex-Shadow, L50|\n|poke|p1|Raging Bolt, L50|\n|poke|p1|Chien-Pao, L50|\n|poke|p1|Amoonguss, L50, M|\n|poke|p1|Urshifu-*, L50, M|\n|poke|p2|Ogerpon, L50, F|\n|poke|p2|Miraidon, L50|\n|poke|p2|Farigiraf, L50, M|\n|poke|p2|Groudon, L50|\n|poke|p2|Flutter Mane, L50|\n|poke|p2|Iron Hands, L50|\n|teampreview|4\n|showteam|p1|Zamazenta-Crowned||RustedShield|DauntlessShield|BodyPress,behemothbash,WideGuard,Protect||||||50|,,,,,Dragon]Calyrex-Shadow||FocusSash|AsOneSpectrier|AstralBarrage,Psychic,Encore,Protect||||||50|,,,,,Ghost]Raging Bolt||AssaultVest|Protosynthesis|Thunderclap,Electroweb,Snarl,DracoMeteor||||||50|,,,,,Fairy]Chien-Pao||LifeOrb|SwordofRuin|IceSpinner,SuckerPunch,ThroatChop,Protect||||||50|,,,,,Stellar]Amoonguss||RockyHelmet|Regenerator|SludgeBomb,Spore,RagePowder,Protect|||M|||50|,,,,,Water]Urshifu-Rapid-Strike||ChoiceScarf|UnseenFist|SurgingStrikes,CloseCombat,AquaJet,Uturn|||M|||50|,,,,,Water\n|showteam|p2|Ogerpon||LoadedDice|Defiant|BulletSeed,RockTomb,FollowMe,SpikyShield|||F|||50|,,,,,Grass]Miraidon||CovertCloak|HadronEngine|ParabolicCharge,DragonPulse,CalmMind,Protect||||||50|,,,,,Electric]Farigiraf||ElectricSeed|ArmorTail|FoulPlay,Psychic,HelpingHand,TrickRoom|||M|||50|,,,,,Water]Groudon||ClearAmulet|Drought|PrecipiceBlades,FirePunch,HighHorsepower,Protect||||||50|,,,,,Fire]Flutter Mane||FocusSash|Protosynthesis|Moonblast,IcyWind,Taunt,Protect||||||50|,,,,,Fairy]Iron Hands||AssaultVest|QuarkDrive|DrainPunch,LowKick,WildCharge,FakeOut||||||50|,,,,,Water\n|inactive|Battle timer is ON: inactive players will automatically lose when time's up. (requested by whytaylorissocold)\n|\n|t:|1773766187\n|teamsize|p1|4\n|teamsize|p2|4\n|start\n|switch|p1a: Calyrex|Calyrex-Shadow, L50|100/100\n|switch|p1b: Amoonguss|Amoonguss, L50, M|100/100\n|switch|p2a: Ogerpon|Ogerpon, L50, F|100/100\n|switch|p2b: Miraidon|Miraidon, L50|100/100\n|-ability|p1a: Calyrex|As One\n|-ability|p1a: Calyrex|Unnerve\n|-fieldstart|move: Electric Terrain|[from] ability: Hadron Engine|[of] p2b: Miraidon\n|turn|1\n|\n|t:|1773766198\n|move|p1a: Calyrex|Protect|p1a: Calyrex\n|-singleturn|p1a: Calyrex|Protect\n|move|p2a: Ogerpon|Spiky Shield|p2a: Ogerpon\n|-singleturn|p2a: Ogerpon|move: Protect\n|move|p2b: Miraidon|Calm Mind|p2b: Miraidon\n|-boost|p2b: Miraidon|spa|1\n|-boost|p2b: Miraidon|spd|1\n|move|p1b: Amoonguss|Sludge Bomb|p2a: Ogerpon\n|-activate|p2a: Ogerpon|move: Protect\n|\n|upkeep\n|turn|2\n|\n|t:|1773766219\n|-terastallize|p2a: Ogerpon|Grass\n|detailschange|p2a: Ogerpon|Ogerpon-Teal-Tera, L50, F, tera:Grass\n|-ability|p2a: Ogerpon|Embody Aspect (Teal)|boost\n|-boost|p2a: Ogerpon|spe|1\n|move|p2a: Ogerpon|Rock Tomb|p1a: Calyrex\n|-damage|p1a: Calyrex|77/100\n|-unboost|p1a: Calyrex|spe|1\n|move|p2b: Miraidon|Parabolic Charge|p1a: Calyrex|[spread] p2a,p1a,p1b\n|-resisted|p2a: Ogerpon\n|-resisted|p1b: Amoonguss\n|-damage|p2a: Ogerpon|63/100\n|-damage|p1a: Calyrex|14/100\n|-damage|p1b: Amoonguss|72/100\n|move|p1a: Calyrex|Encore|p2b: Miraidon\n|-start|p2b: Miraidon|Encore\n|move|p1b: Amoonguss|Sludge Bomb|p2a: Ogerpon\n|-supereffective|p2a: Ogerpon\n|-damage|p2a: Ogerpon|2/100\n|\n|upkeep\n|turn|3\n|inactive|comfy n ez 2 wear has 30 seconds left.\n|\n|t:|1773766252\n|switch|p2a: Groudon|Groudon, L50|100/100\n|-weather|SunnyDay|[from] ability: Drought|[of] p2a: Groudon\n|switch|p1a: Raging Bolt|Raging Bolt, L50|100/100\n|-activate|p1a: Raging Bolt|ability: Protosynthesis\n|-start|p1a: Raging Bolt|protosynthesisspa\n|move|p2b: Miraidon|Parabolic Charge|p1a: Raging Bolt|[spread] p1a,p1b\n|-immune|p2a: Groudon\n|-resisted|p1a: Raging Bolt\n|-resisted|p1b: Amoonguss\n|-damage|p1a: Raging Bolt|91/100\n|-damage|p1b: Amoonguss|45/100\n|move|p1b: Amoonguss|Sludge Bomb|p2b: Miraidon\n|-damage|p2b: Miraidon|84/100\n|\n|-weather|SunnyDay|[upkeep]\n|upkeep\n|turn|4\n|inactive|whytaylorissocold has 30 seconds left.\n|inactive|whytaylorissocold has 20 seconds left.\n|\n|t:|1773766288\n|-terastallize|p1a: Raging Bolt|Fairy\n|move|p2b: Miraidon|Parabolic Charge|p1a: Raging Bolt|[spread] p1a,p1b\n|-immune|p2a: Groudon\n|-resisted|p1b: Amoonguss\n|-damage|p1a: Raging Bolt|56/100\n|-heal|p2b: Miraidon|100/100|[from] drain|[of] p1a: Raging Bolt\n|-damage|p1b: Amoonguss|15/100\n|move|p2a: Groudon|Precipice Blades|p1b: Amoonguss|[spread] p1a\n|-miss|p2a: Groudon|p1b: Amoonguss\n|-damage|p1a: Raging Bolt|14/100\n|move|p1a: Raging Bolt|Draco Meteor|p2b: Miraidon\n|-supereffective|p2b: Miraidon\n|-damage|p2b: Miraidon|0 fnt\n|-unboost|p1a: Raging Bolt|spa|2\n|faint|p2b: Miraidon\n|move|p1b: Amoonguss|Sludge Bomb|p2a: Groudon\n|-resisted|p2a: Groudon\n|-damage|p2a: Groudon|89/100\n|-status|p2a: Groudon|psn\n|\n|-weather|SunnyDay|[upkeep]\n|-damage|p2a: Groudon|76/100 psn|[from] psn\n|upkeep\n|inactive|comfy n ez 2 wear has 30 seconds left.\n|\n|t:|1773766315\n|switch|p2b: Ogerpon|Ogerpon-Teal-Tera, L50, F, tera:Grass|2/100\n|-ability|p2b: Ogerpon|Embody Aspect (Teal)|boost\n|-boost|p2b: Ogerpon|spe|1\n|turn|5\n|inactive|whytaylorissocold has 30 seconds left.\n|inactive|whytaylorissocold has 20 seconds left.\n|\n|t:|1773766352\n|move|p1b: Amoonguss|Protect|p1b: Amoonguss\n|-singleturn|p1b: Amoonguss|Protect\n|move|p2b: Ogerpon|Follow Me|p2b: Ogerpon\n|-singleturn|p2b: Ogerpon|move: Follow Me\n|move|p2a: Groudon|Precipice Blades|p1b: Amoonguss|[spread] p1a\n|-activate|p1b: Amoonguss|move: Protect\n|-damage|p1a: Raging Bolt|0 fnt\n|faint|p1a: Raging Bolt\n|-end|p1a: Raging Bolt|Protosynthesis|[silent]\n|\n|-weather|SunnyDay|[upkeep]\n|-damage|p2a: Groudon|64/100 psn|[from] psn\n|-fieldend|move: Electric Terrain\n|upkeep\n|\n|t:|1773766359\n|switch|p1a: Chien-Pao|Chien-Pao, L50|100/100\n|-ability|p1a: Chien-Pao|Sword of Ruin\n|turn|6\n|inactive|comfy n ez 2 wear has 30 seconds left.\n|inactive|comfy n ez 2 wear has 20 seconds left.\n|\n|t:|1773766394\n|move|p2b: Ogerpon|Follow Me|p2b: Ogerpon\n|-singleturn|p2b: Ogerpon|move: Follow Me\n|move|p1a: Chien-Pao|Sucker Punch||[still]\n|-fail|p1a: Chien-Pao\n|move|p2a: Groudon|Precipice Blades|p1b: Amoonguss|[spread] p1a,p1b\n|-damage|p1a: Chien-Pao|25/100\n|-damage|p1b: Amoonguss|0 fnt\n|faint|p1b: Amoonguss\n|\n|-weather|SunnyDay|[upkeep]\n|-damage|p2a: Groudon|52/100 psn|[from] psn\n|upkeep\n|\n|t:|1773766401\n|switch|p1b: Calyrex|Calyrex-Shadow, L50|14/100\n|-ability|p1b: Calyrex|As One\n|-ability|p1b: Calyrex|Unnerve\n|turn|7\n|\n|t:|1773766424\n|switch|p2a: Flutter Mane|Flutter Mane, L50|100/100\n|-activate|p2a: Flutter Mane|ability: Protosynthesis\n|-start|p2a: Flutter Mane|protosynthesisspe\n|move|p2b: Ogerpon|Spiky Shield|p2b: Ogerpon\n|-singleturn|p2b: Ogerpon|move: Protect\n|move|p1a: Chien-Pao|Sucker Punch||[still]\n|-fail|p1a: Chien-Pao\n|move|p1b: Calyrex|Astral Barrage|p2a: Flutter Mane|[spread] p2a\n|-activate|p2b: Ogerpon|move: Protect\n|-supereffective|p2a: Flutter Mane\n|-enditem|p2a: Flutter Mane|Focus Sash\n|-damage|p2a: Flutter Mane|1/100\n|\n|-weather|none\n|-end|p2a: Flutter Mane|Protosynthesis\n|upkeep\n|turn|8\n|inactive|whytaylorissocold has 30 seconds left.\n|\n|t:|1773766451\n|switch|p2b: Groudon|Groudon, L50|52/100 psn\n|-weather|SunnyDay|[from] ability: Drought|[of] p2b: Groudon\n|-activate|p2a: Flutter Mane|ability: Protosynthesis\n|-start|p2a: Flutter Mane|protosynthesisspe\n|move|p1b: Calyrex|Protect|p1b: Calyrex\n|-singleturn|p1b: Calyrex|Protect\n|move|p1a: Chien-Pao|Sucker Punch|p2a: Flutter Mane\n|-damage|p2a: Flutter Mane|0 fnt\n|faint|p2a: Flutter Mane\n|-end|p2a: Flutter Mane|Protosynthesis|[silent]\n|-damage|p1a: Chien-Pao|15/100|[from] item: Life Orb\n|\n|-weather|SunnyDay|[upkeep]\n|-damage|p2b: Groudon|40/100 psn|[from] psn\n|upkeep\n|\n|t:|1773766457\n|switch|p2a: Ogerpon|Ogerpon-Teal-Tera, L50, F, tera:Grass|2/100\n|-ability|p2a: Ogerpon|Embody Aspect (Teal)|boost\n|-boost|p2a: Ogerpon|spe|1\n|turn|9\n|j| yuirs gsb\n|\n|t:|1773766468\n|move|p2a: Ogerpon|Follow Me|p2a: Ogerpon\n|-singleturn|p2a: Ogerpon|move: Follow Me\n|move|p1a: Chien-Pao|Sucker Punch||[still]\n|-fail|p1a: Chien-Pao\n|move|p1b: Calyrex|Astral Barrage|p2b: Groudon|[spread] p2a,p2b\n|-damage|p2a: Ogerpon|0 fnt\n|-damage|p2b: Groudon|0 fnt\n|faint|p2a: Ogerpon\n|detailschange|p2: Ogerpon|Ogerpon, L50, F|[silent]\n|faint|p2b: Groudon\n|\n|win|whytaylorissocold\n","uploadtime":1773766468,"views":10,"formatid":"gen9vgc2026regi","rating":null,"private":0,"password":null}