{"id":"gen9vgc2026regi-2530044560","format":"[Gen 9] VGC 2026 Reg I","players":["Wuyyy","Schimmli"],"log":"|j|\u2606Wuyyy\n|j|\u2606Schimmli\n|t:|1769868678\n|gametype|doubles\n|player|p1|Wuyyy|169|1420\n|player|p2|Schimmli|101|1402\n|gen|9\n|tier|[Gen 9] VGC 2026 Reg I\n|rated|\n|rule|Species Clause: Limit one of each Pok\u00e9mon\n|rule|Item Clause: Limit 1 of each item\n|clearpoke\n|poke|p1|Ambipom, L50, M|\n|poke|p1|Miraidon, L50|\n|poke|p1|Zamazenta-*, L50|\n|poke|p1|Dragonite, L50, M|\n|poke|p1|Chien-Pao, L50|\n|poke|p1|Whimsicott, L50, M|\n|poke|p2|Terapagos, L50, M|\n|poke|p2|Calyrex-Shadow, L50|\n|poke|p2|Flutter Mane, L50|\n|poke|p2|Ogerpon-Cornerstone, L50, F|\n|poke|p2|Incineroar, L50, M|\n|poke|p2|Rillaboom, L50, F|\n|teampreview|4\n|inactive|Battle timer is ON: inactive players will automatically lose when time's up. (requested by Wuyyy)\n|inactive|Wuyyy has 60 seconds left.\n|inactive|Schimmli has 60 seconds left.\n|\n|t:|1769868715\n|teamsize|p1|4\n|teamsize|p2|4\n|start\n|switch|p1a: Ambipom|Ambipom, L50, M|100/100\n|switch|p1b: Chien-Pao|Chien-Pao, L50|100/100\n|switch|p2a: Terapagos|Terapagos, L50, M|100/100\n|switch|p2b: Rillaboom|Rillaboom, L50, F|100/100\n|-activate|p2a: Terapagos|ability: Tera Shift\n|detailschange|p2a: Terapagos|Terapagos-Terastal, L50, M\n|-heal|p2a: Terapagos|100/100|[silent]\n|-ability|p1b: Chien-Pao|Sword of Ruin\n|-fieldstart|move: Grassy Terrain|[from] ability: Grassy Surge|[of] p2b: Rillaboom\n|turn|1\n|\n|t:|1769868729\n|switch|p2b: Incineroar|Incineroar, L50, M, shiny|100/100\n|-ability|p2b: Incineroar|Intimidate|boost\n|-unboost|p1a: Ambipom|atk|1\n|-unboost|p1b: Chien-Pao|atk|1\n|move|p2a: Terapagos|Protect|p2a: Terapagos\n|-singleturn|p2a: Terapagos|Protect\n|move|p1a: Ambipom|Fake Out|p2b: Incineroar\n|-damage|p2b: Incineroar|77/100\n|-damage|p1a: Ambipom|84/100|[from] item: Rocky Helmet|[of] p2b: Incineroar\n|-damage|p1a: Ambipom|74/100|[from] item: Life Orb\n|move|p1b: Chien-Pao|Ice Spinner|p2b: Incineroar\n|-resisted|p2b: Incineroar\n|-damage|p2b: Incineroar|63/100\n|-damage|p1b: Chien-Pao|84/100|[from] item: Rocky Helmet|[of] p2b: Incineroar\n|-fieldend|move: Grassy Terrain\n|\n|upkeep\n|turn|2\n|inactive|Wuyyy has 30 seconds left.\n|inactive|Wuyyy has 20 seconds left.\n|\n|t:|1769868765\n|switch|p1a: Zamazenta|Zamazenta-Crowned, L50|100/100\n|-ability|p1a: Zamazenta|Dauntless Shield|boost\n|-boost|p1a: Zamazenta|def|1\n|move|p2b: Incineroar|Fake Out|p1a: Zamazenta\n|-resisted|p1a: Zamazenta\n|-damage|p1a: Zamazenta|98/100\n|move|p1b: Chien-Pao|Ruination|p2a: Terapagos\n|-damage|p2a: Terapagos|50/100\n|move|p2a: Terapagos|Calm Mind|p2a: Terapagos\n|-boost|p2a: Terapagos|spa|1\n|-boost|p2a: Terapagos|spd|1\n|\n|-heal|p2a: Terapagos|57/100|[from] item: Leftovers\n|upkeep\n|turn|3\n|inactive|Wuyyy has 30 seconds left.\n|inactive|Schimmli has 30 seconds left.\n|\n|t:|1769868795\n|switch|p1b: Ambipom|Ambipom, L50, M|74/100\n|move|p2a: Terapagos|Protect|p2a: Terapagos\n|-singleturn|p2a: Terapagos|Protect\n|move|p1a: Zamazenta|Body Press|p2b: Incineroar\n|-supereffective|p2b: Incineroar\n|-damage|p2b: Incineroar|0 fnt\n|-damage|p1a: Zamazenta|82/100|[from] item: Rocky Helmet|[of] p2b: Incineroar\n|faint|p2b: Incineroar\n|\n|-heal|p2a: Terapagos|63/100|[from] item: Leftovers\n|upkeep\n|\n|t:|1769868803\n|switch|p2b: Calyrex|Calyrex-Shadow, L50|100/100\n|-ability|p2b: Calyrex|As One\n|-ability|p2b: Calyrex|Unnerve\n|turn|4\n|inactive|Wuyyy has 30 seconds left.\n|inactive|Wuyyy has 20 seconds left.\n|inactive|Wuyyy has 15 seconds left.\n|\n|t:|1769868844\n|-terastallize|p1b: Ambipom|Stellar\n|-terastallize|p2a: Terapagos|Stellar\n|detailschange|p2a: Terapagos|Terapagos-Stellar, L50, M, tera:Stellar\n|-heal|p2a: Terapagos|72/100|[silent]\n|move|p1a: Zamazenta|Protect|p1a: Zamazenta\n|-singleturn|p1a: Zamazenta|Protect\n|move|p2b: Calyrex|Will-O-Wisp|p1a: Zamazenta\n|-activate|p1a: Zamazenta|move: Protect\n|move|p1b: Ambipom|Beat Up|p2b: Calyrex\n|-supereffective|p2b: Calyrex\n|-damage|p2b: Calyrex|35/100\n|-supereffective|p2b: Calyrex\n|-damage|p2b: Calyrex|0 fnt\n|faint|p2b: Calyrex\n|-hitcount|p2: Calyrex|2\n|-damage|p1b: Ambipom|64/100|[from] item: Life Orb\n|move|p2a: Terapagos|Earth Power|p1a: Zamazenta\n|-activate|p1a: Zamazenta|move: Protect\n|\n|-heal|p2a: Terapagos|79/100|[from] item: Leftovers\n|upkeep\n|\n|t:|1769868861\n|switch|p2b: Rillaboom|Rillaboom, L50, F|100/100\n|-fieldstart|move: Grassy Terrain|[from] ability: Grassy Surge|[of] p2b: Rillaboom\n|turn|5\n|inactive|Wuyyy has 30 seconds left.\n|\n|t:|1769868887\n|switch|p1a: Chien-Pao|Chien-Pao, L50|84/100\n|-ability|p1a: Chien-Pao|Sword of Ruin\n|move|p2b: Rillaboom|Fake Out|p1a: Chien-Pao\n|-damage|p1a: Chien-Pao|67/100\n|move|p1b: Ambipom|Double Hit|p2a: Terapagos\n|-damage|p2a: Terapagos|46/100\n|-damage|p2a: Terapagos|18/100\n|-hitcount|p2a: Terapagos|2\n|-damage|p1b: Ambipom|54/100|[from] item: Life Orb\n|move|p2a: Terapagos|Earth Power|p1a: Chien-Pao\n|-crit|p1a: Chien-Pao\n|-damage|p1a: Chien-Pao|0 fnt\n|faint|p1a: Chien-Pao\n|\n|-heal|p1b: Ambipom|60/100|[from] Grassy Terrain\n|-heal|p2a: Terapagos|24/100|[from] Grassy Terrain\n|-heal|p2a: Terapagos|30/100|[from] item: Leftovers\n|upkeep\n|\n|t:|1769868903\n|switch|p1a: Miraidon|Miraidon, L50|100/100\n|-fieldstart|move: Electric Terrain|[from] ability: Hadron Engine|[of] p1a: Miraidon\n|turn|6\n|\n|t:|1769868913\n|move|p2a: Terapagos|Protect|p2a: Terapagos\n|-singleturn|p2a: Terapagos|Protect\n|move|p1a: Miraidon|Draco Meteor|p2b: Rillaboom\n|-damage|p2b: Rillaboom|14/100\n|-unboost|p1a: Miraidon|spa|2\n|move|p1b: Ambipom|Double Hit|p2a: Terapagos\n|-activate|p2a: Terapagos|move: Protect\n|move|p2b: Rillaboom|Wood Hammer|p1b: Ambipom\n|-damage|p1b: Ambipom|0 fnt\n|faint|p1b: Ambipom\n|-damage|p2b: Rillaboom|0 fnt|[from] Recoil\n|faint|p2b: Rillaboom\n|\n|-heal|p2a: Terapagos|37/100|[from] item: Leftovers\n|upkeep\n|\n|t:|1769868922\n|switch|p1b: Zamazenta|Zamazenta-Crowned, L50|82/100\n|turn|7\n|\n|t:|1769868929\n|move|p1a: Miraidon|Draco Meteor|p2a: Terapagos\n|-damage|p2a: Terapagos|10/100\n|-unboost|p1a: Miraidon|spa|2\n|move|p1b: Zamazenta|Body Press|p2a: Terapagos\n|-supereffective|p2a: Terapagos\n|-damage|p2a: Terapagos|0 fnt\n|faint|p2a: Terapagos\n|detailschange|p2: Terapagos|Terapagos, L50, M|[silent]\n|\n|win|Wuyyy\n|raw|Wuyyy's rating: 1420 &rarr; <strong>1439</strong><br />(+19 for winning)\n|raw|Schimmli's rating: 1402 &rarr; <strong>1383</strong><br />(-19 for losing)\n|l|\u2606Schimmli\n|player|p2|\n|l|\u2606Wuyyy\n|player|p1|\n","uploadtime":1769868936,"views":31,"formatid":"gen9vgc2026regi","rating":1383,"private":0,"password":null}