{"id":"gen9vgc2026regi-2573396023","format":"[Gen 9] VGC 2026 Reg I","players":["avarussurava","Sheevp"],"log":"|j|\u2606avarussurava\n|j|\u2606Sheevp\n|t:|1775132324\n|gametype|doubles\n|player|p1|avarussurava|265|1379\n|player|p2|Sheevp|102|1338\n|gen|9\n|tier|[Gen 9] VGC 2026 Reg I\n|rated|\n|rule|Species Clause: Limit one of each Pok\u00e9mon\n|rule|Item Clause: Limit 1 of each item\n|clearpoke\n|poke|p1|Tyranitar, L50, F|\n|poke|p1|Kyogre, L50|\n|poke|p1|Zamazenta-*, L50|\n|poke|p1|Gastrodon, L50, F|\n|poke|p1|Sinistcha, L50|\n|poke|p1|Ceruledge, L50, M|\n|poke|p2|Incineroar, L50, F|\n|poke|p2|Rillaboom, L50, M|\n|poke|p2|Landorus, L50, M|\n|poke|p2|Smeargle, L50, M|\n|poke|p2|Koraidon, L50|\n|poke|p2|Calyrex-Ice, L50|\n|teampreview|4\n|inactive|Battle timer is ON: inactive players will automatically lose when time's up. (requested by Sheevp)\n|\n|t:|1775132358\n|teamsize|p1|4\n|teamsize|p2|4\n|start\n|switch|p1a: Zamazenta|Zamazenta-Crowned, L50|100/100\n|switch|p1b: Tyranitar|Tyranitar, L50, F|100/100\n|switch|p2a: Smeargle|Smeargle, L50, M|100/100\n|switch|p2b: Rillaboom|Rillaboom, L50, M|100/100\n|-fieldstart|move: Grassy Terrain|[from] ability: Grassy Surge|[of] p2b: Rillaboom\n|-ability|p1a: Zamazenta|Dauntless Shield|boost\n|-boost|p1a: Zamazenta|def|1\n|-weather|Sandstorm|[from] ability: Sand Stream|[of] p1b: Tyranitar\n|turn|1\n|\n|t:|1775132373\n|switch|p2a: Landorus|Landorus, L50, M|100/100\n|move|p2b: Rillaboom|U-turn|p1b: Tyranitar\n|-supereffective|p1b: Tyranitar\n|-damage|p1b: Tyranitar|70/100\n|\n|t:|1775132379\n|switch|p2b: Koraidon|Koraidon, L50|100/100|[from] U-turn\n|-weather|SunnyDay|[from] ability: Orichalcum Pulse|[of] p2b: Koraidon\n|-activate|p2b: Koraidon|Orichalcum Pulse|[source]\n|move|p1a: Zamazenta|Body Press|p2a: Landorus\n|-resisted|p2a: Landorus\n|-damage|p2a: Landorus|65/100\n|move|p1b: Tyranitar|Knock Off|p2a: Landorus\n|-damage|p2a: Landorus|2/100\n|-enditem|p2a: Landorus|Life Orb|[from] move: Knock Off|[of] p1b: Tyranitar\n|\n|-weather|SunnyDay|[upkeep]\n|-heal|p1b: Tyranitar|75/100|[from] Grassy Terrain\n|upkeep\n|turn|2\n|inactive|avarussurava has 30 seconds left.\n|l|\u2606Sheevp\n|inactive|Sheevp disconnected and has a minute to reconnect!\n|player|p2|\n|\n|t:|1775132414\n|switch|p2a: Rillaboom|Rillaboom, L50, M|100/100\n|switch|p1b: Ceruledge|Ceruledge, L50, M|100/100\n|-terastallize|p1a: Zamazenta|Ground\n|move|p2b: Koraidon|Low Kick|p1b: Ceruledge\n|-immune|p1b: Ceruledge\n|move|p1a: Zamazenta|Body Press|p2a: Rillaboom\n|-damage|p2a: Rillaboom|34/100\n|\n|-weather|SunnyDay|[upkeep]\n|-heal|p2a: Rillaboom|40/100|[from] Grassy Terrain\n|upkeep\n|turn|3\n|j|\u2606Sheevp\n|inactive|Sheevp reconnected and has 45 seconds left.\n|player|p2|Sheevp|102|\n|inactive|Sheevp has 30 seconds left.\n|\n|t:|1775132439\n|-terastallize|p2b: Koraidon|Fire\n|move|p2b: Koraidon|Flare Blitz|p1a: Zamazenta\n|-damage|p1a: Zamazenta|42/100\n|-damage|p2b: Koraidon|84/100|[from] Recoil\n|move|p2a: Rillaboom|Wood Hammer|p1a: Zamazenta\n|-supereffective|p1a: Zamazenta\n|-crit|p1a: Zamazenta\n|-damage|p1a: Zamazenta|0 fnt\n|faint|p1a: Zamazenta\n|-damage|p2a: Rillaboom|28/100|[from] Recoil\n|move|p1b: Ceruledge|Bitter Blade|p2a: Rillaboom\n|-supereffective|p2a: Rillaboom\n|-damage|p2a: Rillaboom|0 fnt\n|faint|p2a: Rillaboom\n|\n|-weather|SunnyDay|[upkeep]\n|-heal|p2b: Koraidon|90/100|[from] Grassy Terrain\n|upkeep\n|\n|t:|1775132456\n|switch|p2a: Smeargle|Smeargle, L50, M|100/100\n|switch|p1a: Sinistcha|Sinistcha, L50|100/100\n|turn|4\n|\n|t:|1775132465\n|switch|p1a: Tyranitar|Tyranitar, L50, F|75/100\n|-weather|Sandstorm|[from] ability: Sand Stream|[of] p1a: Tyranitar\n|move|p2b: Koraidon|Flare Blitz|p1a: Tyranitar\n|-resisted|p1a: Tyranitar\n|-damage|p1a: Tyranitar|49/100\n|-damage|p2b: Koraidon|82/100|[from] Recoil\n|move|p2a: Smeargle|Spore|p1b: Ceruledge\n|-activate|p1b: Ceruledge|item: Safety Goggles|Spore\n|move|p1b: Ceruledge|Bitter Blade|p2a: Smeargle\n|-enditem|p2a: Smeargle|Focus Sash\n|-damage|p2a: Smeargle|1/100\n|\n|-weather|Sandstorm|[upkeep]\n|-damage|p2b: Koraidon|76/100|[from] Sandstorm\n|-damage|p2a: Smeargle|0 fnt|[from] Sandstorm\n|faint|p2a: Smeargle\n|-heal|p2b: Koraidon|82/100|[from] Grassy Terrain\n|-heal|p1a: Tyranitar|55/100|[from] Grassy Terrain\n|upkeep\n|\n|t:|1775132478\n|switch|p2a: Landorus|Landorus, L50, M|2/100\n|turn|5\n|\n|t:|1775132487\n|switch|p1a: Sinistcha|Sinistcha, L50|100/100\n|move|p1b: Ceruledge|Shadow Sneak|p2a: Landorus\n|-damage|p2a: Landorus|0 fnt\n|faint|p2a: Landorus\n|move|p2b: Koraidon|Low Kick|p1a: Sinistcha\n|-immune|p1a: Sinistcha\n|\n|-weather|Sandstorm|[upkeep]\n|-damage|p2b: Koraidon|76/100|[from] Sandstorm\n|-damage|p1a: Sinistcha|94/100|[from] Sandstorm\n|-heal|p2b: Koraidon|82/100|[from] Grassy Terrain\n|-heal|p1a: Sinistcha|100/100|[from] Grassy Terrain\n|-fieldend|move: Grassy Terrain\n|upkeep\n|turn|6\n|-message|Sheevp forfeited.\n|\n|win|avarussurava\n|raw|avarussurava's rating: 1379 &rarr; <strong>1397</strong><br />(+18 for winning)\n|raw|Sheevp's rating: 1338 &rarr; <strong>1320</strong><br />(-18 for losing)\n|l|\u2606Sheevp\n|player|p2|\n","uploadtime":1775132499,"views":8,"formatid":"gen9vgc2026regi","rating":1320,"private":0,"password":null}