{"id":"gen9vgc2026regi-2563327609","format":"[Gen 9] VGC 2026 Reg I","players":["Mirthinion","victlary"],"log":"|j|\u2606Mirthinion\n|j|\u203dvictlary\n|t:|1774016697\n|gametype|doubles\n|player|p1|Mirthinion|janitor|1357\n|player|p2|victlary|carmine-festival|1457\n|gen|9\n|tier|[Gen 9] VGC 2026 Reg I\n|rated|\n|rule|Species Clause: Limit one of each Pok\u00e9mon\n|rule|Item Clause: Limit 1 of each item\n|clearpoke\n|poke|p1|Calyrex-Shadow, L50|\n|poke|p1|Zamazenta-*, L50|\n|poke|p1|Urshifu-*, L50, M|\n|poke|p1|Incineroar, L50, M|\n|poke|p1|Rillaboom, L50, M|\n|poke|p1|Tornadus, L50, M|\n|poke|p2|Kyogre, L50|\n|poke|p2|Calyrex-Ice, L50|\n|poke|p2|Rillaboom, L50, M|\n|poke|p2|Farigiraf, L50, F|\n|poke|p2|Urshifu-*, L50, F|\n|poke|p2|Whimsicott, L50, M|\n|teampreview|4\n|inactive|Battle timer is ON: inactive players will automatically lose when time's up. (requested by Mirthinion)\nMirthinion rejected open team sheets.\n|\n|t:|1774016726\n|teamsize|p1|4\n|teamsize|p2|4\n|start\n|switch|p1a: Mithrandir|Calyrex-Shadow, L50|100/100\n|switch|p1b: Beowulf|Urshifu-Rapid-Strike, L50, M|100/100\n|switch|p2a: Whimsicott|Whimsicott, L50, M|100/100\n|switch|p2b: Kyogre|Kyogre, L50|100/100\n|-ability|p1a: Mithrandir|As One\n|-ability|p1a: Mithrandir|Unnerve\n|-weather|RainDance|[from] ability: Drizzle|[of] p2b: Kyogre\n|turn|1\n|\n|t:|1774016748\n|move|p2a: Whimsicott|Tailwind|p2a: Whimsicott\n|-sidestart|p2: victlary|move: Tailwind\n|move|p1b: Beowulf|Aqua Jet|p2a: Whimsicott\n|-resisted|p2a: Whimsicott\n|-damage|p2a: Whimsicott|73/100\n|move|p2b: Kyogre|Water Spout|p1b: Beowulf|[spread] p1a,p1b\n|-resisted|p1b: Beowulf\n|-crit|p1b: Beowulf\n|-enditem|p1a: Mithrandir|Focus Sash\n|-damage|p1a: Mithrandir|1/100\n|-damage|p1b: Beowulf|0 fnt\n|faint|p1b: Beowulf\n|move|p1a: Mithrandir|Astral Barrage|p2b: Kyogre|[spread] p2a,p2b\n|-damage|p2a: Whimsicott|8/100\n|-damage|p2b: Kyogre|70/100\n|\n|-weather|RainDance|[upkeep]\n|upkeep\n|\n|t:|1774016762\n|switch|p1b: Vangwe|Tornadus, L50, M|100/100\n|turn|2\n|\n|t:|1774016772\n|move|p1a: Mithrandir|Protect|p1a: Mithrandir\n|-singleturn|p1a: Mithrandir|Protect\n|move|p2a: Whimsicott|Taunt|p1b: Vangwe\n|-start|p1b: Vangwe|move: Taunt\n|move|p2b: Kyogre|Water Spout|p1b: Vangwe|[spread] p1b\n|-activate|p1a: Mithrandir|move: Protect\n|-damage|p1b: Vangwe|0 fnt\n|faint|p1b: Vangwe\n|\n|-weather|RainDance|[upkeep]\n|upkeep\n|\n|t:|1774016782\n|switch|p1b: Drambor|Zamazenta-Crowned, L50|100/100\n|-ability|p1b: Drambor|Dauntless Shield|boost\n|-boost|p1b: Drambor|def|1\n|turn|3\n|\n|t:|1774016796\n|-terastallize|p1b: Drambor|Grass\n|move|p2a: Whimsicott|Taunt|p1b: Drambor\n|-start|p1b: Drambor|move: Taunt\n|move|p2b: Kyogre|Water Spout|p1b: Drambor|[spread] p1a,p1b\n|-resisted|p1b: Drambor\n|-damage|p1a: Mithrandir|0 fnt\n|-damage|p1b: Drambor|58/100\n|faint|p1a: Mithrandir\n|move|p1b: Drambor|Body Press|p2b: Kyogre\n|-damage|p2b: Kyogre|3/100\n|\n|-weather|RainDance|[upkeep]\n|upkeep\n|turn|4\n|\n|t:|1774016813\n|switch|p2b: Farigiraf|Farigiraf, L50, F|100/100\n|move|p2a: Whimsicott|Moonblast|p1b: Drambor\n|-damage|p1b: Drambor|37/100\n|move|p1b: Drambor|Body Press|p2a: Whimsicott\n|-resisted|p2a: Whimsicott\n|-damage|p2a: Whimsicott|0 fnt\n|faint|p2a: Whimsicott\n|\n|-weather|RainDance|[upkeep]\n|-sideend|p2: victlary|move: Tailwind\n|upkeep\n|\n|t:|1774016823\n|switch|p2a: Calyrex|Calyrex-Ice, L50|100/100\n|-ability|p2a: Calyrex|As One\n|-ability|p2a: Calyrex|Unnerve\n|turn|5\n|\n|t:|1774016836\n|move|p1b: Drambor|Body Press|p2a: Calyrex\n|-damage|p2a: Calyrex|59/100\n|move|p2a: Calyrex|Glacial Lance|p1b: Drambor\n|-supereffective|p1b: Drambor\n|-damage|p1b: Drambor|0 fnt\n|faint|p1b: Drambor\n|\n|win|victlary\n|raw|Mirthinion's rating: 1357 &rarr; <strong>1343</strong><br />(-14 for losing)\n|raw|victlary's rating: 1457 &rarr; <strong>1471</strong><br />(+14 for winning)\n|l|\u203dvictlary\n|player|p2|\n","uploadtime":1774016856,"views":76,"formatid":"gen9vgc2026regi","rating":1343,"private":0,"password":null}