{"id":"gen9vgc2026regi-2526727435","format":"[Gen 9] VGC 2026 Reg I","players":["quagzacian","dthk1216"],"log":"|j|\u2606quagzacian\n|j|\u2606dthk1216\n|t:|1769451986\n|gametype|doubles\n|player|p1|quagzacian|265|1401\n|player|p2|dthk1216|dawn|1563\n|gen|9\n|tier|[Gen 9] VGC 2026 Reg I\n|rated|\n|rule|Species Clause: Limit one of each Pok\u00e9mon\n|rule|Item Clause: Limit 1 of each item\n|clearpoke\n|poke|p1|Eternatus, L50|\n|poke|p1|Ho-Oh, L50|\n|poke|p1|Rillaboom, L50, F|\n|poke|p1|Incineroar, L50, M|\n|poke|p1|Ting-Lu, L50|\n|poke|p1|Vaporeon, L50, M|\n|poke|p2|Calyrex-Ice, L50|\n|poke|p2|Kyogre, L50|\n|poke|p2|Urshifu-*, L50, F|\n|poke|p2|Rillaboom, L50, M|\n|poke|p2|Grimmsnarl, L50, M|\n|poke|p2|Amoonguss, L50, M|\n|teampreview|4\n|inactive|Battle timer is ON: inactive players will automatically lose when time's up. (requested by dthk1216)\n|\n|t:|1769452025\n|teamsize|p1|4\n|teamsize|p2|4\n|start\n|switch|p1a: Eternatus|Eternatus, L50|100/100\n|switch|p1b: Incineroar|Incineroar, L50, M|100/100\n|switch|p2a: Grimmsnarl|Grimmsnarl, L50, M|100/100\n|switch|p2b: Calyrex|Calyrex-Ice, L50|100/100\n|-ability|p2b: Calyrex|As One\n|-ability|p2b: Calyrex|Unnerve\n|-ability|p1a: Eternatus|Pressure\n|-ability|p1b: Incineroar|Intimidate|boost\n|-unboost|p2a: Grimmsnarl|atk|1\n|-unboost|p2b: Calyrex|atk|1\n|turn|1\n|\n|t:|1769452045\n|move|p1b: Incineroar|Fake Out|p2a: Grimmsnarl\n|-damage|p2a: Grimmsnarl|90/100\n|cant|p2a: Grimmsnarl|flinch\n|move|p1a: Eternatus|Toxic Spikes|p2b: Calyrex\n|-sidestart|p2: dthk1216|move: Toxic Spikes\n|move|p2b: Calyrex|Leech Seed|p1a: Eternatus\n|-start|p1a: Eternatus|move: Leech Seed\n|\n|-damage|p1a: Eternatus|88/100|[from] Leech Seed|[of] p2b: Calyrex\n|upkeep\n|turn|2\n|\n|t:|1769452065\n|switch|p1a: Ho-Oh|Ho-Oh, L50|100/100\n|move|p2b: Calyrex|Protect|p2b: Calyrex\n|-singleturn|p2b: Calyrex|Protect\n|move|p2a: Grimmsnarl|Reflect|p2a: Grimmsnarl\n|-sidestart|p2: dthk1216|Reflect\n|move|p1b: Incineroar|Parting Shot|p2b: Calyrex\n|-activate|p2b: Calyrex|move: Protect\n|\n|upkeep\n|turn|3\n|\n|t:|1769452083\n|switch|p2a: Amoonguss|Amoonguss, L50, M|100/100\n|-sideend|p2: dthk1216|move: Toxic Spikes|[of] p2a: Amoonguss\n|switch|p2b: Kyogre|Kyogre, L50|100/100\n|-weather|RainDance|[from] ability: Drizzle|[of] p2b: Kyogre\n|move|p1a: Ho-Oh|Sacred Fire|p2b: Kyogre\n|-resisted|p2b: Kyogre\n|-damage|p2b: Kyogre|94/100\n|-status|p2b: Kyogre|brn\n|move|p1b: Incineroar|Parting Shot|p2b: Kyogre\n|-unboost|p2b: Kyogre|atk|1\n|-unboost|p2b: Kyogre|spa|1\n|\n|t:|1769452090\n|switch|p1b: Eternatus|Eternatus, L50|88/100|[from] Parting Shot\n|-ability|p1b: Eternatus|Pressure\n|\n|-weather|RainDance|[upkeep]\n|-damage|p2b: Kyogre|88/100 brn|[from] brn\n|upkeep\n|turn|4\n|\n|t:|1769452103\n|move|p1b: Eternatus|Dynamax Cannon|p2a: Amoonguss\n|-damage|p2a: Amoonguss|59/100\n|move|p2b: Kyogre|Water Spout|p1a: Ho-Oh|[spread] p1a,p1b\n|-supereffective|p1a: Ho-Oh\n|-resisted|p1b: Eternatus\n|-damage|p1a: Ho-Oh|0 fnt\n|-damage|p1b: Eternatus|60/100\n|faint|p1a: Ho-Oh\n|move|p2a: Amoonguss|Spore|p1b: Eternatus\n|-status|p1b: Eternatus|slp|[from] move: Spore\n|\n|-weather|RainDance|[upkeep]\n|-damage|p2b: Kyogre|81/100 brn|[from] brn\n|upkeep\n|\n|t:|1769452109\n|switch|p1a: Vaporeon|Vaporeon, L50, M|100/100\n|turn|5\n|\n|t:|1769452121\n|switch|p2b: Calyrex|Calyrex-Ice, L50|100/100\n|-ability|p2b: Calyrex|As One\n|-ability|p2b: Calyrex|Unnerve\n|cant|p1b: Eternatus|slp\n|move|p1a: Vaporeon|Whirlpool|p2b: Calyrex\n|-damage|p2b: Calyrex|89/100\n|-activate|p2b: Calyrex|move: Whirlpool|[of] p1a: Vaporeon\n|move|p2a: Amoonguss|Spore|p1a: Vaporeon\n|-activate|p1a: Vaporeon|item: Safety Goggles|Spore\n|\n|-weather|RainDance|[upkeep]\n|-heal|p2b: Calyrex|95/100|[from] item: Leftovers\n|-damage|p2b: Calyrex|83/100|[from] move: Whirlpool|[partiallytrapped]\n|upkeep\n|turn|6\n|\n|t:|1769452137\n|switch|p1b: Incineroar|Incineroar, L50, M|100/100\n|-ability|p1b: Incineroar|Intimidate|boost\n|-unboost|p2a: Amoonguss|atk|1\n|-unboost|p2b: Calyrex|atk|1\n|switch|p2a: Grimmsnarl|Grimmsnarl, L50, M|90/100\n|move|p1a: Vaporeon|Scald|p2b: Calyrex\n|-damage|p2b: Calyrex|54/100\n|-status|p2b: Calyrex|brn\n|move|p2b: Calyrex|Leech Seed|p1a: Vaporeon\n|-start|p1a: Vaporeon|move: Leech Seed\n|\n|-weather|RainDance|[upkeep]\n|-heal|p2b: Calyrex|59/100 brn|[from] item: Leftovers\n|-damage|p1a: Vaporeon|88/100|[from] Leech Seed|[of] p2b: Calyrex\n|-heal|p2b: Calyrex|73/100 brn|[silent]\n|-damage|p2b: Calyrex|68/100 brn|[from] brn\n|-damage|p2b: Calyrex|56/100 brn|[from] move: Whirlpool|[partiallytrapped]\n|upkeep\n|turn|7\n|\n|t:|1769452159\n|switch|p1a: Eternatus|Eternatus, L50|60/100 slp\n|-ability|p1a: Eternatus|Pressure\n|move|p2b: Calyrex|Protect|p2b: Calyrex\n|-singleturn|p2b: Calyrex|Protect\n|move|p2a: Grimmsnarl|Light Screen|p2a: Grimmsnarl\n|-sidestart|p2: dthk1216|move: Light Screen\n|move|p1b: Incineroar|Knock Off|p2b: Calyrex\n|-activate|p2b: Calyrex|move: Protect\n|\n|-weather|none\n|-heal|p2b: Calyrex|61/100 brn|[from] item: Leftovers\n|-damage|p2b: Calyrex|56/100 brn|[from] brn\n|-end|p2b: Calyrex|Whirlpool|[partiallytrapped]|[silent]\n|upkeep\n|turn|8\n|\n|t:|1769452175\n|-terastallize|p2b: Calyrex|Grass\n|move|p2a: Grimmsnarl|Thunder Wave||[still]\n|-fail|p2a: Grimmsnarl\n|cant|p1a: Eternatus|slp\n|move|p1b: Incineroar|Parting Shot|p2b: Calyrex\n|-unboost|p2b: Calyrex|atk|1\n|-unboost|p2b: Calyrex|spa|1\n|\n|t:|1769452181\n|switch|p1b: Vaporeon|Vaporeon, L50, M|88/100|[from] Parting Shot\n|move|p2b: Calyrex|Glacial Lance|p1b: Vaporeon|[spread] p1a,p1b\n|-supereffective|p1a: Eternatus\n|-resisted|p1b: Vaporeon\n|-damage|p1a: Eternatus|39/100 slp\n|-damage|p1b: Vaporeon|83/100\n|\n|-heal|p2b: Calyrex|61/100 brn|[from] item: Leftovers\n|-damage|p2b: Calyrex|56/100 brn|[from] brn\n|upkeep\n|turn|9\n|\n|t:|1769452195\n|switch|p1b: Incineroar|Incineroar, L50, M|100/100\n|-ability|p1b: Incineroar|Intimidate|boost\n|-unboost|p2a: Grimmsnarl|atk|1\n|-unboost|p2b: Calyrex|atk|1\n|move|p2a: Grimmsnarl|Thunder Wave|p1b: Incineroar\n|-hint|Since gen 7, Dark is immune to Prankster moves.\n|-immune|p1b: Incineroar\n|-curestatus|p1a: Eternatus|slp|[msg]\n|move|p1a: Eternatus|Recover|p1a: Eternatus\n|-heal|p1a: Eternatus|89/100\n|move|p2b: Calyrex|Leech Seed|p1a: Eternatus\n|-start|p1a: Eternatus|move: Leech Seed\n|\n|-heal|p2b: Calyrex|61/100 brn|[from] item: Leftovers\n|-damage|p1a: Eternatus|77/100|[from] Leech Seed|[of] p2b: Calyrex\n|-heal|p2b: Calyrex|75/100 brn|[silent]\n|-damage|p2b: Calyrex|70/100 brn|[from] brn\n|-sideend|p2: dthk1216|Reflect\n|upkeep\n|turn|10\n|inactive|dthk1216 has 30 seconds left.\n|\n|t:|1769452220\n|move|p2a: Grimmsnarl|Reflect|p2a: Grimmsnarl\n|-sidestart|p2: dthk1216|Reflect\n|move|p1a: Eternatus|Toxic Spikes|p2a: Grimmsnarl\n|-sidestart|p2: dthk1216|move: Toxic Spikes\n|move|p1b: Incineroar|Parting Shot|p2b: Calyrex\n|-unboost|p2b: Calyrex|atk|1\n|-unboost|p2b: Calyrex|spa|1\n|\n|t:|1769452224\n|switch|p1b: Vaporeon|Vaporeon, L50, M|83/100|[from] Parting Shot\n|move|p2b: Calyrex|Leech Seed|p1b: Vaporeon\n|-start|p1b: Vaporeon|move: Leech Seed\n|\n|-heal|p2b: Calyrex|75/100 brn|[from] item: Leftovers\n|-damage|p1a: Eternatus|64/100|[from] Leech Seed|[of] p2b: Calyrex\n|-heal|p2b: Calyrex|89/100 brn|[silent]\n|-damage|p1b: Vaporeon|71/100|[from] Leech Seed|[of] p2b: Calyrex\n|-heal|p2b: Calyrex|100/100 brn|[silent]\n|-damage|p2b: Calyrex|95/100 brn|[from] brn\n|upkeep\n|turn|11\n|\n|t:|1769452243\n|switch|p1b: Incineroar|Incineroar, L50, M|100/100\n|-ability|p1b: Incineroar|Intimidate|boost\n|-unboost|p2a: Grimmsnarl|atk|1\n|-unboost|p2b: Calyrex|atk|1\n|switch|p2b: Amoonguss|Amoonguss, L50, M|93/100\n|-sideend|p2: dthk1216|move: Toxic Spikes|[of] p2b: Amoonguss\n|move|p2a: Grimmsnarl|Thunder Wave|p1a: Eternatus\n|-status|p1a: Eternatus|par\n|cant|p1a: Eternatus|par\n|\n|-damage|p1a: Eternatus|52/100 par|[from] Leech Seed|[of] p2b: Amoonguss\n|-heal|p2b: Amoonguss|100/100|[silent]\n|upkeep\n|turn|12\n|\n|t:|1769452262\n|switch|p2a: Kyogre|Kyogre, L50|81/100 brn\n|-weather|RainDance|[from] ability: Drizzle|[of] p2a: Kyogre\n|move|p1a: Eternatus|Toxic Spikes|p2b: Amoonguss\n|-sidestart|p2: dthk1216|move: Toxic Spikes\n|move|p1b: Incineroar|Knock Off|p2b: Amoonguss\n|-damage|p2b: Amoonguss|82/100\n|-damage|p1b: Incineroar|84/100|[from] item: Rocky Helmet|[of] p2b: Amoonguss\n|-enditem|p2b: Amoonguss|Rocky Helmet|[from] move: Knock Off|[of] p1b: Incineroar\n|move|p2b: Amoonguss|Pollen Puff|p2a: Kyogre\n|-heal|p2a: Kyogre|100/100 brn\n|\n|-weather|RainDance|[upkeep]\n|-damage|p1a: Eternatus|40/100 par|[from] Leech Seed|[of] p2b: Amoonguss\n|-heal|p2b: Amoonguss|95/100|[silent]\n|-damage|p2a: Kyogre|94/100 brn|[from] brn\n|upkeep\n|turn|13\n|\n|t:|1769452281\n|switch|p1b: Vaporeon|Vaporeon, L50, M|71/100\n|move|p2a: Kyogre|Water Spout|p1b: Vaporeon|[spread] p1a\n|-heal|p1b: Vaporeon|96/100|[from] ability: Water Absorb|[of] p2a: Kyogre\n|-resisted|p1a: Eternatus\n|-damage|p1a: Eternatus|0 fnt\n|faint|p1a: Eternatus\n|move|p2b: Amoonguss|Spore|p1b: Vaporeon\n|-activate|p1b: Vaporeon|item: Safety Goggles|Spore\n|\n|-weather|RainDance|[upkeep]\n|-damage|p2a: Kyogre|88/100 brn|[from] brn\n|upkeep\n|\n|t:|1769452288\n|switch|p1a: Incineroar|Incineroar, L50, M|84/100\n|-ability|p1a: Incineroar|Intimidate|boost\n|-unboost|p2a: Kyogre|atk|1\n|-unboost|p2b: Amoonguss|atk|1\n|turn|14\n|-message|quagzacian forfeited.\n|\n|win|dthk1216\n|raw|quagzacian's rating: 1401 &rarr; <strong>1390</strong><br />(-11 for losing)\n|raw|dthk1216's rating: 1563 &rarr; <strong>1574</strong><br />(+11 for winning)\n|l|\u2606quagzacian\n|player|p1|\n|l|\u2606dthk1216\n|player|p2|\n","uploadtime":1769452512,"views":13,"formatid":"gen9vgc2026regi","rating":1390,"private":0,"password":null}