{"id":"gen9vgc2026regi-2580172279","format":"[Gen 9] VGC 2026 Reg I","players":["datbishgames","Bilbobagginz"],"log":"|j|\u2606datbishgames\n|j|\u2606Bilbobagginz\n|t:|1775861354\n|gametype|doubles\n|player|p1|datbishgames|mira|1520\n|player|p2|Bilbobagginz|lance|1384\n|gen|9\n|tier|[Gen 9] VGC 2026 Reg I\n|rated|\n|rule|Species Clause: Limit one of each Pok\u00e9mon\n|rule|Item Clause: Limit 1 of each item\n|clearpoke\n|poke|p1|Dialga-Origin, L50|\n|poke|p1|Ho-Oh, L50|\n|poke|p1|Rotom-Wash, L50|\n|poke|p1|Amoonguss, L50, M|\n|poke|p1|Ursaluna, L50, M|\n|poke|p1|Zoroark-Hisui, L50, F|\n|poke|p2|Calyrex-Ice, L50|\n|poke|p2|Torkoal, L50, M|\n|poke|p2|Oranguru, L50, M|\n|poke|p2|Annihilape, L50, F|\n|poke|p2|Kyogre, L50|\n|poke|p2|Urshifu-*, L50, M|\n|teampreview|4\n|inactive|Battle timer is ON: inactive players will automatically lose when time's up. (requested by datbishgames)\n|inactive|Bilbobagginz has 60 seconds left.\n|\n|t:|1775861391\n|teamsize|p1|4\n|teamsize|p2|4\n|start\n|switch|p1a: Dialga|Dialga-Origin, L50|100/100\n|switch|p1b: Ursaluna|Ursaluna, L50, M|100/100\n|switch|p2a: Oranguru|Oranguru, L50, M|100/100\n|switch|p2b: Calyrex|Calyrex-Ice, L50|100/100\n|-ability|p2b: Calyrex|As One\n|-ability|p2b: Calyrex|Unnerve\n|turn|1\n|inactive|datbishgames has 30 seconds left.\n|\n|t:|1775861417\n|-terastallize|p1b: Ursaluna|Ghost\n|-terastallize|p2b: Calyrex|Normal\n|move|p1a: Dialga|Will-O-Wisp|p2b: Calyrex\n|-status|p2b: Calyrex|brn\n|move|p1b: Ursaluna|Swords Dance|p1b: Ursaluna\n|-boost|p1b: Ursaluna|atk|2\n|move|p2b: Calyrex|Glacial Lance|p1a: Dialga|[spread] p1a,p1b\n|-damage|p1a: Dialga|37/100\n|-damage|p1b: Ursaluna|78/100\n|replace|p1a: Zoroark|Zoroark-Hisui, L50, F\n|-end|p1a: Zoroark|Illusion\n|move|p2a: Oranguru|Trick Room|p2a: Oranguru\n|-fieldstart|move: Trick Room|[of] p2a: Oranguru\n|\n|-damage|p2b: Calyrex|95/100 brn|[from] brn\n|-status|p1b: Ursaluna|brn|[from] item: Flame Orb\n|upkeep\n|turn|2\n|\n|t:|1775861436\n|switch|p1a: Rotom|Rotom-Wash, L50|100/100\n|move|p2b: Calyrex|Glacial Lance|p1a: Rotom|[spread] p1a,p1b\n|-resisted|p1a: Rotom\n|-damage|p1a: Rotom|86/100\n|-damage|p1b: Ursaluna|55/100 brn\n|move|p2a: Oranguru|Foul Play|p1b: Ursaluna\n|-supereffective|p1b: Ursaluna\n|-crit|p1b: Ursaluna\n|-damage|p1b: Ursaluna|0 fnt\n|faint|p1b: Ursaluna\n|\n|-damage|p2b: Calyrex|89/100 brn|[from] brn\n|upkeep\n|\n|t:|1775861447\n|switch|p1b: Dialga|Dialga-Origin, L50|100/100\n|turn|3\n|\n|t:|1775861457\n|move|p2b: Calyrex|Glacial Lance|p1b: Dialga|[spread] p1a,p1b\n|-resisted|p1a: Rotom\n|-crit|p1b: Dialga\n|-damage|p1a: Rotom|69/100\n|-damage|p1b: Dialga|66/100\n|move|p2a: Oranguru|Light Screen|p2a: Oranguru\n|-sidestart|p2: Bilbobagginz|move: Light Screen\n|move|p1b: Dialga|Flash Cannon|p2a: Oranguru\n|-damage|p2a: Oranguru|76/100\n|move|p1a: Rotom|Foul Play|p2a: Oranguru\n|-supereffective|p2a: Oranguru\n|-damage|p2a: Oranguru|51/100\n|\n|-damage|p2b: Calyrex|83/100 brn|[from] brn\n|upkeep\n|turn|4\n|\n|t:|1775861479\n|move|p1b: Dialga|Protect|p1b: Dialga\n|-singleturn|p1b: Dialga|Protect\n|move|p2b: Calyrex|Glacial Lance|p1a: Rotom|[spread] p1a\n|-activate|p1b: Dialga|move: Protect\n|-resisted|p1a: Rotom\n|-damage|p1a: Rotom|52/100\n|move|p2a: Oranguru|Instruct|p2b: Calyrex\n|-singleturn|p2b: Calyrex|move: Instruct|[of] p2a: Oranguru\n|move|p2b: Calyrex|Glacial Lance|p1a: Rotom|[spread] p1a\n|-activate|p1b: Dialga|move: Protect\n|-resisted|p1a: Rotom\n|-damage|p1a: Rotom|36/100\n|move|p1a: Rotom|Foul Play|p2a: Oranguru\n|-supereffective|p2a: Oranguru\n|-damage|p2a: Oranguru|26/100\n|\n|-damage|p2b: Calyrex|77/100 brn|[from] brn\n|upkeep\n|turn|5\n|\n|t:|1775861502\n|move|p1b: Dialga|Flash Cannon|p2b: Calyrex\n|-damage|p2b: Calyrex|46/100 brn\n|move|p1a: Rotom|Foul Play|p2a: Oranguru\n|-supereffective|p2a: Oranguru\n|-damage|p2a: Oranguru|1/100\n|move|p2b: Calyrex|Trick Room|p2b: Calyrex\n|-fieldend|move: Trick Room\n|move|p2a: Oranguru|Trick Room|p2a: Oranguru\n|-fieldstart|move: Trick Room|[of] p2a: Oranguru\n|\n|-damage|p2b: Calyrex|41/100 brn|[from] brn\n|upkeep\n|turn|6\n|\n|t:|1775861512\n|move|p1b: Dialga|Protect|p1b: Dialga\n|-singleturn|p1b: Dialga|Protect\n|move|p2b: Calyrex|Glacial Lance|p1a: Rotom|[spread] p1a\n|-activate|p1b: Dialga|move: Protect\n|-resisted|p1a: Rotom\n|-damage|p1a: Rotom|20/100\n|move|p2a: Oranguru|Instruct|p2b: Calyrex\n|-singleturn|p2b: Calyrex|move: Instruct|[of] p2a: Oranguru\n|move|p2b: Calyrex|Glacial Lance|p1b: Dialga|[spread] p1a\n|-activate|p1b: Dialga|move: Protect\n|-resisted|p1a: Rotom\n|-damage|p1a: Rotom|4/100\n|move|p1a: Rotom|Foul Play|p2a: Oranguru\n|-supereffective|p2a: Oranguru\n|-damage|p2a: Oranguru|0 fnt\n|faint|p2a: Oranguru\n|\n|-damage|p2b: Calyrex|35/100 brn|[from] brn\n|upkeep\n|\n|t:|1775861529\n|switch|p2a: Torkoal|Torkoal, L50, M|100/100\n|-weather|SunnyDay|[from] ability: Drought|[of] p2a: Torkoal\n|turn|7\n|\n|t:|1775861536\n|move|p2a: Torkoal|Eruption|p1b: Dialga|[spread] p1a,p1b\n|-resisted|p1a: Rotom\n|-damage|p1a: Rotom|0 fnt\n|-damage|p1b: Dialga|6/100\n|faint|p1a: Rotom\n|move|p2b: Calyrex|Glacial Lance|p1b: Dialga\n|-damage|p1b: Dialga|0 fnt\n|faint|p1b: Dialga\n|-ability|p2b: Calyrex|Chilling Neigh|boost\n|-boost|p2b: Calyrex|atk|1\n|\n|-weather|SunnyDay|[upkeep]\n|-damage|p2b: Calyrex|29/100 brn|[from] brn\n|-sideend|p2: Bilbobagginz|move: Light Screen\n|upkeep\n|-message|datbishgames forfeited.\n|\n|win|Bilbobagginz\n|raw|datbishgames's rating: 1520 &rarr; <strong>1493</strong><br />(-27 for losing)\n|raw|Bilbobagginz's rating: 1384 &rarr; <strong>1411</strong><br />(+27 for winning)\n|l|\u2606datbishgames\n|player|p1|\n|l|\u2606Bilbobagginz\n|player|p2|\n","uploadtime":1775861775,"views":10,"formatid":"gen9vgc2026regi","rating":1411,"private":0,"password":null}