{"id":"gen9vgc2026regi-2525449957","format":"[Gen 9] VGC 2026 Reg I","players":["j0l0k0","Lewissquire"],"log":"|j|\u2606j0l0k0\n|j|\u2606Lewissquire\n|t:|1769282857\n|gametype|doubles\n|player|p1|j0l0k0|brycen|1324\n|player|p2|Lewissquire|170|1449\n|gen|9\n|tier|[Gen 9] VGC 2026 Reg I\n|rated|\n|rule|Species Clause: Limit one of each Pok\u00e9mon\n|rule|Item Clause: Limit 1 of each item\n|clearpoke\n|poke|p1|Calyrex-Ice, L50|\n|poke|p1|Kyogre, L50|\n|poke|p1|Indeedee-F, L50, F|\n|poke|p1|Urshifu-*, L50, F|\n|poke|p1|Amoonguss, L50, F|\n|poke|p1|Landorus, L50, M|\n|poke|p2|Miraidon, L50|\n|poke|p2|Calyrex-Ice, L50|\n|poke|p2|Incineroar, L50, F|\n|poke|p2|Urshifu-*, L50, M|\n|poke|p2|Amoonguss, L50, M|\n|poke|p2|Volcarona, L50, F|\n|teampreview|4\n|inactive|Battle timer is ON: inactive players will automatically lose when time's up. (requested by j0l0k0)\n|\n|t:|1769282869\n|teamsize|p1|4\n|teamsize|p2|4\n|start\n|switch|p1a: Kyogre|Kyogre, L50, shiny|100/100\n|switch|p1b: Landorus|Landorus, L50, M, shiny|100/100\n|switch|p2a: Miraidon|Miraidon, L50|100/100\n|switch|p2b: Volcarona|Volcarona, L50, F|100/100\n|-fieldstart|move: Electric Terrain|[from] ability: Hadron Engine|[of] p2a: Miraidon\n|-enditem|p2b: Volcarona|Electric Seed\n|-boost|p2b: Volcarona|def|1|[from] item: Electric Seed\n|-weather|RainDance|[from] ability: Drizzle|[of] p1a: Kyogre\n|turn|1\n|inactive|j0l0k0 has 30 seconds left.\n|inactive|Lewissquire has 30 seconds left.\n|\n|t:|1769282898\n|switch|p2a: Urshifu|Urshifu-Rapid-Strike, L50, M|100/100\n|-terastallize|p2b: Volcarona|Grass\n|-terastallize|p1a: Kyogre|Grass\n|move|p2b: Volcarona|Struggle Bug|p1b: Landorus|[spread] p1a,p1b\n|-supereffective|p1a: Kyogre\n|-resisted|p1b: Landorus\n|-damage|p1a: Kyogre|85/100\n|-damage|p1b: Landorus|91/100\n|-unboost|p1a: Kyogre|spa|1\n|-unboost|p1b: Landorus|spa|1\n|move|p1a: Kyogre|Water Spout|p2b: Volcarona|[spread] p2a,p2b\n|-resisted|p2a: Urshifu\n|-resisted|p2b: Volcarona\n|-damage|p2a: Urshifu|63/100\n|-damage|p2b: Volcarona|75/100\n|move|p1b: Landorus|Sandsear Storm|p2a: Urshifu|[spread] p2a,p2b\n|-resisted|p2b: Volcarona\n|-damage|p2a: Urshifu|10/100\n|-damage|p2b: Volcarona|57/100\n|\n|-weather|RainDance|[upkeep]\n|upkeep\n|turn|2\n|inactive|j0l0k0 has 30 seconds left.\n|inactive|Lewissquire has 30 seconds left.\n|\n|t:|1769282926\n|move|p2b: Volcarona|Struggle Bug|p1a: Kyogre|[spread] p1a,p1b\n|-supereffective|p1a: Kyogre\n|-resisted|p1b: Landorus\n|-damage|p1a: Kyogre|71/100\n|-damage|p1b: Landorus|82/100\n|-unboost|p1a: Kyogre|spa|1\n|-unboost|p1b: Landorus|spa|1\n|move|p2a: Urshifu|U-turn|p1a: Kyogre\n|-supereffective|p1a: Kyogre\n|-damage|p1a: Kyogre|0 fnt\n|faint|p1a: Kyogre\n|\n|t:|1769282936\n|switch|p2a: Calyrex|Calyrex-Ice, L50|100/100|[from] U-turn\n|-ability|p2a: Calyrex|As One\n|-ability|p2a: Calyrex|Unnerve\n|move|p1b: Landorus|Sludge Bomb|p2b: Volcarona\n|-supereffective|p2b: Volcarona\n|-damage|p2b: Volcarona|12/100\n|\n|-weather|RainDance|[upkeep]\n|upkeep\n|\n|t:|1769282946\n|switch|p1a: Urshifu|Urshifu, L50, F|100/100\n|turn|3\n|\n|t:|1769282964\n|move|p2b: Volcarona|Struggle Bug|p1b: Landorus|[spread] p1a,p1b\n|-resisted|p1b: Landorus\n|-damage|p1a: Urshifu|76/100\n|-damage|p1b: Landorus|74/100\n|-unboost|p1a: Urshifu|spa|1\n|-unboost|p1b: Landorus|spa|1\n|move|p1a: Urshifu|Wicked Blow|p2a: Calyrex\n|-supereffective|p2a: Calyrex\n|-crit|p2a: Calyrex\n|-damage|p2a: Calyrex|24/100\n|move|p1b: Landorus|Sandsear Storm|p2a: Calyrex|[spread] p2a,p2b\n|-crit|p2a: Calyrex\n|-resisted|p2b: Volcarona\n|-damage|p2a: Calyrex|0 fnt\n|-damage|p2b: Volcarona|0 fnt\n|faint|p2a: Calyrex\n|faint|p2b: Volcarona\n|\n|-weather|RainDance|[upkeep]\n|upkeep\n|\n|t:|1769282980\n|switch|p2b: Miraidon|Miraidon, L50|100/100\n|switch|p2a: Urshifu|Urshifu-Rapid-Strike, L50, M|10/100\n|-activate|p2b: Miraidon|ability: Hadron Engine\n|turn|4\n|\n|t:|1769282992\n|move|p2a: Urshifu|Aqua Jet|p1b: Landorus\n|-supereffective|p1b: Landorus\n|-damage|p1b: Landorus|0 fnt\n|faint|p1b: Landorus\n|move|p2b: Miraidon|Electro Drift|p1a: Urshifu\n|-damage|p1a: Urshifu|0 fnt\n|faint|p1a: Urshifu\n|\n|-weather|RainDance|[upkeep]\n|upkeep\n|\n|t:|1769283001\n|switch|p1b: Calyrex|Calyrex-Ice, L50|100/100\n|-ability|p1b: Calyrex|As One\n|-ability|p1b: Calyrex|Unnerve\n|turn|5\n|\n|t:|1769283011\n|move|p2a: Urshifu|Aqua Jet|p1b: Calyrex\n|-damage|p1b: Calyrex|71/100\n|move|p2b: Miraidon|Electro Drift|p1b: Calyrex\n|-damage|p1b: Calyrex|5/100\n|move|p1b: Calyrex|Glacial Lance|p2a: Urshifu|[spread] p2a,p2b\n|-resisted|p2a: Urshifu\n|-supereffective|p2b: Miraidon\n|-damage|p2a: Urshifu|0 fnt\n|-damage|p2b: Miraidon|0 fnt\n|faint|p2a: Urshifu\n|faint|p2b: Miraidon\n|\n|win|j0l0k0\n|raw|j0l0k0's rating: 1324 &rarr; <strong>1351</strong><br />(+27 for winning)\n|raw|Lewissquire's rating: 1449 &rarr; <strong>1422</strong><br />(-27 for losing)\n|c|\u2606j0l0k0|ggwp\n|c|\u2606Lewissquire|gg\n|l|\u2606j0l0k0\n|player|p1|\n","uploadtime":1769283050,"views":12,"formatid":"gen9vgc2026regi","rating":1351,"private":0,"password":null}