{"id":"gen9vgc2026regi-2518551304","format":"[Gen 9] VGC 2026 Reg I","players":["kojimuranishi","dasabe\u76d6\u6b27\u5361\u4fa0"],"log":"|j|\u2606kojimuranishi\n|j|\u2606dasabe\u76d6\u6b27\u5361\u4fa0\n|t:|1768403832\n|gametype|doubles\n|player|p1|kojimuranishi|1|1463\n|player|p2|dasabe\u76d6\u6b27\u5361\u4fa0|may-masters4|1464\n|gen|9\n|tier|[Gen 9] VGC 2026 Reg I\n|rated|\n|rule|Species Clause: Limit one of each Pok\u00e9mon\n|rule|Item Clause: Limit 1 of each item\n|clearpoke\n|poke|p1|Zamazenta-*, L50|\n|poke|p1|Lunala, L50|\n|poke|p1|Chien-Pao, L50|\n|poke|p1|Dragonite, L50, M|\n|poke|p1|Chi-Yu, L50|\n|poke|p1|Urshifu-*, L50, M|\n|poke|p2|Groudon, L50|\n|poke|p2|Chi-Yu, L50|\n|poke|p2|Flutter Mane, L50|\n|poke|p2|Jumpluff, L50, F|\n|poke|p2|Lunala, L50|\n|poke|p2|Indeedee-F, L50, F|\n|teampreview|4\n|j| wuminshi\n|inactive|Battle timer is ON: inactive players will automatically lose when time's up. (requested by kojimuranishi)\n|\n|t:|1768403850\n|teamsize|p1|4\n|teamsize|p2|4\n|start\n|switch|p1a: Zamazenta|Zamazenta-Crowned, L50|100/100\n|switch|p1b: Lunala|Lunala, L50|100/100\n|switch|p2a: P\u56fa\u771f\u5927|Groudon, L50|100/100\n|switch|p2b: \u5f3a\u6bfd\u5c0f\u5b50|Jumpluff, L50, F, shiny|100/100\n|-ability|p1a: Zamazenta|Dauntless Shield|boost\n|-boost|p1a: Zamazenta|def|1\n|-weather|SunnyDay|[from] ability: Drought|[of] p2a: P\u56fa\u771f\u5927\n|turn|1\n|j| shihevlpsu9\n|l| shihevlpsu9\n|\n|t:|1768403874\n|-terastallize|p1a: Zamazenta|Water\n|move|p2b: \u5f3a\u6bfd\u5c0f\u5b50|Sleep Powder|p1b: Lunala|[miss]\n|-miss|p2b: \u5f3a\u6bfd\u5c0f\u5b50|p1b: Lunala\n|move|p1a: Zamazenta|Behemoth Bash|p2b: \u5f3a\u6bfd\u5c0f\u5b50\n|-damage|p2b: \u5f3a\u6bfd\u5c0f\u5b50|50/100\n|move|p2a: P\u56fa\u771f\u5927|Precipice Blades|p1a: Zamazenta|[spread] p1a,p1b\n|-damage|p1a: Zamazenta|69/100\n|-damage|p1b: Lunala|65/100\n|move|p1b: Lunala|Trick Room|p1b: Lunala\n|-fieldstart|move: Trick Room|[of] p1b: Lunala\n|\n|-weather|SunnyDay|[upkeep]\n|upkeep\n|turn|2\n|inactive|kojimuranishi has 30 seconds left.\n|\n|t:|1768403905\n|switch|p2a: \u6211\u6709\u7389\u9c7c\u75c7|Chi-Yu, L50|100/100\n|-ability|p2a: \u6211\u6709\u7389\u9c7c\u75c7|Beads of Ruin\n|move|p1b: Lunala|Meteor Beam||[still]\n|-prepare|p1b: Lunala|Meteor Beam\n|-boost|p1b: Lunala|spa|1\n|-enditem|p1b: Lunala|Power Herb\n|-anim|p1b: Lunala|Meteor Beam|p2b: \u5f3a\u6bfd\u5c0f\u5b50|[miss]\n|-miss|p1b: Lunala|p2b: \u5f3a\u6bfd\u5c0f\u5b50\n|move|p1a: Zamazenta|Body Press|p2a: \u6211\u6709\u7389\u9c7c\u75c7\n|-supereffective|p2a: \u6211\u6709\u7389\u9c7c\u75c7\n|-damage|p2a: \u6211\u6709\u7389\u9c7c\u75c7|0 fnt\n|faint|p2a: \u6211\u6709\u7389\u9c7c\u75c7\n|move|p2b: \u5f3a\u6bfd\u5c0f\u5b50|Sleep Powder|p1b: Lunala\n|-status|p1b: Lunala|slp|[from] move: Sleep Powder\n|\n|-weather|SunnyDay|[upkeep]\n|upkeep\n|\n|t:|1768403912\n|switch|p2a: P\u56fa\u771f\u5927|Groudon, L50|100/100\n|turn|3\n|\n|t:|1768403926\n|cant|p1b: Lunala|slp\n|move|p2a: P\u56fa\u771f\u5927|Precipice Blades|p1a: Zamazenta|[spread] p1a,p1b\n|-damage|p1a: Zamazenta|36/100\n|-damage|p1b: Lunala|2/100 slp\n|move|p1a: Zamazenta|Behemoth Bash|p2b: \u5f3a\u6bfd\u5c0f\u5b50\n|-damage|p2b: \u5f3a\u6bfd\u5c0f\u5b50|5/100\n|move|p2b: \u5f3a\u6bfd\u5c0f\u5b50|Sleep Powder|p1a: Zamazenta\n|-status|p1a: Zamazenta|slp|[from] move: Sleep Powder\n|\n|-weather|SunnyDay|[upkeep]\n|upkeep\n|turn|4\n|\n|t:|1768403950\n|switch|p1b: Dragonite|Dragonite, L50, M|100/100\n|cant|p1a: Zamazenta|slp\n|move|p2a: P\u56fa\u771f\u5927|Precipice Blades|p1a: Zamazenta|[spread] p1a\n|-immune|p1b: Dragonite\n|-damage|p1a: Zamazenta|6/100 slp\n|move|p2b: \u5f3a\u6bfd\u5c0f\u5b50|Tailwind|p2b: \u5f3a\u6bfd\u5c0f\u5b50\n|-sidestart|p2: dasabe\u76d6\u6b27\u5361\u4fa0|move: Tailwind\n|\n|-weather|SunnyDay|[upkeep]\n|upkeep\n|turn|5\n|\n|t:|1768403970\n|switch|p2a: \u9646\u7ffc\u53d1|Flutter Mane, L50|100/100\n|-activate|p2a: \u9646\u7ffc\u53d1|ability: Protosynthesis\n|-start|p2a: \u9646\u7ffc\u53d1|protosynthesisspe\n|move|p1b: Dragonite|Rock Slide|p2a: \u9646\u7ffc\u53d1|[spread] p2a,p2b\n|-supereffective|p2b: \u5f3a\u6bfd\u5c0f\u5b50\n|-damage|p2a: \u9646\u7ffc\u53d1|25/100\n|-damage|p2b: \u5f3a\u6bfd\u5c0f\u5b50|0 fnt\n|faint|p2b: \u5f3a\u6bfd\u5c0f\u5b50\n|-curestatus|p1a: Zamazenta|slp|[msg]\n|move|p1a: Zamazenta|Body Press|p2a: \u9646\u7ffc\u53d1\n|-immune|p2a: \u9646\u7ffc\u53d1\n|\n|-weather|none\n|-end|p2a: \u9646\u7ffc\u53d1|Protosynthesis\n|-fieldend|move: Trick Room\n|upkeep\n|\n|t:|1768403975\n|switch|p2b: P\u56fa\u771f\u5927|Groudon, L50|100/100\n|-weather|SunnyDay|[from] ability: Drought|[of] p2b: P\u56fa\u771f\u5927\n|-activate|p2a: \u9646\u7ffc\u53d1|ability: Protosynthesis\n|-start|p2a: \u9646\u7ffc\u53d1|protosynthesisspe\n|turn|6\n|\n|t:|1768403993\n|move|p1a: Zamazenta|Wide Guard|p1a: Zamazenta\n|-singleturn|p1a: Zamazenta|Wide Guard\n|move|p2a: \u9646\u7ffc\u53d1|Moonblast|p1b: Dragonite\n|-supereffective|p1b: Dragonite\n|-damage|p1b: Dragonite|30/100\n|-unboost|p1b: Dragonite|spa|1\n|move|p2b: P\u56fa\u771f\u5927|Precipice Blades|p1b: Dragonite|[spread] \n|-activate|p1a: Zamazenta|move: Wide Guard\n|-activate|p1b: Dragonite|move: Wide Guard\n|move|p1b: Dragonite|Rock Slide|p2b: P\u56fa\u771f\u5927|[spread] p2a,p2b\n|-resisted|p2b: P\u56fa\u771f\u5927\n|-damage|p2a: \u9646\u7ffc\u53d1|0 fnt\n|-damage|p2b: P\u56fa\u771f\u5927|89/100\n|faint|p2a: \u9646\u7ffc\u53d1\n|-end|p2a: \u9646\u7ffc\u53d1|Protosynthesis|[silent]\n|\n|-weather|SunnyDay|[upkeep]\n|upkeep\n|turn|7\n|-message|dasabe\u76d6\u6b27\u5361\u4fa0 forfeited.\n|\n|win|kojimuranishi\n|raw|kojimuranishi's rating: 1463 &rarr; <strong>1483</strong><br />(+20 for winning)\n|raw|dasabe\u76d6\u6b27\u5361\u4fa0's rating: 1464 &rarr; <strong>1444</strong><br />(-20 for losing)\n|l|\u2606dasabe\u76d6\u6b27\u5361\u4fa0\n|player|p2|\n|l| wuminshi\n|l|\u2606kojimuranishi\n|player|p1|\n","uploadtime":1768404274,"views":30,"formatid":"gen9vgc2026regi","rating":1444,"private":0,"password":null}