{"id":"gen9vgc2026regi-2562741223","format":"[Gen 9] VGC 2026 Reg I","players":["The Yegorushhka","editaccount"],"log":"|j|\u2606The Yegorushhka\n|j|\u2606editaccount\n|t:|1773945803\n|gametype|doubles\n|player|p1|The Yegorushhka|may-masters2|\n|player|p2|editaccount|266|\n|gen|9\n|tier|[Gen 9] VGC 2026 Reg I\n|rated|Tournament battle\n|rule|Species Clause: Limit one of each Pok\u00e9mon\n|rule|Item Clause: Limit 1 of each item\n|raw|<div class=\"infobox\"><details class=\"readmore\" open><summary><strong>3 custom rules:</strong></summary> Open Team Sheets, Force Open Team Sheets, !Open Team Sheets</details></div>\n|clearpoke\n|poke|p1|Koraidon, L50|\n|poke|p1|Calyrex-Ice, L50|\n|poke|p1|Flutter Mane, L50|\n|poke|p1|Umbreon, L50, F|\n|poke|p1|Amoonguss, L50, F|\n|poke|p1|Incineroar, L50, M|\n|poke|p2|Sinistcha, L50|\n|poke|p2|Urshifu-*, L50, M|\n|poke|p2|Terapagos, L50, M|\n|poke|p2|Miraidon, L50|\n|poke|p2|Incineroar, L50, M|\n|poke|p2|Iron Treads, L50|\n|teampreview|4\n|showteam|p1|Koraidon||LifeOrb|OrichalcumPulse|FlareBlitz,CloseCombat,FlameCharge,Protect||||||50|,,,,,Fire]Calyrex-Ice||ClearAmulet|AsOneGlastrier|GlacialLance,HighHorsepower,TrickRoom,Protect||||||50|,,,,,Fire]Flutter Mane||FocusSash|Protosynthesis|Moonblast,ShadowBall,IcyWind,Protect||||||50|,,,,,Normal]Umbreon||SafetyGoggles|InnerFocus|FoulPlay,Snarl,Taunt,ThunderWave|||F|||50|,,,,,Poison]Amoonguss||MentalHerb|Regenerator|Spore,RagePowder,PollenPuff,Protect|||F|||50|,,,,,Water]Incineroar||AssaultVest|Intimidate|FakeOut,FlareBlitz,KnockOff,Uturn|||M|||50|,,,,,Dragon\n|showteam|p2|Sinistcha||EjectButton|Hospitality|MatchaGotcha,RagePowder,LifeDew,Protect||||||50|,,,,,Dark]Urshifu-Rapid-Strike||FocusSash|UnseenFist|SurgingStrikes,CloseCombat,Detect,AquaJet|||M|||50|,,,,,Ghost]Terapagos||ElectricSeed|TeraShift|TeraStarstorm,EarthPower,Protect,CalmMind|||M|||50|,,,,,Stellar]Miraidon||ChoiceScarf|HadronEngine|ElectroDrift,VoltSwitch,DracoMeteor,Snarl||||||50|,,,,,Electric]Incineroar||AssaultVest|Intimidate|KnockOff,FakeOut,FlareBlitz,Uturn|||M|||50|,,,,,Bug]Iron Treads||LifeOrb|QuarkDrive|HighHorsepower,SteelRoller,StoneEdge,Protect||||||50|,,,,,Ground\n|c|\u2606The Yegorushhka|hf\n|j|%Tb0lt\n|l|%Tb0lt\n|\n|t:|1773945854\n|teamsize|p1|4\n|teamsize|p2|4\n|start\n|switch|p1a: Koraidon|Koraidon, L50|100/100\n|switch|p1b: Banshee|Flutter Mane, L50|100/100\n|switch|p2a: Incineroar|Incineroar, L50, M|100/100\n|switch|p2b: Urshifu|Urshifu-Rapid-Strike, L50, M|100/100\n|-weather|SunnyDay|[from] ability: Orichalcum Pulse|[of] p1a: Koraidon\n|-activate|p1b: Banshee|ability: Protosynthesis\n|-start|p1b: Banshee|protosynthesisspe\n|-activate|p1a: Koraidon|Orichalcum Pulse|[source]\n|-ability|p2a: Incineroar|Intimidate|boost\n|-unboost|p1a: Koraidon|atk|1\n|-unboost|p1b: Banshee|atk|1\n|turn|1\n|\n|t:|1773945882\n|move|p2a: Incineroar|Fake Out|p1a: Koraidon\n|-damage|p1a: Koraidon|91/100\n|move|p1b: Banshee|Moonblast|p2b: Urshifu\n|-supereffective|p2b: Urshifu\n|-enditem|p2b: Urshifu|Focus Sash\n|-damage|p2b: Urshifu|1/100\n|cant|p1a: Koraidon|flinch\n|move|p2b: Urshifu|Close Combat|p1a: Koraidon\n|-damage|p1a: Koraidon|33/100\n|-unboost|p2b: Urshifu|def|1\n|-unboost|p2b: Urshifu|spd|1\n|\n|-weather|SunnyDay|[upkeep]\n|upkeep\n|turn|2\n|\n|t:|1773945910\n|switch|p2a: Sinistcha|Sinistcha, L50|100/100\n|-heal|p2b: Urshifu|26/100|[from] ability: Hospitality|[of] p2a: Sinistcha\n|-terastallize|p1a: Koraidon|Fire\n|move|p2b: Urshifu|Detect|p2b: Urshifu\n|-singleturn|p2b: Urshifu|Protect\n|move|p1b: Banshee|Moonblast|p2b: Urshifu\n|-activate|p2b: Urshifu|move: Protect\n|move|p1a: Koraidon|Flare Blitz|p2a: Sinistcha\n|-supereffective|p2a: Sinistcha\n|-damage|p2a: Sinistcha|0 fnt\n|faint|p2a: Sinistcha\n|-damage|p1a: Koraidon|0 fnt|[from] Recoil\n|faint|p1a: Koraidon\n|\n|-weather|SunnyDay|[upkeep]\n|upkeep\n|\n|t:|1773945929\n|switch|p1a: Incineroar|Incineroar, L50, M|100/100\n|switch|p2a: Incineroar|Incineroar, L50, M|100/100\n|-ability|p1a: Incineroar|Intimidate|boost\n|-unboost|p2a: Incineroar|atk|1\n|-unboost|p2b: Urshifu|atk|1\n|-ability|p2a: Incineroar|Intimidate|boost\n|-unboost|p1a: Incineroar|atk|1\n|-unboost|p1b: Banshee|atk|1\n|turn|3\n|\n|t:|1773945968\n|switch|p2b: Terapagos|Terapagos, L50, M|100/100\n|-activate|p2b: Terapagos|ability: Tera Shift\n|detailschange|p2b: Terapagos|Terapagos-Terastal, L50, M\n|-heal|p2b: Terapagos|100/100|[silent]\n|move|p1b: Banshee|Moonblast|p2b: Terapagos\n|-activate|p2b: Terapagos|ability: Tera Shell\n|-resisted|p2b: Terapagos\n|-damage|p2b: Terapagos|79/100\n|-unboost|p2b: Terapagos|spa|1\n|move|p1a: Incineroar|Knock Off|p2a: Incineroar\n|-resisted|p2a: Incineroar\n|-damage|p2a: Incineroar|88/100\n|-enditem|p2a: Incineroar|Assault Vest|[from] move: Knock Off|[of] p1a: Incineroar\n|move|p2a: Incineroar|U-turn|p1b: Banshee\n|-resisted|p1b: Banshee\n|-damage|p1b: Banshee|94/100\n|\n|t:|1773945982\n|switch|p2a: Urshifu|Urshifu-Rapid-Strike, L50, M|26/100|[from] U-turn\n|\n|-weather|SunnyDay|[upkeep]\n|upkeep\n|turn|4\n|j| sille rovert\n|\n|t:|1773946011\n|switch|p2a: Incineroar|Incineroar, L50, M|88/100\n|-ability|p2a: Incineroar|Intimidate|boost\n|-unboost|p1a: Incineroar|atk|1\n|-unboost|p1b: Banshee|atk|1\n|move|p1b: Banshee|Moonblast|p2b: Terapagos\n|-damage|p2b: Terapagos|36/100\n|move|p2b: Terapagos|Calm Mind|p2b: Terapagos\n|-boost|p2b: Terapagos|spa|1\n|-boost|p2b: Terapagos|spd|1\n|move|p1a: Incineroar|Flare Blitz|p2b: Terapagos\n|-damage|p2b: Terapagos|8/100\n|-damage|p1a: Incineroar|92/100|[from] Recoil\n|\n|-weather|SunnyDay|[upkeep]\n|upkeep\n|turn|5\n|\n|t:|1773946026\n|move|p1b: Banshee|Protect|p1b: Banshee\n|-singleturn|p1b: Banshee|Protect\n|move|p2a: Incineroar|Fake Out|p1a: Incineroar\n|-damage|p1a: Incineroar|82/100\n|move|p2b: Terapagos|Calm Mind|p2b: Terapagos\n|-boost|p2b: Terapagos|spa|1\n|-boost|p2b: Terapagos|spd|1\n|cant|p1a: Incineroar|flinch\n|\n|-weather|none\n|-end|p1b: Banshee|Protosynthesis\n|upkeep\n|turn|6\n|j| mysticmarshtomp\n|\n|t:|1773946039\n|move|p2b: Terapagos|Protect|p2b: Terapagos\n|-singleturn|p2b: Terapagos|Protect\n|move|p1b: Banshee|Moonblast|p2b: Terapagos\n|-activate|p2b: Terapagos|move: Protect\n|move|p1a: Incineroar|U-turn|p2a: Incineroar\n|-damage|p2a: Incineroar|80/100\n|\n|t:|1773946041\n|switch|p1a: bonse|Calyrex-Ice, L50|100/100|[from] U-turn\n|-ability|p1a: bonse|As One\n|-ability|p1a: bonse|Unnerve\n|move|p2a: Incineroar|Flare Blitz|p1b: Banshee\n|-damage|p1b: Banshee|0 fnt\n|faint|p1b: Banshee\n|-end|p1b: Banshee|Protosynthesis|[silent]\n|-damage|p2a: Incineroar|60/100|[from] Recoil\n|\n|upkeep\n|\n|t:|1773946042\n|switch|p1b: Incineroar|Incineroar, L50, M|82/100\n|-ability|p1b: Incineroar|Intimidate|boost\n|-unboost|p2a: Incineroar|atk|1\n|-unboost|p2b: Terapagos|atk|1\n|turn|7\n|j| myname\u2764grassgreen\n|\n|t:|1773946071\n|-terastallize|p2b: Terapagos|Stellar\n|detailschange|p2b: Terapagos|Terapagos-Stellar, L50, M, tera:Stellar\n|-heal|p2b: Terapagos|32/100|[silent]\n|move|p1b: Incineroar|Fake Out|p2a: Incineroar\n|-damage|p2a: Incineroar|51/100\n|move|p2b: Terapagos|Tera Starstorm|p1b: Incineroar|[spread] p1a,p1b\n|-damage|p1a: bonse|69/100\n|-damage|p1b: Incineroar|52/100\n|cant|p2a: Incineroar|flinch\n|move|p1a: bonse|Trick Room|p1a: bonse\n|-fieldstart|move: Trick Room|[of] p1a: bonse\n|\n|upkeep\n|turn|8\n|\n|t:|1773946091\n|move|p2b: Terapagos|Protect|p2b: Terapagos\n|-singleturn|p2b: Terapagos|Protect\n|move|p1a: bonse|High Horsepower|p2a: Incineroar\n|-supereffective|p2a: Incineroar\n|-damage|p2a: Incineroar|0 fnt\n|faint|p2a: Incineroar\n|-ability|p1a: bonse|Chilling Neigh|boost\n|-boost|p1a: bonse|atk|1\n|move|p1b: Incineroar|Flare Blitz|p2b: Terapagos\n|-activate|p2b: Terapagos|move: Protect\n|\n|upkeep\n|\n|t:|1773946097\n|switch|p2a: Urshifu|Urshifu-Rapid-Strike, L50, M|26/100\n|turn|9\n|\n|t:|1773946113\n|move|p1a: bonse|Glacial Lance|p2b: Terapagos|[spread] p2a,p2b\n|-resisted|p2a: Urshifu\n|-damage|p2a: Urshifu|0 fnt\n|-damage|p2b: Terapagos|0 fnt\n|faint|p2a: Urshifu\n|faint|p2b: Terapagos\n|detailschange|p2: Terapagos|Terapagos, L50, M|[silent]\n|\n|win|The Yegorushhka\n|n|\u2606The Yegorushhka|theyegorushhka\n|n|\u2606editaccount|editaccount\n|n| sille rovert|sillerovert\n|n| mysticmarshtomp|mysticmarshtomp\n|n| myname\u2764grassgreen|mynamegrassgreen\n","uploadtime":1773946118,"views":32,"formatid":"gen9vgc2026regi","rating":null,"private":0,"password":null}