{"id":"gen9vgc2026regi-2567065709","format":"[Gen 9] VGC 2026 Reg I","players":["no_zoroark","Mirthinion"],"log":"|j|\u2606no_zoroark\n|j|\u2606Mirthinion\n|t:|1774446230\n|gametype|doubles\n|player|p1|no_zoroark|101|1316\n|player|p2|Mirthinion|janitor|1409\n|gen|9\n|tier|[Gen 9] VGC 2026 Reg I\n|rated|\n|rule|Species Clause: Limit one of each Pok\u00e9mon\n|rule|Item Clause: Limit 1 of each item\n|clearpoke\n|poke|p1|Amoonguss, L50, F|\n|poke|p1|Calyrex-Ice, L50|\n|poke|p1|Kyogre, L50|\n|poke|p1|Urshifu-*, L50, M|\n|poke|p1|Rillaboom, L50, F|\n|poke|p1|Flutter Mane, L50|\n|poke|p2|Calyrex-Shadow, L50|\n|poke|p2|Zamazenta-*, L50|\n|poke|p2|Urshifu-*, L50, M|\n|poke|p2|Incineroar, L50, M|\n|poke|p2|Rillaboom, L50, M|\n|poke|p2|Tornadus, L50, M|\n|teampreview|4\n|inactive|Battle timer is ON: inactive players will automatically lose when time's up. (requested by Mirthinion)\nMirthinion rejected open team sheets.\n|\n|t:|1774446251\n|teamsize|p1|4\n|teamsize|p2|4\n|start\n|switch|p1a: Amoonguss|Amoonguss, L50, F|100/100\n|switch|p1b: Calyrex|Calyrex-Ice, L50|100/100\n|switch|p2a: Vangwe|Tornadus, L50, M|100/100\n|switch|p2b: Beowulf|Urshifu-Rapid-Strike, L50, M|100/100\n|-ability|p1b: Calyrex|As One\n|-ability|p1b: Calyrex|Unnerve\n|turn|1\n|inactive|no_zoroark has 30 seconds left.\n|\n|t:|1774446277\n|move|p1a: Amoonguss|Rage Powder|p1a: Amoonguss\n|-singleturn|p1a: Amoonguss|move: Rage Powder\n|move|p2b: Beowulf|U-turn|p1a: Amoonguss\n|-damage|p1a: Amoonguss|68/100\n|-damage|p2b: Beowulf|84/100|[from] item: Rocky Helmet|[of] p1a: Amoonguss\n|\n|t:|1774446282\n|switch|p2b: Drambor|Zamazenta-Crowned, L50|100/100|[from] U-turn\n|-ability|p2b: Drambor|Dauntless Shield|boost\n|-boost|p2b: Drambor|def|1\n|move|p2a: Vangwe|Bleakwind Storm|p1b: Calyrex|[spread] p1a,p1b\n|-supereffective|p1a: Amoonguss\n|-damage|p1a: Amoonguss|10/100\n|-damage|p1b: Calyrex|78/100\n|-unboost|p1b: Calyrex|spe|1\n|move|p1b: Calyrex|Trick Room|p1b: Calyrex\n|-fieldstart|move: Trick Room|[of] p1b: Calyrex\n|\n|-heal|p1b: Calyrex|84/100|[from] item: Leftovers\n|upkeep\n|turn|2\n|\n|t:|1774446301\n|-terastallize|p1b: Calyrex|Fairy\n|-terastallize|p2b: Drambor|Grass\n|move|p2b: Drambor|Wide Guard|p2b: Drambor\n|-singleturn|p2b: Drambor|Wide Guard\n|move|p1b: Calyrex|Leech Seed|p2b: Drambor\n|-immune|p2b: Drambor\n|move|p1a: Amoonguss|Spore|p2b: Drambor\n|-immune|p2b: Drambor\n|move|p2a: Vangwe|Bleakwind Storm|p1a: Amoonguss|[spread] p1a,p1b\n|-supereffective|p1a: Amoonguss\n|-damage|p1a: Amoonguss|0 fnt\n|-damage|p1b: Calyrex|61/100\n|-unboost|p1b: Calyrex|spe|1\n|faint|p1a: Amoonguss\n|\n|-heal|p1b: Calyrex|67/100|[from] item: Leftovers\n|upkeep\n|\n|t:|1774446308\n|switch|p1a: Kyogre|Kyogre, L50|100/100\n|-weather|RainDance|[from] ability: Drizzle|[of] p1a: Kyogre\n|turn|3\n|inactive|Mirthinion has 30 seconds left.\n|\n|t:|1774446341\n|move|p2a: Vangwe|Taunt|p1b: Calyrex\n|-start|p1b: Calyrex|move: Taunt\n|move|p1b: Calyrex|Glacial Lance|p2b: Drambor|[spread] p2a,p2b\n|-supereffective|p2a: Vangwe\n|-supereffective|p2b: Drambor\n|-damage|p2a: Vangwe|0 fnt\n|-damage|p2b: Drambor|59/100\n|faint|p2a: Vangwe\n|-ability|p1b: Calyrex|Chilling Neigh|boost\n|-boost|p1b: Calyrex|atk|1\n|move|p1a: Kyogre|Water Spout|p2b: Drambor\n|-resisted|p2b: Drambor\n|-damage|p2b: Drambor|0 fnt\n|faint|p2b: Drambor\n|\n|-weather|RainDance|[upkeep]\n|-heal|p1b: Calyrex|72/100|[from] item: Leftovers\n|upkeep\n|\n|t:|1774446356\n|switch|p2a: Beowulf|Urshifu-Rapid-Strike, L50, M|84/100\n|switch|p2b: Mithrandir|Calyrex-Shadow, L50|100/100\n|-ability|p2b: Mithrandir|As One\n|-ability|p2b: Mithrandir|Unnerve\n|turn|4\n|\n|t:|1774446366\n|move|p2b: Mithrandir|Protect|p2b: Mithrandir\n|-singleturn|p2b: Mithrandir|Protect\n|move|p1b: Calyrex|Glacial Lance|p2a: Beowulf|[spread] p2a\n|-activate|p2b: Mithrandir|move: Protect\n|-resisted|p2a: Beowulf\n|-damage|p2a: Beowulf|49/100\n|move|p1a: Kyogre|Water Spout|p2a: Beowulf|[spread] p2a\n|-activate|p2b: Mithrandir|move: Protect\n|-resisted|p2a: Beowulf\n|-damage|p2a: Beowulf|0 fnt\n|faint|p2a: Beowulf\n|\n|-weather|RainDance|[upkeep]\n|-heal|p1b: Calyrex|78/100|[from] item: Leftovers\n|upkeep\n|turn|5\n|\n|t:|1774446383\n|move|p2b: Mithrandir|Protect||[still]\n|-fail|p2b: Mithrandir\n|move|p1b: Calyrex|Glacial Lance|p2b: Mithrandir\n|-damage|p2b: Mithrandir|11/100\n|move|p1a: Kyogre|Water Spout|p2b: Mithrandir\n|-damage|p2b: Mithrandir|0 fnt\n|faint|p2b: Mithrandir\n|\n|win|no_zoroark\n|raw|no_zoroark's rating: 1316 &rarr; <strong>1341</strong><br />(+25 for winning)\n|raw|Mirthinion's rating: 1409 &rarr; <strong>1384</strong><br />(-25 for losing)\n","uploadtime":1774446391,"views":57,"formatid":"gen9vgc2026regi","rating":1341,"private":0,"password":null}