{"id":"gen9vgc2026regi-2568789790","format":"[Gen 9] VGC 2026 Reg I","players":["lattewave","blackred123"],"log":"|j|\u2606lattewave\n|j|\u2606blackred123\n|t:|1774623162\n|gametype|doubles\n|player|p1|lattewave|sisandbro|1404\n|player|p2|blackred123|iono-masters|1414\n|gen|9\n|tier|[Gen 9] VGC 2026 Reg I\n|rated|\n|rule|Species Clause: Limit one of each Pok\u00e9mon\n|rule|Item Clause: Limit 1 of each item\n|clearpoke\n|poke|p1|Terapagos, L50, M|\n|poke|p1|Ogerpon-Wellspring, L50, F|\n|poke|p1|Toxapex, L50, F|\n|poke|p1|Ditto, L50|\n|poke|p1|Gouging Fire, L50|\n|poke|p1|Zacian-*, L50|\n|poke|p2|Amoonguss, L50, F|\n|poke|p2|Calyrex-Ice, L50|\n|poke|p2|Kyogre, L50|\n|poke|p2|Grimmsnarl, L50, M|\n|poke|p2|Flutter Mane, L50|\n|poke|p2|Basculegion, L50, M|\n|teampreview|4\n|inactive|Battle timer is ON: inactive players will automatically lose when time's up. (requested by blackred123)\n|j| Hao_poke\n|\n|t:|1774623189\n|teamsize|p1|4\n|teamsize|p2|4\n|start\n|switch|p1a: Toxapex|Toxapex, L50, F|100/100\n|switch|p1b: Terapagos|Terapagos, L50, M|100/100\n|switch|p2a: Calyrex|Calyrex-Ice, L50|100/100\n|switch|p2b: Grimmsnarl|Grimmsnarl, L50, M|100/100\n|-activate|p1b: Terapagos|ability: Tera Shift\n|detailschange|p1b: Terapagos|Terapagos-Terastal, L50, M\n|-heal|p1b: Terapagos|100/100|[silent]\n|-ability|p2a: Calyrex|As One\n|-ability|p2a: Calyrex|Unnerve\n|turn|1\n|\n|t:|1774623203\n|move|p2b: Grimmsnarl|Light Screen|p2b: Grimmsnarl\n|-sidestart|p2: blackred123|move: Light Screen\n|move|p1b: Terapagos|Tera Starstorm|p2b: Grimmsnarl\n|-damage|p2b: Grimmsnarl|46/100\n|move|p2a: Calyrex|Leech Seed|p1b: Terapagos\n|-start|p1b: Terapagos|move: Leech Seed\n|move|p1a: Toxapex|Infestation|p2b: Grimmsnarl\n|-damage|p2b: Grimmsnarl|44/100\n|-activate|p2b: Grimmsnarl|move: Infestation|[of] p1a: Toxapex\n|\n|-damage|p1b: Terapagos|88/100|[from] Leech Seed|[of] p2a: Calyrex\n|-damage|p2b: Grimmsnarl|28/100|[from] move: Infestation|[partiallytrapped]\n|upkeep\n|turn|2\n|\n|t:|1774623220\n|switch|p1b: Zacian|Zacian-Crowned, L50|100/100\n|-ability|p1b: Zacian|Intrepid Sword|boost\n|-boost|p1b: Zacian|atk|1\n|move|p2b: Grimmsnarl|Spirit Break|p1b: Zacian\n|-resisted|p1b: Zacian\n|-damage|p1b: Zacian|88/100\n|-unboost|p1b: Zacian|spa|1\n|move|p2a: Calyrex|Leech Seed|p1a: Toxapex\n|-start|p1a: Toxapex|move: Leech Seed\n|move|p1a: Toxapex|Infestation|p2a: Calyrex\n|-supereffective|p2a: Calyrex\n|-damage|p2a: Calyrex|98/100\n|-activate|p2a: Calyrex|move: Infestation|[of] p1a: Toxapex\n|\n|-heal|p2a: Calyrex|100/100|[from] item: Leftovers\n|-damage|p1a: Toxapex|88/100|[from] Leech Seed|[of] p2a: Calyrex\n|-damage|p2b: Grimmsnarl|11/100|[from] move: Infestation|[partiallytrapped]\n|-damage|p2a: Calyrex|84/100|[from] move: Infestation|[partiallytrapped]\n|upkeep\n|turn|3\n|inactive|blackred123 has 30 seconds left.\n|\n|t:|1774623248\n|move|p1b: Zacian|Protect|p1b: Zacian\n|-singleturn|p1b: Zacian|Protect\n|move|p2b: Grimmsnarl|Reflect|p2b: Grimmsnarl\n|-sidestart|p2: blackred123|Reflect\n|move|p2a: Calyrex|Leech Seed|p1b: Zacian\n|-activate|p1b: Zacian|move: Protect\n|move|p1a: Toxapex|Chilling Water|p2a: Calyrex\n|-damage|p2a: Calyrex|79/100\n|-unboost|p2a: Calyrex|atk|1\n|\n|-heal|p2a: Calyrex|85/100|[from] item: Leftovers\n|-damage|p1a: Toxapex|76/100|[from] Leech Seed|[of] p2a: Calyrex\n|-heal|p2a: Calyrex|94/100|[silent]\n|-damage|p2b: Grimmsnarl|0 fnt|[from] move: Infestation|[partiallytrapped]\n|faint|p2b: Grimmsnarl\n|-damage|p2a: Calyrex|77/100|[from] move: Infestation|[partiallytrapped]\n|upkeep\n|\n|t:|1774623252\n|switch|p2b: Kyogre|Kyogre, L50|100/100\n|-weather|RainDance|[from] ability: Drizzle|[of] p2b: Kyogre\n|turn|4\n|\n|t:|1774623268\n|move|p2b: Kyogre|Protect|p2b: Kyogre\n|-singleturn|p2b: Kyogre|Protect\n|move|p1b: Zacian|Play Rough|p2b: Kyogre\n|-activate|p2b: Kyogre|move: Protect\n|move|p1a: Toxapex|Infestation|p2b: Kyogre\n|-activate|p2b: Kyogre|move: Protect\n|move|p2a: Calyrex|Trick Room|p2a: Calyrex\n|-fieldstart|move: Trick Room|[of] p2a: Calyrex\n|\n|-weather|RainDance|[upkeep]\n|-heal|p2a: Calyrex|83/100|[from] item: Leftovers\n|-damage|p1a: Toxapex|64/100|[from] Leech Seed|[of] p2a: Calyrex\n|-heal|p2a: Calyrex|92/100|[silent]\n|-damage|p2a: Calyrex|76/100|[from] move: Infestation|[partiallytrapped]\n|upkeep\n|turn|5\n|\n|t:|1774623286\n|move|p1b: Zacian|Protect|p1b: Zacian\n|-singleturn|p1b: Zacian|Protect\n|move|p1a: Toxapex|Recover|p1a: Toxapex\n|-heal|p1a: Toxapex|100/100\n|move|p2a: Calyrex|Leech Seed|p1b: Zacian\n|-activate|p1b: Zacian|move: Protect\n|move|p2b: Kyogre|Hydro Pump|p1a: Toxapex|[miss]\n|-miss|p2b: Kyogre|p1a: Toxapex\n|\n|-weather|RainDance|[upkeep]\n|-heal|p2a: Calyrex|82/100|[from] item: Leftovers\n|-damage|p1a: Toxapex|88/100|[from] Leech Seed|[of] p2a: Calyrex\n|-heal|p2a: Calyrex|91/100|[silent]\n|-damage|p2a: Calyrex|74/100|[from] move: Infestation|[partiallytrapped]\n|upkeep\n|turn|6\n|\n|t:|1774623300\n|switch|p1b: Ogerpon|Ogerpon-Wellspring, L50, F|100/100\n|move|p1a: Toxapex|Infestation|p2b: Kyogre\n|-damage|p2b: Kyogre|99/100\n|-activate|p2b: Kyogre|move: Infestation|[of] p1a: Toxapex\n|move|p2a: Calyrex|Leech Seed|p1b: Ogerpon\n|-immune|p1b: Ogerpon\n|move|p2b: Kyogre|Hydro Pump|p1b: Ogerpon\n|-immune|p1b: Ogerpon|[from] ability: Water Absorb\n|\n|-weather|RainDance|[upkeep]\n|-heal|p2a: Calyrex|80/100|[from] item: Leftovers\n|-damage|p1a: Toxapex|76/100|[from] Leech Seed|[of] p2a: Calyrex\n|-heal|p2a: Calyrex|89/100|[silent]\n|-end|p2a: Calyrex|Infestation|[partiallytrapped]\n|-damage|p2b: Kyogre|82/100|[from] move: Infestation|[partiallytrapped]\n|upkeep\n|turn|7\n|\n|t:|1774623320\n|-terastallize|p2b: Kyogre|Grass\n|move|p1a: Toxapex|Infestation|p2a: Calyrex\n|-supereffective|p2a: Calyrex\n|-damage|p2a: Calyrex|87/100\n|-activate|p2a: Calyrex|move: Infestation|[of] p1a: Toxapex\n|move|p2a: Calyrex|Glacial Lance|p1b: Ogerpon|[spread] p1a,p1b\n|-resisted|p1a: Toxapex\n|-damage|p1a: Toxapex|66/100\n|-damage|p1b: Ogerpon|65/100\n|move|p1b: Ogerpon|Wood Hammer|p2b: Kyogre\n|-resisted|p2b: Kyogre\n|-damage|p2b: Kyogre|57/100\n|-damage|p1b: Ogerpon|57/100|[from] Recoil\n|move|p2b: Kyogre|Origin Pulse|p1b: Ogerpon|[spread] p1a\n|-heal|p1b: Ogerpon|81/100|[from] ability: Water Absorb|[of] p2b: Kyogre\n|-resisted|p1a: Toxapex\n|-damage|p1a: Toxapex|30/100\n|\n|-weather|RainDance|[upkeep]\n|-heal|p2a: Calyrex|93/100|[from] item: Leftovers\n|-damage|p1a: Toxapex|18/100|[from] Leech Seed|[of] p2a: Calyrex\n|-heal|p2a: Calyrex|100/100|[silent]\n|-damage|p2a: Calyrex|84/100|[from] move: Infestation|[partiallytrapped]\n|-damage|p2b: Kyogre|41/100|[from] move: Infestation|[partiallytrapped]\n|upkeep\n|turn|8\n|inactive|lattewave has 30 seconds left.\n|inactive|blackred123 has 30 seconds left.\n|\n|t:|1774623348\n|switch|p1b: Terapagos|Terapagos-Terastal, L50, M|88/100\n|move|p1a: Toxapex|Recover|p1a: Toxapex\n|-heal|p1a: Toxapex|69/100\n|move|p2a: Calyrex|Glacial Lance|p1a: Toxapex|[spread] p1a,p1b\n|-resisted|p1a: Toxapex\n|-damage|p1a: Toxapex|57/100\n|-damage|p1b: Terapagos|61/100\n|move|p2b: Kyogre|Hydro Pump|p1a: Toxapex\n|-resisted|p1a: Toxapex\n|-damage|p1a: Toxapex|12/100\n|\n|-weather|none\n|-heal|p2a: Calyrex|90/100|[from] item: Leftovers\n|-damage|p1a: Toxapex|0 fnt|[from] Leech Seed|[of] p2a: Calyrex\n|-heal|p2a: Calyrex|99/100|[silent]\n|faint|p1a: Toxapex\n|-end|p2a: Calyrex|Infestation|[partiallytrapped]|[silent]\n|-end|p2b: Kyogre|Infestation|[partiallytrapped]|[silent]\n|-sideend|p2: blackred123|move: Light Screen\n|-fieldend|move: Trick Room\n|upkeep\n|\n|t:|1774623359\n|switch|p1a: Zacian|Zacian-Crowned, L50|88/100\n|turn|9\n|\n|t:|1774623365\n|switch|p2b: Basculegion|Basculegion, L50, M|100/100\n|-terastallize|p1b: Terapagos|Stellar\n|detailschange|p1b: Terapagos|Terapagos-Stellar, L50, M, tera:Stellar\n|-heal|p1b: Terapagos|71/100|[silent]\n|move|p2a: Calyrex|Protect|p2a: Calyrex\n|-singleturn|p2a: Calyrex|Protect\n|move|p1a: Zacian|Behemoth Blade|p2a: Calyrex\n|-activate|p2a: Calyrex|move: Protect\n|move|p1b: Terapagos|Tera Starstorm|p2a: Calyrex|[spread] p2b\n|-activate|p2a: Calyrex|move: Protect\n|-damage|p2b: Basculegion|38/100\n|\n|-heal|p2a: Calyrex|100/100|[from] item: Leftovers\n|upkeep\n|turn|10\n|\n|t:|1774623379\n|switch|p2a: Kyogre|Kyogre, L50, tera:Grass|41/100\n|-weather|RainDance|[from] ability: Drizzle|[of] p2a: Kyogre\n|move|p2b: Basculegion|Wave Crash|p1a: Zacian\n|-damage|p1a: Zacian|0 fnt\n|faint|p1a: Zacian\n|-damage|p2b: Basculegion|11/100|[from] Recoil\n|-damage|p2b: Basculegion|1/100|[from] item: Life Orb\n|move|p1b: Terapagos|Tera Starstorm|p2b: Basculegion|[spread] p2a,p2b\n|-supereffective|p2a: Kyogre\n|-damage|p2a: Kyogre|0 fnt\n|-damage|p2b: Basculegion|0 fnt\n|faint|p2a: Kyogre\n|faint|p2b: Basculegion\n|\n|-weather|RainDance|[upkeep]\n|-sideend|p2: blackred123|Reflect\n|upkeep\n|\n|t:|1774623386\n|switch|p1a: Ogerpon|Ogerpon-Wellspring, L50, F|81/100\n|switch|p2b: Calyrex|Calyrex-Ice, L50|100/100\n|-ability|p2b: Calyrex|As One\n|-ability|p2b: Calyrex|Unnerve\n|turn|11\n|\n|t:|1774623393\n|move|p1a: Ogerpon|Ivy Cudgel|p2b: Calyrex|[anim] Ivy Cudgel Water\n|-damage|p2b: Calyrex|57/100\n|move|p1b: Terapagos|Tera Starstorm|p2b: Calyrex\n|-damage|p2b: Calyrex|8/100\n|move|p2b: Calyrex|Leech Seed|p1b: Terapagos\n|-start|p1b: Terapagos|move: Leech Seed\n|\n|-weather|RainDance|[upkeep]\n|-heal|p2b: Calyrex|14/100|[from] item: Leftovers\n|-damage|p1b: Terapagos|59/100|[from] Leech Seed|[of] p2b: Calyrex\n|-heal|p2b: Calyrex|30/100|[silent]\n|upkeep\n|turn|12\n|\n|t:|1774623406\n|move|p2b: Calyrex|Protect|p2b: Calyrex\n|-singleturn|p2b: Calyrex|Protect\n|move|p1a: Ogerpon|Ivy Cudgel|p2b: Calyrex|[anim] Ivy Cudgel Water\n|-activate|p2b: Calyrex|move: Protect\n|move|p1b: Terapagos|Tera Starstorm|p2b: Calyrex\n|-activate|p2b: Calyrex|move: Protect\n|\n|-weather|RainDance|[upkeep]\n|-heal|p2b: Calyrex|36/100|[from] item: Leftovers\n|-damage|p1b: Terapagos|46/100|[from] Leech Seed|[of] p2b: Calyrex\n|-heal|p2b: Calyrex|52/100|[silent]\n|upkeep\n|turn|13\n|\n|t:|1774623420\n|move|p2b: Calyrex|Protect||[still]\n|-fail|p2b: Calyrex\n|move|p1a: Ogerpon|Ivy Cudgel|p2b: Calyrex|[anim] Ivy Cudgel Water\n|-damage|p2b: Calyrex|4/100\n|move|p1b: Terapagos|Tera Starstorm|p2b: Calyrex\n|-damage|p2b: Calyrex|0 fnt\n|faint|p2b: Calyrex\n|\n|win|lattewave\n|raw|lattewave's rating: 1404 &rarr; <strong>1425</strong><br />(+21 for winning)\n|raw|blackred123's rating: 1414 &rarr; <strong>1393</strong><br />(-21 for losing)\n|l|\u2606blackred123\n|player|p2|\n|l| Hao_poke\n","uploadtime":1774623618,"views":7,"formatid":"gen9vgc2026regi","rating":1393,"private":0,"password":null}