{"id":"gen9vgc2026regi-2519292585","format":"[Gen 9] VGC 2026 Reg I","players":["dthk1216","woj_yd"],"log":"|j|\u2606dthk1216\n|j|\u2606woj_yd\n|t:|1768492847\n|gametype|doubles\n|player|p1|dthk1216|dawn|1507\n|player|p2|woj_yd|steven|1396\n|gen|9\n|tier|[Gen 9] VGC 2026 Reg I\n|rated|\n|rule|Species Clause: Limit one of each Pok\u00e9mon\n|rule|Item Clause: Limit 1 of each item\n|clearpoke\n|poke|p1|Calyrex-Ice, L50|\n|poke|p1|Kyogre, L50|\n|poke|p1|Urshifu-*, L50, M|\n|poke|p1|Rillaboom, L50, F|\n|poke|p1|Grimmsnarl, L50, M|\n|poke|p1|Amoonguss, L50, M|\n|poke|p2|Groudon, L50|\n|poke|p2|Lunala, L50|\n|poke|p2|Chi-Yu, L50|\n|poke|p2|Walking Wake, L50|\n|poke|p2|Shiftry, L50, F|\n|poke|p2|Urshifu-*, L50, M|\n|teampreview|4\n|inactive|Battle timer is ON: inactive players will automatically lose when time's up. (requested by dthk1216)\n|inactive|dthk1216 has 60 seconds left.\n|inactive|woj_yd has 60 seconds left.\n|\n|t:|1768492906\n|teamsize|p1|4\n|teamsize|p2|4\n|start\n|switch|p1a: Amoonguss|Amoonguss, L50, M|100/100\n|switch|p1b: Grimmsnarl|Grimmsnarl, L50, M|100/100\n|switch|p2a: Chi-Yu|Chi-Yu, L50|100/100\n|switch|p2b: Urshifu|Urshifu, L50, M|100/100\n|-ability|p2a: Chi-Yu|Beads of Ruin\n|turn|1\n|inactive|dthk1216 has 30 seconds left.\n|inactive|woj_yd has 30 seconds left.\n|inactive|dthk1216 has 20 seconds left.\n|\n|t:|1768492942\n|-terastallize|p1a: Amoonguss|Dark\n|move|p1b: Grimmsnarl|Light Screen|p1b: Grimmsnarl\n|-sidestart|p1: dthk1216|move: Light Screen\n|move|p2a: Chi-Yu|Heat Wave|p1b: Grimmsnarl|[spread] p1a,p1b\n|-damage|p1a: Amoonguss|68/100\n|-damage|p1b: Grimmsnarl|66/100\n|-status|p1b: Grimmsnarl|brn\n|move|p2b: Urshifu|Wicked Blow|p1a: Amoonguss\n|-resisted|p1a: Amoonguss\n|-crit|p1a: Amoonguss\n|-damage|p1a: Amoonguss|44/100\n|-damage|p2b: Urshifu|84/100|[from] item: Rocky Helmet|[of] p1a: Amoonguss\n|move|p1a: Amoonguss|Spore|p2b: Urshifu\n|-status|p2b: Urshifu|slp|[from] move: Spore\n|\n|-damage|p1b: Grimmsnarl|60/100 brn|[from] brn\n|upkeep\n|turn|2\n|\n|t:|1768492963\n|switch|p2b: Groudon|Groudon, L50|100/100\n|-weather|SunnyDay|[from] ability: Drought|[of] p2b: Groudon\n|switch|p1b: Kyogre|Kyogre, L50|100/100\n|-weather|RainDance|[from] ability: Drizzle|[of] p1b: Kyogre\n|move|p2a: Chi-Yu|Heat Wave|p1b: Kyogre|[spread] p1a,p1b\n|-resisted|p1b: Kyogre\n|-damage|p1a: Amoonguss|27/100\n|-damage|p1b: Kyogre|94/100\n|move|p1a: Amoonguss|Spore|p2a: Chi-Yu\n|-status|p2a: Chi-Yu|slp|[from] move: Spore\n|\n|-weather|RainDance|[upkeep]\n|upkeep\n|turn|3\n|inactive|woj_yd has 30 seconds left.\n|\n|t:|1768492991\n|switch|p2a: Walking Wake|Walking Wake, L50|100/100\n|switch|p2b: Urshifu|Urshifu, L50, M|84/100 slp\n|switch|p1a: Calyrex|Calyrex-Ice, L50|100/100\n|-ability|p1a: Calyrex|As One\n|-ability|p1a: Calyrex|Unnerve\n|move|p1b: Kyogre|Water Spout|p2b: Urshifu|[spread] p2a,p2b\n|-resisted|p2a: Walking Wake\n|-damage|p2a: Walking Wake|59/100\n|-damage|p2b: Urshifu|0 fnt\n|faint|p2b: Urshifu\n|\n|-weather|RainDance|[upkeep]\n|upkeep\n|\n|t:|1768493006\n|switch|p2b: Groudon|Groudon, L50|100/100\n|-weather|SunnyDay|[from] ability: Drought|[of] p2b: Groudon\n|-activate|p2a: Walking Wake|ability: Protosynthesis\n|-start|p2a: Walking Wake|protosynthesisspe\n|turn|4\n|\n|t:|1768493021\n|switch|p1b: Grimmsnarl|Grimmsnarl, L50, M|60/100 brn\n|move|p1a: Calyrex|Protect|p1a: Calyrex\n|-singleturn|p1a: Calyrex|Protect\n|move|p2a: Walking Wake|Weather Ball|p1a: Calyrex\n|-activate|p1a: Calyrex|move: Protect\n|move|p2b: Groudon|Precipice Blades|p1a: Calyrex|[spread] p1b\n|-activate|p1a: Calyrex|move: Protect\n|-damage|p1b: Grimmsnarl|6/100 brn\n|\n|-weather|SunnyDay|[upkeep]\n|-damage|p1b: Grimmsnarl|0 fnt|[from] brn\n|faint|p1b: Grimmsnarl\n|upkeep\n|\n|t:|1768493034\n|switch|p1b: Kyogre|Kyogre, L50|94/100\n|-weather|RainDance|[from] ability: Drizzle|[of] p1b: Kyogre\n|-end|p2a: Walking Wake|Protosynthesis\n|turn|5\n|\n|t:|1768493051\n|switch|p1b: Amoonguss|Amoonguss, L50, M, tera:Dark|60/100\n|switch|p2b: Chi-Yu|Chi-Yu, L50|100/100 slp\n|-ability|p2b: Chi-Yu|Beads of Ruin\n|move|p2a: Walking Wake|Protect|p2a: Walking Wake\n|-singleturn|p2a: Walking Wake|Protect\n|move|p1a: Calyrex|Trick Room|p1a: Calyrex\n|-fieldstart|move: Trick Room|[of] p1a: Calyrex\n|\n|-weather|RainDance|[upkeep]\n|upkeep\n|turn|6\n|-message|woj_yd forfeited.\n|\n|win|dthk1216\n|raw|dthk1216's rating: 1507 &rarr; <strong>1521</strong><br />(+14 for winning)\n|raw|woj_yd's rating: 1396 &rarr; <strong>1382</strong><br />(-14 for losing)\n|l|\u2606woj_yd\n|player|p2|\n|l|\u2606dthk1216\n|player|p1|\n","uploadtime":1768493219,"views":18,"formatid":"gen9vgc2026regi","rating":1382,"private":0,"password":null}