{"id":"gen9vgc2026regi-2561589031","format":"[Gen 9] VGC 2026 Reg I","players":["It'sJustKen VGC","Yx3003"],"log":"|j|\u2606It'sJustKen VGC\n|j|\u2606Yx3003\n|t:|1773817975\n|gametype|doubles\n|player|p1|It'sJustKen VGC|265|1488\n|player|p2|Yx3003|bugcatcher-gen4dp|1446\n|gen|9\n|tier|[Gen 9] VGC 2026 Reg I\n|rated|\n|rule|Species Clause: Limit one of each Pok\u00e9mon\n|rule|Item Clause: Limit 1 of each item\n|clearpoke\n|poke|p1|Iron Hands, L50|\n|poke|p1|Incineroar, L50, F|\n|poke|p1|Calyrex-Shadow, L50|\n|poke|p1|Whimsicott, L50, F|\n|poke|p1|Farigiraf, L50, F|\n|poke|p1|Miraidon, L50|\n|poke|p2|Miraidon, L50|\n|poke|p2|Lunala, L50|\n|poke|p2|Incineroar, L50, F|\n|poke|p2|Urshifu-*, L50, F|\n|poke|p2|Ogerpon-Cornerstone, L50, F|\n|poke|p2|Grimmsnarl, L50, M|\n|teampreview|4\n|inactive|Battle timer is ON: inactive players will automatically lose when time's up. (requested by Yx3003)\n|inactive|It'sJustKen VGC also wants the timer to be on.\n|inactive|Yx3003 has 60 seconds left.\n|\n|t:|1773818011\n|teamsize|p1|4\n|teamsize|p2|4\n|start\n|switch|p1a: Farigiraf|Farigiraf, L50, F|100/100\n|switch|p1b: Miraidon|Miraidon, L50, shiny|100/100\n|switch|p2a: Grimmsnarl|Grimmsnarl, L50, M|100/100\n|switch|p2b: Miraidon|Miraidon, L50|100/100\n|-fieldstart|move: Electric Terrain|[from] ability: Hadron Engine|[of] p2b: Miraidon\n|-enditem|p1a: Farigiraf|Electric Seed\n|-boost|p1a: Farigiraf|def|1|[from] item: Electric Seed\n|-activate|p1b: Miraidon|ability: Hadron Engine\n|turn|1\n|\n|t:|1773818027\n|-terastallize|p1b: Miraidon|Fairy\n|move|p2a: Grimmsnarl|Light Screen|p2a: Grimmsnarl\n|-sidestart|p2: Yx3003|move: Light Screen\n|move|p2b: Miraidon|Volt Switch|p1a: Farigiraf\n|-damage|p1a: Farigiraf|0 fnt\n|faint|p1a: Farigiraf\n|\n|t:|1773818045\n|switch|p2b: Lunala|Lunala, L50|100/100|[from] Volt Switch\n|move|p1b: Miraidon|Dazzling Gleam|p2b: Lunala|[spread] p2a,p2b\n|-supereffective|p2a: Grimmsnarl\n|-damage|p2a: Grimmsnarl|17/100\n|-damage|p2b: Lunala|83/100\n|\n|-heal|p2b: Lunala|89/100|[from] item: Leftovers\n|upkeep\n|\n|t:|1773818050\n|switch|p1a: Incineroar|Incineroar, L50, F|100/100\n|-ability|p1a: Incineroar|Intimidate|boost\n|-unboost|p2a: Grimmsnarl|atk|1\n|-unboost|p2b: Lunala|atk|1\n|turn|2\n|\n|t:|1773818060\n|move|p2b: Lunala|Protect|p2b: Lunala\n|-singleturn|p2b: Lunala|Protect\n|move|p1a: Incineroar|Fake Out|p2a: Grimmsnarl\n|-damage|p2a: Grimmsnarl|5/100\n|cant|p2a: Grimmsnarl|flinch\n|move|p1b: Miraidon|Dazzling Gleam|p2b: Lunala|[spread] p2a\n|-activate|p2b: Lunala|move: Protect\n|-supereffective|p2a: Grimmsnarl\n|-damage|p2a: Grimmsnarl|0 fnt\n|faint|p2a: Grimmsnarl\n|\n|-heal|p2b: Lunala|96/100|[from] item: Leftovers\n|upkeep\n|\n|t:|1773818068\n|switch|p2a: Miraidon|Miraidon, L50|100/100\n|-activate|p2a: Miraidon|ability: Hadron Engine\n|turn|3\n|\n|t:|1773818078\n|switch|p1a: Iron Hands|Iron Hands, L50|100/100\n|-activate|p1a: Iron Hands|ability: Quark Drive\n|-start|p1a: Iron Hands|quarkdriveatk\n|-terastallize|p2b: Lunala|Fairy\n|move|p2a: Miraidon|Electro Drift|p1b: Miraidon\n|-damage|p1b: Miraidon|0 fnt\n|faint|p1b: Miraidon\n|move|p2b: Lunala|Calm Mind|p2b: Lunala\n|-boost|p2b: Lunala|spa|1\n|-boost|p2b: Lunala|spd|1\n|\n|-heal|p2b: Lunala|100/100|[from] item: Leftovers\n|upkeep\n|\n|t:|1773818087\n|switch|p1b: Incineroar|Incineroar, L50, F|100/100\n|-ability|p1b: Incineroar|Intimidate|boost\n|-unboost|p2a: Miraidon|atk|1\n|-unboost|p2b: Lunala|atk|1\n|turn|4\n|\n|t:|1773818096\n|move|p1b: Incineroar|Fake Out|p2a: Miraidon\n|-damage|p2a: Miraidon|91/100\n|cant|p2a: Miraidon|flinch\n|move|p2b: Lunala|Moonblast|p1a: Iron Hands\n|-supereffective|p1a: Iron Hands\n|-damage|p1a: Iron Hands|32/100\n|move|p1a: Iron Hands|Low Kick|p2a: Miraidon\n|-damage|p2a: Miraidon|1/100\n|\n|upkeep\n|turn|5\n|\n|t:|1773818107\n|move|p2a: Miraidon|Electro Drift|p1b: Incineroar\n|-crit|p1b: Incineroar\n|-damage|p1b: Incineroar|0 fnt\n|-damage|p2a: Miraidon|0 fnt|[from] item: Rocky Helmet|[of] p1b: Incineroar\n|faint|p1b: Incineroar\n|faint|p2a: Miraidon\n|move|p2b: Lunala|Moonblast|p1a: Iron Hands\n|-supereffective|p1a: Iron Hands\n|-damage|p1a: Iron Hands|0 fnt\n|faint|p1a: Iron Hands\n|-end|p1a: Iron Hands|Quark Drive|[silent]\n|\n|win|Yx3003\n|raw|It&apos;sJustKen VGC's rating: 1488 &rarr; <strong>1466</strong><br />(-22 for losing)\n|raw|Yx3003's rating: 1446 &rarr; <strong>1468</strong><br />(+22 for winning)\n","uploadtime":1773818166,"views":16,"formatid":"gen9vgc2026regi","rating":1466,"private":0,"password":null}