{"id":"gen9vgc2026regi-2561940540","format":"[Gen 9] VGC 2026 Reg I","players":["Gorfgob","CHR1SPHX"],"log":"|j|\u2606Gorfgob\n|j|\u2606CHR1SPHX\n|t:|1773856561\n|gametype|doubles\n|player|p1|Gorfgob|101|1224\n|player|p2|CHR1SPHX|hilbert|1236\n|gen|9\n|tier|[Gen 9] VGC 2026 Reg I\n|rated|\n|rule|Species Clause: Limit one of each Pok\u00e9mon\n|rule|Item Clause: Limit 1 of each item\n|clearpoke\n|poke|p1|Ho-Oh, L50|\n|poke|p1|Koraidon, L50|\n|poke|p1|Flutter Mane, L50|\n|poke|p1|Rillaboom, L50, F|\n|poke|p1|Landorus-Therian, L50, M|\n|poke|p1|Farigiraf, L50, M|\n|poke|p2|Flutter Mane, L50|\n|poke|p2|Incineroar, L50, M|\n|poke|p2|Ursaluna-Bloodmoon, L50, M|\n|poke|p2|Amoonguss, L50, M|\n|poke|p2|Koraidon, L50|\n|poke|p2|Lunala, L50|\n|teampreview|4\n|inactive|Battle timer is ON: inactive players will automatically lose when time's up. (requested by CHR1SPHX)\nCHR1SPHX has agreed to open team sheets.\n|inactive|Gorfgob has 60 seconds left.\n|inactive|CHR1SPHX has 60 seconds left.\n|inactive|Gorfgob has 30 seconds left.\n|\n|t:|1773856626\n|teamsize|p1|4\n|teamsize|p2|4\n|start\n|switch|p1a: Farigiraf|Farigiraf, L50, M|100/100\n|switch|p1b: Ho-Oh|Ho-Oh, L50|100/100\n|switch|p2a: Flutter Mane|Flutter Mane, L50|100/100\n|switch|p2b: Amoonguss|Amoonguss, L50, M, shiny|100/100\n|turn|1\n|inactive|CHR1SPHX has 30 seconds left.\n|\n|t:|1773856655\n|-end|p2a: Flutter Mane|Protosynthesis|[silent]\n|switch|p2a: Incineroar|Incineroar, L50, M|100/100\n|-ability|p2a: Incineroar|Intimidate|boost\n|-unboost|p1a: Farigiraf|atk|1\n|-fail|p1b: Ho-Oh|unboost|[from] item: Clear Amulet|[of] p1b: Ho-Oh\n|move|p1b: Ho-Oh|Brave Bird|p2a: Incineroar\n|-damage|p2a: Incineroar|48/100\n|-damage|p1b: Ho-Oh|84/100|[from] Recoil\n|move|p1a: Farigiraf|Imprison|p1a: Farigiraf\n|-start|p1a: Farigiraf|move: Imprison\n|move|p2b: Amoonguss|Spore|p1b: Ho-Oh\n|-status|p1b: Ho-Oh|slp|[from] move: Spore\n|\n|upkeep\n|turn|2\n|\n|t:|1773856674\n|cant|p1b: Ho-Oh|slp\n|move|p2a: Incineroar|Knock Off|p1a: Farigiraf\n|-supereffective|p1a: Farigiraf\n|-damage|p1a: Farigiraf|42/100\n|-enditem|p1a: Farigiraf|Leftovers|[from] move: Knock Off|[of] p2a: Incineroar\n|move|p1a: Farigiraf|Dazzling Gleam|p2b: Amoonguss|[spread] p2a,p2b\n|-resisted|p2b: Amoonguss\n|-damage|p2a: Incineroar|37/100\n|-damage|p2b: Amoonguss|95/100\n|move|p2b: Amoonguss|Pollen Puff|p2a: Incineroar\n|-heal|p2a: Incineroar|87/100\n|\n|upkeep\n|turn|3\n|\n|t:|1773856689\n|cant|p1b: Ho-Oh|slp\n|move|p2a: Incineroar|Parting Shot|p1b: Ho-Oh\n|-fail|p1b: Ho-Oh|unboost|[from] item: Clear Amulet|[of] p1b: Ho-Oh\n|move|p1a: Farigiraf|Dazzling Gleam|p2b: Amoonguss|[spread] p2a,p2b\n|-resisted|p2b: Amoonguss\n|-damage|p2a: Incineroar|75/100\n|-damage|p2b: Amoonguss|90/100\n|move|p2b: Amoonguss|Spore|p1a: Farigiraf\n|-status|p1a: Farigiraf|slp|[from] move: Spore\n|\n|upkeep\n|turn|4\n|\n|t:|1773856705\n|switch|p1a: Koraidon|Koraidon, L50|100/100\n|-weather|SunnyDay|[from] ability: Orichalcum Pulse|[of] p1a: Koraidon\n|-activate|p1a: Koraidon|Orichalcum Pulse|[source]\n|cant|p1b: Ho-Oh|slp\n|move|p2a: Incineroar|Knock Off|p1b: Ho-Oh\n|-damage|p1b: Ho-Oh|48/100 slp\n|-enditem|p1b: Ho-Oh|Clear Amulet|[from] move: Knock Off|[of] p2a: Incineroar\n|move|p2b: Amoonguss|Spore|p1a: Koraidon\n|-status|p1a: Koraidon|slp|[from] move: Spore\n|\n|-weather|SunnyDay|[upkeep]\n|upkeep\n|turn|5\n|inactive|CHR1SPHX has 30 seconds left.\n|\n|t:|1773856737\n|switch|p1a: Farigiraf|Farigiraf, L50, M|42/100 slp\n|-terastallize|p2b: Amoonguss|Water\n|-curestatus|p1b: Ho-Oh|slp|[msg]\n|move|p1b: Ho-Oh|Sacred Fire|p2b: Amoonguss\n|-resisted|p2b: Amoonguss\n|-damage|p2b: Amoonguss|56/100\n|move|p2a: Incineroar|Parting Shot|p1a: Farigiraf\n|-unboost|p1a: Farigiraf|atk|1\n|-unboost|p1a: Farigiraf|spa|1\n|\n|t:|1773856752\n|switch|p2a: Flutter Mane|Flutter Mane, L50|100/100|[from] Parting Shot\n|-activate|p2a: Flutter Mane|ability: Protosynthesis\n|-start|p2a: Flutter Mane|protosynthesisspe\n|move|p2b: Amoonguss|Spore|p1b: Ho-Oh\n|-status|p1b: Ho-Oh|slp|[from] move: Spore\n|\n|-weather|SunnyDay|[upkeep]\n|upkeep\n|turn|6\n|\n|t:|1773856768\n|switch|p2b: Incineroar|Incineroar, L50, M|75/100\n|-ability|p2b: Incineroar|Intimidate|boost\n|-unboost|p1a: Farigiraf|atk|1\n|-unboost|p1b: Ho-Oh|atk|1\n|move|p2a: Flutter Mane|Shadow Ball|p1b: Ho-Oh\n|-damage|p1b: Ho-Oh|24/100 slp\n|-unboost|p1b: Ho-Oh|spd|1\n|cant|p1b: Ho-Oh|slp\n|cant|p1a: Farigiraf|slp\n|\n|-weather|SunnyDay|[upkeep]\n|upkeep\n|turn|7\n|\n|t:|1773856783\n|switch|p1b: Landorus|Landorus-Therian, L50, M|100/100\n|-ability|p1b: Landorus|Intimidate|boost\n|-unboost|p2a: Flutter Mane|atk|1\n|-unboost|p2b: Incineroar|atk|1\n|move|p2a: Flutter Mane|Shadow Ball|p1b: Landorus\n|-damage|p1b: Landorus|42/100\n|move|p2b: Incineroar|Knock Off|p1b: Landorus\n|-damage|p1b: Landorus|11/100\n|-enditem|p1b: Landorus|Choice Band|[from] move: Knock Off|[of] p2b: Incineroar\n|cant|p1a: Farigiraf|slp\n|\n|-weather|SunnyDay|[upkeep]\n|upkeep\n|turn|8\n|c|\u2606CHR1SPHX|insane mushroom tech\n|\n|t:|1773856804\n|move|p2a: Flutter Mane|Dazzling Gleam|p1a: Farigiraf|[spread] p1a,p1b\n|-crit|p1b: Landorus\n|-damage|p1a: Farigiraf|12/100 slp\n|-damage|p1b: Landorus|0 fnt\n|faint|p1b: Landorus\n|move|p2b: Incineroar|Parting Shot|p1a: Farigiraf\n|-unboost|p1a: Farigiraf|atk|1\n|-unboost|p1a: Farigiraf|spa|1\n|\n|t:|1773856810\n|switch|p2b: Amoonguss|Amoonguss, L50, M, shiny, tera:Water|89/100|[from] Parting Shot\n|cant|p1a: Farigiraf|slp\n|\n|-weather|none\n|-end|p2a: Flutter Mane|Protosynthesis\n|upkeep\n|\n|t:|1773856815\n|switch|p1b: Koraidon|Koraidon, L50|100/100 slp\n|-weather|SunnyDay|[from] ability: Orichalcum Pulse|[of] p1b: Koraidon\n|-activate|p2a: Flutter Mane|ability: Protosynthesis\n|-start|p2a: Flutter Mane|protosynthesisspe\n|-activate|p1b: Koraidon|Orichalcum Pulse|[source]\n|turn|9\n|\n|t:|1773856831\n|switch|p2b: Incineroar|Incineroar, L50, M|75/100\n|-ability|p2b: Incineroar|Intimidate|boost\n|-unboost|p1a: Farigiraf|atk|1\n|-unboost|p1b: Koraidon|atk|1\n|-terastallize|p1b: Koraidon|Fire\n|move|p2a: Flutter Mane|Shadow Ball|p1b: Koraidon\n|-crit|p1b: Koraidon\n|-damage|p1b: Koraidon|39/100 slp\n|cant|p1b: Koraidon|slp\n|-curestatus|p1a: Farigiraf|slp|[msg]\n|move|p1a: Farigiraf|Dazzling Gleam|p2b: Incineroar|[spread] p2a,p2b\n|-damage|p2a: Flutter Mane|92/100\n|-damage|p2b: Incineroar|70/100\n|\n|-weather|SunnyDay|[upkeep]\n|upkeep\n|turn|10\n|\n|t:|1773856848\n|move|p2a: Flutter Mane|Shadow Ball|p1b: Koraidon\n|-damage|p1b: Koraidon|0 fnt\n|faint|p1b: Koraidon\n|move|p1a: Farigiraf|Dazzling Gleam|p2b: Incineroar|[spread] p2a,p2b\n|-damage|p2a: Flutter Mane|84/100\n|-damage|p2b: Incineroar|64/100\n|move|p2b: Incineroar|Knock Off|p1a: Farigiraf\n|-supereffective|p1a: Farigiraf\n|-damage|p1a: Farigiraf|0 fnt\n|faint|p1a: Farigiraf\n|\n|-weather|SunnyDay|[upkeep]\n|upkeep\n|-message|Gorfgob forfeited.\n|\n|win|CHR1SPHX\n|raw|Gorfgob's rating: 1224 &rarr; <strong>1200</strong><br />(-24 for losing)\n|raw|CHR1SPHX's rating: 1236 &rarr; <strong>1260</strong><br />(+24 for winning)\n|l|\u2606Gorfgob\n|player|p1|\n","uploadtime":1773856862,"views":13,"formatid":"gen9vgc2026regi","rating":1200,"private":0,"password":null}