{"id":"gen9vgc2026regi-2579637970","format":"[Gen 9] VGC 2026 Reg I","players":["bjrcjggjhvb","Justiceforgreninja"],"log":"|j|\u2606bjrcjggjhvb\n|j|\u2606Justiceforgreninja\n|t:|1775809518\n|gametype|doubles\n|player|p1|bjrcjggjhvb|169|1464\n|player|p2|Justiceforgreninja|1|1531\n|gen|9\n|tier|[Gen 9] VGC 2026 Reg I\n|rated|\n|rule|Species Clause: Limit one of each Pok\u00e9mon\n|rule|Item Clause: Limit 1 of each item\n|clearpoke\n|poke|p1|Calyrex-Ice, L50|\n|poke|p1|Kyogre, L50|\n|poke|p1|Farigiraf, L50, F|\n|poke|p1|Carbink, L50|\n|poke|p1|Porygon2, L50|\n|poke|p1|Wooper-Paldea, L50, M|\n|poke|p2|Calyrex-Ice, L50|\n|poke|p2|Miraidon, L50|\n|poke|p2|Ogerpon-Hearthflame, L50, F|\n|poke|p2|Farigiraf, L50, M|\n|poke|p2|Urshifu-*, L50, M|\n|poke|p2|Golem-Alola, L50, M|\n|teampreview|4\n|inactive|Battle timer is ON: inactive players will automatically lose when time's up. (requested by bjrcjggjhvb)\n|inactive|bjrcjggjhvb has 60 seconds left.\n|inactive|Justiceforgreninja has 60 seconds left.\n|\n|t:|1775809581\n|teamsize|p1|4\n|teamsize|p2|4\n|start\n|switch|p1a: Calyrex|Calyrex-Ice, L50|100/100\n|switch|p1b: Farigiraf|Farigiraf, L50, F|100/100\n|switch|p2a: Miraidon|Miraidon, L50|100/100\n|switch|p2b: Urshifu|Urshifu-Rapid-Strike, L50, M|100/100\n|-ability|p1a: Calyrex|As One\n|-ability|p1a: Calyrex|Unnerve\n|-fieldstart|move: Electric Terrain|[from] ability: Hadron Engine|[of] p2a: Miraidon\n|turn|1\n|inactive|bjrcjggjhvb has 30 seconds left.\n|\n|t:|1775809613\n|-terastallize|p1b: Farigiraf|Dragon\n|move|p2a: Miraidon|Volt Switch|p1b: Farigiraf\n|-resisted|p1b: Farigiraf\n|-damage|p1b: Farigiraf|62/100\n|\n|t:|1775809618\n|switch|p2a: Calyrex|Calyrex-Ice, L50|100/100|[from] Volt Switch\n|-ability|p2a: Calyrex|As One\n|-ability|p2a: Calyrex|Unnerve\n|move|p2b: Urshifu|Surging Strikes|p1b: Farigiraf\n|-resisted|p1b: Farigiraf\n|-crit|p1b: Farigiraf\n|-damage|p1b: Farigiraf|51/100\n|-resisted|p1b: Farigiraf\n|-crit|p1b: Farigiraf\n|-damage|p1b: Farigiraf|41/100\n|-resisted|p1b: Farigiraf\n|-crit|p1b: Farigiraf\n|-damage|p1b: Farigiraf|30/100\n|-hitcount|p1b: Farigiraf|3\n|move|p1a: Calyrex|Glacial Lance|p2a: Calyrex|[spread] p2a,p2b\n|-resisted|p2a: Calyrex\n|-resisted|p2b: Urshifu\n|-damage|p2a: Calyrex|76/100\n|-damage|p2b: Urshifu|58/100\n|-damage|p1a: Calyrex|91/100|[from] item: Life Orb\n|move|p1b: Farigiraf|Trick Room|p1b: Farigiraf\n|-fieldstart|move: Trick Room|[of] p1b: Farigiraf\n|\n|upkeep\n|turn|2\n|\n|t:|1775809634\n|move|p2b: Urshifu|Detect|p2b: Urshifu\n|-singleturn|p2b: Urshifu|Protect\n|move|p1a: Calyrex|Glacial Lance|p2a: Calyrex|[spread] p2a\n|-activate|p2b: Urshifu|move: Protect\n|-resisted|p2a: Calyrex\n|-damage|p2a: Calyrex|51/100\n|-damage|p1a: Calyrex|81/100|[from] item: Life Orb\n|move|p1b: Farigiraf|Foul Play|p2a: Calyrex\n|-supereffective|p2a: Calyrex\n|-damage|p2a: Calyrex|0 fnt\n|faint|p2a: Calyrex\n|\n|upkeep\n|\n|t:|1775809644\n|switch|p2a: Golem|Golem-Alola, L50, M|100/100\n|turn|3\n|\n|t:|1775809660\n|move|p2a: Golem|Rock Slide|p1a: Calyrex|[spread] p1a,p1b\n|-supereffective|p1a: Calyrex\n|-damage|p1a: Calyrex|43/100\n|-damage|p1b: Farigiraf|0 fnt\n|faint|p1b: Farigiraf\n|move|p1a: Calyrex|Glacial Lance|p2a: Golem|[spread] p2a,p2b\n|-resisted|p2b: Urshifu\n|-damage|p2a: Golem|36/100\n|-damage|p2b: Urshifu|16/100\n|-damage|p1a: Calyrex|33/100|[from] item: Life Orb\n|move|p2b: Urshifu|Surging Strikes|p1a: Calyrex\n|-crit|p1a: Calyrex\n|-damage|p1a: Calyrex|18/100\n|-crit|p1a: Calyrex\n|-damage|p1a: Calyrex|4/100\n|-crit|p1a: Calyrex\n|-damage|p1a: Calyrex|0 fnt\n|faint|p1a: Calyrex\n|-hitcount|p1: Calyrex|3\n|\n|upkeep\n|\n|t:|1775809666\n|switch|p1a: Kyogre|Kyogre, L50|100/100\n|switch|p1b: Carbink|Carbink, L50|100/100\n|-weather|RainDance|[from] ability: Drizzle|[of] p1a: Kyogre\n|turn|4\n|inactive|bjrcjggjhvb has 30 seconds left.\n|\n|t:|1775809692\n|-terastallize|p2a: Golem|Electric\n|move|p2b: Urshifu|Detect|p2b: Urshifu\n|-singleturn|p2b: Urshifu|Protect\n|move|p1a: Kyogre|Water Spout|p2b: Urshifu|[spread] p2a\n|-activate|p2b: Urshifu|move: Protect\n|-damage|p2a: Golem|0 fnt\n|faint|p2a: Golem\n|move|p1b: Carbink|Iron Defense|p1b: Carbink\n|-boost|p1b: Carbink|def|2\n|\n|-weather|RainDance|[upkeep]\n|upkeep\n|\n|t:|1775809701\n|switch|p2a: Miraidon|Miraidon, L50|100/100\n|-activate|p2a: Miraidon|ability: Hadron Engine\n|turn|5\n|\n|t:|1775809711\n|move|p2b: Urshifu|Aqua Jet|p1b: Carbink\n|-supereffective|p1b: Carbink\n|-damage|p1b: Carbink|78/100\n|move|p1a: Kyogre|Water Spout|p2b: Urshifu|[spread] p2a,p2b\n|-resisted|p2a: Miraidon\n|-resisted|p2b: Urshifu\n|-damage|p2a: Miraidon|50/100\n|-damage|p2b: Urshifu|0 fnt\n|faint|p2b: Urshifu\n|move|p1b: Carbink|Body Press|p2a: Miraidon\n|-damage|p2a: Miraidon|0 fnt\n|faint|p2a: Miraidon\n|\n|win|bjrcjggjhvb\n|raw|bjrcjggjhvb's rating: 1464 &rarr; <strong>1488</strong><br />(+24 for winning)\n|raw|Justiceforgreninja's rating: 1531 &rarr; <strong>1507</strong><br />(-24 for losing)\n|l|\u2606Justiceforgreninja\n|player|p2|\n","uploadtime":1775809935,"views":11,"formatid":"gen9vgc2026regi","rating":1488,"private":0,"password":null}