{"id":"gen9vgc2026regi-2582571418","format":"[Gen 9] VGC 2026 Reg I","players":["Jerry Rivera","mroreo328"],"log":"|j|\u2606Jerry Rivera\n|j|\u2606mroreo328\n|t:|1776100097\n|gametype|doubles\n|player|p1|Jerry Rivera|silver|1698\n|player|p2|mroreo328|youngster-gen4dp|1559\n|gen|9\n|tier|[Gen 9] VGC 2026 Reg I\n|rated|\n|rule|Species Clause: Limit one of each Pok\u00e9mon\n|rule|Item Clause: Limit 1 of each item\n|clearpoke\n|poke|p1|Kyogre, L50|\n|poke|p1|Zacian-*, L50|\n|poke|p1|Tornadus, L50, M|\n|poke|p1|Amoonguss, L50, M|\n|poke|p1|Urshifu-*, L50, M|\n|poke|p1|Ditto, L50|\n|poke|p2|Miraidon, L50|\n|poke|p2|Indeedee-F, L50, F|\n|poke|p2|Brute Bonnet, L50|\n|poke|p2|Calyrex-Ice, L50|\n|poke|p2|Enamorus-Therian, L50, F|\n|poke|p2|Urshifu-*, L50, M|\n|teampreview|4\n|inactive|Battle timer is ON: inactive players will automatically lose when time's up. (requested by mroreo328)\n|inactive|Jerry Rivera has 60 seconds left.\n|j| ido1234567890\n|l| ido1234567890\n|inactive|Jerry Rivera has 30 seconds left.\n|inactive|Jerry Rivera has 20 seconds left.\n|\n|t:|1776100168\n|teamsize|p1|4\n|teamsize|p2|4\n|start\n|switch|p1a: Jerry Rivera|Kyogre, L50|100/100\n|switch|p1b: Bukele|Tornadus, L50, M|100/100\n|switch|p2a: Miraidon|Miraidon, L50, shiny|100/100\n|switch|p2b: Calyrex|Calyrex-Ice, L50|100/100\n|-ability|p2b: Calyrex|As One\n|-ability|p2b: Calyrex|Unnerve\n|-fieldstart|move: Electric Terrain|[from] ability: Hadron Engine|[of] p2a: Miraidon\n|-weather|RainDance|[from] ability: Drizzle|[of] p1a: Jerry Rivera\n|turn|1\n|\n|t:|1776100178\n|-terastallize|p2b: Calyrex|Water\n|move|p1b: Bukele|Tailwind|p1b: Bukele\n|-sidestart|p1: Jerry Rivera|move: Tailwind\n|move|p1a: Jerry Rivera|Water Spout|p2a: Miraidon|[spread] p2a,p2b\n|-resisted|p2a: Miraidon\n|-resisted|p2b: Calyrex\n|-damage|p2a: Miraidon|31/100\n|-damage|p2b: Calyrex|49/100\n|move|p2a: Miraidon|Volt Switch|p1a: Jerry Rivera\n|-supereffective|p1a: Jerry Rivera\n|-damage|p1a: Jerry Rivera|0 fnt\n|faint|p1a: Jerry Rivera\n|j| oherrodersir\n|\n|t:|1776100188\n|switch|p2a: Indeedee|Indeedee-F, L50, F|100/100|[from] Volt Switch\n|-fieldstart|move: Psychic Terrain|[from] ability: Psychic Surge|[of] p2a: Indeedee\n|-enditem|p2b: Calyrex|Psychic Seed\n|-boost|p2b: Calyrex|spd|1|[from] item: Psychic Seed\n|move|p2b: Calyrex|Trick Room|p2b: Calyrex\n|-fieldstart|move: Trick Room|[of] p2b: Calyrex\n|\n|-weather|RainDance|[upkeep]\n|upkeep\n|\n|t:|1776100197\n|switch|p1a: HAO|Ditto, L50|100/100\n|-transform|p1a: HAO|p2b: Calyrex|[from] ability: Imposter\n|-ability|p1a: HAO|As One\n|-ability|p1a: HAO|Unnerve\n|-start|p1a: HAO|typechange|Psychic/Ice|[silent]\n|turn|2\n|\n|t:|1776100212\n|move|p2b: Calyrex|Curse|p2b: Calyrex\n|-unboost|p2b: Calyrex|spe|1\n|-boost|p2b: Calyrex|atk|1\n|-boost|p2b: Calyrex|def|1\n|move|p2a: Indeedee|Heal Pulse|p2b: Calyrex\n|-heal|p2b: Calyrex|99/100\n|move|p1a: HAO|Glacial Lance|p2b: Calyrex|[spread] p2a,p2b\n|-resisted|p2b: Calyrex\n|-damage|p2a: Indeedee|56/100\n|-damage|p2b: Calyrex|92/100\n|move|p1b: Bukele|Bleakwind Storm|p2b: Calyrex|[spread] p2a,p2b\n|-damage|p2a: Indeedee|23/100\n|-damage|p2b: Calyrex|75/100\n|\n|-weather|RainDance|[upkeep]\n|upkeep\n|turn|3\n|\n|t:|1776100226\n|move|p2b: Calyrex|Glacial Lance|p1b: Bukele|[spread] p1a,p1b\n|-resisted|p1a: HAO\n|-supereffective|p1b: Bukele\n|-damage|p1a: HAO|77/100\n|-enditem|p1b: Bukele|Focus Sash\n|-damage|p1b: Bukele|1/100\n|-enditem|p1a: HAO|Red Card|[of] p2b: Calyrex\n|drag|p2b: Urshifu|Urshifu, L50, M|100/100\n|move|p2a: Indeedee|Heal Pulse|p2b: Urshifu\n|-fail|p2b: Urshifu|heal\n|move|p1a: HAO|Glacial Lance|p2b: Urshifu|[spread] p2a,p2b\n|-damage|p2a: Indeedee|0 fnt\n|-damage|p2b: Urshifu|59/100\n|faint|p2a: Indeedee\n|-ability|p1a: HAO|Chilling Neigh|boost\n|-boost|p1a: HAO|atk|1\n|move|p1b: Bukele|Bleakwind Storm|p2b: Urshifu\n|-supereffective|p2b: Urshifu\n|-damage|p2b: Urshifu|0 fnt\n|faint|p2b: Urshifu\n|\n|-weather|RainDance|[upkeep]\n|upkeep\n|\n|t:|1776100237\n|switch|p2a: Miraidon|Miraidon, L50, shiny|31/100\n|switch|p2b: Calyrex|Calyrex-Ice, L50, tera:Water|75/100\n|-ability|p2b: Calyrex|As One\n|-ability|p2b: Calyrex|Unnerve\n|-fieldstart|move: Electric Terrain|[from] ability: Hadron Engine|[of] p2a: Miraidon\n|turn|4\n|\n|t:|1776100251\n|move|p1b: Bukele|Taunt|p2b: Calyrex\n|-start|p2b: Calyrex|move: Taunt\n|move|p2b: Calyrex|Glacial Lance|p1b: Bukele|[spread] p1a,p1b\n|-resisted|p1a: HAO\n|-supereffective|p1b: Bukele\n|-damage|p1a: HAO|63/100\n|-damage|p1b: Bukele|0 fnt\n|faint|p1b: Bukele\n|-ability|p2b: Calyrex|Chilling Neigh|boost\n|-boost|p2b: Calyrex|atk|1\n|move|p1a: HAO|Glacial Lance|p2b: Calyrex|[spread] p2a,p2b\n|-supereffective|p2a: Miraidon\n|-resisted|p2b: Calyrex\n|-damage|p2a: Miraidon|0 fnt\n|-damage|p2b: Calyrex|58/100\n|faint|p2a: Miraidon\n|-ability|p1a: HAO|Chilling Neigh|boost\n|-boost|p1a: HAO|atk|1\n|\n|-weather|RainDance|[upkeep]\n|-sideend|p1: Jerry Rivera|move: Tailwind\n|upkeep\n|\n|t:|1776100262\n|switch|p1b: F4b C4nch4|Zacian-Crowned, L50|100/100\n|-ability|p1b: F4b C4nch4|Intrepid Sword|boost\n|-boost|p1b: F4b C4nch4|atk|1\n|turn|5\n|\n|t:|1776100272\n|move|p1a: HAO|Leech Seed|p2b: Calyrex\n|-start|p2b: Calyrex|move: Leech Seed\n|move|p2b: Calyrex|Glacial Lance|p1a: HAO|[spread] p1a,p1b\n|-resisted|p1a: HAO\n|-resisted|p1b: F4b C4nch4\n|-damage|p1a: HAO|40/100\n|-damage|p1b: F4b C4nch4|70/100\n|move|p1b: F4b C4nch4|Sacred Sword|p2b: Calyrex\n|-damage|p2b: Calyrex|34/100\n|\n|-weather|none\n|-damage|p2b: Calyrex|22/100|[from] Leech Seed|[of] p1a: HAO\n|-heal|p1a: HAO|56/100|[silent]\n|-fieldend|move: Trick Room\n|upkeep\n|turn|6\n|-message|mroreo328 forfeited.\n|\n|win|Jerry Rivera\n|raw|Jerry Rivera's rating: 1698 &rarr; <strong>1710</strong><br />(+12 for winning)\n|raw|mroreo328's rating: 1559 &rarr; <strong>1547</strong><br />(-12 for losing)\n|l|\u2606mroreo328\n|player|p2|\n|l|\u2606Jerry Rivera\n|player|p1|\n","uploadtime":1776100514,"views":18,"formatid":"gen9vgc2026regi","rating":1547,"private":0,"password":null}