{"id":"gen9vgc2026regi-2537451548","format":"[Gen 9] VGC 2026 Reg I","players":["dukeker2","VJ2511"],"log":"|j|\u2606dukeker2\n|j|\u2606VJ2511\n|t:|1770816715\n|gametype|doubles\n|player|p1|dukeker2|170|1334\n|player|p2|VJ2511|red-masters3|1494\n|gen|9\n|tier|[Gen 9] VGC 2026 Reg I\n|rated|\n|rule|Species Clause: Limit one of each Pok\u00e9mon\n|rule|Item Clause: Limit 1 of each item\n|clearpoke\n|poke|p1|Calyrex-Ice, L50|\n|poke|p1|Kyogre, L50|\n|poke|p1|Volcarona, L50, F|\n|poke|p1|Landorus, L50, M|\n|poke|p1|Urshifu-*, L50, M|\n|poke|p1|Smeargle, L50, M|\n|poke|p2|Calyrex-Shadow, L50|\n|poke|p2|Zamazenta-*, L50|\n|poke|p2|Chien-Pao, L50|\n|poke|p2|Dragonite, L50, F|\n|poke|p2|Raging Bolt, L50|\n|poke|p2|Amoonguss, L50, M|\n|teampreview|4\n|inactive|Battle timer is ON: inactive players will automatically lose when time's up. (requested by VJ2511)\n|\n|t:|1770816743\n|teamsize|p1|4\n|teamsize|p2|4\n|start\n|switch|p1a: Calyrex|Calyrex-Ice, L50|100/100\n|switch|p1b: Smeargle|Smeargle, L50, M|100/100\n|switch|p2a: Raging Bolt|Raging Bolt, L50|100/100\n|switch|p2b: Chien-Pao|Chien-Pao, L50|100/100\n|-ability|p1a: Calyrex|As One\n|-ability|p1a: Calyrex|Unnerve\n|-ability|p2b: Chien-Pao|Sword of Ruin\n|-enditem|p2a: Raging Bolt|Booster Energy\n|-activate|p2a: Raging Bolt|ability: Protosynthesis|[fromitem]\n|-start|p2a: Raging Bolt|protosynthesisspa\n|turn|1\n|\n|t:|1770816761\n|-terastallize|p2a: Raging Bolt|Electric\n|-terastallize|p1a: Calyrex|Grass\n|move|p1b: Smeargle|Fake Out|p2b: Chien-Pao\n|-crit|p2b: Chien-Pao\n|-damage|p2b: Chien-Pao|90/100\n|cant|p2b: Chien-Pao|flinch\n|move|p2a: Raging Bolt|Thunderbolt|p1b: Smeargle\n|-damage|p1b: Smeargle|0 fnt\n|faint|p1b: Smeargle\n|move|p1a: Calyrex|Trick Room|p1a: Calyrex\n|-fieldstart|move: Trick Room|[of] p1a: Calyrex\n|\n|upkeep\n|\n|t:|1770816776\n|switch|p1b: Kyogre|Kyogre, L50|100/100\n|-weather|RainDance|[from] ability: Drizzle|[of] p1b: Kyogre\n|turn|2\n|c|\u2606VJ2511|ah i stand corrected i thought this team runs AV ice rider\n|\n|t:|1770816782\n|move|p1b: Kyogre|Protect|p1b: Kyogre\n|-singleturn|p1b: Kyogre|Protect\n|move|p2a: Raging Bolt|Protect|p2a: Raging Bolt\n|-singleturn|p2a: Raging Bolt|Protect\n|move|p1a: Calyrex|Glacial Lance|p2b: Chien-Pao|[spread] p2b\n|-activate|p2a: Raging Bolt|move: Protect\n|-resisted|p2b: Chien-Pao\n|-damage|p2b: Chien-Pao|54/100\n|move|p2b: Chien-Pao|Ice Spinner|p1a: Calyrex\n|-supereffective|p1a: Calyrex\n|-damage|p1a: Calyrex|42/100\n|\n|-weather|RainDance|[upkeep]\n|upkeep\n|turn|3\n|\n|t:|1770816798\n|move|p2a: Raging Bolt|Thunderclap|p1b: Kyogre\n|-supereffective|p1b: Kyogre\n|-damage|p1b: Kyogre|14/100\n|move|p1b: Kyogre|Water Spout|p2a: Raging Bolt|[spread] p2a,p2b\n|-damage|p2a: Raging Bolt|88/100\n|-damage|p2b: Chien-Pao|40/100\n|move|p1a: Calyrex|Glacial Lance|p2a: Raging Bolt|[spread] p2a,p2b\n|-resisted|p2b: Chien-Pao\n|-damage|p2a: Raging Bolt|27/100\n|-damage|p2b: Chien-Pao|3/100\n|move|p2b: Chien-Pao|Ice Spinner|p1a: Calyrex\n|-supereffective|p1a: Calyrex\n|-damage|p1a: Calyrex|0 fnt\n|faint|p1a: Calyrex\n|\n|-weather|RainDance|[upkeep]\n|upkeep\n|\n|t:|1770816804\n|switch|p1a: Volcarona|Volcarona, L50, F|100/100\n|turn|4\n|\n|t:|1770816814\n|move|p1b: Kyogre|Protect|p1b: Kyogre\n|-singleturn|p1b: Kyogre|Protect\n|move|p2b: Chien-Pao|Sucker Punch||[still]\n|-fail|p2b: Chien-Pao\n|move|p2a: Raging Bolt|Thunderbolt|p1a: Volcarona\n|-damage|p1a: Volcarona|20/100\n|-status|p1a: Volcarona|par\n|cant|p1a: Volcarona|par\n|\n|-weather|RainDance|[upkeep]\n|upkeep\n|turn|5\n|-message|dukeker2 forfeited.\n|\n|win|VJ2511\n|raw|dukeker2's rating: 1334 &rarr; <strong>1323</strong><br />(-11 for losing)\n|raw|VJ2511's rating: 1494 &rarr; <strong>1505</strong><br />(+11 for winning)\n","uploadtime":1770816834,"views":19,"formatid":"gen9vgc2026regi","rating":1323,"private":0,"password":null}