{"id":"gen9vgc2026regi-2521325872","format":"[Gen 9] VGC 2026 Reg I","players":["Unban Everything","Schimmli"],"log":"|j|\u203dUnban Everything\n|j|\u2606Schimmli\n|t:|1768761303\n|gametype|doubles\n|player|p1|Unban Everything|101|1337\n|player|p2|Schimmli|265|1507\n|gen|9\n|tier|[Gen 9] VGC 2026 Reg I\n|rated|\n|rule|Species Clause: Limit one of each Pok\u00e9mon\n|rule|Item Clause: Limit 1 of each item\n|clearpoke\n|poke|p1|Incineroar, L50, F|\n|poke|p1|Calyrex-Ice, L50|\n|poke|p1|Grimmsnarl, L50, M|\n|poke|p1|Iron Valiant, L50|\n|poke|p1|Indeedee, L50, M|\n|poke|p1|Kyogre, L50|\n|poke|p2|Terapagos, L50, M|\n|poke|p2|Calyrex-Shadow, L50|\n|poke|p2|Flutter Mane, L50|\n|poke|p2|Ogerpon-Cornerstone, L50, F|\n|poke|p2|Incineroar, L50, F|\n|poke|p2|Rillaboom, L50, M|\n|teampreview|4\n|inactive|Battle timer is ON: inactive players will automatically lose when time's up. (requested by Unban Everything)\n|inactive|Unban Everything has 60 seconds left.\n|inactive|Schimmli has 60 seconds left.\n|inactive|Schimmli has 30 seconds left.\n|\n|t:|1768761364\n|teamsize|p1|4\n|teamsize|p2|4\n|start\n|switch|p1a: Kyogre|Kyogre, L50|100/100\n|switch|p1b: Grimmsnarl|Grimmsnarl, L50, M|100/100\n|switch|p2a: Rillaboom|Rillaboom, L50, M|100/100\n|switch|p2b: Terapagos|Terapagos, L50, M|100/100\n|-activate|p2b: Terapagos|ability: Tera Shift\n|detailschange|p2b: Terapagos|Terapagos-Terastal, L50, M\n|-heal|p2b: Terapagos|100/100|[silent]\n|-weather|RainDance|[from] ability: Drizzle|[of] p1a: Kyogre\n|-fieldstart|move: Grassy Terrain|[from] ability: Grassy Surge|[of] p2a: Rillaboom\n|turn|1\n|inactive|Unban Everything has 30 seconds left.\n|\n|t:|1768761390\n|-terastallize|p1a: Kyogre|Ghost\n|move|p2a: Rillaboom|Grassy Glide|p1a: Kyogre\n|-damage|p1a: Kyogre|63/100\n|move|p1b: Grimmsnarl|Light Screen|p1b: Grimmsnarl\n|-sidestart|p1: Unban Everything|move: Light Screen\n|move|p1a: Kyogre|Water Spout|p2b: Terapagos|[spread] p2a,p2b\n|-resisted|p2a: Rillaboom\n|-activate|p2b: Terapagos|ability: Tera Shell\n|-resisted|p2b: Terapagos\n|-damage|p2a: Rillaboom|82/100\n|-damage|p2b: Terapagos|76/100\n|move|p2b: Terapagos|Calm Mind|p2b: Terapagos\n|-boost|p2b: Terapagos|spa|1\n|-boost|p2b: Terapagos|spd|1\n|\n|-weather|RainDance|[upkeep]\n|-heal|p1a: Kyogre|69/100|[from] Grassy Terrain\n|-heal|p2b: Terapagos|82/100|[from] Grassy Terrain\n|-heal|p2b: Terapagos|89/100|[from] item: Leftovers\n|-heal|p2a: Rillaboom|87/100|[from] Grassy Terrain\n|upkeep\n|turn|2\n|\n|t:|1768761414\n|switch|p1a: Calyrex|Calyrex-Ice, L50|100/100\n|-ability|p1a: Calyrex|As One\n|-ability|p1a: Calyrex|Unnerve\n|-terastallize|p2b: Terapagos|Stellar\n|detailschange|p2b: Terapagos|Terapagos-Stellar, L50, M, tera:Stellar\n|-heal|p2b: Terapagos|92/100|[silent]\n|-ability|p2b: Terapagos|Teraform Zero\n|-weather|none\n|-fieldend|move: Grassy Terrain\n|move|p1b: Grimmsnarl|Reflect|p1b: Grimmsnarl\n|-sidestart|p1: Unban Everything|Reflect\n|move|p2b: Terapagos|Tera Starstorm|p1a: Calyrex|[spread] p1a,p1b\n|-damage|p1a: Calyrex|79/100\n|-damage|p1b: Grimmsnarl|68/100\n|move|p2a: Rillaboom|U-turn|p1b: Grimmsnarl\n|-damage|p1b: Grimmsnarl|55/100\n|\n|t:|1768761430\n|switch|p2a: Incineroar|Incineroar, L50, F, shiny|100/100|[from] U-turn\n|-ability|p2a: Incineroar|Intimidate|boost\n|-fail|p1a: Calyrex|unboost|[from] item: Clear Amulet|[of] p1a: Calyrex\n|-unboost|p1b: Grimmsnarl|atk|1\n|\n|-heal|p2b: Terapagos|98/100|[from] item: Leftovers\n|upkeep\n|turn|3\n|\n|t:|1768761446\n|switch|p1a: Incineroar|Incineroar, L50, F, shiny|100/100\n|-ability|p1a: Incineroar|Intimidate|boost\n|-unboost|p2a: Incineroar|atk|1\n|-unboost|p2b: Terapagos|atk|1\n|move|p1b: Grimmsnarl|Parting Shot|p2b: Terapagos\n|-unboost|p2b: Terapagos|atk|1\n|-unboost|p2b: Terapagos|spa|1\n|\n|t:|1768761450\n|switch|p1b: Kyogre|Kyogre, L50, tera:Ghost|69/100|[from] Parting Shot\n|-weather|RainDance|[from] ability: Drizzle|[of] p1b: Kyogre\n|move|p2b: Terapagos|Tera Starstorm|p1b: Kyogre|[spread] p1a,p1b\n|-supereffective|p1b: Kyogre\n|-damage|p1a: Incineroar|80/100\n|-damage|p1b: Kyogre|47/100\n|move|p2a: Incineroar|Will-O-Wisp|p1a: Incineroar|[miss]\n|-miss|p2a: Incineroar|p1a: Incineroar\n|\n|-weather|RainDance|[upkeep]\n|-heal|p2b: Terapagos|100/100|[from] item: Leftovers\n|upkeep\n|turn|4\n|\n|t:|1768761470\n|switch|p2a: Rillaboom|Rillaboom, L50, M|87/100\n|-fieldstart|move: Grassy Terrain|[from] ability: Grassy Surge|[of] p2a: Rillaboom\n|move|p2b: Terapagos|Protect|p2b: Terapagos\n|-singleturn|p2b: Terapagos|Protect\n|move|p1a: Incineroar|Fake Out|p2b: Terapagos\n|-activate|p2b: Terapagos|move: Protect\n|move|p1b: Kyogre|Origin Pulse|p2b: Terapagos|[spread] p2a\n|-activate|p2b: Terapagos|move: Protect\n|-resisted|p2a: Rillaboom\n|-damage|p2a: Rillaboom|67/100\n|\n|-weather|RainDance|[upkeep]\n|-heal|p1b: Kyogre|53/100|[from] Grassy Terrain\n|-heal|p2a: Rillaboom|72/100|[from] Grassy Terrain\n|-heal|p1a: Incineroar|86/100|[from] Grassy Terrain\n|upkeep\n|turn|5\n|\n|t:|1768761483\n|move|p1b: Kyogre|Ice Beam|p2a: Rillaboom\n|-supereffective|p2a: Rillaboom\n|-damage|p2a: Rillaboom|31/100\n|move|p2b: Terapagos|Calm Mind|p2b: Terapagos\n|-boost|p2b: Terapagos|spa|1\n|-boost|p2b: Terapagos|spd|1\n|move|p2a: Rillaboom|Wood Hammer|p1b: Kyogre\n|-damage|p1b: Kyogre|0 fnt\n|faint|p1b: Kyogre\n|-damage|p2a: Rillaboom|15/100|[from] Recoil\n|move|p1a: Incineroar|Knock Off|p2b: Terapagos\n|-damage|p2b: Terapagos|83/100\n|-enditem|p2b: Terapagos|Leftovers|[from] move: Knock Off|[of] p1a: Incineroar\n|\n|-weather|RainDance|[upkeep]\n|-heal|p2b: Terapagos|89/100|[from] Grassy Terrain\n|-heal|p2a: Rillaboom|21/100|[from] Grassy Terrain\n|-heal|p1a: Incineroar|92/100|[from] Grassy Terrain\n|-sideend|p1: Unban Everything|move: Light Screen\n|upkeep\n|inactive|Unban Everything has 30 seconds left.\n|\n|t:|1768761515\n|switch|p1b: Grimmsnarl|Grimmsnarl, L50, M|55/100\n|turn|6\n|\n|t:|1768761526\n|move|p1b: Grimmsnarl|Light Screen|p1b: Grimmsnarl\n|-sidestart|p1: Unban Everything|move: Light Screen\n|move|p2b: Terapagos|Tera Starstorm|p1a: Incineroar|[spread] p1a,p1b\n|-damage|p1a: Incineroar|62/100\n|-damage|p1b: Grimmsnarl|24/100\n|move|p2a: Rillaboom|U-turn|p1b: Grimmsnarl\n|-damage|p1b: Grimmsnarl|11/100\n|\n|t:|1768761534\n|switch|p2a: Incineroar|Incineroar, L50, F, shiny|100/100|[from] U-turn\n|-ability|p2a: Incineroar|Intimidate|boost\n|-unboost|p1a: Incineroar|atk|1\n|-unboost|p1b: Grimmsnarl|atk|1\n|-enditem|p1a: Incineroar|White Herb\n|-clearnegativeboost|p1a: Incineroar|[silent]\n|move|p1a: Incineroar|Snarl|p2b: Terapagos|[spread] p2a,p2b\n|-resisted|p2a: Incineroar\n|-damage|p2a: Incineroar|96/100\n|-damage|p2b: Terapagos|84/100\n|-unboost|p2a: Incineroar|spa|1\n|-unboost|p2b: Terapagos|spa|1\n|\n|-weather|RainDance|[upkeep]\n|-heal|p2b: Terapagos|90/100|[from] Grassy Terrain\n|-heal|p2a: Incineroar|100/100|[from] Grassy Terrain\n|-heal|p1a: Incineroar|68/100|[from] Grassy Terrain\n|-heal|p1b: Grimmsnarl|17/100|[from] Grassy Terrain\n|-sideend|p1: Unban Everything|Reflect\n|upkeep\n|turn|7\n|\n|t:|1768761553\n|move|p2a: Incineroar|Fake Out|p1b: Grimmsnarl\n|-damage|p1b: Grimmsnarl|7/100\n|move|p1b: Grimmsnarl|Parting Shot|p2b: Terapagos\n|-unboost|p2b: Terapagos|atk|1\n|-unboost|p2b: Terapagos|spa|1\n|\n|t:|1768761559\n|switch|p1b: Calyrex|Calyrex-Ice, L50|79/100|[from] Parting Shot\n|-ability|p1b: Calyrex|As One\n|-ability|p1b: Calyrex|Unnerve\n|move|p2b: Terapagos|Tera Starstorm|p1a: Incineroar|[spread] p1a,p1b\n|-damage|p1a: Incineroar|52/100\n|-damage|p1b: Calyrex|70/100\n|move|p1a: Incineroar|Snarl|p2a: Incineroar|[spread] p2a,p2b\n|-resisted|p2a: Incineroar\n|-damage|p2a: Incineroar|95/100\n|-damage|p2b: Terapagos|86/100\n|-unboost|p2a: Incineroar|spa|1\n|-unboost|p2b: Terapagos|spa|1\n|\n|-weather|none\n|-heal|p2b: Terapagos|93/100|[from] Grassy Terrain\n|-heal|p2a: Incineroar|100/100|[from] Grassy Terrain\n|-heal|p1a: Incineroar|58/100|[from] Grassy Terrain\n|-heal|p1b: Calyrex|76/100|[from] Grassy Terrain\n|upkeep\n|turn|8\n|\n|t:|1768761576\n|switch|p1a: Grimmsnarl|Grimmsnarl, L50, M|7/100\n|move|p2b: Terapagos|Earth Power|p1a: Grimmsnarl\n|-damage|p1a: Grimmsnarl|0 fnt\n|faint|p1a: Grimmsnarl\n|move|p2a: Incineroar|Knock Off|p1b: Calyrex\n|-supereffective|p1b: Calyrex\n|-damage|p1b: Calyrex|27/100\n|-enditem|p1b: Calyrex|Clear Amulet|[from] move: Knock Off|[of] p2a: Incineroar\n|move|p1b: Calyrex|Trick Room|p1b: Calyrex\n|-fieldstart|move: Trick Room|[of] p1b: Calyrex\n|\n|-heal|p1b: Calyrex|33/100|[from] Grassy Terrain\n|-heal|p2b: Terapagos|99/100|[from] Grassy Terrain\n|-fieldend|move: Grassy Terrain\n|upkeep\n|\n|t:|1768761579\n|switch|p1a: Incineroar|Incineroar, L50, F, shiny|58/100\n|-ability|p1a: Incineroar|Intimidate|boost\n|-unboost|p2a: Incineroar|atk|1\n|-unboost|p2b: Terapagos|atk|1\n|turn|9\n|\n|t:|1768761597\n|move|p2b: Terapagos|Protect|p2b: Terapagos\n|-singleturn|p2b: Terapagos|Protect\n|move|p1a: Incineroar|Fake Out|p2a: Incineroar\n|-damage|p2a: Incineroar|93/100\n|-damage|p1a: Incineroar|42/100|[from] item: Rocky Helmet|[of] p2a: Incineroar\n|move|p1b: Calyrex|Glacial Lance|p2a: Incineroar|[spread] p2a\n|-activate|p2b: Terapagos|move: Protect\n|-resisted|p2a: Incineroar\n|-damage|p2a: Incineroar|70/100\n|cant|p2a: Incineroar|flinch\n|\n|upkeep\n|turn|10\n|\n|t:|1768761609\n|move|p1b: Calyrex|Glacial Lance|p2b: Terapagos|[spread] p2a,p2b\n|-resisted|p2a: Incineroar\n|-damage|p2a: Incineroar|48/100\n|-damage|p2b: Terapagos|69/100\n|move|p1a: Incineroar|Snarl|p2a: Incineroar|[spread] \n|-miss|p1a: Incineroar|p2a: Incineroar\n|-miss|p1a: Incineroar|p2b: Terapagos\n|move|p2a: Incineroar|Parting Shot|p1b: Calyrex\n|-unboost|p1b: Calyrex|atk|1\n|-unboost|p1b: Calyrex|spa|1\n|\n|t:|1768761620\n|switch|p2a: Rillaboom|Rillaboom, L50, M|21/100|[from] Parting Shot\n|-fieldstart|move: Grassy Terrain|[from] ability: Grassy Surge|[of] p2a: Rillaboom\n|move|p2b: Terapagos|Tera Starstorm|p1b: Calyrex|[spread] p1a,p1b\n|-damage|p1a: Incineroar|31/100\n|-damage|p1b: Calyrex|26/100\n|\n|-heal|p1b: Calyrex|32/100|[from] Grassy Terrain\n|-heal|p1a: Incineroar|37/100|[from] Grassy Terrain\n|-heal|p2a: Rillaboom|27/100|[from] Grassy Terrain\n|-heal|p2b: Terapagos|76/100|[from] Grassy Terrain\n|-sideend|p1: Unban Everything|move: Light Screen\n|upkeep\n|turn|11\n|\n|t:|1768761642\n|switch|p2b: Incineroar|Incineroar, L50, F, shiny|48/100\n|-ability|p2b: Incineroar|Intimidate|boost\n|-unboost|p1a: Incineroar|atk|1\n|-unboost|p1b: Calyrex|atk|1\n|move|p1b: Calyrex|Protect|p1b: Calyrex\n|-singleturn|p1b: Calyrex|Protect\n|move|p2a: Rillaboom|Fake Out|p1b: Calyrex\n|-activate|p1b: Calyrex|move: Protect\n|move|p1a: Incineroar|Overheat|p2a: Rillaboom|[miss]\n|-miss|p1a: Incineroar|p2a: Rillaboom\n|\n|-heal|p1b: Calyrex|38/100|[from] Grassy Terrain\n|-heal|p1a: Incineroar|43/100|[from] Grassy Terrain\n|-heal|p2b: Incineroar|54/100|[from] Grassy Terrain\n|-heal|p2a: Rillaboom|33/100|[from] Grassy Terrain\n|upkeep\n|turn|12\n|\n|t:|1768761661\n|move|p2b: Incineroar|Fake Out|p1b: Calyrex\n|-damage|p1b: Calyrex|31/100\n|cant|p1b: Calyrex|flinch\n|move|p1a: Incineroar|Overheat|p2a: Rillaboom\n|-supereffective|p2a: Rillaboom\n|-damage|p2a: Rillaboom|0 fnt\n|-unboost|p1a: Incineroar|spa|2\n|faint|p2a: Rillaboom\n|\n|-heal|p1b: Calyrex|37/100|[from] Grassy Terrain\n|-heal|p1a: Incineroar|49/100|[from] Grassy Terrain\n|-heal|p2b: Incineroar|60/100|[from] Grassy Terrain\n|-fieldend|move: Trick Room\n|upkeep\n|\n|t:|1768761671\n|switch|p2a: Terapagos|Terapagos-Stellar, L50, M, tera:Stellar|76/100\n|turn|13\n|\n|t:|1768761677\n|move|p1b: Calyrex|Protect|p1b: Calyrex\n|-singleturn|p1b: Calyrex|Protect\n|move|p2a: Terapagos|Tera Starstorm|p1a: Incineroar|[spread] p1a\n|-activate|p1b: Calyrex|move: Protect\n|-damage|p1a: Incineroar|19/100\n|move|p2b: Incineroar|Knock Off|p1a: Incineroar\n|-resisted|p1a: Incineroar\n|-damage|p1a: Incineroar|11/100\n|move|p1a: Incineroar|Snarl|p2a: Terapagos|[spread] p2a,p2b\n|-resisted|p2b: Incineroar\n|-damage|p2a: Terapagos|72/100\n|-damage|p2b: Incineroar|57/100\n|-unboost|p2a: Terapagos|spa|1\n|-unboost|p2b: Incineroar|spa|1\n|\n|-heal|p2a: Terapagos|78/100|[from] Grassy Terrain\n|-heal|p2b: Incineroar|63/100|[from] Grassy Terrain\n|-heal|p1a: Incineroar|17/100|[from] Grassy Terrain\n|-heal|p1b: Calyrex|43/100|[from] Grassy Terrain\n|upkeep\n|turn|14\n|\n|t:|1768761690\n|move|p2a: Terapagos|Tera Starstorm|p1a: Incineroar|[spread] p1a,p1b\n|-damage|p1a: Incineroar|0 fnt\n|-damage|p1b: Calyrex|27/100\n|faint|p1a: Incineroar\n|move|p2b: Incineroar|Knock Off|p1b: Calyrex\n|-supereffective|p1b: Calyrex\n|-damage|p1b: Calyrex|0 fnt\n|faint|p1b: Calyrex\n|\n|win|Schimmli\n|raw|Unban Everything's rating: 1337 &rarr; <strong>1326</strong><br />(-11 for losing)\n|raw|Schimmli's rating: 1507 &rarr; <strong>1518</strong><br />(+11 for winning)\n|l|\u203dUnban Everything\n|player|p1|\n|l|\u2606Schimmli\n|player|p2|\n","uploadtime":1768761940,"views":6,"formatid":"gen9vgc2026regi","rating":1326,"private":0,"password":null}