{"id":"gen9vgc2026regi-2569282159","format":"[Gen 9] VGC 2026 Reg I","players":["myminiman","pigs2fly"],"log":"|j|\u2606myminiman\n|j|\u2606pigs2fly\n|t:|1774668682\n|gametype|doubles\n|player|p1|myminiman|bea|1472\n|player|p2|pigs2fly|dexio|1630\n|gen|9\n|tier|[Gen 9] VGC 2026 Reg I\n|rated|\n|rule|Species Clause: Limit one of each Pok\u00e9mon\n|rule|Item Clause: Limit 1 of each item\n|clearpoke\n|poke|p1|Calyrex-Ice, L50|\n|poke|p1|Lunala, L50|\n|poke|p1|Rillaboom, L50, F|\n|poke|p1|Incineroar, L50, F|\n|poke|p2|Annihilape, L50, M|\n|poke|p2|Tornadus, L50, M|\n|poke|p2|Dondozo, L50, M|\n|poke|p2|Tatsugiri, L50, F|\n|poke|p2|Zacian-*, L50|\n|poke|p2|Kyogre, L50|\n|teampreview|4\n|\n|t:|1774668731\n|teamsize|p1|4\n|teamsize|p2|4\n|start\n|switch|p1a: Rillaboom|Rillaboom, L50, F|100/100\n|switch|p1b: Lunala|Lunala, L50|100/100\n|switch|p2a: Annihilape|Annihilape, L50, M|100/100\n|switch|p2b: Zacian|Zacian-Crowned, L50, shiny|100/100\n|-ability|p2b: Zacian|Intrepid Sword|boost\n|-boost|p2b: Zacian|atk|1\n|-fieldstart|move: Grassy Terrain|[from] ability: Grassy Surge|[of] p1a: Rillaboom\n|turn|1\n|\n|t:|1774668762\n|move|p1a: Rillaboom|Fake Out|p2b: Zacian\n|-resisted|p2b: Zacian\n|-damage|p2b: Zacian|95/100\n|move|p2a: Annihilape|Shadow Claw|p1b: Lunala\n|-supereffective|p1b: Lunala\n|-damage|p1b: Lunala|56/100\n|cant|p2b: Zacian|flinch\n|move|p1b: Lunala|Trick Room|p1b: Lunala\n|-fieldstart|move: Trick Room|[of] p1b: Lunala\n|\n|-heal|p1b: Lunala|62/100|[from] Grassy Terrain\n|-heal|p2b: Zacian|100/100|[from] Grassy Terrain\n|upkeep\n|turn|2\n|\n|t:|1774668787\n|switch|p1b: Incineroar|Incineroar, L50, F|100/100\n|-ability|p1b: Incineroar|Intimidate|boost\n|-unboost|p2a: Annihilape|atk|1\n|-ability|p2a: Annihilape|Defiant|boost\n|-boost|p2a: Annihilape|atk|2\n|-unboost|p2b: Zacian|atk|1\n|switch|p2a: Dondozo|Dondozo, L50, M|100/100\n|move|p1a: Rillaboom|Wood Hammer|p2b: Zacian\n|-resisted|p2b: Zacian\n|-damage|p2b: Zacian|70/100\n|-damage|p1a: Rillaboom|91/100|[from] Recoil\n|move|p2b: Zacian|Crunch|p1b: Incineroar\n|-resisted|p1b: Incineroar\n|-damage|p1b: Incineroar|89/100\n|\n|-heal|p1b: Incineroar|95/100|[from] Grassy Terrain\n|-heal|p1a: Rillaboom|97/100|[from] Grassy Terrain\n|-heal|p2b: Zacian|76/100|[from] Grassy Terrain\n|upkeep\n|turn|3\n|\n|t:|1774668815\n|move|p2a: Dondozo|Protect|p2a: Dondozo\n|-singleturn|p2a: Dondozo|Protect\n|move|p1b: Incineroar|Parting Shot|p2a: Dondozo\n|-activate|p2a: Dondozo|move: Protect\n|move|p1a: Rillaboom|Wood Hammer|p2b: Zacian\n|-resisted|p2b: Zacian\n|-damage|p2b: Zacian|47/100\n|-damage|p1a: Rillaboom|87/100|[from] Recoil\n|move|p2b: Zacian|Play Rough|p1a: Rillaboom\n|-damage|p1a: Rillaboom|38/100\n|\n|-heal|p1b: Incineroar|100/100|[from] Grassy Terrain\n|-heal|p1a: Rillaboom|44/100|[from] Grassy Terrain\n|-heal|p2b: Zacian|54/100|[from] Grassy Terrain\n|upkeep\n|turn|4\n|\n|t:|1774668828\n|switch|p2a: Annihilape|Annihilape, L50, M|100/100\n|move|p2b: Zacian|Protect|p2b: Zacian\n|-singleturn|p2b: Zacian|Protect\n|move|p1b: Incineroar|Flare Blitz|p2b: Zacian\n|-activate|p2b: Zacian|move: Protect\n|move|p1a: Rillaboom|Wood Hammer|p2a: Annihilape\n|-damage|p2a: Annihilape|30/100\n|-damage|p1a: Rillaboom|20/100|[from] Recoil\n|\n|-heal|p1a: Rillaboom|26/100|[from] Grassy Terrain\n|-heal|p2b: Zacian|60/100|[from] Grassy Terrain\n|-heal|p2a: Annihilape|36/100|[from] Grassy Terrain\n|upkeep\n|turn|5\n|\n|t:|1774668852\n|-terastallize|p2b: Zacian|Fairy\n|move|p1b: Incineroar|Parting Shot|p2b: Zacian\n|-unboost|p2b: Zacian|atk|1\n|-unboost|p2b: Zacian|spa|1\n|\n|t:|1774668859\n|switch|p1b: Lunala|Lunala, L50|62/100|[from] Parting Shot\n|move|p1a: Rillaboom|Wood Hammer|p2a: Annihilape\n|-damage|p2a: Annihilape|0 fnt\n|faint|p2a: Annihilape\n|-damage|p1a: Rillaboom|14/100|[from] Recoil\n|move|p2b: Zacian|Behemoth Blade|p1a: Rillaboom\n|-damage|p1a: Rillaboom|0 fnt\n|faint|p1a: Rillaboom\n|\n|-heal|p1b: Lunala|68/100|[from] Grassy Terrain\n|-heal|p2b: Zacian|66/100|[from] Grassy Terrain\n|-fieldend|move: Trick Room\n|-fieldend|move: Grassy Terrain\n|upkeep\n|\n|t:|1774668870\n|switch|p2a: Dondozo|Dondozo, L50, M|100/100\n|switch|p1a: Incineroar|Incineroar, L50, F|100/100\n|-ability|p1a: Incineroar|Intimidate|boost\n|-unboost|p2a: Dondozo|atk|1\n|-unboost|p2b: Zacian|atk|1\n|turn|6\n|\n|t:|1774668877\n|move|p2a: Dondozo|Protect|p2a: Dondozo\n|-singleturn|p2a: Dondozo|Protect\n|move|p1a: Incineroar|Fake Out|p2a: Dondozo\n|-activate|p2a: Dondozo|move: Protect\n|move|p2b: Zacian|Crunch|p1b: Lunala\n|-supereffective|p1b: Lunala\n|-damage|p1b: Lunala|21/100\n|move|p1b: Lunala|Trick Room|p1b: Lunala\n|-fieldstart|move: Trick Room|[of] p1b: Lunala\n|\n|upkeep\n|turn|7\n|\n|t:|1774668895\n|switch|p2b: Tatsugiri|Tatsugiri, L50, F|100/100\n|-activate|p2b: Tatsugiri|ability: Commander|[of] p2a: Dondozo\n|-boost|p2a: Dondozo|atk|2\n|-boost|p2a: Dondozo|spa|2\n|-boost|p2a: Dondozo|spe|2\n|-boost|p2a: Dondozo|def|2\n|-boost|p2a: Dondozo|spd|2\n|move|p1a: Incineroar|Parting Shot|p2a: Dondozo\n|-unboost|p2a: Dondozo|atk|1\n|-unboost|p2a: Dondozo|spa|1\n|\n|t:|1774668897\n|switch|p1a: Calyrex|Calyrex-Ice, L50|100/100|[from] Parting Shot\n|-ability|p1a: Calyrex|As One\n|-ability|p1a: Calyrex|Unnerve\n|move|p1b: Lunala|Moongeist Beam|p2a: Dondozo\n|-damage|p2a: Dondozo|79/100\n|move|p2a: Dondozo|Earthquake|p1b: Lunala|[spread] p1a,p1b\n|-miss|p2a: Dondozo|p2b: Tatsugiri\n|-damage|p1a: Calyrex|87/100\n|-damage|p1b: Lunala|6/100\n|\n|-heal|p1a: Calyrex|93/100|[from] item: Leftovers\n|-heal|p2a: Dondozo|85/100|[from] item: Leftovers\n|upkeep\n|turn|8\n|\n|t:|1774668910\n|move|p2a: Dondozo|Protect|p2a: Dondozo\n|-singleturn|p2a: Dondozo|Protect\n|move|p1b: Lunala|Wide Guard|p1b: Lunala\n|-singleturn|p1b: Lunala|Wide Guard\n|move|p1a: Calyrex|Leech Seed|p2a: Dondozo\n|-activate|p2a: Dondozo|move: Protect\n|\n|-heal|p1a: Calyrex|99/100|[from] item: Leftovers\n|-heal|p2a: Dondozo|92/100|[from] item: Leftovers\n|upkeep\n|turn|9\n|\n|t:|1774668917\n|switch|p1b: Incineroar|Incineroar, L50, F|100/100\n|-ability|p1b: Incineroar|Intimidate|boost\n|-unboost|p2a: Dondozo|atk|1\n|-unboost|p2b: Tatsugiri|atk|1\n|move|p1a: Calyrex|Leech Seed|p2a: Dondozo\n|-start|p2a: Dondozo|move: Leech Seed\n|move|p2a: Dondozo|Order Up|p1b: Incineroar\n|-damage|p1b: Incineroar|89/100\n|-boost|p2a: Dondozo|atk|1\n|\n|-heal|p1a: Calyrex|100/100|[from] item: Leftovers\n|-heal|p2a: Dondozo|98/100|[from] item: Leftovers\n|-damage|p2a: Dondozo|85/100|[from] Leech Seed|[of] p1a: Calyrex\n|upkeep\n|turn|10\n|\n|t:|1774668932\n|switch|p1b: Lunala|Lunala, L50|6/100\n|move|p1a: Calyrex|Glacial Lance|p2a: Dondozo|[spread] p2a\n|-miss|p1a: Calyrex|p2b: Tatsugiri\n|-resisted|p2a: Dondozo\n|-damage|p2a: Dondozo|77/100\n|move|p2a: Dondozo|Order Up|p1b: Lunala\n|-damage|p1b: Lunala|0 fnt\n|faint|p1b: Lunala\n|-boost|p2a: Dondozo|atk|1\n|\n|-heal|p2a: Dondozo|83/100|[from] item: Leftovers\n|-damage|p2a: Dondozo|70/100|[from] Leech Seed|[of] p1a: Calyrex\n|-fieldend|move: Trick Room\n|upkeep\n|\n|t:|1774668935\n|switch|p1b: Incineroar|Incineroar, L50, F|89/100\n|-ability|p1b: Incineroar|Intimidate|boost\n|-unboost|p2a: Dondozo|atk|1\n|-unboost|p2b: Tatsugiri|atk|1\n|turn|11\n|\n|t:|1774668946\n|move|p1b: Incineroar|Fake Out|p2a: Dondozo\n|-damage|p2a: Dondozo|67/100\n|cant|p2a: Dondozo|flinch\n|move|p1a: Calyrex|Trick Room|p1a: Calyrex\n|-fieldstart|move: Trick Room|[of] p1a: Calyrex\n|\n|-heal|p2a: Dondozo|73/100|[from] item: Leftovers\n|-damage|p2a: Dondozo|61/100|[from] Leech Seed|[of] p1a: Calyrex\n|upkeep\n|turn|12\n|\n|t:|1774668951\n|move|p1a: Calyrex|Glacial Lance|p2a: Dondozo|[spread] p2a\n|-miss|p1a: Calyrex|p2b: Tatsugiri\n|-resisted|p2a: Dondozo\n|-damage|p2a: Dondozo|52/100\n|move|p1b: Incineroar|Knock Off|p2a: Dondozo\n|-damage|p2a: Dondozo|40/100\n|-enditem|p2a: Dondozo|Leftovers|[from] move: Knock Off|[of] p1b: Incineroar\n|move|p2a: Dondozo|Earthquake|p1a: Calyrex|[spread] p1a,p1b\n|-miss|p2a: Dondozo|p2b: Tatsugiri\n|-supereffective|p1b: Incineroar\n|-damage|p1a: Calyrex|89/100\n|-damage|p1b: Incineroar|58/100\n|\n|-heal|p1a: Calyrex|95/100|[from] item: Leftovers\n|-damage|p2a: Dondozo|28/100|[from] Leech Seed|[of] p1a: Calyrex\n|-heal|p1a: Calyrex|100/100|[silent]\n|upkeep\n|turn|13\n|\n|t:|1774668964\n|move|p2a: Dondozo|Protect|p2a: Dondozo\n|-singleturn|p2a: Dondozo|Protect\n|move|p1a: Calyrex|Glacial Lance|p2a: Dondozo|[spread] \n|-miss|p1a: Calyrex|p2b: Tatsugiri\n|-activate|p2a: Dondozo|move: Protect\n|move|p1b: Incineroar|Knock Off|p2a: Dondozo\n|-activate|p2a: Dondozo|move: Protect\n|\n|-damage|p2a: Dondozo|15/100|[from] Leech Seed|[of] p1a: Calyrex\n|upkeep\n|turn|14\n|\n|t:|1774668981\n|move|p1a: Calyrex|Glacial Lance|p2a: Dondozo|[spread] p2a\n|-miss|p1a: Calyrex|p2b: Tatsugiri\n|-resisted|p2a: Dondozo\n|-damage|p2a: Dondozo|5/100\n|move|p1b: Incineroar|Knock Off|p2a: Dondozo\n|-damage|p2a: Dondozo|0 fnt\n|faint|p2a: Dondozo\n|\n|upkeep\n|\n|t:|1774668987\n|switch|p2a: Zacian|Zacian-Crowned, L50, shiny, tera:Fairy|66/100\n|turn|15\n|\n|t:|1774668993\n|-terastallize|p1a: Calyrex|Water\n|move|p2b: Tatsugiri|Protect|p2b: Tatsugiri\n|-singleturn|p2b: Tatsugiri|Protect\n|move|p2a: Zacian|Protect|p2a: Zacian\n|-singleturn|p2a: Zacian|Protect\n|move|p1a: Calyrex|Glacial Lance|p2b: Tatsugiri|[spread] \n|-activate|p2a: Zacian|move: Protect\n|-activate|p2b: Tatsugiri|move: Protect\n|move|p1b: Incineroar|Knock Off|p2b: Tatsugiri\n|-activate|p2b: Tatsugiri|move: Protect\n|\n|-fieldend|move: Trick Room\n|upkeep\n|turn|16\n|\n|t:|1774669010\n|move|p2a: Zacian|Play Rough|p1b: Incineroar\n|-damage|p1b: Incineroar|10/100\n|move|p2b: Tatsugiri|Muddy Water|p1b: Incineroar|[spread] p1a\n|-miss|p2b: Tatsugiri|p1b: Incineroar\n|-resisted|p1a: Calyrex\n|-damage|p1a: Calyrex|89/100\n|-unboost|p1a: Calyrex|accuracy|1\n|move|p1b: Incineroar|Flare Blitz|p2a: Zacian\n|-damage|p2a: Zacian|29/100\n|-damage|p1b: Incineroar|0 fnt|[from] Recoil\n|faint|p1b: Incineroar\n|move|p1a: Calyrex|Glacial Lance|p2b: Tatsugiri|[spread] p2a,p2b\n|-damage|p2a: Zacian|0 fnt\n|-enditem|p2b: Tatsugiri|Focus Sash\n|-damage|p2b: Tatsugiri|1/100\n|faint|p2a: Zacian\n|-ability|p1a: Calyrex|Chilling Neigh|boost\n|-boost|p1a: Calyrex|atk|1\n|\n|-heal|p1a: Calyrex|95/100|[from] item: Leftovers\n|upkeep\n|turn|17\n|-message|pigs2fly forfeited.\n|\n|win|myminiman\n|raw|myminiman's rating: 1472 &rarr; <strong>1501</strong><br />(+29 for winning)\n|raw|pigs2fly's rating: 1630 &rarr; <strong>1601</strong><br />(-29 for losing)\n|l|\u2606pigs2fly\n|player|p2|\n|l|\u2606myminiman\n|player|p1|\n","uploadtime":1774670402,"views":28,"formatid":"gen9vgc2026regi","rating":1501,"private":0,"password":null}