{"id":"gen9vgc2026regi-2535312379","format":"[Gen 9] VGC 2026 Reg I","players":["j0l0k0","marcxhenry"],"log":"|j|\u2606j0l0k0\n|j|\u2606marcxhenry\n|t:|1770549888\n|gametype|doubles\n|player|p1|j0l0k0|brycen|1400\n|player|p2|marcxhenry|hilbert-wonderlauncher|1573\n|gen|9\n|tier|[Gen 9] VGC 2026 Reg I\n|rated|\n|rule|Species Clause: Limit one of each Pok\u00e9mon\n|rule|Item Clause: Limit 1 of each item\n|clearpoke\n|poke|p1|Calyrex-Ice, L50|\n|poke|p1|Kyogre, L50|\n|poke|p1|Indeedee-F, L50, F|\n|poke|p1|Urshifu-*, L50, F|\n|poke|p1|Amoonguss, L50, F|\n|poke|p1|Landorus, L50, M|\n|poke|p2|Calyrex-Shadow, L50|\n|poke|p2|Urshifu-*, L50, M|\n|poke|p2|Roaring Moon, L50|\n|poke|p2|Kyogre, L50|\n|poke|p2|Tsareena, L50, F|\n|poke|p2|Kingambit, L50, M|\n|teampreview|4\n|inactive|Battle timer is ON: inactive players will automatically lose when time's up. (requested by j0l0k0)\n|\n|t:|1770549914\n|teamsize|p1|4\n|teamsize|p2|4\n|start\n|switch|p1a: Kyogre|Kyogre, L50, shiny|100/100\n|switch|p1b: Indeedee|Indeedee-F, L50, F, shiny|100/100\n|switch|p2a: Tripitz|Kyogre, L50, shiny|100/100\n|switch|p2b: Eva|Tsareena, L50, F, shiny|100/100\n|-weather|RainDance|[from] ability: Drizzle|[of] p2a: Tripitz\n|-fieldstart|move: Psychic Terrain|[from] ability: Psychic Surge|[of] p1b: Indeedee\n|turn|1\n|inactive|j0l0k0 has 30 seconds left.\n|inactive|j0l0k0 has 20 seconds left.\n|inactive|j0l0k0 has 15 seconds left.\n|inactive|j0l0k0 has 10 seconds left.\n|inactive|j0l0k0 has 5 seconds left.\n|\n|t:|1770549969\n|move|p2a: Tripitz|Protect|p2a: Tripitz\n|-singleturn|p2a: Tripitz|Protect\n|move|p1b: Indeedee|Follow Me|p1b: Indeedee\n|-singleturn|p1b: Indeedee|move: Follow Me\n|move|p2b: Eva|Power Whip|p1b: Indeedee\n|-damage|p1b: Indeedee|31/100\n|move|p1a: Kyogre|Water Spout|p2a: Tripitz|[spread] p2b\n|-activate|p2a: Tripitz|move: Protect\n|-resisted|p2b: Eva\n|-damage|p2b: Eva|34/100\n|\n|-weather|RainDance|[upkeep]\n|upkeep\n|turn|2\n|\n|t:|1770549988\n|-terastallize|p1a: Kyogre|Grass\n|move|p1b: Indeedee|Helping Hand|p1a: Kyogre\n|-singleturn|p1a: Kyogre|Helping Hand|[of] p1b: Indeedee\n|move|p2a: Tripitz|Water Spout|p1b: Indeedee|[spread] p1a,p1b\n|-resisted|p1a: Kyogre\n|-damage|p1a: Kyogre|72/100\n|-damage|p1b: Indeedee|0 fnt\n|faint|p1b: Indeedee\n|move|p2b: Eva|Triple Axel|p1a: Kyogre\n|-supereffective|p1a: Kyogre\n|-damage|p1a: Kyogre|58/100\n|-supereffective|p1a: Kyogre\n|-damage|p1a: Kyogre|31/100\n|-hitcount|p1a: Kyogre|2\n|move|p1a: Kyogre|Thunder|p2a: Tripitz\n|-supereffective|p2a: Tripitz\n|-damage|p2a: Tripitz|0 fnt\n|faint|p2a: Tripitz\n|\n|-weather|RainDance|[upkeep]\n|upkeep\n|\n|t:|1770550005\n|switch|p2a: Ludwig|Calyrex-Shadow, L50|100/100\n|switch|p1b: Calyrex|Calyrex-Ice, L50|100/100\n|-ability|p2a: Ludwig|As One\n|-ability|p2a: Ludwig|Unnerve\n|-ability|p1b: Calyrex|As One\n|-ability|p1b: Calyrex|Unnerve\n|turn|3\n|\n|t:|1770550023\n|-terastallize|p2b: Eva|Water\n|move|p2a: Ludwig|Astral Barrage|p1a: Kyogre|[spread] p1a,p1b\n|-supereffective|p1b: Calyrex\n|-damage|p1a: Kyogre|9/100\n|-damage|p1b: Calyrex|22/100\n|move|p2b: Eva|Taunt|p1b: Calyrex\n|-start|p1b: Calyrex|move: Taunt\n|move|p1a: Kyogre|Ice Beam|p2b: Eva\n|-resisted|p2b: Eva\n|-damage|p2b: Eva|12/100\n|cant|p1b: Calyrex|move: Taunt|Trick Room\n|\n|-weather|RainDance|[upkeep]\n|upkeep\n|turn|4\n|inactive|j0l0k0 has 30 seconds left.\n|inactive|j0l0k0 has 20 seconds left.\n|\n|t:|1770550062\n|switch|p2b: Hermann|Kingambit, L50, M, shiny|100/100\n|move|p2a: Ludwig|Astral Barrage|p1b: Calyrex|[spread] p1a,p1b\n|-supereffective|p1b: Calyrex\n|-damage|p1a: Kyogre|0 fnt\n|-damage|p1b: Calyrex|0 fnt\n|faint|p1a: Kyogre\n|faint|p1b: Calyrex\n|-ability|p2a: Ludwig|Grim Neigh|boost\n|-boost|p2a: Ludwig|spa|2\n|\n|-weather|RainDance|[upkeep]\n|upkeep\n|c|\u2606j0l0k0|ggwp\n|\n|t:|1770550069\n|switch|p1b: Urshifu|Urshifu, L50, F|100/100\n|turn|5\n|c|\u2606marcxhenry|my triple axe as 99% :(\n|c|\u2606marcxhenry|that was unlucky\n|inactive|marcxhenry has 30 seconds left.\n|\n|t:|1770550097\n|move|p2a: Ludwig|Astral Barrage|p1b: Urshifu\n|-resisted|p1b: Urshifu\n|-enditem|p1b: Urshifu|Focus Sash\n|-damage|p1b: Urshifu|1/100\n|move|p1b: Urshifu|Wicked Blow|p2a: Ludwig\n|-supereffective|p2a: Ludwig\n|-crit|p2a: Ludwig\n|-enditem|p2a: Ludwig|Focus Sash\n|-damage|p2a: Ludwig|1/100\n|move|p2b: Hermann|Brick Break|p1b: Urshifu\n|-supereffective|p1b: Urshifu\n|-damage|p1b: Urshifu|0 fnt\n|faint|p1b: Urshifu\n|\n|win|marcxhenry\n|raw|j0l0k0's rating: 1400 &rarr; <strong>1389</strong><br />(-11 for losing)\n|raw|marcxhenry's rating: 1573 &rarr; <strong>1584</strong><br />(+11 for winning)\n|l|\u2606j0l0k0\n|player|p1|\n|l|\u2606marcxhenry\n|player|p2|\n","uploadtime":1770550262,"views":13,"formatid":"gen9vgc2026regi","rating":1389,"private":0,"password":null}