{"id":"gen9vgc2026regi-2564859959","format":"[Gen 9] VGC 2026 Reg I","players":["shats bassoon","Sunny_zong1"],"log":"|j|\u2606shats bassoon\n|j|\u2606Sunny_zong1\n|t:|1774204771\n|gametype|doubles\n|player|p1|shats bassoon|jasmine|1104\n|player|p2|Sunny_zong1|170|1158\n|gen|9\n|tier|[Gen 9] VGC 2026 Reg I\n|rated|\n|rule|Species Clause: Limit one of each Pok\u00e9mon\n|rule|Item Clause: Limit 1 of each item\n|clearpoke\n|poke|p1|Metagross, L50|\n|poke|p1|Dragonite, L50, F|\n|poke|p1|Chien-Pao, L50|\n|poke|p1|Kingambit, L50, F|\n|poke|p1|Koraidon, L50|\n|poke|p1|Calyrex-Shadow, L50|\n|poke|p2|Lugia, L50|\n|poke|p2|Flamigo, L50, M|\n|poke|p2|Muk-Alola, L50, F|\n|poke|p2|Drifblim, L50, F|\n|poke|p2|Indeedee, L50, M|\n|poke|p2|Glimmora, L50, F|\n|teampreview|4\n|\n|t:|1774204807\n|teamsize|p1|4\n|teamsize|p2|4\n|start\n|switch|p1a: Metagross|Metagross, L50, shiny|100/100\n|switch|p1b: Koraidon|Koraidon, L50|100/100\n|switch|p2a: Glimmora|Glimmora, L50, F|100/100\n|switch|p2b: Indeedee|Indeedee, L50, M|100/100\n|-weather|SunnyDay|[from] ability: Orichalcum Pulse|[of] p1b: Koraidon\n|-activate|p1b: Koraidon|Orichalcum Pulse|[source]\n|-fieldstart|move: Psychic Terrain|[from] ability: Psychic Surge|[of] p2b: Indeedee\n|turn|1\n|\n|t:|1774204828\n|move|p2a: Glimmora|Spiky Shield|p2a: Glimmora\n|-singleturn|p2a: Glimmora|move: Protect\n|move|p1b: Koraidon|Outrage|p2a: Glimmora\n|-activate|p2a: Glimmora|move: Protect\n|-damage|p1b: Koraidon|88/100|[from] Spiky Shield|[of] p2a: Glimmora\n|move|p2b: Indeedee|Expanding Force|p1a: Metagross|[spread] p1a,p1b\n|-resisted|p1a: Metagross\n|-supereffective|p1b: Koraidon\n|-damage|p1a: Metagross|88/100\n|-damage|p1b: Koraidon|0 fnt\n|faint|p1b: Koraidon\n|move|p1a: Metagross|Knock Off|p2b: Indeedee\n|-supereffective|p2b: Indeedee\n|-damage|p2b: Indeedee|0 fnt\n|-enditem|p2b: Indeedee|Choice Scarf|[from] move: Knock Off|[of] p1a: Metagross\n|faint|p2b: Indeedee\n|\n|-weather|SunnyDay|[upkeep]\n|upkeep\n|\n|t:|1774204844\n|switch|p1b: Chien-Pao|Chien-Pao, L50|100/100\n|switch|p2b: Muk|Muk-Alola, L50, F|100/100\n|-ability|p1b: Chien-Pao|Sword of Ruin\n|turn|2\n|\n|t:|1774204861\n|move|p1b: Chien-Pao|Ice Spinner|p2a: Glimmora\n|-damage|p2a: Glimmora|38/100\n|-activate|p2a: Glimmora|ability: Toxic Debris\n|-sidestart|p1: shats bassoon|move: Toxic Spikes\n|-fieldend|move: Psychic Terrain\n|move|p2a: Glimmora|Mortal Spin|p1b: Chien-Pao|[spread] p1b\n|-immune|p1a: Metagross\n|-damage|p1b: Chien-Pao|95/100\n|-status|p1b: Chien-Pao|psn\n|move|p1a: Metagross|Knock Off|p2b: Muk\n|-resisted|p2b: Muk\n|-damage|p2b: Muk|79/100\n|-enditem|p2b: Muk|Black Sludge|[from] move: Knock Off|[of] p1a: Metagross\n|move|p2b: Muk|Minimize|p2b: Muk\n|-boost|p2b: Muk|evasion|2\n|\n|-weather|SunnyDay|[upkeep]\n|-damage|p1b: Chien-Pao|83/100 psn|[from] psn\n|upkeep\n|turn|3\n|\n|t:|1774204880\n|move|p2a: Glimmora|Spiky Shield|p2a: Glimmora\n|-singleturn|p2a: Glimmora|move: Protect\n|move|p2b: Muk|Protect|p2b: Muk\n|-singleturn|p2b: Muk|Protect\n|move|p1b: Chien-Pao|Ice Spinner|p2b: Muk\n|-activate|p2b: Muk|move: Protect\n|move|p1a: Metagross|Psychic Fangs|p2a: Glimmora\n|-activate|p2a: Glimmora|move: Protect\n|-damage|p1a: Metagross|75/100|[from] Spiky Shield|[of] p2a: Glimmora\n|\n|-weather|SunnyDay|[upkeep]\n|-damage|p1b: Chien-Pao|70/100 psn|[from] psn\n|upkeep\n|turn|4\n|\n|t:|1774204893\n|move|p1b: Chien-Pao|Ice Spinner|p2b: Muk\n|-damage|p2b: Muk|37/100\n|move|p2a: Glimmora|Power Gem|p1b: Chien-Pao\n|-supereffective|p1b: Chien-Pao\n|-damage|p1b: Chien-Pao|0 fnt\n|faint|p1b: Chien-Pao\n|move|p1a: Metagross|Psychic Fangs|p2a: Glimmora\n|-supereffective|p2a: Glimmora\n|-damage|p2a: Glimmora|0 fnt\n|-activate|p2a: Glimmora|ability: Toxic Debris\n|-sidestart|p1: shats bassoon|move: Toxic Spikes\n|faint|p2a: Glimmora\n|-ability|p2b: Muk|Toxic Debris|Power of Alchemy|[from] ability: Power of Alchemy|[of] p2a: Glimmora\n|move|p2b: Muk|Minimize|p2b: Muk\n|-boost|p2b: Muk|evasion|2\n|\n|-weather|SunnyDay|[upkeep]\n|upkeep\n|\n|t:|1774204896\n|switch|p1b: Calyrex|Calyrex-Shadow, L50|100/100\n|switch|p2a: Lugia|Lugia, L50|100/100\n|-ability|p1b: Calyrex|As One\n|-ability|p1b: Calyrex|Unnerve\n|-status|p1b: Calyrex|tox\n|-ability|p2a: Lugia|Pressure\n|turn|5\n|\n|t:|1774204907\n|-terastallize|p2a: Lugia|Normal\n|move|p2b: Muk|Protect|p2b: Muk\n|-singleturn|p2b: Muk|Protect\n|move|p1b: Calyrex|Astral Barrage|p2b: Muk|[spread] \n|-activate|p2b: Muk|move: Protect\n|-immune|p2a: Lugia\n|move|p2a: Lugia|Psych Up|p2b: Muk\n|-copyboost|p2a: Lugia|p2b: Muk|[from] move: Psych Up\n|move|p1a: Metagross|Knock Off|p2a: Lugia|[miss]\n|-miss|p1a: Metagross|p2a: Lugia\n|\n|-weather|none\n|-damage|p1b: Calyrex|94/100 tox|[from] psn\n|upkeep\n|turn|6\n|\n|t:|1774204916\n|move|p1b: Calyrex|Astral Barrage|p2a: Lugia|[spread] \n|-immune|p2a: Lugia\n|-miss|p1b: Calyrex|p2b: Muk\n|move|p2a: Lugia|Calm Mind|p2a: Lugia\n|-boost|p2a: Lugia|spa|1\n|-boost|p2a: Lugia|spd|1\n|move|p1a: Metagross|Knock Off|p2a: Lugia|[miss]\n|-miss|p1a: Metagross|p2a: Lugia\n|move|p2b: Muk|Rest|p2b: Muk\n|-status|p2b: Muk|slp|[from] move: Rest\n|-heal|p2b: Muk|100/100 slp|[silent]\n|\n|-damage|p1b: Calyrex|82/100 tox|[from] psn\n|upkeep\n|turn|7\n|\n|t:|1774204922\n|cant|p2b: Muk|slp\n|move|p1b: Calyrex|Astral Barrage|p2b: Muk|[spread] p2b\n|-immune|p2a: Lugia\n|-resisted|p2b: Muk\n|-damage|p2b: Muk|69/100 slp\n|move|p2a: Lugia|Calm Mind|p2a: Lugia\n|-boost|p2a: Lugia|spa|1\n|-boost|p2a: Lugia|spd|1\n|move|p1a: Metagross|Knock Off|p2a: Lugia|[miss]\n|-miss|p1a: Metagross|p2a: Lugia\n|\n|-damage|p1b: Calyrex|63/100 tox|[from] psn\n|upkeep\n|turn|8\n|-message|shats bassoon forfeited.\n|\n|win|Sunny_zong1\n|raw|shats bassoon's rating: 1104 &rarr; <strong>1083</strong><br />(-21 for losing)\n|raw|Sunny_zong1's rating: 1158 &rarr; <strong>1179</strong><br />(+21 for winning)\n|l|\u2606shats bassoon\n|player|p1|\n|l|\u2606Sunny_zong1\n|player|p2|\n","uploadtime":1774205094,"views":10,"formatid":"gen9vgc2026regi","rating":1083,"private":0,"password":null}