{"id":"gen9vgc2026regi-2547872144","format":"[Gen 9] VGC 2026 Reg I","players":["Viatles","cdogp3"],"log":"|j|\u2606Viatles\n|j|\u2606cdogp3\n|t:|1772140059\n|gametype|doubles\n|player|p1|Viatles|hiker|1384\n|player|p2|cdogp3|hoopster|1677\n|gen|9\n|tier|[Gen 9] VGC 2026 Reg I\n|rated|\n|rule|Species Clause: Limit one of each Pok\u00e9mon\n|rule|Item Clause: Limit 1 of each item\n|clearpoke\n|poke|p1|Giratina-Origin, L50|\n|poke|p1|Scizor, L50, M|\n|poke|p1|Chien-Pao, L50|\n|poke|p1|Swampert, L50, M|\n|poke|p1|Miraidon, L50|\n|poke|p1|Ogerpon-Cornerstone, L50, F|\n|poke|p2|Sneasler, L50, F|\n|poke|p2|Ditto, L50|\n|poke|p2|Calyrex-Ice, L50|\n|poke|p2|Miraidon, L50|\n|poke|p2|Urshifu-*, L50, M|\n|poke|p2|Incineroar, L50, F|\n|teampreview|4\n|inactive|Battle timer is ON: inactive players will automatically lose when time's up. (requested by cdogp3)\n|c|\u2606Viatles|gl hf\n|inactive|Viatles has 60 seconds left.\n|\n|t:|1772140091\n|teamsize|p1|4\n|teamsize|p2|4\n|start\n|switch|p1a: Ren|Scizor, L50, M|100/100\n|switch|p1b: Choco Cat|Chien-Pao, L50, shiny|100/100\n|switch|p2a: Calyrex|Calyrex-Ice, L50|100/100\n|switch|p2b: Miraidon|Miraidon, L50|100/100\n|-ability|p2a: Calyrex|As One\n|-ability|p2a: Calyrex|Unnerve\n|-ability|p1b: Choco Cat|Sword of Ruin\n|-fieldstart|move: Electric Terrain|[from] ability: Hadron Engine|[of] p2b: Miraidon\n|turn|1\n|\n|t:|1772140110\n|switch|p2b: Sneasler|Sneasler, L50, F|100/100\n|-enditem|p2b: Sneasler|Electric Seed\n|-boost|p2b: Sneasler|def|1|[from] item: Electric Seed\n|-terastallize|p1a: Ren|Ground\n|-terastallize|p2a: Calyrex|Water\n|move|p1b: Choco Cat|Protect|p1b: Choco Cat\n|-singleturn|p1b: Choco Cat|Protect\n|move|p1a: Ren|Lunge|p2a: Calyrex\n|-damage|p2a: Calyrex|65/100\n|move|p2a: Calyrex|Glacial Lance|p1a: Ren|[spread] p1a\n|-activate|p1b: Choco Cat|move: Protect\n|-supereffective|p1a: Ren\n|-crit|p1a: Ren\n|-damage|p1a: Ren|0 fnt\n|faint|p1a: Ren\n|-ability|p2a: Calyrex|Chilling Neigh|boost\n|-boost|p2a: Calyrex|atk|1\n|\n|upkeep\n|\n|t:|1772140127\n|switch|p1a: Ed boi|Swampert, L50, M|100/100\n|turn|2\n|\n|t:|1772140139\n|move|p1a: Ed boi|Wide Guard|p1a: Ed boi\n|-singleturn|p1a: Ed boi|Wide Guard\n|move|p2b: Sneasler|Dire Claw|p1b: Choco Cat\n|-damage|p1b: Choco Cat|40/100\n|-status|p1b: Choco Cat|psn\n|move|p1b: Choco Cat|Ice Spinner|p2b: Sneasler\n|-damage|p2b: Sneasler|54/100\n|-fieldend|move: Electric Terrain\n|move|p2a: Calyrex|Glacial Lance|p1b: Choco Cat|[spread] \n|-activate|p1a: Ed boi|move: Wide Guard\n|-activate|p1b: Choco Cat|move: Wide Guard\n|\n|-damage|p1b: Choco Cat|28/100 psn|[from] psn\n|upkeep\n|turn|3\n|\n|t:|1772140159\n|move|p1b: Choco Cat|Protect|p1b: Choco Cat\n|-singleturn|p1b: Choco Cat|Protect\n|move|p2b: Sneasler|Low Kick|p1b: Choco Cat\n|-activate|p1b: Choco Cat|move: Protect\n|move|p1a: Ed boi|Bulldoze|p2a: Calyrex|[spread] p2a,p2b\n|-activate|p1b: Choco Cat|move: Protect\n|-supereffective|p2b: Sneasler\n|-damage|p2a: Calyrex|52/100\n|-damage|p2b: Sneasler|11/100\n|-unboost|p2b: Sneasler|spe|1\n|move|p2a: Calyrex|Glacial Lance|p1a: Ed boi|[spread] p1a\n|-activate|p1b: Choco Cat|move: Protect\n|-damage|p1a: Ed boi|0 fnt\n|faint|p1a: Ed boi\n|-ability|p2a: Calyrex|Chilling Neigh|boost\n|-boost|p2a: Calyrex|atk|1\n|\n|-damage|p1b: Choco Cat|16/100 psn|[from] psn\n|upkeep\n|\n|t:|1772140174\n|switch|p1a: Mr Neat|Giratina-Origin, L50|100/100\n|turn|4\n|\n|t:|1772140188\n|move|p2b: Sneasler|Throat Chop|p1a: Mr Neat\n|-supereffective|p1a: Mr Neat\n|-damage|p1a: Mr Neat|49/100\n|-start|p1a: Mr Neat|Throat Chop|[silent]\n|move|p1b: Choco Cat|Ice Spinner|p2b: Sneasler\n|-damage|p2b: Sneasler|0 fnt\n|faint|p2b: Sneasler\n|move|p1a: Mr Neat|Shadow Force||[still]\n|-prepare|p1a: Mr Neat|Shadow Force\n|move|p2a: Calyrex|Glacial Lance|p1b: Choco Cat|[spread] p1b\n|-miss|p2a: Calyrex|p1a: Mr Neat\n|-resisted|p1b: Choco Cat\n|-damage|p1b: Choco Cat|0 fnt\n|faint|p1b: Choco Cat\n|-ability|p2a: Calyrex|Chilling Neigh|boost\n|-boost|p2a: Calyrex|atk|1\n|\n|upkeep\n|\n|t:|1772140197\n|switch|p2b: Miraidon|Miraidon, L50|100/100\n|-fieldstart|move: Electric Terrain|[from] ability: Hadron Engine|[of] p2b: Miraidon\n|turn|5\n|\n|t:|1772140203\n|switch|p2b: Urshifu|Urshifu-Rapid-Strike, L50, M|100/100\n|move|p1a: Mr Neat|Shadow Force|p2a: Calyrex|[from] lockedmove\n|-damage|p2a: Calyrex|0 fnt\n|faint|p2a: Calyrex\n|\n|-end|p1a: Mr Neat|Throat Chop|[silent]\n|upkeep\n|\n|t:|1772140205\n|switch|p2a: Miraidon|Miraidon, L50|100/100\n|-activate|p2a: Miraidon|ability: Hadron Engine\n|turn|6\n|\n|t:|1772140215\n|move|p2a: Miraidon|Electro Drift|p1a: Mr Neat\n|-resisted|p1a: Mr Neat\n|-damage|p1a: Mr Neat|0 fnt\n|faint|p1a: Mr Neat\n|-damage|p2a: Miraidon|91/100|[from] item: Life Orb\n|\n|win|cdogp3\n|raw|Viatles's rating: 1384 &rarr; <strong>1378</strong><br />(-6 for losing)\n|raw|cdogp3's rating: 1677 &rarr; <strong>1683</strong><br />(+6 for winning)\n|c|\u2606Viatles|gg\n|l|\u2606cdogp3\n|player|p2|\n|l|\u2606Viatles\n|player|p1|\n","uploadtime":1772140223,"views":54,"formatid":"gen9vgc2026regi","rating":1378,"private":0,"password":null}