{"id":"gen9vgc2026regi-2538780466","format":"[Gen 9] VGC 2026 Reg I","players":["501JFW","Gene10"],"log":"|j|\u2606501JFW\n|j|\u2606Gene10\n|t:|1770973597\n|gametype|doubles\n|player|p1|501JFW|102|1563\n|player|p2|Gene10|2|1492\n|gen|9\n|tier|[Gen 9] VGC 2026 Reg I\n|rated|\n|rule|Species Clause: Limit one of each Pok\u00e9mon\n|rule|Item Clause: Limit 1 of each item\n|clearpoke\n|poke|p1|Kyogre, L50|\n|poke|p1|Calyrex-Ice, L50|\n|poke|p1|Amoonguss, L50, M|\n|poke|p1|Urshifu-*, L50, M|\n|poke|p1|Indeedee-F, L50, F|\n|poke|p1|Iron Valiant, L50|\n|poke|p2|Calyrex-Ice, L50|\n|poke|p2|Miraidon, L50|\n|poke|p2|Grimmsnarl, L50, M|\n|poke|p2|Urshifu-*, L50, F|\n|poke|p2|Incineroar, L50, F|\n|poke|p2|Landorus, L50, M|\n|teampreview|4\n|inactive|Battle timer is ON: inactive players will automatically lose when time's up. (requested by Gene10)\n|inactive|501JFW has 60 seconds left.\n|\n|t:|1770973651\n|teamsize|p1|4\n|teamsize|p2|4\n|start\n|switch|p1a: Calyrex|Calyrex-Ice, L50|100/100\n|switch|p1b: Iron Valiant|Iron Valiant, L50, shiny|100/100\n|switch|p2a: Calyrex|Calyrex-Ice, L50|100/100\n|switch|p2b: Grimmsnarl|Grimmsnarl, L50, M|100/100\n|-ability|p2a: Calyrex|As One\n|-ability|p2a: Calyrex|Unnerve\n|-ability|p1a: Calyrex|As One\n|-ability|p1a: Calyrex|Unnerve\n|-enditem|p1b: Iron Valiant|Booster Energy\n|-activate|p1b: Iron Valiant|ability: Quark Drive|[fromitem]\n|-start|p1b: Iron Valiant|quarkdrivespe\n|turn|1\n|inactive|501JFW has 30 seconds left.\n|inactive|501JFW has 20 seconds left.\n|inactive|501JFW has 15 seconds left.\n|\n|t:|1770973693\n|move|p2b: Grimmsnarl|Reflect|p2b: Grimmsnarl\n|-sidestart|p2: Gene10|Reflect\n|move|p1b: Iron Valiant|Thunder Wave|p2a: Calyrex\n|-status|p2a: Calyrex|par\n|move|p1a: Calyrex|Swords Dance|p1a: Calyrex\n|-boost|p1a: Calyrex|atk|2\n|move|p2a: Calyrex|Glacial Lance|p1b: Iron Valiant|[spread] p1a,p1b\n|-resisted|p1a: Calyrex\n|-damage|p1a: Calyrex|86/100\n|-damage|p1b: Iron Valiant|44/100\n|\n|upkeep\n|turn|2\n|inactive|501JFW has 30 seconds left.\n|\n|t:|1770973720\n|move|p1b: Iron Valiant|Wide Guard|p1b: Iron Valiant\n|-singleturn|p1b: Iron Valiant|Wide Guard\n|move|p2b: Grimmsnarl|Thunder Wave|p1a: Calyrex\n|-status|p1a: Calyrex|par\n|move|p2a: Calyrex|Leech Seed|p1a: Calyrex\n|-start|p1a: Calyrex|move: Leech Seed\n|move|p1a: Calyrex|Glacial Lance|p2a: Calyrex|[spread] p2a,p2b\n|-resisted|p2a: Calyrex\n|-damage|p2a: Calyrex|75/100 par\n|-damage|p2b: Grimmsnarl|14/100\n|\n|-heal|p2a: Calyrex|81/100 par|[from] item: Leftovers\n|-damage|p1a: Calyrex|73/100 par|[from] Leech Seed|[of] p2a: Calyrex\n|-heal|p2a: Calyrex|93/100 par|[silent]\n|upkeep\n|turn|3\n|inactive|501JFW has 30 seconds left.\n|inactive|Gene10 has 30 seconds left.\n|inactive|501JFW has 20 seconds left.\n|inactive|501JFW has 15 seconds left.\n|inactive|501JFW has 10 seconds left.\n|inactive|501JFW has 5 seconds left.\n|\n|t:|1770973773\n|move|p2b: Grimmsnarl|Light Screen|p2b: Grimmsnarl\n|-sidestart|p2: Gene10|move: Light Screen\n|move|p1b: Iron Valiant|Spirit Break|p2b: Grimmsnarl\n|-supereffective|p2b: Grimmsnarl\n|-damage|p2b: Grimmsnarl|0 fnt\n|faint|p2b: Grimmsnarl\n|move|p2a: Calyrex|Glacial Lance|p1b: Iron Valiant|[spread] p1a,p1b\n|-resisted|p1a: Calyrex\n|-damage|p1a: Calyrex|56/100 par\n|-damage|p1b: Iron Valiant|0 fnt\n|faint|p1b: Iron Valiant\n|-end|p1b: Iron Valiant|Quark Drive|[silent]\n|-ability|p2a: Calyrex|Chilling Neigh|boost\n|-boost|p2a: Calyrex|atk|1\n|move|p1a: Calyrex|Glacial Lance|p2a: Calyrex\n|-resisted|p2a: Calyrex\n|-damage|p2a: Calyrex|59/100 par\n|\n|-heal|p2a: Calyrex|65/100 par|[from] item: Leftovers\n|-damage|p1a: Calyrex|44/100 par|[from] Leech Seed|[of] p2a: Calyrex\n|-heal|p2a: Calyrex|77/100 par|[silent]\n|upkeep\n|\n|t:|1770973793\n|switch|p1b: Indeedee|Indeedee-F, L50, F, shiny|100/100\n|switch|p2b: Miraidon|Miraidon, L50|100/100\n|-fieldstart|move: Electric Terrain|[from] ability: Hadron Engine|[of] p2b: Miraidon\n|-fieldstart|move: Psychic Terrain|[from] ability: Psychic Surge|[of] p1b: Indeedee\n|-enditem|p1b: Indeedee|Psychic Seed\n|-boost|p1b: Indeedee|spd|1|[from] item: Psychic Seed\n|turn|4\n|\n|t:|1770973814\n|switch|p1b: Kyogre|Kyogre, L50, shiny|100/100\n|-weather|RainDance|[from] ability: Drizzle|[of] p1b: Kyogre\n|move|p2b: Miraidon|Volt Switch|p1a: Calyrex\n|-damage|p1a: Calyrex|13/100 par\n|j| lunala fairy ghost\n|\n|t:|1770973821\n|switch|p2b: Urshifu|Urshifu-Rapid-Strike, L50, F|100/100|[from] Volt Switch\n|cant|p2a: Calyrex|par\n|cant|p1a: Calyrex|par\n|\n|-weather|RainDance|[upkeep]\n|-heal|p2a: Calyrex|83/100 par|[from] item: Leftovers\n|-damage|p1a: Calyrex|1/100 par|[from] Leech Seed|[of] p2a: Calyrex\n|-heal|p2a: Calyrex|95/100 par|[silent]\n|upkeep\n|turn|5\n|\n|t:|1770973845\n|switch|p1a: Indeedee|Indeedee-F, L50, F, shiny|100/100\n|-terastallize|p1b: Kyogre|Water\n|move|p2b: Urshifu|Surging Strikes|p1b: Kyogre\n|-resisted|p1b: Kyogre\n|-crit|p1b: Kyogre\n|-damage|p1b: Kyogre|79/100\n|-resisted|p1b: Kyogre\n|-crit|p1b: Kyogre\n|-damage|p1b: Kyogre|58/100\n|-resisted|p1b: Kyogre\n|-crit|p1b: Kyogre\n|-damage|p1b: Kyogre|36/100\n|-hitcount|p1b: Kyogre|3\n|move|p1b: Kyogre|Origin Pulse|p2a: Calyrex|[spread] p2a,p2b\n|-resisted|p2b: Urshifu\n|-damage|p2a: Calyrex|29/100 par\n|-damage|p2b: Urshifu|44/100\n|move|p2a: Calyrex|Glacial Lance|p1a: Indeedee|[spread] p1a,p1b\n|-resisted|p1b: Kyogre\n|-damage|p1a: Indeedee|22/100\n|-damage|p1b: Kyogre|0 fnt\n|faint|p1b: Kyogre\n|-ability|p2a: Calyrex|Chilling Neigh|boost\n|-boost|p2a: Calyrex|atk|1\n|\n|-weather|RainDance|[upkeep]\n|-heal|p2a: Calyrex|35/100 par|[from] item: Leftovers\n|upkeep\n|-message|501JFW forfeited.\n|\n|win|Gene10\n|raw|501JFW's rating: 1563 &rarr; <strong>1539</strong><br />(-24 for losing)\n|raw|Gene10's rating: 1492 &rarr; <strong>1516</strong><br />(+24 for winning)\n|l|\u2606501JFW\n|player|p1|\n|l|\u2606Gene10\n|player|p2|\n|l| lunala fairy ghost\n","uploadtime":1770974046,"views":45,"formatid":"gen9vgc2026regi","rating":1516,"private":0,"password":null}