{"id":"gen9vgc2026regi-2543523979","format":"[Gen 9] VGC 2026 Reg I","players":["fyssqzh","fogdocker"],"log":"|j|\u2606fyssqzh\n|j|\u2606fogdocker\n|t:|1771588186\n|gametype|doubles\n|player|p1|fyssqzh|clerkf|1234\n|player|p2|fogdocker|1|1394\n|gen|9\n|tier|[Gen 9] VGC 2026 Reg I\n|rated|\n|rule|Species Clause: Limit one of each Pok\u00e9mon\n|rule|Item Clause: Limit 1 of each item\n|clearpoke\n|poke|p1|Calyrex-Shadow, L50|\n|poke|p1|Mudsdale, L50, F|\n|poke|p1|Maushold, L50|\n|poke|p1|Palkia-Origin, L50|\n|poke|p1|Glastrier, L50|\n|poke|p1|Ting-Lu, L50|\n|poke|p2|Calyrex-Ice, L50|\n|poke|p2|Koraidon, L50|\n|poke|p2|Flutter Mane, L50|\n|poke|p2|Incineroar, L50, M|\n|poke|p2|Rillaboom, L50, M|\n|poke|p2|Volcarona, L50, M|\n|teampreview|4\n|inactive|Battle timer is ON: inactive players will automatically lose when time's up. (requested by fyssqzh)\n|\n|t:|1771588217\n|teamsize|p1|4\n|teamsize|p2|4\n|start\n|switch|p1a: \u9f20\u6211\u4e0d\u662f\u9a6c|Maushold, L50|100/100\n|switch|p1b: \u725b\u9a6c\u4ee3\u8a00\u4eba|Mudsdale, L50, F|100/100\n|switch|p2a: Koraidon|Koraidon, L50|100/100\n|switch|p2b: Flutter Mane|Flutter Mane, L50|100/100\n|-weather|SunnyDay|[from] ability: Orichalcum Pulse|[of] p2a: Koraidon\n|-activate|p2b: Flutter Mane|ability: Protosynthesis\n|-start|p2b: Flutter Mane|protosynthesisspe\n|-activate|p2a: Koraidon|Orichalcum Pulse|[source]\n|turn|1\n|\n|t:|1771588233\n|move|p2a: Koraidon|Protect|p2a: Koraidon\n|-singleturn|p2a: Koraidon|Protect\n|move|p1a: \u9f20\u6211\u4e0d\u662f\u9a6c|Protect|p1a: \u9f20\u6211\u4e0d\u662f\u9a6c\n|-singleturn|p1a: \u9f20\u6211\u4e0d\u662f\u9a6c|Protect\n|move|p1b: \u725b\u9a6c\u4ee3\u8a00\u4eba|Protect|p1b: \u725b\u9a6c\u4ee3\u8a00\u4eba\n|-singleturn|p1b: \u725b\u9a6c\u4ee3\u8a00\u4eba|Protect\n|move|p2b: Flutter Mane|Moonblast|p1b: \u725b\u9a6c\u4ee3\u8a00\u4eba\n|-activate|p1b: \u725b\u9a6c\u4ee3\u8a00\u4eba|move: Protect\n|\n|-weather|SunnyDay|[upkeep]\n|upkeep\n|turn|2\n|inactive|fyssqzh has 30 seconds left.\n|\n|t:|1771588265\n|-terastallize|p1a: \u9f20\u6211\u4e0d\u662f\u9a6c|Ghost\n|move|p2b: Flutter Mane|Moonblast|p1b: \u725b\u9a6c\u4ee3\u8a00\u4eba\n|-damage|p1b: \u725b\u9a6c\u4ee3\u8a00\u4eba|50/100\n|-ability|p1b: \u725b\u9a6c\u4ee3\u8a00\u4eba|Stamina|boost\n|-boost|p1b: \u725b\u9a6c\u4ee3\u8a00\u4eba|def|1\n|move|p2a: Koraidon|Close Combat|p1a: \u9f20\u6211\u4e0d\u662f\u9a6c\n|-immune|p1a: \u9f20\u6211\u4e0d\u662f\u9a6c\n|move|p1a: \u9f20\u6211\u4e0d\u662f\u9a6c|Population Bomb|p2a: Koraidon\n|-damage|p2a: Koraidon|90/100\n|-damage|p2a: Koraidon|80/100\n|-damage|p2a: Koraidon|69/100\n|-damage|p2a: Koraidon|58/100\n|-damage|p2a: Koraidon|48/100\n|-damage|p2a: Koraidon|39/100\n|-damage|p2a: Koraidon|28/100\n|-damage|p2a: Koraidon|18/100\n|-damage|p2a: Koraidon|7/100\n|-damage|p2a: Koraidon|0 fnt\n|faint|p2a: Koraidon\n|-hitcount|p2: Koraidon|10\n|move|p1b: \u725b\u9a6c\u4ee3\u8a00\u4eba|Fissure|p2b: Flutter Mane|[miss]\n|-miss|p1b: \u725b\u9a6c\u4ee3\u8a00\u4eba|p2b: Flutter Mane\n|\n|-weather|SunnyDay|[upkeep]\n|upkeep\n|\n|t:|1771588276\n|switch|p2a: Calyrex|Calyrex-Ice, L50|100/100\n|-ability|p2a: Calyrex|As One\n|-ability|p2a: Calyrex|Unnerve\n|turn|3\n|inactive|fyssqzh has 30 seconds left.\n|\n|t:|1771588305\n|move|p2b: Flutter Mane|Shadow Ball|p1a: \u9f20\u6211\u4e0d\u662f\u9a6c\n|-supereffective|p1a: \u9f20\u6211\u4e0d\u662f\u9a6c\n|-damage|p1a: \u9f20\u6211\u4e0d\u662f\u9a6c|0 fnt\n|faint|p1a: \u9f20\u6211\u4e0d\u662f\u9a6c\n|move|p2a: Calyrex|Glacial Lance|p1b: \u725b\u9a6c\u4ee3\u8a00\u4eba\n|-supereffective|p1b: \u725b\u9a6c\u4ee3\u8a00\u4eba\n|-crit|p1b: \u725b\u9a6c\u4ee3\u8a00\u4eba\n|-damage|p1b: \u725b\u9a6c\u4ee3\u8a00\u4eba|0 fnt\n|faint|p1b: \u725b\u9a6c\u4ee3\u8a00\u4eba\n|-ability|p2a: Calyrex|Chilling Neigh|boost\n|-boost|p2a: Calyrex|atk|1\n|\n|-weather|SunnyDay|[upkeep]\n|upkeep\n|\n|t:|1771588313\n|switch|p1a: \u9a6c\u5931\u524d\u8e44|Palkia-Origin, L50|100/100\n|switch|p1b: \u56fd\u738b\u7684\u65b0\u9a6c|Calyrex-Shadow, L50|100/100\n|-ability|p1b: \u56fd\u738b\u7684\u65b0\u9a6c|As One\n|-ability|p1b: \u56fd\u738b\u7684\u65b0\u9a6c|Unnerve\n|turn|4\n|\n|t:|1771588338\n|-terastallize|p2a: Calyrex|Water\n|move|p1a: \u9a6c\u5931\u524d\u8e44|Protect|p1a: \u9a6c\u5931\u524d\u8e44\n|-singleturn|p1a: \u9a6c\u5931\u524d\u8e44|Protect\n|move|p2b: Flutter Mane|Moonblast|p1a: \u9a6c\u5931\u524d\u8e44\n|-activate|p1a: \u9a6c\u5931\u524d\u8e44|move: Protect\n|move|p1b: \u56fd\u738b\u7684\u65b0\u9a6c|Astral Barrage|p2b: Flutter Mane|[spread] p2a,p2b\n|-supereffective|p2b: Flutter Mane\n|-damage|p2a: Calyrex|67/100\n|-enditem|p2b: Flutter Mane|Focus Sash\n|-damage|p2b: Flutter Mane|1/100\n|move|p2a: Calyrex|Glacial Lance|p1a: \u9a6c\u5931\u524d\u8e44|[spread] p1b\n|-activate|p1a: \u9a6c\u5931\u524d\u8e44|move: Protect\n|-damage|p1b: \u56fd\u738b\u7684\u65b0\u9a6c|16/100\n|\n|-weather|SunnyDay|[upkeep]\n|-heal|p2a: Calyrex|72/100|[from] item: Leftovers\n|upkeep\n|turn|5\n|inactive|fyssqzh has 30 seconds left.\n|inactive|fogdocker has 30 seconds left.\n|\n|t:|1771588371\n|move|p1b: \u56fd\u738b\u7684\u65b0\u9a6c|Protect|p1b: \u56fd\u738b\u7684\u65b0\u9a6c\n|-singleturn|p1b: \u56fd\u738b\u7684\u65b0\u9a6c|Protect\n|move|p2b: Flutter Mane|Moonblast|p1a: \u9a6c\u5931\u524d\u8e44\n|-supereffective|p1a: \u9a6c\u5931\u524d\u8e44\n|-damage|p1a: \u9a6c\u5931\u524d\u8e44|6/100\n|move|p1a: \u9a6c\u5931\u524d\u8e44|Earth Power|p2b: Flutter Mane\n|-damage|p2b: Flutter Mane|0 fnt\n|faint|p2b: Flutter Mane\n|-end|p2b: Flutter Mane|Protosynthesis|[silent]\n|move|p2a: Calyrex|Glacial Lance|p1b: \u56fd\u738b\u7684\u65b0\u9a6c|[spread] p1a\n|-activate|p1b: \u56fd\u738b\u7684\u65b0\u9a6c|move: Protect\n|-damage|p1a: \u9a6c\u5931\u524d\u8e44|0 fnt\n|faint|p1a: \u9a6c\u5931\u524d\u8e44\n|-ability|p2a: Calyrex|Chilling Neigh|boost\n|-boost|p2a: Calyrex|atk|1\n|\n|-weather|none\n|-heal|p2a: Calyrex|78/100|[from] item: Leftovers\n|upkeep\n|\n|t:|1771588374\n|switch|p2b: Incineroar|Incineroar, L50, M|100/100\n|-ability|p2b: Incineroar|Intimidate|boost\n|-unboost|p1b: \u56fd\u738b\u7684\u65b0\u9a6c|atk|1\n|turn|6\n|\n|t:|1771588384\n|move|p1b: \u56fd\u738b\u7684\u65b0\u9a6c|Shadow Ball|p2a: Calyrex\n|-damage|p2a: Calyrex|49/100\n|move|p2b: Incineroar|Knock Off|p1b: \u56fd\u738b\u7684\u65b0\u9a6c\n|-supereffective|p1b: \u56fd\u738b\u7684\u65b0\u9a6c\n|-damage|p1b: \u56fd\u738b\u7684\u65b0\u9a6c|0 fnt\n|-enditem|p1b: \u56fd\u738b\u7684\u65b0\u9a6c|Focus Sash|[from] move: Knock Off|[of] p2b: Incineroar\n|faint|p1b: \u56fd\u738b\u7684\u65b0\u9a6c\n|\n|win|fogdocker\n|raw|fyssqzh's rating: 1234 &rarr; <strong>1220</strong><br />(-14 for losing)\n|raw|fogdocker's rating: 1394 &rarr; <strong>1405</strong><br />(+11 for winning)\n|l|\u2606fyssqzh\n|player|p1|\n|l|\u2606fogdocker\n|player|p2|\n","uploadtime":1771588580,"views":19,"formatid":"gen9vgc2026regi","rating":1220,"private":0,"password":null}