{"id":"gen9vgc2026regi-2583304344","format":"[Gen 9] VGC 2026 Reg I","players":["labubumechanics","MadMozzy"],"log":"|j|\u2606labubumechanics\n|j|\u2606MadMozzy\n|t:|1776165084\n|gametype|doubles\n|player|p1|labubumechanics|169|1281\n|player|p2|MadMozzy|nate|1279\n|gen|9\n|tier|[Gen 9] VGC 2026 Reg I\n|rated|\n|rule|Species Clause: Limit one of each Pok\u00e9mon\n|rule|Item Clause: Limit 1 of each item\n|clearpoke\n|poke|p1|Sinistcha, L50|\n|poke|p1|Urshifu-*, L50, M|\n|poke|p1|Terapagos, L50, M|\n|poke|p1|Miraidon, L50|\n|poke|p1|Incineroar, L50, F|\n|poke|p1|Iron Treads, L50|\n|poke|p2|Calyrex-Ice, L50|\n|poke|p2|Kyogre, L50|\n|poke|p2|Iron Jugulis, L50|\n|poke|p2|Basculegion, L50, M|\n|poke|p2|Smeargle, L50, F|\n|poke|p2|Rillaboom, L50, M|\n|teampreview|4\n|\n|t:|1776165141\n|teamsize|p1|4\n|teamsize|p2|4\n|start\n|switch|p1a: Miraidon|Miraidon, L50, shiny|100/100\n|switch|p1b: Incineroar|Incineroar, L50, F|100/100\n|switch|p2a: Calyrex|Calyrex-Ice, L50|100/100\n|switch|p2b: Smeargle|Smeargle, L50, F|100/100\n|-ability|p2a: Calyrex|As One\n|-ability|p2a: Calyrex|Unnerve\n|-fieldstart|move: Electric Terrain|[from] ability: Hadron Engine|[of] p1a: Miraidon\n|-ability|p1b: Incineroar|Intimidate|boost\n|-unboost|p2a: Calyrex|atk|1\n|-unboost|p2b: Smeargle|atk|1\n|turn|1\n|\n|t:|1776165163\n|move|p1b: Incineroar|Fake Out|p2b: Smeargle\n|-damage|p2b: Smeargle|84/100\n|cant|p2b: Smeargle|flinch\n|move|p1a: Miraidon|Volt Switch|p2a: Calyrex\n|-damage|p2a: Calyrex|56/100\n|\n|t:|1776165172\n|switch|p1a: Terapagos|Terapagos, L50, M|100/100|[from] Volt Switch\n|-activate|p1a: Terapagos|ability: Tera Shift\n|detailschange|p1a: Terapagos|Terapagos-Terastal, L50, M\n|-heal|p1a: Terapagos|100/100|[silent]\n|-enditem|p1a: Terapagos|Electric Seed\n|-boost|p1a: Terapagos|def|1|[from] item: Electric Seed\n|move|p2a: Calyrex|Trick Room|p2a: Calyrex\n|-fieldstart|move: Trick Room|[of] p2a: Calyrex\n|\n|-heal|p2a: Calyrex|61/100|[from] item: Leftovers\n|upkeep\n|turn|2\n|\n|t:|1776165195\n|-terastallize|p1a: Terapagos|Stellar\n|detailschange|p1a: Terapagos|Terapagos-Stellar, L50, M, tera:Stellar\n|-heal|p1a: Terapagos|100/100|[silent]\n|-ability|p1a: Terapagos|Teraform Zero\n|-fieldend|move: Electric Terrain\n|move|p2b: Smeargle|Decorate|p2a: Calyrex\n|-boost|p2a: Calyrex|atk|2\n|-boost|p2a: Calyrex|spa|2\n|move|p2a: Calyrex|Glacial Lance|p1a: Terapagos|[spread] p1a,p1b\n|-resisted|p1b: Incineroar\n|-damage|p1a: Terapagos|73/100\n|-damage|p1b: Incineroar|66/100\n|move|p1b: Incineroar|U-turn|p2a: Calyrex\n|-supereffective|p2a: Calyrex\n|-damage|p2a: Calyrex|37/100\n|\n|t:|1776165211\n|switch|p1b: Sinistcha|Sinistcha, L50|100/100|[from] U-turn\n|-heal|p1a: Terapagos|98/100|[from] ability: Hospitality|[of] p1b: Sinistcha\n|move|p1a: Terapagos|Tera Starstorm|p2b: Smeargle|[spread] p2a,p2b\n|-crit|p2b: Smeargle\n|-damage|p2a: Calyrex|16/100\n|-damage|p2b: Smeargle|0 fnt\n|faint|p2b: Smeargle\n|\n|-heal|p2a: Calyrex|22/100|[from] item: Leftovers\n|upkeep\n|\n|t:|1776165223\n|switch|p2b: Kyogre|Kyogre, L50|100/100\n|-weather|RainDance|[from] ability: Drizzle|[of] p2b: Kyogre\n|turn|3\n|\n|t:|1776165239\n|-terastallize|p2b: Kyogre|Grass\n|move|p1b: Sinistcha|Protect|p1b: Sinistcha\n|-singleturn|p1b: Sinistcha|Protect\n|move|p1a: Terapagos|Protect|p1a: Terapagos\n|-singleturn|p1a: Terapagos|Protect\n|move|p2a: Calyrex|Glacial Lance|p1b: Sinistcha|[spread] \n|-activate|p1a: Terapagos|move: Protect\n|-activate|p1b: Sinistcha|move: Protect\n|move|p2b: Kyogre|Water Spout|p1a: Terapagos|[spread] \n|-activate|p1a: Terapagos|move: Protect\n|-activate|p1b: Sinistcha|move: Protect\n|\n|-weather|RainDance|[upkeep]\n|-heal|p2a: Calyrex|28/100|[from] item: Leftovers\n|upkeep\n|turn|4\n|\n|t:|1776165258\n|switch|p1b: Incineroar|Incineroar, L50, F|66/100\n|-ability|p1b: Incineroar|Intimidate|boost\n|-unboost|p2a: Calyrex|atk|1\n|-unboost|p2b: Kyogre|atk|1\n|move|p2a: Calyrex|Glacial Lance|p1a: Terapagos|[spread] p1a,p1b\n|-resisted|p1b: Incineroar\n|-damage|p1a: Terapagos|81/100\n|-damage|p1b: Incineroar|44/100\n|move|p1a: Terapagos|Tera Starstorm|p2b: Kyogre|[spread] p2a,p2b\n|-supereffective|p2b: Kyogre\n|-damage|p2a: Calyrex|10/100\n|-damage|p2b: Kyogre|60/100\n|move|p2b: Kyogre|Hydro Pump|p1a: Terapagos|[miss]\n|-miss|p2b: Kyogre|p1a: Terapagos\n|\n|-weather|RainDance|[upkeep]\n|-heal|p2a: Calyrex|16/100|[from] item: Leftovers\n|upkeep\n|turn|5\n|\n|t:|1776165277\n|move|p2a: Calyrex|Protect|p2a: Calyrex\n|-singleturn|p2a: Calyrex|Protect\n|move|p1b: Incineroar|Fake Out|p2b: Kyogre\n|-damage|p2b: Kyogre|50/100\n|move|p1a: Terapagos|Tera Starstorm|p2a: Calyrex|[spread] p2b\n|-activate|p2a: Calyrex|move: Protect\n|-supereffective|p2b: Kyogre\n|-crit|p2b: Kyogre\n|-damage|p2b: Kyogre|0 fnt\n|faint|p2b: Kyogre\n|\n|-weather|RainDance|[upkeep]\n|-heal|p2a: Calyrex|22/100|[from] item: Leftovers\n|-fieldend|move: Trick Room\n|upkeep\n|\n|t:|1776165285\n|switch|p2b: Basculegion|Basculegion, L50, M|100/100\n|turn|6\n|\n|t:|1776165307\n|switch|p1b: Sinistcha|Sinistcha, L50|100/100\n|-heal|p1a: Terapagos|100/100|[from] ability: Hospitality|[of] p1b: Sinistcha\n|move|p2b: Basculegion|Wave Crash|p1b: Sinistcha\n|-resisted|p1b: Sinistcha\n|-damage|p1b: Sinistcha|57/100\n|-damage|p2b: Basculegion|88/100|[from] Recoil\n|-enditem|p1b: Sinistcha|Eject Button\n|-damage|p2b: Basculegion|78/100|[from] item: Life Orb\n|\n|t:|1776165318\n|switch|p1b: Incineroar|Incineroar, L50, F|44/100\n|-ability|p1b: Incineroar|Intimidate|boost\n|-unboost|p2a: Calyrex|atk|1\n|-unboost|p2b: Basculegion|atk|1\n|move|p1a: Terapagos|Tera Starstorm|p2a: Calyrex|[spread] p2a,p2b\n|-damage|p2a: Calyrex|4/100\n|-damage|p2b: Basculegion|42/100\n|move|p2a: Calyrex|Leech Seed|p1a: Terapagos\n|-start|p1a: Terapagos|move: Leech Seed\n|\n|-weather|RainDance|[upkeep]\n|-heal|p2a: Calyrex|10/100|[from] item: Leftovers\n|-damage|p1a: Terapagos|88/100|[from] Leech Seed|[of] p2a: Calyrex\n|-heal|p2a: Calyrex|25/100|[silent]\n|upkeep\n|turn|7\n|\n|t:|1776165334\n|switch|p1b: Sinistcha|Sinistcha, L50|57/100\n|-heal|p1a: Terapagos|100/100|[from] ability: Hospitality|[of] p1b: Sinistcha\n|move|p2a: Calyrex|Protect|p2a: Calyrex\n|-singleturn|p2a: Calyrex|Protect\n|move|p2b: Basculegion|Last Respects|p1b: Sinistcha\n|-supereffective|p1b: Sinistcha\n|-damage|p1b: Sinistcha|0 fnt\n|faint|p1b: Sinistcha\n|-damage|p2b: Basculegion|32/100|[from] item: Life Orb\n|move|p1a: Terapagos|Tera Starstorm|p2b: Basculegion|[spread] p2b\n|-activate|p2a: Calyrex|move: Protect\n|-damage|p2b: Basculegion|0 fnt\n|faint|p2b: Basculegion\n|\n|-weather|none\n|-heal|p2a: Calyrex|31/100|[from] item: Leftovers\n|-damage|p1a: Terapagos|88/100|[from] Leech Seed|[of] p2a: Calyrex\n|-heal|p2a: Calyrex|46/100|[silent]\n|upkeep\n|-message|MadMozzy forfeited.\n|\n|win|labubumechanics\n|raw|labubumechanics's rating: 1281 &rarr; <strong>1306</strong><br />(+25 for winning)\n|raw|MadMozzy's rating: 1279 &rarr; <strong>1254</strong><br />(-25 for losing)\n|l|\u2606MadMozzy\n|player|p2|\n","uploadtime":1776165361,"views":25,"formatid":"gen9vgc2026regi","rating":1254,"private":0,"password":null}