{"id":"gen9vgc2026regi-2544767922","format":"[Gen 9] VGC 2026 Reg I","players":["blackred123","Tam.no376"],"log":"|j|\u2606blackred123\n|j|\u2606Tam.no376\n|t:|1771755696\n|gametype|doubles\n|player|p1|blackred123|iono-masters|1345\n|player|p2|Tam.no376|pokemaniac|1169\n|gen|9\n|tier|[Gen 9] VGC 2026 Reg I\n|rated|\n|rule|Species Clause: Limit one of each Pok\u00e9mon\n|rule|Item Clause: Limit 1 of each item\n|clearpoke\n|poke|p1|Miraidon, L50|\n|poke|p1|Calyrex-Ice, L50|\n|poke|p1|Incineroar, L50, F|\n|poke|p1|Grimmsnarl, L50, M|\n|poke|p1|Urshifu-*, L50, M|\n|poke|p1|Ursaluna-Bloodmoon, L50, M|\n|poke|p2|Araquanid, L50, F|\n|poke|p2|Incineroar, L50, F|\n|poke|p2|Whimsicott, L50, F|\n|poke|p2|Groudon, L50|\n|poke|p2|Calyrex-Shadow, L50|\n|poke|p2|Dachsbun, L50, F|\n|teampreview|4\n|inactive|Battle timer is ON: inactive players will automatically lose when time's up. (requested by blackred123)\n|\n|t:|1771755721\n|teamsize|p1|4\n|teamsize|p2|4\n|start\n|switch|p1a: \u94f6\u91d1\u7535\u86c7|Miraidon, L50, shiny|100/100\n|switch|p1b: \u5de8\u6839\u7537\u6a21|Grimmsnarl, L50, M|100/100\n|switch|p2a: Incineroar|Incineroar, L50, F|100/100\n|switch|p2b: Calyrex|Calyrex-Shadow, L50|100/100\n|-ability|p2b: Calyrex|As One\n|-ability|p2b: Calyrex|Unnerve\n|-fieldstart|move: Electric Terrain|[from] ability: Hadron Engine|[of] p1a: \u94f6\u91d1\u7535\u86c7\n|-ability|p2a: Incineroar|Intimidate|boost\n|-unboost|p1a: \u94f6\u91d1\u7535\u86c7|atk|1\n|-unboost|p1b: \u5de8\u6839\u7537\u6a21|atk|1\n|turn|1\n|\n|t:|1771755733\n|move|p2a: Incineroar|Fake Out|p1a: \u94f6\u91d1\u7535\u86c7\n|-damage|p1a: \u94f6\u91d1\u7535\u86c7|91/100\n|move|p1b: \u5de8\u6839\u7537\u6a21|Thunder Wave|p2b: Calyrex\n|-status|p2b: Calyrex|par\n|cant|p1a: \u94f6\u91d1\u7535\u86c7|flinch\n|move|p2b: Calyrex|Nasty Plot|p2b: Calyrex\n|-boost|p2b: Calyrex|spa|2\n|\n|upkeep\n|turn|2\n|\n|t:|1771755749\n|-terastallize|p1a: \u94f6\u91d1\u7535\u86c7|Electric\n|move|p1a: \u94f6\u91d1\u7535\u86c7|Electro Drift|p2b: Calyrex\n|-enditem|p2b: Calyrex|Focus Sash\n|-damage|p2b: Calyrex|1/100 par\n|move|p2b: Calyrex|Astral Barrage|p1b: \u5de8\u6839\u7537\u6a21|[spread] p1a,p1b\n|-resisted|p1b: \u5de8\u6839\u7537\u6a21\n|-damage|p1a: \u94f6\u91d1\u7535\u86c7|0 fnt\n|-damage|p1b: \u5de8\u6839\u7537\u6a21|54/100\n|faint|p1a: \u94f6\u91d1\u7535\u86c7\n|-ability|p2b: Calyrex|Grim Neigh|boost\n|-boost|p2b: Calyrex|spa|1\n|move|p1b: \u5de8\u6839\u7537\u6a21|Spirit Break|p2b: Calyrex\n|-damage|p2b: Calyrex|0 fnt\n|faint|p2b: Calyrex\n|move|p2a: Incineroar|Knock Off|p1b: \u5de8\u6839\u7537\u6a21\n|-resisted|p1b: \u5de8\u6839\u7537\u6a21\n|-damage|p1b: \u5de8\u6839\u7537\u6a21|44/100\n|-enditem|p1b: \u5de8\u6839\u7537\u6a21|Light Clay|[from] move: Knock Off|[of] p2a: Incineroar\n|\n|upkeep\n|inactive|Tam.no376 has 30 seconds left.\n|\n|t:|1771755775\n|switch|p2b: Araquanid|Araquanid, L50, F|100/100\n|switch|p1a: \u5996\u64b8\u51a0\u4e86|Calyrex-Ice, L50|100/100\n|-ability|p1a: \u5996\u64b8\u51a0\u4e86|As One\n|-ability|p1a: \u5996\u64b8\u51a0\u4e86|Unnerve\n|turn|3\n|\n|t:|1771755785\n|-terastallize|p2b: Araquanid|Water\n|move|p1b: \u5de8\u6839\u7537\u6a21|Reflect|p1b: \u5de8\u6839\u7537\u6a21\n|-sidestart|p1: blackred123|Reflect\n|move|p1a: \u5996\u64b8\u51a0\u4e86|Leech Seed|p2b: Araquanid\n|-start|p2b: Araquanid|move: Leech Seed\n|move|p2a: Incineroar|Knock Off|p1a: \u5996\u64b8\u51a0\u4e86\n|-supereffective|p1a: \u5996\u64b8\u51a0\u4e86\n|-damage|p1a: \u5996\u64b8\u51a0\u4e86|71/100\n|-enditem|p1a: \u5996\u64b8\u51a0\u4e86|Leftovers|[from] move: Knock Off|[of] p2a: Incineroar\n|move|p2b: Araquanid|Liquidation|p1b: \u5de8\u6839\u7537\u6a21\n|-damage|p1b: \u5de8\u6839\u7537\u6a21|0 fnt\n|faint|p1b: \u5de8\u6839\u7537\u6a21\n|\n|-damage|p2b: Araquanid|88/100|[from] Leech Seed|[of] p1a: \u5996\u64b8\u51a0\u4e86\n|-heal|p1a: \u5996\u64b8\u51a0\u4e86|81/100|[silent]\n|upkeep\n|\n|t:|1771755796\n|switch|p1b: \u629b\u4e0b\u864e\u54e5\u5578\u7a74|Incineroar, L50, F|100/100\n|-ability|p1b: \u629b\u4e0b\u864e\u54e5\u5578\u7a74|Intimidate|boost\n|-unboost|p2a: Incineroar|atk|1\n|-unboost|p2b: Araquanid|atk|1\n|turn|4\n|\n|t:|1771755802\n|switch|p2b: Groudon|Groudon, L50, shiny|100/100\n|-weather|SunnyDay|[from] ability: Drought|[of] p2b: Groudon\n|move|p1b: \u629b\u4e0b\u864e\u54e5\u5578\u7a74|Fake Out|p2b: Groudon\n|-damage|p2b: Groudon|94/100\n|move|p1a: \u5996\u64b8\u51a0\u4e86|Leech Seed|p2a: Incineroar\n|-start|p2a: Incineroar|move: Leech Seed\n|move|p2a: Incineroar|Flare Blitz|p1a: \u5996\u64b8\u51a0\u4e86\n|-supereffective|p1a: \u5996\u64b8\u51a0\u4e86\n|-damage|p1a: \u5996\u64b8\u51a0\u4e86|42/100\n|-damage|p2a: Incineroar|87/100|[from] Recoil\n|\n|-weather|SunnyDay|[upkeep]\n|-damage|p2a: Incineroar|75/100|[from] Leech Seed|[of] p1a: \u5996\u64b8\u51a0\u4e86\n|-heal|p1a: \u5996\u64b8\u51a0\u4e86|54/100|[silent]\n|upkeep\n|turn|5\n|\n|t:|1771755823\n|move|p2b: Groudon|Swords Dance|p2b: Groudon\n|-boost|p2b: Groudon|atk|2\n|move|p1b: \u629b\u4e0b\u864e\u54e5\u5578\u7a74|Will-O-Wisp|p2b: Groudon\n|-status|p2b: Groudon|brn\n|move|p1a: \u5996\u64b8\u51a0\u4e86|Glacial Lance|p2a: Incineroar|[spread] p2a,p2b\n|-resisted|p2a: Incineroar\n|-supereffective|p2b: Groudon\n|-damage|p2a: Incineroar|55/100\n|-damage|p2b: Groudon|20/100 brn\n|move|p2a: Incineroar|Parting Shot|p1a: \u5996\u64b8\u51a0\u4e86\n|-unboost|p1a: \u5996\u64b8\u51a0\u4e86|atk|1\n|-unboost|p1a: \u5996\u64b8\u51a0\u4e86|spa|1\n|\n|t:|1771755832\n|switch|p2a: Araquanid|Araquanid, L50, F, tera:Water|88/100|[from] Parting Shot\n|\n|-weather|SunnyDay|[upkeep]\n|-damage|p2b: Groudon|15/100 brn|[from] brn\n|-fieldend|move: Electric Terrain\n|upkeep\n|turn|6\n|inactive|blackred123 has 30 seconds left.\n|\n|t:|1771755860\n|move|p2b: Groudon|Precipice Blades|p1b: \u629b\u4e0b\u864e\u54e5\u5578\u7a74|[spread] p1a\n|-miss|p2b: Groudon|p1b: \u629b\u4e0b\u864e\u54e5\u5578\u7a74\n|-crit|p1a: \u5996\u64b8\u51a0\u4e86\n|-damage|p1a: \u5996\u64b8\u51a0\u4e86|7/100\n|move|p1b: \u629b\u4e0b\u864e\u54e5\u5578\u7a74|Knock Off|p2b: Groudon\n|-damage|p2b: Groudon|0 fnt\n|-enditem|p2b: Groudon|Clear Amulet|[from] move: Knock Off|[of] p1b: \u629b\u4e0b\u864e\u54e5\u5578\u7a74\n|faint|p2b: Groudon\n|move|p1a: \u5996\u64b8\u51a0\u4e86|Leech Seed|p2a: Araquanid\n|-start|p2a: Araquanid|move: Leech Seed\n|move|p2a: Araquanid|Liquidation|p1b: \u629b\u4e0b\u864e\u54e5\u5578\u7a74\n|-supereffective|p1b: \u629b\u4e0b\u864e\u54e5\u5578\u7a74\n|-damage|p1b: \u629b\u4e0b\u864e\u54e5\u5578\u7a74|55/100\n|\n|-weather|SunnyDay|[upkeep]\n|-damage|p2a: Araquanid|76/100|[from] Leech Seed|[of] p1a: \u5996\u64b8\u51a0\u4e86\n|-heal|p1a: \u5996\u64b8\u51a0\u4e86|17/100|[silent]\n|upkeep\n|\n|t:|1771755867\n|switch|p2b: Incineroar|Incineroar, L50, F|55/100\n|-ability|p2b: Incineroar|Intimidate|boost\n|-unboost|p1a: \u5996\u64b8\u51a0\u4e86|atk|1\n|-unboost|p1b: \u629b\u4e0b\u864e\u54e5\u5578\u7a74|atk|1\n|turn|7\n|\n|t:|1771755882\n|move|p1a: \u5996\u64b8\u51a0\u4e86|Protect|p1a: \u5996\u64b8\u51a0\u4e86\n|-singleturn|p1a: \u5996\u64b8\u51a0\u4e86|Protect\n|move|p1b: \u629b\u4e0b\u864e\u54e5\u5578\u7a74|Will-O-Wisp|p2a: Araquanid\n|-immune|p2a: Araquanid|[from] ability: Water Bubble\n|move|p2b: Incineroar|Knock Off|p1b: \u629b\u4e0b\u864e\u54e5\u5578\u7a74\n|-resisted|p1b: \u629b\u4e0b\u864e\u54e5\u5578\u7a74\n|-damage|p1b: \u629b\u4e0b\u864e\u54e5\u5578\u7a74|44/100\n|-enditem|p1b: \u629b\u4e0b\u864e\u54e5\u5578\u7a74|Covert Cloak|[from] move: Knock Off|[of] p2b: Incineroar\n|move|p2a: Araquanid|Lunge|p1a: \u5996\u64b8\u51a0\u4e86\n|-activate|p1a: \u5996\u64b8\u51a0\u4e86|move: Protect\n|\n|-weather|SunnyDay|[upkeep]\n|-damage|p2a: Araquanid|63/100|[from] Leech Seed|[of] p1a: \u5996\u64b8\u51a0\u4e86\n|-heal|p1a: \u5996\u64b8\u51a0\u4e86|27/100|[silent]\n|-sideend|p1: blackred123|Reflect\n|upkeep\n|turn|8\n|\n|t:|1771755905\n|move|p1b: \u629b\u4e0b\u864e\u54e5\u5578\u7a74|Parting Shot|p2a: Araquanid\n|-unboost|p2a: Araquanid|atk|1\n|-unboost|p2a: Araquanid|spa|1\n|move|p1a: \u5996\u64b8\u51a0\u4e86|Leech Seed|p2b: Incineroar\n|-start|p2b: Incineroar|move: Leech Seed\n|move|p2b: Incineroar|Flare Blitz|p1a: \u5996\u64b8\u51a0\u4e86\n|-supereffective|p1a: \u5996\u64b8\u51a0\u4e86\n|-damage|p1a: \u5996\u64b8\u51a0\u4e86|0 fnt\n|faint|p1a: \u5996\u64b8\u51a0\u4e86\n|-damage|p2b: Incineroar|46/100|[from] Recoil\n|move|p2a: Araquanid|Lunge|p1b: \u629b\u4e0b\u864e\u54e5\u5578\u7a74\n|-damage|p1b: \u629b\u4e0b\u864e\u54e5\u5578\u7a74|29/100\n|-unboost|p1b: \u629b\u4e0b\u864e\u54e5\u5578\u7a74|atk|1\n|\n|-weather|none\n|upkeep\n|turn|9\n|-message|blackred123 forfeited.\n|\n|win|Tam.no376\n|raw|blackred123's rating: 1345 &rarr; <strong>1316</strong><br />(-29 for losing)\n|raw|Tam.no376's rating: 1169 &rarr; <strong>1206</strong><br />(+37 for winning)\n|l|\u2606blackred123\n|player|p1|\n|l|\u2606Tam.no376\n|player|p2|\n","uploadtime":1771756332,"views":10,"formatid":"gen9vgc2026regi","rating":1206,"private":0,"password":null}