{"id":"gen9vgc2026regi-2566951306","format":"[Gen 9] VGC 2026 Reg I","players":["Schimmli","higxh0005"],"log":"|j|\u2606Schimmli\n|j|\u2606higxh0005\n|t:|1774434101\n|gametype|doubles\n|player|p1|Schimmli|170|1371\n|player|p2|higxh0005|hilda|1399\n|gen|9\n|tier|[Gen 9] VGC 2026 Reg I\n|rated|\n|rule|Species Clause: Limit one of each Pok\u00e9mon\n|rule|Item Clause: Limit 1 of each item\n|clearpoke\n|poke|p1|Rayquaza, L50|\n|poke|p1|Calyrex-Shadow, L50|\n|poke|p1|Incineroar, L50, F|\n|poke|p1|Chien-Pao, L50|\n|poke|p1|Urshifu-*, L50, F|\n|poke|p1|Weezing-Galar, L50, F|\n|poke|p2|Lunala, L50|\n|poke|p2|Ursaluna, L50, M|\n|poke|p2|Miraidon, L50|\n|poke|p2|Grimmsnarl, L50, M|\n|poke|p2|Incineroar, L50, F|\n|poke|p2|Urshifu-*, L50, F|\n|teampreview|4\n|\n|t:|1774434163\n|teamsize|p1|4\n|teamsize|p2|4\n|start\n|switch|p1a: Weezing|Weezing-Galar, L50, F|100/100\n|switch|p1b: Chien-Pao|Chien-Pao, L50|100/100\n|switch|p2a: Lunala|Lunala, L50, shiny|100/100\n|switch|p2b: Incineroar|Incineroar, L50, F|100/100\n|-ability|p1a: Weezing|Neutralizing Gas\n|turn|1\n|\n|t:|1774434206\n|switch|p1b: Incineroar|Incineroar, L50, F, shiny|100/100\n|move|p2b: Incineroar|Fake Out|p1b: Incineroar\n|-damage|p1b: Incineroar|93/100\n|move|p2a: Lunala|Moongeist Beam|p1a: Weezing\n|-damage|p1a: Weezing|41/100\n|move|p1a: Weezing|Poison Gas|p2b: Incineroar|[spread] p2a,p2b\n|-status|p2a: Lunala|psn\n|-status|p2b: Incineroar|psn\n|\n|-damage|p2a: Lunala|88/100 psn|[from] psn\n|-damage|p2b: Incineroar|88/100 psn|[from] psn\n|upkeep\n|turn|2\n|\n|t:|1774434229\n|-terastallize|p2a: Lunala|Fairy\n|move|p1a: Weezing|Protect|p1a: Weezing\n|-singleturn|p1a: Weezing|Protect\n|move|p2a: Lunala|Moongeist Beam|p1a: Weezing\n|-activate|p1a: Weezing|move: Protect\n|move|p1b: Incineroar|Knock Off|p2a: Lunala\n|-resisted|p2a: Lunala\n|-damage|p2a: Lunala|75/100 psn\n|-enditem|p2a: Lunala|Electric Seed|[from] move: Knock Off|[of] p1b: Incineroar\n|move|p2b: Incineroar|Parting Shot|p1b: Incineroar\n|-unboost|p1b: Incineroar|atk|1\n|-unboost|p1b: Incineroar|spa|1\n|\n|t:|1774434244\n|switch|p2b: Urshifu|Urshifu-Rapid-Strike, L50, F|100/100|[from] Parting Shot\n|\n|-damage|p2a: Lunala|63/100 psn|[from] psn\n|upkeep\n|turn|3\n|\n|t:|1774434272\n|-end|p1a: Weezing|ability: Neutralizing Gas\n|-ability|p1b: Incineroar|Intimidate|boost\n|-unboost|p2a: Lunala|atk|1\n|-unboost|p2b: Urshifu|atk|1\n|switch|p1a: Chien-Pao|Chien-Pao, L50|100/100\n|-ability|p1a: Chien-Pao|Sword of Ruin\n|move|p2b: Urshifu|Surging Strikes|p1b: Incineroar\n|-supereffective|p1b: Incineroar\n|-crit|p1b: Incineroar\n|-damage|p1b: Incineroar|50/100\n|-supereffective|p1b: Incineroar\n|-crit|p1b: Incineroar\n|-damage|p1b: Incineroar|7/100\n|-supereffective|p1b: Incineroar\n|-crit|p1b: Incineroar\n|-damage|p1b: Incineroar|0 fnt\n|faint|p1b: Incineroar\n|-hitcount|p1: Incineroar|3\n|move|p2a: Lunala|Moonblast|p1a: Chien-Pao\n|-supereffective|p1a: Chien-Pao\n|-damage|p1a: Chien-Pao|0 fnt\n|faint|p1a: Chien-Pao\n|\n|-damage|p2a: Lunala|51/100 psn|[from] psn\n|upkeep\n|\n|t:|1774434285\n|switch|p1a: Rayquaza|Rayquaza, L50|100/100\n|switch|p1b: Weezing|Weezing-Galar, L50, F|41/100\n|-ability|p1b: Weezing|Neutralizing Gas\n|turn|4\n|l|\u2606higxh0005\n|player|p2|\n|j|\u2606higxh0005\n|player|p2|higxh0005|hilda|\n|inactive|Battle timer is ON: inactive players will automatically lose when time's up. (requested by higxh0005)\n|inactive|higxh0005 has 60 seconds left.\n|\n|t:|1774434417\n|-terastallize|p1a: Rayquaza|Normal\n|move|p1a: Rayquaza|Extreme Speed|p2a: Lunala\n|-damage|p2a: Lunala|0 fnt\n|faint|p2a: Lunala\n|move|p2b: Urshifu|Surging Strikes|p1b: Weezing\n|-crit|p1b: Weezing\n|-damage|p1b: Weezing|25/100\n|-damage|p2b: Urshifu|84/100|[from] item: Rocky Helmet|[of] p1b: Weezing\n|-crit|p1b: Weezing\n|-damage|p1b: Weezing|8/100\n|-damage|p2b: Urshifu|67/100|[from] item: Rocky Helmet|[of] p1b: Weezing\n|-crit|p1b: Weezing\n|-damage|p1b: Weezing|0 fnt\n|-damage|p2b: Urshifu|51/100|[from] item: Rocky Helmet|[of] p1b: Weezing\n|faint|p1b: Weezing\n|-end|p1b: Weezing|ability: Neutralizing Gas\n|-hitcount|p1: Weezing|3\n|\n|upkeep\n|\n|t:|1774434423\n|switch|p2a: Incineroar|Incineroar, L50, F|88/100 psn\n|-ability|p2a: Incineroar|Intimidate|boost\n|-unboost|p1a: Rayquaza|atk|1\n|turn|5\n|\n|t:|1774434448\n|move|p1a: Rayquaza|Extreme Speed|p2b: Urshifu\n|-damage|p2b: Urshifu|4/100\n|move|p2b: Urshifu|Surging Strikes|p1a: Rayquaza\n|-crit|p1a: Rayquaza\n|-damage|p1a: Rayquaza|82/100\n|-crit|p1a: Rayquaza\n|-damage|p1a: Rayquaza|63/100\n|-crit|p1a: Rayquaza\n|-damage|p1a: Rayquaza|42/100\n|-hitcount|p1a: Rayquaza|3\n|move|p2a: Incineroar|Will-O-Wisp|p1a: Rayquaza\n|-status|p1a: Rayquaza|brn\n|\n|-damage|p2a: Incineroar|76/100 psn|[from] psn\n|-damage|p1a: Rayquaza|36/100 brn|[from] brn\n|upkeep\n|turn|6\n|\n|t:|1774434465\n|move|p1a: Rayquaza|Extreme Speed|p2b: Urshifu\n|-damage|p2b: Urshifu|0 fnt\n|faint|p2b: Urshifu\n|move|p2a: Incineroar|Knock Off|p1a: Rayquaza\n|-damage|p1a: Rayquaza|4/100 brn\n|-enditem|p1a: Rayquaza|Choice Band|[from] move: Knock Off|[of] p2a: Incineroar\n|\n|-damage|p2a: Incineroar|63/100 psn|[from] psn\n|-damage|p1a: Rayquaza|0 fnt|[from] brn\n|faint|p1a: Rayquaza\n|\n|win|higxh0005\n|raw|Schimmli's rating: 1371 &rarr; <strong>1353</strong><br />(-18 for losing)\n|raw|higxh0005's rating: 1399 &rarr; <strong>1417</strong><br />(+18 for winning)\n|l|\u2606Schimmli\n|player|p1|\n|l|\u2606higxh0005\n|player|p2|\n","uploadtime":1774434685,"views":15,"formatid":"gen9vgc2026regi","rating":1353,"private":0,"password":null}