{"id":"gen9vgc2026regi-2577328925","format":"[Gen 9] VGC 2026 Reg I","players":["blackred123","Lacossg"],"log":"|j|\u2606blackred123\n|j|\u2606Lacossg\n|t:|1775568130\n|gametype|doubles\n|player|p1|blackred123|iono-masters|1572\n|player|p2|Lacossg|2|1711\n|gen|9\n|tier|[Gen 9] VGC 2026 Reg I\n|rated|\n|rule|Species Clause: Limit one of each Pok\u00e9mon\n|rule|Item Clause: Limit 1 of each item\n|clearpoke\n|poke|p1|Calyrex-Shadow, L50|\n|poke|p1|Zamazenta-*, L50|\n|poke|p1|Tornadus, L50, M|\n|poke|p1|Rillaboom, L50, M|\n|poke|p1|Ogerpon-Hearthflame, L50, F|\n|poke|p1|Raging Bolt, L50|\n|poke|p2|Zacian-*, L50|\n|poke|p2|Iron Valiant, L50|\n|poke|p2|Tyranitar, L50, M|\n|poke|p2|Zamazenta-*, L50|\n|poke|p2|Landorus, L50, M|\n|poke|p2|Tornadus, L50, M|\n|teampreview|4\n|inactive|Battle timer is ON: inactive players will automatically lose when time's up. (requested by blackred123)\n|\n|t:|1775568155\n|teamsize|p1|4\n|teamsize|p2|4\n|start\n|switch|p1a: Zamazenta|Zamazenta-Crowned, L50|100/100\n|switch|p1b: Tornadus|Tornadus, L50, M|100/100\n|switch|p2a: Tornadus|Tornadus, L50, M|100/100\n|switch|p2b: Zamazenta|Zamazenta-Crowned, L50|100/100\n|-ability|p2b: Zamazenta|Dauntless Shield|boost\n|-boost|p2b: Zamazenta|def|1\n|-ability|p1a: Zamazenta|Dauntless Shield|boost\n|-boost|p1a: Zamazenta|def|1\n|turn|1\n|\n|t:|1775568168\n|-terastallize|p2b: Zamazenta|Dragon\n|-terastallize|p1a: Zamazenta|Water\n|move|p2a: Tornadus|Tailwind|p2a: Tornadus\n|-sidestart|p2: Lacossg|move: Tailwind\n|move|p2b: Zamazenta|Body Press|p1a: Zamazenta\n|-damage|p1a: Zamazenta|79/100\n|move|p1a: Zamazenta|Body Press|p2b: Zamazenta\n|-damage|p2b: Zamazenta|72/100\n|move|p1b: Tornadus|Bleakwind Storm|p2a: Tornadus|[spread] p2a,p2b\n|-damage|p2a: Tornadus|39/100\n|-damage|p2b: Zamazenta|40/100\n|-unboost|p2b: Zamazenta|spe|1\n|\n|upkeep\n|turn|2\n|\n|t:|1775568184\n|move|p1b: Tornadus|Protect|p1b: Tornadus\n|-singleturn|p1b: Tornadus|Protect\n|move|p2a: Tornadus|Taunt|p1b: Tornadus\n|-activate|p1b: Tornadus|move: Protect\n|move|p2b: Zamazenta|Body Press|p1a: Zamazenta\n|-damage|p1a: Zamazenta|55/100\n|move|p1a: Zamazenta|Heavy Slam|p2a: Tornadus\n|-damage|p2a: Tornadus|0 fnt\n|faint|p2a: Tornadus\n|\n|upkeep\n|\n|t:|1775568190\n|switch|p2a: Landorus|Landorus, L50, M|100/100\n|turn|3\n|\n|t:|1775568202\n|move|p1b: Tornadus|Tailwind|p1b: Tornadus\n|-sidestart|p1: blackred123|move: Tailwind\n|move|p2a: Landorus|Earth Power|p1a: Zamazenta\n|-damage|p1a: Zamazenta|4/100\n|move|p1a: Zamazenta|Heavy Slam|p2a: Landorus\n|-damage|p2a: Landorus|44/100\n|move|p2b: Zamazenta|Body Press|p1a: Zamazenta\n|-damage|p1a: Zamazenta|0 fnt\n|faint|p1a: Zamazenta\n|\n|upkeep\n|\n|t:|1775568213\n|switch|p1a: Calyrex|Calyrex-Shadow, L50|100/100\n|-ability|p1a: Calyrex|As One\n|-ability|p1a: Calyrex|Unnerve\n|turn|4\n|j| touchdownJulio\n|\n|t:|1775568228\n|switch|p2a: Tyranitar|Tyranitar, L50, M|100/100\n|-weather|Sandstorm|[from] ability: Sand Stream|[of] p2a: Tyranitar\n|move|p2b: Zamazenta|Protect|p2b: Zamazenta\n|-singleturn|p2b: Zamazenta|Protect\n|move|p1a: Calyrex|Psychic|p2a: Tyranitar\n|-immune|p2a: Tyranitar\n|move|p1b: Tornadus|Bleakwind Storm|p2b: Zamazenta|[spread] \n|-activate|p2b: Zamazenta|move: Protect\n|-miss|p1b: Tornadus|p2a: Tyranitar\n|\n|-weather|Sandstorm|[upkeep]\n|-damage|p1a: Calyrex|95/100|[from] Sandstorm\n|-damage|p1b: Tornadus|95/100|[from] Sandstorm\n|-damage|p2b: Zamazenta|34/100|[from] Sandstorm\n|-sideend|p2: Lacossg|move: Tailwind\n|upkeep\n|turn|5\n|\n|t:|1775568249\n|switch|p1a: Rillaboom|Rillaboom, L50, M|100/100\n|-fieldstart|move: Grassy Terrain|[from] ability: Grassy Surge|[of] p1a: Rillaboom\n|move|p1b: Tornadus|Bleakwind Storm|p2b: Zamazenta|[spread] p2a,p2b\n|-resisted|p2a: Tyranitar\n|-damage|p2a: Tyranitar|85/100\n|-damage|p2b: Zamazenta|6/100\n|-unboost|p2b: Zamazenta|spe|1\n|move|p2a: Tyranitar|Rock Slide|p1b: Tornadus|[spread] p1a,p1b\n|-supereffective|p1b: Tornadus\n|-damage|p1a: Rillaboom|76/100\n|-damage|p1b: Tornadus|19/100\n|move|p2b: Zamazenta|Snarl|p1a: Rillaboom|[spread] p1a,p1b\n|-damage|p1a: Rillaboom|70/100\n|-damage|p1b: Tornadus|10/100\n|-unboost|p1a: Rillaboom|spa|1\n|-unboost|p1b: Tornadus|spa|1\n|\n|-weather|Sandstorm|[upkeep]\n|-damage|p1b: Tornadus|4/100|[from] Sandstorm\n|-damage|p1a: Rillaboom|64/100|[from] Sandstorm\n|-damage|p2b: Zamazenta|0 fnt|[from] Sandstorm\n|faint|p2b: Zamazenta\n|-heal|p1a: Rillaboom|70/100|[from] Grassy Terrain\n|-heal|p2a: Tyranitar|91/100|[from] Grassy Terrain\n|upkeep\n|\n|t:|1775568267\n|switch|p2b: Landorus|Landorus, L50, M|44/100\n|turn|6\n|\n|t:|1775568283\n|move|p2a: Tyranitar|Protect|p2a: Tyranitar\n|-singleturn|p2a: Tyranitar|Protect\n|move|p1a: Rillaboom|Fake Out|p2b: Landorus\n|-damage|p2b: Landorus|29/100\n|move|p1b: Tornadus|Bleakwind Storm|p2b: Landorus|[spread] p2b\n|-activate|p2a: Tyranitar|move: Protect\n|-damage|p2b: Landorus|0 fnt\n|faint|p2b: Landorus\n|\n|-weather|Sandstorm|[upkeep]\n|-damage|p1b: Tornadus|0 fnt|[from] Sandstorm\n|-damage|p1a: Rillaboom|64/100|[from] Sandstorm\n|faint|p1b: Tornadus\n|-heal|p1a: Rillaboom|70/100|[from] Grassy Terrain\n|-heal|p2a: Tyranitar|98/100|[from] Grassy Terrain\n|-sideend|p1: blackred123|move: Tailwind\n|upkeep\n|\n|t:|1775568292\n|switch|p1b: Calyrex|Calyrex-Shadow, L50|95/100\n|-ability|p1b: Calyrex|As One\n|-ability|p1b: Calyrex|Unnerve\n|turn|7\n|\n|t:|1775568303\n|move|p1b: Calyrex|Encore|p2a: Tyranitar\n|-start|p2a: Tyranitar|Encore\n|move|p2a: Tyranitar|Protect||[still]\n|-fail|p2a: Tyranitar\n|move|p1a: Rillaboom|Wood Hammer|p2a: Tyranitar\n|-supereffective|p2a: Tyranitar\n|-damage|p2a: Tyranitar|0 fnt\n|faint|p2a: Tyranitar\n|-damage|p1a: Rillaboom|43/100|[from] Recoil\n|\n|win|blackred123\n|raw|blackred123's rating: 1572 &rarr; <strong>1600</strong><br />(+28 for winning)\n|raw|Lacossg's rating: 1711 &rarr; <strong>1683</strong><br />(-28 for losing)\n","uploadtime":1775568320,"views":13,"formatid":"gen9vgc2026regi","rating":1600,"private":0,"password":null}