{"id":"gen9vgc2026regi-2578947743","format":"[Gen 9] VGC 2026 Reg I","players":["TheNamesBetty","Ecliblib"],"log":"|j|\u2606TheNamesBetty\n|j|\u2606Ecliblib\n|t:|1775739409\n|gametype|doubles\n|player|p1|TheNamesBetty|koga|1346\n|player|p2|Ecliblib|101|1276\n|gen|9\n|tier|[Gen 9] VGC 2026 Reg I\n|rated|\n|rule|Species Clause: Limit one of each Pok\u00e9mon\n|rule|Item Clause: Limit 1 of each item\n|clearpoke\n|poke|p1|Koraidon, L50|\n|poke|p1|Calyrex-Shadow, L50|\n|poke|p1|Tornadus, L50, M|\n|poke|p1|Urshifu-*, L50, M|\n|poke|p1|Dewgong, L50, M|\n|poke|p1|Electabuzz, L50, F|\n|poke|p2|Koraidon, L50|\n|poke|p2|Reshiram, L50|\n|poke|p2|Whimsicott, L50, F|\n|poke|p2|Incineroar, L50, F|\n|poke|p2|Rillaboom, L50, M|\n|poke|p2|Flutter Mane, L50|\n|teampreview|4\nTheNamesBetty has agreed to open team sheets.\n|\n|t:|1775739432\n|teamsize|p1|4\n|teamsize|p2|4\n|start\n|switch|p1a: Kedluben|Calyrex-Shadow, L50|100/100\n|switch|p1b: Bleblebl\u00e1k|Electabuzz, L50, F|100/100\n|switch|p2a: Whimsicott|Whimsicott, L50, F|100/100\n|switch|p2b: Reshiram|Reshiram, L50|100/100\n|-ability|p1a: Kedluben|As One\n|-ability|p1a: Kedluben|Unnerve\n|-ability|p2b: Reshiram|Turboblaze\n|turn|1\n|\n|t:|1775739454\n|move|p1b: Bleblebl\u00e1k|Follow Me|p1b: Bleblebl\u00e1k\n|-singleturn|p1b: Bleblebl\u00e1k|move: Follow Me\n|move|p2a: Whimsicott|Tailwind|p2a: Whimsicott\n|-sidestart|p2: Ecliblib|move: Tailwind\n|move|p2b: Reshiram|Blue Flare|p1b: Bleblebl\u00e1k\n|-damage|p1b: Bleblebl\u00e1k|45/100\n|-damage|p2b: Reshiram|91/100|[from] item: Life Orb\n|move|p1a: Kedluben|Astral Barrage|p2b: Reshiram|[spread] p2a,p2b\n|-enditem|p2a: Whimsicott|Focus Sash\n|-damage|p2a: Whimsicott|1/100\n|-damage|p2b: Reshiram|30/100\n|-damage|p1a: Kedluben|91/100|[from] item: Life Orb\n|\n|upkeep\n|turn|2\n|\n|t:|1775739476\n|move|p1b: Bleblebl\u00e1k|Follow Me|p1b: Bleblebl\u00e1k\n|-singleturn|p1b: Bleblebl\u00e1k|move: Follow Me\n|move|p2a: Whimsicott|Sunny Day|p2a: Whimsicott\n|-weather|SunnyDay\n|move|p2b: Reshiram|Heat Wave|p1a: Kedluben|[spread] p1a,p1b\n|-damage|p1a: Kedluben|6/100\n|-damage|p1b: Bleblebl\u00e1k|0 fnt\n|faint|p1b: Bleblebl\u00e1k\n|-damage|p2b: Reshiram|20/100|[from] item: Life Orb\n|move|p1a: Kedluben|Astral Barrage|p2b: Reshiram|[spread] p2a,p2b\n|-damage|p2a: Whimsicott|0 fnt\n|-damage|p2b: Reshiram|0 fnt\n|faint|p2a: Whimsicott\n|faint|p2b: Reshiram\n|-ability|p1a: Kedluben|Grim Neigh|boost\n|-boost|p1a: Kedluben|spa|2\n|-damage|p1a: Kedluben|0 fnt|[from] item: Life Orb\n|faint|p1a: Kedluben\n|\n|-weather|SunnyDay|[upkeep]\n|upkeep\n|\n|t:|1775739492\n|switch|p1a: Houska se sal\u00e1mem|Urshifu, L50, M|100/100\n|switch|p2a: Koraidon|Koraidon, L50|100/100\n|switch|p2b: Incineroar|Incineroar, L50, F|100/100\n|switch|p1b: Jan\u017di\u017ekaZTrocnova|Koraidon, L50|100/100\n|-activate|p2a: Koraidon|ability: Orichalcum Pulse\n|-activate|p1b: Jan\u017di\u017ekaZTrocnova|ability: Orichalcum Pulse\n|-ability|p2b: Incineroar|Intimidate|boost\n|-unboost|p1a: Houska se sal\u00e1mem|atk|1\n|-fail|p1b: Jan\u017di\u017ekaZTrocnova|unboost|[from] item: Clear Amulet|[of] p1b: Jan\u017di\u017ekaZTrocnova\n|turn|3\n|\n|t:|1775739524\n|-terastallize|p1b: Jan\u017di\u017ekaZTrocnova|Fire\n|move|p2b: Incineroar|Fake Out|p1b: Jan\u017di\u017ekaZTrocnova\n|-damage|p1b: Jan\u017di\u017ekaZTrocnova|93/100\n|move|p2a: Koraidon|Dragon Claw|p1b: Jan\u017di\u017ekaZTrocnova\n|-damage|p1b: Jan\u017di\u017ekaZTrocnova|51/100\n|move|p1a: Houska se sal\u00e1mem|Close Combat|p2a: Koraidon\n|-damage|p2a: Koraidon|59/100\n|-unboost|p1a: Houska se sal\u00e1mem|def|1\n|-unboost|p1a: Houska se sal\u00e1mem|spd|1\n|cant|p1b: Jan\u017di\u017ekaZTrocnova|flinch\n|\n|-weather|SunnyDay|[upkeep]\n|upkeep\n|turn|4\n|\n|t:|1775739553\n|move|p2a: Koraidon|Dragon Claw|p1b: Jan\u017di\u017ekaZTrocnova\n|-damage|p1b: Jan\u017di\u017ekaZTrocnova|6/100\n|move|p1a: Houska se sal\u00e1mem|Close Combat|p2a: Koraidon\n|-damage|p2a: Koraidon|19/100\n|-unboost|p1a: Houska se sal\u00e1mem|def|1\n|-unboost|p1a: Houska se sal\u00e1mem|spd|1\n|move|p1b: Jan\u017di\u017ekaZTrocnova|Collision Course|p2b: Incineroar\n|-supereffective|p2b: Incineroar\n|-damage|p2b: Incineroar|0 fnt\n|faint|p2b: Incineroar\n|\n|-weather|SunnyDay|[upkeep]\n|-sideend|p2: Ecliblib|move: Tailwind\n|upkeep\n|turn|5\n|-message|Ecliblib forfeited.\n|\n|win|TheNamesBetty\n|raw|TheNamesBetty's rating: 1346 &rarr; <strong>1362</strong><br />(+16 for winning)\n|raw|Ecliblib's rating: 1276 &rarr; <strong>1256</strong><br />(-20 for losing)\n|l|\u2606Ecliblib\n|player|p2|\n|l|\u2606TheNamesBetty\n|player|p1|\n","uploadtime":1775739813,"views":9,"formatid":"gen9vgc2026regi","rating":1256,"private":0,"password":null}