{"id":"gen9vgc2026regi-2565732769","format":"[Gen 9] VGC 2026 Reg I","players":["curfy320","ScribbleScribble"],"log":"|j|\u2606curfy320\n|j|\u2606ScribbleScribble\n|t:|1774299307\n|gametype|doubles\n|player|p1|curfy320|101|1477\n|player|p2|ScribbleScribble|mina-lgpe|1601\n|gen|9\n|tier|[Gen 9] VGC 2026 Reg I\n|rated|\n|rule|Species Clause: Limit one of each Pok\u00e9mon\n|rule|Item Clause: Limit 1 of each item\n|clearpoke\n|poke|p1|Zacian-*, L50|\n|poke|p1|Lunala, L50|\n|poke|p1|Umbreon, L50, M|\n|poke|p1|Urshifu-*, L50, F|\n|poke|p1|Rillaboom, L50, F|\n|poke|p1|Thundurus, L50, M|\n|poke|p2|Calyrex-Ice, L50|\n|poke|p2|Kyogre, L50|\n|poke|p2|Tornadus, L50, M|\n|poke|p2|Indeedee-F, L50, F|\n|poke|p2|Urshifu-*, L50, M|\n|poke|p2|Landorus, L50, M|\n|teampreview|4\n|inactive|Battle timer is ON: inactive players will automatically lose when time's up. (requested by ScribbleScribble)\n|inactive|curfy320 also wants the timer to be on.\n|inactive|ScribbleScribble has 60 seconds left.\n|\n|t:|1774299345\n|teamsize|p1|4\n|teamsize|p2|4\n|start\n|switch|p1a: Umbreon|Umbreon, L50, M, shiny|100/100\n|switch|p1b: Lunala|Lunala, L50|100/100\n|switch|p2a: Tornadus|Tornadus, L50, M|100/100\n|switch|p2b: Urshifu|Urshifu-Rapid-Strike, L50, M|100/100\n|turn|1\n|inactive|curfy320 has 30 seconds left.\n|\n|t:|1774299374\n|move|p1a: Umbreon|Helping Hand|p1b: Lunala\n|-singleturn|p1b: Lunala|Helping Hand|[of] p1a: Umbreon\n|move|p2a: Tornadus|Rain Dance|p2a: Tornadus\n|-weather|RainDance\n|move|p2b: Urshifu|Surging Strikes|p1b: Lunala\n|-crit|p1b: Lunala\n|-damage|p1b: Lunala|83/100\n|-crit|p1b: Lunala\n|-damage|p1b: Lunala|44/100\n|-crit|p1b: Lunala\n|-damage|p1b: Lunala|8/100\n|-hitcount|p1b: Lunala|3\n|move|p1b: Lunala|Expanding Force|p2b: Urshifu\n|-supereffective|p2b: Urshifu\n|-damage|p2b: Urshifu|0 fnt\n|faint|p2b: Urshifu\n|\n|-weather|RainDance|[upkeep]\n|upkeep\n|\n|t:|1774299381\n|switch|p2b: Calyrex|Calyrex-Ice, L50|100/100\n|-ability|p2b: Calyrex|As One\n|-ability|p2b: Calyrex|Unnerve\n|turn|2\n|\n|t:|1774299395\n|move|p1b: Lunala|Wide Guard|p1b: Lunala\n|-singleturn|p1b: Lunala|Wide Guard\n|move|p2a: Tornadus|Tailwind|p2a: Tornadus\n|-sidestart|p2: ScribbleScribble|move: Tailwind\n|move|p2b: Calyrex|Seed Bomb|p1b: Lunala\n|-damage|p1b: Lunala|0 fnt\n|faint|p1b: Lunala\n|-ability|p2b: Calyrex|Chilling Neigh|boost\n|-boost|p2b: Calyrex|atk|1\n|move|p1a: Umbreon|Foul Play|p2b: Calyrex\n|-supereffective|p2b: Calyrex\n|-damage|p2b: Calyrex|0 fnt\n|faint|p2b: Calyrex\n|\n|-weather|RainDance|[upkeep]\n|upkeep\n|\n|t:|1774299410\n|switch|p1b: Rillaboom|Rillaboom, L50, F|100/100\n|switch|p2b: Kyogre|Kyogre, L50|100/100\n|-fieldstart|move: Grassy Terrain|[from] ability: Grassy Surge|[of] p1b: Rillaboom\n|turn|3\n|\n|t:|1774299418\n|-terastallize|p2b: Kyogre|Grass\n|move|p1b: Rillaboom|Fake Out|p2b: Kyogre\n|-damage|p2b: Kyogre|87/100\n|move|p2a: Tornadus|Bleakwind Storm|p1b: Rillaboom|[spread] p1a,p1b\n|-crit|p1a: Umbreon\n|-supereffective|p1b: Rillaboom\n|-damage|p1a: Umbreon|68/100\n|-damage|p1b: Rillaboom|43/100\n|-unboost|p1b: Rillaboom|spe|1\n|cant|p2b: Kyogre|flinch\n|move|p1a: Umbreon|Snarl|p2b: Kyogre|[spread] p2a,p2b\n|-damage|p2a: Tornadus|87/100\n|-damage|p2b: Kyogre|80/100\n|-unboost|p2a: Tornadus|spa|1\n|-unboost|p2b: Kyogre|spa|1\n|\n|-weather|RainDance|[upkeep]\n|-heal|p2b: Kyogre|86/100|[from] Grassy Terrain\n|-heal|p1b: Rillaboom|49/100|[from] Grassy Terrain\n|-heal|p1a: Umbreon|74/100|[from] Grassy Terrain\n|upkeep\n|turn|4\n|inactive|curfy320 has 30 seconds left.\n|\n|t:|1774299447\n|move|p1b: Rillaboom|Grassy Glide|p2b: Kyogre\n|-resisted|p2b: Kyogre\n|-damage|p2b: Kyogre|69/100\n|move|p2a: Tornadus|Bleakwind Storm|p1b: Rillaboom|[spread] p1a,p1b\n|-supereffective|p1b: Rillaboom\n|-damage|p1a: Umbreon|58/100\n|-damage|p1b: Rillaboom|11/100\n|move|p2b: Kyogre|Water Spout|p1b: Rillaboom|[spread] p1a,p1b\n|-resisted|p1b: Rillaboom\n|-damage|p1a: Umbreon|27/100\n|-damage|p1b: Rillaboom|0 fnt\n|faint|p1b: Rillaboom\n|move|p1a: Umbreon|Taunt|p2a: Tornadus\n|-start|p2a: Tornadus|move: Taunt\n|\n|-weather|RainDance|[upkeep]\n|-heal|p2b: Kyogre|75/100|[from] Grassy Terrain\n|-heal|p1a: Umbreon|33/100|[from] Grassy Terrain\n|upkeep\n|\n|t:|1774299463\n|switch|p1b: Zacian|Zacian-Crowned, L50|100/100\n|-ability|p1b: Zacian|Intrepid Sword|boost\n|-boost|p1b: Zacian|atk|1\n|turn|5\n|\n|t:|1774299475\n|move|p1a: Umbreon|Helping Hand|p1b: Zacian\n|-singleturn|p1b: Zacian|Helping Hand|[of] p1a: Umbreon\n|move|p2a: Tornadus|Bleakwind Storm|p1a: Umbreon|[spread] p1a,p1b\n|-crit|p1a: Umbreon\n|-resisted|p1b: Zacian\n|-damage|p1a: Umbreon|1/100\n|-damage|p1b: Zacian|91/100\n|-unboost|p1a: Umbreon|spe|1\n|move|p2b: Kyogre|Water Spout|p1b: Zacian|[spread] p1a,p1b\n|-damage|p1a: Umbreon|0 fnt\n|-damage|p1b: Zacian|47/100\n|faint|p1a: Umbreon\n|move|p1b: Zacian|Behemoth Blade|p2b: Kyogre\n|-damage|p2b: Kyogre|0 fnt\n|faint|p2b: Kyogre\n|\n|-weather|none\n|-heal|p1b: Zacian|53/100|[from] Grassy Terrain\n|-sideend|p2: ScribbleScribble|move: Tailwind\n|upkeep\n|turn|6\n|\n|t:|1774299492\n|move|p1b: Zacian|Behemoth Blade|p2a: Tornadus\n|-damage|p2a: Tornadus|0 fnt\n|faint|p2a: Tornadus\n|\n|win|curfy320\n|raw|curfy320's rating: 1477 &rarr; <strong>1504</strong><br />(+27 for winning)\n|raw|ScribbleScribble's rating: 1601 &rarr; <strong>1574</strong><br />(-27 for losing)\n|l|\u2606curfy320\n|player|p1|\n|l|\u2606ScribbleScribble\n|player|p2|\n","uploadtime":1774299647,"views":19,"formatid":"gen9vgc2026regi","rating":1504,"private":0,"password":null}