{"id":"gen9vgc2026regi-2522508854","format":"[Gen 9] VGC 2026 Reg I","players":["bmbrvr","dasabe\u76d6\u6b27\u5361\u4fa0"],"log":"|j|\u2606bmbrvr\n|j|\u2606dasabe\u76d6\u6b27\u5361\u4fa0\n|t:|1768917453\n|gametype|doubles\n|player|p1|bmbrvr|silver|1451\n|player|p2|dasabe\u76d6\u6b27\u5361\u4fa0|may-masters4|1574\n|gen|9\n|tier|[Gen 9] VGC 2026 Reg I\n|rated|\n|rule|Species Clause: Limit one of each Pok\u00e9mon\n|rule|Item Clause: Limit 1 of each item\n|clearpoke\n|poke|p1|Zacian-*, L50|\n|poke|p1|Kyogre, L50|\n|poke|p1|Urshifu-*, L50, F|\n|poke|p1|Flutter Mane, L50|\n|poke|p1|Iron Moth, L50|\n|poke|p1|Whimsicott, L50, M|\n|poke|p2|Kyogre, L50|\n|poke|p2|Miraidon, L50|\n|poke|p2|Whimsicott, L50, F|\n|poke|p2|Iron Hands, L50|\n|poke|p2|Farigiraf, L50, F|\n|poke|p2|Urshifu-*, L50, M|\n|teampreview|4\n|inactive|Battle timer is ON: inactive players will automatically lose when time's up. (requested by bmbrvr)\n|\n|t:|1768917480\n|teamsize|p1|4\n|teamsize|p2|4\n|start\n|switch|p1a: Flutter Mane|Flutter Mane, L50, shiny|100/100\n|switch|p1b: Whimsicott|Whimsicott, L50, M, shiny|100/100\n|switch|p2a: \u624b\u94f6|Iron Hands, L50, shiny|100/100\n|switch|p2b: \u5c0f\u5934\u63a7\u5927\u5934|Farigiraf, L50, F, shiny|100/100\n|turn|1\n|\n|t:|1768917498\n|switch|p1b: Urshifu|Urshifu, L50, F|100/100\n|move|p2a: \u624b\u94f6|Fake Out|p1b: Urshifu\n|-damage|p1b: Urshifu|85/100\n|move|p1a: Flutter Mane|Imprison|p1a: Flutter Mane\n|-start|p1a: Flutter Mane|move: Imprison\n|cant|p2b: \u5c0f\u5934\u63a7\u5927\u5934|move: Imprison|Trick Room\n|\n|upkeep\n|turn|2\n|\n|t:|1768917521\n|-end|p1a: Flutter Mane|Protosynthesis|[silent]\n|switch|p1a: Zacian|Zacian-Crowned, L50, shiny|100/100\n|-ability|p1a: Zacian|Intrepid Sword|boost\n|-boost|p1a: Zacian|atk|1\n|-terastallize|p1b: Urshifu|Ghost\n|move|p2b: \u5c0f\u5934\u63a7\u5927\u5934|Helping Hand|p2a: \u624b\u94f6\n|-singleturn|p2a: \u624b\u94f6|Helping Hand|[of] p2b: \u5c0f\u5934\u63a7\u5927\u5934\n|move|p1b: Urshifu|Wicked Blow|p2b: \u5c0f\u5934\u63a7\u5927\u5934\n|-supereffective|p2b: \u5c0f\u5934\u63a7\u5927\u5934\n|-crit|p2b: \u5c0f\u5934\u63a7\u5927\u5934\n|-damage|p2b: \u5c0f\u5934\u63a7\u5927\u5934|0 fnt\n|faint|p2b: \u5c0f\u5934\u63a7\u5927\u5934\n|move|p2a: \u624b\u94f6|Drain Punch|p1b: Urshifu\n|-immune|p1b: Urshifu\n|\n|upkeep\n|\n|t:|1768917525\n|switch|p2b: \u94f6\u91d1\u5996\u86c7|Miraidon, L50, shiny|100/100\n|-fieldstart|move: Electric Terrain|[from] ability: Hadron Engine|[of] p2b: \u94f6\u91d1\u5996\u86c7\n|-activate|p2a: \u624b\u94f6|ability: Quark Drive\n|-start|p2a: \u624b\u94f6|quarkdriveatk\n|turn|3\n|\n|t:|1768917540\n|switch|p1b: Whimsicott|Whimsicott, L50, M, shiny|100/100\n|-terastallize|p2b: \u94f6\u91d1\u5996\u86c7|Fairy\n|move|p1a: Zacian|Protect|p1a: Zacian\n|-singleturn|p1a: Zacian|Protect\n|move|p2b: \u94f6\u91d1\u5996\u86c7|Electro Drift|p1b: Whimsicott\n|-resisted|p1b: Whimsicott\n|-damage|p1b: Whimsicott|0 fnt\n|faint|p1b: Whimsicott\n|-damage|p2b: \u94f6\u91d1\u5996\u86c7|91/100|[from] item: Life Orb\n|move|p2a: \u624b\u94f6|Low Kick|p1a: Zacian\n|-activate|p1a: Zacian|move: Protect\n|\n|upkeep\n|\n|t:|1768917557\n|switch|p1b: Flutter Mane|Flutter Mane, L50, shiny|100/100\n|turn|4\n|\n|t:|1768917563\n|move|p2b: \u94f6\u91d1\u5996\u86c7|Protect|p2b: \u94f6\u91d1\u5996\u86c7\n|-singleturn|p2b: \u94f6\u91d1\u5996\u86c7|Protect\n|move|p1a: Zacian|Behemoth Blade|p2b: \u94f6\u91d1\u5996\u86c7\n|-activate|p2b: \u94f6\u91d1\u5996\u86c7|move: Protect\n|move|p1b: Flutter Mane|Dazzling Gleam|p2a: \u624b\u94f6|[spread] p2a\n|-activate|p2b: \u94f6\u91d1\u5996\u86c7|move: Protect\n|-supereffective|p2a: \u624b\u94f6\n|-damage|p2a: \u624b\u94f6|49/100\n|move|p2a: \u624b\u94f6|Low Kick|p1a: Zacian\n|-crit|p1a: Zacian\n|-damage|p1a: Zacian|0 fnt\n|faint|p1a: Zacian\n|\n|upkeep\n|\n|t:|1768917566\n|switch|p1a: Urshifu|Urshifu, L50, F, tera:Ghost|85/100\n|turn|5\n|\n|t:|1768917579\n|move|p1b: Flutter Mane|Dazzling Gleam|p2b: \u94f6\u91d1\u5996\u86c7|[spread] p2a,p2b\n|-supereffective|p2a: \u624b\u94f6\n|-damage|p2a: \u624b\u94f6|0 fnt\n|-damage|p2b: \u94f6\u91d1\u5996\u86c7|47/100\n|faint|p2a: \u624b\u94f6\n|-end|p2a: \u624b\u94f6|Quark Drive|[silent]\n|move|p2b: \u94f6\u91d1\u5996\u86c7|Dazzling Gleam|p1a: Urshifu|[spread] p1a,p1b\n|-damage|p1a: Urshifu|39/100\n|-damage|p1b: Flutter Mane|31/100\n|-damage|p2b: \u94f6\u91d1\u5996\u86c7|37/100|[from] item: Life Orb\n|move|p1a: Urshifu|Iron Head|p2b: \u94f6\u91d1\u5996\u86c7\n|-supereffective|p2b: \u94f6\u91d1\u5996\u86c7\n|-damage|p2b: \u94f6\u91d1\u5996\u86c7|0 fnt\n|faint|p2b: \u94f6\u91d1\u5996\u86c7\n|\n|upkeep\n|\n|t:|1768917583\n|switch|p2a: \u6210\u90fd\u8001\u76d6|Kyogre, L50, shiny|100/100\n|-weather|RainDance|[from] ability: Drizzle|[of] p2a: \u6210\u90fd\u8001\u76d6\n|turn|6\n|j| TTTAAATTT00\n|\n|t:|1768917594\n|move|p1a: Urshifu|Sucker Punch|p2a: \u6210\u90fd\u8001\u76d6\n|-damage|p2a: \u6210\u90fd\u8001\u76d6|55/100\n|move|p1b: Flutter Mane|Dazzling Gleam|p2a: \u6210\u90fd\u8001\u76d6\n|-damage|p2a: \u6210\u90fd\u8001\u76d6|4/100\n|move|p2a: \u6210\u90fd\u8001\u76d6|Origin Pulse|p1b: Flutter Mane|[spread] p1a,p1b\n|-damage|p1a: Urshifu|0 fnt\n|-damage|p1b: Flutter Mane|0 fnt\n|faint|p1a: Urshifu\n|faint|p1b: Flutter Mane\n|-end|p1b: Flutter Mane|Protosynthesis|[silent]\n|\n|win|dasabe\u76d6\u6b27\u5361\u4fa0\n|raw|bmbrvr's rating: 1451 &rarr; <strong>1438</strong><br />(-13 for losing)\n|raw|dasabe\u76d6\u6b27\u5361\u4fa0's rating: 1574 &rarr; <strong>1587</strong><br />(+13 for winning)\n|l|\u2606bmbrvr\n|player|p1|\n|l| TTTAAATTT00\n|j| TTTAAATTT00\n|l| TTTAAATTT00\n","uploadtime":1768917857,"views":29,"formatid":"gen9vgc2026regi","rating":1438,"private":0,"password":null}