{"id":"gen9vgc2026regi-2526724555","format":"[Gen 9] VGC 2026 Reg I","players":["dthk1216","dasabei\u53cc\u6253\u9053\u9986"],"log":"|j|\u2606dthk1216\n|j|\u2606dasabei\u53cc\u6253\u9053\u9986\n|t:|1769451717\n|gametype|doubles\n|player|p1|dthk1216|dawn|1592\n|player|p2|dasabei\u53cc\u6253\u9053\u9986|may-masters4|1415\n|gen|9\n|tier|[Gen 9] VGC 2026 Reg I\n|rated|\n|rule|Species Clause: Limit one of each Pok\u00e9mon\n|rule|Item Clause: Limit 1 of each item\n|clearpoke\n|poke|p1|Calyrex-Ice, L50|\n|poke|p1|Kyogre, L50|\n|poke|p1|Urshifu-*, L50, F|\n|poke|p1|Rillaboom, L50, M|\n|poke|p1|Grimmsnarl, L50, M|\n|poke|p1|Amoonguss, L50, M|\n|poke|p2|Eternatus, L50|\n|poke|p2|Incineroar, L50, M|\n|poke|p2|Landorus, L50, M|\n|poke|p2|Zamazenta-*, L50|\n|poke|p2|Chien-Pao, L50|\n|poke|p2|Tornadus, L50, M|\n|teampreview|4\n|inactive|Battle timer is ON: inactive players will automatically lose when time's up. (requested by dthk1216)\n|\n|t:|1769451757\n|teamsize|p1|4\n|teamsize|p2|4\n|start\n|switch|p1a: Grimmsnarl|Grimmsnarl, L50, M|100/100\n|switch|p1b: Calyrex|Calyrex-Ice, L50|100/100\n|switch|p2a: \u641e\u7ea7\u6c70\u723d|Eternatus, L50|100/100\n|switch|p2b: \u629b\u5f00\u864e\u54e5\u54ee\u7a74|Incineroar, L50, M, shiny|100/100\n|-ability|p1b: Calyrex|As One\n|-ability|p1b: Calyrex|Unnerve\n|-ability|p2a: \u641e\u7ea7\u6c70\u723d|Pressure\n|-ability|p2b: \u629b\u5f00\u864e\u54e5\u54ee\u7a74|Intimidate|boost\n|-unboost|p1a: Grimmsnarl|atk|1\n|-unboost|p1b: Calyrex|atk|1\n|turn|1\n|\n|t:|1769451778\n|-terastallize|p2a: \u641e\u7ea7\u6c70\u723d|Dark\n|move|p2b: \u629b\u5f00\u864e\u54e5\u54ee\u7a74|Fake Out|p1a: Grimmsnarl\n|-damage|p1a: Grimmsnarl|90/100\n|cant|p1a: Grimmsnarl|flinch\n|move|p2a: \u641e\u7ea7\u6c70\u723d|Meteor Beam||[still]\n|-prepare|p2a: \u641e\u7ea7\u6c70\u723d|Meteor Beam\n|-boost|p2a: \u641e\u7ea7\u6c70\u723d|spa|1\n|-enditem|p2a: \u641e\u7ea7\u6c70\u723d|Power Herb\n|-anim|p2a: \u641e\u7ea7\u6c70\u723d|Meteor Beam|p1b: Calyrex\n|-supereffective|p1b: Calyrex\n|-damage|p1b: Calyrex|17/100\n|move|p1b: Calyrex|Leech Seed|p2a: \u641e\u7ea7\u6c70\u723d\n|-start|p2a: \u641e\u7ea7\u6c70\u723d|move: Leech Seed\n|\n|-heal|p1b: Calyrex|23/100|[from] item: Leftovers\n|-damage|p2a: \u641e\u7ea7\u6c70\u723d|88/100|[from] Leech Seed|[of] p1b: Calyrex\n|-heal|p1b: Calyrex|36/100|[silent]\n|upkeep\n|turn|2\n|\n|t:|1769451795\n|move|p1b: Calyrex|Protect|p1b: Calyrex\n|-singleturn|p1b: Calyrex|Protect\n|move|p1a: Grimmsnarl|Light Screen|p1a: Grimmsnarl\n|-sidestart|p1: dthk1216|move: Light Screen\n|move|p2a: \u641e\u7ea7\u6c70\u723d|Sludge Bomb|p1a: Grimmsnarl\n|-supereffective|p1a: Grimmsnarl\n|-damage|p1a: Grimmsnarl|0 fnt\n|faint|p1a: Grimmsnarl\n|move|p2b: \u629b\u5f00\u864e\u54e5\u54ee\u7a74|Parting Shot|p1b: Calyrex\n|-activate|p1b: Calyrex|move: Protect\n|\n|-heal|p1b: Calyrex|42/100|[from] item: Leftovers\n|-damage|p2a: \u641e\u7ea7\u6c70\u723d|76/100|[from] Leech Seed|[of] p1b: Calyrex\n|-heal|p1b: Calyrex|55/100|[silent]\n|upkeep\n|\n|t:|1769451814\n|switch|p1a: Kyogre|Kyogre, L50|100/100\n|-weather|RainDance|[from] ability: Drizzle|[of] p1a: Kyogre\n|turn|3\n|\n|t:|1769451820\n|move|p2a: \u641e\u7ea7\u6c70\u723d|Dynamax Cannon|p1b: Calyrex\n|-damage|p1b: Calyrex|22/100\n|move|p2b: \u629b\u5f00\u864e\u54e5\u54ee\u7a74|Knock Off|p1a: Kyogre\n|-damage|p1a: Kyogre|61/100\n|-enditem|p1a: Kyogre|Choice Specs|[from] move: Knock Off|[of] p2b: \u629b\u5f00\u864e\u54e5\u54ee\u7a74\n|move|p1a: Kyogre|Origin Pulse|p2a: \u641e\u7ea7\u6c70\u723d|[spread] p2a,p2b\n|-supereffective|p2b: \u629b\u5f00\u864e\u54e5\u54ee\u7a74\n|-damage|p2a: \u641e\u7ea7\u6c70\u723d|8/100\n|-damage|p2b: \u629b\u5f00\u864e\u54e5\u54ee\u7a74|0 fnt\n|faint|p2b: \u629b\u5f00\u864e\u54e5\u54ee\u7a74\n|move|p1b: Calyrex|Trick Room|p1b: Calyrex\n|-fieldstart|move: Trick Room|[of] p1b: Calyrex\n|\n|-weather|RainDance|[upkeep]\n|-heal|p1b: Calyrex|28/100|[from] item: Leftovers\n|-damage|p2a: \u641e\u7ea7\u6c70\u723d|0 fnt|[from] Leech Seed|[of] p1b: Calyrex\n|-heal|p1b: Calyrex|35/100|[silent]\n|faint|p2a: \u641e\u7ea7\u6c70\u723d\n|upkeep\n|\n|t:|1769451824\n|switch|p2b: \u556a\u53fd\u556a\uff08\u6251\u51fb\u58f0\uff09|Zamazenta-Crowned, L50|100/100\n|switch|p2a: \u5f3a\u5251\u5927\u738b|Chien-Pao, L50, shiny|100/100\n|-ability|p2b: \u556a\u53fd\u556a\uff08\u6251\u51fb\u58f0\uff09|Dauntless Shield|boost\n|-boost|p2b: \u556a\u53fd\u556a\uff08\u6251\u51fb\u58f0\uff09|def|1\n|-ability|p2a: \u5f3a\u5251\u5927\u738b|Sword of Ruin\n|turn|4\n|\n|t:|1769451845\n|move|p2a: \u5f3a\u5251\u5927\u738b|Sucker Punch|p1a: Kyogre\n|-damage|p1a: Kyogre|13/100\n|move|p1b: Calyrex|Leech Seed|p2b: \u556a\u53fd\u556a\uff08\u6251\u51fb\u58f0\uff09|[miss]\n|-miss|p1b: Calyrex|p2b: \u556a\u53fd\u556a\uff08\u6251\u51fb\u58f0\uff09\n|move|p1a: Kyogre|Thunder|p2a: \u5f3a\u5251\u5927\u738b\n|-damage|p2a: \u5f3a\u5251\u5927\u738b|31/100\n|move|p2b: \u556a\u53fd\u556a\uff08\u6251\u51fb\u58f0\uff09|Body Press|p1a: Kyogre\n|-damage|p1a: Kyogre|0 fnt\n|faint|p1a: Kyogre\n|\n|-weather|RainDance|[upkeep]\n|-heal|p1b: Calyrex|41/100|[from] item: Leftovers\n|upkeep\n|\n|t:|1769451854\n|switch|p1a: Amoonguss|Amoonguss, L50, M|100/100\n|turn|5\n|\n|t:|1769451864\n|move|p1a: Amoonguss|Spore|p2a: \u5f3a\u5251\u5927\u738b\n|-status|p2a: \u5f3a\u5251\u5927\u738b|slp|[from] move: Spore\n|move|p1b: Calyrex|Leech Seed|p2b: \u556a\u53fd\u556a\uff08\u6251\u51fb\u58f0\uff09\n|-start|p2b: \u556a\u53fd\u556a\uff08\u6251\u51fb\u58f0\uff09|move: Leech Seed\n|move|p2b: \u556a\u53fd\u556a\uff08\u6251\u51fb\u58f0\uff09|Behemoth Bash|p1b: Calyrex\n|-supereffective|p1b: Calyrex\n|-damage|p1b: Calyrex|0 fnt\n|faint|p1b: Calyrex\n|cant|p2a: \u5f3a\u5251\u5927\u738b|slp\n|\n|-weather|RainDance|[upkeep]\n|upkeep\n|turn|6\n|\n|t:|1769451876\n|move|p1a: Amoonguss|Pollen Puff|p2a: \u5f3a\u5251\u5927\u738b\n|-supereffective|p2a: \u5f3a\u5251\u5927\u738b\n|-damage|p2a: \u5f3a\u5251\u5927\u738b|0 fnt\n|faint|p2a: \u5f3a\u5251\u5927\u738b\n|move|p2b: \u556a\u53fd\u556a\uff08\u6251\u51fb\u58f0\uff09|Iron Defense|p2b: \u556a\u53fd\u556a\uff08\u6251\u51fb\u58f0\uff09\n|-boost|p2b: \u556a\u53fd\u556a\uff08\u6251\u51fb\u58f0\uff09|def|2\n|\n|-weather|RainDance|[upkeep]\n|upkeep\n|turn|7\n|\n|t:|1769451885\n|move|p1a: Amoonguss|Spore|p2b: \u556a\u53fd\u556a\uff08\u6251\u51fb\u58f0\uff09\n|-status|p2b: \u556a\u53fd\u556a\uff08\u6251\u51fb\u58f0\uff09|slp|[from] move: Spore\n|cant|p2b: \u556a\u53fd\u556a\uff08\u6251\u51fb\u58f0\uff09|slp\n|\n|-weather|none\n|-fieldend|move: Trick Room\n|upkeep\n|turn|8\n|\n|t:|1769451894\n|cant|p2b: \u556a\u53fd\u556a\uff08\u6251\u51fb\u58f0\uff09|slp\n|move|p1a: Amoonguss|Pollen Puff|p2b: \u556a\u53fd\u556a\uff08\u6251\u51fb\u58f0\uff09\n|-resisted|p2b: \u556a\u53fd\u556a\uff08\u6251\u51fb\u58f0\uff09\n|-damage|p2b: \u556a\u53fd\u556a\uff08\u6251\u51fb\u58f0\uff09|98/100 slp\n|\n|upkeep\n|turn|9\n|\n|t:|1769451901\n|-curestatus|p2b: \u556a\u53fd\u556a\uff08\u6251\u51fb\u58f0\uff09|slp|[msg]\n|move|p2b: \u556a\u53fd\u556a\uff08\u6251\u51fb\u58f0\uff09|Iron Defense|p2b: \u556a\u53fd\u556a\uff08\u6251\u51fb\u58f0\uff09\n|-boost|p2b: \u556a\u53fd\u556a\uff08\u6251\u51fb\u58f0\uff09|def|2\n|move|p1a: Amoonguss|Pollen Puff|p2b: \u556a\u53fd\u556a\uff08\u6251\u51fb\u58f0\uff09\n|-resisted|p2b: \u556a\u53fd\u556a\uff08\u6251\u51fb\u58f0\uff09\n|-damage|p2b: \u556a\u53fd\u556a\uff08\u6251\u51fb\u58f0\uff09|95/100\n|\n|-sideend|p1: dthk1216|move: Light Screen\n|upkeep\n|turn|10\n|\n|t:|1769451908\n|move|p2b: \u556a\u53fd\u556a\uff08\u6251\u51fb\u58f0\uff09|Body Press|p1a: Amoonguss\n|-resisted|p1a: Amoonguss\n|-damage|p1a: Amoonguss|46/100\n|-damage|p2b: \u556a\u53fd\u556a\uff08\u6251\u51fb\u58f0\uff09|78/100|[from] item: Rocky Helmet|[of] p1a: Amoonguss\n|move|p1a: Amoonguss|Pollen Puff|p2b: \u556a\u53fd\u556a\uff08\u6251\u51fb\u58f0\uff09\n|-resisted|p2b: \u556a\u53fd\u556a\uff08\u6251\u51fb\u58f0\uff09\n|-damage|p2b: \u556a\u53fd\u556a\uff08\u6251\u51fb\u58f0\uff09|76/100\n|\n|upkeep\n|turn|11\n|-message|dthk1216 forfeited.\n|\n|win|dasabei\u53cc\u6253\u9053\u9986\n|raw|dthk1216's rating: 1592 &rarr; <strong>1563</strong><br />(-29 for losing)\n|raw|dasabei\u53cc\u6253\u9053\u9986's rating: 1415 &rarr; <strong>1444</strong><br />(+29 for winning)\n|l|\u2606dthk1216\n|player|p1|\n|l|\u2606dasabei\u53cc\u6253\u9053\u9986\n|player|p2|\n","uploadtime":1769452106,"views":16,"formatid":"gen9vgc2026regi","rating":1444,"private":0,"password":null}