{"id":"gen9vgc2026regi-2546283144","format":"[Gen 9] VGC 2026 Reg I","players":["Rangeroverbus","kojimuranishi"],"log":"|j|\u2606Rangeroverbus\n|j|\u2606kojimuranishi\n|t:|1771950474\n|gametype|doubles\n|player|p1|Rangeroverbus|102|1444\n|player|p2|kojimuranishi|266|1509\n|gen|9\n|tier|[Gen 9] VGC 2026 Reg I\n|rated|\n|rule|Species Clause: Limit one of each Pok\u00e9mon\n|rule|Item Clause: Limit 1 of each item\n|clearpoke\n|poke|p1|Miraidon, L50|\n|poke|p1|Calyrex-Ice, L50|\n|poke|p1|Flutter Mane, L50|\n|poke|p1|Chi-Yu, L50|\n|poke|p1|Urshifu-*, L50, M|\n|poke|p1|Iron Hands, L50|\n|poke|p2|Raging Bolt, L50|\n|poke|p2|Calyrex-Ice, L50|\n|poke|p2|Kyogre, L50|\n|poke|p2|Indeedee-F, L50, F|\n|poke|p2|Ursaluna, L50, M|\n|poke|p2|Urshifu-*, L50, F|\n|teampreview|4\n|inactive|Battle timer is ON: inactive players will automatically lose when time's up. (requested by kojimuranishi)\n|\n|t:|1771950490\n|teamsize|p1|4\n|teamsize|p2|4\n|start\n|switch|p1a: Miraidon|Miraidon, L50|100/100\n|switch|p1b: Calyrex|Calyrex-Ice, L50|100/100\n|switch|p2a: Indeedee|Indeedee-F, L50, F|100/100\n|switch|p2b: Calyrex|Calyrex-Ice, L50|100/100\n|-ability|p1b: Calyrex|As One\n|-ability|p1b: Calyrex|Unnerve\n|-ability|p2b: Calyrex|As One\n|-ability|p2b: Calyrex|Unnerve\n|-fieldstart|move: Electric Terrain|[from] ability: Hadron Engine|[of] p1a: Miraidon\n|-fieldstart|move: Psychic Terrain|[from] ability: Psychic Surge|[of] p2a: Indeedee\n|turn|1\n|\n|t:|1771950510\n|move|p1a: Miraidon|Volt Switch|p2a: Indeedee\n|-damage|p2a: Indeedee|66/100\n|\n|t:|1771950516\n|switch|p1a: Iron Hands|Iron Hands, L50, shiny|100/100|[from] Volt Switch\n|move|p2a: Indeedee|Heal Pulse|p2b: Calyrex\n|-fail|p2b: Calyrex|heal\n|move|p1b: Calyrex|Glacial Lance|p2a: Indeedee|[spread] p2a,p2b\n|-resisted|p2b: Calyrex\n|-damage|p2a: Indeedee|13/100\n|-damage|p2b: Calyrex|85/100\n|move|p2b: Calyrex|Leech Seed|p1b: Calyrex\n|-start|p1b: Calyrex|move: Leech Seed\n|\n|-heal|p2b: Calyrex|90/100|[from] item: Leftovers\n|-damage|p1b: Calyrex|88/100|[from] Leech Seed|[of] p2b: Calyrex\n|-heal|p2b: Calyrex|100/100|[silent]\n|upkeep\n|turn|2\n|\n|t:|1771950536\n|switch|p2a: Kyogre|Kyogre, L50|100/100\n|-weather|RainDance|[from] ability: Drizzle|[of] p2a: Kyogre\n|switch|p1b: Miraidon|Miraidon, L50|100/100\n|-fieldstart|move: Electric Terrain|[from] ability: Hadron Engine|[of] p1b: Miraidon\n|-activate|p1a: Iron Hands|ability: Quark Drive\n|-start|p1a: Iron Hands|quarkdriveatk\n|move|p1a: Iron Hands|Fake Out|p2b: Calyrex\n|-damage|p2b: Calyrex|89/100\n|cant|p2b: Calyrex|flinch\n|\n|-weather|RainDance|[upkeep]\n|-heal|p2b: Calyrex|95/100|[from] item: Leftovers\n|upkeep\n|turn|3\n|inactive|Rangeroverbus has 30 seconds left.\n|\n|t:|1771950565\n|switch|p2a: Ursaluna|Ursaluna, L50, M|100/100\n|move|p1b: Miraidon|Electro Drift|p2b: Calyrex\n|-damage|p2b: Calyrex|48/100\n|move|p1a: Iron Hands|Wild Charge|p2b: Calyrex\n|-damage|p2b: Calyrex|0 fnt\n|faint|p2b: Calyrex\n|-damage|p1a: Iron Hands|90/100|[from] Recoil\n|\n|-weather|RainDance|[upkeep]\n|-status|p2a: Ursaluna|brn|[from] item: Flame Orb\n|upkeep\n|\n|t:|1771950581\n|switch|p2b: Indeedee|Indeedee-F, L50, F|13/100\n|-fieldstart|move: Psychic Terrain|[from] ability: Psychic Surge|[of] p2b: Indeedee\n|-end|p1a: Iron Hands|Quark Drive\n|turn|4\n|\n|t:|1771950594\n|move|p1b: Miraidon|Volt Switch|p2b: Indeedee\n|-damage|p2b: Indeedee|0 fnt\n|faint|p2b: Indeedee\n|\n|t:|1771950598\n|switch|p1b: Calyrex|Calyrex-Ice, L50|88/100|[from] Volt Switch\n|-ability|p1b: Calyrex|As One\n|-ability|p1b: Calyrex|Unnerve\n|move|p1a: Iron Hands|Low Kick|p2a: Ursaluna\n|-supereffective|p2a: Ursaluna\n|-damage|p2a: Ursaluna|11/100 brn\n|move|p2a: Ursaluna|Facade|p1b: Calyrex\n|-crit|p1b: Calyrex\n|-damage|p1b: Calyrex|0 fnt\n|faint|p1b: Calyrex\n|\n|-weather|RainDance|[upkeep]\n|-damage|p2a: Ursaluna|5/100 brn|[from] brn\n|upkeep\n|\n|t:|1771950614\n|switch|p2b: Kyogre|Kyogre, L50|100/100\n|switch|p1b: Urshifu|Urshifu, L50, M|100/100\n|turn|5\n|\n|t:|1771950621\n|-terastallize|p2b: Kyogre|Water\n|move|p1b: Urshifu|Detect|p1b: Urshifu\n|-singleturn|p1b: Urshifu|Protect\n|move|p2b: Kyogre|Water Spout|p1b: Urshifu|[spread] p1a\n|-activate|p1b: Urshifu|move: Protect\n|-damage|p1a: Iron Hands|25/100\n|move|p1a: Iron Hands|Wild Charge|p2b: Kyogre\n|-supereffective|p2b: Kyogre\n|-damage|p2b: Kyogre|0 fnt\n|faint|p2b: Kyogre\n|-damage|p1a: Iron Hands|7/100|[from] Recoil\n|move|p2a: Ursaluna|Facade|p1b: Urshifu\n|-activate|p1b: Urshifu|move: Protect\n|\n|-weather|RainDance|[upkeep]\n|-damage|p2a: Ursaluna|0 fnt|[from] brn\n|faint|p2a: Ursaluna\n|\n|win|Rangeroverbus\n|raw|Rangeroverbus's rating: 1444 &rarr; <strong>1468</strong><br />(+24 for winning)\n|raw|kojimuranishi's rating: 1509 &rarr; <strong>1485</strong><br />(-24 for losing)\n|l|\u2606kojimuranishi\n|player|p2|\n|l|\u2606Rangeroverbus\n|player|p1|\n","uploadtime":1771950776,"views":16,"formatid":"gen9vgc2026regi","rating":1468,"private":0,"password":null}