{"id":"gen9vgc2026regi-2547851103","format":"[Gen 9] VGC 2026 Reg I","players":["EllenJoe2026","WestyLiam"],"log":"|j|\u2606EllenJoe2026\n|j|\u2606WestyLiam\n|t:|1772137984\n|gametype|doubles\n|player|p1|EllenJoe2026|iono|1541\n|player|p2|WestyLiam|101|1524\n|gen|9\n|tier|[Gen 9] VGC 2026 Reg I\n|rated|\n|rule|Species Clause: Limit one of each Pok\u00e9mon\n|rule|Item Clause: Limit 1 of each item\n|clearpoke\n|poke|p1|Calyrex-Shadow, L50|\n|poke|p1|Zamazenta-*, L50|\n|poke|p1|Incineroar, L50, F|\n|poke|p1|Rillaboom, L50, F|\n|poke|p1|Ogerpon-Cornerstone, L50, F|\n|poke|p1|Tornadus, L50, M|\n|poke|p2|Calyrex-Ice, L50|\n|poke|p2|Kyogre, L50|\n|poke|p2|Rillaboom, L50, F|\n|poke|p2|Amoonguss, L50, M|\n|poke|p2|Flutter Mane, L50|\n|poke|p2|Urshifu-*, L50, M|\n|teampreview|4\n|inactive|Battle timer is ON: inactive players will automatically lose when time's up. (requested by EllenJoe2026)\n|inactive|WestyLiam has 60 seconds left.\n|\n|t:|1772138021\n|teamsize|p1|4\n|teamsize|p2|4\n|start\n|switch|p1a: Zamazenta|Zamazenta-Crowned, L50, shiny|100/100\n|switch|p1b: Rillaboom|Rillaboom, L50, F, shiny|100/100\n|switch|p2a: Calyrex|Calyrex-Ice, L50|100/100\n|switch|p2b: Urshifu|Urshifu-Rapid-Strike, L50, M|100/100\n|-ability|p2a: Calyrex|As One\n|-ability|p2a: Calyrex|Unnerve\n|-ability|p1a: Zamazenta|Dauntless Shield|boost\n|-boost|p1a: Zamazenta|def|1\n|-fieldstart|move: Grassy Terrain|[from] ability: Grassy Surge|[of] p1b: Rillaboom\n|turn|1\n|inactive|EllenJoe2026 has 30 seconds left.\n|inactive|EllenJoe2026 has 20 seconds left.\n|\n|t:|1772138059\n|switch|p2b: Amoonguss|Amoonguss, L50, M|100/100\n|-terastallize|p1a: Zamazenta|Grass\n|-terastallize|p2a: Calyrex|Fairy\n|move|p1b: Rillaboom|Fake Out|p2a: Calyrex\n|-damage|p2a: Calyrex|91/100\n|move|p1a: Zamazenta|Body Press|p2b: Amoonguss\n|-resisted|p2b: Amoonguss\n|-damage|p2b: Amoonguss|71/100\n|-damage|p1a: Zamazenta|84/100|[from] item: Rocky Helmet|[of] p2b: Amoonguss\n|cant|p2a: Calyrex|flinch\n|\n|-heal|p1a: Zamazenta|90/100|[from] Grassy Terrain\n|-heal|p2a: Calyrex|97/100|[from] Grassy Terrain\n|-heal|p2a: Calyrex|100/100|[from] item: Leftovers\n|-heal|p2b: Amoonguss|77/100|[from] Grassy Terrain\n|upkeep\n|turn|2\n|\n|t:|1772138081\n|move|p1a: Zamazenta|Wide Guard|p1a: Zamazenta\n|-singleturn|p1a: Zamazenta|Wide Guard\n|move|p1b: Rillaboom|U-turn|p2b: Amoonguss\n|-damage|p2b: Amoonguss|59/100\n|-damage|p1b: Rillaboom|84/100|[from] item: Rocky Helmet|[of] p2b: Amoonguss\n|\n|t:|1772138088\n|switch|p1b: Incineroar|Incineroar, L50, F, shiny|100/100|[from] U-turn\n|-ability|p1b: Incineroar|Intimidate|boost\n|-unboost|p2a: Calyrex|atk|1\n|-unboost|p2b: Amoonguss|atk|1\n|move|p2a: Calyrex|Glacial Lance|p1b: Incineroar|[spread] \n|-activate|p1a: Zamazenta|move: Wide Guard\n|-activate|p1b: Incineroar|move: Wide Guard\n|move|p2b: Amoonguss|Pollen Puff|p1b: Incineroar\n|-damage|p1b: Incineroar|82/100\n|\n|-heal|p1a: Zamazenta|96/100|[from] Grassy Terrain\n|-heal|p1b: Incineroar|88/100|[from] Grassy Terrain\n|-heal|p2b: Amoonguss|65/100|[from] Grassy Terrain\n|upkeep\n|turn|3\n|\n|t:|1772138104\n|switch|p2b: Urshifu|Urshifu-Rapid-Strike, L50, M|100/100\n|move|p2a: Calyrex|Protect|p2a: Calyrex\n|-singleturn|p2a: Calyrex|Protect\n|move|p1a: Zamazenta|Wide Guard|p1a: Zamazenta\n|-singleturn|p1a: Zamazenta|Wide Guard\n|move|p1b: Incineroar|Taunt|p2a: Calyrex\n|-activate|p2a: Calyrex|move: Protect\n|\n|-heal|p1a: Zamazenta|100/100|[from] Grassy Terrain\n|-heal|p1b: Incineroar|94/100|[from] Grassy Terrain\n|upkeep\n|turn|4\n|\n|t:|1772138118\n|switch|p1b: Rillaboom|Rillaboom, L50, F, shiny|84/100\n|move|p1a: Zamazenta|Wide Guard|p1a: Zamazenta\n|-singleturn|p1a: Zamazenta|Wide Guard\n|move|p2b: Urshifu|U-turn|p1a: Zamazenta\n|-supereffective|p1a: Zamazenta\n|-damage|p1a: Zamazenta|80/100\n|\n|t:|1772138120\n|switch|p2b: Amoonguss|Amoonguss, L50, M|98/100|[from] U-turn\n|move|p2a: Calyrex|Leech Seed|p1b: Rillaboom\n|-immune|p1b: Rillaboom\n|\n|-heal|p1a: Zamazenta|86/100|[from] Grassy Terrain\n|-heal|p1b: Rillaboom|90/100|[from] Grassy Terrain\n|-heal|p2b: Amoonguss|100/100|[from] Grassy Terrain\n|upkeep\n|turn|5\n|\n|t:|1772138134\n|move|p1a: Zamazenta|Wide Guard|p1a: Zamazenta\n|-singleturn|p1a: Zamazenta|Wide Guard\n|move|p1b: Rillaboom|Wood Hammer|p2a: Calyrex\n|-damage|p2a: Calyrex|50/100\n|-damage|p1b: Rillaboom|73/100|[from] Recoil\n|move|p2a: Calyrex|Glacial Lance|p1b: Rillaboom|[spread] \n|-activate|p1a: Zamazenta|move: Wide Guard\n|-activate|p1b: Rillaboom|move: Wide Guard\n|move|p2b: Amoonguss|Pollen Puff|p1a: Zamazenta\n|-supereffective|p1a: Zamazenta\n|-damage|p1a: Zamazenta|63/100\n|\n|-heal|p1a: Zamazenta|69/100|[from] Grassy Terrain\n|-heal|p1b: Rillaboom|79/100|[from] Grassy Terrain\n|-heal|p2a: Calyrex|56/100|[from] Grassy Terrain\n|-heal|p2a: Calyrex|61/100|[from] item: Leftovers\n|-fieldend|move: Grassy Terrain\n|upkeep\n|turn|6\n|\n|t:|1772138158\n|switch|p2b: Urshifu|Urshifu-Rapid-Strike, L50, M|100/100\n|move|p2a: Calyrex|Protect|p2a: Calyrex\n|-singleturn|p2a: Calyrex|Protect\n|move|p1a: Zamazenta|Wide Guard|p1a: Zamazenta\n|-singleturn|p1a: Zamazenta|Wide Guard\n|move|p1b: Rillaboom|U-turn|p2b: Urshifu\n|-resisted|p2b: Urshifu\n|-damage|p2b: Urshifu|89/100\n|\n|t:|1772138170\n|switch|p1b: Calyrex|Calyrex-Shadow, L50|100/100|[from] U-turn\n|-ability|p1b: Calyrex|As One\n|-ability|p1b: Calyrex|Unnerve\n|\n|-heal|p2a: Calyrex|67/100|[from] item: Leftovers\n|upkeep\n|turn|7\n|\n|t:|1772138177\n|switch|p2a: Kyogre|Kyogre, L50|100/100\n|-weather|RainDance|[from] ability: Drizzle|[of] p2a: Kyogre\n|move|p1a: Zamazenta|Wide Guard|p1a: Zamazenta\n|-singleturn|p1a: Zamazenta|Wide Guard\n|move|p2b: Urshifu|Surging Strikes|p1b: Calyrex\n|-crit|p1b: Calyrex\n|-damage|p1b: Calyrex|61/100\n|-crit|p1b: Calyrex\n|-damage|p1b: Calyrex|20/100\n|-crit|p1b: Calyrex\n|-damage|p1b: Calyrex|0 fnt\n|faint|p1b: Calyrex\n|-hitcount|p1: Calyrex|3\n|\n|-weather|RainDance|[upkeep]\n|upkeep\n|\n|t:|1772138182\n|switch|p1b: Rillaboom|Rillaboom, L50, F, shiny|79/100\n|-fieldstart|move: Grassy Terrain|[from] ability: Grassy Surge|[of] p1b: Rillaboom\n|turn|8\n|\n|t:|1772138206\n|switch|p2b: Amoonguss|Amoonguss, L50, M|100/100\n|move|p1a: Zamazenta|Heavy Slam|p2b: Amoonguss\n|-damage|p2b: Amoonguss|63/100\n|-damage|p1a: Zamazenta|53/100|[from] item: Rocky Helmet|[of] p2b: Amoonguss\n|move|p2a: Kyogre|Origin Pulse|p1b: Rillaboom|[spread] p1b\n|-miss|p2a: Kyogre|p1a: Zamazenta\n|-resisted|p1b: Rillaboom\n|-damage|p1b: Rillaboom|51/100\n|move|p1b: Rillaboom|U-turn|p2b: Amoonguss\n|-damage|p2b: Amoonguss|45/100\n|-damage|p1b: Rillaboom|34/100|[from] item: Rocky Helmet|[of] p2b: Amoonguss\n|\n|t:|1772138213\n|switch|p1b: Incineroar|Incineroar, L50, F, shiny|94/100|[from] U-turn\n|-ability|p1b: Incineroar|Intimidate|boost\n|-unboost|p2a: Kyogre|atk|1\n|-unboost|p2b: Amoonguss|atk|1\n|\n|-weather|RainDance|[upkeep]\n|-heal|p1a: Zamazenta|59/100|[from] Grassy Terrain\n|-heal|p1b: Incineroar|99/100|[from] Grassy Terrain\n|-heal|p2b: Amoonguss|51/100|[from] Grassy Terrain\n|upkeep\n|turn|9\n|\n|t:|1772138223\n|switch|p2b: Calyrex|Calyrex-Ice, L50, tera:Fairy|67/100\n|-ability|p2b: Calyrex|As One\n|-ability|p2b: Calyrex|Unnerve\n|move|p2a: Kyogre|Protect|p2a: Kyogre\n|-singleturn|p2a: Kyogre|Protect\n|move|p1b: Incineroar|Fake Out|p2a: Kyogre\n|-activate|p2a: Kyogre|move: Protect\n|move|p1a: Zamazenta|Body Press|p2a: Kyogre\n|-activate|p2a: Kyogre|move: Protect\n|\n|-weather|RainDance|[upkeep]\n|-heal|p1a: Zamazenta|65/100|[from] Grassy Terrain\n|-heal|p1b: Incineroar|100/100|[from] Grassy Terrain\n|-heal|p2b: Calyrex|73/100|[from] Grassy Terrain\n|-heal|p2b: Calyrex|79/100|[from] item: Leftovers\n|upkeep\n|turn|10\n|\n|t:|1772138237\n|move|p1a: Zamazenta|Wide Guard|p1a: Zamazenta\n|-singleturn|p1a: Zamazenta|Wide Guard\n|move|p2a: Kyogre|Hydro Pump|p1b: Incineroar\n|-supereffective|p1b: Incineroar\n|-damage|p1b: Incineroar|0 fnt\n|faint|p1b: Incineroar\n|move|p2b: Calyrex|Glacial Lance|p1a: Zamazenta\n|-activate|p1a: Zamazenta|move: Wide Guard\n|\n|-weather|RainDance|[upkeep]\n|-heal|p1a: Zamazenta|71/100|[from] Grassy Terrain\n|-heal|p2b: Calyrex|85/100|[from] Grassy Terrain\n|-heal|p2b: Calyrex|90/100|[from] item: Leftovers\n|upkeep\n|-message|EllenJoe2026 forfeited.\n|\n|win|WestyLiam\n|raw|EllenJoe2026's rating: 1541 &rarr; <strong>1520</strong><br />(-21 for losing)\n|raw|WestyLiam's rating: 1524 &rarr; <strong>1545</strong><br />(+21 for winning)\n|l|\u2606EllenJoe2026\n|player|p1|\n|l|\u2606WestyLiam\n|player|p2|\n","uploadtime":1772138404,"views":18,"formatid":"gen9vgc2026regi","rating":1520,"private":0,"password":null}