{"id":"gen9vgc2026regi-2537476066","format":"[Gen 9] VGC 2026 Reg I","players":["SnarkyShane","Ratiza13"],"log":"|j|\u2606SnarkyShane\n|j|\u2606Ratiza13\n|t:|1770819422\n|gametype|doubles\n|player|p1|SnarkyShane|gambler|1425\n|player|p2|Ratiza13|marnie-masters2|1306\n|gen|9\n|tier|[Gen 9] VGC 2026 Reg I\n|rated|\n|rule|Species Clause: Limit one of each Pok\u00e9mon\n|rule|Item Clause: Limit 1 of each item\n|clearpoke\n|poke|p1|Rayquaza, L50|\n|poke|p1|Calyrex-Shadow, L50|\n|poke|p1|Chien-Pao, L50|\n|poke|p1|Ting-Lu, L50|\n|poke|p1|Amoonguss, L50, F|\n|poke|p1|Avalugg-Hisui, L50, M|\n|poke|p2|Groudon, L50|\n|poke|p2|Miraidon, L50|\n|poke|p2|Chi-Yu, L50|\n|poke|p2|Tornadus, L50, M|\n|poke|p2|Flutter Mane, L50|\n|poke|p2|Heatran, L50, F|\n|teampreview|4\n|inactive|Battle timer is ON: inactive players will automatically lose when time's up. (requested by Ratiza13)\n|inactive|SnarkyShane also wants the timer to be on.\n|inactive|SnarkyShane has 60 seconds left.\n|inactive|SnarkyShane has 30 seconds left.\n|\n|t:|1770819486\n|teamsize|p1|4\n|teamsize|p2|4\n|start\n|switch|p1a: Big Gulp|Ting-Lu, L50|100/100\n|switch|p1b: Victor Creed|Chien-Pao, L50|100/100\n|switch|p2a: Chi-Yu|Chi-Yu, L50|100/100\n|switch|p2b: Heatran|Heatran, L50, F, shiny|100/100\n|-ability|p1b: Victor Creed|Sword of Ruin\n|-ability|p2a: Chi-Yu|Beads of Ruin\n|-ability|p1a: Big Gulp|Vessel of Ruin\n|turn|1\n|\n|t:|1770819501\n|switch|p1b: Noodle Del Muerte|Rayquaza, L50|100/100\n|-ability|p1b: Noodle Del Muerte|Air Lock\n|-terastallize|p2b: Heatran|Bug\n|move|p2a: Chi-Yu|Lava Plume|p1b: Noodle Del Muerte|[spread] p1a,p1b\n|-start|p2b: Heatran|ability: Flash Fire\n|-resisted|p1b: Noodle Del Muerte\n|-damage|p1a: Big Gulp|85/100\n|-damage|p1b: Noodle Del Muerte|86/100\n|-status|p1a: Big Gulp|brn\n|-status|p1b: Noodle Del Muerte|brn\n|move|p2b: Heatran|Heat Wave|p1b: Noodle Del Muerte|[spread] p1a,p1b\n|-resisted|p1b: Noodle Del Muerte\n|-damage|p1a: Big Gulp|57/100 brn\n|-damage|p1b: Noodle Del Muerte|59/100 brn\n|move|p1a: Big Gulp|Stomping Tantrum|p2a: Chi-Yu\n|-supereffective|p2a: Chi-Yu\n|-damage|p2a: Chi-Yu|40/100\n|\n|-damage|p1b: Noodle Del Muerte|53/100 brn|[from] brn\n|-damage|p1a: Big Gulp|50/100 brn|[from] brn\n|upkeep\n|turn|2\n|inactive|SnarkyShane has 30 seconds left.\n|inactive|Ratiza13 has 30 seconds left.\n|\n|t:|1770819530\n|move|p2b: Heatran|Protect|p2b: Heatran\n|-singleturn|p2b: Heatran|Protect\n|move|p2a: Chi-Yu|Snarl|p1b: Noodle Del Muerte|[spread] p1a\n|-miss|p2a: Chi-Yu|p1b: Noodle Del Muerte\n|-resisted|p1a: Big Gulp\n|-damage|p1a: Big Gulp|45/100 brn\n|-unboost|p1a: Big Gulp|spa|1\n|move|p1b: Noodle Del Muerte|Swords Dance|p1b: Noodle Del Muerte\n|-boost|p1b: Noodle Del Muerte|atk|2\n|move|p1a: Big Gulp|Stomping Tantrum|p2a: Chi-Yu\n|-supereffective|p2a: Chi-Yu\n|-damage|p2a: Chi-Yu|0 fnt\n|faint|p2a: Chi-Yu\n|\n|-damage|p1b: Noodle Del Muerte|47/100 brn|[from] brn\n|-damage|p1a: Big Gulp|39/100 brn|[from] brn\n|upkeep\n|\n|t:|1770819540\n|switch|p2a: Groudon|Groudon, L50|100/100\n|-weather|SunnyDay|[from] ability: Drought|[of] p2a: Groudon\n|turn|3\n|\n|t:|1770819553\n|move|p1b: Noodle Del Muerte|Protect|p1b: Noodle Del Muerte\n|-singleturn|p1b: Noodle Del Muerte|Protect\n|move|p2a: Groudon|Rock Slide|p1b: Noodle Del Muerte|[spread] p1a\n|-activate|p1b: Noodle Del Muerte|move: Protect\n|-resisted|p1a: Big Gulp\n|-crit|p1a: Big Gulp\n|-damage|p1a: Big Gulp|30/100 brn\n|move|p2b: Heatran|Heat Wave|p1b: Noodle Del Muerte|[spread] p1a\n|-activate|p1b: Noodle Del Muerte|move: Protect\n|-damage|p1a: Big Gulp|11/100 brn\n|move|p1a: Big Gulp|Ruination|p2a: Groudon\n|-damage|p2a: Groudon|50/100\n|\n|-weather|SunnyDay|[upkeep]\n|-damage|p1b: Noodle Del Muerte|41/100 brn|[from] brn\n|-damage|p1a: Big Gulp|5/100 brn|[from] brn\n|upkeep\n|turn|4\n|inactive|SnarkyShane has 30 seconds left.\n|\n|t:|1770819584\n|move|p2a: Groudon|Rock Slide|p1a: Big Gulp|[spread] p1a,p1b\n|-resisted|p1a: Big Gulp\n|-supereffective|p1b: Noodle Del Muerte\n|-damage|p1a: Big Gulp|0 fnt\n|-damage|p1b: Noodle Del Muerte|3/100 brn\n|faint|p1a: Big Gulp\n|cant|p1b: Noodle Del Muerte|flinch\n|move|p2b: Heatran|Heat Wave|p1b: Noodle Del Muerte|[miss]\n|-miss|p2b: Heatran|p1b: Noodle Del Muerte\n|\n|-weather|SunnyDay|[upkeep]\n|-damage|p1b: Noodle Del Muerte|0 fnt|[from] brn\n|faint|p1b: Noodle Del Muerte\n|upkeep\n|\n|t:|1770819592\n|switch|p1b: FesterinEquestrian|Calyrex-Shadow, L50|100/100\n|switch|p1a: Victor Creed|Chien-Pao, L50|100/100\n|-ability|p1b: FesterinEquestrian|As One\n|-ability|p1b: FesterinEquestrian|Unnerve\n|-ability|p1a: Victor Creed|Sword of Ruin\n|turn|5\n|\n|t:|1770819604\n|-terastallize|p1b: FesterinEquestrian|Ghost\n|move|p1a: Victor Creed|Ice Spinner|p2b: Heatran\n|-damage|p2b: Heatran|47/100\n|move|p1b: FesterinEquestrian|Astral Barrage|p2b: Heatran|[spread] p2a,p2b\n|-damage|p2a: Groudon|10/100\n|-damage|p2b: Heatran|0 fnt\n|faint|p2b: Heatran\n|-ability|p1b: FesterinEquestrian|Grim Neigh|boost\n|-boost|p1b: FesterinEquestrian|spa|1\n|move|p2a: Groudon|Precipice Blades|p1b: FesterinEquestrian|[spread] p1a,p1b\n|-damage|p1a: Victor Creed|27/100\n|-damage|p1b: FesterinEquestrian|21/100\n|\n|-weather|SunnyDay|[upkeep]\n|upkeep\n|\n|t:|1770819615\n|switch|p2b: Flutter Mane|Flutter Mane, L50|100/100\n|-activate|p2b: Flutter Mane|ability: Protosynthesis\n|-start|p2b: Flutter Mane|protosynthesisspe\n|turn|6\n|\n|t:|1770819629\n|move|p1b: FesterinEquestrian|Protect|p1b: FesterinEquestrian\n|-singleturn|p1b: FesterinEquestrian|Protect\n|move|p2b: Flutter Mane|Shadow Ball|p1b: FesterinEquestrian\n|-activate|p1b: FesterinEquestrian|move: Protect\n|move|p1a: Victor Creed|Ice Spinner|p2b: Flutter Mane\n|-enditem|p2b: Flutter Mane|Focus Sash\n|-damage|p2b: Flutter Mane|1/100\n|move|p2a: Groudon|Heat Crash|p1a: Victor Creed\n|-supereffective|p1a: Victor Creed\n|-damage|p1a: Victor Creed|0 fnt\n|faint|p1a: Victor Creed\n|\n|-weather|SunnyDay|[upkeep]\n|upkeep\n|turn|7\n|\n|t:|1770819644\n|move|p1b: FesterinEquestrian|Protect||[still]\n|-fail|p1b: FesterinEquestrian\n|move|p2b: Flutter Mane|Shadow Ball|p1b: FesterinEquestrian\n|-supereffective|p1b: FesterinEquestrian\n|-damage|p1b: FesterinEquestrian|0 fnt\n|faint|p1b: FesterinEquestrian\n|\n|win|Ratiza13\n|raw|SnarkyShane's rating: 1425 &rarr; <strong>1398</strong><br />(-27 for losing)\n|raw|Ratiza13's rating: 1306 &rarr; <strong>1333</strong><br />(+27 for winning)\n|l|\u2606SnarkyShane\n|player|p1|\n|c|\u2606Ratiza13|gg\n|l|\u2606Ratiza13\n|player|p2|\n","uploadtime":1770819822,"views":11,"formatid":"gen9vgc2026regi","rating":1333,"private":0,"password":null}