{"id":"gen9vgc2026regi-2514967690","format":"[Gen 9] VGC 2026 Reg I","players":["inb_178","xedthehero"],"log":"|j|\u2606inb_178\n|j|\u2606xedthehero\n|t:|1767929478\n|gametype|doubles\n|player|p1|inb_178|265|1066\n|player|p2|xedthehero|brawly|1069\n|gen|9\n|tier|[Gen 9] VGC 2026 Reg I\n|rated|\n|rule|Species Clause: Limit one of each Pok\u00e9mon\n|rule|Item Clause: Limit 1 of each item\n|clearpoke\n|poke|p1|Miraidon, L50|\n|poke|p1|Lunala, L50|\n|poke|p1|Iron Bundle, L50|\n|poke|p1|Iron Moth, L50|\n|poke|p1|Ursaluna, L50, F|\n|poke|p1|Sneasler, L50, F|\n|poke|p2|Scizor, L50, F|\n|poke|p2|Landorus, L50, M|\n|poke|p2|Tornadus, L50, M|\n|poke|p2|Ursaluna, L50, M|\n|poke|p2|Oranguru, L50, F|\n|poke|p2|Greninja-*, L50, F|\n|teampreview|4\n|inactive|Battle timer is ON: inactive players will automatically lose when time's up. (requested by xedthehero)\n|inactive|xedthehero has 60 seconds left.\n|\n|t:|1767929522\n|teamsize|p1|4\n|teamsize|p2|4\n|start\n|switch|p1a: Miraidon|Miraidon, L50|100/100\n|switch|p1b: Iron Bundle|Iron Bundle, L50|100/100\n|switch|p2a: Tornadus|Tornadus, L50, M|100/100\n|switch|p2b: Greninja|Greninja, L50, F|100/100\n|-fieldstart|move: Electric Terrain|[from] ability: Hadron Engine|[of] p1a: Miraidon\n|-activate|p1b: Iron Bundle|ability: Quark Drive\n|-start|p1b: Iron Bundle|quarkdrivespe\n|turn|1\n|inactive|xedthehero has 30 seconds left.\n|inactive|xedthehero has 20 seconds left.\n|inactive|xedthehero has 15 seconds left.\n|inactive|xedthehero has 10 seconds left.\n|\n|t:|1767929572\n|switch|p2a: Scizor|Scizor, L50, F|100/100\n|move|p1b: Iron Bundle|Icy Wind|p2a: Scizor|[spread] p2a,p2b\n|-resisted|p2a: Scizor\n|-resisted|p2b: Greninja\n|-damage|p2a: Scizor|88/100\n|-damage|p2b: Greninja|89/100\n|-unboost|p2a: Scizor|spe|1\n|-unboost|p2b: Greninja|spe|1\n|move|p1a: Miraidon|Volt Switch|p2a: Scizor\n|-damage|p2a: Scizor|0 fnt\n|faint|p2a: Scizor\n|\n|t:|1767929585\n|switch|p1a: Lunala|Lunala, L50|100/100|[from] Volt Switch\n|-enditem|p1a: Lunala|Electric Seed\n|-boost|p1a: Lunala|def|1|[from] item: Electric Seed\n|move|p2b: Greninja|Sludge Wave|p1b: Iron Bundle|[spread] p1a,p1b\n|-start|p2b: Greninja|typechange|Poison|[from] ability: Protean\n|-resisted|p1a: Lunala\n|-crit|p1b: Iron Bundle\n|-damage|p1a: Lunala|95/100\n|-damage|p1b: Iron Bundle|6/100\n|\n|upkeep\n|\n|t:|1767929600\n|switch|p2a: Oranguru|Oranguru, L50, F|100/100\n|turn|2\n|\n|t:|1767929625\n|move|p1b: Iron Bundle|Icy Wind|p2b: Greninja|[spread] p2a,p2b\n|-damage|p2a: Oranguru|88/100\n|-damage|p2b: Greninja|68/100\n|-unboost|p2b: Greninja|spe|1\n|move|p1a: Lunala|Moongeist Beam|p2b: Greninja\n|-damage|p2b: Greninja|13/100\n|move|p2b: Greninja|Dark Pulse|p1a: Lunala\n|-supereffective|p1a: Lunala\n|-damage|p1a: Lunala|28/100\n|move|p2a: Oranguru|Trick Room|p2a: Oranguru\n|-fieldstart|move: Trick Room|[of] p2a: Oranguru\n|\n|upkeep\n|turn|3\n|\n|t:|1767929643\n|-end|p1b: Iron Bundle|Quark Drive|[silent]\n|switch|p1b: Ursaluna|Ursaluna, L50, F|100/100\n|move|p1a: Lunala|Wide Guard|p1a: Lunala\n|-singleturn|p1a: Lunala|Wide Guard\n|move|p2a: Oranguru|Instruct|p2b: Greninja\n|-singleturn|p2b: Greninja|move: Instruct|[of] p2a: Oranguru\n|move|p2b: Greninja|Dark Pulse|p1a: Lunala\n|-supereffective|p1a: Lunala\n|-damage|p1a: Lunala|0 fnt\n|faint|p1a: Lunala\n|move|p2b: Greninja|Dark Pulse|p1b: Ursaluna\n|-damage|p1b: Ursaluna|81/100\n|\n|-status|p1b: Ursaluna|brn|[from] item: Flame Orb\n|upkeep\n|\n|t:|1767929660\n|switch|p1a: Iron Bundle|Iron Bundle, L50|6/100\n|-activate|p1a: Iron Bundle|ability: Quark Drive\n|-start|p1a: Iron Bundle|quarkdrivespe\n|turn|4\n|inactive|xedthehero has 30 seconds left.\n|\n|t:|1767929686\n|-terastallize|p2b: Greninja|Water\n|move|p1a: Iron Bundle|Protect|p1a: Iron Bundle\n|-singleturn|p1a: Iron Bundle|Protect\n|move|p1b: Ursaluna|Earthquake|p2b: Greninja|[spread] p2a,p2b\n|-activate|p1a: Iron Bundle|move: Protect\n|-damage|p2a: Oranguru|16/100\n|-damage|p2b: Greninja|0 fnt\n|faint|p2b: Greninja\n|move|p2a: Oranguru|Instruct|p2: Greninja|[notarget]\n|-fail|p2a: Oranguru\n|\n|-damage|p1b: Ursaluna|75/100 brn|[from] brn\n|upkeep\n|\n|t:|1767929693\n|switch|p2b: Tornadus|Tornadus, L50, M|100/100\n|turn|5\n|-message|xedthehero forfeited.\n|\n|win|inb_178\n|raw|inb_178's rating: 1066 &rarr; <strong>1096</strong><br />(+30 for winning)\n|raw|xedthehero's rating: 1069 &rarr; <strong>1048</strong><br />(-21 for losing)\n|l|\u2606xedthehero\n|player|p2|\n|l|\u2606inb_178\n|player|p1|\n","uploadtime":1767930067,"views":11,"formatid":"gen9vgc2026regi","rating":1048,"private":0,"password":null}