{"id":"gen9vgc2026regi-2574011219","format":"[Gen 9] VGC 2026 Reg I","players":["1VLTSQ Joker","Frannykidnappedme"],"log":"|raw|<div class=\"broadcast-blue\"><strong>This battle is required to be public due to a player having a name starting with '1vltsq'.</div>\n|j|\u26061VLTSQ Joker\n|j|\u2606Frannykidnappedme\n|t:|1775188454\n|gametype|doubles\n|player|p1|1VLTSQ Joker|blue|1629\n|player|p2|Frannykidnappedme|kieran|1614\n|gen|9\n|tier|[Gen 9] VGC 2026 Reg I\n|rated|\n|rule|Species Clause: Limit one of each Pok\u00e9mon\n|rule|Item Clause: Limit 1 of each item\n|clearpoke\n|poke|p1|Calyrex-Ice, L50|\n|poke|p1|Smeargle, L50, M|\n|poke|p1|Kyogre, L50|\n|poke|p1|Maushold, L50|\n|poke|p1|Volcarona, L50, F|\n|poke|p1|Pawmot, L50, M|\n|poke|p2|Sneasler, L50, F|\n|poke|p2|Miraidon, L50|\n|poke|p2|Dragonite, L50, F|\n|poke|p2|Chien-Pao, L50|\n|poke|p2|Zamazenta-*, L50|\n|poke|p2|Ditto, L50|\n|teampreview|4\n|inactive|Battle timer is ON: inactive players will automatically lose when time's up. (requested by Frannykidnappedme)\n|c|\u26061VLTSQ Joker|franky\n|c|\u26061VLTSQ Joker|youre back\n|inactive|1VLTSQ Joker has 60 seconds left.\n|\n|t:|1775188496\n|teamsize|p1|4\n|teamsize|p2|4\n|start\n|switch|p1a: Smeargle|Smeargle, L50, M|100/100\n|switch|p1b: Volcarona|Volcarona, L50, F|100/100\n|switch|p2a: Miraidon|Miraidon, L50|100/100\n|switch|p2b: Sneasler|Sneasler, L50, F|100/100\n|-fieldstart|move: Electric Terrain|[from] ability: Hadron Engine|[of] p2a: Miraidon\n|-enditem|p2b: Sneasler|Electric Seed\n|-boost|p2b: Sneasler|def|1|[from] item: Electric Seed\n|turn|1\n|c|\u2606Frannykidnappedme|franny*\n|\n|t:|1775188516\n|-terastallize|p1a: Smeargle|Ghost\n|move|p2b: Sneasler|Fake Out|p1a: Smeargle\n|-immune|p1a: Smeargle\n|move|p1a: Smeargle|Fake Out|p2a: Miraidon\n|-damage|p2a: Miraidon|95/100\n|cant|p2a: Miraidon|flinch\n|move|p1b: Volcarona|Tailwind|p1b: Volcarona\n|-sidestart|p1: 1VLTSQ Joker|move: Tailwind\n|\n|-ability|p1a: Smeargle|Moody|boost\n|-boost|p1a: Smeargle|spe|2\n|-unboost|p1a: Smeargle|def|1\n|upkeep\n|turn|2\n|c|\u26061VLTSQ Joker|i know you as franky\n|c|\u26061VLTSQ Joker|personalizes our friendship\n|inactive|1VLTSQ Joker has 30 seconds left.\n|\n|t:|1775188548\n|move|p1a: Smeargle|Decorate|p1b: Volcarona\n|-boost|p1b: Volcarona|atk|2\n|-boost|p1b: Volcarona|spa|2\n|move|p2b: Sneasler|Dire Claw|p1a: Smeargle\n|-resisted|p1a: Smeargle\n|-damage|p1a: Smeargle|12/100\n|move|p1b: Volcarona|Flamethrower|p2b: Sneasler\n|-damage|p2b: Sneasler|0 fnt\n|faint|p2b: Sneasler\n|move|p2a: Miraidon|Volt Switch|p1b: Volcarona\n|-crit|p1b: Volcarona\n|-damage|p1b: Volcarona|0 fnt\n|faint|p1b: Volcarona\n|c|\u2606Frannykidnappedme|u have friends?\n|j| vaibhav5577\n|c|\u26061VLTSQ Joker|ooh the crit\n|\n|t:|1775188568\n|switch|p2a: Zamazenta|Zamazenta-Crowned, L50|100/100|[from] Volt Switch\n|-ability|p2a: Zamazenta|Dauntless Shield|boost\n|-boost|p2a: Zamazenta|def|1\n|\n|-ability|p1a: Smeargle|Moody|boost\n|-boost|p1a: Smeargle|def|2\n|-unboost|p1a: Smeargle|spe|1\n|upkeep\n|c|\u26061VLTSQ Joker|wp franky\n|\n|t:|1775188578\n|switch|p2b: Chien-Pao|Chien-Pao, L50|100/100\n|switch|p1b: Calyrex|Calyrex-Ice, L50|100/100\n|-ability|p1b: Calyrex|As One\n|-ability|p1b: Calyrex|Unnerve\n|-ability|p2b: Chien-Pao|Sword of Ruin\n|turn|3\n|inactive|1VLTSQ Joker has 30 seconds left.\n|c|\u26061VLTSQ Joker|if you got a crit\n|inactive|1VLTSQ Joker has 20 seconds left.\n|c|\u26061VLTSQ Joker|i should too\n|inactive|1VLTSQ Joker has 15 seconds left.\n|c|\u26061VLTSQ Joker|only fair\n|\n|t:|1775188621\n|move|p1a: Smeargle|Decorate|p1b: Calyrex\n|-boost|p1b: Calyrex|atk|2\n|-boost|p1b: Calyrex|spa|2\n|move|p2b: Chien-Pao|Icicle Crash|p1a: Smeargle\n|-damage|p1a: Smeargle|0 fnt\n|faint|p1a: Smeargle\n|move|p1b: Calyrex|High Horsepower|p2a: Zamazenta\n|-supereffective|p2a: Zamazenta\n|-damage|p2a: Zamazenta|19/100\n|move|p2a: Zamazenta|Body Press|p1b: Calyrex\n|-damage|p1b: Calyrex|38/100\n|\n|upkeep\n|c|\u26061VLTSQ Joker|dang no crit\n|inactive|1VLTSQ Joker has 30 seconds left.\n|c|\u26061VLTSQ Joker|youre one lucky homie\n|\n|t:|1775188652\n|switch|p1a: Kyogre|Kyogre, L50|100/100\n|-weather|RainDance|[from] ability: Drizzle|[of] p1a: Kyogre\n|turn|4\n|c|\u2606Frannykidnappedme|that crit did not matter bro \ud83e\udee9\ud83e\udd40\n|c|\u26061VLTSQ Joker|kinda did tho\n|c|\u26061VLTSQ Joker|since i lived\n|inactive|1VLTSQ Joker has 30 seconds left.\n|c|\u2606Frannykidnappedme|im max modest specs\n|inactive|1VLTSQ Joker has 20 seconds left.\n|inactive|1VLTSQ Joker has 15 seconds left.\n|inactive|1VLTSQ Joker has 10 seconds left.\n|c|\u26061VLTSQ Joker|252+ SpA Choice Specs Hadron Engine Miraidon Volt Switch (91 BP) vs. 252 HP / 0 SpD Volcarona in Electric Terrain: 169-199 (88 - 103.6%) -- 25% chance to OHKO\n|inactive|1VLTSQ Joker has 5 seconds left.\n|\n|t:|1775188704\n|move|p2b: Chien-Pao|Protect|p2b: Chien-Pao\n|-singleturn|p2b: Chien-Pao|Protect\n|move|p2a: Zamazenta|Protect|p2a: Zamazenta\n|-singleturn|p2a: Zamazenta|Protect\n|move|p1a: Kyogre|Origin Pulse|p2b: Chien-Pao|[spread] \n|-activate|p2a: Zamazenta|move: Protect\n|-activate|p2b: Chien-Pao|move: Protect\n|move|p1b: Calyrex|Glacial Lance|p2a: Zamazenta|[spread] \n|-activate|p2a: Zamazenta|move: Protect\n|-activate|p2b: Chien-Pao|move: Protect\n|\n|-weather|RainDance|[upkeep]\n|-sideend|p1: 1VLTSQ Joker|move: Tailwind\n|upkeep\n|turn|5\n|c|\u26061VLTSQ Joker|kinda did tho franky\n|\n|t:|1775188723\n|move|p2a: Zamazenta|Wide Guard|p2a: Zamazenta\n|-singleturn|p2a: Zamazenta|Wide Guard\n|move|p2b: Chien-Pao|Sucker Punch|p1b: Calyrex\n|-supereffective|p1b: Calyrex\n|-damage|p1b: Calyrex|0 fnt\n|faint|p1b: Calyrex\n|move|p1a: Kyogre|Origin Pulse|p2b: Chien-Pao|[spread] \n|-activate|p2a: Zamazenta|move: Wide Guard\n|-activate|p2b: Chien-Pao|move: Wide Guard\n|\n|-weather|RainDance|[upkeep]\n|-fieldend|move: Electric Terrain\n|upkeep\n|turn|6\n|c|\u2606Frannykidnappedme|im just too niche I guess\n|c|\u26061VLTSQ Joker|all good in the hood bro\n|\n|t:|1775188739\n|move|p2a: Zamazenta|Wide Guard|p2a: Zamazenta\n|-singleturn|p2a: Zamazenta|Wide Guard\n|move|p1a: Kyogre|Origin Pulse|p2b: Chien-Pao|[spread] \n|-activate|p2a: Zamazenta|move: Wide Guard\n|-activate|p2b: Chien-Pao|move: Wide Guard\n|move|p2b: Chien-Pao|Ruination|p1a: Kyogre\n|-damage|p1a: Kyogre|51/100\n|\n|-weather|RainDance|[upkeep]\n|upkeep\n|turn|7\n|\n|t:|1775188751\n|move|p2a: Zamazenta|Wide Guard|p2a: Zamazenta\n|-singleturn|p2a: Zamazenta|Wide Guard\n|move|p1a: Kyogre|Origin Pulse|p2a: Zamazenta|[spread] \n|-activate|p2a: Zamazenta|move: Wide Guard\n|-activate|p2b: Chien-Pao|move: Wide Guard\n|move|p2b: Chien-Pao|Ruination|p1a: Kyogre\n|-damage|p1a: Kyogre|26/100\n|\n|-weather|RainDance|[upkeep]\n|upkeep\n|turn|8\n|\n|t:|1775188754\n|move|p2a: Zamazenta|Wide Guard|p2a: Zamazenta\n|-singleturn|p2a: Zamazenta|Wide Guard\n|move|p1a: Kyogre|Origin Pulse|p2b: Chien-Pao|[spread] \n|-activate|p2a: Zamazenta|move: Wide Guard\n|-activate|p2b: Chien-Pao|move: Wide Guard\n|move|p2b: Chien-Pao|Ruination|p1a: Kyogre\n|-damage|p1a: Kyogre|13/100\n|\n|-weather|none\n|upkeep\n|turn|9\n|\n|t:|1775188757\n|move|p2a: Zamazenta|Wide Guard|p2a: Zamazenta\n|-singleturn|p2a: Zamazenta|Wide Guard\n|move|p1a: Kyogre|Origin Pulse|p2b: Chien-Pao|[spread] \n|-activate|p2a: Zamazenta|move: Wide Guard\n|-activate|p2b: Chien-Pao|move: Wide Guard\n|move|p2b: Chien-Pao|Ruination|p1a: Kyogre|[miss]\n|-miss|p2b: Chien-Pao|p1a: Kyogre\n|\n|upkeep\n|turn|10\n|\n|t:|1775188762\n|move|p2a: Zamazenta|Wide Guard|p2a: Zamazenta\n|-singleturn|p2a: Zamazenta|Wide Guard\n|move|p1a: Kyogre|Origin Pulse|p2b: Chien-Pao|[spread] \n|-activate|p2a: Zamazenta|move: Wide Guard\n|-activate|p2b: Chien-Pao|move: Wide Guard\n|move|p2b: Chien-Pao|Ruination|p1a: Kyogre|[miss]\n|-miss|p2b: Chien-Pao|p1a: Kyogre\n|\n|upkeep\n|turn|11\n|c|\u26061VLTSQ Joker|aww thx frank\n|c|\u26061VLTSQ Joker|ya allowed me to get a quick search in\n|c|\u26061VLTSQ Joker|got a higher elo <3\n|\n|t:|1775188787\n|move|p2a: Zamazenta|Wide Guard|p2a: Zamazenta\n|-singleturn|p2a: Zamazenta|Wide Guard\n|move|p1a: Kyogre|Origin Pulse|p2a: Zamazenta|[spread] \n|-activate|p2a: Zamazenta|move: Wide Guard\n|-activate|p2b: Chien-Pao|move: Wide Guard\n|move|p2b: Chien-Pao|Ruination|p1a: Kyogre\n|-damage|p1a: Kyogre|7/100\n|\n|upkeep\n|turn|12\n|\n|t:|1775188792\n|move|p2a: Zamazenta|Wide Guard|p2a: Zamazenta\n|-singleturn|p2a: Zamazenta|Wide Guard\n|move|p1a: Kyogre|Origin Pulse|p2b: Chien-Pao|[spread] \n|-activate|p2a: Zamazenta|move: Wide Guard\n|-activate|p2b: Chien-Pao|move: Wide Guard\n|move|p2b: Chien-Pao|Ruination|p1a: Kyogre\n|-damage|p1a: Kyogre|4/100\n|\n|upkeep\n|turn|13\n|inactive|1VLTSQ Joker has 30 seconds left.\n|inactive|1VLTSQ Joker has 20 seconds left.\n|inactive|1VLTSQ Joker has 15 seconds left.\n|\n|t:|1775188834\n|move|p2a: Zamazenta|Wide Guard|p2a: Zamazenta\n|-singleturn|p2a: Zamazenta|Wide Guard\n|move|p1a: Kyogre|Origin Pulse|p2b: Chien-Pao|[spread] \n|-activate|p2a: Zamazenta|move: Wide Guard\n|-activate|p2b: Chien-Pao|move: Wide Guard\n|move|p2b: Chien-Pao|Ruination|p1a: Kyogre|[miss]\n|-miss|p2b: Chien-Pao|p1a: Kyogre\n|\n|upkeep\n|turn|14\n|\n|t:|1775188840\n|move|p2a: Zamazenta|Wide Guard|p2a: Zamazenta\n|-singleturn|p2a: Zamazenta|Wide Guard\n|move|p1a: Kyogre|Origin Pulse|p2b: Chien-Pao|[spread] \n|-activate|p2a: Zamazenta|move: Wide Guard\n|-activate|p2b: Chien-Pao|move: Wide Guard\n|move|p2b: Chien-Pao|Ruination|p1a: Kyogre\n|-damage|p1a: Kyogre|2/100\n|\n|upkeep\n|turn|15\n|j| New Draco Meteor\n|inactive|1VLTSQ Joker has 30 seconds left.\n|inactive|1VLTSQ Joker has 20 seconds left.\n|inactive|1VLTSQ Joker has 15 seconds left.\n|-message|1VLTSQ Joker forfeited.\n|\n|win|Frannykidnappedme\n|raw|1VLTSQ Joker's rating: 1629 &rarr; <strong>1608</strong><br />(-21 for losing)\n|raw|Frannykidnappedme's rating: 1614 &rarr; <strong>1635</strong><br />(+21 for winning)\n|l|\u26061VLTSQ Joker\n|player|p1|\n|c| New Draco Meteor|yo bro do you genuinely manually rub your braincells together to think\n|c|\u2606Frannykidnappedme|he has braincells?\n|c| New Draco Meteor|honestly maybe not\n|c|\u2606Frannykidnappedme|oh true franalicious\n|c| New Draco Meteor|thanks franny granny\n|c|\u2606Frannykidnappedme|smdh\n|c| New Draco Meteor|lets take this somewhere else :kissing_heart:\n|c|\u2606Frannykidnappedme|ok babe\n|l|\u2606Frannykidnappedme\n|player|p2|\n|j|\u2606Frannykidnappedme\n|player|p2|Frannykidnappedme|kieran|\n","uploadtime":1775189096,"views":51,"formatid":"gen9vgc2026regi","rating":1608,"private":0,"password":null}