{"id":"gen9vgc2026regi-2521817799","format":"[Gen 9] VGC 2026 Reg I","players":["xiaogggggggg","Fogdocker"],"log":"|j|\u2606xiaogggggggg\n|j|\u2606Fogdocker\n|t:|1768829662\n|gametype|doubles\n|player|p1|xiaogggggggg|1|1275\n|player|p2|Fogdocker|265|1403\n|gen|9\n|tier|[Gen 9] VGC 2026 Reg I\n|rated|\n|rule|Species Clause: Limit one of each Pok\u00e9mon\n|rule|Item Clause: Limit 1 of each item\n|clearpoke\n|poke|p1|Calyrex-Shadow, L50|\n|poke|p1|Zamazenta-*, L50|\n|poke|p1|Chien-Pao, L50|\n|poke|p1|Dragonite, L50, M|\n|poke|p1|Urshifu-*, L50, M|\n|poke|p1|Tornadus, L50, M|\n|poke|p2|Calyrex-Ice, L50|\n|poke|p2|Kyogre, L50|\n|poke|p2|Urshifu-*, L50, F|\n|poke|p2|Rillaboom, L50, M|\n|poke|p2|Landorus, L50, M|\n|poke|p2|Tornadus, L50, M|\n|teampreview|4\n|inactive|Battle timer is ON: inactive players will automatically lose when time's up. (requested by xiaogggggggg)\n|\n|t:|1768829731\n|teamsize|p1|4\n|teamsize|p2|4\n|start\n|switch|p1a: Urshifu|Urshifu-Rapid-Strike, L50, M|100/100\n|switch|p1b: Tornadus|Tornadus, L50, M|100/100\n|switch|p2a: Calyrex|Calyrex-Ice, L50|100/100\n|switch|p2b: Rillaboom|Rillaboom, L50, M|100/100\n|-ability|p2a: Calyrex|As One\n|-ability|p2a: Calyrex|Unnerve\n|-fieldstart|move: Grassy Terrain|[from] ability: Grassy Surge|[of] p2b: Rillaboom\n|turn|1\n|inactive|xiaogggggggg has 30 seconds left.\n|inactive|Fogdocker has 30 seconds left.\n|inactive|xiaogggggggg has 20 seconds left.\n|inactive|xiaogggggggg has 15 seconds left.\n|\n|t:|1768829773\n|-terastallize|p2a: Calyrex|Water\n|move|p1b: Tornadus|Taunt|p2a: Calyrex\n|-start|p2a: Calyrex|move: Taunt\n|move|p1a: Urshifu|Taunt||[still]\n|-fail|p1a: Urshifu\n|move|p2b: Rillaboom|U-turn|p1a: Urshifu\n|-resisted|p1a: Urshifu\n|-damage|p1a: Urshifu|90/100\n|\n|t:|1768829789\n|switch|p2b: Urshifu|Urshifu-Rapid-Strike, L50, F|100/100|[from] U-turn\n|move|p2a: Calyrex|Glacial Lance|p1a: Urshifu|[spread] p1a,p1b\n|-resisted|p1a: Urshifu\n|-supereffective|p1b: Tornadus\n|-damage|p1a: Urshifu|63/100\n|-damage|p1b: Tornadus|0 fnt\n|faint|p1b: Tornadus\n|-ability|p2a: Calyrex|Chilling Neigh|boost\n|-boost|p2a: Calyrex|atk|1\n|\n|-heal|p1a: Urshifu|69/100|[from] Grassy Terrain\n|upkeep\n|\n|t:|1768829799\n|switch|p1b: Calyrex|Calyrex-Shadow, L50|100/100\n|-ability|p1b: Calyrex|As One\n|-ability|p1b: Calyrex|Unnerve\n|turn|2\n|\n|t:|1768829820\n|-terastallize|p1b: Calyrex|Ghost\n|move|p1b: Calyrex|Astral Barrage|p2b: Urshifu|[spread] p2a,p2b\n|-damage|p2a: Calyrex|56/100\n|-damage|p2b: Urshifu|0 fnt\n|faint|p2b: Urshifu\n|-ability|p1b: Calyrex|Grim Neigh|boost\n|-boost|p1b: Calyrex|spa|1\n|move|p1a: Urshifu|Close Combat|p2a: Calyrex\n|-damage|p2a: Calyrex|14/100\n|-unboost|p1a: Urshifu|def|1\n|-unboost|p1a: Urshifu|spd|1\n|move|p2a: Calyrex|Glacial Lance|p1a: Urshifu|[spread] p1a,p1b\n|-resisted|p1a: Urshifu\n|-damage|p1a: Urshifu|18/100\n|-enditem|p1b: Calyrex|Focus Sash\n|-damage|p1b: Calyrex|1/100\n|\n|-heal|p1b: Calyrex|7/100|[from] Grassy Terrain\n|-heal|p1a: Urshifu|24/100|[from] Grassy Terrain\n|-heal|p2a: Calyrex|20/100|[from] Grassy Terrain\n|-heal|p2a: Calyrex|26/100|[from] item: Leftovers\n|upkeep\n|\n|t:|1768829828\n|switch|p2b: Rillaboom|Rillaboom, L50, M|100/100\n|turn|3\n|inactive|Fogdocker has 30 seconds left.\n|inactive|Fogdocker has 20 seconds left.\n|inactive|Fogdocker has 15 seconds left.\n|\n|t:|1768829868\n|move|p1b: Calyrex|Protect|p1b: Calyrex\n|-singleturn|p1b: Calyrex|Protect\n|move|p1a: Urshifu|Detect|p1a: Urshifu\n|-singleturn|p1a: Urshifu|Protect\n|move|p2b: Rillaboom|Grassy Glide|p1b: Calyrex\n|-activate|p1b: Calyrex|move: Protect\n|move|p2a: Calyrex|Glacial Lance|p1a: Urshifu|[spread] \n|-activate|p1a: Urshifu|move: Protect\n|-activate|p1b: Calyrex|move: Protect\n|\n|-heal|p1b: Calyrex|14/100|[from] Grassy Terrain\n|-heal|p1a: Urshifu|30/100|[from] Grassy Terrain\n|-heal|p2a: Calyrex|31/100|[from] Grassy Terrain\n|-heal|p2a: Calyrex|37/100|[from] item: Leftovers\n|-end|p2a: Calyrex|move: Taunt\n|upkeep\n|turn|4\n|inactive|xiaogggggggg has 30 seconds left.\n|inactive|Fogdocker has 30 seconds left.\n|\n|t:|1768829897\n|switch|p1b: Zamazenta|Zamazenta-Crowned, L50|100/100\n|-ability|p1b: Zamazenta|Dauntless Shield|boost\n|-boost|p1b: Zamazenta|def|1\n|move|p2b: Rillaboom|Grassy Glide|p1b: Zamazenta\n|-resisted|p1b: Zamazenta\n|-damage|p1b: Zamazenta|94/100\n|move|p1a: Urshifu|Close Combat|p2a: Calyrex\n|-damage|p2a: Calyrex|0 fnt\n|-unboost|p1a: Urshifu|def|1\n|-unboost|p1a: Urshifu|spd|1\n|faint|p2a: Calyrex\n|\n|-heal|p1b: Zamazenta|100/100|[from] Grassy Terrain\n|-heal|p1a: Urshifu|35/100|[from] Grassy Terrain\n|upkeep\n|\n|t:|1768829901\n|switch|p2a: Landorus|Landorus, L50, M|100/100\n|turn|5\n|inactive|xiaogggggggg has 30 seconds left.\n|inactive|xiaogggggggg has 20 seconds left.\n|inactive|xiaogggggggg has 15 seconds left.\n|inactive|xiaogggggggg has 10 seconds left.\n|\n|t:|1768829949\n|move|p1b: Zamazenta|Protect|p1b: Zamazenta\n|-singleturn|p1b: Zamazenta|Protect\n|move|p2b: Rillaboom|Grassy Glide|p1a: Urshifu\n|-supereffective|p1a: Urshifu\n|-damage|p1a: Urshifu|0 fnt\n|faint|p1a: Urshifu\n|move|p2a: Landorus|Earth Power|p1b: Zamazenta\n|-activate|p1b: Zamazenta|move: Protect\n|\n|-fieldend|move: Grassy Terrain\n|upkeep\n|\n|t:|1768829958\n|switch|p1a: Calyrex|Calyrex-Shadow, L50, tera:Ghost|14/100\n|-ability|p1a: Calyrex|As One\n|-ability|p1a: Calyrex|Unnerve\n|turn|6\n|inactive|xiaogggggggg has 30 seconds left.\n|inactive|Fogdocker has 30 seconds left.\n|inactive|Fogdocker has 20 seconds left.\n|inactive|Fogdocker has 15 seconds left.\n|inactive|Fogdocker has 10 seconds left.\n|\n|t:|1768830006\n|move|p2a: Landorus|Protect|p2a: Landorus\n|-singleturn|p2a: Landorus|Protect\n|move|p1a: Calyrex|Astral Barrage|p2b: Rillaboom|[spread] p2b\n|-activate|p2a: Landorus|move: Protect\n|-damage|p2b: Rillaboom|52/100\n|move|p1b: Zamazenta|Body Press|p2b: Rillaboom\n|-damage|p2b: Rillaboom|0 fnt\n|faint|p2b: Rillaboom\n|\n|upkeep\n|turn|7\n|-message|Fogdocker forfeited.\n|\n|win|xiaogggggggg\n|raw|xiaogggggggg's rating: 1275 &rarr; <strong>1309</strong><br />(+34 for winning)\n|raw|Fogdocker's rating: 1403 &rarr; <strong>1376</strong><br />(-27 for losing)\n|l|\u2606xiaogggggggg\n|player|p1|\n|j|\u2606xiaogggggggg\n|player|p1|xiaogggggggg|1|\n","uploadtime":1768830086,"views":15,"formatid":"gen9vgc2026regi","rating":1309,"private":0,"password":null}