{"id":"gen9vgc2026regi-2565051405","format":"[Gen 9] VGC 2026 Reg I","players":["speedyturtle87","Vectorpd"],"log":"|j|\u2606speedyturtle87\n|j|\u2606Vectorpd\n|t:|1774223888\n|gametype|doubles\n|player|p1|speedyturtle87|canari|1438\n|player|p2|Vectorpd|picnicker|1454\n|gen|9\n|tier|[Gen 9] VGC 2026 Reg I\n|rated|\n|rule|Species Clause: Limit one of each Pok\u00e9mon\n|rule|Item Clause: Limit 1 of each item\n|clearpoke\n|poke|p1|Landorus, L50, M|\n|poke|p1|Roaring Moon, L50|\n|poke|p1|Kyogre, L50|\n|poke|p1|Calyrex-Ice, L50|\n|poke|p1|Farigiraf, L50, M|\n|poke|p1|Rillaboom, L50, F|\n|poke|p2|Calyrex-Shadow, L50|\n|poke|p2|Zamazenta-*, L50|\n|poke|p2|Raging Bolt, L50|\n|poke|p2|Rillaboom, L50, M|\n|poke|p2|Tornadus, L50, M|\n|poke|p2|Smeargle, L50, F|\n|teampreview|4\n|inactive|Battle timer is ON: inactive players will automatically lose when time's up. (requested by speedyturtle87)\n|inactive|speedyturtle87 has 60 seconds left.\n|inactive|Vectorpd has 60 seconds left.\n|\n|t:|1774223925\n|teamsize|p1|4\n|teamsize|p2|4\n|start\n|switch|p1a: Roaring Moon|Roaring Moon, L50|100/100\n|switch|p1b: Rillaboom|Rillaboom, L50, F|100/100\n|switch|p2a: Smeargle|Smeargle, L50, F|100/100\n|switch|p2b: Raging Bolt|Raging Bolt, L50|100/100\n|-fieldstart|move: Grassy Terrain|[from] ability: Grassy Surge|[of] p1b: Rillaboom\n|-enditem|p1a: Roaring Moon|Booster Energy\n|-activate|p1a: Roaring Moon|ability: Protosynthesis|[fromitem]\n|-start|p1a: Roaring Moon|protosynthesisspe\n|-enditem|p2b: Raging Bolt|Booster Energy\n|-activate|p2b: Raging Bolt|ability: Protosynthesis|[fromitem]\n|-start|p2b: Raging Bolt|protosynthesisspa\n|turn|1\n|\n|t:|1774223934\n|move|p1a: Roaring Moon|Protect|p1a: Roaring Moon\n|-singleturn|p1a: Roaring Moon|Protect\n|move|p2a: Smeargle|Fake Out|p1b: Rillaboom\n|-damage|p1b: Rillaboom|96/100\n|cant|p1b: Rillaboom|flinch\n|move|p2b: Raging Bolt|Draco Meteor|p1a: Roaring Moon\n|-activate|p1a: Roaring Moon|move: Protect\n|\n|-heal|p1b: Rillaboom|100/100|[from] Grassy Terrain\n|-ability|p2a: Smeargle|Moody|boost\n|-boost|p2a: Smeargle|atk|2\n|-unboost|p2a: Smeargle|spd|1\n|upkeep\n|turn|2\n|\n|t:|1774223956\n|move|p1a: Roaring Moon|Knock Off|p2a: Smeargle\n|-damage|p2a: Smeargle|12/100\n|-enditem|p2a: Smeargle|Focus Sash|[from] move: Knock Off|[of] p1a: Roaring Moon\n|move|p2a: Smeargle|Spore|p1a: Roaring Moon\n|-status|p1a: Roaring Moon|slp|[from] move: Spore\n|move|p1b: Rillaboom|U-turn|p2a: Smeargle\n|-damage|p2a: Smeargle|0 fnt\n|faint|p2a: Smeargle\n|\n|t:|1774223962\n|switch|p1b: Calyrex|Calyrex-Ice, L50|100/100|[from] U-turn\n|-ability|p1b: Calyrex|As One\n|-ability|p1b: Calyrex|Unnerve\n|move|p2b: Raging Bolt|Draco Meteor|p1b: Calyrex\n|-crit|p1b: Calyrex\n|-damage|p1b: Calyrex|13/100\n|-unboost|p2b: Raging Bolt|spa|2\n|\n|-heal|p1b: Calyrex|19/100|[from] Grassy Terrain\n|-heal|p1b: Calyrex|25/100|[from] item: Leftovers\n|upkeep\n|\n|t:|1774223978\n|switch|p2a: Zamazenta|Zamazenta-Crowned, L50|100/100\n|-ability|p2a: Zamazenta|Dauntless Shield|boost\n|-boost|p2a: Zamazenta|def|1\n|turn|3\n|\n|t:|1774223984\n|switch|p1b: Rillaboom|Rillaboom, L50, F|100/100\n|-terastallize|p1a: Roaring Moon|Poison\n|cant|p1a: Roaring Moon|slp\n|move|p2a: Zamazenta|Body Press|p1a: Roaring Moon\n|-resisted|p1a: Roaring Moon\n|-damage|p1a: Roaring Moon|66/100 slp\n|move|p2b: Raging Bolt|Thunderbolt|p1a: Roaring Moon\n|-damage|p1a: Roaring Moon|33/100 slp\n|\n|-heal|p1a: Roaring Moon|39/100 slp|[from] Grassy Terrain\n|upkeep\n|turn|4\n|\n|t:|1774224003\n|-curestatus|p1a: Roaring Moon|slp|[msg]\n|move|p1a: Roaring Moon|Protect|p1a: Roaring Moon\n|-singleturn|p1a: Roaring Moon|Protect\n|move|p2a: Zamazenta|Body Press|p1b: Rillaboom\n|-damage|p1b: Rillaboom|33/100\n|move|p1b: Rillaboom|U-turn|p2b: Raging Bolt\n|-damage|p2b: Raging Bolt|79/100\n|\n|t:|1774224011\n|switch|p1b: Landorus|Landorus, L50, M|100/100|[from] U-turn\n|move|p2b: Raging Bolt|Draco Meteor|p1a: Roaring Moon\n|-activate|p1a: Roaring Moon|move: Protect\n|\n|-heal|p1a: Roaring Moon|45/100|[from] Grassy Terrain\n|-heal|p2b: Raging Bolt|85/100|[from] Grassy Terrain\n|upkeep\n|turn|5\n|\n|t:|1774224021\n|move|p2a: Zamazenta|Wide Guard|p2a: Zamazenta\n|-singleturn|p2a: Zamazenta|Wide Guard\n|move|p1a: Roaring Moon|Tailwind|p1a: Roaring Moon\n|-sidestart|p1: speedyturtle87|move: Tailwind\n|move|p1b: Landorus|Earth Power|p2a: Zamazenta\n|-supereffective|p2a: Zamazenta\n|-damage|p2a: Zamazenta|10/100\n|move|p2b: Raging Bolt|Draco Meteor|p1a: Roaring Moon\n|-damage|p1a: Roaring Moon|2/100\n|-unboost|p2b: Raging Bolt|spa|2\n|\n|-heal|p1a: Roaring Moon|8/100|[from] Grassy Terrain\n|-heal|p2a: Zamazenta|17/100|[from] Grassy Terrain\n|-heal|p2b: Raging Bolt|91/100|[from] Grassy Terrain\n|-fieldend|move: Grassy Terrain\n|upkeep\n|turn|6\n|\n|t:|1774224042\n|-end|p2b: Raging Bolt|Protosynthesis|[silent]\n|switch|p2b: Rillaboom|Rillaboom, L50, M|100/100\n|-fieldstart|move: Grassy Terrain|[from] ability: Grassy Surge|[of] p2b: Rillaboom\n|move|p2a: Zamazenta|Protect||[still]\n|-fail|p2a: Zamazenta\n|move|p1a: Roaring Moon|Taunt|p2a: Zamazenta\n|-start|p2a: Zamazenta|move: Taunt\n|move|p1b: Landorus|Earth Power|p2b: Rillaboom\n|-resisted|p2b: Rillaboom\n|-damage|p2b: Rillaboom|82/100\n|\n|-heal|p1a: Roaring Moon|14/100|[from] Grassy Terrain\n|-heal|p2a: Zamazenta|23/100|[from] Grassy Terrain\n|-heal|p2b: Rillaboom|87/100|[from] Grassy Terrain\n|upkeep\n|turn|7\n|\n|t:|1774224064\n|-end|p1a: Roaring Moon|Protosynthesis|[silent]\n|switch|p1a: Rillaboom|Rillaboom, L50, F|33/100\n|move|p2b: Rillaboom|Fake Out|p1b: Landorus\n|-damage|p1b: Landorus|87/100\n|cant|p1b: Landorus|flinch\n|move|p2a: Zamazenta|Heavy Slam|p1b: Landorus\n|-damage|p1b: Landorus|32/100\n|\n|-heal|p1a: Rillaboom|39/100|[from] Grassy Terrain\n|-heal|p2a: Zamazenta|29/100|[from] Grassy Terrain\n|-heal|p2b: Rillaboom|93/100|[from] Grassy Terrain\n|upkeep\n|turn|8\n|\n|t:|1774224085\n|move|p1a: Rillaboom|Fake Out|p2b: Rillaboom\n|-damage|p2b: Rillaboom|79/100\n|move|p1b: Landorus|Earth Power|p2a: Zamazenta\n|-supereffective|p2a: Zamazenta\n|-damage|p2a: Zamazenta|0 fnt\n|faint|p2a: Zamazenta\n|cant|p2b: Rillaboom|flinch\n|\n|-heal|p1a: Rillaboom|45/100|[from] Grassy Terrain\n|-heal|p2b: Rillaboom|85/100|[from] Grassy Terrain\n|-sideend|p1: speedyturtle87|move: Tailwind\n|upkeep\n|\n|t:|1774224089\n|switch|p2a: Raging Bolt|Raging Bolt, L50|91/100\n|turn|9\n|\n|t:|1774224106\n|-terastallize|p2b: Rillaboom|Fire\n|move|p1b: Landorus|Protect|p1b: Landorus\n|-singleturn|p1b: Landorus|Protect\n|move|p2a: Raging Bolt|Protect|p2a: Raging Bolt\n|-singleturn|p2a: Raging Bolt|Protect\n|move|p1a: Rillaboom|U-turn|p2b: Rillaboom\n|-resisted|p2b: Rillaboom\n|-damage|p2b: Rillaboom|74/100\n|\n|t:|1774224115\n|switch|p1a: Roaring Moon|Roaring Moon, L50, tera:Poison|14/100|[from] U-turn\n|move|p2b: Rillaboom|Wood Hammer|p1b: Landorus\n|-activate|p1b: Landorus|move: Protect\n|\n|-heal|p1a: Roaring Moon|20/100|[from] Grassy Terrain\n|-heal|p2b: Rillaboom|80/100|[from] Grassy Terrain\n|-heal|p2a: Raging Bolt|97/100|[from] Grassy Terrain\n|upkeep\n|turn|10\n|\n|t:|1774224126\n|switch|p1b: Rillaboom|Rillaboom, L50, F|45/100\n|move|p1a: Roaring Moon|Protect|p1a: Roaring Moon\n|-singleturn|p1a: Roaring Moon|Protect\n|move|p2b: Rillaboom|Grassy Glide|p1b: Rillaboom\n|-resisted|p1b: Rillaboom\n|-damage|p1b: Rillaboom|29/100\n|move|p2a: Raging Bolt|Thunderbolt|p1a: Roaring Moon\n|-activate|p1a: Roaring Moon|move: Protect\n|\n|-heal|p1a: Roaring Moon|26/100|[from] Grassy Terrain\n|-heal|p1b: Rillaboom|34/100|[from] Grassy Terrain\n|-heal|p2b: Rillaboom|86/100|[from] Grassy Terrain\n|-heal|p2a: Raging Bolt|100/100|[from] Grassy Terrain\n|-fieldend|move: Grassy Terrain\n|upkeep\n|turn|11\n|\n|t:|1774224143\n|move|p1b: Rillaboom|Fake Out|p2b: Rillaboom\n|-damage|p2b: Rillaboom|74/100\n|move|p1a: Roaring Moon|Tailwind|p1a: Roaring Moon\n|-sidestart|p1: speedyturtle87|move: Tailwind\n|cant|p2b: Rillaboom|flinch\n|move|p2a: Raging Bolt|Thunderbolt|p1a: Roaring Moon\n|-damage|p1a: Roaring Moon|0 fnt\n|faint|p1a: Roaring Moon\n|-end|p1a: Roaring Moon|Protosynthesis|[silent]\n|\n|upkeep\n|\n|t:|1774224151\n|switch|p1a: Landorus|Landorus, L50, M|32/100\n|turn|12\n|\n|t:|1774224166\n|move|p1a: Landorus|Earth Power|p2b: Rillaboom\n|-supereffective|p2b: Rillaboom\n|-damage|p2b: Rillaboom|0 fnt\n|faint|p2b: Rillaboom\n|move|p1b: Rillaboom|U-turn|p2a: Raging Bolt\n|-damage|p2a: Raging Bolt|80/100\n|\n|t:|1774224171\n|switch|p1b: Calyrex|Calyrex-Ice, L50|25/100|[from] U-turn\n|-ability|p1b: Calyrex|As One\n|-ability|p1b: Calyrex|Unnerve\n|move|p2a: Raging Bolt|Draco Meteor|p1a: Landorus\n|-damage|p1a: Landorus|0 fnt\n|-unboost|p2a: Raging Bolt|spa|2\n|faint|p1a: Landorus\n|\n|-heal|p1b: Calyrex|30/100|[from] item: Leftovers\n|upkeep\n|\n|t:|1774224179\n|switch|p1a: Rillaboom|Rillaboom, L50, F|34/100\n|-fieldstart|move: Grassy Terrain|[from] ability: Grassy Surge|[of] p1a: Rillaboom\n|turn|13\n|\n|t:|1774224184\n|move|p2a: Raging Bolt|Protect|p2a: Raging Bolt\n|-singleturn|p2a: Raging Bolt|Protect\n|move|p1a: Rillaboom|Fake Out|p2a: Raging Bolt\n|-activate|p2a: Raging Bolt|move: Protect\n|move|p1b: Calyrex|Glacial Lance|p2a: Raging Bolt\n|-activate|p2a: Raging Bolt|move: Protect\n|\n|-heal|p1a: Rillaboom|40/100|[from] Grassy Terrain\n|-heal|p1b: Calyrex|36/100|[from] Grassy Terrain\n|-heal|p1b: Calyrex|42/100|[from] item: Leftovers\n|-heal|p2a: Raging Bolt|86/100|[from] Grassy Terrain\n|upkeep\n|turn|14\n|\n|t:|1774224192\n|move|p2a: Raging Bolt|Thunderclap||[still]\n|-fail|p2a: Raging Bolt\n|move|p1a: Rillaboom|U-turn|p2a: Raging Bolt\n|-damage|p2a: Raging Bolt|66/100\n|move|p1b: Calyrex|Leech Seed|p2a: Raging Bolt\n|-start|p2a: Raging Bolt|move: Leech Seed\n|\n|-heal|p1a: Rillaboom|46/100|[from] Grassy Terrain\n|-heal|p1b: Calyrex|48/100|[from] Grassy Terrain\n|-heal|p1b: Calyrex|54/100|[from] item: Leftovers\n|-heal|p2a: Raging Bolt|72/100|[from] Grassy Terrain\n|-damage|p2a: Raging Bolt|60/100|[from] Leech Seed|[of] p1b: Calyrex\n|-heal|p1b: Calyrex|67/100|[silent]\n|-sideend|p1: speedyturtle87|move: Tailwind\n|upkeep\n|turn|15\n|-message|Vectorpd forfeited.\n|\n|win|speedyturtle87\n|raw|speedyturtle87's rating: 1438 &rarr; <strong>1459</strong><br />(+21 for winning)\n|raw|Vectorpd's rating: 1454 &rarr; <strong>1433</strong><br />(-21 for losing)\n|l|\u2606Vectorpd\n|player|p2|\n","uploadtime":1774224208,"views":17,"formatid":"gen9vgc2026regi","rating":1433,"private":0,"password":null}