{"id":"gen9vgc2026regi-2563192760","format":"[Gen 9] VGC 2026 Reg I","players":["B-Schnizzle","jj11j1"],"log":"|j|\u2606B-Schnizzle\n|j|\u2606jj11j1\n|t:|1774001212\n|gametype|doubles\n|player|p1|B-Schnizzle|brycen|1382\n|player|p2|jj11j1|102|1392\n|gen|9\n|tier|[Gen 9] VGC 2026 Reg I\n|rated|\n|rule|Species Clause: Limit one of each Pok\u00e9mon\n|rule|Item Clause: Limit 1 of each item\n|clearpoke\n|poke|p1|Miraidon, L50|\n|poke|p1|Calyrex-Ice, L50|\n|poke|p1|Grimmsnarl, L50, M|\n|poke|p1|Incineroar, L50, M|\n|poke|p1|Landorus, L50, M|\n|poke|p1|Raichu-Alola, L50, M|\n|poke|p2|Kyogre, L50|\n|poke|p2|Calyrex-Ice, L50|\n|poke|p2|Landorus, L50, M|\n|poke|p2|Urshifu-*, L50, M|\n|poke|p2|Smeargle, L50, F|\n|poke|p2|Flutter Mane, L50|\n|teampreview|4\n|\n|t:|1774001236\n|teamsize|p1|4\n|teamsize|p2|4\n|start\n|switch|p1a: Basilisk|Miraidon, L50, shiny|100/100\n|switch|p1b: Genie|Raichu-Alola, L50, M|100/100\n|switch|p2a: Landorus|Landorus, L50, M|100/100\n|switch|p2b: Flutter Mane|Flutter Mane, L50|100/100\n|-fieldstart|move: Electric Terrain|[from] ability: Hadron Engine|[of] p1a: Basilisk\n|turn|1\n|inactive|Battle timer is ON: inactive players will automatically lose when time's up. (requested by jj11j1)\n|\n|t:|1774001259\n|move|p2a: Landorus|Protect|p2a: Landorus\n|-singleturn|p2a: Landorus|Protect\n|move|p1b: Genie|Nuzzle|p2b: Flutter Mane\n|-damage|p2b: Flutter Mane|84/100\n|-status|p2b: Flutter Mane|par\n|move|p1a: Basilisk|Volt Switch|p2b: Flutter Mane\n|-damage|p2b: Flutter Mane|10/100 par\n|\n|t:|1774001273\n|switch|p1a: White Caviar|Calyrex-Ice, L50|100/100|[from] Volt Switch\n|-ability|p1a: White Caviar|As One\n|-ability|p1a: White Caviar|Unnerve\n|-enditem|p1a: White Caviar|Electric Seed\n|-boost|p1a: White Caviar|def|1|[from] item: Electric Seed\n|move|p2b: Flutter Mane|Moonblast|p1a: White Caviar\n|-damage|p1a: White Caviar|71/100\n|\n|upkeep\n|turn|2\n|\n|t:|1774001290\n|move|p1b: Genie|Encore|p2a: Landorus\n|-start|p2a: Landorus|Encore\n|move|p2a: Landorus|Protect||[still]\n|-fail|p2a: Landorus\n|move|p2b: Flutter Mane|Moonblast|p1a: White Caviar\n|-damage|p1a: White Caviar|43/100\n|move|p1a: White Caviar|Glacial Lance|p2a: Landorus|[spread] p2a,p2b\n|-supereffective|p2a: Landorus\n|-damage|p2a: Landorus|0 fnt\n|-damage|p2b: Flutter Mane|0 fnt\n|faint|p2a: Landorus\n|faint|p2b: Flutter Mane\n|-end|p2b: Flutter Mane|Protosynthesis|[silent]\n|-ability|p1a: White Caviar|Chilling Neigh|boost\n|-boost|p1a: White Caviar|atk|2\n|\n|upkeep\n|\n|t:|1774001305\n|switch|p2b: Kyogre|Kyogre, L50|100/100\n|switch|p2a: Calyrex|Calyrex-Ice, L50|100/100\n|-ability|p2a: Calyrex|As One\n|-ability|p2a: Calyrex|Unnerve\n|-weather|RainDance|[from] ability: Drizzle|[of] p2b: Kyogre\n|turn|3\n|inactive|B-Schnizzle has 30 seconds left.\n|\n|t:|1774001334\n|-terastallize|p1a: White Caviar|Water\n|move|p1b: Genie|Volt Switch|p2b: Kyogre\n|-supereffective|p2b: Kyogre\n|-damage|p2b: Kyogre|51/100\n|\n|t:|1774001339\n|switch|p1b: Scary Terry|Grimmsnarl, L50, M, shiny|100/100|[from] Volt Switch\n|move|p1a: White Caviar|Glacial Lance|p2b: Kyogre|[spread] p2a,p2b\n|-resisted|p2a: Calyrex\n|-resisted|p2b: Kyogre\n|-damage|p2a: Calyrex|70/100\n|-damage|p2b: Kyogre|2/100\n|move|p2a: Calyrex|Glacial Lance|p1a: White Caviar|[spread] p1a,p1b\n|-resisted|p1a: White Caviar\n|-damage|p1a: White Caviar|30/100\n|-damage|p1b: Scary Terry|40/100\n|move|p2b: Kyogre|Water Spout|p1b: Scary Terry|[spread] p1a,p1b\n|-resisted|p1a: White Caviar\n|-crit|p1a: White Caviar\n|-damage|p1a: White Caviar|29/100\n|-damage|p1b: Scary Terry|39/100\n|\n|-weather|RainDance|[upkeep]\n|upkeep\n|turn|4\n|inactive|jj11j1 has 30 seconds left.\n|\n|t:|1774001364\n|-terastallize|p2a: Calyrex|Grass\n|move|p2b: Kyogre|Protect|p2b: Kyogre\n|-singleturn|p2b: Kyogre|Protect\n|move|p1b: Scary Terry|Reflect|p1b: Scary Terry\n|-sidestart|p1: B-Schnizzle|Reflect\n|move|p1a: White Caviar|Glacial Lance|p2a: Calyrex|[spread] p2a\n|-activate|p2b: Kyogre|move: Protect\n|-supereffective|p2a: Calyrex\n|-damage|p2a: Calyrex|0 fnt\n|faint|p2a: Calyrex\n|-ability|p1a: White Caviar|Chilling Neigh|boost\n|-boost|p1a: White Caviar|atk|1\n|\n|-weather|RainDance|[upkeep]\n|upkeep\n|turn|5\n|-message|jj11j1 forfeited.\n|\n|win|B-Schnizzle\n|raw|B-Schnizzle's rating: 1382 &rarr; <strong>1403</strong><br />(+21 for winning)\n|raw|jj11j1's rating: 1392 &rarr; <strong>1371</strong><br />(-21 for losing)\n|l|\u2606jj11j1\n|player|p2|\n|l|\u2606B-Schnizzle\n|player|p1|\n","uploadtime":1774001568,"views":10,"formatid":"gen9vgc2026regi","rating":1371,"private":0,"password":null}