{"id":"gen9vgc2026regi-2560357563","format":"[Gen 9] VGC 2026 Reg I","players":["jonen","Giestgreninja"],"log":"|j|\u2606jonen\n|j|\u2606Giestgreninja\n|t:|1773680198\n|gametype|doubles\n|player|p1|jonen|medium|1215\n|player|p2|Giestgreninja|masamune-conquest|1306\n|gen|9\n|tier|[Gen 9] VGC 2026 Reg I\n|rated|\n|rule|Species Clause: Limit one of each Pok\u00e9mon\n|rule|Item Clause: Limit 1 of each item\n|clearpoke\n|poke|p1|Rabsca, L50, M|\n|poke|p1|Landorus, L50, M|\n|poke|p1|Calyrex-Ice, L50|\n|poke|p1|Miraidon, L50|\n|poke|p1|Incineroar, L50, F|\n|poke|p1|Urshifu-*, L50, F|\n|poke|p2|Zamazenta-*, L50|\n|poke|p2|Calyrex-Shadow, L50|\n|poke|p2|Raging Bolt, L50|\n|poke|p2|Amoonguss, L50, M|\n|poke|p2|Dragonite, L50, M|\n|poke|p2|Chien-Pao, L50|\n|teampreview|4\n|inactive|Battle timer is ON: inactive players will automatically lose when time's up. (requested by Giestgreninja)\nGiestgreninja has agreed to open team sheets.\n|\n|t:|1773680225\n|teamsize|p1|4\n|teamsize|p2|4\n|start\n|switch|p1a: Calyrex|Calyrex-Ice, L50|100/100\n|switch|p1b: Miraidon|Miraidon, L50|100/100\n|switch|p2a: A\u1e93\u030cd\u00e2ga|Dragonite, L50, M, shiny|100/100\n|switch|p2b: T\u012fri\u0103qp\u0103k|Chien-Pao, L50, shiny|100/100\n|-ability|p1a: Calyrex|As One\n|-ability|p1a: Calyrex|Unnerve\n|-ability|p2b: T\u012fri\u0103qp\u0103k|Sword of Ruin\n|-fieldstart|move: Electric Terrain|[from] ability: Hadron Engine|[of] p1b: Miraidon\n|turn|1\n|inactive|Giestgreninja has 30 seconds left.\n|inactive|Giestgreninja has 20 seconds left.\n|\n|t:|1773680261\n|-terastallize|p1b: Miraidon|Electric\n|-terastallize|p2a: A\u1e93\u030cd\u00e2ga|Normal\n|move|p1a: Calyrex|Protect|p1a: Calyrex\n|-singleturn|p1a: Calyrex|Protect\n|move|p2a: A\u1e93\u030cd\u00e2ga|Extreme Speed|p1b: Miraidon\n|-damage|p1b: Miraidon|14/100\n|move|p2b: T\u012fri\u0103qp\u0103k|Sucker Punch|p1b: Miraidon\n|-damage|p1b: Miraidon|0 fnt\n|faint|p1b: Miraidon\n|\n|upkeep\n|\n|t:|1773680272\n|switch|p1b: Rabsca|Rabsca, L50, M|100/100\n|-enditem|p1b: Rabsca|Electric Seed\n|-boost|p1b: Rabsca|def|1|[from] item: Electric Seed\n|turn|2\n|\n|t:|1773680278\n|move|p2a: A\u1e93\u030cd\u00e2ga|Extreme Speed|p1b: Rabsca\n|-damage|p1b: Rabsca|38/100\n|move|p2b: T\u012fri\u0103qp\u0103k|Ice Spinner|p1b: Rabsca\n|-damage|p1b: Rabsca|8/100\n|-fieldend|move: Electric Terrain\n|move|p1a: Calyrex|Glacial Lance|p2b: T\u012fri\u0103qp\u0103k|[spread] p2a,p2b\n|-resisted|p2b: T\u012fri\u0103qp\u0103k\n|-damage|p2a: A\u1e93\u030cd\u00e2ga|36/100\n|-damage|p2b: T\u012fri\u0103qp\u0103k|67/100\n|move|p1b: Rabsca|Trick Room|p1b: Rabsca\n|-fieldstart|move: Trick Room|[of] p1b: Rabsca\n|\n|upkeep\n|turn|3\n|\n|t:|1773680294\n|switch|p1b: Landorus|Landorus, L50, M|100/100\n|move|p2a: A\u1e93\u030cd\u00e2ga|Extreme Speed|p1b: Landorus\n|-damage|p1b: Landorus|0 fnt\n|faint|p1b: Landorus\n|move|p1a: Calyrex|Glacial Lance|p2b: T\u012fri\u0103qp\u0103k|[spread] p2a,p2b\n|-resisted|p2b: T\u012fri\u0103qp\u0103k\n|-damage|p2a: A\u1e93\u030cd\u00e2ga|0 fnt\n|-damage|p2b: T\u012fri\u0103qp\u0103k|30/100\n|faint|p2a: A\u1e93\u030cd\u00e2ga\n|-ability|p1a: Calyrex|Chilling Neigh|boost\n|-boost|p1a: Calyrex|atk|1\n|move|p2b: T\u012fri\u0103qp\u0103k|Ruination|p1a: Calyrex\n|-damage|p1a: Calyrex|51/100\n|\n|-heal|p1a: Calyrex|57/100|[from] item: Leftovers\n|upkeep\n|\n|t:|1773680306\n|switch|p2a: D\u0173ll\u00fch\u0103n|Calyrex-Shadow, L50|100/100\n|switch|p1b: Rabsca|Rabsca, L50, M|8/100\n|-ability|p2a: D\u0173ll\u00fch\u0103n|As One\n|-ability|p2a: D\u0173ll\u00fch\u0103n|Unnerve\n|turn|4\n|\n|t:|1773680311\n|move|p2b: T\u012fri\u0103qp\u0103k|Sucker Punch||[still]\n|-fail|p2b: T\u012fri\u0103qp\u0103k\n|move|p1b: Rabsca|Revival Blessing|p1b: Rabsca\n|\n|t:|1773680316\n|-heal|p1: Miraidon|50/100|[from] move: Revival Blessing\n|move|p1a: Calyrex|Glacial Lance|p2a: D\u0173ll\u00fch\u0103n|[spread] p2a,p2b\n|-resisted|p2b: T\u012fri\u0103qp\u0103k\n|-crit|p2b: T\u012fri\u0103qp\u0103k\n|-enditem|p2a: D\u0173ll\u00fch\u0103n|Focus Sash\n|-damage|p2a: D\u0173ll\u00fch\u0103n|1/100\n|-damage|p2b: T\u012fri\u0103qp\u0103k|0 fnt\n|faint|p2b: T\u012fri\u0103qp\u0103k\n|-ability|p1a: Calyrex|Chilling Neigh|boost\n|-boost|p1a: Calyrex|atk|1\n|move|p2a: D\u0173ll\u00fch\u0103n|Astral Barrage|p1b: Rabsca|[spread] p1a,p1b\n|-supereffective|p1a: Calyrex\n|-supereffective|p1b: Rabsca\n|-damage|p1a: Calyrex|0 fnt\n|-damage|p1b: Rabsca|0 fnt\n|faint|p1a: Calyrex\n|faint|p1b: Rabsca\n|-ability|p2a: D\u0173ll\u00fch\u0103n|Grim Neigh|boost\n|-boost|p2a: D\u0173ll\u00fch\u0103n|spa|2\n|\n|upkeep\n|\n|t:|1773680331\n|switch|p1b: Miraidon|Miraidon, L50|50/100\n|switch|p2b: N\u0119me\u00e5|Zamazenta-Crowned, L50, shiny|100/100\n|-ability|p2b: N\u0119me\u00e5|Dauntless Shield|boost\n|-boost|p2b: N\u0119me\u00e5|def|1\n|-fieldstart|move: Electric Terrain|[from] ability: Hadron Engine|[of] p1b: Miraidon\n|turn|5\n|\n|t:|1773680338\n|move|p2b: N\u0119me\u00e5|Protect|p2b: N\u0119me\u00e5\n|-singleturn|p2b: N\u0119me\u00e5|Protect\n|move|p2a: D\u0173ll\u00fch\u0103n|Protect|p2a: D\u0173ll\u00fch\u0103n\n|-singleturn|p2a: D\u0173ll\u00fch\u0103n|Protect\n|move|p1b: Miraidon|Discharge|p2b: N\u0119me\u00e5|[spread] \n|-activate|p2a: D\u0173ll\u00fch\u0103n|move: Protect\n|-activate|p2b: N\u0119me\u00e5|move: Protect\n|\n|upkeep\n|turn|6\n|c|\u2606jonen|gg\n|\n|t:|1773680348\n|move|p2b: N\u0119me\u00e5|Wide Guard|p2b: N\u0119me\u00e5\n|-singleturn|p2b: N\u0119me\u00e5|Wide Guard\n|move|p1b: Miraidon|Discharge|p2a: D\u0173ll\u00fch\u0103n|[spread] \n|-activate|p2a: D\u0173ll\u00fch\u0103n|move: Wide Guard\n|-activate|p2b: N\u0119me\u00e5|move: Wide Guard\n|move|p2a: D\u0173ll\u00fch\u0103n|Astral Barrage|p1b: Miraidon\n|-damage|p1b: Miraidon|0 fnt\n|faint|p1b: Miraidon\n|\n|win|Giestgreninja\n|raw|jonen's rating: 1215 &rarr; <strong>1196</strong><br />(-19 for losing)\n|raw|Giestgreninja's rating: 1306 &rarr; <strong>1321</strong><br />(+15 for winning)\n","uploadtime":1773680348,"views":13,"formatid":"gen9vgc2026regi","rating":1196,"private":0,"password":null}