{"id":"gen9vgc2026regi-2520014713","format":"[Gen 9] VGC 2026 Reg I","players":["ky123456","AzureChuck"],"log":"|j|\u2606ky123456\n|j|\u2606AzureChuck\n|t:|1768580189\n|gametype|doubles\n|player|p1|ky123456|cynthia-gen4|1399\n|player|p2|AzureChuck|101|1438\n|gen|9\n|tier|[Gen 9] VGC 2026 Reg I\n|rated|\n|rule|Species Clause: Limit one of each Pok\u00e9mon\n|rule|Item Clause: Limit 1 of each item\n|clearpoke\n|poke|p1|Koraidon, L50|\n|poke|p1|Calyrex-Ice, L50|\n|poke|p1|Incineroar, L50, M|\n|poke|p1|Smeargle, L50, F|\n|poke|p1|Rillaboom, L50, F|\n|poke|p1|Landorus, L50, M|\n|poke|p2|Miraidon, L50|\n|poke|p2|Iron Bundle, L50|\n|poke|p2|Terapagos, L50, M|\n|poke|p2|Ursaluna, L50, M|\n|poke|p2|Incineroar, L50, M|\n|poke|p2|Tornadus, L50, M|\n|teampreview|4\n|\n|t:|1768580227\n|teamsize|p1|4\n|teamsize|p2|4\n|start\n|switch|p1a: Calyrex|Calyrex-Ice, L50|100/100\n|switch|p1b: Rillaboom|Rillaboom, L50, F|100/100\n|switch|p2a: Tornadus|Tornadus, L50, M, shiny|100/100\n|switch|p2b: Miraidon|Miraidon, L50|100/100\n|-ability|p1a: Calyrex|As One\n|-ability|p1a: Calyrex|Unnerve\n|-fieldstart|move: Electric Terrain|[from] ability: Hadron Engine|[of] p2b: Miraidon\n|-fieldstart|move: Grassy Terrain|[from] ability: Grassy Surge|[of] p1b: Rillaboom\n|turn|1\n|\n|t:|1768580250\n|switch|p2b: Iron Bundle|Iron Bundle, L50|100/100\n|switch|p2a: Incineroar|Incineroar, L50, M|100/100\n|-ability|p2a: Incineroar|Intimidate|boost\n|-unboost|p1a: Calyrex|atk|1\n|-unboost|p1b: Rillaboom|atk|1\n|move|p1b: Rillaboom|Fake Out|p2b: Iron Bundle\n|-damage|p2b: Iron Bundle|91/100\n|move|p1a: Calyrex|Glacial Lance|p2b: Iron Bundle|[spread] p2a,p2b\n|-resisted|p2a: Incineroar\n|-crit|p2a: Incineroar\n|-resisted|p2b: Iron Bundle\n|-damage|p2a: Incineroar|71/100\n|-damage|p2b: Iron Bundle|81/100\n|\n|-heal|p2b: Iron Bundle|87/100|[from] Grassy Terrain\n|-heal|p2a: Incineroar|77/100|[from] Grassy Terrain\n|upkeep\n|turn|2\n|\n|t:|1768580275\n|move|p2b: Iron Bundle|Protect|p2b: Iron Bundle\n|-singleturn|p2b: Iron Bundle|Protect\n|move|p1b: Rillaboom|Wood Hammer|p2b: Iron Bundle\n|-activate|p2b: Iron Bundle|move: Protect\n|move|p2a: Incineroar|Knock Off|p1a: Calyrex\n|-supereffective|p1a: Calyrex\n|-damage|p1a: Calyrex|54/100\n|-enditem|p1a: Calyrex|Leftovers|[from] move: Knock Off|[of] p2a: Incineroar\n|move|p1a: Calyrex|Leech Seed|p2a: Incineroar\n|-start|p2a: Incineroar|move: Leech Seed\n|\n|-heal|p2b: Iron Bundle|93/100|[from] Grassy Terrain\n|-heal|p2a: Incineroar|83/100|[from] Grassy Terrain\n|-heal|p1a: Calyrex|60/100|[from] Grassy Terrain\n|-damage|p2a: Incineroar|70/100|[from] Leech Seed|[of] p1a: Calyrex\n|-heal|p1a: Calyrex|72/100|[silent]\n|upkeep\n|turn|3\n|\n|t:|1768580322\n|switch|p2a: Miraidon|Miraidon, L50|100/100\n|-fieldstart|move: Electric Terrain|[from] ability: Hadron Engine|[of] p2a: Miraidon\n|-activate|p2b: Iron Bundle|ability: Quark Drive\n|-start|p2b: Iron Bundle|quarkdrivespe\n|move|p2b: Iron Bundle|Freeze-Dry|p1b: Rillaboom\n|-supereffective|p1b: Rillaboom\n|-damage|p1b: Rillaboom|45/100\n|move|p1b: Rillaboom|Wood Hammer|p2b: Iron Bundle\n|-supereffective|p2b: Iron Bundle\n|-damage|p2b: Iron Bundle|7/100\n|-damage|p1b: Rillaboom|25/100|[from] Recoil\n|move|p1a: Calyrex|Leech Seed|p2b: Iron Bundle\n|-start|p2b: Iron Bundle|move: Leech Seed\n|\n|-damage|p2b: Iron Bundle|0 fnt|[from] Leech Seed|[of] p1a: Calyrex\n|-heal|p1a: Calyrex|76/100|[silent]\n|faint|p2b: Iron Bundle\n|-end|p2b: Iron Bundle|Quark Drive|[silent]\n|upkeep\n|\n|t:|1768580341\n|switch|p2b: Incineroar|Incineroar, L50, M|70/100\n|-ability|p2b: Incineroar|Intimidate|boost\n|-unboost|p1a: Calyrex|atk|1\n|-unboost|p1b: Rillaboom|atk|1\n|turn|4\n|\n|t:|1768580353\n|move|p1a: Calyrex|Protect|p1a: Calyrex\n|-singleturn|p1a: Calyrex|Protect\n|move|p2b: Incineroar|Fake Out|p1a: Calyrex\n|-activate|p1a: Calyrex|move: Protect\n|move|p2a: Miraidon|Electro Drift|p1b: Rillaboom\n|-resisted|p1b: Rillaboom\n|-damage|p1b: Rillaboom|0 fnt\n|faint|p1b: Rillaboom\n|\n|upkeep\n|\n|t:|1768580372\n|switch|p1b: Koraidon|Koraidon, L50|100/100\n|-weather|SunnyDay|[from] ability: Orichalcum Pulse|[of] p1b: Koraidon\n|-activate|p1b: Koraidon|Orichalcum Pulse|[source]\n|turn|5\n|\n|t:|1768580393\n|switch|p2b: Tornadus|Tornadus, L50, M, shiny|100/100\n|switch|p1a: Smeargle|Smeargle, L50, F|100/100\n|-terastallize|p2a: Miraidon|Electric\n|move|p1b: Koraidon|Low Kick|p2b: Tornadus\n|-resisted|p2b: Tornadus\n|-damage|p2b: Tornadus|72/100\n|move|p2a: Miraidon|Electro Drift|p1b: Koraidon\n|-resisted|p1b: Koraidon\n|-damage|p1b: Koraidon|45/100\n|\n|-weather|SunnyDay|[upkeep]\n|-ability|p1a: Smeargle|Moody|boost\n|-boost|p1a: Smeargle|spa|2\n|-unboost|p1a: Smeargle|spd|1\n|upkeep\n|turn|6\n|\n|t:|1768580421\n|-terastallize|p1b: Koraidon|Fire\n|move|p1a: Smeargle|Follow Me|p1a: Smeargle\n|-singleturn|p1a: Smeargle|move: Follow Me\n|move|p2b: Tornadus|Taunt|p1a: Smeargle\n|-start|p1a: Smeargle|move: Taunt\n|move|p1b: Koraidon|Flare Blitz|p2a: Miraidon\n|-damage|p2a: Miraidon|0 fnt\n|faint|p2a: Miraidon\n|-damage|p1b: Koraidon|11/100|[from] Recoil\n|\n|-weather|SunnyDay|[upkeep]\n|-ability|p1a: Smeargle|Moody|boost\n|-boost|p1a: Smeargle|def|2\n|-unboost|p1a: Smeargle|spd|1\n|upkeep\n|\n|t:|1768580436\n|switch|p2a: Incineroar|Incineroar, L50, M|70/100\n|-ability|p2a: Incineroar|Intimidate|boost\n|-unboost|p1a: Smeargle|atk|1\n|-fail|p1b: Koraidon|unboost|[from] item: Clear Amulet|[of] p1b: Koraidon\n|turn|7\n|\n|t:|1768580449\n|move|p1b: Koraidon|Protect|p1b: Koraidon\n|-singleturn|p1b: Koraidon|Protect\n|move|p2a: Incineroar|Fake Out|p1b: Koraidon\n|-activate|p1b: Koraidon|move: Protect\n|move|p2b: Tornadus|Tailwind|p2b: Tornadus\n|-sidestart|p2: AzureChuck|move: Tailwind\n|move|p1a: Smeargle|Ruination|p2a: Incineroar\n|-damage|p2a: Incineroar|35/100\n|\n|-weather|SunnyDay|[upkeep]\n|-fieldend|move: Electric Terrain\n|-ability|p1a: Smeargle|Moody|boost\n|-boost|p1a: Smeargle|atk|2\n|-unboost|p1a: Smeargle|spa|1\n|upkeep\n|turn|8\n|\n|t:|1768580471\n|move|p2b: Tornadus|Bleakwind Storm|p1b: Koraidon|[spread] p1b\n|-miss|p2b: Tornadus|p1a: Smeargle\n|-damage|p1b: Koraidon|0 fnt\n|faint|p1b: Koraidon\n|move|p2a: Incineroar|Flare Blitz|p1a: Smeargle\n|-damage|p1a: Smeargle|33/100\n|-damage|p2a: Incineroar|20/100|[from] Recoil\n|move|p1a: Smeargle|Ruination|p2b: Tornadus\n|-damage|p2b: Tornadus|37/100\n|\n|-weather|SunnyDay|[upkeep]\n|-ability|p1a: Smeargle|Moody|boost\n|-boost|p1a: Smeargle|spe|2\n|-unboost|p1a: Smeargle|spa|1\n|upkeep\n|\n|t:|1768580475\n|switch|p1b: Calyrex|Calyrex-Ice, L50|76/100\n|-ability|p1b: Calyrex|As One\n|-ability|p1b: Calyrex|Unnerve\n|turn|9\n|\n|t:|1768580491\n|move|p1a: Smeargle|Ruination|p2a: Incineroar\n|-damage|p2a: Incineroar|10/100\n|move|p2b: Tornadus|Bleakwind Storm|p1b: Calyrex|[spread] p1a,p1b\n|-crit|p1a: Smeargle\n|-crit|p1b: Calyrex\n|-damage|p1a: Smeargle|0 fnt\n|-damage|p1b: Calyrex|50/100\n|faint|p1a: Smeargle\n|move|p2a: Incineroar|Flare Blitz|p1b: Calyrex\n|-supereffective|p1b: Calyrex\n|-damage|p1b: Calyrex|0 fnt\n|faint|p1b: Calyrex\n|-damage|p2a: Incineroar|0 fnt|[from] Recoil\n|faint|p2a: Incineroar\n|\n|win|AzureChuck\n|raw|ky123456's rating: 1399 &rarr; <strong>1381</strong><br />(-18 for losing)\n|raw|AzureChuck's rating: 1438 &rarr; <strong>1456</strong><br />(+18 for winning)\n|l|\u2606ky123456\n|player|p1|\n|l|\u2606AzureChuck\n|player|p2|\n","uploadtime":1768580692,"views":15,"formatid":"gen9vgc2026regi","rating":1381,"private":0,"password":null}