{"id":"gen9vgc2026regi-2551866949","format":"[Gen 9] VGC 2026 Reg I","players":["Maphoo","Crawsomeness"],"log":"|j|\u2606Maphoo\n|j|\u2606Crawsomeness\n|t:|1772651904\n|gametype|doubles\n|player|p1|Maphoo|2|1396\n|player|p2|Crawsomeness|hiker-gen4|1388\n|gen|9\n|tier|[Gen 9] VGC 2026 Reg I\n|rated|\n|rule|Species Clause: Limit one of each Pok\u00e9mon\n|rule|Item Clause: Limit 1 of each item\n|clearpoke\n|poke|p1|Lunala, L50|\n|poke|p1|Indeedee-F, L50, F|\n|poke|p1|Roaring Moon, L50|\n|poke|p1|Kyogre, L50|\n|poke|p1|Urshifu-*, L50, M|\n|poke|p1|Ursaluna, L50, M|\n|poke|p2|Terapagos, L50, M|\n|poke|p2|Incineroar, L50, F|\n|poke|p2|Farigiraf, L50, F|\n|poke|p2|Groudon, L50|\n|poke|p2|Chi-Yu, L50|\n|poke|p2|Lilligant-Hisui, L50, F|\n|teampreview|4\n|\n|t:|1772651936\n|teamsize|p1|4\n|teamsize|p2|4\n|start\n|switch|p1a: Roaring Moon|Roaring Moon, L50|100/100\n|switch|p1b: Urshifu|Urshifu-Rapid-Strike, L50, M|100/100\n|switch|p2a: Lilligant|Lilligant-Hisui, L50, F|100/100\n|switch|p2b: Terapagos|Terapagos, L50, M|100/100\n|-activate|p2b: Terapagos|ability: Tera Shift\n|detailschange|p2b: Terapagos|Terapagos-Terastal, L50, M\n|-heal|p2b: Terapagos|100/100|[silent]\n|-enditem|p1a: Roaring Moon|Booster Energy\n|-activate|p1a: Roaring Moon|ability: Protosynthesis|[fromitem]\n|-start|p1a: Roaring Moon|protosynthesisspe\n|turn|1\n|\n|t:|1772651970\n|switch|p2b: Groudon|Groudon, L50|100/100\n|-weather|SunnyDay|[from] ability: Drought|[of] p2b: Groudon\n|move|p2a: Lilligant|Sleep Powder|p1b: Urshifu\n|-status|p1b: Urshifu|slp|[from] move: Sleep Powder\n|move|p1a: Roaring Moon|Tailwind|p1a: Roaring Moon\n|-sidestart|p1: Maphoo|move: Tailwind\n|cant|p1b: Urshifu|slp\n|\n|-weather|SunnyDay|[upkeep]\n|upkeep\n|turn|2\n|\n|t:|1772651985\n|move|p1a: Roaring Moon|Acrobatics|p2a: Lilligant\n|-supereffective|p2a: Lilligant\n|-enditem|p2a: Lilligant|Focus Sash\n|-damage|p2a: Lilligant|1/100\n|move|p2a: Lilligant|Coaching|p2b: Groudon\n|-boost|p2b: Groudon|atk|1\n|-boost|p2b: Groudon|def|1\n|cant|p1b: Urshifu|slp\n|move|p2b: Groudon|Precipice Blades|p1a: Roaring Moon|[spread] p1a,p1b\n|-damage|p1a: Roaring Moon|12/100\n|-damage|p1b: Urshifu|31/100 slp\n|\n|-weather|SunnyDay|[upkeep]\n|upkeep\n|turn|3\n|\n|t:|1772652006\n|-curestatus|p1b: Urshifu|slp|[msg]\n|move|p1b: Urshifu|Detect|p1b: Urshifu\n|-singleturn|p1b: Urshifu|Protect\n|move|p1a: Roaring Moon|Acrobatics|p2a: Lilligant\n|-supereffective|p2a: Lilligant\n|-damage|p2a: Lilligant|0 fnt\n|faint|p2a: Lilligant\n|move|p2b: Groudon|Precipice Blades|p1b: Urshifu|[spread] \n|-activate|p1b: Urshifu|move: Protect\n|-miss|p2b: Groudon|p1a: Roaring Moon\n|\n|-weather|SunnyDay|[upkeep]\n|upkeep\n|\n|t:|1772652014\n|switch|p2a: Chi-Yu|Chi-Yu, L50|100/100\n|-ability|p2a: Chi-Yu|Beads of Ruin\n|turn|4\n|\n|t:|1772652025\n|-end|p1a: Roaring Moon|Protosynthesis|[silent]\n|switch|p1a: Kyogre|Kyogre, L50|100/100\n|-weather|RainDance|[from] ability: Drizzle|[of] p1a: Kyogre\n|move|p1b: Urshifu|Surging Strikes|p2b: Groudon\n|-supereffective|p2b: Groudon\n|-crit|p2b: Groudon\n|-damage|p2b: Groudon|60/100\n|-supereffective|p2b: Groudon\n|-crit|p2b: Groudon\n|-damage|p2b: Groudon|18/100\n|-supereffective|p2b: Groudon\n|-crit|p2b: Groudon\n|-damage|p2b: Groudon|0 fnt\n|faint|p2b: Groudon\n|-hitcount|p2: Groudon|3\n|move|p2a: Chi-Yu|Heat Wave|p1b: Urshifu|[spread] p1a\n|-miss|p2a: Chi-Yu|p1b: Urshifu\n|-resisted|p1a: Kyogre\n|-damage|p1a: Kyogre|91/100\n|\n|-weather|RainDance|[upkeep]\n|-sideend|p1: Maphoo|move: Tailwind\n|upkeep\n|\n|t:|1772652034\n|switch|p2b: Terapagos|Terapagos-Terastal, L50, M|100/100\n|turn|5\n|\n|t:|1772652080\n|-terastallize|p2b: Terapagos|Stellar\n|detailschange|p2b: Terapagos|Terapagos-Stellar, L50, M, tera:Stellar\n|-heal|p2b: Terapagos|100/100|[silent]\n|-ability|p2b: Terapagos|Teraform Zero\n|-weather|none\n|move|p1b: Urshifu|Detect|p1b: Urshifu\n|-singleturn|p1b: Urshifu|Protect\n|move|p2a: Chi-Yu|Heat Wave|p1b: Urshifu|[spread] p1a\n|-activate|p1b: Urshifu|move: Protect\n|-resisted|p1a: Kyogre\n|-damage|p1a: Kyogre|75/100\n|move|p2b: Terapagos|Tera Starstorm|p1b: Urshifu|[spread] p1a\n|-activate|p1b: Urshifu|move: Protect\n|-crit|p1a: Kyogre\n|-damage|p1a: Kyogre|17/100\n|move|p1a: Kyogre|Water Spout|p2a: Chi-Yu|[spread] p2a,p2b\n|-supereffective|p2a: Chi-Yu\n|-damage|p2a: Chi-Yu|68/100\n|-damage|p2b: Terapagos|89/100\n|\n|-heal|p2b: Terapagos|95/100|[from] item: Leftovers\n|upkeep\n|turn|6\n|\n|t:|1772652124\n|switch|p1b: Roaring Moon|Roaring Moon, L50|12/100\n|switch|p1a: Lunala|Lunala, L50, shiny|100/100\n|move|p2a: Chi-Yu|Heat Wave|p1a: Lunala|[spread] p1a,p1b\n|-resisted|p1b: Roaring Moon\n|-damage|p1a: Lunala|79/100\n|-damage|p1b: Roaring Moon|0 fnt\n|faint|p1b: Roaring Moon\n|-end|p1b: Roaring Moon|Protosynthesis|[silent]\n|move|p2b: Terapagos|Tera Starstorm|p1a: Lunala\n|-damage|p1a: Lunala|27/100\n|\n|-heal|p2b: Terapagos|100/100|[from] item: Leftovers\n|upkeep\n|\n|t:|1772652139\n|switch|p1b: Kyogre|Kyogre, L50|17/100\n|-weather|RainDance|[from] ability: Drizzle|[of] p1b: Kyogre\n|turn|7\n|\n|t:|1772652149\n|move|p1a: Lunala|Wide Guard|p1a: Lunala\n|-singleturn|p1a: Lunala|Wide Guard\n|move|p2a: Chi-Yu|Heat Wave|p1b: Kyogre|[spread] \n|-activate|p1a: Lunala|move: Wide Guard\n|-activate|p1b: Kyogre|move: Wide Guard\n|move|p2b: Terapagos|Tera Starstorm|p1a: Lunala|[spread] \n|-activate|p1a: Lunala|move: Wide Guard\n|-activate|p1b: Kyogre|move: Wide Guard\n|move|p1b: Kyogre|Origin Pulse|p2b: Terapagos|[spread] p2a,p2b\n|-supereffective|p2a: Chi-Yu\n|-damage|p2a: Chi-Yu|0 fnt\n|-damage|p2b: Terapagos|25/100\n|faint|p2a: Chi-Yu\n|\n|-weather|RainDance|[upkeep]\n|-heal|p2b: Terapagos|32/100|[from] item: Leftovers\n|upkeep\n|turn|8\n|\n|t:|1772652181\n|move|p1b: Kyogre|Protect|p1b: Kyogre\n|-singleturn|p1b: Kyogre|Protect\n|move|p1a: Lunala|Meteor Beam||[still]\n|-prepare|p1a: Lunala|Meteor Beam\n|-boost|p1a: Lunala|spa|1\n|-enditem|p1a: Lunala|Power Herb\n|-anim|p1a: Lunala|Meteor Beam|p2b: Terapagos\n|-damage|p2b: Terapagos|0 fnt\n|faint|p2b: Terapagos\n|detailschange|p2: Terapagos|Terapagos, L50, M|[silent]\n|\n|win|Maphoo\n|raw|Maphoo's rating: 1396 &rarr; <strong>1416</strong><br />(+20 for winning)\n|raw|Crawsomeness's rating: 1388 &rarr; <strong>1368</strong><br />(-20 for losing)\n|l|\u2606Crawsomeness\n|player|p2|\n|l|\u2606Maphoo\n|player|p1|\n","uploadtime":1772652397,"views":12,"formatid":"gen9vgc2026regi","rating":1368,"private":0,"password":null}