{"id":"gen9vgc2026regi-2540943140","format":"[Gen 9] VGC 2026 Reg I","players":["yamato-tak","alzombie"],"log":"|j|\u2606yamato-tak\n|j|\u2606alzombie\n|t:|1771269443\n|gametype|doubles\n|player|p1|yamato-tak|266|1513\n|player|p2|alzombie|102|1610\n|gen|9\n|tier|[Gen 9] VGC 2026 Reg I\n|rated|\n|rule|Species Clause: Limit one of each Pok\u00e9mon\n|rule|Item Clause: Limit 1 of each item\n|clearpoke\n|poke|p1|Miraidon, L50|\n|poke|p1|Calyrex-Ice, L50|\n|poke|p1|Volcarona, L50, M|\n|poke|p1|Araquanid, L50, M|\n|poke|p1|Grimmsnarl, L50, M|\n|poke|p1|Rillaboom, L50, M|\n|poke|p2|Lunala, L50|\n|poke|p2|Ursaluna, L50, F|\n|poke|p2|Urshifu-*, L50, F|\n|poke|p2|Miraidon, L50|\n|poke|p2|Grimmsnarl, L50, M|\n|poke|p2|Incineroar, L50, F|\n|teampreview|4\n|inactive|Battle timer is ON: inactive players will automatically lose when time's up. (requested by yamato-tak)\n|inactive|alzombie has 60 seconds left.\n|\n|t:|1771269489\n|teamsize|p1|4\n|teamsize|p2|4\n|start\n|switch|p1a: Grimmsnarl|Grimmsnarl, L50, M, shiny|100/100\n|switch|p1b: Miraidon|Miraidon, L50, shiny|100/100\n|switch|p2a: Grimmsnarl|Grimmsnarl, L50, M|100/100\n|switch|p2b: Lunala|Lunala, L50|100/100\n|-fieldstart|move: Electric Terrain|[from] ability: Hadron Engine|[of] p1b: Miraidon\n|-enditem|p2b: Lunala|Electric Seed\n|-boost|p2b: Lunala|def|1|[from] item: Electric Seed\n|turn|1\n|\n|t:|1771269508\n|move|p1a: Grimmsnarl|Light Screen|p1a: Grimmsnarl\n|-sidestart|p1: yamato-tak|move: Light Screen\n|move|p2a: Grimmsnarl|Light Screen|p2a: Grimmsnarl\n|-sidestart|p2: alzombie|move: Light Screen\n|move|p1b: Miraidon|Calm Mind|p1b: Miraidon\n|-boost|p1b: Miraidon|spa|1\n|-boost|p1b: Miraidon|spd|1\n|move|p2b: Lunala|Moonblast|p1a: Grimmsnarl\n|-supereffective|p1a: Grimmsnarl\n|-damage|p1a: Grimmsnarl|59/100\n|\n|upkeep\n|turn|2\n|\n|t:|1771269531\n|move|p1a: Grimmsnarl|Reflect|p1a: Grimmsnarl\n|-sidestart|p1: yamato-tak|Reflect\n|move|p1b: Miraidon|Calm Mind|p1b: Miraidon\n|-boost|p1b: Miraidon|spa|1\n|-boost|p1b: Miraidon|spd|1\n|move|p2b: Lunala|Moonblast|p1b: Miraidon\n|-supereffective|p1b: Miraidon\n|-damage|p1b: Miraidon|80/100\n|move|p2a: Grimmsnarl|Spirit Break|p1b: Miraidon\n|-supereffective|p1b: Miraidon\n|-damage|p1b: Miraidon|45/100\n|\n|upkeep\n|turn|3\n|\n|t:|1771269549\n|move|p1a: Grimmsnarl|Parting Shot|p2b: Lunala\n|-unboost|p2b: Lunala|atk|1\n|-unboost|p2b: Lunala|spa|1\n|\n|t:|1771269553\n|switch|p1a: Araquanid|Araquanid, L50, M, shiny|100/100|[from] Parting Shot\n|move|p1b: Miraidon|Parabolic Charge|p2b: Lunala|[spread] p1a,p2a,p2b\n|-supereffective|p1a: Araquanid\n|-damage|p1a: Araquanid|11/100\n|-heal|p1b: Miraidon|83/100|[from] drain|[of] p1a: Araquanid\n|-damage|p2a: Grimmsnarl|52/100\n|-heal|p1b: Miraidon|100/100|[from] drain|[of] p2a: Grimmsnarl\n|-damage|p2b: Lunala|82/100\n|move|p2b: Lunala|Moonblast|p1b: Miraidon\n|-supereffective|p1b: Miraidon\n|-damage|p1b: Miraidon|87/100\n|move|p2a: Grimmsnarl|Spirit Break|p1b: Miraidon\n|-supereffective|p1b: Miraidon\n|-damage|p1b: Miraidon|56/100\n|\n|upkeep\n|turn|4\n|\n|t:|1771269575\n|move|p2b: Lunala|Wide Guard|p2b: Lunala\n|-singleturn|p2b: Lunala|Wide Guard\n|move|p1b: Miraidon|Electro Drift|p2b: Lunala\n|-damage|p2b: Lunala|10/100\n|move|p2a: Grimmsnarl|Spirit Break|p1b: Miraidon\n|-supereffective|p1b: Miraidon\n|-damage|p1b: Miraidon|21/100\n|move|p1a: Araquanid|Liquidation|p2a: Grimmsnarl\n|-damage|p2a: Grimmsnarl|0 fnt\n|faint|p2a: Grimmsnarl\n|\n|upkeep\n|\n|t:|1771269590\n|switch|p2a: Miraidon|Miraidon, L50|100/100\n|-activate|p2a: Miraidon|ability: Hadron Engine\n|turn|5\n|\n|t:|1771269610\n|-terastallize|p1b: Miraidon|Electric\n|move|p1b: Miraidon|Electro Drift|p2b: Lunala\n|-damage|p2b: Lunala|0 fnt\n|faint|p2b: Lunala\n|move|p2a: Miraidon|Draco Meteor|p1b: Miraidon\n|-damage|p1b: Miraidon|0 fnt\n|-unboost|p2a: Miraidon|spa|2\n|faint|p1b: Miraidon\n|move|p1a: Araquanid|Liquidation|p2a: Miraidon\n|-resisted|p2a: Miraidon\n|-damage|p2a: Miraidon|73/100\n|\n|-fieldend|move: Electric Terrain\n|upkeep\n|\n|t:|1771269625\n|switch|p1b: Calyrex|Calyrex-Ice, L50|100/100\n|switch|p2b: Urshifu|Urshifu-Rapid-Strike, L50, F|100/100\n|-ability|p1b: Calyrex|As One\n|-ability|p1b: Calyrex|Unnerve\n|turn|6\n|\n|t:|1771269643\n|-terastallize|p2a: Miraidon|Electric\n|move|p2a: Miraidon|Electro Drift|p1b: Calyrex\n|-damage|p1b: Calyrex|84/100\n|move|p2b: Urshifu|Surging Strikes|p1b: Calyrex\n|-crit|p1b: Calyrex\n|-damage|p1b: Calyrex|64/100\n|-crit|p1b: Calyrex\n|-damage|p1b: Calyrex|45/100\n|-crit|p1b: Calyrex\n|-damage|p1b: Calyrex|24/100\n|-hitcount|p1b: Calyrex|3\n|move|p1b: Calyrex|Glacial Lance|p2b: Urshifu|[spread] p2a,p2b\n|-resisted|p2b: Urshifu\n|-damage|p2a: Miraidon|30/100\n|-damage|p2b: Urshifu|74/100\n|move|p1a: Araquanid|Leech Life|p2a: Miraidon\n|-damage|p2a: Miraidon|2/100\n|-heal|p1a: Araquanid|28/100|[from] drain|[of] p2a: Miraidon\n|\n|upkeep\n|turn|7\n|\n|t:|1771269667\n|switch|p1a: Grimmsnarl|Grimmsnarl, L50, M, shiny|59/100\n|move|p2a: Miraidon|Electro Drift|p1a: Grimmsnarl\n|-damage|p1a: Grimmsnarl|34/100\n|move|p2b: Urshifu|Surging Strikes|p1b: Calyrex\n|-crit|p1b: Calyrex\n|-damage|p1b: Calyrex|5/100\n|-crit|p1b: Calyrex\n|-damage|p1b: Calyrex|0 fnt\n|faint|p1b: Calyrex\n|-hitcount|p1: Calyrex|2\n|\n|upkeep\n|\n|t:|1771269671\n|switch|p1b: Araquanid|Araquanid, L50, M, shiny|28/100\n|turn|8\n|\n|t:|1771269694\n|move|p1a: Grimmsnarl|Fake Out|p2a: Miraidon\n|-damage|p2a: Miraidon|0 fnt\n|faint|p2a: Miraidon\n|move|p2b: Urshifu|Surging Strikes|p1a: Grimmsnarl\n|-crit|p1a: Grimmsnarl\n|-damage|p1a: Grimmsnarl|0 fnt\n|faint|p1a: Grimmsnarl\n|-hitcount|p1: Grimmsnarl|1\n|move|p1b: Araquanid|Leech Life|p2b: Urshifu\n|-resisted|p2b: Urshifu\n|-damage|p2b: Urshifu|59/100\n|-heal|p1b: Araquanid|36/100|[from] drain|[of] p2b: Urshifu\n|\n|-sideend|p1: yamato-tak|move: Light Screen\n|-sideend|p2: alzombie|move: Light Screen\n|upkeep\n|turn|9\n|\n|t:|1771269710\n|move|p2b: Urshifu|Surging Strikes|p1b: Araquanid\n|-resisted|p1b: Araquanid\n|-crit|p1b: Araquanid\n|-damage|p1b: Araquanid|18/100\n|-damage|p2b: Urshifu|42/100|[from] item: Rocky Helmet|[of] p1b: Araquanid\n|-resisted|p1b: Araquanid\n|-crit|p1b: Araquanid\n|-damage|p1b: Araquanid|0 fnt\n|-damage|p2b: Urshifu|25/100|[from] item: Rocky Helmet|[of] p1b: Araquanid\n|faint|p1b: Araquanid\n|-hitcount|p1: Araquanid|2\n|\n|win|alzombie\n|raw|yamato-tak's rating: 1513 &rarr; <strong>1498</strong><br />(-15 for losing)\n|raw|alzombie's rating: 1610 &rarr; <strong>1625</strong><br />(+15 for winning)\n|l|\u2606alzombie\n|player|p2|\n|l|\u2606yamato-tak\n|player|p1|\n","uploadtime":1771269883,"views":41,"formatid":"gen9vgc2026regi","rating":1498,"private":0,"password":null}