{"id":"gen9vgc2026regi-2523256100","format":"[Gen 9] VGC 2026 Reg I","players":["kojimuranishi","hihi9876"],"log":"|j|\u2606kojimuranishi\n|j|\u2606hihi9876\n|t:|1769008572\n|gametype|doubles\n|player|p1|kojimuranishi|2|1599\n|player|p2|hihi9876|101|1462\n|gen|9\n|tier|[Gen 9] VGC 2026 Reg I\n|rated|\n|rule|Species Clause: Limit one of each Pok\u00e9mon\n|rule|Item Clause: Limit 1 of each item\n|clearpoke\n|poke|p1|Zamazenta-*, L50|\n|poke|p1|Lunala, L50|\n|poke|p1|Chien-Pao, L50|\n|poke|p1|Dragonite, L50, M|\n|poke|p1|Landorus, L50, M|\n|poke|p1|Urshifu-*, L50, F|\n|poke|p2|Calyrex-Ice, L50|\n|poke|p2|Smeargle, L50, M|\n|poke|p2|Groudon, L50|\n|poke|p2|Ogerpon-Cornerstone, L50, F|\n|poke|p2|Raging Bolt, L50|\n|poke|p2|Volcarona, L50, M|\n|teampreview|4\n|inactive|Battle timer is ON: inactive players will automatically lose when time's up. (requested by hihi9876)\n|inactive|kojimuranishi has 60 seconds left.\n|\n|t:|1769008614\n|teamsize|p1|4\n|teamsize|p2|4\n|start\n|switch|p1a: Urshifu|Urshifu-Rapid-Strike, L50, F|100/100\n|switch|p1b: Lunala|Lunala, L50|100/100\n|switch|p2a: Groudon|Groudon, L50|100/100\n|switch|p2b: Raging Bolt|Raging Bolt, L50|100/100\n|-weather|SunnyDay|[from] ability: Drought|[of] p2a: Groudon\n|-activate|p2b: Raging Bolt|ability: Protosynthesis\n|-start|p2b: Raging Bolt|protosynthesisspa\n|turn|1\n|\n|t:|1769008631\n|move|p2a: Groudon|Heat Crash|p1b: Lunala\n|-damage|p1b: Lunala|71/100\n|move|p1a: Urshifu|Close Combat|p2b: Raging Bolt\n|-damage|p2b: Raging Bolt|40/100\n|-unboost|p1a: Urshifu|def|1\n|-unboost|p1a: Urshifu|spd|1\n|move|p1b: Lunala|Meteor Beam||[still]\n|-prepare|p1b: Lunala|Meteor Beam\n|-boost|p1b: Lunala|spa|1\n|-enditem|p1b: Lunala|Power Herb\n|-anim|p1b: Lunala|Meteor Beam|p2b: Raging Bolt|[miss]\n|-miss|p1b: Lunala|p2b: Raging Bolt\n|move|p2b: Raging Bolt|Dragon Pulse|p1a: Urshifu\n|-enditem|p1a: Urshifu|Focus Sash\n|-damage|p1a: Urshifu|1/100\n|-damage|p2b: Raging Bolt|30/100|[from] item: Life Orb\n|\n|-weather|SunnyDay|[upkeep]\n|upkeep\n|turn|2\n|inactive|kojimuranishi has 30 seconds left.\n|inactive|hihi9876 has 30 seconds left.\n|\n|t:|1769008663\n|-terastallize|p2a: Groudon|Fire\n|move|p1a: Urshifu|Detect|p1a: Urshifu\n|-singleturn|p1a: Urshifu|Protect\n|move|p2b: Raging Bolt|Thunderclap||[still]\n|-fail|p2b: Raging Bolt\n|move|p2a: Groudon|Heat Crash|p1b: Lunala\n|-damage|p1b: Lunala|0 fnt\n|faint|p1b: Lunala\n|\n|-weather|SunnyDay|[upkeep]\n|upkeep\n|\n|t:|1769008680\n|switch|p1b: Dragonite|Dragonite, L50, M|100/100\n|turn|3\n|\n|t:|1769008700\n|-terastallize|p1b: Dragonite|Normal\n|move|p1b: Dragonite|Extreme Speed|p2b: Raging Bolt\n|-damage|p2b: Raging Bolt|0 fnt\n|faint|p2b: Raging Bolt\n|-end|p2b: Raging Bolt|Protosynthesis|[silent]\n|move|p2a: Groudon|Heat Crash|p1a: Urshifu\n|-resisted|p1a: Urshifu\n|-damage|p1a: Urshifu|0 fnt\n|faint|p1a: Urshifu\n|\n|-weather|SunnyDay|[upkeep]\n|upkeep\n|\n|t:|1769008716\n|switch|p1a: Chien-Pao|Chien-Pao, L50|100/100\n|switch|p2b: Volcarona|Volcarona, L50, M|100/100\n|-ability|p1a: Chien-Pao|Sword of Ruin\n|turn|4\n|\n|t:|1769008731\n|move|p1a: Chien-Pao|Protect|p1a: Chien-Pao\n|-singleturn|p1a: Chien-Pao|Protect\n|move|p2b: Volcarona|Rage Powder|p2b: Volcarona\n|-singleturn|p2b: Volcarona|move: Rage Powder\n|move|p1b: Dragonite|Extreme Speed|p2b: Volcarona\n|-damage|p2b: Volcarona|23/100\n|-damage|p1b: Dragonite|84/100|[from] item: Rocky Helmet|[of] p2b: Volcarona\n|-status|p1b: Dragonite|brn|[from] ability: Flame Body|[of] p2b: Volcarona\n|move|p2a: Groudon|Heat Crash|p1b: Dragonite\n|-damage|p1b: Dragonite|0 fnt\n|faint|p1b: Dragonite\n|\n|-weather|SunnyDay|[upkeep]\n|upkeep\n|turn|5\n|-message|kojimuranishi forfeited.\n|\n|win|hihi9876\n|raw|kojimuranishi's rating: 1599 &rarr; <strong>1571</strong><br />(-28 for losing)\n|raw|hihi9876's rating: 1462 &rarr; <strong>1490</strong><br />(+28 for winning)\n|l|\u2606kojimuranishi\n|player|p1|\n|l|\u2606hihi9876\n|player|p2|\n","uploadtime":1769008909,"views":18,"formatid":"gen9vgc2026regi","rating":1490,"private":0,"password":null}