{"id":"gen9vgc2026regi-2570081605","format":"[Gen 9] VGC 2026 Reg I","players":["fallacy277","speedyturtle87"],"log":"|j|\u2606fallacy277\n|j|\u2606speedyturtle87\n|t:|1774766858\n|gametype|doubles\n|player|p1|fallacy277|102|1377\n|player|p2|speedyturtle87|canari|1380\n|gen|9\n|tier|[Gen 9] VGC 2026 Reg I\n|rated|\n|rule|Species Clause: Limit one of each Pok\u00e9mon\n|rule|Item Clause: Limit 1 of each item\n|clearpoke\n|poke|p1|Groudon, L50|\n|poke|p1|Calyrex-Ice, L50|\n|poke|p1|Flutter Mane, L50|\n|poke|p1|Gouging Fire, L50|\n|poke|p1|Jumpluff, L50, M|\n|poke|p1|Raging Bolt, L50|\n|poke|p2|Miraidon, L50|\n|poke|p2|Iron Hands, L50|\n|poke|p2|Chi-Yu, L50|\n|poke|p2|Whimsicott, L50, F|\n|poke|p2|Calyrex-Ice, L50|\n|poke|p2|Farigiraf, L50, F|\n|teampreview|4\n|inactive|Battle timer is ON: inactive players will automatically lose when time's up. (requested by speedyturtle87)\n|inactive|speedyturtle87 has 60 seconds left.\n|\n|t:|1774766890\n|teamsize|p1|4\n|teamsize|p2|4\n|start\n|switch|p1a: Groudon|Groudon, L50|100/100\n|switch|p1b: Jumpluff|Jumpluff, L50, M|100/100\n|switch|p2a: Whimsicott|Whimsicott, L50, F|100/100\n|switch|p2b: Miraidon|Miraidon, L50|100/100\n|-fieldstart|move: Electric Terrain|[from] ability: Hadron Engine|[of] p2b: Miraidon\n|-weather|SunnyDay|[from] ability: Drought|[of] p1a: Groudon\n|turn|1\n|\n|t:|1774766899\n|move|p2a: Whimsicott|Tailwind|p2a: Whimsicott\n|-sidestart|p2: speedyturtle87|move: Tailwind\n|move|p2b: Miraidon|Volt Switch|p1b: Jumpluff\n|-damage|p1b: Jumpluff|21/100\n|\n|t:|1774766903\n|switch|p2b: Iron Hands|Iron Hands, L50|100/100|[from] Volt Switch\n|-activate|p2b: Iron Hands|ability: Quark Drive\n|-start|p2b: Iron Hands|quarkdriveatk\n|move|p1b: Jumpluff|Tailwind|p1b: Jumpluff\n|-sidestart|p1: fallacy277|move: Tailwind\n|move|p1a: Groudon|Precipice Blades|p2a: Whimsicott|[spread] p2a\n|-miss|p1a: Groudon|p2b: Iron Hands\n|-resisted|p2a: Whimsicott\n|-damage|p2a: Whimsicott|69/100\n|\n|-weather|SunnyDay|[upkeep]\n|upkeep\n|turn|2\n|j| Therazer456\n|\n|t:|1774766921\n|switch|p1b: Calyrex|Calyrex-Ice, L50|100/100\n|-ability|p1b: Calyrex|As One\n|-ability|p1b: Calyrex|Unnerve\n|switch|p2a: Miraidon|Miraidon, L50|100/100\n|-activate|p2a: Miraidon|ability: Hadron Engine\n|move|p2b: Iron Hands|Fake Out|p1a: Groudon\n|-damage|p1a: Groudon|86/100\n|cant|p1a: Groudon|flinch\n|\n|-weather|SunnyDay|[upkeep]\n|upkeep\n|turn|3\n|\n|t:|1774766944\n|-terastallize|p2b: Iron Hands|Bug\n|move|p2a: Miraidon|Draco Meteor|p1a: Groudon\n|-damage|p1a: Groudon|0 fnt\n|-unboost|p2a: Miraidon|spa|2\n|faint|p1a: Groudon\n|move|p1b: Calyrex|Glacial Lance|p2b: Iron Hands|[spread] p2a,p2b\n|-supereffective|p2a: Miraidon\n|-damage|p2a: Miraidon|7/100\n|-damage|p2b: Iron Hands|69/100\n|move|p2b: Iron Hands|Low Kick|p1b: Calyrex\n|-damage|p1b: Calyrex|44/100\n|\n|-weather|SunnyDay|[upkeep]\n|upkeep\n|\n|t:|1774766956\n|switch|p1a: Gouging Fire|Gouging Fire, L50|100/100\n|-activate|p1a: Gouging Fire|ability: Protosynthesis\n|-start|p1a: Gouging Fire|protosynthesisspe\n|turn|4\n|\n|t:|1774766964\n|move|p1a: Gouging Fire|Flare Blitz|p2b: Iron Hands\n|-supereffective|p2b: Iron Hands\n|-damage|p2b: Iron Hands|0 fnt\n|faint|p2b: Iron Hands\n|-end|p2b: Iron Hands|Quark Drive|[silent]\n|-damage|p1a: Gouging Fire|71/100|[from] Recoil\n|move|p2a: Miraidon|Draco Meteor|p1a: Gouging Fire\n|-supereffective|p1a: Gouging Fire\n|-damage|p1a: Gouging Fire|0 fnt\n|-unboost|p2a: Miraidon|spa|2\n|faint|p1a: Gouging Fire\n|-end|p1a: Gouging Fire|Protosynthesis|[silent]\n|move|p1b: Calyrex|Glacial Lance|p2a: Miraidon\n|-supereffective|p2a: Miraidon\n|-crit|p2a: Miraidon\n|-damage|p2a: Miraidon|0 fnt\n|faint|p2a: Miraidon\n|-ability|p1b: Calyrex|Chilling Neigh|boost\n|-boost|p1b: Calyrex|atk|1\n|\n|-weather|SunnyDay|[upkeep]\n|-sideend|p2: speedyturtle87|move: Tailwind\n|-sideend|p1: fallacy277|move: Tailwind\n|upkeep\n|\n|t:|1774766972\n|switch|p2a: Chi-Yu|Chi-Yu, L50|100/100\n|switch|p1a: Jumpluff|Jumpluff, L50, M|21/100\n|switch|p2b: Whimsicott|Whimsicott, L50, F|69/100\n|-ability|p2a: Chi-Yu|Beads of Ruin\n|turn|5\n|\n|t:|1774766976\n|-terastallize|p1b: Calyrex|Fire\n|move|p1a: Jumpluff|Protect|p1a: Jumpluff\n|-singleturn|p1a: Jumpluff|Protect\n|move|p2b: Whimsicott|Tailwind|p2b: Whimsicott\n|-sidestart|p2: speedyturtle87|move: Tailwind\n|move|p2a: Chi-Yu|Heat Wave|p1b: Calyrex|[spread] p1b\n|-activate|p1a: Jumpluff|move: Protect\n|-resisted|p1b: Calyrex\n|-damage|p1b: Calyrex|24/100\n|move|p1b: Calyrex|High Horsepower|p2a: Chi-Yu\n|-supereffective|p2a: Chi-Yu\n|-damage|p2a: Chi-Yu|0 fnt\n|faint|p2a: Chi-Yu\n|-ability|p1b: Calyrex|Chilling Neigh|boost\n|-boost|p1b: Calyrex|atk|1\n|\n|-weather|none\n|-fieldend|move: Electric Terrain\n|upkeep\n|turn|6\n|\n|t:|1774766996\n|move|p2b: Whimsicott|Encore|p1b: Calyrex\n|-start|p1b: Calyrex|Encore\n|move|p1a: Jumpluff|Tailwind|p1a: Jumpluff\n|-sidestart|p1: fallacy277|move: Tailwind\n|move|p1b: Calyrex|High Horsepower|p2b: Whimsicott\n|-resisted|p2b: Whimsicott\n|-damage|p2b: Whimsicott|24/100\n|\n|upkeep\n|turn|7\n|\n|t:|1774767007\n|move|p1a: Jumpluff|Rage Powder|p1a: Jumpluff\n|-singleturn|p1a: Jumpluff|move: Rage Powder\n|move|p2b: Whimsicott|Moonblast|p1b: Calyrex\n|-resisted|p1b: Calyrex\n|-damage|p1b: Calyrex|17/100\n|move|p1b: Calyrex|High Horsepower|p2b: Whimsicott\n|-resisted|p2b: Whimsicott\n|-damage|p2b: Whimsicott|0 fnt\n|faint|p2b: Whimsicott\n|\n|win|fallacy277\n|raw|fallacy277's rating: 1377 &rarr; <strong>1397</strong><br />(+20 for winning)\n|raw|speedyturtle87's rating: 1380 &rarr; <strong>1360</strong><br />(-20 for losing)\n|c|\u2606speedyturtle87|GGWP\n|l|\u2606speedyturtle87\n|player|p2|\n|l|\u2606fallacy277\n|player|p1|\n","uploadtime":1774767270,"views":12,"formatid":"gen9vgc2026regi","rating":1360,"private":0,"password":null}