{"id":"gen9vgc2026regi-2573775991","format":"[Gen 9] VGC 2026 Reg I","players":["Mirthinion","magoromon"],"log":"|j|\u2606Mirthinion\n|j|\u2606magoromon\n|t:|1775163924\n|gametype|doubles\n|player|p1|Mirthinion|janitor|1528\n|player|p2|magoromon|lance|1480\n|gen|9\n|tier|[Gen 9] VGC 2026 Reg I\n|rated|\n|rule|Species Clause: Limit one of each Pok\u00e9mon\n|rule|Item Clause: Limit 1 of each item\n|clearpoke\n|poke|p1|Calyrex-Shadow, L50|\n|poke|p1|Zamazenta-*, L50|\n|poke|p1|Urshifu-*, L50, M|\n|poke|p1|Incineroar, L50, M|\n|poke|p1|Rillaboom, L50, M|\n|poke|p1|Tornadus, L50, M|\n|poke|p2|Kyogre, L50|\n|poke|p2|Calyrex-Ice, L50|\n|poke|p2|Rillaboom, L50, F|\n|poke|p2|Urshifu-*, L50, F|\n|poke|p2|Flutter Mane, L50|\n|poke|p2|Amoonguss, L50, M|\n|teampreview|4\n|inactive|Battle timer is ON: inactive players will automatically lose when time's up. (requested by Mirthinion)\nMirthinion rejected open team sheets.\n|\n|t:|1775163946\n|teamsize|p1|4\n|teamsize|p2|4\n|start\n|switch|p1a: Vangwe|Tornadus, L50, M|100/100\n|switch|p1b: Beowulf|Urshifu-Rapid-Strike, L50, M|100/100\n|switch|p2a: Urshifu|Urshifu-Rapid-Strike, L50, F|100/100\n|switch|p2b: Kyogre|Kyogre, L50|100/100\n|-weather|RainDance|[from] ability: Drizzle|[of] p2b: Kyogre\n|turn|1\n|j| tapu_fume\n|\n|t:|1775163964\n|move|p1a: Vangwe|Tailwind|p1a: Vangwe\n|-sidestart|p1: Mirthinion|move: Tailwind\n|move|p1b: Beowulf|Close Combat|p2b: Kyogre\n|-damage|p2b: Kyogre|2/100\n|-unboost|p1b: Beowulf|def|1\n|-unboost|p1b: Beowulf|spd|1\n|move|p2a: Urshifu|Surging Strikes|p1a: Vangwe\n|-crit|p1a: Vangwe\n|-damage|p1a: Vangwe|56/100\n|-crit|p1a: Vangwe\n|-damage|p1a: Vangwe|13/100\n|-crit|p1a: Vangwe\n|-damage|p1a: Vangwe|0 fnt\n|faint|p1a: Vangwe\n|-hitcount|p1: Vangwe|3\n|move|p2b: Kyogre|Origin Pulse|p1b: Beowulf\n|-resisted|p1b: Beowulf\n|-damage|p1b: Beowulf|0 fnt\n|faint|p1b: Beowulf\n|\n|-weather|RainDance|[upkeep]\n|upkeep\n|\n|t:|1775163982\n|switch|p1b: Drambor|Zamazenta-Crowned, L50|100/100\n|switch|p1a: Mithrandir|Calyrex-Shadow, L50|100/100\n|-ability|p1a: Mithrandir|As One\n|-ability|p1a: Mithrandir|Unnerve\n|-ability|p1b: Drambor|Dauntless Shield|boost\n|-boost|p1b: Drambor|def|1\n|turn|2\n|inactive|magoromon has 30 seconds left.\n|inactive|magoromon has 20 seconds left.\n|inactive|magoromon has 15 seconds left.\n|inactive|magoromon has 10 seconds left.\n|inactive|magoromon has 5 seconds left.\n|\n|t:|1775164034\n|move|p2b: Kyogre|Protect|p2b: Kyogre\n|-singleturn|p2b: Kyogre|Protect\n|move|p1a: Mithrandir|Astral Barrage|p2a: Urshifu|[spread] p2a\n|-activate|p2b: Kyogre|move: Protect\n|-damage|p2a: Urshifu|23/100\n|move|p1b: Drambor|Behemoth Bash|p2a: Urshifu\n|-resisted|p2a: Urshifu\n|-damage|p2a: Urshifu|2/100\n|move|p2a: Urshifu|Surging Strikes|p1a: Mithrandir\n|-crit|p1a: Mithrandir\n|-damage|p1a: Mithrandir|69/100\n|-crit|p1a: Mithrandir\n|-damage|p1a: Mithrandir|33/100\n|-crit|p1a: Mithrandir\n|-damage|p1a: Mithrandir|0 fnt\n|faint|p1a: Mithrandir\n|-hitcount|p1: Mithrandir|3\n|\n|-weather|RainDance|[upkeep]\n|upkeep\n|turn|3\n|inactive|magoromon has 30 seconds left.\n|\n|t:|1775164067\n|switch|p2a: Calyrex|Calyrex-Ice, L50|100/100\n|-ability|p2a: Calyrex|As One\n|-ability|p2a: Calyrex|Unnerve\n|-terastallize|p1b: Drambor|Grass\n|move|p1b: Drambor|Body Press|p2b: Kyogre\n|-damage|p2b: Kyogre|0 fnt\n|faint|p2b: Kyogre\n|\n|-weather|RainDance|[upkeep]\n|upkeep\n|\n|t:|1775164082\n|switch|p2b: Rillaboom|Rillaboom, L50, F|100/100\n|-fieldstart|move: Grassy Terrain|[from] ability: Grassy Surge|[of] p2b: Rillaboom\n|turn|4\n|\n|t:|1775164090\n|move|p1b: Drambor|Protect|p1b: Drambor\n|-singleturn|p1b: Drambor|Protect\n|move|p2b: Rillaboom|Fake Out|p1b: Drambor\n|-activate|p1b: Drambor|move: Protect\n|move|p2a: Calyrex|Glacial Lance|p1b: Drambor\n|-activate|p1b: Drambor|move: Protect\n|\n|-weather|RainDance|[upkeep]\n|-sideend|p1: Mirthinion|move: Tailwind\n|upkeep\n|turn|5\n|\n|t:|1775164099\n|move|p1b: Drambor|Body Press|p2a: Calyrex\n|-damage|p2a: Calyrex|66/100\n|move|p2b: Rillaboom|U-turn|p1b: Drambor\n|-supereffective|p1b: Drambor\n|-damage|p1b: Drambor|82/100\n|\n|t:|1775164104\n|switch|p2b: Urshifu|Urshifu-Rapid-Strike, L50, F|2/100|[from] U-turn\n|move|p2a: Calyrex|Glacial Lance|p1b: Drambor\n|-supereffective|p1b: Drambor\n|-damage|p1b: Drambor|30/100\n|\n|-weather|none\n|-heal|p2b: Urshifu|8/100|[from] Grassy Terrain\n|-heal|p1b: Drambor|37/100|[from] Grassy Terrain\n|-heal|p2a: Calyrex|72/100|[from] Grassy Terrain\n|-heal|p2a: Calyrex|77/100|[from] item: Leftovers\n|upkeep\n|turn|6\n|\n|t:|1775164116\n|move|p2b: Urshifu|Close Combat|p1b: Drambor\n|-damage|p1b: Drambor|9/100\n|-unboost|p2b: Urshifu|def|1\n|-unboost|p2b: Urshifu|spd|1\n|move|p1b: Drambor|Body Press|p2a: Calyrex\n|-crit|p2a: Calyrex\n|-damage|p2a: Calyrex|26/100\n|move|p2a: Calyrex|Glacial Lance|p1b: Drambor\n|-supereffective|p1b: Drambor\n|-damage|p1b: Drambor|0 fnt\n|faint|p1b: Drambor\n|\n|win|magoromon\n|raw|Mirthinion's rating: 1528 &rarr; <strong>1505</strong><br />(-23 for losing)\n|raw|magoromon's rating: 1480 &rarr; <strong>1503</strong><br />(+23 for winning)\n|c|\u2606Mirthinion|gg\n","uploadtime":1775164135,"views":47,"formatid":"gen9vgc2026regi","rating":1503,"private":0,"password":null}