{"id":"gen9vgc2026regi-2563776618","format":"[Gen 9] VGC 2026 Reg I","players":["Im/Him Pronouns","itastelikeiron"],"log":"|j|\u2606Im/Him Pronouns\n|j|\u2606itastelikeiron\n|t:|1774060903\n|gametype|doubles\n|player|p1|Im/Him Pronouns|blue|1410\n|player|p2|itastelikeiron|infielder|1462\n|gen|9\n|tier|[Gen 9] VGC 2026 Reg I\n|rated|\n|rule|Species Clause: Limit one of each Pok\u00e9mon\n|rule|Item Clause: Limit 1 of each item\n|clearpoke\n|poke|p1|Koraidon, L50|\n|poke|p1|Calyrex-Shadow, L50|\n|poke|p1|Weezing-Galar, L50, M|\n|poke|p1|Dondozo, L50, M|\n|poke|p1|Tatsugiri-Droopy, L50, M|\n|poke|p1|Chi-Yu, L50|\n|poke|p2|Tsareena, L50, F|\n|poke|p2|Kyogre, L50|\n|poke|p2|Basculegion, L50, M|\n|poke|p2|Tornadus, L50, M|\n|poke|p2|Incineroar, L50, M|\n|poke|p2|Zacian-*, L50|\n|teampreview|4\n|inactive|Battle timer is ON: inactive players will automatically lose when time's up. (requested by Im/Him Pronouns)\n|\n|t:|1774060924\n|teamsize|p1|4\n|teamsize|p2|4\n|start\n|switch|p1a: Dondozo|Dondozo, L50, M|100/100\n|switch|p1b: Tatsugiri|Tatsugiri-Droopy, L50, M, shiny|100/100\n|switch|p2a: Tornadus|Tornadus, L50, M|100/100\n|switch|p2b: Zacian|Zacian-Crowned, L50|100/100\n|-ability|p2b: Zacian|Intrepid Sword|boost\n|-boost|p2b: Zacian|atk|1\n|-activate|p1b: Tatsugiri|ability: Commander|[of] p1a: Dondozo\n|-boost|p1a: Dondozo|atk|2\n|-boost|p1a: Dondozo|spa|2\n|-boost|p1a: Dondozo|spe|2\n|-boost|p1a: Dondozo|def|2\n|-boost|p1a: Dondozo|spd|2\n|turn|1\n|\n|t:|1774060938\n|switch|p2a: Basculegion|Basculegion, L50, M|100/100\n|move|p2b: Zacian|Sacred Sword|p1a: Dondozo\n|-damage|p1a: Dondozo|79/100\n|move|p1a: Dondozo|Order Up|p2a: Basculegion\n|-damage|p2a: Basculegion|40/100\n|-boost|p1a: Dondozo|def|1\n|\n|-heal|p1a: Dondozo|86/100|[from] item: Leftovers\n|upkeep\n|turn|2\n|\n|t:|1774060948\n|move|p2b: Zacian|Sacred Sword|p1a: Dondozo\n|-damage|p1a: Dondozo|62/100\n|move|p1a: Dondozo|Order Up|p2a: Basculegion\n|-damage|p2a: Basculegion|0 fnt\n|faint|p2a: Basculegion\n|-boost|p1a: Dondozo|def|1\n|\n|-heal|p1a: Dondozo|68/100|[from] item: Leftovers\n|upkeep\n|\n|t:|1774060959\n|switch|p2a: Kyogre|Kyogre, L50|100/100\n|-weather|RainDance|[from] ability: Drizzle|[of] p2a: Kyogre\n|turn|3\n|\n|t:|1774060964\n|-terastallize|p2a: Kyogre|Water\n|move|p2a: Kyogre|Water Spout|p1a: Dondozo|[spread] p1a\n|-miss|p2a: Kyogre|p1b: Tatsugiri\n|-resisted|p1a: Dondozo\n|-damage|p1a: Dondozo|33/100\n|move|p2b: Zacian|Sacred Sword|p1a: Dondozo\n|-damage|p1a: Dondozo|8/100\n|move|p1a: Dondozo|Earthquake|p2b: Zacian|[spread] p2a,p2b\n|-miss|p1a: Dondozo|p1b: Tatsugiri\n|-crit|p2a: Kyogre\n|-supereffective|p2b: Zacian\n|-damage|p2a: Kyogre|20/100\n|-damage|p2b: Zacian|20/100\n|\n|-weather|RainDance|[upkeep]\n|-heal|p1a: Dondozo|15/100|[from] item: Leftovers\n|upkeep\n|turn|4\n|\n|t:|1774060978\n|switch|p2b: Tornadus|Tornadus, L50, M|100/100\n|move|p1a: Dondozo|Protect|p1a: Dondozo\n|-singleturn|p1a: Dondozo|Protect\n|move|p2a: Kyogre|Water Spout|p1b: Tatsugiri|[spread] \n|-miss|p2a: Kyogre|p1b: Tatsugiri\n|-activate|p1a: Dondozo|move: Protect\n|\n|-weather|RainDance|[upkeep]\n|-heal|p1a: Dondozo|21/100|[from] item: Leftovers\n|upkeep\n|turn|5\n|\n|t:|1774060991\n|move|p2b: Tornadus|Tailwind|p2b: Tornadus\n|-sidestart|p2: itastelikeiron|move: Tailwind\n|move|p2a: Kyogre|Water Spout|p1b: Tatsugiri|[spread] p1a\n|-miss|p2a: Kyogre|p1b: Tatsugiri\n|-resisted|p1a: Dondozo\n|-damage|p1a: Dondozo|15/100\n|move|p1a: Dondozo|Wave Crash|p2b: Tornadus\n|-enditem|p2b: Tornadus|Focus Sash\n|-damage|p2b: Tornadus|1/100\n|-damage|p1a: Dondozo|0 fnt|[from] Recoil\n|faint|p1a: Dondozo\n|\n|-weather|RainDance|[upkeep]\n|upkeep\n|\n|t:|1774061002\n|switch|p1a: Koraidon|Koraidon, L50|100/100\n|-weather|SunnyDay|[from] ability: Orichalcum Pulse|[of] p1a: Koraidon\n|-activate|p1a: Koraidon|Orichalcum Pulse|[source]\n|turn|6\n|\n|t:|1774061018\n|-terastallize|p1a: Koraidon|Fire\n|move|p2b: Tornadus|Rain Dance|p2b: Tornadus\n|-weather|RainDance\n|move|p2a: Kyogre|Water Spout|p1a: Koraidon|[spread] p1a,p1b\n|-supereffective|p1a: Koraidon\n|-resisted|p1b: Tatsugiri\n|-damage|p1a: Koraidon|52/100\n|-damage|p1b: Tatsugiri|92/100\n|move|p1a: Koraidon|Flame Charge|p2a: Kyogre\n|-resisted|p2a: Kyogre\n|-damage|p2a: Kyogre|11/100\n|-boost|p1a: Koraidon|spe|1\n|move|p1b: Tatsugiri|Muddy Water|p2b: Tornadus|[spread] p2a,p2b\n|-resisted|p2a: Kyogre\n|-damage|p2a: Kyogre|0 fnt\n|-damage|p2b: Tornadus|0 fnt\n|faint|p2a: Kyogre\n|faint|p2b: Tornadus\n|\n|-weather|RainDance|[upkeep]\n|upkeep\n|\n|t:|1774061023\n|switch|p2b: Zacian|Zacian-Crowned, L50|20/100\n|turn|7\n|\n|t:|1774061029\n|switch|p1b: Calyrex|Calyrex-Shadow, L50|100/100\n|-ability|p1b: Calyrex|As One\n|-ability|p1b: Calyrex|Unnerve\n|move|p1a: Koraidon|Protect|p1a: Koraidon\n|-singleturn|p1a: Koraidon|Protect\n|move|p2b: Zacian|Play Rough|p1b: Calyrex|[miss]\n|-miss|p2b: Zacian|p1b: Calyrex\n|\n|-weather|RainDance|[upkeep]\n|upkeep\n|turn|8\n|-message|itastelikeiron forfeited.\n|\n|win|Im/Him Pronouns\n|raw|Im&#x2f;Him Pronouns's rating: 1410 &rarr; <strong>1433</strong><br />(+23 for winning)\n|raw|itastelikeiron's rating: 1462 &rarr; <strong>1439</strong><br />(-23 for losing)\n|l|\u2606itastelikeiron\n|player|p2|\n|l|\u2606Im/Him Pronouns\n|player|p1|\n","uploadtime":1774061253,"views":13,"formatid":"gen9vgc2026regi","rating":1433,"private":0,"password":null}