{"id":"gen9vgc2026regi-2528198543","format":"[Gen 9] VGC 2026 Reg I","players":["grasshopperwater","lalo's pollos"],"log":"|j|\u2606grasshopperwater\n|j|\u2606lalo's pollos\n|t:|1769629253\n|gametype|doubles\n|player|p1|grasshopperwater|erika|1440\n|player|p2|lalo's pollos|169|1409\n|gen|9\n|tier|[Gen 9] VGC 2026 Reg I\n|rated|\n|rule|Species Clause: Limit one of each Pok\u00e9mon\n|rule|Item Clause: Limit 1 of each item\n|clearpoke\n|poke|p1|Miraidon, L50|\n|poke|p1|Lunala, L50|\n|poke|p1|Iron Hands, L50|\n|poke|p1|Iron Bundle, L50|\n|poke|p1|Ogerpon-Hearthflame, L50, F|\n|poke|p1|Incineroar, L50, F|\n|poke|p2|Miraidon, L50|\n|poke|p2|Landorus, L50, M|\n|poke|p2|Incineroar, L50, M|\n|poke|p2|Iron Bundle, L50|\n|poke|p2|Farigiraf, L50, M|\n|poke|p2|Calyrex-Ice, L50|\n|teampreview|4\n|\n|t:|1769629288\n|teamsize|p1|4\n|teamsize|p2|4\n|start\n|switch|p1a: Miraidon|Miraidon, L50|100/100\n|switch|p1b: Lunala|Lunala, L50|100/100\n|switch|p2a: Co-Star|Miraidon, L50|100/100\n|switch|p2b: the Manager|Farigiraf, L50, M|100/100\n|-fieldstart|move: Electric Terrain|[from] ability: Hadron Engine|[of] p1a: Miraidon\n|-enditem|p1b: Lunala|Electric Seed\n|-boost|p1b: Lunala|def|1|[from] item: Electric Seed\n|-activate|p2a: Co-Star|ability: Hadron Engine\n|turn|1\n|inactive|Battle timer is ON: inactive players will automatically lose when time's up. (requested by grasshopperwater)\n|\n|t:|1769629306\n|move|p1b: Lunala|Wide Guard|p1b: Lunala\n|-singleturn|p1b: Lunala|Wide Guard\n|move|p1a: Miraidon|Electro Drift|p2b: the Manager\n|-damage|p2b: the Manager|11/100\n|move|p2a: Co-Star|Draco Meteor|p1a: Miraidon\n|-supereffective|p1a: Miraidon\n|-damage|p1a: Miraidon|0 fnt\n|-unboost|p2a: Co-Star|spa|2\n|faint|p1a: Miraidon\n|move|p2b: the Manager|Trick Room|p2b: the Manager\n|-fieldstart|move: Trick Room|[of] p2b: the Manager\n|\n|upkeep\n|\n|t:|1769629314\n|switch|p1a: Iron Hands|Iron Hands, L50|100/100\n|-activate|p1a: Iron Hands|ability: Quark Drive\n|-start|p1a: Iron Hands|quarkdriveatk\n|turn|2\n|\n|t:|1769629332\n|switch|p2a: Landorus|Landorus, L50, M|100/100\n|move|p1a: Iron Hands|Low Kick|p2b: the Manager\n|-damage|p2b: the Manager|0 fnt\n|faint|p2b: the Manager\n|move|p1b: Lunala|Moonblast|p2a: Landorus\n|-damage|p2a: Landorus|69/100\n|\n|upkeep\n|\n|t:|1769629342\n|switch|p2b: Calyrex|Calyrex-Ice, L50|100/100\n|-ability|p2b: Calyrex|As One\n|-ability|p2b: Calyrex|Unnerve\n|turn|3\n|\n|t:|1769629354\n|move|p1a: Iron Hands|Ice Punch|p2a: Landorus\n|-supereffective|p2a: Landorus\n|-damage|p2a: Landorus|0 fnt\n|faint|p2a: Landorus\n|move|p2b: Calyrex|Glacial Lance|p1a: Iron Hands|[spread] p1a,p1b\n|-damage|p1a: Iron Hands|64/100\n|-damage|p1b: Lunala|88/100\n|move|p1b: Lunala|Moongeist Beam|p2b: Calyrex\n|-supereffective|p2b: Calyrex\n|-damage|p2b: Calyrex|46/100\n|\n|upkeep\n|\n|t:|1769629358\n|switch|p2a: Co-Star|Miraidon, L50|100/100\n|-activate|p2a: Co-Star|ability: Hadron Engine\n|turn|4\n|\n|t:|1769629372\n|-terastallize|p2a: Co-Star|Fairy\n|move|p2b: Calyrex|Protect|p2b: Calyrex\n|-singleturn|p2b: Calyrex|Protect\n|move|p1a: Iron Hands|Low Kick|p2a: Co-Star\n|-resisted|p2a: Co-Star\n|-damage|p2a: Co-Star|51/100\n|move|p1b: Lunala|Moongeist Beam|p2b: Calyrex\n|-activate|p2b: Calyrex|move: Protect\n|move|p2a: Co-Star|Electro Drift|p1b: Lunala\n|-damage|p1b: Lunala|5/100\n|\n|upkeep\n|turn|5\n|\n|t:|1769629392\n|-terastallize|p1a: Iron Hands|Grass\n|move|p1b: Lunala|Wide Guard|p1b: Lunala\n|-singleturn|p1b: Lunala|Wide Guard\n|move|p1a: Iron Hands|Low Kick|p2b: Calyrex\n|-damage|p2b: Calyrex|0 fnt\n|faint|p2b: Calyrex\n|move|p2a: Co-Star|Electro Drift|p1a: Iron Hands\n|-resisted|p1a: Iron Hands\n|-damage|p1a: Iron Hands|27/100\n|\n|-fieldend|move: Trick Room\n|-fieldend|move: Electric Terrain\n|-end|p1a: Iron Hands|Quark Drive\n|upkeep\n|turn|6\n|-message|lalo's pollos forfeited.\n|\n|win|grasshopperwater\n|raw|grasshopperwater's rating: 1440 &rarr; <strong>1458</strong><br />(+18 for winning)\n|raw|lalo&apos;s pollos's rating: 1409 &rarr; <strong>1391</strong><br />(-18 for losing)\n|l|\u2606lalo's pollos\n|player|p2|\n|l|\u2606grasshopperwater\n|player|p1|\n","uploadtime":1769629553,"views":21,"formatid":"gen9vgc2026regi","rating":1391,"private":0,"password":null}