{"id":"gen9vgc2026regi-2564732935","format":"[Gen 9] VGC 2026 Reg I","players":["BanKingambit69247","jun2014"],"log":"|j|\u2606BanKingambit69247\n|j|\u2606jun2014\n|t:|1774191873\n|gametype|doubles\n|player|p1|BanKingambit69247|lucas|1428\n|player|p2|jun2014|266|1531\n|gen|9\n|tier|[Gen 9] VGC 2026 Reg I\n|rated|\n|rule|Species Clause: Limit one of each Pok\u00e9mon\n|rule|Item Clause: Limit 1 of each item\n|clearpoke\n|poke|p1|Calyrex-Ice, L50|\n|poke|p1|Koraidon, L50|\n|poke|p1|Flutter Mane, L50|\n|poke|p1|Ogerpon-Cornerstone, L50, F|\n|poke|p1|Incineroar, L50, M|\n|poke|p1|Raging Bolt, L50|\n|poke|p2|Flutter Mane, L50|\n|poke|p2|Indeedee-F, L50, F|\n|poke|p2|Groudon, L50|\n|poke|p2|Whimsicott, L50, M|\n|poke|p2|Lunala, L50|\n|poke|p2|Incineroar, L50, M|\n|teampreview|4\n|inactive|Battle timer is ON: inactive players will automatically lose when time's up. (requested by BanKingambit69247)\n|\n|t:|1774191908\n|teamsize|p1|4\n|teamsize|p2|4\n|start\n|switch|p1a: Ogerpon|Ogerpon-Cornerstone, L50, F|100/100\n|switch|p1b: Calyrex|Calyrex-Ice, L50|100/100\n|switch|p2a: Lunala|Lunala, L50|100/100\n|switch|p2b: Indeedee|Indeedee-F, L50, F|100/100\n|-ability|p1b: Calyrex|As One\n|-ability|p1b: Calyrex|Unnerve\n|-fieldstart|move: Psychic Terrain|[from] ability: Psychic Surge|[of] p2b: Indeedee\n|turn|1\n|\n|t:|1774191932\n|move|p1a: Ogerpon|Follow Me|p1a: Ogerpon\n|-singleturn|p1a: Ogerpon|move: Follow Me\n|move|p2a: Lunala|Meteor Beam||[still]\n|-prepare|p2a: Lunala|Meteor Beam\n|-boost|p2a: Lunala|spa|1\n|-enditem|p2a: Lunala|Power Herb\n|-anim|p2a: Lunala|Meteor Beam|p1a: Ogerpon\n|-damage|p1a: Ogerpon|24/100\n|move|p2b: Indeedee|Alluring Voice|p1a: Ogerpon\n|-damage|p1a: Ogerpon|5/100\n|move|p1b: Calyrex|Glacial Lance|p2b: Indeedee|[spread] p2a,p2b\n|-damage|p2a: Lunala|79/100\n|-damage|p2b: Indeedee|48/100\n|\n|upkeep\n|turn|2\n|inactive|BanKingambit69247 has 30 seconds left.\n|inactive|jun2014 has 30 seconds left.\n|inactive|BanKingambit69247 has 20 seconds left.\n|inactive|jun2014 has 20 seconds left.\n|inactive|jun2014 has 15 seconds left.\n|inactive|jun2014 has 10 seconds left.\n|\n|t:|1774191981\n|switch|p1a: Incineroar|Incineroar, L50, M|100/100\n|-ability|p1a: Incineroar|Intimidate|boost\n|-unboost|p2a: Lunala|atk|1\n|-unboost|p2b: Indeedee|atk|1\n|-terastallize|p2a: Lunala|Water\n|move|p2b: Indeedee|Follow Me|p2b: Indeedee\n|-singleturn|p2b: Indeedee|move: Follow Me\n|move|p2a: Lunala|Expanding Force|p1b: Calyrex|[spread] p1b\n|-immune|p1a: Incineroar\n|-resisted|p1b: Calyrex\n|-crit|p1b: Calyrex\n|-damage|p1b: Calyrex|58/100\n|move|p1b: Calyrex|Trick Room|p1b: Calyrex\n|-fieldstart|move: Trick Room|[of] p1b: Calyrex\n|\n|upkeep\n|turn|3\n|inactive|BanKingambit69247 has 30 seconds left.\n|inactive|jun2014 has 30 seconds left.\n|inactive|BanKingambit69247 has 20 seconds left.\n|inactive|BanKingambit69247 has 15 seconds left.\n|\n|t:|1774192024\n|switch|p1b: Ogerpon|Ogerpon-Cornerstone, L50, F|5/100\n|move|p2b: Indeedee|Follow Me|p2b: Indeedee\n|-singleturn|p2b: Indeedee|move: Follow Me\n|move|p1a: Incineroar|Knock Off|p2b: Indeedee\n|-supereffective|p2b: Indeedee\n|-damage|p2b: Indeedee|0 fnt\n|-enditem|p2b: Indeedee|Safety Goggles|[from] move: Knock Off|[of] p1a: Incineroar\n|faint|p2b: Indeedee\n|move|p2a: Lunala|Trick Room|p2a: Lunala\n|-fieldend|move: Trick Room\n|\n|upkeep\n|\n|t:|1774192037\n|switch|p2b: Groudon|Groudon, L50|100/100\n|-weather|SunnyDay|[from] ability: Drought|[of] p2b: Groudon\n|turn|4\n|\n|t:|1774192058\n|-terastallize|p1a: Incineroar|Bug\n|move|p1b: Ogerpon|Power Whip|p2a: Lunala\n|-supereffective|p2a: Lunala\n|-damage|p2a: Lunala|0 fnt\n|faint|p2a: Lunala\n|move|p1a: Incineroar|U-turn|p2b: Groudon\n|-damage|p2b: Groudon|82/100\n|\n|t:|1774192066\n|switch|p1a: Koraidon|Koraidon, L50|100/100|[from] U-turn\n|-activate|p1a: Koraidon|ability: Orichalcum Pulse\n|move|p2b: Groudon|Precipice Blades|p1a: Koraidon|[spread] p1b\n|-miss|p2b: Groudon|p1a: Koraidon\n|-damage|p1b: Ogerpon|0 fnt\n|faint|p1b: Ogerpon\n|\n|-weather|SunnyDay|[upkeep]\n|upkeep\n|\n|t:|1774192077\n|switch|p1b: Incineroar|Incineroar, L50, M, tera:Bug|100/100\n|switch|p2a: Whimsicott|Whimsicott, L50, M|100/100\n|-ability|p1b: Incineroar|Intimidate|boost\n|-unboost|p2a: Whimsicott|atk|1\n|-unboost|p2b: Groudon|atk|1\n|turn|5\n|\n|t:|1774192090\n|move|p2a: Whimsicott|Moonblast|p1a: Koraidon\n|-supereffective|p1a: Koraidon\n|-damage|p1a: Koraidon|3/100\n|move|p1a: Koraidon|Flame Charge|p2a: Whimsicott\n|-supereffective|p2a: Whimsicott\n|-enditem|p2a: Whimsicott|Focus Sash\n|-damage|p2a: Whimsicott|1/100\n|-boost|p1a: Koraidon|spe|1\n|move|p1b: Incineroar|Knock Off|p2a: Whimsicott\n|-resisted|p2a: Whimsicott\n|-damage|p2a: Whimsicott|0 fnt\n|faint|p2a: Whimsicott\n|move|p2b: Groudon|Precipice Blades|p1b: Incineroar|[spread] p1a,p1b\n|-resisted|p1b: Incineroar\n|-damage|p1a: Koraidon|0 fnt\n|-damage|p1b: Incineroar|73/100\n|faint|p1a: Koraidon\n|\n|-weather|SunnyDay|[upkeep]\n|-fieldend|move: Psychic Terrain\n|upkeep\n|\n|t:|1774192097\n|switch|p1a: Calyrex|Calyrex-Ice, L50|58/100\n|-ability|p1a: Calyrex|As One\n|-ability|p1a: Calyrex|Unnerve\n|turn|6\n|\n|t:|1774192114\n|move|p1b: Incineroar|Knock Off|p2b: Groudon\n|-crit|p2b: Groudon\n|-damage|p2b: Groudon|44/100\n|-enditem|p2b: Groudon|Choice Band|[from] move: Knock Off|[of] p1b: Incineroar\n|move|p2b: Groudon|Precipice Blades|p1b: Incineroar|[spread] p1a,p1b\n|-resisted|p1b: Incineroar\n|-damage|p1a: Calyrex|38/100\n|-damage|p1b: Incineroar|55/100\n|move|p1a: Calyrex|Glacial Lance|p2b: Groudon\n|-supereffective|p2b: Groudon\n|-damage|p2b: Groudon|0 fnt\n|faint|p2b: Groudon\n|\n|win|BanKingambit69247\n|raw|BanKingambit69247's rating: 1428 &rarr; <strong>1454</strong><br />(+26 for winning)\n|raw|jun2014's rating: 1531 &rarr; <strong>1505</strong><br />(-26 for losing)\n|l|\u2606jun2014\n|player|p2|\n","uploadtime":1774192118,"views":33,"formatid":"gen9vgc2026regi","rating":1454,"private":0,"password":null}