{"id":"gen9vgc2026regi-2519856803","format":"[Gen 9] VGC 2026 Reg I","players":["VJ2511","Kaizer_Ifrit"],"log":"|j|\u2606VJ2511\n|j|\u2606Kaizer_Ifrit\n|t:|1768561723\n|gametype|doubles\n|player|p1|VJ2511|red-masters3|1517\n|player|p2|Kaizer_Ifrit|caitlin|1481\n|gen|9\n|tier|[Gen 9] VGC 2026 Reg I\n|rated|\n|rule|Species Clause: Limit one of each Pok\u00e9mon\n|rule|Item Clause: Limit 1 of each item\n|clearpoke\n|poke|p1|Calyrex-Shadow, L50|\n|poke|p1|Zamazenta-*, L50|\n|poke|p1|Smeargle, L50, F|\n|poke|p1|Incineroar, L50, F|\n|poke|p1|Rillaboom, L50, F|\n|poke|p1|Raging Bolt, L50|\n|poke|p2|Calyrex-Ice, L50|\n|poke|p2|Miraidon, L50|\n|poke|p2|Farigiraf, L50, F|\n|poke|p2|Iron Hands, L50|\n|poke|p2|Ogerpon-Hearthflame, L50, F|\n|poke|p2|Urshifu-*, L50, M|\n|teampreview|4\n|inactive|Battle timer is ON: inactive players will automatically lose when time's up. (requested by Kaizer_Ifrit)\n|\n|t:|1768561750\n|teamsize|p1|4\n|teamsize|p2|4\n|start\n|switch|p1a: Calyrex|Calyrex-Shadow, L50|100/100\n|switch|p1b: Smeargle|Smeargle, L50, F|100/100\n|switch|p2a: 1+2|Iron Hands, L50|100/100\n|switch|p2b: 6523RP|Miraidon, L50|100/100\n|-ability|p1a: Calyrex|As One\n|-ability|p1a: Calyrex|Unnerve\n|-fieldstart|move: Electric Terrain|[from] ability: Hadron Engine|[of] p2b: 6523RP\n|-activate|p2a: 1+2|ability: Quark Drive\n|-start|p2a: 1+2|quarkdriveatk\n|turn|1\n|\n|t:|1768561768\n|-end|p2a: 1+2|Quark Drive|[silent]\n|switch|p2a: Great Neck|Farigiraf, L50, F|100/100\n|-enditem|p2a: Great Neck|Electric Seed\n|-boost|p2a: Great Neck|def|1|[from] item: Electric Seed\n|move|p1b: Smeargle|Fake Out||[still]\n|cant|p2a: Great Neck|ability: Armor Tail|Fake Out|[of] p1b: Smeargle\n|move|p1a: Calyrex|Astral Barrage|p2b: 6523RP|[spread] p2b\n|-immune|p2a: Great Neck\n|-damage|p2b: 6523RP|37/100\n|-damage|p1a: Calyrex|91/100|[from] item: Life Orb\n|move|p2b: 6523RP|Volt Switch|p1b: Smeargle\n|-enditem|p1b: Smeargle|Focus Sash\n|-damage|p1b: Smeargle|1/100\n|\n|t:|1768561778\n|switch|p2b: 1+2|Iron Hands, L50|100/100|[from] Volt Switch\n|-activate|p2b: 1+2|ability: Quark Drive\n|-start|p2b: 1+2|quarkdriveatk\n|\n|-ability|p1b: Smeargle|Moody|boost\n|-boost|p1b: Smeargle|spa|2\n|-unboost|p1b: Smeargle|spd|1\n|upkeep\n|turn|2\n|\n|t:|1768561788\n|move|p1b: Smeargle|Follow Me|p1b: Smeargle\n|-singleturn|p1b: Smeargle|move: Follow Me\n|move|p1a: Calyrex|Psychic|p2b: 1+2\n|-supereffective|p2b: 1+2\n|-damage|p2b: 1+2|14/100\n|-damage|p1a: Calyrex|82/100|[from] item: Life Orb\n|move|p2b: 1+2|Wild Charge|p1b: Smeargle\n|-damage|p1b: Smeargle|0 fnt\n|faint|p1b: Smeargle\n|-damage|p2b: 1+2|13/100|[from] Recoil\n|move|p2a: Great Neck|Trick Room|p2a: Great Neck\n|-fieldstart|move: Trick Room|[of] p2a: Great Neck\n|\n|upkeep\n|\n|t:|1768561795\n|switch|p1b: Zamazenta|Zamazenta-Crowned, L50|100/100\n|-ability|p1b: Zamazenta|Dauntless Shield|boost\n|-boost|p1b: Zamazenta|def|1\n|turn|3\n|\n|t:|1768561802\n|switch|p1a: Incineroar|Incineroar, L50, F|100/100\n|-ability|p1a: Incineroar|Intimidate|boost\n|-unboost|p2a: Great Neck|atk|1\n|-unboost|p2b: 1+2|atk|1\n|-terastallize|p1b: Zamazenta|Water\n|move|p2a: Great Neck|Helping Hand|p2b: 1+2\n|-singleturn|p2b: 1+2|Helping Hand|[of] p2a: Great Neck\n|move|p2b: 1+2|Low Kick|p1b: Zamazenta\n|-damage|p1b: Zamazenta|67/100\n|move|p1b: Zamazenta|Body Press|p2b: 1+2\n|-damage|p2b: 1+2|0 fnt\n|faint|p2b: 1+2\n|-end|p2b: 1+2|Quark Drive|[silent]\n|\n|upkeep\n|\n|t:|1768561817\n|switch|p2b: 6523RP|Miraidon, L50|37/100\n|-activate|p2b: 6523RP|ability: Hadron Engine\n|turn|4\n|\n|t:|1768561824\n|-terastallize|p2b: 6523RP|Fairy\n|move|p2a: Great Neck|Helping Hand|p2b: 6523RP\n|-singleturn|p2b: 6523RP|Helping Hand|[of] p2a: Great Neck\n|move|p1a: Incineroar|Knock Off|p2a: Great Neck\n|-supereffective|p2a: Great Neck\n|-damage|p2a: Great Neck|67/100\n|move|p1b: Zamazenta|Body Press|p2b: 6523RP\n|-resisted|p2b: 6523RP\n|-damage|p2b: 6523RP|8/100\n|move|p2b: 6523RP|Volt Switch|p1a: Incineroar\n|-crit|p1a: Incineroar\n|-damage|p1a: Incineroar|0 fnt\n|faint|p1a: Incineroar\n|\n|t:|1768561833\n|switch|p2b: B+4 2 1|Urshifu-Rapid-Strike, L50, M|100/100|[from] Volt Switch\n|\n|upkeep\n|\n|t:|1768561836\n|switch|p1a: Calyrex|Calyrex-Shadow, L50|82/100\n|-ability|p1a: Calyrex|As One\n|-ability|p1a: Calyrex|Unnerve\n|turn|5\n|\n|t:|1768561844\n|move|p2a: Great Neck|Helping Hand|p2b: B+4 2 1\n|-singleturn|p2b: B+4 2 1|Helping Hand|[of] p2a: Great Neck\n|move|p2b: B+4 2 1|Surging Strikes|p1a: Calyrex\n|-crit|p1a: Calyrex\n|-damage|p1a: Calyrex|42/100\n|-crit|p1a: Calyrex\n|-damage|p1a: Calyrex|4/100\n|-crit|p1a: Calyrex\n|-damage|p1a: Calyrex|0 fnt\n|faint|p1a: Calyrex\n|-hitcount|p1: Calyrex|3\n|move|p1b: Zamazenta|Body Press|p2a: Great Neck\n|-damage|p2a: Great Neck|19/100\n|\n|-fieldend|move: Electric Terrain\n|upkeep\n|turn|6\n|\n|t:|1768561856\n|move|p2a: Great Neck|Psychic|p1b: Zamazenta\n|-damage|p1b: Zamazenta|41/100\n|move|p2b: B+4 2 1|Close Combat|p1b: Zamazenta\n|-damage|p1b: Zamazenta|15/100\n|-unboost|p2b: B+4 2 1|def|1\n|-unboost|p2b: B+4 2 1|spd|1\n|move|p1b: Zamazenta|Body Press|p2b: B+4 2 1\n|-damage|p2b: B+4 2 1|1/100\n|\n|-fieldend|move: Trick Room\n|upkeep\n|turn|7\n|-message|VJ2511 forfeited.\n|\n|win|Kaizer_Ifrit\n|raw|VJ2511's rating: 1517 &rarr; <strong>1495</strong><br />(-22 for losing)\n|raw|Kaizer_Ifrit's rating: 1481 &rarr; <strong>1503</strong><br />(+22 for winning)\n|l|\u2606VJ2511\n|player|p1|\n","uploadtime":1768561999,"views":27,"formatid":"gen9vgc2026regi","rating":1495,"private":0,"password":null}