{"id":"gen9vgc2026regi-2568498227","format":"[Gen 9] VGC 2026 Reg I","players":["mojaaa","clefci"],"log":"|j|\u2606mojaaa\n|j|\u2606clefci\n|t:|1774585923\n|gametype|doubles\n|player|p1|mojaaa|1|1488\n|player|p2|clefci|170|1535\n|gen|9\n|tier|[Gen 9] VGC 2026 Reg I\n|rated|\n|rule|Species Clause: Limit one of each Pok\u00e9mon\n|rule|Item Clause: Limit 1 of each item\n|clearpoke\n|poke|p1|Terapagos, L50, M|\n|poke|p1|Groudon, L50|\n|poke|p1|Indeedee-F, L50, F|\n|poke|p1|Whimsicott, L50, M|\n|poke|p1|Raging Bolt, L50|\n|poke|p1|Volcarona, L50, M|\n|poke|p2|Groudon, L50|\n|poke|p2|Lunala, L50|\n|poke|p2|Flutter Mane, L50|\n|poke|p2|Gouging Fire, L50|\n|poke|p2|Jumpluff, L50, F|\n|poke|p2|Raging Bolt, L50|\n|teampreview|4\n|inactive|Battle timer is ON: inactive players will automatically lose when time's up. (requested by clefci)\n|inactive|mojaaa has 60 seconds left.\n|inactive|mojaaa has 30 seconds left.\n|\n|t:|1774585992\n|teamsize|p1|4\n|teamsize|p2|4\n|start\n|switch|p1a: Terapagos|Terapagos, L50, M|100/100\n|switch|p1b: Indeedee|Indeedee-F, L50, F|100/100\n|switch|p2a: Groudon|Groudon, L50|100/100\n|switch|p2b: Gouging Fire|Gouging Fire, L50|100/100\n|-activate|p1a: Terapagos|ability: Tera Shift\n|detailschange|p1a: Terapagos|Terapagos-Terastal, L50, M\n|-heal|p1a: Terapagos|100/100|[silent]\n|-weather|SunnyDay|[from] ability: Drought|[of] p2a: Groudon\n|-activate|p2b: Gouging Fire|ability: Protosynthesis\n|-start|p2b: Gouging Fire|protosynthesisspe\n|-fieldstart|move: Psychic Terrain|[from] ability: Psychic Surge|[of] p1b: Indeedee\n|turn|1\n|inactive|mojaaa has 30 seconds left.\n|\n|t:|1774586027\n|-terastallize|p1a: Terapagos|Stellar\n|detailschange|p1a: Terapagos|Terapagos-Stellar, L50, M, tera:Stellar\n|-heal|p1a: Terapagos|100/100|[silent]\n|-ability|p1a: Terapagos|Teraform Zero\n|-weather|none\n|-end|p2b: Gouging Fire|Protosynthesis\n|-fieldend|move: Psychic Terrain\n|move|p1b: Indeedee|Fake Out|p2a: Groudon\n|-damage|p2a: Groudon|94/100\n|move|p2b: Gouging Fire|Snarl|p1b: Indeedee|[spread] p1a,p1b\n|-supereffective|p1b: Indeedee\n|-damage|p1a: Terapagos|96/100\n|-damage|p1b: Indeedee|89/100\n|-unboost|p1a: Terapagos|spa|1\n|-unboost|p1b: Indeedee|spa|1\n|-enditem|p1b: Indeedee|Eject Button\n|\n|t:|1774586041\n|switch|p1b: Whimsicott|Whimsicott, L50, M|100/100\n|move|p1a: Terapagos|Meteor Beam||[still]\n|-prepare|p1a: Terapagos|Meteor Beam\n|-boost|p1a: Terapagos|spa|1\n|-enditem|p1a: Terapagos|Power Herb\n|-anim|p1a: Terapagos|Meteor Beam|p2b: Gouging Fire\n|-supereffective|p2b: Gouging Fire\n|-damage|p2b: Gouging Fire|4/100\n|move|p2a: Groudon|Precipice Blades|p1a: Terapagos|[spread] p1a,p1b\n|-resisted|p1b: Whimsicott\n|-damage|p1a: Terapagos|61/100\n|-damage|p1b: Whimsicott|66/100\n|\n|upkeep\n|turn|2\n|inactive|clefci has 30 seconds left.\n|inactive|clefci has 20 seconds left.\n|\n|t:|1774586078\n|-end|p2b: Gouging Fire|Protosynthesis|[silent]\n|switch|p2b: Jumpluff|Jumpluff, L50, F|100/100\n|move|p1b: Whimsicott|Tailwind|p1b: Whimsicott\n|-sidestart|p1: mojaaa|move: Tailwind\n|move|p1a: Terapagos|Tera Starstorm|p2b: Jumpluff|[spread] p2a,p2b\n|-damage|p2a: Groudon|65/100\n|-damage|p2b: Jumpluff|69/100\n|move|p2a: Groudon|Precipice Blades|p1a: Terapagos|[spread] p1a,p1b\n|-resisted|p1b: Whimsicott\n|-damage|p1a: Terapagos|28/100\n|-damage|p1b: Whimsicott|32/100\n|\n|upkeep\n|turn|3\n|inactive|mojaaa has 30 seconds left.\n|inactive|mojaaa has 20 seconds left.\n|inactive|mojaaa has 15 seconds left.\n|\n|t:|1774586119\n|move|p1b: Whimsicott|Endeavor|p2a: Groudon\n|-damage|p2a: Groudon|19/100\n|move|p1a: Terapagos|Tera Starstorm|p2b: Jumpluff|[spread] p2a,p2b\n|-damage|p2a: Groudon|0 fnt\n|-damage|p2b: Jumpluff|35/100\n|faint|p2a: Groudon\n|move|p2b: Jumpluff|Tailwind|p2b: Jumpluff\n|-sidestart|p2: clefci|move: Tailwind\n|\n|upkeep\n|\n|t:|1774586125\n|switch|p2a: Lunala|Lunala, L50|100/100\n|turn|4\n|\n|t:|1774586142\n|-terastallize|p2a: Lunala|Fairy\n|move|p2b: Jumpluff|Protect|p2b: Jumpluff\n|-singleturn|p2b: Jumpluff|Protect\n|move|p1b: Whimsicott|Encore|p2b: Jumpluff\n|-activate|p2b: Jumpluff|move: Protect\n|move|p1a: Terapagos|Tera Starstorm|p2a: Lunala|[spread] p2a\n|-activate|p2b: Jumpluff|move: Protect\n|-supereffective|p2a: Lunala\n|-damage|p2a: Lunala|76/100\n|move|p2a: Lunala|Dazzling Gleam|p1a: Terapagos|[spread] p1a,p1b\n|-damage|p1a: Terapagos|0 fnt\n|-damage|p1b: Whimsicott|0 fnt\n|faint|p1a: Terapagos\n|detailschange|p1: Terapagos|Terapagos, L50, M|[silent]\n|faint|p1b: Whimsicott\n|\n|upkeep\n|\n|t:|1774586159\n|switch|p1b: Indeedee|Indeedee-F, L50, F|89/100\n|switch|p1a: Groudon|Groudon, L50|100/100\n|-weather|SunnyDay|[from] ability: Drought|[of] p1a: Groudon\n|-fieldstart|move: Psychic Terrain|[from] ability: Psychic Surge|[of] p1b: Indeedee\n|turn|5\n|\n|t:|1774586175\n|move|p1b: Indeedee|Fake Out|p2b: Jumpluff\n|-hint|Psychic Terrain doesn't affect Pok\u00e9mon immune to Ground.\n|-damage|p2b: Jumpluff|22/100\n|cant|p2b: Jumpluff|flinch\n|move|p2a: Lunala|Dazzling Gleam|p1a: Groudon|[spread] p1a,p1b\n|-crit|p1b: Indeedee\n|-damage|p1a: Groudon|55/100\n|-damage|p1b: Indeedee|20/100\n|move|p1a: Groudon|Rock Slide|p2a: Lunala|[spread] p2a,p2b\n|-supereffective|p2b: Jumpluff\n|-damage|p2a: Lunala|46/100\n|-damage|p2b: Jumpluff|0 fnt\n|faint|p2b: Jumpluff\n|\n|-weather|SunnyDay|[upkeep]\n|-sideend|p1: mojaaa|move: Tailwind\n|upkeep\n|\n|t:|1774586185\n|switch|p2b: Gouging Fire|Gouging Fire, L50|4/100\n|-activate|p2b: Gouging Fire|ability: Protosynthesis\n|-start|p2b: Gouging Fire|protosynthesisspe\n|turn|6\n|\n|t:|1774586196\n|move|p1b: Indeedee|Follow Me|p1b: Indeedee\n|-singleturn|p1b: Indeedee|move: Follow Me\n|move|p2b: Gouging Fire|Flare Blitz|p1b: Indeedee\n|-damage|p1b: Indeedee|0 fnt\n|faint|p1b: Indeedee\n|-damage|p2b: Gouging Fire|0 fnt|[from] Recoil\n|faint|p2b: Gouging Fire\n|-end|p2b: Gouging Fire|Protosynthesis|[silent]\n|move|p2a: Lunala|Dazzling Gleam|p1a: Groudon\n|-damage|p1a: Groudon|0 fnt\n|faint|p1a: Groudon\n|\n|win|clefci\n|raw|mojaaa's rating: 1488 &rarr; <strong>1471</strong><br />(-17 for losing)\n|raw|clefci's rating: 1535 &rarr; <strong>1552</strong><br />(+17 for winning)\n|l|\u2606mojaaa\n|player|p1|\n|l|\u2606clefci\n|player|p2|\n","uploadtime":1774586338,"views":9,"formatid":"gen9vgc2026regi","rating":1471,"private":0,"password":null}