{"id":"gen9vgc2026regi-2577944222","format":"[Gen 9] VGC 2026 Reg I","players":["Bman3111","sukaww"],"log":"|j|\u2606Bman3111\n|j|\u2606sukaww\n|t:|1775624242\n|gametype|doubles\n|player|p1|Bman3111|1|1391\n|player|p2|sukaww|1|1345\n|gen|9\n|tier|[Gen 9] VGC 2026 Reg I\n|rated|\n|rule|Species Clause: Limit one of each Pok\u00e9mon\n|rule|Item Clause: Limit 1 of each item\n|clearpoke\n|poke|p1|Iron Bundle, L50|\n|poke|p1|Farigiraf, L50, M|\n|poke|p1|Calyrex-Ice, L50|\n|poke|p1|Miraidon, L50|\n|poke|p1|Iron Hands, L50|\n|poke|p1|Annihilape, L50, F|\n|poke|p2|Calyrex-Ice, L50|\n|poke|p2|Miraidon, L50|\n|poke|p2|Iron Hands, L50|\n|poke|p2|Farigiraf, L50, M|\n|poke|p2|Ursaluna-Bloodmoon, L50, M|\n|poke|p2|Torkoal, L50, F|\n|teampreview|4\n|inactive|Battle timer is ON: inactive players will automatically lose when time's up. (requested by Bman3111)\nBman3111 has agreed to open team sheets.\n|j| ClinicalSkillIssue\n|\n|t:|1775624263\n|teamsize|p1|4\n|teamsize|p2|4\n|start\n|switch|p1a: Miraidon|Miraidon, L50|100/100\n|switch|p1b: Annihilape|Annihilape, L50, F|100/100\n|switch|p2a: Calyrex|Calyrex-Ice, L50|100/100\n|switch|p2b: Miraidon|Miraidon, L50|100/100\n|-ability|p2a: Calyrex|As One\n|-ability|p2a: Calyrex|Unnerve\n|-fieldstart|move: Electric Terrain|[from] ability: Hadron Engine|[of] p2b: Miraidon\n|-activate|p1a: Miraidon|ability: Hadron Engine\n|turn|1\n|\n|t:|1775624273\n|move|p2b: Miraidon|Volt Switch|p1b: Annihilape\n|-damage|p1b: Annihilape|38/100\n|\n|t:|1775624276\n|switch|p2b: Iron Hands|Iron Hands, L50|100/100|[from] Volt Switch\n|-activate|p2b: Iron Hands|ability: Quark Drive\n|-start|p2b: Iron Hands|quarkdriveatk\n|move|p1b: Annihilape|Final Gambit|p2a: Calyrex\n|-damage|p2a: Calyrex|61/100\n|faint|p1b: Annihilape\n|move|p1a: Miraidon|Draco Meteor|p2b: Iron Hands\n|-damage|p2b: Iron Hands|29/100\n|-unboost|p1a: Miraidon|spa|2\n|-damage|p1a: Miraidon|91/100|[from] item: Life Orb\n|move|p2a: Calyrex|Trick Room|p2a: Calyrex\n|-fieldstart|move: Trick Room|[of] p2a: Calyrex\n|\n|upkeep\n|\n|t:|1775624286\n|switch|p1b: Iron Hands|Iron Hands, L50|100/100\n|-activate|p1b: Iron Hands|ability: Quark Drive\n|-start|p1b: Iron Hands|quarkdriveatk\n|turn|2\n|\n|t:|1775624296\n|switch|p1a: Calyrex|Calyrex-Ice, L50|100/100\n|-ability|p1a: Calyrex|As One\n|-ability|p1a: Calyrex|Unnerve\n|-terastallize|p1b: Iron Hands|Water\n|move|p2b: Iron Hands|Fake Out|p1b: Iron Hands\n|-damage|p1b: Iron Hands|85/100\n|cant|p1b: Iron Hands|flinch\n|move|p2a: Calyrex|Glacial Lance|p1a: Calyrex|[spread] p1a,p1b\n|-resisted|p1a: Calyrex\n|-resisted|p1b: Iron Hands\n|-damage|p1a: Calyrex|82/100\n|-damage|p1b: Iron Hands|65/100\n|\n|upkeep\n|turn|3\n|\n|t:|1775624312\n|switch|p2a: Torkoal|Torkoal, L50, F|100/100\n|-weather|SunnyDay|[from] ability: Drought|[of] p2a: Torkoal\n|move|p2b: Iron Hands|Wild Charge|p1b: Iron Hands\n|-supereffective|p1b: Iron Hands\n|-damage|p1b: Iron Hands|0 fnt\n|faint|p1b: Iron Hands\n|-end|p1b: Iron Hands|Quark Drive|[silent]\n|-damage|p2b: Iron Hands|13/100|[from] Recoil\n|move|p1a: Calyrex|Trick Room|p1a: Calyrex\n|-fieldend|move: Trick Room\n|\n|-weather|SunnyDay|[upkeep]\n|upkeep\n|\n|t:|1775624314\n|switch|p1b: Miraidon|Miraidon, L50|91/100\n|-activate|p1b: Miraidon|ability: Hadron Engine\n|turn|4\n|inactive|sukaww has 30 seconds left.\n|\n|t:|1775624345\n|-end|p2b: Iron Hands|Quark Drive|[silent]\n|switch|p2b: Calyrex|Calyrex-Ice, L50|61/100\n|-ability|p2b: Calyrex|As One\n|-ability|p2b: Calyrex|Unnerve\n|move|p1b: Miraidon|Electro Drift|p2a: Torkoal\n|-damage|p2a: Torkoal|0 fnt\n|faint|p2a: Torkoal\n|-damage|p1b: Miraidon|81/100|[from] item: Life Orb\n|move|p1a: Calyrex|Glacial Lance|p2b: Calyrex\n|-resisted|p2b: Calyrex\n|-damage|p2b: Calyrex|39/100\n|\n|-weather|SunnyDay|[upkeep]\n|upkeep\n|\n|t:|1775624358\n|switch|p2a: Miraidon|Miraidon, L50|100/100\n|-activate|p2a: Miraidon|ability: Hadron Engine\n|turn|5\n|\n|t:|1775624362\n|-terastallize|p2a: Miraidon|Electric\n|move|p1b: Miraidon|Protect|p1b: Miraidon\n|-singleturn|p1b: Miraidon|Protect\n|move|p2a: Miraidon|Electro Drift|p1a: Calyrex\n|-damage|p1a: Calyrex|2/100\n|move|p1a: Calyrex|Glacial Lance|p2b: Calyrex|[spread] p2a,p2b\n|-resisted|p2b: Calyrex\n|-damage|p2a: Miraidon|49/100\n|-damage|p2b: Calyrex|20/100\n|move|p2b: Calyrex|Glacial Lance|p1b: Miraidon|[spread] p1a\n|-activate|p1b: Miraidon|move: Protect\n|-resisted|p1a: Calyrex\n|-damage|p1a: Calyrex|0 fnt\n|faint|p1a: Calyrex\n|-ability|p2b: Calyrex|Chilling Neigh|boost\n|-boost|p2b: Calyrex|atk|1\n|\n|-weather|SunnyDay|[upkeep]\n|-fieldend|move: Electric Terrain\n|upkeep\n|turn|6\n|\n|t:|1775624379\n|switch|p2a: Iron Hands|Iron Hands, L50|13/100\n|move|p2b: Calyrex|Protect|p2b: Calyrex\n|-singleturn|p2b: Calyrex|Protect\n|move|p1b: Miraidon|Electro Drift|p2b: Calyrex\n|-activate|p2b: Calyrex|move: Protect\n|\n|-weather|SunnyDay|[upkeep]\n|upkeep\n|turn|7\n|-message|Bman3111 forfeited.\n|\n|win|sukaww\n|raw|Bman3111's rating: 1391 &rarr; <strong>1368</strong><br />(-23 for losing)\n|raw|sukaww's rating: 1345 &rarr; <strong>1368</strong><br />(+23 for winning)\n|l|\u2606Bman3111\n|player|p1|\n|l| ClinicalSkillIssue\n|l|\u2606sukaww\n|player|p2|\n","uploadtime":1775624550,"views":10,"formatid":"gen9vgc2026regi","rating":1368,"private":0,"password":null}