{"id":"gen9vgc2026regi-2553226637","format":"[Gen 9] VGC 2026 Reg I","players":["pzyxhic","justin0237"],"log":"|j|\u2606pzyxhic\n|j|\u2606justin0237\n|t:|1772811875\n|gametype|doubles\n|player|p1|pzyxhic|1|1408\n|player|p2|justin0237|170|1530\n|gen|9\n|tier|[Gen 9] VGC 2026 Reg I\n|rated|\n|rule|Species Clause: Limit one of each Pok\u00e9mon\n|rule|Item Clause: Limit 1 of each item\n|clearpoke\n|poke|p1|Calyrex-Shadow, L50|\n|poke|p1|Chi-Yu, L50|\n|poke|p1|Whimsicott, L50, F|\n|poke|p1|Urshifu-*, L50, F|\n|poke|p1|Farigiraf, L50, F|\n|poke|p1|Kyurem-White, L50|\n|poke|p2|Incineroar, L50, F|\n|poke|p2|Landorus, L50, M|\n|poke|p2|Calyrex-Shadow, L50|\n|poke|p2|Koraidon, L50|\n|poke|p2|Brute Bonnet, L50|\n|poke|p2|Raging Bolt, L50|\n|teampreview|4\n|\n|t:|1772811904\n|teamsize|p1|4\n|teamsize|p2|4\n|start\n|switch|p1a: Whimsicott|Whimsicott, L50, F|100/100\n|switch|p1b: Kyurem|Kyurem-White, L50|100/100\n|switch|p2a: Wacka|Brute Bonnet, L50|100/100\n|switch|p2b: Kareem|Incineroar, L50, F|100/100\n|-ability|p1b: Kyurem|Turboblaze\n|-ability|p2b: Kareem|Intimidate|boost\n|-unboost|p1a: Whimsicott|atk|1\n|-unboost|p1b: Kyurem|atk|1\n|turn|1\n|\n|t:|1772811933\n|-terastallize|p2a: Wacka|Water\n|move|p1b: Kyurem|Protect|p1b: Kyurem\n|-singleturn|p1b: Kyurem|Protect\n|move|p1a: Whimsicott|Tailwind|p1a: Whimsicott\n|-sidestart|p1: pzyxhic|move: Tailwind\n|move|p2a: Wacka|Spore|p1b: Kyurem\n|-activate|p1b: Kyurem|move: Protect\n|move|p2b: Kareem|Parting Shot|p1b: Kyurem\n|-activate|p1b: Kyurem|move: Protect\n|\n|upkeep\n|turn|2\n|\n|t:|1772811953\n|move|p1a: Whimsicott|Fake Tears|p2a: Wacka\n|-unboost|p2a: Wacka|spd|2\n|move|p1b: Kyurem|Freeze-Dry|p2a: Wacka\n|-supereffective|p2a: Wacka\n|-damage|p2a: Wacka|0 fnt\n|faint|p2a: Wacka\n|-end|p2a: Wacka|Protosynthesis|[silent]\n|-damage|p1b: Kyurem|91/100|[from] item: Life Orb\n|move|p2b: Kareem|Parting Shot|p1b: Kyurem\n|-unboost|p1b: Kyurem|atk|1\n|-unboost|p1b: Kyurem|spa|1\n|\n|t:|1772811964\n|switch|p2b: Mao & Agati|Calyrex-Shadow, L50|100/100|[from] Parting Shot\n|-ability|p2b: Mao & Agati|As One\n|-ability|p2b: Mao & Agati|Unnerve\n|\n|upkeep\n|\n|t:|1772811970\n|switch|p2a: Kareem|Incineroar, L50, F|100/100\n|-ability|p2a: Kareem|Intimidate|boost\n|-unboost|p1a: Whimsicott|atk|1\n|-unboost|p1b: Kyurem|atk|1\n|turn|3\n|\n|t:|1772811983\n|move|p2a: Kareem|Fake Out|p1b: Kyurem\n|-damage|p1b: Kyurem|81/100\n|cant|p1b: Kyurem|flinch\n|move|p1a: Whimsicott|Moonblast|p2b: Mao & Agati\n|-damage|p2b: Mao & Agati|75/100\n|-unboost|p2b: Mao & Agati|spa|1\n|move|p2b: Mao & Agati|Astral Barrage|p1a: Whimsicott|[spread] p1a,p1b\n|-damage|p1a: Whimsicott|65/100\n|-damage|p1b: Kyurem|48/100\n|\n|upkeep\n|turn|4\n|\n|t:|1772812009\n|move|p1b: Kyurem|Earth Power|p2a: Kareem\n|-supereffective|p2a: Kareem\n|-damage|p2a: Kareem|42/100\n|-damage|p1b: Kyurem|38/100|[from] item: Life Orb\n|move|p1a: Whimsicott|Moonblast|p2a: Kareem\n|-damage|p2a: Kareem|19/100\n|-unboost|p2a: Kareem|spa|1\n|move|p2b: Mao & Agati|Astral Barrage|p1b: Kyurem|[spread] p1a,p1b\n|-crit|p1b: Kyurem\n|-damage|p1a: Whimsicott|25/100\n|-damage|p1b: Kyurem|0 fnt\n|faint|p1b: Kyurem\n|-ability|p2b: Mao & Agati|Grim Neigh|boost\n|-boost|p2b: Mao & Agati|spa|1\n|move|p2a: Kareem|Knock Off|p1a: Whimsicott\n|-resisted|p1a: Whimsicott\n|-damage|p1a: Whimsicott|6/100\n|-enditem|p1a: Whimsicott|Covert Cloak|[from] move: Knock Off|[of] p2a: Kareem\n|\n|-sideend|p1: pzyxhic|move: Tailwind\n|upkeep\n|\n|t:|1772812030\n|switch|p1b: Calyrex|Calyrex-Shadow, L50|100/100\n|-ability|p1b: Calyrex|As One\n|-ability|p1b: Calyrex|Unnerve\n|turn|5\n|\n|t:|1772812054\n|-terastallize|p1b: Calyrex|Ghost\n|move|p2b: Mao & Agati|Protect|p2b: Mao & Agati\n|-singleturn|p2b: Mao & Agati|Protect\n|move|p1a: Whimsicott|Fake Tears|p2b: Mao & Agati\n|-activate|p2b: Mao & Agati|move: Protect\n|move|p1b: Calyrex|Astral Barrage|p2b: Mao & Agati|[spread] p2a\n|-activate|p2b: Mao & Agati|move: Protect\n|-resisted|p2a: Kareem\n|-damage|p2a: Kareem|0 fnt\n|faint|p2a: Kareem\n|-ability|p1b: Calyrex|Grim Neigh|boost\n|-boost|p1b: Calyrex|spa|1\n|\n|upkeep\n|-message|justin0237 forfeited.\n|\n|win|pzyxhic\n|raw|pzyxhic's rating: 1408 &rarr; <strong>1435</strong><br />(+27 for winning)\n|raw|justin0237's rating: 1530 &rarr; <strong>1503</strong><br />(-27 for losing)\n|l|\u2606justin0237\n|player|p2|\n|l|\u2606pzyxhic\n|player|p1|\n","uploadtime":1772812309,"views":25,"formatid":"gen9vgc2026regi","rating":1435,"private":0,"password":null}