{"id":"gen9vgc2026regi-2559534679","format":"[Gen 9] VGC 2026 Reg I","players":["Ice124567890","BanKingambit69247"],"log":"|j|\u2606Ice124567890\n|j|\u2606BanKingambit69247\n|t:|1773583176\n|gametype|doubles\n|player|p1|Ice124567890|102|1329\n|player|p2|BanKingambit69247|102|1409\n|gen|9\n|tier|[Gen 9] VGC 2026 Reg I\n|rated|\n|rule|Species Clause: Limit one of each Pok\u00e9mon\n|rule|Item Clause: Limit 1 of each item\n|clearpoke\n|poke|p1|Clefairy, L50, M|\n|poke|p1|Rillaboom, L50, F|\n|poke|p1|Calyrex-Shadow, L50|\n|poke|p1|Incineroar, L50, F|\n|poke|p1|Flutter Mane, L50|\n|poke|p1|Koraidon, L50|\n|poke|p2|Calyrex-Shadow, L50|\n|poke|p2|Zamazenta-*, L50|\n|poke|p2|Chien-Pao, L50|\n|poke|p2|Smeargle, L50, F|\n|poke|p2|Dondozo, L50, M|\n|poke|p2|Tatsugiri, L50, F|\n|teampreview|4\n|inactive|Battle timer is ON: inactive players will automatically lose when time's up. (requested by Ice124567890)\n|\n|t:|1773583208\n|teamsize|p1|4\n|teamsize|p2|4\n|start\n|switch|p1a: Calyrex|Calyrex-Shadow, L50|100/100\n|switch|p1b: Incineroar|Incineroar, L50, F|100/100\n|switch|p2a: \u6211\u5927\u54e5|Smeargle, L50, F|100/100\n|switch|p2b: \u8bf6\u4f60\u600e\u4e48\u6b7b\u4e86?\u267f\u267f\u267f|Calyrex-Shadow, L50|100/100\n|-ability|p2b: \u8bf6\u4f60\u600e\u4e48\u6b7b\u4e86?\u267f\u267f\u267f|As One\n|-ability|p2b: \u8bf6\u4f60\u600e\u4e48\u6b7b\u4e86?\u267f\u267f\u267f|Unnerve\n|-ability|p1a: Calyrex|As One\n|-ability|p1a: Calyrex|Unnerve\n|-ability|p1b: Incineroar|Intimidate|boost\n|-unboost|p2a: \u6211\u5927\u54e5|atk|1\n|-unboost|p2b: \u8bf6\u4f60\u600e\u4e48\u6b7b\u4e86?\u267f\u267f\u267f|atk|1\n|turn|1\n|inactive|Ice124567890 has 30 seconds left.\n|inactive|BanKingambit69247 has 30 seconds left.\n|\n|t:|1773583237\n|-terastallize|p2b: \u8bf6\u4f60\u600e\u4e48\u6b7b\u4e86?\u267f\u267f\u267f|Ghost\n|move|p1a: Calyrex|Protect|p1a: Calyrex\n|-singleturn|p1a: Calyrex|Protect\n|move|p2a: \u6211\u5927\u54e5|Follow Me|p2a: \u6211\u5927\u54e5\n|-singleturn|p2a: \u6211\u5927\u54e5|move: Follow Me\n|move|p2b: \u8bf6\u4f60\u600e\u4e48\u6b7b\u4e86?\u267f\u267f\u267f|Astral Barrage|p1b: Incineroar|[spread] p1b\n|-activate|p1a: Calyrex|move: Protect\n|-resisted|p1b: Incineroar\n|-damage|p1b: Incineroar|54/100\n|move|p1b: Incineroar|U-turn|p2a: \u6211\u5927\u54e5\n|-damage|p2a: \u6211\u5927\u54e5|50/100\n|inactive|Ice124567890 has 30 seconds left.\n|inactive|Ice124567890 has 20 seconds left.\n|\n|t:|1773583275\n|switch|p1b: Clefairy|Clefairy, L50, M|100/100|[from] U-turn\n|\n|upkeep\n|turn|2\n|\n|t:|1773583281\n|-terastallize|p1a: Calyrex|Dark\n|move|p2a: \u6211\u5927\u54e5|Wide Guard|p2a: \u6211\u5927\u54e5\n|-singleturn|p2a: \u6211\u5927\u54e5|Wide Guard\n|move|p1b: Clefairy|Follow Me|p1b: Clefairy\n|-singleturn|p1b: Clefairy|move: Follow Me\n|move|p2b: \u8bf6\u4f60\u600e\u4e48\u6b7b\u4e86?\u267f\u267f\u267f|Astral Barrage|p1b: Clefairy|[spread] p1a,p1b\n|-resisted|p1a: Calyrex\n|-damage|p1a: Calyrex|65/100\n|-damage|p1b: Clefairy|13/100\n|move|p1a: Calyrex|Astral Barrage|p2a: \u6211\u5927\u54e5|[spread] \n|-activate|p2a: \u6211\u5927\u54e5|move: Wide Guard\n|-activate|p2b: \u8bf6\u4f60\u600e\u4e48\u6b7b\u4e86?\u267f\u267f\u267f|move: Wide Guard\n|\n|upkeep\n|turn|3\n|\n|t:|1773583303\n|move|p1b: Clefairy|Protect|p1b: Clefairy\n|-singleturn|p1b: Clefairy|Protect\n|move|p2a: \u6211\u5927\u54e5|Wide Guard|p2a: \u6211\u5927\u54e5\n|-singleturn|p2a: \u6211\u5927\u54e5|Wide Guard\n|move|p2b: \u8bf6\u4f60\u600e\u4e48\u6b7b\u4e86?\u267f\u267f\u267f|Astral Barrage|p1a: Calyrex|[spread] p1a\n|-activate|p1b: Clefairy|move: Protect\n|-resisted|p1a: Calyrex\n|-damage|p1a: Calyrex|26/100\n|move|p1a: Calyrex|Psychic|p2a: \u6211\u5927\u54e5\n|-damage|p2a: \u6211\u5927\u54e5|0 fnt\n|faint|p2a: \u6211\u5927\u54e5\n|-ability|p1a: Calyrex|Grim Neigh|boost\n|-boost|p1a: Calyrex|spa|1\n|-damage|p1a: Calyrex|17/100|[from] item: Life Orb\n|\n|upkeep\n|\n|t:|1773583312\n|switch|p2a: \u773c\u795e\u5446\u6ede\ud83e\udd2a|Dondozo, L50, M, shiny|100/100\n|turn|4\n|\n|t:|1773583323\n|switch|p2b: \u68d5\u8272\u5c0f\u6590\u6d4e\u5317\ud83d\ude0b|Tatsugiri, L50, F, shiny|100/100\n|-activate|p2b: \u68d5\u8272\u5c0f\u6590\u6d4e\u5317\ud83d\ude0b|ability: Commander|[of] p2a: \u773c\u795e\u5446\u6ede\ud83e\udd2a\n|-boost|p2a: \u773c\u795e\u5446\u6ede\ud83e\udd2a|atk|2\n|-boost|p2a: \u773c\u795e\u5446\u6ede\ud83e\udd2a|spa|2\n|-boost|p2a: \u773c\u795e\u5446\u6ede\ud83e\udd2a|spe|2\n|-boost|p2a: \u773c\u795e\u5446\u6ede\ud83e\udd2a|def|2\n|-boost|p2a: \u773c\u795e\u5446\u6ede\ud83e\udd2a|spd|2\n|move|p1b: Clefairy|Helping Hand|p1a: Calyrex\n|-singleturn|p1a: Calyrex|Helping Hand|[of] p1b: Clefairy\n|move|p1a: Calyrex|Astral Barrage|p2b: \u68d5\u8272\u5c0f\u6590\u6d4e\u5317\ud83d\ude0b|[spread] p2a\n|-miss|p1a: Calyrex|p2b: \u68d5\u8272\u5c0f\u6590\u6d4e\u5317\ud83d\ude0b\n|-damage|p2a: \u773c\u795e\u5446\u6ede\ud83e\udd2a|62/100\n|-damage|p1a: Calyrex|7/100|[from] item: Life Orb\n|move|p2a: \u773c\u795e\u5446\u6ede\ud83e\udd2a|Earthquake|p1b: Clefairy|[spread] p1a,p1b\n|-miss|p2a: \u773c\u795e\u5446\u6ede\ud83e\udd2a|p2b: \u68d5\u8272\u5c0f\u6590\u6d4e\u5317\ud83d\ude0b\n|-damage|p1a: Calyrex|0 fnt\n|-damage|p1b: Clefairy|0 fnt\n|faint|p1a: Calyrex\n|faint|p1b: Clefairy\n|\n|-heal|p2a: \u773c\u795e\u5446\u6ede\ud83e\udd2a|68/100|[from] item: Leftovers\n|upkeep\n|\n|t:|1773583326\n|switch|p1a: Koraidon|Koraidon, L50|100/100\n|switch|p1b: Incineroar|Incineroar, L50, F|54/100\n|-weather|SunnyDay|[from] ability: Orichalcum Pulse|[of] p1a: Koraidon\n|-activate|p1a: Koraidon|Orichalcum Pulse|[source]\n|-ability|p1b: Incineroar|Intimidate|boost\n|-unboost|p2a: \u773c\u795e\u5446\u6ede\ud83e\udd2a|atk|1\n|-unboost|p2b: \u68d5\u8272\u5c0f\u6590\u6d4e\u5317\ud83d\ude0b|atk|1\n|turn|5\n|\n|t:|1773583330\n|move|p2a: \u773c\u795e\u5446\u6ede\ud83e\udd2a|Protect|p2a: \u773c\u795e\u5446\u6ede\ud83e\udd2a\n|-singleturn|p2a: \u773c\u795e\u5446\u6ede\ud83e\udd2a|Protect\n|move|p1b: Incineroar|Fake Out|p2a: \u773c\u795e\u5446\u6ede\ud83e\udd2a\n|-activate|p2a: \u773c\u795e\u5446\u6ede\ud83e\udd2a|move: Protect\n|move|p1a: Koraidon|Flame Charge|p1b: Incineroar\n|-resisted|p1b: Incineroar\n|-damage|p1b: Incineroar|41/100\n|-boost|p1a: Koraidon|spe|1\n|\n|-weather|SunnyDay|[upkeep]\n|-heal|p2a: \u773c\u795e\u5446\u6ede\ud83e\udd2a|74/100|[from] item: Leftovers\n|upkeep\n|turn|6\n|\n|t:|1773583340\n|move|p1b: Incineroar|Helping Hand|p1a: Koraidon\n|-singleturn|p1a: Koraidon|Helping Hand|[of] p1b: Incineroar\n|move|p1a: Koraidon|Low Kick|p2a: \u773c\u795e\u5446\u6ede\ud83e\udd2a\n|-damage|p2a: \u773c\u795e\u5446\u6ede\ud83e\udd2a|37/100\n|move|p2a: \u773c\u795e\u5446\u6ede\ud83e\udd2a|Earthquake|p1a: Koraidon|[spread] p1a,p1b\n|-miss|p2a: \u773c\u795e\u5446\u6ede\ud83e\udd2a|p2b: \u68d5\u8272\u5c0f\u6590\u6d4e\u5317\ud83d\ude0b\n|-supereffective|p1b: Incineroar\n|-damage|p1a: Koraidon|82/100\n|-damage|p1b: Incineroar|5/100\n|\n|-weather|SunnyDay|[upkeep]\n|-heal|p2a: \u773c\u795e\u5446\u6ede\ud83e\udd2a|43/100|[from] item: Leftovers\n|upkeep\n|turn|7\n|\n|t:|1773583352\n|move|p1b: Incineroar|Helping Hand|p1a: Koraidon\n|-singleturn|p1a: Koraidon|Helping Hand|[of] p1b: Incineroar\n|move|p2a: \u773c\u795e\u5446\u6ede\ud83e\udd2a|Protect|p2a: \u773c\u795e\u5446\u6ede\ud83e\udd2a\n|-singleturn|p2a: \u773c\u795e\u5446\u6ede\ud83e\udd2a|Protect\n|move|p1a: Koraidon|Low Kick|p2a: \u773c\u795e\u5446\u6ede\ud83e\udd2a\n|-activate|p2a: \u773c\u795e\u5446\u6ede\ud83e\udd2a|move: Protect\n|\n|-weather|SunnyDay|[upkeep]\n|-heal|p2a: \u773c\u795e\u5446\u6ede\ud83e\udd2a|50/100|[from] item: Leftovers\n|upkeep\n|turn|8\n|\n|t:|1773583362\n|move|p1b: Incineroar|Helping Hand|p1a: Koraidon\n|-singleturn|p1a: Koraidon|Helping Hand|[of] p1b: Incineroar\n|move|p1a: Koraidon|Low Kick|p2a: \u773c\u795e\u5446\u6ede\ud83e\udd2a\n|-damage|p2a: \u773c\u795e\u5446\u6ede\ud83e\udd2a|9/100\n|move|p2a: \u773c\u795e\u5446\u6ede\ud83e\udd2a|Earthquake|p1b: Incineroar|[spread] p1a,p1b\n|-miss|p2a: \u773c\u795e\u5446\u6ede\ud83e\udd2a|p2b: \u68d5\u8272\u5c0f\u6590\u6d4e\u5317\ud83d\ude0b\n|-supereffective|p1b: Incineroar\n|-damage|p1a: Koraidon|61/100\n|-damage|p1b: Incineroar|0 fnt\n|faint|p1b: Incineroar\n|\n|-weather|SunnyDay|[upkeep]\n|-heal|p2a: \u773c\u795e\u5446\u6ede\ud83e\udd2a|16/100|[from] item: Leftovers\n|upkeep\n|turn|9\n|\n|t:|1773583369\n|move|p2a: \u773c\u795e\u5446\u6ede\ud83e\udd2a|Protect|p2a: \u773c\u795e\u5446\u6ede\ud83e\udd2a\n|-singleturn|p2a: \u773c\u795e\u5446\u6ede\ud83e\udd2a|Protect\n|move|p1a: Koraidon|Low Kick|p2a: \u773c\u795e\u5446\u6ede\ud83e\udd2a\n|-activate|p2a: \u773c\u795e\u5446\u6ede\ud83e\udd2a|move: Protect\n|\n|-weather|none\n|-heal|p2a: \u773c\u795e\u5446\u6ede\ud83e\udd2a|22/100|[from] item: Leftovers\n|upkeep\n|turn|10\n|\n|t:|1773583373\n|move|p1a: Koraidon|Low Kick|p2a: \u773c\u795e\u5446\u6ede\ud83e\udd2a\n|-damage|p2a: \u773c\u795e\u5446\u6ede\ud83e\udd2a|3/100\n|move|p2a: \u773c\u795e\u5446\u6ede\ud83e\udd2a|Order Up|p1a: Koraidon\n|-supereffective|p1a: Koraidon\n|-damage|p1a: Koraidon|22/100\n|-boost|p2a: \u773c\u795e\u5446\u6ede\ud83e\udd2a|atk|1\n|\n|-heal|p2a: \u773c\u795e\u5446\u6ede\ud83e\udd2a|9/100|[from] item: Leftovers\n|upkeep\n|turn|11\n|\n|t:|1773583379\n|move|p2a: \u773c\u795e\u5446\u6ede\ud83e\udd2a|Protect|p2a: \u773c\u795e\u5446\u6ede\ud83e\udd2a\n|-singleturn|p2a: \u773c\u795e\u5446\u6ede\ud83e\udd2a|Protect\n|move|p1a: Koraidon|Low Kick|p2a: \u773c\u795e\u5446\u6ede\ud83e\udd2a\n|-activate|p2a: \u773c\u795e\u5446\u6ede\ud83e\udd2a|move: Protect\n|\n|-heal|p2a: \u773c\u795e\u5446\u6ede\ud83e\udd2a|15/100|[from] item: Leftovers\n|upkeep\n|turn|12\n|\n|t:|1773583385\n|move|p1a: Koraidon|Low Kick|p2a: \u773c\u795e\u5446\u6ede\ud83e\udd2a\n|-damage|p2a: \u773c\u795e\u5446\u6ede\ud83e\udd2a|0 fnt\n|faint|p2a: \u773c\u795e\u5446\u6ede\ud83e\udd2a\n|\n|upkeep\n|\n|t:|1773583389\n|switch|p2a: \u8bf6\u4f60\u600e\u4e48\u6b7b\u4e86?\u267f\u267f\u267f|Calyrex-Shadow, L50, tera:Ghost|100/100\n|-ability|p2a: \u8bf6\u4f60\u600e\u4e48\u6b7b\u4e86?\u267f\u267f\u267f|As One\n|-ability|p2a: \u8bf6\u4f60\u600e\u4e48\u6b7b\u4e86?\u267f\u267f\u267f|Unnerve\n|turn|13\n|\n|t:|1773583394\n|move|p1a: Koraidon|Flare Blitz|p2a: \u8bf6\u4f60\u600e\u4e48\u6b7b\u4e86?\u267f\u267f\u267f\n|-damage|p2a: \u8bf6\u4f60\u600e\u4e48\u6b7b\u4e86?\u267f\u267f\u267f|51/100\n|-damage|p1a: Koraidon|8/100|[from] Recoil\n|move|p2a: \u8bf6\u4f60\u600e\u4e48\u6b7b\u4e86?\u267f\u267f\u267f|Astral Barrage|p1a: Koraidon\n|-damage|p1a: Koraidon|0 fnt\n|faint|p1a: Koraidon\n|\n|win|BanKingambit69247\n|raw|Ice124567890's rating: 1329 &rarr; <strong>1314</strong><br />(-15 for losing)\n|raw|BanKingambit69247's rating: 1409 &rarr; <strong>1424</strong><br />(+15 for winning)\n","uploadtime":1773583397,"views":13,"formatid":"gen9vgc2026regi","rating":1314,"private":0,"password":null}