{"id":"gen9vgc2026regi-2519265235","format":"[Gen 9] VGC 2026 Reg I","players":["ky123456","dthk1216"],"log":"|j|\u2606ky123456\n|j|\u2606dthk1216\n|t:|1768490249\n|gametype|doubles\n|player|p1|ky123456|cynthia-gen4|1392\n|player|p2|dthk1216|dawn|1401\n|gen|9\n|tier|[Gen 9] VGC 2026 Reg I\n|rated|\n|rule|Species Clause: Limit one of each Pok\u00e9mon\n|rule|Item Clause: Limit 1 of each item\n|clearpoke\n|poke|p1|Miraidon, L50|\n|poke|p1|Incineroar, L50, M|\n|poke|p1|Calyrex-Ice, L50|\n|poke|p1|Landorus, L50, M|\n|poke|p1|Urshifu-*, L50, M|\n|poke|p1|Grimmsnarl, L50, M|\n|poke|p2|Calyrex-Ice, L50|\n|poke|p2|Kyogre, L50|\n|poke|p2|Urshifu-*, L50, F|\n|poke|p2|Rillaboom, L50, M|\n|poke|p2|Grimmsnarl, L50, M|\n|poke|p2|Amoonguss, L50, M|\n|teampreview|4\n|inactive|Battle timer is ON: inactive players will automatically lose when time's up. (requested by dthk1216)\n|\n|t:|1768490268\n|teamsize|p1|4\n|teamsize|p2|4\n|start\n|switch|p1a: Calyrex|Calyrex-Ice, L50|100/100\n|switch|p1b: Grimmsnarl|Grimmsnarl, L50, M|100/100\n|switch|p2a: Rillaboom|Rillaboom, L50, M|100/100\n|switch|p2b: Calyrex|Calyrex-Ice, L50|100/100\n|-ability|p1a: Calyrex|As One\n|-ability|p1a: Calyrex|Unnerve\n|-ability|p2b: Calyrex|As One\n|-ability|p2b: Calyrex|Unnerve\n|-fieldstart|move: Grassy Terrain|[from] ability: Grassy Surge|[of] p2a: Rillaboom\n|turn|1\n|\n|t:|1768490291\n|move|p1a: Calyrex|Protect|p1a: Calyrex\n|-singleturn|p1a: Calyrex|Protect\n|move|p1b: Grimmsnarl|Reflect|p1b: Grimmsnarl\n|-sidestart|p1: ky123456|Reflect\n|move|p2a: Rillaboom|U-turn|p1a: Calyrex\n|-activate|p1a: Calyrex|move: Protect\n|move|p2b: Calyrex|Leech Seed|p1b: Grimmsnarl\n|-start|p1b: Grimmsnarl|move: Leech Seed\n|\n|-damage|p1b: Grimmsnarl|88/100|[from] Leech Seed|[of] p2b: Calyrex\n|upkeep\n|turn|2\n|j| YNCoolTrainerCeege\n|inactive|ky123456 has 30 seconds left.\n|\n|t:|1768490321\n|move|p1b: Grimmsnarl|Thunder Wave|p2b: Calyrex\n|-status|p2b: Calyrex|par\n|move|p2a: Rillaboom|U-turn|p1a: Calyrex\n|-supereffective|p1a: Calyrex\n|-damage|p1a: Calyrex|83/100\n|\n|t:|1768490333\n|switch|p2a: Kyogre|Kyogre, L50|100/100|[from] U-turn\n|-weather|RainDance|[from] ability: Drizzle|[of] p2a: Kyogre\n|move|p1a: Calyrex|Leech Seed|p2b: Calyrex\n|-start|p2b: Calyrex|move: Leech Seed\n|cant|p2b: Calyrex|par\n|\n|-weather|RainDance|[upkeep]\n|-heal|p1b: Grimmsnarl|94/100|[from] Grassy Terrain\n|-heal|p1a: Calyrex|88/100|[from] Grassy Terrain\n|-heal|p1a: Calyrex|94/100|[from] item: Leftovers\n|-damage|p1b: Grimmsnarl|82/100|[from] Leech Seed|[of] p2b: Calyrex\n|-damage|p2b: Calyrex|88/100 par|[from] Leech Seed|[of] p1a: Calyrex\n|-heal|p1a: Calyrex|100/100|[silent]\n|upkeep\n|turn|3\n|inactive|ky123456 has 30 seconds left.\n|\n|t:|1768490365\n|switch|p2b: Grimmsnarl|Grimmsnarl, L50, M|100/100\n|move|p1b: Grimmsnarl|Light Screen|p1b: Grimmsnarl\n|-sidestart|p1: ky123456|move: Light Screen\n|move|p2a: Kyogre|Water Spout|p1b: Grimmsnarl|[spread] p1a,p1b\n|-damage|p1a: Calyrex|40/100\n|-damage|p1b: Grimmsnarl|0 fnt\n|faint|p1b: Grimmsnarl\n|move|p1a: Calyrex|Leech Seed|p2a: Kyogre\n|-start|p2a: Kyogre|move: Leech Seed\n|\n|-weather|RainDance|[upkeep]\n|-heal|p1a: Calyrex|45/100|[from] Grassy Terrain\n|-heal|p1a: Calyrex|51/100|[from] item: Leftovers\n|-damage|p2a: Kyogre|88/100|[from] Leech Seed|[of] p1a: Calyrex\n|-heal|p1a: Calyrex|63/100|[silent]\n|upkeep\n|\n|t:|1768490381\n|switch|p1b: Urshifu|Urshifu-Rapid-Strike, L50, M|100/100\n|turn|4\n|\n|t:|1768490402\n|-terastallize|p1a: Calyrex|Water\n|move|p2b: Grimmsnarl|Thunder Wave|p1b: Urshifu\n|-status|p1b: Urshifu|par\n|move|p2a: Kyogre|Water Spout|p1b: Urshifu|[spread] p1a,p1b\n|-resisted|p1a: Calyrex\n|-resisted|p1b: Urshifu\n|-crit|p1b: Urshifu\n|-damage|p1a: Calyrex|37/100\n|-damage|p1b: Urshifu|0 fnt\n|faint|p1b: Urshifu\n|move|p1a: Calyrex|Leech Seed|p2b: Grimmsnarl\n|-start|p2b: Grimmsnarl|move: Leech Seed\n|\n|-weather|RainDance|[upkeep]\n|-heal|p2a: Kyogre|94/100|[from] Grassy Terrain\n|-heal|p1a: Calyrex|43/100|[from] Grassy Terrain\n|-heal|p1a: Calyrex|48/100|[from] item: Leftovers\n|-damage|p2a: Kyogre|82/100|[from] Leech Seed|[of] p1a: Calyrex\n|-heal|p1a: Calyrex|60/100|[silent]\n|-damage|p2b: Grimmsnarl|88/100|[from] Leech Seed|[of] p1a: Calyrex\n|-heal|p1a: Calyrex|72/100|[silent]\n|upkeep\n|\n|t:|1768490408\n|switch|p1b: Miraidon|Miraidon, L50, shiny|100/100\n|-fieldstart|move: Electric Terrain|[from] ability: Hadron Engine|[of] p1b: Miraidon\n|turn|5\n|\n|t:|1768490432\n|switch|p2a: Rillaboom|Rillaboom, L50, M|100/100\n|-fieldstart|move: Grassy Terrain|[from] ability: Grassy Surge|[of] p2a: Rillaboom\n|switch|p2b: Calyrex|Calyrex-Ice, L50|88/100 par\n|-ability|p2b: Calyrex|As One\n|-ability|p2b: Calyrex|Unnerve\n|move|p1b: Miraidon|Electro Drift|p2a: Rillaboom\n|-resisted|p2a: Rillaboom\n|-damage|p2a: Rillaboom|72/100\n|move|p1a: Calyrex|Glacial Lance|p2a: Rillaboom|[spread] p2a,p2b\n|-supereffective|p2a: Rillaboom\n|-resisted|p2b: Calyrex\n|-damage|p2a: Rillaboom|0 fnt\n|-damage|p2b: Calyrex|72/100 par\n|faint|p2a: Rillaboom\n|-ability|p1a: Calyrex|Chilling Neigh|boost\n|-boost|p1a: Calyrex|atk|1\n|\n|-weather|RainDance|[upkeep]\n|-heal|p1a: Calyrex|78/100|[from] Grassy Terrain\n|-heal|p1a: Calyrex|84/100|[from] item: Leftovers\n|-heal|p2b: Calyrex|78/100 par|[from] Grassy Terrain\n|-heal|p2b: Calyrex|84/100 par|[from] item: Leftovers\n|upkeep\n|\n|t:|1768490449\n|switch|p2a: Kyogre|Kyogre, L50|82/100\n|turn|6\n|\n|t:|1768490469\n|-terastallize|p2a: Kyogre|Grass\n|move|p1b: Miraidon|Electro Drift|p2a: Kyogre\n|-resisted|p2a: Kyogre\n|-damage|p2a: Kyogre|54/100\n|move|p2a: Kyogre|Thunder|p1a: Calyrex\n|-supereffective|p1a: Calyrex\n|-damage|p1a: Calyrex|29/100\n|-status|p1a: Calyrex|par\n|move|p1a: Calyrex|Leech Seed|p2b: Calyrex\n|-start|p2b: Calyrex|move: Leech Seed\n|move|p2b: Calyrex|Glacial Lance|p1a: Calyrex|[spread] p1a,p1b\n|-resisted|p1a: Calyrex\n|-supereffective|p1b: Miraidon\n|-damage|p1a: Calyrex|18/100 par\n|-damage|p1b: Miraidon|32/100\n|\n|-weather|none\n|-heal|p1b: Miraidon|38/100|[from] Grassy Terrain\n|-heal|p2a: Kyogre|60/100|[from] Grassy Terrain\n|-heal|p1a: Calyrex|24/100 par|[from] Grassy Terrain\n|-heal|p1a: Calyrex|30/100 par|[from] item: Leftovers\n|-heal|p2b: Calyrex|90/100 par|[from] Grassy Terrain\n|-heal|p2b: Calyrex|96/100 par|[from] item: Leftovers\n|-damage|p2b: Calyrex|84/100 par|[from] Leech Seed|[of] p1a: Calyrex\n|-heal|p1a: Calyrex|42/100 par|[silent]\n|upkeep\n|turn|7\n|inactive|ky123456 has 30 seconds left.\n|inactive|dthk1216 has 30 seconds left.\n|\n|t:|1768490500\n|cant|p1a: Calyrex|par\n|move|p1b: Miraidon|Electro Drift|p2b: Calyrex\n|-damage|p2b: Calyrex|40/100 par\n|move|p2a: Kyogre|Thunder|p1a: Calyrex|[miss]\n|-miss|p2a: Kyogre|p1a: Calyrex\n|move|p2b: Calyrex|Glacial Lance|p1a: Calyrex|[spread] p1a,p1b\n|-resisted|p1a: Calyrex\n|-supereffective|p1b: Miraidon\n|-damage|p1a: Calyrex|31/100 par\n|-damage|p1b: Miraidon|0 fnt\n|faint|p1b: Miraidon\n|-ability|p2b: Calyrex|Chilling Neigh|boost\n|-boost|p2b: Calyrex|atk|1\n|\n|-heal|p2a: Kyogre|66/100|[from] Grassy Terrain\n|-heal|p1a: Calyrex|37/100 par|[from] Grassy Terrain\n|-heal|p1a: Calyrex|43/100 par|[from] item: Leftovers\n|-heal|p2b: Calyrex|46/100 par|[from] Grassy Terrain\n|-heal|p2b: Calyrex|52/100 par|[from] item: Leftovers\n|-damage|p2b: Calyrex|40/100 par|[from] Leech Seed|[of] p1a: Calyrex\n|-heal|p1a: Calyrex|55/100 par|[silent]\n|upkeep\n|turn|8\n|\n|t:|1768490517\n|switch|p2b: Grimmsnarl|Grimmsnarl, L50, M|88/100\n|move|p1a: Calyrex|Protect|p1a: Calyrex\n|-singleturn|p1a: Calyrex|Protect\n|move|p2a: Kyogre|Thunder|p1a: Calyrex\n|-activate|p1a: Calyrex|move: Protect\n|\n|-heal|p2a: Kyogre|73/100|[from] Grassy Terrain\n|-heal|p2b: Grimmsnarl|94/100|[from] Grassy Terrain\n|-heal|p1a: Calyrex|61/100 par|[from] Grassy Terrain\n|-heal|p1a: Calyrex|67/100 par|[from] item: Leftovers\n|-sideend|p1: ky123456|Reflect\n|upkeep\n|turn|9\n|l| YNCoolTrainerCeege\n|\n|t:|1768490530\n|switch|p2a: Calyrex|Calyrex-Ice, L50|40/100 par\n|-ability|p2a: Calyrex|As One\n|-ability|p2a: Calyrex|Unnerve\n|move|p2b: Grimmsnarl|Reflect|p2b: Grimmsnarl\n|-sidestart|p2: dthk1216|Reflect\n|move|p1a: Calyrex|Glacial Lance|p2b: Grimmsnarl|[spread] p2a,p2b\n|-resisted|p2a: Calyrex\n|-damage|p2a: Calyrex|24/100 par\n|-damage|p2b: Grimmsnarl|41/100\n|\n|-heal|p2b: Grimmsnarl|47/100|[from] Grassy Terrain\n|-heal|p1a: Calyrex|72/100 par|[from] Grassy Terrain\n|-heal|p1a: Calyrex|78/100 par|[from] item: Leftovers\n|-heal|p2a: Calyrex|29/100 par|[from] Grassy Terrain\n|-heal|p2a: Calyrex|35/100 par|[from] item: Leftovers\n|-fieldend|move: Grassy Terrain\n|upkeep\n|turn|10\n|inactive|ky123456 has 30 seconds left.\n|inactive|ky123456 has 20 seconds left.\n|inactive|ky123456 has 15 seconds left.\n|inactive|ky123456 has 10 seconds left.\n|\n|t:|1768490577\n|move|p2b: Grimmsnarl|Foul Play|p1a: Calyrex\n|-damage|p1a: Calyrex|30/100 par\n|move|p1a: Calyrex|Leech Seed|p2a: Calyrex\n|-start|p2a: Calyrex|move: Leech Seed\n|move|p2a: Calyrex|Leech Seed|p1a: Calyrex\n|-start|p1a: Calyrex|move: Leech Seed\n|\n|-heal|p1a: Calyrex|36/100 par|[from] item: Leftovers\n|-heal|p2a: Calyrex|41/100 par|[from] item: Leftovers\n|-damage|p1a: Calyrex|24/100 par|[from] Leech Seed|[of] p2a: Calyrex\n|-heal|p2a: Calyrex|53/100 par|[silent]\n|-damage|p2a: Calyrex|41/100 par|[from] Leech Seed|[of] p1a: Calyrex\n|-heal|p1a: Calyrex|36/100 par|[silent]\n|-sideend|p1: ky123456|move: Light Screen\n|upkeep\n|turn|11\n|\n|t:|1768490591\n|move|p1a: Calyrex|Protect|p1a: Calyrex\n|-singleturn|p1a: Calyrex|Protect\n|move|p2b: Grimmsnarl|Foul Play|p1a: Calyrex\n|-activate|p1a: Calyrex|move: Protect\n|move|p2a: Calyrex|Glacial Lance|p1a: Calyrex\n|-activate|p1a: Calyrex|move: Protect\n|\n|-heal|p1a: Calyrex|42/100 par|[from] item: Leftovers\n|-heal|p2a: Calyrex|47/100 par|[from] item: Leftovers\n|-damage|p1a: Calyrex|30/100 par|[from] Leech Seed|[of] p2a: Calyrex\n|-heal|p2a: Calyrex|59/100 par|[silent]\n|-damage|p2a: Calyrex|47/100 par|[from] Leech Seed|[of] p1a: Calyrex\n|-heal|p1a: Calyrex|42/100 par|[silent]\n|upkeep\n|turn|12\n|inactive|ky123456 has 30 seconds left.\n|\n|t:|1768490619\n|move|p2b: Grimmsnarl|Foul Play|p1a: Calyrex\n|-damage|p1a: Calyrex|0 fnt\n|faint|p1a: Calyrex\n|\n|win|dthk1216\n|raw|ky123456's rating: 1392 &rarr; <strong>1373</strong><br />(-19 for losing)\n|raw|dthk1216's rating: 1401 &rarr; <strong>1420</strong><br />(+19 for winning)\n|l|\u2606ky123456\n|player|p1|\n|l|\u2606dthk1216\n|player|p2|\n","uploadtime":1768490790,"views":25,"formatid":"gen9vgc2026regi","rating":1373,"private":0,"password":null}