{"id":"gen9vgc2026regi-2576124094","format":"[Gen 9] VGC 2026 Reg I","players":["Dgrimes41","photon sheister"],"log":"|j|\u2606Dgrimes41\n|j|\u2606photon sheister\n|t:|1775431958\n|gametype|doubles\n|player|p1|Dgrimes41|morty|1389\n|player|p2|photon sheister|barry|1611\n|gen|9\n|tier|[Gen 9] VGC 2026 Reg I\n|rated|\n|rule|Species Clause: Limit one of each Pok\u00e9mon\n|rule|Item Clause: Limit 1 of each item\n|clearpoke\n|poke|p1|Calyrex-Ice, L50|\n|poke|p1|Miraidon, L50|\n|poke|p1|Grimmsnarl, L50, M|\n|poke|p1|Urshifu-*, L50, F|\n|poke|p1|Incineroar, L50, M|\n|poke|p1|Landorus, L50, M|\n|poke|p2|Miraidon, L50|\n|poke|p2|Lunala, L50|\n|poke|p2|Sylveon, L50, M|\n|poke|p2|Incineroar, L50, F|\n|poke|p2|Whimsicott, L50, M|\n|poke|p2|Urshifu-*, L50, F|\n|teampreview|4\n|inactive|Battle timer is ON: inactive players will automatically lose when time's up. (requested by Dgrimes41)\n|\n|t:|1775431983\n|teamsize|p1|4\n|teamsize|p2|4\n|start\n|switch|p1a: Incineroar|Incineroar, L50, M|100/100\n|switch|p1b: Miraidon|Miraidon, L50|100/100\n|switch|p2a: Urshifu|Urshifu-Rapid-Strike, L50, F|100/100\n|switch|p2b: Whimsicott|Whimsicott, L50, M, shiny|100/100\n|-fieldstart|move: Electric Terrain|[from] ability: Hadron Engine|[of] p1b: Miraidon\n|-ability|p1a: Incineroar|Intimidate|boost\n|-unboost|p2a: Urshifu|atk|1\n|-unboost|p2b: Whimsicott|atk|1\n|turn|1\n|j| zacattack110\n|\n|t:|1775431999\n|switch|p2a: Miraidon|Miraidon, L50, shiny|100/100\n|-activate|p2a: Miraidon|ability: Hadron Engine\n|-terastallize|p1b: Miraidon|Fairy\n|move|p1a: Incineroar|Fake Out|p2a: Miraidon\n|-damage|p2a: Miraidon|90/100\n|move|p2b: Whimsicott|Tailwind|p2b: Whimsicott\n|-sidestart|p2: photon sheister|move: Tailwind\n|move|p1b: Miraidon|Dazzling Gleam|p2a: Miraidon|[spread] p2a,p2b\n|-supereffective|p2a: Miraidon\n|-damage|p2a: Miraidon|0 fnt\n|-enditem|p2b: Whimsicott|Focus Sash\n|-damage|p2b: Whimsicott|1/100\n|faint|p2a: Miraidon\n|\n|upkeep\n|\n|t:|1775432005\n|switch|p2a: Urshifu|Urshifu-Rapid-Strike, L50, F|100/100\n|turn|2\n|inactive|Dgrimes41 has 30 seconds left.\n|\n|t:|1775432032\n|move|p2b: Whimsicott|Endeavor|p1b: Miraidon\n|-damage|p1b: Miraidon|1/100\n|move|p2a: Urshifu|U-turn|p1b: Miraidon\n|-resisted|p1b: Miraidon\n|-damage|p1b: Miraidon|0 fnt\n|faint|p1b: Miraidon\n|\n|t:|1775432033\n|switch|p2a: Lunala|Lunala, L50|100/100|[from] U-turn\n|-enditem|p2a: Lunala|Electric Seed\n|-boost|p2a: Lunala|def|1|[from] item: Electric Seed\n|move|p1a: Incineroar|U-turn|p2a: Lunala\n|-damage|p2a: Lunala|96/100\n|\n|t:|1775432048\n|switch|p1a: Urshifu|Urshifu-Rapid-Strike, L50, F|100/100|[from] U-turn\n|\n|upkeep\n|\n|t:|1775432054\n|switch|p1b: Incineroar|Incineroar, L50, M|100/100\n|-ability|p1b: Incineroar|Intimidate|boost\n|-unboost|p2a: Lunala|atk|1\n|-unboost|p2b: Whimsicott|atk|1\n|turn|3\n|\n|t:|1775432062\n|switch|p2b: Urshifu|Urshifu-Rapid-Strike, L50, F|100/100\n|-terastallize|p2a: Lunala|Fairy\n|move|p1a: Urshifu|Aqua Jet|p2b: Urshifu\n|-resisted|p2b: Urshifu\n|-damage|p2b: Urshifu|84/100\n|move|p2a: Lunala|Moonblast|p1a: Urshifu\n|-supereffective|p1a: Urshifu\n|-damage|p1a: Urshifu|0 fnt\n|faint|p1a: Urshifu\n|move|p1b: Incineroar|Knock Off|p2a: Lunala\n|-resisted|p2a: Lunala\n|-damage|p2a: Lunala|90/100\n|\n|upkeep\n|\n|t:|1775432078\n|switch|p1a: Landorus|Landorus, L50, M|100/100\n|turn|4\n|\n|t:|1775432089\n|move|p2b: Urshifu|Surging Strikes|p1a: Landorus\n|-supereffective|p1a: Landorus\n|-crit|p1a: Landorus\n|-damage|p1a: Landorus|38/100\n|-supereffective|p1a: Landorus\n|-crit|p1a: Landorus\n|-damage|p1a: Landorus|0 fnt\n|faint|p1a: Landorus\n|-hitcount|p1: Landorus|2\n|move|p2a: Lunala|Moonblast|p1b: Incineroar\n|-damage|p1b: Incineroar|66/100\n|-unboost|p1b: Incineroar|spa|1\n|move|p1b: Incineroar|Flare Blitz|p2a: Lunala\n|-damage|p2a: Lunala|66/100\n|-damage|p1b: Incineroar|56/100|[from] Recoil\n|\n|-sideend|p2: photon sheister|move: Tailwind\n|upkeep\n|turn|5\n|-message|Dgrimes41 forfeited.\n|\n|win|photon sheister\n|raw|Dgrimes41's rating: 1389 &rarr; <strong>1380</strong><br />(-9 for losing)\n|raw|photon sheister's rating: 1611 &rarr; <strong>1620</strong><br />(+9 for winning)\n|l|\u2606Dgrimes41\n|player|p1|\n","uploadtime":1775432100,"views":13,"formatid":"gen9vgc2026regi","rating":1380,"private":0,"password":null}