{"id":"gen9vgc2026regi-2533378961","format":"[Gen 9] VGC 2026 Reg I","players":["Panchoman10","pzyxhic"],"log":"|j|\u2606Panchoman10\n|j|\u2606pzyxhic\n|t:|1770299647\n|gametype|doubles\n|player|p1|Panchoman10|cynthia-anime2|1363\n|player|p2|pzyxhic|170|1318\n|gen|9\n|tier|[Gen 9] VGC 2026 Reg I\n|rated|\n|rule|Species Clause: Limit one of each Pok\u00e9mon\n|rule|Item Clause: Limit 1 of each item\n|clearpoke\n|poke|p1|Indeedee-F, L50, F|\n|poke|p1|Calyrex-Ice, L50|\n|poke|p1|Lunala, L50|\n|poke|p1|Ursaluna, L50, M|\n|poke|p1|Amoonguss, L50, M|\n|poke|p1|Urshifu-*, L50, M|\n|poke|p2|Calyrex-Shadow, L50|\n|poke|p2|Chi-Yu, L50|\n|poke|p2|Whimsicott, L50, F|\n|poke|p2|Urshifu-*, L50, F|\n|poke|p2|Farigiraf, L50, F|\n|poke|p2|Kyurem-White, L50|\n|teampreview|4\n|\n|t:|1770299683\n|teamsize|p1|4\n|teamsize|p2|4\n|start\n|switch|p1a: Edith|Indeedee-F, L50, F|100/100\n|switch|p1b: Alice|Calyrex-Ice, L50|100/100\n|switch|p2a: Calyrex|Calyrex-Shadow, L50|100/100\n|switch|p2b: Chi-Yu|Chi-Yu, L50|100/100\n|-ability|p2a: Calyrex|As One\n|-ability|p2a: Calyrex|Unnerve\n|-ability|p1b: Alice|As One\n|-ability|p1b: Alice|Unnerve\n|-ability|p2b: Chi-Yu|Beads of Ruin\n|-fieldstart|move: Psychic Terrain|[from] ability: Psychic Surge|[of] p1a: Edith\n|turn|1\n|\n|t:|1770299703\n|-terastallize|p1b: Alice|Normal\n|move|p2a: Calyrex|Astral Barrage|p1a: Edith|[spread] \n|-immune|p1a: Edith\n|-immune|p1b: Alice\n|move|p2b: Chi-Yu|Nasty Plot|p2b: Chi-Yu\n|-boost|p2b: Chi-Yu|spa|2\n|move|p1b: Alice|Glacial Lance|p2a: Calyrex|[spread] p2a,p2b\n|-resisted|p2b: Chi-Yu\n|-damage|p2a: Calyrex|27/100\n|-damage|p2b: Chi-Yu|67/100\n|move|p1a: Edith|Trick Room|p1a: Edith\n|-fieldstart|move: Trick Room|[of] p1a: Edith\n|\n|-heal|p2b: Chi-Yu|72/100|[from] item: Leftovers\n|upkeep\n|turn|2\n|\n|t:|1770299726\n|switch|p2a: Farigiraf|Farigiraf, L50, F|100/100\n|move|p2b: Chi-Yu|Protect|p2b: Chi-Yu\n|-singleturn|p2b: Chi-Yu|Protect\n|move|p1a: Edith|Follow Me|p1a: Edith\n|-singleturn|p1a: Edith|move: Follow Me\n|move|p1b: Alice|High Horsepower|p2b: Chi-Yu\n|-activate|p2b: Chi-Yu|move: Protect\n|\n|-heal|p2b: Chi-Yu|78/100|[from] item: Leftovers\n|upkeep\n|turn|3\n|\n|t:|1770299744\n|-terastallize|p2b: Chi-Yu|Grass\n|move|p2a: Farigiraf|Helping Hand|p2b: Chi-Yu\n|-singleturn|p2b: Chi-Yu|Helping Hand|[of] p2a: Farigiraf\n|move|p1b: Alice|High Horsepower|p2b: Chi-Yu\n|-resisted|p2b: Chi-Yu\n|-damage|p2b: Chi-Yu|55/100\n|move|p2b: Chi-Yu|Heat Wave|p1a: Edith|[spread] p1a,p1b\n|-damage|p1a: Edith|0 fnt\n|-damage|p1b: Alice|3/100\n|-status|p1b: Alice|brn\n|faint|p1a: Edith\n|\n|-heal|p2b: Chi-Yu|60/100|[from] item: Leftovers\n|-damage|p1b: Alice|0 fnt|[from] brn\n|faint|p1b: Alice\n|upkeep\n|\n|t:|1770299753\n|switch|p1b: Sheshire|Ursaluna, L50, M, shiny|100/100\n|switch|p1a: Lorina|Lunala, L50, shiny|100/100\n|turn|4\n|\n|t:|1770299774\n|move|p1b: Sheshire|Protect|p1b: Sheshire\n|-singleturn|p1b: Sheshire|Protect\n|move|p1a: Lorina|Expanding Force|p2b: Chi-Yu|[spread] p2a,p2b\n|-resisted|p2a: Farigiraf\n|-damage|p2a: Farigiraf|55/100\n|-damage|p2b: Chi-Yu|0 fnt\n|faint|p2b: Chi-Yu\n|move|p2a: Farigiraf|Trick Room|p2a: Farigiraf\n|-fieldend|move: Trick Room\n|\n|-status|p1b: Sheshire|brn|[from] item: Flame Orb\n|upkeep\n|\n|t:|1770299792\n|switch|p2b: Kyurem|Kyurem-White, L50|100/100\n|-ability|p2b: Kyurem|Turboblaze\n|turn|5\n|\n|t:|1770299812\n|move|p2a: Farigiraf|Helping Hand|p2b: Kyurem\n|-singleturn|p2b: Kyurem|Helping Hand|[of] p2a: Farigiraf\n|move|p2b: Kyurem|Freeze-Dry|p1b: Sheshire\n|-supereffective|p1b: Sheshire\n|-damage|p1b: Sheshire|0 fnt\n|faint|p1b: Sheshire\n|-damage|p2b: Kyurem|91/100|[from] item: Life Orb\n|move|p1a: Lorina|Meteor Beam||[still]\n|-prepare|p1a: Lorina|Meteor Beam\n|-boost|p1a: Lorina|spa|1\n|-enditem|p1a: Lorina|Power Herb\n|-anim|p1a: Lorina|Meteor Beam|p2b: Kyurem\n|-supereffective|p2b: Kyurem\n|-damage|p2b: Kyurem|0 fnt\n|faint|p2b: Kyurem\n|\n|-fieldend|move: Psychic Terrain\n|upkeep\n|inactive|Battle timer is ON: inactive players will automatically lose when time's up. (requested by Panchoman10)\n|\n|t:|1770299829\n|switch|p2b: Calyrex|Calyrex-Shadow, L50|27/100\n|-ability|p2b: Calyrex|As One\n|-ability|p2b: Calyrex|Unnerve\n|turn|6\n|\n|t:|1770299839\n|move|p2a: Farigiraf|Helping Hand|p2b: Calyrex\n|-singleturn|p2b: Calyrex|Helping Hand|[of] p2a: Farigiraf\n|move|p2b: Calyrex|Astral Barrage|p1a: Lorina\n|-supereffective|p1a: Lorina\n|-damage|p1a: Lorina|0 fnt\n|faint|p1a: Lorina\n|\n|win|pzyxhic\n|raw|Panchoman10's rating: 1363 &rarr; <strong>1340</strong><br />(-23 for losing)\n|raw|pzyxhic's rating: 1318 &rarr; <strong>1341</strong><br />(+23 for winning)\n|l|\u2606Panchoman10\n|player|p1|\n|l|\u2606pzyxhic\n|player|p2|\n","uploadtime":1770300107,"views":11,"formatid":"gen9vgc2026regi","rating":1340,"private":0,"password":null}