{"id":"gen9vgc2026regi-2590010762","format":"[Gen 9] VGC 2026 Reg I","players":["jerk4kirk","SycrasisEU"],"log":"|j|\u2606jerk4kirk\n|j|\u2606SycrasisEU\n|t:|1776781105\n|gametype|doubles\n|player|p1|jerk4kirk|265|1266\n|player|p2|SycrasisEU|palmer|1465\n|gen|9\n|tier|[Gen 9] VGC 2026 Reg I\n|rated|\n|rule|Species Clause: Limit one of each Pok\u00e9mon\n|rule|Item Clause: Limit 1 of each item\n|clearpoke\n|poke|p1|Whimsicott, L50, M|\n|poke|p1|Terrakion, L50|\n|poke|p1|Calyrex-Shadow, L50|\n|poke|p1|Miraidon, L50|\n|poke|p1|Raging Bolt, L50|\n|poke|p1|Ogerpon-Wellspring, L50, F|\n|poke|p2|Koraidon, L50|\n|poke|p2|Amoonguss, L50, M|\n|poke|p2|Incineroar, L50, M|\n|poke|p2|Walking Wake, L50|\n|poke|p2|Lunala, L50|\n|poke|p2|Tornadus, L50, M|\n|teampreview|4\n|inactive|Battle timer is ON: inactive players will automatically lose when time's up. (requested by jerk4kirk)\n|inactive|SycrasisEU has 60 seconds left.\n|inactive|SycrasisEU has 30 seconds left.\n|\n|t:|1776781288\n|teamsize|p1|4\n|teamsize|p2|4\n|start\n|switch|p1a: Whimsicott|Whimsicott, L50, M, shiny|100/100\n|switch|p1b: Terrakion|Terrakion, L50|100/100\n|switch|p2a: Tornadus|Tornadus, L50, M|100/100\n|switch|p2b: Lunala|Lunala, L50|100/100\n|turn|1\n|inactive|jerk4kirk has 30 seconds left.\n|inactive|jerk4kirk has 20 seconds left.\n|inactive|jerk4kirk has 15 seconds left.\n|inactive|jerk4kirk has 10 seconds left.\n|\n|t:|1776781334\n|-terastallize|p1b: Terrakion|Stellar\n|-terastallize|p2a: Tornadus|Dark\n|move|p2a: Tornadus|Tailwind|p2a: Tornadus\n|-sidestart|p2: SycrasisEU|move: Tailwind\n|move|p2b: Lunala|Meteor Beam||[still]\n|-prepare|p2b: Lunala|Meteor Beam\n|-boost|p2b: Lunala|spa|1\n|-enditem|p2b: Lunala|Power Herb\n|-anim|p2b: Lunala|Meteor Beam|p1a: Whimsicott\n|-damage|p1a: Whimsicott|3/100\n|move|p1a: Whimsicott|Beat Up|p1b: Terrakion\n|-resisted|p1b: Terrakion\n|-damage|p1b: Terrakion|99/100\n|-ability|p1b: Terrakion|Justified|boost\n|-boost|p1b: Terrakion|atk|1\n|-resisted|p1b: Terrakion\n|-damage|p1b: Terrakion|97/100\n|-ability|p1b: Terrakion|Justified|boost\n|-boost|p1b: Terrakion|atk|1\n|-resisted|p1b: Terrakion\n|-damage|p1b: Terrakion|96/100\n|-ability|p1b: Terrakion|Justified|boost\n|-boost|p1b: Terrakion|atk|1\n|-resisted|p1b: Terrakion\n|-damage|p1b: Terrakion|95/100\n|-ability|p1b: Terrakion|Justified|boost\n|-boost|p1b: Terrakion|atk|1\n|-hitcount|p1b: Terrakion|4\n|move|p1b: Terrakion|Rock Slide|p2b: Lunala|[spread] p2a,p2b\n|-damage|p2a: Tornadus|0 fnt\n|-damage|p2b: Lunala|44/100\n|faint|p2a: Tornadus\n|\n|upkeep\n|\n|t:|1776781350\n|switch|p2a: Koraidon|Koraidon, L50, shiny|100/100\n|-weather|SunnyDay|[from] ability: Orichalcum Pulse|[of] p2a: Koraidon\n|-activate|p2a: Koraidon|Orichalcum Pulse|[source]\n|turn|2\n|\n|t:|1776781369\n|move|p1b: Terrakion|Protect|p1b: Terrakion\n|-singleturn|p1b: Terrakion|Protect\n|move|p2b: Lunala|Wide Guard|p2b: Lunala\n|-singleturn|p2b: Lunala|Wide Guard\n|move|p1a: Whimsicott|Tailwind|p1a: Whimsicott\n|-sidestart|p1: jerk4kirk|move: Tailwind\n|move|p2a: Koraidon|Collision Course|p1b: Terrakion\n|-activate|p1b: Terrakion|move: Protect\n|\n|-weather|SunnyDay|[upkeep]\n|upkeep\n|turn|3\n|inactive|jerk4kirk has 30 seconds left.\n|\n|t:|1776781401\n|move|p1a: Whimsicott|Encore|p2b: Lunala\n|-start|p2b: Lunala|Encore\n|move|p2a: Koraidon|Collision Course|p1b: Terrakion\n|-supereffective|p1b: Terrakion\n|-damage|p1b: Terrakion|0 fnt\n|faint|p1b: Terrakion\n|move|p2b: Lunala|Wide Guard|p2b: Lunala\n|-singleturn|p2b: Lunala|Wide Guard\n|\n|-weather|SunnyDay|[upkeep]\n|upkeep\n|\n|t:|1776781416\n|switch|p1b: Miraidon|Miraidon, L50, shiny|100/100\n|-fieldstart|move: Electric Terrain|[from] ability: Hadron Engine|[of] p1b: Miraidon\n|turn|4\n|inactive|SycrasisEU has 30 seconds left.\n|inactive|SycrasisEU has 20 seconds left.\n|inactive|SycrasisEU has 15 seconds left.\n|inactive|SycrasisEU has 10 seconds left.\n|inactive|SycrasisEU has 5 seconds left.\n|\n|t:|1776781471\n|move|p2a: Koraidon|Protect|p2a: Koraidon\n|-singleturn|p2a: Koraidon|Protect\n|move|p2b: Lunala|Wide Guard|p2b: Lunala\n|-singleturn|p2b: Lunala|Wide Guard\n|move|p1b: Miraidon|Draco Meteor|p2a: Koraidon\n|-activate|p2a: Koraidon|move: Protect\n|move|p1a: Whimsicott|Moonblast|p2a: Koraidon\n|-activate|p2a: Koraidon|move: Protect\n|\n|-weather|SunnyDay|[upkeep]\n|-sideend|p2: SycrasisEU|move: Tailwind\n|upkeep\n|turn|5\n|-message|SycrasisEU forfeited.\n|\n|win|jerk4kirk\n|raw|jerk4kirk's rating: 1266 &rarr; <strong>1304</strong><br />(+38 for winning)\n|raw|SycrasisEU's rating: 1465 &rarr; <strong>1435</strong><br />(-30 for losing)\n|l|\u2606SycrasisEU\n|player|p2|\n|l|\u2606jerk4kirk\n|player|p1|\n","uploadtime":1776781727,"views":6,"formatid":"gen9vgc2026regi","rating":1304,"private":0,"password":null}