{"id":"gen9vgc2026regi-2570650530","format":"[Gen 9] VGC 2026 Reg I","players":["happidoodledoo","Kwiper"],"log":"|j|\u2606happidoodledoo\n|j|\u2606Kwiper\n|t:|1774831944\n|gametype|doubles\n|player|p1|happidoodledoo|ghetsis|1645\n|player|p2|Kwiper|sycamore|1655\n|gen|9\n|tier|[Gen 9] VGC 2026 Reg I\n|rated|\n|rule|Species Clause: Limit one of each Pok\u00e9mon\n|rule|Item Clause: Limit 1 of each item\n|clearpoke\n|poke|p1|Calyrex-Shadow, L50|\n|poke|p1|Weezing-Galar, L50, M|\n|poke|p1|Dondozo, L50, F|\n|poke|p1|Tatsugiri-Droopy, L50, M|\n|poke|p1|Brute Bonnet, L50|\n|poke|p1|Koraidon, L50|\n|poke|p2|Koraidon, L50|\n|poke|p2|Lunala, L50|\n|poke|p2|Indeedee-F, L50, F|\n|poke|p2|Flutter Mane, L50|\n|poke|p2|Volcarona, L50, F|\n|poke|p2|Ursaluna, L50, F|\n|teampreview|4\n|inactive|Battle timer is ON: inactive players will automatically lose when time's up. (requested by Kwiper)\n|\n|t:|1774831972\n|teamsize|p1|4\n|teamsize|p2|4\n|start\n|switch|p1a: Weezing|Weezing-Galar, L50, M, shiny|100/100\n|switch|p1b: Koraidon|Koraidon, L50|100/100\n|switch|p2a: Lunala|Lunala, L50, shiny|100/100\n|switch|p2b: Indeedee|Indeedee-F, L50, F|100/100\n|-ability|p1a: Weezing|Neutralizing Gas\n|-block|p1b: Koraidon|item: Ability Shield\n|-weather|SunnyDay|[from] ability: Orichalcum Pulse|[of] p1b: Koraidon\n|-activate|p1b: Koraidon|Orichalcum Pulse|[source]\n|turn|1\n|\n|t:|1774831996\n|-terastallize|p1b: Koraidon|Fire\n|-terastallize|p2a: Lunala|Water\n|move|p2b: Indeedee|Helping Hand|p2a: Lunala\n|-singleturn|p2a: Lunala|Helping Hand|[of] p2b: Indeedee\n|move|p1b: Koraidon|Flare Blitz|p2a: Lunala\n|-resisted|p2a: Lunala\n|-damage|p2a: Lunala|45/100\n|-status|p2a: Lunala|brn\n|-damage|p1b: Koraidon|75/100|[from] Recoil\n|move|p2a: Lunala|Expanding Force|p1a: Weezing\n|-supereffective|p1a: Weezing\n|-damage|p1a: Weezing|0 fnt\n|faint|p1a: Weezing\n|-end|p1a: Weezing|ability: Neutralizing Gas\n|-fieldstart|move: Psychic Terrain|[from] ability: Psychic Surge|[of] p2b: Indeedee\n|\n|-weather|SunnyDay|[upkeep]\n|-damage|p2a: Lunala|39/100 brn|[from] brn\n|upkeep\n|inactive|happidoodledoo has 30 seconds left.\n|inactive|happidoodledoo has 20 seconds left.\n|inactive|happidoodledoo has 15 seconds left.\n|inactive|happidoodledoo has 10 seconds left.\n|inactive|happidoodledoo has 5 seconds left.\n|\n|t:|1774832049\n|switch|p1a: Tatsugiri|Tatsugiri-Droopy, L50, M|100/100\n|turn|2\n|\n|t:|1774832058\n|move|p1b: Koraidon|Protect|p1b: Koraidon\n|-singleturn|p1b: Koraidon|Protect\n|move|p1a: Tatsugiri|Protect|p1a: Tatsugiri\n|-singleturn|p1a: Tatsugiri|Protect\n|move|p2b: Indeedee|Follow Me|p2b: Indeedee\n|-singleturn|p2b: Indeedee|move: Follow Me\n|move|p2a: Lunala|Expanding Force|p1a: Tatsugiri|[spread] \n|-activate|p1a: Tatsugiri|move: Protect\n|-activate|p1b: Koraidon|move: Protect\n|\n|-weather|SunnyDay|[upkeep]\n|-damage|p2a: Lunala|33/100 brn|[from] brn\n|upkeep\n|turn|3\n|\n|t:|1774832065\n|move|p2b: Indeedee|Follow Me|p2b: Indeedee\n|-singleturn|p2b: Indeedee|move: Follow Me\n|move|p1b: Koraidon|Flare Blitz|p2b: Indeedee\n|-damage|p2b: Indeedee|0 fnt\n|faint|p2b: Indeedee\n|-damage|p1b: Koraidon|42/100|[from] Recoil\n|move|p1a: Tatsugiri|Draco Meteor|p2a: Lunala\n|-damage|p2a: Lunala|0 fnt\n|-unboost|p1a: Tatsugiri|spa|2\n|faint|p2a: Lunala\n|\n|-weather|SunnyDay|[upkeep]\n|upkeep\n|\n|t:|1774832069\n|switch|p2a: Koraidon|Koraidon, L50, shiny|100/100\n|switch|p2b: Flutter Mane|Flutter Mane, L50|100/100\n|-activate|p2a: Koraidon|ability: Orichalcum Pulse\n|-activate|p2b: Flutter Mane|ability: Protosynthesis\n|-start|p2b: Flutter Mane|protosynthesisspe\n|turn|4\n|\n|t:|1774832088\n|move|p1b: Koraidon|Protect|p1b: Koraidon\n|-singleturn|p1b: Koraidon|Protect\n|move|p2b: Flutter Mane|Icy Wind|p1a: Tatsugiri|[spread] p1a\n|-activate|p1b: Koraidon|move: Protect\n|-damage|p1a: Tatsugiri|80/100\n|-unboost|p1a: Tatsugiri|spe|1\n|move|p2a: Koraidon|Breaking Swipe|p1a: Tatsugiri|[spread] p1a\n|-activate|p1b: Koraidon|move: Protect\n|-supereffective|p1a: Tatsugiri\n|-damage|p1a: Tatsugiri|0 fnt\n|faint|p1a: Tatsugiri\n|-damage|p2a: Koraidon|91/100|[from] item: Life Orb\n|\n|-weather|SunnyDay|[upkeep]\n|upkeep\n|\n|t:|1774832105\n|switch|p1a: Dondozo|Dondozo, L50, F|100/100\n|turn|5\n|\n|t:|1774832115\n|move|p2b: Flutter Mane|Shadow Ball|p1b: Koraidon\n|-damage|p1b: Koraidon|1/100\n|move|p1b: Koraidon|Flame Charge|p2b: Flutter Mane\n|-enditem|p2b: Flutter Mane|Focus Sash\n|-damage|p2b: Flutter Mane|1/100\n|-boost|p1b: Koraidon|spe|1\n|move|p2a: Koraidon|Close Combat|p1a: Dondozo\n|-damage|p1a: Dondozo|18/100\n|-unboost|p2a: Koraidon|def|1\n|-unboost|p2a: Koraidon|spd|1\n|-damage|p2a: Koraidon|81/100|[from] item: Life Orb\n|move|p1a: Dondozo|Order Up|p2a: Koraidon\n|-supereffective|p2a: Koraidon\n|-damage|p2a: Koraidon|43/100\n|\n|-weather|none\n|-end|p2b: Flutter Mane|Protosynthesis\n|-heal|p1a: Dondozo|24/100|[from] item: Leftovers\n|-fieldend|move: Psychic Terrain\n|upkeep\n|turn|6\n|\n|t:|1774832137\n|move|p1b: Koraidon|Protect|p1b: Koraidon\n|-singleturn|p1b: Koraidon|Protect\n|move|p1a: Dondozo|Protect|p1a: Dondozo\n|-singleturn|p1a: Dondozo|Protect\n|move|p2b: Flutter Mane|Icy Wind|p1a: Dondozo|[spread] \n|-activate|p1a: Dondozo|move: Protect\n|-activate|p1b: Koraidon|move: Protect\n|move|p2a: Koraidon|Breaking Swipe|p1a: Dondozo|[spread] \n|-activate|p1a: Dondozo|move: Protect\n|-activate|p1b: Koraidon|move: Protect\n|\n|-heal|p1a: Dondozo|30/100|[from] item: Leftovers\n|upkeep\n|turn|7\n|c|\u2606happidoodledoo|wp\n|inactive|Kwiper has 30 seconds left.\n|inactive|Kwiper has 20 seconds left.\n|inactive|Kwiper has 15 seconds left.\n|\n|t:|1774832177\n|move|p2b: Flutter Mane|Protect|p2b: Flutter Mane\n|-singleturn|p2b: Flutter Mane|Protect\n|move|p1b: Koraidon|Flame Charge|p2b: Flutter Mane\n|-activate|p2b: Flutter Mane|move: Protect\n|move|p2a: Koraidon|Close Combat|p1a: Dondozo\n|-damage|p1a: Dondozo|0 fnt\n|-unboost|p2a: Koraidon|def|1\n|-unboost|p2a: Koraidon|spd|1\n|faint|p1a: Dondozo\n|-damage|p2a: Koraidon|34/100|[from] item: Life Orb\n|\n|upkeep\n|turn|8\n|c|\u2606happidoodledoo|why didn't you do it previous turn?\n|c|\u2606Kwiper|you're right\n|c|\u2606happidoodledoo|just 50/50?\n|inactive|happidoodledoo has 30 seconds left.\n|inactive|happidoodledoo has 20 seconds left.\n|inactive|happidoodledoo has 15 seconds left.\n|inactive|happidoodledoo has 10 seconds left.\n|c|\u2606Kwiper|hype moments and aura\n|inactive|happidoodledoo has 5 seconds left.\n|\n|t:|1774832230\n|move|p1b: Koraidon|Collision Course|p2a: Koraidon\n|-damage|p2a: Koraidon|0 fnt\n|faint|p2a: Koraidon\n|move|p2b: Flutter Mane|Moonblast|p1b: Koraidon\n|-resisted|p1b: Koraidon\n|-damage|p1b: Koraidon|0 fnt\n|faint|p1b: Koraidon\n|\n|win|Kwiper\n|raw|happidoodledoo's rating: 1645 &rarr; <strong>1626</strong><br />(-19 for losing)\n|raw|Kwiper's rating: 1655 &rarr; <strong>1674</strong><br />(+19 for winning)\n|c|\u2606happidoodledoo|gg\n|l|\u2606happidoodledoo\n|player|p1|\n","uploadtime":1774832230,"views":66,"formatid":"gen9vgc2026regi","rating":1626,"private":0,"password":null}