{"id":"gen9vgc2026regi-2580382845","format":"[Gen 9] VGC 2026 Reg I","players":["lsslsssllsslsssl","Sunset23"],"log":"|j|\u2606lsslsssllsslsssl\n|j|\u2606Sunset23\n|t:|1775888281\n|gametype|doubles\n|player|p1|lsslsssllsslsssl|102|1410\n|player|p2|Sunset23|gambler|1390\n|gen|9\n|tier|[Gen 9] VGC 2026 Reg I\n|rated|\n|rule|Species Clause: Limit one of each Pok\u00e9mon\n|rule|Item Clause: Limit 1 of each item\n|clearpoke\n|poke|p1|Muk-Alola, L50, M|\n|poke|p1|Smeargle, L50, M|\n|poke|p1|Flamigo, L50, F|\n|poke|p1|Calyrex-Shadow, L50|\n|poke|p1|Indeedee-F, L50, F|\n|poke|p1|Kyogre, L50|\n|poke|p2|Eternatus, L50|\n|poke|p2|Ho-Oh, L50|\n|poke|p2|Brute Bonnet, L50|\n|poke|p2|Glimmora, L50, F|\n|poke|p2|Grimmsnarl, L50, M|\n|poke|p2|Ting-Lu, L50|\n|teampreview|4\n|inactive|Battle timer is ON: inactive players will automatically lose when time's up. (requested by Sunset23)\n|inactive|Sunset23 has 60 seconds left.\n|inactive|Sunset23 has 30 seconds left.\n|inactive|lsslsssllsslsssl has 60 seconds left.\n|\n|t:|1775888355\n|teamsize|p1|4\n|teamsize|p2|4\n|start\n|switch|p1a: Indeedee|Indeedee-F, L50, F|100/100\n|switch|p1b: Kyogre|Kyogre, L50|100/100\n|switch|p2a: Glimmora|Glimmora, L50, F|100/100\n|switch|p2b: Eternatus|Eternatus, L50|100/100\n|-weather|RainDance|[from] ability: Drizzle|[of] p1b: Kyogre\n|-ability|p2b: Eternatus|Pressure\n|-fieldstart|move: Psychic Terrain|[from] ability: Psychic Surge|[of] p1a: Indeedee\n|turn|1\n|\n|t:|1775888375\n|move|p1a: Indeedee|Helping Hand|p1b: Kyogre\n|-singleturn|p1b: Kyogre|Helping Hand|[of] p1a: Indeedee\n|move|p2b: Eternatus|Protect|p2b: Eternatus\n|-singleturn|p2b: Eternatus|Protect\n|move|p1b: Kyogre|Water Spout|p2b: Eternatus|[spread] p2a\n|-activate|p2b: Eternatus|move: Protect\n|-supereffective|p2a: Glimmora\n|-enditem|p2a: Glimmora|Focus Sash\n|-damage|p2a: Glimmora|1/100\n|move|p2a: Glimmora|Mortal Spin|p1b: Kyogre|[spread] p1a,p1b\n|-damage|p1a: Indeedee|97/100\n|-damage|p1b: Kyogre|96/100\n|-status|p1a: Indeedee|psn\n|-status|p1b: Kyogre|psn\n|-damage|p2a: Glimmora|0 fnt|[from] item: Rocky Helmet|[of] p1a: Indeedee\n|faint|p2a: Glimmora\n|\n|-weather|RainDance|[upkeep]\n|-damage|p1b: Kyogre|83/100 psn|[from] psn\n|-damage|p1a: Indeedee|84/100 psn|[from] psn\n|upkeep\n|\n|t:|1775888392\n|switch|p2a: Grimmsnarl|Grimmsnarl, L50, M|100/100\n|turn|2\n|\n|t:|1775888400\n|move|p1a: Indeedee|Helping Hand|p1b: Kyogre\n|-singleturn|p1b: Kyogre|Helping Hand|[of] p1a: Indeedee\n|move|p2a: Grimmsnarl|Light Screen|p2a: Grimmsnarl\n|-sidestart|p2: Sunset23|move: Light Screen\n|move|p1b: Kyogre|Water Spout|p2a: Grimmsnarl|[spread] p2a,p2b\n|-resisted|p2b: Eternatus\n|-damage|p2a: Grimmsnarl|11/100\n|-damage|p2b: Eternatus|75/100\n|move|p2b: Eternatus|Cosmic Power|p2b: Eternatus\n|-boost|p2b: Eternatus|def|1\n|-boost|p2b: Eternatus|spd|1\n|\n|-weather|RainDance|[upkeep]\n|-heal|p2b: Eternatus|81/100|[from] item: Leftovers\n|-damage|p1b: Kyogre|71/100 psn|[from] psn\n|-damage|p1a: Indeedee|72/100 psn|[from] psn\n|upkeep\n|turn|3\n|\n|t:|1775888419\n|move|p1b: Kyogre|Water Spout|p2b: Eternatus|[spread] p2a,p2b\n|-resisted|p2b: Eternatus\n|-damage|p2a: Grimmsnarl|0 fnt\n|-damage|p2b: Eternatus|71/100\n|faint|p2a: Grimmsnarl\n|move|p2b: Eternatus|Cosmic Power|p2b: Eternatus\n|-boost|p2b: Eternatus|def|1\n|-boost|p2b: Eternatus|spd|1\n|move|p1a: Indeedee|Psychic|p2b: Eternatus\n|-supereffective|p2b: Eternatus\n|-damage|p2b: Eternatus|54/100\n|\n|-weather|RainDance|[upkeep]\n|-heal|p2b: Eternatus|60/100|[from] item: Leftovers\n|-damage|p1b: Kyogre|59/100 psn|[from] psn\n|-damage|p1a: Indeedee|59/100 psn|[from] psn\n|upkeep\n|\n|t:|1775888430\n|switch|p2a: Brute Bonnet|Brute Bonnet, L50|100/100\n|turn|4\n|inactive|lsslsssllsslsssl has 30 seconds left.\n|\n|t:|1775888455\n|switch|p1b: Calyrex|Calyrex-Shadow, L50|100/100\n|-ability|p1b: Calyrex|As One\n|-ability|p1b: Calyrex|Unnerve\n|move|p2a: Brute Bonnet|Protect|p2a: Brute Bonnet\n|-singleturn|p2a: Brute Bonnet|Protect\n|move|p1a: Indeedee|Follow Me|p1a: Indeedee\n|-singleturn|p1a: Indeedee|move: Follow Me\n|move|p2b: Eternatus|Recover|p2b: Eternatus\n|-heal|p2b: Eternatus|100/100\n|\n|-weather|RainDance|[upkeep]\n|-damage|p1a: Indeedee|47/100 psn|[from] psn\n|upkeep\n|turn|5\n|\n|t:|1775888479\n|-terastallize|p1b: Calyrex|Grass\n|move|p1a: Indeedee|Helping Hand|p1b: Calyrex\n|-singleturn|p1b: Calyrex|Helping Hand|[of] p1a: Indeedee\n|move|p2a: Brute Bonnet|Rage Powder|p2a: Brute Bonnet\n|-singleturn|p2a: Brute Bonnet|move: Rage Powder\n|move|p1b: Calyrex|Expanding Force|p2b: Eternatus|[spread] p2b\n|-immune|p2a: Brute Bonnet\n|-supereffective|p2b: Eternatus\n|-damage|p2b: Eternatus|49/100\n|-damage|p1b: Calyrex|91/100|[from] item: Life Orb\n|move|p2b: Eternatus|Dynamax Cannon|p1a: Indeedee\n|-damage|p1a: Indeedee|0 fnt\n|faint|p1a: Indeedee\n|\n|-weather|none\n|-heal|p2b: Eternatus|55/100|[from] item: Leftovers\n|-fieldend|move: Psychic Terrain\n|upkeep\n|inactive|lsslsssllsslsssl has 30 seconds left.\n|\n|t:|1775888512\n|switch|p1a: Kyogre|Kyogre, L50|59/100 psn\n|-weather|RainDance|[from] ability: Drizzle|[of] p1a: Kyogre\n|turn|6\n|\n|t:|1775888522\n|move|p2b: Eternatus|Protect|p2b: Eternatus\n|-singleturn|p2b: Eternatus|Protect\n|move|p1a: Kyogre|Origin Pulse|p2a: Brute Bonnet|[spread] p2a\n|-activate|p2b: Eternatus|move: Protect\n|-resisted|p2a: Brute Bonnet\n|-damage|p2a: Brute Bonnet|82/100\n|move|p1b: Calyrex|Expanding Force|p2b: Eternatus\n|-activate|p2b: Eternatus|move: Protect\n|move|p2a: Brute Bonnet|Pollen Puff|p1b: Calyrex\n|-supereffective|p1b: Calyrex\n|-damage|p1b: Calyrex|56/100\n|\n|-weather|RainDance|[upkeep]\n|-heal|p2b: Eternatus|61/100|[from] item: Leftovers\n|-damage|p1a: Kyogre|47/100 psn|[from] psn\n|upkeep\n|turn|7\n|inactive|Sunset23 has 30 seconds left.\n|\n|t:|1775888554\n|-terastallize|p2b: Eternatus|Steel\n|move|p1a: Kyogre|Origin Pulse|p2b: Eternatus|[spread] p2a,p2b\n|-resisted|p2a: Brute Bonnet\n|-damage|p2a: Brute Bonnet|65/100\n|-damage|p2b: Eternatus|47/100\n|move|p1b: Calyrex|Expanding Force|p2b: Eternatus\n|-resisted|p2b: Eternatus\n|-damage|p2b: Eternatus|41/100\n|-damage|p1b: Calyrex|47/100|[from] item: Life Orb\n|move|p2b: Eternatus|Dynamax Cannon|p1b: Calyrex\n|-damage|p1b: Calyrex|2/100\n|move|p2a: Brute Bonnet|Pollen Puff|p2b: Eternatus\n|-heal|p2b: Eternatus|90/100\n|\n|-weather|RainDance|[upkeep]\n|-heal|p2b: Eternatus|96/100|[from] item: Leftovers\n|-damage|p1a: Kyogre|35/100 psn|[from] psn\n|upkeep\n|turn|8\n|-message|lsslsssllsslsssl forfeited.\n|\n|win|Sunset23\n|raw|lsslsssllsslsssl's rating: 1426 &rarr; <strong>1404</strong><br />(-22 for losing)\n|raw|Sunset23's rating: 1390 &rarr; <strong>1412</strong><br />(+22 for winning)\n|l|\u2606lsslsssllsslsssl\n|player|p1|\n|l|\u2606Sunset23\n|player|p2|\n","uploadtime":1775888792,"views":11,"formatid":"gen9vgc2026regi","rating":1404,"private":0,"password":null}