{"id":"gen9vgc2026regi-2548090121","format":"[Gen 9] VGC 2026 Reg I","players":["tdea","lalo's pollos"],"log":"|j|\u2606tdea\n|j|\u2606lalo's pollos\n|t:|1772166769\n|gametype|doubles\n|player|p1|tdea|veteran|1567\n|player|p2|lalo's pollos|1|1555\n|gen|9\n|tier|[Gen 9] VGC 2026 Reg I\n|rated|\n|rule|Species Clause: Limit one of each Pok\u00e9mon\n|rule|Item Clause: Limit 1 of each item\n|clearpoke\n|poke|p1|Rillaboom, L50, M|\n|poke|p1|Calyrex-Shadow, L50|\n|poke|p1|Clefairy, L50, M|\n|poke|p1|Urshifu-*, L50, F|\n|poke|p1|Tornadus, L50, M|\n|poke|p1|Zamazenta-*, L50|\n|poke|p2|Zamazenta-*, L50|\n|poke|p2|Lunala, L50|\n|poke|p2|Rillaboom, L50, F|\n|poke|p2|Incineroar, L50, M|\n|poke|p2|Urshifu-*, L50, F|\n|poke|p2|Tornadus, L50, M|\n|teampreview|4\n|inactive|Battle timer is ON: inactive players will automatically lose when time's up. (requested by tdea)\n|\n|t:|1772166799\n|teamsize|p1|4\n|teamsize|p2|4\n|start\n|switch|p1a: Tornadus|Tornadus, L50, M|100/100\n|switch|p1b: Zamazenta|Zamazenta-Crowned, L50|100/100\n|switch|p2a: Zamazenta|Zamazenta-Crowned, L50|100/100\n|switch|p2b: Tornadus|Tornadus, L50, M|100/100\n|-ability|p2a: Zamazenta|Dauntless Shield|boost\n|-boost|p2a: Zamazenta|def|1\n|-ability|p1b: Zamazenta|Dauntless Shield|boost\n|-boost|p1b: Zamazenta|def|1\n|turn|1\n|\n|t:|1772166812\n|move|p2a: Zamazenta|Protect|p2a: Zamazenta\n|-singleturn|p2a: Zamazenta|Protect\n|move|p1a: Tornadus|Tailwind|p1a: Tornadus\n|-sidestart|p1: tdea|move: Tailwind\n|move|p1b: Zamazenta|Imprison|p1b: Zamazenta\n|-start|p1b: Zamazenta|move: Imprison\n|move|p2b: Tornadus|Bleakwind Storm|p1b: Zamazenta|[spread] p1a\n|-miss|p2b: Tornadus|p1b: Zamazenta\n|-damage|p1a: Tornadus|61/100\n|-unboost|p1a: Tornadus|spe|1\n|\n|upkeep\n|turn|2\n|\n|t:|1772166828\n|switch|p1a: Clefairy|Clefairy, L50, M|100/100\n|switch|p2a: Lunala|Lunala, L50|100/100\n|move|p1b: Zamazenta|Body Press|p2a: Lunala\n|-immune|p2a: Lunala\n|move|p2b: Tornadus|Bleakwind Storm|p1a: Clefairy|[spread] p1b\n|-miss|p2b: Tornadus|p1a: Clefairy\n|-damage|p1b: Zamazenta|82/100\n|\n|upkeep\n|turn|3\n|\n|t:|1772166842\n|move|p1a: Clefairy|Helping Hand|p1b: Zamazenta\n|-singleturn|p1b: Zamazenta|Helping Hand|[of] p1a: Clefairy\n|move|p2b: Tornadus|Taunt|p1a: Clefairy\n|-start|p1a: Clefairy|move: Taunt\n|move|p1b: Zamazenta|Heavy Slam|p2b: Tornadus\n|-enditem|p2b: Tornadus|Focus Sash\n|-damage|p2b: Tornadus|1/100\n|move|p2a: Lunala|Calm Mind|p2a: Lunala\n|-boost|p2a: Lunala|spa|1\n|-boost|p2a: Lunala|spd|1\n|\n|upkeep\n|turn|4\n|\n|t:|1772166865\n|move|p2b: Tornadus|Tailwind|p2b: Tornadus\n|-sidestart|p2: lalo's pollos|move: Tailwind\n|move|p1b: Zamazenta|Heavy Slam|p2a: Lunala\n|-damage|p2a: Lunala|79/100\n|move|p2a: Lunala|Moongeist Beam|p1b: Zamazenta\n|-damage|p1b: Zamazenta|25/100\n|-activate|p1a: Clefairy|move: Struggle\n|move|p1a: Clefairy|Struggle|p2b: Tornadus\n|-damage|p2b: Tornadus|0 fnt\n|faint|p2b: Tornadus\n|-damage|p1a: Clefairy|76/100|[from] recoil\n|\n|-heal|p2a: Lunala|85/100|[from] item: Leftovers\n|-sideend|p1: tdea|move: Tailwind\n|upkeep\n|\n|t:|1772166881\n|switch|p2b: Urshifu|Urshifu-Rapid-Strike, L50, F|100/100\n|turn|5\n|\n|t:|1772166892\n|move|p2b: Urshifu|Surging Strikes|p1b: Zamazenta\n|-crit|p1b: Zamazenta\n|-damage|p1b: Zamazenta|14/100\n|-crit|p1b: Zamazenta\n|-damage|p1b: Zamazenta|4/100\n|-crit|p1b: Zamazenta\n|-damage|p1b: Zamazenta|0 fnt\n|faint|p1b: Zamazenta\n|-hitcount|p1: Zamazenta|3\n|move|p2a: Lunala|Moongeist Beam|p1a: Clefairy\n|-damage|p1a: Clefairy|0 fnt\n|faint|p1a: Clefairy\n|\n|-heal|p2a: Lunala|91/100|[from] item: Leftovers\n|upkeep\n|\n|t:|1772166896\n|switch|p1b: Tornadus|Tornadus, L50, M|61/100\n|switch|p1a: Urshifu|Urshifu-Rapid-Strike, L50, F|100/100\n|turn|6\n|\n|t:|1772166907\n|move|p2b: Urshifu|Surging Strikes|p1b: Tornadus\n|-crit|p1b: Tornadus\n|-damage|p1b: Tornadus|37/100\n|-crit|p1b: Tornadus\n|-damage|p1b: Tornadus|10/100\n|-crit|p1b: Tornadus\n|-damage|p1b: Tornadus|0 fnt\n|faint|p1b: Tornadus\n|-hitcount|p1: Tornadus|3\n|move|p2a: Lunala|Moonblast|p1a: Urshifu\n|-supereffective|p1a: Urshifu\n|-damage|p1a: Urshifu|0 fnt\n|faint|p1a: Urshifu\n|\n|win|lalo's pollos\n|raw|tdea's rating: 1567 &rarr; <strong>1546</strong><br />(-21 for losing)\n|raw|lalo&apos;s pollos's rating: 1555 &rarr; <strong>1576</strong><br />(+21 for winning)\n|l|\u2606tdea\n|player|p1|\n","uploadtime":1772167111,"views":39,"formatid":"gen9vgc2026regi","rating":1546,"private":0,"password":null}