{"id":"gen9vgc2026regi-2547842445","format":"[Gen 9] VGC 2026 Reg I","players":["TheMerryMadman77","jepeg"],"log":"|j|\u2606TheMerryMadman77\n|j|\u2606jepeg\n|t:|1772137137\n|gametype|doubles\n|player|p1|TheMerryMadman77|morty-masters|1157\n|player|p2|jepeg|beauty-gen4dp|1233\n|gen|9\n|tier|[Gen 9] VGC 2026 Reg I\n|rated|\n|rule|Species Clause: Limit one of each Pok\u00e9mon\n|rule|Item Clause: Limit 1 of each item\n|clearpoke\n|poke|p1|Lunala, L50|\n|poke|p1|Kyurem-Black, L50|\n|poke|p1|Tornadus, L50, M|\n|poke|p1|Ninetales-Alola, L50, F|\n|poke|p1|Amoonguss, L50, F|\n|poke|p1|Urshifu-*, L50, M|\n|poke|p2|Oranguru, L50, F|\n|poke|p2|Miraidon, L50|\n|poke|p2|Ursaluna-Bloodmoon, L50, M|\n|poke|p2|Calyrex-Ice, L50|\n|poke|p2|Ogerpon-Hearthflame, L50, F|\n|poke|p2|Bruxish, L50, F|\n|teampreview|4\n|inactive|Battle timer is ON: inactive players will automatically lose when time's up. (requested by TheMerryMadman77)\n|\n|t:|1772137167\n|teamsize|p1|4\n|teamsize|p2|4\n|start\n|switch|p1a: Kyurem|Kyurem-Black, L50|100/100\n|switch|p1b: Urshifu|Urshifu, L50, M|100/100\n|switch|p2a: Oranguru|Oranguru, L50, F, shiny|100/100\n|switch|p2b: Ogerpon|Ogerpon-Hearthflame, L50, F|100/100\n|-ability|p2b: Ogerpon|Mold Breaker\n|-ability|p1a: Kyurem|Teravolt\n|turn|1\n|\n|t:|1772137178\n|move|p2b: Ogerpon|Follow Me|p2b: Ogerpon\n|-singleturn|p2b: Ogerpon|move: Follow Me\n|move|p1b: Urshifu|Wicked Blow|p2b: Ogerpon\n|-crit|p2b: Ogerpon\n|-damage|p2b: Ogerpon|16/100\n|move|p1a: Kyurem|Dragon Dance|p1a: Kyurem\n|-boost|p1a: Kyurem|atk|1\n|-boost|p1a: Kyurem|spe|1\n|move|p2a: Oranguru|Trick Room|p2a: Oranguru\n|-fieldstart|move: Trick Room|[of] p2a: Oranguru\n|\n|upkeep\n|turn|2\n|\n|t:|1772137200\n|move|p2b: Ogerpon|Follow Me|p2b: Ogerpon\n|-singleturn|p2b: Ogerpon|move: Follow Me\n|move|p2a: Oranguru|Foul Play|p1a: Kyurem\n|-damage|p1a: Kyurem|39/100\n|move|p1b: Urshifu|Wicked Blow|p2b: Ogerpon\n|-crit|p2b: Ogerpon\n|-damage|p2b: Ogerpon|0 fnt\n|faint|p2b: Ogerpon\n|move|p1a: Kyurem|Icicle Spear|p2a: Oranguru\n|-damage|p2a: Oranguru|79/100\n|-damage|p2a: Oranguru|56/100\n|-damage|p2a: Oranguru|37/100\n|-damage|p2a: Oranguru|17/100\n|-damage|p2a: Oranguru|0 fnt\n|faint|p2a: Oranguru\n|-hitcount|p2: Oranguru|5\n|\n|upkeep\n|\n|t:|1772137211\n|switch|p2a: Ursaluna|Ursaluna-Bloodmoon, L50, M|100/100\n|switch|p2b: Miraidon|Miraidon, L50|100/100\n|-fieldstart|move: Electric Terrain|[from] ability: Hadron Engine|[of] p2b: Miraidon\n|turn|3\n|\n|t:|1772137229\n|-terastallize|p2a: Ursaluna|Normal\n|move|p2a: Ursaluna|Blood Moon|p1b: Urshifu\n|-damage|p1b: Urshifu|0 fnt\n|faint|p1b: Urshifu\n|move|p2b: Miraidon|Dazzling Gleam|p1a: Kyurem\n|-supereffective|p1a: Kyurem\n|-damage|p1a: Kyurem|0 fnt\n|faint|p1a: Kyurem\n|\n|upkeep\n|\n|t:|1772137234\n|switch|p1a: Lunala|Lunala, L50|100/100\n|switch|p1b: Tornadus|Tornadus, L50, M|100/100\n|turn|4\n|\n|t:|1772137259\n|-terastallize|p1b: Tornadus|Steel\n|move|p2a: Ursaluna|Hyper Voice|p1b: Tornadus|[spread] p1a,p1b\n|-resisted|p1b: Tornadus\n|-damage|p1a: Lunala|77/100\n|-damage|p1b: Tornadus|64/100\n|-enditem|p2a: Ursaluna|Throat Spray\n|-boost|p2a: Ursaluna|spa|1|[from] item: Throat Spray\n|move|p1a: Lunala|Meteor Beam||[still]\n|-prepare|p1a: Lunala|Meteor Beam\n|-boost|p1a: Lunala|spa|1\n|-enditem|p1a: Lunala|Power Herb\n|-anim|p1a: Lunala|Meteor Beam|p2b: Miraidon\n|-damage|p2b: Miraidon|44/100\n|move|p1b: Tornadus|Bleakwind Storm|p2b: Miraidon|[spread] p2b\n|-miss|p1b: Tornadus|p2a: Ursaluna\n|-resisted|p2b: Miraidon\n|-damage|p2b: Miraidon|28/100\n|-unboost|p2b: Miraidon|spe|1\n|move|p2b: Miraidon|Dazzling Gleam|p1b: Tornadus|[spread] p1a,p1b\n|-resisted|p1b: Tornadus\n|-damage|p1a: Lunala|40/100\n|-damage|p1b: Tornadus|32/100\n|\n|upkeep\n|turn|5\n|\n|t:|1772137283\n|move|p2a: Ursaluna|Blood Moon|p1a: Lunala\n|-damage|p1a: Lunala|0 fnt\n|faint|p1a: Lunala\n|move|p2b: Miraidon|Dazzling Gleam|p1b: Tornadus\n|-resisted|p1b: Tornadus\n|-damage|p1b: Tornadus|0 fnt\n|faint|p1b: Tornadus\n|\n|win|jepeg\n|raw|TheMerryMadman77's rating: 1157 &rarr; <strong>1137</strong><br />(-20 for losing)\n|raw|jepeg's rating: 1233 &rarr; <strong>1253</strong><br />(+20 for winning)\n|l|\u2606TheMerryMadman77\n|player|p1|\n|l|\u2606jepeg\n|player|p2|\n","uploadtime":1772137422,"views":15,"formatid":"gen9vgc2026regi","rating":1137,"private":0,"password":null}