{"id":"gen9vgc2026regi-2560402123","format":"[Gen 9] VGC 2026 Reg I","players":["jonen","EPL Lane"],"log":"|j|\u2606jonen\n|j|\u2606EPL Lane\n|t:|1773684007\n|gametype|doubles\n|player|p1|jonen|medium|1185\n|player|p2|EPL Lane|266|1109\n|gen|9\n|tier|[Gen 9] VGC 2026 Reg I\n|rated|\n|rule|Species Clause: Limit one of each Pok\u00e9mon\n|rule|Item Clause: Limit 1 of each item\n|clearpoke\n|poke|p1|Volcarona, L50, M|\n|poke|p1|Groudon, L50|\n|poke|p1|Incineroar, L50, M|\n|poke|p1|Flutter Mane, L50|\n|poke|p1|Grimmsnarl, L50, M|\n|poke|p1|Miraidon, L50|\n|poke|p2|Calyrex-Ice, L50|\n|poke|p2|Urshifu-*, L50, F|\n|poke|p2|Amoonguss, L50, F|\n|poke|p2|Incineroar, L50, F|\n|poke|p2|Miraidon, L50|\n|poke|p2|Landorus, L50, M|\n|teampreview|4\n|\n|t:|1773684045\n|teamsize|p1|4\n|teamsize|p2|4\n|start\n|switch|p1a: Groudon|Groudon, L50|100/100\n|switch|p1b: Incineroar|Incineroar, L50, M|100/100\n|switch|p2a: Incineroar|Incineroar, L50, F|100/100\n|switch|p2b: Landorus|Landorus, L50, M|100/100\n|-weather|SunnyDay|[from] ability: Drought|[of] p1a: Groudon\n|-ability|p1b: Incineroar|Intimidate|boost\n|-unboost|p2a: Incineroar|atk|1\n|-unboost|p2b: Landorus|atk|1\n|-ability|p2a: Incineroar|Intimidate|boost\n|-fail|p1a: Groudon|unboost|[from] item: Clear Amulet|[of] p1a: Groudon\n|-unboost|p1b: Incineroar|atk|1\n|turn|1\n|inactive|Battle timer is ON: inactive players will automatically lose when time's up. (requested by jonen)\n|\n|t:|1773684132\n|-terastallize|p2a: Incineroar|Bug\n|move|p1b: Incineroar|Fake Out|p2a: Incineroar\n|-damage|p2a: Incineroar|95/100\n|cant|p2a: Incineroar|flinch\n|move|p2b: Landorus|Earth Power|p1b: Incineroar\n|-supereffective|p1b: Incineroar\n|-enditem|p1b: Incineroar|Shuca Berry|[eat]\n|-enditem|p1b: Incineroar|Shuca Berry|[weaken]\n|-damage|p1b: Incineroar|42/100\n|move|p1a: Groudon|Bulk Up|p1a: Groudon\n|-boost|p1a: Groudon|atk|1\n|-boost|p1a: Groudon|def|1\n|\n|-weather|SunnyDay|[upkeep]\n|upkeep\n|turn|2\n|inactive|EPL Lane has 30 seconds left.\n|inactive|EPL Lane has 20 seconds left.\n|inactive|EPL Lane has 15 seconds left.\n|\n|t:|1773684177\n|move|p2b: Landorus|Sludge Bomb|p1b: Incineroar\n|-damage|p1b: Incineroar|0 fnt\n|faint|p1b: Incineroar\n|move|p1a: Groudon|Heat Crash|p2a: Incineroar\n|-supereffective|p2a: Incineroar\n|-damage|p2a: Incineroar|0 fnt\n|faint|p2a: Incineroar\n|\n|-weather|SunnyDay|[upkeep]\n|upkeep\n|inactive|EPL Lane has 30 seconds left.\n|\n|t:|1773684204\n|switch|p1b: Flutter Mane|Flutter Mane, L50|100/100\n|switch|p2a: Miraidon|Miraidon, L50|100/100\n|-fieldstart|move: Electric Terrain|[from] ability: Hadron Engine|[of] p2a: Miraidon\n|-activate|p1b: Flutter Mane|ability: Protosynthesis\n|-start|p1b: Flutter Mane|protosynthesisspe\n|turn|3\n|inactive|EPL Lane has 30 seconds left.\n|\n|t:|1773684236\n|switch|p2a: Calyrex|Calyrex-Ice, L50|100/100\n|-ability|p2a: Calyrex|As One\n|-ability|p2a: Calyrex|Unnerve\n|move|p1b: Flutter Mane|Icy Wind|p2a: Calyrex|[spread] p2a,p2b\n|-resisted|p2a: Calyrex\n|-supereffective|p2b: Landorus\n|-damage|p2a: Calyrex|96/100\n|-damage|p2b: Landorus|32/100\n|-unboost|p2b: Landorus|spe|1\n|move|p1a: Groudon|Heat Crash|p2b: Landorus\n|-damage|p2b: Landorus|0 fnt\n|faint|p2b: Landorus\n|\n|-weather|SunnyDay|[upkeep]\n|upkeep\n|\n|t:|1773684249\n|switch|p2b: Miraidon|Miraidon, L50|100/100\n|-activate|p2b: Miraidon|ability: Hadron Engine\n|turn|4\n|\n|t:|1773684263\n|-terastallize|p1a: Groudon|Fire\n|move|p1b: Flutter Mane|Icy Wind|p2b: Miraidon|[spread] p2a,p2b\n|-resisted|p2a: Calyrex\n|-supereffective|p2b: Miraidon\n|-damage|p2a: Calyrex|92/100\n|-damage|p2b: Miraidon|78/100\n|-unboost|p2b: Miraidon|spe|1\n|move|p2b: Miraidon|Draco Meteor|p1a: Groudon\n|-damage|p1a: Groudon|2/100\n|-unboost|p2b: Miraidon|spa|2\n|move|p1a: Groudon|Precipice Blades|p2b: Miraidon|[spread] p2a\n|-miss|p1a: Groudon|p2b: Miraidon\n|-damage|p2a: Calyrex|43/100\n|move|p2a: Calyrex|Glacial Lance|p1b: Flutter Mane|[spread] p1a,p1b\n|-resisted|p1a: Groudon\n|-damage|p1a: Groudon|0 fnt\n|-enditem|p1b: Flutter Mane|Focus Sash\n|-damage|p1b: Flutter Mane|1/100\n|faint|p1a: Groudon\n|-ability|p2a: Calyrex|Chilling Neigh|boost\n|-boost|p2a: Calyrex|atk|1\n|\n|-weather|SunnyDay|[upkeep]\n|upkeep\n|\n|t:|1773684277\n|switch|p1a: Miraidon|Miraidon, L50|100/100\n|-activate|p1a: Miraidon|ability: Hadron Engine\n|turn|5\n|\n|t:|1773684294\n|move|p1b: Flutter Mane|Moonblast|p2b: Miraidon\n|-supereffective|p2b: Miraidon\n|-damage|p2b: Miraidon|0 fnt\n|faint|p2b: Miraidon\n|move|p1a: Miraidon|Electro Drift|p2a: Calyrex\n|-damage|p2a: Calyrex|0 fnt\n|faint|p2a: Calyrex\n|\n|win|jonen\n|raw|jonen's rating: 1185 &rarr; <strong>1205</strong><br />(+20 for winning)\n|raw|EPL Lane's rating: 1109 &rarr; <strong>1089</strong><br />(-20 for losing)\n","uploadtime":1773684294,"views":10,"formatid":"gen9vgc2026regi","rating":1089,"private":0,"password":null}