{"id":"gen9vgc2026regi-2519283477","format":"[Gen 9] VGC 2026 Reg I","players":["1123ydy","dthk1216"],"log":"|j|\u26061123ydy\n|j|\u2606dthk1216\n|t:|1768491994\n|gametype|doubles\n|player|p1|1123ydy|cynthia|1370\n|player|p2|dthk1216|dawn|1496\n|gen|9\n|tier|[Gen 9] VGC 2026 Reg I\n|rated|\n|rule|Species Clause: Limit one of each Pok\u00e9mon\n|rule|Item Clause: Limit 1 of each item\n|clearpoke\n|poke|p1|Calyrex-Shadow, L50|\n|poke|p1|Miraidon, L50|\n|poke|p1|Iron Hands, L50|\n|poke|p1|Kingambit, L50, F|\n|poke|p1|Chi-Yu, L50|\n|poke|p1|Whimsicott, L50, F|\n|poke|p2|Calyrex-Ice, L50|\n|poke|p2|Kyogre, L50|\n|poke|p2|Urshifu-*, L50, F|\n|poke|p2|Rillaboom, L50, M|\n|poke|p2|Grimmsnarl, L50, M|\n|poke|p2|Amoonguss, L50, F|\n|teampreview|4\n|inactive|Battle timer is ON: inactive players will automatically lose when time's up. (requested by dthk1216)\n|\n|t:|1768492040\n|teamsize|p1|4\n|teamsize|p2|4\n|start\n|switch|p1a: Miraidon|Miraidon, L50, shiny|100/100\n|switch|p1b: Kingambit|Kingambit, L50, F|100/100\n|switch|p2a: Grimmsnarl|Grimmsnarl, L50, M|100/100\n|switch|p2b: Rillaboom|Rillaboom, L50, M|100/100\n|-fieldstart|move: Electric Terrain|[from] ability: Hadron Engine|[of] p1a: Miraidon\n|-enditem|p1b: Kingambit|Electric Seed\n|-boost|p1b: Kingambit|def|1|[from] item: Electric Seed\n|-fieldstart|move: Grassy Terrain|[from] ability: Grassy Surge|[of] p2b: Rillaboom\n|turn|1\n|\n|t:|1768492064\n|switch|p1a: Iron Hands|Iron Hands, L50, shiny|100/100\n|move|p2b: Rillaboom|Fake Out|p1b: Kingambit\n|-resisted|p1b: Kingambit\n|-damage|p1b: Kingambit|97/100\n|move|p2a: Grimmsnarl|Light Screen|p2a: Grimmsnarl\n|-sidestart|p2: dthk1216|move: Light Screen\n|cant|p1b: Kingambit|flinch\n|\n|-heal|p1b: Kingambit|100/100|[from] Grassy Terrain\n|upkeep\n|turn|2\n|\n|t:|1768492085\n|move|p1a: Iron Hands|Fake Out|p2a: Grimmsnarl\n|-damage|p2a: Grimmsnarl|85/100\n|cant|p2a: Grimmsnarl|flinch\n|move|p2b: Rillaboom|U-turn|p1a: Iron Hands\n|-resisted|p1a: Iron Hands\n|-damage|p1a: Iron Hands|92/100\n|\n|t:|1768492094\n|switch|p2b: Kyogre|Kyogre, L50|100/100|[from] U-turn\n|-weather|RainDance|[from] ability: Drizzle|[of] p2b: Kyogre\n|move|p1b: Kingambit|Iron Head|p2a: Grimmsnarl\n|-supereffective|p2a: Grimmsnarl\n|-damage|p2a: Grimmsnarl|0 fnt\n|faint|p2a: Grimmsnarl\n|\n|-weather|RainDance|[upkeep]\n|-heal|p1a: Iron Hands|98/100|[from] Grassy Terrain\n|upkeep\n|\n|t:|1768492101\n|switch|p2a: Calyrex|Calyrex-Ice, L50|100/100\n|-ability|p2a: Calyrex|As One\n|-ability|p2a: Calyrex|Unnerve\n|turn|3\n|\n|t:|1768492120\n|-terastallize|p1b: Kingambit|Water\n|move|p2b: Kyogre|Water Spout|p1a: Iron Hands|[spread] p1a,p1b\n|-resisted|p1b: Kingambit\n|-damage|p1a: Iron Hands|3/100\n|-damage|p1b: Kingambit|14/100\n|move|p2a: Calyrex|Glacial Lance|p1a: Iron Hands|[spread] p1a,p1b\n|-resisted|p1b: Kingambit\n|-damage|p1a: Iron Hands|0 fnt\n|-damage|p1b: Kingambit|2/100\n|faint|p1a: Iron Hands\n|-end|p1a: Iron Hands|Quark Drive|[silent]\n|-ability|p2a: Calyrex|Chilling Neigh|boost\n|-boost|p2a: Calyrex|atk|1\n|move|p1b: Kingambit|Iron Head|p2a: Calyrex\n|-supereffective|p2a: Calyrex\n|-damage|p2a: Calyrex|42/100\n|\n|-weather|RainDance|[upkeep]\n|-heal|p2a: Calyrex|47/100|[from] Grassy Terrain\n|-heal|p2a: Calyrex|53/100|[from] item: Leftovers\n|-heal|p1b: Kingambit|8/100|[from] Grassy Terrain\n|upkeep\n|\n|t:|1768492141\n|switch|p1a: Calyrex|Calyrex-Shadow, L50|100/100\n|-ability|p1a: Calyrex|As One\n|-ability|p1a: Calyrex|Unnerve\n|turn|4\n|inactive|dthk1216 has 30 seconds left.\n|inactive|dthk1216 has 20 seconds left.\n|\n|t:|1768492181\n|move|p2a: Calyrex|Protect|p2a: Calyrex\n|-singleturn|p2a: Calyrex|Protect\n|move|p1b: Kingambit|Sucker Punch|p2b: Kyogre\n|-damage|p2b: Kyogre|60/100\n|move|p1a: Calyrex|Astral Barrage|p2a: Calyrex|[spread] p2b\n|-activate|p2a: Calyrex|move: Protect\n|-damage|p2b: Kyogre|36/100\n|move|p2b: Kyogre|Water Spout|p1b: Kingambit|[spread] p1a,p1b\n|-resisted|p1b: Kingambit\n|-damage|p1a: Calyrex|42/100\n|-damage|p1b: Kingambit|0 fnt\n|faint|p1b: Kingambit\n|\n|-weather|RainDance|[upkeep]\n|-heal|p1a: Calyrex|48/100|[from] Grassy Terrain\n|-heal|p2b: Kyogre|42/100|[from] Grassy Terrain\n|-heal|p2a: Calyrex|59/100|[from] Grassy Terrain\n|-heal|p2a: Calyrex|65/100|[from] item: Leftovers\n|upkeep\n|\n|t:|1768492201\n|switch|p1b: Miraidon|Miraidon, L50, shiny|100/100\n|-fieldstart|move: Electric Terrain|[from] ability: Hadron Engine|[of] p1b: Miraidon\n|turn|5\n|\n|t:|1768492212\n|switch|p2b: Rillaboom|Rillaboom, L50, M|100/100\n|-fieldstart|move: Grassy Terrain|[from] ability: Grassy Surge|[of] p2b: Rillaboom\n|-terastallize|p2a: Calyrex|Grass\n|move|p1a: Calyrex|Astral Barrage|p2b: Rillaboom|[spread] p2a,p2b\n|-damage|p2a: Calyrex|42/100\n|-damage|p2b: Rillaboom|75/100\n|move|p1b: Miraidon|Electro Drift|p2a: Calyrex\n|-resisted|p2a: Calyrex\n|-crit|p2a: Calyrex\n|-damage|p2a: Calyrex|12/100\n|-damage|p1b: Miraidon|91/100|[from] item: Life Orb\n|move|p2a: Calyrex|Trick Room|p2a: Calyrex\n|-fieldstart|move: Trick Room|[of] p2a: Calyrex\n|\n|-weather|RainDance|[upkeep]\n|-heal|p2a: Calyrex|18/100|[from] Grassy Terrain\n|-heal|p2a: Calyrex|24/100|[from] item: Leftovers\n|-heal|p2b: Rillaboom|81/100|[from] Grassy Terrain\n|-heal|p1b: Miraidon|97/100|[from] Grassy Terrain\n|-heal|p1a: Calyrex|54/100|[from] Grassy Terrain\n|upkeep\n|turn|6\n|-message|1123ydy forfeited.\n|\n|win|dthk1216\n|raw|1123ydy's rating: 1370 &rarr; <strong>1357</strong><br />(-13 for losing)\n|raw|dthk1216's rating: 1496 &rarr; <strong>1509</strong><br />(+13 for winning)\n|l|\u26061123ydy\n|player|p1|\n|l|\u2606dthk1216\n|player|p2|\n","uploadtime":1768492409,"views":17,"formatid":"gen9vgc2026regi","rating":1357,"private":0,"password":null}