{"id":"gen9vgc2026regi-2516912993","format":"[Gen 9] VGC 2026 Reg I","players":["Coreydfgh","cariogamer"],"log":"|j|\u2606Coreydfgh\n|j|\u2606cariogamer\n|t:|1768199210\n|gametype|doubles\n|player|p1|Coreydfgh|169|1127\n|player|p2|cariogamer|youngster-gen4dp|1094\n|gen|9\n|tier|[Gen 9] VGC 2026 Reg I\n|rated|\n|rule|Species Clause: Limit one of each Pok\u00e9mon\n|rule|Item Clause: Limit 1 of each item\n|clearpoke\n|poke|p1|Calyrex-Ice, L50|\n|poke|p1|Brute Bonnet, L50|\n|poke|p1|Torkoal, L50, F|\n|poke|p1|Urshifu-*, L50, F|\n|poke|p1|Lunala, L50|\n|poke|p1|Iron Hands, L50|\n|poke|p2|Araquanid, L50, M|\n|poke|p2|Kyogre, L50|\n|poke|p2|Amoonguss, L50, M|\n|poke|p2|Miraidon, L50|\n|poke|p2|Whimsicott, L50, M|\n|poke|p2|Archaludon, L50, F|\n|teampreview|4\n|inactive|Battle timer is ON: inactive players will automatically lose when time's up. (requested by cariogamer)\n|inactive|cariogamer has 60 seconds left.\n|inactive|cariogamer has 30 seconds left.\n|inactive|Coreydfgh has 60 seconds left.\n|\n|t:|1768199288\n|teamsize|p1|4\n|teamsize|p2|4\n|start\n|switch|p1a: Iron Hands|Iron Hands, L50|100/100\n|switch|p1b: Torkoal|Torkoal, L50, F|100/100\n|switch|p2a: Araquanid|Araquanid, L50, M|100/100\n|switch|p2b: Miraidon|Miraidon, L50|100/100\n|-fieldstart|move: Electric Terrain|[from] ability: Hadron Engine|[of] p2b: Miraidon\n|-activate|p1a: Iron Hands|ability: Quark Drive\n|-start|p1a: Iron Hands|quarkdriveatk\n|-weather|SunnyDay|[from] ability: Drought|[of] p1b: Torkoal\n|turn|1\n|\n|t:|1768199310\n|move|p2b: Miraidon|Volt Switch|p1b: Torkoal\n|-damage|p1b: Torkoal|0 fnt\n|faint|p1b: Torkoal\n|\n|t:|1768199314\n|switch|p2b: Kyogre|Kyogre, L50|100/100|[from] Volt Switch\n|-weather|RainDance|[from] ability: Drizzle|[of] p2b: Kyogre\n|move|p1a: Iron Hands|Low Kick|p2b: Kyogre\n|-damage|p2b: Kyogre|35/100\n|move|p2a: Araquanid|Entrainment|p2b: Kyogre\n|-ability|p2b: Kyogre|Water Bubble|Drizzle|[from] move: Entrainment|[of] p2a: Araquanid\n|\n|-weather|RainDance|[upkeep]\n|upkeep\n|\n|t:|1768199317\n|switch|p1b: Brute Bonnet|Brute Bonnet, L50|100/100\n|-enditem|p1b: Brute Bonnet|Booster Energy\n|-activate|p1b: Brute Bonnet|ability: Protosynthesis|[fromitem]\n|-start|p1b: Brute Bonnet|protosynthesisspd\n|turn|2\n|inactive|cariogamer has 30 seconds left.\n|\n|t:|1768199343\n|-terastallize|p2b: Kyogre|Grass\n|move|p1b: Brute Bonnet|Sucker Punch|p2b: Kyogre\n|-damage|p2b: Kyogre|12/100\n|move|p2b: Kyogre|Origin Pulse|p1b: Brute Bonnet|[spread] p1a,p1b\n|-resisted|p1b: Brute Bonnet\n|-damage|p1a: Iron Hands|28/100\n|-damage|p1b: Brute Bonnet|62/100\n|move|p1a: Iron Hands|Wild Charge|p2a: Araquanid\n|-supereffective|p2a: Araquanid\n|-enditem|p2a: Araquanid|Focus Sash\n|-damage|p2a: Araquanid|1/100\n|-damage|p1a: Iron Hands|10/100|[from] Recoil\n|move|p2a: Araquanid|Liquidation|p1a: Iron Hands\n|-damage|p1a: Iron Hands|0 fnt\n|faint|p1a: Iron Hands\n|-end|p1a: Iron Hands|Quark Drive|[silent]\n|\n|-weather|RainDance|[upkeep]\n|upkeep\n|\n|t:|1768199351\n|switch|p1a: Calyrex|Calyrex-Ice, L50|100/100\n|-ability|p1a: Calyrex|As One\n|-ability|p1a: Calyrex|Unnerve\n|turn|3\n|\n|t:|1768199371\n|-terastallize|p1a: Calyrex|Water\n|move|p2a: Araquanid|Protect|p2a: Araquanid\n|-singleturn|p2a: Araquanid|Protect\n|move|p1b: Brute Bonnet|Sucker Punch|p2b: Kyogre\n|-damage|p2b: Kyogre|0 fnt\n|faint|p2b: Kyogre\n|move|p1a: Calyrex|Trick Room|p1a: Calyrex\n|-fieldstart|move: Trick Room|[of] p1a: Calyrex\n|\n|-weather|RainDance|[upkeep]\n|upkeep\n|\n|t:|1768199380\n|switch|p2b: Amoonguss|Amoonguss, L50, M|100/100\n|turn|4\n|\n|t:|1768199393\n|move|p1a: Calyrex|Protect|p1a: Calyrex\n|-singleturn|p1a: Calyrex|Protect\n|move|p2b: Amoonguss|Spore|p1a: Calyrex\n|-activate|p1a: Calyrex|move: Protect\n|move|p2a: Araquanid|Liquidation|p1b: Brute Bonnet\n|-resisted|p1b: Brute Bonnet\n|-damage|p1b: Brute Bonnet|27/100\n|move|p1b: Brute Bonnet|Seed Bomb|p2a: Araquanid\n|-damage|p2a: Araquanid|0 fnt\n|faint|p2a: Araquanid\n|\n|-weather|RainDance|[upkeep]\n|upkeep\n|\n|t:|1768199404\n|switch|p2a: Miraidon|Miraidon, L50|100/100\n|-activate|p2a: Miraidon|ability: Hadron Engine\n|turn|5\n|\n|t:|1768199414\n|move|p1b: Brute Bonnet|Rage Powder|p1b: Brute Bonnet\n|-singleturn|p1b: Brute Bonnet|move: Rage Powder\n|move|p2b: Amoonguss|Spore|p1a: Calyrex\n|-activate|p1a: Calyrex|move: Electric Terrain\n|move|p1a: Calyrex|Glacial Lance|p2a: Miraidon|[spread] p2a,p2b\n|-supereffective|p2a: Miraidon\n|-supereffective|p2b: Amoonguss\n|-damage|p2a: Miraidon|0 fnt\n|-damage|p2b: Amoonguss|0 fnt\n|faint|p2a: Miraidon\n|faint|p2b: Amoonguss\n|\n|win|Coreydfgh\n|raw|Coreydfgh's rating: 1127 &rarr; <strong>1150</strong><br />(+23 for winning)\n|raw|cariogamer's rating: 1094 &rarr; <strong>1072</strong><br />(-22 for losing)\n|c|\u2606cariogamer|gg\n|c|\u2606Coreydfgh|Gg\n|l|\u2606cariogamer\n|player|p2|\n|l|\u2606Coreydfgh\n|player|p1|\n","uploadtime":1768199774,"views":11,"formatid":"gen9vgc2026regi","rating":1072,"private":0,"password":null}