{"id":"gen9vgc2026regi-2580181308","format":"[Gen 9] VGC 2026 Reg I","players":["happidoodledoo","JoeBro8"],"log":"|j|\u2606happidoodledoo\n|j|\u2606JoeBro8\n|t:|1775862338\n|gametype|doubles\n|player|p1|happidoodledoo|ghetsis|1560\n|player|p2|JoeBro8|n|1494\n|gen|9\n|tier|[Gen 9] VGC 2026 Reg I\n|rated|\n|rule|Species Clause: Limit one of each Pok\u00e9mon\n|rule|Item Clause: Limit 1 of each item\n|clearpoke\n|poke|p1|Calyrex-Shadow, L50|\n|poke|p1|Weezing-Galar, L50, F|\n|poke|p1|Dondozo, L50, M|\n|poke|p1|Tatsugiri-Droopy, L50, M|\n|poke|p1|Brute Bonnet, L50|\n|poke|p1|Koraidon, L50|\n|poke|p2|Miraidon, L50|\n|poke|p2|Whimsicott, L50, F|\n|poke|p2|Zamazenta-*, L50|\n|poke|p2|Chien-Pao, L50|\n|poke|p2|Volcarona, L50, F|\n|poke|p2|Iron Hands, L50|\n|teampreview|4\n|\n|t:|1775862364\n|teamsize|p1|4\n|teamsize|p2|4\n|start\n|switch|p1a: Weezing|Weezing-Galar, L50, F, shiny|100/100\n|switch|p1b: Koraidon|Koraidon, L50|100/100\n|switch|p2a: Ace of Spades|Miraidon, L50|100/100\n|switch|p2b: Queen of Hearts|Whimsicott, L50, F|100/100\n|-ability|p1a: Weezing|Neutralizing Gas\n|-block|p1b: Koraidon|item: Ability Shield\n|-weather|SunnyDay|[from] ability: Orichalcum Pulse|[of] p1b: Koraidon\n|-activate|p1b: Koraidon|Orichalcum Pulse|[source]\n|turn|1\n|\n|t:|1775862394\n|move|p1b: Koraidon|Flare Blitz|p2b: Queen of Hearts\n|-supereffective|p2b: Queen of Hearts\n|-damage|p2b: Queen of Hearts|0 fnt\n|faint|p2b: Queen of Hearts\n|-damage|p1b: Koraidon|71/100|[from] Recoil\n|move|p2a: Ace of Spades|Volt Switch|p1a: Weezing\n|-damage|p1a: Weezing|31/100\n|\n|t:|1775862398\n|switch|p2a: King of Spades|Zamazenta-Crowned, L50|100/100|[from] Volt Switch\n|move|p1a: Weezing|Toxic Spikes|p2a: King of Spades\n|-sidestart|p2: JoeBro8|move: Toxic Spikes\n|\n|-weather|SunnyDay|[upkeep]\n|upkeep\n|\n|t:|1775862407\n|switch|p2b: Jack of Spades|Iron Hands, L50|100/100\n|-status|p2b: Jack of Spades|psn\n|turn|2\n|\n|t:|1775862425\n|move|p1b: Koraidon|Protect|p1b: Koraidon\n|-singleturn|p1b: Koraidon|Protect\n|move|p1a: Weezing|Protect|p1a: Weezing\n|-singleturn|p1a: Weezing|Protect\n|move|p2b: Jack of Spades|Fake Out|p1b: Koraidon\n|-activate|p1b: Koraidon|move: Protect\n|move|p2a: King of Spades|Behemoth Bash|p1a: Weezing\n|-activate|p1a: Weezing|move: Protect\n|\n|-weather|SunnyDay|[upkeep]\n|-damage|p2b: Jack of Spades|88/100 psn|[from] psn\n|upkeep\n|turn|3\n|\n|t:|1775862448\n|-terastallize|p2a: King of Spades|Dragon\n|move|p1b: Koraidon|Collision Course|p2a: King of Spades\n|-damage|p2a: King of Spades|57/100\n|move|p2a: King of Spades|Body Press|p1b: Koraidon\n|-damage|p1b: Koraidon|26/100\n|move|p1a: Weezing|Poison Gas|p2a: King of Spades|[spread] p2a,p2b\n|-status|p2a: King of Spades|psn\n|-fail|p2b: Jack of Spades|psn\n|move|p2b: Jack of Spades|Wild Charge|p1a: Weezing\n|-damage|p1a: Weezing|0 fnt\n|faint|p1a: Weezing\n|-end|p1a: Weezing|ability: Neutralizing Gas\n|-ability|p2a: King of Spades|Dauntless Shield|boost\n|-boost|p2a: King of Spades|def|1\n|-damage|p2b: Jack of Spades|83/100 psn|[from] Recoil\n|\n|-weather|SunnyDay|[upkeep]\n|-damage|p2a: King of Spades|45/100 psn|[from] psn\n|-damage|p2b: Jack of Spades|71/100 psn|[from] psn\n|upkeep\n|\n|t:|1775862471\n|switch|p1a: Calyrex|Calyrex-Shadow, L50|100/100\n|-ability|p1a: Calyrex|As One\n|-ability|p1a: Calyrex|Unnerve\n|turn|4\n|\n|t:|1775862485\n|move|p1a: Calyrex|Protect|p1a: Calyrex\n|-singleturn|p1a: Calyrex|Protect\n|move|p1b: Koraidon|Protect|p1b: Koraidon\n|-singleturn|p1b: Koraidon|Protect\n|move|p2a: King of Spades|Wide Guard|p2a: King of Spades\n|-singleturn|p2a: King of Spades|Wide Guard\n|move|p2b: Jack of Spades|Drain Punch|p1b: Koraidon\n|-activate|p1b: Koraidon|move: Protect\n|\n|-weather|SunnyDay|[upkeep]\n|-damage|p2a: King of Spades|33/100 psn|[from] psn\n|-damage|p2b: Jack of Spades|59/100 psn|[from] psn\n|upkeep\n|turn|5\n|\n|t:|1775862507\n|move|p2a: King of Spades|Wide Guard|p2a: King of Spades\n|-singleturn|p2a: King of Spades|Wide Guard\n|move|p1a: Calyrex|Psychic|p2a: King of Spades\n|-damage|p2a: King of Spades|0 fnt\n|faint|p2a: King of Spades\n|-ability|p1a: Calyrex|Grim Neigh|boost\n|-boost|p1a: Calyrex|spa|1\n|-damage|p1a: Calyrex|91/100|[from] item: Life Orb\n|move|p1b: Koraidon|Collision Course|p2b: Jack of Spades\n|-damage|p2b: Jack of Spades|8/100 psn\n|move|p2b: Jack of Spades|Drain Punch|p1b: Koraidon\n|-damage|p1b: Koraidon|0 fnt\n|-heal|p2b: Jack of Spades|17/100 psn|[from] drain|[of] p1b: Koraidon\n|faint|p1b: Koraidon\n|\n|-weather|none\n|-damage|p2b: Jack of Spades|5/100 psn|[from] psn\n|upkeep\n|\n|t:|1775862518\n|switch|p1b: Brute Bonnet|Brute Bonnet, L50|100/100\n|switch|p2a: Ace of Spades|Miraidon, L50|100/100\n|-status|p2a: Ace of Spades|psn\n|-fieldstart|move: Electric Terrain|[from] ability: Hadron Engine|[of] p2a: Ace of Spades\n|-activate|p2b: Jack of Spades|ability: Quark Drive\n|-start|p2b: Jack of Spades|quarkdriveatk\n|turn|6\n|\n|t:|1775862541\n|move|p1b: Brute Bonnet|Sucker Punch|p2a: Ace of Spades\n|-damage|p2a: Ace of Spades|73/100 psn\n|move|p1a: Calyrex|Astral Barrage|p2b: Jack of Spades|[spread] p2a,p2b\n|-damage|p2a: Ace of Spades|0 fnt\n|-damage|p2b: Jack of Spades|0 fnt\n|faint|p2a: Ace of Spades\n|faint|p2b: Jack of Spades\n|-end|p2b: Jack of Spades|Quark Drive|[silent]\n|-damage|p1a: Calyrex|81/100|[from] item: Life Orb\n|\n|win|happidoodledoo\n|raw|happidoodledoo's rating: 1560 &rarr; <strong>1576</strong><br />(+16 for winning)\n|raw|JoeBro8's rating: 1494 &rarr; <strong>1478</strong><br />(-16 for losing)\n|l|\u2606JoeBro8\n|player|p2|\n|l|\u2606happidoodledoo\n|player|p1|\n","uploadtime":1775862721,"views":19,"formatid":"gen9vgc2026regi","rating":1478,"private":0,"password":null}