{"id":"gen9vgc2026regi-2570544713","format":"[Gen 9] VGC 2026 Reg I","players":["Rabble!","MarSky"],"log":"|j|\u2606Rabble!\n|j|\u2606MarSky\n|t:|1774821145\n|gametype|doubles\n|player|p1|Rabble!|102|1464\n|player|p2|MarSky|1|1519\n|gen|9\n|tier|[Gen 9] VGC 2026 Reg I\n|rated|\n|rule|Species Clause: Limit one of each Pok\u00e9mon\n|rule|Item Clause: Limit 1 of each item\n|clearpoke\n|poke|p1|Terapagos, L50, M|\n|poke|p1|Calyrex-Shadow, L50|\n|poke|p1|Comfey, L50, M|\n|poke|p1|Whimsicott, L50, M|\n|poke|p1|Rillaboom, L50, F|\n|poke|p1|Incineroar, L50, F|\n|poke|p2|Calyrex-Shadow, L50|\n|poke|p2|Zamazenta-*, L50|\n|poke|p2|Chien-Pao, L50|\n|poke|p2|Dragonite, L50, M|\n|poke|p2|Raging Bolt, L50|\n|poke|p2|Amoonguss, L50, F|\n|teampreview|4\n|\n|t:|1774821167\n|teamsize|p1|4\n|teamsize|p2|4\n|start\n|switch|p1a: Incineroar|Incineroar, L50, F|100/100\n|switch|p1b: Calyrex|Calyrex-Shadow, L50|100/100\n|switch|p2a: Calyrex|Calyrex-Shadow, L50|100/100\n|switch|p2b: Chien-Pao|Chien-Pao, L50|100/100\n|-ability|p2a: Calyrex|As One\n|-ability|p2a: Calyrex|Unnerve\n|-ability|p1b: Calyrex|As One\n|-ability|p1b: Calyrex|Unnerve\n|-ability|p2b: Chien-Pao|Sword of Ruin\n|-ability|p1a: Incineroar|Intimidate|boost\n|-unboost|p2a: Calyrex|atk|1\n|-unboost|p2b: Chien-Pao|atk|1\n|turn|1\n|\n|t:|1774821181\n|move|p2a: Calyrex|Psychic|p1b: Calyrex\n|-resisted|p1b: Calyrex\n|-damage|p1b: Calyrex|78/100\n|move|p1b: Calyrex|Will-O-Wisp|p2b: Chien-Pao\n|-status|p2b: Chien-Pao|brn\n|move|p2b: Chien-Pao|Ruination|p1a: Incineroar\n|-damage|p1a: Incineroar|50/100\n|move|p1a: Incineroar|Knock Off|p2a: Calyrex\n|-supereffective|p2a: Calyrex\n|-enditem|p2a: Calyrex|Focus Sash\n|-damage|p2a: Calyrex|1/100\n|\n|-heal|p1b: Calyrex|84/100|[from] item: Leftovers\n|-damage|p2b: Chien-Pao|94/100 brn|[from] brn\n|upkeep\n|turn|2\n|\n|t:|1774821208\n|move|p2a: Calyrex|Protect|p2a: Calyrex\n|-singleturn|p2a: Calyrex|Protect\n|move|p1b: Calyrex|Protect|p1b: Calyrex\n|-singleturn|p1b: Calyrex|Protect\n|move|p2b: Chien-Pao|Icy Wind|p1a: Incineroar|[spread] \n|-activate|p1b: Calyrex|move: Protect\n|-miss|p2b: Chien-Pao|p1a: Incineroar\n|move|p1a: Incineroar|Parting Shot|p2b: Chien-Pao\n|-unboost|p2b: Chien-Pao|atk|1\n|-unboost|p2b: Chien-Pao|spa|1\n|\n|t:|1774821219\n|switch|p1a: Comfey|Comfey, L50, M|100/100|[from] Parting Shot\n|\n|-heal|p1b: Calyrex|89/100|[from] item: Leftovers\n|-damage|p2b: Chien-Pao|88/100 brn|[from] brn\n|upkeep\n|turn|3\n|j| CREEPER123_123\n|\n|t:|1774821238\n|move|p1a: Comfey|Draining Kiss|p2a: Calyrex\n|-damage|p2a: Calyrex|0 fnt\n|faint|p2a: Calyrex\n|move|p1b: Calyrex|Pollen Puff|p2b: Chien-Pao\n|-supereffective|p2b: Chien-Pao\n|-damage|p2b: Chien-Pao|24/100 brn\n|move|p2b: Chien-Pao|Icy Wind|p1a: Comfey|[spread] p1a,p1b\n|-damage|p1a: Comfey|91/100\n|-damage|p1b: Calyrex|82/100\n|-unboost|p1a: Comfey|spe|1\n|-unboost|p1b: Calyrex|spe|1\n|\n|-heal|p1b: Calyrex|88/100|[from] item: Leftovers\n|-damage|p2b: Chien-Pao|18/100 brn|[from] brn\n|upkeep\n|\n|t:|1774821247\n|switch|p2a: Dragonite|Dragonite, L50, M|100/100\n|turn|4\n|\n|t:|1774821262\n|-terastallize|p2a: Dragonite|Normal\n|move|p1a: Comfey|Draining Kiss|p2b: Chien-Pao\n|-supereffective|p2b: Chien-Pao\n|-damage|p2b: Chien-Pao|0 fnt\n|-heal|p1a: Comfey|100/100|[from] drain|[of] p2b: Chien-Pao\n|faint|p2b: Chien-Pao\n|move|p2a: Dragonite|Aqua Jet|p1b: Calyrex\n|-damage|p1b: Calyrex|64/100\n|move|p1b: Calyrex|Will-O-Wisp|p2a: Dragonite|[miss]\n|-miss|p1b: Calyrex|p2a: Dragonite\n|\n|-heal|p1b: Calyrex|70/100|[from] item: Leftovers\n|upkeep\n|l| CREEPER123_123\n|\n|t:|1774821271\n|switch|p2b: Zamazenta|Zamazenta-Crowned, L50|100/100\n|-ability|p2b: Zamazenta|Dauntless Shield|boost\n|-boost|p2b: Zamazenta|def|1\n|turn|5\n|\n|t:|1774821295\n|switch|p1a: Incineroar|Incineroar, L50, F|50/100\n|-ability|p1a: Incineroar|Intimidate|boost\n|-fail|p2a: Dragonite|unboost|Attack|[from] ability: Inner Focus|[of] p2a: Dragonite\n|-unboost|p2b: Zamazenta|atk|1\n|move|p2a: Dragonite|Aqua Jet|p1b: Calyrex\n|-damage|p1b: Calyrex|47/100\n|move|p2b: Zamazenta|Heavy Slam|p1a: Incineroar\n|-resisted|p1a: Incineroar\n|-damage|p1a: Incineroar|34/100\n|move|p1b: Calyrex|Will-O-Wisp|p2b: Zamazenta\n|-status|p2b: Zamazenta|brn\n|\n|-heal|p1b: Calyrex|53/100|[from] item: Leftovers\n|-damage|p2b: Zamazenta|94/100 brn|[from] brn\n|upkeep\n|turn|6\n|\n|t:|1774821315\n|move|p1a: Incineroar|Fake Out|p2b: Zamazenta\n|-resisted|p2b: Zamazenta\n|-damage|p2b: Zamazenta|92/100 brn\n|move|p2a: Dragonite|Aqua Jet|p1a: Incineroar\n|-supereffective|p1a: Incineroar\n|-damage|p1a: Incineroar|0 fnt\n|faint|p1a: Incineroar\n|cant|p2b: Zamazenta|flinch\n|move|p1b: Calyrex|Will-O-Wisp|p2a: Dragonite\n|-status|p2a: Dragonite|brn\n|\n|-heal|p1b: Calyrex|59/100|[from] item: Leftovers\n|-damage|p2b: Zamazenta|86/100 brn|[from] brn\n|-damage|p2a: Dragonite|94/100 brn|[from] brn\n|upkeep\n|\n|t:|1774821328\n|switch|p1a: Comfey|Comfey, L50, M|100/100\n|turn|7\n|\n|t:|1774821344\n|move|p1a: Comfey|Protect|p1a: Comfey\n|-singleturn|p1a: Comfey|Protect\n|move|p2a: Dragonite|Aqua Jet|p1b: Calyrex\n|-damage|p1b: Calyrex|46/100\n|move|p2b: Zamazenta|Heavy Slam|p1b: Calyrex\n|-damage|p1b: Calyrex|30/100\n|move|p1b: Calyrex|Astral Barrage|p2b: Zamazenta|[spread] p2b\n|-immune|p2a: Dragonite\n|-damage|p2b: Zamazenta|55/100 brn\n|\n|-heal|p1b: Calyrex|36/100|[from] item: Leftovers\n|-damage|p2b: Zamazenta|49/100 brn|[from] brn\n|-damage|p2a: Dragonite|88/100 brn|[from] brn\n|upkeep\n|turn|8\n|\n|t:|1774821363\n|move|p1a: Comfey|Floral Healing|p1b: Calyrex\n|-heal|p1b: Calyrex|86/100\n|move|p2a: Dragonite|Aqua Jet|p1b: Calyrex\n|-damage|p1b: Calyrex|74/100\n|move|p2b: Zamazenta|Heavy Slam|p1a: Comfey\n|-supereffective|p1a: Comfey\n|-damage|p1a: Comfey|62/100\n|move|p1b: Calyrex|Astral Barrage|p2a: Dragonite|[spread] p2b\n|-immune|p2a: Dragonite\n|-damage|p2b: Zamazenta|17/100 brn\n|\n|-heal|p1b: Calyrex|80/100|[from] item: Leftovers\n|-damage|p2b: Zamazenta|11/100 brn|[from] brn\n|-damage|p2a: Dragonite|82/100 brn|[from] brn\n|upkeep\n|turn|9\n|-message|MarSky forfeited.\n|\n|win|Rabble!\n|raw|Rabble!'s rating: 1464 &rarr; <strong>1487</strong><br />(+23 for winning)\n|raw|MarSky's rating: 1519 &rarr; <strong>1496</strong><br />(-23 for losing)\n|l|\u2606MarSky\n|player|p2|\n","uploadtime":1774821388,"views":23,"formatid":"gen9vgc2026regi","rating":1487,"private":0,"password":null}