{"id":"gen9vgc2026regi-2588751421","format":"[Gen 9] VGC 2026 Reg I","players":["JakeNBake3D","team1lauhan"],"log":"|j|\u2606JakeNBake3D\n|j|\u2606team1lauhan\n|t:|1776666023\n|gametype|doubles\n|player|p1|JakeNBake3D|266|1355\n|player|p2|team1lauhan|veteran|1315\n|gen|9\n|tier|[Gen 9] VGC 2026 Reg I\n|rated|\n|rule|Species Clause: Limit one of each Pok\u00e9mon\n|rule|Item Clause: Limit 1 of each item\n|clearpoke\n|poke|p1|Miraidon, L50|\n|poke|p1|Lunala, L50|\n|poke|p1|Incineroar, L50, F|\n|poke|p1|Urshifu-*, L50, M|\n|poke|p1|Grimmsnarl, L50, M|\n|poke|p1|Ursaluna, L50, F|\n|poke|p2|Lunala, L50|\n|poke|p2|Brute Bonnet, L50|\n|poke|p2|Ursaluna, L50, M|\n|poke|p2|Chi-Yu, L50|\n|poke|p2|Flutter Mane, L50|\n|poke|p2|Koraidon, L50|\n|teampreview|4\n|inactive|Battle timer is ON: inactive players will automatically lose when time's up. (requested by JakeNBake3D)\n|\n|t:|1776666047\n|teamsize|p1|4\n|teamsize|p2|4\n|start\n|switch|p1a: Miraidon|Miraidon, L50|100/100\n|switch|p1b: Grimmsnarl|Grimmsnarl, L50, M, shiny|100/100\n|switch|p2a: Flutter Mane|Flutter Mane, L50|100/100\n|switch|p2b: Chi-Yu|Chi-Yu, L50|100/100\n|-ability|p2b: Chi-Yu|Beads of Ruin\n|-fieldstart|move: Electric Terrain|[from] ability: Hadron Engine|[of] p1a: Miraidon\n|turn|1\n|inactive|JakeNBake3D has 30 seconds left.\n|\n|t:|1776666075\n|switch|p2b: Koraidon|Koraidon, L50|100/100\n|-weather|SunnyDay|[from] ability: Orichalcum Pulse|[of] p2b: Koraidon\n|-activate|p2a: Flutter Mane|ability: Protosynthesis\n|-start|p2a: Flutter Mane|protosynthesisspe\n|-activate|p2b: Koraidon|Orichalcum Pulse|[source]\n|-terastallize|p1a: Miraidon|Electric\n|move|p1b: Grimmsnarl|Light Screen|p1b: Grimmsnarl\n|-sidestart|p1: JakeNBake3D|move: Light Screen\n|move|p2a: Flutter Mane|Moonblast|p1a: Miraidon\n|-damage|p1a: Miraidon|82/100\n|-unboost|p1a: Miraidon|spa|1\n|move|p1a: Miraidon|Volt Switch|p2a: Flutter Mane\n|-damage|p2a: Flutter Mane|33/100\n|\n|t:|1776666094\n|switch|p1a: Lunala|Lunala, L50, shiny|100/100|[from] Volt Switch\n|-enditem|p1a: Lunala|Electric Seed\n|-boost|p1a: Lunala|def|1|[from] item: Electric Seed\n|\n|-weather|SunnyDay|[upkeep]\n|upkeep\n|turn|2\n|\n|t:|1776666115\n|-terastallize|p2b: Koraidon|Fire\n|move|p1b: Grimmsnarl|Light Screen||[still]\n|-fail|p1b: Grimmsnarl\n|move|p2a: Flutter Mane|Icy Wind|p1a: Lunala|[spread] p1b\n|-miss|p2a: Flutter Mane|p1a: Lunala\n|-damage|p1b: Grimmsnarl|90/100\n|-unboost|p1b: Grimmsnarl|spe|1\n|move|p2b: Koraidon|Flare Blitz|p1a: Lunala\n|-damage|p1a: Lunala|64/100\n|-damage|p2b: Koraidon|85/100|[from] Recoil\n|-damage|p2b: Koraidon|75/100|[from] item: Life Orb\n|move|p1a: Lunala|Moonblast|p2b: Koraidon\n|-resisted|p2b: Koraidon\n|-damage|p2b: Koraidon|56/100\n|\n|-weather|SunnyDay|[upkeep]\n|upkeep\n|turn|3\n|inactive|JakeNBake3D has 30 seconds left.\n|inactive|team1lauhan has 30 seconds left.\n|inactive|JakeNBake3D has 20 seconds left.\n|\n|t:|1776666153\n|move|p1b: Grimmsnarl|Reflect|p1b: Grimmsnarl\n|-sidestart|p1: JakeNBake3D|Reflect\n|move|p2a: Flutter Mane|Shadow Ball|p1a: Lunala\n|-supereffective|p1a: Lunala\n|-damage|p1a: Lunala|0 fnt\n|faint|p1a: Lunala\n|move|p2b: Koraidon|Flare Blitz|p1b: Grimmsnarl\n|-damage|p1b: Grimmsnarl|0 fnt\n|faint|p1b: Grimmsnarl\n|-damage|p2b: Koraidon|23/100|[from] Recoil\n|-damage|p2b: Koraidon|13/100|[from] item: Life Orb\n|\n|-weather|SunnyDay|[upkeep]\n|upkeep\n|\n|t:|1776666168\n|switch|p1a: Miraidon|Miraidon, L50, tera:Electric|82/100\n|switch|p1b: Urshifu|Urshifu-Rapid-Strike, L50, M|100/100\n|-activate|p1a: Miraidon|ability: Hadron Engine\n|turn|4\n|inactive|JakeNBake3D has 30 seconds left.\n|\n|t:|1776666198\n|move|p1b: Urshifu|Aqua Jet|p2a: Flutter Mane\n|-damage|p2a: Flutter Mane|0 fnt\n|faint|p2a: Flutter Mane\n|-end|p2a: Flutter Mane|Protosynthesis|[silent]\n|move|p2b: Koraidon|Flare Blitz|p1b: Urshifu\n|-resisted|p1b: Urshifu\n|-damage|p1b: Urshifu|50/100\n|-damage|p2b: Koraidon|0 fnt|[from] Recoil\n|faint|p2b: Koraidon\n|move|p1a: Miraidon|Electro Drift|p2: Flutter Mane|[notarget]\n|-fail|p1a: Miraidon\n|\n|-weather|SunnyDay|[upkeep]\n|upkeep\n|\n|t:|1776666211\n|switch|p2b: Chi-Yu|Chi-Yu, L50|100/100\n|switch|p2a: Brute Bonnet|Brute Bonnet, L50|100/100\n|-ability|p2b: Chi-Yu|Beads of Ruin\n|-activate|p2a: Brute Bonnet|ability: Protosynthesis\n|-start|p2a: Brute Bonnet|protosynthesisdef\n|turn|5\n|inactive|JakeNBake3D has 30 seconds left.\n|inactive|JakeNBake3D has 20 seconds left.\n|\n|t:|1776666246\n|move|p2a: Brute Bonnet|Rage Powder|p2a: Brute Bonnet\n|-singleturn|p2a: Brute Bonnet|move: Rage Powder\n|move|p1b: Urshifu|Aqua Jet|p2a: Brute Bonnet\n|-resisted|p2a: Brute Bonnet\n|-damage|p2a: Brute Bonnet|97/100\n|move|p2b: Chi-Yu|Heat Wave|p1b: Urshifu|[spread] p1a,p1b\n|-resisted|p1b: Urshifu\n|-damage|p1a: Miraidon|54/100\n|-damage|p1b: Urshifu|11/100\n|move|p1a: Miraidon|Electro Drift|p2a: Brute Bonnet\n|-resisted|p2a: Brute Bonnet\n|-damage|p2a: Brute Bonnet|25/100\n|-enditem|p2a: Brute Bonnet|Sitrus Berry|[eat]\n|-heal|p2a: Brute Bonnet|50/100|[from] item: Sitrus Berry\n|\n|-weather|none\n|-end|p2a: Brute Bonnet|Protosynthesis\n|-fieldend|move: Electric Terrain\n|upkeep\n|turn|6\n|inactive|JakeNBake3D has 30 seconds left.\n|\n|t:|1776666272\n|move|p2a: Brute Bonnet|Rage Powder|p2a: Brute Bonnet\n|-singleturn|p2a: Brute Bonnet|move: Rage Powder\n|move|p1b: Urshifu|Aqua Jet|p2a: Brute Bonnet\n|-resisted|p2a: Brute Bonnet\n|-damage|p2a: Brute Bonnet|40/100\n|move|p2b: Chi-Yu|Heat Wave|p1b: Urshifu|[spread] p1a,p1b\n|-resisted|p1b: Urshifu\n|-damage|p1a: Miraidon|36/100\n|-damage|p1b: Urshifu|0 fnt\n|faint|p1b: Urshifu\n|move|p1a: Miraidon|Electro Drift|p2a: Brute Bonnet\n|-resisted|p2a: Brute Bonnet\n|-damage|p2a: Brute Bonnet|0 fnt\n|faint|p2a: Brute Bonnet\n|-end|p2a: Brute Bonnet|Protosynthesis|[silent]\n|\n|upkeep\n|turn|7\n|inactive|JakeNBake3D has 30 seconds left.\n|\n|t:|1776666299\n|move|p2b: Chi-Yu|Heat Wave|p1a: Miraidon\n|-damage|p1a: Miraidon|12/100\n|-status|p1a: Miraidon|brn\n|move|p1a: Miraidon|Draco Meteor|p2b: Chi-Yu\n|-damage|p2b: Chi-Yu|10/100\n|-unboost|p1a: Miraidon|spa|2\n|\n|-damage|p1a: Miraidon|6/100 brn|[from] brn\n|upkeep\n|turn|8\n|\n|t:|1776666312\n|move|p2b: Chi-Yu|Heat Wave|p1a: Miraidon\n|-damage|p1a: Miraidon|0 fnt\n|faint|p1a: Miraidon\n|\n|win|team1lauhan\n|raw|JakeNBake3D's rating: 1355 &rarr; <strong>1333</strong><br />(-22 for losing)\n|raw|team1lauhan's rating: 1315 &rarr; <strong>1337</strong><br />(+22 for winning)\n|l|\u2606JakeNBake3D\n|player|p1|\n|l|\u2606team1lauhan\n|player|p2|\n","uploadtime":1776666555,"views":8,"formatid":"gen9vgc2026regi","rating":1333,"private":0,"password":null}