{"id":"gen9vgc2026regi-2546654258","format":"[Gen 9] VGC 2026 Reg I","players":["GojiraFanBoy","alexit93"],"log":"|j|\u2606GojiraFanBoy\n|j|\u2606alexit93\n|t:|1771989574\n|gametype|doubles\n|player|p1|GojiraFanBoy|265|1335\n|player|p2|alexit93|lucas-gen4pt|1317\n|gen|9\n|tier|[Gen 9] VGC 2026 Reg I\n|rated|\n|rule|Species Clause: Limit one of each Pok\u00e9mon\n|rule|Item Clause: Limit 1 of each item\n|clearpoke\n|poke|p1|Koraidon, L50|\n|poke|p1|Calyrex-Shadow, L50|\n|poke|p1|Gothitelle, L50, M|\n|poke|p1|Scream Tail, L50|\n|poke|p1|Amoonguss, L50, F|\n|poke|p1|Incineroar, L50, F|\n|poke|p2|Zamazenta-*, L50|\n|poke|p2|Chien-Pao, L50|\n|poke|p2|Miraidon, L50|\n|poke|p2|Iron Hands, L50|\n|poke|p2|Riolu, L50, M|\n|poke|p2|Landorus, L50, M|\n|teampreview|4\n|\n|t:|1771989586\n|teamsize|p1|4\n|teamsize|p2|4\n|start\n|switch|p1a: Calyrex|Calyrex-Shadow, L50|100/100\n|switch|p1b: Amoonguss|Amoonguss, L50, F|100/100\n|switch|p2a: Miraidon|Miraidon, L50, shiny|100/100\n|switch|p2b: Riolu|Riolu, L50, M|100/100\n|-ability|p1a: Calyrex|As One\n|-ability|p1a: Calyrex|Unnerve\n|-fieldstart|move: Electric Terrain|[from] ability: Hadron Engine|[of] p2a: Miraidon\n|turn|1\n|inactive|Battle timer is ON: inactive players will automatically lose when time's up. (requested by GojiraFanBoy)\n|\n|t:|1771989604\n|switch|p2b: Chien-Pao|Chien-Pao, L50|100/100\n|-ability|p2b: Chien-Pao|Sword of Ruin\n|move|p1b: Amoonguss|Rage Powder|p1b: Amoonguss\n|-singleturn|p1b: Amoonguss|move: Rage Powder\n|move|p1a: Calyrex|Psychic|p2b: Chien-Pao\n|-immune|p2b: Chien-Pao\n|move|p2a: Miraidon|Volt Switch|p1b: Amoonguss\n|-resisted|p1b: Amoonguss\n|-damage|p1b: Amoonguss|68/100\n|\n|t:|1771989614\n|switch|p2a: Landorus|Landorus, L50, M|100/100|[from] Volt Switch\n|\n|upkeep\n|turn|2\n|\n|t:|1771989625\n|switch|p1b: Incineroar|Incineroar, L50, F|100/100\n|-ability|p1b: Incineroar|Intimidate|boost\n|-unboost|p2a: Landorus|atk|1\n|-unboost|p2b: Chien-Pao|atk|1\n|move|p1a: Calyrex|Protect|p1a: Calyrex\n|-singleturn|p1a: Calyrex|Protect\n|move|p2b: Chien-Pao|Ice Spinner|p1a: Calyrex\n|-activate|p1a: Calyrex|move: Protect\n|move|p2a: Landorus|Sandsear Storm|p1b: Incineroar|[spread] p1b\n|-activate|p1a: Calyrex|move: Protect\n|-supereffective|p1b: Incineroar\n|-damage|p1b: Incineroar|15/100\n|\n|upkeep\n|turn|3\n|inactive|alexit93 has 30 seconds left.\n|\n|t:|1771989652\n|move|p1b: Incineroar|Fake Out|p2b: Chien-Pao\n|-damage|p2b: Chien-Pao|87/100\n|move|p1a: Calyrex|Disable|p2a: Landorus\n|-start|p2a: Landorus|Disable|Sandsear Storm\n|cant|p2b: Chien-Pao|flinch\n|cant|p2a: Landorus|Disable|Sandsear Storm\n|\n|upkeep\n|turn|4\n|\n|t:|1771989666\n|switch|p1b: Amoonguss|Amoonguss, L50, F|100/100\n|move|p1a: Calyrex|Protect|p1a: Calyrex\n|-singleturn|p1a: Calyrex|Protect\n|move|p2b: Chien-Pao|Ice Spinner|p1a: Calyrex\n|-activate|p1a: Calyrex|move: Protect\n|move|p2a: Landorus|Earth Power|p1b: Amoonguss\n|-damage|p1b: Amoonguss|45/100\n|\n|upkeep\n|turn|5\n|\n|t:|1771989678\n|move|p1b: Amoonguss|Rage Powder|p1b: Amoonguss\n|-singleturn|p1b: Amoonguss|move: Rage Powder\n|move|p1a: Calyrex|Astral Barrage|p2b: Chien-Pao|[spread] p2a,p2b\n|-resisted|p2b: Chien-Pao\n|-damage|p2a: Landorus|29/100\n|-damage|p2b: Chien-Pao|40/100\n|move|p2b: Chien-Pao|Ice Spinner|p1b: Amoonguss\n|-supereffective|p1b: Amoonguss\n|-damage|p1b: Amoonguss|0 fnt\n|-fieldend|move: Electric Terrain\n|faint|p1b: Amoonguss\n|move|p2a: Landorus|Earth Power|p1a: Calyrex\n|-damage|p1a: Calyrex|27/100\n|\n|upkeep\n|\n|t:|1771989691\n|switch|p1b: Koraidon|Koraidon, L50|100/100\n|-weather|SunnyDay|[from] ability: Orichalcum Pulse|[of] p1b: Koraidon\n|-activate|p1b: Koraidon|Orichalcum Pulse|[source]\n|turn|6\n|\n|t:|1771989714\n|switch|p2b: Riolu|Riolu, L50, M|100/100\n|-terastallize|p1b: Koraidon|Fire\n|move|p1a: Calyrex|Protect|p1a: Calyrex\n|-singleturn|p1a: Calyrex|Protect\n|move|p1b: Koraidon|Flame Charge|p2a: Landorus\n|-damage|p2a: Landorus|0 fnt\n|-boost|p1b: Koraidon|spe|1\n|faint|p2a: Landorus\n|-damage|p1b: Koraidon|91/100|[from] item: Life Orb\n|\n|-weather|SunnyDay|[upkeep]\n|upkeep\n|\n|t:|1771989723\n|switch|p2a: Miraidon|Miraidon, L50, shiny|100/100\n|-fieldstart|move: Electric Terrain|[from] ability: Hadron Engine|[of] p2a: Miraidon\n|turn|7\n|\n|t:|1771989735\n|-terastallize|p2a: Miraidon|Fairy\n|move|p1b: Koraidon|Protect|p1b: Koraidon\n|-singleturn|p1b: Koraidon|Protect\n|move|p2b: Riolu|Rain Dance|p2b: Riolu\n|-weather|RainDance\n|move|p1a: Calyrex|Astral Barrage|p2a: Miraidon|[spread] p2a,p2b\n|-damage|p2a: Miraidon|48/100\n|-damage|p2b: Riolu|37/100\n|move|p2a: Miraidon|Dazzling Gleam|p1a: Calyrex|[spread] p1a\n|-activate|p1b: Koraidon|move: Protect\n|-damage|p1a: Calyrex|0 fnt\n|faint|p1a: Calyrex\n|\n|-weather|RainDance|[upkeep]\n|upkeep\n|\n|t:|1771989748\n|switch|p1a: Incineroar|Incineroar, L50, F|15/100\n|-ability|p1a: Incineroar|Intimidate|boost\n|-unboost|p2a: Miraidon|atk|1\n|-unboost|p2b: Riolu|atk|1\n|turn|8\n|\n|t:|1771989761\n|move|p1a: Incineroar|Fake Out|p2b: Riolu\n|-damage|p2b: Riolu|22/100\n|cant|p2b: Riolu|flinch\n|move|p1b: Koraidon|Flare Blitz|p2a: Miraidon\n|-damage|p2a: Miraidon|6/100\n|-status|p2a: Miraidon|brn\n|-damage|p1b: Koraidon|77/100|[from] Recoil\n|-damage|p1b: Koraidon|67/100|[from] item: Life Orb\n|move|p2a: Miraidon|Dazzling Gleam|p1a: Incineroar|[spread] p1a,p1b\n|-resisted|p1b: Koraidon\n|-damage|p1a: Incineroar|0 fnt\n|-damage|p1b: Koraidon|36/100\n|faint|p1a: Incineroar\n|\n|-weather|RainDance|[upkeep]\n|-damage|p2a: Miraidon|0 fnt|[from] brn\n|faint|p2a: Miraidon\n|upkeep\n|\n|t:|1771989773\n|switch|p2a: Chien-Pao|Chien-Pao, L50|40/100\n|-ability|p2a: Chien-Pao|Sword of Ruin\n|turn|9\n|\n|t:|1771989781\n|move|p2a: Chien-Pao|Sucker Punch|p1b: Koraidon\n|-crit|p1b: Koraidon\n|-damage|p1b: Koraidon|0 fnt\n|faint|p1b: Koraidon\n|\n|win|alexit93\n|raw|GojiraFanBoy's rating: 1335 &rarr; <strong>1314</strong><br />(-21 for losing)\n|raw|alexit93's rating: 1317 &rarr; <strong>1338</strong><br />(+21 for winning)\n|l|\u2606GojiraFanBoy\n|player|p1|\n|l|\u2606alexit93\n|player|p2|\n","uploadtime":1771990005,"views":11,"formatid":"gen9vgc2026regi","rating":1314,"private":0,"password":null}