{"id":"gen9vgc2026regi-2548298978","format":"[Gen 9] VGC 2026 Reg I","players":["armstise","alexit93"],"log":"|j|\u2606armstise\n|j|\u2606alexit93\n|t:|1772200367\n|gametype|doubles\n|player|p1|armstise|102|1270\n|player|p2|alexit93|lucas-gen4pt|1436\n|gen|9\n|tier|[Gen 9] VGC 2026 Reg I\n|rated|\n|rule|Species Clause: Limit one of each Pok\u00e9mon\n|rule|Item Clause: Limit 1 of each item\n|clearpoke\n|poke|p1|Calyrex-Shadow, L50|\n|poke|p1|Kyogre, L50|\n|poke|p1|Whimsicott, L50, M|\n|poke|p1|Indeedee-F, L50, F|\n|poke|p1|Chi-Yu, L50|\n|poke|p1|Urshifu-*, L50, F|\n|poke|p2|Zamazenta-*, L50|\n|poke|p2|Chien-Pao, L50|\n|poke|p2|Miraidon, L50|\n|poke|p2|Iron Jugulis, L50|\n|poke|p2|Farigiraf, L50, M|\n|poke|p2|Landorus, L50, M|\n|teampreview|4\n|inactive|Battle timer is ON: inactive players will automatically lose when time's up. (requested by armstise)\n|\n|t:|1772200387\n|teamsize|p1|4\n|teamsize|p2|4\n|start\n|switch|p1a: Calyrex|Calyrex-Shadow, L50|100/100\n|switch|p1b: Indeedee|Indeedee-F, L50, F|100/100\n|switch|p2a: Zamazenta|Zamazenta-Crowned, L50, shiny|100/100\n|switch|p2b: Iron Jugulis|Iron Jugulis, L50|100/100\n|-ability|p1a: Calyrex|As One\n|-ability|p1a: Calyrex|Unnerve\n|-ability|p2a: Zamazenta|Dauntless Shield|boost\n|-boost|p2a: Zamazenta|def|1\n|-fieldstart|move: Psychic Terrain|[from] ability: Psychic Surge|[of] p1b: Indeedee\n|turn|1\n|\n|t:|1772200404\n|move|p2a: Zamazenta|Wide Guard|p2a: Zamazenta\n|-singleturn|p2a: Zamazenta|Wide Guard\n|move|p1b: Indeedee|Follow Me|p1b: Indeedee\n|-singleturn|p1b: Indeedee|move: Follow Me\n|move|p1a: Calyrex|Expanding Force|p2a: Zamazenta|[spread] \n|-activate|p2a: Zamazenta|move: Wide Guard\n|-activate|p2b: Iron Jugulis|move: Wide Guard\n|move|p2b: Iron Jugulis|Tailwind|p2b: Iron Jugulis\n|-sidestart|p2: alexit93|move: Tailwind\n|\n|upkeep\n|turn|2\n|\n|t:|1772200417\n|move|p2a: Zamazenta|Wide Guard|p2a: Zamazenta\n|-singleturn|p2a: Zamazenta|Wide Guard\n|move|p1b: Indeedee|Follow Me|p1b: Indeedee\n|-singleturn|p1b: Indeedee|move: Follow Me\n|move|p2b: Iron Jugulis|Taunt|p1b: Indeedee\n|-start|p1b: Indeedee|move: Taunt\n|move|p1a: Calyrex|Expanding Force|p2b: Iron Jugulis|[spread] \n|-activate|p2a: Zamazenta|move: Wide Guard\n|-activate|p2b: Iron Jugulis|move: Wide Guard\n|\n|upkeep\n|turn|3\n|\n|t:|1772200424\n|-end|p2b: Iron Jugulis|Quark Drive|[silent]\n|switch|p2b: Miraidon|Miraidon, L50, shiny|100/100\n|-fieldstart|move: Electric Terrain|[from] ability: Hadron Engine|[of] p2b: Miraidon\n|move|p2a: Zamazenta|Wide Guard|p2a: Zamazenta\n|-singleturn|p2a: Zamazenta|Wide Guard\n|move|p1a: Calyrex|Expanding Force|p2a: Zamazenta\n|-damage|p2a: Zamazenta|48/100\n|-damage|p1a: Calyrex|91/100|[from] item: Life Orb\n|move|p1b: Indeedee|Dazzling Gleam|p2a: Zamazenta|[spread] \n|-activate|p2a: Zamazenta|move: Wide Guard\n|-activate|p2b: Miraidon|move: Wide Guard\n|\n|upkeep\n|turn|4\n|\n|t:|1772200442\n|switch|p1b: Whimsicott|Whimsicott, L50, M|100/100\n|move|p2b: Miraidon|Electro Drift|p1b: Whimsicott\n|-resisted|p1b: Whimsicott\n|-damage|p1b: Whimsicott|14/100\n|move|p2a: Zamazenta|Body Press|p1b: Whimsicott\n|-resisted|p1b: Whimsicott\n|-damage|p1b: Whimsicott|0 fnt\n|faint|p1b: Whimsicott\n|move|p1a: Calyrex|Expanding Force|p2a: Zamazenta\n|-damage|p2a: Zamazenta|0 fnt\n|faint|p2a: Zamazenta\n|-ability|p1a: Calyrex|Grim Neigh|boost\n|-boost|p1a: Calyrex|spa|1\n|-damage|p1a: Calyrex|81/100|[from] item: Life Orb\n|\n|-sideend|p2: alexit93|move: Tailwind\n|upkeep\n|\n|t:|1772200453\n|switch|p2a: Iron Jugulis|Iron Jugulis, L50|100/100\n|switch|p1b: Indeedee|Indeedee-F, L50, F|100/100\n|-fieldstart|move: Psychic Terrain|[from] ability: Psychic Surge|[of] p1b: Indeedee\n|turn|5\n|\n|t:|1772200467\n|switch|p2b: Chien-Pao|Chien-Pao, L50|100/100\n|-ability|p2b: Chien-Pao|Sword of Ruin\n|move|p1b: Indeedee|Helping Hand|p1a: Calyrex\n|-singleturn|p1a: Calyrex|Helping Hand|[of] p1b: Indeedee\n|move|p2a: Iron Jugulis|Protect|p2a: Iron Jugulis\n|-singleturn|p2a: Iron Jugulis|Protect\n|move|p1a: Calyrex|Astral Barrage|p2b: Chien-Pao|[spread] p2b\n|-activate|p2a: Iron Jugulis|move: Protect\n|-resisted|p2b: Chien-Pao\n|-damage|p2b: Chien-Pao|0 fnt\n|faint|p2b: Chien-Pao\n|-ability|p1a: Calyrex|Grim Neigh|boost\n|-boost|p1a: Calyrex|spa|1\n|-damage|p1a: Calyrex|71/100|[from] item: Life Orb\n|\n|upkeep\n|\n|t:|1772200482\n|switch|p2b: Miraidon|Miraidon, L50, shiny|100/100\n|-fieldstart|move: Electric Terrain|[from] ability: Hadron Engine|[of] p2b: Miraidon\n|-activate|p2a: Iron Jugulis|ability: Quark Drive\n|-start|p2a: Iron Jugulis|quarkdrivespe\n|turn|6\n|\n|t:|1772200495\n|-terastallize|p2b: Miraidon|Fairy\n|move|p1b: Indeedee|Follow Me|p1b: Indeedee\n|-singleturn|p1b: Indeedee|move: Follow Me\n|move|p2a: Iron Jugulis|Tailwind|p2a: Iron Jugulis\n|-sidestart|p2: alexit93|move: Tailwind\n|move|p2b: Miraidon|Dazzling Gleam|p1b: Indeedee|[spread] p1a,p1b\n|-crit|p1a: Calyrex\n|-damage|p1a: Calyrex|0 fnt\n|-damage|p1b: Indeedee|37/100\n|faint|p1a: Calyrex\n|\n|upkeep\n|\n|t:|1772200502\n|switch|p1a: Kyogre|Kyogre, L50|100/100\n|-weather|RainDance|[from] ability: Drizzle|[of] p1a: Kyogre\n|turn|7\n|\n|t:|1772200514\n|-terastallize|p1a: Kyogre|Water\n|move|p1b: Indeedee|Follow Me|p1b: Indeedee\n|-singleturn|p1b: Indeedee|move: Follow Me\n|move|p2a: Iron Jugulis|Hurricane|p1b: Indeedee\n|-damage|p1b: Indeedee|0 fnt\n|faint|p1b: Indeedee\n|move|p2b: Miraidon|Dazzling Gleam|p1a: Kyogre\n|-damage|p1a: Kyogre|60/100\n|move|p1a: Kyogre|Water Spout|p2b: Miraidon|[spread] p2a,p2b\n|-damage|p2a: Iron Jugulis|11/100\n|-damage|p2b: Miraidon|28/100\n|\n|-weather|RainDance|[upkeep]\n|upkeep\n|turn|8\n|\n|t:|1772200523\n|move|p2a: Iron Jugulis|Hurricane|p1a: Kyogre\n|-damage|p1a: Kyogre|39/100\n|-start|p1a: Kyogre|confusion\n|move|p2b: Miraidon|Dazzling Gleam|p1a: Kyogre\n|-damage|p1a: Kyogre|1/100\n|-activate|p1a: Kyogre|confusion\n|move|p1a: Kyogre|Origin Pulse|p2a: Iron Jugulis|[spread] p2a,p2b\n|-damage|p2a: Iron Jugulis|0 fnt\n|-damage|p2b: Miraidon|0 fnt\n|faint|p2a: Iron Jugulis\n|-end|p2a: Iron Jugulis|Quark Drive|[silent]\n|faint|p2b: Miraidon\n|\n|win|armstise\n|raw|armstise's rating: 1270 &rarr; <strong>1306</strong><br />(+36 for winning)\n|raw|alexit93's rating: 1436 &rarr; <strong>1407</strong><br />(-29 for losing)\n|l|\u2606armstise\n|player|p1|\n|c|\u2606alexit93|luck\n|l|\u2606alexit93\n|player|p2|\n","uploadtime":1772200777,"views":13,"formatid":"gen9vgc2026regi","rating":1306,"private":0,"password":null}