{"id":"gen9vgc2026regi-2564513163","format":"[Gen 9] VGC 2026 Reg I","players":["iifwm","chenxiangruxie"],"log":"|j|\u2606iifwm\n|j|\u2606chenxiangruxie\n|t:|1774155533\n|gametype|doubles\n|player|p1|iifwm|170|1453\n|player|p2|chenxiangruxie|dawn-gen4pt|1562\n|gen|9\n|tier|[Gen 9] VGC 2026 Reg I\n|rated|\n|rule|Species Clause: Limit one of each Pok\u00e9mon\n|rule|Item Clause: Limit 1 of each item\n|clearpoke\n|poke|p1|Miraidon, L50|\n|poke|p1|Lunala, L50|\n|poke|p1|Whimsicott, L50, F|\n|poke|p1|Urshifu-*, L50, F|\n|poke|p1|Incineroar, L50, F|\n|poke|p1|Ursaluna, L50, M|\n|poke|p2|Tornadus, L50, M|\n|poke|p2|Miraidon, L50|\n|poke|p2|Grimmsnarl, L50, M|\n|poke|p2|Urshifu-*, L50, F|\n|poke|p2|Calyrex-Ice, L50|\n|poke|p2|Landorus-Therian, L50, M|\n|teampreview|4\nchenxiangruxie rejected open team sheets.\n|\n|t:|1774155569\n|teamsize|p1|4\n|teamsize|p2|4\n|start\n|switch|p1a: Miraidon|Miraidon, L50|100/100\n|switch|p1b: Incineroar|Incineroar, L50, F|100/100\n|switch|p2a: Grimmsnarl|Grimmsnarl, L50, M|100/100\n|switch|p2b: Calyrex|Calyrex-Ice, L50|100/100\n|-ability|p2b: Calyrex|As One\n|-ability|p2b: Calyrex|Unnerve\n|-fieldstart|move: Electric Terrain|[from] ability: Hadron Engine|[of] p1a: Miraidon\n|-ability|p1b: Incineroar|Intimidate|boost\n|-unboost|p2a: Grimmsnarl|atk|1\n|-unboost|p2b: Calyrex|atk|1\n|turn|1\n|\n|t:|1774155598\n|switch|p2b: Landorus|Landorus-Therian, L50, M|100/100\n|-ability|p2b: Landorus|Intimidate|boost\n|-unboost|p1a: Miraidon|atk|1\n|-unboost|p1b: Incineroar|atk|1\n|move|p1b: Incineroar|Fake Out|p2b: Landorus\n|-damage|p2b: Landorus|92/100\n|move|p2a: Grimmsnarl|Parting Shot|p1a: Miraidon\n|-unboost|p1a: Miraidon|atk|1\n|-unboost|p1a: Miraidon|spa|1\n|\n|t:|1774155607\n|switch|p2a: Miraidon|Miraidon, L50|100/100|[from] Parting Shot\n|-activate|p2a: Miraidon|ability: Hadron Engine\n|move|p1a: Miraidon|Electro Drift|p2a: Miraidon\n|-resisted|p2a: Miraidon\n|-damage|p2a: Miraidon|83/100\n|-damage|p1a: Miraidon|91/100|[from] item: Life Orb\n|\n|upkeep\n|turn|2\n|\n|t:|1774155647\n|-terastallize|p1a: Miraidon|Electric\n|move|p2a: Miraidon|Volt Switch|p1b: Incineroar\n|-damage|p1b: Incineroar|60/100\n|\n|t:|1774155654\n|switch|p2a: Grimmsnarl|Grimmsnarl, L50, M|100/100|[from] Volt Switch\n|move|p1a: Miraidon|Draco Meteor|p2a: Grimmsnarl\n|-immune|p2a: Grimmsnarl\n|move|p2b: Landorus|Stomping Tantrum|p1a: Miraidon\n|-supereffective|p1a: Miraidon\n|-damage|p1a: Miraidon|16/100\n|move|p1b: Incineroar|U-turn|p2a: Grimmsnarl\n|-damage|p2a: Grimmsnarl|83/100\n|\n|t:|1774155659\n|switch|p1b: Urshifu|Urshifu-Rapid-Strike, L50, F|100/100|[from] U-turn\n|\n|upkeep\n|turn|3\n|\n|t:|1774155689\n|move|p2a: Grimmsnarl|Fake Out|p1b: Urshifu\n|-damage|p1b: Urshifu|85/100\n|move|p1a: Miraidon|Volt Switch|p2a: Grimmsnarl\n|-damage|p2a: Grimmsnarl|0 fnt\n|faint|p2a: Grimmsnarl\n|-damage|p1a: Miraidon|7/100|[from] item: Life Orb\n|\n|t:|1774155695\n|switch|p1a: Incineroar|Incineroar, L50, F|60/100|[from] Volt Switch\n|-ability|p1a: Incineroar|Intimidate|boost\n|-unboost|p2b: Landorus|atk|1\n|cant|p1b: Urshifu|flinch\n|move|p2b: Landorus|U-turn|p1b: Urshifu\n|-resisted|p1b: Urshifu\n|-damage|p1b: Urshifu|77/100\n|\n|t:|1774155705\n|switch|p2b: Miraidon|Miraidon, L50|83/100|[from] U-turn\n|-activate|p2b: Miraidon|ability: Hadron Engine\n|\n|upkeep\n|\n|t:|1774155710\n|switch|p2a: Calyrex|Calyrex-Ice, L50|100/100\n|-ability|p2a: Calyrex|As One\n|-ability|p2a: Calyrex|Unnerve\n|turn|4\n|\n|t:|1774155724\n|switch|p1b: Lunala|Lunala, L50|100/100\n|-enditem|p1b: Lunala|Electric Seed\n|-boost|p1b: Lunala|def|1|[from] item: Electric Seed\n|-terastallize|p2a: Calyrex|Dragon\n|move|p1a: Incineroar|Fake Out|p2b: Miraidon\n|-damage|p2b: Miraidon|71/100\n|cant|p2b: Miraidon|flinch\n|move|p2a: Calyrex|Iron Defense|p2a: Calyrex\n|-boost|p2a: Calyrex|def|2\n|\n|upkeep\n|turn|5\n|\n|t:|1774155755\n|move|p2b: Miraidon|Volt Switch|p1b: Lunala\n|-damage|p1b: Lunala|78/100\n|\n|t:|1774155759\n|switch|p2b: Landorus|Landorus-Therian, L50, M|92/100|[from] Volt Switch\n|-ability|p2b: Landorus|Intimidate|boost\n|-unboost|p1a: Incineroar|atk|1\n|-unboost|p1b: Lunala|atk|1\n|move|p1b: Lunala|Moonblast|p2b: Landorus\n|-damage|p2b: Landorus|67/100\n|move|p2a: Calyrex|Body Press|p1a: Incineroar\n|-supereffective|p1a: Incineroar\n|-damage|p1a: Incineroar|0 fnt\n|faint|p1a: Incineroar\n|-ability|p2a: Calyrex|Chilling Neigh|boost\n|-boost|p2a: Calyrex|atk|1\n|\n|-fieldend|move: Electric Terrain\n|upkeep\n|\n|t:|1774155772\n|switch|p1a: Urshifu|Urshifu-Rapid-Strike, L50, F|77/100\n|turn|6\n|\n|t:|1774155790\n|move|p1a: Urshifu|Surging Strikes|p2b: Landorus\n|-supereffective|p2b: Landorus\n|-crit|p2b: Landorus\n|-damage|p2b: Landorus|0 fnt\n|faint|p2b: Landorus\n|-hitcount|p2: Landorus|1\n|move|p1b: Lunala|Moonblast|p2a: Calyrex\n|-supereffective|p2a: Calyrex\n|-damage|p2a: Calyrex|46/100\n|move|p2a: Calyrex|Body Press|p1a: Urshifu\n|-damage|p1a: Urshifu|24/100\n|\n|-heal|p2a: Calyrex|52/100|[from] item: Leftovers\n|upkeep\n|\n|t:|1774155802\n|switch|p2b: Miraidon|Miraidon, L50|71/100\n|-fieldstart|move: Electric Terrain|[from] ability: Hadron Engine|[of] p2b: Miraidon\n|turn|7\n|\n|t:|1774155820\n|move|p2b: Miraidon|Electro Drift|p1b: Lunala\n|-damage|p1b: Lunala|12/100\n|move|p1a: Urshifu|Surging Strikes|p2b: Miraidon\n|-resisted|p2b: Miraidon\n|-crit|p2b: Miraidon\n|-damage|p2b: Miraidon|55/100\n|-resisted|p2b: Miraidon\n|-crit|p2b: Miraidon\n|-damage|p2b: Miraidon|38/100\n|-resisted|p2b: Miraidon\n|-crit|p2b: Miraidon\n|-damage|p2b: Miraidon|21/100\n|-hitcount|p2b: Miraidon|3\n|move|p1b: Lunala|Moonblast|p2b: Miraidon\n|-supereffective|p2b: Miraidon\n|-damage|p2b: Miraidon|0 fnt\n|faint|p2b: Miraidon\n|move|p2a: Calyrex|Glacial Lance|p1a: Urshifu|[spread] p1a,p1b\n|-resisted|p1a: Urshifu\n|-damage|p1a: Urshifu|0 fnt\n|-damage|p1b: Lunala|0 fnt\n|faint|p1a: Urshifu\n|faint|p1b: Lunala\n|-ability|p2a: Calyrex|Chilling Neigh|boost\n|-boost|p2a: Calyrex|atk|2\n|\n|-heal|p2a: Calyrex|58/100|[from] item: Leftovers\n|upkeep\n|\n|t:|1774155833\n|switch|p1b: Miraidon|Miraidon, L50, tera:Electric|7/100\n|-activate|p1b: Miraidon|ability: Hadron Engine\n|turn|8\n|\n|t:|1774155844\n|move|p2a: Calyrex|Protect|p2a: Calyrex\n|-singleturn|p2a: Calyrex|Protect\n|move|p1b: Miraidon|Draco Meteor|p2a: Calyrex\n|-activate|p2a: Calyrex|move: Protect\n|\n|-heal|p2a: Calyrex|64/100|[from] item: Leftovers\n|upkeep\n|turn|9\n|\n|t:|1774155851\n|move|p1b: Miraidon|Draco Meteor|p2a: Calyrex\n|-supereffective|p2a: Calyrex\n|-damage|p2a: Calyrex|0 fnt\n|-unboost|p1b: Miraidon|spa|2\n|faint|p2a: Calyrex\n|-damage|p1b: Miraidon|0 fnt|[from] item: Life Orb\n|faint|p1b: Miraidon\n|\n|win|iifwm\n|raw|iifwm's rating: 1453 &rarr; <strong>1479</strong><br />(+26 for winning)\n|raw|chenxiangruxie's rating: 1562 &rarr; <strong>1536</strong><br />(-26 for losing)\n|l|\u2606chenxiangruxie\n|player|p2|\n|l|\u2606iifwm\n|player|p1|\n","uploadtime":1774156066,"views":15,"formatid":"gen9vgc2026regi","rating":1479,"private":0,"password":null}