{"id":"gen9vgc2026regi-2577926247","format":"[Gen 9] VGC 2026 Reg I","players":["navinsachump","Hd70"],"log":"|j|\u2606navinsachump\n|j|\u2606Hd70\n|t:|1775621547\n|gametype|doubles\n|player|p1|navinsachump|265|1494\n|player|p2|Hd70|2|1349\n|gen|9\n|tier|[Gen 9] VGC 2026 Reg I\n|rated|\n|rule|Species Clause: Limit one of each Pok\u00e9mon\n|rule|Item Clause: Limit 1 of each item\n|clearpoke\n|poke|p1|Calyrex-Shadow, L50|\n|poke|p1|Koraidon, L50|\n|poke|p1|Raging Bolt, L50|\n|poke|p1|Brute Bonnet, L50|\n|poke|p1|Landorus, L50, M|\n|poke|p1|Incineroar, L50, M|\n|poke|p2|Smeargle, L50, F|\n|poke|p2|Ogerpon-Wellspring, L50, F|\n|poke|p2|Terapagos, L50, M|\n|poke|p2|Calyrex-Shadow, L50|\n|poke|p2|Incineroar, L50, M|\n|poke|p2|Sinistcha, L50|\n|teampreview|4\n|inactive|Battle timer is ON: inactive players will automatically lose when time's up. (requested by navinsachump)\n|inactive|Hd70 has 60 seconds left.\n|\n|t:|1775621595\n|teamsize|p1|4\n|teamsize|p2|4\n|start\n|switch|p1a: Brute Bonnet|Brute Bonnet, L50|100/100\n|switch|p1b: Koraidon|Koraidon, L50|100/100\n|switch|p2a: Smeargle|Smeargle, L50, F|100/100\n|switch|p2b: Terapagos|Terapagos, L50, M|100/100\n|-activate|p2b: Terapagos|ability: Tera Shift\n|detailschange|p2b: Terapagos|Terapagos-Terastal, L50, M\n|-heal|p2b: Terapagos|100/100|[silent]\n|-weather|SunnyDay|[from] ability: Orichalcum Pulse|[of] p1b: Koraidon\n|-activate|p1a: Brute Bonnet|ability: Protosynthesis\n|-start|p1a: Brute Bonnet|protosynthesisdef\n|-activate|p1b: Koraidon|Orichalcum Pulse|[source]\n|turn|1\n|inactive|Hd70 has 30 seconds left.\n|\n|t:|1775621623\n|move|p1b: Koraidon|Protect|p1b: Koraidon\n|-singleturn|p1b: Koraidon|Protect\n|move|p2a: Smeargle|Imprison|p2a: Smeargle\n|-start|p2a: Smeargle|move: Imprison\n|move|p2b: Terapagos|Calm Mind|p2b: Terapagos\n|-boost|p2b: Terapagos|spa|1\n|-boost|p2b: Terapagos|spd|1\n|cant|p1a: Brute Bonnet|move: Imprison|Spore\n|\n|-weather|SunnyDay|[upkeep]\n|-ability|p2a: Smeargle|Moody|boost\n|-boost|p2a: Smeargle|spa|2\n|-unboost|p2a: Smeargle|def|1\n|upkeep\n|turn|2\n|inactive|Hd70 has 30 seconds left.\n|inactive|Hd70 has 20 seconds left.\n|\n|t:|1775621660\n|move|p1a: Brute Bonnet|Rage Powder|p1a: Brute Bonnet\n|-singleturn|p1a: Brute Bonnet|move: Rage Powder\n|move|p1b: Koraidon|Collision Course|p2b: Terapagos\n|-activate|p2b: Terapagos|ability: Tera Shell\n|-resisted|p2b: Terapagos\n|-damage|p2b: Terapagos|70/100\n|move|p2a: Smeargle|Transform|p1a: Brute Bonnet\n|-transform|p2a: Smeargle|p1a: Brute Bonnet\n|move|p2b: Terapagos|Tera Starstorm|p1a: Brute Bonnet\n|-damage|p1a: Brute Bonnet|22/100\n|\n|-weather|SunnyDay|[upkeep]\n|upkeep\n|turn|3\n|inactive|navinsachump has 30 seconds left.\n|inactive|Hd70 has 30 seconds left.\n|\n|t:|1775621690\n|-end|p1a: Brute Bonnet|Protosynthesis|[silent]\n|switch|p1a: Incineroar|Incineroar, L50, M|100/100\n|-ability|p1a: Incineroar|Intimidate|boost\n|-unboost|p2a: Smeargle|atk|1\n|-unboost|p2b: Terapagos|atk|1\n|-terastallize|p2b: Terapagos|Stellar\n|detailschange|p2b: Terapagos|Terapagos-Stellar, L50, M, tera:Stellar\n|-heal|p2b: Terapagos|78/100|[silent]\n|-ability|p2b: Terapagos|Teraform Zero\n|-weather|none\n|move|p1b: Koraidon|Collision Course|p2a: Smeargle\n|-supereffective|p2a: Smeargle\n|-damage|p2a: Smeargle|0 fnt\n|faint|p2a: Smeargle\n|-end|p2a: Smeargle|Protosynthesis|[silent]\n|move|p2b: Terapagos|Tera Starstorm|p1a: Incineroar|[spread] p1a,p1b\n|-damage|p1a: Incineroar|47/100\n|-damage|p1b: Koraidon|44/100\n|\n|upkeep\n|\n|t:|1775621709\n|switch|p2a: Calyrex|Calyrex-Shadow, L50|100/100\n|-ability|p2a: Calyrex|As One\n|-ability|p2a: Calyrex|Unnerve\n|turn|4\n|\n|t:|1775621731\n|switch|p1b: Brute Bonnet|Brute Bonnet, L50|22/100\n|move|p2a: Calyrex|Psyshock|p1b: Brute Bonnet\n|-immune|p1b: Brute Bonnet\n|move|p2b: Terapagos|Earth Power|p1a: Incineroar\n|-supereffective|p1a: Incineroar\n|-damage|p1a: Incineroar|0 fnt\n|faint|p1a: Incineroar\n|\n|upkeep\n|\n|t:|1775621744\n|switch|p1a: Koraidon|Koraidon, L50|44/100\n|-weather|SunnyDay|[from] ability: Orichalcum Pulse|[of] p1a: Koraidon\n|-activate|p1b: Brute Bonnet|ability: Protosynthesis\n|-start|p1b: Brute Bonnet|protosynthesisdef\n|-activate|p1a: Koraidon|Orichalcum Pulse|[source]\n|turn|5\n|\n|t:|1775621764\n|move|p1a: Koraidon|Protect|p1a: Koraidon\n|-singleturn|p1a: Koraidon|Protect\n|move|p1b: Brute Bonnet|Sucker Punch|p2a: Calyrex\n|-supereffective|p2a: Calyrex\n|-enditem|p2a: Calyrex|Focus Sash\n|-damage|p2a: Calyrex|1/100\n|move|p2a: Calyrex|Astral Barrage|p1b: Brute Bonnet|[spread] p1b\n|-activate|p1a: Koraidon|move: Protect\n|-resisted|p1b: Brute Bonnet\n|-damage|p1b: Brute Bonnet|0 fnt\n|faint|p1b: Brute Bonnet\n|-end|p1b: Brute Bonnet|Protosynthesis|[silent]\n|-ability|p2a: Calyrex|Grim Neigh|boost\n|-boost|p2a: Calyrex|spa|1\n|move|p2b: Terapagos|Tera Starstorm|p1a: Koraidon\n|-activate|p1a: Koraidon|move: Protect\n|\n|-weather|SunnyDay|[upkeep]\n|upkeep\n|\n|t:|1775621772\n|switch|p1b: Calyrex|Calyrex-Shadow, L50|100/100\n|-ability|p1b: Calyrex|As One\n|-ability|p1b: Calyrex|Unnerve\n|turn|6\n|inactive|Hd70 has 30 seconds left.\n|\n|t:|1775621805\n|switch|p2a: Ogerpon|Ogerpon-Wellspring, L50, F|100/100\n|move|p2b: Terapagos|Protect|p2b: Terapagos\n|-singleturn|p2b: Terapagos|Protect\n|move|p1b: Calyrex|Astral Barrage|p2a: Ogerpon|[spread] p2a\n|-activate|p2b: Terapagos|move: Protect\n|-damage|p2a: Ogerpon|45/100\n|move|p1a: Koraidon|Collision Course|p2b: Terapagos\n|-activate|p2b: Terapagos|move: Protect\n|\n|-weather|SunnyDay|[upkeep]\n|upkeep\n|turn|7\n|\n|t:|1775621828\n|move|p2a: Ogerpon|Follow Me|p2a: Ogerpon\n|-singleturn|p2a: Ogerpon|move: Follow Me\n|move|p1b: Calyrex|Astral Barrage|p2b: Terapagos|[spread] p2a\n|-immune|p2b: Terapagos\n|-damage|p2a: Ogerpon|0 fnt\n|faint|p2a: Ogerpon\n|-ability|p1b: Calyrex|Grim Neigh|boost\n|-boost|p1b: Calyrex|spa|1\n|move|p1a: Koraidon|Collision Course|p2b: Terapagos\n|-supereffective|p2b: Terapagos\n|-damage|p2b: Terapagos|0 fnt\n|faint|p2b: Terapagos\n|detailschange|p2: Terapagos|Terapagos, L50, M|[silent]\n|\n|-weather|SunnyDay|[upkeep]\n|upkeep\n|c|\u2606navinsachump|gg\n|\n|t:|1775621845\n|switch|p2a: Calyrex|Calyrex-Shadow, L50|1/100\n|-ability|p2a: Calyrex|As One\n|-ability|p2a: Calyrex|Unnerve\n|turn|8\n|\n|t:|1775621851\n|-terastallize|p1b: Calyrex|Ghost\n|move|p2a: Calyrex|Astral Barrage|p1a: Koraidon|[spread] p1a,p1b\n|-supereffective|p1b: Calyrex\n|-damage|p1a: Koraidon|0 fnt\n|-enditem|p1b: Calyrex|Focus Sash\n|-damage|p1b: Calyrex|1/100\n|faint|p1a: Koraidon\n|-ability|p2a: Calyrex|Grim Neigh|boost\n|-boost|p2a: Calyrex|spa|1\n|move|p1b: Calyrex|Astral Barrage|p2a: Calyrex\n|-supereffective|p2a: Calyrex\n|-damage|p2a: Calyrex|0 fnt\n|faint|p2a: Calyrex\n|\n|win|navinsachump\n|raw|navinsachump's rating: 1494 &rarr; <strong>1506</strong><br />(+12 for winning)\n|raw|Hd70's rating: 1349 &rarr; <strong>1337</strong><br />(-12 for losing)\n|l|\u2606navinsachump\n|player|p1|\n|l|\u2606Hd70\n|player|p2|\n","uploadtime":1775622053,"views":5,"formatid":"gen9vgc2026regi","rating":1337,"private":0,"password":null}