{"id":"gen9vgc2026regi-2570063283","format":"[Gen 9] VGC 2026 Reg I","players":["dasabe\u76d6\u6b27\u5361\u4fa0","terafireflareblitz"],"log":"|j|\u2606dasabe\u76d6\u6b27\u5361\u4fa0\n|j|\u2606terafireflareblitz\n|t:|1774763757\n|gametype|doubles\n|player|p1|dasabe\u76d6\u6b27\u5361\u4fa0|may-masters4|1594\n|player|p2|terafireflareblitz|sycamore|1616\n|gen|9\n|tier|[Gen 9] VGC 2026 Reg I\n|rated|\n|rule|Species Clause: Limit one of each Pok\u00e9mon\n|rule|Item Clause: Limit 1 of each item\n|clearpoke\n|poke|p1|Calyrex-Shadow, L50|\n|poke|p1|Koraidon, L50|\n|poke|p1|Chi-Yu, L50|\n|poke|p1|Tornadus, L50, M|\n|poke|p1|Indeedee-F, L50, F|\n|poke|p1|Smeargle, L50, M|\n|poke|p2|Koraidon, L50|\n|poke|p2|Lunala, L50|\n|poke|p2|Indeedee-F, L50, F|\n|poke|p2|Flutter Mane, L50|\n|poke|p2|Volcarona, L50, F|\n|poke|p2|Ursaluna, L50, M|\n|teampreview|4\n|inactive|Battle timer is ON: inactive players will automatically lose when time's up. (requested by terafireflareblitz)\n|\n|t:|1774763770\n|teamsize|p1|4\n|teamsize|p2|4\n|start\n|switch|p1a: \u9a6c\u6b7b\u4e86|Calyrex-Shadow, L50|100/100\n|switch|p1b: \u5c0f\u7b14\u7ea2\u80bf|Smeargle, L50, M, shiny|100/100\n|switch|p2a: Lunala|Lunala, L50, shiny|100/100\n|switch|p2b: Indeedee|Indeedee-F, L50, F|100/100\n|-ability|p1a: \u9a6c\u6b7b\u4e86|As One\n|-ability|p1a: \u9a6c\u6b7b\u4e86|Unnerve\n|-fieldstart|move: Psychic Terrain|[from] ability: Psychic Surge|[of] p2b: Indeedee\n|turn|1\n|\n|t:|1774763784\n|-terastallize|p2a: Lunala|Water\n|move|p1a: \u9a6c\u6b7b\u4e86|Pollen Puff|p2b: Indeedee\n|-supereffective|p2b: Indeedee\n|-damage|p2b: Indeedee|0 fnt\n|faint|p2b: Indeedee\n|-ability|p1a: \u9a6c\u6b7b\u4e86|Grim Neigh|boost\n|-boost|p1a: \u9a6c\u6b7b\u4e86|spa|1\n|move|p1b: \u5c0f\u7b14\u7ea2\u80bf|Spore|p2a: Lunala\n|-status|p2a: Lunala|slp|[from] move: Spore\n|cant|p2a: Lunala|slp\n|\n|-ability|p1b: \u5c0f\u7b14\u7ea2\u80bf|Moody|boost\n|-boost|p1b: \u5c0f\u7b14\u7ea2\u80bf|spe|2\n|-unboost|p1b: \u5c0f\u7b14\u7ea2\u80bf|spd|1\n|upkeep\n|\n|t:|1774763790\n|switch|p2b: Flutter Mane|Flutter Mane, L50|100/100\n|turn|2\n|\n|t:|1774763795\n|switch|p1a: \u4f8d\u7684\u6211\u7231\u5bfc\u7ba1|Indeedee-F, L50, F, shiny|100/100\n|move|p1b: \u5c0f\u7b14\u7ea2\u80bf|Spore|p2b: Flutter Mane\n|-status|p2b: Flutter Mane|slp|[from] move: Spore\n|cant|p2b: Flutter Mane|slp\n|cant|p2a: Lunala|slp\n|\n|-ability|p1b: \u5c0f\u7b14\u7ea2\u80bf|Moody|boost\n|-boost|p1b: \u5c0f\u7b14\u7ea2\u80bf|spa|2\n|-unboost|p1b: \u5c0f\u7b14\u7ea2\u80bf|spe|1\n|upkeep\n|turn|3\n|\n|t:|1774763802\n|switch|p1b: \u9a6c\u6b7b\u4e86|Calyrex-Shadow, L50|100/100\n|-ability|p1b: \u9a6c\u6b7b\u4e86|As One\n|-ability|p1b: \u9a6c\u6b7b\u4e86|Unnerve\n|move|p1a: \u4f8d\u7684\u6211\u7231\u5bfc\u7ba1|Follow Me|p1a: \u4f8d\u7684\u6211\u7231\u5bfc\u7ba1\n|-singleturn|p1a: \u4f8d\u7684\u6211\u7231\u5bfc\u7ba1|move: Follow Me\n|-curestatus|p2b: Flutter Mane|slp|[msg]\n|move|p2b: Flutter Mane|Icy Wind|p1a: \u4f8d\u7684\u6211\u7231\u5bfc\u7ba1|[spread] p1a,p1b\n|-damage|p1a: \u4f8d\u7684\u6211\u7231\u5bfc\u7ba1|86/100\n|-damage|p1b: \u9a6c\u6b7b\u4e86|84/100\n|-unboost|p1a: \u4f8d\u7684\u6211\u7231\u5bfc\u7ba1|spe|1\n|-unboost|p1b: \u9a6c\u6b7b\u4e86|spe|1\n|-enditem|p1a: \u4f8d\u7684\u6211\u7231\u5bfc\u7ba1|Eject Button\n|\n|t:|1774763805\n|switch|p1a: \u5c0f\u7b14\u7ea2\u80bf|Smeargle, L50, M, shiny|100/100\n|cant|p2a: Lunala|slp\n|\n|-ability|p1a: \u5c0f\u7b14\u7ea2\u80bf|Moody|boost\n|-boost|p1a: \u5c0f\u7b14\u7ea2\u80bf|def|2\n|-unboost|p1a: \u5c0f\u7b14\u7ea2\u80bf|spa|1\n|upkeep\n|turn|4\n|\n|t:|1774763813\n|-terastallize|p1b: \u9a6c\u6b7b\u4e86|Ghost\n|move|p1a: \u5c0f\u7b14\u7ea2\u80bf|Follow Me|p1a: \u5c0f\u7b14\u7ea2\u80bf\n|-singleturn|p1a: \u5c0f\u7b14\u7ea2\u80bf|move: Follow Me\n|move|p2b: Flutter Mane|Shadow Ball|p1a: \u5c0f\u7b14\u7ea2\u80bf\n|-immune|p1a: \u5c0f\u7b14\u7ea2\u80bf\n|move|p1b: \u9a6c\u6b7b\u4e86|Astral Barrage|p2a: Lunala|[spread] p2a,p2b\n|-supereffective|p2b: Flutter Mane\n|-damage|p2a: Lunala|63/100 slp\n|-enditem|p2b: Flutter Mane|Focus Sash\n|-damage|p2b: Flutter Mane|1/100\n|-curestatus|p2a: Lunala|slp|[msg]\n|move|p2a: Lunala|Expanding Force|p1b: \u9a6c\u6b7b\u4e86|[spread] p1a,p1b\n|-enditem|p1a: \u5c0f\u7b14\u7ea2\u80bf|Focus Sash\n|-damage|p1a: \u5c0f\u7b14\u7ea2\u80bf|1/100\n|-damage|p1b: \u9a6c\u6b7b\u4e86|9/100\n|\n|-ability|p1a: \u5c0f\u7b14\u7ea2\u80bf|Moody|boost\n|-boost|p1a: \u5c0f\u7b14\u7ea2\u80bf|spe|2\n|-unboost|p1a: \u5c0f\u7b14\u7ea2\u80bf|spd|1\n|upkeep\n|turn|5\n|\n|t:|1774763832\n|switch|p1b: \u4f8d\u7684\u6211\u7231\u5bfc\u7ba1|Indeedee-F, L50, F, shiny|86/100\n|move|p2b: Flutter Mane|Protect|p2b: Flutter Mane\n|-singleturn|p2b: Flutter Mane|Protect\n|move|p1a: \u5c0f\u7b14\u7ea2\u80bf|Spore|p2b: Flutter Mane\n|-activate|p2b: Flutter Mane|move: Protect\n|move|p2a: Lunala|Expanding Force|p1b: \u4f8d\u7684\u6211\u7231\u5bfc\u7ba1|[spread] p1a,p1b\n|-resisted|p1b: \u4f8d\u7684\u6211\u7231\u5bfc\u7ba1\n|-damage|p1a: \u5c0f\u7b14\u7ea2\u80bf|0 fnt\n|-damage|p1b: \u4f8d\u7684\u6211\u7231\u5bfc\u7ba1|56/100\n|faint|p1a: \u5c0f\u7b14\u7ea2\u80bf\n|\n|-fieldend|move: Psychic Terrain\n|upkeep\n|\n|t:|1774763837\n|switch|p1a: \u6545\u5927\u5305\u52d2|Koraidon, L50, shiny|100/100\n|-weather|SunnyDay|[from] ability: Orichalcum Pulse|[of] p1a: \u6545\u5927\u5305\u52d2\n|-activate|p2b: Flutter Mane|ability: Protosynthesis\n|-start|p2b: Flutter Mane|protosynthesisspe\n|-activate|p1a: \u6545\u5927\u5305\u52d2|Orichalcum Pulse|[source]\n|turn|6\n|\n|t:|1774763848\n|-end|p2b: Flutter Mane|Protosynthesis|[silent]\n|switch|p2b: Koraidon|Koraidon, L50, shiny|100/100\n|-activate|p2b: Koraidon|ability: Orichalcum Pulse\n|move|p1b: \u4f8d\u7684\u6211\u7231\u5bfc\u7ba1|Follow Me|p1b: \u4f8d\u7684\u6211\u7231\u5bfc\u7ba1\n|-singleturn|p1b: \u4f8d\u7684\u6211\u7231\u5bfc\u7ba1|move: Follow Me\n|move|p1a: \u6545\u5927\u5305\u52d2|Flame Charge|p2b: Koraidon\n|-resisted|p2b: Koraidon\n|-crit|p2b: Koraidon\n|-damage|p2b: Koraidon|71/100\n|-boost|p1a: \u6545\u5927\u5305\u52d2|spe|1\n|-damage|p1a: \u6545\u5927\u5305\u52d2|91/100|[from] item: Life Orb\n|move|p2a: Lunala|Meteor Beam||[still]\n|-prepare|p2a: Lunala|Meteor Beam\n|-boost|p2a: Lunala|spa|1\n|-enditem|p2a: Lunala|Power Herb\n|-anim|p2a: Lunala|Meteor Beam|p1b: \u4f8d\u7684\u6211\u7231\u5bfc\u7ba1\n|-damage|p1b: \u4f8d\u7684\u6211\u7231\u5bfc\u7ba1|0 fnt\n|faint|p1b: \u4f8d\u7684\u6211\u7231\u5bfc\u7ba1\n|\n|-weather|SunnyDay|[upkeep]\n|upkeep\n|\n|t:|1774763851\n|switch|p1b: \u9a6c\u6b7b\u4e86|Calyrex-Shadow, L50, tera:Ghost|9/100\n|-ability|p1b: \u9a6c\u6b7b\u4e86|As One\n|-ability|p1b: \u9a6c\u6b7b\u4e86|Unnerve\n|turn|7\n|\n|t:|1774763864\n|move|p2b: Koraidon|Protect|p2b: Koraidon\n|-singleturn|p2b: Koraidon|Protect\n|move|p1a: \u6545\u5927\u5305\u52d2|Close Combat|p2a: Lunala\n|-damage|p2a: Lunala|0 fnt\n|-unboost|p1a: \u6545\u5927\u5305\u52d2|def|1\n|-unboost|p1a: \u6545\u5927\u5305\u52d2|spd|1\n|faint|p2a: Lunala\n|-damage|p1a: \u6545\u5927\u5305\u52d2|81/100|[from] item: Life Orb\n|move|p1b: \u9a6c\u6b7b\u4e86|Astral Barrage|p2b: Koraidon\n|-activate|p2b: Koraidon|move: Protect\n|\n|-weather|SunnyDay|[upkeep]\n|upkeep\n|\n|t:|1774763880\n|switch|p2a: Flutter Mane|Flutter Mane, L50|1/100\n|-activate|p2a: Flutter Mane|ability: Protosynthesis\n|-start|p2a: Flutter Mane|protosynthesisspe\n|turn|8\n|\n|t:|1774763885\n|move|p1a: \u6545\u5927\u5305\u52d2|Flame Charge|p2a: Flutter Mane\n|-damage|p2a: Flutter Mane|0 fnt\n|-boost|p1a: \u6545\u5927\u5305\u52d2|spe|1\n|faint|p2a: Flutter Mane\n|-end|p2a: Flutter Mane|Protosynthesis|[silent]\n|-damage|p1a: \u6545\u5927\u5305\u52d2|72/100|[from] item: Life Orb\n|move|p1b: \u9a6c\u6b7b\u4e86|Astral Barrage|p2b: Koraidon\n|-damage|p2b: Koraidon|0 fnt\n|faint|p2b: Koraidon\n|\n|win|dasabe\u76d6\u6b27\u5361\u4fa0\n|raw|dasabe\u76d6\u6b27\u5361\u4fa0's rating: 1594 &rarr; <strong>1615</strong><br />(+21 for winning)\n|raw|terafireflareblitz's rating: 1616 &rarr; <strong>1595</strong><br />(-21 for losing)\n|l|\u2606terafireflareblitz\n|player|p2|\n|l|\u2606dasabe\u76d6\u6b27\u5361\u4fa0\n|player|p1|\n","uploadtime":1774763886,"views":30,"formatid":"gen9vgc2026regi","rating":1595,"private":0,"password":null}