{"id":"gen9vgc2026regi-2568704560","format":"[Gen 9] VGC 2026 Reg I","players":["D4RKEVA","xiaoxiaoxin121"],"log":"|j|\u2606D4RKEVA\n|j|\u2606xiaoxiaoxin121\n|t:|1774615783\n|gametype|doubles\n|player|p1|D4RKEVA|169|1372\n|player|p2|xiaoxiaoxin121|dawn-masters3|1341\n|gen|9\n|tier|[Gen 9] VGC 2026 Reg I\n|rated|\n|rule|Species Clause: Limit one of each Pok\u00e9mon\n|rule|Item Clause: Limit 1 of each item\n|clearpoke\n|poke|p1|Lunala, L50|\n|poke|p1|Koraidon, L50|\n|poke|p1|Flutter Mane, L50|\n|poke|p1|Brute Bonnet, L50|\n|poke|p1|Chi-Yu, L50|\n|poke|p1|Ursaluna, L50, F|\n|poke|p2|Calyrex-Shadow, L50|\n|poke|p2|Groudon, L50|\n|poke|p2|Zapdos-Galar, L50|\n|poke|p2|Rillaboom, L50, M|\n|poke|p2|Raging Bolt, L50|\n|poke|p2|Clefairy, L50, M|\n|teampreview|4\nxiaoxiaoxin121 has agreed to open team sheets.\n|inactive|Battle timer is ON: inactive players will automatically lose when time's up. (requested by xiaoxiaoxin121)\n|inactive|D4RKEVA also wants the timer to be on.\nD4RKEVA rejected open team sheets.\n|\n|t:|1774615809\n|teamsize|p1|4\n|teamsize|p2|4\n|start\n|switch|p1a: MoonMoon|Lunala, L50|100/100\n|switch|p1b: Brute Bonnie|Brute Bonnet, L50|100/100\n|switch|p2a: Calyrex|Calyrex-Shadow, L50|100/100\n|switch|p2b: Zapdos|Zapdos-Galar, L50|100/100\n|-ability|p2a: Calyrex|As One\n|-ability|p2a: Calyrex|Unnerve\n|turn|1\n|\n|t:|1774615826\n|-terastallize|p1b: Brute Bonnie|Water\n|move|p2a: Calyrex|Protect|p2a: Calyrex\n|-singleturn|p2a: Calyrex|Protect\n|move|p1a: MoonMoon|Wide Guard|p1a: MoonMoon\n|-singleturn|p1a: MoonMoon|Wide Guard\n|move|p2b: Zapdos|U-turn|p1b: Brute Bonnie\n|-damage|p1b: Brute Bonnie|86/100\n|\n|t:|1774615837\n|switch|p2b: Clefairy|Clefairy, L50, M|100/100|[from] U-turn\n|move|p1b: Brute Bonnie|Spore|p2a: Calyrex\n|-activate|p2a: Calyrex|move: Protect\n|\n|upkeep\n|turn|2\n|\n|t:|1774615861\n|switch|p2b: Zapdos|Zapdos-Galar, L50|100/100\n|move|p2a: Calyrex|Disable|p1b: Brute Bonnie\n|-start|p1b: Brute Bonnie|Disable|Spore\n|cant|p1b: Brute Bonnie|Disable|Spore\n|move|p1a: MoonMoon|Trick Room|p1a: MoonMoon\n|-fieldstart|move: Trick Room|[of] p1a: MoonMoon\n|\n|upkeep\n|turn|3\n|\n|t:|1774615885\n|-end|p1b: Brute Bonnie|Protosynthesis|[silent]\n|switch|p1b: Girl Math|Ursaluna, L50, F|100/100\n|move|p2a: Calyrex|Protect|p2a: Calyrex\n|-singleturn|p2a: Calyrex|Protect\n|move|p1a: MoonMoon|Moongeist Beam|p2a: Calyrex\n|-activate|p2a: Calyrex|move: Protect\n|move|p2b: Zapdos|U-turn|p1a: MoonMoon\n|-damage|p1a: MoonMoon|92/100\n|\n|t:|1774615896\n|switch|p2b: Clefairy|Clefairy, L50, M|100/100|[from] U-turn\n|\n|-status|p1b: Girl Math|brn|[from] item: Flame Orb\n|upkeep\n|turn|4\n|\n|t:|1774615909\n|move|p2b: Clefairy|After You|p2a: Calyrex\n|-activate|p2a: Calyrex|move: After You\n|move|p2a: Calyrex|Astral Barrage|p1a: MoonMoon|[spread] p1a\n|-immune|p1b: Girl Math\n|-supereffective|p1a: MoonMoon\n|-damage|p1a: MoonMoon|0 fnt\n|faint|p1a: MoonMoon\n|-ability|p2a: Calyrex|Grim Neigh|boost\n|-boost|p2a: Calyrex|spa|1\n|move|p1b: Girl Math|Facade|p2b: Clefairy\n|-damage|p2b: Clefairy|1/100\n|\n|-damage|p1b: Girl Math|95/100 brn|[from] brn\n|upkeep\n|\n|t:|1774615918\n|switch|p1a: Brute Bonnie|Brute Bonnet, L50, tera:Water|86/100\n|turn|5\n|\n|t:|1774615938\n|move|p2b: Clefairy|Protect|p2b: Clefairy\n|-singleturn|p2b: Clefairy|Protect\n|move|p2a: Calyrex|Protect|p2a: Calyrex\n|-singleturn|p2a: Calyrex|Protect\n|move|p1a: Brute Bonnie|Sucker Punch||[still]\n|-fail|p1a: Brute Bonnie\n|move|p1b: Girl Math|Earthquake|p2b: Clefairy|[spread] p1a\n|-activate|p2a: Calyrex|move: Protect\n|-activate|p2b: Clefairy|move: Protect\n|-damage|p1a: Brute Bonnie|39/100\n|\n|-damage|p1b: Girl Math|89/100 brn|[from] brn\n|upkeep\n|turn|6\n|\n|t:|1774615961\n|move|p1a: Brute Bonnie|Rage Powder|p1a: Brute Bonnie\n|-singleturn|p1a: Brute Bonnie|move: Rage Powder\n|move|p2b: Clefairy|After You||[still]\n|-fail|p2b: Clefairy\n|move|p1b: Girl Math|Facade|p2b: Clefairy\n|-damage|p2b: Clefairy|0 fnt\n|faint|p2b: Clefairy\n|move|p2a: Calyrex|Disable|p1a: Brute Bonnie\n|-start|p1a: Brute Bonnie|Disable|Rage Powder\n|\n|-damage|p1b: Girl Math|83/100 brn|[from] brn\n|-fieldend|move: Trick Room\n|upkeep\n|\n|t:|1774615968\n|switch|p2b: Zapdos|Zapdos-Galar, L50|100/100\n|turn|7\n|\n|t:|1774615985\n|move|p1b: Girl Math|Protect|p1b: Girl Math\n|-singleturn|p1b: Girl Math|Protect\n|move|p1a: Brute Bonnie|Sucker Punch|p2a: Calyrex\n|-supereffective|p2a: Calyrex\n|-enditem|p2a: Calyrex|Focus Sash\n|-damage|p2a: Calyrex|1/100\n|move|p2b: Zapdos|Thunderous Kick|p1b: Girl Math\n|-activate|p1b: Girl Math|move: Protect\n|move|p2a: Calyrex|Astral Barrage|p1b: Girl Math|[spread] p1a\n|-activate|p1b: Girl Math|move: Protect\n|-damage|p1a: Brute Bonnie|0 fnt\n|faint|p1a: Brute Bonnie\n|-end|p1a: Brute Bonnie|Protosynthesis|[silent]\n|-ability|p2a: Calyrex|Grim Neigh|boost\n|-boost|p2a: Calyrex|spa|1\n|\n|-damage|p1b: Girl Math|77/100 brn|[from] brn\n|upkeep\n|\n|t:|1774615987\n|switch|p1a: Clydeon|Koraidon, L50|100/100\n|-weather|SunnyDay|[from] ability: Orichalcum Pulse|[of] p1a: Clydeon\n|-activate|p1a: Clydeon|Orichalcum Pulse|[source]\n|turn|8\n|inactive|xiaoxiaoxin121 has 30 seconds left.\n|\n|t:|1774616015\n|move|p2b: Zapdos|Thunderous Kick|p1b: Girl Math\n|-supereffective|p1b: Girl Math\n|-damage|p1b: Girl Math|15/100 brn\n|-unboost|p1b: Girl Math|def|1\n|move|p2a: Calyrex|Draining Kiss|p1a: Clydeon\n|-supereffective|p1a: Clydeon\n|-damage|p1a: Clydeon|0 fnt\n|-heal|p2a: Calyrex|76/100|[from] drain|[of] p1a: Clydeon\n|faint|p1a: Clydeon\n|-ability|p2a: Calyrex|Grim Neigh|boost\n|-boost|p2a: Calyrex|spa|1\n|move|p1b: Girl Math|Facade|p2b: Zapdos\n|-damage|p2b: Zapdos|0 fnt\n|faint|p2b: Zapdos\n|\n|-weather|SunnyDay|[upkeep]\n|-damage|p1b: Girl Math|9/100 brn|[from] brn\n|upkeep\n|-message|D4RKEVA forfeited.\n|\n|win|xiaoxiaoxin121\n|raw|D4RKEVA's rating: 1372 &rarr; <strong>1350</strong><br />(-22 for losing)\n|raw|xiaoxiaoxin121's rating: 1341 &rarr; <strong>1363</strong><br />(+22 for winning)\n|l|\u2606D4RKEVA\n|player|p1|\n|l|\u2606xiaoxiaoxin121\n|player|p2|\n","uploadtime":1774616268,"views":19,"formatid":"gen9vgc2026regi","rating":1350,"private":0,"password":null}