{"id":"gen9vgc2026regi-2534163204","format":"[Gen 9] VGC 2026 Reg I","players":["Supermembrane","dthk1216"],"log":"|j|\u2606Supermembrane\n|j|\u2606dthk1216\n|t:|1770393745\n|gametype|doubles\n|player|p1|Supermembrane|cynthia-gen4|1381\n|player|p2|dthk1216|dawn|1560\n|gen|9\n|tier|[Gen 9] VGC 2026 Reg I\n|rated|\n|rule|Species Clause: Limit one of each Pok\u00e9mon\n|rule|Item Clause: Limit 1 of each item\n|clearpoke\n|poke|p1|Koraidon, L50|\n|poke|p1|Calyrex-Ice, L50|\n|poke|p1|Flutter Mane, L50|\n|poke|p1|Indeedee-F, L50, F|\n|poke|p1|Roaring Moon, L50|\n|poke|p1|Chi-Yu, L50|\n|poke|p2|Calyrex-Ice, L50|\n|poke|p2|Kyogre, L50|\n|poke|p2|Urshifu-*, L50, M|\n|poke|p2|Rillaboom, L50, F|\n|poke|p2|Grimmsnarl, L50, M|\n|poke|p2|Amoonguss, L50, F|\n|teampreview|4\n|inactive|Battle timer is ON: inactive players will automatically lose when time's up. (requested by Supermembrane)\n|inactive|dthk1216 has 60 seconds left.\n|\n|t:|1770393794\n|teamsize|p1|4\n|teamsize|p2|4\n|start\n|switch|p1a: Koraidon|Koraidon, L50|100/100\n|switch|p1b: Flutter Mane|Flutter Mane, L50|100/100\n|switch|p2a: Urshifu|Urshifu-Rapid-Strike, L50, M|100/100\n|switch|p2b: Calyrex|Calyrex-Ice, L50|100/100\n|-ability|p2b: Calyrex|As One\n|-ability|p2b: Calyrex|Unnerve\n|-weather|SunnyDay|[from] ability: Orichalcum Pulse|[of] p1a: Koraidon\n|-activate|p1b: Flutter Mane|ability: Protosynthesis\n|-start|p1b: Flutter Mane|protosynthesisspe\n|-activate|p1a: Koraidon|Orichalcum Pulse|[source]\n|turn|1\n|inactive|Supermembrane has 30 seconds left.\n|\n|t:|1770393821\n|switch|p2b: Kyogre|Kyogre, L50|100/100\n|-weather|RainDance|[from] ability: Drizzle|[of] p2b: Kyogre\n|-end|p1b: Flutter Mane|Protosynthesis\n|move|p2a: Urshifu|Surging Strikes|p1b: Flutter Mane\n|-crit|p1b: Flutter Mane\n|-damage|p1b: Flutter Mane|23/100\n|-crit|p1b: Flutter Mane\n|-damage|p1b: Flutter Mane|0 fnt\n|faint|p1b: Flutter Mane\n|-end|p1b: Flutter Mane|Protosynthesis|[silent]\n|-hitcount|p1: Flutter Mane|2\n|move|p1a: Koraidon|Close Combat|p2a: Urshifu\n|-damage|p2a: Urshifu|10/100\n|-unboost|p1a: Koraidon|def|1\n|-unboost|p1a: Koraidon|spd|1\n|-damage|p1a: Koraidon|91/100|[from] item: Life Orb\n|\n|-weather|RainDance|[upkeep]\n|upkeep\n|\n|t:|1770393838\n|switch|p1b: Calyrex|Calyrex-Ice, L50|100/100\n|-ability|p1b: Calyrex|As One\n|-ability|p1b: Calyrex|Unnerve\n|turn|2\n|\n|t:|1770393852\n|-terastallize|p1b: Calyrex|Water\n|move|p2a: Urshifu|Surging Strikes|p1a: Koraidon\n|-resisted|p1a: Koraidon\n|-crit|p1a: Koraidon\n|-damage|p1a: Koraidon|73/100\n|-resisted|p1a: Koraidon\n|-crit|p1a: Koraidon\n|-damage|p1a: Koraidon|53/100\n|-resisted|p1a: Koraidon\n|-crit|p1a: Koraidon\n|-damage|p1a: Koraidon|34/100\n|-hitcount|p1a: Koraidon|3\n|move|p1a: Koraidon|Close Combat|p2b: Kyogre\n|-damage|p2b: Kyogre|6/100\n|-unboost|p1a: Koraidon|def|1\n|-unboost|p1a: Koraidon|spd|1\n|-damage|p1a: Koraidon|24/100|[from] item: Life Orb\n|move|p2b: Kyogre|Water Spout|p1b: Calyrex|[spread] p1a,p1b\n|-resisted|p1a: Koraidon\n|-resisted|p1b: Calyrex\n|-damage|p1a: Koraidon|16/100\n|-damage|p1b: Calyrex|98/100\n|move|p1b: Calyrex|Trick Room|p1b: Calyrex\n|-fieldstart|move: Trick Room|[of] p1b: Calyrex\n|\n|-weather|RainDance|[upkeep]\n|upkeep\n|turn|3\n|inactive|Supermembrane has 30 seconds left.\n|\n|t:|1770393878\n|switch|p1a: Chi-Yu|Chi-Yu, L50|100/100\n|-ability|p1a: Chi-Yu|Beads of Ruin\n|move|p1b: Calyrex|Glacial Lance|p2b: Kyogre|[spread] p2a,p2b\n|-resisted|p2a: Urshifu\n|-resisted|p2b: Kyogre\n|-damage|p2a: Urshifu|0 fnt\n|-damage|p2b: Kyogre|0 fnt\n|faint|p2a: Urshifu\n|faint|p2b: Kyogre\n|-ability|p1b: Calyrex|Chilling Neigh|boost\n|-boost|p1b: Calyrex|atk|2\n|\n|-weather|RainDance|[upkeep]\n|upkeep\n|\n|t:|1770393883\n|switch|p2b: Amoonguss|Amoonguss, L50, F|100/100\n|switch|p2a: Calyrex|Calyrex-Ice, L50|100/100\n|-ability|p2a: Calyrex|As One\n|-ability|p2a: Calyrex|Unnerve\n|turn|4\n|\n|t:|1770393897\n|switch|p1b: Koraidon|Koraidon, L50|16/100\n|-weather|SunnyDay|[from] ability: Orichalcum Pulse|[of] p1b: Koraidon\n|-activate|p1b: Koraidon|Orichalcum Pulse|[source]\n|move|p2b: Amoonguss|Spore|p1a: Chi-Yu\n|-status|p1a: Chi-Yu|slp|[from] move: Spore\n|cant|p1a: Chi-Yu|slp\n|move|p2a: Calyrex|Leech Seed|p1a: Chi-Yu\n|-start|p1a: Chi-Yu|move: Leech Seed\n|\n|-weather|SunnyDay|[upkeep]\n|-damage|p1a: Chi-Yu|88/100 slp|[from] Leech Seed|[of] p2a: Calyrex\n|upkeep\n|turn|5\n|\n|t:|1770393918\n|switch|p1b: Calyrex|Calyrex-Ice, L50, tera:Water|98/100\n|-ability|p1b: Calyrex|As One\n|-ability|p1b: Calyrex|Unnerve\n|move|p2b: Amoonguss|Pollen Puff|p1a: Chi-Yu\n|-crit|p1a: Chi-Yu\n|-damage|p1a: Chi-Yu|61/100 slp\n|-curestatus|p1a: Chi-Yu|slp|[msg]\n|move|p1a: Chi-Yu|Heat Wave|p2a: Calyrex|[spread] p2a,p2b\n|-supereffective|p2a: Calyrex\n|-supereffective|p2b: Amoonguss\n|-damage|p2a: Calyrex|8/100\n|-damage|p2b: Amoonguss|0 fnt\n|faint|p2b: Amoonguss\n|move|p2a: Calyrex|Glacial Lance|p1a: Chi-Yu|[spread] p1a,p1b\n|-resisted|p1a: Chi-Yu\n|-resisted|p1b: Calyrex\n|-damage|p1a: Chi-Yu|23/100\n|-damage|p1b: Calyrex|82/100\n|\n|-weather|SunnyDay|[upkeep]\n|-heal|p2a: Calyrex|14/100|[from] item: Leftovers\n|-damage|p1a: Chi-Yu|11/100|[from] Leech Seed|[of] p2a: Calyrex\n|-heal|p2a: Calyrex|23/100|[silent]\n|upkeep\n|turn|6\n|-message|dthk1216 forfeited.\n|\n|win|Supermembrane\n|raw|Supermembrane's rating: 1381 &rarr; <strong>1410</strong><br />(+29 for winning)\n|raw|dthk1216's rating: 1560 &rarr; <strong>1531</strong><br />(-29 for losing)\n|l|\u2606dthk1216\n|player|p2|\n|c|\u2606Supermembrane|gg\n|l|\u2606Supermembrane\n|player|p1|\n","uploadtime":1770394085,"views":15,"formatid":"gen9vgc2026regi","rating":1410,"private":0,"password":null}