{"id":"gen9vgc2026regi-2532538236","format":"[Gen 9] VGC 2026 Reg I","players":["ky123456","palhunter"],"log":"|j|\u2606ky123456\n|j|\u2606palhunter\n|t:|1770193425\n|gametype|doubles\n|player|p1|ky123456|cynthia-gen4|1522\n|player|p2|palhunter|dawn|1654\n|gen|9\n|tier|[Gen 9] VGC 2026 Reg I\n|rated|\n|rule|Species Clause: Limit one of each Pok\u00e9mon\n|rule|Item Clause: Limit 1 of each item\n|clearpoke\n|poke|p1|Koraidon, L50|\n|poke|p1|Calyrex-Ice, L50|\n|poke|p1|Incineroar, L50, M|\n|poke|p1|Smeargle, L50, F|\n|poke|p1|Rillaboom, L50, M|\n|poke|p1|Landorus, L50, M|\n|poke|p2|Miraidon, L50|\n|poke|p2|Amoonguss, L50, F|\n|poke|p2|Calyrex-Ice, L50|\n|poke|p2|Urshifu-*, L50, M|\n|poke|p2|Incineroar, L50, F|\n|poke|p2|Landorus, L50, M|\n|teampreview|4\n|inactive|Battle timer is ON: inactive players will automatically lose when time's up. (requested by palhunter)\n|\n|t:|1770193448\n|teamsize|p1|4\n|teamsize|p2|4\n|start\n|switch|p1a: Rillaboom|Rillaboom, L50, M|100/100\n|switch|p1b: Landorus|Landorus, L50, M|100/100\n|switch|p2a: Incineroar|Incineroar, L50, F, shiny|100/100\n|switch|p2b: Calyrex|Calyrex-Ice, L50|100/100\n|-ability|p2b: Calyrex|As One\n|-ability|p2b: Calyrex|Unnerve\n|-fieldstart|move: Grassy Terrain|[from] ability: Grassy Surge|[of] p1a: Rillaboom\n|-ability|p2a: Incineroar|Intimidate|boost\n|-unboost|p1a: Rillaboom|atk|1\n|-unboost|p1b: Landorus|atk|1\n|turn|1\n|inactive|ky123456 has 30 seconds left.\n|\n|t:|1770193478\n|switch|p2a: Landorus|Landorus, L50, M, shiny|100/100\n|move|p2b: Calyrex|Protect|p2b: Calyrex\n|-singleturn|p2b: Calyrex|Protect\n|move|p1a: Rillaboom|Fake Out|p2b: Calyrex\n|-activate|p2b: Calyrex|move: Protect\n|move|p1b: Landorus|Earth Power|p2a: Landorus\n|-immune|p2a: Landorus\n|\n|upkeep\n|turn|2\n|inactive|ky123456 has 30 seconds left.\n|\n|t:|1770193505\n|-terastallize|p1b: Landorus|Water\n|move|p1a: Rillaboom|U-turn|p2b: Calyrex\n|-supereffective|p2b: Calyrex\n|-damage|p2b: Calyrex|84/100\n|\n|t:|1770193511\n|switch|p1a: Calyrex|Calyrex-Ice, L50|100/100|[from] U-turn\n|-ability|p1a: Calyrex|As One\n|-ability|p1a: Calyrex|Unnerve\n|move|p1b: Landorus|Earth Power|p2b: Calyrex\n|-damage|p2b: Calyrex|33/100\n|move|p2a: Landorus|Sandsear Storm|p1b: Landorus|[spread] p1a,p1b\n|-damage|p1a: Calyrex|65/100\n|-damage|p1b: Landorus|33/100\n|move|p2b: Calyrex|Glacial Lance|p1a: Calyrex|[spread] p1a,p1b\n|-resisted|p1a: Calyrex\n|-resisted|p1b: Landorus\n|-damage|p1a: Calyrex|49/100\n|-damage|p1b: Landorus|4/100\n|\n|-heal|p1b: Landorus|10/100|[from] Grassy Terrain\n|-heal|p1a: Calyrex|55/100|[from] Grassy Terrain\n|-heal|p1a: Calyrex|60/100|[from] item: Leftovers\n|-heal|p2b: Calyrex|39/100|[from] Grassy Terrain\n|upkeep\n|turn|3\n|inactive|ky123456 has 30 seconds left.\n|inactive|palhunter has 30 seconds left.\n|inactive|ky123456 has 20 seconds left.\n|inactive|palhunter has 20 seconds left.\n|inactive|ky123456 has 15 seconds left.\n|\n|t:|1770193555\n|-terastallize|p2a: Landorus|Water\n|move|p1b: Landorus|Sandsear Storm|p2b: Calyrex|[spread] p2a,p2b\n|-damage|p2a: Landorus|34/100\n|-damage|p2b: Calyrex|3/100\n|move|p2a: Landorus|Sandsear Storm|p1a: Calyrex|[spread] p1a,p1b\n|-damage|p1a: Calyrex|27/100\n|-damage|p1b: Landorus|0 fnt\n|faint|p1b: Landorus\n|move|p1a: Calyrex|Glacial Lance|p2a: Landorus|[spread] p2a,p2b\n|-resisted|p2a: Landorus\n|-resisted|p2b: Calyrex\n|-damage|p2a: Landorus|8/100\n|-damage|p2b: Calyrex|0 fnt\n|faint|p2b: Calyrex\n|-ability|p1a: Calyrex|Chilling Neigh|boost\n|-boost|p1a: Calyrex|atk|1\n|\n|-heal|p2a: Landorus|14/100|[from] Grassy Terrain\n|-heal|p1a: Calyrex|32/100|[from] Grassy Terrain\n|-heal|p1a: Calyrex|38/100|[from] item: Leftovers\n|upkeep\n|\n|t:|1770193578\n|switch|p1b: Rillaboom|Rillaboom, L50, M|100/100\n|switch|p2b: Incineroar|Incineroar, L50, F, shiny|100/100\n|-ability|p2b: Incineroar|Intimidate|boost\n|-unboost|p1a: Calyrex|atk|1\n|-unboost|p1b: Rillaboom|atk|1\n|turn|4\n|inactive|ky123456 has 30 seconds left.\n|inactive|ky123456 has 20 seconds left.\n|inactive|palhunter has 30 seconds left.\n|\n|t:|1770193626\n|switch|p2a: Miraidon|Miraidon, L50|100/100\n|-fieldstart|move: Electric Terrain|[from] ability: Hadron Engine|[of] p2a: Miraidon\n|move|p1b: Rillaboom|Fake Out|p2b: Incineroar\n|-damage|p2b: Incineroar|93/100\n|cant|p2b: Incineroar|flinch\n|move|p1a: Calyrex|Trick Room|p1a: Calyrex\n|-fieldstart|move: Trick Room|[of] p1a: Calyrex\n|\n|-heal|p1a: Calyrex|44/100|[from] item: Leftovers\n|upkeep\n|turn|5\n|inactive|ky123456 has 30 seconds left.\n|inactive|palhunter has 30 seconds left.\n|inactive|palhunter has 20 seconds left.\n|\n|t:|1770193661\n|move|p1a: Calyrex|Glacial Lance|p2b: Incineroar|[spread] p2a,p2b\n|-supereffective|p2a: Miraidon\n|-resisted|p2b: Incineroar\n|-damage|p2a: Miraidon|0 fnt\n|-damage|p2b: Incineroar|69/100\n|faint|p2a: Miraidon\n|-ability|p1a: Calyrex|Chilling Neigh|boost\n|-boost|p1a: Calyrex|atk|1\n|move|p2b: Incineroar|Flare Blitz|p1b: Rillaboom\n|-supereffective|p1b: Rillaboom\n|-damage|p1b: Rillaboom|0 fnt\n|faint|p1b: Rillaboom\n|-damage|p2b: Incineroar|37/100|[from] Recoil\n|\n|-heal|p1a: Calyrex|50/100|[from] item: Leftovers\n|upkeep\n|\n|t:|1770193676\n|switch|p1b: Koraidon|Koraidon, L50|100/100\n|switch|p2a: Landorus|Landorus, L50, M, shiny, tera:Water|14/100\n|-weather|SunnyDay|[from] ability: Orichalcum Pulse|[of] p1b: Koraidon\n|-activate|p1b: Koraidon|Orichalcum Pulse|[source]\n|turn|6\n|\n|t:|1770193693\n|move|p2a: Landorus|Protect|p2a: Landorus\n|-singleturn|p2a: Landorus|Protect\n|move|p1a: Calyrex|Glacial Lance|p2b: Incineroar|[spread] p2b\n|-activate|p2a: Landorus|move: Protect\n|-resisted|p2b: Incineroar\n|-damage|p2b: Incineroar|0 fnt\n|faint|p2b: Incineroar\n|-ability|p1a: Calyrex|Chilling Neigh|boost\n|-boost|p1a: Calyrex|atk|1\n|move|p1b: Koraidon|Low Kick|p2a: Landorus\n|-activate|p2a: Landorus|move: Protect\n|\n|-weather|SunnyDay|[upkeep]\n|-heal|p1a: Calyrex|56/100|[from] item: Leftovers\n|upkeep\n|turn|7\n|-message|palhunter forfeited.\n|\n|win|ky123456\n|raw|ky123456's rating: 1522 &rarr; <strong>1549</strong><br />(+27 for winning)\n|raw|palhunter's rating: 1654 &rarr; <strong>1627</strong><br />(-27 for losing)\n|l|\u2606palhunter\n|player|p2|\n|l|\u2606ky123456\n|player|p1|\n","uploadtime":1770193952,"views":30,"formatid":"gen9vgc2026regi","rating":1549,"private":0,"password":null}