{"id":"gen9vgc2026regi-2552951713","format":"[Gen 9] VGC 2026 Reg I","players":["Lol i am noob","I\u2764\ufe0f\u5a1c\u7984forever"],"log":"|j|\u2606Lol i am noob\n|j|\u2606I\u2764\ufe0f\u5a1c\u7984forever\n|t:|1772774331\n|gametype|doubles\n|player|p1|Lol i am noob|170|1250\n|player|p2|I\u2764\ufe0f\u5a1c\u7984forever|youngcouple-gen4dp|1306\n|gen|9\n|tier|[Gen 9] VGC 2026 Reg I\n|rated|\n|rule|Species Clause: Limit one of each Pok\u00e9mon\n|rule|Item Clause: Limit 1 of each item\n|clearpoke\n|poke|p1|Groudon, L50|\n|poke|p1|Chi-Yu, L50|\n|poke|p1|Brute Bonnet, L50|\n|poke|p1|Tornadus, L50, M|\n|poke|p1|Koraidon, L50|\n|poke|p1|Farigiraf, L50, F|\n|poke|p2|Groudon, L50|\n|poke|p2|Kyurem-White, L50|\n|poke|p2|Heatran, L50, M|\n|poke|p2|Whimsicott, L50, M|\n|poke|p2|Roaring Moon, L50|\n|poke|p2|Ditto, L50|\n|teampreview|4\n|j| Androyd\n|inactive|Battle timer is ON: inactive players will automatically lose when time's up. (requested by Lol i am noob)\n|inactive|Lol i am noob has 60 seconds left.\n|\n|t:|1772774378\n|teamsize|p1|4\n|teamsize|p2|4\n|start\n|switch|p1a: Groudon|Groudon, L50|100/100\n|switch|p1b: Tornadus|Tornadus, L50, M|100/100\n|switch|p2a: Whimsicott|Whimsicott, L50, M|100/100\n|switch|p2b: Kyurem|Kyurem-White, L50|100/100\n|-ability|p2b: Kyurem|Turboblaze\n|-weather|SunnyDay|[from] ability: Drought|[of] p1a: Groudon\n|turn|1\n|\n|t:|1772774390\n|switch|p1b: Farigiraf|Farigiraf, L50, F|100/100\n|move|p2a: Whimsicott|Tailwind|p2a: Whimsicott\n|-sidestart|p2: I\u2764\ufe0f\u5a1c\u7984forever|move: Tailwind\n|move|p2b: Kyurem|Blizzard|p1b: Farigiraf|[spread] p1a,p1b\n|-supereffective|p1a: Groudon\n|-damage|p1a: Groudon|0 fnt\n|-damage|p1b: Farigiraf|54/100\n|faint|p1a: Groudon\n|\n|-weather|SunnyDay|[upkeep]\n|upkeep\n|c|\u2606Lol i am noob|Well shit\n|inactive|Lol i am noob has 30 seconds left.\n|\n|t:|1772774417\n|switch|p1a: Brute Bonnet|Brute Bonnet, L50|100/100\n|-activate|p1a: Brute Bonnet|ability: Protosynthesis\n|-start|p1a: Brute Bonnet|protosynthesisatk\n|turn|2\n|\n|t:|1772774426\n|move|p2a: Whimsicott|Energy Ball|p1b: Farigiraf\n|-damage|p1b: Farigiraf|26/100\n|-enditem|p1b: Farigiraf|Sitrus Berry|[eat]\n|-heal|p1b: Farigiraf|50/100|[from] item: Sitrus Berry\n|move|p2b: Kyurem|Blizzard|p1b: Farigiraf|[spread] p1a,p1b\n|-supereffective|p1a: Brute Bonnet\n|-damage|p1a: Brute Bonnet|21/100\n|-damage|p1b: Farigiraf|8/100\n|move|p1a: Brute Bonnet|Spore|p2b: Kyurem\n|-status|p2b: Kyurem|slp|[from] move: Spore\n|move|p1b: Farigiraf|Trick Room|p1b: Farigiraf\n|-fieldstart|move: Trick Room|[of] p1b: Farigiraf\n|\n|-weather|SunnyDay|[upkeep]\n|upkeep\n|turn|3\n|\n|t:|1772774446\n|move|p1b: Farigiraf|Hyper Voice|p2b: Kyurem|[spread] p2a,p2b\n|-damage|p2a: Whimsicott|50/100\n|-damage|p2b: Kyurem|81/100 slp\n|move|p1a: Brute Bonnet|Seed Bomb|p2a: Whimsicott\n|-resisted|p2a: Whimsicott\n|-crit|p2a: Whimsicott\n|-damage|p2a: Whimsicott|0 fnt\n|faint|p2a: Whimsicott\n|cant|p2b: Kyurem|slp\n|\n|-weather|SunnyDay|[upkeep]\n|upkeep\n|\n|t:|1772774465\n|switch|p2a: Ditto|Ditto, L50|100/100\n|-transform|p2a: Ditto|p1b: Farigiraf|[from] ability: Imposter\n|turn|4\n|\n|t:|1772774488\n|move|p1b: Farigiraf|Imprison|p1b: Farigiraf\n|-start|p1b: Farigiraf|move: Imprison\n|move|p1a: Brute Bonnet|Spore|p2a: Ditto\n|-status|p2a: Ditto|slp|[from] move: Spore\n|-curestatus|p2b: Kyurem|slp|[msg]\n|move|p2b: Kyurem|Blizzard|p1a: Brute Bonnet|[spread] p1a,p1b\n|-supereffective|p1a: Brute Bonnet\n|-damage|p1a: Brute Bonnet|0 fnt\n|-damage|p1b: Farigiraf|0 fnt\n|faint|p1a: Brute Bonnet\n|-end|p1a: Brute Bonnet|Protosynthesis|[silent]\n|faint|p1b: Farigiraf\n|cant|p2a: Ditto|slp\n|\n|-weather|SunnyDay|[upkeep]\n|-sideend|p2: I\u2764\ufe0f\u5a1c\u7984forever|move: Tailwind\n|upkeep\n|\n|t:|1772774494\n|switch|p1b: Tornadus|Tornadus, L50, M|100/100\n|turn|5\n|\n|t:|1772774505\n|-terastallize|p1b: Tornadus|Dark\n|-curestatus|p2a: Ditto|slp|[msg]\n|move|p2a: Ditto|Hyper Voice|p1b: Tornadus\n|-damage|p1b: Tornadus|65/100\n|move|p2b: Kyurem|Blizzard|p1b: Tornadus|[miss]\n|-miss|p2b: Kyurem|p1b: Tornadus\n|-enditem|p2b: Kyurem|Blunder Policy\n|-boost|p2b: Kyurem|spe|2\n|move|p1b: Tornadus|Bleakwind Storm|p2b: Kyurem|[spread] p2a,p2b\n|-damage|p2a: Ditto|62/100\n|-damage|p2b: Kyurem|57/100\n|\n|-weather|none\n|upkeep\n|turn|6\n|\n|t:|1772774520\n|switch|p2a: Groudon|Groudon, L50|100/100\n|-weather|SunnyDay|[from] ability: Drought|[of] p2a: Groudon\n|move|p1b: Tornadus|Bleakwind Storm|p2a: Groudon|[spread] p2a\n|-miss|p1b: Tornadus|p2b: Kyurem\n|-damage|p2a: Groudon|83/100\n|-unboost|p2a: Groudon|spe|1\n|move|p2b: Kyurem|Fusion Flare|p1b: Tornadus\n|-damage|p1b: Tornadus|0 fnt\n|faint|p1b: Tornadus\n|\n|win|I\u2764\ufe0f\u5a1c\u7984forever\n|raw|Lol i am noob's rating: 1250 &rarr; <strong>1229</strong><br />(-21 for losing)\n|raw|I\u2764\ufe0f\u5a1c\u7984forever's rating: 1306 &rarr; <strong>1323</strong><br />(+17 for winning)\n|l|\u2606Lol i am noob\n|player|p1|\n|l| Androyd\n|l|\u2606I\u2764\ufe0f\u5a1c\u7984forever\n|player|p2|\n","uploadtime":1772774717,"views":14,"formatid":"gen9vgc2026regi","rating":1229,"private":0,"password":null}