{"id":"gen9vgc2026regi-2586288006","format":"[Gen 9] VGC 2026 Reg I","players":["Faux Jacques","yubanmeiqin"],"log":"|j|\u2606Faux Jacques\n|j|\u2606yubanmeiqin\n|t:|1776421581\n|gametype|doubles\n|player|p1|Faux Jacques|169|1471\n|player|p2|yubanmeiqin|lillie-masters2|1620\n|gen|9\n|tier|[Gen 9] VGC 2026 Reg I\n|rated|\n|rule|Species Clause: Limit one of each Pok\u00e9mon\n|rule|Item Clause: Limit 1 of each item\n|clearpoke\n|poke|p1|Raging Bolt, L50|\n|poke|p1|Sinistcha, L50|\n|poke|p1|Kyogre, L50|\n|poke|p1|Calyrex-Ice, L50|\n|poke|p1|Incineroar, L50, F|\n|poke|p1|Clefairy, L50, F|\n|poke|p2|Koraidon, L50|\n|poke|p2|Lunala, L50|\n|poke|p2|Tornadus, L50, M|\n|poke|p2|Raging Bolt, L50|\n|poke|p2|Rillaboom, L50, F|\n|poke|p2|Incineroar, L50, F|\n|teampreview|4\n|inactive|Battle timer is ON: inactive players will automatically lose when time's up. (requested by yubanmeiqin)\n|inactive|Faux Jacques has 60 seconds left.\n|\n|t:|1776421678\n|teamsize|p1|4\n|teamsize|p2|4\n|start\n|switch|p1a: Clefairy|Clefairy, L50, F|100/100\n|switch|p1b: Calyrex|Calyrex-Ice, L50|100/100\n|switch|p2a: \u82cd\u5d0e\u9752\u5b50|Lunala, L50|100/100\n|switch|p2b: \u4e24\u4eea\u5f0f|Rillaboom, L50, F|100/100\n|-ability|p1b: Calyrex|As One\n|-ability|p1b: Calyrex|Unnerve\n|-fieldstart|move: Grassy Terrain|[from] ability: Grassy Surge|[of] p2b: \u4e24\u4eea\u5f0f\n|turn|1\n|\n|t:|1776421702\n|-terastallize|p1a: Clefairy|Ghost\n|move|p2b: \u4e24\u4eea\u5f0f|Fake Out|p1b: Calyrex\n|-damage|p1b: Calyrex|95/100\n|move|p1a: Clefairy|Follow Me|p1a: Clefairy\n|-singleturn|p1a: Clefairy|move: Follow Me\n|move|p2a: \u82cd\u5d0e\u9752\u5b50|Moongeist Beam|p1a: Clefairy\n|-supereffective|p1a: Clefairy\n|-damage|p1a: Clefairy|21/100\n|cant|p1b: Calyrex|flinch\n|\n|-heal|p1b: Calyrex|100/100|[from] Grassy Terrain\n|-heal|p1a: Clefairy|28/100|[from] Grassy Terrain\n|upkeep\n|turn|2\n|\n|t:|1776421722\n|move|p1a: Clefairy|Follow Me|p1a: Clefairy\n|-singleturn|p1a: Clefairy|move: Follow Me\n|move|p2a: \u82cd\u5d0e\u9752\u5b50|Moongeist Beam|p1a: Clefairy\n|-supereffective|p1a: Clefairy\n|-damage|p1a: Clefairy|0 fnt\n|faint|p1a: Clefairy\n|move|p2b: \u4e24\u4eea\u5f0f|U-turn|p1b: Calyrex\n|-supereffective|p1b: Calyrex\n|-damage|p1b: Calyrex|72/100\n|\n|t:|1776421726\n|switch|p2b: \u85e4\u59d0|Incineroar, L50, F|100/100|[from] U-turn\n|-ability|p2b: \u85e4\u59d0|Intimidate|boost\n|-unboost|p1b: Calyrex|atk|1\n|move|p1b: Calyrex|Trick Room|p1b: Calyrex\n|-fieldstart|move: Trick Room|[of] p1b: Calyrex\n|\n|-heal|p1b: Calyrex|78/100|[from] Grassy Terrain\n|-heal|p1b: Calyrex|84/100|[from] item: Leftovers\n|upkeep\n|\n|t:|1776421741\n|switch|p1a: Incineroar|Incineroar, L50, F|100/100\n|-ability|p1a: Incineroar|Intimidate|boost\n|-unboost|p2a: \u82cd\u5d0e\u9752\u5b50|atk|1\n|-unboost|p2b: \u85e4\u59d0|atk|1\n|turn|3\n|n|\u2606yubanmeiqin|yubanmeiqin\n|\n|t:|1776421759\n|-terastallize|p2a: \u82cd\u5d0e\u9752\u5b50|Fairy\n|move|p1b: Calyrex|Protect|p1b: Calyrex\n|-singleturn|p1b: Calyrex|Protect\n|move|p1a: Incineroar|Knock Off|p2a: \u82cd\u5d0e\u9752\u5b50\n|-resisted|p2a: \u82cd\u5d0e\u9752\u5b50\n|-damage|p2a: \u82cd\u5d0e\u9752\u5b50|92/100\n|-enditem|p2a: \u82cd\u5d0e\u9752\u5b50|Power Herb|[from] move: Knock Off|[of] p1a: Incineroar\n|move|p2b: \u85e4\u59d0|U-turn|p1b: Calyrex\n|-activate|p1b: Calyrex|move: Protect\n|move|p2a: \u82cd\u5d0e\u9752\u5b50|Meteor Beam||[still]\n|-prepare|p2a: \u82cd\u5d0e\u9752\u5b50|Meteor Beam\n|-boost|p2a: \u82cd\u5d0e\u9752\u5b50|spa|1\n|\n|-heal|p1b: Calyrex|90/100|[from] Grassy Terrain\n|-heal|p1b: Calyrex|96/100|[from] item: Leftovers\n|-heal|p2a: \u82cd\u5d0e\u9752\u5b50|98/100|[from] Grassy Terrain\n|upkeep\n|turn|4\n|inactive|Faux Jacques has 30 seconds left.\n|\n|t:|1776421789\n|switch|p1b: Raging Bolt|Raging Bolt, L50|100/100\n|move|p1a: Incineroar|Knock Off|p2b: \u85e4\u59d0\n|-resisted|p2b: \u85e4\u59d0\n|-damage|p2b: \u85e4\u59d0|88/100\n|-enditem|p2b: \u85e4\u59d0|Assault Vest|[from] move: Knock Off|[of] p1a: Incineroar\n|move|p2b: \u85e4\u59d0|U-turn|p1b: Raging Bolt\n|-damage|p1b: Raging Bolt|91/100\n|\n|t:|1776421797\n|switch|p2b: \u4e24\u4eea\u5f0f|Rillaboom, L50, F|100/100|[from] U-turn\n|move|p2a: \u82cd\u5d0e\u9752\u5b50|Meteor Beam|p1a: Incineroar|[from] lockedmove\n|-supereffective|p1a: Incineroar\n|-damage|p1a: Incineroar|0 fnt\n|faint|p1a: Incineroar\n|\n|-heal|p1b: Raging Bolt|97/100|[from] Grassy Terrain\n|-heal|p2a: \u82cd\u5d0e\u9752\u5b50|100/100|[from] Grassy Terrain\n|upkeep\n|\n|t:|1776421804\n|switch|p1a: Calyrex|Calyrex-Ice, L50|96/100\n|-ability|p1a: Calyrex|As One\n|-ability|p1a: Calyrex|Unnerve\n|turn|5\n|\n|t:|1776421826\n|move|p1a: Calyrex|Protect|p1a: Calyrex\n|-singleturn|p1a: Calyrex|Protect\n|move|p2b: \u4e24\u4eea\u5f0f|Fake Out|p1a: Calyrex\n|-activate|p1a: Calyrex|move: Protect\n|move|p1b: Raging Bolt|Thunder|p2a: \u82cd\u5d0e\u9752\u5b50|[miss]\n|-miss|p1b: Raging Bolt|p2a: \u82cd\u5d0e\u9752\u5b50\n|move|p2a: \u82cd\u5d0e\u9752\u5b50|Moonblast|p1b: Raging Bolt\n|-supereffective|p1b: Raging Bolt\n|-crit|p1b: Raging Bolt\n|-damage|p1b: Raging Bolt|0 fnt\n|faint|p1b: Raging Bolt\n|-end|p1b: Raging Bolt|Protosynthesis|[silent]\n|\n|-heal|p1a: Calyrex|100/100|[from] Grassy Terrain\n|-fieldend|move: Grassy Terrain\n|upkeep\n|turn|6\n|\n|t:|1776421838\n|move|p2a: \u82cd\u5d0e\u9752\u5b50|Wide Guard|p2a: \u82cd\u5d0e\u9752\u5b50\n|-singleturn|p2a: \u82cd\u5d0e\u9752\u5b50|Wide Guard\n|move|p1a: Calyrex|Glacial Lance|p2b: \u4e24\u4eea\u5f0f|[spread] \n|-activate|p2a: \u82cd\u5d0e\u9752\u5b50|move: Wide Guard\n|-activate|p2b: \u4e24\u4eea\u5f0f|move: Wide Guard\n|move|p2b: \u4e24\u4eea\u5f0f|U-turn|p1a: Calyrex\n|-supereffective|p1a: Calyrex\n|-damage|p1a: Calyrex|72/100\n|\n|t:|1776421844\n|switch|p2b: \u4f24\u75db\u4e4b\u8d64|Koraidon, L50, shiny|100/100|[from] U-turn\n|-weather|SunnyDay|[from] ability: Orichalcum Pulse|[of] p2b: \u4f24\u75db\u4e4b\u8d64\n|-activate|p2b: \u4f24\u75db\u4e4b\u8d64|Orichalcum Pulse|[source]\n|\n|-weather|SunnyDay|[upkeep]\n|-heal|p1a: Calyrex|77/100|[from] item: Leftovers\n|-fieldend|move: Trick Room\n|upkeep\n|turn|7\n|\n|t:|1776421853\n|move|p2b: \u4f24\u75db\u4e4b\u8d64|Flare Blitz|p1a: Calyrex\n|-supereffective|p1a: Calyrex\n|-damage|p1a: Calyrex|0 fnt\n|faint|p1a: Calyrex\n|-damage|p2b: \u4f24\u75db\u4e4b\u8d64|74/100|[from] Recoil\n|\n|win|yubanmeiqin\n|raw|Faux Jacques's rating: 1471 &rarr; <strong>1459</strong><br />(-12 for losing)\n|raw|yubanmeiqin's rating: 1620 &rarr; <strong>1632</strong><br />(+12 for winning)\n|l|\u2606Faux Jacques\n|player|p1|\n","uploadtime":1776421869,"views":16,"formatid":"gen9vgc2026regi","rating":1459,"private":0,"password":null}