{"id":"gen9vgc2026regi-2577938824","format":"[Gen 9] VGC 2026 Reg I","players":["datbishgames","sukaww"],"log":"|j|\u2606datbishgames\n|j|\u2606sukaww\n|t:|1775623426\n|gametype|doubles\n|player|p1|datbishgames|mira|1267\n|player|p2|sukaww|1|1380\n|gen|9\n|tier|[Gen 9] VGC 2026 Reg I\n|rated|\n|rule|Species Clause: Limit one of each Pok\u00e9mon\n|rule|Item Clause: Limit 1 of each item\n|clearpoke\n|poke|p1|Dialga-Origin, L50|\n|poke|p1|Ho-Oh, L50|\n|poke|p1|Rotom-Wash, L50|\n|poke|p1|Amoonguss, L50, F|\n|poke|p1|Ursaluna, L50, M|\n|poke|p1|Zoroark-Hisui, L50, F|\n|poke|p2|Calyrex-Ice, L50|\n|poke|p2|Miraidon, L50|\n|poke|p2|Iron Hands, L50|\n|poke|p2|Farigiraf, L50, M|\n|poke|p2|Smeargle, L50, M|\n|poke|p2|Ursaluna-Bloodmoon, L50, M|\n|teampreview|4\n|inactive|Battle timer is ON: inactive players will automatically lose when time's up. (requested by datbishgames)\n|inactive|datbishgames has 60 seconds left.\n|\n|t:|1775623460\n|teamsize|p1|4\n|teamsize|p2|4\n|start\n|switch|p1a: Dialga|Dialga-Origin, L50|100/100\n|switch|p1b: Ursaluna|Ursaluna, L50, M|100/100\n|switch|p2a: Calyrex|Calyrex-Ice, L50|100/100\n|switch|p2b: Miraidon|Miraidon, L50|100/100\n|-ability|p2a: Calyrex|As One\n|-ability|p2a: Calyrex|Unnerve\n|-fieldstart|move: Electric Terrain|[from] ability: Hadron Engine|[of] p2b: Miraidon\n|turn|1\n|\n|t:|1775623471\n|-terastallize|p1b: Ursaluna|Ghost\n|move|p2b: Miraidon|Volt Switch|p1a: Dialga\n|-resisted|p1a: Dialga\n|-damage|p1a: Dialga|75/100\n|\n|t:|1775623475\n|switch|p2b: Iron Hands|Iron Hands, L50|100/100|[from] Volt Switch\n|-activate|p2b: Iron Hands|ability: Quark Drive\n|-start|p2b: Iron Hands|quarkdriveatk\n|move|p1b: Ursaluna|Swords Dance|p1b: Ursaluna\n|-boost|p1b: Ursaluna|atk|2\n|move|p1a: Dialga|Flash Cannon|p2a: Calyrex\n|-supereffective|p2a: Calyrex\n|-damage|p2a: Calyrex|15/100\n|move|p2a: Calyrex|Trick Room|p2a: Calyrex\n|-fieldstart|move: Trick Room|[of] p2a: Calyrex\n|\n|-status|p1b: Ursaluna|brn|[from] item: Flame Orb\n|upkeep\n|turn|2\n|inactive|sukaww has 30 seconds left.\n|\n|t:|1775623506\n|move|p2a: Calyrex|Protect|p2a: Calyrex\n|-singleturn|p2a: Calyrex|Protect\n|move|p2b: Iron Hands|Low Kick|p1a: Dialga\n|-supereffective|p1a: Dialga\n|-damage|p1a: Dialga|0 fnt\n|faint|p1a: Dialga\n|move|p1b: Ursaluna|Earthquake|p2a: Calyrex|[spread] p2b\n|-activate|p2a: Calyrex|move: Protect\n|-supereffective|p2b: Iron Hands\n|-damage|p2b: Iron Hands|0 fnt\n|faint|p2b: Iron Hands\n|-end|p2b: Iron Hands|Quark Drive|[silent]\n|\n|-damage|p1b: Ursaluna|95/100 brn|[from] brn\n|upkeep\n|\n|t:|1775623514\n|switch|p2b: Ursaluna|Ursaluna-Bloodmoon, L50, M|100/100\n|switch|p1a: Rotom|Rotom-Wash, L50|100/100\n|turn|3\n|\n|t:|1775623524\n|-terastallize|p2b: Ursaluna|Ghost\n|move|p1b: Ursaluna|Protect|p1b: Ursaluna\n|-singleturn|p1b: Ursaluna|Protect\n|move|p2b: Ursaluna|Blood Moon|p1b: Ursaluna\n|-activate|p1b: Ursaluna|move: Protect\n|move|p2a: Calyrex|Glacial Lance|p1b: Ursaluna|[spread] p1a\n|-activate|p1b: Ursaluna|move: Protect\n|-resisted|p1a: Rotom\n|-damage|p1a: Rotom|76/100\n|move|p1a: Rotom|Foul Play|p2a: Calyrex\n|-supereffective|p2a: Calyrex\n|-damage|p2a: Calyrex|0 fnt\n|faint|p2a: Calyrex\n|\n|-damage|p1b: Ursaluna|89/100 brn|[from] brn\n|upkeep\n|\n|t:|1775623538\n|switch|p2a: Miraidon|Miraidon, L50|100/100\n|-activate|p2a: Miraidon|ability: Hadron Engine\n|turn|4\n|\n|t:|1775623553\n|move|p2b: Ursaluna|Hyper Voice|p1b: Ursaluna|[spread] p1a,p1b\n|-crit|p1b: Ursaluna\n|-damage|p1a: Rotom|43/100\n|-damage|p1b: Ursaluna|28/100 brn\n|-damage|p2b: Ursaluna|91/100|[from] item: Life Orb\n|move|p1a: Rotom|Hydro Pump|p2b: Ursaluna|[miss]\n|-miss|p1a: Rotom|p2b: Ursaluna\n|move|p1b: Ursaluna|Earthquake|p2a: Miraidon|[spread] p2a,p2b\n|-immune|p1a: Rotom|[from] ability: Levitate\n|-supereffective|p2a: Miraidon\n|-damage|p2a: Miraidon|0 fnt\n|-damage|p2b: Ursaluna|22/100\n|faint|p2a: Miraidon\n|\n|-damage|p1b: Ursaluna|23/100 brn|[from] brn\n|upkeep\n|turn|5\n|\n|t:|1775623567\n|move|p1b: Ursaluna|Protect|p1b: Ursaluna\n|-singleturn|p1b: Ursaluna|Protect\n|move|p2b: Ursaluna|Hyper Voice|p1a: Rotom|[spread] p1a\n|-activate|p1b: Ursaluna|move: Protect\n|-damage|p1a: Rotom|10/100\n|-damage|p2b: Ursaluna|13/100|[from] item: Life Orb\n|move|p1a: Rotom|Volt Switch|p2b: Ursaluna\n|-damage|p2b: Ursaluna|0 fnt\n|faint|p2b: Ursaluna\n|\n|win|datbishgames\n|raw|datbishgames's rating: 1267 &rarr; <strong>1300</strong><br />(+33 for winning)\n|raw|sukaww's rating: 1380 &rarr; <strong>1354</strong><br />(-26 for losing)\n|l|\u2606sukaww\n|player|p2|\n|l|\u2606datbishgames\n|player|p1|\n","uploadtime":1775623718,"views":10,"formatid":"gen9vgc2026regi","rating":1300,"private":0,"password":null}