{"id":"gen9vgc2026regi-2568729499","format":"[Gen 9] VGC 2026 Reg I","players":["tenagazaru desu","Binky11"],"log":"|j|\u203dtenagazaru desu\n|j|\u2606Binky11\n|t:|1774618122\n|gametype|doubles\n|player|p1|tenagazaru desu|1|1488\n|player|p2|Binky11|miku-ice|1480\n|gen|9\n|tier|[Gen 9] VGC 2026 Reg I\n|rated|\n|rule|Species Clause: Limit one of each Pok\u00e9mon\n|rule|Item Clause: Limit 1 of each item\n|clearpoke\n|poke|p1|Landorus, L50, M|\n|poke|p1|Calyrex-Ice, L50|\n|poke|p1|Miraidon, L50|\n|poke|p1|Grimmsnarl, L50, M|\n|poke|p1|Urshifu-*, L50, F|\n|poke|p1|Incineroar, L50, M|\n|poke|p2|Kyogre, L50|\n|poke|p2|Necrozma-Dusk-Mane, L50|\n|poke|p2|Amoonguss, L50, M|\n|poke|p2|Iron Jugulis, L50|\n|poke|p2|Raging Bolt, L50|\n|poke|p2|Urshifu-*, L50, F|\n|teampreview|4\n|\n|t:|1774618143\n|teamsize|p1|4\n|teamsize|p2|4\n|start\n|switch|p1a: Grimmsnarl|Grimmsnarl, L50, M|100/100\n|switch|p1b: Miraidon|Miraidon, L50|100/100\n|switch|p2a: Kyogre|Kyogre, L50|100/100\n|switch|p2b: Iron Jugulis|Iron Jugulis, L50|100/100\n|-fieldstart|move: Electric Terrain|[from] ability: Hadron Engine|[of] p1b: Miraidon\n|-activate|p2b: Iron Jugulis|ability: Quark Drive\n|-start|p2b: Iron Jugulis|quarkdrivespe\n|-weather|RainDance|[from] ability: Drizzle|[of] p2a: Kyogre\n|turn|1\n|inactive|Battle timer is ON: inactive players will automatically lose when time's up. (requested by Binky11)\n|\n|t:|1774618171\n|-terastallize|p2a: Kyogre|Grass\n|move|p1a: Grimmsnarl|Light Screen|p1a: Grimmsnarl\n|-sidestart|p1: tenagazaru desu|move: Light Screen\n|move|p2b: Iron Jugulis|Snarl|p1a: Grimmsnarl|[spread] p1a,p1b\n|-resisted|p1a: Grimmsnarl\n|-damage|p1a: Grimmsnarl|98/100\n|-damage|p1b: Miraidon|93/100\n|-unboost|p1a: Grimmsnarl|spa|1\n|-unboost|p1b: Miraidon|spa|1\n|move|p1b: Miraidon|Volt Switch|p2b: Iron Jugulis\n|-supereffective|p2b: Iron Jugulis\n|-damage|p2b: Iron Jugulis|0 fnt\n|faint|p2b: Iron Jugulis\n|-end|p2b: Iron Jugulis|Quark Drive|[silent]\n|inactive|tenagazaru desu has 30 seconds left.\n|inactive|tenagazaru desu has 20 seconds left.\n|inactive|tenagazaru desu has 15 seconds left.\n|\n|t:|1774618213\n|switch|p1b: Calyrex|Calyrex-Ice, L50|100/100|[from] Volt Switch\n|-ability|p1b: Calyrex|As One\n|-ability|p1b: Calyrex|Unnerve\n|move|p2a: Kyogre|Water Spout|p1b: Calyrex|[spread] p1a,p1b\n|-damage|p1a: Grimmsnarl|21/100\n|-damage|p1b: Calyrex|49/100\n|\n|-weather|RainDance|[upkeep]\n|-heal|p1b: Calyrex|55/100|[from] item: Leftovers\n|upkeep\n|\n|t:|1774618226\n|switch|p2b: Urshifu|Urshifu-Rapid-Strike, L50, F|100/100\n|turn|2\n|inactive|tenagazaru desu has 30 seconds left.\n|\n|t:|1774618254\n|-terastallize|p1b: Calyrex|Water\n|move|p1a: Grimmsnarl|Reflect|p1a: Grimmsnarl\n|-sidestart|p1: tenagazaru desu|Reflect\n|move|p2b: Urshifu|Surging Strikes|p1b: Calyrex\n|-resisted|p1b: Calyrex\n|-crit|p1b: Calyrex\n|-damage|p1b: Calyrex|44/100\n|-resisted|p1b: Calyrex\n|-crit|p1b: Calyrex\n|-damage|p1b: Calyrex|31/100\n|-resisted|p1b: Calyrex\n|-crit|p1b: Calyrex\n|-damage|p1b: Calyrex|18/100\n|-hitcount|p1b: Calyrex|3\n|move|p2a: Kyogre|Water Spout|p1b: Calyrex|[spread] p1a,p1b\n|-resisted|p1b: Calyrex\n|-damage|p1a: Grimmsnarl|0 fnt\n|-damage|p1b: Calyrex|0 fnt\n|faint|p1a: Grimmsnarl\n|faint|p1b: Calyrex\n|\n|-weather|RainDance|[upkeep]\n|upkeep\n|\n|t:|1774618270\n|switch|p1a: Miraidon|Miraidon, L50|93/100\n|switch|p1b: Incineroar|Incineroar, L50, M|100/100\n|-activate|p1a: Miraidon|ability: Hadron Engine\n|-ability|p1b: Incineroar|Intimidate|boost\n|-unboost|p2a: Kyogre|atk|1\n|-unboost|p2b: Urshifu|atk|1\n|turn|3\n|\n|t:|1774618289\n|switch|p2a: Necrozma|Necrozma-Dusk-Mane, L50|100/100\n|move|p2b: Urshifu|Detect|p2b: Urshifu\n|-singleturn|p2b: Urshifu|Protect\n|move|p1b: Incineroar|Fake Out|p2b: Urshifu\n|-activate|p2b: Urshifu|move: Protect\n|move|p1a: Miraidon|Draco Meteor|p2a: Necrozma\n|-resisted|p2a: Necrozma\n|-damage|p2a: Necrozma|49/100\n|-unboost|p1a: Miraidon|spa|2\n|\n|-weather|RainDance|[upkeep]\n|upkeep\n|turn|4\n|\n|t:|1774618308\n|move|p1a: Miraidon|Draco Meteor|p2b: Urshifu\n|-damage|p2b: Urshifu|0 fnt\n|-unboost|p1a: Miraidon|spa|2\n|faint|p2b: Urshifu\n|move|p1b: Incineroar|Knock Off|p2a: Necrozma\n|-supereffective|p2a: Necrozma\n|-damage|p2a: Necrozma|7/100\n|-enditem|p2a: Necrozma|Clear Amulet|[from] move: Knock Off|[of] p1b: Incineroar\n|move|p2a: Necrozma|Photon Geyser|p1a: Miraidon\n|-damage|p1a: Miraidon|58/100\n|\n|-weather|RainDance|[upkeep]\n|upkeep\n|\n|t:|1774618313\n|switch|p2b: Kyogre|Kyogre, L50, tera:Grass|100/100\n|turn|5\n|inactive|tenagazaru desu has 30 seconds left.\n|\n|t:|1774618342\n|move|p1a: Miraidon|Draco Meteor|p2b: Kyogre\n|-damage|p2b: Kyogre|71/100\n|-unboost|p1a: Miraidon|spa|2\n|move|p1b: Incineroar|Knock Off|p2a: Necrozma\n|-supereffective|p2a: Necrozma\n|-damage|p2a: Necrozma|0 fnt\n|faint|p2a: Necrozma\n|move|p2b: Kyogre|Water Spout|p1a: Miraidon|[spread] p1a,p1b\n|-resisted|p1a: Miraidon\n|-supereffective|p1b: Incineroar\n|-damage|p1a: Miraidon|38/100\n|-damage|p1b: Incineroar|24/100\n|\n|-weather|none\n|-fieldend|move: Electric Terrain\n|upkeep\n|turn|6\n|\n|t:|1774618359\n|move|p2b: Kyogre|Protect|p2b: Kyogre\n|-singleturn|p2b: Kyogre|Protect\n|move|p1a: Miraidon|Draco Meteor|p2b: Kyogre\n|-activate|p2b: Kyogre|move: Protect\n|move|p1b: Incineroar|Flare Blitz|p2b: Kyogre\n|-activate|p2b: Kyogre|move: Protect\n|\n|upkeep\n|turn|7\n|\n|t:|1774618371\n|move|p1a: Miraidon|Draco Meteor|p2b: Kyogre\n|-damage|p2b: Kyogre|54/100\n|move|p1b: Incineroar|Flare Blitz|p2b: Kyogre\n|-supereffective|p2b: Kyogre\n|-damage|p2b: Kyogre|0 fnt\n|faint|p2b: Kyogre\n|-damage|p1b: Incineroar|5/100|[from] Recoil\n|\n|win|tenagazaru desu\n|raw|tenagazaru desu's rating: 1488 &rarr; <strong>1508</strong><br />(+20 for winning)\n|raw|Binky11's rating: 1480 &rarr; <strong>1460</strong><br />(-20 for losing)\n|l|\u2606Binky11\n|player|p2|\n|l|\u203dtenagazaru desu\n|player|p1|\n","uploadtime":1774618625,"views":18,"formatid":"gen9vgc2026regi","rating":1460,"private":0,"password":null}