{"id":"gen9vgc2026regi-2522600198","format":"[Gen 9] VGC 2026 Reg I","players":["timburr fan","BanKingambit69247"],"log":"|j|\u2606timburr fan\n|j|\u2606BanKingambit69247\n|t:|1768926786\n|gametype|doubles\n|player|p1|timburr fan|169|1283\n|player|p2|BanKingambit69247|170|1295\n|gen|9\n|tier|[Gen 9] VGC 2026 Reg I\n|rated|\n|rule|Species Clause: Limit one of each Pok\u00e9mon\n|rule|Item Clause: Limit 1 of each item\n|clearpoke\n|poke|p1|Terapagos, L50, M|\n|poke|p1|Zacian-*, L50|\n|poke|p1|Incineroar, L50, M|\n|poke|p1|Smeargle, L50, M|\n|poke|p1|Rillaboom, L50, M|\n|poke|p1|Sinistcha-Masterpiece, L50|\n|poke|p2|Calyrex-Ice, L50|\n|poke|p2|Koraidon, L50|\n|poke|p2|Incineroar, L50, F|\n|poke|p2|Rillaboom, L50, M|\n|poke|p2|Chi-Yu, L50|\n|poke|p2|Flutter Mane, L50|\n|teampreview|4\n|inactive|Battle timer is ON: inactive players will automatically lose when time's up. (requested by BanKingambit69247)\n|inactive|BanKingambit69247 has 60 seconds left.\n|\n|t:|1768926821\n|teamsize|p1|4\n|teamsize|p2|4\n|start\n|switch|p1a: Terapagos|Terapagos, L50, M|100/100\n|switch|p1b: Smeargle|Smeargle, L50, M|100/100\n|switch|p2a: Chi-Yu|Chi-Yu, L50|100/100\n|switch|p2b: Koraidon|Koraidon, L50|100/100\n|-activate|p1a: Terapagos|ability: Tera Shift\n|detailschange|p1a: Terapagos|Terapagos-Terastal, L50, M\n|-heal|p1a: Terapagos|100/100|[silent]\n|-ability|p2a: Chi-Yu|Beads of Ruin\n|-weather|SunnyDay|[from] ability: Orichalcum Pulse|[of] p2b: Koraidon\n|-activate|p2b: Koraidon|Orichalcum Pulse|[source]\n|turn|1\n|inactive|timburr fan has 30 seconds left.\n|\n|t:|1768926852\n|move|p1b: Smeargle|Burning Bulwark|p1b: Smeargle\n|-singleturn|p1b: Smeargle|move: Protect\n|move|p1a: Terapagos|Protect|p1a: Terapagos\n|-singleturn|p1a: Terapagos|Protect\n|move|p2a: Chi-Yu|Heat Wave|p1b: Smeargle|[spread] \n|-activate|p1a: Terapagos|move: Protect\n|-activate|p1b: Smeargle|move: Protect\n|move|p2b: Koraidon|Flame Charge|p1b: Smeargle\n|-activate|p1b: Smeargle|move: Protect\n|-status|p2b: Koraidon|brn\n|\n|-weather|SunnyDay|[upkeep]\n|-damage|p2b: Koraidon|94/100 brn|[from] brn\n|-ability|p1b: Smeargle|Moody|boost\n|-boost|p1b: Smeargle|spa|2\n|-unboost|p1b: Smeargle|spd|1\n|upkeep\n|turn|2\n|inactive|timburr fan has 30 seconds left.\n|inactive|timburr fan has 20 seconds left.\n|inactive|timburr fan has 15 seconds left.\n|\n|t:|1768926893\n|move|p2a: Chi-Yu|Heat Wave|p1a: Terapagos|[spread] p1a,p1b\n|-activate|p1a: Terapagos|ability: Tera Shell\n|-resisted|p1a: Terapagos\n|-damage|p1a: Terapagos|63/100\n|-enditem|p1b: Smeargle|Focus Sash\n|-damage|p1b: Smeargle|1/100\n|move|p2b: Koraidon|Collision Course|p1b: Smeargle\n|-supereffective|p1b: Smeargle\n|-damage|p1b: Smeargle|0 fnt\n|faint|p1b: Smeargle\n|move|p1a: Terapagos|Tera Starstorm|p2a: Chi-Yu\n|-damage|p2a: Chi-Yu|34/100\n|\n|-weather|SunnyDay|[upkeep]\n|-heal|p1a: Terapagos|69/100|[from] item: Leftovers\n|-damage|p2b: Koraidon|88/100 brn|[from] brn\n|upkeep\n|\n|t:|1768926911\n|switch|p1b: Zacian|Zacian-Crowned, L50|100/100\n|-ability|p1b: Zacian|Intrepid Sword|boost\n|-boost|p1b: Zacian|atk|1\n|turn|3\n|\n|t:|1768926921\n|switch|p2a: Incineroar|Incineroar, L50, F|100/100\n|-ability|p2a: Incineroar|Intimidate|boost\n|-unboost|p1a: Terapagos|atk|1\n|-unboost|p1b: Zacian|atk|1\n|-terastallize|p2b: Koraidon|Fire\n|-terastallize|p1a: Terapagos|Stellar\n|detailschange|p1a: Terapagos|Terapagos-Stellar, L50, M, tera:Stellar\n|-heal|p1a: Terapagos|77/100|[silent]\n|-ability|p1a: Terapagos|Teraform Zero\n|-weather|none\n|move|p1b: Zacian|Sacred Sword|p2a: Incineroar\n|-supereffective|p2a: Incineroar\n|-damage|p2a: Incineroar|34/100\n|move|p2b: Koraidon|Collision Course|p1a: Terapagos\n|-supereffective|p1a: Terapagos\n|-damage|p1a: Terapagos|36/100\n|move|p1a: Terapagos|Tera Starstorm|p2b: Koraidon|[spread] p2a,p2b\n|-supereffective|p2b: Koraidon\n|-damage|p2a: Incineroar|5/100\n|-damage|p2b: Koraidon|4/100 brn\n|\n|-heal|p1a: Terapagos|42/100|[from] item: Leftovers\n|-damage|p2b: Koraidon|0 fnt|[from] brn\n|faint|p2b: Koraidon\n|upkeep\n|\n|t:|1768926931\n|switch|p2b: Chi-Yu|Chi-Yu, L50|34/100\n|-ability|p2b: Chi-Yu|Beads of Ruin\n|turn|4\n|inactive|timburr fan has 30 seconds left.\n|inactive|timburr fan has 20 seconds left.\n|\n|t:|1768926969\n|switch|p1b: Sinistcha|Sinistcha-Masterpiece, L50|100/100\n|-heal|p1a: Terapagos|67/100|[from] ability: Hospitality|[of] p1b: Sinistcha\n|switch|p2a: Flutter Mane|Flutter Mane, L50|100/100\n|move|p1a: Terapagos|Protect|p1a: Terapagos\n|-singleturn|p1a: Terapagos|Protect\n|move|p2b: Chi-Yu|Heat Wave|p1b: Sinistcha|[spread] p1b\n|-activate|p1a: Terapagos|move: Protect\n|-supereffective|p1b: Sinistcha\n|-damage|p1b: Sinistcha|0 fnt\n|faint|p1b: Sinistcha\n|\n|-heal|p1a: Terapagos|73/100|[from] item: Leftovers\n|upkeep\n|\n|t:|1768926982\n|switch|p1b: Zacian|Zacian-Crowned, L50|100/100\n|turn|5\n|inactive|timburr fan has 30 seconds left.\n|\n|t:|1768927010\n|switch|p2b: Incineroar|Incineroar, L50, F|5/100\n|-ability|p2b: Incineroar|Intimidate|boost\n|-unboost|p1a: Terapagos|atk|1\n|-unboost|p1b: Zacian|atk|1\n|move|p1b: Zacian|Behemoth Blade|p2a: Flutter Mane\n|-supereffective|p2a: Flutter Mane\n|-enditem|p2a: Flutter Mane|Focus Sash\n|-damage|p2a: Flutter Mane|1/100\n|move|p2a: Flutter Mane|Moonblast|p1a: Terapagos\n|-damage|p1a: Terapagos|39/100\n|move|p1a: Terapagos|Tera Starstorm|p2a: Flutter Mane|[spread] p2a,p2b\n|-damage|p2a: Flutter Mane|0 fnt\n|-damage|p2b: Incineroar|0 fnt\n|faint|p2a: Flutter Mane\n|-end|p2a: Flutter Mane|Protosynthesis|[silent]\n|faint|p2b: Incineroar\n|\n|-heal|p1a: Terapagos|45/100|[from] item: Leftovers\n|upkeep\n|\n|t:|1768927018\n|switch|p2a: Chi-Yu|Chi-Yu, L50|34/100\n|-ability|p2a: Chi-Yu|Beads of Ruin\n|turn|6\n|\n|t:|1768927032\n|move|p2a: Chi-Yu|Heat Wave|p1a: Terapagos|[spread] p1a,p1b\n|-supereffective|p1b: Zacian\n|-damage|p1a: Terapagos|13/100\n|-damage|p1b: Zacian|0 fnt\n|faint|p1b: Zacian\n|move|p1a: Terapagos|Tera Starstorm|p2a: Chi-Yu\n|-damage|p2a: Chi-Yu|0 fnt\n|faint|p2a: Chi-Yu\n|\n|win|timburr fan\n|raw|timburr fan's rating: 1283 &rarr; <strong>1309</strong><br />(+26 for winning)\n|raw|BanKingambit69247's rating: 1295 &rarr; <strong>1269</strong><br />(-26 for losing)\n|l|\u2606BanKingambit69247\n|player|p2|\n|l|\u2606timburr fan\n|player|p1|\n","uploadtime":1768927216,"views":12,"formatid":"gen9vgc2026regi","rating":1269,"private":0,"password":null}