{"id":"gen9vgc2026regi-2558269276","format":"[Gen 9] VGC 2026 Reg I","players":["BanKingambit69247","Guts is Zamacenta"],"log":"|j|\u2606BanKingambit69247\n|j|\u2606Guts is Zamacenta\n|t:|1773419196\n|gametype|doubles\n|player|p1|BanKingambit69247|2|1550\n|player|p2|Guts is Zamacenta|lucas|1524\n|gen|9\n|tier|[Gen 9] VGC 2026 Reg I\n|rated|\n|rule|Species Clause: Limit one of each Pok\u00e9mon\n|rule|Item Clause: Limit 1 of each item\n|clearpoke\n|poke|p1|Calyrex-Ice, L50|\n|poke|p1|Koraidon, L50|\n|poke|p1|Incineroar, L50, F|\n|poke|p1|Rillaboom, L50, F|\n|poke|p1|Chi-Yu, L50|\n|poke|p1|Flutter Mane, L50|\n|poke|p2|Gholdengo, L50|\n|poke|p2|Ogerpon-Cornerstone, L50, F|\n|poke|p2|Chien-Pao, L50|\n|poke|p2|Zamazenta-*, L50|\n|poke|p2|Miraidon, L50|\n|poke|p2|Whimsicott, L50, F|\n|teampreview|4\n|inactive|Battle timer is ON: inactive players will automatically lose when time's up. (requested by BanKingambit69247)\n|inactive|Guts is Zamacenta has 60 seconds left.\n|\n|t:|1773419250\n|teamsize|p1|4\n|teamsize|p2|4\n|start\n|switch|p1a: who\u2019s good boy?|Koraidon, L50|100/100\n|switch|p1b: \u2764\ufe0fCIR4Ever|Calyrex-Ice, L50|100/100\n|switch|p2a: Chien-Pao|Chien-Pao, L50|100/100\n|switch|p2b: Gholdengo|Gholdengo, L50|100/100\n|-ability|p1b: \u2764\ufe0fCIR4Ever|As One\n|-ability|p1b: \u2764\ufe0fCIR4Ever|Unnerve\n|-weather|SunnyDay|[from] ability: Orichalcum Pulse|[of] p1a: who\u2019s good boy?\n|-activate|p1a: who\u2019s good boy?|Orichalcum Pulse|[source]\n|-ability|p2a: Chien-Pao|Sword of Ruin\n|turn|1\n|inactive|Guts is Zamacenta has 30 seconds left.\n|inactive|Guts is Zamacenta has 20 seconds left.\n|inactive|Guts is Zamacenta has 15 seconds left.\n|inactive|Guts is Zamacenta has 10 seconds left.\n|inactive|BanKingambit69247 has 30 seconds left.\n|inactive|Guts is Zamacenta has 5 seconds left.\n|\n|t:|1773419302\n|-terastallize|p1a: who\u2019s good boy?|Fire\n|move|p2b: Gholdengo|Protect|p2b: Gholdengo\n|-singleturn|p2b: Gholdengo|Protect\n|move|p1b: \u2764\ufe0fCIR4Ever|Protect|p1b: \u2764\ufe0fCIR4Ever\n|-singleturn|p1b: \u2764\ufe0fCIR4Ever|Protect\n|move|p2a: Chien-Pao|Ice Spinner|p1a: who\u2019s good boy?\n|-resisted|p1a: who\u2019s good boy?\n|-damage|p1a: who\u2019s good boy?|75/100\n|move|p1a: who\u2019s good boy?|Flare Blitz|p2b: Gholdengo\n|-activate|p2b: Gholdengo|move: Protect\n|\n|-weather|SunnyDay|[upkeep]\n|upkeep\n|turn|2\n|inactive|Guts is Zamacenta has 30 seconds left.\n|\n|t:|1773419331\n|-terastallize|p2b: Gholdengo|Normal\n|move|p1a: who\u2019s good boy?|Flare Blitz|p2b: Gholdengo\n|-damage|p2b: Gholdengo|0 fnt\n|-damage|p1a: who\u2019s good boy?|58/100|[from] item: Rocky Helmet|[of] p2b: Gholdengo\n|faint|p2b: Gholdengo\n|-damage|p1a: who\u2019s good boy?|23/100|[from] Recoil\n|move|p2a: Chien-Pao|Sacred Sword|p1a: who\u2019s good boy?\n|-damage|p1a: who\u2019s good boy?|0 fnt\n|faint|p1a: who\u2019s good boy?\n|move|p1b: \u2764\ufe0fCIR4Ever|Trick Room|p1b: \u2764\ufe0fCIR4Ever\n|-fieldstart|move: Trick Room|[of] p1b: \u2764\ufe0fCIR4Ever\n|\n|-weather|SunnyDay|[upkeep]\n|upkeep\n|\n|t:|1773419352\n|switch|p2b: Zamazenta|Zamazenta-Crowned, L50|100/100\n|switch|p1a: \u795e\u7684\u4f1f\u5927\u65e0\u9700\u591a\u8a00|Incineroar, L50, F|100/100\n|-ability|p1a: \u795e\u7684\u4f1f\u5927\u65e0\u9700\u591a\u8a00|Intimidate|boost\n|-unboost|p2a: Chien-Pao|atk|1\n|-unboost|p2b: Zamazenta|atk|1\n|-ability|p2b: Zamazenta|Dauntless Shield|boost\n|-boost|p2b: Zamazenta|def|1\n|turn|3\n|\n|t:|1773419376\n|switch|p1a: \u8499\u53e4\u725b\u2642\u5976~|Rillaboom, L50, F|100/100\n|-fieldstart|move: Grassy Terrain|[from] ability: Grassy Surge|[of] p1a: \u8499\u53e4\u725b\u2642\u5976~\n|move|p2b: Zamazenta|Protect|p2b: Zamazenta\n|-singleturn|p2b: Zamazenta|Protect\n|move|p2a: Chien-Pao|Protect|p2a: Chien-Pao\n|-singleturn|p2a: Chien-Pao|Protect\n|move|p1b: \u2764\ufe0fCIR4Ever|Leech Seed|p2b: Zamazenta\n|-activate|p2b: Zamazenta|move: Protect\n|\n|-weather|SunnyDay|[upkeep]\n|upkeep\n|turn|4\n|inactive|Guts is Zamacenta has 30 seconds left.\n|\n|t:|1773419407\n|move|p1b: \u2764\ufe0fCIR4Ever|Glacial Lance|p2a: Chien-Pao|[spread] p2a,p2b\n|-resisted|p2a: Chien-Pao\n|-resisted|p2b: Zamazenta\n|-damage|p2a: Chien-Pao|64/100\n|-damage|p2b: Zamazenta|87/100\n|move|p1a: \u8499\u53e4\u725b\u2642\u5976~|Wood Hammer|p2a: Chien-Pao\n|-damage|p2a: Chien-Pao|0 fnt\n|faint|p2a: Chien-Pao\n|-damage|p1a: \u8499\u53e4\u725b\u2642\u5976~|85/100|[from] Recoil\n|move|p2b: Zamazenta|Body Press|p1b: \u2764\ufe0fCIR4Ever\n|-damage|p1b: \u2764\ufe0fCIR4Ever|59/100\n|\n|-weather|SunnyDay|[upkeep]\n|-heal|p1b: \u2764\ufe0fCIR4Ever|65/100|[from] Grassy Terrain\n|-heal|p1b: \u2764\ufe0fCIR4Ever|71/100|[from] item: Leftovers\n|-heal|p1a: \u8499\u53e4\u725b\u2642\u5976~|90/100|[from] Grassy Terrain\n|-heal|p2b: Zamazenta|93/100|[from] Grassy Terrain\n|upkeep\n|\n|t:|1773419422\n|switch|p2a: Ogerpon|Ogerpon-Cornerstone, L50, F|100/100\n|turn|5\n|\n|t:|1773419435\n|move|p2b: Zamazenta|Wide Guard|p2b: Zamazenta\n|-singleturn|p2b: Zamazenta|Wide Guard\n|move|p1b: \u2764\ufe0fCIR4Ever|Leech Seed|p2b: Zamazenta\n|-start|p2b: Zamazenta|move: Leech Seed\n|move|p1a: \u8499\u53e4\u725b\u2642\u5976~|U-turn|p2b: Zamazenta\n|-resisted|p2b: Zamazenta\n|-damage|p2b: Zamazenta|90/100\n|\n|t:|1773419437\n|switch|p1a: \u795e\u7684\u4f1f\u5927\u65e0\u9700\u591a\u8a00|Incineroar, L50, F|100/100|[from] U-turn\n|-ability|p1a: \u795e\u7684\u4f1f\u5927\u65e0\u9700\u591a\u8a00|Intimidate|boost\n|-unboost|p2a: Ogerpon|atk|1\n|-unboost|p2b: Zamazenta|atk|1\n|move|p2a: Ogerpon|Ivy Cudgel|p1b: \u2764\ufe0fCIR4Ever|[anim] Ivy Cudgel Rock\n|-supereffective|p1b: \u2764\ufe0fCIR4Ever\n|-crit|p1b: \u2764\ufe0fCIR4Ever\n|-damage|p1b: \u2764\ufe0fCIR4Ever|0 fnt\n|faint|p1b: \u2764\ufe0fCIR4Ever\n|\n|-weather|none\n|-heal|p2b: Zamazenta|96/100|[from] Grassy Terrain\n|upkeep\n|\n|t:|1773419440\n|switch|p1b: \u8499\u53e4\u725b\u2642\u5976~|Rillaboom, L50, F|90/100\n|turn|6\n|inactive|BanKingambit69247 has 30 seconds left.\n|\n|t:|1773419479\n|move|p1a: \u795e\u7684\u4f1f\u5927\u65e0\u9700\u591a\u8a00|Flare Blitz|p2b: Zamazenta\n|-supereffective|p2b: Zamazenta\n|-damage|p2b: Zamazenta|58/100\n|-status|p2b: Zamazenta|brn\n|-damage|p1a: \u795e\u7684\u4f1f\u5927\u65e0\u9700\u591a\u8a00|89/100|[from] Recoil\n|move|p1b: \u8499\u53e4\u725b\u2642\u5976~|U-turn|p2b: Zamazenta\n|-resisted|p2b: Zamazenta\n|-damage|p2b: Zamazenta|56/100 brn\n|move|p2b: Zamazenta|Body Press|p1a: \u795e\u7684\u4f1f\u5927\u65e0\u9700\u591a\u8a00\n|-supereffective|p1a: \u795e\u7684\u4f1f\u5927\u65e0\u9700\u591a\u8a00\n|-damage|p1a: \u795e\u7684\u4f1f\u5927\u65e0\u9700\u591a\u8a00|29/100\n|move|p2a: Ogerpon|Ivy Cudgel|p1a: \u795e\u7684\u4f1f\u5927\u65e0\u9700\u591a\u8a00|[anim] Ivy Cudgel Rock\n|-supereffective|p1a: \u795e\u7684\u4f1f\u5927\u65e0\u9700\u591a\u8a00\n|-damage|p1a: \u795e\u7684\u4f1f\u5927\u65e0\u9700\u591a\u8a00|0 fnt\n|faint|p1a: \u795e\u7684\u4f1f\u5927\u65e0\u9700\u591a\u8a00\n|\n|-heal|p1b: \u8499\u53e4\u725b\u2642\u5976~|96/100|[from] Grassy Terrain\n|-heal|p2b: Zamazenta|62/100 brn|[from] Grassy Terrain\n|-damage|p2b: Zamazenta|50/100 brn|[from] Leech Seed|[of] p1b: \u8499\u53e4\u725b\u2642\u5976~\n|-heal|p1b: \u8499\u53e4\u725b\u2642\u5976~|100/100|[silent]\n|-damage|p2b: Zamazenta|44/100 brn|[from] brn\n|-fieldend|move: Trick Room\n|upkeep\n|turn|7\n|\n|t:|1773419494\n|move|p2a: Ogerpon|Ivy Cudgel|p1b: \u8499\u53e4\u725b\u2642\u5976~|[anim] Ivy Cudgel Rock\n|-damage|p1b: \u8499\u53e4\u725b\u2642\u5976~|65/100\n|move|p2b: Zamazenta|Body Press|p1b: \u8499\u53e4\u725b\u2642\u5976~\n|-damage|p1b: \u8499\u53e4\u725b\u2642\u5976~|32/100\n|move|p1b: \u8499\u53e4\u725b\u2642\u5976~|Wood Hammer|p2a: Ogerpon\n|-damage|p2a: Ogerpon|4/100\n|-damage|p1b: \u8499\u53e4\u725b\u2642\u5976~|8/100|[from] Recoil\n|\n|-heal|p2a: Ogerpon|10/100|[from] Grassy Terrain\n|-heal|p2b: Zamazenta|50/100 brn|[from] Grassy Terrain\n|-heal|p1b: \u8499\u53e4\u725b\u2642\u5976~|14/100|[from] Grassy Terrain\n|-damage|p2b: Zamazenta|38/100 brn|[from] Leech Seed|[of] p1b: \u8499\u53e4\u725b\u2642\u5976~\n|-heal|p1b: \u8499\u53e4\u725b\u2642\u5976~|25/100|[silent]\n|-damage|p2b: Zamazenta|32/100 brn|[from] brn\n|-fieldend|move: Grassy Terrain\n|upkeep\n|turn|8\n|\n|t:|1773419503\n|move|p2a: Ogerpon|Ivy Cudgel|p1b: \u8499\u53e4\u725b\u2642\u5976~|[anim] Ivy Cudgel Rock\n|-damage|p1b: \u8499\u53e4\u725b\u2642\u5976~|0 fnt\n|faint|p1b: \u8499\u53e4\u725b\u2642\u5976~\n|\n|win|Guts is Zamacenta\n|raw|BanKingambit69247's rating: 1550 &rarr; <strong>1529</strong><br />(-21 for losing)\n|raw|Guts is Zamacenta's rating: 1524 &rarr; <strong>1545</strong><br />(+21 for winning)\n|l|\u2606BanKingambit69247\n|player|p1|\n|l|\u2606Guts is Zamacenta\n|player|p2|\n","uploadtime":1773419673,"views":28,"formatid":"gen9vgc2026regi","rating":1529,"private":0,"password":null}