{"id":"gen9vgc2026regi-2561702433","format":"[Gen 9] VGC 2026 Reg I","players":["randomcatffr","Jerald Jimes"],"log":"|j|\u2606randomcatffr\n|j|\u2606Jerald Jimes\n|t:|1773834786\n|gametype|doubles\n|player|p1|randomcatffr|bugcatcher-gen4dp|1444\n|player|p2|Jerald Jimes|turo|1488\n|gen|9\n|tier|[Gen 9] VGC 2026 Reg I\n|rated|\n|rule|Species Clause: Limit one of each Pok\u00e9mon\n|rule|Item Clause: Limit 1 of each item\n|clearpoke\n|poke|p1|Zamazenta-*, L50|\n|poke|p1|Miraidon, L50|\n|poke|p1|Farigiraf, L50, F|\n|poke|p1|Volcarona, L50, M|\n|poke|p1|Whimsicott, L50, M|\n|poke|p1|Incineroar, L50, F|\n|poke|p2|Chi-Yu, L50|\n|poke|p2|Landorus, L50, M|\n|poke|p2|Tornadus, L50, M|\n|poke|p2|Calyrex-Shadow, L50|\n|poke|p2|Zamazenta-*, L50|\n|poke|p2|Rillaboom, L50, M|\n|teampreview|4\n|\n|t:|1773834890\n|teamsize|p1|4\n|teamsize|p2|4\n|start\n|switch|p1a: Incineroar|Incineroar, L50, F|100/100\n|switch|p1b: Whimsicott|Whimsicott, L50, M|100/100\n|switch|p2a: Landorus|Landorus, L50, M, shiny|100/100\n|switch|p2b: Tornadus|Tornadus, L50, M, shiny|100/100\n|-ability|p1a: Incineroar|Intimidate|boost\n|-unboost|p2a: Landorus|atk|1\n|-unboost|p2b: Tornadus|atk|1\n|turn|1\n|inactive|Battle timer is ON: inactive players will automatically lose when time's up. (requested by Jerald Jimes)\n|\n|t:|1773834951\n|move|p1b: Whimsicott|Protect|p1b: Whimsicott\n|-singleturn|p1b: Whimsicott|Protect\n|move|p2b: Tornadus|Tailwind|p2b: Tornadus\n|-sidestart|p2: Jerald Jimes|move: Tailwind\n|move|p2a: Landorus|Earth Power|p1a: Incineroar\n|-supereffective|p1a: Incineroar\n|-damage|p1a: Incineroar|0 fnt\n|faint|p1a: Incineroar\n|\n|upkeep\n|\n|t:|1773834959\n|switch|p1a: Miraidon|Miraidon, L50|100/100\n|-fieldstart|move: Electric Terrain|[from] ability: Hadron Engine|[of] p1a: Miraidon\n|turn|2\n|\n|t:|1773834967\n|move|p2b: Tornadus|Scary Face|p1a: Miraidon\n|-unboost|p1a: Miraidon|spe|2\n|move|p1b: Whimsicott|Tailwind|p1b: Whimsicott\n|-sidestart|p1: randomcatffr|move: Tailwind\n|move|p2a: Landorus|Earth Power|p1a: Miraidon\n|-supereffective|p1a: Miraidon\n|-damage|p1a: Miraidon|25/100\n|move|p1a: Miraidon|Draco Meteor|p2a: Landorus\n|-damage|p2a: Landorus|4/100\n|-unboost|p1a: Miraidon|spa|2\n|\n|upkeep\n|turn|3\n|j| np_360\n|l| np_360\n|inactive|randomcatffr has 30 seconds left.\n|inactive|Jerald Jimes has 30 seconds left.\n|\n|t:|1773835000\n|switch|p2b: Chi-Yu|Chi-Yu, L50, shiny|100/100\n|-ability|p2b: Chi-Yu|Beads of Ruin\n|switch|p1a: Zamazenta|Zamazenta-Crowned, L50|100/100\n|-ability|p1a: Zamazenta|Dauntless Shield|boost\n|-boost|p1a: Zamazenta|def|1\n|-terastallize|p1b: Whimsicott|Ghost\n|move|p1b: Whimsicott|Moonblast|p2a: Landorus\n|-damage|p2a: Landorus|0 fnt\n|faint|p2a: Landorus\n|\n|upkeep\n|inactive|Jerald Jimes has 30 seconds left.\n|\n|t:|1773835034\n|switch|p2a: Calyrex|Calyrex-Shadow, L50|100/100\n|-ability|p2a: Calyrex|As One\n|-ability|p2a: Calyrex|Unnerve\n|turn|4\n|\n|t:|1773835049\n|-terastallize|p2b: Chi-Yu|Ghost\n|move|p1b: Whimsicott|Protect|p1b: Whimsicott\n|-singleturn|p1b: Whimsicott|Protect\n|move|p1a: Zamazenta|Protect|p1a: Zamazenta\n|-singleturn|p1a: Zamazenta|Protect\n|move|p2b: Chi-Yu|Dark Pulse|p1b: Whimsicott\n|-activate|p1b: Whimsicott|move: Protect\n|move|p2a: Calyrex|Astral Barrage|p1b: Whimsicott|[spread] \n|-activate|p1a: Zamazenta|move: Protect\n|-activate|p1b: Whimsicott|move: Protect\n|\n|-sideend|p2: Jerald Jimes|move: Tailwind\n|upkeep\n|turn|5\n|inactive|randomcatffr has 30 seconds left.\n|inactive|Jerald Jimes has 30 seconds left.\n|\n|t:|1773835079\n|move|p2a: Calyrex|Protect|p2a: Calyrex\n|-singleturn|p2a: Calyrex|Protect\n|move|p1a: Zamazenta|Wide Guard|p1a: Zamazenta\n|-singleturn|p1a: Zamazenta|Wide Guard\n|move|p1b: Whimsicott|Moonblast|p2a: Calyrex\n|-activate|p2a: Calyrex|move: Protect\n|move|p2b: Chi-Yu|Dark Pulse|p1b: Whimsicott\n|-supereffective|p1b: Whimsicott\n|-enditem|p1b: Whimsicott|Focus Sash\n|-damage|p1b: Whimsicott|1/100\n|\n|-sideend|p1: randomcatffr|move: Tailwind\n|upkeep\n|turn|6\n|\n|t:|1773835103\n|switch|p2a: Tornadus|Tornadus, L50, M, shiny|100/100\n|move|p1a: Zamazenta|Protect||[still]\n|-fail|p1a: Zamazenta\n|move|p1b: Whimsicott|Tailwind|p1b: Whimsicott\n|-sidestart|p1: randomcatffr|move: Tailwind\n|move|p2b: Chi-Yu|Dark Pulse|p1b: Whimsicott\n|-supereffective|p1b: Whimsicott\n|-crit|p1b: Whimsicott\n|-damage|p1b: Whimsicott|0 fnt\n|faint|p1b: Whimsicott\n|\n|-fieldend|move: Electric Terrain\n|upkeep\n|\n|t:|1773835105\n|switch|p1b: Miraidon|Miraidon, L50|25/100\n|-fieldstart|move: Electric Terrain|[from] ability: Hadron Engine|[of] p1b: Miraidon\n|turn|7\n|inactive|randomcatffr has 30 seconds left.\n|\n|t:|1773835130\n|move|p2a: Tornadus|Tailwind|p2a: Tornadus\n|-sidestart|p2: Jerald Jimes|move: Tailwind\n|move|p2b: Chi-Yu|Dark Pulse|p1b: Miraidon\n|-damage|p1b: Miraidon|0 fnt\n|faint|p1b: Miraidon\n|move|p1a: Zamazenta|Heavy Slam|p2b: Chi-Yu\n|-damage|p2b: Chi-Yu|17/100\n|\n|upkeep\n|turn|8\n|\n|t:|1773835150\n|move|p2b: Chi-Yu|Dark Pulse|p1a: Zamazenta\n|-resisted|p1a: Zamazenta\n|-damage|p1a: Zamazenta|78/100\n|move|p1a: Zamazenta|Heavy Slam|p2b: Chi-Yu\n|-damage|p2b: Chi-Yu|0 fnt\n|faint|p2b: Chi-Yu\n|move|p2a: Tornadus|Bleakwind Storm|p1a: Zamazenta\n|-damage|p1a: Zamazenta|40/100\n|\n|upkeep\n|\n|t:|1773835155\n|switch|p2b: Calyrex|Calyrex-Shadow, L50|100/100\n|-ability|p2b: Calyrex|As One\n|-ability|p2b: Calyrex|Unnerve\n|turn|9\n|\n|t:|1773835160\n|move|p2b: Calyrex|Astral Barrage|p1a: Zamazenta\n|-damage|p1a: Zamazenta|0 fnt\n|faint|p1a: Zamazenta\n|\n|win|Jerald Jimes\n|raw|randomcatffr's rating: 1444 &rarr; <strong>1427</strong><br />(-17 for losing)\n|raw|Jerald Jimes's rating: 1488 &rarr; <strong>1505</strong><br />(+17 for winning)\n|c|\u2606Jerald Jimes|gg\n|l|\u2606randomcatffr\n|player|p1|\n","uploadtime":1773835167,"views":19,"formatid":"gen9vgc2026regi","rating":1427,"private":0,"password":null}