{"id":"gen9vgc2026regi-2567678286","format":"[Gen 9] VGC 2026 Reg I","players":["hallzy17","clefci"],"log":"|j|\u2606hallzy17\n|j|\u2606clefci\n|t:|1774502512\n|gametype|doubles\n|player|p1|hallzy17|1|1389\n|player|p2|clefci|102|1331\n|gen|9\n|tier|[Gen 9] VGC 2026 Reg I\n|rated|\n|rule|Species Clause: Limit one of each Pok\u00e9mon\n|rule|Item Clause: Limit 1 of each item\n|clearpoke\n|poke|p1|Calyrex-Ice, L50|\n|poke|p1|Miraidon, L50|\n|poke|p1|Grimmsnarl, L50, M|\n|poke|p1|Urshifu-*, L50, M|\n|poke|p1|Incineroar, L50, M|\n|poke|p1|Landorus, L50, M|\n|poke|p2|Groudon, L50|\n|poke|p2|Lunala, L50|\n|poke|p2|Smeargle, L50, M|\n|poke|p2|Tornadus, L50, M|\n|poke|p2|Flutter Mane, L50|\n|poke|p2|Gouging Fire, L50|\n|teampreview|4\n|inactive|Battle timer is ON: inactive players will automatically lose when time's up. (requested by clefci)\n|inactive|hallzy17 has 60 seconds left.\n|\n|t:|1774502550\n|teamsize|p1|4\n|teamsize|p2|4\n|start\n|switch|p1a: Miraidon|Miraidon, L50|100/100\n|switch|p1b: Grimmsnarl|Grimmsnarl, L50, M|100/100\n|switch|p2a: Lunala|Lunala, L50|100/100\n|switch|p2b: Flutter Mane|Flutter Mane, L50|100/100\n|-fieldstart|move: Electric Terrain|[from] ability: Hadron Engine|[of] p1a: Miraidon\n|turn|1\n|\n|t:|1774502569\n|move|p1b: Grimmsnarl|Light Screen|p1b: Grimmsnarl\n|-sidestart|p1: hallzy17|move: Light Screen\n|move|p2b: Flutter Mane|Taunt|p1b: Grimmsnarl\n|-start|p1b: Grimmsnarl|move: Taunt\n|move|p1a: Miraidon|Volt Switch|p2b: Flutter Mane\n|-damage|p2b: Flutter Mane|10/100\n|-enditem|p2b: Flutter Mane|Sitrus Berry|[eat]\n|-heal|p2b: Flutter Mane|34/100|[from] item: Sitrus Berry\n|\n|t:|1774502578\n|switch|p1a: Incineroar|Incineroar, L50, M|100/100|[from] Volt Switch\n|-ability|p1a: Incineroar|Intimidate|boost\n|-unboost|p2a: Lunala|atk|1\n|-unboost|p2b: Flutter Mane|atk|1\n|move|p2a: Lunala|Dazzling Gleam|p1a: Incineroar|[spread] p1a,p1b\n|-supereffective|p1b: Grimmsnarl\n|-damage|p1a: Incineroar|84/100\n|-damage|p1b: Grimmsnarl|58/100\n|\n|upkeep\n|turn|2\n|\n|t:|1774502595\n|-terastallize|p2a: Lunala|Fairy\n|move|p2b: Flutter Mane|Moonblast|p1a: Incineroar\n|-damage|p1a: Incineroar|67/100\n|-unboost|p1a: Incineroar|spa|1\n|move|p1a: Incineroar|Knock Off|p2a: Lunala\n|-resisted|p2a: Lunala\n|-damage|p2a: Lunala|93/100\n|-enditem|p2a: Lunala|Choice Specs|[from] move: Knock Off|[of] p1a: Incineroar\n|move|p2a: Lunala|Dazzling Gleam|p1b: Grimmsnarl|[spread] p1a,p1b\n|-supereffective|p1b: Grimmsnarl\n|-damage|p1a: Incineroar|50/100\n|-damage|p1b: Grimmsnarl|20/100\n|move|p1b: Grimmsnarl|Spirit Break|p2b: Flutter Mane\n|-damage|p2b: Flutter Mane|0 fnt\n|faint|p2b: Flutter Mane\n|-end|p2b: Flutter Mane|Protosynthesis|[silent]\n|\n|upkeep\n|\n|t:|1774502611\n|switch|p2b: Groudon|Groudon, L50|100/100\n|-weather|SunnyDay|[from] ability: Drought|[of] p2b: Groudon\n|turn|3\n|\n|t:|1774502629\n|move|p2b: Groudon|Precipice Blades|p1b: Grimmsnarl|[spread] p1a,p1b\n|-supereffective|p1a: Incineroar\n|-damage|p1a: Incineroar|0 fnt\n|-damage|p1b: Grimmsnarl|0 fnt\n|faint|p1a: Incineroar\n|faint|p1b: Grimmsnarl\n|move|p2a: Lunala|Heat Wave|p1: Incineroar|[notarget]\n|-fail|p2a: Lunala\n|\n|-weather|SunnyDay|[upkeep]\n|upkeep\n|\n|t:|1774502633\n|switch|p1a: Urshifu|Urshifu-Rapid-Strike, L50, M|100/100\n|switch|p1b: Miraidon|Miraidon, L50|100/100\n|-activate|p1b: Miraidon|ability: Hadron Engine\n|turn|4\n|inactive|hallzy17 has 30 seconds left.\n|inactive|clefci has 30 seconds left.\n|\n|t:|1774502668\n|-terastallize|p1a: Urshifu|Ghost\n|move|p1b: Miraidon|Electro Drift|p2a: Lunala\n|-damage|p2a: Lunala|6/100\n|move|p2b: Groudon|Precipice Blades|p1a: Urshifu|[spread] p1a\n|-miss|p2b: Groudon|p1b: Miraidon\n|-damage|p1a: Urshifu|54/100\n|move|p1a: Urshifu|Close Combat|p2b: Groudon\n|-damage|p2b: Groudon|32/100\n|-unboost|p1a: Urshifu|def|1\n|-unboost|p1a: Urshifu|spd|1\n|move|p2a: Lunala|Dazzling Gleam|p1a: Urshifu|[spread] p1a,p1b\n|-supereffective|p1b: Miraidon\n|-damage|p1a: Urshifu|13/100\n|-damage|p1b: Miraidon|67/100\n|\n|-weather|SunnyDay|[upkeep]\n|upkeep\n|turn|5\n|\n|t:|1774502684\n|move|p1b: Miraidon|Electro Drift|p2a: Lunala\n|-damage|p2a: Lunala|0 fnt\n|faint|p2a: Lunala\n|move|p2b: Groudon|Precipice Blades|p1b: Miraidon|[spread] p1a\n|-miss|p2b: Groudon|p1b: Miraidon\n|-damage|p1a: Urshifu|0 fnt\n|faint|p1a: Urshifu\n|\n|-weather|SunnyDay|[upkeep]\n|-fieldend|move: Electric Terrain\n|upkeep\n|\n|t:|1774502692\n|switch|p2a: Gouging Fire|Gouging Fire, L50|100/100\n|-activate|p2a: Gouging Fire|ability: Protosynthesis\n|-start|p2a: Gouging Fire|protosynthesisspe\n|turn|6\n|\n|t:|1774502695\n|move|p2a: Gouging Fire|Dragon Claw|p1b: Miraidon\n|-supereffective|p1b: Miraidon\n|-crit|p1b: Miraidon\n|-damage|p1b: Miraidon|0 fnt\n|faint|p1b: Miraidon\n|\n|win|clefci\n|raw|hallzy17's rating: 1389 &rarr; <strong>1366</strong><br />(-23 for losing)\n|raw|clefci's rating: 1331 &rarr; <strong>1354</strong><br />(+23 for winning)\n|l|\u2606hallzy17\n|player|p1|\n|l|\u2606clefci\n|player|p2|\n","uploadtime":1774502936,"views":12,"formatid":"gen9vgc2026regi","rating":1354,"private":0,"password":null}