{"id":"gen9vgc2026regi-2573264879","format":"[Gen 9] VGC 2026 Reg I","players":["sjysjy","ozago"],"log":"|j|\u2606sjysjy\n|j|\u2606ozago\n|t:|1775111772\n|gametype|doubles\n|player|p1|sjysjy|265|1095\n|player|p2|ozago|102|1096\n|gen|9\n|tier|[Gen 9] VGC 2026 Reg I\n|rated|\n|rule|Species Clause: Limit one of each Pok\u00e9mon\n|rule|Item Clause: Limit 1 of each item\n|clearpoke\n|poke|p1|Raging Bolt, L50|\n|poke|p1|Chien-Pao, L50|\n|poke|p1|Calyrex-Shadow, L50|\n|poke|p1|Rillaboom, L50, M|\n|poke|p1|Amoonguss, L50, F|\n|poke|p1|Zamazenta-*, L50|\n|poke|p2|Miraidon, L50|\n|poke|p2|Incineroar, L50, F|\n|poke|p2|Urshifu-*, L50, M|\n|poke|p2|Amoonguss, L50, F|\n|poke|p2|Ninetales-Alola, L50, F|\n|poke|p2|Calyrex-Shadow, L50|\n|teampreview|4\n|inactive|Battle timer is ON: inactive players will automatically lose when time's up. (requested by ozago)\n|\n|t:|1775111824\n|teamsize|p1|4\n|teamsize|p2|4\n|start\n|switch|p1a: Zamazenta|Zamazenta-Crowned, L50|100/100\n|switch|p1b: Rillaboom|Rillaboom, L50, M|100/100\n|switch|p2a: Amoonguss|Amoonguss, L50, F|100/100\n|switch|p2b: Ninetales|Ninetales-Alola, L50, F|100/100\n|-weather|Snowscape|[from] ability: Snow Warning|[of] p2b: Ninetales\n|-ability|p1a: Zamazenta|Dauntless Shield|boost\n|-boost|p1a: Zamazenta|def|1\n|-fieldstart|move: Grassy Terrain|[from] ability: Grassy Surge|[of] p1b: Rillaboom\n|turn|1\n|inactive|sjysjy has 30 seconds left.\n|\n|t:|1775111857\n|move|p2b: Ninetales|Protect|p2b: Ninetales\n|-singleturn|p2b: Ninetales|Protect\n|move|p2a: Amoonguss|Protect|p2a: Amoonguss\n|-singleturn|p2a: Amoonguss|Protect\n|move|p1b: Rillaboom|Fake Out|p2a: Amoonguss\n|-activate|p2a: Amoonguss|move: Protect\n|move|p1a: Zamazenta|Behemoth Bash|p2b: Ninetales\n|-activate|p2b: Ninetales|move: Protect\n|\n|-weather|Snowscape|[upkeep]\n|upkeep\n|turn|2\n|inactive|ozago has 30 seconds left.\n|\n|t:|1775111886\n|move|p2b: Ninetales|Aurora Veil|p2b: Ninetales\n|-sidestart|p2: ozago|move: Aurora Veil\n|move|p1a: Zamazenta|Behemoth Bash|p2b: Ninetales\n|-supereffective|p2b: Ninetales\n|-enditem|p2b: Ninetales|Focus Sash\n|-damage|p2b: Ninetales|1/100\n|move|p1b: Rillaboom|U-turn|p2a: Amoonguss\n|-damage|p2a: Amoonguss|88/100\n|-damage|p1b: Rillaboom|84/100|[from] item: Rocky Helmet|[of] p2a: Amoonguss\n|\n|t:|1775111895\n|switch|p1b: Amoonguss|Amoonguss, L50, F|100/100|[from] U-turn\n|move|p2a: Amoonguss|Spore|p1a: Zamazenta\n|-status|p1a: Zamazenta|slp|[from] move: Spore\n|\n|-weather|Snowscape|[upkeep]\n|-heal|p2b: Ninetales|7/100|[from] Grassy Terrain\n|-heal|p2a: Amoonguss|94/100|[from] Grassy Terrain\n|upkeep\n|turn|3\n|inactive|ozago has 30 seconds left.\n|\n|t:|1775111930\n|switch|p2a: Calyrex|Calyrex-Shadow, L50|100/100\n|-ability|p2a: Calyrex|As One\n|-ability|p2a: Calyrex|Unnerve\n|move|p2b: Ninetales|Blizzard|p1a: Zamazenta|[spread] p1a,p1b\n|-resisted|p1a: Zamazenta\n|-supereffective|p1b: Amoonguss\n|-damage|p1a: Zamazenta|91/100 slp\n|-damage|p1b: Amoonguss|48/100\n|cant|p1a: Zamazenta|slp\n|move|p1b: Amoonguss|Pollen Puff|p2b: Ninetales\n|-resisted|p2b: Ninetales\n|-damage|p2b: Ninetales|0 fnt\n|faint|p2b: Ninetales\n|\n|-weather|Snowscape|[upkeep]\n|-heal|p1a: Zamazenta|96/100 slp|[from] Grassy Terrain\n|-heal|p1b: Amoonguss|53/100|[from] Grassy Terrain\n|upkeep\n|\n|t:|1775111955\n|switch|p2b: Incineroar|Incineroar, L50, F|100/100\n|-ability|p2b: Incineroar|Intimidate|boost\n|-unboost|p1a: Zamazenta|atk|1\n|-unboost|p1b: Amoonguss|atk|1\n|turn|4\n|\n|t:|1775111969\n|switch|p1b: Rillaboom|Rillaboom, L50, M|84/100\n|cant|p1a: Zamazenta|slp\n|move|p2b: Incineroar|Fake Out|p1a: Zamazenta\n|-resisted|p1a: Zamazenta\n|-damage|p1a: Zamazenta|94/100 slp\n|move|p2a: Calyrex|Astral Barrage|p1a: Zamazenta|[spread] p1a,p1b\n|-damage|p1a: Zamazenta|47/100 slp\n|-damage|p1b: Rillaboom|37/100\n|-damage|p2a: Calyrex|91/100|[from] item: Life Orb\n|\n|-weather|Snowscape|[upkeep]\n|-heal|p2a: Calyrex|97/100|[from] Grassy Terrain\n|-heal|p1a: Zamazenta|52/100 slp|[from] Grassy Terrain\n|-heal|p1b: Rillaboom|43/100|[from] Grassy Terrain\n|upkeep\n|turn|5\n|inactive|sjysjy has 30 seconds left.\n|inactive|ozago has 30 seconds left.\n|inactive|sjysjy has 20 seconds left.\n|\n|t:|1775112007\n|move|p2a: Calyrex|Protect|p2a: Calyrex\n|-singleturn|p2a: Calyrex|Protect\n|-curestatus|p1a: Zamazenta|slp|[msg]\n|move|p1a: Zamazenta|Wide Guard|p1a: Zamazenta\n|-singleturn|p1a: Zamazenta|Wide Guard\n|move|p1b: Rillaboom|U-turn|p2a: Calyrex\n|-activate|p2a: Calyrex|move: Protect\n|move|p2b: Incineroar|Flare Blitz|p1a: Zamazenta\n|-supereffective|p1a: Zamazenta\n|-damage|p1a: Zamazenta|8/100\n|-status|p1a: Zamazenta|brn\n|-damage|p2b: Incineroar|85/100|[from] Recoil\n|\n|-weather|none\n|-heal|p2a: Calyrex|100/100|[from] Grassy Terrain\n|-heal|p1a: Zamazenta|14/100 brn|[from] Grassy Terrain\n|-heal|p1b: Rillaboom|49/100|[from] Grassy Terrain\n|-heal|p2b: Incineroar|91/100|[from] Grassy Terrain\n|-damage|p1a: Zamazenta|8/100 brn|[from] brn\n|-fieldend|move: Grassy Terrain\n|upkeep\n|turn|6\n|inactive|ozago has 30 seconds left.\n|\n|t:|1775112036\n|move|p2a: Calyrex|Calm Mind|p2a: Calyrex\n|-boost|p2a: Calyrex|spa|1\n|-boost|p2a: Calyrex|spd|1\n|move|p1a: Zamazenta|Body Press|p2b: Incineroar\n|-supereffective|p2b: Incineroar\n|-damage|p2b: Incineroar|53/100\n|move|p1b: Rillaboom|U-turn|p2a: Calyrex\n|-damage|p2a: Calyrex|81/100\n|\n|t:|1775112045\n|switch|p1b: Calyrex|Calyrex-Shadow, L50|100/100|[from] U-turn\n|-ability|p1b: Calyrex|As One\n|-ability|p1b: Calyrex|Unnerve\n|move|p2b: Incineroar|Flare Blitz|p1b: Calyrex\n|-damage|p1b: Calyrex|34/100\n|-damage|p2b: Incineroar|32/100|[from] Recoil\n|\n|-damage|p1a: Zamazenta|3/100 brn|[from] brn\n|-sideend|p2: ozago|move: Aurora Veil\n|upkeep\n|turn|7\n|inactive|sjysjy has 30 seconds left.\n|inactive|ozago has 30 seconds left.\n|inactive|ozago has 20 seconds left.\n|inactive|ozago has 15 seconds left.\n|\n|t:|1775112090\n|switch|p2b: Amoonguss|Amoonguss, L50, F|100/100\n|-terastallize|p1b: Calyrex|Normal\n|-terastallize|p2a: Calyrex|Fairy\n|move|p1b: Calyrex|Astral Barrage|p2b: Amoonguss|[spread] p2a,p2b\n|-damage|p2a: Calyrex|47/100\n|-damage|p2b: Amoonguss|53/100\n|move|p2a: Calyrex|Astral Barrage|p1b: Calyrex|[spread] p1a\n|-immune|p1b: Calyrex\n|-damage|p1a: Zamazenta|0 fnt\n|faint|p1a: Zamazenta\n|-ability|p2a: Calyrex|Grim Neigh|boost\n|-boost|p2a: Calyrex|spa|1\n|-damage|p2a: Calyrex|37/100|[from] item: Life Orb\n|\n|upkeep\n|\n|t:|1775112102\n|switch|p1a: Rillaboom|Rillaboom, L50, M|49/100\n|-fieldstart|move: Grassy Terrain|[from] ability: Grassy Surge|[of] p1a: Rillaboom\n|turn|8\n|inactive|sjysjy has 30 seconds left.\n|inactive|ozago has 30 seconds left.\n|inactive|sjysjy has 20 seconds left.\n|inactive|ozago has 20 seconds left.\n|\n|t:|1775112141\n|switch|p2b: Incineroar|Incineroar, L50, F|32/100\n|-ability|p2b: Incineroar|Intimidate|boost\n|-unboost|p1a: Rillaboom|atk|1\n|-unboost|p1b: Calyrex|atk|1\n|move|p2a: Calyrex|Protect|p2a: Calyrex\n|-singleturn|p2a: Calyrex|Protect\n|move|p1b: Calyrex|Astral Barrage|p2a: Calyrex|[spread] p2b\n|-activate|p2a: Calyrex|move: Protect\n|-resisted|p2b: Incineroar\n|-damage|p2b: Incineroar|3/100\n|move|p1a: Rillaboom|U-turn|p2b: Incineroar\n|-damage|p2b: Incineroar|0 fnt\n|faint|p2b: Incineroar\n|\n|t:|1775112152\n|switch|p1a: Amoonguss|Amoonguss, L50, F|87/100|[from] U-turn\n|\n|-heal|p1b: Calyrex|40/100|[from] Grassy Terrain\n|-heal|p2a: Calyrex|43/100|[from] Grassy Terrain\n|-heal|p1a: Amoonguss|93/100|[from] Grassy Terrain\n|upkeep\n|\n|t:|1775112155\n|switch|p2b: Amoonguss|Amoonguss, L50, F|86/100\n|turn|9\n|inactive|ozago has 30 seconds left.\n|\n|t:|1775112185\n|move|p1a: Amoonguss|Rage Powder|p1a: Amoonguss\n|-singleturn|p1a: Amoonguss|move: Rage Powder\n|move|p1b: Calyrex|Psychic|p2b: Amoonguss\n|-supereffective|p2b: Amoonguss\n|-damage|p2b: Amoonguss|0 fnt\n|faint|p2b: Amoonguss\n|-ability|p1b: Calyrex|Grim Neigh|boost\n|-boost|p1b: Calyrex|spa|1\n|move|p2a: Calyrex|Draining Kiss|p1a: Amoonguss\n|-resisted|p1a: Amoonguss\n|-damage|p1a: Amoonguss|50/100\n|-heal|p2a: Calyrex|83/100|[from] drain|[of] p1a: Amoonguss\n|-damage|p2a: Calyrex|67/100|[from] item: Rocky Helmet|[of] p1a: Amoonguss\n|-damage|p2a: Calyrex|57/100|[from] item: Life Orb\n|\n|-heal|p1b: Calyrex|47/100|[from] Grassy Terrain\n|-heal|p2a: Calyrex|64/100|[from] Grassy Terrain\n|-heal|p1a: Amoonguss|56/100|[from] Grassy Terrain\n|upkeep\n|turn|10\n|\n|t:|1775112210\n|move|p2a: Calyrex|Protect|p2a: Calyrex\n|-singleturn|p2a: Calyrex|Protect\n|move|p1a: Amoonguss|Rage Powder|p1a: Amoonguss\n|-singleturn|p1a: Amoonguss|move: Rage Powder\n|move|p1b: Calyrex|Astral Barrage|p2a: Calyrex\n|-activate|p2a: Calyrex|move: Protect\n|\n|-heal|p1b: Calyrex|53/100|[from] Grassy Terrain\n|-heal|p2a: Calyrex|70/100|[from] Grassy Terrain\n|-heal|p1a: Amoonguss|62/100|[from] Grassy Terrain\n|upkeep\n|turn|11\n|\n|t:|1775112229\n|move|p1b: Calyrex|Encore|p2a: Calyrex\n|-start|p2a: Calyrex|Encore\n|move|p2a: Calyrex|Protect|p2a: Calyrex\n|-singleturn|p2a: Calyrex|Protect\n|move|p1a: Amoonguss|Spore|p2a: Calyrex\n|-activate|p2a: Calyrex|move: Protect\n|\n|-heal|p1b: Calyrex|59/100|[from] Grassy Terrain\n|-heal|p2a: Calyrex|76/100|[from] Grassy Terrain\n|-heal|p1a: Amoonguss|68/100|[from] Grassy Terrain\n|upkeep\n|turn|12\n|-message|ozago forfeited.\n|\n|win|sjysjy\n|raw|sjysjy's rating: 1095 &rarr; <strong>1121</strong><br />(+26 for winning)\n|raw|ozago's rating: 1096 &rarr; <strong>1072</strong><br />(-24 for losing)\n|l|\u2606ozago\n|player|p2|\n","uploadtime":1775112257,"views":12,"formatid":"gen9vgc2026regi","rating":1072,"private":0,"password":null}