{"id":"gen9vgc2026regi-2564056343","format":"[Gen 9] VGC 2026 Reg I","players":["krangune\u2764","1VLTSQ Joker"],"log":"|raw|<div class=\"broadcast-blue\"><strong>This battle is required to be public due to a player having a name starting with '1vltsq'.</div>\n|j|\u2606krangune\u2764\n|j|\u26061VLTSQ Joker\n|t:|1774105077\n|gametype|doubles\n|player|p1|krangune\u2764|arezu|1506\n|player|p2|1VLTSQ Joker|blue|1564\n|gen|9\n|tier|[Gen 9] VGC 2026 Reg I\n|rated|\n|rule|Species Clause: Limit one of each Pok\u00e9mon\n|rule|Item Clause: Limit 1 of each item\n|clearpoke\n|poke|p1|Miraidon, L50|\n|poke|p1|Ninetales-Alola, L50, M|\n|poke|p1|Zamazenta-*, L50|\n|poke|p1|Incineroar, L50, F|\n|poke|p1|Ogerpon-Cornerstone, L50, F|\n|poke|p1|Flutter Mane, L50|\n|poke|p2|Calyrex-Ice, L50|\n|poke|p2|Smeargle, L50, F|\n|poke|p2|Kyogre, L50|\n|poke|p2|Maushold, L50|\n|poke|p2|Volcarona, L50, F|\n|poke|p2|Chesnaught, L50, M|\n|teampreview|4\nkrangune\u2764 has agreed to open team sheets.\n|c|\u26061VLTSQ Joker|its you\n|c|\u2606krangune\u2764|glhf\n|c|\u26061VLTSQ Joker|youre game is public\n|j| b3testing\n|c|\u2606krangune\u2764|its me?\n|c|\u2606krangune\u2764|okay\n|c|\u26061VLTSQ Joker|dont mind b3testing theyve been scouting every game today\n|c|\u26061VLTSQ Joker|:/\n|n|+b3testing|b3testing\n|n|+b3testing|b3testing\n|c|\u26061VLTSQ Joker|/log b3testing was promoted to Room Voice by 1VLTSQ Joker.\n|n|+b3testing|b3testing\n|c|+b3testing|I want to play games myself but I have to work so I just watch\n|\n|t:|1774105164\n|teamsize|p1|4\n|teamsize|p2|4\n|start\n|switch|p1a: Ogerpon|Ogerpon-Cornerstone, L50, F|100/100\n|switch|p1b: Miraidon|Miraidon, L50|100/100\n|switch|p2a: Calyrex|Calyrex-Ice, L50|100/100\n|switch|p2b: Smeargle|Smeargle, L50, F|100/100\n|-ability|p2a: Calyrex|As One\n|-ability|p2a: Calyrex|Unnerve\n|-fieldstart|move: Electric Terrain|[from] ability: Hadron Engine|[of] p1b: Miraidon\n|turn|1\n|c|+b3testing|Just clicking the highest elo games I see\n|\n|t:|1774105188\n|switch|p1b: Zamazenta|Zamazenta-Crowned, L50|100/100\n|-ability|p1b: Zamazenta|Dauntless Shield|boost\n|-boost|p1b: Zamazenta|def|1\n|-terastallize|p2a: Calyrex|Grass\n|move|p2b: Smeargle|Fake Out|p1b: Zamazenta\n|-resisted|p1b: Zamazenta\n|-damage|p1b: Zamazenta|99/100\n|move|p1a: Ogerpon|Taunt|p2b: Smeargle\n|-start|p2b: Smeargle|move: Taunt\n|move|p2a: Calyrex|Glacial Lance|p1a: Ogerpon|[spread] p1a,p1b\n|-supereffective|p1a: Ogerpon\n|-resisted|p1b: Zamazenta\n|-ability|p1a: Ogerpon|Sturdy\n|-damage|p1a: Ogerpon|1/100\n|-damage|p1b: Zamazenta|87/100\n|\n|-ability|p2b: Smeargle|Moody|boost\n|-boost|p2b: Smeargle|def|2\n|-unboost|p2b: Smeargle|spa|1\n|upkeep\n|turn|2\n|c|\u26061VLTSQ Joker|watching is cool\n|c|\u26061VLTSQ Joker|ive lost 5 in a row\n|c|\u26061VLTSQ Joker|so im vibing\n|\n|t:|1774105221\n|move|p2b: Smeargle|Fake Out||[still]\n|-hint|Fake Out only works on your first turn out.\n|-fail|p2b: Smeargle\n|move|p1b: Zamazenta|Body Press|p2a: Calyrex\n|-damage|p2a: Calyrex|57/100\n|move|p1a: Ogerpon|Ivy Cudgel|p2a: Calyrex|[anim] Ivy Cudgel Rock\n|-crit|p2a: Calyrex\n|-damage|p2a: Calyrex|0 fnt\n|faint|p2a: Calyrex\n|\n|-ability|p2b: Smeargle|Moody|boost\n|-boost|p2b: Smeargle|spa|2\n|-unboost|p2b: Smeargle|spe|1\n|upkeep\n|c|\u26061VLTSQ Joker|okay\n|\n|t:|1774105254\n|switch|p2a: Kyogre|Kyogre, L50|100/100\n|-weather|RainDance|[from] ability: Drizzle|[of] p2a: Kyogre\n|turn|3\n|\n|t:|1774105266\n|switch|p1a: Ninetales|Ninetales-Alola, L50, M|100/100\n|-weather|Snowscape|[from] ability: Snow Warning|[of] p1a: Ninetales\n|-enditem|p1a: Ninetales|Electric Seed\n|-boost|p1a: Ninetales|def|1|[from] item: Electric Seed\n|move|p2b: Smeargle|Fake Out||[still]\n|-hint|Fake Out only works on your first turn out.\n|-fail|p2b: Smeargle\n|move|p2a: Kyogre|Water Spout|p1a: Ninetales|[spread] p1a,p1b\n|-damage|p1a: Ninetales|37/100\n|-damage|p1b: Zamazenta|44/100\n|move|p1b: Zamazenta|Body Press|p2a: Kyogre\n|-damage|p2a: Kyogre|33/100\n|\n|-weather|Snowscape|[upkeep]\n|-ability|p2b: Smeargle|Moody|boost\n|-boost|p2b: Smeargle|spa|2\n|-unboost|p2b: Smeargle|spd|1\n|upkeep\n|turn|4\n|\n|t:|1774105300\n|switch|p2a: Volcarona|Volcarona, L50, F|100/100\n|move|p2b: Smeargle|Fake Out||[still]\n|-hint|Fake Out only works on your first turn out.\n|-fail|p2b: Smeargle\n|move|p1b: Zamazenta|Body Press|p2b: Smeargle\n|-supereffective|p2b: Smeargle\n|-enditem|p2b: Smeargle|Focus Sash\n|-damage|p2b: Smeargle|1/100\n|move|p1a: Ninetales|Aurora Veil|p1a: Ninetales\n|-sidestart|p1: krangune\u2764|move: Aurora Veil\n|\n|-weather|Snowscape|[upkeep]\n|-end|p2b: Smeargle|move: Taunt\n|-ability|p2b: Smeargle|Moody|boost\n|-boost|p2b: Smeargle|spe|2\n|-unboost|p2b: Smeargle|spd|1\n|upkeep\n|turn|5\n|\n|t:|1774105342\n|move|p1b: Zamazenta|Protect|p1b: Zamazenta\n|-singleturn|p1b: Zamazenta|Protect\n|move|p2b: Smeargle|Decorate|p2a: Volcarona\n|-boost|p2a: Volcarona|atk|2\n|-boost|p2a: Volcarona|spa|2\n|move|p1a: Ninetales|Blizzard|p2b: Smeargle|[spread] p2a,p2b\n|-resisted|p2a: Volcarona\n|-damage|p2a: Volcarona|90/100\n|-damage|p2b: Smeargle|0 fnt\n|faint|p2b: Smeargle\n|move|p2a: Volcarona|Flamethrower|p1b: Zamazenta\n|-activate|p1b: Zamazenta|move: Protect\n|\n|-weather|Snowscape|[upkeep]\n|-fieldend|move: Electric Terrain\n|upkeep\n|\n|t:|1774105347\n|switch|p2b: Kyogre|Kyogre, L50|33/100\n|-weather|RainDance|[from] ability: Drizzle|[of] p2b: Kyogre\n|turn|6\n|j| chingling is life\n|\n|t:|1774105375\n|switch|p1a: Miraidon|Miraidon, L50|100/100\n|-fieldstart|move: Electric Terrain|[from] ability: Hadron Engine|[of] p1a: Miraidon\n|move|p1b: Zamazenta|Wide Guard|p1b: Zamazenta\n|-singleturn|p1b: Zamazenta|Wide Guard\n|move|p2b: Kyogre|Hydro Pump|p1b: Zamazenta\n|-damage|p1b: Zamazenta|3/100\n|move|p2a: Volcarona|Flamethrower|p1a: Miraidon\n|-resisted|p1a: Miraidon\n|-damage|p1a: Miraidon|89/100\n|\n|-weather|RainDance|[upkeep]\n|upkeep\n|turn|7\n|c|\u26061VLTSQ Joker|oka\n|\n|t:|1774105408\n|switch|p1b: Ninetales|Ninetales-Alola, L50, M|37/100\n|-weather|Snowscape|[from] ability: Snow Warning|[of] p1b: Ninetales\n|-terastallize|p1a: Miraidon|Electric\n|move|p2b: Kyogre|Hydro Pump|p1a: Miraidon\n|-damage|p1a: Miraidon|50/100\n|move|p1a: Miraidon|Electro Drift|p2a: Volcarona\n|-damage|p2a: Volcarona|0 fnt\n|-damage|p1a: Miraidon|34/100|[from] item: Rocky Helmet|[of] p2a: Volcarona\n|faint|p2a: Volcarona\n|-damage|p1a: Miraidon|25/100|[from] item: Life Orb\n|\n|-weather|Snowscape|[upkeep]\n|upkeep\n|turn|8\n|c|\u26061VLTSQ Joker|gg\n|c|\u26061VLTSQ Joker|6th in a row\n|c|\u26061VLTSQ Joker|ill go for 7\n|c|\u2606krangune\u2764|gg\n|\n|t:|1774105436\n|move|p2b: Kyogre|Hydro Pump|p1a: Miraidon\n|-damage|p1a: Miraidon|0 fnt\n|faint|p1a: Miraidon\n|move|p1b: Ninetales|Blizzard|p2b: Kyogre\n|-resisted|p2b: Kyogre\n|-damage|p2b: Kyogre|20/100\n|\n|-weather|Snowscape|[upkeep]\n|-sideend|p1: krangune\u2764|move: Aurora Veil\n|upkeep\n|c|\u26061VLTSQ Joker|i said ill go for 7\n|\n|t:|1774105455\n|switch|p1a: Zamazenta|Zamazenta-Crowned, L50|3/100\n|turn|9\n|j| Jerald Jimes\n|\n|t:|1774105461\n|move|p1a: Zamazenta|Protect|p1a: Zamazenta\n|-singleturn|p1a: Zamazenta|Protect\n|move|p2b: Kyogre|Hydro Pump|p1a: Zamazenta\n|-activate|p1a: Zamazenta|move: Protect\n|move|p1b: Ninetales|Blizzard|p2b: Kyogre\n|-resisted|p2b: Kyogre\n|-damage|p2b: Kyogre|8/100\n|\n|-weather|Snowscape|[upkeep]\n|upkeep\n|turn|10\n|\n|t:|1774105475\n|move|p2b: Kyogre|Hydro Pump|p1a: Zamazenta\n|-damage|p1a: Zamazenta|0 fnt\n|faint|p1a: Zamazenta\n|move|p1b: Ninetales|Blizzard|p2b: Kyogre\n|-resisted|p2b: Kyogre\n|-damage|p2b: Kyogre|0 fnt\n|faint|p2b: Kyogre\n|\n|win|krangune\u2764\n|raw|krangune\u2764's rating: 1506 &rarr; <strong>1529</strong><br />(+23 for winning)\n|raw|1VLTSQ Joker's rating: 1564 &rarr; <strong>1541</strong><br />(-23 for losing)\n|l|\u26061VLTSQ Joker\n|player|p2|\n|l|\u2606krangune\u2764\n|player|p1|\n|l|+b3testing\n|l| Jerald Jimes\n","uploadtime":1774105625,"views":43,"formatid":"gen9vgc2026regi","rating":1529,"private":0,"password":null}