{"id":"gen9vgc2026regi-2537520447","format":"[Gen 9] VGC 2026 Reg I","players":["U lost da game","j0l0k0"],"log":"|j|\u2606U lost da game\n|j|\u2606j0l0k0\n|t:|1770823742\n|gametype|doubles\n|player|p1|U lost da game|170|1296\n|player|p2|j0l0k0|brycen|1452\n|gen|9\n|tier|[Gen 9] VGC 2026 Reg I\n|rated|\n|rule|Species Clause: Limit one of each Pok\u00e9mon\n|rule|Item Clause: Limit 1 of each item\n|clearpoke\n|poke|p1|Miraidon, L50|\n|poke|p1|Ursaluna, L50, F|\n|poke|p1|Ho-Oh, L50|\n|poke|p1|Incineroar, L50, M|\n|poke|p1|Flutter Mane, L50|\n|poke|p1|Cresselia, L50, F|\n|poke|p2|Calyrex-Ice, L50|\n|poke|p2|Kyogre, L50|\n|poke|p2|Indeedee-F, L50, F|\n|poke|p2|Urshifu-*, L50, F|\n|poke|p2|Amoonguss, L50, F|\n|poke|p2|Landorus, L50, M|\n|teampreview|4\n|inactive|Battle timer is ON: inactive players will automatically lose when time's up. (requested by j0l0k0)\n|\n|t:|1770823764\n|teamsize|p1|4\n|teamsize|p2|4\n|start\n|switch|p1a: Miraidon|Miraidon, L50|100/100\n|switch|p1b: Cresselia|Cresselia, L50, F|100/100\n|switch|p2a: Indeedee|Indeedee-F, L50, F, shiny|100/100\n|switch|p2b: Calyrex|Calyrex-Ice, L50|100/100\n|-ability|p2b: Calyrex|As One\n|-ability|p2b: Calyrex|Unnerve\n|-fieldstart|move: Electric Terrain|[from] ability: Hadron Engine|[of] p1a: Miraidon\n|-fieldstart|move: Psychic Terrain|[from] ability: Psychic Surge|[of] p2a: Indeedee\n|turn|1\n|inactive|U lost da game has 30 seconds left.\n|inactive|U lost da game has 20 seconds left.\n|inactive|U lost da game has 15 seconds left.\n|inactive|U lost da game has 10 seconds left.\n|\n|t:|1770823812\n|move|p2a: Indeedee|Follow Me|p2a: Indeedee\n|-singleturn|p2a: Indeedee|move: Follow Me\n|move|p1a: Miraidon|Volt Switch|p2a: Indeedee\n|-damage|p2a: Indeedee|51/100\n|\n|t:|1770823817\n|switch|p1a: Ho-Oh|Ho-Oh, L50|100/100|[from] Volt Switch\n|move|p2b: Calyrex|Glacial Lance|p1b: Cresselia|[spread] p1a,p1b\n|-crit|p1b: Cresselia\n|-damage|p1a: Ho-Oh|45/100\n|-damage|p1b: Cresselia|34/100\n|move|p1b: Cresselia|Trick Room|p1b: Cresselia\n|-fieldstart|move: Trick Room|[of] p1b: Cresselia\n|\n|upkeep\n|turn|2\n|\n|t:|1770823833\n|-terastallize|p1b: Cresselia|Water\n|move|p1a: Ho-Oh|Protect|p1a: Ho-Oh\n|-singleturn|p1a: Ho-Oh|Protect\n|move|p2a: Indeedee|Follow Me|p2a: Indeedee\n|-singleturn|p2a: Indeedee|move: Follow Me\n|move|p2b: Calyrex|Crunch|p1b: Cresselia\n|-damage|p1b: Cresselia|10/100\n|move|p1b: Cresselia|Trick Room|p1b: Cresselia\n|-fieldend|move: Trick Room\n|\n|upkeep\n|turn|3\n|\n|t:|1770823845\n|move|p2a: Indeedee|Follow Me|p2a: Indeedee\n|-singleturn|p2a: Indeedee|move: Follow Me\n|move|p1a: Ho-Oh|Sacred Fire|p2a: Indeedee\n|-damage|p2a: Indeedee|0 fnt\n|faint|p2a: Indeedee\n|move|p1b: Cresselia|Lunar Blessing|p1b: Cresselia|[spread] p1a,p1b\n|-heal|p1a: Ho-Oh|70/100\n|-heal|p1b: Cresselia|35/100\n|move|p2b: Calyrex|Glacial Lance|p1b: Cresselia|[spread] p1a,p1b\n|-resisted|p1b: Cresselia\n|-damage|p1a: Ho-Oh|10/100\n|-damage|p1b: Cresselia|16/100\n|\n|upkeep\n|\n|t:|1770823855\n|switch|p2a: Urshifu|Urshifu, L50, F|100/100\n|turn|4\n|inactive|U lost da game has 30 seconds left.\n|\n|t:|1770823882\n|-terastallize|p2b: Calyrex|Normal\n|move|p1b: Cresselia|Helping Hand|p1a: Ho-Oh\n|-singleturn|p1a: Ho-Oh|Helping Hand|[of] p1b: Cresselia\n|move|p2a: Urshifu|Wicked Blow|p1b: Cresselia\n|-crit|p1b: Cresselia\n|-damage|p1b: Cresselia|0 fnt\n|faint|p1b: Cresselia\n|move|p1a: Ho-Oh|Sacred Fire|p2b: Calyrex\n|-damage|p2b: Calyrex|44/100\n|-status|p2b: Calyrex|brn\n|move|p2b: Calyrex|Trick Room|p2b: Calyrex\n|-fieldstart|move: Trick Room|[of] p2b: Calyrex\n|\n|-damage|p2b: Calyrex|38/100 brn|[from] brn\n|upkeep\n|\n|t:|1770823894\n|switch|p1b: Ursaluna|Ursaluna, L50, F|100/100\n|turn|5\n|\n|t:|1770823908\n|move|p1b: Ursaluna|Protect|p1b: Ursaluna\n|-singleturn|p1b: Ursaluna|Protect\n|move|p1a: Ho-Oh|Protect|p1a: Ho-Oh\n|-singleturn|p1a: Ho-Oh|Protect\n|move|p2b: Calyrex|Glacial Lance|p1b: Ursaluna|[spread] \n|-activate|p1a: Ho-Oh|move: Protect\n|-activate|p1b: Ursaluna|move: Protect\n|move|p2a: Urshifu|Close Combat|p1b: Ursaluna\n|-supereffective|p1b: Ursaluna\n|-damage|p1b: Ursaluna|0 fnt\n|-unboost|p2a: Urshifu|def|1\n|-unboost|p2a: Urshifu|spd|1\n|faint|p1b: Ursaluna\n|\n|-damage|p2b: Calyrex|32/100 brn|[from] brn\n|-fieldend|move: Psychic Terrain\n|upkeep\n|\n|t:|1770823919\n|switch|p1b: Miraidon|Miraidon, L50|100/100\n|-fieldstart|move: Electric Terrain|[from] ability: Hadron Engine|[of] p1b: Miraidon\n|turn|6\n|\n|t:|1770823928\n|move|p2b: Calyrex|Glacial Lance|p1b: Miraidon|[spread] p1a,p1b\n|-supereffective|p1b: Miraidon\n|-crit|p1b: Miraidon\n|-damage|p1a: Ho-Oh|0 fnt\n|-damage|p1b: Miraidon|4/100\n|faint|p1a: Ho-Oh\n|-ability|p2b: Calyrex|Chilling Neigh|boost\n|-boost|p2b: Calyrex|atk|1\n|move|p2a: Urshifu|Wicked Blow|p1b: Miraidon\n|-crit|p1b: Miraidon\n|-damage|p1b: Miraidon|0 fnt\n|faint|p1b: Miraidon\n|\n|win|j0l0k0\n|raw|U lost da game's rating: 1296 &rarr; <strong>1282</strong><br />(-14 for losing)\n|raw|j0l0k0's rating: 1452 &rarr; <strong>1464</strong><br />(+12 for winning)\n|l|\u2606U lost da game\n|player|p1|\n|l|\u2606j0l0k0\n|player|p2|\n","uploadtime":1770824164,"views":10,"formatid":"gen9vgc2026regi","rating":1282,"private":0,"password":null}