{"id":"gen9vgc2026regi-2560136098","format":"[Gen 9] VGC 2026 Reg I","players":["SycrasisEU","Not_Austin1212"],"log":"|j|\u2606SycrasisEU\n|j|\u2606Not_Austin1212\n|t:|1773657323\n|gametype|doubles\n|player|p1|SycrasisEU|pryce|1108\n|player|p2|Not_Austin1212|102|1120\n|gen|9\n|tier|[Gen 9] VGC 2026 Reg I\n|rated|\n|rule|Species Clause: Limit one of each Pok\u00e9mon\n|rule|Item Clause: Limit 1 of each item\n|clearpoke\n|poke|p1|Dialga, L50|\n|poke|p1|Ursaluna, L50, F|\n|poke|p1|Calyrex-Ice, L50|\n|poke|p1|Rabsca, L50, F|\n|poke|p1|Incineroar, L50, F|\n|poke|p1|Gurdurr, L50, F|\n|poke|p2|Miraidon, L50|\n|poke|p2|Calyrex-Ice, L50|\n|poke|p2|Incineroar, L50, M|\n|poke|p2|Farigiraf, L50, M|\n|poke|p2|Urshifu-*, L50, M|\n|poke|p2|Flutter Mane, L50|\n|teampreview|4\n|inactive|Battle timer is ON: inactive players will automatically lose when time's up. (requested by Not_Austin1212)\nSycrasisEU has agreed to open team sheets.\n|inactive|SycrasisEU has 60 seconds left.\n|inactive|Not_Austin1212 has 60 seconds left.\n|\n|t:|1773657358\n|teamsize|p1|4\n|teamsize|p2|4\n|start\n|switch|p1a: Dialga|Dialga, L50|100/100\n|switch|p1b: Incineroar|Incineroar, L50, F, shiny|100/100\n|switch|p2a: Miraidon|Miraidon, L50|100/100\n|switch|p2b: Incineroar|Incineroar, L50, M|100/100\n|-fieldstart|move: Electric Terrain|[from] ability: Hadron Engine|[of] p2a: Miraidon\n|-ability|p2b: Incineroar|Intimidate|boost\n|-unboost|p1a: Dialga|atk|1\n|-unboost|p1b: Incineroar|atk|1\n|-ability|p1b: Incineroar|Intimidate|boost\n|-unboost|p2a: Miraidon|atk|1\n|-unboost|p2b: Incineroar|atk|1\n|turn|1\n|\n|t:|1773657376\n|switch|p2b: Farigiraf|Farigiraf, L50, M|100/100\n|-terastallize|p2a: Miraidon|Fairy\n|move|p1b: Incineroar|Fake Out||[still]\n|cant|p2b: Farigiraf|ability: Armor Tail|Fake Out|[of] p1b: Incineroar\n|move|p2a: Miraidon|Electro Drift|p1b: Incineroar\n|-damage|p1b: Incineroar|0 fnt\n|faint|p1b: Incineroar\n|-damage|p2a: Miraidon|91/100|[from] item: Life Orb\n|move|p1a: Dialga|Trick Room|p1a: Dialga\n|-fieldstart|move: Trick Room|[of] p1a: Dialga\n|\n|upkeep\n|\n|t:|1773657392\n|switch|p1b: Ursaluna|Ursaluna, L50, F|100/100\n|turn|2\n|\n|t:|1773657417\n|move|p2a: Miraidon|Protect|p2a: Miraidon\n|-singleturn|p2a: Miraidon|Protect\n|move|p1b: Ursaluna|Headlong Rush|p2b: Farigiraf\n|-damage|p2b: Farigiraf|38/100\n|-unboost|p1b: Ursaluna|def|1\n|-unboost|p1b: Ursaluna|spd|1\n|move|p1a: Dialga|Flash Cannon|p2b: Farigiraf\n|-damage|p2b: Farigiraf|0 fnt\n|faint|p2b: Farigiraf\n|\n|-status|p1b: Ursaluna|brn|[from] item: Flame Orb\n|upkeep\n|\n|t:|1773657427\n|switch|p2b: Incineroar|Incineroar, L50, M|100/100\n|-ability|p2b: Incineroar|Intimidate|boost\n|-unboost|p1a: Dialga|atk|1\n|-unboost|p1b: Ursaluna|atk|1\n|turn|3\n|\n|t:|1773657443\n|switch|p1b: Calyrex|Calyrex-Ice, L50|100/100\n|-ability|p1b: Calyrex|As One\n|-ability|p1b: Calyrex|Unnerve\n|move|p1a: Dialga|Protect|p1a: Dialga\n|-singleturn|p1a: Dialga|Protect\n|move|p2b: Incineroar|Fake Out|p1b: Calyrex\n|-damage|p1b: Calyrex|93/100\n|move|p2a: Miraidon|Dazzling Gleam|p1a: Dialga|[spread] p1b\n|-activate|p1a: Dialga|move: Protect\n|-damage|p1b: Calyrex|51/100\n|-damage|p2a: Miraidon|81/100|[from] item: Life Orb\n|\n|upkeep\n|turn|4\n|inactive|SycrasisEU has 30 seconds left.\n|\n|t:|1773657473\n|switch|p1b: Ursaluna|Ursaluna, L50, F|100/100 brn\n|move|p2a: Miraidon|Protect|p2a: Miraidon\n|-singleturn|p2a: Miraidon|Protect\n|move|p2b: Incineroar|Flare Blitz|p1b: Ursaluna\n|-damage|p1b: Ursaluna|64/100 brn\n|-damage|p2b: Incineroar|86/100|[from] Recoil\n|move|p1a: Dialga|Flash Cannon|p2a: Miraidon\n|-activate|p2a: Miraidon|move: Protect\n|\n|-damage|p1b: Ursaluna|58/100 brn|[from] brn\n|upkeep\n|turn|5\n|\n|t:|1773657490\n|switch|p2a: Calyrex|Calyrex-Ice, L50|100/100\n|-ability|p2a: Calyrex|As One\n|-ability|p2a: Calyrex|Unnerve\n|move|p1b: Ursaluna|Earthquake|p2b: Incineroar|[spread] p2a,p2b\n|-activate|p1a: Dialga|ability: Telepathy\n|-supereffective|p2b: Incineroar\n|-damage|p2a: Calyrex|58/100\n|-damage|p2b: Incineroar|0 fnt\n|faint|p2b: Incineroar\n|move|p1a: Dialga|Flash Cannon|p2a: Calyrex\n|-supereffective|p2a: Calyrex\n|-crit|p2a: Calyrex\n|-damage|p2a: Calyrex|0 fnt\n|faint|p2a: Calyrex\n|\n|-damage|p1b: Ursaluna|52/100 brn|[from] brn\n|-fieldend|move: Trick Room\n|-fieldend|move: Electric Terrain\n|upkeep\n|\n|t:|1773657500\n|switch|p2b: Miraidon|Miraidon, L50, tera:Fairy|81/100\n|-fieldstart|move: Electric Terrain|[from] ability: Hadron Engine|[of] p2b: Miraidon\n|turn|6\n|\n|t:|1773657512\n|move|p1b: Ursaluna|Protect|p1b: Ursaluna\n|-singleturn|p1b: Ursaluna|Protect\n|move|p2b: Miraidon|Dazzling Gleam|p1b: Ursaluna|[spread] p1a\n|-activate|p1b: Ursaluna|move: Protect\n|-damage|p1a: Dialga|57/100\n|-damage|p2b: Miraidon|71/100|[from] item: Life Orb\n|move|p1a: Dialga|Trick Room|p1a: Dialga\n|-fieldstart|move: Trick Room|[of] p1a: Dialga\n|\n|-damage|p1b: Ursaluna|46/100 brn|[from] brn\n|upkeep\n|turn|7\n|\n|t:|1773657520\n|move|p1b: Ursaluna|Facade|p2b: Miraidon\n|-damage|p2b: Miraidon|0 fnt\n|faint|p2b: Miraidon\n|\n|win|SycrasisEU\n|raw|SycrasisEU's rating: 1108 &rarr; <strong>1134</strong><br />(+26 for winning)\n|raw|Not_Austin1212's rating: 1120 &rarr; <strong>1094</strong><br />(-26 for losing)\n|l|\u2606Not_Austin1212\n|player|p2|\n|l|\u2606SycrasisEU\n|player|p1|\n","uploadtime":1773657910,"views":10,"formatid":"gen9vgc2026regi","rating":1094,"private":0,"password":null}