{"id":"gen9vgc2026regi-2572393283","format":"[Gen 9] VGC 2026 Reg I","players":["pigs2fly","Kwiper"],"log":"|j|\u2606pigs2fly\n|j|\u2606Kwiper\n|t:|1775017603\n|gametype|doubles\n|player|p1|pigs2fly|dexio|1615\n|player|p2|Kwiper|sycamore|1580\n|gen|9\n|tier|[Gen 9] VGC 2026 Reg I\n|rated|\n|rule|Species Clause: Limit one of each Pok\u00e9mon\n|rule|Item Clause: Limit 1 of each item\n|clearpoke\n|poke|p1|Annihilape, L50, M|\n|poke|p1|Roaring Moon, L50|\n|poke|p1|Dondozo, L50, M|\n|poke|p1|Tatsugiri, L50, F|\n|poke|p1|Zacian-*, L50|\n|poke|p1|Kyogre, L50|\n|poke|p2|Koraidon, L50|\n|poke|p2|Lunala, L50|\n|poke|p2|Indeedee-F, L50, F|\n|poke|p2|Flutter Mane, L50|\n|poke|p2|Volcarona, L50, F|\n|poke|p2|Ursaluna, L50, M|\n|teampreview|4\n|inactive|Battle timer is ON: inactive players will automatically lose when time's up. (requested by Kwiper)\n|\n|t:|1775017625\n|teamsize|p1|4\n|teamsize|p2|4\n|start\n|switch|p1a: Kyogre|Kyogre, L50|100/100\n|switch|p1b: Zacian|Zacian-Crowned, L50, shiny|100/100\n|switch|p2a: Lunala|Lunala, L50, shiny|100/100\n|switch|p2b: Indeedee|Indeedee-F, L50, F|100/100\n|-ability|p1b: Zacian|Intrepid Sword|boost\n|-boost|p1b: Zacian|atk|1\n|-weather|RainDance|[from] ability: Drizzle|[of] p1a: Kyogre\n|-fieldstart|move: Psychic Terrain|[from] ability: Psychic Surge|[of] p2b: Indeedee\n|turn|1\n|\n|t:|1775017640\n|-terastallize|p2a: Lunala|Water\n|move|p2b: Indeedee|Helping Hand|p2a: Lunala\n|-singleturn|p2a: Lunala|Helping Hand|[of] p2b: Indeedee\n|move|p1b: Zacian|Crunch|p2a: Lunala\n|-damage|p2a: Lunala|82/100\n|move|p2a: Lunala|Meteor Beam||[still]\n|-prepare|p2a: Lunala|Meteor Beam\n|-boost|p2a: Lunala|spa|1\n|-enditem|p2a: Lunala|Power Herb\n|-anim|p2a: Lunala|Meteor Beam|p1a: Kyogre\n|-damage|p1a: Kyogre|53/100\n|move|p1a: Kyogre|Origin Pulse|p2a: Lunala|[spread] p2a,p2b\n|-resisted|p2a: Lunala\n|-damage|p2a: Lunala|52/100\n|-damage|p2b: Indeedee|28/100\n|\n|-weather|RainDance|[upkeep]\n|upkeep\n|turn|2\n|j| magicarpisthegoat\n|\n|t:|1775017661\n|move|p2b: Indeedee|Follow Me|p2b: Indeedee\n|-singleturn|p2b: Indeedee|move: Follow Me\n|move|p1b: Zacian|Play Rough|p2b: Indeedee\n|-damage|p2b: Indeedee|0 fnt\n|faint|p2b: Indeedee\n|move|p2a: Lunala|Expanding Force|p1a: Kyogre|[spread] p1a,p1b\n|-resisted|p1b: Zacian\n|-damage|p1a: Kyogre|10/100\n|-damage|p1b: Zacian|63/100\n|move|p1a: Kyogre|Origin Pulse|p2a: Lunala|[miss]\n|-miss|p1a: Kyogre|p2a: Lunala\n|\n|-weather|RainDance|[upkeep]\n|upkeep\n|\n|t:|1775017672\n|switch|p2b: Volcarona|Volcarona, L50, F|100/100\n|turn|3\n|\n|t:|1775017677\n|switch|p1b: Tatsugiri|Tatsugiri, L50, F|100/100\n|switch|p1a: Dondozo|Dondozo, L50, M|100/100\n|-activate|p1b: Tatsugiri|ability: Commander|[of] p1a: Dondozo\n|-boost|p1a: Dondozo|atk|2\n|-boost|p1a: Dondozo|spa|2\n|-boost|p1a: Dondozo|spe|2\n|-boost|p1a: Dondozo|def|2\n|-boost|p1a: Dondozo|spd|2\n|move|p2b: Volcarona|Rage Powder|p2b: Volcarona\n|-singleturn|p2b: Volcarona|move: Rage Powder\n|move|p2a: Lunala|Expanding Force|p1b: Tatsugiri|[spread] p1a\n|-miss|p2a: Lunala|p1b: Tatsugiri\n|-damage|p1a: Dondozo|74/100\n|\n|-weather|RainDance|[upkeep]\n|-heal|p1a: Dondozo|80/100|[from] item: Leftovers\n|upkeep\n|turn|4\n|\n|t:|1775017684\n|switch|p2b: Koraidon|Koraidon, L50, shiny|100/100\n|-weather|SunnyDay|[from] ability: Orichalcum Pulse|[of] p2b: Koraidon\n|-activate|p2b: Koraidon|Orichalcum Pulse|[source]\n|move|p1a: Dondozo|Earthquake|p2b: Koraidon|[spread] p2a,p2b\n|-miss|p1a: Dondozo|p1b: Tatsugiri\n|-damage|p2a: Lunala|19/100\n|-damage|p2b: Koraidon|59/100\n|move|p2a: Lunala|Moongeist Beam|p1a: Dondozo\n|-damage|p1a: Dondozo|48/100\n|\n|-weather|SunnyDay|[upkeep]\n|-heal|p1a: Dondozo|55/100|[from] item: Leftovers\n|upkeep\n|turn|5\n|\n|t:|1775017693\n|switch|p2b: Volcarona|Volcarona, L50, F|100/100\n|move|p1a: Dondozo|Protect|p1a: Dondozo\n|-singleturn|p1a: Dondozo|Protect\n|move|p2a: Lunala|Moongeist Beam|p1a: Dondozo\n|-activate|p1a: Dondozo|move: Protect\n|\n|-weather|SunnyDay|[upkeep]\n|-heal|p1a: Dondozo|61/100|[from] item: Leftovers\n|-fieldend|move: Psychic Terrain\n|upkeep\n|turn|6\n|\n|t:|1775017701\n|move|p2a: Lunala|Wide Guard|p2a: Lunala\n|-singleturn|p2a: Lunala|Wide Guard\n|move|p1a: Dondozo|Earthquake|p2b: Volcarona|[spread] \n|-miss|p1a: Dondozo|p1b: Tatsugiri\n|-activate|p2a: Lunala|move: Wide Guard\n|-activate|p2b: Volcarona|move: Wide Guard\n|move|p2b: Volcarona|Will-O-Wisp|p1a: Dondozo\n|-status|p1a: Dondozo|brn\n|\n|-weather|SunnyDay|[upkeep]\n|-heal|p1a: Dondozo|67/100 brn|[from] item: Leftovers\n|-damage|p1a: Dondozo|61/100 brn|[from] brn\n|upkeep\n|turn|7\n|\n|t:|1775017708\n|move|p2b: Volcarona|Rage Powder|p2b: Volcarona\n|-singleturn|p2b: Volcarona|move: Rage Powder\n|move|p1a: Dondozo|Order Up|p2b: Volcarona\n|-damage|p2b: Volcarona|78/100\n|-boost|p1a: Dondozo|atk|1\n|move|p2a: Lunala|Moongeist Beam|p1a: Dondozo\n|-damage|p1a: Dondozo|24/100 brn\n|\n|-weather|SunnyDay|[upkeep]\n|-heal|p1a: Dondozo|30/100 brn|[from] item: Leftovers\n|-damage|p1a: Dondozo|24/100 brn|[from] brn\n|upkeep\n|turn|8\n|\n|t:|1775017715\n|move|p2a: Lunala|Wide Guard|p2a: Lunala\n|-singleturn|p2a: Lunala|Wide Guard\n|move|p1a: Dondozo|Earthquake|p2a: Lunala|[spread] \n|-miss|p1a: Dondozo|p1b: Tatsugiri\n|-activate|p2a: Lunala|move: Wide Guard\n|-activate|p2b: Volcarona|move: Wide Guard\n|move|p2b: Volcarona|Tailwind|p2b: Volcarona\n|-sidestart|p2: Kwiper|move: Tailwind\n|\n|-weather|none\n|-heal|p1a: Dondozo|30/100 brn|[from] item: Leftovers\n|-damage|p1a: Dondozo|24/100 brn|[from] brn\n|upkeep\n|turn|9\n|\n|t:|1775017720\n|move|p1a: Dondozo|Protect|p1a: Dondozo\n|-singleturn|p1a: Dondozo|Protect\n|move|p2a: Lunala|Moongeist Beam|p1a: Dondozo\n|-activate|p1a: Dondozo|move: Protect\n|move|p2b: Volcarona|Struggle Bug|p1b: Tatsugiri|[spread] \n|-miss|p2b: Volcarona|p1b: Tatsugiri\n|-activate|p1a: Dondozo|move: Protect\n|\n|-heal|p1a: Dondozo|30/100 brn|[from] item: Leftovers\n|-damage|p1a: Dondozo|24/100 brn|[from] brn\n|upkeep\n|turn|10\n|\n|t:|1775017733\n|move|p1a: Dondozo|Protect||[still]\n|-fail|p1a: Dondozo\n|move|p2a: Lunala|Moongeist Beam|p1a: Dondozo\n|-damage|p1a: Dondozo|0 fnt\n|faint|p1a: Dondozo\n|move|p2b: Volcarona|Struggle Bug|p1b: Tatsugiri\n|-damage|p1b: Tatsugiri|69/100\n|-unboost|p1b: Tatsugiri|spa|1\n|\n|upkeep\n|\n|t:|1775017740\n|switch|p1a: Zacian|Zacian-Crowned, L50, shiny|63/100\n|turn|11\n|\n|t:|1775017744\n|move|p1a: Zacian|Protect|p1a: Zacian\n|-singleturn|p1a: Zacian|Protect\n|move|p1b: Tatsugiri|Protect|p1b: Tatsugiri\n|-singleturn|p1b: Tatsugiri|Protect\n|move|p2b: Volcarona|Rage Powder|p2b: Volcarona\n|-singleturn|p2b: Volcarona|move: Rage Powder\n|move|p2a: Lunala|Moongeist Beam|p1b: Tatsugiri\n|-activate|p1b: Tatsugiri|move: Protect\n|\n|-sideend|p2: Kwiper|move: Tailwind\n|upkeep\n|turn|12\n|\n|t:|1775017760\n|-terastallize|p1b: Tatsugiri|Stellar\n|move|p2b: Volcarona|Rage Powder|p2b: Volcarona\n|-singleturn|p2b: Volcarona|move: Rage Powder\n|move|p1a: Zacian|Crunch|p2b: Volcarona\n|-damage|p2b: Volcarona|47/100\n|-damage|p1a: Zacian|46/100|[from] item: Rocky Helmet|[of] p2b: Volcarona\n|move|p1b: Tatsugiri|Muddy Water|p2b: Volcarona|[spread] p2a,p2b\n|-resisted|p2a: Lunala\n|-supereffective|p2b: Volcarona\n|-damage|p2a: Lunala|9/100\n|-damage|p2b: Volcarona|1/100\n|move|p2a: Lunala|Moongeist Beam|p1b: Tatsugiri\n|-damage|p1b: Tatsugiri|0 fnt\n|faint|p1b: Tatsugiri\n|\n|upkeep\n|\n|t:|1775017767\n|switch|p1b: Kyogre|Kyogre, L50|10/100\n|-weather|RainDance|[from] ability: Drizzle|[of] p1b: Kyogre\n|turn|13\n|\n|t:|1775017771\n|move|p2b: Volcarona|Rage Powder|p2b: Volcarona\n|-singleturn|p2b: Volcarona|move: Rage Powder\n|move|p1a: Zacian|Behemoth Blade|p2b: Volcarona\n|-resisted|p2b: Volcarona\n|-damage|p2b: Volcarona|0 fnt\n|-damage|p1a: Zacian|29/100|[from] item: Rocky Helmet|[of] p2b: Volcarona\n|faint|p2b: Volcarona\n|move|p2a: Lunala|Moongeist Beam|p1b: Kyogre\n|-damage|p1b: Kyogre|0 fnt\n|faint|p1b: Kyogre\n|\n|-weather|RainDance|[upkeep]\n|upkeep\n|\n|t:|1775017774\n|switch|p2b: Koraidon|Koraidon, L50, shiny|59/100\n|-weather|SunnyDay|[from] ability: Orichalcum Pulse|[of] p2b: Koraidon\n|-activate|p2b: Koraidon|Orichalcum Pulse|[source]\n|turn|14\n|-message|pigs2fly forfeited.\n|\n|win|Kwiper\n|raw|pigs2fly's rating: 1615 &rarr; <strong>1593</strong><br />(-22 for losing)\n|raw|Kwiper's rating: 1580 &rarr; <strong>1602</strong><br />(+22 for winning)\n","uploadtime":1775017781,"views":34,"formatid":"gen9vgc2026regi","rating":1593,"private":0,"password":null}