{"id":"gen9vgc2026regi-2577936848","format":"[Gen 9] VGC 2026 Reg I","players":["datbishgames","zoreoh"],"log":"|j|\u2606datbishgames\n|j|\u2606zoreoh\n|t:|1775623115\n|gametype|doubles\n|player|p1|datbishgames|mira|1275\n|player|p2|zoreoh|lady-gen4|1194\n|gen|9\n|tier|[Gen 9] VGC 2026 Reg I\n|rated|\n|rule|Species Clause: Limit one of each Pok\u00e9mon\n|rule|Item Clause: Limit 1 of each item\n|clearpoke\n|poke|p1|Dialga-Origin, L50|\n|poke|p1|Ho-Oh, L50|\n|poke|p1|Rotom-Wash, L50|\n|poke|p1|Amoonguss, L50, M|\n|poke|p1|Ursaluna, L50, F|\n|poke|p1|Zoroark-Hisui, L50, M|\n|poke|p2|Groudon, L50|\n|poke|p2|Calyrex-Shadow, L50|\n|poke|p2|Sableye, L50, M|\n|poke|p2|Chi-Yu, L50|\n|poke|p2|Farigiraf, L50, F|\n|poke|p2|Jumpluff, L50, M|\n|teampreview|4\n|inactive|Battle timer is ON: inactive players will automatically lose when time's up. (requested by datbishgames)\n|\n|t:|1775623138\n|teamsize|p1|4\n|teamsize|p2|4\n|start\n|switch|p1a: Ho-Oh|Ho-Oh, L50|100/100\n|switch|p1b: Dialga|Dialga-Origin, L50|100/100\n|switch|p2a: Sableye|Sableye, L50, M|100/100\n|switch|p2b: Jumpluff|Jumpluff, L50, M|100/100\n|turn|1\n|\n|t:|1775623154\n|-terastallize|p1a: Ho-Oh|Grass\n|move|p1b: Dialga|Protect|p1b: Dialga\n|-singleturn|p1b: Dialga|Protect\n|move|p2a: Sableye|Gravity|p2a: Sableye\n|-fieldstart|move: Gravity\n|move|p2b: Jumpluff|Sleep Powder|p1a: Ho-Oh\n|-immune|p1a: Ho-Oh\n|move|p1a: Ho-Oh|Tailwind|p1a: Ho-Oh\n|-sidestart|p1: datbishgames|move: Tailwind\n|\n|upkeep\n|turn|2\n|inactive|zoreoh has 30 seconds left.\n|\n|t:|1775623186\n|move|p1b: Dialga|Icy Wind|p2b: Jumpluff|[spread] p2a,p2b\n|-supereffective|p2b: Jumpluff\n|-damage|p2a: Sableye|85/100\n|-damage|p2b: Jumpluff|46/100\n|-unboost|p2a: Sableye|spe|1\n|-unboost|p2b: Jumpluff|spe|1\n|-enditem|p2a: Sableye|Eject Button\n|\n|t:|1775623200\n|switch|p2a: Calyrex|Calyrex-Shadow, L50|100/100\n|-ability|p2a: Calyrex|As One\n|-ability|p2a: Calyrex|Unnerve\n|move|p1a: Ho-Oh|Sacred Fire|p2b: Jumpluff\n|-supereffective|p2b: Jumpluff\n|-damage|p2b: Jumpluff|0 fnt\n|faint|p2b: Jumpluff\n|\n|upkeep\n|\n|t:|1775623212\n|switch|p2b: Sableye|Sableye, L50, M|85/100\n|turn|3\n|\n|t:|1775623228\n|move|p2b: Sableye|Fake Out|p1b: Dialga\n|-immune|p1b: Dialga\n|move|p1b: Dialga|Bitter Malice|p2b: Sableye\n|-damage|p2b: Sableye|43/100\n|-unboost|p2b: Sableye|atk|1\n|move|p1a: Ho-Oh|Sacred Fire|p2b: Sableye\n|-damage|p2b: Sableye|0 fnt\n|faint|p2b: Sableye\n|move|p2a: Calyrex|Astral Barrage|p1b: Dialga|[spread] p1a\n|-immune|p1b: Dialga\n|-damage|p1a: Ho-Oh|69/100\n|\n|upkeep\n|\n|t:|1775623244\n|switch|p2b: Groudon|Groudon, L50|100/100\n|-weather|SunnyDay|[from] ability: Drought|[of] p2b: Groudon\n|turn|4\n|\n|t:|1775623254\n|-terastallize|p2a: Calyrex|Dark\n|move|p1b: Dialga|Icy Wind|p2a: Calyrex|[spread] p2a,p2b\n|-supereffective|p2b: Groudon\n|-damage|p2a: Calyrex|87/100\n|-damage|p2b: Groudon|73/100\n|-unboost|p2a: Calyrex|spe|1\n|-unboost|p2b: Groudon|spe|1\n|move|p1a: Ho-Oh|Sacred Fire|p2b: Groudon\n|-damage|p2b: Groudon|20/100\n|move|p2a: Calyrex|Astral Barrage|p1b: Dialga|[spread] p1a\n|-immune|p1b: Dialga\n|-damage|p1a: Ho-Oh|36/100\n|move|p2b: Groudon|Precipice Blades|p1a: Ho-Oh|[spread] p1a,p1b\n|-resisted|p1a: Ho-Oh\n|-damage|p1a: Ho-Oh|2/100\n|-enditem|p1b: Dialga|Focus Sash\n|-damage|p1b: Dialga|1/100\n|replace|p1b: Zoroark|Zoroark-Hisui, L50, M\n|-end|p1b: Zoroark|Illusion\n|\n|-weather|SunnyDay|[upkeep]\n|-sideend|p1: datbishgames|move: Tailwind\n|upkeep\n|turn|5\n|-message|zoreoh forfeited.\n|\n|win|datbishgames\n|raw|datbishgames's rating: 1275 &rarr; <strong>1294</strong><br />(+19 for winning)\n|raw|zoreoh's rating: 1194 &rarr; <strong>1175</strong><br />(-19 for losing)\n|l|\u2606zoreoh\n|player|p2|\n|l|\u2606datbishgames\n|player|p1|\n","uploadtime":1775623441,"views":7,"formatid":"gen9vgc2026regi","rating":1175,"private":0,"password":null}