{"id":"gen9vgc2026regi-2526504237","format":"[Gen 9] VGC 2026 Reg I","players":["Shirena","marcxhenry"],"log":"|j|\u2606Shirena\n|j|\u2606marcxhenry\n|t:|1769426395\n|gametype|doubles\n|player|p1|Shirena|rosa|1342\n|player|p2|marcxhenry|hilbert-wonderlauncher|1467\n|gen|9\n|tier|[Gen 9] VGC 2026 Reg I\n|rated|\n|rule|Species Clause: Limit one of each Pok\u00e9mon\n|rule|Item Clause: Limit 1 of each item\n|clearpoke\n|poke|p1|Miraidon, L50|\n|poke|p1|Whimsicott, L50, F|\n|poke|p1|Lunala, L50|\n|poke|p1|Ursaluna, L50, F|\n|poke|p1|Urshifu-*, L50, M|\n|poke|p1|Incineroar, L50, M|\n|poke|p2|Calyrex-Shadow, L50|\n|poke|p2|Urshifu-*, L50, M|\n|poke|p2|Roaring Moon, L50|\n|poke|p2|Kyogre, L50|\n|poke|p2|Tsareena, L50, F|\n|poke|p2|Kingambit, L50, M|\n|teampreview|4\n|inactive|Battle timer is ON: inactive players will automatically lose when time's up. (requested by Shirena)\n|\n|t:|1769426423\n|teamsize|p1|4\n|teamsize|p2|4\n|start\n|switch|p1a: Miraidon|Miraidon, L50|100/100\n|switch|p1b: Whimsicott|Whimsicott, L50, F|100/100\n|switch|p2a: Ludwig|Calyrex-Shadow, L50|100/100\n|switch|p2b: Roter Baron|Roaring Moon, L50, shiny|100/100\n|-ability|p2a: Ludwig|As One\n|-ability|p2a: Ludwig|Unnerve\n|-fieldstart|move: Electric Terrain|[from] ability: Hadron Engine|[of] p1a: Miraidon\n|-enditem|p2b: Roter Baron|Booster Energy\n|-activate|p2b: Roter Baron|ability: Protosynthesis|[fromitem]\n|-start|p2b: Roter Baron|protosynthesisspe\n|turn|1\n|\n|t:|1769426441\n|-terastallize|p2b: Roter Baron|Flying\n|move|p1b: Whimsicott|Tailwind|p1b: Whimsicott\n|-sidestart|p1: Shirena|move: Tailwind\n|move|p1a: Miraidon|Volt Switch|p2b: Roter Baron\n|-supereffective|p2b: Roter Baron\n|-damage|p2b: Roter Baron|0 fnt\n|faint|p2b: Roter Baron\n|-end|p2b: Roter Baron|Protosynthesis|[silent]\n|\n|t:|1769426447\n|switch|p1a: Urshifu|Urshifu-Rapid-Strike, L50, M|100/100|[from] Volt Switch\n|move|p2a: Ludwig|Trick Room|p2a: Ludwig\n|-fieldstart|move: Trick Room|[of] p2a: Ludwig\n|\n|upkeep\n|\n|t:|1769426451\n|switch|p2b: Eva|Tsareena, L50, F, shiny|100/100\n|turn|2\n|\n|t:|1769426460\n|-terastallize|p1a: Urshifu|Water\n|move|p1b: Whimsicott|Light Screen|p1b: Whimsicott\n|-sidestart|p1: Shirena|move: Light Screen\n|move|p2b: Eva|Power Whip|p1a: Urshifu\n|-supereffective|p1a: Urshifu\n|-damage|p1a: Urshifu|0 fnt\n|faint|p1a: Urshifu\n|move|p2a: Ludwig|Astral Barrage|p1b: Whimsicott\n|-crit|p1b: Whimsicott\n|-enditem|p1b: Whimsicott|Focus Sash\n|-damage|p1b: Whimsicott|1/100\n|\n|upkeep\n|\n|t:|1769426469\n|switch|p1a: Lunala|Lunala, L50|100/100\n|turn|3\n|\n|t:|1769426475\n|move|p1a: Lunala|Wide Guard|p1a: Lunala\n|-singleturn|p1a: Lunala|Wide Guard\n|move|p2b: Eva|Triple Axel|p1b: Whimsicott\n|-supereffective|p1b: Whimsicott\n|-damage|p1b: Whimsicott|0 fnt\n|faint|p1b: Whimsicott\n|-hitcount|p1: Whimsicott|1\n|move|p2a: Ludwig|Astral Barrage|p1a: Lunala\n|-activate|p1a: Lunala|move: Wide Guard\n|\n|upkeep\n|\n|t:|1769426480\n|switch|p1b: Miraidon|Miraidon, L50|100/100\n|-activate|p1b: Miraidon|ability: Hadron Engine\n|turn|4\n|\n|t:|1769426489\n|move|p2a: Ludwig|Protect|p2a: Ludwig\n|-singleturn|p2a: Ludwig|Protect\n|move|p1a: Lunala|Wide Guard|p1a: Lunala\n|-singleturn|p1a: Lunala|Wide Guard\n|move|p2b: Eva|Triple Axel|p1b: Miraidon\n|-supereffective|p1b: Miraidon\n|-damage|p1b: Miraidon|84/100\n|-supereffective|p1b: Miraidon\n|-damage|p1b: Miraidon|54/100\n|-supereffective|p1b: Miraidon\n|-damage|p1b: Miraidon|4/100\n|-hitcount|p1b: Miraidon|3\n|move|p1b: Miraidon|Discharge|p2b: Eva|[spread] p2b\n|-activate|p1a: Lunala|move: Wide Guard\n|-activate|p2a: Ludwig|move: Protect\n|-resisted|p2b: Eva\n|-damage|p2b: Eva|50/100\n|-status|p2b: Eva|par\n|\n|-sideend|p1: Shirena|move: Tailwind\n|upkeep\n|turn|5\n|inactive|Shirena has 30 seconds left.\n|inactive|marcxhenry has 30 seconds left.\n|\n|t:|1769426517\n|move|p1a: Lunala|Wide Guard|p1a: Lunala\n|-singleturn|p1a: Lunala|Wide Guard\n|cant|p2b: Eva|par\n|move|p1b: Miraidon|Discharge|p2b: Eva|[spread] p2a,p2b\n|-activate|p1a: Lunala|move: Wide Guard\n|-resisted|p2b: Eva\n|-damage|p2a: Ludwig|22/100\n|-damage|p2b: Eva|0 fnt\n|faint|p2b: Eva\n|move|p2a: Ludwig|Astral Barrage|p1a: Lunala|[spread] \n|-activate|p1a: Lunala|move: Wide Guard\n|-activate|p1b: Miraidon|move: Wide Guard\n|\n|-fieldend|move: Trick Room\n|-fieldend|move: Electric Terrain\n|upkeep\n|\n|t:|1769426531\n|switch|p2b: Tripitz|Kyogre, L50, shiny|100/100\n|-weather|RainDance|[from] ability: Drizzle|[of] p2b: Tripitz\n|turn|6\n|\n|t:|1769426539\n|move|p1a: Lunala|Wide Guard|p1a: Lunala\n|-singleturn|p1a: Lunala|Wide Guard\n|move|p2a: Ludwig|Psychic|p1b: Miraidon\n|-damage|p1b: Miraidon|0 fnt\n|faint|p1b: Miraidon\n|-ability|p2a: Ludwig|Grim Neigh|boost\n|-boost|p2a: Ludwig|spa|1\n|move|p2b: Tripitz|Hydro Pump|p1a: Lunala\n|-damage|p1a: Lunala|73/100\n|\n|-weather|RainDance|[upkeep]\n|-sideend|p1: Shirena|move: Light Screen\n|upkeep\n|turn|7\n|-message|Shirena forfeited.\n|\n|win|marcxhenry\n|raw|Shirena's rating: 1342 &rarr; <strong>1329</strong><br />(-13 for losing)\n|raw|marcxhenry's rating: 1467 &rarr; <strong>1480</strong><br />(+13 for winning)\n|l|\u2606Shirena\n|player|p1|\n|l|\u2606marcxhenry\n|player|p2|\n","uploadtime":1769426792,"views":13,"formatid":"gen9vgc2026regi","rating":1329,"private":0,"password":null}