{"id":"gen9vgc2026regi-2568183548","format":"[Gen 9] VGC 2026 Reg I","players":["TheNamesBetty","Ninjakirby7"],"log":"|j|\u2606TheNamesBetty\n|j|\u2606Ninjakirby7\n|t:|1774553916\n|gametype|doubles\n|player|p1|TheNamesBetty|koga|1257\n|player|p2|Ninjakirby7|102|1247\n|gen|9\n|tier|[Gen 9] VGC 2026 Reg I\n|rated|\n|rule|Species Clause: Limit one of each Pok\u00e9mon\n|rule|Item Clause: Limit 1 of each item\n|clearpoke\n|poke|p1|Tornadus, L50, M|\n|poke|p1|Calyrex-Shadow, L50|\n|poke|p1|Indeedee-F, L50, F|\n|poke|p1|Dragonite, L50, F|\n|poke|p1|Zamazenta-*, L50|\n|poke|p1|Cramorant, L50, F|\n|poke|p2|Calyrex-Shadow, L50|\n|poke|p2|Zamazenta-*, L50|\n|poke|p2|Urshifu-*, L50, F|\n|poke|p2|Chi-Yu, L50|\n|poke|p2|Whimsicott, L50, F|\n|poke|p2|Rillaboom, L50, M|\n|teampreview|4\n|\n|t:|1774553935\n|teamsize|p1|4\n|teamsize|p2|4\n|start\n|switch|p1a: Leti\u0161t\u011b|Tornadus, L50, M|100/100\n|switch|p1b: Kedluben na Koni|Calyrex-Shadow, L50|100/100\n|switch|p2a: Whimsicott|Whimsicott, L50, F, shiny|100/100\n|switch|p2b: Chi-Yu|Chi-Yu, L50|100/100\n|-ability|p1b: Kedluben na Koni|As One\n|-ability|p1b: Kedluben na Koni|Unnerve\n|-ability|p2b: Chi-Yu|Beads of Ruin\n|turn|1\n|\n|t:|1774553946\n|-terastallize|p1b: Kedluben na Koni|Dark\n|move|p2a: Whimsicott|Tailwind|p2a: Whimsicott\n|-sidestart|p2: Ninjakirby7|move: Tailwind\n|move|p1a: Leti\u0161t\u011b|Tailwind|p1a: Leti\u0161t\u011b\n|-sidestart|p1: TheNamesBetty|move: Tailwind\n|move|p2b: Chi-Yu|Snarl|p1a: Leti\u0161t\u011b|[spread] p1a,p1b\n|-resisted|p1b: Kedluben na Koni\n|-damage|p1a: Leti\u0161t\u011b|61/100\n|-damage|p1b: Kedluben na Koni|85/100\n|-unboost|p1a: Leti\u0161t\u011b|spa|1\n|-unboost|p1b: Kedluben na Koni|spa|1\n|move|p1b: Kedluben na Koni|Astral Barrage|p2a: Whimsicott|[spread] p2a,p2b\n|-crit|p2a: Whimsicott\n|-resisted|p2b: Chi-Yu\n|-enditem|p2a: Whimsicott|Focus Sash\n|-damage|p2a: Whimsicott|1/100\n|-damage|p2b: Chi-Yu|74/100\n|-damage|p1b: Kedluben na Koni|75/100|[from] item: Life Orb\n|\n|upkeep\n|turn|2\n|\n|t:|1774553982\n|switch|p1b: Motor\u00e1\u010dek|Dragonite, L50, F|100/100\n|move|p2b: Chi-Yu|Snarl|p1b: Motor\u00e1\u010dek|[spread] p1a,p1b\n|-damage|p1a: Leti\u0161t\u011b|21/100\n|-damage|p1b: Motor\u00e1\u010dek|71/100\n|-unboost|p1a: Leti\u0161t\u011b|spa|1\n|-unboost|p1b: Motor\u00e1\u010dek|spa|1\n|move|p2a: Whimsicott|Moonblast|p1b: Motor\u00e1\u010dek\n|-supereffective|p1b: Motor\u00e1\u010dek\n|-damage|p1b: Motor\u00e1\u010dek|0 fnt\n|faint|p1b: Motor\u00e1\u010dek\n|move|p1a: Leti\u0161t\u011b|Bleakwind Storm|p2a: Whimsicott|[spread] p2b\n|-miss|p1a: Leti\u0161t\u011b|p2a: Whimsicott\n|-damage|p2b: Chi-Yu|50/100\n|-unboost|p2b: Chi-Yu|spe|1\n|\n|upkeep\n|\n|t:|1774553997\n|switch|p1b: Pesa|Zamazenta-Crowned, L50|100/100\n|-ability|p1b: Pesa|Dauntless Shield|boost\n|-boost|p1b: Pesa|def|1\n|turn|3\n|\n|t:|1774554025\n|switch|p2b: Zamazenta|Zamazenta-Crowned, L50|100/100\n|-ability|p2b: Zamazenta|Dauntless Shield|boost\n|-boost|p2b: Zamazenta|def|1\n|move|p1b: Pesa|Heavy Slam|p2a: Whimsicott\n|-supereffective|p2a: Whimsicott\n|-damage|p2a: Whimsicott|0 fnt\n|faint|p2a: Whimsicott\n|move|p1a: Leti\u0161t\u011b|Bleakwind Storm|p2b: Zamazenta|[miss]\n|-miss|p1a: Leti\u0161t\u011b|p2b: Zamazenta\n|\n|upkeep\n|\n|t:|1774554039\n|switch|p2a: Chi-Yu|Chi-Yu, L50|50/100\n|-ability|p2a: Chi-Yu|Beads of Ruin\n|turn|4\n|\n|t:|1774554051\n|move|p1a: Leti\u0161t\u011b|Rain Dance|p1a: Leti\u0161t\u011b\n|-weather|RainDance\n|move|p2a: Chi-Yu|Overheat|p1b: Pesa\n|-supereffective|p1b: Pesa\n|-damage|p1b: Pesa|43/100\n|-unboost|p2a: Chi-Yu|spa|2\n|move|p2b: Zamazenta|Heavy Slam|p1a: Leti\u0161t\u011b\n|-damage|p1a: Leti\u0161t\u011b|0 fnt\n|faint|p1a: Leti\u0161t\u011b\n|move|p1b: Pesa|Body Press|p2a: Chi-Yu\n|-supereffective|p2a: Chi-Yu\n|-damage|p2a: Chi-Yu|0 fnt\n|faint|p2a: Chi-Yu\n|\n|-weather|RainDance|[upkeep]\n|-sideend|p2: Ninjakirby7|move: Tailwind\n|-sideend|p1: TheNamesBetty|move: Tailwind\n|upkeep\n|\n|t:|1774554065\n|switch|p1a: Kedluben na Koni|Calyrex-Shadow, L50, tera:Dark|75/100\n|switch|p2a: Calyrex|Calyrex-Shadow, L50|100/100\n|-ability|p2a: Calyrex|As One\n|-ability|p2a: Calyrex|Unnerve\n|-ability|p1a: Kedluben na Koni|As One\n|-ability|p1a: Kedluben na Koni|Unnerve\n|turn|5\n|\n|t:|1774554083\n|-terastallize|p2a: Calyrex|Dark\n|move|p1a: Kedluben na Koni|Dark Pulse|p2a: Calyrex\n|-resisted|p2a: Calyrex\n|-damage|p2a: Calyrex|67/100\n|-damage|p1a: Kedluben na Koni|66/100|[from] item: Life Orb\n|move|p2a: Calyrex|Psychic|p1b: Pesa\n|-damage|p1b: Pesa|0 fnt\n|faint|p1b: Pesa\n|-ability|p2a: Calyrex|Grim Neigh|boost\n|-boost|p2a: Calyrex|spa|1\n|-damage|p2a: Calyrex|58/100|[from] item: Life Orb\n|move|p2b: Zamazenta|Body Press|p1a: Kedluben na Koni\n|-supereffective|p1a: Kedluben na Koni\n|-damage|p1a: Kedluben na Koni|0 fnt\n|faint|p1a: Kedluben na Koni\n|\n|win|Ninjakirby7\n|raw|TheNamesBetty's rating: 1257 &rarr; <strong>1231</strong><br />(-26 for losing)\n|raw|Ninjakirby7's rating: 1247 &rarr; <strong>1273</strong><br />(+26 for winning)\n|l|\u2606TheNamesBetty\n|player|p1|\n","uploadtime":1774554100,"views":34,"formatid":"gen9vgc2026regi","rating":1231,"private":0,"password":null}