{"id":"gen9vgc2026regi-2579919191","format":"[Gen 9] VGC 2026 Reg I","players":["hdhsjsko","fernsthedruids"],"log":"|j|\u2606hdhsjsko\n|j|\u2606fernsthedruids\n|t:|1775838807\n|gametype|doubles\n|player|p1|hdhsjsko|backpacker|1405\n|player|p2|fernsthedruids|170|1597\n|gen|9\n|tier|[Gen 9] VGC 2026 Reg I\n|rated|\n|rule|Species Clause: Limit one of each Pok\u00e9mon\n|rule|Item Clause: Limit 1 of each item\n|clearpoke\n|poke|p1|Calyrex-Shadow, L50|\n|poke|p1|Zamazenta-*, L50|\n|poke|p1|Incineroar, L50, M|\n|poke|p1|Whimsicott, L50, M|\n|poke|p1|Chi-Yu, L50|\n|poke|p1|Electabuzz, L50, M|\n|poke|p2|Kyogre, L50|\n|poke|p2|Calyrex-Ice, L50|\n|poke|p2|Raging Bolt, L50|\n|poke|p2|Tornadus, L50, M|\n|poke|p2|Incineroar, L50, M|\n|poke|p2|Amoonguss, L50, F|\n|teampreview|4\n|inactive|Battle timer is ON: inactive players will automatically lose when time's up. (requested by hdhsjsko)\n|\n|t:|1775838825\n|teamsize|p1|4\n|teamsize|p2|4\n|start\n|switch|p1a: Winsicott|Whimsicott, L50, M|100/100\n|switch|p1b: Buzzball|Electabuzz, L50, M|100/100\n|switch|p2a: Incineroar|Incineroar, L50, M|100/100\n|switch|p2b: Calyrex|Calyrex-Ice, L50|100/100\n|-ability|p2b: Calyrex|As One\n|-ability|p2b: Calyrex|Unnerve\n|-ability|p2a: Incineroar|Intimidate|boost\n|-unboost|p1a: Winsicott|atk|1\n|-unboost|p1b: Buzzball|atk|1\n|turn|1\n|j| pika clanker\n|inactive|hdhsjsko has 30 seconds left.\n|\n|t:|1775838858\n|switch|p1a: Zapatazenta|Zamazenta-Crowned, L50|100/100\n|-ability|p1a: Zapatazenta|Dauntless Shield|boost\n|-boost|p1a: Zapatazenta|def|1\n|move|p1b: Buzzball|Taunt|p2b: Calyrex\n|-start|p2b: Calyrex|move: Taunt\n|move|p2a: Incineroar|Parting Shot|p1a: Zapatazenta\n|-unboost|p1a: Zapatazenta|atk|1\n|-unboost|p1a: Zapatazenta|spa|1\n|\n|t:|1775838875\n|switch|p2a: Kyogre|Kyogre, L50|100/100|[from] Parting Shot\n|-weather|RainDance|[from] ability: Drizzle|[of] p2a: Kyogre\n|move|p2b: Calyrex|Glacial Lance|p1b: Buzzball|[spread] p1a,p1b\n|-resisted|p1a: Zapatazenta\n|-crit|p1b: Buzzball\n|-damage|p1a: Zapatazenta|90/100\n|-damage|p1b: Buzzball|16/100\n|\n|-weather|RainDance|[upkeep]\n|upkeep\n|turn|2\n|\n|t:|1775838888\n|switch|p2b: Amoonguss|Amoonguss, L50, F|100/100\n|move|p2a: Kyogre|Protect|p2a: Kyogre\n|-singleturn|p2a: Kyogre|Protect\n|move|p1a: Zapatazenta|Wide Guard|p1a: Zapatazenta\n|-singleturn|p1a: Zapatazenta|Wide Guard\n|move|p1b: Buzzball|Electroweb|p2b: Amoonguss|[spread] p2b\n|-activate|p2a: Kyogre|move: Protect\n|-resisted|p2b: Amoonguss\n|-damage|p2b: Amoonguss|96/100\n|-unboost|p2b: Amoonguss|spe|1\n|\n|-weather|RainDance|[upkeep]\n|upkeep\n|turn|3\n|\n|t:|1775838906\n|move|p1a: Zapatazenta|Wide Guard|p1a: Zapatazenta\n|-singleturn|p1a: Zapatazenta|Wide Guard\n|move|p2a: Kyogre|Water Spout|p1a: Zapatazenta|[spread] \n|-activate|p1a: Zapatazenta|move: Wide Guard\n|-activate|p1b: Buzzball|move: Wide Guard\n|move|p1b: Buzzball|Taunt|p2b: Amoonguss\n|-start|p2b: Amoonguss|move: Taunt\n|cant|p2b: Amoonguss|move: Taunt|Spore\n|\n|-weather|RainDance|[upkeep]\n|upkeep\n|turn|4\n|\n|t:|1775838921\n|move|p1a: Zapatazenta|Wide Guard|p1a: Zapatazenta\n|-singleturn|p1a: Zapatazenta|Wide Guard\n|move|p2a: Kyogre|Hydro Pump|p1a: Zapatazenta|[miss]\n|-miss|p2a: Kyogre|p1a: Zapatazenta\n|move|p1b: Buzzball|Electroweb|p2b: Amoonguss|[spread] p2a,p2b\n|-supereffective|p2a: Kyogre\n|-resisted|p2b: Amoonguss\n|-damage|p2a: Kyogre|81/100\n|-damage|p2b: Amoonguss|91/100\n|-unboost|p2a: Kyogre|spe|1\n|-unboost|p2b: Amoonguss|spe|1\n|move|p2b: Amoonguss|Pollen Puff|p2a: Kyogre\n|-heal|p2a: Kyogre|100/100\n|\n|-weather|RainDance|[upkeep]\n|upkeep\n|turn|5\n|\n|t:|1775838938\n|move|p1a: Zapatazenta|Body Press|p2a: Kyogre\n|-damage|p2a: Kyogre|25/100\n|move|p1b: Buzzball|Electroweb|p2a: Kyogre|[spread] p2a,p2b\n|-supereffective|p2a: Kyogre\n|-resisted|p2b: Amoonguss\n|-damage|p2a: Kyogre|6/100\n|-damage|p2b: Amoonguss|85/100\n|-unboost|p2a: Kyogre|spe|1\n|-unboost|p2b: Amoonguss|spe|1\n|move|p2a: Kyogre|Hydro Pump|p1a: Zapatazenta|[miss]\n|-miss|p2a: Kyogre|p1a: Zapatazenta\n|move|p2b: Amoonguss|Pollen Puff|p2a: Kyogre\n|-heal|p2a: Kyogre|56/100\n|\n|-weather|none\n|-end|p2b: Amoonguss|move: Taunt\n|upkeep\n|turn|6\n|inactive|fernsthedruids has 30 seconds left.\n|\n|t:|1775838970\n|move|p1a: Zapatazenta|Protect|p1a: Zapatazenta\n|-singleturn|p1a: Zapatazenta|Protect\n|move|p2a: Kyogre|Protect|p2a: Kyogre\n|-singleturn|p2a: Kyogre|Protect\n|move|p1b: Buzzball|Taunt|p2b: Amoonguss\n|-start|p2b: Amoonguss|move: Taunt\n|cant|p2b: Amoonguss|move: Taunt|Spore\n|\n|upkeep\n|turn|7\n|\n|t:|1775838983\n|switch|p2a: Calyrex|Calyrex-Ice, L50|100/100\n|-ability|p2a: Calyrex|As One\n|-ability|p2a: Calyrex|Unnerve\n|move|p1a: Zapatazenta|Body Press|p2a: Calyrex\n|-damage|p2a: Calyrex|57/100\n|move|p1b: Buzzball|Electroweb|p2b: Amoonguss|[spread] p2b\n|-miss|p1b: Buzzball|p2a: Calyrex\n|-resisted|p2b: Amoonguss\n|-damage|p2b: Amoonguss|80/100\n|-unboost|p2b: Amoonguss|spe|1\n|move|p2b: Amoonguss|Pollen Puff|p2a: Calyrex\n|-heal|p2a: Calyrex|100/100\n|\n|upkeep\n|turn|8\n|\n|t:|1775839000\n|switch|p1a: The Whip|Calyrex-Shadow, L50|100/100\n|-ability|p1a: The Whip|As One\n|-ability|p1a: The Whip|Unnerve\n|switch|p2b: Incineroar|Incineroar, L50, M|100/100\n|-ability|p2b: Incineroar|Intimidate|boost\n|-unboost|p1a: The Whip|atk|1\n|-unboost|p1b: Buzzball|atk|1\n|move|p2a: Calyrex|Protect|p2a: Calyrex\n|-singleturn|p2a: Calyrex|Protect\n|move|p1b: Buzzball|Taunt|p2a: Calyrex\n|-activate|p2a: Calyrex|move: Protect\n|\n|upkeep\n|turn|9\n|\n|t:|1775839013\n|-terastallize|p2a: Calyrex|Dragon\n|move|p1b: Buzzball|Follow Me|p1b: Buzzball\n|-singleturn|p1b: Buzzball|move: Follow Me\n|move|p1a: The Whip|Astral Barrage|p2a: Calyrex|[spread] p2a,p2b\n|-resisted|p2b: Incineroar\n|-damage|p2a: Calyrex|55/100\n|-damage|p2b: Incineroar|70/100\n|-damage|p1a: The Whip|91/100|[from] item: Life Orb\n|move|p2b: Incineroar|Knock Off|p1b: Buzzball\n|-damage|p1b: Buzzball|0 fnt\n|-status|p2b: Incineroar|par|[from] ability: Static|[of] p1b: Buzzball\n|-enditem|p1b: Buzzball|Eviolite|[from] move: Knock Off|[of] p2b: Incineroar\n|faint|p1b: Buzzball\n|move|p2a: Calyrex|Glacial Lance|p1a: The Whip\n|-damage|p1a: The Whip|0 fnt\n|faint|p1a: The Whip\n|-ability|p2a: Calyrex|Chilling Neigh|boost\n|-boost|p2a: Calyrex|atk|1\n|\n|upkeep\n|\n|t:|1775839017\n|switch|p1a: Winsicott|Whimsicott, L50, M|100/100\n|switch|p1b: Zapatazenta|Zamazenta-Crowned, L50|90/100\n|turn|10\n|\n|t:|1775839029\n|-terastallize|p1a: Winsicott|Fairy\n|move|p1a: Winsicott|Moonblast|p2a: Calyrex\n|-supereffective|p2a: Calyrex\n|-damage|p2a: Calyrex|11/100\n|move|p1b: Zapatazenta|Body Press|p2b: Incineroar\n|-supereffective|p2b: Incineroar\n|-damage|p2b: Incineroar|0 fnt\n|faint|p2b: Incineroar\n|move|p2a: Calyrex|Glacial Lance|p1a: Winsicott|[spread] p1a,p1b\n|-resisted|p1b: Zapatazenta\n|-enditem|p1a: Winsicott|Focus Sash\n|-damage|p1a: Winsicott|1/100\n|-damage|p1b: Zapatazenta|68/100\n|\n|upkeep\n|\n|t:|1775839041\n|switch|p2b: Amoonguss|Amoonguss, L50, F|100/100\n|turn|11\n|c|\u2606fernsthedruids|lol\n|\n|t:|1775839055\n|move|p1b: Zapatazenta|Wide Guard|p1b: Zapatazenta\n|-singleturn|p1b: Zapatazenta|Wide Guard\n|move|p2b: Amoonguss|Rage Powder|p2b: Amoonguss\n|-singleturn|p2b: Amoonguss|move: Rage Powder\n|move|p1a: Winsicott|Moonblast|p2b: Amoonguss\n|-resisted|p2b: Amoonguss\n|-damage|p2b: Amoonguss|87/100\n|-unboost|p2b: Amoonguss|spa|1\n|move|p2a: Calyrex|Trick Room|p2a: Calyrex\n|-fieldstart|move: Trick Room|[of] p2a: Calyrex\n|\n|upkeep\n|turn|12\n|j| Aggli\n|\n|t:|1775839072\n|move|p1b: Zapatazenta|Protect|p1b: Zapatazenta\n|-singleturn|p1b: Zapatazenta|Protect\n|move|p1a: Winsicott|Encore|p2a: Calyrex\n|-start|p2a: Calyrex|Encore\n|move|p2a: Calyrex|Trick Room|p2a: Calyrex\n|-fieldend|move: Trick Room\n|move|p2b: Amoonguss|Pollen Puff|p2a: Calyrex\n|-heal|p2a: Calyrex|60/100\n|\n|upkeep\n|turn|13\n|\n|t:|1775839085\n|move|p2b: Amoonguss|Rage Powder|p2b: Amoonguss\n|-singleturn|p2b: Amoonguss|move: Rage Powder\n|move|p1a: Winsicott|Moonblast|p2b: Amoonguss\n|-resisted|p2b: Amoonguss\n|-damage|p2b: Amoonguss|74/100\n|move|p1b: Zapatazenta|Body Press|p2b: Amoonguss\n|-resisted|p2b: Amoonguss\n|-damage|p2b: Amoonguss|50/100\n|-enditem|p2b: Amoonguss|Sitrus Berry|[eat]\n|-heal|p2b: Amoonguss|75/100|[from] item: Sitrus Berry\n|move|p2a: Calyrex|Trick Room|p2a: Calyrex\n|-fieldstart|move: Trick Room|[of] p2a: Calyrex\n|\n|upkeep\n|turn|14\n|\n|t:|1775839100\n|switch|p2a: Kyogre|Kyogre, L50|56/100\n|-weather|RainDance|[from] ability: Drizzle|[of] p2a: Kyogre\n|move|p1b: Zapatazenta|Protect|p1b: Zapatazenta\n|-singleturn|p1b: Zapatazenta|Protect\n|move|p2b: Amoonguss|Rage Powder|p2b: Amoonguss\n|-singleturn|p2b: Amoonguss|move: Rage Powder\n|move|p1a: Winsicott|Moonblast|p2b: Amoonguss\n|-resisted|p2b: Amoonguss\n|-damage|p2b: Amoonguss|62/100\n|\n|-weather|RainDance|[upkeep]\n|upkeep\n|turn|15\n|\n|t:|1775839116\n|move|p1b: Zapatazenta|Wide Guard|p1b: Zapatazenta\n|-singleturn|p1b: Zapatazenta|Wide Guard\n|move|p1a: Winsicott|Fake Tears|p2b: Amoonguss\n|-unboost|p2b: Amoonguss|spd|2\n|move|p2b: Amoonguss|Pollen Puff|p2a: Kyogre\n|-heal|p2a: Kyogre|100/100\n|move|p2a: Kyogre|Hydro Pump|p1a: Winsicott\n|-damage|p1a: Winsicott|0 fnt\n|faint|p1a: Winsicott\n|\n|-weather|RainDance|[upkeep]\n|upkeep\n|turn|16\n|\n|t:|1775839129\n|move|p2b: Amoonguss|Spore|p1b: Zapatazenta\n|-status|p1b: Zapatazenta|slp|[from] move: Spore\n|move|p2a: Kyogre|Water Spout|p1b: Zapatazenta\n|-crit|p1b: Zapatazenta\n|-damage|p1b: Zapatazenta|0 fnt\n|faint|p1b: Zapatazenta\n|\n|win|fernsthedruids\n|raw|hdhsjsko's rating: 1405 &rarr; <strong>1395</strong><br />(-10 for losing)\n|raw|fernsthedruids's rating: 1597 &rarr; <strong>1607</strong><br />(+10 for winning)\n|l|\u2606hdhsjsko\n|player|p1|\n|l|\u2606fernsthedruids\n|player|p2|\n|l| Aggli\n|l| pika clanker\n","uploadtime":1775839305,"views":10,"formatid":"gen9vgc2026regi","rating":1395,"private":0,"password":null}