{"id":"gen9vgc2026regi-2561753803","format":"[Gen 9] VGC 2026 Reg I","players":["rotom Jones","Jonen"],"log":"|j|\u2606rotom Jones\n|j|\u2606Jonen\n|t:|1773840411\n|gametype|doubles\n|player|p1|rotom Jones|1|1201\n|player|p2|Jonen|hiker-gen4|1255\n|gen|9\n|tier|[Gen 9] VGC 2026 Reg I\n|rated|\n|rule|Species Clause: Limit one of each Pok\u00e9mon\n|rule|Item Clause: Limit 1 of each item\n|clearpoke\n|poke|p1|Terapagos, L50, M|\n|poke|p1|Clefairy, L50, M|\n|poke|p1|Amoonguss, L50, M|\n|poke|p1|Lunala, L50|\n|poke|p1|Incineroar, L50, F|\n|poke|p1|Smeargle, L50, M|\n|poke|p2|Groudon, L50|\n|poke|p2|Lunala, L50|\n|poke|p2|Sableye, L50, M|\n|poke|p2|Chi-Yu, L50|\n|poke|p2|Rillaboom, L50, M|\n|poke|p2|Jumpluff, L50, M|\n|teampreview|4\n|\n|t:|1773840449\n|teamsize|p1|4\n|teamsize|p2|4\n|start\n|switch|p1a: Terapagos|Terapagos, L50, M|100/100\n|switch|p1b: Amoonguss|Amoonguss, L50, M|100/100\n|switch|p2a: Lunala|Lunala, L50|100/100\n|switch|p2b: Sableye|Sableye, L50, M|100/100\n|-activate|p1a: Terapagos|ability: Tera Shift\n|detailschange|p1a: Terapagos|Terapagos-Terastal, L50, M\n|-heal|p1a: Terapagos|100/100|[silent]\n|turn|1\n|\n|t:|1773840474\n|move|p1a: Terapagos|Protect|p1a: Terapagos\n|-singleturn|p1a: Terapagos|Protect\n|move|p2b: Sableye|Gravity|p2b: Sableye\n|-fieldstart|move: Gravity\n|move|p2a: Lunala|Hypnosis|p1b: Amoonguss\n|-status|p1b: Amoonguss|slp|[from] move: Hypnosis\n|cant|p1b: Amoonguss|slp\n|\n|upkeep\n|turn|2\n|\n|t:|1773840495\n|switch|p2b: Groudon|Groudon, L50|100/100\n|-weather|SunnyDay|[from] ability: Drought|[of] p2b: Groudon\n|move|p2a: Lunala|Hypnosis|p1a: Terapagos\n|-status|p1a: Terapagos|slp|[from] move: Hypnosis\n|cant|p1a: Terapagos|slp\n|cant|p1b: Amoonguss|slp\n|\n|-weather|SunnyDay|[upkeep]\n|upkeep\n|turn|3\n|\n|t:|1773840515\n|switch|p1b: Clefairy|Clefairy, L50, M|100/100\n|-curestatus|p1a: Terapagos|slp|[msg]\n|move|p1a: Terapagos|Protect|p1a: Terapagos\n|-singleturn|p1a: Terapagos|Protect\n|move|p2a: Lunala|Meteor Beam||[still]\n|-prepare|p2a: Lunala|Meteor Beam\n|-boost|p2a: Lunala|spa|1\n|-enditem|p2a: Lunala|Power Herb\n|-anim|p2a: Lunala|Meteor Beam|p1b: Clefairy\n|-damage|p1b: Clefairy|44/100\n|move|p2b: Groudon|Precipice Blades|p1a: Terapagos|[spread] p1b\n|-activate|p1a: Terapagos|move: Protect\n|-damage|p1b: Clefairy|0 fnt\n|faint|p1b: Clefairy\n|-damage|p2b: Groudon|91/100|[from] item: Life Orb\n|\n|-weather|SunnyDay|[upkeep]\n|upkeep\n|\n|t:|1773840536\n|switch|p1b: Lunala|Lunala, L50|100/100\n|turn|4\n|\n|t:|1773840552\n|-terastallize|p1a: Terapagos|Stellar\n|detailschange|p1a: Terapagos|Terapagos-Stellar, L50, M, tera:Stellar\n|-heal|p1a: Terapagos|100/100|[silent]\n|-ability|p1a: Terapagos|Teraform Zero\n|-weather|none\n|move|p2a: Lunala|Hypnosis|p1b: Lunala\n|-status|p1b: Lunala|slp|[from] move: Hypnosis\n|move|p2b: Groudon|Precipice Blades|p1a: Terapagos|[spread] p1a,p1b\n|-damage|p1a: Terapagos|63/100\n|-damage|p1b: Lunala|73/100 slp\n|-enditem|p1b: Lunala|Red Card|[of] p2b: Groudon\n|drag|p2b: Sableye|Sableye, L50, M|100/100\n|cant|p1b: Lunala|slp\n|move|p1a: Terapagos|Tera Starstorm|p2a: Lunala|[spread] p2a,p2b\n|-damage|p2a: Lunala|88/100\n|-damage|p2b: Sableye|50/100\n|\n|-heal|p1a: Terapagos|69/100|[from] item: Leftovers\n|upkeep\n|turn|5\n|\n|t:|1773840582\n|switch|p1b: Amoonguss|Amoonguss, L50, M|100/100 slp\n|move|p1a: Terapagos|Protect|p1a: Terapagos\n|-singleturn|p1a: Terapagos|Protect\n|move|p2b: Sableye|Disable|p1a: Terapagos\n|-activate|p1a: Terapagos|move: Protect\n|move|p2a: Lunala|Moongeist Beam|p1b: Amoonguss\n|-damage|p1b: Amoonguss|27/100 slp\n|\n|-heal|p1a: Terapagos|75/100|[from] item: Leftovers\n|-fieldend|move: Gravity\n|upkeep\n|turn|6\n|\n|t:|1773840601\n|move|p2b: Sableye|Gravity|p2b: Sableye\n|-fieldstart|move: Gravity\n|move|p2a: Lunala|Hypnosis|p1a: Terapagos\n|-status|p1a: Terapagos|slp|[from] move: Hypnosis\n|cant|p1a: Terapagos|slp\n|cant|p1b: Amoonguss|slp\n|\n|-heal|p1a: Terapagos|81/100 slp|[from] item: Leftovers\n|upkeep\n|turn|7\n|-message|rotom Jones forfeited.\n|\n|win|Jonen\n|raw|rotom Jones's rating: 1201 &rarr; <strong>1180</strong><br />(-21 for losing)\n|raw|Jonen's rating: 1255 &rarr; <strong>1276</strong><br />(+21 for winning)\n","uploadtime":1773840613,"views":10,"formatid":"gen9vgc2026regi","rating":1180,"private":0,"password":null}