{"id":"gen9vgc2026regi-2578218230","format":"[Gen 9] VGC 2026 Reg I","players":["dev67","itastelikeiron"],"log":"|j|\u2606dev67\n|j|\u2606itastelikeiron\n|t:|1775659790\n|gametype|doubles\n|player|p1|dev67|1|1398\n|player|p2|itastelikeiron|infielder|1621\n|gen|9\n|tier|[Gen 9] VGC 2026 Reg I\n|rated|\n|rule|Species Clause: Limit one of each Pok\u00e9mon\n|rule|Item Clause: Limit 1 of each item\n|clearpoke\n|poke|p1|Terapagos, L50, M|\n|poke|p1|Calyrex-Shadow, L50|\n|poke|p1|Iron Hands, L50|\n|poke|p1|Smeargle, L50, F|\n|poke|p1|Chi-Yu, L50|\n|poke|p1|Tornadus, L50, M|\n|poke|p2|Kyogre, L50|\n|poke|p2|Zacian-*, L50|\n|poke|p2|Incineroar, L50, F|\n|poke|p2|Raichu, L50, F|\n|poke|p2|Volcarona, L50, F|\n|poke|p2|Whimsicott, L50, F|\n|teampreview|4\n|\n|t:|1775659887\n|teamsize|p1|4\n|teamsize|p2|4\n|start\n|switch|p1a: Terapagos|Terapagos, L50, M|100/100\n|switch|p1b: Tornadus|Tornadus, L50, M|100/100\n|switch|p2a: Kyogre|Kyogre, L50|100/100\n|switch|p2b: Whimsicott|Whimsicott, L50, F|100/100\n|-activate|p1a: Terapagos|ability: Tera Shift\n|detailschange|p1a: Terapagos|Terapagos-Terastal, L50, M\n|-heal|p1a: Terapagos|100/100|[silent]\n|-weather|RainDance|[from] ability: Drizzle|[of] p2a: Kyogre\n|turn|1\n|inactive|Battle timer is ON: inactive players will automatically lose when time's up. (requested by dev67)\n|\n|t:|1775659917\n|move|p1b: Tornadus|Protect|p1b: Tornadus\n|-singleturn|p1b: Tornadus|Protect\n|move|p2b: Whimsicott|Tailwind|p2b: Whimsicott\n|-sidestart|p2: itastelikeiron|move: Tailwind\n|move|p2a: Kyogre|Water Spout|p1a: Terapagos|[spread] p1a\n|-activate|p1b: Tornadus|move: Protect\n|-activate|p1a: Terapagos|ability: Tera Shell\n|-resisted|p1a: Terapagos\n|-damage|p1a: Terapagos|55/100\n|move|p1a: Terapagos|Meteor Beam||[still]\n|-prepare|p1a: Terapagos|Meteor Beam\n|-boost|p1a: Terapagos|spa|1\n|-enditem|p1a: Terapagos|Power Herb\n|-anim|p1a: Terapagos|Meteor Beam|p2a: Kyogre\n|-damage|p2a: Kyogre|55/100\n|\n|-weather|RainDance|[upkeep]\n|upkeep\n|turn|2\n|\n|t:|1775659940\n|switch|p1b: Iron Hands|Iron Hands, L50|100/100\n|-terastallize|p1a: Terapagos|Stellar\n|detailschange|p1a: Terapagos|Terapagos-Stellar, L50, M, tera:Stellar\n|-heal|p1a: Terapagos|68/100|[silent]\n|-ability|p1a: Terapagos|Teraform Zero\n|-weather|none\n|move|p2b: Whimsicott|Encore|p1a: Terapagos\n|-start|p1a: Terapagos|Encore\n|move|p2a: Kyogre|Water Spout|p1b: Iron Hands|[spread] p1a,p1b\n|-damage|p1a: Terapagos|42/100\n|-damage|p1b: Iron Hands|82/100\n|move|p1a: Terapagos|Meteor Beam||[still]\n|-prepare|p1a: Terapagos|Meteor Beam\n|-boost|p1a: Terapagos|spa|1\n|\n|upkeep\n|turn|3\n|\n|t:|1775659964\n|switch|p2a: Zacian|Zacian-Crowned, L50|100/100\n|-ability|p2a: Zacian|Intrepid Sword|boost\n|-boost|p2a: Zacian|atk|1\n|move|p2b: Whimsicott|Moonblast|p1a: Terapagos\n|-damage|p1a: Terapagos|17/100\n|-unboost|p1a: Terapagos|spa|1\n|move|p1a: Terapagos|Meteor Beam|p2a: Zacian|[from] lockedmove\n|-resisted|p2a: Zacian\n|-damage|p2a: Zacian|65/100\n|move|p1b: Iron Hands|Low Kick|p2a: Zacian\n|-damage|p2a: Zacian|5/100\n|\n|upkeep\n|turn|4\n|inactive|dev67 has 30 seconds left.\n|inactive|dev67 has 20 seconds left.\n|inactive|dev67 has 15 seconds left.\n|inactive|dev67 has 10 seconds left.\n|\n|t:|1775660011\n|switch|p1a: Tornadus|Tornadus, L50, M|100/100\n|move|p2a: Zacian|Play Rough|p1b: Iron Hands|[miss]\n|-miss|p2a: Zacian|p1b: Iron Hands\n|move|p2b: Whimsicott|Moonblast|p1b: Iron Hands\n|-supereffective|p1b: Iron Hands\n|-damage|p1b: Iron Hands|46/100\n|move|p1b: Iron Hands|Drain Punch|p2a: Zacian\n|-damage|p2a: Zacian|0 fnt\n|-heal|p1b: Iron Hands|48/100|[from] drain|[of] p2a: Zacian\n|faint|p2a: Zacian\n|\n|-sideend|p2: itastelikeiron|move: Tailwind\n|upkeep\n|\n|t:|1775660016\n|switch|p2a: Kyogre|Kyogre, L50|55/100\n|-weather|RainDance|[from] ability: Drizzle|[of] p2a: Kyogre\n|turn|5\n|\n|t:|1775660040\n|-terastallize|p2a: Kyogre|Water\n|move|p2b: Whimsicott|Tailwind|p2b: Whimsicott\n|-sidestart|p2: itastelikeiron|move: Tailwind\n|move|p1a: Tornadus|Tailwind|p1a: Tornadus\n|-sidestart|p1: dev67|move: Tailwind\n|move|p2a: Kyogre|Origin Pulse|p1a: Tornadus|[spread] p1a,p1b\n|-damage|p1a: Tornadus|1/100\n|-damage|p1b: Iron Hands|0 fnt\n|faint|p1b: Iron Hands\n|-end|p1b: Iron Hands|Quark Drive|[silent]\n|\n|-weather|RainDance|[upkeep]\n|upkeep\n|\n|t:|1775660053\n|switch|p1b: Calyrex|Calyrex-Shadow, L50|100/100\n|-ability|p1b: Calyrex|As One\n|-ability|p1b: Calyrex|Unnerve\n|turn|6\n|\n|t:|1775660061\n|move|p2a: Kyogre|Origin Pulse|p1b: Calyrex|[spread] p1a,p1b\n|-damage|p1a: Tornadus|0 fnt\n|-damage|p1b: Calyrex|11/100\n|faint|p1a: Tornadus\n|move|p1b: Calyrex|Astral Barrage|p2b: Whimsicott|[spread] p2a,p2b\n|-damage|p2a: Kyogre|0 fnt\n|-enditem|p2b: Whimsicott|Focus Sash\n|-damage|p2b: Whimsicott|1/100\n|faint|p2a: Kyogre\n|-ability|p1b: Calyrex|Grim Neigh|boost\n|-boost|p1b: Calyrex|spa|1\n|-damage|p1b: Calyrex|2/100|[from] item: Life Orb\n|move|p2b: Whimsicott|Moonblast|p1b: Calyrex\n|-damage|p1b: Calyrex|0 fnt\n|faint|p1b: Calyrex\n|\n|-weather|RainDance|[upkeep]\n|upkeep\n|\n|t:|1775660079\n|switch|p1b: Terapagos|Terapagos-Stellar, L50, M, tera:Stellar|17/100\n|switch|p2a: Incineroar|Incineroar, L50, F|100/100\n|-ability|p2a: Incineroar|Intimidate|boost\n|-unboost|p1b: Terapagos|atk|1\n|turn|7\n|-message|dev67 forfeited.\n|\n|win|itastelikeiron\n|raw|dev67's rating: 1398 &rarr; <strong>1389</strong><br />(-9 for losing)\n|raw|itastelikeiron's rating: 1621 &rarr; <strong>1630</strong><br />(+9 for winning)\n|l|\u2606dev67\n|player|p1|\n","uploadtime":1775660098,"views":8,"formatid":"gen9vgc2026regi","rating":1389,"private":0,"password":null}