{"id":"gen9vgc2026regi-2547117175","format":"[Gen 9] VGC 2026 Reg I","players":["RedtheMaster99999","drive stone"],"log":"|j|\u2606RedtheMaster99999\n|j|\u2606drive stone\n|t:|1772048132\n|gametype|doubles\n|player|p1|RedtheMaster99999|red|1229\n|player|p2|drive stone|cilan|1166\n|gen|9\n|tier|[Gen 9] VGC 2026 Reg I\n|rated|\n|rule|Species Clause: Limit one of each Pok\u00e9mon\n|rule|Item Clause: Limit 1 of each item\n|clearpoke\n|poke|p1|Necrozma-Dawn-Wings, L50|\n|poke|p1|Indeedee-F, L50, F|\n|poke|p1|Groudon, L50|\n|poke|p1|Gallade, L50, M|\n|poke|p1|Urshifu-*, L50, M|\n|poke|p1|Venusaur, L50, F|\n|poke|p2|Calyrex-Ice, L50|\n|poke|p2|Ho-Oh, L50|\n|poke|p2|Overqwil, L50, M|\n|poke|p2|Rillaboom, L50, M|\n|poke|p2|Ting-Lu, L50|\n|poke|p2|Ogerpon-Wellspring, L50, F|\n|teampreview|4\n|inactive|Battle timer is ON: inactive players will automatically lose when time's up. (requested by RedtheMaster99999)\n|inactive|RedtheMaster99999 has 60 seconds left.\n|inactive|RedtheMaster99999 has 30 seconds left.\n|\n|t:|1772048198\n|teamsize|p1|4\n|teamsize|p2|4\n|start\n|switch|p1a: Indeedee|Indeedee-F, L50, F, shiny|100/100\n|switch|p1b: Groudon|Groudon, L50|100/100\n|switch|p2a: Calyrex|Calyrex-Ice, L50|100/100\n|switch|p2b: Ogerpon|Ogerpon-Wellspring, L50, F|100/100\n|-ability|p2a: Calyrex|As One\n|-ability|p2a: Calyrex|Unnerve\n|-weather|SunnyDay|[from] ability: Drought|[of] p1b: Groudon\n|-fieldstart|move: Psychic Terrain|[from] ability: Psychic Surge|[of] p1a: Indeedee\n|turn|1\n|inactive|RedtheMaster99999 has 30 seconds left.\n|\n|t:|1772048230\n|switch|p2b: Overqwil|Overqwil, L50, M|100/100\n|-ability|p2b: Overqwil|Intimidate|boost\n|-unboost|p1a: Indeedee|atk|1\n|-fail|p1b: Groudon|unboost|[from] item: Clear Amulet|[of] p1b: Groudon\n|-terastallize|p2a: Calyrex|Water\n|move|p1b: Groudon|Protect|p1b: Groudon\n|-singleturn|p1b: Groudon|Protect\n|move|p2a: Calyrex|Leech Seed|p1b: Groudon\n|-activate|p1b: Groudon|move: Protect\n|move|p1a: Indeedee|Trick Room|p1a: Indeedee\n|-fieldstart|move: Trick Room|[of] p1a: Indeedee\n|\n|-weather|SunnyDay|[upkeep]\n|upkeep\n|turn|2\n|inactive|RedtheMaster99999 has 30 seconds left.\n|inactive|RedtheMaster99999 has 20 seconds left.\n|inactive|RedtheMaster99999 has 15 seconds left.\n|inactive|RedtheMaster99999 has 10 seconds left.\n|\n|t:|1772048284\n|move|p1a: Indeedee|Follow Me|p1a: Indeedee\n|-singleturn|p1a: Indeedee|move: Follow Me\n|move|p2a: Calyrex|Leech Seed|p1a: Indeedee\n|-start|p1a: Indeedee|move: Leech Seed\n|move|p1b: Groudon|Precipice Blades|p2b: Overqwil|[spread] p2a,p2b\n|-supereffective|p2b: Overqwil\n|-damage|p2a: Calyrex|72/100\n|-damage|p2b: Overqwil|0 fnt\n|faint|p2b: Overqwil\n|\n|-weather|SunnyDay|[upkeep]\n|-heal|p2a: Calyrex|78/100|[from] item: Leftovers\n|-damage|p1a: Indeedee|88/100|[from] Leech Seed|[of] p2a: Calyrex\n|-heal|p2a: Calyrex|89/100|[silent]\n|upkeep\n|\n|t:|1772048301\n|switch|p2b: Ho-Oh|Ho-Oh, L50|100/100\n|turn|3\n|\n|t:|1772048324\n|switch|p1a: Necrozma|Necrozma-Dawn-Wings, L50, shiny|100/100\n|-terastallize|p1b: Groudon|Fire\n|move|p2a: Calyrex|Glacial Lance|p1a: Necrozma|[spread] p1a,p1b\n|-resisted|p1b: Groudon\n|-damage|p1a: Necrozma|62/100\n|-damage|p1b: Groudon|84/100\n|move|p1b: Groudon|Swords Dance|p1b: Groudon\n|-boost|p1b: Groudon|atk|2\n|move|p2b: Ho-Oh|Sacred Fire|p1a: Necrozma\n|-damage|p1a: Necrozma|3/100\n|-status|p1a: Necrozma|brn\n|\n|-weather|SunnyDay|[upkeep]\n|-heal|p2a: Calyrex|95/100|[from] item: Leftovers\n|-damage|p1a: Necrozma|0 fnt|[from] brn\n|faint|p1a: Necrozma\n|upkeep\n|\n|t:|1772048345\n|switch|p1a: Urshifu|Urshifu, L50, M|100/100\n|turn|4\n|\n|t:|1772048360\n|move|p2a: Calyrex|Leech Seed|p1b: Groudon\n|-start|p1b: Groudon|move: Leech Seed\n|move|p1b: Groudon|Precipice Blades|p2b: Ho-Oh|[spread] p2a\n|-immune|p2b: Ho-Oh\n|-damage|p2a: Calyrex|43/100\n|move|p2b: Ho-Oh|Sacred Fire|p1a: Urshifu\n|-damage|p1a: Urshifu|38/100\n|move|p1a: Urshifu|Coaching|p1b: Groudon\n|-boost|p1b: Groudon|atk|1\n|-boost|p1b: Groudon|def|1\n|\n|-weather|SunnyDay|[upkeep]\n|-heal|p2a: Calyrex|48/100|[from] item: Leftovers\n|-damage|p1b: Groudon|72/100|[from] Leech Seed|[of] p2a: Calyrex\n|-heal|p2a: Calyrex|60/100|[silent]\n|upkeep\n|turn|5\n|\n|t:|1772048383\n|move|p2a: Calyrex|Protect|p2a: Calyrex\n|-singleturn|p2a: Calyrex|Protect\n|move|p1b: Groudon|Protect|p1b: Groudon\n|-singleturn|p1b: Groudon|Protect\n|move|p1a: Urshifu|Protect|p1a: Urshifu\n|-singleturn|p1a: Urshifu|Protect\n|move|p2b: Ho-Oh|Whirlwind|p1b: Groudon\n|drag|p1b: Indeedee|Indeedee-F, L50, F, shiny|88/100\n|\n|-weather|none\n|-heal|p2a: Calyrex|66/100|[from] item: Leftovers\n|-fieldend|move: Trick Room\n|-fieldend|move: Psychic Terrain\n|upkeep\n|turn|6\n|inactive|RedtheMaster99999 has 30 seconds left.\n|inactive|RedtheMaster99999 has 20 seconds left.\n|inactive|RedtheMaster99999 has 15 seconds left.\n|\n|t:|1772048427\n|move|p1b: Indeedee|Helping Hand|p1a: Urshifu\n|-singleturn|p1a: Urshifu|Helping Hand|[of] p1b: Indeedee\n|move|p1a: Urshifu|Wicked Blow|p2b: Ho-Oh\n|-crit|p2b: Ho-Oh\n|-damage|p2b: Ho-Oh|41/100\n|-damage|p1a: Urshifu|22/100|[from] item: Rocky Helmet|[of] p2b: Ho-Oh\n|move|p2b: Ho-Oh|Sacred Fire|p1a: Urshifu\n|-damage|p1a: Urshifu|0 fnt\n|faint|p1a: Urshifu\n|move|p2a: Calyrex|Leech Seed|p1b: Indeedee\n|-start|p1b: Indeedee|move: Leech Seed\n|\n|-heal|p2a: Calyrex|72/100|[from] item: Leftovers\n|-damage|p1b: Indeedee|76/100|[from] Leech Seed|[of] p2a: Calyrex\n|-heal|p2a: Calyrex|83/100|[silent]\n|upkeep\n|\n|t:|1772048441\n|switch|p1a: Groudon|Groudon, L50, tera:Fire|72/100\n|-weather|SunnyDay|[from] ability: Drought|[of] p1a: Groudon\n|turn|7\n|-message|RedtheMaster99999 forfeited.\n|\n|win|drive stone\n|raw|RedtheMaster99999's rating: 1229 &rarr; <strong>1200</strong><br />(-29 for losing)\n|raw|drive stone's rating: 1166 &rarr; <strong>1195</strong><br />(+29 for winning)\n|l|\u2606RedtheMaster99999\n|player|p1|\n|l|\u2606drive stone\n|player|p2|\n","uploadtime":1772048615,"views":12,"formatid":"gen9vgc2026regi","rating":1195,"private":0,"password":null}