{"id":"gen9vgc2026regi-2587211352","format":"[Gen 9] VGC 2026 Reg I","players":["angrybook","Pigduckeater"],"log":"|j|\u2606angrybook\n|j|\u2606Pigduckeater\n|t:|1776509515\n|gametype|doubles\n|player|p1|angrybook|pokemaniac|1636\n|player|p2|Pigduckeater|1|1566\n|gen|9\n|tier|[Gen 9] VGC 2026 Reg I\n|rated|\n|rule|Species Clause: Limit one of each Pok\u00e9mon\n|rule|Item Clause: Limit 1 of each item\n|clearpoke\n|poke|p1|Calyrex-Ice, L50|\n|poke|p1|Miraidon, L50|\n|poke|p1|Iron Hands, L50|\n|poke|p1|Ogerpon-Cornerstone, L50, F|\n|poke|p1|Farigiraf, L50, M|\n|poke|p1|Iron Bundle, L50|\n|poke|p2|Incineroar, L50, M|\n|poke|p2|Koraidon, L50|\n|poke|p2|Farigiraf, L50, F|\n|poke|p2|Calyrex-Shadow, L50|\n|poke|p2|Glimmora, L50, M|\n|poke|p2|Rillaboom, L50, F|\n|teampreview|4\n|inactive|Battle timer is ON: inactive players will automatically lose when time's up. (requested by angrybook)\n|inactive|Pigduckeater has 60 seconds left.\n|inactive|angrybook has 60 seconds left.\n|inactive|Pigduckeater has 30 seconds left.\n|inactive|Pigduckeater has 20 seconds left.\n|inactive|Pigduckeater has 15 seconds left.\n|inactive|Pigduckeater has 10 seconds left.\n|j| Nevaehkkkkkk\n|inactive|Pigduckeater has 5 seconds left.\n|\n|t:|1776509603\n|teamsize|p1|4\n|teamsize|p2|4\n|start\n|switch|p1a: Miraidon|Miraidon, L50|100/100\n|switch|p1b: Krampusnacht|Iron Bundle, L50, shiny|100/100\n|switch|p2a: Rillaboom|Rillaboom, L50, F|100/100\n|switch|p2b: Farigiraf|Farigiraf, L50, F|100/100\n|-fieldstart|move: Electric Terrain|[from] ability: Hadron Engine|[of] p1a: Miraidon\n|-activate|p1b: Krampusnacht|ability: Quark Drive\n|-start|p1b: Krampusnacht|quarkdrivespe\n|-fieldstart|move: Grassy Terrain|[from] ability: Grassy Surge|[of] p2a: Rillaboom\n|-end|p1b: Krampusnacht|Quark Drive\n|-enditem|p2b: Farigiraf|Grassy Seed\n|-boost|p2b: Farigiraf|def|1|[from] item: Grassy Seed\n|turn|1\n|inactive|Pigduckeater has 30 seconds left.\n|\n|t:|1776509629\n|move|p1b: Krampusnacht|Protect|p1b: Krampusnacht\n|-singleturn|p1b: Krampusnacht|Protect\n|move|p1a: Miraidon|Protect|p1a: Miraidon\n|-singleturn|p1a: Miraidon|Protect\n|move|p2a: Rillaboom|Drum Beating|p1b: Krampusnacht\n|-activate|p1b: Krampusnacht|move: Protect\n|move|p2b: Farigiraf|Baton Pass|p2b: Farigiraf\n|\n|t:|1776509635\n|switch|p2b: Calyrex|Calyrex-Shadow, L50|100/100|[from] Baton Pass\n|-ability|p2b: Calyrex|As One\n|-ability|p2b: Calyrex|Unnerve\n|\n|upkeep\n|turn|2\n|inactive|Pigduckeater has 30 seconds left.\n|\n|t:|1776509667\n|move|p2b: Calyrex|Substitute|p2b: Calyrex\n|-start|p2b: Calyrex|Substitute\n|-damage|p2b: Calyrex|76/100\n|move|p1b: Krampusnacht|Icy Wind|p2a: Rillaboom|[spread] p2a,p2b\n|-activate|p2b: Calyrex|move: Substitute|[damage]\n|-supereffective|p2a: Rillaboom\n|-damage|p2a: Rillaboom|45/100\n|-unboost|p2a: Rillaboom|spe|1\n|move|p1a: Miraidon|Volt Switch|p2a: Rillaboom\n|-resisted|p2a: Rillaboom\n|-damage|p2a: Rillaboom|7/100\n|-damage|p1a: Miraidon|91/100|[from] item: Life Orb\n|\n|t:|1776509690\n|switch|p1a: Erhmantraut|Calyrex-Ice, L50|100/100|[from] Volt Switch\n|-ability|p1a: Erhmantraut|As One\n|-ability|p1a: Erhmantraut|Unnerve\n|move|p2a: Rillaboom|Drum Beating|p1b: Krampusnacht\n|-supereffective|p1b: Krampusnacht\n|-enditem|p1b: Krampusnacht|Focus Sash\n|-damage|p1b: Krampusnacht|1/100\n|-unboost|p1b: Krampusnacht|spe|1\n|\n|-heal|p2b: Calyrex|82/100|[from] Grassy Terrain\n|-heal|p1b: Krampusnacht|7/100|[from] Grassy Terrain\n|-heal|p2a: Rillaboom|14/100|[from] Grassy Terrain\n|upkeep\n|turn|3\n|\n|t:|1776509701\n|-terastallize|p1a: Erhmantraut|Fairy\n|move|p2b: Calyrex|Astral Barrage|p1b: Krampusnacht|[spread] p1a,p1b\n|-damage|p1a: Erhmantraut|60/100\n|-damage|p1b: Krampusnacht|0 fnt\n|faint|p1b: Krampusnacht\n|-end|p1b: Krampusnacht|Quark Drive|[silent]\n|-ability|p2b: Calyrex|Grim Neigh|boost\n|-boost|p2b: Calyrex|spa|1\n|-damage|p2b: Calyrex|72/100|[from] item: Life Orb\n|move|p2a: Rillaboom|Taunt|p1a: Erhmantraut\n|-start|p1a: Erhmantraut|move: Taunt\n|cant|p1a: Erhmantraut|move: Taunt|Trick Room\n|\n|-heal|p2b: Calyrex|78/100|[from] Grassy Terrain\n|-heal|p2a: Rillaboom|20/100|[from] Grassy Terrain\n|-heal|p1a: Erhmantraut|66/100|[from] Grassy Terrain\n|upkeep\n|\n|t:|1776509721\n|switch|p1b: Miraidon|Miraidon, L50|91/100\n|-fieldstart|move: Electric Terrain|[from] ability: Hadron Engine|[of] p1b: Miraidon\n|turn|4\n|\n|t:|1776509734\n|move|p2b: Calyrex|Protect|p2b: Calyrex\n|-singleturn|p2b: Calyrex|Protect\n|move|p1b: Miraidon|Volt Switch|p2b: Calyrex\n|-activate|p2b: Calyrex|move: Protect\n|move|p2a: Rillaboom|Drum Beating|p1b: Miraidon\n|-resisted|p1b: Miraidon\n|-damage|p1b: Miraidon|71/100\n|-unboost|p1b: Miraidon|spe|1\n|move|p1a: Erhmantraut|Glacial Lance|p2a: Rillaboom|[spread] p2a\n|-activate|p2b: Calyrex|move: Protect\n|-supereffective|p2a: Rillaboom\n|-damage|p2a: Rillaboom|0 fnt\n|faint|p2a: Rillaboom\n|-ability|p1a: Erhmantraut|Chilling Neigh|boost\n|-boost|p1a: Erhmantraut|atk|1\n|\n|upkeep\n|\n|t:|1776509743\n|switch|p2a: Farigiraf|Farigiraf, L50, F|100/100\n|turn|5\n|\n|t:|1776509753\n|move|p2a: Farigiraf|Helping Hand|p2b: Calyrex\n|-singleturn|p2b: Calyrex|Helping Hand|[of] p2a: Farigiraf\n|move|p2b: Calyrex|Astral Barrage|p1a: Erhmantraut|[spread] p1a,p1b\n|-damage|p1a: Erhmantraut|0 fnt\n|-damage|p1b: Miraidon|0 fnt\n|faint|p1a: Erhmantraut\n|faint|p1b: Miraidon\n|-ability|p2b: Calyrex|Grim Neigh|boost\n|-boost|p2b: Calyrex|spa|2\n|-damage|p2b: Calyrex|68/100|[from] item: Life Orb\n|\n|upkeep\n|c|\u2606angrybook|gg\n|\n|t:|1776509761\n|switch|p1b: 33rd to 1st|Iron Hands, L50, shiny|100/100\n|-activate|p1b: 33rd to 1st|ability: Quark Drive\n|-start|p1b: 33rd to 1st|quarkdriveatk\n|turn|6\n|c|\u2606Pigduckeater|gg\n|-message|angrybook forfeited.\n|\n|win|Pigduckeater\n|raw|angrybook's rating: 1636 &rarr; <strong>1612</strong><br />(-24 for losing)\n|raw|Pigduckeater's rating: 1566 &rarr; <strong>1590</strong><br />(+24 for winning)\n|l|\u2606angrybook\n|player|p1|\n|l|\u2606Pigduckeater\n|player|p2|\n|l| Nevaehkkkkkk\n","uploadtime":1776509770,"views":22,"formatid":"gen9vgc2026regi","rating":1590,"private":0,"password":null}