{"id":"gen9vgc2026regi-2578243540","format":"[Gen 9] VGC 2026 Reg I","players":["darkest_contender","bullgod4ever"],"log":"|j|\u2606darkest_contender\n|j|\u2606bullgod4ever\n|t:|1775661877\n|gametype|doubles\n|player|p1|darkest_contender|cynthia-masters3|1487\n|player|p2|bullgod4ever|265|1537\n|gen|9\n|tier|[Gen 9] VGC 2026 Reg I\n|rated|\n|rule|Species Clause: Limit one of each Pok\u00e9mon\n|rule|Item Clause: Limit 1 of each item\n|clearpoke\n|poke|p1|Calyrex-Shadow, L50|\n|poke|p1|Zamazenta-*, L50|\n|poke|p1|Ogerpon-Cornerstone, L50, F|\n|poke|p1|Flutter Mane, L50|\n|poke|p1|Whimsicott, L50, F|\n|poke|p1|Torkoal, L50, M|\n|poke|p2|Calyrex-Shadow, L50|\n|poke|p2|Zamazenta-*, L50|\n|poke|p2|Chien-Pao, L50|\n|poke|p2|Dragonite, L50, F|\n|poke|p2|Amoonguss, L50, F|\n|poke|p2|Ogerpon-Cornerstone, L50, F|\n|teampreview|4\n|inactive|Battle timer is ON: inactive players will automatically lose when time's up. (requested by darkest_contender)\n|\n|t:|1775661891\n|teamsize|p1|4\n|teamsize|p2|4\n|start\n|switch|p1a: Zamazenta|Zamazenta-Crowned, L50|100/100\n|switch|p1b: Flutter Mane|Flutter Mane, L50|100/100\n|switch|p2a: Chien-Pao|Chien-Pao, L50|100/100\n|switch|p2b: Dragonite|Dragonite, L50, F|100/100\n|-ability|p2a: Chien-Pao|Sword of Ruin\n|-ability|p1a: Zamazenta|Dauntless Shield|boost\n|-boost|p1a: Zamazenta|def|1\n|-enditem|p1b: Flutter Mane|Booster Energy\n|-activate|p1b: Flutter Mane|ability: Protosynthesis|[fromitem]\n|-start|p1b: Flutter Mane|protosynthesisspe\n|turn|1\n|\n|t:|1775661913\n|move|p2a: Chien-Pao|Sucker Punch|p1b: Flutter Mane\n|-damage|p1b: Flutter Mane|24/100\n|move|p1b: Flutter Mane|Icy Wind|p2a: Chien-Pao|[spread] p2a,p2b\n|-resisted|p2a: Chien-Pao\n|-supereffective|p2b: Dragonite\n|-damage|p2a: Chien-Pao|95/100\n|-damage|p2b: Dragonite|41/100\n|-unboost|p2a: Chien-Pao|spe|1\n|-unboost|p2b: Dragonite|spe|1\n|move|p1a: Zamazenta|Body Press|p2a: Chien-Pao\n|-supereffective|p2a: Chien-Pao\n|-damage|p2a: Chien-Pao|0 fnt\n|faint|p2a: Chien-Pao\n|move|p2b: Dragonite|Low Kick|p1a: Zamazenta\n|-supereffective|p1a: Zamazenta\n|-damage|p1a: Zamazenta|44/100\n|\n|upkeep\n|\n|t:|1775661933\n|switch|p2a: Zamazenta|Zamazenta-Crowned, L50|100/100\n|-ability|p2a: Zamazenta|Dauntless Shield|boost\n|-boost|p2a: Zamazenta|def|1\n|turn|2\n|\n|t:|1775661943\n|move|p2a: Zamazenta|Protect|p2a: Zamazenta\n|-singleturn|p2a: Zamazenta|Protect\n|move|p1b: Flutter Mane|Moonblast|p2b: Dragonite\n|-supereffective|p2b: Dragonite\n|-damage|p2b: Dragonite|0 fnt\n|faint|p2b: Dragonite\n|move|p1a: Zamazenta|Body Press|p2a: Zamazenta\n|-activate|p2a: Zamazenta|move: Protect\n|\n|upkeep\n|\n|t:|1775661953\n|switch|p2b: Calyrex|Calyrex-Shadow, L50|100/100\n|-ability|p2b: Calyrex|As One\n|-ability|p2b: Calyrex|Unnerve\n|turn|3\n|\n|t:|1775661966\n|move|p2a: Zamazenta|Wide Guard|p2a: Zamazenta\n|-singleturn|p2a: Zamazenta|Wide Guard\n|move|p1b: Flutter Mane|Moonblast|p2b: Calyrex\n|-damage|p2b: Calyrex|51/100\n|move|p2b: Calyrex|Psychic|p1a: Zamazenta\n|-damage|p1a: Zamazenta|6/100\n|-unboost|p1a: Zamazenta|spd|1\n|move|p1a: Zamazenta|Body Press|p2a: Zamazenta\n|-supereffective|p2a: Zamazenta\n|-damage|p2a: Zamazenta|51/100\n|\n|upkeep\n|turn|4\n|\n|t:|1775661980\n|move|p2b: Calyrex|Protect|p2b: Calyrex\n|-singleturn|p2b: Calyrex|Protect\n|move|p1b: Flutter Mane|Shadow Ball|p2b: Calyrex\n|-activate|p2b: Calyrex|move: Protect\n|move|p2a: Zamazenta|Behemoth Bash|p1b: Flutter Mane\n|-supereffective|p1b: Flutter Mane\n|-damage|p1b: Flutter Mane|0 fnt\n|faint|p1b: Flutter Mane\n|-end|p1b: Flutter Mane|Protosynthesis|[silent]\n|move|p1a: Zamazenta|Body Press|p2a: Zamazenta\n|-supereffective|p2a: Zamazenta\n|-damage|p2a: Zamazenta|1/100\n|\n|upkeep\n|\n|t:|1775661992\n|switch|p1b: Calyrex|Calyrex-Shadow, L50|100/100\n|-ability|p1b: Calyrex|As One\n|-ability|p1b: Calyrex|Unnerve\n|turn|5\n|\n|t:|1775662000\n|-terastallize|p1b: Calyrex|Dark\n|-terastallize|p2b: Calyrex|Ghost\n|move|p2a: Zamazenta|Wide Guard|p2a: Zamazenta\n|-singleturn|p2a: Zamazenta|Wide Guard\n|move|p1b: Calyrex|Dark Pulse|p2b: Calyrex\n|-supereffective|p2b: Calyrex\n|-damage|p2b: Calyrex|0 fnt\n|faint|p2b: Calyrex\n|-ability|p1b: Calyrex|Grim Neigh|boost\n|-boost|p1b: Calyrex|spa|1\n|move|p1a: Zamazenta|Body Press|p2a: Zamazenta\n|-supereffective|p2a: Zamazenta\n|-damage|p2a: Zamazenta|0 fnt\n|faint|p2a: Zamazenta\n|\n|win|darkest_contender\n|raw|darkest_contender's rating: 1487 &rarr; <strong>1510</strong><br />(+23 for winning)\n|raw|bullgod4ever's rating: 1537 &rarr; <strong>1514</strong><br />(-23 for losing)\n|l|\u2606bullgod4ever\n|player|p2|\n|l|\u2606darkest_contender\n|player|p1|\n","uploadtime":1775662242,"views":9,"formatid":"gen9vgc2026regi","rating":1510,"private":0,"password":null}