{"id":"gen9vgc2026regi-2558843620","format":"[Gen 9] VGC 2026 Reg I","players":["blackred123","zizoudz"],"log":"|j|\u2606blackred123\n|j|\u2606zizoudz\n|t:|1773492245\n|gametype|doubles\n|player|p1|blackred123|iono-masters|1249\n|player|p2|zizoudz|zinnia|1330\n|gen|9\n|tier|[Gen 9] VGC 2026 Reg I\n|rated|\n|rule|Species Clause: Limit one of each Pok\u00e9mon\n|rule|Item Clause: Limit 1 of each item\n|clearpoke\n|poke|p1|Kyogre, L50|\n|poke|p1|Zamazenta-*, L50|\n|poke|p1|Chien-Pao, L50|\n|poke|p1|Amoonguss, L50, F|\n|poke|p1|Dragonite, L50, M|\n|poke|p1|Rillaboom, L50, M|\n|poke|p2|Calyrex-Ice, L50|\n|poke|p2|Indeedee-F, L50, F|\n|poke|p2|Lunala, L50|\n|poke|p2|Torkoal, L50, M|\n|poke|p2|Raging Bolt, L50|\n|poke|p2|Smeargle, L50, F|\n|teampreview|4\n|inactive|Battle timer is ON: inactive players will automatically lose when time's up. (requested by zizoudz)\n|inactive|blackred123 also wants the timer to be on.\n|\n|t:|1773492261\n|teamsize|p1|4\n|teamsize|p2|4\n|start\n|switch|p1a: Zamazenta|Zamazenta-Crowned, L50|100/100\n|switch|p1b: Chien-Pao|Chien-Pao, L50|100/100\n|switch|p2a: Indeedee|Indeedee-F, L50, F|100/100\n|switch|p2b: Lunala|Lunala, L50|100/100\n|-ability|p1b: Chien-Pao|Sword of Ruin\n|-ability|p1a: Zamazenta|Dauntless Shield|boost\n|-boost|p1a: Zamazenta|def|1\n|-fieldstart|move: Psychic Terrain|[from] ability: Psychic Surge|[of] p2a: Indeedee\n|turn|1\n|\n|t:|1773492282\n|move|p2a: Indeedee|Follow Me|p2a: Indeedee\n|-singleturn|p2a: Indeedee|move: Follow Me\n|move|p1b: Chien-Pao|Ice Spinner|p2a: Indeedee\n|-damage|p2a: Indeedee|51/100\n|-fieldend|move: Psychic Terrain\n|move|p1a: Zamazenta|Body Press|p2a: Indeedee\n|-damage|p2a: Indeedee|0 fnt\n|faint|p2a: Indeedee\n|move|p2b: Lunala|Trick Room|p2b: Lunala\n|-fieldstart|move: Trick Room|[of] p2b: Lunala\n|\n|upkeep\n|\n|t:|1773492293\n|switch|p2a: Raging Bolt|Raging Bolt, L50|100/100\n|turn|2\n|inactive|zizoudz has 30 seconds left.\n|\n|t:|1773492322\n|-terastallize|p2b: Lunala|Water\n|move|p1b: Chien-Pao|Sucker Punch|p2b: Lunala\n|-damage|p2b: Lunala|83/100\n|move|p2a: Raging Bolt|Thunderbolt|p1a: Zamazenta\n|-damage|p1a: Zamazenta|62/100\n|move|p2b: Lunala|Meteor Beam||[still]\n|-prepare|p2b: Lunala|Meteor Beam\n|-boost|p2b: Lunala|spa|1\n|-enditem|p2b: Lunala|Power Herb\n|-anim|p2b: Lunala|Meteor Beam|p1b: Chien-Pao\n|-supereffective|p1b: Chien-Pao\n|-enditem|p1b: Chien-Pao|Focus Sash\n|-damage|p1b: Chien-Pao|1/100\n|move|p1a: Zamazenta|Body Press|p2a: Raging Bolt\n|-damage|p2a: Raging Bolt|17/100\n|\n|upkeep\n|turn|3\n|inactive|blackred123 has 30 seconds left.\n|inactive|zizoudz has 30 seconds left.\n|\n|t:|1773492356\n|-terastallize|p1a: Zamazenta|Grass\n|move|p2a: Raging Bolt|Thunderclap||[still]\n|-fail|p2a: Raging Bolt\n|move|p2b: Lunala|Moongeist Beam|p1a: Zamazenta\n|-damage|p1a: Zamazenta|0 fnt\n|faint|p1a: Zamazenta\n|move|p1b: Chien-Pao|Taunt|p2b: Lunala\n|-start|p2b: Lunala|move: Taunt\n|\n|upkeep\n|\n|t:|1773492373\n|switch|p1a: Rillaboom|Rillaboom, L50, M|100/100\n|-fieldstart|move: Grassy Terrain|[from] ability: Grassy Surge|[of] p1a: Rillaboom\n|turn|4\n|\n|t:|1773492385\n|move|p1a: Rillaboom|Fake Out|p2a: Raging Bolt\n|-damage|p2a: Raging Bolt|4/100\n|cant|p2a: Raging Bolt|flinch\n|move|p1b: Chien-Pao|Sucker Punch|p2b: Lunala\n|-damage|p2b: Lunala|50/100\n|move|p2b: Lunala|Moongeist Beam|p1a: Rillaboom\n|-damage|p1a: Rillaboom|35/100\n|\n|-heal|p2a: Raging Bolt|10/100|[from] Grassy Terrain\n|-heal|p1a: Rillaboom|41/100|[from] Grassy Terrain\n|-heal|p2b: Lunala|56/100|[from] Grassy Terrain\n|-heal|p1b: Chien-Pao|7/100|[from] Grassy Terrain\n|upkeep\n|turn|5\n|\n|t:|1773492405\n|switch|p2b: Calyrex|Calyrex-Ice, L50|100/100\n|-ability|p2b: Calyrex|As One\n|-ability|p2b: Calyrex|Unnerve\n|move|p1b: Chien-Pao|Protect|p1b: Chien-Pao\n|-singleturn|p1b: Chien-Pao|Protect\n|move|p2a: Raging Bolt|Thunderclap||[still]\n|-fail|p2a: Raging Bolt\n|move|p1a: Rillaboom|Grassy Glide|p2a: Raging Bolt\n|-resisted|p2a: Raging Bolt\n|-damage|p2a: Raging Bolt|0 fnt\n|faint|p2a: Raging Bolt\n|-end|p2a: Raging Bolt|Protosynthesis|[silent]\n|\n|-heal|p1a: Rillaboom|47/100|[from] Grassy Terrain\n|-heal|p1b: Chien-Pao|13/100|[from] Grassy Terrain\n|-fieldend|move: Trick Room\n|upkeep\n|\n|t:|1773492420\n|switch|p2a: Lunala|Lunala, L50, tera:Water|56/100\n|turn|6\n|\n|t:|1773492430\n|move|p1b: Chien-Pao|Taunt|p2b: Calyrex\n|-start|p2b: Calyrex|move: Taunt\n|move|p1a: Rillaboom|Wood Hammer|p2a: Lunala\n|-supereffective|p2a: Lunala\n|-damage|p2a: Lunala|0 fnt\n|faint|p2a: Lunala\n|-damage|p1a: Rillaboom|26/100|[from] Recoil\n|move|p2b: Calyrex|Glacial Lance|p1a: Rillaboom|[spread] p1a,p1b\n|-supereffective|p1a: Rillaboom\n|-resisted|p1b: Chien-Pao\n|-damage|p1a: Rillaboom|0 fnt\n|-damage|p1b: Chien-Pao|0 fnt\n|faint|p1a: Rillaboom\n|faint|p1b: Chien-Pao\n|-ability|p2b: Calyrex|Chilling Neigh|boost\n|-boost|p2b: Calyrex|atk|2\n|\n|upkeep\n|\n|t:|1773492439\n|switch|p1b: Kyogre|Kyogre, L50|100/100\n|-weather|RainDance|[from] ability: Drizzle|[of] p1b: Kyogre\n|turn|7\n|\n|t:|1773492450\n|move|p1b: Kyogre|Origin Pulse|p2b: Calyrex\n|-damage|p2b: Calyrex|40/100\n|move|p2b: Calyrex|Close Combat|p1b: Kyogre\n|-damage|p1b: Kyogre|5/100\n|-unboost|p2b: Calyrex|def|1\n|-unboost|p2b: Calyrex|spd|1\n|\n|-weather|RainDance|[upkeep]\n|-heal|p1b: Kyogre|11/100|[from] Grassy Terrain\n|-heal|p2b: Calyrex|45/100|[from] Grassy Terrain\n|upkeep\n|turn|8\n|\n|t:|1773492460\n|move|p1b: Kyogre|Origin Pulse|p2b: Calyrex|[miss]\n|-miss|p1b: Kyogre|p2b: Calyrex\n|move|p2b: Calyrex|Close Combat|p1b: Kyogre\n|-damage|p1b: Kyogre|0 fnt\n|-unboost|p2b: Calyrex|def|1\n|-unboost|p2b: Calyrex|spd|1\n|faint|p1b: Kyogre\n|\n|win|zizoudz\n|raw|blackred123's rating: 1249 &rarr; <strong>1230</strong><br />(-19 for losing)\n|raw|zizoudz's rating: 1330 &rarr; <strong>1345</strong><br />(+15 for winning)\n","uploadtime":1773492463,"views":17,"formatid":"gen9vgc2026regi","rating":1230,"private":0,"password":null}