{"id":"gen9vgc2026regi-2558555706","format":"[Gen 9] VGC 2026 Reg I","players":["D4RKEVA","DontFuckWithMeBro"],"log":"|j|\u2606D4RKEVA\n|j|\u2606DontFuckWithMeBro\n|t:|1773447054\n|gametype|doubles\n|player|p1|D4RKEVA|266|1187\n|player|p2|DontFuckWithMeBro|266|1133\n|gen|9\n|tier|[Gen 9] VGC 2026 Reg I\n|rated|\n|rule|Species Clause: Limit one of each Pok\u00e9mon\n|rule|Item Clause: Limit 1 of each item\n|clearpoke\n|poke|p1|Raging Bolt, L50|\n|poke|p1|Chien-Pao, L50|\n|poke|p1|Calyrex-Shadow, L50|\n|poke|p1|Rillaboom, L50, M|\n|poke|p1|Amoonguss, L50, M|\n|poke|p1|Zamazenta-*, L50|\n|poke|p2|Calyrex-Ice, L50|\n|poke|p2|Drifblim, L50, F|\n|poke|p2|Incineroar, L50, F|\n|poke|p2|Miraidon, L50|\n|poke|p2|Ditto, L50|\n|poke|p2|Ursaluna-Bloodmoon, L50, M|\n|teampreview|4\n|inactive|Battle timer is ON: inactive players will automatically lose when time's up. (requested by D4RKEVA)\n|\n|t:|1773447074\n|teamsize|p1|4\n|teamsize|p2|4\n|start\n|switch|p1a: Chien-Pao|Chien-Pao, L50|100/100\n|switch|p1b: Rillaboom|Rillaboom, L50, M|100/100\n|switch|p2a: Drifblim|Drifblim, L50, F|100/100\n|switch|p2b: Miraidon|Miraidon, L50|100/100\n|-ability|p1a: Chien-Pao|Sword of Ruin\n|-fieldstart|move: Electric Terrain|[from] ability: Hadron Engine|[of] p2b: Miraidon\n|-enditem|p2a: Drifblim|Electric Seed\n|-boost|p2a: Drifblim|def|1|[from] item: Electric Seed\n|-fieldstart|move: Grassy Terrain|[from] ability: Grassy Surge|[of] p1b: Rillaboom\n|turn|1\n|inactive|DontFuckWithMeBro has 30 seconds left.\n|\n|t:|1773447100\n|-terastallize|p1a: Chien-Pao|Stellar\n|-terastallize|p2b: Miraidon|Electric\n|move|p1b: Rillaboom|Fake Out|p2b: Miraidon\n|-crit|p2b: Miraidon\n|-damage|p2b: Miraidon|79/100\n|move|p2a: Drifblim|Minimize|p2a: Drifblim\n|-boost|p2a: Drifblim|evasion|2\n|move|p1a: Chien-Pao|Ice Spinner|p2a: Drifblim|[miss]\n|-miss|p1a: Chien-Pao|p2a: Drifblim\n|cant|p2b: Miraidon|flinch\n|\n|-heal|p2b: Miraidon|85/100|[from] Grassy Terrain\n|upkeep\n|turn|2\n|c|\u2606D4RKEVA|Fucing cringe\n|c|\u2606D4RKEVA|80% chance\n|inactive|D4RKEVA has 30 seconds left.\n|c|\u2606D4RKEVA|How to not plax the game\n|inactive|D4RKEVA has 20 seconds left.\n|inactive|D4RKEVA has 15 seconds left.\n|c|\u2606DontFuckWithMeBro|Ur hitting the next one anyways\n|\n|t:|1773447144\n|move|p2a: Drifblim|Minimize|p2a: Drifblim\n|-boost|p2a: Drifblim|evasion|2\n|move|p1a: Chien-Pao|Taunt|p2a: Drifblim\n|-start|p2a: Drifblim|move: Taunt\n|move|p2b: Miraidon|Volt Switch|p1a: Chien-Pao\n|-damage|p1a: Chien-Pao|24/100\n|c|\u2606DontFuckWithMeBro|Ahhh smart\n|c|\u2606D4RKEVA|Sure buddy\n|c|\u2606D4RKEVA|sure\n|\n|t:|1773447156\n|switch|p2b: Ditto|Ditto, L50|100/100|[from] Volt Switch\n|-transform|p2b: Ditto|p1a: Chien-Pao|[from] ability: Imposter\n|-ability|p2b: Ditto|Sword of Ruin\n|move|p1b: Rillaboom|U-turn|p2b: Ditto\n|-supereffective|p2b: Ditto\n|-crit|p2b: Ditto\n|-enditem|p2b: Ditto|Focus Sash\n|-damage|p2b: Ditto|1/100\n|c|\u2606D4RKEVA|i miss 99/100\n|c|\u2606D4RKEVA|cuz cringe shit\n|\n|t:|1773447169\n|switch|p1b: Zamazenta|Zamazenta-Crowned, L50|100/100|[from] U-turn\n|-ability|p1b: Zamazenta|Dauntless Shield|boost\n|-boost|p1b: Zamazenta|def|1\n|\n|-heal|p1a: Chien-Pao|30/100|[from] Grassy Terrain\n|-heal|p2b: Ditto|7/100|[from] Grassy Terrain\n|upkeep\n|-start|p2b: Ditto|typechange|Dark/Ice|[silent]\n|turn|3\n|c|\u2606DontFuckWithMeBro|Ehh doubt\n|c|\u2606D4RKEVA|Idk why youd play evasion shit\n|inactive|DontFuckWithMeBro has 30 seconds left.\n|c|\u2606DontFuckWithMeBro|cause fuck this format\n|inactive|DontFuckWithMeBro has 20 seconds left.\n|\n|t:|1773447206\n|switch|p1a: Rillaboom|Rillaboom, L50, M|100/100\n|move|p2a: Drifblim|Shadow Ball|p1b: Zamazenta\n|-damage|p1b: Zamazenta|81/100\n|move|p2b: Ditto|Ice Spinner|p1a: Rillaboom\n|-supereffective|p1a: Rillaboom\n|-damage|p1a: Rillaboom|0 fnt\n|-fieldend|move: Grassy Terrain\n|faint|p1a: Rillaboom\n|move|p1b: Zamazenta|Body Press|p2b: Ditto\n|-supereffective|p2b: Ditto\n|-damage|p2b: Ditto|0 fnt\n|faint|p2b: Ditto\n|\n|upkeep\n|c|\u2606D4RKEVA|agree on that\n|c|\u2606D4RKEVA|but just avoid it then and fuck their stupid ideas\n|c|\u2606DontFuckWithMeBro|I got shit to go to\n|inactive|D4RKEVA has 30 seconds left.\n|inactive|DontFuckWithMeBro has 30 seconds left.\n|\n|t:|1773447239\n|switch|p1a: Calyrex|Calyrex-Shadow, L50|100/100\n|switch|p2b: Miraidon|Miraidon, L50, tera:Electric|85/100\n|-ability|p1a: Calyrex|As One\n|-ability|p1a: Calyrex|Unnerve\n|-fieldstart|move: Electric Terrain|[from] ability: Hadron Engine|[of] p2b: Miraidon\n|turn|4\n|\n|t:|1773447253\n|move|p2a: Drifblim|Shadow Ball|p1a: Calyrex\n|-supereffective|p1a: Calyrex\n|-enditem|p1a: Calyrex|Focus Sash\n|-damage|p1a: Calyrex|1/100\n|move|p1a: Calyrex|Astral Barrage|p2a: Drifblim|[spread] p2b\n|-miss|p1a: Calyrex|p2a: Drifblim\n|-damage|p2b: Miraidon|58/100\n|move|p2b: Miraidon|Electro Drift|p1b: Zamazenta\n|-damage|p1b: Zamazenta|0 fnt\n|faint|p1b: Zamazenta\n|\n|upkeep\n|c|\u2606D4RKEVA|I miss 99/100\n|c|\u2606D4RKEVA|Cuz its always rng\n|c|\u2606D4RKEVA|that wins vs me\n|c|\u2606D4RKEVA|already got frozen from\n|inactive|D4RKEVA has 30 seconds left.\n|c|\u2606D4RKEVA|3/3 ice beams\n|c|\u2606D4RKEVA|today\n|\n|t:|1773447284\n|switch|p1b: Chien-Pao|Chien-Pao, L50, tera:Stellar|30/100\n|-ability|p1b: Chien-Pao|Sword of Ruin\n|turn|5\n|\n|t:|1773447300\n|switch|p2b: Ursaluna|Ursaluna-Bloodmoon, L50, M|100/100\n|move|p1b: Chien-Pao|Sucker Punch|p2a: Drifblim|[miss]\n|-miss|p1b: Chien-Pao|p2a: Drifblim\n|move|p2a: Drifblim|Shadow Ball|p1a: Calyrex\n|-supereffective|p1a: Calyrex\n|-crit|p1a: Calyrex\n|-damage|p1a: Calyrex|0 fnt\n|faint|p1a: Calyrex\n|\n|-end|p2a: Drifblim|move: Taunt\n|upkeep\n|turn|6\n|c|\u2606D4RKEVA|EASY\n|c|\u2606D4RKEVA|FUCKAIHd\n|c|\u2606D4RKEVA|a\n|c|\u2606D4RKEVA|f\n|c|\u2606D4RKEVA|s\n|c|\u2606D4RKEVA|dd\n|c|\u2606D4RKEVA|a\n|c|\u2606D4RKEVA|f\n|c|\u2606D4RKEVA|s\n|c|\u2606D4RKEVA|f\n|-message|D4RKEVA forfeited.\n|\n|win|DontFuckWithMeBro\n|raw|D4RKEVA's rating: 1187 &rarr; <strong>1158</strong><br />(-29 for losing)\n|raw|DontFuckWithMeBro's rating: 1133 &rarr; <strong>1162</strong><br />(+29 for winning)\n|l|\u2606D4RKEVA\n|player|p1|\n|c|\u2606DontFuckWithMeBro|It owuldnt kill\n|c|\u2606DontFuckWithMeBro|Anyways\n","uploadtime":1773447315,"views":14,"formatid":"gen9vgc2026regi","rating":1158,"private":0,"password":null}