{"id":"gen9vgc2026regi-2580403746","format":"[Gen 9] VGC 2026 Reg I","players":["TheNamesBetty","chatonbrutal"],"log":"|j|\u2606TheNamesBetty\n|j|\u2606chatonbrutal\n|t:|1775891298\n|gametype|doubles\n|player|p1|TheNamesBetty|koga|1372\n|player|p2|chatonbrutal|colress|1314\n|gen|9\n|tier|[Gen 9] VGC 2026 Reg I\n|rated|\n|rule|Species Clause: Limit one of each Pok\u00e9mon\n|rule|Item Clause: Limit 1 of each item\n|clearpoke\n|poke|p1|Koraidon, L50|\n|poke|p1|Calyrex-Shadow, L50|\n|poke|p1|Roaring Moon, L50|\n|poke|p1|Urshifu-*, L50, M|\n|poke|p1|Electabuzz, L50, F|\n|poke|p1|Dewgong, L50, M|\n|poke|p2|Hawlucha, L50, M|\n|poke|p2|Rillaboom, L50, M|\n|poke|p2|Urshifu-*, L50, F|\n|poke|p2|Incineroar, L50, M|\n|poke|p2|Kyogre, L50|\n|poke|p2|Calyrex-Ice, L50|\n|teampreview|4\n|\n|t:|1775891331\n|teamsize|p1|4\n|teamsize|p2|4\n|start\n|switch|p1a: Kedluben|Calyrex-Shadow, L50|100/100\n|switch|p1b: Houska se sal\u00e1mem|Urshifu, L50, M|100/100\n|switch|p2a: Incineroar|Incineroar, L50, M|100/100\n|switch|p2b: Kyogre|Kyogre, L50|100/100\n|-ability|p1a: Kedluben|As One\n|-ability|p1a: Kedluben|Unnerve\n|-weather|RainDance|[from] ability: Drizzle|[of] p2b: Kyogre\n|-ability|p2a: Incineroar|Intimidate|boost\n|-unboost|p1a: Kedluben|atk|1\n|-unboost|p1b: Houska se sal\u00e1mem|atk|1\n|turn|1\n|\n|t:|1775891388\n|switch|p1b: Jan\u017di\u017ekaZTrocnova|Koraidon, L50|100/100\n|-weather|SunnyDay|[from] ability: Orichalcum Pulse|[of] p1b: Jan\u017di\u017ekaZTrocnova\n|-activate|p1b: Jan\u017di\u017ekaZTrocnova|Orichalcum Pulse|[source]\n|-terastallize|p1a: Kedluben|Dark\n|move|p2a: Incineroar|Fake Out|p1b: Jan\u017di\u017ekaZTrocnova\n|-damage|p1b: Jan\u017di\u017ekaZTrocnova|92/100\n|move|p1a: Kedluben|Astral Barrage|p2a: Incineroar|[spread] p2a,p2b\n|-resisted|p2a: Incineroar\n|-crit|p2a: Incineroar\n|-damage|p2a: Incineroar|51/100\n|-damage|p2b: Kyogre|46/100\n|-damage|p1a: Kedluben|91/100|[from] item: Life Orb\n|move|p2b: Kyogre|Origin Pulse|p1a: Kedluben|[spread] p1a,p1b\n|-resisted|p1b: Jan\u017di\u017ekaZTrocnova\n|-damage|p1a: Kedluben|62/100\n|-damage|p1b: Jan\u017di\u017ekaZTrocnova|81/100\n|\n|-weather|SunnyDay|[upkeep]\n|upkeep\n|turn|2\n|\n|t:|1775891413\n|move|p2b: Kyogre|Protect|p2b: Kyogre\n|-singleturn|p2b: Kyogre|Protect\n|move|p1a: Kedluben|Astral Barrage|p2a: Incineroar|[spread] p2a\n|-activate|p2b: Kyogre|move: Protect\n|-resisted|p2a: Incineroar\n|-damage|p2a: Incineroar|20/100\n|-damage|p1a: Kedluben|52/100|[from] item: Life Orb\n|move|p1b: Jan\u017di\u017ekaZTrocnova|Collision Course|p2a: Incineroar\n|-supereffective|p2a: Incineroar\n|-damage|p2a: Incineroar|0 fnt\n|faint|p2a: Incineroar\n|\n|-weather|SunnyDay|[upkeep]\n|upkeep\n|\n|t:|1775891433\n|switch|p2a: Urshifu|Urshifu-Rapid-Strike, L50, F|100/100\n|turn|3\n|\n|t:|1775891462\n|switch|p1a: DDDMaxVerstappen|Dewgong, L50, M|100/100\n|switch|p2b: Calyrex|Calyrex-Ice, L50|100/100\n|-ability|p2b: Calyrex|As One\n|-ability|p2b: Calyrex|Unnerve\n|move|p2a: Urshifu|U-turn|p1a: DDDMaxVerstappen\n|-damage|p1a: DDDMaxVerstappen|73/100\n|\n|t:|1775891471\n|switch|p2a: Kyogre|Kyogre, L50|46/100|[from] U-turn\n|-weather|RainDance|[from] ability: Drizzle|[of] p2a: Kyogre\n|move|p1b: Jan\u017di\u017ekaZTrocnova|Collision Course|p2b: Calyrex\n|-damage|p2b: Calyrex|65/100\n|\n|-weather|RainDance|[upkeep]\n|-heal|p2b: Calyrex|71/100|[from] item: Leftovers\n|upkeep\n|turn|4\n|\n|t:|1775891506\n|move|p2a: Kyogre|Protect|p2a: Kyogre\n|-singleturn|p2a: Kyogre|Protect\n|move|p1a: DDDMaxVerstappen|Fake Out|p2b: Calyrex\n|-damage|p2b: Calyrex|66/100\n|move|p1b: Jan\u017di\u017ekaZTrocnova|Collision Course|p2a: Kyogre\n|-activate|p2a: Kyogre|move: Protect\n|cant|p2b: Calyrex|flinch\n|\n|-weather|RainDance|[upkeep]\n|-heal|p2b: Calyrex|72/100|[from] item: Leftovers\n|upkeep\n|turn|5\n|\n|t:|1775891541\n|switch|p1a: Houska se sal\u00e1mem|Urshifu, L50, M|100/100\n|move|p1b: Jan\u017di\u017ekaZTrocnova|Collision Course|p2a: Kyogre\n|-damage|p2a: Kyogre|0 fnt\n|faint|p2a: Kyogre\n|move|p2b: Calyrex|Trick Room|p2b: Calyrex\n|-fieldstart|move: Trick Room|[of] p2b: Calyrex\n|\n|-weather|RainDance|[upkeep]\n|-heal|p2b: Calyrex|78/100|[from] item: Leftovers\n|upkeep\n|\n|t:|1775891551\n|switch|p2a: Urshifu|Urshifu-Rapid-Strike, L50, F|100/100\n|turn|6\n|\n|t:|1775891597\n|switch|p1b: DDDMaxVerstappen|Dewgong, L50, M|73/100\n|-terastallize|p2a: Urshifu|Water\n|move|p2b: Calyrex|Protect|p2b: Calyrex\n|-singleturn|p2b: Calyrex|Protect\n|move|p1a: Houska se sal\u00e1mem|Sucker Punch||[still]\n|-fail|p1a: Houska se sal\u00e1mem\n|move|p2a: Urshifu|Surging Strikes|p1a: Houska se sal\u00e1mem\n|-crit|p1a: Houska se sal\u00e1mem\n|-damage|p1a: Houska se sal\u00e1mem|49/100\n|-crit|p1a: Houska se sal\u00e1mem\n|-damage|p1a: Houska se sal\u00e1mem|4/100\n|-crit|p1a: Houska se sal\u00e1mem\n|-damage|p1a: Houska se sal\u00e1mem|0 fnt\n|faint|p1a: Houska se sal\u00e1mem\n|-hitcount|p1: Houska se sal\u00e1mem|3\n|\n|-weather|RainDance|[upkeep]\n|-heal|p2b: Calyrex|84/100|[from] item: Leftovers\n|upkeep\n|\n|t:|1775891613\n|switch|p1a: Jan\u017di\u017ekaZTrocnova|Koraidon, L50|81/100\n|-weather|SunnyDay|[from] ability: Orichalcum Pulse|[of] p1a: Jan\u017di\u017ekaZTrocnova\n|-activate|p1a: Jan\u017di\u017ekaZTrocnova|Orichalcum Pulse|[source]\n|turn|7\n|\n|t:|1775891630\n|move|p1a: Jan\u017di\u017ekaZTrocnova|Protect|p1a: Jan\u017di\u017ekaZTrocnova\n|-singleturn|p1a: Jan\u017di\u017ekaZTrocnova|Protect\n|move|p2b: Calyrex|Glacial Lance|p1b: DDDMaxVerstappen|[spread] p1b\n|-activate|p1a: Jan\u017di\u017ekaZTrocnova|move: Protect\n|-resisted|p1b: DDDMaxVerstappen\n|-damage|p1b: DDDMaxVerstappen|65/100\n|move|p1b: DDDMaxVerstappen|Perish Song|p1b: DDDMaxVerstappen\n|-start|p1a: Jan\u017di\u017ekaZTrocnova|perish3|[silent]\n|-start|p1b: DDDMaxVerstappen|perish3|[silent]\n|-start|p2a: Urshifu|perish3|[silent]\n|-start|p2b: Calyrex|perish3|[silent]\n|-fieldactivate|move: Perish Song\n|move|p2a: Urshifu|Surging Strikes|p1a: Jan\u017di\u017ekaZTrocnova\n|-resisted|p1a: Jan\u017di\u017ekaZTrocnova\n|-crit|p1a: Jan\u017di\u017ekaZTrocnova\n|-damage|p1a: Jan\u017di\u017ekaZTrocnova|75/100\n|-resisted|p1a: Jan\u017di\u017ekaZTrocnova\n|-crit|p1a: Jan\u017di\u017ekaZTrocnova\n|-damage|p1a: Jan\u017di\u017ekaZTrocnova|69/100\n|-resisted|p1a: Jan\u017di\u017ekaZTrocnova\n|-crit|p1a: Jan\u017di\u017ekaZTrocnova\n|-damage|p1a: Jan\u017di\u017ekaZTrocnova|64/100\n|-hitcount|p1a: Jan\u017di\u017ekaZTrocnova|3\n|\n|-weather|SunnyDay|[upkeep]\n|-heal|p2b: Calyrex|89/100|[from] item: Leftovers\n|-start|p2b: Calyrex|perish3\n|-start|p1b: DDDMaxVerstappen|perish3\n|-start|p1a: Jan\u017di\u017ekaZTrocnova|perish3\n|-start|p2a: Urshifu|perish3\n|upkeep\n|turn|8\n|\n|t:|1775891656\n|switch|p1b: Kedluben|Calyrex-Shadow, L50, tera:Dark|52/100\n|-ability|p1b: Kedluben|As One\n|-ability|p1b: Kedluben|Unnerve\n|move|p1a: Jan\u017di\u017ekaZTrocnova|Protect||[still]\n|-fail|p1a: Jan\u017di\u017ekaZTrocnova\n|move|p2b: Calyrex|Glacial Lance|p1b: Kedluben|[spread] p1a,p1b\n|-supereffective|p1a: Jan\u017di\u017ekaZTrocnova\n|-damage|p1a: Jan\u017di\u017ekaZTrocnova|0 fnt\n|-damage|p1b: Kedluben|0 fnt\n|faint|p1a: Jan\u017di\u017ekaZTrocnova\n|faint|p1b: Kedluben\n|-ability|p2b: Calyrex|Chilling Neigh|boost\n|-boost|p2b: Calyrex|atk|2\n|move|p2a: Urshifu|Surging Strikes|p1: Jan\u017di\u017ekaZTrocnova|[notarget]\n|-fail|p2a: Urshifu\n|\n|-weather|SunnyDay|[upkeep]\n|-heal|p2b: Calyrex|95/100|[from] item: Leftovers\n|-start|p2b: Calyrex|perish2\n|-start|p2a: Urshifu|perish2\n|upkeep\n|\n|t:|1775891660\n|switch|p1b: DDDMaxVerstappen|Dewgong, L50, M|65/100\n|turn|9\n|\n|t:|1775891683\n|move|p1b: DDDMaxVerstappen|Fake Out|p2b: Calyrex\n|-damage|p2b: Calyrex|91/100\n|cant|p2b: Calyrex|flinch\n|move|p2a: Urshifu|Surging Strikes|p1b: DDDMaxVerstappen\n|-resisted|p1b: DDDMaxVerstappen\n|-crit|p1b: DDDMaxVerstappen\n|-damage|p1b: DDDMaxVerstappen|58/100\n|-resisted|p1b: DDDMaxVerstappen\n|-crit|p1b: DDDMaxVerstappen\n|-damage|p1b: DDDMaxVerstappen|51/100\n|-resisted|p1b: DDDMaxVerstappen\n|-crit|p1b: DDDMaxVerstappen\n|-damage|p1b: DDDMaxVerstappen|44/100\n|-hitcount|p1b: DDDMaxVerstappen|3\n|\n|-weather|SunnyDay|[upkeep]\n|-heal|p2b: Calyrex|97/100|[from] item: Leftovers\n|-start|p2b: Calyrex|perish1\n|-start|p2a: Urshifu|perish1\n|-fieldend|move: Trick Room\n|upkeep\n|turn|10\n|c|\u2606chatonbrutal|gg\n|c|\u2606TheNamesBetty|Dewgong you goat!\n|c|\u2606TheNamesBetty|gg\n|\n|t:|1775891702\n|move|p1b: DDDMaxVerstappen|Protect|p1b: DDDMaxVerstappen\n|-singleturn|p1b: DDDMaxVerstappen|Protect\n|move|p2a: Urshifu|Surging Strikes|p1b: DDDMaxVerstappen\n|-resisted|p1b: DDDMaxVerstappen\n|-crit|p1b: DDDMaxVerstappen\n|-damage|p1b: DDDMaxVerstappen|36/100\n|-resisted|p1b: DDDMaxVerstappen\n|-crit|p1b: DDDMaxVerstappen\n|-damage|p1b: DDDMaxVerstappen|29/100\n|-resisted|p1b: DDDMaxVerstappen\n|-crit|p1b: DDDMaxVerstappen\n|-damage|p1b: DDDMaxVerstappen|23/100\n|-hitcount|p1b: DDDMaxVerstappen|3\n|move|p2b: Calyrex|Glacial Lance|p1b: DDDMaxVerstappen\n|-activate|p1b: DDDMaxVerstappen|move: Protect\n|\n|-weather|SunnyDay|[upkeep]\n|-heal|p2b: Calyrex|100/100|[from] item: Leftovers\n|-start|p2a: Urshifu|perish0\n|-start|p2b: Calyrex|perish0\n|faint|p2a: Urshifu\n|faint|p2b: Calyrex\n|\n|win|TheNamesBetty\n|raw|TheNamesBetty's rating: 1372 &rarr; <strong>1389</strong><br />(+17 for winning)\n|raw|chatonbrutal's rating: 1314 &rarr; <strong>1297</strong><br />(-17 for losing)\n|l|\u2606TheNamesBetty\n|player|p1|\n|l|\u2606chatonbrutal\n|player|p2|\n","uploadtime":1775891962,"views":10,"formatid":"gen9vgc2026regi","rating":1297,"private":0,"password":null}