{"id":"gen9vgc2026regi-2541024068","format":"[Gen 9] VGC 2026 Reg I","players":["Luiszeldris","marcxhenry"],"log":"|j|\u2606Luiszeldris\n|j|\u2606marcxhenry\n|t:|1771277306\n|gametype|doubles\n|player|p1|Luiszeldris|169|1231\n|player|p2|marcxhenry|hilbert-wonderlauncher|1452\n|gen|9\n|tier|[Gen 9] VGC 2026 Reg I\n|rated|\n|rule|Species Clause: Limit one of each Pok\u00e9mon\n|rule|Item Clause: Limit 1 of each item\n|clearpoke\n|poke|p1|Urshifu-*, L50, M|\n|poke|p1|Chien-Pao, L50|\n|poke|p1|Amoonguss, L50, M|\n|poke|p1|Kyogre, L50|\n|poke|p1|Tornadus, L50, M|\n|poke|p1|Incineroar, L50, M|\n|poke|p2|Calyrex-Ice, L50|\n|poke|p2|Farigiraf, L50, F|\n|poke|p2|Conkeldurr, L50, M|\n|poke|p2|Magmortar, L50, F|\n|poke|p2|Flutter Mane, L50|\n|poke|p2|Miraidon, L50|\n|teampreview|4\n|\n|t:|1771277332\n|teamsize|p1|4\n|teamsize|p2|4\n|start\n|switch|p1a: Chien-Pao|Chien-Pao, L50, shiny|100/100\n|switch|p1b: Tornadus|Tornadus, L50, M|100/100\n|switch|p2a: Farigiraf|Farigiraf, L50, F, shiny|100/100\n|switch|p2b: Conkeldurr|Conkeldurr, L50, M, shiny|100/100\n|-ability|p1a: Chien-Pao|Sword of Ruin\n|turn|1\n|\n|t:|1771277357\n|-terastallize|p2a: Farigiraf|Fairy\n|move|p2b: Conkeldurr|Wide Guard|p2b: Conkeldurr\n|-singleturn|p2b: Conkeldurr|Wide Guard\n|move|p1a: Chien-Pao|Sacred Sword|p2a: Farigiraf\n|-resisted|p2a: Farigiraf\n|-crit|p2a: Farigiraf\n|-damage|p2a: Farigiraf|73/100\n|move|p1b: Tornadus|Bleakwind Storm|p2b: Conkeldurr|[spread] \n|-activate|p2a: Farigiraf|move: Wide Guard\n|-activate|p2b: Conkeldurr|move: Wide Guard\n|move|p2a: Farigiraf|Trick Room|p2a: Farigiraf\n|-fieldstart|move: Trick Room|[of] p2a: Farigiraf\n|\n|-status|p2b: Conkeldurr|brn|[from] item: Flame Orb\n|upkeep\n|turn|2\n|\n|t:|1771277378\n|move|p1a: Chien-Pao|Protect|p1a: Chien-Pao\n|-singleturn|p1a: Chien-Pao|Protect\n|move|p1b: Tornadus|Tailwind|p1b: Tornadus\n|-sidestart|p1: Luiszeldris|move: Tailwind\n|move|p2b: Conkeldurr|Thunder Punch|p1b: Tornadus\n|-supereffective|p1b: Tornadus\n|-damage|p1b: Tornadus|0 fnt\n|faint|p1b: Tornadus\n|move|p2a: Farigiraf|Hyper Voice|p1a: Chien-Pao\n|-activate|p1a: Chien-Pao|move: Protect\n|\n|-damage|p2b: Conkeldurr|94/100 brn|[from] brn\n|upkeep\n|\n|t:|1771277395\n|switch|p1b: Kyogre|Kyogre, L50|100/100\n|-weather|RainDance|[from] ability: Drizzle|[of] p1b: Kyogre\n|turn|3\n|\n|t:|1771277409\n|move|p1b: Kyogre|Protect|p1b: Kyogre\n|-singleturn|p1b: Kyogre|Protect\n|move|p1a: Chien-Pao|Protect||[still]\n|-fail|p1a: Chien-Pao\n|move|p2b: Conkeldurr|Drain Punch|p1a: Chien-Pao\n|-supereffective|p1a: Chien-Pao\n|-enditem|p1a: Chien-Pao|Focus Sash\n|-damage|p1a: Chien-Pao|1/100\n|-heal|p2b: Conkeldurr|100/100 brn|[from] drain|[of] p1a: Chien-Pao\n|move|p2a: Farigiraf|Hyper Voice|p1a: Chien-Pao|[spread] p1a\n|-activate|p1b: Kyogre|move: Protect\n|-damage|p1a: Chien-Pao|0 fnt\n|faint|p1a: Chien-Pao\n|\n|-weather|RainDance|[upkeep]\n|-damage|p2b: Conkeldurr|94/100 brn|[from] brn\n|upkeep\n|\n|t:|1771277427\n|switch|p1a: Urshifu|Urshifu-Rapid-Strike, L50, M|100/100\n|turn|4\n|\n|t:|1771277440\n|-terastallize|p1b: Kyogre|Grass\n|move|p1a: Urshifu|Aqua Jet||[still]\n|cant|p2a: Farigiraf|ability: Armor Tail|Aqua Jet|[of] p1a: Urshifu\n|move|p2b: Conkeldurr|Thunder Punch|p1a: Urshifu\n|-supereffective|p1a: Urshifu\n|-damage|p1a: Urshifu|11/100\n|move|p2a: Farigiraf|Hyper Voice|p1a: Urshifu|[spread] p1a,p1b\n|-damage|p1a: Urshifu|0 fnt\n|-damage|p1b: Kyogre|82/100\n|faint|p1a: Urshifu\n|move|p1b: Kyogre|Water Spout|p2b: Conkeldurr|[spread] p2a,p2b\n|-damage|p2a: Farigiraf|0 fnt\n|-damage|p2b: Conkeldurr|0 fnt\n|faint|p2a: Farigiraf\n|faint|p2b: Conkeldurr\n|\n|-weather|RainDance|[upkeep]\n|upkeep\n|\n|t:|1771277455\n|switch|p2b: Miraidon|Miraidon, L50|100/100\n|switch|p2a: Calyrex|Calyrex-Ice, L50|100/100\n|-ability|p2a: Calyrex|As One\n|-ability|p2a: Calyrex|Unnerve\n|-fieldstart|move: Electric Terrain|[from] ability: Hadron Engine|[of] p2b: Miraidon\n|turn|5\n|\n|t:|1771277470\n|move|p2a: Calyrex|Glacial Lance|p1b: Kyogre\n|-supereffective|p1b: Kyogre\n|-damage|p1b: Kyogre|0 fnt\n|faint|p1b: Kyogre\n|\n|win|marcxhenry\n|raw|Luiszeldris's rating: 1231 &rarr; <strong>1220</strong><br />(-11 for losing)\n|raw|marcxhenry's rating: 1452 &rarr; <strong>1461</strong><br />(+9 for winning)\n|l|\u2606Luiszeldris\n|player|p1|\n|l|\u2606marcxhenry\n|player|p2|\n","uploadtime":1771277689,"views":31,"formatid":"gen9vgc2026regi","rating":1220,"private":0,"password":null}