{"id":"gen9vgc2026regi-2577963206","format":"[Gen 9] VGC 2026 Reg I","players":["SycrasisEU","Louxciel"],"log":"|j|\u2606SycrasisEU\n|j|\u2606Louxciel\n|t:|1775627391\n|gametype|doubles\n|player|p1|SycrasisEU|byron|1229\n|player|p2|Louxciel|shadowtriad|1187\n|gen|9\n|tier|[Gen 9] VGC 2026 Reg I\n|rated|\n|rule|Species Clause: Limit one of each Pok\u00e9mon\n|rule|Item Clause: Limit 1 of each item\n|clearpoke\n|poke|p1|Koraidon, L50|\n|poke|p1|Brute Bonnet, L50|\n|poke|p1|Ho-Oh, L50|\n|poke|p1|Garganacl, L50, F|\n|poke|p1|Ceruledge, L50, F|\n|poke|p1|Walking Wake, L50|\n|poke|p2|Calyrex-Ice, L50|\n|poke|p2|Mimikyu, L50, F|\n|poke|p2|Incineroar, L50, M|\n|poke|p2|Iron Hands, L50|\n|poke|p2|Urshifu-*, L50, M|\n|poke|p2|Miraidon, L50|\n|teampreview|4\n|\n|t:|1775627437\n|teamsize|p1|4\n|teamsize|p2|4\n|start\n|switch|p1a: Garganacl|Garganacl, L50, F|100/100\n|switch|p1b: Ceruledge|Ceruledge, L50, F|100/100\n|switch|p2a: Miraidon|Miraidon, L50|100/100\n|switch|p2b: Iron Hands|Iron Hands, L50|100/100\n|-fieldstart|move: Electric Terrain|[from] ability: Hadron Engine|[of] p2a: Miraidon\n|-activate|p2b: Iron Hands|ability: Quark Drive\n|-start|p2b: Iron Hands|quarkdriveatk\n|turn|1\n|\n|t:|1775627461\n|-terastallize|p1b: Ceruledge|Grass\n|move|p2b: Iron Hands|Fake Out|p1a: Garganacl\n|-resisted|p1a: Garganacl\n|-damage|p1a: Garganacl|94/100\n|move|p2a: Miraidon|Electro Drift|p1b: Ceruledge\n|-resisted|p1b: Ceruledge\n|-damage|p1b: Ceruledge|38/100\n|move|p1b: Ceruledge|Bitter Blade|p2b: Iron Hands\n|-damage|p2b: Iron Hands|62/100\n|-heal|p1b: Ceruledge|69/100|[from] drain|[of] p2b: Iron Hands\n|cant|p1a: Garganacl|flinch\n|\n|-heal|p1a: Garganacl|99/100|[from] item: Leftovers\n|upkeep\n|turn|2\n|\n|t:|1775627487\n|move|p2a: Miraidon|Electro Drift|p1a: Garganacl\n|-damage|p1a: Garganacl|6/100\n|move|p1b: Ceruledge|Bitter Blade|p2b: Iron Hands\n|-damage|p2b: Iron Hands|28/100\n|-heal|p1b: Ceruledge|96/100|[from] drain|[of] p2b: Iron Hands\n|move|p1a: Garganacl|Salt Cure|p2a: Miraidon\n|-damage|p2a: Miraidon|87/100\n|-start|p2a: Miraidon|Salt Cure\n|move|p2b: Iron Hands|Low Kick|p1a: Garganacl\n|-supereffective|p1a: Garganacl\n|-damage|p1a: Garganacl|0 fnt\n|faint|p1a: Garganacl\n|\n|-damage|p2a: Miraidon|74/100|[from] Salt Cure\n|upkeep\n|\n|t:|1775627502\n|switch|p1a: Koraidon|Koraidon, L50, shiny|100/100\n|-weather|SunnyDay|[from] ability: Orichalcum Pulse|[of] p1a: Koraidon\n|-activate|p1a: Koraidon|Orichalcum Pulse|[source]\n|turn|3\n|\n|t:|1775627543\n|move|p1a: Koraidon|Collision Course|p2a: Miraidon\n|-damage|p2a: Miraidon|0 fnt\n|faint|p2a: Miraidon\n|move|p1b: Ceruledge|Bitter Blade|p2b: Iron Hands\n|-damage|p2b: Iron Hands|0 fnt\n|-heal|p1b: Ceruledge|100/100|[from] drain|[of] p2b: Iron Hands\n|faint|p2b: Iron Hands\n|-end|p2b: Iron Hands|Quark Drive|[silent]\n|\n|-weather|SunnyDay|[upkeep]\n|upkeep\n|\n|t:|1775627550\n|switch|p2a: Urshifu|Urshifu-Rapid-Strike, L50, M|100/100\n|switch|p2b: Calyrex|Calyrex-Ice, L50|100/100\n|-ability|p2b: Calyrex|As One\n|-ability|p2b: Calyrex|Unnerve\n|turn|4\n|\n|t:|1775627575\n|-terastallize|p2b: Calyrex|Water\n|move|p2a: Urshifu|Close Combat|p1a: Koraidon\n|-damage|p1a: Koraidon|40/100\n|-unboost|p2a: Urshifu|def|1\n|-unboost|p2a: Urshifu|spd|1\n|move|p1a: Koraidon|Collision Course|p2b: Calyrex\n|-damage|p2b: Calyrex|56/100\n|move|p1b: Ceruledge|Solar Blade||[still]\n|-prepare|p1b: Ceruledge|Solar Blade\n|-anim|p1b: Ceruledge|Solar Blade|p2a: Urshifu\n|-supereffective|p2a: Urshifu\n|-damage|p2a: Urshifu|0 fnt\n|faint|p2a: Urshifu\n|move|p2b: Calyrex|Glacial Lance|p1b: Ceruledge|[spread] p1a,p1b\n|-supereffective|p1a: Koraidon\n|-supereffective|p1b: Ceruledge\n|-damage|p1a: Koraidon|0 fnt\n|-damage|p1b: Ceruledge|0 fnt\n|faint|p1a: Koraidon\n|faint|p1b: Ceruledge\n|-ability|p2b: Calyrex|Chilling Neigh|boost\n|-boost|p2b: Calyrex|atk|2\n|\n|-weather|SunnyDay|[upkeep]\n|upkeep\n|\n|t:|1775627591\n|switch|p1b: Brute Bonnet|Brute Bonnet, L50|100/100\n|-activate|p1b: Brute Bonnet|ability: Protosynthesis\n|-start|p1b: Brute Bonnet|protosynthesisspd\n|turn|5\n|\n|t:|1775627611\n|move|p1b: Brute Bonnet|Spore|p2b: Calyrex\n|-activate|p2b: Calyrex|move: Electric Terrain\n|move|p2b: Calyrex|Glacial Lance|p1b: Brute Bonnet\n|-supereffective|p1b: Brute Bonnet\n|-damage|p1b: Brute Bonnet|0 fnt\n|faint|p1b: Brute Bonnet\n|-end|p1b: Brute Bonnet|Protosynthesis|[silent]\n|\n|win|Louxciel\n|raw|SycrasisEU's rating: 1229 &rarr; <strong>1201</strong><br />(-28 for losing)\n|raw|Louxciel's rating: 1187 &rarr; <strong>1215</strong><br />(+28 for winning)\n|l|\u2606SycrasisEU\n|player|p1|\n|l|\u2606Louxciel\n|player|p2|\n","uploadtime":1775627880,"views":10,"formatid":"gen9vgc2026regi","rating":1201,"private":0,"password":null}