{"id":"gen9vgc2026regi-2544471055","format":"[Gen 9] VGC 2026 Reg I","players":["Zorse Mentality","sskoorb"],"log":"|j|\u2606Zorse Mentality\n|j|\u2606sskoorb\n|t:|1771710698\n|gametype|doubles\n|player|p1|Zorse Mentality|1|1250\n|player|p2|sskoorb|acetrainer-gen4dp|1223\n|gen|9\n|tier|[Gen 9] VGC 2026 Reg I\n|rated|\n|rule|Species Clause: Limit one of each Pok\u00e9mon\n|rule|Item Clause: Limit 1 of each item\n|clearpoke\n|poke|p1|Calyrex-Ice, L50|\n|poke|p1|Kyogre, L50|\n|poke|p1|Tornadus, L50, M|\n|poke|p1|Indeedee-F, L50, F|\n|poke|p1|Ursaluna, L50, M|\n|poke|p1|Urshifu-*, L50, F|\n|poke|p2|Azumarill, L50, M|\n|poke|p2|Calyrex-Ice, L50|\n|poke|p2|Smeargle, L50, F|\n|poke|p2|Farigiraf, L50, M|\n|poke|p2|Miraidon, L50|\n|poke|p2|Tornadus, L50, M|\n|teampreview|4\n|c|\u2606sskoorb|glhf\n|\n|t:|1771710749\n|teamsize|p1|4\n|teamsize|p2|4\n|start\n|switch|p1a: Tornadus|Tornadus, L50, M|100/100\n|switch|p1b: Kyogre|Kyogre, L50|100/100\n|switch|p2a: Miraidon|Miraidon, L50|100/100\n|switch|p2b: Smeargle|Smeargle, L50, F|100/100\n|-fieldstart|move: Electric Terrain|[from] ability: Hadron Engine|[of] p2a: Miraidon\n|-weather|RainDance|[from] ability: Drizzle|[of] p1b: Kyogre\n|turn|1\n|inactive|Battle timer is ON: inactive players will automatically lose when time's up. (requested by Zorse Mentality)\n|\n|t:|1771710823\n|move|p1a: Tornadus|Protect|p1a: Tornadus\n|-singleturn|p1a: Tornadus|Protect\n|move|p1b: Kyogre|Protect|p1b: Kyogre\n|-singleturn|p1b: Kyogre|Protect\n|move|p2b: Smeargle|Wide Guard|p2b: Smeargle\n|-singleturn|p2b: Smeargle|Wide Guard\n|move|p2a: Miraidon|Snarl|p1a: Tornadus|[spread] \n|-activate|p1a: Tornadus|move: Protect\n|-activate|p1b: Kyogre|move: Protect\n|\n|-weather|RainDance|[upkeep]\n|-ability|p2b: Smeargle|Moody|boost\n|-boost|p2b: Smeargle|atk|2\n|-unboost|p2b: Smeargle|spd|1\n|upkeep\n|turn|2\n|inactive|Zorse Mentality has 30 seconds left.\n|inactive|Zorse Mentality has 20 seconds left.\n|inactive|Zorse Mentality has 15 seconds left.\n|inactive|Zorse Mentality has 10 seconds left.\n|inactive|Zorse Mentality has 5 seconds left.\n|\n|t:|1771710874\n|-terastallize|p1b: Kyogre|Electric\n|move|p2b: Smeargle|Wide Guard|p2b: Smeargle\n|-singleturn|p2b: Smeargle|Wide Guard\n|move|p2a: Miraidon|Electro Drift|p1a: Tornadus\n|-supereffective|p1a: Tornadus\n|-enditem|p1a: Tornadus|Focus Sash\n|-damage|p1a: Tornadus|1/100\n|-damage|p2a: Miraidon|91/100|[from] item: Life Orb\n|move|p1a: Tornadus|Bleakwind Storm|p2b: Smeargle|[spread] \n|-activate|p2a: Miraidon|move: Wide Guard\n|-activate|p2b: Smeargle|move: Wide Guard\n|move|p1b: Kyogre|Thunder|p2b: Smeargle\n|-enditem|p2b: Smeargle|Focus Sash\n|-damage|p2b: Smeargle|1/100\n|-status|p2b: Smeargle|par\n|\n|-weather|RainDance|[upkeep]\n|-ability|p2b: Smeargle|Moody|boost\n|-boost|p2b: Smeargle|def|2\n|-unboost|p2b: Smeargle|atk|1\n|upkeep\n|turn|3\n|inactive|Zorse Mentality has 30 seconds left.\n|\n|t:|1771710905\n|move|p1a: Tornadus|Protect|p1a: Tornadus\n|-singleturn|p1a: Tornadus|Protect\n|move|p2b: Smeargle|Wide Guard|p2b: Smeargle\n|-singleturn|p2b: Smeargle|Wide Guard\n|move|p2a: Miraidon|Snarl|p1a: Tornadus|[spread] p1b\n|-activate|p1a: Tornadus|move: Protect\n|-damage|p1b: Kyogre|80/100\n|-unboost|p1b: Kyogre|spa|1\n|-damage|p2a: Miraidon|81/100|[from] item: Life Orb\n|move|p1b: Kyogre|Thunder|p2b: Smeargle\n|-damage|p2b: Smeargle|0 fnt\n|faint|p2b: Smeargle\n|\n|-weather|RainDance|[upkeep]\n|upkeep\n|\n|t:|1771710920\n|switch|p2b: Calyrex|Calyrex-Ice, L50|100/100\n|-ability|p2b: Calyrex|As One\n|-ability|p2b: Calyrex|Unnerve\n|turn|4\n|inactive|Zorse Mentality has 30 seconds left.\n|inactive|Zorse Mentality has 20 seconds left.\n|inactive|Zorse Mentality has 15 seconds left.\n|\n|t:|1771710965\n|switch|p1a: Ursaluna|Ursaluna, L50, M|100/100\n|move|p2a: Miraidon|Protect|p2a: Miraidon\n|-singleturn|p2a: Miraidon|Protect\n|move|p1b: Kyogre|Protect|p1b: Kyogre\n|-singleturn|p1b: Kyogre|Protect\n|move|p2b: Calyrex|Glacial Lance|p1a: Ursaluna|[spread] p1a\n|-activate|p1b: Kyogre|move: Protect\n|-supereffective|p1a: Ursaluna\n|-damage|p1a: Ursaluna|27/100\n|\n|-weather|RainDance|[upkeep]\n|-status|p1a: Ursaluna|brn|[from] item: Flame Orb\n|upkeep\n|turn|5\n|inactive|Zorse Mentality has 30 seconds left.\n|inactive|sskoorb has 30 seconds left.\n|inactive|Zorse Mentality has 20 seconds left.\n|inactive|Zorse Mentality has 15 seconds left.\n|inactive|Zorse Mentality has 10 seconds left.\n|inactive|Zorse Mentality has 5 seconds left.\n|\n|t:|1771711020\n|move|p2b: Calyrex|Protect|p2b: Calyrex\n|-singleturn|p2b: Calyrex|Protect\n|move|p2a: Miraidon|Snarl|p1a: Ursaluna|[spread] p1a\n|-miss|p2a: Miraidon|p1b: Kyogre\n|-damage|p1a: Ursaluna|5/100 brn\n|-unboost|p1a: Ursaluna|spa|1\n|-damage|p2a: Miraidon|72/100|[from] item: Life Orb\n|move|p1b: Kyogre|Thunder|p2b: Calyrex\n|-activate|p2b: Calyrex|move: Protect\n|move|p1a: Ursaluna|Facade|p2b: Calyrex\n|-activate|p2b: Calyrex|move: Protect\n|\n|-weather|none\n|-damage|p1a: Ursaluna|0 fnt|[from] brn\n|faint|p1a: Ursaluna\n|-fieldend|move: Electric Terrain\n|upkeep\n|\n|t:|1771711040\n|switch|p1a: Tornadus|Tornadus, L50, M|1/100\n|turn|6\n|\n|t:|1771711051\n|move|p1a: Tornadus|Tailwind|p1a: Tornadus\n|-sidestart|p1: Zorse Mentality|move: Tailwind\n|move|p1b: Kyogre|Thunder|p2b: Calyrex\n|-damage|p2b: Calyrex|74/100\n|move|p2a: Miraidon|Snarl|p1b: Kyogre|[spread] p1a,p1b\n|-damage|p1a: Tornadus|0 fnt\n|-damage|p1b: Kyogre|65/100\n|-unboost|p1b: Kyogre|spa|1\n|faint|p1a: Tornadus\n|-damage|p2a: Miraidon|62/100|[from] item: Life Orb\n|move|p2b: Calyrex|Trick Room|p2b: Calyrex\n|-fieldstart|move: Trick Room|[of] p2b: Calyrex\n|\n|upkeep\n|\n|t:|1771711069\n|switch|p1a: Calyrex|Calyrex-Ice, L50|100/100\n|-ability|p1a: Calyrex|As One\n|-ability|p1a: Calyrex|Unnerve\n|turn|7\n|\n|t:|1771711094\n|move|p1b: Kyogre|Protect|p1b: Kyogre\n|-singleturn|p1b: Kyogre|Protect\n|move|p2b: Calyrex|High Horsepower|p1b: Kyogre\n|-activate|p1b: Kyogre|move: Protect\n|move|p2a: Miraidon|Snarl|p1a: Calyrex|[spread] p1a\n|-activate|p1b: Kyogre|move: Protect\n|-supereffective|p1a: Calyrex\n|-damage|p1a: Calyrex|66/100\n|-unboost|p1a: Calyrex|spa|1\n|-damage|p2a: Miraidon|52/100|[from] item: Life Orb\n|move|p1a: Calyrex|Trick Room|p1a: Calyrex\n|-fieldend|move: Trick Room\n|\n|upkeep\n|turn|8\n|\n|t:|1771711118\n|move|p1b: Kyogre|Origin Pulse|p2b: Calyrex|[spread] p2a,p2b\n|-resisted|p2a: Miraidon\n|-damage|p2a: Miraidon|40/100\n|-damage|p2b: Calyrex|57/100\n|move|p1a: Calyrex|Glacial Lance|p2b: Calyrex|[spread] p2a,p2b\n|-supereffective|p2a: Miraidon\n|-resisted|p2b: Calyrex\n|-damage|p2a: Miraidon|0 fnt\n|-damage|p2b: Calyrex|36/100\n|faint|p2a: Miraidon\n|-ability|p1a: Calyrex|Chilling Neigh|boost\n|-boost|p1a: Calyrex|atk|1\n|move|p2b: Calyrex|High Horsepower|p1b: Kyogre\n|-supereffective|p1b: Kyogre\n|-damage|p1b: Kyogre|0 fnt\n|faint|p1b: Kyogre\n|-ability|p2b: Calyrex|Chilling Neigh|boost\n|-boost|p2b: Calyrex|atk|1\n|\n|upkeep\n|inactive|sskoorb has 30 seconds left.\n|\n|t:|1771711145\n|switch|p2a: Azumarill|Azumarill, L50, M|100/100\n|turn|9\n|\n|t:|1771711159\n|-terastallize|p2b: Calyrex|Fire\n|move|p1a: Calyrex|Glacial Lance|p2b: Calyrex|[spread] p2a,p2b\n|-resisted|p2a: Azumarill\n|-resisted|p2b: Calyrex\n|-crit|p2b: Calyrex\n|-damage|p2a: Azumarill|51/100\n|-damage|p2b: Calyrex|0 fnt\n|faint|p2b: Calyrex\n|-ability|p1a: Calyrex|Chilling Neigh|boost\n|-boost|p1a: Calyrex|atk|1\n|move|p2a: Azumarill|Liquidation|p1a: Calyrex\n|-damage|p1a: Calyrex|8/100\n|\n|-sideend|p1: Zorse Mentality|move: Tailwind\n|upkeep\n|turn|10\n|\n|t:|1771711180\n|move|p1a: Calyrex|Protect|p1a: Calyrex\n|-singleturn|p1a: Calyrex|Protect\n|move|p2a: Azumarill|Liquidation|p1a: Calyrex\n|-activate|p1a: Calyrex|move: Protect\n|\n|upkeep\n|turn|11\n|\n|t:|1771711187\n|move|p1a: Calyrex|Glacial Lance|p2a: Azumarill\n|-resisted|p2a: Azumarill\n|-damage|p2a: Azumarill|0 fnt\n|faint|p2a: Azumarill\n|\n|win|Zorse Mentality\n|raw|Zorse Mentality's rating: 1250 &rarr; <strong>1273</strong><br />(+23 for winning)\n|raw|sskoorb's rating: 1223 &rarr; <strong>1200</strong><br />(-23 for losing)\n|l|\u2606Zorse Mentality\n|player|p1|\n|l|\u2606sskoorb\n|player|p2|\n","uploadtime":1771711461,"views":12,"formatid":"gen9vgc2026regi","rating":1200,"private":0,"password":null}