{"id":"gen9vgc2026regi-2514629344","format":"[Gen 9] VGC 2026 Reg I","players":["SnorlaxPikachu1","saltyalab"],"log":"|j|\u2606SnorlaxPikachu1\n|j|\u2606saltyalab\n|t:|1767892520\n|gametype|doubles\n|player|p1|SnorlaxPikachu1|palmer|1394\n|player|p2|saltyalab|265|1316\n|gen|9\n|tier|[Gen 9] VGC 2026 Reg I\n|rated|\n|rule|Species Clause: Limit one of each Pok\u00e9mon\n|rule|Item Clause: Limit 1 of each item\n|clearpoke\n|poke|p1|Terapagos, L50, M|\n|poke|p1|Calyrex-Shadow, L50|\n|poke|p1|Incineroar, L50, M|\n|poke|p1|Flutter Mane, L50|\n|poke|p1|Ogerpon-Cornerstone, L50, F|\n|poke|p1|Rillaboom, L50, F|\n|poke|p2|Koraidon, L50|\n|poke|p2|Tornadus, L50, M|\n|poke|p2|Calyrex-Shadow, L50|\n|poke|p2|Ogerpon-Cornerstone, L50, F|\n|poke|p2|Ditto, L50|\n|poke|p2|Chi-Yu, L50|\n|teampreview|4\n|inactive|Battle timer is ON: inactive players will automatically lose when time's up. (requested by saltyalab)\n|c|\u2606SnorlaxPikachu1|glhf\n|inactive|saltyalab has 60 seconds left.\n|\n|t:|1767892563\n|teamsize|p1|4\n|teamsize|p2|4\n|start\n|switch|p1a: Incineroar|Incineroar, L50, M|100/100\n|switch|p1b: Calyrex|Calyrex-Shadow, L50|100/100\n|switch|p2a: Tornadus|Tornadus, L50, M|100/100\n|switch|p2b: Calyrex|Calyrex-Shadow, L50|100/100\n|-ability|p1b: Calyrex|As One\n|-ability|p1b: Calyrex|Unnerve\n|-ability|p2b: Calyrex|As One\n|-ability|p2b: Calyrex|Unnerve\n|-ability|p1a: Incineroar|Intimidate|boost\n|-unboost|p2a: Tornadus|atk|1\n|-unboost|p2b: Calyrex|atk|1\n|turn|1\n|\n|t:|1767892588\n|-terastallize|p1b: Calyrex|Ghost\n|move|p2b: Calyrex|Astral Barrage|p1a: Incineroar|[spread] p1a,p1b\n|-resisted|p1a: Incineroar\n|-supereffective|p1b: Calyrex\n|-damage|p1a: Incineroar|74/100\n|-enditem|p1b: Calyrex|Focus Sash\n|-damage|p1b: Calyrex|1/100\n|move|p1b: Calyrex|Astral Barrage|p2b: Calyrex|[spread] p2a,p2b\n|-supereffective|p2b: Calyrex\n|-damage|p2a: Tornadus|23/100\n|-enditem|p2b: Calyrex|Focus Sash\n|-damage|p2b: Calyrex|1/100\n|move|p2a: Tornadus|Bleakwind Storm|p1a: Incineroar|[spread] p1a,p1b\n|-damage|p1a: Incineroar|43/100\n|-damage|p1b: Calyrex|0 fnt\n|-unboost|p1a: Incineroar|spe|1\n|faint|p1b: Calyrex\n|move|p1a: Incineroar|Knock Off|p2b: Calyrex\n|-supereffective|p2b: Calyrex\n|-damage|p2b: Calyrex|0 fnt\n|faint|p2b: Calyrex\n|\n|upkeep\n|\n|t:|1767892607\n|switch|p1b: Terapagos|Terapagos, L50, M|100/100\n|switch|p2b: Chi-Yu|Chi-Yu, L50|100/100\n|-activate|p1b: Terapagos|ability: Tera Shift\n|detailschange|p1b: Terapagos|Terapagos-Terastal, L50, M\n|-heal|p1b: Terapagos|100/100|[silent]\n|-ability|p2b: Chi-Yu|Beads of Ruin\n|turn|2\n|\n|t:|1767892614\n|move|p2b: Chi-Yu|Heat Wave|p1a: Incineroar|[spread] p1a\n|-miss|p2b: Chi-Yu|p1b: Terapagos\n|-resisted|p1a: Incineroar\n|-damage|p1a: Incineroar|16/100\n|move|p2a: Tornadus|Bleakwind Storm|p1a: Incineroar|[spread] p1b\n|-miss|p2a: Tornadus|p1a: Incineroar\n|-activate|p1b: Terapagos|ability: Tera Shell\n|-resisted|p1b: Terapagos\n|-damage|p1b: Terapagos|80/100\n|move|p1b: Terapagos|Tera Starstorm|p2a: Tornadus\n|-damage|p2a: Tornadus|0 fnt\n|faint|p2a: Tornadus\n|move|p1a: Incineroar|Parting Shot|p2b: Chi-Yu\n|-unboost|p2b: Chi-Yu|atk|1\n|-unboost|p2b: Chi-Yu|spa|1\n|\n|t:|1767892617\n|switch|p1a: Flutter Mane|Flutter Mane, L50|100/100|[from] Parting Shot\n|-enditem|p1a: Flutter Mane|Booster Energy\n|-activate|p1a: Flutter Mane|ability: Protosynthesis|[fromitem]\n|-start|p1a: Flutter Mane|protosynthesisspe\n|\n|-heal|p1b: Terapagos|86/100|[from] item: Leftovers\n|upkeep\n|\n|t:|1767892619\n|switch|p2a: Koraidon|Koraidon, L50|100/100\n|-weather|SunnyDay|[from] ability: Orichalcum Pulse|[of] p2a: Koraidon\n|-activate|p2a: Koraidon|Orichalcum Pulse|[source]\n|turn|3\n|j| shihevgrep1\n|j| riyuezi\n|l| shihevgrep1\n|\n|t:|1767892642\n|-terastallize|p2a: Koraidon|Fire\n|move|p1b: Terapagos|Protect|p1b: Terapagos\n|-singleturn|p1b: Terapagos|Protect\n|move|p1a: Flutter Mane|Thunder Wave|p2a: Koraidon\n|-status|p2a: Koraidon|par\n|move|p2b: Chi-Yu|Heat Wave|p1a: Flutter Mane|[spread] p1a\n|-activate|p1b: Terapagos|move: Protect\n|-damage|p1a: Flutter Mane|51/100\n|move|p2a: Koraidon|Flame Charge|p1a: Flutter Mane\n|-damage|p1a: Flutter Mane|0 fnt\n|-boost|p2a: Koraidon|spe|1\n|faint|p1a: Flutter Mane\n|-end|p1a: Flutter Mane|Protosynthesis|[silent]\n|-damage|p2a: Koraidon|91/100 par|[from] item: Life Orb\n|\n|-weather|SunnyDay|[upkeep]\n|-heal|p1b: Terapagos|93/100|[from] item: Leftovers\n|upkeep\n|\n|t:|1767892650\n|switch|p1a: Incineroar|Incineroar, L50, M|16/100\n|-ability|p1a: Incineroar|Intimidate|boost\n|-unboost|p2a: Koraidon|atk|1\n|-unboost|p2b: Chi-Yu|atk|1\n|turn|4\n|\n|t:|1767892661\n|cant|p2a: Koraidon|par\n|move|p1a: Incineroar|Fake Out|p2b: Chi-Yu\n|-damage|p2b: Chi-Yu|82/100\n|cant|p2b: Chi-Yu|flinch\n|move|p1b: Terapagos|Calm Mind|p1b: Terapagos\n|-boost|p1b: Terapagos|spa|1\n|-boost|p1b: Terapagos|spd|1\n|\n|-weather|SunnyDay|[upkeep]\n|-heal|p1b: Terapagos|99/100|[from] item: Leftovers\n|upkeep\n|turn|5\n|inactive|SnorlaxPikachu1 has 30 seconds left.\n|\n|t:|1767892688\n|move|p1b: Terapagos|Protect|p1b: Terapagos\n|-singleturn|p1b: Terapagos|Protect\n|move|p2b: Chi-Yu|Heat Wave|p1a: Incineroar|[spread] p1a\n|-activate|p1b: Terapagos|move: Protect\n|-resisted|p1a: Incineroar\n|-damage|p1a: Incineroar|0 fnt\n|faint|p1a: Incineroar\n|cant|p2a: Koraidon|par\n|\n|-weather|SunnyDay|[upkeep]\n|-heal|p1b: Terapagos|100/100|[from] item: Leftovers\n|upkeep\n|turn|6\n|\n|t:|1767892699\n|move|p2b: Chi-Yu|Heat Wave|p1b: Terapagos\n|-activate|p1b: Terapagos|ability: Tera Shell\n|-resisted|p1b: Terapagos\n|-damage|p1b: Terapagos|79/100\n|move|p2a: Koraidon|Close Combat|p1b: Terapagos\n|-supereffective|p1b: Terapagos\n|-damage|p1b: Terapagos|0 fnt\n|-unboost|p2a: Koraidon|def|1\n|-unboost|p2a: Koraidon|spd|1\n|faint|p1b: Terapagos\n|-damage|p2a: Koraidon|81/100 par|[from] item: Life Orb\n|\n|win|saltyalab\n|raw|SnorlaxPikachu1's rating: 1394 &rarr; <strong>1370</strong><br />(-24 for losing)\n|raw|saltyalab's rating: 1316 &rarr; <strong>1340</strong><br />(+24 for winning)\n|l|\u2606saltyalab\n|player|p2|\n|l|\u2606SnorlaxPikachu1\n|player|p1|\n","uploadtime":1767892843,"views":15,"formatid":"gen9vgc2026regi","rating":1340,"private":0,"password":null}