{"id":"gen9vgc2026regi-2566604797","format":"[Gen 9] VGC 2026 Reg I","players":["j0l0k0","thetailwindenjoyer"],"log":"|j|\u2606j0l0k0\n|j|\u2606thetailwindenjoyer\n|t:|1774390188\n|gametype|doubles\n|player|p1|j0l0k0|brycen|\n|player|p2|thetailwindenjoyer|102|\n|gen|9\n|tier|[Gen 9] VGC 2026 Reg I\n|rated|Tournament battle\n|rule|Species Clause: Limit one of each Pok\u00e9mon\n|rule|Item Clause: Limit 1 of each item\n|raw|<div class=\"infobox\"><details class=\"readmore\" open><summary><strong>3 custom rules:</strong></summary> Open Team Sheets, Force Open Team Sheets, !Open Team Sheets</details></div>\n|clearpoke\n|poke|p1|Calyrex-Ice, L50|\n|poke|p1|Kyogre, L50|\n|poke|p1|Indeedee-F, L50, F|\n|poke|p1|Urshifu-*, L50, F|\n|poke|p1|Amoonguss, L50, F|\n|poke|p1|Landorus, L50, M|\n|poke|p2|Iron Hands, L50|\n|poke|p2|Incineroar, L50, F|\n|poke|p2|Calyrex-Shadow, L50|\n|poke|p2|Whimsicott, L50, M|\n|poke|p2|Farigiraf, L50, M|\n|poke|p2|Miraidon, L50|\n|teampreview|4\n|showteam|p1|Calyrex-Ice||ClearAmulet|AsOneGlastrier|GlacialLance,Crunch,CloseCombat,TrickRoom||||||50|,,,,,Normal]Kyogre||AssaultVest|Drizzle|WaterSpout,HydroPump,Thunder,IceBeam||||||50|,,,,,Grass]Indeedee-F||SafetyGoggles|PsychicSurge|FollowMe,TrickRoom,HelpingHand,Psychic|||F|||50|,,,,,Water]Urshifu||FocusSash|UnseenFist|WickedBlow,CloseCombat,Protect,PoisonJab|||F|||50|,,,,,Ghost]Amoonguss||RockyHelmet|Regenerator|Spore,RagePowder,EnergyBall,ClearSmog|||F|||50|,,,,,Water]Landorus||LifeOrb|SheerForce|SandsearStorm,EarthPower,SludgeBomb,Protect|||M|||50|,,,,,Steel\n|showteam|p2|Iron Hands||AssaultVest|QuarkDrive|FakeOut,DrainPunch,WildCharge,LowKick||||||50|,,,,,Water]Incineroar||RockyHelmet|Intimidate|FakeOut,Uturn,KnockOff,FlareBlitz|||F|||50|,,,,,Bug]Calyrex-Shadow||FocusSash|AsOneSpectrier|Protect,AstralBarrage,Psychic,Imprison||||||50|,,,,,Ghost]Whimsicott||CovertCloak|Prankster|Tailwind,Encore,Moonblast,LightScreen|||M|||50|,,,,,Fire]Farigiraf||ElectricSeed|ArmorTail|TrickRoom,Roar,Psychic,HelpingHand|||M|||50|,,,,,Water]Miraidon||ChoiceSpecs|HadronEngine|ElectroDrift,VoltSwitch,DracoMeteor,DazzlingGleam||||||50|,,,,,Fairy\n|inactive|Battle timer is ON: inactive players will automatically lose when time's up. (requested by thetailwindenjoyer)\n|inactive|j0l0k0 also wants the timer to be on.\n|j| child Pikachu\n|j| stefanodeseta96\n|l| stefanodeseta96\n|\n|t:|1774390199\n|teamsize|p1|4\n|teamsize|p2|4\n|start\n|switch|p1a: Indeedee|Indeedee-F, L50, F, shiny|100/100\n|switch|p1b: Calyrex|Calyrex-Ice, L50|100/100\n|switch|p2a: Ferrari|Miraidon, L50, shiny|100/100\n|switch|p2b: McLaren|Farigiraf, L50, M|100/100\n|-ability|p1b: Calyrex|As One\n|-ability|p1b: Calyrex|Unnerve\n|-fieldstart|move: Electric Terrain|[from] ability: Hadron Engine|[of] p2a: Ferrari\n|-enditem|p2b: McLaren|Electric Seed\n|-boost|p2b: McLaren|def|1|[from] item: Electric Seed\n|-fieldstart|move: Psychic Terrain|[from] ability: Psychic Surge|[of] p1a: Indeedee\n|turn|1\n|j| Denlillaapan\n|c|\u2606j0l0k0|glhf\n|inactive|thetailwindenjoyer has 30 seconds left.\n|j| sille rovert\n|inactive|thetailwindenjoyer has 20 seconds left.\n|inactive|thetailwindenjoyer has 15 seconds left.\n|c|\u2606thetailwindenjoyer|u2\n|inactive|thetailwindenjoyer has 10 seconds left.\n|\n|t:|1774390249\n|-terastallize|p2b: McLaren|Water\n|move|p1a: Indeedee|Helping Hand|p1b: Calyrex\n|-singleturn|p1b: Calyrex|Helping Hand|[of] p1a: Indeedee\n|move|p2a: Ferrari|Volt Switch|p1a: Indeedee\n|-damage|p1a: Indeedee|46/100\n|\n|t:|1774390252\n|switch|p2a: Red Bull|Incineroar, L50, F|100/100|[from] Volt Switch\n|-ability|p2a: Red Bull|Intimidate|boost\n|-unboost|p1a: Indeedee|atk|1\n|-fail|p1b: Calyrex|unboost|[from] item: Clear Amulet|[of] p1b: Calyrex\n|move|p2b: McLaren|Psychic|p1a: Indeedee\n|-resisted|p1a: Indeedee\n|-damage|p1a: Indeedee|29/100\n|move|p1b: Calyrex|Glacial Lance|p2b: McLaren|[spread] p2a,p2b\n|-resisted|p2a: Red Bull\n|-resisted|p2b: McLaren\n|-damage|p2a: Red Bull|70/100\n|-damage|p2b: McLaren|78/100\n|\n|upkeep\n|turn|2\n|j| Invitado 1793701\n|\n|t:|1774390276\n|move|p1a: Indeedee|Follow Me|p1a: Indeedee\n|-singleturn|p1a: Indeedee|move: Follow Me\n|move|p2b: McLaren|Psychic|p1a: Indeedee\n|-resisted|p1a: Indeedee\n|-damage|p1a: Indeedee|12/100\n|move|p2a: Red Bull|U-turn|p1a: Indeedee\n|-supereffective|p1a: Indeedee\n|-damage|p1a: Indeedee|0 fnt\n|faint|p1a: Indeedee\n|inactive|thetailwindenjoyer has 30 seconds left.\n|inactive|thetailwindenjoyer has 20 seconds left.\n|l| sille rovert\n|\n|t:|1774390313\n|switch|p2a: Ferrari|Miraidon, L50, shiny|100/100|[from] U-turn\n|-fieldstart|move: Electric Terrain|[from] ability: Hadron Engine|[of] p2a: Ferrari\n|move|p1b: Calyrex|Trick Room|p1b: Calyrex\n|-fieldstart|move: Trick Room|[of] p1b: Calyrex\n|\n|upkeep\n|\n|t:|1774390319\n|switch|p1a: Kyogre|Kyogre, L50, shiny|100/100\n|-weather|RainDance|[from] ability: Drizzle|[of] p1a: Kyogre\n|turn|3\n|j| A Regu1ar Guy\n|\n|t:|1774390343\n|switch|p2a: Red Bull|Incineroar, L50, F|70/100\n|-ability|p2a: Red Bull|Intimidate|boost\n|-unboost|p1a: Kyogre|atk|1\n|-fail|p1b: Calyrex|unboost|[from] item: Clear Amulet|[of] p1b: Calyrex\n|move|p1b: Calyrex|Glacial Lance|p2a: Red Bull|[spread] p2a,p2b\n|-resisted|p2a: Red Bull\n|-resisted|p2b: McLaren\n|-damage|p2a: Red Bull|49/100\n|-damage|p2b: McLaren|62/100\n|move|p1a: Kyogre|Thunder|p2b: McLaren\n|-supereffective|p2b: McLaren\n|-damage|p2b: McLaren|0 fnt\n|faint|p2b: McLaren\n|\n|-weather|RainDance|[upkeep]\n|upkeep\n|\n|t:|1774390346\n|switch|p2b: Ferrari|Miraidon, L50, shiny|100/100\n|-activate|p2b: Ferrari|ability: Hadron Engine\n|turn|4\n|\n|t:|1774390355\n|move|p2a: Red Bull|Fake Out|p1b: Calyrex\n|-damage|p1b: Calyrex|94/100\n|cant|p1b: Calyrex|flinch\n|move|p1a: Kyogre|Water Spout|p2a: Red Bull|[spread] p2a,p2b\n|-supereffective|p2a: Red Bull\n|-resisted|p2b: Ferrari\n|-damage|p2a: Red Bull|0 fnt\n|-damage|p2b: Ferrari|60/100\n|faint|p2a: Red Bull\n|move|p2b: Ferrari|Electro Drift|p1b: Calyrex\n|-damage|p1b: Calyrex|0 fnt\n|faint|p1b: Calyrex\n|\n|-weather|RainDance|[upkeep]\n|upkeep\n|\n|t:|1774390361\n|switch|p1b: Urshifu|Urshifu, L50, F|100/100\n|switch|p2a: Cadillac|Iron Hands, L50|100/100\n|-activate|p2a: Cadillac|ability: Quark Drive\n|-start|p2a: Cadillac|quarkdriveatk\n|turn|5\n|j| Stipular\n|\n|t:|1774390379\n|-terastallize|p1a: Kyogre|Grass\n|move|p2a: Cadillac|Fake Out|p1b: Urshifu\n|-damage|p1b: Urshifu|79/100\n|move|p1a: Kyogre|Ice Beam|p2b: Ferrari\n|-supereffective|p2b: Ferrari\n|-damage|p2b: Ferrari|5/100\n|cant|p1b: Urshifu|flinch\n|move|p2b: Ferrari|Electro Drift|p1a: Kyogre\n|-resisted|p1a: Kyogre\n|-damage|p1a: Kyogre|69/100\n|\n|-weather|RainDance|[upkeep]\n|upkeep\n|turn|6\n|\n|t:|1774390401\n|move|p2a: Cadillac|Low Kick|p1a: Kyogre\n|-damage|p1a: Kyogre|0 fnt\n|faint|p1a: Kyogre\n|move|p1b: Urshifu|Close Combat|p2b: Ferrari\n|-damage|p2b: Ferrari|0 fnt\n|-unboost|p1b: Urshifu|def|1\n|-unboost|p1b: Urshifu|spd|1\n|faint|p2b: Ferrari\n|\n|-weather|RainDance|[upkeep]\n|-fieldend|move: Trick Room\n|-fieldend|move: Electric Terrain\n|-end|p2a: Cadillac|Quark Drive\n|upkeep\n|turn|7\n|l| child Pikachu\n|inactive|thetailwindenjoyer has 30 seconds left.\n|inactive|thetailwindenjoyer has 20 seconds left.\n|\n|t:|1774390439\n|move|p1b: Urshifu|Close Combat|p2a: Cadillac\n|-damage|p2a: Cadillac|57/100\n|-unboost|p1b: Urshifu|def|1\n|-unboost|p1b: Urshifu|spd|1\n|move|p2a: Cadillac|Drain Punch|p1b: Urshifu\n|-supereffective|p1b: Urshifu\n|-damage|p1b: Urshifu|0 fnt\n|-heal|p2a: Cadillac|85/100|[from] drain|[of] p1b: Urshifu\n|faint|p1b: Urshifu\n|\n|win|thetailwindenjoyer\n|n|\u2606j0l0k0|j0l0k0\n|n|\u2606thetailwindenjoyer|thetailwindenjoyer\n|n| Denlillaapan|denlillaapan\n|n| Invitado 1793701|invitado1793701\n|n| A Regu1ar Guy|aregu1arguy\n|n| Stipular|stipular\n|c|\u2606thetailwindenjoyer|gg wp\n|l| Invitado 1793701\n","uploadtime":1774390439,"views":11,"formatid":"gen9vgc2026regi","rating":null,"private":0,"password":null}