{"id":"gen9vgc2026regi-2590342125","format":"[Gen 9] VGC 2026 Reg I","players":["bullgod4ever","Ceraida"],"log":"|j|\u2606bullgod4ever\n|j|\u2606Ceraida\n|t:|1776802460\n|gametype|doubles\n|player|p1|bullgod4ever|265|1557\n|player|p2|Ceraida|veteran|1592\n|gen|9\n|tier|[Gen 9] VGC 2026 Reg I\n|rated|\n|rule|Species Clause: Limit one of each Pok\u00e9mon\n|rule|Item Clause: Limit 1 of each item\n|clearpoke\n|poke|p1|Calyrex-Shadow, L50|\n|poke|p1|Zamazenta-*, L50|\n|poke|p1|Chien-Pao, L50|\n|poke|p1|Dragonite, L50, M|\n|poke|p1|Amoonguss, L50, F|\n|poke|p1|Ogerpon-Cornerstone, L50, F|\n|poke|p2|Calyrex-Shadow, L50|\n|poke|p2|Koraidon, L50|\n|poke|p2|Indeedee-F, L50, F|\n|poke|p2|Brute Bonnet, L50|\n|poke|p2|Sneasler, L50, F|\n|poke|p2|Chi-Yu, L50|\n|teampreview|4\n|inactive|Battle timer is ON: inactive players will automatically lose when time's up. (requested by Ceraida)\n|\n|t:|1776802483\n|teamsize|p1|4\n|teamsize|p2|4\n|start\n|switch|p1a: Chien-Pao|Chien-Pao, L50|100/100\n|switch|p1b: Zamazenta|Zamazenta-Crowned, L50|100/100\n|switch|p2a: Calyrex|Calyrex-Shadow, L50|100/100\n|switch|p2b: Indeedee|Indeedee-F, L50, F|100/100\n|-ability|p2a: Calyrex|As One\n|-ability|p2a: Calyrex|Unnerve\n|-ability|p1a: Chien-Pao|Sword of Ruin\n|-ability|p1b: Zamazenta|Dauntless Shield|boost\n|-boost|p1b: Zamazenta|def|1\n|-fieldstart|move: Psychic Terrain|[from] ability: Psychic Surge|[of] p2b: Indeedee\n|turn|1\n|\n|t:|1776802503\n|-terastallize|p2a: Calyrex|Ground\n|move|p2b: Indeedee|Helping Hand|p2a: Calyrex\n|-singleturn|p2a: Calyrex|Helping Hand|[of] p2b: Indeedee\n|move|p2a: Calyrex|Tera Blast|p1b: Zamazenta|[anim] Tera Blast Ground\n|-supereffective|p1b: Zamazenta\n|-damage|p1b: Zamazenta|0 fnt\n|faint|p1b: Zamazenta\n|-ability|p2a: Calyrex|Grim Neigh|boost\n|-boost|p2a: Calyrex|spa|1\n|-damage|p2a: Calyrex|91/100|[from] item: Life Orb\n|move|p1a: Chien-Pao|Ice Spinner|p2b: Indeedee\n|-damage|p2b: Indeedee|61/100\n|-damage|p1a: Chien-Pao|84/100|[from] item: Rocky Helmet|[of] p2b: Indeedee\n|-fieldend|move: Psychic Terrain\n|\n|upkeep\n|\n|t:|1776802523\n|switch|p1b: Dragonite|Dragonite, L50, M|100/100\n|turn|2\n|\n|t:|1776802544\n|switch|p2b: Sneasler|Sneasler, L50, F|100/100\n|-terastallize|p1b: Dragonite|Normal\n|move|p2a: Calyrex|Protect|p2a: Calyrex\n|-singleturn|p2a: Calyrex|Protect\n|move|p1b: Dragonite|Extreme Speed|p2b: Sneasler\n|-damage|p2b: Sneasler|0 fnt\n|faint|p2b: Sneasler\n|move|p1a: Chien-Pao|Ice Spinner|p2a: Calyrex\n|-activate|p2a: Calyrex|move: Protect\n|\n|upkeep\n|\n|t:|1776802551\n|switch|p2b: Chi-Yu|Chi-Yu, L50|100/100\n|-ability|p2b: Chi-Yu|Beads of Ruin\n|turn|3\n|\n|t:|1776802568\n|switch|p2a: Indeedee|Indeedee-F, L50, F|61/100\n|-fieldstart|move: Psychic Terrain|[from] ability: Psychic Surge|[of] p2a: Indeedee\n|move|p1b: Dragonite|Extreme Speed|p2b: Chi-Yu\n|-activate|p2b: Chi-Yu|move: Psychic Terrain\n|move|p2b: Chi-Yu|Heat Wave|p1b: Dragonite|[spread] p1a,p1b\n|-supereffective|p1a: Chien-Pao\n|-crit|p1a: Chien-Pao\n|-crit|p1b: Dragonite\n|-damage|p1a: Chien-Pao|0 fnt\n|-damage|p1b: Dragonite|24/100\n|faint|p1a: Chien-Pao\n|\n|upkeep\n|c|\u2606bullgod4ever|Crit ftw!\n|c|\u2606bullgod4ever|Nice\n|\n|t:|1776802592\n|switch|p1a: Calyrex|Calyrex-Shadow, L50|100/100\n|-ability|p1a: Calyrex|As One\n|-ability|p1a: Calyrex|Unnerve\n|turn|4\n|\n|t:|1776802605\n|move|p1b: Dragonite|Extreme Speed|p2a: Indeedee\n|-activate|p2a: Indeedee|move: Psychic Terrain\n|move|p2a: Indeedee|Follow Me|p2a: Indeedee\n|-singleturn|p2a: Indeedee|move: Follow Me\n|move|p2b: Chi-Yu|Heat Wave|p1a: Calyrex|[spread] p1b\n|-miss|p2b: Chi-Yu|p1a: Calyrex\n|-damage|p1b: Dragonite|0 fnt\n|faint|p1b: Dragonite\n|move|p1a: Calyrex|Astral Barrage|p2b: Chi-Yu|[spread] p2b\n|-immune|p2a: Indeedee\n|-resisted|p2b: Chi-Yu\n|-damage|p2b: Chi-Yu|71/100\n|\n|upkeep\n|turn|5\n|\n|t:|1776802629\n|move|p2b: Chi-Yu|Heat Wave|p1a: Calyrex\n|-damage|p1a: Calyrex|37/100\n|move|p1a: Calyrex|Astral Barrage|p2b: Chi-Yu|[spread] p2b\n|-immune|p2a: Indeedee\n|-resisted|p2b: Chi-Yu\n|-damage|p2b: Chi-Yu|36/100\n|move|p2a: Indeedee|Dazzling Gleam|p1a: Calyrex\n|-damage|p1a: Calyrex|15/100\n|\n|upkeep\n|turn|6\n|\n|t:|1776802641\n|switch|p2b: Calyrex|Calyrex-Shadow, L50, tera:Ground|91/100\n|-ability|p2b: Calyrex|As One\n|-ability|p2b: Calyrex|Unnerve\n|move|p1a: Calyrex|Astral Barrage|p2b: Calyrex|[spread] p2b\n|-immune|p2a: Indeedee\n|-damage|p2b: Calyrex|35/100\n|move|p2a: Indeedee|Dazzling Gleam|p1a: Calyrex\n|-damage|p1a: Calyrex|0 fnt\n|faint|p1a: Calyrex\n|\n|win|Ceraida\n|raw|bullgod4ever's rating: 1557 &rarr; <strong>1539</strong><br />(-18 for losing)\n|raw|Ceraida's rating: 1592 &rarr; <strong>1610</strong><br />(+18 for winning)\n|c|\u2606Ceraida|gg\n|c|\u2606bullgod4ever|Gg\n|l|\u2606bullgod4ever\n|player|p1|\n|l|\u2606Ceraida\n|player|p2|\n","uploadtime":1776802843,"views":11,"formatid":"gen9vgc2026regi","rating":1539,"private":0,"password":null}