{"id":"gen9vgc2026regi-2547269201","format":"[Gen 9] VGC 2026 Reg I","players":["aveorni","cdogp3"],"log":"|j|\u2606aveorni\n|j|\u2606cdogp3\n|t:|1772064368\n|gametype|doubles\n|player|p1|aveorni|ghetsis|1483\n|player|p2|cdogp3|hoopster|1580\n|gen|9\n|tier|[Gen 9] VGC 2026 Reg I\n|rated|\n|rule|Species Clause: Limit one of each Pok\u00e9mon\n|rule|Item Clause: Limit 1 of each item\n|clearpoke\n|poke|p1|Lunala, L50|\n|poke|p1|Koraidon, L50|\n|poke|p1|Incineroar, L50, F|\n|poke|p1|Indeedee-F, L50, F|\n|poke|p1|Ursaluna, L50, M|\n|poke|p1|Brute Bonnet, L50|\n|poke|p2|Calyrex-Ice, L50|\n|poke|p2|Smeargle, L50, M|\n|poke|p2|Kyogre, L50|\n|poke|p2|Basculegion, L50, M|\n|poke|p2|Tornadus, L50, M|\n|poke|p2|Ogerpon, L50, F|\n|teampreview|4\n|inactive|Battle timer is ON: inactive players will automatically lose when time's up. (requested by cdogp3)\n|inactive|aveorni also wants the timer to be on.\n|inactive|cdogp3 has 60 seconds left.\n|\n|t:|1772064412\n|teamsize|p1|4\n|teamsize|p2|4\n|start\n|switch|p1a: Lunala|Lunala, L50|100/100\n|switch|p1b: Brute Bonnet|Brute Bonnet, L50|100/100\n|switch|p2a: Tornadus|Tornadus, L50, M|100/100\n|switch|p2b: Smeargle|Smeargle, L50, M|100/100\n|turn|1\n|\n|t:|1772064426\n|-terastallize|p2b: Smeargle|Grass\n|-terastallize|p1a: Lunala|Grass\n|move|p1a: Lunala|Wide Guard|p1a: Lunala\n|-singleturn|p1a: Lunala|Wide Guard\n|move|p2a: Tornadus|Bleakwind Storm|p1a: Lunala|[spread] \n|-activate|p1a: Lunala|move: Wide Guard\n|-activate|p1b: Brute Bonnet|move: Wide Guard\n|move|p2b: Smeargle|Spore|p1a: Lunala\n|-immune|p1a: Lunala\n|move|p1b: Brute Bonnet|Spore|p2a: Tornadus\n|-status|p2a: Tornadus|slp|[from] move: Spore\n|\n|-ability|p2b: Smeargle|Moody|boost\n|-boost|p2b: Smeargle|spd|2\n|-unboost|p2b: Smeargle|atk|1\n|upkeep\n|turn|2\n|\n|t:|1772064440\n|cant|p2a: Tornadus|slp\n|move|p2b: Smeargle|Decorate|p2a: Tornadus\n|-boost|p2a: Tornadus|atk|2\n|-boost|p2a: Tornadus|spa|2\n|move|p1a: Lunala|Expanding Force|p2b: Smeargle\n|-damage|p2b: Smeargle|47/100\n|move|p1b: Brute Bonnet|Trailblaze|p2b: Smeargle\n|-resisted|p2b: Smeargle\n|-damage|p2b: Smeargle|25/100\n|-boost|p1b: Brute Bonnet|spe|1\n|\n|-ability|p2b: Smeargle|Moody|boost\n|-boost|p2b: Smeargle|spd|2\n|-unboost|p2b: Smeargle|def|1\n|upkeep\n|turn|3\n|\n|t:|1772064460\n|move|p1b: Brute Bonnet|Sucker Punch|p2a: Tornadus\n|-damage|p2a: Tornadus|63/100 slp\n|cant|p2a: Tornadus|slp\n|move|p2b: Smeargle|Decorate|p2a: Tornadus\n|-boost|p2a: Tornadus|atk|2\n|-boost|p2a: Tornadus|spa|2\n|move|p1a: Lunala|Moongeist Beam|p2b: Smeargle\n|-damage|p2b: Smeargle|0 fnt\n|faint|p2b: Smeargle\n|\n|upkeep\n|\n|t:|1772064467\n|switch|p2b: Kyogre|Kyogre, L50|100/100\n|-weather|RainDance|[from] ability: Drizzle|[of] p2b: Kyogre\n|turn|4\n|\n|t:|1772064471\n|move|p2b: Kyogre|Protect|p2b: Kyogre\n|-singleturn|p2b: Kyogre|Protect\n|move|p1a: Lunala|Wide Guard|p1a: Lunala\n|-singleturn|p1a: Lunala|Wide Guard\n|cant|p2a: Tornadus|slp\n|move|p1b: Brute Bonnet|Spore|p2b: Kyogre\n|-activate|p2b: Kyogre|move: Protect\n|\n|-weather|RainDance|[upkeep]\n|upkeep\n|turn|5\n|\n|t:|1772064480\n|move|p2b: Kyogre|Protect|p2b: Kyogre\n|-singleturn|p2b: Kyogre|Protect\n|move|p1a: Lunala|Wide Guard|p1a: Lunala\n|-singleturn|p1a: Lunala|Wide Guard\n|-curestatus|p2a: Tornadus|slp|[msg]\n|move|p2a: Tornadus|Taunt|p1a: Lunala\n|-start|p1a: Lunala|move: Taunt\n|move|p1b: Brute Bonnet|Spore|p2b: Kyogre\n|-activate|p2b: Kyogre|move: Protect\n|\n|-weather|RainDance|[upkeep]\n|upkeep\n|turn|6\n|\n|t:|1772064492\n|switch|p2b: Basculegion|Basculegion, L50, M|100/100\n|move|p1b: Brute Bonnet|Sucker Punch|p2a: Tornadus\n|-damage|p2a: Tornadus|24/100\n|move|p2a: Tornadus|Bleakwind Storm|p1b: Brute Bonnet|[spread] p1a,p1b\n|-supereffective|p1a: Lunala\n|-supereffective|p1b: Brute Bonnet\n|-damage|p1a: Lunala|15/100\n|-damage|p1b: Brute Bonnet|0 fnt\n|faint|p1b: Brute Bonnet\n|-end|p1b: Brute Bonnet|Protosynthesis|[silent]\n|move|p1a: Lunala|Moongeist Beam|p2a: Tornadus\n|-damage|p2a: Tornadus|0 fnt\n|faint|p2a: Tornadus\n|\n|-weather|RainDance|[upkeep]\n|-heal|p1a: Lunala|22/100|[from] item: Leftovers\n|upkeep\n|\n|t:|1772064502\n|switch|p2a: Kyogre|Kyogre, L50|100/100\n|switch|p1b: Ursaluna|Ursaluna, L50, M|100/100\n|turn|7\n|\n|t:|1772064511\n|switch|p1a: Koraidon|Koraidon, L50|100/100\n|-weather|SunnyDay|[from] ability: Orichalcum Pulse|[of] p1a: Koraidon\n|-activate|p1a: Koraidon|Orichalcum Pulse|[source]\n|move|p2a: Kyogre|Hydro Pump|p1b: Ursaluna\n|-supereffective|p1b: Ursaluna\n|-damage|p1b: Ursaluna|33/100\n|move|p2b: Basculegion|Last Respects|p1a: Koraidon\n|-damage|p1a: Koraidon|21/100\n|-damage|p2b: Basculegion|91/100|[from] item: Life Orb\n|move|p1b: Ursaluna|Headlong Rush|p2b: Basculegion\n|-damage|p2b: Basculegion|0 fnt\n|-unboost|p1b: Ursaluna|def|1\n|-unboost|p1b: Ursaluna|spd|1\n|faint|p2b: Basculegion\n|\n|-weather|SunnyDay|[upkeep]\n|-status|p1b: Ursaluna|brn|[from] item: Flame Orb\n|upkeep\n|turn|8\n|\n|t:|1772064523\n|move|p2a: Kyogre|Protect|p2a: Kyogre\n|-singleturn|p2a: Kyogre|Protect\n|move|p1a: Koraidon|Low Kick|p2a: Kyogre\n|-activate|p2a: Kyogre|move: Protect\n|move|p1b: Ursaluna|Facade|p2a: Kyogre\n|-activate|p2a: Kyogre|move: Protect\n|\n|-weather|SunnyDay|[upkeep]\n|-damage|p1b: Ursaluna|27/100 brn|[from] brn\n|upkeep\n|turn|9\n|\n|t:|1772064527\n|move|p1a: Koraidon|Low Kick|p2a: Kyogre\n|-damage|p2a: Kyogre|7/100\n|move|p2a: Kyogre|Origin Pulse|p1b: Ursaluna|[spread] p1a,p1b\n|-resisted|p1a: Koraidon\n|-supereffective|p1b: Ursaluna\n|-damage|p1a: Koraidon|7/100\n|-damage|p1b: Ursaluna|0 fnt\n|faint|p1b: Ursaluna\n|\n|-weather|SunnyDay|[upkeep]\n|upkeep\n|\n|t:|1772064532\n|switch|p1b: Lunala|Lunala, L50, tera:Grass|22/100\n|turn|10\n|\n|t:|1772064534\n|move|p2a: Kyogre|Protect|p2a: Kyogre\n|-singleturn|p2a: Kyogre|Protect\n|move|p1a: Koraidon|Low Kick|p2a: Kyogre\n|-activate|p2a: Kyogre|move: Protect\n|move|p1b: Lunala|Moongeist Beam|p2a: Kyogre\n|-activate|p2a: Kyogre|move: Protect\n|\n|-weather|SunnyDay|[upkeep]\n|-heal|p1b: Lunala|28/100|[from] item: Leftovers\n|upkeep\n|turn|11\n|-message|cdogp3 forfeited.\n|\n|win|aveorni\n|raw|aveorni's rating: 1483 &rarr; <strong>1508</strong><br />(+25 for winning)\n|raw|cdogp3's rating: 1580 &rarr; <strong>1555</strong><br />(-25 for losing)\n|l|\u2606cdogp3\n|player|p2|\n|l|\u2606aveorni\n|player|p1|\n","uploadtime":1772064794,"views":23,"formatid":"gen9vgc2026regi","rating":1508,"private":0,"password":null}