{"id":"gen9vgc2026regi-2531221233","format":"[Gen 9] VGC 2026 Reg I","players":["blackred123","victlary"],"log":"|j|\u2606blackred123\n|j|\u2606victlary\n|t:|1770033874\n|gametype|doubles\n|player|p1|blackred123|iono-masters|1392\n|player|p2|victlary|carmine-festival|1384\n|gen|9\n|tier|[Gen 9] VGC 2026 Reg I\n|rated|\n|rule|Species Clause: Limit one of each Pok\u00e9mon\n|rule|Item Clause: Limit 1 of each item\n|clearpoke\n|poke|p1|Calyrex-Shadow, L50|\n|poke|p1|Koraidon, L50|\n|poke|p1|Flutter Mane, L50|\n|poke|p1|Incineroar, L50, F|\n|poke|p1|Raging Bolt, L50|\n|poke|p1|Tornadus, L50, M|\n|poke|p2|Calyrex-Shadow, L50|\n|poke|p2|Zamazenta-*, L50|\n|poke|p2|Chien-Pao, L50|\n|poke|p2|Raging Bolt, L50|\n|poke|p2|Ting-Lu, L50|\n|poke|p2|Amoonguss, L50, F|\n|teampreview|4\n|inactive|Battle timer is ON: inactive players will automatically lose when time's up. (requested by blackred123)\n|j| Arnaud senju vgc\n|l| Arnaud senju vgc\n|\n|t:|1770033899\n|teamsize|p1|4\n|teamsize|p2|4\n|start\n|switch|p1a: \u56fa\u5927\u5305\u52d2|Koraidon, L50|100/100\n|switch|p1b: \u6536\u957f\u5934\u53d1\uff5e|Flutter Mane, L50|100/100\n|switch|p2a: Zamazenta|Zamazenta-Crowned, L50|100/100\n|switch|p2b: Raging Bolt|Raging Bolt, L50|100/100\n|-weather|SunnyDay|[from] ability: Orichalcum Pulse|[of] p1a: \u56fa\u5927\u5305\u52d2\n|-activate|p1b: \u6536\u957f\u5934\u53d1\uff5e|ability: Protosynthesis\n|-start|p1b: \u6536\u957f\u5934\u53d1\uff5e|protosynthesisspe\n|-activate|p2b: Raging Bolt|ability: Protosynthesis\n|-start|p2b: Raging Bolt|protosynthesisspa\n|-activate|p1a: \u56fa\u5927\u5305\u52d2|Orichalcum Pulse|[source]\n|-ability|p2a: Zamazenta|Dauntless Shield|boost\n|-boost|p2a: Zamazenta|def|1\n|turn|1\n|j| Arnaud senju vgc\n|\n|t:|1770033917\n|-terastallize|p2a: Zamazenta|Dragon\n|move|p1a: \u56fa\u5927\u5305\u52d2|Protect|p1a: \u56fa\u5927\u5305\u52d2\n|-singleturn|p1a: \u56fa\u5927\u5305\u52d2|Protect\n|move|p2b: Raging Bolt|Protect|p2b: Raging Bolt\n|-singleturn|p2b: Raging Bolt|Protect\n|move|p1b: \u6536\u957f\u5934\u53d1\uff5e|Moonblast|p2b: Raging Bolt\n|-activate|p2b: Raging Bolt|move: Protect\n|move|p2a: Zamazenta|Heavy Slam|p1b: \u6536\u957f\u5934\u53d1\uff5e\n|-supereffective|p1b: \u6536\u957f\u5934\u53d1\uff5e\n|-enditem|p1b: \u6536\u957f\u5934\u53d1\uff5e|Focus Sash\n|-damage|p1b: \u6536\u957f\u5934\u53d1\uff5e|1/100\n|\n|-weather|SunnyDay|[upkeep]\n|upkeep\n|turn|2\n|\n|t:|1770033933\n|-end|p1b: \u6536\u957f\u5934\u53d1\uff5e|Protosynthesis|[silent]\n|switch|p1b: Raging Bolt|Raging Bolt, L50|100/100\n|-activate|p1b: Raging Bolt|ability: Protosynthesis\n|-start|p1b: Raging Bolt|protosynthesisspa\n|-terastallize|p1a: \u56fa\u5927\u5305\u52d2|Fire\n|move|p2b: Raging Bolt|Thunderclap||[still]\n|-fail|p2b: Raging Bolt\n|move|p1a: \u56fa\u5927\u5305\u52d2|Close Combat|p2a: Zamazenta\n|-damage|p2a: Zamazenta|72/100\n|-unboost|p1a: \u56fa\u5927\u5305\u52d2|def|1\n|-unboost|p1a: \u56fa\u5927\u5305\u52d2|spd|1\n|move|p2a: Zamazenta|Body Press|p1a: \u56fa\u5927\u5305\u52d2\n|-damage|p1a: \u56fa\u5927\u5305\u52d2|15/100\n|\n|-weather|SunnyDay|[upkeep]\n|upkeep\n|turn|3\n|\n|t:|1770033951\n|switch|p1a: \u6536\u957f\u5934\u53d1\uff5e|Flutter Mane, L50|1/100\n|-activate|p1a: \u6536\u957f\u5934\u53d1\uff5e|ability: Protosynthesis\n|-start|p1a: \u6536\u957f\u5934\u53d1\uff5e|protosynthesisspe\n|move|p2a: Zamazenta|Body Press|p1a: \u6536\u957f\u5934\u53d1\uff5e\n|-immune|p1a: \u6536\u957f\u5934\u53d1\uff5e\n|move|p1b: Raging Bolt|Draco Meteor|p2b: Raging Bolt\n|-supereffective|p2b: Raging Bolt\n|-damage|p2b: Raging Bolt|0 fnt\n|-unboost|p1b: Raging Bolt|spa|2\n|faint|p2b: Raging Bolt\n|-end|p2b: Raging Bolt|Protosynthesis|[silent]\n|\n|-weather|SunnyDay|[upkeep]\n|upkeep\n|\n|t:|1770033965\n|switch|p2b: Ting-Lu|Ting-Lu, L50|100/100\n|-ability|p2b: Ting-Lu|Vessel of Ruin\n|turn|4\n|\n|t:|1770033973\n|-end|p1b: Raging Bolt|Protosynthesis|[silent]\n|switch|p1b: \u56fa\u5927\u5305\u52d2|Koraidon, L50, tera:Fire|15/100\n|-activate|p1b: \u56fa\u5927\u5305\u52d2|ability: Orichalcum Pulse\n|move|p1a: \u6536\u957f\u5934\u53d1\uff5e|Protect|p1a: \u6536\u957f\u5934\u53d1\uff5e\n|-singleturn|p1a: \u6536\u957f\u5934\u53d1\uff5e|Protect\n|move|p2a: Zamazenta|Protect|p2a: Zamazenta\n|-singleturn|p2a: Zamazenta|Protect\n|move|p2b: Ting-Lu|Bulldoze|p1b: \u56fa\u5927\u5305\u52d2|[spread] p1b\n|-activate|p2a: Zamazenta|move: Protect\n|-activate|p1a: \u6536\u957f\u5934\u53d1\uff5e|move: Protect\n|-supereffective|p1b: \u56fa\u5927\u5305\u52d2\n|-damage|p1b: \u56fa\u5927\u5305\u52d2|0 fnt\n|faint|p1b: \u56fa\u5927\u5305\u52d2\n|\n|-weather|SunnyDay|[upkeep]\n|upkeep\n|j| lunala fairy ghost\n|\n|t:|1770033989\n|switch|p1b: Raging Bolt|Raging Bolt, L50|100/100\n|-activate|p1b: Raging Bolt|ability: Protosynthesis\n|-start|p1b: Raging Bolt|protosynthesisspa\n|turn|5\n|inactive|victlary has 30 seconds left.\n|\n|t:|1770034017\n|move|p1a: \u6536\u957f\u5934\u53d1\uff5e|Moonblast|p2b: Ting-Lu\n|-supereffective|p2b: Ting-Lu\n|-damage|p2b: Ting-Lu|52/100\n|move|p2a: Zamazenta|Body Press|p1b: Raging Bolt\n|-damage|p1b: Raging Bolt|40/100\n|move|p1b: Raging Bolt|Draco Meteor|p2b: Ting-Lu\n|-damage|p2b: Ting-Lu|9/100\n|-unboost|p1b: Raging Bolt|spa|2\n|move|p2b: Ting-Lu|Stomping Tantrum|p1b: Raging Bolt\n|-supereffective|p1b: Raging Bolt\n|-damage|p1b: Raging Bolt|0 fnt\n|faint|p1b: Raging Bolt\n|-end|p1b: Raging Bolt|Protosynthesis|[silent]\n|\n|-weather|none\n|-end|p1a: \u6536\u957f\u5934\u53d1\uff5e|Protosynthesis\n|upkeep\n|\n|t:|1770034027\n|switch|p1b: \u6211\u8fd1\u89c6|Calyrex-Shadow, L50|100/100\n|-ability|p1b: \u6211\u8fd1\u89c6|As One\n|-ability|p1b: \u6211\u8fd1\u89c6|Unnerve\n|turn|6\n|l| lunala fairy ghost\n|\n|t:|1770034045\n|move|p1b: \u6211\u8fd1\u89c6|Astral Barrage|p2b: Ting-Lu|[spread] p2a,p2b\n|-resisted|p2b: Ting-Lu\n|-damage|p2a: Zamazenta|30/100\n|-damage|p2b: Ting-Lu|0 fnt\n|faint|p2b: Ting-Lu\n|-ability|p1b: \u6211\u8fd1\u89c6|Grim Neigh|boost\n|-boost|p1b: \u6211\u8fd1\u89c6|spa|1\n|move|p1a: \u6536\u957f\u5934\u53d1\uff5e|Moonblast|p2a: Zamazenta\n|-supereffective|p2a: Zamazenta\n|-damage|p2a: Zamazenta|0 fnt\n|faint|p2a: Zamazenta\n|\n|upkeep\n|\n|t:|1770034056\n|switch|p2b: Calyrex|Calyrex-Shadow, L50|100/100\n|-ability|p2b: Calyrex|As One\n|-ability|p2b: Calyrex|Unnerve\n|turn|7\n|\n|t:|1770034068\n|move|p1b: \u6211\u8fd1\u89c6|Astral Barrage|p2b: Calyrex\n|-supereffective|p2b: Calyrex\n|-enditem|p2b: Calyrex|Focus Sash\n|-damage|p2b: Calyrex|1/100\n|move|p2b: Calyrex|Astral Barrage|p1b: \u6211\u8fd1\u89c6|[spread] p1a,p1b\n|-supereffective|p1a: \u6536\u957f\u5934\u53d1\uff5e\n|-supereffective|p1b: \u6211\u8fd1\u89c6\n|-damage|p1a: \u6536\u957f\u5934\u53d1\uff5e|0 fnt\n|-damage|p1b: \u6211\u8fd1\u89c6|0 fnt\n|faint|p1a: \u6536\u957f\u5934\u53d1\uff5e\n|-end|p1a: \u6536\u957f\u5934\u53d1\uff5e|Protosynthesis|[silent]\n|faint|p1b: \u6211\u8fd1\u89c6\n|\n|win|victlary\n|raw|blackred123's rating: 1392 &rarr; <strong>1372</strong><br />(-20 for losing)\n|raw|victlary's rating: 1384 &rarr; <strong>1404</strong><br />(+20 for winning)\n|l|\u2606blackred123\n|player|p1|\n|l| Arnaud senju vgc\n|l| victlary\n","uploadtime":1770034209,"views":16,"formatid":"gen9vgc2026regi","rating":1372,"private":0,"password":null}