{"id":"gen9vgc2026regi-2536355970","format":"[Gen 9] VGC 2026 Reg I","players":["Shagrathisbeast","Solarbloke"],"log":"|j|\u2606Shagrathisbeast\n|j|\u2606Solarbloke\n|t:|1770678247\n|gametype|doubles\n|player|p1|Shagrathisbeast|steven|1292\n|player|p2|Solarbloke|colress|1574\n|gen|9\n|tier|[Gen 9] VGC 2026 Reg I\n|rated|\n|rule|Species Clause: Limit one of each Pok\u00e9mon\n|rule|Item Clause: Limit 1 of each item\n|clearpoke\n|poke|p1|Kyogre, L50|\n|poke|p1|Ogerpon-Cornerstone, L50, F|\n|poke|p1|Calyrex-Ice, L50|\n|poke|p1|Landorus, L50, M|\n|poke|p1|Farigiraf, L50, M|\n|poke|p1|Regieleki, L50|\n|poke|p2|Calyrex-Ice, L50|\n|poke|p2|Kyogre, L50|\n|poke|p2|Farigiraf, L50, M|\n|poke|p2|Smeargle, L50, F|\n|poke|p2|Maushold, L50|\n|poke|p2|Talonflame, L50, M|\n|teampreview|4\n|inactive|Battle timer is ON: inactive players will automatically lose when time's up. (requested by Solarbloke)\n|inactive|Shagrathisbeast has 60 seconds left.\n|\n|t:|1770678282\n|teamsize|p1|4\n|teamsize|p2|4\n|start\n|switch|p1a: Regieleki|Regieleki, L50|100/100\n|switch|p1b: Kyogre|Kyogre, L50, shiny|100/100\n|switch|p2a: Calyrex|Calyrex-Ice, L50|100/100\n|switch|p2b: Smeargle|Smeargle, L50, F|100/100\n|-ability|p2a: Calyrex|As One\n|-ability|p2a: Calyrex|Unnerve\n|-weather|RainDance|[from] ability: Drizzle|[of] p1b: Kyogre\n|turn|1\n|inactive|Shagrathisbeast has 30 seconds left.\n|\n|t:|1770678308\n|-terastallize|p2a: Calyrex|Grass\n|move|p2b: Smeargle|Fake Out|p1b: Kyogre\n|-damage|p1b: Kyogre|95/100\n|move|p1a: Regieleki|Volt Switch|p2a: Calyrex\n|-resisted|p2a: Calyrex\n|-damage|p2a: Calyrex|90/100\n|\n|t:|1770678316\n|switch|p1a: Calyrex|Calyrex-Ice, L50|100/100|[from] Volt Switch\n|-ability|p1a: Calyrex|As One\n|-ability|p1a: Calyrex|Unnerve\n|cant|p1b: Kyogre|flinch\n|move|p2a: Calyrex|Glacial Lance|p1a: Calyrex|[spread] p1a,p1b\n|-resisted|p1a: Calyrex\n|-resisted|p1b: Kyogre\n|-damage|p1a: Calyrex|83/100\n|-damage|p1b: Kyogre|66/100\n|\n|-weather|RainDance|[upkeep]\n|-ability|p2b: Smeargle|Moody|boost\n|-boost|p2b: Smeargle|atk|2\n|-unboost|p2b: Smeargle|spd|1\n|upkeep\n|turn|2\n|\n|t:|1770678337\n|move|p1a: Calyrex|Protect|p1a: Calyrex\n|-singleturn|p1a: Calyrex|Protect\n|move|p1b: Kyogre|Water Spout|p2b: Smeargle|[spread] p2a,p2b\n|-resisted|p2a: Calyrex\n|-damage|p2a: Calyrex|72/100\n|-enditem|p2b: Smeargle|Focus Sash\n|-damage|p2b: Smeargle|1/100\n|move|p2b: Smeargle|Spore|p1a: Calyrex\n|-activate|p1a: Calyrex|move: Protect\n|move|p2a: Calyrex|Seed Bomb|p1b: Kyogre\n|-supereffective|p1b: Kyogre\n|-damage|p1b: Kyogre|0 fnt\n|faint|p1b: Kyogre\n|-ability|p2a: Calyrex|Chilling Neigh|boost\n|-boost|p2a: Calyrex|atk|1\n|\n|-weather|RainDance|[upkeep]\n|-ability|p2b: Smeargle|Moody|boost\n|-boost|p2b: Smeargle|spd|2\n|-unboost|p2b: Smeargle|atk|1\n|upkeep\n|\n|t:|1770678356\n|switch|p1b: Ogerpon|Ogerpon-Cornerstone, L50, F|100/100\n|turn|3\n|inactive|Solarbloke has 30 seconds left.\n|\n|t:|1770678384\n|move|p1b: Ogerpon|Follow Me|p1b: Ogerpon\n|-singleturn|p1b: Ogerpon|move: Follow Me\n|move|p2b: Smeargle|Spore|p1b: Ogerpon\n|-immune|p1b: Ogerpon\n|move|p2a: Calyrex|Glacial Lance|p1b: Ogerpon|[spread] p1a,p1b\n|-resisted|p1a: Calyrex\n|-supereffective|p1b: Ogerpon\n|-damage|p1a: Calyrex|57/100\n|-ability|p1b: Ogerpon|Sturdy\n|-damage|p1b: Ogerpon|1/100\n|move|p1a: Calyrex|Glacial Lance|p2b: Smeargle|[spread] p2a,p2b\n|-supereffective|p2a: Calyrex\n|-damage|p2a: Calyrex|0 fnt\n|-damage|p2b: Smeargle|0 fnt\n|faint|p2a: Calyrex\n|faint|p2b: Smeargle\n|-ability|p1a: Calyrex|Chilling Neigh|boost\n|-boost|p1a: Calyrex|atk|2\n|\n|-weather|RainDance|[upkeep]\n|upkeep\n|\n|t:|1770678393\n|switch|p2b: Kyogre|Kyogre, L50|100/100\n|switch|p2a: Talonflame|Talonflame, L50, M|100/100\n|turn|4\n|inactive|Solarbloke has 30 seconds left.\n|\n|t:|1770678421\n|move|p1a: Calyrex|Protect|p1a: Calyrex\n|-singleturn|p1a: Calyrex|Protect\n|move|p2a: Talonflame|Brave Bird|p1a: Calyrex\n|-activate|p1a: Calyrex|move: Protect\n|move|p2b: Kyogre|Water Spout|p1a: Calyrex|[spread] p1b\n|-activate|p1a: Calyrex|move: Protect\n|-damage|p1b: Ogerpon|0 fnt\n|faint|p1b: Ogerpon\n|\n|-weather|RainDance|[upkeep]\n|upkeep\n|\n|t:|1770678432\n|switch|p1b: Regieleki|Regieleki, L50|100/100\n|turn|5\n|inactive|Shagrathisbeast has 30 seconds left.\n|\n|t:|1770678458\n|-terastallize|p1a: Calyrex|Dragon\n|move|p2a: Talonflame|Brave Bird|p1a: Calyrex\n|-damage|p1a: Calyrex|12/100\n|-damage|p2a: Talonflame|82/100|[from] Recoil\n|move|p1b: Regieleki|Thunderbolt|p2b: Kyogre\n|-supereffective|p2b: Kyogre\n|-damage|p2b: Kyogre|22/100\n|move|p2b: Kyogre|Water Spout|p1a: Calyrex|[spread] p1a,p1b\n|-resisted|p1a: Calyrex\n|-damage|p1a: Calyrex|5/100\n|-damage|p1b: Regieleki|64/100\n|move|p1a: Calyrex|Glacial Lance|p2b: Kyogre|[spread] p2a,p2b\n|-resisted|p2b: Kyogre\n|-damage|p2a: Talonflame|0 fnt\n|-damage|p2b: Kyogre|0 fnt\n|faint|p2a: Talonflame\n|faint|p2b: Kyogre\n|\n|win|Shagrathisbeast\n|raw|Shagrathisbeast's rating: 1292 &rarr; <strong>1334</strong><br />(+42 for winning)\n|raw|Solarbloke's rating: 1574 &rarr; <strong>1541</strong><br />(-33 for losing)\n|l|\u2606Solarbloke\n|player|p2|\n|c|\u2606Shagrathisbeast|lol\n|l|\u2606Shagrathisbeast\n|player|p1|\n","uploadtime":1770678719,"views":12,"formatid":"gen9vgc2026regi","rating":1334,"private":0,"password":null}