{"id":"gen9vgc2026regi-2563314483","format":"[Gen 9] VGC 2026 Reg I","players":["Jank Jankerssen","pzyxhic"],"log":"|j|\u2606Jank Jankerssen\n|j|\u2606pzyxhic\n|t:|1774015494\n|gametype|doubles\n|player|p1|Jank Jankerssen|101|1267\n|player|p2|pzyxhic|169|1347\n|gen|9\n|tier|[Gen 9] VGC 2026 Reg I\n|rated|\n|rule|Species Clause: Limit one of each Pok\u00e9mon\n|rule|Item Clause: Limit 1 of each item\n|clearpoke\n|poke|p1|Scream Tail, L50|\n|poke|p1|Incineroar, L50, M|\n|poke|p1|Gothitelle, L50, F|\n|poke|p1|Calyrex-Ice, L50|\n|poke|p1|Grimmsnarl, L50, M|\n|poke|p1|Giratina-Origin, L50|\n|poke|p2|Giratina-Origin, L50|\n|poke|p2|Zamazenta-*, L50|\n|poke|p2|Incineroar, L50, F|\n|poke|p2|Amoonguss, L50, F|\n|poke|p2|Urshifu-*, L50, F|\n|poke|p2|Grimmsnarl, L50, M|\n|teampreview|4\n|inactive|Battle timer is ON: inactive players will automatically lose when time's up. (requested by Jank Jankerssen)\n|inactive|Jank Jankerssen has 60 seconds left.\n|\n|t:|1774015525\n|teamsize|p1|4\n|teamsize|p2|4\n|start\n|switch|p1a: Calyrex|Calyrex-Ice, L50|100/100\n|switch|p1b: Incineroar|Incineroar, L50, M|100/100\n|switch|p2a: Giratina|Giratina-Origin, L50|100/100\n|switch|p2b: Urshifu|Urshifu-Rapid-Strike, L50, F|100/100\n|-ability|p1a: Calyrex|As One\n|-ability|p1a: Calyrex|Unnerve\n|-ability|p1b: Incineroar|Intimidate|boost\n|-unboost|p2a: Giratina|atk|1\n|-unboost|p2b: Urshifu|atk|1\n|turn|1\n|inactive|pzyxhic has 30 seconds left.\n|inactive|Jank Jankerssen has 30 seconds left.\n|\n|t:|1774015565\n|switch|p2a: Incineroar|Incineroar, L50, F|100/100\n|-ability|p2a: Incineroar|Intimidate|boost\n|-unboost|p1a: Calyrex|atk|1\n|-unboost|p1b: Incineroar|atk|1\n|move|p1b: Incineroar|Fake Out|p2b: Urshifu\n|-damage|p2b: Urshifu|93/100\n|cant|p2b: Urshifu|flinch\n|move|p1a: Calyrex|Substitute|p1a: Calyrex\n|-start|p1a: Calyrex|Substitute\n|-damage|p1a: Calyrex|76/100\n|\n|-heal|p1a: Calyrex|82/100|[from] item: Leftovers\n|upkeep\n|turn|2\n|inactive|Jank Jankerssen has 30 seconds left.\n|inactive|pzyxhic has 30 seconds left.\n|\n|t:|1774015598\n|-terastallize|p1a: Calyrex|Normal\n|move|p2b: Urshifu|Surging Strikes|p1a: Calyrex\n|-crit|p1a: Calyrex\n|-activate|p1a: Calyrex|move: Substitute|[damage]\n|-crit|p1a: Calyrex\n|-end|p1a: Calyrex|Substitute\n|-crit|p1a: Calyrex\n|-damage|p1a: Calyrex|70/100\n|-hitcount|p1a: Calyrex|3\n|move|p1a: Calyrex|Leech Seed|p2b: Urshifu\n|-start|p2b: Urshifu|move: Leech Seed\n|move|p2a: Incineroar|Knock Off|p1b: Incineroar\n|-resisted|p1b: Incineroar\n|-damage|p1b: Incineroar|81/100\n|-enditem|p1b: Incineroar|Sitrus Berry|[from] move: Knock Off|[of] p2a: Incineroar\n|move|p1b: Incineroar|Parting Shot|p2a: Incineroar\n|-unboost|p2a: Incineroar|atk|1\n|-unboost|p2a: Incineroar|spa|1\n|\n|t:|1774015613\n|switch|p1b: Scream Tail|Scream Tail, L50|100/100|[from] Parting Shot\n|-enditem|p1b: Scream Tail|Booster Energy\n|-activate|p1b: Scream Tail|ability: Protosynthesis|[fromitem]\n|-start|p1b: Scream Tail|protosynthesisspe\n|\n|-heal|p1a: Calyrex|75/100|[from] item: Leftovers\n|-damage|p2b: Urshifu|81/100|[from] Leech Seed|[of] p1a: Calyrex\n|-heal|p1a: Calyrex|86/100|[silent]\n|upkeep\n|turn|3\n|\n|t:|1774015628\n|switch|p2b: Giratina|Giratina-Origin, L50|100/100\n|move|p1b: Scream Tail|Disable||[still]\n|-fail|p1b: Scream Tail\n|move|p1a: Calyrex|Substitute|p1a: Calyrex\n|-start|p1a: Calyrex|Substitute\n|-damage|p1a: Calyrex|62/100\n|move|p2a: Incineroar|Knock Off|p1a: Calyrex\n|-activate|p1a: Calyrex|move: Substitute|[damage]\n|\n|-heal|p1a: Calyrex|68/100|[from] item: Leftovers\n|upkeep\n|turn|4\n|\n|t:|1774015649\n|move|p1b: Scream Tail|Encore|p2a: Incineroar\n|-start|p2a: Incineroar|Encore\n|move|p2b: Giratina|Poltergeist||[still]\n|-fail|p2b: Giratina\n|move|p1a: Calyrex|Glacial Lance|p2b: Giratina|[spread] p2a,p2b\n|-resisted|p2a: Incineroar\n|-supereffective|p2b: Giratina\n|-damage|p2a: Incineroar|84/100\n|-damage|p2b: Giratina|47/100\n|move|p2a: Incineroar|Knock Off|p1a: Calyrex\n|-end|p1a: Calyrex|Substitute\n|\n|-heal|p1a: Calyrex|73/100|[from] item: Leftovers\n|upkeep\n|turn|5\n|\n|t:|1774015670\n|switch|p2b: Urshifu|Urshifu-Rapid-Strike, L50, F|81/100\n|move|p1b: Scream Tail|Disable|p2a: Incineroar\n|-start|p2a: Incineroar|Disable|Knock Off\n|move|p1a: Calyrex|Substitute|p1a: Calyrex\n|-start|p1a: Calyrex|Substitute\n|-damage|p1a: Calyrex|49/100\n|cant|p2a: Incineroar|Disable|Knock Off\n|\n|-heal|p1a: Calyrex|55/100|[from] item: Leftovers\n|upkeep\n|turn|6\n|-message|pzyxhic forfeited.\n|\n|win|Jank Jankerssen\n|raw|Jank Jankerssen's rating: 1267 &rarr; <strong>1298</strong><br />(+31 for winning)\n|raw|pzyxhic's rating: 1347 &rarr; <strong>1322</strong><br />(-25 for losing)\n|l|\u2606pzyxhic\n|player|p2|\n|l|\u2606Jank Jankerssen\n|player|p1|\n","uploadtime":1774015942,"views":14,"formatid":"gen9vgc2026regi","rating":1298,"private":0,"password":null}