{"id":"gen9vgc2026regi-2540759950","format":"[Gen 9] VGC 2026 Reg I","players":["Luca8","testaccountforvgc"],"log":"|j|\u2606Luca8\n|j|\u2606testaccountforvgc\n|t:|1771250821\n|gametype|doubles\n|player|p1|Luca8|flint|1432\n|player|p2|testaccountforvgc|ethan|1342\n|gen|9\n|tier|[Gen 9] VGC 2026 Reg I\n|rated|\n|rule|Species Clause: Limit one of each Pok\u00e9mon\n|rule|Item Clause: Limit 1 of each item\n|clearpoke\n|poke|p1|Whimsicott, L50, M|\n|poke|p1|Kyogre, L50|\n|poke|p1|Landorus, L50, M|\n|poke|p1|Lunala, L50|\n|poke|p1|Farigiraf, L50, F|\n|poke|p1|Amoonguss, L50, F|\n|poke|p2|Kyogre, L50|\n|poke|p2|Miraidon, L50|\n|poke|p2|Chien-Pao, L50|\n|poke|p2|Scyther, L50, M|\n|poke|p2|Farigiraf, L50, M|\n|poke|p2|Incineroar, L50, M|\n|teampreview|4\n|\n|t:|1771250869\n|teamsize|p1|4\n|teamsize|p2|4\n|start\n|switch|p1a: Landorus|Landorus, L50, M|100/100\n|switch|p1b: Whimsicott|Whimsicott, L50, M|100/100\n|switch|p2a: Scyther|Scyther, L50, M|100/100\n|switch|p2b: Farigiraf|Farigiraf, L50, M|100/100\n|turn|1\n|\n|t:|1771250906\n|switch|p2b: Kyogre|Kyogre, L50|100/100\n|-weather|RainDance|[from] ability: Drizzle|[of] p2b: Kyogre\n|move|p1b: Whimsicott|Moonblast|p2b: Kyogre\n|-damage|p2b: Kyogre|76/100\n|move|p1a: Landorus|Earth Power|p2b: Kyogre\n|-damage|p2b: Kyogre|32/100\n|move|p2a: Scyther|Tailwind|p2a: Scyther\n|-sidestart|p2: testaccountforvgc|move: Tailwind\n|\n|-weather|RainDance|[upkeep]\n|upkeep\n|turn|2\n|\n|t:|1771250927\n|move|p1b: Whimsicott|Tailwind|p1b: Whimsicott\n|-sidestart|p1: Luca8|move: Tailwind\n|move|p1a: Landorus|Sandsear Storm|p2b: Kyogre|[spread] p2b\n|-immune|p2a: Scyther\n|-damage|p2b: Kyogre|0 fnt\n|faint|p2b: Kyogre\n|move|p2a: Scyther|Dual Wingbeat|p1b: Whimsicott\n|-supereffective|p1b: Whimsicott\n|-damage|p1b: Whimsicott|3/100\n|-supereffective|p1b: Whimsicott\n|-damage|p1b: Whimsicott|0 fnt\n|faint|p1b: Whimsicott\n|-hitcount|p1: Whimsicott|2\n|\n|-weather|RainDance|[upkeep]\n|upkeep\n|\n|t:|1771250961\n|switch|p1b: Kyogre|Kyogre, L50|100/100\n|switch|p2b: Chien-Pao|Chien-Pao, L50|100/100\n|-ability|p2b: Chien-Pao|Sword of Ruin\n|turn|3\n|\n|t:|1771250987\n|-terastallize|p2b: Chien-Pao|Stellar\n|-terastallize|p1a: Landorus|Electric\n|move|p2b: Chien-Pao|Sucker Punch|p1b: Kyogre\n|-damage|p1b: Kyogre|39/100\n|move|p1b: Kyogre|Water Spout|p2a: Scyther|[spread] p2a,p2b\n|-damage|p2a: Scyther|68/100\n|-damage|p2b: Chien-Pao|39/100\n|move|p1a: Landorus|Sandsear Storm|p2a: Scyther|[spread] p2b\n|-immune|p2a: Scyther\n|-damage|p2b: Chien-Pao|0 fnt\n|faint|p2b: Chien-Pao\n|move|p2a: Scyther|Dual Wingbeat|p1a: Landorus\n|-resisted|p1a: Landorus\n|-damage|p1a: Landorus|82/100\n|-resisted|p1a: Landorus\n|-damage|p1a: Landorus|66/100\n|-hitcount|p1a: Landorus|2\n|\n|-weather|RainDance|[upkeep]\n|upkeep\n|\n|t:|1771251008\n|switch|p2b: Farigiraf|Farigiraf, L50, M|100/100\n|turn|4\n|\n|t:|1771251023\n|move|p1b: Kyogre|Water Spout|p2b: Farigiraf|[spread] p2a,p2b\n|-damage|p2a: Scyther|40/100\n|-damage|p2b: Farigiraf|66/100\n|move|p1a: Landorus|Sandsear Storm|p2b: Farigiraf|[spread] p2b\n|-immune|p2a: Scyther\n|-damage|p2b: Farigiraf|18/100\n|-enditem|p2b: Farigiraf|Sitrus Berry|[eat]\n|-heal|p2b: Farigiraf|42/100|[from] item: Sitrus Berry\n|move|p2a: Scyther|Dual Wingbeat|p1b: Kyogre\n|-damage|p1b: Kyogre|4/100\n|-damage|p1b: Kyogre|0 fnt\n|faint|p1b: Kyogre\n|-hitcount|p1: Kyogre|2\n|move|p2b: Farigiraf|Foul Play|p1a: Landorus\n|-damage|p1a: Landorus|43/100\n|\n|-weather|RainDance|[upkeep]\n|-sideend|p2: testaccountforvgc|move: Tailwind\n|upkeep\n|\n|t:|1771251051\n|switch|p1b: Lunala|Lunala, L50|100/100\n|turn|5\n|\n|t:|1771251072\n|move|p2b: Farigiraf|Protect|p2b: Farigiraf\n|-singleturn|p2b: Farigiraf|Protect\n|move|p1a: Landorus|Sandsear Storm|p2b: Farigiraf|[spread] \n|-activate|p2b: Farigiraf|move: Protect\n|-immune|p2a: Scyther\n|move|p1b: Lunala|Meteor Beam||[still]\n|-prepare|p1b: Lunala|Meteor Beam\n|-boost|p1b: Lunala|spa|1\n|-enditem|p1b: Lunala|Power Herb\n|-anim|p1b: Lunala|Meteor Beam|p2a: Scyther|[miss]\n|-miss|p1b: Lunala|p2a: Scyther\n|move|p2a: Scyther|Dual Wingbeat|p1b: Lunala\n|-damage|p1b: Lunala|87/100\n|-damage|p1b: Lunala|61/100\n|-hitcount|p1b: Lunala|2\n|\n|-weather|none\n|-sideend|p1: Luca8|move: Tailwind\n|upkeep\n|turn|6\n|\n|t:|1771251102\n|move|p1a: Landorus|Earth Power|p2b: Farigiraf\n|-damage|p2b: Farigiraf|0 fnt\n|faint|p2b: Farigiraf\n|move|p2a: Scyther|Dual Wingbeat|p1a: Landorus\n|-resisted|p1a: Landorus\n|-damage|p1a: Landorus|24/100\n|-resisted|p1a: Landorus\n|-damage|p1a: Landorus|8/100\n|-hitcount|p1a: Landorus|2\n|move|p1b: Lunala|Moongeist Beam|p2a: Scyther\n|-damage|p2a: Scyther|0 fnt\n|faint|p2a: Scyther\n|\n|win|Luca8\n|raw|Luca8's rating: 1432 &rarr; <strong>1447</strong><br />(+15 for winning)\n|raw|testaccountforvgc's rating: 1342 &rarr; <strong>1327</strong><br />(-15 for losing)\n|l|\u2606testaccountforvgc\n|player|p2|\n|l|\u2606Luca8\n|player|p1|\n","uploadtime":1771251340,"views":34,"formatid":"gen9vgc2026regi","rating":1327,"private":0,"password":null}