{"id":"gen9vgc2026regi-2549457011","format":"[Gen 9] VGC 2026 Reg I","players":["Momoka qwq","kojimuranishi"],"log":"|j|\u2606Momoka qwq\n|j|\u2606kojimuranishi\n|t:|1772370549\n|gametype|doubles\n|player|p1|Momoka qwq|cynthia-gen4|1386\n|player|p2|kojimuranishi|102|1324\n|gen|9\n|tier|[Gen 9] VGC 2026 Reg I\n|rated|\n|rule|Species Clause: Limit one of each Pok\u00e9mon\n|rule|Item Clause: Limit 1 of each item\n|clearpoke\n|poke|p1|Miraidon, L50|\n|poke|p1|Lunala, L50|\n|poke|p1|Incineroar, L50, M|\n|poke|p1|Volcarona, L50, M|\n|poke|p1|Raging Bolt, L50|\n|poke|p1|Ditto, L50|\n|poke|p2|Raging Bolt, L50|\n|poke|p2|Calyrex-Ice, L50|\n|poke|p2|Kyogre, L50|\n|poke|p2|Indeedee-F, L50, F|\n|poke|p2|Ursaluna, L50, F|\n|poke|p2|Torkoal, L50, M|\n|teampreview|4\n|inactive|Battle timer is ON: inactive players will automatically lose when time's up. (requested by kojimuranishi)\n|inactive|Momoka qwq has 60 seconds left.\n|\n|t:|1772370597\n|teamsize|p1|4\n|teamsize|p2|4\n|start\n|switch|p1a: Lunala|Lunala, L50|100/100\n|switch|p1b: Incineroar|Incineroar, L50, M, shiny|100/100\n|switch|p2a: Calyrex|Calyrex-Ice, L50|100/100\n|switch|p2b: Kyogre|Kyogre, L50|100/100\n|-ability|p2a: Calyrex|As One\n|-ability|p2a: Calyrex|Unnerve\n|-weather|RainDance|[from] ability: Drizzle|[of] p2b: Kyogre\n|-ability|p1b: Incineroar|Intimidate|boost\n|-unboost|p2a: Calyrex|atk|1\n|-unboost|p2b: Kyogre|atk|1\n|turn|1\n|inactive|Momoka qwq has 30 seconds left.\n|inactive|kojimuranishi has 30 seconds left.\n|inactive|Momoka qwq has 20 seconds left.\n|inactive|kojimuranishi has 20 seconds left.\n|inactive|Momoka qwq has 15 seconds left.\n|inactive|Momoka qwq has 10 seconds left.\n|inactive|kojimuranishi has 15 seconds left.\n|\n|t:|1772370645\n|move|p1b: Incineroar|Fake Out|p2b: Kyogre\n|-damage|p2b: Kyogre|89/100\n|cant|p2b: Kyogre|flinch\n|move|p1a: Lunala|Moongeist Beam|p2b: Kyogre\n|-damage|p2b: Kyogre|43/100\n|move|p2a: Calyrex|Trick Room|p2a: Calyrex\n|-fieldstart|move: Trick Room|[of] p2a: Calyrex\n|\n|-weather|RainDance|[upkeep]\n|upkeep\n|turn|2\n|inactive|Momoka qwq has 30 seconds left.\n|inactive|Momoka qwq has 20 seconds left.\n|inactive|Momoka qwq has 15 seconds left.\n|inactive|Momoka qwq has 10 seconds left.\n|inactive|Momoka qwq has 5 seconds left.\n|\n|t:|1772370697\n|switch|p2b: Ursaluna|Ursaluna, L50, F|100/100\n|move|p2a: Calyrex|Leech Seed|p1a: Lunala|[miss]\n|-miss|p2a: Calyrex|p1a: Lunala\n|move|p1b: Incineroar|Parting Shot|p2a: Calyrex\n|-unboost|p2a: Calyrex|atk|1\n|-unboost|p2a: Calyrex|spa|1\n|\n|t:|1772370714\n|switch|p1b: Ditto|Ditto, L50, shiny|100/100|[from] Parting Shot\n|-transform|p1b: Ditto|p2a: Calyrex|[from] ability: Imposter\n|-ability|p1b: Ditto|As One\n|-ability|p1b: Ditto|Unnerve\n|move|p1a: Lunala|Trick Room|p1a: Lunala\n|-fieldend|move: Trick Room\n|\n|-weather|RainDance|[upkeep]\n|-status|p2b: Ursaluna|brn|[from] item: Flame Orb\n|upkeep\n|turn|3\n|\n|t:|1772370737\n|switch|p1b: Incineroar|Incineroar, L50, M, shiny|100/100\n|-ability|p1b: Incineroar|Intimidate|boost\n|-unboost|p2a: Calyrex|atk|1\n|-unboost|p2b: Ursaluna|atk|1\n|move|p1a: Lunala|Moongeist Beam|p2a: Calyrex\n|-supereffective|p2a: Calyrex\n|-damage|p2a: Calyrex|33/100\n|move|p2a: Calyrex|Leech Seed|p1a: Lunala\n|-start|p1a: Lunala|move: Leech Seed\n|move|p2b: Ursaluna|Facade|p1b: Incineroar\n|-damage|p1b: Incineroar|29/100\n|-damage|p2b: Ursaluna|84/100 brn|[from] item: Rocky Helmet|[of] p1b: Incineroar\n|\n|-weather|RainDance|[upkeep]\n|-heal|p2a: Calyrex|39/100|[from] item: Leftovers\n|-damage|p1a: Lunala|88/100|[from] Leech Seed|[of] p2a: Calyrex\n|-heal|p2a: Calyrex|53/100|[silent]\n|-damage|p2b: Ursaluna|78/100 brn|[from] brn\n|upkeep\n|turn|4\n|inactive|Momoka qwq has 30 seconds left.\n|inactive|kojimuranishi has 30 seconds left.\n|inactive|Momoka qwq has 20 seconds left.\n|inactive|Momoka qwq has 15 seconds left.\n|\n|t:|1772370779\n|switch|p2a: Indeedee|Indeedee-F, L50, F|100/100\n|-fieldstart|move: Psychic Terrain|[from] ability: Psychic Surge|[of] p2a: Indeedee\n|move|p1a: Lunala|Moonblast|p2b: Ursaluna\n|-damage|p2b: Ursaluna|47/100 brn\n|move|p1b: Incineroar|Knock Off|p2b: Ursaluna\n|-damage|p2b: Ursaluna|17/100 brn\n|-enditem|p2b: Ursaluna|Flame Orb|[from] move: Knock Off|[of] p1b: Incineroar\n|move|p2b: Ursaluna|Rock Slide|p1a: Lunala|[spread] p1a,p1b\n|-supereffective|p1b: Incineroar\n|-damage|p1a: Lunala|70/100\n|-damage|p1b: Incineroar|0 fnt\n|faint|p1b: Incineroar\n|\n|-weather|RainDance|[upkeep]\n|-heal|p1a: Lunala|76/100|[from] item: Leftovers\n|-damage|p1a: Lunala|64/100|[from] Leech Seed|[of] p2a: Indeedee\n|-damage|p2b: Ursaluna|11/100 brn|[from] brn\n|upkeep\n|\n|t:|1772370800\n|switch|p1b: Miraidon|Miraidon, L50|100/100\n|-fieldstart|move: Electric Terrain|[from] ability: Hadron Engine|[of] p1b: Miraidon\n|turn|5\n|\n|t:|1772370817\n|-terastallize|p1b: Miraidon|Electric\n|move|p1b: Miraidon|Electro Drift|p2a: Indeedee\n|-damage|p2a: Indeedee|0 fnt\n|-damage|p1b: Miraidon|84/100|[from] item: Rocky Helmet|[of] p2a: Indeedee\n|faint|p2a: Indeedee\n|move|p1a: Lunala|Moonblast|p2b: Ursaluna\n|-damage|p2b: Ursaluna|0 fnt\n|faint|p2b: Ursaluna\n|\n|-weather|none\n|-heal|p1a: Lunala|70/100|[from] item: Leftovers\n|upkeep\n|\n|t:|1772370834\n|switch|p2a: Kyogre|Kyogre, L50|43/100\n|switch|p2b: Calyrex|Calyrex-Ice, L50|53/100\n|-ability|p2b: Calyrex|As One\n|-ability|p2b: Calyrex|Unnerve\n|-weather|RainDance|[from] ability: Drizzle|[of] p2a: Kyogre\n|turn|6\n|\n|t:|1772370848\n|-terastallize|p2a: Kyogre|Water\n|move|p1a: Lunala|Wide Guard|p1a: Lunala\n|-singleturn|p1a: Lunala|Wide Guard\n|move|p1b: Miraidon|Electro Drift|p2a: Kyogre\n|-supereffective|p2a: Kyogre\n|-damage|p2a: Kyogre|0 fnt\n|faint|p2a: Kyogre\n|move|p2b: Calyrex|Trick Room|p2b: Calyrex\n|-fieldstart|move: Trick Room|[of] p2b: Calyrex\n|\n|-weather|RainDance|[upkeep]\n|-heal|p2b: Calyrex|58/100|[from] item: Leftovers\n|-heal|p1a: Lunala|76/100|[from] item: Leftovers\n|upkeep\n|turn|7\n|\n|t:|1772370867\n|move|p2b: Calyrex|Protect|p2b: Calyrex\n|-singleturn|p2b: Calyrex|Protect\n|move|p1a: Lunala|Wide Guard|p1a: Lunala\n|-singleturn|p1a: Lunala|Wide Guard\n|move|p1b: Miraidon|Electro Drift|p2b: Calyrex\n|-activate|p2b: Calyrex|move: Protect\n|\n|-weather|RainDance|[upkeep]\n|-heal|p2b: Calyrex|64/100|[from] item: Leftovers\n|-heal|p1a: Lunala|82/100|[from] item: Leftovers\n|upkeep\n|turn|8\n|\n|t:|1772370885\n|move|p1a: Lunala|Wide Guard|p1a: Lunala\n|-singleturn|p1a: Lunala|Wide Guard\n|move|p2b: Calyrex|Leech Seed|p1b: Miraidon\n|-start|p1b: Miraidon|move: Leech Seed\n|move|p1b: Miraidon|Electro Drift|p2b: Calyrex\n|-damage|p2b: Calyrex|0 fnt\n|faint|p2b: Calyrex\n|\n|win|Momoka qwq\n|raw|Momoka qwq's rating: 1386 &rarr; <strong>1402</strong><br />(+16 for winning)\n|raw|kojimuranishi's rating: 1324 &rarr; <strong>1308</strong><br />(-16 for losing)\n|l|\u2606kojimuranishi\n|player|p2|\n|l|\u2606Momoka qwq\n|player|p1|\n","uploadtime":1772371105,"views":12,"formatid":"gen9vgc2026regi","rating":1308,"private":0,"password":null}