{"id":"gen9vgc2026regi-2563155524","format":"[Gen 9] VGC 2026 Reg I","players":["Jonen","Geezerlad45"],"log":"|j|\u2606Jonen\n|j|\u2606Geezerlad45\n|t:|1773995478\n|gametype|doubles\n|player|p1|Jonen|medium|1247\n|player|p2|Geezerlad45|cynthia-gen4|1291\n|gen|9\n|tier|[Gen 9] VGC 2026 Reg I\n|rated|\n|rule|Species Clause: Limit one of each Pok\u00e9mon\n|rule|Item Clause: Limit 1 of each item\n|clearpoke\n|poke|p1|Groudon, L50|\n|poke|p1|Lunala, L50|\n|poke|p1|Sableye, L50, F|\n|poke|p1|Chi-Yu, L50|\n|poke|p1|Rillaboom, L50, M|\n|poke|p1|Jumpluff, L50, M|\n|poke|p2|Calyrex-Ice, L50|\n|poke|p2|Landorus-Therian, L50, M|\n|poke|p2|Lunala, L50|\n|poke|p2|Amoonguss, L50, M|\n|poke|p2|Iron Moth, L50|\n|poke|p2|Whimsicott, L50, M|\n|teampreview|4\n|inactive|Battle timer is ON: inactive players will automatically lose when time's up. (requested by Geezerlad45)\n|inactive|Jonen has 60 seconds left.\n|\n|t:|1773995513\n|teamsize|p1|4\n|teamsize|p2|4\n|start\n|switch|p1a: Lunala|Lunala, L50|100/100\n|switch|p1b: Sableye|Sableye, L50, F|100/100\n|switch|p2a: Calyrex|Calyrex-Ice, L50|100/100\n|switch|p2b: Whimsicott|Whimsicott, L50, M|100/100\n|-ability|p2a: Calyrex|As One\n|-ability|p2a: Calyrex|Unnerve\n|turn|1\n|\n|t:|1773995527\n|-terastallize|p2a: Calyrex|Steel\n|move|p1b: Sableye|Gravity|p1b: Sableye\n|-fieldstart|move: Gravity\n|move|p2b: Whimsicott|Moonblast|p1b: Sableye\n|-supereffective|p1b: Sableye\n|-enditem|p1b: Sableye|Focus Sash\n|-damage|p1b: Sableye|1/100\n|move|p1a: Lunala|Hypnosis|p2a: Calyrex\n|-status|p2a: Calyrex|slp|[from] move: Hypnosis\n|cant|p2a: Calyrex|slp\n|\n|upkeep\n|turn|2\n|\n|t:|1773995540\n|move|p1b: Sableye|Disable|p2b: Whimsicott\n|-start|p2b: Whimsicott|Disable|Moonblast\n|cant|p2b: Whimsicott|Disable|Moonblast\n|move|p1a: Lunala|Meteor Beam||[still]\n|-prepare|p1a: Lunala|Meteor Beam\n|-boost|p1a: Lunala|spa|1\n|-enditem|p1a: Lunala|Power Herb\n|-anim|p1a: Lunala|Meteor Beam|p2b: Whimsicott\n|-enditem|p2b: Whimsicott|Focus Sash\n|-damage|p2b: Whimsicott|1/100\n|cant|p2a: Calyrex|slp\n|\n|upkeep\n|turn|3\n|inactive|Jonen has 30 seconds left.\n|\n|t:|1773995568\n|switch|p1b: Chi-Yu|Chi-Yu, L50|100/100\n|-ability|p1b: Chi-Yu|Beads of Ruin\n|move|p2b: Whimsicott|Encore|p1a: Lunala\n|-start|p1a: Lunala|Encore\n|move|p1a: Lunala|Meteor Beam||[still]\n|-prepare|p1a: Lunala|Meteor Beam\n|-boost|p1a: Lunala|spa|1\n|cant|p2a: Calyrex|slp\n|\n|upkeep\n|turn|4\n|\n|t:|1773995585\n|move|p1b: Chi-Yu|Heat Wave|p2a: Calyrex|[spread] p2a,p2b\n|-supereffective|p2a: Calyrex\n|-supereffective|p2b: Whimsicott\n|-damage|p2a: Calyrex|28/100 slp\n|-damage|p2b: Whimsicott|0 fnt\n|faint|p2b: Whimsicott\n|move|p1a: Lunala|Meteor Beam|p2a: Calyrex|[from] lockedmove\n|-resisted|p2a: Calyrex\n|-damage|p2a: Calyrex|0 fnt\n|faint|p2a: Calyrex\n|\n|upkeep\n|\n|t:|1773995593\n|switch|p2b: Lunala|Lunala, L50|100/100\n|switch|p2a: Landorus|Landorus-Therian, L50, M|100/100\n|-ability|p2a: Landorus|Intimidate|boost\n|-unboost|p1a: Lunala|atk|1\n|-unboost|p1b: Chi-Yu|atk|1\n|turn|5\n|\n|t:|1773995608\n|move|p1b: Chi-Yu|Heat Wave|p2b: Lunala|[spread] p2a,p2b\n|-damage|p2a: Landorus|38/100\n|-damage|p2b: Lunala|82/100\n|move|p1a: Lunala|Meteor Beam||[still]\n|-prepare|p1a: Lunala|Meteor Beam\n|-boost|p1a: Lunala|spa|1\n|move|p2a: Landorus|Stomping Tantrum|p1b: Chi-Yu\n|-supereffective|p1b: Chi-Yu\n|-damage|p1b: Chi-Yu|0 fnt\n|faint|p1b: Chi-Yu\n|move|p2b: Lunala|Moongeist Beam|p1a: Lunala\n|-supereffective|p1a: Lunala\n|-damage|p1a: Lunala|16/100\n|\n|-end|p1a: Lunala|Encore\n|-fieldend|move: Gravity\n|upkeep\n|\n|t:|1773995624\n|switch|p1b: Sableye|Sableye, L50, F|1/100\n|turn|6\n|\n|t:|1773995633\n|move|p1b: Sableye|Quash|p2b: Lunala\n|-activate|p2b: Lunala|move: Quash\n|move|p1a: Lunala|Meteor Beam|p2a: Landorus|[from] lockedmove\n|-damage|p2a: Landorus|0 fnt\n|faint|p2a: Landorus\n|move|p2b: Lunala|Trick Room|p2b: Lunala\n|-fieldstart|move: Trick Room|[of] p2b: Lunala\n|\n|upkeep\n|turn|7\n|\n|t:|1773995651\n|move|p1b: Sableye|Quash|p2b: Lunala\n|-activate|p2b: Lunala|move: Quash\n|move|p1a: Lunala|Moongeist Beam|p2b: Lunala\n|-supereffective|p2b: Lunala\n|-damage|p2b: Lunala|0 fnt\n|faint|p2b: Lunala\n|\n|win|Jonen\n|raw|Jonen's rating: 1247 &rarr; <strong>1275</strong><br />(+28 for winning)\n|raw|Geezerlad45's rating: 1291 &rarr; <strong>1263</strong><br />(-28 for losing)\n","uploadtime":1773995651,"views":10,"formatid":"gen9vgc2026regi","rating":1263,"private":0,"password":null}