{"id":"gen9vgc2026regi-2515876632","format":"[Gen 9] VGC 2026 Reg I","players":["blackred123\u6c38\u96cf\u5854\u83f2\u4fa0","Fuck Cops"],"log":"|j|\u2606blackred123\u6c38\u96cf\u5854\u83f2\u4fa0\n|j|\u203dFuck Cops\n|t:|1768054962\n|gametype|doubles\n|player|p1|blackred123\u6c38\u96cf\u5854\u83f2\u4fa0|iono-masters|1338\n|player|p2|Fuck Cops|265|1339\n|gen|9\n|tier|[Gen 9] VGC 2026 Reg I\n|rated|\n|rule|Species Clause: Limit one of each Pok\u00e9mon\n|rule|Item Clause: Limit 1 of each item\n|clearpoke\n|poke|p1|Calyrex-Shadow, L50|\n|poke|p1|Koraidon, L50|\n|poke|p1|Brute Bonnet, L50|\n|poke|p1|Landorus, L50, M|\n|poke|p1|Raging Bolt, L50|\n|poke|p1|Incineroar, L50, M|\n|poke|p2|Kyogre, L50|\n|poke|p2|Whimsicott, L50, M|\n|poke|p2|Urshifu-*, L50, F|\n|poke|p2|Landorus, L50, M|\n|poke|p2|Zacian-*, L50|\n|poke|p2|Roaring Moon, L50|\n|teampreview|4\n|inactive|Battle timer is ON: inactive players will automatically lose when time's up. (requested by Fuck Cops)\n|inactive|blackred123\u6c38\u96cf\u5854\u83f2\u4fa0 also wants the timer to be on.\n|inactive|blackred123\u6c38\u96cf\u5854\u83f2\u4fa0 has 60 seconds left.\n|inactive|Fuck Cops has 60 seconds left.\n|\n|t:|1768055015\n|teamsize|p1|4\n|teamsize|p2|4\n|start\n|switch|p1a: Calyrex|Calyrex-Shadow, L50|100/100\n|switch|p1b: Brute Bonnet|Brute Bonnet, L50, shiny|100/100\n|switch|p2a: Whimsicott|Whimsicott, L50, M|100/100\n|switch|p2b: Landorus|Landorus, L50, M|100/100\n|-ability|p1a: Calyrex|As One\n|-ability|p1a: Calyrex|Unnerve\n|turn|1\n|\n|t:|1768055038\n|move|p1a: Calyrex|Protect|p1a: Calyrex\n|-singleturn|p1a: Calyrex|Protect\n|move|p2a: Whimsicott|Light Screen|p2a: Whimsicott\n|-sidestart|p2: Fuck Cops|move: Light Screen\n|move|p2b: Landorus|Taunt|p1b: Brute Bonnet\n|-start|p1b: Brute Bonnet|move: Taunt\n|cant|p1b: Brute Bonnet|move: Taunt|Spore\n|\n|upkeep\n|turn|2\n|\n|t:|1768055060\n|-terastallize|p1a: Calyrex|Dark\n|move|p2a: Whimsicott|Encore|p1a: Calyrex\n|-hint|Since gen 7, Dark is immune to Prankster moves.\n|-immune|p1a: Calyrex\n|move|p1b: Brute Bonnet|Sucker Punch|p2b: Landorus\n|-damage|p2b: Landorus|69/100\n|move|p1a: Calyrex|Astral Barrage|p2a: Whimsicott|[spread] p2a,p2b\n|-damage|p2a: Whimsicott|54/100\n|-damage|p2b: Landorus|34/100\n|move|p2b: Landorus|Sandsear Storm|p1a: Calyrex|[spread] p1a,p1b\n|-resisted|p1b: Brute Bonnet\n|-crit|p1b: Brute Bonnet\n|-damage|p1a: Calyrex|35/100\n|-damage|p1b: Brute Bonnet|64/100\n|\n|upkeep\n|turn|3\n|j| QAQeee\u5609\u7136\u4fa0\n|\n|t:|1768055085\n|move|p1a: Calyrex|Protect|p1a: Calyrex\n|-singleturn|p1a: Calyrex|Protect\n|move|p2a: Whimsicott|Tailwind|p2a: Whimsicott\n|-sidestart|p2: Fuck Cops|move: Tailwind\n|move|p1b: Brute Bonnet|Sucker Punch|p2b: Landorus\n|-damage|p2b: Landorus|7/100\n|move|p2b: Landorus|Earth Power|p1a: Calyrex\n|-activate|p1a: Calyrex|move: Protect\n|\n|-end|p1b: Brute Bonnet|move: Taunt\n|upkeep\n|turn|4\n|inactive|blackred123\u6c38\u96cf\u5854\u83f2\u4fa0 has 30 seconds left.\n|\n|t:|1768055113\n|switch|p1a: Koraidon|Koraidon, L50|100/100\n|-weather|SunnyDay|[from] ability: Orichalcum Pulse|[of] p1a: Koraidon\n|-activate|p1b: Brute Bonnet|ability: Protosynthesis\n|-start|p1b: Brute Bonnet|protosynthesisdef\n|-activate|p1a: Koraidon|Orichalcum Pulse|[source]\n|move|p1b: Brute Bonnet|Sucker Punch||[still]\n|-fail|p1b: Brute Bonnet\n|move|p2a: Whimsicott|Moonblast|p1a: Koraidon\n|-supereffective|p1a: Koraidon\n|-damage|p1a: Koraidon|0 fnt\n|faint|p1a: Koraidon\n|move|p2b: Landorus|Taunt|p1b: Brute Bonnet\n|-start|p1b: Brute Bonnet|move: Taunt\n|\n|-weather|SunnyDay|[upkeep]\n|upkeep\n|\n|t:|1768055126\n|switch|p1a: \u5146\u7ea7\u7535\u538b|Raging Bolt, L50|100/100\n|-activate|p1a: \u5146\u7ea7\u7535\u538b|ability: Protosynthesis\n|-start|p1a: \u5146\u7ea7\u7535\u538b|protosynthesisspa\n|turn|5\n|\n|t:|1768055136\n|move|p2b: Landorus|Protect|p2b: Landorus\n|-singleturn|p2b: Landorus|Protect\n|move|p1a: \u5146\u7ea7\u7535\u538b|Thunderclap|p2a: Whimsicott\n|-resisted|p2a: Whimsicott\n|-damage|p2a: Whimsicott|32/100\n|move|p1b: Brute Bonnet|Sucker Punch||[still]\n|-fail|p1b: Brute Bonnet\n|move|p2a: Whimsicott|Moonblast|p1a: \u5146\u7ea7\u7535\u538b\n|-supereffective|p1a: \u5146\u7ea7\u7535\u538b\n|-damage|p1a: \u5146\u7ea7\u7535\u538b|66/100\n|-unboost|p1a: \u5146\u7ea7\u7535\u538b|spa|1\n|\n|-weather|SunnyDay|[upkeep]\n|-sideend|p2: Fuck Cops|move: Light Screen\n|upkeep\n|turn|6\n|\n|t:|1768055151\n|switch|p2b: Zacian|Zacian-Crowned, L50|100/100\n|-ability|p2b: Zacian|Intrepid Sword|boost\n|-boost|p2b: Zacian|atk|1\n|move|p2a: Whimsicott|Light Screen|p2a: Whimsicott\n|-sidestart|p2: Fuck Cops|move: Light Screen\n|move|p1b: Brute Bonnet|Sucker Punch||[still]\n|-fail|p1b: Brute Bonnet\n|move|p1a: \u5146\u7ea7\u7535\u538b|Thunderbolt|p2a: Whimsicott\n|-resisted|p2a: Whimsicott\n|-damage|p2a: Whimsicott|14/100\n|\n|-weather|SunnyDay|[upkeep]\n|-sideend|p2: Fuck Cops|move: Tailwind\n|upkeep\n|turn|7\n|inactive|blackred123\u6c38\u96cf\u5854\u83f2\u4fa0 has 30 seconds left.\n|inactive|Fuck Cops has 30 seconds left.\n|\n|t:|1768055187\n|switch|p2a: Landorus|Landorus, L50, M|7/100\n|move|p1a: \u5146\u7ea7\u7535\u538b|Thunderclap|p2b: Zacian\n|-damage|p2b: Zacian|81/100\n|move|p1b: Brute Bonnet|Sucker Punch|p2b: Zacian\n|-resisted|p2b: Zacian\n|-damage|p2b: Zacian|67/100\n|move|p2b: Zacian|Play Rough|p1b: Brute Bonnet\n|-supereffective|p1b: Brute Bonnet\n|-damage|p1b: Brute Bonnet|0 fnt\n|faint|p1b: Brute Bonnet\n|-end|p1b: Brute Bonnet|Protosynthesis|[silent]\n|\n|-weather|SunnyDay|[upkeep]\n|upkeep\n|\n|t:|1768055198\n|switch|p1b: Calyrex|Calyrex-Shadow, L50, tera:Dark|35/100\n|-ability|p1b: Calyrex|As One\n|-ability|p1b: Calyrex|Unnerve\n|turn|8\n|\n|t:|1768055216\n|move|p2a: Landorus|Protect|p2a: Landorus\n|-singleturn|p2a: Landorus|Protect\n|move|p2b: Zacian|Quick Attack|p1b: Calyrex\n|-damage|p1b: Calyrex|10/100\n|move|p1a: \u5146\u7ea7\u7535\u538b|Thunderclap||[still]\n|-fail|p1a: \u5146\u7ea7\u7535\u538b\n|move|p1b: Calyrex|Astral Barrage|p2a: Landorus|[spread] p2b\n|-activate|p2a: Landorus|move: Protect\n|-damage|p2b: Zacian|36/100\n|\n|-weather|none\n|-end|p1a: \u5146\u7ea7\u7535\u538b|Protosynthesis\n|upkeep\n|turn|9\n|inactive|blackred123\u6c38\u96cf\u5854\u83f2\u4fa0 has 30 seconds left.\n|inactive|blackred123\u6c38\u96cf\u5854\u83f2\u4fa0 has 20 seconds left.\n|\n|t:|1768055253\n|move|p2b: Zacian|Quick Attack|p1b: Calyrex\n|-damage|p1b: Calyrex|0 fnt\n|faint|p1b: Calyrex\n|move|p2a: Landorus|Earth Power|p1a: \u5146\u7ea7\u7535\u538b\n|-supereffective|p1a: \u5146\u7ea7\u7535\u538b\n|-damage|p1a: \u5146\u7ea7\u7535\u538b|0 fnt\n|faint|p1a: \u5146\u7ea7\u7535\u538b\n|-end|p1a: \u5146\u7ea7\u7535\u538b|Protosynthesis|[silent]\n|\n|win|Fuck Cops\n|raw|blackred123\u6c38\u96cf\u5854\u83f2\u4fa0's rating: 1338 &rarr; <strong>1318</strong><br />(-20 for losing)\n|raw|Fuck Cops's rating: 1339 &rarr; <strong>1359</strong><br />(+20 for winning)\n","uploadtime":1768055490,"views":23,"formatid":"gen9vgc2026regi","rating":1318,"private":0,"password":null}