{"id":"gen9vgc2026regi-2537651902","format":"[Gen 9] VGC 2026 Reg I","players":["mohammed mo7trf","j0l0k0"],"log":"|j|\u2606mohammed mo7trf\n|j|\u2606j0l0k0\n|t:|1770835416\n|gametype|doubles\n|player|p1|mohammed mo7trf|nate|1478\n|player|p2|j0l0k0|brycen|1484\n|gen|9\n|tier|[Gen 9] VGC 2026 Reg I\n|rated|\n|rule|Species Clause: Limit one of each Pok\u00e9mon\n|rule|Item Clause: Limit 1 of each item\n|clearpoke\n|poke|p1|Calyrex-Ice, L50|\n|poke|p1|Lunala, L50|\n|poke|p1|Smeargle, L50, M|\n|poke|p1|Iron Hands, L50|\n|poke|p1|Torkoal, L50, M|\n|poke|p1|Ursaluna, L50, M|\n|poke|p2|Calyrex-Ice, L50|\n|poke|p2|Kyogre, L50|\n|poke|p2|Indeedee-F, L50, F|\n|poke|p2|Urshifu-*, L50, F|\n|poke|p2|Amoonguss, L50, F|\n|poke|p2|Landorus, L50, M|\n|teampreview|4\n|inactive|Battle timer is ON: inactive players will automatically lose when time's up. (requested by j0l0k0)\n|\n|t:|1770835436\n|teamsize|p1|4\n|teamsize|p2|4\n|start\n|switch|p1a: Calyrex|Calyrex-Ice, L50|100/100\n|switch|p1b: \u0631\u0633\u0627\u0645|Smeargle, L50, M|100/100\n|switch|p2a: Kyogre|Kyogre, L50, shiny|100/100\n|switch|p2b: Urshifu|Urshifu, L50, F|100/100\n|-ability|p1a: Calyrex|As One\n|-ability|p1a: Calyrex|Unnerve\n|-weather|RainDance|[from] ability: Drizzle|[of] p2a: Kyogre\n|turn|1\n|\n|t:|1770835460\n|-terastallize|p2a: Kyogre|Grass\n|move|p1b: \u0631\u0633\u0627\u0645|Fake Out|p2b: Urshifu\n|-damage|p2b: Urshifu|96/100\n|cant|p2b: Urshifu|flinch\n|move|p2a: Kyogre|Water Spout|p1b: \u0631\u0633\u0627\u0645|[spread] p1a,p1b\n|-damage|p1a: Calyrex|30/100\n|-enditem|p1b: \u0631\u0633\u0627\u0645|Focus Sash\n|-damage|p1b: \u0631\u0633\u0627\u0645|1/100\n|move|p1a: Calyrex|Trick Room|p1a: Calyrex\n|-fieldstart|move: Trick Room|[of] p1a: Calyrex\n|\n|-weather|RainDance|[upkeep]\n|-ability|p1b: \u0631\u0633\u0627\u0645|Moody|boost\n|-boost|p1b: \u0631\u0633\u0627\u0645|spe|2\n|-unboost|p1b: \u0631\u0633\u0627\u0645|spd|1\n|upkeep\n|turn|2\n|\n|t:|1770835475\n|switch|p2a: Calyrex|Calyrex-Ice, L50|100/100\n|-ability|p2a: Calyrex|As One\n|-ability|p2a: Calyrex|Unnerve\n|move|p1b: \u0631\u0633\u0627\u0645|Follow Me|p1b: \u0631\u0633\u0627\u0645\n|-singleturn|p1b: \u0631\u0633\u0627\u0645|move: Follow Me\n|move|p1a: Calyrex|Glacial Lance|p2a: Calyrex|[spread] p2a,p2b\n|-resisted|p2a: Calyrex\n|-damage|p2a: Calyrex|83/100\n|-damage|p2b: Urshifu|29/100\n|move|p2b: Urshifu|Wicked Blow|p1b: \u0631\u0633\u0627\u0645\n|-crit|p1b: \u0631\u0633\u0627\u0645\n|-damage|p1b: \u0631\u0633\u0627\u0645|0 fnt\n|faint|p1b: \u0631\u0633\u0627\u0645\n|\n|-weather|RainDance|[upkeep]\n|upkeep\n|\n|t:|1770835490\n|switch|p1b: Torkoal|Torkoal, L50, M, shiny|100/100\n|-weather|SunnyDay|[from] ability: Drought|[of] p1b: Torkoal\n|turn|3\n|\n|t:|1770835514\n|switch|p2a: Kyogre|Kyogre, L50, shiny, tera:Grass|100/100\n|-weather|RainDance|[from] ability: Drizzle|[of] p2a: Kyogre\n|move|p1a: Calyrex|Protect|p1a: Calyrex\n|-singleturn|p1a: Calyrex|Protect\n|move|p2b: Urshifu|Protect|p2b: Urshifu\n|-singleturn|p2b: Urshifu|Protect\n|move|p1b: Torkoal|Heat Wave|p2b: Urshifu|[spread] p2a\n|-activate|p2b: Urshifu|move: Protect\n|-supereffective|p2a: Kyogre\n|-damage|p2a: Kyogre|85/100\n|\n|-weather|RainDance|[upkeep]\n|upkeep\n|turn|4\n|inactive|j0l0k0 has 30 seconds left.\n|inactive|j0l0k0 has 20 seconds left.\n|inactive|j0l0k0 has 15 seconds left.\n|\n|t:|1770835557\n|switch|p1a: Lunala|Lunala, L50, shiny|100/100\n|switch|p2a: Calyrex|Calyrex-Ice, L50|83/100\n|-ability|p2a: Calyrex|As One\n|-ability|p2a: Calyrex|Unnerve\n|move|p2b: Urshifu|Protect|p2b: Urshifu\n|-singleturn|p2b: Urshifu|Protect\n|move|p1b: Torkoal|Earth Power|p2b: Urshifu\n|-activate|p2b: Urshifu|move: Protect\n|\n|-weather|RainDance|[upkeep]\n|upkeep\n|turn|5\n|\n|t:|1770835581\n|-terastallize|p1a: Lunala|Fairy\n|move|p1b: Torkoal|Eruption|p2a: Calyrex|[spread] p2a,p2b\n|-supereffective|p2a: Calyrex\n|-crit|p2b: Urshifu\n|-damage|p2a: Calyrex|44/100\n|-damage|p2b: Urshifu|0 fnt\n|faint|p2b: Urshifu\n|move|p2a: Calyrex|Glacial Lance|p1a: Lunala|[spread] p1a,p1b\n|-resisted|p1b: Torkoal\n|-damage|p1a: Lunala|76/100\n|-damage|p1b: Torkoal|77/100\n|move|p1a: Lunala|Moongeist Beam|p2a: Calyrex\n|-supereffective|p2a: Calyrex\n|-damage|p2a: Calyrex|0 fnt\n|faint|p2a: Calyrex\n|\n|-weather|RainDance|[upkeep]\n|-heal|p1a: Lunala|82/100|[from] item: Leftovers\n|-fieldend|move: Trick Room\n|upkeep\n|\n|t:|1770835586\n|switch|p2b: Landorus|Landorus, L50, M, shiny|100/100\n|switch|p2a: Kyogre|Kyogre, L50, shiny, tera:Grass|85/100\n|turn|6\n|\n|t:|1770835609\n|move|p1a: Lunala|Wide Guard|p1a: Lunala\n|-singleturn|p1a: Lunala|Wide Guard\n|move|p2a: Kyogre|Hydro Pump|p1b: Torkoal\n|-supereffective|p1b: Torkoal\n|-damage|p1b: Torkoal|0 fnt\n|faint|p1b: Torkoal\n|move|p2b: Landorus|Sludge Bomb|p1a: Lunala\n|-supereffective|p1a: Lunala\n|-damage|p1a: Lunala|7/100\n|\n|-weather|RainDance|[upkeep]\n|-heal|p1a: Lunala|14/100|[from] item: Leftovers\n|upkeep\n|\n|t:|1770835617\n|switch|p1b: Calyrex|Calyrex-Ice, L50|30/100\n|-ability|p1b: Calyrex|As One\n|-ability|p1b: Calyrex|Unnerve\n|turn|7\n|\n|t:|1770835625\n|move|p1a: Lunala|Wide Guard|p1a: Lunala\n|-singleturn|p1a: Lunala|Wide Guard\n|move|p2b: Landorus|Sludge Bomb|p1a: Lunala\n|-supereffective|p1a: Lunala\n|-damage|p1a: Lunala|0 fnt\n|faint|p1a: Lunala\n|move|p2a: Kyogre|Thunder|p1b: Calyrex\n|-damage|p1b: Calyrex|0 fnt\n|faint|p1b: Calyrex\n|\n|win|j0l0k0\n|raw|mohammed mo7trf's rating: 1478 &rarr; <strong>1458</strong><br />(-20 for losing)\n|raw|j0l0k0's rating: 1484 &rarr; <strong>1504</strong><br />(+20 for winning)\n|c|\u2606j0l0k0|ggwp\n|l|\u2606j0l0k0\n|player|p2|\n|l|\u2606mohammed mo7trf\n|player|p1|\n","uploadtime":1770835798,"views":17,"formatid":"gen9vgc2026regi","rating":1458,"private":0,"password":null}