{"id":"gen9vgc2026regi-2558815316","format":"[Gen 9] VGC 2026 Reg I","players":["Gabriel_Vgc72","TheManOfSausage"],"log":"|j|\u2606Gabriel_Vgc72\n|j|\u2606TheManOfSausage\n|t:|1773487728\n|gametype|doubles\n|player|p1|Gabriel_Vgc72|265|1390\n|player|p2|TheManOfSausage|miku-water|1419\n|gen|9\n|tier|[Gen 9] VGC 2026 Reg I\n|rated|\n|rule|Species Clause: Limit one of each Pok\u00e9mon\n|rule|Item Clause: Limit 1 of each item\n|clearpoke\n|poke|p1|Miraidon, L50|\n|poke|p1|Volcarona, L50, M|\n|poke|p1|Zamazenta-*, L50|\n|poke|p1|Ogerpon, L50, F|\n|poke|p1|Incineroar, L50, M|\n|poke|p1|Rillaboom, L50, F|\n|poke|p2|Calyrex-Shadow, L50|\n|poke|p2|Zamazenta-*, L50|\n|poke|p2|Rillaboom, L50, M|\n|poke|p2|Smeargle, L50, M|\n|poke|p2|Urshifu-*, L50, M|\n|poke|p2|Tornadus, L50, M|\n|teampreview|4\nTheManOfSausage has agreed to open team sheets.\n|\n|t:|1773487750\n|teamsize|p1|4\n|teamsize|p2|4\n|start\n|switch|p1a: Miraidon|Miraidon, L50|100/100\n|switch|p1b: Volcarona|Volcarona, L50, M|100/100\n|switch|p2a: Smeargle|Smeargle, L50, M|100/100\n|switch|p2b: Tornadus|Tornadus, L50, M|100/100\n|-fieldstart|move: Electric Terrain|[from] ability: Hadron Engine|[of] p1a: Miraidon\n|-enditem|p1b: Volcarona|Electric Seed\n|-boost|p1b: Volcarona|def|1|[from] item: Electric Seed\n|turn|1\n|\n|t:|1773487764\n|move|p2a: Smeargle|Fake Out|p1a: Miraidon\n|-damage|p1a: Miraidon|96/100\n|move|p2b: Tornadus|Tailwind|p2b: Tornadus\n|-sidestart|p2: TheManOfSausage|move: Tailwind\n|cant|p1a: Miraidon|flinch\n|move|p1b: Volcarona|Quiver Dance|p1b: Volcarona\n|-boost|p1b: Volcarona|spa|1\n|-boost|p1b: Volcarona|spd|1\n|-boost|p1b: Volcarona|spe|1\n|\n|-ability|p2a: Smeargle|Moody|boost\n|-boost|p2a: Smeargle|spa|2\n|-unboost|p2a: Smeargle|spe|1\n|upkeep\n|turn|2\n|\n|t:|1773487772\n|move|p2a: Smeargle|Follow Me|p2a: Smeargle\n|-singleturn|p2a: Smeargle|move: Follow Me\n|move|p2b: Tornadus|Bleakwind Storm|p1a: Miraidon|[spread] p1a,p1b\n|-resisted|p1a: Miraidon\n|-supereffective|p1b: Volcarona\n|-damage|p1a: Miraidon|75/100\n|-damage|p1b: Volcarona|40/100\n|-unboost|p1b: Volcarona|spe|1\n|move|p1a: Miraidon|Volt Switch|p2a: Smeargle\n|-enditem|p2a: Smeargle|Focus Sash\n|-damage|p2a: Smeargle|1/100\n|\n|t:|1773487780\n|switch|p1a: Incineroar|Incineroar, L50, M|100/100|[from] Volt Switch\n|-ability|p1a: Incineroar|Intimidate|boost\n|-unboost|p2a: Smeargle|atk|1\n|-unboost|p2b: Tornadus|atk|1\n|move|p1b: Volcarona|Fiery Dance|p2a: Smeargle\n|-damage|p2a: Smeargle|0 fnt\n|faint|p2a: Smeargle\n|\n|upkeep\n|\n|t:|1773487795\n|switch|p2a: Zamazenta|Zamazenta-Crowned, L50|100/100\n|-ability|p2a: Zamazenta|Dauntless Shield|boost\n|-boost|p2a: Zamazenta|def|1\n|turn|3\n|\n|t:|1773487804\n|move|p1a: Incineroar|Fake Out|p2a: Zamazenta\n|-resisted|p2a: Zamazenta\n|-damage|p2a: Zamazenta|98/100\n|cant|p2a: Zamazenta|flinch\n|move|p2b: Tornadus|Bleakwind Storm|p1a: Incineroar|[spread] p1a\n|-miss|p2b: Tornadus|p1b: Volcarona\n|-damage|p1a: Incineroar|54/100\n|move|p1b: Volcarona|Quiver Dance|p1b: Volcarona\n|-boost|p1b: Volcarona|spa|1\n|-boost|p1b: Volcarona|spd|1\n|-boost|p1b: Volcarona|spe|1\n|\n|upkeep\n|turn|4\n|\n|t:|1773487819\n|move|p1b: Volcarona|Protect|p1b: Volcarona\n|-singleturn|p1b: Volcarona|Protect\n|move|p2a: Zamazenta|Body Press|p1a: Incineroar\n|-supereffective|p1a: Incineroar\n|-damage|p1a: Incineroar|0 fnt\n|-damage|p2a: Zamazenta|82/100|[from] item: Rocky Helmet|[of] p1a: Incineroar\n|faint|p1a: Incineroar\n|move|p2b: Tornadus|Bleakwind Storm|p1b: Volcarona\n|-activate|p1b: Volcarona|move: Protect\n|\n|-sideend|p2: TheManOfSausage|move: Tailwind\n|upkeep\n|\n|t:|1773487830\n|switch|p1a: Miraidon|Miraidon, L50|75/100\n|-activate|p1a: Miraidon|ability: Hadron Engine\n|turn|5\n|\n|t:|1773487836\n|-terastallize|p2a: Zamazenta|Grass\n|move|p2b: Tornadus|Tailwind|p2b: Tornadus\n|-sidestart|p2: TheManOfSausage|move: Tailwind\n|move|p2a: Zamazenta|Body Press|p1a: Miraidon\n|-damage|p1a: Miraidon|6/100\n|move|p1a: Miraidon|Volt Switch|p2a: Zamazenta\n|-resisted|p2a: Zamazenta\n|-damage|p2a: Zamazenta|53/100\n|\n|t:|1773487846\n|switch|p1a: Zamazenta|Zamazenta-Crowned, L50|100/100|[from] Volt Switch\n|-ability|p1a: Zamazenta|Dauntless Shield|boost\n|-boost|p1a: Zamazenta|def|1\n|move|p1b: Volcarona|Fiery Dance|p2a: Zamazenta\n|-supereffective|p2a: Zamazenta\n|-damage|p2a: Zamazenta|0 fnt\n|faint|p2a: Zamazenta\n|\n|-fieldend|move: Electric Terrain\n|upkeep\n|\n|t:|1773487853\n|switch|p2a: Rice Shower|Calyrex-Shadow, L50|100/100\n|-ability|p2a: Rice Shower|As One\n|-ability|p2a: Rice Shower|Unnerve\n|turn|6\n|\n|t:|1773487860\n|-terastallize|p1b: Volcarona|Grass\n|move|p1a: Zamazenta|Wide Guard|p1a: Zamazenta\n|-singleturn|p1a: Zamazenta|Wide Guard\n|move|p2b: Tornadus|Rain Dance|p2b: Tornadus\n|-weather|RainDance\n|move|p2a: Rice Shower|Nasty Plot|p2a: Rice Shower\n|-boost|p2a: Rice Shower|spa|2\n|move|p1b: Volcarona|Giga Drain|p2a: Rice Shower\n|-damage|p2a: Rice Shower|35/100\n|-heal|p1b: Volcarona|72/100|[from] drain|[of] p2a: Rice Shower\n|\n|-weather|RainDance|[upkeep]\n|upkeep\n|turn|7\n|\n|t:|1773487879\n|move|p1a: Zamazenta|Wide Guard|p1a: Zamazenta\n|-singleturn|p1a: Zamazenta|Wide Guard\n|move|p2a: Rice Shower|Astral Barrage|p1b: Volcarona|[spread] \n|-activate|p1a: Zamazenta|move: Wide Guard\n|-activate|p1b: Volcarona|move: Wide Guard\n|move|p2b: Tornadus|Bleakwind Storm|p1b: Volcarona|[spread] \n|-activate|p1a: Zamazenta|move: Wide Guard\n|-activate|p1b: Volcarona|move: Wide Guard\n|move|p1b: Volcarona|Giga Drain|p2a: Rice Shower\n|-damage|p2a: Rice Shower|0 fnt\n|-heal|p1b: Volcarona|89/100|[from] drain|[of] p2a: Rice Shower\n|faint|p2a: Rice Shower\n|\n|-weather|RainDance|[upkeep]\n|upkeep\n|turn|8\n|-message|TheManOfSausage forfeited.\n|\n|win|Gabriel_Vgc72\n|raw|Gabriel_Vgc72's rating: 1390 &rarr; <strong>1412</strong><br />(+22 for winning)\n|raw|TheManOfSausage's rating: 1419 &rarr; <strong>1397</strong><br />(-22 for losing)\n|l|\u2606TheManOfSausage\n|player|p2|\n|l|\u2606Gabriel_Vgc72\n|player|p1|\n","uploadtime":1773488092,"views":15,"formatid":"gen9vgc2026regi","rating":1397,"private":0,"password":null}