{"id":"gen9vgc2026regi-2565682599","format":"[Gen 9] VGC 2026 Reg I","players":["krangune\u2764","Jonen"],"log":"|j|\u2606krangune\u2764\n|j|\u2606Jonen\n|t:|1774295039\n|gametype|doubles\n|player|p1|krangune\u2764|arezu|1492\n|player|p2|Jonen|medium|1559\n|gen|9\n|tier|[Gen 9] VGC 2026 Reg I\n|rated|\n|rule|Species Clause: Limit one of each Pok\u00e9mon\n|rule|Item Clause: Limit 1 of each item\n|clearpoke\n|poke|p1|Miraidon, L50|\n|poke|p1|Ninetales-Alola, L50, M|\n|poke|p1|Zamazenta-*, L50|\n|poke|p1|Incineroar, L50, M|\n|poke|p1|Ogerpon-Cornerstone, L50, F|\n|poke|p1|Flutter Mane, L50|\n|poke|p2|Groudon, L50|\n|poke|p2|Lunala, L50|\n|poke|p2|Sableye, L50, F|\n|poke|p2|Chi-Yu, L50|\n|poke|p2|Rillaboom, L50, F|\n|poke|p2|Jumpluff, L50, F|\n|teampreview|4\n|c|\u2606krangune\u2764|glhf\nkrangune\u2764 has agreed to open team sheets.\n|inactive|Battle timer is ON: inactive players will automatically lose when time's up. (requested by Jonen)\n|\n|t:|1774295086\n|teamsize|p1|4\n|teamsize|p2|4\n|start\n|switch|p1a: Ogerpon|Ogerpon-Cornerstone, L50, F|100/100\n|switch|p1b: Incineroar|Incineroar, L50, M|100/100\n|switch|p2a: Groudon|Groudon, L50|100/100\n|switch|p2b: Sableye|Sableye, L50, F|100/100\n|-weather|SunnyDay|[from] ability: Drought|[of] p2a: Groudon\n|-ability|p1b: Incineroar|Intimidate|boost\n|-unboost|p2a: Groudon|atk|1\n|-unboost|p2b: Sableye|atk|1\n|turn|1\n|\n|t:|1774295099\n|move|p2a: Groudon|Protect|p2a: Groudon\n|-singleturn|p2a: Groudon|Protect\n|move|p1b: Incineroar|Fake Out|p2a: Groudon\n|-activate|p2a: Groudon|move: Protect\n|move|p2b: Sableye|Gravity|p2b: Sableye\n|-fieldstart|move: Gravity\n|move|p1a: Ogerpon|Taunt|p2b: Sableye\n|-start|p2b: Sableye|move: Taunt\n|\n|-weather|SunnyDay|[upkeep]\n|upkeep\n|turn|2\n|inactive|krangune\u2764 has 30 seconds left.\n|inactive|krangune\u2764 has 20 seconds left.\n|inactive|krangune\u2764 has 15 seconds left.\n|\n|t:|1774295143\n|-terastallize|p2a: Groudon|Fire\n|-terastallize|p1b: Incineroar|Ghost\n|move|p1a: Ogerpon|Ivy Cudgel|p2b: Sableye|[anim] Ivy Cudgel Rock\n|-damage|p2b: Sableye|36/100\n|move|p2a: Groudon|Precipice Blades|p1b: Incineroar|[spread] p1a,p1b\n|-damage|p1a: Ogerpon|38/100\n|-damage|p1b: Incineroar|64/100\n|-damage|p2a: Groudon|91/100|[from] item: Life Orb\n|move|p1b: Incineroar|Parting Shot|p2a: Groudon\n|-unboost|p2a: Groudon|atk|1\n|-unboost|p2a: Groudon|spa|1\n|inactive|krangune\u2764 has 30 seconds left.\n|\n|t:|1774295172\n|switch|p1b: Zamazenta|Zamazenta-Crowned, L50|100/100|[from] Parting Shot\n|-ability|p1b: Zamazenta|Dauntless Shield|boost\n|-boost|p1b: Zamazenta|def|1\n|move|p2b: Sableye|Foul Play|p1a: Ogerpon\n|-damage|p1a: Ogerpon|0 fnt\n|faint|p1a: Ogerpon\n|\n|-weather|SunnyDay|[upkeep]\n|upkeep\n|\n|t:|1774295196\n|switch|p1a: Incineroar|Incineroar, L50, M, tera:Ghost|64/100\n|-ability|p1a: Incineroar|Intimidate|boost\n|-unboost|p2a: Groudon|atk|1\n|-unboost|p2b: Sableye|atk|1\n|turn|3\n|\n|t:|1774295209\n|switch|p2a: Lunala|Lunala, L50|100/100\n|switch|p1a: Ninetales|Ninetales-Alola, L50, M|100/100\n|-weather|Snowscape|[from] ability: Snow Warning|[of] p1a: Ninetales\n|switch|p2b: Chi-Yu|Chi-Yu, L50|100/100\n|-ability|p2b: Chi-Yu|Beads of Ruin\n|move|p1b: Zamazenta|Heavy Slam|p2b: Chi-Yu\n|-resisted|p2b: Chi-Yu\n|-damage|p2b: Chi-Yu|59/100\n|\n|-weather|Snowscape|[upkeep]\n|upkeep\n|turn|4\n|\n|t:|1774295233\n|move|p1b: Zamazenta|Wide Guard|p1b: Zamazenta\n|-singleturn|p1b: Zamazenta|Wide Guard\n|move|p2b: Chi-Yu|Heat Wave|p1a: Ninetales|[spread] \n|-activate|p1a: Ninetales|move: Wide Guard\n|-activate|p1b: Zamazenta|move: Wide Guard\n|move|p2a: Lunala|Hypnosis|p1b: Zamazenta\n|-status|p1b: Zamazenta|slp|[from] move: Hypnosis\n|move|p1a: Ninetales|Blizzard|p2a: Lunala|[spread] p2a,p2b\n|-resisted|p2b: Chi-Yu\n|-damage|p2a: Lunala|89/100\n|-damage|p2b: Chi-Yu|45/100\n|\n|-weather|Snowscape|[upkeep]\n|upkeep\n|turn|5\n|\n|t:|1774295254\n|cant|p1b: Zamazenta|slp\n|move|p2b: Chi-Yu|Heat Wave|p1b: Zamazenta|[spread] p1a,p1b\n|-supereffective|p1a: Ninetales\n|-supereffective|p1b: Zamazenta\n|-damage|p1a: Ninetales|0 fnt\n|-damage|p1b: Zamazenta|26/100 slp\n|faint|p1a: Ninetales\n|move|p2a: Lunala|Meteor Beam||[still]\n|-prepare|p2a: Lunala|Meteor Beam\n|-boost|p2a: Lunala|spa|1\n|-enditem|p2a: Lunala|Power Herb\n|-anim|p2a: Lunala|Meteor Beam|p1b: Zamazenta\n|-resisted|p1b: Zamazenta\n|-damage|p1b: Zamazenta|12/100 slp\n|\n|-weather|Snowscape|[upkeep]\n|-fieldend|move: Gravity\n|upkeep\n|\n|t:|1774295261\n|switch|p1a: Incineroar|Incineroar, L50, M, tera:Ghost|64/100\n|-ability|p1a: Incineroar|Intimidate|boost\n|-unboost|p2a: Lunala|atk|1\n|-unboost|p2b: Chi-Yu|atk|1\n|turn|6\n|\n|t:|1774295269\n|move|p1a: Incineroar|Fake Out|p2b: Chi-Yu\n|-damage|p2b: Chi-Yu|28/100\n|cant|p2b: Chi-Yu|flinch\n|-curestatus|p1b: Zamazenta|slp|[msg]\n|move|p1b: Zamazenta|Heavy Slam|p2a: Lunala\n|-damage|p2a: Lunala|43/100\n|move|p2a: Lunala|Moongeist Beam|p1a: Incineroar\n|-supereffective|p1a: Incineroar\n|-damage|p1a: Incineroar|0 fnt\n|faint|p1a: Incineroar\n|\n|-weather|Snowscape|[upkeep]\n|upkeep\n|turn|7\n|\n|t:|1774295281\n|move|p2b: Chi-Yu|Heat Wave|p1b: Zamazenta\n|-supereffective|p1b: Zamazenta\n|-damage|p1b: Zamazenta|0 fnt\n|faint|p1b: Zamazenta\n|\n|win|Jonen\n|raw|krangune\u2764's rating: 1492 &rarr; <strong>1476</strong><br />(-16 for losing)\n|raw|Jonen's rating: 1559 &rarr; <strong>1575</strong><br />(+16 for winning)\n","uploadtime":1774295281,"views":19,"formatid":"gen9vgc2026regi","rating":1476,"private":0,"password":null}