{"id":"gen9vgc2026regi-2590052796","format":"[Gen 9] VGC 2026 Reg I","players":["jair bolsonaro pr.","svenblack"],"log":"|j|\u2606jair bolsonaro pr.\n|j|\u2606svenblack\n|t:|1776783909\n|gametype|doubles\n|player|p1|jair bolsonaro pr.|101|1630\n|player|p2|svenblack|barry|1544\n|gen|9\n|tier|[Gen 9] VGC 2026 Reg I\n|rated|\n|rule|Species Clause: Limit one of each Pok\u00e9mon\n|rule|Item Clause: Limit 1 of each item\n|clearpoke\n|poke|p1|Zamazenta-*, L50|\n|poke|p1|Kyogre, L50|\n|poke|p1|Smeargle, L50, F|\n|poke|p1|Incineroar, L50, F|\n|poke|p1|Landorus, L50, M|\n|poke|p1|Tornadus, L50, M|\n|poke|p2|Grimmsnarl, L50, M|\n|poke|p2|Iron Hands, L50|\n|poke|p2|Miraidon, L50|\n|poke|p2|Ho-Oh, L50|\n|poke|p2|Farigiraf, L50, F|\n|poke|p2|Ursaluna, L50, M|\n|teampreview|4\n|inactive|Battle timer is ON: inactive players will automatically lose when time's up. (requested by svenblack)\n|\n|t:|1776783936\n|teamsize|p1|4\n|teamsize|p2|4\n|start\n|switch|p1a: Smeargle|Smeargle, L50, F|100/100\n|switch|p1b: Landorus|Landorus, L50, M|100/100\n|switch|p2a: Grimmsnarl|Grimmsnarl, L50, M|100/100\n|switch|p2b: Farigiraf|Farigiraf, L50, F|100/100\n|turn|1\n|\n|t:|1776783955\n|move|p2a: Grimmsnarl|Light Screen|p2a: Grimmsnarl\n|-sidestart|p2: svenblack|move: Light Screen\n|move|p1a: Smeargle|Decorate|p1b: Landorus\n|-boost|p1b: Landorus|atk|2\n|-boost|p1b: Landorus|spa|2\n|move|p1b: Landorus|Sandsear Storm|p2b: Farigiraf|[spread] p2a,p2b\n|-damage|p2a: Grimmsnarl|33/100\n|-damage|p2b: Farigiraf|30/100\n|move|p2b: Farigiraf|Trick Room|p2b: Farigiraf\n|-fieldstart|move: Trick Room|[of] p2b: Farigiraf\n|\n|-ability|p1a: Smeargle|Moody|boost\n|-boost|p1a: Smeargle|spe|2\n|-unboost|p1a: Smeargle|atk|1\n|upkeep\n|turn|2\n|\n|t:|1776783979\n|move|p1a: Smeargle|Follow Me|p1a: Smeargle\n|-singleturn|p1a: Smeargle|move: Follow Me\n|move|p2a: Grimmsnarl|Parting Shot|p1a: Smeargle\n|-unboost|p1a: Smeargle|atk|1\n|-unboost|p1a: Smeargle|spa|1\n|\n|t:|1776783983\n|switch|p2a: Ursaluna|Ursaluna, L50, M|100/100|[from] Parting Shot\n|move|p2b: Farigiraf|Foul Play|p1a: Smeargle\n|-damage|p1a: Smeargle|95/100\n|move|p1b: Landorus|Sandsear Storm|p2b: Farigiraf|[spread] \n|-miss|p1b: Landorus|p2a: Ursaluna\n|-miss|p1b: Landorus|p2b: Farigiraf\n|\n|-status|p2a: Ursaluna|brn|[from] item: Flame Orb\n|-ability|p1a: Smeargle|Moody|boost\n|-boost|p1a: Smeargle|spd|2\n|-unboost|p1a: Smeargle|spa|1\n|upkeep\n|turn|3\n|\n|t:|1776784003\n|move|p1a: Smeargle|Follow Me|p1a: Smeargle\n|-singleturn|p1a: Smeargle|move: Follow Me\n|move|p2a: Ursaluna|Facade|p1a: Smeargle\n|-damage|p1a: Smeargle|0 fnt\n|faint|p1a: Smeargle\n|move|p2b: Farigiraf|Foul Play|p1b: Landorus\n|-damage|p1b: Landorus|59/100\n|move|p1b: Landorus|Sandsear Storm|p2b: Farigiraf|[spread] p2a,p2b\n|-damage|p2a: Ursaluna|31/100 brn\n|-damage|p2b: Farigiraf|0 fnt\n|faint|p2b: Farigiraf\n|\n|-damage|p2a: Ursaluna|25/100 brn|[from] brn\n|upkeep\n|\n|t:|1776784016\n|switch|p2b: Miraidon|Miraidon, L50|100/100\n|switch|p1a: Zamazenta|Zamazenta-Crowned, L50, shiny|100/100\n|-ability|p1a: Zamazenta|Dauntless Shield|boost\n|-boost|p1a: Zamazenta|def|1\n|-fieldstart|move: Electric Terrain|[from] ability: Hadron Engine|[of] p2b: Miraidon\n|turn|4\n|inactive|jair bolsonaro pr. has 30 seconds left.\n|\n|t:|1776784042\n|-terastallize|p1a: Zamazenta|Grass\n|move|p1b: Landorus|Protect|p1b: Landorus\n|-singleturn|p1b: Landorus|Protect\n|move|p2a: Ursaluna|Facade|p1b: Landorus\n|-activate|p1b: Landorus|move: Protect\n|move|p1a: Zamazenta|Behemoth Bash|p2a: Ursaluna\n|-damage|p2a: Ursaluna|0 fnt\n|faint|p2a: Ursaluna\n|move|p2b: Miraidon|Electro Drift|p1a: Zamazenta\n|-resisted|p1a: Zamazenta\n|-damage|p1a: Zamazenta|55/100\n|\n|upkeep\n|\n|t:|1776784048\n|switch|p2a: Grimmsnarl|Grimmsnarl, L50, M|33/100\n|turn|5\n|\n|t:|1776784057\n|-terastallize|p2b: Miraidon|Fairy\n|move|p2a: Grimmsnarl|Spirit Break|p1b: Landorus\n|-damage|p1b: Landorus|29/100\n|-unboost|p1b: Landorus|spa|1\n|move|p1b: Landorus|Earth Power|p2b: Miraidon\n|-damage|p2b: Miraidon|55/100\n|move|p1a: Zamazenta|Body Press|p2a: Grimmsnarl\n|-damage|p2a: Grimmsnarl|0 fnt\n|faint|p2a: Grimmsnarl\n|move|p2b: Miraidon|Electro Drift|p1a: Zamazenta\n|-resisted|p1a: Zamazenta\n|-damage|p1a: Zamazenta|12/100\n|\n|-fieldend|move: Trick Room\n|upkeep\n|turn|6\n|-message|svenblack forfeited.\n|\n|win|jair bolsonaro pr.\n|raw|jair bolsonaro pr.'s rating: 1630 &rarr; <strong>1645</strong><br />(+15 for winning)\n|raw|svenblack's rating: 1544 &rarr; <strong>1529</strong><br />(-15 for losing)\n|l|\u2606svenblack\n|player|p2|\n|l|\u2606jair bolsonaro pr.\n|player|p1|\n","uploadtime":1776784330,"views":18,"formatid":"gen9vgc2026regi","rating":1529,"private":0,"password":null}