{"id":"gen9vgc2026regi-2559980330","format":"[Gen 9] VGC 2026 Reg I","players":["sittingcheese","It'sJustKen VGC"],"log":"|j|\u2606sittingcheese\n|j|\u2606It'sJustKen VGC\n|t:|1773631263\n|gametype|doubles\n|player|p1|sittingcheese|ethan|1179\n|player|p2|It'sJustKen VGC|102|1277\n|gen|9\n|tier|[Gen 9] VGC 2026 Reg I\n|rated|\n|rule|Species Clause: Limit one of each Pok\u00e9mon\n|rule|Item Clause: Limit 1 of each item\n|clearpoke\n|poke|p1|Ho-Oh, L50|\n|poke|p1|Koraidon, L50|\n|poke|p1|Typhlosion-Hisui, L50, M|\n|poke|p1|Torkoal, L50, M|\n|poke|p1|Lilligant-Hisui, L50, F|\n|poke|p1|Walking Wake, L50|\n|poke|p2|Urshifu-*, L50, F|\n|poke|p2|Incineroar, L50, F|\n|poke|p2|Flutter Mane, L50|\n|poke|p2|Whimsicott, L50, M|\n|poke|p2|Miraidon, L50|\n|poke|p2|Calyrex-Ice, L50|\n|teampreview|4\n|inactive|Battle timer is ON: inactive players will automatically lose when time's up. (requested by It'sJustKen VGC)\n|\n|t:|1773631282\n|teamsize|p1|4\n|teamsize|p2|4\n|start\n|switch|p1a: Ho-Oh|Ho-Oh, L50, shiny|100/100\n|switch|p1b: Koraidon|Koraidon, L50|100/100\n|switch|p2a: Norris|Whimsicott, L50, M|100/100\n|switch|p2b: Miraidon|Miraidon, L50|100/100\n|-weather|SunnyDay|[from] ability: Orichalcum Pulse|[of] p1b: Koraidon\n|-activate|p1b: Koraidon|Orichalcum Pulse|[source]\n|-fieldstart|move: Electric Terrain|[from] ability: Hadron Engine|[of] p2b: Miraidon\n|turn|1\n|inactive|sittingcheese has 30 seconds left.\n|\n|t:|1773631312\n|switch|p1b: Walking Wake|Walking Wake, L50|100/100\n|-activate|p1b: Walking Wake|ability: Protosynthesis\n|-start|p1b: Walking Wake|protosynthesisspa\n|-terastallize|p2b: Miraidon|Electric\n|-terastallize|p1a: Ho-Oh|Grass\n|move|p2a: Norris|Tailwind|p2a: Norris\n|-sidestart|p2: It'sJustKen VGC|move: Tailwind\n|move|p2b: Miraidon|Electro Drift|p1b: Walking Wake\n|-damage|p1b: Walking Wake|0 fnt\n|faint|p1b: Walking Wake\n|-end|p1b: Walking Wake|Protosynthesis|[silent]\n|move|p1a: Ho-Oh|Tailwind|p1a: Ho-Oh\n|-sidestart|p1: sittingcheese|move: Tailwind\n|\n|-weather|SunnyDay|[upkeep]\n|upkeep\n|\n|t:|1773631330\n|switch|p1b: Koraidon|Koraidon, L50|100/100\n|-activate|p1b: Koraidon|ability: Orichalcum Pulse\n|turn|2\n|\n|t:|1773631342\n|switch|p2b: Hamilton|Incineroar, L50, F|100/100\n|-ability|p2b: Hamilton|Intimidate|boost\n|-unboost|p1a: Ho-Oh|atk|1\n|-fail|p1b: Koraidon|unboost|[from] item: Clear Amulet|[of] p1b: Koraidon\n|move|p2a: Norris|Encore|p1a: Ho-Oh\n|-start|p1a: Ho-Oh|Encore\n|move|p1b: Koraidon|Flare Blitz|p2b: Hamilton\n|-resisted|p2b: Hamilton\n|-damage|p2b: Hamilton|50/100\n|-damage|p1b: Koraidon|83/100|[from] Recoil\n|move|p1a: Ho-Oh|Tailwind||[still]\n|-fail|p1a: Ho-Oh\n|\n|-weather|SunnyDay|[upkeep]\n|upkeep\n|turn|3\n|inactive|sittingcheese has 30 seconds left.\n|inactive|It'sJustKen VGC has 30 seconds left.\n|\n|t:|1773631371\n|switch|p1a: Typhlosion|Typhlosion-Hisui, L50, M, shiny|100/100\n|-item|p2a: Norris|Covert Cloak|[from] ability: Frisk|[of] p1a: Typhlosion\n|-item|p2b: Hamilton|Assault Vest|[from] ability: Frisk|[of] p1a: Typhlosion\n|move|p1b: Koraidon|Flare Blitz|p2a: Norris\n|-supereffective|p2a: Norris\n|-damage|p2a: Norris|0 fnt\n|faint|p2a: Norris\n|-damage|p1b: Koraidon|51/100|[from] Recoil\n|move|p2b: Hamilton|Knock Off|p1a: Typhlosion\n|-supereffective|p1a: Typhlosion\n|-damage|p1a: Typhlosion|0 fnt\n|-enditem|p1a: Typhlosion|Charcoal|[from] move: Knock Off|[of] p2b: Hamilton\n|faint|p1a: Typhlosion\n|\n|-weather|SunnyDay|[upkeep]\n|upkeep\n|\n|t:|1773631390\n|switch|p2a: Miraidon|Miraidon, L50, tera:Electric|100/100\n|switch|p1a: Ho-Oh|Ho-Oh, L50, shiny, tera:Grass|100/100\n|-activate|p2a: Miraidon|ability: Hadron Engine\n|turn|4\n|\n|t:|1773631404\n|move|p1b: Koraidon|Close Combat|p2b: Hamilton\n|-supereffective|p2b: Hamilton\n|-damage|p2b: Hamilton|0 fnt\n|-unboost|p1b: Koraidon|def|1\n|-unboost|p1b: Koraidon|spd|1\n|faint|p2b: Hamilton\n|move|p2a: Miraidon|Volt Switch|p1b: Koraidon\n|-resisted|p1b: Koraidon\n|-damage|p1b: Koraidon|0 fnt\n|faint|p1b: Koraidon\n|inactive|It'sJustKen VGC has 30 seconds left.\n|\n|t:|1773631433\n|switch|p2a: Calyrex|Calyrex-Ice, L50|100/100|[from] Volt Switch\n|-ability|p2a: Calyrex|As One\n|-ability|p2a: Calyrex|Unnerve\n|move|p1a: Ho-Oh|Sacred Fire|p2a: Calyrex\n|-supereffective|p2a: Calyrex\n|-damage|p2a: Calyrex|0 fnt\n|faint|p2a: Calyrex\n|\n|-weather|SunnyDay|[upkeep]\n|-sideend|p1: sittingcheese|move: Tailwind\n|-sideend|p2: It'sJustKen VGC|move: Tailwind\n|upkeep\n|\n|t:|1773631435\n|switch|p2a: Miraidon|Miraidon, L50, tera:Electric|100/100\n|-activate|p2a: Miraidon|ability: Hadron Engine\n|turn|5\n|\n|t:|1773631452\n|move|p2a: Miraidon|Electro Drift|p1a: Ho-Oh\n|-resisted|p1a: Ho-Oh\n|-damage|p1a: Ho-Oh|37/100\n|move|p1a: Ho-Oh|Sacred Fire|p2a: Miraidon\n|-damage|p2a: Miraidon|27/100\n|-status|p2a: Miraidon|brn\n|\n|-weather|none\n|-heal|p1a: Ho-Oh|43/100|[from] item: Leftovers\n|-damage|p2a: Miraidon|21/100 brn|[from] brn\n|-fieldend|move: Electric Terrain\n|upkeep\n|turn|6\n|-message|It'sJustKen VGC forfeited.\n|\n|win|sittingcheese\n|raw|sittingcheese's rating: 1179 &rarr; <strong>1209</strong><br />(+30 for winning)\n|raw|It&apos;sJustKen VGC's rating: 1249 &rarr; <strong>1219</strong><br />(-30 for losing)\n|l|\u2606It'sJustKen VGC\n|player|p2|\n|l|\u2606sittingcheese\n|player|p1|\n","uploadtime":1773631612,"views":12,"formatid":"gen9vgc2026regi","rating":1209,"private":0,"password":null}