{"id":"gen9vgc2026regi-2538084435","format":"[Gen 9] VGC 2026 Reg I","players":["TheManOfSausage","no1.pokemon"],"log":"|j|\u2606TheManOfSausage\n|j|\u2606no1.pokemon\n|t:|1770890182\n|gametype|doubles\n|player|p1|TheManOfSausage|miku-water|1488\n|player|p2|no1.pokemon|n-masters|1394\n|gen|9\n|tier|[Gen 9] VGC 2026 Reg I\n|rated|\n|rule|Species Clause: Limit one of each Pok\u00e9mon\n|rule|Item Clause: Limit 1 of each item\n|clearpoke\n|poke|p1|Calyrex-Ice, L50|\n|poke|p1|Miraidon, L50|\n|poke|p1|Amoonguss, L50, F|\n|poke|p1|Incineroar, L50, M|\n|poke|p1|Urshifu-*, L50, M|\n|poke|p1|Farigiraf, L50, F|\n|poke|p2|Koraidon, L50|\n|poke|p2|Whimsicott, L50, F|\n|poke|p2|Miraidon, L50|\n|poke|p2|Chien-Pao, L50|\n|poke|p2|Entei, L50|\n|poke|p2|Flutter Mane, L50|\n|teampreview|4\n|inactive|Battle timer is ON: inactive players will automatically lose when time's up. (requested by no1.pokemon)\n|j| vondisa\n|\n|t:|1770890199\n|teamsize|p1|4\n|teamsize|p2|4\n|start\n|switch|p1a: Tama|Miraidon, L50|100/100\n|switch|p1b: Ogurin|Calyrex-Ice, L50|100/100\n|switch|p2a: Flutter Mane|Flutter Mane, L50, shiny|100/100\n|switch|p2b: Entei|Entei, L50|100/100\n|-ability|p1b: Ogurin|As One\n|-ability|p1b: Ogurin|Unnerve\n|-fieldstart|move: Electric Terrain|[from] ability: Hadron Engine|[of] p1a: Tama\n|-enditem|p2a: Flutter Mane|Booster Energy\n|-activate|p2a: Flutter Mane|ability: Protosynthesis|[fromitem]\n|-start|p2a: Flutter Mane|protosynthesisspe\n|turn|1\n|\n|t:|1770890214\n|-terastallize|p2b: Entei|Normal\n|move|p1b: Ogurin|Protect|p1b: Ogurin\n|-singleturn|p1b: Ogurin|Protect\n|move|p2b: Entei|Extreme Speed|p1a: Tama\n|-damage|p1a: Tama|37/100\n|move|p2a: Flutter Mane|Imprison|p2a: Flutter Mane\n|-start|p2a: Flutter Mane|move: Imprison\n|move|p1a: Tama|Electro Drift|p2a: Flutter Mane\n|-damage|p2a: Flutter Mane|10/100\n|\n|upkeep\n|turn|2\n|\n|t:|1770890229\n|switch|p1a: Farigiraf|Farigiraf, L50, F|100/100\n|-enditem|p1a: Farigiraf|Electric Seed\n|-boost|p1a: Farigiraf|def|1|[from] item: Electric Seed\n|move|p2b: Entei|Extreme Speed||[still]\n|cant|p1a: Farigiraf|ability: Armor Tail|Extreme Speed|[of] p2b: Entei\n|move|p2a: Flutter Mane|Moonblast|p1a: Farigiraf\n|-damage|p1a: Farigiraf|61/100\n|move|p1b: Ogurin|Glacial Lance|p2a: Flutter Mane|[spread] p2a,p2b\n|-damage|p2a: Flutter Mane|0 fnt\n|-damage|p2b: Entei|42/100\n|faint|p2a: Flutter Mane\n|-end|p2a: Flutter Mane|Protosynthesis|[silent]\n|-ability|p1b: Ogurin|Chilling Neigh|boost\n|-boost|p1b: Ogurin|atk|1\n|\n|upkeep\n|\n|t:|1770890249\n|switch|p2a: Chien-Pao|Chien-Pao, L50|100/100\n|-ability|p2a: Chien-Pao|Sword of Ruin\n|turn|3\n|\n|t:|1770890256\n|switch|p2b: Koraidon|Koraidon, L50, shiny|100/100\n|-weather|SunnyDay|[from] ability: Orichalcum Pulse|[of] p2b: Koraidon\n|-activate|p2b: Koraidon|Orichalcum Pulse|[source]\n|-terastallize|p1b: Ogurin|Water\n|move|p2a: Chien-Pao|Crunch|p1a: Farigiraf\n|-supereffective|p1a: Farigiraf\n|-crit|p1a: Farigiraf\n|-damage|p1a: Farigiraf|0 fnt\n|faint|p1a: Farigiraf\n|move|p1b: Ogurin|Trick Room|p1b: Ogurin\n|-fieldstart|move: Trick Room|[of] p1b: Ogurin\n|\n|-weather|SunnyDay|[upkeep]\n|upkeep\n|\n|t:|1770890261\n|switch|p1a: Marvelous|Incineroar, L50, M, shiny|100/100\n|-ability|p1a: Marvelous|Intimidate|boost\n|-unboost|p2a: Chien-Pao|atk|1\n|-unboost|p2b: Koraidon|atk|1\n|turn|4\n|\n|t:|1770890273\n|move|p2a: Chien-Pao|Protect|p2a: Chien-Pao\n|-singleturn|p2a: Chien-Pao|Protect\n|move|p1a: Marvelous|Fake Out|p2a: Chien-Pao\n|-activate|p2a: Chien-Pao|move: Protect\n|move|p1b: Ogurin|Glacial Lance|p2b: Koraidon|[spread] p2b\n|-activate|p2a: Chien-Pao|move: Protect\n|-supereffective|p2b: Koraidon\n|-damage|p2b: Koraidon|0 fnt\n|faint|p2b: Koraidon\n|-ability|p1b: Ogurin|Chilling Neigh|boost\n|-boost|p1b: Ogurin|atk|1\n|\n|-weather|SunnyDay|[upkeep]\n|upkeep\n|\n|t:|1770890283\n|switch|p2b: Entei|Entei, L50, tera:Normal|42/100\n|turn|5\n|\n|t:|1770890288\n|move|p2b: Entei|Extreme Speed|p1b: Ogurin\n|-damage|p1b: Ogurin|46/100\n|move|p2a: Chien-Pao|Sucker Punch|p1b: Ogurin\n|-damage|p1b: Ogurin|27/100\n|move|p1b: Ogurin|Glacial Lance|p2a: Chien-Pao|[spread] p2a,p2b\n|-resisted|p2a: Chien-Pao\n|-damage|p2a: Chien-Pao|23/100\n|-damage|p2b: Entei|0 fnt\n|faint|p2b: Entei\n|-ability|p1b: Ogurin|Chilling Neigh|boost\n|-boost|p1b: Ogurin|atk|1\n|move|p1a: Marvelous|Flare Blitz|p2a: Chien-Pao\n|-supereffective|p2a: Chien-Pao\n|-damage|p2a: Chien-Pao|0 fnt\n|faint|p2a: Chien-Pao\n|-damage|p1a: Marvelous|94/100|[from] Recoil\n|\n|win|TheManOfSausage\n|raw|TheManOfSausage's rating: 1488 &rarr; <strong>1503</strong><br />(+15 for winning)\n|raw|no1.pokemon's rating: 1394 &rarr; <strong>1379</strong><br />(-15 for losing)\n|c|\u2606TheManOfSausage|gg\n|c|\u2606no1.pokemon|gg\n|l|\u2606TheManOfSausage\n|player|p1|\n","uploadtime":1770890469,"views":22,"formatid":"gen9vgc2026regi","rating":1379,"private":0,"password":null}