{"id":"gen9vgc2026regi-2559956005","format":"[Gen 9] VGC 2026 Reg I","players":["alzombie","ArisHazard"],"log":"|j|\u2606alzombie\n|j|\u2606ArisHazard\n|t:|1773628214\n|gametype|doubles\n|player|p1|alzombie|2|1477\n|player|p2|ArisHazard|170|1419\n|gen|9\n|tier|[Gen 9] VGC 2026 Reg I\n|rated|\n|rule|Species Clause: Limit one of each Pok\u00e9mon\n|rule|Item Clause: Limit 1 of each item\n|clearpoke\n|poke|p1|Lunala, L50|\n|poke|p1|Ursaluna, L50, M|\n|poke|p1|Urshifu-*, L50, F|\n|poke|p1|Miraidon, L50|\n|poke|p1|Grimmsnarl, L50, M|\n|poke|p1|Incineroar, L50, F|\n|poke|p2|Calyrex-Ice, L50|\n|poke|p2|Hitmontop, L50, M|\n|poke|p2|Miraidon, L50|\n|poke|p2|Sableye, L50, M|\n|poke|p2|Ting-Lu, L50|\n|poke|p2|Iron Valiant, L50|\n|teampreview|4\n|inactive|Battle timer is ON: inactive players will automatically lose when time's up. (requested by ArisHazard)\n|\n|t:|1773628235\n|teamsize|p1|4\n|teamsize|p2|4\n|start\n|switch|p1a: Grimmsnarl|Grimmsnarl, L50, M|100/100\n|switch|p1b: Lunala|Lunala, L50|100/100\n|switch|p2a: Calyrex|Calyrex-Ice, L50|100/100\n|switch|p2b: Sableye|Sableye, L50, M|100/100\n|-ability|p2a: Calyrex|As One\n|-ability|p2a: Calyrex|Unnerve\n|turn|1\n|\n|t:|1773628251\n|move|p2b: Sableye|Protect|p2b: Sableye\n|-singleturn|p2b: Sableye|Protect\n|move|p2a: Calyrex|Protect|p2a: Calyrex\n|-singleturn|p2a: Calyrex|Protect\n|move|p1b: Lunala|Moonblast|p2b: Sableye\n|-activate|p2b: Sableye|move: Protect\n|move|p1a: Grimmsnarl|Spirit Break|p2b: Sableye\n|-activate|p2b: Sableye|move: Protect\n|\n|upkeep\n|turn|2\n|\n|t:|1773628271\n|-terastallize|p2a: Calyrex|Fire\n|move|p2b: Sableye|Disable|p1b: Lunala\n|-start|p1b: Lunala|Disable|Moonblast\n|move|p1b: Lunala|Moongeist Beam|p2a: Calyrex\n|-damage|p2a: Calyrex|63/100\n|move|p1a: Grimmsnarl|Spirit Break|p2b: Sableye\n|-supereffective|p2b: Sableye\n|-damage|p2b: Sableye|32/100\n|-unboost|p2b: Sableye|spa|1\n|-enditem|p2b: Sableye|Sitrus Berry|[eat]\n|-heal|p2b: Sableye|57/100|[from] item: Sitrus Berry\n|move|p2a: Calyrex|Glacial Lance|p1a: Grimmsnarl|[spread] p1a,p1b\n|-damage|p1a: Grimmsnarl|40/100\n|-damage|p1b: Lunala|78/100\n|\n|upkeep\n|turn|3\n|\n|t:|1773628296\n|switch|p1b: Incineroar|Incineroar, L50, F|100/100\n|-ability|p1b: Incineroar|Intimidate|boost\n|-fail|p2a: Calyrex|unboost|[from] item: Clear Amulet|[of] p2a: Calyrex\n|-unboost|p2b: Sableye|atk|1\n|move|p2b: Sableye|Protect|p2b: Sableye\n|-singleturn|p2b: Sableye|Protect\n|move|p1a: Grimmsnarl|Reflect|p1a: Grimmsnarl\n|-sidestart|p1: alzombie|Reflect\n|move|p2a: Calyrex|Stomping Tantrum|p1a: Grimmsnarl\n|-damage|p1a: Grimmsnarl|20/100\n|\n|upkeep\n|turn|4\n|inactive|alzombie has 30 seconds left.\n|\n|t:|1773628321\n|switch|p2b: Hitmontop|Hitmontop, L50, M|100/100\n|-ability|p2b: Hitmontop|Intimidate|boost\n|-unboost|p1a: Grimmsnarl|atk|1\n|-unboost|p1b: Incineroar|atk|1\n|move|p2a: Calyrex|Protect|p2a: Calyrex\n|-singleturn|p2a: Calyrex|Protect\n|move|p1a: Grimmsnarl|Light Screen|p1a: Grimmsnarl\n|-sidestart|p1: alzombie|move: Light Screen\n|move|p1b: Incineroar|Knock Off|p2a: Calyrex\n|-activate|p2a: Calyrex|move: Protect\n|\n|upkeep\n|turn|5\n|\n|t:|1773628336\n|move|p2b: Hitmontop|Coaching|p2a: Calyrex\n|-boost|p2a: Calyrex|atk|1\n|-boost|p2a: Calyrex|def|1\n|move|p1a: Grimmsnarl|Spirit Break|p2b: Hitmontop\n|-supereffective|p2b: Hitmontop\n|-crit|p2b: Hitmontop\n|-damage|p2b: Hitmontop|1/100\n|move|p1b: Incineroar|Knock Off|p2a: Calyrex\n|-damage|p2a: Calyrex|52/100\n|-enditem|p2a: Calyrex|Clear Amulet|[from] move: Knock Off|[of] p1b: Incineroar\n|move|p2a: Calyrex|Glacial Lance|p1a: Grimmsnarl|[spread] p1a,p1b\n|-resisted|p1b: Incineroar\n|-damage|p1a: Grimmsnarl|0 fnt\n|-damage|p1b: Incineroar|81/100\n|faint|p1a: Grimmsnarl\n|-ability|p2a: Calyrex|Chilling Neigh|boost\n|-boost|p2a: Calyrex|atk|1\n|\n|upkeep\n|\n|t:|1773628354\n|switch|p1a: Lunala|Lunala, L50|78/100\n|turn|6\n|\n|t:|1773628365\n|-terastallize|p1b: Incineroar|Bug\n|move|p2a: Calyrex|Protect|p2a: Calyrex\n|-singleturn|p2a: Calyrex|Protect\n|move|p1a: Lunala|Wide Guard|p1a: Lunala\n|-singleturn|p1a: Lunala|Wide Guard\n|move|p2b: Hitmontop|Close Combat|p1b: Incineroar\n|-resisted|p1b: Incineroar\n|-damage|p1b: Incineroar|72/100\n|-unboost|p2b: Hitmontop|def|1\n|-unboost|p2b: Hitmontop|spd|1\n|-damage|p2b: Hitmontop|0 fnt|[from] item: Rocky Helmet|[of] p1b: Incineroar\n|faint|p2b: Hitmontop\n|move|p1b: Incineroar|Roar|p2a: Calyrex\n|drag|p2a: Sableye|Sableye, L50, M|57/100\n|\n|upkeep\n|\n|t:|1773628382\n|switch|p2b: Miraidon|Miraidon, L50|100/100\n|-fieldstart|move: Electric Terrain|[from] ability: Hadron Engine|[of] p2b: Miraidon\n|-enditem|p1a: Lunala|Electric Seed\n|-boost|p1a: Lunala|def|1|[from] item: Electric Seed\n|turn|7\n|\n|t:|1773628400\n|move|p2a: Sableye|Encore|p1a: Lunala\n|-start|p1a: Lunala|Encore\n|move|p2b: Miraidon|Electro Drift|p1b: Incineroar\n|-damage|p1b: Incineroar|4/100\n|-damage|p2b: Miraidon|84/100|[from] item: Rocky Helmet|[of] p1b: Incineroar\n|move|p1b: Incineroar|Parting Shot|p2b: Miraidon\n|-unboost|p2b: Miraidon|atk|1\n|-unboost|p2b: Miraidon|spa|1\n|\n|t:|1773628410\n|switch|p1b: Ursaluna|Ursaluna, L50, M|100/100|[from] Parting Shot\n|move|p1a: Lunala|Wide Guard||[still]\n|-fail|p1a: Lunala\n|\n|-status|p1b: Ursaluna|brn|[from] item: Flame Orb\n|upkeep\n|turn|8\n|\n|t:|1773628428\n|move|p1a: Lunala|Wide Guard|p1a: Lunala\n|-singleturn|p1a: Lunala|Wide Guard\n|move|p2b: Miraidon|Volt Switch|p1a: Lunala\n|-damage|p1a: Lunala|57/100\n|\n|t:|1773628434\n|switch|p2b: Calyrex|Calyrex-Ice, L50, tera:Fire|52/100|[from] Volt Switch\n|-ability|p2b: Calyrex|As One\n|-ability|p2b: Calyrex|Unnerve\n|move|p2a: Sableye|Foul Play|p1b: Ursaluna\n|-damage|p1b: Ursaluna|70/100 brn\n|move|p1b: Ursaluna|Earthquake|p2b: Calyrex|[spread] p2a,p2b\n|-activate|p1a: Lunala|move: Wide Guard\n|-supereffective|p2b: Calyrex\n|-damage|p2a: Sableye|0 fnt\n|-damage|p2b: Calyrex|0 fnt\n|faint|p2a: Sableye\n|faint|p2b: Calyrex\n|\n|-damage|p1b: Ursaluna|64/100 brn|[from] brn\n|upkeep\n|-message|ArisHazard forfeited.\n|\n|win|alzombie\n|raw|alzombie's rating: 1477 &rarr; <strong>1494</strong><br />(+17 for winning)\n|raw|ArisHazard's rating: 1419 &rarr; <strong>1402</strong><br />(-17 for losing)\n|l|\u2606ArisHazard\n|player|p2|\n|l|\u2606alzombie\n|player|p1|\n","uploadtime":1773628718,"views":13,"formatid":"gen9vgc2026regi","rating":1402,"private":0,"password":null}