{"id":"gen9vgc2026regi-2564808016","format":"[Gen 9] VGC 2026 Reg I","players":["bigman500","happidoodledoo"],"log":"|j|\u2606bigman500\n|j|\u2606happidoodledoo\n|t:|1774199744\n|gametype|doubles\n|player|p1|bigman500|265|1399\n|player|p2|happidoodledoo|169|1385\n|gen|9\n|tier|[Gen 9] VGC 2026 Reg I\n|rated|\n|rule|Species Clause: Limit one of each Pok\u00e9mon\n|rule|Item Clause: Limit 1 of each item\n|clearpoke\n|poke|p1|Incineroar, L50, M|\n|poke|p1|Sinistcha, L50|\n|poke|p1|Urshifu-*, L50, F|\n|poke|p1|Terapagos, L50, M|\n|poke|p1|Iron Treads, L50|\n|poke|p1|Miraidon, L50|\n|poke|p2|Grimmsnarl, L50, M|\n|poke|p2|Zamazenta-*, L50|\n|poke|p2|Sinistcha, L50|\n|poke|p2|Landorus, L50, M|\n|poke|p2|Whimsicott, L50, F|\n|poke|p2|Lunala, L50|\n|teampreview|4\nbigman500 has agreed to open team sheets.\n|inactive|Battle timer is ON: inactive players will automatically lose when time's up. (requested by bigman500)\n|inactive|happidoodledoo has 60 seconds left.\n|\n|t:|1774199821\n|teamsize|p1|4\n|teamsize|p2|4\n|start\n|switch|p1a: Miraidon|Miraidon, L50|100/100\n|switch|p1b: Terapagos|Terapagos, L50, M|100/100\n|switch|p2a: Lunala|Lunala, L50|100/100\n|switch|p2b: sinistchouameni|Sinistcha, L50|100/100\n|-activate|p1b: Terapagos|ability: Tera Shift\n|detailschange|p1b: Terapagos|Terapagos-Terastal, L50, M\n|-heal|p1b: Terapagos|100/100|[silent]\n|-fieldstart|move: Electric Terrain|[from] ability: Hadron Engine|[of] p1a: Miraidon\n|-enditem|p1b: Terapagos|Electric Seed\n|-boost|p1b: Terapagos|def|1|[from] item: Electric Seed\n|turn|1\n|\n|t:|1774199836\n|move|p1a: Miraidon|Snarl|p2a: Lunala|[spread] p2a,p2b\n|-supereffective|p2a: Lunala\n|-supereffective|p2b: sinistchouameni\n|-damage|p2a: Lunala|73/100\n|-damage|p2b: sinistchouameni|57/100\n|-unboost|p2b: sinistchouameni|spa|1\n|-enditem|p2b: sinistchouameni|Eject Button\n|\n|t:|1774199842\n|switch|p2b: Whimsicott|Whimsicott, L50, F|100/100\n|move|p2a: Lunala|Calm Mind|p2a: Lunala\n|-boost|p2a: Lunala|spa|1\n|-boost|p2a: Lunala|spd|1\n|move|p1b: Terapagos|Calm Mind|p1b: Terapagos\n|-boost|p1b: Terapagos|spa|1\n|-boost|p1b: Terapagos|spd|1\n|\n|upkeep\n|turn|2\n|\n|t:|1774199863\n|move|p2b: Whimsicott|Encore|p1b: Terapagos\n|-start|p1b: Terapagos|Encore\n|move|p1a: Miraidon|Snarl|p2b: Whimsicott|[spread] p2b\n|-miss|p1a: Miraidon|p2a: Lunala\n|-resisted|p2b: Whimsicott\n|-damage|p2b: Whimsicott|86/100\n|-unboost|p2b: Whimsicott|spa|1\n|move|p2a: Lunala|Calm Mind|p2a: Lunala\n|-boost|p2a: Lunala|spa|1\n|-boost|p2a: Lunala|spd|1\n|move|p1b: Terapagos|Calm Mind|p1b: Terapagos\n|-boost|p1b: Terapagos|spa|1\n|-boost|p1b: Terapagos|spd|1\n|\n|upkeep\n|turn|3\n|\n|t:|1774199878\n|move|p2b: Whimsicott|Taunt|p1b: Terapagos\n|-start|p1b: Terapagos|move: Taunt\n|move|p1a: Miraidon|Snarl|p2b: Whimsicott|[spread] p2a,p2b\n|-supereffective|p2a: Lunala\n|-resisted|p2b: Whimsicott\n|-damage|p2a: Lunala|45/100\n|-damage|p2b: Whimsicott|69/100\n|-unboost|p2b: Whimsicott|spa|1\n|move|p2a: Lunala|Calm Mind|p2a: Lunala\n|-boost|p2a: Lunala|spa|1\n|-boost|p2a: Lunala|spd|1\n|cant|p1b: Terapagos|move: Taunt|Calm Mind\n|\n|upkeep\n|turn|4\n|\n|t:|1774199902\n|-terastallize|p2a: Lunala|Fairy\n|move|p2b: Whimsicott|Tailwind|p2b: Whimsicott\n|-sidestart|p2: happidoodledoo|move: Tailwind\n|move|p2a: Lunala|Dazzling Gleam|p1b: Terapagos|[spread] p1a,p1b\n|-supereffective|p1a: Miraidon\n|-activate|p1b: Terapagos|ability: Tera Shell\n|-resisted|p1b: Terapagos\n|-damage|p1a: Miraidon|19/100\n|-damage|p1b: Terapagos|83/100\n|move|p1a: Miraidon|Volt Switch|p2a: Lunala\n|-damage|p2a: Lunala|25/100\n|\n|t:|1774199912\n|switch|p1a: Iron Treads|Iron Treads, L50|100/100|[from] Volt Switch\n|-activate|p1a: Iron Treads|ability: Quark Drive\n|-start|p1a: Iron Treads|quarkdrivespe\n|-activate|p1b: Terapagos|move: Struggle\n|move|p1b: Terapagos|Struggle|p2a: Lunala\n|-crit|p2a: Lunala\n|-damage|p2a: Lunala|14/100\n|-damage|p1b: Terapagos|57/100|[from] recoil\n|\n|-end|p1b: Terapagos|Encore\n|upkeep\n|turn|5\n|\n|t:|1774199936\n|-terastallize|p1b: Terapagos|Stellar\n|detailschange|p1b: Terapagos|Terapagos-Stellar, L50, M, tera:Stellar\n|-heal|p1b: Terapagos|68/100|[silent]\n|-ability|p1b: Terapagos|Teraform Zero\n|-fieldend|move: Electric Terrain\n|-end|p1a: Iron Treads|Quark Drive\n|move|p2a: Lunala|Protect|p2a: Lunala\n|-singleturn|p2a: Lunala|Protect\n|move|p2b: Whimsicott|Encore||[still]\n|-fail|p2b: Whimsicott\n|move|p1a: Iron Treads|Iron Head|p2b: Whimsicott\n|-supereffective|p2b: Whimsicott\n|-damage|p2b: Whimsicott|0 fnt\n|faint|p2b: Whimsicott\n|move|p1b: Terapagos|Tera Starstorm|p2a: Lunala\n|-activate|p2a: Lunala|move: Protect\n|\n|-end|p1b: Terapagos|move: Taunt\n|upkeep\n|\n|t:|1774199953\n|switch|p2b: Zamazenta|Zamazenta-Crowned, L50|100/100\n|-ability|p2b: Zamazenta|Dauntless Shield|boost\n|-boost|p2b: Zamazenta|def|1\n|turn|6\n|\n|t:|1774199965\n|-end|p1a: Iron Treads|Quark Drive|[silent]\n|switch|p1a: Sinistcha|Sinistcha, L50|100/100\n|-heal|p1b: Terapagos|93/100|[from] ability: Hospitality|[of] p1a: Sinistcha\n|move|p2b: Zamazenta|Body Press|p1b: Terapagos\n|-supereffective|p1b: Terapagos\n|-damage|p1b: Terapagos|33/100\n|move|p2a: Lunala|Moongeist Beam|p1a: Sinistcha\n|-supereffective|p1a: Sinistcha\n|-enditem|p1a: Sinistcha|Focus Sash\n|-damage|p1a: Sinistcha|1/100\n|move|p1b: Terapagos|Earth Power|p2b: Zamazenta\n|-supereffective|p2b: Zamazenta\n|-damage|p2b: Zamazenta|0 fnt\n|faint|p2b: Zamazenta\n|\n|upkeep\n|\n|t:|1774199979\n|switch|p2b: sinistchouameni|Sinistcha, L50|57/100\n|-heal|p2a: Lunala|39/100|[from] ability: Hospitality|[of] p2b: sinistchouameni\n|turn|7\n|\n|t:|1774199999\n|move|p1a: Sinistcha|Rage Powder|p1a: Sinistcha\n|-singleturn|p1a: Sinistcha|move: Rage Powder\n|move|p2a: Lunala|Dazzling Gleam|p1a: Sinistcha|[spread] p1a,p1b\n|-damage|p1a: Sinistcha|0 fnt\n|-damage|p1b: Terapagos|8/100\n|faint|p1a: Sinistcha\n|move|p2b: sinistchouameni|Life Dew|p2b: sinistchouameni|[spread] p2a,p2b\n|-heal|p2a: Lunala|64/100\n|-heal|p2b: sinistchouameni|82/100\n|move|p1b: Terapagos|Tera Starstorm|p2b: sinistchouameni|[spread] p2a,p2b\n|-supereffective|p2a: Lunala\n|-damage|p2a: Lunala|19/100\n|-damage|p2b: sinistchouameni|0 fnt\n|faint|p2b: sinistchouameni\n|\n|-sideend|p2: happidoodledoo|move: Tailwind\n|upkeep\n|\n|t:|1774200014\n|switch|p1a: Miraidon|Miraidon, L50|19/100\n|-fieldstart|move: Electric Terrain|[from] ability: Hadron Engine|[of] p1a: Miraidon\n|turn|8\n|\n|t:|1774200022\n|move|p1b: Terapagos|Protect|p1b: Terapagos\n|-singleturn|p1b: Terapagos|Protect\n|move|p1a: Miraidon|Electro Drift|p2a: Lunala\n|-damage|p2a: Lunala|0 fnt\n|faint|p2a: Lunala\n|\n|win|bigman500\n|raw|bigman500's rating: 1399 &rarr; <strong>1418</strong><br />(+19 for winning)\n|raw|happidoodledoo's rating: 1385 &rarr; <strong>1366</strong><br />(-19 for losing)\n|l|\u2606happidoodledoo\n|player|p2|\n","uploadtime":1774200290,"views":15,"formatid":"gen9vgc2026regi","rating":1366,"private":0,"password":null}