{"id":"gen9vgc2026regi-2567603800","format":"[Gen 9] VGC 2026 Reg I","players":["PichuPKM","JERRY RIVERA"],"log":"|j|\u2606PichuPKM\n|j|\u2606JERRY RIVERA\n|t:|1774492713\n|gametype|doubles\n|player|p1|PichuPKM|lusamine-nihilego|1329\n|player|p2|JERRY RIVERA|silver|1315\n|gen|9\n|tier|[Gen 9] VGC 2026 Reg I\n|rated|\n|rule|Species Clause: Limit one of each Pok\u00e9mon\n|rule|Item Clause: Limit 1 of each item\n|clearpoke\n|poke|p1|Calyrex-Shadow, L50|\n|poke|p1|Zamazenta-*, L50|\n|poke|p1|Incineroar, L50, M|\n|poke|p1|Landorus, L50, M|\n|poke|p1|Farigiraf, L50, F|\n|poke|p1|Rillaboom, L50, M|\n|poke|p2|Kyogre, L50|\n|poke|p2|Calyrex-Shadow, L50|\n|poke|p2|Weezing-Galar, L50, M|\n|poke|p2|Dondozo, L50, F|\n|poke|p2|Tatsugiri-Droopy, L50, M|\n|poke|p2|Tornadus, L50, M|\n|teampreview|4\n|inactive|Battle timer is ON: inactive players will automatically lose when time's up. (requested by PichuPKM)\n|inactive|PichuPKM has 60 seconds left.\n|\n|t:|1774492772\n|teamsize|p1|4\n|teamsize|p2|4\n|start\n|switch|p1a: Zamazenta|Zamazenta-Crowned, L50|100/100\n|switch|p1b: Rillaboom|Rillaboom, L50, M|100/100\n|switch|p2a: Don Dimadon|Weezing-Galar, L50, M|100/100\n|switch|p2b: Queso|Kyogre, L50|100/100\n|-ability|p2a: Don Dimadon|Neutralizing Gas\n|turn|1\n|inactive|PichuPKM has 30 seconds left.\n|\n|t:|1774492803\n|-terastallize|p2b: Queso|Ghost\n|move|p1a: Zamazenta|Protect|p1a: Zamazenta\n|-singleturn|p1a: Zamazenta|Protect\n|move|p2b: Queso|Ice Beam|p1b: Rillaboom\n|-supereffective|p1b: Rillaboom\n|-damage|p1b: Rillaboom|64/100\n|-status|p1b: Rillaboom|frz\n|cant|p1b: Rillaboom|frz\n|move|p2a: Don Dimadon|Toxic Spikes|p1b: Rillaboom\n|-sidestart|p1: PichuPKM|move: Toxic Spikes\n|\n|upkeep\n|turn|2\n|\n|t:|1774492824\n|move|p2b: Queso|Ice Beam|p1b: Rillaboom\n|-supereffective|p1b: Rillaboom\n|-damage|p1b: Rillaboom|21/100 frz\n|move|p1a: Zamazenta|Behemoth Bash|p2a: Don Dimadon\n|-supereffective|p2a: Don Dimadon\n|-damage|p2a: Don Dimadon|30/100\n|-enditem|p2a: Don Dimadon|Sitrus Berry|[eat]\n|-heal|p2a: Don Dimadon|55/100|[from] item: Sitrus Berry\n|cant|p1b: Rillaboom|frz\n|move|p2a: Don Dimadon|Strange Steam|p1b: Rillaboom\n|-damage|p1b: Rillaboom|5/100 frz\n|\n|upkeep\n|turn|3\n|\n|t:|1774492847\n|switch|p1b: Incineroar|Incineroar, L50, M|100/100\n|-status|p1b: Incineroar|psn\n|move|p2a: Don Dimadon|Protect|p2a: Don Dimadon\n|-singleturn|p2a: Don Dimadon|Protect\n|move|p2b: Queso|Ice Beam|p1b: Incineroar\n|-resisted|p1b: Incineroar\n|-damage|p1b: Incineroar|86/100 psn\n|move|p1a: Zamazenta|Behemoth Bash|p2a: Don Dimadon\n|-activate|p2a: Don Dimadon|move: Protect\n|\n|-damage|p1b: Incineroar|74/100 psn|[from] psn\n|upkeep\n|turn|4\n|inactive|PichuPKM has 30 seconds left.\n|\n|t:|1774492873\n|switch|p2b: Fuet|Tatsugiri-Droopy, L50, M|100/100\n|-end|p2a: Don Dimadon|ability: Neutralizing Gas\n|-ability|p1a: Zamazenta|Dauntless Shield|boost\n|-boost|p1a: Zamazenta|def|1\n|-ability|p1b: Incineroar|Intimidate|boost\n|-unboost|p2a: Don Dimadon|atk|1\n|-unboost|p2b: Fuet|atk|1\n|switch|p2a: Chorizo|Dondozo, L50, F|100/100\n|-activate|p2b: Fuet|ability: Commander|[of] p2a: Chorizo\n|-boost|p2a: Chorizo|atk|2\n|-boost|p2a: Chorizo|spa|2\n|-boost|p2a: Chorizo|spe|2\n|-boost|p2a: Chorizo|def|2\n|-boost|p2a: Chorizo|spd|2\n|move|p1a: Zamazenta|Behemoth Bash|p2b: Fuet|[miss]\n|-miss|p1a: Zamazenta|p2b: Fuet\n|move|p1b: Incineroar|Knock Off|p2b: Fuet|[miss]\n|-miss|p1b: Incineroar|p2b: Fuet\n|\n|-damage|p1b: Incineroar|61/100 psn|[from] psn\n|upkeep\n|turn|5\n|inactive|PichuPKM has 30 seconds left.\n|\n|t:|1774492902\n|move|p1a: Zamazenta|Wide Guard|p1a: Zamazenta\n|-singleturn|p1a: Zamazenta|Wide Guard\n|move|p2a: Chorizo|Body Press|p1b: Incineroar\n|-supereffective|p1b: Incineroar\n|-damage|p1b: Incineroar|0 fnt\n|faint|p1b: Incineroar\n|\n|upkeep\n|\n|t:|1774492907\n|switch|p1b: Rillaboom|Rillaboom, L50, M|5/100 frz\n|-fieldstart|move: Grassy Terrain|[from] ability: Grassy Surge|[of] p1b: Rillaboom\n|turn|6\n|\n|t:|1774492925\n|-curestatus|p1b: Rillaboom|frz|[msg]\n|move|p1b: Rillaboom|Fake Out|p2a: Chorizo\n|-damage|p2a: Chorizo|96/100\n|move|p1a: Zamazenta|Body Press|p2a: Chorizo\n|-damage|p2a: Chorizo|82/100\n|cant|p2a: Chorizo|flinch\n|\n|-heal|p2a: Chorizo|88/100|[from] Grassy Terrain\n|-heal|p2a: Chorizo|94/100|[from] item: Leftovers\n|-heal|p1b: Rillaboom|11/100|[from] Grassy Terrain\n|upkeep\n|turn|7\n|\n|t:|1774492938\n|move|p1a: Zamazenta|Body Press|p2a: Chorizo\n|-crit|p2a: Chorizo\n|-damage|p2a: Chorizo|50/100\n|move|p2a: Chorizo|Order Up|p1b: Rillaboom\n|-damage|p1b: Rillaboom|0 fnt\n|faint|p1b: Rillaboom\n|-boost|p2a: Chorizo|def|1\n|\n|-heal|p2a: Chorizo|56/100|[from] Grassy Terrain\n|-heal|p2a: Chorizo|62/100|[from] item: Leftovers\n|upkeep\n|\n|t:|1774492943\n|switch|p1b: Calyrex|Calyrex-Shadow, L50|100/100\n|-ability|p1b: Calyrex|As One\n|-ability|p1b: Calyrex|Unnerve\n|-status|p1b: Calyrex|psn\n|turn|8\n|\n|t:|1774492958\n|move|p1b: Calyrex|Protect|p1b: Calyrex\n|-singleturn|p1b: Calyrex|Protect\n|move|p2a: Chorizo|Protect|p2a: Chorizo\n|-singleturn|p2a: Chorizo|Protect\n|move|p1a: Zamazenta|Body Press|p2a: Chorizo\n|-activate|p2a: Chorizo|move: Protect\n|\n|-heal|p2a: Chorizo|68/100|[from] Grassy Terrain\n|-heal|p2a: Chorizo|75/100|[from] item: Leftovers\n|-damage|p1b: Calyrex|88/100 psn|[from] psn\n|upkeep\n|turn|9\n|-message|PichuPKM forfeited.\n|\n|win|JERRY RIVERA\n|raw|PichuPKM's rating: 1329 &rarr; <strong>1308</strong><br />(-21 for losing)\n|raw|JERRY RIVERA's rating: 1315 &rarr; <strong>1336</strong><br />(+21 for winning)\n|l|\u2606PichuPKM\n|player|p1|\n|l|\u2606JERRY RIVERA\n|player|p2|\n","uploadtime":1774493160,"views":10,"formatid":"gen9vgc2026regi","rating":1308,"private":0,"password":null}