{"id":"gen9vgc2026regi-2544793966","format":"[Gen 9] VGC 2026 Reg I","players":["501JFW","dirk2202"],"log":"|j|\u2606501JFW\n|j|\u2606dirk2202\n|t:|1771760915\n|gametype|doubles\n|player|p1|501JFW|1|1537\n|player|p2|dirk2202|2|1517\n|gen|9\n|tier|[Gen 9] VGC 2026 Reg I\n|rated|\n|rule|Species Clause: Limit one of each Pok\u00e9mon\n|rule|Item Clause: Limit 1 of each item\n|clearpoke\n|poke|p1|Kyogre, L50|\n|poke|p1|Calyrex-Ice, L50|\n|poke|p1|Amoonguss, L50, F|\n|poke|p1|Iron Jugulis, L50|\n|poke|p1|Urshifu-*, L50, F|\n|poke|p1|Indeedee-F, L50, F|\n|poke|p2|Miraidon, L50|\n|poke|p2|Ho-Oh, L50|\n|poke|p2|Iron Treads, L50|\n|poke|p2|Dondozo, L50, M|\n|poke|p2|Farigiraf, L50, F|\n|poke|p2|Tatsugiri-Droopy, L50, F|\n|teampreview|4\n|inactive|Battle timer is ON: inactive players will automatically lose when time's up. (requested by dirk2202)\n|\n|t:|1771760932\n|teamsize|p1|4\n|teamsize|p2|4\n|start\n|switch|p1a: Kyogre|Kyogre, L50, shiny|100/100\n|switch|p1b: Indeedee|Indeedee-F, L50, F, shiny|100/100\n|switch|p2a: Miraidon|Miraidon, L50|100/100\n|switch|p2b: Ho-Oh|Ho-Oh, L50|100/100\n|-fieldstart|move: Electric Terrain|[from] ability: Hadron Engine|[of] p2a: Miraidon\n|-ability|p2b: Ho-Oh|Pressure\n|-weather|RainDance|[from] ability: Drizzle|[of] p1a: Kyogre\n|-fieldstart|move: Psychic Terrain|[from] ability: Psychic Surge|[of] p1b: Indeedee\n|-enditem|p1b: Indeedee|Psychic Seed\n|-boost|p1b: Indeedee|spd|1|[from] item: Psychic Seed\n|turn|1\n|\n|t:|1771760947\n|-terastallize|p2b: Ho-Oh|Grass\n|-terastallize|p1a: Kyogre|Water\n|move|p1b: Indeedee|Follow Me|p1b: Indeedee\n|-singleturn|p1b: Indeedee|move: Follow Me\n|move|p2a: Miraidon|Snarl|p1a: Kyogre|[spread] p1a,p1b\n|-supereffective|p1b: Indeedee\n|-damage|p1a: Kyogre|91/100\n|-damage|p1b: Indeedee|79/100\n|-unboost|p1a: Kyogre|spa|1\n|-unboost|p1b: Indeedee|spa|1\n|move|p2b: Ho-Oh|Brave Bird|p1b: Indeedee\n|-damage|p1b: Indeedee|23/100\n|-damage|p2b: Ho-Oh|85/100|[from] Recoil\n|move|p1a: Kyogre|Water Spout|p2b: Ho-Oh|[spread] p2a,p2b\n|-resisted|p2a: Miraidon\n|-resisted|p2b: Ho-Oh\n|-damage|p2a: Miraidon|68/100\n|-damage|p2b: Ho-Oh|49/100\n|\n|-weather|RainDance|[upkeep]\n|upkeep\n|turn|2\n|inactive|501JFW has 30 seconds left.\n|inactive|dirk2202 has 30 seconds left.\n|inactive|501JFW has 20 seconds left.\n|inactive|dirk2202 has 20 seconds left.\n|inactive|501JFW has 15 seconds left.\n|inactive|dirk2202 has 15 seconds left.\n|inactive|501JFW has 10 seconds left.\n|inactive|dirk2202 has 10 seconds left.\n|inactive|501JFW has 5 seconds left.\n|inactive|dirk2202 has 5 seconds left.\n|\n|t:|1771761000\n|switch|p1b: Calyrex|Calyrex-Ice, L50|100/100\n|-ability|p1b: Calyrex|As One\n|-ability|p1b: Calyrex|Unnerve\n|move|p2b: Ho-Oh|Protect|p2b: Ho-Oh\n|-singleturn|p2b: Ho-Oh|Protect\n|move|p2a: Miraidon|Electro Drift|p1b: Calyrex\n|-damage|p1b: Calyrex|66/100\n|move|p1a: Kyogre|Water Spout|p2b: Ho-Oh|[spread] p2a\n|-activate|p2b: Ho-Oh|move: Protect\n|-resisted|p2a: Miraidon\n|-damage|p2a: Miraidon|35/100\n|\n|-weather|RainDance|[upkeep]\n|upkeep\n|turn|3\n|\n|t:|1771761024\n|switch|p2b: Tatsugiri|Tatsugiri-Droopy, L50, F|100/100\n|switch|p1a: Amoonguss|Amoonguss, L50, F, shiny|100/100\n|move|p2a: Miraidon|Volt Switch|p1b: Calyrex\n|-damage|p1b: Calyrex|43/100\n|\n|t:|1771761034\n|switch|p2a: Dondozo|Dondozo, L50, M|100/100|[from] Volt Switch\n|-activate|p2b: Tatsugiri|ability: Commander|[of] p2a: Dondozo\n|-boost|p2a: Dondozo|atk|2\n|-boost|p2a: Dondozo|spa|2\n|-boost|p2a: Dondozo|spe|2\n|-boost|p2a: Dondozo|def|2\n|-boost|p2a: Dondozo|spd|2\n|move|p1b: Calyrex|Trick Room|p1b: Calyrex\n|-fieldstart|move: Trick Room|[of] p1b: Calyrex\n|\n|-weather|RainDance|[upkeep]\n|upkeep\n|turn|4\n|\n|t:|1771761053\n|switch|p1b: Kyogre|Kyogre, L50, shiny, tera:Water|91/100\n|move|p2a: Dondozo|Protect|p2a: Dondozo\n|-singleturn|p2a: Dondozo|Protect\n|move|p1a: Amoonguss|Clear Smog|p2a: Dondozo\n|-activate|p2a: Dondozo|move: Protect\n|\n|-weather|RainDance|[upkeep]\n|upkeep\n|turn|5\n|inactive|501JFW has 30 seconds left.\n|inactive|501JFW has 20 seconds left.\n|inactive|501JFW has 15 seconds left.\n|\n|t:|1771761098\n|move|p1a: Amoonguss|Clear Smog|p2a: Dondozo\n|-damage|p2a: Dondozo|95/100\n|-clearboost|p2a: Dondozo\n|move|p2a: Dondozo|Substitute|p2a: Dondozo\n|-start|p2a: Dondozo|Substitute\n|-damage|p2a: Dondozo|71/100\n|move|p1b: Kyogre|Thunder|p2a: Dondozo\n|-supereffective|p2a: Dondozo\n|-end|p2a: Dondozo|Substitute\n|\n|-weather|none\n|-heal|p2a: Dondozo|77/100|[from] item: Leftovers\n|-fieldend|move: Psychic Terrain\n|upkeep\n|turn|6\n|\n|t:|1771761117\n|switch|p1b: Calyrex|Calyrex-Ice, L50|43/100\n|-ability|p1b: Calyrex|As One\n|-ability|p1b: Calyrex|Unnerve\n|move|p2a: Dondozo|Protect|p2a: Dondozo\n|-singleturn|p2a: Dondozo|Protect\n|move|p1a: Amoonguss|Pollen Puff|p1b: Calyrex\n|-heal|p1b: Calyrex|93/100\n|\n|-heal|p2a: Dondozo|83/100|[from] item: Leftovers\n|upkeep\n|turn|7\n|inactive|501JFW has 30 seconds left.\n|inactive|501JFW has 20 seconds left.\n|\n|t:|1771761155\n|move|p1a: Amoonguss|Spore|p2a: Dondozo\n|-status|p2a: Dondozo|slp|[from] move: Spore\n|cant|p2a: Dondozo|slp\n|move|p1b: Calyrex|Swords Dance|p1b: Calyrex\n|-boost|p1b: Calyrex|atk|2\n|\n|-heal|p2a: Dondozo|89/100 slp|[from] item: Leftovers\n|-fieldend|move: Trick Room\n|upkeep\n|turn|8\n|\n|t:|1771761169\n|switch|p1a: Kyogre|Kyogre, L50, shiny, tera:Water|91/100\n|-weather|RainDance|[from] ability: Drizzle|[of] p1a: Kyogre\n|move|p1b: Calyrex|Swords Dance|p1b: Calyrex\n|-boost|p1b: Calyrex|atk|2\n|cant|p2a: Dondozo|slp\n|\n|-weather|RainDance|[upkeep]\n|-heal|p2a: Dondozo|95/100 slp|[from] item: Leftovers\n|upkeep\n|turn|9\n|\n|t:|1771761176\n|move|p1a: Kyogre|Thunder|p2a: Dondozo\n|-supereffective|p2a: Dondozo\n|-damage|p2a: Dondozo|0 fnt\n|faint|p2a: Dondozo\n|move|p1b: Calyrex|Trick Room|p1b: Calyrex\n|-fieldstart|move: Trick Room|[of] p1b: Calyrex\n|\n|-weather|RainDance|[upkeep]\n|upkeep\n|-message|dirk2202 forfeited.\n|\n|win|501JFW\n|raw|501JFW's rating: 1537 &rarr; <strong>1556</strong><br />(+19 for winning)\n|raw|dirk2202's rating: 1517 &rarr; <strong>1498</strong><br />(-19 for losing)\n|l|\u2606dirk2202\n|player|p2|\n|l|\u2606501JFW\n|player|p1|\n","uploadtime":1771761457,"views":23,"formatid":"gen9vgc2026regi","rating":1498,"private":0,"password":null}