{"id":"gen9vgc2026regi-2565690684","format":"[Gen 9] VGC 2026 Reg I","players":["itastelikeiron","Jonen"],"log":"|j|\u2606itastelikeiron\n|j|\u2606Jonen\n|t:|1774295697\n|gametype|doubles\n|player|p1|itastelikeiron|infielder|1488\n|player|p2|Jonen|medium|1560\n|gen|9\n|tier|[Gen 9] VGC 2026 Reg I\n|rated|\n|rule|Species Clause: Limit one of each Pok\u00e9mon\n|rule|Item Clause: Limit 1 of each item\n|clearpoke\n|poke|p1|Tsareena, L50, F|\n|poke|p1|Kyogre, L50|\n|poke|p1|Basculegion, L50, M|\n|poke|p1|Tornadus, L50, M|\n|poke|p1|Incineroar, L50, F|\n|poke|p1|Zacian-*, L50|\n|poke|p2|Groudon, L50|\n|poke|p2|Lunala, L50|\n|poke|p2|Sableye, L50, M|\n|poke|p2|Chi-Yu, L50|\n|poke|p2|Rillaboom, L50, M|\n|poke|p2|Jumpluff, L50, M|\n|teampreview|4\n|\n|t:|1774295729\n|teamsize|p1|4\n|teamsize|p2|4\n|start\n|switch|p1a: Kyogre|Kyogre, L50|100/100\n|switch|p1b: Tornadus|Tornadus, L50, M|100/100\n|switch|p2a: Groudon|Groudon, L50|100/100\n|switch|p2b: Sableye|Sableye, L50, M|100/100\n|-weather|RainDance|[from] ability: Drizzle|[of] p1a: Kyogre\n|-weather|SunnyDay|[from] ability: Drought|[of] p2a: Groudon\n|turn|1\n|\n|t:|1774295748\n|-terastallize|p1a: Kyogre|Water\n|move|p2a: Groudon|Protect|p2a: Groudon\n|-singleturn|p2a: Groudon|Protect\n|move|p1b: Tornadus|Rain Dance|p1b: Tornadus\n|-weather|RainDance\n|move|p2b: Sableye|Gravity|p2b: Sableye\n|-fieldstart|move: Gravity\n|move|p1a: Kyogre|Water Spout|p2b: Sableye|[spread] p2b\n|-activate|p2a: Groudon|move: Protect\n|-enditem|p2b: Sableye|Focus Sash\n|-damage|p2b: Sableye|1/100\n|\n|-weather|RainDance|[upkeep]\n|upkeep\n|turn|2\n|\n|t:|1774295760\n|move|p2b: Sableye|Disable|p1a: Kyogre\n|-start|p1a: Kyogre|Disable|Water Spout\n|cant|p1a: Kyogre|Disable|Water Spout\n|move|p1b: Tornadus|Bleakwind Storm|p2b: Sableye|[spread] p2a,p2b\n|-damage|p2a: Groudon|58/100\n|-damage|p2b: Sableye|0 fnt\n|-unboost|p2a: Groudon|spe|1\n|faint|p2b: Sableye\n|move|p2a: Groudon|Precipice Blades|p1b: Tornadus|[spread] p1a,p1b\n|-damage|p1a: Kyogre|15/100\n|-enditem|p1b: Tornadus|Focus Sash\n|-damage|p1b: Tornadus|1/100\n|-damage|p2a: Groudon|48/100|[from] item: Life Orb\n|\n|-weather|RainDance|[upkeep]\n|upkeep\n|\n|t:|1774295780\n|switch|p2b: Rillaboom|Rillaboom, L50, M|100/100\n|-fieldstart|move: Grassy Terrain|[from] ability: Grassy Surge|[of] p2b: Rillaboom\n|turn|3\n|\n|t:|1774295793\n|switch|p1a: Incineroar|Incineroar, L50, F|100/100\n|-ability|p1a: Incineroar|Intimidate|boost\n|-unboost|p2a: Groudon|atk|1\n|-unboost|p2b: Rillaboom|atk|1\n|move|p1b: Tornadus|Protect|p1b: Tornadus\n|-singleturn|p1b: Tornadus|Protect\n|move|p2b: Rillaboom|Grassy Glide|p1a: Incineroar\n|-resisted|p1a: Incineroar\n|-damage|p1a: Incineroar|88/100\n|move|p2a: Groudon|Substitute|p2a: Groudon\n|-start|p2a: Groudon|Substitute\n|-damage|p2a: Groudon|23/100\n|\n|-weather|RainDance|[upkeep]\n|-heal|p1b: Tornadus|7/100|[from] Grassy Terrain\n|-heal|p2a: Groudon|29/100|[from] Grassy Terrain\n|-heal|p1a: Incineroar|94/100|[from] Grassy Terrain\n|upkeep\n|turn|4\n|\n|t:|1774295806\n|move|p1a: Incineroar|Fake Out|p2b: Rillaboom\n|-damage|p2b: Rillaboom|89/100\n|cant|p2b: Rillaboom|flinch\n|move|p1b: Tornadus|Bleakwind Storm|p2a: Groudon|[spread] p2a,p2b\n|-end|p2a: Groudon|Substitute\n|-supereffective|p2b: Rillaboom\n|-damage|p2b: Rillaboom|47/100\n|move|p2a: Groudon|Precipice Blades|p1b: Tornadus|[spread] p1a,p1b\n|-supereffective|p1a: Incineroar\n|-damage|p1a: Incineroar|0 fnt\n|-damage|p1b: Tornadus|0 fnt\n|faint|p1a: Incineroar\n|faint|p1b: Tornadus\n|-damage|p2a: Groudon|19/100|[from] item: Life Orb\n|\n|-weather|RainDance|[upkeep]\n|-heal|p2b: Rillaboom|53/100|[from] Grassy Terrain\n|-heal|p2a: Groudon|25/100|[from] Grassy Terrain\n|upkeep\n|j| KittyPON2\n|\n|t:|1774295814\n|switch|p1b: Zacian|Zacian-Crowned, L50|100/100\n|switch|p1a: Kyogre|Kyogre, L50, tera:Water|15/100\n|-ability|p1b: Zacian|Intrepid Sword|boost\n|-boost|p1b: Zacian|atk|1\n|turn|5\n|\n|t:|1774295829\n|-terastallize|p2b: Rillaboom|Water\n|move|p2a: Groudon|Protect|p2a: Groudon\n|-singleturn|p2a: Groudon|Protect\n|move|p2b: Rillaboom|Grassy Glide|p1a: Kyogre\n|-supereffective|p1a: Kyogre\n|-damage|p1a: Kyogre|0 fnt\n|faint|p1a: Kyogre\n|move|p1b: Zacian|Behemoth Blade|p2a: Groudon\n|-activate|p2a: Groudon|move: Protect\n|\n|-weather|none\n|-heal|p2b: Rillaboom|59/100|[from] Grassy Terrain\n|-heal|p2a: Groudon|31/100|[from] Grassy Terrain\n|-fieldend|move: Gravity\n|upkeep\n|turn|6\n|\n|t:|1774295848\n|switch|p2a: Lunala|Lunala, L50|100/100\n|move|p1b: Zacian|Behemoth Blade|p2a: Lunala\n|-damage|p2a: Lunala|63/100\n|move|p2b: Rillaboom|U-turn|p1b: Zacian\n|-resisted|p1b: Zacian\n|-damage|p1b: Zacian|97/100\n|l| KittyPON2\n|\n|t:|1774295855\n|switch|p2b: Groudon|Groudon, L50|31/100|[from] U-turn\n|-weather|SunnyDay|[from] ability: Drought|[of] p2b: Groudon\n|\n|-weather|SunnyDay|[upkeep]\n|-heal|p1b: Zacian|100/100|[from] Grassy Terrain\n|-heal|p2a: Lunala|69/100|[from] Grassy Terrain\n|-heal|p2b: Groudon|36/100|[from] Grassy Terrain\n|upkeep\n|turn|7\n|\n|t:|1774295869\n|move|p1b: Zacian|Behemoth Blade|p2a: Lunala\n|-damage|p2a: Lunala|0 fnt\n|faint|p2a: Lunala\n|move|p2b: Groudon|Substitute|p2b: Groudon\n|-start|p2b: Groudon|Substitute\n|-damage|p2b: Groudon|12/100\n|\n|-weather|SunnyDay|[upkeep]\n|-heal|p2b: Groudon|18/100|[from] Grassy Terrain\n|-fieldend|move: Grassy Terrain\n|upkeep\n|\n|t:|1774295872\n|switch|p2a: Rillaboom|Rillaboom, L50, M, tera:Water|59/100\n|-fieldstart|move: Grassy Terrain|[from] ability: Grassy Surge|[of] p2a: Rillaboom\n|turn|8\n|\n|t:|1774295885\n|move|p1b: Zacian|Protect|p1b: Zacian\n|-singleturn|p1b: Zacian|Protect\n|move|p2a: Rillaboom|Fake Out|p1b: Zacian\n|-activate|p1b: Zacian|move: Protect\n|move|p2b: Groudon|Heat Crash|p1b: Zacian\n|-activate|p1b: Zacian|move: Protect\n|\n|-weather|SunnyDay|[upkeep]\n|-heal|p2b: Groudon|23/100|[from] Grassy Terrain\n|-heal|p2a: Rillaboom|65/100|[from] Grassy Terrain\n|upkeep\n|turn|9\n|\n|t:|1774295893\n|move|p1b: Zacian|Sacred Sword|p2b: Groudon\n|-end|p2b: Groudon|Substitute\n|move|p2b: Groudon|Heat Crash|p1b: Zacian\n|-supereffective|p1b: Zacian\n|-damage|p1b: Zacian|22/100\n|-damage|p2b: Groudon|14/100|[from] item: Life Orb\n|move|p2a: Rillaboom|Wood Hammer|p1b: Zacian\n|-resisted|p1b: Zacian\n|-damage|p1b: Zacian|0 fnt\n|faint|p1b: Zacian\n|-damage|p2a: Rillaboom|59/100|[from] Recoil\n|\n|win|Jonen\n|raw|itastelikeiron's rating: 1488 &rarr; <strong>1472</strong><br />(-16 for losing)\n|raw|Jonen's rating: 1560 &rarr; <strong>1576</strong><br />(+16 for winning)\n","uploadtime":1774295894,"views":11,"formatid":"gen9vgc2026regi","rating":1472,"private":0,"password":null}