{"id":"gen9vgc2026regi-2568428884","format":"[Gen 9] VGC 2026 Reg I","players":["victlary","KaiMVGC"],"log":"|j|\u203dvictlary\n|j|\u2606KaiMVGC\n|t:|1774577418\n|gametype|doubles\n|player|p1|victlary|carmine-festival|1495\n|player|p2|KaiMVGC|boarder|1548\n|gen|9\n|tier|[Gen 9] VGC 2026 Reg I\n|rated|\n|rule|Species Clause: Limit one of each Pok\u00e9mon\n|rule|Item Clause: Limit 1 of each item\n|clearpoke\n|poke|p1|Kyogre, L50|\n|poke|p1|Calyrex-Ice, L50|\n|poke|p1|Rillaboom, L50, F|\n|poke|p1|Farigiraf, L50, M|\n|poke|p1|Urshifu-*, L50, F|\n|poke|p1|Whimsicott, L50, F|\n|poke|p2|Calyrex-Shadow, L50|\n|poke|p2|Zamazenta-*, L50|\n|poke|p2|Rillaboom, L50, F|\n|poke|p2|Raging Bolt, L50|\n|poke|p2|Smeargle, L50, F|\n|poke|p2|Tornadus, L50, M|\n|teampreview|4\n|inactive|Battle timer is ON: inactive players will automatically lose when time's up. (requested by victlary)\n|\n|t:|1774577449\n|teamsize|p1|4\n|teamsize|p2|4\n|start\n|switch|p1a: Whimsicott|Whimsicott, L50, F|100/100\n|switch|p1b: Kyogre|Kyogre, L50|100/100\n|switch|p2a: Calyrex|Calyrex-Shadow, L50|100/100\n|switch|p2b: Smeargle|Smeargle, L50, F|100/100\n|-ability|p2a: Calyrex|As One\n|-ability|p2a: Calyrex|Unnerve\n|-weather|RainDance|[from] ability: Drizzle|[of] p1b: Kyogre\n|turn|1\n|\n|t:|1774577466\n|move|p2b: Smeargle|Fake Out|p1b: Kyogre\n|-damage|p1b: Kyogre|96/100\n|move|p1a: Whimsicott|Taunt|p2b: Smeargle\n|-start|p2b: Smeargle|move: Taunt\n|move|p2a: Calyrex|Nasty Plot|p2a: Calyrex\n|-boost|p2a: Calyrex|spa|2\n|cant|p1b: Kyogre|flinch\n|\n|-weather|RainDance|[upkeep]\n|-ability|p2b: Smeargle|Moody|boost\n|-boost|p2b: Smeargle|atk|2\n|-unboost|p2b: Smeargle|def|1\n|upkeep\n|turn|2\n|\n|t:|1774577484\n|switch|p2b: Rillaboom|Rillaboom, L50, F|100/100\n|-fieldstart|move: Grassy Terrain|[from] ability: Grassy Surge|[of] p2b: Rillaboom\n|move|p2a: Calyrex|Protect|p2a: Calyrex\n|-singleturn|p2a: Calyrex|Protect\n|move|p1a: Whimsicott|Tailwind|p1a: Whimsicott\n|-sidestart|p1: victlary|move: Tailwind\n|move|p1b: Kyogre|Water Spout|p2b: Rillaboom|[spread] p2b\n|-activate|p2a: Calyrex|move: Protect\n|-resisted|p2b: Rillaboom\n|-damage|p2b: Rillaboom|52/100\n|\n|-weather|RainDance|[upkeep]\n|-heal|p1b: Kyogre|100/100|[from] Grassy Terrain\n|-heal|p2b: Rillaboom|58/100|[from] Grassy Terrain\n|upkeep\n|turn|3\n|\n|t:|1774577500\n|-terastallize|p1b: Kyogre|Grass\n|move|p2b: Rillaboom|Fake Out|p1b: Kyogre\n|-damage|p1b: Kyogre|88/100\n|move|p1a: Whimsicott|Encore|p2a: Calyrex\n|-start|p2a: Calyrex|Encore\n|cant|p1b: Kyogre|flinch\n|move|p2a: Calyrex|Protect||[still]\n|-fail|p2a: Calyrex\n|\n|-weather|RainDance|[upkeep]\n|-heal|p1b: Kyogre|94/100|[from] Grassy Terrain\n|-heal|p2b: Rillaboom|64/100|[from] Grassy Terrain\n|upkeep\n|turn|4\n|\n|t:|1774577514\n|move|p2a: Calyrex|Protect|p2a: Calyrex\n|-singleturn|p2a: Calyrex|Protect\n|move|p1a: Whimsicott|Moonblast|p2b: Rillaboom\n|-damage|p2b: Rillaboom|47/100\n|move|p1b: Kyogre|Water Spout|p2b: Rillaboom|[spread] p2b\n|-activate|p2a: Calyrex|move: Protect\n|-resisted|p2b: Rillaboom\n|-damage|p2b: Rillaboom|1/100\n|move|p2b: Rillaboom|U-turn|p1b: Kyogre\n|-supereffective|p1b: Kyogre\n|-damage|p1b: Kyogre|57/100\n|\n|t:|1774577519\n|switch|p2b: Smeargle|Smeargle, L50, F|100/100|[from] U-turn\n|\n|-weather|RainDance|[upkeep]\n|-heal|p1b: Kyogre|62/100|[from] Grassy Terrain\n|-ability|p2b: Smeargle|Moody|boost\n|-boost|p2b: Smeargle|def|2\n|-unboost|p2b: Smeargle|spe|1\n|upkeep\n|turn|5\n|\n|t:|1774577540\n|switch|p1b: Farigiraf|Farigiraf, L50, M|100/100\n|switch|p2b: Rillaboom|Rillaboom, L50, F|1/100\n|move|p2a: Calyrex|Protect|p2a: Calyrex\n|-singleturn|p2a: Calyrex|Protect\n|move|p1a: Whimsicott|Taunt|p2b: Rillaboom\n|-start|p2b: Rillaboom|move: Taunt\n|\n|-weather|none\n|-heal|p2b: Rillaboom|7/100|[from] Grassy Terrain\n|-end|p2a: Calyrex|Encore\n|-sideend|p1: victlary|move: Tailwind\n|upkeep\n|turn|6\n|inactive|victlary has 30 seconds left.\n|\n|t:|1774577568\n|-terastallize|p2a: Calyrex|Dark\n|move|p1a: Whimsicott|Encore|p2a: Calyrex\n|-hint|Since gen 7, Dark is immune to Prankster moves.\n|-immune|p2a: Calyrex\n|move|p2a: Calyrex|Astral Barrage|p1a: Whimsicott|[spread] p1a\n|-immune|p1b: Farigiraf\n|-enditem|p1a: Whimsicott|Focus Sash\n|-damage|p1a: Whimsicott|1/100\n|-damage|p2a: Calyrex|91/100|[from] item: Life Orb\n|move|p2b: Rillaboom|U-turn|p1b: Farigiraf\n|-supereffective|p1b: Farigiraf\n|-damage|p1b: Farigiraf|62/100\n|\n|t:|1774577578\n|switch|p2b: Smeargle|Smeargle, L50, F|100/100|[from] U-turn\n|move|p1b: Farigiraf|Foul Play|p2b: Smeargle\n|-damage|p2b: Smeargle|87/100\n|\n|-heal|p2a: Calyrex|97/100|[from] Grassy Terrain\n|-heal|p1a: Whimsicott|7/100|[from] Grassy Terrain\n|-heal|p2b: Smeargle|93/100|[from] Grassy Terrain\n|-heal|p1b: Farigiraf|68/100|[from] Grassy Terrain\n|-fieldend|move: Grassy Terrain\n|-ability|p2b: Smeargle|Moody|boost\n|-boost|p2b: Smeargle|spe|2\n|-unboost|p2b: Smeargle|spd|1\n|upkeep\n|turn|7\n|\n|t:|1774577593\n|switch|p2b: Rillaboom|Rillaboom, L50, F|7/100\n|-fieldstart|move: Grassy Terrain|[from] ability: Grassy Surge|[of] p2b: Rillaboom\n|move|p1a: Whimsicott|Tailwind|p1a: Whimsicott\n|-sidestart|p1: victlary|move: Tailwind\n|move|p2a: Calyrex|Astral Barrage|p1a: Whimsicott|[spread] p1a\n|-immune|p1b: Farigiraf\n|-damage|p1a: Whimsicott|0 fnt\n|faint|p1a: Whimsicott\n|-ability|p2a: Calyrex|Grim Neigh|boost\n|-boost|p2a: Calyrex|spa|1\n|-damage|p2a: Calyrex|88/100|[from] item: Life Orb\n|move|p1b: Farigiraf|Thunder Wave|p2a: Calyrex\n|-status|p2a: Calyrex|par\n|\n|-heal|p1b: Farigiraf|74/100|[from] Grassy Terrain\n|-heal|p2b: Rillaboom|13/100|[from] Grassy Terrain\n|-heal|p2a: Calyrex|94/100 par|[from] Grassy Terrain\n|upkeep\n|\n|t:|1774577610\n|switch|p1a: Calyrex|Calyrex-Ice, L50|100/100\n|-ability|p1a: Calyrex|As One\n|-ability|p1a: Calyrex|Unnerve\n|turn|8\n|\n|t:|1774577620\n|move|p1b: Farigiraf|Foul Play|p2a: Calyrex\n|-resisted|p2a: Calyrex\n|-damage|p2a: Calyrex|85/100 par\n|move|p1a: Calyrex|Glacial Lance|p2b: Rillaboom|[spread] p2a,p2b\n|-supereffective|p2b: Rillaboom\n|-damage|p2a: Calyrex|20/100 par\n|-damage|p2b: Rillaboom|0 fnt\n|faint|p2b: Rillaboom\n|-ability|p1a: Calyrex|Chilling Neigh|boost\n|-boost|p1a: Calyrex|atk|1\n|move|p2a: Calyrex|Astral Barrage|p1b: Farigiraf|[spread] p1a\n|-immune|p1b: Farigiraf\n|-supereffective|p1a: Calyrex\n|-damage|p1a: Calyrex|0 fnt\n|faint|p1a: Calyrex\n|-ability|p2a: Calyrex|Grim Neigh|boost\n|-boost|p2a: Calyrex|spa|1\n|-damage|p2a: Calyrex|10/100 par|[from] item: Life Orb\n|\n|-heal|p1b: Farigiraf|80/100|[from] Grassy Terrain\n|-heal|p2a: Calyrex|16/100 par|[from] Grassy Terrain\n|upkeep\n|\n|t:|1774577638\n|switch|p2b: Zamazenta|Zamazenta-Crowned, L50|100/100\n|switch|p1a: Kyogre|Kyogre, L50, tera:Grass|62/100\n|-weather|RainDance|[from] ability: Drizzle|[of] p1a: Kyogre\n|-ability|p2b: Zamazenta|Dauntless Shield|boost\n|-boost|p2b: Zamazenta|def|1\n|turn|9\n|inactive|victlary has 30 seconds left.\n|inactive|victlary has 20 seconds left.\n|\n|t:|1774577677\n|move|p2b: Zamazenta|Wide Guard|p2b: Zamazenta\n|-singleturn|p2b: Zamazenta|Wide Guard\n|move|p1a: Kyogre|Origin Pulse|p2a: Calyrex|[spread] \n|-activate|p2a: Calyrex|move: Wide Guard\n|-activate|p2b: Zamazenta|move: Wide Guard\n|move|p1b: Farigiraf|Thunder Wave|p2b: Zamazenta\n|-status|p2b: Zamazenta|par\n|move|p2a: Calyrex|Astral Barrage|p1b: Farigiraf|[spread] p1a\n|-immune|p1b: Farigiraf\n|-damage|p1a: Kyogre|0 fnt\n|faint|p1a: Kyogre\n|-ability|p2a: Calyrex|Grim Neigh|boost\n|-boost|p2a: Calyrex|spa|1\n|-damage|p2a: Calyrex|7/100 par|[from] item: Life Orb\n|\n|-weather|RainDance|[upkeep]\n|-heal|p1b: Farigiraf|86/100|[from] Grassy Terrain\n|-heal|p2a: Calyrex|13/100 par|[from] Grassy Terrain\n|upkeep\n|turn|10\n|-message|victlary forfeited.\n|\n|win|KaiMVGC\n|raw|victlary's rating: 1495 &rarr; <strong>1478</strong><br />(-17 for losing)\n|raw|KaiMVGC's rating: 1548 &rarr; <strong>1565</strong><br />(+17 for winning)\n|l|\u203dvictlary\n|player|p1|\n|l|\u2606KaiMVGC\n|player|p2|\n","uploadtime":1774577938,"views":11,"formatid":"gen9vgc2026regi","rating":1478,"private":0,"password":null}