{"id":"gen9vgc2026regi-2578826961","format":"[Gen 9] VGC 2026 Reg I","players":["azerbatts","SycrasisEU"],"log":"|j|\u2606azerbatts\n|j|\u2606SycrasisEU\n|t:|1775724057\n|gametype|doubles\n|player|p1|azerbatts|101|1295\n|player|p2|SycrasisEU|byron|1352\n|gen|9\n|tier|[Gen 9] VGC 2026 Reg I\n|rated|\n|rule|Species Clause: Limit one of each Pok\u00e9mon\n|rule|Item Clause: Limit 1 of each item\n|clearpoke\n|poke|p1|Kyurem-White, L50|\n|poke|p1|Clefairy, L50, F|\n|poke|p1|Farigiraf, L50, F|\n|poke|p1|Ursaluna, L50, M|\n|poke|p1|Ho-Oh, L50|\n|poke|p1|Urshifu-*, L50, M|\n|poke|p2|Terapagos, L50, M|\n|poke|p2|Rillaboom, L50, F|\n|poke|p2|Incineroar, L50, M|\n|poke|p2|Clefairy, L50, F|\n|poke|p2|Zamazenta-*, L50|\n|poke|p2|Sinistcha, L50|\n|teampreview|4\n|inactive|Battle timer is ON: inactive players will automatically lose when time's up. (requested by SycrasisEU)\nSycrasisEU has agreed to open team sheets.\n|\n|t:|1775724088\n|teamsize|p1|4\n|teamsize|p2|4\n|start\n|switch|p1a: Ho-Oh|Ho-Oh, L50|100/100\n|switch|p1b: Kyurem|Kyurem-White, L50|100/100\n|switch|p2a: Terapagos|Terapagos, L50, M|100/100\n|switch|p2b: Incineroar|Incineroar, L50, M, shiny|100/100\n|-activate|p2a: Terapagos|ability: Tera Shift\n|detailschange|p2a: Terapagos|Terapagos-Terastal, L50, M\n|-heal|p2a: Terapagos|100/100|[silent]\n|-ability|p1b: Kyurem|Turboblaze\n|-ability|p2b: Incineroar|Intimidate|boost\n|-fail|p1a: Ho-Oh|unboost|[from] item: Clear Amulet|[of] p1a: Ho-Oh\n|-unboost|p1b: Kyurem|atk|1\n|turn|1\n|\n|t:|1775724112\n|move|p2b: Incineroar|Fake Out|p1a: Ho-Oh\n|-damage|p1a: Ho-Oh|89/100\n|move|p1b: Kyurem|Draco Meteor|p2b: Incineroar|[miss]\n|-miss|p1b: Kyurem|p2b: Incineroar\n|cant|p1a: Ho-Oh|flinch\n|move|p2a: Terapagos|Calm Mind|p2a: Terapagos\n|-boost|p2a: Terapagos|spa|1\n|-boost|p2a: Terapagos|spd|1\n|\n|upkeep\n|turn|2\n|\n|t:|1775724125\n|move|p2a: Terapagos|Protect|p2a: Terapagos\n|-singleturn|p2a: Terapagos|Protect\n|move|p1b: Kyurem|Draco Meteor|p2b: Incineroar\n|-damage|p2b: Incineroar|0 fnt\n|-unboost|p1b: Kyurem|spa|2\n|faint|p2b: Incineroar\n|move|p1a: Ho-Oh|Tailwind|p1a: Ho-Oh\n|-sidestart|p1: azerbatts|move: Tailwind\n|\n|upkeep\n|\n|t:|1775724134\n|switch|p2b: Zamazenta|Zamazenta-Crowned, L50|100/100\n|-ability|p2b: Zamazenta|Dauntless Shield|boost\n|-boost|p2b: Zamazenta|def|1\n|turn|3\n|\n|t:|1775724151\n|switch|p1b: Urshifu|Urshifu, L50, M|100/100\n|move|p1a: Ho-Oh|Sacred Fire|p2b: Zamazenta\n|-supereffective|p2b: Zamazenta\n|-damage|p2b: Zamazenta|59/100\n|-status|p2b: Zamazenta|brn\n|move|p2b: Zamazenta|Iron Defense|p2b: Zamazenta\n|-boost|p2b: Zamazenta|def|2\n|move|p2a: Terapagos|Calm Mind|p2a: Terapagos\n|-boost|p2a: Terapagos|spa|1\n|-boost|p2a: Terapagos|spd|1\n|\n|-damage|p2b: Zamazenta|53/100 brn|[from] brn\n|upkeep\n|turn|4\n|\n|t:|1775724167\n|move|p1b: Urshifu|Detect|p1b: Urshifu\n|-singleturn|p1b: Urshifu|Protect\n|move|p1a: Ho-Oh|Sacred Fire|p2a: Terapagos|[miss]\n|-miss|p1a: Ho-Oh|p2a: Terapagos\n|move|p2b: Zamazenta|Body Press|p1b: Urshifu\n|-activate|p1b: Urshifu|move: Protect\n|move|p2a: Terapagos|Tera Starstorm|p1b: Urshifu\n|-activate|p1b: Urshifu|move: Protect\n|\n|-damage|p2b: Zamazenta|47/100 brn|[from] brn\n|upkeep\n|turn|5\n|inactive|azerbatts has 30 seconds left.\n|\n|t:|1775724192\n|move|p1b: Urshifu|Wicked Blow|p2a: Terapagos\n|-activate|p2a: Terapagos|ability: Tera Shell\n|-resisted|p2a: Terapagos\n|-crit|p2a: Terapagos\n|-damage|p2a: Terapagos|70/100\n|move|p1a: Ho-Oh|Sacred Fire|p2a: Terapagos\n|-damage|p2a: Terapagos|24/100\n|move|p2b: Zamazenta|Body Press|p1b: Urshifu\n|-supereffective|p1b: Urshifu\n|-damage|p1b: Urshifu|0 fnt\n|faint|p1b: Urshifu\n|move|p2a: Terapagos|Tera Starstorm|p1a: Ho-Oh\n|-damage|p1a: Ho-Oh|24/100\n|\n|-heal|p2a: Terapagos|30/100|[from] item: Leftovers\n|-damage|p2b: Zamazenta|41/100 brn|[from] brn\n|-sideend|p1: azerbatts|move: Tailwind\n|upkeep\n|\n|t:|1775724201\n|switch|p1b: Ursaluna|Ursaluna, L50, M|100/100\n|turn|6\n|inactive|SycrasisEU has 30 seconds left.\n|\n|t:|1775724229\n|switch|p2b: Sinistcha|Sinistcha, L50|100/100\n|-heal|p2a: Terapagos|54/100|[from] ability: Hospitality|[of] p2b: Sinistcha\n|-terastallize|p2a: Terapagos|Stellar\n|detailschange|p2a: Terapagos|Terapagos-Stellar, L50, M, tera:Stellar\n|-heal|p2a: Terapagos|66/100|[silent]\n|-terastallize|p1b: Ursaluna|Ghost\n|move|p1a: Ho-Oh|Protect|p1a: Ho-Oh\n|-singleturn|p1a: Ho-Oh|Protect\n|move|p2a: Terapagos|Tera Starstorm|p1b: Ursaluna|[spread] p1b\n|-activate|p1a: Ho-Oh|move: Protect\n|-supereffective|p1b: Ursaluna\n|-damage|p1b: Ursaluna|0 fnt\n|faint|p1b: Ursaluna\n|\n|-heal|p2a: Terapagos|72/100|[from] item: Leftovers\n|upkeep\n|\n|t:|1775724235\n|switch|p1b: Kyurem|Kyurem-White, L50|100/100\n|-ability|p1b: Kyurem|Turboblaze\n|turn|7\n|\n|t:|1775724254\n|move|p2b: Sinistcha|Rage Powder|p2b: Sinistcha\n|-singleturn|p2b: Sinistcha|move: Rage Powder\n|move|p1b: Kyurem|Fusion Flare|p2b: Sinistcha\n|-supereffective|p2b: Sinistcha\n|-damage|p2b: Sinistcha|0 fnt\n|faint|p2b: Sinistcha\n|move|p1a: Ho-Oh|Tailwind|p1a: Ho-Oh\n|-sidestart|p1: azerbatts|move: Tailwind\n|move|p2a: Terapagos|Tera Starstorm|p1b: Kyurem|[spread] p1a,p1b\n|-damage|p1a: Ho-Oh|0 fnt\n|-damage|p1b: Kyurem|38/100\n|faint|p1a: Ho-Oh\n|\n|-heal|p2a: Terapagos|78/100|[from] item: Leftovers\n|upkeep\n|\n|t:|1775724265\n|switch|p2b: Zamazenta|Zamazenta-Crowned, L50|41/100 brn\n|turn|8\n|\n|t:|1775724276\n|move|p1b: Kyurem|Fusion Flare|p2b: Zamazenta\n|-supereffective|p2b: Zamazenta\n|-damage|p2b: Zamazenta|0 fnt\n|faint|p2b: Zamazenta\n|move|p2a: Terapagos|Tera Starstorm|p1b: Kyurem\n|-damage|p1b: Kyurem|0 fnt\n|faint|p1b: Kyurem\n|\n|win|SycrasisEU\n|raw|azerbatts's rating: 1295 &rarr; <strong>1274</strong><br />(-21 for losing)\n|raw|SycrasisEU's rating: 1352 &rarr; <strong>1369</strong><br />(+17 for winning)\n|l|\u2606azerbatts\n|player|p1|\n|l|\u2606SycrasisEU\n|player|p2|\n","uploadtime":1775724492,"views":8,"formatid":"gen9vgc2026regi","rating":1274,"private":0,"password":null}