{"id":"gen9vgc2026regi-2552164615","format":"[Gen 9] VGC 2026 Reg I","players":["lovelin123799","ScribbleScribble"],"log":"|j|\u2606lovelin123799\n|j|\u2606ScribbleScribble\n|t:|1772683247\n|gametype|doubles\n|player|p1|lovelin123799|101|1492\n|player|p2|ScribbleScribble|mina-lgpe|1518\n|gen|9\n|tier|[Gen 9] VGC 2026 Reg I\n|rated|\n|rule|Species Clause: Limit one of each Pok\u00e9mon\n|rule|Item Clause: Limit 1 of each item\n|clearpoke\n|poke|p1|Calyrex-Ice, L50|\n|poke|p1|Lunala, L50|\n|poke|p1|Smeargle, L50, F|\n|poke|p1|Torkoal, L50, F|\n|poke|p1|Urshifu-*, L50, F|\n|poke|p1|Indeedee-F, L50, F|\n|poke|p2|Calyrex-Ice, L50|\n|poke|p2|Kyogre, L50|\n|poke|p2|Tornadus, L50, M|\n|poke|p2|Indeedee-F, L50, F|\n|poke|p2|Landorus, L50, M|\n|poke|p2|Urshifu-*, L50, F|\n|teampreview|4\n|inactive|Battle timer is ON: inactive players will automatically lose when time's up. (requested by ScribbleScribble)\n|inactive|ScribbleScribble has 60 seconds left.\n|\n|t:|1772683299\n|teamsize|p1|4\n|teamsize|p2|4\n|start\n|switch|p1a: Lunala|Lunala, L50|100/100\n|switch|p1b: Indeedee|Indeedee-F, L50, F|100/100\n|switch|p2a: Tornadus|Tornadus, L50, M|100/100\n|switch|p2b: Calyrex|Calyrex-Ice, L50|100/100\n|-ability|p2b: Calyrex|As One\n|-ability|p2b: Calyrex|Unnerve\n|-fieldstart|move: Psychic Terrain|[from] ability: Psychic Surge|[of] p1b: Indeedee\n|turn|1\n|\n|t:|1772683311\n|-terastallize|p2b: Calyrex|Grass\n|move|p1b: Indeedee|Helping Hand|p1a: Lunala\n|-singleturn|p1a: Lunala|Helping Hand|[of] p1b: Indeedee\n|move|p2a: Tornadus|Tailwind|p2a: Tornadus\n|-sidestart|p2: ScribbleScribble|move: Tailwind\n|move|p2b: Calyrex|Glacial Lance|p1a: Lunala|[spread] p1a,p1b\n|-damage|p1a: Lunala|79/100\n|-damage|p1b: Indeedee|51/100\n|move|p1a: Lunala|Meteor Beam||[still]\n|-prepare|p1a: Lunala|Meteor Beam\n|-boost|p1a: Lunala|spa|1\n|-enditem|p1a: Lunala|Power Herb\n|-anim|p1a: Lunala|Meteor Beam|p2b: Calyrex\n|-damage|p2b: Calyrex|26/100\n|\n|upkeep\n|turn|2\n|inactive|ScribbleScribble has 30 seconds left.\n|inactive|ScribbleScribble has 20 seconds left.\n|inactive|ScribbleScribble has 15 seconds left.\n|\n|t:|1772683354\n|move|p2a: Tornadus|Bleakwind Storm|p1b: Indeedee|[spread] p1a,p1b\n|-damage|p1a: Lunala|52/100\n|-damage|p1b: Indeedee|16/100\n|move|p2b: Calyrex|Glacial Lance|p1b: Indeedee|[spread] p1a,p1b\n|-damage|p1a: Lunala|8/100\n|-damage|p1b: Indeedee|0 fnt\n|faint|p1b: Indeedee\n|-ability|p2b: Calyrex|Chilling Neigh|boost\n|-boost|p2b: Calyrex|atk|1\n|move|p1a: Lunala|Expanding Force|p2a: Tornadus|[spread] p2a,p2b\n|-enditem|p2a: Tornadus|Focus Sash\n|-damage|p2a: Tornadus|1/100\n|-damage|p2b: Calyrex|0 fnt\n|faint|p2b: Calyrex\n|\n|upkeep\n|\n|t:|1772683359\n|switch|p2b: Kyogre|Kyogre, L50|100/100\n|switch|p1b: Calyrex|Calyrex-Ice, L50|100/100\n|-ability|p1b: Calyrex|As One\n|-ability|p1b: Calyrex|Unnerve\n|-weather|RainDance|[from] ability: Drizzle|[of] p2b: Kyogre\n|turn|3\n|\n|t:|1772683368\n|switch|p1a: Torkoal|Torkoal, L50, F|100/100\n|-weather|SunnyDay|[from] ability: Drought|[of] p1a: Torkoal\n|move|p2a: Tornadus|Rain Dance|p2a: Tornadus\n|-weather|RainDance\n|move|p2b: Kyogre|Water Spout|p1b: Calyrex|[spread] p1a,p1b\n|-supereffective|p1a: Torkoal\n|-damage|p1a: Torkoal|0 fnt\n|-damage|p1b: Calyrex|20/100\n|faint|p1a: Torkoal\n|move|p1b: Calyrex|Trick Room|p1b: Calyrex\n|-fieldstart|move: Trick Room|[of] p1b: Calyrex\n|\n|-weather|RainDance|[upkeep]\n|upkeep\n|\n|t:|1772683370\n|switch|p1a: Lunala|Lunala, L50|8/100\n|turn|4\n|\n|t:|1772683382\n|move|p1b: Calyrex|Glacial Lance|p2a: Tornadus|[spread] p2a,p2b\n|-supereffective|p2a: Tornadus\n|-resisted|p2b: Kyogre\n|-damage|p2a: Tornadus|0 fnt\n|-damage|p2b: Kyogre|72/100\n|faint|p2a: Tornadus\n|-ability|p1b: Calyrex|Chilling Neigh|boost\n|-boost|p1b: Calyrex|atk|1\n|move|p1a: Lunala|Expanding Force|p2b: Kyogre\n|-damage|p2b: Kyogre|8/100\n|move|p2b: Kyogre|Water Spout|p1a: Lunala|[spread] p1a,p1b\n|-damage|p1a: Lunala|2/100\n|-damage|p1b: Calyrex|14/100\n|\n|-weather|RainDance|[upkeep]\n|-sideend|p2: ScribbleScribble|move: Tailwind\n|upkeep\n|\n|t:|1772683383\n|switch|p2a: Indeedee|Indeedee-F, L50, F, shiny|100/100\n|-enditem|p2a: Indeedee|Psychic Seed\n|-boost|p2a: Indeedee|spd|1|[from] item: Psychic Seed\n|turn|5\n|\n|t:|1772683388\n|move|p2b: Kyogre|Protect|p2b: Kyogre\n|-singleturn|p2b: Kyogre|Protect\n|move|p1b: Calyrex|Glacial Lance|p2a: Indeedee|[spread] p2a\n|-activate|p2b: Kyogre|move: Protect\n|-damage|p2a: Indeedee|9/100\n|move|p2a: Indeedee|Psychic|p1b: Calyrex\n|-resisted|p1b: Calyrex\n|-damage|p1b: Calyrex|1/100\n|move|p1a: Lunala|Expanding Force|p2a: Indeedee|[spread] p2a\n|-activate|p2b: Kyogre|move: Protect\n|-resisted|p2a: Indeedee\n|-damage|p2a: Indeedee|0 fnt\n|faint|p2a: Indeedee\n|\n|-weather|RainDance|[upkeep]\n|-fieldend|move: Psychic Terrain\n|upkeep\n|turn|6\n|-message|ScribbleScribble forfeited.\n|\n|win|lovelin123799\n|raw|lovelin123799's rating: 1492 &rarr; <strong>1512</strong><br />(+20 for winning)\n|raw|ScribbleScribble's rating: 1500 &rarr; <strong>1480</strong><br />(-20 for losing)\n|l|\u2606ScribbleScribble\n|player|p2|\n|l|\u2606lovelin123799\n|player|p1|\n","uploadtime":1772683557,"views":16,"formatid":"gen9vgc2026regi","rating":1480,"private":0,"password":null}