{"id":"gen9vgc2026regi-2517646394","format":"[Gen 9] VGC 2026 Reg I","players":["fogdocker","ToiletClogger456"],"log":"|j|\u2606fogdocker\n|j|\u2606ToiletClogger456\n|t:|1768291224\n|gametype|doubles\n|player|p1|fogdocker|265|1318\n|player|p2|ToiletClogger456|2|1375\n|gen|9\n|tier|[Gen 9] VGC 2026 Reg I\n|rated|\n|rule|Species Clause: Limit one of each Pok\u00e9mon\n|rule|Item Clause: Limit 1 of each item\n|clearpoke\n|poke|p1|Koraidon, L50|\n|poke|p1|Flutter Mane, L50|\n|poke|p1|Calyrex-Ice, L50|\n|poke|p1|Incineroar, L50, M|\n|poke|p1|Rillaboom, L50, M|\n|poke|p1|Amoonguss, L50, F|\n|poke|p2|Eternatus, L50|\n|poke|p2|Ho-Oh, L50|\n|poke|p2|Rillaboom, L50, F|\n|poke|p2|Incineroar, L50, F|\n|poke|p2|Ting-Lu, L50|\n|poke|p2|Vaporeon, L50, M|\n|teampreview|4\n|inactive|Battle timer is ON: inactive players will automatically lose when time's up. (requested by ToiletClogger456)\n|\n|t:|1768291271\n|teamsize|p1|4\n|teamsize|p2|4\n|start\n|switch|p1a: Calyrex|Calyrex-Ice, L50|100/100\n|switch|p1b: Incineroar|Incineroar, L50, M|100/100\n|switch|p2a: Eternatus|Eternatus, L50|100/100\n|switch|p2b: Ho-Oh|Ho-Oh, L50|100/100\n|-ability|p1a: Calyrex|As One\n|-ability|p1a: Calyrex|Unnerve\n|-ability|p2a: Eternatus|Pressure\n|-ability|p1b: Incineroar|Intimidate|boost\n|-unboost|p2a: Eternatus|atk|1\n|-unboost|p2b: Ho-Oh|atk|1\n|turn|1\n|\n|t:|1768291292\n|move|p1b: Incineroar|Fake Out|p2b: Ho-Oh\n|-damage|p2b: Ho-Oh|93/100\n|-enditem|p2b: Ho-Oh|Red Card|[of] p1b: Incineroar\n|drag|p1b: Koraidon|Koraidon, L50|100/100\n|-weather|SunnyDay|[from] ability: Orichalcum Pulse|[of] p1b: Koraidon\n|-activate|p1b: Koraidon|Orichalcum Pulse|[source]\n|move|p2a: Eternatus|Toxic Spikes|p1b: Koraidon\n|-sidestart|p1: fogdocker|move: Toxic Spikes\n|cant|p2b: Ho-Oh|flinch\n|move|p1a: Calyrex|Leech Seed|p2a: Eternatus\n|-start|p2a: Eternatus|move: Leech Seed\n|\n|-weather|SunnyDay|[upkeep]\n|-damage|p2a: Eternatus|88/100|[from] Leech Seed|[of] p1a: Calyrex\n|upkeep\n|turn|2\n|inactive|fogdocker has 30 seconds left.\n|\n|t:|1768291322\n|switch|p2a: Incineroar|Incineroar, L50, F|100/100\n|-ability|p2a: Incineroar|Intimidate|boost\n|-unboost|p1a: Calyrex|atk|1\n|-unboost|p1b: Koraidon|atk|1\n|-terastallize|p1a: Calyrex|Water\n|move|p1b: Koraidon|Flare Blitz|p2a: Incineroar\n|-resisted|p2a: Incineroar\n|-damage|p2a: Incineroar|69/100\n|-damage|p1b: Koraidon|84/100|[from] item: Rocky Helmet|[of] p2a: Incineroar\n|-damage|p1b: Koraidon|72/100|[from] Recoil\n|-damage|p1b: Koraidon|62/100|[from] item: Life Orb\n|move|p2b: Ho-Oh|Sacred Fire|p1a: Calyrex\n|-resisted|p1a: Calyrex\n|-damage|p1a: Calyrex|89/100\n|-status|p1a: Calyrex|brn\n|move|p1a: Calyrex|Glacial Lance|p2a: Incineroar|[spread] p2a,p2b\n|-resisted|p2a: Incineroar\n|-damage|p2a: Incineroar|62/100\n|-damage|p2b: Ho-Oh|83/100\n|\n|-weather|SunnyDay|[upkeep]\n|-heal|p1a: Calyrex|95/100 brn|[from] item: Leftovers\n|-damage|p1a: Calyrex|89/100 brn|[from] brn\n|upkeep\n|turn|3\n|\n|t:|1768291346\n|switch|p1a: Amoonguss|Amoonguss, L50, F|100/100\n|-sideend|p1: fogdocker|move: Toxic Spikes|[of] p1a: Amoonguss\n|move|p1b: Koraidon|Protect|p1b: Koraidon\n|-singleturn|p1b: Koraidon|Protect\n|move|p2a: Incineroar|Fake Out|p1b: Koraidon\n|-activate|p1b: Koraidon|move: Protect\n|move|p2b: Ho-Oh|Whirlwind|p2a: Incineroar\n|drag|p2a: Vaporeon|Vaporeon, L50, M|100/100\n|\n|-weather|SunnyDay|[upkeep]\n|upkeep\n|turn|4\n|\n|t:|1768291361\n|switch|p1a: Incineroar|Incineroar, L50, M|100/100\n|-ability|p1a: Incineroar|Intimidate|boost\n|-unboost|p2a: Vaporeon|atk|1\n|-unboost|p2b: Ho-Oh|atk|1\n|move|p1b: Koraidon|Close Combat|p2a: Vaporeon\n|-crit|p2a: Vaporeon\n|-damage|p2a: Vaporeon|0 fnt\n|-unboost|p1b: Koraidon|def|1\n|-unboost|p1b: Koraidon|spd|1\n|faint|p2a: Vaporeon\n|-damage|p1b: Koraidon|52/100|[from] item: Life Orb\n|move|p2b: Ho-Oh|Sacred Fire|p1a: Incineroar\n|-resisted|p1a: Incineroar\n|-damage|p1a: Incineroar|88/100\n|\n|-weather|SunnyDay|[upkeep]\n|upkeep\n|\n|t:|1768291366\n|switch|p2a: Eternatus|Eternatus, L50|88/100\n|-ability|p2a: Eternatus|Pressure\n|turn|5\n|\n|t:|1768291385\n|switch|p2b: Incineroar|Incineroar, L50, F|62/100\n|-ability|p2b: Incineroar|Intimidate|boost\n|-unboost|p1a: Incineroar|atk|1\n|-unboost|p1b: Koraidon|atk|1\n|move|p1b: Koraidon|Protect|p1b: Koraidon\n|-singleturn|p1b: Koraidon|Protect\n|move|p2a: Eternatus|Dynamax Cannon|p1b: Koraidon\n|-activate|p1b: Koraidon|move: Protect\n|move|p1a: Incineroar|Parting Shot|p2b: Incineroar\n|-unboost|p2b: Incineroar|atk|1\n|-unboost|p2b: Incineroar|spa|1\n|\n|t:|1768291390\n|switch|p1a: Calyrex|Calyrex-Ice, L50, tera:Water|89/100 brn|[from] Parting Shot\n|-ability|p1a: Calyrex|As One\n|-ability|p1a: Calyrex|Unnerve\n|\n|-weather|none\n|-heal|p1a: Calyrex|95/100 brn|[from] item: Leftovers\n|-damage|p1a: Calyrex|89/100 brn|[from] brn\n|upkeep\n|turn|6\n|\n|t:|1768291402\n|switch|p1b: Incineroar|Incineroar, L50, M|88/100\n|-ability|p1b: Incineroar|Intimidate|boost\n|-unboost|p2a: Eternatus|atk|1\n|-unboost|p2b: Incineroar|atk|1\n|switch|p2b: Ho-Oh|Ho-Oh, L50|100/100\n|move|p2a: Eternatus|Dynamax Cannon|p1b: Incineroar\n|-damage|p1b: Incineroar|48/100\n|move|p1a: Calyrex|Leech Seed|p2a: Eternatus|[miss]\n|-miss|p1a: Calyrex|p2a: Eternatus\n|\n|-heal|p1a: Calyrex|95/100 brn|[from] item: Leftovers\n|-damage|p1a: Calyrex|89/100 brn|[from] brn\n|upkeep\n|turn|7\n|\n|t:|1768291426\n|switch|p2b: Incineroar|Incineroar, L50, F|62/100\n|-ability|p2b: Incineroar|Intimidate|boost\n|-unboost|p1a: Calyrex|atk|1\n|-unboost|p1b: Incineroar|atk|1\n|move|p2a: Eternatus|Toxic Spikes|p1a: Calyrex\n|-sidestart|p1: fogdocker|move: Toxic Spikes\n|move|p1b: Incineroar|Parting Shot|p2b: Incineroar\n|-unboost|p2b: Incineroar|atk|1\n|-unboost|p2b: Incineroar|spa|1\n|\n|t:|1768291434\n|switch|p1b: Amoonguss|Amoonguss, L50, F|100/100|[from] Parting Shot\n|-sideend|p1: fogdocker|move: Toxic Spikes|[of] p1b: Amoonguss\n|move|p1a: Calyrex|Leech Seed|p2a: Eternatus\n|-start|p2a: Eternatus|move: Leech Seed\n|\n|-heal|p1a: Calyrex|95/100 brn|[from] item: Leftovers\n|-damage|p2a: Eternatus|76/100|[from] Leech Seed|[of] p1a: Calyrex\n|-heal|p1a: Calyrex|100/100 brn|[silent]\n|-damage|p1a: Calyrex|95/100 brn|[from] brn\n|upkeep\n|turn|8\n|\n|t:|1768291448\n|switch|p2a: Ho-Oh|Ho-Oh, L50|100/100\n|switch|p1a: Incineroar|Incineroar, L50, M|48/100\n|-ability|p1a: Incineroar|Intimidate|boost\n|-unboost|p2a: Ho-Oh|atk|1\n|-unboost|p2b: Incineroar|atk|1\n|move|p2b: Incineroar|Fake Out|p1b: Amoonguss\n|-damage|p1b: Amoonguss|97/100\n|-damage|p2b: Incineroar|46/100|[from] item: Rocky Helmet|[of] p1b: Amoonguss\n|cant|p1b: Amoonguss|flinch\n|\n|upkeep\n|turn|9\n|\n|t:|1768291463\n|move|p2a: Ho-Oh|Protect|p2a: Ho-Oh\n|-singleturn|p2a: Ho-Oh|Protect\n|move|p1a: Incineroar|Fake Out|p2a: Ho-Oh\n|-activate|p2a: Ho-Oh|move: Protect\n|move|p2b: Incineroar|Parting Shot|p1a: Incineroar\n|-unboost|p1a: Incineroar|atk|1\n|-unboost|p1a: Incineroar|spa|1\n|\n|t:|1768291465\n|switch|p2b: Eternatus|Eternatus, L50|76/100|[from] Parting Shot\n|-ability|p2b: Eternatus|Pressure\n|move|p1b: Amoonguss|Pollen Puff|p1a: Incineroar\n|-heal|p1a: Incineroar|98/100\n|\n|upkeep\n|turn|10\n|\n|t:|1768291489\n|switch|p1b: Calyrex|Calyrex-Ice, L50, tera:Water|95/100 brn\n|-ability|p1b: Calyrex|As One\n|-ability|p1b: Calyrex|Unnerve\n|move|p2b: Eternatus|Dynamax Cannon|p1b: Calyrex\n|-damage|p1b: Calyrex|64/100 brn\n|move|p2a: Ho-Oh|Sacred Fire|p1b: Calyrex\n|-resisted|p1b: Calyrex\n|-damage|p1b: Calyrex|57/100 brn\n|move|p1a: Incineroar|Parting Shot|p2a: Ho-Oh\n|-unboost|p2a: Ho-Oh|atk|1\n|-unboost|p2a: Ho-Oh|spa|1\n|\n|t:|1768291500\n|switch|p1a: Koraidon|Koraidon, L50|52/100|[from] Parting Shot\n|-weather|SunnyDay|[from] ability: Orichalcum Pulse|[of] p1a: Koraidon\n|-activate|p1a: Koraidon|Orichalcum Pulse|[source]\n|\n|-weather|SunnyDay|[upkeep]\n|-heal|p1b: Calyrex|62/100 brn|[from] item: Leftovers\n|-damage|p1b: Calyrex|57/100 brn|[from] brn\n|upkeep\n|turn|11\n|\n|t:|1768291517\n|switch|p1a: Amoonguss|Amoonguss, L50, F|100/100\n|move|p2b: Eternatus|Dynamax Cannon|p1a: Amoonguss\n|-damage|p1a: Amoonguss|53/100\n|move|p2a: Ho-Oh|Life Dew||[still]|[spread] p2a,p2b\n|-fail|p2a: Ho-Oh|heal\n|-heal|p2b: Eternatus|100/100\n|move|p1b: Calyrex|Trick Room|p1b: Calyrex\n|-fieldstart|move: Trick Room|[of] p1b: Calyrex\n|\n|-weather|SunnyDay|[upkeep]\n|-heal|p1b: Calyrex|62/100 brn|[from] item: Leftovers\n|-damage|p1b: Calyrex|57/100 brn|[from] brn\n|upkeep\n|turn|12\n|\n|t:|1768291531\n|move|p2a: Ho-Oh|Protect|p2a: Ho-Oh\n|-singleturn|p2a: Ho-Oh|Protect\n|move|p2b: Eternatus|Protect|p2b: Eternatus\n|-singleturn|p2b: Eternatus|Protect\n|move|p1a: Amoonguss|Spore|p2a: Ho-Oh\n|-activate|p2a: Ho-Oh|move: Protect\n|move|p1b: Calyrex|Leech Seed|p2b: Eternatus\n|-activate|p2b: Eternatus|move: Protect\n|\n|-weather|SunnyDay|[upkeep]\n|-heal|p1b: Calyrex|62/100 brn|[from] item: Leftovers\n|-damage|p1b: Calyrex|57/100 brn|[from] brn\n|upkeep\n|turn|13\n|inactive|ToiletClogger456 has 30 seconds left.\n|\n|t:|1768291566\n|switch|p1a: Incineroar|Incineroar, L50, M|98/100\n|-ability|p1a: Incineroar|Intimidate|boost\n|-unboost|p2a: Ho-Oh|atk|1\n|-unboost|p2b: Eternatus|atk|1\n|move|p1b: Calyrex|Leech Seed|p2b: Eternatus\n|-start|p2b: Eternatus|move: Leech Seed\n|move|p2a: Ho-Oh|Sacred Fire|p1a: Incineroar\n|-resisted|p1a: Incineroar\n|-damage|p1a: Incineroar|88/100\n|move|p2b: Eternatus|Dynamax Cannon|p1a: Incineroar\n|-damage|p1a: Incineroar|45/100\n|\n|-weather|SunnyDay|[upkeep]\n|-heal|p1b: Calyrex|62/100 brn|[from] item: Leftovers\n|-damage|p2b: Eternatus|88/100|[from] Leech Seed|[of] p1b: Calyrex\n|-heal|p1b: Calyrex|76/100 brn|[silent]\n|-damage|p1b: Calyrex|71/100 brn|[from] brn\n|upkeep\n|turn|14\n|\n|t:|1768291589\n|switch|p2b: Incineroar|Incineroar, L50, F|46/100\n|-ability|p2b: Incineroar|Intimidate|boost\n|-unboost|p1a: Incineroar|atk|1\n|-unboost|p1b: Calyrex|atk|1\n|move|p1b: Calyrex|Leech Seed|p2a: Ho-Oh\n|-start|p2a: Ho-Oh|move: Leech Seed\n|move|p1a: Incineroar|Parting Shot|p2b: Incineroar\n|-unboost|p2b: Incineroar|atk|1\n|-unboost|p2b: Incineroar|spa|1\n|\n|t:|1768291599\n|switch|p1a: Amoonguss|Amoonguss, L50, F|86/100|[from] Parting Shot\n|move|p2a: Ho-Oh|Life Dew||[still]|[spread] p2a,p2b\n|-fail|p2a: Ho-Oh|heal\n|-heal|p2b: Incineroar|71/100\n|\n|-weather|none\n|-heal|p1b: Calyrex|76/100 brn|[from] item: Leftovers\n|-damage|p2a: Ho-Oh|88/100|[from] Leech Seed|[of] p1b: Calyrex\n|-heal|p1b: Calyrex|89/100 brn|[silent]\n|-damage|p1b: Calyrex|83/100 brn|[from] brn\n|upkeep\n|turn|15\n|\n|t:|1768291610\n|switch|p1b: Incineroar|Incineroar, L50, M|45/100\n|-ability|p1b: Incineroar|Intimidate|boost\n|-unboost|p2a: Ho-Oh|atk|1\n|-unboost|p2b: Incineroar|atk|1\n|switch|p2a: Eternatus|Eternatus, L50|88/100\n|-ability|p2a: Eternatus|Pressure\n|move|p1a: Amoonguss|Protect|p1a: Amoonguss\n|-singleturn|p1a: Amoonguss|Protect\n|move|p2b: Incineroar|Knock Off|p1a: Amoonguss\n|-activate|p1a: Amoonguss|move: Protect\n|\n|-fieldend|move: Trick Room\n|upkeep\n|turn|16\n|\n|t:|1768291624\n|move|p1b: Incineroar|Fake Out|p2a: Eternatus\n|-damage|p2a: Eternatus|79/100\n|move|p2a: Eternatus|Toxic Spikes|p1a: Amoonguss\n|-sidestart|p1: fogdocker|move: Toxic Spikes\n|move|p2b: Incineroar|Knock Off|p1a: Amoonguss\n|-damage|p1a: Amoonguss|72/100\n|-damage|p2b: Incineroar|54/100|[from] item: Rocky Helmet|[of] p1a: Amoonguss\n|-enditem|p1a: Amoonguss|Rocky Helmet|[from] move: Knock Off|[of] p2b: Incineroar\n|move|p1a: Amoonguss|Pollen Puff|p1b: Incineroar\n|-heal|p1b: Incineroar|95/100\n|\n|upkeep\n|turn|17\n|\n|t:|1768291638\n|switch|p1a: Calyrex|Calyrex-Ice, L50, tera:Water|83/100 brn\n|-ability|p1a: Calyrex|As One\n|-ability|p1a: Calyrex|Unnerve\n|move|p2a: Eternatus|Protect|p2a: Eternatus\n|-singleturn|p2a: Eternatus|Protect\n|move|p1b: Incineroar|Parting Shot|p2a: Eternatus\n|-activate|p2a: Eternatus|move: Protect\n|move|p2b: Incineroar|Parting Shot|p1a: Calyrex\n|-unboost|p1a: Calyrex|atk|1\n|-unboost|p1a: Calyrex|spa|1\n|\n|t:|1768291641\n|switch|p2b: Ho-Oh|Ho-Oh, L50|100/100|[from] Parting Shot\n|\n|-heal|p1a: Calyrex|89/100 brn|[from] item: Leftovers\n|-damage|p1a: Calyrex|83/100 brn|[from] brn\n|upkeep\n|turn|18\n|\n|t:|1768291657\n|move|p2a: Eternatus|Dynamax Cannon|p1b: Incineroar\n|-damage|p1b: Incineroar|50/100\n|move|p2b: Ho-Oh|Sacred Fire|p1b: Incineroar\n|-resisted|p1b: Incineroar\n|-damage|p1b: Incineroar|35/100\n|move|p1b: Incineroar|Parting Shot|p2b: Ho-Oh\n|-unboost|p2b: Ho-Oh|atk|1\n|-unboost|p2b: Ho-Oh|spa|1\n|\n|t:|1768291663\n|switch|p1b: Amoonguss|Amoonguss, L50, F|100/100|[from] Parting Shot\n|-sideend|p1: fogdocker|move: Toxic Spikes|[of] p1b: Amoonguss\n|move|p1a: Calyrex|Leech Seed|p2a: Eternatus\n|-start|p2a: Eternatus|move: Leech Seed\n|\n|-heal|p1a: Calyrex|89/100 brn|[from] item: Leftovers\n|-damage|p2a: Eternatus|66/100|[from] Leech Seed|[of] p1a: Calyrex\n|-heal|p1a: Calyrex|100/100 brn|[silent]\n|-damage|p1a: Calyrex|95/100 brn|[from] brn\n|upkeep\n|turn|19\n|\n|t:|1768291675\n|switch|p2a: Incineroar|Incineroar, L50, F|54/100\n|-ability|p2a: Incineroar|Intimidate|boost\n|-unboost|p1a: Calyrex|atk|1\n|-unboost|p1b: Amoonguss|atk|1\n|move|p1b: Amoonguss|Protect|p1b: Amoonguss\n|-singleturn|p1b: Amoonguss|Protect\n|move|p2b: Ho-Oh|Sacred Fire|p1b: Amoonguss\n|-activate|p1b: Amoonguss|move: Protect\n|move|p1a: Calyrex|Trick Room|p1a: Calyrex\n|-fieldstart|move: Trick Room|[of] p1a: Calyrex\n|\n|-heal|p1a: Calyrex|100/100 brn|[from] item: Leftovers\n|-damage|p1a: Calyrex|95/100 brn|[from] brn\n|upkeep\n|turn|20\n|\n|t:|1768291689\n|switch|p1b: Incineroar|Incineroar, L50, M|35/100\n|-ability|p1b: Incineroar|Intimidate|boost\n|-unboost|p2a: Incineroar|atk|1\n|-unboost|p2b: Ho-Oh|atk|1\n|move|p1a: Calyrex|Leech Seed|p2b: Ho-Oh\n|-start|p2b: Ho-Oh|move: Leech Seed\n|move|p2a: Incineroar|Knock Off|p1a: Calyrex\n|-damage|p1a: Calyrex|79/100 brn\n|-enditem|p1a: Calyrex|Leftovers|[from] move: Knock Off|[of] p2a: Incineroar\n|move|p2b: Ho-Oh|Life Dew||[still]|[spread] p2a,p2b\n|-heal|p2a: Incineroar|80/100\n|-fail|p2b: Ho-Oh|heal\n|\n|-damage|p2b: Ho-Oh|88/100|[from] Leech Seed|[of] p1a: Calyrex\n|-heal|p1a: Calyrex|91/100 brn|[silent]\n|-damage|p1a: Calyrex|86/100 brn|[from] brn\n|upkeep\n|turn|21\n|inactive|fogdocker has 30 seconds left.\n|\n|t:|1768291717\n|switch|p2b: Eternatus|Eternatus, L50|66/100\n|-ability|p2b: Eternatus|Pressure\n|move|p1a: Calyrex|Leech Seed|p2a: Incineroar|[miss]\n|-miss|p1a: Calyrex|p2a: Incineroar\n|move|p2a: Incineroar|Parting Shot|p1b: Incineroar\n|-unboost|p1b: Incineroar|atk|1\n|-unboost|p1b: Incineroar|spa|1\n|\n|t:|1768291719\n|switch|p2a: Ho-Oh|Ho-Oh, L50|100/100|[from] Parting Shot\n|move|p1b: Incineroar|Parting Shot|p2b: Eternatus\n|-unboost|p2b: Eternatus|atk|1\n|-unboost|p2b: Eternatus|spa|1\n|\n|t:|1768291726\n|switch|p1b: Amoonguss|Amoonguss, L50, F|100/100|[from] Parting Shot\n|\n|-damage|p1a: Calyrex|80/100 brn|[from] brn\n|upkeep\n|turn|22\n|\n|t:|1768291737\n|move|p1b: Amoonguss|Spore|p2a: Ho-Oh\n|-status|p2a: Ho-Oh|slp|[from] move: Spore\n|move|p1a: Calyrex|Leech Seed|p2b: Eternatus\n|-start|p2b: Eternatus|move: Leech Seed\n|cant|p2a: Ho-Oh|slp\n|move|p2b: Eternatus|Toxic Spikes|p1a: Calyrex\n|-sidestart|p1: fogdocker|move: Toxic Spikes\n|\n|-damage|p2b: Eternatus|54/100|[from] Leech Seed|[of] p1a: Calyrex\n|-heal|p1a: Calyrex|94/100 brn|[silent]\n|-damage|p1a: Calyrex|88/100 brn|[from] brn\n|upkeep\n|turn|23\n|inactive|fogdocker has 30 seconds left.\n|\n|t:|1768291764\n|switch|p2a: Incineroar|Incineroar, L50, F|80/100\n|-ability|p2a: Incineroar|Intimidate|boost\n|-unboost|p1a: Calyrex|atk|1\n|-unboost|p1b: Amoonguss|atk|1\n|move|p2b: Eternatus|Protect|p2b: Eternatus\n|-singleturn|p2b: Eternatus|Protect\n|move|p1b: Amoonguss|Spore|p2b: Eternatus\n|-activate|p2b: Eternatus|move: Protect\n|move|p1a: Calyrex|Glacial Lance|p2a: Incineroar|[spread] p2a\n|-activate|p2b: Eternatus|move: Protect\n|-resisted|p2a: Incineroar\n|-damage|p2a: Incineroar|75/100\n|\n|-damage|p2b: Eternatus|42/100|[from] Leech Seed|[of] p1a: Calyrex\n|-heal|p1a: Calyrex|100/100 brn|[silent]\n|-damage|p1a: Calyrex|95/100 brn|[from] brn\n|-fieldend|move: Trick Room\n|upkeep\n|turn|24\n|\n|t:|1768291787\n|switch|p1a: Koraidon|Koraidon, L50|52/100\n|-status|p1a: Koraidon|psn\n|-weather|SunnyDay|[from] ability: Orichalcum Pulse|[of] p1a: Koraidon\n|-activate|p1a: Koraidon|Orichalcum Pulse|[source]\n|move|p2b: Eternatus|Recover|p2b: Eternatus\n|-heal|p2b: Eternatus|92/100\n|move|p2a: Incineroar|Parting Shot|p1b: Amoonguss\n|-unboost|p1b: Amoonguss|atk|1\n|-unboost|p1b: Amoonguss|spa|1\n|\n|t:|1768291790\n|switch|p2a: Ho-Oh|Ho-Oh, L50|100/100 slp|[from] Parting Shot\n|move|p1b: Amoonguss|Pollen Puff|p1a: Koraidon\n|-heal|p1a: Koraidon|100/100 psn\n|\n|-weather|SunnyDay|[upkeep]\n|-damage|p2b: Eternatus|80/100|[from] Leech Seed|[of] p1a: Koraidon\n|-damage|p1a: Koraidon|88/100 psn|[from] psn\n|upkeep\n|turn|25\n|\n|t:|1768291806\n|move|p1a: Koraidon|Close Combat|p2b: Eternatus\n|-resisted|p2b: Eternatus\n|-damage|p2b: Eternatus|37/100\n|-unboost|p1a: Koraidon|def|1\n|-unboost|p1a: Koraidon|spd|1\n|-damage|p1a: Koraidon|79/100 psn|[from] item: Life Orb\n|move|p2b: Eternatus|Dynamax Cannon|p1a: Koraidon\n|-supereffective|p1a: Koraidon\n|-damage|p1a: Koraidon|0 fnt\n|faint|p1a: Koraidon\n|cant|p2a: Ho-Oh|slp\n|move|p1b: Amoonguss|Spore|p2b: Eternatus\n|-status|p2b: Eternatus|slp|[from] move: Spore\n|\n|-weather|SunnyDay|[upkeep]\n|upkeep\n|inactive|fogdocker has 30 seconds left.\n|\n|t:|1768291816\n|switch|p1a: Calyrex|Calyrex-Ice, L50, tera:Water|95/100 brn\n|-ability|p1a: Calyrex|As One\n|-ability|p1a: Calyrex|Unnerve\n|turn|26\n|inactive|fogdocker has 30 seconds left this turn.\n|\n|t:|1768291824\n|switch|p2b: Incineroar|Incineroar, L50, F|75/100\n|-ability|p2b: Incineroar|Intimidate|boost\n|-unboost|p1a: Calyrex|atk|1\n|-unboost|p1b: Amoonguss|atk|1\n|-curestatus|p2a: Ho-Oh|slp|[msg]\n|move|p2a: Ho-Oh|Sacred Fire|p1b: Amoonguss\n|-supereffective|p1b: Amoonguss\n|-damage|p1b: Amoonguss|1/100\n|move|p1a: Calyrex|Glacial Lance|p2b: Incineroar|[spread] p2a,p2b\n|-resisted|p2b: Incineroar\n|-damage|p2a: Ho-Oh|90/100\n|-damage|p2b: Incineroar|69/100\n|move|p1b: Amoonguss|Spore|p2b: Incineroar\n|-status|p2b: Incineroar|slp|[from] move: Spore\n|\n|-weather|SunnyDay|[upkeep]\n|-damage|p1a: Calyrex|89/100 brn|[from] brn\n|upkeep\n|turn|27\n|inactive|fogdocker has 25 seconds left this turn.\n|inactive|fogdocker has 20 seconds left.\n|inactive|fogdocker has 15 seconds left.\n|\n|t:|1768291842\n|move|p1b: Amoonguss|Protect|p1b: Amoonguss\n|-singleturn|p1b: Amoonguss|Protect\n|move|p2a: Ho-Oh|Life Dew|p2a: Ho-Oh|[spread] p2a,p2b\n|-heal|p2a: Ho-Oh|100/100\n|-heal|p2b: Incineroar|94/100 slp\n|cant|p2b: Incineroar|slp\n|move|p1a: Calyrex|Trick Room|p1a: Calyrex\n|-fieldstart|move: Trick Room|[of] p1a: Calyrex\n|\n|-weather|SunnyDay|[upkeep]\n|-damage|p1a: Calyrex|83/100 brn|[from] brn\n|upkeep\n|turn|28\n|inactive|fogdocker has 15 seconds left this turn.\n|\n|t:|1768291849\n|move|p2a: Ho-Oh|Protect|p2a: Ho-Oh\n|-singleturn|p2a: Ho-Oh|Protect\n|move|p1b: Amoonguss|Spore|p2a: Ho-Oh\n|-activate|p2a: Ho-Oh|move: Protect\n|move|p1a: Calyrex|Glacial Lance|p2a: Ho-Oh|[spread] p2b\n|-activate|p2a: Ho-Oh|move: Protect\n|-resisted|p2b: Incineroar\n|-damage|p2b: Incineroar|87/100 slp\n|cant|p2b: Incineroar|slp\n|\n|-weather|none\n|-damage|p1a: Calyrex|77/100 brn|[from] brn\n|upkeep\n|turn|29\n|inactive|fogdocker has 15 seconds left this turn.\n|inactive|fogdocker has 10 seconds left.\n|\n|t:|1768291860\n|move|p1b: Amoonguss|Spore|p2a: Ho-Oh\n|-status|p2a: Ho-Oh|slp|[from] move: Spore\n|move|p1a: Calyrex|Glacial Lance|p2a: Ho-Oh|[spread] p2a,p2b\n|-resisted|p2b: Incineroar\n|-damage|p2a: Ho-Oh|90/100 slp\n|-damage|p2b: Incineroar|79/100 slp\n|-curestatus|p2b: Incineroar|slp|[msg]\n|move|p2b: Incineroar|Knock Off|p1b: Amoonguss\n|-damage|p1b: Amoonguss|0 fnt\n|faint|p1b: Amoonguss\n|cant|p2a: Ho-Oh|slp\n|\n|-damage|p1a: Calyrex|72/100 brn|[from] brn\n|upkeep\n|inactive|fogdocker has 10 seconds left this turn.\n|inactive|fogdocker has 5 seconds left.\n|-message|fogdocker lost due to inactivity.\n|\n|win|ToiletClogger456\n|raw|fogdocker's rating: 1318 &rarr; <strong>1301</strong><br />(-17 for losing)\n|raw|ToiletClogger456's rating: 1375 &rarr; <strong>1392</strong><br />(+17 for winning)\n|l|\u2606ToiletClogger456\n|player|p2|\n","uploadtime":1768292155,"views":13,"formatid":"gen9vgc2026regi","rating":1301,"private":0,"password":null}