{"id":"gen9vgc2026regi-2586751940","format":"[Gen 9] VGC 2026 Reg I","players":["darkrai (fr)","castiel123"],"log":"|j|\u2606darkrai (fr)\n|j|\u2606castiel123\n|t:|1776457090\n|gametype|doubles\n|player|p1|darkrai (fr)|rocketgrunt|1294\n|player|p2|castiel123|102|1254\n|gen|9\n|tier|[Gen 9] VGC 2026 Reg I\n|rated|\n|rule|Species Clause: Limit one of each Pok\u00e9mon\n|rule|Item Clause: Limit 1 of each item\n|clearpoke\n|poke|p1|Kyurem-White, L50|\n|poke|p1|Ninetales-Alola, L50, M|\n|poke|p1|Chi-Yu, L50|\n|poke|p1|Ho-Oh, L50|\n|poke|p1|Rillaboom, L50, M|\n|poke|p1|Urshifu-*, L50, M|\n|poke|p2|Zamazenta-*, L50|\n|poke|p2|Annihilape, L50, F|\n|poke|p2|Whimsicott, L50, M|\n|poke|p2|Flutter Mane, L50|\n|poke|p2|Amoonguss, L50, M|\n|poke|p2|Terapagos, L50, M|\n|teampreview|4\n|\n|t:|1776457132\n|teamsize|p1|4\n|teamsize|p2|4\n|start\n|switch|p1a: Chi-Yu|Chi-Yu, L50|100/100\n|switch|p1b: Kyurem|Kyurem-White, L50|100/100\n|switch|p2a: Flutter Mane|Flutter Mane, L50|100/100\n|switch|p2b: Annihilape|Annihilape, L50, F|100/100\n|-ability|p1a: Chi-Yu|Beads of Ruin\n|-ability|p1b: Kyurem|Turboblaze\n|-enditem|p2a: Flutter Mane|Booster Energy\n|-activate|p2a: Flutter Mane|ability: Protosynthesis|[fromitem]\n|-start|p2a: Flutter Mane|protosynthesisspe\n|turn|1\n|\n|t:|1776457165\n|-terastallize|p1b: Kyurem|Fairy\n|move|p2a: Flutter Mane|Icy Wind|p1b: Kyurem|[spread] p1a,p1b\n|-resisted|p1a: Chi-Yu\n|-damage|p1a: Chi-Yu|93/100\n|-damage|p1b: Kyurem|84/100\n|-unboost|p1a: Chi-Yu|spe|1\n|-unboost|p1b: Kyurem|spe|1\n|move|p2b: Annihilape|Final Gambit|p1a: Chi-Yu\n|-damage|p1a: Chi-Yu|0 fnt\n|faint|p2b: Annihilape\n|faint|p1a: Chi-Yu\n|move|p1b: Kyurem|Earth Power|p2a: Flutter Mane\n|-damage|p2a: Flutter Mane|41/100\n|-damage|p1b: Kyurem|74/100|[from] item: Life Orb\n|\n|upkeep\n|\n|t:|1776457183\n|switch|p1a: Ho-Oh|Ho-Oh, L50|100/100\n|switch|p2b: Zamazenta|Zamazenta-Crowned, L50|100/100\n|-ability|p2b: Zamazenta|Dauntless Shield|boost\n|-boost|p2b: Zamazenta|def|1\n|turn|2\n|\n|t:|1776457205\n|move|p2a: Flutter Mane|Icy Wind|p1a: Ho-Oh|[spread] p1a,p1b\n|-damage|p1a: Ho-Oh|92/100\n|-damage|p1b: Kyurem|61/100\n|-unboost|p1a: Ho-Oh|spe|1\n|-unboost|p1b: Kyurem|spe|1\n|move|p2b: Zamazenta|Behemoth Bash|p1b: Kyurem\n|-supereffective|p1b: Kyurem\n|-damage|p1b: Kyurem|0 fnt\n|faint|p1b: Kyurem\n|move|p1a: Ho-Oh|Sacred Fire|p2b: Zamazenta\n|-supereffective|p2b: Zamazenta\n|-damage|p2b: Zamazenta|63/100\n|-status|p2b: Zamazenta|brn\n|\n|-damage|p2b: Zamazenta|57/100 brn|[from] brn\n|upkeep\n|\n|t:|1776457221\n|switch|p1b: Urshifu|Urshifu-Rapid-Strike, L50, M|100/100\n|turn|3\n|\n|t:|1776457239\n|move|p1b: Urshifu|Detect|p1b: Urshifu\n|-singleturn|p1b: Urshifu|Protect\n|move|p2a: Flutter Mane|Moonblast|p1b: Urshifu\n|-activate|p1b: Urshifu|move: Protect\n|move|p2b: Zamazenta|Body Press|p1b: Urshifu\n|-activate|p1b: Urshifu|move: Protect\n|move|p1a: Ho-Oh|Tailwind|p1a: Ho-Oh\n|-sidestart|p1: darkrai (fr)|move: Tailwind\n|\n|-damage|p2b: Zamazenta|51/100 brn|[from] brn\n|upkeep\n|turn|4\n|\n|t:|1776457258\n|move|p2a: Flutter Mane|Moonblast|p1b: Urshifu\n|-supereffective|p1b: Urshifu\n|-enditem|p1b: Urshifu|Focus Sash\n|-damage|p1b: Urshifu|1/100\n|-unboost|p1b: Urshifu|spa|1\n|move|p1b: Urshifu|Surging Strikes|p2a: Flutter Mane\n|-crit|p2a: Flutter Mane\n|-damage|p2a: Flutter Mane|0 fnt\n|faint|p2a: Flutter Mane\n|-end|p2a: Flutter Mane|Protosynthesis|[silent]\n|-hitcount|p2: Flutter Mane|1\n|move|p1a: Ho-Oh|Sacred Fire|p2b: Zamazenta\n|-supereffective|p2b: Zamazenta\n|-damage|p2b: Zamazenta|15/100 brn\n|move|p2b: Zamazenta|Body Press|p1b: Urshifu\n|-damage|p1b: Urshifu|0 fnt\n|faint|p1b: Urshifu\n|\n|-damage|p2b: Zamazenta|9/100 brn|[from] brn\n|upkeep\n|\n|t:|1776457261\n|switch|p2a: Terapagos|Terapagos, L50, M|100/100\n|-activate|p2a: Terapagos|ability: Tera Shift\n|detailschange|p2a: Terapagos|Terapagos-Terastal, L50, M\n|-heal|p2a: Terapagos|100/100|[silent]\n|turn|5\n|\n|t:|1776457286\n|move|p1a: Ho-Oh|Protect|p1a: Ho-Oh\n|-singleturn|p1a: Ho-Oh|Protect\n|move|p2b: Zamazenta|Body Press|p1a: Ho-Oh\n|-activate|p1a: Ho-Oh|move: Protect\n|move|p2a: Terapagos|Calm Mind|p2a: Terapagos\n|-boost|p2a: Terapagos|spa|1\n|-boost|p2a: Terapagos|spd|1\n|\n|-damage|p2b: Zamazenta|3/100 brn|[from] brn\n|upkeep\n|turn|6\n|\n|t:|1776457302\n|move|p2b: Zamazenta|Body Press|p1a: Ho-Oh\n|-resisted|p1a: Ho-Oh\n|-crit|p1a: Ho-Oh\n|-damage|p1a: Ho-Oh|72/100\n|-damage|p2b: Zamazenta|0 fnt|[from] item: Rocky Helmet|[of] p1a: Ho-Oh\n|faint|p2b: Zamazenta\n|move|p1a: Ho-Oh|Brave Bird|p2a: Terapagos\n|-activate|p2a: Terapagos|ability: Tera Shell\n|-resisted|p2a: Terapagos\n|-damage|p2a: Terapagos|84/100\n|-damage|p1a: Ho-Oh|67/100|[from] Recoil\n|move|p2a: Terapagos|Tera Starstorm|p1a: Ho-Oh\n|-damage|p1a: Ho-Oh|29/100\n|\n|-heal|p2a: Terapagos|90/100|[from] item: Leftovers\n|-sideend|p1: darkrai (fr)|move: Tailwind\n|upkeep\n|turn|7\n|\n|t:|1776457327\n|move|p2a: Terapagos|Tera Starstorm|p1a: Ho-Oh\n|-damage|p1a: Ho-Oh|0 fnt\n|faint|p1a: Ho-Oh\n|\n|win|castiel123\n|raw|darkrai (fr)'s rating: 1294 &rarr; <strong>1266</strong><br />(-28 for losing)\n|raw|castiel123's rating: 1254 &rarr; <strong>1282</strong><br />(+28 for winning)\n|l|\u2606castiel123\n|player|p2|\n|c|\u2606darkrai (fr)|gg\n|l|\u2606darkrai (fr)\n|player|p1|\n","uploadtime":1776457529,"views":10,"formatid":"gen9vgc2026regi","rating":1266,"private":0,"password":null}