{"id":"gen9vgc2026regi-2516467528","format":"[Gen 9] VGC 2026 Reg I","players":["Orizor","dasabe\u76d6\u6b27\u5361\u4fa0"],"log":"|j|\u2606Orizor\n|j|\u2606dasabe\u76d6\u6b27\u5361\u4fa0\n|t:|1768145156\n|gametype|doubles\n|player|p1|Orizor|hilbert|1249\n|player|p2|dasabe\u76d6\u6b27\u5361\u4fa0|may-masters4|1325\n|gen|9\n|tier|[Gen 9] VGC 2026 Reg I\n|rated|\n|rule|Species Clause: Limit one of each Pok\u00e9mon\n|rule|Item Clause: Limit 1 of each item\n|clearpoke\n|poke|p1|Koraidon, L50|\n|poke|p1|Lunala, L50|\n|poke|p1|Incineroar, L50, F|\n|poke|p1|Ursaluna, L50, M|\n|poke|p1|Jumpluff, L50, F|\n|poke|p1|Ditto, L50|\n|poke|p2|Kyogre, L50|\n|poke|p2|Miraidon, L50|\n|poke|p2|Whimsicott, L50, F|\n|poke|p2|Iron Hands, L50|\n|poke|p2|Farigiraf, L50, F|\n|poke|p2|Urshifu-*, L50, M|\n|teampreview|4\n|inactive|Battle timer is ON: inactive players will automatically lose when time's up. (requested by Orizor)\n|\n|t:|1768145182\n|teamsize|p1|4\n|teamsize|p2|4\n|start\n|switch|p1a: Envy|Ditto, L50|100/100\n|switch|p1b: Pride|Lunala, L50|100/100\n|switch|p2a: \u94f6\u91d1\u5996\u86c7|Miraidon, L50, shiny|100/100\n|switch|p2b: \u5996\u820d\u7cbe\u62c9|Whimsicott, L50, F, shiny|100/100\n|-fieldstart|move: Electric Terrain|[from] ability: Hadron Engine|[of] p2a: \u94f6\u91d1\u5996\u86c7\n|-transform|p1a: Envy|p2b: \u5996\u820d\u7cbe\u62c9|[from] ability: Imposter\n|turn|1\n|j| wuminshi\n|\n|t:|1768145194\n|-terastallize|p1b: Pride|Fairy\n|move|p1a: Envy|Tailwind|p1a: Envy\n|-sidestart|p1: Orizor|move: Tailwind\n|move|p1b: Pride|Moonblast|p2a: \u94f6\u91d1\u5996\u86c7\n|-supereffective|p2a: \u94f6\u91d1\u5996\u86c7\n|-damage|p2a: \u94f6\u91d1\u5996\u86c7|3/100\n|-unboost|p2a: \u94f6\u91d1\u5996\u86c7|spa|1\n|move|p2b: \u5996\u820d\u7cbe\u62c9|Moonblast|p1b: Pride\n|-damage|p1b: Pride|87/100\n|move|p2a: \u94f6\u91d1\u5996\u86c7|Electro Drift|p1b: Pride\n|-damage|p1b: Pride|26/100\n|-damage|p2a: \u94f6\u91d1\u5996\u86c7|0 fnt|[from] item: Life Orb\n|faint|p2a: \u94f6\u91d1\u5996\u86c7\n|\n|-heal|p1b: Pride|32/100|[from] item: Leftovers\n|upkeep\n|\n|t:|1768145201\n|switch|p2a: \u624b\u94f6|Iron Hands, L50, shiny|100/100\n|-activate|p2a: \u624b\u94f6|ability: Quark Drive\n|-start|p2a: \u624b\u94f6|quarkdriveatk\n|turn|2\n|\n|t:|1768145222\n|move|p2b: \u5996\u820d\u7cbe\u62c9|Tailwind|p2b: \u5996\u820d\u7cbe\u62c9\n|-sidestart|p2: dasabe\u76d6\u6b27\u5361\u4fa0|move: Tailwind\n|move|p1a: Envy|Moonblast|p2a: \u624b\u94f6\n|-supereffective|p2a: \u624b\u94f6\n|-damage|p2a: \u624b\u94f6|63/100\n|move|p1b: Pride|Moonblast|p2a: \u624b\u94f6\n|-supereffective|p2a: \u624b\u94f6\n|-damage|p2a: \u624b\u94f6|10/100\n|-unboost|p2a: \u624b\u94f6|spa|1\n|move|p2a: \u624b\u94f6|Wild Charge|p1b: Pride\n|-damage|p1b: Pride|0 fnt\n|faint|p1b: Pride\n|-damage|p2a: \u624b\u94f6|3/100|[from] Recoil\n|\n|upkeep\n|\n|t:|1768145239\n|switch|p1b: Greed|Koraidon, L50|100/100\n|-weather|SunnyDay|[from] ability: Orichalcum Pulse|[of] p1b: Greed\n|-activate|p1b: Greed|Orichalcum Pulse|[source]\n|turn|3\n|\n|t:|1768145251\n|switch|p2b: \u6210\u90fd\u8001\u76d6|Kyogre, L50, shiny|100/100\n|-weather|RainDance|[from] ability: Drizzle|[of] p2b: \u6210\u90fd\u8001\u76d6\n|move|p1b: Greed|Protect|p1b: Greed\n|-singleturn|p1b: Greed|Protect\n|move|p1a: Envy|Moonblast|p2a: \u624b\u94f6\n|-supereffective|p2a: \u624b\u94f6\n|-damage|p2a: \u624b\u94f6|0 fnt\n|faint|p2a: \u624b\u94f6\n|-end|p2a: \u624b\u94f6|Quark Drive|[silent]\n|\n|-weather|RainDance|[upkeep]\n|upkeep\n|\n|t:|1768145256\n|switch|p2a: \u5996\u820d\u7cbe\u62c9|Whimsicott, L50, F, shiny|100/100\n|turn|4\n|inactive|Orizor has 30 seconds left.\n|inactive|Orizor has 20 seconds left.\n|\n|t:|1768145296\n|switch|p1a: Edward|Jumpluff, L50, F|100/100\n|-terastallize|p2b: \u6210\u90fd\u8001\u76d6|Water\n|move|p2a: \u5996\u820d\u7cbe\u62c9|Moonblast|p1a: Edward\n|-damage|p1a: Edward|64/100\n|move|p1b: Greed|Flare Blitz|p2a: \u5996\u820d\u7cbe\u62c9\n|-supereffective|p2a: \u5996\u820d\u7cbe\u62c9\n|-damage|p2a: \u5996\u820d\u7cbe\u62c9|3/100\n|-damage|p1b: Greed|79/100|[from] Recoil\n|-damage|p1b: Greed|69/100|[from] item: Life Orb\n|move|p2b: \u6210\u90fd\u8001\u76d6|Origin Pulse|p1b: Greed|[spread] p1a,p1b\n|-resisted|p1a: Edward\n|-resisted|p1b: Greed\n|-damage|p1a: Edward|0 fnt\n|-damage|p1b: Greed|0 fnt\n|faint|p1a: Edward\n|faint|p1b: Greed\n|\n|-weather|RainDance|[upkeep]\n|-sideend|p1: Orizor|move: Tailwind\n|upkeep\n|\n|t:|1768145311\n|switch|p1b: Envy|Ditto, L50|100/100\n|-transform|p1b: Envy|p2a: \u5996\u820d\u7cbe\u62c9|[from] ability: Imposter\n|turn|5\n|-message|Orizor forfeited.\n|\n|win|dasabe\u76d6\u6b27\u5361\u4fa0\n|raw|Orizor's rating: 1249 &rarr; <strong>1229</strong><br />(-20 for losing)\n|raw|dasabe\u76d6\u6b27\u5361\u4fa0's rating: 1325 &rarr; <strong>1341</strong><br />(+16 for winning)\n|l|\u2606Orizor\n|player|p1|\n|l|\u2606dasabe\u76d6\u6b27\u5361\u4fa0\n|player|p2|\n|l| wuminshi\n","uploadtime":1768145522,"views":15,"formatid":"gen9vgc2026regi","rating":1229,"private":0,"password":null}