{"id":"gen9vgc2026regi-2544890734","format":"[Gen 9] VGC 2026 Reg I","players":["Bef6","Schimmli"],"log":"|j|\u2606Bef6\n|j|\u2606Schimmli\n|t:|1771775864\n|gametype|doubles\n|player|p1|Bef6|102|1600\n|player|p2|Schimmli|170|1646\n|gen|9\n|tier|[Gen 9] VGC 2026 Reg I\n|rated|\n|rule|Species Clause: Limit one of each Pok\u00e9mon\n|rule|Item Clause: Limit 1 of each item\n|clearpoke\n|poke|p1|Ho-Oh, L50|\n|poke|p1|Koraidon, L50|\n|poke|p1|Flutter Mane, L50|\n|poke|p1|Incineroar, L50, M|\n|poke|p1|Raging Bolt, L50|\n|poke|p1|Rhydon, L50, M|\n|poke|p2|Terapagos, L50, M|\n|poke|p2|Calyrex-Shadow, L50|\n|poke|p2|Flutter Mane, L50|\n|poke|p2|Ogerpon-Cornerstone, L50, F|\n|poke|p2|Incineroar, L50, F|\n|poke|p2|Rillaboom, L50, F|\n|teampreview|4\n|\n|t:|1771775900\n|teamsize|p1|4\n|teamsize|p2|4\n|start\n|switch|p1a: Raging Bolt|Raging Bolt, L50|100/100\n|switch|p1b: Incineroar|Incineroar, L50, M|100/100\n|switch|p2a: Terapagos|Terapagos, L50, M|100/100\n|switch|p2b: Incineroar|Incineroar, L50, F, shiny|100/100\n|-activate|p2a: Terapagos|ability: Tera Shift\n|detailschange|p2a: Terapagos|Terapagos-Terastal, L50, M\n|-heal|p2a: Terapagos|100/100|[silent]\n|-ability|p1b: Incineroar|Intimidate|boost\n|-unboost|p2a: Terapagos|atk|1\n|-unboost|p2b: Incineroar|atk|1\n|-ability|p2b: Incineroar|Intimidate|boost\n|-unboost|p1a: Raging Bolt|atk|1\n|-unboost|p1b: Incineroar|atk|1\n|turn|1\n|\n|t:|1771775917\n|switch|p2a: Rillaboom|Rillaboom, L50, F|100/100\n|-fieldstart|move: Grassy Terrain|[from] ability: Grassy Surge|[of] p2a: Rillaboom\n|move|p1b: Incineroar|Fake Out|p2b: Incineroar\n|-damage|p2b: Incineroar|95/100\n|-damage|p1b: Incineroar|84/100|[from] item: Rocky Helmet|[of] p2b: Incineroar\n|move|p1a: Raging Bolt|Snarl|p2a: Rillaboom|[spread] p2a,p2b\n|-resisted|p2b: Incineroar\n|-crit|p2b: Incineroar\n|-damage|p2a: Rillaboom|93/100\n|-damage|p2b: Incineroar|86/100\n|-unboost|p2a: Rillaboom|spa|1\n|-unboost|p2b: Incineroar|spa|1\n|cant|p2b: Incineroar|flinch\n|\n|-heal|p2a: Rillaboom|99/100|[from] Grassy Terrain\n|-heal|p1b: Incineroar|90/100|[from] Grassy Terrain\n|-heal|p2b: Incineroar|92/100|[from] Grassy Terrain\n|upkeep\n|turn|2\n|\n|t:|1771775930\n|move|p2a: Rillaboom|Fake Out|p1b: Incineroar\n|-damage|p1b: Incineroar|80/100\n|move|p1a: Raging Bolt|Thunderbolt|p2b: Incineroar\n|-damage|p2b: Incineroar|51/100\n|cant|p1b: Incineroar|flinch\n|move|p2b: Incineroar|Knock Off|p1a: Raging Bolt\n|-damage|p1a: Raging Bolt|81/100\n|-enditem|p1a: Raging Bolt|Assault Vest|[from] move: Knock Off|[of] p2b: Incineroar\n|\n|-heal|p2a: Rillaboom|100/100|[from] Grassy Terrain\n|-heal|p1a: Raging Bolt|87/100|[from] Grassy Terrain\n|-heal|p1b: Incineroar|86/100|[from] Grassy Terrain\n|-heal|p2b: Incineroar|57/100|[from] Grassy Terrain\n|upkeep\n|turn|3\n|\n|t:|1771775948\n|move|p2a: Rillaboom|U-turn|p1a: Raging Bolt\n|-damage|p1a: Raging Bolt|68/100\n|\n|t:|1771775954\n|switch|p2a: Terapagos|Terapagos-Terastal, L50, M|100/100|[from] U-turn\n|move|p1a: Raging Bolt|Draco Meteor|p2b: Incineroar\n|-damage|p2b: Incineroar|2/100\n|-unboost|p1a: Raging Bolt|spa|2\n|move|p1b: Incineroar|Parting Shot|p2a: Terapagos\n|-unboost|p2a: Terapagos|atk|1\n|-unboost|p2a: Terapagos|spa|1\n|\n|t:|1771775963\n|switch|p1b: Ho-Oh|Ho-Oh, L50|100/100|[from] Parting Shot\n|move|p2b: Incineroar|Parting Shot|p1a: Raging Bolt\n|-unboost|p1a: Raging Bolt|atk|1\n|-unboost|p1a: Raging Bolt|spa|1\n|\n|t:|1771775976\n|switch|p2b: Calyrex|Calyrex-Shadow, L50|100/100|[from] Parting Shot\n|-ability|p2b: Calyrex|As One\n|-ability|p2b: Calyrex|Unnerve\n|\n|-heal|p1a: Raging Bolt|75/100|[from] Grassy Terrain\n|upkeep\n|turn|4\n|\n|t:|1771775993\n|move|p2b: Calyrex|Astral Barrage|p1b: Ho-Oh|[spread] p1a,p1b\n|-damage|p1a: Raging Bolt|33/100\n|-damage|p1b: Ho-Oh|69/100\n|move|p1b: Ho-Oh|Sacred Fire|p2b: Calyrex\n|-damage|p2b: Calyrex|38/100\n|-status|p2b: Calyrex|brn\n|move|p2a: Terapagos|Calm Mind|p2a: Terapagos\n|-boost|p2a: Terapagos|spa|1\n|-boost|p2a: Terapagos|spd|1\n|move|p1a: Raging Bolt|Snarl|p2b: Calyrex|[spread] p2a,p2b\n|-activate|p2a: Terapagos|ability: Tera Shell\n|-resisted|p2a: Terapagos\n|-supereffective|p2b: Calyrex\n|-damage|p2a: Terapagos|99/100\n|-damage|p2b: Calyrex|13/100 brn\n|-unboost|p2a: Terapagos|spa|1\n|-unboost|p2b: Calyrex|spa|1\n|\n|-heal|p2b: Calyrex|19/100 brn|[from] Grassy Terrain\n|-heal|p2a: Terapagos|100/100|[from] Grassy Terrain\n|-heal|p1a: Raging Bolt|39/100|[from] Grassy Terrain\n|-damage|p2b: Calyrex|13/100 brn|[from] brn\n|upkeep\n|turn|5\n|\n|t:|1771776025\n|switch|p2a: Rillaboom|Rillaboom, L50, F|100/100\n|-end|p1a: Raging Bolt|Protosynthesis|[silent]\n|switch|p1a: Incineroar|Incineroar, L50, M|86/100\n|-ability|p1a: Incineroar|Intimidate|boost\n|-unboost|p2a: Rillaboom|atk|1\n|-unboost|p2b: Calyrex|atk|1\n|move|p2b: Calyrex|Protect|p2b: Calyrex\n|-singleturn|p2b: Calyrex|Protect\n|move|p1b: Ho-Oh|Sacred Fire|p2b: Calyrex\n|-activate|p2b: Calyrex|move: Protect\n|\n|-heal|p2b: Calyrex|19/100 brn|[from] Grassy Terrain\n|-heal|p1a: Incineroar|92/100|[from] Grassy Terrain\n|-damage|p2b: Calyrex|13/100 brn|[from] brn\n|-fieldend|move: Grassy Terrain\n|upkeep\n|turn|6\n|\n|t:|1771776049\n|switch|p2b: Incineroar|Incineroar, L50, F, shiny|2/100\n|-ability|p2b: Incineroar|Intimidate|boost\n|-unboost|p1a: Incineroar|atk|1\n|-fail|p1b: Ho-Oh|unboost|[from] item: Clear Amulet|[of] p1b: Ho-Oh\n|move|p2a: Rillaboom|Fake Out|p1b: Ho-Oh\n|-damage|p1b: Ho-Oh|61/100\n|cant|p1b: Ho-Oh|flinch\n|move|p1a: Incineroar|Parting Shot|p2b: Incineroar\n|-unboost|p2b: Incineroar|atk|1\n|-unboost|p2b: Incineroar|spa|1\n|\n|t:|1771776062\n|switch|p1a: Koraidon|Koraidon, L50|100/100|[from] Parting Shot\n|-weather|SunnyDay|[from] ability: Orichalcum Pulse|[of] p1a: Koraidon\n|-activate|p1a: Koraidon|Orichalcum Pulse|[source]\n|\n|-weather|SunnyDay|[upkeep]\n|upkeep\n|turn|7\n|\n|t:|1771776076\n|move|p2b: Incineroar|Fake Out|p1a: Koraidon\n|-damage|p1a: Koraidon|94/100\n|cant|p1a: Koraidon|flinch\n|move|p1b: Ho-Oh|Sacred Fire|p2b: Incineroar|[miss]\n|-miss|p1b: Ho-Oh|p2b: Incineroar\n|move|p2a: Rillaboom|U-turn|p1b: Ho-Oh\n|-resisted|p1b: Ho-Oh\n|-damage|p1b: Ho-Oh|58/100\n|\n|t:|1771776085\n|switch|p2a: Terapagos|Terapagos-Terastal, L50, M|100/100|[from] U-turn\n|\n|-weather|SunnyDay|[upkeep]\n|upkeep\n|turn|8\n|\n|t:|1771776102\n|switch|p1a: Incineroar|Incineroar, L50, M|92/100\n|-ability|p1a: Incineroar|Intimidate|boost\n|-unboost|p2a: Terapagos|atk|1\n|-unboost|p2b: Incineroar|atk|1\n|move|p1b: Ho-Oh|Sacred Fire|p2b: Incineroar\n|-resisted|p2b: Incineroar\n|-damage|p2b: Incineroar|0 fnt\n|faint|p2b: Incineroar\n|move|p2a: Terapagos|Calm Mind|p2a: Terapagos\n|-boost|p2a: Terapagos|spa|1\n|-boost|p2a: Terapagos|spd|1\n|\n|-weather|SunnyDay|[upkeep]\n|upkeep\n|\n|t:|1771776117\n|switch|p2b: Rillaboom|Rillaboom, L50, F|100/100\n|-fieldstart|move: Grassy Terrain|[from] ability: Grassy Surge|[of] p2b: Rillaboom\n|turn|9\n|\n|t:|1771776130\n|-terastallize|p2a: Terapagos|Stellar\n|detailschange|p2a: Terapagos|Terapagos-Stellar, L50, M, tera:Stellar\n|-heal|p2a: Terapagos|100/100|[silent]\n|-ability|p2a: Terapagos|Teraform Zero\n|-weather|none\n|-fieldend|move: Grassy Terrain\n|move|p2b: Rillaboom|Fake Out|p1a: Incineroar\n|-damage|p1a: Incineroar|81/100\n|cant|p1a: Incineroar|flinch\n|move|p1b: Ho-Oh|Sacred Fire|p2b: Rillaboom\n|-supereffective|p2b: Rillaboom\n|-damage|p2b: Rillaboom|0 fnt\n|faint|p2b: Rillaboom\n|move|p2a: Terapagos|Earth Power|p1a: Incineroar\n|-supereffective|p1a: Incineroar\n|-damage|p1a: Incineroar|0 fnt\n|faint|p1a: Incineroar\n|\n|upkeep\n|\n|t:|1771776146\n|switch|p2b: Calyrex|Calyrex-Shadow, L50|13/100 brn\n|switch|p1a: Koraidon|Koraidon, L50|94/100\n|-ability|p2b: Calyrex|As One\n|-ability|p2b: Calyrex|Unnerve\n|-weather|SunnyDay|[from] ability: Orichalcum Pulse|[of] p1a: Koraidon\n|-activate|p1a: Koraidon|Orichalcum Pulse|[source]\n|turn|10\n|\n|t:|1771776157\n|-terastallize|p1a: Koraidon|Fire\n|move|p2b: Calyrex|Will-O-Wisp|p1a: Koraidon\n|-immune|p1a: Koraidon\n|move|p1a: Koraidon|Close Combat|p2a: Terapagos\n|-supereffective|p2a: Terapagos\n|-damage|p2a: Terapagos|0 fnt\n|-unboost|p1a: Koraidon|def|1\n|-unboost|p1a: Koraidon|spd|1\n|faint|p2a: Terapagos\n|detailschange|p2: Terapagos|Terapagos, L50, M|[silent]\n|-damage|p1a: Koraidon|84/100|[from] item: Life Orb\n|move|p1b: Ho-Oh|Brave Bird|p2b: Calyrex\n|-damage|p2b: Calyrex|0 fnt\n|faint|p2b: Calyrex\n|-damage|p1b: Ho-Oh|55/100|[from] Recoil\n|\n|win|Bef6\n|raw|Bef6's rating: 1600 &rarr; <strong>1623</strong><br />(+23 for winning)\n|raw|Schimmli's rating: 1646 &rarr; <strong>1623</strong><br />(-23 for losing)\n|l|\u2606Schimmli\n|player|p2|\n|l|\u2606Bef6\n|player|p1|\n","uploadtime":1771776397,"views":312,"formatid":"gen9vgc2026regi","rating":1623,"private":0,"password":null}