{"id":"gen9vgc2026regi-2526791098","format":"[Gen 9] VGC 2026 Reg I","players":["ArisHazard","JOJOJEJEJA"],"log":"|j|\u2606ArisHazard\n|j|\u2606JOJOJEJEJA\n|t:|1769457775\n|gametype|doubles\n|player|p1|ArisHazard|265|1317\n|player|p2|JOJOJEJEJA|266|1340\n|gen|9\n|tier|[Gen 9] VGC 2026 Reg I\n|rated|\n|rule|Species Clause: Limit one of each Pok\u00e9mon\n|rule|Item Clause: Limit 1 of each item\n|clearpoke\n|poke|p1|Smeargle, L50, M|\n|poke|p1|Muk-Alola, L50, M|\n|poke|p1|Raging Bolt, L50|\n|poke|p1|Terapagos, L50, M|\n|poke|p1|Ho-Oh, L50|\n|poke|p1|Sableye, L50, F|\n|poke|p2|Dondozo, L50, F|\n|poke|p2|Tatsugiri, L50, F|\n|poke|p2|Calyrex-Shadow, L50|\n|poke|p2|Kyogre, L50|\n|poke|p2|Rillaboom, L50, M|\n|poke|p2|Raichu, L50, M|\n|teampreview|4\n|inactive|Battle timer is ON: inactive players will automatically lose when time's up. (requested by JOJOJEJEJA)\n|\n|t:|1769457821\n|teamsize|p1|4\n|teamsize|p2|4\n|start\n|switch|p1a: Smeargle|Smeargle, L50, M|100/100\n|switch|p1b: Muk|Muk-Alola, L50, M|100/100\n|switch|p2a: Dondozo|Dondozo, L50, F|100/100\n|switch|p2b: Kyogre|Kyogre, L50|100/100\n|-weather|RainDance|[from] ability: Drizzle|[of] p2b: Kyogre\n|turn|1\n|\n|t:|1769457837\n|move|p1a: Smeargle|Fake Out|p2b: Kyogre\n|-damage|p2b: Kyogre|95/100\n|cant|p2b: Kyogre|flinch\n|move|p1b: Muk|Toxic|p2a: Dondozo\n|-status|p2a: Dondozo|tox\n|move|p2a: Dondozo|Yawn|p1a: Smeargle\n|-start|p1a: Smeargle|move: Yawn|[of] p2a: Dondozo\n|\n|-weather|RainDance|[upkeep]\n|-damage|p2a: Dondozo|94/100 tox|[from] psn\n|-ability|p1a: Smeargle|Moody|boost\n|-boost|p1a: Smeargle|def|2\n|-unboost|p1a: Smeargle|spa|1\n|upkeep\n|turn|2\n|\n|t:|1769457857\n|-terastallize|p2b: Kyogre|Water\n|move|p1b: Muk|Protect|p1b: Muk\n|-singleturn|p1b: Muk|Protect\n|move|p2b: Kyogre|Water Spout|p1b: Muk|[spread] p1a\n|-activate|p1b: Muk|move: Protect\n|-enditem|p1a: Smeargle|Focus Sash\n|-damage|p1a: Smeargle|1/100\n|move|p1a: Smeargle|Spore|p2b: Kyogre\n|-status|p2b: Kyogre|slp|[from] move: Spore\n|move|p2a: Dondozo|Yawn|p1b: Muk\n|-activate|p1b: Muk|move: Protect\n|\n|-weather|RainDance|[upkeep]\n|-heal|p2a: Dondozo|100/100 tox|[from] item: Leftovers\n|-damage|p2a: Dondozo|88/100 tox|[from] psn\n|-end|p1a: Smeargle|move: Yawn|[silent]\n|-status|p1a: Smeargle|slp\n|-ability|p1a: Smeargle|Moody|boost\n|-boost|p1a: Smeargle|def|2\n|-unboost|p1a: Smeargle|spa|1\n|upkeep\n|turn|3\n|\n|t:|1769457881\n|switch|p2b: Tatsugiri|Tatsugiri, L50, F|100/100\n|-activate|p2b: Tatsugiri|ability: Commander|[of] p2a: Dondozo\n|-boost|p2a: Dondozo|atk|2\n|-boost|p2a: Dondozo|spa|2\n|-boost|p2a: Dondozo|spe|2\n|-boost|p2a: Dondozo|def|2\n|-boost|p2a: Dondozo|spd|2\n|switch|p1a: Terapagos|Terapagos, L50, M|100/100\n|-activate|p1a: Terapagos|ability: Tera Shift\n|detailschange|p1a: Terapagos|Terapagos-Terastal, L50, M\n|-heal|p1a: Terapagos|100/100|[silent]\n|move|p2a: Dondozo|Surf|p1a: Terapagos|[spread] p1a,p1b\n|-miss|p2a: Dondozo|p2b: Tatsugiri\n|-activate|p1a: Terapagos|ability: Tera Shell\n|-resisted|p1a: Terapagos\n|-damage|p1a: Terapagos|71/100\n|-damage|p1b: Muk|34/100\n|move|p1b: Muk|Minimize|p1b: Muk\n|-boost|p1b: Muk|evasion|2\n|\n|-weather|RainDance|[upkeep]\n|-heal|p2a: Dondozo|94/100 tox|[from] item: Leftovers\n|-heal|p1b: Muk|40/100|[from] item: Leftovers\n|-damage|p2a: Dondozo|76/100 tox|[from] psn\n|upkeep\n|turn|4\n|inactive|ArisHazard has 30 seconds left.\n|\n|t:|1769457910\n|move|p1b: Muk|Protect|p1b: Muk\n|-singleturn|p1b: Muk|Protect\n|move|p2a: Dondozo|Surf|p1b: Muk|[spread] p1a\n|-miss|p2a: Dondozo|p2b: Tatsugiri\n|-activate|p1b: Muk|move: Protect\n|-damage|p1a: Terapagos|8/100\n|move|p1a: Terapagos|Tera Starstorm|p2a: Dondozo\n|-crit|p2a: Dondozo\n|-damage|p2a: Dondozo|0 fnt\n|faint|p2a: Dondozo\n|\n|-weather|RainDance|[upkeep]\n|-heal|p1b: Muk|46/100|[from] item: Leftovers\n|upkeep\n|\n|t:|1769457922\n|switch|p2a: Calyrex|Calyrex-Shadow, L50|100/100\n|-ability|p2a: Calyrex|As One\n|-ability|p2a: Calyrex|Unnerve\n|turn|5\n|\n|t:|1769457936\n|switch|p1a: Sableye|Sableye, L50, F|100/100\n|move|p2a: Calyrex|Draining Kiss|p1b: Muk\n|-damage|p1b: Muk|19/100\n|move|p2b: Tatsugiri|Dragon Pulse|p1b: Muk|[miss]\n|-miss|p2b: Tatsugiri|p1b: Muk\n|move|p1b: Muk|Knock Off|p2a: Calyrex\n|-supereffective|p2a: Calyrex\n|-damage|p2a: Calyrex|0 fnt\n|-enditem|p2a: Calyrex|Choice Specs|[from] move: Knock Off|[of] p1b: Muk\n|faint|p2a: Calyrex\n|\n|-weather|none\n|-heal|p1b: Muk|25/100|[from] item: Leftovers\n|upkeep\n|\n|t:|1769457948\n|switch|p2a: Kyogre|Kyogre, L50, tera:Water|95/100 slp\n|-weather|RainDance|[from] ability: Drizzle|[of] p2a: Kyogre\n|turn|6\n|\n|t:|1769457962\n|move|p1a: Sableye|Disable|p2b: Tatsugiri\n|-start|p2b: Tatsugiri|Disable|Dragon Pulse\n|cant|p2a: Kyogre|slp\n|cant|p2b: Tatsugiri|Disable|Dragon Pulse\n|move|p1b: Muk|Knock Off|p2a: Kyogre\n|-damage|p2a: Kyogre|60/100 slp\n|-enditem|p2a: Kyogre|Choice Scarf|[from] move: Knock Off|[of] p1b: Muk\n|\n|-weather|RainDance|[upkeep]\n|-heal|p1b: Muk|31/100|[from] item: Leftovers\n|upkeep\n|turn|7\n|-message|JOJOJEJEJA forfeited.\n|\n|win|ArisHazard\n|raw|ArisHazard's rating: 1317 &rarr; <strong>1338</strong><br />(+21 for winning)\n|raw|JOJOJEJEJA's rating: 1340 &rarr; <strong>1319</strong><br />(-21 for losing)\n|l|\u2606JOJOJEJEJA\n|player|p2|\n|l|\u2606ArisHazard\n|player|p1|\n","uploadtime":1769458213,"views":11,"formatid":"gen9vgc2026regi","rating":1319,"private":0,"password":null}