{"id":"gen9vgc2026regi-2545045198","format":"[Gen 9] VGC 2026 Reg I","players":["EllenJoe2026","ethnol1816"],"log":"|j|\u2606EllenJoe2026\n|j|\u2606ethnol1816\n|t:|1771793511\n|gametype|doubles\n|player|p1|EllenJoe2026|iono|1438\n|player|p2|ethnol1816|boarder|1411\n|gen|9\n|tier|[Gen 9] VGC 2026 Reg I\n|rated|\n|rule|Species Clause: Limit one of each Pok\u00e9mon\n|rule|Item Clause: Limit 1 of each item\n|clearpoke\n|poke|p1|Calyrex-Shadow, L50|\n|poke|p1|Zamazenta-*, L50|\n|poke|p1|Incineroar, L50, F|\n|poke|p1|Rillaboom, L50, M|\n|poke|p1|Ogerpon-Cornerstone, L50, F|\n|poke|p1|Tornadus, L50, M|\n|poke|p2|Calyrex-Shadow, L50|\n|poke|p2|Koraidon, L50|\n|poke|p2|Raging Bolt, L50|\n|poke|p2|Indeedee-F, L50, F|\n|poke|p2|Incineroar, L50, M|\n|poke|p2|Brute Bonnet, L50|\n|teampreview|4\n|inactive|Battle timer is ON: inactive players will automatically lose when time's up. (requested by ethnol1816)\n|inactive|EllenJoe2026 also wants the timer to be on.\n|\n|t:|1771793538\n|teamsize|p1|4\n|teamsize|p2|4\n|start\n|switch|p1a: Calyrex|Calyrex-Shadow, L50|100/100\n|switch|p1b: Ogerpon|Ogerpon-Cornerstone, L50, F|100/100\n|switch|p2a: Ebony|Incineroar, L50, M, shiny|100/100\n|switch|p2b: Management|Brute Bonnet, L50, shiny|100/100\n|-ability|p1a: Calyrex|As One\n|-ability|p1a: Calyrex|Unnerve\n|-ability|p2a: Ebony|Intimidate|boost\n|-unboost|p1a: Calyrex|atk|1\n|-unboost|p1b: Ogerpon|atk|1\n|turn|1\n|\n|t:|1771793553\n|switch|p2a: demi|Calyrex-Shadow, L50|100/100\n|-ability|p2a: demi|As One\n|-ability|p2a: demi|Unnerve\n|move|p1a: Calyrex|Protect|p1a: Calyrex\n|-singleturn|p1a: Calyrex|Protect\n|move|p1b: Ogerpon|Ivy Cudgel|p2a: demi|[anim] Ivy Cudgel Rock\n|-damage|p2a: demi|52/100\n|move|p2b: Management|Spore|p1a: Calyrex\n|-activate|p1a: Calyrex|move: Protect\n|\n|upkeep\n|turn|2\n|inactive|EllenJoe2026 has 30 seconds left.\n|inactive|EllenJoe2026 has 20 seconds left.\n|\n|t:|1771793590\n|-terastallize|p1a: Calyrex|Dark\n|move|p2a: demi|Protect|p2a: demi\n|-singleturn|p2a: demi|Protect\n|move|p1a: Calyrex|Nasty Plot|p1a: Calyrex\n|-boost|p1a: Calyrex|spa|2\n|move|p1b: Ogerpon|Ivy Cudgel|p2a: demi|[anim] Ivy Cudgel Rock\n|-activate|p2a: demi|move: Protect\n|move|p2b: Management|Seed Bomb|p1b: Ogerpon\n|-damage|p1b: Ogerpon|55/100\n|\n|upkeep\n|turn|3\n|inactive|EllenJoe2026 has 30 seconds left.\n|\n|t:|1771793623\n|move|p1b: Ogerpon|Follow Me|p1b: Ogerpon\n|-singleturn|p1b: Ogerpon|move: Follow Me\n|move|p2a: demi|Astral Barrage|p1b: Ogerpon|[spread] p1a,p1b\n|-resisted|p1a: Calyrex\n|-damage|p1a: Calyrex|72/100\n|-damage|p1b: Ogerpon|0 fnt\n|faint|p1b: Ogerpon\n|-ability|p2a: demi|Grim Neigh|boost\n|-boost|p2a: demi|spa|1\n|move|p1a: Calyrex|Astral Barrage|p2b: Management|[spread] p2a,p2b\n|-supereffective|p2a: demi\n|-resisted|p2b: Management\n|-damage|p2a: demi|0 fnt\n|-damage|p2b: Management|41/100\n|faint|p2a: demi\n|-ability|p1a: Calyrex|Grim Neigh|boost\n|-boost|p1a: Calyrex|spa|1\n|move|p2b: Management|Spore|p1a: Calyrex\n|-status|p1a: Calyrex|slp|[from] move: Spore\n|\n|upkeep\n|\n|t:|1771793636\n|switch|p2a: Ross|Koraidon, L50|100/100\n|switch|p1b: Zamazenta|Zamazenta-Crowned, L50|100/100\n|-weather|SunnyDay|[from] ability: Orichalcum Pulse|[of] p2a: Ross\n|-activate|p2b: Management|ability: Protosynthesis\n|-start|p2b: Management|protosynthesisdef\n|-activate|p2a: Ross|Orichalcum Pulse|[source]\n|-ability|p1b: Zamazenta|Dauntless Shield|boost\n|-boost|p1b: Zamazenta|def|1\n|turn|4\n|\n|t:|1771793659\n|-terastallize|p2a: Ross|Fire\n|cant|p1a: Calyrex|slp\n|move|p2a: Ross|Flare Blitz|p1b: Zamazenta\n|-supereffective|p1b: Zamazenta\n|-damage|p1b: Zamazenta|12/100\n|-damage|p2a: Ross|71/100|[from] Recoil\n|move|p1b: Zamazenta|Body Press|p2a: Ross\n|-damage|p2a: Ross|12/100\n|move|p2b: Management|Seed Bomb|p1a: Calyrex\n|-damage|p1a: Calyrex|32/100 slp\n|\n|-weather|SunnyDay|[upkeep]\n|upkeep\n|turn|5\n|\n|t:|1771793671\n|move|p1b: Zamazenta|Protect|p1b: Zamazenta\n|-singleturn|p1b: Zamazenta|Protect\n|move|p2b: Management|Sucker Punch||[still]\n|-fail|p2b: Management\n|cant|p1a: Calyrex|slp\n|move|p2a: Ross|Flame Charge|p1a: Calyrex\n|-damage|p1a: Calyrex|0 fnt\n|-boost|p2a: Ross|spe|1\n|faint|p1a: Calyrex\n|\n|-weather|SunnyDay|[upkeep]\n|upkeep\n|\n|t:|1771793678\n|switch|p1a: Tornadus|Tornadus, L50, M|100/100\n|turn|6\n|\n|t:|1771793690\n|move|p1a: Tornadus|Tailwind|p1a: Tornadus\n|-sidestart|p1: EllenJoe2026|move: Tailwind\n|move|p2b: Management|Sucker Punch|p1b: Zamazenta\n|-resisted|p1b: Zamazenta\n|-damage|p1b: Zamazenta|8/100\n|move|p1b: Zamazenta|Body Press|p2b: Management\n|-supereffective|p2b: Management\n|-damage|p2b: Management|0 fnt\n|faint|p2b: Management\n|-end|p2b: Management|Protosynthesis|[silent]\n|move|p2a: Ross|Flame Charge|p1b: Zamazenta\n|-supereffective|p1b: Zamazenta\n|-damage|p1b: Zamazenta|0 fnt\n|-boost|p2a: Ross|spe|1\n|faint|p1b: Zamazenta\n|\n|-weather|SunnyDay|[upkeep]\n|upkeep\n|\n|t:|1771793694\n|switch|p2b: Ebony|Incineroar, L50, M, shiny|100/100\n|-ability|p2b: Ebony|Intimidate|boost\n|-unboost|p1a: Tornadus|atk|1\n|turn|7\n|-message|EllenJoe2026 forfeited.\n|\n|win|ethnol1816\n|raw|EllenJoe2026's rating: 1438 &rarr; <strong>1416</strong><br />(-22 for losing)\n|raw|ethnol1816's rating: 1411 &rarr; <strong>1433</strong><br />(+22 for winning)\n|l|\u2606EllenJoe2026\n|player|p1|\n","uploadtime":1771793702,"views":20,"formatid":"gen9vgc2026regi","rating":1416,"private":0,"password":null}