{"id":"gen9vgc2026regi-2567669619","format":"[Gen 9] VGC 2026 Reg I","players":["vin_bird2003","soahmed"],"log":"|j|\u2606vin_bird2003\n|j|\u2606soahmed\n|t:|1774501143\n|gametype|doubles\n|player|p1|vin_bird2003|skyla|1292\n|player|p2|soahmed|backersf|1330\n|gen|9\n|tier|[Gen 9] VGC 2026 Reg I\n|rated|\n|rule|Species Clause: Limit one of each Pok\u00e9mon\n|rule|Item Clause: Limit 1 of each item\n|clearpoke\n|poke|p1|Miraidon, L50|\n|poke|p1|Calyrex-Ice, L50|\n|poke|p1|Politoed, L50, F|\n|poke|p1|Incineroar, L50, M|\n|poke|p1|Tornadus, L50, M|\n|poke|p1|Farigiraf, L50, F|\n|poke|p2|Calyrex-Shadow, L50|\n|poke|p2|Zamazenta-*, L50|\n|poke|p2|Chien-Pao, L50|\n|poke|p2|Dragonite, L50, F|\n|poke|p2|Amoonguss, L50, F|\n|poke|p2|Ogerpon-Cornerstone, L50, F|\n|teampreview|4\n|inactive|Battle timer is ON: inactive players will automatically lose when time's up. (requested by vin_bird2003)\n|inactive|vin_bird2003 has 60 seconds left.\n|inactive|soahmed has 60 seconds left.\n|\n|t:|1774501186\n|teamsize|p1|4\n|teamsize|p2|4\n|start\n|switch|p1a: Incineroar|Incineroar, L50, M|100/100\n|switch|p1b: Calyrex|Calyrex-Ice, L50|100/100\n|switch|p2a: Calyrex|Calyrex-Shadow, L50|100/100\n|switch|p2b: Zamazenta|Zamazenta-Crowned, L50|100/100\n|-ability|p2a: Calyrex|As One\n|-ability|p2a: Calyrex|Unnerve\n|-ability|p1b: Calyrex|As One\n|-ability|p1b: Calyrex|Unnerve\n|-ability|p2b: Zamazenta|Dauntless Shield|boost\n|-boost|p2b: Zamazenta|def|1\n|-ability|p1a: Incineroar|Intimidate|boost\n|-unboost|p2a: Calyrex|atk|1\n|-unboost|p2b: Zamazenta|atk|1\n|turn|1\n|inactive|vin_bird2003 has 30 seconds left.\n|inactive|soahmed has 30 seconds left.\n|inactive|vin_bird2003 has 20 seconds left.\n|inactive|vin_bird2003 has 15 seconds left.\n|\n|t:|1774501228\n|-terastallize|p1b: Calyrex|Water\n|move|p2a: Calyrex|Astral Barrage|p1b: Calyrex|[spread] p1a,p1b\n|-resisted|p1a: Incineroar\n|-damage|p1a: Incineroar|88/100\n|-damage|p1b: Calyrex|63/100\n|move|p2b: Zamazenta|Body Press|p1a: Incineroar\n|-supereffective|p1a: Incineroar\n|-damage|p1a: Incineroar|0 fnt\n|faint|p1a: Incineroar\n|move|p1b: Calyrex|Trick Room|p1b: Calyrex\n|-fieldstart|move: Trick Room|[of] p1b: Calyrex\n|\n|upkeep\n|\n|t:|1774501240\n|switch|p1a: Politoed|Politoed, L50, F|100/100\n|-weather|RainDance|[from] ability: Drizzle|[of] p1a: Politoed\n|turn|2\n|\n|t:|1774501264\n|move|p2b: Zamazenta|Protect|p2b: Zamazenta\n|-singleturn|p2b: Zamazenta|Protect\n|move|p2a: Calyrex|Protect|p2a: Calyrex\n|-singleturn|p2a: Calyrex|Protect\n|move|p1b: Calyrex|High Horsepower|p2b: Zamazenta\n|-activate|p2b: Zamazenta|move: Protect\n|move|p1a: Politoed|Weather Ball|p2b: Zamazenta\n|-activate|p2b: Zamazenta|move: Protect\n|\n|-weather|RainDance|[upkeep]\n|upkeep\n|turn|3\n|inactive|soahmed has 30 seconds left.\n|\n|t:|1774501290\n|switch|p2a: Chien-Pao|Chien-Pao, L50|100/100\n|-ability|p2a: Chien-Pao|Sword of Ruin\n|-terastallize|p2b: Zamazenta|Dragon\n|move|p1b: Calyrex|High Horsepower|p2a: Chien-Pao\n|-damage|p2a: Chien-Pao|48/100\n|move|p1a: Politoed|Weather Ball|p2a: Chien-Pao\n|-damage|p2a: Chien-Pao|0 fnt\n|faint|p2a: Chien-Pao\n|-damage|p1a: Politoed|91/100|[from] item: Life Orb\n|move|p2b: Zamazenta|Body Press|p1a: Politoed\n|-damage|p1a: Politoed|17/100\n|\n|-weather|RainDance|[upkeep]\n|upkeep\n|\n|t:|1774501315\n|switch|p2a: Calyrex|Calyrex-Shadow, L50|100/100\n|-ability|p2a: Calyrex|As One\n|-ability|p2a: Calyrex|Unnerve\n|turn|4\n|inactive|soahmed has 30 seconds left.\n|\n|t:|1774501341\n|move|p2b: Zamazenta|Protect|p2b: Zamazenta\n|-singleturn|p2b: Zamazenta|Protect\n|move|p2a: Calyrex|Protect|p2a: Calyrex\n|-singleturn|p2a: Calyrex|Protect\n|move|p1b: Calyrex|Glacial Lance|p2b: Zamazenta|[spread] \n|-activate|p2a: Calyrex|move: Protect\n|-activate|p2b: Zamazenta|move: Protect\n|move|p1a: Politoed|Weather Ball|p2a: Calyrex\n|-activate|p2a: Calyrex|move: Protect\n|\n|-weather|RainDance|[upkeep]\n|upkeep\n|turn|5\n|inactive|vin_bird2003 has 30 seconds left.\n|inactive|vin_bird2003 has 20 seconds left.\n|\n|t:|1774501378\n|move|p2b: Zamazenta|Wide Guard|p2b: Zamazenta\n|-singleturn|p2b: Zamazenta|Wide Guard\n|move|p1b: Calyrex|Glacial Lance|p2b: Zamazenta|[spread] \n|-activate|p2a: Calyrex|move: Wide Guard\n|-activate|p2b: Zamazenta|move: Wide Guard\n|move|p1a: Politoed|Weather Ball|p2a: Calyrex\n|-damage|p2a: Calyrex|16/100\n|-damage|p1a: Politoed|8/100|[from] item: Life Orb\n|move|p2a: Calyrex|Astral Barrage|p1a: Politoed|[spread] p1a,p1b\n|-damage|p1a: Politoed|0 fnt\n|-damage|p1b: Calyrex|23/100\n|faint|p1a: Politoed\n|-ability|p2a: Calyrex|Grim Neigh|boost\n|-boost|p2a: Calyrex|spa|1\n|\n|-weather|RainDance|[upkeep]\n|-fieldend|move: Trick Room\n|upkeep\n|\n|t:|1774501394\n|switch|p1a: Farigiraf|Farigiraf, L50, F|100/100\n|turn|6\n|inactive|soahmed has 30 seconds left.\n|\n|t:|1774501427\n|move|p1b: Calyrex|Protect|p1b: Calyrex\n|-singleturn|p1b: Calyrex|Protect\n|move|p2a: Calyrex|Psychic|p1a: Farigiraf\n|-resisted|p1a: Farigiraf\n|-damage|p1a: Farigiraf|71/100\n|move|p2b: Zamazenta|Body Press|p1a: Farigiraf\n|-damage|p1a: Farigiraf|12/100\n|move|p1a: Farigiraf|Trick Room|p1a: Farigiraf\n|-fieldstart|move: Trick Room|[of] p1a: Farigiraf\n|\n|-weather|none\n|upkeep\n|turn|7\n|inactive|vin_bird2003 has 30 seconds left.\n|inactive|vin_bird2003 has 20 seconds left.\n|inactive|vin_bird2003 has 15 seconds left.\n|-message|vin_bird2003 forfeited.\n|\n|win|soahmed\n|raw|vin_bird2003's rating: 1292 &rarr; <strong>1270</strong><br />(-22 for losing)\n|raw|soahmed's rating: 1330 &rarr; <strong>1348</strong><br />(+18 for winning)\n|l|\u2606vin_bird2003\n|player|p1|\n|l|\u2606soahmed\n|player|p2|\n","uploadtime":1774501675,"views":13,"formatid":"gen9vgc2026regi","rating":1270,"private":0,"password":null}