{"id":"gen9vgc2026regi-2568711148","format":"[Gen 9] VGC 2026 Reg I","players":["violentapex","D4RKEVA"],"log":"|j|\u2606violentapex\n|j|\u2606D4RKEVA\n|t:|1774616432\n|gametype|doubles\n|player|p1|violentapex|steven|1344\n|player|p2|D4RKEVA|169|1378\n|gen|9\n|tier|[Gen 9] VGC 2026 Reg I\n|rated|\n|rule|Species Clause: Limit one of each Pok\u00e9mon\n|rule|Item Clause: Limit 1 of each item\n|clearpoke\n|poke|p1|Kyogre, L50|\n|poke|p1|Whimsicott, L50, M|\n|poke|p1|Zamazenta-*, L50|\n|poke|p1|Urshifu-*, L50, M|\n|poke|p1|Comfey, L50, M|\n|poke|p2|Lunala, L50|\n|poke|p2|Koraidon, L50|\n|poke|p2|Flutter Mane, L50|\n|poke|p2|Brute Bonnet, L50|\n|poke|p2|Chi-Yu, L50|\n|poke|p2|Ursaluna, L50, F|\n|teampreview|4\n|inactive|Battle timer is ON: inactive players will automatically lose when time's up. (requested by violentapex)\n|inactive|D4RKEVA also wants the timer to be on.\nD4RKEVA rejected open team sheets.\n|\n|t:|1774616445\n|teamsize|p1|4\n|teamsize|p2|4\n|start\n|switch|p1a: Urshifu|Urshifu, L50, M|100/100\n|switch|p1b: Whimsicott|Whimsicott, L50, M|100/100\n|switch|p2a: MoonMoon|Lunala, L50|100/100\n|switch|p2b: Brute Bonnie|Brute Bonnet, L50|100/100\n|turn|1\n|\n|t:|1774616468\n|-terastallize|p2b: Brute Bonnie|Water\n|move|p1b: Whimsicott|Helping Hand|p1a: Urshifu\n|-singleturn|p1a: Urshifu|Helping Hand|[of] p1b: Whimsicott\n|move|p2b: Brute Bonnie|Rage Powder|p2b: Brute Bonnie\n|-singleturn|p2b: Brute Bonnie|move: Rage Powder\n|move|p1a: Urshifu|Close Combat|p2b: Brute Bonnie\n|-damage|p2b: Brute Bonnie|44/100\n|-unboost|p1a: Urshifu|def|1\n|-unboost|p1a: Urshifu|spd|1\n|-enditem|p2b: Brute Bonnie|Sitrus Berry|[eat]\n|-heal|p2b: Brute Bonnie|69/100|[from] item: Sitrus Berry\n|move|p2a: MoonMoon|Trick Room|p2a: MoonMoon\n|-fieldstart|move: Trick Room|[of] p2a: MoonMoon\n|\n|upkeep\n|turn|2\n|\n|t:|1774616483\n|switch|p2a: Girl Math|Ursaluna, L50, F|100/100\n|move|p1a: Urshifu|Detect|p1a: Urshifu\n|-singleturn|p1a: Urshifu|Protect\n|move|p2b: Brute Bonnie|Rage Powder|p2b: Brute Bonnie\n|-singleturn|p2b: Brute Bonnie|move: Rage Powder\n|move|p1b: Whimsicott|Encore||[still]\n|-fail|p1b: Whimsicott\n|\n|-status|p2a: Girl Math|brn|[from] item: Flame Orb\n|upkeep\n|turn|3\n|\n|t:|1774616500\n|move|p1b: Whimsicott|Helping Hand|p1a: Urshifu\n|-singleturn|p1a: Urshifu|Helping Hand|[of] p1b: Whimsicott\n|move|p2a: Girl Math|Facade|p1b: Whimsicott\n|-damage|p1b: Whimsicott|0 fnt\n|faint|p1b: Whimsicott\n|move|p2b: Brute Bonnie|Spore|p1a: Urshifu\n|-status|p1a: Urshifu|slp|[from] move: Spore\n|cant|p1a: Urshifu|slp\n|\n|-damage|p2a: Girl Math|95/100 brn|[from] brn\n|upkeep\n|\n|t:|1774616517\n|switch|p1b: Kyogre|Kyogre, L50|100/100\n|-weather|RainDance|[from] ability: Drizzle|[of] p1b: Kyogre\n|turn|4\n|\n|t:|1774616535\n|move|p1b: Kyogre|Protect|p1b: Kyogre\n|-singleturn|p1b: Kyogre|Protect\n|move|p2a: Girl Math|Facade|p1a: Urshifu\n|-crit|p1a: Urshifu\n|-enditem|p1a: Urshifu|Focus Sash\n|-damage|p1a: Urshifu|1/100 slp\n|move|p2b: Brute Bonnie|Spore|p1b: Kyogre\n|-activate|p1b: Kyogre|move: Protect\n|cant|p1a: Urshifu|slp\n|\n|-weather|RainDance|[upkeep]\n|-damage|p2a: Girl Math|89/100 brn|[from] brn\n|upkeep\n|turn|5\n|\n|t:|1774616551\n|move|p1b: Kyogre|Protect|p1b: Kyogre\n|-singleturn|p1b: Kyogre|Protect\n|move|p2a: Girl Math|Facade|p1b: Kyogre\n|-activate|p1b: Kyogre|move: Protect\n|move|p2b: Brute Bonnie|Seed Bomb|p1a: Urshifu\n|-damage|p1a: Urshifu|0 fnt\n|faint|p1a: Urshifu\n|\n|-weather|RainDance|[upkeep]\n|-damage|p2a: Girl Math|83/100 brn|[from] brn\n|-fieldend|move: Trick Room\n|upkeep\n|\n|t:|1774616558\n|switch|p1a: Zamazenta|Zamazenta-Crowned, L50|100/100\n|-ability|p1a: Zamazenta|Dauntless Shield|boost\n|-boost|p1a: Zamazenta|def|1\n|turn|6\n|inactive|D4RKEVA has 30 seconds left.\n|inactive|D4RKEVA has 20 seconds left.\n|\n|t:|1774616596\n|move|p2b: Brute Bonnie|Sucker Punch|p1b: Kyogre\n|-damage|p1b: Kyogre|71/100\n|move|p1a: Zamazenta|Body Press|p2b: Brute Bonnie\n|-damage|p2b: Brute Bonnie|25/100\n|move|p1b: Kyogre|Water Spout|p2b: Brute Bonnie|[spread] p2a,p2b\n|-supereffective|p2a: Girl Math\n|-resisted|p2b: Brute Bonnie\n|-damage|p2a: Girl Math|0 fnt\n|-damage|p2b: Brute Bonnie|0 fnt\n|faint|p2a: Girl Math\n|faint|p2b: Brute Bonnie\n|-end|p2b: Brute Bonnie|Protosynthesis|[silent]\n|\n|-weather|RainDance|[upkeep]\n|upkeep\n|\n|t:|1774616600\n|switch|p2b: Clydeon|Koraidon, L50|100/100\n|switch|p2a: MoonMoon|Lunala, L50|100/100\n|-weather|SunnyDay|[from] ability: Orichalcum Pulse|[of] p2b: Clydeon\n|-activate|p2b: Clydeon|Orichalcum Pulse|[source]\n|turn|7\n|\n|t:|1774616613\n|move|p2b: Clydeon|Protect|p2b: Clydeon\n|-singleturn|p2b: Clydeon|Protect\n|move|p1b: Kyogre|Protect|p1b: Kyogre\n|-singleturn|p1b: Kyogre|Protect\n|move|p1a: Zamazenta|Body Press|p2b: Clydeon\n|-activate|p2b: Clydeon|move: Protect\n|move|p2a: MoonMoon|Meteor Beam||[still]\n|-prepare|p2a: MoonMoon|Meteor Beam\n|-boost|p2a: MoonMoon|spa|1\n|-enditem|p2a: MoonMoon|Power Herb\n|-anim|p2a: MoonMoon|Meteor Beam|p1b: Kyogre\n|-activate|p1b: Kyogre|move: Protect\n|\n|-weather|SunnyDay|[upkeep]\n|upkeep\n|turn|8\n|\n|t:|1774616637\n|move|p2b: Clydeon|Flare Blitz|p1a: Zamazenta\n|-supereffective|p1a: Zamazenta\n|-damage|p1a: Zamazenta|13/100\n|-damage|p2b: Clydeon|68/100|[from] Recoil\n|-damage|p2b: Clydeon|58/100|[from] item: Life Orb\n|move|p1a: Zamazenta|Body Press|p2b: Clydeon\n|-damage|p2b: Clydeon|2/100\n|move|p1b: Kyogre|Ice Beam|p2b: Clydeon\n|-supereffective|p2b: Clydeon\n|-damage|p2b: Clydeon|0 fnt\n|faint|p2b: Clydeon\n|move|p2a: MoonMoon|Moongeist Beam|p1b: Kyogre\n|-damage|p1b: Kyogre|0 fnt\n|faint|p1b: Kyogre\n|\n|-weather|SunnyDay|[upkeep]\n|upkeep\n|turn|9\n|\n|t:|1774616657\n|-terastallize|p1a: Zamazenta|Grass\n|move|p1a: Zamazenta|Heavy Slam|p2a: MoonMoon\n|-damage|p2a: MoonMoon|85/100\n|move|p2a: MoonMoon|Moongeist Beam|p1a: Zamazenta\n|-damage|p1a: Zamazenta|0 fnt\n|faint|p1a: Zamazenta\n|\n|win|D4RKEVA\n|raw|violentapex's rating: 1344 &rarr; <strong>1326</strong><br />(-18 for losing)\n|raw|D4RKEVA's rating: 1378 &rarr; <strong>1396</strong><br />(+18 for winning)\n|l|\u2606violentapex\n|player|p1|\n","uploadtime":1774616664,"views":262,"formatid":"gen9vgc2026regi","rating":1326,"private":0,"password":null}