{"id":"gen9vgc2026regi-2555664966","format":"[Gen 9] VGC 2026 Reg I","players":["byebye showdown","lalo's pollos"],"log":"|j|\u2606byebye showdown\n|j|\u2606lalo's pollos\n|t:|1773115314\n|gametype|doubles\n|player|p1|byebye showdown|linebacker|1465\n|player|p2|lalo's pollos|169|1526\n|gen|9\n|tier|[Gen 9] VGC 2026 Reg I\n|rated|\n|rule|Species Clause: Limit one of each Pok\u00e9mon\n|rule|Item Clause: Limit 1 of each item\n|clearpoke\n|poke|p1|Rillaboom, L50, M|\n|poke|p1|Whimsicott, L50, M|\n|poke|p1|Koraidon, L50|\n|poke|p1|Ogerpon-Cornerstone, L50, F|\n|poke|p1|Terapagos, L50, M|\n|poke|p1|Magmar, L50, M|\n|poke|p2|Miraidon, L50|\n|poke|p2|Landorus, L50, M|\n|poke|p2|Incineroar, L50, M|\n|poke|p2|Iron Bundle, L50|\n|poke|p2|Farigiraf, L50, F|\n|poke|p2|Calyrex-Ice, L50|\n|teampreview|4\n|\n|t:|1773115339\n|teamsize|p1|4\n|teamsize|p2|4\n|start\n|switch|p1a: Terapagos|Terapagos, L50, M|100/100\n|switch|p1b: Rillaboom|Rillaboom, L50, M|100/100\n|switch|p2a: Calyrex|Calyrex-Ice, L50|100/100\n|switch|p2b: Incineroar|Incineroar, L50, M|100/100\n|-activate|p1a: Terapagos|ability: Tera Shift\n|detailschange|p1a: Terapagos|Terapagos-Terastal, L50, M\n|-heal|p1a: Terapagos|100/100|[silent]\n|-ability|p2a: Calyrex|As One\n|-ability|p2a: Calyrex|Unnerve\n|-fieldstart|move: Grassy Terrain|[from] ability: Grassy Surge|[of] p1b: Rillaboom\n|-ability|p2b: Incineroar|Intimidate|boost\n|-unboost|p1a: Terapagos|atk|1\n|-unboost|p1b: Rillaboom|atk|1\n|turn|1\n|\n|t:|1773115357\n|move|p1b: Rillaboom|Fake Out|p2a: Calyrex\n|-damage|p2a: Calyrex|94/100\n|move|p2b: Incineroar|Fake Out|p1a: Terapagos\n|-activate|p1a: Terapagos|ability: Tera Shell\n|-resisted|p1a: Terapagos\n|-damage|p1a: Terapagos|96/100\n|cant|p1a: Terapagos|flinch\n|cant|p2a: Calyrex|flinch\n|\n|-heal|p1a: Terapagos|100/100|[from] Grassy Terrain\n|-heal|p2a: Calyrex|99/100|[from] Grassy Terrain\n|upkeep\n|turn|2\n|\n|t:|1773115381\n|-terastallize|p1b: Rillaboom|Fire\n|move|p1b: Rillaboom|Wood Hammer|p2a: Calyrex\n|-damage|p2a: Calyrex|65/100\n|-damage|p1b: Rillaboom|89/100|[from] Recoil\n|move|p1a: Terapagos|Calm Mind|p1a: Terapagos\n|-boost|p1a: Terapagos|spa|1\n|-boost|p1a: Terapagos|spd|1\n|move|p2b: Incineroar|Knock Off|p1a: Terapagos\n|-activate|p1a: Terapagos|ability: Tera Shell\n|-resisted|p1a: Terapagos\n|-damage|p1a: Terapagos|86/100\n|-enditem|p1a: Terapagos|Leftovers|[from] move: Knock Off|[of] p2b: Incineroar\n|move|p2a: Calyrex|Trick Room|p2a: Calyrex\n|-fieldstart|move: Trick Room|[of] p2a: Calyrex\n|\n|-heal|p2a: Calyrex|71/100|[from] Grassy Terrain\n|-heal|p1a: Terapagos|93/100|[from] Grassy Terrain\n|-heal|p1b: Rillaboom|95/100|[from] Grassy Terrain\n|upkeep\n|turn|3\n|\n|t:|1773115400\n|move|p1a: Terapagos|Protect|p1a: Terapagos\n|-singleturn|p1a: Terapagos|Protect\n|move|p2a: Calyrex|High Horsepower|p1b: Rillaboom\n|-supereffective|p1b: Rillaboom\n|-damage|p1b: Rillaboom|24/100\n|move|p2b: Incineroar|Knock Off|p1b: Rillaboom\n|-damage|p1b: Rillaboom|0 fnt\n|-enditem|p1b: Rillaboom|Assault Vest|[from] move: Knock Off|[of] p2b: Incineroar\n|faint|p1b: Rillaboom\n|\n|-heal|p2a: Calyrex|77/100|[from] Grassy Terrain\n|-heal|p1a: Terapagos|99/100|[from] Grassy Terrain\n|upkeep\n|\n|t:|1773115410\n|switch|p1b: Whimsicott|Whimsicott, L50, M|100/100\n|turn|4\n|\n|t:|1773115414\n|switch|p2b: the Manager|Farigiraf, L50, F|100/100\n|move|p1b: Whimsicott|Encore||[still]\n|cant|p2b: the Manager|ability: Armor Tail|Encore|[of] p1b: Whimsicott\n|move|p2a: Calyrex|Glacial Lance|p1b: Whimsicott|[spread] p1a,p1b\n|-supereffective|p1b: Whimsicott\n|-damage|p1a: Terapagos|57/100\n|-enditem|p1b: Whimsicott|Focus Sash\n|-damage|p1b: Whimsicott|1/100\n|move|p1a: Terapagos|Calm Mind|p1a: Terapagos\n|-boost|p1a: Terapagos|spa|1\n|-boost|p1a: Terapagos|spd|1\n|\n|-heal|p2a: Calyrex|83/100|[from] Grassy Terrain\n|-heal|p1a: Terapagos|63/100|[from] Grassy Terrain\n|-heal|p1b: Whimsicott|7/100|[from] Grassy Terrain\n|upkeep\n|turn|5\n|\n|t:|1773115426\n|move|p2b: the Manager|Helping Hand|p2a: Calyrex\n|-singleturn|p2a: Calyrex|Helping Hand|[of] p2b: the Manager\n|move|p1b: Whimsicott|Protect|p1b: Whimsicott\n|-singleturn|p1b: Whimsicott|Protect\n|move|p2a: Calyrex|Glacial Lance|p1b: Whimsicott|[spread] p1a\n|-activate|p1b: Whimsicott|move: Protect\n|-damage|p1a: Terapagos|5/100\n|move|p1a: Terapagos|Tera Starstorm|p2a: Calyrex\n|-damage|p2a: Calyrex|22/100\n|\n|-heal|p2a: Calyrex|28/100|[from] Grassy Terrain\n|-heal|p1a: Terapagos|11/100|[from] Grassy Terrain\n|-heal|p1b: Whimsicott|13/100|[from] Grassy Terrain\n|-fieldend|move: Grassy Terrain\n|upkeep\n|turn|6\n|\n|t:|1773115439\n|move|p1b: Whimsicott|Protect||[still]\n|-fail|p1b: Whimsicott\n|move|p1a: Terapagos|Protect|p1a: Terapagos\n|-singleturn|p1a: Terapagos|Protect\n|move|p2a: Calyrex|Trick Room|p2a: Calyrex\n|-fieldend|move: Trick Room\n|move|p2b: the Manager|Trick Room|p2b: the Manager\n|-fieldstart|move: Trick Room|[of] p2b: the Manager\n|\n|upkeep\n|turn|7\n|-message|byebye showdown forfeited.\n|\n|win|lalo's pollos\n|raw|byebye showdown's rating: 1465 &rarr; <strong>1448</strong><br />(-17 for losing)\n|raw|lalo&apos;s pollos's rating: 1526 &rarr; <strong>1543</strong><br />(+17 for winning)\n","uploadtime":1773115456,"views":20,"formatid":"gen9vgc2026regi","rating":1448,"private":0,"password":null}