{"id":"gen9vgc2026regi-2567542027","format":"[Gen 9] VGC 2026 Reg I","players":["JERRY RIVERA","sinanimodelucro"],"log":"|j|\u2606JERRY RIVERA\n|j|\u2606sinanimodelucro\n|t:|1774486128\n|gametype|doubles\n|player|p1|JERRY RIVERA|silver|1213\n|player|p2|sinanimodelucro|266|1140\n|gen|9\n|tier|[Gen 9] VGC 2026 Reg I\n|rated|\n|rule|Species Clause: Limit one of each Pok\u00e9mon\n|rule|Item Clause: Limit 1 of each item\n|clearpoke\n|poke|p1|Kyogre, L50|\n|poke|p1|Zacian-*, L50|\n|poke|p1|Tornadus, L50, M|\n|poke|p1|Urshifu-*, L50, F|\n|poke|p1|Chien-Pao, L50|\n|poke|p1|Ditto, L50|\n|poke|p2|Zamazenta-*, L50|\n|poke|p2|Kyogre, L50|\n|poke|p2|Moltres, L50|\n|poke|p2|Rillaboom, L50, M|\n|poke|p2|Grimmsnarl, L50, M|\n|poke|p2|Flutter Mane, L50|\n|teampreview|4\n|inactive|Battle timer is ON: inactive players will automatically lose when time's up. (requested by sinanimodelucro)\n|\n|t:|1774486161\n|teamsize|p1|4\n|teamsize|p2|4\n|start\n|switch|p1a: Zacian|Zacian-Crowned, L50|100/100\n|switch|p1b: Urshifu|Urshifu, L50, F|100/100\n|switch|p2a: Moltres|Moltres, L50|100/100\n|switch|p2b: Rillaboom|Rillaboom, L50, M|100/100\n|-ability|p1a: Zacian|Intrepid Sword|boost\n|-boost|p1a: Zacian|atk|1\n|-fieldstart|move: Grassy Terrain|[from] ability: Grassy Surge|[of] p2b: Rillaboom\n|turn|1\n|\n|t:|1774486178\n|-terastallize|p1a: Zacian|Dragon\n|move|p2b: Rillaboom|Fake Out|p1a: Zacian\n|-damage|p1a: Zacian|88/100\n|cant|p1a: Zacian|flinch\n|move|p1b: Urshifu|Wicked Blow|p2a: Moltres\n|-crit|p2a: Moltres\n|-damage|p2a: Moltres|21/100\n|-status|p1b: Urshifu|brn|[from] ability: Flame Body|[of] p2a: Moltres\n|move|p2a: Moltres|Tailwind|p2a: Moltres\n|-sidestart|p2: sinanimodelucro|move: Tailwind\n|\n|-heal|p1a: Zacian|94/100|[from] Grassy Terrain\n|-damage|p1b: Urshifu|95/100 brn|[from] brn\n|upkeep\n|turn|2\n|inactive|JERRY RIVERA has 30 seconds left.\n|inactive|sinanimodelucro has 30 seconds left.\n|\n|t:|1774486213\n|move|p2a: Moltres|Protect|p2a: Moltres\n|-singleturn|p2a: Moltres|Protect\n|move|p2b: Rillaboom|Drum Beating|p1a: Zacian\n|-resisted|p1a: Zacian\n|-damage|p1a: Zacian|68/100\n|-unboost|p1a: Zacian|spe|1\n|move|p1b: Urshifu|Wicked Blow|p2a: Moltres\n|-crit|p2a: Moltres\n|-damage|p2a: Moltres|0 fnt\n|faint|p2a: Moltres\n|move|p1a: Zacian|Behemoth Blade|p2b: Rillaboom\n|-damage|p2b: Rillaboom|29/100\n|\n|-heal|p2b: Rillaboom|35/100|[from] Grassy Terrain\n|-heal|p1b: Urshifu|100/100 brn|[from] Grassy Terrain\n|-heal|p1a: Zacian|74/100|[from] Grassy Terrain\n|-damage|p1b: Urshifu|95/100 brn|[from] brn\n|upkeep\n|inactive|sinanimodelucro has 30 seconds left.\n|\n|t:|1774486242\n|switch|p2a: Kyogre|Kyogre, L50|100/100\n|-weather|RainDance|[from] ability: Drizzle|[of] p2a: Kyogre\n|turn|3\n|\n|t:|1774486250\n|move|p1a: Zacian|Protect|p1a: Zacian\n|-singleturn|p1a: Zacian|Protect\n|move|p2a: Kyogre|Ice Beam|p1a: Zacian\n|-activate|p1a: Zacian|move: Protect\n|move|p2b: Rillaboom|Drum Beating|p1b: Urshifu\n|-damage|p1b: Urshifu|45/100 brn\n|-unboost|p1b: Urshifu|spe|1\n|move|p1b: Urshifu|Wicked Blow|p2a: Kyogre\n|-crit|p2a: Kyogre\n|-damage|p2a: Kyogre|52/100\n|\n|-weather|RainDance|[upkeep]\n|-heal|p2a: Kyogre|58/100|[from] Grassy Terrain\n|-heal|p2b: Rillaboom|41/100|[from] Grassy Terrain\n|-heal|p1a: Zacian|80/100|[from] Grassy Terrain\n|-heal|p1b: Urshifu|51/100 brn|[from] Grassy Terrain\n|-damage|p1b: Urshifu|45/100 brn|[from] brn\n|upkeep\n|turn|4\n|\n|t:|1774486270\n|move|p2a: Kyogre|Ice Beam|p1a: Zacian\n|-supereffective|p1a: Zacian\n|-damage|p1a: Zacian|12/100\n|move|p2b: Rillaboom|Drum Beating|p1b: Urshifu\n|-damage|p1b: Urshifu|0 fnt\n|faint|p1b: Urshifu\n|move|p1a: Zacian|Behemoth Blade|p2b: Rillaboom\n|-damage|p2b: Rillaboom|0 fnt\n|faint|p2b: Rillaboom\n|\n|-weather|RainDance|[upkeep]\n|-heal|p2a: Kyogre|63/100|[from] Grassy Terrain\n|-heal|p1a: Zacian|18/100|[from] Grassy Terrain\n|-sideend|p2: sinanimodelucro|move: Tailwind\n|upkeep\n|\n|t:|1774486285\n|switch|p1b: Tornadus|Tornadus, L50, M|100/100\n|switch|p2b: Zamazenta|Zamazenta-Crowned, L50|100/100\n|-ability|p2b: Zamazenta|Dauntless Shield|boost\n|-boost|p2b: Zamazenta|def|1\n|turn|5\n|\n|t:|1774486303\n|move|p2b: Zamazenta|Protect|p2b: Zamazenta\n|-singleturn|p2b: Zamazenta|Protect\n|move|p1b: Tornadus|Tailwind|p1b: Tornadus\n|-sidestart|p1: JERRY RIVERA|move: Tailwind\n|move|p1a: Zacian|Play Rough|p2a: Kyogre\n|-damage|p2a: Kyogre|0 fnt\n|faint|p2a: Kyogre\n|\n|-weather|RainDance|[upkeep]\n|-heal|p1a: Zacian|24/100|[from] Grassy Terrain\n|-fieldend|move: Grassy Terrain\n|upkeep\n|turn|6\n|-message|sinanimodelucro forfeited.\n|\n|win|JERRY RIVERA\n|raw|JERRY RIVERA's rating: 1213 &rarr; <strong>1233</strong><br />(+20 for winning)\n|raw|sinanimodelucro's rating: 1140 &rarr; <strong>1120</strong><br />(-20 for losing)\n|l|\u2606sinanimodelucro\n|player|p2|\n|l|\u2606JERRY RIVERA\n|player|p1|\n","uploadtime":1774486568,"views":11,"formatid":"gen9vgc2026regi","rating":1120,"private":0,"password":null}