{"id":"gen9vgc2026regi-2577155373","format":"[Gen 9] VGC 2026 Reg I","players":["Zorse Mentality","avarussurava"],"log":"|j|\u2606Zorse Mentality\n|j|\u2606avarussurava\n|t:|1775545791\n|gametype|doubles\n|player|p1|Zorse Mentality|266|1472\n|player|p2|avarussurava|265|1437\n|gen|9\n|tier|[Gen 9] VGC 2026 Reg I\n|rated|\n|rule|Species Clause: Limit one of each Pok\u00e9mon\n|rule|Item Clause: Limit 1 of each item\n|clearpoke\n|poke|p1|Calyrex-Ice, L50|\n|poke|p1|Dialga-Origin, L50|\n|poke|p1|Smeargle, L50, F|\n|poke|p1|Torkoal, L50, F|\n|poke|p1|Urshifu-*, L50, F|\n|poke|p1|Indeedee-F, L50, F|\n|poke|p2|Kyogre, L50|\n|poke|p2|Tyranitar, L50, F|\n|poke|p2|Zamazenta-*, L50|\n|poke|p2|Gastrodon, L50, F|\n|poke|p2|Sinistcha, L50|\n|poke|p2|Ceruledge, L50, F|\n|teampreview|4\n|inactive|Battle timer is ON: inactive players will automatically lose when time's up. (requested by Zorse Mentality)\n|\n|t:|1775545855\n|teamsize|p1|4\n|teamsize|p2|4\n|start\n|switch|p1a: Dialga|Dialga-Origin, L50, shiny|100/100\n|switch|p1b: Smeargle|Smeargle, L50, F|100/100\n|switch|p2a: Zamazenta|Zamazenta-Crowned, L50|100/100\n|switch|p2b: Tyranitar|Tyranitar, L50, F|100/100\n|-ability|p2a: Zamazenta|Dauntless Shield|boost\n|-boost|p2a: Zamazenta|def|1\n|-weather|Sandstorm|[from] ability: Sand Stream|[of] p2b: Tyranitar\n|turn|1\n|inactive|Zorse Mentality has 30 seconds left.\n|\n|t:|1775545889\n|move|p1b: Smeargle|Fake Out|p2a: Zamazenta\n|-resisted|p2a: Zamazenta\n|-damage|p2a: Zamazenta|99/100\n|cant|p2a: Zamazenta|flinch\n|move|p2b: Tyranitar|Knock Off|p1b: Smeargle\n|-enditem|p1b: Smeargle|Focus Sash\n|-damage|p1b: Smeargle|1/100\n|move|p1a: Dialga|Trick Room|p1a: Dialga\n|-fieldstart|move: Trick Room|[of] p1a: Dialga\n|\n|-weather|Sandstorm|[upkeep]\n|-damage|p1b: Smeargle|0 fnt|[from] Sandstorm\n|faint|p1b: Smeargle\n|upkeep\n|\n|t:|1775545913\n|switch|p1b: Urshifu|Urshifu, L50, F|100/100\n|turn|2\n|\n|t:|1775545936\n|switch|p2b: Gastrodon|Gastrodon, L50, F|100/100\n|-terastallize|p1b: Urshifu|Stellar\n|-terastallize|p2a: Zamazenta|Ground\n|move|p1b: Urshifu|Close Combat|p2a: Zamazenta\n|-damage|p2a: Zamazenta|37/100\n|-unboost|p1b: Urshifu|def|1\n|-unboost|p1b: Urshifu|spd|1\n|move|p1a: Dialga|Flash Cannon|p2b: Gastrodon\n|-resisted|p2b: Gastrodon\n|-damage|p2b: Gastrodon|78/100\n|-unboost|p2b: Gastrodon|spd|1\n|move|p2a: Zamazenta|Iron Defense|p2a: Zamazenta\n|-boost|p2a: Zamazenta|def|2\n|\n|-weather|Sandstorm|[upkeep]\n|-damage|p1b: Urshifu|94/100|[from] Sandstorm\n|upkeep\n|turn|3\n|inactive|Zorse Mentality has 30 seconds left.\n|\n|t:|1775545967\n|switch|p2b: Sinistcha|Sinistcha, L50|100/100\n|-heal|p2a: Zamazenta|62/100|[from] ability: Hospitality|[of] p2b: Sinistcha\n|switch|p1a: Calyrex|Calyrex-Ice, L50|100/100\n|-ability|p1a: Calyrex|As One\n|-ability|p1a: Calyrex|Unnerve\n|move|p1b: Urshifu|Close Combat|p2a: Zamazenta\n|-damage|p2a: Zamazenta|35/100\n|-unboost|p1b: Urshifu|def|1\n|-unboost|p1b: Urshifu|spd|1\n|move|p2a: Zamazenta|Body Press|p1b: Urshifu\n|-supereffective|p1b: Urshifu\n|-damage|p1b: Urshifu|0 fnt\n|faint|p1b: Urshifu\n|\n|-weather|Sandstorm|[upkeep]\n|-damage|p1a: Calyrex|95/100|[from] Sandstorm\n|-damage|p2b: Sinistcha|94/100|[from] Sandstorm\n|upkeep\n|\n|t:|1775545988\n|switch|p1b: Dialga|Dialga-Origin, L50, shiny|100/100\n|turn|4\n|\n|t:|1775545998\n|move|p2a: Zamazenta|Wide Guard|p2a: Zamazenta\n|-singleturn|p2a: Zamazenta|Wide Guard\n|move|p1a: Calyrex|Glacial Lance|p2b: Sinistcha|[spread] \n|-activate|p2a: Zamazenta|move: Wide Guard\n|-activate|p2b: Sinistcha|move: Wide Guard\n|move|p2b: Sinistcha|Life Dew|p2b: Sinistcha|[spread] p2a,p2b\n|-heal|p2a: Zamazenta|60/100\n|-heal|p2b: Sinistcha|100/100\n|move|p1b: Dialga|Dragon Pulse|p2a: Zamazenta\n|-damage|p2a: Zamazenta|20/100\n|\n|-weather|Sandstorm|[upkeep]\n|-damage|p1a: Calyrex|89/100|[from] Sandstorm\n|-damage|p2b: Sinistcha|94/100|[from] Sandstorm\n|upkeep\n|turn|5\n|\n|t:|1775546019\n|move|p2b: Sinistcha|Rage Powder|p2b: Sinistcha\n|-singleturn|p2b: Sinistcha|move: Rage Powder\n|move|p2a: Zamazenta|Body Press|p1b: Dialga\n|-supereffective|p1b: Dialga\n|-damage|p1b: Dialga|0 fnt\n|faint|p1b: Dialga\n|move|p1a: Calyrex|Trick Room|p1a: Calyrex\n|-fieldend|move: Trick Room\n|\n|-weather|none\n|upkeep\n|turn|6\n|-message|Zorse Mentality forfeited.\n|\n|win|avarussurava\n|raw|Zorse Mentality's rating: 1472 &rarr; <strong>1450</strong><br />(-22 for losing)\n|raw|avarussurava's rating: 1437 &rarr; <strong>1459</strong><br />(+22 for winning)\n|l|\u2606Zorse Mentality\n|player|p1|\n","uploadtime":1775546031,"views":12,"formatid":"gen9vgc2026regi","rating":1450,"private":0,"password":null}