{"id":"gen9vgc2026regi-2565558097","format":"[Gen 9] VGC 2026 Reg I","players":["SlicerTheAbsol","Shagrathisbeast"],"log":"|j|\u2606SlicerTheAbsol\n|j|\u2606Shagrathisbeast\n|t:|1774285121\n|gametype|doubles\n|player|p1|SlicerTheAbsol|beauty-gen6xy|1341\n|player|p2|Shagrathisbeast|101|1386\n|gen|9\n|tier|[Gen 9] VGC 2026 Reg I\n|rated|\n|rule|Species Clause: Limit one of each Pok\u00e9mon\n|rule|Item Clause: Limit 1 of each item\n|clearpoke\n|poke|p1|Giratina-Origin, L50|\n|poke|p1|Chien-Pao, L50|\n|poke|p1|Kingambit, L50, M|\n|poke|p1|Ho-Oh, L50|\n|poke|p1|Landorus-Therian, L50, M|\n|poke|p1|Sinistcha, L50|\n|poke|p2|Zacian-*, L50|\n|poke|p2|Tornadus, L50, M|\n|poke|p2|Urshifu-*, L50, F|\n|poke|p2|Iron Valiant, L50|\n|poke|p2|Brute Bonnet, L50|\n|poke|p2|Miraidon, L50|\n|teampreview|4\n|\n|t:|1774285167\n|teamsize|p1|4\n|teamsize|p2|4\n|start\n|switch|p1a: Ho-Oh|Ho-Oh, L50|100/100\n|switch|p1b: Landorus|Landorus-Therian, L50, M|100/100\n|switch|p2a: Tornadus|Tornadus, L50, M|100/100\n|switch|p2b: Urshifu|Urshifu-Rapid-Strike, L50, F|100/100\n|-ability|p1b: Landorus|Intimidate|boost\n|-unboost|p2a: Tornadus|atk|1\n|-unboost|p2b: Urshifu|atk|1\n|turn|1\n|\n|t:|1774285197\n|switch|p1b: Giratina|Giratina-Origin, L50|100/100\n|-terastallize|p1a: Ho-Oh|Grass\n|move|p2a: Tornadus|Protect|p2a: Tornadus\n|-singleturn|p2a: Tornadus|Protect\n|move|p2b: Urshifu|Detect|p2b: Urshifu\n|-singleturn|p2b: Urshifu|Protect\n|move|p1a: Ho-Oh|Tailwind|p1a: Ho-Oh\n|-sidestart|p1: SlicerTheAbsol|move: Tailwind\n|\n|upkeep\n|turn|2\n|\n|t:|1774285235\n|move|p1b: Giratina|Shadow Sneak|p2b: Urshifu\n|-damage|p2b: Urshifu|75/100\n|move|p1a: Ho-Oh|Brave Bird|p2b: Urshifu\n|-supereffective|p2b: Urshifu\n|-damage|p2b: Urshifu|0 fnt\n|faint|p2b: Urshifu\n|-damage|p1a: Ho-Oh|80/100|[from] Recoil\n|move|p2a: Tornadus|Bleakwind Storm|p1b: Giratina|[spread] p1a,p1b\n|-supereffective|p1a: Ho-Oh\n|-damage|p1a: Ho-Oh|34/100\n|-damage|p1b: Giratina|71/100\n|\n|upkeep\n|\n|t:|1774285247\n|switch|p2b: Zacian|Zacian-Crowned, L50, shiny|100/100\n|-ability|p2b: Zacian|Intrepid Sword|boost\n|-boost|p2b: Zacian|atk|1\n|turn|3\n|\n|t:|1774285263\n|switch|p1a: Landorus|Landorus-Therian, L50, M|100/100\n|-ability|p1a: Landorus|Intimidate|boost\n|-unboost|p2a: Tornadus|atk|1\n|-unboost|p2b: Zacian|atk|1\n|switch|p1b: Kingambit|Kingambit, L50, M|100/100\n|move|p2b: Zacian|Behemoth Blade|p1a: Landorus\n|-damage|p1a: Landorus|37/100\n|move|p2a: Tornadus|Bleakwind Storm|p1a: Landorus|[spread] p1b\n|-miss|p2a: Tornadus|p1a: Landorus\n|-resisted|p1b: Kingambit\n|-damage|p1b: Kingambit|86/100\n|\n|upkeep\n|turn|4\n|\n|t:|1774285291\n|move|p2b: Zacian|Protect|p2b: Zacian\n|-singleturn|p2b: Zacian|Protect\n|move|p1a: Landorus|U-turn|p2a: Tornadus\n|-resisted|p2a: Tornadus\n|-damage|p2a: Tornadus|84/100\n|\n|t:|1774285297\n|switch|p1a: Giratina|Giratina-Origin, L50|71/100|[from] U-turn\n|move|p2a: Tornadus|Bleakwind Storm|p1b: Kingambit|[spread] \n|-miss|p2a: Tornadus|p1a: Giratina\n|-miss|p2a: Tornadus|p1b: Kingambit\n|move|p1b: Kingambit|Iron Head|p2b: Zacian\n|-activate|p2b: Zacian|move: Protect\n|\n|-sideend|p1: SlicerTheAbsol|move: Tailwind\n|upkeep\n|turn|5\n|\n|t:|1774285322\n|move|p1a: Giratina|Protect|p1a: Giratina\n|-singleturn|p1a: Giratina|Protect\n|move|p2b: Zacian|Play Rough|p1a: Giratina\n|-activate|p1a: Giratina|move: Protect\n|move|p2a: Tornadus|Bleakwind Storm|p1b: Kingambit|[spread] p1b\n|-activate|p1a: Giratina|move: Protect\n|-resisted|p1b: Kingambit\n|-damage|p1b: Kingambit|73/100\n|-unboost|p1b: Kingambit|spe|1\n|-ability|p1b: Kingambit|Defiant|boost\n|-boost|p1b: Kingambit|atk|2\n|move|p1b: Kingambit|Kowtow Cleave|p2a: Tornadus\n|-damage|p2a: Tornadus|0 fnt\n|faint|p2a: Tornadus\n|\n|upkeep\n|-message|Shagrathisbeast forfeited.\n|\n|win|SlicerTheAbsol\n|raw|SlicerTheAbsol's rating: 1341 &rarr; <strong>1364</strong><br />(+23 for winning)\n|raw|Shagrathisbeast's rating: 1386 &rarr; <strong>1363</strong><br />(-23 for losing)\n|l|\u2606Shagrathisbeast\n|player|p2|\n","uploadtime":1774285596,"views":10,"formatid":"gen9vgc2026regi","rating":1363,"private":0,"password":null}