{"id":"gen9vgc2026regi-2565060694","format":"[Gen 9] VGC 2026 Reg I","players":["bullgod4ever","Rillabossman"],"log":"|j|\u2606bullgod4ever\n|j|\u2606Rillabossman\n|t:|1774224934\n|gametype|doubles\n|player|p1|bullgod4ever|101|1513\n|player|p2|Rillabossman|burglar|1444\n|gen|9\n|tier|[Gen 9] VGC 2026 Reg I\n|rated|\n|rule|Species Clause: Limit one of each Pok\u00e9mon\n|rule|Item Clause: Limit 1 of each item\n|clearpoke\n|poke|p1|Calyrex-Ice, L50|\n|poke|p1|Miraidon, L50|\n|poke|p1|Urshifu-*, L50, M|\n|poke|p1|Incineroar, L50, F|\n|poke|p1|Landorus, L50, M|\n|poke|p1|Whimsicott, L50, M|\n|poke|p2|Rayquaza, L50|\n|poke|p2|Kyogre, L50|\n|poke|p2|Farigiraf, L50, M|\n|poke|p2|Urshifu-*, L50, M|\n|poke|p2|Incineroar, L50, M|\n|poke|p2|Iron Hands, L50|\n|teampreview|4\n|c|\u2606Rillabossman|glhf\n|j| Neekz0\n|\n|t:|1774224988\n|teamsize|p1|4\n|teamsize|p2|4\n|start\n|switch|p1a: Whimsicott|Whimsicott, L50, M|100/100\n|switch|p1b: Miraidon|Miraidon, L50|100/100\n|switch|p2a: Incineroar|Incineroar, L50, M|100/100\n|switch|p2b: Rayquaza|Rayquaza, L50|100/100\n|-fieldstart|move: Electric Terrain|[from] ability: Hadron Engine|[of] p1b: Miraidon\n|-ability|p2b: Rayquaza|Air Lock\n|-ability|p2a: Incineroar|Intimidate|boost\n|-unboost|p1a: Whimsicott|atk|1\n|-unboost|p1b: Miraidon|atk|1\n|turn|1\n|\n|t:|1774225008\n|-terastallize|p1a: Whimsicott|Ghost\n|move|p2a: Incineroar|Fake Out|p1b: Miraidon\n|-damage|p1b: Miraidon|91/100\n|move|p1a: Whimsicott|Tailwind|p1a: Whimsicott\n|-sidestart|p1: bullgod4ever|move: Tailwind\n|cant|p1b: Miraidon|flinch\n|move|p2b: Rayquaza|Swords Dance|p2b: Rayquaza\n|-boost|p2b: Rayquaza|atk|2\n|\n|upkeep\n|turn|2\n|\n|t:|1774225029\n|move|p2b: Rayquaza|Protect|p2b: Rayquaza\n|-singleturn|p2b: Rayquaza|Protect\n|move|p1a: Whimsicott|Encore|p2b: Rayquaza\n|-activate|p2b: Rayquaza|move: Protect\n|move|p1b: Miraidon|Electro Drift|p2b: Rayquaza\n|-activate|p2b: Rayquaza|move: Protect\n|move|p2a: Incineroar|Parting Shot|p1b: Miraidon\n|-unboost|p1b: Miraidon|atk|1\n|-unboost|p1b: Miraidon|spa|1\n|\n|t:|1774225043\n|switch|p2a: Farigiraf|Farigiraf, L50, M|100/100|[from] Parting Shot\n|\n|upkeep\n|turn|3\n|l|\u2606Rillabossman\n|player|p2|\n|inactive|Battle timer is ON: inactive players will automatically lose when time's up. (requested by bullgod4ever)\n|j|\u2606Rillabossman\n|inactive|Rillabossman reconnected and has 90 seconds left.\n|player|p2|Rillabossman|burglar|\n|inactive|Rillabossman has 60 seconds left.\n|\n|t:|1774225147\n|switch|p1b: Calyrex|Calyrex-Ice, L50|100/100\n|-ability|p1b: Calyrex|As One\n|-ability|p1b: Calyrex|Unnerve\n|-terastallize|p2b: Rayquaza|Normal\n|move|p2b: Rayquaza|Extreme Speed|p1b: Calyrex\n|-damage|p1b: Calyrex|33/100\n|move|p1a: Whimsicott|Moonblast|p2b: Rayquaza\n|-damage|p2b: Rayquaza|61/100\n|move|p2a: Farigiraf|Trick Room|p2a: Farigiraf\n|-fieldstart|move: Trick Room|[of] p2a: Farigiraf\n|\n|-heal|p1b: Calyrex|39/100|[from] item: Leftovers\n|upkeep\n|turn|4\n|inactive|bullgod4ever has 30 seconds left.\n|\n|t:|1774225181\n|move|p1b: Calyrex|Protect|p1b: Calyrex\n|-singleturn|p1b: Calyrex|Protect\n|move|p2b: Rayquaza|Extreme Speed|p1b: Calyrex\n|-activate|p1b: Calyrex|move: Protect\n|move|p2a: Farigiraf|Psychic|p1a: Whimsicott\n|-damage|p1a: Whimsicott|34/100\n|move|p1a: Whimsicott|Moonblast|p2b: Rayquaza\n|-damage|p2b: Rayquaza|24/100\n|\n|-heal|p1b: Calyrex|45/100|[from] item: Leftovers\n|-sideend|p1: bullgod4ever|move: Tailwind\n|upkeep\n|turn|5\n|inactive|bullgod4ever has 30 seconds left.\n|\n|t:|1774225210\n|switch|p1b: Miraidon|Miraidon, L50|91/100\n|-activate|p1b: Miraidon|ability: Hadron Engine\n|move|p2b: Rayquaza|Extreme Speed|p1b: Miraidon\n|-damage|p1b: Miraidon|13/100\n|move|p2a: Farigiraf|Psychic|p1a: Whimsicott\n|-damage|p1a: Whimsicott|0 fnt\n|faint|p1a: Whimsicott\n|\n|-fieldend|move: Electric Terrain\n|upkeep\n|\n|t:|1774225223\n|switch|p1a: Calyrex|Calyrex-Ice, L50|45/100\n|-ability|p1a: Calyrex|As One\n|-ability|p1a: Calyrex|Unnerve\n|turn|6\n|\n|t:|1774225230\n|move|p2b: Rayquaza|Extreme Speed|p1a: Calyrex\n|-damage|p1a: Calyrex|0 fnt\n|faint|p1a: Calyrex\n|move|p2a: Farigiraf|Hyper Voice|p1b: Miraidon\n|-damage|p1b: Miraidon|0 fnt\n|faint|p1b: Miraidon\n|-enditem|p2a: Farigiraf|Throat Spray\n|-boost|p2a: Farigiraf|spa|1|[from] item: Throat Spray\n|\n|upkeep\n|\n|t:|1774225241\n|switch|p1b: Urshifu|Urshifu-Rapid-Strike, L50, M|100/100\n|turn|7\n|\n|t:|1774225248\n|move|p2a: Farigiraf|Psychic|p1b: Urshifu\n|-supereffective|p1b: Urshifu\n|-damage|p1b: Urshifu|0 fnt\n|faint|p1b: Urshifu\n|\n|win|Rillabossman\n|raw|bullgod4ever's rating: 1513 &rarr; <strong>1488</strong><br />(-25 for losing)\n|raw|Rillabossman's rating: 1424 &rarr; <strong>1449</strong><br />(+25 for winning)\n|c|\u2606Rillabossman|gg\n|c|\u2606bullgod4ever|Gg cool team\n|l|\u2606bullgod4ever\n|player|p1|\n|l|\u2606Rillabossman\n|player|p2|\n|l| Neekz0\n","uploadtime":1774225389,"views":14,"formatid":"gen9vgc2026regi","rating":1449,"private":0,"password":null}