{"id":"gen9vgc2026regi-2568745469","format":"[Gen 9] VGC 2026 Reg I","players":["Chheevcheev","g0dGun"],"log":"|j|\u2606Chheevcheev\n|j|\u2606g0dGun\n|t:|1774619517\n|gametype|doubles\n|player|p1|Chheevcheev|iris-gen5bw2|1459\n|player|p2|g0dGun|blue|1593\n|gen|9\n|tier|[Gen 9] VGC 2026 Reg I\n|rated|\n|rule|Species Clause: Limit one of each Pok\u00e9mon\n|rule|Item Clause: Limit 1 of each item\n|clearpoke\n|poke|p1|Calyrex-Ice, L50|\n|poke|p1|Lunala, L50|\n|poke|p1|Smeargle, L50, M|\n|poke|p1|Urshifu-*, L50, M|\n|poke|p1|Torkoal, L50, M|\n|poke|p1|Indeedee-F, L50, F|\n|poke|p2|Hitmontop, L50, M|\n|poke|p2|Terapagos, L50, M|\n|poke|p2|Calyrex-Shadow, L50|\n|poke|p2|Ogerpon-Cornerstone, L50, F|\n|poke|p2|Whimsicott, L50, F|\n|poke|p2|Indeedee-F, L50, F|\n|teampreview|4\n|inactive|Battle timer is ON: inactive players will automatically lose when time's up. (requested by g0dGun)\n|\n|t:|1774619547\n|teamsize|p1|4\n|teamsize|p2|4\n|start\n|switch|p1a: Smeargle|Smeargle, L50, M, shiny|100/100\n|switch|p1b: Calyrex|Calyrex-Ice, L50|100/100\n|switch|p2a: Hitmontop|Hitmontop, L50, M|100/100\n|switch|p2b: Indeedee|Indeedee-F, L50, F|100/100\n|-ability|p1b: Calyrex|As One\n|-ability|p1b: Calyrex|Unnerve\n|-fieldstart|move: Psychic Terrain|[from] ability: Psychic Surge|[of] p2b: Indeedee\n|-ability|p2a: Hitmontop|Intimidate|boost\n|-unboost|p1a: Smeargle|atk|1\n|-fail|p1b: Calyrex|unboost|[from] item: Clear Amulet|[of] p1b: Calyrex\n|turn|1\n|\n|t:|1774619569\n|move|p2b: Indeedee|Follow Me|p2b: Indeedee\n|-singleturn|p2b: Indeedee|move: Follow Me\n|move|p1a: Smeargle|Decorate|p2b: Indeedee\n|-boost|p2b: Indeedee|atk|2\n|-boost|p2b: Indeedee|spa|2\n|move|p2a: Hitmontop|Brick Break|p1a: Smeargle\n|-supereffective|p1a: Smeargle\n|-damage|p1a: Smeargle|10/100\n|move|p1b: Calyrex|Trick Room|p1b: Calyrex\n|-fieldstart|move: Trick Room|[of] p1b: Calyrex\n|\n|upkeep\n|turn|2\n|c|\u2606Chheevcheev|Uh oh\n|\n|t:|1774619592\n|move|p1a: Smeargle|Follow Me|p1a: Smeargle\n|-singleturn|p1a: Smeargle|move: Follow Me\n|move|p1b: Calyrex|Glacial Lance|p2b: Indeedee|[spread] p2a,p2b\n|-damage|p2a: Hitmontop|36/100\n|-damage|p2b: Indeedee|37/100\n|-enditem|p2a: Hitmontop|Eject Button\n|\n|t:|1774619598\n|switch|p2a: Terapagos|Terapagos, L50, M|100/100\n|-activate|p2a: Terapagos|ability: Tera Shift\n|detailschange|p2a: Terapagos|Terapagos-Terastal, L50, M\n|-heal|p2a: Terapagos|100/100|[silent]\n|move|p2b: Indeedee|Shadow Ball|p1a: Smeargle\n|-immune|p1a: Smeargle\n|\n|upkeep\n|turn|3\n|\n|t:|1774619622\n|-terastallize|p2a: Terapagos|Stellar\n|detailschange|p2a: Terapagos|Terapagos-Stellar, L50, M, tera:Stellar\n|-heal|p2a: Terapagos|100/100|[silent]\n|-ability|p2a: Terapagos|Teraform Zero\n|-fieldend|move: Psychic Terrain\n|move|p2b: Indeedee|Helping Hand|p2a: Terapagos\n|-singleturn|p2a: Terapagos|Helping Hand|[of] p2b: Indeedee\n|move|p1b: Calyrex|Glacial Lance|p2b: Indeedee|[spread] p2a,p2b\n|-damage|p2a: Terapagos|64/100\n|-damage|p2b: Indeedee|0 fnt\n|faint|p2b: Indeedee\n|-ability|p1b: Calyrex|Chilling Neigh|boost\n|-boost|p1b: Calyrex|atk|1\n|move|p2a: Terapagos|Tera Starstorm|p1b: Calyrex|[spread] p1a,p1b\n|-damage|p1a: Smeargle|0 fnt\n|-damage|p1b: Calyrex|63/100\n|faint|p1a: Smeargle\n|\n|upkeep\n|\n|t:|1774619641\n|switch|p2b: Hitmontop|Hitmontop, L50, M|36/100\n|switch|p1a: Torkoal|Torkoal, L50, M, shiny|100/100\n|-weather|SunnyDay|[from] ability: Drought|[of] p1a: Torkoal\n|-ability|p2b: Hitmontop|Intimidate|boost\n|-unboost|p1a: Torkoal|atk|1\n|-fail|p1b: Calyrex|unboost|[from] item: Clear Amulet|[of] p1b: Calyrex\n|turn|4\n|\n|t:|1774619652\n|-terastallize|p1a: Torkoal|Fire\n|move|p2b: Hitmontop|Wide Guard|p2b: Hitmontop\n|-singleturn|p2b: Hitmontop|Wide Guard\n|move|p1a: Torkoal|Eruption|p2b: Hitmontop|[spread] \n|-activate|p2a: Terapagos|move: Wide Guard\n|-activate|p2b: Hitmontop|move: Wide Guard\n|move|p1b: Calyrex|Glacial Lance|p2a: Terapagos|[spread] \n|-activate|p2a: Terapagos|move: Wide Guard\n|-activate|p2b: Hitmontop|move: Wide Guard\n|move|p2a: Terapagos|Tera Starstorm|p1a: Torkoal|[spread] p1a,p1b\n|-supereffective|p1a: Torkoal\n|-damage|p1a: Torkoal|0 fnt\n|-damage|p1b: Calyrex|34/100\n|faint|p1a: Torkoal\n|\n|-weather|SunnyDay|[upkeep]\n|upkeep\n|\n|t:|1774619656\n|switch|p1a: Lunala|Lunala, L50|100/100\n|turn|5\n|c|\u2606Chheevcheev|Fair enough\n|\n|t:|1774619676\n|move|p2a: Terapagos|Protect|p2a: Terapagos\n|-singleturn|p2a: Terapagos|Protect\n|move|p2b: Hitmontop|Brick Break|p1b: Calyrex\n|-damage|p1b: Calyrex|19/100\n|move|p1b: Calyrex|Trick Room|p1b: Calyrex\n|-fieldend|move: Trick Room\n|move|p1a: Lunala|Trick Room|p1a: Lunala\n|-fieldstart|move: Trick Room|[of] p1a: Lunala\n|\n|-weather|SunnyDay|[upkeep]\n|upkeep\n|turn|6\n|\n|t:|1774619692\n|move|p2b: Hitmontop|Wide Guard|p2b: Hitmontop\n|-singleturn|p2b: Hitmontop|Wide Guard\n|move|p1b: Calyrex|High Horsepower|p2a: Terapagos\n|-damage|p2a: Terapagos|26/100\n|move|p2a: Terapagos|Tera Starstorm|p1a: Lunala|[spread] p1a,p1b\n|-damage|p1a: Lunala|85/100\n|-damage|p1b: Calyrex|0 fnt\n|faint|p1b: Calyrex\n|move|p1a: Lunala|Expanding Force|p2a: Terapagos\n|-damage|p2a: Terapagos|0 fnt\n|faint|p2a: Terapagos\n|detailschange|p2: Terapagos|Terapagos, L50, M|[silent]\n|\n|-weather|SunnyDay|[upkeep]\n|upkeep\n|\n|t:|1774619707\n|switch|p2a: Calyrex|Calyrex-Shadow, L50|100/100\n|-ability|p2a: Calyrex|As One\n|-ability|p2a: Calyrex|Unnerve\n|turn|7\n|\n|t:|1774619716\n|move|p2a: Calyrex|Protect|p2a: Calyrex\n|-singleturn|p2a: Calyrex|Protect\n|move|p2b: Hitmontop|Brick Break|p1a: Lunala\n|-immune|p1a: Lunala\n|move|p1a: Lunala|Moongeist Beam|p2a: Calyrex\n|-activate|p2a: Calyrex|move: Protect\n|\n|-weather|SunnyDay|[upkeep]\n|upkeep\n|turn|8\n|\n|t:|1774619729\n|move|p2b: Hitmontop|Brick Break|p1a: Lunala\n|-immune|p1a: Lunala\n|move|p1a: Lunala|Moongeist Beam|p2a: Calyrex\n|-supereffective|p2a: Calyrex\n|-enditem|p2a: Calyrex|Focus Sash\n|-damage|p2a: Calyrex|1/100\n|move|p2a: Calyrex|Astral Barrage|p1a: Lunala\n|-supereffective|p1a: Lunala\n|-damage|p1a: Lunala|0 fnt\n|faint|p1a: Lunala\n|\n|win|g0dGun\n|raw|Chheevcheev's rating: 1459 &rarr; <strong>1446</strong><br />(-13 for losing)\n|raw|g0dGun's rating: 1593 &rarr; <strong>1606</strong><br />(+13 for winning)\n|l|\u2606Chheevcheev\n|player|p1|\n|l|\u2606g0dGun\n|player|p2|\n","uploadtime":1774619873,"views":16,"formatid":"gen9vgc2026regi","rating":1446,"private":0,"password":null}