{"id":"gen9vgc2026regi-2577156273","format":"[Gen 9] VGC 2026 Reg I","players":["TheNamesBetty","xoflow"],"log":"|j|\u2606TheNamesBetty\n|j|\u2606xoflow\n|t:|1775545934\n|gametype|doubles\n|player|p1|TheNamesBetty|koga|1393\n|player|p2|xoflow|acetrainer-gen4dp|1306\n|gen|9\n|tier|[Gen 9] VGC 2026 Reg I\n|rated|\n|rule|Species Clause: Limit one of each Pok\u00e9mon\n|rule|Item Clause: Limit 1 of each item\n|clearpoke\n|poke|p1|Eternatus, L50|\n|poke|p1|Grimmsnarl, L50, M|\n|poke|p1|Ting-Lu, L50|\n|poke|p1|Incineroar, L50, F|\n|poke|p1|Calyrex-Shadow, L50|\n|poke|p1|Dewgong, L50, M|\n|poke|p2|Terapagos, L50, M|\n|poke|p2|Rillaboom, L50, F|\n|poke|p2|Grimmsnarl, L50, M|\n|poke|p2|Groudon, L50|\n|poke|p2|Clefairy, L50, F|\n|poke|p2|Incineroar, L50, M|\n|teampreview|4\nTheNamesBetty has agreed to open team sheets.\nxoflow has agreed to open team sheets.\n|showteam|p1|Eternatus||SafetyGoggles|Pressure|SludgeWave,FireSpin,CosmicPower,Recover||||||50|,,,,,Fairy]Grimmsnarl||LightClay|Prankster|ThunderWave,LightScreen,Reflect,FoulPlay|||M|||50|,,,,,Ghost]Ting-Lu||AssaultVest|VesselofRuin|SandTomb,Fissure,Snarl,LashOut||||||50|,,,,,Poison]Incineroar||ClearAmulet|Intimidate|FakeOut,Roar,KnockOff,Protect|||F|||50|,,,,,Water]Calyrex-Shadow||LifeOrb|AsOneSpectrier|AstralBarrage,Psychic,NastyPlot,Protect||||||50|,,,,,Dark]Dewgong||CovertCloak|ThickFat|FakeOut,PerishSong,AquaJet,Protect|||M|||50|,,,,,Ground\n|showteam|p2|Terapagos||Leftovers|TeraShift|TeraStarstorm,EarthPower,CalmMind,Protect|||M|||50|,,,,,Stellar]Rillaboom||AssaultVest|GrassySurge|FakeOut,GrassyGlide,WoodHammer,HighHorsepower|||F|||50|,,,,,Fire]Grimmsnarl||LightClay|Prankster|LightScreen,Reflect,SpiritBreak,MistyTerrain|||M|||50|,,,,,Steel]Groudon||ClearAmulet|Drought|PrecipiceBlades,HeatCrash,RockSlide,Protect||||||50|,,,,,Fire]Clefairy||Eviolite|FriendGuard|FollowMe,LifeDew,HelpingHand,AfterYou|||F|||50|,,,,,Water]Incineroar||SafetyGoggles|Intimidate|FakeOut,FlareBlitz,KnockOff,WillOWisp|||M|||50|,,,,,Ghost\n|c|\u2606TheNamesBetty|This will take forever\n|\n|t:|1775545992\n|teamsize|p1|4\n|teamsize|p2|4\n|start\n|switch|p1a: Kret\u00e8n|Grimmsnarl, L50, M|100/100\n|switch|p1b: Internet US|Eternatus, L50|100/100\n|switch|p2a: Grimmsnarl|Grimmsnarl, L50, M|100/100\n|switch|p2b: Terapagos|Terapagos, L50, M|100/100\n|-activate|p2b: Terapagos|ability: Tera Shift\n|detailschange|p2b: Terapagos|Terapagos-Terastal, L50, M\n|-heal|p2b: Terapagos|100/100|[silent]\n|-ability|p1b: Internet US|Pressure\n|turn|1\n|c|\u2606xoflow|dont threaten me with a good time\n|\n|t:|1775546026\n|move|p2b: Terapagos|Protect|p2b: Terapagos\n|-singleturn|p2b: Terapagos|Protect\n|move|p1a: Kret\u00e8n|Thunder Wave|p2b: Terapagos\n|-activate|p2b: Terapagos|move: Protect\n|move|p2a: Grimmsnarl|Misty Terrain|p2a: Grimmsnarl\n|-fieldstart|move: Misty Terrain\n|move|p1b: Internet US|Cosmic Power|p1b: Internet US\n|-boost|p1b: Internet US|def|1\n|-boost|p1b: Internet US|spd|1\n|\n|upkeep\n|turn|2\n|\n|t:|1775546050\n|move|p2a: Grimmsnarl|Light Screen|p2a: Grimmsnarl\n|-sidestart|p2: xoflow|move: Light Screen\n|move|p1b: Internet US|Fire Spin|p2b: Terapagos\n|-activate|p2b: Terapagos|ability: Tera Shell\n|-resisted|p2b: Terapagos\n|-damage|p2b: Terapagos|97/100\n|-activate|p2b: Terapagos|move: Fire Spin|[of] p1b: Internet US\n|move|p2b: Terapagos|Calm Mind|p2b: Terapagos\n|-boost|p2b: Terapagos|spa|1\n|-boost|p2b: Terapagos|spd|1\n|move|p1a: Kret\u00e8n|Foul Play|p2b: Terapagos\n|-damage|p2b: Terapagos|75/100\n|\n|-heal|p2b: Terapagos|81/100|[from] item: Leftovers\n|-damage|p2b: Terapagos|69/100|[from] move: Fire Spin|[partiallytrapped]\n|upkeep\n|turn|3\n|\n|t:|1775546086\n|switch|p2a: Clefairy|Clefairy, L50, F, shiny|100/100\n|move|p1a: Kret\u00e8n|Light Screen|p1a: Kret\u00e8n\n|-sidestart|p1: TheNamesBetty|move: Light Screen\n|move|p1b: Internet US|Cosmic Power|p1b: Internet US\n|-boost|p1b: Internet US|def|1\n|-boost|p1b: Internet US|spd|1\n|move|p2b: Terapagos|Earth Power|p1b: Internet US\n|-supereffective|p1b: Internet US\n|-damage|p1b: Internet US|82/100\n|\n|-heal|p2b: Terapagos|75/100|[from] item: Leftovers\n|-damage|p2b: Terapagos|62/100|[from] move: Fire Spin|[partiallytrapped]\n|upkeep\n|turn|4\n|\n|t:|1775546105\n|move|p1b: Internet US|Fire Spin|p2a: Clefairy\n|-damage|p2a: Clefairy|94/100\n|-activate|p2a: Clefairy|move: Fire Spin|[of] p1b: Internet US\n|move|p2b: Terapagos|Calm Mind|p2b: Terapagos\n|-boost|p2b: Terapagos|spa|1\n|-boost|p2b: Terapagos|spd|1\n|move|p1a: Kret\u00e8n|Foul Play|p2b: Terapagos\n|-damage|p2b: Terapagos|44/100\n|move|p2a: Clefairy|Life Dew|p2a: Clefairy|[spread] p2a,p2b\n|-heal|p2a: Clefairy|100/100\n|-heal|p2b: Terapagos|69/100\n|\n|-heal|p2b: Terapagos|75/100|[from] item: Leftovers\n|-damage|p2b: Terapagos|63/100|[from] move: Fire Spin|[partiallytrapped]\n|-damage|p2a: Clefairy|88/100|[from] move: Fire Spin|[partiallytrapped]\n|upkeep\n|turn|5\n|\n|t:|1775546133\n|switch|p1a: Iglu|Ting-Lu, L50|100/100\n|-ability|p1a: Iglu|Vessel of Ruin\n|move|p2a: Clefairy|Helping Hand|p2b: Terapagos\n|-singleturn|p2b: Terapagos|Helping Hand|[of] p2a: Clefairy\n|move|p1b: Internet US|Cosmic Power|p1b: Internet US\n|-boost|p1b: Internet US|def|1\n|-boost|p1b: Internet US|spd|1\n|move|p2b: Terapagos|Tera Starstorm|p1a: Iglu\n|-damage|p1a: Iglu|62/100\n|\n|-heal|p2b: Terapagos|69/100|[from] item: Leftovers\n|-damage|p2b: Terapagos|56/100|[from] move: Fire Spin|[partiallytrapped]\n|-damage|p2a: Clefairy|76/100|[from] move: Fire Spin|[partiallytrapped]\n|-fieldend|Misty Terrain\n|upkeep\n|turn|6\n|\n|t:|1775546190\n|move|p1b: Internet US|Cosmic Power|p1b: Internet US\n|-boost|p1b: Internet US|def|1\n|-boost|p1b: Internet US|spd|1\n|move|p2b: Terapagos|Calm Mind|p2b: Terapagos\n|-boost|p2b: Terapagos|spa|1\n|-boost|p2b: Terapagos|spd|1\n|move|p1a: Iglu|Fissure|p2b: Terapagos\n|-damage|p2b: Terapagos|0 fnt\n|faint|p2b: Terapagos\n|-ohko\n|move|p2a: Clefairy|Life Dew|p2a: Clefairy\n|-heal|p2a: Clefairy|100/100\n|\n|-damage|p2a: Clefairy|88/100|[from] move: Fire Spin|[partiallytrapped]\n|upkeep\n|c|\u2606TheNamesBetty|Ez\n|\n|t:|1775546203\n|switch|p2b: Groudon|Groudon, L50|100/100\n|-weather|SunnyDay|[from] ability: Drought|[of] p2b: Groudon\n|turn|7\n|c|\u2606xoflow|:(\n|\n|t:|1775546227\n|-terastallize|p1b: Internet US|Fairy\n|move|p2a: Clefairy|Helping Hand|p2b: Groudon\n|-singleturn|p2b: Groudon|Helping Hand|[of] p2a: Clefairy\n|move|p1b: Internet US|Cosmic Power|p1b: Internet US\n|-boost|p1b: Internet US|def|1\n|-boost|p1b: Internet US|spd|1\n|move|p2b: Groudon|Precipice Blades|p1a: Iglu|[spread] p1a,p1b\n|-damage|p1a: Iglu|22/100\n|-damage|p1b: Internet US|66/100\n|move|p1a: Iglu|Fissure|p2b: Groudon|[miss]\n|-miss|p1a: Iglu|p2b: Groudon\n|\n|-weather|SunnyDay|[upkeep]\n|-damage|p2a: Clefairy|76/100|[from] move: Fire Spin|[partiallytrapped]\n|upkeep\n|turn|8\n|\n|t:|1775546251\n|move|p2a: Clefairy|Helping Hand|p2b: Groudon\n|-singleturn|p2b: Groudon|Helping Hand|[of] p2a: Clefairy\n|move|p1b: Internet US|Sludge Wave|p2b: Groudon|[spread] p1a,p2a,p2b\n|-resisted|p1a: Iglu\n|-supereffective|p2a: Clefairy\n|-resisted|p2b: Groudon\n|-damage|p1a: Iglu|18/100\n|-damage|p2a: Clefairy|48/100\n|-damage|p2b: Groudon|95/100\n|move|p2b: Groudon|Precipice Blades|p1a: Iglu|[spread] \n|-miss|p2b: Groudon|p1a: Iglu\n|-miss|p2b: Groudon|p1b: Internet US\n|move|p1a: Iglu|Fissure|p2b: Groudon|[miss]\n|-miss|p1a: Iglu|p2b: Groudon\n|\n|-weather|SunnyDay|[upkeep]\n|-end|p2a: Clefairy|Fire Spin|[partiallytrapped]\n|upkeep\n|turn|9\n|\n|t:|1775546274\n|move|p1b: Internet US|Fire Spin|p2b: Groudon|[miss]\n|-miss|p1b: Internet US|p2b: Groudon\n|move|p2b: Groudon|Precipice Blades|p1b: Internet US|[spread] p1a,p1b\n|-damage|p1a: Iglu|0 fnt\n|-damage|p1b: Internet US|54/100\n|faint|p1a: Iglu\n|move|p2a: Clefairy|Life Dew|p2a: Clefairy|[spread] p2a,p2b\n|-heal|p2a: Clefairy|73/100\n|-heal|p2b: Groudon|100/100\n|\n|-weather|SunnyDay|[upkeep]\n|-sideend|p2: xoflow|move: Light Screen\n|upkeep\n|\n|t:|1775546279\n|switch|p1a: Kret\u00e8n|Grimmsnarl, L50, M|100/100\n|turn|10\n|\n|t:|1775546293\n|switch|p2a: Grimmsnarl|Grimmsnarl, L50, M|100/100\n|move|p2b: Groudon|Protect|p2b: Groudon\n|-singleturn|p2b: Groudon|Protect\n|move|p1a: Kret\u00e8n|Reflect|p1a: Kret\u00e8n\n|-sidestart|p1: TheNamesBetty|Reflect\n|move|p1b: Internet US|Fire Spin|p2b: Groudon\n|-activate|p2b: Groudon|move: Protect\n|\n|-weather|SunnyDay|[upkeep]\n|-sideend|p1: TheNamesBetty|move: Light Screen\n|upkeep\n|turn|11\n|\n|t:|1775546311\n|move|p2a: Grimmsnarl|Misty Terrain|p2a: Grimmsnarl\n|-fieldstart|move: Misty Terrain\n|move|p1b: Internet US|Fire Spin|p2b: Groudon|[miss]\n|-miss|p1b: Internet US|p2b: Groudon\n|move|p2b: Groudon|Precipice Blades|p1b: Internet US|[spread] p1a,p1b\n|-damage|p1a: Kret\u00e8n|69/100\n|-damage|p1b: Internet US|46/100\n|move|p1a: Kret\u00e8n|Foul Play|p2b: Groudon\n|-crit|p2b: Groudon\n|-damage|p2b: Groudon|37/100\n|\n|-weather|none\n|upkeep\n|turn|12\n|\n|t:|1775546337\n|switch|p2b: Clefairy|Clefairy, L50, F, shiny|73/100\n|move|p2a: Grimmsnarl|Light Screen|p2a: Grimmsnarl\n|-sidestart|p2: xoflow|move: Light Screen\n|move|p1b: Internet US|Recover|p1b: Internet US\n|-heal|p1b: Internet US|96/100\n|move|p1a: Kret\u00e8n|Foul Play|p2b: Clefairy\n|-resisted|p2b: Clefairy\n|-damage|p2b: Clefairy|67/100\n|\n|upkeep\n|turn|13\n|\n|t:|1775546356\n|switch|p1a: M\u0148ouk\ud83d\udc31\ud83d\udc31\ud83d\udc31|Incineroar, L50, F|100/100\n|-ability|p1a: M\u0148ouk\ud83d\udc31\ud83d\udc31\ud83d\udc31|Intimidate|boost\n|-unboost|p2a: Grimmsnarl|atk|1\n|-unboost|p2b: Clefairy|atk|1\n|move|p2a: Grimmsnarl|Reflect|p2a: Grimmsnarl\n|-sidestart|p2: xoflow|Reflect\n|move|p1b: Internet US|Fire Spin|p2b: Clefairy\n|-damage|p2b: Clefairy|61/100\n|-activate|p2b: Clefairy|move: Fire Spin|[of] p1b: Internet US\n|move|p2b: Clefairy|Life Dew||[still]|[spread] p2a,p2b\n|-fail|p2a: Grimmsnarl|heal\n|-heal|p2b: Clefairy|86/100\n|\n|-damage|p2b: Clefairy|73/100|[from] move: Fire Spin|[partiallytrapped]\n|upkeep\n|turn|14\n|\n|t:|1775546377\n|switch|p2a: Groudon|Groudon, L50|37/100\n|-weather|SunnyDay|[from] ability: Drought|[of] p2a: Groudon\n|move|p1b: Internet US|Fire Spin|p2a: Groudon\n|-damage|p2a: Groudon|29/100\n|-activate|p2a: Groudon|move: Fire Spin|[of] p1b: Internet US\n|move|p1a: M\u0148ouk\ud83d\udc31\ud83d\udc31\ud83d\udc31|Knock Off|p2b: Clefairy\n|-resisted|p2b: Clefairy\n|-crit|p2b: Clefairy\n|-damage|p2b: Clefairy|37/100\n|-enditem|p2b: Clefairy|Eviolite|[from] move: Knock Off|[of] p1a: M\u0148ouk\ud83d\udc31\ud83d\udc31\ud83d\udc31\n|move|p2b: Clefairy|Life Dew|p2b: Clefairy|[spread] p2a,p2b\n|-heal|p2a: Groudon|54/100\n|-heal|p2b: Clefairy|62/100\n|\n|-weather|SunnyDay|[upkeep]\n|-damage|p2a: Groudon|42/100|[from] move: Fire Spin|[partiallytrapped]\n|-damage|p2b: Clefairy|49/100|[from] move: Fire Spin|[partiallytrapped]\n|upkeep\n|turn|15\n|\n|t:|1775546396\n|move|p2b: Clefairy|Helping Hand|p2a: Groudon\n|-singleturn|p2a: Groudon|Helping Hand|[of] p2b: Clefairy\n|move|p1a: M\u0148ouk\ud83d\udc31\ud83d\udc31\ud83d\udc31|Protect|p1a: M\u0148ouk\ud83d\udc31\ud83d\udc31\ud83d\udc31\n|-singleturn|p1a: M\u0148ouk\ud83d\udc31\ud83d\udc31\ud83d\udc31|Protect\n|move|p1b: Internet US|Sludge Wave|p2a: Groudon|[spread] p2a,p2b\n|-activate|p1a: M\u0148ouk\ud83d\udc31\ud83d\udc31\ud83d\udc31|move: Protect\n|-resisted|p2a: Groudon\n|-supereffective|p2b: Clefairy\n|-damage|p2a: Groudon|34/100\n|-damage|p2b: Clefairy|0 fnt\n|faint|p2b: Clefairy\n|move|p2a: Groudon|Precipice Blades|p1b: Internet US|[spread] p1b\n|-activate|p1a: M\u0148ouk\ud83d\udc31\ud83d\udc31\ud83d\udc31|move: Protect\n|-damage|p1b: Internet US|85/100\n|\n|-weather|SunnyDay|[upkeep]\n|-damage|p2a: Groudon|21/100|[from] move: Fire Spin|[partiallytrapped]\n|-fieldend|Misty Terrain\n|upkeep\n|c|\u2606xoflow|gg\n|-message|xoflow forfeited.\n|\n|win|TheNamesBetty\n|raw|TheNamesBetty's rating: 1393 &rarr; <strong>1408</strong><br />(+15 for winning)\n|raw|xoflow's rating: 1306 &rarr; <strong>1291</strong><br />(-15 for losing)\n","uploadtime":1775546419,"views":13,"formatid":"gen9vgc2026regi","rating":1291,"private":0,"password":null}