{"id":"gen9vgc2026regi-2560001141","format":"[Gen 9] VGC 2026 Reg I","players":["It'sJustKen VGC","pigs2fly"],"log":"|j|\u2606It'sJustKen VGC\n|j|\u2606pigs2fly\n|t:|1773634111\n|gametype|doubles\n|player|p1|It'sJustKen VGC|102|1328\n|player|p2|pigs2fly|dexio|1463\n|gen|9\n|tier|[Gen 9] VGC 2026 Reg I\n|rated|\n|rule|Species Clause: Limit one of each Pok\u00e9mon\n|rule|Item Clause: Limit 1 of each item\n|clearpoke\n|poke|p1|Landorus, L50, M|\n|poke|p1|Amoonguss, L50, F|\n|poke|p1|Calyrex-Ice, L50|\n|poke|p1|Incineroar, L50, F|\n|poke|p1|Miraidon, L50|\n|poke|p1|Urshifu-*, L50, F|\n|poke|p2|Annihilape, L50, M|\n|poke|p2|Chien-Pao, L50|\n|poke|p2|Amoonguss, L50, M|\n|poke|p2|Roaring Moon, L50|\n|poke|p2|Zamazenta-*, L50|\n|poke|p2|Kyogre, L50|\n|teampreview|4\n|inactive|Battle timer is ON: inactive players will automatically lose when time's up. (requested by It'sJustKen VGC)\n|inactive|It'sJustKen VGC has 60 seconds left.\n|inactive|pigs2fly has 60 seconds left.\n|\n|t:|1773634167\n|teamsize|p1|4\n|teamsize|p2|4\n|start\n|switch|p1a: Antonelli|Miraidon, L50|100/100\n|switch|p1b: Piastri|Amoonguss, L50, F|100/100\n|switch|p2a: Kyogre|Kyogre, L50|100/100\n|switch|p2b: Annihilape|Annihilape, L50, M|100/100\n|-fieldstart|move: Electric Terrain|[from] ability: Hadron Engine|[of] p1a: Antonelli\n|-weather|RainDance|[from] ability: Drizzle|[of] p2a: Kyogre\n|turn|1\n|\n|t:|1773634191\n|switch|p2a: Amoonguss|Amoonguss, L50, M|100/100\n|-terastallize|p1a: Antonelli|Electric\n|move|p1b: Piastri|Rage Powder|p1b: Piastri\n|-singleturn|p1b: Piastri|move: Rage Powder\n|move|p2b: Annihilape|Shadow Claw|p1b: Piastri\n|-damage|p1b: Piastri|80/100\n|move|p1a: Antonelli|Electro Drift|p2a: Amoonguss\n|-resisted|p2a: Amoonguss\n|-damage|p2a: Amoonguss|12/100\n|\n|-weather|RainDance|[upkeep]\n|upkeep\n|turn|2\n|inactive|It'sJustKen VGC has 30 seconds left.\n|\n|t:|1773634226\n|switch|p1b: Leclerc|Landorus, L50, M|100/100\n|move|p2a: Amoonguss|Protect|p2a: Amoonguss\n|-singleturn|p2a: Amoonguss|Protect\n|move|p2b: Annihilape|Shadow Claw|p1a: Antonelli\n|-damage|p1a: Antonelli|75/100\n|move|p1a: Antonelli|Electro Drift|p2b: Annihilape\n|-damage|p2b: Annihilape|0 fnt\n|faint|p2b: Annihilape\n|\n|-weather|RainDance|[upkeep]\n|upkeep\n|\n|t:|1773634234\n|switch|p2b: Zamazenta|Zamazenta-Crowned, L50, shiny|100/100\n|-ability|p2b: Zamazenta|Dauntless Shield|boost\n|-boost|p2b: Zamazenta|def|1\n|turn|3\n|\n|t:|1773634243\n|-terastallize|p2b: Zamazenta|Grass\n|move|p2a: Amoonguss|Rage Powder|p2a: Amoonguss\n|-singleturn|p2a: Amoonguss|move: Rage Powder\n|move|p2b: Zamazenta|Body Press|p1a: Antonelli\n|-damage|p1a: Antonelli|17/100\n|move|p1a: Antonelli|Electro Drift|p2a: Amoonguss\n|-resisted|p2a: Amoonguss\n|-damage|p2a: Amoonguss|0 fnt\n|faint|p2a: Amoonguss\n|move|p1b: Leclerc|Sandsear Storm|p2b: Zamazenta\n|-resisted|p2b: Zamazenta\n|-crit|p2b: Zamazenta\n|-damage|p2b: Zamazenta|52/100\n|\n|-weather|RainDance|[upkeep]\n|upkeep\n|\n|t:|1773634249\n|switch|p2a: Kyogre|Kyogre, L50|100/100\n|turn|4\n|\n|t:|1773634257\n|switch|p1a: Hamilton|Incineroar, L50, F|100/100\n|-ability|p1a: Hamilton|Intimidate|boost\n|-unboost|p2a: Kyogre|atk|1\n|-unboost|p2b: Zamazenta|atk|1\n|move|p2b: Zamazenta|Body Press|p1a: Hamilton\n|-supereffective|p1a: Hamilton\n|-crit|p1a: Hamilton\n|-damage|p1a: Hamilton|0 fnt\n|faint|p1a: Hamilton\n|move|p1b: Leclerc|Sludge Bomb|p2b: Zamazenta\n|-supereffective|p2b: Zamazenta\n|-damage|p2b: Zamazenta|0 fnt\n|faint|p2b: Zamazenta\n|move|p2a: Kyogre|Origin Pulse|p1b: Leclerc\n|-supereffective|p1b: Leclerc\n|-damage|p1b: Leclerc|0 fnt\n|faint|p1b: Leclerc\n|\n|-weather|RainDance|[upkeep]\n|upkeep\n|\n|t:|1773634260\n|switch|p1b: Piastri|Amoonguss, L50, F|100/100\n|switch|p1a: Antonelli|Miraidon, L50, tera:Electric|17/100\n|-activate|p1a: Antonelli|ability: Hadron Engine\n|turn|5\n|\n|t:|1773634266\n|move|p1a: Antonelli|Electro Drift|p2a: Kyogre\n|-supereffective|p2a: Kyogre\n|-damage|p2a: Kyogre|0 fnt\n|faint|p2a: Kyogre\n|\n|win|It'sJustKen VGC\n|raw|It&apos;sJustKen VGC's rating: 1328 &rarr; <strong>1355</strong><br />(+27 for winning)\n|raw|pigs2fly's rating: 1463 &rarr; <strong>1436</strong><br />(-27 for losing)\n|l|\u2606pigs2fly\n|player|p2|\n|l|\u2606It'sJustKen VGC\n|player|p1|\n","uploadtime":1773634336,"views":10,"formatid":"gen9vgc2026regi","rating":1355,"private":0,"password":null}