{"id":"gen9vgc2026regi-2559368916","format":"[Gen 9] VGC 2026 Reg I","players":["wasaad5","KaiMVGC"],"log":"|j|\u2606wasaad5\n|j|\u2606KaiMVGC\n|t:|1773553320\n|gametype|doubles\n|player|p1|wasaad5|blue|1316\n|player|p2|KaiMVGC|boarder|1308\n|gen|9\n|tier|[Gen 9] VGC 2026 Reg I\n|rated|\n|rule|Species Clause: Limit one of each Pok\u00e9mon\n|rule|Item Clause: Limit 1 of each item\n|clearpoke\n|poke|p1|Kyurem-White, L50|\n|poke|p1|Zacian-*, L50|\n|poke|p1|Sableye, L50, F|\n|poke|p1|Urshifu-*, L50, F|\n|poke|p1|Amoonguss, L50, M|\n|poke|p1|Incineroar, L50, F|\n|poke|p2|Calyrex-Shadow, L50|\n|poke|p2|Zamazenta-*, L50|\n|poke|p2|Incineroar, L50, F|\n|poke|p2|Rillaboom, L50, F|\n|poke|p2|Amoonguss, L50, M|\n|poke|p2|Urshifu-*, L50, M|\n|teampreview|4\n|\n|t:|1773553352\n|teamsize|p1|4\n|teamsize|p2|4\n|start\n|switch|p1a: Urshifu|Urshifu-Rapid-Strike, L50, F|100/100\n|switch|p1b: Sableye|Sableye, L50, F|100/100\n|switch|p2a: Incineroar|Incineroar, L50, F|100/100\n|switch|p2b: Amoonguss|Amoonguss, L50, M|100/100\n|-ability|p2a: Incineroar|Intimidate|boost\n|-unboost|p1a: Urshifu|atk|1\n|-unboost|p1b: Sableye|atk|1\n|turn|1\n|\n|t:|1773553378\n|move|p2a: Incineroar|Fake Out|p1a: Urshifu\n|-damage|p1a: Urshifu|90/100\n|move|p1b: Sableye|Rain Dance|p1b: Sableye\n|-weather|RainDance\n|cant|p1a: Urshifu|flinch\n|move|p2b: Amoonguss|Spore|p1b: Sableye\n|-status|p1b: Sableye|slp|[from] move: Spore\n|\n|-weather|RainDance|[upkeep]\n|upkeep\n|turn|2\n|\n|t:|1773553387\n|move|p2b: Amoonguss|Rage Powder|p2b: Amoonguss\n|-singleturn|p2b: Amoonguss|move: Rage Powder\n|cant|p1b: Sableye|slp\n|move|p1a: Urshifu|Surging Strikes|p2b: Amoonguss\n|-resisted|p2b: Amoonguss\n|-crit|p2b: Amoonguss\n|-damage|p2b: Amoonguss|85/100\n|-resisted|p2b: Amoonguss\n|-crit|p2b: Amoonguss\n|-damage|p2b: Amoonguss|68/100\n|-resisted|p2b: Amoonguss\n|-crit|p2b: Amoonguss\n|-damage|p2b: Amoonguss|53/100\n|-hitcount|p2b: Amoonguss|3\n|move|p2a: Incineroar|Will-O-Wisp|p1a: Urshifu\n|-status|p1a: Urshifu|brn\n|\n|-weather|RainDance|[upkeep]\n|-damage|p1a: Urshifu|83/100 brn|[from] brn\n|upkeep\n|turn|3\n|\n|t:|1773553410\n|-terastallize|p1a: Urshifu|Water\n|cant|p1b: Sableye|slp\n|move|p1a: Urshifu|Surging Strikes|p2a: Incineroar\n|-supereffective|p2a: Incineroar\n|-crit|p2a: Incineroar\n|-damage|p2a: Incineroar|71/100\n|-supereffective|p2a: Incineroar\n|-crit|p2a: Incineroar\n|-damage|p2a: Incineroar|38/100\n|-supereffective|p2a: Incineroar\n|-crit|p2a: Incineroar\n|-damage|p2a: Incineroar|6/100\n|-hitcount|p2a: Incineroar|3\n|move|p2a: Incineroar|Knock Off|p1b: Sableye\n|-damage|p1b: Sableye|62/100 slp\n|-enditem|p1b: Sableye|Focus Sash|[from] move: Knock Off|[of] p2a: Incineroar\n|move|p2b: Amoonguss|Pollen Puff|p2a: Incineroar\n|-heal|p2a: Incineroar|56/100\n|\n|-weather|RainDance|[upkeep]\n|-damage|p1a: Urshifu|77/100 brn|[from] brn\n|upkeep\n|turn|4\n|\n|t:|1773553425\n|move|p2b: Amoonguss|Rage Powder|p2b: Amoonguss\n|-singleturn|p2b: Amoonguss|move: Rage Powder\n|-curestatus|p1b: Sableye|slp|[msg]\n|move|p1b: Sableye|Disable|p2b: Amoonguss\n|-start|p2b: Amoonguss|Disable|Rage Powder\n|-enditem|p2b: Amoonguss|Mental Herb\n|-end|p2b: Amoonguss|Disable\n|move|p1a: Urshifu|Surging Strikes|p2b: Amoonguss\n|-resisted|p2b: Amoonguss\n|-crit|p2b: Amoonguss\n|-damage|p2b: Amoonguss|42/100\n|-resisted|p2b: Amoonguss\n|-crit|p2b: Amoonguss\n|-damage|p2b: Amoonguss|32/100\n|-resisted|p2b: Amoonguss\n|-crit|p2b: Amoonguss\n|-damage|p2b: Amoonguss|22/100\n|-hitcount|p2b: Amoonguss|3\n|move|p2a: Incineroar|Parting Shot|p1a: Urshifu\n|-unboost|p1a: Urshifu|atk|1\n|-unboost|p1a: Urshifu|spa|1\n|\n|t:|1773553438\n|switch|p2a: Zamazenta|Zamazenta-Crowned, L50|100/100|[from] Parting Shot\n|-ability|p2a: Zamazenta|Dauntless Shield|boost\n|-boost|p2a: Zamazenta|def|1\n|\n|-weather|RainDance|[upkeep]\n|-damage|p1a: Urshifu|71/100 brn|[from] brn\n|upkeep\n|turn|5\n|\n|t:|1773553450\n|switch|p2b: Incineroar|Incineroar, L50, F|56/100\n|-ability|p2b: Incineroar|Intimidate|boost\n|-unboost|p1a: Urshifu|atk|1\n|-unboost|p1b: Sableye|atk|1\n|-terastallize|p2a: Zamazenta|Dragon\n|move|p1b: Sableye|Disable|p2b: Incineroar\n|-hint|Since gen 7, Dark is immune to Prankster moves.\n|-immune|p2b: Incineroar\n|move|p1a: Urshifu|Surging Strikes|p2a: Zamazenta\n|-resisted|p2a: Zamazenta\n|-crit|p2a: Zamazenta\n|-damage|p2a: Zamazenta|94/100\n|-resisted|p2a: Zamazenta\n|-crit|p2a: Zamazenta\n|-damage|p2a: Zamazenta|87/100\n|-resisted|p2a: Zamazenta\n|-crit|p2a: Zamazenta\n|-damage|p2a: Zamazenta|82/100\n|-hitcount|p2a: Zamazenta|3\n|move|p2a: Zamazenta|Heavy Slam|p1b: Sableye\n|-damage|p1b: Sableye|14/100\n|\n|-weather|none\n|-damage|p1a: Urshifu|65/100 brn|[from] brn\n|upkeep\n|turn|6\n|\n|t:|1773553471\n|move|p2b: Incineroar|Fake Out|p1a: Urshifu\n|-damage|p1a: Urshifu|54/100 brn\n|move|p1b: Sableye|Disable|p2a: Zamazenta\n|-start|p2a: Zamazenta|Disable|Heavy Slam\n|cant|p1a: Urshifu|flinch\n|cant|p2a: Zamazenta|Disable|Heavy Slam\n|\n|-damage|p1a: Urshifu|48/100 brn|[from] brn\n|upkeep\n|turn|7\n|\n|t:|1773553484\n|switch|p2b: Amoonguss|Amoonguss, L50, M|55/100\n|move|p1b: Sableye|Rain Dance|p1b: Sableye\n|-weather|RainDance\n|move|p1a: Urshifu|Surging Strikes|p2b: Amoonguss\n|-resisted|p2b: Amoonguss\n|-crit|p2b: Amoonguss\n|-damage|p2b: Amoonguss|46/100\n|-resisted|p2b: Amoonguss\n|-crit|p2b: Amoonguss\n|-damage|p2b: Amoonguss|36/100\n|-resisted|p2b: Amoonguss\n|-crit|p2b: Amoonguss\n|-damage|p2b: Amoonguss|24/100\n|-hitcount|p2b: Amoonguss|3\n|move|p2a: Zamazenta|Body Press|p1a: Urshifu\n|-damage|p1a: Urshifu|0 fnt\n|faint|p1a: Urshifu\n|\n|-weather|RainDance|[upkeep]\n|upkeep\n|\n|t:|1773553488\n|switch|p1a: Kyurem|Kyurem-White, L50, shiny|100/100\n|-ability|p1a: Kyurem|Turboblaze\n|turn|8\n|\n|t:|1773553500\n|switch|p2b: Incineroar|Incineroar, L50, F|56/100\n|-ability|p2b: Incineroar|Intimidate|boost\n|-unboost|p1a: Kyurem|atk|1\n|-unboost|p1b: Sableye|atk|1\n|move|p2a: Zamazenta|Protect|p2a: Zamazenta\n|-singleturn|p2a: Zamazenta|Protect\n|move|p1b: Sableye|Quash|p2a: Zamazenta\n|-activate|p2a: Zamazenta|move: Protect\n|move|p1a: Kyurem|Blizzard|p2a: Zamazenta|[spread] p2b\n|-activate|p2a: Zamazenta|move: Protect\n|-resisted|p2b: Incineroar\n|-damage|p2b: Incineroar|34/100\n|\n|-weather|RainDance|[upkeep]\n|upkeep\n|turn|9\n|\n|t:|1773553516\n|switch|p2a: Amoonguss|Amoonguss, L50, M|58/100\n|move|p1b: Sableye|Encore||[still]\n|-fail|p1b: Sableye\n|move|p1a: Kyurem|Freeze-Dry|p2a: Amoonguss\n|-supereffective|p2a: Amoonguss\n|-damage|p2a: Amoonguss|0 fnt\n|faint|p2a: Amoonguss\n|move|p2b: Incineroar|Knock Off|p1b: Sableye\n|-damage|p1b: Sableye|0 fnt\n|faint|p1b: Sableye\n|\n|-weather|RainDance|[upkeep]\n|upkeep\n|\n|t:|1773553526\n|switch|p1b: Zacian|Zacian-Crowned, L50|100/100\n|switch|p2a: Zamazenta|Zamazenta-Crowned, L50, tera:Dragon|82/100\n|-ability|p1b: Zacian|Intrepid Sword|boost\n|-boost|p1b: Zacian|atk|1\n|turn|10\n|\n|t:|1773553534\n|move|p1b: Zacian|Play Rough|p2a: Zamazenta\n|-supereffective|p2a: Zamazenta\n|-damage|p2a: Zamazenta|0 fnt\n|faint|p2a: Zamazenta\n|move|p1a: Kyurem|Freeze-Dry|p2b: Incineroar\n|-resisted|p2b: Incineroar\n|-damage|p2b: Incineroar|16/100\n|move|p2b: Incineroar|Will-O-Wisp|p1b: Zacian\n|-status|p1b: Zacian|brn\n|\n|-weather|RainDance|[upkeep]\n|-damage|p1b: Zacian|95/100 brn|[from] brn\n|upkeep\n|\n|t:|1773553538\n|switch|p2a: Calyrex|Calyrex-Shadow, L50|100/100\n|-ability|p2a: Calyrex|As One\n|-ability|p2a: Calyrex|Unnerve\n|turn|11\n|\n|t:|1773553553\n|move|p2a: Calyrex|Astral Barrage|p1a: Kyurem|[spread] p1a,p1b\n|-damage|p1a: Kyurem|75/100\n|-damage|p1b: Zacian|42/100 brn\n|move|p1b: Zacian|Behemoth Blade|p2a: Calyrex\n|-damage|p2a: Calyrex|53/100\n|move|p1a: Kyurem|Freeze-Dry|p2a: Calyrex\n|-damage|p2a: Calyrex|6/100\n|move|p2b: Incineroar|Knock Off|p1a: Kyurem\n|-damage|p1a: Kyurem|40/100\n|-enditem|p1a: Kyurem|Assault Vest|[from] move: Knock Off|[of] p2b: Incineroar\n|\n|-weather|none\n|-damage|p1b: Zacian|36/100 brn|[from] brn\n|upkeep\n|turn|12\n|\n|t:|1773553568\n|move|p1b: Zacian|Protect|p1b: Zacian\n|-singleturn|p1b: Zacian|Protect\n|move|p2a: Calyrex|Astral Barrage|p1a: Kyurem|[spread] p1a\n|-activate|p1b: Zacian|move: Protect\n|-damage|p1a: Kyurem|0 fnt\n|faint|p1a: Kyurem\n|-ability|p2a: Calyrex|Grim Neigh|boost\n|-boost|p2a: Calyrex|spa|1\n|move|p2b: Incineroar|Knock Off|p1b: Zacian\n|-activate|p1b: Zacian|move: Protect\n|\n|-damage|p1b: Zacian|30/100 brn|[from] brn\n|upkeep\n|turn|13\n|-message|wasaad5 forfeited.\n|\n|win|KaiMVGC\n|raw|wasaad5's rating: 1316 &rarr; <strong>1296</strong><br />(-20 for losing)\n|raw|KaiMVGC's rating: 1308 &rarr; <strong>1328</strong><br />(+20 for winning)\n|l|\u2606wasaad5\n|player|p1|\n|l|\u2606KaiMVGC\n|player|p2|\n","uploadtime":1773553757,"views":11,"formatid":"gen9vgc2026regi","rating":1296,"private":0,"password":null}