{"id":"gen9vgc2026regi-2567259321","format":"[Gen 9] VGC 2026 Reg I","players":["Puertas-fechadas","bishmii"],"log":"|j|\u2606Puertas-fechadas\n|j|\u2606bishmii\n|t:|1774461237\n|gametype|doubles\n|player|p1|Puertas-fechadas|169|1328\n|player|p2|bishmii|170|1295\n|gen|9\n|tier|[Gen 9] VGC 2026 Reg I\n|rated|\n|rule|Species Clause: Limit one of each Pok\u00e9mon\n|rule|Item Clause: Limit 1 of each item\n|clearpoke\n|poke|p1|Calyrex-Shadow, L50|\n|poke|p1|Zamazenta-*, L50|\n|poke|p1|Chien-Pao, L50|\n|poke|p1|Dragonite, L50, F|\n|poke|p1|Raging Bolt, L50|\n|poke|p1|Amoonguss, L50, M|\n|poke|p2|Incineroar, L50, F|\n|poke|p2|Calyrex-Shadow, L50|\n|poke|p2|Tornadus, L50, M|\n|poke|p2|Rillaboom, L50, M|\n|poke|p2|Sylveon, L50, F|\n|poke|p2|Zamazenta-*, L50|\n|teampreview|4\n|inactive|Battle timer is ON: inactive players will automatically lose when time's up. (requested by bishmii)\n|inactive|Puertas-fechadas has 60 seconds left.\n|inactive|bishmii has 60 seconds left.\n|c|\u2606bishmii|glhf\n|\n|t:|1774461290\n|teamsize|p1|4\n|teamsize|p2|4\n|start\n|switch|p1a: protec|Zamazenta-Crowned, L50|100/100\n|switch|p1b: Raging Bolt|Raging Bolt, L50|100/100\n|switch|p2a: Sylveon|Sylveon, L50, F|100/100\n|switch|p2b: Incineroar|Incineroar, L50, F|100/100\n|-ability|p1a: protec|Dauntless Shield|boost\n|-boost|p1a: protec|def|1\n|-ability|p2b: Incineroar|Intimidate|boost\n|-unboost|p1a: protec|atk|1\n|-unboost|p1b: Raging Bolt|atk|1\n|-enditem|p1b: Raging Bolt|Booster Energy\n|-activate|p1b: Raging Bolt|ability: Protosynthesis|[fromitem]\n|-start|p1b: Raging Bolt|protosynthesisspa\n|turn|1\n|\n|t:|1774461307\n|move|p1a: protec|Protect|p1a: protec\n|-singleturn|p1a: protec|Protect\n|move|p1b: Raging Bolt|Protect|p1b: Raging Bolt\n|-singleturn|p1b: Raging Bolt|Protect\n|move|p2b: Incineroar|Fake Out|p1a: protec\n|-activate|p1a: protec|move: Protect\n|move|p2a: Sylveon|Calm Mind|p2a: Sylveon\n|-boost|p2a: Sylveon|spa|1\n|-boost|p2a: Sylveon|spd|1\n|\n|upkeep\n|turn|2\n|inactive|Puertas-fechadas has 30 seconds left.\n|\n|t:|1774461332\n|-terastallize|p1b: Raging Bolt|Electric\n|move|p2a: Sylveon|Protect|p2a: Sylveon\n|-singleturn|p2a: Sylveon|Protect\n|move|p1a: protec|Body Press|p2b: Incineroar\n|-supereffective|p2b: Incineroar\n|-damage|p2b: Incineroar|0 fnt\n|faint|p2b: Incineroar\n|move|p1b: Raging Bolt|Thunderbolt|p2a: Sylveon\n|-activate|p2a: Sylveon|move: Protect\n|\n|upkeep\n|\n|t:|1774461344\n|switch|p2b: Calyrex|Calyrex-Shadow, L50|100/100\n|-ability|p2b: Calyrex|As One\n|-ability|p2b: Calyrex|Unnerve\n|turn|3\n|\n|t:|1774461368\n|move|p2b: Calyrex|Protect|p2b: Calyrex\n|-singleturn|p2b: Calyrex|Protect\n|move|p1b: Raging Bolt|Thunderclap||[still]\n|-fail|p1b: Raging Bolt\n|move|p1a: protec|Heavy Slam|p2a: Sylveon\n|-supereffective|p2a: Sylveon\n|-damage|p2a: Sylveon|40/100\n|move|p2a: Sylveon|Hyper Voice|p1a: protec|[spread] p1a,p1b\n|-damage|p1a: protec|69/100\n|-damage|p1b: Raging Bolt|59/100\n|\n|-heal|p2a: Sylveon|47/100|[from] item: Leftovers\n|upkeep\n|turn|4\n|\n|t:|1774461389\n|move|p2a: Sylveon|Protect|p2a: Sylveon\n|-singleturn|p2a: Sylveon|Protect\n|move|p1a: protec|Wide Guard|p1a: protec\n|-singleturn|p1a: protec|Wide Guard\n|move|p2b: Calyrex|Nasty Plot|p2b: Calyrex\n|-boost|p2b: Calyrex|spa|2\n|move|p1b: Raging Bolt|Thunderbolt|p2b: Calyrex\n|-damage|p2b: Calyrex|4/100\n|\n|-heal|p2a: Sylveon|53/100|[from] item: Leftovers\n|upkeep\n|turn|5\n|\n|t:|1774461407\n|-terastallize|p2a: Sylveon|Fire\n|move|p2b: Calyrex|Protect|p2b: Calyrex\n|-singleturn|p2b: Calyrex|Protect\n|move|p1b: Raging Bolt|Thunderclap||[still]\n|-fail|p1b: Raging Bolt\n|move|p1a: protec|Heavy Slam|p2a: Sylveon\n|-resisted|p2a: Sylveon\n|-damage|p2a: Sylveon|38/100\n|move|p2a: Sylveon|Tera Blast|p1a: protec|[anim] Tera Blast Fire\n|-supereffective|p1a: protec\n|-damage|p1a: protec|5/100\n|\n|-heal|p2a: Sylveon|44/100|[from] item: Leftovers\n|upkeep\n|turn|6\n|\n|t:|1774461424\n|switch|p2b: Zamazenta|Zamazenta-Crowned, L50|100/100\n|-ability|p2b: Zamazenta|Dauntless Shield|boost\n|-boost|p2b: Zamazenta|def|1\n|move|p1b: Raging Bolt|Thunderclap||[still]\n|-fail|p1b: Raging Bolt\n|move|p1a: protec|Body Press|p2a: Sylveon\n|-damage|p2a: Sylveon|0 fnt\n|faint|p2a: Sylveon\n|\n|upkeep\n|\n|t:|1774461431\n|switch|p2a: Calyrex|Calyrex-Shadow, L50|4/100\n|-ability|p2a: Calyrex|As One\n|-ability|p2a: Calyrex|Unnerve\n|turn|7\n|\n|t:|1774461454\n|move|p2a: Calyrex|Protect|p2a: Calyrex\n|-singleturn|p2a: Calyrex|Protect\n|move|p2b: Zamazenta|Iron Defense|p2b: Zamazenta\n|-boost|p2b: Zamazenta|def|2\n|move|p1a: protec|Body Press|p2b: Zamazenta\n|-supereffective|p2b: Zamazenta\n|-damage|p2b: Zamazenta|58/100\n|move|p1b: Raging Bolt|Thunderbolt|p2a: Calyrex\n|-activate|p2a: Calyrex|move: Protect\n|\n|upkeep\n|turn|8\n|inactive|Puertas-fechadas has 30 seconds left.\n|\n|t:|1774461485\n|move|p1a: protec|Wide Guard|p1a: protec\n|-singleturn|p1a: protec|Wide Guard\n|move|p1b: Raging Bolt|Thunderclap|p2b: Zamazenta\n|-crit|p2b: Zamazenta\n|-damage|p2b: Zamazenta|0 fnt\n|faint|p2b: Zamazenta\n|move|p2a: Calyrex|Nasty Plot|p2a: Calyrex\n|-boost|p2a: Calyrex|spa|2\n|\n|upkeep\n|turn|9\n|c|\u2606bishmii|tough crit sheesh\n|c|\u2606bishmii|gg\n|\n|t:|1774461504\n|move|p1b: Raging Bolt|Thunderclap|p2a: Calyrex\n|-damage|p2a: Calyrex|0 fnt\n|faint|p2a: Calyrex\n|\n|win|Puertas-fechadas\n|raw|Puertas-fechadas's rating: 1328 &rarr; <strong>1346</strong><br />(+18 for winning)\n|raw|bishmii's rating: 1295 &rarr; <strong>1272</strong><br />(-23 for losing)\n|l|\u2606bishmii\n|player|p2|\n|l|\u2606Puertas-fechadas\n|player|p1|\n","uploadtime":1774461715,"views":10,"formatid":"gen9vgc2026regi","rating":1272,"private":0,"password":null}