{"id":"gen9vgc2026regi-2552672702","format":"[Gen 9] VGC 2026 Reg I","players":["lalo's pollos","Maphoo"],"log":"|j|\u2606lalo's pollos\n|j|\u2606Maphoo\n|t:|1772742227\n|gametype|doubles\n|player|p1|lalo's pollos|266|1414\n|player|p2|Maphoo|170|1471\n|gen|9\n|tier|[Gen 9] VGC 2026 Reg I\n|rated|\n|rule|Species Clause: Limit one of each Pok\u00e9mon\n|rule|Item Clause: Limit 1 of each item\n|clearpoke\n|poke|p1|Zamazenta-*, L50|\n|poke|p1|Lunala, L50|\n|poke|p1|Rillaboom, L50, M|\n|poke|p1|Incineroar, L50, F|\n|poke|p1|Urshifu-*, L50, M|\n|poke|p1|Tornadus, L50, M|\n|poke|p2|Lunala, L50|\n|poke|p2|Indeedee-F, L50, F|\n|poke|p2|Roaring Moon, L50|\n|poke|p2|Kyogre, L50|\n|poke|p2|Urshifu-*, L50, M|\n|poke|p2|Landorus-Therian, L50, M|\n|teampreview|4\n|\n|t:|1772742246\n|teamsize|p1|4\n|teamsize|p2|4\n|start\n|switch|p1a: Zamazenta|Zamazenta-Crowned, L50|100/100\n|switch|p1b: Incineroar|Incineroar, L50, F|100/100\n|switch|p2a: Lunala|Lunala, L50, shiny|100/100\n|switch|p2b: Roaring Moon|Roaring Moon, L50|100/100\n|-ability|p1a: Zamazenta|Dauntless Shield|boost\n|-boost|p1a: Zamazenta|def|1\n|-ability|p1b: Incineroar|Intimidate|boost\n|-unboost|p2a: Lunala|atk|1\n|-unboost|p2b: Roaring Moon|atk|1\n|-enditem|p2b: Roaring Moon|Booster Energy\n|-activate|p2b: Roaring Moon|ability: Protosynthesis|[fromitem]\n|-start|p2b: Roaring Moon|protosynthesisspe\n|turn|1\n|\n|t:|1772742264\n|switch|p1b: Rillaboom|Rillaboom, L50, M|100/100\n|-fieldstart|move: Grassy Terrain|[from] ability: Grassy Surge|[of] p1b: Rillaboom\n|move|p2b: Roaring Moon|Tailwind|p2b: Roaring Moon\n|-sidestart|p2: Maphoo|move: Tailwind\n|move|p2a: Lunala|Meteor Beam||[still]\n|-prepare|p2a: Lunala|Meteor Beam\n|-boost|p2a: Lunala|spa|1\n|-enditem|p2a: Lunala|Power Herb\n|-anim|p2a: Lunala|Meteor Beam|p1b: Rillaboom\n|-damage|p1b: Rillaboom|47/100\n|move|p1a: Zamazenta|Heavy Slam|p2a: Lunala\n|-damage|p2a: Lunala|80/100\n|\n|-heal|p2a: Lunala|86/100|[from] Grassy Terrain\n|-heal|p1b: Rillaboom|53/100|[from] Grassy Terrain\n|upkeep\n|turn|2\n|\n|t:|1772742282\n|-end|p2b: Roaring Moon|Protosynthesis|[silent]\n|switch|p2b: Indeedee|Indeedee-F, L50, F, shiny|100/100\n|-fieldstart|move: Psychic Terrain|[from] ability: Psychic Surge|[of] p2b: Indeedee\n|-enditem|p2b: Indeedee|Psychic Seed\n|-boost|p2b: Indeedee|spd|1|[from] item: Psychic Seed\n|switch|p1b: Incineroar|Incineroar, L50, F|100/100\n|-ability|p1b: Incineroar|Intimidate|boost\n|-unboost|p2a: Lunala|atk|1\n|-unboost|p2b: Indeedee|atk|1\n|move|p2a: Lunala|Expanding Force|p1a: Zamazenta|[spread] p1a\n|-immune|p1b: Incineroar\n|-damage|p1a: Zamazenta|26/100\n|move|p1a: Zamazenta|Body Press|p2b: Indeedee\n|-crit|p2b: Indeedee\n|-damage|p2b: Indeedee|0 fnt\n|faint|p2b: Indeedee\n|\n|upkeep\n|\n|t:|1772742302\n|switch|p2b: Urshifu|Urshifu-Rapid-Strike, L50, M|100/100\n|turn|3\n|\n|t:|1772742324\n|-terastallize|p1b: Incineroar|Bug\n|move|p1a: Zamazenta|Wide Guard|p1a: Zamazenta\n|-singleturn|p1a: Zamazenta|Wide Guard\n|move|p2b: Urshifu|Surging Strikes|p1b: Incineroar\n|-crit|p1b: Incineroar\n|-damage|p1b: Incineroar|82/100\n|-crit|p1b: Incineroar\n|-damage|p1b: Incineroar|63/100\n|-crit|p1b: Incineroar\n|-damage|p1b: Incineroar|44/100\n|-hitcount|p1b: Incineroar|3\n|move|p2a: Lunala|Moongeist Beam|p1a: Zamazenta\n|-damage|p1a: Zamazenta|0 fnt\n|faint|p1a: Zamazenta\n|move|p1b: Incineroar|Parting Shot|p2a: Lunala\n|-unboost|p2a: Lunala|atk|1\n|-unboost|p2a: Lunala|spa|1\n|\n|t:|1772742338\n|switch|p1b: Rillaboom|Rillaboom, L50, M|53/100|[from] Parting Shot\n|-fieldstart|move: Grassy Terrain|[from] ability: Grassy Surge|[of] p1b: Rillaboom\n|\n|-heal|p2a: Lunala|92/100|[from] Grassy Terrain\n|-heal|p1b: Rillaboom|59/100|[from] Grassy Terrain\n|upkeep\n|\n|t:|1772742339\n|switch|p1a: Lunala|Lunala, L50|100/100\n|turn|4\n|\n|t:|1772742359\n|switch|p2b: Roaring Moon|Roaring Moon, L50|100/100\n|move|p1a: Lunala|Protect|p1a: Lunala\n|-singleturn|p1a: Lunala|Protect\n|move|p1b: Rillaboom|Fake Out|p2b: Roaring Moon\n|-damage|p2b: Roaring Moon|85/100\n|move|p2a: Lunala|Moongeist Beam|p1a: Lunala\n|-activate|p1a: Lunala|move: Protect\n|\n|-heal|p2b: Roaring Moon|91/100|[from] Grassy Terrain\n|-heal|p2a: Lunala|98/100|[from] Grassy Terrain\n|-heal|p1b: Rillaboom|65/100|[from] Grassy Terrain\n|-sideend|p2: Maphoo|move: Tailwind\n|upkeep\n|turn|5\n|\n|t:|1772742375\n|move|p2b: Roaring Moon|Knock Off|p1a: Lunala\n|-supereffective|p1a: Lunala\n|-damage|p1a: Lunala|13/100\n|-enditem|p1a: Lunala|Leftovers|[from] move: Knock Off|[of] p2b: Roaring Moon\n|move|p1a: Lunala|Moongeist Beam|p2a: Lunala\n|-supereffective|p2a: Lunala\n|-damage|p2a: Lunala|0 fnt\n|faint|p2a: Lunala\n|move|p1b: Rillaboom|U-turn|p2b: Roaring Moon\n|-supereffective|p2b: Roaring Moon\n|-damage|p2b: Roaring Moon|42/100\n|\n|t:|1772742384\n|switch|p1b: Incineroar|Incineroar, L50, F, tera:Bug|44/100|[from] U-turn\n|-ability|p1b: Incineroar|Intimidate|boost\n|-unboost|p2b: Roaring Moon|atk|1\n|\n|-heal|p2b: Roaring Moon|48/100|[from] Grassy Terrain\n|-heal|p1a: Lunala|19/100|[from] Grassy Terrain\n|-heal|p1b: Incineroar|50/100|[from] Grassy Terrain\n|upkeep\n|-message|lalo's pollos forfeited.\n|\n|win|Maphoo\n|raw|lalo&apos;s pollos's rating: 1414 &rarr; <strong>1397</strong><br />(-17 for losing)\n|raw|Maphoo's rating: 1471 &rarr; <strong>1488</strong><br />(+17 for winning)\n|l|\u2606lalo's pollos\n|player|p1|\n|l|\u2606Maphoo\n|player|p2|\n","uploadtime":1772742539,"views":12,"formatid":"gen9vgc2026regi","rating":1397,"private":0,"password":null}