{"id":"gen9vgc2026regi-2565281209","format":"[Gen 9] VGC 2026 Reg I","players":["ScribbleScribble","hallzy17"],"log":"|j|\u2606ScribbleScribble\n|j|\u2606hallzy17\n|t:|1774256919\n|gametype|doubles\n|player|p1|ScribbleScribble|mina-lgpe|1464\n|player|p2|hallzy17|101|1476\n|gen|9\n|tier|[Gen 9] VGC 2026 Reg I\n|rated|\n|rule|Species Clause: Limit one of each Pok\u00e9mon\n|rule|Item Clause: Limit 1 of each item\n|clearpoke\n|poke|p1|Calyrex-Ice, L50|\n|poke|p1|Kyogre, L50|\n|poke|p1|Tornadus, L50, M|\n|poke|p1|Indeedee-F, L50, F|\n|poke|p1|Urshifu-*, L50, F|\n|poke|p1|Landorus, L50, M|\n|poke|p2|Calyrex-Shadow, L50|\n|poke|p2|Zamazenta-*, L50|\n|poke|p2|Chien-Pao, L50|\n|poke|p2|Dragonite, L50, F|\n|poke|p2|Raging Bolt, L50|\n|poke|p2|Amoonguss, L50, F|\n|teampreview|4\n|inactive|Battle timer is ON: inactive players will automatically lose when time's up. (requested by ScribbleScribble)\n|\n|t:|1774256947\n|teamsize|p1|4\n|teamsize|p2|4\n|start\n|switch|p1a: Tornadus|Tornadus, L50, M|100/100\n|switch|p1b: Urshifu|Urshifu-Rapid-Strike, L50, F|100/100\n|switch|p2a: Zamazenta|Zamazenta-Crowned, L50|100/100\n|switch|p2b: Amoonguss|Amoonguss, L50, F|100/100\n|-ability|p2a: Zamazenta|Dauntless Shield|boost\n|-boost|p2a: Zamazenta|def|1\n|turn|1\n|inactive|hallzy17 has 30 seconds left.\n|\n|t:|1774256979\n|move|p1a: Tornadus|Taunt|p2b: Amoonguss\n|-start|p2b: Amoonguss|move: Taunt\n|move|p2a: Zamazenta|Body Press|p1b: Urshifu\n|-damage|p1b: Urshifu|39/100\n|move|p1b: Urshifu|U-turn|p2b: Amoonguss\n|-damage|p2b: Amoonguss|65/100\n|-damage|p1b: Urshifu|23/100|[from] item: Rocky Helmet|[of] p2b: Amoonguss\n|\n|t:|1774256990\n|switch|p1b: Landorus|Landorus, L50, M|100/100|[from] U-turn\n|cant|p2b: Amoonguss|move: Taunt|Spore\n|\n|upkeep\n|turn|2\n|\n|t:|1774257007\n|move|p1a: Tornadus|Taunt|p2a: Zamazenta\n|-start|p2a: Zamazenta|move: Taunt\n|move|p2a: Zamazenta|Heavy Slam|p1b: Landorus\n|-damage|p1b: Landorus|51/100\n|move|p1b: Landorus|Earth Power|p2b: Amoonguss\n|-damage|p2b: Amoonguss|1/100\n|move|p2b: Amoonguss|Sludge Bomb|p1a: Tornadus\n|-damage|p1a: Tornadus|65/100\n|\n|upkeep\n|turn|3\n|inactive|hallzy17 has 30 seconds left.\n|\n|t:|1774257033\n|move|p1a: Tornadus|Tailwind|p1a: Tornadus\n|-sidestart|p1: ScribbleScribble|move: Tailwind\n|move|p1b: Landorus|Earth Power|p2a: Zamazenta\n|-supereffective|p2a: Zamazenta\n|-damage|p2a: Zamazenta|10/100\n|move|p2a: Zamazenta|Heavy Slam|p1b: Landorus\n|-damage|p1b: Landorus|0 fnt\n|faint|p1b: Landorus\n|move|p2b: Amoonguss|Sludge Bomb|p1a: Tornadus\n|-damage|p1a: Tornadus|26/100\n|\n|-end|p2b: Amoonguss|move: Taunt\n|upkeep\n|\n|t:|1774257036\n|switch|p1b: Calyrex|Calyrex-Ice, L50|100/100\n|-ability|p1b: Calyrex|As One\n|-ability|p1b: Calyrex|Unnerve\n|turn|4\n|inactive|hallzy17 has 30 seconds left.\n|\n|t:|1774257065\n|switch|p1a: Urshifu|Urshifu-Rapid-Strike, L50, F|23/100\n|move|p2b: Amoonguss|Protect|p2b: Amoonguss\n|-singleturn|p2b: Amoonguss|Protect\n|move|p1b: Calyrex|Glacial Lance|p2b: Amoonguss|[spread] p2a\n|-activate|p2b: Amoonguss|move: Protect\n|-resisted|p2a: Zamazenta\n|-damage|p2a: Zamazenta|0 fnt\n|faint|p2a: Zamazenta\n|-ability|p1b: Calyrex|Chilling Neigh|boost\n|-boost|p1b: Calyrex|atk|1\n|\n|upkeep\n|\n|t:|1774257082\n|switch|p2a: Chien-Pao|Chien-Pao, L50|100/100\n|-ability|p2a: Chien-Pao|Sword of Ruin\n|turn|5\n|\n|t:|1774257099\n|-terastallize|p1b: Calyrex|Grass\n|move|p2b: Amoonguss|Rage Powder|p2b: Amoonguss\n|-singleturn|p2b: Amoonguss|move: Rage Powder\n|move|p1a: Urshifu|Aqua Jet|p2b: Amoonguss\n|-resisted|p2b: Amoonguss\n|-damage|p2b: Amoonguss|0 fnt\n|-damage|p1a: Urshifu|6/100|[from] item: Rocky Helmet|[of] p2b: Amoonguss\n|faint|p2b: Amoonguss\n|move|p1b: Calyrex|Glacial Lance|p2a: Chien-Pao\n|-resisted|p2a: Chien-Pao\n|-damage|p2a: Chien-Pao|30/100\n|move|p2a: Chien-Pao|Ice Spinner|p1a: Urshifu\n|-resisted|p1a: Urshifu\n|-damage|p1a: Urshifu|0 fnt\n|faint|p1a: Urshifu\n|\n|upkeep\n|\n|t:|1774257113\n|switch|p1a: Tornadus|Tornadus, L50, M|26/100\n|switch|p2b: Calyrex|Calyrex-Shadow, L50|100/100\n|-ability|p2b: Calyrex|As One\n|-ability|p2b: Calyrex|Unnerve\n|turn|6\n|\n|t:|1774257134\n|-terastallize|p2b: Calyrex|Ghost\n|move|p1a: Tornadus|Bleakwind Storm|p2b: Calyrex|[spread] p2a,p2b\n|-damage|p2a: Chien-Pao|0 fnt\n|-damage|p2b: Calyrex|61/100\n|faint|p2a: Chien-Pao\n|move|p1b: Calyrex|Glacial Lance|p2b: Calyrex\n|-damage|p2b: Calyrex|0 fnt\n|faint|p2b: Calyrex\n|\n|win|ScribbleScribble\n|raw|ScribbleScribble's rating: 1480 &rarr; <strong>1500</strong><br />(+20 for winning)\n|raw|hallzy17's rating: 1476 &rarr; <strong>1456</strong><br />(-20 for losing)\n|l|\u2606ScribbleScribble\n|player|p1|\n|l|\u2606hallzy17\n|player|p2|\n","uploadtime":1774257332,"views":13,"formatid":"gen9vgc2026regi","rating":1456,"private":0,"password":null}