{"id":"gen9vgc2026regi-2547561331","format":"[Gen 9] VGC 2026 Reg I","players":["Zorse Mentality","marcxhenry"],"log":"|j|\u2606Zorse Mentality\n|j|\u2606marcxhenry\n|t:|1772108908\n|gametype|doubles\n|player|p1|Zorse Mentality|1|1373\n|player|p2|marcxhenry|hilbert-wonderlauncher|1447\n|gen|9\n|tier|[Gen 9] VGC 2026 Reg I\n|rated|\n|rule|Species Clause: Limit one of each Pok\u00e9mon\n|rule|Item Clause: Limit 1 of each item\n|clearpoke\n|poke|p1|Calyrex-Shadow, L50|\n|poke|p1|Miraidon, L50|\n|poke|p1|Dondozo, L50, F|\n|poke|p1|Tatsugiri, L50, F|\n|poke|p1|Weezing-Galar, L50, M|\n|poke|p1|Raichu-Alola, L50, M|\n|poke|p2|Calyrex-Shadow, L50|\n|poke|p2|Urshifu-*, L50, M|\n|poke|p2|Roaring Moon, L50|\n|poke|p2|Kyogre, L50|\n|poke|p2|Tsareena, L50, F|\n|poke|p2|Kingambit, L50, M|\n|teampreview|4\n|inactive|Battle timer is ON: inactive players will automatically lose when time's up. (requested by Zorse Mentality)\n|\n|t:|1772108929\n|teamsize|p1|4\n|teamsize|p2|4\n|start\n|switch|p1a: Miraidon|Miraidon, L50|100/100\n|switch|p1b: Raichu|Raichu-Alola, L50, M|100/100\n|switch|p2a: Roter Baron|Roaring Moon, L50, shiny|100/100\n|switch|p2b: Tripitz|Kyogre, L50, shiny|100/100\n|-fieldstart|move: Electric Terrain|[from] ability: Hadron Engine|[of] p1a: Miraidon\n|-weather|RainDance|[from] ability: Drizzle|[of] p2b: Tripitz\n|-enditem|p2a: Roter Baron|Booster Energy\n|-activate|p2a: Roter Baron|ability: Protosynthesis|[fromitem]\n|-start|p2a: Roter Baron|protosynthesisspe\n|turn|1\n|\n|t:|1772108949\n|-terastallize|p2b: Tripitz|Ground\n|move|p1b: Raichu|Fake Out|p2a: Roter Baron\n|-damage|p2a: Roter Baron|91/100\n|cant|p2a: Roter Baron|flinch\n|move|p1a: Miraidon|Volt Switch|p2b: Tripitz\n|-immune|p2b: Tripitz\n|move|p2b: Tripitz|Origin Pulse|p1a: Miraidon|[spread] p1b\n|-miss|p2b: Tripitz|p1a: Miraidon\n|-damage|p1b: Raichu|21/100\n|\n|-weather|RainDance|[upkeep]\n|upkeep\n|turn|2\n|inactive|Zorse Mentality has 30 seconds left.\n|\n|t:|1772108980\n|move|p2b: Tripitz|Protect|p2b: Tripitz\n|-singleturn|p2b: Tripitz|Protect\n|move|p1b: Raichu|Endeavor|p2b: Tripitz\n|-activate|p2b: Tripitz|move: Protect\n|move|p2a: Roter Baron|Tailwind|p2a: Roter Baron\n|-sidestart|p2: marcxhenry|move: Tailwind\n|move|p1a: Miraidon|Draco Meteor|p2b: Tripitz\n|-activate|p2b: Tripitz|move: Protect\n|\n|-weather|RainDance|[upkeep]\n|upkeep\n|turn|3\n|inactive|Zorse Mentality has 30 seconds left.\n|\n|t:|1772109006\n|switch|p1b: Tatsugiri|Tatsugiri, L50, F|100/100\n|switch|p1a: Dondozo|Dondozo, L50, F|100/100\n|-activate|p1b: Tatsugiri|ability: Commander|[of] p1a: Dondozo\n|-boost|p1a: Dondozo|atk|2\n|-boost|p1a: Dondozo|spa|2\n|-boost|p1a: Dondozo|spe|2\n|-boost|p1a: Dondozo|def|2\n|-boost|p1a: Dondozo|spd|2\n|move|p2a: Roter Baron|Knock Off|p1b: Tatsugiri|[miss]\n|-miss|p2a: Roter Baron|p1b: Tatsugiri\n|move|p2b: Tripitz|Water Spout|p1b: Tatsugiri|[spread] p1a\n|-miss|p2b: Tripitz|p1b: Tatsugiri\n|-resisted|p1a: Dondozo\n|-damage|p1a: Dondozo|78/100\n|\n|-weather|RainDance|[upkeep]\n|upkeep\n|turn|4\n|inactive|Zorse Mentality has 30 seconds left.\n|\n|t:|1772109035\n|switch|p2b: Hitmonshe|Tsareena, L50, F, shiny|100/100\n|-terastallize|p1a: Dondozo|Grass\n|move|p2a: Roter Baron|Knock Off|p1a: Dondozo\n|-damage|p1a: Dondozo|62/100\n|-damage|p2a: Roter Baron|74/100|[from] item: Rocky Helmet|[of] p1a: Dondozo\n|-enditem|p1a: Dondozo|Rocky Helmet|[from] move: Knock Off|[of] p2a: Roter Baron\n|move|p1a: Dondozo|Order Up|p2a: Roter Baron\n|-supereffective|p2a: Roter Baron\n|-damage|p2a: Roter Baron|0 fnt\n|faint|p2a: Roter Baron\n|-end|p2a: Roter Baron|Protosynthesis|[silent]\n|-boost|p1a: Dondozo|atk|1\n|\n|-weather|RainDance|[upkeep]\n|upkeep\n|\n|t:|1772109048\n|switch|p2a: Ludwig|Calyrex-Shadow, L50|100/100\n|-ability|p2a: Ludwig|As One\n|-ability|p2a: Ludwig|Unnerve\n|turn|5\n|\n|t:|1772109060\n|move|p2a: Ludwig|Protect|p2a: Ludwig\n|-singleturn|p2a: Ludwig|Protect\n|move|p2b: Hitmonshe|Triple Axel|p1a: Dondozo\n|-supereffective|p1a: Dondozo\n|-damage|p1a: Dondozo|58/100\n|-supereffective|p1a: Dondozo\n|-damage|p1a: Dondozo|48/100\n|-supereffective|p1a: Dondozo\n|-damage|p1a: Dondozo|35/100\n|-hitcount|p1a: Dondozo|3\n|move|p1a: Dondozo|Earthquake|p2b: Hitmonshe|[spread] p2b\n|-miss|p1a: Dondozo|p1b: Tatsugiri\n|-activate|p2a: Ludwig|move: Protect\n|-resisted|p2b: Hitmonshe\n|-damage|p2b: Hitmonshe|76/100\n|\n|-weather|none\n|-sideend|p2: marcxhenry|move: Tailwind\n|-fieldend|move: Electric Terrain\n|upkeep\n|turn|6\n|inactive|marcxhenry has 30 seconds left.\n|inactive|marcxhenry has 20 seconds left.\n|\n|t:|1772109095\n|move|p2b: Hitmonshe|Triple Axel|p1a: Dondozo\n|-supereffective|p1a: Dondozo\n|-damage|p1a: Dondozo|31/100\n|-supereffective|p1a: Dondozo\n|-damage|p1a: Dondozo|23/100\n|-supereffective|p1a: Dondozo\n|-damage|p1a: Dondozo|10/100\n|-hitcount|p1a: Dondozo|3\n|move|p1a: Dondozo|Rest|p1a: Dondozo\n|-status|p1a: Dondozo|slp|[from] move: Rest\n|-heal|p1a: Dondozo|100/100 slp|[silent]\n|move|p2a: Ludwig|Trick Room|p2a: Ludwig\n|-fieldstart|move: Trick Room|[of] p2a: Ludwig\n|\n|upkeep\n|turn|7\n|\n|t:|1772109113\n|cant|p1a: Dondozo|slp\n|move|p1a: Dondozo|Sleep Talk|p1a: Dondozo\n|move|p1a: Dondozo|Rest||[from] move: Sleep Talk|[still]\n|-fail|p1a: Dondozo\n|move|p2b: Hitmonshe|Triple Axel|p1a: Dondozo\n|-supereffective|p1a: Dondozo\n|-damage|p1a: Dondozo|96/100 slp\n|-supereffective|p1a: Dondozo\n|-damage|p1a: Dondozo|87/100 slp\n|-supereffective|p1a: Dondozo\n|-damage|p1a: Dondozo|75/100 slp\n|-hitcount|p1a: Dondozo|3\n|move|p2a: Ludwig|Trick Room|p2a: Ludwig\n|-fieldend|move: Trick Room\n|\n|upkeep\n|turn|8\n|\n|t:|1772109127\n|move|p2a: Ludwig|Psychic|p1a: Dondozo\n|-damage|p1a: Dondozo|56/100 slp\n|move|p2b: Hitmonshe|Triple Axel|p1a: Dondozo\n|-supereffective|p1a: Dondozo\n|-damage|p1a: Dondozo|50/100 slp\n|-supereffective|p1a: Dondozo\n|-damage|p1a: Dondozo|42/100 slp\n|-supereffective|p1a: Dondozo\n|-damage|p1a: Dondozo|29/100 slp\n|-hitcount|p1a: Dondozo|3\n|cant|p1a: Dondozo|slp\n|move|p1a: Dondozo|Sleep Talk|p1a: Dondozo\n|move|p1a: Dondozo|Earthquake|p2b: Hitmonshe|[from] move: Sleep Talk|[spread] p2a,p2b\n|-miss|p1a: Dondozo|p1b: Tatsugiri\n|-resisted|p2b: Hitmonshe\n|-damage|p2a: Ludwig|51/100\n|-damage|p2b: Hitmonshe|52/100\n|\n|upkeep\n|turn|9\n|\n|t:|1772109145\n|move|p2b: Hitmonshe|Triple Axel|p1a: Dondozo\n|-supereffective|p1a: Dondozo\n|-damage|p1a: Dondozo|24/100 slp\n|-supereffective|p1a: Dondozo\n|-damage|p1a: Dondozo|15/100 slp\n|-supereffective|p1a: Dondozo\n|-damage|p1a: Dondozo|1/100 slp\n|-hitcount|p1a: Dondozo|3\n|-curestatus|p1a: Dondozo|slp|[msg]\n|move|p1a: Dondozo|Rest|p1a: Dondozo\n|-status|p1a: Dondozo|slp|[from] move: Rest\n|-heal|p1a: Dondozo|100/100 slp|[silent]\n|move|p2a: Ludwig|Trick Room|p2a: Ludwig\n|-fieldstart|move: Trick Room|[of] p2a: Ludwig\n|\n|upkeep\n|turn|10\n|\n|t:|1772109161\n|cant|p1a: Dondozo|slp\n|move|p1a: Dondozo|Sleep Talk|p1a: Dondozo\n|move|p1a: Dondozo|Order Up|p2a: Ludwig|[from] move: Sleep Talk\n|-damage|p2a: Ludwig|0 fnt\n|faint|p2a: Ludwig\n|-boost|p1a: Dondozo|atk|1\n|move|p2b: Hitmonshe|Triple Axel|p1a: Dondozo\n|-supereffective|p1a: Dondozo\n|-damage|p1a: Dondozo|96/100 slp\n|-supereffective|p1a: Dondozo\n|-damage|p1a: Dondozo|87/100 slp\n|-supereffective|p1a: Dondozo\n|-damage|p1a: Dondozo|74/100 slp\n|-hitcount|p1a: Dondozo|3\n|\n|upkeep\n|-message|marcxhenry forfeited.\n|\n|win|Zorse Mentality\n|raw|Zorse Mentality's rating: 1373 &rarr; <strong>1397</strong><br />(+24 for winning)\n|raw|marcxhenry's rating: 1447 &rarr; <strong>1423</strong><br />(-24 for losing)\n|l|\u2606marcxhenry\n|player|p2|\n|l|\u2606Zorse Mentality\n|player|p1|\n","uploadtime":1772109428,"views":13,"formatid":"gen9vgc2026regi","rating":1397,"private":0,"password":null}