{"id":"gen9vgc2026regi-2540135751","format":"[Gen 9] VGC 2026 Reg I","players":["Luca8","alternationstorm"],"log":"|j|\u2606Luca8\n|j|\u2606alternationstorm\n|t:|1771167003\n|gametype|doubles\n|player|p1|Luca8|flint|1313\n|player|p2|alternationstorm|acetrainerf-gen4dp|1176\n|gen|9\n|tier|[Gen 9] VGC 2026 Reg I\n|rated|\n|rule|Species Clause: Limit one of each Pok\u00e9mon\n|rule|Item Clause: Limit 1 of each item\n|clearpoke\n|poke|p1|Whimsicott, L50, M|\n|poke|p1|Kyogre, L50|\n|poke|p1|Landorus, L50, M|\n|poke|p1|Lunala, L50|\n|poke|p1|Farigiraf, L50, M|\n|poke|p1|Amoonguss, L50, M|\n|poke|p2|Kyurem-White, L50|\n|poke|p2|Ninetales-Alola, L50, M|\n|poke|p2|Necrozma-Dusk-Mane, L50|\n|poke|p2|Flutter Mane, L50|\n|poke|p2|Chien-Pao, L50|\n|poke|p2|Tornadus, L50, M|\n|teampreview|4\n|inactive|Battle timer is ON: inactive players will automatically lose when time's up. (requested by alternationstorm)\n|\n|t:|1771167025\n|teamsize|p1|4\n|teamsize|p2|4\n|start\n|switch|p1a: Whimsicott|Whimsicott, L50, M|100/100\n|switch|p1b: Lunala|Lunala, L50|100/100\n|switch|p2a: Victor|Kyurem-White, L50|100/100\n|switch|p2b: foxes|Ninetales-Alola, L50, M|100/100\n|-weather|Snowscape|[from] ability: Snow Warning|[of] p2b: foxes\n|-ability|p2a: Victor|Turboblaze\n|turn|1\n|\n|t:|1771167049\n|move|p1a: Whimsicott|Tailwind|p1a: Whimsicott\n|-sidestart|p1: Luca8|move: Tailwind\n|move|p1b: Lunala|Meteor Beam||[still]\n|-prepare|p1b: Lunala|Meteor Beam\n|-boost|p1b: Lunala|spa|1\n|-enditem|p1b: Lunala|Power Herb\n|-anim|p1b: Lunala|Meteor Beam|p2b: foxes|[miss]\n|-miss|p1b: Lunala|p2b: foxes\n|move|p2b: foxes|Icy Wind|p1a: Whimsicott|[spread] p1a,p1b\n|-supereffective|p1a: Whimsicott\n|-damage|p1a: Whimsicott|59/100\n|-damage|p1b: Lunala|96/100\n|-unboost|p1a: Whimsicott|spe|1\n|-unboost|p1b: Lunala|spe|1\n|move|p2a: Victor|Shadow Ball|p1b: Lunala\n|-supereffective|p1b: Lunala\n|-damage|p1b: Lunala|0 fnt\n|faint|p1b: Lunala\n|\n|-weather|Snowscape|[upkeep]\n|upkeep\n|\n|t:|1771167069\n|switch|p1b: Kyogre|Kyogre, L50|100/100\n|-weather|RainDance|[from] ability: Drizzle|[of] p1b: Kyogre\n|turn|2\n|\n|t:|1771167077\n|switch|p2b: sword|Chien-Pao, L50|100/100\n|-ability|p2b: sword|Sword of Ruin\n|move|p1b: Kyogre|Water Spout|p2b: sword|[spread] p2a,p2b\n|-resisted|p2a: Victor\n|-damage|p2a: Victor|68/100\n|-damage|p2b: sword|27/100\n|move|p1a: Whimsicott|Moonblast|p2a: Victor\n|-supereffective|p2a: Victor\n|-damage|p2a: Victor|19/100\n|move|p2a: Victor|Shadow Ball|p1a: Whimsicott\n|-crit|p1a: Whimsicott\n|-damage|p1a: Whimsicott|0 fnt\n|faint|p1a: Whimsicott\n|\n|-weather|RainDance|[upkeep]\n|upkeep\n|\n|t:|1771167095\n|switch|p1a: Amoonguss|Amoonguss, L50, M|100/100\n|turn|3\n|\n|t:|1771167115\n|switch|p2b: foxes|Ninetales-Alola, L50, M|100/100\n|-weather|Snowscape|[from] ability: Snow Warning|[of] p2b: foxes\n|move|p1b: Kyogre|Water Spout|p2b: foxes|[spread] p2a,p2b\n|-resisted|p2a: Victor\n|-damage|p2a: Victor|0 fnt\n|-damage|p2b: foxes|39/100\n|faint|p2a: Victor\n|move|p1a: Amoonguss|Spore|p2b: foxes\n|-status|p2b: foxes|slp|[from] move: Spore\n|\n|-weather|Snowscape|[upkeep]\n|upkeep\n|\n|t:|1771167122\n|switch|p2a: Nebby|Necrozma-Dusk-Mane, L50|100/100\n|turn|4\n|\n|t:|1771167140\n|-terastallize|p1a: Amoonguss|Water\n|move|p2a: Nebby|Protect|p2a: Nebby\n|-singleturn|p2a: Nebby|Protect\n|move|p1b: Kyogre|Water Spout|p2a: Nebby|[spread] p2b\n|-activate|p2a: Nebby|move: Protect\n|-damage|p2b: foxes|0 fnt\n|faint|p2b: foxes\n|move|p1a: Amoonguss|Spore|p2a: Nebby\n|-activate|p2a: Nebby|move: Protect\n|\n|-weather|Snowscape|[upkeep]\n|-sideend|p1: Luca8|move: Tailwind\n|upkeep\n|\n|t:|1771167145\n|switch|p2b: sword|Chien-Pao, L50|27/100\n|-ability|p2b: sword|Sword of Ruin\n|turn|5\n|\n|t:|1771167168\n|-terastallize|p2b: sword|Electric\n|move|p1a: Amoonguss|Rage Powder|p1a: Amoonguss\n|-singleturn|p1a: Amoonguss|move: Rage Powder\n|move|p1b: Kyogre|Water Spout|p2b: sword|[spread] p2a,p2b\n|-damage|p2a: Nebby|53/100\n|-damage|p2b: sword|0 fnt\n|faint|p2b: sword\n|move|p2a: Nebby|Photon Geyser|p1a: Amoonguss\n|-damage|p1a: Amoonguss|46/100\n|\n|-weather|Snowscape|[upkeep]\n|upkeep\n|turn|6\n|inactive|alternationstorm has 30 seconds left.\n|inactive|alternationstorm has 20 seconds left.\n|inactive|alternationstorm has 15 seconds left.\n|inactive|alternationstorm has 10 seconds left.\n|inactive|alternationstorm has 5 seconds left.\n|-message|alternationstorm forfeited.\n|\n|win|Luca8\n|raw|Luca8's rating: 1313 &rarr; <strong>1324</strong><br />(+11 for winning)\n|raw|alternationstorm's rating: 1147 &rarr; <strong>1133</strong><br />(-14 for losing)\n|l|\u2606alternationstorm\n|player|p2|\n|l|\u2606Luca8\n|player|p1|\n","uploadtime":1771167417,"views":33,"formatid":"gen9vgc2026regi","rating":1133,"private":0,"password":null}