{"id":"gen9vgc2026regi-2544168369","format":"[Gen 9] VGC 2026 Reg I","players":["xs1234","EllenJoe2026"],"log":"|j|\u2606xs1234\n|j|\u2606EllenJoe2026\n|t:|1771670869\n|gametype|doubles\n|player|p1|xs1234|169|1359\n|player|p2|EllenJoe2026|iono|1467\n|gen|9\n|tier|[Gen 9] VGC 2026 Reg I\n|rated|\n|rule|Species Clause: Limit one of each Pok\u00e9mon\n|rule|Item Clause: Limit 1 of each item\n|clearpoke\n|poke|p1|Lunala, L50|\n|poke|p1|Ursaluna, L50, F|\n|poke|p1|Urshifu-*, L50, M|\n|poke|p1|Miraidon, L50|\n|poke|p1|Grimmsnarl, L50, M|\n|poke|p1|Incineroar, L50, F|\n|poke|p2|Calyrex-Ice, L50|\n|poke|p2|Miraidon, L50|\n|poke|p2|Tornadus, L50, M|\n|poke|p2|Urshifu-*, L50, F|\n|poke|p2|Volcarona, L50, F|\n|poke|p2|Indeedee-F, L50, F|\n|teampreview|4\n|inactive|Battle timer is ON: inactive players will automatically lose when time's up. (requested by EllenJoe2026)\n|\n|t:|1771670884\n|teamsize|p1|4\n|teamsize|p2|4\n|start\n|switch|p1a: Lunala|Lunala, L50|100/100\n|switch|p1b: Miraidon|Miraidon, L50|100/100\n|switch|p2a: Calyrex|Calyrex-Ice, L50|100/100\n|switch|p2b: Indeedee|Indeedee-F, L50, F, shiny|100/100\n|-ability|p2a: Calyrex|As One\n|-ability|p2a: Calyrex|Unnerve\n|-fieldstart|move: Electric Terrain|[from] ability: Hadron Engine|[of] p1b: Miraidon\n|-enditem|p1a: Lunala|Electric Seed\n|-boost|p1a: Lunala|def|1|[from] item: Electric Seed\n|-fieldstart|move: Psychic Terrain|[from] ability: Psychic Surge|[of] p2b: Indeedee\n|turn|1\n|\n|t:|1771670899\n|move|p2b: Indeedee|Follow Me|p2b: Indeedee\n|-singleturn|p2b: Indeedee|move: Follow Me\n|move|p1b: Miraidon|Volt Switch|p2b: Indeedee\n|-damage|p2b: Indeedee|61/100\n|-enditem|p2b: Indeedee|Eject Button\n|\n|t:|1771670917\n|switch|p2b: Urshifu|Urshifu-Rapid-Strike, L50, F|100/100\n|move|p1a: Lunala|Moongeist Beam|p2a: Calyrex\n|-supereffective|p2a: Calyrex\n|-damage|p2a: Calyrex|17/100\n|move|p2a: Calyrex|Imprison|p2a: Calyrex\n|-start|p2a: Calyrex|move: Imprison\n|\n|upkeep\n|turn|2\n|inactive|EllenJoe2026 has 30 seconds left.\n|inactive|EllenJoe2026 has 20 seconds left.\n|\n|t:|1771670956\n|switch|p2a: Indeedee|Indeedee-F, L50, F, shiny|61/100\n|move|p2b: Urshifu|U-turn|p1b: Miraidon\n|-damage|p1b: Miraidon|75/100\n|\n|t:|1771670966\n|switch|p2b: Miraidon|Miraidon, L50, shiny|100/100|[from] U-turn\n|-fieldstart|move: Electric Terrain|[from] ability: Hadron Engine|[of] p2b: Miraidon\n|move|p1b: Miraidon|Volt Switch|p2b: Miraidon\n|-resisted|p2b: Miraidon\n|-damage|p2b: Miraidon|85/100\n|\n|t:|1771670983\n|switch|p1b: Urshifu|Urshifu-Rapid-Strike, L50, M|100/100|[from] Volt Switch\n|move|p1a: Lunala|Moongeist Beam|p2a: Indeedee\n|-immune|p2a: Indeedee\n|\n|upkeep\n|turn|3\n|\n|t:|1771670996\n|switch|p1b: Ursaluna|Ursaluna, L50, F|100/100\n|move|p2b: Miraidon|Volt Switch|p1a: Lunala\n|-damage|p1a: Lunala|66/100\n|\n|t:|1771671003\n|switch|p2b: Urshifu|Urshifu-Rapid-Strike, L50, F|100/100|[from] Volt Switch\n|move|p2a: Indeedee|Shadow Ball|p1a: Lunala\n|-supereffective|p1a: Lunala\n|-damage|p1a: Lunala|12/100\n|move|p1a: Lunala|Trick Room|p1a: Lunala\n|-fieldstart|move: Trick Room|[of] p1a: Lunala\n|\n|-status|p1b: Ursaluna|brn|[from] item: Flame Orb\n|upkeep\n|turn|4\n|inactive|xs1234 has 30 seconds left.\n|inactive|EllenJoe2026 has 30 seconds left.\n|\n|t:|1771671033\n|-terastallize|p1b: Ursaluna|Ghost\n|-terastallize|p2b: Urshifu|Ghost\n|move|p2a: Indeedee|Helping Hand|p2b: Urshifu\n|-singleturn|p2b: Urshifu|Helping Hand|[of] p2a: Indeedee\n|move|p1b: Ursaluna|Facade|p2a: Indeedee\n|-damage|p2a: Indeedee|0 fnt\n|faint|p2a: Indeedee\n|move|p1a: Lunala|Moonblast|p2b: Urshifu\n|-damage|p2b: Urshifu|44/100\n|-unboost|p2b: Urshifu|spa|1\n|move|p2b: Urshifu|Surging Strikes|p1b: Ursaluna\n|-crit|p1b: Ursaluna\n|-damage|p1b: Ursaluna|79/100 brn\n|-crit|p1b: Ursaluna\n|-damage|p1b: Ursaluna|54/100 brn\n|-crit|p1b: Ursaluna\n|-damage|p1b: Ursaluna|28/100 brn\n|-hitcount|p1b: Ursaluna|3\n|\n|-damage|p1b: Ursaluna|22/100 brn|[from] brn\n|upkeep\n|j| jhinjubei\n|\n|t:|1771671047\n|switch|p2a: Miraidon|Miraidon, L50, shiny|85/100\n|-activate|p2a: Miraidon|ability: Hadron Engine\n|turn|5\n|-message|EllenJoe2026 forfeited.\n|\n|win|xs1234\n|raw|xs1234's rating: 1359 &rarr; <strong>1385</strong><br />(+26 for winning)\n|raw|EllenJoe2026's rating: 1467 &rarr; <strong>1441</strong><br />(-26 for losing)\n|l|\u2606EllenJoe2026\n|player|p2|\n|l|\u2606xs1234\n|player|p1|\n|l| jhinjubei\n","uploadtime":1771671319,"views":16,"formatid":"gen9vgc2026regi","rating":1385,"private":0,"password":null}