{"id":"gen9vgc2026regi-2537350255","format":"[Gen 9] VGC 2026 Reg I","players":["chaoszarde","marcxhenry"],"log":"|j|\u2606chaoszarde\n|j|\u2606marcxhenry\n|t:|1770802416\n|gametype|doubles\n|player|p1|chaoszarde|turo-ai|1364\n|player|p2|marcxhenry|hilbert-wonderlauncher|1618\n|gen|9\n|tier|[Gen 9] VGC 2026 Reg I\n|rated|\n|rule|Species Clause: Limit one of each Pok\u00e9mon\n|rule|Item Clause: Limit 1 of each item\n|clearpoke\n|poke|p1|Koraidon, L50|\n|poke|p1|Calyrex-Shadow, L50|\n|poke|p1|Heatran, L50, M|\n|poke|p1|Flutter Mane, L50|\n|poke|p1|Rillaboom, L50, M|\n|poke|p1|Raging Bolt, L50|\n|poke|p2|Calyrex-Shadow, L50|\n|poke|p2|Urshifu-*, L50, M|\n|poke|p2|Roaring Moon, L50|\n|poke|p2|Kyogre, L50|\n|poke|p2|Tsareena, L50, F|\n|poke|p2|Kingambit, L50, M|\n|teampreview|4\n|\n|t:|1770802459\n|teamsize|p1|4\n|teamsize|p2|4\n|start\n|switch|p1a: Raging Bolt|Raging Bolt, L50|100/100\n|switch|p1b: Rillaboom|Rillaboom, L50, M|100/100\n|switch|p2a: Ludwig|Calyrex-Shadow, L50|100/100\n|switch|p2b: Roter Baron|Roaring Moon, L50, shiny|100/100\n|-ability|p2a: Ludwig|As One\n|-ability|p2a: Ludwig|Unnerve\n|-fieldstart|move: Grassy Terrain|[from] ability: Grassy Surge|[of] p1b: Rillaboom\n|-enditem|p2b: Roter Baron|Booster Energy\n|-activate|p2b: Roter Baron|ability: Protosynthesis|[fromitem]\n|-start|p2b: Roter Baron|protosynthesisspe\n|-enditem|p1a: Raging Bolt|Booster Energy\n|-activate|p1a: Raging Bolt|ability: Protosynthesis|[fromitem]\n|-start|p1a: Raging Bolt|protosynthesisspa\n|turn|1\n|inactive|Battle timer is ON: inactive players will automatically lose when time's up. (requested by chaoszarde)\n|\n|t:|1770802475\n|switch|p2a: Eva|Tsareena, L50, F, shiny|100/100\n|-terastallize|p2b: Roter Baron|Flying\n|move|p1b: Rillaboom|Fake Out||[still]\n|cant|p2a: Eva|ability: Queenly Majesty|Fake Out|[of] p1b: Rillaboom\n|move|p2b: Roter Baron|Acrobatics|p1b: Rillaboom\n|-supereffective|p1b: Rillaboom\n|-damage|p1b: Rillaboom|0 fnt\n|faint|p1b: Rillaboom\n|move|p1a: Raging Bolt|Thunderbolt|p2a: Eva\n|-resisted|p2a: Eva\n|-damage|p2a: Eva|65/100\n|\n|-heal|p2a: Eva|71/100|[from] Grassy Terrain\n|upkeep\n|\n|t:|1770802481\n|switch|p1b: Calyrex|Calyrex-Shadow, L50|100/100\n|-ability|p1b: Calyrex|As One\n|-ability|p1b: Calyrex|Unnerve\n|turn|2\n|inactive|chaoszarde has 30 seconds left.\n|\n|t:|1770802514\n|move|p2a: Eva|Protect|p2a: Eva\n|-singleturn|p2a: Eva|Protect\n|move|p2b: Roter Baron|Tailwind|p2b: Roter Baron\n|-sidestart|p2: marcxhenry|move: Tailwind\n|move|p1b: Calyrex|Calm Mind|p1b: Calyrex\n|-boost|p1b: Calyrex|spa|1\n|-boost|p1b: Calyrex|spd|1\n|move|p1a: Raging Bolt|Thunderbolt|p2b: Roter Baron\n|-supereffective|p2b: Roter Baron\n|-damage|p2b: Roter Baron|0 fnt\n|faint|p2b: Roter Baron\n|-end|p2b: Roter Baron|Protosynthesis|[silent]\n|\n|-heal|p2a: Eva|77/100|[from] Grassy Terrain\n|upkeep\n|\n|t:|1770802526\n|switch|p2b: Tripitz|Kyogre, L50, shiny|100/100\n|-weather|RainDance|[from] ability: Drizzle|[of] p2b: Tripitz\n|turn|3\n|\n|t:|1770802554\n|move|p2b: Tripitz|Protect|p2b: Tripitz\n|-singleturn|p2b: Tripitz|Protect\n|move|p1b: Calyrex|Protect|p1b: Calyrex\n|-singleturn|p1b: Calyrex|Protect\n|move|p2a: Eva|Power Whip|p1b: Calyrex\n|-activate|p1b: Calyrex|move: Protect\n|move|p1a: Raging Bolt|Thunderbolt|p2b: Tripitz\n|-activate|p2b: Tripitz|move: Protect\n|\n|-weather|RainDance|[upkeep]\n|-heal|p2a: Eva|83/100|[from] Grassy Terrain\n|upkeep\n|turn|4\n|inactive|chaoszarde has 30 seconds left.\n|\n|t:|1770802585\n|-end|p1a: Raging Bolt|Protosynthesis|[silent]\n|switch|p1a: Koraidon|Koraidon, L50, shiny|100/100\n|-weather|SunnyDay|[from] ability: Orichalcum Pulse|[of] p1a: Koraidon\n|-activate|p1a: Koraidon|Orichalcum Pulse|[source]\n|-terastallize|p1b: Calyrex|Fairy\n|move|p2b: Tripitz|Water Spout|p1a: Koraidon|[spread] p1a,p1b\n|-resisted|p1a: Koraidon\n|-damage|p1a: Koraidon|77/100\n|-damage|p1b: Calyrex|72/100\n|move|p2a: Eva|Triple Axel|p1a: Koraidon\n|-supereffective|p1a: Koraidon\n|-damage|p1a: Koraidon|61/100\n|-supereffective|p1a: Koraidon\n|-damage|p1a: Koraidon|35/100\n|-supereffective|p1a: Koraidon\n|-crit|p1a: Koraidon\n|-damage|p1a: Koraidon|0 fnt\n|faint|p1a: Koraidon\n|-hitcount|p1: Koraidon|3\n|move|p1b: Calyrex|Draining Kiss|p2a: Eva\n|-damage|p2a: Eva|25/100\n|-heal|p1b: Calyrex|100/100|[from] drain|[of] p2a: Eva\n|\n|-weather|SunnyDay|[upkeep]\n|-heal|p2a: Eva|30/100|[from] Grassy Terrain\n|upkeep\n|\n|t:|1770802598\n|switch|p1a: Raging Bolt|Raging Bolt, L50|100/100\n|-activate|p1a: Raging Bolt|ability: Protosynthesis\n|-start|p1a: Raging Bolt|protosynthesisspa\n|turn|5\n|j| lunala fairy ghost\n|\n|t:|1770802618\n|move|p1b: Calyrex|Protect|p1b: Calyrex\n|-singleturn|p1b: Calyrex|Protect\n|move|p1a: Raging Bolt|Protect|p1a: Raging Bolt\n|-singleturn|p1a: Raging Bolt|Protect\n|move|p2b: Tripitz|Water Spout|p1b: Calyrex|[spread] \n|-activate|p1a: Raging Bolt|move: Protect\n|-activate|p1b: Calyrex|move: Protect\n|move|p2a: Eva|Triple Axel|p1a: Raging Bolt\n|-activate|p1a: Raging Bolt|move: Protect\n|\n|-weather|SunnyDay|[upkeep]\n|-heal|p2a: Eva|36/100|[from] Grassy Terrain\n|-sideend|p2: marcxhenry|move: Tailwind\n|-fieldend|move: Grassy Terrain\n|upkeep\n|turn|6\n|\n|t:|1770802640\n|move|p2a: Eva|Protect|p2a: Eva\n|-singleturn|p2a: Eva|Protect\n|move|p1b: Calyrex|Astral Barrage|p2a: Eva|[spread] p2b\n|-activate|p2a: Eva|move: Protect\n|-damage|p2b: Tripitz|39/100\n|move|p2b: Tripitz|Origin Pulse|p1a: Raging Bolt|[spread] \n|-miss|p2b: Tripitz|p1a: Raging Bolt\n|-miss|p2b: Tripitz|p1b: Calyrex\n|move|p1a: Raging Bolt|Thunderbolt|p2b: Tripitz\n|-supereffective|p2b: Tripitz\n|-damage|p2b: Tripitz|0 fnt\n|faint|p2b: Tripitz\n|\n|-weather|SunnyDay|[upkeep]\n|upkeep\n|-message|marcxhenry forfeited.\n|\n|win|chaoszarde\n|raw|chaoszarde's rating: 1364 &rarr; <strong>1396</strong><br />(+32 for winning)\n|raw|marcxhenry's rating: 1618 &rarr; <strong>1586</strong><br />(-32 for losing)\n|l|\u2606marcxhenry\n|player|p2|\n|l| lunala fairy ghost\n","uploadtime":1770802658,"views":19,"formatid":"gen9vgc2026regi","rating":1396,"private":0,"password":null}