{"id":"gen9vgc2026regi-2548223198","format":"[Gen 9] VGC 2026 Reg I","players":["AAAJN","xiaoliyunVGC"],"log":"|j|\u2606AAAJN\n|j|\u2606xiaoliyunVGC\n|t:|1772189841\n|gametype|doubles\n|player|p1|AAAJN|170|1402\n|player|p2|xiaoliyunVGC|liko|1420\n|gen|9\n|tier|[Gen 9] VGC 2026 Reg I\n|rated|\n|rule|Species Clause: Limit one of each Pok\u00e9mon\n|rule|Item Clause: Limit 1 of each item\n|clearpoke\n|poke|p1|Calyrex-Ice, L50|\n|poke|p1|Urshifu-*, L50, M|\n|poke|p1|Miraidon, L50|\n|poke|p1|Incineroar, L50, M|\n|poke|p1|Ursaluna, L50, M|\n|poke|p1|Landorus, L50, M|\n|poke|p2|Zamazenta-*, L50|\n|poke|p2|Kyogre, L50|\n|poke|p2|Raichu, L50, M|\n|poke|p2|Flutter Mane, L50|\n|poke|p2|Tornadus, L50, M|\n|poke|p2|Kingambit, L50, F|\n|teampreview|4\n|inactive|Battle timer is ON: inactive players will automatically lose when time's up. (requested by xiaoliyunVGC)\n|inactive|xiaoliyunVGC has 60 seconds left.\n|inactive|AAAJN has 60 seconds left.\n|\n|t:|1772189906\n|teamsize|p1|4\n|teamsize|p2|4\n|start\n|switch|p1a: Calyrex|Calyrex-Ice, L50|100/100\n|switch|p1b: Incineroar|Incineroar, L50, M|100/100\n|switch|p2a: Kyogre|Kyogre, L50|100/100\n|switch|p2b: Flutter Mane|Flutter Mane, L50|100/100\n|-ability|p1a: Calyrex|As One\n|-ability|p1a: Calyrex|Unnerve\n|-weather|RainDance|[from] ability: Drizzle|[of] p2a: Kyogre\n|-ability|p1b: Incineroar|Intimidate|boost\n|-unboost|p2a: Kyogre|atk|1\n|-unboost|p2b: Flutter Mane|atk|1\n|-enditem|p2b: Flutter Mane|Booster Energy\n|-activate|p2b: Flutter Mane|ability: Protosynthesis|[fromitem]\n|-start|p2b: Flutter Mane|protosynthesisspe\n|turn|1\n|\n|t:|1772189926\n|switch|p2a: Zamazenta|Zamazenta-Crowned, L50, shiny|100/100\n|-ability|p2a: Zamazenta|Dauntless Shield|boost\n|-boost|p2a: Zamazenta|def|1\n|move|p1b: Incineroar|Fake Out|p2a: Zamazenta\n|-resisted|p2a: Zamazenta\n|-damage|p2a: Zamazenta|98/100\n|move|p2b: Flutter Mane|Taunt|p1a: Calyrex\n|-start|p1a: Calyrex|move: Taunt\n|move|p1a: Calyrex|Glacial Lance|p2a: Zamazenta|[spread] p2a,p2b\n|-resisted|p2a: Zamazenta\n|-damage|p2a: Zamazenta|89/100\n|-damage|p2b: Flutter Mane|2/100\n|\n|-weather|RainDance|[upkeep]\n|upkeep\n|turn|2\n|inactive|xiaoliyunVGC has 30 seconds left.\n|\n|t:|1772189959\n|switch|p1a: Urshifu|Urshifu-Rapid-Strike, L50, M|100/100\n|move|p2b: Flutter Mane|Taunt|p1b: Incineroar\n|-start|p1b: Incineroar|move: Taunt\n|move|p2a: Zamazenta|Body Press|p1a: Urshifu\n|-damage|p1a: Urshifu|39/100\n|move|p1b: Incineroar|U-turn|p2b: Flutter Mane\n|-resisted|p2b: Flutter Mane\n|-damage|p2b: Flutter Mane|0 fnt\n|faint|p2b: Flutter Mane\n|-end|p2b: Flutter Mane|Protosynthesis|[silent]\n|\n|t:|1772189970\n|switch|p1b: Calyrex|Calyrex-Ice, L50|100/100|[from] U-turn\n|-ability|p1b: Calyrex|As One\n|-ability|p1b: Calyrex|Unnerve\n|\n|-weather|RainDance|[upkeep]\n|upkeep\n|\n|t:|1772189977\n|switch|p2b: Kyogre|Kyogre, L50|100/100\n|turn|3\n|\n|t:|1772189997\n|-terastallize|p1b: Calyrex|Dragon\n|move|p1a: Urshifu|Detect|p1a: Urshifu\n|-singleturn|p1a: Urshifu|Protect\n|move|p2b: Kyogre|Water Spout|p1b: Calyrex|[spread] p1b\n|-activate|p1a: Urshifu|move: Protect\n|-resisted|p1b: Calyrex\n|-damage|p1b: Calyrex|73/100\n|move|p2a: Zamazenta|Behemoth Bash|p1b: Calyrex\n|-damage|p1b: Calyrex|49/100\n|move|p1b: Calyrex|Trick Room|p1b: Calyrex\n|-fieldstart|move: Trick Room|[of] p1b: Calyrex\n|\n|-weather|RainDance|[upkeep]\n|upkeep\n|turn|4\n|inactive|AAAJN has 30 seconds left.\n|inactive|AAAJN has 20 seconds left.\n|inactive|AAAJN has 15 seconds left.\n|\n|t:|1772190040\n|switch|p2b: Kingambit|Kingambit, L50, F|100/100\n|move|p1a: Urshifu|Surging Strikes|p2a: Zamazenta\n|-crit|p2a: Zamazenta\n|-damage|p2a: Zamazenta|70/100\n|-crit|p2a: Zamazenta\n|-damage|p2a: Zamazenta|51/100\n|-crit|p2a: Zamazenta\n|-damage|p2a: Zamazenta|32/100\n|-hitcount|p2a: Zamazenta|3\n|move|p1b: Calyrex|Glacial Lance|p2a: Zamazenta|[spread] p2a,p2b\n|-resisted|p2a: Zamazenta\n|-resisted|p2b: Kingambit\n|-damage|p2a: Zamazenta|23/100\n|-damage|p2b: Kingambit|82/100\n|move|p2a: Zamazenta|Body Press|p1a: Urshifu\n|-damage|p1a: Urshifu|0 fnt\n|faint|p1a: Urshifu\n|\n|-weather|RainDance|[upkeep]\n|upkeep\n|\n|t:|1772190054\n|switch|p1a: Ursaluna|Ursaluna, L50, M|100/100\n|turn|5\n|\n|t:|1772190075\n|move|p1a: Ursaluna|Protect|p1a: Ursaluna\n|-singleturn|p1a: Ursaluna|Protect\n|move|p2b: Kingambit|Low Kick|p1a: Ursaluna\n|-activate|p1a: Ursaluna|move: Protect\n|move|p1b: Calyrex|Leech Seed|p2a: Zamazenta\n|-start|p2a: Zamazenta|move: Leech Seed\n|move|p2a: Zamazenta|Body Press|p1b: Calyrex\n|-damage|p1b: Calyrex|6/100\n|\n|-weather|none\n|-damage|p2a: Zamazenta|11/100|[from] Leech Seed|[of] p1b: Calyrex\n|-heal|p1b: Calyrex|18/100|[silent]\n|-status|p1a: Ursaluna|brn|[from] item: Flame Orb\n|upkeep\n|turn|6\n|inactive|AAAJN has 30 seconds left.\n|inactive|AAAJN has 20 seconds left.\n|inactive|AAAJN has 15 seconds left.\n|inactive|AAAJN has 10 seconds left.\n|inactive|AAAJN has 5 seconds left.\n|\n|t:|1772190127\n|switch|p1a: Incineroar|Incineroar, L50, M|100/100\n|-ability|p1a: Incineroar|Intimidate|boost\n|-unboost|p2a: Zamazenta|atk|1\n|-unboost|p2b: Kingambit|atk|1\n|-ability|p2b: Kingambit|Defiant|boost\n|-boost|p2b: Kingambit|atk|2\n|move|p1b: Calyrex|Protect|p1b: Calyrex\n|-singleturn|p1b: Calyrex|Protect\n|move|p2a: Zamazenta|Wide Guard|p2a: Zamazenta\n|-singleturn|p2a: Zamazenta|Wide Guard\n|move|p2b: Kingambit|Low Kick|p1a: Incineroar\n|-supereffective|p1a: Incineroar\n|-damage|p1a: Incineroar|0 fnt\n|faint|p1a: Incineroar\n|\n|-damage|p2a: Zamazenta|0 fnt|[from] Leech Seed|[of] p1b: Calyrex\n|-heal|p1b: Calyrex|28/100|[silent]\n|faint|p2a: Zamazenta\n|upkeep\n|\n|t:|1772190142\n|switch|p1a: Ursaluna|Ursaluna, L50, M|100/100 brn\n|switch|p2a: Kyogre|Kyogre, L50|100/100\n|-weather|RainDance|[from] ability: Drizzle|[of] p2a: Kyogre\n|turn|7\n|\n|t:|1772190155\n|move|p2b: Kingambit|Low Kick|p1a: Ursaluna\n|-supereffective|p1a: Ursaluna\n|-damage|p1a: Ursaluna|0 fnt\n|faint|p1a: Ursaluna\n|move|p1b: Calyrex|Leech Seed|p2a: Kyogre\n|-start|p2a: Kyogre|move: Leech Seed\n|move|p2a: Kyogre|Origin Pulse|p1b: Calyrex\n|-resisted|p1b: Calyrex\n|-damage|p1b: Calyrex|0 fnt\n|faint|p1b: Calyrex\n|\n|win|xiaoliyunVGC\n|raw|AAAJN's rating: 1402 &rarr; <strong>1383</strong><br />(-19 for losing)\n|raw|xiaoliyunVGC's rating: 1420 &rarr; <strong>1439</strong><br />(+19 for winning)\n|l|\u2606AAAJN\n|player|p1|\n","uploadtime":1772190347,"views":12,"formatid":"gen9vgc2026regi","rating":1383,"private":0,"password":null}