{"id":"gen9vgc2026regi-2549663611","format":"[Gen 9] VGC 2026 Reg I","players":["VeiledNonsense","Simon0123"],"log":"|j|\u2606VeiledNonsense\n|j|\u2606Simon0123\n|t:|1772395352\n|gametype|doubles\n|player|p1|VeiledNonsense|bellelba|1117\n|player|p2|Simon0123|shadowtriad|1206\n|gen|9\n|tier|[Gen 9] VGC 2026 Reg I\n|rated|\n|rule|Species Clause: Limit one of each Pok\u00e9mon\n|rule|Item Clause: Limit 1 of each item\n|clearpoke\n|poke|p1|Calyrex-Ice, L50|\n|poke|p1|Sneasler, L50, M|\n|poke|p1|Tornadus, L50, M|\n|poke|p1|Miraidon, L50|\n|poke|p1|Urshifu-*, L50, F|\n|poke|p1|Flutter Mane, L50|\n|poke|p2|Terapagos, L50, M|\n|poke|p2|Calyrex-Ice, L50|\n|poke|p2|Amoonguss, L50, M|\n|poke|p2|Farigiraf, L50, M|\n|poke|p2|Incineroar, L50, F|\n|poke|p2|Urshifu-*, L50, M|\n|teampreview|4\n|inactive|Battle timer is ON: inactive players will automatically lose when time's up. (requested by VeiledNonsense)\n|inactive|Simon0123 also wants the timer to be on.\n|inactive|VeiledNonsense has 60 seconds left.\n|\n|t:|1772395385\n|teamsize|p1|4\n|teamsize|p2|4\n|start\n|switch|p1a: Calyrex|Calyrex-Ice, L50|100/100\n|switch|p1b: Sneasler|Sneasler, L50, M, shiny|100/100\n|switch|p2a: Farigiraf|Farigiraf, L50, M|100/100\n|switch|p2b: Incineroar|Incineroar, L50, F|100/100\n|-ability|p1a: Calyrex|As One\n|-ability|p1a: Calyrex|Unnerve\n|-ability|p2b: Incineroar|Intimidate|boost\n|-fail|p1a: Calyrex|unboost|[from] item: Clear Amulet|[of] p1a: Calyrex\n|-unboost|p1b: Sneasler|atk|1\n|turn|1\n|\n|t:|1772395405\n|move|p1b: Sneasler|Fake Out||[still]\n|cant|p2a: Farigiraf|ability: Armor Tail|Fake Out|[of] p1b: Sneasler\n|move|p1a: Calyrex|Imprison|p1a: Calyrex\n|-start|p1a: Calyrex|move: Imprison\n|move|p2b: Incineroar|Flare Blitz|p1a: Calyrex\n|-supereffective|p1a: Calyrex\n|-damage|p1a: Calyrex|43/100\n|-status|p1a: Calyrex|brn\n|-damage|p2b: Incineroar|83/100|[from] Recoil\n|move|p2a: Farigiraf|Psychic|p1b: Sneasler\n|-supereffective|p1b: Sneasler\n|-enditem|p1b: Sneasler|Focus Sash\n|-damage|p1b: Sneasler|1/100\n|\n|-damage|p1a: Calyrex|37/100 brn|[from] brn\n|upkeep\n|turn|2\n|inactive|VeiledNonsense has 30 seconds left.\n|inactive|Simon0123 has 30 seconds left.\n|inactive|Simon0123 has 20 seconds left.\n|\n|t:|1772395441\n|-terastallize|p1a: Calyrex|Ground\n|move|p1b: Sneasler|Coaching|p1a: Calyrex\n|-boost|p1a: Calyrex|atk|1\n|-boost|p1a: Calyrex|def|1\n|move|p1a: Calyrex|High Horsepower|p2b: Incineroar\n|-supereffective|p2b: Incineroar\n|-damage|p2b: Incineroar|22/100\n|move|p2b: Incineroar|Flare Blitz|p1a: Calyrex\n|-damage|p1a: Calyrex|16/100 brn\n|-damage|p2b: Incineroar|16/100|[from] Recoil\n|move|p2a: Farigiraf|Psychic|p1b: Sneasler\n|-supereffective|p1b: Sneasler\n|-damage|p1b: Sneasler|0 fnt\n|faint|p1b: Sneasler\n|\n|-damage|p1a: Calyrex|11/100 brn|[from] brn\n|upkeep\n|\n|t:|1772395461\n|switch|p1b: Miraidon|Miraidon, L50|100/100\n|-fieldstart|move: Electric Terrain|[from] ability: Hadron Engine|[of] p1b: Miraidon\n|turn|3\n|\n|t:|1772395474\n|move|p2a: Farigiraf|Protect|p2a: Farigiraf\n|-singleturn|p2a: Farigiraf|Protect\n|move|p1b: Miraidon|Discharge|p2a: Farigiraf|[spread] p2b\n|-activate|p2a: Farigiraf|move: Protect\n|-immune|p1a: Calyrex\n|-damage|p2b: Incineroar|0 fnt\n|faint|p2b: Incineroar\n|move|p1a: Calyrex|Glacial Lance|p2a: Farigiraf\n|-activate|p2a: Farigiraf|move: Protect\n|\n|-damage|p1a: Calyrex|5/100 brn|[from] brn\n|upkeep\n|\n|t:|1772395498\n|switch|p2b: Terapagos|Terapagos, L50, M|100/100\n|-activate|p2b: Terapagos|ability: Tera Shift\n|detailschange|p2b: Terapagos|Terapagos-Terastal, L50, M\n|-heal|p2b: Terapagos|100/100|[silent]\n|turn|4\n|inactive|Simon0123 has 30 seconds left.\n|\n|t:|1772395526\n|move|p1b: Miraidon|Discharge|p2b: Terapagos|[spread] p2a,p2b\n|-immune|p1a: Calyrex\n|-activate|p2b: Terapagos|ability: Tera Shell\n|-resisted|p2b: Terapagos\n|-damage|p2a: Farigiraf|28/100\n|-damage|p2b: Terapagos|61/100\n|-status|p2b: Terapagos|par\n|move|p1a: Calyrex|Glacial Lance|p2b: Terapagos|[spread] p2a,p2b\n|-damage|p2a: Farigiraf|0 fnt\n|-damage|p2b: Terapagos|30/100 par\n|faint|p2a: Farigiraf\n|-ability|p1a: Calyrex|Chilling Neigh|boost\n|-boost|p1a: Calyrex|atk|1\n|move|p2b: Terapagos|Tera Starstorm|p1a: Calyrex\n|-damage|p1a: Calyrex|0 fnt\n|faint|p1a: Calyrex\n|\n|-heal|p2b: Terapagos|36/100 par|[from] item: Leftovers\n|upkeep\n|\n|t:|1772395546\n|switch|p1a: Tornadus|Tornadus, L50, M, shiny|100/100\n|switch|p2a: Calyrex|Calyrex-Ice, L50|100/100\n|-ability|p2a: Calyrex|As One\n|-ability|p2a: Calyrex|Unnerve\n|turn|5\n|\n|t:|1772395565\n|move|p2b: Terapagos|Protect|p2b: Terapagos\n|-singleturn|p2b: Terapagos|Protect\n|move|p1a: Tornadus|Taunt|p2b: Terapagos\n|-activate|p2b: Terapagos|move: Protect\n|move|p1b: Miraidon|Discharge|p2a: Calyrex|[spread] p1a,p2a\n|-activate|p2b: Terapagos|move: Protect\n|-supereffective|p1a: Tornadus\n|-damage|p1a: Tornadus|0 fnt\n|-damage|p2a: Calyrex|35/100\n|faint|p1a: Tornadus\n|move|p2a: Calyrex|Trick Room|p2a: Calyrex\n|-fieldstart|move: Trick Room|[of] p2a: Calyrex\n|\n|-heal|p2b: Terapagos|42/100 par|[from] item: Leftovers\n|upkeep\n|turn|6\n|\n|t:|1772395585\n|move|p2a: Calyrex|Glacial Lance|p1b: Miraidon\n|-supereffective|p1b: Miraidon\n|-damage|p1b: Miraidon|0 fnt\n|faint|p1b: Miraidon\n|\n|win|Simon0123\n|raw|VeiledNonsense's rating: 1117 &rarr; <strong>1098</strong><br />(-19 for losing)\n|raw|Simon0123's rating: 1206 &rarr; <strong>1225</strong><br />(+19 for winning)\n","uploadtime":1772395590,"views":12,"formatid":"gen9vgc2026regi","rating":1098,"private":0,"password":null}