{"id":"gen9vgc2026regi-2570211308","format":"[Gen 9] VGC 2026 Reg I","players":["dasabe\u76d6\u6b27\u5361\u4fa0","legsi bogsi"],"log":"|j|\u2606dasabe\u76d6\u6b27\u5361\u4fa0\n|j|\u2606legsi bogsi\n|t:|1774789125\n|gametype|doubles\n|player|p1|dasabe\u76d6\u6b27\u5361\u4fa0|may-masters4|1374\n|player|p2|legsi bogsi|candice|1449\n|gen|9\n|tier|[Gen 9] VGC 2026 Reg I\n|rated|\n|rule|Species Clause: Limit one of each Pok\u00e9mon\n|rule|Item Clause: Limit 1 of each item\n|clearpoke\n|poke|p1|Calyrex-Ice, L50|\n|poke|p1|Kyogre, L50|\n|poke|p1|Landorus, L50, M|\n|poke|p1|Tornadus, L50, M|\n|poke|p1|Urshifu-*, L50, F|\n|poke|p1|Farigiraf, L50, F|\n|poke|p2|Basculegion, L50, M|\n|poke|p2|Amoonguss, L50, M|\n|poke|p2|Smeargle, L50, M|\n|poke|p2|Rillaboom, L50, F|\n|poke|p2|Calyrex-Ice, L50|\n|poke|p2|Kyogre, L50|\n|teampreview|4\n|\n|t:|1774789152\n|teamsize|p1|4\n|teamsize|p2|4\n|start\n|switch|p1a: \u4e09\u811a\u51fa\u6ed1|Urshifu-Rapid-Strike, L50, F|100/100\n|switch|p1b: \u6210\u90fd\u8001\u76d6|Kyogre, L50|100/100\n|switch|p2a: Rillaboom|Rillaboom, L50, F|100/100\n|switch|p2b: Calyrex|Calyrex-Ice, L50|100/100\n|-ability|p2b: Calyrex|As One\n|-ability|p2b: Calyrex|Unnerve\n|-weather|RainDance|[from] ability: Drizzle|[of] p1b: \u6210\u90fd\u8001\u76d6\n|-fieldstart|move: Grassy Terrain|[from] ability: Grassy Surge|[of] p2a: Rillaboom\n|turn|1\n|\n|t:|1774789189\n|switch|p1a: \u5c0f\u5934\u63a7\u5927\u5934|Farigiraf, L50, F, shiny|100/100\n|switch|p2b: Basculegion|Basculegion, L50, M, shiny|100/100\n|-terastallize|p1b: \u6210\u90fd\u8001\u76d6|Water\n|move|p1b: \u6210\u90fd\u8001\u76d6|Water Spout|p2b: Basculegion|[spread] p2a,p2b\n|-resisted|p2a: Rillaboom\n|-resisted|p2b: Basculegion\n|-damage|p2a: Rillaboom|26/100\n|-damage|p2b: Basculegion|0 fnt\n|faint|p2b: Basculegion\n|move|p2a: Rillaboom|Wood Hammer|p1b: \u6210\u90fd\u8001\u76d6\n|-supereffective|p1b: \u6210\u90fd\u8001\u76d6\n|-damage|p1b: \u6210\u90fd\u8001\u76d6|0 fnt\n|faint|p1b: \u6210\u90fd\u8001\u76d6\n|-damage|p2a: Rillaboom|0 fnt|[from] Recoil\n|faint|p2a: Rillaboom\n|\n|-weather|RainDance|[upkeep]\n|upkeep\n|\n|t:|1774789211\n|switch|p1b: \u4e09\u811a\u51fa\u6ed1|Urshifu-Rapid-Strike, L50, F|100/100\n|switch|p2b: Kyogre|Kyogre, L50, shiny|100/100\n|switch|p2a: Calyrex|Calyrex-Ice, L50|100/100\n|-ability|p2a: Calyrex|As One\n|-ability|p2a: Calyrex|Unnerve\n|turn|2\n|\n|t:|1774789235\n|-terastallize|p2b: Kyogre|Grass\n|move|p1a: \u5c0f\u5934\u63a7\u5927\u5934|Helping Hand|p1b: \u4e09\u811a\u51fa\u6ed1\n|-singleturn|p1b: \u4e09\u811a\u51fa\u6ed1|Helping Hand|[of] p1a: \u5c0f\u5934\u63a7\u5927\u5934\n|move|p1b: \u4e09\u811a\u51fa\u6ed1|Close Combat|p2b: Kyogre\n|-damage|p2b: Kyogre|8/100\n|-unboost|p1b: \u4e09\u811a\u51fa\u6ed1|def|1\n|-unboost|p1b: \u4e09\u811a\u51fa\u6ed1|spd|1\n|move|p2b: Kyogre|Water Spout|p1b: \u4e09\u811a\u51fa\u6ed1|[spread] p1a,p1b\n|-resisted|p1b: \u4e09\u811a\u51fa\u6ed1\n|-damage|p1a: \u5c0f\u5934\u63a7\u5927\u5934|91/100\n|-damage|p1b: \u4e09\u811a\u51fa\u6ed1|90/100\n|move|p2a: Calyrex|Glacial Lance|p1a: \u5c0f\u5934\u63a7\u5927\u5934|[spread] p1a,p1b\n|-resisted|p1b: \u4e09\u811a\u51fa\u6ed1\n|-damage|p1a: \u5c0f\u5934\u63a7\u5927\u5934|36/100\n|-damage|p1b: \u4e09\u811a\u51fa\u6ed1|39/100\n|\n|-weather|RainDance|[upkeep]\n|-heal|p1b: \u4e09\u811a\u51fa\u6ed1|45/100|[from] Grassy Terrain\n|-heal|p2b: Kyogre|15/100|[from] Grassy Terrain\n|-heal|p1a: \u5c0f\u5934\u63a7\u5927\u5934|42/100|[from] Grassy Terrain\n|upkeep\n|turn|3\n|\n|t:|1774789268\n|switch|p1a: \u9e7f\u51a0\u738b|Calyrex-Ice, L50|100/100\n|-ability|p1a: \u9e7f\u51a0\u738b|As One\n|-ability|p1a: \u9e7f\u51a0\u738b|Unnerve\n|move|p1b: \u4e09\u811a\u51fa\u6ed1|Close Combat|p2b: Kyogre\n|-damage|p2b: Kyogre|0 fnt\n|-unboost|p1b: \u4e09\u811a\u51fa\u6ed1|def|1\n|-unboost|p1b: \u4e09\u811a\u51fa\u6ed1|spd|1\n|faint|p2b: Kyogre\n|move|p2a: Calyrex|Glacial Lance|p1a: \u9e7f\u51a0\u738b|[spread] p1a,p1b\n|-resisted|p1a: \u9e7f\u51a0\u738b\n|-resisted|p1b: \u4e09\u811a\u51fa\u6ed1\n|-damage|p1a: \u9e7f\u51a0\u738b|78/100\n|-damage|p1b: \u4e09\u811a\u51fa\u6ed1|0 fnt\n|faint|p1b: \u4e09\u811a\u51fa\u6ed1\n|-ability|p2a: Calyrex|Chilling Neigh|boost\n|-boost|p2a: Calyrex|atk|1\n|\n|-weather|RainDance|[upkeep]\n|-heal|p1a: \u9e7f\u51a0\u738b|85/100|[from] Grassy Terrain\n|upkeep\n|\n|t:|1774789275\n|switch|p1b: \u5c0f\u5934\u63a7\u5927\u5934|Farigiraf, L50, F, shiny|42/100\n|turn|4\n|\n|t:|1774789294\n|move|p1b: \u5c0f\u5934\u63a7\u5927\u5934|Helping Hand|p1a: \u9e7f\u51a0\u738b\n|-singleturn|p1a: \u9e7f\u51a0\u738b|Helping Hand|[of] p1b: \u5c0f\u5934\u63a7\u5927\u5934\n|move|p1a: \u9e7f\u51a0\u738b|Crunch|p2a: Calyrex\n|-supereffective|p2a: Calyrex\n|-damage|p2a: Calyrex|11/100\n|move|p2a: Calyrex|Glacial Lance|p1b: \u5c0f\u5934\u63a7\u5927\u5934|[spread] p1a,p1b\n|-resisted|p1a: \u9e7f\u51a0\u738b\n|-damage|p1a: \u9e7f\u51a0\u738b|47/100\n|-damage|p1b: \u5c0f\u5934\u63a7\u5927\u5934|0 fnt\n|faint|p1b: \u5c0f\u5934\u63a7\u5927\u5934\n|-ability|p2a: Calyrex|Chilling Neigh|boost\n|-boost|p2a: Calyrex|atk|1\n|\n|-weather|RainDance|[upkeep]\n|-heal|p1a: \u9e7f\u51a0\u738b|53/100|[from] Grassy Terrain\n|-heal|p2a: Calyrex|17/100|[from] Grassy Terrain\n|upkeep\n|turn|5\n|-message|legsi bogsi forfeited.\n|\n|win|dasabe\u76d6\u6b27\u5361\u4fa0\n|raw|dasabe\u76d6\u6b27\u5361\u4fa0's rating: 1374 &rarr; <strong>1398</strong><br />(+24 for winning)\n|raw|legsi bogsi's rating: 1449 &rarr; <strong>1425</strong><br />(-24 for losing)\n|l|\u2606legsi bogsi\n|player|p2|\n|l|\u2606dasabe\u76d6\u6b27\u5361\u4fa0\n|player|p1|\n","uploadtime":1774789448,"views":11,"formatid":"gen9vgc2026regi","rating":1398,"private":0,"password":null}