{"id":"gen9vgc2026regi-2517847837","format":"[Gen 9] VGC 2026 Reg I","players":["kazamsito","liam.2025"],"log":"|j|\u2606kazamsito\n|j|\u2606liam.2025\n|t:|1768318699\n|gametype|doubles\n|player|p1|kazamsito|102|1235\n|player|p2|liam.2025|policeman|1326\n|gen|9\n|tier|[Gen 9] VGC 2026 Reg I\n|rated|\n|rule|Species Clause: Limit one of each Pok\u00e9mon\n|rule|Item Clause: Limit 1 of each item\n|clearpoke\n|poke|p1|Calyrex-Shadow, L50|\n|poke|p1|Zamazenta-*, L50|\n|poke|p1|Raging Bolt, L50|\n|poke|p1|Rillaboom, L50, F|\n|poke|p1|Tornadus, L50, M|\n|poke|p1|Smeargle, L50, F|\n|poke|p2|Murkrow, L50, F|\n|poke|p2|Weezing-Galar, L50, M|\n|poke|p2|Terapagos, L50, M|\n|poke|p2|Smeargle, L50, M|\n|poke|p2|Calyrex-Ice, L50|\n|poke|p2|Ursaluna, L50, F|\n|teampreview|4\n|inactive|Battle timer is ON: inactive players will automatically lose when time's up. (requested by liam.2025)\n|\n|t:|1768318743\n|teamsize|p1|4\n|teamsize|p2|4\n|start\n|switch|p1a: Calyrex|Calyrex-Shadow, L50|100/100\n|switch|p1b: Smeargle|Smeargle, L50, F|100/100\n|switch|p2a: Murkrow|Murkrow, L50, F|100/100\n|switch|p2b: Calyrex|Calyrex-Ice, L50|100/100\n|-ability|p1a: Calyrex|As One\n|-ability|p1a: Calyrex|Unnerve\n|-ability|p2b: Calyrex|As One\n|-ability|p2b: Calyrex|Unnerve\n|turn|1\n|inactive|kazamsito has 30 seconds left.\n|inactive|kazamsito has 20 seconds left.\n|\n|t:|1768318781\n|move|p1b: Smeargle|Fake Out|p2b: Calyrex\n|-damage|p2b: Calyrex|97/100\n|move|p2a: Murkrow|Tailwind|p2a: Murkrow\n|-sidestart|p2: liam.2025|move: Tailwind\n|cant|p2b: Calyrex|flinch\n|move|p1a: Calyrex|Astral Barrage|p2a: Murkrow|[spread] p2a,p2b\n|-resisted|p2a: Murkrow\n|-supereffective|p2b: Calyrex\n|-damage|p2a: Murkrow|47/100\n|-damage|p2b: Calyrex|0 fnt\n|faint|p2b: Calyrex\n|-ability|p1a: Calyrex|Grim Neigh|boost\n|-boost|p1a: Calyrex|spa|1\n|-damage|p1a: Calyrex|91/100|[from] item: Life Orb\n|\n|-ability|p1b: Smeargle|Moody|boost\n|-boost|p1b: Smeargle|atk|2\n|-unboost|p1b: Smeargle|def|1\n|upkeep\n|\n|t:|1768318801\n|switch|p2b: Terapagos|Terapagos, L50, M|100/100\n|-activate|p2b: Terapagos|ability: Tera Shift\n|detailschange|p2b: Terapagos|Terapagos-Terastal, L50, M\n|-heal|p2b: Terapagos|100/100|[silent]\n|turn|2\n|\n|t:|1768318825\n|move|p2b: Terapagos|Tera Starstorm|p1b: Smeargle\n|-enditem|p1b: Smeargle|Focus Sash\n|-damage|p1b: Smeargle|1/100\n|move|p2a: Murkrow|Brave Bird|p1b: Smeargle\n|-damage|p1b: Smeargle|0 fnt\n|faint|p1b: Smeargle\n|-damage|p2a: Murkrow|46/100|[from] Recoil\n|move|p1a: Calyrex|Astral Barrage|p2b: Terapagos|[spread] p2a\n|-immune|p2b: Terapagos\n|-resisted|p2a: Murkrow\n|-damage|p2a: Murkrow|0 fnt\n|faint|p2a: Murkrow\n|-ability|p1a: Calyrex|Grim Neigh|boost\n|-boost|p1a: Calyrex|spa|1\n|-damage|p1a: Calyrex|81/100|[from] item: Life Orb\n|\n|upkeep\n|\n|t:|1768318842\n|switch|p1b: Zamazenta|Zamazenta-Crowned, L50|100/100\n|switch|p2a: Smeargle|Smeargle, L50, M|100/100\n|-ability|p1b: Zamazenta|Dauntless Shield|boost\n|-boost|p1b: Zamazenta|def|1\n|turn|3\n|inactive|kazamsito has 30 seconds left.\n|inactive|kazamsito has 20 seconds left.\n|\n|t:|1768318877\n|-terastallize|p2b: Terapagos|Stellar\n|detailschange|p2b: Terapagos|Terapagos-Stellar, L50, M, tera:Stellar\n|-heal|p2b: Terapagos|100/100|[silent]\n|move|p1a: Calyrex|Protect|p1a: Calyrex\n|-singleturn|p1a: Calyrex|Protect\n|move|p1b: Zamazenta|Protect|p1b: Zamazenta\n|-singleturn|p1b: Zamazenta|Protect\n|move|p2a: Smeargle|Decorate|p2b: Terapagos\n|-boost|p2b: Terapagos|atk|2\n|-boost|p2b: Terapagos|spa|2\n|move|p2b: Terapagos|Tera Starstorm|p1b: Zamazenta|[spread] \n|-activate|p1a: Calyrex|move: Protect\n|-activate|p1b: Zamazenta|move: Protect\n|\n|upkeep\n|turn|4\n|inactive|kazamsito has 30 seconds left.\n|inactive|liam.2025 has 30 seconds left.\n|\n|t:|1768318905\n|-terastallize|p1b: Zamazenta|Grass\n|move|p2a: Smeargle|Feint|p1b: Zamazenta\n|-crit|p1b: Zamazenta\n|-damage|p1b: Zamazenta|94/100\n|move|p2b: Terapagos|Tera Starstorm|p1a: Calyrex|[spread] p1a,p1b\n|-supereffective|p1b: Zamazenta\n|-damage|p1a: Calyrex|0 fnt\n|-damage|p1b: Zamazenta|0 fnt\n|faint|p1a: Calyrex\n|faint|p1b: Zamazenta\n|\n|-sideend|p2: liam.2025|move: Tailwind\n|upkeep\n|\n|t:|1768318915\n|switch|p1b: Raging Bolt|Raging Bolt, L50|100/100\n|-enditem|p1b: Raging Bolt|Booster Energy\n|-activate|p1b: Raging Bolt|ability: Protosynthesis|[fromitem]\n|-start|p1b: Raging Bolt|protosynthesisspa\n|turn|5\n|\n|t:|1768318928\n|move|p2a: Smeargle|Follow Me|p2a: Smeargle\n|-singleturn|p2a: Smeargle|move: Follow Me\n|move|p2b: Terapagos|Tera Starstorm|p1b: Raging Bolt\n|-damage|p1b: Raging Bolt|0 fnt\n|faint|p1b: Raging Bolt\n|-end|p1b: Raging Bolt|Protosynthesis|[silent]\n|\n|win|liam.2025\n|raw|kazamsito's rating: 1235 &rarr; <strong>1216</strong><br />(-19 for losing)\n|raw|liam.2025's rating: 1326 &rarr; <strong>1341</strong><br />(+15 for winning)\n","uploadtime":1768319116,"views":13,"formatid":"gen9vgc2026regi","rating":1216,"private":0,"password":null}