{"id":"gen9vgc2026regi-2571319512","format":"[Gen 9] VGC 2026 Reg I","players":["Dsala909","Highkage2"],"log":"|j|\u2606Dsala909\n|j|\u203dHighkage2\n|t:|1774903535\n|gametype|doubles\n|player|p1|Dsala909|266|1393\n|player|p2|Highkage2|doubleteam|1591\n|gen|9\n|tier|[Gen 9] VGC 2026 Reg I\n|rated|\n|rule|Species Clause: Limit one of each Pok\u00e9mon\n|rule|Item Clause: Limit 1 of each item\n|clearpoke\n|poke|p1|Slowking, L50, M|\n|poke|p1|Calyrex-Ice, L50|\n|poke|p1|Ogerpon-Hearthflame, L50, F|\n|poke|p1|Miraidon, L50|\n|poke|p1|Grimmsnarl, L50, M|\n|poke|p1|Urshifu-*, L50, M|\n|poke|p2|Incineroar, L50, M|\n|poke|p2|Calyrex-Ice, L50|\n|poke|p2|Miraidon, L50|\n|poke|p2|Iron Treads, L50|\n|poke|p2|Volcarona, L50, F|\n|poke|p2|Farigiraf, L50, M|\n|teampreview|4\n|inactive|Battle timer is ON: inactive players will automatically lose when time's up. (requested by Highkage2)\n|j| Therazer456\n|j| oherrodersir\n|inactive|Dsala909 has 60 seconds left.\n|inactive|Highkage2 has 60 seconds left.\n|\n|t:|1774903576\n|teamsize|p1|4\n|teamsize|p2|4\n|start\n|switch|p1a: Grimmsnarl|Grimmsnarl, L50, M|100/100\n|switch|p1b: Ogerpon|Ogerpon-Hearthflame, L50, F|100/100\n|switch|p2a: Miraidon|Miraidon, L50|100/100\n|switch|p2b: Incineroar|Incineroar, L50, M|100/100\n|-fieldstart|move: Electric Terrain|[from] ability: Hadron Engine|[of] p2a: Miraidon\n|-ability|p1b: Ogerpon|Mold Breaker\n|-ability|p2b: Incineroar|Intimidate|boost\n|-unboost|p1a: Grimmsnarl|atk|1\n|-unboost|p1b: Ogerpon|atk|1\n|turn|1\n|inactive|Dsala909 has 30 seconds left.\n|inactive|Dsala909 has 20 seconds left.\n|\n|t:|1774903612\n|move|p1b: Ogerpon|Follow Me|p1b: Ogerpon\n|-singleturn|p1b: Ogerpon|move: Follow Me\n|move|p1a: Grimmsnarl|Light Screen|p1a: Grimmsnarl\n|-sidestart|p1: Dsala909|move: Light Screen\n|move|p2a: Miraidon|Volt Switch|p1b: Ogerpon\n|-resisted|p1b: Ogerpon\n|-damage|p1b: Ogerpon|66/100\n|\n|t:|1774903630\n|switch|p2a: Iron Treads|Iron Treads, L50|100/100|[from] Volt Switch\n|-activate|p2a: Iron Treads|ability: Quark Drive\n|-start|p2a: Iron Treads|quarkdrivespe\n|move|p2b: Incineroar|U-turn|p1b: Ogerpon\n|-damage|p1b: Ogerpon|51/100\n|\n|t:|1774903632\n|switch|p2b: Miraidon|Miraidon, L50|100/100|[from] U-turn\n|-activate|p2b: Miraidon|ability: Hadron Engine\n|\n|upkeep\n|turn|2\n|\n|t:|1774903656\n|move|p1b: Ogerpon|Spiky Shield|p1b: Ogerpon\n|-singleturn|p1b: Ogerpon|move: Protect\n|move|p1a: Grimmsnarl|Reflect|p1a: Grimmsnarl\n|-sidestart|p1: Dsala909|Reflect\n|move|p2a: Iron Treads|High Horsepower|p1b: Ogerpon\n|-activate|p1b: Ogerpon|move: Protect\n|-damage|p2a: Iron Treads|88/100|[from] Spiky Shield|[of] p1b: Ogerpon\n|move|p2b: Miraidon|Volt Switch|p1a: Grimmsnarl\n|-damage|p1a: Grimmsnarl|51/100\n|\n|t:|1774903659\n|switch|p2b: Incineroar|Incineroar, L50, M|100/100|[from] Volt Switch\n|-ability|p2b: Incineroar|Intimidate|boost\n|-unboost|p1a: Grimmsnarl|atk|1\n|-unboost|p1b: Ogerpon|atk|1\n|\n|upkeep\n|turn|3\n|inactive|Dsala909 has 30 seconds left.\n|inactive|Highkage2 has 30 seconds left.\n|inactive|Dsala909 has 20 seconds left.\n|inactive|Dsala909 has 15 seconds left.\n|\n|t:|1774903700\n|-end|p2a: Iron Treads|Quark Drive|[silent]\n|switch|p2a: Miraidon|Miraidon, L50|100/100\n|-activate|p2a: Miraidon|ability: Hadron Engine\n|switch|p1b: Calyrex|Calyrex-Ice, L50|100/100\n|-ability|p1b: Calyrex|As One\n|-ability|p1b: Calyrex|Unnerve\n|switch|p1a: Miraidon|Miraidon, L50|100/100\n|-activate|p1a: Miraidon|ability: Hadron Engine\n|move|p2b: Incineroar|U-turn|p1b: Calyrex\n|-supereffective|p1b: Calyrex\n|-damage|p1b: Calyrex|86/100\n|\n|t:|1774903717\n|switch|p2b: Iron Treads|Iron Treads, L50|88/100|[from] U-turn\n|-activate|p2b: Iron Treads|ability: Quark Drive\n|-start|p2b: Iron Treads|quarkdrivespe\n|\n|-heal|p1b: Calyrex|91/100|[from] item: Leftovers\n|upkeep\n|turn|4\n|inactive|Dsala909 has 30 seconds left.\n|inactive|Dsala909 has 20 seconds left.\n|inactive|Dsala909 has 15 seconds left.\n|inactive|Highkage2 has 30 seconds left.\n|\n|t:|1774903768\n|-terastallize|p2a: Miraidon|Fairy\n|move|p1b: Calyrex|Protect|p1b: Calyrex\n|-singleturn|p1b: Calyrex|Protect\n|move|p2b: Iron Treads|Iron Head|p1b: Calyrex\n|-activate|p1b: Calyrex|move: Protect\n|move|p2a: Miraidon|Electro Drift|p1b: Calyrex\n|-activate|p1b: Calyrex|move: Protect\n|move|p1a: Miraidon|Volt Switch|p2a: Miraidon\n|-damage|p2a: Miraidon|10/100\n|\n|t:|1774903780\n|switch|p1a: Ogerpon|Ogerpon-Hearthflame, L50, F|51/100|[from] Volt Switch\n|-ability|p1a: Ogerpon|Mold Breaker\n|\n|-heal|p1b: Calyrex|97/100|[from] item: Leftovers\n|upkeep\n|turn|5\n|inactive|Highkage2 has 30 seconds left.\n|\n|t:|1774903811\n|-end|p2b: Iron Treads|Quark Drive|[silent]\n|switch|p2b: Incineroar|Incineroar, L50, M|100/100\n|-ability|p2b: Incineroar|Intimidate|boost\n|-unboost|p1a: Ogerpon|atk|1\n|-unboost|p1b: Calyrex|atk|1\n|switch|p2a: Calyrex|Calyrex-Ice, L50|100/100\n|-ability|p2a: Calyrex|As One\n|-ability|p2a: Calyrex|Unnerve\n|move|p1a: Ogerpon|Follow Me|p1a: Ogerpon\n|-singleturn|p1a: Ogerpon|move: Follow Me\n|move|p1b: Calyrex|Substitute|p1b: Calyrex\n|-start|p1b: Calyrex|Substitute\n|-damage|p1b: Calyrex|72/100\n|\n|-heal|p1b: Calyrex|78/100|[from] item: Leftovers\n|-fieldend|move: Electric Terrain\n|upkeep\n|turn|6\n|inactive|Dsala909 has 30 seconds left.\n|inactive|Dsala909 has 20 seconds left.\n|\n|t:|1774903851\n|switch|p1a: Grimmsnarl|Grimmsnarl, L50, M|51/100\n|-terastallize|p1b: Calyrex|Water\n|move|p2b: Incineroar|Flare Blitz|p1b: Calyrex\n|-resisted|p1b: Calyrex\n|-activate|p1b: Calyrex|move: Substitute|[damage]\n|-damage|p2b: Incineroar|98/100|[from] Recoil|[of] p1b: Calyrex\n|move|p1b: Calyrex|Leech Seed|p2a: Calyrex\n|-start|p2a: Calyrex|move: Leech Seed\n|move|p2a: Calyrex|Glacial Lance|p1a: Grimmsnarl|[spread] p1a,p1b\n|-resisted|p1b: Calyrex\n|-activate|p1b: Calyrex|move: Substitute|[damage]\n|-damage|p1a: Grimmsnarl|8/100\n|\n|-heal|p1b: Calyrex|84/100|[from] item: Leftovers\n|-damage|p2a: Calyrex|88/100|[from] Leech Seed|[of] p1b: Calyrex\n|-heal|p1b: Calyrex|96/100|[silent]\n|upkeep\n|turn|7\n|inactive|Dsala909 has 30 seconds left.\n|\n|t:|1774903879\n|switch|p2a: Iron Treads|Iron Treads, L50|88/100\n|move|p1a: Grimmsnarl|Spirit Break|p2a: Iron Treads\n|-resisted|p2a: Iron Treads\n|-damage|p2a: Iron Treads|74/100\n|-unboost|p2a: Iron Treads|spa|1\n|move|p2b: Incineroar|U-turn|p1a: Grimmsnarl\n|-damage|p1a: Grimmsnarl|0 fnt\n|faint|p1a: Grimmsnarl\n|j| jaimsemmao\n|\n|t:|1774903890\n|switch|p2b: Calyrex|Calyrex-Ice, L50|88/100|[from] U-turn\n|-ability|p2b: Calyrex|As One\n|-ability|p2b: Calyrex|Unnerve\n|move|p1b: Calyrex|Leech Seed|p2b: Calyrex\n|-start|p2b: Calyrex|move: Leech Seed\n|\n|-heal|p1b: Calyrex|100/100|[from] item: Leftovers\n|-heal|p2b: Calyrex|94/100|[from] item: Leftovers\n|-damage|p2b: Calyrex|82/100|[from] Leech Seed|[of] p1b: Calyrex\n|upkeep\n|\n|t:|1774903902\n|switch|p1a: Ogerpon|Ogerpon-Hearthflame, L50, F|51/100\n|-ability|p1a: Ogerpon|Mold Breaker\n|turn|8\n|l| jaimsemmao\n|inactive|Dsala909 has 30 seconds left.\n|inactive|Dsala909 has 20 seconds left.\n|\n|t:|1774903937\n|switch|p2b: Incineroar|Incineroar, L50, M|98/100\n|-ability|p2b: Incineroar|Intimidate|boost\n|-unboost|p1a: Ogerpon|atk|1\n|-immune|p1b: Calyrex\n|move|p2a: Iron Treads|Rock Slide|p1b: Calyrex|[spread] p1a,p1b\n|-end|p1b: Calyrex|Substitute\n|-supereffective|p1a: Ogerpon\n|-damage|p1a: Ogerpon|23/100\n|move|p1a: Ogerpon|Ivy Cudgel|p2a: Iron Treads|[anim] Ivy Cudgel Fire\n|-supereffective|p2a: Iron Treads\n|-damage|p2a: Iron Treads|9/100\n|move|p1b: Calyrex|Glacial Lance|p2b: Incineroar|[spread] p2a,p2b\n|-resisted|p2b: Incineroar\n|-damage|p2a: Iron Treads|0 fnt\n|-damage|p2b: Incineroar|84/100\n|faint|p2a: Iron Treads\n|-end|p2a: Iron Treads|Quark Drive|[silent]\n|-ability|p1b: Calyrex|Chilling Neigh|boost\n|-boost|p1b: Calyrex|atk|1\n|\n|-sideend|p1: Dsala909|move: Light Screen\n|upkeep\n|\n|t:|1774903955\n|switch|p2a: Miraidon|Miraidon, L50, tera:Fairy|10/100\n|-fieldstart|move: Electric Terrain|[from] ability: Hadron Engine|[of] p2a: Miraidon\n|turn|9\n|inactive|Highkage2 has 30 seconds left.\n|inactive|Highkage2 has 20 seconds left.\n|\n|t:|1774903991\n|move|p1a: Ogerpon|Spiky Shield|p1a: Ogerpon\n|-singleturn|p1a: Ogerpon|move: Protect\n|move|p1b: Calyrex|Protect|p1b: Calyrex\n|-singleturn|p1b: Calyrex|Protect\n|move|p2a: Miraidon|Electro Drift|p1b: Calyrex\n|-activate|p1b: Calyrex|move: Protect\n|move|p2b: Incineroar|U-turn|p1b: Calyrex\n|-activate|p1b: Calyrex|move: Protect\n|\n|-sideend|p1: Dsala909|Reflect\n|upkeep\n|turn|10\n|\n|t:|1774904013\n|switch|p2a: Calyrex|Calyrex-Ice, L50|82/100\n|-ability|p2a: Calyrex|As One\n|-ability|p2a: Calyrex|Unnerve\n|move|p1a: Ogerpon|Follow Me|p1a: Ogerpon\n|-singleturn|p1a: Ogerpon|move: Follow Me\n|move|p2b: Incineroar|Flare Blitz|p1a: Ogerpon\n|-damage|p1a: Ogerpon|0 fnt\n|faint|p1a: Ogerpon\n|-damage|p2b: Incineroar|77/100|[from] Recoil\n|move|p1b: Calyrex|Leech Seed|p2b: Incineroar\n|-start|p2b: Incineroar|move: Leech Seed\n|\n|-heal|p2a: Calyrex|88/100|[from] item: Leftovers\n|-damage|p2b: Incineroar|65/100|[from] Leech Seed|[of] p1b: Calyrex\n|upkeep\n|\n|t:|1774904021\n|switch|p1a: Miraidon|Miraidon, L50|100/100\n|-activate|p1a: Miraidon|ability: Hadron Engine\n|turn|11\n|inactive|Dsala909 has 30 seconds left.\n|inactive|Dsala909 has 20 seconds left.\n|inactive|Dsala909 has 15 seconds left.\n|\n|t:|1774904070\n|move|p2a: Calyrex|Protect|p2a: Calyrex\n|-singleturn|p2a: Calyrex|Protect\n|move|p1a: Miraidon|Electro Drift|p2b: Incineroar\n|-damage|p2b: Incineroar|0 fnt\n|faint|p2b: Incineroar\n|move|p1b: Calyrex|Substitute|p1b: Calyrex\n|-start|p1b: Calyrex|Substitute\n|-damage|p1b: Calyrex|76/100\n|\n|-heal|p1b: Calyrex|82/100|[from] item: Leftovers\n|-heal|p2a: Calyrex|94/100|[from] item: Leftovers\n|upkeep\n|\n|t:|1774904079\n|switch|p2b: Miraidon|Miraidon, L50, tera:Fairy|10/100\n|-activate|p2b: Miraidon|ability: Hadron Engine\n|turn|12\n|\n|t:|1774904104\n|move|p2b: Miraidon|Dazzling Gleam|p1a: Miraidon|[spread] p1a,p1b\n|-end|p1b: Calyrex|Substitute\n|-supereffective|p1a: Miraidon\n|-damage|p1a: Miraidon|0 fnt\n|faint|p1a: Miraidon\n|move|p1b: Calyrex|Glacial Lance|p2b: Miraidon|[spread] p2a,p2b\n|-resisted|p2a: Calyrex\n|-damage|p2a: Calyrex|77/100\n|-damage|p2b: Miraidon|0 fnt\n|faint|p2b: Miraidon\n|-ability|p1b: Calyrex|Chilling Neigh|boost\n|-boost|p1b: Calyrex|atk|1\n|move|p2a: Calyrex|Leech Seed|p1b: Calyrex\n|-start|p1b: Calyrex|move: Leech Seed\n|\n|-heal|p1b: Calyrex|87/100|[from] item: Leftovers\n|-heal|p2a: Calyrex|83/100|[from] item: Leftovers\n|-damage|p1b: Calyrex|75/100|[from] Leech Seed|[of] p2a: Calyrex\n|-heal|p2a: Calyrex|95/100|[silent]\n|upkeep\n|turn|13\n|\n|t:|1774904126\n|move|p2a: Calyrex|Protect|p2a: Calyrex\n|-singleturn|p2a: Calyrex|Protect\n|move|p1b: Calyrex|Substitute|p1b: Calyrex\n|-start|p1b: Calyrex|Substitute\n|-damage|p1b: Calyrex|51/100\n|\n|-heal|p1b: Calyrex|57/100|[from] item: Leftovers\n|-heal|p2a: Calyrex|100/100|[from] item: Leftovers\n|-damage|p1b: Calyrex|44/100|[from] Leech Seed|[of] p2a: Calyrex\n|-fieldend|move: Electric Terrain\n|upkeep\n|turn|14\n|\n|t:|1774904133\n|move|p1b: Calyrex|Leech Seed|p2a: Calyrex\n|-start|p2a: Calyrex|move: Leech Seed\n|move|p2a: Calyrex|Glacial Lance|p1b: Calyrex\n|-resisted|p1b: Calyrex\n|-activate|p1b: Calyrex|move: Substitute|[damage]\n|\n|-heal|p1b: Calyrex|50/100|[from] item: Leftovers\n|-damage|p1b: Calyrex|38/100|[from] Leech Seed|[of] p2a: Calyrex\n|-damage|p2a: Calyrex|88/100|[from] Leech Seed|[of] p1b: Calyrex\n|-heal|p1b: Calyrex|50/100|[silent]\n|upkeep\n|turn|15\n|\n|t:|1774904140\n|move|p1b: Calyrex|Glacial Lance|p2a: Calyrex\n|-resisted|p2a: Calyrex\n|-damage|p2a: Calyrex|54/100\n|move|p2a: Calyrex|Trick Room|p2a: Calyrex\n|-fieldstart|move: Trick Room|[of] p2a: Calyrex\n|\n|-heal|p2a: Calyrex|59/100|[from] item: Leftovers\n|-heal|p1b: Calyrex|56/100|[from] item: Leftovers\n|-damage|p2a: Calyrex|47/100|[from] Leech Seed|[of] p1b: Calyrex\n|-heal|p1b: Calyrex|68/100|[silent]\n|-damage|p1b: Calyrex|56/100|[from] Leech Seed|[of] p2a: Calyrex\n|-heal|p2a: Calyrex|59/100|[silent]\n|upkeep\n|turn|16\n|inactive|Dsala909 has 30 seconds left.\n|\n|t:|1774904153\n|move|p2a: Calyrex|Protect|p2a: Calyrex\n|-singleturn|p2a: Calyrex|Protect\n|move|p1b: Calyrex|Protect||[still]\n|-fail|p1b: Calyrex\n|\n|-heal|p2a: Calyrex|65/100|[from] item: Leftovers\n|-heal|p1b: Calyrex|62/100|[from] item: Leftovers\n|-damage|p2a: Calyrex|53/100|[from] Leech Seed|[of] p1b: Calyrex\n|-heal|p1b: Calyrex|74/100|[silent]\n|-damage|p1b: Calyrex|62/100|[from] Leech Seed|[of] p2a: Calyrex\n|-heal|p2a: Calyrex|65/100|[silent]\n|upkeep\n|turn|17\n|inactive|Dsala909 has 25 seconds left this turn.\n|\n|t:|1774904156\n|move|p2a: Calyrex|Glacial Lance|p1b: Calyrex\n|-resisted|p1b: Calyrex\n|-end|p1b: Calyrex|Substitute\n|move|p1b: Calyrex|Glacial Lance|p2a: Calyrex\n|-resisted|p2a: Calyrex\n|-damage|p2a: Calyrex|31/100\n|\n|-heal|p2a: Calyrex|37/100|[from] item: Leftovers\n|-heal|p1b: Calyrex|68/100|[from] item: Leftovers\n|-damage|p2a: Calyrex|25/100|[from] Leech Seed|[of] p1b: Calyrex\n|-heal|p1b: Calyrex|80/100|[silent]\n|-damage|p1b: Calyrex|68/100|[from] Leech Seed|[of] p2a: Calyrex\n|-heal|p2a: Calyrex|37/100|[silent]\n|upkeep\n|turn|18\n|inactive|Dsala909 has 25 seconds left this turn.\n|inactive|Dsala909 has 20 seconds left.\n|inactive|Dsala909 has 15 seconds left.\n|\n|t:|1774904169\n|move|p1b: Calyrex|Protect|p1b: Calyrex\n|-singleturn|p1b: Calyrex|Protect\n|move|p2a: Calyrex|Glacial Lance|p1b: Calyrex\n|-activate|p1b: Calyrex|move: Protect\n|\n|-heal|p2a: Calyrex|43/100|[from] item: Leftovers\n|-heal|p1b: Calyrex|73/100|[from] item: Leftovers\n|-damage|p2a: Calyrex|30/100|[from] Leech Seed|[of] p1b: Calyrex\n|-heal|p1b: Calyrex|86/100|[silent]\n|-damage|p1b: Calyrex|73/100|[from] Leech Seed|[of] p2a: Calyrex\n|-heal|p2a: Calyrex|43/100|[silent]\n|upkeep\n|turn|19\n|inactive|Dsala909 has 15 seconds left this turn.\n|\n|t:|1774904174\n|move|p2a: Calyrex|Glacial Lance|p1b: Calyrex\n|-resisted|p1b: Calyrex\n|-damage|p1b: Calyrex|52/100\n|move|p1b: Calyrex|Glacial Lance|p2a: Calyrex\n|-resisted|p2a: Calyrex\n|-damage|p2a: Calyrex|12/100\n|\n|-heal|p2a: Calyrex|17/100|[from] item: Leftovers\n|-heal|p1b: Calyrex|58/100|[from] item: Leftovers\n|-damage|p2a: Calyrex|5/100|[from] Leech Seed|[of] p1b: Calyrex\n|-heal|p1b: Calyrex|70/100|[silent]\n|-damage|p1b: Calyrex|58/100|[from] Leech Seed|[of] p2a: Calyrex\n|-heal|p2a: Calyrex|17/100|[silent]\n|-fieldend|move: Trick Room\n|upkeep\n|turn|20\n|inactive|Dsala909 has 15 seconds left this turn.\n|inactive|Dsala909 has 10 seconds left.\n|\n|t:|1774904180\n|move|p1b: Calyrex|Glacial Lance|p2a: Calyrex\n|-resisted|p2a: Calyrex\n|-damage|p2a: Calyrex|0 fnt\n|faint|p2a: Calyrex\n|\n|win|Dsala909\n|raw|Dsala909's rating: 1393 &rarr; <strong>1423</strong><br />(+30 for winning)\n|raw|Highkage2's rating: 1591 &rarr; <strong>1561</strong><br />(-30 for losing)\n|c|\u2606Dsala909|gg\n|l|\u203dHighkage2\n|player|p2|\n","uploadtime":1774904194,"views":17,"formatid":"gen9vgc2026regi","rating":1423,"private":0,"password":null}