{"id":"gen9vgc2026regi-2560786275","format":"[Gen 9] VGC 2026 Reg I","players":["terafireflareblitz","sheeshshane925"],"log":"|j|\u2606terafireflareblitz\n|j|\u2606sheeshshane925\n|t:|1773726111\n|gametype|doubles\n|player|p1|terafireflareblitz|sycamore|1503\n|player|p2|sheeshshane925|chuck|1514\n|gen|9\n|tier|[Gen 9] VGC 2026 Reg I\n|rated|\n|rule|Species Clause: Limit one of each Pok\u00e9mon\n|rule|Item Clause: Limit 1 of each item\n|clearpoke\n|poke|p1|Koraidon, L50|\n|poke|p1|Lunala, L50|\n|poke|p1|Indeedee-F, L50, F|\n|poke|p1|Flutter Mane, L50|\n|poke|p1|Chi-Yu, L50|\n|poke|p1|Ursaluna, L50, F|\n|poke|p2|Calyrex-Ice, L50|\n|poke|p2|Miraidon, L50|\n|poke|p2|Farigiraf, L50, M|\n|poke|p2|Iron Hands, L50|\n|poke|p2|Scraggy, L50, F|\n|poke|p2|Iron Bundle, L50|\n|teampreview|4\n|inactive|Battle timer is ON: inactive players will automatically lose when time's up. (requested by terafireflareblitz)\n|\n|t:|1773726120\n|teamsize|p1|4\n|teamsize|p2|4\n|start\n|switch|p1a: Lunala|Lunala, L50, shiny|100/100\n|switch|p1b: Indeedee|Indeedee-F, L50, F, shiny|100/100\n|switch|p2a: Miraidon|Miraidon, L50, shiny|100/100\n|switch|p2b: Iron Bundle|Iron Bundle, L50|100/100\n|-fieldstart|move: Electric Terrain|[from] ability: Hadron Engine|[of] p2a: Miraidon\n|-activate|p2b: Iron Bundle|ability: Quark Drive\n|-start|p2b: Iron Bundle|quarkdrivespe\n|-fieldstart|move: Psychic Terrain|[from] ability: Psychic Surge|[of] p1b: Indeedee\n|-end|p2b: Iron Bundle|Quark Drive\n|turn|1\n|\n|t:|1773726133\n|switch|p1b: Ursaluna|Ursaluna, L50, F, shiny|100/100\n|move|p2b: Iron Bundle|Icy Wind|p1a: Lunala|[spread] p1a,p1b\n|-supereffective|p1b: Ursaluna\n|-damage|p1a: Lunala|93/100\n|-damage|p1b: Ursaluna|64/100\n|-unboost|p1a: Lunala|spe|1\n|-unboost|p1b: Ursaluna|spe|1\n|move|p2a: Miraidon|Volt Switch|p1a: Lunala\n|-damage|p1a: Lunala|53/100\n|-damage|p2a: Miraidon|91/100|[from] item: Life Orb\n|\n|t:|1773726151\n|switch|p2a: Calyrex|Calyrex-Ice, L50|100/100|[from] Volt Switch\n|-ability|p2a: Calyrex|As One\n|-ability|p2a: Calyrex|Unnerve\n|move|p1a: Lunala|Expanding Force|p2a: Calyrex|[spread] p2a,p2b\n|-resisted|p2a: Calyrex\n|-damage|p2a: Calyrex|76/100\n|-enditem|p2b: Iron Bundle|Focus Sash\n|-damage|p2b: Iron Bundle|1/100\n|\n|-status|p1b: Ursaluna|brn|[from] item: Flame Orb\n|upkeep\n|turn|2\n|inactive|sheeshshane925 has 30 seconds left.\n|inactive|sheeshshane925 has 20 seconds left.\n|\n|t:|1773726186\n|move|p1b: Ursaluna|Protect|p1b: Ursaluna\n|-singleturn|p1b: Ursaluna|Protect\n|move|p2b: Iron Bundle|Encore|p1a: Lunala\n|-start|p1a: Lunala|Encore\n|move|p1a: Lunala|Expanding Force|p2b: Iron Bundle|[spread] p2a,p2b\n|-resisted|p2a: Calyrex\n|-damage|p2a: Calyrex|55/100\n|-damage|p2b: Iron Bundle|0 fnt\n|faint|p2b: Iron Bundle\n|-end|p2b: Iron Bundle|Quark Drive|[silent]\n|move|p2a: Calyrex|Glacial Lance|p1b: Ursaluna|[spread] p1a\n|-activate|p1b: Ursaluna|move: Protect\n|-damage|p1a: Lunala|8/100\n|\n|-damage|p1b: Ursaluna|58/100 brn|[from] brn\n|upkeep\n|\n|t:|1773726194\n|switch|p2b: Miraidon|Miraidon, L50, shiny|91/100\n|-fieldstart|move: Electric Terrain|[from] ability: Hadron Engine|[of] p2b: Miraidon\n|turn|3\n|inactive|sheeshshane925 has 30 seconds left.\n|inactive|sheeshshane925 has 20 seconds left.\n|inactive|sheeshshane925 has 15 seconds left.\n|\n|t:|1773726237\n|switch|p1b: Indeedee|Indeedee-F, L50, F, shiny|100/100\n|-fieldstart|move: Psychic Terrain|[from] ability: Psychic Surge|[of] p1b: Indeedee\n|move|p2b: Miraidon|Dazzling Gleam|p1a: Lunala|[spread] p1a,p1b\n|-damage|p1a: Lunala|0 fnt\n|-damage|p1b: Indeedee|72/100\n|faint|p1a: Lunala\n|-damage|p2b: Miraidon|81/100|[from] item: Life Orb\n|move|p2a: Calyrex|Glacial Lance|p1b: Indeedee\n|-damage|p1b: Indeedee|0 fnt\n|faint|p1b: Indeedee\n|-ability|p2a: Calyrex|Chilling Neigh|boost\n|-boost|p2a: Calyrex|atk|1\n|\n|upkeep\n|\n|t:|1773726243\n|switch|p1a: Koraidon|Koraidon, L50, shiny|100/100\n|switch|p1b: Ursaluna|Ursaluna, L50, F, shiny|58/100 brn\n|-weather|SunnyDay|[from] ability: Orichalcum Pulse|[of] p1a: Koraidon\n|-activate|p1a: Koraidon|Orichalcum Pulse|[source]\n|turn|4\n|\n|t:|1773726253\n|switch|p2b: Scraggy|Scraggy, L50, F|100/100\n|-ability|p2b: Scraggy|Intimidate|boost\n|-unboost|p1a: Koraidon|atk|1\n|-unboost|p1b: Ursaluna|atk|1\n|-terastallize|p1a: Koraidon|Fire\n|move|p2a: Calyrex|Protect|p2a: Calyrex\n|-singleturn|p2a: Calyrex|Protect\n|move|p1a: Koraidon|Flare Blitz|p2a: Calyrex\n|-activate|p2a: Calyrex|move: Protect\n|move|p1b: Ursaluna|Facade|p2b: Scraggy\n|-damage|p2b: Scraggy|21/100\n|\n|-weather|SunnyDay|[upkeep]\n|-damage|p1b: Ursaluna|52/100 brn|[from] brn\n|upkeep\n|turn|5\n|\n|t:|1773726275\n|-terastallize|p2a: Calyrex|Fire\n|move|p2b: Scraggy|Fake Out|p1b: Ursaluna\n|-activate|p1b: Ursaluna|move: Psychic Terrain\n|move|p1a: Koraidon|Breaking Swipe|p2b: Scraggy|[spread] p2a,p2b\n|-damage|p2a: Calyrex|39/100\n|-damage|p2b: Scraggy|0 fnt\n|faint|p2b: Scraggy\n|-damage|p1a: Koraidon|91/100|[from] item: Life Orb\n|move|p1b: Ursaluna|Facade|p2a: Calyrex\n|-damage|p2a: Calyrex|0 fnt\n|faint|p2a: Calyrex\n|\n|-weather|SunnyDay|[upkeep]\n|-damage|p1b: Ursaluna|46/100 brn|[from] brn\n|upkeep\n|-message|sheeshshane925 forfeited.\n|\n|win|terafireflareblitz\n|raw|terafireflareblitz's rating: 1503 &rarr; <strong>1524</strong><br />(+21 for winning)\n|raw|sheeshshane925's rating: 1514 &rarr; <strong>1493</strong><br />(-21 for losing)\n|l|\u2606sheeshshane925\n|player|p2|\n|l|\u2606terafireflareblitz\n|player|p1|\n","uploadtime":1773726284,"views":13,"formatid":"gen9vgc2026regi","rating":1493,"private":0,"password":null}