{"id":"gen9vgc2026regi-2517068730","format":"[Gen 9] VGC 2026 Reg I","players":["blackred123\u5415\u5e03\u4fa0","itstherealjack"],"log":"|j|\u2606blackred123\u5415\u5e03\u4fa0\n|j|\u2606itstherealjack\n|t:|1768225028\n|gametype|doubles\n|player|p1|blackred123\u5415\u5e03\u4fa0|iono-masters|1150\n|player|p2|itstherealjack|169|1063\n|gen|9\n|tier|[Gen 9] VGC 2026 Reg I\n|rated|\n|rule|Species Clause: Limit one of each Pok\u00e9mon\n|rule|Item Clause: Limit 1 of each item\n|clearpoke\n|poke|p1|Calyrex-Shadow, L50|\n|poke|p1|Zamazenta-*, L50|\n|poke|p1|Incineroar, L50, F|\n|poke|p1|Rillaboom, L50, M|\n|poke|p1|Ogerpon-Cornerstone, L50, F|\n|poke|p1|Tornadus, L50, M|\n|poke|p2|Groudon, L50|\n|poke|p2|Tornadus, L50, M|\n|poke|p2|Lunala, L50|\n|poke|p2|Indeedee-F, L50, F|\n|poke|p2|Chi-Yu, L50|\n|poke|p2|Flutter Mane, L50|\n|teampreview|4\n|inactive|Battle timer is ON: inactive players will automatically lose when time's up. (requested by blackred123\u5415\u5e03\u4fa0)\n|j| hello343\n|\n|t:|1768225055\n|teamsize|p1|4\n|teamsize|p2|4\n|start\n|switch|p1a: \u5636\u9a6c\u51a0\u54e5|Calyrex-Shadow, L50|100/100\n|switch|p1b: \u90a3\u6211\u7f3a\u7684\u8425\u517b\u8fd9\u5757\u8c01\u7ed9\u6211\u8865\u554a\uff08\u6307\u8349\u573a\uff09|Rillaboom, L50, M|100/100\n|switch|p2a: Tornadus|Tornadus, L50, M|100/100\n|switch|p2b: Indeedee|Indeedee-F, L50, F|100/100\n|-ability|p1a: \u5636\u9a6c\u51a0\u54e5|As One\n|-ability|p1a: \u5636\u9a6c\u51a0\u54e5|Unnerve\n|-fieldstart|move: Grassy Terrain|[from] ability: Grassy Surge|[of] p1b: \u90a3\u6211\u7f3a\u7684\u8425\u517b\u8fd9\u5757\u8c01\u7ed9\u6211\u8865\u554a\uff08\u6307\u8349\u573a\uff09\n|-fieldstart|move: Psychic Terrain|[from] ability: Psychic Surge|[of] p2b: Indeedee\n|-enditem|p2b: Indeedee|Psychic Seed\n|-boost|p2b: Indeedee|spd|1|[from] item: Psychic Seed\n|turn|1\n|\n|t:|1768225075\n|move|p2a: Tornadus|Tailwind|p2a: Tornadus\n|-sidestart|p2: itstherealjack|move: Tailwind\n|move|p1a: \u5636\u9a6c\u51a0\u54e5|Psychic|p2b: Indeedee\n|-resisted|p2b: Indeedee\n|-damage|p2b: Indeedee|84/100\n|move|p2b: Indeedee|Psychic|p1b: \u90a3\u6211\u7f3a\u7684\u8425\u517b\u8fd9\u5757\u8c01\u7ed9\u6211\u8865\u554a\uff08\u6307\u8349\u573a\uff09\n|-damage|p1b: \u90a3\u6211\u7f3a\u7684\u8425\u517b\u8fd9\u5757\u8c01\u7ed9\u6211\u8865\u554a\uff08\u6307\u8349\u573a\uff09|74/100\n|move|p1b: \u90a3\u6211\u7f3a\u7684\u8425\u517b\u8fd9\u5757\u8c01\u7ed9\u6211\u8865\u554a\uff08\u6307\u8349\u573a\uff09|U-turn|p2b: Indeedee\n|-supereffective|p2b: Indeedee\n|-damage|p2b: Indeedee|12/100\n|\n|t:|1768225089\n|switch|p1b: \u54c7\u8884\uff08\u72d7\u53eb\u58f0\uff09|Zamazenta-Crowned, L50|100/100|[from] U-turn\n|-ability|p1b: \u54c7\u8884\uff08\u72d7\u53eb\u58f0\uff09|Dauntless Shield|boost\n|-boost|p1b: \u54c7\u8884\uff08\u72d7\u53eb\u58f0\uff09|def|1\n|\n|upkeep\n|turn|2\n|\n|t:|1768225114\n|move|p1a: \u5636\u9a6c\u51a0\u54e5|Protect|p1a: \u5636\u9a6c\u51a0\u54e5\n|-singleturn|p1a: \u5636\u9a6c\u51a0\u54e5|Protect\n|move|p2a: Tornadus|Bleakwind Storm|p1b: \u54c7\u8884\uff08\u72d7\u53eb\u58f0\uff09|[spread] \n|-activate|p1a: \u5636\u9a6c\u51a0\u54e5|move: Protect\n|-miss|p2a: Tornadus|p1b: \u54c7\u8884\uff08\u72d7\u53eb\u58f0\uff09\n|move|p2b: Indeedee|Psychic|p1b: \u54c7\u8884\uff08\u72d7\u53eb\u58f0\uff09\n|-damage|p1b: \u54c7\u8884\uff08\u72d7\u53eb\u58f0\uff09|73/100\n|move|p1b: \u54c7\u8884\uff08\u72d7\u53eb\u58f0\uff09|Body Press|p2b: Indeedee\n|-damage|p2b: Indeedee|0 fnt\n|faint|p2b: Indeedee\n|\n|upkeep\n|\n|t:|1768225123\n|switch|p2b: Lunala|Lunala, L50|100/100\n|turn|3\n|\n|t:|1768225134\n|-terastallize|p1a: \u5636\u9a6c\u51a0\u54e5|Dark\n|move|p2a: Tornadus|Protect|p2a: Tornadus\n|-singleturn|p2a: Tornadus|Protect\n|move|p1b: \u54c7\u8884\uff08\u72d7\u53eb\u58f0\uff09|Wide Guard|p1b: \u54c7\u8884\uff08\u72d7\u53eb\u58f0\uff09\n|-singleturn|p1b: \u54c7\u8884\uff08\u72d7\u53eb\u58f0\uff09|Wide Guard\n|move|p2b: Lunala|Moongeist Beam|p1a: \u5636\u9a6c\u51a0\u54e5\n|-resisted|p1a: \u5636\u9a6c\u51a0\u54e5\n|-damage|p1a: \u5636\u9a6c\u51a0\u54e5|71/100\n|move|p1a: \u5636\u9a6c\u51a0\u54e5|Astral Barrage|p2b: Lunala|[spread] p2b\n|-activate|p2a: Tornadus|move: Protect\n|-supereffective|p2b: Lunala\n|-damage|p2b: Lunala|3/100\n|\n|upkeep\n|turn|4\n|inactive|blackred123\u5415\u5e03\u4fa0 has 30 seconds left.\n|\n|t:|1768225161\n|-terastallize|p2b: Lunala|Fairy\n|move|p1b: \u54c7\u8884\uff08\u72d7\u53eb\u58f0\uff09|Wide Guard|p1b: \u54c7\u8884\uff08\u72d7\u53eb\u58f0\uff09\n|-singleturn|p1b: \u54c7\u8884\uff08\u72d7\u53eb\u58f0\uff09|Wide Guard\n|move|p2a: Tornadus|Air Slash|p1b: \u54c7\u8884\uff08\u72d7\u53eb\u58f0\uff09\n|-damage|p1b: \u54c7\u8884\uff08\u72d7\u53eb\u58f0\uff09|46/100\n|move|p2b: Lunala|Moonblast|p1a: \u5636\u9a6c\u51a0\u54e5\n|-supereffective|p1a: \u5636\u9a6c\u51a0\u54e5\n|-damage|p1a: \u5636\u9a6c\u51a0\u54e5|0 fnt\n|faint|p1a: \u5636\u9a6c\u51a0\u54e5\n|\n|-sideend|p2: itstherealjack|move: Tailwind\n|upkeep\n|\n|t:|1768225168\n|switch|p1a: \u90a3\u6211\u7f3a\u7684\u8425\u517b\u8fd9\u5757\u8c01\u7ed9\u6211\u8865\u554a\uff08\u6307\u8349\u573a\uff09|Rillaboom, L50, M|74/100\n|-fieldstart|move: Grassy Terrain|[from] ability: Grassy Surge|[of] p1a: \u90a3\u6211\u7f3a\u7684\u8425\u517b\u8fd9\u5757\u8c01\u7ed9\u6211\u8865\u554a\uff08\u6307\u8349\u573a\uff09\n|turn|5\n|\n|t:|1768225176\n|switch|p2b: Groudon|Groudon, L50|100/100\n|-weather|SunnyDay|[from] ability: Drought|[of] p2b: Groudon\n|move|p1a: \u90a3\u6211\u7f3a\u7684\u8425\u517b\u8fd9\u5757\u8c01\u7ed9\u6211\u8865\u554a\uff08\u6307\u8349\u573a\uff09|Fake Out|p2b: Groudon\n|-damage|p2b: Groudon|90/100\n|move|p2a: Tornadus|Tailwind|p2a: Tornadus\n|-sidestart|p2: itstherealjack|move: Tailwind\n|move|p1b: \u54c7\u8884\uff08\u72d7\u53eb\u58f0\uff09|Heavy Slam|p2a: Tornadus\n|-damage|p2a: Tornadus|19/100\n|-damage|p1b: \u54c7\u8884\uff08\u72d7\u53eb\u58f0\uff09|30/100|[from] item: Rocky Helmet|[of] p2a: Tornadus\n|\n|-weather|SunnyDay|[upkeep]\n|-heal|p2b: Groudon|97/100|[from] Grassy Terrain\n|-heal|p1b: \u54c7\u8884\uff08\u72d7\u53eb\u58f0\uff09|36/100|[from] Grassy Terrain\n|-heal|p1a: \u90a3\u6211\u7f3a\u7684\u8425\u517b\u8fd9\u5757\u8c01\u7ed9\u6211\u8865\u554a\uff08\u6307\u8349\u573a\uff09|80/100|[from] Grassy Terrain\n|upkeep\n|turn|6\n|\n|t:|1768225189\n|move|p1b: \u54c7\u8884\uff08\u72d7\u53eb\u58f0\uff09|Protect|p1b: \u54c7\u8884\uff08\u72d7\u53eb\u58f0\uff09\n|-singleturn|p1b: \u54c7\u8884\uff08\u72d7\u53eb\u58f0\uff09|Protect\n|move|p1a: \u90a3\u6211\u7f3a\u7684\u8425\u517b\u8fd9\u5757\u8c01\u7ed9\u6211\u8865\u554a\uff08\u6307\u8349\u573a\uff09|Grassy Glide|p2a: Tornadus\n|-resisted|p2a: Tornadus\n|-crit|p2a: Tornadus\n|-damage|p2a: Tornadus|0 fnt\n|-damage|p1a: \u90a3\u6211\u7f3a\u7684\u8425\u517b\u8fd9\u5757\u8c01\u7ed9\u6211\u8865\u554a\uff08\u6307\u8349\u573a\uff09|64/100|[from] item: Rocky Helmet|[of] p2a: Tornadus\n|faint|p2a: Tornadus\n|move|p2b: Groudon|Precipice Blades|p1a: \u90a3\u6211\u7f3a\u7684\u8425\u517b\u8fd9\u5757\u8c01\u7ed9\u6211\u8865\u554a\uff08\u6307\u8349\u573a\uff09|[spread] p1a\n|-activate|p1b: \u54c7\u8884\uff08\u72d7\u53eb\u58f0\uff09|move: Protect\n|-resisted|p1a: \u90a3\u6211\u7f3a\u7684\u8425\u517b\u8fd9\u5757\u8c01\u7ed9\u6211\u8865\u554a\uff08\u6307\u8349\u573a\uff09\n|-damage|p1a: \u90a3\u6211\u7f3a\u7684\u8425\u517b\u8fd9\u5757\u8c01\u7ed9\u6211\u8865\u554a\uff08\u6307\u8349\u573a\uff09|38/100\n|\n|-weather|SunnyDay|[upkeep]\n|-heal|p2b: Groudon|100/100|[from] Grassy Terrain\n|-heal|p1b: \u54c7\u8884\uff08\u72d7\u53eb\u58f0\uff09|42/100|[from] Grassy Terrain\n|-heal|p1a: \u90a3\u6211\u7f3a\u7684\u8425\u517b\u8fd9\u5757\u8c01\u7ed9\u6211\u8865\u554a\uff08\u6307\u8349\u573a\uff09|44/100|[from] Grassy Terrain\n|upkeep\n|\n|t:|1768225195\n|switch|p2a: Lunala|Lunala, L50, tera:Fairy|3/100\n|turn|7\n|\n|t:|1768225210\n|move|p1b: \u54c7\u8884\uff08\u72d7\u53eb\u58f0\uff09|Wide Guard|p1b: \u54c7\u8884\uff08\u72d7\u53eb\u58f0\uff09\n|-singleturn|p1b: \u54c7\u8884\uff08\u72d7\u53eb\u58f0\uff09|Wide Guard\n|move|p1a: \u90a3\u6211\u7f3a\u7684\u8425\u517b\u8fd9\u5757\u8c01\u7ed9\u6211\u8865\u554a\uff08\u6307\u8349\u573a\uff09|Grassy Glide|p2a: Lunala\n|-damage|p2a: Lunala|0 fnt\n|faint|p2a: Lunala\n|move|p2b: Groudon|Precipice Blades|p1b: \u54c7\u8884\uff08\u72d7\u53eb\u58f0\uff09|[spread] \n|-activate|p1a: \u90a3\u6211\u7f3a\u7684\u8425\u517b\u8fd9\u5757\u8c01\u7ed9\u6211\u8865\u554a\uff08\u6307\u8349\u573a\uff09|move: Wide Guard\n|-activate|p1b: \u54c7\u8884\uff08\u72d7\u53eb\u58f0\uff09|move: Wide Guard\n|\n|-weather|SunnyDay|[upkeep]\n|-heal|p1b: \u54c7\u8884\uff08\u72d7\u53eb\u58f0\uff09|48/100|[from] Grassy Terrain\n|-heal|p1a: \u90a3\u6211\u7f3a\u7684\u8425\u517b\u8fd9\u5757\u8c01\u7ed9\u6211\u8865\u554a\uff08\u6307\u8349\u573a\uff09|50/100|[from] Grassy Terrain\n|upkeep\n|turn|8\n|\n|t:|1768225223\n|move|p1b: \u54c7\u8884\uff08\u72d7\u53eb\u58f0\uff09|Wide Guard|p1b: \u54c7\u8884\uff08\u72d7\u53eb\u58f0\uff09\n|-singleturn|p1b: \u54c7\u8884\uff08\u72d7\u53eb\u58f0\uff09|Wide Guard\n|move|p2b: Groudon|Precipice Blades|p1b: \u54c7\u8884\uff08\u72d7\u53eb\u58f0\uff09|[spread] \n|-activate|p1a: \u90a3\u6211\u7f3a\u7684\u8425\u517b\u8fd9\u5757\u8c01\u7ed9\u6211\u8865\u554a\uff08\u6307\u8349\u573a\uff09|move: Wide Guard\n|-activate|p1b: \u54c7\u8884\uff08\u72d7\u53eb\u58f0\uff09|move: Wide Guard\n|move|p1a: \u90a3\u6211\u7f3a\u7684\u8425\u517b\u8fd9\u5757\u8c01\u7ed9\u6211\u8865\u554a\uff08\u6307\u8349\u573a\uff09|Wood Hammer|p2b: Groudon\n|-supereffective|p2b: Groudon\n|-damage|p2b: Groudon|0 fnt\n|faint|p2b: Groudon\n|-damage|p1a: \u90a3\u6211\u7f3a\u7684\u8425\u517b\u8fd9\u5757\u8c01\u7ed9\u6211\u8865\u554a\uff08\u6307\u8349\u573a\uff09|22/100|[from] Recoil\n|\n|win|blackred123\u5415\u5e03\u4fa0\n|raw|blackred123\u5415\u5e03\u4fa0's rating: 1150 &rarr; <strong>1169</strong><br />(+19 for winning)\n|raw|itstherealjack's rating: 1063 &rarr; <strong>1048</strong><br />(-15 for losing)\n|l|\u2606itstherealjack\n|player|p2|\n|l| hello343\n","uploadtime":1768225240,"views":16,"formatid":"gen9vgc2026regi","rating":1048,"private":0,"password":null}