{"id":"gen9vgc2026regi-2589245362","format":"[Gen 9] VGC 2026 Reg I","players":["Sunny_zong1","CappaCobblemon"],"log":"|j|\u2606Sunny_zong1\n|j|\u2606CappaCobblemon\n|t:|1776709048\n|gametype|doubles\n|player|p1|Sunny_zong1|bugsy|1372\n|player|p2|CappaCobblemon|2|1367\n|gen|9\n|tier|[Gen 9] VGC 2026 Reg I\n|rated|\n|rule|Species Clause: Limit one of each Pok\u00e9mon\n|rule|Item Clause: Limit 1 of each item\n|clearpoke\n|poke|p1|Glimmora, L50, M|\n|poke|p1|Eternatus, L50|\n|poke|p1|Miraidon, L50|\n|poke|p1|Annihilape, L50, M|\n|poke|p1|Wo-Chien, L50|\n|poke|p1|Grimmsnarl, L50, M|\n|poke|p2|Calyrex-Shadow, L50|\n|poke|p2|Dialga, L50|\n|poke|p2|Hitmontop, L50, M|\n|poke|p2|Incineroar, L50, M|\n|poke|p2|Rillaboom, L50, M|\n|poke|p2|Ogerpon-Wellspring, L50, F|\n|teampreview|4\n|inactive|Battle timer is ON: inactive players will automatically lose when time's up. (requested by Sunny_zong1)\n|inactive|Sunny_zong1 has 60 seconds left.\n|inactive|CappaCobblemon has 60 seconds left.\n|\n|t:|1776709099\n|teamsize|p1|4\n|teamsize|p2|4\n|start\n|switch|p1a: Grimmsnarl|Grimmsnarl, L50, M|100/100\n|switch|p1b: Annihilape|Annihilape, L50, M|100/100\n|switch|p2a: Calyrex|Calyrex-Shadow, L50|100/100\n|switch|p2b: Ogerpon|Ogerpon-Wellspring, L50, F|100/100\n|-ability|p2a: Calyrex|As One\n|-ability|p2a: Calyrex|Unnerve\n|turn|1\n|inactive|CappaCobblemon has 30 seconds left.\n|inactive|CappaCobblemon has 20 seconds left.\n|\n|t:|1776709135\n|move|p2a: Calyrex|Protect|p2a: Calyrex\n|-singleturn|p2a: Calyrex|Protect\n|move|p2b: Ogerpon|Spiky Shield|p2b: Ogerpon\n|-singleturn|p2b: Ogerpon|move: Protect\n|move|p1a: Grimmsnarl|Light Screen|p1a: Grimmsnarl\n|-sidestart|p1: Sunny_zong1|move: Light Screen\n|move|p1b: Annihilape|Final Gambit|p2b: Ogerpon\n|-activate|p2b: Ogerpon|move: Protect\n|\n|upkeep\n|turn|2\n|inactive|CappaCobblemon has 30 seconds left.\n|\n|t:|1776709161\n|move|p1b: Annihilape|Final Gambit|p2b: Ogerpon\n|-damage|p2b: Ogerpon|0 fnt\n|faint|p1b: Annihilape\n|faint|p2b: Ogerpon\n|move|p2a: Calyrex|Astral Barrage|p1a: Grimmsnarl\n|-resisted|p1a: Grimmsnarl\n|-damage|p1a: Grimmsnarl|82/100\n|move|p1a: Grimmsnarl|Foul Play|p2a: Calyrex\n|-supereffective|p2a: Calyrex\n|-enditem|p2a: Calyrex|Focus Sash\n|-damage|p2a: Calyrex|1/100\n|\n|upkeep\n|\n|t:|1776709183\n|switch|p2b: Rillaboom|Rillaboom, L50, M|100/100\n|switch|p1b: Wo-Chien|Wo-Chien, L50|100/100\n|-fieldstart|move: Grassy Terrain|[from] ability: Grassy Surge|[of] p2b: Rillaboom\n|-ability|p1b: Wo-Chien|Tablets of Ruin\n|turn|3\n|\n|t:|1776709207\n|move|p2a: Calyrex|Protect|p2a: Calyrex\n|-singleturn|p2a: Calyrex|Protect\n|move|p1b: Wo-Chien|Protect|p1b: Wo-Chien\n|-singleturn|p1b: Wo-Chien|Protect\n|move|p1a: Grimmsnarl|Reflect|p1a: Grimmsnarl\n|-sidestart|p1: Sunny_zong1|Reflect\n|move|p2b: Rillaboom|U-turn|p1b: Wo-Chien\n|-activate|p1b: Wo-Chien|move: Protect\n|\n|-heal|p2a: Calyrex|7/100|[from] Grassy Terrain\n|-heal|p1a: Grimmsnarl|88/100|[from] Grassy Terrain\n|upkeep\n|turn|4\n|\n|t:|1776709219\n|switch|p2a: Dialga|Dialga, L50|100/100\n|-ability|p2a: Dialga|Pressure\n|move|p1a: Grimmsnarl|Thunder Wave|p2a: Dialga\n|-status|p2a: Dialga|par\n|move|p2b: Rillaboom|U-turn|p1b: Wo-Chien\n|-supereffective|p1b: Wo-Chien\n|-damage|p1b: Wo-Chien|60/100\n|-damage|p2b: Rillaboom|84/100|[from] item: Rocky Helmet|[of] p1b: Wo-Chien\n|\n|t:|1776709243\n|switch|p2b: Calyrex|Calyrex-Shadow, L50|7/100|[from] U-turn\n|-ability|p2b: Calyrex|As One\n|-ability|p2b: Calyrex|Unnerve\n|move|p1b: Wo-Chien|Snarl|p2b: Calyrex|[spread] p2a\n|-miss|p1b: Wo-Chien|p2b: Calyrex\n|-damage|p2a: Dialga|87/100 par\n|-unboost|p2a: Dialga|spa|1\n|\n|-heal|p2b: Calyrex|12/100|[from] Grassy Terrain\n|-heal|p1b: Wo-Chien|67/100|[from] Grassy Terrain\n|-heal|p1a: Grimmsnarl|94/100|[from] Grassy Terrain\n|-heal|p2a: Dialga|93/100 par|[from] Grassy Terrain\n|-heal|p2a: Dialga|99/100 par|[from] item: Leftovers\n|upkeep\n|turn|5\n|\n|t:|1776709265\n|-terastallize|p2b: Calyrex|Fairy\n|move|p1b: Wo-Chien|Protect|p1b: Wo-Chien\n|-singleturn|p1b: Wo-Chien|Protect\n|move|p2b: Calyrex|Draining Kiss|p1b: Wo-Chien\n|-activate|p1b: Wo-Chien|move: Protect\n|move|p1a: Grimmsnarl|Foul Play|p2b: Calyrex\n|-resisted|p2b: Calyrex\n|-damage|p2b: Calyrex|3/100\n|move|p2a: Dialga|Flash Cannon|p1a: Grimmsnarl\n|-supereffective|p1a: Grimmsnarl\n|-damage|p1a: Grimmsnarl|58/100\n|\n|-heal|p2b: Calyrex|8/100|[from] Grassy Terrain\n|-heal|p1b: Wo-Chien|73/100|[from] Grassy Terrain\n|-heal|p1a: Grimmsnarl|64/100|[from] Grassy Terrain\n|-heal|p2a: Dialga|100/100 par|[from] Grassy Terrain\n|upkeep\n|turn|6\n|inactive|CappaCobblemon has 30 seconds left.\n|\n|t:|1776709292\n|move|p1a: Grimmsnarl|Thunder Wave|p2b: Calyrex|[miss]\n|-miss|p1a: Grimmsnarl|p2b: Calyrex\n|move|p2b: Calyrex|Draining Kiss|p1a: Grimmsnarl\n|-supereffective|p1a: Grimmsnarl\n|-damage|p1a: Grimmsnarl|22/100\n|-heal|p2b: Calyrex|44/100|[from] drain|[of] p1a: Grimmsnarl\n|move|p1b: Wo-Chien|Snarl|p2a: Dialga|[spread] p2b\n|-miss|p1b: Wo-Chien|p2a: Dialga\n|-resisted|p2b: Calyrex\n|-damage|p2b: Calyrex|38/100\n|-unboost|p2b: Calyrex|spa|1\n|move|p2a: Dialga|Flash Cannon|p1a: Grimmsnarl\n|-supereffective|p1a: Grimmsnarl\n|-crit|p1a: Grimmsnarl\n|-damage|p1a: Grimmsnarl|0 fnt\n|faint|p1a: Grimmsnarl\n|\n|-heal|p2b: Calyrex|43/100|[from] Grassy Terrain\n|-heal|p1b: Wo-Chien|79/100|[from] Grassy Terrain\n|upkeep\n|\n|t:|1776709298\n|switch|p1a: Eternatus|Eternatus, L50|100/100\n|-ability|p1a: Eternatus|Pressure\n|turn|7\n|\n|t:|1776709322\n|move|p2b: Calyrex|Protect|p2b: Calyrex\n|-singleturn|p2b: Calyrex|Protect\n|move|p1a: Eternatus|Cosmic Power|p1a: Eternatus\n|-boost|p1a: Eternatus|def|1\n|-boost|p1a: Eternatus|spd|1\n|move|p1b: Wo-Chien|Leech Seed|p2a: Dialga\n|-start|p2a: Dialga|move: Leech Seed\n|cant|p2a: Dialga|par\n|\n|-heal|p2b: Calyrex|49/100|[from] Grassy Terrain\n|-heal|p1b: Wo-Chien|85/100|[from] Grassy Terrain\n|-damage|p2a: Dialga|88/100 par|[from] Leech Seed|[of] p1b: Wo-Chien\n|-heal|p1b: Wo-Chien|98/100|[silent]\n|-fieldend|move: Grassy Terrain\n|upkeep\n|turn|8\n|\n|t:|1776709345\n|move|p2b: Calyrex|Draining Kiss|p1b: Wo-Chien\n|-supereffective|p1b: Wo-Chien\n|-damage|p1b: Wo-Chien|79/100\n|-heal|p2b: Calyrex|65/100|[from] drain|[of] p1b: Wo-Chien\n|-damage|p2b: Calyrex|48/100|[from] item: Rocky Helmet|[of] p1b: Wo-Chien\n|move|p1a: Eternatus|Cosmic Power|p1a: Eternatus\n|-boost|p1a: Eternatus|def|1\n|-boost|p1a: Eternatus|spd|1\n|move|p1b: Wo-Chien|Snarl|p2a: Dialga|[spread] p2a,p2b\n|-resisted|p2b: Calyrex\n|-damage|p2a: Dialga|75/100 par\n|-damage|p2b: Calyrex|42/100\n|-unboost|p2a: Dialga|spa|1\n|-unboost|p2b: Calyrex|spa|1\n|move|p2a: Dialga|Flash Cannon|p1b: Wo-Chien\n|-damage|p1b: Wo-Chien|70/100\n|\n|-heal|p2a: Dialga|81/100 par|[from] item: Leftovers\n|-damage|p2a: Dialga|69/100 par|[from] Leech Seed|[of] p1b: Wo-Chien\n|-heal|p1b: Wo-Chien|83/100|[silent]\n|-sideend|p1: Sunny_zong1|move: Light Screen\n|upkeep\n|turn|9\n|\n|t:|1776709366\n|switch|p2a: Rillaboom|Rillaboom, L50, M|84/100\n|-fieldstart|move: Grassy Terrain|[from] ability: Grassy Surge|[of] p2a: Rillaboom\n|move|p2b: Calyrex|Protect|p2b: Calyrex\n|-singleturn|p2b: Calyrex|Protect\n|move|p1a: Eternatus|Cosmic Power|p1a: Eternatus\n|-boost|p1a: Eternatus|def|1\n|-boost|p1a: Eternatus|spd|1\n|move|p1b: Wo-Chien|Snarl|p2b: Calyrex|[spread] p2a\n|-activate|p2b: Calyrex|move: Protect\n|-damage|p2a: Rillaboom|73/100\n|-unboost|p2a: Rillaboom|spa|1\n|\n|-heal|p2b: Calyrex|47/100|[from] Grassy Terrain\n|-heal|p2a: Rillaboom|79/100|[from] Grassy Terrain\n|-heal|p1b: Wo-Chien|89/100|[from] Grassy Terrain\n|upkeep\n|turn|10\n|\n|t:|1776709389\n|move|p2b: Calyrex|Psyshock|p1a: Eternatus\n|-supereffective|p1a: Eternatus\n|-damage|p1a: Eternatus|86/100\n|move|p1a: Eternatus|Sludge Bomb|p2a: Rillaboom\n|-supereffective|p2a: Rillaboom\n|-damage|p2a: Rillaboom|10/100\n|-status|p2a: Rillaboom|psn\n|move|p2a: Rillaboom|U-turn|p1b: Wo-Chien\n|-supereffective|p1b: Wo-Chien\n|-damage|p1b: Wo-Chien|43/100\n|-damage|p2a: Rillaboom|0 fnt|[from] item: Rocky Helmet|[of] p1b: Wo-Chien\n|faint|p2a: Rillaboom\n|move|p1b: Wo-Chien|Leech Seed|p2b: Calyrex\n|-start|p2b: Calyrex|move: Leech Seed\n|\n|-heal|p2b: Calyrex|53/100|[from] Grassy Terrain\n|-heal|p1a: Eternatus|92/100|[from] Grassy Terrain\n|-heal|p1a: Eternatus|98/100|[from] item: Leftovers\n|-heal|p1b: Wo-Chien|49/100|[from] Grassy Terrain\n|-damage|p2b: Calyrex|41/100|[from] Leech Seed|[of] p1b: Wo-Chien\n|-heal|p1b: Wo-Chien|60/100|[silent]\n|-sideend|p1: Sunny_zong1|Reflect\n|upkeep\n|\n|t:|1776709407\n|switch|p2a: Dialga|Dialga, L50|69/100 par\n|-ability|p2a: Dialga|Pressure\n|turn|11\n|\n|t:|1776709415\n|move|p1a: Eternatus|Protect|p1a: Eternatus\n|-singleturn|p1a: Eternatus|Protect\n|move|p1b: Wo-Chien|Protect|p1b: Wo-Chien\n|-singleturn|p1b: Wo-Chien|Protect\n|move|p2b: Calyrex|Draining Kiss|p1b: Wo-Chien\n|-activate|p1b: Wo-Chien|move: Protect\n|cant|p2a: Dialga|par\n|\n|-heal|p2b: Calyrex|47/100|[from] Grassy Terrain\n|-heal|p1a: Eternatus|100/100|[from] Grassy Terrain\n|-heal|p1b: Wo-Chien|67/100|[from] Grassy Terrain\n|-heal|p2a: Dialga|74/100 par|[from] Grassy Terrain\n|-heal|p2a: Dialga|80/100 par|[from] item: Leftovers\n|-damage|p2b: Calyrex|35/100|[from] Leech Seed|[of] p1b: Wo-Chien\n|-heal|p1b: Wo-Chien|78/100|[silent]\n|upkeep\n|turn|12\n|\n|t:|1776709434\n|-terastallize|p1a: Eternatus|Grass\n|move|p2b: Calyrex|Draining Kiss|p1b: Wo-Chien\n|-supereffective|p1b: Wo-Chien\n|-damage|p1b: Wo-Chien|58/100\n|-heal|p2b: Calyrex|51/100|[from] drain|[of] p1b: Wo-Chien\n|-damage|p2b: Calyrex|35/100|[from] item: Rocky Helmet|[of] p1b: Wo-Chien\n|move|p1a: Eternatus|Sludge Bomb|p2b: Calyrex\n|-supereffective|p2b: Calyrex\n|-damage|p2b: Calyrex|0 fnt\n|faint|p2b: Calyrex\n|move|p1b: Wo-Chien|Leech Seed|p2a: Dialga\n|-start|p2a: Dialga|move: Leech Seed\n|move|p2a: Dialga|Flash Cannon|p1b: Wo-Chien\n|-damage|p1b: Wo-Chien|29/100\n|\n|-heal|p1b: Wo-Chien|35/100|[from] Grassy Terrain\n|-heal|p2a: Dialga|86/100 par|[from] Grassy Terrain\n|-heal|p2a: Dialga|92/100 par|[from] item: Leftovers\n|-damage|p2a: Dialga|80/100 par|[from] Leech Seed|[of] p1b: Wo-Chien\n|-heal|p1b: Wo-Chien|48/100|[silent]\n|upkeep\n|turn|13\n|-message|CappaCobblemon forfeited.\n|\n|win|Sunny_zong1\n|raw|Sunny_zong1's rating: 1372 &rarr; <strong>1392</strong><br />(+20 for winning)\n|raw|CappaCobblemon's rating: 1367 &rarr; <strong>1347</strong><br />(-20 for losing)\n|l|\u2606CappaCobblemon\n|player|p2|\n|l|\u2606Sunny_zong1\n|player|p1|\n","uploadtime":1776709600,"views":8,"formatid":"gen9vgc2026regi","rating":1347,"private":0,"password":null}