{"id":"gen9vgc2026regi-2526719486","format":"[Gen 9] VGC 2026 Reg I","players":["ice spice rider","dthk1216"],"log":"|j|\u2606ice spice rider\n|j|\u2606dthk1216\n|t:|1769451236\n|gametype|doubles\n|player|p1|ice spice rider|2|1340\n|player|p2|dthk1216|dawn|1617\n|gen|9\n|tier|[Gen 9] VGC 2026 Reg I\n|rated|\n|rule|Species Clause: Limit one of each Pok\u00e9mon\n|rule|Item Clause: Limit 1 of each item\n|clearpoke\n|poke|p1|Kyogre, L50|\n|poke|p1|Calyrex-Ice, L50|\n|poke|p1|Basculegion, L50, M|\n|poke|p1|Amoonguss, L50, M|\n|poke|p1|Iron Jugulis, L50|\n|poke|p1|Rillaboom, L50, F|\n|poke|p2|Calyrex-Ice, L50|\n|poke|p2|Kyogre, L50|\n|poke|p2|Urshifu-*, L50, M|\n|poke|p2|Rillaboom, L50, M|\n|poke|p2|Grimmsnarl, L50, M|\n|poke|p2|Amoonguss, L50, M|\n|teampreview|4\n|inactive|Battle timer is ON: inactive players will automatically lose when time's up. (requested by dthk1216)\n|inactive|ice spice rider has 60 seconds left.\n|inactive|dthk1216 has 60 seconds left.\n|inactive|dthk1216 has 30 seconds left.\n|\n|t:|1769451309\n|teamsize|p1|4\n|teamsize|p2|4\n|start\n|switch|p1a: Iron Jugulis|Iron Jugulis, L50|100/100\n|switch|p1b: Calyrex|Calyrex-Ice, L50|100/100\n|switch|p2a: Urshifu|Urshifu-Rapid-Strike, L50, M|100/100\n|switch|p2b: Calyrex|Calyrex-Ice, L50|100/100\n|-ability|p1b: Calyrex|As One\n|-ability|p1b: Calyrex|Unnerve\n|-ability|p2b: Calyrex|As One\n|-ability|p2b: Calyrex|Unnerve\n|-enditem|p1a: Iron Jugulis|Booster Energy\n|-activate|p1a: Iron Jugulis|ability: Quark Drive|[fromitem]\n|-start|p1a: Iron Jugulis|quarkdrivespe\n|turn|1\n|\n|t:|1769451324\n|switch|p1b: Kyogre|Kyogre, L50|100/100\n|-weather|RainDance|[from] ability: Drizzle|[of] p1b: Kyogre\n|-terastallize|p1a: Iron Jugulis|Steel\n|move|p1a: Iron Jugulis|Hurricane|p2a: Urshifu\n|-supereffective|p2a: Urshifu\n|-damage|p2a: Urshifu|0 fnt\n|faint|p2a: Urshifu\n|move|p2b: Calyrex|Glacial Lance|p1a: Iron Jugulis|[spread] p1a,p1b\n|-resisted|p1a: Iron Jugulis\n|-resisted|p1b: Kyogre\n|-damage|p1a: Iron Jugulis|75/100\n|-damage|p1b: Kyogre|78/100\n|\n|-weather|RainDance|[upkeep]\n|upkeep\n|\n|t:|1769451338\n|switch|p2a: Amoonguss|Amoonguss, L50, M|100/100\n|turn|2\n|\n|t:|1769451344\n|-terastallize|p2b: Calyrex|Grass\n|move|p2a: Amoonguss|Protect|p2a: Amoonguss\n|-singleturn|p2a: Amoonguss|Protect\n|move|p1a: Iron Jugulis|Hurricane|p2a: Amoonguss\n|-activate|p2a: Amoonguss|move: Protect\n|move|p1b: Kyogre|Water Spout|p2b: Calyrex|[spread] p2b\n|-activate|p2a: Amoonguss|move: Protect\n|-resisted|p2b: Calyrex\n|-damage|p2b: Calyrex|75/100\n|move|p2b: Calyrex|Trick Room|p2b: Calyrex\n|-fieldstart|move: Trick Room|[of] p2b: Calyrex\n|\n|-weather|RainDance|[upkeep]\n|-heal|p2b: Calyrex|81/100|[from] item: Leftovers\n|upkeep\n|turn|3\n|\n|t:|1769451363\n|move|p2a: Amoonguss|Spore|p1a: Iron Jugulis\n|-status|p1a: Iron Jugulis|slp|[from] move: Spore\n|move|p2b: Calyrex|Leech Seed|p1b: Kyogre\n|-start|p1b: Kyogre|move: Leech Seed\n|move|p1b: Kyogre|Water Spout|p2b: Calyrex|[spread] p2a,p2b\n|-resisted|p2a: Amoonguss\n|-resisted|p2b: Calyrex\n|-damage|p2a: Amoonguss|54/100\n|-damage|p2b: Calyrex|57/100\n|cant|p1a: Iron Jugulis|slp\n|\n|-weather|RainDance|[upkeep]\n|-heal|p2b: Calyrex|62/100|[from] item: Leftovers\n|-damage|p1b: Kyogre|66/100|[from] Leech Seed|[of] p2b: Calyrex\n|-heal|p2b: Calyrex|74/100|[silent]\n|upkeep\n|turn|4\n|\n|t:|1769451378\n|move|p2a: Amoonguss|Spore|p1b: Kyogre\n|-status|p1b: Kyogre|slp|[from] move: Spore\n|move|p2b: Calyrex|Glacial Lance|p1a: Iron Jugulis|[spread] p1a,p1b\n|-resisted|p1a: Iron Jugulis\n|-resisted|p1b: Kyogre\n|-damage|p1a: Iron Jugulis|49/100 slp\n|-damage|p1b: Kyogre|43/100 slp\n|cant|p1b: Kyogre|slp\n|cant|p1a: Iron Jugulis|slp\n|\n|-weather|RainDance|[upkeep]\n|-heal|p2b: Calyrex|80/100|[from] item: Leftovers\n|-damage|p1b: Kyogre|31/100 slp|[from] Leech Seed|[of] p2b: Calyrex\n|-heal|p2b: Calyrex|92/100|[silent]\n|upkeep\n|turn|5\n|inactive|ice spice rider has 30 seconds left.\n|\n|t:|1769451413\n|switch|p2a: Kyogre|Kyogre, L50|100/100\n|move|p2b: Calyrex|Glacial Lance|p1a: Iron Jugulis|[spread] p1a,p1b\n|-resisted|p1a: Iron Jugulis\n|-resisted|p1b: Kyogre\n|-damage|p1a: Iron Jugulis|21/100 slp\n|-damage|p1b: Kyogre|6/100 slp\n|cant|p1b: Kyogre|slp\n|cant|p1a: Iron Jugulis|slp\n|\n|-weather|none\n|-heal|p2b: Calyrex|98/100|[from] item: Leftovers\n|-damage|p1b: Kyogre|0 fnt|[from] Leech Seed|[of] p2b: Calyrex\n|-heal|p2b: Calyrex|100/100|[silent]\n|faint|p1b: Kyogre\n|upkeep\n|inactive|ice spice rider has 30 seconds left.\n|inactive|ice spice rider has 20 seconds left.\n|\n|t:|1769451450\n|switch|p1b: Calyrex|Calyrex-Ice, L50|100/100\n|-ability|p1b: Calyrex|As One\n|-ability|p1b: Calyrex|Unnerve\n|turn|6\n|\n|t:|1769451455\n|move|p2b: Calyrex|Glacial Lance|p1b: Calyrex|[spread] p1a,p1b\n|-resisted|p1a: Iron Jugulis\n|-resisted|p1b: Calyrex\n|-damage|p1a: Iron Jugulis|0 fnt\n|-damage|p1b: Calyrex|83/100\n|faint|p1a: Iron Jugulis\n|-end|p1a: Iron Jugulis|Quark Drive|[silent]\n|-ability|p2b: Calyrex|Chilling Neigh|boost\n|-boost|p2b: Calyrex|atk|1\n|move|p1b: Calyrex|Glacial Lance|p2b: Calyrex|[spread] p2a,p2b\n|-resisted|p2a: Kyogre\n|-supereffective|p2b: Calyrex\n|-damage|p2a: Kyogre|75/100\n|-damage|p2b: Calyrex|40/100\n|move|p2a: Kyogre|Water Spout|p1b: Calyrex\n|-damage|p1b: Calyrex|16/100\n|\n|-heal|p2b: Calyrex|45/100|[from] item: Leftovers\n|-heal|p1b: Calyrex|22/100|[from] item: Leftovers\n|-fieldend|move: Trick Room\n|upkeep\n|\n|t:|1769451459\n|switch|p1a: Basculegion|Basculegion, L50, M|100/100\n|turn|7\n|\n|t:|1769451476\n|move|p1a: Basculegion|Last Respects|p2a: Kyogre\n|-damage|p2a: Kyogre|0 fnt\n|faint|p2a: Kyogre\n|-damage|p1a: Basculegion|91/100|[from] item: Life Orb\n|move|p1b: Calyrex|Glacial Lance|p2b: Calyrex\n|-supereffective|p2b: Calyrex\n|-damage|p2b: Calyrex|0 fnt\n|faint|p2b: Calyrex\n|-ability|p1b: Calyrex|Chilling Neigh|boost\n|-boost|p1b: Calyrex|atk|1\n|\n|-heal|p1b: Calyrex|28/100|[from] item: Leftovers\n|upkeep\n|-message|dthk1216 forfeited.\n|\n|win|ice spice rider\n|raw|ice spice rider's rating: 1361 &rarr; <strong>1394</strong><br />(+33 for winning)\n|raw|dthk1216's rating: 1617 &rarr; <strong>1584</strong><br />(-33 for losing)\n|l|\u2606dthk1216\n|player|p2|\n|l|\u2606ice spice rider\n|player|p1|\n","uploadtime":1769451699,"views":13,"formatid":"gen9vgc2026regi","rating":1394,"private":0,"password":null}