{"id":"gen9vgc2026regi-2575461395","format":"[Gen 9] VGC 2026 Reg I","players":["hugemilk","sheeshshane925"],"log":"|j|\u2606hugemilk\n|j|\u2606sheeshshane925\n|t:|1775354955\n|gametype|doubles\n|player|p1|hugemilk|2|1403\n|player|p2|sheeshshane925|chuck|1666\n|gen|9\n|tier|[Gen 9] VGC 2026 Reg I\n|rated|\n|rule|Species Clause: Limit one of each Pok\u00e9mon\n|rule|Item Clause: Limit 1 of each item\n|clearpoke\n|poke|p1|Ogerpon-Cornerstone, L50, F|\n|poke|p1|Rillaboom, L50, M|\n|poke|p1|Calyrex-Shadow, L50|\n|poke|p1|Ho-Oh, L50|\n|poke|p1|Toxapex, L50, M|\n|poke|p1|Incineroar, L50, M|\n|poke|p2|Calyrex-Ice, L50|\n|poke|p2|Miraidon, L50|\n|poke|p2|Farigiraf, L50, M|\n|poke|p2|Iron Hands, L50|\n|poke|p2|Scraggy, L50, F|\n|poke|p2|Iron Bundle, L50|\n|teampreview|4\n|inactive|Battle timer is ON: inactive players will automatically lose when time's up. (requested by hugemilk)\n|inactive|sheeshshane925 has 60 seconds left.\n|\n|t:|1775354987\n|teamsize|p1|4\n|teamsize|p2|4\n|start\n|switch|p1a: Calyrex|Calyrex-Shadow, L50|100/100\n|switch|p1b: Incineroar|Incineroar, L50, M|100/100\n|switch|p2a: Miraidon|Miraidon, L50, shiny|100/100\n|switch|p2b: Iron Bundle|Iron Bundle, L50, shiny|100/100\n|-ability|p1a: Calyrex|As One\n|-ability|p1a: Calyrex|Unnerve\n|-fieldstart|move: Electric Terrain|[from] ability: Hadron Engine|[of] p2a: Miraidon\n|-activate|p2b: Iron Bundle|ability: Quark Drive\n|-start|p2b: Iron Bundle|quarkdrivespe\n|-ability|p1b: Incineroar|Intimidate|boost\n|-unboost|p2a: Miraidon|atk|1\n|-unboost|p2b: Iron Bundle|atk|1\n|turn|1\n|\n|t:|1775355001\n|move|p2b: Iron Bundle|Protect|p2b: Iron Bundle\n|-singleturn|p2b: Iron Bundle|Protect\n|move|p2a: Miraidon|Protect|p2a: Miraidon\n|-singleturn|p2a: Miraidon|Protect\n|move|p1b: Incineroar|Fake Out|p2a: Miraidon\n|-activate|p2a: Miraidon|move: Protect\n|move|p1a: Calyrex|Calm Mind|p1a: Calyrex\n|-boost|p1a: Calyrex|spa|1\n|-boost|p1a: Calyrex|spd|1\n|\n|upkeep\n|turn|2\n|inactive|sheeshshane925 has 30 seconds left.\n|\n|t:|1775355026\n|switch|p1b: Rillaboom|Rillaboom, L50, M|100/100\n|-fieldstart|move: Grassy Terrain|[from] ability: Grassy Surge|[of] p1b: Rillaboom\n|-end|p2b: Iron Bundle|Quark Drive\n|-enditem|p1a: Calyrex|Grassy Seed\n|-boost|p1a: Calyrex|def|1|[from] item: Grassy Seed\n|move|p2b: Iron Bundle|Icy Wind|p1a: Calyrex|[spread] p1a,p1b\n|-supereffective|p1b: Rillaboom\n|-damage|p1a: Calyrex|89/100\n|-damage|p1b: Rillaboom|75/100\n|-unboost|p1a: Calyrex|spe|1\n|-unboost|p1b: Rillaboom|spe|1\n|move|p2a: Miraidon|Electro Drift|p1b: Rillaboom\n|-resisted|p1b: Rillaboom\n|-damage|p1b: Rillaboom|51/100\n|-damage|p2a: Miraidon|91/100|[from] item: Life Orb\n|move|p1a: Calyrex|Astral Barrage|p2b: Iron Bundle|[spread] p2a,p2b\n|-damage|p2a: Miraidon|27/100\n|-enditem|p2b: Iron Bundle|Focus Sash\n|-damage|p2b: Iron Bundle|1/100\n|\n|-heal|p2b: Iron Bundle|7/100|[from] Grassy Terrain\n|-heal|p2a: Miraidon|32/100|[from] Grassy Terrain\n|-heal|p1a: Calyrex|95/100|[from] Grassy Terrain\n|-heal|p1b: Rillaboom|57/100|[from] Grassy Terrain\n|upkeep\n|turn|3\n|inactive|hugemilk has 30 seconds left.\n|\n|t:|1775355060\n|-terastallize|p1a: Calyrex|Grass\n|move|p2b: Iron Bundle|Protect|p2b: Iron Bundle\n|-singleturn|p2b: Iron Bundle|Protect\n|move|p2a: Miraidon|Protect|p2a: Miraidon\n|-singleturn|p2a: Miraidon|Protect\n|move|p1b: Rillaboom|Grassy Glide|p2b: Iron Bundle\n|-activate|p2b: Iron Bundle|move: Protect\n|move|p1a: Calyrex|Calm Mind|p1a: Calyrex\n|-boost|p1a: Calyrex|spa|1\n|-boost|p1a: Calyrex|spd|1\n|\n|-heal|p2b: Iron Bundle|13/100|[from] Grassy Terrain\n|-heal|p2a: Miraidon|38/100|[from] Grassy Terrain\n|-heal|p1a: Calyrex|100/100|[from] Grassy Terrain\n|-heal|p1b: Rillaboom|63/100|[from] Grassy Terrain\n|upkeep\n|turn|4\n|\n|t:|1775355083\n|move|p1b: Rillaboom|Grassy Glide|p2b: Iron Bundle\n|-supereffective|p2b: Iron Bundle\n|-damage|p2b: Iron Bundle|0 fnt\n|faint|p2b: Iron Bundle\n|-end|p2b: Iron Bundle|Quark Drive|[silent]\n|move|p2a: Miraidon|Draco Meteor|p1a: Calyrex\n|-damage|p1a: Calyrex|53/100\n|-unboost|p2a: Miraidon|spa|2\n|-damage|p2a: Miraidon|29/100|[from] item: Life Orb\n|move|p1a: Calyrex|Astral Barrage|p2a: Miraidon\n|-damage|p2a: Miraidon|0 fnt\n|faint|p2a: Miraidon\n|-ability|p1a: Calyrex|Grim Neigh|boost\n|-boost|p1a: Calyrex|spa|1\n|\n|-heal|p1a: Calyrex|59/100|[from] Grassy Terrain\n|-heal|p1b: Rillaboom|69/100|[from] Grassy Terrain\n|upkeep\n|\n|t:|1775355086\n|switch|p2b: Scraggy|Scraggy, L50, F|100/100\n|switch|p2a: Calyrex|Calyrex-Ice, L50|100/100\n|-ability|p2a: Calyrex|As One\n|-ability|p2a: Calyrex|Unnerve\n|-ability|p2b: Scraggy|Intimidate|boost\n|-unboost|p1a: Calyrex|atk|1\n|-unboost|p1b: Rillaboom|atk|1\n|turn|5\n|\n|t:|1775355110\n|switch|p1b: Toxapex|Toxapex, L50, M|100/100\n|-terastallize|p2a: Calyrex|Fire\n|move|p1a: Calyrex|Protect|p1a: Calyrex\n|-singleturn|p1a: Calyrex|Protect\n|move|p2b: Scraggy|Fake Out|p1a: Calyrex\n|-activate|p1a: Calyrex|move: Protect\n|move|p2a: Calyrex|Trick Room|p2a: Calyrex\n|-fieldstart|move: Trick Room|[of] p2a: Calyrex\n|\n|-heal|p1a: Calyrex|65/100|[from] Grassy Terrain\n|upkeep\n|turn|6\n|\n|t:|1775355131\n|move|p1b: Toxapex|Wide Guard|p1b: Toxapex\n|-singleturn|p1b: Toxapex|Wide Guard\n|move|p2b: Scraggy|Coaching|p2a: Calyrex\n|-boost|p2a: Calyrex|atk|1\n|-boost|p2a: Calyrex|def|1\n|move|p2a: Calyrex|High Horsepower|p1b: Toxapex\n|-supereffective|p1b: Toxapex\n|-damage|p1b: Toxapex|24/100\n|-damage|p2a: Calyrex|84/100|[from] item: Rocky Helmet|[of] p1b: Toxapex\n|move|p1a: Calyrex|Giga Drain|p2b: Scraggy\n|-damage|p2b: Scraggy|0 fnt\n|-heal|p1a: Calyrex|99/100|[from] drain|[of] p2b: Scraggy\n|faint|p2b: Scraggy\n|-ability|p1a: Calyrex|Grim Neigh|boost\n|-boost|p1a: Calyrex|spa|1\n|\n|-heal|p2a: Calyrex|90/100|[from] Grassy Terrain\n|-heal|p1b: Toxapex|30/100|[from] Grassy Terrain\n|-heal|p1a: Calyrex|100/100|[from] Grassy Terrain\n|-fieldend|move: Grassy Terrain\n|upkeep\n|turn|7\n|\n|t:|1775355149\n|move|p2a: Calyrex|Glacial Lance|p1b: Toxapex|[spread] p1a,p1b\n|-supereffective|p1a: Calyrex\n|-resisted|p1b: Toxapex\n|-damage|p1a: Calyrex|0 fnt\n|-damage|p1b: Toxapex|4/100\n|faint|p1a: Calyrex\n|-ability|p2a: Calyrex|Chilling Neigh|boost\n|-boost|p2a: Calyrex|atk|1\n|move|p1b: Toxapex|Toxic|p2a: Calyrex\n|-status|p2a: Calyrex|tox\n|\n|-damage|p2a: Calyrex|84/100 tox|[from] psn\n|upkeep\n|\n|t:|1775355154\n|switch|p1a: Incineroar|Incineroar, L50, M|100/100\n|-ability|p1a: Incineroar|Intimidate|boost\n|-fail|p2a: Calyrex|unboost|[from] item: Clear Amulet|[of] p2a: Calyrex\n|turn|8\n|\n|t:|1775355160\n|switch|p1b: Rillaboom|Rillaboom, L50, M|69/100\n|-fieldstart|move: Grassy Terrain|[from] ability: Grassy Surge|[of] p1b: Rillaboom\n|move|p2a: Calyrex|Protect|p2a: Calyrex\n|-singleturn|p2a: Calyrex|Protect\n|move|p1a: Incineroar|Fake Out|p2a: Calyrex\n|-activate|p2a: Calyrex|move: Protect\n|\n|-heal|p2a: Calyrex|90/100 tox|[from] Grassy Terrain\n|-heal|p1b: Rillaboom|75/100|[from] Grassy Terrain\n|-damage|p2a: Calyrex|78/100 tox|[from] psn\n|upkeep\n|turn|9\n|\n|t:|1775355171\n|move|p1b: Rillaboom|Fake Out|p2a: Calyrex\n|-damage|p2a: Calyrex|72/100 tox\n|cant|p2a: Calyrex|flinch\n|move|p1a: Incineroar|Knock Off|p2a: Calyrex\n|-damage|p2a: Calyrex|57/100 tox\n|-enditem|p2a: Calyrex|Clear Amulet|[from] move: Knock Off|[of] p1a: Incineroar\n|\n|-heal|p2a: Calyrex|62/100 tox|[from] Grassy Terrain\n|-heal|p1b: Rillaboom|82/100|[from] Grassy Terrain\n|-damage|p2a: Calyrex|45/100 tox|[from] psn\n|-fieldend|move: Trick Room\n|upkeep\n|turn|10\n|\n|t:|1775355187\n|switch|p1b: Toxapex|Toxapex, L50, M|37/100\n|move|p1a: Incineroar|Parting Shot|p2a: Calyrex\n|-unboost|p2a: Calyrex|atk|1\n|-unboost|p2a: Calyrex|spa|1\n|\n|t:|1775355193\n|switch|p1a: Rillaboom|Rillaboom, L50, M|82/100|[from] Parting Shot\n|move|p2a: Calyrex|High Horsepower|p1a: Rillaboom\n|-resisted|p1a: Rillaboom\n|-damage|p1a: Rillaboom|51/100\n|\n|-heal|p1a: Rillaboom|57/100|[from] Grassy Terrain\n|-heal|p1b: Toxapex|43/100|[from] Grassy Terrain\n|-heal|p2a: Calyrex|51/100 tox|[from] Grassy Terrain\n|-damage|p2a: Calyrex|28/100 tox|[from] psn\n|upkeep\n|turn|11\n|-message|sheeshshane925 forfeited.\n|\n|win|hugemilk\n|raw|hugemilk's rating: 1403 &rarr; <strong>1436</strong><br />(+33 for winning)\n|raw|sheeshshane925's rating: 1666 &rarr; <strong>1633</strong><br />(-33 for losing)\n|l|\u2606sheeshshane925\n|player|p2|\n","uploadtime":1775355206,"views":24,"formatid":"gen9vgc2026regi","rating":1436,"private":0,"password":null}