{"id":"gen9vgc2026regi-2550357521","format":"[Gen 9] VGC 2026 Reg I","players":["shangenb","drive stone"],"log":"|j|\u2606shangenb\n|j|\u2606drive stone\n|t:|1772479954\n|gametype|doubles\n|player|p1|shangenb|sisandbro|1361\n|player|p2|drive stone|cilan|1543\n|gen|9\n|tier|[Gen 9] VGC 2026 Reg I\n|rated|\n|rule|Species Clause: Limit one of each Pok\u00e9mon\n|rule|Item Clause: Limit 1 of each item\n|clearpoke\n|poke|p1|Calyrex-Shadow, L50|\n|poke|p1|Zamazenta-*, L50|\n|poke|p1|Rillaboom, L50, F|\n|poke|p1|Raging Bolt, L50|\n|poke|p1|Ogerpon-Hearthflame, L50, F|\n|poke|p1|Smeargle, L50, M|\n|poke|p2|Calyrex-Ice, L50|\n|poke|p2|Ho-Oh, L50|\n|poke|p2|Overqwil, L50, M|\n|poke|p2|Rillaboom, L50, F|\n|poke|p2|Ting-Lu, L50|\n|poke|p2|Ogerpon-Wellspring, L50, F|\n|teampreview|4\n|inactive|Battle timer is ON: inactive players will automatically lose when time's up. (requested by shangenb)\n|inactive|shangenb has 60 seconds left.\n|inactive|shangenb has 30 seconds left.\n|inactive|shangenb has 20 seconds left.\n|inactive|shangenb has 15 seconds left.\n|\n|t:|1772480033\n|teamsize|p1|4\n|teamsize|p2|4\n|start\n|switch|p1a: Smeargle|Smeargle, L50, M|100/100\n|switch|p1b: Calyrex|Calyrex-Shadow, L50|100/100\n|switch|p2a: Ho-Oh|Ho-Oh, L50|100/100\n|switch|p2b: Ogerpon|Ogerpon-Wellspring, L50, F|100/100\n|-ability|p1b: Calyrex|As One\n|-ability|p1b: Calyrex|Unnerve\n|turn|1\n|\n|t:|1772480051\n|move|p1a: Smeargle|Fake Out|p2a: Ho-Oh\n|-damage|p2a: Ho-Oh|97/100\n|-damage|p1a: Smeargle|84/100|[from] item: Rocky Helmet|[of] p2a: Ho-Oh\n|move|p2b: Ogerpon|Follow Me|p2b: Ogerpon\n|-singleturn|p2b: Ogerpon|move: Follow Me\n|move|p1b: Calyrex|Nasty Plot|p1b: Calyrex\n|-boost|p1b: Calyrex|spa|2\n|cant|p2a: Ho-Oh|flinch\n|\n|-ability|p1a: Smeargle|Moody|boost\n|-boost|p1a: Smeargle|spa|2\n|-unboost|p1a: Smeargle|spd|1\n|upkeep\n|turn|2\n|inactive|shangenb has 30 seconds left.\n|\n|t:|1772480077\n|move|p1a: Smeargle|Feint|p2b: Ogerpon\n|-damage|p2b: Ogerpon|97/100\n|move|p2b: Ogerpon|Follow Me|p2b: Ogerpon\n|-singleturn|p2b: Ogerpon|move: Follow Me\n|move|p1b: Calyrex|Astral Barrage|p2a: Ho-Oh|[spread] p2a,p2b\n|-damage|p2a: Ho-Oh|24/100\n|-damage|p2b: Ogerpon|0 fnt\n|faint|p2b: Ogerpon\n|-ability|p1b: Calyrex|Grim Neigh|boost\n|-boost|p1b: Calyrex|spa|1\n|-damage|p1b: Calyrex|91/100|[from] item: Life Orb\n|move|p2a: Ho-Oh|Whirlwind|p1b: Calyrex\n|drag|p1b: Raging Bolt|Raging Bolt, L50|100/100\n|-enditem|p1b: Raging Bolt|Booster Energy\n|-activate|p1b: Raging Bolt|ability: Protosynthesis|[fromitem]\n|-start|p1b: Raging Bolt|protosynthesisspa\n|\n|-ability|p1a: Smeargle|Moody|boost\n|-boost|p1a: Smeargle|spa|2\n|-unboost|p1a: Smeargle|spd|1\n|upkeep\n|inactive|drive stone has 30 seconds left.\n|\n|t:|1772480105\n|switch|p2b: Calyrex|Calyrex-Ice, L50|100/100\n|-ability|p2b: Calyrex|As One\n|-ability|p2b: Calyrex|Unnerve\n|turn|3\n|\n|t:|1772480116\n|switch|p2a: Overqwil|Overqwil, L50, M|100/100\n|-ability|p2a: Overqwil|Intimidate|boost\n|-unboost|p1a: Smeargle|atk|1\n|-unboost|p1b: Raging Bolt|atk|1\n|move|p2b: Calyrex|Protect|p2b: Calyrex\n|-singleturn|p2b: Calyrex|Protect\n|move|p1a: Smeargle|Spore|p2b: Calyrex\n|-activate|p2b: Calyrex|move: Protect\n|move|p1b: Raging Bolt|Dragon Pulse|p2a: Overqwil\n|-damage|p2a: Overqwil|44/100\n|\n|-heal|p2a: Overqwil|50/100|[from] item: Black Sludge\n|-ability|p1a: Smeargle|Moody|boost\n|-boost|p1a: Smeargle|def|2\n|-unboost|p1a: Smeargle|atk|1\n|upkeep\n|turn|4\n|\n|t:|1772480140\n|switch|p1a: Zamazenta|Zamazenta-Crowned, L50|100/100\n|-ability|p1a: Zamazenta|Dauntless Shield|boost\n|-boost|p1a: Zamazenta|def|1\n|-terastallize|p1b: Raging Bolt|Electric\n|move|p1b: Raging Bolt|Thunderbolt|p2b: Calyrex\n|-damage|p2b: Calyrex|46/100\n|move|p2a: Overqwil|Toxic Spikes|p1b: Raging Bolt\n|-sidestart|p1: shangenb|move: Toxic Spikes\n|move|p2b: Calyrex|Leech Seed|p1b: Raging Bolt\n|-start|p1b: Raging Bolt|move: Leech Seed\n|\n|-heal|p2a: Overqwil|56/100|[from] item: Black Sludge\n|-heal|p2b: Calyrex|52/100|[from] item: Leftovers\n|-damage|p1b: Raging Bolt|88/100|[from] Leech Seed|[of] p2b: Calyrex\n|-heal|p2b: Calyrex|66/100|[silent]\n|upkeep\n|turn|5\n|inactive|drive stone has 30 seconds left.\n|\n|t:|1772480170\n|move|p2b: Calyrex|Protect|p2b: Calyrex\n|-singleturn|p2b: Calyrex|Protect\n|move|p1a: Zamazenta|Body Press|p2a: Overqwil\n|-damage|p2a: Overqwil|0 fnt\n|faint|p2a: Overqwil\n|move|p1b: Raging Bolt|Thunderbolt|p2b: Calyrex\n|-activate|p2b: Calyrex|move: Protect\n|\n|-heal|p2b: Calyrex|72/100|[from] item: Leftovers\n|-damage|p1b: Raging Bolt|75/100|[from] Leech Seed|[of] p2b: Calyrex\n|-heal|p2b: Calyrex|85/100|[silent]\n|upkeep\n|\n|t:|1772480183\n|switch|p2a: Ho-Oh|Ho-Oh, L50|57/100\n|turn|6\n|\n|t:|1772480197\n|move|p2a: Ho-Oh|Protect|p2a: Ho-Oh\n|-singleturn|p2a: Ho-Oh|Protect\n|move|p1a: Zamazenta|Body Press|p2a: Ho-Oh\n|-activate|p2a: Ho-Oh|move: Protect\n|move|p1b: Raging Bolt|Thunderbolt|p2a: Ho-Oh\n|-activate|p2a: Ho-Oh|move: Protect\n|move|p2b: Calyrex|Trick Room|p2b: Calyrex\n|-fieldstart|move: Trick Room|[of] p2b: Calyrex\n|\n|-heal|p2b: Calyrex|91/100|[from] item: Leftovers\n|-damage|p1b: Raging Bolt|63/100|[from] Leech Seed|[of] p2b: Calyrex\n|-heal|p2b: Calyrex|100/100|[silent]\n|upkeep\n|turn|7\n|\n|t:|1772480214\n|move|p1a: Zamazenta|Protect|p1a: Zamazenta\n|-singleturn|p1a: Zamazenta|Protect\n|move|p2b: Calyrex|Glacial Lance|p1b: Raging Bolt|[spread] p1b\n|-activate|p1a: Zamazenta|move: Protect\n|-damage|p1b: Raging Bolt|21/100\n|move|p1b: Raging Bolt|Thunderbolt|p2a: Ho-Oh\n|-supereffective|p2a: Ho-Oh\n|-damage|p2a: Ho-Oh|0 fnt\n|faint|p2a: Ho-Oh\n|\n|-damage|p1b: Raging Bolt|9/100|[from] Leech Seed|[of] p2b: Calyrex\n|upkeep\n|turn|8\n|inactive|shangenb has 30 seconds left.\n|inactive|shangenb has 20 seconds left.\n|\n|t:|1772480252\n|move|p1b: Raging Bolt|Protect|p1b: Raging Bolt\n|-singleturn|p1b: Raging Bolt|Protect\n|move|p2b: Calyrex|Leech Seed|p1a: Zamazenta\n|-start|p1a: Zamazenta|move: Leech Seed\n|move|p1a: Zamazenta|Body Press|p2b: Calyrex\n|-damage|p2b: Calyrex|62/100\n|\n|-heal|p2b: Calyrex|68/100|[from] item: Leftovers\n|-damage|p1b: Raging Bolt|0 fnt|[from] Leech Seed|[of] p2b: Calyrex\n|-heal|p2b: Calyrex|77/100|[silent]\n|faint|p1b: Raging Bolt\n|-end|p1b: Raging Bolt|Protosynthesis|[silent]\n|-damage|p1a: Zamazenta|88/100|[from] Leech Seed|[of] p2b: Calyrex\n|-heal|p2b: Calyrex|89/100|[silent]\n|upkeep\n|\n|t:|1772480269\n|switch|p1b: Smeargle|Smeargle, L50, M|84/100\n|-status|p1b: Smeargle|psn\n|turn|9\n|\n|t:|1772480277\n|move|p2b: Calyrex|Protect|p2b: Calyrex\n|-singleturn|p2b: Calyrex|Protect\n|move|p1b: Smeargle|Fake Out|p2b: Calyrex\n|-activate|p2b: Calyrex|move: Protect\n|move|p1a: Zamazenta|Body Press|p2b: Calyrex\n|-activate|p2b: Calyrex|move: Protect\n|\n|-heal|p2b: Calyrex|95/100|[from] item: Leftovers\n|-damage|p1a: Zamazenta|76/100|[from] Leech Seed|[of] p2b: Calyrex\n|-heal|p2b: Calyrex|100/100|[silent]\n|-damage|p1b: Smeargle|73/100 psn|[from] psn\n|-ability|p1b: Smeargle|Moody|boost\n|-boost|p1b: Smeargle|def|2\n|-unboost|p1b: Smeargle|spd|1\n|upkeep\n|turn|10\n|\n|t:|1772480297\n|move|p1a: Zamazenta|Wide Guard|p1a: Zamazenta\n|-singleturn|p1a: Zamazenta|Wide Guard\n|move|p2b: Calyrex|Leech Seed|p1b: Smeargle\n|-start|p1b: Smeargle|move: Leech Seed\n|move|p1b: Smeargle|Spore|p2b: Calyrex\n|-status|p2b: Calyrex|slp|[from] move: Spore\n|\n|-damage|p1b: Smeargle|61/100 psn|[from] Leech Seed|[of] p2b: Calyrex\n|-damage|p1a: Zamazenta|64/100|[from] Leech Seed|[of] p2b: Calyrex\n|-damage|p1b: Smeargle|49/100 psn|[from] psn\n|-fieldend|move: Trick Room\n|-ability|p1b: Smeargle|Moody|boost\n|-boost|p1b: Smeargle|spe|2\n|-unboost|p1b: Smeargle|atk|1\n|upkeep\n|turn|11\n|inactive|shangenb has 30 seconds left.\n|inactive|shangenb has 20 seconds left.\n|inactive|shangenb has 15 seconds left.\n|\n|t:|1772480339\n|switch|p1b: Calyrex|Calyrex-Shadow, L50|91/100\n|-ability|p1b: Calyrex|As One\n|-ability|p1b: Calyrex|Unnerve\n|-status|p1b: Calyrex|psn\n|-terastallize|p2b: Calyrex|Water\n|move|p1a: Zamazenta|Body Press|p2b: Calyrex\n|-damage|p2b: Calyrex|64/100 slp\n|cant|p2b: Calyrex|slp\n|\n|-heal|p2b: Calyrex|70/100 slp|[from] item: Leftovers\n|-damage|p1a: Zamazenta|52/100|[from] Leech Seed|[of] p2b: Calyrex\n|-heal|p2b: Calyrex|81/100 slp|[silent]\n|-damage|p1b: Calyrex|79/100 psn|[from] psn\n|upkeep\n|turn|12\n|\n|t:|1772480360\n|switch|p1a: Smeargle|Smeargle, L50, M|49/100 psn\n|move|p1b: Calyrex|Nasty Plot|p1b: Calyrex\n|-boost|p1b: Calyrex|spa|2\n|cant|p2b: Calyrex|slp\n|\n|-heal|p2b: Calyrex|87/100 slp|[from] item: Leftovers\n|-damage|p1b: Calyrex|67/100 psn|[from] psn\n|-damage|p1a: Smeargle|37/100 psn|[from] psn\n|-ability|p1a: Smeargle|Moody|boost\n|-boost|p1a: Smeargle|spa|2\n|-unboost|p1a: Smeargle|def|1\n|upkeep\n|turn|13\n|\n|t:|1772480385\n|-curestatus|p2b: Calyrex|slp|[msg]\n|move|p2b: Calyrex|Protect|p2b: Calyrex\n|-singleturn|p2b: Calyrex|Protect\n|move|p1a: Smeargle|Fake Out|p2b: Calyrex\n|-activate|p2b: Calyrex|move: Protect\n|move|p1b: Calyrex|Nasty Plot|p1b: Calyrex\n|-boost|p1b: Calyrex|spa|2\n|\n|-heal|p2b: Calyrex|93/100|[from] item: Leftovers\n|-damage|p1b: Calyrex|54/100 psn|[from] psn\n|-damage|p1a: Smeargle|25/100 psn|[from] psn\n|-ability|p1a: Smeargle|Moody|boost\n|-boost|p1a: Smeargle|def|2\n|-unboost|p1a: Smeargle|spd|1\n|upkeep\n|turn|14\n|\n|t:|1772480403\n|move|p1a: Smeargle|Feint|p2b: Calyrex\n|-damage|p2b: Calyrex|91/100\n|move|p1b: Calyrex|Astral Barrage|p2b: Calyrex\n|-damage|p2b: Calyrex|0 fnt\n|faint|p2b: Calyrex\n|-damage|p1b: Calyrex|45/100 psn|[from] item: Life Orb\n|\n|win|shangenb\n|raw|shangenb's rating: 1361 &rarr; <strong>1391</strong><br />(+30 for winning)\n|raw|drive stone's rating: 1543 &rarr; <strong>1513</strong><br />(-30 for losing)\n|l|\u2606drive stone\n|player|p2|\n|l|\u2606shangenb\n|player|p1|\n","uploadtime":1772480412,"views":12,"formatid":"gen9vgc2026regi","rating":1391,"private":0,"password":null}