{"id":"gen9vgc2026regi-2578232487","format":"[Gen 9] VGC 2026 Reg I","players":["renlovgc","bullgod4ever"],"log":"|j|\u2606renlovgc\n|j|\u2606bullgod4ever\n|t:|1775660974\n|gametype|doubles\n|player|p1|renlovgc|2|1528\n|player|p2|bullgod4ever|265|1621\n|gen|9\n|tier|[Gen 9] VGC 2026 Reg I\n|rated|\n|rule|Species Clause: Limit one of each Pok\u00e9mon\n|rule|Item Clause: Limit 1 of each item\n|clearpoke\n|poke|p1|Calyrex-Shadow, L50|\n|poke|p1|Zamazenta-*, L50|\n|poke|p1|Chien-Pao, L50|\n|poke|p1|Dragonite, L50, F|\n|poke|p1|Ogerpon-Cornerstone, L50, F|\n|poke|p1|Amoonguss, L50, M|\n|poke|p2|Calyrex-Shadow, L50|\n|poke|p2|Zamazenta-*, L50|\n|poke|p2|Chien-Pao, L50|\n|poke|p2|Dragonite, L50, F|\n|poke|p2|Amoonguss, L50, M|\n|poke|p2|Ogerpon-Cornerstone, L50, F|\n|teampreview|4\n|inactive|Battle timer is ON: inactive players will automatically lose when time's up. (requested by renlovgc)\nrenlovgc has agreed to open team sheets.\n|inactive|bullgod4ever has 60 seconds left.\n|\n|t:|1775661017\n|teamsize|p1|4\n|teamsize|p2|4\n|start\n|switch|p1a: Chien-Pao|Chien-Pao, L50|100/100\n|switch|p1b: Zamazenta|Zamazenta-Crowned, L50|100/100\n|switch|p2a: Calyrex|Calyrex-Shadow, L50|100/100\n|switch|p2b: Amoonguss|Amoonguss, L50, M|100/100\n|-ability|p2a: Calyrex|As One\n|-ability|p2a: Calyrex|Unnerve\n|-ability|p1a: Chien-Pao|Sword of Ruin\n|-ability|p1b: Zamazenta|Dauntless Shield|boost\n|-boost|p1b: Zamazenta|def|1\n|turn|1\n|j| crazyworld28\n|inactive|bullgod4ever has 30 seconds left.\n|inactive|bullgod4ever has 20 seconds left.\n|inactive|bullgod4ever has 15 seconds left.\n|\n|t:|1775661058\n|-terastallize|p2b: Amoonguss|Fire\n|move|p2a: Calyrex|Astral Barrage|p1b: Zamazenta|[spread] p1a,p1b\n|-resisted|p1a: Chien-Pao\n|-damage|p1a: Chien-Pao|78/100\n|-damage|p1b: Zamazenta|61/100\n|move|p1a: Chien-Pao|Snarl|p2a: Calyrex|[spread] p2a,p2b\n|-supereffective|p2a: Calyrex\n|-damage|p2a: Calyrex|50/100\n|-damage|p2b: Amoonguss|90/100\n|-unboost|p2a: Calyrex|spa|1\n|-unboost|p2b: Amoonguss|spa|1\n|move|p1b: Zamazenta|Heavy Slam|p2a: Calyrex\n|-damage|p2a: Calyrex|0 fnt\n|faint|p2a: Calyrex\n|move|p2b: Amoonguss|Spore|p1a: Chien-Pao\n|-status|p1a: Chien-Pao|slp|[from] move: Spore\n|\n|upkeep\n|\n|t:|1775661076\n|switch|p2a: Zamazenta|Zamazenta-Crowned, L50|100/100\n|-ability|p2a: Zamazenta|Dauntless Shield|boost\n|-boost|p2a: Zamazenta|def|1\n|turn|2\n|\n|t:|1775661090\n|move|p1b: Zamazenta|Protect|p1b: Zamazenta\n|-singleturn|p1b: Zamazenta|Protect\n|cant|p1a: Chien-Pao|slp\n|move|p2a: Zamazenta|Body Press|p1a: Chien-Pao\n|-supereffective|p1a: Chien-Pao\n|-damage|p1a: Chien-Pao|0 fnt\n|faint|p1a: Chien-Pao\n|move|p2b: Amoonguss|Spore|p1b: Zamazenta\n|-activate|p1b: Zamazenta|move: Protect\n|\n|upkeep\n|\n|t:|1775661100\n|switch|p1a: Ogerpon|Ogerpon-Cornerstone, L50, F|100/100\n|turn|3\n|\n|t:|1775661111\n|-terastallize|p1b: Zamazenta|Fairy\n|move|p2b: Amoonguss|Rage Powder|p2b: Amoonguss\n|-singleturn|p2b: Amoonguss|move: Rage Powder\n|move|p1b: Zamazenta|Body Press|p2b: Amoonguss\n|-damage|p2b: Amoonguss|33/100\n|-damage|p1b: Zamazenta|45/100|[from] item: Rocky Helmet|[of] p2b: Amoonguss\n|move|p2a: Zamazenta|Body Press|p1a: Ogerpon\n|-supereffective|p1a: Ogerpon\n|-ability|p1a: Ogerpon|Sturdy\n|-damage|p1a: Ogerpon|1/100\n|move|p1a: Ogerpon|Ivy Cudgel|p2b: Amoonguss|[anim] Ivy Cudgel Rock\n|-supereffective|p2b: Amoonguss\n|-damage|p2b: Amoonguss|0 fnt\n|faint|p2b: Amoonguss\n|\n|upkeep\n|\n|t:|1775661128\n|switch|p2b: Chien-Pao|Chien-Pao, L50|100/100\n|-ability|p2b: Chien-Pao|Sword of Ruin\n|turn|4\n|\n|t:|1775661139\n|move|p2b: Chien-Pao|Ice Shard|p1a: Ogerpon\n|-supereffective|p1a: Ogerpon\n|-damage|p1a: Ogerpon|0 fnt\n|faint|p1a: Ogerpon\n|move|p1b: Zamazenta|Body Press|p2b: Chien-Pao\n|-supereffective|p2b: Chien-Pao\n|-damage|p2b: Chien-Pao|0 fnt\n|faint|p2b: Chien-Pao\n|move|p2a: Zamazenta|Behemoth Bash|p1b: Zamazenta\n|-supereffective|p1b: Zamazenta\n|-damage|p1b: Zamazenta|15/100\n|\n|upkeep\n|\n|t:|1775661149\n|switch|p1a: Calyrex|Calyrex-Shadow, L50|100/100\n|-ability|p1a: Calyrex|As One\n|-ability|p1a: Calyrex|Unnerve\n|turn|5\n|\n|t:|1775661156\n|move|p1a: Calyrex|Astral Barrage|p2a: Zamazenta\n|-damage|p2a: Zamazenta|46/100\n|move|p1b: Zamazenta|Body Press|p2a: Zamazenta\n|-supereffective|p2a: Zamazenta\n|-damage|p2a: Zamazenta|0 fnt\n|faint|p2a: Zamazenta\n|\n|win|renlovgc\n|raw|renlovgc's rating: 1528 &rarr; <strong>1553</strong><br />(+25 for winning)\n|raw|bullgod4ever's rating: 1621 &rarr; <strong>1596</strong><br />(-25 for losing)\n|l| crazyworld28\n|l|\u2606renlovgc\n|player|p1|\n|l|\u2606bullgod4ever\n|player|p2|\n","uploadtime":1775661399,"views":11,"formatid":"gen9vgc2026regi","rating":1553,"private":0,"password":null}