{"id":"gen9vgc2026regi-2521831616","format":"[Gen 9] VGC 2026 Reg I","players":["r4fa44","blackred123"],"log":"|j|\u2606r4fa44\n|j|\u2606blackred123\n|t:|1768831488\n|gametype|doubles\n|player|p1|r4fa44|cynthia-gen4|1247\n|player|p2|blackred123|iono-masters|1239\n|gen|9\n|tier|[Gen 9] VGC 2026 Reg I\n|rated|\n|rule|Species Clause: Limit one of each Pok\u00e9mon\n|rule|Item Clause: Limit 1 of each item\n|clearpoke\n|poke|p1|Koraidon, L50|\n|poke|p1|Kyogre, L50|\n|poke|p1|Walking Wake, L50|\n|poke|p1|Tornadus, L50, M|\n|poke|p1|Urshifu-*, L50, M|\n|poke|p1|Iron Hands, L50|\n|poke|p2|Zacian-*, L50|\n|poke|p2|Kyogre, L50|\n|poke|p2|Amoonguss, L50, F|\n|poke|p2|Incineroar, L50, M|\n|poke|p2|Urshifu-*, L50, M|\n|poke|p2|Iron Jugulis, L50|\n|teampreview|4\n|inactive|Battle timer is ON: inactive players will automatically lose when time's up. (requested by r4fa44)\n|inactive|blackred123 also wants the timer to be on.\n|\n|t:|1768831513\n|teamsize|p1|4\n|teamsize|p2|4\n|start\n|switch|p1a: Tornadus|Tornadus, L50, M, shiny|100/100\n|switch|p1b: Kyogre|Kyogre, L50|100/100\n|switch|p2a: \u4e3b\u4eba\ud83d\ude2d\ud83e\udd75|Incineroar, L50, M|100/100\n|switch|p2b: \u55f7\u545c\uff5e|Iron Jugulis, L50|100/100\n|-weather|RainDance|[from] ability: Drizzle|[of] p1b: Kyogre\n|-ability|p2a: \u4e3b\u4eba\ud83d\ude2d\ud83e\udd75|Intimidate|boost\n|-unboost|p1a: Tornadus|atk|1\n|-unboost|p1b: Kyogre|atk|1\n|-enditem|p2b: \u55f7\u545c\uff5e|Booster Energy\n|-activate|p2b: \u55f7\u545c\uff5e|ability: Quark Drive|[fromitem]\n|-start|p2b: \u55f7\u545c\uff5e|quarkdrivespe\n|turn|1\n|\n|t:|1768831529\n|switch|p1b: Iron Hands|Iron Hands, L50|100/100\n|switch|p2a: \u9a6c\u5243\u5929\u7231\u661f|Kyogre, L50, shiny|100/100\n|move|p1a: Tornadus|Tailwind|p1a: Tornadus\n|-sidestart|p1: r4fa44|move: Tailwind\n|move|p2b: \u55f7\u545c\uff5e|Tailwind|p2b: \u55f7\u545c\uff5e\n|-sidestart|p2: blackred123|move: Tailwind\n|\n|-weather|RainDance|[upkeep]\n|upkeep\n|turn|2\n|inactive|r4fa44 has 30 seconds left.\n|inactive|r4fa44 has 20 seconds left.\n|\n|t:|1768831567\n|switch|p2a: \u4e3b\u4eba\ud83d\ude2d\ud83e\udd75|Incineroar, L50, M|100/100\n|-ability|p2a: \u4e3b\u4eba\ud83d\ude2d\ud83e\udd75|Intimidate|boost\n|-unboost|p1a: Tornadus|atk|1\n|-unboost|p1b: Iron Hands|atk|1\n|move|p1b: Iron Hands|Fake Out|p2a: \u4e3b\u4eba\ud83d\ude2d\ud83e\udd75\n|-damage|p2a: \u4e3b\u4eba\ud83d\ude2d\ud83e\udd75|89/100\n|move|p1a: Tornadus|Taunt|p2b: \u55f7\u545c\uff5e\n|-hint|Since gen 7, Dark is immune to Prankster moves.\n|-immune|p2b: \u55f7\u545c\uff5e\n|move|p2b: \u55f7\u545c\uff5e|Hurricane|p1b: Iron Hands\n|-damage|p1b: Iron Hands|75/100\n|\n|-weather|RainDance|[upkeep]\n|upkeep\n|turn|3\n|inactive|blackred123 has 30 seconds left.\n|\n|t:|1768831593\n|move|p2b: \u55f7\u545c\uff5e|Hurricane|p1a: Tornadus\n|-damage|p1a: Tornadus|42/100\n|move|p1a: Tornadus|Bleakwind Storm|p2a: \u4e3b\u4eba\ud83d\ude2d\ud83e\udd75|[spread] p2a,p2b\n|-damage|p2a: \u4e3b\u4eba\ud83d\ude2d\ud83e\udd75|62/100\n|-damage|p2b: \u55f7\u545c\uff5e|69/100\n|-unboost|p2a: \u4e3b\u4eba\ud83d\ude2d\ud83e\udd75|spe|1\n|-unboost|p2b: \u55f7\u545c\uff5e|spe|1\n|move|p2a: \u4e3b\u4eba\ud83d\ude2d\ud83e\udd75|Will-O-Wisp|p1b: Iron Hands\n|-status|p1b: Iron Hands|brn\n|move|p1b: Iron Hands|Drain Punch|p2a: \u4e3b\u4eba\ud83d\ude2d\ud83e\udd75\n|-supereffective|p2a: \u4e3b\u4eba\ud83d\ude2d\ud83e\udd75\n|-damage|p2a: \u4e3b\u4eba\ud83d\ude2d\ud83e\udd75|33/100\n|-heal|p1b: Iron Hands|88/100 brn|[from] drain|[of] p2a: \u4e3b\u4eba\ud83d\ude2d\ud83e\udd75\n|\n|-weather|RainDance|[upkeep]\n|-damage|p1b: Iron Hands|82/100 brn|[from] brn\n|upkeep\n|turn|4\n|inactive|r4fa44 has 30 seconds left.\n|\n|t:|1768831625\n|switch|p2a: \u9a6c\u5243\u5929\u7231\u661f|Kyogre, L50, shiny|100/100\n|move|p1a: Tornadus|Bleakwind Storm|p2a: \u9a6c\u5243\u5929\u7231\u661f|[spread] p2a,p2b\n|-damage|p2a: \u9a6c\u5243\u5929\u7231\u661f|85/100\n|-damage|p2b: \u55f7\u545c\uff5e|39/100\n|move|p2b: \u55f7\u545c\uff5e|Hurricane|p1a: Tornadus\n|-damage|p1a: Tornadus|0 fnt\n|faint|p1a: Tornadus\n|move|p1b: Iron Hands|Wild Charge|p2b: \u55f7\u545c\uff5e\n|-supereffective|p2b: \u55f7\u545c\uff5e\n|-damage|p2b: \u55f7\u545c\uff5e|2/100\n|-damage|p1b: Iron Hands|74/100 brn|[from] Recoil\n|\n|-weather|RainDance|[upkeep]\n|-damage|p1b: Iron Hands|68/100 brn|[from] brn\n|-sideend|p2: blackred123|move: Tailwind\n|-sideend|p1: r4fa44|move: Tailwind\n|upkeep\n|\n|t:|1768831637\n|switch|p1a: Koraidon|Koraidon, L50|100/100\n|-weather|SunnyDay|[from] ability: Orichalcum Pulse|[of] p1a: Koraidon\n|-activate|p1a: Koraidon|Orichalcum Pulse|[source]\n|turn|5\n|\n|t:|1768831665\n|switch|p2a: \u4e3b\u4eba\ud83d\ude2d\ud83e\udd75|Incineroar, L50, M|33/100\n|-ability|p2a: \u4e3b\u4eba\ud83d\ude2d\ud83e\udd75|Intimidate|boost\n|-fail|p1a: Koraidon|unboost|[from] item: Clear Amulet|[of] p1a: Koraidon\n|-unboost|p1b: Iron Hands|atk|1\n|move|p2b: \u55f7\u545c\uff5e|Protect|p2b: \u55f7\u545c\uff5e\n|-singleturn|p2b: \u55f7\u545c\uff5e|Protect\n|move|p1a: Koraidon|Collision Course|p2a: \u4e3b\u4eba\ud83d\ude2d\ud83e\udd75\n|-supereffective|p2a: \u4e3b\u4eba\ud83d\ude2d\ud83e\udd75\n|-damage|p2a: \u4e3b\u4eba\ud83d\ude2d\ud83e\udd75|0 fnt\n|faint|p2a: \u4e3b\u4eba\ud83d\ude2d\ud83e\udd75\n|move|p1b: Iron Hands|Low Kick|p2b: \u55f7\u545c\uff5e\n|-activate|p2b: \u55f7\u545c\uff5e|move: Protect\n|\n|-weather|SunnyDay|[upkeep]\n|-damage|p1b: Iron Hands|62/100 brn|[from] brn\n|upkeep\n|\n|t:|1768831682\n|switch|p2a: \u963f\u5c14\u6258\u8389\u96c5|Zacian-Crowned, L50, shiny|100/100\n|-ability|p2a: \u963f\u5c14\u6258\u8389\u96c5|Intrepid Sword|boost\n|-boost|p2a: \u963f\u5c14\u6258\u8389\u96c5|atk|1\n|turn|6\n|\n|t:|1768831698\n|-terastallize|p1a: Koraidon|Fire\n|move|p2a: \u963f\u5c14\u6258\u8389\u96c5|Play Rough|p1a: Koraidon\n|-resisted|p1a: Koraidon\n|-damage|p1a: Koraidon|67/100\n|move|p1a: Koraidon|Flare Blitz|p2a: \u963f\u5c14\u6258\u8389\u96c5\n|-supereffective|p2a: \u963f\u5c14\u6258\u8389\u96c5\n|-damage|p2a: \u963f\u5c14\u6258\u8389\u96c5|0 fnt\n|faint|p2a: \u963f\u5c14\u6258\u8389\u96c5\n|-damage|p1a: Koraidon|34/100|[from] Recoil\n|move|p2b: \u55f7\u545c\uff5e|Tailwind|p2b: \u55f7\u545c\uff5e\n|-sidestart|p2: blackred123|move: Tailwind\n|move|p1b: Iron Hands|Low Kick|p2b: \u55f7\u545c\uff5e\n|-damage|p2b: \u55f7\u545c\uff5e|0 fnt\n|faint|p2b: \u55f7\u545c\uff5e\n|-end|p2b: \u55f7\u545c\uff5e|Quark Drive|[silent]\n|\n|-weather|SunnyDay|[upkeep]\n|-damage|p1b: Iron Hands|57/100 brn|[from] brn\n|upkeep\n|\n|t:|1768831703\n|switch|p2b: \u9a6c\u5243\u5929\u7231\u661f|Kyogre, L50, shiny|85/100\n|-weather|RainDance|[from] ability: Drizzle|[of] p2b: \u9a6c\u5243\u5929\u7231\u661f\n|turn|7\n|inactive|r4fa44 has 30 seconds left.\n|\n|t:|1768831729\n|-terastallize|p2b: \u9a6c\u5243\u5929\u7231\u661f|Electric\n|move|p2b: \u9a6c\u5243\u5929\u7231\u661f|Water Spout|p1a: Koraidon|[spread] p1a,p1b\n|-supereffective|p1a: Koraidon\n|-damage|p1a: Koraidon|0 fnt\n|-damage|p1b: Iron Hands|16/100 brn\n|faint|p1a: Koraidon\n|move|p1b: Iron Hands|Low Kick|p2b: \u9a6c\u5243\u5929\u7231\u661f\n|-damage|p2b: \u9a6c\u5243\u5929\u7231\u661f|69/100\n|\n|-weather|RainDance|[upkeep]\n|-damage|p1b: Iron Hands|11/100 brn|[from] brn\n|upkeep\n|\n|t:|1768831734\n|switch|p1a: Kyogre|Kyogre, L50|100/100\n|turn|8\n|\n|t:|1768831743\n|move|p2b: \u9a6c\u5243\u5929\u7231\u661f|Thunder|p1a: Kyogre\n|-supereffective|p1a: Kyogre\n|-damage|p1a: Kyogre|7/100\n|-status|p1a: Kyogre|par\n|move|p1a: Kyogre|Water Spout|p2b: \u9a6c\u5243\u5929\u7231\u661f\n|-damage|p2b: \u9a6c\u5243\u5929\u7231\u661f|64/100\n|move|p1b: Iron Hands|Low Kick|p2b: \u9a6c\u5243\u5929\u7231\u661f\n|-damage|p2b: \u9a6c\u5243\u5929\u7231\u661f|49/100\n|\n|-weather|RainDance|[upkeep]\n|-damage|p1b: Iron Hands|5/100 brn|[from] brn\n|upkeep\n|turn|9\n|\n|t:|1768831754\n|move|p2b: \u9a6c\u5243\u5929\u7231\u661f|Water Spout|p1a: Kyogre|[spread] p1a,p1b\n|-resisted|p1a: Kyogre\n|-damage|p1a: Kyogre|0 fnt\n|-damage|p1b: Iron Hands|0 fnt\n|faint|p1a: Kyogre\n|faint|p1b: Iron Hands\n|-end|p1b: Iron Hands|Quark Drive|[silent]\n|\n|win|blackred123\n|raw|r4fa44's rating: 1247 &rarr; <strong>1221</strong><br />(-26 for losing)\n|raw|blackred123's rating: 1239 &rarr; <strong>1265</strong><br />(+26 for winning)\n|l|\u2606blackred123\n|player|p2|\n|l|\u2606r4fa44\n|player|p1|\n","uploadtime":1768831991,"views":18,"formatid":"gen9vgc2026regi","rating":1221,"private":0,"password":null}