{"id":"gen9vgc2026regi-2518460763","format":"[Gen 9] VGC 2026 Reg I","players":["soten soten","kojimuranishi"],"log":"|j|\u2606soten soten\n|j|\u2606kojimuranishi\n|t:|1768393360\n|gametype|doubles\n|player|p1|soten soten|hilbert|1417\n|player|p2|kojimuranishi|1|1496\n|gen|9\n|tier|[Gen 9] VGC 2026 Reg I\n|rated|\n|rule|Species Clause: Limit one of each Pok\u00e9mon\n|rule|Item Clause: Limit 1 of each item\n|clearpoke\n|poke|p1|Miraidon, L50|\n|poke|p1|Zamazenta-*, L50|\n|poke|p1|Grimmsnarl, L50, M|\n|poke|p1|Volcarona, L50, F|\n|poke|p1|Landorus, L50, M|\n|poke|p1|Ditto, L50|\n|poke|p2|Zamazenta-*, L50|\n|poke|p2|Lunala, L50|\n|poke|p2|Chien-Pao, L50|\n|poke|p2|Dragonite, L50, M|\n|poke|p2|Chi-Yu, L50|\n|poke|p2|Urshifu-*, L50, M|\n|teampreview|4\n|inactive|Battle timer is ON: inactive players will automatically lose when time's up. (requested by soten soten)\n|inactive|kojimuranishi has 60 seconds left.\n|inactive|kojimuranishi has 30 seconds left.\n|inactive|kojimuranishi has 20 seconds left.\n|inactive|kojimuranishi has 15 seconds left.\n|inactive|kojimuranishi has 10 seconds left.\n|inactive|kojimuranishi has 5 seconds left.\n|\n|t:|1768393450\n|teamsize|p1|4\n|teamsize|p2|4\n|start\n|switch|p1a: Miraidon|Miraidon, L50|100/100\n|switch|p1b: Grimmsnarl|Grimmsnarl, L50, M|100/100\n|switch|p2a: Zamazenta|Zamazenta-Crowned, L50|100/100\n|switch|p2b: Lunala|Lunala, L50|100/100\n|-fieldstart|move: Electric Terrain|[from] ability: Hadron Engine|[of] p1a: Miraidon\n|-ability|p2a: Zamazenta|Dauntless Shield|boost\n|-boost|p2a: Zamazenta|def|1\n|turn|1\n|\n|t:|1768393470\n|move|p1b: Grimmsnarl|Fake Out|p2a: Zamazenta\n|-resisted|p2a: Zamazenta\n|-damage|p2a: Zamazenta|98/100\n|move|p1a: Miraidon|Electro Drift|p2b: Lunala\n|-crit|p2b: Lunala\n|-damage|p2b: Lunala|54/100\n|cant|p2a: Zamazenta|flinch\n|move|p2b: Lunala|Moonblast|p1b: Grimmsnarl\n|-supereffective|p1b: Grimmsnarl\n|-damage|p1b: Grimmsnarl|38/100\n|\n|upkeep\n|turn|2\n|\n|t:|1768393489\n|move|p1b: Grimmsnarl|Thunder Wave|p2a: Zamazenta\n|-status|p2a: Zamazenta|par\n|move|p1a: Miraidon|Electro Drift|p2b: Lunala\n|-damage|p2b: Lunala|0 fnt\n|faint|p2b: Lunala\n|move|p2a: Zamazenta|Behemoth Bash|p1b: Grimmsnarl\n|-supereffective|p1b: Grimmsnarl\n|-damage|p1b: Grimmsnarl|0 fnt\n|faint|p1b: Grimmsnarl\n|\n|upkeep\n|\n|t:|1768393503\n|switch|p2b: Chien-Pao|Chien-Pao, L50|100/100\n|switch|p1b: Volcarona|Volcarona, L50, F|100/100\n|-ability|p2b: Chien-Pao|Sword of Ruin\n|-enditem|p1b: Volcarona|Electric Seed\n|-boost|p1b: Volcarona|def|1|[from] item: Electric Seed\n|turn|3\n|\n|t:|1768393522\n|-terastallize|p1a: Miraidon|Electric\n|move|p2b: Chien-Pao|Protect|p2b: Chien-Pao\n|-singleturn|p2b: Chien-Pao|Protect\n|move|p1a: Miraidon|Volt Switch|p2b: Chien-Pao\n|-activate|p2b: Chien-Pao|move: Protect\n|move|p1b: Volcarona|Quiver Dance|p1b: Volcarona\n|-boost|p1b: Volcarona|spa|1\n|-boost|p1b: Volcarona|spd|1\n|-boost|p1b: Volcarona|spe|1\n|move|p2a: Zamazenta|Body Press|p1a: Miraidon\n|-damage|p1a: Miraidon|28/100\n|\n|upkeep\n|turn|4\n|\n|t:|1768393543\n|move|p2b: Chien-Pao|Sucker Punch|p1a: Miraidon\n|-damage|p1a: Miraidon|0 fnt\n|faint|p1a: Miraidon\n|-damage|p2b: Chien-Pao|91/100|[from] item: Life Orb\n|move|p1b: Volcarona|Fiery Dance|p2a: Zamazenta\n|-supereffective|p2a: Zamazenta\n|-damage|p2a: Zamazenta|29/100 par\n|-boost|p1b: Volcarona|spa|1\n|move|p2a: Zamazenta|Body Press|p1b: Volcarona\n|-resisted|p1b: Volcarona\n|-damage|p1b: Volcarona|70/100\n|\n|upkeep\n|\n|t:|1768393545\n|switch|p1a: Zamazenta|Zamazenta-Crowned, L50|100/100\n|-ability|p1a: Zamazenta|Dauntless Shield|boost\n|-boost|p1a: Zamazenta|def|1\n|turn|5\n|inactive|kojimuranishi has 30 seconds left.\n|\n|t:|1768393576\n|-terastallize|p2b: Chien-Pao|Ghost\n|move|p2b: Chien-Pao|Sucker Punch|p1a: Zamazenta\n|-resisted|p1a: Zamazenta\n|-damage|p1a: Zamazenta|89/100\n|-damage|p2b: Chien-Pao|81/100|[from] item: Life Orb\n|move|p1b: Volcarona|Fiery Dance|p2b: Chien-Pao\n|-damage|p2b: Chien-Pao|0 fnt\n|-boost|p1b: Volcarona|spa|1\n|faint|p2b: Chien-Pao\n|move|p1a: Zamazenta|Body Press|p2a: Zamazenta\n|-supereffective|p2a: Zamazenta\n|-damage|p2a: Zamazenta|0 fnt\n|faint|p2a: Zamazenta\n|\n|-fieldend|move: Electric Terrain\n|upkeep\n|\n|t:|1768393593\n|switch|p2b: Dragonite|Dragonite, L50, M|100/100\n|turn|6\n|\n|t:|1768393599\n|move|p1b: Volcarona|Fiery Dance|p2b: Dragonite\n|-resisted|p2b: Dragonite\n|-damage|p2b: Dragonite|80/100\n|move|p1a: Zamazenta|Body Press|p2b: Dragonite\n|-resisted|p2b: Dragonite\n|-damage|p2b: Dragonite|48/100\n|move|p2b: Dragonite|Rock Slide|p1a: Zamazenta|[spread] p1a,p1b\n|-resisted|p1a: Zamazenta\n|-supereffective|p1b: Volcarona\n|-damage|p1a: Zamazenta|86/100\n|-damage|p1b: Volcarona|0 fnt\n|faint|p1b: Volcarona\n|\n|upkeep\n|turn|7\n|\n|t:|1768393614\n|move|p1a: Zamazenta|Behemoth Bash|p2b: Dragonite\n|-damage|p2b: Dragonite|6/100\n|move|p2b: Dragonite|Rock Slide|p1a: Zamazenta\n|-resisted|p1a: Zamazenta\n|-damage|p1a: Zamazenta|82/100\n|\n|upkeep\n|turn|8\n|\n|t:|1768393620\n|move|p1a: Zamazenta|Behemoth Bash|p2b: Dragonite\n|-damage|p2b: Dragonite|0 fnt\n|faint|p2b: Dragonite\n|\n|win|soten soten\n|raw|soten soten's rating: 1417 &rarr; <strong>1441</strong><br />(+24 for winning)\n|raw|kojimuranishi's rating: 1496 &rarr; <strong>1472</strong><br />(-24 for losing)\n|l|\u2606soten soten\n|player|p1|\n|l|\u2606kojimuranishi\n|player|p2|\n","uploadtime":1768393806,"views":18,"formatid":"gen9vgc2026regi","rating":1441,"private":0,"password":null}