{"id":"gen9vgc2026regi-2582378084","format":"[Gen 9] VGC 2026 Reg I","players":["kyoshi4","joymaxxing"],"log":"|j|\u2606kyoshi4\n|j|\u2606joymaxxing\n|t:|1776087637\n|gametype|doubles\n|player|p1|kyoshi4|cynthia-gen4|1545\n|player|p2|joymaxxing|elesa|1460\n|gen|9\n|tier|[Gen 9] VGC 2026 Reg I\n|rated|\n|rule|Species Clause: Limit one of each Pok\u00e9mon\n|rule|Item Clause: Limit 1 of each item\n|clearpoke\n|poke|p1|Chien-Pao, L50|\n|poke|p1|Kyogre, L50|\n|poke|p1|Amoonguss, L50, M|\n|poke|p1|Iron Jugulis, L50|\n|poke|p1|Ditto, L50|\n|poke|p1|Zamazenta-*, L50|\n|poke|p2|Incineroar, L50, M|\n|poke|p2|Amoonguss, L50, F|\n|poke|p2|Farigiraf, L50, F|\n|poke|p2|Ursaluna, L50, F|\n|poke|p2|Koraidon, L50|\n|poke|p2|Lunala, L50|\n|teampreview|4\n|inactive|Battle timer is ON: inactive players will automatically lose when time's up. (requested by kyoshi4)\n|l|\u2606kyoshi4\n|inactive|kyoshi4 disconnected and has a minute to reconnect!\n|player|p1|\n|l|\u2606joymaxxing\n|inactive|joymaxxing disconnected and has a minute to reconnect!\n|player|p2|\n|j|\u2606kyoshi4\n|inactive|kyoshi4 reconnected and has 60 seconds left.\n|player|p1|kyoshi4|cynthia-gen4|\n|j|\u2606joymaxxing\n|inactive|joymaxxing reconnected.\n|player|p2|joymaxxing|elesa|\n|\n|t:|1776087681\n|teamsize|p1|4\n|teamsize|p2|4\n|start\n|switch|p1a: Iron Jugulis|Iron Jugulis, L50|100/100\n|switch|p1b: Zamazenta|Zamazenta-Crowned, L50|100/100\n|switch|p2a: Amoonguss|Amoonguss, L50, F, shiny|100/100\n|switch|p2b: Going Merry|Lunala, L50|100/100\n|-ability|p1b: Zamazenta|Dauntless Shield|boost\n|-boost|p1b: Zamazenta|def|1\n|-enditem|p1a: Iron Jugulis|Booster Energy\n|-activate|p1a: Iron Jugulis|ability: Quark Drive|[fromitem]\n|-start|p1a: Iron Jugulis|quarkdrivespe\n|turn|1\n|\n|t:|1776087703\n|-end|p1a: Iron Jugulis|Quark Drive|[silent]\n|switch|p1a: Amoonguss|Amoonguss, L50, M|100/100\n|-terastallize|p1b: Zamazenta|Grass\n|-terastallize|p2b: Going Merry|Fairy\n|move|p1b: Zamazenta|Behemoth Bash|p2b: Going Merry\n|-supereffective|p2b: Going Merry\n|-damage|p2b: Going Merry|70/100\n|move|p2b: Going Merry|Moonblast|p1a: Amoonguss\n|-resisted|p1a: Amoonguss\n|-damage|p1a: Amoonguss|74/100\n|move|p2a: Amoonguss|Spore|p1b: Zamazenta\n|-immune|p1b: Zamazenta\n|\n|upkeep\n|turn|2\n|inactive|kyoshi4 has 30 seconds left.\n|\n|t:|1776087730\n|move|p1b: Zamazenta|Behemoth Bash|p2a: Amoonguss\n|-crit|p2a: Amoonguss\n|-damage|p2a: Amoonguss|53/100\n|-damage|p1b: Zamazenta|84/100|[from] item: Rocky Helmet|[of] p2a: Amoonguss\n|move|p2b: Going Merry|Moongeist Beam|p1a: Amoonguss\n|-damage|p1a: Amoonguss|22/100\n|move|p2a: Amoonguss|Pollen Puff|p2b: Going Merry\n|-heal|p2b: Going Merry|100/100\n|move|p1a: Amoonguss|Spore|p2b: Going Merry\n|-status|p2b: Going Merry|slp|[from] move: Spore\n|\n|upkeep\n|turn|3\n|\n|t:|1776087755\n|move|p1a: Amoonguss|Protect|p1a: Amoonguss\n|-singleturn|p1a: Amoonguss|Protect\n|move|p1b: Zamazenta|Behemoth Bash|p2a: Amoonguss\n|-crit|p2a: Amoonguss\n|-damage|p2a: Amoonguss|7/100\n|-damage|p1b: Zamazenta|67/100|[from] item: Rocky Helmet|[of] p2a: Amoonguss\n|cant|p2b: Going Merry|slp\n|move|p2a: Amoonguss|Pollen Puff|p1a: Amoonguss\n|-activate|p1a: Amoonguss|move: Protect\n|\n|upkeep\n|turn|4\n|\n|t:|1776087763\n|switch|p1a: Kyogre|Kyogre, L50|100/100\n|-weather|RainDance|[from] ability: Drizzle|[of] p1a: Kyogre\n|move|p2a: Amoonguss|Protect|p2a: Amoonguss\n|-singleturn|p2a: Amoonguss|Protect\n|move|p1b: Zamazenta|Body Press|p2a: Amoonguss\n|-activate|p2a: Amoonguss|move: Protect\n|cant|p2b: Going Merry|slp\n|\n|-weather|RainDance|[upkeep]\n|upkeep\n|turn|5\n|\n|t:|1776087780\n|switch|p2a: Thousand Sunny|Koraidon, L50|100/100\n|-weather|SunnyDay|[from] ability: Orichalcum Pulse|[of] p2a: Thousand Sunny\n|-activate|p2a: Thousand Sunny|Orichalcum Pulse|[source]\n|move|p1b: Zamazenta|Body Press|p2b: Going Merry\n|-resisted|p2b: Going Merry\n|-damage|p2b: Going Merry|86/100 slp\n|move|p1a: Kyogre|Water Spout|p2a: Thousand Sunny|[spread] p2a,p2b\n|-resisted|p2a: Thousand Sunny\n|-damage|p2a: Thousand Sunny|78/100\n|-damage|p2b: Going Merry|61/100 slp\n|cant|p2b: Going Merry|slp\n|\n|-weather|SunnyDay|[upkeep]\n|upkeep\n|turn|6\n|\n|t:|1776087793\n|switch|p1a: Iron Jugulis|Iron Jugulis, L50|100/100\n|move|p1b: Zamazenta|Protect|p1b: Zamazenta\n|-singleturn|p1b: Zamazenta|Protect\n|move|p2a: Thousand Sunny|Close Combat|p1a: Iron Jugulis\n|-damage|p1a: Iron Jugulis|3/100\n|-unboost|p2a: Thousand Sunny|def|1\n|-unboost|p2a: Thousand Sunny|spd|1\n|-damage|p2a: Thousand Sunny|69/100|[from] item: Life Orb\n|-curestatus|p2b: Going Merry|slp|[msg]\n|move|p2b: Going Merry|Moongeist Beam|p1a: Iron Jugulis\n|-resisted|p1a: Iron Jugulis\n|-damage|p1a: Iron Jugulis|0 fnt\n|faint|p1a: Iron Jugulis\n|-end|p1a: Iron Jugulis|Quark Drive|[silent]\n|\n|-weather|SunnyDay|[upkeep]\n|upkeep\n|\n|t:|1776087808\n|switch|p1a: Kyogre|Kyogre, L50|100/100\n|-weather|RainDance|[from] ability: Drizzle|[of] p1a: Kyogre\n|turn|7\n|\n|t:|1776087817\n|switch|p2a: Jewelry Margherita|Incineroar, L50, M, shiny|100/100\n|-ability|p2a: Jewelry Margherita|Intimidate|boost\n|-unboost|p1a: Kyogre|atk|1\n|-unboost|p1b: Zamazenta|atk|1\n|move|p2b: Going Merry|Wide Guard|p2b: Going Merry\n|-singleturn|p2b: Going Merry|Wide Guard\n|move|p1b: Zamazenta|Body Press|p2a: Jewelry Margherita\n|-supereffective|p2a: Jewelry Margherita\n|-damage|p2a: Jewelry Margherita|0 fnt\n|faint|p2a: Jewelry Margherita\n|move|p1a: Kyogre|Hydro Pump|p2b: Going Merry\n|-damage|p2b: Going Merry|0 fnt\n|faint|p2b: Going Merry\n|\n|-weather|RainDance|[upkeep]\n|upkeep\n|\n|t:|1776087822\n|switch|p2b: Thousand Sunny|Koraidon, L50|69/100\n|switch|p2a: Amoonguss|Amoonguss, L50, F, shiny|40/100\n|-weather|SunnyDay|[from] ability: Orichalcum Pulse|[of] p2b: Thousand Sunny\n|-activate|p2b: Thousand Sunny|Orichalcum Pulse|[source]\n|turn|8\n|\n|t:|1776087833\n|switch|p1a: Amoonguss|Amoonguss, L50, M|55/100\n|move|p1b: Zamazenta|Protect|p1b: Zamazenta\n|-singleturn|p1b: Zamazenta|Protect\n|move|p2b: Thousand Sunny|Close Combat|p1a: Amoonguss\n|-resisted|p1a: Amoonguss\n|-damage|p1a: Amoonguss|15/100\n|-unboost|p2b: Thousand Sunny|def|1\n|-unboost|p2b: Thousand Sunny|spd|1\n|-damage|p2b: Thousand Sunny|52/100|[from] item: Rocky Helmet|[of] p1a: Amoonguss\n|-damage|p2b: Thousand Sunny|43/100|[from] item: Life Orb\n|move|p2a: Amoonguss|Pollen Puff|p2b: Thousand Sunny\n|-heal|p2b: Thousand Sunny|93/100\n|\n|-weather|SunnyDay|[upkeep]\n|upkeep\n|turn|9\n|\n|t:|1776087847\n|move|p2a: Amoonguss|Rage Powder|p2a: Amoonguss\n|-singleturn|p2a: Amoonguss|move: Rage Powder\n|move|p1a: Amoonguss|Rage Powder|p1a: Amoonguss\n|-singleturn|p1a: Amoonguss|move: Rage Powder\n|move|p2b: Thousand Sunny|Flame Charge|p1a: Amoonguss\n|-supereffective|p1a: Amoonguss\n|-damage|p1a: Amoonguss|0 fnt\n|-boost|p2b: Thousand Sunny|spe|1\n|-damage|p2b: Thousand Sunny|76/100|[from] item: Rocky Helmet|[of] p1a: Amoonguss\n|faint|p1a: Amoonguss\n|-damage|p2b: Thousand Sunny|66/100|[from] item: Life Orb\n|move|p1b: Zamazenta|Body Press|p2b: Thousand Sunny\n|-damage|p2b: Thousand Sunny|0 fnt\n|faint|p2b: Thousand Sunny\n|\n|-weather|SunnyDay|[upkeep]\n|upkeep\n|\n|t:|1776087851\n|switch|p1a: Kyogre|Kyogre, L50|100/100\n|-weather|RainDance|[from] ability: Drizzle|[of] p1a: Kyogre\n|turn|10\n|-message|joymaxxing forfeited.\n|\n|win|kyoshi4\n|raw|kyoshi4's rating: 1545 &rarr; <strong>1560</strong><br />(+15 for winning)\n|raw|joymaxxing's rating: 1460 &rarr; <strong>1445</strong><br />(-15 for losing)\n|l|\u2606joymaxxing\n|player|p2|\n|l|\u2606kyoshi4\n|player|p1|\n|j|\u2606kyoshi4\n|player|p1|kyoshi4|cynthia-gen4|\n|l|\u2606kyoshi4\n|player|p1|\n","uploadtime":1776087865,"views":108,"formatid":"gen9vgc2026regi","rating":1445,"private":0,"password":null}