{"id":"gen9vgc2026regi-2565418861","format":"[Gen 9] VGC 2026 Reg I","players":["cpxigao","Voth"],"log":"|j|\u2606cpxigao\n|j|\u2606Voth\n|t:|1774273646\n|gametype|doubles\n|player|p1|cpxigao|102|1477\n|player|p2|Voth|dawn|1370\n|gen|9\n|tier|[Gen 9] VGC 2026 Reg I\n|rated|\n|rule|Species Clause: Limit one of each Pok\u00e9mon\n|rule|Item Clause: Limit 1 of each item\n|clearpoke\n|poke|p1|Terapagos, L50, M|\n|poke|p1|Lunala, L50|\n|poke|p1|Smeargle, L50, F|\n|poke|p1|Weezing-Galar, L50, F|\n|poke|p1|Murkrow, L50, M|\n|poke|p1|Ursaluna, L50, M|\n|poke|p2|Urshifu-*, L50, M|\n|poke|p2|Calyrex-Ice, L50|\n|poke|p2|Tornadus, L50, M|\n|poke|p2|Landorus, L50, M|\n|poke|p2|Rillaboom, L50, F|\n|poke|p2|Kyogre, L50|\n|teampreview|4\n|\n|t:|1774273666\n|teamsize|p1|4\n|teamsize|p2|4\n|start\n|switch|p1a: Murkrow|Murkrow, L50, M|100/100\n|switch|p1b: Weezing|Weezing-Galar, L50, F|100/100\n|switch|p2a: Sevro|Urshifu-Rapid-Strike, L50, M|100/100\n|switch|p2b: Cassius|Tornadus, L50, M|100/100\n|-ability|p1b: Weezing|Neutralizing Gas\n|-block|p1a: Murkrow|item: Ability Shield\n|turn|1\n|inactive|Battle timer is ON: inactive players will automatically lose when time's up. (requested by Voth)\n|\n|t:|1774273721\n|-terastallize|p2a: Sevro|Water\n|move|p1a: Murkrow|Tailwind|p1a: Murkrow\n|-sidestart|p1: cpxigao|move: Tailwind\n|move|p1b: Weezing|Taunt|p2b: Cassius\n|-start|p2b: Cassius|move: Taunt\n|move|p2a: Sevro|Surging Strikes|p1b: Weezing\n|-crit|p1b: Weezing\n|-damage|p1b: Weezing|54/100\n|-crit|p1b: Weezing\n|-damage|p1b: Weezing|5/100\n|-crit|p1b: Weezing\n|-damage|p1b: Weezing|0 fnt\n|faint|p1b: Weezing\n|-end|p1b: Weezing|ability: Neutralizing Gas\n|-hitcount|p1: Weezing|3\n|cant|p2b: Cassius|move: Taunt|Rain Dance\n|\n|upkeep\n|\n|t:|1774273740\n|switch|p1b: Smeargle|Smeargle, L50, F|100/100\n|turn|2\n|inactive|cpxigao has 30 seconds left.\n|\n|t:|1774273767\n|switch|p1a: Terapagos|Terapagos, L50, M|100/100\n|-activate|p1a: Terapagos|ability: Tera Shift\n|detailschange|p1a: Terapagos|Terapagos-Terastal, L50, M\n|-heal|p1a: Terapagos|100/100|[silent]\n|switch|p2a: Mustang|Calyrex-Ice, L50|100/100\n|-ability|p2a: Mustang|As One\n|-ability|p2a: Mustang|Unnerve\n|move|p1b: Smeargle|Decorate|p1a: Terapagos\n|-boost|p1a: Terapagos|atk|2\n|-boost|p1a: Terapagos|spa|2\n|move|p2b: Cassius|Bleakwind Storm|p1b: Smeargle|[spread] p1a,p1b\n|-activate|p1a: Terapagos|ability: Tera Shell\n|-resisted|p1a: Terapagos\n|-damage|p1a: Terapagos|83/100\n|-damage|p1b: Smeargle|30/100\n|\n|upkeep\n|turn|3\n|inactive|Voth has 30 seconds left.\n|\n|t:|1774273796\n|-terastallize|p1a: Terapagos|Stellar\n|detailschange|p1a: Terapagos|Terapagos-Stellar, L50, M, tera:Stellar\n|-heal|p1a: Terapagos|88/100|[silent]\n|move|p2a: Mustang|Protect|p2a: Mustang\n|-singleturn|p2a: Mustang|Protect\n|move|p1b: Smeargle|Decorate|p1a: Terapagos\n|-boost|p1a: Terapagos|atk|2\n|-boost|p1a: Terapagos|spa|2\n|move|p1a: Terapagos|Tera Starstorm|p2b: Cassius|[spread] p2b\n|-activate|p2a: Mustang|move: Protect\n|-damage|p2b: Cassius|0 fnt\n|faint|p2b: Cassius\n|\n|upkeep\n|\n|t:|1774273817\n|switch|p2b: Victra|Kyogre, L50|100/100\n|-weather|RainDance|[from] ability: Drizzle|[of] p2b: Victra\n|turn|4\n|\n|t:|1774273827\n|move|p2b: Victra|Protect|p2b: Victra\n|-singleturn|p2b: Victra|Protect\n|move|p1b: Smeargle|Feint|p2b: Victra\n|-activate|p2b: Victra|move: Feint\n|-damage|p2b: Victra|97/100\n|move|p1a: Terapagos|Tera Starstorm|p2b: Victra|[spread] p2a,p2b\n|-crit|p2a: Mustang\n|-damage|p2a: Mustang|0 fnt\n|-damage|p2b: Victra|0 fnt\n|faint|p2a: Mustang\n|faint|p2b: Victra\n|\n|-weather|RainDance|[upkeep]\n|-sideend|p1: cpxigao|move: Tailwind\n|upkeep\n|\n|t:|1774273837\n|switch|p2b: Sevro|Urshifu-Rapid-Strike, L50, M, tera:Water|100/100\n|turn|5\n|\n|t:|1774273848\n|move|p1b: Smeargle|Follow Me|p1b: Smeargle\n|-singleturn|p1b: Smeargle|move: Follow Me\n|move|p2b: Sevro|Surging Strikes|p1b: Smeargle\n|-crit|p1b: Smeargle\n|-damage|p1b: Smeargle|0 fnt\n|faint|p1b: Smeargle\n|-hitcount|p1: Smeargle|1\n|move|p1a: Terapagos|Tera Starstorm|p2b: Sevro\n|-supereffective|p2b: Sevro\n|-damage|p2b: Sevro|0 fnt\n|faint|p2b: Sevro\n|\n|win|cpxigao\n|raw|cpxigao's rating: 1477 &rarr; <strong>1491</strong><br />(+14 for winning)\n|raw|Voth's rating: 1370 &rarr; <strong>1356</strong><br />(-14 for losing)\n|l|\u2606cpxigao\n|player|p1|\n","uploadtime":1774274061,"views":14,"formatid":"gen9vgc2026regi","rating":1356,"private":0,"password":null}