{"id":"gen9vgc2026regi-2558489331","format":"[Gen 9] VGC 2026 Reg I","players":["Shagrathisbeast","RavenSMG"],"log":"|j|\u2606Shagrathisbeast\n|j|\u2606RavenSMG\n|t:|1773439734\n|gametype|doubles\n|player|p1|Shagrathisbeast|steven|1439\n|player|p2|RavenSMG|caitlin|1433\n|gen|9\n|tier|[Gen 9] VGC 2026 Reg I\n|rated|\n|rule|Species Clause: Limit one of each Pok\u00e9mon\n|rule|Item Clause: Limit 1 of each item\n|clearpoke\n|poke|p1|Giratina-Origin, L50|\n|poke|p1|Zamazenta-*, L50|\n|poke|p1|Chien-Pao, L50|\n|poke|p1|Urshifu-*, L50, M|\n|poke|p1|Rillaboom, L50, M|\n|poke|p1|Entei, L50|\n|poke|p2|Terapagos, L50, M|\n|poke|p2|Rillaboom, L50, F|\n|poke|p2|Incineroar, L50, M|\n|poke|p2|Urshifu-*, L50, F|\n|poke|p2|Amoonguss, L50, F|\n|poke|p2|Calyrex-Shadow, L50|\n|teampreview|4\n|inactive|Battle timer is ON: inactive players will automatically lose when time's up. (requested by RavenSMG)\n|\n|t:|1773439783\n|teamsize|p1|4\n|teamsize|p2|4\n|start\n|switch|p1a: Chien-Pao|Chien-Pao, L50, shiny|100/100\n|switch|p1b: Entei|Entei, L50|100/100\n|switch|p2a: Urshifu|Urshifu-Rapid-Strike, L50, F|100/100\n|switch|p2b: Calyrex|Calyrex-Shadow, L50|100/100\n|-ability|p2b: Calyrex|As One\n|-ability|p2b: Calyrex|Unnerve\n|-ability|p1a: Chien-Pao|Sword of Ruin\n|turn|1\n|inactive|Shagrathisbeast has 30 seconds left.\n|\n|t:|1773439814\n|switch|p2b: Incineroar|Incineroar, L50, M|100/100\n|-ability|p2b: Incineroar|Intimidate|boost\n|-unboost|p1a: Chien-Pao|atk|1\n|-fail|p1b: Entei|unboost|Attack|[from] ability: Inner Focus|[of] p1b: Entei\n|-terastallize|p1b: Entei|Normal\n|move|p1a: Chien-Pao|Sucker Punch||[still]\n|-fail|p1a: Chien-Pao\n|move|p2a: Urshifu|Close Combat|p1a: Chien-Pao\n|-supereffective|p1a: Chien-Pao\n|-enditem|p1a: Chien-Pao|Focus Sash\n|-damage|p1a: Chien-Pao|1/100\n|-unboost|p2a: Urshifu|def|1\n|-unboost|p2a: Urshifu|spd|1\n|move|p1b: Entei|Sacred Fire|p2a: Urshifu\n|-resisted|p2a: Urshifu\n|-damage|p2a: Urshifu|43/100\n|-status|p2a: Urshifu|brn\n|-damage|p1b: Entei|91/100|[from] item: Life Orb\n|\n|-damage|p2a: Urshifu|37/100 brn|[from] brn\n|upkeep\n|turn|2\n|\n|t:|1773439839\n|move|p1a: Chien-Pao|Protect|p1a: Chien-Pao\n|-singleturn|p1a: Chien-Pao|Protect\n|move|p2b: Incineroar|Fake Out|p1b: Entei\n|-damage|p1b: Entei|75/100\n|move|p1b: Entei|Extreme Speed|p2a: Urshifu\n|-damage|p2a: Urshifu|0 fnt\n|faint|p2a: Urshifu\n|-damage|p1b: Entei|66/100|[from] item: Life Orb\n|\n|upkeep\n|\n|t:|1773439851\n|switch|p2a: Calyrex|Calyrex-Shadow, L50|100/100\n|-ability|p2a: Calyrex|As One\n|-ability|p2a: Calyrex|Unnerve\n|turn|3\n|\n|t:|1773439866\n|move|p1a: Chien-Pao|Sucker Punch||[still]\n|-fail|p1a: Chien-Pao\n|move|p2a: Calyrex|Will-O-Wisp|p1b: Entei\n|-status|p1b: Entei|brn\n|move|p1b: Entei|Stone Edge|p2b: Incineroar|[miss]\n|-miss|p1b: Entei|p2b: Incineroar\n|move|p2b: Incineroar|Knock Off|p1a: Chien-Pao\n|-resisted|p1a: Chien-Pao\n|-damage|p1a: Chien-Pao|0 fnt\n|faint|p1a: Chien-Pao\n|\n|-damage|p1b: Entei|60/100 brn|[from] brn\n|upkeep\n|\n|t:|1773439886\n|switch|p1a: Giratina|Giratina-Origin, L50, shiny|100/100\n|turn|4\n|\n|t:|1773439897\n|move|p1a: Giratina|Protect|p1a: Giratina\n|-singleturn|p1a: Giratina|Protect\n|move|p2a: Calyrex|Astral Barrage|p1b: Entei|[spread] \n|-activate|p1a: Giratina|move: Protect\n|-immune|p1b: Entei\n|move|p1b: Entei|Stone Edge|p2b: Incineroar\n|-supereffective|p2b: Incineroar\n|-damage|p2b: Incineroar|72/100\n|-damage|p1b: Entei|50/100 brn|[from] item: Life Orb\n|move|p2b: Incineroar|Knock Off|p1a: Giratina\n|-activate|p1a: Giratina|move: Protect\n|\n|-damage|p1b: Entei|44/100 brn|[from] brn\n|upkeep\n|turn|5\n|inactive|RavenSMG has 30 seconds left.\n|inactive|RavenSMG has 20 seconds left.\n|\n|t:|1773439935\n|move|p1a: Giratina|Shadow Sneak|p2a: Calyrex\n|-supereffective|p2a: Calyrex\n|-enditem|p2a: Calyrex|Focus Sash\n|-damage|p2a: Calyrex|1/100\n|move|p2a: Calyrex|Astral Barrage|p1a: Giratina|[spread] p1a\n|-immune|p1b: Entei\n|-supereffective|p1a: Giratina\n|-damage|p1a: Giratina|19/100\n|move|p1b: Entei|Sacred Fire|p2a: Calyrex\n|-damage|p2a: Calyrex|0 fnt\n|faint|p2a: Calyrex\n|-damage|p1b: Entei|35/100 brn|[from] item: Life Orb\n|move|p2b: Incineroar|Knock Off|p1a: Giratina\n|-supereffective|p1a: Giratina\n|-damage|p1a: Giratina|0 fnt\n|faint|p1a: Giratina\n|\n|-damage|p1b: Entei|29/100 brn|[from] brn\n|upkeep\n|\n|t:|1773439950\n|switch|p2a: Terapagos|Terapagos, L50, M|100/100\n|switch|p1a: Zamazenta|Zamazenta-Crowned, L50, shiny|100/100\n|-activate|p2a: Terapagos|ability: Tera Shift\n|detailschange|p2a: Terapagos|Terapagos-Terastal, L50, M\n|-heal|p2a: Terapagos|100/100|[silent]\n|-ability|p1a: Zamazenta|Dauntless Shield|boost\n|-boost|p1a: Zamazenta|def|1\n|turn|6\n|\n|t:|1773439963\n|move|p1a: Zamazenta|Protect|p1a: Zamazenta\n|-singleturn|p1a: Zamazenta|Protect\n|move|p1b: Entei|Sacred Fire|p2a: Terapagos\n|-activate|p2a: Terapagos|ability: Tera Shell\n|-resisted|p2a: Terapagos\n|-damage|p2a: Terapagos|91/100\n|-damage|p1b: Entei|19/100 brn|[from] item: Life Orb\n|move|p2a: Terapagos|Calm Mind|p2a: Terapagos\n|-boost|p2a: Terapagos|spa|1\n|-boost|p2a: Terapagos|spd|1\n|move|p2b: Incineroar|Will-O-Wisp|p1a: Zamazenta\n|-activate|p1a: Zamazenta|move: Protect\n|\n|-heal|p2a: Terapagos|97/100|[from] item: Leftovers\n|-damage|p1b: Entei|13/100 brn|[from] brn\n|upkeep\n|turn|7\n|\n|t:|1773439979\n|move|p2a: Terapagos|Protect|p2a: Terapagos\n|-singleturn|p2a: Terapagos|Protect\n|move|p1a: Zamazenta|Body Press|p2b: Incineroar\n|-supereffective|p2b: Incineroar\n|-damage|p2b: Incineroar|0 fnt\n|faint|p2b: Incineroar\n|move|p1b: Entei|Sacred Fire|p2a: Terapagos\n|-activate|p2a: Terapagos|move: Protect\n|\n|-heal|p2a: Terapagos|100/100|[from] item: Leftovers\n|-damage|p1b: Entei|7/100 brn|[from] brn\n|upkeep\n|turn|8\n|\n|t:|1773439994\n|move|p1a: Zamazenta|Iron Defense|p1a: Zamazenta\n|-boost|p1a: Zamazenta|def|2\n|move|p1b: Entei|Sacred Fire|p2a: Terapagos\n|-activate|p2a: Terapagos|ability: Tera Shell\n|-resisted|p2a: Terapagos\n|-damage|p2a: Terapagos|91/100\n|-status|p2a: Terapagos|brn\n|-damage|p1b: Entei|0 fnt|[from] item: Life Orb\n|faint|p1b: Entei\n|move|p2a: Terapagos|Earth Power|p1a: Zamazenta\n|-supereffective|p1a: Zamazenta\n|-damage|p1a: Zamazenta|49/100\n|\n|-heal|p2a: Terapagos|97/100 brn|[from] item: Leftovers\n|-damage|p2a: Terapagos|91/100 brn|[from] brn\n|upkeep\n|turn|9\n|\n|t:|1773440009\n|-terastallize|p2a: Terapagos|Stellar\n|detailschange|p2a: Terapagos|Terapagos-Stellar, L50, M, tera:Stellar\n|-heal|p2a: Terapagos|93/100 brn|[silent]\n|move|p1a: Zamazenta|Body Press|p2a: Terapagos\n|-supereffective|p2a: Terapagos\n|-damage|p2a: Terapagos|0 fnt\n|faint|p2a: Terapagos\n|detailschange|p2: Terapagos|Terapagos, L50, M|[silent]\n|\n|win|Shagrathisbeast\n|raw|Shagrathisbeast's rating: 1439 &rarr; <strong>1459</strong><br />(+20 for winning)\n|raw|RavenSMG's rating: 1433 &rarr; <strong>1413</strong><br />(-20 for losing)\n|l|\u2606RavenSMG\n|player|p2|\n|l|\u2606Shagrathisbeast\n|player|p1|\n","uploadtime":1773440155,"views":14,"formatid":"gen9vgc2026regi","rating":1413,"private":0,"password":null}