{"id":"gen9vgc2026regi-2575216549","format":"[Gen 9] VGC 2026 Reg I","players":["wat2199","Justiceforgreninja"],"log":"|j|\u2606wat2199\n|j|\u2606Justiceforgreninja\n|t:|1775329929\n|gametype|doubles\n|player|p1|wat2199|policeman-gen4|1237\n|player|p2|Justiceforgreninja|1|1346\n|gen|9\n|tier|[Gen 9] VGC 2026 Reg I\n|rated|\n|rule|Species Clause: Limit one of each Pok\u00e9mon\n|rule|Item Clause: Limit 1 of each item\n|clearpoke\n|poke|p1|Glimmora, L50, F|\n|poke|p1|Amoonguss, L50, F|\n|poke|p1|Zamazenta-*, L50|\n|poke|p1|Rillaboom, L50, M|\n|poke|p1|Calyrex-Shadow, L50|\n|poke|p1|Flutter Mane, L50|\n|poke|p2|Miraidon, L50|\n|poke|p2|Farigiraf, L50, F|\n|poke|p2|Incineroar, L50, F|\n|poke|p2|Koraidon, L50|\n|poke|p2|Flutter Mane, L50|\n|poke|p2|Ogerpon-Cornerstone, L50, F|\n|teampreview|4\n|\n|t:|1775329960\n|teamsize|p1|4\n|teamsize|p2|4\n|start\n|switch|p1a: Glimmora|Glimmora, L50, F|100/100\n|switch|p1b: Calyrex|Calyrex-Shadow, L50|100/100\n|switch|p2a: Koraidon|Koraidon, L50|100/100\n|switch|p2b: Flutter Mane|Flutter Mane, L50|100/100\n|-ability|p1b: Calyrex|As One\n|-ability|p1b: Calyrex|Unnerve\n|-weather|SunnyDay|[from] ability: Orichalcum Pulse|[of] p2a: Koraidon\n|-activate|p2b: Flutter Mane|ability: Protosynthesis\n|-start|p2b: Flutter Mane|protosynthesisspe\n|-activate|p2a: Koraidon|Orichalcum Pulse|[source]\n|turn|1\n|\n|t:|1775330003\n|switch|p1b: Rillaboom|Rillaboom, L50, M|100/100\n|-fieldstart|move: Grassy Terrain|[from] ability: Grassy Surge|[of] p1b: Rillaboom\n|-terastallize|p1a: Glimmora|Grass\n|move|p2a: Koraidon|Protect|p2a: Koraidon\n|-singleturn|p2a: Koraidon|Protect\n|move|p2b: Flutter Mane|Icy Wind|p1a: Glimmora|[spread] p1a\n|-miss|p2b: Flutter Mane|p1b: Rillaboom\n|-supereffective|p1a: Glimmora\n|-damage|p1a: Glimmora|75/100\n|-unboost|p1a: Glimmora|spe|1\n|move|p1a: Glimmora|Dazzling Gleam|p2a: Koraidon|[spread] p2b\n|-activate|p2a: Koraidon|move: Protect\n|-damage|p2b: Flutter Mane|83/100\n|\n|-weather|SunnyDay|[upkeep]\n|-heal|p2b: Flutter Mane|89/100|[from] Grassy Terrain\n|-heal|p1a: Glimmora|81/100|[from] Grassy Terrain\n|upkeep\n|turn|2\n|\n|t:|1775330027\n|-end|p2b: Flutter Mane|Protosynthesis|[silent]\n|switch|p2b: Incineroar|Incineroar, L50, F|100/100\n|-ability|p2b: Incineroar|Intimidate|boost\n|-unboost|p1a: Glimmora|atk|1\n|-unboost|p1b: Rillaboom|atk|1\n|-terastallize|p2a: Koraidon|Fire\n|move|p1b: Rillaboom|Fake Out|p2a: Koraidon\n|-damage|p2a: Koraidon|92/100\n|cant|p2a: Koraidon|flinch\n|move|p1a: Glimmora|Dazzling Gleam|p2b: Incineroar|[spread] p2a,p2b\n|-resisted|p2a: Koraidon\n|-crit|p2b: Incineroar\n|-damage|p2a: Koraidon|83/100\n|-damage|p2b: Incineroar|85/100\n|\n|-weather|SunnyDay|[upkeep]\n|-heal|p2a: Koraidon|90/100|[from] Grassy Terrain\n|-heal|p1a: Glimmora|87/100|[from] Grassy Terrain\n|-heal|p2b: Incineroar|91/100|[from] Grassy Terrain\n|upkeep\n|turn|3\n|\n|t:|1775330059\n|move|p2a: Koraidon|Flare Blitz|p1b: Rillaboom\n|-supereffective|p1b: Rillaboom\n|-damage|p1b: Rillaboom|0 fnt\n|faint|p1b: Rillaboom\n|-damage|p2a: Koraidon|51/100|[from] Recoil\n|move|p1a: Glimmora|Meteor Beam||[still]\n|-prepare|p1a: Glimmora|Meteor Beam\n|-boost|p1a: Glimmora|spa|1\n|-enditem|p1a: Glimmora|Power Herb\n|-anim|p1a: Glimmora|Meteor Beam|p2a: Koraidon\n|-supereffective|p2a: Koraidon\n|-damage|p2a: Koraidon|0 fnt\n|faint|p2a: Koraidon\n|move|p2b: Incineroar|U-turn|p1a: Glimmora\n|-supereffective|p1a: Glimmora\n|-damage|p1a: Glimmora|42/100\n|-activate|p1a: Glimmora|ability: Toxic Debris\n|-sidestart|p2: Justiceforgreninja|move: Toxic Spikes\n|\n|t:|1775330063\n|switch|p2b: Flutter Mane|Flutter Mane, L50|89/100|[from] U-turn\n|-status|p2b: Flutter Mane|psn\n|-activate|p2b: Flutter Mane|ability: Protosynthesis\n|-start|p2b: Flutter Mane|protosynthesisspe\n|\n|-weather|SunnyDay|[upkeep]\n|-heal|p2b: Flutter Mane|95/100 psn|[from] Grassy Terrain\n|-heal|p1a: Glimmora|47/100|[from] Grassy Terrain\n|-damage|p2b: Flutter Mane|83/100 psn|[from] psn\n|upkeep\n|\n|t:|1775330084\n|switch|p2a: Miraidon|Miraidon, L50|100/100\n|switch|p1b: Zamazenta|Zamazenta-Crowned, L50|100/100\n|-ability|p1b: Zamazenta|Dauntless Shield|boost\n|-boost|p1b: Zamazenta|def|1\n|-status|p2a: Miraidon|psn\n|-fieldstart|move: Electric Terrain|[from] ability: Hadron Engine|[of] p2a: Miraidon\n|turn|4\n|\n|t:|1775330104\n|move|p1a: Glimmora|Spiky Shield|p1a: Glimmora\n|-singleturn|p1a: Glimmora|move: Protect\n|move|p2b: Flutter Mane|Moonblast|p1a: Glimmora\n|-activate|p1a: Glimmora|move: Protect\n|move|p1b: Zamazenta|Body Press|p2a: Miraidon\n|-crit|p2a: Miraidon\n|-damage|p2a: Miraidon|0 fnt\n|faint|p2a: Miraidon\n|\n|-weather|SunnyDay|[upkeep]\n|-damage|p2b: Flutter Mane|71/100 psn|[from] psn\n|upkeep\n|\n|t:|1775330112\n|switch|p2a: Incineroar|Incineroar, L50, F|91/100\n|-status|p2a: Incineroar|psn\n|-ability|p2a: Incineroar|Intimidate|boost\n|-unboost|p1a: Glimmora|atk|1\n|-unboost|p1b: Zamazenta|atk|1\n|turn|5\n|-message|Justiceforgreninja forfeited.\n|\n|win|wat2199\n|raw|wat2199's rating: 1237 &rarr; <strong>1270</strong><br />(+33 for winning)\n|raw|Justiceforgreninja's rating: 1346 &rarr; <strong>1320</strong><br />(-26 for losing)\n|l|\u2606Justiceforgreninja\n|player|p2|\n","uploadtime":1775330231,"views":9,"formatid":"gen9vgc2026regi","rating":1270,"private":0,"password":null}