{"id":"gen9vgc2026regi-2588708846","format":"[Gen 9] VGC 2026 Reg I","players":["clessvgc","tendgt01"],"log":"|j|\u2606clessvgc\n|j|\u2606tendgt01\n|t:|1776660348\n|gametype|doubles\n|player|p1|clessvgc|proton|1549\n|player|p2|tendgt01|170|1514\n|gen|9\n|tier|[Gen 9] VGC 2026 Reg I\n|rated|\n|rule|Species Clause: Limit one of each Pok\u00e9mon\n|rule|Item Clause: Limit 1 of each item\n|clearpoke\n|poke|p1|Landorus-Therian, L50, M|\n|poke|p1|Calyrex-Shadow, L50|\n|poke|p1|Iron Moth, L50|\n|poke|p1|Tornadus, L50, M|\n|poke|p1|Tinkaton, L50, F|\n|poke|p1|Kyogre, L50|\n|poke|p2|Zamazenta-*, L50|\n|poke|p2|Calyrex-Shadow, L50|\n|poke|p2|Amoonguss, L50, F|\n|poke|p2|Chien-Pao, L50|\n|poke|p2|Dragonite, L50, M|\n|poke|p2|Ogerpon-Cornerstone, L50, F|\n|teampreview|4\n|inactive|Battle timer is ON: inactive players will automatically lose when time's up. (requested by clessvgc)\n|\n|t:|1776660367\n|teamsize|p1|4\n|teamsize|p2|4\n|start\n|switch|p1a: Tinkaton|Tinkaton, L50, F|100/100\n|switch|p1b: Iron Moth|Iron Moth, L50|100/100\n|switch|p2a: Zamazenta|Zamazenta-Crowned, L50|100/100\n|switch|p2b: Calyrex|Calyrex-Shadow, L50|100/100\n|-ability|p2b: Calyrex|As One\n|-ability|p2b: Calyrex|Unnerve\n|-ability|p2a: Zamazenta|Dauntless Shield|boost\n|-boost|p2a: Zamazenta|def|1\n|-ability|p1a: Tinkaton|Mold Breaker\n|turn|1\n|inactive|tendgt01 has 30 seconds left.\n|\n|t:|1776660398\n|move|p1a: Tinkaton|Feint|p2a: Zamazenta\n|-resisted|p2a: Zamazenta\n|-damage|p2a: Zamazenta|99/100\n|move|p2b: Calyrex|Astral Barrage|p1b: Iron Moth|[spread] p1a,p1b\n|-damage|p1a: Tinkaton|74/100\n|-damage|p1b: Iron Moth|44/100\n|move|p1b: Iron Moth|Heat Wave|p2a: Zamazenta|[spread] \n|-miss|p1b: Iron Moth|p2a: Zamazenta\n|-miss|p1b: Iron Moth|p2b: Calyrex\n|move|p2a: Zamazenta|Body Press|p1a: Tinkaton\n|-damage|p1a: Tinkaton|0 fnt\n|faint|p1a: Tinkaton\n|\n|upkeep\n|\n|t:|1776660405\n|switch|p1a: Calyrex|Calyrex-Shadow, L50|100/100\n|-ability|p1a: Calyrex|As One\n|-ability|p1a: Calyrex|Unnerve\n|turn|2\n|\n|t:|1776660420\n|move|p2a: Zamazenta|Wide Guard|p2a: Zamazenta\n|-singleturn|p2a: Zamazenta|Wide Guard\n|move|p1a: Calyrex|Encore|p2a: Zamazenta\n|-start|p2a: Zamazenta|Encore\n|move|p2b: Calyrex|Astral Barrage|p1b: Iron Moth|[spread] p1a,p1b\n|-supereffective|p1a: Calyrex\n|-enditem|p1a: Calyrex|Focus Sash\n|-damage|p1a: Calyrex|1/100\n|-damage|p1b: Iron Moth|0 fnt\n|faint|p1b: Iron Moth\n|-end|p1b: Iron Moth|Quark Drive|[silent]\n|-ability|p2b: Calyrex|Grim Neigh|boost\n|-boost|p2b: Calyrex|spa|1\n|\n|upkeep\n|\n|t:|1776660423\n|switch|p1b: Kyogre|Kyogre, L50|100/100\n|-weather|RainDance|[from] ability: Drizzle|[of] p1b: Kyogre\n|turn|3\n|\n|t:|1776660440\n|-terastallize|p1a: Calyrex|Normal\n|-terastallize|p2b: Calyrex|Ghost\n|move|p1b: Kyogre|Protect|p1b: Kyogre\n|-singleturn|p1b: Kyogre|Protect\n|move|p2a: Zamazenta|Wide Guard|p2a: Zamazenta\n|-singleturn|p2a: Zamazenta|Wide Guard\n|move|p1a: Calyrex|Psychic|p2a: Zamazenta\n|-damage|p2a: Zamazenta|61/100\n|move|p2b: Calyrex|Astral Barrage|p1a: Calyrex|[spread] \n|-activate|p1b: Kyogre|move: Protect\n|-immune|p1a: Calyrex\n|\n|-weather|RainDance|[upkeep]\n|upkeep\n|turn|4\n|\n|t:|1776660464\n|switch|p2a: Dragonite|Dragonite, L50, M|100/100\n|move|p1a: Calyrex|Psychic|p2b: Calyrex\n|-damage|p2b: Calyrex|44/100\n|move|p2b: Calyrex|Astral Barrage|p1b: Kyogre|[spread] p1b\n|-immune|p1a: Calyrex\n|-damage|p1b: Kyogre|7/100\n|move|p1b: Kyogre|Ice Beam|p2b: Calyrex\n|-damage|p2b: Calyrex|9/100\n|\n|-weather|RainDance|[upkeep]\n|upkeep\n|turn|5\n|-message|clessvgc forfeited.\n|\n|win|tendgt01\n|raw|clessvgc's rating: 1549 &rarr; <strong>1527</strong><br />(-22 for losing)\n|raw|tendgt01's rating: 1514 &rarr; <strong>1536</strong><br />(+22 for winning)\n|l|\u2606clessvgc\n|player|p1|\n|l|\u2606tendgt01\n|player|p2|\n","uploadtime":1776660730,"views":11,"formatid":"gen9vgc2026regi","rating":1527,"private":0,"password":null}