{"id":"gen9vgc2026regi-2570060787","format":"[Gen 9] VGC 2026 Reg I","players":["1VLTSQ Joker","terapagosally"],"log":"|raw|<div class=\"broadcast-blue\"><strong>This battle is required to be public due to a player having a name starting with '1vltsq'.</div>\n|j|\u26061VLTSQ Joker\n|j|\u2606terapagosally\n|t:|1774763357\n|gametype|doubles\n|player|p1|1VLTSQ Joker|blue|1533\n|player|p2|terapagosally|1|1505\n|gen|9\n|tier|[Gen 9] VGC 2026 Reg I\n|rated|\n|rule|Species Clause: Limit one of each Pok\u00e9mon\n|rule|Item Clause: Limit 1 of each item\n|clearpoke\n|poke|p1|Calyrex-Ice, L50|\n|poke|p1|Smeargle, L50, F|\n|poke|p1|Kyogre, L50|\n|poke|p1|Maushold, L50|\n|poke|p1|Volcarona, L50, F|\n|poke|p1|Flamigo, L50, F|\n|poke|p2|Amoonguss, L50, F|\n|poke|p2|Calyrex-Ice, L50|\n|poke|p2|Kyogre, L50|\n|poke|p2|Flutter Mane, L50|\n|poke|p2|Urshifu-*, L50, F|\n|poke|p2|Rillaboom, L50, F|\n|teampreview|4\n|\n|t:|1774763415\n|teamsize|p1|4\n|teamsize|p2|4\n|start\n|switch|p1a: Kyogre|Kyogre, L50|100/100\n|switch|p1b: Volcarona|Volcarona, L50, F|100/100\n|switch|p2a: Urshifu|Urshifu-Rapid-Strike, L50, F|100/100\n|switch|p2b: Flutter Mane|Flutter Mane, L50|100/100\n|-weather|RainDance|[from] ability: Drizzle|[of] p1a: Kyogre\n|turn|1\n|\n|t:|1774763431\n|-terastallize|p1a: Kyogre|Water\n|move|p1b: Volcarona|Rage Powder|p1b: Volcarona\n|-singleturn|p1b: Volcarona|move: Rage Powder\n|move|p1a: Kyogre|Water Spout|p2b: Flutter Mane|[spread] p2a,p2b\n|-resisted|p2a: Urshifu\n|-damage|p2a: Urshifu|2/100\n|-enditem|p2b: Flutter Mane|Focus Sash\n|-damage|p2b: Flutter Mane|1/100\n|move|p2a: Urshifu|Close Combat|p1b: Volcarona\n|-resisted|p1b: Volcarona\n|-damage|p1b: Volcarona|69/100\n|-unboost|p2a: Urshifu|def|1\n|-unboost|p2a: Urshifu|spd|1\n|-damage|p2a: Urshifu|0 fnt|[from] item: Rocky Helmet|[of] p1b: Volcarona\n|faint|p2a: Urshifu\n|move|p2b: Flutter Mane|Taunt|p1b: Volcarona\n|-start|p1b: Volcarona|move: Taunt\n|\n|-weather|RainDance|[upkeep]\n|upkeep\n|\n|t:|1774763440\n|switch|p2a: Kyogre|Kyogre, L50|100/100\n|turn|2\n|\n|t:|1774763461\n|move|p1a: Kyogre|Water Spout|p2b: Flutter Mane|[spread] p2a,p2b\n|-resisted|p2a: Kyogre\n|-damage|p2a: Kyogre|50/100\n|-damage|p2b: Flutter Mane|0 fnt\n|faint|p2b: Flutter Mane\n|-end|p2b: Flutter Mane|Protosynthesis|[silent]\n|move|p2a: Kyogre|Water Spout|p1a: Kyogre|[spread] p1a,p1b\n|-resisted|p1a: Kyogre\n|-supereffective|p1b: Volcarona\n|-damage|p1a: Kyogre|75/100\n|-damage|p1b: Volcarona|0 fnt\n|faint|p1b: Volcarona\n|\n|-weather|RainDance|[upkeep]\n|upkeep\n|c|\u2606terapagosally|Lol we both got each other with scarf once tonight\n|\n|t:|1774763490\n|switch|p2b: Calyrex|Calyrex-Ice, L50|100/100\n|switch|p1b: Maushold|Maushold, L50|100/100\n|-ability|p2b: Calyrex|As One\n|-ability|p2b: Calyrex|Unnerve\n|turn|3\n|\n|t:|1774763500\n|move|p2b: Calyrex|Protect|p2b: Calyrex\n|-singleturn|p2b: Calyrex|Protect\n|move|p1a: Kyogre|Water Spout|p2b: Calyrex|[spread] p2a\n|-activate|p2b: Calyrex|move: Protect\n|-resisted|p2a: Kyogre\n|-damage|p2a: Kyogre|13/100\n|move|p1b: Maushold|Population Bomb|p2b: Calyrex\n|-activate|p2b: Calyrex|move: Protect\n|move|p2a: Kyogre|Origin Pulse|p1a: Kyogre|[spread] p1a,p1b\n|-resisted|p1a: Kyogre\n|-damage|p1a: Kyogre|40/100\n|-damage|p1b: Maushold|0 fnt\n|faint|p1b: Maushold\n|\n|-weather|RainDance|[upkeep]\n|upkeep\n|\n|t:|1774763504\n|switch|p1b: Calyrex|Calyrex-Ice, L50|100/100\n|-ability|p1b: Calyrex|As One\n|-ability|p1b: Calyrex|Unnerve\n|turn|4\n|\n|t:|1774763517\n|move|p1a: Kyogre|Water Spout|p2a: Kyogre|[spread] p2a,p2b\n|-resisted|p2a: Kyogre\n|-damage|p2a: Kyogre|0 fnt\n|-damage|p2b: Calyrex|68/100\n|faint|p2a: Kyogre\n|move|p1b: Calyrex|Crunch|p2b: Calyrex\n|-supereffective|p2b: Calyrex\n|-damage|p2b: Calyrex|34/100\n|move|p2b: Calyrex|Leech Seed|p1b: Calyrex|[miss]\n|-miss|p2b: Calyrex|p1b: Calyrex\n|\n|-weather|RainDance|[upkeep]\n|-heal|p2b: Calyrex|40/100|[from] item: Leftovers\n|upkeep\n|turn|5\n|-message|terapagosally forfeited.\n|\n|win|1VLTSQ Joker\n|raw|1VLTSQ Joker's rating: 1533 &rarr; <strong>1551</strong><br />(+18 for winning)\n|raw|terapagosally's rating: 1505 &rarr; <strong>1487</strong><br />(-18 for losing)\n|l|\u2606terapagosally\n|player|p2|\n|l|\u26061VLTSQ Joker\n|player|p1|\n","uploadtime":1774763694,"views":17,"formatid":"gen9vgc2026regi","rating":1487,"private":0,"password":null}