{"id":"gen9vgc2026regi-2547805992","format":"[Gen 9] VGC 2026 Reg I","players":["LechonkBro","jason986"],"log":"|j|\u2606LechonkBro\n|j|\u2606jason986\n|t:|1772133670\n|gametype|doubles\n|player|p1|LechonkBro|266|1483\n|player|p2|jason986|whitney|1397\n|gen|9\n|tier|[Gen 9] VGC 2026 Reg I\n|rated|\n|rule|Species Clause: Limit one of each Pok\u00e9mon\n|rule|Item Clause: Limit 1 of each item\n|clearpoke\n|poke|p1|Chien-Pao, L50|\n|poke|p1|Calyrex-Shadow, L50|\n|poke|p1|Dondozo, L50, M|\n|poke|p1|Zamazenta-*, L50|\n|poke|p1|Dragonite, L50, F|\n|poke|p1|Tatsugiri, L50, M|\n|poke|p2|Calyrex-Ice, L50|\n|poke|p2|Lunala, L50|\n|poke|p2|Ursaluna, L50, F|\n|poke|p2|Torkoal, L50, F|\n|poke|p2|Amoonguss, L50, M|\n|poke|p2|Indeedee-F, L50, F|\n|teampreview|4\n|inactive|Battle timer is ON: inactive players will automatically lose when time's up. (requested by LechonkBro)\n|\n|t:|1772133691\n|teamsize|p1|4\n|teamsize|p2|4\n|start\n|switch|p1a: Dondozo|Dondozo, L50, M|100/100\n|switch|p1b: Calyrex|Calyrex-Shadow, L50|100/100\n|switch|p2a: Lunala|Lunala, L50|100/100\n|switch|p2b: Indeedee|Indeedee-F, L50, F|100/100\n|-ability|p1b: Calyrex|As One\n|-ability|p1b: Calyrex|Unnerve\n|-fieldstart|move: Psychic Terrain|[from] ability: Psychic Surge|[of] p2b: Indeedee\n|turn|1\n|\n|t:|1772133704\n|move|p2b: Indeedee|Follow Me|p2b: Indeedee\n|-singleturn|p2b: Indeedee|move: Follow Me\n|move|p1b: Calyrex|Trick|p2b: Indeedee\n|-activate|p1b: Calyrex|move: Trick|[of] p2b: Indeedee\n|-item|p2b: Indeedee|Choice Scarf|[from] move: Trick\n|-item|p1b: Calyrex|Safety Goggles|[from] move: Trick\n|move|p1a: Dondozo|Substitute|p1a: Dondozo\n|-start|p1a: Dondozo|Substitute\n|-damage|p1a: Dondozo|75/100\n|move|p2a: Lunala|Trick Room|p2a: Lunala\n|-fieldstart|move: Trick Room|[of] p2a: Lunala\n|\n|-heal|p1a: Dondozo|82/100|[from] item: Leftovers\n|upkeep\n|turn|2\n|inactive|jason986 has 30 seconds left.\n|\n|t:|1772133733\n|switch|p2b: Amoonguss|Amoonguss, L50, M|100/100\n|switch|p1b: Tatsugiri|Tatsugiri, L50, M|100/100\n|-activate|p1b: Tatsugiri|ability: Commander|[of] p1a: Dondozo\n|-boost|p1a: Dondozo|atk|2\n|-boost|p1a: Dondozo|spa|2\n|-boost|p1a: Dondozo|spe|2\n|-boost|p1a: Dondozo|def|2\n|-boost|p1a: Dondozo|spd|2\n|-terastallize|p2a: Lunala|Water\n|move|p2a: Lunala|Meteor Beam||[still]\n|-prepare|p2a: Lunala|Meteor Beam\n|-boost|p2a: Lunala|spa|1\n|-enditem|p2a: Lunala|Power Herb\n|-anim|p2a: Lunala|Meteor Beam|p1a: Dondozo\n|-activate|p1a: Dondozo|move: Substitute|[damage]\n|move|p1a: Dondozo|Order Up|p2a: Lunala\n|-damage|p2a: Lunala|84/100\n|-boost|p1a: Dondozo|atk|1\n|\n|-heal|p1a: Dondozo|88/100|[from] item: Leftovers\n|upkeep\n|turn|3\n|inactive|jason986 has 30 seconds left.\n|inactive|jason986 has 20 seconds left.\n|\n|t:|1772133772\n|move|p1a: Dondozo|Protect|p1a: Dondozo\n|-singleturn|p1a: Dondozo|Protect\n|move|p2b: Amoonguss|Pollen Puff|p2a: Lunala\n|-heal|p2a: Lunala|100/100\n|move|p2a: Lunala|Expanding Force|p1b: Tatsugiri|[spread] \n|-miss|p2a: Lunala|p1b: Tatsugiri\n|-activate|p1a: Dondozo|move: Protect\n|\n|-heal|p1a: Dondozo|94/100|[from] item: Leftovers\n|upkeep\n|turn|4\n|\n|t:|1772133787\n|-terastallize|p1a: Dondozo|Grass\n|move|p2b: Amoonguss|Rage Powder|p2b: Amoonguss\n|-singleturn|p2b: Amoonguss|move: Rage Powder\n|move|p2a: Lunala|Expanding Force|p1a: Dondozo|[spread] p1a\n|-miss|p2a: Lunala|p1b: Tatsugiri\n|-end|p1a: Dondozo|Substitute\n|move|p1a: Dondozo|Order Up|p2b: Amoonguss\n|-damage|p2b: Amoonguss|59/100\n|-boost|p1a: Dondozo|atk|1\n|\n|-heal|p1a: Dondozo|100/100|[from] item: Leftovers\n|upkeep\n|turn|5\n|inactive|jason986 has 30 seconds left.\n|inactive|jason986 has 20 seconds left.\n|inactive|jason986 has 15 seconds left.\n|\n|t:|1772133831\n|switch|p2b: Indeedee|Indeedee-F, L50, F|100/100\n|move|p1a: Dondozo|Protect|p1a: Dondozo\n|-singleturn|p1a: Dondozo|Protect\n|move|p2a: Lunala|Expanding Force|p1a: Dondozo|[spread] \n|-miss|p2a: Lunala|p1b: Tatsugiri\n|-activate|p1a: Dondozo|move: Protect\n|\n|-fieldend|move: Trick Room\n|-fieldend|move: Psychic Terrain\n|upkeep\n|turn|6\n|\n|t:|1772133842\n|move|p1a: Dondozo|Substitute|p1a: Dondozo\n|-start|p1a: Dondozo|Substitute\n|-damage|p1a: Dondozo|75/100\n|move|p2a: Lunala|Moongeist Beam|p1a: Dondozo\n|-end|p1a: Dondozo|Substitute\n|move|p2b: Indeedee|Trick Room|p2b: Indeedee\n|-fieldstart|move: Trick Room|[of] p2b: Indeedee\n|\n|-heal|p1a: Dondozo|82/100|[from] item: Leftovers\n|upkeep\n|turn|7\n|\n|t:|1772133854\n|switch|p2b: Ursaluna|Ursaluna, L50, F|100/100\n|move|p2a: Lunala|Moongeist Beam|p1a: Dondozo\n|-damage|p1a: Dondozo|49/100\n|move|p1a: Dondozo|Order Up|p2b: Ursaluna\n|-damage|p2b: Ursaluna|54/100\n|-boost|p1a: Dondozo|atk|1\n|\n|-heal|p1a: Dondozo|55/100|[from] item: Leftovers\n|-status|p2b: Ursaluna|brn|[from] item: Flame Orb\n|upkeep\n|turn|8\n|\n|t:|1772133867\n|move|p1a: Dondozo|Protect|p1a: Dondozo\n|-singleturn|p1a: Dondozo|Protect\n|move|p2b: Ursaluna|Facade|p1a: Dondozo\n|-activate|p1a: Dondozo|move: Protect\n|move|p2a: Lunala|Moongeist Beam|p1a: Dondozo\n|-activate|p1a: Dondozo|move: Protect\n|\n|-heal|p1a: Dondozo|61/100|[from] item: Leftovers\n|-damage|p2b: Ursaluna|48/100 brn|[from] brn\n|upkeep\n|turn|9\n|\n|t:|1772133878\n|move|p2b: Ursaluna|Facade|p1a: Dondozo\n|-damage|p1a: Dondozo|26/100\n|move|p2a: Lunala|Moongeist Beam|p1a: Dondozo\n|-damage|p1a: Dondozo|0 fnt\n|faint|p1a: Dondozo\n|\n|-damage|p2b: Ursaluna|42/100 brn|[from] brn\n|upkeep\n|\n|t:|1772133888\n|switch|p1a: Zamazenta|Zamazenta-Crowned, L50|100/100\n|-ability|p1a: Zamazenta|Dauntless Shield|boost\n|-boost|p1a: Zamazenta|def|1\n|turn|10\n|\n|t:|1772133908\n|switch|p2b: Indeedee|Indeedee-F, L50, F|100/100\n|-fieldstart|move: Psychic Terrain|[from] ability: Psychic Surge|[of] p2b: Indeedee\n|move|p1a: Zamazenta|Protect|p1a: Zamazenta\n|-singleturn|p1a: Zamazenta|Protect\n|move|p2a: Lunala|Expanding Force|p1a: Zamazenta|[spread] p1b\n|-activate|p1a: Zamazenta|move: Protect\n|-crit|p1b: Tatsugiri\n|-damage|p1b: Tatsugiri|0 fnt\n|faint|p1b: Tatsugiri\n|\n|-fieldend|move: Trick Room\n|upkeep\n|\n|t:|1772133918\n|switch|p1b: Calyrex|Calyrex-Shadow, L50|100/100\n|-ability|p1b: Calyrex|As One\n|-ability|p1b: Calyrex|Unnerve\n|turn|11\n|inactive|LechonkBro has 30 seconds left.\n|\n|t:|1772133946\n|move|p2b: Indeedee|Follow Me|p2b: Indeedee\n|-singleturn|p2b: Indeedee|move: Follow Me\n|move|p1b: Calyrex|Psychic|p2b: Indeedee\n|-resisted|p2b: Indeedee\n|-damage|p2b: Indeedee|67/100\n|move|p1a: Zamazenta|Body Press|p2b: Indeedee\n|-damage|p2b: Indeedee|0 fnt\n|faint|p2b: Indeedee\n|move|p2a: Lunala|Trick Room|p2a: Lunala\n|-fieldstart|move: Trick Room|[of] p2a: Lunala\n|\n|upkeep\n|\n|t:|1772133959\n|switch|p2b: Amoonguss|Amoonguss, L50, M|92/100\n|turn|12\n|\n|t:|1772133983\n|move|p2b: Amoonguss|Spore|p1a: Zamazenta\n|-status|p1a: Zamazenta|slp|[from] move: Spore\n|move|p2a: Lunala|Moongeist Beam|p1b: Calyrex\n|-supereffective|p1b: Calyrex\n|-damage|p1b: Calyrex|0 fnt\n|faint|p1b: Calyrex\n|cant|p1a: Zamazenta|slp\n|\n|upkeep\n|turn|13\n|-message|LechonkBro forfeited.\n|\n|win|jason986\n|raw|LechonkBro's rating: 1483 &rarr; <strong>1458</strong><br />(-25 for losing)\n|raw|jason986's rating: 1397 &rarr; <strong>1422</strong><br />(+25 for winning)\n|l|\u2606LechonkBro\n|player|p1|\n","uploadtime":1772134004,"views":23,"formatid":"gen9vgc2026regi","rating":1422,"private":0,"password":null}