{"id":"gen9vgc2026regi-2549608656","format":"[Gen 9] VGC 2026 Reg I","players":["shangenb1","cdogp3"],"log":"|j|\u2606shangenb1\n|j|\u2606cdogp3\n|t:|1772389500\n|gametype|doubles\n|player|p1|shangenb1|169|1425\n|player|p2|cdogp3|hoopster|1672\n|gen|9\n|tier|[Gen 9] VGC 2026 Reg I\n|rated|\n|rule|Species Clause: Limit one of each Pok\u00e9mon\n|rule|Item Clause: Limit 1 of each item\n|clearpoke\n|poke|p1|Calyrex-Shadow, L50|\n|poke|p1|Zamazenta-*, L50|\n|poke|p1|Rillaboom, L50, M|\n|poke|p1|Raging Bolt, L50|\n|poke|p1|Ogerpon-Hearthflame, L50, F|\n|poke|p1|Smeargle, L50, M|\n|poke|p2|Sneasler, L50, F|\n|poke|p2|Ditto, L50|\n|poke|p2|Calyrex-Ice, L50|\n|poke|p2|Miraidon, L50|\n|poke|p2|Urshifu-*, L50, M|\n|poke|p2|Incineroar, L50, M|\n|teampreview|4\n|inactive|Battle timer is ON: inactive players will automatically lose when time's up. (requested by cdogp3)\n|inactive|shangenb1 also wants the timer to be on.\n|inactive|shangenb1 has 60 seconds left.\n|\n|t:|1772389541\n|teamsize|p1|4\n|teamsize|p2|4\n|start\n|switch|p1a: Calyrex|Calyrex-Shadow, L50|100/100\n|switch|p1b: Rillaboom|Rillaboom, L50, M|100/100\n|switch|p2a: Sneasler|Sneasler, L50, F|100/100\n|switch|p2b: Miraidon|Miraidon, L50|100/100\n|-ability|p1a: Calyrex|As One\n|-ability|p1a: Calyrex|Unnerve\n|-fieldstart|move: Electric Terrain|[from] ability: Hadron Engine|[of] p2b: Miraidon\n|-enditem|p2a: Sneasler|Electric Seed\n|-boost|p2a: Sneasler|def|1|[from] item: Electric Seed\n|-fieldstart|move: Grassy Terrain|[from] ability: Grassy Surge|[of] p1b: Rillaboom\n|turn|1\n|inactive|shangenb1 has 30 seconds left.\n|\n|t:|1772389571\n|move|p1b: Rillaboom|Fake Out|p2a: Sneasler\n|-damage|p2a: Sneasler|89/100\n|cant|p2a: Sneasler|flinch\n|move|p1a: Calyrex|Psychic|p2a: Sneasler\n|-supereffective|p2a: Sneasler\n|-damage|p2a: Sneasler|0 fnt\n|faint|p2a: Sneasler\n|-ability|p1a: Calyrex|Grim Neigh|boost\n|-boost|p1a: Calyrex|spa|1\n|-damage|p1a: Calyrex|91/100|[from] item: Life Orb\n|move|p2b: Miraidon|Volt Switch|p1a: Calyrex\n|-damage|p1a: Calyrex|45/100\n|-damage|p2b: Miraidon|91/100|[from] item: Life Orb\n|\n|t:|1772389578\n|switch|p2b: Urshifu|Urshifu-Rapid-Strike, L50, M|100/100|[from] Volt Switch\n|\n|-heal|p1a: Calyrex|51/100|[from] Grassy Terrain\n|upkeep\n|\n|t:|1772389580\n|switch|p2a: Miraidon|Miraidon, L50|91/100\n|-fieldstart|move: Electric Terrain|[from] ability: Hadron Engine|[of] p2a: Miraidon\n|turn|2\n|inactive|shangenb1 has 30 seconds left.\n|\n|t:|1772389610\n|switch|p1a: Ogerpon|Ogerpon-Hearthflame, L50, F|100/100\n|-ability|p1a: Ogerpon|Mold Breaker\n|-terastallize|p2b: Urshifu|Stellar\n|move|p2a: Miraidon|Protect|p2a: Miraidon\n|-singleturn|p2a: Miraidon|Protect\n|move|p2b: Urshifu|Aqua Jet|p1a: Ogerpon\n|-damage|p1a: Ogerpon|72/100\n|move|p1b: Rillaboom|U-turn|p2a: Miraidon\n|-activate|p2a: Miraidon|move: Protect\n|\n|upkeep\n|turn|3\n|inactive|shangenb1 has 30 seconds left.\n|\n|t:|1772389645\n|move|p2b: Urshifu|Detect|p2b: Urshifu\n|-singleturn|p2b: Urshifu|Protect\n|move|p1a: Ogerpon|Spiky Shield|p1a: Ogerpon\n|-singleturn|p1a: Ogerpon|move: Protect\n|move|p2a: Miraidon|Volt Switch|p1a: Ogerpon\n|-activate|p1a: Ogerpon|move: Protect\n|move|p1b: Rillaboom|U-turn|p2a: Miraidon\n|-damage|p2a: Miraidon|68/100\n|\n|t:|1772389658\n|switch|p1b: Calyrex|Calyrex-Shadow, L50|51/100|[from] U-turn\n|-ability|p1b: Calyrex|As One\n|-ability|p1b: Calyrex|Unnerve\n|\n|upkeep\n|turn|4\n|\n|t:|1772389667\n|move|p1a: Ogerpon|Follow Me|p1a: Ogerpon\n|-singleturn|p1a: Ogerpon|move: Follow Me\n|move|p1b: Calyrex|Astral Barrage|p2b: Urshifu|[spread] p2a,p2b\n|-damage|p2a: Miraidon|6/100\n|-damage|p2b: Urshifu|2/100\n|-damage|p1b: Calyrex|41/100|[from] item: Life Orb\n|move|p2a: Miraidon|Electro Drift|p1a: Ogerpon\n|-resisted|p1a: Ogerpon\n|-damage|p1a: Ogerpon|5/100\n|-damage|p2a: Miraidon|0 fnt|[from] item: Life Orb\n|faint|p2a: Miraidon\n|move|p2b: Urshifu|Surging Strikes|p1a: Ogerpon\n|-crit|p1a: Ogerpon\n|-damage|p1a: Ogerpon|0 fnt\n|faint|p1a: Ogerpon\n|-hitcount|p1: Ogerpon|1\n|\n|upkeep\n|inactive|shangenb1 has 30 seconds left.\n|\n|t:|1772389698\n|switch|p2a: Calyrex|Calyrex-Ice, L50|100/100\n|switch|p1a: Rillaboom|Rillaboom, L50, M|100/100\n|-ability|p2a: Calyrex|As One\n|-ability|p2a: Calyrex|Unnerve\n|-fieldstart|move: Grassy Terrain|[from] ability: Grassy Surge|[of] p1a: Rillaboom\n|turn|5\n|inactive|shangenb1 has 30 seconds left.\n|\n|t:|1772389725\n|move|p2a: Calyrex|Protect|p2a: Calyrex\n|-singleturn|p2a: Calyrex|Protect\n|move|p1a: Rillaboom|Fake Out|p2a: Calyrex\n|-activate|p2a: Calyrex|move: Protect\n|move|p2b: Urshifu|Aqua Jet|p1b: Calyrex\n|-damage|p1b: Calyrex|17/100\n|move|p1b: Calyrex|Astral Barrage|p2b: Urshifu|[spread] p2b\n|-activate|p2a: Calyrex|move: Protect\n|-damage|p2b: Urshifu|0 fnt\n|faint|p2b: Urshifu\n|-ability|p1b: Calyrex|Grim Neigh|boost\n|-boost|p1b: Calyrex|spa|1\n|-damage|p1b: Calyrex|8/100|[from] item: Life Orb\n|\n|-heal|p1b: Calyrex|14/100|[from] Grassy Terrain\n|upkeep\n|turn|6\n|-message|cdogp3 forfeited.\n|\n|win|shangenb1\n|raw|shangenb1's rating: 1425 &rarr; <strong>1457</strong><br />(+32 for winning)\n|raw|cdogp3's rating: 1672 &rarr; <strong>1640</strong><br />(-32 for losing)\n|l|\u2606cdogp3\n|player|p2|\n|l|\u2606shangenb1\n|player|p1|\n","uploadtime":1772389746,"views":14,"formatid":"gen9vgc2026regi","rating":1457,"private":0,"password":null}