{"id":"gen9vgc2026regi-2578951564","format":"[Gen 9] VGC 2026 Reg I","players":["xiaoliyunVGC","nhannhb92"],"log":"|j|\u2606xiaoliyunVGC\n|j|\u2606nhannhb92\n|t:|1775739783\n|gametype|doubles\n|player|p1|xiaoliyunVGC|liko|1324\n|player|p2|nhannhb92|1|1301\n|gen|9\n|tier|[Gen 9] VGC 2026 Reg I\n|rated|\n|rule|Species Clause: Limit one of each Pok\u00e9mon\n|rule|Item Clause: Limit 1 of each item\n|clearpoke\n|poke|p1|Miraidon, L50|\n|poke|p1|Zamazenta-*, L50|\n|poke|p1|Dragonite, L50, F|\n|poke|p1|Chien-Pao, L50|\n|poke|p1|Clefairy, L50, M|\n|poke|p1|Volcarona, L50, M|\n|poke|p2|Solgaleo, L50|\n|poke|p2|Kyogre, L50|\n|poke|p2|Salamence, L50, M|\n|poke|p2|Flutter Mane, L50|\n|poke|p2|Chien-Pao, L50|\n|poke|p2|Rillaboom, L50, F|\n|teampreview|4\n|inactive|Battle timer is ON: inactive players will automatically lose when time's up. (requested by nhannhb92)\n|inactive|xiaoliyunVGC also wants the timer to be on.\n|inactive|xiaoliyunVGC has 60 seconds left.\n|\n|t:|1775739816\n|teamsize|p1|4\n|teamsize|p2|4\n|start\n|switch|p1a: Zamazenta|Zamazenta-Crowned, L50, shiny|100/100\n|switch|p1b: Chien-Pao|Chien-Pao, L50, shiny|100/100\n|switch|p2a: Salamence|Salamence, L50, M|100/100\n|switch|p2b: Kyogre|Kyogre, L50|100/100\n|-ability|p1b: Chien-Pao|Sword of Ruin\n|-ability|p1a: Zamazenta|Dauntless Shield|boost\n|-boost|p1a: Zamazenta|def|1\n|-ability|p2a: Salamence|Intimidate|boost\n|-unboost|p1a: Zamazenta|atk|1\n|-unboost|p1b: Chien-Pao|atk|1\n|-weather|RainDance|[from] ability: Drizzle|[of] p2b: Kyogre\n|turn|1\n|inactive|nhannhb92 has 30 seconds left.\n|\n|t:|1775739848\n|move|p2b: Kyogre|Protect|p2b: Kyogre\n|-singleturn|p2b: Kyogre|Protect\n|move|p1b: Chien-Pao|Icy Wind|p2b: Kyogre|[spread] p2a\n|-activate|p2b: Kyogre|move: Protect\n|-supereffective|p2a: Salamence\n|-damage|p2a: Salamence|53/100\n|move|p1a: Zamazenta|Body Press|p2a: Salamence\n|-resisted|p2a: Salamence\n|-damage|p2a: Salamence|20/100\n|move|p2a: Salamence|Tailwind|p2a: Salamence\n|-sidestart|p2: nhannhb92|move: Tailwind\n|\n|-weather|RainDance|[upkeep]\n|upkeep\n|turn|2\n|inactive|nhannhb92 has 30 seconds left.\n|\n|t:|1775739885\n|move|p1a: Zamazenta|Wide Guard|p1a: Zamazenta\n|-singleturn|p1a: Zamazenta|Wide Guard\n|move|p2a: Salamence|Hurricane|p1b: Chien-Pao\n|-damage|p1b: Chien-Pao|63/100\n|move|p2b: Kyogre|Origin Pulse|p1a: Zamazenta|[spread] \n|-activate|p1a: Zamazenta|move: Wide Guard\n|-activate|p1b: Chien-Pao|move: Wide Guard\n|move|p1b: Chien-Pao|Icy Wind|p2b: Kyogre|[spread] p2a,p2b\n|-supereffective|p2a: Salamence\n|-resisted|p2b: Kyogre\n|-damage|p2a: Salamence|0 fnt\n|-damage|p2b: Kyogre|96/100\n|-unboost|p2b: Kyogre|spe|1\n|faint|p2a: Salamence\n|\n|-weather|RainDance|[upkeep]\n|-heal|p2b: Kyogre|100/100|[from] item: Leftovers\n|upkeep\n|\n|t:|1775739896\n|switch|p2a: Flutter Mane|Flutter Mane, L50|100/100\n|turn|3\n|\n|t:|1775739916\n|-terastallize|p2a: Flutter Mane|Fairy\n|move|p1b: Chien-Pao|Sucker Punch|p2a: Flutter Mane\n|-resisted|p2a: Flutter Mane\n|-damage|p2a: Flutter Mane|80/100\n|move|p2a: Flutter Mane|Moonblast|p1a: Zamazenta\n|-damage|p1a: Zamazenta|40/100\n|move|p1a: Zamazenta|Behemoth Bash|p2a: Flutter Mane\n|-supereffective|p2a: Flutter Mane\n|-damage|p2a: Flutter Mane|0 fnt\n|faint|p2a: Flutter Mane\n|-end|p2a: Flutter Mane|Protosynthesis|[silent]\n|move|p2b: Kyogre|Thunder|p1b: Chien-Pao\n|-damage|p1b: Chien-Pao|26/100\n|\n|-weather|RainDance|[upkeep]\n|upkeep\n|\n|t:|1775739925\n|switch|p2a: Rillaboom|Rillaboom, L50, F|100/100\n|-fieldstart|move: Grassy Terrain|[from] ability: Grassy Surge|[of] p2a: Rillaboom\n|turn|4\n|\n|t:|1775739935\n|move|p1a: Zamazenta|Protect|p1a: Zamazenta\n|-singleturn|p1a: Zamazenta|Protect\n|move|p2a: Rillaboom|Grassy Glide|p1b: Chien-Pao\n|-damage|p1b: Chien-Pao|0 fnt\n|faint|p1b: Chien-Pao\n|move|p2b: Kyogre|Calm Mind|p2b: Kyogre\n|-boost|p2b: Kyogre|spa|1\n|-boost|p2b: Kyogre|spd|1\n|\n|-weather|RainDance|[upkeep]\n|-heal|p1a: Zamazenta|46/100|[from] Grassy Terrain\n|-sideend|p2: nhannhb92|move: Tailwind\n|upkeep\n|\n|t:|1775739944\n|switch|p1b: Miraidon|Miraidon, L50, shiny|100/100\n|-fieldstart|move: Electric Terrain|[from] ability: Hadron Engine|[of] p1b: Miraidon\n|turn|5\n|\n|t:|1775739956\n|-terastallize|p1a: Zamazenta|Fighting\n|move|p1b: Miraidon|Draco Meteor|p2b: Kyogre\n|-damage|p2b: Kyogre|50/100\n|-unboost|p1b: Miraidon|spa|2\n|-damage|p1b: Miraidon|91/100|[from] item: Life Orb\n|move|p1a: Zamazenta|Body Press|p2b: Kyogre\n|-damage|p2b: Kyogre|0 fnt\n|faint|p2b: Kyogre\n|move|p2a: Rillaboom|Wood Hammer|p1a: Zamazenta\n|-damage|p1a: Zamazenta|21/100\n|-damage|p2a: Rillaboom|93/100|[from] Recoil\n|\n|-weather|none\n|upkeep\n|turn|6\n|-message|nhannhb92 forfeited.\n|\n|win|xiaoliyunVGC\n|raw|xiaoliyunVGC's rating: 1324 &rarr; <strong>1343</strong><br />(+19 for winning)\n|raw|nhannhb92's rating: 1301 &rarr; <strong>1282</strong><br />(-19 for losing)\n|l|\u2606nhannhb92\n|player|p2|\n|l|\u2606xiaoliyunVGC\n|player|p1|\n","uploadtime":1775740220,"views":9,"formatid":"gen9vgc2026regi","rating":1282,"private":0,"password":null}