{"id":"gen9vgc2026regi-2573419659","format":"[Gen 9] VGC 2026 Reg I","players":["vgc tester italy","dasabe\u76d6\u6b27\u5361\u4fa0"],"log":"|j|\u2606vgc tester italy\n|j|\u2606dasabe\u76d6\u6b27\u5361\u4fa0\n|t:|1775134852\n|gametype|doubles\n|player|p1|vgc tester italy|265|1402\n|player|p2|dasabe\u76d6\u6b27\u5361\u4fa0|may-masters4|1483\n|gen|9\n|tier|[Gen 9] VGC 2026 Reg I\n|rated|\n|rule|Species Clause: Limit one of each Pok\u00e9mon\n|rule|Item Clause: Limit 1 of each item\n|clearpoke\n|poke|p1|Miraidon, L50|\n|poke|p1|Zamazenta-*, L50|\n|poke|p1|Chi-Yu, L50|\n|poke|p1|Whimsicott, L50, M|\n|poke|p1|Chien-Pao, L50|\n|poke|p1|Dragonite, L50, M|\n|poke|p2|Kyogre, L50|\n|poke|p2|Miraidon, L50|\n|poke|p2|Whimsicott, L50, F|\n|poke|p2|Iron Hands, L50|\n|poke|p2|Farigiraf, L50, F|\n|poke|p2|Urshifu-*, L50, F|\n|teampreview|4\n|j| eggyhvevo\n|c| eggyhvevo|\ud83d\udc40\n|\n|t:|1775134883\n|teamsize|p1|4\n|teamsize|p2|4\n|start\n|switch|p1a: Miraidon|Miraidon, L50, shiny|100/100\n|switch|p1b: Zamazenta|Zamazenta, L50, shiny|100/100\n|switch|p2a: \u5c0f\u5934\u63a7\u5927\u5934|Farigiraf, L50, F, shiny|100/100\n|switch|p2b: \u624b\u94f6|Iron Hands, L50, shiny|100/100\n|-ability|p1b: Zamazenta|Dauntless Shield|boost\n|-boost|p1b: Zamazenta|def|1\n|-fieldstart|move: Electric Terrain|[from] ability: Hadron Engine|[of] p1a: Miraidon\n|-enditem|p1b: Zamazenta|Electric Seed\n|-boost|p1b: Zamazenta|def|1|[from] item: Electric Seed\n|-enditem|p2a: \u5c0f\u5934\u63a7\u5927\u5934|Electric Seed\n|-boost|p2a: \u5c0f\u5934\u63a7\u5927\u5934|def|1|[from] item: Electric Seed\n|-activate|p2b: \u624b\u94f6|ability: Quark Drive\n|-start|p2b: \u624b\u94f6|quarkdriveatk\n|turn|1\n|\n|t:|1775134914\n|-terastallize|p1a: Miraidon|Fairy\n|move|p2b: \u624b\u94f6|Fake Out|p1a: Miraidon\n|-damage|p1a: Miraidon|83/100\n|move|p1b: Zamazenta|Body Press|p2a: \u5c0f\u5934\u63a7\u5927\u5934\n|-damage|p2a: \u5c0f\u5934\u63a7\u5927\u5934|57/100\n|cant|p1a: Miraidon|flinch\n|move|p2a: \u5c0f\u5934\u63a7\u5927\u5934|Trick Room|p2a: \u5c0f\u5934\u63a7\u5927\u5934\n|-fieldstart|move: Trick Room|[of] p2a: \u5c0f\u5934\u63a7\u5927\u5934\n|\n|upkeep\n|turn|2\n|\n|t:|1775134934\n|-terastallize|p2b: \u624b\u94f6|Water\n|move|p2b: \u624b\u94f6|Low Kick|p1b: Zamazenta\n|-damage|p1b: Zamazenta|70/100\n|move|p2a: \u5c0f\u5934\u63a7\u5927\u5934|Psychic|p1b: Zamazenta\n|-supereffective|p1b: Zamazenta\n|-damage|p1b: Zamazenta|15/100\n|move|p1a: Miraidon|Dazzling Gleam|p2b: \u624b\u94f6|[spread] p2a,p2b\n|-damage|p2a: \u5c0f\u5934\u63a7\u5927\u5934|20/100\n|-damage|p2b: \u624b\u94f6|79/100\n|move|p1b: Zamazenta|Body Press|p2b: \u624b\u94f6\n|-damage|p2b: \u624b\u94f6|26/100\n|\n|upkeep\n|turn|3\n|\n|t:|1775134958\n|move|p2b: \u624b\u94f6|Drain Punch|p1a: Miraidon\n|-resisted|p1a: Miraidon\n|-crit|p1a: Miraidon\n|-damage|p1a: Miraidon|49/100\n|-heal|p2b: \u624b\u94f6|41/100|[from] drain|[of] p1a: Miraidon\n|move|p2a: \u5c0f\u5934\u63a7\u5927\u5934|Psychic|p1a: Miraidon\n|-damage|p1a: Miraidon|31/100\n|move|p1a: Miraidon|Dazzling Gleam|p2b: \u624b\u94f6|[spread] p2a,p2b\n|-crit|p2a: \u5c0f\u5934\u63a7\u5927\u5934\n|-damage|p2a: \u5c0f\u5934\u63a7\u5927\u5934|0 fnt\n|-damage|p2b: \u624b\u94f6|19/100\n|faint|p2a: \u5c0f\u5934\u63a7\u5927\u5934\n|move|p1b: Zamazenta|Body Press|p2b: \u624b\u94f6\n|-damage|p2b: \u624b\u94f6|0 fnt\n|faint|p2b: \u624b\u94f6\n|-end|p2b: \u624b\u94f6|Quark Drive|[silent]\n|\n|upkeep\n|\n|t:|1775134962\n|switch|p2b: \u94f6\u91d1\u5996\u86c7|Miraidon, L50, shiny|100/100\n|switch|p2a: \u6210\u90fd\u8001\u76d6|Kyogre, L50, shiny|100/100\n|-weather|RainDance|[from] ability: Drizzle|[of] p2a: \u6210\u90fd\u8001\u76d6\n|-activate|p2b: \u94f6\u91d1\u5996\u86c7|ability: Hadron Engine\n|turn|4\n|\n|t:|1775134988\n|move|p1b: Zamazenta|Wide Guard|p1b: Zamazenta\n|-singleturn|p1b: Zamazenta|Wide Guard\n|move|p2a: \u6210\u90fd\u8001\u76d6|Hydro Pump|p1b: Zamazenta\n|-crit|p1b: Zamazenta\n|-damage|p1b: Zamazenta|0 fnt\n|faint|p1b: Zamazenta\n|move|p1a: Miraidon|Dazzling Gleam|p2b: \u94f6\u91d1\u5996\u86c7|[spread] p2a,p2b\n|-supereffective|p2b: \u94f6\u91d1\u5996\u86c7\n|-damage|p2a: \u6210\u90fd\u8001\u76d6|62/100\n|-damage|p2b: \u94f6\u91d1\u5996\u86c7|25/100\n|move|p2b: \u94f6\u91d1\u5996\u86c7|Electro Drift|p1a: Miraidon\n|-damage|p1a: Miraidon|0 fnt\n|faint|p1a: Miraidon\n|-damage|p2b: \u94f6\u91d1\u5996\u86c7|15/100|[from] item: Life Orb\n|\n|-weather|RainDance|[upkeep]\n|upkeep\n|\n|t:|1775135002\n|switch|p1a: Whimsicott|Whimsicott, L50, M, shiny|100/100\n|switch|p1b: Chien-Pao|Chien-Pao, L50, shiny|100/100\n|-ability|p1b: Chien-Pao|Sword of Ruin\n|turn|5\n|\n|t:|1775135018\n|move|p2b: \u94f6\u91d1\u5996\u86c7|Protect|p2b: \u94f6\u91d1\u5996\u86c7\n|-singleturn|p2b: \u94f6\u91d1\u5996\u86c7|Protect\n|move|p1a: Whimsicott|Sunny Day|p1a: Whimsicott\n|-weather|SunnyDay\n|move|p1b: Chien-Pao|Sucker Punch||[still]\n|-fail|p1b: Chien-Pao\n|move|p2a: \u6210\u90fd\u8001\u76d6|Hydro Pump|p1b: Chien-Pao\n|-damage|p1b: Chien-Pao|17/100\n|\n|-weather|SunnyDay|[upkeep]\n|-fieldend|move: Trick Room\n|-fieldend|move: Electric Terrain\n|upkeep\n|turn|6\n|\n|t:|1775135046\n|move|p2b: \u94f6\u91d1\u5996\u86c7|Protect|p2b: \u94f6\u91d1\u5996\u86c7\n|-singleturn|p2b: \u94f6\u91d1\u5996\u86c7|Protect\n|move|p1b: Chien-Pao|Sucker Punch||[still]\n|-fail|p1b: Chien-Pao\n|move|p1a: Whimsicott|Moonblast|p2a: \u6210\u90fd\u8001\u76d6\n|-damage|p2a: \u6210\u90fd\u8001\u76d6|33/100\n|move|p2a: \u6210\u90fd\u8001\u76d6|Hydro Pump|p1b: Chien-Pao\n|-damage|p1b: Chien-Pao|0 fnt\n|faint|p1b: Chien-Pao\n|\n|-weather|SunnyDay|[upkeep]\n|upkeep\n|turn|7\n|\n|t:|1775135058\n|move|p1a: Whimsicott|Moonblast|p2b: \u94f6\u91d1\u5996\u86c7\n|-supereffective|p2b: \u94f6\u91d1\u5996\u86c7\n|-damage|p2b: \u94f6\u91d1\u5996\u86c7|0 fnt\n|faint|p2b: \u94f6\u91d1\u5996\u86c7\n|move|p2a: \u6210\u90fd\u8001\u76d6|Hydro Pump|p1a: Whimsicott\n|-resisted|p1a: Whimsicott\n|-crit|p1a: Whimsicott\n|-damage|p1a: Whimsicott|34/100\n|\n|-weather|SunnyDay|[upkeep]\n|upkeep\n|turn|8\n|\n|t:|1775135063\n|move|p1a: Whimsicott|Moonblast|p2a: \u6210\u90fd\u8001\u76d6\n|-damage|p2a: \u6210\u90fd\u8001\u76d6|8/100\n|move|p2a: \u6210\u90fd\u8001\u76d6|Hydro Pump|p1a: Whimsicott\n|-resisted|p1a: Whimsicott\n|-damage|p1a: Whimsicott|0 fnt\n|faint|p1a: Whimsicott\n|\n|win|dasabe\u76d6\u6b27\u5361\u4fa0\n|raw|vgc tester italy's rating: 1402 &rarr; <strong>1387</strong><br />(-15 for losing)\n|raw|dasabe\u76d6\u6b27\u5361\u4fa0's rating: 1483 &rarr; <strong>1498</strong><br />(+15 for winning)\n|l|\u2606dasabe\u76d6\u6b27\u5361\u4fa0\n|player|p2|\n|l| eggyhvevo\n","uploadtime":1775135276,"views":16,"formatid":"gen9vgc2026regi","rating":1387,"private":0,"password":null}