{"id":"gen9vgc2026regi-2553382782","format":"[Gen 9] VGC 2026 Reg I","players":["I\u2764\ufe0f\u5a1c\u7984forever","theminesoftagawa"],"log":"|j|\u2606I\u2764\ufe0f\u5a1c\u7984forever\n|j|\u2606theminesoftagawa\n|t:|1772825761\n|gametype|doubles\n|player|p1|I\u2764\ufe0f\u5a1c\u7984forever|youngcouple-gen4dp|1366\n|player|p2|theminesoftagawa|266|1396\n|gen|9\n|tier|[Gen 9] VGC 2026 Reg I\n|rated|\n|rule|Species Clause: Limit one of each Pok\u00e9mon\n|rule|Item Clause: Limit 1 of each item\n|clearpoke\n|poke|p1|Groudon, L50|\n|poke|p1|Kyurem-White, L50|\n|poke|p1|Heatran, L50, F|\n|poke|p1|Whimsicott, L50, M|\n|poke|p1|Roaring Moon, L50|\n|poke|p1|Ditto, L50|\n|poke|p2|Ting-Lu, L50|\n|poke|p2|Sneasler, L50, M|\n|poke|p2|Tatsugiri-Droopy, L50, M|\n|poke|p2|Calyrex-Ice, L50|\n|poke|p2|Miraidon, L50|\n|poke|p2|Dondozo, L50, M|\n|teampreview|4\n|\n|t:|1772825780\n|teamsize|p1|4\n|teamsize|p2|4\n|start\n|switch|p1a: Heatran|Heatran, L50, F|100/100\n|switch|p1b: Kyurem|Kyurem-White, L50|100/100\n|switch|p2a: Dondozo|Dondozo, L50, M, shiny|100/100\n|switch|p2b: Sneasler|Sneasler, L50, M, shiny|100/100\n|-ability|p1b: Kyurem|Turboblaze\n|turn|1\n|\n|t:|1772825788\n|move|p2a: Dondozo|Protect|p2a: Dondozo\n|-singleturn|p2a: Dondozo|Protect\n|move|p2b: Sneasler|Toxic Spikes|p1b: Kyurem\n|-sidestart|p1: I\u2764\ufe0f\u5a1c\u7984forever|move: Toxic Spikes\n|move|p1b: Kyurem|Blizzard|p2a: Dondozo|[spread] p2b\n|-activate|p2a: Dondozo|move: Protect\n|-damage|p2b: Sneasler|23/100\n|move|p1a: Heatran|Substitute|p1a: Heatran\n|-start|p1a: Heatran|Substitute\n|-damage|p1a: Heatran|76/100\n|\n|-heal|p1a: Heatran|82/100|[from] item: Leftovers\n|upkeep\n|turn|2\n|\n|t:|1772825827\n|switch|p2b: Tatsugiri|Tatsugiri-Droopy, L50, M, shiny|100/100\n|-activate|p2b: Tatsugiri|ability: Commander|[of] p2a: Dondozo\n|-boost|p2a: Dondozo|atk|2\n|-boost|p2a: Dondozo|spa|2\n|-boost|p2a: Dondozo|spe|2\n|-boost|p2a: Dondozo|def|2\n|-boost|p2a: Dondozo|spd|2\n|move|p2a: Dondozo|Order Up|p1b: Kyurem\n|-supereffective|p1b: Kyurem\n|-damage|p1b: Kyurem|40/100\n|-boost|p2a: Dondozo|def|1\n|move|p1b: Kyurem|Freeze-Dry|p2a: Dondozo\n|-supereffective|p2a: Dondozo\n|-damage|p2a: Dondozo|53/100\n|move|p1a: Heatran|Heat Wave|p2a: Dondozo|[spread] p2a\n|-miss|p1a: Heatran|p2b: Tatsugiri\n|-resisted|p2a: Dondozo\n|-damage|p2a: Dondozo|45/100\n|\n|-heal|p2a: Dondozo|51/100|[from] item: Leftovers\n|-heal|p1a: Heatran|88/100|[from] item: Leftovers\n|upkeep\n|turn|3\n|\n|t:|1772825877\n|switch|p1b: Ditto|Ditto, L50|100/100\n|-status|p1b: Ditto|psn\n|-transform|p1b: Ditto|p2a: Dondozo|[from] ability: Imposter\n|move|p2a: Dondozo|Body Press|p1a: Heatran\n|-supereffective|p1a: Heatran\n|-crit|p1a: Heatran\n|-end|p1a: Heatran|Substitute\n|move|p1a: Heatran|Earth Power|p2a: Dondozo\n|-damage|p2a: Dondozo|36/100\n|\n|-heal|p2a: Dondozo|43/100|[from] item: Leftovers\n|-heal|p1a: Heatran|94/100|[from] item: Leftovers\n|-damage|p1b: Ditto|88/100 psn|[from] psn\n|upkeep\n|turn|4\n|inactive|Battle timer is ON: inactive players will automatically lose when time's up. (requested by theminesoftagawa)\n|\n|t:|1772825906\n|move|p1a: Heatran|Protect|p1a: Heatran\n|-singleturn|p1a: Heatran|Protect\n|move|p1b: Ditto|Order Up|p2a: Dondozo\n|-damage|p2a: Dondozo|31/100\n|move|p2a: Dondozo|Body Press|p1a: Heatran\n|-activate|p1a: Heatran|move: Protect\n|\n|-heal|p2a: Dondozo|38/100|[from] item: Leftovers\n|-heal|p1a: Heatran|99/100|[from] item: Leftovers\n|-damage|p1b: Ditto|76/100 psn|[from] psn\n|upkeep\n|turn|5\n|\n|t:|1772825919\n|-terastallize|p1a: Heatran|Fire\n|move|p1b: Ditto|Body Press|p2a: Dondozo\n|-damage|p2a: Dondozo|22/100\n|move|p2a: Dondozo|Body Press|p1a: Heatran\n|-damage|p1a: Heatran|47/100\n|move|p1a: Heatran|Substitute|p1a: Heatran\n|-start|p1a: Heatran|Substitute\n|-damage|p1a: Heatran|23/100\n|\n|-heal|p2a: Dondozo|28/100|[from] item: Leftovers\n|-heal|p1a: Heatran|29/100|[from] item: Leftovers\n|-damage|p1b: Ditto|64/100 psn|[from] psn\n|upkeep\n|turn|6\n|\n|t:|1772825941\n|move|p2a: Dondozo|Body Press|p1a: Heatran\n|-end|p1a: Heatran|Substitute\n|move|p1b: Ditto|Body Press|p2a: Dondozo\n|-crit|p2a: Dondozo\n|-damage|p2a: Dondozo|5/100\n|move|p1a: Heatran|Earth Power|p2a: Dondozo\n|-crit|p2a: Dondozo\n|-damage|p2a: Dondozo|0 fnt\n|faint|p2a: Dondozo\n|\n|-heal|p1a: Heatran|35/100|[from] item: Leftovers\n|-damage|p1b: Ditto|51/100 psn|[from] psn\n|upkeep\n|\n|t:|1772825950\n|switch|p2a: Sneasler|Sneasler, L50, M, shiny|23/100\n|turn|7\n|\n|t:|1772825961\n|move|p1a: Heatran|Protect|p1a: Heatran\n|-singleturn|p1a: Heatran|Protect\n|move|p2a: Sneasler|Toxic Spikes|p1b: Ditto\n|-sidestart|p1: I\u2764\ufe0f\u5a1c\u7984forever|move: Toxic Spikes\n|move|p1b: Ditto|Order Up|p2b: Tatsugiri\n|-supereffective|p2b: Tatsugiri\n|-damage|p2b: Tatsugiri|0 fnt\n|faint|p2b: Tatsugiri\n|\n|-heal|p1a: Heatran|41/100|[from] item: Leftovers\n|-damage|p1b: Ditto|39/100 psn|[from] psn\n|upkeep\n|\n|t:|1772825968\n|switch|p2b: Calyrex|Calyrex-Ice, L50|100/100\n|-ability|p2b: Calyrex|As One\n|-ability|p2b: Calyrex|Unnerve\n|turn|8\n|\n|t:|1772825990\n|-terastallize|p2b: Calyrex|Water\n|move|p2a: Sneasler|Dire Claw|p1a: Heatran\n|-damage|p1a: Heatran|2/100\n|-status|p1a: Heatran|par\n|-status|p2a: Sneasler|brn|[from] ability: Flame Body|[of] p1a: Heatran\n|move|p1b: Ditto|Order Up|p2b: Calyrex\n|-damage|p2b: Calyrex|79/100\n|move|p2b: Calyrex|Leech Seed|p1b: Ditto\n|-start|p1b: Ditto|move: Leech Seed\n|move|p1a: Heatran|Heat Wave|p2a: Sneasler|[spread] p2a,p2b\n|-resisted|p2b: Calyrex\n|-damage|p2a: Sneasler|0 fnt\n|-damage|p2b: Calyrex|63/100\n|faint|p2a: Sneasler\n|\n|-heal|p1a: Heatran|8/100 par|[from] item: Leftovers\n|-damage|p1b: Ditto|27/100 psn|[from] Leech Seed|[of] p2b: Calyrex\n|-heal|p2b: Calyrex|73/100|[silent]\n|-damage|p1b: Ditto|15/100 psn|[from] psn\n|upkeep\n|turn|9\n|inactive|I\u2764\ufe0f\u5a1c\u7984forever has 30 seconds left.\n|inactive|theminesoftagawa has 30 seconds left.\n|\n|t:|1772826017\n|switch|p1b: Kyurem|Kyurem-White, L50|40/100\n|-status|p1b: Kyurem|tox\n|-ability|p1b: Kyurem|Turboblaze\n|move|p1a: Heatran|Earth Power|p2b: Calyrex\n|-damage|p2b: Calyrex|55/100\n|move|p2b: Calyrex|Trick Room|p2b: Calyrex\n|-fieldstart|move: Trick Room|[of] p2b: Calyrex\n|\n|-heal|p1a: Heatran|14/100 par|[from] item: Leftovers\n|-damage|p1b: Kyurem|34/100 tox|[from] psn\n|upkeep\n|turn|10\n|\n|t:|1772826032\n|move|p1a: Heatran|Protect|p1a: Heatran\n|-singleturn|p1a: Heatran|Protect\n|move|p2b: Calyrex|Glacial Lance|p1b: Kyurem|[spread] p1b\n|-activate|p1a: Heatran|move: Protect\n|-damage|p1b: Kyurem|0 fnt\n|faint|p1b: Kyurem\n|-ability|p2b: Calyrex|Chilling Neigh|boost\n|-boost|p2b: Calyrex|atk|1\n|\n|-heal|p1a: Heatran|20/100 par|[from] item: Leftovers\n|upkeep\n|\n|t:|1772826044\n|switch|p1b: Groudon|Groudon, L50|100/100\n|-status|p1b: Groudon|tox\n|-weather|SunnyDay|[from] ability: Drought|[of] p1b: Groudon\n|turn|11\n|\n|t:|1772826052\n|cant|p1a: Heatran|par\n|move|p2b: Calyrex|Glacial Lance|p1a: Heatran|[spread] p1a,p1b\n|-resisted|p1a: Heatran\n|-supereffective|p1b: Groudon\n|-damage|p1a: Heatran|0 fnt\n|-damage|p1b: Groudon|0 fnt\n|faint|p1a: Heatran\n|faint|p1b: Groudon\n|-ability|p2b: Calyrex|Chilling Neigh|boost\n|-boost|p2b: Calyrex|atk|2\n|\n|-weather|SunnyDay|[upkeep]\n|upkeep\n|\n|t:|1772826058\n|switch|p1a: Ditto|Ditto, L50|15/100 psn\n|-transform|p1a: Ditto|p2b: Calyrex|[from] ability: Imposter\n|-ability|p1a: Ditto|As One\n|-ability|p1a: Ditto|Unnerve\n|-start|p1a: Ditto|typechange|Psychic/Ice|[silent]\n|turn|12\n|\n|t:|1772826074\n|move|p1a: Ditto|Leech Seed|p2b: Calyrex|[miss]\n|-miss|p1a: Ditto|p2b: Calyrex\n|move|p2b: Calyrex|Leech Seed|p1a: Ditto\n|-start|p1a: Ditto|move: Leech Seed\n|\n|-weather|SunnyDay|[upkeep]\n|-damage|p1a: Ditto|2/100 psn|[from] Leech Seed|[of] p2b: Calyrex\n|-heal|p2b: Calyrex|64/100|[silent]\n|-damage|p1a: Ditto|0 fnt|[from] psn\n|faint|p1a: Ditto\n|\n|win|theminesoftagawa\n|raw|I\u2764\ufe0f\u5a1c\u7984forever's rating: 1366 &rarr; <strong>1348</strong><br />(-18 for losing)\n|raw|theminesoftagawa's rating: 1396 &rarr; <strong>1414</strong><br />(+18 for winning)\n|l|\u2606I\u2764\ufe0f\u5a1c\u7984forever\n|player|p1|\n|l|\u2606theminesoftagawa\n|player|p2|\n","uploadtime":1772826312,"views":12,"formatid":"gen9vgc2026regi","rating":1348,"private":0,"password":null}