{"id":"gen9vgc2026regi-2547915808","format":"[Gen 9] VGC 2026 Reg I","players":["drive stone","Lowpass"],"log":"|j|\u2606drive stone\n|j|\u2606Lowpass\n|t:|1772144560\n|gametype|doubles\n|player|p1|drive stone|cilan|1276\n|player|p2|Lowpass|lance|1393\n|gen|9\n|tier|[Gen 9] VGC 2026 Reg I\n|rated|\n|rule|Species Clause: Limit one of each Pok\u00e9mon\n|rule|Item Clause: Limit 1 of each item\n|clearpoke\n|poke|p1|Calyrex-Ice, L50|\n|poke|p1|Ho-Oh, L50|\n|poke|p1|Overqwil, L50, M|\n|poke|p1|Rillaboom, L50, M|\n|poke|p1|Ting-Lu, L50|\n|poke|p1|Ogerpon-Wellspring, L50, F|\n|poke|p2|Lugia, L50|\n|poke|p2|Groudon, L50|\n|poke|p2|Iron Valiant, L50|\n|poke|p2|Incineroar, L50, F|\n|poke|p2|Jumpluff, L50, F|\n|poke|p2|Walking Wake, L50|\n|teampreview|4\n|inactive|Battle timer is ON: inactive players will automatically lose when time's up. (requested by Lowpass)\n|\n|t:|1772144580\n|teamsize|p1|4\n|teamsize|p2|4\n|start\n|switch|p1a: Overqwil|Overqwil, L50, M|100/100\n|switch|p1b: Ogerpon|Ogerpon-Wellspring, L50, F|100/100\n|switch|p2a: Groudon|Groudon, L50, shiny|100/100\n|switch|p2b: Iron Valiant|Iron Valiant, L50|100/100\n|-weather|SunnyDay|[from] ability: Drought|[of] p2a: Groudon\n|-ability|p1a: Overqwil|Intimidate|boost\n|-unboost|p2a: Groudon|atk|1\n|-unboost|p2b: Iron Valiant|atk|1\n|-enditem|p2b: Iron Valiant|Booster Energy\n|-activate|p2b: Iron Valiant|ability: Quark Drive|[fromitem]\n|-start|p2b: Iron Valiant|quarkdrivespe\n|turn|1\n|inactive|drive stone has 30 seconds left.\n|\n|t:|1772144611\n|-terastallize|p2a: Groudon|Fire\n|move|p2b: Iron Valiant|Coaching|p2a: Groudon\n|-boost|p2a: Groudon|atk|1\n|-boost|p2a: Groudon|def|1\n|move|p1b: Ogerpon|Ivy Cudgel|p2a: Groudon|[anim] Ivy Cudgel Water\n|-supereffective|p2a: Groudon\n|-crit|p2a: Groudon\n|-damage|p2a: Groudon|47/100\n|move|p2a: Groudon|Heat Crash|p1b: Ogerpon\n|-damage|p1b: Ogerpon|1/100\n|move|p1a: Overqwil|Toxic Spikes|p2a: Groudon\n|-sidestart|p2: Lowpass|move: Toxic Spikes\n|\n|-weather|SunnyDay|[upkeep]\n|upkeep\n|turn|2\n|inactive|drive stone has 30 seconds left.\n|\n|t:|1772144646\n|move|p2b: Iron Valiant|Spirit Break|p1b: Ogerpon\n|-damage|p1b: Ogerpon|0 fnt\n|faint|p1b: Ogerpon\n|move|p2a: Groudon|Precipice Blades|p1a: Overqwil\n|-supereffective|p1a: Overqwil\n|-damage|p1a: Overqwil|0 fnt\n|faint|p1a: Overqwil\n|\n|-weather|SunnyDay|[upkeep]\n|upkeep\n|\n|t:|1772144656\n|switch|p1b: Ho-Oh|Ho-Oh, L50|100/100\n|switch|p1a: Calyrex|Calyrex-Ice, L50|100/100\n|-ability|p1a: Calyrex|As One\n|-ability|p1a: Calyrex|Unnerve\n|turn|3\n|\n|t:|1772144671\n|-terastallize|p1a: Calyrex|Water\n|move|p2b: Iron Valiant|Coaching|p2a: Groudon\n|-boost|p2a: Groudon|atk|1\n|-boost|p2a: Groudon|def|1\n|move|p2a: Groudon|Thunder Punch|p1b: Ho-Oh\n|-supereffective|p1b: Ho-Oh\n|-damage|p1b: Ho-Oh|44/100\n|-status|p1b: Ho-Oh|par\n|-damage|p2a: Groudon|31/100|[from] item: Rocky Helmet|[of] p1b: Ho-Oh\n|move|p1b: Ho-Oh|Whirlwind|p2a: Groudon\n|drag|p2a: Lugia|Lugia, L50|100/100\n|move|p1a: Calyrex|Trick Room|p1a: Calyrex\n|-fieldstart|move: Trick Room|[of] p1a: Calyrex\n|\n|-weather|SunnyDay|[upkeep]\n|upkeep\n|turn|4\n|inactive|Lowpass has 30 seconds left.\n|inactive|Lowpass has 20 seconds left.\n|inactive|Lowpass has 15 seconds left.\n|\n|t:|1772144712\n|move|p2b: Iron Valiant|Wide Guard|p2b: Iron Valiant\n|-singleturn|p2b: Iron Valiant|Wide Guard\n|move|p1b: Ho-Oh|Sacred Fire|p2b: Iron Valiant\n|-damage|p2b: Iron Valiant|40/100\n|move|p1a: Calyrex|Glacial Lance|p2a: Lugia|[spread] \n|-activate|p2a: Lugia|move: Wide Guard\n|-activate|p2b: Iron Valiant|move: Wide Guard\n|move|p2a: Lugia|Calm Mind|p2a: Lugia\n|-boost|p2a: Lugia|spa|1\n|-boost|p2a: Lugia|spd|1\n|\n|-weather|SunnyDay|[upkeep]\n|upkeep\n|turn|5\n|\n|t:|1772144728\n|move|p2b: Iron Valiant|Wide Guard|p2b: Iron Valiant\n|-singleturn|p2b: Iron Valiant|Wide Guard\n|move|p1b: Ho-Oh|Sacred Fire|p2b: Iron Valiant\n|-damage|p2b: Iron Valiant|0 fnt\n|faint|p2b: Iron Valiant\n|-end|p2b: Iron Valiant|Quark Drive|[silent]\n|move|p1a: Calyrex|Leech Seed|p2a: Lugia|[miss]\n|-miss|p1a: Calyrex|p2a: Lugia\n|move|p2a: Lugia|Calm Mind|p2a: Lugia\n|-boost|p2a: Lugia|spa|1\n|-boost|p2a: Lugia|spd|1\n|\n|-weather|none\n|upkeep\n|\n|t:|1772144735\n|switch|p2b: Incineroar|Incineroar, L50, F|100/100\n|-status|p2b: Incineroar|psn\n|-ability|p2b: Incineroar|Intimidate|boost\n|-unboost|p1a: Calyrex|atk|1\n|-unboost|p1b: Ho-Oh|atk|1\n|turn|6\n|\n|t:|1772144753\n|move|p2b: Incineroar|Fake Out|p1a: Calyrex\n|-damage|p1a: Calyrex|95/100\n|cant|p1a: Calyrex|flinch\n|move|p2a: Lugia|Aeroblast|p1b: Ho-Oh\n|-damage|p1b: Ho-Oh|0 fnt\n|faint|p1b: Ho-Oh\n|\n|-heal|p1a: Calyrex|100/100|[from] item: Leftovers\n|-damage|p2b: Incineroar|88/100 psn|[from] psn\n|upkeep\n|turn|7\n|\n|t:|1772144766\n|move|p1a: Calyrex|Leech Seed|p2a: Lugia\n|-start|p2a: Lugia|move: Leech Seed\n|move|p2b: Incineroar|Parting Shot|p1a: Calyrex\n|-unboost|p1a: Calyrex|atk|1\n|-unboost|p1a: Calyrex|spa|1\n|\n|t:|1772144769\n|switch|p2b: Groudon|Groudon, L50, shiny, tera:Fire|31/100|[from] Parting Shot\n|-status|p2b: Groudon|psn\n|-weather|SunnyDay|[from] ability: Drought|[of] p2b: Groudon\n|move|p2a: Lugia|Aeroblast|p1a: Calyrex\n|-damage|p1a: Calyrex|54/100\n|\n|-weather|SunnyDay|[upkeep]\n|-heal|p1a: Calyrex|60/100|[from] item: Leftovers\n|-damage|p2a: Lugia|88/100|[from] Leech Seed|[of] p1a: Calyrex\n|-heal|p1a: Calyrex|72/100|[silent]\n|-damage|p2b: Groudon|19/100 psn|[from] psn\n|-fieldend|move: Trick Room\n|upkeep\n|turn|8\n|\n|t:|1772144789\n|move|p2a: Lugia|Calm Mind|p2a: Lugia\n|-boost|p2a: Lugia|spa|1\n|-boost|p2a: Lugia|spd|1\n|move|p2b: Groudon|Thunder Punch|p1a: Calyrex\n|-supereffective|p1a: Calyrex\n|-damage|p1a: Calyrex|42/100\n|move|p1a: Calyrex|Glacial Lance|p2a: Lugia|[spread] p2a,p2b\n|-supereffective|p2a: Lugia\n|-resisted|p2b: Groudon\n|-damage|p2a: Lugia|56/100\n|-damage|p2b: Groudon|10/100 psn\n|\n|-weather|SunnyDay|[upkeep]\n|-heal|p2a: Lugia|62/100|[from] item: Leftovers\n|-heal|p1a: Calyrex|47/100|[from] item: Leftovers\n|-damage|p2a: Lugia|50/100|[from] Leech Seed|[of] p1a: Calyrex\n|-heal|p1a: Calyrex|60/100|[silent]\n|-damage|p2b: Groudon|0 fnt|[from] psn\n|faint|p2b: Groudon\n|upkeep\n|\n|t:|1772144795\n|switch|p2b: Incineroar|Incineroar, L50, F|88/100 psn\n|-ability|p2b: Incineroar|Intimidate|boost\n|-unboost|p1a: Calyrex|atk|1\n|turn|9\n|\n|t:|1772144811\n|move|p1a: Calyrex|Protect|p1a: Calyrex\n|-singleturn|p1a: Calyrex|Protect\n|move|p2b: Incineroar|Fake Out|p1a: Calyrex\n|-activate|p1a: Calyrex|move: Protect\n|move|p2a: Lugia|Recover|p2a: Lugia\n|-heal|p2a: Lugia|99/100\n|\n|-weather|SunnyDay|[upkeep]\n|-heal|p2a: Lugia|100/100|[from] item: Leftovers\n|-heal|p1a: Calyrex|66/100|[from] item: Leftovers\n|-damage|p2a: Lugia|88/100|[from] Leech Seed|[of] p1a: Calyrex\n|-heal|p1a: Calyrex|78/100|[silent]\n|-damage|p2b: Incineroar|76/100 psn|[from] psn\n|upkeep\n|turn|10\n|\n|t:|1772144826\n|move|p2a: Lugia|Aeroblast|p1a: Calyrex\n|-damage|p1a: Calyrex|13/100\n|move|p2b: Incineroar|Knock Off|p1a: Calyrex\n|-damage|p1a: Calyrex|0 fnt\n|-enditem|p1a: Calyrex|Leftovers|[from] move: Knock Off|[of] p2b: Incineroar\n|faint|p1a: Calyrex\n|\n|win|Lowpass\n|raw|drive stone's rating: 1276 &rarr; <strong>1259</strong><br />(-17 for losing)\n|raw|Lowpass's rating: 1393 &rarr; <strong>1407</strong><br />(+14 for winning)\n|l|\u2606drive stone\n|player|p1|\n|l|\u2606Lowpass\n|player|p2|\n","uploadtime":1772144986,"views":11,"formatid":"gen9vgc2026regi","rating":1259,"private":0,"password":null}