{"id":"gen9vgc2026regi-2547151323","format":"[Gen 9] VGC 2026 Reg I","players":["sceppycat","wasaad5"],"log":"|j|\u2606sceppycat\n|j|\u2606wasaad5\n|t:|1772051501\n|gametype|doubles\n|player|p1|sceppycat|170|1142\n|player|p2|wasaad5|blue|1281\n|gen|9\n|tier|[Gen 9] VGC 2026 Reg I\n|rated|\n|rule|Species Clause: Limit one of each Pok\u00e9mon\n|rule|Item Clause: Limit 1 of each item\n|clearpoke\n|poke|p1|Gallade, L50, M|\n|poke|p1|Koraidon, L50|\n|poke|p1|Groudon, L50|\n|poke|p1|Venusaur, L50, F|\n|poke|p1|Walking Wake, L50|\n|poke|p1|Cinderace, L50, M|\n|poke|p2|Kyurem-White, L50|\n|poke|p2|Zacian-*, L50|\n|poke|p2|Sableye, L50, M|\n|poke|p2|Urshifu-*, L50, F|\n|poke|p2|Amoonguss, L50, M|\n|poke|p2|Incineroar, L50, M|\n|teampreview|4\n|\n|t:|1772051531\n|teamsize|p1|4\n|teamsize|p2|4\n|start\n|switch|p1a: Koraidon|Koraidon, L50|100/100\n|switch|p1b: Venusaur|Venusaur, L50, F|100/100\n|switch|p2a: Sableye|Sableye, L50, M|100/100\n|switch|p2b: Urshifu|Urshifu-Rapid-Strike, L50, F|100/100\n|-weather|SunnyDay|[from] ability: Orichalcum Pulse|[of] p1a: Koraidon\n|-activate|p1a: Koraidon|Orichalcum Pulse|[source]\n|turn|1\n|\n|t:|1772051550\n|move|p2a: Sableye|Rain Dance|p2a: Sableye\n|-weather|RainDance\n|move|p2b: Urshifu|U-turn|p1b: Venusaur\n|-damage|p1b: Venusaur|63/100\n|\n|t:|1772051554\n|switch|p2b: Zacian|Zacian-Crowned, L50|100/100|[from] U-turn\n|-ability|p2b: Zacian|Intrepid Sword|boost\n|-boost|p2b: Zacian|atk|1\n|move|p1a: Koraidon|Dual Wingbeat|p2b: Zacian\n|-resisted|p2b: Zacian\n|-damage|p2b: Zacian|94/100\n|-resisted|p2b: Zacian\n|-damage|p2b: Zacian|87/100\n|-hitcount|p2b: Zacian|2\n|move|p1b: Venusaur|Sleep Powder|p2b: Zacian\n|-status|p2b: Zacian|slp|[from] move: Sleep Powder\n|\n|-weather|RainDance|[upkeep]\n|-heal|p1b: Venusaur|69/100|[from] item: Leftovers\n|upkeep\n|turn|2\n|\n|t:|1772051580\n|switch|p1a: Walking Wake|Walking Wake, L50|100/100\n|move|p2a: Sableye|Disable|p1b: Venusaur\n|-start|p1b: Venusaur|Disable|Sleep Powder\n|cant|p2b: Zacian|slp\n|move|p1b: Venusaur|Growth|p1b: Venusaur\n|-boost|p1b: Venusaur|atk|1\n|-boost|p1b: Venusaur|spa|1\n|\n|-weather|RainDance|[upkeep]\n|-heal|p1b: Venusaur|75/100|[from] item: Leftovers\n|upkeep\n|turn|3\n|\n|t:|1772051593\n|-end|p1a: Walking Wake|Protosynthesis|[silent]\n|switch|p1a: Koraidon|Koraidon, L50|100/100\n|-weather|SunnyDay|[from] ability: Orichalcum Pulse|[of] p1a: Koraidon\n|-activate|p1a: Koraidon|Orichalcum Pulse|[source]\n|move|p2a: Sableye|Encore|p1b: Venusaur\n|-start|p1b: Venusaur|Encore\n|move|p1b: Venusaur|Growth|p1b: Venusaur\n|-boost|p1b: Venusaur|atk|2\n|-boost|p1b: Venusaur|spa|2\n|cant|p2b: Zacian|slp\n|\n|-weather|SunnyDay|[upkeep]\n|-heal|p1b: Venusaur|80/100|[from] item: Leftovers\n|upkeep\n|turn|4\n|\n|t:|1772051611\n|switch|p1b: Cinderace|Cinderace, L50, M|100/100\n|move|p2a: Sableye|Rain Dance|p2a: Sableye\n|-weather|RainDance\n|cant|p2b: Zacian|slp\n|move|p1a: Koraidon|Flare Blitz|p2b: Zacian\n|-supereffective|p2b: Zacian\n|-damage|p2b: Zacian|45/100 slp\n|-damage|p1a: Koraidon|87/100|[from] Recoil\n|\n|-weather|RainDance|[upkeep]\n|upkeep\n|turn|5\n|\n|t:|1772051634\n|switch|p1a: Walking Wake|Walking Wake, L50|100/100\n|-terastallize|p2b: Zacian|Ground\n|move|p2a: Sableye|Disable||[still]\n|-fail|p2a: Sableye\n|-curestatus|p2b: Zacian|slp|[msg]\n|move|p2b: Zacian|Tera Blast|p1b: Cinderace|[anim] Tera Blast Ground\n|-supereffective|p1b: Cinderace\n|-damage|p1b: Cinderace|0 fnt\n|faint|p1b: Cinderace\n|\n|-weather|RainDance|[upkeep]\n|upkeep\n|\n|t:|1772051644\n|switch|p1b: Koraidon|Koraidon, L50|87/100\n|-weather|SunnyDay|[from] ability: Orichalcum Pulse|[of] p1b: Koraidon\n|-activate|p1a: Walking Wake|ability: Protosynthesis\n|-start|p1a: Walking Wake|protosynthesisspa\n|-activate|p1b: Koraidon|Orichalcum Pulse|[source]\n|turn|6\n|\n|t:|1772051654\n|switch|p1b: Venusaur|Venusaur, L50, F|80/100\n|move|p2b: Zacian|Protect|p2b: Zacian\n|-singleturn|p2b: Zacian|Protect\n|move|p2a: Sableye|Rain Dance|p2a: Sableye\n|-weather|RainDance\n|-end|p1a: Walking Wake|Protosynthesis\n|move|p1a: Walking Wake|Hydro Steam|p2b: Zacian\n|-activate|p2b: Zacian|move: Protect\n|\n|-weather|RainDance|[upkeep]\n|-heal|p1b: Venusaur|86/100|[from] item: Leftovers\n|upkeep\n|turn|7\n|\n|t:|1772051671\n|switch|p2a: Kyurem|Kyurem-White, L50, shiny|100/100\n|-ability|p2a: Kyurem|Turboblaze\n|move|p2b: Zacian|Play Rough|p1a: Walking Wake|[miss]\n|-miss|p2b: Zacian|p1a: Walking Wake\n|move|p1a: Walking Wake|Hydro Steam|p2b: Zacian\n|-supereffective|p2b: Zacian\n|-damage|p2b: Zacian|0 fnt\n|faint|p2b: Zacian\n|move|p1b: Venusaur|Sleep Powder|p2a: Kyurem\n|-status|p2a: Kyurem|slp|[from] move: Sleep Powder\n|\n|-weather|RainDance|[upkeep]\n|-heal|p1b: Venusaur|92/100|[from] item: Leftovers\n|upkeep\n|\n|t:|1772051676\n|switch|p2b: Urshifu|Urshifu-Rapid-Strike, L50, F|100/100\n|turn|8\n|\n|t:|1772051704\n|-end|p1a: Walking Wake|Protosynthesis|[silent]\n|switch|p1a: Koraidon|Koraidon, L50|87/100\n|-weather|SunnyDay|[from] ability: Orichalcum Pulse|[of] p1a: Koraidon\n|-activate|p1a: Koraidon|Orichalcum Pulse|[source]\n|move|p1b: Venusaur|Growth|p1b: Venusaur\n|-boost|p1b: Venusaur|atk|2\n|-boost|p1b: Venusaur|spa|2\n|move|p2b: Urshifu|U-turn|p1b: Venusaur\n|-damage|p1b: Venusaur|59/100\n|\n|t:|1772051713\n|switch|p2b: Sableye|Sableye, L50, M|100/100|[from] U-turn\n|cant|p2a: Kyurem|slp\n|\n|-weather|SunnyDay|[upkeep]\n|-heal|p1b: Venusaur|65/100|[from] item: Leftovers\n|upkeep\n|turn|9\n|\n|t:|1772051727\n|move|p2b: Sableye|Rain Dance|p2b: Sableye\n|-weather|RainDance\n|move|p1a: Koraidon|Collision Course|p2a: Kyurem\n|-supereffective|p2a: Kyurem\n|-damage|p2a: Kyurem|0 fnt\n|faint|p2a: Kyurem\n|move|p1b: Venusaur|Energy Ball|p2b: Sableye\n|-enditem|p2b: Sableye|Focus Sash\n|-damage|p2b: Sableye|1/100\n|\n|-weather|RainDance|[upkeep]\n|-heal|p1b: Venusaur|71/100|[from] item: Leftovers\n|upkeep\n|-message|wasaad5 forfeited.\n|\n|win|sceppycat\n|raw|sceppycat's rating: 1142 &rarr; <strong>1177</strong><br />(+35 for winning)\n|raw|wasaad5's rating: 1281 &rarr; <strong>1246</strong><br />(-35 for losing)\n|l|\u2606wasaad5\n|player|p2|\n|l|\u2606sceppycat\n|player|p1|\n","uploadtime":1772051917,"views":14,"formatid":"gen9vgc2026regi","rating":1177,"private":0,"password":null}