{"id":"gen9vgc2026regi-2585938554","format":"[Gen 9] VGC 2026 Reg I","players":["bjrcjggjhvb","labubumechanics"],"log":"|j|\u2606bjrcjggjhvb\n|j|\u2606labubumechanics\n|t:|1776383226\n|gametype|doubles\n|player|p1|bjrcjggjhvb|1|1461\n|player|p2|labubumechanics|hiker-gen4|1508\n|gen|9\n|tier|[Gen 9] VGC 2026 Reg I\n|rated|\n|rule|Species Clause: Limit one of each Pok\u00e9mon\n|rule|Item Clause: Limit 1 of each item\n|clearpoke\n|poke|p1|Calyrex-Ice, L50|\n|poke|p1|Kyogre, L50|\n|poke|p1|Farigiraf, L50, F|\n|poke|p1|Slowking-Galar, L50, M|\n|poke|p1|Porygon2, L50|\n|poke|p1|Clodsire, L50, M|\n|poke|p2|Sinistcha, L50|\n|poke|p2|Urshifu-*, L50, F|\n|poke|p2|Terapagos, L50, M|\n|poke|p2|Miraidon, L50|\n|poke|p2|Incineroar, L50, M|\n|poke|p2|Iron Treads, L50|\n|teampreview|4\n|l|\u2606labubumechanics\n|player|p2|\n|inactive|Battle timer is ON: inactive players will automatically lose when time's up. (requested by bjrcjggjhvb)\n|j|\u2606labubumechanics\n|inactive|labubumechanics reconnected and has 80 seconds left.\n|player|p2|labubumechanics|hiker-gen4|\nbjrcjggjhvb rejected open team sheets.\n|inactive|labubumechanics has 60 seconds left.\n|\n|t:|1776383277\n|teamsize|p1|4\n|teamsize|p2|4\n|start\n|switch|p1a: Farigiraf|Farigiraf, L50, F|100/100\n|switch|p1b: Calyrex|Calyrex-Ice, L50|100/100\n|switch|p2a: Urshifu|Urshifu-Rapid-Strike, L50, F|100/100\n|switch|p2b: Incineroar|Incineroar, L50, M|100/100\n|-ability|p1b: Calyrex|As One\n|-ability|p1b: Calyrex|Unnerve\n|-ability|p2b: Incineroar|Intimidate|boost\n|-unboost|p1a: Farigiraf|atk|1\n|-unboost|p1b: Calyrex|atk|1\n|turn|1\n|inactive|bjrcjggjhvb has 30 seconds left.\n|inactive|bjrcjggjhvb has 20 seconds left.\n|inactive|bjrcjggjhvb has 15 seconds left.\n|\n|t:|1776383321\n|move|p1a: Farigiraf|Protect|p1a: Farigiraf\n|-singleturn|p1a: Farigiraf|Protect\n|move|p2a: Urshifu|Surging Strikes|p1a: Farigiraf\n|-crit|p1a: Farigiraf\n|-damage|p1a: Farigiraf|77/100\n|-crit|p1a: Farigiraf\n|-damage|p1a: Farigiraf|54/100\n|-crit|p1a: Farigiraf\n|-damage|p1a: Farigiraf|31/100\n|-hitcount|p1a: Farigiraf|3\n|move|p2b: Incineroar|Knock Off|p1a: Farigiraf\n|-activate|p1a: Farigiraf|move: Protect\n|move|p1b: Calyrex|Trick Room|p1b: Calyrex\n|-fieldstart|move: Trick Room|[of] p1b: Calyrex\n|\n|upkeep\n|turn|2\n|inactive|labubumechanics has 30 seconds left.\n|\n|t:|1776383348\n|switch|p1a: Slowking|Slowking-Galar, L50, M|100/100\n|-clearboost|p1b: Calyrex|[from] ability: Curious Medicine|[of] p1a: Slowking\n|move|p2a: Urshifu|Detect|p2a: Urshifu\n|-singleturn|p2a: Urshifu|Protect\n|move|p1b: Calyrex|Glacial Lance|p2a: Urshifu|[spread] p2b\n|-activate|p2a: Urshifu|move: Protect\n|-resisted|p2b: Incineroar\n|-damage|p2b: Incineroar|67/100\n|-damage|p1b: Calyrex|91/100|[from] item: Life Orb\n|move|p2b: Incineroar|U-turn|p1a: Slowking\n|-damage|p1a: Slowking|83/100\n|\n|t:|1776383362\n|switch|p2b: Terapagos|Terapagos, L50, M|100/100|[from] U-turn\n|-activate|p2b: Terapagos|ability: Tera Shift\n|detailschange|p2b: Terapagos|Terapagos-Terastal, L50, M\n|-heal|p2b: Terapagos|100/100|[silent]\n|\n|-heal|p1a: Slowking|89/100|[from] item: Leftovers\n|upkeep\n|turn|3\n|\n|t:|1776383389\n|switch|p2a: Incineroar|Incineroar, L50, M|67/100\n|-ability|p2a: Incineroar|Intimidate|boost\n|-unboost|p1a: Slowking|atk|1\n|-unboost|p1b: Calyrex|atk|1\n|move|p1a: Slowking|Sludge Bomb|p2a: Incineroar\n|-damage|p2a: Incineroar|43/100\n|move|p1b: Calyrex|Glacial Lance|p2b: Terapagos|[spread] p2a,p2b\n|-resisted|p2a: Incineroar\n|-activate|p2b: Terapagos|ability: Tera Shell\n|-resisted|p2b: Terapagos\n|-damage|p2a: Incineroar|23/100\n|-damage|p2b: Terapagos|85/100\n|-damage|p1b: Calyrex|81/100|[from] item: Life Orb\n|move|p2b: Terapagos|Calm Mind|p2b: Terapagos\n|-boost|p2b: Terapagos|spa|1\n|-boost|p2b: Terapagos|spd|1\n|\n|-heal|p1a: Slowking|95/100|[from] item: Leftovers\n|upkeep\n|turn|4\n|\n|t:|1776383411\n|switch|p1a: Farigiraf|Farigiraf, L50, F|31/100\n|-terastallize|p2b: Terapagos|Stellar\n|detailschange|p2b: Terapagos|Terapagos-Stellar, L50, M, tera:Stellar\n|-heal|p2b: Terapagos|89/100|[silent]\n|move|p2a: Incineroar|Fake Out||[still]\n|cant|p1a: Farigiraf|ability: Armor Tail|Fake Out|[of] p2a: Incineroar\n|move|p1b: Calyrex|Close Combat|p2b: Terapagos\n|-supereffective|p2b: Terapagos\n|-damage|p2b: Terapagos|41/100\n|-unboost|p1b: Calyrex|def|1\n|-unboost|p1b: Calyrex|spd|1\n|-damage|p1b: Calyrex|72/100|[from] item: Life Orb\n|move|p2b: Terapagos|Earth Power|p1a: Farigiraf\n|-damage|p1a: Farigiraf|0 fnt\n|faint|p1a: Farigiraf\n|\n|upkeep\n|inactive|bjrcjggjhvb has 30 seconds left.\n|\n|t:|1776383438\n|switch|p1a: Slowking|Slowking-Galar, L50, M|95/100\n|-clearboost|p1b: Calyrex|[from] ability: Curious Medicine|[of] p1a: Slowking\n|turn|5\n|\n|t:|1776383453\n|move|p2b: Terapagos|Protect|p2b: Terapagos\n|-singleturn|p2b: Terapagos|Protect\n|move|p1a: Slowking|Psychic|p2b: Terapagos\n|-activate|p2b: Terapagos|move: Protect\n|move|p1b: Calyrex|Glacial Lance|p2a: Incineroar|[spread] p2a\n|-activate|p2b: Terapagos|move: Protect\n|-resisted|p2a: Incineroar\n|-damage|p2a: Incineroar|0 fnt\n|faint|p2a: Incineroar\n|-ability|p1b: Calyrex|Chilling Neigh|boost\n|-boost|p1b: Calyrex|atk|1\n|-damage|p1b: Calyrex|62/100|[from] item: Life Orb\n|\n|-heal|p1a: Slowking|100/100|[from] item: Leftovers\n|-fieldend|move: Trick Room\n|upkeep\n|\n|t:|1776383459\n|switch|p2a: Miraidon|Miraidon, L50, shiny|100/100\n|-fieldstart|move: Electric Terrain|[from] ability: Hadron Engine|[of] p2a: Miraidon\n|-enditem|p2b: Terapagos|Electric Seed\n|-boost|p2b: Terapagos|def|1|[from] item: Electric Seed\n|turn|6\n|\n|t:|1776383475\n|move|p1b: Calyrex|Protect|p1b: Calyrex\n|-singleturn|p1b: Calyrex|Protect\n|move|p2a: Miraidon|Electro Drift|p1b: Calyrex\n|-activate|p1b: Calyrex|move: Protect\n|move|p2b: Terapagos|Tera Starstorm|p1a: Slowking|[spread] p1a\n|-activate|p1b: Calyrex|move: Protect\n|-damage|p1a: Slowking|62/100\n|move|p1a: Slowking|Trick Room|p1a: Slowking\n|-fieldstart|move: Trick Room|[of] p1a: Slowking\n|\n|-heal|p1a: Slowking|68/100|[from] item: Leftovers\n|upkeep\n|turn|7\n|inactive|bjrcjggjhvb has 30 seconds left.\n|\n|t:|1776383502\n|switch|p2a: Urshifu|Urshifu-Rapid-Strike, L50, F|100/100\n|move|p1a: Slowking|Psychic|p2a: Urshifu\n|-supereffective|p2a: Urshifu\n|-enditem|p2a: Urshifu|Focus Sash\n|-damage|p2a: Urshifu|1/100\n|move|p1b: Calyrex|Glacial Lance|p2a: Urshifu|[spread] p2a,p2b\n|-resisted|p2a: Urshifu\n|-damage|p2a: Urshifu|0 fnt\n|-damage|p2b: Terapagos|5/100\n|faint|p2a: Urshifu\n|-ability|p1b: Calyrex|Chilling Neigh|boost\n|-boost|p1b: Calyrex|atk|1\n|-damage|p1b: Calyrex|52/100|[from] item: Life Orb\n|move|p2b: Terapagos|Earth Power|p1a: Slowking\n|-supereffective|p1a: Slowking\n|-damage|p1a: Slowking|0 fnt\n|faint|p1a: Slowking\n|\n|upkeep\n|\n|t:|1776383509\n|switch|p1a: Kyogre|Kyogre, L50|100/100\n|switch|p2a: Miraidon|Miraidon, L50, shiny|100/100\n|-weather|RainDance|[from] ability: Drizzle|[of] p1a: Kyogre\n|-activate|p2a: Miraidon|ability: Hadron Engine\n|turn|8\n|\n|t:|1776383523\n|-terastallize|p1a: Kyogre|Water\n|move|p2b: Terapagos|Protect|p2b: Terapagos\n|-singleturn|p2b: Terapagos|Protect\n|move|p1a: Kyogre|Water Spout|p2b: Terapagos|[spread] p2a\n|-activate|p2b: Terapagos|move: Protect\n|-resisted|p2a: Miraidon\n|-damage|p2a: Miraidon|38/100\n|move|p1b: Calyrex|Glacial Lance|p2b: Terapagos|[spread] p2a\n|-activate|p2b: Terapagos|move: Protect\n|-supereffective|p2a: Miraidon\n|-damage|p2a: Miraidon|0 fnt\n|faint|p2a: Miraidon\n|-ability|p1b: Calyrex|Chilling Neigh|boost\n|-boost|p1b: Calyrex|atk|1\n|-damage|p1b: Calyrex|43/100|[from] item: Life Orb\n|\n|-weather|RainDance|[upkeep]\n|upkeep\n|turn|9\n|\n|t:|1776383528\n|move|p1a: Kyogre|Water Spout|p2b: Terapagos\n|-damage|p2b: Terapagos|0 fnt\n|faint|p2b: Terapagos\n|detailschange|p2: Terapagos|Terapagos, L50, M|[silent]\n|\n|win|bjrcjggjhvb\n|raw|bjrcjggjhvb's rating: 1461 &rarr; <strong>1484</strong><br />(+23 for winning)\n|raw|labubumechanics's rating: 1508 &rarr; <strong>1485</strong><br />(-23 for losing)\n","uploadtime":1776383530,"views":10,"formatid":"gen9vgc2026regi","rating":1484,"private":0,"password":null}