{"id":"gen9vgc2026regi-2580431714","format":"[Gen 9] VGC 2026 Reg I","players":["Ah (surskit voice)","FRESHmustard"],"log":"|j|\u2606Ah (surskit voice)\n|j|\u2606FRESHmustard\n|t:|1775895564\n|gametype|doubles\n|player|p1|Ah (surskit voice)|266|1529\n|player|p2|FRESHmustard|clair|1422\n|gen|9\n|tier|[Gen 9] VGC 2026 Reg I\n|rated|\n|rule|Species Clause: Limit one of each Pok\u00e9mon\n|rule|Item Clause: Limit 1 of each item\n|clearpoke\n|poke|p1|Miraidon, L50|\n|poke|p1|Iron Bundle, L50|\n|poke|p1|Incineroar, L50, M|\n|poke|p1|Ursaluna, L50, F|\n|poke|p1|Lunala, L50|\n|poke|p1|Ogerpon-Cornerstone, L50, F|\n|poke|p2|Lunala, L50|\n|poke|p2|Ursaluna, L50, F|\n|poke|p2|Urshifu-*, L50, F|\n|poke|p2|Miraidon, L50|\n|poke|p2|Grimmsnarl, L50, M|\n|poke|p2|Incineroar, L50, M|\n|teampreview|4\n|\n|t:|1775895624\n|teamsize|p1|4\n|teamsize|p2|4\n|start\n|switch|p1a: Iron Bundle|Iron Bundle, L50|100/100\n|switch|p1b: Miraidon|Miraidon, L50|100/100\n|switch|p2a: Incineroar|Incineroar, L50, M|100/100\n|switch|p2b: Lunala|Lunala, L50|100/100\n|-fieldstart|move: Electric Terrain|[from] ability: Hadron Engine|[of] p1b: Miraidon\n|-activate|p1a: Iron Bundle|ability: Quark Drive\n|-start|p1a: Iron Bundle|quarkdrivespe\n|-enditem|p2b: Lunala|Electric Seed\n|-boost|p2b: Lunala|def|1|[from] item: Electric Seed\n|-ability|p2a: Incineroar|Intimidate|boost\n|-unboost|p1a: Iron Bundle|atk|1\n|-unboost|p1b: Miraidon|atk|1\n|turn|1\n|\n|t:|1775895663\n|-end|p1a: Iron Bundle|Quark Drive|[silent]\n|switch|p1a: Ursaluna|Ursaluna, L50, F|100/100\n|move|p2a: Incineroar|Fake Out|p1b: Miraidon\n|-crit|p1b: Miraidon\n|-damage|p1b: Miraidon|86/100\n|cant|p1b: Miraidon|flinch\n|move|p2b: Lunala|Trick Room|p2b: Lunala\n|-fieldstart|move: Trick Room|[of] p2b: Lunala\n|\n|-status|p1a: Ursaluna|brn|[from] item: Flame Orb\n|upkeep\n|turn|2\n|\n|t:|1775895683\n|switch|p2a: Ursaluna|Ursaluna, L50, F|100/100\n|-terastallize|p2b: Lunala|Fairy\n|move|p1a: Ursaluna|Headlong Rush|p2a: Ursaluna\n|-damage|p2a: Ursaluna|14/100\n|-unboost|p1a: Ursaluna|def|1\n|-unboost|p1a: Ursaluna|spd|1\n|move|p2b: Lunala|Moonblast|p1a: Ursaluna\n|-damage|p1a: Ursaluna|29/100 brn\n|-unboost|p1a: Ursaluna|spa|1\n|move|p1b: Miraidon|Volt Switch|p2b: Lunala\n|-damage|p2b: Lunala|65/100\n|\n|t:|1775895704\n|switch|p1b: Lunala|Lunala, L50|100/100|[from] Volt Switch\n|-enditem|p1b: Lunala|Electric Seed\n|-boost|p1b: Lunala|def|1|[from] item: Electric Seed\n|\n|-damage|p1a: Ursaluna|23/100 brn|[from] brn\n|-status|p2a: Ursaluna|brn|[from] item: Flame Orb\n|upkeep\n|turn|3\n|\n|t:|1775895718\n|-terastallize|p1b: Lunala|Fairy\n|move|p1b: Lunala|Wide Guard|p1b: Lunala\n|-singleturn|p1b: Lunala|Wide Guard\n|move|p1a: Ursaluna|Earthquake|p2a: Ursaluna|[spread] p2a,p2b\n|-activate|p1b: Lunala|move: Wide Guard\n|-damage|p2a: Ursaluna|0 fnt\n|-damage|p2b: Lunala|35/100\n|faint|p2a: Ursaluna\n|move|p2b: Lunala|Moongeist Beam|p1b: Lunala\n|-damage|p1b: Lunala|82/100\n|\n|-damage|p1a: Ursaluna|17/100 brn|[from] brn\n|upkeep\n|\n|t:|1775895729\n|switch|p2a: Incineroar|Incineroar, L50, M|100/100\n|-ability|p2a: Incineroar|Intimidate|boost\n|-unboost|p1a: Ursaluna|atk|1\n|-unboost|p1b: Lunala|atk|1\n|turn|4\n|\n|t:|1775895747\n|move|p2b: Lunala|Wide Guard|p2b: Lunala\n|-singleturn|p2b: Lunala|Wide Guard\n|move|p1a: Ursaluna|Facade|p2b: Lunala\n|-damage|p2b: Lunala|0 fnt\n|faint|p2b: Lunala\n|move|p2a: Incineroar|Knock Off|p1b: Lunala\n|-resisted|p1b: Lunala\n|-damage|p1b: Lunala|75/100\n|move|p1b: Lunala|Moongeist Beam|p2a: Incineroar\n|-resisted|p2a: Incineroar\n|-damage|p2a: Incineroar|73/100\n|\n|-damage|p1a: Ursaluna|11/100 brn|[from] brn\n|upkeep\n|\n|t:|1775895752\n|switch|p2b: Miraidon|Miraidon, L50|100/100\n|-activate|p2b: Miraidon|ability: Hadron Engine\n|turn|5\n|\n|t:|1775895772\n|move|p1b: Lunala|Wide Guard|p1b: Lunala\n|-singleturn|p1b: Lunala|Wide Guard\n|move|p1a: Ursaluna|Earthquake|p2a: Incineroar|[spread] p2a,p2b\n|-activate|p1b: Lunala|move: Wide Guard\n|-supereffective|p2a: Incineroar\n|-supereffective|p2b: Miraidon\n|-damage|p2a: Incineroar|7/100\n|-damage|p2b: Miraidon|27/100\n|move|p2a: Incineroar|Knock Off|p1a: Ursaluna\n|-damage|p1a: Ursaluna|0 fnt\n|-enditem|p1a: Ursaluna|Flame Orb|[from] move: Knock Off|[of] p2a: Incineroar\n|faint|p1a: Ursaluna\n|move|p2b: Miraidon|Electro Drift|p1b: Lunala\n|-crit|p1b: Lunala\n|-damage|p1b: Lunala|0 fnt\n|faint|p1b: Lunala\n|\n|-fieldend|move: Trick Room\n|-fieldend|move: Electric Terrain\n|upkeep\n|\n|t:|1775895788\n|switch|p1b: Miraidon|Miraidon, L50|86/100\n|switch|p1a: Iron Bundle|Iron Bundle, L50|100/100\n|-fieldstart|move: Electric Terrain|[from] ability: Hadron Engine|[of] p1b: Miraidon\n|-activate|p1a: Iron Bundle|ability: Quark Drive\n|-start|p1a: Iron Bundle|quarkdrivespe\n|turn|6\n|-message|FRESHmustard forfeited.\n|\n|win|Ah (surskit voice)\n|raw|Ah (surskit voice)'s rating: 1529 &rarr; <strong>1543</strong><br />(+14 for winning)\n|raw|FRESHmustard's rating: 1422 &rarr; <strong>1408</strong><br />(-14 for losing)\n|l|\u2606FRESHmustard\n|player|p2|\n","uploadtime":1775895796,"views":11,"formatid":"gen9vgc2026regi","rating":1408,"private":0,"password":null}