{"id":"gen9vgc2026regi-2568507268","format":"[Gen 9] VGC 2026 Reg I","players":["987w","gancelot"],"log":"|j|\u2606987w\n|j|\u2606gancelot\n|t:|1774587291\n|gametype|doubles\n|player|p1|987w|lacey|1347\n|player|p2|gancelot|morty|1377\n|gen|9\n|tier|[Gen 9] VGC 2026 Reg I\n|rated|\n|rule|Species Clause: Limit one of each Pok\u00e9mon\n|rule|Item Clause: Limit 1 of each item\n|clearpoke\n|poke|p1|Miraidon, L50|\n|poke|p1|Calyrex-Ice, L50|\n|poke|p1|Volcarona, L50, F|\n|poke|p1|Incineroar, L50, F|\n|poke|p1|Urshifu-*, L50, F|\n|poke|p1|Whimsicott, L50, F|\n|poke|p2|Sinistcha, L50|\n|poke|p2|Urshifu-*, L50, M|\n|poke|p2|Terapagos, L50, M|\n|poke|p2|Miraidon, L50|\n|poke|p2|Incineroar, L50, F|\n|poke|p2|Iron Treads, L50|\n|teampreview|4\n|inactive|Battle timer is ON: inactive players will automatically lose when time's up. (requested by gancelot)\n|inactive|gancelot has 60 seconds left.\n|\n|t:|1774587339\n|teamsize|p1|4\n|teamsize|p2|4\n|start\n|switch|p1a: Miraidon|Miraidon, L50|100/100\n|switch|p1b: Volcarona|Volcarona, L50, F|100/100\n|switch|p2a: Terapagos|Terapagos, L50, M|100/100\n|switch|p2b: Incineroar|Incineroar, L50, F|100/100\n|-activate|p2a: Terapagos|ability: Tera Shift\n|detailschange|p2a: Terapagos|Terapagos-Terastal, L50, M\n|-heal|p2a: Terapagos|100/100|[silent]\n|-fieldstart|move: Electric Terrain|[from] ability: Hadron Engine|[of] p1a: Miraidon\n|-enditem|p1b: Volcarona|Electric Seed\n|-boost|p1b: Volcarona|def|1|[from] item: Electric Seed\n|-enditem|p2a: Terapagos|Electric Seed\n|-boost|p2a: Terapagos|def|1|[from] item: Electric Seed\n|-ability|p2b: Incineroar|Intimidate|boost\n|-unboost|p1a: Miraidon|atk|1\n|-unboost|p1b: Volcarona|atk|1\n|turn|1\n|inactive|987w has 30 seconds left.\n|inactive|987w has 20 seconds left.\n|inactive|987w has 15 seconds left.\n|inactive|987w has 10 seconds left.\n|inactive|987w has 5 seconds left.\n|\n|t:|1774587394\n|move|p2b: Incineroar|Fake Out|p1b: Volcarona\n|-damage|p1b: Volcarona|90/100\n|move|p1a: Miraidon|Draco Meteor|p2b: Incineroar\n|-damage|p2b: Incineroar|47/100\n|-unboost|p1a: Miraidon|spa|2\n|cant|p1b: Volcarona|flinch\n|move|p2a: Terapagos|Calm Mind|p2a: Terapagos\n|-boost|p2a: Terapagos|spa|1\n|-boost|p2a: Terapagos|spd|1\n|\n|upkeep\n|turn|2\n|inactive|987w has 30 seconds left.\n|inactive|gancelot has 30 seconds left.\n|inactive|987w has 20 seconds left.\n|inactive|987w has 15 seconds left.\n|inactive|987w has 10 seconds left.\n|inactive|987w has 5 seconds left.\n|\n|t:|1774587449\n|move|p1a: Miraidon|Draco Meteor|p2a: Terapagos\n|-activate|p2a: Terapagos|ability: Tera Shell\n|-resisted|p2a: Terapagos\n|-damage|p2a: Terapagos|87/100\n|-unboost|p1a: Miraidon|spa|2\n|move|p1b: Volcarona|Fiery Dance|p2a: Terapagos\n|-damage|p2a: Terapagos|68/100\n|-boost|p1b: Volcarona|spa|1\n|move|p2a: Terapagos|Calm Mind|p2a: Terapagos\n|-boost|p2a: Terapagos|spa|1\n|-boost|p2a: Terapagos|spd|1\n|move|p2b: Incineroar|U-turn|p1a: Miraidon\n|-damage|p1a: Miraidon|84/100\n|\n|t:|1774587473\n|switch|p2b: Sinistcha|Sinistcha, L50|100/100|[from] U-turn\n|-heal|p2a: Terapagos|93/100|[from] ability: Hospitality|[of] p2b: Sinistcha\n|\n|upkeep\n|turn|3\n|inactive|987w has 30 seconds left.\n|inactive|987w has 20 seconds left.\n|inactive|987w has 15 seconds left.\n|inactive|987w has 10 seconds left.\n|inactive|987w has 5 seconds left.\n|\n|t:|1774587528\n|-terastallize|p2a: Terapagos|Stellar\n|detailschange|p2a: Terapagos|Terapagos-Stellar, L50, M, tera:Stellar\n|-heal|p2a: Terapagos|95/100|[silent]\n|-ability|p2a: Terapagos|Teraform Zero\n|-fieldend|move: Electric Terrain\n|move|p2b: Sinistcha|Protect|p2b: Sinistcha\n|-singleturn|p2b: Sinistcha|Protect\n|move|p1a: Miraidon|Draco Meteor|p2b: Sinistcha\n|-activate|p2b: Sinistcha|move: Protect\n|move|p1b: Volcarona|Fiery Dance|p2a: Terapagos\n|-damage|p2a: Terapagos|78/100\n|-boost|p1b: Volcarona|spa|1\n|move|p2a: Terapagos|Tera Starstorm|p1a: Miraidon|[spread] p1a,p1b\n|-damage|p1a: Miraidon|52/100\n|-damage|p1b: Volcarona|30/100\n|\n|upkeep\n|turn|4\n|inactive|987w has 30 seconds left.\n|inactive|gancelot has 30 seconds left.\n|inactive|987w has 20 seconds left.\n|inactive|gancelot has 20 seconds left.\n|inactive|987w has 15 seconds left.\n|inactive|gancelot has 15 seconds left.\n|inactive|987w has 10 seconds left.\n|inactive|987w has 5 seconds left.\n|\n|t:|1774587583\n|move|p2b: Sinistcha|Rage Powder|p2b: Sinistcha\n|-singleturn|p2b: Sinistcha|move: Rage Powder\n|move|p1a: Miraidon|Draco Meteor|p2b: Sinistcha\n|-crit|p2b: Sinistcha\n|-damage|p2b: Sinistcha|0 fnt\n|-unboost|p1a: Miraidon|spa|2\n|faint|p2b: Sinistcha\n|move|p1b: Volcarona|Fiery Dance|p2a: Terapagos\n|-damage|p2a: Terapagos|56/100\n|-boost|p1b: Volcarona|spa|1\n|move|p2a: Terapagos|Tera Starstorm|p1a: Miraidon|[spread] p1a,p1b\n|-damage|p1a: Miraidon|15/100\n|-damage|p1b: Volcarona|0 fnt\n|faint|p1b: Volcarona\n|\n|upkeep\n|inactive|987w has 30 seconds left.\n|inactive|987w has 20 seconds left.\n|inactive|987w has 15 seconds left.\n|inactive|987w has 10 seconds left.\n|inactive|987w has 5 seconds left.\n|\n|t:|1774587638\n|switch|p1b: Calyrex|Calyrex-Ice, L50|100/100\n|switch|p2b: Incineroar|Incineroar, L50, F|47/100\n|-ability|p1b: Calyrex|As One\n|-ability|p1b: Calyrex|Unnerve\n|-ability|p2b: Incineroar|Intimidate|boost\n|-unboost|p1a: Miraidon|atk|1\n|-fail|p1b: Calyrex|unboost|[from] item: Clear Amulet|[of] p1b: Calyrex\n|turn|5\n|inactive|987w has 30 seconds left.\n|inactive|987w has 20 seconds left.\n|inactive|987w has 15 seconds left.\n|inactive|987w has 10 seconds left.\n|inactive|987w has 5 seconds left.\n|\n|t:|1774587693\n|move|p2b: Incineroar|Fake Out|p1b: Calyrex\n|-damage|p1b: Calyrex|94/100\n|move|p1a: Miraidon|Draco Meteor|p2b: Incineroar\n|-damage|p2b: Incineroar|37/100\n|move|p2a: Terapagos|Tera Starstorm|p1b: Calyrex|[spread] p1a,p1b\n|-damage|p1a: Miraidon|0 fnt\n|-damage|p1b: Calyrex|53/100\n|faint|p1a: Miraidon\n|cant|p1b: Calyrex|flinch\n|\n|upkeep\n|\n|t:|1774587715\n|switch|p1a: Incineroar|Incineroar, L50, F|100/100\n|-ability|p1a: Incineroar|Intimidate|boost\n|-unboost|p2a: Terapagos|atk|1\n|-unboost|p2b: Incineroar|atk|1\n|turn|6\n|inactive|gancelot has 30 seconds left.\n|inactive|gancelot has 20 seconds left.\n|\n|t:|1774587754\n|-terastallize|p1b: Calyrex|Water\n|move|p1a: Incineroar|Fake Out|p2a: Terapagos\n|-damage|p2a: Terapagos|52/100\n|cant|p2a: Terapagos|flinch\n|move|p2b: Incineroar|Flare Blitz|p1b: Calyrex\n|-resisted|p1b: Calyrex\n|-damage|p1b: Calyrex|44/100\n|-damage|p2b: Incineroar|34/100|[from] Recoil\n|move|p1b: Calyrex|Trick Room|p1b: Calyrex\n|-fieldstart|move: Trick Room|[of] p1b: Calyrex\n|\n|upkeep\n|turn|7\n|inactive|gancelot has 30 seconds left.\n|\n|t:|1774587781\n|move|p2b: Incineroar|U-turn|p1a: Incineroar\n|-damage|p1a: Incineroar|90/100\n|\n|t:|1774587784\n|switch|p2b: Urshifu|Urshifu-Rapid-Strike, L50, M|100/100|[from] U-turn\n|move|p1a: Incineroar|Knock Off|p2a: Terapagos\n|-damage|p2a: Terapagos|44/100\n|move|p1b: Calyrex|Glacial Lance|p2b: Urshifu|[spread] p2a,p2b\n|-resisted|p2b: Urshifu\n|-damage|p2a: Terapagos|25/100\n|-damage|p2b: Urshifu|75/100\n|move|p2a: Terapagos|Tera Starstorm|p1b: Calyrex|[spread] p1a,p1b\n|-supereffective|p1b: Calyrex\n|-damage|p1a: Incineroar|40/100\n|-damage|p1b: Calyrex|0 fnt\n|faint|p1b: Calyrex\n|\n|upkeep\n|turn|8\n|-message|987w forfeited.\n|\n|win|gancelot\n|raw|987w's rating: 1347 &rarr; <strong>1329</strong><br />(-18 for losing)\n|raw|gancelot's rating: 1377 &rarr; <strong>1395</strong><br />(+18 for winning)\n|l|\u2606987w\n|player|p1|\n|l|\u2606gancelot\n|player|p2|\n","uploadtime":1774587294,"views":16,"formatid":"gen9vgc2026regi","rating":1329,"private":0,"password":null}