{"id":"gen9vgc2026regi-2520313961","format":"[Gen 9] VGC 2026 Reg I","players":["timtamtheman","alexit93"],"log":"|j|\u2606timtamtheman\n|j|\u2606alexit93\n|t:|1768612256\n|gametype|doubles\n|player|p1|timtamtheman|169|1196\n|player|p2|alexit93|lucas-gen4pt|1215\n|gen|9\n|tier|[Gen 9] VGC 2026 Reg I\n|rated|\n|rule|Species Clause: Limit one of each Pok\u00e9mon\n|rule|Item Clause: Limit 1 of each item\n|clearpoke\n|poke|p1|Koraidon, L50|\n|poke|p1|Lunala, L50|\n|poke|p1|Flutter Mane, L50|\n|poke|p1|Incineroar, L50, M|\n|poke|p1|Brute Bonnet, L50|\n|poke|p1|Ursaluna, L50, F|\n|poke|p2|Zamazenta-*, L50|\n|poke|p2|Riolu, L50, F|\n|poke|p2|Calyrex-Ice, L50|\n|poke|p2|Rillaboom, L50, F|\n|poke|p2|Incineroar, L50, M|\n|poke|p2|Urshifu-*, L50, F|\n|teampreview|4\n|inactive|Battle timer is ON: inactive players will automatically lose when time's up. (requested by timtamtheman)\n|inactive|timtamtheman has 60 seconds left.\n|\n|t:|1768612310\n|teamsize|p1|4\n|teamsize|p2|4\n|start\n|switch|p1a: Lunala|Lunala, L50|100/100\n|switch|p1b: Ursaluna|Ursaluna, L50, F|100/100\n|switch|p2a: Calyrex|Calyrex-Ice, L50|100/100\n|switch|p2b: Riolu|Riolu, L50, F|100/100\n|-ability|p2a: Calyrex|As One\n|-ability|p2a: Calyrex|Unnerve\n|turn|1\n|inactive|timtamtheman has 30 seconds left.\n|\n|t:|1768612340\n|-terastallize|p2a: Calyrex|Ground\n|move|p1b: Ursaluna|Protect|p1b: Ursaluna\n|-singleturn|p1b: Ursaluna|Protect\n|move|p2b: Riolu|Coaching|p2a: Calyrex\n|-boost|p2a: Calyrex|atk|1\n|-boost|p2a: Calyrex|def|1\n|move|p1a: Lunala|Moonblast|p2b: Riolu\n|-supereffective|p2b: Riolu\n|-damage|p2b: Riolu|24/100\n|move|p2a: Calyrex|Glacial Lance|p1b: Ursaluna|[spread] p1a\n|-activate|p1b: Ursaluna|move: Protect\n|-damage|p1a: Lunala|67/100\n|\n|-heal|p1a: Lunala|73/100|[from] item: Leftovers\n|-status|p1b: Ursaluna|brn|[from] item: Flame Orb\n|upkeep\n|turn|2\n|\n|t:|1768612354\n|move|p2a: Calyrex|Protect|p2a: Calyrex\n|-singleturn|p2a: Calyrex|Protect\n|move|p1a: Lunala|Wide Guard|p1a: Lunala\n|-singleturn|p1a: Lunala|Wide Guard\n|move|p2b: Riolu|Coaching|p2a: Calyrex\n|-boost|p2a: Calyrex|atk|1\n|-boost|p2a: Calyrex|def|1\n|move|p1b: Ursaluna|Facade|p2a: Calyrex\n|-activate|p2a: Calyrex|move: Protect\n|\n|-heal|p1a: Lunala|79/100|[from] item: Leftovers\n|-damage|p1b: Ursaluna|95/100 brn|[from] brn\n|upkeep\n|turn|3\n|\n|t:|1768612373\n|move|p1a: Lunala|Wide Guard|p1a: Lunala\n|-singleturn|p1a: Lunala|Wide Guard\n|move|p2b: Riolu|Feint|p1b: Ursaluna\n|-activate|p1b: Ursaluna|move: Feint\n|-damage|p1b: Ursaluna|90/100 brn\n|move|p2a: Calyrex|Glacial Lance|p1a: Lunala|[spread] p1a,p1b\n|-supereffective|p1b: Ursaluna\n|-damage|p1a: Lunala|0 fnt\n|-damage|p1b: Ursaluna|0 fnt\n|faint|p1a: Lunala\n|faint|p1b: Ursaluna\n|-ability|p2a: Calyrex|Chilling Neigh|boost\n|-boost|p2a: Calyrex|atk|2\n|\n|upkeep\n|inactive|timtamtheman has 30 seconds left.\n|inactive|timtamtheman has 20 seconds left.\n|\n|t:|1768612410\n|switch|p1a: Koraidon|Koraidon, L50|100/100\n|switch|p1b: Incineroar|Incineroar, L50, M|100/100\n|-weather|SunnyDay|[from] ability: Orichalcum Pulse|[of] p1a: Koraidon\n|-activate|p1a: Koraidon|Orichalcum Pulse|[source]\n|-ability|p1b: Incineroar|Intimidate|boost\n|-fail|p2a: Calyrex|unboost|[from] item: Clear Amulet|[of] p2a: Calyrex\n|-unboost|p2b: Riolu|atk|1\n|turn|4\n|\n|t:|1768612418\n|-terastallize|p1a: Koraidon|Fire\n|move|p2b: Riolu|Quick Guard|p2b: Riolu\n|-singleturn|p2b: Riolu|Quick Guard\n|move|p1b: Incineroar|Fake Out|p2a: Calyrex\n|-activate|p2a: Calyrex|move: Quick Guard\n|move|p1a: Koraidon|Flame Charge|p2b: Riolu\n|-damage|p2b: Riolu|0 fnt\n|-boost|p1a: Koraidon|spe|1\n|faint|p2b: Riolu\n|-damage|p1a: Koraidon|91/100|[from] item: Life Orb\n|move|p2a: Calyrex|Glacial Lance|p1b: Incineroar|[spread] p1a,p1b\n|-resisted|p1a: Koraidon\n|-resisted|p1b: Incineroar\n|-damage|p1a: Koraidon|12/100\n|-damage|p1b: Incineroar|22/100\n|\n|-weather|SunnyDay|[upkeep]\n|upkeep\n|\n|t:|1768612422\n|switch|p2b: Incineroar|Incineroar, L50, M|100/100\n|-ability|p2b: Incineroar|Intimidate|boost\n|-unboost|p1a: Koraidon|atk|1\n|-unboost|p1b: Incineroar|atk|1\n|turn|5\n|\n|t:|1768612435\n|move|p1a: Koraidon|Protect|p1a: Koraidon\n|-singleturn|p1a: Koraidon|Protect\n|move|p2b: Incineroar|Fake Out|p1a: Koraidon\n|-activate|p1a: Koraidon|move: Protect\n|move|p1b: Incineroar|Knock Off|p2a: Calyrex\n|-damage|p2a: Calyrex|91/100\n|-enditem|p2a: Calyrex|Clear Amulet|[from] move: Knock Off|[of] p1b: Incineroar\n|move|p2a: Calyrex|Trick Room|p2a: Calyrex\n|-fieldstart|move: Trick Room|[of] p2a: Calyrex\n|\n|-weather|SunnyDay|[upkeep]\n|upkeep\n|turn|6\n|-message|timtamtheman forfeited.\n|\n|win|alexit93\n|raw|timtamtheman's rating: 1196 &rarr; <strong>1172</strong><br />(-24 for losing)\n|raw|alexit93's rating: 1215 &rarr; <strong>1239</strong><br />(+24 for winning)\n|l|\u2606timtamtheman\n|player|p1|\n|l|\u2606alexit93\n|player|p2|\n","uploadtime":1768612715,"views":14,"formatid":"gen9vgc2026regi","rating":1172,"private":0,"password":null}