{"id":"gen9vgc2026regi-2528194907","format":"[Gen 9] VGC 2026 Reg I","players":["CHR1SPHX","Bellsproutfanwill"],"log":"|j|\u2606CHR1SPHX\n|j|\u203dBellsproutfanwill\n|t:|1769628924\n|gametype|doubles\n|player|p1|CHR1SPHX|hilbert-wonderlauncher|1352\n|player|p2|Bellsproutfanwill|hiker-gen4|1510\n|gen|9\n|tier|[Gen 9] VGC 2026 Reg I\n|rated|\n|rule|Species Clause: Limit one of each Pok\u00e9mon\n|rule|Item Clause: Limit 1 of each item\n|clearpoke\n|poke|p1|Incineroar, L50, M|\n|poke|p1|Koraidon, L50|\n|poke|p1|Flutter Mane, L50|\n|poke|p1|Brute Bonnet, L50|\n|poke|p1|Indeedee-F, L50, F|\n|poke|p1|Groudon, L50|\n|poke|p2|Terapagos, L50, M|\n|poke|p2|Rillaboom, L50, F|\n|poke|p2|Grimmsnarl, L50, M|\n|poke|p2|Incineroar, L50, F|\n|poke|p2|Chi-Yu, L50|\n|poke|p2|Calyrex-Shadow, L50|\n|teampreview|4\n|inactive|Battle timer is ON: inactive players will automatically lose when time's up. (requested by CHR1SPHX)\n|inactive|Bellsproutfanwill has 60 seconds left.\n|\n|t:|1769628970\n|teamsize|p1|4\n|teamsize|p2|4\n|start\n|switch|p1a: Groudon|Groudon, L50|100/100\n|switch|p1b: Brute Bonnet|Brute Bonnet, L50, shiny|100/100\n|switch|p2a: Terapagos|Terapagos, L50, M|100/100\n|switch|p2b: Incineroar|Incineroar, L50, F|100/100\n|-activate|p2a: Terapagos|ability: Tera Shift\n|detailschange|p2a: Terapagos|Terapagos-Terastal, L50, M\n|-heal|p2a: Terapagos|100/100|[silent]\n|-weather|SunnyDay|[from] ability: Drought|[of] p1a: Groudon\n|-activate|p1b: Brute Bonnet|ability: Protosynthesis\n|-start|p1b: Brute Bonnet|protosynthesisdef\n|-ability|p2b: Incineroar|Intimidate|boost\n|-fail|p1a: Groudon|unboost|[from] item: Clear Amulet|[of] p1a: Groudon\n|-unboost|p1b: Brute Bonnet|atk|1\n|turn|1\n|inactive|CHR1SPHX has 30 seconds left.\n|\n|t:|1769628998\n|move|p1a: Groudon|Precipice Blades|p2a: Terapagos|[spread] p2b\n|-miss|p1a: Groudon|p2a: Terapagos\n|-supereffective|p2b: Incineroar\n|-damage|p2b: Incineroar|25/100\n|move|p2a: Terapagos|Calm Mind|p2a: Terapagos\n|-boost|p2a: Terapagos|spa|1\n|-boost|p2a: Terapagos|spd|1\n|move|p2b: Incineroar|Taunt|p1b: Brute Bonnet\n|-start|p1b: Brute Bonnet|move: Taunt\n|cant|p1b: Brute Bonnet|move: Taunt|Spore\n|\n|-weather|SunnyDay|[upkeep]\n|upkeep\n|turn|2\n|\n|t:|1769629013\n|switch|p2b: Grimmsnarl|Grimmsnarl, L50, M|100/100\n|move|p1a: Groudon|Precipice Blades|p2b: Grimmsnarl|[spread] p2b\n|-miss|p1a: Groudon|p2a: Terapagos\n|-damage|p2b: Grimmsnarl|41/100\n|move|p2a: Terapagos|Calm Mind|p2a: Terapagos\n|-boost|p2a: Terapagos|spa|1\n|-boost|p2a: Terapagos|spd|1\n|move|p1b: Brute Bonnet|Lash Out|p2a: Terapagos\n|-activate|p2a: Terapagos|ability: Tera Shell\n|-resisted|p2a: Terapagos\n|-damage|p2a: Terapagos|91/100\n|\n|-weather|SunnyDay|[upkeep]\n|-heal|p2a: Terapagos|97/100|[from] item: Leftovers\n|upkeep\n|turn|3\n|\n|t:|1769629033\n|-terastallize|p2a: Terapagos|Stellar\n|detailschange|p2a: Terapagos|Terapagos-Stellar, L50, M, tera:Stellar\n|-heal|p2a: Terapagos|98/100|[silent]\n|-ability|p2a: Terapagos|Teraform Zero\n|-weather|none\n|-end|p1b: Brute Bonnet|Protosynthesis\n|move|p2b: Grimmsnarl|Reflect|p2b: Grimmsnarl\n|-sidestart|p2: Bellsproutfanwill|Reflect\n|move|p1a: Groudon|Precipice Blades|p2a: Terapagos|[spread] p2a\n|-miss|p1a: Groudon|p2b: Grimmsnarl\n|-damage|p2a: Terapagos|77/100\n|move|p2a: Terapagos|Tera Starstorm|p1b: Brute Bonnet|[spread] p1a,p1b\n|-damage|p1a: Groudon|22/100\n|-damage|p1b: Brute Bonnet|44/100\n|-enditem|p1b: Brute Bonnet|Sitrus Berry|[eat]\n|-heal|p1b: Brute Bonnet|69/100|[from] item: Sitrus Berry\n|move|p1b: Brute Bonnet|Lash Out|p2a: Terapagos\n|-damage|p2a: Terapagos|69/100\n|\n|-heal|p2a: Terapagos|75/100|[from] item: Leftovers\n|-end|p1b: Brute Bonnet|move: Taunt\n|upkeep\n|turn|4\n|\n|t:|1769629054\n|move|p1a: Groudon|Precipice Blades|p2b: Grimmsnarl|[spread] p2a,p2b\n|-damage|p2a: Terapagos|53/100\n|-damage|p2b: Grimmsnarl|3/100\n|move|p2a: Terapagos|Tera Starstorm|p1a: Groudon|[spread] p1a,p1b\n|-damage|p1a: Groudon|0 fnt\n|-damage|p1b: Brute Bonnet|8/100\n|faint|p1a: Groudon\n|move|p2b: Grimmsnarl|Spirit Break|p1b: Brute Bonnet\n|-supereffective|p1b: Brute Bonnet\n|-crit|p1b: Brute Bonnet\n|-damage|p1b: Brute Bonnet|0 fnt\n|faint|p1b: Brute Bonnet\n|-end|p1b: Brute Bonnet|Protosynthesis|[silent]\n|\n|-heal|p2a: Terapagos|59/100|[from] item: Leftovers\n|upkeep\n|\n|t:|1769629063\n|switch|p1a: Flutter Mane|Flutter Mane, L50|100/100\n|switch|p1b: Indeedee|Indeedee-F, L50, F|100/100\n|-fieldstart|move: Psychic Terrain|[from] ability: Psychic Surge|[of] p1b: Indeedee\n|turn|5\n|-message|CHR1SPHX forfeited.\n|\n|win|Bellsproutfanwill\n|raw|CHR1SPHX's rating: 1352 &rarr; <strong>1341</strong><br />(-11 for losing)\n|raw|Bellsproutfanwill's rating: 1510 &rarr; <strong>1521</strong><br />(+11 for winning)\n|l|\u2606CHR1SPHX\n|player|p1|\n|l|\u203dBellsproutfanwill\n|player|p2|\n","uploadtime":1769629272,"views":19,"formatid":"gen9vgc2026regi","rating":1341,"private":0,"password":null}