{"id":"gen9vgc2026regi-2518692127","format":"[Gen 9] VGC 2026 Reg I","players":["kojimuranishi","ScribbleScribble"],"log":"|j|\u2606kojimuranishi\n|j|\u2606ScribbleScribble\n|t:|1768416867\n|gametype|doubles\n|player|p1|kojimuranishi|1|1530\n|player|p2|ScribbleScribble|mina-lgpe|1440\n|gen|9\n|tier|[Gen 9] VGC 2026 Reg I\n|rated|\n|rule|Species Clause: Limit one of each Pok\u00e9mon\n|rule|Item Clause: Limit 1 of each item\n|clearpoke\n|poke|p1|Whimsicott, L50, M|\n|poke|p1|Calyrex-Ice, L50|\n|poke|p1|Miraidon, L50|\n|poke|p1|Chi-Yu, L50|\n|poke|p1|Landorus, L50, M|\n|poke|p1|Ogerpon-Cornerstone, L50, F|\n|poke|p2|Calyrex-Ice, L50|\n|poke|p2|Kyogre, L50|\n|poke|p2|Tornadus, L50, M|\n|poke|p2|Indeedee-F, L50, F|\n|poke|p2|Landorus, L50, M|\n|poke|p2|Urshifu-*, L50, F|\n|teampreview|4\n|inactive|Battle timer is ON: inactive players will automatically lose when time's up. (requested by ScribbleScribble)\n|inactive|ScribbleScribble has 60 seconds left.\n|\n|t:|1768416904\n|teamsize|p1|4\n|teamsize|p2|4\n|start\n|switch|p1a: Whimsicott|Whimsicott, L50, M|100/100\n|switch|p1b: Calyrex|Calyrex-Ice, L50|100/100\n|switch|p2a: Tornadus|Tornadus, L50, M|100/100\n|switch|p2b: Calyrex|Calyrex-Ice, L50|100/100\n|-ability|p1b: Calyrex|As One\n|-ability|p1b: Calyrex|Unnerve\n|-ability|p2b: Calyrex|As One\n|-ability|p2b: Calyrex|Unnerve\n|turn|1\n|inactive|kojimuranishi has 30 seconds left.\n|\n|t:|1768416934\n|-terastallize|p1b: Calyrex|Ice\n|move|p2a: Tornadus|Taunt|p1a: Whimsicott\n|-start|p1a: Whimsicott|move: Taunt\n|move|p1a: Whimsicott|Moonblast|p2b: Calyrex\n|-crit|p2b: Calyrex\n|-damage|p2b: Calyrex|55/100\n|move|p2b: Calyrex|Imprison|p2b: Calyrex\n|-start|p2b: Calyrex|move: Imprison\n|cant|p1b: Calyrex|move: Imprison|Glacial Lance\n|\n|upkeep\n|turn|2\n|\n|t:|1768416950\n|move|p2a: Tornadus|Tailwind|p2a: Tornadus\n|-sidestart|p2: ScribbleScribble|move: Tailwind\n|move|p2b: Calyrex|Glacial Lance|p1b: Calyrex|[spread] p1a,p1b\n|-supereffective|p1a: Whimsicott\n|-resisted|p1b: Calyrex\n|-enditem|p1a: Whimsicott|Focus Sash\n|-damage|p1a: Whimsicott|1/100\n|-damage|p1b: Calyrex|82/100\n|move|p1a: Whimsicott|Moonblast|p2b: Calyrex\n|-damage|p2b: Calyrex|26/100\n|move|p1b: Calyrex|Icicle Crash|p2b: Calyrex\n|-resisted|p2b: Calyrex\n|-damage|p2b: Calyrex|0 fnt\n|faint|p2b: Calyrex\n|-ability|p1b: Calyrex|Chilling Neigh|boost\n|-boost|p1b: Calyrex|atk|1\n|\n|upkeep\n|\n|t:|1768416956\n|switch|p2b: Kyogre|Kyogre, L50|100/100\n|-weather|RainDance|[from] ability: Drizzle|[of] p2b: Kyogre\n|turn|3\n|\n|t:|1768416973\n|switch|p1a: Ogerpon|Ogerpon-Cornerstone, L50, F|100/100\n|switch|p1b: Miraidon|Miraidon, L50|100/100\n|-fieldstart|move: Electric Terrain|[from] ability: Hadron Engine|[of] p1b: Miraidon\n|move|p2a: Tornadus|Bleakwind Storm|p1a: Ogerpon|[spread] p1a,p1b\n|-resisted|p1b: Miraidon\n|-damage|p1a: Ogerpon|56/100\n|-damage|p1b: Miraidon|83/100\n|move|p2b: Kyogre|Water Spout|p1a: Ogerpon|[spread] p1a,p1b\n|-resisted|p1b: Miraidon\n|-damage|p1a: Ogerpon|0 fnt\n|-damage|p1b: Miraidon|32/100\n|faint|p1a: Ogerpon\n|\n|-weather|RainDance|[upkeep]\n|upkeep\n|\n|t:|1768416991\n|switch|p1a: Whimsicott|Whimsicott, L50, M|1/100\n|turn|4\n|\n|t:|1768417009\n|move|p2a: Tornadus|Taunt|p1a: Whimsicott\n|-start|p1a: Whimsicott|move: Taunt\n|cant|p1a: Whimsicott|move: Taunt|Tailwind\n|move|p1b: Miraidon|Snarl|p2a: Tornadus|[spread] p2a,p2b\n|-damage|p2a: Tornadus|75/100\n|-damage|p2b: Kyogre|85/100\n|-unboost|p2a: Tornadus|spa|1\n|-unboost|p2b: Kyogre|spa|1\n|move|p2b: Kyogre|Water Spout|p1b: Miraidon|[spread] p1a,p1b\n|-resisted|p1a: Whimsicott\n|-resisted|p1b: Miraidon\n|-damage|p1a: Whimsicott|0 fnt\n|-damage|p1b: Miraidon|3/100\n|faint|p1a: Whimsicott\n|\n|-weather|RainDance|[upkeep]\n|upkeep\n|\n|t:|1768417024\n|switch|p1a: Calyrex|Calyrex-Ice, L50, tera:Ice|82/100\n|-ability|p1a: Calyrex|As One\n|-ability|p1a: Calyrex|Unnerve\n|turn|5\n|\n|t:|1768417040\n|move|p2a: Tornadus|Bleakwind Storm|p1a: Calyrex|[spread] p1a,p1b\n|-resisted|p1b: Miraidon\n|-damage|p1a: Calyrex|61/100\n|-damage|p1b: Miraidon|0 fnt\n|-unboost|p1a: Calyrex|spe|1\n|faint|p1b: Miraidon\n|move|p2b: Kyogre|Water Spout|p1a: Calyrex\n|-damage|p1a: Calyrex|0 fnt\n|faint|p1a: Calyrex\n|\n|win|ScribbleScribble\n|raw|kojimuranishi's rating: 1530 &rarr; <strong>1505</strong><br />(-25 for losing)\n|raw|ScribbleScribble's rating: 1440 &rarr; <strong>1465</strong><br />(+25 for winning)\n|c|\u2606ScribbleScribble|gg\n|l|\u2606ScribbleScribble\n|player|p2|\n|l|\u2606kojimuranishi\n|player|p1|\n","uploadtime":1768417268,"views":22,"formatid":"gen9vgc2026regi","rating":1465,"private":0,"password":null}