{"id":"gen9vgc2026regi-2572667189","format":"[Gen 9] VGC 2026 Reg I","players":["soulo333","I\u2764\ufe0f\u5a1c\u7984Forever"],"log":"|j|\u2606soulo333\n|j|\u2606I\u2764\ufe0f\u5a1c\u7984Forever\n|t:|1775053879\n|gametype|doubles\n|player|p1|soulo333|102|1331\n|player|p2|I\u2764\ufe0f\u5a1c\u7984Forever|youngcouple-gen4dp|1498\n|gen|9\n|tier|[Gen 9] VGC 2026 Reg I\n|rated|\n|rule|Species Clause: Limit one of each Pok\u00e9mon\n|rule|Item Clause: Limit 1 of each item\n|clearpoke\n|poke|p1|Miraidon, L50|\n|poke|p1|Grimmsnarl, L50, M|\n|poke|p1|Chien-Pao, L50|\n|poke|p1|Volcarona, L50, M|\n|poke|p1|Iron Hands, L50|\n|poke|p1|Zamazenta-*, L50|\n|poke|p2|Groudon, L50|\n|poke|p2|Kyurem-White, L50|\n|poke|p2|Heatran, L50, M|\n|poke|p2|Whimsicott, L50, M|\n|poke|p2|Ditto, L50|\n|poke|p2|Flutter Mane, L50|\n|teampreview|4\n|\n|t:|1775053906\n|teamsize|p1|4\n|teamsize|p2|4\n|start\n|switch|p1a: Grimmsnarl|Grimmsnarl, L50, M|100/100\n|switch|p1b: Miraidon|Miraidon, L50|100/100\n|switch|p2a: Whimsicott|Whimsicott, L50, M|100/100\n|switch|p2b: Kyurem|Kyurem-White, L50|100/100\n|-fieldstart|move: Electric Terrain|[from] ability: Hadron Engine|[of] p1b: Miraidon\n|-ability|p2b: Kyurem|Turboblaze\n|turn|1\n|\n|t:|1775053917\n|-terastallize|p1b: Miraidon|Fairy\n|move|p1a: Grimmsnarl|Light Screen|p1a: Grimmsnarl\n|-sidestart|p1: soulo333|move: Light Screen\n|move|p1b: Miraidon|Dazzling Gleam|p2b: Kyurem|[spread] p2a,p2b\n|-supereffective|p2b: Kyurem\n|-enditem|p2a: Whimsicott|Focus Sash\n|-damage|p2a: Whimsicott|1/100\n|-damage|p2b: Kyurem|0 fnt\n|faint|p2b: Kyurem\n|move|p2a: Whimsicott|Endeavor|p1b: Miraidon\n|-damage|p1b: Miraidon|1/100\n|\n|upkeep\n|\n|t:|1775053938\n|switch|p2b: Groudon|Groudon, L50|100/100\n|-weather|SunnyDay|[from] ability: Drought|[of] p2b: Groudon\n|turn|2\n|\n|t:|1775053946\n|move|p2a: Whimsicott|Tailwind|p2a: Whimsicott\n|-sidestart|p2: I\u2764\ufe0f\u5a1c\u7984Forever|move: Tailwind\n|move|p1a: Grimmsnarl|Reflect|p1a: Grimmsnarl\n|-sidestart|p1: soulo333|Reflect\n|move|p2b: Groudon|Precipice Blades|p1b: Miraidon|[spread] p1a,p1b\n|-damage|p1a: Grimmsnarl|66/100\n|-damage|p1b: Miraidon|0 fnt\n|faint|p1b: Miraidon\n|\n|-weather|SunnyDay|[upkeep]\n|upkeep\n|\n|t:|1775053953\n|switch|p1b: Iron Hands|Iron Hands, L50|100/100\n|-activate|p1b: Iron Hands|ability: Quark Drive\n|-start|p1b: Iron Hands|quarkdriveatk\n|turn|3\n|\n|t:|1775053963\n|move|p1b: Iron Hands|Fake Out|p2a: Whimsicott\n|-damage|p2a: Whimsicott|0 fnt\n|faint|p2a: Whimsicott\n|move|p2b: Groudon|Precipice Blades|p1b: Iron Hands|[spread] p1b\n|-miss|p2b: Groudon|p1a: Grimmsnarl\n|-supereffective|p1b: Iron Hands\n|-damage|p1b: Iron Hands|53/100\n|move|p1a: Grimmsnarl|Spirit Break|p2b: Groudon\n|-damage|p2b: Groudon|79/100\n|-unboost|p2b: Groudon|spa|1\n|\n|-weather|SunnyDay|[upkeep]\n|upkeep\n|\n|t:|1775053973\n|switch|p2a: Ditto|Ditto, L50|100/100\n|-transform|p2a: Ditto|p1b: Iron Hands|[from] ability: Imposter\n|turn|4\n|\n|t:|1775053989\n|move|p2a: Ditto|Fake Out|p1b: Iron Hands\n|-damage|p1b: Iron Hands|45/100\n|move|p2b: Groudon|Precipice Blades|p1a: Grimmsnarl|[spread] p1a\n|-miss|p2b: Groudon|p1b: Iron Hands\n|-damage|p1a: Grimmsnarl|27/100\n|move|p1a: Grimmsnarl|Spirit Break|p2a: Ditto\n|-supereffective|p2a: Ditto\n|-damage|p2a: Ditto|35/100\n|-unboost|p2a: Ditto|spa|1\n|cant|p1b: Iron Hands|flinch\n|\n|-weather|SunnyDay|[upkeep]\n|upkeep\n|turn|5\n|\n|t:|1775054002\n|move|p2b: Groudon|Precipice Blades|p1a: Grimmsnarl|[spread] p1a,p1b\n|-supereffective|p1b: Iron Hands\n|-damage|p1a: Grimmsnarl|0 fnt\n|-damage|p1b: Iron Hands|0 fnt\n|faint|p1a: Grimmsnarl\n|faint|p1b: Iron Hands\n|-end|p1b: Iron Hands|Quark Drive|[silent]\n|move|p2a: Ditto|Drain Punch|p1: Grimmsnarl|[notarget]\n|-fail|p2a: Ditto\n|\n|-weather|SunnyDay|[upkeep]\n|-sideend|p2: I\u2764\ufe0f\u5a1c\u7984Forever|move: Tailwind\n|-fieldend|move: Electric Terrain\n|upkeep\n|\n|t:|1775054005\n|switch|p1b: Chien-Pao|Chien-Pao, L50|100/100\n|-ability|p1b: Chien-Pao|Sword of Ruin\n|turn|6\n|\n|t:|1775054019\n|-terastallize|p2b: Groudon|Water\n|move|p1b: Chien-Pao|Icicle Crash|p2a: Ditto\n|-damage|p2a: Ditto|0 fnt\n|faint|p2a: Ditto\n|-end|p2a: Ditto|Quark Drive|[silent]\n|move|p2b: Groudon|Heat Crash|p1b: Chien-Pao\n|-supereffective|p1b: Chien-Pao\n|-enditem|p1b: Chien-Pao|Focus Sash\n|-damage|p1b: Chien-Pao|1/100\n|\n|-weather|none\n|upkeep\n|turn|7\n|\n|t:|1775054044\n|move|p1b: Chien-Pao|Crunch|p2b: Groudon\n|-damage|p2b: Groudon|45/100\n|move|p2b: Groudon|Crunch|p1b: Chien-Pao\n|-resisted|p1b: Chien-Pao\n|-crit|p1b: Chien-Pao\n|-damage|p1b: Chien-Pao|0 fnt\n|faint|p1b: Chien-Pao\n|\n|win|I\u2764\ufe0f\u5a1c\u7984Forever\n|raw|soulo333's rating: 1331 &rarr; <strong>1320</strong><br />(-11 for losing)\n|raw|I\u2764\ufe0f\u5a1c\u7984Forever's rating: 1498 &rarr; <strong>1509</strong><br />(+11 for winning)\n","uploadtime":1775054045,"views":14,"formatid":"gen9vgc2026regi","rating":1320,"private":0,"password":null}