{"id":"gen9vgc2026regi-2547988159","format":"[Gen 9] VGC 2026 Reg I","players":["Billlmads","swampizzoCARTI"],"log":"|j|\u2606Billlmads\n|j|\u2606swampizzoCARTI\n|t:|1772153203\n|gametype|doubles\n|player|p1|Billlmads|winona|\n|player|p2|swampizzoCARTI|leon-masters2|\n|gen|9\n|tier|[Gen 9] VGC 2026 Reg I\n|rated|Tournament battle\n|rule|Species Clause: Limit one of each Pok\u00e9mon\n|rule|Item Clause: Limit 1 of each item\n|raw|<div class=\"infobox\"><details class=\"readmore\" open><summary><strong>1 custom rule:</strong></summary> Open Team Sheets</details></div>\n|clearpoke\n|poke|p1|Miraidon, L50|\n|poke|p1|Lunala, L50|\n|poke|p1|Whimsicott, L50, F|\n|poke|p1|Incineroar, L50, M|\n|poke|p1|Urshifu-*, L50, M|\n|poke|p1|Ursaluna, L50, M|\n|poke|p2|Miraidon, L50|\n|poke|p2|Calyrex-Ice, L50|\n|poke|p2|Amoonguss, L50, M|\n|poke|p2|Incineroar, L50, M|\n|poke|p2|Urshifu-*, L50, F|\n|poke|p2|Landorus, L50, M|\n|teampreview|4\n|inactive|Battle timer is ON: inactive players will automatically lose when time's up. (requested by swampizzoCARTI)\n|inactive|Billlmads has 60 seconds left.\n|\n|t:|1772153238\n|teamsize|p1|4\n|teamsize|p2|4\n|start\n|switch|p1a: Miraidon|Miraidon, L50|100/100\n|switch|p1b: Lunala|Lunala, L50, shiny|100/100\n|switch|p2a: Incineroar|Incineroar, L50, M|100/100\n|switch|p2b: Calyrex|Calyrex-Ice, L50|100/100\n|-ability|p2b: Calyrex|As One\n|-ability|p2b: Calyrex|Unnerve\n|-fieldstart|move: Electric Terrain|[from] ability: Hadron Engine|[of] p1a: Miraidon\n|-enditem|p1b: Lunala|Electric Seed\n|-boost|p1b: Lunala|def|1|[from] item: Electric Seed\n|-ability|p2a: Incineroar|Intimidate|boost\n|-unboost|p1a: Miraidon|atk|1\n|-unboost|p1b: Lunala|atk|1\n|turn|1\n|inactive|swampizzoCARTI has 30 seconds left.\n|\n|t:|1772153267\n|move|p2b: Calyrex|Protect|p2b: Calyrex\n|-singleturn|p2b: Calyrex|Protect\n|move|p1a: Miraidon|Volt Switch|p2a: Incineroar\n|-damage|p2a: Incineroar|38/100\n|\n|t:|1772153273\n|switch|p1a: Incineroar|Incineroar, L50, M, shiny|100/100|[from] Volt Switch\n|-ability|p1a: Incineroar|Intimidate|boost\n|-unboost|p2a: Incineroar|atk|1\n|-fail|p2b: Calyrex|unboost|[from] item: Clear Amulet|[of] p2b: Calyrex\n|move|p1b: Lunala|Moonblast|p2a: Incineroar\n|-damage|p2a: Incineroar|18/100\n|move|p2a: Incineroar|Knock Off|p1a: Incineroar\n|-resisted|p1a: Incineroar\n|-damage|p1a: Incineroar|87/100\n|-enditem|p1a: Incineroar|Assault Vest|[from] move: Knock Off|[of] p2a: Incineroar\n|\n|upkeep\n|turn|2\n|\n|t:|1772153288\n|switch|p2a: Amoonguss|Amoonguss, L50, M|100/100\n|-terastallize|p2b: Calyrex|Fire\n|move|p1a: Incineroar|Fake Out|p2b: Calyrex\n|-crit|p2b: Calyrex\n|-damage|p2b: Calyrex|90/100\n|move|p1b: Lunala|Moonblast|p2a: Amoonguss\n|-resisted|p2a: Amoonguss\n|-damage|p2a: Amoonguss|82/100\n|cant|p2b: Calyrex|flinch\n|\n|upkeep\n|turn|3\n|\n|t:|1772153303\n|switch|p2a: Incineroar|Incineroar, L50, M|18/100\n|-ability|p2a: Incineroar|Intimidate|boost\n|-unboost|p1a: Incineroar|atk|1\n|-unboost|p1b: Lunala|atk|1\n|move|p1b: Lunala|Moongeist Beam|p2b: Calyrex\n|-damage|p2b: Calyrex|55/100\n|move|p1a: Incineroar|U-turn|p2b: Calyrex\n|-resisted|p2b: Calyrex\n|-damage|p2b: Calyrex|52/100\n|\n|t:|1772153313\n|switch|p1a: Ursaluna|Ursaluna, L50, M|100/100|[from] U-turn\n|move|p2b: Calyrex|Glacial Lance|p1a: Ursaluna|[spread] p1a,p1b\n|-supereffective|p1a: Ursaluna\n|-damage|p1a: Ursaluna|16/100\n|-damage|p1b: Lunala|87/100\n|\n|-status|p1a: Ursaluna|brn|[from] item: Flame Orb\n|upkeep\n|turn|4\n|\n|t:|1772153330\n|move|p2b: Calyrex|Protect|p2b: Calyrex\n|-singleturn|p2b: Calyrex|Protect\n|move|p1a: Ursaluna|Protect|p1a: Ursaluna\n|-singleturn|p1a: Ursaluna|Protect\n|move|p1b: Lunala|Moonblast|p2a: Incineroar\n|-damage|p2a: Incineroar|0 fnt\n|faint|p2a: Incineroar\n|\n|-damage|p1a: Ursaluna|10/100 brn|[from] brn\n|upkeep\n|\n|t:|1772153340\n|switch|p2a: Miraidon|Miraidon, L50|100/100\n|-activate|p2a: Miraidon|ability: Hadron Engine\n|turn|5\n|j|+Hasayo\n|inactive|Billlmads has 30 seconds left.\n|j| MAMA JUICE\n|inactive|Billlmads has 20 seconds left.\n|j| Cello L.\n|inactive|Billlmads has 15 seconds left.\n|l| Cello L.\n|inactive|Billlmads has 10 seconds left.\n|inactive|Billlmads has 5 seconds left.\n|\n|t:|1772153393\n|move|p1a: Ursaluna|Protect||[still]\n|-fail|p1a: Ursaluna\n|move|p2a: Miraidon|Volt Switch|p1b: Lunala\n|-damage|p1b: Lunala|38/100\n|\n|t:|1772153397\n|switch|p2a: Amoonguss|Amoonguss, L50, M|100/100|[from] Volt Switch\n|move|p1b: Lunala|Moongeist Beam|p2a: Amoonguss\n|-damage|p2a: Amoonguss|42/100\n|move|p2b: Calyrex|High Horsepower|p1a: Ursaluna\n|-damage|p1a: Ursaluna|0 fnt\n|faint|p1a: Ursaluna\n|-ability|p2b: Calyrex|Chilling Neigh|boost\n|-boost|p2b: Calyrex|atk|1\n|\n|-fieldend|move: Electric Terrain\n|upkeep\n|\n|t:|1772153407\n|switch|p1a: Miraidon|Miraidon, L50|100/100\n|-fieldstart|move: Electric Terrain|[from] ability: Hadron Engine|[of] p1a: Miraidon\n|turn|6\n|inactive|Billlmads has 30 seconds left.\n|inactive|Billlmads has 20 seconds left.\n|inactive|swampizzoCARTI has 30 seconds left.\n|j| RanRaneatswhat\n|inactive|Billlmads has 15 seconds left.\n|j| frannys left nut\n|\n|t:|1772153451\n|move|p2a: Amoonguss|Rage Powder|p2a: Amoonguss\n|-singleturn|p2a: Amoonguss|move: Rage Powder\n|move|p1a: Miraidon|Volt Switch|p2a: Amoonguss\n|-resisted|p2a: Amoonguss\n|-crit|p2a: Amoonguss\n|-damage|p2a: Amoonguss|0 fnt\n|faint|p2a: Amoonguss\n|\n|t:|1772153456\n|switch|p1a: Incineroar|Incineroar, L50, M, shiny|87/100|[from] Volt Switch\n|-ability|p1a: Incineroar|Intimidate|boost\n|-fail|p2b: Calyrex|unboost|[from] item: Clear Amulet|[of] p2b: Calyrex\n|move|p1b: Lunala|Moongeist Beam|p2b: Calyrex\n|-damage|p2b: Calyrex|17/100\n|move|p2b: Calyrex|Glacial Lance|p1a: Incineroar|[spread] p1a,p1b\n|-resisted|p1a: Incineroar\n|-damage|p1a: Incineroar|51/100\n|-damage|p1b: Lunala|0 fnt\n|faint|p1b: Lunala\n|-ability|p2b: Calyrex|Chilling Neigh|boost\n|-boost|p2b: Calyrex|atk|1\n|\n|upkeep\n|\n|t:|1772153471\n|switch|p1b: Miraidon|Miraidon, L50|100/100\n|switch|p2a: Miraidon|Miraidon, L50|100/100\n|-activate|p2a: Miraidon|ability: Hadron Engine\n|-activate|p1b: Miraidon|ability: Hadron Engine\n|turn|7\n|\n|t:|1772153488\n|-terastallize|p1b: Miraidon|Fairy\n|move|p1a: Incineroar|Fake Out|p2a: Miraidon\n|-damage|p2a: Miraidon|91/100\n|cant|p2a: Miraidon|flinch\n|move|p1b: Miraidon|Draco Meteor|p2a: Miraidon\n|-supereffective|p2a: Miraidon\n|-damage|p2a: Miraidon|0 fnt\n|-unboost|p1b: Miraidon|spa|2\n|faint|p2a: Miraidon\n|move|p2b: Calyrex|Trick Room|p2b: Calyrex\n|-fieldstart|move: Trick Room|[of] p2b: Calyrex\n|\n|upkeep\n|turn|8\n|inactive|swampizzoCARTI has 30 seconds left.\n|\n|t:|1772153517\n|move|p2b: Calyrex|High Horsepower|p1a: Incineroar\n|-supereffective|p1a: Incineroar\n|-damage|p1a: Incineroar|0 fnt\n|faint|p1a: Incineroar\n|-ability|p2b: Calyrex|Chilling Neigh|boost\n|-boost|p2b: Calyrex|atk|1\n|move|p1b: Miraidon|Draco Meteor|p2b: Calyrex\n|-damage|p2b: Calyrex|0 fnt\n|-unboost|p1b: Miraidon|spa|2\n|faint|p2b: Calyrex\n|\n|win|Billlmads\n|n|\u2606Billlmads|billlmads\n|n|\u2606swampizzoCARTI|swampizzocarti\n|n| Hasayo|hasayo\n|n| MAMA JUICE|mamajuice\n|n| RanRaneatswhat|ranraneatswhat\n|n| frannys left nut|frannysleftnut\n","uploadtime":1772153518,"views":10,"formatid":"gen9vgc2026regi","rating":null,"private":0,"password":null}