{"id":"gen9vgc2026regi-2541762571","format":"[Gen 9] VGC 2026 Reg I","players":["A13xander","kojimuranishi"],"log":"|j|\u2606A13xander\n|j|\u2606kojimuranishi\n|t:|1771366558\n|gametype|doubles\n|player|p1|A13xander|n|1461\n|player|p2|kojimuranishi|265|1563\n|gen|9\n|tier|[Gen 9] VGC 2026 Reg I\n|rated|\n|rule|Species Clause: Limit one of each Pok\u00e9mon\n|rule|Item Clause: Limit 1 of each item\n|clearpoke\n|poke|p1|Groudon, L50|\n|poke|p1|Miraidon, L50|\n|poke|p1|Iron Hands, L50|\n|poke|p1|Flutter Mane, L50|\n|poke|p1|Grimmsnarl, L50, M|\n|poke|p1|Ogerpon-Hearthflame, L50, F|\n|poke|p2|Calyrex-Ice, L50|\n|poke|p2|Indeedee-F, L50, F|\n|poke|p2|Kyogre, L50|\n|poke|p2|Pincurchin, L50, F|\n|poke|p2|Iron Jugulis, L50|\n|poke|p2|Urshifu-*, L50, M|\n|teampreview|4\n|inactive|Battle timer is ON: inactive players will automatically lose when time's up. (requested by kojimuranishi)\n|inactive|kojimuranishi has 60 seconds left.\n|inactive|kojimuranishi has 30 seconds left.\n|\n|t:|1771366629\n|teamsize|p1|4\n|teamsize|p2|4\n|start\n|switch|p1a: Flutter Mane|Flutter Mane, L50|100/100\n|switch|p1b: Miraidon|Miraidon, L50|100/100\n|switch|p2a: Iron Jugulis|Iron Jugulis, L50|100/100\n|switch|p2b: Kyogre|Kyogre, L50|100/100\n|-fieldstart|move: Electric Terrain|[from] ability: Hadron Engine|[of] p1b: Miraidon\n|-activate|p2a: Iron Jugulis|ability: Quark Drive\n|-start|p2a: Iron Jugulis|quarkdrivespe\n|-weather|RainDance|[from] ability: Drizzle|[of] p2b: Kyogre\n|-enditem|p1a: Flutter Mane|Booster Energy\n|-activate|p1a: Flutter Mane|ability: Protosynthesis|[fromitem]\n|-start|p1a: Flutter Mane|protosynthesisspe\n|turn|1\n|inactive|A13xander has 30 seconds left.\n|inactive|kojimuranishi has 30 seconds left.\n|\n|t:|1771366656\n|-end|p2a: Iron Jugulis|Quark Drive|[silent]\n|switch|p2a: Pincurchin|Pincurchin, L50, F|100/100\n|move|p1b: Miraidon|Draco Meteor|p2b: Kyogre\n|-damage|p2b: Kyogre|42/100\n|-unboost|p1b: Miraidon|spa|2\n|move|p2b: Kyogre|Origin Pulse|p1a: Flutter Mane|[spread] p1a,p1b\n|-resisted|p1b: Miraidon\n|-damage|p1a: Flutter Mane|25/100\n|-damage|p1b: Miraidon|76/100\n|move|p1a: Flutter Mane|Trick Room|p1a: Flutter Mane\n|-fieldstart|move: Trick Room|[of] p1a: Flutter Mane\n|\n|-weather|RainDance|[upkeep]\n|upkeep\n|turn|2\n|inactive|A13xander has 30 seconds left.\n|inactive|kojimuranishi has 30 seconds left.\n|\n|t:|1771366684\n|switch|p2a: Calyrex|Calyrex-Ice, L50|100/100\n|-ability|p2a: Calyrex|As One\n|-ability|p2a: Calyrex|Unnerve\n|switch|p1b: Groudon|Groudon, L50|100/100\n|-weather|SunnyDay|[from] ability: Drought|[of] p1b: Groudon\n|move|p2b: Kyogre|Origin Pulse|p1a: Flutter Mane|[spread] p1b\n|-miss|p2b: Kyogre|p1a: Flutter Mane\n|-supereffective|p1b: Groudon\n|-damage|p1b: Groudon|32/100\n|move|p1a: Flutter Mane|Trick Room|p1a: Flutter Mane\n|-fieldend|move: Trick Room\n|\n|-weather|SunnyDay|[upkeep]\n|upkeep\n|turn|3\n|inactive|kojimuranishi has 30 seconds left.\n|inactive|kojimuranishi has 20 seconds left.\n|inactive|kojimuranishi has 15 seconds left.\n|\n|t:|1771366726\n|-terastallize|p1b: Groudon|Fire\n|move|p1a: Flutter Mane|Helping Hand|p1b: Groudon\n|-singleturn|p1b: Groudon|Helping Hand|[of] p1a: Flutter Mane\n|move|p1b: Groudon|Heat Wave|p2a: Calyrex|[spread] p2a,p2b\n|-supereffective|p2a: Calyrex\n|-resisted|p2b: Kyogre\n|-damage|p2a: Calyrex|0 fnt\n|-damage|p2b: Kyogre|6/100\n|-status|p2b: Kyogre|brn\n|faint|p2a: Calyrex\n|move|p2b: Kyogre|Origin Pulse|p1a: Flutter Mane|[spread] p1a,p1b\n|-supereffective|p1b: Groudon\n|-damage|p1a: Flutter Mane|0 fnt\n|-damage|p1b: Groudon|0 fnt\n|faint|p1a: Flutter Mane\n|-end|p1a: Flutter Mane|Protosynthesis|[silent]\n|faint|p1b: Groudon\n|\n|-weather|SunnyDay|[upkeep]\n|-damage|p2b: Kyogre|0 fnt|[from] brn\n|faint|p2b: Kyogre\n|upkeep\n|\n|t:|1771366745\n|switch|p1a: Miraidon|Miraidon, L50|76/100\n|switch|p1b: Iron Hands|Iron Hands, L50|100/100\n|switch|p2b: Iron Jugulis|Iron Jugulis, L50|100/100\n|switch|p2a: Pincurchin|Pincurchin, L50, F|100/100\n|-activate|p1a: Miraidon|ability: Hadron Engine\n|-activate|p2b: Iron Jugulis|ability: Quark Drive\n|-start|p2b: Iron Jugulis|quarkdrivespe\n|-activate|p1b: Iron Hands|ability: Quark Drive\n|-start|p1b: Iron Hands|quarkdriveatk\n|turn|4\n|inactive|A13xander has 30 seconds left.\n|inactive|kojimuranishi has 30 seconds left.\n|inactive|kojimuranishi has 20 seconds left.\n|inactive|kojimuranishi has 15 seconds left.\n|inactive|kojimuranishi has 10 seconds left.\n|inactive|kojimuranishi has 5 seconds left.\n|\n|t:|1771366795\n|move|p2b: Iron Jugulis|Snarl|p1a: Miraidon|[spread] p1a,p1b\n|-resisted|p1b: Iron Hands\n|-damage|p1a: Miraidon|67/100\n|-damage|p1b: Iron Hands|94/100\n|-unboost|p1a: Miraidon|spa|1\n|move|p1a: Miraidon|Snarl|p2a: Pincurchin|[spread] p2a,p2b\n|-resisted|p2b: Iron Jugulis\n|-damage|p2a: Pincurchin|82/100\n|-damage|p2b: Iron Jugulis|95/100\n|-unboost|p2a: Pincurchin|spa|1\n|-unboost|p2b: Iron Jugulis|spa|1\n|move|p1b: Iron Hands|Drain Punch|p2b: Iron Jugulis\n|-crit|p2b: Iron Jugulis\n|-damage|p2b: Iron Jugulis|14/100\n|-heal|p1b: Iron Hands|100/100|[from] drain|[of] p2b: Iron Jugulis\n|move|p2a: Pincurchin|Throat Chop|p1a: Miraidon\n|-damage|p1a: Miraidon|37/100\n|-start|p1a: Miraidon|Throat Chop|[silent]\n|-damage|p2a: Pincurchin|72/100|[from] item: Life Orb\n|\n|-weather|SunnyDay|[upkeep]\n|upkeep\n|turn|5\n|inactive|kojimuranishi has 30 seconds left.\n|\n|t:|1771366828\n|-terastallize|p2a: Pincurchin|Dark\n|move|p2a: Pincurchin|Sucker Punch|p1a: Miraidon\n|-damage|p1a: Miraidon|0 fnt\n|faint|p1a: Miraidon\n|-damage|p2a: Pincurchin|62/100|[from] item: Life Orb\n|move|p2b: Iron Jugulis|Hurricane|p1b: Iron Hands|[miss]\n|-miss|p2b: Iron Jugulis|p1b: Iron Hands\n|move|p1b: Iron Hands|Drain Punch|p2b: Iron Jugulis\n|-damage|p2b: Iron Jugulis|0 fnt\n|faint|p2b: Iron Jugulis\n|-end|p2b: Iron Jugulis|Quark Drive|[silent]\n|\n|-weather|SunnyDay|[upkeep]\n|-fieldend|move: Electric Terrain\n|-end|p1b: Iron Hands|Quark Drive\n|upkeep\n|turn|6\n|\n|t:|1771366845\n|move|p2a: Pincurchin|Protect|p2a: Pincurchin\n|-singleturn|p2a: Pincurchin|Protect\n|move|p1b: Iron Hands|Drain Punch|p2a: Pincurchin\n|-activate|p2a: Pincurchin|move: Protect\n|\n|-weather|none\n|upkeep\n|turn|7\n|\n|t:|1771366854\n|move|p1b: Iron Hands|Drain Punch|p2a: Pincurchin\n|-supereffective|p2a: Pincurchin\n|-damage|p2a: Pincurchin|0 fnt\n|faint|p2a: Pincurchin\n|\n|win|A13xander\n|raw|A13xander's rating: 1461 &rarr; <strong>1487</strong><br />(+26 for winning)\n|raw|kojimuranishi's rating: 1563 &rarr; <strong>1537</strong><br />(-26 for losing)\n|l|\u2606A13xander\n|player|p1|\n|l|\u2606kojimuranishi\n|player|p2|\n","uploadtime":1771367091,"views":25,"formatid":"gen9vgc2026regi","rating":1487,"private":0,"password":null}