{"id":"gen9vgc2026regi-2580706816","format":"[Gen 9] VGC 2026 Reg I","players":["aboboroso","ItsLeviosaStpItRon"],"log":"|j|\u2606aboboroso\n|j|\u2606ItsLeviosaStpItRon\n|t:|1775925890\n|gametype|doubles\n|player|p1|aboboroso|drayden|1392\n|player|p2|ItsLeviosaStpItRon|dragontamer|1383\n|gen|9\n|tier|[Gen 9] VGC 2026 Reg I\n|rated|\n|rule|Species Clause: Limit one of each Pok\u00e9mon\n|rule|Item Clause: Limit 1 of each item\n|clearpoke\n|poke|p1|Necrozma-Dawn-Wings, L50|\n|poke|p1|Calyrex-Ice, L50|\n|poke|p1|Weezing-Galar, L50, M|\n|poke|p1|Kingambit, L50, M|\n|poke|p1|Ursaluna-Bloodmoon, L50, M|\n|poke|p1|Raging Bolt, L50|\n|poke|p2|Koraidon, L50|\n|poke|p2|Lunala, L50|\n|poke|p2|Brute Bonnet, L50|\n|poke|p2|Ursaluna, L50, F|\n|poke|p2|Chi-Yu, L50|\n|poke|p2|Flutter Mane, L50|\n|teampreview|4\n|inactive|Battle timer is ON: inactive players will automatically lose when time's up. (requested by aboboroso)\n|\n|t:|1775925918\n|teamsize|p1|4\n|teamsize|p2|4\n|start\n|switch|p1a: Necrozma|Necrozma-Dawn-Wings, L50, shiny|100/100\n|switch|p1b: Weezing|Weezing-Galar, L50, M|100/100\n|switch|p2a: Wingardium|Flutter Mane, L50|100/100\n|switch|p2b: Leviooosa|Chi-Yu, L50|100/100\n|-ability|p2b: Leviooosa|Beads of Ruin\n|-fieldstart|move: Misty Terrain|[from] ability: Misty Surge|[of] p1b: Weezing\n|turn|1\n|inactive|aboboroso has 30 seconds left.\n|\n|t:|1775925947\n|-terastallize|p1a: Necrozma|Fairy\n|move|p2b: Leviooosa|Snarl|p1a: Necrozma|[spread] p1a,p1b\n|-resisted|p1a: Necrozma\n|-resisted|p1b: Weezing\n|-damage|p1a: Necrozma|88/100\n|-damage|p1b: Weezing|78/100\n|-unboost|p1a: Necrozma|spa|1\n|-unboost|p1b: Weezing|spa|1\n|move|p2a: Wingardium|Shadow Ball|p1a: Necrozma\n|-damage|p1a: Necrozma|45/100\n|move|p1a: Necrozma|Meteor Beam||[still]\n|-prepare|p1a: Necrozma|Meteor Beam\n|-boost|p1a: Necrozma|spa|1\n|-enditem|p1a: Necrozma|Power Herb\n|-anim|p1a: Necrozma|Meteor Beam|p2b: Leviooosa\n|-supereffective|p2b: Leviooosa\n|-damage|p2b: Leviooosa|0 fnt\n|faint|p2b: Leviooosa\n|move|p1b: Weezing|Sludge Bomb|p2a: Wingardium\n|-damage|p2a: Wingardium|72/100\n|\n|-heal|p1b: Weezing|84/100|[from] item: Leftovers\n|upkeep\n|\n|t:|1775925967\n|switch|p2b: Not Leviosaaaa|Lunala, L50|100/100\n|turn|2\n|\n|t:|1775925976\n|move|p2a: Wingardium|Moonblast|p1a: Necrozma\n|-damage|p1a: Necrozma|10/100\n|-unboost|p1a: Necrozma|spa|1\n|move|p1a: Necrozma|Moongeist Beam|p2b: Not Leviosaaaa\n|-supereffective|p2b: Not Leviosaaaa\n|-damage|p2b: Not Leviosaaaa|44/100\n|move|p1b: Weezing|Dazzling Gleam|p2b: Not Leviosaaaa|[spread] p2a,p2b\n|-damage|p2a: Wingardium|53/100\n|-damage|p2b: Not Leviosaaaa|32/100\n|move|p2b: Not Leviosaaaa|Trick Room|p2b: Not Leviosaaaa\n|-fieldstart|move: Trick Room|[of] p2b: Not Leviosaaaa\n|\n|-heal|p1b: Weezing|89/100|[from] item: Leftovers\n|upkeep\n|turn|3\n|\n|t:|1775925996\n|switch|p2b: Hahah\u00e1|Ursaluna, L50, F|100/100\n|move|p1b: Weezing|Dazzling Gleam|p2b: Hahah\u00e1|[spread] p2a,p2b\n|-damage|p2a: Wingardium|35/100\n|-damage|p2b: Hahah\u00e1|84/100\n|move|p1a: Necrozma|Moongeist Beam|p2a: Wingardium\n|-supereffective|p2a: Wingardium\n|-damage|p2a: Wingardium|0 fnt\n|faint|p2a: Wingardium\n|-end|p2a: Wingardium|Protosynthesis|[silent]\n|\n|-heal|p1b: Weezing|95/100|[from] item: Leftovers\n|upkeep\n|\n|t:|1775926004\n|switch|p2a: Not Leviosaaaa|Lunala, L50|32/100\n|turn|4\n|\n|t:|1775926013\n|move|p2a: Not Leviosaaaa|Wide Guard|p2a: Not Leviosaaaa\n|-singleturn|p2a: Not Leviosaaaa|Wide Guard\n|move|p2b: Hahah\u00e1|Earthquake|p1b: Weezing|[spread] p1a,p1b\n|-activate|p2a: Not Leviosaaaa|move: Wide Guard\n|-supereffective|p1b: Weezing\n|-damage|p1a: Necrozma|0 fnt\n|-damage|p1b: Weezing|15/100\n|faint|p1a: Necrozma\n|move|p1b: Weezing|Dazzling Gleam|p2b: Hahah\u00e1|[spread] \n|-activate|p2a: Not Leviosaaaa|move: Wide Guard\n|-activate|p2b: Hahah\u00e1|move: Wide Guard\n|\n|-heal|p1b: Weezing|21/100|[from] item: Leftovers\n|upkeep\n|\n|t:|1775926017\n|switch|p1a: Calyrex|Calyrex-Ice, L50|100/100\n|-ability|p1a: Calyrex|As One\n|-ability|p1a: Calyrex|Unnerve\n|turn|5\n|\n|t:|1775926038\n|move|p2a: Not Leviosaaaa|Wide Guard|p2a: Not Leviosaaaa\n|-singleturn|p2a: Not Leviosaaaa|Wide Guard\n|move|p2b: Hahah\u00e1|Earthquake|p1a: Calyrex|[spread] p1a,p1b\n|-activate|p2a: Not Leviosaaaa|move: Wide Guard\n|-supereffective|p1b: Weezing\n|-damage|p1a: Calyrex|71/100\n|-damage|p1b: Weezing|0 fnt\n|faint|p1b: Weezing\n|move|p1a: Calyrex|Glacial Lance|p2a: Not Leviosaaaa|[spread] \n|-activate|p2a: Not Leviosaaaa|move: Wide Guard\n|-activate|p2b: Hahah\u00e1|move: Wide Guard\n|\n|-fieldend|Misty Terrain\n|-status|p2b: Hahah\u00e1|brn|[from] item: Flame Orb\n|upkeep\n|\n|t:|1775926044\n|switch|p1b: Ursaluna|Ursaluna-Bloodmoon, L50, M|100/100\n|turn|6\n|\n|t:|1775926062\n|move|p1a: Calyrex|Protect|p1a: Calyrex\n|-singleturn|p1a: Calyrex|Protect\n|move|p2a: Not Leviosaaaa|Wide Guard|p2a: Not Leviosaaaa\n|-singleturn|p2a: Not Leviosaaaa|Wide Guard\n|move|p2b: Hahah\u00e1|Earthquake|p1b: Ursaluna|[spread] p1b\n|-activate|p2a: Not Leviosaaaa|move: Wide Guard\n|-activate|p1a: Calyrex|move: Protect\n|-damage|p1b: Ursaluna|54/100\n|move|p1b: Ursaluna|Earth Power|p2a: Not Leviosaaaa\n|-damage|p2a: Not Leviosaaaa|0 fnt\n|faint|p2a: Not Leviosaaaa\n|-damage|p1b: Ursaluna|44/100|[from] item: Life Orb\n|\n|-damage|p2b: Hahah\u00e1|78/100 brn|[from] brn\n|-fieldend|move: Trick Room\n|upkeep\n|turn|7\n|\n|t:|1775926075\n|-terastallize|p2b: Hahah\u00e1|Ghost\n|move|p1b: Ursaluna|Blood Moon|p2b: Hahah\u00e1\n|-damage|p2b: Hahah\u00e1|0 fnt\n|faint|p2b: Hahah\u00e1\n|-damage|p1b: Ursaluna|34/100|[from] item: Life Orb\n|\n|win|aboboroso\n|raw|aboboroso's rating: 1392 &rarr; <strong>1411</strong><br />(+19 for winning)\n|raw|ItsLeviosaStpItRon's rating: 1383 &rarr; <strong>1364</strong><br />(-19 for losing)\n|l|\u2606ItsLeviosaStpItRon\n|player|p2|\n|l|\u2606aboboroso\n|player|p1|\n","uploadtime":1775926212,"views":17,"formatid":"gen9vgc2026regi","rating":1364,"private":0,"password":null}