{"id":"gen9vgc2026regi-2551445963","format":"[Gen 9] VGC 2026 Reg I","players":["Darkwall101","I\u2764\ufe0f\u5a1c\u7984forever"],"log":"|j|\u2606Darkwall101\n|j|\u2606I\u2764\ufe0f\u5a1c\u7984forever\n|t:|1772602907\n|gametype|doubles\n|player|p1|Darkwall101|101|1250\n|player|p2|I\u2764\ufe0f\u5a1c\u7984forever|youngcouple-gen4dp|1419\n|gen|9\n|tier|[Gen 9] VGC 2026 Reg I\n|rated|\n|rule|Species Clause: Limit one of each Pok\u00e9mon\n|rule|Item Clause: Limit 1 of each item\n|clearpoke\n|poke|p1|Lugia, L50|\n|poke|p1|Zamazenta-*, L50|\n|poke|p1|Grimmsnarl, L50, M|\n|poke|p1|Snorlax, L50, M|\n|poke|p1|Gastrodon, L50, F|\n|poke|p1|Thundurus, L50, M|\n|poke|p2|Groudon, L50|\n|poke|p2|Kyurem-White, L50|\n|poke|p2|Heatran, L50, F|\n|poke|p2|Whimsicott, L50, F|\n|poke|p2|Roaring Moon, L50|\n|poke|p2|Ditto, L50|\n|teampreview|4\n|j| ConnerTEP\n|\n|t:|1772602977\n|teamsize|p1|4\n|teamsize|p2|4\n|start\n|switch|p1a: Grimmsnarl|Grimmsnarl, L50, M|100/100\n|switch|p1b: Snorlax|Snorlax, L50, M|100/100\n|switch|p2a: Kyurem|Kyurem-White, L50|100/100\n|switch|p2b: Heatran|Heatran, L50, F|100/100\n|-ability|p2a: Kyurem|Turboblaze\n|turn|1\n|\n|t:|1772602995\n|move|p1a: Grimmsnarl|Light Screen|p1a: Grimmsnarl\n|-sidestart|p1: Darkwall101|move: Light Screen\n|move|p2a: Kyurem|Blizzard|p1b: Snorlax|[spread] p1a,p1b\n|-damage|p1a: Grimmsnarl|54/100\n|-damage|p1b: Snorlax|84/100\n|-status|p1b: Snorlax|frz\n|move|p2b: Heatran|Substitute|p2b: Heatran\n|-start|p2b: Heatran|Substitute\n|-damage|p2b: Heatran|76/100\n|cant|p1b: Snorlax|frz\n|\n|-heal|p2b: Heatran|82/100|[from] item: Leftovers\n|upkeep\n|turn|2\n|\n|t:|1772603012\n|move|p1a: Grimmsnarl|Thunder Wave|p2a: Kyurem\n|-status|p2a: Kyurem|par\n|move|p2b: Heatran|Earth Power|p1a: Grimmsnarl\n|-damage|p1a: Grimmsnarl|29/100\n|cant|p2a: Kyurem|par\n|cant|p1b: Snorlax|frz\n|\n|-heal|p2b: Heatran|88/100|[from] item: Leftovers\n|upkeep\n|turn|3\n|\n|t:|1772603025\n|move|p1a: Grimmsnarl|Reflect|p1a: Grimmsnarl\n|-sidestart|p1: Darkwall101|Reflect\n|move|p2b: Heatran|Earth Power|p1a: Grimmsnarl\n|-damage|p1a: Grimmsnarl|6/100\n|move|p2a: Kyurem|Blizzard|p1a: Grimmsnarl|[spread] p1a,p1b\n|-damage|p1a: Grimmsnarl|0 fnt\n|-damage|p1b: Snorlax|65/100 frz\n|faint|p1a: Grimmsnarl\n|cant|p1b: Snorlax|frz\n|\n|-heal|p2b: Heatran|94/100|[from] item: Leftovers\n|upkeep\n|\n|t:|1772603041\n|switch|p1a: Lugia|Lugia, L50|100/100\n|turn|4\n|\n|t:|1772603053\n|move|p1a: Lugia|Calm Mind|p1a: Lugia\n|-boost|p1a: Lugia|spa|1\n|-boost|p1a: Lugia|spd|1\n|move|p2b: Heatran|Earth Power|p1b: Snorlax\n|-damage|p1b: Snorlax|56/100 frz\n|move|p2a: Kyurem|Blizzard|p1b: Snorlax|[spread] p1a\n|-miss|p2a: Kyurem|p1b: Snorlax\n|-enditem|p2a: Kyurem|Blunder Policy\n|-boost|p2a: Kyurem|spe|2\n|-supereffective|p1a: Lugia\n|-damage|p1a: Lugia|70/100\n|cant|p1b: Snorlax|frz\n|\n|-heal|p2b: Heatran|99/100|[from] item: Leftovers\n|upkeep\n|turn|5\n|\n|t:|1772603082\n|move|p1a: Lugia|Calm Mind|p1a: Lugia\n|-boost|p1a: Lugia|spa|1\n|-boost|p1a: Lugia|spd|1\n|cant|p2a: Kyurem|par\n|move|p2b: Heatran|Earth Power|p1b: Snorlax\n|-damage|p1b: Snorlax|45/100 frz\n|cant|p1b: Snorlax|frz\n|\n|-heal|p2b: Heatran|100/100|[from] item: Leftovers\n|-sideend|p1: Darkwall101|move: Light Screen\n|upkeep\n|turn|6\n|\n|t:|1772603100\n|move|p1a: Lugia|Calm Mind|p1a: Lugia\n|-boost|p1a: Lugia|spa|1\n|-boost|p1a: Lugia|spd|1\n|cant|p2a: Kyurem|par\n|move|p2b: Heatran|Earth Power|p1b: Snorlax\n|-damage|p1b: Snorlax|32/100 frz\n|-curestatus|p1b: Snorlax|frz|[msg]\n|move|p1b: Snorlax|High Horsepower|p2b: Heatran\n|-supereffective|p2b: Heatran\n|-end|p2b: Heatran|Substitute\n|\n|upkeep\n|turn|7\n|\n|t:|1772603118\n|move|p1a: Lugia|Aeroblast|p2a: Kyurem\n|-crit|p2a: Kyurem\n|-damage|p2a: Kyurem|0 fnt\n|faint|p2a: Kyurem\n|move|p2b: Heatran|Substitute|p2b: Heatran\n|-start|p2b: Heatran|Substitute\n|-damage|p2b: Heatran|76/100\n|move|p1b: Snorlax|High Horsepower|p2b: Heatran\n|-supereffective|p2b: Heatran\n|-end|p2b: Heatran|Substitute\n|\n|-heal|p2b: Heatran|82/100|[from] item: Leftovers\n|-sideend|p1: Darkwall101|Reflect\n|upkeep\n|\n|t:|1772603129\n|switch|p2a: Roaring Moon|Roaring Moon, L50|100/100\n|turn|8\n|\n|t:|1772603148\n|switch|p2b: Groudon|Groudon, L50|100/100\n|-weather|SunnyDay|[from] ability: Drought|[of] p2b: Groudon\n|-activate|p2a: Roaring Moon|ability: Protosynthesis\n|-start|p2a: Roaring Moon|protosynthesisatk\n|-terastallize|p1a: Lugia|Normal\n|move|p2a: Roaring Moon|Knock Off|p1a: Lugia\n|-damage|p1a: Lugia|1/100\n|-enditem|p1a: Lugia|Razor Claw|[from] move: Knock Off|[of] p2a: Roaring Moon\n|move|p1a: Lugia|Recover|p1a: Lugia\n|-heal|p1a: Lugia|51/100\n|move|p1b: Snorlax|Double-Edge|p2a: Roaring Moon\n|-damage|p2a: Roaring Moon|51/100\n|-damage|p1b: Snorlax|17/100|[from] Recoil\n|\n|-weather|SunnyDay|[upkeep]\n|upkeep\n|turn|9\n|\n|t:|1772603182\n|switch|p1a: Zamazenta|Zamazenta-Crowned, L50|100/100\n|-ability|p1a: Zamazenta|Dauntless Shield|boost\n|-boost|p1a: Zamazenta|def|1\n|move|p2a: Roaring Moon|Knock Off|p1a: Zamazenta\n|-resisted|p1a: Zamazenta\n|-damage|p1a: Zamazenta|90/100\n|move|p2b: Groudon|Heat Crash|p1a: Zamazenta\n|-supereffective|p1a: Zamazenta\n|-damage|p1a: Zamazenta|72/100\n|move|p1b: Snorlax|Double-Edge|p2a: Roaring Moon\n|-damage|p2a: Roaring Moon|0 fnt\n|faint|p2a: Roaring Moon\n|-end|p2a: Roaring Moon|Protosynthesis|[silent]\n|-damage|p1b: Snorlax|2/100|[from] Recoil\n|\n|-weather|SunnyDay|[upkeep]\n|upkeep\n|\n|t:|1772603196\n|switch|p2a: Heatran|Heatran, L50, F|82/100\n|turn|10\n|\n|t:|1772603207\n|move|p1a: Zamazenta|Wide Guard|p1a: Zamazenta\n|-singleturn|p1a: Zamazenta|Wide Guard\n|move|p2b: Groudon|Precipice Blades|p1a: Zamazenta|[spread] \n|-activate|p1a: Zamazenta|move: Wide Guard\n|-activate|p1b: Snorlax|move: Wide Guard\n|move|p2a: Heatran|Substitute|p2a: Heatran\n|-start|p2a: Heatran|Substitute\n|-damage|p2a: Heatran|57/100\n|move|p1b: Snorlax|High Horsepower|p2a: Heatran\n|-supereffective|p2a: Heatran\n|-end|p2a: Heatran|Substitute\n|\n|-weather|SunnyDay|[upkeep]\n|-heal|p2a: Heatran|63/100|[from] item: Leftovers\n|upkeep\n|turn|11\n|\n|t:|1772603229\n|move|p1a: Zamazenta|Body Press|p2b: Groudon\n|-damage|p2b: Groudon|60/100\n|move|p2b: Groudon|Precipice Blades|p1a: Zamazenta|[spread] p1a,p1b\n|-supereffective|p1a: Zamazenta\n|-damage|p1a: Zamazenta|35/100\n|-damage|p1b: Snorlax|0 fnt\n|faint|p1b: Snorlax\n|move|p2a: Heatran|Earth Power|p1a: Zamazenta\n|-supereffective|p1a: Zamazenta\n|-damage|p1a: Zamazenta|0 fnt\n|faint|p1a: Zamazenta\n|\n|-weather|SunnyDay|[upkeep]\n|-heal|p2a: Heatran|69/100|[from] item: Leftovers\n|upkeep\n|\n|t:|1772603239\n|switch|p1b: Lugia|Lugia, L50, tera:Normal|51/100\n|turn|12\n|\n|t:|1772603248\n|-terastallize|p2a: Heatran|Fire\n|move|p1b: Lugia|Recover|p1b: Lugia\n|-heal|p1b: Lugia|100/100\n|move|p2b: Groudon|Heat Crash|p1b: Lugia\n|-damage|p1b: Lugia|82/100\n|move|p2a: Heatran|Heat Wave|p1b: Lugia\n|-damage|p1b: Lugia|28/100\n|\n|-weather|none\n|-heal|p2a: Heatran|75/100|[from] item: Leftovers\n|upkeep\n|turn|13\n|\n|t:|1772603262\n|move|p1b: Lugia|Recover|p1b: Lugia\n|-heal|p1b: Lugia|78/100\n|move|p2b: Groudon|Precipice Blades|p1b: Lugia\n|-damage|p1b: Lugia|29/100\n|move|p2a: Heatran|Heat Wave|p1b: Lugia\n|-damage|p1b: Lugia|0 fnt\n|faint|p1b: Lugia\n|\n|win|I\u2764\ufe0f\u5a1c\u7984forever\n|raw|Darkwall101's rating: 1250 &rarr; <strong>1236</strong><br />(-14 for losing)\n|raw|I\u2764\ufe0f\u5a1c\u7984forever's rating: 1419 &rarr; <strong>1430</strong><br />(+11 for winning)\n|l| ConnerTEP\n|l|\u2606Darkwall101\n|player|p1|\n|l|\u2606I\u2764\ufe0f\u5a1c\u7984forever\n|player|p2|\n","uploadtime":1772603528,"views":16,"formatid":"gen9vgc2026regi","rating":1236,"private":0,"password":null}