{"id":"gen9vgc2026regi-2555708627","format":"[Gen 9] VGC 2026 Reg I","players":["Voth","ConnerTEP"],"log":"|j|\u2606Voth\n|j|\u2606ConnerTEP\n|t:|1773122542\n|gametype|doubles\n|player|p1|Voth|dawn|1400\n|player|p2|ConnerTEP|acerola-masters2|1494\n|gen|9\n|tier|[Gen 9] VGC 2026 Reg I\n|rated|\n|rule|Species Clause: Limit one of each Pok\u00e9mon\n|rule|Item Clause: Limit 1 of each item\n|clearpoke\n|poke|p1|Urshifu-*, L50, M|\n|poke|p1|Calyrex-Ice, L50|\n|poke|p1|Tornadus, L50, M|\n|poke|p1|Landorus, L50, M|\n|poke|p1|Rillaboom, L50, F|\n|poke|p1|Kyogre, L50|\n|poke|p2|Groudon, L50|\n|poke|p2|Calyrex-Shadow, L50|\n|poke|p2|Chi-Yu, L50|\n|poke|p2|Jumpluff, L50, M|\n|poke|p2|Rillaboom, L50, F|\n|poke|p2|Raging Bolt, L50|\n|teampreview|4\n|inactive|Battle timer is ON: inactive players will automatically lose when time's up. (requested by ConnerTEP)\n|\n|t:|1773122570\n|teamsize|p1|4\n|teamsize|p2|4\n|start\n|switch|p1a: Korra|Calyrex-Ice, L50|100/100\n|switch|p1b: Harambe|Rillaboom, L50, F|100/100\n|switch|p2a: Groudon|Groudon, L50|100/100\n|switch|p2b: Calyrex|Calyrex-Shadow, L50|100/100\n|-ability|p2b: Calyrex|As One\n|-ability|p2b: Calyrex|Unnerve\n|-ability|p1a: Korra|As One\n|-ability|p1a: Korra|Unnerve\n|-weather|SunnyDay|[from] ability: Drought|[of] p2a: Groudon\n|-fieldstart|move: Grassy Terrain|[from] ability: Grassy Surge|[of] p1b: Harambe\n|turn|1\n|\n|t:|1773122586\n|-terastallize|p1a: Korra|Water\n|move|p1b: Harambe|Fake Out|p2a: Groudon\n|-damage|p2a: Groudon|90/100\n|move|p2b: Calyrex|Will-O-Wisp|p1a: Korra\n|-status|p1a: Korra|brn\n|cant|p2a: Groudon|flinch\n|move|p1a: Korra|Trick Room|p1a: Korra\n|-fieldstart|move: Trick Room|[of] p1a: Korra\n|\n|-weather|SunnyDay|[upkeep]\n|-heal|p2a: Groudon|96/100|[from] Grassy Terrain\n|-damage|p1a: Korra|95/100 brn|[from] brn\n|upkeep\n|turn|2\n|j| globalfish39\n|\n|t:|1773122603\n|move|p2a: Groudon|Protect|p2a: Groudon\n|-singleturn|p2a: Groudon|Protect\n|move|p2b: Calyrex|Protect|p2b: Calyrex\n|-singleturn|p2b: Calyrex|Protect\n|move|p1a: Korra|Glacial Lance|p2a: Groudon|[spread] \n|-activate|p2a: Groudon|move: Protect\n|-activate|p2b: Calyrex|move: Protect\n|move|p1b: Harambe|Wood Hammer|p2a: Groudon\n|-activate|p2a: Groudon|move: Protect\n|\n|-weather|SunnyDay|[upkeep]\n|-heal|p1a: Korra|100/100 brn|[from] Grassy Terrain\n|-heal|p2a: Groudon|100/100|[from] Grassy Terrain\n|-damage|p1a: Korra|95/100 brn|[from] brn\n|upkeep\n|turn|3\n|\n|t:|1773122620\n|switch|p2a: Raging Bolt|Raging Bolt, L50|100/100\n|-activate|p2a: Raging Bolt|ability: Protosynthesis\n|-start|p2a: Raging Bolt|protosynthesisspa\n|move|p1a: Korra|Glacial Lance|p2b: Calyrex|[spread] p2a,p2b\n|-supereffective|p2a: Raging Bolt\n|-damage|p2a: Raging Bolt|56/100\n|-damage|p2b: Calyrex|70/100\n|move|p1b: Harambe|Wood Hammer|p2b: Calyrex\n|-damage|p2b: Calyrex|0 fnt\n|faint|p2b: Calyrex\n|-damage|p1b: Harambe|81/100|[from] Recoil\n|\n|-weather|SunnyDay|[upkeep]\n|-heal|p1a: Korra|100/100 brn|[from] Grassy Terrain\n|-heal|p2a: Raging Bolt|62/100|[from] Grassy Terrain\n|-heal|p1b: Harambe|87/100|[from] Grassy Terrain\n|-damage|p1a: Korra|95/100 brn|[from] brn\n|upkeep\n|\n|t:|1773122629\n|switch|p2b: Rillaboom|Rillaboom, L50, F|100/100\n|turn|4\n|\n|t:|1773122649\n|move|p1a: Korra|Protect|p1a: Korra\n|-singleturn|p1a: Korra|Protect\n|move|p2a: Raging Bolt|Thunderbolt|p1a: Korra\n|-activate|p1a: Korra|move: Protect\n|move|p2b: Rillaboom|Wood Hammer|p1b: Harambe\n|-resisted|p1b: Harambe\n|-damage|p1b: Harambe|58/100\n|-damage|p2b: Rillaboom|91/100|[from] Recoil\n|move|p1b: Harambe|Wood Hammer|p2a: Raging Bolt\n|-resisted|p2a: Raging Bolt\n|-damage|p2a: Raging Bolt|33/100\n|-damage|p1b: Harambe|47/100|[from] Recoil\n|\n|-weather|SunnyDay|[upkeep]\n|-heal|p1a: Korra|100/100 brn|[from] Grassy Terrain\n|-heal|p2a: Raging Bolt|39/100|[from] Grassy Terrain\n|-heal|p2b: Rillaboom|97/100|[from] Grassy Terrain\n|-heal|p1b: Harambe|53/100|[from] Grassy Terrain\n|-damage|p1a: Korra|95/100 brn|[from] brn\n|upkeep\n|turn|5\n|\n|t:|1773122665\n|move|p2a: Raging Bolt|Thunderclap|p1a: Korra\n|-supereffective|p1a: Korra\n|-damage|p1a: Korra|37/100 brn\n|move|p2b: Rillaboom|Grassy Glide|p1a: Korra\n|-supereffective|p1a: Korra\n|-damage|p1a: Korra|0 fnt\n|faint|p1a: Korra\n|move|p1b: Harambe|Wood Hammer|p2a: Raging Bolt\n|-resisted|p2a: Raging Bolt\n|-damage|p2a: Raging Bolt|11/100\n|-damage|p1b: Harambe|43/100|[from] Recoil\n|\n|-weather|none\n|-end|p2a: Raging Bolt|Protosynthesis\n|-heal|p2a: Raging Bolt|17/100|[from] Grassy Terrain\n|-heal|p2b: Rillaboom|100/100|[from] Grassy Terrain\n|-heal|p1b: Harambe|48/100|[from] Grassy Terrain\n|-fieldend|move: Trick Room\n|-fieldend|move: Grassy Terrain\n|upkeep\n|\n|t:|1773122676\n|switch|p1a: Nuke|Kyogre, L50|100/100\n|-weather|RainDance|[from] ability: Drizzle|[of] p1a: Nuke\n|turn|6\n|\n|t:|1773122684\n|move|p1a: Nuke|Protect|p1a: Nuke\n|-singleturn|p1a: Nuke|Protect\n|move|p2a: Raging Bolt|Protect|p2a: Raging Bolt\n|-singleturn|p2a: Raging Bolt|Protect\n|move|p1b: Harambe|Wood Hammer|p2a: Raging Bolt\n|-activate|p2a: Raging Bolt|move: Protect\n|move|p2b: Rillaboom|U-turn|p1b: Harambe\n|-supereffective|p1b: Harambe\n|-damage|p1b: Harambe|12/100\n|\n|t:|1773122686\n|switch|p2b: Groudon|Groudon, L50|100/100|[from] U-turn\n|-weather|SunnyDay|[from] ability: Drought|[of] p2b: Groudon\n|-activate|p2a: Raging Bolt|ability: Protosynthesis\n|-start|p2a: Raging Bolt|protosynthesisspa\n|\n|-weather|SunnyDay|[upkeep]\n|upkeep\n|turn|7\n|\n|t:|1773122697\n|switch|p1a: Mr miyagi|Urshifu-Rapid-Strike, L50, M|100/100\n|move|p2b: Groudon|Precipice Blades|p1a: Mr miyagi|[spread] p1a,p1b\n|-resisted|p1b: Harambe\n|-damage|p1a: Mr miyagi|50/100\n|-damage|p1b: Harambe|0 fnt\n|faint|p1b: Harambe\n|move|p2a: Raging Bolt|Draco Meteor|p1a: Mr miyagi\n|-damage|p1a: Mr miyagi|0 fnt\n|-unboost|p2a: Raging Bolt|spa|2\n|faint|p1a: Mr miyagi\n|\n|-weather|SunnyDay|[upkeep]\n|upkeep\n|\n|t:|1773122700\n|switch|p1b: Nuke|Kyogre, L50|100/100\n|-weather|RainDance|[from] ability: Drizzle|[of] p1b: Nuke\n|-end|p2a: Raging Bolt|Protosynthesis\n|turn|8\n|-message|Voth forfeited.\n|\n|win|ConnerTEP\n|raw|Voth's rating: 1400 &rarr; <strong>1385</strong><br />(-15 for losing)\n|raw|ConnerTEP's rating: 1494 &rarr; <strong>1509</strong><br />(+15 for winning)\n|l|\u2606Voth\n|player|p1|\n|l|\u2606ConnerTEP\n|player|p2|\n|l| globalfish39\n","uploadtime":1773122919,"views":19,"formatid":"gen9vgc2026regi","rating":1385,"private":0,"password":null}