{"id":"gen9vgc2026regi-2513818623","format":"[Gen 9] VGC 2026 Reg I","players":["wemora","Schimmli"],"log":"|j|\u2606wemora\n|j|\u2606Schimmli\n|t:|1767787823\n|gametype|doubles\n|player|p1|wemora|169|1154\n|player|p2|Schimmli|101|1255\n|gen|9\n|tier|[Gen 9] VGC 2026 Reg I\n|rated|\n|rule|Species Clause: Limit one of each Pok\u00e9mon\n|rule|Item Clause: Limit 1 of each item\n|clearpoke\n|poke|p1|Calyrex-Ice, L50|\n|poke|p1|Kyogre, L50|\n|poke|p1|Smeargle, L50, M|\n|poke|p1|Ursaluna-Bloodmoon, L50, M|\n|poke|p1|Grimmsnarl, L50, M|\n|poke|p1|Incineroar, L50, M|\n|poke|p2|Terapagos, L50, M|\n|poke|p2|Calyrex-Shadow, L50|\n|poke|p2|Flutter Mane, L50|\n|poke|p2|Ogerpon-Cornerstone, L50, F|\n|poke|p2|Incineroar, L50, M|\n|poke|p2|Rillaboom, L50, M|\n|teampreview|4\n|inactive|Battle timer is ON: inactive players will automatically lose when time's up. (requested by wemora)\n|\n|t:|1767787858\n|teamsize|p1|4\n|teamsize|p2|4\n|start\n|switch|p1a: Calyrex|Calyrex-Ice, L50|100/100\n|switch|p1b: Ursaluna|Ursaluna-Bloodmoon, L50, M|100/100\n|switch|p2a: Terapagos|Terapagos, L50, M|100/100\n|switch|p2b: Flutter Mane|Flutter Mane, L50|100/100\n|-activate|p2a: Terapagos|ability: Tera Shift\n|detailschange|p2a: Terapagos|Terapagos-Terastal, L50, M\n|-heal|p2a: Terapagos|100/100|[silent]\n|-ability|p1a: Calyrex|As One\n|-ability|p1a: Calyrex|Unnerve\n|-enditem|p2b: Flutter Mane|Booster Energy\n|-activate|p2b: Flutter Mane|ability: Protosynthesis|[fromitem]\n|-start|p2b: Flutter Mane|protosynthesisspe\n|turn|1\n|inactive|wemora has 30 seconds left.\n|inactive|wemora has 20 seconds left.\n|\n|t:|1767787896\n|switch|p1a: Incineroar|Incineroar, L50, M|100/100\n|-ability|p1a: Incineroar|Intimidate|boost\n|-unboost|p2a: Terapagos|atk|1\n|-unboost|p2b: Flutter Mane|atk|1\n|move|p2b: Flutter Mane|Moonblast|p1b: Ursaluna\n|-damage|p1b: Ursaluna|55/100\n|move|p2a: Terapagos|Calm Mind|p2a: Terapagos\n|-boost|p2a: Terapagos|spa|1\n|-boost|p2a: Terapagos|spd|1\n|move|p1b: Ursaluna|Hyper Voice|p2a: Terapagos|[spread] p2a,p2b\n|-activate|p2a: Terapagos|ability: Tera Shell\n|-resisted|p2a: Terapagos\n|-damage|p2a: Terapagos|87/100\n|-damage|p2b: Flutter Mane|59/100\n|-damage|p1b: Ursaluna|45/100|[from] item: Life Orb\n|\n|-heal|p2a: Terapagos|93/100|[from] item: Leftovers\n|upkeep\n|turn|2\n|inactive|wemora has 30 seconds left.\n|inactive|wemora has 20 seconds left.\n|\n|t:|1767787932\n|move|p1b: Ursaluna|Protect|p1b: Ursaluna\n|-singleturn|p1b: Ursaluna|Protect\n|move|p2b: Flutter Mane|Moonblast|p1b: Ursaluna\n|-activate|p1b: Ursaluna|move: Protect\n|move|p2a: Terapagos|Tera Starstorm|p1a: Incineroar\n|-damage|p1a: Incineroar|43/100\n|move|p1a: Incineroar|Knock Off|p2b: Flutter Mane\n|-damage|p2b: Flutter Mane|21/100\n|\n|-heal|p2a: Terapagos|99/100|[from] item: Leftovers\n|upkeep\n|turn|3\n|inactive|wemora has 30 seconds left.\n|\n|t:|1767787961\n|switch|p1a: Calyrex|Calyrex-Ice, L50|100/100\n|-ability|p1a: Calyrex|As One\n|-ability|p1a: Calyrex|Unnerve\n|move|p2b: Flutter Mane|Protect|p2b: Flutter Mane\n|-singleturn|p2b: Flutter Mane|Protect\n|move|p2a: Terapagos|Tera Starstorm|p1a: Calyrex\n|-damage|p1a: Calyrex|56/100\n|move|p1b: Ursaluna|Blood Moon|p2a: Terapagos\n|-damage|p2a: Terapagos|36/100\n|-damage|p1b: Ursaluna|35/100|[from] item: Life Orb\n|\n|-heal|p2a: Terapagos|43/100|[from] item: Leftovers\n|upkeep\n|turn|4\n|\n|t:|1767787984\n|-terastallize|p2a: Terapagos|Stellar\n|detailschange|p2a: Terapagos|Terapagos-Stellar, L50, M, tera:Stellar\n|-heal|p2a: Terapagos|57/100|[silent]\n|move|p1b: Ursaluna|Protect|p1b: Ursaluna\n|-singleturn|p1b: Ursaluna|Protect\n|move|p2b: Flutter Mane|Moonblast|p1a: Calyrex\n|-damage|p1a: Calyrex|29/100\n|move|p2a: Terapagos|Tera Starstorm|p1b: Ursaluna|[spread] p1a\n|-activate|p1b: Ursaluna|move: Protect\n|-damage|p1a: Calyrex|0 fnt\n|faint|p1a: Calyrex\n|\n|-heal|p2a: Terapagos|64/100|[from] item: Leftovers\n|upkeep\n|\n|t:|1767787992\n|switch|p1a: Incineroar|Incineroar, L50, M|43/100\n|-ability|p1a: Incineroar|Intimidate|boost\n|-unboost|p2a: Terapagos|atk|1\n|-unboost|p2b: Flutter Mane|atk|1\n|turn|5\n|\n|t:|1767788004\n|move|p1a: Incineroar|Fake Out|p2a: Terapagos\n|-damage|p2a: Terapagos|58/100\n|move|p2b: Flutter Mane|Moonblast|p1b: Ursaluna\n|-damage|p1b: Ursaluna|0 fnt\n|faint|p1b: Ursaluna\n|cant|p2a: Terapagos|flinch\n|\n|-heal|p2a: Terapagos|65/100|[from] item: Leftovers\n|upkeep\n|\n|t:|1767788006\n|switch|p1b: Kyogre|Kyogre, L50|100/100\n|-weather|RainDance|[from] ability: Drizzle|[of] p1b: Kyogre\n|turn|6\n|\n|t:|1767788021\n|move|p2a: Terapagos|Protect|p2a: Terapagos\n|-singleturn|p2a: Terapagos|Protect\n|move|p2b: Flutter Mane|Moonblast|p1b: Kyogre\n|-damage|p1b: Kyogre|71/100\n|move|p1a: Incineroar|Knock Off|p2a: Terapagos\n|-activate|p2a: Terapagos|move: Protect\n|move|p1b: Kyogre|Hydro Pump|p2b: Flutter Mane\n|-damage|p2b: Flutter Mane|0 fnt\n|faint|p2b: Flutter Mane\n|-end|p2b: Flutter Mane|Protosynthesis|[silent]\n|\n|-weather|RainDance|[upkeep]\n|-heal|p2a: Terapagos|71/100|[from] item: Leftovers\n|upkeep\n|\n|t:|1767788031\n|switch|p2b: Rillaboom|Rillaboom, L50, M|100/100\n|-fieldstart|move: Grassy Terrain|[from] ability: Grassy Surge|[of] p2b: Rillaboom\n|turn|7\n|\n|t:|1767788043\n|move|p1b: Kyogre|Protect|p1b: Kyogre\n|-singleturn|p1b: Kyogre|Protect\n|move|p2b: Rillaboom|Fake Out|p1b: Kyogre\n|-activate|p1b: Kyogre|move: Protect\n|move|p2a: Terapagos|Tera Starstorm|p1b: Kyogre|[spread] p1a\n|-activate|p1b: Kyogre|move: Protect\n|-damage|p1a: Incineroar|3/100\n|move|p1a: Incineroar|Will-O-Wisp|p2b: Rillaboom\n|-status|p2b: Rillaboom|brn\n|\n|-weather|RainDance|[upkeep]\n|-heal|p2a: Terapagos|77/100|[from] Grassy Terrain\n|-heal|p2a: Terapagos|83/100|[from] item: Leftovers\n|-heal|p1a: Incineroar|9/100|[from] Grassy Terrain\n|-heal|p1b: Kyogre|77/100|[from] Grassy Terrain\n|-damage|p2b: Rillaboom|95/100 brn|[from] brn\n|upkeep\n|turn|8\n|-message|wemora forfeited.\n|\n|win|Schimmli\n|raw|wemora's rating: 1154 &rarr; <strong>1136</strong><br />(-18 for losing)\n|raw|Schimmli's rating: 1255 &rarr; <strong>1273</strong><br />(+18 for winning)\n|l|\u2606wemora\n|player|p1|\n|l|\u2606Schimmli\n|player|p2|\n","uploadtime":1767788319,"views":18,"formatid":"gen9vgc2026regi","rating":1136,"private":0,"password":null}