{"id":"gen9vgc2026regi-2578393486","format":"[Gen 9] VGC 2026 Reg I","players":["JoeBro8","Stary_revoultion"],"log":"|j|\u2606JoeBro8\n|j|\u2606Stary_revoultion\n|t:|1775674091\n|gametype|doubles\n|player|p1|JoeBro8|n|1376\n|player|p2|Stary_revoultion|cress|1294\n|gen|9\n|tier|[Gen 9] VGC 2026 Reg I\n|rated|\n|rule|Species Clause: Limit one of each Pok\u00e9mon\n|rule|Item Clause: Limit 1 of each item\n|clearpoke\n|poke|p1|Terapagos, L50, M|\n|poke|p1|Rillaboom, L50, M|\n|poke|p1|Incineroar, L50, M|\n|poke|p1|Ogerpon-Cornerstone, L50, F|\n|poke|p1|Calyrex-Shadow, L50|\n|poke|p1|Flutter Mane, L50|\n|poke|p2|Gholdengo, L50|\n|poke|p2|Perrserker, L50, M|\n|poke|p2|Calyrex-Shadow, L50|\n|poke|p2|Ogerpon, L50, F|\n|poke|p2|Zamazenta-*, L50|\n|poke|p2|Scizor, L50, F|\n|teampreview|4\n|inactive|Battle timer is ON: inactive players will automatically lose when time's up. (requested by Stary_revoultion)\n|\n|t:|1775674109\n|teamsize|p1|4\n|teamsize|p2|4\n|start\n|switch|p1a: Flutter Mane|Flutter Mane, L50|100/100\n|switch|p1b: Terapagos|Terapagos, L50, M|100/100\n|switch|p2a: potential steel|Perrserker, L50, M, shiny|100/100\n|switch|p2b: Ogerpon|Ogerpon, L50, F|100/100\n|-activate|p1b: Terapagos|ability: Tera Shift\n|detailschange|p1b: Terapagos|Terapagos-Terastal, L50, M\n|-heal|p1b: Terapagos|100/100|[silent]\n|-enditem|p1a: Flutter Mane|Booster Energy\n|-activate|p1a: Flutter Mane|ability: Protosynthesis|[fromitem]\n|-start|p1a: Flutter Mane|protosynthesisspe\n|turn|1\n|\n|t:|1775674130\n|move|p2a: potential steel|Fake Out|p1b: Terapagos\n|-activate|p1b: Terapagos|ability: Tera Shell\n|-resisted|p1b: Terapagos\n|-damage|p1b: Terapagos|96/100\n|move|p1a: Flutter Mane|Thunder Wave|p2a: potential steel|[miss]\n|-miss|p1a: Flutter Mane|p2a: potential steel\n|move|p2b: Ogerpon|Ivy Cudgel|p1a: Flutter Mane\n|-crit|p1a: Flutter Mane\n|-damage|p1a: Flutter Mane|0 fnt\n|faint|p1a: Flutter Mane\n|-end|p1a: Flutter Mane|Protosynthesis|[silent]\n|cant|p1b: Terapagos|flinch\n|\n|-heal|p1b: Terapagos|100/100|[from] item: Leftovers\n|upkeep\n|inactive|JoeBro8 has 30 seconds left.\n|\n|t:|1775674158\n|switch|p1a: Calyrex|Calyrex-Shadow, L50|100/100\n|-ability|p1a: Calyrex|As One\n|-ability|p1a: Calyrex|Unnerve\n|turn|2\n|\n|t:|1775674166\n|move|p2b: Ogerpon|Spiky Shield|p2b: Ogerpon\n|-singleturn|p2b: Ogerpon|move: Protect\n|move|p1a: Calyrex|Astral Barrage|p2b: Ogerpon|[spread] p2a\n|-activate|p2b: Ogerpon|move: Protect\n|-damage|p2a: potential steel|17/100\n|move|p1b: Terapagos|Calm Mind|p1b: Terapagos\n|-boost|p1b: Terapagos|spa|1\n|-boost|p1b: Terapagos|spd|1\n|move|p2a: potential steel|Gyro Ball|p1a: Calyrex\n|-damage|p1a: Calyrex|2/100\n|\n|upkeep\n|turn|3\n|\n|t:|1775674187\n|switch|p2a: Zamazenta|Zamazenta-Crowned, L50|100/100\n|-ability|p2a: Zamazenta|Dauntless Shield|boost\n|-boost|p2a: Zamazenta|def|1\n|-terastallize|p2b: Ogerpon|Grass\n|detailschange|p2b: Ogerpon|Ogerpon-Teal-Tera, L50, F, tera:Grass\n|-ability|p2b: Ogerpon|Embody Aspect (Teal)|boost\n|-boost|p2b: Ogerpon|spe|1\n|move|p2b: Ogerpon|Knock Off|p1a: Calyrex\n|-supereffective|p1a: Calyrex\n|-damage|p1a: Calyrex|0 fnt\n|-enditem|p1a: Calyrex|Focus Sash|[from] move: Knock Off|[of] p2b: Ogerpon\n|faint|p1a: Calyrex\n|move|p1b: Terapagos|Calm Mind|p1b: Terapagos\n|-boost|p1b: Terapagos|spa|1\n|-boost|p1b: Terapagos|spd|1\n|\n|upkeep\n|\n|t:|1775674189\n|switch|p1a: Incineroar|Incineroar, L50, M|100/100\n|-ability|p1a: Incineroar|Intimidate|boost\n|-unboost|p2a: Zamazenta|atk|1\n|-unboost|p2b: Ogerpon|atk|1\n|-enditem|p2b: Ogerpon|Adrenaline Orb\n|-boost|p2b: Ogerpon|spe|1|[from] item: Adrenaline Orb\n|turn|4\n|\n|t:|1775674207\n|-terastallize|p1a: Incineroar|Ghost\n|move|p2b: Ogerpon|Knock Off|p1b: Terapagos\n|-activate|p1b: Terapagos|ability: Tera Shell\n|-resisted|p1b: Terapagos\n|-crit|p1b: Terapagos\n|-damage|p1b: Terapagos|83/100\n|-enditem|p1b: Terapagos|Leftovers|[from] move: Knock Off|[of] p2b: Ogerpon\n|move|p2a: Zamazenta|Body Press|p1a: Incineroar\n|-immune|p1a: Incineroar\n|move|p1b: Terapagos|Calm Mind|p1b: Terapagos\n|-boost|p1b: Terapagos|spa|1\n|-boost|p1b: Terapagos|spd|1\n|move|p1a: Incineroar|Will-O-Wisp|p2a: Zamazenta\n|-status|p2a: Zamazenta|brn\n|\n|-damage|p2a: Zamazenta|94/100 brn|[from] brn\n|upkeep\n|turn|5\n|inactive|JoeBro8 has 30 seconds left.\n|inactive|JoeBro8 has 20 seconds left.\n|\n|t:|1775674245\n|switch|p2a: Calyrex|Calyrex-Shadow, L50|100/100\n|-ability|p2a: Calyrex|As One\n|-ability|p2a: Calyrex|Unnerve\n|move|p2b: Ogerpon|Spiky Shield|p2b: Ogerpon\n|-singleturn|p2b: Ogerpon|move: Protect\n|move|p1b: Terapagos|Protect|p1b: Terapagos\n|-singleturn|p1b: Terapagos|Protect\n|move|p1a: Incineroar|Will-O-Wisp|p2b: Ogerpon\n|-activate|p2b: Ogerpon|move: Protect\n|\n|upkeep\n|turn|6\n|\n|t:|1775674262\n|move|p2b: Ogerpon|Knock Off|p1a: Incineroar\n|-supereffective|p1a: Incineroar\n|-damage|p1a: Incineroar|59/100\n|-damage|p2b: Ogerpon|84/100|[from] item: Rocky Helmet|[of] p1a: Incineroar\n|-enditem|p1a: Incineroar|Rocky Helmet|[from] move: Knock Off|[of] p2b: Ogerpon\n|move|p2a: Calyrex|Encore|p1b: Terapagos\n|-start|p1b: Terapagos|Encore\n|move|p1b: Terapagos|Protect|p1b: Terapagos\n|-singleturn|p1b: Terapagos|Protect\n|move|p1a: Incineroar|Knock Off|p2a: Calyrex\n|-supereffective|p2a: Calyrex\n|-damage|p2a: Calyrex|0 fnt\n|-enditem|p2a: Calyrex|Life Orb|[from] move: Knock Off|[of] p1a: Incineroar\n|faint|p2a: Calyrex\n|\n|upkeep\n|\n|t:|1775674272\n|switch|p2a: potential steel|Perrserker, L50, M, shiny|17/100\n|turn|7\n|\n|t:|1775674284\n|move|p2a: potential steel|Helping Hand|p2b: Ogerpon\n|-singleturn|p2b: Ogerpon|Helping Hand|[of] p2a: potential steel\n|move|p1b: Terapagos|Protect||[still]\n|-fail|p1b: Terapagos\n|move|p2b: Ogerpon|Ivy Cudgel|p1a: Incineroar\n|-damage|p1a: Incineroar|0 fnt\n|faint|p1a: Incineroar\n|\n|upkeep\n|turn|8\n|\n|t:|1775674298\n|switch|p2b: Zamazenta|Zamazenta-Crowned, L50|94/100 brn\n|move|p1b: Terapagos|Protect|p1b: Terapagos\n|-singleturn|p1b: Terapagos|Protect\n|move|p2a: potential steel|Gyro Ball|p1b: Terapagos\n|-activate|p1b: Terapagos|move: Protect\n|\n|-damage|p2b: Zamazenta|88/100 brn|[from] brn\n|-end|p1b: Terapagos|Encore\n|upkeep\n|turn|9\n|\n|t:|1775674306\n|move|p2a: potential steel|Helping Hand|p2b: Zamazenta\n|-singleturn|p2b: Zamazenta|Helping Hand|[of] p2a: potential steel\n|move|p2b: Zamazenta|Body Press|p1b: Terapagos\n|-supereffective|p1b: Terapagos\n|-damage|p1b: Terapagos|36/100\n|move|p1b: Terapagos|Earth Power|p2b: Zamazenta\n|-supereffective|p2b: Zamazenta\n|-damage|p2b: Zamazenta|0 fnt\n|faint|p2b: Zamazenta\n|\n|upkeep\n|\n|t:|1775674313\n|switch|p2b: Ogerpon|Ogerpon-Teal-Tera, L50, F, tera:Grass|84/100\n|-ability|p2b: Ogerpon|Embody Aspect (Teal)|boost\n|-boost|p2b: Ogerpon|spe|1\n|turn|10\n|\n|t:|1775674321\n|move|p2b: Ogerpon|Ivy Cudgel|p1b: Terapagos\n|-damage|p1b: Terapagos|0 fnt\n|faint|p1b: Terapagos\n|\n|win|Stary_revoultion\n|raw|JoeBro8's rating: 1356 &rarr; <strong>1332</strong><br />(-24 for losing)\n|raw|Stary_revoultion's rating: 1294 &rarr; <strong>1323</strong><br />(+29 for winning)\n|l|\u2606JoeBro8\n|player|p1|\n|l|\u2606Stary_revoultion\n|player|p2|\n","uploadtime":1775674465,"views":8,"formatid":"gen9vgc2026regi","rating":1323,"private":0,"password":null}