{"id":"gen9vgc2026regi-2566967477","format":"[Gen 9] VGC 2026 Reg I","players":["miniat","slimeslatt252"],"log":"|j|\u2606miniat\n|j|\u2606slimeslatt252\n|t:|1774436191\n|gametype|doubles\n|player|p1|miniat|cress|1391\n|player|p2|slimeslatt252|265|1448\n|gen|9\n|tier|[Gen 9] VGC 2026 Reg I\n|rated|\n|rule|Species Clause: Limit one of each Pok\u00e9mon\n|rule|Item Clause: Limit 1 of each item\n|clearpoke\n|poke|p1|Lunala, L50|\n|poke|p1|Indeedee-F, L50, F|\n|poke|p1|Ogerpon-Hearthflame, L50, F|\n|poke|p1|Walking Wake, L50|\n|poke|p1|Whimsicott, L50, F|\n|poke|p1|Groudon, L50|\n|poke|p2|Calyrex-Shadow, L50|\n|poke|p2|Koraidon, L50|\n|poke|p2|Incineroar, L50, M|\n|poke|p2|Raging Bolt, L50|\n|poke|p2|Brute Bonnet, L50|\n|poke|p2|Landorus, L50, M|\n|teampreview|4\n|inactive|Battle timer is ON: inactive players will automatically lose when time's up. (requested by slimeslatt252)\n|\n|t:|1774436219\n|teamsize|p1|4\n|teamsize|p2|4\n|start\n|switch|p1a: Whimsicott|Whimsicott, L50, F|100/100\n|switch|p1b: Groudon|Groudon, L50|100/100\n|switch|p2a: Incineroar|Incineroar, L50, M|100/100\n|switch|p2b: Calyrex|Calyrex-Shadow, L50|100/100\n|-ability|p2b: Calyrex|As One\n|-ability|p2b: Calyrex|Unnerve\n|-weather|SunnyDay|[from] ability: Drought|[of] p1b: Groudon\n|-ability|p2a: Incineroar|Intimidate|boost\n|-unboost|p1a: Whimsicott|atk|1\n|-fail|p1b: Groudon|unboost|[from] item: Clear Amulet|[of] p1b: Groudon\n|turn|1\n|inactive|miniat has 30 seconds left.\n|inactive|miniat has 20 seconds left.\n|inactive|miniat has 15 seconds left.\n|inactive|miniat has 10 seconds left.\n|\n|t:|1774436265\n|-terastallize|p1a: Whimsicott|Ghost\n|-terastallize|p2b: Calyrex|Ghost\n|move|p1b: Groudon|Protect|p1b: Groudon\n|-singleturn|p1b: Groudon|Protect\n|move|p2a: Incineroar|Fake Out|p1a: Whimsicott\n|-immune|p1a: Whimsicott\n|move|p1a: Whimsicott|Tailwind|p1a: Whimsicott\n|-sidestart|p1: miniat|move: Tailwind\n|move|p2b: Calyrex|Astral Barrage|p1b: Groudon|[spread] p1a\n|-activate|p1b: Groudon|move: Protect\n|-supereffective|p1a: Whimsicott\n|-enditem|p1a: Whimsicott|Focus Sash\n|-damage|p1a: Whimsicott|1/100\n|\n|-weather|SunnyDay|[upkeep]\n|upkeep\n|turn|2\n|\n|t:|1774436282\n|move|p1a: Whimsicott|Endeavor|p2a: Incineroar\n|-damage|p2a: Incineroar|1/100\n|move|p1b: Groudon|Precipice Blades|p2b: Calyrex|[spread] p2a,p2b\n|-supereffective|p2a: Incineroar\n|-damage|p2a: Incineroar|0 fnt\n|-damage|p2b: Calyrex|30/100\n|faint|p2a: Incineroar\n|move|p2b: Calyrex|Astral Barrage|p1b: Groudon|[spread] p1a,p1b\n|-supereffective|p1a: Whimsicott\n|-damage|p1a: Whimsicott|0 fnt\n|-damage|p1b: Groudon|37/100\n|faint|p1a: Whimsicott\n|-ability|p2b: Calyrex|Grim Neigh|boost\n|-boost|p2b: Calyrex|spa|1\n|\n|-weather|SunnyDay|[upkeep]\n|upkeep\n|\n|t:|1774436298\n|switch|p1a: Ogerpon|Ogerpon-Hearthflame, L50, F|100/100\n|switch|p2a: Brute Bonnet|Brute Bonnet, L50|100/100\n|-ability|p1a: Ogerpon|Mold Breaker\n|-activate|p2a: Brute Bonnet|ability: Protosynthesis\n|-start|p2a: Brute Bonnet|protosynthesisdef\n|turn|3\n|\n|t:|1774436306\n|move|p2b: Calyrex|Protect|p2b: Calyrex\n|-singleturn|p2b: Calyrex|Protect\n|move|p1a: Ogerpon|Ivy Cudgel|p2a: Brute Bonnet|[anim] Ivy Cudgel Fire\n|-supereffective|p2a: Brute Bonnet\n|-damage|p2a: Brute Bonnet|18/100\n|move|p1b: Groudon|Precipice Blades|p2b: Calyrex|[spread] \n|-activate|p2b: Calyrex|move: Protect\n|-miss|p1b: Groudon|p2a: Brute Bonnet\n|move|p2a: Brute Bonnet|Seed Bomb|p1b: Groudon\n|-supereffective|p1b: Groudon\n|-damage|p1b: Groudon|0 fnt\n|faint|p1b: Groudon\n|\n|-weather|SunnyDay|[upkeep]\n|upkeep\n|\n|t:|1774436325\n|switch|p1b: Lunala|Lunala, L50|100/100\n|turn|4\n|\n|t:|1774436339\n|switch|p2b: Koraidon|Koraidon, L50|100/100\n|-activate|p2b: Koraidon|ability: Orichalcum Pulse\n|move|p2a: Brute Bonnet|Sucker Punch||[still]\n|-fail|p2a: Brute Bonnet\n|move|p1a: Ogerpon|Ivy Cudgel|p2a: Brute Bonnet|[anim] Ivy Cudgel Fire\n|-supereffective|p2a: Brute Bonnet\n|-damage|p2a: Brute Bonnet|0 fnt\n|faint|p2a: Brute Bonnet\n|-end|p2a: Brute Bonnet|Protosynthesis|[silent]\n|move|p1b: Lunala|Trick Room|p1b: Lunala\n|-fieldstart|move: Trick Room|[of] p1b: Lunala\n|\n|-weather|SunnyDay|[upkeep]\n|-sideend|p1: miniat|move: Tailwind\n|upkeep\n|\n|t:|1774436347\n|switch|p2a: Calyrex|Calyrex-Shadow, L50, tera:Ghost|30/100\n|-ability|p2a: Calyrex|As One\n|-ability|p2a: Calyrex|Unnerve\n|turn|5\n|\n|t:|1774436364\n|move|p2a: Calyrex|Protect|p2a: Calyrex\n|-singleturn|p2a: Calyrex|Protect\n|move|p1b: Lunala|Expanding Force|p2b: Koraidon\n|-supereffective|p2b: Koraidon\n|-damage|p2b: Koraidon|10/100\n|move|p1a: Ogerpon|Ivy Cudgel|p2b: Koraidon|[anim] Ivy Cudgel Fire\n|-resisted|p2b: Koraidon\n|-damage|p2b: Koraidon|0 fnt\n|faint|p2b: Koraidon\n|\n|-weather|none\n|upkeep\n|turn|6\n|\n|t:|1774436373\n|move|p1b: Lunala|Moongeist Beam|p2a: Calyrex\n|-supereffective|p2a: Calyrex\n|-damage|p2a: Calyrex|0 fnt\n|faint|p2a: Calyrex\n|\n|win|miniat\n|raw|miniat's rating: 1408 &rarr; <strong>1430</strong><br />(+22 for winning)\n|raw|slimeslatt252's rating: 1448 &rarr; <strong>1426</strong><br />(-22 for losing)\n|l|\u2606slimeslatt252\n|player|p2|\n","uploadtime":1774436609,"views":11,"formatid":"gen9vgc2026regi","rating":1426,"private":0,"password":null}