{"id":"gen9vgc2026regi-2519992536","format":"[Gen 9] VGC 2026 Reg I","players":["Voth","porygon-epilepz"],"log":"|j|\u2606Voth\n|j|\u2606porygon-epilepz\n|t:|1768578063\n|gametype|doubles\n|player|p1|Voth|dawn|1218\n|player|p2|porygon-epilepz|ghetsis-gen5bw|1339\n|gen|9\n|tier|[Gen 9] VGC 2026 Reg I\n|rated|\n|rule|Species Clause: Limit one of each Pok\u00e9mon\n|rule|Item Clause: Limit 1 of each item\n|clearpoke\n|poke|p1|Urshifu-*, L50, M|\n|poke|p1|Calyrex-Ice, L50|\n|poke|p1|Tornadus, L50, M|\n|poke|p1|Landorus, L50, M|\n|poke|p1|Rillaboom, L50, F|\n|poke|p1|Kyogre, L50|\n|poke|p2|Farigiraf, L50, F|\n|poke|p2|Miraidon, L50|\n|poke|p2|Incineroar, L50, M|\n|poke|p2|Landorus, L50, M|\n|poke|p2|Urshifu-*, L50, M|\n|poke|p2|Calyrex-Ice, L50|\n|teampreview|4\n|\n|t:|1768578080\n|teamsize|p1|4\n|teamsize|p2|4\n|start\n|switch|p1a: Aang|Tornadus, L50, M|100/100\n|switch|p1b: Nuke|Kyogre, L50|100/100\n|switch|p2a: Calyrex|Calyrex-Ice, L50|100/100\n|switch|p2b: Farigiraf|Farigiraf, L50, F|100/100\n|-ability|p2a: Calyrex|As One\n|-ability|p2a: Calyrex|Unnerve\n|-weather|RainDance|[from] ability: Drizzle|[of] p1b: Nuke\n|turn|1\n|\n|t:|1768578107\n|move|p2b: Farigiraf|Helping Hand|p2a: Calyrex\n|-singleturn|p2a: Calyrex|Helping Hand|[of] p2b: Farigiraf\n|move|p1a: Aang|Taunt||[still]\n|cant|p2b: Farigiraf|ability: Armor Tail|Taunt|[of] p1a: Aang\n|move|p1b: Nuke|Water Spout|p2b: Farigiraf|[spread] p2a,p2b\n|-damage|p2a: Calyrex|19/100\n|-damage|p2b: Farigiraf|0 fnt\n|faint|p2b: Farigiraf\n|move|p2a: Calyrex|Glacial Lance|p1a: Aang|[spread] p1a,p1b\n|-supereffective|p1a: Aang\n|-resisted|p1b: Nuke\n|-damage|p1a: Aang|0 fnt\n|-damage|p1b: Nuke|61/100\n|faint|p1a: Aang\n|-ability|p2a: Calyrex|Chilling Neigh|boost\n|-boost|p2a: Calyrex|atk|1\n|\n|-weather|RainDance|[upkeep]\n|upkeep\n|\n|t:|1768578125\n|switch|p1a: Korra|Calyrex-Ice, L50|100/100\n|switch|p2b: Miraidon|Miraidon, L50|100/100\n|-ability|p1a: Korra|As One\n|-ability|p1a: Korra|Unnerve\n|-fieldstart|move: Electric Terrain|[from] ability: Hadron Engine|[of] p2b: Miraidon\n|turn|2\n|\n|t:|1768578138\n|switch|p1a: Harambe|Rillaboom, L50, F|100/100\n|-fieldstart|move: Grassy Terrain|[from] ability: Grassy Surge|[of] p1a: Harambe\n|-terastallize|p1b: Nuke|Grass\n|move|p2b: Miraidon|Electro Drift|p1a: Harambe\n|-resisted|p1a: Harambe\n|-damage|p1a: Harambe|74/100\n|move|p1b: Nuke|Origin Pulse|p2a: Calyrex|[spread] p2a,p2b\n|-resisted|p2b: Miraidon\n|-damage|p2a: Calyrex|0 fnt\n|-damage|p2b: Miraidon|66/100\n|faint|p2a: Calyrex\n|\n|-weather|RainDance|[upkeep]\n|-heal|p2b: Miraidon|72/100|[from] Grassy Terrain\n|-heal|p1b: Nuke|67/100|[from] Grassy Terrain\n|-heal|p1a: Harambe|80/100|[from] Grassy Terrain\n|upkeep\n|\n|t:|1768578142\n|switch|p2a: Landorus|Landorus, L50, M|100/100\n|turn|3\n|\n|t:|1768578166\n|-terastallize|p2a: Landorus|Water\n|move|p1a: Harambe|Fake Out|p2a: Landorus\n|-damage|p2a: Landorus|86/100\n|move|p2b: Miraidon|Electro Drift|p1a: Harambe\n|-resisted|p1a: Harambe\n|-damage|p1a: Harambe|52/100\n|cant|p2a: Landorus|flinch\n|move|p1b: Nuke|Origin Pulse|p2a: Landorus|[spread] p2b\n|-miss|p1b: Nuke|p2a: Landorus\n|-resisted|p2b: Miraidon\n|-damage|p2b: Miraidon|37/100\n|\n|-weather|RainDance|[upkeep]\n|-heal|p2b: Miraidon|43/100|[from] Grassy Terrain\n|-heal|p2a: Landorus|92/100|[from] Grassy Terrain\n|-heal|p1b: Nuke|73/100|[from] Grassy Terrain\n|-heal|p1a: Harambe|58/100|[from] Grassy Terrain\n|upkeep\n|turn|4\n|\n|t:|1768578191\n|move|p1b: Nuke|Protect|p1b: Nuke\n|-singleturn|p1b: Nuke|Protect\n|move|p2b: Miraidon|Electro Drift|p1b: Nuke\n|-activate|p1b: Nuke|move: Protect\n|move|p2a: Landorus|Sludge Bomb|p1a: Harambe\n|-supereffective|p1a: Harambe\n|-damage|p1a: Harambe|0 fnt\n|faint|p1a: Harambe\n|\n|-weather|RainDance|[upkeep]\n|-heal|p2b: Miraidon|49/100|[from] Grassy Terrain\n|-heal|p2a: Landorus|98/100|[from] Grassy Terrain\n|-heal|p1b: Nuke|79/100|[from] Grassy Terrain\n|upkeep\n|\n|t:|1768578200\n|switch|p1a: Korra|Calyrex-Ice, L50|100/100\n|-ability|p1a: Korra|As One\n|-ability|p1a: Korra|Unnerve\n|turn|5\n|\n|t:|1768578205\n|move|p2b: Miraidon|Electro Drift|p1a: Korra\n|-damage|p1a: Korra|48/100\n|move|p2a: Landorus|Sludge Bomb|p1b: Nuke\n|-supereffective|p1b: Nuke\n|-damage|p1b: Nuke|7/100\n|move|p1b: Nuke|Thunder|p2a: Landorus\n|-supereffective|p2a: Landorus\n|-damage|p2a: Landorus|0 fnt\n|faint|p2a: Landorus\n|move|p1a: Korra|Trick Room|p1a: Korra\n|-fieldstart|move: Trick Room|[of] p1a: Korra\n|\n|-weather|none\n|-heal|p1a: Korra|54/100|[from] Grassy Terrain\n|-heal|p1a: Korra|60/100|[from] item: Leftovers\n|-heal|p1b: Nuke|13/100|[from] Grassy Terrain\n|-heal|p2b: Miraidon|55/100|[from] Grassy Terrain\n|upkeep\n|turn|6\n|\n|t:|1768578217\n|move|p1a: Korra|Glacial Lance|p2b: Miraidon\n|-supereffective|p2b: Miraidon\n|-damage|p2b: Miraidon|0 fnt\n|faint|p2b: Miraidon\n|\n|win|Voth\n|raw|Voth's rating: 1218 &rarr; <strong>1251</strong><br />(+33 for winning)\n|raw|porygon-epilepz's rating: 1339 &rarr; <strong>1312</strong><br />(-27 for losing)\n","uploadtime":1768578217,"views":13,"formatid":"gen9vgc2026regi","rating":1251,"private":0,"password":null}