{"id":"gen9vgc2026regi-2538206624","format":"[Gen 9] VGC 2026 Reg I","players":["blackred123","babzhujia\u7c89\u4e1d"],"log":"|j|\u2606blackred123\n|j|\u2606babzhujia\u7c89\u4e1d\n|t:|1770906291\n|gametype|doubles\n|player|p1|blackred123|iono-masters|1476\n|player|p2|babzhujia\u7c89\u4e1d|elesa|1384\n|gen|9\n|tier|[Gen 9] VGC 2026 Reg I\n|rated|\n|rule|Species Clause: Limit one of each Pok\u00e9mon\n|rule|Item Clause: Limit 1 of each item\n|clearpoke\n|poke|p1|Calyrex-Shadow, L50|\n|poke|p1|Zamazenta-*, L50|\n|poke|p1|Incineroar, L50, M|\n|poke|p1|Rillaboom, L50, M|\n|poke|p1|Ogerpon-Cornerstone, L50, F|\n|poke|p1|Tornadus, L50, M|\n|poke|p2|Calyrex-Shadow, L50|\n|poke|p2|Zamazenta-*, L50|\n|poke|p2|Chien-Pao, L50|\n|poke|p2|Rillaboom, L50, F|\n|poke|p2|Tornadus, L50, M|\n|poke|p2|Clefairy, L50, F|\n|teampreview|4\n|inactive|Battle timer is ON: inactive players will automatically lose when time's up. (requested by blackred123)\n|\n|t:|1770906319\n|teamsize|p1|4\n|teamsize|p2|4\n|start\n|switch|p1a: \u54c7\u8884\uff08\u72d7\u53eb\u58f0\uff09|Zamazenta-Crowned, L50|100/100\n|switch|p1b: \u90a3\u6211\u7f3a\u7684\u8425\u517b\u8fd9\u5757\u8c01\u7ed9\u6211\u8865\u554a\uff08\u6307\u8349\u573a\uff09|Rillaboom, L50, M|100/100\n|switch|p2a: Zamazenta|Zamazenta-Crowned, L50, shiny|100/100\n|switch|p2b: Chien-Pao|Chien-Pao, L50, shiny|100/100\n|-ability|p2b: Chien-Pao|Sword of Ruin\n|-ability|p2a: Zamazenta|Dauntless Shield|boost\n|-boost|p2a: Zamazenta|def|1\n|-ability|p1a: \u54c7\u8884\uff08\u72d7\u53eb\u58f0\uff09|Dauntless Shield|boost\n|-boost|p1a: \u54c7\u8884\uff08\u72d7\u53eb\u58f0\uff09|def|1\n|-fieldstart|move: Grassy Terrain|[from] ability: Grassy Surge|[of] p1b: \u90a3\u6211\u7f3a\u7684\u8425\u517b\u8fd9\u5757\u8c01\u7ed9\u6211\u8865\u554a\uff08\u6307\u8349\u573a\uff09\n|turn|1\n|\n|t:|1770906342\n|-terastallize|p1a: \u54c7\u8884\uff08\u72d7\u53eb\u58f0\uff09|Dragon\n|move|p1b: \u90a3\u6211\u7f3a\u7684\u8425\u517b\u8fd9\u5757\u8c01\u7ed9\u6211\u8865\u554a\uff08\u6307\u8349\u573a\uff09|Fake Out|p2b: Chien-Pao\n|-damage|p2b: Chien-Pao|86/100\n|move|p2b: Chien-Pao|Ruination|p1a: \u54c7\u8884\uff08\u72d7\u53eb\u58f0\uff09\n|-damage|p1a: \u54c7\u8884\uff08\u72d7\u53eb\u58f0\uff09|51/100\n|move|p2a: Zamazenta|Body Press|p1a: \u54c7\u8884\uff08\u72d7\u53eb\u58f0\uff09\n|-damage|p1a: \u54c7\u8884\uff08\u72d7\u53eb\u58f0\uff09|19/100\n|move|p1a: \u54c7\u8884\uff08\u72d7\u53eb\u58f0\uff09|Heavy Slam|p2b: Chien-Pao\n|-supereffective|p2b: Chien-Pao\n|-damage|p2b: Chien-Pao|0 fnt\n|faint|p2b: Chien-Pao\n|\n|-heal|p1a: \u54c7\u8884\uff08\u72d7\u53eb\u58f0\uff09|25/100|[from] Grassy Terrain\n|upkeep\n|\n|t:|1770906361\n|switch|p2b: Rillaboom|Rillaboom, L50, F, shiny|100/100\n|turn|2\n|\n|t:|1770906370\n|move|p1a: \u54c7\u8884\uff08\u72d7\u53eb\u58f0\uff09|Protect|p1a: \u54c7\u8884\uff08\u72d7\u53eb\u58f0\uff09\n|-singleturn|p1a: \u54c7\u8884\uff08\u72d7\u53eb\u58f0\uff09|Protect\n|move|p2b: Rillaboom|Fake Out|p1a: \u54c7\u8884\uff08\u72d7\u53eb\u58f0\uff09\n|-activate|p1a: \u54c7\u8884\uff08\u72d7\u53eb\u58f0\uff09|move: Protect\n|move|p2a: Zamazenta|Body Press|p1b: \u90a3\u6211\u7f3a\u7684\u8425\u517b\u8fd9\u5757\u8c01\u7ed9\u6211\u8865\u554a\uff08\u6307\u8349\u573a\uff09\n|-damage|p1b: \u90a3\u6211\u7f3a\u7684\u8425\u517b\u8fd9\u5757\u8c01\u7ed9\u6211\u8865\u554a\uff08\u6307\u8349\u573a\uff09|41/100\n|move|p1b: \u90a3\u6211\u7f3a\u7684\u8425\u517b\u8fd9\u5757\u8c01\u7ed9\u6211\u8865\u554a\uff08\u6307\u8349\u573a\uff09|U-turn|p2b: Rillaboom\n|-supereffective|p2b: Rillaboom\n|-damage|p2b: Rillaboom|59/100\n|\n|t:|1770906381\n|switch|p1b: \u68cd\u7236|Tornadus, L50, M|100/100|[from] U-turn\n|\n|-heal|p1a: \u54c7\u8884\uff08\u72d7\u53eb\u58f0\uff09|31/100|[from] Grassy Terrain\n|-heal|p2b: Rillaboom|65/100|[from] Grassy Terrain\n|upkeep\n|turn|3\n|inactive|babzhujia\u7c89\u4e1d has 30 seconds left.\n|\n|t:|1770906409\n|switch|p2b: Clefairy|Clefairy, L50, F, shiny|100/100\n|move|p2a: Zamazenta|Heavy Slam|p1b: \u68cd\u7236\n|-damage|p1b: \u68cd\u7236|54/100\n|move|p1b: \u68cd\u7236|Bleakwind Storm|p2b: Clefairy|[spread] p2a,p2b\n|-damage|p2a: Zamazenta|85/100\n|-damage|p2b: Clefairy|73/100\n|move|p1a: \u54c7\u8884\uff08\u72d7\u53eb\u58f0\uff09|Body Press|p2b: Clefairy\n|-resisted|p2b: Clefairy\n|-crit|p2b: Clefairy\n|-damage|p2b: Clefairy|30/100\n|\n|-heal|p2a: Zamazenta|92/100|[from] Grassy Terrain\n|-heal|p1a: \u54c7\u8884\uff08\u72d7\u53eb\u58f0\uff09|37/100|[from] Grassy Terrain\n|-heal|p2b: Clefairy|37/100|[from] Grassy Terrain\n|upkeep\n|turn|4\n|inactive|babzhujia\u7c89\u4e1d has 30 seconds left.\n|inactive|babzhujia\u7c89\u4e1d has 20 seconds left.\n|inactive|babzhujia\u7c89\u4e1d has 15 seconds left.\n|\n|t:|1770906451\n|move|p2b: Clefairy|Protect|p2b: Clefairy\n|-singleturn|p2b: Clefairy|Protect\n|move|p1b: \u68cd\u7236|Tailwind|p1b: \u68cd\u7236\n|-sidestart|p1: blackred123|move: Tailwind\n|move|p1a: \u54c7\u8884\uff08\u72d7\u53eb\u58f0\uff09|Heavy Slam|p2b: Clefairy\n|-activate|p2b: Clefairy|move: Protect\n|move|p2a: Zamazenta|Body Press|p1a: \u54c7\u8884\uff08\u72d7\u53eb\u58f0\uff09\n|-damage|p1a: \u54c7\u8884\uff08\u72d7\u53eb\u58f0\uff09|11/100\n|\n|-heal|p1a: \u54c7\u8884\uff08\u72d7\u53eb\u58f0\uff09|17/100|[from] Grassy Terrain\n|-heal|p2a: Zamazenta|98/100|[from] Grassy Terrain\n|-heal|p2b: Clefairy|43/100|[from] Grassy Terrain\n|upkeep\n|turn|5\n|inactive|babzhujia\u7c89\u4e1d has 30 seconds left.\n|inactive|babzhujia\u7c89\u4e1d has 20 seconds left.\n|\n|t:|1770906490\n|-terastallize|p2a: Zamazenta|Grass\n|move|p1b: \u68cd\u7236|Bleakwind Storm|p2a: Zamazenta|[spread] p2a,p2b\n|-supereffective|p2a: Zamazenta\n|-damage|p2a: Zamazenta|65/100\n|-damage|p2b: Clefairy|16/100\n|move|p1a: \u54c7\u8884\uff08\u72d7\u53eb\u58f0\uff09|Body Press|p2a: Zamazenta\n|-damage|p2a: Zamazenta|46/100\n|move|p2a: Zamazenta|Heavy Slam|p1b: \u68cd\u7236\n|-damage|p1b: \u68cd\u7236|0 fnt\n|faint|p1b: \u68cd\u7236\n|move|p2b: Clefairy|Life Dew|p2b: Clefairy|[spread] p2a,p2b\n|-heal|p2a: Zamazenta|70/100\n|-heal|p2b: Clefairy|41/100\n|\n|-heal|p1a: \u54c7\u8884\uff08\u72d7\u53eb\u58f0\uff09|23/100|[from] Grassy Terrain\n|-heal|p2a: Zamazenta|77/100|[from] Grassy Terrain\n|-heal|p2b: Clefairy|47/100|[from] Grassy Terrain\n|-fieldend|move: Grassy Terrain\n|upkeep\n|\n|t:|1770906507\n|switch|p1b: \u5636\u9a6c\u51a0\u54e5|Calyrex-Shadow, L50|100/100\n|-ability|p1b: \u5636\u9a6c\u51a0\u54e5|As One\n|-ability|p1b: \u5636\u9a6c\u51a0\u54e5|Unnerve\n|turn|6\n|\n|t:|1770906524\n|move|p2a: Zamazenta|Protect|p2a: Zamazenta\n|-singleturn|p2a: Zamazenta|Protect\n|move|p2b: Clefairy|Protect|p2b: Clefairy\n|-singleturn|p2b: Clefairy|Protect\n|move|p1b: \u5636\u9a6c\u51a0\u54e5|Astral Barrage|p2a: Zamazenta|[spread] \n|-activate|p2a: Zamazenta|move: Protect\n|-activate|p2b: Clefairy|move: Protect\n|move|p1a: \u54c7\u8884\uff08\u72d7\u53eb\u58f0\uff09|Heavy Slam|p2b: Clefairy\n|-activate|p2b: Clefairy|move: Protect\n|\n|upkeep\n|turn|7\n|\n|t:|1770906548\n|switch|p2b: Rillaboom|Rillaboom, L50, F, shiny|65/100\n|-fieldstart|move: Grassy Terrain|[from] ability: Grassy Surge|[of] p2b: Rillaboom\n|move|p1b: \u5636\u9a6c\u51a0\u54e5|Astral Barrage|p2a: Zamazenta|[spread] p2a,p2b\n|-damage|p2a: Zamazenta|32/100\n|-damage|p2b: Rillaboom|21/100\n|move|p1a: \u54c7\u8884\uff08\u72d7\u53eb\u58f0\uff09|Heavy Slam|p2b: Rillaboom\n|-damage|p2b: Rillaboom|0 fnt\n|faint|p2b: Rillaboom\n|move|p2a: Zamazenta|Heavy Slam|p1b: \u5636\u9a6c\u51a0\u54e5\n|-damage|p1b: \u5636\u9a6c\u51a0\u54e5|49/100\n|\n|-heal|p1b: \u5636\u9a6c\u51a0\u54e5|55/100|[from] Grassy Terrain\n|-heal|p1a: \u54c7\u8884\uff08\u72d7\u53eb\u58f0\uff09|29/100|[from] Grassy Terrain\n|-heal|p2a: Zamazenta|38/100|[from] Grassy Terrain\n|-sideend|p1: blackred123|move: Tailwind\n|upkeep\n|\n|t:|1770906563\n|switch|p2b: Clefairy|Clefairy, L50, F, shiny|47/100\n|turn|8\n|\n|t:|1770906578\n|move|p1b: \u5636\u9a6c\u51a0\u54e5|Protect|p1b: \u5636\u9a6c\u51a0\u54e5\n|-singleturn|p1b: \u5636\u9a6c\u51a0\u54e5|Protect\n|move|p2a: Zamazenta|Protect|p2a: Zamazenta\n|-singleturn|p2a: Zamazenta|Protect\n|move|p1a: \u54c7\u8884\uff08\u72d7\u53eb\u58f0\uff09|Protect|p1a: \u54c7\u8884\uff08\u72d7\u53eb\u58f0\uff09\n|-singleturn|p1a: \u54c7\u8884\uff08\u72d7\u53eb\u58f0\uff09|Protect\n|move|p2b: Clefairy|Protect||[still]\n|-fail|p2b: Clefairy\n|\n|-heal|p1b: \u5636\u9a6c\u51a0\u54e5|62/100|[from] Grassy Terrain\n|-heal|p2a: Zamazenta|44/100|[from] Grassy Terrain\n|-heal|p1a: \u54c7\u8884\uff08\u72d7\u53eb\u58f0\uff09|36/100|[from] Grassy Terrain\n|-heal|p2b: Clefairy|53/100|[from] Grassy Terrain\n|upkeep\n|turn|9\n|inactive|babzhujia\u7c89\u4e1d has 30 seconds left.\n|inactive|babzhujia\u7c89\u4e1d has 20 seconds left.\n|inactive|babzhujia\u7c89\u4e1d has 15 seconds left.\n|\n|t:|1770906619\n|move|p2a: Zamazenta|Wide Guard|p2a: Zamazenta\n|-singleturn|p2a: Zamazenta|Wide Guard\n|move|p1b: \u5636\u9a6c\u51a0\u54e5|Encore|p2a: Zamazenta\n|-start|p2a: Zamazenta|Encore\n|move|p1a: \u54c7\u8884\uff08\u72d7\u53eb\u58f0\uff09|Heavy Slam|p2b: Clefairy\n|-supereffective|p2b: Clefairy\n|-damage|p2b: Clefairy|0 fnt\n|faint|p2b: Clefairy\n|\n|-heal|p1b: \u5636\u9a6c\u51a0\u54e5|68/100|[from] Grassy Terrain\n|-heal|p2a: Zamazenta|50/100|[from] Grassy Terrain\n|-heal|p1a: \u54c7\u8884\uff08\u72d7\u53eb\u58f0\uff09|42/100|[from] Grassy Terrain\n|upkeep\n|turn|10\n|\n|t:|1770906632\n|move|p2a: Zamazenta|Wide Guard|p2a: Zamazenta\n|-singleturn|p2a: Zamazenta|Wide Guard\n|move|p1b: \u5636\u9a6c\u51a0\u54e5|Psychic|p2a: Zamazenta\n|-damage|p2a: Zamazenta|16/100\n|move|p1a: \u54c7\u8884\uff08\u72d7\u53eb\u58f0\uff09|Body Press|p2a: Zamazenta\n|-damage|p2a: Zamazenta|0 fnt\n|faint|p2a: Zamazenta\n|\n|win|blackred123\n|raw|blackred123's rating: 1476 &rarr; <strong>1491</strong><br />(+15 for winning)\n|raw|babzhujia\u7c89\u4e1d's rating: 1384 &rarr; <strong>1369</strong><br />(-15 for losing)\n|l|\u2606babzhujia\u7c89\u4e1d\n|player|p2|\n|l|\u2606blackred123\n|player|p1|\n","uploadtime":1770906855,"views":21,"formatid":"gen9vgc2026regi","rating":1369,"private":0,"password":null}