{"id":"gen9vgc2026regi-2567687454","format":"[Gen 9] VGC 2026 Reg I","players":["The Legend SC","clefci"],"log":"|j|\u2606The Legend SC\n|j|\u2606clefci\n|t:|1774504016\n|gametype|doubles\n|player|p1|The Legend SC|170|1294\n|player|p2|clefci|102|1356\n|gen|9\n|tier|[Gen 9] VGC 2026 Reg I\n|rated|\n|rule|Species Clause: Limit one of each Pok\u00e9mon\n|rule|Item Clause: Limit 1 of each item\n|clearpoke\n|poke|p1|Groudon, L50|\n|poke|p1|Ho-Oh, L50|\n|poke|p1|Flutter Mane, L50|\n|poke|p1|Farigiraf, L50, F|\n|poke|p1|Roaring Moon, L50|\n|poke|p1|Venusaur, L50, M|\n|poke|p2|Groudon, L50|\n|poke|p2|Lunala, L50|\n|poke|p2|Flutter Mane, L50|\n|poke|p2|Gouging Fire, L50|\n|poke|p2|Jumpluff, L50, F|\n|poke|p2|Raging Bolt, L50|\n|teampreview|4\n|inactive|Battle timer is ON: inactive players will automatically lose when time's up. (requested by The Legend SC)\n|inactive|The Legend SC has 60 seconds left.\n|inactive|clefci has 60 seconds left.\n|\n|t:|1774504056\n|teamsize|p1|4\n|teamsize|p2|4\n|start\n|switch|p1a: Venusaur|Venusaur, L50, M|100/100\n|switch|p1b: Ho-Oh|Ho-Oh, L50|100/100\n|switch|p2a: Groudon|Groudon, L50|100/100\n|switch|p2b: Jumpluff|Jumpluff, L50, F|100/100\n|-weather|SunnyDay|[from] ability: Drought|[of] p2a: Groudon\n|turn|1\n|inactive|The Legend SC has 30 seconds left.\n|inactive|clefci has 30 seconds left.\n|inactive|The Legend SC has 20 seconds left.\n|\n|t:|1774504093\n|move|p2b: Jumpluff|Sleep Powder|p1b: Ho-Oh\n|-status|p1b: Ho-Oh|slp|[from] move: Sleep Powder\n|move|p1a: Venusaur|Solar Beam||[still]\n|-prepare|p1a: Venusaur|Solar Beam\n|-anim|p1a: Venusaur|Solar Beam|p2a: Groudon\n|-supereffective|p2a: Groudon\n|-damage|p2a: Groudon|0 fnt\n|faint|p2a: Groudon\n|-damage|p1a: Venusaur|91/100|[from] item: Life Orb\n|cant|p1b: Ho-Oh|slp\n|\n|-weather|SunnyDay|[upkeep]\n|upkeep\n|\n|t:|1774504103\n|switch|p2a: Lunala|Lunala, L50|100/100\n|turn|2\n|\n|t:|1774504122\n|move|p2b: Jumpluff|Tailwind|p2b: Jumpluff\n|-sidestart|p2: clefci|move: Tailwind\n|move|p2a: Lunala|Heat Wave|p1a: Venusaur|[spread] p1a,p1b\n|-supereffective|p1a: Venusaur\n|-resisted|p1b: Ho-Oh\n|-damage|p1a: Venusaur|0 fnt\n|-damage|p1b: Ho-Oh|82/100 slp\n|faint|p1a: Venusaur\n|cant|p1b: Ho-Oh|slp\n|\n|-weather|SunnyDay|[upkeep]\n|upkeep\n|\n|t:|1774504134\n|switch|p1a: Flutter Mane|Flutter Mane, L50|100/100\n|-activate|p1a: Flutter Mane|ability: Protosynthesis\n|-start|p1a: Flutter Mane|protosynthesisspe\n|turn|3\n|\n|t:|1774504148\n|move|p1a: Flutter Mane|Protect|p1a: Flutter Mane\n|-singleturn|p1a: Flutter Mane|Protect\n|move|p2b: Jumpluff|Sleep Powder|p1a: Flutter Mane\n|-activate|p1a: Flutter Mane|move: Protect\n|move|p2a: Lunala|Heat Wave|p1a: Flutter Mane|[spread] p1b\n|-activate|p1a: Flutter Mane|move: Protect\n|-resisted|p1b: Ho-Oh\n|-damage|p1b: Ho-Oh|62/100 slp\n|-curestatus|p1b: Ho-Oh|slp|[msg]\n|move|p1b: Ho-Oh|Sacred Fire|p2b: Jumpluff\n|-supereffective|p2b: Jumpluff\n|-enditem|p2b: Jumpluff|Focus Sash\n|-damage|p2b: Jumpluff|1/100\n|-status|p2b: Jumpluff|brn\n|\n|-weather|SunnyDay|[upkeep]\n|-damage|p2b: Jumpluff|0 fnt|[from] brn\n|faint|p2b: Jumpluff\n|upkeep\n|\n|t:|1774504153\n|switch|p2b: Raging Bolt|Raging Bolt, L50|100/100\n|-activate|p2b: Raging Bolt|ability: Protosynthesis\n|-start|p2b: Raging Bolt|protosynthesisspa\n|turn|4\n|inactive|The Legend SC has 30 seconds left.\n|inactive|clefci has 30 seconds left.\n|inactive|The Legend SC has 20 seconds left.\n|\n|t:|1774504192\n|-terastallize|p1a: Flutter Mane|Fairy\n|-terastallize|p2a: Lunala|Fairy\n|move|p1a: Flutter Mane|Dazzling Gleam|p2a: Lunala|[spread] p2a,p2b\n|-supereffective|p2b: Raging Bolt\n|-crit|p2b: Raging Bolt\n|-damage|p2a: Lunala|85/100\n|-damage|p2b: Raging Bolt|18/100\n|move|p2a: Lunala|Heat Wave|p1b: Ho-Oh|[spread] p1b\n|-miss|p2a: Lunala|p1a: Flutter Mane\n|-resisted|p1b: Ho-Oh\n|-damage|p1b: Ho-Oh|43/100\n|move|p2b: Raging Bolt|Thunderbolt|p1a: Flutter Mane\n|-damage|p1a: Flutter Mane|30/100\n|move|p1b: Ho-Oh|Recover|p1b: Ho-Oh\n|-heal|p1b: Ho-Oh|93/100\n|\n|-weather|SunnyDay|[upkeep]\n|upkeep\n|turn|5\n|-message|clefci forfeited.\n|\n|win|The Legend SC\n|raw|The Legend SC's rating: 1294 &rarr; <strong>1323</strong><br />(+29 for winning)\n|raw|clefci's rating: 1356 &rarr; <strong>1332</strong><br />(-24 for losing)\n|l|\u2606clefci\n|player|p2|\n","uploadtime":1774504477,"views":13,"formatid":"gen9vgc2026regi","rating":1323,"private":0,"password":null}