{"id":"gen9vgc2026regi-2518540840","format":"[Gen 9] VGC 2026 Reg I","players":["Daddy6688","kojimuranishi"],"log":"|j|\u2606Daddy6688\n|j|\u2606kojimuranishi\n|t:|1768402795\n|gametype|doubles\n|player|p1|Daddy6688|266|1289\n|player|p2|kojimuranishi|1|1493\n|gen|9\n|tier|[Gen 9] VGC 2026 Reg I\n|rated|\n|rule|Species Clause: Limit one of each Pok\u00e9mon\n|rule|Item Clause: Limit 1 of each item\n|clearpoke\n|poke|p1|Miraidon, L50|\n|poke|p1|Calyrex-Ice, L50|\n|poke|p1|Urshifu-*, L50, F|\n|poke|p1|Farigiraf, L50, F|\n|poke|p1|Incineroar, L50, M|\n|poke|p1|Landorus, L50, M|\n|poke|p2|Zamazenta-*, L50|\n|poke|p2|Lunala, L50|\n|poke|p2|Chien-Pao, L50|\n|poke|p2|Dragonite, L50, M|\n|poke|p2|Chi-Yu, L50|\n|poke|p2|Urshifu-*, L50, F|\n|teampreview|4\n|inactive|Battle timer is ON: inactive players will automatically lose when time's up. (requested by kojimuranishi)\n|\n|t:|1768402825\n|teamsize|p1|4\n|teamsize|p2|4\n|start\n|switch|p1a: Farigiraf|Farigiraf, L50, F|100/100\n|switch|p1b: Miraidon|Miraidon, L50|100/100\n|switch|p2a: Urshifu|Urshifu-Rapid-Strike, L50, F|100/100\n|switch|p2b: Lunala|Lunala, L50|100/100\n|-fieldstart|move: Electric Terrain|[from] ability: Hadron Engine|[of] p1b: Miraidon\n|-enditem|p1a: Farigiraf|Electric Seed\n|-boost|p1a: Farigiraf|def|1|[from] item: Electric Seed\n|turn|1\n|\n|t:|1768402849\n|move|p1b: Miraidon|Volt Switch|p2b: Lunala\n|-damage|p2b: Lunala|80/100\n|\n|t:|1768402853\n|switch|p1b: Calyrex|Calyrex-Ice, L50|100/100|[from] Volt Switch\n|-ability|p1b: Calyrex|As One\n|-ability|p1b: Calyrex|Unnerve\n|move|p2a: Urshifu|Surging Strikes|p1b: Calyrex\n|-crit|p1b: Calyrex\n|-damage|p1b: Calyrex|85/100\n|-crit|p1b: Calyrex\n|-damage|p1b: Calyrex|72/100\n|-crit|p1b: Calyrex\n|-damage|p1b: Calyrex|58/100\n|-hitcount|p1b: Calyrex|3\n|move|p2b: Lunala|Meteor Beam||[still]\n|-prepare|p2b: Lunala|Meteor Beam\n|-boost|p2b: Lunala|spa|1\n|-enditem|p2b: Lunala|Power Herb\n|-anim|p2b: Lunala|Meteor Beam|p1b: Calyrex\n|-supereffective|p1b: Calyrex\n|-damage|p1b: Calyrex|0 fnt\n|faint|p1b: Calyrex\n|move|p1a: Farigiraf|Foul Play|p2b: Lunala\n|-supereffective|p2b: Lunala\n|-damage|p2b: Lunala|14/100\n|\n|upkeep\n|\n|t:|1768402877\n|switch|p1b: Miraidon|Miraidon, L50|100/100\n|-activate|p1b: Miraidon|ability: Hadron Engine\n|turn|2\n|inactive|Daddy6688 has 30 seconds left.\n|inactive|kojimuranishi has 30 seconds left.\n|inactive|Daddy6688 has 20 seconds left.\n|\n|t:|1768402915\n|move|p2a: Urshifu|Detect|p2a: Urshifu\n|-singleturn|p2a: Urshifu|Protect\n|move|p1b: Miraidon|Electro Drift|p2a: Urshifu\n|-activate|p2a: Urshifu|move: Protect\n|move|p1a: Farigiraf|Psychic|p2b: Lunala\n|-resisted|p2b: Lunala\n|-damage|p2b: Lunala|3/100\n|move|p2b: Lunala|Trick Room|p2b: Lunala\n|-fieldstart|move: Trick Room|[of] p2b: Lunala\n|\n|upkeep\n|turn|3\n|\n|t:|1768402929\n|move|p1a: Farigiraf|Psychic|p2b: Lunala\n|-resisted|p2b: Lunala\n|-damage|p2b: Lunala|0 fnt\n|faint|p2b: Lunala\n|move|p2a: Urshifu|Close Combat|p1b: Miraidon\n|-damage|p1b: Miraidon|32/100\n|-unboost|p2a: Urshifu|def|1\n|-unboost|p2a: Urshifu|spd|1\n|move|p1b: Miraidon|Electro Drift|p2a: Urshifu\n|-supereffective|p2a: Urshifu\n|-enditem|p2a: Urshifu|Focus Sash\n|-damage|p2a: Urshifu|1/100\n|\n|upkeep\n|\n|t:|1768402943\n|switch|p2b: Zamazenta|Zamazenta-Crowned, L50|100/100\n|-ability|p2b: Zamazenta|Dauntless Shield|boost\n|-boost|p2b: Zamazenta|def|1\n|turn|4\n|inactive|Daddy6688 has 30 seconds left.\n|inactive|Daddy6688 has 20 seconds left.\n|\n|t:|1768402979\n|move|p2a: Urshifu|Detect|p2a: Urshifu\n|-singleturn|p2a: Urshifu|Protect\n|move|p1a: Farigiraf|Psychic|p2a: Urshifu\n|-activate|p2a: Urshifu|move: Protect\n|move|p2b: Zamazenta|Body Press|p1b: Miraidon\n|-crit|p1b: Miraidon\n|-damage|p1b: Miraidon|0 fnt\n|faint|p1b: Miraidon\n|\n|upkeep\n|\n|t:|1768402986\n|switch|p1b: Landorus|Landorus, L50, M|100/100\n|turn|5\n|j| shihevlpsu9\n|\n|t:|1768403008\n|move|p2a: Urshifu|Detect||[still]\n|-fail|p2a: Urshifu\n|move|p1a: Farigiraf|Foul Play|p2a: Urshifu\n|-resisted|p2a: Urshifu\n|-damage|p2a: Urshifu|0 fnt\n|faint|p2a: Urshifu\n|move|p1b: Landorus|Earth Power|p2b: Zamazenta\n|-supereffective|p2b: Zamazenta\n|-damage|p2b: Zamazenta|3/100\n|move|p2b: Zamazenta|Behemoth Bash|p1b: Landorus\n|-crit|p1b: Landorus\n|-damage|p1b: Landorus|38/100\n|\n|-fieldend|move: Electric Terrain\n|upkeep\n|\n|t:|1768403023\n|switch|p2a: Chien-Pao|Chien-Pao, L50|100/100\n|-ability|p2a: Chien-Pao|Sword of Ruin\n|turn|6\n|\n|t:|1768403046\n|move|p1b: Landorus|Protect|p1b: Landorus\n|-singleturn|p1b: Landorus|Protect\n|move|p2a: Chien-Pao|Protect|p2a: Chien-Pao\n|-singleturn|p2a: Chien-Pao|Protect\n|move|p1a: Farigiraf|Psychic|p2b: Zamazenta\n|-damage|p2b: Zamazenta|0 fnt\n|faint|p2b: Zamazenta\n|\n|-fieldend|move: Trick Room\n|upkeep\n|turn|7\n|l| shihevlpsu9\n|inactive|Daddy6688 has 30 seconds left.\n|\n|t:|1768403073\n|-terastallize|p1b: Landorus|Steel\n|move|p2a: Chien-Pao|Crunch|p1b: Landorus\n|-damage|p1b: Landorus|0 fnt\n|faint|p1b: Landorus\n|-damage|p2a: Chien-Pao|91/100|[from] item: Life Orb\n|move|p1a: Farigiraf|Psychic|p2a: Chien-Pao\n|-immune|p2a: Chien-Pao\n|\n|upkeep\n|turn|8\n|\n|t:|1768403088\n|move|p2a: Chien-Pao|Crunch|p1a: Farigiraf\n|-supereffective|p1a: Farigiraf\n|-damage|p1a: Farigiraf|5/100\n|-damage|p2a: Chien-Pao|81/100|[from] item: Life Orb\n|move|p1a: Farigiraf|Foul Play|p2a: Chien-Pao\n|-resisted|p2a: Chien-Pao\n|-damage|p2a: Chien-Pao|61/100\n|\n|upkeep\n|turn|9\n|-message|Daddy6688 forfeited.\n|\n|win|kojimuranishi\n|raw|Daddy6688's rating: 1289 &rarr; <strong>1277</strong><br />(-12 for losing)\n|raw|kojimuranishi's rating: 1493 &rarr; <strong>1502</strong><br />(+9 for winning)\n|l|\u2606Daddy6688\n|player|p1|\n|l|\u2606kojimuranishi\n|player|p2|\n","uploadtime":1768403295,"views":13,"formatid":"gen9vgc2026regi","rating":1277,"private":0,"password":null}