{"id":"gen9vgc2026regi-2540209903","format":"[Gen 9] VGC 2026 Reg I","players":["ryo8989","Preuve_3"],"log":"|j|\u2606ryo8989\n|j|\u2606Preuve_3\n|t:|1771176123\n|gametype|doubles\n|player|p1|ryo8989|erika|1426\n|player|p2|Preuve_3|265|1517\n|gen|9\n|tier|[Gen 9] VGC 2026 Reg I\n|rated|\n|rule|Species Clause: Limit one of each Pok\u00e9mon\n|rule|Item Clause: Limit 1 of each item\n|clearpoke\n|poke|p1|Calyrex-Ice, L50|\n|poke|p1|Miraidon, L50|\n|poke|p1|Incineroar, L50, M|\n|poke|p1|Farigiraf, L50, M|\n|poke|p1|Urshifu-*, L50, M|\n|poke|p1|Whimsicott, L50, M|\n|poke|p2|Zamazenta-*, L50|\n|poke|p2|Ho-Oh, L50|\n|poke|p2|Dondozo, L50, F|\n|poke|p2|Wyrdeer, L50, M|\n|poke|p2|Rhydon, L50, M|\n|poke|p2|Ninetales-Alola, L50, F|\n|teampreview|4\n|\n|t:|1771176238\n|teamsize|p1|4\n|teamsize|p2|4\n|start\n|switch|p1a: Miraidon|Miraidon, L50|100/100\n|switch|p1b: Urshifu|Urshifu-Rapid-Strike, L50, M|100/100\n|switch|p2a: Zamazenta|Zamazenta-Crowned, L50|100/100\n|switch|p2b: Ho-Oh|Ho-Oh, L50|100/100\n|-ability|p2a: Zamazenta|Dauntless Shield|boost\n|-boost|p2a: Zamazenta|def|1\n|-fieldstart|move: Electric Terrain|[from] ability: Hadron Engine|[of] p1a: Miraidon\n|turn|1\n|\n|t:|1771176288\n|switch|p2a: Rhydon|Rhydon, L50, M|100/100\n|-terastallize|p2b: Ho-Oh|Grass\n|move|p1a: Miraidon|Electro Drift|p2a: Rhydon\n|-ability|p2a: Rhydon|Lightning Rod|boost\n|-boost|p2a: Rhydon|spa|1\n|move|p1b: Urshifu|Surging Strikes|p2a: Rhydon\n|-supereffective|p2a: Rhydon\n|-crit|p2a: Rhydon\n|-damage|p2a: Rhydon|44/100\n|-supereffective|p2a: Rhydon\n|-crit|p2a: Rhydon\n|-damage|p2a: Rhydon|0 fnt\n|faint|p2a: Rhydon\n|-hitcount|p2: Rhydon|2\n|move|p2b: Ho-Oh|Giga Drain|p1b: Urshifu\n|-supereffective|p1b: Urshifu\n|-damage|p1b: Urshifu|4/100\n|\n|upkeep\n|\n|t:|1771176315\n|switch|p2a: Ninetales|Ninetales-Alola, L50, F|100/100\n|-weather|Snowscape|[from] ability: Snow Warning|[of] p2a: Ninetales\n|turn|2\n|\n|t:|1771176326\n|move|p2a: Ninetales|Ice Shard|p1b: Urshifu\n|-resisted|p1b: Urshifu\n|-damage|p1b: Urshifu|0 fnt\n|faint|p1b: Urshifu\n|move|p1a: Miraidon|Volt Switch|p2a: Ninetales\n|-damage|p2a: Ninetales|14/100\n|\n|t:|1771176334\n|switch|p1a: Farigiraf|Farigiraf, L50, M|100/100|[from] Volt Switch\n|-enditem|p1a: Farigiraf|Electric Seed\n|-boost|p1a: Farigiraf|def|1|[from] item: Electric Seed\n|move|p2b: Ho-Oh|Earth Power|p1a: Farigiraf\n|-damage|p1a: Farigiraf|72/100\n|\n|-weather|Snowscape|[upkeep]\n|upkeep\n|\n|t:|1771176347\n|switch|p1b: Miraidon|Miraidon, L50|100/100\n|-activate|p1b: Miraidon|ability: Hadron Engine\n|turn|3\n|\n|t:|1771176368\n|move|p2a: Ninetales|Foul Play|p1b: Miraidon\n|-damage|p1b: Miraidon|86/100\n|move|p1b: Miraidon|Volt Switch|p2a: Ninetales\n|-damage|p2a: Ninetales|0 fnt\n|faint|p2a: Ninetales\n|\n|t:|1771176375\n|switch|p1b: Calyrex|Calyrex-Ice, L50|100/100|[from] Volt Switch\n|-ability|p1b: Calyrex|As One\n|-ability|p1b: Calyrex|Unnerve\n|move|p2b: Ho-Oh|Earth Power|p1b: Calyrex\n|-damage|p1b: Calyrex|83/100\n|move|p1a: Farigiraf|Trick Room|p1a: Farigiraf\n|-fieldstart|move: Trick Room|[of] p1a: Farigiraf\n|\n|-weather|Snowscape|[upkeep]\n|upkeep\n|\n|t:|1771176377\n|switch|p2a: Zamazenta|Zamazenta-Crowned, L50|100/100\n|turn|4\n|\n|t:|1771176398\n|move|p2a: Zamazenta|Wide Guard|p2a: Zamazenta\n|-singleturn|p2a: Zamazenta|Wide Guard\n|move|p1b: Calyrex|High Horsepower|p2a: Zamazenta\n|-supereffective|p2a: Zamazenta\n|-damage|p2a: Zamazenta|59/100\n|move|p1a: Farigiraf|Psychic|p2a: Zamazenta\n|-damage|p2a: Zamazenta|36/100\n|move|p2b: Ho-Oh|Heat Wave|p1a: Farigiraf|[spread] p1a,p1b\n|-supereffective|p1b: Calyrex\n|-damage|p1a: Farigiraf|36/100\n|-damage|p1b: Calyrex|43/100\n|\n|-weather|Snowscape|[upkeep]\n|upkeep\n|turn|5\n|\n|t:|1771176434\n|-terastallize|p1b: Calyrex|Fire\n|move|p1b: Calyrex|High Horsepower|p2a: Zamazenta\n|-supereffective|p2a: Zamazenta\n|-damage|p2a: Zamazenta|0 fnt\n|faint|p2a: Zamazenta\n|-ability|p1b: Calyrex|Chilling Neigh|boost\n|-boost|p1b: Calyrex|atk|1\n|move|p1a: Farigiraf|Psychic|p2b: Ho-Oh\n|-damage|p2b: Ho-Oh|81/100\n|move|p2b: Ho-Oh|Heat Wave|p1a: Farigiraf|[spread] p1a,p1b\n|-resisted|p1b: Calyrex\n|-damage|p1a: Farigiraf|3/100\n|-damage|p1b: Calyrex|31/100\n|\n|-weather|Snowscape|[upkeep]\n|-heal|p2b: Ho-Oh|87/100|[from] item: Leftovers\n|-fieldend|move: Electric Terrain\n|upkeep\n|turn|6\n|\n|t:|1771176453\n|move|p2b: Ho-Oh|Protect|p2b: Ho-Oh\n|-singleturn|p2b: Ho-Oh|Protect\n|move|p1b: Calyrex|Glacial Lance|p2b: Ho-Oh\n|-activate|p2b: Ho-Oh|move: Protect\n|move|p1a: Farigiraf|Psychic|p2b: Ho-Oh\n|-activate|p2b: Ho-Oh|move: Protect\n|\n|-weather|none\n|-heal|p2b: Ho-Oh|93/100|[from] item: Leftovers\n|upkeep\n|turn|7\n|\n|t:|1771176465\n|move|p2b: Ho-Oh|Protect||[still]\n|-fail|p2b: Ho-Oh\n|move|p1b: Calyrex|Glacial Lance|p2b: Ho-Oh\n|-supereffective|p2b: Ho-Oh\n|-damage|p2b: Ho-Oh|0 fnt\n|faint|p2b: Ho-Oh\n|\n|win|ryo8989\n|raw|ryo8989's rating: 1426 &rarr; <strong>1451</strong><br />(+25 for winning)\n|raw|Preuve_3's rating: 1517 &rarr; <strong>1492</strong><br />(-25 for losing)\n|l|\u2606Preuve_3\n|player|p2|\n|l|\u2606ryo8989\n|player|p1|\n","uploadtime":1771176726,"views":35,"formatid":"gen9vgc2026regi","rating":1451,"private":0,"password":null}