{"id":"gen9vgc2026regi-2588635170","format":"[Gen 9] VGC 2026 Reg I","players":["lolpoopypants","slimeslatt252"],"log":"|j|\u2606lolpoopypants\n|j|\u2606slimeslatt252\n|t:|1776652297\n|gametype|doubles\n|player|p1|lolpoopypants|blue|1573\n|player|p2|slimeslatt252|101|1624\n|gen|9\n|tier|[Gen 9] VGC 2026 Reg I\n|rated|\n|rule|Species Clause: Limit one of each Pok\u00e9mon\n|rule|Item Clause: Limit 1 of each item\n|clearpoke\n|poke|p1|Calyrex-Shadow, L50|\n|poke|p1|Zamazenta-*, L50|\n|poke|p1|Chien-Pao, L50|\n|poke|p1|Dragonite, L50, M|\n|poke|p1|Amoonguss, L50, F|\n|poke|p1|Ogerpon-Cornerstone, L50, F|\n|poke|p2|Calyrex-Shadow, L50|\n|poke|p2|Koraidon, L50|\n|poke|p2|Incineroar, L50, M|\n|poke|p2|Raging Bolt, L50|\n|poke|p2|Brute Bonnet, L50|\n|poke|p2|Landorus, L50, M|\n|teampreview|4\n|inactive|Battle timer is ON: inactive players will automatically lose when time's up. (requested by slimeslatt252)\n|inactive|lolpoopypants also wants the timer to be on.\n|inactive|lolpoopypants has 60 seconds left.\n|\n|t:|1776652351\n|teamsize|p1|4\n|teamsize|p2|4\n|start\n|switch|p1a: Zamazenta|Zamazenta-Crowned, L50|100/100\n|switch|p1b: Dragonite|Dragonite, L50, M|100/100\n|switch|p2a: Koraidon|Koraidon, L50|100/100\n|switch|p2b: raging dingus|Raging Bolt, L50|100/100\n|-weather|SunnyDay|[from] ability: Orichalcum Pulse|[of] p2a: Koraidon\n|-activate|p2b: raging dingus|ability: Protosynthesis\n|-start|p2b: raging dingus|protosynthesisspa\n|-activate|p2a: Koraidon|Orichalcum Pulse|[source]\n|-ability|p1a: Zamazenta|Dauntless Shield|boost\n|-boost|p1a: Zamazenta|def|1\n|turn|1\n|inactive|lolpoopypants has 30 seconds left.\n|inactive|lolpoopypants has 20 seconds left.\n|inactive|slimeslatt252 has 30 seconds left.\n|\n|t:|1776652395\n|-terastallize|p2a: Koraidon|Fire\n|-terastallize|p1a: Zamazenta|Dragon\n|move|p2a: Koraidon|Flame Charge|p1a: Zamazenta\n|-resisted|p1a: Zamazenta\n|-crit|p1a: Zamazenta\n|-damage|p1a: Zamazenta|74/100\n|-boost|p2a: Koraidon|spe|1\n|move|p1a: Zamazenta|Body Press|p2a: Koraidon\n|-damage|p2a: Koraidon|43/100\n|move|p1b: Dragonite|Outrage|p2a: Koraidon\n|-damage|p2a: Koraidon|0 fnt\n|faint|p2a: Koraidon\n|move|p2b: raging dingus|Volt Switch|p1a: Zamazenta\n|-resisted|p1a: Zamazenta\n|-damage|p1a: Zamazenta|55/100\n|\n|t:|1776652408\n|-end|p2b: raging dingus|Protosynthesis|[silent]\n|switch|p2b: Brute Bonnet|Brute Bonnet, L50|100/100|[from] Volt Switch\n|-activate|p2b: Brute Bonnet|ability: Protosynthesis\n|-start|p2b: Brute Bonnet|protosynthesisdef\n|\n|-weather|SunnyDay|[upkeep]\n|upkeep\n|\n|t:|1776652412\n|switch|p2a: Calyrex|Calyrex-Shadow, L50|100/100\n|-ability|p2a: Calyrex|As One\n|-ability|p2a: Calyrex|Unnerve\n|turn|2\n|inactive|lolpoopypants has 30 seconds left.\n|inactive|lolpoopypants has 20 seconds left.\n|inactive|lolpoopypants has 15 seconds left.\n|\n|t:|1776652454\n|move|p2a: Calyrex|Protect|p2a: Calyrex\n|-singleturn|p2a: Calyrex|Protect\n|move|p1a: Zamazenta|Protect|p1a: Zamazenta\n|-singleturn|p1a: Zamazenta|Protect\n|move|p1b: Dragonite|Outrage|p2b: Brute Bonnet|[from] lockedmove\n|-damage|p2b: Brute Bonnet|50/100\n|-start|p1b: Dragonite|confusion|[fatigue]\n|move|p2b: Brute Bonnet|Spore|p1a: Zamazenta\n|-activate|p1a: Zamazenta|move: Protect\n|\n|-weather|SunnyDay|[upkeep]\n|upkeep\n|turn|3\n|\n|t:|1776652466\n|move|p2a: Calyrex|Encore|p1a: Zamazenta\n|-start|p1a: Zamazenta|Encore\n|move|p1a: Zamazenta|Protect||[still]\n|-fail|p1a: Zamazenta\n|-activate|p1b: Dragonite|confusion\n|move|p1b: Dragonite|Outrage|p2b: Brute Bonnet\n|-damage|p2b: Brute Bonnet|0 fnt\n|faint|p2b: Brute Bonnet\n|-end|p2b: Brute Bonnet|Protosynthesis|[silent]\n|\n|-weather|SunnyDay|[upkeep]\n|upkeep\n|\n|t:|1776652473\n|switch|p2b: raging dingus|Raging Bolt, L50|100/100\n|-activate|p2b: raging dingus|ability: Protosynthesis\n|-start|p2b: raging dingus|protosynthesisspa\n|turn|4\n|\n|t:|1776652485\n|move|p1a: Zamazenta|Protect|p1a: Zamazenta\n|-singleturn|p1a: Zamazenta|Protect\n|move|p2b: raging dingus|Thunderclap|p1b: Dragonite\n|-damage|p1b: Dragonite|53/100\n|move|p2a: Calyrex|Astral Barrage|p1a: Zamazenta|[spread] p1b\n|-activate|p1a: Zamazenta|move: Protect\n|-damage|p1b: Dragonite|0 fnt\n|faint|p1b: Dragonite\n|-ability|p2a: Calyrex|Grim Neigh|boost\n|-boost|p2a: Calyrex|spa|1\n|\n|-weather|SunnyDay|[upkeep]\n|upkeep\n|\n|t:|1776652493\n|switch|p1b: Calyrex|Calyrex-Shadow, L50|100/100\n|-ability|p1b: Calyrex|As One\n|-ability|p1b: Calyrex|Unnerve\n|turn|5\n|\n|t:|1776652515\n|switch|p1a: Chien-Pao|Chien-Pao, L50|100/100\n|-ability|p1a: Chien-Pao|Sword of Ruin\n|move|p1b: Calyrex|Protect|p1b: Calyrex\n|-singleturn|p1b: Calyrex|Protect\n|move|p2a: Calyrex|Astral Barrage|p1b: Calyrex|[spread] p1a\n|-activate|p1b: Calyrex|move: Protect\n|-resisted|p1a: Chien-Pao\n|-damage|p1a: Chien-Pao|65/100\n|move|p2b: raging dingus|Thunderbolt|p1a: Chien-Pao\n|-damage|p1a: Chien-Pao|13/100\n|\n|-weather|none\n|-end|p2b: raging dingus|Protosynthesis\n|upkeep\n|turn|6\n|inactive|slimeslatt252 has 30 seconds left.\n|\n|t:|1776652548\n|switch|p1a: Zamazenta|Zamazenta-Crowned, L50, tera:Dragon|55/100\n|move|p2b: raging dingus|Thunderclap|p1b: Calyrex\n|-damage|p1b: Calyrex|63/100\n|move|p1b: Calyrex|Astral Barrage|p2b: raging dingus|[spread] p2a,p2b\n|-supereffective|p2a: Calyrex\n|-enditem|p2a: Calyrex|Focus Sash\n|-damage|p2a: Calyrex|1/100\n|-damage|p2b: raging dingus|68/100\n|move|p2a: Calyrex|Astral Barrage|p1b: Calyrex|[spread] p1a,p1b\n|-supereffective|p1b: Calyrex\n|-damage|p1a: Zamazenta|0 fnt\n|-damage|p1b: Calyrex|0 fnt\n|faint|p1a: Zamazenta\n|faint|p1b: Calyrex\n|-ability|p2a: Calyrex|Grim Neigh|boost\n|-boost|p2a: Calyrex|spa|2\n|\n|upkeep\n|\n|t:|1776652557\n|switch|p1b: Chien-Pao|Chien-Pao, L50|13/100\n|-ability|p1b: Chien-Pao|Sword of Ruin\n|turn|7\n|\n|t:|1776652561\n|move|p1b: Chien-Pao|Sucker Punch|p2a: Calyrex\n|-supereffective|p2a: Calyrex\n|-damage|p2a: Calyrex|0 fnt\n|faint|p2a: Calyrex\n|move|p2b: raging dingus|Thunderbolt|p1b: Chien-Pao\n|-damage|p1b: Chien-Pao|0 fnt\n|faint|p1b: Chien-Pao\n|\n|win|slimeslatt252\n|raw|lolpoopypants's rating: 1573 &rarr; <strong>1556</strong><br />(-17 for losing)\n|raw|slimeslatt252's rating: 1624 &rarr; <strong>1641</strong><br />(+17 for winning)\n|c|\u2606slimeslatt252|gg\n|c|\u2606slimeslatt252|close\n|l|\u2606lolpoopypants\n|player|p1|\n|l|\u2606slimeslatt252\n|player|p2|\n","uploadtime":1776652816,"views":28,"formatid":"gen9vgc2026regi","rating":1556,"private":0,"password":null}