{"id":"gen9vgc2026regi-2561626026","format":"[Gen 9] VGC 2026 Reg I","players":["crazyshit14","wasaad5"],"log":"|j|\u2606crazyshit14\n|j|\u2606wasaad5\n|t:|1773824219\n|gametype|doubles\n|player|p1|crazyshit14|266|1331\n|player|p2|wasaad5|blue|1307\n|gen|9\n|tier|[Gen 9] VGC 2026 Reg I\n|rated|\n|rule|Species Clause: Limit one of each Pok\u00e9mon\n|rule|Item Clause: Limit 1 of each item\n|clearpoke\n|poke|p1|Mewtwo, L50|\n|poke|p1|Calyrex-Shadow, L50|\n|poke|p1|Grimmsnarl, L50, M|\n|poke|p1|Incineroar, L50, M|\n|poke|p1|Raichu, L50, F|\n|poke|p1|Indeedee-F, L50, F|\n|poke|p2|Kyurem-White, L50|\n|poke|p2|Zacian-*, L50|\n|poke|p2|Ninetales-Alola, L50, M|\n|poke|p2|Urshifu-*, L50, M|\n|poke|p2|Amoonguss, L50, M|\n|poke|p2|Incineroar, L50, F|\n|teampreview|4\n|\n|t:|1773824247\n|teamsize|p1|4\n|teamsize|p2|4\n|start\n|switch|p1a: Incineroar|Incineroar, L50, M|100/100\n|switch|p1b: Grimmsnarl|Grimmsnarl, L50, M|100/100\n|switch|p2a: Urshifu|Urshifu, L50, M|100/100\n|switch|p2b: Ninetales|Ninetales-Alola, L50, M|100/100\n|-weather|Snowscape|[from] ability: Snow Warning|[of] p2b: Ninetales\n|-ability|p1a: Incineroar|Intimidate|boost\n|-unboost|p2a: Urshifu|atk|1\n|-unboost|p2b: Ninetales|atk|1\n|turn|1\n|\n|t:|1773824259\n|move|p2a: Urshifu|Protect|p2a: Urshifu\n|-singleturn|p2a: Urshifu|Protect\n|move|p1b: Grimmsnarl|Light Screen|p1b: Grimmsnarl\n|-sidestart|p1: crazyshit14|move: Light Screen\n|move|p2b: Ninetales|Blizzard|p1a: Incineroar|[spread] p1a,p1b\n|-resisted|p1a: Incineroar\n|-damage|p1a: Incineroar|93/100\n|-damage|p1b: Grimmsnarl|79/100\n|-status|p1a: Incineroar|frz\n|cant|p1a: Incineroar|frz\n|\n|-weather|Snowscape|[upkeep]\n|upkeep\n|turn|2\n|\n|t:|1773824271\n|switch|p2b: Incineroar|Incineroar, L50, F|100/100\n|-ability|p2b: Incineroar|Intimidate|boost\n|-unboost|p1a: Incineroar|atk|1\n|-unboost|p1b: Grimmsnarl|atk|1\n|move|p1b: Grimmsnarl|Reflect|p1b: Grimmsnarl\n|-sidestart|p1: crazyshit14|Reflect\n|move|p2a: Urshifu|Close Combat|p1a: Incineroar\n|-supereffective|p1a: Incineroar\n|-damage|p1a: Incineroar|41/100 frz\n|-unboost|p2a: Urshifu|def|1\n|-unboost|p2a: Urshifu|spd|1\n|-enditem|p1a: Incineroar|Sitrus Berry|[eat]\n|-heal|p1a: Incineroar|66/100 frz|[from] item: Sitrus Berry\n|cant|p1a: Incineroar|frz\n|\n|-weather|Snowscape|[upkeep]\n|upkeep\n|turn|3\n|\n|t:|1773824307\n|switch|p2a: Ninetales|Ninetales-Alola, L50, M|100/100\n|move|p1b: Grimmsnarl|Sucker Punch||[still]\n|-fail|p1b: Grimmsnarl\n|move|p2b: Incineroar|Parting Shot|p1b: Grimmsnarl\n|-unboost|p1b: Grimmsnarl|atk|1\n|-unboost|p1b: Grimmsnarl|spa|1\n|\n|t:|1773824313\n|switch|p2b: Kyurem|Kyurem-White, L50, shiny|100/100|[from] Parting Shot\n|-ability|p2b: Kyurem|Turboblaze\n|cant|p1a: Incineroar|frz\n|\n|-weather|Snowscape|[upkeep]\n|upkeep\n|turn|4\n|\n|t:|1773824328\n|move|p1b: Grimmsnarl|Parting Shot|p2b: Kyurem\n|-unboost|p2b: Kyurem|atk|1\n|-unboost|p2b: Kyurem|spa|1\n|\n|t:|1773824333\n|switch|p1b: Mewtwo|Mewtwo, L50|100/100|[from] Parting Shot\n|-ability|p1b: Mewtwo|Unnerve\n|move|p2a: Ninetales|Icy Wind|p1b: Mewtwo|[spread] p1a,p1b\n|-resisted|p1a: Incineroar\n|-damage|p1a: Incineroar|63/100 frz\n|-damage|p1b: Mewtwo|91/100\n|-unboost|p1a: Incineroar|spe|1\n|-unboost|p1b: Mewtwo|spe|1\n|move|p2b: Kyurem|Blizzard|p1b: Mewtwo|[spread] p1a,p1b\n|-resisted|p1a: Incineroar\n|-damage|p1a: Incineroar|51/100 frz\n|-damage|p1b: Mewtwo|63/100\n|cant|p1a: Incineroar|frz\n|\n|-weather|Snowscape|[upkeep]\n|-heal|p1b: Mewtwo|69/100|[from] item: Leftovers\n|upkeep\n|turn|5\n|\n|t:|1773824359\n|switch|p2b: Urshifu|Urshifu, L50, M|100/100\n|move|p2a: Ninetales|Icy Wind|p1a: Incineroar|[spread] p1a,p1b\n|-resisted|p1a: Incineroar\n|-damage|p1a: Incineroar|48/100 frz\n|-damage|p1b: Mewtwo|60/100\n|-unboost|p1a: Incineroar|spe|1\n|-unboost|p1b: Mewtwo|spe|1\n|move|p1b: Mewtwo|Nasty Plot|p1b: Mewtwo\n|-boost|p1b: Mewtwo|spa|2\n|-curestatus|p1a: Incineroar|frz|[msg]\n|move|p1a: Incineroar|Parting Shot|p2b: Urshifu\n|-unboost|p2b: Urshifu|atk|1\n|-unboost|p2b: Urshifu|spa|1\n|\n|t:|1773824393\n|switch|p1a: Grimmsnarl|Grimmsnarl, L50, M|79/100|[from] Parting Shot\n|\n|-weather|none\n|-heal|p1b: Mewtwo|66/100|[from] item: Leftovers\n|upkeep\n|turn|6\n|\n|t:|1773824408\n|switch|p2a: Incineroar|Incineroar, L50, F|100/100\n|-ability|p2a: Incineroar|Intimidate|boost\n|-unboost|p1a: Grimmsnarl|atk|1\n|-unboost|p1b: Mewtwo|atk|1\n|-terastallize|p1b: Mewtwo|Dragon\n|move|p2b: Urshifu|Protect|p2b: Urshifu\n|-singleturn|p2b: Urshifu|Protect\n|move|p1a: Grimmsnarl|Parting Shot|p2a: Incineroar\n|-hint|Since gen 7, Dark is immune to Prankster moves.\n|-immune|p2a: Incineroar\n|move|p1b: Mewtwo|Aura Sphere|p2b: Urshifu\n|-activate|p2b: Urshifu|move: Protect\n|\n|-heal|p1b: Mewtwo|72/100|[from] item: Leftovers\n|upkeep\n|turn|7\n|\n|t:|1773824433\n|switch|p1a: Incineroar|Incineroar, L50, M|48/100\n|-ability|p1a: Incineroar|Intimidate|boost\n|-unboost|p2a: Incineroar|atk|1\n|-unboost|p2b: Urshifu|atk|1\n|-terastallize|p2b: Urshifu|Dark\n|move|p2a: Incineroar|Fake Out|p1b: Mewtwo\n|-damage|p1b: Mewtwo|68/100\n|move|p2b: Urshifu|Wicked Blow|p1b: Mewtwo\n|-crit|p1b: Mewtwo\n|-damage|p1b: Mewtwo|0 fnt\n|faint|p1b: Mewtwo\n|\n|upkeep\n|-message|crazyshit14 forfeited.\n|\n|win|wasaad5\n|raw|crazyshit14's rating: 1331 &rarr; <strong>1310</strong><br />(-21 for losing)\n|raw|wasaad5's rating: 1307 &rarr; <strong>1328</strong><br />(+21 for winning)\n|l|\u2606crazyshit14\n|player|p1|\n|l|\u2606wasaad5\n|player|p2|\n","uploadtime":1773824641,"views":10,"formatid":"gen9vgc2026regi","rating":1310,"private":0,"password":null}