{"id":"gen9vgc2026regi-2565093079","format":"[Gen 9] VGC 2026 Reg I","players":["robolibra","vestige666"],"log":"|j|\u2606robolibra\n|j|\u2606vestige666\n|t:|1774228542\n|gametype|doubles\n|player|p1|robolibra|depotagent|1259\n|player|p2|vestige666|blackbelt-gen4dp|1266\n|gen|9\n|tier|[Gen 9] VGC 2026 Reg I\n|rated|\n|rule|Species Clause: Limit one of each Pok\u00e9mon\n|rule|Item Clause: Limit 1 of each item\n|clearpoke\n|poke|p1|Miraidon, L50|\n|poke|p1|Kyogre, L50|\n|poke|p1|Iron Bundle, L50|\n|poke|p1|Araquanid, L50, M|\n|poke|p1|Overqwil, L50, F|\n|poke|p1|Ogerpon-Cornerstone, L50, F|\n|poke|p2|Miraidon, L50|\n|poke|p2|Groudon, L50|\n|poke|p2|Raging Bolt, L50|\n|poke|p2|Farigiraf, L50, F|\n|poke|p2|Whimsicott, L50, F|\n|poke|p2|Iron Bundle, L50|\n|teampreview|4\n|c|\u2606robolibra|glhf!\n|inactive|Battle timer is ON: inactive players will automatically lose when time's up. (requested by robolibra)\n|inactive|vestige666 also wants the timer to be on.\n|inactive|robolibra has 60 seconds left.\n|\n|t:|1774228580\n|teamsize|p1|4\n|teamsize|p2|4\n|start\n|switch|p1a: Slinky|Miraidon, L50|100/100\n|switch|p1b: Bungle|Iron Bundle, L50|100/100\n|switch|p2a: Nerissa|Miraidon, L50|100/100\n|switch|p2b: Fuwawa|Farigiraf, L50, F|100/100\n|-fieldstart|move: Electric Terrain|[from] ability: Hadron Engine|[of] p1a: Slinky\n|-activate|p1b: Bungle|ability: Quark Drive\n|-start|p1b: Bungle|quarkdrivespe\n|-enditem|p2b: Fuwawa|Electric Seed\n|-boost|p2b: Fuwawa|def|1|[from] item: Electric Seed\n|-activate|p2a: Nerissa|ability: Hadron Engine\n|turn|1\n|inactive|vestige666 has 30 seconds left.\n|\n|t:|1774228606\n|switch|p2b: Kronii|Groudon, L50|100/100\n|-weather|SunnyDay|[from] ability: Drought|[of] p2b: Kronii\n|-terastallize|p1a: Slinky|Fairy\n|-terastallize|p2a: Nerissa|Fire\n|move|p1b: Bungle|Icy Wind|p2a: Nerissa|[spread] p2a,p2b\n|-resisted|p2a: Nerissa\n|-supereffective|p2b: Kronii\n|-damage|p2a: Nerissa|96/100\n|-damage|p2b: Kronii|65/100\n|-unboost|p2a: Nerissa|spe|1\n|-unboost|p2b: Kronii|spe|1\n|move|p1a: Slinky|Dazzling Gleam|p2a: Nerissa|[spread] p2a,p2b\n|-resisted|p2a: Nerissa\n|-damage|p2a: Nerissa|78/100\n|-damage|p2b: Kronii|15/100\n|move|p2a: Nerissa|Overheat|p1a: Slinky\n|-damage|p1a: Slinky|0 fnt\n|-unboost|p2a: Nerissa|spa|2\n|faint|p1a: Slinky\n|\n|-weather|SunnyDay|[upkeep]\n|-heal|p2b: Kronii|21/100|[from] item: Leftovers\n|upkeep\n|c|\u2606vestige666|gl hf\n|\n|t:|1774228626\n|switch|p1a: Ogre|Kyogre, L50|100/100\n|-weather|RainDance|[from] ability: Drizzle|[of] p1a: Ogre\n|turn|2\n|\n|t:|1774228640\n|switch|p2a: Cecilia immergreen|Whimsicott, L50, F|100/100\n|switch|p2b: Fuwawa|Farigiraf, L50, F|100/100\n|move|p1b: Bungle|Icy Wind|p2b: Fuwawa|[spread] p2a,p2b\n|-supereffective|p2a: Cecilia immergreen\n|-damage|p2a: Cecilia immergreen|54/100\n|-damage|p2b: Fuwawa|83/100\n|-unboost|p2b: Fuwawa|spe|1\n|move|p1a: Ogre|Origin Pulse|p2b: Fuwawa|[spread] p2b\n|-miss|p1a: Ogre|p2a: Cecilia immergreen\n|-crit|p2b: Fuwawa\n|-damage|p2b: Fuwawa|0 fnt\n|faint|p2b: Fuwawa\n|\n|-weather|RainDance|[upkeep]\n|upkeep\n|\n|t:|1774228658\n|switch|p2b: Kronii|Groudon, L50|21/100\n|-weather|SunnyDay|[from] ability: Drought|[of] p2b: Kronii\n|turn|3\n|\n|t:|1774228671\n|switch|p1a: \u00a1no tocar!|Overqwil, L50, F|100/100\n|switch|p2b: Nerissa|Miraidon, L50, tera:Fire|78/100\n|-activate|p2b: Nerissa|ability: Hadron Engine\n|move|p2a: Cecilia immergreen|Light Screen|p2a: Cecilia immergreen\n|-sidestart|p2: vestige666|move: Light Screen\n|move|p1b: Bungle|Icy Wind|p2b: Nerissa|[spread] p2a,p2b\n|-supereffective|p2a: Cecilia immergreen\n|-resisted|p2b: Nerissa\n|-damage|p2a: Cecilia immergreen|23/100\n|-damage|p2b: Nerissa|74/100\n|-unboost|p2b: Nerissa|spe|1\n|\n|-weather|SunnyDay|[upkeep]\n|upkeep\n|turn|4\n|inactive|robolibra has 30 seconds left.\n|inactive|vestige666 has 30 seconds left.\n|\n|t:|1774228704\n|move|p2a: Cecilia immergreen|Tailwind|p2a: Cecilia immergreen\n|-sidestart|p2: vestige666|move: Tailwind\n|move|p1b: Bungle|Icy Wind|p2b: Nerissa|[spread] p2a,p2b\n|-supereffective|p2a: Cecilia immergreen\n|-resisted|p2b: Nerissa\n|-damage|p2a: Cecilia immergreen|0 fnt\n|-damage|p2b: Nerissa|71/100\n|-unboost|p2b: Nerissa|spe|1\n|faint|p2a: Cecilia immergreen\n|move|p2b: Nerissa|Parabolic Charge|p1b: Bungle|[spread] p1a,p1b\n|-supereffective|p1b: Bungle\n|-damage|p1a: \u00a1no tocar!|38/100\n|-heal|p2b: Nerissa|100/100|[from] drain|[of] p1a: \u00a1no tocar!\n|-enditem|p1b: Bungle|Focus Sash\n|-damage|p1b: Bungle|1/100\n|move|p1a: \u00a1no tocar!|Throat Chop|p2b: Nerissa\n|-damage|p2b: Nerissa|64/100\n|-start|p2b: Nerissa|Throat Chop|[silent]\n|\n|-weather|SunnyDay|[upkeep]\n|upkeep\n|\n|t:|1774228723\n|switch|p2a: Kronii|Groudon, L50|21/100\n|turn|5\n|\n|t:|1774228735\n|-end|p1b: Bungle|Quark Drive|[silent]\n|switch|p1b: Ogre|Kyogre, L50|100/100\n|-weather|RainDance|[from] ability: Drizzle|[of] p1b: Ogre\n|move|p2a: Kronii|Protect|p2a: Kronii\n|-singleturn|p2a: Kronii|Protect\n|move|p1a: \u00a1no tocar!|Liquidation|p2b: Nerissa\n|-supereffective|p2b: Nerissa\n|-damage|p2b: Nerissa|0 fnt\n|faint|p2b: Nerissa\n|\n|-weather|RainDance|[upkeep]\n|-heal|p2a: Kronii|27/100|[from] item: Leftovers\n|-fieldend|move: Electric Terrain\n|upkeep\n|turn|6\n|c|\u2606robolibra|gg\n|inactive|vestige666 has 30 seconds left.\n|c|\u2606vestige666|Gg!\n|inactive|vestige666 has 20 seconds left.\n|-message|vestige666 forfeited.\n|\n|win|robolibra\n|raw|robolibra's rating: 1259 &rarr; <strong>1285</strong><br />(+26 for winning)\n|raw|vestige666's rating: 1266 &rarr; <strong>1240</strong><br />(-26 for losing)\n|l|\u2606vestige666\n|player|p2|\n","uploadtime":1774228964,"views":10,"formatid":"gen9vgc2026regi","rating":1240,"private":0,"password":null}