{"id":"gen9vgc2026regi-2563864531","format":"[Gen 9] VGC 2026 Reg I","players":["terafireflareblitz","timebroken"],"log":"|j|\u2606terafireflareblitz\n|j|\u2606timebroken\n|t:|1774073816\n|gametype|doubles\n|player|p1|terafireflareblitz|sycamore|1358\n|player|p2|timebroken|willow|1596\n|gen|9\n|tier|[Gen 9] VGC 2026 Reg I\n|rated|\n|rule|Species Clause: Limit one of each Pok\u00e9mon\n|rule|Item Clause: Limit 1 of each item\n|clearpoke\n|poke|p1|Koraidon, L50|\n|poke|p1|Lunala, L50|\n|poke|p1|Indeedee-F, L50, F|\n|poke|p1|Flutter Mane, L50|\n|poke|p1|Volcarona, L50, F|\n|poke|p1|Ursaluna, L50, F|\n|poke|p2|Calyrex-Shadow, L50|\n|poke|p2|Zamazenta-*, L50|\n|poke|p2|Chien-Pao, L50|\n|poke|p2|Rillaboom, L50, M|\n|poke|p2|Tornadus, L50, M|\n|poke|p2|Raging Bolt, L50|\n|teampreview|4\n|inactive|Battle timer is ON: inactive players will automatically lose when time's up. (requested by timebroken)\n|inactive|terafireflareblitz also wants the timer to be on.\n|\n|t:|1774073832\n|teamsize|p1|4\n|teamsize|p2|4\n|start\n|switch|p1a: Lunala|Lunala, L50, shiny|100/100\n|switch|p1b: Indeedee|Indeedee-F, L50, F|100/100\n|switch|p2a: Zamazenta|Zamazenta-Crowned, L50|100/100\n|switch|p2b: Chien-Pao|Chien-Pao, L50|100/100\n|-ability|p2b: Chien-Pao|Sword of Ruin\n|-ability|p2a: Zamazenta|Dauntless Shield|boost\n|-boost|p2a: Zamazenta|def|1\n|-fieldstart|move: Psychic Terrain|[from] ability: Psychic Surge|[of] p1b: Indeedee\n|turn|1\n|\n|t:|1774073853\n|switch|p1b: Volcarona|Volcarona, L50, F|100/100\n|move|p2b: Chien-Pao|Taunt|p1a: Lunala\n|-start|p1a: Lunala|move: Taunt\n|move|p2a: Zamazenta|Body Press|p1b: Volcarona\n|-resisted|p1b: Volcarona\n|-damage|p1b: Volcarona|55/100\n|-damage|p2a: Zamazenta|84/100|[from] item: Rocky Helmet|[of] p1b: Volcarona\n|move|p1a: Lunala|Meteor Beam||[still]\n|-prepare|p1a: Lunala|Meteor Beam\n|-boost|p1a: Lunala|spa|1\n|-enditem|p1a: Lunala|Power Herb\n|-anim|p1a: Lunala|Meteor Beam|p2b: Chien-Pao|[miss]\n|-miss|p1a: Lunala|p2b: Chien-Pao\n|\n|upkeep\n|turn|2\n|\n|t:|1774073870\n|-terastallize|p1a: Lunala|Water\n|move|p2b: Chien-Pao|Ice Spinner|p1b: Volcarona\n|-resisted|p1b: Volcarona\n|-damage|p1b: Volcarona|25/100\n|-damage|p2b: Chien-Pao|84/100|[from] item: Rocky Helmet|[of] p1b: Volcarona\n|-fieldend|move: Psychic Terrain\n|-damage|p2b: Chien-Pao|75/100|[from] item: Life Orb\n|move|p2a: Zamazenta|Heavy Slam|p1a: Lunala\n|-resisted|p1a: Lunala\n|-damage|p1a: Lunala|86/100\n|move|p1a: Lunala|Expanding Force|p2a: Zamazenta\n|-damage|p2a: Zamazenta|38/100\n|move|p1b: Volcarona|Tailwind|p1b: Volcarona\n|-sidestart|p1: terafireflareblitz|move: Tailwind\n|\n|upkeep\n|turn|3\n|\n|t:|1774073892\n|move|p2a: Zamazenta|Protect|p2a: Zamazenta\n|-singleturn|p2a: Zamazenta|Protect\n|move|p2b: Chien-Pao|Sucker Punch|p1b: Volcarona\n|-damage|p1b: Volcarona|0 fnt\n|-damage|p2b: Chien-Pao|59/100|[from] item: Rocky Helmet|[of] p1b: Volcarona\n|faint|p1b: Volcarona\n|-damage|p2b: Chien-Pao|49/100|[from] item: Life Orb\n|move|p1a: Lunala|Moongeist Beam|p2b: Chien-Pao\n|-resisted|p2b: Chien-Pao\n|-damage|p2b: Chien-Pao|0 fnt\n|faint|p2b: Chien-Pao\n|\n|-end|p1a: Lunala|move: Taunt\n|upkeep\n|\n|t:|1774073908\n|switch|p2b: Rillaboom|Rillaboom, L50, M|100/100\n|switch|p1b: Indeedee|Indeedee-F, L50, F|100/100\n|-fieldstart|move: Psychic Terrain|[from] ability: Psychic Surge|[of] p1b: Indeedee\n|-fieldstart|move: Grassy Terrain|[from] ability: Grassy Surge|[of] p2b: Rillaboom\n|turn|4\n|j| We Dull Test\n|\n|t:|1774073929\n|move|p1a: Lunala|Moongeist Beam|p2a: Zamazenta\n|-crit|p2a: Zamazenta\n|-damage|p2a: Zamazenta|0 fnt\n|faint|p2a: Zamazenta\n|move|p1b: Indeedee|Alluring Voice|p2b: Rillaboom\n|-damage|p2b: Rillaboom|89/100\n|move|p2b: Rillaboom|Wood Hammer|p1a: Lunala\n|-supereffective|p1a: Lunala\n|-damage|p1a: Lunala|0 fnt\n|faint|p1a: Lunala\n|-damage|p2b: Rillaboom|57/100|[from] Recoil\n|\n|-heal|p2b: Rillaboom|62/100|[from] Grassy Terrain\n|upkeep\n|\n|t:|1774073936\n|switch|p2a: Calyrex|Calyrex-Shadow, L50|100/100\n|switch|p1a: Koraidon|Koraidon, L50, shiny|100/100\n|-ability|p2a: Calyrex|As One\n|-ability|p2a: Calyrex|Unnerve\n|-weather|SunnyDay|[from] ability: Orichalcum Pulse|[of] p1a: Koraidon\n|-activate|p1a: Koraidon|Orichalcum Pulse|[source]\n|turn|5\n|\n|t:|1774073952\n|-terastallize|p2b: Rillaboom|Fire\n|move|p1a: Koraidon|Flare Blitz|p2b: Rillaboom\n|-resisted|p2b: Rillaboom\n|-crit|p2b: Rillaboom\n|-damage|p2b: Rillaboom|0 fnt\n|faint|p2b: Rillaboom\n|-damage|p1a: Koraidon|76/100|[from] Recoil\n|-damage|p1a: Koraidon|67/100|[from] item: Life Orb\n|move|p2a: Calyrex|Psychic|p1a: Koraidon\n|-supereffective|p1a: Koraidon\n|-damage|p1a: Koraidon|0 fnt\n|faint|p1a: Koraidon\n|-ability|p2a: Calyrex|Grim Neigh|boost\n|-boost|p2a: Calyrex|spa|1\n|move|p1b: Indeedee|Trick Room|p1b: Indeedee\n|-fieldstart|move: Trick Room|[of] p1b: Indeedee\n|\n|-weather|SunnyDay|[upkeep]\n|-sideend|p1: terafireflareblitz|move: Tailwind\n|upkeep\n|turn|6\n|-message|terafireflareblitz forfeited.\n|\n|win|timebroken\n|raw|terafireflareblitz's rating: 1358 &rarr; <strong>1350</strong><br />(-8 for losing)\n|raw|timebroken's rating: 1596 &rarr; <strong>1604</strong><br />(+8 for winning)\n","uploadtime":1774073962,"views":13,"formatid":"gen9vgc2026regi","rating":1350,"private":0,"password":null}