{"id":"gen9vgc2026regi-2546820827","format":"[Gen 9] VGC 2026 Reg I","players":["lakelake950","Simon0123"],"log":"|j|\u2606lakelake950\n|j|\u2606Simon0123\n|t:|1772016866\n|gametype|doubles\n|player|p1|lakelake950|n|1160\n|player|p2|Simon0123|benga|1207\n|gen|9\n|tier|[Gen 9] VGC 2026 Reg I\n|rated|\n|rule|Species Clause: Limit one of each Pok\u00e9mon\n|rule|Item Clause: Limit 1 of each item\n|clearpoke\n|poke|p1|Calyrex-Shadow, L50|\n|poke|p1|Miraidon, L50|\n|poke|p1|Rabsca, L50, M|\n|poke|p1|Rillaboom, L50, M|\n|poke|p1|Incineroar, L50, F|\n|poke|p1|Volcarona, L50, F|\n|poke|p2|Miraidon, L50|\n|poke|p2|Flutter Mane, L50|\n|poke|p2|Incineroar, L50, M|\n|poke|p2|Urshifu-*, L50, F|\n|poke|p2|Tornadus, L50, M|\n|poke|p2|Amoonguss, L50, M|\n|teampreview|4\n|inactive|Battle timer is ON: inactive players will automatically lose when time's up. (requested by Simon0123)\n|\n|t:|1772016888\n|teamsize|p1|4\n|teamsize|p2|4\n|start\n|switch|p1a: Miraidon|Miraidon, L50|100/100\n|switch|p1b: Rabsca|Rabsca, L50, M|100/100\n|switch|p2a: Miraidon|Miraidon, L50|100/100\n|switch|p2b: Tornadus|Tornadus, L50, M|100/100\n|-fieldstart|move: Electric Terrain|[from] ability: Hadron Engine|[of] p1a: Miraidon\n|-activate|p2a: Miraidon|ability: Hadron Engine\n|turn|1\n|\n|t:|1772016909\n|-terastallize|p2a: Miraidon|Electric\n|-terastallize|p1a: Miraidon|Electric\n|move|p2b: Tornadus|Protect|p2b: Tornadus\n|-singleturn|p2b: Tornadus|Protect\n|move|p2a: Miraidon|Volt Switch|p1b: Rabsca\n|-damage|p1b: Rabsca|0 fnt\n|faint|p1b: Rabsca\n|\n|t:|1772016925\n|switch|p2a: Flutter Mane|Flutter Mane, L50|100/100|[from] Volt Switch\n|move|p1a: Miraidon|Discharge|p2a: Flutter Mane|[spread] p2a\n|-activate|p2b: Tornadus|move: Protect\n|-damage|p2a: Flutter Mane|4/100\n|-damage|p1a: Miraidon|91/100|[from] item: Life Orb\n|\n|upkeep\n|\n|t:|1772016934\n|switch|p1b: Calyrex|Calyrex-Shadow, L50|100/100\n|-ability|p1b: Calyrex|As One\n|-ability|p1b: Calyrex|Unnerve\n|turn|2\n|\n|t:|1772016946\n|move|p1b: Calyrex|Protect|p1b: Calyrex\n|-singleturn|p1b: Calyrex|Protect\n|move|p2b: Tornadus|Tailwind|p2b: Tornadus\n|-sidestart|p2: Simon0123|move: Tailwind\n|move|p2a: Flutter Mane|Shadow Ball|p1b: Calyrex\n|-activate|p1b: Calyrex|move: Protect\n|move|p1a: Miraidon|Discharge|p2b: Tornadus|[spread] p2a,p2b\n|-activate|p1b: Calyrex|move: Protect\n|-supereffective|p2b: Tornadus\n|-damage|p2a: Flutter Mane|0 fnt\n|-damage|p2b: Tornadus|0 fnt\n|faint|p2a: Flutter Mane\n|-end|p2a: Flutter Mane|Protosynthesis|[silent]\n|faint|p2b: Tornadus\n|-damage|p1a: Miraidon|81/100|[from] item: Life Orb\n|\n|upkeep\n|\n|t:|1772016952\n|switch|p2a: Miraidon|Miraidon, L50, tera:Electric|100/100\n|switch|p2b: Urshifu|Urshifu-Rapid-Strike, L50, F|100/100\n|-activate|p2a: Miraidon|ability: Hadron Engine\n|turn|3\n|inactive|Simon0123 has 30 seconds left.\n|\n|t:|1772016985\n|switch|p1b: Volcarona|Volcarona, L50, F|100/100\n|-enditem|p1b: Volcarona|Electric Seed\n|-boost|p1b: Volcarona|def|1|[from] item: Electric Seed\n|move|p2a: Miraidon|Electro Drift|p1b: Volcarona\n|-damage|p1b: Volcarona|0 fnt\n|faint|p1b: Volcarona\n|move|p2b: Urshifu|Surging Strikes|p1a: Miraidon\n|-crit|p1a: Miraidon\n|-damage|p1a: Miraidon|53/100\n|-crit|p1a: Miraidon\n|-damage|p1a: Miraidon|29/100\n|-crit|p1a: Miraidon\n|-damage|p1a: Miraidon|6/100\n|-hitcount|p1a: Miraidon|3\n|move|p1a: Miraidon|Discharge|p2a: Miraidon|[spread] p2a,p2b\n|-resisted|p2a: Miraidon\n|-supereffective|p2b: Urshifu\n|-damage|p2a: Miraidon|57/100\n|-damage|p2b: Urshifu|0 fnt\n|faint|p2b: Urshifu\n|-damage|p1a: Miraidon|0 fnt|[from] item: Life Orb\n|faint|p1a: Miraidon\n|\n|upkeep\n|inactive|lakelake950 has 30 seconds left.\n|\n|t:|1772017012\n|switch|p1a: Calyrex|Calyrex-Shadow, L50|100/100\n|-ability|p1a: Calyrex|As One\n|-ability|p1a: Calyrex|Unnerve\n|turn|4\n|\n|t:|1772017025\n|move|p2a: Miraidon|Electro Drift|p1a: Calyrex\n|-enditem|p1a: Calyrex|Focus Sash\n|-damage|p1a: Calyrex|1/100\n|move|p1a: Calyrex|Nasty Plot|p1a: Calyrex\n|-boost|p1a: Calyrex|spa|2\n|\n|upkeep\n|turn|5\n|c|\u2606Simon0123|Gg u win\n|\n|t:|1772017039\n|move|p1a: Calyrex|Protect|p1a: Calyrex\n|-singleturn|p1a: Calyrex|Protect\n|move|p2a: Miraidon|Electro Drift|p1a: Calyrex\n|-activate|p1a: Calyrex|move: Protect\n|\n|-sideend|p2: Simon0123|move: Tailwind\n|-fieldend|move: Electric Terrain\n|upkeep\n|turn|6\n|\n|t:|1772017044\n|move|p1a: Calyrex|Astral Barrage|p2a: Miraidon\n|-damage|p2a: Miraidon|0 fnt\n|faint|p2a: Miraidon\n|\n|win|lakelake950\n|raw|lakelake950's rating: 1160 &rarr; <strong>1188</strong><br />(+28 for winning)\n|raw|Simon0123's rating: 1207 &rarr; <strong>1179</strong><br />(-28 for losing)\n|c|\u2606lakelake950|ggs\n|l|\u2606Simon0123\n|player|p2|\n|l|\u2606lakelake950\n|player|p1|\n","uploadtime":1772017332,"views":14,"formatid":"gen9vgc2026regi","rating":1179,"private":0,"password":null}