{"id":"gen9vgc2026regi-2568518626","format":"[Gen 9] VGC 2026 Reg I","players":["bullgod4ever","mrtryhard485"],"log":"|j|\u2606bullgod4ever\n|j|\u2606mrtryhard485\n|t:|1774589102\n|gametype|doubles\n|player|p1|bullgod4ever|170|1475\n|player|p2|mrtryhard485|crasherwake|1390\n|gen|9\n|tier|[Gen 9] VGC 2026 Reg I\n|rated|\n|rule|Species Clause: Limit one of each Pok\u00e9mon\n|rule|Item Clause: Limit 1 of each item\n|clearpoke\n|poke|p1|Calyrex-Ice, L50|\n|poke|p1|Miraidon, L50|\n|poke|p1|Urshifu-*, L50, M|\n|poke|p1|Incineroar, L50, M|\n|poke|p1|Landorus, L50, M|\n|poke|p1|Whimsicott, L50, M|\n|poke|p2|Incineroar, L50, M|\n|poke|p2|Landorus, L50, M|\n|poke|p2|Calyrex-Shadow, L50|\n|poke|p2|Koraidon, L50|\n|poke|p2|Brute Bonnet, L50|\n|poke|p2|Raging Bolt, L50|\n|teampreview|4\n|\n|t:|1774589132\n|teamsize|p1|4\n|teamsize|p2|4\n|start\n|switch|p1a: Calyrex|Calyrex-Ice, L50|100/100\n|switch|p1b: Incineroar|Incineroar, L50, M|100/100\n|switch|p2a: Landorus|Landorus, L50, M|100/100\n|switch|p2b: Incineroar|Incineroar, L50, M|100/100\n|-ability|p1a: Calyrex|As One\n|-ability|p1a: Calyrex|Unnerve\n|-ability|p1b: Incineroar|Intimidate|boost\n|-unboost|p2a: Landorus|atk|1\n|-unboost|p2b: Incineroar|atk|1\n|-ability|p2b: Incineroar|Intimidate|boost\n|-unboost|p1a: Calyrex|atk|1\n|-unboost|p1b: Incineroar|atk|1\n|turn|1\n|\n|t:|1774589157\n|move|p2a: Landorus|Protect|p2a: Landorus\n|-singleturn|p2a: Landorus|Protect\n|move|p1b: Incineroar|Fake Out|p2b: Incineroar\n|-damage|p2b: Incineroar|95/100\n|-damage|p1b: Incineroar|84/100|[from] item: Rocky Helmet|[of] p2b: Incineroar\n|cant|p2b: Incineroar|flinch\n|move|p1a: Calyrex|Glacial Lance|p2a: Landorus|[spread] p2b\n|-activate|p2a: Landorus|move: Protect\n|-resisted|p2b: Incineroar\n|-damage|p2b: Incineroar|80/100\n|\n|upkeep\n|turn|2\n|j| clefci\n|\n|t:|1774589210\n|-terastallize|p2a: Landorus|Water\n|-terastallize|p1a: Calyrex|Water\n|move|p2a: Landorus|Sandsear Storm|p1b: Incineroar|[spread] p1b\n|-miss|p2a: Landorus|p1a: Calyrex\n|-supereffective|p1b: Incineroar\n|-damage|p1b: Incineroar|7/100\n|move|p1b: Incineroar|U-turn|p2a: Landorus\n|-damage|p2a: Landorus|89/100\n|\n|t:|1774589232\n|switch|p1b: Miraidon|Miraidon, L50|100/100|[from] U-turn\n|-fieldstart|move: Electric Terrain|[from] ability: Hadron Engine|[of] p1b: Miraidon\n|move|p2b: Incineroar|Knock Off|p1a: Calyrex\n|-damage|p1a: Calyrex|86/100\n|-enditem|p1a: Calyrex|Leftovers|[from] move: Knock Off|[of] p2b: Incineroar\n|move|p1a: Calyrex|Trick Room|p1a: Calyrex\n|-fieldstart|move: Trick Room|[of] p1a: Calyrex\n|\n|upkeep\n|turn|3\n|\n|t:|1774589254\n|switch|p1b: Incineroar|Incineroar, L50, M|7/100\n|-ability|p1b: Incineroar|Intimidate|boost\n|-unboost|p2a: Landorus|atk|1\n|-unboost|p2b: Incineroar|atk|1\n|move|p2b: Incineroar|Helping Hand|p2a: Landorus\n|-singleturn|p2a: Landorus|Helping Hand|[of] p2b: Incineroar\n|move|p1a: Calyrex|Leech Seed|p2a: Landorus|[miss]\n|-miss|p1a: Calyrex|p2a: Landorus\n|move|p2a: Landorus|Earth Power|p1b: Incineroar\n|-supereffective|p1b: Incineroar\n|-damage|p1b: Incineroar|0 fnt\n|faint|p1b: Incineroar\n|\n|upkeep\n|\n|t:|1774589270\n|switch|p1b: Urshifu|Urshifu-Rapid-Strike, L50, M|100/100\n|turn|4\n|\n|t:|1774589280\n|move|p2b: Incineroar|Helping Hand|p2a: Landorus\n|-singleturn|p2a: Landorus|Helping Hand|[of] p2b: Incineroar\n|move|p1a: Calyrex|Protect|p1a: Calyrex\n|-singleturn|p1a: Calyrex|Protect\n|move|p1b: Urshifu|Surging Strikes|p2b: Incineroar\n|-supereffective|p2b: Incineroar\n|-crit|p2b: Incineroar\n|-damage|p2b: Incineroar|34/100\n|-damage|p1b: Urshifu|84/100|[from] item: Rocky Helmet|[of] p2b: Incineroar\n|-supereffective|p2b: Incineroar\n|-crit|p2b: Incineroar\n|-damage|p2b: Incineroar|0 fnt\n|-damage|p1b: Urshifu|68/100|[from] item: Rocky Helmet|[of] p2b: Incineroar\n|faint|p2b: Incineroar\n|-hitcount|p2: Incineroar|2\n|move|p2a: Landorus|Earth Power|p1b: Urshifu\n|-damage|p1b: Urshifu|0 fnt\n|faint|p1b: Urshifu\n|\n|upkeep\n|\n|t:|1774589302\n|switch|p2b: Koraidon|Koraidon, L50|100/100\n|switch|p1b: Miraidon|Miraidon, L50|100/100\n|-activate|p1b: Miraidon|ability: Hadron Engine\n|-weather|SunnyDay|[from] ability: Orichalcum Pulse|[of] p2b: Koraidon\n|-activate|p2b: Koraidon|Orichalcum Pulse|[source]\n|turn|5\n|\n|t:|1774589327\n|move|p2b: Koraidon|Protect|p2b: Koraidon\n|-singleturn|p2b: Koraidon|Protect\n|move|p1a: Calyrex|Leech Seed|p2a: Landorus\n|-start|p2a: Landorus|move: Leech Seed\n|move|p2a: Landorus|Earth Power|p1b: Miraidon\n|-supereffective|p1b: Miraidon\n|-damage|p1b: Miraidon|9/100\n|move|p1b: Miraidon|Dazzling Gleam|p2a: Landorus|[spread] p2a\n|-activate|p2b: Koraidon|move: Protect\n|-damage|p2a: Landorus|52/100\n|\n|-weather|SunnyDay|[upkeep]\n|-damage|p2a: Landorus|39/100|[from] Leech Seed|[of] p1a: Calyrex\n|-heal|p1a: Calyrex|98/100|[silent]\n|upkeep\n|turn|6\n|\n|t:|1774589347\n|move|p1a: Calyrex|Glacial Lance|p2b: Koraidon|[spread] p2a,p2b\n|-resisted|p2a: Landorus\n|-supereffective|p2b: Koraidon\n|-damage|p2a: Landorus|21/100\n|-damage|p2b: Koraidon|41/100\n|move|p2a: Landorus|Earth Power|p1b: Miraidon\n|-supereffective|p1b: Miraidon\n|-damage|p1b: Miraidon|0 fnt\n|faint|p1b: Miraidon\n|move|p2b: Koraidon|Collision Course|p1a: Calyrex\n|-damage|p1a: Calyrex|58/100\n|\n|-weather|SunnyDay|[upkeep]\n|-damage|p2a: Landorus|9/100|[from] Leech Seed|[of] p1a: Calyrex\n|-heal|p1a: Calyrex|70/100|[silent]\n|-fieldend|move: Trick Room\n|-fieldend|move: Electric Terrain\n|upkeep\n|turn|7\n|\n|t:|1774589370\n|move|p1a: Calyrex|Protect|p1a: Calyrex\n|-singleturn|p1a: Calyrex|Protect\n|move|p2b: Koraidon|Collision Course|p1a: Calyrex\n|-activate|p1a: Calyrex|move: Protect\n|move|p2a: Landorus|Earth Power|p1a: Calyrex\n|-activate|p1a: Calyrex|move: Protect\n|\n|-weather|SunnyDay|[upkeep]\n|-damage|p2a: Landorus|0 fnt|[from] Leech Seed|[of] p1a: Calyrex\n|-heal|p1a: Calyrex|78/100|[silent]\n|faint|p2a: Landorus\n|upkeep\n|\n|t:|1774589372\n|switch|p2a: Calyrex|Calyrex-Shadow, L50|100/100\n|-ability|p2a: Calyrex|As One\n|-ability|p2a: Calyrex|Unnerve\n|turn|8\n|\n|t:|1774589389\n|move|p2a: Calyrex|Astral Barrage|p1a: Calyrex\n|-damage|p1a: Calyrex|34/100\n|move|p2b: Koraidon|Collision Course|p1a: Calyrex\n|-damage|p1a: Calyrex|0 fnt\n|faint|p1a: Calyrex\n|\n|win|mrtryhard485\n|raw|bullgod4ever's rating: 1475 &rarr; <strong>1450</strong><br />(-25 for losing)\n|raw|mrtryhard485's rating: 1390 &rarr; <strong>1415</strong><br />(+25 for winning)\n|l|\u2606bullgod4ever\n|player|p1|\n|l|\u2606mrtryhard485\n|player|p2|\n|l| clefci\n","uploadtime":1774589630,"views":14,"formatid":"gen9vgc2026regi","rating":1415,"private":0,"password":null}