{"id":"gen9vgc2026regi-2564412557","format":"[Gen 9] VGC 2026 Reg I","players":["bullgod4ever","ReReReTryAgain"],"log":"|j|\u2606bullgod4ever\n|j|\u2606ReReReTryAgain\n|t:|1774142644\n|gametype|doubles\n|player|p1|bullgod4ever|169|1497\n|player|p2|ReReReTryAgain|265|1562\n|gen|9\n|tier|[Gen 9] VGC 2026 Reg I\n|rated|\n|rule|Species Clause: Limit one of each Pok\u00e9mon\n|rule|Item Clause: Limit 1 of each item\n|clearpoke\n|poke|p1|Brute Bonnet, L50|\n|poke|p1|Lunala, L50|\n|poke|p1|Flutter Mane, L50|\n|poke|p1|Landorus, L50, M|\n|poke|p1|Incineroar, L50, M|\n|poke|p1|Koraidon, L50|\n|poke|p2|Zacian-*, L50|\n|poke|p2|Iron Valiant, L50|\n|poke|p2|Tyranitar, L50, F|\n|poke|p2|Zamazenta-*, L50|\n|poke|p2|Landorus, L50, M|\n|poke|p2|Tornadus, L50, M|\n|teampreview|4\n|inactive|Battle timer is ON: inactive players will automatically lose when time's up. (requested by ReReReTryAgain)\n|\n|t:|1774142697\n|teamsize|p1|4\n|teamsize|p2|4\n|start\n|switch|p1a: Lunala|Lunala, L50|100/100\n|switch|p1b: Koraidon|Koraidon, L50|100/100\n|switch|p2a: Tyranitar|Tyranitar, L50, F|100/100\n|switch|p2b: Zacian|Zacian-Crowned, L50|100/100\n|-ability|p2b: Zacian|Intrepid Sword|boost\n|-boost|p2b: Zacian|atk|1\n|-weather|SunnyDay|[from] ability: Orichalcum Pulse|[of] p1b: Koraidon\n|-activate|p1b: Koraidon|Orichalcum Pulse|[source]\n|-weather|Sandstorm|[from] ability: Sand Stream|[of] p2a: Tyranitar\n|turn|1\n|\n|t:|1774142720\n|switch|p1b: Incineroar|Incineroar, L50, M|100/100\n|-ability|p1b: Incineroar|Intimidate|boost\n|-unboost|p2a: Tyranitar|atk|1\n|-unboost|p2b: Zacian|atk|1\n|-terastallize|p2b: Zacian|Ground\n|move|p2b: Zacian|Tera Blast|p1b: Incineroar|[anim] Tera Blast Ground\n|-supereffective|p1b: Incineroar\n|-damage|p1b: Incineroar|8/100\n|move|p2a: Tyranitar|Taunt|p1a: Lunala\n|-start|p1a: Lunala|move: Taunt\n|cant|p1a: Lunala|move: Taunt|Trick Room\n|\n|-weather|Sandstorm|[upkeep]\n|-damage|p1a: Lunala|95/100|[from] Sandstorm\n|-damage|p1b: Incineroar|2/100|[from] Sandstorm\n|upkeep\n|turn|2\n|inactive|bullgod4ever has 30 seconds left.\n|inactive|ReReReTryAgain has 30 seconds left.\n|inactive|ReReReTryAgain has 20 seconds left.\n|\n|t:|1774142757\n|switch|p2a: Tornadus|Tornadus, L50, M|100/100\n|move|p1b: Incineroar|Fake Out|p2a: Tornadus\n|-damage|p2a: Tornadus|79/100\n|move|p2b: Zacian|Behemoth Blade|p1b: Incineroar\n|-resisted|p1b: Incineroar\n|-damage|p1b: Incineroar|0 fnt\n|faint|p1b: Incineroar\n|move|p1a: Lunala|Meteor Beam||[still]\n|-prepare|p1a: Lunala|Meteor Beam\n|-boost|p1a: Lunala|spa|1\n|-enditem|p1a: Lunala|Power Herb\n|-anim|p1a: Lunala|Meteor Beam|p2b: Zacian\n|-resisted|p2b: Zacian\n|-damage|p2b: Zacian|69/100\n|\n|-weather|Sandstorm|[upkeep]\n|-damage|p2a: Tornadus|73/100|[from] Sandstorm\n|-damage|p1a: Lunala|89/100|[from] Sandstorm\n|upkeep\n|\n|t:|1774142777\n|switch|p1b: Koraidon|Koraidon, L50|100/100\n|-weather|SunnyDay|[from] ability: Orichalcum Pulse|[of] p1b: Koraidon\n|-activate|p1b: Koraidon|Orichalcum Pulse|[source]\n|turn|3\n|inactive|bullgod4ever has 30 seconds left.\n|inactive|bullgod4ever has 20 seconds left.\n|inactive|bullgod4ever has 15 seconds left.\n|inactive|bullgod4ever has 10 seconds left.\n|\n|t:|1774142824\n|switch|p2a: Tyranitar|Tyranitar, L50, F|100/100\n|-weather|Sandstorm|[from] ability: Sand Stream|[of] p2a: Tyranitar\n|move|p1b: Koraidon|Protect|p1b: Koraidon\n|-singleturn|p1b: Koraidon|Protect\n|move|p2b: Zacian|Play Rough|p1b: Koraidon\n|-activate|p1b: Koraidon|move: Protect\n|move|p1a: Lunala|Moongeist Beam|p2a: Tyranitar\n|-resisted|p2a: Tyranitar\n|-damage|p2a: Tyranitar|72/100\n|\n|-weather|Sandstorm|[upkeep]\n|-damage|p1b: Koraidon|94/100|[from] Sandstorm\n|-damage|p1a: Lunala|83/100|[from] Sandstorm\n|-end|p1a: Lunala|move: Taunt\n|upkeep\n|turn|4\n|\n|t:|1774142848\n|move|p2a: Tyranitar|Protect|p2a: Tyranitar\n|-singleturn|p2a: Tyranitar|Protect\n|move|p2b: Zacian|Tera Blast|p1b: Koraidon|[anim] Tera Blast Ground\n|-damage|p1b: Koraidon|51/100\n|move|p1b: Koraidon|Close Combat|p2a: Tyranitar\n|-activate|p2a: Tyranitar|move: Protect\n|move|p1a: Lunala|Moongeist Beam|p2b: Zacian\n|-damage|p2b: Zacian|0 fnt\n|faint|p2b: Zacian\n|\n|-weather|Sandstorm|[upkeep]\n|-damage|p1b: Koraidon|45/100|[from] Sandstorm\n|-damage|p1a: Lunala|77/100|[from] Sandstorm\n|upkeep\n|\n|t:|1774142858\n|switch|p2b: Tornadus|Tornadus, L50, M|73/100\n|turn|5\n|inactive|ReReReTryAgain has 30 seconds left.\n|\n|t:|1774142889\n|switch|p1b: Brute Bonnet|Brute Bonnet, L50|100/100\n|-terastallize|p1a: Lunala|Water\n|move|p2b: Tornadus|Bleakwind Storm|p1a: Lunala|[spread] p1a,p1b\n|-crit|p1a: Lunala\n|-supereffective|p1b: Brute Bonnet\n|-damage|p1a: Lunala|40/100\n|-damage|p1b: Brute Bonnet|36/100\n|-enditem|p1b: Brute Bonnet|Sitrus Berry|[eat]\n|-heal|p1b: Brute Bonnet|61/100|[from] item: Sitrus Berry\n|move|p1a: Lunala|Moongeist Beam|p2b: Tornadus\n|-damage|p2b: Tornadus|0 fnt\n|faint|p2b: Tornadus\n|move|p2a: Tyranitar|Knock Off|p1a: Lunala\n|-damage|p1a: Lunala|5/100\n|\n|-weather|Sandstorm|[upkeep]\n|-damage|p1a: Lunala|0 fnt|[from] Sandstorm\n|-damage|p1b: Brute Bonnet|55/100|[from] Sandstorm\n|faint|p1a: Lunala\n|upkeep\n|\n|t:|1774142909\n|switch|p2b: Zamazenta|Zamazenta-Crowned, L50|100/100\n|switch|p1a: Koraidon|Koraidon, L50|45/100\n|-weather|SunnyDay|[from] ability: Orichalcum Pulse|[of] p1a: Koraidon\n|-activate|p1b: Brute Bonnet|ability: Protosynthesis\n|-start|p1b: Brute Bonnet|protosynthesisdef\n|-activate|p1a: Koraidon|Orichalcum Pulse|[source]\n|-ability|p2b: Zamazenta|Dauntless Shield|boost\n|-boost|p2b: Zamazenta|def|1\n|turn|6\n|inactive|bullgod4ever has 30 seconds left.\n|inactive|bullgod4ever has 20 seconds left.\n|\n|t:|1774142945\n|move|p1b: Brute Bonnet|Rage Powder|p1b: Brute Bonnet\n|-singleturn|p1b: Brute Bonnet|move: Rage Powder\n|move|p1a: Koraidon|Close Combat|p2b: Zamazenta\n|-supereffective|p2b: Zamazenta\n|-damage|p2b: Zamazenta|5/100\n|-unboost|p1a: Koraidon|def|1\n|-unboost|p1a: Koraidon|spd|1\n|-damage|p1a: Koraidon|35/100|[from] item: Life Orb\n|move|p2b: Zamazenta|Body Press|p1b: Brute Bonnet\n|-supereffective|p1b: Brute Bonnet\n|-crit|p1b: Brute Bonnet\n|-damage|p1b: Brute Bonnet|0 fnt\n|faint|p1b: Brute Bonnet\n|-end|p1b: Brute Bonnet|Protosynthesis|[silent]\n|move|p2a: Tyranitar|Taunt|p1a: Koraidon\n|-start|p1a: Koraidon|move: Taunt\n|\n|-weather|SunnyDay|[upkeep]\n|upkeep\n|turn|7\n|inactive|ReReReTryAgain has 30 seconds left.\n|inactive|ReReReTryAgain has 20 seconds left.\n|\n|t:|1774142983\n|move|p1a: Koraidon|Close Combat|p2a: Tyranitar\n|-supereffective|p2a: Tyranitar\n|-crit|p2a: Tyranitar\n|-damage|p2a: Tyranitar|0 fnt\n|-unboost|p1a: Koraidon|def|1\n|-unboost|p1a: Koraidon|spd|1\n|faint|p2a: Tyranitar\n|-damage|p1a: Koraidon|25/100|[from] item: Life Orb\n|move|p2b: Zamazenta|Body Press|p1a: Koraidon\n|-damage|p1a: Koraidon|0 fnt\n|faint|p1a: Koraidon\n|\n|win|ReReReTryAgain\n|raw|bullgod4ever's rating: 1497 &rarr; <strong>1481</strong><br />(-16 for losing)\n|raw|ReReReTryAgain's rating: 1562 &rarr; <strong>1578</strong><br />(+16 for winning)\n|l|\u2606ReReReTryAgain\n|player|p2|\n|c|\u2606bullgod4ever|Gg\n|l|\u2606bullgod4ever\n|player|p1|\n","uploadtime":1774143246,"views":12,"formatid":"gen9vgc2026regi","rating":1481,"private":0,"password":null}