{"id":"gen9vgc2026regi-2519247455","format":"[Gen 9] VGC 2026 Reg I","players":["Erseo05","dasabe\u76d6\u6b27\u5361\u4fa0"],"log":"|j|\u2606Erseo05\n|j|\u2606dasabe\u76d6\u6b27\u5361\u4fa0\n|t:|1768488461\n|gametype|doubles\n|player|p1|Erseo05|266|1324\n|player|p2|dasabe\u76d6\u6b27\u5361\u4fa0|may-masters4|1397\n|gen|9\n|tier|[Gen 9] VGC 2026 Reg I\n|rated|\n|rule|Species Clause: Limit one of each Pok\u00e9mon\n|rule|Item Clause: Limit 1 of each item\n|clearpoke\n|poke|p1|Miraidon, L50|\n|poke|p1|Iron Hands, L50|\n|poke|p1|Torkoal, L50, M|\n|poke|p1|Calyrex-Ice, L50|\n|poke|p1|Indeedee-F, L50, F|\n|poke|p1|Smeargle, L50, M|\n|poke|p2|Kyogre, L50|\n|poke|p2|Miraidon, L50|\n|poke|p2|Whimsicott, L50, F|\n|poke|p2|Iron Hands, L50|\n|poke|p2|Farigiraf, L50, F|\n|poke|p2|Urshifu-*, L50, M|\n|teampreview|4\n|\n|t:|1768488496\n|teamsize|p1|4\n|teamsize|p2|4\n|start\n|switch|p1a: Calyrex|Calyrex-Ice, L50|100/100\n|switch|p1b: Smeargle|Smeargle, L50, M|100/100\n|switch|p2a: \u5996\u820d\u7cbe\u62c9|Whimsicott, L50, F, shiny|100/100\n|switch|p2b: \u6210\u90fd\u8001\u76d6|Kyogre, L50, shiny|100/100\n|-ability|p1a: Calyrex|As One\n|-ability|p1a: Calyrex|Unnerve\n|-weather|RainDance|[from] ability: Drizzle|[of] p2b: \u6210\u90fd\u8001\u76d6\n|turn|1\n|inactive|Battle timer is ON: inactive players will automatically lose when time's up. (requested by Erseo05)\n|\n|t:|1768488514\n|-terastallize|p2b: \u6210\u90fd\u8001\u76d6|Water\n|move|p1b: Smeargle|Fake Out|p2b: \u6210\u90fd\u8001\u76d6\n|-damage|p2b: \u6210\u90fd\u8001\u76d6|95/100\n|move|p2a: \u5996\u820d\u7cbe\u62c9|Encore|p1b: Smeargle\n|-start|p1b: Smeargle|Encore\n|cant|p2b: \u6210\u90fd\u8001\u76d6|flinch\n|move|p1a: Calyrex|Glacial Lance|p2a: \u5996\u820d\u7cbe\u62c9|[spread] p2a,p2b\n|-supereffective|p2a: \u5996\u820d\u7cbe\u62c9\n|-resisted|p2b: \u6210\u90fd\u8001\u76d6\n|-enditem|p2a: \u5996\u820d\u7cbe\u62c9|Focus Sash\n|-damage|p2a: \u5996\u820d\u7cbe\u62c9|1/100\n|-damage|p2b: \u6210\u90fd\u8001\u76d6|59/100\n|\n|-weather|RainDance|[upkeep]\n|-ability|p1b: Smeargle|Moody|boost\n|-boost|p1b: Smeargle|spd|2\n|-unboost|p1b: Smeargle|def|1\n|upkeep\n|turn|2\n|\n|t:|1768488528\n|switch|p1b: Torkoal|Torkoal, L50, M|100/100\n|-weather|SunnyDay|[from] ability: Drought|[of] p1b: Torkoal\n|-terastallize|p1a: Calyrex|Water\n|move|p2a: \u5996\u820d\u7cbe\u62c9|Endeavor|p1a: Calyrex\n|-damage|p1a: Calyrex|1/100\n|move|p2b: \u6210\u90fd\u8001\u76d6|Origin Pulse|p1b: Torkoal|[spread] p1b\n|-miss|p2b: \u6210\u90fd\u8001\u76d6|p1a: Calyrex\n|-supereffective|p1b: Torkoal\n|-damage|p1b: Torkoal|0 fnt\n|faint|p1b: Torkoal\n|move|p1a: Calyrex|Glacial Lance|p2a: \u5996\u820d\u7cbe\u62c9|[spread] p2a,p2b\n|-supereffective|p2a: \u5996\u820d\u7cbe\u62c9\n|-resisted|p2b: \u6210\u90fd\u8001\u76d6\n|-damage|p2a: \u5996\u820d\u7cbe\u62c9|0 fnt\n|-damage|p2b: \u6210\u90fd\u8001\u76d6|26/100\n|faint|p2a: \u5996\u820d\u7cbe\u62c9\n|-ability|p1a: Calyrex|Chilling Neigh|boost\n|-boost|p1a: Calyrex|atk|1\n|\n|-weather|SunnyDay|[upkeep]\n|upkeep\n|\n|t:|1768488543\n|switch|p2a: \u94f6\u91d1\u5996\u86c7|Miraidon, L50, shiny|100/100\n|switch|p1b: Smeargle|Smeargle, L50, M|100/100\n|-fieldstart|move: Electric Terrain|[from] ability: Hadron Engine|[of] p2a: \u94f6\u91d1\u5996\u86c7\n|turn|3\n|\n|t:|1768488556\n|move|p1b: Smeargle|Fake Out|p2a: \u94f6\u91d1\u5996\u86c7\n|-damage|p2a: \u94f6\u91d1\u5996\u86c7|96/100\n|cant|p2a: \u94f6\u91d1\u5996\u86c7|flinch\n|move|p2b: \u6210\u90fd\u8001\u76d6|Origin Pulse|p1a: Calyrex|[spread] p1a,p1b\n|-resisted|p1a: Calyrex\n|-crit|p1a: Calyrex\n|-damage|p1a: Calyrex|0 fnt\n|-enditem|p1b: Smeargle|Focus Sash\n|-damage|p1b: Smeargle|1/100\n|faint|p1a: Calyrex\n|\n|-weather|SunnyDay|[upkeep]\n|-ability|p1b: Smeargle|Moody|boost\n|-boost|p1b: Smeargle|atk|2\n|-unboost|p1b: Smeargle|spe|1\n|upkeep\n|\n|t:|1768488563\n|switch|p1a: Miraidon|Miraidon, L50|100/100\n|-activate|p1a: Miraidon|ability: Hadron Engine\n|turn|4\n|\n|t:|1768488572\n|switch|p2b: \u624b\u94f6|Iron Hands, L50, shiny|100/100\n|-activate|p2b: \u624b\u94f6|ability: Quark Drive\n|-start|p2b: \u624b\u94f6|quarkdriveatk\n|move|p2a: \u94f6\u91d1\u5996\u86c7|Protect|p2a: \u94f6\u91d1\u5996\u86c7\n|-singleturn|p2a: \u94f6\u91d1\u5996\u86c7|Protect\n|move|p1b: Smeargle|Wide Guard|p1b: Smeargle\n|-singleturn|p1b: Smeargle|Wide Guard\n|move|p1a: Miraidon|Dazzling Gleam|p2a: \u94f6\u91d1\u5996\u86c7|[spread] p2b\n|-activate|p2a: \u94f6\u91d1\u5996\u86c7|move: Protect\n|-supereffective|p2b: \u624b\u94f6\n|-damage|p2b: \u624b\u94f6|54/100\n|\n|-weather|SunnyDay|[upkeep]\n|-ability|p1b: Smeargle|Moody|boost\n|-boost|p1b: Smeargle|spa|2\n|-unboost|p1b: Smeargle|spd|1\n|upkeep\n|turn|5\n|\n|t:|1768488582\n|move|p2b: \u624b\u94f6|Fake Out|p1a: Miraidon\n|-damage|p1a: Miraidon|80/100\n|move|p1b: Smeargle|Follow Me|p1b: Smeargle\n|-singleturn|p1b: Smeargle|move: Follow Me\n|cant|p1a: Miraidon|flinch\n|move|p2a: \u94f6\u91d1\u5996\u86c7|Dazzling Gleam|p1a: Miraidon|[spread] p1a,p1b\n|-supereffective|p1a: Miraidon\n|-damage|p1a: Miraidon|12/100\n|-damage|p1b: Smeargle|0 fnt\n|faint|p1b: Smeargle\n|-damage|p2a: \u94f6\u91d1\u5996\u86c7|86/100|[from] item: Life Orb\n|\n|-weather|SunnyDay|[upkeep]\n|upkeep\n|turn|6\n|\n|t:|1768488589\n|move|p1a: Miraidon|Dazzling Gleam|p2b: \u624b\u94f6|[spread] p2a,p2b\n|-supereffective|p2a: \u94f6\u91d1\u5996\u86c7\n|-supereffective|p2b: \u624b\u94f6\n|-damage|p2a: \u94f6\u91d1\u5996\u86c7|16/100\n|-damage|p2b: \u624b\u94f6|8/100\n|move|p2a: \u94f6\u91d1\u5996\u86c7|Dazzling Gleam|p1a: Miraidon\n|-supereffective|p1a: Miraidon\n|-damage|p1a: Miraidon|0 fnt\n|faint|p1a: Miraidon\n|-damage|p2a: \u94f6\u91d1\u5996\u86c7|6/100|[from] item: Life Orb\n|\n|win|dasabe\u76d6\u6b27\u5361\u4fa0\n|raw|Erseo05's rating: 1324 &rarr; <strong>1308</strong><br />(-16 for losing)\n|raw|dasabe\u76d6\u6b27\u5361\u4fa0's rating: 1397 &rarr; <strong>1413</strong><br />(+16 for winning)\n|l|\u2606Erseo05\n|player|p1|\n|l|\u2606dasabe\u76d6\u6b27\u5361\u4fa0\n|player|p2|\n","uploadtime":1768488765,"views":12,"formatid":"gen9vgc2026regi","rating":1308,"private":0,"password":null}