{"id":"gen9vgc2026regi-2538719186","format":"[Gen 9] VGC 2026 Reg I","players":["alzombie","TheManOfSausage"],"log":"|j|\u2606alzombie\n|j|\u2606TheManOfSausage\n|t:|1770962279\n|gametype|doubles\n|player|p1|alzombie|265|1473\n|player|p2|TheManOfSausage|miku-water|1565\n|gen|9\n|tier|[Gen 9] VGC 2026 Reg I\n|rated|\n|rule|Species Clause: Limit one of each Pok\u00e9mon\n|rule|Item Clause: Limit 1 of each item\n|clearpoke\n|poke|p1|Lunala, L50|\n|poke|p1|Ursaluna, L50, M|\n|poke|p1|Urshifu-*, L50, F|\n|poke|p1|Miraidon, L50|\n|poke|p1|Grimmsnarl, L50, M|\n|poke|p1|Incineroar, L50, M|\n|poke|p2|Calyrex-Shadow, L50|\n|poke|p2|Koraidon, L50|\n|poke|p2|Weezing-Galar, L50, M|\n|poke|p2|Walking Wake, L50|\n|poke|p2|Raging Bolt, L50|\n|poke|p2|Chi-Yu, L50|\n|teampreview|4\n|\n|t:|1770962304\n|teamsize|p1|4\n|teamsize|p2|4\n|start\n|switch|p1a: Miraidon|Miraidon, L50|100/100\n|switch|p1b: Lunala|Lunala, L50|100/100\n|switch|p2a: im crine|Weezing-Galar, L50, M|100/100\n|switch|p2b: Koraidon|Koraidon, L50|100/100\n|-ability|p2a: im crine|Neutralizing Gas\n|-block|p2b: Koraidon|item: Ability Shield\n|-weather|SunnyDay|[from] ability: Orichalcum Pulse|[of] p2b: Koraidon\n|-activate|p2b: Koraidon|Orichalcum Pulse|[source]\n|turn|1\n|j| ConnerTEP\n|\n|t:|1770962327\n|switch|p1b: Incineroar|Incineroar, L50, M|100/100\n|-terastallize|p2b: Koraidon|Fire\n|move|p2b: Koraidon|Flare Blitz|p1b: Incineroar\n|-resisted|p1b: Incineroar\n|-crit|p1b: Incineroar\n|-damage|p1b: Incineroar|28/100\n|-damage|p2b: Koraidon|84/100|[from] item: Rocky Helmet|[of] p1b: Incineroar\n|-damage|p2b: Koraidon|58/100|[from] Recoil\n|move|p1a: Miraidon|Draco Meteor|p2b: Koraidon\n|-damage|p2b: Koraidon|0 fnt\n|-unboost|p1a: Miraidon|spa|2\n|faint|p2b: Koraidon\n|move|p2a: im crine|Toxic Spikes|p1b: Incineroar\n|-sidestart|p1: alzombie|move: Toxic Spikes\n|\n|-weather|SunnyDay|[upkeep]\n|upkeep\n|\n|t:|1770962335\n|switch|p2b: Rice Shower|Calyrex-Shadow, L50|100/100\n|-ability|p2b: Rice Shower|As One\n|-ability|p2b: Rice Shower|Unnerve\n|turn|2\n|\n|t:|1770962356\n|switch|p1b: Ursaluna|Ursaluna, L50, M|100/100\n|-status|p1b: Ursaluna|psn\n|move|p2b: Rice Shower|Protect|p2b: Rice Shower\n|-singleturn|p2b: Rice Shower|Protect\n|move|p2a: im crine|Protect|p2a: im crine\n|-singleturn|p2a: im crine|Protect\n|move|p1a: Miraidon|Snarl|p2b: Rice Shower|[spread] \n|-activate|p2a: im crine|move: Protect\n|-activate|p2b: Rice Shower|move: Protect\n|\n|-weather|SunnyDay|[upkeep]\n|-damage|p1b: Ursaluna|88/100 psn|[from] psn\n|upkeep\n|turn|3\n|\n|t:|1770962374\n|switch|p2b: Raging Bolt|Raging Bolt, L50|100/100\n|move|p1a: Miraidon|Snarl|p2b: Raging Bolt|[spread] p2a,p2b\n|-resisted|p2a: im crine\n|-damage|p2a: im crine|95/100\n|-damage|p2b: Raging Bolt|95/100\n|-unboost|p2a: im crine|spa|1\n|-unboost|p2b: Raging Bolt|spa|1\n|move|p2a: im crine|Sludge Bomb|p1a: Miraidon\n|-damage|p1a: Miraidon|90/100\n|move|p1b: Ursaluna|Facade|p2a: im crine\n|-damage|p2a: im crine|38/100\n|-damage|p1b: Ursaluna|72/100 psn|[from] item: Rocky Helmet|[of] p2a: im crine\n|\n|-weather|SunnyDay|[upkeep]\n|-damage|p1b: Ursaluna|60/100 psn|[from] psn\n|upkeep\n|turn|4\n|\n|t:|1770962398\n|move|p2a: im crine|Protect|p2a: im crine\n|-singleturn|p2a: im crine|Protect\n|move|p1a: Miraidon|Snarl|p2a: im crine|[spread] p2b\n|-activate|p2a: im crine|move: Protect\n|-damage|p2b: Raging Bolt|89/100\n|-unboost|p2b: Raging Bolt|spa|1\n|move|p2b: Raging Bolt|Dragon Pulse|p1a: Miraidon\n|-supereffective|p1a: Miraidon\n|-damage|p1a: Miraidon|63/100\n|move|p1b: Ursaluna|Headlong Rush|p2b: Raging Bolt\n|-supereffective|p2b: Raging Bolt\n|-damage|p2b: Raging Bolt|0 fnt\n|-unboost|p1b: Ursaluna|def|1\n|-unboost|p1b: Ursaluna|spd|1\n|faint|p2b: Raging Bolt\n|-end|p2b: Raging Bolt|Protosynthesis|[silent]\n|\n|-weather|SunnyDay|[upkeep]\n|-damage|p1b: Ursaluna|48/100 psn|[from] psn\n|upkeep\n|\n|t:|1770962402\n|switch|p2b: Rice Shower|Calyrex-Shadow, L50|100/100\n|-ability|p2b: Rice Shower|As One\n|-ability|p2b: Rice Shower|Unnerve\n|turn|5\n|\n|t:|1770962425\n|move|p2b: Rice Shower|Protect|p2b: Rice Shower\n|-singleturn|p2b: Rice Shower|Protect\n|move|p1a: Miraidon|Snarl|p2b: Rice Shower|[spread] p2a\n|-activate|p2b: Rice Shower|move: Protect\n|-resisted|p2a: im crine\n|-damage|p2a: im crine|32/100\n|-unboost|p2a: im crine|spa|1\n|move|p2a: im crine|Poison Gas|p1b: Ursaluna|[spread] p1a,p1b\n|-status|p1a: Miraidon|psn\n|-fail|p1b: Ursaluna|psn\n|move|p1b: Ursaluna|Facade|p2a: im crine\n|-damage|p2a: im crine|0 fnt\n|-damage|p1b: Ursaluna|31/100 psn|[from] item: Rocky Helmet|[of] p2a: im crine\n|faint|p2a: im crine\n|-end|p2a: im crine|ability: Neutralizing Gas\n|-fieldstart|move: Electric Terrain|[from] ability: Hadron Engine|[of] p1a: Miraidon\n|\n|-weather|none\n|-damage|p1a: Miraidon|51/100 psn|[from] psn\n|-damage|p1b: Ursaluna|19/100 psn|[from] psn\n|upkeep\n|turn|6\n|\n|t:|1770962454\n|move|p2b: Rice Shower|Astral Barrage|p1b: Ursaluna|[spread] p1a\n|-immune|p1b: Ursaluna\n|-crit|p1a: Miraidon\n|-damage|p1a: Miraidon|12/100 psn\n|move|p1a: Miraidon|Snarl|p2b: Rice Shower\n|-supereffective|p2b: Rice Shower\n|-damage|p2b: Rice Shower|41/100\n|-unboost|p2b: Rice Shower|spa|1\n|move|p1b: Ursaluna|Headlong Rush|p2b: Rice Shower\n|-damage|p2b: Rice Shower|0 fnt\n|-unboost|p1b: Ursaluna|def|1\n|-unboost|p1b: Ursaluna|spd|1\n|faint|p2b: Rice Shower\n|\n|win|alzombie\n|raw|alzombie's rating: 1473 &rarr; <strong>1498</strong><br />(+25 for winning)\n|raw|TheManOfSausage's rating: 1565 &rarr; <strong>1540</strong><br />(-25 for losing)\n|c|\u2606TheManOfSausage|gg\n|l| ConnerTEP\n|l|\u2606TheManOfSausage\n|player|p2|\n|l|\u2606alzombie\n|player|p1|\n","uploadtime":1770962622,"views":36,"formatid":"gen9vgc2026regi","rating":1498,"private":0,"password":null}