{"id":"gen9vgc2026regi-2575079258","format":"[Gen 9] VGC 2026 Reg I","players":["jonen","manofcream"],"log":"|j|\u2606jonen\n|j|\u2606manofcream\n|t:|1775316983\n|gametype|doubles\n|player|p1|jonen|medium|1570\n|player|p2|manofcream|swimmer|1546\n|gen|9\n|tier|[Gen 9] VGC 2026 Reg I\n|rated|\n|rule|Species Clause: Limit one of each Pok\u00e9mon\n|rule|Item Clause: Limit 1 of each item\n|clearpoke\n|poke|p1|Groudon, L50|\n|poke|p1|Lunala, L50|\n|poke|p1|Sableye, L50, M|\n|poke|p1|Chi-Yu, L50|\n|poke|p1|Rillaboom, L50, M|\n|poke|p1|Jumpluff, L50, M|\n|poke|p2|Incineroar, L50, F|\n|poke|p2|Whimsicott, L50, M|\n|poke|p2|Calyrex-Ice, L50|\n|poke|p2|Miraidon, L50|\n|poke|p2|Urshifu-*, L50, M|\n|poke|p2|Ursaluna, L50, F|\n|teampreview|4\n|j| CrazyyBoi\n|\n|t:|1775317041\n|teamsize|p1|4\n|teamsize|p2|4\n|start\n|switch|p1a: Groudon|Groudon, L50|100/100\n|switch|p1b: Sableye|Sableye, L50, M|100/100\n|switch|p2a: Incineroar|Incineroar, L50, F|100/100\n|switch|p2b: Urshifu|Urshifu-Rapid-Strike, L50, M|100/100\n|-weather|SunnyDay|[from] ability: Drought|[of] p1a: Groudon\n|-ability|p2a: Incineroar|Intimidate|boost\n|-fail|p1a: Groudon|unboost|[from] item: Clear Amulet|[of] p1a: Groudon\n|-unboost|p1b: Sableye|atk|1\n|turn|1\n|\n|t:|1775317058\n|move|p2a: Incineroar|Fake Out|p1a: Groudon\n|-damage|p1a: Groudon|93/100\n|move|p1b: Sableye|Gravity|p1b: Sableye\n|-fieldstart|move: Gravity\n|cant|p1a: Groudon|flinch\n|move|p2b: Urshifu|Surging Strikes|p1a: Groudon\n|-supereffective|p1a: Groudon\n|-crit|p1a: Groudon\n|-damage|p1a: Groudon|72/100\n|-supereffective|p1a: Groudon\n|-crit|p1a: Groudon\n|-damage|p1a: Groudon|47/100\n|-supereffective|p1a: Groudon\n|-crit|p1a: Groudon\n|-damage|p1a: Groudon|22/100\n|-hitcount|p1a: Groudon|3\n|\n|-weather|SunnyDay|[upkeep]\n|upkeep\n|turn|2\n|\n|t:|1775317111\n|move|p1b: Sableye|Disable|p2b: Urshifu\n|-start|p2b: Urshifu|Disable|Surging Strikes\n|move|p1a: Groudon|Precipice Blades|p2a: Incineroar|[spread] p2a,p2b\n|-supereffective|p2a: Incineroar\n|-crit|p2b: Urshifu\n|-damage|p2a: Incineroar|10/100\n|-damage|p2b: Urshifu|21/100\n|cant|p2b: Urshifu|Disable|Surging Strikes\n|move|p2a: Incineroar|Knock Off|p1a: Groudon\n|-damage|p1a: Groudon|0 fnt\n|-enditem|p1a: Groudon|Clear Amulet|[from] move: Knock Off|[of] p2a: Incineroar\n|faint|p1a: Groudon\n|\n|-weather|SunnyDay|[upkeep]\n|upkeep\n|\n|t:|1775317122\n|switch|p1a: Lunala|Lunala, L50|100/100\n|turn|3\n|\n|t:|1775317136\n|switch|p2b: Miraidon|Miraidon, L50|100/100\n|-fieldstart|move: Electric Terrain|[from] ability: Hadron Engine|[of] p2b: Miraidon\n|move|p1a: Lunala|Moonblast|p2a: Incineroar\n|-damage|p2a: Incineroar|0 fnt\n|faint|p2a: Incineroar\n|move|p1b: Sableye|Foul Play|p2b: Miraidon\n|-damage|p2b: Miraidon|78/100\n|\n|-weather|SunnyDay|[upkeep]\n|upkeep\n|\n|t:|1775317158\n|switch|p2a: Calyrex|Calyrex-Ice, L50|100/100\n|-ability|p2a: Calyrex|As One\n|-ability|p2a: Calyrex|Unnerve\n|turn|4\n|\n|t:|1775317182\n|-terastallize|p1a: Lunala|Fairy\n|-terastallize|p2a: Calyrex|Water\n|move|p2b: Miraidon|Volt Switch|p1b: Sableye\n|-enditem|p1b: Sableye|Focus Sash\n|-damage|p1b: Sableye|1/100\n|\n|t:|1775317187\n|switch|p2b: Urshifu|Urshifu-Rapid-Strike, L50, M|21/100|[from] Volt Switch\n|move|p1a: Lunala|Moonblast|p2b: Urshifu\n|-supereffective|p2b: Urshifu\n|-damage|p2b: Urshifu|0 fnt\n|faint|p2b: Urshifu\n|move|p2a: Calyrex|Leech Seed|p1a: Lunala\n|-start|p1a: Lunala|move: Leech Seed\n|move|p1b: Sableye|Foul Play|p2a: Calyrex\n|-damage|p2a: Calyrex|65/100\n|\n|-weather|SunnyDay|[upkeep]\n|-damage|p1a: Lunala|88/100|[from] Leech Seed|[of] p2a: Calyrex\n|-heal|p2a: Calyrex|79/100|[silent]\n|upkeep\n|\n|t:|1775317195\n|switch|p2b: Miraidon|Miraidon, L50|78/100\n|-activate|p2b: Miraidon|ability: Hadron Engine\n|turn|5\n|\n|t:|1775317208\n|switch|p1a: Rillaboom|Rillaboom, L50, M|100/100\n|-fieldstart|move: Grassy Terrain|[from] ability: Grassy Surge|[of] p1a: Rillaboom\n|move|p1b: Sableye|Encore|p2a: Calyrex\n|-start|p2a: Calyrex|Encore\n|move|p2b: Miraidon|Electro Drift|p1a: Rillaboom\n|-resisted|p1a: Rillaboom\n|-damage|p1a: Rillaboom|85/100\n|move|p2a: Calyrex|Leech Seed|p1b: Sableye\n|-start|p1b: Sableye|move: Leech Seed\n|\n|-weather|none\n|-heal|p2b: Miraidon|84/100|[from] Grassy Terrain\n|-heal|p1a: Rillaboom|91/100|[from] Grassy Terrain\n|-heal|p2a: Calyrex|84/100|[from] Grassy Terrain\n|-heal|p1b: Sableye|7/100|[from] Grassy Terrain\n|-damage|p1b: Sableye|0 fnt|[from] Leech Seed|[of] p2a: Calyrex\n|-heal|p2a: Calyrex|89/100|[silent]\n|faint|p1b: Sableye\n|-fieldend|move: Gravity\n|upkeep\n|\n|t:|1775317219\n|switch|p1b: Lunala|Lunala, L50, tera:Fairy|88/100\n|turn|6\n|\n|t:|1775317225\n|move|p2b: Miraidon|Electro Drift|p1b: Lunala\n|-damage|p1b: Lunala|46/100\n|move|p1b: Lunala|Moonblast|p2b: Miraidon\n|-supereffective|p2b: Miraidon\n|-damage|p2b: Miraidon|27/100\n|-unboost|p2b: Miraidon|spa|1\n|move|p1a: Rillaboom|Wood Hammer|p2a: Calyrex\n|-supereffective|p2a: Calyrex\n|-damage|p2a: Calyrex|0 fnt\n|faint|p2a: Calyrex\n|-damage|p1a: Rillaboom|61/100|[from] Recoil\n|\n|-heal|p2b: Miraidon|33/100|[from] Grassy Terrain\n|-heal|p1b: Lunala|52/100|[from] Grassy Terrain\n|-heal|p1b: Lunala|59/100|[from] item: Leftovers\n|-heal|p1a: Rillaboom|67/100|[from] Grassy Terrain\n|upkeep\n|turn|7\n|-message|manofcream forfeited.\n|\n|win|jonen\n|raw|jonen's rating: 1570 &rarr; <strong>1589</strong><br />(+19 for winning)\n|raw|manofcream's rating: 1546 &rarr; <strong>1527</strong><br />(-19 for losing)\n","uploadtime":1775317232,"views":15,"formatid":"gen9vgc2026regi","rating":1527,"private":0,"password":null}