{"id":"gen9vgc2026regi-2560972987","format":"[Gen 9] VGC 2026 Reg I","players":["Jonen","pzyxhic"],"log":"|j|\u2606Jonen\n|j|\u2606pzyxhic\n|t:|1773753608\n|gametype|doubles\n|player|p1|Jonen|hiker-gen4|1378\n|player|p2|pzyxhic|170|1333\n|gen|9\n|tier|[Gen 9] VGC 2026 Reg I\n|rated|\n|rule|Species Clause: Limit one of each Pok\u00e9mon\n|rule|Item Clause: Limit 1 of each item\n|clearpoke\n|poke|p1|Groudon, L50|\n|poke|p1|Lunala, L50|\n|poke|p1|Sableye, L50, F|\n|poke|p1|Chi-Yu, L50|\n|poke|p1|Rillaboom, L50, M|\n|poke|p1|Jumpluff, L50, F|\n|poke|p2|Terapagos, L50, M|\n|poke|p2|Gothitelle, L50, F|\n|poke|p2|Urshifu-*, L50, F|\n|poke|p2|Incineroar, L50, F|\n|poke|p2|Calyrex-Shadow, L50|\n|poke|p2|Whimsicott, L50, F|\n|teampreview|4\n|\n|t:|1773753700\n|teamsize|p1|4\n|teamsize|p2|4\n|start\n|switch|p1a: Groudon|Groudon, L50|100/100\n|switch|p1b: Jumpluff|Jumpluff, L50, F|100/100\n|switch|p2a: Urshifu|Urshifu-Rapid-Strike, L50, F|100/100\n|switch|p2b: Whimsicott|Whimsicott, L50, F|100/100\n|-weather|SunnyDay|[from] ability: Drought|[of] p1a: Groudon\n|turn|1\n|\n|t:|1773753721\n|move|p2b: Whimsicott|Tailwind|p2b: Whimsicott\n|-sidestart|p2: pzyxhic|move: Tailwind\n|move|p2a: Urshifu|Surging Strikes|p1a: Groudon\n|-supereffective|p1a: Groudon\n|-crit|p1a: Groudon\n|-damage|p1a: Groudon|86/100\n|-supereffective|p1a: Groudon\n|-crit|p1a: Groudon\n|-damage|p1a: Groudon|71/100\n|-supereffective|p1a: Groudon\n|-crit|p1a: Groudon\n|-damage|p1a: Groudon|57/100\n|-hitcount|p1a: Groudon|3\n|move|p1b: Jumpluff|Tailwind|p1b: Jumpluff\n|-sidestart|p1: Jonen|move: Tailwind\n|move|p1a: Groudon|Precipice Blades|p2b: Whimsicott|[spread] p2b\n|-miss|p1a: Groudon|p2a: Urshifu\n|-resisted|p2b: Whimsicott\n|-damage|p2b: Whimsicott|63/100\n|-damage|p1a: Groudon|47/100|[from] item: Life Orb\n|\n|-weather|SunnyDay|[upkeep]\n|upkeep\n|turn|2\n|\n|t:|1773753744\n|-terastallize|p1b: Jumpluff|Dark\n|move|p2b: Whimsicott|Encore|p1b: Jumpluff\n|-hint|Since gen 7, Dark is immune to Prankster moves.\n|-immune|p1b: Jumpluff\n|move|p1b: Jumpluff|Sleep Powder|p2a: Urshifu\n|-status|p2a: Urshifu|slp|[from] move: Sleep Powder\n|cant|p2a: Urshifu|slp\n|move|p1a: Groudon|Heat Crash|p2b: Whimsicott\n|-supereffective|p2b: Whimsicott\n|-damage|p2b: Whimsicott|0 fnt\n|faint|p2b: Whimsicott\n|-damage|p1a: Groudon|38/100|[from] item: Life Orb\n|\n|-weather|SunnyDay|[upkeep]\n|upkeep\n|\n|t:|1773753760\n|switch|p2b: Terapagos|Terapagos, L50, M|100/100\n|-activate|p2b: Terapagos|ability: Tera Shift\n|detailschange|p2b: Terapagos|Terapagos-Terastal, L50, M\n|-heal|p2b: Terapagos|100/100|[silent]\n|turn|3\n|\n|t:|1773753784\n|-terastallize|p2b: Terapagos|Stellar\n|detailschange|p2b: Terapagos|Terapagos-Stellar, L50, M, tera:Stellar\n|-heal|p2b: Terapagos|100/100|[silent]\n|-ability|p2b: Terapagos|Teraform Zero\n|-weather|none\n|cant|p2a: Urshifu|slp\n|move|p1b: Jumpluff|Sleep Powder|p2b: Terapagos|[miss]\n|-miss|p1b: Jumpluff|p2b: Terapagos\n|move|p1a: Groudon|Precipice Blades|p2a: Urshifu|[spread] p2a,p2b\n|-damage|p2a: Urshifu|36/100 slp\n|-damage|p2b: Terapagos|54/100\n|-damage|p1a: Groudon|28/100|[from] item: Life Orb\n|move|p2b: Terapagos|Tera Starstorm|p1b: Jumpluff|[spread] p1a,p1b\n|-supereffective|p1b: Jumpluff\n|-damage|p1a: Groudon|0 fnt\n|-damage|p1b: Jumpluff|0 fnt\n|faint|p1a: Groudon\n|faint|p1b: Jumpluff\n|\n|upkeep\n|\n|t:|1773753795\n|switch|p1b: Lunala|Lunala, L50|100/100\n|switch|p1a: Chi-Yu|Chi-Yu, L50|100/100\n|-ability|p1a: Chi-Yu|Beads of Ruin\n|turn|4\n|\n|t:|1773753811\n|move|p1a: Chi-Yu|Dark Pulse|p2b: Terapagos\n|-crit|p2b: Terapagos\n|-damage|p2b: Terapagos|0 fnt\n|faint|p2b: Terapagos\n|detailschange|p2: Terapagos|Terapagos, L50, M|[silent]\n|-curestatus|p2a: Urshifu|slp|[msg]\n|move|p2a: Urshifu|Surging Strikes|p1a: Chi-Yu\n|-supereffective|p1a: Chi-Yu\n|-crit|p1a: Chi-Yu\n|-damage|p1a: Chi-Yu|22/100\n|-supereffective|p1a: Chi-Yu\n|-crit|p1a: Chi-Yu\n|-damage|p1a: Chi-Yu|0 fnt\n|faint|p1a: Chi-Yu\n|-hitcount|p1: Chi-Yu|2\n|move|p1b: Lunala|Moongeist Beam|p2a: Urshifu\n|-damage|p2a: Urshifu|0 fnt\n|faint|p2a: Urshifu\n|\n|-sideend|p1: Jonen|move: Tailwind\n|-sideend|p2: pzyxhic|move: Tailwind\n|upkeep\n|\n|t:|1773753832\n|switch|p2b: Calyrex|Calyrex-Shadow, L50|100/100\n|-ability|p2b: Calyrex|As One\n|-ability|p2b: Calyrex|Unnerve\n|turn|5\n|\n|t:|1773753839\n|move|p2b: Calyrex|Astral Barrage|p1b: Lunala\n|-supereffective|p1b: Lunala\n|-damage|p1b: Lunala|0 fnt\n|faint|p1b: Lunala\n|\n|win|pzyxhic\n|raw|Jonen's rating: 1378 &rarr; <strong>1355</strong><br />(-23 for losing)\n|raw|pzyxhic's rating: 1333 &rarr; <strong>1356</strong><br />(+23 for winning)\n","uploadtime":1773753839,"views":13,"formatid":"gen9vgc2026regi","rating":1355,"private":0,"password":null}