{"id":"gen9vgc2026regi-2567778691","format":"[Gen 9] VGC 2026 Reg I","players":["Kao Liang","4Test4"],"log":"|j|\u2606Kao Liang\n|j|\u26064Test4\n|t:|1774518668\n|gametype|doubles\n|player|p1|Kao Liang|kieran-champion|1282\n|player|p2|4Test4|blue|1331\n|gen|9\n|tier|[Gen 9] VGC 2026 Reg I\n|rated|\n|rule|Species Clause: Limit one of each Pok\u00e9mon\n|rule|Item Clause: Limit 1 of each item\n|clearpoke\n|poke|p1|Koraidon, L50|\n|poke|p1|Lunala, L50|\n|poke|p1|Flutter Mane, L50|\n|poke|p1|Chi-Yu, L50|\n|poke|p1|Brute Bonnet, L50|\n|poke|p1|Ursaluna, L50, F|\n|poke|p2|Koraidon, L50|\n|poke|p2|Calyrex-Shadow, L50|\n|poke|p2|Brute Bonnet, L50|\n|poke|p2|Weezing-Galar, L50, F|\n|poke|p2|Talonflame, L50, F|\n|poke|p2|Hitmontop, L50, M|\n|teampreview|4\n|inactive|Battle timer is ON: inactive players will automatically lose when time's up. (requested by Kao Liang)\n|\n|t:|1774518690\n|teamsize|p1|4\n|teamsize|p2|4\n|start\n|switch|p1a: Chi-Yu|Chi-Yu, L50|100/100\n|switch|p1b: Brute Bonnet|Brute Bonnet, L50|100/100\n|switch|p2a: Grau!|Koraidon, L50|100/100\n|switch|p2b: Fuma\u00e7a!|Weezing-Galar, L50, F|100/100\n|-ability|p2b: Fuma\u00e7a!|Neutralizing Gas\n|-block|p2a: Grau!|item: Ability Shield\n|-weather|SunnyDay|[from] ability: Orichalcum Pulse|[of] p2a: Grau!\n|-activate|p2a: Grau!|Orichalcum Pulse|[source]\n|turn|1\n|\n|t:|1774518712\n|-terastallize|p1b: Brute Bonnet|Water\n|move|p2b: Fuma\u00e7a!|Protect|p2b: Fuma\u00e7a!\n|-singleturn|p2b: Fuma\u00e7a!|Protect\n|move|p1a: Chi-Yu|Overheat|p2b: Fuma\u00e7a!\n|-activate|p2b: Fuma\u00e7a!|move: Protect\n|move|p2a: Grau!|Close Combat|p1b: Brute Bonnet\n|-damage|p1b: Brute Bonnet|48/100\n|-unboost|p2a: Grau!|def|1\n|-unboost|p2a: Grau!|spd|1\n|-enditem|p1b: Brute Bonnet|Sitrus Berry|[eat]\n|-heal|p1b: Brute Bonnet|73/100|[from] item: Sitrus Berry\n|move|p1b: Brute Bonnet|Spore|p2a: Grau!\n|-status|p2a: Grau!|slp|[from] move: Spore\n|\n|-weather|SunnyDay|[upkeep]\n|upkeep\n|turn|2\n|\n|t:|1774518730\n|-end|p2b: Fuma\u00e7a!|ability: Neutralizing Gas\n|-ability|p1a: Chi-Yu|Beads of Ruin\n|-activate|p1b: Brute Bonnet|ability: Protosynthesis\n|-start|p1b: Brute Bonnet|protosynthesisdef\n|switch|p2b: Gavi\u00e3o!|Talonflame, L50, F|100/100\n|move|p1a: Chi-Yu|Overheat|p2b: Gavi\u00e3o!\n|-resisted|p2b: Gavi\u00e3o!\n|-damage|p2b: Gavi\u00e3o!|12/100\n|-unboost|p1a: Chi-Yu|spa|2\n|cant|p2a: Grau!|slp\n|move|p1b: Brute Bonnet|Spore|p2b: Gavi\u00e3o!\n|-status|p2b: Gavi\u00e3o!|slp|[from] move: Spore\n|\n|-weather|SunnyDay|[upkeep]\n|upkeep\n|turn|3\n|\n|t:|1774518747\n|switch|p1a: Koraidon|Koraidon, L50|100/100\n|-activate|p1a: Koraidon|ability: Orichalcum Pulse\n|move|p1b: Brute Bonnet|Rage Powder|p1b: Brute Bonnet\n|-singleturn|p1b: Brute Bonnet|move: Rage Powder\n|-curestatus|p2a: Grau!|slp|[msg]\n|move|p2a: Grau!|Close Combat|p1b: Brute Bonnet\n|-damage|p1b: Brute Bonnet|33/100\n|-unboost|p2a: Grau!|def|1\n|-unboost|p2a: Grau!|spd|1\n|cant|p2b: Gavi\u00e3o!|slp\n|\n|-weather|SunnyDay|[upkeep]\n|upkeep\n|turn|4\n|\n|t:|1774518770\n|move|p2a: Grau!|Protect|p2a: Grau!\n|-singleturn|p2a: Grau!|Protect\n|move|p1a: Koraidon|Flame Charge|p2b: Gavi\u00e3o!\n|-resisted|p2b: Gavi\u00e3o!\n|-damage|p2b: Gavi\u00e3o!|0 fnt\n|-boost|p1a: Koraidon|spe|1\n|faint|p2b: Gavi\u00e3o!\n|-damage|p1a: Koraidon|91/100|[from] item: Life Orb\n|move|p1b: Brute Bonnet|Spore|p2a: Grau!\n|-activate|p2a: Grau!|move: Protect\n|\n|-weather|SunnyDay|[upkeep]\n|upkeep\n|\n|t:|1774518777\n|switch|p2b: Pocot\u00f3!|Calyrex-Shadow, L50|100/100\n|-ability|p2b: Pocot\u00f3!|As One\n|-ability|p2b: Pocot\u00f3!|Unnerve\n|turn|5\n|\n|t:|1774518797\n|move|p1b: Brute Bonnet|Sucker Punch|p2b: Pocot\u00f3!\n|-supereffective|p2b: Pocot\u00f3!\n|-enditem|p2b: Pocot\u00f3!|Focus Sash\n|-damage|p2b: Pocot\u00f3!|1/100\n|move|p1a: Koraidon|Close Combat|p2a: Grau!\n|-damage|p2a: Grau!|0 fnt\n|-unboost|p1a: Koraidon|def|1\n|-unboost|p1a: Koraidon|spd|1\n|faint|p2a: Grau!\n|-damage|p1a: Koraidon|81/100|[from] item: Life Orb\n|move|p2b: Pocot\u00f3!|Psychic|p1a: Koraidon\n|-supereffective|p1a: Koraidon\n|-damage|p1a: Koraidon|0 fnt\n|faint|p1a: Koraidon\n|-ability|p2b: Pocot\u00f3!|Grim Neigh|boost\n|-boost|p2b: Pocot\u00f3!|spa|1\n|\n|-weather|none\n|-end|p1b: Brute Bonnet|Protosynthesis\n|upkeep\n|-message|4Test4 forfeited.\n|\n|win|Kao Liang\n|raw|Kao Liang's rating: 1282 &rarr; <strong>1311</strong><br />(+29 for winning)\n|raw|4Test4's rating: 1331 &rarr; <strong>1308</strong><br />(-23 for losing)\n|l|\u26064Test4\n|player|p2|\n","uploadtime":1774518813,"views":16,"formatid":"gen9vgc2026regi","rating":1308,"private":0,"password":null}