{"id":"gen9vgc2026regi-2573329495","format":"[Gen 9] VGC 2026 Reg I","players":["Tepig_nNz_498","TheManOfSausage"],"log":"|j|\u2606Tepig_nNz_498\n|j|\u2606TheManOfSausage\n|t:|1775122982\n|gametype|doubles\n|player|p1|Tepig_nNz_498|170|1444\n|player|p2|TheManOfSausage|miku-water|1665\n|gen|9\n|tier|[Gen 9] VGC 2026 Reg I\n|rated|\n|rule|Species Clause: Limit one of each Pok\u00e9mon\n|rule|Item Clause: Limit 1 of each item\n|clearpoke\n|poke|p1|Miraidon, L50|\n|poke|p1|Iron Bundle, L50|\n|poke|p1|Iron Hands, L50|\n|poke|p1|Farigiraf, L50, F|\n|poke|p1|Dialga-Origin, L50|\n|poke|p1|Ursaluna, L50, M|\n|poke|p2|Calyrex-Ice, L50|\n|poke|p2|Miraidon, L50|\n|poke|p2|Amoonguss, L50, F|\n|poke|p2|Incineroar, L50, M|\n|poke|p2|Urshifu-*, L50, M|\n|poke|p2|Landorus, L50, M|\n|teampreview|4\nTheManOfSausage has agreed to open team sheets.\n|\n|t:|1775122998\n|teamsize|p1|4\n|teamsize|p2|4\n|start\n|switch|p1a: Miraidon|Miraidon, L50|100/100\n|switch|p1b: Iron Bundle|Iron Bundle, L50|100/100\n|switch|p2a: Ogurin|Calyrex-Ice, L50|100/100\n|switch|p2b: Magical Mirai|Miraidon, L50|100/100\n|-ability|p2a: Ogurin|As One\n|-ability|p2a: Ogurin|Unnerve\n|-fieldstart|move: Electric Terrain|[from] ability: Hadron Engine|[of] p2b: Magical Mirai\n|-activate|p1b: Iron Bundle|ability: Quark Drive\n|-start|p1b: Iron Bundle|quarkdrivespe\n|-activate|p1a: Miraidon|ability: Hadron Engine\n|turn|1\n|\n|t:|1775123040\n|move|p1b: Iron Bundle|Icy Wind|p2a: Ogurin|[spread] p2a\n|-miss|p1b: Iron Bundle|p2b: Magical Mirai\n|-resisted|p2a: Ogurin\n|-damage|p2a: Ogurin|94/100\n|move|p2b: Magical Mirai|Volt Switch|p1b: Iron Bundle\n|-supereffective|p1b: Iron Bundle\n|-enditem|p1b: Iron Bundle|Focus Sash\n|-damage|p1b: Iron Bundle|1/100\n|\n|t:|1775123045\n|switch|p2b: Urshifu|Urshifu-Rapid-Strike, L50, M|100/100|[from] Volt Switch\n|move|p1a: Miraidon|Volt Switch|p2a: Ogurin\n|-damage|p2a: Ogurin|31/100\n|-damage|p1a: Miraidon|91/100|[from] item: Life Orb\n|\n|t:|1775123061\n|switch|p1a: Dialga|Dialga-Origin, L50|100/100|[from] Volt Switch\n|move|p2a: Ogurin|Glacial Lance|p1a: Dialga|[spread] p1a,p1b\n|-resisted|p1b: Iron Bundle\n|-damage|p1a: Dialga|53/100\n|-damage|p1b: Iron Bundle|0 fnt\n|faint|p1b: Iron Bundle\n|-end|p1b: Iron Bundle|Quark Drive|[silent]\n|-ability|p2a: Ogurin|Chilling Neigh|boost\n|-boost|p2a: Ogurin|atk|1\n|\n|upkeep\n|\n|t:|1775123072\n|switch|p1b: Miraidon|Miraidon, L50|91/100\n|-activate|p1b: Miraidon|ability: Hadron Engine\n|turn|2\n|\n|t:|1775123083\n|-terastallize|p1a: Dialga|Dragon\n|move|p2a: Ogurin|Protect|p2a: Ogurin\n|-singleturn|p2a: Ogurin|Protect\n|move|p1b: Miraidon|Discharge|p2b: Urshifu|[spread] p2b\n|-activate|p2a: Ogurin|move: Protect\n|-activate|p1a: Dialga|ability: Telepathy\n|-supereffective|p2b: Urshifu\n|-enditem|p2b: Urshifu|Focus Sash\n|-damage|p2b: Urshifu|1/100\n|-status|p2b: Urshifu|par\n|-damage|p1b: Miraidon|81/100|[from] item: Life Orb\n|move|p1a: Dialga|Dragon Pulse|p2b: Urshifu\n|-damage|p2b: Urshifu|0 fnt\n|faint|p2b: Urshifu\n|\n|upkeep\n|\n|t:|1775123093\n|switch|p2b: Magical Mirai|Miraidon, L50|100/100\n|-activate|p2b: Magical Mirai|ability: Hadron Engine\n|turn|3\n|j| ido1234567890\n|\n|t:|1775123110\n|switch|p2a: Landorus|Landorus, L50, M|100/100\n|-terastallize|p2b: Magical Mirai|Electric\n|move|p2b: Magical Mirai|Draco Meteor|p1b: Miraidon\n|-supereffective|p1b: Miraidon\n|-damage|p1b: Miraidon|0 fnt\n|-unboost|p2b: Magical Mirai|spa|2\n|faint|p1b: Miraidon\n|move|p1a: Dialga|Flash Cannon|p2b: Magical Mirai\n|-resisted|p2b: Magical Mirai\n|-damage|p2b: Magical Mirai|76/100\n|-unboost|p2b: Magical Mirai|spd|1\n|\n|upkeep\n|\n|t:|1775123121\n|switch|p1b: Iron Hands|Iron Hands, L50|100/100\n|-activate|p1b: Iron Hands|ability: Quark Drive\n|-start|p1b: Iron Hands|quarkdriveatk\n|turn|4\n|\n|t:|1775123129\n|move|p1b: Iron Hands|Fake Out|p2a: Landorus\n|-damage|p2a: Landorus|79/100\n|move|p2b: Magical Mirai|Draco Meteor|p1a: Dialga|[miss]\n|-miss|p2b: Magical Mirai|p1a: Dialga\n|cant|p2a: Landorus|flinch\n|move|p1a: Dialga|Dragon Pulse|p2a: Landorus\n|-damage|p2a: Landorus|0 fnt\n|faint|p2a: Landorus\n|\n|upkeep\n|\n|t:|1775123131\n|switch|p2a: Ogurin|Calyrex-Ice, L50|31/100\n|-ability|p2a: Ogurin|As One\n|-ability|p2a: Ogurin|Unnerve\n|turn|5\n|\n|t:|1775123139\n|move|p2a: Ogurin|Protect|p2a: Ogurin\n|-singleturn|p2a: Ogurin|Protect\n|move|p2b: Magical Mirai|Draco Meteor|p1a: Dialga\n|-supereffective|p1a: Dialga\n|-damage|p1a: Dialga|0 fnt\n|-unboost|p2b: Magical Mirai|spa|2\n|faint|p1a: Dialga\n|move|p1b: Iron Hands|Low Kick|p2b: Magical Mirai\n|-damage|p2b: Magical Mirai|0 fnt\n|faint|p2b: Magical Mirai\n|\n|-fieldend|move: Electric Terrain\n|-end|p1b: Iron Hands|Quark Drive\n|upkeep\n|turn|6\n|\n|t:|1775123144\n|move|p1b: Iron Hands|Low Kick|p2a: Ogurin\n|-damage|p2a: Ogurin|0 fnt\n|faint|p2a: Ogurin\n|\n|win|Tepig_nNz_498\n|raw|Tepig_nNz_498's rating: 1444 &rarr; <strong>1475</strong><br />(+31 for winning)\n|raw|TheManOfSausage's rating: 1665 &rarr; <strong>1634</strong><br />(-31 for losing)\n|l|\u2606TheManOfSausage\n|player|p2|\n|l|\u2606Tepig_nNz_498\n|player|p1|\n|l| ido1234567890\n","uploadtime":1775123332,"views":16,"formatid":"gen9vgc2026regi","rating":1475,"private":0,"password":null}