{"id":"gen9vgc2026regi-2567689795","format":"[Gen 9] VGC 2026 Reg I","players":["caioll9","clefci"],"log":"|j|\u2606caioll9\n|j|\u2606clefci\n|t:|1774504415\n|gametype|doubles\n|player|p1|caioll9|265|1291\n|player|p2|clefci|102|1332\n|gen|9\n|tier|[Gen 9] VGC 2026 Reg I\n|rated|\n|rule|Species Clause: Limit one of each Pok\u00e9mon\n|rule|Item Clause: Limit 1 of each item\n|clearpoke\n|poke|p1|Incineroar, L50, M|\n|poke|p1|Landorus, L50, M|\n|poke|p1|Calyrex-Shadow, L50|\n|poke|p1|Koraidon, L50|\n|poke|p1|Brute Bonnet, L50|\n|poke|p1|Raging Bolt, L50|\n|poke|p2|Groudon, L50|\n|poke|p2|Lunala, L50|\n|poke|p2|Flutter Mane, L50|\n|poke|p2|Gouging Fire, L50|\n|poke|p2|Jumpluff, L50, F|\n|poke|p2|Raging Bolt, L50|\n|teampreview|4\n|inactive|Battle timer is ON: inactive players will automatically lose when time's up. (requested by clefci)\n|\n|t:|1774504443\n|teamsize|p1|4\n|teamsize|p2|4\n|start\n|switch|p1a: Navjit|Landorus, L50, M|100/100\n|switch|p1b: Wacka|Brute Bonnet, L50|100/100\n|switch|p2a: Groudon|Groudon, L50|100/100\n|switch|p2b: Flutter Mane|Flutter Mane, L50|100/100\n|-weather|SunnyDay|[from] ability: Drought|[of] p2a: Groudon\n|-activate|p2b: Flutter Mane|ability: Protosynthesis\n|-start|p2b: Flutter Mane|protosynthesisspe\n|-activate|p1b: Wacka|ability: Protosynthesis\n|-start|p1b: Wacka|protosynthesisdef\n|turn|1\n|\n|t:|1774504464\n|-terastallize|p1b: Wacka|Water\n|move|p2b: Flutter Mane|Taunt|p1b: Wacka\n|-start|p1b: Wacka|move: Taunt\n|move|p2a: Groudon|Heat Crash|p1a: Navjit\n|-damage|p1a: Navjit|31/100\n|move|p1a: Navjit|Sludge Bomb|p2b: Flutter Mane\n|-damage|p2b: Flutter Mane|58/100\n|cant|p1b: Wacka|move: Taunt|Spore\n|\n|-weather|SunnyDay|[upkeep]\n|upkeep\n|turn|2\n|inactive|caioll9 has 30 seconds left.\n|\n|t:|1774504494\n|move|p2b: Flutter Mane|Icy Wind|p1b: Wacka|[spread] p1b\n|-miss|p2b: Flutter Mane|p1a: Navjit\n|-resisted|p1b: Wacka\n|-damage|p1b: Wacka|96/100\n|move|p2a: Groudon|Precipice Blades|p1b: Wacka|[spread] p1b\n|-immune|p1a: Navjit\n|-damage|p1b: Wacka|75/100\n|move|p1a: Navjit|Sludge Bomb|p2b: Flutter Mane\n|-damage|p2b: Flutter Mane|13/100\n|-enditem|p2b: Flutter Mane|Sitrus Berry|[eat]\n|-heal|p2b: Flutter Mane|38/100|[from] item: Sitrus Berry\n|move|p1b: Wacka|Seed Bomb|p2a: Groudon\n|-supereffective|p2a: Groudon\n|-damage|p2a: Groudon|56/100\n|\n|-weather|SunnyDay|[upkeep]\n|upkeep\n|turn|3\n|\n|t:|1774504518\n|move|p2b: Flutter Mane|Moonblast|p1b: Wacka\n|-damage|p1b: Wacka|36/100\n|move|p2a: Groudon|Heat Crash|p1a: Navjit\n|-damage|p1a: Navjit|0 fnt\n|faint|p1a: Navjit\n|move|p1b: Wacka|Seed Bomb|p2a: Groudon\n|-supereffective|p2a: Groudon\n|-damage|p2a: Groudon|7/100\n|\n|-weather|SunnyDay|[upkeep]\n|-end|p1b: Wacka|move: Taunt\n|upkeep\n|\n|t:|1774504530\n|switch|p1a: Mao & Agati|Calyrex-Shadow, L50|100/100\n|-ability|p1a: Mao & Agati|As One\n|-ability|p1a: Mao & Agati|Unnerve\n|turn|4\n|\n|t:|1774504544\n|switch|p2a: Jumpluff|Jumpluff, L50, F|100/100\n|move|p1a: Mao & Agati|Protect|p1a: Mao & Agati\n|-singleturn|p1a: Mao & Agati|Protect\n|move|p1b: Wacka|Sucker Punch||[still]\n|-fail|p1b: Wacka\n|move|p2b: Flutter Mane|Taunt|p1b: Wacka\n|-start|p1b: Wacka|move: Taunt\n|\n|-weather|SunnyDay|[upkeep]\n|upkeep\n|turn|5\n|inactive|caioll9 has 30 seconds left.\n|inactive|caioll9 has 20 seconds left.\n|\n|t:|1774504581\n|switch|p1a: Matthias|Koraidon, L50|100/100\n|-activate|p1a: Matthias|ability: Orichalcum Pulse\n|move|p1b: Wacka|Sucker Punch|p2b: Flutter Mane\n|-crit|p2b: Flutter Mane\n|-damage|p2b: Flutter Mane|0 fnt\n|faint|p2b: Flutter Mane\n|-end|p2b: Flutter Mane|Protosynthesis|[silent]\n|move|p2a: Jumpluff|Sleep Powder|p1a: Matthias\n|-status|p1a: Matthias|slp|[from] move: Sleep Powder\n|\n|-weather|none\n|-end|p1b: Wacka|Protosynthesis\n|upkeep\n|\n|t:|1774504591\n|switch|p2b: Lunala|Lunala, L50|100/100\n|turn|6\n|inactive|caioll9 has 30 seconds left.\n|\n|t:|1774504618\n|-terastallize|p2b: Lunala|Fairy\n|move|p1b: Wacka|Sucker Punch|p2b: Lunala\n|-resisted|p2b: Lunala\n|-damage|p2b: Lunala|95/100\n|cant|p1a: Matthias|slp\n|move|p2a: Jumpluff|Tailwind|p2a: Jumpluff\n|-sidestart|p2: clefci|move: Tailwind\n|move|p2b: Lunala|Dazzling Gleam|p1b: Wacka|[spread] p1a,p1b\n|-supereffective|p1a: Matthias\n|-damage|p1a: Matthias|0 fnt\n|-damage|p1b: Wacka|0 fnt\n|faint|p1a: Matthias\n|faint|p1b: Wacka\n|-end|p1b: Wacka|Protosynthesis|[silent]\n|\n|upkeep\n|-message|caioll9 forfeited.\n|\n|win|clefci\n|raw|caioll9's rating: 1291 &rarr; <strong>1269</strong><br />(-22 for losing)\n|raw|clefci's rating: 1332 &rarr; <strong>1350</strong><br />(+18 for winning)\n|l|\u2606caioll9\n|player|p1|\n|l|\u2606clefci\n|player|p2|\n","uploadtime":1774504897,"views":14,"formatid":"gen9vgc2026regi","rating":1269,"private":0,"password":null}