{"id":"gen9vgc2026regi-2563802458","format":"[Gen 9] VGC 2026 Reg I","players":["Reflect3300","1VLTSQ Joker"],"log":"|raw|<div class=\"broadcast-blue\"><strong>This battle is required to be public due to a player having a name starting with '1vltsq'.</div>\n|j|\u2606Reflect3300\n|j|\u26061VLTSQ Joker\n|t:|1774064185\n|gametype|doubles\n|player|p1|Reflect3300|acetrainerf|1587\n|player|p2|1VLTSQ Joker|blue|1541\n|gen|9\n|tier|[Gen 9] VGC 2026 Reg I\n|rated|\n|rule|Species Clause: Limit one of each Pok\u00e9mon\n|rule|Item Clause: Limit 1 of each item\n|clearpoke\n|poke|p1|Miraidon, L50|\n|poke|p1|Zamazenta-*, L50|\n|poke|p1|Chien-Pao, L50|\n|poke|p1|Rillaboom, L50, F|\n|poke|p1|Volcarona, L50, F|\n|poke|p1|Dragonite, L50, F|\n|poke|p2|Calyrex-Ice, L50|\n|poke|p2|Smeargle, L50, M|\n|poke|p2|Kyogre, L50|\n|poke|p2|Maushold, L50|\n|poke|p2|Volcarona, L50, F|\n|poke|p2|Chesnaught, L50, F|\n|teampreview|4\n|\n|t:|1774064210\n|teamsize|p1|4\n|teamsize|p2|4\n|start\n|switch|p1a: Miraidon|Miraidon, L50|100/100\n|switch|p1b: Zamazenta|Zamazenta-Crowned, L50|100/100\n|switch|p2a: Calyrex|Calyrex-Ice, L50|100/100\n|switch|p2b: Smeargle|Smeargle, L50, M|100/100\n|-ability|p2a: Calyrex|As One\n|-ability|p2a: Calyrex|Unnerve\n|-fieldstart|move: Electric Terrain|[from] ability: Hadron Engine|[of] p1a: Miraidon\n|-ability|p1b: Zamazenta|Dauntless Shield|boost\n|-boost|p1b: Zamazenta|def|1\n|turn|1\n|\n|t:|1774064220\n|-terastallize|p2a: Calyrex|Grass\n|move|p2b: Smeargle|Fake Out|p1a: Miraidon\n|-damage|p1a: Miraidon|95/100\n|cant|p1a: Miraidon|flinch\n|move|p1b: Zamazenta|Body Press|p2b: Smeargle\n|-supereffective|p2b: Smeargle\n|-enditem|p2b: Smeargle|Focus Sash\n|-damage|p2b: Smeargle|1/100\n|move|p2a: Calyrex|Glacial Lance|p1b: Zamazenta|[spread] p1a,p1b\n|-supereffective|p1a: Miraidon\n|-resisted|p1b: Zamazenta\n|-damage|p1a: Miraidon|0 fnt\n|-damage|p1b: Zamazenta|90/100\n|faint|p1a: Miraidon\n|-ability|p2a: Calyrex|Chilling Neigh|boost\n|-boost|p2a: Calyrex|atk|1\n|\n|-ability|p2b: Smeargle|Moody|boost\n|-boost|p2b: Smeargle|atk|2\n|-unboost|p2b: Smeargle|spa|1\n|upkeep\n|\n|t:|1774064237\n|switch|p1a: Chien-Pao|Chien-Pao, L50|100/100\n|-ability|p1a: Chien-Pao|Sword of Ruin\n|turn|2\n|l|\u2606Reflect3300\n|player|p1|\n|\n|t:|1774064269\n|move|p2b: Smeargle|Follow Me|p2b: Smeargle\n|-singleturn|p2b: Smeargle|move: Follow Me\n|move|p1a: Chien-Pao|Icicle Crash|p2b: Smeargle\n|-damage|p2b: Smeargle|0 fnt\n|faint|p2b: Smeargle\n|move|p1b: Zamazenta|Body Press|p2a: Calyrex\n|-damage|p2a: Calyrex|39/100\n|move|p2a: Calyrex|Seed Bomb|p1a: Chien-Pao\n|-damage|p1a: Chien-Pao|2/100\n|\n|upkeep\n|\n|t:|1774064273\n|switch|p2b: Volcarona|Volcarona, L50, F|100/100\n|turn|3\n|j|\u2606Reflect3300\n|player|p1|Reflect3300|acetrainerf|\n|inactive|Battle timer is ON: inactive players will automatically lose when time's up. (requested by 1VLTSQ Joker)\n|\n|t:|1774064297\n|move|p2b: Volcarona|Rage Powder|p2b: Volcarona\n|-singleturn|p2b: Volcarona|move: Rage Powder\n|move|p1a: Chien-Pao|Crunch|p2b: Volcarona\n|-damage|p2b: Volcarona|58/100\n|-damage|p1a: Chien-Pao|0 fnt|[from] item: Rocky Helmet|[of] p2b: Volcarona\n|faint|p1a: Chien-Pao\n|move|p1b: Zamazenta|Body Press|p2b: Volcarona\n|-resisted|p2b: Volcarona\n|-damage|p2b: Volcarona|27/100\n|-damage|p1b: Zamazenta|74/100|[from] item: Rocky Helmet|[of] p2b: Volcarona\n|move|p2a: Calyrex|High Horsepower|p1b: Zamazenta\n|-supereffective|p1b: Zamazenta\n|-damage|p1b: Zamazenta|24/100\n|\n|upkeep\n|\n|t:|1774064306\n|switch|p1a: Dragonite|Dragonite, L50, F|100/100\n|turn|4\n|\n|t:|1774064319\n|-terastallize|p1a: Dragonite|Normal\n|move|p2b: Volcarona|Rage Powder|p2b: Volcarona\n|-singleturn|p2b: Volcarona|move: Rage Powder\n|move|p1a: Dragonite|Extreme Speed|p2b: Volcarona\n|-damage|p2b: Volcarona|0 fnt\n|-damage|p1a: Dragonite|84/100|[from] item: Rocky Helmet|[of] p2b: Volcarona\n|faint|p2b: Volcarona\n|-damage|p1a: Dragonite|75/100|[from] item: Life Orb\n|move|p1b: Zamazenta|Body Press|p2a: Calyrex\n|-damage|p2a: Calyrex|0 fnt\n|faint|p2a: Calyrex\n|\n|upkeep\n|\n|t:|1774064331\n|switch|p2a: Kyogre|Kyogre, L50|100/100\n|-weather|RainDance|[from] ability: Drizzle|[of] p2a: Kyogre\n|turn|5\n|\n|t:|1774064337\n|move|p1b: Zamazenta|Protect|p1b: Zamazenta\n|-singleturn|p1b: Zamazenta|Protect\n|move|p1a: Dragonite|Extreme Speed|p2a: Kyogre\n|-damage|p2a: Kyogre|28/100\n|-damage|p1a: Dragonite|65/100|[from] item: Life Orb\n|move|p2a: Kyogre|Origin Pulse|p1b: Zamazenta|[spread] p1a\n|-activate|p1b: Zamazenta|move: Protect\n|-damage|p1a: Dragonite|0 fnt\n|faint|p1a: Dragonite\n|\n|-weather|RainDance|[upkeep]\n|-fieldend|move: Electric Terrain\n|upkeep\n|turn|6\n|\n|t:|1774064348\n|move|p2a: Kyogre|Origin Pulse|p1b: Zamazenta\n|-damage|p1b: Zamazenta|0 fnt\n|faint|p1b: Zamazenta\n|\n|win|1VLTSQ Joker\n|raw|Reflect3300's rating: 1587 &rarr; <strong>1564</strong><br />(-23 for losing)\n|raw|1VLTSQ Joker's rating: 1541 &rarr; <strong>1564</strong><br />(+23 for winning)\n|l|\u2606Reflect3300\n|player|p1|\n|l|\u26061VLTSQ Joker\n|player|p2|\n","uploadtime":1774064509,"views":37,"formatid":"gen9vgc2026regi","rating":1564,"private":0,"password":null}