{"id":"gen9vgc2026regi-2519124387","format":"[Gen 9] VGC 2026 Reg I","players":["dasabe\u76d6\u6b27\u5361\u4fa0","Alex Sotos fan"],"log":"|j|\u2606dasabe\u76d6\u6b27\u5361\u4fa0\n|j|\u2606Alex Sotos fan\n|t:|1768472026\n|gametype|doubles\n|player|p1|dasabe\u76d6\u6b27\u5361\u4fa0|may-masters4|1435\n|player|p2|Alex Sotos fan|169|1326\n|gen|9\n|tier|[Gen 9] VGC 2026 Reg I\n|rated|\n|rule|Species Clause: Limit one of each Pok\u00e9mon\n|rule|Item Clause: Limit 1 of each item\n|clearpoke\n|poke|p1|Groudon, L50|\n|poke|p1|Chi-Yu, L50|\n|poke|p1|Flutter Mane, L50|\n|poke|p1|Jumpluff, L50, F|\n|poke|p1|Lunala, L50|\n|poke|p1|Indeedee-F, L50, F|\n|poke|p2|Miraidon, L50|\n|poke|p2|Lunala, L50|\n|poke|p2|Ursaluna, L50, F|\n|poke|p2|Urshifu-*, L50, F|\n|poke|p2|Incineroar, L50, F|\n|poke|p2|Whimsicott, L50, F|\n|teampreview|4\n|inactive|Battle timer is ON: inactive players will automatically lose when time's up. (requested by Alex Sotos fan)\n|j| TTTAAATTT00\n|\n|t:|1768472043\n|teamsize|p1|4\n|teamsize|p2|4\n|start\n|switch|p1a: P\u56fa\u771f\u5927|Groudon, L50|100/100\n|switch|p1b: \u5f3a\u6bfd\u5c0f\u5b50|Jumpluff, L50, F, shiny|100/100\n|switch|p2a: Lunala|Lunala, L50, shiny|100/100\n|switch|p2b: Incineroar|Incineroar, L50, F, shiny|100/100\n|-weather|SunnyDay|[from] ability: Drought|[of] p1a: P\u56fa\u771f\u5927\n|-ability|p2b: Incineroar|Intimidate|boost\n|-unboost|p1a: P\u56fa\u771f\u5927|atk|1\n|-unboost|p1b: \u5f3a\u6bfd\u5c0f\u5b50|atk|1\n|turn|1\n|\n|t:|1768472052\n|switch|p2b: Miraidon|Miraidon, L50, shiny|100/100\n|-fieldstart|move: Electric Terrain|[from] ability: Hadron Engine|[of] p2b: Miraidon\n|-enditem|p2a: Lunala|Electric Seed\n|-boost|p2a: Lunala|def|1|[from] item: Electric Seed\n|move|p2a: Lunala|Wide Guard|p2a: Lunala\n|-singleturn|p2a: Lunala|Wide Guard\n|move|p1b: \u5f3a\u6bfd\u5c0f\u5b50|Sleep Powder|p2a: Lunala\n|-activate|p2a: Lunala|move: Electric Terrain\n|move|p1a: P\u56fa\u771f\u5927|Precipice Blades|p2a: Lunala|[spread] \n|-activate|p2a: Lunala|move: Wide Guard\n|-activate|p2b: Miraidon|move: Wide Guard\n|\n|-weather|SunnyDay|[upkeep]\n|upkeep\n|turn|2\n|j| sunrakugaming\n|\n|t:|1768472071\n|switch|p1a: \u9732\u51a0\u65f6\u95f4\u5230\u62c9|Lunala, L50|100/100\n|move|p1b: \u5f3a\u6bfd\u5c0f\u5b50|Rage Powder|p1b: \u5f3a\u6bfd\u5c0f\u5b50\n|-singleturn|p1b: \u5f3a\u6bfd\u5c0f\u5b50|move: Rage Powder\n|move|p2b: Miraidon|Volt Switch|p1b: \u5f3a\u6bfd\u5c0f\u5b50\n|-damage|p1b: \u5f3a\u6bfd\u5c0f\u5b50|0 fnt\n|faint|p1b: \u5f3a\u6bfd\u5c0f\u5b50\n|\n|t:|1768472076\n|switch|p2b: Ursaluna|Ursaluna, L50, F, shiny|100/100|[from] Volt Switch\n|move|p2a: Lunala|Trick Room|p2a: Lunala\n|-fieldstart|move: Trick Room|[of] p2a: Lunala\n|\n|-weather|SunnyDay|[upkeep]\n|-status|p2b: Ursaluna|brn|[from] item: Flame Orb\n|upkeep\n|\n|t:|1768472080\n|switch|p1b: P\u56fa\u771f\u5927|Groudon, L50|100/100\n|turn|3\n|\n|t:|1768472092\n|-terastallize|p2a: Lunala|Fairy\n|move|p2b: Ursaluna|Facade|p1b: P\u56fa\u771f\u5927\n|-damage|p1b: P\u56fa\u771f\u5927|18/100\n|move|p2a: Lunala|Moongeist Beam|p1a: \u9732\u51a0\u65f6\u95f4\u5230\u62c9\n|-supereffective|p1a: \u9732\u51a0\u65f6\u95f4\u5230\u62c9\n|-damage|p1a: \u9732\u51a0\u65f6\u95f4\u5230\u62c9|16/100\n|move|p1b: P\u56fa\u771f\u5927|Precipice Blades|p2a: Lunala|[spread] p2a,p2b\n|-damage|p2a: Lunala|80/100\n|-damage|p2b: Ursaluna|48/100 brn\n|move|p1a: \u9732\u51a0\u65f6\u95f4\u5230\u62c9|Trick Room|p1a: \u9732\u51a0\u65f6\u95f4\u5230\u62c9\n|-fieldend|move: Trick Room\n|\n|-weather|SunnyDay|[upkeep]\n|-damage|p2b: Ursaluna|42/100 brn|[from] brn\n|upkeep\n|turn|4\n|\n|t:|1768472108\n|switch|p1b: \u4f8d\u7684\u6211\u7231\u5bfc\u7ba1|Indeedee-F, L50, F|100/100\n|-fieldstart|move: Psychic Terrain|[from] ability: Psychic Surge|[of] p1b: \u4f8d\u7684\u6211\u7231\u5bfc\u7ba1\n|switch|p2b: Incineroar|Incineroar, L50, F, shiny|100/100\n|-ability|p2b: Incineroar|Intimidate|boost\n|-unboost|p1a: \u9732\u51a0\u65f6\u95f4\u5230\u62c9|atk|1\n|-unboost|p1b: \u4f8d\u7684\u6211\u7231\u5bfc\u7ba1|atk|1\n|move|p1a: \u9732\u51a0\u65f6\u95f4\u5230\u62c9|Meteor Beam||[still]\n|-prepare|p1a: \u9732\u51a0\u65f6\u95f4\u5230\u62c9|Meteor Beam\n|-boost|p1a: \u9732\u51a0\u65f6\u95f4\u5230\u62c9|spa|1\n|-enditem|p1a: \u9732\u51a0\u65f6\u95f4\u5230\u62c9|Power Herb\n|-anim|p1a: \u9732\u51a0\u65f6\u95f4\u5230\u62c9|Meteor Beam|p2b: Incineroar\n|-supereffective|p2b: Incineroar\n|-crit|p2b: Incineroar\n|-damage|p2b: Incineroar|0 fnt\n|faint|p2b: Incineroar\n|move|p2a: Lunala|Trick Room|p2a: Lunala\n|-fieldstart|move: Trick Room|[of] p2a: Lunala\n|\n|-weather|SunnyDay|[upkeep]\n|upkeep\n|\n|t:|1768472124\n|switch|p2b: Ursaluna|Ursaluna, L50, F, shiny|42/100 brn\n|turn|5\n|\n|t:|1768472133\n|move|p2a: Lunala|Wide Guard|p2a: Lunala\n|-singleturn|p2a: Lunala|Wide Guard\n|move|p2b: Ursaluna|Earthquake|p1a: \u9732\u51a0\u65f6\u95f4\u5230\u62c9|[spread] p1a,p1b\n|-activate|p2a: Lunala|move: Wide Guard\n|-damage|p1a: \u9732\u51a0\u65f6\u95f4\u5230\u62c9|0 fnt\n|-damage|p1b: \u4f8d\u7684\u6211\u7231\u5bfc\u7ba1|34/100\n|faint|p1a: \u9732\u51a0\u65f6\u95f4\u5230\u62c9\n|-enditem|p1b: \u4f8d\u7684\u6211\u7231\u5bfc\u7ba1|Eject Button\n|\n|t:|1768472138\n|switch|p1b: P\u56fa\u771f\u5927|Groudon, L50|18/100\n|\n|-weather|none\n|-damage|p2b: Ursaluna|36/100 brn|[from] brn\n|upkeep\n|\n|t:|1768472140\n|switch|p1a: \u4f8d\u7684\u6211\u7231\u5bfc\u7ba1|Indeedee-F, L50, F|34/100\n|turn|6\n|-message|dasabe\u76d6\u6b27\u5361\u4fa0 forfeited.\n|\n|win|Alex Sotos fan\n|raw|dasabe\u76d6\u6b27\u5361\u4fa0's rating: 1435 &rarr; <strong>1409</strong><br />(-26 for losing)\n|raw|Alex Sotos fan's rating: 1326 &rarr; <strong>1352</strong><br />(+26 for winning)\n|l|\u2606dasabe\u76d6\u6b27\u5361\u4fa0\n|player|p1|\n|l| TTTAAATTT00\n|l| sunrakugaming\n|l|\u2606Alex Sotos fan\n|player|p2|\n","uploadtime":1768472410,"views":15,"formatid":"gen9vgc2026regi","rating":1352,"private":0,"password":null}