{"id":"gen9vgc2026regi-2560551125","format":"[Gen 9] VGC 2026 Reg I","players":["Mirthinion","nebur73"],"log":"|j|\u2606Mirthinion\n|j|\u2606nebur73\n|t:|1773698315\n|gametype|doubles\n|player|p1|Mirthinion|janitor|1378\n|player|p2|nebur73|janitor|1333\n|gen|9\n|tier|[Gen 9] VGC 2026 Reg I\n|rated|\n|rule|Species Clause: Limit one of each Pok\u00e9mon\n|rule|Item Clause: Limit 1 of each item\n|clearpoke\n|poke|p1|Calyrex-Shadow, L50|\n|poke|p1|Zamazenta-*, L50|\n|poke|p1|Urshifu-*, L50, M|\n|poke|p1|Incineroar, L50, M|\n|poke|p1|Rillaboom, L50, M|\n|poke|p1|Tornadus, L50, M|\n|poke|p2|Lunala, L50|\n|poke|p2|Incineroar, L50, F|\n|poke|p2|Kingambit, L50, F|\n|poke|p2|Indeedee-F, L50, F|\n|poke|p2|Ursaluna, L50, F|\n|poke|p2|Koraidon, L50|\n|teampreview|4\n|inactive|Battle timer is ON: inactive players will automatically lose when time's up. (requested by Mirthinion)\nMirthinion rejected open team sheets.\n|\n|t:|1773698337\n|teamsize|p1|4\n|teamsize|p2|4\n|start\n|switch|p1a: Vangwe|Tornadus, L50, M|100/100\n|switch|p1b: Beowulf|Urshifu-Rapid-Strike, L50, M|100/100\n|switch|p2a: Lunala|Lunala, L50, shiny|100/100\n|switch|p2b: Indeedee|Indeedee-F, L50, F|100/100\n|-fieldstart|move: Psychic Terrain|[from] ability: Psychic Surge|[of] p2b: Indeedee\n|turn|1\n|\n|t:|1773698362\n|-terastallize|p2a: Lunala|Fairy\n|move|p1a: Vangwe|Rain Dance|p1a: Vangwe\n|-weather|RainDance\n|move|p1b: Beowulf|Surging Strikes|p2a: Lunala\n|-crit|p2a: Lunala\n|-damage|p2a: Lunala|82/100\n|-crit|p2a: Lunala\n|-damage|p2a: Lunala|48/100\n|-crit|p2a: Lunala\n|-damage|p2a: Lunala|13/100\n|-hitcount|p2a: Lunala|3\n|move|p2a: Lunala|Moonblast|p1b: Beowulf\n|-supereffective|p1b: Beowulf\n|-damage|p1b: Beowulf|0 fnt\n|faint|p1b: Beowulf\n|move|p2b: Indeedee|Trick Room|p2b: Indeedee\n|-fieldstart|move: Trick Room|[of] p2b: Indeedee\n|\n|-weather|RainDance|[upkeep]\n|-heal|p2a: Lunala|19/100|[from] item: Leftovers\n|upkeep\n|\n|t:|1773698378\n|switch|p1b: Drambor|Zamazenta-Crowned, L50|100/100\n|-ability|p1b: Drambor|Dauntless Shield|boost\n|-boost|p1b: Drambor|def|1\n|turn|2\n|\n|t:|1773698397\n|move|p2b: Indeedee|Heal Pulse|p2a: Lunala\n|-heal|p2a: Lunala|69/100\n|move|p2a: Lunala|Moongeist Beam|p1b: Drambor\n|-damage|p1b: Drambor|58/100\n|move|p1a: Vangwe|Bleakwind Storm|p2b: Indeedee|[spread] p2a,p2b\n|-damage|p2a: Lunala|43/100\n|-damage|p2b: Indeedee|63/100\n|move|p1b: Drambor|Body Press|p2b: Indeedee\n|-damage|p2b: Indeedee|0 fnt\n|-damage|p1b: Drambor|41/100|[from] item: Rocky Helmet|[of] p2b: Indeedee\n|faint|p2b: Indeedee\n|\n|-weather|RainDance|[upkeep]\n|-heal|p2a: Lunala|49/100|[from] item: Leftovers\n|upkeep\n|\n|t:|1773698414\n|switch|p2b: Koraidon|Koraidon, L50|100/100\n|-weather|SunnyDay|[from] ability: Orichalcum Pulse|[of] p2b: Koraidon\n|-activate|p2b: Koraidon|Orichalcum Pulse|[source]\n|turn|3\n|\n|t:|1773698432\n|move|p1b: Drambor|Protect|p1b: Drambor\n|-singleturn|p1b: Drambor|Protect\n|move|p2a: Lunala|Moongeist Beam|p1a: Vangwe\n|-damage|p1a: Vangwe|46/100\n|move|p1a: Vangwe|Bleakwind Storm|p2a: Lunala|[spread] p2a,p2b\n|-supereffective|p2b: Koraidon\n|-damage|p2a: Lunala|22/100\n|-damage|p2b: Koraidon|43/100\n|move|p2b: Koraidon|Flare Blitz|p1b: Drambor\n|-activate|p1b: Drambor|move: Protect\n|\n|-weather|SunnyDay|[upkeep]\n|-heal|p2a: Lunala|28/100|[from] item: Leftovers\n|upkeep\n|turn|4\n|\n|t:|1773698453\n|move|p1a: Vangwe|Rain Dance|p1a: Vangwe\n|-weather|RainDance\n|move|p2a: Lunala|Moongeist Beam|p1a: Vangwe\n|-damage|p1a: Vangwe|0 fnt\n|faint|p1a: Vangwe\n|move|p2b: Koraidon|Flare Blitz|p1b: Drambor\n|-supereffective|p1b: Drambor\n|-damage|p1b: Drambor|22/100\n|-damage|p2b: Koraidon|37/100|[from] Recoil\n|move|p1b: Drambor|Behemoth Bash|p2a: Lunala\n|-supereffective|p2a: Lunala\n|-damage|p2a: Lunala|0 fnt\n|faint|p2a: Lunala\n|\n|-weather|RainDance|[upkeep]\n|upkeep\n|\n|t:|1773698467\n|switch|p2a: Ursaluna|Ursaluna, L50, F|100/100\n|switch|p1a: Mithrandir|Calyrex-Shadow, L50|100/100\n|-ability|p1a: Mithrandir|As One\n|-ability|p1a: Mithrandir|Unnerve\n|turn|5\n|\n|t:|1773698486\n|move|p2b: Koraidon|Protect|p2b: Koraidon\n|-singleturn|p2b: Koraidon|Protect\n|move|p1b: Drambor|Protect|p1b: Drambor\n|-singleturn|p1b: Drambor|Protect\n|move|p1a: Mithrandir|Protect|p1a: Mithrandir\n|-singleturn|p1a: Mithrandir|Protect\n|move|p2a: Ursaluna|Earthquake|p1b: Drambor|[spread] \n|-activate|p2b: Koraidon|move: Protect\n|-activate|p1a: Mithrandir|move: Protect\n|-activate|p1b: Drambor|move: Protect\n|\n|-weather|RainDance|[upkeep]\n|-fieldend|move: Trick Room\n|-fieldend|move: Psychic Terrain\n|-status|p2a: Ursaluna|brn|[from] item: Flame Orb\n|upkeep\n|turn|6\n|inactive|nebur73 has 30 seconds left.\n|\n|t:|1773698517\n|move|p1a: Mithrandir|Astral Barrage|p2b: Koraidon|[spread] p2b\n|-immune|p2a: Ursaluna\n|-damage|p2b: Koraidon|0 fnt\n|faint|p2b: Koraidon\n|-ability|p1a: Mithrandir|Grim Neigh|boost\n|-boost|p1a: Mithrandir|spa|1\n|move|p1b: Drambor|Body Press|p2a: Ursaluna\n|-supereffective|p2a: Ursaluna\n|-damage|p2a: Ursaluna|0 fnt\n|faint|p2a: Ursaluna\n|\n|win|Mirthinion\n|raw|Mirthinion's rating: 1378 &rarr; <strong>1395</strong><br />(+17 for winning)\n|raw|nebur73's rating: 1333 &rarr; <strong>1316</strong><br />(-17 for losing)\n","uploadtime":1773698531,"views":92,"formatid":"gen9vgc2026regi","rating":1316,"private":0,"password":null}