{"id":"gen9vgc2026regi-2569083963","format":"[Gen 9] VGC 2026 Reg I","players":["ashen0","sunny_zong2"],"log":"|j|\u2606ashen0\n|j|\u2606sunny_zong2\n|t:|1774647299\n|gametype|doubles\n|player|p1|ashen0|red|1441\n|player|p2|sunny_zong2|265|1356\n|gen|9\n|tier|[Gen 9] VGC 2026 Reg I\n|rated|\n|rule|Species Clause: Limit one of each Pok\u00e9mon\n|rule|Item Clause: Limit 1 of each item\n|clearpoke\n|poke|p1|Koraidon, L50|\n|poke|p1|Flutter Mane, L50|\n|poke|p1|Raging Bolt, L50|\n|poke|p1|Chi-Yu, L50|\n|poke|p1|Lunala, L50|\n|poke|p1|Indeedee-F, L50, F|\n|poke|p2|Glimmora, L50, F|\n|poke|p2|Eternatus, L50|\n|poke|p2|Miraidon, L50|\n|poke|p2|Thundurus, L50, M|\n|poke|p2|Zapdos, L50|\n|poke|p2|Grimmsnarl, L50, M|\n|teampreview|4\n|inactive|Battle timer is ON: inactive players will automatically lose when time's up. (requested by sunny_zong2)\n|\n|t:|1774647322\n|teamsize|p1|4\n|teamsize|p2|4\n|start\n|switch|p1a: Koraidon|Koraidon, L50|100/100\n|switch|p1b: Flutter Mane|Flutter Mane, L50|100/100\n|switch|p2a: Grimmsnarl|Grimmsnarl, L50, M|100/100\n|switch|p2b: Zapdos|Zapdos, L50|100/100\n|-weather|SunnyDay|[from] ability: Orichalcum Pulse|[of] p1a: Koraidon\n|-activate|p1b: Flutter Mane|ability: Protosynthesis\n|-start|p1b: Flutter Mane|protosynthesisspa\n|-activate|p1a: Koraidon|Orichalcum Pulse|[source]\n|turn|1\n|inactive|ashen0 has 30 seconds left.\n|inactive|ashen0 has 20 seconds left.\n|inactive|ashen0 has 15 seconds left.\n|inactive|ashen0 has 10 seconds left.\n|\n|t:|1774647371\n|-terastallize|p1b: Flutter Mane|Fairy\n|move|p2a: Grimmsnarl|Light Screen|p2a: Grimmsnarl\n|-sidestart|p2: sunny_zong2|move: Light Screen\n|move|p1a: Koraidon|Collision Course|p2a: Grimmsnarl\n|-damage|p2a: Grimmsnarl|0 fnt\n|faint|p2a: Grimmsnarl\n|move|p1b: Flutter Mane|Dazzling Gleam|p2b: Zapdos\n|-damage|p2b: Zapdos|38/100\n|move|p2b: Zapdos|Thunder Wave|p1b: Flutter Mane\n|-status|p1b: Flutter Mane|par\n|\n|-weather|SunnyDay|[upkeep]\n|upkeep\n|\n|t:|1774647385\n|switch|p2a: Eternatus|Eternatus, L50|100/100\n|-ability|p2a: Eternatus|Pressure\n|turn|2\n|inactive|ashen0 has 30 seconds left.\n|inactive|ashen0 has 20 seconds left.\n|\n|t:|1774647422\n|move|p2b: Zapdos|Protect|p2b: Zapdos\n|-singleturn|p2b: Zapdos|Protect\n|move|p1a: Koraidon|Collision Course|p2a: Eternatus\n|-resisted|p2a: Eternatus\n|-damage|p2a: Eternatus|63/100\n|move|p2a: Eternatus|Sludge Bomb|p1b: Flutter Mane\n|-supereffective|p1b: Flutter Mane\n|-damage|p1b: Flutter Mane|0 fnt\n|faint|p1b: Flutter Mane\n|-end|p1b: Flutter Mane|Protosynthesis|[silent]\n|\n|-weather|SunnyDay|[upkeep]\n|-heal|p2a: Eternatus|69/100|[from] item: Leftovers\n|upkeep\n|\n|t:|1774647440\n|switch|p1b: Indeedee|Indeedee-F, L50, F|100/100\n|-fieldstart|move: Psychic Terrain|[from] ability: Psychic Surge|[of] p1b: Indeedee\n|turn|3\n|\n|t:|1774647456\n|move|p1b: Indeedee|Follow Me|p1b: Indeedee\n|-singleturn|p1b: Indeedee|move: Follow Me\n|move|p1a: Koraidon|Collision Course|p2b: Zapdos\n|-resisted|p2b: Zapdos\n|-damage|p2b: Zapdos|0 fnt\n|-status|p1a: Koraidon|par|[from] ability: Static|[of] p2b: Zapdos\n|faint|p2b: Zapdos\n|move|p2a: Eternatus|Cosmic Power|p2a: Eternatus\n|-boost|p2a: Eternatus|def|1\n|-boost|p2a: Eternatus|spd|1\n|\n|-weather|SunnyDay|[upkeep]\n|-heal|p2a: Eternatus|75/100|[from] item: Leftovers\n|upkeep\n|\n|t:|1774647458\n|switch|p2b: Miraidon|Miraidon, L50|100/100\n|-fieldstart|move: Electric Terrain|[from] ability: Hadron Engine|[of] p2b: Miraidon\n|turn|4\n|\n|t:|1774647480\n|move|p1b: Indeedee|Follow Me|p1b: Indeedee\n|-singleturn|p1b: Indeedee|move: Follow Me\n|move|p2b: Miraidon|Dazzling Gleam|p1a: Koraidon|[spread] p1a,p1b\n|-supereffective|p1a: Koraidon\n|-damage|p1a: Koraidon|0 fnt\n|-damage|p1b: Indeedee|71/100\n|faint|p1a: Koraidon\n|move|p2a: Eternatus|Cosmic Power|p2a: Eternatus\n|-boost|p2a: Eternatus|def|1\n|-boost|p2a: Eternatus|spd|1\n|\n|-weather|SunnyDay|[upkeep]\n|-heal|p2a: Eternatus|81/100|[from] item: Leftovers\n|upkeep\n|\n|t:|1774647484\n|switch|p1a: Lunala|Lunala, L50|100/100\n|turn|5\n|\n|t:|1774647503\n|-terastallize|p2a: Eternatus|Grass\n|move|p1b: Indeedee|Follow Me|p1b: Indeedee\n|-singleturn|p1b: Indeedee|move: Follow Me\n|move|p2b: Miraidon|Dazzling Gleam|p1a: Lunala|[spread] p1a,p1b\n|-damage|p1a: Lunala|83/100\n|-damage|p1b: Indeedee|43/100\n|move|p2a: Eternatus|Cosmic Power|p2a: Eternatus\n|-boost|p2a: Eternatus|def|1\n|-boost|p2a: Eternatus|spd|1\n|move|p1a: Lunala|Moongeist Beam|p2b: Miraidon\n|-damage|p2b: Miraidon|54/100\n|-damage|p1a: Lunala|73/100|[from] item: Life Orb\n|\n|-weather|none\n|-heal|p2a: Eternatus|88/100|[from] item: Leftovers\n|upkeep\n|turn|6\n|\n|t:|1774647510\n|move|p1b: Indeedee|Follow Me|p1b: Indeedee\n|-singleturn|p1b: Indeedee|move: Follow Me\n|move|p2b: Miraidon|Dazzling Gleam|p1b: Indeedee|[spread] p1a,p1b\n|-crit|p1b: Indeedee\n|-damage|p1a: Lunala|36/100\n|-damage|p1b: Indeedee|0 fnt\n|faint|p1b: Indeedee\n|move|p2a: Eternatus|Cosmic Power|p2a: Eternatus\n|-boost|p2a: Eternatus|def|1\n|-boost|p2a: Eternatus|spd|1\n|move|p1a: Lunala|Moongeist Beam|p2b: Miraidon\n|-damage|p2b: Miraidon|8/100\n|-damage|p1a: Lunala|26/100|[from] item: Life Orb\n|\n|-heal|p2a: Eternatus|94/100|[from] item: Leftovers\n|upkeep\n|turn|7\n|\n|t:|1774647516\n|move|p2b: Miraidon|Dazzling Gleam|p1a: Lunala\n|-damage|p1a: Lunala|0 fnt\n|faint|p1a: Lunala\n|\n|win|sunny_zong2\n|raw|ashen0's rating: 1441 &rarr; <strong>1416</strong><br />(-25 for losing)\n|raw|sunny_zong2's rating: 1356 &rarr; <strong>1381</strong><br />(+25 for winning)\n|l|\u2606ashen0\n|player|p1|\n|l|\u2606sunny_zong2\n|player|p2|\n","uploadtime":1774647671,"views":10,"formatid":"gen9vgc2026regi","rating":1381,"private":0,"password":null}