{"id":"gen9vgc2026regi-2572514925","format":"[Gen 9] VGC 2026 Reg I","players":["shecallmedada","1400SpotsForTCG"],"log":"|j|\u2606shecallmedada\n|j|\u26061400SpotsForTCG\n|t:|1775036445\n|gametype|doubles\n|player|p1|shecallmedada|burglar-gen1rb|1494\n|player|p2|1400SpotsForTCG|101|1383\n|gen|9\n|tier|[Gen 9] VGC 2026 Reg I\n|rated|\n|rule|Species Clause: Limit one of each Pok\u00e9mon\n|rule|Item Clause: Limit 1 of each item\n|clearpoke\n|poke|p1|Amoonguss, L50, M|\n|poke|p1|Urshifu-*, L50, M|\n|poke|p1|Flutter Mane, L50|\n|poke|p1|Eternatus, L50|\n|poke|p1|Incineroar, L50, F|\n|poke|p1|Terapagos, L50, M|\n|poke|p2|Groudon, L50|\n|poke|p2|Ogerpon-Hearthflame, L50, F|\n|poke|p2|Flutter Mane, L50|\n|poke|p2|Raging Bolt, L50|\n|poke|p2|Lunala, L50|\n|poke|p2|Jumpluff, L50, F|\n|teampreview|4\n|inactive|Battle timer is ON: inactive players will automatically lose when time's up. (requested by 1400SpotsForTCG)\n1400SpotsForTCG has agreed to open team sheets.\n|inactive|shecallmedada has 60 seconds left.\n|inactive|1400SpotsForTCG has 60 seconds left.\n|inactive|shecallmedada has 30 seconds left.\n|inactive|1400SpotsForTCG has 30 seconds left.\n|inactive|1400SpotsForTCG has 20 seconds left.\n|\n|t:|1775036519\n|teamsize|p1|4\n|teamsize|p2|4\n|start\n|switch|p1a: Terapagos|Terapagos, L50, M|100/100\n|switch|p1b: Flutter Mane|Flutter Mane, L50|100/100\n|switch|p2a: Groudon|Groudon, L50|100/100\n|switch|p2b: Jumpluff|Jumpluff, L50, F|100/100\n|-activate|p1a: Terapagos|ability: Tera Shift\n|detailschange|p1a: Terapagos|Terapagos-Terastal, L50, M\n|-heal|p1a: Terapagos|100/100|[silent]\n|-weather|SunnyDay|[from] ability: Drought|[of] p2a: Groudon\n|-activate|p1b: Flutter Mane|ability: Protosynthesis\n|-start|p1b: Flutter Mane|protosynthesisspe\n|turn|1\n|inactive|shecallmedada has 30 seconds left.\n|\n|t:|1775036553\n|switch|p2a: Lunala|Lunala, L50|100/100\n|move|p1a: Terapagos|Protect|p1a: Terapagos\n|-singleturn|p1a: Terapagos|Protect\n|move|p2b: Jumpluff|Sleep Powder|p1a: Terapagos\n|-activate|p1a: Terapagos|move: Protect\n|move|p1b: Flutter Mane|Taunt|p2b: Jumpluff\n|-start|p2b: Jumpluff|move: Taunt\n|\n|-weather|SunnyDay|[upkeep]\n|upkeep\n|turn|2\n|\n|t:|1775036575\n|switch|p2b: Ogerpon|Ogerpon-Hearthflame, L50, F|100/100\n|-ability|p2b: Ogerpon|Mold Breaker\n|move|p1b: Flutter Mane|Icy Wind|p2a: Lunala|[spread] p2a,p2b\n|-damage|p2a: Lunala|97/100\n|-damage|p2b: Ogerpon|90/100\n|-unboost|p2a: Lunala|spe|1\n|-unboost|p2b: Ogerpon|spe|1\n|move|p1a: Terapagos|Calm Mind|p1a: Terapagos\n|-boost|p1a: Terapagos|spa|1\n|-boost|p1a: Terapagos|spd|1\n|move|p2a: Lunala|Meteor Beam||[still]\n|-prepare|p2a: Lunala|Meteor Beam\n|-boost|p2a: Lunala|spa|1\n|-enditem|p2a: Lunala|Power Herb\n|-anim|p2a: Lunala|Meteor Beam|p1b: Flutter Mane\n|-damage|p1b: Flutter Mane|42/100\n|\n|-weather|SunnyDay|[upkeep]\n|upkeep\n|turn|3\n|inactive|shecallmedada has 30 seconds left.\n|\n|t:|1775036601\n|move|p2b: Ogerpon|Spiky Shield|p2b: Ogerpon\n|-singleturn|p2b: Ogerpon|move: Protect\n|move|p1b: Flutter Mane|Taunt|p2a: Lunala\n|-start|p2a: Lunala|move: Taunt\n|move|p1a: Terapagos|Calm Mind|p1a: Terapagos\n|-boost|p1a: Terapagos|spa|1\n|-boost|p1a: Terapagos|spd|1\n|cant|p2a: Lunala|move: Taunt|Trick Room\n|\n|-weather|SunnyDay|[upkeep]\n|upkeep\n|turn|4\n|inactive|shecallmedada has 30 seconds left.\n|inactive|1400SpotsForTCG has 30 seconds left.\n|inactive|shecallmedada has 20 seconds left.\n|\n|t:|1775036638\n|-terastallize|p1a: Terapagos|Stellar\n|detailschange|p1a: Terapagos|Terapagos-Stellar, L50, M, tera:Stellar\n|-heal|p1a: Terapagos|100/100|[silent]\n|-ability|p1a: Terapagos|Teraform Zero\n|-weather|none\n|-end|p1b: Flutter Mane|Protosynthesis\n|-enditem|p1b: Flutter Mane|Booster Energy\n|-activate|p1b: Flutter Mane|ability: Protosynthesis|[fromitem]\n|-start|p1b: Flutter Mane|protosynthesisspe\n|-terastallize|p2b: Ogerpon|Fire\n|detailschange|p2b: Ogerpon|Ogerpon-Hearthflame-Tera, L50, F, tera:Fire\n|-ability|p2b: Ogerpon|Embody Aspect (Hearthflame)|boost\n|-boost|p2b: Ogerpon|atk|1\n|move|p1b: Flutter Mane|Icy Wind|p2b: Ogerpon|[spread] p2a,p2b\n|-resisted|p2b: Ogerpon\n|-damage|p2a: Lunala|89/100\n|-damage|p2b: Ogerpon|84/100\n|-unboost|p2a: Lunala|spe|1\n|-unboost|p2b: Ogerpon|spe|1\n|move|p1a: Terapagos|Tera Starstorm|p2b: Ogerpon|[spread] p2a,p2b\n|-supereffective|p2b: Ogerpon\n|-damage|p2a: Lunala|36/100\n|-damage|p2b: Ogerpon|0 fnt\n|faint|p2b: Ogerpon\n|detailschange|p2: Ogerpon|Ogerpon-Hearthflame, L50, F|[silent]\n|move|p2a: Lunala|Moongeist Beam|p1b: Flutter Mane\n|-supereffective|p1b: Flutter Mane\n|-damage|p1b: Flutter Mane|0 fnt\n|faint|p1b: Flutter Mane\n|-end|p1b: Flutter Mane|Protosynthesis|[silent]\n|\n|upkeep\n|inactive|shecallmedada has 30 seconds left.\n|\n|t:|1775036666\n|switch|p1b: Incineroar|Incineroar, L50, F|100/100\n|switch|p2b: Jumpluff|Jumpluff, L50, F|100/100\n|-ability|p1b: Incineroar|Intimidate|boost\n|-unboost|p2a: Lunala|atk|1\n|-unboost|p2b: Jumpluff|atk|1\n|turn|5\n|\n|t:|1775036676\n|switch|p2a: Groudon|Groudon, L50|100/100\n|-weather|SunnyDay|[from] ability: Drought|[of] p2a: Groudon\n|move|p2b: Jumpluff|Sleep Powder|p1a: Terapagos\n|-status|p1a: Terapagos|slp|[from] move: Sleep Powder\n|cant|p1a: Terapagos|slp\n|move|p1b: Incineroar|Flare Blitz|p2b: Jumpluff\n|-supereffective|p2b: Jumpluff\n|-damage|p2b: Jumpluff|0 fnt\n|faint|p2b: Jumpluff\n|-damage|p1b: Incineroar|72/100|[from] Recoil\n|\n|-weather|SunnyDay|[upkeep]\n|upkeep\n|\n|t:|1775036689\n|switch|p2b: Lunala|Lunala, L50|36/100\n|turn|6\n|\n|t:|1775036699\n|switch|p1b: Amoonguss|Amoonguss, L50, M|100/100\n|move|p2b: Lunala|Meteor Beam||[still]\n|-prepare|p2b: Lunala|Meteor Beam\n|-boost|p2b: Lunala|spa|1\n|move|p2a: Groudon|Precipice Blades|p1b: Amoonguss|[spread] p1b\n|-miss|p2a: Groudon|p1a: Terapagos\n|-damage|p1b: Amoonguss|53/100\n|cant|p1a: Terapagos|slp\n|\n|-weather|SunnyDay|[upkeep]\n|upkeep\n|turn|7\n|\n|t:|1775036710\n|move|p1b: Amoonguss|Protect|p1b: Amoonguss\n|-singleturn|p1b: Amoonguss|Protect\n|move|p2b: Lunala|Meteor Beam|p1a: Terapagos|[from] lockedmove\n|-damage|p1a: Terapagos|78/100 slp\n|move|p2a: Groudon|Precipice Blades|p1b: Amoonguss|[spread] p1a\n|-activate|p1b: Amoonguss|move: Protect\n|-damage|p1a: Terapagos|49/100 slp\n|-curestatus|p1a: Terapagos|slp|[msg]\n|move|p1a: Terapagos|Tera Starstorm|p2a: Groudon|[spread] p2a,p2b\n|-damage|p2a: Groudon|29/100\n|-damage|p2b: Lunala|0 fnt\n|faint|p2b: Lunala\n|\n|-weather|SunnyDay|[upkeep]\n|-heal|p1a: Terapagos|55/100|[from] item: Leftovers\n|upkeep\n|turn|8\n|-message|1400SpotsForTCG forfeited.\n|\n|win|shecallmedada\n|raw|shecallmedada's rating: 1494 &rarr; <strong>1508</strong><br />(+14 for winning)\n|raw|1400SpotsForTCG's rating: 1383 &rarr; <strong>1369</strong><br />(-14 for losing)\n|l|\u26061400SpotsForTCG\n|player|p2|\n","uploadtime":1775036980,"views":17,"formatid":"gen9vgc2026regi","rating":1369,"private":0,"password":null}