{"id":"gen9vgc2026regi-2587164702","format":"[Gen 9] VGC 2026 Reg I","players":["beihaide","Pigduckeater"],"log":"|j|\u2606beihaide\n|j|\u2606Pigduckeater\n|t:|1776502921\n|gametype|doubles\n|player|p1|beihaide|pilot|1337\n|player|p2|Pigduckeater|102|1536\n|gen|9\n|tier|[Gen 9] VGC 2026 Reg I\n|rated|\n|rule|Species Clause: Limit one of each Pok\u00e9mon\n|rule|Item Clause: Limit 1 of each item\n|clearpoke\n|poke|p1|Raging Bolt, L50|\n|poke|p1|Chien-Pao, L50|\n|poke|p1|Calyrex-Shadow, L50|\n|poke|p1|Rillaboom, L50, M|\n|poke|p1|Amoonguss, L50, F|\n|poke|p1|Zamazenta-*, L50|\n|poke|p2|Incineroar, L50, M|\n|poke|p2|Miraidon, L50|\n|poke|p2|Farigiraf, L50, M|\n|poke|p2|Calyrex-Shadow, L50|\n|poke|p2|Glimmora, L50, M|\n|poke|p2|Urshifu-*, L50, M|\n|teampreview|4\n|\n|t:|1776502955\n|teamsize|p1|4\n|teamsize|p2|4\n|start\n|switch|p1a: Calyrex|Calyrex-Shadow, L50|100/100\n|switch|p1b: Amoonguss|Amoonguss, L50, F|100/100\n|switch|p2a: Calyrex|Calyrex-Shadow, L50|100/100\n|switch|p2b: Urshifu|Urshifu-Rapid-Strike, L50, M|100/100\n|-ability|p1a: Calyrex|As One\n|-ability|p1a: Calyrex|Unnerve\n|-ability|p2a: Calyrex|As One\n|-ability|p2a: Calyrex|Unnerve\n|turn|1\n|\n|t:|1776502979\n|-terastallize|p2a: Calyrex|Grass\n|move|p1b: Amoonguss|Rage Powder|p1b: Amoonguss\n|-singleturn|p1b: Amoonguss|move: Rage Powder\n|move|p2b: Urshifu|U-turn|p1b: Amoonguss\n|-damage|p1b: Amoonguss|80/100\n|-damage|p2b: Urshifu|84/100|[from] item: Rocky Helmet|[of] p1b: Amoonguss\n|\n|t:|1776502988\n|switch|p2b: Incineroar|Incineroar, L50, M|100/100|[from] U-turn\n|-ability|p2b: Incineroar|Intimidate|boost\n|-unboost|p1a: Calyrex|atk|1\n|-unboost|p1b: Amoonguss|atk|1\n|move|p1a: Calyrex|Astral Barrage|p2a: Calyrex|[spread] p2a,p2b\n|-resisted|p2b: Incineroar\n|-damage|p2a: Calyrex|51/100\n|-damage|p2b: Incineroar|84/100\n|move|p2a: Calyrex|Substitute|p2a: Calyrex\n|-start|p2a: Calyrex|Substitute\n|-damage|p2a: Calyrex|26/100\n|\n|upkeep\n|turn|2\n|\n|t:|1776503019\n|switch|p1b: Zamazenta|Zamazenta-Crowned, L50|100/100\n|-ability|p1b: Zamazenta|Dauntless Shield|boost\n|-boost|p1b: Zamazenta|def|1\n|move|p1a: Calyrex|Protect|p1a: Calyrex\n|-singleturn|p1a: Calyrex|Protect\n|move|p2a: Calyrex|Astral Barrage|p1b: Zamazenta|[spread] p1b\n|-activate|p1a: Calyrex|move: Protect\n|-damage|p1b: Zamazenta|55/100\n|-damage|p2a: Calyrex|16/100|[from] item: Life Orb\n|move|p2b: Incineroar|Flare Blitz|p1b: Zamazenta\n|-supereffective|p1b: Zamazenta\n|-damage|p1b: Zamazenta|21/100\n|-damage|p2b: Incineroar|73/100|[from] Recoil\n|\n|upkeep\n|turn|3\n|\n|t:|1776503051\n|-terastallize|p1a: Calyrex|Normal\n|move|p1a: Calyrex|Astral Barrage|p2b: Incineroar|[spread] p2a,p2b\n|-end|p2a: Calyrex|Substitute\n|-resisted|p2b: Incineroar\n|-damage|p2b: Incineroar|57/100\n|move|p2a: Calyrex|Giga Drain|p1a: Calyrex\n|-damage|p1a: Calyrex|47/100\n|-heal|p2a: Calyrex|41/100|[from] drain|[of] p1a: Calyrex\n|-damage|p2a: Calyrex|31/100|[from] item: Life Orb\n|move|p1b: Zamazenta|Body Press|p2b: Incineroar\n|-supereffective|p2b: Incineroar\n|-damage|p2b: Incineroar|0 fnt\n|faint|p2b: Incineroar\n|\n|upkeep\n|\n|t:|1776503064\n|switch|p2b: Urshifu|Urshifu-Rapid-Strike, L50, M|84/100\n|turn|4\n|\n|t:|1776503080\n|move|p2b: Urshifu|Surging Strikes|p1a: Calyrex\n|-crit|p1a: Calyrex\n|-damage|p1a: Calyrex|16/100\n|-crit|p1a: Calyrex\n|-damage|p1a: Calyrex|0 fnt\n|faint|p1a: Calyrex\n|-hitcount|p1: Calyrex|2\n|move|p2a: Calyrex|Astral Barrage|p1b: Zamazenta\n|-damage|p1b: Zamazenta|0 fnt\n|faint|p1b: Zamazenta\n|-ability|p2a: Calyrex|Grim Neigh|boost\n|-boost|p2a: Calyrex|spa|1\n|-damage|p2a: Calyrex|21/100|[from] item: Life Orb\n|\n|upkeep\n|\n|t:|1776503096\n|switch|p1a: Rillaboom|Rillaboom, L50, M|100/100\n|switch|p1b: Amoonguss|Amoonguss, L50, F|100/100\n|-fieldstart|move: Grassy Terrain|[from] ability: Grassy Surge|[of] p1a: Rillaboom\n|turn|5\n|\n|t:|1776503130\n|switch|p2b: Farigiraf|Farigiraf, L50, M|100/100\n|move|p1b: Amoonguss|Rage Powder|p1b: Amoonguss\n|-singleturn|p1b: Amoonguss|move: Rage Powder\n|move|p2a: Calyrex|Giga Drain|p2b: Farigiraf\n|-damage|p2b: Farigiraf|13/100\n|-heal|p2a: Calyrex|71/100|[from] drain|[of] p2b: Farigiraf\n|-damage|p2a: Calyrex|61/100|[from] item: Life Orb\n|move|p1a: Rillaboom|U-turn|p2a: Calyrex\n|-supereffective|p2a: Calyrex\n|-damage|p2a: Calyrex|17/100\n|\n|-heal|p2a: Calyrex|23/100|[from] Grassy Terrain\n|-heal|p2b: Farigiraf|19/100|[from] Grassy Terrain\n|upkeep\n|turn|6\n|\n|t:|1776503175\n|move|p2b: Farigiraf|Helping Hand|p2a: Calyrex\n|-singleturn|p2a: Calyrex|Helping Hand|[of] p2b: Farigiraf\n|move|p1b: Amoonguss|Protect|p1b: Amoonguss\n|-singleturn|p1b: Amoonguss|Protect\n|move|p2a: Calyrex|Astral Barrage|p1a: Rillaboom|[spread] p1a\n|-activate|p1b: Amoonguss|move: Protect\n|-damage|p1a: Rillaboom|17/100\n|-damage|p2a: Calyrex|13/100|[from] item: Life Orb\n|move|p1a: Rillaboom|U-turn|p2a: Calyrex\n|-supereffective|p2a: Calyrex\n|-damage|p2a: Calyrex|0 fnt\n|faint|p2a: Calyrex\n|\n|-heal|p1a: Rillaboom|23/100|[from] Grassy Terrain\n|-heal|p2b: Farigiraf|25/100|[from] Grassy Terrain\n|upkeep\n|\n|t:|1776503185\n|switch|p2a: Urshifu|Urshifu-Rapid-Strike, L50, M|84/100\n|turn|7\n|\n|t:|1776503209\n|move|p1a: Rillaboom|Grassy Glide||[still]\n|cant|p2b: Farigiraf|ability: Armor Tail|Grassy Glide|[of] p1a: Rillaboom\n|move|p2a: Urshifu|Close Combat|p1a: Rillaboom\n|-damage|p1a: Rillaboom|0 fnt\n|-unboost|p2a: Urshifu|def|1\n|-unboost|p2a: Urshifu|spd|1\n|faint|p1a: Rillaboom\n|move|p2b: Farigiraf|Psyshock|p1b: Amoonguss\n|-supereffective|p1b: Amoonguss\n|-damage|p1b: Amoonguss|57/100\n|move|p1b: Amoonguss|Spore|p2a: Urshifu\n|-status|p2a: Urshifu|slp|[from] move: Spore\n|\n|-heal|p2a: Urshifu|90/100 slp|[from] Grassy Terrain\n|-heal|p2b: Farigiraf|31/100|[from] Grassy Terrain\n|-heal|p1b: Amoonguss|63/100|[from] Grassy Terrain\n|upkeep\n|turn|8\n|\n|t:|1776503235\n|cant|p2a: Urshifu|slp\n|move|p2b: Farigiraf|Psyshock|p1b: Amoonguss\n|-supereffective|p1b: Amoonguss\n|-damage|p1b: Amoonguss|16/100\n|move|p1b: Amoonguss|Pollen Puff|p2b: Farigiraf\n|-supereffective|p2b: Farigiraf\n|-damage|p2b: Farigiraf|0 fnt\n|faint|p2b: Farigiraf\n|\n|-heal|p2a: Urshifu|97/100 slp|[from] Grassy Terrain\n|-heal|p1b: Amoonguss|22/100|[from] Grassy Terrain\n|upkeep\n|turn|9\n|\n|t:|1776503249\n|cant|p2a: Urshifu|slp\n|move|p1b: Amoonguss|Pollen Puff|p2a: Urshifu\n|-resisted|p2a: Urshifu\n|-damage|p2a: Urshifu|75/100 slp\n|\n|-heal|p2a: Urshifu|81/100 slp|[from] Grassy Terrain\n|-heal|p1b: Amoonguss|28/100|[from] Grassy Terrain\n|-fieldend|move: Grassy Terrain\n|upkeep\n|turn|10\n|-message|beihaide forfeited.\n|\n|win|Pigduckeater\n|raw|beihaide's rating: 1337 &rarr; <strong>1327</strong><br />(-10 for losing)\n|raw|Pigduckeater's rating: 1536 &rarr; <strong>1546</strong><br />(+10 for winning)\n|l|\u2606beihaide\n|player|p1|\n|l|\u2606Pigduckeater\n|player|p2|\n","uploadtime":1776503468,"views":8,"formatid":"gen9vgc2026regi","rating":1327,"private":0,"password":null}