{"id":"gen9vgc2026regi-2565544420","format":"[Gen 9] VGC 2026 Reg I","players":["Harry Koekenpan","mavco90"],"log":"|j|\u2606Harry Koekenpan\n|j|\u2606mavco90\n|t:|1774284043\n|gametype|doubles\n|player|p1|Harry Koekenpan|169|1188\n|player|p2|mavco90|veteran|1199\n|gen|9\n|tier|[Gen 9] VGC 2026 Reg I\n|rated|\n|rule|Species Clause: Limit one of each Pok\u00e9mon\n|rule|Item Clause: Limit 1 of each item\n|clearpoke\n|poke|p1|Dondozo, L50, M|\n|poke|p1|Tatsugiri-Droopy, L50, M|\n|poke|p1|Weezing-Galar, L50, M|\n|poke|p1|Calyrex-Shadow, L50|\n|poke|p1|Koraidon, L50|\n|poke|p1|Raging Bolt, L50|\n|poke|p2|Ho-Oh, L50|\n|poke|p2|Eternatus, L50|\n|poke|p2|Quagsire, L50, M|\n|poke|p2|Grimmsnarl, L50, M|\n|poke|p2|Ting-Lu, L50|\n|poke|p2|Rhydon, L50, F|\n|teampreview|4\n|inactive|Battle timer is ON: inactive players will automatically lose when time's up. (requested by Harry Koekenpan)\n|\n|t:|1774284054\n|teamsize|p1|4\n|teamsize|p2|4\n|start\n|switch|p1a: Weezing|Weezing-Galar, L50, M|100/100\n|switch|p1b: Calyrex|Calyrex-Shadow, L50|100/100\n|switch|p2a: Ting-Lu|Ting-Lu, L50|100/100\n|switch|p2b: Quagsire|Quagsire, L50, M|100/100\n|-ability|p1a: Weezing|Neutralizing Gas\n|-ability|p1b: Calyrex|As One\n|-ability|p1b: Calyrex|Unnerve\n|turn|1\n|\n|t:|1774284071\n|move|p2b: Quagsire|Protect|p2b: Quagsire\n|-singleturn|p2b: Quagsire|Protect\n|move|p1b: Calyrex|Astral Barrage|p2b: Quagsire|[spread] p2a\n|-activate|p2b: Quagsire|move: Protect\n|-resisted|p2a: Ting-Lu\n|-damage|p2a: Ting-Lu|88/100\n|-damage|p1b: Calyrex|91/100|[from] item: Life Orb\n|move|p1a: Weezing|Poison Gas|p2a: Ting-Lu|[spread] p2a\n|-activate|p2b: Quagsire|move: Protect\n|-status|p2a: Ting-Lu|psn\n|move|p2a: Ting-Lu|Snarl|p1a: Weezing|[spread] p1a,p1b\n|-resisted|p1a: Weezing\n|-supereffective|p1b: Calyrex\n|-damage|p1a: Weezing|97/100\n|-damage|p1b: Calyrex|61/100\n|-unboost|p1b: Calyrex|spa|1\n|\n|-damage|p2a: Ting-Lu|75/100 psn|[from] psn\n|upkeep\n|turn|2\n|inactive|mavco90 has 30 seconds left.\n|\n|t:|1774284103\n|switch|p1b: Koraidon|Koraidon, L50|100/100\n|switch|p2b: Eternatus|Eternatus, L50|100/100\n|move|p1a: Weezing|Poison Gas|p2a: Ting-Lu|[spread] \n|-fail|p2a: Ting-Lu|psn\n|-immune|p2b: Eternatus\n|move|p2a: Ting-Lu|Sand Tomb|p1a: Weezing\n|-supereffective|p1a: Weezing\n|-damage|p1a: Weezing|75/100\n|-activate|p1a: Weezing|move: Sand Tomb|[of] p2a: Ting-Lu\n|\n|-damage|p2a: Ting-Lu|63/100 psn|[from] psn\n|-damage|p1a: Weezing|63/100|[from] move: Sand Tomb|[partiallytrapped]\n|upkeep\n|turn|3\n|\n|t:|1774284132\n|-terastallize|p1b: Koraidon|Fire\n|move|p1b: Koraidon|Flare Blitz|p2b: Eternatus\n|-resisted|p2b: Eternatus\n|-damage|p2b: Eternatus|80/100\n|-damage|p1b: Koraidon|91/100|[from] Recoil\n|move|p2b: Eternatus|Cosmic Power|p2b: Eternatus\n|-boost|p2b: Eternatus|def|1\n|-boost|p2b: Eternatus|spd|1\n|move|p1a: Weezing|Toxic Spikes|p2b: Eternatus\n|-sidestart|p2: mavco90|move: Toxic Spikes\n|move|p2a: Ting-Lu|Sand Tomb|p1b: Koraidon\n|-supereffective|p1b: Koraidon\n|-damage|p1b: Koraidon|68/100\n|-activate|p1b: Koraidon|move: Sand Tomb|[of] p2a: Ting-Lu\n|\n|-damage|p2a: Ting-Lu|51/100 psn|[from] psn\n|-damage|p1b: Koraidon|55/100|[from] move: Sand Tomb|[partiallytrapped]\n|-damage|p1a: Weezing|50/100|[from] move: Sand Tomb|[partiallytrapped]\n|upkeep\n|turn|4\n|inactive|Harry Koekenpan has 30 seconds left.\n|\n|t:|1774284161\n|move|p1b: Koraidon|Collision Course|p2a: Ting-Lu\n|-supereffective|p2a: Ting-Lu\n|-damage|p2a: Ting-Lu|0 fnt\n|faint|p2a: Ting-Lu\n|move|p2b: Eternatus|Cosmic Power|p2b: Eternatus\n|-boost|p2b: Eternatus|def|1\n|-boost|p2b: Eternatus|spd|1\n|move|p1a: Weezing|Toxic Spikes|p2b: Eternatus\n|-sidestart|p2: mavco90|move: Toxic Spikes\n|\n|-end|p1b: Koraidon|Sand Tomb|[partiallytrapped]|[silent]\n|-end|p1a: Weezing|Sand Tomb|[partiallytrapped]|[silent]\n|upkeep\n|\n|t:|1774284181\n|switch|p2a: Ho-Oh|Ho-Oh, L50|100/100\n|turn|5\n|\n|t:|1774284191\n|move|p1b: Koraidon|Flare Blitz|p2b: Eternatus\n|-resisted|p2b: Eternatus\n|-damage|p2b: Eternatus|69/100\n|-damage|p1b: Koraidon|50/100|[from] Recoil\n|move|p2b: Eternatus|Fire Spin|p1b: Koraidon\n|-resisted|p1b: Koraidon\n|-damage|p1b: Koraidon|44/100\n|-activate|p1b: Koraidon|move: Fire Spin|[of] p2b: Eternatus\n|move|p2a: Ho-Oh|Sacred Fire|p1a: Weezing\n|-damage|p1a: Weezing|8/100\n|move|p1a: Weezing|Poison Gas|p2b: Eternatus|[spread] p2a,p2b\n|-status|p2a: Ho-Oh|psn\n|-immune|p2b: Eternatus\n|\n|-damage|p2a: Ho-Oh|88/100 psn|[from] psn\n|-damage|p1b: Koraidon|32/100|[from] move: Fire Spin|[partiallytrapped]\n|upkeep\n|turn|6\n|\n|t:|1774284215\n|move|p1b: Koraidon|Flare Blitz|p2a: Ho-Oh\n|-resisted|p2a: Ho-Oh\n|-damage|p2a: Ho-Oh|69/100 psn\n|-damage|p1b: Koraidon|15/100|[from] item: Rocky Helmet|[of] p2a: Ho-Oh\n|-damage|p1b: Koraidon|7/100|[from] Recoil\n|move|p2b: Eternatus|Cosmic Power|p2b: Eternatus\n|-boost|p2b: Eternatus|def|1\n|-boost|p2b: Eternatus|spd|1\n|move|p2a: Ho-Oh|Sacred Fire|p1a: Weezing\n|-damage|p1a: Weezing|0 fnt\n|faint|p1a: Weezing\n|-end|p1a: Weezing|ability: Neutralizing Gas\n|-weather|SunnyDay|[from] ability: Orichalcum Pulse|[of] p1b: Koraidon\n|-activate|p1b: Koraidon|Orichalcum Pulse|[source]\n|-ability|p2b: Eternatus|Pressure\n|\n|-weather|SunnyDay|[upkeep]\n|-damage|p2a: Ho-Oh|56/100 psn|[from] psn\n|-damage|p1b: Koraidon|0 fnt|[from] move: Fire Spin|[partiallytrapped]\n|faint|p1b: Koraidon\n|upkeep\n|\n|t:|1774284235\n|switch|p1b: Calyrex|Calyrex-Shadow, L50|61/100\n|switch|p1a: Raging Bolt|Raging Bolt, L50|100/100\n|-ability|p1b: Calyrex|As One\n|-ability|p1b: Calyrex|Unnerve\n|-activate|p1a: Raging Bolt|ability: Protosynthesis\n|-start|p1a: Raging Bolt|protosynthesisspa\n|turn|7\n|\n|t:|1774284254\n|move|p1b: Calyrex|Protect|p1b: Calyrex\n|-singleturn|p1b: Calyrex|Protect\n|move|p2a: Ho-Oh|Protect|p2a: Ho-Oh\n|-singleturn|p2a: Ho-Oh|Protect\n|move|p2b: Eternatus|Fire Spin|p1b: Calyrex\n|-activate|p1b: Calyrex|move: Protect\n|move|p1a: Raging Bolt|Electroweb|p2b: Eternatus|[spread] p2b\n|-activate|p2a: Ho-Oh|move: Protect\n|-resisted|p2b: Eternatus\n|-damage|p2b: Eternatus|65/100\n|\n|-weather|SunnyDay|[upkeep]\n|-damage|p2a: Ho-Oh|44/100 psn|[from] psn\n|upkeep\n|turn|8\n|\n|t:|1774284277\n|-terastallize|p2b: Eternatus|Fairy\n|move|p1b: Calyrex|Astral Barrage|p2a: Ho-Oh|[spread] p2a,p2b\n|-crit|p2a: Ho-Oh\n|-damage|p2a: Ho-Oh|0 fnt\n|-damage|p2b: Eternatus|49/100\n|faint|p2a: Ho-Oh\n|-ability|p1b: Calyrex|Grim Neigh|boost\n|-boost|p1b: Calyrex|spa|1\n|-damage|p1b: Calyrex|52/100|[from] item: Life Orb\n|move|p2b: Eternatus|Fire Spin|p1b: Calyrex\n|-damage|p1b: Calyrex|35/100\n|-activate|p1b: Calyrex|move: Fire Spin|[of] p2b: Eternatus\n|move|p1a: Raging Bolt|Draco Meteor|p2b: Eternatus\n|-immune|p2b: Eternatus\n|\n|-weather|SunnyDay|[upkeep]\n|-damage|p1b: Calyrex|23/100|[from] move: Fire Spin|[partiallytrapped]\n|upkeep\n|\n|t:|1774284293\n|switch|p2a: Quagsire|Quagsire, L50, M|100/100\n|-status|p2a: Quagsire|tox\n|turn|9\n|\n|t:|1774284303\n|move|p1a: Raging Bolt|Thunderclap||[still]\n|-fail|p1a: Raging Bolt\n|move|p1b: Calyrex|Astral Barrage|p2a: Quagsire|[spread] p2a,p2b\n|-damage|p2a: Quagsire|0 fnt\n|-damage|p2b: Eternatus|25/100\n|faint|p2a: Quagsire\n|-ability|p1b: Calyrex|Grim Neigh|boost\n|-boost|p1b: Calyrex|spa|1\n|-damage|p1b: Calyrex|13/100|[from] item: Life Orb\n|move|p2b: Eternatus|Recover|p2b: Eternatus\n|-heal|p2b: Eternatus|75/100\n|\n|-weather|SunnyDay|[upkeep]\n|-damage|p1b: Calyrex|0 fnt|[from] move: Fire Spin|[partiallytrapped]\n|faint|p1b: Calyrex\n|upkeep\n|turn|10\n|\n|t:|1774284321\n|move|p2b: Eternatus|Fire Spin|p1a: Raging Bolt\n|-resisted|p1a: Raging Bolt\n|-damage|p1a: Raging Bolt|95/100\n|-activate|p1a: Raging Bolt|move: Fire Spin|[of] p2b: Eternatus\n|move|p1a: Raging Bolt|Thunderbolt|p2b: Eternatus\n|-damage|p2b: Eternatus|60/100\n|\n|-weather|none\n|-end|p1a: Raging Bolt|Protosynthesis\n|-damage|p1a: Raging Bolt|83/100|[from] move: Fire Spin|[partiallytrapped]\n|upkeep\n|turn|11\n|\n|t:|1774284330\n|move|p2b: Eternatus|Cosmic Power|p2b: Eternatus\n|-boost|p2b: Eternatus|def|1\n|-boost|p2b: Eternatus|spd|1\n|move|p1a: Raging Bolt|Thunderbolt|p2b: Eternatus\n|-damage|p2b: Eternatus|50/100\n|\n|-damage|p1a: Raging Bolt|70/100|[from] move: Fire Spin|[partiallytrapped]\n|upkeep\n|turn|12\n|\n|t:|1774284335\n|move|p2b: Eternatus|Recover|p2b: Eternatus\n|-heal|p2b: Eternatus|99/100\n|move|p1a: Raging Bolt|Thunderbolt|p2b: Eternatus\n|-damage|p2b: Eternatus|88/100\n|\n|-damage|p1a: Raging Bolt|58/100|[from] move: Fire Spin|[partiallytrapped]\n|upkeep\n|turn|13\n|\n|t:|1774284345\n|move|p2b: Eternatus|Fire Spin|p1a: Raging Bolt\n|-resisted|p1a: Raging Bolt\n|-damage|p1a: Raging Bolt|54/100\n|move|p1a: Raging Bolt|Thunderbolt|p2b: Eternatus\n|-crit|p2b: Eternatus\n|-damage|p2b: Eternatus|49/100\n|\n|-damage|p1a: Raging Bolt|42/100|[from] move: Fire Spin|[partiallytrapped]\n|upkeep\n|turn|14\n|\n|t:|1774284349\n|move|p2b: Eternatus|Protect|p2b: Eternatus\n|-singleturn|p2b: Eternatus|Protect\n|move|p1a: Raging Bolt|Thunderbolt|p2b: Eternatus\n|-activate|p2b: Eternatus|move: Protect\n|\n|-damage|p1a: Raging Bolt|29/100|[from] move: Fire Spin|[partiallytrapped]\n|upkeep\n|turn|15\n|\n|t:|1774284353\n|move|p2b: Eternatus|Recover|p2b: Eternatus\n|-heal|p2b: Eternatus|99/100\n|move|p1a: Raging Bolt|Thunderbolt|p2b: Eternatus\n|-damage|p2b: Eternatus|89/100\n|\n|-end|p1a: Raging Bolt|Fire Spin|[partiallytrapped]\n|upkeep\n|turn|16\n|\n|t:|1774284360\n|move|p2b: Eternatus|Fire Spin|p1a: Raging Bolt\n|-resisted|p1a: Raging Bolt\n|-damage|p1a: Raging Bolt|26/100\n|-activate|p1a: Raging Bolt|move: Fire Spin|[of] p2b: Eternatus\n|move|p1a: Raging Bolt|Thunderbolt|p2b: Eternatus\n|-damage|p2b: Eternatus|78/100\n|\n|-damage|p1a: Raging Bolt|14/100|[from] move: Fire Spin|[partiallytrapped]\n|upkeep\n|turn|17\n|\n|t:|1774284366\n|move|p2b: Eternatus|Protect|p2b: Eternatus\n|-singleturn|p2b: Eternatus|Protect\n|move|p1a: Raging Bolt|Thunderbolt|p2b: Eternatus\n|-activate|p2b: Eternatus|move: Protect\n|\n|-damage|p1a: Raging Bolt|1/100|[from] move: Fire Spin|[partiallytrapped]\n|upkeep\n|turn|18\n|\n|t:|1774284371\n|move|p2b: Eternatus|Recover|p2b: Eternatus\n|-heal|p2b: Eternatus|100/100\n|move|p1a: Raging Bolt|Thunderbolt|p2b: Eternatus\n|-damage|p2b: Eternatus|90/100\n|\n|-damage|p1a: Raging Bolt|0 fnt|[from] move: Fire Spin|[partiallytrapped]\n|faint|p1a: Raging Bolt\n|-end|p1a: Raging Bolt|Protosynthesis|[silent]\n|\n|win|mavco90\n|raw|Harry Koekenpan's rating: 1188 &rarr; <strong>1164</strong><br />(-24 for losing)\n|raw|mavco90's rating: 1199 &rarr; <strong>1223</strong><br />(+24 for winning)\n|l|\u2606Harry Koekenpan\n|player|p1|\n|l|\u2606mavco90\n|player|p2|\n","uploadtime":1774284635,"views":5,"formatid":"gen9vgc2026regi","rating":1164,"private":0,"password":null}