{"id":"gen9vgc2026regi-2573503727","format":"[Gen 9] VGC 2026 Reg I","players":["sloth1742","HawakMoAngBrip"],"log":"|j|\u2606sloth1742\n|j|\u2606HawakMoAngBrip\n|t:|1775142283\n|gametype|doubles\n|player|p1|sloth1742|2|1084\n|player|p2|HawakMoAngBrip|266|1109\n|gen|9\n|tier|[Gen 9] VGC 2026 Reg I\n|rated|\n|rule|Species Clause: Limit one of each Pok\u00e9mon\n|rule|Item Clause: Limit 1 of each item\n|clearpoke\n|poke|p1|Dragonite, L50, M|\n|poke|p1|Ceruledge, L50, M|\n|poke|p1|Klefki, L50, F|\n|poke|p1|Cottonee, L50, F|\n|poke|p1|Dusclops, L50, M|\n|poke|p1|Torkoal, L50, F|\n|poke|p2|Miraidon, L50|\n|poke|p2|Calyrex-Ice, L50|\n|poke|p2|Amoonguss, L50, F|\n|poke|p2|Incineroar, L50, M|\n|poke|p2|Urshifu-*, L50, F|\n|poke|p2|Landorus, L50, M|\n|teampreview|4\n|\n|t:|1775142295\n|teamsize|p1|4\n|teamsize|p2|4\n|start\n|switch|p1a: imagine dragon...|Dragonite, L50, M|100/100\n|switch|p1b: plantation owner|Cottonee, L50, F|100/100\n|switch|p2a: Miraidon|Miraidon, L50|100/100\n|switch|p2b: Calyrex|Calyrex-Ice, L50|100/100\n|-ability|p2b: Calyrex|As One\n|-ability|p2b: Calyrex|Unnerve\n|-fieldstart|move: Electric Terrain|[from] ability: Hadron Engine|[of] p2a: Miraidon\n|turn|1\n|\n|t:|1775142312\n|move|p1b: plantation owner|Helping Hand|p1a: imagine dragon...\n|-singleturn|p1a: imagine dragon...|Helping Hand|[of] p1b: plantation owner\n|move|p2a: Miraidon|Volt Switch|p1a: imagine dragon...\n|-damage|p1a: imagine dragon...|39/100\n|\n|t:|1775142322\n|switch|p2a: Incineroar|Incineroar, L50, M|100/100|[from] Volt Switch\n|-ability|p2a: Incineroar|Intimidate|boost\n|-fail|p1a: imagine dragon...|unboost|Attack|[from] ability: Inner Focus|[of] p1a: imagine dragon...\n|-unboost|p1b: plantation owner|atk|1\n|move|p1a: imagine dragon...|Earthquake|p2a: Incineroar|[spread] p1b,p2a,p2b\n|-resisted|p1b: plantation owner\n|-supereffective|p2a: Incineroar\n|-crit|p2b: Calyrex\n|-damage|p1b: plantation owner|60/100\n|-damage|p2a: Incineroar|0 fnt\n|-damage|p2b: Calyrex|41/100\n|faint|p2a: Incineroar\n|move|p2b: Calyrex|Glacial Lance|p1a: imagine dragon...|[spread] p1a,p1b\n|-supereffective|p1a: imagine dragon...\n|-supereffective|p1b: plantation owner\n|-damage|p1a: imagine dragon...|0 fnt\n|-damage|p1b: plantation owner|0 fnt\n|faint|p1a: imagine dragon...\n|faint|p1b: plantation owner\n|-ability|p2b: Calyrex|Chilling Neigh|boost\n|-boost|p2b: Calyrex|atk|2\n|\n|upkeep\n|\n|t:|1775142338\n|switch|p1a: Jeffrey E.|Dusclops, L50, M|100/100\n|switch|p2a: Amoonguss|Amoonguss, L50, F|100/100\n|switch|p1b: Woody Marks|Torkoal, L50, F|100/100\n|-item|p2a: Amoonguss|Rocky Helmet|[from] ability: Frisk|[of] p1a: Jeffrey E.\n|-item|p2b: Calyrex|Clear Amulet|[from] ability: Frisk|[of] p1a: Jeffrey E.\n|-weather|SunnyDay|[from] ability: Drought|[of] p1b: Woody Marks\n|turn|2\n|\n|t:|1775142355\n|-terastallize|p2b: Calyrex|Fire\n|move|p1b: Woody Marks|Protect|p1b: Woody Marks\n|-singleturn|p1b: Woody Marks|Protect\n|move|p2b: Calyrex|Glacial Lance|p1a: Jeffrey E.|[spread] p1a\n|-activate|p1b: Woody Marks|move: Protect\n|-damage|p1a: Jeffrey E.|39/100\n|move|p2a: Amoonguss|Pollen Puff|p2b: Calyrex\n|-heal|p2b: Calyrex|90/100\n|move|p1a: Jeffrey E.|Trick Room|p1a: Jeffrey E.\n|-fieldstart|move: Trick Room|[of] p1a: Jeffrey E.\n|\n|-weather|SunnyDay|[upkeep]\n|upkeep\n|turn|3\n|\n|t:|1775142388\n|-terastallize|p1b: Woody Marks|Fire\n|move|p1a: Jeffrey E.|Helping Hand|p1b: Woody Marks\n|-singleturn|p1b: Woody Marks|Helping Hand|[of] p1a: Jeffrey E.\n|move|p2a: Amoonguss|Protect|p2a: Amoonguss\n|-singleturn|p2a: Amoonguss|Protect\n|move|p1b: Woody Marks|Eruption|p2b: Calyrex|[spread] p2b\n|-activate|p2a: Amoonguss|move: Protect\n|-resisted|p2b: Calyrex\n|-crit|p2b: Calyrex\n|-damage|p2b: Calyrex|12/100\n|move|p2b: Calyrex|Glacial Lance|p1a: Jeffrey E.|[spread] p1a,p1b\n|-resisted|p1b: Woody Marks\n|-damage|p1a: Jeffrey E.|0 fnt\n|-damage|p1b: Woody Marks|61/100\n|faint|p1a: Jeffrey E.\n|-ability|p2b: Calyrex|Chilling Neigh|boost\n|-boost|p2b: Calyrex|atk|1\n|\n|-weather|SunnyDay|[upkeep]\n|upkeep\n|turn|4\n|\n|t:|1775142413\n|move|p2b: Calyrex|Protect|p2b: Calyrex\n|-singleturn|p2b: Calyrex|Protect\n|move|p1b: Woody Marks|Heat Wave|p2a: Amoonguss|[spread] p2a\n|-activate|p2b: Calyrex|move: Protect\n|-supereffective|p2a: Amoonguss\n|-damage|p2a: Amoonguss|0 fnt\n|faint|p2a: Amoonguss\n|\n|-weather|SunnyDay|[upkeep]\n|upkeep\n|\n|t:|1775142417\n|switch|p2a: Miraidon|Miraidon, L50|100/100\n|-activate|p2a: Miraidon|ability: Hadron Engine\n|turn|5\n|\n|t:|1775142424\n|move|p1b: Woody Marks|Heat Wave|p2b: Calyrex|[spread] p2a,p2b\n|-resisted|p2a: Miraidon\n|-resisted|p2b: Calyrex\n|-damage|p2a: Miraidon|71/100\n|-damage|p2b: Calyrex|0 fnt\n|-status|p2a: Miraidon|brn\n|faint|p2b: Calyrex\n|move|p2a: Miraidon|Electro Drift|p1b: Woody Marks\n|-damage|p1b: Woody Marks|0 fnt\n|faint|p1b: Woody Marks\n|\n|win|HawakMoAngBrip\n|raw|sloth1742's rating: 1084 &rarr; <strong>1063</strong><br />(-21 for losing)\n|raw|HawakMoAngBrip's rating: 1109 &rarr; <strong>1132</strong><br />(+23 for winning)\n|l|\u2606sloth1742\n|player|p1|\n|l|\u2606HawakMoAngBrip\n|player|p2|\n","uploadtime":1775142597,"views":13,"formatid":"gen9vgc2026regi","rating":1063,"private":0,"password":null}