{"id":"gen9vgc2026regi-2571305052","format":"[Gen 9] VGC 2026 Reg I","players":["Highkage2","isthis6thgood"],"log":"|j|\u203dHighkage2\n|j|\u2606isthis6thgood\n|t:|1774902084\n|gametype|doubles\n|player|p1|Highkage2|doubleteam|1677\n|player|p2|isthis6thgood|169|1646\n|gen|9\n|tier|[Gen 9] VGC 2026 Reg I\n|rated|\n|rule|Species Clause: Limit one of each Pok\u00e9mon\n|rule|Item Clause: Limit 1 of each item\n|clearpoke\n|poke|p1|Incineroar, L50, F|\n|poke|p1|Calyrex-Ice, L50|\n|poke|p1|Miraidon, L50|\n|poke|p1|Iron Treads, L50|\n|poke|p1|Volcarona, L50, F|\n|poke|p1|Farigiraf, L50, M|\n|poke|p2|Miraidon, L50|\n|poke|p2|Lunala, L50|\n|poke|p2|Whimsicott, L50, F|\n|poke|p2|Urshifu-*, L50, M|\n|poke|p2|Incineroar, L50, F|\n|poke|p2|Ursaluna, L50, M|\n|teampreview|4\n|inactive|Battle timer is ON: inactive players will automatically lose when time's up. (requested by Highkage2)\n|inactive|isthis6thgood has 60 seconds left.\n|\n|t:|1774902128\n|teamsize|p1|4\n|teamsize|p2|4\n|start\n|switch|p1a: Miraidon|Miraidon, L50|100/100\n|switch|p1b: Incineroar|Incineroar, L50, F|100/100\n|switch|p2a: Lunala|Lunala, L50|100/100\n|switch|p2b: Miraidon|Miraidon, L50|100/100\n|-fieldstart|move: Electric Terrain|[from] ability: Hadron Engine|[of] p2b: Miraidon\n|-enditem|p2a: Lunala|Electric Seed\n|-boost|p2a: Lunala|def|1|[from] item: Electric Seed\n|-activate|p1a: Miraidon|ability: Hadron Engine\n|-ability|p1b: Incineroar|Intimidate|boost\n|-unboost|p2a: Lunala|atk|1\n|-unboost|p2b: Miraidon|atk|1\n|turn|1\n|inactive|Highkage2 has 30 seconds left.\n|inactive|isthis6thgood has 30 seconds left.\n|\n|t:|1774902159\n|switch|p2b: Whimsicott|Whimsicott, L50, F|100/100\n|move|p1a: Miraidon|Volt Switch|p2a: Lunala\n|-damage|p2a: Lunala|65/100\n|\n|t:|1774902166\n|switch|p1a: Iron Treads|Iron Treads, L50|100/100|[from] Volt Switch\n|-activate|p1a: Iron Treads|ability: Quark Drive\n|-start|p1a: Iron Treads|quarkdrivespe\n|move|p2a: Lunala|Moongeist Beam|p1a: Iron Treads\n|-damage|p1a: Iron Treads|24/100\n|move|p1b: Incineroar|U-turn|p2a: Lunala\n|-damage|p2a: Lunala|55/100\n|\n|t:|1774902179\n|switch|p1b: Miraidon|Miraidon, L50|100/100|[from] U-turn\n|-activate|p1b: Miraidon|ability: Hadron Engine\n|\n|upkeep\n|turn|2\n|\n|t:|1774902196\n|-terastallize|p2a: Lunala|Fairy\n|move|p2b: Whimsicott|Tailwind|p2b: Whimsicott\n|-sidestart|p2: isthis6thgood|move: Tailwind\n|move|p1a: Iron Treads|Iron Head|p2b: Whimsicott\n|-supereffective|p2b: Whimsicott\n|-damage|p2b: Whimsicott|0 fnt\n|faint|p2b: Whimsicott\n|move|p2a: Lunala|Moonblast|p1b: Miraidon\n|-supereffective|p1b: Miraidon\n|-damage|p1b: Miraidon|11/100\n|-unboost|p1b: Miraidon|spa|1\n|move|p1b: Miraidon|Electro Drift|p2a: Lunala\n|-damage|p2a: Lunala|0 fnt\n|faint|p2a: Lunala\n|\n|upkeep\n|\n|t:|1774902214\n|switch|p2b: Miraidon|Miraidon, L50|100/100\n|switch|p2a: Urshifu|Urshifu-Rapid-Strike, L50, M|100/100\n|-activate|p2b: Miraidon|ability: Hadron Engine\n|turn|3\n|inactive|Highkage2 has 30 seconds left.\n|\n|t:|1774902242\n|move|p2b: Miraidon|Electro Drift|p1b: Miraidon\n|-resisted|p1b: Miraidon\n|-damage|p1b: Miraidon|0 fnt\n|faint|p1b: Miraidon\n|-damage|p2b: Miraidon|91/100|[from] item: Life Orb\n|move|p2a: Urshifu|Surging Strikes|p1a: Iron Treads\n|-supereffective|p1a: Iron Treads\n|-crit|p1a: Iron Treads\n|-damage|p1a: Iron Treads|0 fnt\n|faint|p1a: Iron Treads\n|-end|p1a: Iron Treads|Quark Drive|[silent]\n|-hitcount|p1: Iron Treads|1\n|\n|upkeep\n|\n|t:|1774902246\n|switch|p1b: Calyrex|Calyrex-Ice, L50|100/100\n|switch|p1a: Incineroar|Incineroar, L50, F|100/100\n|-ability|p1b: Calyrex|As One\n|-ability|p1b: Calyrex|Unnerve\n|-ability|p1a: Incineroar|Intimidate|boost\n|-unboost|p2a: Urshifu|atk|1\n|-unboost|p2b: Miraidon|atk|1\n|turn|4\n|\n|t:|1774902267\n|-terastallize|p1a: Incineroar|Bug\n|move|p1a: Incineroar|Fake Out|p2b: Miraidon\n|-damage|p2b: Miraidon|80/100\n|cant|p2b: Miraidon|flinch\n|move|p2a: Urshifu|Surging Strikes|p1b: Calyrex\n|-crit|p1b: Calyrex\n|-damage|p1b: Calyrex|78/100\n|-crit|p1b: Calyrex\n|-damage|p1b: Calyrex|59/100\n|-crit|p1b: Calyrex\n|-damage|p1b: Calyrex|39/100\n|-hitcount|p1b: Calyrex|3\n|move|p1b: Calyrex|Trick Room|p1b: Calyrex\n|-fieldstart|move: Trick Room|[of] p1b: Calyrex\n|\n|-heal|p1b: Calyrex|44/100|[from] item: Leftovers\n|upkeep\n|turn|5\n|inactive|Highkage2 has 30 seconds left.\n|\n|t:|1774902298\n|move|p2b: Miraidon|Protect|p2b: Miraidon\n|-singleturn|p2b: Miraidon|Protect\n|move|p1b: Calyrex|Glacial Lance|p2a: Urshifu|[spread] p2a\n|-activate|p2b: Miraidon|move: Protect\n|-resisted|p2a: Urshifu\n|-damage|p2a: Urshifu|75/100\n|move|p1a: Incineroar|Knock Off|p2a: Urshifu\n|-resisted|p2a: Urshifu\n|-damage|p2a: Urshifu|58/100\n|-enditem|p2a: Urshifu|Choice Band|[from] move: Knock Off|[of] p1a: Incineroar\n|move|p2a: Urshifu|Surging Strikes|p1b: Calyrex\n|-crit|p1b: Calyrex\n|-damage|p1b: Calyrex|31/100\n|-crit|p1b: Calyrex\n|-damage|p1b: Calyrex|17/100\n|-crit|p1b: Calyrex\n|-damage|p1b: Calyrex|3/100\n|-hitcount|p1b: Calyrex|3\n|\n|-heal|p1b: Calyrex|9/100|[from] item: Leftovers\n|-sideend|p2: isthis6thgood|move: Tailwind\n|-fieldend|move: Electric Terrain\n|upkeep\n|turn|6\n|inactive|isthis6thgood has 30 seconds left.\n|\n|t:|1774902328\n|move|p2a: Urshifu|Aqua Jet|p1b: Calyrex\n|-damage|p1b: Calyrex|0 fnt\n|faint|p1b: Calyrex\n|move|p1a: Incineroar|Flare Blitz|p2a: Urshifu\n|-resisted|p2a: Urshifu\n|-damage|p2a: Urshifu|36/100\n|-damage|p1a: Incineroar|94/100|[from] Recoil\n|move|p2b: Miraidon|Electro Drift|p1a: Incineroar\n|-damage|p1a: Incineroar|54/100\n|-damage|p2b: Miraidon|71/100|[from] item: Life Orb\n|\n|upkeep\n|turn|7\n|-message|Highkage2 forfeited.\n|\n|win|isthis6thgood\n|raw|Highkage2's rating: 1677 &rarr; <strong>1655</strong><br />(-22 for losing)\n|raw|isthis6thgood's rating: 1646 &rarr; <strong>1668</strong><br />(+22 for winning)\n|l|\u203dHighkage2\n|player|p1|\n|l|\u2606isthis6thgood\n|player|p2|\n","uploadtime":1774902610,"views":100,"formatid":"gen9vgc2026regi","rating":1655,"private":0,"password":null}