{"id":"gen9vgc2026regi-2573690766","format":"[Gen 9] VGC 2026 Reg I","players":["i8huuo","LechonkBro"],"log":"|j|\u2606i8huuo\n|j|\u2606LechonkBro\n|t:|1775156893\n|gametype|doubles\n|player|p1|i8huuo|169|1407\n|player|p2|LechonkBro|2|1549\n|gen|9\n|tier|[Gen 9] VGC 2026 Reg I\n|rated|\n|rule|Species Clause: Limit one of each Pok\u00e9mon\n|rule|Item Clause: Limit 1 of each item\n|clearpoke\n|poke|p1|Zamazenta-*, L50|\n|poke|p1|Weezing, L50, M|\n|poke|p1|Terapagos, L50, M|\n|poke|p1|Chien-Pao, L50|\n|poke|p1|Iron Hands, L50|\n|poke|p1|Incineroar, L50, M|\n|poke|p2|Chien-Pao, L50|\n|poke|p2|Calyrex-Shadow, L50|\n|poke|p2|Dondozo, L50, F|\n|poke|p2|Zamazenta-*, L50|\n|poke|p2|Dragonite, L50, F|\n|poke|p2|Tatsugiri, L50, M|\n|teampreview|4\n|inactive|Battle timer is ON: inactive players will automatically lose when time's up. (requested by LechonkBro)\n|inactive|i8huuo has 60 seconds left.\n|\n|t:|1775156923\n|teamsize|p1|4\n|teamsize|p2|4\n|start\n|switch|p1a: Terapagos|Terapagos, L50, M|100/100\n|switch|p1b: Weezing|Weezing, L50, M|100/100\n|switch|p2a: Calyrex|Calyrex-Shadow, L50|100/100\n|switch|p2b: Chien-Pao|Chien-Pao, L50|100/100\n|-activate|p1a: Terapagos|ability: Tera Shift\n|detailschange|p1a: Terapagos|Terapagos-Terastal, L50, M\n|-heal|p1a: Terapagos|100/100|[silent]\n|-ability|p1b: Weezing|Neutralizing Gas\n|-ability|p2a: Calyrex|As One\n|-ability|p2a: Calyrex|Unnerve\n|turn|1\n|\n|t:|1775156943\n|move|p1a: Terapagos|Protect|p1a: Terapagos\n|-singleturn|p1a: Terapagos|Protect\n|move|p2a: Calyrex|Trick|p1a: Terapagos\n|-activate|p1a: Terapagos|move: Protect\n|move|p2b: Chien-Pao|Taunt|p1b: Weezing\n|-start|p1b: Weezing|move: Taunt\n|-enditem|p1b: Weezing|Mental Herb\n|-end|p1b: Weezing|move: Taunt\n|move|p1b: Weezing|Will-O-Wisp|p2b: Chien-Pao\n|-status|p2b: Chien-Pao|brn\n|\n|-damage|p2b: Chien-Pao|95/100 brn|[from] brn\n|upkeep\n|turn|2\n|\n|t:|1775156968\n|switch|p2a: Zamazenta|Zamazenta-Crowned, L50|100/100\n|switch|p1a: Chien-Pao|Chien-Pao, L50|100/100\n|move|p2b: Chien-Pao|Taunt|p1b: Weezing\n|-start|p1b: Weezing|move: Taunt\n|cant|p1b: Weezing|move: Taunt|Toxic\n|\n|-damage|p2b: Chien-Pao|89/100 brn|[from] brn\n|upkeep\n|turn|3\n|\n|t:|1775156986\n|-end|p1b: Weezing|ability: Neutralizing Gas\n|-ability|p2b: Chien-Pao|Sword of Ruin\n|-ability|p1a: Chien-Pao|Sword of Ruin\n|-ability|p2a: Zamazenta|Dauntless Shield|boost\n|-boost|p2a: Zamazenta|def|1\n|switch|p1b: Zamazenta|Zamazenta-Crowned, L50|100/100\n|-ability|p1b: Zamazenta|Dauntless Shield|boost\n|-boost|p1b: Zamazenta|def|1\n|move|p1a: Chien-Pao|Protect|p1a: Chien-Pao\n|-singleturn|p1a: Chien-Pao|Protect\n|move|p2b: Chien-Pao|Ruination|p1a: Chien-Pao\n|-activate|p1a: Chien-Pao|move: Protect\n|move|p2a: Zamazenta|Body Press|p1a: Chien-Pao\n|-activate|p1a: Chien-Pao|move: Protect\n|\n|-damage|p2b: Chien-Pao|83/100 brn|[from] brn\n|upkeep\n|turn|4\n|\n|t:|1775157009\n|move|p1a: Chien-Pao|Sucker Punch|p2b: Chien-Pao\n|-resisted|p2b: Chien-Pao\n|-crit|p2b: Chien-Pao\n|-damage|p2b: Chien-Pao|48/100 brn\n|move|p2b: Chien-Pao|Ruination|p1a: Chien-Pao\n|-damage|p1a: Chien-Pao|51/100\n|move|p2a: Zamazenta|Body Press|p1a: Chien-Pao\n|-supereffective|p1a: Chien-Pao\n|-damage|p1a: Chien-Pao|0 fnt\n|faint|p1a: Chien-Pao\n|move|p1b: Zamazenta|Body Press|p2a: Zamazenta\n|-supereffective|p2a: Zamazenta\n|-damage|p2a: Zamazenta|26/100\n|\n|-damage|p2b: Chien-Pao|42/100 brn|[from] brn\n|upkeep\n|\n|t:|1775157028\n|switch|p1a: Terapagos|Terapagos-Terastal, L50, M|100/100\n|turn|5\n|\n|t:|1775157036\n|move|p2b: Chien-Pao|Ruination|p1b: Zamazenta|[miss]\n|-miss|p2b: Chien-Pao|p1b: Zamazenta\n|move|p2a: Zamazenta|Body Press|p1b: Zamazenta\n|-supereffective|p1b: Zamazenta\n|-damage|p1b: Zamazenta|24/100\n|move|p1b: Zamazenta|Body Press|p2a: Zamazenta\n|-supereffective|p2a: Zamazenta\n|-damage|p2a: Zamazenta|0 fnt\n|faint|p2a: Zamazenta\n|move|p1a: Terapagos|Earth Power|p2b: Chien-Pao\n|-damage|p2b: Chien-Pao|0 fnt\n|faint|p2b: Chien-Pao\n|\n|upkeep\n|\n|t:|1775157049\n|switch|p2b: Dragonite|Dragonite, L50, F|100/100\n|switch|p2a: Calyrex|Calyrex-Shadow, L50|100/100\n|-ability|p2a: Calyrex|As One\n|-ability|p2a: Calyrex|Unnerve\n|turn|6\n|\n|t:|1775157065\n|move|p1b: Zamazenta|Wide Guard|p1b: Zamazenta\n|-singleturn|p1b: Zamazenta|Wide Guard\n|move|p2a: Calyrex|Psychic|p1b: Zamazenta\n|-damage|p1b: Zamazenta|0 fnt\n|faint|p1b: Zamazenta\n|-ability|p2a: Calyrex|Grim Neigh|boost\n|-boost|p2a: Calyrex|spa|1\n|move|p1a: Terapagos|Calm Mind|p1a: Terapagos\n|-boost|p1a: Terapagos|spa|1\n|-boost|p1a: Terapagos|spd|1\n|move|p2b: Dragonite|Low Kick|p1a: Terapagos\n|-activate|p1a: Terapagos|ability: Tera Shell\n|-resisted|p1a: Terapagos\n|-damage|p1a: Terapagos|92/100\n|\n|-heal|p1a: Terapagos|98/100|[from] item: Leftovers\n|upkeep\n|\n|t:|1775157081\n|switch|p1b: Weezing|Weezing, L50, M|100/100\n|-ability|p1b: Weezing|Neutralizing Gas\n|turn|7\n|\n|t:|1775157096\n|-terastallize|p1a: Terapagos|Stellar\n|detailschange|p1a: Terapagos|Terapagos-Stellar, L50, M, tera:Stellar\n|-heal|p1a: Terapagos|98/100|[silent]\n|move|p2a: Calyrex|Psychic|p1b: Weezing\n|-supereffective|p1b: Weezing\n|-damage|p1b: Weezing|0 fnt\n|faint|p1b: Weezing\n|-end|p1b: Weezing|ability: Neutralizing Gas\n|-ability|p2a: Calyrex|Grim Neigh|boost\n|-boost|p2a: Calyrex|spa|1\n|move|p1a: Terapagos|Tera Starstorm|p2a: Calyrex|[spread] p2a,p2b\n|-damage|p2a: Calyrex|35/100\n|-damage|p2b: Dragonite|42/100\n|move|p2b: Dragonite|Low Kick|p1a: Terapagos\n|-supereffective|p1a: Terapagos\n|-damage|p1a: Terapagos|41/100\n|\n|-heal|p1a: Terapagos|47/100|[from] item: Leftovers\n|upkeep\n|turn|8\n|\n|t:|1775157113\n|move|p2a: Calyrex|Psychic|p1a: Terapagos\n|-damage|p1a: Terapagos|0 fnt\n|faint|p1a: Terapagos\n|detailschange|p1: Terapagos|Terapagos, L50, M|[silent]\n|\n|win|LechonkBro\n|raw|i8huuo's rating: 1407 &rarr; <strong>1395</strong><br />(-12 for losing)\n|raw|LechonkBro's rating: 1549 &rarr; <strong>1561</strong><br />(+12 for winning)\n|l|\u2606LechonkBro\n|player|p2|\n|l|\u2606i8huuo\n|player|p1|\n","uploadtime":1775157335,"views":13,"formatid":"gen9vgc2026regi","rating":1395,"private":0,"password":null}