{"id":"gen9vgc2026regi-2558902880","format":"[Gen 9] VGC 2026 Reg I","players":["jonen","monkeychese"],"log":"|j|\u2606jonen\n|j|\u2606monkeychese\n|t:|1773499792\n|gametype|doubles\n|player|p1|jonen|medium|1218\n|player|p2|monkeychese|nate|1265\n|gen|9\n|tier|[Gen 9] VGC 2026 Reg I\n|rated|\n|rule|Species Clause: Limit one of each Pok\u00e9mon\n|rule|Item Clause: Limit 1 of each item\n|clearpoke\n|poke|p1|Rabsca, L50, F|\n|poke|p1|Landorus, L50, M|\n|poke|p1|Calyrex-Ice, L50|\n|poke|p1|Miraidon, L50|\n|poke|p1|Incineroar, L50, M|\n|poke|p1|Urshifu-*, L50, M|\n|poke|p2|Zacian-*, L50|\n|poke|p2|Calyrex-Shadow, L50|\n|poke|p2|Urshifu-*, L50, F|\n|poke|p2|Incineroar, L50, F|\n|poke|p2|Rillaboom, L50, F|\n|poke|p2|Ogerpon-Hearthflame, L50, F|\n|teampreview|4\n|j| sgafdthrydjtd\n|inactive|Battle timer is ON: inactive players will automatically lose when time's up. (requested by monkeychese)\n|\n|t:|1773499843\n|teamsize|p1|4\n|teamsize|p2|4\n|start\n|switch|p1a: Landorus|Landorus, L50, M|100/100\n|switch|p1b: Calyrex|Calyrex-Ice, L50|100/100\n|switch|p2a: Calyrex|Calyrex-Shadow, L50|100/100\n|switch|p2b: Rillaboom|Rillaboom, L50, F|100/100\n|-ability|p2a: Calyrex|As One\n|-ability|p2a: Calyrex|Unnerve\n|-ability|p1b: Calyrex|As One\n|-ability|p1b: Calyrex|Unnerve\n|-fieldstart|move: Grassy Terrain|[from] ability: Grassy Surge|[of] p2b: Rillaboom\n|turn|1\n|inactive|monkeychese has 30 seconds left.\n|inactive|jonen has 30 seconds left.\n|inactive|monkeychese has 20 seconds left.\n|inactive|monkeychese has 15 seconds left.\n|inactive|monkeychese has 10 seconds left.\n|\n|t:|1773499888\n|-terastallize|p2a: Calyrex|Dark\n|-terastallize|p1b: Calyrex|Fairy\n|move|p2b: Rillaboom|Fake Out|p1b: Calyrex\n|-damage|p1b: Calyrex|92/100\n|move|p1a: Landorus|Crunch|p2a: Calyrex\n|-resisted|p2a: Calyrex\n|-damage|p2a: Calyrex|85/100\n|move|p2a: Calyrex|Astral Barrage|p1b: Calyrex|[spread] p1a,p1b\n|-crit|p1b: Calyrex\n|-damage|p1a: Landorus|14/100\n|-damage|p1b: Calyrex|37/100\n|-damage|p2a: Calyrex|75/100|[from] item: Life Orb\n|cant|p1b: Calyrex|flinch\n|\n|-heal|p2a: Calyrex|81/100|[from] Grassy Terrain\n|-heal|p1b: Calyrex|43/100|[from] Grassy Terrain\n|-heal|p1b: Calyrex|49/100|[from] item: Leftovers\n|upkeep\n|turn|2\n|\n|t:|1773499906\n|switch|p1a: Incineroar|Incineroar, L50, M|100/100\n|-ability|p1a: Incineroar|Intimidate|boost\n|-unboost|p2a: Calyrex|atk|1\n|-unboost|p2b: Rillaboom|atk|1\n|move|p1b: Calyrex|Protect|p1b: Calyrex\n|-singleturn|p1b: Calyrex|Protect\n|move|p2a: Calyrex|Astral Barrage|p1b: Calyrex|[spread] p1a\n|-activate|p1b: Calyrex|move: Protect\n|-resisted|p1a: Incineroar\n|-damage|p1a: Incineroar|81/100\n|-damage|p2a: Calyrex|71/100|[from] item: Life Orb\n|move|p2b: Rillaboom|U-turn|p1b: Calyrex\n|-activate|p1b: Calyrex|move: Protect\n|\n|-heal|p2a: Calyrex|78/100|[from] Grassy Terrain\n|-heal|p1b: Calyrex|55/100|[from] Grassy Terrain\n|-heal|p1b: Calyrex|60/100|[from] item: Leftovers\n|-heal|p1a: Incineroar|87/100|[from] Grassy Terrain\n|upkeep\n|turn|3\n|\n|t:|1773499917\n|move|p1a: Incineroar|Fake Out|p2a: Calyrex\n|-damage|p2a: Calyrex|65/100\n|cant|p2a: Calyrex|flinch\n|move|p2b: Rillaboom|Wood Hammer|p1b: Calyrex\n|-damage|p1b: Calyrex|28/100\n|-damage|p2b: Rillaboom|90/100|[from] Recoil\n|move|p1b: Calyrex|Trick Room|p1b: Calyrex\n|-fieldstart|move: Trick Room|[of] p1b: Calyrex\n|\n|-heal|p1a: Incineroar|93/100|[from] Grassy Terrain\n|-heal|p1b: Calyrex|34/100|[from] Grassy Terrain\n|-heal|p1b: Calyrex|40/100|[from] item: Leftovers\n|-heal|p2b: Rillaboom|96/100|[from] Grassy Terrain\n|-heal|p2a: Calyrex|71/100|[from] Grassy Terrain\n|upkeep\n|turn|4\n|\n|t:|1773499928\n|move|p2a: Calyrex|Protect|p2a: Calyrex\n|-singleturn|p2a: Calyrex|Protect\n|move|p1a: Incineroar|U-turn|p2b: Rillaboom\n|-supereffective|p2b: Rillaboom\n|-damage|p2b: Rillaboom|60/100\n|\n|t:|1773499941\n|switch|p1a: Miraidon|Miraidon, L50|100/100|[from] U-turn\n|-fieldstart|move: Electric Terrain|[from] ability: Hadron Engine|[of] p1a: Miraidon\n|move|p1b: Calyrex|Glacial Lance|p2b: Rillaboom|[spread] p2b\n|-activate|p2a: Calyrex|move: Protect\n|-supereffective|p2b: Rillaboom\n|-damage|p2b: Rillaboom|0 fnt\n|faint|p2b: Rillaboom\n|-ability|p1b: Calyrex|Chilling Neigh|boost\n|-boost|p1b: Calyrex|atk|1\n|\n|-heal|p1b: Calyrex|45/100|[from] item: Leftovers\n|upkeep\n|\n|t:|1773499953\n|switch|p2b: Urshifu|Urshifu-Rapid-Strike, L50, F|100/100\n|turn|5\n|\n|t:|1773499966\n|move|p1b: Calyrex|Glacial Lance|p2a: Calyrex|[spread] p2a,p2b\n|-resisted|p2b: Urshifu\n|-damage|p2a: Calyrex|0 fnt\n|-damage|p2b: Urshifu|57/100\n|faint|p2a: Calyrex\n|-ability|p1b: Calyrex|Chilling Neigh|boost\n|-boost|p1b: Calyrex|atk|1\n|move|p2b: Urshifu|Surging Strikes|p1b: Calyrex\n|-crit|p1b: Calyrex\n|-damage|p1b: Calyrex|34/100\n|-crit|p1b: Calyrex\n|-damage|p1b: Calyrex|22/100\n|-crit|p1b: Calyrex\n|-damage|p1b: Calyrex|9/100\n|-hitcount|p1b: Calyrex|3\n|move|p1a: Miraidon|Volt Switch|p2b: Urshifu\n|-supereffective|p2b: Urshifu\n|-damage|p2b: Urshifu|0 fnt\n|faint|p2b: Urshifu\n|\n|t:|1773499970\n|switch|p1a: Incineroar|Incineroar, L50, M|93/100|[from] Volt Switch\n|\n|-heal|p1b: Calyrex|15/100|[from] item: Leftovers\n|upkeep\n|-message|monkeychese forfeited.\n|\n|win|jonen\n|raw|jonen's rating: 1218 &rarr; <strong>1246</strong><br />(+28 for winning)\n|raw|monkeychese's rating: 1265 &rarr; <strong>1237</strong><br />(-28 for losing)\n","uploadtime":1773499976,"views":14,"formatid":"gen9vgc2026regi","rating":1237,"private":0,"password":null}