{"id":"gen9vgc2026regi-2577020844","format":"[Gen 9] VGC 2026 Reg I","players":["ScribbleScribble","Snowsquall brute"],"log":"|j|\u2606ScribbleScribble\n|j|\u2606Snowsquall brute\n|t:|1775527870\n|gametype|doubles\n|player|p1|ScribbleScribble|mina-lgpe|1669\n|player|p2|Snowsquall brute|veteran|1708\n|gen|9\n|tier|[Gen 9] VGC 2026 Reg I\n|rated|\n|rule|Species Clause: Limit one of each Pok\u00e9mon\n|rule|Item Clause: Limit 1 of each item\n|clearpoke\n|poke|p1|Calyrex-Ice, L50|\n|poke|p1|Kyogre, L50|\n|poke|p1|Tornadus, L50, M|\n|poke|p1|Indeedee-F, L50, F|\n|poke|p1|Urshifu-*, L50, M|\n|poke|p1|Landorus, L50, M|\n|poke|p2|Miraidon, L50|\n|poke|p2|Landorus-Therian, L50, M|\n|poke|p2|Kingambit, L50, M|\n|poke|p2|Lunala, L50|\n|teampreview|4\n|inactive|Battle timer is ON: inactive players will automatically lose when time's up. (requested by ScribbleScribble)\n|c|\u2606Snowsquall brute|oh hi!\n|\n|t:|1775527887\n|teamsize|p1|4\n|teamsize|p2|4\n|start\n|switch|p1a: Landorus|Landorus, L50, M|100/100\n|switch|p1b: Tornadus|Tornadus, L50, M|100/100\n|switch|p2a: Miraidon|Miraidon, L50|100/100\n|switch|p2b: Lunala|Lunala, L50|100/100\n|-fieldstart|move: Electric Terrain|[from] ability: Hadron Engine|[of] p2a: Miraidon\n|-enditem|p2a: Miraidon|Electric Seed\n|-boost|p2a: Miraidon|def|1|[from] item: Electric Seed\n|turn|1\n|c|\u2606ScribbleScribble|Hey tempest\n|\n|t:|1775527910\n|switch|p2a: Landorus|Landorus-Therian, L50, M|100/100\n|-ability|p2a: Landorus|Intimidate|boost\n|-unboost|p1a: Landorus|atk|1\n|-unboost|p1b: Tornadus|atk|1\n|move|p1b: Tornadus|Taunt|p2b: Lunala\n|-start|p2b: Lunala|move: Taunt\n|move|p1a: Landorus|Earth Power|p2a: Landorus\n|-immune|p2a: Landorus\n|move|p2b: Lunala|Icy Wind|p1b: Tornadus|[spread] p1a,p1b\n|-supereffective|p1a: Landorus\n|-supereffective|p1b: Tornadus\n|-damage|p1a: Landorus|46/100\n|-damage|p1b: Tornadus|67/100\n|-unboost|p1a: Landorus|spe|1\n|-unboost|p1b: Tornadus|spe|1\n|\n|upkeep\n|turn|2\n|\n|t:|1775527926\n|switch|p1a: Urshifu|Urshifu-Rapid-Strike, L50, M|100/100\n|move|p1b: Tornadus|Tailwind|p1b: Tornadus\n|-sidestart|p1: ScribbleScribble|move: Tailwind\n|move|p2b: Lunala|Moongeist Beam|p1a: Urshifu\n|-damage|p1a: Urshifu|38/100\n|move|p2a: Landorus|U-turn|p1b: Tornadus\n|-resisted|p1b: Tornadus\n|-damage|p1b: Tornadus|46/100\n|\n|t:|1775527932\n|switch|p2a: Miraidon|Miraidon, L50|100/100|[from] U-turn\n|-activate|p2a: Miraidon|ability: Hadron Engine\n|\n|upkeep\n|turn|3\n|\n|t:|1775527944\n|switch|p2b: Landorus|Landorus-Therian, L50, M|100/100\n|-ability|p2b: Landorus|Intimidate|boost\n|-unboost|p1a: Urshifu|atk|1\n|-unboost|p1b: Tornadus|atk|1\n|move|p1b: Tornadus|Rain Dance|p1b: Tornadus\n|-weather|RainDance\n|move|p1a: Urshifu|Surging Strikes|p2b: Landorus\n|-supereffective|p2b: Landorus\n|-crit|p2b: Landorus\n|-damage|p2b: Landorus|1/100\n|-supereffective|p2b: Landorus\n|-crit|p2b: Landorus\n|-damage|p2b: Landorus|0 fnt\n|faint|p2b: Landorus\n|-hitcount|p2: Landorus|2\n|move|p2a: Miraidon|Parabolic Charge|p1a: Urshifu|[spread] p1a,p1b\n|-supereffective|p1a: Urshifu\n|-supereffective|p1b: Tornadus\n|-crit|p1b: Tornadus\n|-damage|p1a: Urshifu|0 fnt\n|-damage|p1b: Tornadus|0 fnt\n|faint|p1a: Urshifu\n|faint|p1b: Tornadus\n|\n|-weather|RainDance|[upkeep]\n|upkeep\n|\n|t:|1775527966\n|switch|p1b: Landorus|Landorus, L50, M|46/100\n|switch|p1a: Kyogre|Kyogre, L50|100/100\n|switch|p2b: Lunala|Lunala, L50|100/100\n|turn|4\n|\n|t:|1775527982\n|switch|p2a: Kingambit|Kingambit, L50, M|100/100\n|-terastallize|p2b: Lunala|Water\n|move|p1a: Kyogre|Water Spout|p2b: Lunala|[spread] p2a,p2b\n|-resisted|p2b: Lunala\n|-damage|p2a: Kingambit|0 fnt\n|-damage|p2b: Lunala|79/100\n|faint|p2a: Kingambit\n|move|p1b: Landorus|Sandsear Storm|p2b: Lunala\n|-damage|p2b: Lunala|21/100\n|-enditem|p2b: Lunala|Sitrus Berry|[eat]\n|-heal|p2b: Lunala|46/100|[from] item: Sitrus Berry\n|move|p2b: Lunala|Moongeist Beam|p1b: Landorus\n|-damage|p1b: Landorus|0 fnt\n|faint|p1b: Landorus\n|\n|-weather|RainDance|[upkeep]\n|upkeep\n|\n|t:|1775527988\n|switch|p2a: Miraidon|Miraidon, L50|100/100\n|-activate|p2a: Miraidon|ability: Hadron Engine\n|turn|5\n|\n|t:|1775527993\n|-terastallize|p1a: Kyogre|Grass\n|move|p1a: Kyogre|Thunder|p2b: Lunala\n|-supereffective|p2b: Lunala\n|-damage|p2b: Lunala|0 fnt\n|faint|p2b: Lunala\n|move|p2a: Miraidon|Calm Mind|p2a: Miraidon\n|-boost|p2a: Miraidon|spa|1\n|-boost|p2a: Miraidon|spd|1\n|\n|-weather|RainDance|[upkeep]\n|-sideend|p1: ScribbleScribble|move: Tailwind\n|-fieldend|move: Electric Terrain\n|upkeep\n|turn|6\n|\n|t:|1775527998\n|move|p2a: Miraidon|Dragon Pulse|p1a: Kyogre\n|-damage|p1a: Kyogre|57/100\n|move|p1a: Kyogre|Water Spout|p2a: Miraidon\n|-resisted|p2a: Miraidon\n|-damage|p2a: Miraidon|81/100\n|\n|-weather|RainDance|[upkeep]\n|upkeep\n|turn|7\n|\n|t:|1775528001\n|move|p2a: Miraidon|Dragon Pulse|p1a: Kyogre\n|-damage|p1a: Kyogre|13/100\n|move|p1a: Kyogre|Hydro Pump|p2a: Miraidon\n|-resisted|p2a: Miraidon\n|-damage|p2a: Miraidon|54/100\n|\n|-weather|none\n|upkeep\n|turn|8\n|\n|t:|1775528004\n|move|p2a: Miraidon|Dragon Pulse|p1a: Kyogre\n|-damage|p1a: Kyogre|0 fnt\n|faint|p1a: Kyogre\n|\n|win|Snowsquall brute\n|raw|ScribbleScribble's rating: 1678 &rarr; <strong>1660</strong><br />(-18 for losing)\n|raw|Snowsquall brute's rating: 1708 &rarr; <strong>1726</strong><br />(+18 for winning)\n|c|\u2606ScribbleScribble|gg\n|l|\u2606ScribbleScribble\n|player|p1|\n|j| salamstudu\n","uploadtime":1775528462,"views":52,"formatid":"gen9vgc2026regi","rating":1660,"private":0,"password":null}