{"id":"gen9vgc2026regi-2529990818","format":"[Gen 9] VGC 2026 Reg I","players":["blackred123","r4fa44"],"log":"|j|\u2606blackred123\n|j|\u2606r4fa44\n|t:|1769859895\n|gametype|doubles\n|player|p1|blackred123|iono-masters|1437\n|player|p2|r4fa44|cynthia-gen7|1347\n|gen|9\n|tier|[Gen 9] VGC 2026 Reg I\n|rated|\n|rule|Species Clause: Limit one of each Pok\u00e9mon\n|rule|Item Clause: Limit 1 of each item\n|clearpoke\n|poke|p1|Calyrex-Shadow, L50|\n|poke|p1|Annihilape, L50, M|\n|poke|p1|Zamazenta-*, L50|\n|poke|p1|Tornadus, L50, M|\n|poke|p1|Rillaboom, L50, M|\n|poke|p1|Amoonguss, L50, M|\n|poke|p2|Kyogre, L50|\n|poke|p2|Zacian-*, L50|\n|poke|p2|Tornadus, L50, M|\n|poke|p2|Raging Bolt, L50|\n|poke|p2|Rillaboom, L50, F|\n|poke|p2|Urshifu-*, L50, F|\n|teampreview|4\n|inactive|Battle timer is ON: inactive players will automatically lose when time's up. (requested by r4fa44)\n|inactive|blackred123 also wants the timer to be on.\n|inactive|r4fa44 has 60 seconds left.\n|\n|t:|1769859936\n|teamsize|p1|4\n|teamsize|p2|4\n|start\n|switch|p1a: \u7334|Annihilape, L50, M|100/100\n|switch|p1b: \u53cd\u6d3e\u91d1\u8c6a|Tornadus, L50, M|100/100\n|switch|p2a: Tornadus|Tornadus, L50, M|100/100\n|switch|p2b: Zacian|Zacian-Crowned, L50|100/100\n|-ability|p2b: Zacian|Intrepid Sword|boost\n|-boost|p2b: Zacian|atk|1\n|turn|1\n|\n|t:|1769859945\n|-terastallize|p2a: Tornadus|Dark\n|move|p2b: Zacian|Protect|p2b: Zacian\n|-singleturn|p2b: Zacian|Protect\n|move|p2a: Tornadus|Taunt|p1b: \u53cd\u6d3e\u91d1\u8c6a\n|-start|p1b: \u53cd\u6d3e\u91d1\u8c6a|move: Taunt\n|cant|p1b: \u53cd\u6d3e\u91d1\u8c6a|move: Taunt|Tailwind\n|move|p1a: \u7334|Final Gambit|p2b: Zacian\n|-activate|p2b: Zacian|move: Protect\n|\n|upkeep\n|turn|2\n|\n|t:|1769859965\n|switch|p1a: \u4e8c\u72d7|Zamazenta-Crowned, L50|100/100\n|-ability|p1a: \u4e8c\u72d7|Dauntless Shield|boost\n|-boost|p1a: \u4e8c\u72d7|def|1\n|move|p2b: Zacian|Play Rough|p1a: \u4e8c\u72d7\n|-damage|p1a: \u4e8c\u72d7|72/100\n|move|p2a: Tornadus|Bleakwind Storm|p1b: \u53cd\u6d3e\u91d1\u8c6a|[spread] p1a,p1b\n|-damage|p1a: \u4e8c\u72d7|54/100\n|-damage|p1b: \u53cd\u6d3e\u91d1\u8c6a|68/100\n|move|p1b: \u53cd\u6d3e\u91d1\u8c6a|Bleakwind Storm|p2a: Tornadus|[spread] p2a\n|-miss|p1b: \u53cd\u6d3e\u91d1\u8c6a|p2b: Zacian\n|-damage|p2a: Tornadus|45/100\n|\n|upkeep\n|turn|3\n|inactive|r4fa44 has 30 seconds left.\n|\n|t:|1769859993\n|-terastallize|p1a: \u4e8c\u72d7|Grass\n|move|p2a: Tornadus|Tailwind|p2a: Tornadus\n|-sidestart|p2: r4fa44|move: Tailwind\n|move|p2b: Zacian|Sacred Sword|p1a: \u4e8c\u72d7\n|-damage|p1a: \u4e8c\u72d7|23/100\n|move|p1a: \u4e8c\u72d7|Body Press|p2b: Zacian\n|-damage|p2b: Zacian|30/100\n|move|p1b: \u53cd\u6d3e\u91d1\u8c6a|Bleakwind Storm|p2a: Tornadus|[spread] p2a,p2b\n|-crit|p2a: Tornadus\n|-resisted|p2b: Zacian\n|-damage|p2a: Tornadus|0 fnt\n|-damage|p2b: Zacian|9/100\n|-unboost|p2b: Zacian|spe|1\n|faint|p2a: Tornadus\n|\n|-end|p1b: \u53cd\u6d3e\u91d1\u8c6a|move: Taunt\n|upkeep\n|\n|t:|1769860007\n|switch|p2a: Kyogre|Kyogre, L50|100/100\n|-weather|RainDance|[from] ability: Drizzle|[of] p2a: Kyogre\n|turn|4\n|\n|t:|1769860019\n|move|p1b: \u53cd\u6d3e\u91d1\u8c6a|Tailwind|p1b: \u53cd\u6d3e\u91d1\u8c6a\n|-sidestart|p1: blackred123|move: Tailwind\n|move|p1a: \u4e8c\u72d7|Body Press|p2a: Kyogre\n|-damage|p2a: Kyogre|30/100\n|move|p2b: Zacian|Behemoth Blade|p1a: \u4e8c\u72d7\n|-damage|p1a: \u4e8c\u72d7|0 fnt\n|faint|p1a: \u4e8c\u72d7\n|move|p2a: Kyogre|Origin Pulse|p1b: \u53cd\u6d3e\u91d1\u8c6a|[miss]\n|-miss|p2a: Kyogre|p1b: \u53cd\u6d3e\u91d1\u8c6a\n|\n|-weather|RainDance|[upkeep]\n|upkeep\n|\n|t:|1769860038\n|switch|p1a: \u5927\u9a6c|Calyrex-Shadow, L50|100/100\n|-ability|p1a: \u5927\u9a6c|As One\n|-ability|p1a: \u5927\u9a6c|Unnerve\n|turn|5\n|j| riyuezi\n|\n|t:|1769860052\n|move|p1a: \u5927\u9a6c|Astral Barrage|p2b: Zacian|[spread] p2a,p2b\n|-damage|p2a: Kyogre|0 fnt\n|-damage|p2b: Zacian|0 fnt\n|faint|p2a: Kyogre\n|faint|p2b: Zacian\n|-ability|p1a: \u5927\u9a6c|Grim Neigh|boost\n|-boost|p1a: \u5927\u9a6c|spa|2\n|move|p1b: \u53cd\u6d3e\u91d1\u8c6a|Bleakwind Storm|p2: Kyogre|[notarget]\n|-fail|p1b: \u53cd\u6d3e\u91d1\u8c6a\n|\n|-weather|RainDance|[upkeep]\n|upkeep\n|\n|t:|1769860056\n|switch|p2b: Rillaboom|Rillaboom, L50, F|100/100\n|-fieldstart|move: Grassy Terrain|[from] ability: Grassy Surge|[of] p2b: Rillaboom\n|turn|6\n|\n|t:|1769860060\n|move|p1a: \u5927\u9a6c|Astral Barrage|p2b: Rillaboom\n|-damage|p2b: Rillaboom|0 fnt\n|faint|p2b: Rillaboom\n|\n|win|blackred123\n|raw|blackred123's rating: 1437 &rarr; <strong>1452</strong><br />(+15 for winning)\n|raw|r4fa44's rating: 1347 &rarr; <strong>1332</strong><br />(-15 for losing)\n|l|\u2606r4fa44\n|player|p2|\n|l| riyuezi\n|l|\u2606blackred123\n|player|p1|\n|j| QAQeee\u603b\u5bfc\u6f14\n|l| QAQeee\u603b\u5bfc\u6f14\n","uploadtime":1769860071,"views":12,"formatid":"gen9vgc2026regi","rating":1332,"private":0,"password":null}