{"id":"gen9vgc2026regi-2580077134","format":"[Gen 9] VGC 2026 Reg I","players":["Luca8","teddyster"],"log":"|j|\u2606Luca8\n|j|\u2606teddyster\n|t:|1775852019\n|gametype|doubles\n|player|p1|Luca8|flint|1375\n|player|p2|teddyster|2|1500\n|gen|9\n|tier|[Gen 9] VGC 2026 Reg I\n|rated|\n|rule|Species Clause: Limit one of each Pok\u00e9mon\n|rule|Item Clause: Limit 1 of each item\n|clearpoke\n|poke|p1|Zamazenta-*, L50|\n|poke|p1|Indeedee-F, L50, F|\n|poke|p1|Torkoal, L50, M|\n|poke|p1|Fezandipiti, L50, M|\n|poke|p1|Calyrex-Shadow, L50|\n|poke|p1|Pelipper, L50, F|\n|poke|p2|Calyrex-Shadow, L50|\n|poke|p2|Koraidon, L50|\n|poke|p2|Chi-Yu, L50|\n|poke|p2|Walking Wake, L50|\n|poke|p2|Brute Bonnet, L50|\n|poke|p2|Weezing-Galar, L50, M|\n|teampreview|4\n|\n|t:|1775852043\n|teamsize|p1|4\n|teamsize|p2|4\n|start\n|switch|p1a: Fezandipiti|Fezandipiti, L50, M|100/100\n|switch|p1b: Zamazenta|Zamazenta-Crowned, L50|100/100\n|switch|p2a: Weezing|Weezing-Galar, L50, M, shiny|100/100\n|switch|p2b: Walking Wake|Walking Wake, L50|100/100\n|-ability|p2a: Weezing|Neutralizing Gas\n|turn|1\n|inactive|Battle timer is ON: inactive players will automatically lose when time's up. (requested by teddyster)\n|inactive|Luca8 has 60 seconds left.\n|inactive|teddyster has 60 seconds left.\n|\n|t:|1775852104\n|move|p2b: Walking Wake|Hydro Steam|p1a: Fezandipiti\n|-damage|p1a: Fezandipiti|77/100\n|move|p1b: Zamazenta|Heavy Slam|p2a: Weezing\n|-supereffective|p2a: Weezing\n|-damage|p2a: Weezing|23/100\n|move|p1a: Fezandipiti|Tailwind|p1a: Fezandipiti\n|-sidestart|p1: Luca8|move: Tailwind\n|move|p2a: Weezing|Taunt|p1b: Zamazenta\n|-start|p1b: Zamazenta|move: Taunt\n|\n|upkeep\n|turn|2\n|inactive|teddyster has 30 seconds left.\n|inactive|teddyster has 20 seconds left.\n|\n|t:|1775852142\n|move|p2a: Weezing|Protect|p2a: Weezing\n|-singleturn|p2a: Weezing|Protect\n|move|p1b: Zamazenta|Heavy Slam|p2a: Weezing\n|-activate|p2a: Weezing|move: Protect\n|move|p1a: Fezandipiti|Sludge Bomb|p2b: Walking Wake\n|-damage|p2b: Walking Wake|81/100\n|move|p2b: Walking Wake|Hydro Steam|p1b: Zamazenta\n|-damage|p1b: Zamazenta|76/100\n|\n|upkeep\n|turn|3\n|inactive|teddyster has 30 seconds left.\n|\n|t:|1775852168\n|-end|p2a: Weezing|ability: Neutralizing Gas\n|-ability|p1b: Zamazenta|Dauntless Shield|boost\n|-boost|p1b: Zamazenta|def|1\n|switch|p2a: Koraidon|Koraidon, L50|100/100\n|-weather|SunnyDay|[from] ability: Orichalcum Pulse|[of] p2a: Koraidon\n|-activate|p2b: Walking Wake|ability: Protosynthesis\n|-start|p2b: Walking Wake|protosynthesisspe\n|-activate|p2a: Koraidon|Orichalcum Pulse|[source]\n|move|p1b: Zamazenta|Heavy Slam|p2a: Koraidon\n|-damage|p2a: Koraidon|81/100\n|move|p2b: Walking Wake|Hydro Steam|p1b: Zamazenta\n|-damage|p1b: Zamazenta|44/100\n|move|p1a: Fezandipiti|Sludge Bomb|p2b: Walking Wake\n|-damage|p2b: Walking Wake|65/100\n|-status|p2b: Walking Wake|psn\n|\n|-weather|SunnyDay|[upkeep]\n|-damage|p2b: Walking Wake|53/100 psn|[from] psn\n|upkeep\n|turn|4\n|inactive|teddyster has 30 seconds left.\n|inactive|teddyster has 20 seconds left.\n|\n|t:|1775852207\n|move|p2a: Koraidon|Protect|p2a: Koraidon\n|-singleturn|p2a: Koraidon|Protect\n|move|p1b: Zamazenta|Body Press|p2b: Walking Wake\n|-damage|p2b: Walking Wake|0 fnt\n|faint|p2b: Walking Wake\n|-end|p2b: Walking Wake|Protosynthesis|[silent]\n|move|p1a: Fezandipiti|Icy Wind|p2a: Koraidon\n|-activate|p2a: Koraidon|move: Protect\n|\n|-weather|SunnyDay|[upkeep]\n|-end|p1b: Zamazenta|move: Taunt\n|-sideend|p1: Luca8|move: Tailwind\n|upkeep\n|\n|t:|1775852224\n|switch|p2b: Calyrex|Calyrex-Shadow, L50|100/100\n|-ability|p2b: Calyrex|As One\n|-ability|p2b: Calyrex|Unnerve\n|turn|5\n|\n|t:|1775852240\n|switch|p1b: Pelipper|Pelipper, L50, F|100/100\n|-weather|RainDance|[from] ability: Drizzle|[of] p1b: Pelipper\n|move|p2b: Calyrex|Psychic|p1a: Fezandipiti\n|-supereffective|p1a: Fezandipiti\n|-damage|p1a: Fezandipiti|12/100\n|move|p2a: Koraidon|Flare Blitz|p1b: Pelipper\n|-resisted|p1b: Pelipper\n|-damage|p1b: Pelipper|89/100\n|-damage|p2a: Koraidon|78/100|[from] Recoil\n|move|p1a: Fezandipiti|Tailwind|p1a: Fezandipiti\n|-sidestart|p1: Luca8|move: Tailwind\n|\n|-weather|RainDance|[upkeep]\n|upkeep\n|turn|6\n|\n|t:|1775852261\n|switch|p2a: Weezing|Weezing-Galar, L50, M, shiny|23/100\n|-ability|p2a: Weezing|Neutralizing Gas\n|move|p2b: Calyrex|Protect|p2b: Calyrex\n|-singleturn|p2b: Calyrex|Protect\n|move|p1a: Fezandipiti|Shadow Ball|p2b: Calyrex\n|-activate|p2b: Calyrex|move: Protect\n|move|p1b: Pelipper|Hurricane|p2a: Weezing\n|-damage|p2a: Weezing|0 fnt\n|faint|p2a: Weezing\n|-end|p2a: Weezing|ability: Neutralizing Gas\n|\n|-weather|RainDance|[upkeep]\n|upkeep\n|\n|t:|1775852270\n|switch|p2a: Koraidon|Koraidon, L50|78/100\n|-weather|SunnyDay|[from] ability: Orichalcum Pulse|[of] p2a: Koraidon\n|-activate|p2a: Koraidon|Orichalcum Pulse|[source]\n|turn|7\n|\n|t:|1775852290\n|switch|p1b: Zamazenta|Zamazenta-Crowned, L50|44/100\n|-terastallize|p2b: Calyrex|Dark\n|move|p1a: Fezandipiti|Shadow Ball|p2b: Calyrex\n|-resisted|p2b: Calyrex\n|-damage|p2b: Calyrex|94/100\n|-unboost|p2b: Calyrex|spd|1\n|-status|p2b: Calyrex|tox|[from] ability: Toxic Chain|[of] p1a: Fezandipiti\n|move|p2b: Calyrex|Astral Barrage|p1a: Fezandipiti|[spread] p1a,p1b\n|-damage|p1a: Fezandipiti|0 fnt\n|-damage|p1b: Zamazenta|10/100\n|faint|p1a: Fezandipiti\n|-ability|p2b: Calyrex|Grim Neigh|boost\n|-boost|p2b: Calyrex|spa|1\n|move|p2a: Koraidon|Flare Blitz|p1b: Zamazenta\n|-supereffective|p1b: Zamazenta\n|-damage|p1b: Zamazenta|0 fnt\n|faint|p1b: Zamazenta\n|-damage|p2a: Koraidon|75/100|[from] Recoil\n|\n|-weather|SunnyDay|[upkeep]\n|-damage|p2b: Calyrex|88/100 tox|[from] psn\n|upkeep\n|inactive|Luca8 has 30 seconds left.\n|\n|t:|1775852316\n|switch|p1b: Pelipper|Pelipper, L50, F|89/100\n|switch|p1a: Calyrex|Calyrex-Shadow, L50|100/100\n|-ability|p1a: Calyrex|As One\n|-ability|p1a: Calyrex|Unnerve\n|-weather|RainDance|[from] ability: Drizzle|[of] p1b: Pelipper\n|turn|8\n|\n|t:|1775852334\n|move|p2b: Calyrex|Protect|p2b: Calyrex\n|-singleturn|p2b: Calyrex|Protect\n|move|p2a: Koraidon|Protect|p2a: Koraidon\n|-singleturn|p2a: Koraidon|Protect\n|move|p1a: Calyrex|Astral Barrage|p2a: Koraidon|[spread] \n|-activate|p2a: Koraidon|move: Protect\n|-activate|p2b: Calyrex|move: Protect\n|move|p1b: Pelipper|Hurricane|p2a: Koraidon\n|-activate|p2a: Koraidon|move: Protect\n|\n|-weather|RainDance|[upkeep]\n|-damage|p2b: Calyrex|76/100 tox|[from] psn\n|-sideend|p1: Luca8|move: Tailwind\n|upkeep\n|turn|9\n|inactive|teddyster has 30 seconds left.\n|\n|t:|1775852360\n|-terastallize|p1a: Calyrex|Normal\n|move|p2b: Calyrex|Psychic|p1a: Calyrex\n|-damage|p1a: Calyrex|22/100\n|move|p1a: Calyrex|Expanding Force|p2a: Koraidon\n|-supereffective|p2a: Koraidon\n|-damage|p2a: Koraidon|0 fnt\n|faint|p2a: Koraidon\n|-ability|p1a: Calyrex|Grim Neigh|boost\n|-boost|p1a: Calyrex|spa|1\n|move|p1b: Pelipper|Tailwind|p1b: Pelipper\n|-sidestart|p1: Luca8|move: Tailwind\n|\n|-weather|RainDance|[upkeep]\n|-damage|p2b: Calyrex|58/100 tox|[from] psn\n|upkeep\n|turn|10\n|\n|t:|1775852384\n|move|p1a: Calyrex|Protect|p1a: Calyrex\n|-singleturn|p1a: Calyrex|Protect\n|move|p2b: Calyrex|Psychic|p1b: Pelipper\n|-damage|p1b: Pelipper|0 fnt\n|faint|p1b: Pelipper\n|-ability|p2b: Calyrex|Grim Neigh|boost\n|-boost|p2b: Calyrex|spa|1\n|\n|-weather|RainDance|[upkeep]\n|-damage|p2b: Calyrex|35/100 tox|[from] psn\n|upkeep\n|turn|11\n|\n|t:|1775852396\n|move|p1a: Calyrex|Astral Barrage|p2b: Calyrex\n|-resisted|p2b: Calyrex\n|-damage|p2b: Calyrex|0 fnt\n|faint|p2b: Calyrex\n|\n|win|Luca8\n|raw|Luca8's rating: 1375 &rarr; <strong>1402</strong><br />(+27 for winning)\n|raw|teddyster's rating: 1500 &rarr; <strong>1473</strong><br />(-27 for losing)\n|l|\u2606teddyster\n|player|p2|\n|l|\u2606Luca8\n|player|p1|\n","uploadtime":1775852574,"views":15,"formatid":"gen9vgc2026regi","rating":1402,"private":0,"password":null}