{"id":"gen9vgc2026regi-2549322646","format":"[Gen 9] VGC 2026 Reg I","players":["granite blast","awesomesauce11"],"log":"|j|\u2606granite blast\n|j|\u2606awesomesauce11\n|t:|1772343882\n|gametype|doubles\n|player|p1|granite blast|266|1074\n|player|p2|awesomesauce11|ingo|1122\n|gen|9\n|tier|[Gen 9] VGC 2026 Reg I\n|rated|\n|rule|Species Clause: Limit one of each Pok\u00e9mon\n|rule|Item Clause: Limit 1 of each item\n|clearpoke\n|poke|p1|Calyrex-Shadow, L50|\n|poke|p1|Koraidon, L50|\n|poke|p1|Incineroar, L50, M|\n|poke|p1|Raging Bolt, L50|\n|poke|p1|Ogerpon-Cornerstone, L50, F|\n|poke|p1|Amoonguss, L50, M|\n|poke|p2|Chandelure, L50, F|\n|poke|p2|Farigiraf, L50, M|\n|poke|p2|Calyrex-Ice, L50|\n|poke|p2|Lunala, L50|\n|poke|p2|Incineroar, L50, M|\n|poke|p2|Amoonguss, L50, F|\n|teampreview|4\n|inactive|Battle timer is ON: inactive players will automatically lose when time's up. (requested by granite blast)\n|inactive|granite blast has 60 seconds left.\n|inactive|awesomesauce11 has 60 seconds left.\n|inactive|granite blast has 30 seconds left.\n|\n|t:|1772343954\n|teamsize|p1|4\n|teamsize|p2|4\n|start\n|switch|p1a: Koraidon|Koraidon, L50|100/100\n|switch|p1b: Incineroar|Incineroar, L50, M|100/100\n|switch|p2a: Farigiraf|Farigiraf, L50, M|100/100\n|switch|p2b: Lunala|Lunala, L50|100/100\n|-weather|SunnyDay|[from] ability: Orichalcum Pulse|[of] p1a: Koraidon\n|-activate|p1a: Koraidon|Orichalcum Pulse|[source]\n|-ability|p1b: Incineroar|Intimidate|boost\n|-unboost|p2a: Farigiraf|atk|1\n|-unboost|p2b: Lunala|atk|1\n|turn|1\n|inactive|granite blast has 30 seconds left.\n|inactive|granite blast has 20 seconds left.\n|\n|t:|1772343993\n|move|p1a: Koraidon|Collision Course|p2a: Farigiraf\n|-damage|p2a: Farigiraf|39/100\n|move|p2b: Lunala|Meteor Beam||[still]\n|-prepare|p2b: Lunala|Meteor Beam\n|-boost|p2b: Lunala|spa|1\n|-enditem|p2b: Lunala|Power Herb\n|-anim|p2b: Lunala|Meteor Beam|p1b: Incineroar\n|-supereffective|p1b: Incineroar\n|-damage|p1b: Incineroar|0 fnt\n|faint|p1b: Incineroar\n|move|p2a: Farigiraf|Trick Room|p2a: Farigiraf\n|-fieldstart|move: Trick Room|[of] p2a: Farigiraf\n|\n|-weather|SunnyDay|[upkeep]\n|upkeep\n|\n|t:|1772344013\n|switch|p1b: Calyrex|Calyrex-Shadow, L50|100/100\n|-ability|p1b: Calyrex|As One\n|-ability|p1b: Calyrex|Unnerve\n|turn|2\n|\n|t:|1772344026\n|switch|p2a: Ol'Relaible|Calyrex-Ice, L50|100/100\n|-ability|p2a: Ol'Relaible|As One\n|-ability|p2a: Ol'Relaible|Unnerve\n|-terastallize|p1a: Koraidon|Fire\n|move|p2b: Lunala|Wide Guard|p2b: Lunala\n|-singleturn|p2b: Lunala|Wide Guard\n|move|p1a: Koraidon|Collision Course|p2a: Ol'Relaible\n|-damage|p2a: Ol'Relaible|59/100\n|move|p1b: Calyrex|Astral Barrage|p2b: Lunala|[spread] \n|-activate|p2a: Ol'Relaible|move: Wide Guard\n|-activate|p2b: Lunala|move: Wide Guard\n|\n|-weather|SunnyDay|[upkeep]\n|upkeep\n|turn|3\n|inactive|awesomesauce11 has 30 seconds left.\n|\n|t:|1772344053\n|move|p1a: Koraidon|Protect|p1a: Koraidon\n|-singleturn|p1a: Koraidon|Protect\n|move|p1b: Calyrex|Protect|p1b: Calyrex\n|-singleturn|p1b: Calyrex|Protect\n|move|p2a: Ol'Relaible|Glacial Lance|p1b: Calyrex|[spread] \n|-activate|p1a: Koraidon|move: Protect\n|-activate|p1b: Calyrex|move: Protect\n|move|p2b: Lunala|Moongeist Beam|p1b: Calyrex\n|-activate|p1b: Calyrex|move: Protect\n|\n|-weather|SunnyDay|[upkeep]\n|upkeep\n|turn|4\n|\n|t:|1772344071\n|switch|p1b: Ogerpon|Ogerpon-Cornerstone, L50, F|100/100\n|move|p2a: Ol'Relaible|Glacial Lance|p1b: Ogerpon|[spread] p1a,p1b\n|-resisted|p1a: Koraidon\n|-supereffective|p1b: Ogerpon\n|-damage|p1a: Koraidon|69/100\n|-ability|p1b: Ogerpon|Sturdy\n|-damage|p1b: Ogerpon|1/100\n|move|p2b: Lunala|Moongeist Beam|p1b: Ogerpon\n|-damage|p1b: Ogerpon|0 fnt\n|faint|p1b: Ogerpon\n|move|p1a: Koraidon|Flare Blitz|p2b: Lunala\n|-damage|p2b: Lunala|51/100\n|-damage|p1a: Koraidon|52/100|[from] Recoil\n|\n|-weather|SunnyDay|[upkeep]\n|upkeep\n|\n|t:|1772344084\n|switch|p1b: Calyrex|Calyrex-Shadow, L50|100/100\n|-ability|p1b: Calyrex|As One\n|-ability|p1b: Calyrex|Unnerve\n|turn|5\n|inactive|granite blast has 30 seconds left.\n|\n|t:|1772344111\n|move|p2a: Ol'Relaible|Glacial Lance|p1b: Calyrex|[spread] p1a,p1b\n|-resisted|p1a: Koraidon\n|-damage|p1a: Koraidon|19/100\n|-enditem|p1b: Calyrex|Focus Sash\n|-damage|p1b: Calyrex|1/100\n|move|p2b: Lunala|Moongeist Beam|p1b: Calyrex\n|-supereffective|p1b: Calyrex\n|-damage|p1b: Calyrex|0 fnt\n|faint|p1b: Calyrex\n|move|p1a: Koraidon|Flame Charge|p2a: Ol'Relaible\n|-supereffective|p2a: Ol'Relaible\n|-damage|p2a: Ol'Relaible|0 fnt\n|-boost|p1a: Koraidon|spe|1\n|faint|p2a: Ol'Relaible\n|\n|-weather|none\n|-fieldend|move: Trick Room\n|upkeep\n|\n|t:|1772344129\n|switch|p2a: Starburst|Chandelure, L50, F, shiny|100/100\n|turn|6\n|\n|t:|1772344138\n|move|p1a: Koraidon|Flare Blitz|p2b: Lunala\n|-damage|p2b: Lunala|1/100\n|-damage|p1a: Koraidon|2/100|[from] Recoil\n|move|p2b: Lunala|Tailwind|p2b: Lunala\n|-sidestart|p2: awesomesauce11|move: Tailwind\n|move|p2a: Starburst|Shadow Ball|p1a: Koraidon\n|-damage|p1a: Koraidon|0 fnt\n|faint|p1a: Koraidon\n|\n|win|awesomesauce11\n|raw|granite blast's rating: 1074 &rarr; <strong>1056</strong><br />(-18 for losing)\n|raw|awesomesauce11's rating: 1122 &rarr; <strong>1144</strong><br />(+22 for winning)\n|l|\u2606granite blast\n|player|p1|\n","uploadtime":1772344454,"views":16,"formatid":"gen9vgc2026regi","rating":1056,"private":0,"password":null}