{"id":"gen9vgc2026regi-2541411034","format":"[Gen 9] VGC 2026 Reg I","players":["Vivi0v0","j0l0k0"],"log":"|j|\u2606Vivi0v0\n|j|\u2606j0l0k0\n|t:|1771331582\n|gametype|doubles\n|player|p1|Vivi0v0|lillie-masters3|1444\n|player|p2|j0l0k0|brycen|1386\n|gen|9\n|tier|[Gen 9] VGC 2026 Reg I\n|rated|\n|rule|Species Clause: Limit one of each Pok\u00e9mon\n|rule|Item Clause: Limit 1 of each item\n|clearpoke\n|poke|p1|Calyrex-Ice, L50|\n|poke|p1|Kyogre, L50|\n|poke|p1|Urshifu-*, L50, M|\n|poke|p1|Archaludon, L50, M|\n|poke|p1|Indeedee-F, L50, F|\n|poke|p1|Grimmsnarl, L50, M|\n|poke|p2|Calyrex-Ice, L50|\n|poke|p2|Kyogre, L50|\n|poke|p2|Indeedee-F, L50, F|\n|poke|p2|Urshifu-*, L50, F|\n|poke|p2|Amoonguss, L50, F|\n|poke|p2|Landorus, L50, M|\n|teampreview|4\n|inactive|Battle timer is ON: inactive players will automatically lose when time's up. (requested by j0l0k0)\n|inactive|Vivi0v0 also wants the timer to be on.\n|inactive|Vivi0v0 has 60 seconds left.\n|\n|t:|1771331618\n|teamsize|p1|4\n|teamsize|p2|4\n|start\n|switch|p1a: Kyogre|Kyogre, L50, shiny|100/100\n|switch|p1b: Grimmsnarl|Grimmsnarl, L50, M|100/100\n|switch|p2a: Kyogre|Kyogre, L50, shiny|100/100\n|switch|p2b: Indeedee|Indeedee-F, L50, F, shiny|100/100\n|-fieldstart|move: Psychic Terrain|[from] ability: Psychic Surge|[of] p2b: Indeedee\n|-weather|RainDance|[from] ability: Drizzle|[of] p1a: Kyogre\n|turn|1\n|\n|t:|1771331639\n|switch|p1a: Archaludon|Archaludon, L50, M|100/100\n|move|p2b: Indeedee|Helping Hand|p2a: Kyogre\n|-singleturn|p2a: Kyogre|Helping Hand|[of] p2b: Indeedee\n|move|p1b: Grimmsnarl|Light Screen|p1b: Grimmsnarl\n|-sidestart|p1: Vivi0v0|move: Light Screen\n|move|p2a: Kyogre|Thunder|p1a: Archaludon\n|-resisted|p1a: Archaludon\n|-damage|p1a: Archaludon|81/100\n|-ability|p1a: Archaludon|Stamina|boost\n|-boost|p1a: Archaludon|def|1\n|\n|-weather|RainDance|[upkeep]\n|upkeep\n|turn|2\n|\n|t:|1771331657\n|-terastallize|p2a: Kyogre|Grass\n|move|p1b: Grimmsnarl|Reflect|p1b: Grimmsnarl\n|-sidestart|p1: Vivi0v0|Reflect\n|move|p2a: Kyogre|Ice Beam|p1a: Archaludon\n|-damage|p1a: Archaludon|61/100\n|-ability|p1a: Archaludon|Stamina|boost\n|-boost|p1a: Archaludon|def|1\n|move|p1a: Archaludon|Electro Shot||[still]\n|-prepare|p1a: Archaludon|Electro Shot\n|-boost|p1a: Archaludon|spa|1\n|-anim|p1a: Archaludon|Electro Shot|p2a: Kyogre\n|-resisted|p2a: Kyogre\n|-damage|p2a: Kyogre|86/100\n|move|p2b: Indeedee|Trick Room|p2b: Indeedee\n|-fieldstart|move: Trick Room|[of] p2b: Indeedee\n|\n|-weather|RainDance|[upkeep]\n|upkeep\n|turn|3\n|inactive|Vivi0v0 has 30 seconds left.\n|\n|t:|1771331686\n|switch|p1b: Calyrex|Calyrex-Ice, L50|100/100\n|-ability|p1b: Calyrex|As One\n|-ability|p1b: Calyrex|Unnerve\n|move|p2b: Indeedee|Helping Hand|p2a: Kyogre\n|-singleturn|p2a: Kyogre|Helping Hand|[of] p2b: Indeedee\n|move|p1a: Archaludon|Electro Shot||[still]\n|-prepare|p1a: Archaludon|Electro Shot\n|-boost|p1a: Archaludon|spa|1\n|-anim|p1a: Archaludon|Electro Shot|p2b: Indeedee\n|-damage|p2b: Indeedee|15/100\n|move|p2a: Kyogre|Water Spout|p1b: Calyrex|[spread] p1a,p1b\n|-resisted|p1a: Archaludon\n|-damage|p1a: Archaludon|20/100\n|-damage|p1b: Calyrex|34/100\n|-ability|p1a: Archaludon|Stamina|boost\n|-boost|p1a: Archaludon|def|1\n|\n|-weather|RainDance|[upkeep]\n|upkeep\n|turn|4\n|inactive|Vivi0v0 has 30 seconds left.\n|\n|t:|1771331721\n|switch|p2a: Calyrex|Calyrex-Ice, L50|100/100\n|-ability|p2a: Calyrex|As One\n|-ability|p2a: Calyrex|Unnerve\n|move|p1b: Calyrex|Glacial Lance|p2a: Calyrex|[spread] p2a,p2b\n|-resisted|p2a: Calyrex\n|-damage|p2a: Calyrex|82/100\n|-damage|p2b: Indeedee|0 fnt\n|faint|p2b: Indeedee\n|-ability|p1b: Calyrex|Chilling Neigh|boost\n|-boost|p1b: Calyrex|atk|1\n|move|p1a: Archaludon|Draco Meteor|p2a: Calyrex\n|-damage|p2a: Calyrex|0 fnt\n|-unboost|p1a: Archaludon|spa|2\n|faint|p2a: Calyrex\n|\n|-weather|RainDance|[upkeep]\n|upkeep\n|\n|t:|1771331728\n|switch|p2a: Kyogre|Kyogre, L50, shiny, tera:Grass|86/100\n|switch|p2b: Amoonguss|Amoonguss, L50, F, shiny|100/100\n|turn|5\n|\n|t:|1771331741\n|-terastallize|p1b: Calyrex|Grass\n|move|p2b: Amoonguss|Spore|p1b: Calyrex\n|-immune|p1b: Calyrex\n|move|p1b: Calyrex|Glacial Lance|p2a: Kyogre|[spread] p2a,p2b\n|-supereffective|p2a: Kyogre\n|-supereffective|p2b: Amoonguss\n|-damage|p2a: Kyogre|0 fnt\n|-damage|p2b: Amoonguss|0 fnt\n|faint|p2a: Kyogre\n|faint|p2b: Amoonguss\n|\n|win|Vivi0v0\n|raw|Vivi0v0's rating: 1444 &rarr; <strong>1461</strong><br />(+17 for winning)\n|raw|j0l0k0's rating: 1386 &rarr; <strong>1369</strong><br />(-17 for losing)\n|l|\u2606j0l0k0\n|player|p2|\n|l|\u2606Vivi0v0\n|player|p1|\n","uploadtime":1771331953,"views":16,"formatid":"gen9vgc2026regi","rating":1369,"private":0,"password":null}