{"id":"gen9vgc2026regi-2562408678","format":"[Gen 9] VGC 2026 Reg I","players":["avarussurava","CHR1SPHX"],"log":"|j|\u2606avarussurava\n|j|\u2606CHR1SPHX\n|t:|1773912649\n|gametype|doubles\n|player|p1|avarussurava|101|1255\n|player|p2|CHR1SPHX|hilbert|1208\n|gen|9\n|tier|[Gen 9] VGC 2026 Reg I\n|rated|\n|rule|Species Clause: Limit one of each Pok\u00e9mon\n|rule|Item Clause: Limit 1 of each item\n|clearpoke\n|poke|p1|Tyranitar, L50, F|\n|poke|p1|Kyogre, L50|\n|poke|p1|Zamazenta-*, L50|\n|poke|p1|Gastrodon, L50, F|\n|poke|p1|Sinistcha, L50|\n|poke|p1|Ceruledge, L50, F|\n|poke|p2|Flutter Mane, L50|\n|poke|p2|Incineroar, L50, M|\n|poke|p2|Ursaluna-Bloodmoon, L50, M|\n|poke|p2|Amoonguss, L50, M|\n|poke|p2|Koraidon, L50|\n|poke|p2|Lunala, L50|\n|teampreview|4\n|inactive|Battle timer is ON: inactive players will automatically lose when time's up. (requested by CHR1SPHX)\navarussurava rejected open team sheets.\n|\n|t:|1773912684\n|teamsize|p1|4\n|teamsize|p2|4\n|start\n|switch|p1a: Zamazenta|Zamazenta-Crowned, L50|100/100\n|switch|p1b: Ceruledge|Ceruledge, L50, F|100/100\n|switch|p2a: Ursaluna|Ursaluna-Bloodmoon, L50, M|100/100\n|switch|p2b: Lunala|Lunala, L50, shiny|100/100\n|-ability|p1a: Zamazenta|Dauntless Shield|boost\n|-boost|p1a: Zamazenta|def|1\n|turn|1\n|inactive|avarussurava has 30 seconds left.\n|inactive|avarussurava has 20 seconds left.\n|\n|t:|1773912723\n|switch|p1b: Gastrodon|Gastrodon, L50, F|100/100\n|switch|p2a: Amoonguss|Amoonguss, L50, M, shiny|100/100\n|-terastallize|p1a: Zamazenta|Ground\n|-terastallize|p2b: Lunala|Fairy\n|move|p1a: Zamazenta|Iron Defense|p1a: Zamazenta\n|-boost|p1a: Zamazenta|def|2\n|move|p2b: Lunala|Trick Room|p2b: Lunala\n|-fieldstart|move: Trick Room|[of] p2b: Lunala\n|\n|upkeep\n|turn|2\n|\n|t:|1773912744\n|switch|p1b: Ceruledge|Ceruledge, L50, F|100/100\n|move|p2a: Amoonguss|Spore|p1a: Zamazenta\n|-status|p1a: Zamazenta|slp|[from] move: Spore\n|move|p2b: Lunala|Moonblast|p1b: Ceruledge\n|-resisted|p1b: Ceruledge\n|-damage|p1b: Ceruledge|73/100\n|-unboost|p1b: Ceruledge|spa|1\n|cant|p1a: Zamazenta|slp\n|\n|upkeep\n|turn|3\n|\n|t:|1773912755\n|move|p2a: Amoonguss|Spore|p1b: Ceruledge\n|-activate|p1b: Ceruledge|item: Safety Goggles|Spore\n|move|p1b: Ceruledge|Taunt|p2a: Amoonguss\n|-start|p2a: Amoonguss|move: Taunt\n|move|p2b: Lunala|Moonblast|p1a: Zamazenta\n|-damage|p1a: Zamazenta|67/100 slp\n|-curestatus|p1a: Zamazenta|slp|[msg]\n|move|p1a: Zamazenta|Snarl|p2b: Lunala|[spread] p2a,p2b\n|-resisted|p2b: Lunala\n|-damage|p2a: Amoonguss|95/100\n|-damage|p2b: Lunala|99/100\n|-unboost|p2a: Amoonguss|spa|1\n|-unboost|p2b: Lunala|spa|1\n|\n|upkeep\n|turn|4\n|\n|t:|1773912776\n|move|p2a: Amoonguss|Pollen Puff|p2b: Lunala\n|-heal|p2b: Lunala|100/100\n|move|p1b: Ceruledge|Bitter Blade|p2a: Amoonguss\n|-supereffective|p2a: Amoonguss\n|-damage|p2a: Amoonguss|4/100\n|-heal|p1b: Ceruledge|100/100|[from] drain|[of] p2a: Amoonguss\n|-damage|p1b: Ceruledge|84/100|[from] item: Rocky Helmet|[of] p2a: Amoonguss\n|move|p2b: Lunala|Moongeist Beam|p1b: Ceruledge\n|-supereffective|p1b: Ceruledge\n|-damage|p1b: Ceruledge|10/100\n|move|p1a: Zamazenta|Body Press|p2a: Amoonguss\n|-resisted|p2a: Amoonguss\n|-damage|p2a: Amoonguss|0 fnt\n|-damage|p1a: Zamazenta|50/100|[from] item: Rocky Helmet|[of] p2a: Amoonguss\n|faint|p2a: Amoonguss\n|\n|upkeep\n|\n|t:|1773912790\n|switch|p2a: Ursaluna|Ursaluna-Bloodmoon, L50, M|100/100\n|turn|5\n|\n|t:|1773912800\n|switch|p1b: Sinistcha|Sinistcha, L50|100/100\n|-heal|p1a: Zamazenta|75/100|[from] ability: Hospitality|[of] p1b: Sinistcha\n|move|p2a: Ursaluna|Hyper Voice|p1a: Zamazenta|[spread] p1a,p1b\n|-damage|p1a: Zamazenta|44/100\n|-damage|p1b: Sinistcha|46/100\n|-enditem|p1b: Sinistcha|Sitrus Berry|[eat]\n|-heal|p1b: Sinistcha|71/100|[from] item: Sitrus Berry\n|-damage|p2a: Ursaluna|91/100|[from] item: Life Orb\n|move|p2b: Lunala|Moonblast|p1a: Zamazenta\n|-damage|p1a: Zamazenta|20/100\n|move|p1a: Zamazenta|Body Press|p2a: Ursaluna\n|-supereffective|p2a: Ursaluna\n|-damage|p2a: Ursaluna|0 fnt\n|faint|p2a: Ursaluna\n|\n|-fieldend|move: Trick Room\n|upkeep\n|\n|t:|1773912805\n|switch|p2a: Koraidon|Koraidon, L50|100/100\n|-weather|SunnyDay|[from] ability: Orichalcum Pulse|[of] p2a: Koraidon\n|-activate|p2a: Koraidon|Orichalcum Pulse|[source]\n|turn|6\n|\n|t:|1773912826\n|move|p1b: Sinistcha|Rage Powder|p1b: Sinistcha\n|-singleturn|p1b: Sinistcha|move: Rage Powder\n|move|p2a: Koraidon|Collision Course|p1b: Sinistcha\n|-immune|p1b: Sinistcha\n|move|p1a: Zamazenta|Body Press|p2a: Koraidon\n|-crit|p2a: Koraidon\n|-damage|p2a: Koraidon|0 fnt\n|faint|p2a: Koraidon\n|move|p2b: Lunala|Moonblast|p1b: Sinistcha\n|-damage|p1b: Sinistcha|27/100\n|\n|-weather|SunnyDay|[upkeep]\n|upkeep\n|turn|7\n|-message|CHR1SPHX forfeited.\n|\n|win|avarussurava\n|raw|avarussurava's rating: 1255 &rarr; <strong>1277</strong><br />(+22 for winning)\n|raw|CHR1SPHX's rating: 1208 &rarr; <strong>1186</strong><br />(-22 for losing)\n|l|\u2606CHR1SPHX\n|player|p2|\n","uploadtime":1773912838,"views":10,"formatid":"gen9vgc2026regi","rating":1186,"private":0,"password":null}