{"id":"gen9vgc2026regi-2515329614","format":"[Gen 9] VGC 2026 Reg I","players":["Rillabossman","PM77Switch"],"log":"|j|\u2606Rillabossman\n|j|\u2606PM77Switch\n|t:|1767980278\n|gametype|doubles\n|player|p1|Rillabossman|burglar|1307\n|player|p2|PM77Switch|may-masters3|1324\n|gen|9\n|tier|[Gen 9] VGC 2026 Reg I\n|rated|\n|rule|Species Clause: Limit one of each Pok\u00e9mon\n|rule|Item Clause: Limit 1 of each item\n|clearpoke\n|poke|p1|Miraidon, L50|\n|poke|p1|Calyrex-Ice, L50|\n|poke|p1|Urshifu-*, L50, M|\n|poke|p1|Landorus, L50, M|\n|poke|p1|Incineroar, L50, M|\n|poke|p1|Pelipper, L50, F|\n|poke|p2|Calyrex-Shadow, L50|\n|poke|p2|Zacian-*, L50|\n|poke|p2|Landorus, L50, M|\n|poke|p2|Tornadus, L50, M|\n|poke|p2|Raging Bolt, L50|\n|poke|p2|Araquanid, L50, M|\n|teampreview|4\n|inactive|Battle timer is ON: inactive players will automatically lose when time's up. (requested by PM77Switch)\n|c|\u2606Rillabossman|glhf\n|c|\u2606PM77Switch|u2\n|\n|t:|1767980304\n|teamsize|p1|4\n|teamsize|p2|4\n|start\n|switch|p1a: Calyrex|Calyrex-Ice, L50|100/100\n|switch|p1b: Incineroar|Incineroar, L50, M|100/100\n|switch|p2a: Landorus|Landorus, L50, M, shiny|100/100\n|switch|p2b: Tornadus|Tornadus, L50, M, shiny|100/100\n|-ability|p1a: Calyrex|As One\n|-ability|p1a: Calyrex|Unnerve\n|-ability|p1b: Incineroar|Intimidate|boost\n|-unboost|p2a: Landorus|atk|1\n|-unboost|p2b: Tornadus|atk|1\n|turn|1\n|\n|t:|1767980315\n|-terastallize|p1a: Calyrex|Fairy\n|move|p2a: Landorus|Protect|p2a: Landorus\n|-singleturn|p2a: Landorus|Protect\n|move|p1b: Incineroar|Fake Out|p2a: Landorus\n|-activate|p2a: Landorus|move: Protect\n|move|p2b: Tornadus|Rain Dance|p2b: Tornadus\n|-weather|RainDance\n|move|p1a: Calyrex|Glacial Lance|p2b: Tornadus|[spread] p2b\n|-activate|p2a: Landorus|move: Protect\n|-supereffective|p2b: Tornadus\n|-damage|p2b: Tornadus|9/100\n|\n|-weather|RainDance|[upkeep]\n|upkeep\n|turn|2\n|\n|t:|1767980333\n|-terastallize|p2a: Landorus|Water\n|move|p2b: Tornadus|Bleakwind Storm|p1a: Calyrex|[spread] p1a,p1b\n|-damage|p1a: Calyrex|84/100\n|-damage|p1b: Incineroar|80/100\n|move|p2a: Landorus|Sandsear Storm|p1a: Calyrex|[spread] p1a,p1b\n|-supereffective|p1b: Incineroar\n|-damage|p1a: Calyrex|51/100\n|-damage|p1b: Incineroar|6/100\n|move|p1b: Incineroar|U-turn|p2a: Landorus\n|-damage|p2a: Landorus|81/100\n|\n|t:|1767980337\n|switch|p1b: Landorus|Landorus, L50, M|100/100|[from] U-turn\n|move|p1a: Calyrex|Trick Room|p1a: Calyrex\n|-fieldstart|move: Trick Room|[of] p1a: Calyrex\n|\n|-weather|RainDance|[upkeep]\n|-heal|p1a: Calyrex|57/100|[from] item: Leftovers\n|upkeep\n|turn|3\n|\n|t:|1767980355\n|move|p2a: Landorus|Protect|p2a: Landorus\n|-singleturn|p2a: Landorus|Protect\n|move|p1a: Calyrex|Glacial Lance|p2b: Tornadus|[spread] p2b\n|-activate|p2a: Landorus|move: Protect\n|-supereffective|p2b: Tornadus\n|-damage|p2b: Tornadus|0 fnt\n|faint|p2b: Tornadus\n|-ability|p1a: Calyrex|Chilling Neigh|boost\n|-boost|p1a: Calyrex|atk|1\n|move|p1b: Landorus|Earth Power|p2a: Landorus\n|-activate|p2a: Landorus|move: Protect\n|\n|-weather|RainDance|[upkeep]\n|-heal|p1a: Calyrex|63/100|[from] item: Leftovers\n|upkeep\n|\n|t:|1767980359\n|switch|p2b: Araquanid|Araquanid, L50, M, shiny|100/100\n|turn|4\n|\n|t:|1767980369\n|move|p1b: Landorus|Protect|p1b: Landorus\n|-singleturn|p1b: Landorus|Protect\n|move|p2b: Araquanid|Liquidation|p1b: Landorus\n|-activate|p1b: Landorus|move: Protect\n|move|p1a: Calyrex|Glacial Lance|p2a: Landorus|[spread] p2a,p2b\n|-resisted|p2a: Landorus\n|-resisted|p2b: Araquanid\n|-damage|p2a: Landorus|42/100\n|-damage|p2b: Araquanid|60/100\n|move|p2a: Landorus|Sludge Bomb|p1a: Calyrex\n|-supereffective|p1a: Calyrex\n|-damage|p1a: Calyrex|11/100\n|\n|-weather|RainDance|[upkeep]\n|-heal|p1a: Calyrex|17/100|[from] item: Leftovers\n|upkeep\n|turn|5\n|\n|t:|1767980385\n|switch|p1b: Urshifu|Urshifu-Rapid-Strike, L50, M|100/100\n|move|p1a: Calyrex|Protect|p1a: Calyrex\n|-singleturn|p1a: Calyrex|Protect\n|move|p2b: Araquanid|Liquidation|p1b: Urshifu\n|-resisted|p1b: Urshifu\n|-damage|p1b: Urshifu|55/100\n|move|p2a: Landorus|Sludge Bomb|p1a: Calyrex\n|-activate|p1a: Calyrex|move: Protect\n|\n|-weather|none\n|-heal|p1a: Calyrex|23/100|[from] item: Leftovers\n|upkeep\n|turn|6\n|\n|t:|1767980407\n|move|p1b: Urshifu|Aqua Jet|p2a: Landorus\n|-resisted|p2a: Landorus\n|-damage|p2a: Landorus|30/100\n|move|p2b: Araquanid|Liquidation|p1a: Calyrex\n|-damage|p1a: Calyrex|0 fnt\n|faint|p1a: Calyrex\n|move|p2a: Landorus|Earth Power|p1b: Urshifu\n|-damage|p1b: Urshifu|0 fnt\n|faint|p1b: Urshifu\n|\n|-fieldend|move: Trick Room\n|upkeep\n|-message|Rillabossman forfeited.\n|\n|win|PM77Switch\n|raw|Rillabossman's rating: 1307 &rarr; <strong>1288</strong><br />(-19 for losing)\n|raw|PM77Switch's rating: 1324 &rarr; <strong>1343</strong><br />(+19 for winning)\n|l|\u2606Rillabossman\n|player|p1|\n|j|\u2606Rillabossman\n|player|p1|Rillabossman|burglar|\n|l|\u2606PM77Switch\n|player|p2|\n|l|\u2606Rillabossman\n|player|p1|\n","uploadtime":1767980615,"views":12,"formatid":"gen9vgc2026regi","rating":1288,"private":0,"password":null}