{"id":"gen9vgc2026regi-2587683605","format":"[Gen 9] VGC 2026 Reg I","players":["jamarco","BenSon_A27_Zong"],"log":"|j|\u2606jamarco\n|j|\u2606BenSon_A27_Zong\n|t:|1776553571\n|gametype|doubles\n|player|p1|jamarco|169|1159\n|player|p2|BenSon_A27_Zong|bugsy|1253\n|gen|9\n|tier|[Gen 9] VGC 2026 Reg I\n|rated|\n|rule|Species Clause: Limit one of each Pok\u00e9mon\n|rule|Item Clause: Limit 1 of each item\n|clearpoke\n|poke|p1|Calyrex-Ice, L50|\n|poke|p1|Oranguru, L50, M|\n|poke|p1|Dusclops, L50, M|\n|poke|p1|Vikavolt, L50, F|\n|poke|p1|Groudon, L50|\n|poke|p1|Scrafty, L50, M|\n|poke|p2|Muk-Alola, L50, F|\n|poke|p2|Grimmsnarl, L50, M|\n|poke|p2|Incineroar, L50, F|\n|poke|p2|Smeargle, L50, F|\n|poke|p2|Calyrex-Shadow, L50|\n|poke|p2|Miraidon, L50|\n|teampreview|4\n|inactive|Battle timer is ON: inactive players will automatically lose when time's up. (requested by BenSon_A27_Zong)\njamarco rejected open team sheets.\n|\n|t:|1776553604\n|teamsize|p1|4\n|teamsize|p2|4\n|start\n|switch|p1a: Scrafty|Scrafty, L50, M|100/100\n|switch|p1b: Dusclops|Dusclops, L50, M, shiny|100/100\n|switch|p2a: Grimmsnarl|Grimmsnarl, L50, M|100/100\n|switch|p2b: Incineroar|Incineroar, L50, F|100/100\n|-ability|p2b: Incineroar|Intimidate|boost\n|-unboost|p1a: Scrafty|atk|1\n|-unboost|p1b: Dusclops|atk|1\n|-item|p2a: Grimmsnarl|Light Clay|[from] ability: Frisk|[of] p1b: Dusclops\n|-item|p2b: Incineroar|Assault Vest|[from] ability: Frisk|[of] p1b: Dusclops\n|turn|1\n|\n|t:|1776553620\n|move|p1a: Scrafty|Fake Out|p2a: Grimmsnarl\n|-damage|p2a: Grimmsnarl|90/100\n|cant|p2a: Grimmsnarl|flinch\n|move|p2b: Incineroar|Knock Off|p1b: Dusclops\n|-supereffective|p1b: Dusclops\n|-damage|p1b: Dusclops|30/100\n|-enditem|p1b: Dusclops|Eviolite|[from] move: Knock Off|[of] p2b: Incineroar\n|move|p1b: Dusclops|Trick Room|p1b: Dusclops\n|-fieldstart|move: Trick Room|[of] p1b: Dusclops\n|\n|upkeep\n|turn|2\n|\n|t:|1776553634\n|move|p1b: Dusclops|Haze|p1b: Dusclops\n|-clearallboost\n|move|p1a: Scrafty|Close Combat|p2b: Incineroar\n|-supereffective|p2b: Incineroar\n|-damage|p2b: Incineroar|0 fnt\n|-unboost|p1a: Scrafty|def|1\n|-unboost|p1a: Scrafty|spd|1\n|faint|p2b: Incineroar\n|-ability|p1a: Scrafty|Moxie|boost\n|-boost|p1a: Scrafty|atk|1\n|move|p2a: Grimmsnarl|Spirit Break|p1a: Scrafty\n|-supereffective|p1a: Scrafty\n|-damage|p1a: Scrafty|0 fnt\n|faint|p1a: Scrafty\n|\n|upkeep\n|\n|t:|1776553650\n|switch|p1a: Calyrex|Calyrex-Ice, L50|100/100\n|switch|p2b: Smeargle|Smeargle, L50, F|100/100\n|-ability|p1a: Calyrex|As One\n|-ability|p1a: Calyrex|Unnerve\n|turn|3\n|\n|t:|1776553663\n|move|p2b: Smeargle|Wide Guard|p2b: Smeargle\n|-singleturn|p2b: Smeargle|Wide Guard\n|move|p2a: Grimmsnarl|Reflect|p2a: Grimmsnarl\n|-sidestart|p2: BenSon_A27_Zong|Reflect\n|move|p1b: Dusclops|Taunt|p2b: Smeargle\n|-start|p2b: Smeargle|move: Taunt\n|move|p1a: Calyrex|Glacial Lance|p2b: Smeargle|[spread] \n|-activate|p2a: Grimmsnarl|move: Wide Guard\n|-activate|p2b: Smeargle|move: Wide Guard\n|\n|-ability|p2b: Smeargle|Moody|boost\n|-boost|p2b: Smeargle|spd|2\n|-unboost|p2b: Smeargle|def|1\n|upkeep\n|turn|4\n|\n|t:|1776553672\n|switch|p2b: Muk|Muk-Alola, L50, F|100/100\n|move|p2a: Grimmsnarl|Parting Shot|p1a: Calyrex\n|-unboost|p1a: Calyrex|atk|1\n|-unboost|p1a: Calyrex|spa|1\n|\n|t:|1776553675\n|switch|p2a: Smeargle|Smeargle, L50, F|100/100|[from] Parting Shot\n|move|p1b: Dusclops|Taunt|p2a: Smeargle\n|-start|p2a: Smeargle|move: Taunt\n|move|p1a: Calyrex|Glacial Lance|p2a: Smeargle|[spread] p2a,p2b\n|-damage|p2a: Smeargle|25/100\n|-damage|p2b: Muk|78/100\n|\n|-heal|p2b: Muk|84/100|[from] item: Leftovers\n|-ability|p2a: Smeargle|Moody|boost\n|-boost|p2a: Smeargle|spa|2\n|-unboost|p2a: Smeargle|spd|1\n|upkeep\n|turn|5\n|\n|t:|1776553699\n|switch|p2a: Grimmsnarl|Grimmsnarl, L50, M|90/100\n|-terastallize|p2b: Muk|Water\n|move|p1b: Dusclops|Taunt|p2b: Muk\n|-start|p2b: Muk|move: Taunt\n|move|p1a: Calyrex|Glacial Lance|p2b: Muk|[spread] p2a,p2b\n|-resisted|p2b: Muk\n|-damage|p2a: Grimmsnarl|58/100\n|-damage|p2b: Muk|73/100\n|move|p2b: Muk|Poison Jab|p1b: Dusclops\n|-resisted|p1b: Dusclops\n|-damage|p1b: Dusclops|16/100\n|-status|p1b: Dusclops|psn\n|\n|-heal|p2b: Muk|79/100|[from] item: Leftovers\n|-damage|p1b: Dusclops|4/100 psn|[from] psn\n|-fieldend|move: Trick Room\n|upkeep\n|turn|6\n|inactive|jamarco has 30 seconds left.\n|\n|t:|1776553725\n|switch|p1a: Groudon|Groudon, L50, shiny|100/100\n|-weather|SunnyDay|[from] ability: Drought|[of] p1a: Groudon\n|move|p2a: Grimmsnarl|Parting Shot|p1a: Groudon\n|-unboost|p1a: Groudon|atk|1\n|-unboost|p1a: Groudon|spa|1\n|\n|t:|1776553728\n|switch|p2a: Smeargle|Smeargle, L50, F|25/100|[from] Parting Shot\n|move|p2b: Muk|Poison Jab|p1b: Dusclops\n|-resisted|p1b: Dusclops\n|-damage|p1b: Dusclops|0 fnt\n|faint|p1b: Dusclops\n|\n|-weather|SunnyDay|[upkeep]\n|-heal|p2b: Muk|85/100|[from] item: Leftovers\n|-ability|p2a: Smeargle|Moody|boost\n|-boost|p2a: Smeargle|spe|2\n|-unboost|p2a: Smeargle|spa|1\n|upkeep\n|\n|t:|1776553735\n|switch|p1b: Calyrex|Calyrex-Ice, L50|100/100\n|-ability|p1b: Calyrex|As One\n|-ability|p1b: Calyrex|Unnerve\n|turn|7\n|\n|t:|1776553755\n|-terastallize|p1b: Calyrex|Grass\n|move|p2a: Smeargle|Spore|p1b: Calyrex\n|-immune|p1b: Calyrex\n|move|p1a: Groudon|Swords Dance|p1a: Groudon\n|-boost|p1a: Groudon|atk|2\n|move|p2b: Muk|Poison Jab|p1a: Groudon\n|-resisted|p1a: Groudon\n|-damage|p1a: Groudon|90/100\n|move|p1b: Calyrex|Tera Blast|p2a: Smeargle|[anim] Tera Blast Grass\n|-damage|p2a: Smeargle|0 fnt\n|faint|p2a: Smeargle\n|-ability|p2b: Muk|Moody|Power of Alchemy|[from] ability: Power of Alchemy|[of] p2a: Smeargle\n|-ability|p1b: Calyrex|Chilling Neigh|boost\n|-boost|p1b: Calyrex|atk|1\n|\n|-weather|SunnyDay|[upkeep]\n|-heal|p2b: Muk|91/100|[from] item: Leftovers\n|-end|p2b: Muk|move: Taunt\n|-ability|p2b: Muk|Moody|boost\n|-boost|p2b: Muk|spa|2\n|-unboost|p2b: Muk|atk|1\n|upkeep\n|\n|t:|1776553759\n|switch|p2a: Grimmsnarl|Grimmsnarl, L50, M|58/100\n|turn|8\n|inactive|jamarco has 30 seconds left.\n|\n|t:|1776553785\n|move|p2a: Grimmsnarl|Parting Shot|p1b: Calyrex\n|-unboost|p1b: Calyrex|atk|1\n|-unboost|p1b: Calyrex|spa|1\n|move|p1a: Groudon|Thunder Punch|p2b: Muk\n|-supereffective|p2b: Muk\n|-damage|p2b: Muk|36/100\n|move|p2b: Muk|Minimize|p2b: Muk\n|-boost|p2b: Muk|evasion|2\n|move|p1b: Calyrex|Tera Blast|p2a: Grimmsnarl|[anim] Tera Blast Grass\n|-damage|p2a: Grimmsnarl|11/100\n|\n|-weather|SunnyDay|[upkeep]\n|-heal|p2b: Muk|42/100|[from] item: Leftovers\n|-ability|p2b: Muk|Moody|boost\n|-boost|p2b: Muk|atk|2\n|-unboost|p2b: Muk|spe|1\n|upkeep\n|turn|9\n|\n|t:|1776553801\n|move|p2b: Muk|Protect|p2b: Muk\n|-singleturn|p2b: Muk|Protect\n|move|p2a: Grimmsnarl|Parting Shot|p1a: Groudon\n|-unboost|p1a: Groudon|atk|1\n|-unboost|p1a: Groudon|spa|1\n|move|p1a: Groudon|Precipice Blades|p2b: Muk|[spread] p2a\n|-activate|p2b: Muk|move: Protect\n|-damage|p2a: Grimmsnarl|0 fnt\n|faint|p2a: Grimmsnarl\n|move|p1b: Calyrex|Tera Blast|p2b: Muk|[anim] Tera Blast Grass\n|-activate|p2b: Muk|move: Protect\n|\n|-weather|SunnyDay|[upkeep]\n|-heal|p2b: Muk|49/100|[from] item: Leftovers\n|-ability|p2b: Muk|Moody|boost\n|-boost|p2b: Muk|spd|2\n|-unboost|p2b: Muk|spe|1\n|upkeep\n|turn|10\n|\n|t:|1776553810\n|move|p1a: Groudon|Swords Dance|p1a: Groudon\n|-boost|p1a: Groudon|atk|2\n|move|p1b: Calyrex|Tera Blast|p2b: Muk|[anim] Tera Blast Grass|[miss]\n|-miss|p1b: Calyrex|p2b: Muk\n|move|p2b: Muk|Minimize|p2b: Muk\n|-boost|p2b: Muk|evasion|2\n|\n|-weather|none\n|-heal|p2b: Muk|55/100|[from] item: Leftovers\n|-sideend|p2: BenSon_A27_Zong|Reflect\n|-ability|p2b: Muk|Moody|boost\n|-boost|p2b: Muk|atk|2\n|-unboost|p2b: Muk|spd|1\n|upkeep\n|turn|11\n|\n|t:|1776553822\n|move|p1a: Groudon|Thunder Punch|p2b: Muk|[miss]\n|-miss|p1a: Groudon|p2b: Muk\n|move|p1b: Calyrex|Tera Blast|p2b: Muk|[anim] Tera Blast Grass|[miss]\n|-miss|p1b: Calyrex|p2b: Muk\n|move|p2b: Muk|Poison Jab|p1a: Groudon\n|-resisted|p1a: Groudon\n|-damage|p1a: Groudon|64/100\n|\n|-heal|p2b: Muk|61/100|[from] item: Leftovers\n|-ability|p2b: Muk|Moody|boost\n|-boost|p2b: Muk|atk|2\n|-unboost|p2b: Muk|spd|1\n|upkeep\n|turn|12\n|\n|t:|1776553830\n|move|p2b: Muk|Protect|p2b: Muk\n|-singleturn|p2b: Muk|Protect\n|move|p1a: Groudon|Thunder Punch|p2b: Muk\n|-activate|p2b: Muk|move: Protect\n|move|p1b: Calyrex|Tera Blast|p2b: Muk|[anim] Tera Blast Grass\n|-activate|p2b: Muk|move: Protect\n|\n|-heal|p2b: Muk|67/100|[from] item: Leftovers\n|-ability|p2b: Muk|Moody|boost\n|-boost|p2b: Muk|atk|1\n|-unboost|p2b: Muk|spd|1\n|upkeep\n|turn|13\n|\n|t:|1776553837\n|move|p1a: Groudon|Thunder Punch|p2b: Muk\n|-supereffective|p2b: Muk\n|-damage|p2b: Muk|0 fnt\n|faint|p2b: Muk\n|\n|win|jamarco\n|raw|jamarco's rating: 1159 &rarr; <strong>1191</strong><br />(+32 for winning)\n|raw|BenSon_A27_Zong's rating: 1253 &rarr; <strong>1221</strong><br />(-32 for losing)\n|c|\u2606jamarco|rata\n|l|\u2606BenSon_A27_Zong\n|player|p2|\n|l|\u2606jamarco\n|player|p1|\n","uploadtime":1776553992,"views":7,"formatid":"gen9vgc2026regi","rating":1191,"private":0,"password":null}