{"id":"gen9vgc2026regi-2552739960","format":"[Gen 9] VGC 2026 Reg I","players":["CHR1SPHX","KahunaVGC"],"log":"|j|\u2606CHR1SPHX\n|j|\u2606KahunaVGC\n|t:|1772748591\n|gametype|doubles\n|player|p1|CHR1SPHX|hilbert|1239\n|player|p2|KahunaVGC|2|1292\n|gen|9\n|tier|[Gen 9] VGC 2026 Reg I\n|rated|\n|rule|Species Clause: Limit one of each Pok\u00e9mon\n|rule|Item Clause: Limit 1 of each item\n|clearpoke\n|poke|p1|Lunala, L50|\n|poke|p1|Amoonguss, L50, M|\n|poke|p1|Ursaluna-Bloodmoon, L50, M|\n|poke|p1|Incineroar, L50, M|\n|poke|p1|Koraidon, L50|\n|poke|p1|Flutter Mane, L50|\n|poke|p2|Miraidon, L50|\n|poke|p2|Ho-Oh, L50|\n|poke|p2|Iron Leaves, L50|\n|poke|p2|Pawmot, L50, M|\n|poke|p2|Swampert, L50, M|\n|poke|p2|Bellibolt, L50, F|\n|teampreview|4\n|inactive|Battle timer is ON: inactive players will automatically lose when time's up. (requested by CHR1SPHX)\n|\n|t:|1772748620\n|teamsize|p1|4\n|teamsize|p2|4\n|start\n|switch|p1a: Lunala|Lunala, L50, shiny|100/100\n|switch|p1b: Incineroar|Incineroar, L50, M|100/100\n|switch|p2a: Free Bird|Ho-Oh, L50|100/100\n|switch|p2b: Annihilation|Swampert, L50, M|100/100\n|-ability|p1b: Incineroar|Intimidate|boost\n|-fail|p2a: Free Bird|unboost|[from] item: Clear Amulet|[of] p2a: Free Bird\n|-unboost|p2b: Annihilation|atk|1\n|turn|1\n|\n|t:|1772748636\n|move|p2a: Free Bird|Protect|p2a: Free Bird\n|-singleturn|p2a: Free Bird|Protect\n|move|p1b: Incineroar|Fake Out|p2a: Free Bird\n|-activate|p2a: Free Bird|move: Protect\n|move|p2b: Annihilation|Knock Off|p1a: Lunala\n|-supereffective|p1a: Lunala\n|-damage|p1a: Lunala|77/100\n|-enditem|p1a: Lunala|Mental Herb|[from] move: Knock Off|[of] p2b: Annihilation\n|move|p1a: Lunala|Trick Room|p1a: Lunala\n|-fieldstart|move: Trick Room|[of] p1a: Lunala\n|\n|upkeep\n|turn|2\n|\n|t:|1772748653\n|switch|p1a: Amoonguss|Amoonguss, L50, M, shiny|100/100\n|move|p2b: Annihilation|Whirlpool|p1a: Amoonguss\n|-resisted|p1a: Amoonguss\n|-damage|p1a: Amoonguss|96/100\n|-activate|p1a: Amoonguss|move: Whirlpool|[of] p2b: Annihilation\n|move|p1b: Incineroar|Knock Off|p2a: Free Bird\n|-damage|p2a: Free Bird|73/100\n|-enditem|p2a: Free Bird|Clear Amulet|[from] move: Knock Off|[of] p1b: Incineroar\n|move|p2a: Free Bird|Brave Bird|p1a: Amoonguss\n|-supereffective|p1a: Amoonguss\n|-damage|p1a: Amoonguss|10/100\n|-damage|p2a: Free Bird|56/100|[from] item: Rocky Helmet|[of] p1a: Amoonguss\n|-damage|p2a: Free Bird|26/100|[from] Recoil\n|\n|-damage|p1a: Amoonguss|0 fnt|[from] move: Whirlpool|[partiallytrapped]\n|faint|p1a: Amoonguss\n|upkeep\n|\n|t:|1772748669\n|switch|p1a: Ursaluna|Ursaluna-Bloodmoon, L50, M|100/100\n|turn|3\n|\n|t:|1772748680\n|switch|p2a: Slice|Iron Leaves, L50|100/100\n|move|p1a: Ursaluna|Hyper Voice|p2b: Annihilation|[spread] p2a,p2b\n|-damage|p2a: Slice|58/100\n|-damage|p2b: Annihilation|62/100\n|-damage|p1a: Ursaluna|91/100|[from] item: Life Orb\n|move|p2b: Annihilation|Whirlpool|p1a: Ursaluna\n|-supereffective|p1a: Ursaluna\n|-damage|p1a: Ursaluna|72/100\n|-activate|p1a: Ursaluna|move: Whirlpool|[of] p2b: Annihilation\n|move|p1b: Incineroar|Parting Shot|p2b: Annihilation\n|-unboost|p2b: Annihilation|atk|1\n|-unboost|p2b: Annihilation|spa|1\n|\n|t:|1772748692\n|switch|p1b: Lunala|Lunala, L50, shiny|77/100|[from] Parting Shot\n|\n|-heal|p2b: Annihilation|68/100|[from] item: Leftovers\n|-damage|p1a: Ursaluna|59/100|[from] move: Whirlpool|[partiallytrapped]\n|upkeep\n|turn|4\n|\n|t:|1772748711\n|-terastallize|p1b: Lunala|Fairy\n|move|p1a: Ursaluna|Blood Moon|p2a: Slice\n|-damage|p2a: Slice|0 fnt\n|faint|p2a: Slice\n|-end|p2a: Slice|Quark Drive|[silent]\n|-damage|p1a: Ursaluna|50/100|[from] item: Life Orb\n|move|p2b: Annihilation|Knock Off|p1b: Lunala\n|-resisted|p1b: Lunala\n|-damage|p1b: Lunala|75/100\n|move|p1b: Lunala|Moonblast|p2b: Annihilation\n|-damage|p2b: Annihilation|28/100\n|\n|-heal|p2b: Annihilation|33/100|[from] item: Leftovers\n|-damage|p1a: Ursaluna|37/100|[from] move: Whirlpool|[partiallytrapped]\n|upkeep\n|\n|t:|1772748716\n|switch|p2a: Free Bird|Ho-Oh, L50|60/100\n|turn|5\n|\n|t:|1772748733\n|switch|p1b: Incineroar|Incineroar, L50, M|100/100\n|-ability|p1b: Incineroar|Intimidate|boost\n|-unboost|p2a: Free Bird|atk|1\n|-unboost|p2b: Annihilation|atk|1\n|move|p1a: Ursaluna|Hyper Voice|p2b: Annihilation|[spread] p2a,p2b\n|-damage|p2a: Free Bird|33/100\n|-damage|p2b: Annihilation|0 fnt\n|faint|p2b: Annihilation\n|-damage|p1a: Ursaluna|28/100|[from] item: Life Orb\n|move|p2a: Free Bird|Brave Bird|p1a: Ursaluna\n|-damage|p1a: Ursaluna|2/100\n|-damage|p2a: Free Bird|24/100|[from] Recoil\n|\n|-end|p1a: Ursaluna|Whirlpool|[partiallytrapped]|[silent]\n|-fieldend|move: Trick Room\n|upkeep\n|\n|t:|1772748737\n|switch|p2b: iPhone 17 Pro Max|Miraidon, L50|100/100\n|-fieldstart|move: Electric Terrain|[from] ability: Hadron Engine|[of] p2b: iPhone 17 Pro Max\n|-enditem|p2b: iPhone 17 Pro Max|Electric Seed\n|-boost|p2b: iPhone 17 Pro Max|def|1|[from] item: Electric Seed\n|turn|6\n|\n|t:|1772748754\n|move|p1b: Incineroar|Fake Out|p2a: Free Bird\n|-damage|p2a: Free Bird|17/100\n|move|p2b: iPhone 17 Pro Max|Dragon Pulse|p1a: Ursaluna\n|-damage|p1a: Ursaluna|0 fnt\n|faint|p1a: Ursaluna\n|cant|p2a: Free Bird|flinch\n|\n|upkeep\n|\n|t:|1772748759\n|switch|p1a: Lunala|Lunala, L50, shiny, tera:Fairy|75/100\n|turn|7\n|\n|t:|1772748778\n|-terastallize|p2b: iPhone 17 Pro Max|Electric\n|move|p2b: iPhone 17 Pro Max|Calm Mind|p2b: iPhone 17 Pro Max\n|-boost|p2b: iPhone 17 Pro Max|spa|1\n|-boost|p2b: iPhone 17 Pro Max|spd|1\n|move|p2a: Free Bird|Brave Bird|p1b: Incineroar\n|-damage|p1b: Incineroar|68/100\n|-damage|p2a: Free Bird|6/100|[from] Recoil\n|move|p1b: Incineroar|Parting Shot|p2b: iPhone 17 Pro Max\n|-unboost|p2b: iPhone 17 Pro Max|atk|1\n|-unboost|p2b: iPhone 17 Pro Max|spa|1\n|move|p1a: Lunala|Trick Room|p1a: Lunala\n|-fieldstart|move: Trick Room|[of] p1a: Lunala\n|\n|upkeep\n|turn|8\n|inactive|CHR1SPHX has 30 seconds left.\n|\n|t:|1772748805\n|move|p1b: Incineroar|Knock Off|p2a: Free Bird\n|-damage|p2a: Free Bird|0 fnt\n|faint|p2a: Free Bird\n|move|p1a: Lunala|Moonblast|p2b: iPhone 17 Pro Max\n|-damage|p2b: iPhone 17 Pro Max|74/100\n|move|p2b: iPhone 17 Pro Max|Calm Mind|p2b: iPhone 17 Pro Max\n|-boost|p2b: iPhone 17 Pro Max|spa|1\n|-boost|p2b: iPhone 17 Pro Max|spd|1\n|\n|upkeep\n|turn|9\n|\n|t:|1772748816\n|move|p1b: Incineroar|Parting Shot|p2b: iPhone 17 Pro Max\n|-unboost|p2b: iPhone 17 Pro Max|atk|1\n|-unboost|p2b: iPhone 17 Pro Max|spa|1\n|move|p1a: Lunala|Moonblast|p2b: iPhone 17 Pro Max\n|-damage|p2b: iPhone 17 Pro Max|54/100\n|move|p2b: iPhone 17 Pro Max|Parabolic Charge|p1b: Incineroar|[spread] p1a,p1b\n|-damage|p1a: Lunala|40/100\n|-heal|p2b: iPhone 17 Pro Max|75/100|[from] drain|[of] p1a: Lunala\n|-damage|p1b: Incineroar|29/100\n|-heal|p2b: iPhone 17 Pro Max|94/100|[from] drain|[of] p1b: Incineroar\n|\n|upkeep\n|turn|10\n|\n|t:|1772748830\n|move|p1b: Incineroar|Parting Shot|p2b: iPhone 17 Pro Max\n|-unboost|p2b: iPhone 17 Pro Max|atk|1\n|-unboost|p2b: iPhone 17 Pro Max|spa|1\n|move|p1a: Lunala|Moonblast|p2b: iPhone 17 Pro Max\n|-damage|p2b: iPhone 17 Pro Max|75/100\n|-unboost|p2b: iPhone 17 Pro Max|spa|1\n|move|p2b: iPhone 17 Pro Max|Dragon Pulse|p1b: Incineroar\n|-damage|p1b: Incineroar|10/100\n|\n|-fieldend|move: Electric Terrain\n|upkeep\n|turn|11\n|\n|t:|1772748838\n|move|p1b: Incineroar|Parting Shot|p2b: iPhone 17 Pro Max\n|-unboost|p2b: iPhone 17 Pro Max|atk|1\n|-unboost|p2b: iPhone 17 Pro Max|spa|1\n|move|p1a: Lunala|Moonblast|p2b: iPhone 17 Pro Max\n|-damage|p2b: iPhone 17 Pro Max|54/100\n|move|p2b: iPhone 17 Pro Max|Parabolic Charge|p1b: Incineroar|[spread] p1a,p1b\n|-damage|p1a: Lunala|30/100\n|-heal|p2b: iPhone 17 Pro Max|60/100|[from] drain|[of] p1a: Lunala\n|-damage|p1b: Incineroar|2/100\n|-heal|p2b: iPhone 17 Pro Max|64/100|[from] drain|[of] p1b: Incineroar\n|\n|-fieldend|move: Trick Room\n|upkeep\n|turn|12\n|\n|t:|1772748850\n|move|p2b: iPhone 17 Pro Max|Parabolic Charge|p1b: Incineroar|[spread] p1a,p1b\n|-damage|p1a: Lunala|22/100\n|-heal|p2b: iPhone 17 Pro Max|68/100|[from] drain|[of] p1a: Lunala\n|-damage|p1b: Incineroar|0 fnt\n|-heal|p2b: iPhone 17 Pro Max|69/100|[from] drain|[of] p1b: Incineroar\n|faint|p1b: Incineroar\n|move|p1a: Lunala|Moonblast|p2b: iPhone 17 Pro Max\n|-damage|p2b: iPhone 17 Pro Max|49/100\n|\n|upkeep\n|turn|13\n|\n|t:|1772748862\n|move|p2b: iPhone 17 Pro Max|Calm Mind|p2b: iPhone 17 Pro Max\n|-boost|p2b: iPhone 17 Pro Max|spa|1\n|-boost|p2b: iPhone 17 Pro Max|spd|1\n|move|p1a: Lunala|Moonblast|p2b: iPhone 17 Pro Max\n|-damage|p2b: iPhone 17 Pro Max|33/100\n|\n|upkeep\n|turn|14\n|\n|t:|1772748868\n|move|p2b: iPhone 17 Pro Max|Calm Mind|p2b: iPhone 17 Pro Max\n|-boost|p2b: iPhone 17 Pro Max|spa|1\n|-boost|p2b: iPhone 17 Pro Max|spd|1\n|move|p1a: Lunala|Moonblast|p2b: iPhone 17 Pro Max\n|-damage|p2b: iPhone 17 Pro Max|19/100\n|-unboost|p2b: iPhone 17 Pro Max|spa|1\n|\n|upkeep\n|turn|15\n|\n|t:|1772748873\n|move|p2b: iPhone 17 Pro Max|Parabolic Charge|p1a: Lunala\n|-damage|p1a: Lunala|9/100\n|-heal|p2b: iPhone 17 Pro Max|27/100|[from] drain|[of] p1a: Lunala\n|move|p1a: Lunala|Moonblast|p2b: iPhone 17 Pro Max\n|-damage|p2b: iPhone 17 Pro Max|13/100\n|\n|upkeep\n|turn|16\n|\n|t:|1772748887\n|move|p2b: iPhone 17 Pro Max|Parabolic Charge|p1a: Lunala\n|-damage|p1a: Lunala|0 fnt\n|-heal|p2b: iPhone 17 Pro Max|18/100|[from] drain|[of] p1a: Lunala\n|faint|p1a: Lunala\n|\n|win|KahunaVGC\n|raw|CHR1SPHX's rating: 1239 &rarr; <strong>1218</strong><br />(-21 for losing)\n|raw|KahunaVGC's rating: 1292 &rarr; <strong>1313</strong><br />(+21 for winning)\n|c|\u2606KahunaVGC|Gg\n|l|\u2606CHR1SPHX\n|player|p1|\n","uploadtime":1772749121,"views":12,"formatid":"gen9vgc2026regi","rating":1218,"private":0,"password":null}