{"id":"gen9vgc2026regi-2587016170","format":"[Gen 9] VGC 2026 Reg I","players":["TheNamesBetty","phn1x"],"log":"|j|\u2606TheNamesBetty\n|j|\u2606phn1x\n|t:|1776481532\n|gametype|doubles\n|player|p1|TheNamesBetty|koga|1471\n|player|p2|phn1x|265|1474\n|gen|9\n|tier|[Gen 9] VGC 2026 Reg I\n|rated|\n|rule|Species Clause: Limit one of each Pok\u00e9mon\n|rule|Item Clause: Limit 1 of each item\n|clearpoke\n|poke|p1|Terapagos, L50, M|\n|poke|p1|Miraidon, L50|\n|poke|p1|Incineroar, L50, M|\n|poke|p1|Sinistcha, L50|\n|poke|p1|Smeargle, L50, M|\n|poke|p1|Gouging Fire, L50|\n|poke|p2|Lunala, L50|\n|poke|p2|Rillaboom, L50, M|\n|poke|p2|Sinistcha-Masterpiece, L50|\n|poke|p2|Incineroar, L50, F|\n|poke|p2|Landorus, L50, M|\n|poke|p2|Kyogre, L50|\n|teampreview|4\n|\n|t:|1776481557\n|teamsize|p1|4\n|teamsize|p2|4\n|start\n|switch|p1a: Dead Parrot|Miraidon, L50|100/100\n|switch|p1b: MontyPythonFlying|Terapagos, L50, M|100/100\n|switch|p2a: Lunala|Lunala, L50|100/100\n|switch|p2b: Incineroar|Incineroar, L50, F|100/100\n|-activate|p1b: MontyPythonFlying|ability: Tera Shift\n|detailschange|p1b: MontyPythonFlying|Terapagos-Terastal, L50, M\n|-heal|p1b: MontyPythonFlying|100/100|[silent]\n|-fieldstart|move: Electric Terrain|[from] ability: Hadron Engine|[of] p1a: Dead Parrot\n|-enditem|p1b: MontyPythonFlying|Electric Seed\n|-boost|p1b: MontyPythonFlying|def|1|[from] item: Electric Seed\n|-ability|p2b: Incineroar|Intimidate|boost\n|-unboost|p1a: Dead Parrot|atk|1\n|-unboost|p1b: MontyPythonFlying|atk|1\n|turn|1\n|\n|t:|1776481583\n|-terastallize|p2a: Lunala|Fairy\n|move|p2b: Incineroar|Fake Out|p1a: Dead Parrot\n|-damage|p1a: Dead Parrot|91/100\n|cant|p1a: Dead Parrot|flinch\n|move|p2a: Lunala|Moonblast|p1b: MontyPythonFlying\n|-activate|p1b: MontyPythonFlying|ability: Tera Shell\n|-resisted|p1b: MontyPythonFlying\n|-damage|p1b: MontyPythonFlying|76/100\n|move|p1b: MontyPythonFlying|Calm Mind|p1b: MontyPythonFlying\n|-boost|p1b: MontyPythonFlying|spa|1\n|-boost|p1b: MontyPythonFlying|spd|1\n|\n|upkeep\n|turn|2\n|\n|t:|1776481610\n|switch|p1a: Message4YouSir|Incineroar, L50, M|100/100\n|-ability|p1a: Message4YouSir|Intimidate|boost\n|-unboost|p2a: Lunala|atk|1\n|-unboost|p2b: Incineroar|atk|1\n|switch|p2b: Rillaboom|Rillaboom, L50, M|100/100\n|-fieldstart|move: Grassy Terrain|[from] ability: Grassy Surge|[of] p2b: Rillaboom\n|move|p1b: MontyPythonFlying|Protect|p1b: MontyPythonFlying\n|-singleturn|p1b: MontyPythonFlying|Protect\n|move|p2a: Lunala|Moonblast|p1a: Message4YouSir\n|-damage|p1a: Message4YouSir|67/100\n|\n|-heal|p1b: MontyPythonFlying|82/100|[from] Grassy Terrain\n|-heal|p1a: Message4YouSir|73/100|[from] Grassy Terrain\n|upkeep\n|turn|3\n|\n|t:|1776481630\n|move|p2b: Rillaboom|Fake Out|p1a: Message4YouSir\n|-damage|p1a: Message4YouSir|65/100\n|cant|p1a: Message4YouSir|flinch\n|move|p2a: Lunala|Moonblast|p1b: MontyPythonFlying\n|-damage|p1b: MontyPythonFlying|48/100\n|move|p1b: MontyPythonFlying|Calm Mind|p1b: MontyPythonFlying\n|-boost|p1b: MontyPythonFlying|spa|1\n|-boost|p1b: MontyPythonFlying|spd|1\n|\n|-heal|p1b: MontyPythonFlying|54/100|[from] Grassy Terrain\n|-heal|p1a: Message4YouSir|71/100|[from] Grassy Terrain\n|upkeep\n|turn|4\n|\n|t:|1776481643\n|switch|p2b: Landorus|Landorus, L50, M|100/100\n|switch|p1a: Shubbery|Sinistcha, L50|100/100\n|-heal|p1b: MontyPythonFlying|79/100|[from] ability: Hospitality|[of] p1a: Shubbery\n|-terastallize|p1b: MontyPythonFlying|Stellar\n|detailschange|p1b: MontyPythonFlying|Terapagos-Stellar, L50, M, tera:Stellar\n|-heal|p1b: MontyPythonFlying|84/100|[silent]\n|-ability|p1b: MontyPythonFlying|Teraform Zero\n|-fieldend|move: Grassy Terrain\n|move|p2a: Lunala|Moonblast|p1b: MontyPythonFlying\n|-damage|p1b: MontyPythonFlying|67/100\n|-unboost|p1b: MontyPythonFlying|spa|1\n|move|p1b: MontyPythonFlying|Tera Starstorm|p2b: Landorus|[spread] p2a,p2b\n|-supereffective|p2a: Lunala\n|-damage|p2a: Lunala|62/100\n|-damage|p2b: Landorus|28/100\n|\n|-heal|p2a: Lunala|68/100|[from] item: Leftovers\n|upkeep\n|turn|5\n|\n|t:|1776481698\n|move|p2a: Lunala|Wide Guard|p2a: Lunala\n|-singleturn|p2a: Lunala|Wide Guard\n|move|p2b: Landorus|Sandsear Storm|p1b: MontyPythonFlying|[spread] p1b\n|-miss|p2b: Landorus|p1a: Shubbery\n|-damage|p1b: MontyPythonFlying|45/100\n|move|p1b: MontyPythonFlying|Earth Power|p2a: Lunala\n|-damage|p2a: Lunala|28/100\n|move|p1a: Shubbery|Matcha Gotcha|p2a: Lunala|[spread] \n|-activate|p2a: Lunala|move: Wide Guard\n|-activate|p2b: Landorus|move: Wide Guard\n|\n|-heal|p2a: Lunala|34/100|[from] item: Leftovers\n|upkeep\n|turn|6\n|\n|t:|1776481720\n|move|p1b: MontyPythonFlying|Protect|p1b: MontyPythonFlying\n|-singleturn|p1b: MontyPythonFlying|Protect\n|move|p2a: Lunala|Wide Guard|p2a: Lunala\n|-singleturn|p2a: Lunala|Wide Guard\n|move|p2b: Landorus|Sandsear Storm|p1b: MontyPythonFlying|[spread] p1a\n|-activate|p1b: MontyPythonFlying|move: Protect\n|-resisted|p1a: Shubbery\n|-damage|p1a: Shubbery|74/100\n|move|p1a: Shubbery|Trick Room|p1a: Shubbery\n|-fieldstart|move: Trick Room|[of] p1a: Shubbery\n|\n|-heal|p2a: Lunala|40/100|[from] item: Leftovers\n|upkeep\n|turn|7\n|\n|t:|1776481744\n|switch|p1a: Message4YouSir|Incineroar, L50, M|71/100\n|-ability|p1a: Message4YouSir|Intimidate|boost\n|-unboost|p2a: Lunala|atk|1\n|-unboost|p2b: Landorus|atk|1\n|move|p2a: Lunala|Wide Guard|p2a: Lunala\n|-singleturn|p2a: Lunala|Wide Guard\n|move|p1b: MontyPythonFlying|Earth Power|p2a: Lunala\n|-damage|p2a: Lunala|0 fnt\n|faint|p2a: Lunala\n|move|p2b: Landorus|Sandsear Storm|p1b: MontyPythonFlying|[spread] p1a,p1b\n|-supereffective|p1a: Message4YouSir\n|-damage|p1a: Message4YouSir|0 fnt\n|-damage|p1b: MontyPythonFlying|25/100\n|faint|p1a: Message4YouSir\n|\n|upkeep\n|\n|t:|1776481773\n|switch|p1a: Shubbery|Sinistcha, L50|74/100\n|switch|p2a: Rillaboom|Rillaboom, L50, M|100/100\n|-fieldstart|move: Grassy Terrain|[from] ability: Grassy Surge|[of] p2a: Rillaboom\n|-heal|p1b: MontyPythonFlying|50/100|[from] ability: Hospitality|[of] p1a: Shubbery\n|turn|8\n|\n|t:|1776481786\n|move|p1b: MontyPythonFlying|Protect|p1b: MontyPythonFlying\n|-singleturn|p1b: MontyPythonFlying|Protect\n|move|p2a: Rillaboom|Fake Out|p1b: MontyPythonFlying\n|-activate|p1b: MontyPythonFlying|move: Protect\n|move|p1a: Shubbery|Strength Sap|p2a: Rillaboom\n|-unboost|p2a: Rillaboom|atk|1\n|-heal|p1a: Shubbery|100/100\n|move|p2b: Landorus|Sludge Bomb|p1a: Shubbery\n|-damage|p1a: Shubbery|59/100\n|\n|-heal|p1a: Shubbery|65/100|[from] Grassy Terrain\n|-heal|p1b: MontyPythonFlying|56/100|[from] Grassy Terrain\n|upkeep\n|turn|9\n|\n|t:|1776481806\n|move|p1a: Shubbery|Rage Powder|p1a: Shubbery\n|-singleturn|p1a: Shubbery|move: Rage Powder\n|move|p1b: MontyPythonFlying|Tera Starstorm|p2a: Rillaboom|[spread] p2a,p2b\n|-damage|p2a: Rillaboom|60/100\n|-damage|p2b: Landorus|0 fnt\n|faint|p2b: Landorus\n|move|p2a: Rillaboom|Wood Hammer|p1b: MontyPythonFlying\n|-damage|p1b: MontyPythonFlying|40/100\n|-damage|p2a: Rillaboom|53/100|[from] Recoil\n|\n|-heal|p1a: Shubbery|71/100|[from] Grassy Terrain\n|-heal|p1b: MontyPythonFlying|46/100|[from] Grassy Terrain\n|-heal|p2a: Rillaboom|59/100|[from] Grassy Terrain\n|upkeep\n|-message|phn1x forfeited.\n|\n|win|TheNamesBetty\n|raw|TheNamesBetty's rating: 1471 &rarr; <strong>1491</strong><br />(+20 for winning)\n|raw|phn1x's rating: 1474 &rarr; <strong>1454</strong><br />(-20 for losing)\n","uploadtime":1776481834,"views":22,"formatid":"gen9vgc2026regi","rating":1454,"private":0,"password":null}