{"id":"gen9vgc2026regi-2538483045","format":"[Gen 9] VGC 2026 Reg I","players":["ColonelSquid","lalo's pollos"],"log":"|j|\u2606ColonelSquid\n|j|\u2606lalo's pollos\n|t:|1770931976\n|gametype|doubles\n|player|p1|ColonelSquid|2|1537\n|player|p2|lalo's pollos|169|1593\n|gen|9\n|tier|[Gen 9] VGC 2026 Reg I\n|rated|\n|rule|Species Clause: Limit one of each Pok\u00e9mon\n|rule|Item Clause: Limit 1 of each item\n|clearpoke\n|poke|p1|Smeargle, L50, F|\n|poke|p1|Calyrex-Ice, L50|\n|poke|p1|Lunala, L50|\n|poke|p1|Indeedee-F, L50, F|\n|poke|p1|Toxapex, L50, M|\n|poke|p1|Incineroar, L50, M|\n|poke|p2|Zamazenta-*, L50|\n|poke|p2|Lunala, L50|\n|poke|p2|Rillaboom, L50, M|\n|poke|p2|Incineroar, L50, M|\n|poke|p2|Urshifu-*, L50, M|\n|poke|p2|Tornadus, L50, M|\n|teampreview|4\n|inactive|Battle timer is ON: inactive players will automatically lose when time's up. (requested by ColonelSquid)\n|inactive|ColonelSquid has 60 seconds left.\n|\n|t:|1770932013\n|teamsize|p1|4\n|teamsize|p2|4\n|start\n|switch|p1a: Incineroar|Incineroar, L50, M|100/100\n|switch|p1b: Lunala|Lunala, L50|100/100\n|switch|p2a: Incineroar|Incineroar, L50, M|100/100\n|switch|p2b: Zamazenta|Zamazenta-Crowned, L50|100/100\n|-ability|p2b: Zamazenta|Dauntless Shield|boost\n|-boost|p2b: Zamazenta|def|1\n|-ability|p1a: Incineroar|Intimidate|boost\n|-unboost|p2a: Incineroar|atk|1\n|-unboost|p2b: Zamazenta|atk|1\n|-ability|p2a: Incineroar|Intimidate|boost\n|-unboost|p1a: Incineroar|atk|1\n|-unboost|p1b: Lunala|atk|1\n|turn|1\n|\n|t:|1770932030\n|switch|p2a: Lunala|Lunala, L50|100/100\n|switch|p1a: Indeedee|Indeedee-F, L50, F|100/100\n|-fieldstart|move: Psychic Terrain|[from] ability: Psychic Surge|[of] p1a: Indeedee\n|move|p2b: Zamazenta|Body Press|p1a: Indeedee\n|-damage|p1a: Indeedee|28/100\n|move|p1b: Lunala|Meteor Beam||[still]\n|-prepare|p1b: Lunala|Meteor Beam\n|-boost|p1b: Lunala|spa|1\n|-enditem|p1b: Lunala|Power Herb\n|-anim|p1b: Lunala|Meteor Beam|p2a: Lunala\n|-damage|p2a: Lunala|75/100\n|\n|-heal|p2a: Lunala|81/100|[from] item: Leftovers\n|upkeep\n|turn|2\n|j| mediocreprovoker\n|inactive|ColonelSquid has 30 seconds left.\n|inactive|lalo's pollos has 30 seconds left.\n|inactive|ColonelSquid has 20 seconds left.\n|inactive|lalo's pollos has 20 seconds left.\n|inactive|ColonelSquid has 15 seconds left.\n|\n|t:|1770932076\n|-terastallize|p2a: Lunala|Fairy\n|-terastallize|p1b: Lunala|Water\n|move|p1a: Indeedee|Helping Hand|p1b: Lunala\n|-singleturn|p1b: Lunala|Helping Hand|[of] p1a: Indeedee\n|move|p2b: Zamazenta|Wide Guard|p2b: Zamazenta\n|-singleturn|p2b: Zamazenta|Wide Guard\n|move|p2a: Lunala|Moonblast|p1a: Indeedee\n|-damage|p1a: Indeedee|0 fnt\n|faint|p1a: Indeedee\n|move|p1b: Lunala|Expanding Force|p2a: Lunala|[spread] \n|-activate|p2a: Lunala|move: Wide Guard\n|-activate|p2b: Zamazenta|move: Wide Guard\n|\n|-heal|p2a: Lunala|87/100|[from] item: Leftovers\n|upkeep\n|l| mediocreprovoker\n|inactive|ColonelSquid has 30 seconds left.\n|\n|t:|1770932104\n|switch|p1a: Calyrex|Calyrex-Ice, L50|100/100\n|-ability|p1a: Calyrex|As One\n|-ability|p1a: Calyrex|Unnerve\n|turn|3\n|\n|t:|1770932123\n|move|p2b: Zamazenta|Body Press|p1b: Lunala\n|-damage|p1b: Lunala|74/100\n|move|p2a: Lunala|Moongeist Beam|p1b: Lunala\n|-damage|p1b: Lunala|35/100\n|move|p1b: Lunala|Meteor Beam||[still]\n|-prepare|p1b: Lunala|Meteor Beam\n|-boost|p1b: Lunala|spa|1\n|move|p1a: Calyrex|Trick Room|p1a: Calyrex\n|-fieldstart|move: Trick Room|[of] p1a: Calyrex\n|\n|-heal|p2a: Lunala|93/100|[from] item: Leftovers\n|upkeep\n|turn|4\n|inactive|ColonelSquid has 30 seconds left.\n|\n|t:|1770932150\n|move|p2a: Lunala|Protect|p2a: Lunala\n|-singleturn|p2a: Lunala|Protect\n|move|p1a: Calyrex|Close Combat|p2a: Lunala\n|-activate|p2a: Lunala|move: Protect\n|move|p1b: Lunala|Meteor Beam|p2a: Lunala|[from] lockedmove\n|-activate|p2a: Lunala|move: Protect\n|move|p2b: Zamazenta|Body Press|p1b: Lunala\n|-damage|p1b: Lunala|0 fnt\n|faint|p1b: Lunala\n|\n|-heal|p2a: Lunala|99/100|[from] item: Leftovers\n|upkeep\n|\n|t:|1770932154\n|switch|p1b: Incineroar|Incineroar, L50, M|100/100\n|-ability|p1b: Incineroar|Intimidate|boost\n|-unboost|p2a: Lunala|atk|1\n|-unboost|p2b: Zamazenta|atk|1\n|turn|5\n|-message|ColonelSquid forfeited.\n|\n|win|lalo's pollos\n|raw|ColonelSquid's rating: 1537 &rarr; <strong>1520</strong><br />(-17 for losing)\n|raw|lalo&apos;s pollos's rating: 1593 &rarr; <strong>1610</strong><br />(+17 for winning)\n|l|\u2606ColonelSquid\n|player|p1|\n","uploadtime":1770932386,"views":48,"formatid":"gen9vgc2026regi","rating":1520,"private":0,"password":null}