{"id":"gen9vgc2026regi-2560673515","format":"[Gen 9] VGC 2026 Reg I","players":["TG511","editaccount"],"log":"|j|\u2606TG511\n|j|\u2606editaccount\n|t:|1773711034\n|gametype|doubles\n|player|p1|TG511|volkner|\n|player|p2|editaccount|265|\n|gen|9\n|tier|[Gen 9] VGC 2026 Reg I\n|rated|Tournament battle\n|rule|Species Clause: Limit one of each Pok\u00e9mon\n|rule|Item Clause: Limit 1 of each item\n|raw|<div class=\"infobox\"><details class=\"readmore\" open><summary><strong>3 custom rules:</strong></summary> Open Team Sheets, Force Open Team Sheets, !Open Team Sheets</details></div>\n|clearpoke\n|poke|p1|Chi-Yu, L50|\n|poke|p1|Flutter Mane, L50|\n|poke|p1|Chien-Pao, L50|\n|poke|p1|Zamazenta-*, L50|\n|poke|p1|Groudon, L50|\n|poke|p1|Jumpluff, L50, M|\n|poke|p2|Sinistcha, L50|\n|poke|p2|Urshifu-*, L50, F|\n|poke|p2|Terapagos, L50, M|\n|poke|p2|Miraidon, L50|\n|poke|p2|Incineroar, L50, F|\n|poke|p2|Iron Treads, L50|\n|teampreview|4\n|showteam|p1|Chi-Yu||ChoiceScarf|BeadsofRuin|HeatWave,Overheat,Snarl,DarkPulse||||||50|,,,,,Ghost]Flutter Mane||ChoiceSpecs|Protosynthesis|Moonblast,ShadowBall,DazzlingGleam,MistyTerrain||||||50|,,,,,Fairy]Chien-Pao||FocusSash|SwordofRuin|Ruination,IceSpinner,SuckerPunch,Protect||||||50|,,,,,Ghost]Zamazenta-Crowned||RustedShield|DauntlessShield|BodyPress,HeavySlam,WideGuard,Protect||||||50|,,,,,Dragon]Groudon||AssaultVest|Drought|PrecipiceBlades,HighHorsepower,HeatCrash,Crunch||||||50|,,,,,Fire]Jumpluff||CovertCloak|Chlorophyll|SleepPowder,Tailwind,RagePowder,Encore|||M|||50|,,,,,Dark\n|showteam|p2|Sinistcha||EjectButton|Hospitality|MatchaGotcha,RagePowder,LifeDew,Protect||||||50|,,,,,Dark]Urshifu-Rapid-Strike||FocusSash|UnseenFist|SurgingStrikes,CloseCombat,Detect,AquaJet|||F|||50|,,,,,Ghost]Terapagos||ElectricSeed|TeraShift|TeraStarstorm,EarthPower,Protect,CalmMind|||M|||50|,,,,,Stellar]Miraidon||ChoiceScarf|HadronEngine|ElectroDrift,VoltSwitch,DracoMeteor,Snarl||||||50|,,,,,Electric]Incineroar||AssaultVest|Intimidate|KnockOff,FakeOut,FlareBlitz,Uturn|||F|||50|,,,,,Bug]Iron Treads||LifeOrb|QuarkDrive|HighHorsepower,SteelRoller,StoneEdge,Protect||||||50|,,,,,Ground\n|\n|t:|1773711066\n|teamsize|p1|4\n|teamsize|p2|4\n|start\n|switch|p1a: Groudon|Groudon, L50|100/100\n|switch|p1b: Jumpluff|Jumpluff, L50, M|100/100\n|switch|p2a: Urshifu|Urshifu-Rapid-Strike, L50, F|100/100\n|switch|p2b: Miraidon|Miraidon, L50|100/100\n|-fieldstart|move: Electric Terrain|[from] ability: Hadron Engine|[of] p2b: Miraidon\n|-weather|SunnyDay|[from] ability: Drought|[of] p1a: Groudon\n|turn|1\n|j| maxdeesevgc\n|j| JkShowdownguest\n|j| ZippyZees\n|j| shoccco\u2764\n|\n|t:|1773711126\n|switch|p2b: Terapagos|Terapagos, L50, M|100/100\n|-activate|p2b: Terapagos|ability: Tera Shift\n|detailschange|p2b: Terapagos|Terapagos-Terastal, L50, M\n|-heal|p2b: Terapagos|100/100|[silent]\n|-enditem|p2b: Terapagos|Electric Seed\n|-boost|p2b: Terapagos|def|1|[from] item: Electric Seed\n|move|p1b: Jumpluff|Tailwind|p1b: Jumpluff\n|-sidestart|p1: TG511|move: Tailwind\n|move|p1a: Groudon|High Horsepower|p2b: Terapagos\n|-activate|p2b: Terapagos|ability: Tera Shell\n|-resisted|p2b: Terapagos\n|-damage|p2b: Terapagos|89/100\n|move|p2a: Urshifu|Surging Strikes|p1a: Groudon\n|-supereffective|p1a: Groudon\n|-crit|p1a: Groudon\n|-damage|p1a: Groudon|88/100\n|-supereffective|p1a: Groudon\n|-crit|p1a: Groudon\n|-damage|p1a: Groudon|74/100\n|-supereffective|p1a: Groudon\n|-crit|p1a: Groudon\n|-damage|p1a: Groudon|61/100\n|-hitcount|p1a: Groudon|3\n|\n|-weather|SunnyDay|[upkeep]\n|upkeep\n|turn|2\n|inactive|Battle timer is ON: inactive players will automatically lose when time's up. (requested by TG511)\n|\n|t:|1773711192\n|switch|p2a: Sinistcha|Sinistcha, L50|100/100\n|-heal|p2b: Terapagos|100/100|[from] ability: Hospitality|[of] p2a: Sinistcha\n|move|p1b: Jumpluff|Rage Powder|p1b: Jumpluff\n|-singleturn|p1b: Jumpluff|move: Rage Powder\n|move|p1a: Groudon|Precipice Blades|p2a: Sinistcha|[spread] p2a,p2b\n|-resisted|p2a: Sinistcha\n|-activate|p2b: Terapagos|ability: Tera Shell\n|-resisted|p2b: Terapagos\n|-damage|p2a: Sinistcha|80/100\n|-damage|p2b: Terapagos|89/100\n|-enditem|p2a: Sinistcha|Eject Button\n|\n|t:|1773711202\n|switch|p2a: Urshifu|Urshifu-Rapid-Strike, L50, F|100/100\n|move|p2b: Terapagos|Calm Mind|p2b: Terapagos\n|-boost|p2b: Terapagos|spa|1\n|-boost|p2b: Terapagos|spd|1\n|\n|-weather|SunnyDay|[upkeep]\n|upkeep\n|turn|3\n|\n|t:|1773711217\n|switch|p2a: Sinistcha|Sinistcha, L50|80/100\n|-heal|p2b: Terapagos|100/100|[from] ability: Hospitality|[of] p2a: Sinistcha\n|move|p1b: Jumpluff|Encore|p2b: Terapagos\n|-start|p2b: Terapagos|Encore\n|move|p1a: Groudon|Precipice Blades|p2a: Sinistcha|[spread] p2a\n|-miss|p1a: Groudon|p2b: Terapagos\n|-resisted|p2a: Sinistcha\n|-damage|p2a: Sinistcha|60/100\n|move|p2b: Terapagos|Calm Mind|p2b: Terapagos\n|-boost|p2b: Terapagos|spa|1\n|-boost|p2b: Terapagos|spd|1\n|\n|-weather|SunnyDay|[upkeep]\n|upkeep\n|turn|4\n|l| ZippyZees\n|inactive|editaccount has 30 seconds left.\n|inactive|editaccount has 20 seconds left.\n|inactive|editaccount has 15 seconds left.\n|inactive|editaccount has 10 seconds left.\n|inactive|editaccount has 5 seconds left.\n|\n|t:|1773711272\n|move|p1b: Jumpluff|Rage Powder|p1b: Jumpluff\n|-singleturn|p1b: Jumpluff|move: Rage Powder\n|move|p1a: Groudon|Heat Crash|p2a: Sinistcha\n|-supereffective|p2a: Sinistcha\n|-damage|p2a: Sinistcha|0 fnt\n|faint|p2a: Sinistcha\n|move|p2b: Terapagos|Calm Mind|p2b: Terapagos\n|-boost|p2b: Terapagos|spa|1\n|-boost|p2b: Terapagos|spd|1\n|\n|-weather|SunnyDay|[upkeep]\n|-sideend|p1: TG511|move: Tailwind\n|upkeep\n|\n|t:|1773711278\n|switch|p2a: Miraidon|Miraidon, L50|100/100\n|-activate|p2a: Miraidon|ability: Hadron Engine\n|turn|5\n|inactive|editaccount has 30 seconds left.\n|\n|t:|1773711304\n|move|p1b: Jumpluff|Tailwind|p1b: Jumpluff\n|-sidestart|p1: TG511|move: Tailwind\n|move|p2a: Miraidon|Volt Switch|p1b: Jumpluff\n|-damage|p1b: Jumpluff|25/100\n|j| AthenaStrive9\n|inactive|editaccount has 30 seconds left.\n|\n|t:|1773711336\n|switch|p2a: Urshifu|Urshifu-Rapid-Strike, L50, F|100/100|[from] Volt Switch\n|move|p1a: Groudon|High Horsepower|p2a: Urshifu\n|-damage|p2a: Urshifu|37/100\n|move|p2b: Terapagos|Calm Mind|p2b: Terapagos\n|-boost|p2b: Terapagos|spa|1\n|-boost|p2b: Terapagos|spd|1\n|\n|-weather|none\n|-end|p2b: Terapagos|Encore\n|-fieldend|move: Electric Terrain\n|upkeep\n|turn|6\n|\n|t:|1773711358\n|move|p2b: Terapagos|Protect|p2b: Terapagos\n|-singleturn|p2b: Terapagos|Protect\n|move|p2a: Urshifu|Aqua Jet|p1b: Jumpluff\n|-resisted|p1b: Jumpluff\n|-crit|p1b: Jumpluff\n|-damage|p1b: Jumpluff|2/100\n|move|p1b: Jumpluff|Encore|p2b: Terapagos\n|-activate|p2b: Terapagos|move: Protect\n|move|p1a: Groudon|High Horsepower|p2a: Urshifu\n|-damage|p2a: Urshifu|0 fnt\n|faint|p2a: Urshifu\n|\n|upkeep\n|\n|t:|1773711367\n|switch|p2a: Miraidon|Miraidon, L50|100/100\n|-fieldstart|move: Electric Terrain|[from] ability: Hadron Engine|[of] p2a: Miraidon\n|turn|7\n|\n|t:|1773711377\n|move|p2b: Terapagos|Protect||[still]\n|-fail|p2b: Terapagos\n|move|p1b: Jumpluff|Encore|p2b: Terapagos\n|-start|p2b: Terapagos|Encore\n|move|p2a: Miraidon|Snarl|p1a: Groudon|[spread] p1a,p1b\n|-damage|p1a: Groudon|49/100\n|-damage|p1b: Jumpluff|0 fnt\n|-unboost|p1a: Groudon|spa|1\n|faint|p1b: Jumpluff\n|move|p1a: Groudon|High Horsepower|p2a: Miraidon\n|-supereffective|p2a: Miraidon\n|-damage|p2a: Miraidon|3/100\n|\n|upkeep\n|\n|t:|1773711380\n|switch|p1b: Chi-Yu|Chi-Yu, L50|100/100\n|-ability|p1b: Chi-Yu|Beads of Ruin\n|turn|8\n|\n|t:|1773711390\n|move|p2b: Terapagos|Protect|p2b: Terapagos\n|-singleturn|p2b: Terapagos|Protect\n|move|p1b: Chi-Yu|Heat Wave|p2a: Miraidon|[spread] p2a\n|-activate|p2b: Terapagos|move: Protect\n|-resisted|p2a: Miraidon\n|-damage|p2a: Miraidon|0 fnt\n|faint|p2a: Miraidon\n|move|p1a: Groudon|Crunch|p2b: Terapagos\n|-activate|p2b: Terapagos|move: Protect\n|\n|-sideend|p1: TG511|move: Tailwind\n|upkeep\n|turn|9\n|\n|t:|1773711396\n|switch|p1a: Zamazenta|Zamazenta-Crowned, L50|100/100\n|-ability|p1a: Zamazenta|Dauntless Shield|boost\n|-boost|p1a: Zamazenta|def|1\n|move|p2b: Terapagos|Protect||[still]\n|-fail|p2b: Terapagos\n|move|p1b: Chi-Yu|Heat Wave|p2b: Terapagos\n|-activate|p2b: Terapagos|ability: Tera Shell\n|-resisted|p2b: Terapagos\n|-damage|p2b: Terapagos|90/100\n|\n|upkeep\n|turn|10\n|\n|t:|1773711402\n|move|p2b: Terapagos|Protect|p2b: Terapagos\n|-singleturn|p2b: Terapagos|Protect\n|move|p1b: Chi-Yu|Heat Wave|p2b: Terapagos\n|-activate|p2b: Terapagos|move: Protect\n|move|p1a: Zamazenta|Body Press|p2b: Terapagos\n|-activate|p2b: Terapagos|move: Protect\n|\n|-end|p2b: Terapagos|Encore\n|upkeep\n|turn|11\n|\n|t:|1773711413\n|-terastallize|p2b: Terapagos|Stellar\n|detailschange|p2b: Terapagos|Terapagos-Stellar, L50, M, tera:Stellar\n|-heal|p2b: Terapagos|92/100|[silent]\n|-ability|p2b: Terapagos|Teraform Zero\n|-fieldend|move: Electric Terrain\n|move|p1b: Chi-Yu|Heat Wave|p2b: Terapagos\n|-damage|p2b: Terapagos|78/100\n|move|p1a: Zamazenta|Body Press|p2b: Terapagos\n|-supereffective|p2b: Terapagos\n|-damage|p2b: Terapagos|34/100\n|move|p2b: Terapagos|Earth Power|p1a: Zamazenta\n|-supereffective|p1a: Zamazenta\n|-damage|p1a: Zamazenta|0 fnt\n|faint|p1a: Zamazenta\n|\n|upkeep\n|\n|t:|1773711416\n|switch|p1a: Groudon|Groudon, L50|49/100\n|-weather|SunnyDay|[from] ability: Drought|[of] p1a: Groudon\n|turn|12\n|\n|t:|1773711421\n|move|p1b: Chi-Yu|Heat Wave|p2b: Terapagos\n|-damage|p2b: Terapagos|10/100\n|move|p2b: Terapagos|Tera Starstorm|p1b: Chi-Yu|[spread] p1a,p1b\n|-damage|p1a: Groudon|0 fnt\n|-damage|p1b: Chi-Yu|0 fnt\n|faint|p1a: Groudon\n|faint|p1b: Chi-Yu\n|\n|win|editaccount\n|n|\u2606TG511|tg511\n|n|\u2606editaccount|editaccount\n|n| maxdeesevgc|maxdeesevgc\n|n| JkShowdownguest|jkshowdownguest\n|n| shoccco\u2764|shoccco\n|n| AthenaStrive9|athenastrive9\n|c|\u2606TG511|gg\n|l|\u2606TG511\n|player|p1|\n","uploadtime":1773711428,"views":31,"formatid":"gen9vgc2026regi","rating":null,"private":0,"password":null}