{"id":"gen9vgc2026regi-2578745749","format":"[Gen 9] VGC 2026 Reg I","players":["Ers_Noodiji","ArisHazard"],"log":"|j|\u2606Ers_Noodiji\n|j|\u2606ArisHazard\n|t:|1775711644\n|gametype|doubles\n|player|p1|Ers_Noodiji|169|1420\n|player|p2|ArisHazard|2|1633\n|gen|9\n|tier|[Gen 9] VGC 2026 Reg I\n|rated|\n|rule|Species Clause: Limit one of each Pok\u00e9mon\n|rule|Item Clause: Limit 1 of each item\n|clearpoke\n|poke|p1|Yanmega, L50, M|\n|poke|p1|Lunala, L50|\n|poke|p1|Groudon, L50|\n|poke|p1|Chi-Yu, L50|\n|poke|p1|Sableye, L50, M|\n|poke|p1|Urshifu-*, L50, M|\n|poke|p2|Calyrex-Ice, L50|\n|poke|p2|Hitmontop, L50, M|\n|poke|p2|Miraidon, L50|\n|poke|p2|Sableye, L50, F|\n|poke|p2|Ting-Lu, L50|\n|poke|p2|Volcarona, L50, M|\n|teampreview|4\n|inactive|Battle timer is ON: inactive players will automatically lose when time's up. (requested by Ers_Noodiji)\n|j| dpsicieu\n|inactive|ArisHazard has 60 seconds left.\n|\n|t:|1775711706\n|teamsize|p1|4\n|teamsize|p2|4\n|start\n|switch|p1a: Yanmega|Yanmega, L50, M|100/100\n|switch|p1b: Sableye|Sableye, L50, M|100/100\n|switch|p2a: Calyrex|Calyrex-Ice, L50|100/100\n|switch|p2b: Hitmontop|Hitmontop, L50, M|100/100\n|-ability|p2a: Calyrex|As One\n|-ability|p2a: Calyrex|Unnerve\n|-ability|p2b: Hitmontop|Intimidate|boost\n|-unboost|p1a: Yanmega|atk|1\n|-unboost|p1b: Sableye|atk|1\n|turn|1\n|\n|t:|1775711724\n|switch|p2b: Sableye|Sableye, L50, F|100/100\n|-terastallize|p1a: Yanmega|Ghost\n|-terastallize|p2a: Calyrex|Fire\n|move|p1b: Sableye|Gravity|p1b: Sableye\n|-fieldstart|move: Gravity\n|move|p1a: Yanmega|Hypnosis|p2a: Calyrex\n|-status|p2a: Calyrex|slp|[from] move: Hypnosis\n|cant|p2a: Calyrex|slp\n|\n|-ability|p1a: Yanmega|Speed Boost|boost\n|-boost|p1a: Yanmega|spe|1\n|upkeep\n|turn|2\n|\n|t:|1775711741\n|switch|p1b: Groudon|Groudon, L50|100/100\n|-weather|SunnyDay|[from] ability: Drought|[of] p1b: Groudon\n|move|p2b: Sableye|Disable|p1a: Yanmega\n|-start|p1a: Yanmega|Disable|Hypnosis\n|cant|p1a: Yanmega|Disable|Hypnosis\n|cant|p2a: Calyrex|slp\n|\n|-weather|SunnyDay|[upkeep]\n|-ability|p1a: Yanmega|Speed Boost|boost\n|-boost|p1a: Yanmega|spe|1\n|upkeep\n|turn|3\n|\n|t:|1775711758\n|switch|p2a: Miraidon|Miraidon, L50|100/100\n|-fieldstart|move: Electric Terrain|[from] ability: Hadron Engine|[of] p2a: Miraidon\n|move|p2b: Sableye|Encore|p1a: Yanmega\n|-start|p1a: Yanmega|Encore\n|cant|p1a: Yanmega|Disable|Hypnosis\n|move|p1b: Groudon|Precipice Blades|p2a: Miraidon|[spread] p2a,p2b\n|-supereffective|p2a: Miraidon\n|-damage|p2a: Miraidon|0 fnt\n|-damage|p2b: Sableye|1/100\n|-enditem|p2b: Sableye|Sitrus Berry|[eat]\n|-heal|p2b: Sableye|26/100|[from] item: Sitrus Berry\n|faint|p2a: Miraidon\n|\n|-weather|SunnyDay|[upkeep]\n|-ability|p1a: Yanmega|Speed Boost|boost\n|-boost|p1a: Yanmega|spe|1\n|upkeep\n|\n|t:|1775711776\n|switch|p2a: Hitmontop|Hitmontop, L50, M|100/100\n|-ability|p2a: Hitmontop|Intimidate|boost\n|-unboost|p1a: Yanmega|atk|1\n|-unboost|p1b: Groudon|atk|1\n|turn|4\n|\n|t:|1775711781\n|switch|p1a: Sableye|Sableye, L50, M|100/100\n|switch|p1b: Urshifu|Urshifu, L50, M|100/100\n|switch|p2b: Calyrex|Calyrex-Ice, L50, tera:Fire|100/100 slp\n|-ability|p2b: Calyrex|As One\n|-ability|p2b: Calyrex|Unnerve\n|move|p2a: Hitmontop|Wide Guard||[still]\n|-fail|p2a: Hitmontop\n|\n|-weather|SunnyDay|[upkeep]\n|upkeep\n|turn|5\n|\n|t:|1775711799\n|move|p2a: Hitmontop|Fake Out||[still]\n|-hint|Fake Out only works on your first turn out.\n|-fail|p2a: Hitmontop\n|move|p1a: Sableye|Encore|p2a: Hitmontop\n|-start|p2a: Hitmontop|Encore\n|move|p1b: Urshifu|Wicked Blow|p2b: Calyrex\n|-crit|p2b: Calyrex\n|-damage|p2b: Calyrex|48/100 slp\n|-damage|p1b: Urshifu|91/100|[from] item: Life Orb\n|-curestatus|p2b: Calyrex|slp|[msg]\n|move|p2b: Calyrex|Glacial Lance|p1b: Urshifu|[spread] p1a,p1b\n|-crit|p1a: Sableye\n|-damage|p1a: Sableye|0 fnt\n|-damage|p1b: Urshifu|34/100\n|faint|p1a: Sableye\n|-ability|p2b: Calyrex|Chilling Neigh|boost\n|-boost|p2b: Calyrex|atk|1\n|\n|-weather|SunnyDay|[upkeep]\n|-fieldend|move: Gravity\n|upkeep\n|\n|t:|1775711817\n|switch|p1a: Groudon|Groudon, L50|100/100\n|turn|6\n|\n|t:|1775711829\n|switch|p2a: Sableye|Sableye, L50, F|26/100\n|move|p2b: Calyrex|Protect|p2b: Calyrex\n|-singleturn|p2b: Calyrex|Protect\n|move|p1b: Urshifu|Wicked Blow|p2b: Calyrex\n|-crit|p2b: Calyrex\n|-damage|p2b: Calyrex|0 fnt\n|faint|p2b: Calyrex\n|-damage|p1b: Urshifu|24/100|[from] item: Life Orb\n|move|p1a: Groudon|Precipice Blades|p2a: Sableye\n|-damage|p2a: Sableye|0 fnt\n|faint|p2a: Sableye\n|\n|-weather|none\n|upkeep\n|-message|ArisHazard forfeited.\n|\n|win|Ers_Noodiji\n|raw|Ers_Noodiji's rating: 1420 &rarr; <strong>1451</strong><br />(+31 for winning)\n|raw|ArisHazard's rating: 1633 &rarr; <strong>1602</strong><br />(-31 for losing)\n|l|\u2606ArisHazard\n|player|p2|\n|l|\u2606Ers_Noodiji\n|player|p1|\n","uploadtime":1775712020,"views":7,"formatid":"gen9vgc2026regi","rating":1451,"private":0,"password":null}