{"id":"gen9vgc2026regi-2567886495","format":"[Gen 9] VGC 2026 Reg I","players":["MarSky","GKun1999"],"log":"|j|\u2606MarSky\n|j|\u2606GKun1999\n|t:|1774530734\n|gametype|doubles\n|player|p1|MarSky|266|1383\n|player|p2|GKun1999|flint|1348\n|gen|9\n|tier|[Gen 9] VGC 2026 Reg I\n|rated|\n|rule|Species Clause: Limit one of each Pok\u00e9mon\n|rule|Item Clause: Limit 1 of each item\n|clearpoke\n|poke|p1|Calyrex-Shadow, L50|\n|poke|p1|Zamazenta-*, L50|\n|poke|p1|Chien-Pao, L50|\n|poke|p1|Dragonite, L50, F|\n|poke|p1|Raging Bolt, L50|\n|poke|p1|Amoonguss, L50, M|\n|poke|p2|Kyogre, L50|\n|poke|p2|Zacian-*, L50|\n|poke|p2|Rillaboom, L50, M|\n|poke|p2|Smeargle, L50, M|\n|poke|p2|Iron Jugulis, L50|\n|poke|p2|Grimmsnarl, L50, M|\n|teampreview|4\nGKun1999 has agreed to open team sheets.\n|inactive|Battle timer is ON: inactive players will automatically lose when time's up. (requested by GKun1999)\n|\n|t:|1774530755\n|teamsize|p1|4\n|teamsize|p2|4\n|start\n|switch|p1a: Zamazenta|Zamazenta-Crowned, L50|100/100\n|switch|p1b: Chien-Pao|Chien-Pao, L50|100/100\n|switch|p2a: Zacian|Zacian-Crowned, L50|100/100\n|switch|p2b: Iron Jugulis|Iron Jugulis, L50|100/100\n|-ability|p2a: Zacian|Intrepid Sword|boost\n|-boost|p2a: Zacian|atk|1\n|-ability|p1b: Chien-Pao|Sword of Ruin\n|-ability|p1a: Zamazenta|Dauntless Shield|boost\n|-boost|p1a: Zamazenta|def|1\n|-enditem|p2b: Iron Jugulis|Booster Energy\n|-activate|p2b: Iron Jugulis|ability: Quark Drive|[fromitem]\n|-start|p2b: Iron Jugulis|quarkdrivespe\n|turn|1\n|\n|t:|1774530777\n|move|p2a: Zacian|Protect|p2a: Zacian\n|-singleturn|p2a: Zacian|Protect\n|move|p2b: Iron Jugulis|Tailwind|p2b: Iron Jugulis\n|-sidestart|p2: GKun1999|move: Tailwind\n|move|p1b: Chien-Pao|Icy Wind|p2b: Iron Jugulis|[spread] p2b\n|-activate|p2a: Zacian|move: Protect\n|-supereffective|p2b: Iron Jugulis\n|-damage|p2b: Iron Jugulis|75/100\n|-unboost|p2b: Iron Jugulis|spe|1\n|move|p1a: Zamazenta|Body Press|p2b: Iron Jugulis\n|-damage|p2b: Iron Jugulis|0 fnt\n|faint|p2b: Iron Jugulis\n|-end|p2b: Iron Jugulis|Quark Drive|[silent]\n|\n|upkeep\n|\n|t:|1774530796\n|switch|p2b: Smeargle|Smeargle, L50, M|100/100\n|turn|2\n|\n|t:|1774530808\n|move|p2a: Zacian|Substitute|p2a: Zacian\n|-start|p2a: Zacian|Substitute\n|-damage|p2a: Zacian|76/100\n|move|p2b: Smeargle|Spore|p1b: Chien-Pao\n|-status|p1b: Chien-Pao|slp|[from] move: Spore\n|cant|p1b: Chien-Pao|slp\n|move|p1a: Zamazenta|Body Press|p2b: Smeargle\n|-supereffective|p2b: Smeargle\n|-enditem|p2b: Smeargle|Focus Sash\n|-damage|p2b: Smeargle|1/100\n|\n|-ability|p2b: Smeargle|Moody|boost\n|-boost|p2b: Smeargle|spa|2\n|-unboost|p2b: Smeargle|def|1\n|upkeep\n|turn|3\n|\n|t:|1774530826\n|move|p1a: Zamazenta|Protect|p1a: Zamazenta\n|-singleturn|p1a: Zamazenta|Protect\n|move|p2a: Zacian|Sacred Sword|p1b: Chien-Pao\n|-supereffective|p1b: Chien-Pao\n|-damage|p1b: Chien-Pao|0 fnt\n|faint|p1b: Chien-Pao\n|move|p2b: Smeargle|Spore|p1a: Zamazenta\n|-activate|p1a: Zamazenta|move: Protect\n|\n|-ability|p2b: Smeargle|Moody|boost\n|-boost|p2b: Smeargle|spe|2\n|-unboost|p2b: Smeargle|spa|1\n|upkeep\n|\n|t:|1774530835\n|switch|p1b: Q|Amoonguss, L50, M|100/100\n|turn|4\n|\n|t:|1774530848\n|move|p1b: Q|Rage Powder|p1b: Q\n|-singleturn|p1b: Q|move: Rage Powder\n|move|p2b: Smeargle|Decorate|p1b: Q\n|-boost|p1b: Q|atk|2\n|-boost|p1b: Q|spa|2\n|move|p2a: Zacian|Behemoth Blade|p1b: Q\n|-crit|p1b: Q\n|-damage|p1b: Q|0 fnt\n|-damage|p2a: Zacian|59/100|[from] item: Rocky Helmet|[of] p1b: Q\n|faint|p1b: Q\n|move|p1a: Zamazenta|Body Press|p2b: Smeargle\n|-supereffective|p2b: Smeargle\n|-damage|p2b: Smeargle|0 fnt\n|faint|p2b: Smeargle\n|\n|-sideend|p2: GKun1999|move: Tailwind\n|upkeep\n|\n|t:|1774530859\n|switch|p2b: Kyogre|Kyogre, L50|100/100\n|switch|p1b: Calyrex|Calyrex-Shadow, L50|100/100\n|-ability|p1b: Calyrex|As One\n|-ability|p1b: Calyrex|Unnerve\n|-weather|RainDance|[from] ability: Drizzle|[of] p2b: Kyogre\n|turn|5\n|\n|t:|1774530876\n|-terastallize|p1b: Calyrex|Ghost\n|move|p1b: Calyrex|Astral Barrage|p2a: Zacian|[spread] p2a,p2b\n|-end|p2a: Zacian|Substitute\n|-damage|p2b: Kyogre|48/100\n|move|p2a: Zacian|Sacred Sword|p1a: Zamazenta\n|-supereffective|p1a: Zamazenta\n|-damage|p1a: Zamazenta|48/100\n|move|p1a: Zamazenta|Body Press|p2b: Kyogre\n|-damage|p2b: Kyogre|0 fnt\n|faint|p2b: Kyogre\n|\n|-weather|RainDance|[upkeep]\n|upkeep\n|turn|6\n|\n|t:|1774530891\n|move|p1b: Calyrex|Astral Barrage|p2a: Zacian\n|-damage|p2a: Zacian|0 fnt\n|faint|p2a: Zacian\n|\n|win|MarSky\n|raw|MarSky's rating: 1383 &rarr; <strong>1401</strong><br />(+18 for winning)\n|raw|GKun1999's rating: 1348 &rarr; <strong>1330</strong><br />(-18 for losing)\n|l|\u2606GKun1999\n|player|p2|\n|l|\u2606MarSky\n|player|p1|\n","uploadtime":1774531076,"views":10,"formatid":"gen9vgc2026regi","rating":1330,"private":0,"password":null}