{"id":"gen9vgc2026regi-2568502612","format":"[Gen 9] VGC 2026 Reg I","players":["987w","Luis Fulgencio"],"log":"|j|\u2606987w\n|j|\u2606Luis Fulgencio\n|t:|1774586580\n|gametype|doubles\n|player|p1|987w|lacey|1325\n|player|p2|Luis Fulgencio|lucas|1355\n|gen|9\n|tier|[Gen 9] VGC 2026 Reg I\n|rated|\n|rule|Species Clause: Limit one of each Pok\u00e9mon\n|rule|Item Clause: Limit 1 of each item\n|clearpoke\n|poke|p1|Miraidon, L50|\n|poke|p1|Calyrex-Ice, L50|\n|poke|p1|Volcarona, L50, F|\n|poke|p1|Incineroar, L50, F|\n|poke|p1|Urshifu-*, L50, F|\n|poke|p1|Whimsicott, L50, F|\n|poke|p2|Whimsicott, L50, M|\n|poke|p2|Terapagos, L50, M|\n|poke|p2|Incineroar, L50, F|\n|poke|p2|Miraidon, L50|\n|poke|p2|Flutter Mane, L50|\n|poke|p2|Chi-Yu, L50|\n|teampreview|4\n|inactive|Battle timer is ON: inactive players will automatically lose when time's up. (requested by Luis Fulgencio)\n|\n|t:|1774586608\n|teamsize|p1|4\n|teamsize|p2|4\n|start\n|switch|p1a: Miraidon|Miraidon, L50|100/100\n|switch|p1b: Whimsicott|Whimsicott, L50, F|100/100\n|switch|p2a: Flutter Mane|Flutter Mane, L50|100/100\n|switch|p2b: Whimsicott|Whimsicott, L50, M|100/100\n|-fieldstart|move: Electric Terrain|[from] ability: Hadron Engine|[of] p1a: Miraidon\n|turn|1\n|\n|t:|1774586624\n|move|p2b: Whimsicott|Protect|p2b: Whimsicott\n|-singleturn|p2b: Whimsicott|Protect\n|move|p1b: Whimsicott|Light Screen|p1b: Whimsicott\n|-sidestart|p1: 987w|move: Light Screen\n|move|p2a: Flutter Mane|Icy Wind|p1a: Miraidon|[spread] p1a,p1b\n|-supereffective|p1a: Miraidon\n|-supereffective|p1b: Whimsicott\n|-damage|p1a: Miraidon|89/100\n|-damage|p1b: Whimsicott|55/100\n|-unboost|p1a: Miraidon|spe|1\n|-unboost|p1b: Whimsicott|spe|1\n|move|p1a: Miraidon|Snarl|p2b: Whimsicott|[spread] p2a\n|-activate|p2b: Whimsicott|move: Protect\n|-damage|p2a: Flutter Mane|77/100\n|-unboost|p2a: Flutter Mane|spa|1\n|\n|upkeep\n|turn|2\n|\n|t:|1774586649\n|move|p2b: Whimsicott|Encore|p1b: Whimsicott\n|-start|p1b: Whimsicott|Encore\n|move|p2a: Flutter Mane|Icy Wind|p1a: Miraidon|[spread] p1a,p1b\n|-supereffective|p1a: Miraidon\n|-supereffective|p1b: Whimsicott\n|-damage|p1a: Miraidon|81/100\n|-damage|p1b: Whimsicott|25/100\n|-unboost|p1a: Miraidon|spe|1\n|-unboost|p1b: Whimsicott|spe|1\n|move|p1b: Whimsicott|Light Screen||[still]\n|-fail|p1b: Whimsicott\n|move|p1a: Miraidon|Snarl|p2b: Whimsicott|[spread] p2a,p2b\n|-resisted|p2b: Whimsicott\n|-damage|p2a: Flutter Mane|55/100\n|-damage|p2b: Whimsicott|88/100\n|-unboost|p2a: Flutter Mane|spa|1\n|\n|upkeep\n|turn|3\n|j| vanonomous\n|\n|t:|1774586670\n|switch|p1b: Calyrex|Calyrex-Ice, L50|100/100\n|-ability|p1b: Calyrex|As One\n|-ability|p1b: Calyrex|Unnerve\n|move|p2a: Flutter Mane|Moonblast|p1a: Miraidon\n|-supereffective|p1a: Miraidon\n|-damage|p1a: Miraidon|63/100\n|-unboost|p1a: Miraidon|spa|1\n|move|p2b: Whimsicott|Moonblast|p1a: Miraidon\n|-supereffective|p1a: Miraidon\n|-damage|p1a: Miraidon|45/100\n|move|p1a: Miraidon|Snarl|p2a: Flutter Mane|[spread] p2a,p2b\n|-resisted|p2b: Whimsicott\n|-damage|p2a: Flutter Mane|40/100\n|-damage|p2b: Whimsicott|79/100\n|-unboost|p2a: Flutter Mane|spa|1\n|\n|upkeep\n|turn|4\n|\n|t:|1774586688\n|switch|p1a: Incineroar|Incineroar, L50, F|100/100\n|-ability|p1a: Incineroar|Intimidate|boost\n|-unboost|p2a: Flutter Mane|atk|1\n|-unboost|p2b: Whimsicott|atk|1\n|move|p2b: Whimsicott|Protect|p2b: Whimsicott\n|-singleturn|p2b: Whimsicott|Protect\n|move|p2a: Flutter Mane|Taunt|p1b: Calyrex\n|-start|p1b: Calyrex|move: Taunt\n|move|p1b: Calyrex|Glacial Lance|p2a: Flutter Mane|[spread] p2a\n|-activate|p2b: Whimsicott|move: Protect\n|-damage|p2a: Flutter Mane|0 fnt\n|faint|p2a: Flutter Mane\n|-end|p2a: Flutter Mane|Protosynthesis|[silent]\n|-ability|p1b: Calyrex|Chilling Neigh|boost\n|-boost|p1b: Calyrex|atk|1\n|\n|upkeep\n|\n|t:|1774586709\n|switch|p2a: Terapagos|Terapagos, L50, M|100/100\n|-activate|p2a: Terapagos|ability: Tera Shift\n|detailschange|p2a: Terapagos|Terapagos-Terastal, L50, M\n|-heal|p2a: Terapagos|100/100|[silent]\n|turn|5\n|\n|t:|1774586725\n|-terastallize|p2a: Terapagos|Stellar\n|detailschange|p2a: Terapagos|Terapagos-Stellar, L50, M, tera:Stellar\n|-heal|p2a: Terapagos|100/100|[silent]\n|-ability|p2a: Terapagos|Teraform Zero\n|-fieldend|move: Electric Terrain\n|move|p2b: Whimsicott|Tailwind|p2b: Whimsicott\n|-sidestart|p2: Luis Fulgencio|move: Tailwind\n|move|p2a: Terapagos|Tera Starstorm|p1b: Calyrex|[spread] p1a,p1b\n|-damage|p1a: Incineroar|71/100\n|-damage|p1b: Calyrex|72/100\n|move|p1b: Calyrex|Glacial Lance|p2b: Whimsicott|[spread] p2a,p2b\n|-supereffective|p2b: Whimsicott\n|-damage|p2a: Terapagos|49/100\n|-damage|p2b: Whimsicott|0 fnt\n|faint|p2b: Whimsicott\n|-ability|p1b: Calyrex|Chilling Neigh|boost\n|-boost|p1b: Calyrex|atk|1\n|move|p1a: Incineroar|Parting Shot|p2a: Terapagos\n|-unboost|p2a: Terapagos|atk|1\n|-unboost|p2a: Terapagos|spa|1\n|\n|t:|1774586739\n|switch|p1a: Miraidon|Miraidon, L50|45/100|[from] Parting Shot\n|-fieldstart|move: Electric Terrain|[from] ability: Hadron Engine|[of] p1a: Miraidon\n|\n|-sideend|p1: 987w|move: Light Screen\n|upkeep\n|\n|t:|1774586741\n|switch|p2b: Miraidon|Miraidon, L50|100/100\n|-activate|p2b: Miraidon|ability: Hadron Engine\n|turn|6\n|inactive|987w has 30 seconds left.\n|\n|t:|1774586769\n|switch|p1b: Incineroar|Incineroar, L50, F|71/100\n|-ability|p1b: Incineroar|Intimidate|boost\n|-unboost|p2a: Terapagos|atk|1\n|-unboost|p2b: Miraidon|atk|1\n|move|p2b: Miraidon|Electro Drift|p1b: Incineroar\n|-damage|p1b: Incineroar|0 fnt\n|faint|p1b: Incineroar\n|-damage|p2b: Miraidon|91/100|[from] item: Life Orb\n|move|p2a: Terapagos|Tera Starstorm|p1a: Miraidon\n|-damage|p1a: Miraidon|16/100\n|move|p1a: Miraidon|Snarl|p2a: Terapagos|[spread] p2a,p2b\n|-damage|p2a: Terapagos|36/100\n|-damage|p2b: Miraidon|77/100\n|-unboost|p2a: Terapagos|spa|1\n|-unboost|p2b: Miraidon|spa|1\n|\n|upkeep\n|\n|t:|1774586774\n|switch|p1b: Whimsicott|Whimsicott, L50, F|25/100\n|turn|7\n|\n|t:|1774586793\n|move|p1b: Whimsicott|Tailwind|p1b: Whimsicott\n|-sidestart|p1: 987w|move: Tailwind\n|move|p1a: Miraidon|Draco Meteor|p2b: Miraidon\n|-supereffective|p2b: Miraidon\n|-damage|p2b: Miraidon|0 fnt\n|-unboost|p1a: Miraidon|spa|2\n|faint|p2b: Miraidon\n|move|p2a: Terapagos|Tera Starstorm|p1a: Miraidon|[spread] p1a,p1b\n|-crit|p1a: Miraidon\n|-damage|p1a: Miraidon|0 fnt\n|-damage|p1b: Whimsicott|0 fnt\n|faint|p1a: Miraidon\n|faint|p1b: Whimsicott\n|\n|upkeep\n|\n|t:|1774586798\n|switch|p1b: Calyrex|Calyrex-Ice, L50|72/100\n|-ability|p1b: Calyrex|As One\n|-ability|p1b: Calyrex|Unnerve\n|turn|8\n|\n|t:|1774586802\n|move|p1b: Calyrex|Protect|p1b: Calyrex\n|-singleturn|p1b: Calyrex|Protect\n|move|p2a: Terapagos|Tera Starstorm|p1b: Calyrex\n|-activate|p1b: Calyrex|move: Protect\n|\n|-sideend|p2: Luis Fulgencio|move: Tailwind\n|upkeep\n|turn|9\n|\n|t:|1774586806\n|move|p1b: Calyrex|Glacial Lance|p2a: Terapagos\n|-damage|p2a: Terapagos|0 fnt\n|faint|p2a: Terapagos\n|detailschange|p2: Terapagos|Terapagos, L50, M|[silent]\n|\n|win|987w\n|raw|987w's rating: 1325 &rarr; <strong>1347</strong><br />(+22 for winning)\n|raw|Luis Fulgencio's rating: 1355 &rarr; <strong>1333</strong><br />(-22 for losing)\n|l|\u2606987w\n|player|p1|\n|l|\u2606Luis Fulgencio\n|player|p2|\n|l| vanonomous\n","uploadtime":1774587024,"views":13,"formatid":"gen9vgc2026regi","rating":1333,"private":0,"password":null}