{"id":"gen9vgc2026regi-2525351939","format":"[Gen 9] VGC 2026 Reg I","players":["jpto5","fede_baldeee"],"log":"|j|\u2606jpto5\n|j|\u2606fede_baldeee\n|t:|1769271749\n|gametype|doubles\n|player|p1|jpto5|1|1138\n|player|p2|fede_baldeee|102|1118\n|gen|9\n|tier|[Gen 9] VGC 2026 Reg I\n|rated|\n|rule|Species Clause: Limit one of each Pok\u00e9mon\n|rule|Item Clause: Limit 1 of each item\n|clearpoke\n|poke|p1|Tornadus, L50, M|\n|poke|p1|Kyogre, L50|\n|poke|p1|Zacian-*, L50|\n|poke|p1|Basculegion, L50, M|\n|poke|p1|Kilowattrel, L50, F|\n|poke|p1|Overqwil, L50, M|\n|poke|p2|Urshifu-*, L50, F|\n|poke|p2|Zamazenta-*, L50|\n|poke|p2|Ogerpon-Cornerstone, L50, F|\n|poke|p2|Grimmsnarl, L50, M|\n|poke|p2|Calyrex-Shadow, L50|\n|poke|p2|Clefairy, L50, F|\n|teampreview|4\n|inactive|Battle timer is ON: inactive players will automatically lose when time's up. (requested by jpto5)\n|inactive|jpto5 has 60 seconds left.\n|inactive|fede_baldeee has 60 seconds left.\n|inactive|fede_baldeee has 30 seconds left.\n|\n|t:|1769271813\n|teamsize|p1|4\n|teamsize|p2|4\n|start\n|switch|p1a: Tornadus|Tornadus, L50, M|100/100\n|switch|p1b: Kyogre|Kyogre, L50|100/100\n|switch|p2a: Ogerpon|Ogerpon-Cornerstone, L50, F|100/100\n|switch|p2b: Calyrex|Calyrex-Shadow, L50|100/100\n|-ability|p2b: Calyrex|As One\n|-ability|p2b: Calyrex|Unnerve\n|-weather|RainDance|[from] ability: Drizzle|[of] p1b: Kyogre\n|turn|1\n|\n|t:|1769271833\n|move|p2b: Calyrex|Protect|p2b: Calyrex\n|-singleturn|p2b: Calyrex|Protect\n|move|p1a: Tornadus|Tailwind|p1a: Tornadus\n|-sidestart|p1: jpto5|move: Tailwind\n|move|p1b: Kyogre|Water Spout|p2a: Ogerpon|[spread] p2a\n|-activate|p2b: Calyrex|move: Protect\n|-crit|p2a: Ogerpon\n|-ability|p2a: Ogerpon|Sturdy\n|-damage|p2a: Ogerpon|1/100\n|move|p2a: Ogerpon|Horn Leech|p1b: Kyogre\n|-supereffective|p1b: Kyogre\n|-damage|p1b: Kyogre|4/100\n|-heal|p2a: Ogerpon|55/100|[from] drain|[of] p1b: Kyogre\n|\n|-weather|RainDance|[upkeep]\n|upkeep\n|turn|2\n|inactive|fede_baldeee has 30 seconds left.\n|inactive|fede_baldeee has 20 seconds left.\n|\n|t:|1769271870\n|switch|p2b: Zamazenta|Zamazenta-Crowned, L50|100/100\n|-ability|p2b: Zamazenta|Dauntless Shield|boost\n|-boost|p2b: Zamazenta|def|1\n|move|p2a: Ogerpon|Spiky Shield|p2a: Ogerpon\n|-singleturn|p2a: Ogerpon|move: Protect\n|move|p1a: Tornadus|Bleakwind Storm|p2b: Zamazenta|[spread] p2b\n|-activate|p2a: Ogerpon|move: Protect\n|-damage|p2b: Zamazenta|76/100\n|move|p1b: Kyogre|Ice Beam|p2a: Ogerpon\n|-activate|p2a: Ogerpon|move: Protect\n|\n|-weather|RainDance|[upkeep]\n|upkeep\n|turn|3\n|inactive|jpto5 has 30 seconds left.\n|inactive|fede_baldeee has 30 seconds left.\n|inactive|jpto5 has 20 seconds left.\n|inactive|fede_baldeee has 20 seconds left.\n|inactive|fede_baldeee has 15 seconds left.\n|\n|t:|1769271910\n|move|p2a: Ogerpon|Follow Me|p2a: Ogerpon\n|-singleturn|p2a: Ogerpon|move: Follow Me\n|move|p1a: Tornadus|Taunt|p2a: Ogerpon\n|-start|p2a: Ogerpon|move: Taunt\n|move|p1b: Kyogre|Ice Beam|p2a: Ogerpon\n|-supereffective|p2a: Ogerpon\n|-damage|p2a: Ogerpon|0 fnt\n|faint|p2a: Ogerpon\n|move|p2b: Zamazenta|Body Press|p1b: Kyogre\n|-damage|p1b: Kyogre|0 fnt\n|faint|p1b: Kyogre\n|\n|-weather|RainDance|[upkeep]\n|upkeep\n|\n|t:|1769271933\n|switch|p2a: Calyrex|Calyrex-Shadow, L50|100/100\n|switch|p1b: Overqwil|Overqwil, L50, M|100/100\n|-ability|p2a: Calyrex|As One\n|-ability|p2a: Calyrex|Unnerve\n|turn|4\n|\n|t:|1769271957\n|move|p2a: Calyrex|Protect|p2a: Calyrex\n|-singleturn|p2a: Calyrex|Protect\n|move|p1b: Overqwil|Throat Chop|p2a: Calyrex\n|-activate|p2a: Calyrex|move: Protect\n|move|p1a: Tornadus|Bleakwind Storm|p2a: Calyrex|[spread] p2b\n|-activate|p2a: Calyrex|move: Protect\n|-damage|p2b: Zamazenta|50/100\n|move|p2b: Zamazenta|Iron Defense|p2b: Zamazenta\n|-boost|p2b: Zamazenta|def|2\n|\n|-weather|RainDance|[upkeep]\n|-sideend|p1: jpto5|move: Tailwind\n|upkeep\n|turn|5\n|inactive|fede_baldeee has 30 seconds left.\n|\n|t:|1769271983\n|-terastallize|p2a: Calyrex|Fairy\n|move|p1a: Tornadus|Tailwind|p1a: Tornadus\n|-sidestart|p1: jpto5|move: Tailwind\n|move|p1b: Overqwil|Throat Chop|p2a: Calyrex\n|-resisted|p2a: Calyrex\n|-damage|p2a: Calyrex|75/100\n|-start|p2a: Calyrex|Throat Chop|[silent]\n|move|p2a: Calyrex|Astral Barrage|p1b: Overqwil|[spread] p1a,p1b\n|-resisted|p1b: Overqwil\n|-enditem|p1a: Tornadus|Focus Sash\n|-damage|p1a: Tornadus|1/100\n|-damage|p1b: Overqwil|54/100\n|-damage|p2a: Calyrex|65/100|[from] item: Life Orb\n|move|p2b: Zamazenta|Body Press|p1b: Overqwil\n|-damage|p1b: Overqwil|0 fnt\n|faint|p1b: Overqwil\n|\n|-weather|none\n|upkeep\n|\n|t:|1769271988\n|switch|p1b: Zacian|Zacian-Crowned, L50|100/100\n|-ability|p1b: Zacian|Intrepid Sword|boost\n|-boost|p1b: Zacian|atk|1\n|turn|6\n|inactive|fede_baldeee has 30 seconds left.\n|inactive|fede_baldeee has 20 seconds left.\n|inactive|fede_baldeee has 15 seconds left.\n|inactive|fede_baldeee has 10 seconds left.\n|\n|t:|1769272033\n|move|p2a: Calyrex|Protect|p2a: Calyrex\n|-singleturn|p2a: Calyrex|Protect\n|move|p1b: Zacian|Sacred Sword|p2b: Zamazenta\n|-supereffective|p2b: Zamazenta\n|-damage|p2b: Zamazenta|0 fnt\n|faint|p2b: Zamazenta\n|move|p1a: Tornadus|Bleakwind Storm|p2a: Calyrex\n|-activate|p2a: Calyrex|move: Protect\n|\n|-end|p2a: Calyrex|Throat Chop|[silent]\n|upkeep\n|\n|t:|1769272042\n|switch|p2b: Clefairy|Clefairy, L50, F|100/100\n|turn|7\n|\n|t:|1769272059\n|move|p2b: Clefairy|Follow Me|p2b: Clefairy\n|-singleturn|p2b: Clefairy|move: Follow Me\n|move|p1b: Zacian|Behemoth Blade|p2b: Clefairy\n|-supereffective|p2b: Clefairy\n|-damage|p2b: Clefairy|0 fnt\n|faint|p2b: Clefairy\n|move|p1a: Tornadus|Bleakwind Storm|p2a: Calyrex|[miss]\n|-miss|p1a: Tornadus|p2a: Calyrex\n|move|p2a: Calyrex|Astral Barrage|p1a: Tornadus|[spread] p1a,p1b\n|-crit|p1a: Tornadus\n|-damage|p1a: Tornadus|0 fnt\n|-damage|p1b: Zacian|30/100\n|faint|p1a: Tornadus\n|-ability|p2a: Calyrex|Grim Neigh|boost\n|-boost|p2a: Calyrex|spa|1\n|-damage|p2a: Calyrex|55/100|[from] item: Life Orb\n|\n|upkeep\n|turn|8\n|\n|t:|1769272075\n|move|p2a: Calyrex|Protect|p2a: Calyrex\n|-singleturn|p2a: Calyrex|Protect\n|move|p1b: Zacian|Behemoth Blade|p2a: Calyrex\n|-activate|p2a: Calyrex|move: Protect\n|\n|-sideend|p1: jpto5|move: Tailwind\n|upkeep\n|turn|9\n|\n|t:|1769272083\n|move|p2a: Calyrex|Astral Barrage|p1b: Zacian\n|-damage|p1b: Zacian|0 fnt\n|faint|p1b: Zacian\n|-damage|p2a: Calyrex|46/100|[from] item: Life Orb\n|\n|win|fede_baldeee\n|raw|jpto5's rating: 1138 &rarr; <strong>1112</strong><br />(-26 for losing)\n|raw|fede_baldeee's rating: 1118 &rarr; <strong>1144</strong><br />(+26 for winning)\n|l|\u2606jpto5\n|player|p1|\n|l|\u2606fede_baldeee\n|player|p2|\n","uploadtime":1769272222,"views":11,"formatid":"gen9vgc2026regi","rating":1112,"private":0,"password":null}