{"id":"gen9vgc2026regi-2579792736","format":"[Gen 9] VGC 2026 Reg I","players":["v 15fb","yubanmeiqin"],"log":"|j|\u2606v 15fb\n|j|\u2606yubanmeiqin\n|t:|1775828537\n|gametype|doubles\n|player|p1|v 15fb|clown|1506\n|player|p2|yubanmeiqin|lillie-masters2|1645\n|gen|9\n|tier|[Gen 9] VGC 2026 Reg I\n|rated|\n|rule|Species Clause: Limit one of each Pok\u00e9mon\n|rule|Item Clause: Limit 1 of each item\n|clearpoke\n|poke|p1|Terapagos, L50, M|\n|poke|p1|Calyrex-Shadow, L50|\n|poke|p1|Iron Hands, L50|\n|poke|p1|Smeargle, L50, F|\n|poke|p1|Chi-Yu, L50|\n|poke|p1|Whimsicott, L50, F|\n|poke|p2|Koraidon, L50|\n|poke|p2|Lunala, L50|\n|poke|p2|Tornadus, L50, M|\n|poke|p2|Raging Bolt, L50|\n|poke|p2|Rillaboom, L50, F|\n|poke|p2|Incineroar, L50, F|\n|teampreview|4\n|inactive|Battle timer is ON: inactive players will automatically lose when time's up. (requested by v 15fb)\n|\n|t:|1775828562\n|teamsize|p1|4\n|teamsize|p2|4\n|start\n|switch|p1a: Calyrex|Calyrex-Shadow, L50|100/100\n|switch|p1b: Whimsicott|Whimsicott, L50, F|100/100\n|switch|p2a: \u9759\u5e0c\u8349\u5341\u90ce|Tornadus, L50, M|100/100\n|switch|p2b: \u4f24\u75db\u4e4b\u8d64|Koraidon, L50, shiny|100/100\n|-ability|p1a: Calyrex|As One\n|-ability|p1a: Calyrex|Unnerve\n|-weather|SunnyDay|[from] ability: Orichalcum Pulse|[of] p2b: \u4f24\u75db\u4e4b\u8d64\n|-activate|p2b: \u4f24\u75db\u4e4b\u8d64|Orichalcum Pulse|[source]\n|turn|1\n|\n|t:|1775828577\n|-terastallize|p2b: \u4f24\u75db\u4e4b\u8d64|Fire\n|move|p1a: Calyrex|Protect|p1a: Calyrex\n|-singleturn|p1a: Calyrex|Protect\n|move|p1b: Whimsicott|Tailwind|p1b: Whimsicott\n|-sidestart|p1: v 15fb|move: Tailwind\n|move|p2b: \u4f24\u75db\u4e4b\u8d64|Flame Charge|p1a: Calyrex\n|-activate|p1a: Calyrex|move: Protect\n|move|p2a: \u9759\u5e0c\u8349\u5341\u90ce|Bleakwind Storm|p1b: Whimsicott|[spread] p1b\n|-activate|p1a: Calyrex|move: Protect\n|-supereffective|p1b: Whimsicott\n|-damage|p1b: Whimsicott|5/100\n|\n|-weather|SunnyDay|[upkeep]\n|upkeep\n|turn|2\n|inactive|v 15fb has 30 seconds left.\n|inactive|yubanmeiqin has 30 seconds left.\n|inactive|v 15fb has 20 seconds left.\n|inactive|v 15fb has 15 seconds left.\n|\n|t:|1775828621\n|switch|p2b: \u85e4\u59d0|Incineroar, L50, F|100/100\n|-ability|p2b: \u85e4\u59d0|Intimidate|boost\n|-unboost|p1a: Calyrex|atk|1\n|-unboost|p1b: Whimsicott|atk|1\n|move|p2a: \u9759\u5e0c\u8349\u5341\u90ce|Protect|p2a: \u9759\u5e0c\u8349\u5341\u90ce\n|-singleturn|p2a: \u9759\u5e0c\u8349\u5341\u90ce|Protect\n|move|p1b: Whimsicott|Fake Tears|p2b: \u85e4\u59d0\n|-hint|Since gen 7, Dark is immune to Prankster moves.\n|-immune|p2b: \u85e4\u59d0\n|move|p1a: Calyrex|Astral Barrage|p2a: \u9759\u5e0c\u8349\u5341\u90ce|[spread] p2b\n|-activate|p2a: \u9759\u5e0c\u8349\u5341\u90ce|move: Protect\n|-resisted|p2b: \u85e4\u59d0\n|-damage|p2b: \u85e4\u59d0|77/100\n|-damage|p1a: Calyrex|91/100|[from] item: Life Orb\n|\n|-weather|SunnyDay|[upkeep]\n|upkeep\n|turn|3\n|inactive|v 15fb has 30 seconds left.\n|\n|t:|1775828650\n|move|p1a: Calyrex|Protect|p1a: Calyrex\n|-singleturn|p1a: Calyrex|Protect\n|move|p2b: \u85e4\u59d0|Fake Out|p1b: Whimsicott\n|-damage|p1b: Whimsicott|0 fnt\n|faint|p1b: Whimsicott\n|move|p2a: \u9759\u5e0c\u8349\u5341\u90ce|Bleakwind Storm|p1a: Calyrex\n|-activate|p1a: Calyrex|move: Protect\n|\n|-weather|SunnyDay|[upkeep]\n|upkeep\n|\n|t:|1775828664\n|switch|p1b: Terapagos|Terapagos, L50, M|100/100\n|-activate|p1b: Terapagos|ability: Tera Shift\n|detailschange|p1b: Terapagos|Terapagos-Terastal, L50, M\n|-heal|p1b: Terapagos|100/100|[silent]\n|turn|4\n|\n|t:|1775828678\n|move|p2a: \u9759\u5e0c\u8349\u5341\u90ce|Protect|p2a: \u9759\u5e0c\u8349\u5341\u90ce\n|-singleturn|p2a: \u9759\u5e0c\u8349\u5341\u90ce|Protect\n|move|p1a: Calyrex|Astral Barrage|p2a: \u9759\u5e0c\u8349\u5341\u90ce|[spread] p2b\n|-activate|p2a: \u9759\u5e0c\u8349\u5341\u90ce|move: Protect\n|-resisted|p2b: \u85e4\u59d0\n|-damage|p2b: \u85e4\u59d0|55/100\n|-damage|p1a: Calyrex|81/100|[from] item: Life Orb\n|move|p1b: Terapagos|Meteor Beam||[still]\n|-prepare|p1b: Terapagos|Meteor Beam\n|-boost|p1b: Terapagos|spa|1\n|-enditem|p1b: Terapagos|Power Herb\n|-anim|p1b: Terapagos|Meteor Beam|p2b: \u85e4\u59d0\n|-supereffective|p2b: \u85e4\u59d0\n|-damage|p2b: \u85e4\u59d0|0 fnt\n|faint|p2b: \u85e4\u59d0\n|\n|-weather|SunnyDay|[upkeep]\n|-sideend|p1: v 15fb|move: Tailwind\n|upkeep\n|\n|t:|1775828682\n|switch|p2b: \u82cd\u5d0e\u9752\u5b50|Lunala, L50|100/100\n|turn|5\n|\n|t:|1775828712\n|move|p2a: \u9759\u5e0c\u8349\u5341\u90ce|Tailwind|p2a: \u9759\u5e0c\u8349\u5341\u90ce\n|-sidestart|p2: yubanmeiqin|move: Tailwind\n|move|p2b: \u82cd\u5d0e\u9752\u5b50|Meteor Beam||[still]\n|-prepare|p2b: \u82cd\u5d0e\u9752\u5b50|Meteor Beam\n|-boost|p2b: \u82cd\u5d0e\u9752\u5b50|spa|1\n|-enditem|p2b: \u82cd\u5d0e\u9752\u5b50|Power Herb\n|-anim|p2b: \u82cd\u5d0e\u9752\u5b50|Meteor Beam|p1b: Terapagos\n|-activate|p1b: Terapagos|ability: Tera Shell\n|-resisted|p1b: Terapagos\n|-damage|p1b: Terapagos|66/100\n|move|p1a: Calyrex|Astral Barrage|p2b: \u82cd\u5d0e\u9752\u5b50|[spread] p2a,p2b\n|-supereffective|p2b: \u82cd\u5d0e\u9752\u5b50\n|-enditem|p2a: \u9759\u5e0c\u8349\u5341\u90ce|Focus Sash\n|-damage|p2a: \u9759\u5e0c\u8349\u5341\u90ce|1/100\n|-damage|p2b: \u82cd\u5d0e\u9752\u5b50|0 fnt\n|faint|p2b: \u82cd\u5d0e\u9752\u5b50\n|-ability|p1a: Calyrex|Grim Neigh|boost\n|-boost|p1a: Calyrex|spa|1\n|-damage|p1a: Calyrex|72/100|[from] item: Life Orb\n|move|p1b: Terapagos|Earth Power|p2a: \u9759\u5e0c\u8349\u5341\u90ce\n|-immune|p2a: \u9759\u5e0c\u8349\u5341\u90ce\n|\n|-weather|none\n|upkeep\n|\n|t:|1775828715\n|switch|p2b: \u4f24\u75db\u4e4b\u8d64|Koraidon, L50, shiny, tera:Fire|100/100\n|-weather|SunnyDay|[from] ability: Orichalcum Pulse|[of] p2b: \u4f24\u75db\u4e4b\u8d64\n|-activate|p2b: \u4f24\u75db\u4e4b\u8d64|Orichalcum Pulse|[source]\n|turn|6\n|inactive|v 15fb has 30 seconds left.\n|inactive|v 15fb has 20 seconds left.\n|inactive|v 15fb has 15 seconds left.\n|\n|t:|1775828758\n|-terastallize|p1b: Terapagos|Stellar\n|detailschange|p1b: Terapagos|Terapagos-Stellar, L50, M, tera:Stellar\n|-heal|p1b: Terapagos|76/100|[silent]\n|-ability|p1b: Terapagos|Teraform Zero\n|-weather|none\n|move|p2b: \u4f24\u75db\u4e4b\u8d64|Collision Course|p1b: Terapagos\n|-supereffective|p1b: Terapagos\n|-damage|p1b: Terapagos|0 fnt\n|faint|p1b: Terapagos\n|detailschange|p1: Terapagos|Terapagos, L50, M|[silent]\n|move|p2a: \u9759\u5e0c\u8349\u5341\u90ce|Bleakwind Storm|p1a: Calyrex\n|-damage|p1a: Calyrex|21/100\n|move|p1a: Calyrex|Astral Barrage|p2b: \u4f24\u75db\u4e4b\u8d64|[spread] p2a,p2b\n|-damage|p2a: \u9759\u5e0c\u8349\u5341\u90ce|0 fnt\n|-damage|p2b: \u4f24\u75db\u4e4b\u8d64|16/100\n|faint|p2a: \u9759\u5e0c\u8349\u5341\u90ce\n|-ability|p1a: Calyrex|Grim Neigh|boost\n|-boost|p1a: Calyrex|spa|1\n|-damage|p1a: Calyrex|11/100|[from] item: Life Orb\n|\n|upkeep\n|\n|t:|1775828773\n|switch|p1b: Smeargle|Smeargle, L50, F|100/100\n|turn|7\n|-message|yubanmeiqin forfeited.\n|\n|win|v 15fb\n|raw|v 15fb's rating: 1506 &rarr; <strong>1534</strong><br />(+28 for winning)\n|raw|yubanmeiqin's rating: 1645 &rarr; <strong>1617</strong><br />(-28 for losing)\n|l|\u2606yubanmeiqin\n|player|p2|\n|l|\u2606v 15fb\n|player|p1|\n","uploadtime":1775828994,"views":16,"formatid":"gen9vgc2026regi","rating":1534,"private":0,"password":null}