{"id":"gen9vgc2026regi-2582264061","format":"[Gen 9] VGC 2026 Reg I","players":["Luca8","FightingMario54321"],"log":"|j|\u2606Luca8\n|j|\u2606FightingMario54321\n|t:|1776077614\n|gametype|doubles\n|player|p1|Luca8|flint|1455\n|player|p2|FightingMario54321|roxanne|1394\n|gen|9\n|tier|[Gen 9] VGC 2026 Reg I\n|rated|\n|rule|Species Clause: Limit one of each Pok\u00e9mon\n|rule|Item Clause: Limit 1 of each item\n|clearpoke\n|poke|p1|Zamazenta-*, L50|\n|poke|p1|Indeedee-F, L50, F|\n|poke|p1|Torkoal, L50, F|\n|poke|p1|Fezandipiti, L50, M|\n|poke|p1|Calyrex-Shadow, L50|\n|poke|p1|Pelipper, L50, M|\n|poke|p2|Groudon, L50|\n|poke|p2|Zacian-*, L50|\n|poke|p2|Entei, L50|\n|poke|p2|Flutter Mane, L50|\n|poke|p2|Jumpluff, L50, M|\n|poke|p2|Sableye, L50, M|\n|teampreview|4\nFightingMario54321 rejected open team sheets.\n|inactive|Battle timer is ON: inactive players will automatically lose when time's up. (requested by FightingMario54321)\n|\n|t:|1776077650\n|teamsize|p1|4\n|teamsize|p2|4\n|start\n|switch|p1a: Fezandipiti|Fezandipiti, L50, M|100/100\n|switch|p1b: Zamazenta|Zamazenta-Crowned, L50|100/100\n|switch|p2a: Diana|Flutter Mane, L50, shiny|100/100\n|switch|p2b: Golden rupee|Sableye, L50, M, shiny|100/100\n|-ability|p1b: Zamazenta|Dauntless Shield|boost\n|-boost|p1b: Zamazenta|def|1\n|turn|1\n|inactive|FightingMario54321 has 30 seconds left.\n|\n|t:|1776077685\n|move|p2b: Golden rupee|Gravity|p2b: Golden rupee\n|-fieldstart|move: Gravity\n|move|p2a: Diana|Icy Wind|p1a: Fezandipiti|[spread] p1a,p1b\n|-resisted|p1b: Zamazenta\n|-damage|p1a: Fezandipiti|92/100\n|-damage|p1b: Zamazenta|96/100\n|-unboost|p1a: Fezandipiti|spe|1\n|-unboost|p1b: Zamazenta|spe|1\n|move|p1b: Zamazenta|Heavy Slam|p2a: Diana\n|-supereffective|p2a: Diana\n|-enditem|p2a: Diana|Focus Sash\n|-damage|p2a: Diana|1/100\n|move|p1a: Fezandipiti|Icy Wind|p2a: Diana|[spread] p2a,p2b\n|-damage|p2a: Diana|0 fnt\n|-damage|p2b: Golden rupee|86/100\n|-unboost|p2b: Golden rupee|spe|1\n|faint|p2a: Diana\n|-end|p2a: Diana|Protosynthesis|[silent]\n|-enditem|p2b: Golden rupee|Eject Button\n|\n|t:|1776077708\n|switch|p2b: Hulkenberg|Groudon, L50|100/100\n|-weather|SunnyDay|[from] ability: Drought|[of] p2b: Hulkenberg\n|\n|-weather|SunnyDay|[upkeep]\n|upkeep\n|\n|t:|1776077723\n|switch|p2a: Claymore|Zacian-Crowned, L50|100/100\n|-ability|p2a: Claymore|Intrepid Sword|boost\n|-boost|p2a: Claymore|atk|1\n|turn|2\n|inactive|FightingMario54321 has 30 seconds left.\n|\n|t:|1776077750\n|switch|p1a: Pelipper|Pelipper, L50, M|100/100\n|-weather|RainDance|[from] ability: Drizzle|[of] p1a: Pelipper\n|-terastallize|p2b: Hulkenberg|Ground\n|-terastallize|p1b: Zamazenta|Fighting\n|move|p2a: Claymore|Behemoth Blade|p1a: Pelipper\n|-resisted|p1a: Pelipper\n|-damage|p1a: Pelipper|57/100\n|move|p2b: Hulkenberg|Precipice Blades|p1a: Pelipper|[spread] p1a,p1b\n|-damage|p1a: Pelipper|0 fnt\n|-damage|p1b: Zamazenta|56/100\n|faint|p1a: Pelipper\n|move|p1b: Zamazenta|Iron Defense|p1b: Zamazenta\n|-boost|p1b: Zamazenta|def|2\n|\n|-weather|RainDance|[upkeep]\n|upkeep\n|\n|t:|1776077772\n|switch|p1a: Calyrex|Calyrex-Shadow, L50|100/100\n|-ability|p1a: Calyrex|As One\n|-ability|p1a: Calyrex|Unnerve\n|turn|3\n|\n|t:|1776077791\n|move|p1a: Calyrex|Astral Barrage|p2a: Claymore|[spread] p2a,p2b\n|-damage|p2a: Claymore|50/100\n|-damage|p2b: Hulkenberg|42/100\n|move|p2a: Claymore|Play Rough|p1b: Zamazenta\n|-supereffective|p1b: Zamazenta\n|-damage|p1b: Zamazenta|17/100\n|move|p2b: Hulkenberg|Precipice Blades|p1a: Calyrex|[spread] p1a,p1b\n|-enditem|p1a: Calyrex|Focus Sash\n|-damage|p1a: Calyrex|1/100\n|-damage|p1b: Zamazenta|0 fnt\n|faint|p1b: Zamazenta\n|\n|-weather|RainDance|[upkeep]\n|upkeep\n|\n|t:|1776077806\n|switch|p1b: Fezandipiti|Fezandipiti, L50, M|92/100\n|turn|4\n|\n|t:|1776077825\n|move|p2a: Claymore|Protect|p2a: Claymore\n|-singleturn|p2a: Claymore|Protect\n|move|p1a: Calyrex|Astral Barrage|p2b: Hulkenberg|[spread] p2b\n|-activate|p2a: Claymore|move: Protect\n|-damage|p2b: Hulkenberg|0 fnt\n|faint|p2b: Hulkenberg\n|-ability|p1a: Calyrex|Grim Neigh|boost\n|-boost|p1a: Calyrex|spa|1\n|move|p1b: Fezandipiti|Icy Wind|p2a: Claymore\n|-activate|p2a: Claymore|move: Protect\n|\n|-weather|RainDance|[upkeep]\n|upkeep\n|\n|t:|1776077840\n|switch|p2b: Golden rupee|Sableye, L50, M, shiny|86/100\n|turn|5\n|\n|t:|1776077852\n|move|p1a: Calyrex|Protect|p1a: Calyrex\n|-singleturn|p1a: Calyrex|Protect\n|move|p2b: Golden rupee|Quash|p1a: Calyrex\n|-activate|p1a: Calyrex|move: Protect\n|move|p2a: Claymore|Behemoth Blade|p1a: Calyrex\n|-activate|p1a: Calyrex|move: Protect\n|move|p1b: Fezandipiti|Icy Wind|p2b: Golden rupee|[spread] p2a,p2b\n|-resisted|p2a: Claymore\n|-damage|p2a: Claymore|46/100\n|-damage|p2b: Golden rupee|71/100\n|-unboost|p2a: Claymore|spe|1\n|-unboost|p2b: Golden rupee|spe|1\n|\n|-weather|RainDance|[upkeep]\n|-fieldend|move: Gravity\n|upkeep\n|turn|6\n|\n|t:|1776077877\n|move|p2b: Golden rupee|Quash|p1a: Calyrex\n|-activate|p1a: Calyrex|move: Quash\n|move|p2a: Claymore|Behemoth Blade|p1a: Calyrex\n|-damage|p1a: Calyrex|0 fnt\n|faint|p1a: Calyrex\n|move|p1b: Fezandipiti|Shadow Ball|p2a: Claymore\n|-damage|p2a: Claymore|34/100\n|\n|-weather|none\n|upkeep\n|turn|7\n|\n|t:|1776077892\n|move|p2b: Golden rupee|Quash|p1b: Fezandipiti\n|-activate|p1b: Fezandipiti|move: Quash\n|move|p2a: Claymore|Behemoth Blade|p1b: Fezandipiti\n|-supereffective|p1b: Fezandipiti\n|-damage|p1b: Fezandipiti|0 fnt\n|-damage|p2a: Claymore|17/100|[from] item: Rocky Helmet|[of] p1b: Fezandipiti\n|faint|p1b: Fezandipiti\n|\n|win|FightingMario54321\n|raw|Luca8's rating: 1455 &rarr; <strong>1432</strong><br />(-23 for losing)\n|raw|FightingMario54321's rating: 1410 &rarr; <strong>1433</strong><br />(+23 for winning)\n|l|\u2606Luca8\n|player|p1|\n|l|\u2606FightingMario54321\n|player|p2|\n","uploadtime":1776078076,"views":12,"formatid":"gen9vgc2026regi","rating":1432,"private":0,"password":null}