{"id":"gen9vgc2026regi-2538089575","format":"[Gen 9] VGC 2026 Reg I","players":["OakmanBro","alexit93"],"log":"|j|\u2606OakmanBro\n|j|\u2606alexit93\n|t:|1770891007\n|gametype|doubles\n|player|p1|OakmanBro|101|1257\n|player|p2|alexit93|lucas-gen4pt|1363\n|gen|9\n|tier|[Gen 9] VGC 2026 Reg I\n|rated|\n|rule|Species Clause: Limit one of each Pok\u00e9mon\n|rule|Item Clause: Limit 1 of each item\n|clearpoke\n|poke|p1|Koraidon, L50|\n|poke|p1|Regidrago, L50|\n|poke|p1|Whimsicott, L50, M|\n|poke|p1|Zekrom, L50|\n|poke|p1|Chien-Pao, L50|\n|poke|p1|Chi-Yu, L50|\n|poke|p2|Zamazenta-*, L50|\n|poke|p2|Riolu, L50, F|\n|poke|p2|Calyrex-Ice, L50|\n|poke|p2|Rillaboom, L50, F|\n|poke|p2|Incineroar, L50, M|\n|poke|p2|Urshifu-*, L50, F|\n|teampreview|4\n|\n|t:|1770891026\n|teamsize|p1|4\n|teamsize|p2|4\n|start\n|switch|p1a: Koraidon|Koraidon, L50|100/100\n|switch|p1b: Whimsicott|Whimsicott, L50, M|100/100\n|switch|p2a: Calyrex|Calyrex-Ice, L50|100/100\n|switch|p2b: Incineroar|Incineroar, L50, M|100/100\n|-ability|p2a: Calyrex|As One\n|-ability|p2a: Calyrex|Unnerve\n|-weather|SunnyDay|[from] ability: Orichalcum Pulse|[of] p1a: Koraidon\n|-activate|p1a: Koraidon|Orichalcum Pulse|[source]\n|-ability|p2b: Incineroar|Intimidate|boost\n|-fail|p1a: Koraidon|unboost|[from] item: Clear Amulet|[of] p1a: Koraidon\n|-unboost|p1b: Whimsicott|atk|1\n|turn|1\n|\n|t:|1770891048\n|-terastallize|p2a: Calyrex|Ground\n|move|p1a: Koraidon|Protect|p1a: Koraidon\n|-singleturn|p1a: Koraidon|Protect\n|move|p2b: Incineroar|Fake Out|p1a: Koraidon\n|-activate|p1a: Koraidon|move: Protect\n|move|p1b: Whimsicott|Taunt|p2a: Calyrex\n|-start|p2a: Calyrex|move: Taunt\n|move|p2a: Calyrex|Glacial Lance|p1a: Koraidon|[spread] p1b\n|-activate|p1a: Koraidon|move: Protect\n|-supereffective|p1b: Whimsicott\n|-enditem|p1b: Whimsicott|Focus Sash\n|-damage|p1b: Whimsicott|1/100\n|\n|-weather|SunnyDay|[upkeep]\n|upkeep\n|turn|2\n|\n|t:|1770891079\n|move|p1b: Whimsicott|Tailwind|p1b: Whimsicott\n|-sidestart|p1: OakmanBro|move: Tailwind\n|move|p1a: Koraidon|Flame Charge|p2a: Calyrex\n|-damage|p2a: Calyrex|77/100\n|-boost|p1a: Koraidon|spe|1\n|move|p2b: Incineroar|Knock Off|p1a: Koraidon\n|-resisted|p1a: Koraidon\n|-damage|p1a: Koraidon|83/100\n|-enditem|p1a: Koraidon|Clear Amulet|[from] move: Knock Off|[of] p2b: Incineroar\n|move|p2a: Calyrex|Glacial Lance|p1a: Koraidon|[spread] p1a,p1b\n|-supereffective|p1a: Koraidon\n|-supereffective|p1b: Whimsicott\n|-damage|p1a: Koraidon|0 fnt\n|-damage|p1b: Whimsicott|0 fnt\n|faint|p1a: Koraidon\n|faint|p1b: Whimsicott\n|-ability|p2a: Calyrex|Chilling Neigh|boost\n|-boost|p2a: Calyrex|atk|2\n|\n|-weather|SunnyDay|[upkeep]\n|upkeep\n|\n|t:|1770891099\n|switch|p1a: Zekrom|Zekrom, L50|100/100\n|switch|p1b: Regidrago|Regidrago, L50|100/100\n|-ability|p1a: Zekrom|Teravolt\n|turn|3\n|\n|t:|1770891131\n|switch|p2a: Riolu|Riolu, L50, F|100/100\n|-terastallize|p1a: Zekrom|Normal\n|move|p1b: Regidrago|Dragon Energy|p2b: Incineroar|[spread] p2a,p2b\n|-damage|p2a: Riolu|2/100\n|-damage|p2b: Incineroar|28/100\n|move|p1a: Zekrom|Double-Edge|p2a: Riolu\n|-damage|p2a: Riolu|0 fnt\n|faint|p2a: Riolu\n|-damage|p1a: Zekrom|99/100|[from] Recoil\n|move|p2b: Incineroar|Will-O-Wisp|p1a: Zekrom|[miss]\n|-miss|p2b: Incineroar|p1a: Zekrom\n|\n|-weather|SunnyDay|[upkeep]\n|upkeep\n|\n|t:|1770891139\n|switch|p2a: Zamazenta|Zamazenta-Crowned, L50, shiny|100/100\n|-ability|p2a: Zamazenta|Dauntless Shield|boost\n|-boost|p2a: Zamazenta|def|1\n|turn|4\n|\n|t:|1770891155\n|move|p2a: Zamazenta|Wide Guard|p2a: Zamazenta\n|-singleturn|p2a: Zamazenta|Wide Guard\n|move|p1b: Regidrago|Dragon Energy|p2a: Zamazenta|[spread] \n|-activate|p2a: Zamazenta|move: Wide Guard\n|-activate|p2b: Incineroar|move: Wide Guard\n|move|p1a: Zekrom|Double-Edge|p2a: Zamazenta\n|-resisted|p2a: Zamazenta\n|-crit|p2a: Zamazenta\n|-damage|p2a: Zamazenta|51/100\n|-damage|p1a: Zekrom|85/100|[from] Recoil\n|move|p2b: Incineroar|Will-O-Wisp|p1a: Zekrom\n|-status|p1a: Zekrom|brn\n|\n|-weather|SunnyDay|[upkeep]\n|-damage|p1a: Zekrom|78/100 brn|[from] brn\n|upkeep\n|turn|5\n|\n|t:|1770891174\n|move|p2a: Zamazenta|Wide Guard|p2a: Zamazenta\n|-singleturn|p2a: Zamazenta|Wide Guard\n|move|p1b: Regidrago|Dragon Energy|p2b: Incineroar|[spread] \n|-activate|p2a: Zamazenta|move: Wide Guard\n|-activate|p2b: Incineroar|move: Wide Guard\n|move|p1a: Zekrom|Double-Edge|p2a: Zamazenta\n|-resisted|p2a: Zamazenta\n|-damage|p2a: Zamazenta|40/100\n|-damage|p1a: Zekrom|75/100 brn|[from] Recoil\n|move|p2b: Incineroar|Knock Off|p1b: Regidrago\n|-damage|p1b: Regidrago|57/100\n|-enditem|p1b: Regidrago|Choice Scarf|[from] move: Knock Off|[of] p2b: Incineroar\n|\n|-weather|none\n|-damage|p1a: Zekrom|69/100 brn|[from] brn\n|-sideend|p1: OakmanBro|move: Tailwind\n|upkeep\n|turn|6\n|\n|t:|1770891217\n|move|p2a: Zamazenta|Body Press|p1b: Regidrago\n|-damage|p1b: Regidrago|0 fnt\n|faint|p1b: Regidrago\n|move|p1a: Zekrom|Double-Edge|p2b: Incineroar\n|-damage|p2b: Incineroar|0 fnt\n|-damage|p1a: Zekrom|52/100 brn|[from] item: Rocky Helmet|[of] p2b: Incineroar\n|faint|p2b: Incineroar\n|-damage|p1a: Zekrom|43/100 brn|[from] Recoil\n|\n|-damage|p1a: Zekrom|37/100 brn|[from] brn\n|upkeep\n|\n|t:|1770891223\n|switch|p2b: Calyrex|Calyrex-Ice, L50, tera:Ground|77/100\n|-ability|p2b: Calyrex|As One\n|-ability|p2b: Calyrex|Unnerve\n|turn|7\n|\n|t:|1770891235\n|move|p2a: Zamazenta|Body Press|p1a: Zekrom\n|-supereffective|p1a: Zekrom\n|-damage|p1a: Zekrom|0 fnt\n|faint|p1a: Zekrom\n|\n|win|alexit93\n|raw|OakmanBro's rating: 1257 &rarr; <strong>1239</strong><br />(-18 for losing)\n|raw|alexit93's rating: 1363 &rarr; <strong>1377</strong><br />(+14 for winning)\n|l|\u2606alexit93\n|player|p2|\n","uploadtime":1770891417,"views":15,"formatid":"gen9vgc2026regi","rating":1239,"private":0,"password":null}