{"id":"gen9vgc2026regi-2562985010","format":"[Gen 9] VGC 2026 Reg I","players":["Bayo93","ScribbleScribble"],"log":"|j|\u2606Bayo93\n|j|\u2606ScribbleScribble\n|t:|1773969978\n|gametype|doubles\n|player|p1|Bayo93|1|1413\n|player|p2|ScribbleScribble|mina-lgpe|1673\n|gen|9\n|tier|[Gen 9] VGC 2026 Reg I\n|rated|\n|rule|Species Clause: Limit one of each Pok\u00e9mon\n|rule|Item Clause: Limit 1 of each item\n|clearpoke\n|poke|p1|Zamazenta-*, L50|\n|poke|p1|Kyogre, L50|\n|poke|p1|Roaring Moon, L50|\n|poke|p1|Tornadus, L50, M|\n|poke|p1|Chien-Pao, L50|\n|poke|p1|Amoonguss, L50, M|\n|poke|p2|Calyrex-Ice, L50|\n|poke|p2|Kyogre, L50|\n|poke|p2|Tornadus, L50, M|\n|poke|p2|Indeedee-F, L50, F|\n|poke|p2|Urshifu-*, L50, F|\n|poke|p2|Landorus, L50, M|\n|teampreview|4\n|inactive|Battle timer is ON: inactive players will automatically lose when time's up. (requested by ScribbleScribble)\n|inactive|Bayo93 has 60 seconds left.\n|\n|t:|1773970029\n|teamsize|p1|4\n|teamsize|p2|4\n|start\n|switch|p1a: Roaring Moon|Roaring Moon, L50|100/100\n|switch|p1b: Amoonguss|Amoonguss, L50, M|100/100\n|switch|p2a: Tornadus|Tornadus, L50, M|100/100\n|switch|p2b: Urshifu|Urshifu-Rapid-Strike, L50, F|100/100\n|-enditem|p1a: Roaring Moon|Booster Energy\n|-activate|p1a: Roaring Moon|ability: Protosynthesis|[fromitem]\n|-start|p1a: Roaring Moon|protosynthesisspe\n|turn|1\n|\n|t:|1773970048\n|move|p1b: Amoonguss|Rage Powder|p1b: Amoonguss\n|-singleturn|p1b: Amoonguss|move: Rage Powder\n|move|p2a: Tornadus|Tailwind|p2a: Tornadus\n|-sidestart|p2: ScribbleScribble|move: Tailwind\n|move|p2b: Urshifu|U-turn|p1b: Amoonguss\n|-damage|p1b: Amoonguss|69/100\n|-damage|p2b: Urshifu|84/100|[from] item: Rocky Helmet|[of] p1b: Amoonguss\n|\n|t:|1773970052\n|switch|p2b: Landorus|Landorus, L50, M|100/100|[from] U-turn\n|move|p1a: Roaring Moon|Knock Off|p2b: Landorus\n|-damage|p2b: Landorus|51/100\n|-enditem|p2b: Landorus|Life Orb|[from] move: Knock Off|[of] p1a: Roaring Moon\n|\n|upkeep\n|turn|2\n|\n|t:|1773970073\n|move|p1b: Amoonguss|Protect|p1b: Amoonguss\n|-singleturn|p1b: Amoonguss|Protect\n|move|p2a: Tornadus|Bleakwind Storm|p1b: Amoonguss|[spread] \n|-activate|p1b: Amoonguss|move: Protect\n|-miss|p2a: Tornadus|p1a: Roaring Moon\n|move|p2b: Landorus|Sandsear Storm|p1b: Amoonguss|[spread] p1a\n|-activate|p1b: Amoonguss|move: Protect\n|-damage|p1a: Roaring Moon|61/100\n|move|p1a: Roaring Moon|Snarl|p2b: Landorus|[spread] p2a,p2b\n|-damage|p2a: Tornadus|90/100\n|-damage|p2b: Landorus|41/100\n|-unboost|p2a: Tornadus|spa|1\n|-unboost|p2b: Landorus|spa|1\n|\n|upkeep\n|turn|3\n|inactive|Bayo93 has 30 seconds left.\n|inactive|Bayo93 has 20 seconds left.\n|inactive|Bayo93 has 15 seconds left.\n|inactive|Bayo93 has 10 seconds left.\n|\n|t:|1773970121\n|switch|p1b: Kyogre|Kyogre, L50|100/100\n|-weather|RainDance|[from] ability: Drizzle|[of] p1b: Kyogre\n|move|p2a: Tornadus|Bleakwind Storm|p1a: Roaring Moon|[spread] p1a,p1b\n|-damage|p1a: Roaring Moon|38/100\n|-damage|p1b: Kyogre|84/100\n|-unboost|p1b: Kyogre|spe|1\n|move|p2b: Landorus|Earth Power|p1b: Kyogre\n|-damage|p1b: Kyogre|54/100\n|move|p1a: Roaring Moon|Snarl|p2a: Tornadus|[spread] p2a,p2b\n|-crit|p2b: Landorus\n|-damage|p2a: Tornadus|80/100\n|-damage|p2b: Landorus|28/100\n|-unboost|p2a: Tornadus|spa|1\n|-unboost|p2b: Landorus|spa|1\n|\n|-weather|RainDance|[upkeep]\n|upkeep\n|turn|4\n|inactive|Bayo93 has 30 seconds left.\n|inactive|ScribbleScribble has 30 seconds left.\n|inactive|Bayo93 has 20 seconds left.\n|inactive|ScribbleScribble has 20 seconds left.\n|inactive|Bayo93 has 15 seconds left.\n|inactive|ScribbleScribble has 15 seconds left.\n|inactive|Bayo93 has 10 seconds left.\n|\n|t:|1773970169\n|move|p1a: Roaring Moon|Protect|p1a: Roaring Moon\n|-singleturn|p1a: Roaring Moon|Protect\n|move|p2a: Tornadus|Bleakwind Storm|p1b: Kyogre|[spread] p1b\n|-activate|p1a: Roaring Moon|move: Protect\n|-damage|p1b: Kyogre|40/100\n|move|p2b: Landorus|Sandsear Storm|p1b: Kyogre|[spread] p1b\n|-activate|p1a: Roaring Moon|move: Protect\n|-damage|p1b: Kyogre|24/100\n|move|p1b: Kyogre|Origin Pulse|p2a: Tornadus|[spread] p2a,p2b\n|-supereffective|p2b: Landorus\n|-damage|p2a: Tornadus|0 fnt\n|-damage|p2b: Landorus|0 fnt\n|faint|p2a: Tornadus\n|faint|p2b: Landorus\n|\n|-weather|RainDance|[upkeep]\n|-sideend|p2: ScribbleScribble|move: Tailwind\n|upkeep\n|\n|t:|1773970171\n|switch|p2a: Urshifu|Urshifu-Rapid-Strike, L50, F|84/100\n|switch|p2b: Kyogre|Kyogre, L50|100/100\n|turn|5\n|inactive|Bayo93 has 30 seconds left.\n|\n|t:|1773970205\n|switch|p1b: Amoonguss|Amoonguss, L50, M|100/100\n|move|p1a: Roaring Moon|Knock Off|p2a: Urshifu\n|-resisted|p2a: Urshifu\n|-damage|p2a: Urshifu|61/100\n|-enditem|p2a: Urshifu|Choice Band|[from] move: Knock Off|[of] p1a: Roaring Moon\n|move|p2b: Kyogre|Water Spout|p1b: Amoonguss|[spread] p1a,p1b\n|-resisted|p1a: Roaring Moon\n|-resisted|p1b: Amoonguss\n|-damage|p1a: Roaring Moon|0 fnt\n|-damage|p1b: Amoonguss|52/100\n|faint|p1a: Roaring Moon\n|-end|p1a: Roaring Moon|Protosynthesis|[silent]\n|move|p2a: Urshifu|Surging Strikes|p1b: Amoonguss\n|-resisted|p1b: Amoonguss\n|-crit|p1b: Amoonguss\n|-damage|p1b: Amoonguss|39/100\n|-damage|p2a: Urshifu|45/100|[from] item: Rocky Helmet|[of] p1b: Amoonguss\n|-resisted|p1b: Amoonguss\n|-crit|p1b: Amoonguss\n|-damage|p1b: Amoonguss|27/100\n|-damage|p2a: Urshifu|28/100|[from] item: Rocky Helmet|[of] p1b: Amoonguss\n|-resisted|p1b: Amoonguss\n|-crit|p1b: Amoonguss\n|-damage|p1b: Amoonguss|13/100\n|-damage|p2a: Urshifu|11/100|[from] item: Rocky Helmet|[of] p1b: Amoonguss\n|-hitcount|p1b: Amoonguss|3\n|\n|-weather|RainDance|[upkeep]\n|upkeep\n|inactive|Bayo93 has 30 seconds left.\n|inactive|Bayo93 has 20 seconds left.\n|inactive|Bayo93 has 15 seconds left.\n|inactive|Bayo93 has 10 seconds left.\n|inactive|Bayo93 has 5 seconds left.\n|\n|t:|1773970258\n|switch|p1a: Kyogre|Kyogre, L50|24/100\n|turn|6\n|\n|t:|1773970278\n|move|p1b: Amoonguss|Protect|p1b: Amoonguss\n|-singleturn|p1b: Amoonguss|Protect\n|move|p2b: Kyogre|Water Spout|p1b: Amoonguss|[spread] p1a\n|-activate|p1b: Amoonguss|move: Protect\n|-resisted|p1a: Kyogre\n|-damage|p1a: Kyogre|0 fnt\n|faint|p1a: Kyogre\n|move|p2a: Urshifu|Surging Strikes|p1b: Amoonguss\n|-resisted|p1b: Amoonguss\n|-crit|p1b: Amoonguss\n|-damage|p1b: Amoonguss|0 fnt\n|-damage|p2a: Urshifu|0 fnt|[from] item: Rocky Helmet|[of] p1b: Amoonguss\n|faint|p1b: Amoonguss\n|faint|p2a: Urshifu\n|-hitcount|p1: Amoonguss|1\n|\n|-weather|RainDance|[upkeep]\n|upkeep\n|\n|t:|1773970289\n|switch|p1a: Zamazenta|Zamazenta-Crowned, L50|100/100\n|-ability|p1a: Zamazenta|Dauntless Shield|boost\n|-boost|p1a: Zamazenta|def|1\n|turn|7\n|\n|t:|1773970298\n|move|p1a: Zamazenta|Protect|p1a: Zamazenta\n|-singleturn|p1a: Zamazenta|Protect\n|move|p2b: Kyogre|Hydro Pump|p1a: Zamazenta\n|-activate|p1a: Zamazenta|move: Protect\n|\n|-weather|none\n|upkeep\n|turn|8\n|\n|t:|1773970307\n|-terastallize|p1a: Zamazenta|Dragon\n|move|p1a: Zamazenta|Body Press|p2b: Kyogre\n|-damage|p2b: Kyogre|27/100\n|move|p2b: Kyogre|Hydro Pump|p1a: Zamazenta\n|-resisted|p1a: Zamazenta\n|-damage|p1a: Zamazenta|76/100\n|\n|upkeep\n|turn|9\n|-message|ScribbleScribble forfeited.\n|\n|win|Bayo93\n|raw|Bayo93's rating: 1413 &rarr; <strong>1446</strong><br />(+33 for winning)\n|raw|ScribbleScribble's rating: 1686 &rarr; <strong>1653</strong><br />(-33 for losing)\n|l|\u2606ScribbleScribble\n|player|p2|\n|l|\u2606Bayo93\n|player|p1|\n","uploadtime":1773970489,"views":17,"formatid":"gen9vgc2026regi","rating":1446,"private":0,"password":null}