{"id":"gen9vgc2026regi-2532890430","format":"[Gen 9] VGC 2026 Reg I","players":["JOJOJEJEJA","j0l0k0"],"log":"|j|\u2606JOJOJEJEJA\n|j|\u2606j0l0k0\n|t:|1770233916\n|gametype|doubles\n|player|p1|JOJOJEJEJA|266|1431\n|player|p2|j0l0k0|brycen|1530\n|gen|9\n|tier|[Gen 9] VGC 2026 Reg I\n|rated|\n|rule|Species Clause: Limit one of each Pok\u00e9mon\n|rule|Item Clause: Limit 1 of each item\n|clearpoke\n|poke|p1|Dondozo, L50, M|\n|poke|p1|Tatsugiri, L50, F|\n|poke|p1|Calyrex-Shadow, L50|\n|poke|p1|Kyogre, L50|\n|poke|p1|Rillaboom, L50, F|\n|poke|p1|Raichu, L50, F|\n|poke|p2|Calyrex-Ice, L50|\n|poke|p2|Kyogre, L50|\n|poke|p2|Indeedee-F, L50, F|\n|poke|p2|Urshifu-*, L50, F|\n|poke|p2|Amoonguss, L50, F|\n|poke|p2|Landorus, L50, M|\n|teampreview|4\n|inactive|Battle timer is ON: inactive players will automatically lose when time's up. (requested by j0l0k0)\n|\n|t:|1770233930\n|teamsize|p1|4\n|teamsize|p2|4\n|start\n|switch|p1a: Calyrex|Calyrex-Shadow, L50|100/100\n|switch|p1b: Kyogre|Kyogre, L50|100/100\n|switch|p2a: Indeedee|Indeedee-F, L50, F, shiny|100/100\n|switch|p2b: Calyrex|Calyrex-Ice, L50|100/100\n|-ability|p1a: Calyrex|As One\n|-ability|p1a: Calyrex|Unnerve\n|-ability|p2b: Calyrex|As One\n|-ability|p2b: Calyrex|Unnerve\n|-weather|RainDance|[from] ability: Drizzle|[of] p1b: Kyogre\n|-fieldstart|move: Psychic Terrain|[from] ability: Psychic Surge|[of] p2a: Indeedee\n|turn|1\n|\n|t:|1770233952\n|-terastallize|p1a: Calyrex|Ghost\n|-terastallize|p2b: Calyrex|Normal\n|move|p1b: Kyogre|Water Spout|p2b: Calyrex|[spread] p2a,p2b\n|-damage|p2a: Indeedee|13/100\n|-damage|p2b: Calyrex|38/100\n|move|p1a: Calyrex|Astral Barrage|p2b: Calyrex|[spread] \n|-immune|p2a: Indeedee\n|-immune|p2b: Calyrex\n|move|p2b: Calyrex|Glacial Lance|p1b: Kyogre|[spread] p1a,p1b\n|-resisted|p1b: Kyogre\n|-damage|p1a: Calyrex|22/100\n|-damage|p1b: Kyogre|71/100\n|move|p2a: Indeedee|Trick Room|p2a: Indeedee\n|-fieldstart|move: Trick Room|[of] p2a: Indeedee\n|\n|-weather|RainDance|[upkeep]\n|upkeep\n|turn|2\n|\n|t:|1770233971\n|switch|p1a: Dondozo|Dondozo, L50, M|100/100\n|switch|p1b: Tatsugiri|Tatsugiri, L50, F|100/100\n|-activate|p1b: Tatsugiri|ability: Commander|[of] p1a: Dondozo\n|-boost|p1a: Dondozo|atk|2\n|-boost|p1a: Dondozo|spa|2\n|-boost|p1a: Dondozo|spe|2\n|-boost|p1a: Dondozo|def|2\n|-boost|p1a: Dondozo|spd|2\n|move|p2a: Indeedee|Helping Hand|p2b: Calyrex\n|-singleturn|p2b: Calyrex|Helping Hand|[of] p2a: Indeedee\n|move|p2b: Calyrex|Close Combat|p1b: Tatsugiri|[miss]\n|-miss|p2b: Calyrex|p1b: Tatsugiri\n|\n|-weather|RainDance|[upkeep]\n|upkeep\n|turn|3\n|inactive|j0l0k0 has 30 seconds left.\n|\n|t:|1770234000\n|move|p2a: Indeedee|Helping Hand|p2b: Calyrex\n|-singleturn|p2b: Calyrex|Helping Hand|[of] p2a: Indeedee\n|move|p2b: Calyrex|Close Combat|p1a: Dondozo\n|-damage|p1a: Dondozo|74/100\n|-unboost|p2b: Calyrex|def|1\n|-unboost|p2b: Calyrex|spd|1\n|move|p1a: Dondozo|Substitute|p1a: Dondozo\n|-start|p1a: Dondozo|Substitute\n|-damage|p1a: Dondozo|49/100\n|\n|-weather|RainDance|[upkeep]\n|-heal|p1a: Dondozo|55/100|[from] item: Leftovers\n|upkeep\n|turn|4\n|\n|t:|1770234015\n|switch|p2b: Amoonguss|Amoonguss, L50, F, shiny|100/100\n|switch|p2a: Kyogre|Kyogre, L50, shiny|100/100\n|move|p1a: Dondozo|Protect||[still]\n|-fail|p1a: Dondozo\n|\n|-weather|RainDance|[upkeep]\n|-heal|p1a: Dondozo|62/100|[from] item: Leftovers\n|upkeep\n|turn|5\n|\n|t:|1770234031\n|move|p2b: Amoonguss|Clear Smog|p1a: Dondozo\n|-activate|p1a: Dondozo|move: Substitute|[damage]\n|move|p2a: Kyogre|Thunder|p1a: Dondozo\n|-supereffective|p1a: Dondozo\n|-end|p1a: Dondozo|Substitute\n|move|p1a: Dondozo|Yawn|p2a: Kyogre\n|-start|p2a: Kyogre|move: Yawn|[of] p1a: Dondozo\n|\n|-weather|none\n|-heal|p1a: Dondozo|68/100|[from] item: Leftovers\n|-fieldend|move: Trick Room\n|-fieldend|move: Psychic Terrain\n|upkeep\n|turn|6\n|\n|t:|1770234048\n|move|p1a: Dondozo|Substitute|p1a: Dondozo\n|-start|p1a: Dondozo|Substitute\n|-damage|p1a: Dondozo|43/100\n|move|p2a: Kyogre|Thunder|p1a: Dondozo\n|-supereffective|p1a: Dondozo\n|-end|p1a: Dondozo|Substitute\n|move|p2b: Amoonguss|Clear Smog|p1a: Dondozo\n|-damage|p1a: Dondozo|33/100\n|-clearboost|p1a: Dondozo\n|\n|-heal|p1a: Dondozo|39/100|[from] item: Leftovers\n|-end|p2a: Kyogre|move: Yawn|[silent]\n|-status|p2a: Kyogre|slp\n|upkeep\n|turn|7\n|\n|t:|1770234068\n|move|p2b: Amoonguss|Rage Powder|p2b: Amoonguss\n|-singleturn|p2b: Amoonguss|move: Rage Powder\n|cant|p2a: Kyogre|slp\n|move|p1a: Dondozo|Surf|p2a: Kyogre|[spread] p2a,p2b\n|-miss|p1a: Dondozo|p1b: Tatsugiri\n|-resisted|p2a: Kyogre\n|-resisted|p2b: Amoonguss\n|-damage|p2a: Kyogre|96/100 slp\n|-damage|p2b: Amoonguss|90/100\n|\n|-heal|p1a: Dondozo|46/100|[from] item: Leftovers\n|upkeep\n|turn|8\n|\n|t:|1770234082\n|move|p2b: Amoonguss|Rage Powder|p2b: Amoonguss\n|-singleturn|p2b: Amoonguss|move: Rage Powder\n|-curestatus|p2a: Kyogre|slp|[msg]\n|move|p2a: Kyogre|Thunder|p1a: Dondozo|[miss]\n|-miss|p2a: Kyogre|p1a: Dondozo\n|move|p1a: Dondozo|Substitute|p1a: Dondozo\n|-start|p1a: Dondozo|Substitute\n|-damage|p1a: Dondozo|21/100\n|\n|-heal|p1a: Dondozo|27/100|[from] item: Leftovers\n|upkeep\n|turn|9\n|\n|t:|1770234098\n|switch|p2a: Indeedee|Indeedee-F, L50, F, shiny|13/100\n|-fieldstart|move: Psychic Terrain|[from] ability: Psychic Surge|[of] p2a: Indeedee\n|switch|p2b: Calyrex|Calyrex-Ice, L50, tera:Normal|38/100\n|-ability|p2b: Calyrex|As One\n|-ability|p2b: Calyrex|Unnerve\n|move|p1a: Dondozo|Protect||[still]\n|-fail|p1a: Dondozo\n|\n|-heal|p1a: Dondozo|33/100|[from] item: Leftovers\n|upkeep\n|turn|10\n|\n|t:|1770234113\n|move|p2a: Indeedee|Psychic|p1a: Dondozo\n|-end|p1a: Dondozo|Substitute\n|move|p1a: Dondozo|Surf|p2a: Indeedee|[spread] p2a,p2b\n|-miss|p1a: Dondozo|p1b: Tatsugiri\n|-damage|p2a: Indeedee|0 fnt\n|-damage|p2b: Calyrex|22/100\n|faint|p2a: Indeedee\n|move|p2b: Calyrex|Trick Room|p2b: Calyrex\n|-fieldstart|move: Trick Room|[of] p2b: Calyrex\n|\n|-heal|p1a: Dondozo|39/100|[from] item: Leftovers\n|upkeep\n|\n|t:|1770234123\n|switch|p2a: Kyogre|Kyogre, L50, shiny|96/100\n|-weather|RainDance|[from] ability: Drizzle|[of] p2a: Kyogre\n|turn|11\n|\n|t:|1770234129\n|move|p1a: Dondozo|Protect|p1a: Dondozo\n|-singleturn|p1a: Dondozo|Protect\n|move|p2b: Calyrex|Glacial Lance|p1b: Tatsugiri|[spread] \n|-miss|p2b: Calyrex|p1b: Tatsugiri\n|-activate|p1a: Dondozo|move: Protect\n|move|p2a: Kyogre|Water Spout|p1a: Dondozo|[spread] \n|-miss|p2a: Kyogre|p1b: Tatsugiri\n|-activate|p1a: Dondozo|move: Protect\n|\n|-weather|RainDance|[upkeep]\n|-heal|p1a: Dondozo|46/100|[from] item: Leftovers\n|upkeep\n|turn|12\n|\n|t:|1770234142\n|move|p2b: Calyrex|Glacial Lance|p1a: Dondozo|[spread] p1a\n|-miss|p2b: Calyrex|p1b: Tatsugiri\n|-resisted|p1a: Dondozo\n|-damage|p1a: Dondozo|26/100\n|move|p1a: Dondozo|Surf|p2a: Kyogre|[spread] p2a,p2b\n|-miss|p1a: Dondozo|p1b: Tatsugiri\n|-resisted|p2a: Kyogre\n|-damage|p2a: Kyogre|88/100\n|-damage|p2b: Calyrex|0 fnt\n|faint|p2b: Calyrex\n|move|p2a: Kyogre|Thunder|p1a: Dondozo\n|-supereffective|p1a: Dondozo\n|-damage|p1a: Dondozo|0 fnt\n|faint|p1a: Dondozo\n|\n|-weather|RainDance|[upkeep]\n|upkeep\n|\n|t:|1770234160\n|switch|p2b: Amoonguss|Amoonguss, L50, F, shiny|100/100\n|switch|p1a: Kyogre|Kyogre, L50|71/100\n|turn|13\n|inactive|JOJOJEJEJA has 30 seconds left.\n|\n|t:|1770234186\n|move|p2b: Amoonguss|Spore|p1b: Tatsugiri\n|-status|p1b: Tatsugiri|slp|[from] move: Spore\n|move|p2a: Kyogre|Thunder|p1a: Kyogre\n|-supereffective|p1a: Kyogre\n|-damage|p1a: Kyogre|0 fnt\n|faint|p1a: Kyogre\n|cant|p1b: Tatsugiri|slp\n|\n|-weather|RainDance|[upkeep]\n|-fieldend|move: Psychic Terrain\n|upkeep\n|\n|t:|1770234195\n|switch|p1a: Calyrex|Calyrex-Shadow, L50, tera:Ghost|22/100\n|-ability|p1a: Calyrex|As One\n|-ability|p1a: Calyrex|Unnerve\n|turn|14\n|\n|t:|1770234202\n|move|p2b: Amoonguss|Energy Ball|p1b: Tatsugiri\n|-damage|p1b: Tatsugiri|54/100 slp\n|move|p2a: Kyogre|Water Spout|p1b: Tatsugiri|[spread] p1a,p1b\n|-resisted|p1b: Tatsugiri\n|-damage|p1a: Calyrex|0 fnt\n|-damage|p1b: Tatsugiri|23/100 slp\n|faint|p1a: Calyrex\n|cant|p1b: Tatsugiri|slp\n|\n|-weather|RainDance|[upkeep]\n|-fieldend|move: Trick Room\n|upkeep\n|turn|15\n|\n|t:|1770234216\n|-curestatus|p1b: Tatsugiri|slp|[msg]\n|move|p1b: Tatsugiri|Muddy Water|p2a: Kyogre|[spread] p2a,p2b\n|-resisted|p2a: Kyogre\n|-resisted|p2b: Amoonguss\n|-crit|p2b: Amoonguss\n|-damage|p2a: Kyogre|77/100\n|-damage|p2b: Amoonguss|62/100\n|move|p2a: Kyogre|Thunder|p1b: Tatsugiri\n|-damage|p1b: Tatsugiri|0 fnt\n|faint|p1b: Tatsugiri\n|\n|win|j0l0k0\n|raw|JOJOJEJEJA's rating: 1431 &rarr; <strong>1417</strong><br />(-14 for losing)\n|raw|j0l0k0's rating: 1530 &rarr; <strong>1544</strong><br />(+14 for winning)\n|l|\u2606JOJOJEJEJA\n|player|p1|\n|l|\u2606j0l0k0\n|player|p2|\n","uploadtime":1770234442,"views":17,"formatid":"gen9vgc2026regi","rating":1417,"private":0,"password":null}