{"id":"gen9vgc2026regi-2534681407","format":"[Gen 9] VGC 2026 Reg I","players":["cjdhf18","fogdocker"],"log":"|j|\u2606cjdhf18\n|j|\u2606fogdocker\n|t:|1770460425\n|gametype|doubles\n|player|p1|cjdhf18|cynthia-gen4|1344\n|player|p2|fogdocker|101|1402\n|gen|9\n|tier|[Gen 9] VGC 2026 Reg I\n|rated|\n|rule|Species Clause: Limit one of each Pok\u00e9mon\n|rule|Item Clause: Limit 1 of each item\n|clearpoke\n|poke|p1|Incineroar, L50, F|\n|poke|p1|Landorus, L50, M|\n|poke|p1|Calyrex-Ice, L50|\n|poke|p1|Miraidon, L50|\n|poke|p1|Farigiraf, L50, M|\n|poke|p1|Iron Valiant, L50|\n|poke|p2|Calyrex-Ice, L50|\n|poke|p2|Koraidon, L50|\n|poke|p2|Flutter Mane, L50|\n|poke|p2|Incineroar, L50, M|\n|poke|p2|Rillaboom, L50, F|\n|poke|p2|Volcarona, L50, F|\n|teampreview|4\n|inactive|Battle timer is ON: inactive players will automatically lose when time's up. (requested by cjdhf18)\n|\n|t:|1770460480\n|teamsize|p1|4\n|teamsize|p2|4\n|start\n|switch|p1a: Farigiraf|Farigiraf, L50, M, shiny|100/100\n|switch|p1b: Miraidon|Miraidon, L50|100/100\n|switch|p2a: Rillaboom|Rillaboom, L50, F|100/100\n|switch|p2b: Koraidon|Koraidon, L50|100/100\n|-fieldstart|move: Electric Terrain|[from] ability: Hadron Engine|[of] p1b: Miraidon\n|-enditem|p1a: Farigiraf|Electric Seed\n|-boost|p1a: Farigiraf|def|1|[from] item: Electric Seed\n|-weather|SunnyDay|[from] ability: Orichalcum Pulse|[of] p2b: Koraidon\n|-activate|p2b: Koraidon|Orichalcum Pulse|[source]\n|-fieldstart|move: Grassy Terrain|[from] ability: Grassy Surge|[of] p2a: Rillaboom\n|turn|1\n|\n|t:|1770460505\n|move|p2b: Koraidon|Protect|p2b: Koraidon\n|-singleturn|p2b: Koraidon|Protect\n|move|p1b: Miraidon|Draco Meteor|p2b: Koraidon\n|-activate|p2b: Koraidon|move: Protect\n|move|p2a: Rillaboom|U-turn|p1b: Miraidon\n|-damage|p1b: Miraidon|81/100\n|\n|t:|1770460524\n|switch|p2a: Calyrex|Calyrex-Ice, L50|100/100|[from] U-turn\n|-ability|p2a: Calyrex|As One\n|-ability|p2a: Calyrex|Unnerve\n|move|p1a: Farigiraf|Psychic|p2b: Koraidon\n|-activate|p2b: Koraidon|move: Protect\n|\n|-weather|SunnyDay|[upkeep]\n|-heal|p1b: Miraidon|87/100|[from] Grassy Terrain\n|upkeep\n|turn|2\n|\n|t:|1770460542\n|switch|p2b: Rillaboom|Rillaboom, L50, F|100/100\n|move|p1b: Miraidon|Draco Meteor|p2a: Calyrex\n|-damage|p2a: Calyrex|55/100\n|-unboost|p1b: Miraidon|spa|2\n|move|p1a: Farigiraf|Foul Play|p2a: Calyrex\n|-supereffective|p2a: Calyrex\n|-damage|p2a: Calyrex|15/100\n|move|p2a: Calyrex|Glacial Lance|p1b: Miraidon|[spread] p1a,p1b\n|-supereffective|p1b: Miraidon\n|-crit|p1b: Miraidon\n|-damage|p1a: Farigiraf|76/100\n|-damage|p1b: Miraidon|0 fnt\n|faint|p1b: Miraidon\n|-ability|p2a: Calyrex|Chilling Neigh|boost\n|-boost|p2a: Calyrex|atk|1\n|\n|-weather|SunnyDay|[upkeep]\n|-heal|p1a: Farigiraf|82/100|[from] Grassy Terrain\n|-heal|p2a: Calyrex|21/100|[from] Grassy Terrain\n|-heal|p2a: Calyrex|27/100|[from] item: Leftovers\n|upkeep\n|\n|t:|1770460564\n|switch|p1b: Landorus|Landorus, L50, M|100/100\n|turn|3\n|\n|t:|1770460577\n|switch|p2b: Volcarona|Volcarona, L50, F|100/100\n|move|p2a: Calyrex|Protect|p2a: Calyrex\n|-singleturn|p2a: Calyrex|Protect\n|move|p1b: Landorus|Sludge Bomb|p2b: Volcarona\n|-damage|p2b: Volcarona|57/100\n|move|p1a: Farigiraf|Foul Play|p2a: Calyrex\n|-activate|p2a: Calyrex|move: Protect\n|\n|-weather|SunnyDay|[upkeep]\n|-heal|p2b: Volcarona|63/100|[from] Grassy Terrain\n|-heal|p1a: Farigiraf|88/100|[from] Grassy Terrain\n|-heal|p2a: Calyrex|33/100|[from] Grassy Terrain\n|-heal|p2a: Calyrex|39/100|[from] item: Leftovers\n|upkeep\n|turn|4\n|\n|t:|1770460596\n|-terastallize|p2a: Calyrex|Water\n|move|p2b: Volcarona|Rage Powder|p2b: Volcarona\n|-singleturn|p2b: Volcarona|move: Rage Powder\n|move|p1b: Landorus|Earth Power|p2b: Volcarona\n|-damage|p2b: Volcarona|0 fnt\n|faint|p2b: Volcarona\n|move|p1a: Farigiraf|Foul Play|p2a: Calyrex\n|-damage|p2a: Calyrex|11/100\n|move|p2a: Calyrex|Glacial Lance|p1a: Farigiraf|[spread] p1a,p1b\n|-supereffective|p1b: Landorus\n|-damage|p1a: Farigiraf|48/100\n|-damage|p1b: Landorus|0 fnt\n|faint|p1b: Landorus\n|-ability|p2a: Calyrex|Chilling Neigh|boost\n|-boost|p2a: Calyrex|atk|1\n|\n|-weather|SunnyDay|[upkeep]\n|-heal|p1a: Farigiraf|54/100|[from] Grassy Terrain\n|-heal|p2a: Calyrex|16/100|[from] Grassy Terrain\n|-heal|p2a: Calyrex|22/100|[from] item: Leftovers\n|upkeep\n|\n|t:|1770460616\n|switch|p2b: Koraidon|Koraidon, L50|100/100\n|switch|p1b: Calyrex|Calyrex-Ice, L50|100/100\n|-ability|p1b: Calyrex|As One\n|-ability|p1b: Calyrex|Unnerve\n|-activate|p2b: Koraidon|ability: Orichalcum Pulse\n|turn|5\n|\n|t:|1770460630\n|-terastallize|p1b: Calyrex|Fire\n|move|p1a: Farigiraf|Helping Hand|p1b: Calyrex\n|-singleturn|p1b: Calyrex|Helping Hand|[of] p1a: Farigiraf\n|move|p2b: Koraidon|Close Combat|p1b: Calyrex\n|-damage|p1b: Calyrex|24/100\n|-unboost|p2b: Koraidon|def|1\n|-unboost|p2b: Koraidon|spd|1\n|-damage|p2b: Koraidon|91/100|[from] item: Life Orb\n|move|p1b: Calyrex|Glacial Lance|p2b: Koraidon|[spread] p2a,p2b\n|-resisted|p2a: Calyrex\n|-supereffective|p2b: Koraidon\n|-damage|p2a: Calyrex|0 fnt\n|-damage|p2b: Koraidon|0 fnt\n|faint|p2a: Calyrex\n|faint|p2b: Koraidon\n|-ability|p1b: Calyrex|Chilling Neigh|boost\n|-boost|p1b: Calyrex|atk|2\n|\n|-weather|none\n|-heal|p1a: Farigiraf|60/100|[from] Grassy Terrain\n|-heal|p1b: Calyrex|31/100|[from] Grassy Terrain\n|-fieldend|move: Grassy Terrain\n|upkeep\n|\n|t:|1770460641\n|switch|p2b: Rillaboom|Rillaboom, L50, F|100/100\n|-fieldstart|move: Grassy Terrain|[from] ability: Grassy Surge|[of] p2b: Rillaboom\n|turn|6\n|\n|t:|1770460664\n|move|p2b: Rillaboom|Wood Hammer|p1b: Calyrex\n|-resisted|p1b: Calyrex\n|-crit|p1b: Calyrex\n|-damage|p1b: Calyrex|0 fnt\n|faint|p1b: Calyrex\n|-damage|p2b: Rillaboom|91/100|[from] Recoil\n|move|p1a: Farigiraf|Foul Play|p2b: Rillaboom\n|-damage|p2b: Rillaboom|62/100\n|\n|-heal|p2b: Rillaboom|68/100|[from] Grassy Terrain\n|-heal|p1a: Farigiraf|66/100|[from] Grassy Terrain\n|upkeep\n|turn|7\n|\n|t:|1770460677\n|move|p2b: Rillaboom|U-turn|p1a: Farigiraf\n|-supereffective|p1a: Farigiraf\n|-damage|p1a: Farigiraf|42/100\n|move|p1a: Farigiraf|Psychic|p2b: Rillaboom\n|-damage|p2b: Rillaboom|47/100\n|\n|-heal|p2b: Rillaboom|53/100|[from] Grassy Terrain\n|-heal|p1a: Farigiraf|48/100|[from] Grassy Terrain\n|upkeep\n|turn|8\n|\n|t:|1770460688\n|move|p2b: Rillaboom|U-turn|p1a: Farigiraf\n|-supereffective|p1a: Farigiraf\n|-damage|p1a: Farigiraf|22/100\n|move|p1a: Farigiraf|Foul Play|p2b: Rillaboom\n|-damage|p2b: Rillaboom|24/100\n|\n|-heal|p2b: Rillaboom|30/100|[from] Grassy Terrain\n|-heal|p1a: Farigiraf|28/100|[from] Grassy Terrain\n|upkeep\n|turn|9\n|\n|t:|1770460697\n|move|p2b: Rillaboom|Wood Hammer|p1a: Farigiraf\n|-damage|p1a: Farigiraf|0 fnt\n|faint|p1a: Farigiraf\n|-damage|p2b: Rillaboom|20/100|[from] Recoil\n|\n|win|fogdocker\n|raw|cjdhf18's rating: 1344 &rarr; <strong>1327</strong><br />(-17 for losing)\n|raw|fogdocker's rating: 1402 &rarr; <strong>1419</strong><br />(+17 for winning)\n|l|\u2606fogdocker\n|player|p2|\n|l|\u2606cjdhf18\n|player|p1|\n","uploadtime":1770460842,"views":14,"formatid":"gen9vgc2026regi","rating":1327,"private":0,"password":null}