{"id":"gen9vgc2026regi-2561523497","format":"[Gen 9] VGC 2026 Reg I","players":["realcomrade379","Matrod"],"log":"|j|\u2606realcomrade379\n|j|\u2606Matrod\n|t:|1773806619\n|gametype|doubles\n|player|p1|realcomrade379|shadowtriad|\n|player|p2|Matrod|dawn-gen4pt|\n|gen|9\n|tier|[Gen 9] VGC 2026 Reg I\n|rated|Tournament battle\n|rule|Species Clause: Limit one of each Pok\u00e9mon\n|rule|Item Clause: Limit 1 of each item\n|raw|<div class=\"infobox\"><details class=\"readmore\" open><summary><strong>3 custom rules:</strong></summary> Open Team Sheets, Force Open Team Sheets, !Open Team Sheets</details></div>\n|clearpoke\n|poke|p1|Miraidon, L50|\n|poke|p1|Calyrex-Ice, L50|\n|poke|p1|Landorus, L50, M|\n|poke|p1|Ogerpon-Wellspring, L50, F|\n|poke|p1|Grimmsnarl, L50, M|\n|poke|p1|Incineroar, L50, F|\n|poke|p2|Incineroar, L50, M|\n|poke|p2|Landorus, L50, M|\n|poke|p2|Calyrex-Shadow, L50|\n|poke|p2|Koraidon, L50|\n|poke|p2|Brute Bonnet, L50|\n|poke|p2|Raging Bolt, L50|\n|teampreview|4\n|showteam|p1|Miraidon||AssaultVest|HadronEngine|ElectroDrift,DracoMeteor,VoltSwitch,Snarl||||||50|,,,,,Electric]Calyrex-Ice||Leftovers|AsOneGlastrier|Protect,TrickRoom,LeechSeed,GlacialLance||||||50|,,,,,Water]Landorus||LifeOrb|SheerForce|Protect,Taunt,SludgeBomb,EarthPower|||M|||50|,,,,,Water]Ogerpon-Wellspring||WellspringMask|WaterAbsorb|SpikyShield,FollowMe,HornLeech,IvyCudgel|||F|||50|,,,,,Water]Grimmsnarl||LightClay|Prankster|SpiritBreak,Reflect,LightScreen,ThunderWave|||M|||50|,,,,,Ghost]Incineroar||RockyHelmet|Intimidate|KnockOff,FlareBlitz,PartingShot,FakeOut|||F|||50|,,,,,Bug\n|showteam|p2|Incineroar||RockyHelmet|Intimidate|FakeOut,KnockOff,HelpingHand,PartingShot|||M|||50|,,,,,Water]Landorus||LifeOrb|SheerForce|EarthPower,SludgeBomb,SandsearStorm,Protect|||M|||50|,,,,,Water]Calyrex-Shadow||FocusSash|AsOneSpectrier|AstralBarrage,Encore,Psychic,Protect||||||50|,,,,,Ghost]Koraidon||ClearAmulet|OrichalcumPulse|FlareBlitz,CollisionCourse,FlameCharge,Protect||||||50|,,,,,Fire]Brute Bonnet||CovertCloak|Protosynthesis|SuckerPunch,RagePowder,Spore,SeedBomb||||||50|,,,,,Water]Raging Bolt||AssaultVest|Protosynthesis|Thunderclap,DragonPulse,WeatherBall,VoltSwitch||||||50|,,,,,Electric\n|inactive|Battle timer is ON: inactive players will automatically lose when time's up. (requested by realcomrade379)\n|inactive|realcomrade379 has 60 seconds left.\n|inactive|Matrod has 60 seconds left.\n|inactive|Matrod has 30 seconds left.\n|\n|t:|1773806692\n|teamsize|p1|4\n|teamsize|p2|4\n|start\n|switch|p1a: Incineroar|Incineroar, L50, F|100/100\n|switch|p1b: Calyrex|Calyrex-Ice, L50|100/100\n|switch|p2a: Brute Bonnet|Brute Bonnet, L50|100/100\n|switch|p2b: Koraidon|Koraidon, L50|100/100\n|-ability|p1b: Calyrex|As One\n|-ability|p1b: Calyrex|Unnerve\n|-weather|SunnyDay|[from] ability: Orichalcum Pulse|[of] p2b: Koraidon\n|-activate|p2a: Brute Bonnet|ability: Protosynthesis\n|-start|p2a: Brute Bonnet|protosynthesisdef\n|-activate|p2b: Koraidon|Orichalcum Pulse|[source]\n|-ability|p1a: Incineroar|Intimidate|boost\n|-unboost|p2a: Brute Bonnet|atk|1\n|-fail|p2b: Koraidon|unboost|[from] item: Clear Amulet|[of] p2b: Koraidon\n|turn|1\n|\n|t:|1773806715\n|switch|p1b: Miraidon|Miraidon, L50|100/100\n|-fieldstart|move: Electric Terrain|[from] ability: Hadron Engine|[of] p1b: Miraidon\n|move|p1a: Incineroar|Fake Out|p2b: Koraidon\n|-damage|p2b: Koraidon|92/100\n|cant|p2b: Koraidon|flinch\n|move|p2a: Brute Bonnet|Spore|p1a: Incineroar\n|-activate|p1a: Incineroar|move: Electric Terrain\n|\n|-weather|SunnyDay|[upkeep]\n|upkeep\n|turn|2\n|\n|t:|1773806735\n|move|p2a: Brute Bonnet|Rage Powder|p2a: Brute Bonnet\n|-singleturn|p2a: Brute Bonnet|move: Rage Powder\n|move|p2b: Koraidon|Collision Course|p1b: Miraidon\n|-damage|p1b: Miraidon|44/100\n|move|p1b: Miraidon|Draco Meteor|p2a: Brute Bonnet\n|-damage|p2a: Brute Bonnet|9/100\n|-unboost|p1b: Miraidon|spa|2\n|move|p1a: Incineroar|Parting Shot|p2a: Brute Bonnet\n|-unboost|p2a: Brute Bonnet|atk|1\n|-unboost|p2a: Brute Bonnet|spa|1\n|\n|t:|1773806746\n|switch|p1a: Calyrex|Calyrex-Ice, L50|100/100|[from] Parting Shot\n|-ability|p1a: Calyrex|As One\n|-ability|p1a: Calyrex|Unnerve\n|\n|-weather|SunnyDay|[upkeep]\n|upkeep\n|turn|3\n|inactive|Matrod has 30 seconds left.\n|\n|t:|1773806772\n|switch|p1b: Landorus|Landorus, L50, M|100/100\n|-terastallize|p2b: Koraidon|Fire\n|-terastallize|p1a: Calyrex|Water\n|move|p2b: Koraidon|Collision Course|p1b: Landorus\n|-resisted|p1b: Landorus\n|-damage|p1b: Landorus|66/100\n|move|p2a: Brute Bonnet|Seed Bomb|p1a: Calyrex\n|-supereffective|p1a: Calyrex\n|-damage|p1a: Calyrex|77/100\n|move|p1a: Calyrex|Glacial Lance|p2a: Brute Bonnet|[spread] p2a,p2b\n|-supereffective|p2a: Brute Bonnet\n|-resisted|p2b: Koraidon\n|-damage|p2a: Brute Bonnet|0 fnt\n|-damage|p2b: Koraidon|69/100\n|faint|p2a: Brute Bonnet\n|-end|p2a: Brute Bonnet|Protosynthesis|[silent]\n|-ability|p1a: Calyrex|Chilling Neigh|boost\n|-boost|p1a: Calyrex|atk|1\n|\n|-weather|SunnyDay|[upkeep]\n|-heal|p1a: Calyrex|83/100|[from] item: Leftovers\n|upkeep\n|\n|t:|1773806781\n|switch|p2a: Raging Bolt|Raging Bolt, L50|100/100\n|-activate|p2a: Raging Bolt|ability: Protosynthesis\n|-start|p2a: Raging Bolt|protosynthesisspa\n|turn|4\n|\n|t:|1773806793\n|switch|p1b: Incineroar|Incineroar, L50, F|100/100\n|-ability|p1b: Incineroar|Intimidate|boost\n|-unboost|p2a: Raging Bolt|atk|1\n|-fail|p2b: Koraidon|unboost|[from] item: Clear Amulet|[of] p2b: Koraidon\n|move|p1a: Calyrex|Protect|p1a: Calyrex\n|-singleturn|p1a: Calyrex|Protect\n|move|p2b: Koraidon|Flare Blitz|p1b: Incineroar\n|-resisted|p1b: Incineroar\n|-damage|p1b: Incineroar|53/100\n|-damage|p2b: Koraidon|53/100|[from] item: Rocky Helmet|[of] p1b: Incineroar\n|-damage|p2b: Koraidon|36/100|[from] Recoil\n|move|p2a: Raging Bolt|Volt Switch|p1b: Incineroar\n|-damage|p1b: Incineroar|0 fnt\n|faint|p1b: Incineroar\n|\n|t:|1773806795\n|-end|p2a: Raging Bolt|Protosynthesis|[silent]\n|switch|p2a: Incineroar|Incineroar, L50, M|100/100|[from] Volt Switch\n|-ability|p2a: Incineroar|Intimidate|boost\n|-unboost|p1a: Calyrex|atk|1\n|\n|-weather|SunnyDay|[upkeep]\n|-heal|p1a: Calyrex|89/100|[from] item: Leftovers\n|upkeep\n|\n|t:|1773806818\n|switch|p1b: Landorus|Landorus, L50, M|66/100\n|turn|5\n|j| Ducktile\n|inactive|realcomrade379 has 30 seconds left.\n|inactive|Matrod has 30 seconds left.\n|inactive|Matrod has 20 seconds left.\n|inactive|Matrod has 15 seconds left.\n|inactive|Matrod has 10 seconds left.\n|j| yzuii\n|inactive|Matrod has 5 seconds left.\n|\n|t:|1773806872\n|move|p1b: Landorus|Protect|p1b: Landorus\n|-singleturn|p1b: Landorus|Protect\n|move|p2a: Incineroar|Fake Out|p1a: Calyrex\n|-damage|p1a: Calyrex|82/100\n|move|p2b: Koraidon|Flare Blitz|p1b: Landorus\n|-activate|p1b: Landorus|move: Protect\n|cant|p1a: Calyrex|flinch\n|\n|-weather|none\n|-heal|p1a: Calyrex|88/100|[from] item: Leftovers\n|-fieldend|move: Electric Terrain\n|upkeep\n|turn|6\n|\n|t:|1773806897\n|switch|p1b: Miraidon|Miraidon, L50|44/100\n|-fieldstart|move: Electric Terrain|[from] ability: Hadron Engine|[of] p1b: Miraidon\n|move|p2b: Koraidon|Flare Blitz|p1b: Miraidon\n|-resisted|p1b: Miraidon\n|-damage|p1b: Miraidon|19/100\n|-damage|p2b: Koraidon|27/100|[from] Recoil\n|move|p2a: Incineroar|Parting Shot|p1a: Calyrex\n|-unboost|p1a: Calyrex|atk|1\n|-unboost|p1a: Calyrex|spa|1\n|\n|t:|1773806898\n|switch|p2a: Raging Bolt|Raging Bolt, L50|100/100|[from] Parting Shot\n|move|p1a: Calyrex|Glacial Lance|p2b: Koraidon|[spread] p2a,p2b\n|-supereffective|p2a: Raging Bolt\n|-resisted|p2b: Koraidon\n|-damage|p2a: Raging Bolt|45/100\n|-damage|p2b: Koraidon|13/100\n|\n|-heal|p1a: Calyrex|94/100|[from] item: Leftovers\n|upkeep\n|turn|7\n|inactive|realcomrade379 has 30 seconds left.\n|j| It'sJustKen VGC\n|\n|t:|1773806926\n|switch|p2b: Incineroar|Incineroar, L50, M|100/100\n|-ability|p2b: Incineroar|Intimidate|boost\n|-unboost|p1a: Calyrex|atk|1\n|-unboost|p1b: Miraidon|atk|1\n|move|p1b: Miraidon|Electro Drift|p2b: Incineroar\n|-damage|p2b: Incineroar|14/100\n|-damage|p1b: Miraidon|3/100|[from] item: Rocky Helmet|[of] p2b: Incineroar\n|move|p2a: Raging Bolt|Volt Switch|p1a: Calyrex\n|-supereffective|p1a: Calyrex\n|-damage|p1a: Calyrex|27/100\n|\n|t:|1773806928\n|-end|p2a: Raging Bolt|Protosynthesis|[silent]\n|switch|p2a: Koraidon|Koraidon, L50, tera:Fire|13/100|[from] Volt Switch\n|-weather|SunnyDay|[from] ability: Orichalcum Pulse|[of] p2a: Koraidon\n|-activate|p2a: Koraidon|Orichalcum Pulse|[source]\n|move|p1a: Calyrex|Glacial Lance|p2b: Incineroar|[spread] p2a,p2b\n|-resisted|p2a: Koraidon\n|-resisted|p2b: Incineroar\n|-damage|p2a: Koraidon|3/100\n|-damage|p2b: Incineroar|2/100\n|\n|-weather|SunnyDay|[upkeep]\n|-heal|p1a: Calyrex|33/100|[from] item: Leftovers\n|upkeep\n|turn|8\n|j| Bllllmads3\n|inactive|realcomrade379 has 30 seconds left.\n|inactive|Matrod has 30 seconds left.\n|inactive|Matrod has 20 seconds left.\n|inactive|Matrod has 15 seconds left.\n|inactive|Matrod has 10 seconds left.\n|j|@Radio Free C-Side\n|j| KnighLt\n|inactive|Matrod has 5 seconds left.\n|\n|t:|1773806980\n|move|p1a: Calyrex|Protect|p1a: Calyrex\n|-singleturn|p1a: Calyrex|Protect\n|move|p2b: Incineroar|Fake Out|p1a: Calyrex\n|-activate|p1a: Calyrex|move: Protect\n|move|p2a: Koraidon|Collision Course|p1b: Miraidon\n|-damage|p1b: Miraidon|0 fnt\n|faint|p1b: Miraidon\n|\n|-weather|SunnyDay|[upkeep]\n|-heal|p1a: Calyrex|38/100|[from] item: Leftovers\n|upkeep\n|\n|t:|1773806986\n|switch|p1b: Landorus|Landorus, L50, M|66/100\n|turn|9\n|inactive|realcomrade379 has 30 seconds left.\n|inactive|Matrod has 30 seconds left.\n|inactive|realcomrade379 has 20 seconds left.\n|inactive|Matrod has 20 seconds left.\n|\n|t:|1773807023\n|move|p2a: Koraidon|Collision Course|p1a: Calyrex\n|-damage|p1a: Calyrex|0 fnt\n|faint|p1a: Calyrex\n|move|p1b: Landorus|Earth Power|p2a: Koraidon\n|-supereffective|p2a: Koraidon\n|-damage|p2a: Koraidon|0 fnt\n|faint|p2a: Koraidon\n|move|p2b: Incineroar|Knock Off|p1b: Landorus\n|-damage|p1b: Landorus|29/100\n|-enditem|p1b: Landorus|Life Orb|[from] move: Knock Off|[of] p2b: Incineroar\n|\n|-weather|SunnyDay|[upkeep]\n|upkeep\n|\n|t:|1773807029\n|switch|p2a: Raging Bolt|Raging Bolt, L50|45/100\n|-activate|p2a: Raging Bolt|ability: Protosynthesis\n|-start|p2a: Raging Bolt|protosynthesisspa\n|turn|10\n|\n|t:|1773807035\n|move|p1b: Landorus|Earth Power|p2a: Raging Bolt\n|-supereffective|p2a: Raging Bolt\n|-damage|p2a: Raging Bolt|0 fnt\n|faint|p2a: Raging Bolt\n|-end|p2a: Raging Bolt|Protosynthesis|[silent]\n|move|p2b: Incineroar|Knock Off|p1b: Landorus\n|-damage|p1b: Landorus|6/100\n|\n|-weather|SunnyDay|[upkeep]\n|-fieldend|move: Electric Terrain\n|upkeep\n|turn|11\n|c|\u2606Matrod|NO\n|c|\u2606realcomrade379|gg\n|\n|t:|1773807048\n|move|p1b: Landorus|Earth Power|p2b: Incineroar\n|-supereffective|p2b: Incineroar\n|-damage|p2b: Incineroar|0 fnt\n|faint|p2b: Incineroar\n|\n|win|realcomrade379\n|n|\u2606realcomrade379|realcomrade379\n|n|\u2606Matrod|matrod\n|n| Ducktile|ducktile\n|n| yzuii|yzuii\n|n| It'sJustKen VGC|itsjustkenvgc\n|n| Bllllmads3|bllllmads3\n|n|+Radio Free C-Side|radiofreecside\n|n| KnighLt|knighlt\n|c|\u2606Matrod|Wow gg\n","uploadtime":1773807050,"views":19,"formatid":"gen9vgc2026regi","rating":null,"private":0,"password":null}