{"id":"gen9vgc2026regi-2525938712","format":"[Gen 9] VGC 2026 Reg I","players":["jpto5","AzureChuck"],"log":"|j|\u2606jpto5\n|j|\u2606AzureChuck\n|t:|1769353821\n|gametype|doubles\n|player|p1|jpto5|1|1191\n|player|p2|AzureChuck|102|1267\n|gen|9\n|tier|[Gen 9] VGC 2026 Reg I\n|rated|\n|rule|Species Clause: Limit one of each Pok\u00e9mon\n|rule|Item Clause: Limit 1 of each item\n|clearpoke\n|poke|p1|Tornadus, L50, M|\n|poke|p1|Kyogre, L50|\n|poke|p1|Zacian-*, L50|\n|poke|p1|Basculegion, L50, M|\n|poke|p1|Kilowattrel, L50, F|\n|poke|p1|Overqwil, L50, F|\n|poke|p2|Miraidon, L50|\n|poke|p2|Iron Bundle, L50|\n|poke|p2|Terapagos, L50, M|\n|poke|p2|Ursaluna, L50, F|\n|poke|p2|Tornadus, L50, M|\n|poke|p2|Incineroar, L50, M|\n|teampreview|4\n|inactive|Battle timer is ON: inactive players will automatically lose when time's up. (requested by jpto5)\n|inactive|jpto5 has 60 seconds left.\n|inactive|AzureChuck has 60 seconds left.\n|inactive|AzureChuck has 30 seconds left.\n|inactive|AzureChuck has 20 seconds left.\n|\n|t:|1769353896\n|teamsize|p1|4\n|teamsize|p2|4\n|start\n|switch|p1a: Kilowattrel|Kilowattrel, L50, F, shiny|100/100\n|switch|p1b: Tornadus|Tornadus, L50, M|100/100\n|switch|p2a: Miraidon|Miraidon, L50|100/100\n|switch|p2b: Tornadus|Tornadus, L50, M, shiny|100/100\n|-fieldstart|move: Electric Terrain|[from] ability: Hadron Engine|[of] p2a: Miraidon\n|turn|1\n|\n|t:|1769353915\n|switch|p2b: Terapagos|Terapagos, L50, M|100/100\n|-activate|p2b: Terapagos|ability: Tera Shift\n|detailschange|p2b: Terapagos|Terapagos-Terastal, L50, M\n|-heal|p2b: Terapagos|100/100|[silent]\n|move|p1b: Tornadus|Taunt|p2b: Terapagos\n|-start|p2b: Terapagos|move: Taunt\n|move|p2a: Miraidon|Volt Switch|p1b: Tornadus\n|-supereffective|p1b: Tornadus\n|-enditem|p1b: Tornadus|Focus Sash\n|-damage|p1b: Tornadus|1/100\n|inactive|AzureChuck has 30 seconds left.\n|\n|t:|1769353941\n|switch|p2a: Tornadus|Tornadus, L50, M, shiny|100/100|[from] Volt Switch\n|move|p1a: Kilowattrel|Thunder|p2b: Terapagos\n|-activate|p2b: Terapagos|ability: Tera Shell\n|-resisted|p2b: Terapagos\n|-damage|p2b: Terapagos|75/100\n|\n|-heal|p2b: Terapagos|82/100|[from] item: Leftovers\n|upkeep\n|turn|2\n|inactive|jpto5 has 30 seconds left.\n|inactive|AzureChuck has 30 seconds left.\n|\n|t:|1769353970\n|switch|p2a: Miraidon|Miraidon, L50|100/100\n|-activate|p2a: Miraidon|ability: Hadron Engine\n|move|p1b: Tornadus|Rain Dance|p1b: Tornadus\n|-weather|RainDance\n|move|p1a: Kilowattrel|Tailwind|p1a: Kilowattrel\n|-sidestart|p1: jpto5|move: Tailwind\n|move|p2b: Terapagos|Tera Starstorm|p1b: Tornadus\n|-damage|p1b: Tornadus|0 fnt\n|faint|p1b: Tornadus\n|\n|-weather|RainDance|[upkeep]\n|-heal|p2b: Terapagos|88/100|[from] item: Leftovers\n|upkeep\n|\n|t:|1769353984\n|switch|p1b: Zacian|Zacian-Crowned, L50|100/100\n|-ability|p1b: Zacian|Intrepid Sword|boost\n|-boost|p1b: Zacian|atk|1\n|turn|3\n|\n|t:|1769354001\n|switch|p2b: Incineroar|Incineroar, L50, M|100/100\n|-ability|p2b: Incineroar|Intimidate|boost\n|-unboost|p1a: Kilowattrel|atk|1\n|-ability|p1a: Kilowattrel|Competitive|boost\n|-boost|p1a: Kilowattrel|spa|2\n|-enditem|p1a: Kilowattrel|Adrenaline Orb\n|-boost|p1a: Kilowattrel|spe|1|[from] item: Adrenaline Orb\n|-unboost|p1b: Zacian|atk|1\n|-terastallize|p2a: Miraidon|Electric\n|move|p1a: Kilowattrel|Thunder|p2b: Incineroar\n|-damage|p2b: Incineroar|40/100\n|move|p1b: Zacian|Play Rough|p2a: Miraidon\n|-damage|p2a: Miraidon|47/100\n|move|p2a: Miraidon|Electro Drift|p1b: Zacian\n|-damage|p1b: Zacian|0 fnt\n|faint|p1b: Zacian\n|\n|-weather|RainDance|[upkeep]\n|upkeep\n|\n|t:|1769354021\n|switch|p1b: Overqwil|Overqwil, L50, F|100/100\n|turn|4\n|\n|t:|1769354043\n|move|p1a: Kilowattrel|Protect|p1a: Kilowattrel\n|-singleturn|p1a: Kilowattrel|Protect\n|move|p1b: Overqwil|Protect|p1b: Overqwil\n|-singleturn|p1b: Overqwil|Protect\n|move|p2b: Incineroar|Fake Out|p1b: Overqwil\n|-activate|p1b: Overqwil|move: Protect\n|move|p2a: Miraidon|Electro Drift|p1b: Overqwil\n|-activate|p1b: Overqwil|move: Protect\n|\n|-weather|RainDance|[upkeep]\n|upkeep\n|turn|5\n|inactive|jpto5 has 30 seconds left.\n|inactive|AzureChuck has 30 seconds left.\n|inactive|jpto5 has 20 seconds left.\n|\n|t:|1769354080\n|switch|p2a: Tornadus|Tornadus, L50, M, shiny|100/100\n|-terastallize|p1b: Overqwil|Water\n|move|p1a: Kilowattrel|Thunder|p2b: Incineroar\n|-damage|p2b: Incineroar|0 fnt\n|faint|p2b: Incineroar\n|move|p1b: Overqwil|Liquidation|p2a: Tornadus\n|-damage|p2a: Tornadus|41/100\n|\n|-weather|RainDance|[upkeep]\n|-sideend|p1: jpto5|move: Tailwind\n|-fieldend|move: Electric Terrain\n|upkeep\n|\n|t:|1769354093\n|switch|p2b: Miraidon|Miraidon, L50, tera:Electric|47/100\n|-fieldstart|move: Electric Terrain|[from] ability: Hadron Engine|[of] p2b: Miraidon\n|turn|6\n|\n|t:|1769354120\n|move|p1b: Overqwil|Protect|p1b: Overqwil\n|-singleturn|p1b: Overqwil|Protect\n|move|p2a: Tornadus|Tailwind|p2a: Tornadus\n|-sidestart|p2: AzureChuck|move: Tailwind\n|move|p2b: Miraidon|Electro Drift|p1a: Kilowattrel\n|-damage|p1a: Kilowattrel|0 fnt\n|faint|p1a: Kilowattrel\n|\n|-weather|none\n|upkeep\n|turn|7\n|\n|t:|1769354134\n|move|p2a: Tornadus|Taunt|p1b: Overqwil\n|-start|p1b: Overqwil|move: Taunt\n|move|p2b: Miraidon|Electro Drift|p1b: Overqwil\n|-supereffective|p1b: Overqwil\n|-damage|p1b: Overqwil|0 fnt\n|faint|p1b: Overqwil\n|\n|win|AzureChuck\n|raw|jpto5's rating: 1191 &rarr; <strong>1171</strong><br />(-20 for losing)\n|raw|AzureChuck's rating: 1267 &rarr; <strong>1287</strong><br />(+20 for winning)\n|l|\u2606jpto5\n|player|p1|\n","uploadtime":1769354388,"views":11,"formatid":"gen9vgc2026regi","rating":1171,"private":0,"password":null}