{"id":"gen9vgc2026regi-2538072009","format":"[Gen 9] VGC 2026 Reg I","players":["Galact7adi","EllenJoe2026"],"log":"|j|\u2606Galact7adi\n|j|\u2606EllenJoe2026\n|t:|1770888192\n|gametype|doubles\n|player|p1|Galact7adi|170|1325\n|player|p2|EllenJoe2026|iono|1468\n|gen|9\n|tier|[Gen 9] VGC 2026 Reg I\n|rated|\n|rule|Species Clause: Limit one of each Pok\u00e9mon\n|rule|Item Clause: Limit 1 of each item\n|clearpoke\n|poke|p1|Brute Bonnet, L50|\n|poke|p1|Lunala, L50|\n|poke|p1|Ursaluna, L50, M|\n|poke|p1|Chi-Yu, L50|\n|poke|p1|Koraidon, L50|\n|poke|p1|Flutter Mane, L50|\n|poke|p2|Kyogre, L50|\n|poke|p2|Calyrex-Shadow, L50|\n|poke|p2|Indeedee-F, L50, F|\n|poke|p2|Tornadus, L50, M|\n|poke|p2|Urshifu-*, L50, F|\n|poke|p2|Smeargle, L50, F|\n|teampreview|4\n|inactive|Battle timer is ON: inactive players will automatically lose when time's up. (requested by Galact7adi)\n|inactive|EllenJoe2026 also wants the timer to be on.\n|\n|t:|1770888206\n|teamsize|p1|4\n|teamsize|p2|4\n|start\n|switch|p1a: Lunala|Lunala, L50|100/100\n|switch|p1b: Brute Bonnet|Brute Bonnet, L50|100/100\n|switch|p2a: Calyrex|Calyrex-Shadow, L50|100/100\n|switch|p2b: Smeargle|Smeargle, L50, F, shiny|100/100\n|-ability|p2a: Calyrex|As One\n|-ability|p2a: Calyrex|Unnerve\n|turn|1\n|inactive|EllenJoe2026 has 30 seconds left.\n|j| lunala fairy ghost\n|\n|t:|1770888234\n|-end|p1b: Brute Bonnet|Protosynthesis|[silent]\n|switch|p1b: Ursaluna|Ursaluna, L50, M|100/100\n|-terastallize|p1a: Lunala|Water\n|move|p2a: Calyrex|Trick|p1b: Ursaluna\n|-activate|p2a: Calyrex|move: Trick|[of] p1b: Ursaluna\n|-item|p1b: Ursaluna|Choice Specs|[from] move: Trick\n|-item|p2a: Calyrex|Flame Orb|[from] move: Trick\n|move|p2b: Smeargle|Spore|p1a: Lunala\n|-status|p1a: Lunala|slp|[from] move: Spore\n|cant|p1a: Lunala|slp\n|\n|-status|p2a: Calyrex|brn|[from] item: Flame Orb\n|upkeep\n|turn|2\n|l| lunala fairy ghost\n|inactive|Galact7adi has 30 seconds left.\n|\n|t:|1770888265\n|move|p2a: Calyrex|Expanding Force|p1a: Lunala\n|-damage|p1a: Lunala|83/100 slp\n|move|p2b: Smeargle|Spore|p1b: Ursaluna\n|-status|p1b: Ursaluna|slp|[from] move: Spore\n|-curestatus|p1a: Lunala|slp|[msg]\n|move|p1a: Lunala|Moongeist Beam|p2a: Calyrex\n|-supereffective|p2a: Calyrex\n|-damage|p2a: Calyrex|0 fnt\n|faint|p2a: Calyrex\n|cant|p1b: Ursaluna|slp\n|\n|upkeep\n|\n|t:|1770888280\n|switch|p2a: Kyogre|Kyogre, L50, shiny|100/100\n|-weather|RainDance|[from] ability: Drizzle|[of] p2a: Kyogre\n|turn|3\n|\n|t:|1770888304\n|-terastallize|p2a: Kyogre|Water\n|move|p1a: Lunala|Wide Guard|p1a: Lunala\n|-singleturn|p1a: Lunala|Wide Guard\n|move|p2a: Kyogre|Water Spout|p1b: Ursaluna|[spread] \n|-activate|p1a: Lunala|move: Wide Guard\n|-activate|p1b: Ursaluna|move: Wide Guard\n|move|p2b: Smeargle|Spore|p1a: Lunala\n|-status|p1a: Lunala|slp|[from] move: Spore\n|cant|p1b: Ursaluna|slp\n|\n|-weather|RainDance|[upkeep]\n|upkeep\n|turn|4\n|\n|t:|1770888322\n|switch|p1b: Brute Bonnet|Brute Bonnet, L50|100/100\n|move|p2a: Kyogre|Water Spout|p1b: Brute Bonnet|[spread] p1a,p1b\n|-resisted|p1a: Lunala\n|-resisted|p1b: Brute Bonnet\n|-damage|p1a: Lunala|37/100 slp\n|-damage|p1b: Brute Bonnet|49/100\n|-enditem|p1b: Brute Bonnet|Sitrus Berry|[eat]\n|-heal|p1b: Brute Bonnet|74/100|[from] item: Sitrus Berry\n|move|p2b: Smeargle|Spore|p1b: Brute Bonnet\n|-immune|p1b: Brute Bonnet\n|cant|p1a: Lunala|slp\n|\n|-weather|RainDance|[upkeep]\n|upkeep\n|turn|5\n|\n|t:|1770888341\n|cant|p1a: Lunala|slp\n|move|p2b: Smeargle|Follow Me|p2b: Smeargle\n|-singleturn|p2b: Smeargle|move: Follow Me\n|move|p2a: Kyogre|Water Spout|p1b: Brute Bonnet|[spread] p1a,p1b\n|-resisted|p1a: Lunala\n|-resisted|p1b: Brute Bonnet\n|-damage|p1a: Lunala|0 fnt\n|-damage|p1b: Brute Bonnet|26/100\n|faint|p1a: Lunala\n|move|p1b: Brute Bonnet|Seed Bomb|p2b: Smeargle\n|-enditem|p2b: Smeargle|Focus Sash\n|-damage|p2b: Smeargle|1/100\n|\n|-weather|RainDance|[upkeep]\n|upkeep\n|\n|t:|1770888347\n|switch|p1a: Koraidon|Koraidon, L50|100/100\n|-weather|SunnyDay|[from] ability: Orichalcum Pulse|[of] p1a: Koraidon\n|-activate|p1b: Brute Bonnet|ability: Protosynthesis\n|-start|p1b: Brute Bonnet|protosynthesisdef\n|-activate|p1a: Koraidon|Orichalcum Pulse|[source]\n|turn|6\n|\n|t:|1770888365\n|switch|p2a: Tornadus|Tornadus, L50, M, shiny|100/100\n|move|p1a: Koraidon|Protect|p1a: Koraidon\n|-singleturn|p1a: Koraidon|Protect\n|move|p2b: Smeargle|Spore|p1a: Koraidon\n|-activate|p1a: Koraidon|move: Protect\n|move|p1b: Brute Bonnet|Seed Bomb|p2a: Tornadus\n|-resisted|p2a: Tornadus\n|-damage|p2a: Tornadus|84/100\n|\n|-weather|SunnyDay|[upkeep]\n|upkeep\n|turn|7\n|inactive|Galact7adi has 30 seconds left.\n|\n|t:|1770888392\n|move|p1b: Brute Bonnet|Rage Powder|p1b: Brute Bonnet\n|-singleturn|p1b: Brute Bonnet|move: Rage Powder\n|move|p2a: Tornadus|Tailwind|p2a: Tornadus\n|-sidestart|p2: EllenJoe2026|move: Tailwind\n|move|p2b: Smeargle|Spore|p1b: Brute Bonnet\n|-immune|p1b: Brute Bonnet\n|move|p1a: Koraidon|Flame Charge|p2b: Smeargle\n|-damage|p2b: Smeargle|0 fnt\n|-boost|p1a: Koraidon|spe|1\n|faint|p2b: Smeargle\n|-damage|p1a: Koraidon|91/100|[from] item: Life Orb\n|\n|-weather|SunnyDay|[upkeep]\n|upkeep\n|\n|t:|1770888396\n|switch|p2b: Kyogre|Kyogre, L50, shiny, tera:Water|100/100\n|-weather|RainDance|[from] ability: Drizzle|[of] p2b: Kyogre\n|-end|p1b: Brute Bonnet|Protosynthesis\n|turn|8\n|\n|t:|1770888410\n|switch|p1a: Ursaluna|Ursaluna, L50, M|100/100 slp\n|move|p1b: Brute Bonnet|Sucker Punch|p2b: Kyogre\n|-damage|p2b: Kyogre|65/100\n|move|p2b: Kyogre|Ice Beam|p1a: Ursaluna\n|-supereffective|p1a: Ursaluna\n|-damage|p1a: Ursaluna|35/100 slp\n|move|p2a: Tornadus|Icy Wind|p1b: Brute Bonnet|[spread] p1a,p1b\n|-supereffective|p1a: Ursaluna\n|-supereffective|p1b: Brute Bonnet\n|-damage|p1a: Ursaluna|14/100 slp\n|-damage|p1b: Brute Bonnet|6/100\n|-unboost|p1a: Ursaluna|spe|1\n|-unboost|p1b: Brute Bonnet|spe|1\n|\n|-weather|RainDance|[upkeep]\n|upkeep\n|turn|9\n|\n|t:|1770888428\n|cant|p1a: Ursaluna|slp\n|move|p1b: Brute Bonnet|Sucker Punch|p2b: Kyogre\n|-damage|p2b: Kyogre|29/100\n|move|p2b: Kyogre|Ice Beam|p1a: Ursaluna\n|-supereffective|p1a: Ursaluna\n|-damage|p1a: Ursaluna|0 fnt\n|faint|p1a: Ursaluna\n|move|p2a: Tornadus|Icy Wind|p1b: Brute Bonnet\n|-supereffective|p1b: Brute Bonnet\n|-damage|p1b: Brute Bonnet|0 fnt\n|faint|p1b: Brute Bonnet\n|-end|p1b: Brute Bonnet|Protosynthesis|[silent]\n|\n|-weather|RainDance|[upkeep]\n|upkeep\n|\n|t:|1770888433\n|switch|p1b: Koraidon|Koraidon, L50|91/100\n|-weather|SunnyDay|[from] ability: Orichalcum Pulse|[of] p1b: Koraidon\n|-activate|p1b: Koraidon|Orichalcum Pulse|[source]\n|turn|10\n|\n|t:|1770888451\n|move|p2a: Tornadus|Rain Dance|p2a: Tornadus\n|-weather|RainDance\n|move|p2b: Kyogre|Ice Beam|p1b: Koraidon\n|-supereffective|p1b: Koraidon\n|-damage|p1b: Koraidon|16/100\n|move|p1b: Koraidon|Flare Blitz|p2a: Tornadus\n|-damage|p2a: Tornadus|56/100\n|-status|p2a: Tornadus|brn\n|-damage|p1b: Koraidon|7/100|[from] Recoil\n|-damage|p1b: Koraidon|0 fnt|[from] item: Life Orb\n|faint|p1b: Koraidon\n|\n|win|EllenJoe2026\n|raw|Galact7adi's rating: 1325 &rarr; <strong>1313</strong><br />(-12 for losing)\n|raw|EllenJoe2026's rating: 1468 &rarr; <strong>1480</strong><br />(+12 for winning)\n|l|\u2606Galact7adi\n|player|p1|\n|l|\u2606EllenJoe2026\n|player|p2|\n","uploadtime":1770888707,"views":13,"formatid":"gen9vgc2026regi","rating":1313,"private":0,"password":null}