{"id":"gen9vgc2026regi-2548373387","format":"[Gen 9] VGC 2026 Reg I","players":["thegreatestgalar","Schimmli"],"log":"|j|\u2606thegreatestgalar\n|j|\u2606Schimmli\n|t:|1772208620\n|gametype|doubles\n|player|p1|thegreatestgalar|veteran|1399\n|player|p2|Schimmli|265|1436\n|gen|9\n|tier|[Gen 9] VGC 2026 Reg I\n|rated|\n|rule|Species Clause: Limit one of each Pok\u00e9mon\n|rule|Item Clause: Limit 1 of each item\n|clearpoke\n|poke|p1|Calyrex-Ice, L50|\n|poke|p1|Groudon, L50|\n|poke|p1|Rillaboom, L50, M|\n|poke|p1|Raging Bolt, L50|\n|poke|p1|Jumpluff, L50, M|\n|poke|p1|Typhlosion-Hisui, L50, M|\n|poke|p2|Terapagos, L50, M|\n|poke|p2|Calyrex-Shadow, L50|\n|poke|p2|Flutter Mane, L50|\n|poke|p2|Ogerpon-Cornerstone, L50, F|\n|poke|p2|Incineroar, L50, F|\n|poke|p2|Rillaboom, L50, M|\n|teampreview|4\n|inactive|Battle timer is ON: inactive players will automatically lose when time's up. (requested by thegreatestgalar)\n|\n|t:|1772208696\n|teamsize|p1|4\n|teamsize|p2|4\n|start\n|switch|p1a: Groudon|Groudon, L50|100/100\n|switch|p1b: Typhlosion|Typhlosion-Hisui, L50, M|100/100\n|switch|p2a: Terapagos|Terapagos, L50, M|100/100\n|switch|p2b: Flutter Mane|Flutter Mane, L50|100/100\n|-activate|p2a: Terapagos|ability: Tera Shift\n|detailschange|p2a: Terapagos|Terapagos-Terastal, L50, M\n|-heal|p2a: Terapagos|100/100|[silent]\n|-item|p2a: Terapagos|Leftovers|[from] ability: Frisk|[of] p1b: Typhlosion\n|-item|p2b: Flutter Mane|Booster Energy|[from] ability: Frisk|[of] p1b: Typhlosion\n|-weather|SunnyDay|[from] ability: Drought|[of] p1a: Groudon\n|-activate|p2b: Flutter Mane|ability: Protosynthesis\n|-start|p2b: Flutter Mane|protosynthesisspe\n|turn|1\n|\n|t:|1772208715\n|switch|p1a: Raging Bolt|Raging Bolt, L50|100/100\n|-activate|p1a: Raging Bolt|ability: Protosynthesis\n|-start|p1a: Raging Bolt|protosynthesisspa\n|-terastallize|p2a: Terapagos|Stellar\n|detailschange|p2a: Terapagos|Terapagos-Stellar, L50, M, tera:Stellar\n|-heal|p2a: Terapagos|100/100|[silent]\n|-ability|p2a: Terapagos|Teraform Zero\n|-weather|none\n|-end|p2b: Flutter Mane|Protosynthesis\n|-end|p1a: Raging Bolt|Protosynthesis\n|-enditem|p2b: Flutter Mane|Booster Energy\n|-activate|p2b: Flutter Mane|ability: Protosynthesis|[fromitem]\n|-start|p2b: Flutter Mane|protosynthesisspe\n|move|p2b: Flutter Mane|Protect|p2b: Flutter Mane\n|-singleturn|p2b: Flutter Mane|Protect\n|move|p1b: Typhlosion|Heat Wave|p2b: Flutter Mane|[spread] p2a\n|-activate|p2b: Flutter Mane|move: Protect\n|-damage|p2a: Terapagos|79/100\n|move|p2a: Terapagos|Calm Mind|p2a: Terapagos\n|-boost|p2a: Terapagos|spa|1\n|-boost|p2a: Terapagos|spd|1\n|\n|-heal|p2a: Terapagos|86/100|[from] item: Leftovers\n|upkeep\n|turn|2\n|inactive|thegreatestgalar has 30 seconds left.\n|inactive|thegreatestgalar has 20 seconds left.\n|inactive|thegreatestgalar has 15 seconds left.\n|\n|t:|1772208758\n|switch|p1b: Groudon|Groudon, L50|100/100\n|-weather|SunnyDay|[from] ability: Drought|[of] p1b: Groudon\n|-activate|p1a: Raging Bolt|ability: Protosynthesis\n|-start|p1a: Raging Bolt|protosynthesisspa\n|-terastallize|p1a: Raging Bolt|Electric\n|move|p1a: Raging Bolt|Thunderclap|p2b: Flutter Mane\n|-damage|p2b: Flutter Mane|21/100\n|-damage|p1a: Raging Bolt|91/100|[from] item: Life Orb\n|move|p2b: Flutter Mane|Moonblast|p1a: Raging Bolt\n|-damage|p1a: Raging Bolt|54/100\n|-unboost|p1a: Raging Bolt|spa|1\n|move|p2a: Terapagos|Tera Starstorm|p1a: Raging Bolt|[spread] p1a,p1b\n|-supereffective|p1a: Raging Bolt\n|-damage|p1a: Raging Bolt|0 fnt\n|-damage|p1b: Groudon|57/100\n|faint|p1a: Raging Bolt\n|-end|p1a: Raging Bolt|Protosynthesis|[silent]\n|\n|-weather|SunnyDay|[upkeep]\n|-heal|p2a: Terapagos|92/100|[from] item: Leftovers\n|upkeep\n|\n|t:|1772208773\n|switch|p1a: Jumpluff|Jumpluff, L50, M|100/100\n|turn|3\n|\n|t:|1772208788\n|move|p1b: Groudon|Protect|p1b: Groudon\n|-singleturn|p1b: Groudon|Protect\n|move|p1a: Jumpluff|Sleep Powder|p2a: Terapagos\n|-status|p2a: Terapagos|slp|[from] move: Sleep Powder\n|move|p2b: Flutter Mane|Taunt|p1a: Jumpluff\n|-start|p1a: Jumpluff|move: Taunt\n|cant|p2a: Terapagos|slp\n|\n|-weather|SunnyDay|[upkeep]\n|-heal|p2a: Terapagos|98/100 slp|[from] item: Leftovers\n|upkeep\n|turn|4\n|\n|t:|1772208807\n|switch|p1a: Typhlosion|Typhlosion-Hisui, L50, M|100/100\n|-item|p2a: Terapagos|Leftovers|[from] ability: Frisk|[of] p1a: Typhlosion\n|move|p2b: Flutter Mane|Moonblast|p1b: Groudon\n|-damage|p1b: Groudon|23/100\n|-unboost|p1b: Groudon|spa|1\n|-enditem|p1b: Groudon|Sitrus Berry|[eat]\n|-heal|p1b: Groudon|48/100|[from] item: Sitrus Berry\n|cant|p2a: Terapagos|slp\n|move|p1b: Groudon|Precipice Blades|p2a: Terapagos|[spread] p2a,p2b\n|-damage|p2a: Terapagos|70/100 slp\n|-damage|p2b: Flutter Mane|0 fnt\n|faint|p2b: Flutter Mane\n|-end|p2b: Flutter Mane|Protosynthesis|[silent]\n|\n|-weather|SunnyDay|[upkeep]\n|-heal|p2a: Terapagos|76/100 slp|[from] item: Leftovers\n|upkeep\n|\n|t:|1772208825\n|switch|p2b: Incineroar|Incineroar, L50, F, shiny|100/100\n|-ability|p2b: Incineroar|Intimidate|boost\n|-unboost|p1a: Typhlosion|atk|1\n|-unboost|p1b: Groudon|atk|1\n|turn|5\n|\n|t:|1772208834\n|move|p2b: Incineroar|Fake Out|p1b: Groudon\n|-damage|p1b: Groudon|42/100\n|move|p1a: Typhlosion|Eruption|p2b: Incineroar|[spread] p2a,p2b\n|-resisted|p2b: Incineroar\n|-damage|p2a: Terapagos|40/100 slp\n|-damage|p2b: Incineroar|64/100\n|cant|p2a: Terapagos|slp\n|cant|p1b: Groudon|flinch\n|\n|-weather|SunnyDay|[upkeep]\n|-heal|p2a: Terapagos|46/100 slp|[from] item: Leftovers\n|upkeep\n|turn|6\n|\n|t:|1772208849\n|move|p1a: Typhlosion|Eruption|p2a: Terapagos|[spread] p2a,p2b\n|-resisted|p2b: Incineroar\n|-damage|p2a: Terapagos|11/100 slp\n|-damage|p2b: Incineroar|27/100\n|-curestatus|p2a: Terapagos|slp|[msg]\n|move|p2a: Terapagos|Tera Starstorm|p1a: Typhlosion|[spread] p1a,p1b\n|-damage|p1a: Typhlosion|35/100\n|-damage|p1b: Groudon|0 fnt\n|faint|p1b: Groudon\n|move|p2b: Incineroar|Knock Off|p1a: Typhlosion\n|-supereffective|p1a: Typhlosion\n|-damage|p1a: Typhlosion|0 fnt\n|-enditem|p1a: Typhlosion|Choice Scarf|[from] move: Knock Off|[of] p2b: Incineroar\n|faint|p1a: Typhlosion\n|\n|-weather|none\n|-heal|p2a: Terapagos|17/100|[from] item: Leftovers\n|upkeep\n|-message|thegreatestgalar forfeited.\n|\n|win|Schimmli\n|raw|thegreatestgalar's rating: 1399 &rarr; <strong>1381</strong><br />(-18 for losing)\n|raw|Schimmli's rating: 1436 &rarr; <strong>1454</strong><br />(+18 for winning)\n|l|\u2606thegreatestgalar\n|player|p1|\n|l|\u2606Schimmli\n|player|p2|\n","uploadtime":1772209013,"views":16,"formatid":"gen9vgc2026regi","rating":1381,"private":0,"password":null}