{"id":"gen9vgc2026regi-2555699461","format":"[Gen 9] VGC 2026 Reg I","players":["ConnerTEP","g0dGun"],"log":"|j|\u2606ConnerTEP\n|j|\u2606g0dGun\n|t:|1773120838\n|gametype|doubles\n|player|p1|ConnerTEP|acerola-masters2|1423\n|player|p2|g0dGun|blue|1533\n|gen|9\n|tier|[Gen 9] VGC 2026 Reg I\n|rated|\n|rule|Species Clause: Limit one of each Pok\u00e9mon\n|rule|Item Clause: Limit 1 of each item\n|clearpoke\n|poke|p1|Groudon, L50|\n|poke|p1|Giratina-Origin, L50|\n|poke|p1|Walking Wake, L50|\n|poke|p1|Volcarona, L50, F|\n|poke|p1|Chien-Pao, L50|\n|poke|p1|Jumpluff, L50, F|\n|poke|p2|Hitmontop, L50, M|\n|poke|p2|Terapagos, L50, M|\n|poke|p2|Calyrex-Shadow, L50|\n|poke|p2|Ogerpon-Cornerstone, L50, F|\n|poke|p2|Urshifu-*, L50, F|\n|poke|p2|Whimsicott, L50, F|\n|teampreview|4\n|inactive|Battle timer is ON: inactive players will automatically lose when time's up. (requested by ConnerTEP)\n|inactive|g0dGun also wants the timer to be on.\n|\n|t:|1773120855\n|teamsize|p1|4\n|teamsize|p2|4\n|start\n|switch|p1a: Groudon|Groudon, L50|100/100\n|switch|p1b: Jumpluff|Jumpluff, L50, F|100/100\n|switch|p2a: Ogerpon|Ogerpon-Cornerstone, L50, F|100/100\n|switch|p2b: Terapagos|Terapagos, L50, M|100/100\n|-activate|p2b: Terapagos|ability: Tera Shift\n|detailschange|p2b: Terapagos|Terapagos-Terastal, L50, M\n|-heal|p2b: Terapagos|100/100|[silent]\n|-weather|SunnyDay|[from] ability: Drought|[of] p1a: Groudon\n|turn|1\n|\n|t:|1773120870\n|move|p2a: Ogerpon|Follow Me|p2a: Ogerpon\n|-singleturn|p2a: Ogerpon|move: Follow Me\n|move|p1b: Jumpluff|Tailwind|p1b: Jumpluff\n|-sidestart|p1: ConnerTEP|move: Tailwind\n|move|p1a: Groudon|Earthquake|p2b: Terapagos|[spread] p2a,p2b\n|-immune|p1b: Jumpluff\n|-activate|p2b: Terapagos|ability: Tera Shell\n|-resisted|p2b: Terapagos\n|-damage|p2a: Ogerpon|39/100\n|-damage|p2b: Terapagos|80/100\n|move|p2b: Terapagos|Rock Polish|p2b: Terapagos\n|-boost|p2b: Terapagos|spe|2\n|\n|-weather|SunnyDay|[upkeep]\n|upkeep\n|turn|2\n|\n|t:|1773120893\n|move|p2a: Ogerpon|Follow Me|p2a: Ogerpon\n|-singleturn|p2a: Ogerpon|move: Follow Me\n|move|p1b: Jumpluff|Encore|p2a: Ogerpon\n|-start|p2a: Ogerpon|Encore\n|move|p1a: Groudon|Earthquake|p2b: Terapagos|[spread] p2a,p2b\n|-immune|p1b: Jumpluff\n|-damage|p2a: Ogerpon|0 fnt\n|-damage|p2b: Terapagos|40/100\n|faint|p2a: Ogerpon\n|move|p2b: Terapagos|Tera Starstorm|p1b: Jumpluff\n|-damage|p1b: Jumpluff|37/100\n|\n|-weather|SunnyDay|[upkeep]\n|upkeep\n|\n|t:|1773120908\n|switch|p2a: Hitmontop|Hitmontop, L50, M|100/100\n|-ability|p2a: Hitmontop|Intimidate|boost\n|-unboost|p1a: Groudon|atk|1\n|-unboost|p1b: Jumpluff|atk|1\n|turn|3\n|\n|t:|1773120917\n|switch|p1a: Chien-Pao|Chien-Pao, L50|100/100\n|-ability|p1a: Chien-Pao|Sword of Ruin\n|-terastallize|p2b: Terapagos|Stellar\n|detailschange|p2b: Terapagos|Terapagos-Stellar, L50, M, tera:Stellar\n|-heal|p2b: Terapagos|55/100|[silent]\n|-ability|p2b: Terapagos|Teraform Zero\n|-weather|none\n|move|p2a: Hitmontop|Fake Out|p1a: Chien-Pao\n|-damage|p1a: Chien-Pao|88/100\n|move|p1b: Jumpluff|Sleep Powder|p2b: Terapagos\n|-status|p2b: Terapagos|slp|[from] move: Sleep Powder\n|cant|p2b: Terapagos|slp\n|\n|upkeep\n|turn|4\n|\n|t:|1773120938\n|move|p1a: Chien-Pao|Ice Spinner|p2b: Terapagos\n|-damage|p2b: Terapagos|21/100 slp\n|move|p1b: Jumpluff|Encore|p2a: Hitmontop\n|-start|p2a: Hitmontop|Encore\n|-curestatus|p2b: Terapagos|slp|[msg]\n|move|p2b: Terapagos|Tera Starstorm|p1a: Chien-Pao|[spread] p1a,p1b\n|-damage|p1a: Chien-Pao|19/100\n|-damage|p1b: Jumpluff|0 fnt\n|faint|p1b: Jumpluff\n|move|p2a: Hitmontop|Fake Out||[still]\n|-hint|Fake Out only works on your first turn out.\n|-fail|p2a: Hitmontop\n|\n|-sideend|p1: ConnerTEP|move: Tailwind\n|upkeep\n|\n|t:|1773120947\n|switch|p1b: Giratina|Giratina-Origin, L50|100/100\n|turn|5\n|\n|t:|1773120958\n|switch|p2a: Calyrex|Calyrex-Shadow, L50|100/100\n|-ability|p2a: Calyrex|As One\n|-ability|p2a: Calyrex|Unnerve\n|move|p2b: Terapagos|Tera Starstorm|p1a: Chien-Pao|[spread] p1a,p1b\n|-damage|p1a: Chien-Pao|0 fnt\n|-damage|p1b: Giratina|71/100\n|faint|p1a: Chien-Pao\n|move|p1b: Giratina|Phantom Force||[still]\n|-prepare|p1b: Giratina|Phantom Force\n|\n|upkeep\n|\n|t:|1773120961\n|switch|p1a: Groudon|Groudon, L50|100/100\n|-weather|SunnyDay|[from] ability: Drought|[of] p1a: Groudon\n|turn|6\n|j| globalfish39\n|\n|t:|1773120978\n|switch|p2a: Hitmontop|Hitmontop, L50, M|100/100\n|-ability|p2a: Hitmontop|Intimidate|boost\n|-unboost|p1a: Groudon|atk|1\n|-unboost|p1b: Giratina|atk|1\n|move|p2b: Terapagos|Protect|p2b: Terapagos\n|-singleturn|p2b: Terapagos|Protect\n|move|p1a: Groudon|Earthquake|p2b: Terapagos|[spread] p2a\n|-miss|p1a: Groudon|p1b: Giratina\n|-activate|p2b: Terapagos|move: Protect\n|-damage|p2a: Hitmontop|66/100\n|-enditem|p2a: Hitmontop|Eject Button\n|\n|t:|1773120990\n|switch|p2a: Calyrex|Calyrex-Shadow, L50|100/100\n|-ability|p2a: Calyrex|As One\n|-ability|p2a: Calyrex|Unnerve\n|move|p1b: Giratina|Phantom Force|p2a: Calyrex|[from] lockedmove\n|-supereffective|p2a: Calyrex\n|-enditem|p2a: Calyrex|Focus Sash\n|-damage|p2a: Calyrex|1/100\n|\n|-weather|SunnyDay|[upkeep]\n|upkeep\n|turn|7\n|\n|t:|1773121005\n|move|p1b: Giratina|Shadow Sneak|p2a: Calyrex\n|-supereffective|p2a: Calyrex\n|-damage|p2a: Calyrex|0 fnt\n|faint|p2a: Calyrex\n|move|p2b: Terapagos|Tera Starstorm|p1b: Giratina|[spread] p1a,p1b\n|-damage|p1a: Groudon|73/100\n|-damage|p1b: Giratina|41/100\n|move|p1a: Groudon|Earthquake|p2b: Terapagos|[spread] p2b\n|-immune|p1b: Giratina|[from] ability: Levitate\n|-damage|p2b: Terapagos|0 fnt\n|faint|p2b: Terapagos\n|detailschange|p2: Terapagos|Terapagos, L50, M|[silent]\n|\n|-weather|SunnyDay|[upkeep]\n|upkeep\n|l|\u2606g0dGun\n|inactive|g0dGun disconnected and has a minute to reconnect!\n|player|p2|\n|inactive|g0dGun has 30 seconds left.\n|inactive|g0dGun has 20 seconds left.\n|inactive|g0dGun has 15 seconds left.\n|inactive|g0dGun has 10 seconds left.\n|inactive|g0dGun has 5 seconds left.\n|-message|g0dGun lost due to inactivity.\n|\n|win|ConnerTEP\n|raw|ConnerTEP's rating: 1423 &rarr; <strong>1449</strong><br />(+26 for winning)\n|raw|g0dGun's rating: 1533 &rarr; <strong>1507</strong><br />(-26 for losing)\n|l|\u2606ConnerTEP\n|player|p1|\n","uploadtime":1773121298,"views":20,"formatid":"gen9vgc2026regi","rating":1449,"private":0,"password":null}