{"id":"gen9vgc2026regi-2569122437","format":"[Gen 9] VGC 2026 Reg I","players":["daveyboy8796","platinumtower"],"log":"|j|\u2606daveyboy8796\n|j|\u2606platinumtower\n|t:|1774650959\n|gametype|doubles\n|player|p1|daveyboy8796|102|1102\n|player|p2|platinumtower|dawn|1150\n|gen|9\n|tier|[Gen 9] VGC 2026 Reg I\n|rated|\n|rule|Species Clause: Limit one of each Pok\u00e9mon\n|rule|Item Clause: Limit 1 of each item\n|clearpoke\n|poke|p1|Blastoise, L50, M|\n|poke|p1|Terapagos, L50, M|\n|poke|p1|Torterra, L50, M|\n|poke|p1|Enamorus-Therian, L50, F|\n|poke|p1|Torkoal, L50, F|\n|poke|p1|Incineroar, L50, F|\n|poke|p2|Lunala, L50|\n|poke|p2|Koraidon, L50|\n|poke|p2|Landorus-Therian, L50, M|\n|poke|p2|Kingambit, L50, F|\n|poke|p2|Indeedee-F, L50, F|\n|poke|p2|Venusaur, L50, F|\n|teampreview|4\n|c|\u2606platinumtower|Turtle Team!\n|c|\u2606platinumtower|And Incineroar\n|c|\u2606daveyboy8796|a work in progress lol\n|\n|t:|1774651015\n|teamsize|p1|4\n|teamsize|p2|4\n|start\n|switch|p1a: Blastoise|Blastoise, L50, M|100/100\n|switch|p1b: Terapagos|Terapagos, L50, M|100/100\n|switch|p2a: Lunala|Lunala, L50|100/100\n|switch|p2b: Venusaur|Venusaur, L50, F|100/100\n|-activate|p1b: Terapagos|ability: Tera Shift\n|detailschange|p1b: Terapagos|Terapagos-Terastal, L50, M\n|-heal|p1b: Terapagos|100/100|[silent]\n|turn|1\n|\n|t:|1774651031\n|move|p1a: Blastoise|Fake Out|p2b: Venusaur\n|-damage|p2b: Venusaur|89/100\n|cant|p2b: Venusaur|flinch\n|move|p2a: Lunala|Meteor Beam||[still]\n|-prepare|p2a: Lunala|Meteor Beam\n|-boost|p2a: Lunala|spa|1\n|-enditem|p2a: Lunala|Power Herb\n|-anim|p2a: Lunala|Meteor Beam|p1b: Terapagos\n|-activate|p1b: Terapagos|ability: Tera Shell\n|-resisted|p1b: Terapagos\n|-damage|p1b: Terapagos|72/100\n|move|p1b: Terapagos|Calm Mind|p1b: Terapagos\n|-boost|p1b: Terapagos|spa|1\n|-boost|p1b: Terapagos|spd|1\n|\n|upkeep\n|turn|2\n|\n|t:|1774651049\n|switch|p2b: Indeedee|Indeedee-F, L50, F|100/100\n|-fieldstart|move: Psychic Terrain|[from] ability: Psychic Surge|[of] p2b: Indeedee\n|-terastallize|p1b: Terapagos|Stellar\n|detailschange|p1b: Terapagos|Terapagos-Stellar, L50, M, tera:Stellar\n|-heal|p1b: Terapagos|79/100|[silent]\n|-ability|p1b: Terapagos|Teraform Zero\n|-fieldend|move: Psychic Terrain\n|move|p2a: Lunala|Expanding Force|p1a: Blastoise\n|-damage|p1a: Blastoise|52/100\n|move|p1b: Terapagos|Tera Starstorm|p2a: Lunala|[spread] p2a,p2b\n|-damage|p2a: Lunala|79/100\n|-damage|p2b: Indeedee|39/100\n|move|p1a: Blastoise|Icy Wind|p2b: Indeedee|[spread] p2a,p2b\n|-damage|p2a: Lunala|73/100\n|-damage|p2b: Indeedee|30/100\n|-unboost|p2a: Lunala|spe|1\n|-unboost|p2b: Indeedee|spe|1\n|\n|-heal|p1a: Blastoise|58/100|[from] item: Leftovers\n|upkeep\n|turn|3\n|\n|t:|1774651070\n|switch|p2b: Venusaur|Venusaur, L50, F|89/100\n|move|p1a: Blastoise|Helping Hand|p1b: Terapagos\n|-singleturn|p1b: Terapagos|Helping Hand|[of] p1a: Blastoise\n|move|p2a: Lunala|Protect|p2a: Lunala\n|-singleturn|p2a: Lunala|Protect\n|move|p1b: Terapagos|Tera Starstorm|p2b: Venusaur|[spread] p2b\n|-activate|p2a: Lunala|move: Protect\n|-damage|p2b: Venusaur|0 fnt\n|faint|p2b: Venusaur\n|\n|-heal|p1a: Blastoise|64/100|[from] item: Leftovers\n|upkeep\n|\n|t:|1774651074\n|switch|p2b: Indeedee|Indeedee-F, L50, F|30/100\n|-fieldstart|move: Psychic Terrain|[from] ability: Psychic Surge|[of] p2b: Indeedee\n|turn|4\n|\n|t:|1774651111\n|switch|p1a: Enamorus|Enamorus-Therian, L50, F|100/100\n|move|p2b: Indeedee|Helping Hand|p2a: Lunala\n|-singleturn|p2a: Lunala|Helping Hand|[of] p2b: Indeedee\n|move|p1b: Terapagos|Meteor Beam||[still]\n|-prepare|p1b: Terapagos|Meteor Beam\n|-boost|p1b: Terapagos|spa|1\n|-enditem|p1b: Terapagos|Power Herb\n|-anim|p1b: Terapagos|Meteor Beam|p2a: Lunala\n|-damage|p2a: Lunala|0 fnt\n|faint|p2a: Lunala\n|\n|upkeep\n|\n|t:|1774651121\n|switch|p2a: Koraidon|Koraidon, L50, shiny|100/100\n|-weather|SunnyDay|[from] ability: Orichalcum Pulse|[of] p2a: Koraidon\n|-activate|p2a: Koraidon|Orichalcum Pulse|[source]\n|turn|5\n|\n|t:|1774651132\n|-terastallize|p2a: Koraidon|Fire\n|move|p2b: Indeedee|Follow Me|p2b: Indeedee\n|-singleturn|p2b: Indeedee|move: Follow Me\n|move|p2a: Koraidon|Flare Blitz|p1a: Enamorus\n|-damage|p1a: Enamorus|0 fnt\n|faint|p1a: Enamorus\n|-damage|p2a: Koraidon|68/100|[from] Recoil\n|-damage|p2a: Koraidon|58/100|[from] item: Life Orb\n|move|p1b: Terapagos|Tera Starstorm|p2b: Indeedee|[spread] p2a,p2b\n|-supereffective|p2a: Koraidon\n|-damage|p2a: Koraidon|0 fnt\n|-damage|p2b: Indeedee|0 fnt\n|faint|p2a: Koraidon\n|faint|p2b: Indeedee\n|\n|win|daveyboy8796\n|raw|daveyboy8796's rating: 1102 &rarr; <strong>1130</strong><br />(+28 for winning)\n|raw|platinumtower's rating: 1150 &rarr; <strong>1122</strong><br />(-28 for losing)\n|c|\u2606platinumtower|gg\n|l|\u2606platinumtower\n|player|p2|\n|c|\u2606daveyboy8796|gg\n|l|\u2606daveyboy8796\n|player|p1|\n","uploadtime":1774651393,"views":17,"formatid":"gen9vgc2026regi","rating":1122,"private":0,"password":null}