{"id":"gen9vgc2026regi-2579987912","format":"[Gen 9] VGC 2026 Reg I","players":["Sheevp","kylervgc"],"log":"|j|\u2606Sheevp\n|j|\u2606kylervgc\n|t:|1775844396\n|gametype|doubles\n|player|p1|Sheevp|101|1434\n|player|p2|kylervgc|1|1360\n|gen|9\n|tier|[Gen 9] VGC 2026 Reg I\n|rated|\n|rule|Species Clause: Limit one of each Pok\u00e9mon\n|rule|Item Clause: Limit 1 of each item\n|clearpoke\n|poke|p1|Calyrex-Ice, L50|\n|poke|p1|Kyogre, L50|\n|poke|p1|Smeargle, L50, M|\n|poke|p1|Roaring Moon, L50|\n|poke|p1|Landorus, L50, M|\n|poke|p1|Ogerpon-Cornerstone, L50, F|\n|poke|p2|Thundurus, L50, M|\n|poke|p2|Kyogre, L50|\n|poke|p2|Calyrex-Ice, L50|\n|poke|p2|Rillaboom, L50, F|\n|poke|p2|Smeargle, L50, F|\n|poke|p2|Urshifu-*, L50, F|\n|teampreview|4\n|inactive|Battle timer is ON: inactive players will automatically lose when time's up. (requested by kylervgc)\n|inactive|kylervgc has 60 seconds left.\n|\n|t:|1775844427\n|teamsize|p1|4\n|teamsize|p2|4\n|start\n|switch|p1a: Ogerpon|Ogerpon-Cornerstone, L50, F|100/100\n|switch|p1b: Smeargle|Smeargle, L50, M|100/100\n|switch|p2a: Kyogre|Kyogre, L50|100/100\n|switch|p2b: Thundurus|Thundurus, L50, M|100/100\n|-weather|RainDance|[from] ability: Drizzle|[of] p2a: Kyogre\n|turn|1\n|\n|t:|1775844442\n|move|p1a: Ogerpon|Spiky Shield|p1a: Ogerpon\n|-singleturn|p1a: Ogerpon|move: Protect\n|move|p2a: Kyogre|Protect|p2a: Kyogre\n|-singleturn|p2a: Kyogre|Protect\n|move|p2b: Thundurus|Taunt|p1b: Smeargle\n|-start|p1b: Smeargle|move: Taunt\n|cant|p1b: Smeargle|move: Taunt|Decorate\n|\n|-weather|RainDance|[upkeep]\n|upkeep\n|turn|2\n|\n|t:|1775844456\n|switch|p1b: Calyrex|Calyrex-Ice, L50|100/100\n|-ability|p1b: Calyrex|As One\n|-ability|p1b: Calyrex|Unnerve\n|move|p2b: Thundurus|Thunder Wave|p1a: Ogerpon\n|-status|p1a: Ogerpon|par\n|move|p2a: Kyogre|Water Spout|p1b: Calyrex|[spread] p1a,p1b\n|-ability|p1a: Ogerpon|Sturdy\n|-damage|p1a: Ogerpon|1/100 par\n|-damage|p1b: Calyrex|27/100\n|-damage|p2a: Kyogre|91/100|[from] item: Life Orb\n|move|p1a: Ogerpon|Ivy Cudgel|p2a: Kyogre|[anim] Ivy Cudgel Rock\n|-damage|p2a: Kyogre|30/100\n|\n|-weather|RainDance|[upkeep]\n|-heal|p1b: Calyrex|32/100|[from] item: Leftovers\n|upkeep\n|turn|3\n|inactive|Sheevp has 30 seconds left.\n|\n|t:|1775844481\n|move|p2a: Kyogre|Protect|p2a: Kyogre\n|-singleturn|p2a: Kyogre|Protect\n|move|p1b: Calyrex|Protect|p1b: Calyrex\n|-singleturn|p1b: Calyrex|Protect\n|move|p2b: Thundurus|Wildbolt Storm|p1a: Ogerpon|[spread] p1a\n|-activate|p1b: Calyrex|move: Protect\n|-resisted|p1a: Ogerpon\n|-damage|p1a: Ogerpon|0 fnt\n|faint|p1a: Ogerpon\n|\n|-weather|RainDance|[upkeep]\n|-heal|p1b: Calyrex|38/100|[from] item: Leftovers\n|upkeep\n|\n|t:|1775844490\n|switch|p1a: Smeargle|Smeargle, L50, M|100/100\n|turn|4\n|\n|t:|1775844504\n|move|p1a: Smeargle|Fake Out|p2a: Kyogre\n|-damage|p2a: Kyogre|22/100\n|move|p2b: Thundurus|Wildbolt Storm|p1a: Smeargle|[spread] p1a,p1b\n|-damage|p1a: Smeargle|20/100\n|-damage|p1b: Calyrex|19/100\n|-status|p1b: Calyrex|par\n|cant|p2a: Kyogre|flinch\n|move|p1b: Calyrex|Glacial Lance|p2b: Thundurus|[spread] p2a,p2b\n|-resisted|p2a: Kyogre\n|-supereffective|p2b: Thundurus\n|-damage|p2a: Kyogre|0 fnt\n|-damage|p2b: Thundurus|0 fnt\n|faint|p2a: Kyogre\n|faint|p2b: Thundurus\n|-ability|p1b: Calyrex|Chilling Neigh|boost\n|-boost|p1b: Calyrex|atk|2\n|\n|-weather|RainDance|[upkeep]\n|-heal|p1b: Calyrex|25/100 par|[from] item: Leftovers\n|upkeep\n|\n|t:|1775844520\n|switch|p2b: Urshifu|Urshifu-Rapid-Strike, L50, F|100/100\n|switch|p2a: Calyrex|Calyrex-Ice, L50|100/100\n|-ability|p2a: Calyrex|As One\n|-ability|p2a: Calyrex|Unnerve\n|turn|5\n|\n|t:|1775844539\n|move|p2b: Urshifu|Close Combat|p1a: Smeargle\n|-supereffective|p1a: Smeargle\n|-damage|p1a: Smeargle|0 fnt\n|-unboost|p2b: Urshifu|def|1\n|-unboost|p2b: Urshifu|spd|1\n|faint|p1a: Smeargle\n|move|p2a: Calyrex|Glacial Lance|p1b: Calyrex\n|-resisted|p1b: Calyrex\n|-damage|p1b: Calyrex|5/100 par\n|move|p1b: Calyrex|Glacial Lance|p2b: Urshifu|[spread] p2a,p2b\n|-resisted|p2a: Calyrex\n|-resisted|p2b: Urshifu\n|-damage|p2a: Calyrex|74/100\n|-damage|p2b: Urshifu|11/100\n|\n|-weather|none\n|-heal|p2a: Calyrex|80/100|[from] item: Leftovers\n|-heal|p1b: Calyrex|11/100 par|[from] item: Leftovers\n|upkeep\n|\n|t:|1775844544\n|switch|p1a: Kyogre|Kyogre, L50|100/100\n|-weather|RainDance|[from] ability: Drizzle|[of] p1a: Kyogre\n|turn|6\n|\n|t:|1775844559\n|move|p1b: Calyrex|Protect|p1b: Calyrex\n|-singleturn|p1b: Calyrex|Protect\n|move|p2b: Urshifu|Close Combat|p1a: Kyogre\n|-damage|p1a: Kyogre|37/100\n|-unboost|p2b: Urshifu|def|1\n|-unboost|p2b: Urshifu|spd|1\n|move|p1a: Kyogre|Origin Pulse|p2a: Calyrex|[spread] p2a,p2b\n|-resisted|p2b: Urshifu\n|-damage|p2a: Calyrex|23/100\n|-damage|p2b: Urshifu|0 fnt\n|faint|p2b: Urshifu\n|move|p2a: Calyrex|Glacial Lance|p1b: Calyrex|[spread] p1a\n|-activate|p1b: Calyrex|move: Protect\n|-resisted|p1a: Kyogre\n|-damage|p1a: Kyogre|15/100\n|\n|-weather|RainDance|[upkeep]\n|-heal|p2a: Calyrex|29/100|[from] item: Leftovers\n|-heal|p1b: Calyrex|17/100 par|[from] item: Leftovers\n|upkeep\n|turn|7\n|\n|t:|1775844577\n|move|p1a: Kyogre|Origin Pulse|p2a: Calyrex\n|-damage|p2a: Calyrex|0 fnt\n|faint|p2a: Calyrex\n|\n|win|Sheevp\n|raw|Sheevp's rating: 1434 &rarr; <strong>1450</strong><br />(+16 for winning)\n|raw|kylervgc's rating: 1360 &rarr; <strong>1344</strong><br />(-16 for losing)\n|l|\u2606kylervgc\n|player|p2|\n|l|\u2606Sheevp\n|player|p1|\n","uploadtime":1775844846,"views":9,"formatid":"gen9vgc2026regi","rating":1344,"private":0,"password":null}