{"id":"gen9vgc2026regi-2521439788","format":"[Gen 9] VGC 2026 Reg I","players":["Anne_ChovyVGC","zonavideovigilada"],"log":"|j|\u2606Anne_ChovyVGC\n|j|\u2606zonavideovigilada\n|t:|1768773863\n|gametype|doubles\n|player|p1|Anne_ChovyVGC|rosa|1234\n|player|p2|zonavideovigilada|169|1279\n|gen|9\n|tier|[Gen 9] VGC 2026 Reg I\n|rated|\n|rule|Species Clause: Limit one of each Pok\u00e9mon\n|rule|Item Clause: Limit 1 of each item\n|clearpoke\n|poke|p1|Calyrex-Ice, L50|\n|poke|p1|Ninetales-Alola, L50, F|\n|poke|p1|Kyurem-White, L50|\n|poke|p1|Ogerpon-Cornerstone, L50, F|\n|poke|p1|Sinistcha, L50|\n|poke|p1|Tornadus, L50, M|\n|poke|p2|Chien-Pao, L50|\n|poke|p2|Calyrex-Shadow, L50|\n|poke|p2|Zamazenta-*, L50|\n|poke|p2|Amoonguss, L50, M|\n|poke|p2|Chi-Yu, L50|\n|poke|p2|Ogerpon-Cornerstone, L50, F|\n|teampreview|4\n|inactive|Battle timer is ON: inactive players will automatically lose when time's up. (requested by zonavideovigilada)\n|j| soft_pome\n|\n|t:|1768773913\n|teamsize|p1|4\n|teamsize|p2|4\n|start\n|switch|p1a: Tornadus|Tornadus, L50, M|100/100\n|switch|p1b: Ogerpon|Ogerpon-Cornerstone, L50, F|100/100\n|switch|p2a: Chi-Yu|Chi-Yu, L50|100/100\n|switch|p2b: Calyrex|Calyrex-Shadow, L50|100/100\n|-ability|p2b: Calyrex|As One\n|-ability|p2b: Calyrex|Unnerve\n|-ability|p2a: Chi-Yu|Beads of Ruin\n|turn|1\n|\n|t:|1768773925\n|switch|p2a: Zamazenta|Zamazenta-Crowned, L50|100/100\n|-ability|p2a: Zamazenta|Dauntless Shield|boost\n|-boost|p2a: Zamazenta|def|1\n|move|p1b: Ogerpon|Follow Me|p1b: Ogerpon\n|-singleturn|p1b: Ogerpon|move: Follow Me\n|move|p1a: Tornadus|Tailwind|p1a: Tornadus\n|-sidestart|p1: Anne_ChovyVGC|move: Tailwind\n|move|p2b: Calyrex|Astral Barrage|p1a: Tornadus|[spread] p1a,p1b\n|-damage|p1a: Tornadus|53/100\n|-damage|p1b: Ogerpon|39/100\n|\n|upkeep\n|turn|2\n|\n|t:|1768773942\n|move|p2b: Calyrex|Protect|p2b: Calyrex\n|-singleturn|p2b: Calyrex|Protect\n|move|p2a: Zamazenta|Protect|p2a: Zamazenta\n|-singleturn|p2a: Zamazenta|Protect\n|move|p1b: Ogerpon|Ivy Cudgel|p2b: Calyrex|[anim] Ivy Cudgel Rock\n|-activate|p2b: Calyrex|move: Protect\n|move|p1a: Tornadus|Bleakwind Storm|p2a: Zamazenta|[spread] \n|-activate|p2a: Zamazenta|move: Protect\n|-activate|p2b: Calyrex|move: Protect\n|\n|upkeep\n|turn|3\n|\n|t:|1768773966\n|-terastallize|p2b: Calyrex|Ghost\n|move|p2a: Zamazenta|Wide Guard|p2a: Zamazenta\n|-singleturn|p2a: Zamazenta|Wide Guard\n|move|p1b: Ogerpon|Ivy Cudgel|p2b: Calyrex|[anim] Ivy Cudgel Rock\n|-damage|p2b: Calyrex|39/100\n|move|p1a: Tornadus|Bleakwind Storm|p2a: Zamazenta|[spread] \n|-activate|p2a: Zamazenta|move: Wide Guard\n|-activate|p2b: Calyrex|move: Wide Guard\n|move|p2b: Calyrex|Astral Barrage|p1b: Ogerpon|[spread] p1a,p1b\n|-damage|p1a: Tornadus|0 fnt\n|-damage|p1b: Ogerpon|0 fnt\n|faint|p1a: Tornadus\n|faint|p1b: Ogerpon\n|-ability|p2b: Calyrex|Grim Neigh|boost\n|-boost|p2b: Calyrex|spa|2\n|\n|upkeep\n|\n|t:|1768773982\n|switch|p1b: big bungus|Calyrex-Ice, L50|100/100\n|switch|p1a: Franklin|Kyurem-White, L50, shiny|100/100\n|-ability|p1b: big bungus|As One\n|-ability|p1b: big bungus|Unnerve\n|-ability|p1a: Franklin|Turboblaze\n|turn|4\n|inactive|zonavideovigilada has 30 seconds left.\n|\n|t:|1768774014\n|-terastallize|p1a: Franklin|Fire\n|move|p1a: Franklin|Shadow Ball|p2b: Calyrex\n|-supereffective|p2b: Calyrex\n|-damage|p2b: Calyrex|0 fnt\n|faint|p2b: Calyrex\n|move|p2a: Zamazenta|Body Press|p1a: Franklin\n|-damage|p1a: Franklin|39/100\n|move|p1b: big bungus|Trick Room|p1b: big bungus\n|-fieldstart|move: Trick Room|[of] p1b: big bungus\n|\n|-sideend|p1: Anne_ChovyVGC|move: Tailwind\n|upkeep\n|\n|t:|1768774019\n|switch|p2b: Chien-Pao|Chien-Pao, L50|100/100\n|-ability|p2b: Chien-Pao|Sword of Ruin\n|turn|5\n|\n|t:|1768774031\n|move|p2b: Chien-Pao|Sucker Punch|p1a: Franklin\n|-damage|p1a: Franklin|3/100\n|move|p1b: big bungus|Glacial Lance|p2a: Zamazenta|[spread] p2a,p2b\n|-resisted|p2a: Zamazenta\n|-resisted|p2b: Chien-Pao\n|-damage|p2a: Zamazenta|86/100\n|-damage|p2b: Chien-Pao|70/100\n|move|p1a: Franklin|Fusion Flare|p2a: Zamazenta\n|-supereffective|p2a: Zamazenta\n|-damage|p2a: Zamazenta|0 fnt\n|faint|p2a: Zamazenta\n|\n|upkeep\n|\n|t:|1768774043\n|switch|p2a: Chi-Yu|Chi-Yu, L50|100/100\n|-ability|p2a: Chi-Yu|Beads of Ruin\n|turn|6\n|\n|t:|1768774065\n|move|p2b: Chien-Pao|Ice Shard|p1a: Franklin\n|-resisted|p1a: Franklin\n|-damage|p1a: Franklin|0 fnt\n|faint|p1a: Franklin\n|move|p1b: big bungus|High Horsepower|p2a: Chi-Yu\n|-supereffective|p2a: Chi-Yu\n|-damage|p2a: Chi-Yu|0 fnt\n|faint|p2a: Chi-Yu\n|-ability|p1b: big bungus|Chilling Neigh|boost\n|-boost|p1b: big bungus|atk|1\n|\n|upkeep\n|turn|7\n|\n|t:|1768774079\n|move|p2b: Chien-Pao|Sucker Punch|p1b: big bungus\n|-supereffective|p1b: big bungus\n|-damage|p1b: big bungus|51/100\n|move|p1b: big bungus|High Horsepower|p2b: Chien-Pao\n|-damage|p2b: Chien-Pao|3/100\n|\n|upkeep\n|turn|8\n|\n|t:|1768774092\n|move|p2b: Chien-Pao|Sucker Punch|p1b: big bungus\n|-supereffective|p1b: big bungus\n|-damage|p1b: big bungus|0 fnt\n|faint|p1b: big bungus\n|\n|win|zonavideovigilada\n|raw|Anne_ChovyVGC's rating: 1234 &rarr; <strong>1212</strong><br />(-22 for losing)\n|raw|zonavideovigilada's rating: 1279 &rarr; <strong>1301</strong><br />(+22 for winning)\n|l|\u2606zonavideovigilada\n|player|p2|\n|l| soft_pome\n|l|\u2606Anne_ChovyVGC\n|player|p1|\n","uploadtime":1768774259,"views":12,"formatid":"gen9vgc2026regi","rating":1212,"private":0,"password":null}