{"id":"gen9vgc2026regi-2551859203","format":"[Gen 9] VGC 2026 Reg I","players":["Maphoo","cesaretuc"],"log":"|j|\u2606Maphoo\n|j|\u2606cesaretuc\n|t:|1772651252\n|gametype|doubles\n|player|p1|Maphoo|2|1406\n|player|p2|cesaretuc|silver|1302\n|gen|9\n|tier|[Gen 9] VGC 2026 Reg I\n|rated|\n|rule|Species Clause: Limit one of each Pok\u00e9mon\n|rule|Item Clause: Limit 1 of each item\n|clearpoke\n|poke|p1|Lunala, L50|\n|poke|p1|Indeedee-F, L50, F|\n|poke|p1|Roaring Moon, L50|\n|poke|p1|Kyogre, L50|\n|poke|p1|Urshifu-*, L50, M|\n|poke|p1|Ursaluna, L50, M|\n|poke|p2|Dialga-Origin, L50|\n|poke|p2|Miraidon, L50|\n|poke|p2|Ursaluna, L50, M|\n|poke|p2|Cresselia, L50, F|\n|poke|p2|Kingambit, L50, M|\n|poke|p2|Zoroark-Hisui, L50, M|\n|teampreview|4\n|inactive|Battle timer is ON: inactive players will automatically lose when time's up. (requested by cesaretuc)\n|\n|t:|1772651306\n|teamsize|p1|4\n|teamsize|p2|4\n|start\n|switch|p1a: Lunala|Lunala, L50, shiny|100/100\n|switch|p1b: Indeedee|Indeedee-F, L50, F, shiny|100/100\n|switch|p2a: Miraidon|Miraidon, L50|100/100\n|switch|p2b: Dialga|Dialga-Origin, L50, shiny|100/100\n|-fieldstart|move: Electric Terrain|[from] ability: Hadron Engine|[of] p2a: Miraidon\n|-fieldstart|move: Psychic Terrain|[from] ability: Psychic Surge|[of] p1b: Indeedee\n|-enditem|p1b: Indeedee|Psychic Seed\n|-boost|p1b: Indeedee|spd|1|[from] item: Psychic Seed\n|turn|1\n|inactive|cesaretuc has 30 seconds left.\n|\n|t:|1772651336\n|move|p1b: Indeedee|Follow Me|p1b: Indeedee\n|-singleturn|p1b: Indeedee|move: Follow Me\n|move|p2a: Miraidon|Discharge|p1b: Indeedee|[spread] p1a,p1b\n|-activate|p2b: Dialga|ability: Telepathy\n|-damage|p1a: Lunala|81/100\n|-damage|p1b: Indeedee|65/100\n|-status|p1a: Lunala|par\n|move|p2b: Dialga|Flash Cannon|p1b: Indeedee\n|-damage|p1b: Indeedee|27/100\n|cant|p1a: Lunala|par\n|\n|upkeep\n|turn|2\n|\n|t:|1772651356\n|move|p1b: Indeedee|Helping Hand|p1a: Lunala\n|-singleturn|p1a: Lunala|Helping Hand|[of] p1b: Indeedee\n|move|p2a: Miraidon|Discharge|p1a: Lunala|[spread] p1a,p1b\n|-activate|p2b: Dialga|ability: Telepathy\n|-damage|p1a: Lunala|45/100 par\n|-damage|p1b: Indeedee|0 fnt\n|faint|p1b: Indeedee\n|move|p2b: Dialga|Flash Cannon|p1a: Lunala\n|-damage|p1a: Lunala|0 fnt\n|faint|p1a: Lunala\n|\n|upkeep\n|\n|t:|1772651369\n|switch|p1a: Ursaluna|Ursaluna, L50, M, shiny|100/100\n|switch|p1b: Kyogre|Kyogre, L50|100/100\n|-weather|RainDance|[from] ability: Drizzle|[of] p1b: Kyogre\n|turn|3\n|\n|t:|1772651391\n|-terastallize|p1b: Kyogre|Grass\n|move|p2b: Dialga|Protect|p2b: Dialga\n|-singleturn|p2b: Dialga|Protect\n|move|p2a: Miraidon|Discharge|p1b: Kyogre|[spread] p1b\n|-activate|p2b: Dialga|move: Protect\n|-immune|p1a: Ursaluna\n|-resisted|p1b: Kyogre\n|-damage|p1b: Kyogre|85/100\n|move|p1b: Kyogre|Water Spout|p2b: Dialga|[spread] p2a\n|-activate|p2b: Dialga|move: Protect\n|-resisted|p2a: Miraidon\n|-damage|p2a: Miraidon|51/100\n|move|p1a: Ursaluna|Headlong Rush|p2a: Miraidon\n|-supereffective|p2a: Miraidon\n|-damage|p2a: Miraidon|0 fnt\n|-unboost|p1a: Ursaluna|def|1\n|-unboost|p1a: Ursaluna|spd|1\n|faint|p2a: Miraidon\n|\n|-weather|RainDance|[upkeep]\n|-status|p1a: Ursaluna|brn|[from] item: Flame Orb\n|upkeep\n|inactive|cesaretuc has 30 seconds left.\n|inactive|cesaretuc has 20 seconds left.\n|\n|t:|1772651429\n|switch|p2a: Kingambit|Kingambit, L50, M, shiny|100/100\n|turn|4\n|\n|t:|1772651447\n|switch|p2b: Cresselia|Cresselia, L50, F|100/100\n|-terastallize|p2a: Kingambit|Flying\n|move|p1b: Kyogre|Water Spout|p2b: Cresselia|[spread] p2a,p2b\n|-damage|p2a: Kingambit|0 fnt\n|-damage|p2b: Cresselia|39/100\n|faint|p2a: Kingambit\n|move|p1a: Ursaluna|Earthquake|p2b: Cresselia|[spread] p1b\n|-immune|p2b: Cresselia|[from] ability: Levitate\n|-resisted|p1b: Kyogre\n|-damage|p1b: Kyogre|52/100\n|\n|-weather|RainDance|[upkeep]\n|-damage|p1a: Ursaluna|95/100 brn|[from] brn\n|upkeep\n|\n|t:|1772651460\n|switch|p2a: Dialga|Dialga-Origin, L50, shiny|100/100\n|turn|5\n|inactive|cesaretuc has 30 seconds left.\n|\n|t:|1772651493\n|move|p2b: Cresselia|Ally Switch|p2b: Cresselia\n|swap|p2b: Cresselia|0|[from] move: Ally Switch\n|move|p1b: Kyogre|Origin Pulse|p2a: Cresselia|[spread] p2b\n|-miss|p1b: Kyogre|p2a: Cresselia\n|-resisted|p2b: Dialga\n|-damage|p2b: Dialga|65/100\n|move|p2b: Dialga|Draco Meteor|p1b: Kyogre\n|-damage|p1b: Kyogre|0 fnt\n|-unboost|p2b: Dialga|spa|2\n|faint|p1b: Kyogre\n|move|p1a: Ursaluna|Headlong Rush|p2a: Cresselia\n|-immune|p2a: Cresselia|[from] ability: Levitate\n|\n|-weather|RainDance|[upkeep]\n|-damage|p1a: Ursaluna|89/100 brn|[from] brn\n|-fieldend|move: Psychic Terrain\n|upkeep\n|turn|6\n|\n|t:|1772651513\n|move|p2b: Dialga|Protect|p2b: Dialga\n|-singleturn|p2b: Dialga|Protect\n|move|p2a: Cresselia|Psychic|p1a: Ursaluna\n|-damage|p1a: Ursaluna|57/100 brn\n|move|p1a: Ursaluna|Headlong Rush|p2b: Dialga\n|-activate|p2b: Dialga|move: Protect\n|\n|-weather|RainDance|[upkeep]\n|-damage|p1a: Ursaluna|51/100 brn|[from] brn\n|upkeep\n|turn|7\n|inactive|cesaretuc has 30 seconds left.\n|\n|t:|1772651542\n|move|p2a: Cresselia|Ally Switch|p2a: Cresselia\n|swap|p2a: Cresselia|1|[from] move: Ally Switch\n|move|p2a: Dialga|Draco Meteor|p1a: Ursaluna\n|-damage|p1a: Ursaluna|0 fnt\n|-unboost|p2a: Dialga|spa|2\n|faint|p1a: Ursaluna\n|\n|win|cesaretuc\n|raw|Maphoo's rating: 1406 &rarr; <strong>1380</strong><br />(-26 for losing)\n|raw|cesaretuc's rating: 1302 &rarr; <strong>1328</strong><br />(+26 for winning)\n|l|\u2606Maphoo\n|player|p1|\n|l|\u2606cesaretuc\n|player|p2|\n","uploadtime":1772651712,"views":12,"formatid":"gen9vgc2026regi","rating":1328,"private":0,"password":null}