{"id":"gen9vgc2026regi-2546993490","format":"[Gen 9] VGC 2026 Reg I","players":["jepeg","DudeGaming 25"],"log":"|j|\u2606jepeg\n|j|\u2606DudeGaming 25\n|t:|1772036888\n|gametype|doubles\n|player|p1|jepeg|beauty-gen4dp|1186\n|player|p2|DudeGaming 25|hugh|1242\n|gen|9\n|tier|[Gen 9] VGC 2026 Reg I\n|rated|\n|rule|Species Clause: Limit one of each Pok\u00e9mon\n|rule|Item Clause: Limit 1 of each item\n|clearpoke\n|poke|p1|Calyrex-Shadow, L50|\n|poke|p1|Oranguru, L50, F|\n|poke|p1|Miraidon, L50|\n|poke|p1|Ogerpon-Hearthflame, L50, F|\n|poke|p1|Bruxish, L50, F|\n|poke|p1|Torkoal, L50, F|\n|poke|p2|Lunala, L50|\n|poke|p2|Calyrex-Ice, L50|\n|poke|p2|Raging Bolt, L50|\n|poke|p2|Ursaluna-Bloodmoon, L50, M|\n|poke|p2|Clefairy, L50, M|\n|poke|p2|Farigiraf, L50, F|\n|teampreview|4\n|inactive|Battle timer is ON: inactive players will automatically lose when time's up. (requested by DudeGaming 25)\n|\n|t:|1772036925\n|teamsize|p1|4\n|teamsize|p2|4\n|start\n|switch|p1a: Calyrex|Calyrex-Shadow, L50|100/100\n|switch|p1b: Bruxish|Bruxish, L50, F, shiny|100/100\n|switch|p2a: Lunala|Lunala, L50, shiny|100/100\n|switch|p2b: Farigiraf|Farigiraf, L50, F|100/100\n|-ability|p1a: Calyrex|As One\n|-ability|p1a: Calyrex|Unnerve\n|turn|1\n|inactive|jepeg has 30 seconds left.\n|inactive|DudeGaming 25 has 30 seconds left.\n|inactive|jepeg has 20 seconds left.\n|inactive|DudeGaming 25 has 20 seconds left.\n|inactive|jepeg has 15 seconds left.\n|inactive|DudeGaming 25 has 15 seconds left.\n|inactive|jepeg has 10 seconds left.\n|inactive|jepeg has 5 seconds left.\n|\n|t:|1772036979\n|-terastallize|p1a: Calyrex|Fire\n|move|p2a: Lunala|Wide Guard|p2a: Lunala\n|-singleturn|p2a: Lunala|Wide Guard\n|move|p1b: Bruxish|Flip Turn|p1a: Calyrex\n|-supereffective|p1a: Calyrex\n|-damage|p1a: Calyrex|56/100\n|-enditem|p1a: Calyrex|Weakness Policy\n|-boost|p1a: Calyrex|atk|2|[from] item: Weakness Policy\n|-boost|p1a: Calyrex|spa|2|[from] item: Weakness Policy\n|\n|t:|1772036990\n|switch|p1b: Oranguru|Oranguru, L50, F, shiny|100/100|[from] Flip Turn\n|move|p1a: Calyrex|Tera Blast|p2b: Farigiraf|[anim] Tera Blast Fire\n|-damage|p2b: Farigiraf|12/100\n|move|p2b: Farigiraf|Trick Room|p2b: Farigiraf\n|-fieldstart|move: Trick Room|[of] p2b: Farigiraf\n|\n|upkeep\n|turn|2\n|inactive|jepeg has 30 seconds left.\n|inactive|DudeGaming 25 has 30 seconds left.\n|\n|t:|1772037021\n|move|p1b: Oranguru|Encore|p2a: Lunala\n|-start|p2a: Lunala|Encore\n|-enditem|p2a: Lunala|Mental Herb\n|-end|p2a: Lunala|Encore\n|move|p2b: Farigiraf|Foul Play|p1a: Calyrex\n|-damage|p1a: Calyrex|13/100\n|move|p2a: Lunala|Moongeist Beam|p1a: Calyrex\n|-damage|p1a: Calyrex|0 fnt\n|faint|p1a: Calyrex\n|\n|upkeep\n|\n|t:|1772037033\n|switch|p1a: Torkoal|Torkoal, L50, F|100/100\n|-weather|SunnyDay|[from] ability: Drought|[of] p1a: Torkoal\n|turn|3\n|\n|t:|1772037043\n|switch|p2b: Calyrex|Calyrex-Ice, L50|100/100\n|-ability|p2b: Calyrex|As One\n|-ability|p2b: Calyrex|Unnerve\n|move|p2a: Lunala|Wide Guard|p2a: Lunala\n|-singleturn|p2a: Lunala|Wide Guard\n|move|p1a: Torkoal|Weather Ball|p2b: Calyrex\n|-supereffective|p2b: Calyrex\n|-damage|p2b: Calyrex|0 fnt\n|faint|p2b: Calyrex\n|move|p1b: Oranguru|Encore|p2a: Lunala\n|-start|p2a: Lunala|Encore\n|\n|-weather|SunnyDay|[upkeep]\n|upkeep\n|\n|t:|1772037059\n|switch|p2b: Ursaluna|Ursaluna-Bloodmoon, L50, M|100/100\n|turn|4\n|\n|t:|1772037071\n|-terastallize|p2b: Ursaluna|Normal\n|move|p2a: Lunala|Wide Guard|p2a: Lunala\n|-singleturn|p2a: Lunala|Wide Guard\n|move|p1a: Torkoal|Weather Ball|p2a: Lunala\n|-damage|p2a: Lunala|67/100\n|move|p2b: Ursaluna|Hyper Voice|p1a: Torkoal|[spread] p1a,p1b\n|-damage|p1a: Torkoal|27/100\n|-damage|p1b: Oranguru|59/100\n|move|p1b: Oranguru|Instruct|p1a: Torkoal\n|-singleturn|p1a: Torkoal|move: Instruct|[of] p1b: Oranguru\n|move|p1a: Torkoal|Weather Ball|p2a: Lunala\n|-damage|p2a: Lunala|0 fnt\n|faint|p2a: Lunala\n|\n|-weather|SunnyDay|[upkeep]\n|upkeep\n|\n|t:|1772037090\n|switch|p2a: Farigiraf|Farigiraf, L50, F|12/100\n|turn|5\n|\n|t:|1772037103\n|move|p1a: Torkoal|Weather Ball|p2b: Ursaluna\n|-damage|p2b: Ursaluna|33/100\n|move|p2b: Ursaluna|Hyper Voice|p1b: Oranguru|[spread] p1a,p1b\n|-damage|p1a: Torkoal|0 fnt\n|-damage|p1b: Oranguru|16/100\n|faint|p1a: Torkoal\n|move|p1b: Oranguru|Instruct|p1: Torkoal|[notarget]\n|-fail|p1b: Oranguru\n|move|p2a: Farigiraf|Foul Play|p1b: Oranguru\n|-supereffective|p1b: Oranguru\n|-damage|p1b: Oranguru|0 fnt\n|faint|p1b: Oranguru\n|\n|-weather|SunnyDay|[upkeep]\n|-fieldend|move: Trick Room\n|upkeep\n|\n|t:|1772037111\n|switch|p1b: Bruxish|Bruxish, L50, F, shiny|100/100\n|turn|6\n|\n|t:|1772037134\n|move|p2a: Farigiraf|Ally Switch|p2a: Farigiraf\n|swap|p2a: Farigiraf|1|[from] move: Ally Switch\n|move|p1b: Bruxish|Surf|p2b: Farigiraf|[spread] p2a,p2b\n|-damage|p2a: Ursaluna|28/100\n|-damage|p2b: Farigiraf|6/100\n|move|p2a: Ursaluna|Blood Moon|p1b: Bruxish\n|-damage|p1b: Bruxish|0 fnt\n|faint|p1b: Bruxish\n|\n|win|DudeGaming 25\n|raw|jepeg's rating: 1186 &rarr; <strong>1165</strong><br />(-21 for losing)\n|raw|DudeGaming 25's rating: 1242 &rarr; <strong>1263</strong><br />(+21 for winning)\n|l|\u2606jepeg\n|player|p1|\n|l|\u2606DudeGaming 25\n|player|p2|\n","uploadtime":1772037359,"views":11,"formatid":"gen9vgc2026regi","rating":1165,"private":0,"password":null}