{"id":"gen9vgc2026regi-2565749823","format":"[Gen 9] VGC 2026 Reg I","players":["littlepotato13","Bman311"],"log":"|j|\u2606littlepotato13\n|j|\u2606Bman311\n|t:|1774300818\n|gametype|doubles\n|player|p1|littlepotato13|169|1340\n|player|p2|Bman311|cynthia-gen7|1407\n|gen|9\n|tier|[Gen 9] VGC 2026 Reg I\n|rated|\n|rule|Species Clause: Limit one of each Pok\u00e9mon\n|rule|Item Clause: Limit 1 of each item\n|clearpoke\n|poke|p1|Zamazenta-*, L50|\n|poke|p1|Terapagos, L50, M|\n|poke|p1|Chien-Pao, L50|\n|poke|p1|Whimsicott, L50, M|\n|poke|p1|Regidrago, L50|\n|poke|p1|Ogerpon-Hearthflame, L50, F|\n|poke|p2|Calyrex-Shadow, L50|\n|poke|p2|Koraidon, L50|\n|poke|p2|Rillaboom, L50, M|\n|poke|p2|Incineroar, L50, M|\n|poke|p2|Volcarona, L50, F|\n|poke|p2|Regieleki, L50|\n|teampreview|4\n|inactive|Battle timer is ON: inactive players will automatically lose when time's up. (requested by Bman311)\n|inactive|littlepotato13 also wants the timer to be on.\n|l|\u2606Bman311\n|inactive|Bman311 disconnected and has a minute to reconnect!\n|player|p2|\n|j|\u2606Bman311\n|inactive|Bman311 reconnected and has 75 seconds left.\n|player|p2|Bman311|cynthia-gen7|\n|j| pskire\n|inactive|Bman311 has 60 seconds left.\n|c|\u2606littlepotato13|are you brooks\n|\n|t:|1774300872\n|teamsize|p1|4\n|teamsize|p2|4\n|start\n|switch|p1a: Whimsicott|Whimsicott, L50, M|100/100\n|switch|p1b: Chien-Pao|Chien-Pao, L50|100/100\n|switch|p2a: Koraidon|Koraidon, L50|100/100\n|switch|p2b: Incineroar|Incineroar, L50, M|100/100\n|-ability|p1b: Chien-Pao|Sword of Ruin\n|-weather|SunnyDay|[from] ability: Orichalcum Pulse|[of] p2a: Koraidon\n|-activate|p2a: Koraidon|Orichalcum Pulse|[source]\n|-ability|p2b: Incineroar|Intimidate|boost\n|-unboost|p1a: Whimsicott|atk|1\n|-unboost|p1b: Chien-Pao|atk|1\n|turn|1\n|l|\u2606Bman311\n|inactive|Bman311 disconnected and has a minute to reconnect!\n|player|p2|\n|j|\u2606Bman311\n|inactive|Bman311 reconnected and has 35 seconds left.\n|player|p2|Bman311|cynthia-gen7|\n|inactive|littlepotato13 has 30 seconds left.\n|inactive|Bman311 has 30 seconds left.\n|\n|t:|1774300906\n|-terastallize|p2a: Koraidon|Fire\n|move|p2b: Incineroar|Fake Out|p1b: Chien-Pao\n|-damage|p1b: Chien-Pao|86/100\n|move|p1a: Whimsicott|Tailwind|p1a: Whimsicott\n|-sidestart|p1: littlepotato13|move: Tailwind\n|cant|p1b: Chien-Pao|flinch\n|move|p2a: Koraidon|Flame Charge|p1a: Whimsicott\n|-supereffective|p1a: Whimsicott\n|-damage|p1a: Whimsicott|0 fnt\n|-boost|p2a: Koraidon|spe|1\n|faint|p1a: Whimsicott\n|\n|-weather|SunnyDay|[upkeep]\n|upkeep\n|\n|t:|1774300921\n|switch|p1a: Regidrago|Regidrago, L50|100/100\n|turn|2\n|\n|t:|1774300930\n|switch|p1b: Terapagos|Terapagos, L50, M|100/100\n|-activate|p1b: Terapagos|ability: Tera Shift\n|detailschange|p1b: Terapagos|Terapagos-Terastal, L50, M\n|-heal|p1b: Terapagos|100/100|[silent]\n|move|p2a: Koraidon|Protect|p2a: Koraidon\n|-singleturn|p2a: Koraidon|Protect\n|move|p1a: Regidrago|Draco Meteor|p2a: Koraidon\n|-activate|p2a: Koraidon|move: Protect\n|move|p2b: Incineroar|Parting Shot|p1a: Regidrago\n|-unboost|p1a: Regidrago|atk|1\n|-unboost|p1a: Regidrago|spa|1\n|\n|t:|1774300945\n|switch|p2b: Volcarona|Volcarona, L50, F|100/100|[from] Parting Shot\n|\n|-weather|SunnyDay|[upkeep]\n|upkeep\n|turn|3\n|\n|t:|1774300962\n|move|p1b: Terapagos|Tera Starstorm|p2a: Koraidon\n|-damage|p2a: Koraidon|22/100\n|move|p1a: Regidrago|Draco Meteor|p2b: Volcarona\n|-damage|p2b: Volcarona|27/100\n|-unboost|p1a: Regidrago|spa|2\n|-damage|p1a: Regidrago|91/100|[from] item: Life Orb\n|move|p2a: Koraidon|Collision Course|p1b: Terapagos\n|-activate|p1b: Terapagos|ability: Tera Shell\n|-resisted|p1b: Terapagos\n|-damage|p1b: Terapagos|66/100\n|move|p2b: Volcarona|Quiver Dance|p2b: Volcarona\n|-boost|p2b: Volcarona|spa|1\n|-boost|p2b: Volcarona|spd|1\n|-boost|p2b: Volcarona|spe|1\n|\n|-weather|SunnyDay|[upkeep]\n|-heal|p2b: Volcarona|33/100|[from] item: Leftovers\n|upkeep\n|turn|4\n|\n|t:|1774300983\n|switch|p1a: Chien-Pao|Chien-Pao, L50|86/100\n|-ability|p1a: Chien-Pao|Sword of Ruin\n|-terastallize|p1b: Terapagos|Stellar\n|detailschange|p1b: Terapagos|Terapagos-Stellar, L50, M, tera:Stellar\n|-heal|p1b: Terapagos|75/100|[silent]\n|-ability|p1b: Terapagos|Teraform Zero\n|-weather|none\n|move|p2a: Koraidon|Protect|p2a: Koraidon\n|-singleturn|p2a: Koraidon|Protect\n|move|p2b: Volcarona|Protect|p2b: Volcarona\n|-singleturn|p2b: Volcarona|Protect\n|move|p1b: Terapagos|Tera Starstorm|p2a: Koraidon|[spread] \n|-activate|p2a: Koraidon|move: Protect\n|-activate|p2b: Volcarona|move: Protect\n|\n|-heal|p2b: Volcarona|39/100|[from] item: Leftovers\n|-sideend|p1: littlepotato13|move: Tailwind\n|upkeep\n|turn|5\n|\n|t:|1774300994\n|switch|p2a: Incineroar|Incineroar, L50, M|100/100\n|-ability|p2a: Incineroar|Intimidate|boost\n|-unboost|p1a: Chien-Pao|atk|1\n|-unboost|p1b: Terapagos|atk|1\n|move|p1a: Chien-Pao|Sucker Punch||[still]\n|-fail|p1a: Chien-Pao\n|move|p2b: Volcarona|Giga Drain|p1a: Chien-Pao\n|-damage|p1a: Chien-Pao|20/100\n|-heal|p2b: Volcarona|66/100|[from] drain|[of] p1a: Chien-Pao\n|move|p1b: Terapagos|Tera Starstorm|p2b: Volcarona|[spread] p2a,p2b\n|-damage|p2a: Incineroar|46/100\n|-damage|p2b: Volcarona|31/100\n|\n|-heal|p2b: Volcarona|37/100|[from] item: Leftovers\n|upkeep\n|turn|6\n|\n|t:|1774301019\n|move|p2a: Incineroar|Fake Out|p1b: Terapagos\n|-damage|p1b: Terapagos|66/100\n|move|p1a: Chien-Pao|Sucker Punch||[still]\n|-fail|p1a: Chien-Pao\n|move|p2b: Volcarona|Quiver Dance|p2b: Volcarona\n|-boost|p2b: Volcarona|spa|1\n|-boost|p2b: Volcarona|spd|1\n|-boost|p2b: Volcarona|spe|1\n|cant|p1b: Terapagos|flinch\n|\n|-heal|p2b: Volcarona|44/100|[from] item: Leftovers\n|upkeep\n|turn|7\n|\n|t:|1774301032\n|move|p2b: Volcarona|Protect|p2b: Volcarona\n|-singleturn|p2b: Volcarona|Protect\n|move|p1a: Chien-Pao|Sucker Punch||[still]\n|-fail|p1a: Chien-Pao\n|move|p1b: Terapagos|Tera Starstorm|p2a: Incineroar|[spread] p2a\n|-activate|p2b: Volcarona|move: Protect\n|-damage|p2a: Incineroar|0 fnt\n|faint|p2a: Incineroar\n|\n|-heal|p2b: Volcarona|50/100|[from] item: Leftovers\n|upkeep\n|\n|t:|1774301035\n|switch|p2a: Koraidon|Koraidon, L50, tera:Fire|22/100\n|-weather|SunnyDay|[from] ability: Orichalcum Pulse|[of] p2a: Koraidon\n|-activate|p2a: Koraidon|Orichalcum Pulse|[source]\n|turn|8\n|\n|t:|1774301049\n|move|p1a: Chien-Pao|Sucker Punch|p2a: Koraidon\n|-damage|p2a: Koraidon|0 fnt\n|faint|p2a: Koraidon\n|move|p2b: Volcarona|Fiery Dance|p1b: Terapagos\n|-damage|p1b: Terapagos|0 fnt\n|-boost|p2b: Volcarona|spa|1\n|faint|p1b: Terapagos\n|detailschange|p1: Terapagos|Terapagos, L50, M|[silent]\n|\n|-weather|SunnyDay|[upkeep]\n|-heal|p2b: Volcarona|56/100|[from] item: Leftovers\n|upkeep\n|\n|t:|1774301056\n|switch|p2a: Calyrex|Calyrex-Shadow, L50|100/100\n|switch|p1b: Regidrago|Regidrago, L50|91/100\n|-ability|p2a: Calyrex|As One\n|-ability|p2a: Calyrex|Unnerve\n|turn|9\n|\n|t:|1774301068\n|move|p2a: Calyrex|Protect|p2a: Calyrex\n|-singleturn|p2a: Calyrex|Protect\n|move|p1a: Chien-Pao|Protect|p1a: Chien-Pao\n|-singleturn|p1a: Chien-Pao|Protect\n|move|p2b: Volcarona|Giga Drain|p1a: Chien-Pao\n|-activate|p1a: Chien-Pao|move: Protect\n|move|p1b: Regidrago|Dragon Energy|p2a: Calyrex|[spread] p2b\n|-activate|p2a: Calyrex|move: Protect\n|-damage|p2b: Volcarona|11/100\n|-damage|p1b: Regidrago|81/100|[from] item: Life Orb\n|\n|-weather|SunnyDay|[upkeep]\n|-heal|p2b: Volcarona|18/100|[from] item: Leftovers\n|upkeep\n|turn|10\n|\n|t:|1774301086\n|move|p1a: Chien-Pao|Sucker Punch|p2a: Calyrex\n|-supereffective|p2a: Calyrex\n|-damage|p2a: Calyrex|0 fnt\n|faint|p2a: Calyrex\n|move|p2b: Volcarona|Giga Drain|p1b: Regidrago\n|-resisted|p1b: Regidrago\n|-damage|p1b: Regidrago|48/100\n|-heal|p2b: Volcarona|42/100|[from] drain|[of] p1b: Regidrago\n|move|p1b: Regidrago|Dragon Energy|p2b: Volcarona\n|-damage|p2b: Volcarona|11/100\n|-damage|p1b: Regidrago|38/100|[from] item: Life Orb\n|\n|-weather|SunnyDay|[upkeep]\n|-heal|p2b: Volcarona|18/100|[from] item: Leftovers\n|upkeep\n|turn|11\n|\n|t:|1774301095\n|move|p2b: Volcarona|Protect|p2b: Volcarona\n|-singleturn|p2b: Volcarona|Protect\n|move|p1a: Chien-Pao|Sucker Punch||[still]\n|-fail|p1a: Chien-Pao\n|move|p1b: Regidrago|Draco Meteor|p2b: Volcarona\n|-activate|p2b: Volcarona|move: Protect\n|\n|-weather|SunnyDay|[upkeep]\n|-heal|p2b: Volcarona|24/100|[from] item: Leftovers\n|upkeep\n|turn|12\n|\n|t:|1774301106\n|move|p2b: Volcarona|Protect||[still]\n|-fail|p2b: Volcarona\n|move|p1a: Chien-Pao|Sucker Punch||[still]\n|-fail|p1a: Chien-Pao\n|move|p1b: Regidrago|Draco Meteor|p2b: Volcarona\n|-damage|p2b: Volcarona|0 fnt\n|-unboost|p1b: Regidrago|spa|2\n|faint|p2b: Volcarona\n|-damage|p1b: Regidrago|28/100|[from] item: Life Orb\n|\n|win|littlepotato13\n|raw|littlepotato13's rating: 1340 &rarr; <strong>1364</strong><br />(+24 for winning)\n|raw|Bman311's rating: 1407 &rarr; <strong>1383</strong><br />(-24 for losing)\n|l|\u2606littlepotato13\n|player|p1|\n|l|\u2606Bman311\n|player|p2|\n","uploadtime":1774301330,"views":13,"formatid":"gen9vgc2026regi","rating":1364,"private":0,"password":null}