{"id":"gen9vgc2026regi-2534496781","format":"[Gen 9] VGC 2026 Reg I","players":["cdogp3","suc vat vk"],"log":"|j|\u2606cdogp3\n|j|\u2606suc vat vk\n|t:|1770428475\n|gametype|doubles\n|player|p1|cdogp3|hoopster|1524\n|player|p2|suc vat vk|kimonogirl|1438\n|gen|9\n|tier|[Gen 9] VGC 2026 Reg I\n|rated|\n|rule|Species Clause: Limit one of each Pok\u00e9mon\n|rule|Item Clause: Limit 1 of each item\n|clearpoke\n|poke|p1|Calyrex-Shadow, L50|\n|poke|p1|Zamazenta-*, L50|\n|poke|p1|Chien-Pao, L50|\n|poke|p1|Raging Bolt, L50|\n|poke|p1|Ogerpon-Cornerstone, L50, F|\n|poke|p1|Amoonguss, L50, F|\n|poke|p2|Miraidon, L50|\n|poke|p2|Farigiraf, L50, F|\n|poke|p2|Incineroar, L50, M|\n|poke|p2|Zamazenta-*, L50|\n|poke|p2|Whimsicott, L50, F|\n|poke|p2|Raging Bolt, L50|\n|teampreview|4\n|inactive|Battle timer is ON: inactive players will automatically lose when time's up. (requested by cdogp3)\n|inactive|cdogp3 has 60 seconds left.\n|\n|t:|1770428518\n|teamsize|p1|4\n|teamsize|p2|4\n|start\n|switch|p1a: Amoonguss|Amoonguss, L50, F|100/100\n|switch|p1b: Zamazenta|Zamazenta-Crowned, L50|100/100\n|switch|p2a: Whimsicott|Whimsicott, L50, F, shiny|100/100\n|switch|p2b: Miraidon|Miraidon, L50, shiny|100/100\n|-fieldstart|move: Electric Terrain|[from] ability: Hadron Engine|[of] p2b: Miraidon\n|-ability|p1b: Zamazenta|Dauntless Shield|boost\n|-boost|p1b: Zamazenta|def|1\n|turn|1\n|\n|t:|1770428532\n|move|p2a: Whimsicott|Tailwind|p2a: Whimsicott\n|-sidestart|p2: suc vat vk|move: Tailwind\n|move|p2b: Miraidon|Volt Switch|p1b: Zamazenta\n|-crit|p1b: Zamazenta\n|-damage|p1b: Zamazenta|6/100\n|\n|t:|1770428536\n|switch|p2b: Incineroar|Incineroar, L50, M, shiny|100/100|[from] Volt Switch\n|-ability|p2b: Incineroar|Intimidate|boost\n|-unboost|p1a: Amoonguss|atk|1\n|-unboost|p1b: Zamazenta|atk|1\n|move|p1b: Zamazenta|Behemoth Bash|p2a: Whimsicott\n|-supereffective|p2a: Whimsicott\n|-damage|p2a: Whimsicott|23/100\n|move|p1a: Amoonguss|Sludge Bomb|p2a: Whimsicott\n|-supereffective|p2a: Whimsicott\n|-damage|p2a: Whimsicott|0 fnt\n|faint|p2a: Whimsicott\n|\n|upkeep\n|\n|t:|1770428541\n|switch|p2a: Miraidon|Miraidon, L50, shiny|100/100\n|-activate|p2a: Miraidon|ability: Hadron Engine\n|turn|2\n|\n|t:|1770428551\n|move|p1b: Zamazenta|Protect|p1b: Zamazenta\n|-singleturn|p1b: Zamazenta|Protect\n|move|p1a: Amoonguss|Protect|p1a: Amoonguss\n|-singleturn|p1a: Amoonguss|Protect\n|move|p2a: Miraidon|Dazzling Gleam|p1a: Amoonguss|[spread] \n|-activate|p1a: Amoonguss|move: Protect\n|-activate|p1b: Zamazenta|move: Protect\n|move|p2b: Incineroar|Flare Blitz|p1a: Amoonguss\n|-activate|p1a: Amoonguss|move: Protect\n|\n|upkeep\n|turn|3\n|\n|t:|1770428573\n|switch|p1a: Maya|Ogerpon-Cornerstone, L50, F|100/100\n|move|p1b: Zamazenta|Wide Guard|p1b: Zamazenta\n|-singleturn|p1b: Zamazenta|Wide Guard\n|move|p2a: Miraidon|Dazzling Gleam|p1b: Zamazenta|[spread] \n|-activate|p1a: Maya|move: Wide Guard\n|-activate|p1b: Zamazenta|move: Wide Guard\n|move|p2b: Incineroar|Flare Blitz|p1a: Maya\n|-damage|p1a: Maya|49/100\n|-damage|p2b: Incineroar|84/100|[from] Recoil\n|\n|upkeep\n|turn|4\n|\n|t:|1770428590\n|switch|p2a: Zamazenta|Zamazenta-Crowned, L50, shiny|100/100\n|-ability|p2a: Zamazenta|Dauntless Shield|boost\n|-boost|p2a: Zamazenta|def|1\n|move|p1b: Zamazenta|Wide Guard|p1b: Zamazenta\n|-singleturn|p1b: Zamazenta|Wide Guard\n|move|p2b: Incineroar|Flare Blitz|p1b: Zamazenta\n|-supereffective|p1b: Zamazenta\n|-damage|p1b: Zamazenta|0 fnt\n|faint|p1b: Zamazenta\n|-damage|p2b: Incineroar|82/100|[from] Recoil\n|move|p1a: Maya|Ivy Cudgel|p2b: Incineroar|[anim] Ivy Cudgel Rock\n|-supereffective|p2b: Incineroar\n|-damage|p2b: Incineroar|0 fnt\n|faint|p2b: Incineroar\n|\n|-sideend|p2: suc vat vk|move: Tailwind\n|upkeep\n|\n|t:|1770428612\n|switch|p1b: Calyrex|Calyrex-Shadow, L50|100/100\n|switch|p2b: Miraidon|Miraidon, L50, shiny|100/100\n|-ability|p1b: Calyrex|As One\n|-ability|p1b: Calyrex|Unnerve\n|-activate|p2b: Miraidon|ability: Hadron Engine\n|turn|5\n|\n|t:|1770428618\n|move|p1b: Calyrex|Protect|p1b: Calyrex\n|-singleturn|p1b: Calyrex|Protect\n|move|p1a: Maya|Spiky Shield|p1a: Maya\n|-singleturn|p1a: Maya|move: Protect\n|move|p2b: Miraidon|Dazzling Gleam|p1a: Maya|[spread] \n|-activate|p1a: Maya|move: Protect\n|-activate|p1b: Calyrex|move: Protect\n|move|p2a: Zamazenta|Heavy Slam|p1b: Calyrex\n|-activate|p1b: Calyrex|move: Protect\n|\n|-fieldend|move: Electric Terrain\n|upkeep\n|turn|6\n|\n|t:|1770428632\n|-terastallize|p1b: Calyrex|Ghost\n|-terastallize|p2a: Zamazenta|Grass\n|move|p1b: Calyrex|Astral Barrage|p2a: Zamazenta|[spread] p2a,p2b\n|-damage|p2a: Zamazenta|52/100\n|-damage|p2b: Miraidon|30/100\n|move|p2b: Miraidon|Dazzling Gleam|p1b: Calyrex|[spread] p1a,p1b\n|-damage|p1a: Maya|14/100\n|-damage|p1b: Calyrex|68/100\n|move|p2a: Zamazenta|Heavy Slam|p1b: Calyrex\n|-damage|p1b: Calyrex|3/100\n|move|p1a: Maya|Ivy Cudgel|p2b: Miraidon|[anim] Ivy Cudgel Rock\n|-damage|p2b: Miraidon|0 fnt\n|faint|p2b: Miraidon\n|\n|upkeep\n|turn|7\n|-message|suc vat vk forfeited.\n|\n|win|cdogp3\n|raw|cdogp3's rating: 1524 &rarr; <strong>1539</strong><br />(+15 for winning)\n|raw|suc vat vk's rating: 1438 &rarr; <strong>1423</strong><br />(-15 for losing)\n|l|\u2606suc vat vk\n|player|p2|\n|l|\u2606cdogp3\n|player|p1|\n","uploadtime":1770428888,"views":17,"formatid":"gen9vgc2026regi","rating":1423,"private":0,"password":null}