{"id":"gen9vgc2026regi-2542039305","format":"[Gen 9] VGC 2026 Reg I","players":["huanyu0.0","raigonjoy"],"log":"|j|\u2606huanyu0.0\n|j|\u2606raigonjoy\n|t:|1771404340\n|gametype|doubles\n|player|p1|huanyu0.0|1|1404\n|player|p2|raigonjoy|1|1529\n|gen|9\n|tier|[Gen 9] VGC 2026 Reg I\n|rated|\n|rule|Species Clause: Limit one of each Pok\u00e9mon\n|rule|Item Clause: Limit 1 of each item\n|clearpoke\n|poke|p1|Miraidon, L50|\n|poke|p1|Calyrex-Ice, L50|\n|poke|p1|Landorus, L50, M|\n|poke|p1|Volcarona, L50, F|\n|poke|p1|Grimmsnarl, L50, M|\n|poke|p1|Farigiraf, L50, F|\n|poke|p2|Whimsicott, L50, M|\n|poke|p2|Urshifu-*, L50, F|\n|poke|p2|Ursaluna, L50, F|\n|poke|p2|Miraidon, L50|\n|poke|p2|Lunala, L50|\n|poke|p2|Incineroar, L50, F|\n|teampreview|4\n|inactive|Battle timer is ON: inactive players will automatically lose when time's up. (requested by huanyu0.0)\n|inactive|huanyu0.0 has 60 seconds left.\n|\n|t:|1771404394\n|teamsize|p1|4\n|teamsize|p2|4\n|start\n|switch|p1a: Miraidon|Miraidon, L50|100/100\n|switch|p1b: Grimmsnarl|Grimmsnarl, L50, M|100/100\n|switch|p2a: Miraidon|Miraidon, L50, shiny|100/100\n|switch|p2b: Incineroar|Incineroar, L50, F, shiny|100/100\n|-fieldstart|move: Electric Terrain|[from] ability: Hadron Engine|[of] p2a: Miraidon\n|-activate|p1a: Miraidon|ability: Hadron Engine\n|-ability|p2b: Incineroar|Intimidate|boost\n|-unboost|p1a: Miraidon|atk|1\n|-unboost|p1b: Grimmsnarl|atk|1\n|turn|1\n|\n|t:|1771404417\n|-terastallize|p2a: Miraidon|Electric\n|move|p2b: Incineroar|Fake Out|p1b: Grimmsnarl\n|-damage|p1b: Grimmsnarl|87/100\n|move|p1b: Grimmsnarl|Fake Out|p2a: Miraidon\n|-damage|p2a: Miraidon|93/100\n|cant|p2a: Miraidon|flinch\n|move|p1a: Miraidon|Volt Switch|p2b: Incineroar\n|-damage|p2b: Incineroar|60/100\n|\n|t:|1771404429\n|switch|p1a: Landorus|Landorus, L50, M|100/100|[from] Volt Switch\n|\n|upkeep\n|turn|2\n|\n|t:|1771404447\n|switch|p1b: Miraidon|Miraidon, L50|100/100\n|-activate|p1b: Miraidon|ability: Hadron Engine\n|move|p2a: Miraidon|Draco Meteor|p1a: Landorus\n|-damage|p1a: Landorus|0 fnt\n|-unboost|p2a: Miraidon|spa|2\n|faint|p1a: Landorus\n|-damage|p2a: Miraidon|84/100|[from] item: Life Orb\n|move|p2b: Incineroar|U-turn|p1b: Miraidon\n|-damage|p1b: Miraidon|84/100\n|inactive|raigonjoy has 30 seconds left.\n|\n|t:|1771404482\n|switch|p2b: Lunala|Lunala, L50, shiny|100/100|[from] U-turn\n|-enditem|p2b: Lunala|Electric Seed\n|-boost|p2b: Lunala|def|1|[from] item: Electric Seed\n|\n|upkeep\n|\n|t:|1771404493\n|switch|p1a: Calyrex|Calyrex-Ice, L50|100/100\n|-ability|p1a: Calyrex|As One\n|-ability|p1a: Calyrex|Unnerve\n|turn|3\n|\n|t:|1771404513\n|-terastallize|p1a: Calyrex|Fairy\n|move|p2a: Miraidon|Volt Switch|p1b: Miraidon\n|-resisted|p1b: Miraidon\n|-damage|p1b: Miraidon|76/100\n|-damage|p2a: Miraidon|74/100|[from] item: Life Orb\n|\n|t:|1771404519\n|switch|p2a: Incineroar|Incineroar, L50, F, shiny|60/100|[from] Volt Switch\n|-ability|p2a: Incineroar|Intimidate|boost\n|-fail|p1a: Calyrex|unboost|[from] item: Clear Amulet|[of] p1a: Calyrex\n|-unboost|p1b: Miraidon|atk|1\n|move|p1b: Miraidon|Volt Switch|p2a: Incineroar\n|-damage|p2a: Incineroar|20/100\n|\n|t:|1771404528\n|switch|p1b: Grimmsnarl|Grimmsnarl, L50, M|87/100|[from] Volt Switch\n|move|p2b: Lunala|Moonblast|p1b: Grimmsnarl\n|-supereffective|p1b: Grimmsnarl\n|-damage|p1b: Grimmsnarl|21/100\n|move|p1a: Calyrex|Glacial Lance|p2a: Incineroar|[spread] p2a,p2b\n|-resisted|p2a: Incineroar\n|-damage|p2a: Incineroar|0 fnt\n|-damage|p2b: Lunala|85/100\n|faint|p2a: Incineroar\n|-ability|p1a: Calyrex|Chilling Neigh|boost\n|-boost|p1a: Calyrex|atk|1\n|\n|upkeep\n|\n|t:|1771404537\n|switch|p2a: Ursaluna|Ursaluna, L50, F|100/100\n|turn|4\n|inactive|raigonjoy has 30 seconds left.\n|\n|t:|1771404563\n|move|p2b: Lunala|Wide Guard|p2b: Lunala\n|-singleturn|p2b: Lunala|Wide Guard\n|move|p1b: Grimmsnarl|Taunt|p2b: Lunala\n|-start|p2b: Lunala|move: Taunt\n|move|p2a: Ursaluna|Earthquake|p1a: Calyrex|[spread] p1a,p1b\n|-activate|p2b: Lunala|move: Wide Guard\n|-damage|p1a: Calyrex|72/100\n|-damage|p1b: Grimmsnarl|0 fnt\n|faint|p1b: Grimmsnarl\n|move|p1a: Calyrex|Glacial Lance|p2a: Ursaluna|[spread] \n|-activate|p2a: Ursaluna|move: Wide Guard\n|-activate|p2b: Lunala|move: Wide Guard\n|\n|-status|p2a: Ursaluna|brn|[from] item: Flame Orb\n|upkeep\n|\n|t:|1771404580\n|switch|p1b: Miraidon|Miraidon, L50|76/100\n|-activate|p1b: Miraidon|ability: Hadron Engine\n|turn|5\n|\n|t:|1771404596\n|move|p2a: Ursaluna|Protect|p2a: Ursaluna\n|-singleturn|p2a: Ursaluna|Protect\n|move|p1b: Miraidon|Snarl|p2b: Lunala|[spread] p2b\n|-activate|p2a: Ursaluna|move: Protect\n|-supereffective|p2b: Lunala\n|-damage|p2b: Lunala|29/100\n|-unboost|p2b: Lunala|spa|1\n|move|p2b: Lunala|Moongeist Beam|p1a: Calyrex\n|-damage|p1a: Calyrex|49/100\n|move|p1a: Calyrex|Glacial Lance|p2a: Ursaluna|[spread] p2b\n|-activate|p2a: Ursaluna|move: Protect\n|-damage|p2b: Lunala|0 fnt\n|faint|p2b: Lunala\n|-ability|p1a: Calyrex|Chilling Neigh|boost\n|-boost|p1a: Calyrex|atk|1\n|\n|-damage|p2a: Ursaluna|94/100 brn|[from] brn\n|-fieldend|move: Electric Terrain\n|upkeep\n|\n|t:|1771404615\n|switch|p2b: Miraidon|Miraidon, L50, shiny, tera:Electric|74/100\n|-fieldstart|move: Electric Terrain|[from] ability: Hadron Engine|[of] p2b: Miraidon\n|turn|6\n|\n|t:|1771404639\n|move|p2b: Miraidon|Draco Meteor|p1b: Miraidon\n|-supereffective|p1b: Miraidon\n|-damage|p1b: Miraidon|0 fnt\n|-unboost|p2b: Miraidon|spa|2\n|faint|p1b: Miraidon\n|-damage|p2b: Miraidon|64/100|[from] item: Life Orb\n|move|p1a: Calyrex|Glacial Lance|p2a: Ursaluna|[spread] p2a,p2b\n|-supereffective|p2a: Ursaluna\n|-damage|p2a: Ursaluna|0 fnt\n|-damage|p2b: Miraidon|0 fnt\n|faint|p2a: Ursaluna\n|faint|p2b: Miraidon\n|\n|win|huanyu0.0\n|raw|huanyu0.0's rating: 1404 &rarr; <strong>1431</strong><br />(+27 for winning)\n|raw|raigonjoy's rating: 1529 &rarr; <strong>1502</strong><br />(-27 for losing)\n|l|\u2606huanyu0.0\n|player|p1|\n","uploadtime":1771404678,"views":23,"formatid":"gen9vgc2026regi","rating":1431,"private":0,"password":null}