{"id":"gen9vgc2026regi-2567601135","format":"[Gen 9] VGC 2026 Reg I","players":["lilcardscammer","terafireflareblitz"],"log":"|j|\u2606lilcardscammer\n|j|\u2606terafireflareblitz\n|t:|1774492407\n|gametype|doubles\n|player|p1|lilcardscammer|waitress-gen4|1455\n|player|p2|terafireflareblitz|sycamore|1628\n|gen|9\n|tier|[Gen 9] VGC 2026 Reg I\n|rated|\n|rule|Species Clause: Limit one of each Pok\u00e9mon\n|rule|Item Clause: Limit 1 of each item\n|clearpoke\n|poke|p1|Lunala, L50|\n|poke|p1|Koraidon, L50|\n|poke|p1|Chi-Yu, L50|\n|poke|p1|Flutter Mane, L50|\n|poke|p1|Brute Bonnet, L50|\n|poke|p1|Ursaluna, L50, F|\n|poke|p2|Koraidon, L50|\n|poke|p2|Lunala, L50|\n|poke|p2|Indeedee-F, L50, F|\n|poke|p2|Flutter Mane, L50|\n|poke|p2|Volcarona, L50, F|\n|poke|p2|Ursaluna, L50, M|\n|teampreview|4\n|inactive|Battle timer is ON: inactive players will automatically lose when time's up. (requested by terafireflareblitz)\n|inactive|lilcardscammer also wants the timer to be on.\n|\n|t:|1774492427\n|teamsize|p1|4\n|teamsize|p2|4\n|start\n|switch|p1a: wicked witch|Flutter Mane, L50|100/100\n|switch|p1b: 2k2d tyrant barrel|Chi-Yu, L50, shiny|100/100\n|switch|p2a: Lunala|Lunala, L50, shiny|100/100\n|switch|p2b: Indeedee|Indeedee-F, L50, F|100/100\n|-ability|p1b: 2k2d tyrant barrel|Beads of Ruin\n|-fieldstart|move: Psychic Terrain|[from] ability: Psychic Surge|[of] p2b: Indeedee\n|turn|1\n|\n|t:|1774492435\n|-terastallize|p2a: Lunala|Water\n|move|p1b: 2k2d tyrant barrel|Snarl|p2b: Indeedee|[spread] p2a,p2b\n|-supereffective|p2b: Indeedee\n|-damage|p2a: Lunala|88/100\n|-damage|p2b: Indeedee|36/100\n|-unboost|p2a: Lunala|spa|1\n|-unboost|p2b: Indeedee|spa|1\n|move|p1a: wicked witch|Moonblast|p2a: Lunala\n|-damage|p2a: Lunala|42/100\n|move|p2a: Lunala|Meteor Beam||[still]\n|-prepare|p2a: Lunala|Meteor Beam\n|-boost|p2a: Lunala|spa|1\n|-enditem|p2a: Lunala|Power Herb\n|-anim|p2a: Lunala|Meteor Beam|p1b: 2k2d tyrant barrel\n|-supereffective|p1b: 2k2d tyrant barrel\n|-damage|p1b: 2k2d tyrant barrel|0 fnt\n|faint|p1b: 2k2d tyrant barrel\n|move|p2b: Indeedee|Alluring Voice|p1a: wicked witch\n|-damage|p1a: wicked witch|88/100\n|\n|upkeep\n|\n|t:|1774492445\n|switch|p1b: LOCKHEED|Koraidon, L50, shiny|100/100\n|-weather|SunnyDay|[from] ability: Orichalcum Pulse|[of] p1b: LOCKHEED\n|-activate|p1a: wicked witch|ability: Protosynthesis\n|-start|p1a: wicked witch|protosynthesisspe\n|-activate|p1b: LOCKHEED|Orichalcum Pulse|[source]\n|turn|2\n|\n|t:|1774492453\n|move|p2b: Indeedee|Follow Me|p2b: Indeedee\n|-singleturn|p2b: Indeedee|move: Follow Me\n|move|p1a: wicked witch|Moonblast|p2b: Indeedee\n|-damage|p2b: Indeedee|0 fnt\n|faint|p2b: Indeedee\n|move|p1b: LOCKHEED|Close Combat|p2a: Lunala\n|-damage|p2a: Lunala|0 fnt\n|-unboost|p1b: LOCKHEED|def|1\n|-unboost|p1b: LOCKHEED|spd|1\n|faint|p2a: Lunala\n|-damage|p1b: LOCKHEED|91/100|[from] item: Life Orb\n|\n|-weather|SunnyDay|[upkeep]\n|upkeep\n|\n|t:|1774492457\n|switch|p2a: Flutter Mane|Flutter Mane, L50|100/100\n|switch|p2b: Koraidon|Koraidon, L50, shiny|100/100\n|-activate|p2b: Koraidon|ability: Orichalcum Pulse\n|-activate|p2a: Flutter Mane|ability: Protosynthesis\n|-start|p2a: Flutter Mane|protosynthesisspe\n|turn|3\n|\n|t:|1774492466\n|move|p1a: wicked witch|Protect|p1a: wicked witch\n|-singleturn|p1a: wicked witch|Protect\n|move|p1b: LOCKHEED|Protect|p1b: LOCKHEED\n|-singleturn|p1b: LOCKHEED|Protect\n|move|p2a: Flutter Mane|Shadow Ball|p1a: wicked witch\n|-activate|p1a: wicked witch|move: Protect\n|move|p2b: Koraidon|Close Combat|p1b: LOCKHEED\n|-activate|p1b: LOCKHEED|move: Protect\n|\n|-weather|SunnyDay|[upkeep]\n|upkeep\n|turn|4\n|\n|t:|1774492485\n|move|p2a: Flutter Mane|Icy Wind|p1a: wicked witch|[spread] p1a,p1b\n|-supereffective|p1b: LOCKHEED\n|-damage|p1a: wicked witch|71/100\n|-damage|p1b: LOCKHEED|45/100\n|-unboost|p1a: wicked witch|spe|1\n|-unboost|p1b: LOCKHEED|spe|1\n|move|p2b: Koraidon|Flare Blitz|p1a: wicked witch\n|-damage|p1a: wicked witch|0 fnt\n|faint|p1a: wicked witch\n|-end|p1a: wicked witch|Protosynthesis|[silent]\n|-damage|p2b: Koraidon|83/100|[from] Recoil\n|-damage|p2b: Koraidon|73/100|[from] item: Life Orb\n|move|p1b: LOCKHEED|Close Combat|p2b: Koraidon\n|-damage|p2b: Koraidon|0 fnt\n|-unboost|p1b: LOCKHEED|def|1\n|-unboost|p1b: LOCKHEED|spd|1\n|faint|p2b: Koraidon\n|-damage|p1b: LOCKHEED|36/100|[from] item: Life Orb\n|\n|-weather|SunnyDay|[upkeep]\n|upkeep\n|\n|t:|1774492487\n|switch|p1a: lemon glow|Brute Bonnet, L50, shiny|100/100\n|-activate|p1a: lemon glow|ability: Protosynthesis\n|-start|p1a: lemon glow|protosynthesisdef\n|turn|5\n|\n|t:|1774492502\n|move|p1a: lemon glow|Sucker Punch|p2a: Flutter Mane\n|-activate|p2a: Flutter Mane|move: Psychic Terrain\n|move|p2a: Flutter Mane|Moonblast|p1a: lemon glow\n|-supereffective|p1a: lemon glow\n|-damage|p1a: lemon glow|23/100\n|move|p1b: LOCKHEED|Flame Charge|p2a: Flutter Mane\n|-enditem|p2a: Flutter Mane|Focus Sash\n|-damage|p2a: Flutter Mane|1/100\n|-boost|p1b: LOCKHEED|spe|1\n|-damage|p1b: LOCKHEED|26/100|[from] item: Life Orb\n|\n|-weather|SunnyDay|[upkeep]\n|-fieldend|move: Psychic Terrain\n|upkeep\n|turn|6\n|-message|terafireflareblitz forfeited.\n|\n|win|lilcardscammer\n|raw|lilcardscammer's rating: 1455 &rarr; <strong>1484</strong><br />(+29 for winning)\n|raw|terafireflareblitz's rating: 1628 &rarr; <strong>1599</strong><br />(-29 for losing)\n","uploadtime":1774492514,"views":13,"formatid":"gen9vgc2026regi","rating":1484,"private":0,"password":null}