{"id":"gen9vgc2026regi-2528581837","format":"[Gen 9] VGC 2026 Reg I","players":["Low Tier Goodra","ky123456"],"log":"|j|\u2606Low Tier Goodra\n|j|\u2606ky123456\n|t:|1769680831\n|gametype|doubles\n|player|p1|Low Tier Goodra|jasmine|1474\n|player|p2|ky123456|cynthia-gen4|1505\n|gen|9\n|tier|[Gen 9] VGC 2026 Reg I\n|rated|\n|rule|Species Clause: Limit one of each Pok\u00e9mon\n|rule|Item Clause: Limit 1 of each item\n|clearpoke\n|poke|p1|Calyrex-Ice, L50|\n|poke|p1|Kyogre, L50|\n|poke|p1|Sinistcha-Masterpiece, L50|\n|poke|p1|Rillaboom, L50, M|\n|poke|p1|Ursaluna, L50, F|\n|poke|p1|Incineroar, L50, M|\n|poke|p2|Kyogre, L50|\n|poke|p2|Calyrex-Ice, L50|\n|poke|p2|Grimmsnarl, L50, M|\n|poke|p2|Rillaboom, L50, F|\n|poke|p2|Landorus, L50, M|\n|poke|p2|Urshifu-*, L50, M|\n|teampreview|4\n|l|\u2606Low Tier Goodra\n|player|p1|\n|j|\u2606Low Tier Goodra\n|player|p1|Low Tier Goodra|jasmine|\n|inactive|Battle timer is ON: inactive players will automatically lose when time's up. (requested by ky123456)\n|\n|t:|1769680933\n|teamsize|p1|4\n|teamsize|p2|4\n|start\n|switch|p1a: Rillaboom|Rillaboom, L50, M|100/100\n|switch|p1b: Calyrex|Calyrex-Ice, L50|100/100\n|switch|p2a: Kyogre|Kyogre, L50|100/100\n|switch|p2b: Urshifu|Urshifu-Rapid-Strike, L50, M|100/100\n|-ability|p1b: Calyrex|As One\n|-ability|p1b: Calyrex|Unnerve\n|-fieldstart|move: Grassy Terrain|[from] ability: Grassy Surge|[of] p1a: Rillaboom\n|-weather|RainDance|[from] ability: Drizzle|[of] p2a: Kyogre\n|turn|1\n|\n|t:|1769680957\n|move|p2b: Urshifu|Surging Strikes|p1b: Calyrex\n|-crit|p1b: Calyrex\n|-damage|p1b: Calyrex|82/100\n|-crit|p1b: Calyrex\n|-damage|p1b: Calyrex|63/100\n|-crit|p1b: Calyrex\n|-damage|p1b: Calyrex|41/100\n|-hitcount|p1b: Calyrex|3\n|move|p1a: Rillaboom|Wood Hammer|p2a: Kyogre\n|-supereffective|p2a: Kyogre\n|-damage|p2a: Kyogre|0 fnt\n|faint|p2a: Kyogre\n|-damage|p1a: Rillaboom|65/100|[from] Recoil\n|move|p1b: Calyrex|Trick Room|p1b: Calyrex\n|-fieldstart|move: Trick Room|[of] p1b: Calyrex\n|\n|-weather|RainDance|[upkeep]\n|-heal|p1b: Calyrex|47/100|[from] Grassy Terrain\n|-heal|p1a: Rillaboom|71/100|[from] Grassy Terrain\n|upkeep\n|\n|t:|1769680969\n|switch|p2a: Calyrex|Calyrex-Ice, L50|100/100\n|-ability|p2a: Calyrex|As One\n|-ability|p2a: Calyrex|Unnerve\n|turn|2\n|\n|t:|1769680978\n|-terastallize|p1a: Rillaboom|Water\n|move|p1b: Calyrex|Leech Seed|p2a: Calyrex\n|-start|p2a: Calyrex|move: Leech Seed\n|move|p2a: Calyrex|Glacial Lance|p1b: Calyrex|[spread] p1a,p1b\n|-resisted|p1a: Rillaboom\n|-resisted|p1b: Calyrex\n|-damage|p1a: Rillaboom|42/100\n|-damage|p1b: Calyrex|30/100\n|move|p1a: Rillaboom|Wood Hammer|p2b: Urshifu\n|-supereffective|p2b: Urshifu\n|-damage|p2b: Urshifu|0 fnt\n|faint|p2b: Urshifu\n|-damage|p1a: Rillaboom|10/100|[from] Recoil\n|\n|-weather|RainDance|[upkeep]\n|-heal|p1b: Calyrex|36/100|[from] Grassy Terrain\n|-heal|p1a: Rillaboom|16/100|[from] Grassy Terrain\n|-damage|p2a: Calyrex|88/100|[from] Leech Seed|[of] p1b: Calyrex\n|-heal|p1b: Calyrex|48/100|[silent]\n|upkeep\n|\n|t:|1769680990\n|switch|p2b: Grimmsnarl|Grimmsnarl, L50, M|100/100\n|turn|3\n|\n|t:|1769681008\n|move|p1b: Calyrex|Glacial Lance|p2a: Calyrex|[spread] p2a,p2b\n|-resisted|p2a: Calyrex\n|-damage|p2a: Calyrex|74/100\n|-damage|p2b: Grimmsnarl|62/100\n|move|p2a: Calyrex|Glacial Lance|p1b: Calyrex|[spread] p1a,p1b\n|-resisted|p1a: Rillaboom\n|-resisted|p1b: Calyrex\n|-damage|p1a: Rillaboom|0 fnt\n|-damage|p1b: Calyrex|33/100\n|faint|p1a: Rillaboom\n|-ability|p2a: Calyrex|Chilling Neigh|boost\n|-boost|p2a: Calyrex|atk|1\n|move|p2b: Grimmsnarl|Foul Play|p1b: Calyrex\n|-supereffective|p1b: Calyrex\n|-damage|p1b: Calyrex|0 fnt\n|faint|p1b: Calyrex\n|\n|-weather|RainDance|[upkeep]\n|-heal|p2a: Calyrex|80/100|[from] Grassy Terrain\n|-heal|p2a: Calyrex|86/100|[from] item: Leftovers\n|-heal|p2b: Grimmsnarl|68/100|[from] Grassy Terrain\n|upkeep\n|\n|t:|1769681017\n|switch|p1b: Sinistcha|Sinistcha-Masterpiece, L50|100/100\n|switch|p1a: Kyogre|Kyogre, L50|100/100\n|-enditem|p1b: Sinistcha|Grassy Seed\n|-boost|p1b: Sinistcha|def|1|[from] item: Grassy Seed\n|turn|4\n|\n|t:|1769681032\n|move|p2b: Grimmsnarl|Light Screen|p2b: Grimmsnarl\n|-sidestart|p2: ky123456|move: Light Screen\n|move|p1a: Kyogre|Water Spout|p2b: Grimmsnarl|[spread] p2a,p2b\n|-damage|p2a: Calyrex|45/100\n|-damage|p2b: Grimmsnarl|0 fnt\n|faint|p2b: Grimmsnarl\n|move|p1b: Sinistcha|Shadow Ball|p2a: Calyrex\n|-supereffective|p2a: Calyrex\n|-damage|p2a: Calyrex|8/100\n|move|p2a: Calyrex|Glacial Lance|p1b: Sinistcha|[spread] p1a,p1b\n|-resisted|p1a: Kyogre\n|-supereffective|p1b: Sinistcha\n|-damage|p1a: Kyogre|64/100\n|-damage|p1b: Sinistcha|0 fnt\n|faint|p1b: Sinistcha\n|-ability|p2a: Calyrex|Chilling Neigh|boost\n|-boost|p2a: Calyrex|atk|1\n|\n|-weather|RainDance|[upkeep]\n|-heal|p1a: Kyogre|70/100|[from] Grassy Terrain\n|-heal|p2a: Calyrex|14/100|[from] Grassy Terrain\n|-heal|p2a: Calyrex|20/100|[from] item: Leftovers\n|upkeep\n|turn|5\n|inactive|Low Tier Goodra has 30 seconds left.\n|\n|t:|1769681058\n|move|p1a: Kyogre|Water Spout|p2a: Calyrex\n|-damage|p2a: Calyrex|0 fnt\n|faint|p2a: Calyrex\n|\n|win|Low Tier Goodra\n|raw|Low Tier Goodra's rating: 1474 &rarr; <strong>1496</strong><br />(+22 for winning)\n|raw|ky123456's rating: 1505 &rarr; <strong>1483</strong><br />(-22 for losing)\n|l|\u2606ky123456\n|player|p2|\n|l|\u2606Low Tier Goodra\n|player|p1|\n","uploadtime":1769681323,"views":19,"formatid":"gen9vgc2026regi","rating":1483,"private":0,"password":null}