{"id":"gen9vgc2026regi-2566968924","format":"[Gen 9] VGC 2026 Reg I","players":["slimeslatt252","ReReReTryAgain"],"log":"|j|\u2606slimeslatt252\n|j|\u2606ReReReTryAgain\n|t:|1774436381\n|gametype|doubles\n|player|p1|slimeslatt252|265|1426\n|player|p2|ReReReTryAgain|2|1482\n|gen|9\n|tier|[Gen 9] VGC 2026 Reg I\n|rated|\n|rule|Species Clause: Limit one of each Pok\u00e9mon\n|rule|Item Clause: Limit 1 of each item\n|clearpoke\n|poke|p1|Calyrex-Shadow, L50|\n|poke|p1|Koraidon, L50|\n|poke|p1|Incineroar, L50, M|\n|poke|p1|Raging Bolt, L50|\n|poke|p1|Brute Bonnet, L50|\n|poke|p1|Landorus, L50, M|\n|poke|p2|Zacian-*, L50|\n|poke|p2|Iron Valiant, L50|\n|poke|p2|Tyranitar, L50, F|\n|poke|p2|Zamazenta-*, L50|\n|poke|p2|Landorus, L50, M|\n|poke|p2|Tornadus, L50, M|\n|teampreview|4\n|inactive|Battle timer is ON: inactive players will automatically lose when time's up. (requested by slimeslatt252)\n|\n|t:|1774436403\n|teamsize|p1|4\n|teamsize|p2|4\n|start\n|switch|p1a: Incineroar|Incineroar, L50, M|100/100\n|switch|p1b: Calyrex|Calyrex-Shadow, L50|100/100\n|switch|p2a: Tyranitar|Tyranitar, L50, F|100/100\n|switch|p2b: Zacian|Zacian-Crowned, L50|100/100\n|-ability|p1b: Calyrex|As One\n|-ability|p1b: Calyrex|Unnerve\n|-ability|p2b: Zacian|Intrepid Sword|boost\n|-boost|p2b: Zacian|atk|1\n|-weather|Sandstorm|[from] ability: Sand Stream|[of] p2a: Tyranitar\n|-ability|p1a: Incineroar|Intimidate|boost\n|-unboost|p2a: Tyranitar|atk|1\n|-unboost|p2b: Zacian|atk|1\n|turn|1\n|\n|t:|1774436421\n|move|p1b: Calyrex|Protect|p1b: Calyrex\n|-singleturn|p1b: Calyrex|Protect\n|move|p2b: Zacian|Play Rough|p1a: Incineroar\n|-damage|p1a: Incineroar|63/100\n|move|p2a: Tyranitar|Taunt|p1a: Incineroar\n|-start|p1a: Incineroar|move: Taunt\n|cant|p1a: Incineroar|move: Taunt|Parting Shot\n|\n|-weather|Sandstorm|[upkeep]\n|-damage|p1b: Calyrex|94/100|[from] Sandstorm\n|upkeep\n|turn|2\n|\n|t:|1774436440\n|switch|p1b: Koraidon|Koraidon, L50|100/100\n|-weather|SunnyDay|[from] ability: Orichalcum Pulse|[of] p1b: Koraidon\n|-activate|p1b: Koraidon|Orichalcum Pulse|[source]\n|move|p2b: Zacian|Play Rough|p1b: Koraidon\n|-supereffective|p1b: Koraidon\n|-damage|p1b: Koraidon|0 fnt\n|faint|p1b: Koraidon\n|move|p2a: Tyranitar|Knock Off|p1a: Incineroar\n|-resisted|p1a: Incineroar\n|-damage|p1a: Incineroar|48/100\n|-enditem|p1a: Incineroar|Safety Goggles|[from] move: Knock Off|[of] p2a: Tyranitar\n|move|p1a: Incineroar|Knock Off|p2a: Tyranitar\n|-resisted|p2a: Tyranitar\n|-crit|p2a: Tyranitar\n|-damage|p2a: Tyranitar|73/100\n|-enditem|p2a: Tyranitar|Focus Sash|[from] move: Knock Off|[of] p1a: Incineroar\n|\n|-weather|SunnyDay|[upkeep]\n|upkeep\n|\n|t:|1774436445\n|switch|p1b: Calyrex|Calyrex-Shadow, L50|94/100\n|-ability|p1b: Calyrex|As One\n|-ability|p1b: Calyrex|Unnerve\n|turn|3\n|\n|t:|1774436464\n|switch|p1a: raging dingus|Raging Bolt, L50|100/100\n|-activate|p1a: raging dingus|ability: Protosynthesis\n|-start|p1a: raging dingus|protosynthesisspa\n|move|p1b: Calyrex|Protect|p1b: Calyrex\n|-singleturn|p1b: Calyrex|Protect\n|move|p2b: Zacian|Play Rough|p1b: Calyrex\n|-activate|p1b: Calyrex|move: Protect\n|move|p2a: Tyranitar|Rock Slide|p1a: raging dingus|[spread] p1a\n|-activate|p1b: Calyrex|move: Protect\n|-damage|p1a: raging dingus|84/100\n|\n|-weather|SunnyDay|[upkeep]\n|upkeep\n|turn|4\n|inactive|slimeslatt252 has 30 seconds left.\n|inactive|ReReReTryAgain has 30 seconds left.\n|\n|t:|1774436498\n|switch|p2a: Landorus|Landorus, L50, M|100/100\n|-terastallize|p1b: Calyrex|Ghost\n|move|p2b: Zacian|Protect|p2b: Zacian\n|-singleturn|p2b: Zacian|Protect\n|move|p1a: raging dingus|Thunderclap||[still]\n|-fail|p1a: raging dingus\n|move|p1b: Calyrex|Astral Barrage|p2b: Zacian|[spread] p2a\n|-activate|p2b: Zacian|move: Protect\n|-damage|p2a: Landorus|9/100\n|\n|-weather|SunnyDay|[upkeep]\n|upkeep\n|turn|5\n|\n|t:|1774436520\n|switch|p2a: Tyranitar|Tyranitar, L50, F|73/100\n|-weather|Sandstorm|[from] ability: Sand Stream|[of] p2a: Tyranitar\n|-end|p1a: raging dingus|Protosynthesis\n|-terastallize|p2b: Zacian|Ground\n|move|p1b: Calyrex|Protect|p1b: Calyrex\n|-singleturn|p1b: Calyrex|Protect\n|move|p2b: Zacian|Behemoth Blade|p1b: Calyrex\n|-activate|p1b: Calyrex|move: Protect\n|move|p1a: raging dingus|Volt Switch|p2b: Zacian\n|-immune|p2b: Zacian\n|\n|-weather|Sandstorm|[upkeep]\n|-damage|p1b: Calyrex|88/100|[from] Sandstorm\n|-damage|p1a: raging dingus|78/100|[from] Sandstorm\n|upkeep\n|turn|6\n|\n|t:|1774436541\n|switch|p1b: Incineroar|Incineroar, L50, M|48/100\n|-ability|p1b: Incineroar|Intimidate|boost\n|-unboost|p2a: Tyranitar|atk|1\n|-unboost|p2b: Zacian|atk|1\n|move|p2b: Zacian|Tera Blast|p1b: Incineroar|[anim] Tera Blast Ground\n|-supereffective|p1b: Incineroar\n|-damage|p1b: Incineroar|0 fnt\n|faint|p1b: Incineroar\n|move|p2a: Tyranitar|Knock Off|p1a: raging dingus\n|-damage|p1a: raging dingus|50/100\n|-enditem|p1a: raging dingus|Assault Vest|[from] move: Knock Off|[of] p2a: Tyranitar\n|move|p1a: raging dingus|Volt Switch|p2a: Tyranitar\n|-damage|p2a: Tyranitar|47/100\n|\n|t:|1774436554\n|-end|p1a: raging dingus|Protosynthesis|[silent]\n|switch|p1a: Calyrex|Calyrex-Shadow, L50, tera:Ghost|88/100|[from] Volt Switch\n|-ability|p1a: Calyrex|As One\n|-ability|p1a: Calyrex|Unnerve\n|\n|-weather|Sandstorm|[upkeep]\n|-damage|p1a: Calyrex|82/100|[from] Sandstorm\n|upkeep\n|\n|t:|1774436555\n|switch|p1b: raging dingus|Raging Bolt, L50|50/100\n|turn|7\n|\n|t:|1774436565\n|move|p1a: Calyrex|Astral Barrage|p2a: Tyranitar|[spread] p2a,p2b\n|-resisted|p2a: Tyranitar\n|-damage|p2a: Tyranitar|20/100\n|-damage|p2b: Zacian|28/100\n|move|p2b: Zacian|Tera Blast|p1b: raging dingus|[anim] Tera Blast Ground\n|-supereffective|p1b: raging dingus\n|-damage|p1b: raging dingus|2/100\n|move|p2a: Tyranitar|Knock Off|p1a: Calyrex\n|-supereffective|p1a: Calyrex\n|-crit|p1a: Calyrex\n|-damage|p1a: Calyrex|0 fnt\n|-enditem|p1a: Calyrex|Focus Sash|[from] move: Knock Off|[of] p2a: Tyranitar\n|faint|p1a: Calyrex\n|move|p1b: raging dingus|Dragon Pulse|p2b: Zacian\n|-damage|p2b: Zacian|0 fnt\n|faint|p2b: Zacian\n|\n|-weather|Sandstorm|[upkeep]\n|-damage|p1b: raging dingus|0 fnt|[from] Sandstorm\n|faint|p1b: raging dingus\n|-end|p1b: raging dingus|Protosynthesis|[silent]\n|\n|win|ReReReTryAgain\n|raw|slimeslatt252's rating: 1426 &rarr; <strong>1409</strong><br />(-17 for losing)\n|raw|ReReReTryAgain's rating: 1482 &rarr; <strong>1499</strong><br />(+17 for winning)\n|l|\u2606ReReReTryAgain\n|player|p2|\n","uploadtime":1774436747,"views":14,"formatid":"gen9vgc2026regi","rating":1409,"private":0,"password":null}