{"id":"gen9vgc2026regi-2552004380","format":"[Gen 9] VGC 2026 Reg I","players":["lalo's pollos","ryo8989"],"log":"|j|\u2606lalo's pollos\n|j|\u2606ryo8989\n|t:|1772664646\n|gametype|doubles\n|player|p1|lalo's pollos|266|1421\n|player|p2|ryo8989|erika|1475\n|gen|9\n|tier|[Gen 9] VGC 2026 Reg I\n|rated|\n|rule|Species Clause: Limit one of each Pok\u00e9mon\n|rule|Item Clause: Limit 1 of each item\n|clearpoke\n|poke|p1|Miraidon, L50|\n|poke|p1|Landorus, L50, M|\n|poke|p1|Incineroar, L50, M|\n|poke|p1|Iron Bundle, L50|\n|poke|p1|Farigiraf, L50, M|\n|poke|p1|Calyrex-Ice, L50|\n|poke|p2|Calyrex-Shadow, L50|\n|poke|p2|Zamazenta-*, L50|\n|poke|p2|Rillaboom, L50, M|\n|poke|p2|Incineroar, L50, F|\n|poke|p2|Raging Bolt, L50|\n|poke|p2|Tornadus, L50, M|\n|teampreview|4\n|\n|t:|1772664660\n|teamsize|p1|4\n|teamsize|p2|4\n|start\n|switch|p1a: Landorus|Landorus, L50, M|100/100\n|switch|p1b: the Manager|Farigiraf, L50, M|100/100\n|switch|p2a: Calyrex|Calyrex-Shadow, L50|100/100\n|switch|p2b: Rillaboom|Rillaboom, L50, M|100/100\n|-ability|p2a: Calyrex|As One\n|-ability|p2a: Calyrex|Unnerve\n|-fieldstart|move: Grassy Terrain|[from] ability: Grassy Surge|[of] p2b: Rillaboom\n|turn|1\n|\n|t:|1772664699\n|move|p2a: Calyrex|Pollen Puff|p1b: the Manager\n|-supereffective|p1b: the Manager\n|-damage|p1b: the Manager|25/100\n|-damage|p2a: Calyrex|91/100|[from] item: Life Orb\n|move|p1a: Landorus|Sludge Bomb|p2b: Rillaboom\n|-supereffective|p2b: Rillaboom\n|-damage|p2b: Rillaboom|36/100\n|move|p2b: Rillaboom|U-turn|p1b: the Manager\n|-supereffective|p1b: the Manager\n|-damage|p1b: the Manager|0 fnt\n|faint|p1b: the Manager\n|\n|t:|1772664712\n|switch|p2b: Incineroar|Incineroar, L50, F|100/100|[from] U-turn\n|-ability|p2b: Incineroar|Intimidate|boost\n|-unboost|p1a: Landorus|atk|1\n|\n|-heal|p2a: Calyrex|97/100|[from] Grassy Terrain\n|upkeep\n|\n|t:|1772664721\n|switch|p1b: Calyrex|Calyrex-Ice, L50|100/100\n|-ability|p1b: Calyrex|As One\n|-ability|p1b: Calyrex|Unnerve\n|turn|2\n|\n|t:|1772664762\n|move|p1a: Landorus|Protect|p1a: Landorus\n|-singleturn|p1a: Landorus|Protect\n|move|p1b: Calyrex|Protect|p1b: Calyrex\n|-singleturn|p1b: Calyrex|Protect\n|move|p2b: Incineroar|Fake Out|p1a: Landorus\n|-activate|p1a: Landorus|move: Protect\n|move|p2a: Calyrex|Astral Barrage|p1b: Calyrex|[spread] \n|-activate|p1a: Landorus|move: Protect\n|-activate|p1b: Calyrex|move: Protect\n|\n|-heal|p2a: Calyrex|100/100|[from] Grassy Terrain\n|upkeep\n|turn|3\n|\n|t:|1772664792\n|-terastallize|p2b: Incineroar|Grass\n|-terastallize|p1b: Calyrex|Water\n|move|p2a: Calyrex|Astral Barrage|p1a: Landorus|[spread] p1a,p1b\n|-damage|p1a: Landorus|13/100\n|-damage|p1b: Calyrex|50/100\n|-damage|p2a: Calyrex|91/100|[from] item: Life Orb\n|move|p1a: Landorus|Sandsear Storm|p2a: Calyrex|[spread] p2b\n|-miss|p1a: Landorus|p2a: Calyrex\n|-resisted|p2b: Incineroar\n|-damage|p2b: Incineroar|73/100\n|move|p2b: Incineroar|Knock Off|p1a: Landorus\n|-damage|p1a: Landorus|0 fnt\n|-enditem|p1a: Landorus|Life Orb|[from] move: Knock Off|[of] p2b: Incineroar\n|faint|p1a: Landorus\n|move|p1b: Calyrex|Trick Room|p1b: Calyrex\n|-fieldstart|move: Trick Room|[of] p1b: Calyrex\n|\n|-heal|p1b: Calyrex|56/100|[from] Grassy Terrain\n|-heal|p2b: Incineroar|79/100|[from] Grassy Terrain\n|-heal|p2a: Calyrex|97/100|[from] Grassy Terrain\n|upkeep\n|\n|t:|1772664808\n|switch|p1a: Co-Star|Miraidon, L50|100/100\n|-fieldstart|move: Electric Terrain|[from] ability: Hadron Engine|[of] p1a: Co-Star\n|turn|4\n|\n|t:|1772664827\n|switch|p2b: Zamazenta|Zamazenta-Crowned, L50|100/100\n|-ability|p2b: Zamazenta|Dauntless Shield|boost\n|-boost|p2b: Zamazenta|def|1\n|move|p2a: Calyrex|Protect|p2a: Calyrex\n|-singleturn|p2a: Calyrex|Protect\n|move|p1b: Calyrex|Glacial Lance|p2a: Calyrex|[spread] p2b\n|-activate|p2a: Calyrex|move: Protect\n|-resisted|p2b: Zamazenta\n|-damage|p2b: Zamazenta|89/100\n|move|p1a: Co-Star|Electro Drift|p2a: Calyrex\n|-activate|p2a: Calyrex|move: Protect\n|\n|upkeep\n|turn|5\n|\n|t:|1772664845\n|switch|p2a: Rillaboom|Rillaboom, L50, M|36/100\n|-fieldstart|move: Grassy Terrain|[from] ability: Grassy Surge|[of] p2a: Rillaboom\n|move|p2b: Zamazenta|Wide Guard|p2b: Zamazenta\n|-singleturn|p2b: Zamazenta|Wide Guard\n|move|p1b: Calyrex|High Horsepower|p2a: Rillaboom\n|-resisted|p2a: Rillaboom\n|-damage|p2a: Rillaboom|18/100\n|move|p1a: Co-Star|Electro Drift|p2b: Zamazenta\n|-damage|p2b: Zamazenta|32/100\n|\n|-heal|p1b: Calyrex|62/100|[from] Grassy Terrain\n|-heal|p2a: Rillaboom|24/100|[from] Grassy Terrain\n|-heal|p2b: Zamazenta|38/100|[from] Grassy Terrain\n|upkeep\n|turn|6\n|\n|t:|1772664864\n|move|p2a: Rillaboom|Fake Out|p1a: Co-Star\n|-damage|p1a: Co-Star|88/100\n|move|p1b: Calyrex|Glacial Lance|p2b: Zamazenta|[spread] p2a,p2b\n|-supereffective|p2a: Rillaboom\n|-resisted|p2b: Zamazenta\n|-damage|p2a: Rillaboom|0 fnt\n|-damage|p2b: Zamazenta|27/100\n|faint|p2a: Rillaboom\n|-ability|p1b: Calyrex|Chilling Neigh|boost\n|-boost|p1b: Calyrex|atk|1\n|move|p2b: Zamazenta|Body Press|p1a: Co-Star\n|-damage|p1a: Co-Star|27/100\n|cant|p1a: Co-Star|flinch\n|\n|-heal|p1b: Calyrex|68/100|[from] Grassy Terrain\n|-heal|p2b: Zamazenta|33/100|[from] Grassy Terrain\n|-heal|p1a: Co-Star|33/100|[from] Grassy Terrain\n|upkeep\n|\n|t:|1772664891\n|switch|p2a: Calyrex|Calyrex-Shadow, L50|97/100\n|-ability|p2a: Calyrex|As One\n|-ability|p2a: Calyrex|Unnerve\n|turn|7\n|\n|t:|1772664898\n|move|p2b: Zamazenta|Protect|p2b: Zamazenta\n|-singleturn|p2b: Zamazenta|Protect\n|move|p2a: Calyrex|Protect|p2a: Calyrex\n|-singleturn|p2a: Calyrex|Protect\n|move|p1b: Calyrex|High Horsepower|p2b: Zamazenta\n|-activate|p2b: Zamazenta|move: Protect\n|move|p1a: Co-Star|Electro Drift|p2a: Calyrex\n|-activate|p2a: Calyrex|move: Protect\n|\n|-heal|p1b: Calyrex|74/100|[from] Grassy Terrain\n|-heal|p2b: Zamazenta|40/100|[from] Grassy Terrain\n|-heal|p2a: Calyrex|100/100|[from] Grassy Terrain\n|-heal|p1a: Co-Star|39/100|[from] Grassy Terrain\n|-fieldend|move: Trick Room\n|upkeep\n|turn|8\n|\n|t:|1772664915\n|move|p1a: Co-Star|Electro Drift|p2b: Zamazenta\n|-damage|p2b: Zamazenta|0 fnt\n|faint|p2b: Zamazenta\n|move|p2a: Calyrex|Astral Barrage|p1a: Co-Star|[spread] p1a,p1b\n|-damage|p1a: Co-Star|0 fnt\n|-damage|p1b: Calyrex|24/100\n|faint|p1a: Co-Star\n|-ability|p2a: Calyrex|Grim Neigh|boost\n|-boost|p2a: Calyrex|spa|1\n|-damage|p2a: Calyrex|91/100|[from] item: Life Orb\n|move|p1b: Calyrex|Trick Room|p1b: Calyrex\n|-fieldstart|move: Trick Room|[of] p1b: Calyrex\n|\n|-heal|p1b: Calyrex|30/100|[from] Grassy Terrain\n|-heal|p2a: Calyrex|97/100|[from] Grassy Terrain\n|upkeep\n|\n|t:|1772664931\n|switch|p2b: Incineroar|Incineroar, L50, F, tera:Grass|79/100\n|-ability|p2b: Incineroar|Intimidate|boost\n|-fail|p1b: Calyrex|unboost|[from] item: Clear Amulet|[of] p1b: Calyrex\n|turn|9\n|\n|t:|1772664943\n|move|p1b: Calyrex|Protect|p1b: Calyrex\n|-singleturn|p1b: Calyrex|Protect\n|move|p2b: Incineroar|Fake Out|p1b: Calyrex\n|-activate|p1b: Calyrex|move: Protect\n|move|p2a: Calyrex|Pollen Puff|p2b: Incineroar\n|-heal|p2b: Incineroar|100/100\n|-damage|p2a: Calyrex|88/100|[from] item: Life Orb\n|\n|-heal|p1b: Calyrex|36/100|[from] Grassy Terrain\n|-heal|p2a: Calyrex|94/100|[from] Grassy Terrain\n|-fieldend|move: Grassy Terrain\n|upkeep\n|turn|10\n|\n|t:|1772664964\n|move|p1b: Calyrex|Glacial Lance|p2a: Calyrex|[spread] p2a,p2b\n|-supereffective|p2b: Incineroar\n|-damage|p2a: Calyrex|0 fnt\n|-damage|p2b: Incineroar|0 fnt\n|faint|p2a: Calyrex\n|faint|p2b: Incineroar\n|\n|win|lalo's pollos\n|raw|lalo&apos;s pollos's rating: 1421 &rarr; <strong>1444</strong><br />(+23 for winning)\n|raw|ryo8989's rating: 1475 &rarr; <strong>1452</strong><br />(-23 for losing)\n|l|\u2606ryo8989\n|player|p2|\n","uploadtime":1772665208,"views":15,"formatid":"gen9vgc2026regi","rating":1444,"private":0,"password":null}