{"id":"gen9vgc2026regi-2552224947","format":"[Gen 9] VGC 2026 Reg I","players":["I\u2764\ufe0f\u5a1c\u7984forever","togahasakikotoga"],"log":"|j|\u2606I\u2764\ufe0f\u5a1c\u7984forever\n|j|\u2606togahasakikotoga\n|t:|1772692474\n|gametype|doubles\n|player|p1|I\u2764\ufe0f\u5a1c\u7984forever|youngcouple-gen4dp|1369\n|player|p2|togahasakikotoga|caitlin|1459\n|gen|9\n|tier|[Gen 9] VGC 2026 Reg I\n|rated|\n|rule|Species Clause: Limit one of each Pok\u00e9mon\n|rule|Item Clause: Limit 1 of each item\n|clearpoke\n|poke|p1|Groudon, L50|\n|poke|p1|Kyurem-White, L50|\n|poke|p1|Heatran, L50, F|\n|poke|p1|Whimsicott, L50, F|\n|poke|p1|Roaring Moon, L50|\n|poke|p1|Ditto, L50|\n|poke|p2|Calyrex-Shadow, L50|\n|poke|p2|Flamigo, L50, F|\n|poke|p2|Smeargle, L50, F|\n|poke|p2|Muk-Alola, L50, F|\n|poke|p2|Miraidon, L50|\n|poke|p2|Volcarona, L50, F|\n|teampreview|4\n|inactive|Battle timer is ON: inactive players will automatically lose when time's up. (requested by togahasakikotoga)\n|\n|t:|1772692496\n|teamsize|p1|4\n|teamsize|p2|4\n|start\n|switch|p1a: Kyurem|Kyurem-White, L50|100/100\n|switch|p1b: Roaring Moon|Roaring Moon, L50|100/100\n|switch|p2a: Smeargle|Smeargle, L50, F, shiny|100/100\n|switch|p2b: Muk|Muk-Alola, L50, F, shiny|100/100\n|-ability|p1a: Kyurem|Turboblaze\n|turn|1\n|inactive|togahasakikotoga has 30 seconds left.\n|\n|t:|1772692526\n|-terastallize|p2b: Muk|Water\n|move|p2a: Smeargle|Fake Out|p1b: Roaring Moon\n|-damage|p1b: Roaring Moon|96/100\n|cant|p1b: Roaring Moon|flinch\n|move|p1a: Kyurem|Blizzard|p2b: Muk|[spread] p2b\n|-miss|p1a: Kyurem|p2a: Smeargle\n|-enditem|p1a: Kyurem|Blunder Policy\n|-boost|p1a: Kyurem|spe|2\n|-resisted|p2b: Muk\n|-damage|p2b: Muk|75/100\n|move|p2b: Muk|Minimize|p2b: Muk\n|-boost|p2b: Muk|evasion|2\n|\n|-heal|p2b: Muk|81/100|[from] item: Leftovers\n|-ability|p2a: Smeargle|Moody|boost\n|-boost|p2a: Smeargle|spa|2\n|-unboost|p2a: Smeargle|atk|1\n|upkeep\n|turn|2\n|\n|t:|1772692547\n|move|p2a: Smeargle|Follow Me|p2a: Smeargle\n|-singleturn|p2a: Smeargle|move: Follow Me\n|move|p1a: Kyurem|Blizzard|p2b: Muk|[spread] p2a\n|-miss|p1a: Kyurem|p2b: Muk\n|-enditem|p2a: Smeargle|Focus Sash\n|-damage|p2a: Smeargle|1/100\n|move|p1b: Roaring Moon|Knock Off|p2a: Smeargle\n|-damage|p2a: Smeargle|0 fnt\n|faint|p2a: Smeargle\n|-ability|p2b: Muk|Moody|Power of Alchemy|[from] ability: Power of Alchemy|[of] p2a: Smeargle\n|move|p2b: Muk|Minimize|p2b: Muk\n|-boost|p2b: Muk|evasion|2\n|\n|-heal|p2b: Muk|87/100|[from] item: Leftovers\n|-ability|p2b: Muk|Moody|boost\n|-boost|p2b: Muk|spa|2\n|-unboost|p2b: Muk|def|1\n|upkeep\n|\n|t:|1772692567\n|switch|p2a: Calyrex|Calyrex-Shadow, L50|100/100\n|-ability|p2a: Calyrex|As One\n|-ability|p2a: Calyrex|Unnerve\n|turn|3\n|\n|t:|1772692577\n|move|p2a: Calyrex|Protect|p2a: Calyrex\n|-singleturn|p2a: Calyrex|Protect\n|move|p1a: Kyurem|Shadow Ball|p2a: Calyrex\n|-activate|p2a: Calyrex|move: Protect\n|move|p1b: Roaring Moon|Knock Off|p2a: Calyrex\n|-activate|p2a: Calyrex|move: Protect\n|move|p2b: Muk|Minimize|p2b: Muk\n|-boost|p2b: Muk|evasion|2\n|\n|-heal|p2b: Muk|93/100|[from] item: Leftovers\n|-ability|p2b: Muk|Moody|boost\n|-boost|p2b: Muk|def|2\n|-unboost|p2b: Muk|spd|1\n|upkeep\n|turn|4\n|\n|t:|1772692595\n|switch|p2a: Flamigo|Flamigo, L50, F, shiny|100/100\n|-copyboost|p2a: Flamigo|p2b: Muk|[from] ability: Costar\n|-enditem|p2a: Flamigo|White Herb\n|-clearnegativeboost|p2a: Flamigo|[silent]\n|move|p1a: Kyurem|Shadow Ball|p2a: Flamigo|[miss]\n|-miss|p1a: Kyurem|p2a: Flamigo\n|move|p1b: Roaring Moon|Knock Off|p2a: Flamigo|[miss]\n|-miss|p1b: Roaring Moon|p2a: Flamigo\n|move|p2b: Muk|Poison Gas|p1a: Kyurem|[spread] p1a,p1b\n|-status|p1a: Kyurem|psn\n|-status|p1b: Roaring Moon|psn\n|\n|-heal|p2b: Muk|99/100|[from] item: Leftovers\n|-damage|p1a: Kyurem|88/100 psn|[from] psn\n|-damage|p1b: Roaring Moon|84/100 psn|[from] psn\n|-ability|p2b: Muk|Moody|boost\n|-boost|p2b: Muk|spe|2\n|-unboost|p2b: Muk|spd|1\n|upkeep\n|turn|5\n|inactive|I\u2764\ufe0f\u5a1c\u7984forever has 30 seconds left.\n|\n|t:|1772692622\n|move|p1a: Kyurem|Blizzard|p2b: Muk|[spread] p2a\n|-miss|p1a: Kyurem|p2b: Muk\n|-supereffective|p2a: Flamigo\n|-damage|p2a: Flamigo|0 fnt\n|faint|p2a: Flamigo\n|move|p2b: Muk|Knock Off|p1b: Roaring Moon\n|-resisted|p1b: Roaring Moon\n|-damage|p1b: Roaring Moon|68/100 psn\n|-enditem|p1b: Roaring Moon|Choice Band|[from] move: Knock Off|[of] p2b: Muk\n|move|p1b: Roaring Moon|Knock Off|p2b: Muk\n|-damage|p2b: Muk|74/100\n|-enditem|p2b: Muk|Leftovers|[from] move: Knock Off|[of] p1b: Roaring Moon\n|\n|-damage|p1a: Kyurem|75/100 psn|[from] psn\n|-damage|p1b: Roaring Moon|56/100 psn|[from] psn\n|-ability|p2b: Muk|Moody|boost\n|-boost|p2b: Muk|spe|2\n|-unboost|p2b: Muk|spa|1\n|upkeep\n|\n|t:|1772692639\n|switch|p2a: Calyrex|Calyrex-Shadow, L50|100/100\n|-ability|p2a: Calyrex|As One\n|-ability|p2a: Calyrex|Unnerve\n|turn|6\n|\n|t:|1772692650\n|move|p2a: Calyrex|Protect|p2a: Calyrex\n|-singleturn|p2a: Calyrex|Protect\n|move|p1a: Kyurem|Shadow Ball|p2a: Calyrex\n|-activate|p2a: Calyrex|move: Protect\n|move|p2b: Muk|Knock Off|p1a: Kyurem\n|-damage|p1a: Kyurem|56/100 psn\n|move|p1b: Roaring Moon|Rock Slide|p2a: Calyrex|[spread] p2b\n|-activate|p2a: Calyrex|move: Protect\n|-damage|p2b: Muk|66/100\n|\n|-damage|p1a: Kyurem|44/100 psn|[from] psn\n|-damage|p1b: Roaring Moon|44/100 psn|[from] psn\n|-ability|p2b: Muk|Moody|boost\n|-boost|p2b: Muk|spa|2\n|-unboost|p2b: Muk|def|1\n|upkeep\n|turn|7\n|\n|t:|1772692672\n|move|p2b: Muk|Protect|p2b: Muk\n|-singleturn|p2b: Muk|Protect\n|move|p1a: Kyurem|Shadow Ball|p2a: Calyrex\n|-supereffective|p2a: Calyrex\n|-damage|p2a: Calyrex|0 fnt\n|faint|p2a: Calyrex\n|move|p1b: Roaring Moon|U-turn|p2b: Muk\n|-activate|p2b: Muk|move: Protect\n|\n|-damage|p1a: Kyurem|31/100 psn|[from] psn\n|-damage|p1b: Roaring Moon|32/100 psn|[from] psn\n|-ability|p2b: Muk|Moody|boost\n|-boost|p2b: Muk|atk|2\n|-unboost|p2b: Muk|spd|1\n|upkeep\n|turn|8\n|\n|t:|1772692687\n|switch|p1a: Ditto|Ditto, L50|100/100\n|-transform|p1a: Ditto|p2b: Muk|[from] ability: Imposter\n|move|p2b: Muk|Knock Off|p1b: Roaring Moon\n|-resisted|p1b: Roaring Moon\n|-damage|p1b: Roaring Moon|13/100 psn\n|move|p1b: Roaring Moon|U-turn|p2b: Muk\n|-damage|p2b: Muk|47/100\n|\n|t:|1772692696\n|-end|p1b: Roaring Moon|Protosynthesis|[silent]\n|switch|p1b: Groudon|Groudon, L50|100/100|[from] U-turn\n|-weather|SunnyDay|[from] ability: Drought|[of] p1b: Groudon\n|\n|-weather|SunnyDay|[upkeep]\n|-ability|p1a: Ditto|Moody|boost\n|-boost|p1a: Ditto|atk|2\n|-unboost|p1a: Ditto|spd|1\n|-ability|p2b: Muk|Moody|boost\n|-boost|p2b: Muk|spa|2\n|-unboost|p2b: Muk|def|1\n|upkeep\n|-start|p1a: Ditto|typechange|Poison/Dark|[silent]\n|turn|9\n|\n|t:|1772692707\n|move|p2b: Muk|Protect|p2b: Muk\n|-singleturn|p2b: Muk|Protect\n|move|p1a: Ditto|Poison Gas|p2b: Muk\n|-activate|p2b: Muk|move: Protect\n|move|p1b: Groudon|Heat Crash|p2b: Muk\n|-activate|p2b: Muk|move: Protect\n|\n|-weather|SunnyDay|[upkeep]\n|-ability|p2b: Muk|Moody|boost\n|-boost|p2b: Muk|def|2\n|-unboost|p2b: Muk|spa|1\n|-ability|p1a: Ditto|Moody|boost\n|-boost|p1a: Ditto|spa|2\n|-unboost|p1a: Ditto|atk|1\n|upkeep\n|turn|10\n|-message|togahasakikotoga forfeited.\n|\n|win|I\u2764\ufe0f\u5a1c\u7984forever\n|raw|I\u2764\ufe0f\u5a1c\u7984forever's rating: 1369 &rarr; <strong>1394</strong><br />(+25 for winning)\n|raw|togahasakikotoga's rating: 1459 &rarr; <strong>1434</strong><br />(-25 for losing)\n|l|\u2606togahasakikotoga\n|player|p2|\n|l|\u2606I\u2764\ufe0f\u5a1c\u7984forever\n|player|p1|\n","uploadtime":1772692988,"views":12,"formatid":"gen9vgc2026regi","rating":1394,"private":0,"password":null}