{"id":"gen9vgc2026regi-2551488378","format":"[Gen 9] VGC 2026 Reg I","players":["Zorse Mentality","shuijun3\u70c8\u7a7a\u5750\u4fa0"],"log":"|j|\u2606Zorse Mentality\n|j|\u2606shuijun3\u70c8\u7a7a\u5750\u4fa0\n|t:|1772610241\n|gametype|doubles\n|player|p1|Zorse Mentality|169|1334\n|player|p2|shuijun3\u70c8\u7a7a\u5750\u4fa0|iono|1261\n|gen|9\n|tier|[Gen 9] VGC 2026 Reg I\n|rated|\n|rule|Species Clause: Limit one of each Pok\u00e9mon\n|rule|Item Clause: Limit 1 of each item\n|clearpoke\n|poke|p1|Miraidon, L50|\n|poke|p1|Tatsugiri, L50, F|\n|poke|p1|Raichu-Alola, L50, M|\n|poke|p1|Dondozo, L50, F|\n|poke|p1|Calyrex-Shadow, L50|\n|poke|p1|Weezing-Galar, L50, F|\n|poke|p2|Calyrex-Shadow, L50|\n|poke|p2|Indeedee-F, L50, F|\n|poke|p2|Koraidon, L50|\n|poke|p2|Clefairy, L50, M|\n|poke|p2|Flutter Mane, L50|\n|poke|p2|Ogerpon-Cornerstone, L50, F|\n|teampreview|4\n|inactive|Battle timer is ON: inactive players will automatically lose when time's up. (requested by shuijun3\u70c8\u7a7a\u5750\u4fa0)\n|\n|t:|1772610268\n|teamsize|p1|4\n|teamsize|p2|4\n|start\n|switch|p1a: Calyrex|Calyrex-Shadow, L50|100/100\n|switch|p1b: Weezing|Weezing-Galar, L50, F|100/100\n|switch|p2a: Indeedee|Indeedee-F, L50, F|100/100\n|switch|p2b: Calyrex|Calyrex-Shadow, L50|100/100\n|-ability|p1b: Weezing|Neutralizing Gas\n|-ability|p1a: Calyrex|As One\n|-ability|p1a: Calyrex|Unnerve\n|-ability|p2b: Calyrex|As One\n|-ability|p2b: Calyrex|Unnerve\n|turn|1\n|inactive|Zorse Mentality has 30 seconds left.\n|inactive|shuijun3\u70c8\u7a7a\u5750\u4fa0 has 30 seconds left.\n|\n|t:|1772610295\n|move|p2a: Indeedee|Helping Hand|p2b: Calyrex\n|-singleturn|p2b: Calyrex|Helping Hand|[of] p2a: Indeedee\n|move|p1a: Calyrex|Protect|p1a: Calyrex\n|-singleturn|p1a: Calyrex|Protect\n|move|p2b: Calyrex|Expanding Force|p1a: Calyrex\n|-activate|p1a: Calyrex|move: Protect\n|move|p1b: Weezing|Poison Gas|p2b: Calyrex|[spread] p2a,p2b\n|-status|p2a: Indeedee|psn\n|-status|p2b: Calyrex|psn\n|\n|-damage|p2b: Calyrex|88/100 psn|[from] psn\n|-damage|p2a: Indeedee|88/100 psn|[from] psn\n|upkeep\n|turn|2\n|inactive|Zorse Mentality has 30 seconds left.\n|\n|t:|1772610327\n|move|p1b: Weezing|Protect|p1b: Weezing\n|-singleturn|p1b: Weezing|Protect\n|move|p1a: Calyrex|Astral Barrage|p2a: Indeedee|[spread] p2b\n|-immune|p2a: Indeedee\n|-supereffective|p2b: Calyrex\n|-damage|p2b: Calyrex|0 fnt\n|faint|p2b: Calyrex\n|-ability|p1a: Calyrex|Grim Neigh|boost\n|-boost|p1a: Calyrex|spa|1\n|-damage|p1a: Calyrex|91/100|[from] item: Life Orb\n|move|p2a: Indeedee|Dazzling Gleam|p1b: Weezing|[spread] p1a\n|-activate|p1b: Weezing|move: Protect\n|-crit|p1a: Calyrex\n|-damage|p1a: Calyrex|72/100\n|\n|-damage|p2a: Indeedee|76/100 psn|[from] psn\n|upkeep\n|\n|t:|1772610338\n|switch|p2b: Koraidon|Koraidon, L50|100/100\n|turn|3\n|j| weiyumo\n|l| weiyumo\n|\n|t:|1772610359\n|move|p1a: Calyrex|Protect|p1a: Calyrex\n|-singleturn|p1a: Calyrex|Protect\n|move|p2a: Indeedee|Follow Me|p2a: Indeedee\n|-singleturn|p2a: Indeedee|move: Follow Me\n|move|p2b: Koraidon|Scale Shot|p1a: Calyrex\n|-activate|p1a: Calyrex|move: Protect\n|move|p1b: Weezing|Poison Gas|p2a: Indeedee|[spread] p2a,p2b\n|-fail|p2a: Indeedee|psn\n|-status|p2b: Koraidon|psn\n|\n|-damage|p2b: Koraidon|88/100 psn|[from] psn\n|-damage|p2a: Indeedee|63/100 psn|[from] psn\n|upkeep\n|turn|4\n|\n|t:|1772610375\n|switch|p1a: Tatsugiri|Tatsugiri, L50, F|100/100\n|switch|p2b: Flutter Mane|Flutter Mane, L50|100/100\n|-end|p1b: Weezing|ability: Neutralizing Gas\n|switch|p1b: Dondozo|Dondozo, L50, F|100/100\n|-activate|p1a: Tatsugiri|ability: Commander|[of] p1b: Dondozo\n|-boost|p1b: Dondozo|atk|2\n|-boost|p1b: Dondozo|spa|2\n|-boost|p1b: Dondozo|spe|2\n|-boost|p1b: Dondozo|def|2\n|-boost|p1b: Dondozo|spd|2\n|move|p2a: Indeedee|Dazzling Gleam|p1a: Tatsugiri|[spread] p1b\n|-miss|p2a: Indeedee|p1a: Tatsugiri\n|-damage|p1b: Dondozo|96/100\n|\n|-damage|p2a: Indeedee|51/100 psn|[from] psn\n|upkeep\n|turn|5\n|\n|t:|1772610395\n|switch|p2a: Koraidon|Koraidon, L50|88/100 psn\n|-weather|SunnyDay|[from] ability: Orichalcum Pulse|[of] p2a: Koraidon\n|-activate|p2b: Flutter Mane|ability: Protosynthesis\n|-start|p2b: Flutter Mane|protosynthesisspe\n|-activate|p2a: Koraidon|Orichalcum Pulse|[source]\n|move|p2b: Flutter Mane|Moonblast|p1b: Dondozo\n|-damage|p1b: Dondozo|76/100\n|move|p1b: Dondozo|Earthquake|p2a: Koraidon|[spread] p2a,p2b\n|-miss|p1b: Dondozo|p1a: Tatsugiri\n|-damage|p2a: Koraidon|57/100 psn\n|-damage|p2b: Flutter Mane|30/100\n|\n|-weather|SunnyDay|[upkeep]\n|-damage|p2a: Koraidon|45/100 psn|[from] psn\n|upkeep\n|turn|6\n|\n|t:|1772610417\n|switch|p2a: Indeedee|Indeedee-F, L50, F|51/100 psn\n|move|p2b: Flutter Mane|Protect|p2b: Flutter Mane\n|-singleturn|p2b: Flutter Mane|Protect\n|move|p1b: Dondozo|Earthquake|p2a: Indeedee|[spread] p2a\n|-miss|p1b: Dondozo|p1a: Tatsugiri\n|-activate|p2b: Flutter Mane|move: Protect\n|-damage|p2a: Indeedee|16/100 psn\n|-enditem|p2a: Indeedee|Eject Button\n|\n|t:|1772610428\n|switch|p2a: Koraidon|Koraidon, L50|45/100 psn\n|-activate|p2a: Koraidon|ability: Orichalcum Pulse\n|\n|-weather|SunnyDay|[upkeep]\n|-damage|p2a: Koraidon|33/100 psn|[from] psn\n|upkeep\n|turn|7\n|\n|t:|1772610440\n|move|p2b: Flutter Mane|Moonblast|p1b: Dondozo\n|-crit|p1b: Dondozo\n|-damage|p1b: Dondozo|27/100\n|move|p2a: Koraidon|Close Combat|p1b: Dondozo\n|-damage|p1b: Dondozo|0 fnt\n|-unboost|p2a: Koraidon|def|1\n|-unboost|p2a: Koraidon|spd|1\n|-damage|p2a: Koraidon|16/100 psn|[from] item: Rocky Helmet|[of] p1b: Dondozo\n|faint|p1b: Dondozo\n|-damage|p2a: Koraidon|7/100 psn|[from] item: Life Orb\n|\n|-weather|SunnyDay|[upkeep]\n|-damage|p2a: Koraidon|0 fnt|[from] psn\n|faint|p2a: Koraidon\n|upkeep\n|\n|t:|1772610463\n|switch|p2a: Indeedee|Indeedee-F, L50, F|16/100 psn\n|switch|p1b: Weezing|Weezing-Galar, L50, F|100/100\n|-ability|p1b: Weezing|Neutralizing Gas\n|turn|8\n|\n|t:|1772610479\n|move|p1b: Weezing|Protect|p1b: Weezing\n|-singleturn|p1b: Weezing|Protect\n|move|p2b: Flutter Mane|Moonblast|p1a: Tatsugiri\n|-supereffective|p1a: Tatsugiri\n|-enditem|p1a: Tatsugiri|Focus Sash\n|-damage|p1a: Tatsugiri|1/100\n|move|p1a: Tatsugiri|Icy Wind|p2a: Indeedee|[spread] p2a,p2b\n|-damage|p2a: Indeedee|2/100 psn\n|-damage|p2b: Flutter Mane|15/100\n|-unboost|p2a: Indeedee|spe|1\n|-unboost|p2b: Flutter Mane|spe|1\n|move|p2a: Indeedee|Dazzling Gleam|p1b: Weezing|[spread] p1a\n|-activate|p1b: Weezing|move: Protect\n|-supereffective|p1a: Tatsugiri\n|-damage|p1a: Tatsugiri|0 fnt\n|faint|p1a: Tatsugiri\n|\n|-weather|SunnyDay|[upkeep]\n|-damage|p2a: Indeedee|0 fnt|[from] psn\n|faint|p2a: Indeedee\n|upkeep\n|\n|t:|1772610498\n|switch|p1a: Calyrex|Calyrex-Shadow, L50|72/100\n|-ability|p1a: Calyrex|As One\n|-ability|p1a: Calyrex|Unnerve\n|turn|9\n|\n|t:|1772610509\n|move|p1a: Calyrex|Protect|p1a: Calyrex\n|-singleturn|p1a: Calyrex|Protect\n|move|p2b: Flutter Mane|Protect|p2b: Flutter Mane\n|-singleturn|p2b: Flutter Mane|Protect\n|move|p1b: Weezing|Strange Steam|p2b: Flutter Mane\n|-activate|p2b: Flutter Mane|move: Protect\n|\n|-weather|none\n|upkeep\n|turn|10\n|\n|t:|1772610524\n|-terastallize|p1a: Calyrex|Ground\n|-terastallize|p2b: Flutter Mane|Normal\n|move|p1b: Weezing|Protect|p1b: Weezing\n|-singleturn|p1b: Weezing|Protect\n|move|p1a: Calyrex|Tera Blast|p2b: Flutter Mane|[anim] Tera Blast Ground\n|-damage|p2b: Flutter Mane|0 fnt\n|faint|p2b: Flutter Mane\n|-end|p2b: Flutter Mane|Protosynthesis|[silent]\n|-damage|p1a: Calyrex|62/100|[from] item: Life Orb\n|\n|win|Zorse Mentality\n|raw|Zorse Mentality's rating: 1334 &rarr; <strong>1350</strong><br />(+16 for winning)\n|raw|shuijun3\u70c8\u7a7a\u5750\u4fa0's rating: 1261 &rarr; <strong>1241</strong><br />(-20 for losing)\n|l|\u2606shuijun3\u70c8\u7a7a\u5750\u4fa0\n|player|p2|\n|l|\u2606Zorse Mentality\n|player|p1|\n","uploadtime":1772610710,"views":12,"formatid":"gen9vgc2026regi","rating":1241,"private":0,"password":null}