{"id":"gen9vgc2026regi-2553419127","format":"[Gen 9] VGC 2026 Reg I","players":["I\u2764\ufe0f\u5a1c\u7984forever","bighamsterbaseball"],"log":"|j|\u2606I\u2764\ufe0f\u5a1c\u7984forever\n|j|\u2606bighamsterbaseball\n|t:|1772829215\n|gametype|doubles\n|player|p1|I\u2764\ufe0f\u5a1c\u7984forever|youngcouple-gen4dp|1379\n|player|p2|bighamsterbaseball|pokemaniac|1472\n|gen|9\n|tier|[Gen 9] VGC 2026 Reg I\n|rated|\n|rule|Species Clause: Limit one of each Pok\u00e9mon\n|rule|Item Clause: Limit 1 of each item\n|clearpoke\n|poke|p1|Groudon, L50|\n|poke|p1|Kyurem-White, L50|\n|poke|p1|Heatran, L50, F|\n|poke|p1|Whimsicott, L50, M|\n|poke|p1|Roaring Moon, L50|\n|poke|p1|Ditto, L50|\n|poke|p2|Eternatus, L50|\n|poke|p2|Ho-Oh, L50|\n|poke|p2|Tinkaton, L50, F|\n|poke|p2|Ogerpon-Cornerstone, L50, F|\n|poke|p2|Araquanid, L50, F|\n|poke|p2|Flutter Mane, L50|\n|teampreview|4\n|\n|t:|1772829257\n|teamsize|p1|4\n|teamsize|p2|4\n|start\n|switch|p1a: Whimsicott|Whimsicott, L50, M|100/100\n|switch|p1b: Kyurem|Kyurem-White, L50|100/100\n|switch|p2a: Eternatus|Eternatus, L50|100/100\n|switch|p2b: Tinkaton|Tinkaton, L50, F|100/100\n|-ability|p2a: Eternatus|Pressure\n|-ability|p2b: Tinkaton|Mold Breaker\n|-ability|p1b: Kyurem|Turboblaze\n|turn|1\n|\n|t:|1772829271\n|move|p2b: Tinkaton|Fake Out|p1b: Kyurem\n|-damage|p1b: Kyurem|94/100\n|move|p2a: Eternatus|Dynamax Cannon|p1b: Kyurem\n|-supereffective|p1b: Kyurem\n|-damage|p1b: Kyurem|0 fnt\n|faint|p1b: Kyurem\n|move|p1a: Whimsicott|Endeavor|p2a: Eternatus\n|-damage|p2a: Eternatus|55/100\n|\n|upkeep\n|\n|t:|1772829287\n|switch|p1b: Groudon|Groudon, L50|100/100\n|-weather|SunnyDay|[from] ability: Drought|[of] p1b: Groudon\n|turn|2\n|\n|t:|1772829308\n|switch|p2a: Ho-Oh|Ho-Oh, L50|100/100\n|-terastallize|p2b: Tinkaton|Dragon\n|move|p1a: Whimsicott|Tailwind|p1a: Whimsicott\n|-sidestart|p1: I\u2764\ufe0f\u5a1c\u7984forever|move: Tailwind\n|move|p1b: Groudon|Precipice Blades|p2b: Tinkaton|[spread] p2b\n|-immune|p2a: Ho-Oh\n|-crit|p2b: Tinkaton\n|-damage|p2b: Tinkaton|27/100\n|move|p2b: Tinkaton|Gigaton Hammer|p1a: Whimsicott\n|-supereffective|p1a: Whimsicott\n|-enditem|p1a: Whimsicott|Focus Sash\n|-damage|p1a: Whimsicott|1/100\n|\n|-weather|SunnyDay|[upkeep]\n|upkeep\n|turn|3\n|\n|t:|1772829328\n|move|p2b: Tinkaton|Feint|p1a: Whimsicott\n|-damage|p1a: Whimsicott|0 fnt\n|faint|p1a: Whimsicott\n|move|p1b: Groudon|Iron Head|p2a: Ho-Oh\n|-resisted|p2a: Ho-Oh\n|-damage|p2a: Ho-Oh|88/100\n|move|p2a: Ho-Oh|Tailwind|p2a: Ho-Oh\n|-sidestart|p2: bighamsterbaseball|move: Tailwind\n|\n|-weather|SunnyDay|[upkeep]\n|upkeep\n|\n|t:|1772829338\n|switch|p1a: Ditto|Ditto, L50|100/100\n|-transform|p1a: Ditto|p2b: Tinkaton|[from] ability: Imposter\n|-ability|p1a: Ditto|Mold Breaker\n|-start|p1a: Ditto|typechange|Fairy/Steel|[silent]\n|turn|4\n|\n|t:|1772829354\n|move|p2a: Ho-Oh|Protect|p2a: Ho-Oh\n|-singleturn|p2a: Ho-Oh|Protect\n|move|p1a: Ditto|Fake Out|p2a: Ho-Oh\n|-activate|p2a: Ho-Oh|move: Protect\n|move|p2b: Tinkaton|Gigaton Hammer|p1a: Ditto\n|-damage|p1a: Ditto|40/100\n|move|p1b: Groudon|Precipice Blades|p2a: Ho-Oh|[spread] p2b\n|-activate|p2a: Ho-Oh|move: Protect\n|-damage|p2b: Tinkaton|0 fnt\n|faint|p2b: Tinkaton\n|\n|-weather|SunnyDay|[upkeep]\n|upkeep\n|\n|t:|1772829382\n|switch|p2b: Eternatus|Eternatus, L50|55/100\n|-ability|p2b: Eternatus|Pressure\n|turn|5\n|\n|t:|1772829399\n|-terastallize|p1b: Groudon|Water\n|move|p1a: Ditto|Feint|p2b: Eternatus\n|-damage|p2b: Eternatus|50/100\n|move|p2b: Eternatus|Dynamax Cannon|p1b: Groudon\n|-damage|p1b: Groudon|47/100\n|move|p2a: Ho-Oh|Sacred Fire|p1b: Groudon\n|-resisted|p1b: Groudon\n|-damage|p1b: Groudon|22/100\n|-status|p1b: Groudon|brn\n|move|p1b: Groudon|Precipice Blades|p2a: Ho-Oh|[spread] p2b\n|-immune|p2a: Ho-Oh\n|-supereffective|p2b: Eternatus\n|-damage|p2b: Eternatus|8/100\n|\n|-weather|SunnyDay|[upkeep]\n|-damage|p1b: Groudon|16/100 brn|[from] brn\n|-sideend|p1: I\u2764\ufe0f\u5a1c\u7984forever|move: Tailwind\n|upkeep\n|turn|6\n|\n|t:|1772829418\n|move|p2b: Eternatus|Dynamax Cannon|p1b: Groudon\n|-damage|p1b: Groudon|0 fnt\n|faint|p1b: Groudon\n|move|p2a: Ho-Oh|Brave Bird|p1a: Ditto\n|-resisted|p1a: Ditto\n|-damage|p1a: Ditto|5/100\n|-damage|p2a: Ho-Oh|79/100|[from] Recoil\n|move|p1a: Ditto|Gigaton Hammer|p2a: Ho-Oh\n|-resisted|p2a: Ho-Oh\n|-damage|p2a: Ho-Oh|61/100\n|\n|-weather|none\n|-sideend|p2: bighamsterbaseball|move: Tailwind\n|upkeep\n|turn|7\n|\n|t:|1772829423\n|switch|p2b: Araquanid|Araquanid, L50, F|100/100\n|move|p1a: Ditto|Play Rough|p2a: Ho-Oh\n|-resisted|p2a: Ho-Oh\n|-damage|p2a: Ho-Oh|51/100\n|move|p2a: Ho-Oh|Sacred Fire|p1a: Ditto\n|-supereffective|p1a: Ditto\n|-damage|p1a: Ditto|0 fnt\n|faint|p1a: Ditto\n|\n|win|bighamsterbaseball\n|raw|I\u2764\ufe0f\u5a1c\u7984forever's rating: 1379 &rarr; <strong>1364</strong><br />(-15 for losing)\n|raw|bighamsterbaseball's rating: 1472 &rarr; <strong>1487</strong><br />(+15 for winning)\n","uploadtime":1772829437,"views":19,"formatid":"gen9vgc2026regi","rating":1364,"private":0,"password":null}