{"id":"gen9vgc2026regi-2527184297","format":"[Gen 9] VGC 2026 Reg I","players":["Fogdocker","dasabei\u53cc\u6253\u9053\u9986"],"log":"|j|\u2606Fogdocker\n|j|\u2606dasabei\u53cc\u6253\u9053\u9986\n|t:|1769509711\n|gametype|doubles\n|player|p1|Fogdocker|101|1410\n|player|p2|dasabei\u53cc\u6253\u9053\u9986|may-masters4|1472\n|gen|9\n|tier|[Gen 9] VGC 2026 Reg I\n|rated|\n|rule|Species Clause: Limit one of each Pok\u00e9mon\n|rule|Item Clause: Limit 1 of each item\n|clearpoke\n|poke|p1|Calyrex-Ice, L50|\n|poke|p1|Koraidon, L50|\n|poke|p1|Flutter Mane, L50|\n|poke|p1|Incineroar, L50, F|\n|poke|p1|Rillaboom, L50, M|\n|poke|p1|Amoonguss, L50, M|\n|poke|p2|Calyrex-Ice, L50|\n|poke|p2|Zamazenta-*, L50|\n|poke|p2|Urshifu-*, L50, F|\n|poke|p2|Pelipper, L50, F|\n|poke|p2|Raging Bolt, L50|\n|poke|p2|Incineroar, L50, M|\n|teampreview|4\n|inactive|Battle timer is ON: inactive players will automatically lose when time's up. (requested by dasabei\u53cc\u6253\u9053\u9986)\n|\n|t:|1769509821\n|teamsize|p1|4\n|teamsize|p2|4\n|start\n|switch|p1a: Rillaboom|Rillaboom, L50, M|100/100\n|switch|p1b: Calyrex|Calyrex-Ice, L50|100/100\n|switch|p2a: \u9e7f\u51a0\u738b|Calyrex-Ice, L50|100/100\n|switch|p2b: \u629b\u5f00\u864e\u54e5\u54ee\u7a74|Incineroar, L50, M, shiny|100/100\n|-ability|p2a: \u9e7f\u51a0\u738b|As One\n|-ability|p2a: \u9e7f\u51a0\u738b|Unnerve\n|-ability|p1b: Calyrex|As One\n|-ability|p1b: Calyrex|Unnerve\n|-ability|p2b: \u629b\u5f00\u864e\u54e5\u54ee\u7a74|Intimidate|boost\n|-unboost|p1a: Rillaboom|atk|1\n|-unboost|p1b: Calyrex|atk|1\n|-fieldstart|move: Grassy Terrain|[from] ability: Grassy Surge|[of] p1a: Rillaboom\n|turn|1\n|\n|t:|1769509829\n|switch|p1b: Koraidon|Koraidon, L50|100/100\n|-weather|SunnyDay|[from] ability: Orichalcum Pulse|[of] p1b: Koraidon\n|-activate|p1b: Koraidon|Orichalcum Pulse|[source]\n|move|p2b: \u629b\u5f00\u864e\u54e5\u54ee\u7a74|Fake Out|p1a: Rillaboom\n|-damage|p1a: Rillaboom|90/100\n|cant|p1a: Rillaboom|flinch\n|move|p2a: \u9e7f\u51a0\u738b|Imprison|p2a: \u9e7f\u51a0\u738b\n|-start|p2a: \u9e7f\u51a0\u738b|move: Imprison\n|\n|-weather|SunnyDay|[upkeep]\n|-heal|p1a: Rillaboom|96/100|[from] Grassy Terrain\n|upkeep\n|turn|2\n|inactive|Fogdocker has 30 seconds left.\n|inactive|Fogdocker has 20 seconds left.\n|inactive|Fogdocker has 15 seconds left.\n|inactive|Fogdocker has 10 seconds left.\n|\n|t:|1769509877\n|-terastallize|p1b: Koraidon|Fire\n|move|p2a: \u9e7f\u51a0\u738b|Protect|p2a: \u9e7f\u51a0\u738b\n|-singleturn|p2a: \u9e7f\u51a0\u738b|Protect\n|move|p1b: Koraidon|Close Combat|p2b: \u629b\u5f00\u864e\u54e5\u54ee\u7a74\n|-supereffective|p2b: \u629b\u5f00\u864e\u54e5\u54ee\u7a74\n|-damage|p2b: \u629b\u5f00\u864e\u54e5\u54ee\u7a74|0 fnt\n|-unboost|p1b: Koraidon|def|1\n|-unboost|p1b: Koraidon|spd|1\n|-damage|p1b: Koraidon|84/100|[from] item: Rocky Helmet|[of] p2b: \u629b\u5f00\u864e\u54e5\u54ee\u7a74\n|faint|p2b: \u629b\u5f00\u864e\u54e5\u54ee\u7a74\n|-damage|p1b: Koraidon|74/100|[from] item: Life Orb\n|move|p1a: Rillaboom|Wood Hammer|p2a: \u9e7f\u51a0\u738b\n|-activate|p2a: \u9e7f\u51a0\u738b|move: Protect\n|\n|-weather|SunnyDay|[upkeep]\n|-heal|p1b: Koraidon|80/100|[from] Grassy Terrain\n|-heal|p1a: Rillaboom|100/100|[from] Grassy Terrain\n|upkeep\n|\n|t:|1769509886\n|switch|p2b: \u76d6\u9e25\u5361|Pelipper, L50, F|100/100\n|-weather|RainDance|[from] ability: Drizzle|[of] p2b: \u76d6\u9e25\u5361\n|turn|3\n|\n|t:|1769509910\n|switch|p1b: Calyrex|Calyrex-Ice, L50|100/100\n|-ability|p1b: Calyrex|As One\n|-ability|p1b: Calyrex|Unnerve\n|move|p2b: \u76d6\u9e25\u5361|Tailwind|p2b: \u76d6\u9e25\u5361\n|-sidestart|p2: dasabei\u53cc\u6253\u9053\u9986|move: Tailwind\n|move|p2a: \u9e7f\u51a0\u738b|Glacial Lance|p1a: Rillaboom|[spread] p1a,p1b\n|-supereffective|p1a: Rillaboom\n|-resisted|p1b: Calyrex\n|-damage|p1a: Rillaboom|0 fnt\n|-damage|p1b: Calyrex|86/100\n|faint|p1a: Rillaboom\n|-ability|p2a: \u9e7f\u51a0\u738b|Chilling Neigh|boost\n|-boost|p2a: \u9e7f\u51a0\u738b|atk|1\n|\n|-weather|RainDance|[upkeep]\n|-heal|p1b: Calyrex|92/100|[from] Grassy Terrain\n|-heal|p1b: Calyrex|98/100|[from] item: Leftovers\n|upkeep\n|\n|t:|1769509921\n|switch|p1a: Koraidon|Koraidon, L50, tera:Fire|80/100\n|-weather|SunnyDay|[from] ability: Orichalcum Pulse|[of] p1a: Koraidon\n|-activate|p1a: Koraidon|Orichalcum Pulse|[source]\n|turn|4\n|inactive|Fogdocker has 30 seconds left.\n|inactive|Fogdocker has 20 seconds left.\n|\n|t:|1769509958\n|switch|p2b: \u556a\u53fd\u556a\uff08\u6251\u51fb\u58f0\uff09|Zamazenta-Crowned, L50, shiny|100/100\n|-ability|p2b: \u556a\u53fd\u556a\uff08\u6251\u51fb\u58f0\uff09|Dauntless Shield|boost\n|-boost|p2b: \u556a\u53fd\u556a\uff08\u6251\u51fb\u58f0\uff09|def|1\n|switch|p1b: Incineroar|Incineroar, L50, F|100/100\n|-ability|p1b: Incineroar|Intimidate|boost\n|-fail|p2a: \u9e7f\u51a0\u738b|unboost|[from] item: Clear Amulet|[of] p2a: \u9e7f\u51a0\u738b\n|-unboost|p2b: \u556a\u53fd\u556a\uff08\u6251\u51fb\u58f0\uff09|atk|1\n|move|p2a: \u9e7f\u51a0\u738b|Protect|p2a: \u9e7f\u51a0\u738b\n|-singleturn|p2a: \u9e7f\u51a0\u738b|Protect\n|move|p1a: Koraidon|Flare Blitz|p2b: \u556a\u53fd\u556a\uff08\u6251\u51fb\u58f0\uff09\n|-supereffective|p2b: \u556a\u53fd\u556a\uff08\u6251\u51fb\u58f0\uff09\n|-damage|p2b: \u556a\u53fd\u556a\uff08\u6251\u51fb\u58f0\uff09|0 fnt\n|faint|p2b: \u556a\u53fd\u556a\uff08\u6251\u51fb\u58f0\uff09\n|-damage|p1a: Koraidon|46/100|[from] Recoil\n|-damage|p1a: Koraidon|36/100|[from] item: Life Orb\n|\n|-weather|SunnyDay|[upkeep]\n|-heal|p1a: Koraidon|42/100|[from] Grassy Terrain\n|upkeep\n|\n|t:|1769509969\n|switch|p2b: \u76d6\u9e25\u5361|Pelipper, L50, F|100/100\n|-weather|RainDance|[from] ability: Drizzle|[of] p2b: \u76d6\u9e25\u5361\n|turn|5\n|\n|t:|1769509983\n|switch|p1a: Calyrex|Calyrex-Ice, L50|98/100\n|-ability|p1a: Calyrex|As One\n|-ability|p1a: Calyrex|Unnerve\n|move|p2b: \u76d6\u9e25\u5361|Weather Ball|p1a: Calyrex\n|-damage|p1a: Calyrex|57/100\n|move|p2a: \u9e7f\u51a0\u738b|Glacial Lance|p1a: Calyrex|[spread] p1a,p1b\n|-resisted|p1a: Calyrex\n|-crit|p1a: Calyrex\n|-resisted|p1b: Incineroar\n|-damage|p1a: Calyrex|25/100\n|-damage|p1b: Incineroar|71/100\n|move|p1b: Incineroar|Parting Shot|p2b: \u76d6\u9e25\u5361\n|-unboost|p2b: \u76d6\u9e25\u5361|atk|1\n|-unboost|p2b: \u76d6\u9e25\u5361|spa|1\n|\n|t:|1769509993\n|switch|p1b: Koraidon|Koraidon, L50, tera:Fire|42/100|[from] Parting Shot\n|-weather|SunnyDay|[from] ability: Orichalcum Pulse|[of] p1b: Koraidon\n|-activate|p1b: Koraidon|Orichalcum Pulse|[source]\n|\n|-weather|SunnyDay|[upkeep]\n|-heal|p1b: Koraidon|47/100|[from] Grassy Terrain\n|-heal|p1a: Calyrex|30/100|[from] Grassy Terrain\n|-heal|p1a: Calyrex|36/100|[from] item: Leftovers\n|-fieldend|move: Grassy Terrain\n|upkeep\n|turn|6\n|\n|t:|1769510012\n|switch|p1a: Incineroar|Incineroar, L50, F|71/100\n|-ability|p1a: Incineroar|Intimidate|boost\n|-fail|p2a: \u9e7f\u51a0\u738b|unboost|[from] item: Clear Amulet|[of] p2a: \u9e7f\u51a0\u738b\n|-unboost|p2b: \u76d6\u9e25\u5361|atk|1\n|move|p2a: \u9e7f\u51a0\u738b|Protect|p2a: \u9e7f\u51a0\u738b\n|-singleturn|p2a: \u9e7f\u51a0\u738b|Protect\n|move|p2b: \u76d6\u9e25\u5361|Hurricane|p1b: Koraidon\n|-damage|p1b: Koraidon|13/100\n|move|p1b: Koraidon|Flare Blitz|p2b: \u76d6\u9e25\u5361\n|-resisted|p2b: \u76d6\u9e25\u5361\n|-enditem|p2b: \u76d6\u9e25\u5361|Focus Sash\n|-damage|p2b: \u76d6\u9e25\u5361|1/100\n|-damage|p1b: Koraidon|0 fnt|[from] Recoil\n|faint|p1b: Koraidon\n|\n|-weather|SunnyDay|[upkeep]\n|-sideend|p2: dasabei\u53cc\u6253\u9053\u9986|move: Tailwind\n|upkeep\n|\n|t:|1769510024\n|switch|p1b: Calyrex|Calyrex-Ice, L50|36/100\n|-ability|p1b: Calyrex|As One\n|-ability|p1b: Calyrex|Unnerve\n|turn|7\n|inactive|Fogdocker has 30 seconds left.\n|\n|t:|1769510051\n|move|p1a: Incineroar|Fake Out|p2a: \u9e7f\u51a0\u738b\n|-damage|p2a: \u9e7f\u51a0\u738b|94/100\n|move|p2b: \u76d6\u9e25\u5361|Hurricane|p1a: Incineroar|[miss]\n|-miss|p2b: \u76d6\u9e25\u5361|p1a: Incineroar\n|cant|p2a: \u9e7f\u51a0\u738b|flinch\n|move|p1b: Calyrex|Trick Room|p1b: Calyrex\n|-fieldstart|move: Trick Room|[of] p1b: Calyrex\n|\n|-weather|SunnyDay|[upkeep]\n|-heal|p1b: Calyrex|42/100|[from] item: Leftovers\n|upkeep\n|turn|8\n|inactive|dasabei\u53cc\u6253\u9053\u9986 has 30 seconds left.\n|\n|t:|1769510079\n|move|p2a: \u9e7f\u51a0\u738b|Protect|p2a: \u9e7f\u51a0\u738b\n|-singleturn|p2a: \u9e7f\u51a0\u738b|Protect\n|move|p1a: Incineroar|Flare Blitz|p2a: \u9e7f\u51a0\u738b\n|-activate|p2a: \u9e7f\u51a0\u738b|move: Protect\n|move|p2b: \u76d6\u9e25\u5361|Hurricane|p1a: Incineroar\n|-damage|p1a: Incineroar|44/100\n|move|p1b: Calyrex|Trick Room|p1b: Calyrex\n|-fieldend|move: Trick Room\n|\n|-weather|SunnyDay|[upkeep]\n|-heal|p1b: Calyrex|48/100|[from] item: Leftovers\n|upkeep\n|turn|9\n|\n|t:|1769510088\n|move|p2b: \u76d6\u9e25\u5361|Hurricane|p1a: Incineroar\n|-damage|p1a: Incineroar|15/100\n|move|p1a: Incineroar|Flare Blitz|p2a: \u9e7f\u51a0\u738b\n|-supereffective|p2a: \u9e7f\u51a0\u738b\n|-crit|p2a: \u9e7f\u51a0\u738b\n|-damage|p2a: \u9e7f\u51a0\u738b|0 fnt\n|faint|p2a: \u9e7f\u51a0\u738b\n|-damage|p1a: Incineroar|0 fnt|[from] Recoil\n|faint|p1a: Incineroar\n|move|p1b: Calyrex|Trick Room|p1b: Calyrex\n|-fieldstart|move: Trick Room|[of] p1b: Calyrex\n|\n|-weather|none\n|-heal|p1b: Calyrex|54/100|[from] item: Leftovers\n|upkeep\n|turn|10\n|-message|dasabei\u53cc\u6253\u9053\u9986 forfeited.\n|\n|win|Fogdocker\n|raw|Fogdocker's rating: 1410 &rarr; <strong>1434</strong><br />(+24 for winning)\n|raw|dasabei\u53cc\u6253\u9053\u9986's rating: 1472 &rarr; <strong>1448</strong><br />(-24 for losing)\n|l|\u2606dasabei\u53cc\u6253\u9053\u9986\n|player|p2|\n|l|\u2606Fogdocker\n|player|p1|\n","uploadtime":1769510316,"views":24,"formatid":"gen9vgc2026regi","rating":1434,"private":0,"password":null}