{"id":"gen9vgc2026regi-2532540864","format":"[Gen 9] VGC 2026 Reg I","players":["Stinky57","ky123456"],"log":"|j|\u2606Stinky57\n|j|\u2606ky123456\n|t:|1770193888\n|gametype|doubles\n|player|p1|Stinky57|170|1561\n|player|p2|ky123456|cynthia-gen4|1549\n|gen|9\n|tier|[Gen 9] VGC 2026 Reg I\n|rated|\n|rule|Species Clause: Limit one of each Pok\u00e9mon\n|rule|Item Clause: Limit 1 of each item\n|clearpoke\n|poke|p1|Miraidon, L50|\n|poke|p1|Necrozma-Dusk-Mane, L50|\n|poke|p1|Pelipper, L50, M|\n|poke|p1|Iron Hands, L50|\n|poke|p1|Whimsicott, L50, F|\n|poke|p1|Urshifu-*, L50, F|\n|poke|p2|Koraidon, L50|\n|poke|p2|Calyrex-Ice, L50|\n|poke|p2|Incineroar, L50, F|\n|poke|p2|Smeargle, L50, F|\n|poke|p2|Rillaboom, L50, F|\n|poke|p2|Landorus, L50, M|\n|teampreview|4\n|inactive|Battle timer is ON: inactive players will automatically lose when time's up. (requested by Stinky57)\n|\n|t:|1770193918\n|teamsize|p1|4\n|teamsize|p2|4\n|start\n|switch|p1a: Necrozma|Necrozma-Dusk-Mane, L50|100/100\n|switch|p1b: Iron Hands|Iron Hands, L50, shiny|100/100\n|switch|p2a: Calyrex|Calyrex-Ice, L50|100/100\n|switch|p2b: Rillaboom|Rillaboom, L50, F|100/100\n|-ability|p2a: Calyrex|As One\n|-ability|p2a: Calyrex|Unnerve\n|-fieldstart|move: Grassy Terrain|[from] ability: Grassy Surge|[of] p2b: Rillaboom\n|turn|1\n|\n|t:|1770193934\n|switch|p2a: Landorus|Landorus, L50, M|100/100\n|move|p2b: Rillaboom|Fake Out|p1a: Necrozma\n|-resisted|p1a: Necrozma\n|-damage|p1a: Necrozma|97/100\n|move|p1b: Iron Hands|Fake Out|p2a: Landorus\n|-damage|p2a: Landorus|84/100\n|cant|p1a: Necrozma|flinch\n|\n|-heal|p1a: Necrozma|100/100|[from] Grassy Terrain\n|upkeep\n|turn|2\n|inactive|Stinky57 has 30 seconds left.\n|inactive|ky123456 has 30 seconds left.\n|inactive|Stinky57 has 20 seconds left.\n|inactive|Stinky57 has 15 seconds left.\n|\n|t:|1770193978\n|move|p1a: Necrozma|Protect|p1a: Necrozma\n|-singleturn|p1a: Necrozma|Protect\n|move|p2b: Rillaboom|Wood Hammer|p1b: Iron Hands\n|-damage|p1b: Iron Hands|55/100\n|-damage|p2b: Rillaboom|82/100|[from] Recoil\n|move|p2a: Landorus|Sandsear Storm|p1a: Necrozma|[spread] \n|-activate|p1a: Necrozma|move: Protect\n|-miss|p2a: Landorus|p1b: Iron Hands\n|move|p1b: Iron Hands|Drain Punch|p2b: Rillaboom\n|-damage|p2b: Rillaboom|39/100\n|-heal|p1b: Iron Hands|72/100|[from] drain|[of] p2b: Rillaboom\n|\n|-heal|p2b: Rillaboom|46/100|[from] Grassy Terrain\n|-heal|p1b: Iron Hands|78/100|[from] Grassy Terrain\n|upkeep\n|turn|3\n|inactive|ky123456 has 30 seconds left.\n|inactive|Stinky57 has 30 seconds left.\n|inactive|ky123456 has 20 seconds left.\n|\n|t:|1770194016\n|move|p2b: Rillaboom|U-turn|p1a: Necrozma\n|-damage|p1a: Necrozma|85/100\n|\n|t:|1770194024\n|switch|p2b: Koraidon|Koraidon, L50|100/100|[from] U-turn\n|-weather|SunnyDay|[from] ability: Orichalcum Pulse|[of] p2b: Koraidon\n|-activate|p2b: Koraidon|Orichalcum Pulse|[source]\n|move|p2a: Landorus|Sandsear Storm|p1b: Iron Hands|[spread] p1b\n|-miss|p2a: Landorus|p1a: Necrozma\n|-supereffective|p1b: Iron Hands\n|-damage|p1b: Iron Hands|0 fnt\n|faint|p1b: Iron Hands\n|-end|p1b: Iron Hands|Quark Drive|[silent]\n|move|p1a: Necrozma|Sunsteel Strike|p2a: Landorus\n|-damage|p2a: Landorus|22/100\n|\n|-weather|SunnyDay|[upkeep]\n|-heal|p1a: Necrozma|91/100|[from] Grassy Terrain\n|upkeep\n|\n|t:|1770194032\n|switch|p1b: Pelipper|Pelipper, L50, M|100/100\n|-weather|RainDance|[from] ability: Drizzle|[of] p1b: Pelipper\n|turn|4\n|\n|t:|1770194052\n|switch|p2b: Calyrex|Calyrex-Ice, L50|100/100\n|-ability|p2b: Calyrex|As One\n|-ability|p2b: Calyrex|Unnerve\n|-terastallize|p1a: Necrozma|Dragon\n|move|p2a: Landorus|Protect|p2a: Landorus\n|-singleturn|p2a: Landorus|Protect\n|move|p1b: Pelipper|Hurricane|p2a: Landorus\n|-activate|p2a: Landorus|move: Protect\n|move|p1a: Necrozma|Photon Geyser|p2b: Calyrex\n|-resisted|p2b: Calyrex\n|-damage|p2b: Calyrex|83/100\n|\n|-weather|RainDance|[upkeep]\n|-heal|p1a: Necrozma|97/100|[from] Grassy Terrain\n|-heal|p2b: Calyrex|89/100|[from] Grassy Terrain\n|-heal|p2b: Calyrex|95/100|[from] item: Leftovers\n|upkeep\n|turn|5\n|inactive|ky123456 has 30 seconds left.\n|inactive|Stinky57 has 30 seconds left.\n|\n|t:|1770194085\n|move|p2b: Calyrex|Protect|p2b: Calyrex\n|-singleturn|p2b: Calyrex|Protect\n|move|p1b: Pelipper|Wide Guard|p1b: Pelipper\n|-singleturn|p1b: Pelipper|Wide Guard\n|move|p2a: Landorus|Earth Power|p1a: Necrozma\n|-damage|p1a: Necrozma|36/100\n|move|p1a: Necrozma|Photon Geyser|p2a: Landorus\n|-damage|p2a: Landorus|0 fnt\n|faint|p2a: Landorus\n|\n|-weather|RainDance|[upkeep]\n|-heal|p1a: Necrozma|42/100|[from] Grassy Terrain\n|-heal|p2b: Calyrex|100/100|[from] Grassy Terrain\n|-fieldend|move: Grassy Terrain\n|upkeep\n|\n|t:|1770194103\n|switch|p2a: Koraidon|Koraidon, L50|100/100\n|-weather|SunnyDay|[from] ability: Orichalcum Pulse|[of] p2a: Koraidon\n|-activate|p2a: Koraidon|Orichalcum Pulse|[source]\n|turn|6\n|\n|t:|1770194115\n|move|p2a: Koraidon|Low Kick|p1a: Necrozma\n|-damage|p1a: Necrozma|0 fnt\n|faint|p1a: Necrozma\n|move|p1b: Pelipper|Weather Ball|p2b: Calyrex\n|-supereffective|p2b: Calyrex\n|-damage|p2b: Calyrex|43/100\n|move|p2b: Calyrex|Glacial Lance|p1b: Pelipper\n|-damage|p1b: Pelipper|9/100\n|\n|-weather|SunnyDay|[upkeep]\n|-heal|p2b: Calyrex|48/100|[from] item: Leftovers\n|upkeep\n|\n|t:|1770194118\n|switch|p1a: Miraidon|Miraidon, L50, shiny|100/100\n|-fieldstart|move: Electric Terrain|[from] ability: Hadron Engine|[of] p1a: Miraidon\n|turn|7\n|\n|t:|1770194132\n|switch|p2a: Rillaboom|Rillaboom, L50, F|46/100\n|-fieldstart|move: Grassy Terrain|[from] ability: Grassy Surge|[of] p2a: Rillaboom\n|move|p2b: Calyrex|Protect|p2b: Calyrex\n|-singleturn|p2b: Calyrex|Protect\n|move|p1a: Miraidon|Draco Meteor|p2a: Rillaboom\n|-damage|p2a: Rillaboom|0 fnt\n|-unboost|p1a: Miraidon|spa|2\n|faint|p2a: Rillaboom\n|-damage|p1a: Miraidon|91/100|[from] item: Life Orb\n|move|p1b: Pelipper|Weather Ball|p2b: Calyrex\n|-activate|p2b: Calyrex|move: Protect\n|\n|-weather|SunnyDay|[upkeep]\n|-heal|p1a: Miraidon|97/100|[from] Grassy Terrain\n|-heal|p2b: Calyrex|54/100|[from] Grassy Terrain\n|-heal|p2b: Calyrex|60/100|[from] item: Leftovers\n|upkeep\n|\n|t:|1770194145\n|switch|p2a: Koraidon|Koraidon, L50|100/100\n|-activate|p2a: Koraidon|ability: Orichalcum Pulse\n|turn|8\n|\n|t:|1770194153\n|-terastallize|p2a: Koraidon|Fire\n|move|p1b: Pelipper|Wide Guard|p1b: Pelipper\n|-singleturn|p1b: Pelipper|Wide Guard\n|move|p1a: Miraidon|Draco Meteor|p2a: Koraidon\n|-damage|p2a: Koraidon|61/100\n|-unboost|p1a: Miraidon|spa|2\n|-damage|p1a: Miraidon|87/100|[from] item: Life Orb\n|move|p2a: Koraidon|Flame Charge|p1b: Pelipper\n|-resisted|p1b: Pelipper\n|-damage|p1b: Pelipper|0 fnt\n|-boost|p2a: Koraidon|spe|1\n|faint|p1b: Pelipper\n|move|p2b: Calyrex|Glacial Lance|p1a: Miraidon\n|-activate|p1a: Miraidon|move: Wide Guard\n|\n|-weather|SunnyDay|[upkeep]\n|-heal|p2a: Koraidon|67/100|[from] Grassy Terrain\n|-heal|p1a: Miraidon|94/100|[from] Grassy Terrain\n|-heal|p2b: Calyrex|66/100|[from] Grassy Terrain\n|-heal|p2b: Calyrex|72/100|[from] item: Leftovers\n|upkeep\n|turn|9\n|\n|t:|1770194166\n|move|p2a: Koraidon|Low Kick|p1a: Miraidon\n|-damage|p1a: Miraidon|0 fnt\n|faint|p1a: Miraidon\n|\n|win|ky123456\n|raw|Stinky57's rating: 1561 &rarr; <strong>1540</strong><br />(-21 for losing)\n|raw|ky123456's rating: 1549 &rarr; <strong>1570</strong><br />(+21 for winning)\n|l|\u2606Stinky57\n|player|p1|\n|l|\u2606ky123456\n|player|p2|\n","uploadtime":1770194363,"views":40,"formatid":"gen9vgc2026regi","rating":1540,"private":0,"password":null}