{"id":"gen9vgc2026regi-2557927901","format":"[Gen 9] VGC 2026 Reg I","players":["mytestteams","lalo's pollos"],"log":"|j|\u2606mytestteams\n|j|\u2606lalo's pollos\n|t:|1773375036\n|gametype|doubles\n|player|p1|mytestteams|burglar|1400\n|player|p2|lalo's pollos|266|1488\n|gen|9\n|tier|[Gen 9] VGC 2026 Reg I\n|rated|\n|rule|Species Clause: Limit one of each Pok\u00e9mon\n|rule|Item Clause: Limit 1 of each item\n|clearpoke\n|poke|p1|Miraidon, L50|\n|poke|p1|Zamazenta-*, L50|\n|poke|p1|Whimsicott, L50, F|\n|poke|p1|Ogerpon-Cornerstone, L50, F|\n|poke|p1|Landorus, L50, M|\n|poke|p1|Farigiraf, L50, M|\n|poke|p2|Miraidon, L50|\n|poke|p2|Landorus, L50, M|\n|poke|p2|Incineroar, L50, F|\n|poke|p2|Iron Bundle, L50|\n|poke|p2|Farigiraf, L50, F|\n|poke|p2|Calyrex-Ice, L50|\n|teampreview|4\n|\n|t:|1773375055\n|teamsize|p1|4\n|teamsize|p2|4\n|start\n|switch|p1a: Farigiraf|Farigiraf, L50, M|100/100\n|switch|p1b: Miraidon|Miraidon, L50|100/100\n|switch|p2a: Landorus|Landorus, L50, M|100/100\n|switch|p2b: the Manager|Farigiraf, L50, F|100/100\n|-fieldstart|move: Electric Terrain|[from] ability: Hadron Engine|[of] p1b: Miraidon\n|-enditem|p1a: Farigiraf|Electric Seed\n|-boost|p1a: Farigiraf|def|1|[from] item: Electric Seed\n|turn|1\n|\n|t:|1773375066\n|-terastallize|p1b: Miraidon|Fairy\n|move|p1a: Farigiraf|Helping Hand|p1b: Miraidon\n|-singleturn|p1b: Miraidon|Helping Hand|[of] p1a: Farigiraf\n|move|p1b: Miraidon|Electro Drift|p2b: the Manager\n|-damage|p2b: the Manager|0 fnt\n|faint|p2b: the Manager\n|move|p2a: Landorus|Sandsear Storm|p1a: Farigiraf|[spread] p1a,p1b\n|-damage|p1a: Farigiraf|44/100\n|-damage|p1b: Miraidon|51/100\n|\n|upkeep\n|\n|t:|1773375076\n|switch|p2b: Co-Star|Miraidon, L50|100/100\n|-activate|p2b: Co-Star|ability: Hadron Engine\n|turn|2\n|\n|t:|1773375093\n|switch|p1b: Zamazenta|Zamazenta-Crowned, L50, shiny|100/100\n|-ability|p1b: Zamazenta|Dauntless Shield|boost\n|-boost|p1b: Zamazenta|def|1\n|move|p2b: Co-Star|Electro Drift|p1b: Zamazenta\n|-damage|p1b: Zamazenta|1/100\n|move|p2a: Landorus|Earth Power|p1a: Farigiraf\n|-damage|p1a: Farigiraf|0 fnt\n|faint|p1a: Farigiraf\n|\n|upkeep\n|\n|t:|1773375105\n|switch|p1a: Miraidon|Miraidon, L50, tera:Fairy|51/100\n|-activate|p1a: Miraidon|ability: Hadron Engine\n|turn|3\n|\n|t:|1773375124\n|move|p1b: Zamazenta|Wide Guard|p1b: Zamazenta\n|-singleturn|p1b: Zamazenta|Wide Guard\n|move|p2b: Co-Star|Electro Drift|p1a: Miraidon\n|-damage|p1a: Miraidon|0 fnt\n|faint|p1a: Miraidon\n|move|p2a: Landorus|Earth Power|p1b: Zamazenta\n|-supereffective|p1b: Zamazenta\n|-damage|p1b: Zamazenta|0 fnt\n|faint|p1b: Zamazenta\n|\n|upkeep\n|\n|t:|1773375130\n|switch|p1a: Ogerpon|Ogerpon-Cornerstone, L50, F|100/100\n|turn|4\n|\n|t:|1773375140\n|move|p2b: Co-Star|Electro Drift|p1a: Ogerpon\n|-resisted|p1a: Ogerpon\n|-damage|p1a: Ogerpon|18/100\n|move|p1a: Ogerpon|Ivy Cudgel|p2a: Landorus|[anim] Ivy Cudgel Rock\n|-crit|p2a: Landorus\n|-damage|p2a: Landorus|0 fnt\n|faint|p2a: Landorus\n|\n|upkeep\n|\n|t:|1773375142\n|switch|p2a: Calyrex|Calyrex-Ice, L50|100/100\n|-ability|p2a: Calyrex|As One\n|-ability|p2a: Calyrex|Unnerve\n|turn|5\n|\n|t:|1773375145\n|move|p2b: Co-Star|Electro Drift|p1a: Ogerpon\n|-resisted|p1a: Ogerpon\n|-damage|p1a: Ogerpon|0 fnt\n|faint|p1a: Ogerpon\n|\n|win|lalo's pollos\n|raw|mytestteams's rating: 1400 &rarr; <strong>1385</strong><br />(-15 for losing)\n|raw|lalo&apos;s pollos's rating: 1488 &rarr; <strong>1503</strong><br />(+15 for winning)\n|l|\u2606mytestteams\n|player|p1|\n","uploadtime":1773375377,"views":14,"formatid":"gen9vgc2026regi","rating":1385,"private":0,"password":null}