{"id":"gen9vgc2026regi-2551399114","format":"[Gen 9] VGC 2026 Reg I","players":["it'sjustken vgc","Kwiper"],"log":"|j|\u2606it'sjustken vgc\n|j|\u2606Kwiper\n|t:|1772596121\n|gametype|doubles\n|player|p1|it'sjustken vgc|1|1427\n|player|p2|Kwiper|sycamore|1435\n|gen|9\n|tier|[Gen 9] VGC 2026 Reg I\n|rated|\n|rule|Species Clause: Limit one of each Pok\u00e9mon\n|rule|Item Clause: Limit 1 of each item\n|clearpoke\n|poke|p1|Urshifu-*, L50, M|\n|poke|p1|Incineroar, L50, M|\n|poke|p1|Calyrex-Shadow, L50|\n|poke|p1|Amoonguss, L50, F|\n|poke|p1|Tornadus, L50, M|\n|poke|p1|Chien-Pao, L50|\n|poke|p2|Koraidon, L50|\n|poke|p2|Lunala, L50|\n|poke|p2|Indeedee-F, L50, F|\n|poke|p2|Flutter Mane, L50|\n|poke|p2|Volcarona, L50, F|\n|poke|p2|Ursaluna, L50, F|\n|teampreview|4\n|inactive|Battle timer is ON: inactive players will automatically lose when time's up. (requested by Kwiper)\n|inactive|it'sjustken vgc also wants the timer to be on.\n|j| ConnerTEP\n|\n|t:|1772596141\n|teamsize|p1|4\n|teamsize|p2|4\n|start\n|switch|p1a: Incineroar|Incineroar, L50, M|100/100\n|switch|p1b: Amoonguss|Amoonguss, L50, F|100/100\n|switch|p2a: Lunala|Lunala, L50, shiny|100/100\n|switch|p2b: Indeedee|Indeedee-F, L50, F|100/100\n|-ability|p1a: Incineroar|Intimidate|boost\n|-unboost|p2a: Lunala|atk|1\n|-unboost|p2b: Indeedee|atk|1\n|-fieldstart|move: Psychic Terrain|[from] ability: Psychic Surge|[of] p2b: Indeedee\n|turn|1\n|\n|t:|1772596160\n|-terastallize|p1b: Amoonguss|Water\n|move|p2b: Indeedee|Follow Me|p2b: Indeedee\n|-singleturn|p2b: Indeedee|move: Follow Me\n|move|p2a: Lunala|Meteor Beam||[still]\n|-prepare|p2a: Lunala|Meteor Beam\n|-boost|p2a: Lunala|spa|1\n|-enditem|p2a: Lunala|Power Herb\n|-anim|p2a: Lunala|Meteor Beam|p1a: Incineroar\n|-supereffective|p1a: Incineroar\n|-damage|p1a: Incineroar|3/100\n|move|p1a: Incineroar|Knock Off|p2b: Indeedee\n|-supereffective|p2b: Indeedee\n|-damage|p2b: Indeedee|9/100\n|-enditem|p2b: Indeedee|Safety Goggles|[from] move: Knock Off|[of] p1a: Incineroar\n|move|p1b: Amoonguss|Spore|p2b: Indeedee\n|-status|p2b: Indeedee|slp|[from] move: Spore\n|\n|upkeep\n|turn|2\n|\n|t:|1772596177\n|switch|p2b: Volcarona|Volcarona, L50, F|100/100\n|-terastallize|p2a: Lunala|Water\n|move|p2a: Lunala|Expanding Force|p1a: Incineroar|[spread] p1b\n|-immune|p1a: Incineroar\n|-damage|p1b: Amoonguss|8/100\n|-enditem|p1b: Amoonguss|Sitrus Berry|[eat]\n|-heal|p1b: Amoonguss|33/100|[from] item: Sitrus Berry\n|move|p1a: Incineroar|U-turn|p2b: Volcarona\n|-resisted|p2b: Volcarona\n|-damage|p2b: Volcarona|89/100\n|-damage|p1a: Incineroar|0 fnt|[from] item: Rocky Helmet|[of] p2b: Volcarona\n|faint|p1a: Incineroar\n|move|p1b: Amoonguss|Spore|p2a: Lunala\n|-status|p2a: Lunala|slp|[from] move: Spore\n|\n|upkeep\n|\n|t:|1772596181\n|switch|p1a: Calyrex|Calyrex-Shadow, L50|100/100\n|-ability|p1a: Calyrex|As One\n|-ability|p1a: Calyrex|Unnerve\n|turn|3\n|\n|t:|1772596184\n|move|p1a: Calyrex|Nasty Plot|p1a: Calyrex\n|-boost|p1a: Calyrex|spa|2\n|cant|p2a: Lunala|slp\n|move|p2b: Volcarona|Tailwind|p2b: Volcarona\n|-sidestart|p2: Kwiper|move: Tailwind\n|move|p1b: Amoonguss|Sludge Bomb|p2a: Lunala\n|-damage|p2a: Lunala|91/100 slp\n|\n|upkeep\n|turn|4\n|\n|t:|1772596190\n|switch|p1b: Tornadus|Tornadus, L50, M|100/100\n|move|p1a: Calyrex|Protect|p1a: Calyrex\n|-singleturn|p1a: Calyrex|Protect\n|cant|p2a: Lunala|slp\n|move|p2b: Volcarona|Struggle Bug|p1a: Calyrex|[spread] p1b\n|-activate|p1a: Calyrex|move: Protect\n|-resisted|p1b: Tornadus\n|-damage|p1b: Tornadus|88/100\n|-unboost|p1b: Tornadus|spa|1\n|\n|upkeep\n|turn|5\n|\n|t:|1772596205\n|move|p2b: Volcarona|Rage Powder|p2b: Volcarona\n|-singleturn|p2b: Volcarona|move: Rage Powder\n|move|p1b: Tornadus|Tailwind|p1b: Tornadus\n|-sidestart|p1: it'sjustken vgc|move: Tailwind\n|move|p1a: Calyrex|Psychic|p2b: Volcarona\n|-damage|p2b: Volcarona|0 fnt\n|faint|p2b: Volcarona\n|-ability|p1a: Calyrex|Grim Neigh|boost\n|-boost|p1a: Calyrex|spa|1\n|-damage|p1a: Calyrex|91/100|[from] item: Life Orb\n|cant|p2a: Lunala|slp\n|\n|-fieldend|move: Psychic Terrain\n|upkeep\n|\n|t:|1772596212\n|switch|p2b: Indeedee|Indeedee-F, L50, F|9/100 slp\n|-fieldstart|move: Psychic Terrain|[from] ability: Psychic Surge|[of] p2b: Indeedee\n|turn|6\n|-message|Kwiper forfeited.\n|\n|win|it'sjustken vgc\n|raw|it&apos;sjustken vgc's rating: 1427 &rarr; <strong>1447</strong><br />(+20 for winning)\n|raw|Kwiper's rating: 1435 &rarr; <strong>1415</strong><br />(-20 for losing)\n|l|\u2606Kwiper\n|player|p2|\n","uploadtime":1772596228,"views":20,"formatid":"gen9vgc2026regi","rating":1415,"private":0,"password":null}