{"id":"gen9vgc2026regi-2536619328","format":"[Gen 9] VGC 2026 Reg I","players":["lior97h","blackred123"],"log":"|j|\u2606lior97h\n|j|\u2606blackred123\n|t:|1770715916\n|gametype|doubles\n|player|p1|lior97h|lucas|1285\n|player|p2|blackred123|iono-masters|1371\n|gen|9\n|tier|[Gen 9] VGC 2026 Reg I\n|rated|\n|rule|Species Clause: Limit one of each Pok\u00e9mon\n|rule|Item Clause: Limit 1 of each item\n|clearpoke\n|poke|p1|Zamazenta-*, L50|\n|poke|p1|Gengar, L50, M|\n|poke|p1|Whimsicott, L50, M|\n|poke|p1|Calyrex-Shadow, L50|\n|poke|p1|Sableye, L50, M|\n|poke|p1|Oranguru, L50, F|\n|poke|p2|Calyrex-Ice, L50|\n|poke|p2|Lunala, L50|\n|poke|p2|Smeargle, L50, M|\n|poke|p2|Urshifu-*, L50, M|\n|poke|p2|Torkoal, L50, F|\n|poke|p2|Indeedee-F, L50, F|\n|teampreview|4\n|inactive|Battle timer is ON: inactive players will automatically lose when time's up. (requested by lior97h)\n|inactive|blackred123 also wants the timer to be on.\n|inactive|lior97h has 60 seconds left.\n|inactive|blackred123 has 60 seconds left.\n|\n|t:|1770715954\n|teamsize|p1|4\n|teamsize|p2|4\n|start\n|switch|p1a: Calyrex|Calyrex-Shadow, L50|100/100\n|switch|p1b: Zamazenta|Zamazenta-Crowned, L50|100/100\n|switch|p2a: \u5362\u51a0\u738b|Calyrex-Ice, L50|100/100\n|switch|p2b: Smeargle|Smeargle, L50, M|100/100\n|-ability|p1a: Calyrex|As One\n|-ability|p1a: Calyrex|Unnerve\n|-ability|p2a: \u5362\u51a0\u738b|As One\n|-ability|p2a: \u5362\u51a0\u738b|Unnerve\n|-ability|p1b: Zamazenta|Dauntless Shield|boost\n|-boost|p1b: Zamazenta|def|1\n|turn|1\n|inactive|lior97h has 30 seconds left.\n|\n|t:|1770715984\n|-terastallize|p2a: \u5362\u51a0\u738b|Fire\n|move|p1b: Zamazenta|Protect|p1b: Zamazenta\n|-singleturn|p1b: Zamazenta|Protect\n|move|p2b: Smeargle|Fake Out|p1b: Zamazenta\n|-activate|p1b: Zamazenta|move: Protect\n|move|p1a: Calyrex|Astral Barrage|p2b: Smeargle|[spread] p2a\n|-immune|p2b: Smeargle\n|-damage|p2a: \u5362\u51a0\u738b|59/100\n|move|p2a: \u5362\u51a0\u738b|Trick Room|p2a: \u5362\u51a0\u738b\n|-fieldstart|move: Trick Room|[of] p2a: \u5362\u51a0\u738b\n|\n|upkeep\n|turn|2\n|inactive|lior97h has 30 seconds left.\n|\n|t:|1770716015\n|switch|p1b: Whimsicott|Whimsicott, L50, M|100/100\n|switch|p1a: Oranguru|Oranguru, L50, F|100/100\n|move|p2b: Smeargle|Decorate|p2a: \u5362\u51a0\u738b\n|-boost|p2a: \u5362\u51a0\u738b|atk|2\n|-boost|p2a: \u5362\u51a0\u738b|spa|2\n|move|p2a: \u5362\u51a0\u738b|High Horsepower|p1b: Whimsicott\n|-resisted|p1b: Whimsicott\n|-damage|p1b: Whimsicott|31/100\n|\n|upkeep\n|turn|3\n|inactive|lior97h has 30 seconds left.\n|\n|t:|1770716045\n|move|p1a: Oranguru|Protect|p1a: Oranguru\n|-singleturn|p1a: Oranguru|Protect\n|move|p2b: Smeargle|Follow Me|p2b: Smeargle\n|-singleturn|p2b: Smeargle|move: Follow Me\n|move|p1b: Whimsicott|Taunt|p2b: Smeargle\n|-start|p2b: Smeargle|move: Taunt\n|move|p2a: \u5362\u51a0\u738b|Glacial Lance|p1a: Oranguru|[spread] p1b\n|-activate|p1a: Oranguru|move: Protect\n|-supereffective|p1b: Whimsicott\n|-damage|p1b: Whimsicott|0 fnt\n|faint|p1b: Whimsicott\n|-ability|p2a: \u5362\u51a0\u738b|Chilling Neigh|boost\n|-boost|p2a: \u5362\u51a0\u738b|atk|1\n|\n|upkeep\n|\n|t:|1770716060\n|switch|p1b: Zamazenta|Zamazenta-Crowned, L50|100/100\n|turn|4\n|\n|t:|1770716067\n|switch|p2b: \u56fa\u62c9\u591a\u5c0f\u5f1f|Torkoal, L50, F|100/100\n|-weather|SunnyDay|[from] ability: Drought|[of] p2b: \u56fa\u62c9\u591a\u5c0f\u5f1f\n|-terastallize|p1b: Zamazenta|Fighting\n|move|p2a: \u5362\u51a0\u738b|High Horsepower|p1a: Oranguru\n|-damage|p1a: Oranguru|0 fnt\n|faint|p1a: Oranguru\n|-ability|p2a: \u5362\u51a0\u738b|Chilling Neigh|boost\n|-boost|p2a: \u5362\u51a0\u738b|atk|1\n|move|p1b: Zamazenta|Body Press|p2a: \u5362\u51a0\u738b\n|-damage|p2a: \u5362\u51a0\u738b|23/100\n|\n|-weather|SunnyDay|[upkeep]\n|upkeep\n|\n|t:|1770716083\n|switch|p1a: Calyrex|Calyrex-Shadow, L50|100/100\n|-ability|p1a: Calyrex|As One\n|-ability|p1a: Calyrex|Unnerve\n|turn|5\n|\n|t:|1770716097\n|move|p1b: Zamazenta|Protect|p1b: Zamazenta\n|-singleturn|p1b: Zamazenta|Protect\n|move|p2b: \u56fa\u62c9\u591a\u5c0f\u5f1f|Weather Ball|p1b: Zamazenta\n|-activate|p1b: Zamazenta|move: Protect\n|move|p2a: \u5362\u51a0\u738b|High Horsepower|p1a: Calyrex\n|-damage|p1a: Calyrex|0 fnt\n|faint|p1a: Calyrex\n|-ability|p2a: \u5362\u51a0\u738b|Chilling Neigh|boost\n|-boost|p2a: \u5362\u51a0\u738b|atk|1\n|\n|-weather|SunnyDay|[upkeep]\n|-fieldend|move: Trick Room\n|upkeep\n|turn|6\n|\n|t:|1770716112\n|move|p1b: Zamazenta|Body Press|p2b: \u56fa\u62c9\u591a\u5c0f\u5f1f\n|-damage|p2b: \u56fa\u62c9\u591a\u5c0f\u5f1f|58/100\n|move|p2a: \u5362\u51a0\u738b|Glacial Lance|p1b: Zamazenta\n|-damage|p1b: Zamazenta|0 fnt\n|faint|p1b: Zamazenta\n|\n|win|blackred123\n|raw|lior97h's rating: 1285 &rarr; <strong>1266</strong><br />(-19 for losing)\n|raw|blackred123's rating: 1371 &rarr; <strong>1386</strong><br />(+15 for winning)\n|l|\u2606blackred123\n|player|p2|\n","uploadtime":1770716309,"views":16,"formatid":"gen9vgc2026regi","rating":1266,"private":0,"password":null}