{"id":"gen9vgc2026regi-2559976563","format":"[Gen 9] VGC 2026 Reg I","players":["It'sJustKen VGC","Padhijesp"],"log":"|j|\u2606It'sJustKen VGC\n|j|\u2606Padhijesp\n|t:|1773630765\n|gametype|doubles\n|player|p1|It'sJustKen VGC|102|1350\n|player|p2|Padhijesp|265|1367\n|gen|9\n|tier|[Gen 9] VGC 2026 Reg I\n|rated|\n|rule|Species Clause: Limit one of each Pok\u00e9mon\n|rule|Item Clause: Limit 1 of each item\n|clearpoke\n|poke|p1|Iron Hands, L50|\n|poke|p1|Incineroar, L50, F|\n|poke|p1|Miraidon, L50|\n|poke|p1|Farigiraf, L50, F|\n|poke|p1|Whimsicott, L50, F|\n|poke|p1|Koraidon, L50|\n|poke|p2|Lunala, L50|\n|poke|p2|Tyranitar, L50, F|\n|poke|p2|Rillaboom, L50, M|\n|poke|p2|Talonflame, L50, F|\n|poke|p2|Lucario, L50, M|\n|poke|p2|Miraidon, L50|\n|teampreview|4\n|inactive|Battle timer is ON: inactive players will automatically lose when time's up. (requested by It'sJustKen VGC)\n|\n|t:|1773630788\n|teamsize|p1|4\n|teamsize|p2|4\n|start\n|switch|p1a: Whimsicott|Whimsicott, L50, F|100/100\n|switch|p1b: Miraidon|Miraidon, L50, shiny|100/100\n|switch|p2a: Lunala|Lunala, L50|100/100\n|switch|p2b: Miraidon|Miraidon, L50|100/100\n|-fieldstart|move: Electric Terrain|[from] ability: Hadron Engine|[of] p2b: Miraidon\n|-activate|p1b: Miraidon|ability: Hadron Engine\n|turn|1\n|inactive|It'sJustKen VGC has 30 seconds left.\n|inactive|It'sJustKen VGC has 20 seconds left.\n|inactive|It'sJustKen VGC has 15 seconds left.\n|inactive|It'sJustKen VGC has 10 seconds left.\n|inactive|It'sJustKen VGC has 5 seconds left.\n|\n|t:|1773630841\n|-terastallize|p2b: Miraidon|Electric\n|move|p1a: Whimsicott|Tailwind|p1a: Whimsicott\n|-sidestart|p1: It'sJustKen VGC|move: Tailwind\n|move|p1b: Miraidon|Volt Switch|p2a: Lunala\n|-damage|p2a: Lunala|59/100\n|\n|t:|1773630844\n|switch|p1b: Farigiraf|Farigiraf, L50, F|100/100|[from] Volt Switch\n|-enditem|p1b: Farigiraf|Electric Seed\n|-boost|p1b: Farigiraf|def|1|[from] item: Electric Seed\n|move|p2b: Miraidon|Volt Switch|p1a: Whimsicott\n|-resisted|p1a: Whimsicott\n|-damage|p1a: Whimsicott|30/100\n|\n|t:|1773630854\n|switch|p2b: Talonflame|Talonflame, L50, F, shiny|100/100|[from] Volt Switch\n|move|p2a: Lunala|Meteor Beam||[still]\n|-prepare|p2a: Lunala|Meteor Beam\n|-boost|p2a: Lunala|spa|1\n|-enditem|p2a: Lunala|Power Herb\n|-anim|p2a: Lunala|Meteor Beam|p1a: Whimsicott\n|-damage|p1a: Whimsicott|0 fnt\n|faint|p1a: Whimsicott\n|\n|upkeep\n|\n|t:|1773630862\n|switch|p1a: Miraidon|Miraidon, L50, shiny|100/100\n|-activate|p1a: Miraidon|ability: Hadron Engine\n|turn|2\n|\n|t:|1773630872\n|move|p2b: Talonflame|Tailwind|p2b: Talonflame\n|-sidestart|p2: Padhijesp|move: Tailwind\n|move|p1a: Miraidon|Volt Switch|p2a: Lunala\n|-damage|p2a: Lunala|0 fnt\n|faint|p2a: Lunala\n|\n|t:|1773630876\n|switch|p1a: Koraidon|Koraidon, L50, shiny|100/100|[from] Volt Switch\n|-weather|SunnyDay|[from] ability: Orichalcum Pulse|[of] p1a: Koraidon\n|-activate|p1a: Koraidon|Orichalcum Pulse|[source]\n|move|p1b: Farigiraf|Psychic|p2b: Talonflame\n|-damage|p2b: Talonflame|49/100\n|\n|-weather|SunnyDay|[upkeep]\n|upkeep\n|j| 801344244a\n|\n|t:|1773630884\n|switch|p2a: Miraidon|Miraidon, L50, tera:Electric|100/100\n|-activate|p2a: Miraidon|ability: Hadron Engine\n|turn|3\n|inactive|It'sJustKen VGC has 30 seconds left.\n|inactive|It'sJustKen VGC has 20 seconds left.\n|inactive|It'sJustKen VGC has 15 seconds left.\n|\n|t:|1773630926\n|move|p2a: Miraidon|Electro Drift|p1b: Farigiraf\n|-damage|p1b: Farigiraf|0 fnt\n|faint|p1b: Farigiraf\n|move|p1a: Koraidon|Close Combat|p2a: Miraidon\n|-damage|p2a: Miraidon|6/100\n|-unboost|p1a: Koraidon|def|1\n|-unboost|p1a: Koraidon|spd|1\n|move|p2b: Talonflame|Acrobatics|p1a: Koraidon\n|-supereffective|p1a: Koraidon\n|-damage|p1a: Koraidon|0 fnt\n|faint|p1a: Koraidon\n|\n|-weather|SunnyDay|[upkeep]\n|upkeep\n|\n|t:|1773630929\n|switch|p1a: Miraidon|Miraidon, L50, shiny|100/100\n|-activate|p1a: Miraidon|ability: Hadron Engine\n|turn|4\n|\n|t:|1773630938\n|move|p2a: Miraidon|Electro Drift|p1a: Miraidon\n|-resisted|p1a: Miraidon\n|-damage|p1a: Miraidon|65/100\n|move|p2b: Talonflame|Acrobatics|p1a: Miraidon\n|-resisted|p1a: Miraidon\n|-damage|p1a: Miraidon|45/100\n|move|p1a: Miraidon|Dazzling Gleam|p2b: Talonflame|[spread] p2a,p2b\n|-resisted|p2b: Talonflame\n|-damage|p2a: Miraidon|0 fnt\n|-damage|p2b: Talonflame|10/100\n|faint|p2a: Miraidon\n|\n|-weather|SunnyDay|[upkeep]\n|-sideend|p1: It'sJustKen VGC|move: Tailwind\n|upkeep\n|\n|t:|1773630942\n|switch|p2a: Rillaboom|Rillaboom, L50, M|100/100\n|-fieldstart|move: Grassy Terrain|[from] ability: Grassy Surge|[of] p2a: Rillaboom\n|turn|5\n|\n|t:|1773630960\n|move|p2b: Talonflame|Acrobatics|p1a: Miraidon\n|-resisted|p1a: Miraidon\n|-damage|p1a: Miraidon|26/100\n|move|p2a: Rillaboom|High Horsepower|p1a: Miraidon\n|-supereffective|p1a: Miraidon\n|-damage|p1a: Miraidon|0 fnt\n|faint|p1a: Miraidon\n|\n|win|Padhijesp\n|raw|It&apos;sJustKen VGC's rating: 1314 &rarr; <strong>1297</strong><br />(-17 for losing)\n|raw|Padhijesp's rating: 1367 &rarr; <strong>1384</strong><br />(+17 for winning)\n|l|\u2606It'sJustKen VGC\n|player|p1|\n|l|\u2606Padhijesp\n|player|p2|\n|l| 801344244a\n","uploadtime":1773631198,"views":7,"formatid":"gen9vgc2026regi","rating":1297,"private":0,"password":null}