{"id":"gen9vgc2026regi-2571594455","format":"[Gen 9] VGC 2026 Reg I","players":["KaiMVGC","Noobilio"],"log":"|j|\u2606KaiMVGC\n|j|\u2606Noobilio\n|t:|1774938581\n|gametype|doubles\n|player|p1|KaiMVGC|boarder|\n|player|p2|Noobilio|nurse|\n|gen|9\n|tier|[Gen 9] VGC 2026 Reg I\n|rated|Tournament battle\n|rule|Species Clause: Limit one of each Pok\u00e9mon\n|rule|Item Clause: Limit 1 of each item\n|raw|<div class=\"infobox\"><details class=\"readmore\" open><summary><strong>3 custom rules:</strong></summary> Open Team Sheets, Force Open Team Sheets, !Open Team Sheets</details></div>\n|clearpoke\n|poke|p1|Calyrex-Shadow, L50|\n|poke|p1|Zamazenta-*, L50|\n|poke|p1|Rillaboom, L50, M|\n|poke|p1|Raging Bolt, L50|\n|poke|p1|Smeargle, L50, F|\n|poke|p1|Tornadus, L50, M|\n|poke|p2|Miraidon, L50|\n|poke|p2|Whimsicott, L50, F|\n|poke|p2|Urshifu-*, L50, F|\n|poke|p2|Incineroar, L50, F|\n|poke|p2|Lunala, L50|\n|poke|p2|Ursaluna, L50, F|\n|teampreview|4\n|showteam|p1|Calyrex-Shadow||LifeOrb|AsOneSpectrier|AstralBarrage,Psychic,NastyPlot,Protect||||||50|,,,,,Dark]Zamazenta-Crowned||RustedShield|DauntlessShield|BodyPress,HeavySlam,WideGuard,Protect||||||50|,,,,,Dragon]Rillaboom||AssaultVest|GrassySurge|WoodHammer,GrassyGlide,Uturn,FakeOut|||M|||50|,,,,,Water]Raging Bolt||BoosterEnergy|Protosynthesis|Thunderbolt,DragonPulse,Thunderclap,Protect||||||50|,,,,,Electric]Smeargle||FocusSash|Moody|Spore,FollowMe,WideGuard,FakeOut|||F|||50|,,,,,Ghost]Tornadus||SkyPlate|Prankster|Tailwind,Taunt,BleakwindStorm,Protect|||M|||50|,,,,,Dragon\n|showteam|p2|Miraidon||LifeOrb|HadronEngine|ElectroDrift,DracoMeteor,VoltSwitch,Protect||||||50|,,,,,Electric]Whimsicott||CovertCloak|Prankster|Moonblast,Encore,LightScreen,Tailwind|||F|||50|,,,,,Water]Urshifu-Rapid-Strike||ChoiceBand|UnseenFist|SurgingStrikes,CloseCombat,AquaJet,Uturn|||F|||50|,,,,,Ghost]Incineroar||AssaultVest|Intimidate|FlareBlitz,KnockOff,Uturn,FakeOut|||F|||50|,,,,,Bug]Lunala||ElectricSeed|ShadowShield|MoongeistBeam,Moonblast,WideGuard,TrickRoom||||||50|,,,,,Fairy]Ursaluna||FlameOrb|Guts|Facade,HeadlongRush,Earthquake,Protect|||F|||50|,,,,,Ghost\n|\n|t:|1774938601\n|teamsize|p1|4\n|teamsize|p2|4\n|start\n|switch|p1a: Notorious CSR|Calyrex-Shadow, L50|100/100\n|switch|p1b: Dark Void X|Smeargle, L50, F|100/100\n|switch|p2a: bro is him|Whimsicott, L50, F|100/100\n|switch|p2b: Wulaosu|Urshifu-Rapid-Strike, L50, F|100/100\n|-ability|p1a: Notorious CSR|As One\n|-ability|p1a: Notorious CSR|Unnerve\n|turn|1\n|\n|t:|1774938639\n|move|p1b: Dark Void X|Follow Me|p1b: Dark Void X\n|-singleturn|p1b: Dark Void X|move: Follow Me\n|move|p2a: bro is him|Tailwind|p2a: bro is him\n|-sidestart|p2: Noobilio|move: Tailwind\n|move|p2b: Wulaosu|Surging Strikes|p1b: Dark Void X\n|-crit|p1b: Dark Void X\n|-damage|p1b: Dark Void X|41/100\n|-crit|p1b: Dark Void X\n|-damage|p1b: Dark Void X|0 fnt\n|faint|p1b: Dark Void X\n|-hitcount|p1: Dark Void X|2\n|move|p1a: Notorious CSR|Astral Barrage|p2b: Wulaosu|[spread] p2a,p2b\n|-damage|p2a: bro is him|21/100\n|-damage|p2b: Wulaosu|0 fnt\n|faint|p2b: Wulaosu\n|-ability|p1a: Notorious CSR|Grim Neigh|boost\n|-boost|p1a: Notorious CSR|spa|1\n|-damage|p1a: Notorious CSR|91/100|[from] item: Life Orb\n|\n|upkeep\n|\n|t:|1774938650\n|switch|p2b: Theo|Miraidon, L50|100/100\n|switch|p1b: Metro Boomin|Rillaboom, L50, M|100/100\n|-fieldstart|move: Electric Terrain|[from] ability: Hadron Engine|[of] p2b: Theo\n|-fieldstart|move: Grassy Terrain|[from] ability: Grassy Surge|[of] p1b: Metro Boomin\n|turn|2\n|\n|t:|1774938663\n|move|p2b: Theo|Protect|p2b: Theo\n|-singleturn|p2b: Theo|Protect\n|move|p1b: Metro Boomin|Fake Out|p2b: Theo\n|-activate|p2b: Theo|move: Protect\n|move|p2a: bro is him|Light Screen|p2a: bro is him\n|-sidestart|p2: Noobilio|move: Light Screen\n|move|p1a: Notorious CSR|Nasty Plot|p1a: Notorious CSR\n|-boost|p1a: Notorious CSR|spa|2\n|\n|-heal|p2a: bro is him|27/100|[from] Grassy Terrain\n|-heal|p1a: Notorious CSR|97/100|[from] Grassy Terrain\n|upkeep\n|turn|3\n|\n|t:|1774938691\n|switch|p1b: 50 Zent|Zamazenta-Crowned, L50|100/100\n|-ability|p1b: 50 Zent|Dauntless Shield|boost\n|-boost|p1b: 50 Zent|def|1\n|-terastallize|p2b: Theo|Electric\n|move|p1a: Notorious CSR|Protect|p1a: Notorious CSR\n|-singleturn|p1a: Notorious CSR|Protect\n|move|p2a: bro is him|Encore|p1a: Notorious CSR\n|-activate|p1a: Notorious CSR|move: Protect\n|move|p2b: Theo|Electro Drift|p1a: Notorious CSR\n|-activate|p1a: Notorious CSR|move: Protect\n|\n|-heal|p2a: bro is him|33/100|[from] Grassy Terrain\n|-heal|p1a: Notorious CSR|100/100|[from] Grassy Terrain\n|upkeep\n|turn|4\n|\n|t:|1774938737\n|switch|p2a: A WOMAN! RUNNN|Lunala, L50|100/100\n|switch|p1a: Metro Boomin|Rillaboom, L50, M|100/100\n|move|p2b: Theo|Volt Switch|p1b: 50 Zent\n|-damage|p1b: 50 Zent|52/100\n|-damage|p2b: Theo|91/100|[from] item: Life Orb\n|\n|t:|1774938743\n|switch|p2b: bro is him|Whimsicott, L50, F|33/100|[from] Volt Switch\n|move|p1b: 50 Zent|Heavy Slam|p2a: A WOMAN! RUNNN\n|-damage|p2a: A WOMAN! RUNNN|80/100\n|\n|-heal|p2b: bro is him|39/100|[from] Grassy Terrain\n|-heal|p2a: A WOMAN! RUNNN|87/100|[from] Grassy Terrain\n|-heal|p1b: 50 Zent|58/100|[from] Grassy Terrain\n|-sideend|p2: Noobilio|move: Tailwind\n|upkeep\n|turn|5\n|\n|t:|1774938784\n|switch|p2b: Theo|Miraidon, L50, tera:Electric|91/100\n|-fieldstart|move: Electric Terrain|[from] ability: Hadron Engine|[of] p2b: Theo\n|-enditem|p2a: A WOMAN! RUNNN|Electric Seed\n|-boost|p2a: A WOMAN! RUNNN|def|1|[from] item: Electric Seed\n|move|p1b: 50 Zent|Heavy Slam|p2b: Theo\n|-resisted|p2b: Theo\n|-damage|p2b: Theo|76/100\n|move|p2a: A WOMAN! RUNNN|Moongeist Beam|p1a: Metro Boomin\n|-damage|p1a: Metro Boomin|63/100\n|move|p1a: Metro Boomin|U-turn|p2b: Theo\n|-damage|p2b: Theo|53/100\n|\n|t:|1774938797\n|switch|p1a: Notorious CSR|Calyrex-Shadow, L50|100/100|[from] U-turn\n|-ability|p1a: Notorious CSR|As One\n|-ability|p1a: Notorious CSR|Unnerve\n|\n|upkeep\n|turn|6\n|\n|t:|1774938826\n|-terastallize|p1b: 50 Zent|Dragon\n|move|p1a: Notorious CSR|Protect|p1a: Notorious CSR\n|-singleturn|p1a: Notorious CSR|Protect\n|move|p2a: A WOMAN! RUNNN|Wide Guard|p2a: A WOMAN! RUNNN\n|-singleturn|p2a: A WOMAN! RUNNN|Wide Guard\n|move|p2b: Theo|Draco Meteor|p1b: 50 Zent\n|-supereffective|p1b: 50 Zent\n|-damage|p1b: 50 Zent|0 fnt\n|-unboost|p2b: Theo|spa|2\n|faint|p1b: 50 Zent\n|-damage|p2b: Theo|44/100|[from] item: Life Orb\n|\n|-sideend|p2: Noobilio|move: Light Screen\n|upkeep\n|c|\u2606KaiMVGC|nice\n|\n|t:|1774938838\n|switch|p1b: Metro Boomin|Rillaboom, L50, M|63/100\n|-fieldstart|move: Grassy Terrain|[from] ability: Grassy Surge|[of] p1b: Metro Boomin\n|turn|7\n|\n|t:|1774938869\n|switch|p2b: bro is him|Whimsicott, L50, F|39/100\n|move|p2a: A WOMAN! RUNNN|Wide Guard|p2a: A WOMAN! RUNNN\n|-singleturn|p2a: A WOMAN! RUNNN|Wide Guard\n|move|p1a: Notorious CSR|Psychic|p2a: A WOMAN! RUNNN\n|-resisted|p2a: A WOMAN! RUNNN\n|-damage|p2a: A WOMAN! RUNNN|58/100\n|-damage|p1a: Notorious CSR|91/100|[from] item: Life Orb\n|move|p1b: Metro Boomin|Wood Hammer|p2a: A WOMAN! RUNNN\n|-damage|p2a: A WOMAN! RUNNN|20/100\n|-damage|p1b: Metro Boomin|48/100|[from] Recoil\n|\n|-heal|p1a: Notorious CSR|97/100|[from] Grassy Terrain\n|-heal|p2b: bro is him|45/100|[from] Grassy Terrain\n|-heal|p2a: A WOMAN! RUNNN|27/100|[from] Grassy Terrain\n|-heal|p1b: Metro Boomin|54/100|[from] Grassy Terrain\n|upkeep\n|turn|8\n|j| 801344244b\n|\n|t:|1774938906\n|switch|p2a: Theo|Miraidon, L50, tera:Electric|44/100\n|-fieldstart|move: Electric Terrain|[from] ability: Hadron Engine|[of] p2a: Theo\n|move|p2b: bro is him|Light Screen|p2b: bro is him\n|-sidestart|p2: Noobilio|move: Light Screen\n|move|p1a: Notorious CSR|Astral Barrage|p2a: Theo|[spread] p2a,p2b\n|-damage|p2a: Theo|0 fnt\n|-damage|p2b: bro is him|0 fnt\n|faint|p2a: Theo\n|faint|p2b: bro is him\n|-ability|p1a: Notorious CSR|Grim Neigh|boost\n|-boost|p1a: Notorious CSR|spa|2\n|-damage|p1a: Notorious CSR|88/100|[from] item: Life Orb\n|move|p1b: Metro Boomin|Wood Hammer|p2: Theo|[notarget]\n|-fail|p1b: Metro Boomin\n|\n|upkeep\n|j| kritath\n|c|\u2606Noobilio|ggwp\n|\n|t:|1774938919\n|switch|p2a: A WOMAN! RUNNN|Lunala, L50|27/100\n|turn|9\n|c|\u2606KaiMVGC|ggs\n|c|\u2606KaiMVGC|you too man\n|\n|t:|1774938925\n|move|p1a: Notorious CSR|Astral Barrage|p2a: A WOMAN! RUNNN\n|-supereffective|p2a: A WOMAN! RUNNN\n|-damage|p2a: A WOMAN! RUNNN|0 fnt\n|faint|p2a: A WOMAN! RUNNN\n|-damage|p1a: Notorious CSR|78/100|[from] item: Life Orb\n|\n|win|KaiMVGC\n|n|\u2606KaiMVGC|kaimvgc\n|n|\u2606Noobilio|noobilio\n|n| 801344244b|801344244b\n|n| kritath|kritath\n|l| kritath\n","uploadtime":1774938925,"views":37,"formatid":"gen9vgc2026regi","rating":null,"private":0,"password":null}