{"id":"gen9vgc2026regi-2584167638","format":"[Gen 9] VGC 2026 Reg I","players":["kyoshi4","wizzywhy"],"log":"|j|\u2606kyoshi4\n|j|\u2606wizzywhy\n|t:|1776233389\n|gametype|doubles\n|player|p1|kyoshi4|cynthia-gen4|1548\n|player|p2|wizzywhy|1|1459\n|gen|9\n|tier|[Gen 9] VGC 2026 Reg I\n|rated|\n|rule|Species Clause: Limit one of each Pok\u00e9mon\n|rule|Item Clause: Limit 1 of each item\n|clearpoke\n|poke|p1|Chien-Pao, L50|\n|poke|p1|Kyogre, L50|\n|poke|p1|Zamazenta-*, L50|\n|poke|p1|Amoonguss, L50, M|\n|poke|p1|Landorus, L50, M|\n|poke|p1|Iron Jugulis, L50|\n|poke|p2|Incineroar, L50, M|\n|poke|p2|Calyrex-Shadow, L50|\n|poke|p2|Whimsicott, L50, M|\n|poke|p2|Miraidon, L50|\n|poke|p2|Raging Bolt, L50|\n|poke|p2|Ogerpon-Hearthflame, L50, F|\n|teampreview|4\n|\n|t:|1776233428\n|teamsize|p1|4\n|teamsize|p2|4\n|start\n|switch|p1a: Iron Jugulis|Iron Jugulis, L50|100/100\n|switch|p1b: Chien-Pao|Chien-Pao, L50|100/100\n|switch|p2a: Miraidon|Miraidon, L50|100/100\n|switch|p2b: Whimsicott|Whimsicott, L50, M|100/100\n|-fieldstart|move: Electric Terrain|[from] ability: Hadron Engine|[of] p2a: Miraidon\n|-activate|p1a: Iron Jugulis|ability: Quark Drive\n|-start|p1a: Iron Jugulis|quarkdrivespe\n|-ability|p1b: Chien-Pao|Sword of Ruin\n|turn|1\n|inactive|Battle timer is ON: inactive players will automatically lose when time's up. (requested by kyoshi4)\n|\n|t:|1776233442\n|-terastallize|p2a: Miraidon|Fairy\n|move|p1a: Iron Jugulis|Protect|p1a: Iron Jugulis\n|-singleturn|p1a: Iron Jugulis|Protect\n|move|p2b: Whimsicott|Tailwind|p2b: Whimsicott\n|-sidestart|p2: wizzywhy|move: Tailwind\n|move|p2a: Miraidon|Dazzling Gleam|p1a: Iron Jugulis|[spread] p1b\n|-activate|p1a: Iron Jugulis|move: Protect\n|-supereffective|p1b: Chien-Pao\n|-enditem|p1b: Chien-Pao|Focus Sash\n|-damage|p1b: Chien-Pao|1/100\n|move|p1b: Chien-Pao|Icy Wind|p2b: Whimsicott|[spread] p2a,p2b\n|-supereffective|p2b: Whimsicott\n|-damage|p2a: Miraidon|87/100\n|-damage|p2b: Whimsicott|59/100\n|-unboost|p2a: Miraidon|spe|1\n|\n|upkeep\n|turn|2\n|inactive|kyoshi4 has 30 seconds left.\n|\n|t:|1776233471\n|switch|p2b: Ogerpon|Ogerpon-Hearthflame, L50, F|100/100\n|-ability|p2b: Ogerpon|Mold Breaker\n|move|p1b: Chien-Pao|Protect|p1b: Chien-Pao\n|-singleturn|p1b: Chien-Pao|Protect\n|move|p2a: Miraidon|Dazzling Gleam|p1b: Chien-Pao|[spread] p1a\n|-activate|p1b: Chien-Pao|move: Protect\n|-supereffective|p1a: Iron Jugulis\n|-damage|p1a: Iron Jugulis|0 fnt\n|faint|p1a: Iron Jugulis\n|-end|p1a: Iron Jugulis|Quark Drive|[silent]\n|\n|upkeep\n|\n|t:|1776233482\n|switch|p1a: Zamazenta|Zamazenta-Crowned, L50|100/100\n|-ability|p1a: Zamazenta|Dauntless Shield|boost\n|-boost|p1a: Zamazenta|def|1\n|turn|3\n|\n|t:|1776233496\n|switch|p2a: Whimsicott|Whimsicott, L50, M|59/100\n|switch|p1b: Kyogre|Kyogre, L50|100/100\n|-weather|RainDance|[from] ability: Drizzle|[of] p1b: Kyogre\n|move|p2b: Ogerpon|Ivy Cudgel|p1b: Kyogre|[anim] Ivy Cudgel Fire\n|-resisted|p1b: Kyogre\n|-crit|p1b: Kyogre\n|-damage|p1b: Kyogre|80/100\n|move|p1a: Zamazenta|Body Press|p2b: Ogerpon\n|-damage|p2b: Ogerpon|14/100\n|\n|-weather|RainDance|[upkeep]\n|upkeep\n|turn|4\n|inactive|wizzywhy has 30 seconds left.\n|inactive|wizzywhy has 20 seconds left.\n|inactive|wizzywhy has 15 seconds left.\n|\n|t:|1776233540\n|switch|p2a: Calyrex|Calyrex-Shadow, L50|100/100\n|-ability|p2a: Calyrex|As One\n|-ability|p2a: Calyrex|Unnerve\n|-terastallize|p1b: Kyogre|Grass\n|move|p2b: Ogerpon|Horn Leech|p1b: Kyogre\n|-resisted|p1b: Kyogre\n|-damage|p1b: Kyogre|59/100\n|-heal|p2b: Ogerpon|27/100|[from] drain|[of] p1b: Kyogre\n|move|p1a: Zamazenta|Behemoth Bash|p2a: Calyrex\n|-damage|p2a: Calyrex|49/100\n|move|p1b: Kyogre|Water Spout|p2a: Calyrex|[spread] p2a,p2b\n|-damage|p2a: Calyrex|0 fnt\n|-damage|p2b: Ogerpon|0 fnt\n|faint|p2a: Calyrex\n|faint|p2b: Ogerpon\n|\n|-weather|RainDance|[upkeep]\n|-sideend|p2: wizzywhy|move: Tailwind\n|upkeep\n|\n|t:|1776233558\n|switch|p2a: Miraidon|Miraidon, L50, tera:Fairy|87/100\n|switch|p2b: Whimsicott|Whimsicott, L50, M|59/100\n|-activate|p2a: Miraidon|ability: Hadron Engine\n|turn|5\n|inactive|wizzywhy has 30 seconds left.\n|\n|t:|1776233586\n|switch|p1b: Chien-Pao|Chien-Pao, L50|1/100\n|-ability|p1b: Chien-Pao|Sword of Ruin\n|move|p2b: Whimsicott|Helping Hand|p2a: Miraidon\n|-singleturn|p2a: Miraidon|Helping Hand|[of] p2b: Whimsicott\n|move|p2a: Miraidon|Electro Drift|p1b: Chien-Pao\n|-damage|p1b: Chien-Pao|0 fnt\n|faint|p1b: Chien-Pao\n|move|p1a: Zamazenta|Behemoth Bash|p2a: Miraidon\n|-supereffective|p2a: Miraidon\n|-damage|p2a: Miraidon|7/100\n|\n|-weather|RainDance|[upkeep]\n|-fieldend|move: Electric Terrain\n|upkeep\n|\n|t:|1776233598\n|switch|p1b: Kyogre|Kyogre, L50, tera:Grass|59/100\n|turn|6\n|\n|t:|1776233619\n|move|p2b: Whimsicott|Helping Hand|p2a: Miraidon\n|-singleturn|p2a: Miraidon|Helping Hand|[of] p2b: Whimsicott\n|move|p2a: Miraidon|Electro Drift|p1a: Zamazenta\n|-damage|p1a: Zamazenta|19/100\n|move|p1a: Zamazenta|Behemoth Bash|p2b: Whimsicott\n|-supereffective|p2b: Whimsicott\n|-crit|p2b: Whimsicott\n|-damage|p2b: Whimsicott|0 fnt\n|faint|p2b: Whimsicott\n|move|p1b: Kyogre|Origin Pulse|p2a: Miraidon|[miss]\n|-miss|p1b: Kyogre|p2a: Miraidon\n|\n|-weather|RainDance|[upkeep]\n|upkeep\n|turn|7\n|\n|t:|1776233635\n|move|p2a: Miraidon|Electro Drift|p1a: Zamazenta\n|-damage|p1a: Zamazenta|0 fnt\n|faint|p1a: Zamazenta\n|move|p1b: Kyogre|Water Spout|p2a: Miraidon\n|-damage|p2a: Miraidon|0 fnt\n|faint|p2a: Miraidon\n|\n|win|kyoshi4\n|raw|kyoshi4's rating: 1548 &rarr; <strong>1563</strong><br />(+15 for winning)\n|raw|wizzywhy's rating: 1459 &rarr; <strong>1444</strong><br />(-15 for losing)\n","uploadtime":1776233641,"views":149,"formatid":"gen9vgc2026regi","rating":1444,"private":0,"password":null}