{"id":"gen9vgc2026regi-2549666377","format":"[Gen 9] VGC 2026 Reg I","players":["AriaDiMezzo","Simon0123"],"log":"|j|\u2606AriaDiMezzo\n|j|\u2606Simon0123\n|t:|1772395637\n|gametype|doubles\n|player|p1|AriaDiMezzo|skyla|1217\n|player|p2|Simon0123|shadowtriad|1225\n|gen|9\n|tier|[Gen 9] VGC 2026 Reg I\n|rated|\n|rule|Species Clause: Limit one of each Pok\u00e9mon\n|rule|Item Clause: Limit 1 of each item\n|clearpoke\n|poke|p1|Kyurem-White, L50|\n|poke|p1|Okidogi, L50, M|\n|poke|p1|Incineroar, L50, M|\n|poke|p1|Chandelure, L50, M|\n|poke|p1|Fezandipiti, L50, M|\n|poke|p1|Zacian-*, L50|\n|poke|p2|Terapagos, L50, M|\n|poke|p2|Calyrex-Ice, L50|\n|poke|p2|Amoonguss, L50, M|\n|poke|p2|Farigiraf, L50, F|\n|poke|p2|Incineroar, L50, F|\n|poke|p2|Urshifu-*, L50, F|\n|teampreview|4\n|inactive|Battle timer is ON: inactive players will automatically lose when time's up. (requested by Simon0123)\n|inactive|AriaDiMezzo has 60 seconds left.\n|inactive|Simon0123 has 60 seconds left.\n|\n|t:|1772395676\n|teamsize|p1|4\n|teamsize|p2|4\n|start\n|switch|p1a: Okidogi|Okidogi, L50, M|100/100\n|switch|p1b: Chandelure|Chandelure, L50, M|100/100\n|switch|p2a: Farigiraf|Farigiraf, L50, F|100/100\n|switch|p2b: Urshifu|Urshifu-Rapid-Strike, L50, F|100/100\n|turn|1\n|inactive|AriaDiMezzo has 30 seconds left.\n|\n|t:|1772395705\n|switch|p1b: Kyurem|Kyurem-White, L50|100/100\n|-ability|p1b: Kyurem|Turboblaze\n|move|p2b: Urshifu|Surging Strikes|p1b: Kyurem\n|-resisted|p1b: Kyurem\n|-crit|p1b: Kyurem\n|-damage|p1b: Kyurem|88/100\n|-resisted|p1b: Kyurem\n|-crit|p1b: Kyurem\n|-damage|p1b: Kyurem|74/100\n|-resisted|p1b: Kyurem\n|-crit|p1b: Kyurem\n|-damage|p1b: Kyurem|61/100\n|-hitcount|p1b: Kyurem|3\n|move|p1a: Okidogi|Knock Off|p2a: Farigiraf\n|-supereffective|p2a: Farigiraf\n|-damage|p2a: Farigiraf|34/100\n|-enditem|p2a: Farigiraf|Safety Goggles|[from] move: Knock Off|[of] p1a: Okidogi\n|move|p2a: Farigiraf|Psychic|p1a: Okidogi\n|-supereffective|p1a: Okidogi\n|-damage|p1a: Okidogi|5/100\n|\n|upkeep\n|turn|2\n|inactive|AriaDiMezzo has 30 seconds left.\n|inactive|AriaDiMezzo has 20 seconds left.\n|inactive|AriaDiMezzo has 15 seconds left.\n|inactive|AriaDiMezzo has 10 seconds left.\n|inactive|AriaDiMezzo has 5 seconds left.\n|\n|t:|1772395760\n|-terastallize|p1b: Kyurem|Ground\n|move|p2b: Urshifu|Aqua Jet|p1a: Okidogi\n|-damage|p1a: Okidogi|0 fnt\n|faint|p1a: Okidogi\n|move|p1b: Kyurem|Flash Cannon|p2b: Urshifu\n|-resisted|p2b: Urshifu\n|-damage|p2b: Urshifu|67/100\n|-unboost|p2b: Urshifu|spd|1\n|-damage|p1b: Kyurem|51/100|[from] item: Life Orb\n|move|p2a: Farigiraf|Trick Room|p2a: Farigiraf\n|-fieldstart|move: Trick Room|[of] p2a: Farigiraf\n|\n|upkeep\n|\n|t:|1772395773\n|switch|p1a: Chandelure|Chandelure, L50, M|100/100\n|turn|3\n|\n|t:|1772395786\n|move|p2a: Farigiraf|Psychic|p1a: Chandelure\n|-damage|p1a: Chandelure|63/100\n|move|p1a: Chandelure|Heat Wave|p2b: Urshifu|[spread] p2a\n|-miss|p1a: Chandelure|p2b: Urshifu\n|-damage|p2a: Farigiraf|0 fnt\n|faint|p2a: Farigiraf\n|move|p2b: Urshifu|Surging Strikes|p1b: Kyurem\n|-supereffective|p1b: Kyurem\n|-crit|p1b: Kyurem\n|-damage|p1b: Kyurem|0 fnt\n|faint|p1b: Kyurem\n|-hitcount|p1: Kyurem|1\n|\n|upkeep\n|\n|t:|1772395799\n|switch|p2a: Calyrex|Calyrex-Ice, L50|100/100\n|switch|p1b: Zacian|Zacian-Crowned, L50|100/100\n|-ability|p2a: Calyrex|As One\n|-ability|p2a: Calyrex|Unnerve\n|-ability|p1b: Zacian|Intrepid Sword|boost\n|-boost|p1b: Zacian|atk|1\n|turn|4\n|\n|t:|1772395818\n|-terastallize|p2a: Calyrex|Water\n|move|p2b: Urshifu|Aqua Jet|p1a: Chandelure\n|-supereffective|p1a: Chandelure\n|-damage|p1a: Chandelure|2/100\n|move|p2a: Calyrex|High Horsepower|p1b: Zacian\n|-supereffective|p1b: Zacian\n|-damage|p1b: Zacian|28/100\n|move|p1a: Chandelure|Heat Wave|p2a: Calyrex|[spread] p2a\n|-miss|p1a: Chandelure|p2b: Urshifu\n|-resisted|p2a: Calyrex\n|-damage|p2a: Calyrex|84/100\n|move|p1b: Zacian|Play Rough|p2b: Urshifu\n|-supereffective|p2b: Urshifu\n|-damage|p2b: Urshifu|0 fnt\n|faint|p2b: Urshifu\n|\n|upkeep\n|\n|t:|1772395833\n|switch|p2b: Incineroar|Incineroar, L50, F|100/100\n|-ability|p2b: Incineroar|Intimidate|boost\n|-unboost|p1a: Chandelure|atk|1\n|-unboost|p1b: Zacian|atk|1\n|turn|5\n|\n|t:|1772395846\n|move|p1b: Zacian|Protect|p1b: Zacian\n|-singleturn|p1b: Zacian|Protect\n|move|p2b: Incineroar|Fake Out|p1b: Zacian\n|-activate|p1b: Zacian|move: Protect\n|move|p2a: Calyrex|Glacial Lance|p1b: Zacian|[spread] p1a\n|-activate|p1b: Zacian|move: Protect\n|-resisted|p1a: Chandelure\n|-damage|p1a: Chandelure|0 fnt\n|faint|p1a: Chandelure\n|-ability|p2a: Calyrex|Chilling Neigh|boost\n|-boost|p2a: Calyrex|atk|1\n|\n|upkeep\n|turn|6\n|-message|AriaDiMezzo forfeited.\n|\n|win|Simon0123\n|raw|AriaDiMezzo's rating: 1217 &rarr; <strong>1193</strong><br />(-24 for losing)\n|raw|Simon0123's rating: 1225 &rarr; <strong>1249</strong><br />(+24 for winning)\n|l|\u2606Simon0123\n|player|p2|\n|l|\u2606AriaDiMezzo\n|player|p1|\n","uploadtime":1772396088,"views":15,"formatid":"gen9vgc2026regi","rating":1193,"private":0,"password":null}