{"id":"gen9vgc2026regi-2581194478","format":"[Gen 9] VGC 2026 Reg I","players":["kyoshi4","inf31415926"],"log":"|j|\u2606kyoshi4\n|j|\u2606inf31415926\n|t:|1775969362\n|gametype|doubles\n|player|p1|kyoshi4|cynthia-gen4|1466\n|player|p2|inf31415926|cynthia|1371\n|gen|9\n|tier|[Gen 9] VGC 2026 Reg I\n|rated|\n|rule|Species Clause: Limit one of each Pok\u00e9mon\n|rule|Item Clause: Limit 1 of each item\n|clearpoke\n|poke|p1|Kyogre, L50|\n|poke|p1|Iron Jugulis, L50|\n|poke|p1|Zamazenta-*, L50|\n|poke|p1|Chien-Pao, L50|\n|poke|p1|Landorus, L50, M|\n|poke|p1|Amoonguss, L50, M|\n|poke|p2|Lunala, L50|\n|poke|p2|Kyogre, L50|\n|poke|p2|Azumarill, L50, F|\n|poke|p2|Slither Wing, L50|\n|poke|p2|Armarouge, L50, M|\n|poke|p2|Tsareena, L50, F|\n|teampreview|4\n|inactive|Battle timer is ON: inactive players will automatically lose when time's up. (requested by inf31415926)\n|inactive|kyoshi4 has 60 seconds left.\n|\n|t:|1775969393\n|teamsize|p1|4\n|teamsize|p2|4\n|start\n|switch|p1a: Chien-Pao|Chien-Pao, L50|100/100\n|switch|p1b: Zamazenta|Zamazenta-Crowned, L50|100/100\n|switch|p2a: \u7ea2\u84dd\u6731\u7d2b\u857e\u51a0\u738b\u592a\u4e50\u5df4\u6208\u65af\u7269\u6297\u6740\u624b|Lunala, L50|100/100\n|switch|p2b: \u5251\u76fe\u7269\u6297\u6740\u624b|Armarouge, L50, M, shiny|100/100\n|-ability|p1a: Chien-Pao|Sword of Ruin\n|-ability|p1b: Zamazenta|Dauntless Shield|boost\n|-boost|p1b: Zamazenta|def|1\n|turn|1\n|\n|t:|1775969407\n|-terastallize|p2a: \u7ea2\u84dd\u6731\u7d2b\u857e\u51a0\u738b\u592a\u4e50\u5df4\u6208\u65af\u7269\u6297\u6740\u624b|Fairy\n|move|p2b: \u5251\u76fe\u7269\u6297\u6740\u624b|Protect|p2b: \u5251\u76fe\u7269\u6297\u6740\u624b\n|-singleturn|p2b: \u5251\u76fe\u7269\u6297\u6740\u624b|Protect\n|move|p1a: Chien-Pao|Ice Spinner|p2a: \u7ea2\u84dd\u6731\u7d2b\u857e\u51a0\u738b\u592a\u4e50\u5df4\u6208\u65af\u7269\u6297\u6740\u624b\n|-damage|p2a: \u7ea2\u84dd\u6731\u7d2b\u857e\u51a0\u738b\u592a\u4e50\u5df4\u6208\u65af\u7269\u6297\u6740\u624b|80/100\n|move|p1b: Zamazenta|Behemoth Bash|p2a: \u7ea2\u84dd\u6731\u7d2b\u857e\u51a0\u738b\u592a\u4e50\u5df4\u6208\u65af\u7269\u6297\u6740\u624b\n|-supereffective|p2a: \u7ea2\u84dd\u6731\u7d2b\u857e\u51a0\u738b\u592a\u4e50\u5df4\u6208\u65af\u7269\u6297\u6740\u624b\n|-damage|p2a: \u7ea2\u84dd\u6731\u7d2b\u857e\u51a0\u738b\u592a\u4e50\u5df4\u6208\u65af\u7269\u6297\u6740\u624b|1/100\n|move|p2a: \u7ea2\u84dd\u6731\u7d2b\u857e\u51a0\u738b\u592a\u4e50\u5df4\u6208\u65af\u7269\u6297\u6740\u624b|Trick Room|p2a: \u7ea2\u84dd\u6731\u7d2b\u857e\u51a0\u738b\u592a\u4e50\u5df4\u6208\u65af\u7269\u6297\u6740\u624b\n|-fieldstart|move: Trick Room|[of] p2a: \u7ea2\u84dd\u6731\u7d2b\u857e\u51a0\u738b\u592a\u4e50\u5df4\u6208\u65af\u7269\u6297\u6740\u624b\n|\n|upkeep\n|turn|2\n|inactive|kyoshi4 has 30 seconds left.\n|\n|t:|1775969438\n|move|p2a: \u7ea2\u84dd\u6731\u7d2b\u857e\u51a0\u738b\u592a\u4e50\u5df4\u6208\u65af\u7269\u6297\u6740\u624b|Helping Hand|p2b: \u5251\u76fe\u7269\u6297\u6740\u624b\n|-singleturn|p2b: \u5251\u76fe\u7269\u6297\u6740\u624b|Helping Hand|[of] p2a: \u7ea2\u84dd\u6731\u7d2b\u857e\u51a0\u738b\u592a\u4e50\u5df4\u6208\u65af\u7269\u6297\u6740\u624b\n|move|p1b: Zamazenta|Protect|p1b: Zamazenta\n|-singleturn|p1b: Zamazenta|Protect\n|move|p1a: Chien-Pao|Sucker Punch|p2b: \u5251\u76fe\u7269\u6297\u6740\u624b\n|-supereffective|p2b: \u5251\u76fe\u7269\u6297\u6740\u624b\n|-damage|p2b: \u5251\u76fe\u7269\u6297\u6740\u624b|22/100\n|move|p2b: \u5251\u76fe\u7269\u6297\u6740\u624b|Armor Cannon|p1b: Zamazenta\n|-activate|p1b: Zamazenta|move: Protect\n|\n|upkeep\n|turn|3\n|\n|t:|1775969452\n|switch|p2b: \u767d\u9a6c\u738b\u6c34\u6708\u718a\u7269\u6297\u6740\u624b|Azumarill, L50, F, shiny|100/100\n|switch|p1b: Kyogre|Kyogre, L50|100/100\n|-weather|RainDance|[from] ability: Drizzle|[of] p1b: Kyogre\n|move|p1a: Chien-Pao|Sucker Punch||[still]\n|-fail|p1a: Chien-Pao\n|move|p2a: \u7ea2\u84dd\u6731\u7d2b\u857e\u51a0\u738b\u592a\u4e50\u5df4\u6208\u65af\u7269\u6297\u6740\u624b|Moonblast|p1a: Chien-Pao\n|-supereffective|p1a: Chien-Pao\n|-enditem|p1a: Chien-Pao|Focus Sash\n|-damage|p1a: Chien-Pao|1/100\n|-unboost|p1a: Chien-Pao|spa|1\n|\n|-weather|RainDance|[upkeep]\n|upkeep\n|turn|4\n|\n|t:|1775969467\n|switch|p2a: Tsareena|Tsareena, L50, F|100/100\n|switch|p1a: Amoonguss|Amoonguss, L50, M|100/100\n|move|p2b: \u767d\u9a6c\u738b\u6c34\u6708\u718a\u7269\u6297\u6740\u624b|Play Rough|p1b: Kyogre|[miss]\n|-miss|p2b: \u767d\u9a6c\u738b\u6c34\u6708\u718a\u7269\u6297\u6740\u624b|p1b: Kyogre\n|move|p1b: Kyogre|Origin Pulse|p2b: \u767d\u9a6c\u738b\u6c34\u6708\u718a\u7269\u6297\u6740\u624b|[spread] p2a,p2b\n|-resisted|p2a: Tsareena\n|-resisted|p2b: \u767d\u9a6c\u738b\u6c34\u6708\u718a\u7269\u6297\u6740\u624b\n|-damage|p2a: Tsareena|60/100\n|-damage|p2b: \u767d\u9a6c\u738b\u6c34\u6708\u718a\u7269\u6297\u6740\u624b|47/100\n|\n|-weather|RainDance|[upkeep]\n|upkeep\n|turn|5\n|\n|t:|1775969486\n|-terastallize|p1b: Kyogre|Grass\n|move|p1a: Amoonguss|Spore|p2b: \u767d\u9a6c\u738b\u6c34\u6708\u718a\u7269\u6297\u6740\u624b\n|-block|p2b: \u767d\u9a6c\u738b\u6c34\u6708\u718a\u7269\u6297\u6740\u624b|ability: Sweet Veil|[of] p2a: Tsareena\n|move|p2b: \u767d\u9a6c\u738b\u6c34\u6708\u718a\u7269\u6297\u6740\u624b|Play Rough|p1b: Kyogre\n|-damage|p1b: Kyogre|17/100\n|move|p2a: Tsareena|Triple Axel|p1a: Amoonguss\n|-supereffective|p1a: Amoonguss\n|-damage|p1a: Amoonguss|90/100\n|-damage|p2a: Tsareena|44/100|[from] item: Rocky Helmet|[of] p1a: Amoonguss\n|-supereffective|p1a: Amoonguss\n|-damage|p1a: Amoonguss|69/100\n|-damage|p2a: Tsareena|28/100|[from] item: Rocky Helmet|[of] p1a: Amoonguss\n|-supereffective|p1a: Amoonguss\n|-damage|p1a: Amoonguss|37/100\n|-damage|p2a: Tsareena|11/100|[from] item: Rocky Helmet|[of] p1a: Amoonguss\n|-hitcount|p1a: Amoonguss|3\n|move|p1b: Kyogre|Origin Pulse|p2a: Tsareena|[spread] p2a,p2b\n|-resisted|p2a: Tsareena\n|-resisted|p2b: \u767d\u9a6c\u738b\u6c34\u6708\u718a\u7269\u6297\u6740\u624b\n|-damage|p2a: Tsareena|0 fnt\n|-damage|p2b: \u767d\u9a6c\u738b\u6c34\u6708\u718a\u7269\u6297\u6740\u624b|0 fnt\n|faint|p2a: Tsareena\n|faint|p2b: \u767d\u9a6c\u738b\u6c34\u6708\u718a\u7269\u6297\u6740\u624b\n|\n|-weather|RainDance|[upkeep]\n|-fieldend|move: Trick Room\n|upkeep\n|\n|t:|1775969503\n|switch|p2a: \u7ea2\u84dd\u6731\u7d2b\u857e\u51a0\u738b\u592a\u4e50\u5df4\u6208\u65af\u7269\u6297\u6740\u624b|Lunala, L50, tera:Fairy|1/100\n|switch|p2b: \u5251\u76fe\u7269\u6297\u6740\u624b|Armarouge, L50, M, shiny|22/100\n|turn|6\n|\n|t:|1775969510\n|move|p2a: \u7ea2\u84dd\u6731\u7d2b\u857e\u51a0\u738b\u592a\u4e50\u5df4\u6208\u65af\u7269\u6297\u6740\u624b|Wide Guard|p2a: \u7ea2\u84dd\u6731\u7d2b\u857e\u51a0\u738b\u592a\u4e50\u5df4\u6208\u65af\u7269\u6297\u6740\u624b\n|-singleturn|p2a: \u7ea2\u84dd\u6731\u7d2b\u857e\u51a0\u738b\u592a\u4e50\u5df4\u6208\u65af\u7269\u6297\u6740\u624b|Wide Guard\n|move|p1a: Amoonguss|Rage Powder|p1a: Amoonguss\n|-singleturn|p1a: Amoonguss|move: Rage Powder\n|move|p1b: Kyogre|Water Spout|p2b: \u5251\u76fe\u7269\u6297\u6740\u624b|[spread] \n|-activate|p2a: \u7ea2\u84dd\u6731\u7d2b\u857e\u51a0\u738b\u592a\u4e50\u5df4\u6208\u65af\u7269\u6297\u6740\u624b|move: Wide Guard\n|-activate|p2b: \u5251\u76fe\u7269\u6297\u6740\u624b|move: Wide Guard\n|move|p2b: \u5251\u76fe\u7269\u6297\u6740\u624b|Armor Cannon|p1a: Amoonguss\n|-supereffective|p1a: Amoonguss\n|-damage|p1a: Amoonguss|0 fnt\n|-unboost|p2b: \u5251\u76fe\u7269\u6297\u6740\u624b|def|1\n|-unboost|p2b: \u5251\u76fe\u7269\u6297\u6740\u624b|spd|1\n|faint|p1a: Amoonguss\n|\n|-weather|RainDance|[upkeep]\n|upkeep\n|\n|t:|1775969515\n|switch|p1a: Chien-Pao|Chien-Pao, L50|1/100\n|-ability|p1a: Chien-Pao|Sword of Ruin\n|turn|7\n|\n|t:|1775969519\n|move|p1a: Chien-Pao|Ice Spinner|p2a: \u7ea2\u84dd\u6731\u7d2b\u857e\u51a0\u738b\u592a\u4e50\u5df4\u6208\u65af\u7269\u6297\u6740\u624b\n|-damage|p2a: \u7ea2\u84dd\u6731\u7d2b\u857e\u51a0\u738b\u592a\u4e50\u5df4\u6208\u65af\u7269\u6297\u6740\u624b|0 fnt\n|faint|p2a: \u7ea2\u84dd\u6731\u7d2b\u857e\u51a0\u738b\u592a\u4e50\u5df4\u6208\u65af\u7269\u6297\u6740\u624b\n|move|p1b: Kyogre|Hydro Pump|p2b: \u5251\u76fe\u7269\u6297\u6740\u624b\n|-supereffective|p2b: \u5251\u76fe\u7269\u6297\u6740\u624b\n|-damage|p2b: \u5251\u76fe\u7269\u6297\u6740\u624b|0 fnt\n|faint|p2b: \u5251\u76fe\u7269\u6297\u6740\u624b\n|\n|win|kyoshi4\n|raw|kyoshi4's rating: 1466 &rarr; <strong>1481</strong><br />(+15 for winning)\n|raw|inf31415926's rating: 1371 &rarr; <strong>1356</strong><br />(-15 for losing)\n","uploadtime":1775969532,"views":199,"formatid":"gen9vgc2026regi","rating":1356,"private":0,"password":null}