{"id":"gen9vgc2026regi-2539689499","format":"[Gen 9] VGC 2026 Reg I","players":["SEITA","Bundah77"],"log":"|j|\u2606SEITA\n|j|\u2606Bundah77\n|t:|1771096907\n|gametype|doubles\n|player|p1|SEITA|lucas-gen4pt|1273\n|player|p2|Bundah77|2|1286\n|gen|9\n|tier|[Gen 9] VGC 2026 Reg I\n|rated|\n|rule|Species Clause: Limit one of each Pok\u00e9mon\n|rule|Item Clause: Limit 1 of each item\n|clearpoke\n|poke|p1|Zamazenta-*, L50|\n|poke|p1|Kyogre, L50|\n|poke|p1|Wo-Chien, L50|\n|poke|p1|Grimmsnarl, L50, M|\n|poke|p1|Landorus, L50, M|\n|poke|p1|Ditto, L50|\n|poke|p2|Lunala, L50|\n|poke|p2|Ursaluna, L50, F|\n|poke|p2|Urshifu-*, L50, F|\n|poke|p2|Miraidon, L50|\n|poke|p2|Grimmsnarl, L50, M|\n|poke|p2|Incineroar, L50, M|\n|teampreview|4\n|\n|t:|1771096926\n|teamsize|p1|4\n|teamsize|p2|4\n|start\n|switch|p1a: Grimmsnarl|Grimmsnarl, L50, M|100/100\n|switch|p1b: Zamazenta|Zamazenta-Crowned, L50|100/100\n|switch|p2a: Lunala|Lunala, L50|100/100\n|switch|p2b: Miraidon|Miraidon, L50|100/100\n|-ability|p1b: Zamazenta|Dauntless Shield|boost\n|-boost|p1b: Zamazenta|def|1\n|-fieldstart|move: Electric Terrain|[from] ability: Hadron Engine|[of] p2b: Miraidon\n|-enditem|p2a: Lunala|Electric Seed\n|-boost|p2a: Lunala|def|1|[from] item: Electric Seed\n|turn|1\n|\n|t:|1771096949\n|-terastallize|p1b: Zamazenta|Grass\n|move|p1a: Grimmsnarl|Light Screen|p1a: Grimmsnarl\n|-sidestart|p1: SEITA|move: Light Screen\n|move|p1b: Zamazenta|Body Press|p2b: Miraidon\n|-damage|p2b: Miraidon|45/100\n|move|p2b: Miraidon|Volt Switch|p1a: Grimmsnarl\n|-damage|p1a: Grimmsnarl|48/100\n|\n|t:|1771096957\n|switch|p2b: Ursaluna|Ursaluna, L50, F|100/100|[from] Volt Switch\n|move|p2a: Lunala|Trick Room|p2a: Lunala\n|-fieldstart|move: Trick Room|[of] p2a: Lunala\n|\n|-status|p2b: Ursaluna|brn|[from] item: Flame Orb\n|upkeep\n|turn|2\n|j| riyuezi\n|l| riyuezi\n|inactive|Battle timer is ON: inactive players will automatically lose when time's up. (requested by Bundah77)\n|\n|t:|1771097016\n|-terastallize|p2b: Ursaluna|Ghost\n|move|p1a: Grimmsnarl|Reflect|p1a: Grimmsnarl\n|-sidestart|p1: SEITA|Reflect\n|move|p2b: Ursaluna|Facade|p1b: Zamazenta\n|-damage|p1b: Zamazenta|66/100\n|move|p2a: Lunala|Moonblast|p1a: Grimmsnarl\n|-supereffective|p1a: Grimmsnarl\n|-damage|p1a: Grimmsnarl|0 fnt\n|faint|p1a: Grimmsnarl\n|move|p1b: Zamazenta|Iron Defense|p1b: Zamazenta\n|-boost|p1b: Zamazenta|def|2\n|\n|-damage|p2b: Ursaluna|95/100 brn|[from] brn\n|upkeep\n|\n|t:|1771097041\n|switch|p1a: Ditto|Ditto, L50|100/100\n|-transform|p1a: Ditto|p2b: Ursaluna|[from] ability: Imposter\n|-start|p1a: Ditto|typechange|Ground/Normal|[silent]\n|turn|3\n|\n|t:|1771097065\n|move|p2b: Ursaluna|Facade|p1a: Ditto\n|-damage|p1a: Ditto|11/100\n|move|p1a: Ditto|Facade|p2b: Ursaluna\n|-immune|p2b: Ursaluna\n|move|p2a: Lunala|Moongeist Beam|p1b: Zamazenta\n|-damage|p1b: Zamazenta|39/100\n|move|p1b: Zamazenta|Behemoth Bash|p2b: Ursaluna\n|-damage|p2b: Ursaluna|65/100 brn\n|\n|-damage|p2b: Ursaluna|59/100 brn|[from] brn\n|upkeep\n|turn|4\n|\n|t:|1771097086\n|move|p1b: Zamazenta|Protect|p1b: Zamazenta\n|-singleturn|p1b: Zamazenta|Protect\n|move|p1a: Ditto|Headlong Rush|p2b: Ursaluna\n|-damage|p2b: Ursaluna|5/100 brn\n|-unboost|p1a: Ditto|def|1\n|-unboost|p1a: Ditto|spd|1\n|move|p2b: Ursaluna|Facade|p1b: Zamazenta\n|-activate|p1b: Zamazenta|move: Protect\n|move|p2a: Lunala|Moongeist Beam|p1b: Zamazenta\n|-activate|p1b: Zamazenta|move: Protect\n|\n|-damage|p2b: Ursaluna|0 fnt|[from] brn\n|faint|p2b: Ursaluna\n|upkeep\n|inactive|Bundah77 has 30 seconds left.\n|\n|t:|1771097111\n|switch|p2b: Urshifu|Urshifu-Rapid-Strike, L50, F|100/100\n|turn|5\n|inactive|SEITA has 30 seconds left.\n|inactive|SEITA has 20 seconds left.\n|\n|t:|1771097150\n|switch|p1a: Wo-Chien|Wo-Chien, L50|100/100\n|-ability|p1a: Wo-Chien|Tablets of Ruin\n|move|p2b: Urshifu|Aqua Jet|p1a: Wo-Chien\n|-resisted|p1a: Wo-Chien\n|-damage|p1a: Wo-Chien|94/100\n|move|p2a: Lunala|Moongeist Beam|p1b: Zamazenta\n|-damage|p1b: Zamazenta|13/100\n|move|p1b: Zamazenta|Body Press|p2b: Urshifu\n|-damage|p2b: Urshifu|27/100\n|\n|-fieldend|move: Trick Room\n|-fieldend|move: Electric Terrain\n|upkeep\n|turn|6\n|inactive|SEITA has 30 seconds left.\n|inactive|Bundah77 has 30 seconds left.\n|\n|t:|1771097180\n|move|p2b: Urshifu|Aqua Jet|p1a: Wo-Chien\n|-resisted|p1a: Wo-Chien\n|-damage|p1a: Wo-Chien|87/100\n|move|p1b: Zamazenta|Body Press|p2b: Urshifu\n|-damage|p2b: Urshifu|0 fnt\n|faint|p2b: Urshifu\n|move|p2a: Lunala|Moongeist Beam|p1b: Zamazenta\n|-damage|p1b: Zamazenta|0 fnt\n|faint|p1b: Zamazenta\n|move|p1a: Wo-Chien|Leech Seed|p2a: Lunala\n|-start|p2a: Lunala|move: Leech Seed\n|\n|-damage|p2a: Lunala|88/100|[from] Leech Seed|[of] p1a: Wo-Chien\n|-heal|p1a: Wo-Chien|100/100|[silent]\n|upkeep\n|\n|t:|1771097197\n|switch|p1b: Ditto|Ditto, L50|11/100\n|switch|p2b: Miraidon|Miraidon, L50|45/100\n|-fieldstart|move: Electric Terrain|[from] ability: Hadron Engine|[of] p2b: Miraidon\n|-transform|p1b: Ditto|p2a: Lunala|[from] ability: Imposter\n|turn|7\n|inactive|SEITA has 30 seconds left.\n|inactive|Bundah77 has 30 seconds left.\n|inactive|SEITA has 20 seconds left.\n|inactive|Bundah77 has 20 seconds left.\n|inactive|SEITA has 15 seconds left.\n|inactive|Bundah77 has 15 seconds left.\n|\n|t:|1771097240\n|move|p1b: Ditto|Wide Guard|p1b: Ditto\n|-singleturn|p1b: Ditto|Wide Guard\n|move|p2b: Miraidon|Snarl|p1b: Ditto|[spread] \n|-activate|p1a: Wo-Chien|move: Wide Guard\n|-activate|p1b: Ditto|move: Wide Guard\n|move|p2a: Lunala|Moonblast|p1a: Wo-Chien\n|-supereffective|p1a: Wo-Chien\n|-damage|p1a: Wo-Chien|66/100\n|-unboost|p1a: Wo-Chien|spa|1\n|move|p1a: Wo-Chien|Leech Seed|p2b: Miraidon\n|-start|p2b: Miraidon|move: Leech Seed\n|\n|-damage|p2b: Miraidon|33/100|[from] Leech Seed|[of] p1a: Wo-Chien\n|-heal|p1a: Wo-Chien|82/100|[silent]\n|-damage|p2a: Lunala|76/100|[from] Leech Seed|[of] p1a: Wo-Chien\n|-heal|p1a: Wo-Chien|100/100|[silent]\n|upkeep\n|turn|8\n|\n|t:|1771097260\n|move|p1b: Ditto|Wide Guard|p1b: Ditto\n|-singleturn|p1b: Ditto|Wide Guard\n|move|p2b: Miraidon|Snarl|p1b: Ditto|[spread] \n|-activate|p1a: Wo-Chien|move: Wide Guard\n|-activate|p1b: Ditto|move: Wide Guard\n|move|p2a: Lunala|Moonblast|p1a: Wo-Chien\n|-supereffective|p1a: Wo-Chien\n|-crit|p1a: Wo-Chien\n|-damage|p1a: Wo-Chien|27/100\n|move|p1a: Wo-Chien|Foul Play|p2a: Lunala\n|-supereffective|p2a: Lunala\n|-damage|p2a: Lunala|18/100\n|\n|-damage|p2b: Miraidon|21/100|[from] Leech Seed|[of] p1a: Wo-Chien\n|-heal|p1a: Wo-Chien|43/100|[silent]\n|-damage|p2a: Lunala|6/100|[from] Leech Seed|[of] p1a: Wo-Chien\n|-heal|p1a: Wo-Chien|62/100|[silent]\n|-sideend|p1: SEITA|move: Light Screen\n|upkeep\n|turn|9\n|inactive|Bundah77 has 30 seconds left.\n|\n|t:|1771097286\n|move|p1a: Wo-Chien|Protect|p1a: Wo-Chien\n|-singleturn|p1a: Wo-Chien|Protect\n|move|p1b: Ditto|Wide Guard|p1b: Ditto\n|-singleturn|p1b: Ditto|Wide Guard\n|move|p2b: Miraidon|Draco Meteor|p1a: Wo-Chien\n|-activate|p1a: Wo-Chien|move: Protect\n|move|p2a: Lunala|Moongeist Beam|p1b: Ditto\n|-supereffective|p1b: Ditto\n|-damage|p1b: Ditto|0 fnt\n|faint|p1b: Ditto\n|\n|-damage|p2b: Miraidon|9/100|[from] Leech Seed|[of] p1a: Wo-Chien\n|-heal|p1a: Wo-Chien|79/100|[silent]\n|-damage|p2a: Lunala|0 fnt|[from] Leech Seed|[of] p1a: Wo-Chien\n|-heal|p1a: Wo-Chien|87/100|[silent]\n|faint|p2a: Lunala\n|-sideend|p1: SEITA|Reflect\n|upkeep\n|turn|10\n|\n|t:|1771097308\n|move|p2b: Miraidon|Draco Meteor|p1a: Wo-Chien\n|-damage|p1a: Wo-Chien|15/100\n|-unboost|p2b: Miraidon|spa|2\n|move|p1a: Wo-Chien|Pollen Puff|p2b: Miraidon\n|-damage|p2b: Miraidon|2/100\n|\n|-damage|p2b: Miraidon|0 fnt|[from] Leech Seed|[of] p1a: Wo-Chien\n|-heal|p1a: Wo-Chien|18/100|[silent]\n|faint|p2b: Miraidon\n|\n|win|SEITA\n|raw|SEITA's rating: 1273 &rarr; <strong>1299</strong><br />(+26 for winning)\n|raw|Bundah77's rating: 1286 &rarr; <strong>1260</strong><br />(-26 for losing)\n|l|\u2606Bundah77\n|player|p2|\n|l|\u2606SEITA\n|player|p1|\n","uploadtime":1771097469,"views":24,"formatid":"gen9vgc2026regi","rating":1260,"private":0,"password":null}