{"id":"gen9vgc2026regi-2547739971","format":"[Gen 9] VGC 2026 Reg I","players":["skywalkingchris","LechonkBro"],"log":"|j|\u2606skywalkingchris\n|j|\u2606LechonkBro\n|t:|1772127497\n|gametype|doubles\n|player|p1|skywalkingchris|266|1337\n|player|p2|LechonkBro|266|1419\n|gen|9\n|tier|[Gen 9] VGC 2026 Reg I\n|rated|\n|rule|Species Clause: Limit one of each Pok\u00e9mon\n|rule|Item Clause: Limit 1 of each item\n|clearpoke\n|poke|p1|Groudon, L50|\n|poke|p1|Ogerpon-Wellspring, L50, F|\n|poke|p1|Tornadus, L50, M|\n|poke|p1|Gholdengo, L50|\n|poke|p1|Calyrex-Shadow, L50|\n|poke|p1|Indeedee, L50, M|\n|poke|p2|Chien-Pao, L50|\n|poke|p2|Calyrex-Shadow, L50|\n|poke|p2|Dondozo, L50, M|\n|poke|p2|Zamazenta-*, L50|\n|poke|p2|Dragonite, L50, F|\n|poke|p2|Tatsugiri, L50, M|\n|teampreview|4\n|inactive|Battle timer is ON: inactive players will automatically lose when time's up. (requested by LechonkBro)\n|inactive|skywalkingchris has 60 seconds left.\n|inactive|LechonkBro has 60 seconds left.\n|\n|t:|1772127536\n|teamsize|p1|4\n|teamsize|p2|4\n|start\n|switch|p1a: Gholdengo|Gholdengo, L50|100/100\n|switch|p1b: Calyrex|Calyrex-Shadow, L50|100/100\n|switch|p2a: Chien-Pao|Chien-Pao, L50|100/100\n|switch|p2b: Dragonite|Dragonite, L50, F|100/100\n|-ability|p1b: Calyrex|As One\n|-ability|p1b: Calyrex|Unnerve\n|-ability|p2a: Chien-Pao|Sword of Ruin\n|turn|1\n|inactive|skywalkingchris has 30 seconds left.\n|\n|t:|1772127564\n|switch|p1b: Indeedee|Indeedee, L50, M|100/100\n|-fieldstart|move: Psychic Terrain|[from] ability: Psychic Surge|[of] p1b: Indeedee\n|switch|p2b: Zamazenta|Zamazenta-Crowned, L50|100/100\n|-ability|p2b: Zamazenta|Dauntless Shield|boost\n|-boost|p2b: Zamazenta|def|1\n|move|p2a: Chien-Pao|Protect|p2a: Chien-Pao\n|-singleturn|p2a: Chien-Pao|Protect\n|move|p1a: Gholdengo|Make It Rain|p2b: Zamazenta|[spread] p2b\n|-activate|p2a: Chien-Pao|move: Protect\n|-resisted|p2b: Zamazenta\n|-damage|p2b: Zamazenta|77/100\n|-unboost|p1a: Gholdengo|spa|1\n|\n|upkeep\n|turn|2\n|inactive|skywalkingchris has 30 seconds left.\n|inactive|skywalkingchris has 20 seconds left.\n|inactive|skywalkingchris has 15 seconds left.\n|inactive|skywalkingchris has 10 seconds left.\n|\n|t:|1772127610\n|switch|p1a: Ogerpon|Ogerpon-Wellspring, L50, F|100/100\n|move|p1b: Indeedee|Protect|p1b: Indeedee\n|-singleturn|p1b: Indeedee|Protect\n|move|p2a: Chien-Pao|Ice Spinner|p1b: Indeedee\n|-activate|p1b: Indeedee|move: Protect\n|move|p2b: Zamazenta|Body Press|p1b: Indeedee\n|-activate|p1b: Indeedee|move: Protect\n|\n|upkeep\n|turn|3\n|inactive|skywalkingchris has 30 seconds left.\n|\n|t:|1772127638\n|switch|p1b: Gholdengo|Gholdengo, L50|100/100\n|-terastallize|p1a: Ogerpon|Water\n|detailschange|p1a: Ogerpon|Ogerpon-Wellspring-Tera, L50, F, tera:Water\n|-ability|p1a: Ogerpon|Embody Aspect (Wellspring)|boost\n|-boost|p1a: Ogerpon|spd|1\n|move|p2a: Chien-Pao|Ice Spinner|p1b: Gholdengo\n|-resisted|p1b: Gholdengo\n|-damage|p1b: Gholdengo|75/100\n|-fieldend|move: Psychic Terrain\n|move|p2b: Zamazenta|Behemoth Bash|p1b: Gholdengo\n|-resisted|p1b: Gholdengo\n|-damage|p1b: Gholdengo|47/100\n|move|p1a: Ogerpon|Ivy Cudgel|p2b: Zamazenta|[anim] Ivy Cudgel Water\n|-damage|p2b: Zamazenta|40/100\n|\n|upkeep\n|turn|4\n|inactive|skywalkingchris has 30 seconds left.\n|inactive|skywalkingchris has 20 seconds left.\n|\n|t:|1772127677\n|move|p2a: Chien-Pao|Protect|p2a: Chien-Pao\n|-singleturn|p2a: Chien-Pao|Protect\n|move|p1b: Gholdengo|Protect|p1b: Gholdengo\n|-singleturn|p1b: Gholdengo|Protect\n|move|p2b: Zamazenta|Body Press|p1a: Ogerpon\n|-damage|p1a: Ogerpon|2/100\n|move|p1a: Ogerpon|Ivy Cudgel|p2b: Zamazenta|[anim] Ivy Cudgel Water\n|-damage|p2b: Zamazenta|2/100\n|\n|upkeep\n|turn|5\n|\n|t:|1772127702\n|move|p1a: Ogerpon|Follow Me|p1a: Ogerpon\n|-singleturn|p1a: Ogerpon|move: Follow Me\n|move|p2a: Chien-Pao|Sucker Punch||[still]\n|-fail|p2a: Chien-Pao\n|move|p2b: Zamazenta|Body Press|p1a: Ogerpon\n|-damage|p1a: Ogerpon|0 fnt\n|faint|p1a: Ogerpon\n|detailschange|p1: Ogerpon|Ogerpon-Wellspring, L50, F|[silent]\n|move|p1b: Gholdengo|Make It Rain|p2b: Zamazenta|[spread] p2a,p2b\n|-supereffective|p2a: Chien-Pao\n|-resisted|p2b: Zamazenta\n|-enditem|p2a: Chien-Pao|Focus Sash\n|-damage|p2a: Chien-Pao|1/100\n|-damage|p2b: Zamazenta|0 fnt\n|-unboost|p1b: Gholdengo|spa|1\n|faint|p2b: Zamazenta\n|\n|upkeep\n|\n|t:|1772127719\n|switch|p2b: Calyrex|Calyrex-Shadow, L50|100/100\n|switch|p1a: Calyrex|Calyrex-Shadow, L50|100/100\n|-ability|p2b: Calyrex|As One\n|-ability|p2b: Calyrex|Unnerve\n|-ability|p1a: Calyrex|As One\n|-ability|p1a: Calyrex|Unnerve\n|turn|6\n|inactive|LechonkBro has 30 seconds left.\n|inactive|skywalkingchris has 30 seconds left.\n|inactive|LechonkBro has 20 seconds left.\n|inactive|LechonkBro has 15 seconds left.\n|inactive|LechonkBro has 10 seconds left.\n|inactive|LechonkBro has 5 seconds left.\n|\n|t:|1772127774\n|switch|p1b: Indeedee|Indeedee, L50, M|100/100\n|-fieldstart|move: Psychic Terrain|[from] ability: Psychic Surge|[of] p1b: Indeedee\n|move|p2a: Chien-Pao|Protect|p2a: Chien-Pao\n|-singleturn|p2a: Chien-Pao|Protect\n|move|p2b: Calyrex|Astral Barrage|p1b: Indeedee|[spread] p1a\n|-immune|p1b: Indeedee\n|-supereffective|p1a: Calyrex\n|-enditem|p1a: Calyrex|Focus Sash\n|-damage|p1a: Calyrex|1/100\n|move|p1a: Calyrex|Astral Barrage|p2a: Chien-Pao|[spread] p2b\n|-activate|p2a: Chien-Pao|move: Protect\n|-supereffective|p2b: Calyrex\n|-damage|p2b: Calyrex|0 fnt\n|faint|p2b: Calyrex\n|-ability|p1a: Calyrex|Grim Neigh|boost\n|-boost|p1a: Calyrex|spa|1\n|\n|upkeep\n|inactive|LechonkBro has 30 seconds left.\n|inactive|LechonkBro has 20 seconds left.\n|inactive|LechonkBro has 15 seconds left.\n|inactive|LechonkBro has 10 seconds left.\n|inactive|LechonkBro has 5 seconds left.\n|\n|t:|1772127829\n|switch|p2b: Dragonite|Dragonite, L50, F|100/100\n|turn|7\n|\n|t:|1772127849\n|-terastallize|p2b: Dragonite|Normal\n|move|p2a: Chien-Pao|Protect|p2a: Chien-Pao\n|-singleturn|p2a: Chien-Pao|Protect\n|move|p1b: Indeedee|Protect|p1b: Indeedee\n|-singleturn|p1b: Indeedee|Protect\n|move|p1a: Calyrex|Astral Barrage|p2a: Chien-Pao|[spread] \n|-activate|p2a: Chien-Pao|move: Protect\n|-immune|p2b: Dragonite\n|move|p2b: Dragonite|Ice Spinner|p1a: Calyrex\n|-damage|p1a: Calyrex|0 fnt\n|-fieldend|move: Psychic Terrain\n|faint|p1a: Calyrex\n|\n|upkeep\n|\n|t:|1772127863\n|switch|p1a: Gholdengo|Gholdengo, L50|47/100\n|turn|8\n|c|\u2606skywalkingchris|the double\n|\n|t:|1772127886\n|move|p2a: Chien-Pao|Ice Spinner|p1b: Indeedee\n|-damage|p1b: Indeedee|0 fnt\n|faint|p1b: Indeedee\n|move|p1a: Gholdengo|Make It Rain|p2b: Dragonite|[spread] p2a,p2b\n|-supereffective|p2a: Chien-Pao\n|-damage|p2a: Chien-Pao|0 fnt\n|-damage|p2b: Dragonite|49/100\n|-unboost|p1a: Gholdengo|spa|1\n|faint|p2a: Chien-Pao\n|move|p2b: Dragonite|Ice Spinner|p1a: Gholdengo\n|-resisted|p1a: Gholdengo\n|-crit|p1a: Gholdengo\n|-damage|p1a: Gholdengo|12/100\n|\n|upkeep\n|turn|9\n|\n|t:|1772127899\n|move|p1a: Gholdengo|Make It Rain|p2b: Dragonite\n|-damage|p2b: Dragonite|0 fnt\n|-unboost|p1a: Gholdengo|spa|1\n|faint|p2b: Dragonite\n|\n|win|skywalkingchris\n|raw|skywalkingchris's rating: 1337 &rarr; <strong>1362</strong><br />(+25 for winning)\n|raw|LechonkBro's rating: 1419 &rarr; <strong>1394</strong><br />(-25 for losing)\n|c|\u2606skywalkingchris|ggs\n|l|\u2606LechonkBro\n|player|p2|\n","uploadtime":1772127907,"views":30,"formatid":"gen9vgc2026regi","rating":1362,"private":0,"password":null}