{"id":"gen9vgc2026regi-2563920507","format":"[Gen 9] VGC 2026 Reg I","players":["Ghostkller","slimeslatt252"],"log":"|j|\u203dGhostkller\n|j|\u2606slimeslatt252\n|t:|1774084917\n|gametype|doubles\n|player|p1|Ghostkller|2|1377\n|player|p2|slimeslatt252|170|1464\n|gen|9\n|tier|[Gen 9] VGC 2026 Reg I\n|rated|\n|rule|Species Clause: Limit one of each Pok\u00e9mon\n|rule|Item Clause: Limit 1 of each item\n|clearpoke\n|poke|p1|Calyrex-Shadow, L50|\n|poke|p1|Zamazenta-*, L50|\n|poke|p1|Tornadus, L50, M|\n|poke|p1|Chi-Yu, L50|\n|poke|p1|Chien-Pao, L50|\n|poke|p1|Incineroar, L50, F|\n|poke|p2|Calyrex-Shadow, L50|\n|poke|p2|Koraidon, L50|\n|poke|p2|Incineroar, L50, M|\n|poke|p2|Raging Bolt, L50|\n|poke|p2|Brute Bonnet, L50|\n|poke|p2|Landorus, L50, M|\n|teampreview|4\n|inactive|Battle timer is ON: inactive players will automatically lose when time's up. (requested by slimeslatt252)\n|inactive|Ghostkller has 60 seconds left.\n|\n|t:|1774084951\n|teamsize|p1|4\n|teamsize|p2|4\n|start\n|switch|p1a: Chien-Pao|Chien-Pao, L50|100/100\n|switch|p1b: Tornadus|Tornadus, L50, M|100/100\n|switch|p2a: Koraidon|Koraidon, L50|100/100\n|switch|p2b: raging dingus|Raging Bolt, L50|100/100\n|-ability|p1a: Chien-Pao|Sword of Ruin\n|-weather|SunnyDay|[from] ability: Orichalcum Pulse|[of] p2a: Koraidon\n|-activate|p2b: raging dingus|ability: Protosynthesis\n|-start|p2b: raging dingus|protosynthesisspa\n|-activate|p2a: Koraidon|Orichalcum Pulse|[source]\n|turn|1\n|\n|t:|1774084975\n|-terastallize|p2a: Koraidon|Fire\n|move|p1b: Tornadus|Rain Dance|p1b: Tornadus\n|-weather|RainDance\n|-end|p2b: raging dingus|Protosynthesis\n|move|p1a: Chien-Pao|Ice Spinner|p2b: raging dingus\n|-supereffective|p2b: raging dingus\n|-damage|p2b: raging dingus|18/100\n|move|p2a: Koraidon|Flame Charge|p1a: Chien-Pao\n|-supereffective|p1a: Chien-Pao\n|-damage|p1a: Chien-Pao|58/100\n|-boost|p2a: Koraidon|spe|1\n|move|p2b: raging dingus|Volt Switch|p1b: Tornadus\n|-supereffective|p1b: Tornadus\n|-crit|p1b: Tornadus\n|-damage|p1b: Tornadus|0 fnt\n|faint|p1b: Tornadus\n|\n|t:|1774084992\n|-end|p2b: raging dingus|Protosynthesis|[silent]\n|switch|p2b: Calyrex|Calyrex-Shadow, L50|100/100|[from] Volt Switch\n|-ability|p2b: Calyrex|As One\n|-ability|p2b: Calyrex|Unnerve\n|\n|-weather|RainDance|[upkeep]\n|upkeep\n|\n|t:|1774085005\n|switch|p1b: Calyrex|Calyrex-Shadow, L50|100/100\n|-ability|p1b: Calyrex|As One\n|-ability|p1b: Calyrex|Unnerve\n|turn|2\n|\n|t:|1774085018\n|switch|p2a: Brute Bonnet|Brute Bonnet, L50|100/100\n|-terastallize|p1b: Calyrex|Dark\n|move|p2b: Calyrex|Protect|p2b: Calyrex\n|-singleturn|p2b: Calyrex|Protect\n|move|p1a: Chien-Pao|Sucker Punch||[still]\n|-fail|p1a: Chien-Pao\n|move|p1b: Calyrex|Astral Barrage|p2b: Calyrex|[spread] p2a\n|-activate|p2b: Calyrex|move: Protect\n|-resisted|p2a: Brute Bonnet\n|-damage|p2a: Brute Bonnet|76/100\n|\n|-weather|RainDance|[upkeep]\n|upkeep\n|turn|3\n|inactive|Ghostkller has 30 seconds left.\n|\n|t:|1774085044\n|move|p1b: Calyrex|Astral Barrage|p2b: Calyrex|[spread] p2a,p2b\n|-resisted|p2a: Brute Bonnet\n|-supereffective|p2b: Calyrex\n|-damage|p2a: Brute Bonnet|50/100\n|-enditem|p2b: Calyrex|Focus Sash\n|-damage|p2b: Calyrex|1/100\n|move|p2b: Calyrex|Encore|p1a: Chien-Pao\n|-start|p1a: Chien-Pao|Encore\n|move|p1a: Chien-Pao|Sucker Punch||[still]\n|-fail|p1a: Chien-Pao\n|move|p2a: Brute Bonnet|Spore|p1b: Calyrex\n|-status|p1b: Calyrex|slp|[from] move: Spore\n|\n|-weather|RainDance|[upkeep]\n|upkeep\n|turn|4\n|inactive|Ghostkller has 30 seconds left.\n|\n|t:|1774085073\n|move|p2a: Brute Bonnet|Rage Powder|p2a: Brute Bonnet\n|-singleturn|p2a: Brute Bonnet|move: Rage Powder\n|move|p1a: Chien-Pao|Sucker Punch|p2b: Calyrex\n|-supereffective|p2b: Calyrex\n|-damage|p2b: Calyrex|0 fnt\n|faint|p2b: Calyrex\n|cant|p1b: Calyrex|slp\n|\n|-weather|RainDance|[upkeep]\n|upkeep\n|\n|t:|1774085080\n|switch|p2b: Koraidon|Koraidon, L50, tera:Fire|100/100\n|-weather|SunnyDay|[from] ability: Orichalcum Pulse|[of] p2b: Koraidon\n|-activate|p2a: Brute Bonnet|ability: Protosynthesis\n|-start|p2a: Brute Bonnet|protosynthesisdef\n|-activate|p2b: Koraidon|Orichalcum Pulse|[source]\n|turn|5\n|\n|t:|1774085093\n|move|p1a: Chien-Pao|Sucker Punch|p2b: Koraidon\n|-damage|p2b: Koraidon|60/100\n|cant|p1b: Calyrex|slp\n|move|p2b: Koraidon|Flame Charge|p1a: Chien-Pao\n|-supereffective|p1a: Chien-Pao\n|-damage|p1a: Chien-Pao|0 fnt\n|-boost|p2b: Koraidon|spe|1\n|faint|p1a: Chien-Pao\n|move|p2a: Brute Bonnet|Seed Bomb|p1b: Calyrex\n|-damage|p1b: Calyrex|57/100 slp\n|\n|-weather|SunnyDay|[upkeep]\n|upkeep\n|\n|t:|1774085101\n|switch|p1a: Zamazenta|Zamazenta-Crowned, L50|100/100\n|-ability|p1a: Zamazenta|Dauntless Shield|boost\n|-boost|p1a: Zamazenta|def|1\n|turn|6\n|\n|t:|1774085115\n|move|p2b: Koraidon|Collision Course|p1b: Calyrex\n|-supereffective|p1b: Calyrex\n|-damage|p1b: Calyrex|0 fnt\n|faint|p1b: Calyrex\n|move|p1a: Zamazenta|Body Press|p2b: Koraidon\n|-damage|p2b: Koraidon|8/100\n|move|p2a: Brute Bonnet|Spore|p1a: Zamazenta\n|-status|p1a: Zamazenta|slp|[from] move: Spore\n|\n|-weather|SunnyDay|[upkeep]\n|upkeep\n|turn|7\n|\n|t:|1774085129\n|move|p2a: Brute Bonnet|Sucker Punch|p1a: Zamazenta\n|-resisted|p1a: Zamazenta\n|-damage|p1a: Zamazenta|94/100 slp\n|move|p2b: Koraidon|Flare Blitz|p1a: Zamazenta\n|-supereffective|p1a: Zamazenta\n|-damage|p1a: Zamazenta|0 fnt\n|faint|p1a: Zamazenta\n|-damage|p2b: Koraidon|0 fnt|[from] Recoil\n|faint|p2b: Koraidon\n|\n|win|slimeslatt252\n|raw|Ghostkller's rating: 1377 &rarr; <strong>1362</strong><br />(-15 for losing)\n|raw|slimeslatt252's rating: 1464 &rarr; <strong>1479</strong><br />(+15 for winning)\n|c|\u2606slimeslatt252|goggles chien pao ?\n|l|\u203dGhostkller\n|player|p1|\n","uploadtime":1774085351,"views":16,"formatid":"gen9vgc2026regi","rating":1362,"private":0,"password":null}