{"id":"gen9vgc2026regi-2578887042","format":"[Gen 9] VGC 2026 Reg I","players":["ranchsauce","Luca8"],"log":"|j|\u2606ranchsauce\n|j|\u2606Luca8\n|t:|1775732477\n|gametype|doubles\n|player|p1|ranchsauce|baker|1396\n|player|p2|Luca8|flint|1385\n|gen|9\n|tier|[Gen 9] VGC 2026 Reg I\n|rated|\n|rule|Species Clause: Limit one of each Pok\u00e9mon\n|rule|Item Clause: Limit 1 of each item\n|clearpoke\n|poke|p1|Calyrex-Shadow, L50|\n|poke|p1|Zamazenta-*, L50|\n|poke|p1|Maushold, L50|\n|poke|p1|Whimsicott, L50, F|\n|poke|p1|Ursaluna-Bloodmoon, L50, M|\n|poke|p1|Roaring Moon, L50|\n|poke|p2|Zamazenta-*, L50|\n|poke|p2|Calyrex-Shadow, L50|\n|poke|p2|Indeedee-F, L50, F|\n|poke|p2|Torkoal, L50, F|\n|poke|p2|Fezandipiti, L50, M|\n|poke|p2|Pelipper, L50, F|\n|teampreview|4\n|\n|t:|1775732516\n|teamsize|p1|4\n|teamsize|p2|4\n|start\n|switch|p1a: Maushold|Maushold, L50|100/100\n|switch|p1b: Calyrex|Calyrex-Shadow, L50|100/100\n|switch|p2a: Fezandipiti|Fezandipiti, L50, M|100/100\n|switch|p2b: Zamazenta|Zamazenta-Crowned, L50|100/100\n|-ability|p1b: Calyrex|As One\n|-ability|p1b: Calyrex|Unnerve\n|-ability|p2b: Zamazenta|Dauntless Shield|boost\n|-boost|p2b: Zamazenta|def|1\n|turn|1\n|\n|t:|1775732538\n|move|p1a: Maushold|Helping Hand|p1b: Calyrex\n|-singleturn|p1b: Calyrex|Helping Hand|[of] p1a: Maushold\n|move|p1b: Calyrex|Psychic|p2a: Fezandipiti\n|-supereffective|p2a: Fezandipiti\n|-damage|p2a: Fezandipiti|0 fnt\n|faint|p2a: Fezandipiti\n|-ability|p1b: Calyrex|Grim Neigh|boost\n|-boost|p1b: Calyrex|spa|1\n|move|p2b: Zamazenta|Body Press|p1a: Maushold\n|-supereffective|p1a: Maushold\n|-enditem|p1a: Maushold|Focus Sash\n|-damage|p1a: Maushold|1/100\n|\n|upkeep\n|inactive|Battle timer is ON: inactive players will automatically lose when time's up. (requested by Luca8)\n|\n|t:|1775732551\n|switch|p2a: Calyrex|Calyrex-Shadow, L50|100/100\n|-ability|p2a: Calyrex|As One\n|-ability|p2a: Calyrex|Unnerve\n|turn|2\n|\n|t:|1775732570\n|switch|p1b: Ursaluna|Ursaluna-Bloodmoon, L50, M|100/100\n|-terastallize|p2a: Calyrex|Normal\n|move|p2a: Calyrex|Astral Barrage|p1b: Ursaluna|[spread] \n|-immune|p1a: Maushold\n|-immune|p1b: Ursaluna\n|move|p2b: Zamazenta|Heavy Slam|p1b: Ursaluna\n|-damage|p1b: Ursaluna|85/100\n|move|p1a: Maushold|Taunt|p2b: Zamazenta\n|-start|p2b: Zamazenta|move: Taunt\n|\n|upkeep\n|turn|3\n|inactive|ranchsauce has 30 seconds left.\n|inactive|ranchsauce has 20 seconds left.\n|inactive|ranchsauce has 15 seconds left.\n|\n|t:|1775732611\n|move|p1a: Maushold|Feint|p2a: Calyrex\n|-damage|p2a: Calyrex|90/100\n|move|p2a: Calyrex|Expanding Force|p1a: Maushold\n|-damage|p1a: Maushold|0 fnt\n|faint|p1a: Maushold\n|-ability|p2a: Calyrex|Grim Neigh|boost\n|-boost|p2a: Calyrex|spa|1\n|move|p2b: Zamazenta|Body Press|p1b: Ursaluna\n|-supereffective|p1b: Ursaluna\n|-damage|p1b: Ursaluna|0 fnt\n|faint|p1b: Ursaluna\n|\n|upkeep\n|\n|t:|1775732632\n|switch|p1a: Calyrex|Calyrex-Shadow, L50|100/100\n|switch|p1b: Zamazenta|Zamazenta-Crowned, L50, shiny|100/100\n|-ability|p1a: Calyrex|As One\n|-ability|p1a: Calyrex|Unnerve\n|-ability|p1b: Zamazenta|Dauntless Shield|boost\n|-boost|p1b: Zamazenta|def|1\n|turn|4\n|\n|t:|1775732645\n|-terastallize|p1b: Zamazenta|Dark\n|move|p2a: Calyrex|Protect|p2a: Calyrex\n|-singleturn|p2a: Calyrex|Protect\n|move|p1a: Calyrex|Psychic|p2a: Calyrex\n|-activate|p2a: Calyrex|move: Protect\n|move|p1b: Zamazenta|Imprison|p1b: Zamazenta\n|-start|p1b: Zamazenta|move: Imprison\n|cant|p2b: Zamazenta|move: Imprison|Body Press\n|\n|upkeep\n|turn|5\n|inactive|Luca8 has 30 seconds left.\n|\n|t:|1775732673\n|move|p2a: Calyrex|Encore|p1b: Zamazenta\n|-start|p1b: Zamazenta|Encore\n|move|p1a: Calyrex|Psychic|p2b: Zamazenta\n|-crit|p2b: Zamazenta\n|-damage|p2b: Zamazenta|13/100\n|move|p1b: Zamazenta|Imprison||[still]\n|-fail|p1b: Zamazenta\n|-activate|p2b: Zamazenta|move: Struggle\n|move|p2b: Zamazenta|Struggle|p1b: Zamazenta\n|-damage|p1b: Zamazenta|94/100\n|-damage|p2b: Zamazenta|0 fnt|[from] recoil\n|faint|p2b: Zamazenta\n|\n|upkeep\n|\n|t:|1775732686\n|switch|p2b: Pelipper|Pelipper, L50, F|100/100\n|-weather|RainDance|[from] ability: Drizzle|[of] p2b: Pelipper\n|turn|6\n|\n|t:|1775732698\n|move|p2a: Calyrex|Astral Barrage|p1b: Zamazenta|[spread] p1a,p1b\n|-supereffective|p1a: Calyrex\n|-resisted|p1b: Zamazenta\n|-damage|p1a: Calyrex|0 fnt\n|-damage|p1b: Zamazenta|63/100\n|faint|p1a: Calyrex\n|-ability|p2a: Calyrex|Grim Neigh|boost\n|-boost|p2a: Calyrex|spa|1\n|move|p1b: Zamazenta|Imprison||[still]\n|-fail|p1b: Zamazenta\n|move|p2b: Pelipper|Muddy Water|p1b: Zamazenta|[miss]\n|-miss|p2b: Pelipper|p1b: Zamazenta\n|\n|-weather|RainDance|[upkeep]\n|upkeep\n|turn|7\n|l|\u2606ranchsauce\n|inactive|ranchsauce disconnected and has a minute to reconnect!\n|player|p1|\n|inactive|ranchsauce has 30 seconds left.\n|inactive|ranchsauce has 20 seconds left.\n|inactive|ranchsauce has 15 seconds left.\n|inactive|ranchsauce has 10 seconds left.\n|inactive|ranchsauce has 5 seconds left.\n|-message|ranchsauce lost due to inactivity.\n|\n|win|Luca8\n|raw|ranchsauce's rating: 1396 &rarr; <strong>1375</strong><br />(-21 for losing)\n|raw|Luca8's rating: 1385 &rarr; <strong>1406</strong><br />(+21 for winning)\n|l|\u2606Luca8\n|player|p2|\n","uploadtime":1775732996,"views":9,"formatid":"gen9vgc2026regi","rating":1375,"private":0,"password":null}