{"id":"gen9vgc2026regi-2538102759","format":"[Gen 9] VGC 2026 Reg I","players":["lin25","TheManOfSausage"],"log":"|j|\u2606lin25\n|j|\u2606TheManOfSausage\n|t:|1770893046\n|gametype|doubles\n|player|p1|lin25|101|1296\n|player|p2|TheManOfSausage|miku-water|1521\n|gen|9\n|tier|[Gen 9] VGC 2026 Reg I\n|rated|\n|rule|Species Clause: Limit one of each Pok\u00e9mon\n|rule|Item Clause: Limit 1 of each item\n|clearpoke\n|poke|p1|Calyrex-Shadow, L50|\n|poke|p1|Zamazenta-*, L50|\n|poke|p1|Chien-Pao, L50|\n|poke|p1|Dragonite, L50, M|\n|poke|p1|Dondozo, L50, F|\n|poke|p1|Tatsugiri, L50, F|\n|poke|p2|Calyrex-Ice, L50|\n|poke|p2|Miraidon, L50|\n|poke|p2|Amoonguss, L50, F|\n|poke|p2|Incineroar, L50, M|\n|poke|p2|Urshifu-*, L50, M|\n|poke|p2|Farigiraf, L50, F|\n|teampreview|4\n|\n|t:|1770893112\n|teamsize|p1|4\n|teamsize|p2|4\n|start\n|switch|p1a: Zamazenta|Zamazenta-Crowned, L50|100/100\n|switch|p1b: Tatsugiri|Tatsugiri, L50, F|100/100\n|switch|p2a: Tama|Miraidon, L50|100/100\n|switch|p2b: Ogurin|Calyrex-Ice, L50|100/100\n|-ability|p2b: Ogurin|As One\n|-ability|p2b: Ogurin|Unnerve\n|-fieldstart|move: Electric Terrain|[from] ability: Hadron Engine|[of] p2a: Tama\n|-ability|p1a: Zamazenta|Dauntless Shield|boost\n|-boost|p1a: Zamazenta|def|1\n|turn|1\n|\n|t:|1770893131\n|-terastallize|p1a: Zamazenta|Dragon\n|move|p2a: Tama|Volt Switch|p1b: Tatsugiri\n|-damage|p1b: Tatsugiri|9/100\n|\n|t:|1770893135\n|switch|p2a: Amoonguss|Amoonguss, L50, F|100/100|[from] Volt Switch\n|move|p1b: Tatsugiri|Draco Meteor|p2a: Amoonguss\n|-damage|p2a: Amoonguss|51/100\n|-unboost|p1b: Tatsugiri|spa|2\n|move|p1a: Zamazenta|Body Press|p2b: Ogurin\n|-damage|p2b: Ogurin|61/100\n|move|p2b: Ogurin|High Horsepower|p1a: Zamazenta\n|-damage|p1a: Zamazenta|85/100\n|\n|upkeep\n|turn|2\n|\n|t:|1770893176\n|move|p2a: Amoonguss|Rage Powder|p2a: Amoonguss\n|-singleturn|p2a: Amoonguss|move: Rage Powder\n|move|p1b: Tatsugiri|Draco Meteor|p2a: Amoonguss\n|-damage|p2a: Amoonguss|26/100\n|-unboost|p1b: Tatsugiri|spa|2\n|move|p1a: Zamazenta|Body Press|p2a: Amoonguss\n|-resisted|p2a: Amoonguss\n|-damage|p2a: Amoonguss|0 fnt\n|-damage|p1a: Zamazenta|69/100|[from] item: Rocky Helmet|[of] p2a: Amoonguss\n|faint|p2a: Amoonguss\n|move|p2b: Ogurin|Glacial Lance|p1a: Zamazenta|[spread] p1a,p1b\n|-supereffective|p1a: Zamazenta\n|-damage|p1a: Zamazenta|24/100\n|-damage|p1b: Tatsugiri|0 fnt\n|faint|p1b: Tatsugiri\n|-ability|p2b: Ogurin|Chilling Neigh|boost\n|-boost|p2b: Ogurin|atk|1\n|\n|upkeep\n|\n|t:|1770893186\n|switch|p1b: Calyrex|Calyrex-Shadow, L50|100/100\n|switch|p2a: Tama|Miraidon, L50|100/100\n|-ability|p1b: Calyrex|As One\n|-ability|p1b: Calyrex|Unnerve\n|-activate|p2a: Tama|ability: Hadron Engine\n|turn|3\n|\n|t:|1770893195\n|-terastallize|p2b: Ogurin|Water\n|move|p2a: Tama|Snarl|p1b: Calyrex|[spread] p1a,p1b\n|-supereffective|p1b: Calyrex\n|-damage|p1a: Zamazenta|9/100\n|-damage|p1b: Calyrex|16/100\n|-unboost|p1a: Zamazenta|spa|1\n|-unboost|p1b: Calyrex|spa|1\n|move|p1b: Calyrex|Astral Barrage|p2a: Tama|[spread] p2a,p2b\n|-damage|p2a: Tama|67/100\n|-damage|p2b: Ogurin|35/100\n|move|p1a: Zamazenta|Body Press|p2b: Ogurin\n|-damage|p2b: Ogurin|0 fnt\n|faint|p2b: Ogurin\n|\n|upkeep\n|\n|t:|1770893199\n|switch|p2b: Urshifu|Urshifu-Rapid-Strike, L50, M|100/100\n|turn|4\n|\n|t:|1770893218\n|move|p1a: Zamazenta|Wide Guard|p1a: Zamazenta\n|-singleturn|p1a: Zamazenta|Wide Guard\n|move|p2b: Urshifu|Aqua Jet|p1b: Calyrex\n|-damage|p1b: Calyrex|0 fnt\n|faint|p1b: Calyrex\n|move|p2a: Tama|Snarl|p1a: Zamazenta\n|-activate|p1a: Zamazenta|move: Wide Guard\n|\n|upkeep\n|\n|t:|1770893223\n|switch|p1b: Dondozo|Dondozo, L50, F|100/100\n|turn|5\n|\n|t:|1770893262\n|move|p2a: Tama|Snarl|p1a: Zamazenta|[spread] p1a,p1b\n|-damage|p1a: Zamazenta|0 fnt\n|-damage|p1b: Dondozo|84/100\n|-unboost|p1b: Dondozo|spa|1\n|faint|p1a: Zamazenta\n|move|p2b: Urshifu|Surging Strikes|p1b: Dondozo\n|-resisted|p1b: Dondozo\n|-crit|p1b: Dondozo\n|-damage|p1b: Dondozo|76/100\n|-resisted|p1b: Dondozo\n|-crit|p1b: Dondozo\n|-damage|p1b: Dondozo|67/100\n|-resisted|p1b: Dondozo\n|-crit|p1b: Dondozo\n|-damage|p1b: Dondozo|58/100\n|-hitcount|p1b: Dondozo|3\n|move|p1b: Dondozo|Order Up|p2b: Urshifu\n|-damage|p2b: Urshifu|77/100\n|\n|-heal|p1b: Dondozo|64/100|[from] item: Leftovers\n|-fieldend|move: Electric Terrain\n|upkeep\n|turn|6\n|\n|t:|1770893283\n|move|p2a: Tama|Snarl|p1b: Dondozo\n|-damage|p1b: Dondozo|48/100\n|-unboost|p1b: Dondozo|spa|1\n|move|p2b: Urshifu|Surging Strikes|p1b: Dondozo\n|-resisted|p1b: Dondozo\n|-crit|p1b: Dondozo\n|-damage|p1b: Dondozo|40/100\n|-resisted|p1b: Dondozo\n|-crit|p1b: Dondozo\n|-damage|p1b: Dondozo|31/100\n|-resisted|p1b: Dondozo\n|-crit|p1b: Dondozo\n|-damage|p1b: Dondozo|23/100\n|-hitcount|p1b: Dondozo|3\n|move|p1b: Dondozo|Order Up|p2b: Urshifu\n|-damage|p2b: Urshifu|53/100\n|\n|-heal|p1b: Dondozo|29/100|[from] item: Leftovers\n|upkeep\n|turn|7\n|-message|lin25 forfeited.\n|\n|win|TheManOfSausage\n|raw|lin25's rating: 1296 &rarr; <strong>1285</strong><br />(-11 for losing)\n|raw|TheManOfSausage's rating: 1521 &rarr; <strong>1530</strong><br />(+9 for winning)\n|l|\u2606lin25\n|player|p1|\n|l|\u2606TheManOfSausage\n|player|p2|\n","uploadtime":1770893449,"views":18,"formatid":"gen9vgc2026regi","rating":1285,"private":0,"password":null}