{"id":"gen9vgc2026regi-2560128983","format":"[Gen 9] VGC 2026 Reg I","players":["Aboogaboogaboo","EllenJoe2026"],"log":"|j|\u2606Aboogaboogaboo\n|j|\u2606EllenJoe2026\n|t:|1773656278\n|gametype|doubles\n|player|p1|Aboogaboogaboo|veteran|1375\n|player|p2|EllenJoe2026|102|1629\n|gen|9\n|tier|[Gen 9] VGC 2026 Reg I\n|rated|\n|rule|Species Clause: Limit one of each Pok\u00e9mon\n|rule|Item Clause: Limit 1 of each item\n|clearpoke\n|poke|p1|Calyrex-Ice, L50|\n|poke|p1|Kyogre, L50|\n|poke|p1|Thundurus, L50, M|\n|poke|p1|Grimmsnarl, L50, M|\n|poke|p1|Weezing, L50, F|\n|poke|p1|Basculegion, L50, M|\n|poke|p2|Calyrex-Shadow, L50|\n|poke|p2|Zamazenta-*, L50|\n|poke|p2|Incineroar, L50, F|\n|poke|p2|Rillaboom, L50, F|\n|poke|p2|Ogerpon-Cornerstone, L50, F|\n|poke|p2|Tornadus, L50, M|\n|teampreview|4\n|inactive|Battle timer is ON: inactive players will automatically lose when time's up. (requested by Aboogaboogaboo)\n|inactive|EllenJoe2026 also wants the timer to be on.\n|inactive|EllenJoe2026 has 60 seconds left.\n|\n|t:|1773656316\n|teamsize|p1|4\n|teamsize|p2|4\n|start\n|switch|p1a: Thundurus|Thundurus, L50, M|100/100\n|switch|p1b: Grimmsnarl|Grimmsnarl, L50, M|100/100\n|switch|p2a: Zamazenta|Zamazenta-Crowned, L50, shiny|100/100\n|switch|p2b: Incineroar|Incineroar, L50, F, shiny|100/100\n|-ability|p2a: Zamazenta|Dauntless Shield|boost\n|-boost|p2a: Zamazenta|def|1\n|-ability|p2b: Incineroar|Intimidate|boost\n|-unboost|p1a: Thundurus|atk|1\n|-unboost|p1b: Grimmsnarl|atk|1\n|turn|1\n|\n|t:|1773656328\n|move|p2b: Incineroar|Fake Out|p1b: Grimmsnarl\n|-damage|p1b: Grimmsnarl|89/100\n|cant|p1b: Grimmsnarl|flinch\n|move|p1a: Thundurus|Taunt|p2a: Zamazenta\n|-start|p2a: Zamazenta|move: Taunt\n|move|p2a: Zamazenta|Heavy Slam|p1b: Grimmsnarl\n|-supereffective|p1b: Grimmsnarl\n|-damage|p1b: Grimmsnarl|0 fnt\n|faint|p1b: Grimmsnarl\n|\n|upkeep\n|\n|t:|1773656335\n|switch|p1b: Kyogre|Kyogre, L50|100/100\n|-weather|RainDance|[from] ability: Drizzle|[of] p1b: Kyogre\n|turn|2\n|\n|t:|1773656352\n|switch|p2b: Rillaboom|Rillaboom, L50, F, shiny|100/100\n|-fieldstart|move: Grassy Terrain|[from] ability: Grassy Surge|[of] p2b: Rillaboom\n|-terastallize|p2a: Zamazenta|Grass\n|move|p1b: Kyogre|Origin Pulse|p2b: Rillaboom|[spread] p2a,p2b\n|-resisted|p2a: Zamazenta\n|-resisted|p2b: Rillaboom\n|-damage|p2a: Zamazenta|73/100\n|-damage|p2b: Rillaboom|73/100\n|move|p2a: Zamazenta|Body Press|p1b: Kyogre\n|-damage|p1b: Kyogre|22/100\n|move|p1a: Thundurus|Wildbolt Storm|p2a: Zamazenta|[spread] p2a,p2b\n|-resisted|p2a: Zamazenta\n|-resisted|p2b: Rillaboom\n|-damage|p2a: Zamazenta|62/100\n|-damage|p2b: Rillaboom|63/100\n|\n|-weather|RainDance|[upkeep]\n|-heal|p1b: Kyogre|27/100|[from] Grassy Terrain\n|-heal|p2a: Zamazenta|69/100|[from] Grassy Terrain\n|-heal|p2b: Rillaboom|68/100|[from] Grassy Terrain\n|upkeep\n|turn|3\n|inactive|EllenJoe2026 has 30 seconds left.\n|\n|t:|1773656383\n|move|p1b: Kyogre|Protect|p1b: Kyogre\n|-singleturn|p1b: Kyogre|Protect\n|move|p2a: Zamazenta|Body Press|p1a: Thundurus\n|-resisted|p1a: Thundurus\n|-damage|p1a: Thundurus|61/100\n|move|p1a: Thundurus|Wildbolt Storm|p2a: Zamazenta|[spread] p2a,p2b\n|-resisted|p2a: Zamazenta\n|-crit|p2a: Zamazenta\n|-resisted|p2b: Rillaboom\n|-damage|p2a: Zamazenta|54/100\n|-damage|p2b: Rillaboom|58/100\n|move|p2b: Rillaboom|U-turn|p1a: Thundurus\n|-resisted|p1a: Thundurus\n|-damage|p1a: Thundurus|48/100\n|\n|t:|1773656396\n|switch|p2b: Incineroar|Incineroar, L50, F, shiny|100/100|[from] U-turn\n|-ability|p2b: Incineroar|Intimidate|boost\n|-unboost|p1a: Thundurus|atk|1\n|-unboost|p1b: Kyogre|atk|1\n|\n|-weather|RainDance|[upkeep]\n|-heal|p1b: Kyogre|33/100|[from] Grassy Terrain\n|-heal|p2a: Zamazenta|60/100|[from] Grassy Terrain\n|-end|p2a: Zamazenta|move: Taunt\n|upkeep\n|turn|4\n|\n|t:|1773656414\n|move|p2b: Incineroar|Fake Out|p1b: Kyogre\n|-damage|p1b: Kyogre|21/100\n|move|p1a: Thundurus|Taunt|p2a: Zamazenta\n|-start|p2a: Zamazenta|move: Taunt\n|cant|p1b: Kyogre|flinch\n|move|p2a: Zamazenta|Body Press|p1a: Thundurus\n|-resisted|p1a: Thundurus\n|-damage|p1a: Thundurus|12/100\n|\n|-weather|RainDance|[upkeep]\n|-heal|p1b: Kyogre|27/100|[from] Grassy Terrain\n|-heal|p2a: Zamazenta|66/100|[from] Grassy Terrain\n|upkeep\n|turn|5\n|\n|t:|1773656431\n|switch|p2b: Rillaboom|Rillaboom, L50, F, shiny|58/100\n|move|p1b: Kyogre|Origin Pulse|p2b: Rillaboom|[spread] p2a,p2b\n|-resisted|p2a: Zamazenta\n|-resisted|p2b: Rillaboom\n|-damage|p2a: Zamazenta|35/100\n|-damage|p2b: Rillaboom|31/100\n|move|p2a: Zamazenta|Body Press|p1b: Kyogre\n|-damage|p1b: Kyogre|0 fnt\n|faint|p1b: Kyogre\n|move|p1a: Thundurus|Wildbolt Storm|p2a: Zamazenta|[spread] p2a,p2b\n|-resisted|p2a: Zamazenta\n|-resisted|p2b: Rillaboom\n|-damage|p2a: Zamazenta|25/100\n|-damage|p2b: Rillaboom|21/100\n|-status|p2a: Zamazenta|par\n|\n|-weather|RainDance|[upkeep]\n|-heal|p2b: Rillaboom|27/100|[from] Grassy Terrain\n|-heal|p2a: Zamazenta|31/100 par|[from] Grassy Terrain\n|upkeep\n|\n|t:|1773656443\n|switch|p1b: Calyrex|Calyrex-Ice, L50|100/100\n|-ability|p1b: Calyrex|As One\n|-ability|p1b: Calyrex|Unnerve\n|turn|6\n|inactive|EllenJoe2026 has 30 seconds left.\n|\n|t:|1773656471\n|-terastallize|p1b: Calyrex|Dragon\n|move|p1a: Thundurus|Wildbolt Storm|p2b: Rillaboom|[spread] p2a,p2b\n|-resisted|p2a: Zamazenta\n|-resisted|p2b: Rillaboom\n|-damage|p2a: Zamazenta|20/100 par\n|-damage|p2b: Rillaboom|16/100\n|move|p2b: Rillaboom|U-turn|p1a: Thundurus\n|-resisted|p1a: Thundurus\n|-damage|p1a: Thundurus|0 fnt\n|faint|p1a: Thundurus\n|\n|t:|1773656481\n|switch|p2b: Incineroar|Incineroar, L50, F, shiny|100/100|[from] U-turn\n|-ability|p2b: Incineroar|Intimidate|boost\n|-fail|p1b: Calyrex|unboost|[from] item: Clear Amulet|[of] p1b: Calyrex\n|cant|p2a: Zamazenta|par\n|move|p1b: Calyrex|Trick Room|p1b: Calyrex\n|-fieldstart|move: Trick Room|[of] p1b: Calyrex\n|\n|-weather|none\n|-heal|p2a: Zamazenta|26/100 par|[from] Grassy Terrain\n|-end|p2a: Zamazenta|move: Taunt\n|-fieldend|move: Grassy Terrain\n|upkeep\n|turn|7\n|\n|t:|1773656502\n|switch|p2a: Rillaboom|Rillaboom, L50, F, shiny|16/100\n|-fieldstart|move: Grassy Terrain|[from] ability: Grassy Surge|[of] p2a: Rillaboom\n|move|p2b: Incineroar|Fake Out|p1b: Calyrex\n|-damage|p1b: Calyrex|94/100\n|cant|p1b: Calyrex|flinch\n|\n|-heal|p1b: Calyrex|99/100|[from] Grassy Terrain\n|-heal|p2a: Rillaboom|22/100|[from] Grassy Terrain\n|upkeep\n|turn|8\n|\n|t:|1773656514\n|move|p1b: Calyrex|Protect|p1b: Calyrex\n|-singleturn|p1b: Calyrex|Protect\n|move|p2a: Rillaboom|Fake Out|p1b: Calyrex\n|-activate|p1b: Calyrex|move: Protect\n|move|p2b: Incineroar|Knock Off|p1b: Calyrex\n|-activate|p1b: Calyrex|move: Protect\n|\n|-heal|p1b: Calyrex|100/100|[from] Grassy Terrain\n|-heal|p2a: Rillaboom|28/100|[from] Grassy Terrain\n|upkeep\n|turn|9\n|\n|t:|1773656526\n|switch|p2a: Zamazenta|Zamazenta-Crowned, L50, shiny, tera:Grass|26/100 par\n|move|p1b: Calyrex|Glacial Lance|p2a: Zamazenta|[spread] p2a,p2b\n|-supereffective|p2a: Zamazenta\n|-resisted|p2b: Incineroar\n|-damage|p2a: Zamazenta|0 fnt\n|-damage|p2b: Incineroar|77/100\n|faint|p2a: Zamazenta\n|-ability|p1b: Calyrex|Chilling Neigh|boost\n|-boost|p1b: Calyrex|atk|1\n|move|p2b: Incineroar|Knock Off|p1b: Calyrex\n|-damage|p1b: Calyrex|75/100\n|-enditem|p1b: Calyrex|Clear Amulet|[from] move: Knock Off|[of] p2b: Incineroar\n|\n|-heal|p1b: Calyrex|81/100|[from] Grassy Terrain\n|-heal|p2b: Incineroar|83/100|[from] Grassy Terrain\n|upkeep\n|\n|t:|1773656541\n|switch|p2a: Rillaboom|Rillaboom, L50, F, shiny|28/100\n|turn|10\n|\n|t:|1773656550\n|switch|p2b: Calyrex|Calyrex-Shadow, L50|100/100\n|-ability|p2b: Calyrex|As One\n|-ability|p2b: Calyrex|Unnerve\n|move|p1b: Calyrex|Protect|p1b: Calyrex\n|-singleturn|p1b: Calyrex|Protect\n|move|p2a: Rillaboom|Fake Out|p1b: Calyrex\n|-activate|p1b: Calyrex|move: Protect\n|\n|-heal|p1b: Calyrex|87/100|[from] Grassy Terrain\n|-heal|p2a: Rillaboom|34/100|[from] Grassy Terrain\n|-fieldend|move: Trick Room\n|upkeep\n|turn|11\n|\n|t:|1773656564\n|switch|p2a: Incineroar|Incineroar, L50, F, shiny|83/100\n|-ability|p2a: Incineroar|Intimidate|boost\n|-unboost|p1b: Calyrex|atk|1\n|move|p2b: Calyrex|Protect|p2b: Calyrex\n|-singleturn|p2b: Calyrex|Protect\n|move|p1b: Calyrex|Glacial Lance|p2b: Calyrex|[spread] p2a\n|-activate|p2b: Calyrex|move: Protect\n|-resisted|p2a: Incineroar\n|-crit|p2a: Incineroar\n|-damage|p2a: Incineroar|51/100\n|\n|-heal|p2a: Incineroar|57/100|[from] Grassy Terrain\n|-heal|p1b: Calyrex|93/100|[from] Grassy Terrain\n|-fieldend|move: Grassy Terrain\n|upkeep\n|turn|12\n|\n|t:|1773656586\n|move|p1b: Calyrex|Protect|p1b: Calyrex\n|-singleturn|p1b: Calyrex|Protect\n|move|p2b: Calyrex|Astral Barrage|p1b: Calyrex\n|-activate|p1b: Calyrex|move: Protect\n|move|p2a: Incineroar|Parting Shot|p1b: Calyrex\n|-activate|p1b: Calyrex|move: Protect\n|\n|upkeep\n|turn|13\n|\n|t:|1773656591\n|move|p2b: Calyrex|Astral Barrage|p1b: Calyrex\n|-damage|p1b: Calyrex|33/100\n|move|p2a: Incineroar|Parting Shot|p1b: Calyrex\n|-unboost|p1b: Calyrex|atk|1\n|-unboost|p1b: Calyrex|spa|1\n|\n|t:|1773656599\n|switch|p2a: Rillaboom|Rillaboom, L50, F, shiny|34/100|[from] Parting Shot\n|-fieldstart|move: Grassy Terrain|[from] ability: Grassy Surge|[of] p2a: Rillaboom\n|move|p1b: Calyrex|Glacial Lance|p2b: Calyrex|[spread] p2a,p2b\n|-supereffective|p2a: Rillaboom\n|-damage|p2a: Rillaboom|0 fnt\n|-damage|p2b: Calyrex|57/100\n|faint|p2a: Rillaboom\n|-ability|p1b: Calyrex|Chilling Neigh|boost\n|-boost|p1b: Calyrex|atk|1\n|\n|-heal|p2b: Calyrex|64/100|[from] Grassy Terrain\n|-heal|p1b: Calyrex|39/100|[from] Grassy Terrain\n|upkeep\n|\n|t:|1773656602\n|switch|p2a: Incineroar|Incineroar, L50, F, shiny|57/100\n|-ability|p2a: Incineroar|Intimidate|boost\n|-unboost|p1b: Calyrex|atk|1\n|turn|14\n|c|\u2606Aboogaboogaboo|How bulky is that horse?!\n|inactive|Aboogaboogaboo has 30 seconds left.\n|c|\u2606Aboogaboogaboo|I expected Glacial to do so much more lmoa\n|c|\u2606Aboogaboogaboo|lmao*\n|inactive|Aboogaboogaboo has 20 seconds left.\n|\n|t:|1773656637\n|move|p1b: Calyrex|Protect|p1b: Calyrex\n|-singleturn|p1b: Calyrex|Protect\n|move|p2a: Incineroar|Fake Out|p1b: Calyrex\n|-activate|p1b: Calyrex|move: Protect\n|move|p2b: Calyrex|Astral Barrage|p1b: Calyrex\n|-activate|p1b: Calyrex|move: Protect\n|\n|-heal|p2b: Calyrex|70/100|[from] Grassy Terrain\n|-heal|p2a: Incineroar|63/100|[from] Grassy Terrain\n|-heal|p1b: Calyrex|45/100|[from] Grassy Terrain\n|upkeep\n|turn|15\n|\n|t:|1773656654\n|move|p1b: Calyrex|Protect||[still]\n|-fail|p1b: Calyrex\n|move|p2b: Calyrex|Astral Barrage|p1b: Calyrex\n|-damage|p1b: Calyrex|0 fnt\n|faint|p1b: Calyrex\n|\n|win|EllenJoe2026\n|raw|Aboogaboogaboo's rating: 1375 &rarr; <strong>1367</strong><br />(-8 for losing)\n|raw|EllenJoe2026's rating: 1629 &rarr; <strong>1637</strong><br />(+8 for winning)\n|c|\u2606Aboogaboogaboo|gg\n|l|\u2606EllenJoe2026\n|player|p2|\n|l|\u2606Aboogaboogaboo\n|player|p1|\n","uploadtime":1773656809,"views":12,"formatid":"gen9vgc2026regi","rating":1367,"private":0,"password":null}