{"id":"gen9vgc2026regi-2544476470","format":"[Gen 9] VGC 2026 Reg I","players":["j0l0k0","crifab93"],"log":"|j|\u2606j0l0k0\n|j|\u2606crifab93\n|t:|1771711346\n|gametype|doubles\n|player|p1|j0l0k0|brycen|1432\n|player|p2|crifab93|n|1426\n|gen|9\n|tier|[Gen 9] VGC 2026 Reg I\n|rated|\n|rule|Species Clause: Limit one of each Pok\u00e9mon\n|rule|Item Clause: Limit 1 of each item\n|clearpoke\n|poke|p1|Calyrex-Ice, L50|\n|poke|p1|Kyogre, L50|\n|poke|p1|Indeedee-F, L50, F|\n|poke|p1|Urshifu-*, L50, F|\n|poke|p1|Amoonguss, L50, F|\n|poke|p1|Landorus, L50, M|\n|poke|p2|Rillaboom, L50, M|\n|poke|p2|Calyrex-Shadow, L50|\n|poke|p2|Zamazenta-*, L50|\n|poke|p2|Incineroar, L50, M|\n|poke|p2|Clefairy, L50, F|\n|poke|p2|Ogerpon-Hearthflame, L50, F|\n|teampreview|4\n|inactive|Battle timer is ON: inactive players will automatically lose when time's up. (requested by j0l0k0)\n|c|\u2606j0l0k0|hello again\n|c|\u2606crifab93|hi!\n|\n|t:|1771711372\n|teamsize|p1|4\n|teamsize|p2|4\n|start\n|switch|p1a: Kyogre|Kyogre, L50, shiny|100/100\n|switch|p1b: Indeedee|Indeedee-F, L50, F, shiny|100/100\n|switch|p2a: Zamazenta|Zamazenta-Crowned, L50|100/100\n|switch|p2b: Calyrex|Calyrex-Shadow, L50|100/100\n|-ability|p2b: Calyrex|As One\n|-ability|p2b: Calyrex|Unnerve\n|-ability|p2a: Zamazenta|Dauntless Shield|boost\n|-boost|p2a: Zamazenta|def|1\n|-fieldstart|move: Psychic Terrain|[from] ability: Psychic Surge|[of] p1b: Indeedee\n|-weather|RainDance|[from] ability: Drizzle|[of] p1a: Kyogre\n|turn|1\n|\n|t:|1771711393\n|switch|p2b: Rillaboom|Rillaboom, L50, M|100/100\n|-fieldstart|move: Grassy Terrain|[from] ability: Grassy Surge|[of] p2b: Rillaboom\n|switch|p1a: Urshifu|Urshifu, L50, F|100/100\n|move|p2a: Zamazenta|Protect|p2a: Zamazenta\n|-singleturn|p2a: Zamazenta|Protect\n|move|p1b: Indeedee|Trick Room|p1b: Indeedee\n|-fieldstart|move: Trick Room|[of] p1b: Indeedee\n|\n|-weather|RainDance|[upkeep]\n|upkeep\n|turn|2\n|\n|t:|1771711415\n|-terastallize|p1a: Urshifu|Ghost\n|move|p1b: Indeedee|Helping Hand|p1a: Urshifu\n|-singleturn|p1a: Urshifu|Helping Hand|[of] p1b: Indeedee\n|move|p2b: Rillaboom|Fake Out|p1a: Urshifu\n|-immune|p1a: Urshifu\n|move|p1a: Urshifu|Poison Jab|p2b: Rillaboom\n|-supereffective|p2b: Rillaboom\n|-damage|p2b: Rillaboom|16/100\n|move|p2a: Zamazenta|Body Press|p1a: Urshifu\n|-immune|p1a: Urshifu\n|\n|-weather|RainDance|[upkeep]\n|-heal|p2b: Rillaboom|22/100|[from] Grassy Terrain\n|upkeep\n|turn|3\n|\n|t:|1771711429\n|move|p2b: Rillaboom|Grassy Glide|p1b: Indeedee\n|-damage|p1b: Indeedee|55/100\n|move|p1b: Indeedee|Psychic|p2b: Rillaboom\n|-damage|p2b: Rillaboom|0 fnt\n|faint|p2b: Rillaboom\n|move|p1a: Urshifu|Close Combat|p2a: Zamazenta\n|-supereffective|p2a: Zamazenta\n|-damage|p2a: Zamazenta|45/100\n|-unboost|p1a: Urshifu|def|1\n|-unboost|p1a: Urshifu|spd|1\n|move|p2a: Zamazenta|Body Press|p1b: Indeedee\n|-damage|p1b: Indeedee|0 fnt\n|faint|p1b: Indeedee\n|\n|-weather|RainDance|[upkeep]\n|-heal|p2a: Zamazenta|51/100|[from] Grassy Terrain\n|upkeep\n|\n|t:|1771711442\n|switch|p1b: Kyogre|Kyogre, L50, shiny|100/100\n|switch|p2b: Ogerpon|Ogerpon-Hearthflame, L50, F|100/100\n|-ability|p2b: Ogerpon|Mold Breaker\n|turn|4\n|inactive|j0l0k0 has 30 seconds left.\n|inactive|crifab93 has 30 seconds left.\n|\n|t:|1771711479\n|switch|p1b: Calyrex|Calyrex-Ice, L50|100/100\n|-ability|p1b: Calyrex|As One\n|-ability|p1b: Calyrex|Unnerve\n|-terastallize|p2b: Ogerpon|Fire\n|detailschange|p2b: Ogerpon|Ogerpon-Hearthflame-Tera, L50, F, tera:Fire\n|-ability|p2b: Ogerpon|Embody Aspect (Hearthflame)|boost\n|-boost|p2b: Ogerpon|atk|1\n|move|p2b: Ogerpon|Grassy Glide|p1b: Calyrex\n|-damage|p1b: Calyrex|58/100\n|move|p1a: Urshifu|Close Combat|p2a: Zamazenta\n|-supereffective|p2a: Zamazenta\n|-damage|p2a: Zamazenta|0 fnt\n|-unboost|p1a: Urshifu|def|1\n|-unboost|p1a: Urshifu|spd|1\n|faint|p2a: Zamazenta\n|\n|-weather|RainDance|[upkeep]\n|-heal|p1b: Calyrex|64/100|[from] Grassy Terrain\n|upkeep\n|\n|t:|1771711483\n|switch|p2a: Calyrex|Calyrex-Shadow, L50|100/100\n|-ability|p2a: Calyrex|As One\n|-ability|p2a: Calyrex|Unnerve\n|turn|5\n|\n|t:|1771711500\n|move|p2b: Ogerpon|Grassy Glide|p1a: Urshifu\n|-enditem|p1a: Urshifu|Focus Sash\n|-damage|p1a: Urshifu|1/100\n|move|p1b: Calyrex|Crunch|p2a: Calyrex\n|-supereffective|p2a: Calyrex\n|-damage|p2a: Calyrex|0 fnt\n|faint|p2a: Calyrex\n|-ability|p1b: Calyrex|Chilling Neigh|boost\n|-boost|p1b: Calyrex|atk|1\n|move|p1a: Urshifu|Wicked Blow|p2b: Ogerpon\n|-crit|p2b: Ogerpon\n|-damage|p2b: Ogerpon|25/100\n|\n|-weather|none\n|-heal|p1b: Calyrex|70/100|[from] Grassy Terrain\n|-heal|p2b: Ogerpon|31/100|[from] Grassy Terrain\n|-heal|p1a: Urshifu|7/100|[from] Grassy Terrain\n|-fieldend|move: Trick Room\n|-fieldend|move: Grassy Terrain\n|upkeep\n|turn|6\n|c|\u2606crifab93|gg\n|-message|crifab93 forfeited.\n|\n|win|j0l0k0\n|raw|j0l0k0's rating: 1432 &rarr; <strong>1452</strong><br />(+20 for winning)\n|raw|crifab93's rating: 1426 &rarr; <strong>1406</strong><br />(-20 for losing)\n|l|\u2606crifab93\n|player|p2|\n|l|\u2606j0l0k0\n|player|p1|\n","uploadtime":1771711736,"views":13,"formatid":"gen9vgc2026regi","rating":1406,"private":0,"password":null}