{"id":"gen9vgc2026regi-2577086037","format":"[Gen 9] VGC 2026 Reg I","players":["Tepig_nNz_498","VJ2511"],"log":"|j|\u2606Tepig_nNz_498\n|j|\u2606VJ2511\n|t:|1775535407\n|gametype|doubles\n|player|p1|Tepig_nNz_498|102|1696\n|player|p2|VJ2511|1|1587\n|gen|9\n|tier|[Gen 9] VGC 2026 Reg I\n|rated|\n|rule|Species Clause: Limit one of each Pok\u00e9mon\n|rule|Item Clause: Limit 1 of each item\n|clearpoke\n|poke|p1|Whimsicott, L50, F|\n|poke|p1|Reshiram, L50|\n|poke|p1|Incineroar, L50, M|\n|poke|p1|Lilligant-Hisui, L50, F|\n|poke|p1|Brute Bonnet, L50|\n|poke|p1|Koraidon, L50|\n|poke|p2|Calyrex-Shadow, L50|\n|poke|p2|Zamazenta-*, L50|\n|poke|p2|Chien-Pao, L50|\n|poke|p2|Dragonite, L50, M|\n|poke|p2|Raging Bolt, L50|\n|poke|p2|Amoonguss, L50, F|\n|teampreview|4\n|j| tipyourlandlord\n|inactive|Battle timer is ON: inactive players will automatically lose when time's up. (requested by VJ2511)\n|\n|t:|1775535421\n|teamsize|p1|4\n|teamsize|p2|4\n|start\n|switch|p1a: Lilligant|Lilligant-Hisui, L50, F|100/100\n|switch|p1b: Koraidon|Koraidon, L50|100/100\n|switch|p2a: Zamazenta|Zamazenta-Crowned, L50|100/100\n|switch|p2b: Raging Bolt|Raging Bolt, L50|100/100\n|-weather|SunnyDay|[from] ability: Orichalcum Pulse|[of] p1b: Koraidon\n|-activate|p2b: Raging Bolt|ability: Protosynthesis\n|-start|p2b: Raging Bolt|protosynthesisspa\n|-activate|p1b: Koraidon|Orichalcum Pulse|[source]\n|-ability|p2a: Zamazenta|Dauntless Shield|boost\n|-boost|p2a: Zamazenta|def|1\n|turn|1\n|\n|t:|1775535430\n|-terastallize|p2a: Zamazenta|Dragon\n|move|p1a: Lilligant|Sleep Powder|p2a: Zamazenta\n|-status|p2a: Zamazenta|slp|[from] move: Sleep Powder\n|move|p1b: Koraidon|Dragon Claw|p2b: Raging Bolt\n|-supereffective|p2b: Raging Bolt\n|-damage|p2b: Raging Bolt|12/100\n|cant|p2a: Zamazenta|slp\n|move|p2b: Raging Bolt|Dragon Pulse|p1a: Lilligant\n|-damage|p1a: Lilligant|3/100\n|\n|-weather|SunnyDay|[upkeep]\n|upkeep\n|turn|2\n|\n|t:|1775535453\n|move|p1a: Lilligant|Solar Blade||[still]\n|-prepare|p1a: Lilligant|Solar Blade\n|-anim|p1a: Lilligant|Solar Blade|p2b: Raging Bolt\n|-resisted|p2b: Raging Bolt\n|-damage|p2b: Raging Bolt|0 fnt\n|faint|p2b: Raging Bolt\n|-end|p2b: Raging Bolt|Protosynthesis|[silent]\n|move|p1b: Koraidon|Dragon Claw|p2a: Zamazenta\n|-supereffective|p2a: Zamazenta\n|-damage|p2a: Zamazenta|54/100 slp\n|-curestatus|p2a: Zamazenta|slp|[msg]\n|move|p2a: Zamazenta|Body Press|p1b: Koraidon\n|-damage|p1b: Koraidon|35/100\n|\n|-weather|SunnyDay|[upkeep]\n|upkeep\n|\n|t:|1775535466\n|switch|p2b: Dragonite|Dragonite, L50, M, shiny|100/100\n|turn|3\n|\n|t:|1775535479\n|-terastallize|p1a: Lilligant|Ghost\n|move|p2b: Dragonite|Aqua Jet|p1a: Lilligant\n|-damage|p1a: Lilligant|0 fnt\n|faint|p1a: Lilligant\n|move|p1b: Koraidon|Dragon Claw|p2b: Dragonite\n|-supereffective|p2b: Dragonite\n|-damage|p2b: Dragonite|0 fnt\n|faint|p2b: Dragonite\n|move|p2a: Zamazenta|Body Press|p1b: Koraidon\n|-damage|p1b: Koraidon|0 fnt\n|faint|p1b: Koraidon\n|\n|-weather|SunnyDay|[upkeep]\n|upkeep\n|\n|t:|1775535492\n|switch|p1b: Reshiram|Reshiram, L50|100/100\n|switch|p1a: Incineroar|Incineroar, L50, M|100/100\n|switch|p2b: Calyrex|Calyrex-Shadow, L50|100/100\n|-ability|p2b: Calyrex|As One\n|-ability|p2b: Calyrex|Unnerve\n|-ability|p1b: Reshiram|Turboblaze\n|-ability|p1a: Incineroar|Intimidate|boost\n|-unboost|p2a: Zamazenta|atk|1\n|-unboost|p2b: Calyrex|atk|1\n|turn|4\n|\n|t:|1775535505\n|move|p2b: Calyrex|Protect|p2b: Calyrex\n|-singleturn|p2b: Calyrex|Protect\n|move|p2a: Zamazenta|Protect|p2a: Zamazenta\n|-singleturn|p2a: Zamazenta|Protect\n|move|p1a: Incineroar|Fake Out|p2a: Zamazenta\n|-activate|p2a: Zamazenta|move: Protect\n|move|p1b: Reshiram|Heat Wave|p2a: Zamazenta|[spread] \n|-activate|p2a: Zamazenta|move: Protect\n|-activate|p2b: Calyrex|move: Protect\n|\n|-weather|SunnyDay|[upkeep]\n|upkeep\n|turn|5\n|\n|t:|1775535510\n|move|p2b: Calyrex|Astral Barrage|p1b: Reshiram|[spread] p1a,p1b\n|-resisted|p1a: Incineroar\n|-damage|p1a: Incineroar|79/100\n|-damage|p1b: Reshiram|60/100\n|move|p2a: Zamazenta|Body Press|p1a: Incineroar\n|-supereffective|p1a: Incineroar\n|-damage|p1a: Incineroar|0 fnt\n|faint|p1a: Incineroar\n|move|p1b: Reshiram|Heat Wave|p2b: Calyrex|[spread] p2a,p2b\n|-resisted|p2a: Zamazenta\n|-damage|p2a: Zamazenta|28/100\n|-damage|p2b: Calyrex|14/100\n|-damage|p1b: Reshiram|51/100|[from] item: Life Orb\n|\n|-weather|none\n|upkeep\n|turn|6\n|-message|Tepig_nNz_498 forfeited.\n|\n|win|VJ2511\n|raw|Tepig_nNz_498's rating: 1696 &rarr; <strong>1670</strong><br />(-26 for losing)\n|raw|VJ2511's rating: 1587 &rarr; <strong>1613</strong><br />(+26 for winning)\n|l|\u2606Tepig_nNz_498\n|player|p1|\n","uploadtime":1775535523,"views":34,"formatid":"gen9vgc2026regi","rating":1613,"private":0,"password":null}