{"id":"gen9vgc2026regi-2517168284","format":"[Gen 9] VGC 2026 Reg I","players":["dthk1216","VJ2511"],"log":"|j|\u2606dthk1216\n|j|\u2606VJ2511\n|t:|1768235500\n|gametype|doubles\n|player|p1|dthk1216|dawn|1282\n|player|p2|VJ2511|red-masters3|1371\n|gen|9\n|tier|[Gen 9] VGC 2026 Reg I\n|rated|\n|rule|Species Clause: Limit one of each Pok\u00e9mon\n|rule|Item Clause: Limit 1 of each item\n|clearpoke\n|poke|p1|Calyrex-Ice, L50|\n|poke|p1|Kyogre, L50|\n|poke|p1|Urshifu-*, L50, F|\n|poke|p1|Rillaboom, L50, F|\n|poke|p1|Grimmsnarl, L50, M|\n|poke|p1|Amoonguss, L50, M|\n|poke|p2|Calyrex-Shadow, L50|\n|poke|p2|Koraidon, L50|\n|poke|p2|Incineroar, L50, F|\n|poke|p2|Landorus, L50, M|\n|poke|p2|Brute Bonnet, L50|\n|poke|p2|Raging Bolt, L50|\n|teampreview|4\n|inactive|Battle timer is ON: inactive players will automatically lose when time's up. (requested by dthk1216)\n|\n|t:|1768235530\n|teamsize|p1|4\n|teamsize|p2|4\n|start\n|switch|p1a: Calyrex|Calyrex-Ice, L50|100/100\n|switch|p1b: Rillaboom|Rillaboom, L50, F|100/100\n|switch|p2a: Brute Bonnet|Brute Bonnet, L50|100/100\n|switch|p2b: Raging Bolt|Raging Bolt, L50|100/100\n|-ability|p1a: Calyrex|As One\n|-ability|p1a: Calyrex|Unnerve\n|-fieldstart|move: Grassy Terrain|[from] ability: Grassy Surge|[of] p1b: Rillaboom\n|turn|1\n|\n|t:|1768235545\n|-end|p2a: Brute Bonnet|Protosynthesis|[silent]\n|switch|p2a: Incineroar|Incineroar, L50, F|100/100\n|-ability|p2a: Incineroar|Intimidate|boost\n|-unboost|p1a: Calyrex|atk|1\n|-unboost|p1b: Rillaboom|atk|1\n|-terastallize|p2b: Raging Bolt|Electric\n|move|p1b: Rillaboom|Fake Out|p2a: Incineroar\n|-damage|p2a: Incineroar|94/100\n|-damage|p1b: Rillaboom|84/100|[from] item: Rocky Helmet|[of] p2a: Incineroar\n|move|p2b: Raging Bolt|Thunderbolt|p1a: Calyrex\n|-damage|p1a: Calyrex|61/100\n|move|p1a: Calyrex|Trick Room|p1a: Calyrex\n|-fieldstart|move: Trick Room|[of] p1a: Calyrex\n|\n|-heal|p1a: Calyrex|67/100|[from] Grassy Terrain\n|-heal|p1a: Calyrex|72/100|[from] item: Leftovers\n|-heal|p2a: Incineroar|99/100|[from] Grassy Terrain\n|-heal|p1b: Rillaboom|90/100|[from] Grassy Terrain\n|upkeep\n|turn|2\n|\n|t:|1768235569\n|-terastallize|p1a: Calyrex|Grass\n|move|p2a: Incineroar|Fake Out|p1a: Calyrex\n|-damage|p1a: Calyrex|66/100\n|cant|p1a: Calyrex|flinch\n|move|p2b: Raging Bolt|Thunderbolt|p1a: Calyrex\n|-resisted|p1a: Calyrex\n|-damage|p1a: Calyrex|45/100\n|move|p1b: Rillaboom|U-turn|p2b: Raging Bolt\n|-damage|p2b: Raging Bolt|88/100\n|\n|t:|1768235580\n|switch|p1b: Amoonguss|Amoonguss, L50, M|100/100|[from] U-turn\n|\n|-heal|p1a: Calyrex|51/100|[from] Grassy Terrain\n|-heal|p1a: Calyrex|57/100|[from] item: Leftovers\n|-heal|p2a: Incineroar|100/100|[from] Grassy Terrain\n|-heal|p2b: Raging Bolt|94/100|[from] Grassy Terrain\n|upkeep\n|turn|3\n|\n|t:|1768235587\n|move|p1b: Amoonguss|Spore|p2b: Raging Bolt\n|-status|p2b: Raging Bolt|slp|[from] move: Spore\n|move|p1a: Calyrex|Leech Seed|p2a: Incineroar\n|-start|p2a: Incineroar|move: Leech Seed\n|move|p2a: Incineroar|Knock Off|p1a: Calyrex\n|-damage|p1a: Calyrex|31/100\n|-enditem|p1a: Calyrex|Leftovers|[from] move: Knock Off|[of] p2a: Incineroar\n|cant|p2b: Raging Bolt|slp\n|\n|-heal|p1a: Calyrex|37/100|[from] Grassy Terrain\n|-heal|p2b: Raging Bolt|99/100 slp|[from] Grassy Terrain\n|-damage|p2a: Incineroar|88/100|[from] Leech Seed|[of] p1a: Calyrex\n|-heal|p1a: Calyrex|49/100|[silent]\n|upkeep\n|turn|4\n|\n|t:|1768235604\n|move|p1b: Amoonguss|Spore|p2a: Incineroar\n|-status|p2a: Incineroar|slp|[from] move: Spore\n|move|p1a: Calyrex|Glacial Lance|p2b: Raging Bolt|[spread] p2a,p2b\n|-resisted|p2a: Incineroar\n|-damage|p2a: Incineroar|74/100 slp\n|-damage|p2b: Raging Bolt|70/100 slp\n|cant|p2a: Incineroar|slp\n|cant|p2b: Raging Bolt|slp\n|\n|-heal|p1a: Calyrex|55/100|[from] Grassy Terrain\n|-heal|p2a: Incineroar|80/100 slp|[from] Grassy Terrain\n|-heal|p2b: Raging Bolt|76/100 slp|[from] Grassy Terrain\n|-damage|p2a: Incineroar|68/100 slp|[from] Leech Seed|[of] p1a: Calyrex\n|-heal|p1a: Calyrex|67/100|[silent]\n|upkeep\n|turn|5\n|inactive|dthk1216 has 30 seconds left.\n|\n|t:|1768235632\n|switch|p1b: Kyogre|Kyogre, L50|100/100\n|-weather|RainDance|[from] ability: Drizzle|[of] p1b: Kyogre\n|move|p1a: Calyrex|Glacial Lance|p2b: Raging Bolt|[spread] p2a,p2b\n|-resisted|p2a: Incineroar\n|-damage|p2a: Incineroar|54/100 slp\n|-damage|p2b: Raging Bolt|46/100 slp\n|cant|p2a: Incineroar|slp\n|cant|p2b: Raging Bolt|slp\n|\n|-weather|RainDance|[upkeep]\n|-heal|p1a: Calyrex|73/100|[from] Grassy Terrain\n|-heal|p2a: Incineroar|60/100 slp|[from] Grassy Terrain\n|-heal|p2b: Raging Bolt|52/100 slp|[from] Grassy Terrain\n|-damage|p2a: Incineroar|47/100 slp|[from] Leech Seed|[of] p1a: Calyrex\n|-heal|p1a: Calyrex|85/100|[silent]\n|-fieldend|move: Trick Room\n|-fieldend|move: Grassy Terrain\n|upkeep\n|turn|6\n|\n|t:|1768235656\n|switch|p1b: Amoonguss|Amoonguss, L50, M|100/100\n|-curestatus|p2b: Raging Bolt|slp|[msg]\n|move|p2b: Raging Bolt|Thunderclap||[still]\n|-fail|p2b: Raging Bolt\n|-curestatus|p2a: Incineroar|slp|[msg]\n|move|p2a: Incineroar|Parting Shot|p1a: Calyrex\n|-unboost|p1a: Calyrex|atk|1\n|-unboost|p1a: Calyrex|spa|1\n|\n|t:|1768235660\n|switch|p2a: Calyrex|Calyrex-Shadow, L50|100/100|[from] Parting Shot\n|-ability|p2a: Calyrex|As One\n|-ability|p2a: Calyrex|Unnerve\n|move|p1a: Calyrex|Trick Room|p1a: Calyrex\n|-fieldstart|move: Trick Room|[of] p1a: Calyrex\n|\n|-weather|RainDance|[upkeep]\n|upkeep\n|turn|7\n|\n|t:|1768235674\n|move|p1b: Amoonguss|Spore|p2a: Calyrex\n|-status|p2a: Calyrex|slp|[from] move: Spore\n|move|p1a: Calyrex|Glacial Lance|p2b: Raging Bolt|[spread] p2a,p2b\n|-damage|p2a: Calyrex|66/100 slp\n|-damage|p2b: Raging Bolt|31/100\n|move|p2b: Raging Bolt|Dragon Pulse|p1a: Calyrex\n|-crit|p1a: Calyrex\n|-damage|p1a: Calyrex|41/100\n|cant|p2a: Calyrex|slp\n|\n|-weather|RainDance|[upkeep]\n|upkeep\n|turn|8\n|\n|t:|1768235686\n|switch|p2a: Incineroar|Incineroar, L50, F|47/100\n|-ability|p2a: Incineroar|Intimidate|boost\n|-unboost|p1a: Calyrex|atk|1\n|-unboost|p1b: Amoonguss|atk|1\n|move|p1b: Amoonguss|Pollen Puff|p1a: Calyrex\n|-heal|p1a: Calyrex|91/100\n|move|p1a: Calyrex|Glacial Lance|p2b: Raging Bolt|[spread] p2a,p2b\n|-resisted|p2a: Incineroar\n|-damage|p2a: Incineroar|38/100\n|-damage|p2b: Raging Bolt|15/100\n|move|p2b: Raging Bolt|Dragon Pulse|p1a: Calyrex\n|-damage|p1a: Calyrex|63/100\n|\n|-weather|RainDance|[upkeep]\n|upkeep\n|turn|9\n|\n|t:|1768235700\n|switch|p1a: Kyogre|Kyogre, L50|100/100\n|move|p2a: Incineroar|Fake Out|p1a: Kyogre\n|-damage|p1a: Kyogre|91/100\n|move|p1b: Amoonguss|Spore|p2b: Raging Bolt\n|-status|p2b: Raging Bolt|slp|[from] move: Spore\n|cant|p2b: Raging Bolt|slp\n|\n|-weather|none\n|upkeep\n|turn|10\n|\n|t:|1768235713\n|switch|p1a: Calyrex|Calyrex-Ice, L50, tera:Grass|63/100\n|-ability|p1a: Calyrex|As One\n|-ability|p1a: Calyrex|Unnerve\n|move|p1b: Amoonguss|Spore|p2a: Incineroar\n|-status|p2a: Incineroar|slp|[from] move: Spore\n|cant|p2a: Incineroar|slp\n|cant|p2b: Raging Bolt|slp\n|\n|-fieldend|move: Trick Room\n|upkeep\n|turn|11\n|\n|t:|1768235723\n|-curestatus|p2b: Raging Bolt|slp|[msg]\n|move|p2b: Raging Bolt|Dragon Pulse|p1a: Calyrex\n|-damage|p1a: Calyrex|33/100\n|-curestatus|p2a: Incineroar|slp|[msg]\n|move|p2a: Incineroar|Knock Off|p1a: Calyrex\n|-damage|p1a: Calyrex|18/100\n|move|p1b: Amoonguss|Pollen Puff|p1a: Calyrex\n|-heal|p1a: Calyrex|68/100\n|move|p1a: Calyrex|Trick Room|p1a: Calyrex\n|-fieldstart|move: Trick Room|[of] p1a: Calyrex\n|\n|upkeep\n|turn|12\n|\n|t:|1768235739\n|switch|p2a: Calyrex|Calyrex-Shadow, L50|66/100 slp\n|-ability|p2a: Calyrex|As One\n|-ability|p2a: Calyrex|Unnerve\n|move|p1b: Amoonguss|Spore|p2a: Calyrex\n|-fail|p2a: Calyrex|slp\n|move|p1a: Calyrex|Glacial Lance|p2b: Raging Bolt|[spread] p2a,p2b\n|-damage|p2a: Calyrex|0 fnt\n|-damage|p2b: Raging Bolt|0 fnt\n|faint|p2a: Calyrex\n|faint|p2b: Raging Bolt\n|-end|p2b: Raging Bolt|Protosynthesis|[silent]\n|-ability|p1a: Calyrex|Chilling Neigh|boost\n|-boost|p1a: Calyrex|atk|2\n|\n|upkeep\n|\n|t:|1768235744\n|switch|p2b: Brute Bonnet|Brute Bonnet, L50|100/100\n|switch|p2a: Incineroar|Incineroar, L50, F|38/100\n|-ability|p2a: Incineroar|Intimidate|boost\n|-unboost|p1a: Calyrex|atk|1\n|-unboost|p1b: Amoonguss|atk|1\n|turn|13\n|\n|t:|1768235754\n|move|p2a: Incineroar|Fake Out|p1b: Amoonguss\n|-damage|p1b: Amoonguss|93/100\n|-damage|p2a: Incineroar|22/100|[from] item: Rocky Helmet|[of] p1b: Amoonguss\n|cant|p1b: Amoonguss|flinch\n|move|p1a: Calyrex|Glacial Lance|p2b: Brute Bonnet|[spread] p2a,p2b\n|-resisted|p2a: Incineroar\n|-supereffective|p2b: Brute Bonnet\n|-damage|p2a: Incineroar|0 fnt\n|-damage|p2b: Brute Bonnet|6/100\n|faint|p2a: Incineroar\n|-ability|p1a: Calyrex|Chilling Neigh|boost\n|-boost|p1a: Calyrex|atk|1\n|move|p2b: Brute Bonnet|Spore|p1a: Calyrex\n|-immune|p1a: Calyrex\n|\n|upkeep\n|turn|14\n|-message|VJ2511 forfeited.\n|\n|win|dthk1216\n|raw|dthk1216's rating: 1282 &rarr; <strong>1313</strong><br />(+31 for winning)\n|raw|VJ2511's rating: 1371 &rarr; <strong>1346</strong><br />(-25 for losing)\n|l|\u2606VJ2511\n|player|p2|\n|l|\u2606dthk1216\n|player|p1|\n","uploadtime":1768235979,"views":16,"formatid":"gen9vgc2026regi","rating":1313,"private":0,"password":null}