{"id":"gen9vgc2026regi-2548250460","format":"[Gen 9] VGC 2026 Reg I","players":["ky123456","mtbsj"],"log":"|j|\u2606ky123456\n|j|\u2606mtbsj\n|t:|1772194047\n|gametype|doubles\n|player|p1|ky123456|cynthia-gen4|1539\n|player|p2|mtbsj|blue|1406\n|gen|9\n|tier|[Gen 9] VGC 2026 Reg I\n|rated|\n|rule|Species Clause: Limit one of each Pok\u00e9mon\n|rule|Item Clause: Limit 1 of each item\n|clearpoke\n|poke|p1|Lunala, L50|\n|poke|p1|Miraidon, L50|\n|poke|p1|Whimsicott, L50, M|\n|poke|p1|Ursaluna, L50, M|\n|poke|p1|Urshifu-*, L50, M|\n|poke|p1|Incineroar, L50, M|\n|poke|p2|Hitmontop, L50, M|\n|poke|p2|Terapagos, L50, M|\n|poke|p2|Calyrex-Shadow, L50|\n|poke|p2|Ogerpon-Cornerstone, L50, F|\n|poke|p2|Urshifu-*, L50, F|\n|poke|p2|Whimsicott, L50, M|\n|teampreview|4\n|inactive|Battle timer is ON: inactive players will automatically lose when time's up. (requested by mtbsj)\n|\n|t:|1772194069\n|teamsize|p1|4\n|teamsize|p2|4\n|start\n|switch|p1a: Miraidon|Miraidon, L50|100/100\n|switch|p1b: Whimsicott|Whimsicott, L50, M, shiny|100/100\n|switch|p2a: Hitmontop|Hitmontop, L50, M|100/100\n|switch|p2b: Terapagos|Terapagos, L50, M|100/100\n|-activate|p2b: Terapagos|ability: Tera Shift\n|detailschange|p2b: Terapagos|Terapagos-Terastal, L50, M\n|-heal|p2b: Terapagos|100/100|[silent]\n|-fieldstart|move: Electric Terrain|[from] ability: Hadron Engine|[of] p1a: Miraidon\n|-ability|p2a: Hitmontop|Intimidate|boost\n|-unboost|p1a: Miraidon|atk|1\n|-unboost|p1b: Whimsicott|atk|1\n|turn|1\n|\n|t:|1772194086\n|-terastallize|p2b: Terapagos|Stellar\n|detailschange|p2b: Terapagos|Terapagos-Stellar, L50, M, tera:Stellar\n|-heal|p2b: Terapagos|100/100|[silent]\n|-ability|p2b: Terapagos|Teraform Zero\n|-fieldend|move: Electric Terrain\n|move|p1b: Whimsicott|Light Screen|p1b: Whimsicott\n|-sidestart|p1: ky123456|move: Light Screen\n|move|p2a: Hitmontop|Vacuum Wave|p2b: Terapagos\n|-supereffective|p2b: Terapagos\n|-damage|p2b: Terapagos|95/100\n|-enditem|p2b: Terapagos|Weakness Policy\n|-boost|p2b: Terapagos|atk|2|[from] item: Weakness Policy\n|-boost|p2b: Terapagos|spa|2|[from] item: Weakness Policy\n|move|p1a: Miraidon|Electro Drift|p2a: Hitmontop\n|-damage|p2a: Hitmontop|33/100\n|-enditem|p2a: Hitmontop|Eject Button\n|\n|t:|1772194102\n|switch|p2a: Whimsicott|Whimsicott, L50, M|100/100\n|move|p2b: Terapagos|Tera Starstorm|p1b: Whimsicott|[spread] p1a,p1b\n|-damage|p1a: Miraidon|54/100\n|-damage|p1b: Whimsicott|34/100\n|\n|upkeep\n|turn|2\n|\n|t:|1772194121\n|switch|p1a: Lunala|Lunala, L50|100/100\n|move|p1b: Whimsicott|Tailwind|p1b: Whimsicott\n|-sidestart|p1: ky123456|move: Tailwind\n|move|p2a: Whimsicott|Encore|p1b: Whimsicott\n|-start|p1b: Whimsicott|Encore\n|move|p2b: Terapagos|Tera Starstorm|p1b: Whimsicott|[spread] p1a,p1b\n|-crit|p1b: Whimsicott\n|-damage|p1a: Lunala|80/100\n|-damage|p1b: Whimsicott|0 fnt\n|faint|p1b: Whimsicott\n|\n|upkeep\n|\n|t:|1772194133\n|switch|p1b: Urshifu|Urshifu-Rapid-Strike, L50, M|100/100\n|turn|3\n|\n|t:|1772194147\n|move|p2a: Whimsicott|Tailwind|p2a: Whimsicott\n|-sidestart|p2: mtbsj|move: Tailwind\n|move|p1b: Urshifu|Close Combat|p2b: Terapagos\n|-supereffective|p2b: Terapagos\n|-damage|p2b: Terapagos|0 fnt\n|-unboost|p1b: Urshifu|def|1\n|-unboost|p1b: Urshifu|spd|1\n|faint|p2b: Terapagos\n|detailschange|p2: Terapagos|Terapagos, L50, M|[silent]\n|move|p1a: Lunala|Moongeist Beam|p2a: Whimsicott\n|-damage|p2a: Whimsicott|38/100\n|\n|upkeep\n|\n|t:|1772194159\n|switch|p2b: Calyrex|Calyrex-Shadow, L50|100/100\n|-ability|p2b: Calyrex|As One\n|-ability|p2b: Calyrex|Unnerve\n|turn|4\n|\n|t:|1772194175\n|-terastallize|p1a: Lunala|Fairy\n|move|p2b: Calyrex|Psychic|p1b: Urshifu\n|-supereffective|p1b: Urshifu\n|-damage|p1b: Urshifu|0 fnt\n|faint|p1b: Urshifu\n|-ability|p2b: Calyrex|Grim Neigh|boost\n|-boost|p2b: Calyrex|spa|1\n|move|p2a: Whimsicott|Moonblast|p1a: Lunala\n|-damage|p1a: Lunala|67/100\n|move|p1a: Lunala|Moongeist Beam|p2b: Calyrex\n|-supereffective|p2b: Calyrex\n|-enditem|p2b: Calyrex|Focus Sash\n|-damage|p2b: Calyrex|1/100\n|\n|upkeep\n|\n|t:|1772194182\n|switch|p1b: Miraidon|Miraidon, L50|54/100\n|-fieldstart|move: Electric Terrain|[from] ability: Hadron Engine|[of] p1b: Miraidon\n|-enditem|p1a: Lunala|Electric Seed\n|-boost|p1a: Lunala|def|1|[from] item: Electric Seed\n|turn|5\n|\n|t:|1772194198\n|move|p2a: Whimsicott|Protect|p2a: Whimsicott\n|-singleturn|p2a: Whimsicott|Protect\n|move|p2b: Calyrex|Protect|p2b: Calyrex\n|-singleturn|p2b: Calyrex|Protect\n|move|p1b: Miraidon|Dazzling Gleam|p2a: Whimsicott|[spread] \n|-activate|p2a: Whimsicott|move: Protect\n|-activate|p2b: Calyrex|move: Protect\n|move|p1a: Lunala|Moongeist Beam|p2b: Calyrex\n|-activate|p2b: Calyrex|move: Protect\n|\n|-sideend|p1: ky123456|move: Light Screen\n|-sideend|p1: ky123456|move: Tailwind\n|upkeep\n|turn|6\n|\n|t:|1772194217\n|move|p1a: Lunala|Wide Guard|p1a: Lunala\n|-singleturn|p1a: Lunala|Wide Guard\n|move|p2b: Calyrex|Psychic|p1a: Lunala\n|-damage|p1a: Lunala|11/100\n|move|p2a: Whimsicott|Moonblast|p1b: Miraidon\n|-supereffective|p1b: Miraidon\n|-damage|p1b: Miraidon|9/100\n|move|p1b: Miraidon|Dazzling Gleam|p2a: Whimsicott|[spread] p2a,p2b\n|-damage|p2a: Whimsicott|0 fnt\n|-damage|p2b: Calyrex|0 fnt\n|faint|p2a: Whimsicott\n|faint|p2b: Calyrex\n|\n|-sideend|p2: mtbsj|move: Tailwind\n|upkeep\n|j| dasabe\u76d6\u6b27\u5361\u4fa0\n|\n|t:|1772194233\n|switch|p2a: Hitmontop|Hitmontop, L50, M|33/100\n|-ability|p2a: Hitmontop|Intimidate|boost\n|-unboost|p1a: Lunala|atk|1\n|-unboost|p1b: Miraidon|atk|1\n|turn|7\n|\n|t:|1772194240\n|move|p2a: Hitmontop|Fake Out|p1b: Miraidon\n|-damage|p1b: Miraidon|0 fnt\n|faint|p1b: Miraidon\n|move|p1a: Lunala|Moonblast|p2a: Hitmontop\n|-supereffective|p2a: Hitmontop\n|-damage|p2a: Hitmontop|0 fnt\n|faint|p2a: Hitmontop\n|\n|win|ky123456\n|raw|ky123456's rating: 1539 &rarr; <strong>1552</strong><br />(+13 for winning)\n|raw|mtbsj's rating: 1406 &rarr; <strong>1393</strong><br />(-13 for losing)\n|l|\u2606ky123456\n|player|p1|\n|l|\u2606mtbsj\n|player|p2|\n|l| dasabe\u76d6\u6b27\u5361\u4fa0\n","uploadtime":1772194458,"views":13,"formatid":"gen9vgc2026regi","rating":1393,"private":0,"password":null}