{"id":"gen9vgc2026regi-2565721987","format":"[Gen 9] VGC 2026 Reg I","players":["Professor Hen","ScribbleScribble"],"log":"|j|\u2606Professor Hen\n|j|\u2606ScribbleScribble\n|t:|1774298357\n|gametype|doubles\n|player|p1|Professor Hen|169|1559\n|player|p2|ScribbleScribble|mina-lgpe|1680\n|gen|9\n|tier|[Gen 9] VGC 2026 Reg I\n|rated|\n|rule|Species Clause: Limit one of each Pok\u00e9mon\n|rule|Item Clause: Limit 1 of each item\n|clearpoke\n|poke|p1|Ditto, L50|\n|poke|p1|Kyogre, L50|\n|poke|p1|Iron Bundle, L50|\n|poke|p1|Grimmsnarl, L50, M|\n|poke|p1|Archaludon, L50, F|\n|poke|p1|Miraidon, L50|\n|poke|p2|Calyrex-Ice, L50|\n|poke|p2|Kyogre, L50|\n|poke|p2|Tornadus, L50, M|\n|poke|p2|Indeedee-F, L50, F|\n|poke|p2|Urshifu-*, L50, F|\n|poke|p2|Landorus, L50, M|\n|teampreview|4\n|inactive|Battle timer is ON: inactive players will automatically lose when time's up. (requested by ScribbleScribble)\nProfessor Hen has agreed to open team sheets.\n|\n|t:|1774298385\n|teamsize|p1|4\n|teamsize|p2|4\n|start\n|switch|p1a: Iron Bundle|Iron Bundle, L50|100/100\n|switch|p1b: Grimmsnarl|Grimmsnarl, L50, M|100/100\n|switch|p2a: Tornadus|Tornadus, L50, M|100/100\n|switch|p2b: Urshifu|Urshifu-Rapid-Strike, L50, F|100/100\n|turn|1\n|inactive|Professor Hen has 30 seconds left.\n|inactive|ScribbleScribble has 30 seconds left.\n|inactive|Professor Hen has 20 seconds left.\n|\n|t:|1774298425\n|move|p1b: Grimmsnarl|Fake Out|p2b: Urshifu\n|-damage|p2b: Urshifu|90/100\n|move|p1a: Iron Bundle|Encore||[still]\n|-fail|p1a: Iron Bundle\n|move|p2a: Tornadus|Bleakwind Storm|p1a: Iron Bundle|[spread] p1a\n|-miss|p2a: Tornadus|p1b: Grimmsnarl\n|-damage|p1a: Iron Bundle|23/100\n|cant|p2b: Urshifu|flinch\n|\n|upkeep\n|turn|2\n|\n|t:|1774298449\n|-end|p1a: Iron Bundle|Quark Drive|[silent]\n|switch|p1a: Ditto|Ditto, L50|100/100\n|-transform|p1a: Ditto|p2b: Urshifu|[from] ability: Imposter\n|move|p2a: Tornadus|Taunt|p1a: Ditto\n|-start|p1a: Ditto|move: Taunt\n|move|p1b: Grimmsnarl|Thunder Wave|p2b: Urshifu\n|-status|p2b: Urshifu|par\n|move|p2b: Urshifu|Surging Strikes|p1b: Grimmsnarl\n|-crit|p1b: Grimmsnarl\n|-damage|p1b: Grimmsnarl|72/100\n|-crit|p1b: Grimmsnarl\n|-damage|p1b: Grimmsnarl|45/100\n|-crit|p1b: Grimmsnarl\n|-damage|p1b: Grimmsnarl|15/100\n|-hitcount|p1b: Grimmsnarl|3\n|\n|upkeep\n|turn|3\n|inactive|Professor Hen has 30 seconds left.\n|\n|t:|1774298480\n|move|p2a: Tornadus|Tailwind|p2a: Tornadus\n|-sidestart|p2: ScribbleScribble|move: Tailwind\n|move|p1b: Grimmsnarl|Thunder Wave|p2a: Tornadus\n|-status|p2a: Tornadus|par\n|move|p1a: Ditto|Surging Strikes|p2a: Tornadus\n|-crit|p2a: Tornadus\n|-damage|p2a: Tornadus|70/100 par\n|-crit|p2a: Tornadus\n|-damage|p2a: Tornadus|40/100 par\n|-crit|p2a: Tornadus\n|-damage|p2a: Tornadus|8/100 par\n|-hitcount|p2a: Tornadus|3\n|move|p2b: Urshifu|Surging Strikes|p1b: Grimmsnarl\n|-crit|p1b: Grimmsnarl\n|-damage|p1b: Grimmsnarl|0 fnt\n|faint|p1b: Grimmsnarl\n|-hitcount|p1: Grimmsnarl|1\n|\n|upkeep\n|\n|t:|1774298496\n|switch|p1b: Iron Bundle|Iron Bundle, L50|23/100\n|turn|4\n|\n|t:|1774298511\n|move|p1b: Iron Bundle|Icy Wind|p2a: Tornadus|[spread] p2a,p2b\n|-supereffective|p2a: Tornadus\n|-resisted|p2b: Urshifu\n|-damage|p2a: Tornadus|0 fnt\n|-damage|p2b: Urshifu|75/100 par\n|-unboost|p2b: Urshifu|spe|1\n|faint|p2a: Tornadus\n|move|p1a: Ditto|Close Combat|p2b: Urshifu\n|-damage|p2b: Urshifu|6/100 par\n|-unboost|p1a: Ditto|def|1\n|-unboost|p1a: Ditto|spd|1\n|move|p2b: Urshifu|Surging Strikes|p1a: Ditto\n|-resisted|p1a: Ditto\n|-crit|p1a: Ditto\n|-damage|p1a: Ditto|73/100\n|-resisted|p1a: Ditto\n|-crit|p1a: Ditto\n|-damage|p1a: Ditto|44/100\n|-resisted|p1a: Ditto\n|-crit|p1a: Ditto\n|-damage|p1a: Ditto|15/100\n|-hitcount|p1a: Ditto|3\n|\n|-end|p1a: Ditto|move: Taunt\n|upkeep\n|\n|t:|1774298514\n|switch|p2a: Calyrex|Calyrex-Ice, L50|100/100\n|-ability|p2a: Calyrex|As One\n|-ability|p2a: Calyrex|Unnerve\n|turn|5\n|inactive|Professor Hen has 30 seconds left.\n|inactive|Professor Hen has 20 seconds left.\n|inactive|Professor Hen has 15 seconds left.\n|inactive|Professor Hen has 10 seconds left.\n|inactive|Professor Hen has 5 seconds left.\n|\n|t:|1774298566\n|move|p2a: Calyrex|Glacial Lance|p1b: Iron Bundle|[spread] p1a,p1b\n|-resisted|p1a: Ditto\n|-resisted|p1b: Iron Bundle\n|-crit|p1b: Iron Bundle\n|-damage|p1a: Ditto|0 fnt\n|-damage|p1b: Iron Bundle|1/100\n|faint|p1a: Ditto\n|-ability|p2a: Calyrex|Chilling Neigh|boost\n|-boost|p2a: Calyrex|atk|1\n|move|p1b: Iron Bundle|Icy Wind|p2a: Calyrex|[spread] p2a,p2b\n|-resisted|p2a: Calyrex\n|-resisted|p2b: Urshifu\n|-damage|p2a: Calyrex|92/100\n|-damage|p2b: Urshifu|0 fnt\n|faint|p2b: Urshifu\n|\n|upkeep\n|\n|t:|1774298577\n|switch|p2b: Landorus|Landorus, L50, M|100/100\n|switch|p1a: Miraidon|Miraidon, L50|100/100\n|-fieldstart|move: Electric Terrain|[from] ability: Hadron Engine|[of] p1a: Miraidon\n|-activate|p1b: Iron Bundle|ability: Quark Drive\n|-start|p1b: Iron Bundle|quarkdrivespe\n|turn|6\n|inactive|Professor Hen has 30 seconds left.\n|\n|t:|1774298608\n|-terastallize|p2a: Calyrex|Grass\n|-terastallize|p1a: Miraidon|Fairy\n|move|p1b: Iron Bundle|Icy Wind|p2b: Landorus|[spread] p2b\n|-miss|p1b: Iron Bundle|p2a: Calyrex\n|-supereffective|p2b: Landorus\n|-damage|p2b: Landorus|0 fnt\n|faint|p2b: Landorus\n|move|p2a: Calyrex|Glacial Lance|p1b: Iron Bundle|[spread] p1a,p1b\n|-resisted|p1b: Iron Bundle\n|-damage|p1a: Miraidon|23/100\n|-damage|p1b: Iron Bundle|0 fnt\n|faint|p1b: Iron Bundle\n|-end|p1b: Iron Bundle|Quark Drive|[silent]\n|-ability|p2a: Calyrex|Chilling Neigh|boost\n|-boost|p2a: Calyrex|atk|1\n|move|p1a: Miraidon|Electro Drift|p2a: Calyrex\n|-resisted|p2a: Calyrex\n|-damage|p2a: Calyrex|43/100\n|\n|-sideend|p2: ScribbleScribble|move: Tailwind\n|upkeep\n|turn|7\n|\n|t:|1774298621\n|move|p1a: Miraidon|Electro Drift|p2a: Calyrex\n|-resisted|p2a: Calyrex\n|-damage|p2a: Calyrex|0 fnt\n|faint|p2a: Calyrex\n|\n|win|Professor Hen\n|raw|Professor Hen's rating: 1559 &rarr; <strong>1587</strong><br />(+28 for winning)\n|raw|ScribbleScribble's rating: 1696 &rarr; <strong>1668</strong><br />(-28 for losing)\n|l|\u2606ScribbleScribble\n|player|p2|\n|l|\u2606Professor Hen\n|player|p1|\n","uploadtime":1774298806,"views":41,"formatid":"gen9vgc2026regi","rating":1587,"private":0,"password":null}