{"id":"gen9vgc2026regi-2564359200","format":"[Gen 9] VGC 2026 Reg I","players":["jyotsha","It'sJustKen VGC"],"log":"|j|\u2606jyotsha\n|j|\u2606It'sJustKen VGC\n|t:|1774136496\n|gametype|doubles\n|player|p1|jyotsha|101|1430\n|player|p2|It'sJustKen VGC|2|1479\n|gen|9\n|tier|[Gen 9] VGC 2026 Reg I\n|rated|\n|rule|Species Clause: Limit one of each Pok\u00e9mon\n|rule|Item Clause: Limit 1 of each item\n|clearpoke\n|poke|p1|Reshiram, L50|\n|poke|p1|Koraidon, L50|\n|poke|p1|Rillaboom, L50, M|\n|poke|p1|Farigiraf, L50, F|\n|poke|p1|Urshifu-*, L50, M|\n|poke|p1|Gyarados, L50, F|\n|poke|p2|Iron Hands, L50|\n|poke|p2|Incineroar, L50, M|\n|poke|p2|Calyrex-Shadow, L50|\n|poke|p2|Whimsicott, L50, M|\n|poke|p2|Farigiraf, L50, F|\n|poke|p2|Miraidon, L50|\n|teampreview|4\n|inactive|Battle timer is ON: inactive players will automatically lose when time's up. (requested by It'sJustKen VGC)\n|\n|t:|1774136523\n|teamsize|p1|4\n|teamsize|p2|4\n|start\n|switch|p1a: Reshiram|Reshiram, L50|100/100\n|switch|p1b: Koraidon|Koraidon, L50|100/100\n|switch|p2a: Calyrex|Calyrex-Shadow, L50|100/100\n|switch|p2b: Incineroar|Incineroar, L50, M|100/100\n|-ability|p2a: Calyrex|As One\n|-ability|p2a: Calyrex|Unnerve\n|-weather|SunnyDay|[from] ability: Orichalcum Pulse|[of] p1b: Koraidon\n|-activate|p1b: Koraidon|Orichalcum Pulse|[source]\n|-ability|p1a: Reshiram|Turboblaze\n|-ability|p2b: Incineroar|Intimidate|boost\n|-unboost|p1a: Reshiram|atk|1\n|-unboost|p1b: Koraidon|atk|1\n|turn|1\n|inactive|jyotsha has 30 seconds left.\n|\n|t:|1774136552\n|switch|p1b: Farigiraf|Farigiraf, L50, F|100/100\n|-terastallize|p2a: Calyrex|Ghost\n|-terastallize|p1a: Reshiram|Fire\n|move|p2b: Incineroar|Fake Out||[still]\n|cant|p1b: Farigiraf|ability: Armor Tail|Fake Out|[of] p2b: Incineroar\n|move|p2a: Calyrex|Astral Barrage|p1b: Farigiraf|[spread] p1a\n|-immune|p1b: Farigiraf\n|-damage|p1a: Reshiram|67/100\n|move|p1a: Reshiram|Heat Wave|p2b: Incineroar|[spread] p2a,p2b\n|-resisted|p2b: Incineroar\n|-damage|p2a: Calyrex|14/100\n|-damage|p2b: Incineroar|57/100\n|\n|-weather|SunnyDay|[upkeep]\n|upkeep\n|turn|2\n|inactive|jyotsha has 30 seconds left.\n|inactive|jyotsha has 20 seconds left.\n|inactive|jyotsha has 15 seconds left.\n|\n|t:|1774136592\n|switch|p2a: Miraidon|Miraidon, L50, shiny|100/100\n|-fieldstart|move: Electric Terrain|[from] ability: Hadron Engine|[of] p2a: Miraidon\n|move|p1a: Reshiram|Blue Flare|p2b: Incineroar\n|-resisted|p2b: Incineroar\n|-damage|p2b: Incineroar|0 fnt\n|faint|p2b: Incineroar\n|move|p1b: Farigiraf|Foul Play|p2a: Miraidon\n|-damage|p2a: Miraidon|85/100\n|\n|-weather|SunnyDay|[upkeep]\n|upkeep\n|\n|t:|1774136615\n|switch|p2b: Farigiraf|Farigiraf, L50, F|100/100\n|-enditem|p2b: Farigiraf|Electric Seed\n|-boost|p2b: Farigiraf|def|1|[from] item: Electric Seed\n|turn|3\n|inactive|jyotsha has 30 seconds left.\n|inactive|jyotsha has 20 seconds left.\n|inactive|jyotsha has 15 seconds left.\n|\n|t:|1774136660\n|move|p2b: Farigiraf|Helping Hand|p2a: Miraidon\n|-singleturn|p2a: Miraidon|Helping Hand|[of] p2b: Farigiraf\n|move|p2a: Miraidon|Electro Drift|p1a: Reshiram\n|-damage|p1a: Reshiram|0 fnt\n|faint|p1a: Reshiram\n|move|p1b: Farigiraf|Calm Mind|p1b: Farigiraf\n|-boost|p1b: Farigiraf|spa|1\n|-boost|p1b: Farigiraf|spd|1\n|\n|-weather|SunnyDay|[upkeep]\n|upkeep\n|\n|t:|1774136681\n|switch|p1a: Urshifu|Urshifu, L50, M|100/100\n|turn|4\n|\n|t:|1774136697\n|move|p1a: Urshifu|Wicked Blow|p2a: Miraidon\n|-crit|p2a: Miraidon\n|-damage|p2a: Miraidon|30/100\n|move|p2a: Miraidon|Electro Drift|p1a: Urshifu\n|-damage|p1a: Urshifu|0 fnt\n|faint|p1a: Urshifu\n|move|p2b: Farigiraf|Psychic|p1b: Farigiraf\n|-resisted|p1b: Farigiraf\n|-damage|p1b: Farigiraf|89/100\n|move|p1b: Farigiraf|Hyper Voice|p2a: Miraidon|[spread] p2a,p2b\n|-damage|p2a: Miraidon|0 fnt\n|-damage|p2b: Farigiraf|63/100\n|faint|p2a: Miraidon\n|\n|-weather|SunnyDay|[upkeep]\n|upkeep\n|\n|t:|1774136710\n|switch|p1a: Koraidon|Koraidon, L50|100/100\n|switch|p2a: Calyrex|Calyrex-Shadow, L50, tera:Ghost|14/100\n|-ability|p2a: Calyrex|As One\n|-ability|p2a: Calyrex|Unnerve\n|-activate|p1a: Koraidon|ability: Orichalcum Pulse\n|turn|5\n|\n|t:|1774136728\n|move|p1a: Koraidon|Protect|p1a: Koraidon\n|-singleturn|p1a: Koraidon|Protect\n|move|p2a: Calyrex|Psychic|p1a: Koraidon\n|-activate|p1a: Koraidon|move: Protect\n|move|p2b: Farigiraf|Psychic|p1b: Farigiraf\n|-resisted|p1b: Farigiraf\n|-damage|p1b: Farigiraf|77/100\n|move|p1b: Farigiraf|Foul Play|p2a: Calyrex\n|-supereffective|p2a: Calyrex\n|-damage|p2a: Calyrex|0 fnt\n|faint|p2a: Calyrex\n|\n|-weather|none\n|upkeep\n|turn|6\n|-message|It'sJustKen VGC forfeited.\n|\n|win|jyotsha\n|raw|jyotsha's rating: 1430 &rarr; <strong>1453</strong><br />(+23 for winning)\n|raw|It&apos;sJustKen VGC's rating: 1479 &rarr; <strong>1456</strong><br />(-23 for losing)\n","uploadtime":1774136734,"views":12,"formatid":"gen9vgc2026regi","rating":1453,"private":0,"password":null}