{"id":"gen9vgc2026regi-2525213811","format":"[Gen 9] VGC 2026 Reg I","players":["marcxhenry","cpinalli1"],"log":"|j|\u2606marcxhenry\n|j|\u2606cpinalli1\n|t:|1769250369\n|gametype|doubles\n|player|p1|marcxhenry|hilbert-wonderlauncher|1428\n|player|p2|cpinalli1|elesa|1441\n|gen|9\n|tier|[Gen 9] VGC 2026 Reg I\n|rated|\n|rule|Species Clause: Limit one of each Pok\u00e9mon\n|rule|Item Clause: Limit 1 of each item\n|clearpoke\n|poke|p1|Calyrex-Shadow, L50|\n|poke|p1|Urshifu-*, L50, M|\n|poke|p1|Roaring Moon, L50|\n|poke|p1|Kyogre, L50|\n|poke|p1|Tsareena, L50, F|\n|poke|p1|Kingambit, L50, M|\n|poke|p2|Kyogre, L50|\n|poke|p2|Flutter Mane, L50|\n|poke|p2|Urshifu-*, L50, F|\n|poke|p2|Landorus, L50, M|\n|poke|p2|Smeargle, L50, F|\n|poke|p2|Calyrex-Ice, L50|\n|teampreview|4\n|\n|t:|1769250378\n|teamsize|p1|4\n|teamsize|p2|4\n|start\n|switch|p1a: Rhein\u00fcbung|Urshifu-Rapid-Strike, L50, M|100/100\n|switch|p1b: Eva|Tsareena, L50, F, shiny|100/100\n|switch|p2a: Smeargle|Smeargle, L50, F|100/100\n|switch|p2b: Calyrex|Calyrex-Ice, L50|100/100\n|-ability|p2b: Calyrex|As One\n|-ability|p2b: Calyrex|Unnerve\n|turn|1\n|\n|t:|1769250398\n|-terastallize|p1b: Eva|Water\n|-terastallize|p2b: Calyrex|Grass\n|move|p2a: Smeargle|Follow Me|p2a: Smeargle\n|-singleturn|p2a: Smeargle|move: Follow Me\n|move|p1a: Rhein\u00fcbung|Surging Strikes|p2a: Smeargle\n|-crit|p2a: Smeargle\n|-damage|p2a: Smeargle|40/100\n|-crit|p2a: Smeargle\n|-damage|p2a: Smeargle|0 fnt\n|faint|p2a: Smeargle\n|-hitcount|p2: Smeargle|2\n|move|p1b: Eva|Taunt|p2b: Calyrex\n|-start|p2b: Calyrex|move: Taunt\n|cant|p2b: Calyrex|move: Taunt|Trick Room\n|\n|upkeep\n|\n|t:|1769250412\n|switch|p2a: Landorus|Landorus, L50, M|100/100\n|turn|2\n|\n|t:|1769250423\n|switch|p2a: alex|Kyogre, L50|100/100\n|-weather|RainDance|[from] ability: Drizzle|[of] p2a: alex\n|move|p1a: Rhein\u00fcbung|Surging Strikes|p2a: alex\n|-resisted|p2a: alex\n|-crit|p2a: alex\n|-damage|p2a: alex|86/100\n|-resisted|p2a: alex\n|-crit|p2a: alex\n|-damage|p2a: alex|72/100\n|-resisted|p2a: alex\n|-crit|p2a: alex\n|-damage|p2a: alex|56/100\n|-hitcount|p2a: alex|3\n|move|p1b: Eva|Triple Axel|p2b: Calyrex|[miss]\n|-miss|p1b: Eva|p2b: Calyrex\n|move|p2b: Calyrex|Seed Bomb|p1b: Eva\n|-supereffective|p1b: Eva\n|-damage|p1b: Eva|0 fnt\n|faint|p1b: Eva\n|-ability|p2b: Calyrex|Chilling Neigh|boost\n|-boost|p2b: Calyrex|atk|1\n|\n|-weather|RainDance|[upkeep]\n|upkeep\n|\n|t:|1769250442\n|switch|p1b: Tripitz|Kyogre, L50, shiny|100/100\n|turn|3\n|\n|t:|1769250462\n|move|p1a: Rhein\u00fcbung|Surging Strikes|p2b: Calyrex\n|-resisted|p2b: Calyrex\n|-crit|p2b: Calyrex\n|-damage|p2b: Calyrex|91/100\n|-resisted|p2b: Calyrex\n|-crit|p2b: Calyrex\n|-damage|p2b: Calyrex|82/100\n|-resisted|p2b: Calyrex\n|-crit|p2b: Calyrex\n|-damage|p2b: Calyrex|71/100\n|-hitcount|p2b: Calyrex|3\n|move|p1b: Tripitz|Water Spout|p2a: alex|[spread] p2a,p2b\n|-resisted|p2a: alex\n|-resisted|p2b: Calyrex\n|-damage|p2a: alex|12/100\n|-damage|p2b: Calyrex|27/100\n|move|p2b: Calyrex|Seed Bomb|p1a: Rhein\u00fcbung\n|-supereffective|p1a: Rhein\u00fcbung\n|-damage|p1a: Rhein\u00fcbung|0 fnt\n|faint|p1a: Rhein\u00fcbung\n|-ability|p2b: Calyrex|Chilling Neigh|boost\n|-boost|p2b: Calyrex|atk|1\n|move|p2a: alex|Origin Pulse|p1b: Tripitz\n|-resisted|p1b: Tripitz\n|-damage|p1b: Tripitz|61/100\n|\n|-weather|RainDance|[upkeep]\n|-end|p2b: Calyrex|move: Taunt\n|upkeep\n|\n|t:|1769250482\n|switch|p1a: Ludwig|Calyrex-Shadow, L50|100/100\n|-ability|p1a: Ludwig|As One\n|-ability|p1a: Ludwig|Unnerve\n|turn|4\n|\n|t:|1769250492\n|move|p1a: Ludwig|Astral Barrage|p2a: alex|[spread] p2a,p2b\n|-damage|p2a: alex|0 fnt\n|-damage|p2b: Calyrex|0 fnt\n|faint|p2a: alex\n|faint|p2b: Calyrex\n|-ability|p1a: Ludwig|Grim Neigh|boost\n|-boost|p1a: Ludwig|spa|2\n|move|p1b: Tripitz|Origin Pulse|p2: alex|[notarget]\n|-fail|p1b: Tripitz\n|\n|-weather|RainDance|[upkeep]\n|upkeep\n|\n|t:|1769250498\n|switch|p2a: Landorus|Landorus, L50, M|100/100\n|turn|5\n|\n|t:|1769250505\n|move|p1b: Tripitz|Protect|p1b: Tripitz\n|-singleturn|p1b: Tripitz|Protect\n|move|p1a: Ludwig|Astral Barrage|p2a: Landorus\n|-damage|p2a: Landorus|0 fnt\n|faint|p2a: Landorus\n|\n|win|marcxhenry\n|raw|marcxhenry's rating: 1428 &rarr; <strong>1449</strong><br />(+21 for winning)\n|raw|cpinalli1's rating: 1441 &rarr; <strong>1420</strong><br />(-21 for losing)\n|l|\u2606cpinalli1\n|player|p2|\n|l|\u2606marcxhenry\n|player|p1|\n","uploadtime":1769250742,"views":14,"formatid":"gen9vgc2026regi","rating":1420,"private":0,"password":null}