{"id":"gen9vgc2026regi-2562721481","format":"[Gen 9] VGC 2026 Reg I","players":["Jonen","STNKYJ"],"log":"|j|\u2606Jonen\n|j|\u2606STNKYJ\n|t:|1773944107\n|gametype|doubles\n|player|p1|Jonen|medium|1252\n|player|p2|STNKYJ|pokekid|1192\n|gen|9\n|tier|[Gen 9] VGC 2026 Reg I\n|rated|\n|rule|Species Clause: Limit one of each Pok\u00e9mon\n|rule|Item Clause: Limit 1 of each item\n|clearpoke\n|poke|p1|Groudon, L50|\n|poke|p1|Lunala, L50|\n|poke|p1|Sableye, L50, F|\n|poke|p1|Chi-Yu, L50|\n|poke|p1|Rillaboom, L50, M|\n|poke|p1|Jumpluff, L50, M|\n|poke|p2|Whimsicott, L50, F|\n|poke|p2|Chi-Yu, L50|\n|poke|p2|Flutter Mane, L50|\n|poke|p2|Calyrex-Shadow, L50|\n|poke|p2|Koraidon, L50|\n|poke|p2|Indeedee-F, L50, F|\n|teampreview|4\n|\n|t:|1773944176\n|teamsize|p1|4\n|teamsize|p2|4\n|start\n|switch|p1a: Jumpluff|Jumpluff, L50, M|100/100\n|switch|p1b: Groudon|Groudon, L50|100/100\n|switch|p2a: Tate McRae|Indeedee-F, L50, F|100/100\n|switch|p2b: Kevin Gates|Koraidon, L50|100/100\n|-weather|SunnyDay|[from] ability: Orichalcum Pulse|[of] p2b: Kevin Gates\n|-activate|p2b: Kevin Gates|Orichalcum Pulse|[source]\n|-fieldstart|move: Psychic Terrain|[from] ability: Psychic Surge|[of] p2a: Tate McRae\n|turn|1\n|\n|t:|1773944208\n|-terastallize|p1b: Groudon|Fire\n|move|p2a: Tate McRae|Follow Me|p2a: Tate McRae\n|-singleturn|p2a: Tate McRae|move: Follow Me\n|move|p1a: Jumpluff|Tailwind|p1a: Jumpluff\n|-sidestart|p1: Jonen|move: Tailwind\n|move|p1b: Groudon|Precipice Blades|p2b: Kevin Gates|[spread] p2b\n|-miss|p1b: Groudon|p2a: Tate McRae\n|-damage|p2b: Kevin Gates|27/100\n|-damage|p1b: Groudon|91/100|[from] item: Life Orb\n|move|p2b: Kevin Gates|Flame Charge|p1a: Jumpluff\n|-supereffective|p1a: Jumpluff\n|-damage|p1a: Jumpluff|0 fnt\n|-boost|p2b: Kevin Gates|spe|1\n|faint|p1a: Jumpluff\n|-damage|p2b: Kevin Gates|17/100|[from] item: Life Orb\n|\n|-weather|SunnyDay|[upkeep]\n|upkeep\n|\n|t:|1773944221\n|switch|p1a: Chi-Yu|Chi-Yu, L50|100/100\n|-ability|p1a: Chi-Yu|Beads of Ruin\n|turn|2\n|\n|t:|1773944249\n|-terastallize|p2a: Tate McRae|Ground\n|move|p2b: Kevin Gates|Protect|p2b: Kevin Gates\n|-singleturn|p2b: Kevin Gates|Protect\n|move|p1a: Chi-Yu|Heat Wave|p2a: Tate McRae|[spread] p2a\n|-activate|p2b: Kevin Gates|move: Protect\n|-damage|p2a: Tate McRae|27/100\n|move|p1b: Groudon|Heat Crash|p2a: Tate McRae\n|-damage|p2a: Tate McRae|0 fnt\n|-damage|p1b: Groudon|74/100|[from] item: Rocky Helmet|[of] p2a: Tate McRae\n|faint|p2a: Tate McRae\n|-damage|p1b: Groudon|64/100|[from] item: Life Orb\n|\n|-weather|SunnyDay|[upkeep]\n|upkeep\n|\n|t:|1773944268\n|switch|p2a: Gucci Mane|Flutter Mane, L50|100/100\n|-activate|p2a: Gucci Mane|ability: Protosynthesis\n|-start|p2a: Gucci Mane|protosynthesisspe\n|turn|3\n|\n|t:|1773944284\n|move|p1a: Chi-Yu|Heat Wave|p2b: Kevin Gates|[spread] p2a,p2b\n|-resisted|p2b: Kevin Gates\n|-damage|p2a: Gucci Mane|6/100\n|-damage|p2b: Kevin Gates|0 fnt\n|faint|p2b: Kevin Gates\n|move|p2a: Gucci Mane|Shadow Ball|p1b: Groudon\n|-damage|p1b: Groudon|0 fnt\n|faint|p1b: Groudon\n|\n|-weather|SunnyDay|[upkeep]\n|upkeep\n|inactive|Battle timer is ON: inactive players will automatically lose when time's up. (requested by STNKYJ)\n|\n|t:|1773944322\n|switch|p2b: Charlie XCX|Calyrex-Shadow, L50|100/100\n|switch|p1b: Lunala|Lunala, L50|100/100\n|-ability|p2b: Charlie XCX|As One\n|-ability|p2b: Charlie XCX|Unnerve\n|turn|4\n|inactive|STNKYJ has 30 seconds left.\n|inactive|STNKYJ has 20 seconds left.\n|inactive|STNKYJ has 15 seconds left.\n|\n|t:|1773944363\n|move|p2b: Charlie XCX|Protect|p2b: Charlie XCX\n|-singleturn|p2b: Charlie XCX|Protect\n|move|p1a: Chi-Yu|Heat Wave|p2b: Charlie XCX|[spread] \n|-activate|p2b: Charlie XCX|move: Protect\n|-miss|p1a: Chi-Yu|p2a: Gucci Mane\n|move|p1b: Lunala|Moongeist Beam|p2b: Charlie XCX\n|-activate|p2b: Charlie XCX|move: Protect\n|move|p2a: Gucci Mane|Shadow Ball|p1a: Chi-Yu\n|-resisted|p1a: Chi-Yu\n|-damage|p1a: Chi-Yu|66/100\n|\n|-weather|SunnyDay|[upkeep]\n|-sideend|p1: Jonen|move: Tailwind\n|upkeep\n|turn|5\n|inactive|STNKYJ has 30 seconds left.\n|\n|t:|1773944395\n|move|p1b: Lunala|Protect|p1b: Lunala\n|-singleturn|p1b: Lunala|Protect\n|move|p2a: Gucci Mane|Shadow Ball|p1a: Chi-Yu\n|-resisted|p1a: Chi-Yu\n|-damage|p1a: Chi-Yu|29/100\n|move|p1a: Chi-Yu|Heat Wave|p2a: Gucci Mane|[spread] p2a\n|-miss|p1a: Chi-Yu|p2b: Charlie XCX\n|-damage|p2a: Gucci Mane|0 fnt\n|faint|p2a: Gucci Mane\n|-end|p2a: Gucci Mane|Protosynthesis|[silent]\n|move|p2b: Charlie XCX|Astral Barrage|p1b: Lunala|[spread] p1a\n|-activate|p1b: Lunala|move: Protect\n|-resisted|p1a: Chi-Yu\n|-damage|p1a: Chi-Yu|0 fnt\n|faint|p1a: Chi-Yu\n|-ability|p2b: Charlie XCX|Grim Neigh|boost\n|-boost|p2b: Charlie XCX|spa|1\n|\n|-weather|none\n|-fieldend|move: Psychic Terrain\n|upkeep\n|turn|6\n|inactive|STNKYJ has 30 seconds left.\n|\n|t:|1773944421\n|move|p2b: Charlie XCX|Protect|p2b: Charlie XCX\n|-singleturn|p2b: Charlie XCX|Protect\n|move|p1b: Lunala|Moongeist Beam|p2b: Charlie XCX\n|-activate|p2b: Charlie XCX|move: Protect\n|\n|upkeep\n|turn|7\n|\n|t:|1773944435\n|move|p2b: Charlie XCX|Astral Barrage|p1b: Lunala\n|-supereffective|p1b: Lunala\n|-damage|p1b: Lunala|0 fnt\n|faint|p1b: Lunala\n|\n|win|STNKYJ\n|raw|Jonen's rating: 1252 &rarr; <strong>1223</strong><br />(-29 for losing)\n|raw|STNKYJ's rating: 1192 &rarr; <strong>1221</strong><br />(+29 for winning)\n","uploadtime":1773944436,"views":13,"formatid":"gen9vgc2026regi","rating":1221,"private":0,"password":null}