{"id":"gen9vgc2026regi-2586769008","format":"[Gen 9] VGC 2026 Reg I","players":["BenSon_A27_Zong","stoobidasian"],"log":"|j|\u2606BenSon_A27_Zong\n|j|\u2606stoobidasian\n|t:|1776458435\n|gametype|doubles\n|player|p1|BenSon_A27_Zong|bugsy|1157\n|player|p2|stoobidasian|n|1255\n|gen|9\n|tier|[Gen 9] VGC 2026 Reg I\n|rated|\n|rule|Species Clause: Limit one of each Pok\u00e9mon\n|rule|Item Clause: Limit 1 of each item\n|clearpoke\n|poke|p1|Muk-Alola, L50, F|\n|poke|p1|Dondozo, L50, M|\n|poke|p1|Grimmsnarl, L50, M|\n|poke|p1|Incineroar, L50, M|\n|poke|p1|Tatsugiri, L50, F|\n|poke|p1|Smeargle, L50, F|\n|poke|p2|Flutter Mane, L50|\n|poke|p2|Incineroar, L50, F|\n|poke|p2|Koraidon, L50|\n|poke|p2|Brute Bonnet, L50|\n|poke|p2|Raging Bolt, L50|\n|poke|p2|Ho-Oh, L50|\n|teampreview|4\n|inactive|Battle timer is ON: inactive players will automatically lose when time's up. (requested by BenSon_A27_Zong)\n|inactive|stoobidasian has 60 seconds left.\n|\n|t:|1776458489\n|teamsize|p1|4\n|teamsize|p2|4\n|start\n|switch|p1a: Dondozo|Dondozo, L50, M|100/100\n|switch|p1b: Tatsugiri|Tatsugiri, L50, F|100/100\n|switch|p2a: Incineroar|Incineroar, L50, F|100/100\n|switch|p2b: Flutter Mane|Flutter Mane, L50, shiny|100/100\n|-ability|p2a: Incineroar|Intimidate|boost\n|-fail|p1a: Dondozo|unboost|[from] item: Clear Amulet|[of] p1a: Dondozo\n|-unboost|p1b: Tatsugiri|atk|1\n|-activate|p1b: Tatsugiri|ability: Commander|[of] p1a: Dondozo\n|-boost|p1a: Dondozo|atk|2\n|-boost|p1a: Dondozo|spa|2\n|-boost|p1a: Dondozo|spe|2\n|-boost|p1a: Dondozo|def|2\n|-boost|p1a: Dondozo|spd|2\n|turn|1\n|inactive|stoobidasian has 30 seconds left.\n|\n|t:|1776458519\n|-end|p2b: Flutter Mane|Protosynthesis|[silent]\n|switch|p2b: Koraidon|Koraidon, L50, shiny|100/100\n|-weather|SunnyDay|[from] ability: Orichalcum Pulse|[of] p2b: Koraidon\n|-activate|p2b: Koraidon|Orichalcum Pulse|[source]\n|move|p2a: Incineroar|Fake Out|p1a: Dondozo\n|-damage|p1a: Dondozo|96/100\n|cant|p1a: Dondozo|flinch\n|\n|-weather|SunnyDay|[upkeep]\n|upkeep\n|turn|2\n|\n|t:|1776458535\n|switch|p2b: Flutter Mane|Flutter Mane, L50, shiny|100/100\n|-activate|p2b: Flutter Mane|ability: Protosynthesis\n|-start|p2b: Flutter Mane|protosynthesisspe\n|move|p1a: Dondozo|Order Up|p2b: Flutter Mane\n|-immune|p2b: Flutter Mane\n|move|p2a: Incineroar|Knock Off|p1a: Dondozo\n|-damage|p1a: Dondozo|83/100\n|-enditem|p1a: Dondozo|Clear Amulet|[from] move: Knock Off|[of] p2a: Incineroar\n|\n|-weather|SunnyDay|[upkeep]\n|upkeep\n|turn|3\n|\n|t:|1776458553\n|move|p2b: Flutter Mane|Protect|p2b: Flutter Mane\n|-singleturn|p2b: Flutter Mane|Protect\n|move|p1a: Dondozo|Order Up|p2a: Incineroar\n|-damage|p2a: Incineroar|56/100\n|-boost|p1a: Dondozo|atk|1\n|move|p2a: Incineroar|Parting Shot|p1a: Dondozo\n|-unboost|p1a: Dondozo|atk|1\n|-unboost|p1a: Dondozo|spa|1\n|\n|t:|1776458561\n|switch|p2a: Koraidon|Koraidon, L50, shiny|100/100|[from] Parting Shot\n|-activate|p2a: Koraidon|ability: Orichalcum Pulse\n|\n|-weather|SunnyDay|[upkeep]\n|upkeep\n|turn|4\n|\n|t:|1776458569\n|move|p2b: Flutter Mane|Moonblast|p1a: Dondozo\n|-damage|p1a: Dondozo|53/100\n|-unboost|p1a: Dondozo|spa|1\n|move|p2a: Koraidon|Close Combat|p1a: Dondozo\n|-damage|p1a: Dondozo|10/100\n|-unboost|p2a: Koraidon|def|1\n|-unboost|p2a: Koraidon|spd|1\n|-damage|p2a: Koraidon|91/100|[from] item: Life Orb\n|move|p1a: Dondozo|Earthquake|p2a: Koraidon|[spread] p2a,p2b\n|-miss|p1a: Dondozo|p1b: Tatsugiri\n|-damage|p2a: Koraidon|46/100\n|-enditem|p2b: Flutter Mane|Focus Sash\n|-damage|p2b: Flutter Mane|1/100\n|\n|-weather|SunnyDay|[upkeep]\n|upkeep\n|turn|5\n|\n|t:|1776458585\n|switch|p2a: Incineroar|Incineroar, L50, F|56/100\n|-ability|p2a: Incineroar|Intimidate|boost\n|-unboost|p1a: Dondozo|atk|1\n|-unboost|p1b: Tatsugiri|atk|1\n|move|p2b: Flutter Mane|Moonblast|p1a: Dondozo\n|-damage|p1a: Dondozo|0 fnt\n|faint|p1a: Dondozo\n|\n|-weather|none\n|-end|p2b: Flutter Mane|Protosynthesis\n|upkeep\n|\n|t:|1776458592\n|switch|p1a: Muk|Muk-Alola, L50, F|100/100\n|turn|6\n|\n|t:|1776458611\n|move|p1a: Muk|Protect|p1a: Muk\n|-singleturn|p1a: Muk|Protect\n|move|p2a: Incineroar|Fake Out|p1b: Tatsugiri\n|-damage|p1b: Tatsugiri|80/100\n|move|p2b: Flutter Mane|Taunt|p1a: Muk\n|-activate|p1a: Muk|move: Protect\n|cant|p1b: Tatsugiri|flinch\n|\n|upkeep\n|turn|7\n|inactive|stoobidasian has 30 seconds left.\n|\n|t:|1776458638\n|-end|p2b: Flutter Mane|Protosynthesis|[silent]\n|switch|p2b: Koraidon|Koraidon, L50, shiny|46/100\n|-weather|SunnyDay|[from] ability: Orichalcum Pulse|[of] p2b: Koraidon\n|-activate|p2b: Koraidon|Orichalcum Pulse|[source]\n|move|p1b: Tatsugiri|Draco Meteor|p2a: Incineroar\n|-damage|p2a: Incineroar|2/100\n|-unboost|p1b: Tatsugiri|spa|2\n|move|p2a: Incineroar|Parting Shot|p1b: Tatsugiri\n|-unboost|p1b: Tatsugiri|atk|1\n|-unboost|p1b: Tatsugiri|spa|1\n|\n|t:|1776458652\n|switch|p2a: Flutter Mane|Flutter Mane, L50, shiny|1/100|[from] Parting Shot\n|-activate|p2a: Flutter Mane|ability: Protosynthesis\n|-start|p2a: Flutter Mane|protosynthesisspe\n|move|p1a: Muk|Poison Jab|p2b: Koraidon\n|-damage|p2b: Koraidon|22/100\n|-status|p2b: Koraidon|psn\n|\n|-weather|SunnyDay|[upkeep]\n|-damage|p2b: Koraidon|10/100 psn|[from] psn\n|upkeep\n|turn|8\n|\n|t:|1776458667\n|switch|p2b: Incineroar|Incineroar, L50, F|2/100\n|-ability|p2b: Incineroar|Intimidate|boost\n|-unboost|p1a: Muk|atk|1\n|-unboost|p1b: Tatsugiri|atk|1\n|move|p1b: Tatsugiri|Protect|p1b: Tatsugiri\n|-singleturn|p1b: Tatsugiri|Protect\n|move|p1a: Muk|Protect|p1a: Muk\n|-singleturn|p1a: Muk|Protect\n|move|p2a: Flutter Mane|Moonblast|p1b: Tatsugiri\n|-activate|p1b: Tatsugiri|move: Protect\n|\n|-weather|SunnyDay|[upkeep]\n|upkeep\n|turn|9\n|\n|t:|1776458682\n|switch|p1b: Smeargle|Smeargle, L50, F|100/100\n|move|p2b: Incineroar|Fake Out|p1a: Muk\n|-damage|p1a: Muk|92/100\n|move|p2a: Flutter Mane|Moonblast|p1b: Smeargle\n|-enditem|p1b: Smeargle|Focus Sash\n|-damage|p1b: Smeargle|1/100\n|cant|p1a: Muk|flinch\n|\n|-weather|SunnyDay|[upkeep]\n|-heal|p1a: Muk|98/100|[from] item: Leftovers\n|-ability|p1b: Smeargle|Moody|boost\n|-boost|p1b: Smeargle|atk|2\n|-unboost|p1b: Smeargle|def|1\n|upkeep\n|turn|10\n|inactive|BenSon_A27_Zong has 30 seconds left.\n|inactive|stoobidasian has 30 seconds left.\n|\n|t:|1776458711\n|-terastallize|p2b: Incineroar|Ghost\n|move|p1b: Smeargle|Follow Me|p1b: Smeargle\n|-singleturn|p1b: Smeargle|move: Follow Me\n|move|p2a: Flutter Mane|Icy Wind|p1a: Muk|[spread] p1a,p1b\n|-crit|p1a: Muk\n|-damage|p1a: Muk|79/100\n|-damage|p1b: Smeargle|0 fnt\n|-unboost|p1a: Muk|spe|1\n|faint|p1b: Smeargle\n|-ability|p1a: Muk|Moody|Power of Alchemy|[from] ability: Power of Alchemy|[of] p1b: Smeargle\n|move|p2b: Incineroar|Flare Blitz|p1a: Muk\n|-damage|p1a: Muk|20/100\n|-damage|p2b: Incineroar|0 fnt|[from] Recoil\n|faint|p2b: Incineroar\n|move|p1a: Muk|Poison Jab|p2a: Flutter Mane\n|-damage|p2a: Flutter Mane|0 fnt\n|faint|p2a: Flutter Mane\n|-end|p2a: Flutter Mane|Protosynthesis|[silent]\n|\n|-weather|SunnyDay|[upkeep]\n|-heal|p1a: Muk|26/100|[from] item: Leftovers\n|-ability|p1a: Muk|Moody|boost\n|-boost|p1a: Muk|spd|2\n|-unboost|p1a: Muk|atk|1\n|upkeep\n|\n|t:|1776458728\n|switch|p2a: Raging Bolt|Raging Bolt, L50|100/100\n|switch|p1b: Tatsugiri|Tatsugiri, L50, F|80/100\n|switch|p2b: Koraidon|Koraidon, L50, shiny|10/100 psn\n|-activate|p2b: Koraidon|ability: Orichalcum Pulse\n|-activate|p2a: Raging Bolt|ability: Protosynthesis\n|-start|p2a: Raging Bolt|protosynthesisspa\n|turn|11\n|\n|t:|1776458736\n|move|p1b: Tatsugiri|Protect|p1b: Tatsugiri\n|-singleturn|p1b: Tatsugiri|Protect\n|move|p1a: Muk|Protect|p1a: Muk\n|-singleturn|p1a: Muk|Protect\n|move|p2b: Koraidon|Close Combat|p1b: Tatsugiri\n|-activate|p1b: Tatsugiri|move: Protect\n|move|p2a: Raging Bolt|Thunderbolt|p1a: Muk\n|-activate|p1a: Muk|move: Protect\n|\n|-weather|none\n|-end|p2a: Raging Bolt|Protosynthesis\n|-heal|p1a: Muk|32/100|[from] item: Leftovers\n|-damage|p2b: Koraidon|0 fnt|[from] psn\n|faint|p2b: Koraidon\n|-ability|p1a: Muk|Moody|boost\n|-boost|p1a: Muk|def|2\n|-unboost|p1a: Muk|atk|1\n|upkeep\n|-enditem|p2a: Raging Bolt|Booster Energy\n|-activate|p2a: Raging Bolt|ability: Protosynthesis|[fromitem]\n|-start|p2a: Raging Bolt|protosynthesisspa\n|turn|12\n|\n|t:|1776458756\n|-terastallize|p1b: Tatsugiri|Dragon\n|move|p2a: Raging Bolt|Thunderclap|p1b: Tatsugiri\n|-resisted|p1b: Tatsugiri\n|-damage|p1b: Tatsugiri|49/100\n|move|p1b: Tatsugiri|Draco Meteor|p2a: Raging Bolt\n|-supereffective|p2a: Raging Bolt\n|-damage|p2a: Raging Bolt|0 fnt\n|-unboost|p1b: Tatsugiri|spa|2\n|faint|p2a: Raging Bolt\n|-end|p2a: Raging Bolt|Protosynthesis|[silent]\n|\n|win|BenSon_A27_Zong\n|raw|BenSon_A27_Zong's rating: 1157 &rarr; <strong>1189</strong><br />(+32 for winning)\n|raw|stoobidasian's rating: 1255 &rarr; <strong>1223</strong><br />(-32 for losing)\n|l|\u2606stoobidasian\n|player|p2|\n|l|\u2606BenSon_A27_Zong\n|player|p1|\n","uploadtime":1776458919,"views":11,"formatid":"gen9vgc2026regi","rating":1189,"private":0,"password":null}