{"id":"gen9vgc2026regi-2568251835","format":"[Gen 9] VGC 2026 Reg I","players":["Sheevp","Ninjakirby7"],"log":"|j|\u2606Sheevp\n|j|\u2606Ninjakirby7\n|t:|1774559745\n|gametype|doubles\n|player|p1|Sheevp|2|1435\n|player|p2|Ninjakirby7|102|1346\n|gen|9\n|tier|[Gen 9] VGC 2026 Reg I\n|rated|\n|rule|Species Clause: Limit one of each Pok\u00e9mon\n|rule|Item Clause: Limit 1 of each item\n|clearpoke\n|poke|p1|Incineroar, L50, F|\n|poke|p1|Rillaboom, L50, F|\n|poke|p1|Landorus, L50, M|\n|poke|p1|Smeargle, L50, F|\n|poke|p1|Koraidon, L50|\n|poke|p1|Calyrex-Ice, L50|\n|poke|p2|Calyrex-Shadow, L50|\n|poke|p2|Zamazenta-*, L50|\n|poke|p2|Urshifu-*, L50, F|\n|poke|p2|Chi-Yu, L50|\n|poke|p2|Whimsicott, L50, F|\n|poke|p2|Chien-Pao, L50|\n|teampreview|4\nNinjakirby7 has agreed to open team sheets.\n|\n|t:|1774559788\n|teamsize|p1|4\n|teamsize|p2|4\n|start\n|switch|p1a: Koraidon|Koraidon, L50|100/100\n|switch|p1b: Smeargle|Smeargle, L50, F|100/100\n|switch|p2a: Calyrex|Calyrex-Shadow, L50|100/100\n|switch|p2b: Whimsicott|Whimsicott, L50, F, shiny|100/100\n|-ability|p2a: Calyrex|As One\n|-ability|p2a: Calyrex|Unnerve\n|-weather|SunnyDay|[from] ability: Orichalcum Pulse|[of] p1a: Koraidon\n|-activate|p1a: Koraidon|Orichalcum Pulse|[source]\n|turn|1\n|\n|t:|1774559814\n|switch|p1a: Incineroar|Incineroar, L50, F|100/100\n|-ability|p1a: Incineroar|Intimidate|boost\n|-unboost|p2a: Calyrex|atk|1\n|-unboost|p2b: Whimsicott|atk|1\n|move|p2b: Whimsicott|Tailwind|p2b: Whimsicott\n|-sidestart|p2: Ninjakirby7|move: Tailwind\n|move|p2a: Calyrex|Astral Barrage|p1a: Incineroar|[spread] p1a\n|-immune|p1b: Smeargle\n|-resisted|p1a: Incineroar\n|-damage|p1a: Incineroar|72/100\n|-damage|p2a: Calyrex|91/100|[from] item: Life Orb\n|move|p1b: Smeargle|Spore|p2a: Calyrex\n|-status|p2a: Calyrex|slp|[from] move: Spore\n|\n|-weather|SunnyDay|[upkeep]\n|-ability|p1b: Smeargle|Moody|boost\n|-boost|p1b: Smeargle|def|2\n|-unboost|p1b: Smeargle|spe|1\n|upkeep\n|turn|2\n|\n|t:|1774559842\n|switch|p2b: Zamazenta|Zamazenta-Crowned, L50|100/100\n|-ability|p2b: Zamazenta|Dauntless Shield|boost\n|-boost|p2b: Zamazenta|def|1\n|cant|p2a: Calyrex|slp\n|move|p1b: Smeargle|Spore|p2a: Calyrex\n|-fail|p2a: Calyrex|slp\n|move|p1a: Incineroar|Knock Off|p2a: Calyrex\n|-supereffective|p2a: Calyrex\n|-damage|p2a: Calyrex|0 fnt\n|-enditem|p2a: Calyrex|Life Orb|[from] move: Knock Off|[of] p1a: Incineroar\n|faint|p2a: Calyrex\n|\n|-weather|SunnyDay|[upkeep]\n|-ability|p1b: Smeargle|Moody|boost\n|-boost|p1b: Smeargle|atk|2\n|-unboost|p1b: Smeargle|spa|1\n|upkeep\n|\n|t:|1774559857\n|switch|p2a: Whimsicott|Whimsicott, L50, F, shiny|100/100\n|turn|3\n|\n|t:|1774559876\n|move|p2b: Zamazenta|Body Press|p1b: Smeargle\n|-supereffective|p1b: Smeargle\n|-enditem|p1b: Smeargle|Focus Sash\n|-damage|p1b: Smeargle|1/100\n|move|p2a: Whimsicott|Moonblast|p1b: Smeargle\n|-damage|p1b: Smeargle|0 fnt\n|faint|p1b: Smeargle\n|move|p1a: Incineroar|Flare Blitz|p2a: Whimsicott\n|-supereffective|p2a: Whimsicott\n|-enditem|p2a: Whimsicott|Focus Sash\n|-damage|p2a: Whimsicott|1/100\n|-damage|p1a: Incineroar|50/100|[from] Recoil\n|\n|-weather|SunnyDay|[upkeep]\n|upkeep\n|\n|t:|1774559891\n|switch|p1b: Calyrex|Calyrex-Ice, L50|100/100\n|-ability|p1b: Calyrex|As One\n|-ability|p1b: Calyrex|Unnerve\n|turn|4\n|\n|t:|1774559908\n|switch|p1a: Koraidon|Koraidon, L50|100/100\n|-activate|p1a: Koraidon|ability: Orichalcum Pulse\n|move|p2b: Zamazenta|Body Press|p1a: Koraidon\n|-damage|p1a: Koraidon|56/100\n|move|p2a: Whimsicott|Moonblast|p1b: Calyrex\n|-damage|p1b: Calyrex|77/100\n|-unboost|p1b: Calyrex|spa|1\n|move|p1b: Calyrex|Leech Seed|p2b: Zamazenta\n|-start|p2b: Zamazenta|move: Leech Seed\n|\n|-weather|SunnyDay|[upkeep]\n|-heal|p1b: Calyrex|83/100|[from] item: Leftovers\n|-damage|p2b: Zamazenta|88/100|[from] Leech Seed|[of] p1b: Calyrex\n|-heal|p1b: Calyrex|95/100|[silent]\n|-sideend|p2: Ninjakirby7|move: Tailwind\n|upkeep\n|turn|5\n|\n|t:|1774559933\n|switch|p1a: Incineroar|Incineroar, L50, F|50/100\n|-ability|p1a: Incineroar|Intimidate|boost\n|-unboost|p2a: Whimsicott|atk|1\n|-unboost|p2b: Zamazenta|atk|1\n|-terastallize|p2b: Zamazenta|Dragon\n|move|p2a: Whimsicott|Encore|p1b: Calyrex\n|-start|p1b: Calyrex|Encore\n|move|p2b: Zamazenta|Body Press|p1a: Incineroar\n|-supereffective|p1a: Incineroar\n|-crit|p1a: Incineroar\n|-damage|p1a: Incineroar|0 fnt\n|faint|p1a: Incineroar\n|move|p1b: Calyrex|Leech Seed|p2a: Whimsicott\n|-immune|p2a: Whimsicott\n|\n|-weather|none\n|-heal|p1b: Calyrex|100/100|[from] item: Leftovers\n|-damage|p2b: Zamazenta|76/100|[from] Leech Seed|[of] p1b: Calyrex\n|upkeep\n|\n|t:|1774559956\n|switch|p1a: Koraidon|Koraidon, L50|56/100\n|-weather|SunnyDay|[from] ability: Orichalcum Pulse|[of] p1a: Koraidon\n|-activate|p1a: Koraidon|Orichalcum Pulse|[source]\n|turn|6\n|\n|t:|1774559969\n|-terastallize|p1a: Koraidon|Fire\n|move|p2a: Whimsicott|Tailwind|p2a: Whimsicott\n|-sidestart|p2: Ninjakirby7|move: Tailwind\n|move|p2b: Zamazenta|Body Press|p1a: Koraidon\n|-damage|p1a: Koraidon|10/100\n|move|p1a: Koraidon|Flame Charge|p2a: Whimsicott\n|-supereffective|p2a: Whimsicott\n|-damage|p2a: Whimsicott|0 fnt\n|-boost|p1a: Koraidon|spe|1\n|faint|p2a: Whimsicott\n|move|p1b: Calyrex|Leech Seed||[still]\n|-fail|p1b: Calyrex\n|\n|-weather|SunnyDay|[upkeep]\n|-damage|p2b: Zamazenta|64/100|[from] Leech Seed|[of] p1b: Calyrex\n|upkeep\n|\n|t:|1774559978\n|switch|p2a: Urshifu|Urshifu-Rapid-Strike, L50, F|100/100\n|turn|7\n|\n|t:|1774560003\n|move|p2b: Zamazenta|Body Press|p1b: Calyrex\n|-damage|p1b: Calyrex|70/100\n|move|p2a: Urshifu|Surging Strikes|p1a: Koraidon\n|-supereffective|p1a: Koraidon\n|-crit|p1a: Koraidon\n|-damage|p1a: Koraidon|0 fnt\n|faint|p1a: Koraidon\n|-hitcount|p1: Koraidon|1\n|move|p1b: Calyrex|Leech Seed|p2a: Urshifu\n|-start|p2a: Urshifu|move: Leech Seed\n|\n|-weather|SunnyDay|[upkeep]\n|-heal|p1b: Calyrex|75/100|[from] item: Leftovers\n|-damage|p2b: Zamazenta|52/100|[from] Leech Seed|[of] p1b: Calyrex\n|-heal|p1b: Calyrex|87/100|[silent]\n|-damage|p2a: Urshifu|88/100|[from] Leech Seed|[of] p1b: Calyrex\n|-heal|p1b: Calyrex|97/100|[silent]\n|-end|p1b: Calyrex|Encore\n|upkeep\n|turn|8\n|\n|t:|1774560031\n|move|p2b: Zamazenta|Body Press|p1b: Calyrex\n|-damage|p1b: Calyrex|64/100\n|move|p2a: Urshifu|Surging Strikes|p1b: Calyrex\n|-crit|p1b: Calyrex\n|-damage|p1b: Calyrex|56/100\n|-crit|p1b: Calyrex\n|-damage|p1b: Calyrex|49/100\n|-crit|p1b: Calyrex\n|-damage|p1b: Calyrex|41/100\n|-hitcount|p1b: Calyrex|3\n|move|p1b: Calyrex|Trick Room|p1b: Calyrex\n|-fieldstart|move: Trick Room|[of] p1b: Calyrex\n|\n|-weather|SunnyDay|[upkeep]\n|-heal|p1b: Calyrex|47/100|[from] item: Leftovers\n|-damage|p2a: Urshifu|76/100|[from] Leech Seed|[of] p1b: Calyrex\n|-heal|p1b: Calyrex|57/100|[silent]\n|-damage|p2b: Zamazenta|40/100|[from] Leech Seed|[of] p1b: Calyrex\n|-heal|p1b: Calyrex|69/100|[silent]\n|upkeep\n|turn|9\n|\n|t:|1774560048\n|move|p2b: Zamazenta|Wide Guard|p2b: Zamazenta\n|-singleturn|p2b: Zamazenta|Wide Guard\n|move|p1b: Calyrex|Glacial Lance|p2b: Zamazenta|[spread] \n|-activate|p2a: Urshifu|move: Wide Guard\n|-activate|p2b: Zamazenta|move: Wide Guard\n|move|p2a: Urshifu|Close Combat|p1b: Calyrex\n|-damage|p1b: Calyrex|29/100\n|-unboost|p2a: Urshifu|def|1\n|-unboost|p2a: Urshifu|spd|1\n|\n|-weather|SunnyDay|[upkeep]\n|-heal|p1b: Calyrex|35/100|[from] item: Leftovers\n|-damage|p2a: Urshifu|64/100|[from] Leech Seed|[of] p1b: Calyrex\n|-heal|p1b: Calyrex|45/100|[silent]\n|-damage|p2b: Zamazenta|28/100|[from] Leech Seed|[of] p1b: Calyrex\n|-heal|p1b: Calyrex|57/100|[silent]\n|-sideend|p2: Ninjakirby7|move: Tailwind\n|upkeep\n|turn|10\n|\n|t:|1774560068\n|move|p2b: Zamazenta|Wide Guard|p2b: Zamazenta\n|-singleturn|p2b: Zamazenta|Wide Guard\n|move|p1b: Calyrex|Glacial Lance|p2a: Urshifu|[spread] \n|-activate|p2a: Urshifu|move: Wide Guard\n|-activate|p2b: Zamazenta|move: Wide Guard\n|move|p2a: Urshifu|Close Combat|p1b: Calyrex\n|-damage|p1b: Calyrex|18/100\n|-unboost|p2a: Urshifu|def|1\n|-unboost|p2a: Urshifu|spd|1\n|\n|-weather|none\n|-heal|p1b: Calyrex|24/100|[from] item: Leftovers\n|-damage|p2a: Urshifu|52/100|[from] Leech Seed|[of] p1b: Calyrex\n|-heal|p1b: Calyrex|34/100|[silent]\n|-damage|p2b: Zamazenta|16/100|[from] Leech Seed|[of] p1b: Calyrex\n|-heal|p1b: Calyrex|46/100|[silent]\n|upkeep\n|turn|11\n|\n|t:|1774560084\n|move|p2b: Zamazenta|Wide Guard|p2b: Zamazenta\n|-singleturn|p2b: Zamazenta|Wide Guard\n|move|p1b: Calyrex|Glacial Lance|p2a: Urshifu|[spread] \n|-activate|p2a: Urshifu|move: Wide Guard\n|-activate|p2b: Zamazenta|move: Wide Guard\n|move|p2a: Urshifu|Close Combat|p1b: Calyrex\n|-damage|p1b: Calyrex|4/100\n|-unboost|p2a: Urshifu|def|1\n|-unboost|p2a: Urshifu|spd|1\n|\n|-heal|p1b: Calyrex|10/100|[from] item: Leftovers\n|-damage|p2a: Urshifu|40/100|[from] Leech Seed|[of] p1b: Calyrex\n|-heal|p1b: Calyrex|20/100|[silent]\n|-damage|p2b: Zamazenta|4/100|[from] Leech Seed|[of] p1b: Calyrex\n|-heal|p1b: Calyrex|31/100|[silent]\n|upkeep\n|turn|12\n|\n|t:|1774560099\n|move|p2b: Zamazenta|Wide Guard|p2b: Zamazenta\n|-singleturn|p2b: Zamazenta|Wide Guard\n|move|p1b: Calyrex|Glacial Lance|p2b: Zamazenta|[spread] \n|-activate|p2a: Urshifu|move: Wide Guard\n|-activate|p2b: Zamazenta|move: Wide Guard\n|move|p2a: Urshifu|Close Combat|p1b: Calyrex\n|-damage|p1b: Calyrex|0 fnt\n|-unboost|p2a: Urshifu|def|1\n|-unboost|p2a: Urshifu|spd|1\n|faint|p1b: Calyrex\n|\n|win|Ninjakirby7\n|raw|Sheevp's rating: 1435 &rarr; <strong>1410</strong><br />(-25 for losing)\n|raw|Ninjakirby7's rating: 1346 &rarr; <strong>1371</strong><br />(+25 for winning)\n|l|\u2606Sheevp\n|player|p1|\n","uploadtime":1774560112,"views":13,"formatid":"gen9vgc2026regi","rating":1371,"private":0,"password":null}