{"id":"gen9vgc2026regi-2542710166","format":"[Gen 9] VGC 2026 Reg I","players":["triton frostbane","fogdocker"],"log":"|j|\u2606triton frostbane\n|j|\u2606fogdocker\n|t:|1771483475\n|gametype|doubles\n|player|p1|triton frostbane|red|1315\n|player|p2|fogdocker|1|1439\n|gen|9\n|tier|[Gen 9] VGC 2026 Reg I\n|rated|\n|rule|Species Clause: Limit one of each Pok\u00e9mon\n|rule|Item Clause: Limit 1 of each item\n|clearpoke\n|poke|p1|Calyrex-Ice, L50|\n|poke|p1|Indeedee-F, L50, F|\n|poke|p1|Lunala, L50|\n|poke|p1|Torkoal, L50, M|\n|poke|p1|Smeargle, L50, F|\n|poke|p1|Urshifu-*, L50, F|\n|poke|p2|Calyrex-Ice, L50|\n|poke|p2|Koraidon, L50|\n|poke|p2|Flutter Mane, L50|\n|poke|p2|Incineroar, L50, F|\n|poke|p2|Rillaboom, L50, M|\n|poke|p2|Volcarona, L50, F|\n|teampreview|4\n|inactive|Battle timer is ON: inactive players will automatically lose when time's up. (requested by triton frostbane)\n|\n|t:|1771483538\n|teamsize|p1|4\n|teamsize|p2|4\n|start\n|switch|p1a: Smeargle|Smeargle, L50, F|100/100\n|switch|p1b: Lunala|Lunala, L50, shiny|100/100\n|switch|p2a: Calyrex|Calyrex-Ice, L50|100/100\n|switch|p2b: Incineroar|Incineroar, L50, F|100/100\n|-ability|p2a: Calyrex|As One\n|-ability|p2a: Calyrex|Unnerve\n|-ability|p2b: Incineroar|Intimidate|boost\n|-unboost|p1a: Smeargle|atk|1\n|-unboost|p1b: Lunala|atk|1\n|turn|1\n|\n|t:|1771483555\n|switch|p2b: Rillaboom|Rillaboom, L50, M|100/100\n|-fieldstart|move: Grassy Terrain|[from] ability: Grassy Surge|[of] p2b: Rillaboom\n|move|p1a: Smeargle|Fake Out|p2b: Rillaboom\n|-damage|p2b: Rillaboom|95/100\n|move|p1b: Lunala|Meteor Beam||[still]\n|-prepare|p1b: Lunala|Meteor Beam\n|-boost|p1b: Lunala|spa|1\n|-enditem|p1b: Lunala|Power Herb\n|-anim|p1b: Lunala|Meteor Beam|p2b: Rillaboom\n|-damage|p2b: Rillaboom|57/100\n|move|p2a: Calyrex|Glacial Lance|p1a: Smeargle|[spread] p1a,p1b\n|-enditem|p1a: Smeargle|Focus Sash\n|-damage|p1a: Smeargle|1/100\n|-damage|p1b: Lunala|80/100\n|\n|-heal|p1a: Smeargle|7/100|[from] Grassy Terrain\n|-heal|p1b: Lunala|87/100|[from] Grassy Terrain\n|-heal|p2b: Rillaboom|63/100|[from] Grassy Terrain\n|upkeep\n|turn|2\n|inactive|fogdocker has 30 seconds left.\n|\n|t:|1771483585\n|switch|p1a: Indeedee|Indeedee-F, L50, F|100/100\n|-fieldstart|move: Psychic Terrain|[from] ability: Psychic Surge|[of] p1a: Indeedee\n|switch|p2a: Incineroar|Incineroar, L50, F|100/100\n|-ability|p2a: Incineroar|Intimidate|boost\n|-unboost|p1a: Indeedee|atk|1\n|-unboost|p1b: Lunala|atk|1\n|move|p1b: Lunala|Expanding Force|p2b: Rillaboom|[spread] p2b\n|-immune|p2a: Incineroar\n|-damage|p2b: Rillaboom|7/100\n|move|p2b: Rillaboom|Grassy Glide|p1a: Indeedee\n|-damage|p1a: Indeedee|75/100\n|\n|upkeep\n|turn|3\n|inactive|fogdocker has 30 seconds left.\n|inactive|fogdocker has 20 seconds left.\n|\n|t:|1771483624\n|move|p1a: Indeedee|Follow Me|p1a: Indeedee\n|-singleturn|p1a: Indeedee|move: Follow Me\n|move|p1b: Lunala|Moongeist Beam|p2b: Rillaboom\n|-damage|p2b: Rillaboom|0 fnt\n|faint|p2b: Rillaboom\n|move|p2a: Incineroar|Knock Off|p1a: Indeedee\n|-supereffective|p1a: Indeedee\n|-damage|p1a: Indeedee|0 fnt\n|-enditem|p1a: Indeedee|Safety Goggles|[from] move: Knock Off|[of] p2a: Incineroar\n|faint|p1a: Indeedee\n|\n|upkeep\n|\n|t:|1771483649\n|switch|p2b: Koraidon|Koraidon, L50|100/100\n|switch|p1a: Smeargle|Smeargle, L50, F|7/100\n|-weather|SunnyDay|[from] ability: Orichalcum Pulse|[of] p2b: Koraidon\n|-activate|p2b: Koraidon|Orichalcum Pulse|[source]\n|turn|4\n|\n|t:|1771483669\n|-terastallize|p1b: Lunala|Grass\n|move|p2b: Koraidon|Protect|p2b: Koraidon\n|-singleturn|p2b: Koraidon|Protect\n|move|p1a: Smeargle|Fake Out|p2b: Koraidon\n|-activate|p2b: Koraidon|move: Psychic Terrain\n|move|p1b: Lunala|Expanding Force|p2b: Koraidon|[spread] \n|-activate|p2b: Koraidon|move: Protect\n|-immune|p2a: Incineroar\n|move|p2a: Incineroar|Knock Off|p1b: Lunala\n|-damage|p1b: Lunala|67/100\n|\n|-weather|SunnyDay|[upkeep]\n|upkeep\n|turn|5\n|\n|t:|1771483685\n|move|p1a: Smeargle|Follow Me|p1a: Smeargle\n|-singleturn|p1a: Smeargle|move: Follow Me\n|move|p2b: Koraidon|Flare Blitz|p1a: Smeargle\n|-damage|p1a: Smeargle|0 fnt\n|faint|p1a: Smeargle\n|-damage|p2b: Koraidon|98/100|[from] Recoil\n|-damage|p2b: Koraidon|88/100|[from] item: Life Orb\n|move|p1b: Lunala|Expanding Force|p2b: Koraidon|[spread] p2b\n|-immune|p2a: Incineroar\n|-supereffective|p2b: Koraidon\n|-damage|p2b: Koraidon|0 fnt\n|faint|p2b: Koraidon\n|move|p2a: Incineroar|Flare Blitz|p1b: Lunala\n|-supereffective|p1b: Lunala\n|-damage|p1b: Lunala|0 fnt\n|faint|p1b: Lunala\n|-damage|p2a: Incineroar|75/100|[from] Recoil\n|\n|-weather|SunnyDay|[upkeep]\n|upkeep\n|\n|t:|1771483707\n|switch|p2b: Calyrex|Calyrex-Ice, L50|100/100\n|switch|p1b: Torkoal|Torkoal, L50, M|100/100\n|-ability|p2b: Calyrex|As One\n|-ability|p2b: Calyrex|Unnerve\n|turn|6\n|\n|t:|1771483721\n|-terastallize|p2b: Calyrex|Water\n|move|p2a: Incineroar|Knock Off|p1b: Torkoal\n|-damage|p1b: Torkoal|75/100\n|-enditem|p1b: Torkoal|Choice Specs|[from] move: Knock Off|[of] p2a: Incineroar\n|move|p2b: Calyrex|Glacial Lance|p1b: Torkoal\n|-resisted|p1b: Torkoal\n|-damage|p1b: Torkoal|51/100\n|move|p1b: Torkoal|Heat Wave|p2a: Incineroar|[spread] p2a\n|-miss|p1b: Torkoal|p2b: Calyrex\n|-resisted|p2a: Incineroar\n|-damage|p2a: Incineroar|54/100\n|\n|-weather|SunnyDay|[upkeep]\n|-fieldend|move: Psychic Terrain\n|upkeep\n|turn|7\n|-message|triton frostbane forfeited.\n|\n|win|fogdocker\n|raw|triton frostbane's rating: 1315 &rarr; <strong>1302</strong><br />(-13 for losing)\n|raw|fogdocker's rating: 1439 &rarr; <strong>1452</strong><br />(+13 for winning)\n","uploadtime":1771483746,"views":11,"formatid":"gen9vgc2026regi","rating":1302,"private":0,"password":null}