{"id":"gen9vgc2026regi-2555930546","format":"[Gen 9] VGC 2026 Reg I","players":["501JFW","dasabe\u76d6\u6b27\u5361\u4fa0"],"log":"|j|\u2606501JFW\n|j|\u2606dasabe\u76d6\u6b27\u5361\u4fa0\n|t:|1773153024\n|gametype|doubles\n|player|p1|501JFW|102|1587\n|player|p2|dasabe\u76d6\u6b27\u5361\u4fa0|may-masters4|1581\n|gen|9\n|tier|[Gen 9] VGC 2026 Reg I\n|rated|\n|rule|Species Clause: Limit one of each Pok\u00e9mon\n|rule|Item Clause: Limit 1 of each item\n|clearpoke\n|poke|p1|Lunala, L50|\n|poke|p1|Koraidon, L50|\n|poke|p1|Jumpluff, L50, F|\n|poke|p1|Ogerpon-Cornerstone, L50, F|\n|poke|p1|Raging Bolt, L50|\n|poke|p1|Ursaluna, L50, F|\n|poke|p2|Groudon, L50|\n|poke|p2|Volcarona, L50, M|\n|poke|p2|Rillaboom, L50, M|\n|poke|p2|Incineroar, L50, M|\n|poke|p2|Miraidon, L50|\n|poke|p2|Grimmsnarl, L50, M|\n|teampreview|4\n|inactive|Battle timer is ON: inactive players will automatically lose when time's up. (requested by 501JFW)\n|j| blackred123\n|l|\u2606501JFW\n|inactive|501JFW disconnected and has a minute to reconnect!\n|player|p1|\n|inactive|dasabe\u76d6\u6b27\u5361\u4fa0 has 60 seconds left.\n|j|\u2606501JFW\n|inactive|501JFW reconnected.\n|player|p1|501JFW|102|\n|\n|t:|1773153061\n|teamsize|p1|4\n|teamsize|p2|4\n|start\n|switch|p1a: Koraidon|Koraidon, L50, shiny|100/100\n|switch|p1b: Lunala|Lunala, L50, shiny|100/100\n|switch|p2a: \u94f6\u91d1\u7535\u86c7|Miraidon, L50, shiny|100/100\n|switch|p2b: \u629b\u4e0b\u864e\u54e5\u5578\u7a74|Incineroar, L50, M|100/100\n|-weather|SunnyDay|[from] ability: Orichalcum Pulse|[of] p1a: Koraidon\n|-activate|p1a: Koraidon|Orichalcum Pulse|[source]\n|-fieldstart|move: Electric Terrain|[from] ability: Hadron Engine|[of] p2a: \u94f6\u91d1\u7535\u86c7\n|-ability|p2b: \u629b\u4e0b\u864e\u54e5\u5578\u7a74|Intimidate|boost\n|-unboost|p1a: Koraidon|atk|1\n|-unboost|p1b: Lunala|atk|1\n|turn|1\n|\n|t:|1773153078\n|switch|p2b: Grimmsnarl|Grimmsnarl, L50, M|100/100\n|move|p1a: Koraidon|Close Combat|p2a: \u94f6\u91d1\u7535\u86c7\n|-damage|p2a: \u94f6\u91d1\u7535\u86c7|48/100\n|-unboost|p1a: Koraidon|def|1\n|-unboost|p1a: Koraidon|spd|1\n|move|p2a: \u94f6\u91d1\u7535\u86c7|Draco Meteor|p1a: Koraidon\n|-supereffective|p1a: Koraidon\n|-crit|p1a: Koraidon\n|-enditem|p1a: Koraidon|Focus Sash\n|-damage|p1a: Koraidon|1/100\n|-unboost|p2a: \u94f6\u91d1\u7535\u86c7|spa|2\n|move|p1b: Lunala|Meteor Beam||[still]\n|-prepare|p1b: Lunala|Meteor Beam\n|-boost|p1b: Lunala|spa|1\n|-enditem|p1b: Lunala|Power Herb\n|-anim|p1b: Lunala|Meteor Beam|p2b: Grimmsnarl\n|-damage|p2b: Grimmsnarl|33/100\n|\n|-weather|SunnyDay|[upkeep]\n|upkeep\n|turn|2\n|inactive|501JFW has 30 seconds left.\n|\n|t:|1773153109\n|switch|p1a: Ursaluna|Ursaluna, L50, F, shiny|100/100\n|move|p2b: Grimmsnarl|Parting Shot|p1a: Ursaluna\n|-unboost|p1a: Ursaluna|atk|1\n|-unboost|p1a: Ursaluna|spa|1\n|l|\u2606501JFW\n|inactive|501JFW disconnected and has a minute to reconnect!\n|player|p1|\n|inactive|dasabe\u76d6\u6b27\u5361\u4fa0 has 30 seconds left.\n|j|\u2606501JFW\n|inactive|501JFW reconnected.\n|player|p1|501JFW|102|\n|\n|t:|1773153143\n|switch|p2b: \u629b\u4e0b\u864e\u54e5\u5578\u7a74|Incineroar, L50, M|100/100|[from] Parting Shot\n|-ability|p2b: \u629b\u4e0b\u864e\u54e5\u5578\u7a74|Intimidate|boost\n|-unboost|p1a: Ursaluna|atk|1\n|-unboost|p1b: Lunala|atk|1\n|move|p2a: \u94f6\u91d1\u7535\u86c7|Volt Switch|p1b: Lunala\n|-damage|p1b: Lunala|86/100\n|\n|t:|1773153147\n|switch|p2a: \u6c38\u96cf\u5854\u83f2|Groudon, L50|100/100|[from] Volt Switch\n|move|p1b: Lunala|Heat Wave|p2b: \u629b\u4e0b\u864e\u54e5\u5578\u7a74|[spread] p2b\n|-miss|p1b: Lunala|p2a: \u6c38\u96cf\u5854\u83f2\n|-resisted|p2b: \u629b\u4e0b\u864e\u54e5\u5578\u7a74\n|-damage|p2b: \u629b\u4e0b\u864e\u54e5\u5578\u7a74|74/100\n|\n|-weather|SunnyDay|[upkeep]\n|-status|p1a: Ursaluna|brn|[from] item: Flame Orb\n|upkeep\n|turn|3\n|inactive|501JFW has 30 seconds left.\n|\n|t:|1773153177\n|-terastallize|p2a: \u6c38\u96cf\u5854\u83f2|Fire\n|move|p2a: \u6c38\u96cf\u5854\u83f2|Heat Crash|p1b: Lunala\n|-damage|p1b: Lunala|0 fnt\n|faint|p1b: Lunala\n|move|p1a: Ursaluna|Headlong Rush|p2b: \u629b\u4e0b\u864e\u54e5\u5578\u7a74\n|-supereffective|p2b: \u629b\u4e0b\u864e\u54e5\u5578\u7a74\n|-damage|p2b: \u629b\u4e0b\u864e\u54e5\u5578\u7a74|0 fnt\n|-unboost|p1a: Ursaluna|def|1\n|-unboost|p1a: Ursaluna|spd|1\n|-damage|p1a: Ursaluna|84/100 brn|[from] item: Rocky Helmet|[of] p2b: \u629b\u4e0b\u864e\u54e5\u5578\u7a74\n|faint|p2b: \u629b\u4e0b\u864e\u54e5\u5578\u7a74\n|\n|-weather|SunnyDay|[upkeep]\n|-damage|p1a: Ursaluna|78/100 brn|[from] brn\n|upkeep\n|l|\u2606501JFW\n|inactive|501JFW disconnected and has a minute to reconnect!\n|player|p1|\n|inactive|501JFW has 30 seconds left.\n|j|\u2606501JFW\n|inactive|501JFW reconnected and has 30 seconds left.\n|player|p1|501JFW|102|\n|inactive|501JFW has 20 seconds left.\n|\n|t:|1773153215\n|switch|p1b: Ogerpon|Ogerpon-Cornerstone, L50, F|100/100\n|switch|p2b: Grimmsnarl|Grimmsnarl, L50, M|33/100\n|turn|4\n|inactive|501JFW has 30 seconds left.\n|\n|t:|1773153247\n|switch|p1a: Koraidon|Koraidon, L50, shiny|1/100\n|-activate|p1a: Koraidon|ability: Orichalcum Pulse\n|move|p2a: \u6c38\u96cf\u5854\u83f2|Heat Crash|p1a: Koraidon\n|-resisted|p1a: Koraidon\n|-damage|p1a: Koraidon|0 fnt\n|faint|p1a: Koraidon\n|move|p1b: Ogerpon|Ivy Cudgel|p2b: Grimmsnarl|[anim] Ivy Cudgel Rock\n|-damage|p2b: Grimmsnarl|0 fnt\n|faint|p2b: Grimmsnarl\n|\n|-weather|SunnyDay|[upkeep]\n|upkeep\n|\n|t:|1773153254\n|switch|p1a: Ursaluna|Ursaluna, L50, F, shiny|78/100 brn\n|switch|p2b: \u94f6\u91d1\u7535\u86c7|Miraidon, L50, shiny|48/100\n|-activate|p2b: \u94f6\u91d1\u7535\u86c7|ability: Hadron Engine\n|turn|5\n|\n|t:|1773153271\n|move|p1b: Ogerpon|Spiky Shield|p1b: Ogerpon\n|-singleturn|p1b: Ogerpon|move: Protect\n|move|p1a: Ursaluna|Protect|p1a: Ursaluna\n|-singleturn|p1a: Ursaluna|Protect\n|move|p2a: \u6c38\u96cf\u5854\u83f2|Heat Crash|p1a: Ursaluna\n|-activate|p1a: Ursaluna|move: Protect\n|move|p2b: \u94f6\u91d1\u7535\u86c7|Draco Meteor|p1a: Ursaluna\n|-activate|p1a: Ursaluna|move: Protect\n|\n|-weather|none\n|-damage|p1a: Ursaluna|72/100 brn|[from] brn\n|-fieldend|move: Electric Terrain\n|upkeep\n|turn|6\n|inactive|501JFW has 30 seconds left.\n|inactive|501JFW has 20 seconds left.\n|\n|t:|1773153308\n|move|p1b: Ogerpon|Follow Me|p1b: Ogerpon\n|-singleturn|p1b: Ogerpon|move: Follow Me\n|move|p2a: \u6c38\u96cf\u5854\u83f2|Heat Crash|p1b: Ogerpon\n|-damage|p1b: Ogerpon|33/100\n|move|p2b: \u94f6\u91d1\u7535\u86c7|Draco Meteor|p1b: Ogerpon\n|-damage|p1b: Ogerpon|0 fnt\n|-unboost|p2b: \u94f6\u91d1\u7535\u86c7|spa|2\n|faint|p1b: Ogerpon\n|move|p1a: Ursaluna|Earthquake|p2b: \u94f6\u91d1\u7535\u86c7|[spread] p2a,p2b\n|-supereffective|p2a: \u6c38\u96cf\u5854\u83f2\n|-supereffective|p2b: \u94f6\u91d1\u7535\u86c7\n|-damage|p2a: \u6c38\u96cf\u5854\u83f2|5/100\n|-damage|p2b: \u94f6\u91d1\u7535\u86c7|0 fnt\n|faint|p2b: \u94f6\u91d1\u7535\u86c7\n|\n|-damage|p1a: Ursaluna|67/100 brn|[from] brn\n|upkeep\n|turn|7\n|\n|t:|1773153323\n|move|p2a: \u6c38\u96cf\u5854\u83f2|Heat Crash|p1a: Ursaluna\n|-damage|p1a: Ursaluna|30/100 brn\n|move|p1a: Ursaluna|Earthquake|p2a: \u6c38\u96cf\u5854\u83f2\n|-supereffective|p2a: \u6c38\u96cf\u5854\u83f2\n|-damage|p2a: \u6c38\u96cf\u5854\u83f2|0 fnt\n|faint|p2a: \u6c38\u96cf\u5854\u83f2\n|\n|win|501JFW\n|raw|501JFW's rating: 1587 &rarr; <strong>1607</strong><br />(+20 for winning)\n|raw|dasabe\u76d6\u6b27\u5361\u4fa0's rating: 1581 &rarr; <strong>1561</strong><br />(-20 for losing)\n|l|\u2606dasabe\u76d6\u6b27\u5361\u4fa0\n|player|p2|\n|l|\u2606501JFW\n|player|p1|\n","uploadtime":1773153549,"views":27,"formatid":"gen9vgc2026regi","rating":1561,"private":0,"password":null}