{"id":"gen9vgc2026regi-2591012255","format":"[Gen 9] VGC 2026 Reg I","players":["beard387","24kpure"],"log":"|j|\u2606beard387\n|j|\u260624kpure\n|t:|1776868416\n|gametype|doubles\n|player|p1|beard387|2|1450\n|player|p2|24kpure|170|1653\n|gen|9\n|tier|[Gen 9] VGC 2026 Reg I\n|rated|\n|rule|Species Clause: Limit one of each Pok\u00e9mon\n|rule|Item Clause: Limit 1 of each item\n|clearpoke\n|poke|p1|Garganacl, L50, M|\n|poke|p1|Calyrex-Shadow, L50|\n|poke|p1|Indeedee-F, L50, F|\n|poke|p1|Koraidon, L50|\n|poke|p1|Incineroar, L50, M|\n|poke|p1|Urshifu-*, L50, F|\n|poke|p2|Muk-Alola, L50, F|\n|poke|p2|Smeargle, L50, F|\n|poke|p2|Rillaboom, L50, F|\n|poke|p2|Flamigo, L50, F|\n|poke|p2|Koraidon, L50|\n|poke|p2|Incineroar, L50, M|\n|teampreview|4\n|inactive|Battle timer is ON: inactive players will automatically lose when time's up. (requested by beard387)\n|inactive|24kpure has 60 seconds left.\n|\n|t:|1776868460\n|teamsize|p1|4\n|teamsize|p2|4\n|start\n|switch|p1a: Garganacl|Garganacl, L50, M|100/100\n|switch|p1b: Incineroar|Incineroar, L50, M|100/100\n|switch|p2a: Muk|Muk-Alola, L50, F|100/100\n|switch|p2b: Smeargle|Smeargle, L50, F|100/100\n|-ability|p1b: Incineroar|Intimidate|boost\n|-unboost|p2a: Muk|atk|1\n|-unboost|p2b: Smeargle|atk|1\n|turn|1\n|inactive|24kpure has 30 seconds left.\n|\n|t:|1776868485\n|move|p2a: Muk|Protect|p2a: Muk\n|-singleturn|p2a: Muk|Protect\n|move|p1b: Incineroar|Fake Out|p2b: Smeargle\n|-damage|p2b: Smeargle|67/100\n|cant|p2b: Smeargle|flinch\n|move|p1a: Garganacl|Salt Cure|p2a: Muk\n|-activate|p2a: Muk|move: Protect\n|\n|-ability|p2b: Smeargle|Moody|boost\n|-boost|p2b: Smeargle|atk|2\n|-unboost|p2b: Smeargle|spa|1\n|upkeep\n|turn|2\n|inactive|24kpure has 30 seconds left.\n|\n|t:|1776868512\n|move|p2b: Smeargle|Follow Me|p2b: Smeargle\n|-singleturn|p2b: Smeargle|move: Follow Me\n|move|p1b: Incineroar|Knock Off|p2b: Smeargle\n|-damage|p2b: Smeargle|0 fnt\n|-enditem|p2b: Smeargle|Focus Sash|[from] move: Knock Off|[of] p1b: Incineroar\n|faint|p2b: Smeargle\n|-ability|p2a: Muk|Moody|Power of Alchemy|[from] ability: Power of Alchemy|[of] p2b: Smeargle\n|move|p2a: Muk|Minimize|p2a: Muk\n|-boost|p2a: Muk|evasion|2\n|move|p1a: Garganacl|Salt Cure|p2a: Muk\n|-damage|p2a: Muk|90/100\n|-start|p2a: Muk|Salt Cure\n|\n|-heal|p2a: Muk|96/100|[from] item: Leftovers\n|-damage|p2a: Muk|84/100|[from] Salt Cure\n|-ability|p2a: Muk|Moody|boost\n|-boost|p2a: Muk|atk|2\n|-unboost|p2a: Muk|spa|1\n|upkeep\n|\n|t:|1776868518\n|switch|p2b: Incineroar|Incineroar, L50, M|100/100\n|-ability|p2b: Incineroar|Intimidate|boost\n|-unboost|p1a: Garganacl|atk|1\n|-unboost|p1b: Incineroar|atk|1\n|turn|3\n|\n|t:|1776868537\n|move|p2b: Incineroar|Knock Off|p1a: Garganacl\n|-damage|p1a: Garganacl|73/100\n|-enditem|p1a: Garganacl|Leftovers|[from] move: Knock Off|[of] p2b: Incineroar\n|move|p1b: Incineroar|U-turn|p2b: Incineroar\n|-damage|p2b: Incineroar|87/100\n|\n|t:|1776868544\n|switch|p1b: Koraidon|Koraidon, L50|100/100|[from] U-turn\n|-weather|SunnyDay|[from] ability: Orichalcum Pulse|[of] p1b: Koraidon\n|-activate|p1b: Koraidon|Orichalcum Pulse|[source]\n|move|p2a: Muk|Minimize|p2a: Muk\n|-boost|p2a: Muk|evasion|2\n|move|p1a: Garganacl|Salt Cure|p2b: Incineroar\n|-supereffective|p2b: Incineroar\n|-damage|p2b: Incineroar|67/100\n|-start|p2b: Incineroar|Salt Cure\n|\n|-weather|SunnyDay|[upkeep]\n|-heal|p2a: Muk|90/100|[from] item: Leftovers\n|-damage|p2b: Incineroar|55/100|[from] Salt Cure\n|-damage|p2a: Muk|78/100|[from] Salt Cure\n|-ability|p2a: Muk|Moody|boost\n|-boost|p2a: Muk|spa|2\n|-unboost|p2a: Muk|atk|1\n|upkeep\n|turn|4\n|inactive|24kpure has 30 seconds left.\n|inactive|24kpure has 20 seconds left.\n|\n|t:|1776868583\n|switch|p2b: Flamigo|Flamigo, L50, F|100/100\n|-copyboost|p2b: Flamigo|p2a: Muk|[from] ability: Costar\n|move|p1b: Koraidon|Protect|p1b: Koraidon\n|-singleturn|p1b: Koraidon|Protect\n|move|p2a: Muk|Toxic|p1b: Koraidon\n|-activate|p1b: Koraidon|move: Protect\n|move|p1a: Garganacl|Recover|p1a: Garganacl\n|-heal|p1a: Garganacl|100/100\n|\n|-weather|SunnyDay|[upkeep]\n|-heal|p2a: Muk|84/100|[from] item: Leftovers\n|-damage|p2a: Muk|72/100|[from] Salt Cure\n|-ability|p2a: Muk|Moody|boost\n|-boost|p2a: Muk|atk|2\n|-unboost|p2a: Muk|spd|1\n|upkeep\n|turn|5\n|\n|t:|1776868603\n|switch|p1b: Incineroar|Incineroar, L50, M|100/100\n|-ability|p1b: Incineroar|Intimidate|boost\n|-unboost|p2a: Muk|atk|1\n|-fail|p2b: Flamigo|unboost|[from] item: Clear Amulet|[of] p2b: Flamigo\n|-terastallize|p1a: Garganacl|Fairy\n|move|p2b: Flamigo|Brave Bird|p1b: Incineroar\n|-damage|p1b: Incineroar|41/100\n|-damage|p2b: Flamigo|75/100|[from] Recoil\n|move|p2a: Muk|Toxic|p1a: Garganacl\n|-immune|p1a: Garganacl|[from] ability: Purifying Salt\n|move|p1a: Garganacl|Salt Cure|p2b: Flamigo|[miss]\n|-miss|p1a: Garganacl|p2b: Flamigo\n|\n|-weather|SunnyDay|[upkeep]\n|-heal|p2a: Muk|78/100|[from] item: Leftovers\n|-damage|p2a: Muk|66/100|[from] Salt Cure\n|-ability|p2a: Muk|Moody|boost\n|-boost|p2a: Muk|spa|2\n|-unboost|p2a: Muk|def|1\n|upkeep\n|turn|6\n|inactive|24kpure has 30 seconds left.\n|\n|t:|1776868634\n|switch|p2b: Incineroar|Incineroar, L50, M|55/100\n|-ability|p2b: Incineroar|Intimidate|boost\n|-unboost|p1a: Garganacl|atk|1\n|-unboost|p1b: Incineroar|atk|1\n|move|p1b: Incineroar|Knock Off|p2b: Incineroar\n|-resisted|p2b: Incineroar\n|-damage|p2b: Incineroar|39/100\n|-enditem|p2b: Incineroar|Safety Goggles|[from] move: Knock Off|[of] p1b: Incineroar\n|move|p2a: Muk|Minimize|p2a: Muk\n|-boost|p2a: Muk|evasion|2\n|move|p1a: Garganacl|Salt Cure|p2b: Incineroar\n|-supereffective|p2b: Incineroar\n|-damage|p2b: Incineroar|26/100\n|-start|p2b: Incineroar|Salt Cure\n|\n|-weather|SunnyDay|[upkeep]\n|-heal|p2a: Muk|72/100|[from] item: Leftovers\n|-damage|p2b: Incineroar|14/100|[from] Salt Cure\n|-damage|p2a: Muk|59/100|[from] Salt Cure\n|-ability|p2a: Muk|Moody|boost\n|-boost|p2a: Muk|spd|2\n|-unboost|p2a: Muk|atk|1\n|upkeep\n|turn|7\n|\n|t:|1776868655\n|switch|p2b: Flamigo|Flamigo, L50, F|75/100\n|-copyboost|p2b: Flamigo|p2a: Muk|[from] ability: Costar\n|switch|p1a: Koraidon|Koraidon, L50|100/100\n|-activate|p1a: Koraidon|ability: Orichalcum Pulse\n|move|p1b: Incineroar|U-turn|p2b: Flamigo|[miss]\n|-miss|p1b: Incineroar|p2b: Flamigo\n|move|p2a: Muk|Toxic|p1b: Incineroar\n|-status|p1b: Incineroar|tox\n|\n|-weather|none\n|-heal|p2a: Muk|66/100|[from] item: Leftovers\n|-damage|p1b: Incineroar|35/100 tox|[from] psn\n|-damage|p2a: Muk|53/100|[from] Salt Cure\n|-ability|p2a: Muk|Moody|boost\n|-boost|p2a: Muk|spd|2\n|-unboost|p2a: Muk|atk|1\n|upkeep\n|turn|8\n|\n|t:|1776868672\n|move|p1a: Koraidon|Protect|p1a: Koraidon\n|-singleturn|p1a: Koraidon|Protect\n|move|p2b: Flamigo|Brave Bird|p1a: Koraidon\n|-activate|p1a: Koraidon|move: Protect\n|move|p1b: Incineroar|U-turn|p2b: Flamigo|[miss]\n|-miss|p1b: Incineroar|p2b: Flamigo\n|move|p2a: Muk|Knock Off|p1a: Koraidon\n|-activate|p1a: Koraidon|move: Protect\n|\n|-heal|p2a: Muk|59/100|[from] item: Leftovers\n|-damage|p1b: Incineroar|23/100 tox|[from] psn\n|-damage|p2a: Muk|47/100|[from] Salt Cure\n|-ability|p2a: Muk|Moody|boost\n|-boost|p2a: Muk|spa|2\n|-unboost|p2a: Muk|spe|1\n|upkeep\n|turn|9\n|\n|t:|1776868691\n|move|p1a: Koraidon|Flare Blitz|p2b: Flamigo|[miss]\n|-miss|p1a: Koraidon|p2b: Flamigo\n|move|p2b: Flamigo|Substitute|p2b: Flamigo\n|-start|p2b: Flamigo|Substitute\n|-damage|p2b: Flamigo|50/100\n|move|p1b: Incineroar|U-turn|p2b: Flamigo\n|-resisted|p2b: Flamigo\n|-activate|p2b: Flamigo|move: Substitute|[damage]\n|\n|t:|1776868700\n|switch|p1b: Garganacl|Garganacl, L50, M, tera:Fairy|100/100|[from] U-turn\n|move|p2a: Muk|Toxic|p1a: Koraidon\n|-status|p1a: Koraidon|tox\n|\n|-heal|p2a: Muk|53/100|[from] item: Leftovers\n|-damage|p1a: Koraidon|95/100 tox|[from] psn\n|-damage|p2a: Muk|41/100|[from] Salt Cure\n|-ability|p2a: Muk|Moody|boost\n|-boost|p2a: Muk|spd|2\n|-unboost|p2a: Muk|atk|1\n|upkeep\n|turn|10\n|\n|t:|1776868720\n|switch|p1a: Incineroar|Incineroar, L50, M|23/100 tox\n|-ability|p1a: Incineroar|Intimidate|boost\n|-unboost|p2a: Muk|atk|1\n|-immune|p2b: Flamigo\n|move|p2b: Flamigo|Low Kick|p1b: Garganacl\n|-resisted|p1b: Garganacl\n|-damage|p1b: Garganacl|82/100\n|move|p1b: Garganacl|Recover|p1b: Garganacl\n|-heal|p1b: Garganacl|100/100\n|move|p2a: Muk|Knock Off|p1b: Garganacl\n|-resisted|p1b: Garganacl\n|-damage|p1b: Garganacl|98/100\n|\n|-heal|p2a: Muk|47/100|[from] item: Leftovers\n|-damage|p1a: Incineroar|17/100 tox|[from] psn\n|-damage|p2a: Muk|35/100|[from] Salt Cure\n|-ability|p2a: Muk|Moody|boost\n|-boost|p2a: Muk|def|2\n|-unboost|p2a: Muk|spa|1\n|upkeep\n|turn|11\n|inactive|beard387 has 30 seconds left.\n|inactive|24kpure has 30 seconds left.\n|\n|t:|1776868750\n|move|p1a: Incineroar|Fake Out|p2a: Muk|[miss]\n|-miss|p1a: Incineroar|p2a: Muk\n|move|p2b: Flamigo|Low Kick|p1b: Garganacl\n|-resisted|p1b: Garganacl\n|-damage|p1b: Garganacl|79/100\n|move|p1b: Garganacl|Salt Cure|p2b: Flamigo|[miss]\n|-miss|p1b: Garganacl|p2b: Flamigo\n|move|p2a: Muk|Knock Off|p1a: Incineroar\n|-resisted|p1a: Incineroar\n|-damage|p1a: Incineroar|10/100 tox\n|-enditem|p1a: Incineroar|Assault Vest|[from] move: Knock Off|[of] p2a: Muk\n|\n|-heal|p2a: Muk|41/100|[from] item: Leftovers\n|-damage|p1a: Incineroar|0 fnt|[from] psn\n|faint|p1a: Incineroar\n|-damage|p2a: Muk|29/100|[from] Salt Cure\n|-ability|p2a: Muk|Moody|boost\n|-boost|p2a: Muk|def|2\n|-unboost|p2a: Muk|spd|1\n|upkeep\n|\n|t:|1776868759\n|switch|p1a: Koraidon|Koraidon, L50|95/100 tox\n|-weather|SunnyDay|[from] ability: Orichalcum Pulse|[of] p1a: Koraidon\n|-activate|p1a: Koraidon|Orichalcum Pulse|[source]\n|turn|12\n|\n|t:|1776868765\n|move|p2b: Flamigo|Protect|p2b: Flamigo\n|-singleturn|p2b: Flamigo|Protect\n|move|p2a: Muk|Protect|p2a: Muk\n|-singleturn|p2a: Muk|Protect\n|move|p1a: Koraidon|Flare Blitz|p2b: Flamigo\n|-activate|p2b: Flamigo|move: Protect\n|move|p1b: Garganacl|Recover|p1b: Garganacl\n|-heal|p1b: Garganacl|100/100\n|\n|-weather|SunnyDay|[upkeep]\n|-heal|p2a: Muk|35/100|[from] item: Leftovers\n|-damage|p1a: Koraidon|89/100 tox|[from] psn\n|-damage|p2a: Muk|23/100|[from] Salt Cure\n|-ability|p2a: Muk|Moody|boost\n|-boost|p2a: Muk|spe|2\n|-unboost|p2a: Muk|spa|1\n|upkeep\n|turn|13\n|\n|t:|1776868783\n|move|p1a: Koraidon|Flare Blitz|p2b: Flamigo\n|-end|p2b: Flamigo|Substitute\n|-damage|p1a: Koraidon|84/100 tox|[from] Recoil|[of] p2b: Flamigo\n|-damage|p1a: Koraidon|75/100 tox|[from] item: Life Orb\n|move|p2b: Flamigo|Low Kick|p1a: Koraidon\n|-damage|p1a: Koraidon|22/100 tox\n|move|p2a: Muk|Knock Off|p1a: Koraidon\n|-resisted|p1a: Koraidon\n|-damage|p1a: Koraidon|15/100 tox\n|-enditem|p1a: Koraidon|Life Orb|[from] move: Knock Off|[of] p2a: Muk\n|move|p1b: Garganacl|Heavy Slam|p2b: Flamigo\n|-damage|p2b: Flamigo|0 fnt\n|faint|p2b: Flamigo\n|\n|-weather|SunnyDay|[upkeep]\n|-heal|p2a: Muk|29/100|[from] item: Leftovers\n|-damage|p1a: Koraidon|3/100 tox|[from] psn\n|-damage|p2a: Muk|17/100|[from] Salt Cure\n|-ability|p2a: Muk|Moody|boost\n|-boost|p2a: Muk|spa|2\n|-unboost|p2a: Muk|spe|1\n|upkeep\n|\n|t:|1776868797\n|switch|p2b: Incineroar|Incineroar, L50, M|14/100\n|-ability|p2b: Incineroar|Intimidate|boost\n|-unboost|p1a: Koraidon|atk|1\n|-unboost|p1b: Garganacl|atk|1\n|turn|14\n|c|\u260624kpure|gg\n|\n|t:|1776868811\n|move|p2b: Incineroar|Fake Out|p1a: Koraidon\n|-damage|p1a: Koraidon|0 fnt\n|faint|p1a: Koraidon\n|move|p2a: Muk|Knock Off|p1b: Garganacl\n|-resisted|p1b: Garganacl\n|-damage|p1b: Garganacl|97/100\n|move|p1b: Garganacl|Salt Cure|p2b: Incineroar\n|-supereffective|p2b: Incineroar\n|-damage|p2b: Incineroar|0 fnt\n|faint|p2b: Incineroar\n|\n|-weather|SunnyDay|[upkeep]\n|-heal|p2a: Muk|23/100|[from] item: Leftovers\n|-damage|p2a: Muk|10/100|[from] Salt Cure\n|-ability|p2a: Muk|Moody|boost\n|-boost|p2a: Muk|spa|1\n|-unboost|p2a: Muk|atk|1\n|upkeep\n|\n|t:|1776868820\n|switch|p1a: Calyrex|Calyrex-Shadow, L50|100/100\n|-ability|p1a: Calyrex|As One\n|-ability|p1a: Calyrex|Unnerve\n|turn|15\n|\n|t:|1776868835\n|move|p1a: Calyrex|Trick|p2a: Muk\n|-activate|p1a: Calyrex|move: Trick|[of] p2a: Muk\n|-item|p2a: Muk|Choice Scarf|[from] move: Trick\n|-item|p1a: Calyrex|Leftovers|[from] move: Trick\n|move|p2a: Muk|Knock Off|p1a: Calyrex\n|-supereffective|p1a: Calyrex\n|-damage|p1a: Calyrex|46/100\n|-enditem|p1a: Calyrex|Leftovers|[from] move: Knock Off|[of] p2a: Muk\n|move|p1b: Garganacl|Heavy Slam|p2a: Muk\n|-damage|p2a: Muk|1/100\n|\n|-weather|SunnyDay|[upkeep]\n|-damage|p2a: Muk|0 fnt|[from] Salt Cure\n|faint|p2a: Muk\n|\n|win|beard387\n|raw|beard387's rating: 1450 &rarr; <strong>1481</strong><br />(+31 for winning)\n|raw|24kpure's rating: 1653 &rarr; <strong>1622</strong><br />(-31 for losing)\n|l|\u260624kpure\n|player|p2|\n|l|\u2606beard387\n|player|p1|\n","uploadtime":1776869094,"views":11,"formatid":"gen9vgc2026regi","rating":1481,"private":0,"password":null}