{"id":"gen9vgc2026regi-2560578897","format":"[Gen 9] VGC 2026 Reg I","players":["terafireflareblitz","theboyparris"],"log":"|j|\u2606terafireflareblitz\n|j|\u2606theboyparris\n|t:|1773701020\n|gametype|doubles\n|player|p1|terafireflareblitz|sycamore|1446\n|player|p2|theboyparris|policeman|1416\n|gen|9\n|tier|[Gen 9] VGC 2026 Reg I\n|rated|\n|rule|Species Clause: Limit one of each Pok\u00e9mon\n|rule|Item Clause: Limit 1 of each item\n|clearpoke\n|poke|p1|Koraidon, L50|\n|poke|p1|Lunala, L50|\n|poke|p1|Indeedee-F, L50, F|\n|poke|p1|Flutter Mane, L50|\n|poke|p1|Chi-Yu, L50|\n|poke|p1|Ursaluna, L50, F|\n|poke|p2|Calyrex-Shadow, L50|\n|poke|p2|Miraidon, L50|\n|poke|p2|Grimmsnarl, L50, M|\n|poke|p2|Iron Hands, L50|\n|poke|p2|Iron Jugulis, L50|\n|poke|p2|Iron Treads, L50|\n|teampreview|4\n|inactive|Battle timer is ON: inactive players will automatically lose when time's up. (requested by theboyparris)\n|inactive|terafireflareblitz also wants the timer to be on.\n|\n|t:|1773701038\n|teamsize|p1|4\n|teamsize|p2|4\n|start\n|switch|p1a: Flutter Mane|Flutter Mane, L50, shiny|100/100\n|switch|p1b: Lunala|Lunala, L50, shiny|100/100\n|switch|p2a: Miraidon|Miraidon, L50|100/100\n|switch|p2b: Grimmsnarl|Grimmsnarl, L50, M, shiny|100/100\n|-fieldstart|move: Electric Terrain|[from] ability: Hadron Engine|[of] p2a: Miraidon\n|turn|1\n|\n|t:|1773701048\n|move|p2b: Grimmsnarl|Light Screen|p2b: Grimmsnarl\n|-sidestart|p2: theboyparris|move: Light Screen\n|move|p1a: Flutter Mane|Moonblast|p2b: Grimmsnarl\n|-supereffective|p2b: Grimmsnarl\n|-damage|p2b: Grimmsnarl|29/100\n|move|p2a: Miraidon|Volt Switch|p1b: Lunala\n|-damage|p1b: Lunala|73/100\n|\n|t:|1773701056\n|switch|p2a: Iron Hands|Iron Hands, L50|100/100|[from] Volt Switch\n|-activate|p2a: Iron Hands|ability: Quark Drive\n|-start|p2a: Iron Hands|quarkdriveatk\n|move|p1b: Lunala|Meteor Beam||[still]\n|-prepare|p1b: Lunala|Meteor Beam\n|-boost|p1b: Lunala|spa|1\n|-enditem|p1b: Lunala|Power Herb\n|-anim|p1b: Lunala|Meteor Beam|p2b: Grimmsnarl\n|-damage|p2b: Grimmsnarl|0 fnt\n|faint|p2b: Grimmsnarl\n|\n|upkeep\n|\n|t:|1773701072\n|switch|p2b: Miraidon|Miraidon, L50|100/100\n|-activate|p2b: Miraidon|ability: Hadron Engine\n|turn|2\n|\n|t:|1773701086\n|-terastallize|p2b: Miraidon|Fairy\n|move|p1a: Flutter Mane|Icy Wind|p2b: Miraidon|[spread] p2a,p2b\n|-damage|p2a: Iron Hands|95/100\n|-damage|p2b: Miraidon|94/100\n|-unboost|p2a: Iron Hands|spe|1\n|-unboost|p2b: Miraidon|spe|1\n|move|p1b: Lunala|Expanding Force|p2a: Iron Hands\n|-supereffective|p2a: Iron Hands\n|-damage|p2a: Iron Hands|43/100\n|move|p2b: Miraidon|Volt Switch|p1a: Flutter Mane\n|-damage|p1a: Flutter Mane|13/100\n|\n|t:|1773701097\n|switch|p2b: Calyrex|Calyrex-Shadow, L50|100/100|[from] Volt Switch\n|-ability|p2b: Calyrex|As One\n|-ability|p2b: Calyrex|Unnerve\n|-enditem|p2b: Calyrex|Electric Seed\n|-boost|p2b: Calyrex|def|1|[from] item: Electric Seed\n|move|p2a: Iron Hands|Wild Charge|p1b: Lunala\n|-damage|p1b: Lunala|8/100\n|-damage|p2a: Iron Hands|26/100|[from] Recoil\n|\n|upkeep\n|turn|3\n|\n|t:|1773701116\n|move|p2b: Calyrex|Protect|p2b: Calyrex\n|-singleturn|p2b: Calyrex|Protect\n|move|p1b: Lunala|Wide Guard|p1b: Lunala\n|-singleturn|p1b: Lunala|Wide Guard\n|move|p1a: Flutter Mane|Shadow Ball|p2b: Calyrex\n|-activate|p2b: Calyrex|move: Protect\n|move|p2a: Iron Hands|Wild Charge|p1a: Flutter Mane\n|-damage|p1a: Flutter Mane|0 fnt\n|faint|p1a: Flutter Mane\n|-end|p1a: Flutter Mane|Protosynthesis|[silent]\n|-damage|p2a: Iron Hands|25/100|[from] Recoil\n|\n|upkeep\n|\n|t:|1773701119\n|switch|p1a: Chi-Yu|Chi-Yu, L50, shiny|100/100\n|-ability|p1a: Chi-Yu|Beads of Ruin\n|turn|4\n|\n|t:|1773701134\n|move|p1a: Chi-Yu|Dark Pulse|p2b: Calyrex\n|-supereffective|p2b: Calyrex\n|-damage|p2b: Calyrex|0 fnt\n|faint|p2b: Calyrex\n|move|p1b: Lunala|Expanding Force|p2a: Iron Hands\n|-supereffective|p2a: Iron Hands\n|-crit|p2a: Iron Hands\n|-damage|p2a: Iron Hands|0 fnt\n|faint|p2a: Iron Hands\n|-end|p2a: Iron Hands|Quark Drive|[silent]\n|\n|upkeep\n|\n|t:|1773701137\n|switch|p2b: Miraidon|Miraidon, L50, tera:Fairy|94/100\n|-activate|p2b: Miraidon|ability: Hadron Engine\n|turn|5\n|\n|t:|1773701144\n|move|p1a: Chi-Yu|Dark Pulse|p2b: Miraidon\n|-resisted|p2b: Miraidon\n|-damage|p2b: Miraidon|79/100\n|move|p2b: Miraidon|Dazzling Gleam|p1a: Chi-Yu|[spread] p1a,p1b\n|-damage|p1a: Chi-Yu|39/100\n|-damage|p1b: Lunala|0 fnt\n|faint|p1b: Lunala\n|\n|-fieldend|move: Electric Terrain\n|upkeep\n|\n|t:|1773701147\n|switch|p1b: Koraidon|Koraidon, L50, shiny|100/100\n|-weather|SunnyDay|[from] ability: Orichalcum Pulse|[of] p1b: Koraidon\n|-activate|p1b: Koraidon|Orichalcum Pulse|[source]\n|turn|6\n|\n|t:|1773701149\n|-terastallize|p1b: Koraidon|Fire\n|move|p1a: Chi-Yu|Dark Pulse|p2b: Miraidon\n|-resisted|p2b: Miraidon\n|-damage|p2b: Miraidon|65/100\n|move|p1b: Koraidon|Flare Blitz|p2b: Miraidon\n|-damage|p2b: Miraidon|0 fnt\n|faint|p2b: Miraidon\n|-damage|p1b: Koraidon|75/100|[from] Recoil\n|-damage|p1b: Koraidon|66/100|[from] item: Life Orb\n|\n|win|terafireflareblitz\n|raw|terafireflareblitz's rating: 1446 &rarr; <strong>1464</strong><br />(+18 for winning)\n|raw|theboyparris's rating: 1416 &rarr; <strong>1398</strong><br />(-18 for losing)\n","uploadtime":1773701150,"views":12,"formatid":"gen9vgc2026regi","rating":1398,"private":0,"password":null}