{"id":"gen9vgc2026regi-2579330484","format":"[Gen 9] VGC 2026 Reg I","players":["lalo's pollos","jivensar"],"log":"|j|\u2606lalo's pollos\n|j|\u2606jivensar\n|t:|1775771370\n|gametype|doubles\n|player|p1|lalo's pollos|101|1309\n|player|p2|jivensar|veteran-gen4|1322\n|gen|9\n|tier|[Gen 9] VGC 2026 Reg I\n|rated|\n|rule|Species Clause: Limit one of each Pok\u00e9mon\n|rule|Item Clause: Limit 1 of each item\n|clearpoke\n|poke|p1|Zacian-*, L50|\n|poke|p1|Koraidon, L50|\n|poke|p1|Raging Bolt, L50|\n|poke|p1|Tornadus, L50, M|\n|poke|p1|Brute Bonnet, L50|\n|poke|p1|Landorus, L50, M|\n|poke|p2|Weezing-Galar, L50, M|\n|poke|p2|Calyrex-Shadow, L50|\n|poke|p2|Incineroar, L50, M|\n|poke|p2|Chi-Yu, L50|\n|poke|p2|Iron Hands, L50|\n|poke|p2|Slaking, L50, M|\n|teampreview|4\n|\n|t:|1775771400\n|teamsize|p1|4\n|teamsize|p2|4\n|start\n|switch|p1a: Landorus|Landorus, L50, M|100/100\n|switch|p1b: Brute Bonnet|Brute Bonnet, L50|100/100\n|switch|p2a: Weezing|Weezing-Galar, L50, M|100/100\n|switch|p2b: Slaking|Slaking, L50, M|100/100\n|-ability|p2a: Weezing|Neutralizing Gas\n|turn|1\n|\n|t:|1775771420\n|move|p2a: Weezing|Protect|p2a: Weezing\n|-singleturn|p2a: Weezing|Protect\n|move|p1b: Brute Bonnet|Rage Powder|p1b: Brute Bonnet\n|-singleturn|p1b: Brute Bonnet|move: Rage Powder\n|move|p1a: Landorus|Sandsear Storm|p2b: Slaking|[spread] p2b\n|-activate|p2a: Weezing|move: Protect\n|-damage|p2b: Slaking|45/100\n|-damage|p1a: Landorus|91/100|[from] item: Life Orb\n|move|p2b: Slaking|Drain Punch|p1b: Brute Bonnet\n|-supereffective|p1b: Brute Bonnet\n|-damage|p1b: Brute Bonnet|48/100\n|-heal|p2b: Slaking|70/100|[from] drain|[of] p1b: Brute Bonnet\n|-enditem|p1b: Brute Bonnet|Sitrus Berry|[eat]\n|-heal|p1b: Brute Bonnet|73/100|[from] item: Sitrus Berry\n|-damage|p2b: Slaking|61/100|[from] item: Life Orb\n|\n|upkeep\n|turn|2\n|\n|t:|1775771446\n|move|p2b: Slaking|Sucker Punch|p1a: Landorus\n|-damage|p1a: Landorus|45/100\n|-damage|p2b: Slaking|51/100|[from] item: Life Orb\n|move|p1b: Brute Bonnet|Sucker Punch||[still]\n|-fail|p1b: Brute Bonnet\n|move|p1a: Landorus|Sandsear Storm|p2a: Weezing|[spread] p2b\n|-miss|p1a: Landorus|p2a: Weezing\n|-damage|p2b: Slaking|1/100\n|-status|p2b: Slaking|brn\n|-damage|p1a: Landorus|35/100|[from] item: Life Orb\n|move|p2a: Weezing|Sludge Bomb|p1b: Brute Bonnet\n|-supereffective|p1b: Brute Bonnet\n|-damage|p1b: Brute Bonnet|26/100\n|\n|-damage|p2b: Slaking|0 fnt|[from] brn\n|faint|p2b: Slaking\n|upkeep\n|\n|t:|1775771463\n|switch|p2b: Incineroar|Incineroar, L50, M|100/100\n|-ability|p2b: Incineroar|Intimidate|boost\n|-unboost|p1a: Landorus|atk|1\n|-unboost|p1b: Brute Bonnet|atk|1\n|turn|3\n|\n|t:|1775771475\n|move|p1a: Landorus|Protect|p1a: Landorus\n|-singleturn|p1a: Landorus|Protect\n|move|p1b: Brute Bonnet|Protect|p1b: Brute Bonnet\n|-singleturn|p1b: Brute Bonnet|Protect\n|move|p2b: Incineroar|Fake Out|p1a: Landorus\n|-activate|p1a: Landorus|move: Protect\n|move|p2a: Weezing|Sludge Bomb|p1b: Brute Bonnet\n|-activate|p1b: Brute Bonnet|move: Protect\n|\n|upkeep\n|turn|4\n|\n|t:|1775771489\n|switch|p2b: Iron Hands|Iron Hands, L50, shiny|100/100\n|move|p2a: Weezing|Protect|p2a: Weezing\n|-singleturn|p2a: Weezing|Protect\n|move|p1a: Landorus|Sandsear Storm|p2b: Iron Hands|[spread] p2b\n|-activate|p2a: Weezing|move: Protect\n|-supereffective|p2b: Iron Hands\n|-damage|p2b: Iron Hands|48/100\n|-damage|p1a: Landorus|25/100|[from] item: Life Orb\n|move|p1b: Brute Bonnet|Spore|p2b: Iron Hands\n|-status|p2b: Iron Hands|slp|[from] move: Spore\n|\n|upkeep\n|turn|5\n|\n|t:|1775771505\n|-end|p2b: Iron Hands|Quark Drive|[silent]\n|switch|p2b: Incineroar|Incineroar, L50, M|100/100\n|-ability|p2b: Incineroar|Intimidate|boost\n|-unboost|p1a: Landorus|atk|1\n|-unboost|p1b: Brute Bonnet|atk|1\n|move|p1a: Landorus|Earth Power|p2a: Weezing\n|-supereffective|p2a: Weezing\n|-damage|p2a: Weezing|0 fnt\n|faint|p2a: Weezing\n|-end|p2a: Weezing|ability: Neutralizing Gas\n|-damage|p1a: Landorus|16/100|[from] item: Life Orb\n|move|p1b: Brute Bonnet|Spore|p2b: Incineroar\n|-status|p2b: Incineroar|slp|[from] move: Spore\n|\n|upkeep\n|-message|jivensar forfeited.\n|\n|win|lalo's pollos\n|raw|lalo&apos;s pollos's rating: 1309 &rarr; <strong>1330</strong><br />(+21 for winning)\n|raw|jivensar's rating: 1322 &rarr; <strong>1301</strong><br />(-21 for losing)\n|l|\u2606jivensar\n|player|p2|\n","uploadtime":1775771521,"views":9,"formatid":"gen9vgc2026regi","rating":1301,"private":0,"password":null}