{"id":"gen9vgc2026regi-2574804945","format":"[Gen 9] VGC 2026 Reg I","players":["snively3","Slyscor"],"log":"|j|\u2606snively3\n|j|\u2606Slyscor\n|t:|1775277127\n|gametype|doubles\n|player|p1|snively3|veteran|\n|player|p2|Slyscor|veteran|\n|gen|9\n|tier|[Gen 9] VGC 2026 Reg I\n|rated|Tournament battle\n|rule|Species Clause: Limit one of each Pok\u00e9mon\n|rule|Item Clause: Limit 1 of each item\n|raw|<div class=\"infobox\"><details class=\"readmore\" open><summary><strong>3 custom rules:</strong></summary> Open Team Sheets, Force Open Team Sheets, !Open Team Sheets</details></div>\n|clearpoke\n|poke|p1|Lunala, L50|\n|poke|p1|Ursaluna, L50, M|\n|poke|p1|Urshifu-*, L50, M|\n|poke|p1|Miraidon, L50|\n|poke|p1|Grimmsnarl, L50, M|\n|poke|p1|Incineroar, L50, M|\n|poke|p2|Gliscor, L50, M|\n|poke|p2|Miraidon, L50|\n|poke|p2|Incineroar, L50, M|\n|poke|p2|Tornadus, L50, M|\n|poke|p2|Zamazenta-*, L50|\n|poke|p2|Iron Treads, L50|\n|teampreview|4\n|showteam|p1|Lunala||ElectricSeed|ShadowShield|MoongeistBeam,Moonblast,TrickRoom,WideGuard||||||50|,,,,,Fairy]Ursaluna||FlameOrb|Guts|Protect,HeadlongRush,Facade,Earthquake|||M|||50|,,,,,Ghost]Urshifu-Rapid-Strike||ChoiceBand|UnseenFist|SurgingStrikes,CloseCombat,AquaJet,Uturn|||M|||50|,,,,,Ghost]Miraidon||AssaultVest|HadronEngine|ElectroDrift,DracoMeteor,VoltSwitch,Snarl||||||50|,,,,,Electric]Grimmsnarl||LightClay|Prankster|SpiritBreak,Reflect,LightScreen,ThunderWave|||M|||50|,,,,,Ghost]Incineroar||RockyHelmet|Intimidate|KnockOff,FakeOut,PartingShot,WillOWisp|||M|||50|,,,,,Bug\n|showteam|p2|Gliscor||ToxicOrb|PoisonHeal|Earthquake,ToxicSpikes,KnockOff,Protect|||M|||50|,,,,,Normal]Miraidon||ChoiceSpecs|HadronEngine|VoltSwitch,DracoMeteor,ElectroDrift,DazzlingGleam||||||50|,,,,,Electric]Incineroar||SitrusBerry|Intimidate|PartingShot,FlareBlitz,Uturn,FakeOut|||M|||50|,,,,,Water]Tornadus||CovertCloak|Prankster|RainDance,BleakwindStorm,Taunt,Tailwind|||M|||50|,,,,,Water]Zamazenta-Crowned||RustedShield|DauntlessShield|BodyPress,behemothbash,WideGuard,Protect||||||50|,,,,,Dragon]Iron Treads||LifeOrb|QuarkDrive|HighHorsepower,SteelRoller,IronHead,Protect||||||50|,,,,,Ghost\n|inactive|Battle timer is ON: inactive players will automatically lose when time's up. (requested by snively3)\n|c|\u2606snively3|glhf\n|c|\u2606Slyscor|gl\n|j| mynamegrassgreen\n|inactive|snively3 has 60 seconds left.\n|c| mynamegrassgreen|Glidc strsight from singles\n|\n|t:|1775277171\n|teamsize|p1|4\n|teamsize|p2|4\n|start\n|switch|p1a: Grimmsnarl|Grimmsnarl, L50, M|100/100\n|switch|p1b: Miraidon|Miraidon, L50|100/100\n|switch|p2a: Gliscor|Gliscor, L50, M, shiny|100/100\n|switch|p2b: Tornadus|Tornadus, L50, M|100/100\n|-fieldstart|move: Electric Terrain|[from] ability: Hadron Engine|[of] p1b: Miraidon\n|turn|1\n|c|\u2606Slyscor|we ran them double gen 5\n|\n|t:|1775277194\n|move|p2b: Tornadus|Tailwind|p2b: Tornadus\n|-sidestart|p2: Slyscor|move: Tailwind\n|move|p1a: Grimmsnarl|Reflect|p1a: Grimmsnarl\n|-sidestart|p1: snively3|Reflect\n|move|p2a: Gliscor|Toxic Spikes|p1a: Grimmsnarl\n|-sidestart|p1: snively3|move: Toxic Spikes\n|move|p1b: Miraidon|Volt Switch|p2b: Tornadus\n|-supereffective|p2b: Tornadus\n|-damage|p2b: Tornadus|0 fnt\n|faint|p2b: Tornadus\n|\n|t:|1775277212\n|switch|p1b: Lunala|Lunala, L50, shiny|100/100|[from] Volt Switch\n|-status|p1b: Lunala|psn\n|-enditem|p1b: Lunala|Electric Seed\n|-boost|p1b: Lunala|def|1|[from] item: Electric Seed\n|\n|-damage|p1b: Lunala|88/100 psn|[from] psn\n|-status|p2a: Gliscor|tox|[from] item: Toxic Orb\n|upkeep\n|\n|t:|1775277223\n|switch|p2b: Miraidon|Miraidon, L50|100/100\n|-activate|p2b: Miraidon|ability: Hadron Engine\n|turn|2\n|\n|t:|1775277241\n|move|p1a: Grimmsnarl|Light Screen|p1a: Grimmsnarl\n|-sidestart|p1: snively3|move: Light Screen\n|move|p2b: Miraidon|Volt Switch|p1a: Grimmsnarl\n|-damage|p1a: Grimmsnarl|40/100\n|\n|t:|1775277245\n|switch|p2b: Zamazenta|Zamazenta-Crowned, L50|100/100|[from] Volt Switch\n|-ability|p2b: Zamazenta|Dauntless Shield|boost\n|-boost|p2b: Zamazenta|def|1\n|move|p2a: Gliscor|Knock Off|p1b: Lunala\n|-supereffective|p1b: Lunala\n|-damage|p1b: Lunala|69/100 psn\n|move|p1b: Lunala|Trick Room|p1b: Lunala\n|-fieldstart|move: Trick Room|[of] p1b: Lunala\n|\n|-damage|p1b: Lunala|57/100 psn|[from] psn\n|upkeep\n|turn|3\n|inactive|snively3 has 30 seconds left.\n|inactive|Slyscor has 30 seconds left.\n|\n|t:|1775277281\n|switch|p1a: Urshifu|Urshifu-Rapid-Strike, L50, M|100/100\n|-status|p1a: Urshifu|psn\n|move|p1b: Lunala|Moongeist Beam|p2b: Zamazenta\n|-damage|p2b: Zamazenta|67/100\n|move|p2a: Gliscor|Toxic Spikes|p1a: Urshifu\n|-sidestart|p1: snively3|move: Toxic Spikes\n|move|p2b: Zamazenta|Behemoth Bash|p1a: Urshifu\n|-resisted|p1a: Urshifu\n|-damage|p1a: Urshifu|88/100 psn\n|\n|-damage|p1b: Lunala|45/100 psn|[from] psn\n|-damage|p1a: Urshifu|75/100 psn|[from] psn\n|upkeep\n|turn|4\n|j| Ali_0009\n|j| aurora ltd\n|inactive|snively3 has 30 seconds left.\n|inactive|Slyscor has 30 seconds left.\n|inactive|snively3 has 20 seconds left.\n|\n|t:|1775277318\n|-terastallize|p2a: Gliscor|Normal\n|move|p1b: Lunala|Moongeist Beam|p2a: Gliscor\n|-immune|p2a: Gliscor\n|move|p1a: Urshifu|Surging Strikes|p2a: Gliscor\n|-crit|p2a: Gliscor\n|-damage|p2a: Gliscor|77/100 tox\n|-crit|p2a: Gliscor\n|-damage|p2a: Gliscor|50/100 tox\n|-crit|p2a: Gliscor\n|-damage|p2a: Gliscor|25/100 tox\n|-hitcount|p2a: Gliscor|3\n|move|p2a: Gliscor|Knock Off|p1a: Urshifu\n|-resisted|p1a: Urshifu\n|-damage|p1a: Urshifu|69/100 psn\n|-enditem|p1a: Urshifu|Choice Band|[from] move: Knock Off|[of] p2a: Gliscor\n|move|p2b: Zamazenta|Body Press|p1a: Urshifu\n|-damage|p1a: Urshifu|21/100 psn\n|\n|-damage|p1b: Lunala|33/100 psn|[from] psn\n|-damage|p1a: Urshifu|9/100 psn|[from] psn\n|-heal|p2a: Gliscor|37/100 tox|[from] ability: Poison Heal\n|-sideend|p2: Slyscor|move: Tailwind\n|upkeep\n|turn|5\n|j| funnydude1562\n|inactive|Slyscor has 30 seconds left.\n|inactive|snively3 has 30 seconds left.\n|j|+holdingb\n|inactive|Slyscor has 20 seconds left.\n|\n|t:|1775277356\n|move|p2b: Zamazenta|Protect|p2b: Zamazenta\n|-singleturn|p2b: Zamazenta|Protect\n|move|p2a: Gliscor|Earthquake|p1b: Lunala|[spread] p1a,p1b\n|-activate|p2b: Zamazenta|move: Protect\n|-damage|p1a: Urshifu|0 fnt\n|-damage|p1b: Lunala|25/100 psn\n|faint|p1a: Urshifu\n|move|p1b: Lunala|Moongeist Beam|p2b: Zamazenta\n|-activate|p2b: Zamazenta|move: Protect\n|\n|-heal|p2a: Gliscor|49/100 tox|[from] ability: Poison Heal\n|-damage|p1b: Lunala|13/100 psn|[from] psn\n|-fieldend|move: Electric Terrain\n|upkeep\n|\n|t:|1775277364\n|switch|p1a: Grimmsnarl|Grimmsnarl, L50, M|40/100\n|-status|p1a: Grimmsnarl|tox\n|turn|6\n|inactive|snively3 has 30 seconds left.\n|inactive|snively3 has 20 seconds left.\n|\n|t:|1775277401\n|move|p2a: Gliscor|Protect|p2a: Gliscor\n|-singleturn|p2a: Gliscor|Protect\n|move|p1a: Grimmsnarl|Spirit Break|p2b: Zamazenta\n|-crit|p2b: Zamazenta\n|-damage|p2b: Zamazenta|37/100\n|-unboost|p2b: Zamazenta|spa|1\n|move|p1b: Lunala|Moongeist Beam|p2b: Zamazenta\n|-crit|p2b: Zamazenta\n|-damage|p2b: Zamazenta|0 fnt\n|faint|p2b: Zamazenta\n|\n|-damage|p1a: Grimmsnarl|34/100 tox|[from] psn\n|-heal|p2a: Gliscor|61/100 tox|[from] ability: Poison Heal\n|-damage|p1b: Lunala|1/100 psn|[from] psn\n|-fieldend|move: Trick Room\n|upkeep\n|c|\u2606snively3|damn\n|\n|t:|1775277417\n|switch|p2b: Miraidon|Miraidon, L50|100/100\n|-fieldstart|move: Electric Terrain|[from] ability: Hadron Engine|[of] p2b: Miraidon\n|turn|7\n|\n|t:|1775277432\n|move|p1b: Lunala|Wide Guard|p1b: Lunala\n|-singleturn|p1b: Lunala|Wide Guard\n|move|p2b: Miraidon|Dazzling Gleam|p1b: Lunala|[spread] \n|-activate|p1a: Grimmsnarl|move: Wide Guard\n|-activate|p1b: Lunala|move: Wide Guard\n|move|p2a: Gliscor|Knock Off|p1b: Lunala\n|-supereffective|p1b: Lunala\n|-crit|p1b: Lunala\n|-damage|p1b: Lunala|0 fnt\n|faint|p1b: Lunala\n|move|p1a: Grimmsnarl|Spirit Break|p2b: Miraidon\n|-supereffective|p2b: Miraidon\n|-damage|p2b: Miraidon|38/100\n|-unboost|p2b: Miraidon|spa|1\n|\n|-heal|p2a: Gliscor|73/100 tox|[from] ability: Poison Heal\n|-damage|p1a: Grimmsnarl|22/100 tox|[from] psn\n|upkeep\n|\n|t:|1775277441\n|switch|p1b: Miraidon|Miraidon, L50|100/100\n|-status|p1b: Miraidon|tox\n|-activate|p1b: Miraidon|ability: Hadron Engine\n|turn|8\n|c|\u2606Slyscor|huge predict\n|inactive|Slyscor has 30 seconds left.\n|\n|t:|1775277469\n|-terastallize|p1b: Miraidon|Electric\n|move|p2b: Miraidon|Dazzling Gleam|p1a: Grimmsnarl|[spread] p1a,p1b\n|-supereffective|p1a: Grimmsnarl\n|-damage|p1a: Grimmsnarl|0 fnt\n|-damage|p1b: Miraidon|91/100 tox\n|faint|p1a: Grimmsnarl\n|move|p1b: Miraidon|Draco Meteor|p2a: Gliscor\n|-damage|p2a: Gliscor|0 fnt\n|-unboost|p1b: Miraidon|spa|2\n|faint|p2a: Gliscor\n|\n|-damage|p1b: Miraidon|86/100 tox|[from] psn\n|-sideend|p1: snively3|Reflect\n|upkeep\n|turn|9\n|j| GoogleDad\n|l| Ali_0009\n|\n|t:|1775277481\n|move|p2b: Miraidon|Dazzling Gleam|p1b: Miraidon\n|-damage|p1b: Miraidon|72/100 tox\n|move|p1b: Miraidon|Draco Meteor|p2b: Miraidon\n|-supereffective|p2b: Miraidon\n|-damage|p2b: Miraidon|0 fnt\n|-unboost|p1b: Miraidon|spa|2\n|faint|p2b: Miraidon\n|\n|win|snively3\n|n|\u2606snively3|snively3\n|n|\u2606Slyscor|slyscor\n|n| mynamegrassgreen|mynamegrassgreen\n|n| aurora ltd|auroraltd\n|n| funnydude1562|funnydude1562\n|n| holdingb|holdingb\n|n| GoogleDad|googledad\n|c|\u2606snively3|gg\n|l| funnydude1562\n|c|\u2606Slyscor|gg\n|l|\u2606snively3\n|player|p1|\n|l| mynamegrassgreen\n|l|\u2606Slyscor\n|player|p2|\n","uploadtime":1775277560,"views":6,"formatid":"gen9vgc2026regi","rating":null,"private":0,"password":null}