{"id":"gen9vgc2026regi-2565257443","format":"[Gen 9] VGC 2026 Reg I","players":["ScribbleScribble","Billlmads"],"log":"|j|\u2606ScribbleScribble\n|j|\u2606Billlmads\n|t:|1774252974\n|gametype|doubles\n|player|p1|ScribbleScribble|mina-lgpe|1628\n|player|p2|Billlmads|red|1615\n|gen|9\n|tier|[Gen 9] VGC 2026 Reg I\n|rated|\n|rule|Species Clause: Limit one of each Pok\u00e9mon\n|rule|Item Clause: Limit 1 of each item\n|clearpoke\n|poke|p1|Calyrex-Ice, L50|\n|poke|p1|Kyogre, L50|\n|poke|p1|Tornadus, L50, M|\n|poke|p1|Indeedee-F, L50, F|\n|poke|p1|Urshifu-*, L50, M|\n|poke|p1|Landorus, L50, M|\n|poke|p2|Calyrex-Ice, L50|\n|poke|p2|Miraidon, L50|\n|poke|p2|Volcarona, L50, F|\n|poke|p2|Grimmsnarl, L50, M|\n|poke|p2|Incineroar, L50, M|\n|poke|p2|Ditto, L50|\n|teampreview|4\n|inactive|Battle timer is ON: inactive players will automatically lose when time's up. (requested by ScribbleScribble)\n|\n|t:|1774252983\n|teamsize|p1|4\n|teamsize|p2|4\n|start\n|switch|p1a: Calyrex|Calyrex-Ice, L50|100/100\n|switch|p1b: Indeedee|Indeedee-F, L50, F, shiny|100/100\n|switch|p2a: Miraidon|Miraidon, L50|100/100\n|switch|p2b: Grimmsnarl|Grimmsnarl, L50, M, shiny|100/100\n|-ability|p1a: Calyrex|As One\n|-ability|p1a: Calyrex|Unnerve\n|-fieldstart|move: Electric Terrain|[from] ability: Hadron Engine|[of] p2a: Miraidon\n|-fieldstart|move: Psychic Terrain|[from] ability: Psychic Surge|[of] p1b: Indeedee\n|-enditem|p1b: Indeedee|Psychic Seed\n|-boost|p1b: Indeedee|spd|1|[from] item: Psychic Seed\n|turn|1\n|inactive|ScribbleScribble has 30 seconds left.\n|\n|t:|1774253011\n|-terastallize|p1b: Indeedee|Ground\n|move|p1b: Indeedee|Follow Me|p1b: Indeedee\n|-singleturn|p1b: Indeedee|move: Follow Me\n|move|p2b: Grimmsnarl|Reflect|p2b: Grimmsnarl\n|-sidestart|p2: Billlmads|Reflect\n|move|p2a: Miraidon|Volt Switch|p1b: Indeedee\n|-immune|p1b: Indeedee\n|move|p1a: Calyrex|Glacial Lance|p2a: Miraidon|[spread] p2a,p2b\n|-supereffective|p2a: Miraidon\n|-damage|p2a: Miraidon|45/100\n|-damage|p2b: Grimmsnarl|68/100\n|\n|upkeep\n|turn|2\n|\n|t:|1774253021\n|switch|p2a: Calyrex|Calyrex-Ice, L50|100/100\n|-ability|p2a: Calyrex|As One\n|-ability|p2a: Calyrex|Unnerve\n|switch|p2b: Ditto|Ditto, L50|100/100\n|-transform|p2b: Ditto|p1a: Calyrex|[from] ability: Imposter\n|-ability|p2b: Ditto|As One\n|-ability|p2b: Ditto|Unnerve\n|move|p1a: Calyrex|Glacial Lance|p2a: Calyrex|[spread] p2a,p2b\n|-resisted|p2a: Calyrex\n|-resisted|p2b: Ditto\n|-crit|p2b: Ditto\n|-damage|p2a: Calyrex|89/100\n|-damage|p2b: Ditto|70/100\n|move|p1b: Indeedee|Psychic|p2a: Calyrex\n|-resisted|p2a: Calyrex\n|-damage|p2a: Calyrex|78/100\n|\n|-heal|p2a: Calyrex|84/100|[from] item: Leftovers\n|upkeep\n|turn|3\n|\n|t:|1774253036\n|switch|p1b: Kyogre|Kyogre, L50|100/100\n|-weather|RainDance|[from] ability: Drizzle|[of] p1b: Kyogre\n|move|p1a: Calyrex|Imprison|p1a: Calyrex\n|-start|p1a: Calyrex|move: Imprison\n|cant|p2b: Ditto|move: Imprison|Imprison\n|cant|p2a: Calyrex|move: Imprison|Glacial Lance\n|\n|-weather|RainDance|[upkeep]\n|-heal|p2a: Calyrex|90/100|[from] item: Leftovers\n|upkeep\n|turn|4\n|\n|t:|1774253058\n|switch|p2b: Grimmsnarl|Grimmsnarl, L50, M, shiny|68/100\n|move|p1b: Kyogre|Water Spout|p2a: Calyrex|[spread] p2a,p2b\n|-crit|p2b: Grimmsnarl\n|-damage|p2a: Calyrex|29/100\n|-damage|p2b: Grimmsnarl|0 fnt\n|faint|p2b: Grimmsnarl\n|move|p1a: Calyrex|Glacial Lance|p2a: Calyrex\n|-resisted|p2a: Calyrex\n|-damage|p2a: Calyrex|15/100\n|move|p2a: Calyrex|Leech Seed|p1b: Kyogre\n|-start|p1b: Kyogre|move: Leech Seed\n|\n|-weather|RainDance|[upkeep]\n|-heal|p2a: Calyrex|21/100|[from] item: Leftovers\n|-damage|p1b: Kyogre|88/100|[from] Leech Seed|[of] p2a: Calyrex\n|-heal|p2a: Calyrex|32/100|[silent]\n|upkeep\n|\n|t:|1774253067\n|switch|p2b: Miraidon|Miraidon, L50|45/100\n|-fieldstart|move: Electric Terrain|[from] ability: Hadron Engine|[of] p2b: Miraidon\n|turn|5\n|inactive|ScribbleScribble has 30 seconds left.\n|inactive|Billlmads has 30 seconds left.\n|j| tryeve\n|inactive|ScribbleScribble has 20 seconds left.\n|\n|t:|1774253107\n|switch|p1b: Indeedee|Indeedee-F, L50, F, shiny, tera:Ground|100/100\n|-fieldstart|move: Psychic Terrain|[from] ability: Psychic Surge|[of] p1b: Indeedee\n|switch|p2a: Ditto|Ditto, L50|70/100\n|-transform|p2a: Ditto|p1b: Indeedee|[from] ability: Imposter\n|-terastallize|p2b: Miraidon|Electric\n|move|p2b: Miraidon|Volt Switch|p1b: Indeedee\n|-immune|p1b: Indeedee\n|move|p1a: Calyrex|Glacial Lance|p2b: Miraidon|[spread] p2a,p2b\n|-damage|p2a: Ditto|35/100\n|-damage|p2b: Miraidon|15/100\n|\n|-weather|RainDance|[upkeep]\n|upkeep\n|turn|6\n|-message|Billlmads forfeited.\n|\n|win|ScribbleScribble\n|raw|ScribbleScribble's rating: 1598 &rarr; <strong>1619</strong><br />(+21 for winning)\n|raw|Billlmads's rating: 1615 &rarr; <strong>1594</strong><br />(-21 for losing)\n|l|\u2606ScribbleScribble\n|player|p1|\n","uploadtime":1774253354,"views":26,"formatid":"gen9vgc2026regi","rating":1594,"private":0,"password":null}