{"id":"gen9vgc2026regi-2563105651","format":"[Gen 9] VGC 2026 Reg I","players":["TheManOfSausage","Matte23"],"log":"|j|\u2606TheManOfSausage\n|j|\u2606Matte23\n|t:|1773986523\n|gametype|doubles\n|player|p1|TheManOfSausage|miku-water|1445\n|player|p2|Matte23|1|1335\n|gen|9\n|tier|[Gen 9] VGC 2026 Reg I\n|rated|\n|rule|Species Clause: Limit one of each Pok\u00e9mon\n|rule|Item Clause: Limit 1 of each item\n|clearpoke\n|poke|p1|Calyrex-Ice, L50|\n|poke|p1|Miraidon, L50|\n|poke|p1|Amoonguss, L50, F|\n|poke|p1|Incineroar, L50, M|\n|poke|p1|Urshifu-*, L50, M|\n|poke|p1|Grimmsnarl, L50, M|\n|poke|p2|Calyrex-Ice, L50|\n|poke|p2|Miraidon, L50|\n|poke|p2|Grimmsnarl, L50, M|\n|poke|p2|Urshifu-*, L50, F|\n|poke|p2|Incineroar, L50, M|\n|poke|p2|Landorus, L50, M|\n|teampreview|4\nTheManOfSausage has agreed to open team sheets.\n|\n|t:|1773986557\n|teamsize|p1|4\n|teamsize|p2|4\n|start\n|switch|p1a: Magical Mirai|Miraidon, L50|100/100\n|switch|p1b: Grimmsnarl|Grimmsnarl, L50, M, shiny|100/100\n|switch|p2a: Grimmsnarl|Grimmsnarl, L50, M|100/100\n|switch|p2b: Miraidon|Miraidon, L50|100/100\n|-fieldstart|move: Electric Terrain|[from] ability: Hadron Engine|[of] p1a: Magical Mirai\n|-activate|p2b: Miraidon|ability: Hadron Engine\n|turn|1\n|\n|t:|1773986571\n|move|p2a: Grimmsnarl|Light Screen|p2a: Grimmsnarl\n|-sidestart|p2: Matte23|move: Light Screen\n|move|p1b: Grimmsnarl|Light Screen|p1b: Grimmsnarl\n|-sidestart|p1: TheManOfSausage|move: Light Screen\n|move|p1a: Magical Mirai|Volt Switch|p2a: Grimmsnarl\n|-damage|p2a: Grimmsnarl|61/100\n|\n|t:|1773986576\n|switch|p1a: Ogurin|Calyrex-Ice, L50|100/100|[from] Volt Switch\n|-ability|p1a: Ogurin|As One\n|-ability|p1a: Ogurin|Unnerve\n|move|p2b: Miraidon|Dazzling Gleam|p1a: Ogurin|[spread] p1a,p1b\n|-supereffective|p1b: Grimmsnarl\n|-damage|p1a: Ogurin|83/100\n|-damage|p1b: Grimmsnarl|58/100\n|\n|upkeep\n|turn|2\n|\n|t:|1773986591\n|switch|p2b: Calyrex|Calyrex-Ice, L50|100/100\n|-ability|p2b: Calyrex|As One\n|-ability|p2b: Calyrex|Unnerve\n|move|p2a: Grimmsnarl|Reflect|p2a: Grimmsnarl\n|-sidestart|p2: Matte23|Reflect\n|move|p1b: Grimmsnarl|Reflect|p1b: Grimmsnarl\n|-sidestart|p1: TheManOfSausage|Reflect\n|move|p1a: Ogurin|Glacial Lance|p2b: Calyrex|[spread] p2a,p2b\n|-resisted|p2b: Calyrex\n|-damage|p2a: Grimmsnarl|18/100\n|-damage|p2b: Calyrex|89/100\n|\n|-heal|p2b: Calyrex|95/100|[from] item: Leftovers\n|upkeep\n|turn|3\n|\n|t:|1773986612\n|move|p2a: Grimmsnarl|Spirit Break|p1b: Grimmsnarl\n|-supereffective|p1b: Grimmsnarl\n|-damage|p1b: Grimmsnarl|16/100\n|-unboost|p1b: Grimmsnarl|spa|1\n|move|p1b: Grimmsnarl|Spirit Break|p2b: Calyrex\n|-damage|p2b: Calyrex|82/100\n|-unboost|p2b: Calyrex|spa|1\n|move|p2b: Calyrex|Leech Seed|p1a: Ogurin\n|-start|p1a: Ogurin|move: Leech Seed\n|move|p1a: Ogurin|Glacial Lance|p2b: Calyrex|[spread] p2a,p2b\n|-resisted|p2b: Calyrex\n|-crit|p2b: Calyrex\n|-damage|p2a: Grimmsnarl|0 fnt\n|-damage|p2b: Calyrex|55/100\n|faint|p2a: Grimmsnarl\n|-ability|p1a: Ogurin|Chilling Neigh|boost\n|-boost|p1a: Ogurin|atk|1\n|\n|-heal|p2b: Calyrex|60/100|[from] item: Leftovers\n|-damage|p1a: Ogurin|71/100|[from] Leech Seed|[of] p2b: Calyrex\n|-heal|p2b: Calyrex|72/100|[silent]\n|upkeep\n|\n|t:|1773986636\n|switch|p2a: Landorus|Landorus, L50, M|100/100\n|turn|4\n|\n|t:|1773986646\n|move|p2a: Landorus|Protect|p2a: Landorus\n|-singleturn|p2a: Landorus|Protect\n|move|p1a: Ogurin|Protect|p1a: Ogurin\n|-singleturn|p1a: Ogurin|Protect\n|move|p1b: Grimmsnarl|Spirit Break|p2a: Landorus\n|-activate|p2a: Landorus|move: Protect\n|move|p2b: Calyrex|Glacial Lance|p1a: Ogurin|[spread] p1b\n|-activate|p1a: Ogurin|move: Protect\n|-damage|p1b: Grimmsnarl|0 fnt\n|faint|p1b: Grimmsnarl\n|-ability|p2b: Calyrex|Chilling Neigh|boost\n|-boost|p2b: Calyrex|atk|1\n|\n|-heal|p2b: Calyrex|78/100|[from] item: Leftovers\n|-damage|p1a: Ogurin|59/100|[from] Leech Seed|[of] p2b: Calyrex\n|-heal|p2b: Calyrex|90/100|[silent]\n|upkeep\n|\n|t:|1773986653\n|switch|p1b: Urshifu|Urshifu-Rapid-Strike, L50, M|100/100\n|turn|5\n|\n|t:|1773986677\n|-terastallize|p1b: Urshifu|Water\n|move|p1b: Urshifu|Surging Strikes|p2b: Calyrex\n|-crit|p2b: Calyrex\n|-damage|p2b: Calyrex|73/100\n|-crit|p2b: Calyrex\n|-damage|p2b: Calyrex|57/100\n|-crit|p2b: Calyrex\n|-damage|p2b: Calyrex|37/100\n|-hitcount|p2b: Calyrex|3\n|move|p2a: Landorus|Earth Power|p1b: Urshifu\n|-damage|p1b: Urshifu|21/100\n|move|p2b: Calyrex|Glacial Lance|p1a: Ogurin|[spread] p1a,p1b\n|-resisted|p1a: Ogurin\n|-resisted|p1b: Urshifu\n|-damage|p1a: Ogurin|42/100\n|-damage|p1b: Urshifu|0 fnt\n|faint|p1b: Urshifu\n|-ability|p2b: Calyrex|Chilling Neigh|boost\n|-boost|p2b: Calyrex|atk|1\n|move|p1a: Ogurin|Trick Room|p1a: Ogurin\n|-fieldstart|move: Trick Room|[of] p1a: Ogurin\n|\n|-heal|p2b: Calyrex|43/100|[from] item: Leftovers\n|-damage|p1a: Ogurin|29/100|[from] Leech Seed|[of] p2b: Calyrex\n|-heal|p2b: Calyrex|55/100|[silent]\n|-fieldend|move: Electric Terrain\n|upkeep\n|\n|t:|1773986682\n|switch|p1b: Magical Mirai|Miraidon, L50|100/100\n|-fieldstart|move: Electric Terrain|[from] ability: Hadron Engine|[of] p1b: Magical Mirai\n|turn|6\n|\n|t:|1773986708\n|-terastallize|p2a: Landorus|Poison\n|move|p1a: Ogurin|Glacial Lance|p2a: Landorus|[spread] p2a,p2b\n|-resisted|p2b: Calyrex\n|-damage|p2a: Landorus|40/100\n|-damage|p2b: Calyrex|36/100\n|move|p2b: Calyrex|Glacial Lance|p1b: Magical Mirai|[spread] p1a,p1b\n|-resisted|p1a: Ogurin\n|-supereffective|p1b: Magical Mirai\n|-damage|p1a: Ogurin|7/100\n|-damage|p1b: Magical Mirai|0 fnt\n|faint|p1b: Magical Mirai\n|-ability|p2b: Calyrex|Chilling Neigh|boost\n|-boost|p2b: Calyrex|atk|1\n|move|p2a: Landorus|Earth Power|p1a: Ogurin\n|-damage|p1a: Ogurin|0 fnt\n|faint|p1a: Ogurin\n|\n|win|Matte23\n|raw|TheManOfSausage's rating: 1445 &rarr; <strong>1419</strong><br />(-26 for losing)\n|raw|Matte23's rating: 1335 &rarr; <strong>1361</strong><br />(+26 for winning)\n|c|\u2606TheManOfSausage|gg\n|l|\u2606TheManOfSausage\n|player|p1|\n|l|\u2606Matte23\n|player|p2|\n","uploadtime":1773986914,"views":14,"formatid":"gen9vgc2026regi","rating":1361,"private":0,"password":null}