{"id":"gen9vgc2026regi-2549020441","format":"[Gen 9] VGC 2026 Reg I","players":["U lost da game","partigiano jonny"],"log":"|j|\u2606U lost da game\n|j|\u2606partigiano jonny\n|t:|1772296811\n|gametype|doubles\n|player|p1|U lost da game|169|1339\n|player|p2|partigiano jonny|volkner|1517\n|gen|9\n|tier|[Gen 9] VGC 2026 Reg I\n|rated|\n|rule|Species Clause: Limit one of each Pok\u00e9mon\n|rule|Item Clause: Limit 1 of each item\n|clearpoke\n|poke|p1|Miraidon, L50|\n|poke|p1|Ursaluna, L50, F|\n|poke|p1|Ho-Oh, L50|\n|poke|p1|Incineroar, L50, M|\n|poke|p1|Flutter Mane, L50|\n|poke|p1|Cresselia, L50, F|\n|poke|p2|Terapagos, L50, M|\n|poke|p2|Miraidon, L50|\n|poke|p2|Incineroar, L50, M|\n|poke|p2|Iron Treads, L50|\n|poke|p2|Sinistcha, L50|\n|poke|p2|Urshifu-*, L50, M|\n|teampreview|4\n|\n|t:|1772296835\n|teamsize|p1|4\n|teamsize|p2|4\n|start\n|switch|p1a: Cresselia|Cresselia, L50, F|100/100\n|switch|p1b: Miraidon|Miraidon, L50|100/100\n|switch|p2a: Terapagos|Terapagos, L50, M|100/100\n|switch|p2b: Miraidon|Miraidon, L50|100/100\n|-activate|p2a: Terapagos|ability: Tera Shift\n|detailschange|p2a: Terapagos|Terapagos-Terastal, L50, M\n|-heal|p2a: Terapagos|100/100|[silent]\n|-fieldstart|move: Electric Terrain|[from] ability: Hadron Engine|[of] p1b: Miraidon\n|-enditem|p2a: Terapagos|Electric Seed\n|-boost|p2a: Terapagos|def|1|[from] item: Electric Seed\n|-activate|p2b: Miraidon|ability: Hadron Engine\n|turn|1\n|\n|t:|1772296849\n|move|p1b: Miraidon|Volt Switch|p2a: Terapagos\n|-activate|p2a: Terapagos|ability: Tera Shell\n|-resisted|p2a: Terapagos\n|-damage|p2a: Terapagos|59/100\n|\n|t:|1772296853\n|switch|p1b: Ursaluna|Ursaluna, L50, F|100/100|[from] Volt Switch\n|move|p2b: Miraidon|Electro Drift|p1a: Cresselia\n|-damage|p1a: Cresselia|48/100\n|-enditem|p1a: Cresselia|Sitrus Berry|[eat]\n|-heal|p1a: Cresselia|72/100|[from] item: Sitrus Berry\n|move|p2a: Terapagos|Calm Mind|p2a: Terapagos\n|-boost|p2a: Terapagos|spa|1\n|-boost|p2a: Terapagos|spd|1\n|move|p1a: Cresselia|Trick Room|p1a: Cresselia\n|-fieldstart|move: Trick Room|[of] p1a: Cresselia\n|\n|-status|p1b: Ursaluna|brn|[from] item: Flame Orb\n|upkeep\n|turn|2\n|\n|t:|1772296891\n|switch|p2b: Sinistcha|Sinistcha, L50|100/100\n|-heal|p2a: Terapagos|84/100|[from] ability: Hospitality|[of] p2b: Sinistcha\n|-terastallize|p2a: Terapagos|Stellar\n|detailschange|p2a: Terapagos|Terapagos-Stellar, L50, M, tera:Stellar\n|-heal|p2a: Terapagos|88/100|[silent]\n|-ability|p2a: Terapagos|Teraform Zero\n|-fieldend|move: Electric Terrain\n|move|p1a: Cresselia|Helping Hand|p1b: Ursaluna\n|-singleturn|p1b: Ursaluna|Helping Hand|[of] p1a: Cresselia\n|move|p1b: Ursaluna|Earthquake|p2a: Terapagos|[spread] p2a,p2b\n|-immune|p1a: Cresselia|[from] ability: Levitate\n|-resisted|p2b: Sinistcha\n|-damage|p2a: Terapagos|54/100\n|-damage|p2b: Sinistcha|65/100\n|move|p2a: Terapagos|Tera Starstorm|p1b: Ursaluna|[spread] p1a,p1b\n|-damage|p1a: Cresselia|44/100\n|-damage|p1b: Ursaluna|52/100 brn\n|\n|-damage|p1b: Ursaluna|46/100 brn|[from] brn\n|upkeep\n|turn|3\n|\n|t:|1772296957\n|switch|p1b: Ho-Oh|Ho-Oh, L50|100/100\n|move|p2b: Sinistcha|Rage Powder|p2b: Sinistcha\n|-singleturn|p2b: Sinistcha|move: Rage Powder\n|move|p1a: Cresselia|Lunar Blessing|p1a: Cresselia|[spread] p1a,p1b\n|-heal|p1a: Cresselia|69/100\n|move|p2a: Terapagos|Tera Starstorm|p1a: Cresselia|[spread] p1a,p1b\n|-damage|p1a: Cresselia|37/100\n|-damage|p1b: Ho-Oh|66/100\n|\n|upkeep\n|turn|4\n|\n|t:|1772296971\n|switch|p2b: Miraidon|Miraidon, L50|100/100\n|-fieldstart|move: Electric Terrain|[from] ability: Hadron Engine|[of] p2b: Miraidon\n|move|p1a: Cresselia|Lunar Blessing|p1a: Cresselia|[spread] p1a,p1b\n|-heal|p1a: Cresselia|62/100\n|-heal|p1b: Ho-Oh|91/100\n|move|p2a: Terapagos|Calm Mind|p2a: Terapagos\n|-boost|p2a: Terapagos|spa|1\n|-boost|p2a: Terapagos|spd|1\n|move|p1b: Ho-Oh|Sacred Fire|p2b: Miraidon\n|-resisted|p2b: Miraidon\n|-damage|p2b: Miraidon|74/100\n|-status|p2b: Miraidon|brn\n|\n|-damage|p2b: Miraidon|68/100 brn|[from] brn\n|upkeep\n|turn|5\n|\n|t:|1772296992\n|-terastallize|p1b: Ho-Oh|Grass\n|move|p1a: Cresselia|Psychic|p2b: Miraidon\n|-damage|p2b: Miraidon|54/100 brn\n|move|p2a: Terapagos|Tera Starstorm|p1a: Cresselia|[spread] p1a,p1b\n|-supereffective|p1b: Ho-Oh\n|-damage|p1a: Cresselia|20/100\n|-damage|p1b: Ho-Oh|0 fnt\n|faint|p1b: Ho-Oh\n|move|p2b: Miraidon|Volt Switch|p1a: Cresselia\n|-damage|p1a: Cresselia|0 fnt\n|faint|p1a: Cresselia\n|-message|U lost da game forfeited.\n|\n|win|partigiano jonny\n|raw|U lost da game's rating: 1339 &rarr; <strong>1328</strong><br />(-11 for losing)\n|raw|partigiano jonny's rating: 1517 &rarr; <strong>1528</strong><br />(+11 for winning)\n","uploadtime":1772297000,"views":13,"formatid":"gen9vgc2026regi","rating":1328,"private":0,"password":null}