{"id":"gen9vgc2026regi-2552308218","format":"[Gen 9] VGC 2026 Reg I","players":["VJ2511","drive stone"],"log":"|j|\u2606VJ2511\n|j|\u2606drive stone\n|t:|1772705921\n|gametype|doubles\n|player|p1|VJ2511|red-masters3|1545\n|player|p2|drive stone|cilan|1499\n|gen|9\n|tier|[Gen 9] VGC 2026 Reg I\n|rated|\n|rule|Species Clause: Limit one of each Pok\u00e9mon\n|rule|Item Clause: Limit 1 of each item\n|clearpoke\n|poke|p1|Calyrex-Shadow, L50|\n|poke|p1|Zamazenta-*, L50|\n|poke|p1|Chien-Pao, L50|\n|poke|p1|Dragonite, L50, M|\n|poke|p1|Raging Bolt, L50|\n|poke|p1|Amoonguss, L50, M|\n|poke|p2|Calyrex-Ice, L50|\n|poke|p2|Farigiraf, L50, M|\n|poke|p2|Scraggy, L50, F|\n|poke|p2|Iron Treads, L50|\n|poke|p2|Iron Hands, L50|\n|poke|p2|Miraidon, L50|\n|teampreview|4\n|inactive|Battle timer is ON: inactive players will automatically lose when time's up. (requested by VJ2511)\n|inactive|drive stone has 60 seconds left.\n|\n|t:|1772705964\n|teamsize|p1|4\n|teamsize|p2|4\n|start\n|switch|p1a: Zamazenta|Zamazenta-Crowned, L50|100/100\n|switch|p1b: Chien-Pao|Chien-Pao, L50|100/100\n|switch|p2a: Scraggy|Scraggy, L50, F|100/100\n|switch|p2b: Farigiraf|Farigiraf, L50, M|100/100\n|-ability|p1b: Chien-Pao|Sword of Ruin\n|-ability|p1a: Zamazenta|Dauntless Shield|boost\n|-boost|p1a: Zamazenta|def|1\n|-ability|p2a: Scraggy|Intimidate|boost\n|-unboost|p1a: Zamazenta|atk|1\n|-unboost|p1b: Chien-Pao|atk|1\n|turn|1\n|\n|t:|1772705987\n|move|p2a: Scraggy|Fake Out|p1b: Chien-Pao\n|-damage|p1b: Chien-Pao|91/100\n|cant|p1b: Chien-Pao|flinch\n|move|p1a: Zamazenta|Body Press|p2b: Farigiraf\n|-damage|p2b: Farigiraf|30/100\n|move|p2b: Farigiraf|Trick Room|p2b: Farigiraf\n|-fieldstart|move: Trick Room|[of] p2b: Farigiraf\n|\n|upkeep\n|turn|2\n|\n|t:|1772706001\n|switch|p2b: Iron Hands|Iron Hands, L50|100/100\n|-terastallize|p1b: Chien-Pao|Poison\n|move|p2a: Scraggy|Coaching|p2b: Iron Hands\n|-boost|p2b: Iron Hands|atk|1\n|-boost|p2b: Iron Hands|def|1\n|move|p1a: Zamazenta|Body Press|p2a: Scraggy\n|-supereffective|p2a: Scraggy\n|-damage|p2a: Scraggy|0 fnt\n|faint|p2a: Scraggy\n|move|p1b: Chien-Pao|Ice Spinner|p2b: Iron Hands\n|-damage|p2b: Iron Hands|86/100\n|\n|upkeep\n|\n|t:|1772706016\n|switch|p2a: Farigiraf|Farigiraf, L50, M|30/100\n|turn|3\n|\n|t:|1772706022\n|switch|p1b: Dragonite|Dragonite, L50, M, shiny|100/100\n|move|p1a: Zamazenta|Protect|p1a: Zamazenta\n|-singleturn|p1a: Zamazenta|Protect\n|move|p2b: Iron Hands|Low Kick|p1a: Zamazenta\n|-activate|p1a: Zamazenta|move: Protect\n|move|p2a: Farigiraf|Psychic|p1b: Dragonite\n|-damage|p1b: Dragonite|72/100\n|\n|upkeep\n|turn|4\n|\n|t:|1772706036\n|move|p2b: Iron Hands|Low Kick|p1a: Zamazenta\n|-supereffective|p1a: Zamazenta\n|-damage|p1a: Zamazenta|18/100\n|move|p2a: Farigiraf|Foul Play|p1b: Dragonite\n|-damage|p1b: Dragonite|37/100\n|move|p1b: Dragonite|Outrage|p2b: Iron Hands\n|-damage|p2b: Iron Hands|34/100\n|move|p1a: Zamazenta|Body Press|p2a: Farigiraf\n|-damage|p2a: Farigiraf|0 fnt\n|faint|p2a: Farigiraf\n|\n|upkeep\n|\n|t:|1772706050\n|switch|p2a: Miraidon|Miraidon, L50|100/100\n|-fieldstart|move: Electric Terrain|[from] ability: Hadron Engine|[of] p2a: Miraidon\n|-activate|p2b: Iron Hands|ability: Quark Drive\n|-start|p2b: Iron Hands|quarkdriveatk\n|turn|5\n|inactive|drive stone has 30 seconds left.\n|inactive|drive stone has 20 seconds left.\n|inactive|drive stone has 15 seconds left.\n|\n|t:|1772706094\n|move|p2b: Iron Hands|Low Kick|p1a: Zamazenta\n|-supereffective|p1a: Zamazenta\n|-damage|p1a: Zamazenta|0 fnt\n|faint|p1a: Zamazenta\n|move|p1b: Dragonite|Outrage|p2a: Miraidon|[from] lockedmove\n|-supereffective|p2a: Miraidon\n|-damage|p2a: Miraidon|0 fnt\n|faint|p2a: Miraidon\n|-start|p1b: Dragonite|confusion|[fatigue]\n|\n|-fieldend|move: Trick Room\n|upkeep\n|c|\u2606VJ2511|gg\n|\n|t:|1772706105\n|switch|p1a: Chien-Pao|Chien-Pao, L50, tera:Poison|91/100\n|-ability|p1a: Chien-Pao|Sword of Ruin\n|turn|6\n|\n|t:|1772706121\n|-terastallize|p2b: Iron Hands|Water\n|move|p1a: Chien-Pao|Ice Spinner|p2b: Iron Hands\n|-resisted|p2b: Iron Hands\n|-crit|p2b: Iron Hands\n|-damage|p2b: Iron Hands|11/100\n|-fieldend|move: Electric Terrain\n|-end|p2b: Iron Hands|Quark Drive\n|-activate|p1b: Dragonite|confusion\n|move|p1b: Dragonite|Outrage|p2b: Iron Hands\n|-damage|p2b: Iron Hands|0 fnt\n|faint|p2b: Iron Hands\n|-end|p2b: Iron Hands|Quark Drive|[silent]\n|\n|win|VJ2511\n|raw|VJ2511's rating: 1545 &rarr; <strong>1562</strong><br />(+17 for winning)\n|raw|drive stone's rating: 1499 &rarr; <strong>1482</strong><br />(-17 for losing)\n|l|\u2606drive stone\n|player|p2|\n|l|\u2606VJ2511\n|player|p1|\n","uploadtime":1772706357,"views":17,"formatid":"gen9vgc2026regi","rating":1482,"private":0,"password":null}