{"id":"gen9vgc2026regi-2562916659","format":"[Gen 9] VGC 2026 Reg I","players":["clodsire92744","realcomrade379"],"log":"|j|\u2606clodsire92744\n|j|\u2606realcomrade379\n|t:|1773962302\n|gametype|doubles\n|player|p1|clodsire92744|170|\n|player|p2|realcomrade379|shadowtriad|\n|gen|9\n|tier|[Gen 9] VGC 2026 Reg I\n|rated|Tournament battle\n|rule|Species Clause: Limit one of each Pok\u00e9mon\n|rule|Item Clause: Limit 1 of each item\n|raw|<div class=\"infobox\"><details class=\"readmore\" open><summary><strong>3 custom rules:</strong></summary> Open Team Sheets, Force Open Team Sheets, !Open Team Sheets</details></div>\n|clearpoke\n|poke|p1|Pachirisu, L50, M|\n|poke|p1|Gholdengo, L50|\n|poke|p1|Tornadus, L50, M|\n|poke|p1|Ursaluna, L50, M|\n|poke|p1|Koraidon, L50|\n|poke|p1|Lunala, L50|\n|poke|p2|Miraidon, L50|\n|poke|p2|Calyrex-Ice, L50|\n|poke|p2|Urshifu-*, L50, F|\n|poke|p2|Incineroar, L50, F|\n|poke|p2|Landorus, L50, M|\n|poke|p2|Grimmsnarl, L50, M|\n|teampreview|4\n|showteam|p1|Pachirisu||SafetyGoggles|VoltAbsorb|Nuzzle,SuperFang,FollowMe,Protect|||M|||50|,,,,,Steel]Gholdengo||MetalCoat|GoodasGold|MakeItRain,ShadowBall,NastyPlot,Protect||||||50|,,,,,Normal]Tornadus||CovertCloak|Prankster|BleakwindStorm,Tailwind,Taunt,Protect|||M|||50|,,,,,Dark]Ursaluna||FlameOrb|Guts|Facade,Earthquake,HeadlongRush,Protect|||M|||50|,,,,,Dragon]Koraidon||AssaultVest|OrichalcumPulse|DragonClaw,CollisionCourse,FlameCharge,FlareBlitz||||||50|,,,,,Fairy]Lunala||PowerHerb|ShadowShield|MeteorBeam,MoongeistBeam,WideGuard,TrickRoom||||||50|,,,,,Rock\n|showteam|p2|Miraidon||ChoiceSpecs|HadronEngine|ElectroDrift,VoltSwitch,DracoMeteor,DazzlingGleam||||||50|,,,,,Fairy]Calyrex-Ice||Leftovers|AsOneGlastrier|Protect,TrickRoom,LeechSeed,GlacialLance||||||50|,,,,,Water]Urshifu-Rapid-Strike||ChoiceBand|UnseenFist|SurgingStrikes,CloseCombat,Uturn,AquaJet|||F|||50|,,,,,Ghost]Incineroar||AssaultVest|Intimidate|FlareBlitz,KnockOff,Uturn,FakeOut|||F|||50|,,,,,Grass]Landorus||LifeOrb|SheerForce|Protect,Taunt,SludgeBomb,EarthPower|||M|||50|,,,,,Water]Grimmsnarl||LightClay|Prankster|SpiritBreak,LightScreen,Reflect,ThunderWave|||M|||50|,,,,,Ghost\n|inactive|Battle timer is ON: inactive players will automatically lose when time's up. (requested by clodsire92744)\n|inactive|clodsire92744 has 60 seconds left.\n|j| HandsomeLechonk\n|\n|t:|1773962347\n|teamsize|p1|4\n|teamsize|p2|4\n|start\n|switch|p1a: Pachirisu|Pachirisu, L50, M|100/100\n|switch|p1b: Tornadus|Tornadus, L50, M|100/100\n|switch|p2a: Incineroar|Incineroar, L50, F|100/100\n|switch|p2b: Miraidon|Miraidon, L50|100/100\n|-fieldstart|move: Electric Terrain|[from] ability: Hadron Engine|[of] p2b: Miraidon\n|-ability|p2a: Incineroar|Intimidate|boost\n|-unboost|p1a: Pachirisu|atk|1\n|-unboost|p1b: Tornadus|atk|1\n|turn|1\n|l| HandsomeLechonk\n|\n|t:|1773962359\n|move|p1b: Tornadus|Protect|p1b: Tornadus\n|-singleturn|p1b: Tornadus|Protect\n|move|p1a: Pachirisu|Protect|p1a: Pachirisu\n|-singleturn|p1a: Pachirisu|Protect\n|move|p2b: Miraidon|Dazzling Gleam|p1a: Pachirisu|[spread] \n|-activate|p1a: Pachirisu|move: Protect\n|-activate|p1b: Tornadus|move: Protect\n|move|p2a: Incineroar|Flare Blitz|p1a: Pachirisu\n|-activate|p1a: Pachirisu|move: Protect\n|\n|upkeep\n|turn|2\n|inactive|clodsire92744 has 30 seconds left.\n|\n|t:|1773962387\n|move|p1b: Tornadus|Tailwind|p1b: Tornadus\n|-sidestart|p1: clodsire92744|move: Tailwind\n|move|p1a: Pachirisu|Super Fang|p2b: Miraidon\n|-damage|p2b: Miraidon|51/100\n|move|p2b: Miraidon|Dazzling Gleam|p1a: Pachirisu|[spread] p1a,p1b\n|-damage|p1a: Pachirisu|60/100\n|-damage|p1b: Tornadus|68/100\n|move|p2a: Incineroar|U-turn|p1a: Pachirisu\n|-damage|p1a: Pachirisu|38/100\n|\n|t:|1773962400\n|switch|p2a: Calyrex|Calyrex-Ice, L50|100/100|[from] U-turn\n|-ability|p2a: Calyrex|As One\n|-ability|p2a: Calyrex|Unnerve\n|\n|upkeep\n|turn|3\n|\n|t:|1773962419\n|switch|p2b: Incineroar|Incineroar, L50, F|100/100\n|-ability|p2b: Incineroar|Intimidate|boost\n|-unboost|p1a: Pachirisu|atk|1\n|-unboost|p1b: Tornadus|atk|1\n|move|p1b: Tornadus|Bleakwind Storm|p2b: Incineroar|[spread] p2a,p2b\n|-damage|p2a: Calyrex|83/100\n|-damage|p2b: Incineroar|80/100\n|-unboost|p2a: Calyrex|spe|1\n|move|p1a: Pachirisu|Nuzzle|p2a: Calyrex\n|-damage|p2a: Calyrex|81/100\n|-status|p2a: Calyrex|par\n|move|p2a: Calyrex|Glacial Lance|p1b: Tornadus|[spread] p1a,p1b\n|-supereffective|p1b: Tornadus\n|-damage|p1a: Pachirisu|0 fnt\n|-damage|p1b: Tornadus|0 fnt\n|faint|p1a: Pachirisu\n|faint|p1b: Tornadus\n|-ability|p2a: Calyrex|Chilling Neigh|boost\n|-boost|p2a: Calyrex|atk|2\n|\n|-heal|p2a: Calyrex|86/100 par|[from] item: Leftovers\n|upkeep\n|\n|t:|1773962432\n|switch|p1b: Koraidon|Koraidon, L50|100/100\n|switch|p1a: Gholdengo|Gholdengo, L50|100/100\n|-weather|SunnyDay|[from] ability: Orichalcum Pulse|[of] p1b: Koraidon\n|-activate|p1b: Koraidon|Orichalcum Pulse|[source]\n|turn|4\n|\n|t:|1773962451\n|-terastallize|p2a: Calyrex|Water\n|move|p2b: Incineroar|Fake Out|p1b: Koraidon\n|-damage|p1b: Koraidon|92/100\n|cant|p1b: Koraidon|flinch\n|move|p1a: Gholdengo|Nasty Plot|p1a: Gholdengo\n|-boost|p1a: Gholdengo|spa|2\n|cant|p2a: Calyrex|par\n|\n|-weather|SunnyDay|[upkeep]\n|-heal|p2a: Calyrex|92/100 par|[from] item: Leftovers\n|upkeep\n|turn|5\n|\n|t:|1773962471\n|move|p1b: Koraidon|Collision Course|p2b: Incineroar\n|-supereffective|p2b: Incineroar\n|-damage|p2b: Incineroar|0 fnt\n|faint|p2b: Incineroar\n|move|p1a: Gholdengo|Shadow Ball|p2a: Calyrex\n|-damage|p2a: Calyrex|46/100 par\n|-unboost|p2a: Calyrex|spd|1\n|move|p2a: Calyrex|Glacial Lance|p1b: Koraidon|[spread] p1a,p1b\n|-resisted|p1a: Gholdengo\n|-supereffective|p1b: Koraidon\n|-damage|p1a: Gholdengo|39/100\n|-damage|p1b: Koraidon|0 fnt\n|faint|p1b: Koraidon\n|-ability|p2a: Calyrex|Chilling Neigh|boost\n|-boost|p2a: Calyrex|atk|1\n|\n|-weather|SunnyDay|[upkeep]\n|-heal|p2a: Calyrex|52/100 par|[from] item: Leftovers\n|-sideend|p1: clodsire92744|move: Tailwind\n|-fieldend|move: Electric Terrain\n|upkeep\n|\n|t:|1773962487\n|switch|p2b: Miraidon|Miraidon, L50|51/100\n|-fieldstart|move: Electric Terrain|[from] ability: Hadron Engine|[of] p2b: Miraidon\n|turn|6\n|\n|t:|1773962495\n|move|p1a: Gholdengo|Protect|p1a: Gholdengo\n|-singleturn|p1a: Gholdengo|Protect\n|move|p2b: Miraidon|Electro Drift|p1a: Gholdengo\n|-activate|p1a: Gholdengo|move: Protect\n|move|p2a: Calyrex|Glacial Lance|p1a: Gholdengo\n|-activate|p1a: Gholdengo|move: Protect\n|\n|-weather|SunnyDay|[upkeep]\n|-heal|p2a: Calyrex|58/100 par|[from] item: Leftovers\n|upkeep\n|turn|7\n|c|\u2606realcomrade379|?\n|\n|t:|1773962503\n|-terastallize|p1a: Gholdengo|Normal\n|move|p2b: Miraidon|Electro Drift|p1a: Gholdengo\n|-damage|p1a: Gholdengo|0 fnt\n|faint|p1a: Gholdengo\n|\n|win|realcomrade379\n|n|\u2606clodsire92744|clodsire92744\n|n|\u2606realcomrade379|realcomrade379\n","uploadtime":1773962508,"views":22,"formatid":"gen9vgc2026regi","rating":null,"private":0,"password":null}