{"id":"gen9vgc2026regi-2587934760","format":"[Gen 9] VGC 2026 Reg I","players":["lyxxx","eru_kh"],"log":"|j|\u2606lyxxx\n|j|\u2606eru_kh\n|t:|1776581297\n|gametype|doubles\n|player|p1|lyxxx|101|1722\n|player|p2|eru_kh|2|1511\n|gen|9\n|tier|[Gen 9] VGC 2026 Reg I\n|rated|\n|rule|Species Clause: Limit one of each Pok\u00e9mon\n|rule|Item Clause: Limit 1 of each item\n|clearpoke\n|poke|p1|Calyrex-Ice, L50|\n|poke|p1|Kyogre, L50|\n|poke|p1|Smeargle, L50, F|\n|poke|p1|Indeedee-F, L50, F|\n|poke|p1|Urshifu-*, L50, M|\n|poke|p1|Landorus, L50, M|\n|poke|p2|Terapagos, L50, M|\n|poke|p2|Incineroar, L50, M|\n|poke|p2|Rillaboom, L50, M|\n|poke|p2|Amoonguss, L50, M|\n|poke|p2|Raging Bolt, L50|\n|poke|p2|Calyrex-Shadow, L50|\n|teampreview|4\n|inactive|Battle timer is ON: inactive players will automatically lose when time's up. (requested by lyxxx)\n|inactive|eru_kh has 60 seconds left.\n|j| Anthonyminghella\n|inactive|eru_kh has 30 seconds left.\n|\n|t:|1776581369\n|teamsize|p1|4\n|teamsize|p2|4\n|start\n|switch|p1a: Calyrex|Calyrex-Ice, L50|100/100\n|switch|p1b: Smeargle|Smeargle, L50, F|100/100\n|switch|p2a: Rillaboom|Rillaboom, L50, M, shiny|100/100\n|switch|p2b: Terapagos|Terapagos, L50, M|100/100\n|-activate|p2b: Terapagos|ability: Tera Shift\n|detailschange|p2b: Terapagos|Terapagos-Terastal, L50, M\n|-heal|p2b: Terapagos|100/100|[silent]\n|-ability|p1a: Calyrex|As One\n|-ability|p1a: Calyrex|Unnerve\n|-fieldstart|move: Grassy Terrain|[from] ability: Grassy Surge|[of] p2a: Rillaboom\n|turn|1\n|l|\u2606lyxxx\n|inactive|lyxxx disconnected and has a minute to reconnect!\n|player|p1|\n|j|\u2606lyxxx\n|inactive|lyxxx reconnected and has 35 seconds left.\n|player|p1|lyxxx|101|\n|inactive|lyxxx has 30 seconds left.\n|\n|t:|1776581397\n|move|p1a: Calyrex|Protect|p1a: Calyrex\n|-singleturn|p1a: Calyrex|Protect\n|move|p2a: Rillaboom|Fake Out|p1b: Smeargle\n|-damage|p1b: Smeargle|73/100\n|cant|p1b: Smeargle|flinch\n|move|p2b: Terapagos|Calm Mind|p2b: Terapagos\n|-boost|p2b: Terapagos|spa|1\n|-boost|p2b: Terapagos|spd|1\n|\n|-heal|p1b: Smeargle|79/100|[from] Grassy Terrain\n|-ability|p1b: Smeargle|Moody|boost\n|-boost|p1b: Smeargle|spa|2\n|-unboost|p1b: Smeargle|def|1\n|upkeep\n|turn|2\n|inactive|eru_kh has 30 seconds left.\n|inactive|eru_kh has 20 seconds left.\n|inactive|eru_kh has 15 seconds left.\n|\n|t:|1776581440\n|move|p1b: Smeargle|Spore|p2b: Terapagos\n|-status|p2b: Terapagos|slp|[from] move: Spore\n|cant|p2b: Terapagos|slp\n|move|p2a: Rillaboom|U-turn|p1a: Calyrex\n|-supereffective|p1a: Calyrex\n|-damage|p1a: Calyrex|75/100\n|\n|t:|1776581449\n|switch|p2a: Amoonguss|Amoonguss, L50, M|100/100|[from] U-turn\n|move|p1a: Calyrex|Trick Room|p1a: Calyrex\n|-fieldstart|move: Trick Room|[of] p1a: Calyrex\n|\n|-heal|p1a: Calyrex|81/100|[from] Grassy Terrain\n|-heal|p1b: Smeargle|85/100|[from] Grassy Terrain\n|-ability|p1b: Smeargle|Moody|boost\n|-boost|p1b: Smeargle|spd|2\n|-unboost|p1b: Smeargle|atk|1\n|upkeep\n|turn|3\n|\n|t:|1776581464\n|-terastallize|p1a: Calyrex|Grass\n|move|p2a: Amoonguss|Spore|p1a: Calyrex\n|-immune|p1a: Calyrex\n|move|p1a: Calyrex|Glacial Lance|p2b: Terapagos|[spread] p2a,p2b\n|-supereffective|p2a: Amoonguss\n|-activate|p2b: Terapagos|ability: Tera Shell\n|-resisted|p2b: Terapagos\n|-damage|p2a: Amoonguss|0 fnt\n|-damage|p2b: Terapagos|81/100 slp\n|faint|p2a: Amoonguss\n|-ability|p1a: Calyrex|Chilling Neigh|boost\n|-boost|p1a: Calyrex|atk|1\n|cant|p2b: Terapagos|slp\n|move|p1b: Smeargle|Decorate|p1a: Calyrex\n|-boost|p1a: Calyrex|atk|2\n|-boost|p1a: Calyrex|spa|2\n|\n|-heal|p1a: Calyrex|87/100|[from] Grassy Terrain\n|-heal|p2b: Terapagos|87/100 slp|[from] Grassy Terrain\n|-heal|p2b: Terapagos|94/100 slp|[from] item: Leftovers\n|-heal|p1b: Smeargle|91/100|[from] Grassy Terrain\n|-ability|p1b: Smeargle|Moody|boost\n|-boost|p1b: Smeargle|spe|2\n|-unboost|p1b: Smeargle|spd|1\n|upkeep\n|\n|t:|1776581469\n|switch|p2a: Rillaboom|Rillaboom, L50, M, shiny|100/100\n|turn|4\n|\n|t:|1776581494\n|move|p1a: Calyrex|Protect|p1a: Calyrex\n|-singleturn|p1a: Calyrex|Protect\n|cant|p2b: Terapagos|slp\n|move|p2a: Rillaboom|Grassy Glide|p1b: Smeargle\n|-damage|p1b: Smeargle|0 fnt\n|faint|p1b: Smeargle\n|\n|-heal|p1a: Calyrex|93/100|[from] Grassy Terrain\n|-heal|p2b: Terapagos|99/100 slp|[from] Grassy Terrain\n|-heal|p2b: Terapagos|100/100 slp|[from] item: Leftovers\n|upkeep\n|\n|t:|1776581508\n|switch|p1b: Urshifu|Urshifu-Rapid-Strike, L50, M|100/100\n|turn|5\n|\n|t:|1776581520\n|switch|p2a: Raging Bolt|Raging Bolt, L50|100/100\n|-enditem|p2a: Raging Bolt|Booster Energy\n|-activate|p2a: Raging Bolt|ability: Protosynthesis|[fromitem]\n|-start|p2a: Raging Bolt|protosynthesisspa\n|-terastallize|p2b: Terapagos|Stellar\n|detailschange|p2b: Terapagos|Terapagos-Stellar, L50, M, tera:Stellar\n|-heal|p2b: Terapagos|100/100 slp|[silent]\n|-ability|p2b: Terapagos|Teraform Zero\n|-fieldend|move: Grassy Terrain\n|move|p1a: Calyrex|Glacial Lance|p2a: Raging Bolt|[spread] p2a,p2b\n|-supereffective|p2a: Raging Bolt\n|-damage|p2a: Raging Bolt|0 fnt\n|-damage|p2b: Terapagos|22/100 slp\n|faint|p2a: Raging Bolt\n|-end|p2a: Raging Bolt|Protosynthesis|[silent]\n|-ability|p1a: Calyrex|Chilling Neigh|boost\n|-boost|p1a: Calyrex|atk|1\n|-curestatus|p2b: Terapagos|slp|[msg]\n|move|p2b: Terapagos|Tera Starstorm|p1a: Calyrex|[spread] p1a,p1b\n|-supereffective|p1a: Calyrex\n|-damage|p1a: Calyrex|24/100\n|-damage|p1b: Urshifu|47/100\n|move|p1b: Urshifu|Surging Strikes|p2b: Terapagos\n|-crit|p2b: Terapagos\n|-damage|p2b: Terapagos|8/100\n|-crit|p2b: Terapagos\n|-damage|p2b: Terapagos|0 fnt\n|faint|p2b: Terapagos\n|detailschange|p2: Terapagos|Terapagos, L50, M|[silent]\n|-hitcount|p2: Terapagos|2\n|\n|upkeep\n|-message|eru_kh forfeited.\n|\n|win|lyxxx\n|raw|lyxxx's rating: 1722 &rarr; <strong>1731</strong><br />(+9 for winning)\n|raw|eru_kh's rating: 1511 &rarr; <strong>1502</strong><br />(-9 for losing)\n|l|\u2606eru_kh\n|player|p2|\n|l| Anthonyminghella\n|l|\u2606lyxxx\n|player|p1|\n","uploadtime":1776581743,"views":15,"formatid":"gen9vgc2026regi","rating":1502,"private":0,"password":null}