{"id":"gen9vgc2026regi-2579535950","format":"[Gen 9] VGC 2026 Reg I","players":["TheManOfSausage","speedyturtle87"],"log":"|j|\u2606TheManOfSausage\n|j|\u2606speedyturtle87\n|t:|1775794016\n|gametype|doubles\n|player|p1|TheManOfSausage|miku-water|1635\n|player|p2|speedyturtle87|canari|1507\n|gen|9\n|tier|[Gen 9] VGC 2026 Reg I\n|rated|\n|rule|Species Clause: Limit one of each Pok\u00e9mon\n|rule|Item Clause: Limit 1 of each item\n|clearpoke\n|poke|p1|Calyrex-Ice, L50|\n|poke|p1|Miraidon, L50|\n|poke|p1|Farigiraf, L50, F|\n|poke|p1|Urshifu-*, L50, M|\n|poke|p1|Volcarona, L50, M|\n|poke|p1|Iron Hands, L50|\n|poke|p2|Miraidon, L50|\n|poke|p2|Iron Hands, L50|\n|poke|p2|Chi-Yu, L50|\n|poke|p2|Calyrex-Ice, L50|\n|poke|p2|Farigiraf, L50, M|\n|poke|p2|Volbeat, L50, M|\n|teampreview|4\n|inactive|Battle timer is ON: inactive players will automatically lose when time's up. (requested by speedyturtle87)\nTheManOfSausage has agreed to open team sheets.\n|inactive|speedyturtle87 has 60 seconds left.\n|inactive|speedyturtle87 has 30 seconds left.\nspeedyturtle87 has agreed to open team sheets.\n|showteam|p1|Calyrex-Ice||ClearAmulet|AsOneGlastrier|GlacialLance,HighHorsepower,TrickRoom,Protect||||||50|,,,,,Water]Miraidon||ChoiceScarf|HadronEngine|ElectroDrift,VoltSwitch,DracoMeteor,Snarl||||||50|,,,,,Electric]Farigiraf||ElectricSeed|ArmorTail|Psychic,FoulPlay,TrickRoom,HelpingHand|||F|||50|,,,,,Water]Urshifu-Rapid-Strike||FocusSash|UnseenFist|CloseCombat,SurgingStrikes,AquaJet,Detect|||M|||50|,,,,,Stellar]Volcarona||RockyHelmet|FlameBody|FieryDance,StruggleBug,RagePowder,Protect|||M|||50|,,,,,Dragon]Iron Hands||AssaultVest|QuarkDrive|DrainPunch,WildCharge,LowKick,FakeOut||||||50|,,,,,Water\n|showteam|p2|Miraidon||LifeOrb|HadronEngine|Protect,ElectroDrift,VoltSwitch,DracoMeteor||||||50|,,,,,Electric]Iron Hands||AssaultVest|QuarkDrive|FakeOut,WildCharge,LowKick,DrainPunch||||||50|,,,,,Bug]Chi-Yu||ChoiceScarf|BeadsofRuin|HeatWave,DarkPulse,Snarl,Overheat||||||50|,,,,,Ghost]Calyrex-Ice||ClearAmulet|AsOneGlastrier|GlacialLance,HighHorsepower,TrickRoom,Protect||||||50|,,,,,Water]Farigiraf||ElectricSeed|ArmorTail|FoulPlay,Psychic,HelpingHand,TrickRoom|||M|||50|,,,,,Fairy]Volbeat||CovertCloak|Prankster|Tailwind,Encore,Taunt,Uturn|||M|||50|,,,,,Dark\n|inactive|speedyturtle87 has 20 seconds left.\n|inactive|speedyturtle87 has 15 seconds left.\n|\n|t:|1775794094\n|teamsize|p1|4\n|teamsize|p2|4\n|start\n|switch|p1a: Magical Mirai|Miraidon, L50|100/100\n|switch|p1b: Farigiraf|Farigiraf, L50, F|100/100\n|switch|p2a: Iron Hands|Iron Hands, L50|100/100\n|switch|p2b: Miraidon|Miraidon, L50|100/100\n|-fieldstart|move: Electric Terrain|[from] ability: Hadron Engine|[of] p1a: Magical Mirai\n|-enditem|p1b: Farigiraf|Electric Seed\n|-boost|p1b: Farigiraf|def|1|[from] item: Electric Seed\n|-activate|p2a: Iron Hands|ability: Quark Drive\n|-start|p2a: Iron Hands|quarkdriveatk\n|-activate|p2b: Miraidon|ability: Hadron Engine\n|turn|1\n|\n|t:|1775794107\n|move|p2b: Miraidon|Protect|p2b: Miraidon\n|-singleturn|p2b: Miraidon|Protect\n|move|p1a: Magical Mirai|Volt Switch|p2a: Iron Hands\n|-resisted|p2a: Iron Hands\n|-damage|p2a: Iron Hands|79/100\n|\n|t:|1775794110\n|switch|p1a: Ogurin|Calyrex-Ice, L50|100/100|[from] Volt Switch\n|-ability|p1a: Ogurin|As One\n|-ability|p1a: Ogurin|Unnerve\n|move|p2a: Iron Hands|Low Kick|p1a: Ogurin\n|-damage|p1a: Ogurin|43/100\n|move|p1b: Farigiraf|Trick Room|p1b: Farigiraf\n|-fieldstart|move: Trick Room|[of] p1b: Farigiraf\n|\n|upkeep\n|turn|2\n|\n|t:|1775794123\n|switch|p2b: Calyrex|Calyrex-Ice, L50|100/100\n|-ability|p2b: Calyrex|As One\n|-ability|p2b: Calyrex|Unnerve\n|move|p1b: Farigiraf|Helping Hand|p1a: Ogurin\n|-singleturn|p1a: Ogurin|Helping Hand|[of] p1b: Farigiraf\n|move|p1a: Ogurin|Glacial Lance|p2a: Iron Hands|[spread] p2a,p2b\n|-resisted|p2b: Calyrex\n|-damage|p2a: Iron Hands|15/100\n|-damage|p2b: Calyrex|72/100\n|move|p2a: Iron Hands|Low Kick|p1a: Ogurin\n|-damage|p1a: Ogurin|0 fnt\n|faint|p1a: Ogurin\n|\n|upkeep\n|\n|t:|1775794126\n|switch|p1a: Brian|Iron Hands, L50, shiny|100/100\n|-activate|p1a: Brian|ability: Quark Drive\n|-start|p1a: Brian|quarkdriveatk\n|turn|3\n|\n|t:|1775794141\n|-end|p2a: Iron Hands|Quark Drive|[silent]\n|switch|p2a: Farigiraf|Farigiraf, L50, M|100/100\n|-enditem|p2a: Farigiraf|Electric Seed\n|-boost|p2a: Farigiraf|def|1|[from] item: Electric Seed\n|move|p1a: Brian|Drain Punch|p2a: Farigiraf\n|-damage|p2a: Farigiraf|60/100\n|move|p2b: Calyrex|Glacial Lance|p1b: Farigiraf|[spread] p1a,p1b\n|-crit|p1b: Farigiraf\n|-damage|p1a: Brian|65/100\n|-damage|p1b: Farigiraf|33/100\n|move|p1b: Farigiraf|Foul Play|p2a: Farigiraf\n|-supereffective|p2a: Farigiraf\n|-damage|p2a: Farigiraf|39/100\n|\n|upkeep\n|turn|4\n|\n|t:|1775794154\n|move|p1b: Farigiraf|Helping Hand|p1a: Brian\n|-singleturn|p1a: Brian|Helping Hand|[of] p1b: Farigiraf\n|move|p2a: Farigiraf|Helping Hand|p2b: Calyrex\n|-singleturn|p2b: Calyrex|Helping Hand|[of] p2a: Farigiraf\n|move|p1a: Brian|Low Kick|p2b: Calyrex\n|-damage|p2b: Calyrex|0 fnt\n|faint|p2b: Calyrex\n|\n|upkeep\n|\n|t:|1775794162\n|switch|p2b: Miraidon|Miraidon, L50|100/100\n|-activate|p2b: Miraidon|ability: Hadron Engine\n|turn|5\n|\n|t:|1775794177\n|switch|p1b: Magical Mirai|Miraidon, L50|100/100\n|-activate|p1b: Magical Mirai|ability: Hadron Engine\n|-terastallize|p2a: Farigiraf|Fairy\n|move|p2b: Miraidon|Protect|p2b: Miraidon\n|-singleturn|p2b: Miraidon|Protect\n|move|p1a: Brian|Drain Punch|p2a: Farigiraf\n|-resisted|p2a: Farigiraf\n|-damage|p2a: Farigiraf|20/100\n|-heal|p1a: Brian|73/100|[from] drain|[of] p2a: Farigiraf\n|move|p2a: Farigiraf|Psychic|p1a: Brian\n|-supereffective|p1a: Brian\n|-damage|p1a: Brian|23/100\n|\n|-fieldend|move: Trick Room\n|-fieldend|move: Electric Terrain\n|-end|p1a: Brian|Quark Drive\n|upkeep\n|turn|6\n|\n|t:|1775794197\n|move|p1b: Magical Mirai|Volt Switch|p2a: Farigiraf\n|-damage|p2a: Farigiraf|0 fnt\n|faint|p2a: Farigiraf\n|\n|t:|1775794199\n|switch|p1b: Farigiraf|Farigiraf, L50, F|33/100|[from] Volt Switch\n|move|p2b: Miraidon|Volt Switch|p1b: Farigiraf\n|-damage|p1b: Farigiraf|0 fnt\n|faint|p1b: Farigiraf\n|-damage|p2b: Miraidon|91/100|[from] item: Life Orb\n|\n|t:|1775794202\n|switch|p2b: Iron Hands|Iron Hands, L50|15/100|[from] Volt Switch\n|move|p1a: Brian|Drain Punch|p2b: Iron Hands\n|-damage|p2b: Iron Hands|0 fnt\n|-heal|p1a: Brian|30/100|[from] drain|[of] p2b: Iron Hands\n|faint|p2b: Iron Hands\n|-end|p2b: Iron Hands|Quark Drive|[silent]\n|\n|upkeep\n|\n|t:|1775794204\n|switch|p1b: Magical Mirai|Miraidon, L50|100/100\n|switch|p2b: Miraidon|Miraidon, L50|91/100\n|-fieldstart|move: Electric Terrain|[from] ability: Hadron Engine|[of] p1b: Magical Mirai\n|-activate|p1a: Brian|ability: Quark Drive\n|-start|p1a: Brian|quarkdriveatk\n|-activate|p2b: Miraidon|ability: Hadron Engine\n|turn|7\n|c|\u2606speedyturtle87|wpgg\n|\n|t:|1775794215\n|move|p1a: Brian|Fake Out||[still]\n|-hint|Fake Out only works on your first turn out.\n|-fail|p1a: Brian\n|move|p1b: Magical Mirai|Draco Meteor|p2b: Miraidon\n|-supereffective|p2b: Miraidon\n|-damage|p2b: Miraidon|0 fnt\n|-unboost|p1b: Magical Mirai|spa|2\n|faint|p2b: Miraidon\n|\n|win|TheManOfSausage\n|raw|TheManOfSausage's rating: 1635 &rarr; <strong>1648</strong><br />(+13 for winning)\n|raw|speedyturtle87's rating: 1507 &rarr; <strong>1494</strong><br />(-13 for losing)\n|c|\u2606TheManOfSausage|ggwp\n|l|\u2606speedyturtle87\n|player|p2|\n|l|\u2606TheManOfSausage\n|player|p1|\n","uploadtime":1775794431,"views":13,"formatid":"gen9vgc2026regi","rating":1494,"private":0,"password":null}