{"id":"gen9vgc2026regi-2559348644","format":"[Gen 9] VGC 2026 Reg I","players":["EllenJoe2026","bb23"],"log":"|j|\u2606EllenJoe2026\n|j|\u2606bb23\n|t:|1773550152\n|gametype|doubles\n|player|p1|EllenJoe2026|266|1521\n|player|p2|bb23|cyclist|1454\n|gen|9\n|tier|[Gen 9] VGC 2026 Reg I\n|rated|\n|rule|Species Clause: Limit one of each Pok\u00e9mon\n|rule|Item Clause: Limit 1 of each item\n|clearpoke\n|poke|p1|Calyrex-Shadow, L50|\n|poke|p1|Zamazenta-*, L50|\n|poke|p1|Chien-Pao, L50|\n|poke|p1|Dragonite, L50, F|\n|poke|p1|Tornadus, L50, M|\n|poke|p1|Urshifu-*, L50, F|\n|poke|p2|Kyogre, L50|\n|poke|p2|Zacian-*, L50|\n|poke|p2|Tornadus, L50, M|\n|poke|p2|Urshifu-*, L50, F|\n|poke|p2|Rillaboom, L50, M|\n|poke|p2|Farigiraf, L50, F|\n|teampreview|4\n|inactive|Battle timer is ON: inactive players will automatically lose when time's up. (requested by EllenJoe2026)\nbb23 has agreed to open team sheets.\n|j| GGGianG\n|\n|t:|1773550184\n|teamsize|p1|4\n|teamsize|p2|4\n|start\n|switch|p1a: Tornadus|Tornadus, L50, M, shiny|100/100\n|switch|p1b: Urshifu|Urshifu-Rapid-Strike, L50, F|100/100\n|switch|p2a: Tornadus|Tornadus, L50, M|100/100\n|switch|p2b: Zacian|Zacian-Crowned, L50|100/100\n|-ability|p2b: Zacian|Intrepid Sword|boost\n|-boost|p2b: Zacian|atk|1\n|turn|1\n|inactive|EllenJoe2026 has 30 seconds left.\n|inactive|EllenJoe2026 has 20 seconds left.\n|\n|t:|1773550221\n|-terastallize|p1a: Tornadus|Dark\n|move|p1a: Tornadus|Tailwind|p1a: Tornadus\n|-sidestart|p1: EllenJoe2026|move: Tailwind\n|move|p1b: Urshifu|Surging Strikes|p2b: Zacian\n|-crit|p2b: Zacian\n|-damage|p2b: Zacian|80/100\n|-crit|p2b: Zacian\n|-damage|p2b: Zacian|61/100\n|-crit|p2b: Zacian\n|-damage|p2b: Zacian|40/100\n|-hitcount|p2b: Zacian|3\n|move|p2b: Zacian|Play Rough|p1b: Urshifu|[miss]\n|-miss|p2b: Zacian|p1b: Urshifu\n|move|p2a: Tornadus|Bleakwind Storm|p1a: Tornadus|[spread] p1b\n|-miss|p2a: Tornadus|p1a: Tornadus\n|-supereffective|p1b: Urshifu\n|-damage|p1b: Urshifu|0 fnt\n|faint|p1b: Urshifu\n|\n|upkeep\n|\n|t:|1773550232\n|switch|p1b: Calyrex|Calyrex-Shadow, L50|100/100\n|-ability|p1b: Calyrex|As One\n|-ability|p1b: Calyrex|Unnerve\n|turn|2\n|\n|t:|1773550247\n|switch|p2b: Farigiraf|Farigiraf, L50, F|100/100\n|move|p1a: Tornadus|Taunt||[still]\n|cant|p2b: Farigiraf|ability: Armor Tail|Taunt|[of] p1a: Tornadus\n|move|p2a: Tornadus|Tailwind|p2a: Tornadus\n|-sidestart|p2: bb23|move: Tailwind\n|move|p1b: Calyrex|Astral Barrage|p2b: Farigiraf|[spread] p2a\n|-immune|p2b: Farigiraf\n|-damage|p2a: Tornadus|5/100\n|-damage|p1b: Calyrex|91/100|[from] item: Life Orb\n|\n|upkeep\n|turn|3\n|inactive|EllenJoe2026 has 30 seconds left.\n|inactive|EllenJoe2026 has 20 seconds left.\n|\n|t:|1773550283\n|switch|p1b: Zamazenta|Zamazenta-Crowned, L50, shiny|100/100\n|-ability|p1b: Zamazenta|Dauntless Shield|boost\n|-boost|p1b: Zamazenta|def|1\n|move|p2a: Tornadus|Taunt|p1b: Zamazenta\n|-start|p1b: Zamazenta|move: Taunt\n|move|p1a: Tornadus|Rain Dance|p1a: Tornadus\n|-weather|RainDance\n|move|p2b: Farigiraf|Shadow Ball|p1b: Zamazenta\n|-damage|p1b: Zamazenta|85/100\n|\n|-weather|RainDance|[upkeep]\n|upkeep\n|turn|4\n|\n|t:|1773550306\n|move|p2b: Farigiraf|Protect|p2b: Farigiraf\n|-singleturn|p2b: Farigiraf|Protect\n|move|p2a: Tornadus|Bleakwind Storm|p1b: Zamazenta|[spread] p1a,p1b\n|-damage|p1a: Tornadus|61/100\n|-damage|p1b: Zamazenta|59/100\n|move|p1b: Zamazenta|Body Press|p2a: Tornadus\n|-resisted|p2a: Tornadus\n|-damage|p2a: Tornadus|0 fnt\n|faint|p2a: Tornadus\n|move|p1a: Tornadus|Bleakwind Storm|p2b: Farigiraf\n|-activate|p2b: Farigiraf|move: Protect\n|\n|-weather|RainDance|[upkeep]\n|-sideend|p1: EllenJoe2026|move: Tailwind\n|upkeep\n|\n|t:|1773550317\n|switch|p2a: Kyogre|Kyogre, L50|100/100\n|turn|5\n|\n|t:|1773550332\n|move|p2b: Farigiraf|Helping Hand|p2a: Kyogre\n|-singleturn|p2a: Kyogre|Helping Hand|[of] p2b: Farigiraf\n|move|p1a: Tornadus|Tailwind|p1a: Tornadus\n|-sidestart|p1: EllenJoe2026|move: Tailwind\n|move|p1b: Zamazenta|Body Press|p2a: Kyogre\n|-damage|p2a: Kyogre|27/100\n|move|p2a: Kyogre|Water Spout|p1b: Zamazenta|[spread] p1a,p1b\n|-damage|p1a: Tornadus|8/100\n|-damage|p1b: Zamazenta|27/100\n|\n|-weather|RainDance|[upkeep]\n|-end|p1b: Zamazenta|move: Taunt\n|-sideend|p2: bb23|move: Tailwind\n|upkeep\n|turn|6\n|\n|t:|1773550352\n|move|p2a: Kyogre|Protect|p2a: Kyogre\n|-singleturn|p2a: Kyogre|Protect\n|move|p1b: Zamazenta|Body Press|p2b: Farigiraf\n|-damage|p2b: Farigiraf|32/100\n|move|p1a: Tornadus|Bleakwind Storm|p2b: Farigiraf|[spread] p2b\n|-activate|p2a: Kyogre|move: Protect\n|-damage|p2b: Farigiraf|8/100\n|move|p2b: Farigiraf|Shadow Ball|p1b: Zamazenta\n|-damage|p1b: Zamazenta|13/100\n|\n|-weather|RainDance|[upkeep]\n|upkeep\n|turn|7\n|-message|bb23 forfeited.\n|\n|win|EllenJoe2026\n|raw|EllenJoe2026's rating: 1521 &rarr; <strong>1537</strong><br />(+16 for winning)\n|raw|bb23's rating: 1454 &rarr; <strong>1438</strong><br />(-16 for losing)\n|l|\u2606bb23\n|player|p2|\n|l|\u2606EllenJoe2026\n|player|p1|\n|l| GGGianG\n","uploadtime":1773550504,"views":14,"formatid":"gen9vgc2026regi","rating":1438,"private":0,"password":null}