{"id":"gen9vgc2026regi-2532241596","format":"[Gen 9] VGC 2026 Reg I","players":["MSANTOSE","lalo's pollos"],"log":"|j|\u2606MSANTOSE\n|j|\u2606lalo's pollos\n|t:|1770153202\n|gametype|doubles\n|player|p1|MSANTOSE|drayden|1410\n|player|p2|lalo's pollos|101|1401\n|gen|9\n|tier|[Gen 9] VGC 2026 Reg I\n|rated|\n|rule|Species Clause: Limit one of each Pok\u00e9mon\n|rule|Item Clause: Limit 1 of each item\n|clearpoke\n|poke|p1|Groudon, L50|\n|poke|p1|Sableye, L50, F|\n|poke|p1|Calyrex-Ice, L50|\n|poke|p1|Incineroar, L50, M|\n|poke|p1|Iron Hands, L50|\n|poke|p1|Milotic, L50, F|\n|poke|p2|Zamazenta-*, L50|\n|poke|p2|Lunala, L50|\n|poke|p2|Rillaboom, L50, F|\n|poke|p2|Incineroar, L50, F|\n|poke|p2|Urshifu-*, L50, F|\n|poke|p2|Tornadus, L50, M|\n|teampreview|4\n|\n|t:|1770153237\n|teamsize|p1|4\n|teamsize|p2|4\n|start\n|switch|p1a: Calyrex|Calyrex-Ice, L50|100/100\n|switch|p1b: Incineroar|Incineroar, L50, M|100/100\n|switch|p2a: Zamazenta|Zamazenta-Crowned, L50|100/100\n|switch|p2b: Tornadus|Tornadus, L50, M|100/100\n|-ability|p1a: Calyrex|As One\n|-ability|p1a: Calyrex|Unnerve\n|-ability|p2a: Zamazenta|Dauntless Shield|boost\n|-boost|p2a: Zamazenta|def|1\n|-ability|p1b: Incineroar|Intimidate|boost\n|-unboost|p2a: Zamazenta|atk|1\n|-unboost|p2b: Tornadus|atk|1\n|turn|1\n|\n|t:|1770153254\n|move|p2a: Zamazenta|Wide Guard|p2a: Zamazenta\n|-singleturn|p2a: Zamazenta|Wide Guard\n|move|p1b: Incineroar|Fake Out|p2a: Zamazenta\n|-resisted|p2a: Zamazenta\n|-damage|p2a: Zamazenta|98/100\n|move|p2b: Tornadus|Taunt|p1a: Calyrex\n|-start|p1a: Calyrex|move: Taunt\n|move|p1a: Calyrex|Glacial Lance|p2b: Tornadus|[spread] \n|-activate|p2a: Zamazenta|move: Wide Guard\n|-activate|p2b: Tornadus|move: Wide Guard\n|\n|upkeep\n|turn|2\n|\n|t:|1770153270\n|switch|p1b: Sableye|Sableye, L50, F, shiny|100/100\n|move|p2b: Tornadus|Bleakwind Storm|p1a: Calyrex|[spread] p1a\n|-miss|p2b: Tornadus|p1b: Sableye\n|-damage|p1a: Calyrex|74/100\n|-unboost|p1a: Calyrex|spe|1\n|move|p2a: Zamazenta|Body Press|p1a: Calyrex\n|-damage|p1a: Calyrex|42/100\n|move|p1a: Calyrex|Glacial Lance|p2b: Tornadus|[spread] p2a,p2b\n|-resisted|p2a: Zamazenta\n|-supereffective|p2b: Tornadus\n|-damage|p2a: Zamazenta|89/100\n|-enditem|p2b: Tornadus|Focus Sash\n|-damage|p2b: Tornadus|1/100\n|\n|-heal|p1a: Calyrex|47/100|[from] item: Leftovers\n|upkeep\n|turn|3\n|\n|t:|1770153294\n|switch|p2b: Urshifu|Urshifu-Rapid-Strike, L50, F|100/100\n|move|p2a: Zamazenta|Protect|p2a: Zamazenta\n|-singleturn|p2a: Zamazenta|Protect\n|move|p1b: Sableye|Disable|p2a: Zamazenta\n|-activate|p2a: Zamazenta|move: Protect\n|move|p1a: Calyrex|Glacial Lance|p2b: Urshifu|[spread] p2b\n|-activate|p2a: Zamazenta|move: Protect\n|-resisted|p2b: Urshifu\n|-damage|p2b: Urshifu|77/100\n|\n|-heal|p1a: Calyrex|53/100|[from] item: Leftovers\n|-end|p1a: Calyrex|move: Taunt\n|upkeep\n|turn|4\n|\n|t:|1770153311\n|switch|p2a: Lunala|Lunala, L50|100/100\n|switch|p1a: Groudon|Groudon, L50, shiny|100/100\n|-weather|SunnyDay|[from] ability: Drought|[of] p1a: Groudon\n|move|p1b: Sableye|Encore||[still]\n|-fail|p1b: Sableye\n|move|p2b: Urshifu|Surging Strikes|p1b: Sableye\n|-crit|p1b: Sableye\n|-damage|p1b: Sableye|87/100\n|-crit|p1b: Sableye\n|-damage|p1b: Sableye|74/100\n|-crit|p1b: Sableye\n|-damage|p1b: Sableye|60/100\n|-hitcount|p1b: Sableye|3\n|-enditem|p1b: Sableye|Eject Button\n|\n|t:|1770153325\n|switch|p1b: Incineroar|Incineroar, L50, M|100/100\n|-ability|p1b: Incineroar|Intimidate|boost\n|-unboost|p2a: Lunala|atk|1\n|-unboost|p2b: Urshifu|atk|1\n|\n|-weather|SunnyDay|[upkeep]\n|upkeep\n|turn|5\n|\n|t:|1770153337\n|switch|p2b: Tornadus|Tornadus, L50, M|1/100\n|move|p2a: Lunala|Protect|p2a: Lunala\n|-singleturn|p2a: Lunala|Protect\n|move|p1b: Incineroar|Fake Out|p2b: Tornadus\n|-damage|p2b: Tornadus|0 fnt\n|faint|p2b: Tornadus\n|move|p1a: Groudon|Precipice Blades|p2a: Lunala\n|-activate|p2a: Lunala|move: Protect\n|\n|-weather|SunnyDay|[upkeep]\n|upkeep\n|\n|t:|1770153345\n|switch|p2b: Zamazenta|Zamazenta-Crowned, L50|89/100\n|turn|6\n|\n|t:|1770153355\n|switch|p1b: Sableye|Sableye, L50, F, shiny|60/100\n|move|p2b: Zamazenta|Body Press|p1b: Sableye\n|-immune|p1b: Sableye\n|move|p2a: Lunala|Calm Mind|p2a: Lunala\n|-boost|p2a: Lunala|spa|1\n|-boost|p2a: Lunala|spd|1\n|move|p1a: Groudon|Heat Crash|p2b: Zamazenta\n|-supereffective|p2b: Zamazenta\n|-damage|p2b: Zamazenta|65/100\n|\n|-weather|SunnyDay|[upkeep]\n|upkeep\n|turn|7\n|\n|t:|1770153373\n|move|p2a: Lunala|Protect|p2a: Lunala\n|-singleturn|p2a: Lunala|Protect\n|move|p1b: Sableye|Encore|p2a: Lunala\n|-activate|p2a: Lunala|move: Protect\n|move|p2b: Zamazenta|Heavy Slam|p1b: Sableye\n|-damage|p1b: Sableye|12/100\n|move|p1a: Groudon|Heat Crash|p2b: Zamazenta\n|-supereffective|p2b: Zamazenta\n|-damage|p2b: Zamazenta|42/100\n|\n|-weather|SunnyDay|[upkeep]\n|upkeep\n|turn|8\n|\n|t:|1770153386\n|move|p2a: Lunala|Protect||[still]\n|-fail|p2a: Lunala\n|move|p1b: Sableye|Encore|p2a: Lunala\n|-start|p2a: Lunala|Encore\n|move|p2b: Zamazenta|Heavy Slam|p1b: Sableye\n|-damage|p1b: Sableye|0 fnt\n|faint|p1b: Sableye\n|move|p1a: Groudon|Swords Dance|p1a: Groudon\n|-boost|p1a: Groudon|atk|2\n|\n|-weather|none\n|upkeep\n|\n|t:|1770153399\n|switch|p1b: Incineroar|Incineroar, L50, M|100/100\n|-ability|p1b: Incineroar|Intimidate|boost\n|-unboost|p2a: Lunala|atk|1\n|-unboost|p2b: Zamazenta|atk|1\n|turn|9\n|\n|t:|1770153407\n|move|p2a: Lunala|Protect|p2a: Lunala\n|-singleturn|p2a: Lunala|Protect\n|move|p2b: Zamazenta|Body Press|p1b: Incineroar\n|-supereffective|p1b: Incineroar\n|-damage|p1b: Incineroar|2/100\n|move|p1a: Groudon|Heat Crash|p2b: Zamazenta\n|-supereffective|p2b: Zamazenta\n|-damage|p2b: Zamazenta|10/100\n|move|p1b: Incineroar|Flare Blitz|p2b: Zamazenta\n|-supereffective|p2b: Zamazenta\n|-damage|p2b: Zamazenta|0 fnt\n|faint|p2b: Zamazenta\n|-damage|p1b: Incineroar|0 fnt|[from] Recoil\n|faint|p1b: Incineroar\n|\n|upkeep\n|\n|t:|1770153420\n|switch|p2b: Urshifu|Urshifu-Rapid-Strike, L50, F|77/100\n|switch|p1b: Calyrex|Calyrex-Ice, L50|53/100\n|-ability|p1b: Calyrex|As One\n|-ability|p1b: Calyrex|Unnerve\n|turn|10\n|\n|t:|1770153434\n|-terastallize|p2b: Urshifu|Water\n|move|p2a: Lunala|Protect||[still]\n|-fail|p2a: Lunala\n|move|p2b: Urshifu|Surging Strikes|p1a: Groudon\n|-supereffective|p1a: Groudon\n|-crit|p1a: Groudon\n|-damage|p1a: Groudon|54/100\n|-supereffective|p1a: Groudon\n|-crit|p1a: Groudon\n|-damage|p1a: Groudon|10/100\n|-enditem|p1a: Groudon|Sitrus Berry|[eat]\n|-heal|p1a: Groudon|34/100|[from] item: Sitrus Berry\n|-supereffective|p1a: Groudon\n|-crit|p1a: Groudon\n|-damage|p1a: Groudon|0 fnt\n|faint|p1a: Groudon\n|-hitcount|p1: Groudon|3\n|move|p1b: Calyrex|Glacial Lance|p2b: Urshifu|[spread] p2a,p2b\n|-resisted|p2b: Urshifu\n|-damage|p2a: Lunala|80/100\n|-damage|p2b: Urshifu|51/100\n|\n|-heal|p2a: Lunala|86/100|[from] item: Leftovers\n|-heal|p1b: Calyrex|59/100|[from] item: Leftovers\n|upkeep\n|turn|11\n|\n|t:|1770153458\n|move|p2a: Lunala|Protect|p2a: Lunala\n|-singleturn|p2a: Lunala|Protect\n|move|p2b: Urshifu|Surging Strikes|p1b: Calyrex\n|-crit|p1b: Calyrex\n|-damage|p1b: Calyrex|43/100\n|-crit|p1b: Calyrex\n|-damage|p1b: Calyrex|25/100\n|-crit|p1b: Calyrex\n|-damage|p1b: Calyrex|9/100\n|-hitcount|p1b: Calyrex|3\n|move|p1b: Calyrex|Leech Seed|p2b: Urshifu\n|-start|p2b: Urshifu|move: Leech Seed\n|\n|-heal|p2a: Lunala|92/100|[from] item: Leftovers\n|-heal|p1b: Calyrex|15/100|[from] item: Leftovers\n|-damage|p2b: Urshifu|39/100|[from] Leech Seed|[of] p1b: Calyrex\n|-heal|p1b: Calyrex|25/100|[silent]\n|-end|p2a: Lunala|Encore\n|upkeep\n|turn|12\n|\n|t:|1770153474\n|move|p2b: Urshifu|Surging Strikes|p1b: Calyrex\n|-crit|p1b: Calyrex\n|-damage|p1b: Calyrex|6/100\n|-crit|p1b: Calyrex\n|-damage|p1b: Calyrex|0 fnt\n|faint|p1b: Calyrex\n|-hitcount|p1: Calyrex|2\n|\n|win|lalo's pollos\n|raw|MSANTOSE's rating: 1410 &rarr; <strong>1389</strong><br />(-21 for losing)\n|raw|lalo&apos;s pollos's rating: 1401 &rarr; <strong>1422</strong><br />(+21 for winning)\n|l|\u2606lalo's pollos\n|player|p2|\n|l|\u2606MSANTOSE\n|player|p1|\n","uploadtime":1770153484,"views":17,"formatid":"gen9vgc2026regi","rating":1389,"private":0,"password":null}