{"id":"gen9vgc2026regi-2578273547","format":"[Gen 9] VGC 2026 Reg I","players":["tinman1025","dpsicieu"],"log":"|j|\u2606tinman1025\n|j|\u2606dpsicieu\n|t:|1775664314\n|gametype|doubles\n|player|p1|tinman1025|101|1410\n|player|p2|dpsicieu|170|1356\n|gen|9\n|tier|[Gen 9] VGC 2026 Reg I\n|rated|\n|rule|Species Clause: Limit one of each Pok\u00e9mon\n|rule|Item Clause: Limit 1 of each item\n|clearpoke\n|poke|p1|Eternatus, L50|\n|poke|p1|Glimmora, L50, F|\n|poke|p1|Lunala, L50|\n|poke|p1|Amoonguss, L50, M|\n|poke|p1|Ting-Lu, L50|\n|poke|p1|Ogerpon-Wellspring, L50, F|\n|poke|p2|Calyrex-Ice, L50|\n|poke|p2|Miraidon, L50|\n|poke|p2|Iron Hands, L50|\n|poke|p2|Farigiraf, L50, M|\n|poke|p2|Torkoal, L50, M|\n|poke|p2|Urshifu-*, L50, F|\n|teampreview|4\n|inactive|Battle timer is ON: inactive players will automatically lose when time's up. (requested by dpsicieu)\n|inactive|tinman1025 has 60 seconds left.\n|\n|t:|1775664354\n|teamsize|p1|4\n|teamsize|p2|4\n|start\n|switch|p1a: Eternatus|Eternatus, L50|100/100\n|switch|p1b: Glimmora|Glimmora, L50, F|100/100\n|switch|p2a: Calyrex|Calyrex-Ice, L50|100/100\n|switch|p2b: Miraidon|Miraidon, L50|100/100\n|-ability|p2a: Calyrex|As One\n|-ability|p2a: Calyrex|Unnerve\n|-fieldstart|move: Electric Terrain|[from] ability: Hadron Engine|[of] p2b: Miraidon\n|-ability|p1a: Eternatus|Pressure\n|turn|1\n|\n|t:|1775664371\n|-terastallize|p2a: Calyrex|Ground\n|move|p1a: Eternatus|Protect|p1a: Eternatus\n|-singleturn|p1a: Eternatus|Protect\n|move|p2b: Miraidon|Volt Switch|p1a: Eternatus\n|-activate|p1a: Eternatus|move: Protect\n|move|p1b: Glimmora|Mortal Spin|p2a: Calyrex|[spread] p2a,p2b\n|-resisted|p2a: Calyrex\n|-damage|p2a: Calyrex|99/100\n|-damage|p2b: Miraidon|96/100\n|-status|p2a: Calyrex|psn\n|-status|p2b: Miraidon|psn\n|move|p2a: Calyrex|Trick Room|p2a: Calyrex\n|-fieldstart|move: Trick Room|[of] p2a: Calyrex\n|\n|-damage|p2a: Calyrex|87/100 psn|[from] psn\n|-damage|p2b: Miraidon|83/100 psn|[from] psn\n|upkeep\n|turn|2\n|inactive|tinman1025 has 30 seconds left.\n|inactive|tinman1025 has 20 seconds left.\n|\n|t:|1775664408\n|-terastallize|p1a: Eternatus|Fairy\n|move|p2a: Calyrex|Glacial Lance|p1a: Eternatus|[spread] p1a,p1b\n|-damage|p1a: Eternatus|61/100\n|-damage|p1b: Glimmora|29/100\n|-activate|p1b: Glimmora|ability: Toxic Debris\n|-sidestart|p2: dpsicieu|move: Toxic Spikes\n|move|p1b: Glimmora|Sludge Bomb|p2b: Miraidon\n|-damage|p2b: Miraidon|47/100 psn\n|move|p1a: Eternatus|Cosmic Power|p1a: Eternatus\n|-boost|p1a: Eternatus|def|1\n|-boost|p1a: Eternatus|spd|1\n|move|p2b: Miraidon|Volt Switch|p1a: Eternatus\n|-damage|p1a: Eternatus|28/100\n|\n|t:|1775664420\n|switch|p2b: Urshifu|Urshifu, L50, F|100/100|[from] Volt Switch\n|-status|p2b: Urshifu|psn\n|\n|-damage|p2a: Calyrex|75/100 psn|[from] psn\n|-damage|p2b: Urshifu|88/100 psn|[from] psn\n|upkeep\n|turn|3\n|\n|t:|1775664441\n|move|p1a: Eternatus|Protect|p1a: Eternatus\n|-singleturn|p1a: Eternatus|Protect\n|move|p2a: Calyrex|Glacial Lance|p1a: Eternatus|[spread] p1b\n|-activate|p1a: Eternatus|move: Protect\n|-damage|p1b: Glimmora|0 fnt\n|-activate|p1b: Glimmora|ability: Toxic Debris\n|-sidestart|p2: dpsicieu|move: Toxic Spikes\n|faint|p1b: Glimmora\n|-ability|p2a: Calyrex|Chilling Neigh|boost\n|-boost|p2a: Calyrex|atk|1\n|move|p2b: Urshifu|Wicked Blow|p1a: Eternatus\n|-resisted|p1a: Eternatus\n|-crit|p1a: Eternatus\n|-damage|p1a: Eternatus|0 fnt\n|faint|p1a: Eternatus\n|\n|-damage|p2a: Calyrex|63/100 psn|[from] psn\n|-damage|p2b: Urshifu|76/100 psn|[from] psn\n|upkeep\n|\n|t:|1775664454\n|switch|p1b: Ting-Lu|Ting-Lu, L50|100/100\n|switch|p1a: Lunala|Lunala, L50|100/100\n|-ability|p1b: Ting-Lu|Vessel of Ruin\n|turn|4\n|\n|t:|1775664471\n|move|p2a: Calyrex|Glacial Lance|p1a: Lunala|[spread] p1a,p1b\n|-supereffective|p1b: Ting-Lu\n|-damage|p1a: Lunala|64/100\n|-damage|p1b: Ting-Lu|14/100\n|move|p1b: Ting-Lu|Ruination|p2a: Calyrex\n|-damage|p2a: Calyrex|32/100 psn\n|move|p2b: Urshifu|Wicked Blow|p1a: Lunala\n|-supereffective|p1a: Lunala\n|-crit|p1a: Lunala\n|-damage|p1a: Lunala|0 fnt\n|faint|p1a: Lunala\n|\n|-damage|p2a: Calyrex|20/100 psn|[from] psn\n|-damage|p2b: Urshifu|63/100 psn|[from] psn\n|upkeep\n|turn|5\n|-message|tinman1025 forfeited.\n|\n|win|dpsicieu\n|raw|tinman1025's rating: 1410 &rarr; <strong>1387</strong><br />(-23 for losing)\n|raw|dpsicieu's rating: 1356 &rarr; <strong>1379</strong><br />(+23 for winning)\n|l|\u2606tinman1025\n|player|p1|\n|l|\u2606dpsicieu\n|player|p2|\n","uploadtime":1775664698,"views":8,"formatid":"gen9vgc2026regi","rating":1379,"private":0,"password":null}