{"id":"gen9vgc2026regi-2519622614","format":"[Gen 9] VGC 2026 Reg I","players":["photon sheister","Stinky57"],"log":"|j|\u2606photon sheister\n|j|\u2606Stinky57\n|t:|1768525308\n|gametype|doubles\n|player|p1|photon sheister|169|1447\n|player|p2|Stinky57|102|1363\n|gen|9\n|tier|[Gen 9] VGC 2026 Reg I\n|rated|\n|rule|Species Clause: Limit one of each Pok\u00e9mon\n|rule|Item Clause: Limit 1 of each item\n|clearpoke\n|poke|p1|Eternatus, L50|\n|poke|p1|Ho-Oh, L50|\n|poke|p1|Rillaboom, L50, M|\n|poke|p1|Incineroar, L50, F|\n|poke|p1|Ting-Lu, L50|\n|poke|p1|Vaporeon, L50, F|\n|poke|p2|Miraidon, L50|\n|poke|p2|Necrozma-Dusk-Mane, L50|\n|poke|p2|Pelipper, L50, M|\n|poke|p2|Grimmsnarl, L50, M|\n|poke|p2|Iron Hands, L50|\n|poke|p2|Urshifu-*, L50, F|\n|teampreview|4\n|\n|t:|1768525330\n|teamsize|p1|4\n|teamsize|p2|4\n|start\n|switch|p1a: Eternatus|Eternatus, L50|100/100\n|switch|p1b: Rillaboom|Rillaboom, L50, M|100/100\n|switch|p2a: Necrozma|Necrozma-Dusk-Mane, L50|100/100\n|switch|p2b: Pelipper|Pelipper, L50, M|100/100\n|-ability|p1a: Eternatus|Pressure\n|-weather|RainDance|[from] ability: Drizzle|[of] p2b: Pelipper\n|-fieldstart|move: Grassy Terrain|[from] ability: Grassy Surge|[of] p1b: Rillaboom\n|turn|1\n|\n|t:|1768525342\n|move|p1b: Rillaboom|Fake Out|p2a: Necrozma\n|-resisted|p2a: Necrozma\n|-damage|p2a: Necrozma|96/100\n|move|p1a: Eternatus|Toxic Spikes|p2b: Pelipper\n|-sidestart|p2: Stinky57|move: Toxic Spikes\n|move|p2b: Pelipper|Hurricane|p1b: Rillaboom\n|-supereffective|p1b: Rillaboom\n|-damage|p1b: Rillaboom|33/100\n|-start|p1b: Rillaboom|confusion\n|cant|p2a: Necrozma|flinch\n|\n|-weather|RainDance|[upkeep]\n|-heal|p1b: Rillaboom|39/100|[from] Grassy Terrain\n|-heal|p2a: Necrozma|100/100|[from] Grassy Terrain\n|upkeep\n|turn|2\n|\n|t:|1768525369\n|switch|p1b: Ho-Oh|Ho-Oh, L50|100/100\n|move|p1a: Eternatus|Dynamax Cannon|p2b: Pelipper\n|-damage|p2b: Pelipper|12/100\n|move|p2b: Pelipper|Weather Ball|p1b: Ho-Oh\n|-supereffective|p1b: Ho-Oh\n|-damage|p1b: Ho-Oh|26/100\n|-enditem|p1b: Ho-Oh|Red Card|[of] p2b: Pelipper\n|drag|p2b: Miraidon|Miraidon, L50, shiny|100/100\n|-status|p2b: Miraidon|psn\n|-fieldstart|move: Electric Terrain|[from] ability: Hadron Engine|[of] p2b: Miraidon\n|move|p2a: Necrozma|Sunsteel Strike|p1b: Ho-Oh\n|-resisted|p1b: Ho-Oh\n|-crit|p1b: Ho-Oh\n|-damage|p1b: Ho-Oh|0 fnt\n|faint|p1b: Ho-Oh\n|\n|-weather|RainDance|[upkeep]\n|-damage|p2b: Miraidon|88/100 psn|[from] psn\n|upkeep\n|inactive|Battle timer is ON: inactive players will automatically lose when time's up. (requested by Stinky57)\n|\n|t:|1768525389\n|switch|p1b: Ting-Lu|Ting-Lu, L50|100/100\n|-ability|p1b: Ting-Lu|Vessel of Ruin\n|turn|3\n|\n|t:|1768525404\n|switch|p2b: Urshifu|Urshifu-Rapid-Strike, L50, F|100/100\n|-status|p2b: Urshifu|psn\n|move|p1a: Eternatus|Protect|p1a: Eternatus\n|-singleturn|p1a: Eternatus|Protect\n|move|p2a: Necrozma|Photon Geyser|p1a: Eternatus\n|-activate|p1a: Eternatus|move: Protect\n|move|p1b: Ting-Lu|Stealth Rock|p2a: Necrozma\n|-sidestart|p2: Stinky57|move: Stealth Rock\n|\n|-weather|RainDance|[upkeep]\n|-damage|p2b: Urshifu|88/100 psn|[from] psn\n|upkeep\n|turn|4\n|\n|t:|1768525415\n|switch|p1b: Rillaboom|Rillaboom, L50, M|39/100\n|-fieldstart|move: Grassy Terrain|[from] ability: Grassy Surge|[of] p1b: Rillaboom\n|-terastallize|p1a: Eternatus|Fairy\n|-terastallize|p2b: Urshifu|Water\n|move|p1a: Eternatus|Dynamax Cannon|p2b: Urshifu\n|-crit|p2b: Urshifu\n|-damage|p2b: Urshifu|0 fnt\n|faint|p2b: Urshifu\n|move|p2a: Necrozma|Sunsteel Strike|p1a: Eternatus\n|-supereffective|p1a: Eternatus\n|-damage|p1a: Eternatus|9/100\n|\n|-weather|RainDance|[upkeep]\n|-heal|p1a: Eternatus|15/100|[from] Grassy Terrain\n|-heal|p1b: Rillaboom|44/100|[from] Grassy Terrain\n|upkeep\n|\n|t:|1768525419\n|switch|p2b: Miraidon|Miraidon, L50, shiny|88/100 psn\n|-damage|p2b: Miraidon|75/100 psn|[from] Stealth Rock\n|-fieldstart|move: Electric Terrain|[from] ability: Hadron Engine|[of] p2b: Miraidon\n|turn|5\n|\n|t:|1768525428\n|move|p2b: Miraidon|Protect|p2b: Miraidon\n|-singleturn|p2b: Miraidon|Protect\n|move|p1b: Rillaboom|Fake Out|p2a: Necrozma\n|-resisted|p2a: Necrozma\n|-damage|p2a: Necrozma|96/100\n|move|p1a: Eternatus|Recover|p1a: Eternatus\n|-heal|p1a: Eternatus|65/100\n|cant|p2a: Necrozma|flinch\n|\n|-weather|none\n|-damage|p2b: Miraidon|63/100 psn|[from] psn\n|upkeep\n|turn|6\n|\n|t:|1768525444\n|move|p1a: Eternatus|Protect|p1a: Eternatus\n|-singleturn|p1a: Eternatus|Protect\n|move|p2b: Miraidon|Volt Switch|p1b: Rillaboom\n|-resisted|p1b: Rillaboom\n|-damage|p1b: Rillaboom|17/100\n|-damage|p2b: Miraidon|53/100 psn|[from] item: Life Orb\n|\n|t:|1768525445\n|switch|p2b: Pelipper|Pelipper, L50, M|12/100|[from] Volt Switch\n|-damage|p2b: Pelipper|0 fnt|[from] Stealth Rock\n|faint|p2b: Pelipper\n|move|p1b: Rillaboom|U-turn|p2a: Necrozma\n|-damage|p2a: Necrozma|80/100\n|\n|t:|1768525456\n|switch|p1b: Ting-Lu|Ting-Lu, L50|100/100|[from] U-turn\n|-ability|p1b: Ting-Lu|Vessel of Ruin\n|move|p2a: Necrozma|Sunsteel Strike|p1a: Eternatus\n|-activate|p1a: Eternatus|move: Protect\n|\n|upkeep\n|\n|t:|1768525458\n|switch|p2b: Miraidon|Miraidon, L50, shiny|53/100 psn\n|-damage|p2b: Miraidon|41/100 psn|[from] Stealth Rock\n|-activate|p2b: Miraidon|ability: Hadron Engine\n|turn|7\n|\n|t:|1768525469\n|switch|p1b: Rillaboom|Rillaboom, L50, M|17/100\n|-fieldstart|move: Grassy Terrain|[from] ability: Grassy Surge|[of] p1b: Rillaboom\n|move|p2b: Miraidon|Protect|p2b: Miraidon\n|-singleturn|p2b: Miraidon|Protect\n|move|p1a: Eternatus|Recover|p1a: Eternatus\n|-heal|p1a: Eternatus|100/100\n|move|p2a: Necrozma|Sunsteel Strike|p1a: Eternatus\n|-supereffective|p1a: Eternatus\n|-damage|p1a: Eternatus|3/100\n|\n|-heal|p2b: Miraidon|47/100 psn|[from] Grassy Terrain\n|-heal|p1a: Eternatus|9/100|[from] Grassy Terrain\n|-heal|p1b: Rillaboom|23/100|[from] Grassy Terrain\n|-heal|p2a: Necrozma|86/100|[from] Grassy Terrain\n|-damage|p2b: Miraidon|35/100 psn|[from] psn\n|upkeep\n|turn|8\n|\n|t:|1768525480\n|move|p1b: Rillaboom|Fake Out|p2b: Miraidon\n|-damage|p2b: Miraidon|23/100 psn\n|cant|p2b: Miraidon|flinch\n|move|p1a: Eternatus|Recover|p1a: Eternatus\n|-heal|p1a: Eternatus|60/100\n|move|p2a: Necrozma|Photon Geyser|p1a: Eternatus\n|-damage|p1a: Eternatus|9/100\n|\n|-heal|p2b: Miraidon|29/100 psn|[from] Grassy Terrain\n|-heal|p1a: Eternatus|15/100|[from] Grassy Terrain\n|-heal|p1b: Rillaboom|29/100|[from] Grassy Terrain\n|-heal|p2a: Necrozma|92/100|[from] Grassy Terrain\n|-damage|p2b: Miraidon|16/100 psn|[from] psn\n|upkeep\n|turn|9\n|\n|t:|1768525493\n|move|p1a: Eternatus|Protect|p1a: Eternatus\n|-singleturn|p1a: Eternatus|Protect\n|move|p1b: Rillaboom|Grassy Glide|p2b: Miraidon\n|-resisted|p2b: Miraidon\n|-damage|p2b: Miraidon|0 fnt\n|faint|p2b: Miraidon\n|move|p2a: Necrozma|Sunsteel Strike|p1b: Rillaboom\n|-damage|p1b: Rillaboom|0 fnt\n|faint|p1b: Rillaboom\n|\n|-heal|p1a: Eternatus|20/100|[from] Grassy Terrain\n|-heal|p2a: Necrozma|98/100|[from] Grassy Terrain\n|upkeep\n|\n|t:|1768525499\n|switch|p1b: Ting-Lu|Ting-Lu, L50|100/100\n|-ability|p1b: Ting-Lu|Vessel of Ruin\n|turn|10\n|\n|t:|1768525508\n|move|p1a: Eternatus|Recover|p1a: Eternatus\n|-heal|p1a: Eternatus|71/100\n|move|p2a: Necrozma|Photon Geyser|p1a: Eternatus\n|-damage|p1a: Eternatus|22/100\n|move|p1b: Ting-Lu|Ruination|p2a: Necrozma\n|-damage|p2a: Necrozma|49/100\n|\n|-heal|p1a: Eternatus|28/100|[from] Grassy Terrain\n|-heal|p2a: Necrozma|55/100|[from] Grassy Terrain\n|upkeep\n|turn|11\n|\n|t:|1768525517\n|move|p1a: Eternatus|Protect|p1a: Eternatus\n|-singleturn|p1a: Eternatus|Protect\n|move|p2a: Necrozma|Protect|p2a: Necrozma\n|-singleturn|p2a: Necrozma|Protect\n|move|p1b: Ting-Lu|Ruination|p2a: Necrozma\n|-activate|p2a: Necrozma|move: Protect\n|\n|-heal|p1a: Eternatus|34/100|[from] Grassy Terrain\n|-heal|p2a: Necrozma|61/100|[from] Grassy Terrain\n|-fieldend|move: Grassy Terrain\n|upkeep\n|turn|12\n|\n|t:|1768525523\n|move|p1a: Eternatus|Recover|p1a: Eternatus\n|-heal|p1a: Eternatus|84/100\n|move|p2a: Necrozma|Photon Geyser|p1a: Eternatus\n|-damage|p1a: Eternatus|37/100\n|move|p1b: Ting-Lu|Ruination|p2a: Necrozma\n|-damage|p2a: Necrozma|31/100\n|\n|upkeep\n|turn|13\n|\n|t:|1768525528\n|move|p2a: Necrozma|Protect|p2a: Necrozma\n|-singleturn|p2a: Necrozma|Protect\n|move|p1a: Eternatus|Recover|p1a: Eternatus\n|-heal|p1a: Eternatus|87/100\n|move|p1b: Ting-Lu|Ruination|p2a: Necrozma\n|-activate|p2a: Necrozma|move: Protect\n|\n|upkeep\n|turn|14\n|\n|t:|1768525533\n|move|p1a: Eternatus|Protect|p1a: Eternatus\n|-singleturn|p1a: Eternatus|Protect\n|move|p1b: Ting-Lu|Ruination|p2a: Necrozma\n|-damage|p2a: Necrozma|16/100\n|move|p2a: Necrozma|Trick Room|p2a: Necrozma\n|-fieldstart|move: Trick Room|[of] p2a: Necrozma\n|\n|upkeep\n|turn|15\n|\n|t:|1768525551\n|move|p2a: Necrozma|Protect|p2a: Necrozma\n|-singleturn|p2a: Necrozma|Protect\n|move|p1b: Ting-Lu|Ruination|p2a: Necrozma\n|-activate|p2a: Necrozma|move: Protect\n|move|p1a: Eternatus|Recover|p1a: Eternatus\n|-heal|p1a: Eternatus|100/100\n|\n|upkeep\n|turn|16\n|\n|t:|1768525559\n|move|p2a: Necrozma|Protect||[still]\n|-fail|p2a: Necrozma\n|move|p1b: Ting-Lu|Ruination|p2a: Necrozma\n|-damage|p2a: Necrozma|8/100\n|move|p1a: Eternatus|Dynamax Cannon|p2a: Necrozma\n|-resisted|p2a: Necrozma\n|-damage|p2a: Necrozma|0 fnt\n|faint|p2a: Necrozma\n|\n|win|photon sheister\n|raw|photon sheister's rating: 1447 &rarr; <strong>1462</strong><br />(+15 for winning)\n|raw|Stinky57's rating: 1363 &rarr; <strong>1348</strong><br />(-15 for losing)\n|l|\u2606Stinky57\n|player|p2|\n|l|\u2606photon sheister\n|player|p1|\n","uploadtime":1768525761,"views":22,"formatid":"gen9vgc2026regi","rating":1348,"private":0,"password":null}