{"id":"gen9vgc2026regi-2556505501","format":"[Gen 9] VGC 2026 Reg I","players":["wu2007","drive stone"],"log":"|j|\u2606wu2007\n|j|\u2606drive stone\n|t:|1773217573\n|gametype|doubles\n|player|p1|wu2007|rosa|1350\n|player|p2|drive stone|cilan|1525\n|gen|9\n|tier|[Gen 9] VGC 2026 Reg I\n|rated|\n|rule|Species Clause: Limit one of each Pok\u00e9mon\n|rule|Item Clause: Limit 1 of each item\n|clearpoke\n|poke|p1|Calyrex-Ice, L50|\n|poke|p1|Kyogre, L50|\n|poke|p1|Urshifu-*, L50, M|\n|poke|p1|Landorus, L50, M|\n|poke|p1|Flutter Mane, L50|\n|poke|p1|Smeargle, L50, F|\n|poke|p2|Calyrex-Ice, L50|\n|poke|p2|Ho-Oh, L50|\n|poke|p2|Overqwil, L50, M|\n|poke|p2|Rillaboom, L50, M|\n|poke|p2|Ting-Lu, L50|\n|poke|p2|Ogerpon-Wellspring, L50, F|\n|teampreview|4\n|inactive|Battle timer is ON: inactive players will automatically lose when time's up. (requested by wu2007)\n|inactive|wu2007 has 60 seconds left.\n|inactive|drive stone has 60 seconds left.\n|inactive|wu2007 has 30 seconds left.\n|inactive|wu2007 has 20 seconds left.\n|\n|t:|1773217649\n|teamsize|p1|4\n|teamsize|p2|4\n|start\n|switch|p1a: Flutter Mane|Flutter Mane, L50|100/100\n|switch|p1b: Kyogre|Kyogre, L50|100/100\n|switch|p2a: Calyrex|Calyrex-Ice, L50|100/100\n|switch|p2b: Ogerpon|Ogerpon-Wellspring, L50, F|100/100\n|-ability|p2a: Calyrex|As One\n|-ability|p2a: Calyrex|Unnerve\n|-weather|RainDance|[from] ability: Drizzle|[of] p1b: Kyogre\n|turn|1\n|\n|t:|1773217667\n|-terastallize|p2a: Calyrex|Water\n|move|p1b: Kyogre|Protect|p1b: Kyogre\n|-singleturn|p1b: Kyogre|Protect\n|move|p1a: Flutter Mane|Shadow Ball|p2a: Calyrex\n|-damage|p2a: Calyrex|72/100\n|move|p2b: Ogerpon|Ivy Cudgel|p1a: Flutter Mane|[anim] Ivy Cudgel Water\n|-enditem|p1a: Flutter Mane|Focus Sash\n|-damage|p1a: Flutter Mane|1/100\n|move|p2a: Calyrex|Trick Room|p2a: Calyrex\n|-fieldstart|move: Trick Room|[of] p2a: Calyrex\n|\n|-weather|RainDance|[upkeep]\n|-heal|p2a: Calyrex|77/100|[from] item: Leftovers\n|upkeep\n|turn|2\n|\n|t:|1773217687\n|-end|p1a: Flutter Mane|Protosynthesis|[silent]\n|switch|p1a: Calyrex|Calyrex-Ice, L50|100/100\n|-ability|p1a: Calyrex|As One\n|-ability|p1a: Calyrex|Unnerve\n|move|p1b: Kyogre|Thunder|p2a: Calyrex\n|-supereffective|p2a: Calyrex\n|-damage|p2a: Calyrex|15/100\n|-status|p2a: Calyrex|par\n|move|p2a: Calyrex|Glacial Lance|p1b: Kyogre|[spread] p1a,p1b\n|-resisted|p1a: Calyrex\n|-resisted|p1b: Kyogre\n|-damage|p1a: Calyrex|85/100\n|-damage|p1b: Kyogre|77/100\n|move|p2b: Ogerpon|Horn Leech|p1b: Kyogre\n|-supereffective|p1b: Kyogre\n|-damage|p1b: Kyogre|4/100\n|\n|-weather|RainDance|[upkeep]\n|-heal|p2a: Calyrex|21/100 par|[from] item: Leftovers\n|upkeep\n|turn|3\n|\n|t:|1773217711\n|move|p2a: Calyrex|Protect|p2a: Calyrex\n|-singleturn|p2a: Calyrex|Protect\n|move|p1b: Kyogre|Protect|p1b: Kyogre\n|-singleturn|p1b: Kyogre|Protect\n|move|p1a: Calyrex|Imprison|p1a: Calyrex\n|-start|p1a: Calyrex|move: Imprison\n|move|p2b: Ogerpon|Ivy Cudgel|p1a: Calyrex|[anim] Ivy Cudgel Water\n|-damage|p1a: Calyrex|30/100\n|\n|-weather|RainDance|[upkeep]\n|-heal|p2a: Calyrex|27/100 par|[from] item: Leftovers\n|upkeep\n|turn|4\n|inactive|wu2007 has 30 seconds left.\n|\n|t:|1773217745\n|switch|p2a: Overqwil|Overqwil, L50, M|100/100\n|-ability|p2a: Overqwil|Intimidate|boost\n|-fail|p1a: Calyrex|unboost|[from] item: Clear Amulet|[of] p1a: Calyrex\n|-unboost|p1b: Kyogre|atk|1\n|-terastallize|p1a: Calyrex|Grass\n|move|p1b: Kyogre|Thunder|p2b: Ogerpon\n|-damage|p2b: Ogerpon|59/100\n|move|p1a: Calyrex|Glacial Lance|p2b: Ogerpon|[spread] p2a,p2b\n|-damage|p2a: Overqwil|45/100\n|-damage|p2b: Ogerpon|0 fnt\n|faint|p2b: Ogerpon\n|-ability|p1a: Calyrex|Chilling Neigh|boost\n|-boost|p1a: Calyrex|atk|1\n|\n|-weather|RainDance|[upkeep]\n|-heal|p2a: Overqwil|52/100|[from] item: Black Sludge\n|upkeep\n|\n|t:|1773217763\n|switch|p2b: Rillaboom|Rillaboom, L50, M|100/100\n|-fieldstart|move: Grassy Terrain|[from] ability: Grassy Surge|[of] p2b: Rillaboom\n|turn|5\n|inactive|wu2007 has 30 seconds left.\n|inactive|wu2007 has 20 seconds left.\n|inactive|wu2007 has 15 seconds left.\n|\n|t:|1773217804\n|switch|p1b: Landorus|Landorus, L50, M|100/100\n|move|p1a: Calyrex|Glacial Lance|p2b: Rillaboom|[spread] p2a,p2b\n|-supereffective|p2b: Rillaboom\n|-damage|p2a: Overqwil|0 fnt\n|-damage|p2b: Rillaboom|0 fnt\n|faint|p2a: Overqwil\n|faint|p2b: Rillaboom\n|-ability|p1a: Calyrex|Chilling Neigh|boost\n|-boost|p1a: Calyrex|atk|2\n|\n|-weather|none\n|-heal|p1a: Calyrex|36/100|[from] Grassy Terrain\n|-fieldend|move: Trick Room\n|upkeep\n|-message|drive stone forfeited.\n|\n|win|wu2007\n|raw|wu2007's rating: 1350 &rarr; <strong>1379</strong><br />(+29 for winning)\n|raw|drive stone's rating: 1525 &rarr; <strong>1496</strong><br />(-29 for losing)\n|l|\u2606drive stone\n|player|p2|\n|l|\u2606wu2007\n|player|p1|\n","uploadtime":1773218061,"views":15,"formatid":"gen9vgc2026regi","rating":1379,"private":0,"password":null}