{"id":"gen9vgc2026regi-2518405302","format":"[Gen 9] VGC 2026 Reg I","players":["Kenobi_1","It'sJustKen VGC"],"log":"|j|\u2606Kenobi_1\n|j|\u2606It'sJustKen VGC\n|t:|1768384596\n|gametype|doubles\n|player|p1|Kenobi_1|ash-alola|1140\n|player|p2|It'sJustKen VGC|169|1202\n|gen|9\n|tier|[Gen 9] VGC 2026 Reg I\n|rated|\n|rule|Species Clause: Limit one of each Pok\u00e9mon\n|rule|Item Clause: Limit 1 of each item\n|clearpoke\n|poke|p1|Calyrex-Shadow, L50|\n|poke|p1|Zamazenta-*, L50|\n|poke|p1|Smeargle, L50, M|\n|poke|p1|Raging Bolt, L50|\n|poke|p1|Rillaboom, L50, F|\n|poke|p1|Tornadus, L50, M|\n|poke|p2|Urshifu-*, L50, M|\n|poke|p2|Incineroar, L50, M|\n|poke|p2|Calyrex-Shadow, L50|\n|poke|p2|Amoonguss, L50, M|\n|poke|p2|Tornadus, L50, M|\n|poke|p2|Chien-Pao, L50|\n|teampreview|4\n|inactive|Battle timer is ON: inactive players will automatically lose when time's up. (requested by Kenobi_1)\n|\n|t:|1768384619\n|teamsize|p1|4\n|teamsize|p2|4\n|start\n|switch|p1a: Smeargle|Smeargle, L50, M|100/100\n|switch|p1b: Tornadus|Tornadus, L50, M|100/100\n|switch|p2a: Tornadus|Tornadus, L50, M|100/100\n|switch|p2b: Incineroar|Incineroar, L50, M|100/100\n|-ability|p2b: Incineroar|Intimidate|boost\n|-unboost|p1a: Smeargle|atk|1\n|-unboost|p1b: Tornadus|atk|1\n|turn|1\n|\n|t:|1768384636\n|move|p1a: Smeargle|Fake Out|p2a: Tornadus\n|-damage|p2a: Tornadus|95/100\n|move|p2b: Incineroar|Fake Out|p1b: Tornadus\n|-damage|p1b: Tornadus|88/100\n|cant|p1b: Tornadus|flinch\n|cant|p2a: Tornadus|flinch\n|\n|-ability|p1a: Smeargle|Moody|boost\n|-boost|p1a: Smeargle|def|2\n|-unboost|p1a: Smeargle|spd|1\n|upkeep\n|turn|2\n|\n|t:|1768384655\n|move|p2a: Tornadus|Rain Dance|p2a: Tornadus\n|-weather|RainDance\n|move|p1b: Tornadus|Tailwind|p1b: Tornadus\n|-sidestart|p1: Kenobi_1|move: Tailwind\n|move|p1a: Smeargle|Spore|p2b: Incineroar\n|-status|p2b: Incineroar|slp|[from] move: Spore\n|cant|p2b: Incineroar|slp\n|\n|-weather|RainDance|[upkeep]\n|-ability|p1a: Smeargle|Moody|boost\n|-boost|p1a: Smeargle|spe|2\n|-unboost|p1a: Smeargle|spd|1\n|upkeep\n|turn|3\n|\n|t:|1768384667\n|move|p2a: Tornadus|Protect|p2a: Tornadus\n|-singleturn|p2a: Tornadus|Protect\n|move|p1a: Smeargle|Decorate|p1b: Tornadus\n|-boost|p1b: Tornadus|atk|2\n|-boost|p1b: Tornadus|spa|2\n|move|p1b: Tornadus|Bleakwind Storm|p2b: Incineroar|[spread] p2b\n|-activate|p2a: Tornadus|move: Protect\n|-damage|p2b: Incineroar|37/100 slp\n|-unboost|p2b: Incineroar|spe|1\n|-curestatus|p2b: Incineroar|slp|[msg]\n|move|p2b: Incineroar|Knock Off|p1b: Tornadus\n|-damage|p1b: Tornadus|44/100\n|-enditem|p1b: Tornadus|Sharp Beak|[from] move: Knock Off|[of] p2b: Incineroar\n|\n|-weather|RainDance|[upkeep]\n|-ability|p1a: Smeargle|Moody|boost\n|-boost|p1a: Smeargle|atk|2\n|-unboost|p1a: Smeargle|spd|1\n|upkeep\n|turn|4\n|\n|t:|1768384689\n|move|p2a: Tornadus|Tailwind|p2a: Tornadus\n|-sidestart|p2: It'sJustKen VGC|move: Tailwind\n|move|p1a: Smeargle|Decorate|p1b: Tornadus\n|-boost|p1b: Tornadus|atk|2\n|-boost|p1b: Tornadus|spa|2\n|move|p1b: Tornadus|Bleakwind Storm|p2b: Incineroar|[spread] p2a,p2b\n|-damage|p2a: Tornadus|0 fnt\n|-damage|p2b: Incineroar|0 fnt\n|faint|p2a: Tornadus\n|faint|p2b: Incineroar\n|\n|-weather|RainDance|[upkeep]\n|-ability|p1a: Smeargle|Moody|boost\n|-boost|p1a: Smeargle|def|2\n|-unboost|p1a: Smeargle|atk|1\n|upkeep\n|\n|t:|1768384695\n|switch|p2a: Chien-Pao|Chien-Pao, L50|100/100\n|switch|p2b: Calyrex|Calyrex-Shadow, L50|100/100\n|-ability|p2b: Calyrex|As One\n|-ability|p2b: Calyrex|Unnerve\n|-ability|p2a: Chien-Pao|Sword of Ruin\n|turn|5\n|\n|t:|1768384707\n|move|p1b: Tornadus|Protect|p1b: Tornadus\n|-singleturn|p1b: Tornadus|Protect\n|move|p2b: Calyrex|Protect|p2b: Calyrex\n|-singleturn|p2b: Calyrex|Protect\n|move|p2a: Chien-Pao|Sucker Punch||[still]\n|-fail|p2a: Chien-Pao\n|move|p1a: Smeargle|Spore|p2b: Calyrex\n|-activate|p2b: Calyrex|move: Protect\n|\n|-weather|RainDance|[upkeep]\n|-sideend|p1: Kenobi_1|move: Tailwind\n|-ability|p1a: Smeargle|Moody|boost\n|-boost|p1a: Smeargle|spe|2\n|-unboost|p1a: Smeargle|atk|1\n|upkeep\n|turn|6\n|inactive|Kenobi_1 has 30 seconds left.\n|\n|t:|1768384733\n|move|p1b: Tornadus|Tailwind|p1b: Tornadus\n|-sidestart|p1: Kenobi_1|move: Tailwind\n|move|p1a: Smeargle|Spore|p2b: Calyrex\n|-status|p2b: Calyrex|slp|[from] move: Spore\n|cant|p2b: Calyrex|slp\n|move|p2a: Chien-Pao|Ice Spinner|p1a: Smeargle\n|-damage|p1a: Smeargle|61/100\n|\n|-weather|none\n|-ability|p1a: Smeargle|Moody|boost\n|-boost|p1a: Smeargle|spe|2\n|-unboost|p1a: Smeargle|def|1\n|upkeep\n|turn|7\n|-message|It'sJustKen VGC forfeited.\n|\n|win|Kenobi_1\n|raw|Kenobi_1's rating: 1140 &rarr; <strong>1169</strong><br />(+29 for winning)\n|raw|It&apos;sJustKen VGC's rating: 1202 &rarr; <strong>1173</strong><br />(-29 for losing)\n|l|\u2606It'sJustKen VGC\n|player|p2|\n|l|\u2606Kenobi_1\n|player|p1|\n","uploadtime":1768385139,"views":11,"formatid":"gen9vgc2026regi","rating":1169,"private":0,"password":null}