{"id":"gen9vgc2026regi-2544712260","format":"[Gen 9] VGC 2026 Reg I","players":["EllenJoe2026","Tepig_nNz_498"],"log":"|j|\u203dEllenJoe2026\n|j|\u2606Tepig_nNz_498\n|t:|1771744160\n|gametype|doubles\n|player|p1|EllenJoe2026|iono|1422\n|player|p2|Tepig_nNz_498|170|1306\n|gen|9\n|tier|[Gen 9] VGC 2026 Reg I\n|rated|\n|rule|Species Clause: Limit one of each Pok\u00e9mon\n|rule|Item Clause: Limit 1 of each item\n|clearpoke\n|poke|p1|Calyrex-Shadow, L50|\n|poke|p1|Zamazenta-*, L50|\n|poke|p1|Chien-Pao, L50|\n|poke|p1|Dragonite, L50, F|\n|poke|p1|Amoonguss, L50, F|\n|poke|p1|Ogerpon-Cornerstone, L50, F|\n|poke|p2|Whimsicott, L50, F|\n|poke|p2|Reshiram, L50|\n|poke|p2|Incineroar, L50, M|\n|poke|p2|Lilligant-Hisui, L50, F|\n|poke|p2|Brute Bonnet, L50|\n|poke|p2|Koraidon, L50|\n|teampreview|4\n|inactive|Battle timer is ON: inactive players will automatically lose when time's up. (requested by EllenJoe2026)\n|inactive|EllenJoe2026 has 60 seconds left.\n|\n|t:|1771744206\n|teamsize|p1|4\n|teamsize|p2|4\n|start\n|switch|p1a: Calyrex|Calyrex-Shadow, L50|100/100\n|switch|p1b: Ogerpon|Ogerpon-Cornerstone, L50, F|100/100\n|switch|p2a: Lilligant|Lilligant-Hisui, L50, F|100/100\n|switch|p2b: Koraidon|Koraidon, L50|100/100\n|-ability|p1a: Calyrex|As One\n|-ability|p1a: Calyrex|Unnerve\n|-weather|SunnyDay|[from] ability: Orichalcum Pulse|[of] p2b: Koraidon\n|-activate|p2b: Koraidon|Orichalcum Pulse|[source]\n|turn|1\n|inactive|Tepig_nNz_498 has 30 seconds left.\n|inactive|Tepig_nNz_498 has 20 seconds left.\n|\n|t:|1771744243\n|move|p2a: Lilligant|Solar Blade||[still]\n|-prepare|p2a: Lilligant|Solar Blade\n|-anim|p2a: Lilligant|Solar Blade|p1a: Calyrex\n|-damage|p1a: Calyrex|34/100\n|move|p1a: Calyrex|Astral Barrage|p2a: Lilligant|[spread] p2a,p2b\n|-damage|p2a: Lilligant|15/100\n|-damage|p2b: Koraidon|44/100\n|move|p2b: Koraidon|Flare Blitz|p1a: Calyrex\n|-damage|p1a: Calyrex|0 fnt\n|faint|p1a: Calyrex\n|-damage|p2b: Koraidon|33/100|[from] Recoil\n|move|p1b: Ogerpon|Ivy Cudgel|p2a: Lilligant|[anim] Ivy Cudgel Rock\n|-resisted|p2a: Lilligant\n|-damage|p2a: Lilligant|0 fnt\n|faint|p2a: Lilligant\n|\n|-weather|SunnyDay|[upkeep]\n|upkeep\n|\n|t:|1771744260\n|switch|p1a: Zamazenta|Zamazenta-Crowned, L50|100/100\n|switch|p2a: Incineroar|Incineroar, L50, M|100/100\n|-ability|p1a: Zamazenta|Dauntless Shield|boost\n|-boost|p1a: Zamazenta|def|1\n|-ability|p2a: Incineroar|Intimidate|boost\n|-unboost|p1a: Zamazenta|atk|1\n|-unboost|p1b: Ogerpon|atk|1\n|turn|2\n|\n|t:|1771744275\n|move|p1a: Zamazenta|Protect|p1a: Zamazenta\n|-singleturn|p1a: Zamazenta|Protect\n|move|p2a: Incineroar|Fake Out|p1a: Zamazenta\n|-activate|p1a: Zamazenta|move: Protect\n|move|p2b: Koraidon|Close Combat|p1a: Zamazenta\n|-activate|p1a: Zamazenta|move: Protect\n|move|p1b: Ogerpon|Ivy Cudgel|p2b: Koraidon|[anim] Ivy Cudgel Rock\n|-resisted|p2b: Koraidon\n|-damage|p2b: Koraidon|12/100\n|\n|-weather|SunnyDay|[upkeep]\n|upkeep\n|turn|3\n|inactive|EllenJoe2026 has 30 seconds left.\n|\n|t:|1771744306\n|-terastallize|p2a: Incineroar|Ghost\n|move|p1b: Ogerpon|Follow Me|p1b: Ogerpon\n|-singleturn|p1b: Ogerpon|move: Follow Me\n|move|p2b: Koraidon|Close Combat|p1b: Ogerpon\n|-supereffective|p1b: Ogerpon\n|-crit|p1b: Ogerpon\n|-ability|p1b: Ogerpon|Sturdy\n|-damage|p1b: Ogerpon|1/100\n|-unboost|p2b: Koraidon|def|1\n|-unboost|p2b: Koraidon|spd|1\n|-enditem|p2b: Koraidon|Eject Pack\n|\n|t:|1771744313\n|switch|p2b: Reshiram|Reshiram, L50|100/100\n|-ability|p2b: Reshiram|Turboblaze\n|move|p1a: Zamazenta|Body Press|p2a: Incineroar\n|-immune|p2a: Incineroar\n|move|p2a: Incineroar|Parting Shot|p1b: Ogerpon\n|-unboost|p1b: Ogerpon|atk|1\n|-unboost|p1b: Ogerpon|spa|1\n|\n|t:|1771744320\n|switch|p2a: Koraidon|Koraidon, L50|12/100|[from] Parting Shot\n|-activate|p2a: Koraidon|ability: Orichalcum Pulse\n|\n|-weather|SunnyDay|[upkeep]\n|upkeep\n|turn|4\n|inactive|EllenJoe2026 has 30 seconds left.\n|inactive|Tepig_nNz_498 has 30 seconds left.\n|inactive|EllenJoe2026 has 20 seconds left.\n|\n|t:|1771744360\n|switch|p2a: Incineroar|Incineroar, L50, M, tera:Ghost|100/100\n|-ability|p2a: Incineroar|Intimidate|boost\n|-unboost|p1a: Zamazenta|atk|1\n|-unboost|p1b: Ogerpon|atk|1\n|switch|p1b: Chien-Pao|Chien-Pao, L50|100/100\n|-ability|p1b: Chien-Pao|Sword of Ruin\n|-terastallize|p1a: Zamazenta|Dragon\n|move|p1a: Zamazenta|Body Press|p2a: Incineroar\n|-immune|p2a: Incineroar\n|move|p2b: Reshiram|Heat Wave|p1a: Zamazenta|[spread] p1a,p1b\n|-resisted|p1a: Zamazenta\n|-supereffective|p1b: Chien-Pao\n|-damage|p1a: Zamazenta|71/100\n|-damage|p1b: Chien-Pao|0 fnt\n|faint|p1b: Chien-Pao\n|-damage|p2b: Reshiram|91/100|[from] item: Life Orb\n|\n|-weather|SunnyDay|[upkeep]\n|upkeep\n|\n|t:|1771744363\n|switch|p1b: Ogerpon|Ogerpon-Cornerstone, L50, F|1/100\n|turn|5\n|\n|t:|1771744384\n|move|p1a: Zamazenta|Protect|p1a: Zamazenta\n|-singleturn|p1a: Zamazenta|Protect\n|move|p1b: Ogerpon|Spiky Shield|p1b: Ogerpon\n|-singleturn|p1b: Ogerpon|move: Protect\n|move|p2a: Incineroar|Fake Out|p1b: Ogerpon\n|-activate|p1b: Ogerpon|move: Protect\n|-damage|p2a: Incineroar|88/100|[from] Spiky Shield|[of] p1b: Ogerpon\n|move|p2b: Reshiram|Dragon Pulse|p1a: Zamazenta\n|-activate|p1a: Zamazenta|move: Protect\n|\n|-weather|none\n|upkeep\n|turn|6\n|\n|t:|1771744400\n|move|p2b: Reshiram|Protect|p2b: Reshiram\n|-singleturn|p2b: Reshiram|Protect\n|move|p1a: Zamazenta|Heavy Slam|p2a: Incineroar\n|-damage|p2a: Incineroar|65/100\n|move|p1b: Ogerpon|Ivy Cudgel|p2b: Reshiram|[anim] Ivy Cudgel Rock\n|-activate|p2b: Reshiram|move: Protect\n|move|p2a: Incineroar|Parting Shot|p1a: Zamazenta\n|-unboost|p1a: Zamazenta|atk|1\n|-unboost|p1a: Zamazenta|spa|1\n|\n|t:|1771744405\n|switch|p2a: Koraidon|Koraidon, L50|12/100|[from] Parting Shot\n|-weather|SunnyDay|[from] ability: Orichalcum Pulse|[of] p2a: Koraidon\n|-activate|p2a: Koraidon|Orichalcum Pulse|[source]\n|\n|-weather|SunnyDay|[upkeep]\n|upkeep\n|turn|7\n|\n|t:|1771744419\n|move|p2a: Koraidon|Dragon Claw|p1a: Zamazenta\n|-supereffective|p1a: Zamazenta\n|-damage|p1a: Zamazenta|31/100\n|move|p1a: Zamazenta|Body Press|p2a: Koraidon\n|-crit|p2a: Koraidon\n|-damage|p2a: Koraidon|0 fnt\n|faint|p2a: Koraidon\n|move|p1b: Ogerpon|Ivy Cudgel|p2b: Reshiram|[anim] Ivy Cudgel Rock\n|-supereffective|p2b: Reshiram\n|-damage|p2b: Reshiram|0 fnt\n|faint|p2b: Reshiram\n|\n|-weather|SunnyDay|[upkeep]\n|upkeep\n|-message|Tepig_nNz_498 forfeited.\n|\n|win|EllenJoe2026\n|raw|EllenJoe2026's rating: 1422 &rarr; <strong>1436</strong><br />(+14 for winning)\n|raw|Tepig_nNz_498's rating: 1306 &rarr; <strong>1292</strong><br />(-14 for losing)\n|l|\u2606Tepig_nNz_498\n|player|p2|\n|l|\u203dEllenJoe2026\n|player|p1|\n","uploadtime":1771744644,"views":11,"formatid":"gen9vgc2026regi","rating":1292,"private":0,"password":null}