{"id":"gen9vgc2026regi-2550483091","format":"[Gen 9] VGC 2026 Reg I","players":["cooldude559","CHR1SPHX"],"log":"|j|\u2606cooldude559\n|j|\u2606CHR1SPHX\n|t:|1772491761\n|gametype|doubles\n|player|p1|cooldude559|hilbert-wonderlauncher|1086\n|player|p2|CHR1SPHX|hilbert-wonderlauncher|1237\n|gen|9\n|tier|[Gen 9] VGC 2026 Reg I\n|rated|\n|rule|Species Clause: Limit one of each Pok\u00e9mon\n|rule|Item Clause: Limit 1 of each item\n|clearpoke\n|poke|p1|Calyrex-Ice, L50|\n|poke|p1|Meowstic, L50, M|\n|poke|p1|Annihilape, L50, M|\n|poke|p1|Maushold-Four, L50|\n|poke|p1|Spewpa, L50, M|\n|poke|p2|Incineroar, L50, M|\n|poke|p2|Koraidon, L50|\n|poke|p2|Flutter Mane, L50|\n|poke|p2|Brute Bonnet, L50|\n|poke|p2|Calyrex-Ice, L50|\n|poke|p2|Farigiraf, L50, F|\n|teampreview|4\n|inactive|Battle timer is ON: inactive players will automatically lose when time's up. (requested by CHR1SPHX)\n|\n|t:|1772491791\n|teamsize|p1|4\n|teamsize|p2|4\n|start\n|switch|p1a: Calyrex|Calyrex-Ice, L50|100/100\n|switch|p1b: Annihilape|Annihilape, L50, M, shiny|100/100\n|switch|p2a: Brute Bonnet|Brute Bonnet, L50, shiny|100/100\n|switch|p2b: Farigiraf|Farigiraf, L50, F|100/100\n|-ability|p1a: Calyrex|As One\n|-ability|p1a: Calyrex|Unnerve\n|turn|1\n|inactive|cooldude559 has 30 seconds left.\n|inactive|CHR1SPHX has 30 seconds left.\n|inactive|cooldude559 has 20 seconds left.\n|\n|t:|1772491828\n|switch|p2b: Flutter Mane|Flutter Mane, L50|100/100\n|-terastallize|p1b: Annihilape|Steel\n|move|p1b: Annihilape|Gunk Shot|p2a: Brute Bonnet|[miss]\n|-miss|p1b: Annihilape|p2a: Brute Bonnet\n|move|p2a: Brute Bonnet|Spore|p1a: Calyrex\n|-activate|p1a: Calyrex|item: Safety Goggles|Spore\n|move|p1a: Calyrex|Trick Room|p1a: Calyrex\n|-fieldstart|move: Trick Room|[of] p1a: Calyrex\n|\n|upkeep\n|turn|2\n|\n|t:|1772491844\n|switch|p1b: Maushold|Maushold-Four, L50|100/100\n|move|p1a: Calyrex|Glacial Lance|p2b: Flutter Mane|[spread] p2a,p2b\n|-supereffective|p2a: Brute Bonnet\n|-damage|p2a: Brute Bonnet|36/100\n|-damage|p2b: Flutter Mane|1/100\n|move|p2a: Brute Bonnet|Spore|p1b: Maushold\n|-status|p1b: Maushold|slp|[from] move: Spore\n|move|p2b: Flutter Mane|Shadow Ball|p1a: Calyrex\n|-supereffective|p1a: Calyrex\n|-damage|p1a: Calyrex|55/100\n|\n|upkeep\n|turn|3\n|\n|t:|1772491867\n|-terastallize|p2a: Brute Bonnet|Water\n|move|p2b: Flutter Mane|Protect|p2b: Flutter Mane\n|-singleturn|p2b: Flutter Mane|Protect\n|move|p1a: Calyrex|Glacial Lance|p2a: Brute Bonnet|[spread] p2a\n|-activate|p2b: Flutter Mane|move: Protect\n|-resisted|p2a: Brute Bonnet\n|-damage|p2a: Brute Bonnet|20/100\n|move|p2a: Brute Bonnet|Lash Out|p1a: Calyrex\n|-supereffective|p1a: Calyrex\n|-damage|p1a: Calyrex|31/100\n|cant|p1b: Maushold|slp\n|\n|upkeep\n|turn|4\n|\n|t:|1772491889\n|-end|p2b: Flutter Mane|Protosynthesis|[silent]\n|switch|p2b: Farigiraf|Farigiraf, L50, F|100/100\n|cant|p1b: Maushold|slp\n|move|p2a: Brute Bonnet|Sucker Punch|p1a: Calyrex\n|-supereffective|p1a: Calyrex\n|-damage|p1a: Calyrex|8/100\n|move|p1a: Calyrex|Glacial Lance|p2a: Brute Bonnet|[spread] p2a,p2b\n|-resisted|p2a: Brute Bonnet\n|-damage|p2a: Brute Bonnet|3/100\n|-damage|p2b: Farigiraf|62/100\n|\n|upkeep\n|turn|5\n|\n|t:|1772491901\n|cant|p1b: Maushold|slp\n|move|p2a: Brute Bonnet|Sucker Punch|p1a: Calyrex\n|-supereffective|p1a: Calyrex\n|-damage|p1a: Calyrex|0 fnt\n|-enditem|p2a: Brute Bonnet|Sitrus Berry|[eat]\n|-heal|p2a: Brute Bonnet|28/100|[from] item: Sitrus Berry\n|faint|p1a: Calyrex\n|move|p2b: Farigiraf|Hyper Voice|p1b: Maushold\n|-damage|p1b: Maushold|56/100 slp\n|\n|-fieldend|move: Trick Room\n|upkeep\n|\n|t:|1772491913\n|switch|p1a: Annihilape|Annihilape, L50, M, shiny, tera:Steel|100/100\n|turn|6\n|\n|t:|1772491923\n|-curestatus|p1b: Maushold|slp|[msg]\n|move|p1b: Maushold|Follow Me|p1b: Maushold\n|-singleturn|p1b: Maushold|move: Follow Me\n|move|p2a: Brute Bonnet|Rage Powder|p2a: Brute Bonnet\n|-singleturn|p2a: Brute Bonnet|move: Rage Powder\n|move|p1a: Annihilape|Acrobatics|p2a: Brute Bonnet\n|-damage|p2a: Brute Bonnet|14/100\n|move|p2b: Farigiraf|Roar|p1b: Maushold\n|drag|p1b: Spewpa|Spewpa, L50, M, shiny|100/100\n|\n|upkeep\n|turn|7\n|inactive|CHR1SPHX has 30 seconds left.\n|\n|t:|1772491951\n|move|p1a: Annihilape|Rage Fist|p2a: Brute Bonnet\n|-damage|p2a: Brute Bonnet|0 fnt\n|faint|p2a: Brute Bonnet\n|-end|p2a: Brute Bonnet|Protosynthesis|[silent]\n|move|p2b: Farigiraf|Hyper Voice|p1b: Spewpa|[spread] p1a,p1b\n|-resisted|p1a: Annihilape\n|-damage|p1a: Annihilape|93/100\n|-damage|p1b: Spewpa|49/100\n|move|p1b: Spewpa|Pounce|p1a: Annihilape\n|-resisted|p1a: Annihilape\n|-damage|p1a: Annihilape|91/100\n|-unboost|p1a: Annihilape|spe|1\n|\n|-heal|p1a: Annihilape|97/100|[from] item: Leftovers\n|upkeep\n|\n|t:|1772491962\n|switch|p2a: Koraidon|Koraidon, L50|100/100\n|-weather|SunnyDay|[from] ability: Orichalcum Pulse|[of] p2a: Koraidon\n|-activate|p2a: Koraidon|Orichalcum Pulse|[source]\n|turn|8\n|-message|cooldude559 forfeited.\n|\n|win|CHR1SPHX\n|raw|cooldude559's rating: 1086 &rarr; <strong>1072</strong><br />(-14 for losing)\n|raw|CHR1SPHX's rating: 1237 &rarr; <strong>1252</strong><br />(+15 for winning)\n|l|\u2606cooldude559\n|player|p1|\n|l|\u2606CHR1SPHX\n|player|p2|\n","uploadtime":1772492231,"views":22,"formatid":"gen9vgc2026regi","rating":1072,"private":0,"password":null}