{"id":"gen9vgc2026regi-2564600590","format":"[Gen 9] VGC 2026 Reg I","players":["Azorions","dasabe\u76d6\u6b27\u5361\u4fa0"],"log":"|j|\u2606Azorions\n|j|\u2606dasabe\u76d6\u6b27\u5361\u4fa0\n|t:|1774172318\n|gametype|doubles\n|player|p1|Azorions|falkner|\n|player|p2|dasabe\u76d6\u6b27\u5361\u4fa0|may-masters4|\n|gen|9\n|tier|[Gen 9] VGC 2026 Reg I\n|rated|Tournament battle\n|rule|Species Clause: Limit one of each Pok\u00e9mon\n|rule|Item Clause: Limit 1 of each item\n|raw|<div class=\"infobox\"><details class=\"readmore\" open><summary><strong>3 custom rules:</strong></summary> Open Team Sheets, Force Open Team Sheets, !Open Team Sheets</details></div>\n|clearpoke\n|poke|p1|Indeedee-F, L50, F|\n|poke|p1|Oranguru, L50, F|\n|poke|p1|Calyrex-Ice, L50|\n|poke|p1|Torkoal, L50, M|\n|poke|p1|Miraidon, L50|\n|poke|p1|Whimsicott, L50, M|\n|poke|p2|Zacian-*, L50|\n|poke|p2|Koraidon, L50|\n|poke|p2|Raging Bolt, L50|\n|poke|p2|Rillaboom, L50, M|\n|poke|p2|Chien-Pao, L50|\n|poke|p2|Tornadus, L50, M|\n|teampreview|4\n|showteam|p1|Indeedee-F||SafetyGoggles|PsychicSurge|Psychic,FollowMe,TrickRoom,HealingWish|||F|||50|,,,,,Fairy]Oranguru||MentalHerb|InnerFocus|Taunt,Psychic,Instruct,TrickRoom|||F|||50|,,,,,Fire]Calyrex-Ice||ClearAmulet|AsOneGlastrier|Protect,GlacialLance,HighHorsepower,TrickRoom||||||50|,,,,,Dragon]Torkoal||ChoiceSpecs|Drought|Eruption,HeatWave,WeatherBall,SolarBeam|||M|||50|,,,,,Fire]Miraidon||LifeOrb|HadronEngine|Protect,VoltSwitch,ElectroDrift,DracoMeteor||||||50|,,,,,Electric]Whimsicott||CovertCloak|Prankster|Encore,Tailwind,Moonblast,FakeTears|||M|||50|,,,,,Steel\n|showteam|p2|Zacian-Crowned||RustedSword|IntrepidSword|Protect,SwordsDance,behemothblade,PlayRough||||||50|,,,,,Normal]Koraidon||ClearAmulet|OrichalcumPulse|CollisionCourse,Protect,FlameCharge,FlareBlitz||||||50|,,,,,Fire]Raging Bolt||LifeOrb|Protosynthesis|Protect,Thunderclap,Thunderbolt,DracoMeteor||||||50|,,,,,Electric]Rillaboom||AssaultVest|GrassySurge|WoodHammer,Uturn,GrassyGlide,FakeOut|||M|||50|,,,,,Fire]Chien-Pao||FocusSash|SwordofRuin|IceSpinner,SuckerPunch,Protect,Taunt||||||50|,,,,,Ghost]Tornadus||SkyPlate|Prankster|BleakwindStorm,Tailwind,Taunt,SunnyDay|||M|||50|,,,,,Dark\n|inactive|Battle timer is ON: inactive players will automatically lose when time's up. (requested by Azorions)\n|j| aurora ltd\n|c|\u2606Azorions|Glhf\n|c|\u2606dasabe\u76d6\u6b27\u5361\u4fa0|glhf\n|inactive|Azorions has 60 seconds left.\n|inactive|dasabe\u76d6\u6b27\u5361\u4fa0 has 60 seconds left.\n|j| b3testing\n|\n|t:|1774172369\n|teamsize|p1|4\n|teamsize|p2|4\n|start\n|switch|p1a: Indeedee|Indeedee-F, L50, F|100/100\n|switch|p1b: Calyrex|Calyrex-Ice, L50|100/100\n|switch|p2a: \u829d\u58eb\u96ea\u8c79|Chien-Pao, L50|100/100\n|switch|p2b: \u9a82\u8c01\u542b\u5251|Zacian-Crowned, L50|100/100\n|-ability|p1b: Calyrex|As One\n|-ability|p1b: Calyrex|Unnerve\n|-ability|p2b: \u9a82\u8c01\u542b\u5251|Intrepid Sword|boost\n|-boost|p2b: \u9a82\u8c01\u542b\u5251|atk|1\n|-ability|p2a: \u829d\u58eb\u96ea\u8c79|Sword of Ruin\n|-fieldstart|move: Psychic Terrain|[from] ability: Psychic Surge|[of] p1a: Indeedee\n|turn|1\n|\n|t:|1774172389\n|move|p1a: Indeedee|Follow Me|p1a: Indeedee\n|-singleturn|p1a: Indeedee|move: Follow Me\n|move|p2b: \u9a82\u8c01\u542b\u5251|Behemoth Blade|p1a: Indeedee\n|-damage|p1a: Indeedee|0 fnt\n|faint|p1a: Indeedee\n|move|p2a: \u829d\u58eb\u96ea\u8c79|Taunt|p1b: Calyrex\n|-start|p1b: Calyrex|move: Taunt\n|cant|p1b: Calyrex|move: Taunt|Trick Room\n|\n|upkeep\n|\n|t:|1774172400\n|switch|p1a: Oranguru|Oranguru, L50, F|100/100\n|turn|2\n|j| TTTAAATTT00\n|\n|t:|1774172418\n|-terastallize|p1a: Oranguru|Fire\n|move|p2b: \u9a82\u8c01\u542b\u5251|Behemoth Blade|p1a: Oranguru\n|-resisted|p1a: Oranguru\n|-damage|p1a: Oranguru|57/100\n|move|p2a: \u829d\u58eb\u96ea\u8c79|Ice Spinner|p1a: Oranguru\n|-resisted|p1a: Oranguru\n|-damage|p1a: Oranguru|38/100\n|-fieldend|move: Psychic Terrain\n|move|p1b: Calyrex|High Horsepower|p2b: \u9a82\u8c01\u542b\u5251\n|-supereffective|p2b: \u9a82\u8c01\u542b\u5251\n|-damage|p2b: \u9a82\u8c01\u542b\u5251|2/100\n|move|p1a: Oranguru|Trick Room|p1a: Oranguru\n|-fieldstart|move: Trick Room|[of] p1a: Oranguru\n|\n|upkeep\n|turn|3\n|\n|t:|1774172436\n|move|p2b: \u9a82\u8c01\u542b\u5251|Protect|p2b: \u9a82\u8c01\u542b\u5251\n|-singleturn|p2b: \u9a82\u8c01\u542b\u5251|Protect\n|move|p2a: \u829d\u58eb\u96ea\u8c79|Sucker Punch|p1b: Calyrex\n|-supereffective|p1b: Calyrex\n|-damage|p1b: Calyrex|47/100\n|move|p1b: Calyrex|Glacial Lance|p2a: \u829d\u58eb\u96ea\u8c79|[spread] p2a\n|-activate|p2b: \u9a82\u8c01\u542b\u5251|move: Protect\n|-resisted|p2a: \u829d\u58eb\u96ea\u8c79\n|-damage|p2a: \u829d\u58eb\u96ea\u8c79|61/100\n|move|p1a: Oranguru|Instruct|p1b: Calyrex\n|-singleturn|p1b: Calyrex|move: Instruct|[of] p1a: Oranguru\n|move|p1b: Calyrex|Glacial Lance|p2a: \u829d\u58eb\u96ea\u8c79|[spread] p2a\n|-activate|p2b: \u9a82\u8c01\u542b\u5251|move: Protect\n|-resisted|p2a: \u829d\u58eb\u96ea\u8c79\n|-damage|p2a: \u829d\u58eb\u96ea\u8c79|21/100\n|\n|-end|p1b: Calyrex|move: Taunt\n|upkeep\n|turn|4\n|j| yzuii\n|\n|t:|1774172457\n|switch|p1b: Torkoal|Torkoal, L50, M|100/100\n|-weather|SunnyDay|[from] ability: Drought|[of] p1b: Torkoal\n|move|p2a: \u829d\u58eb\u96ea\u8c79|Sucker Punch||[still]\n|-fail|p2a: \u829d\u58eb\u96ea\u8c79\n|move|p1a: Oranguru|Psychic|p2b: \u9a82\u8c01\u542b\u5251\n|-resisted|p2b: \u9a82\u8c01\u542b\u5251\n|-damage|p2b: \u9a82\u8c01\u542b\u5251|0 fnt\n|faint|p2b: \u9a82\u8c01\u542b\u5251\n|\n|-weather|SunnyDay|[upkeep]\n|upkeep\n|j| ido1234567890\n|\n|t:|1774172464\n|switch|p2b: \u733f\u795e\uff01\u542f\u52a8\uff01|Rillaboom, L50, M|100/100\n|-fieldstart|move: Grassy Terrain|[from] ability: Grassy Surge|[of] p2b: \u733f\u795e\uff01\u542f\u52a8\uff01\n|turn|5\n|\n|t:|1774172483\n|move|p2b: \u733f\u795e\uff01\u542f\u52a8\uff01|Fake Out|p1b: Torkoal\n|-damage|p1b: Torkoal|88/100\n|move|p2a: \u829d\u58eb\u96ea\u8c79|Sucker Punch|p1b: Torkoal\n|-damage|p1b: Torkoal|55/100\n|cant|p1b: Torkoal|flinch\n|move|p1a: Oranguru|Taunt|p2a: \u829d\u58eb\u96ea\u8c79\n|-start|p2a: \u829d\u58eb\u96ea\u8c79|move: Taunt\n|\n|-weather|SunnyDay|[upkeep]\n|-heal|p1b: Torkoal|60/100|[from] Grassy Terrain\n|-heal|p1a: Oranguru|44/100|[from] Grassy Terrain\n|-heal|p2a: \u829d\u58eb\u96ea\u8c79|27/100|[from] Grassy Terrain\n|upkeep\n|turn|6\n|j| skootini\n|\n|t:|1774172499\n|-terastallize|p2b: \u733f\u795e\uff01\u542f\u52a8\uff01|Fire\n|move|p2a: \u829d\u58eb\u96ea\u8c79|Sucker Punch|p1b: Torkoal\n|-damage|p1b: Torkoal|27/100\n|move|p1b: Torkoal|Heat Wave|p2b: \u733f\u795e\uff01\u542f\u52a8\uff01|[spread] p2a,p2b\n|-supereffective|p2a: \u829d\u58eb\u96ea\u8c79\n|-resisted|p2b: \u733f\u795e\uff01\u542f\u52a8\uff01\n|-damage|p2a: \u829d\u58eb\u96ea\u8c79|0 fnt\n|-damage|p2b: \u733f\u795e\uff01\u542f\u52a8\uff01|77/100\n|faint|p2a: \u829d\u58eb\u96ea\u8c79\n|move|p1a: Oranguru|Instruct|p1b: Torkoal\n|-singleturn|p1b: Torkoal|move: Instruct|[of] p1a: Oranguru\n|move|p1b: Torkoal|Heat Wave|p2b: \u733f\u795e\uff01\u542f\u52a8\uff01|[miss]\n|-miss|p1b: Torkoal|p2b: \u733f\u795e\uff01\u542f\u52a8\uff01\n|move|p2b: \u733f\u795e\uff01\u542f\u52a8\uff01|U-turn|p1b: Torkoal\n|-resisted|p1b: Torkoal\n|-damage|p1b: Torkoal|18/100\n|\n|t:|1774172504\n|switch|p2b: \u6545\u5927\u5305\u52d2|Koraidon, L50|100/100|[from] U-turn\n|-activate|p2b: \u6545\u5927\u5305\u52d2|ability: Orichalcum Pulse\n|\n|-weather|SunnyDay|[upkeep]\n|-heal|p1b: Torkoal|23/100|[from] Grassy Terrain\n|-heal|p1a: Oranguru|50/100|[from] Grassy Terrain\n|-fieldend|move: Trick Room\n|upkeep\n|\n|t:|1774172507\n|switch|p2a: \u733f\u795e\uff01\u542f\u52a8\uff01|Rillaboom, L50, M, tera:Fire|77/100\n|turn|7\n|j| TimeforCHILLI\n|inactive|Azorions has 30 seconds left.\n|inactive|Azorions has 20 seconds left.\n|inactive|Azorions has 15 seconds left.\n|inactive|Azorions has 10 seconds left.\n|\n|t:|1774172557\n|move|p2a: \u733f\u795e\uff01\u542f\u52a8\uff01|Fake Out|p1b: Torkoal\n|-damage|p1b: Torkoal|12/100\n|move|p2b: \u6545\u5927\u5305\u52d2|Collision Course|p1a: Oranguru\n|-damage|p1a: Oranguru|0 fnt\n|faint|p1a: Oranguru\n|cant|p1b: Torkoal|flinch\n|\n|-weather|SunnyDay|[upkeep]\n|-heal|p2a: \u733f\u795e\uff01\u542f\u52a8\uff01|83/100|[from] Grassy Terrain\n|-heal|p1b: Torkoal|18/100|[from] Grassy Terrain\n|upkeep\n|\n|t:|1774172568\n|switch|p1a: Calyrex|Calyrex-Ice, L50|47/100\n|-ability|p1a: Calyrex|As One\n|-ability|p1a: Calyrex|Unnerve\n|turn|8\n|\n|t:|1774172578\n|move|p2b: \u6545\u5927\u5305\u52d2|Flare Blitz|p1a: Calyrex\n|-supereffective|p1a: Calyrex\n|-damage|p1a: Calyrex|0 fnt\n|faint|p1a: Calyrex\n|-damage|p2b: \u6545\u5927\u5305\u52d2|85/100|[from] Recoil\n|move|p2a: \u733f\u795e\uff01\u542f\u52a8\uff01|Wood Hammer|p1b: Torkoal\n|-resisted|p1b: Torkoal\n|-damage|p1b: Torkoal|0 fnt\n|faint|p1b: Torkoal\n|-damage|p2a: \u733f\u795e\uff01\u542f\u52a8\uff01|78/100|[from] Recoil\n|\n|win|dasabe\u76d6\u6b27\u5361\u4fa0\n|n|\u2606Azorions|azorions\n|n|\u2606dasabe\u76d6\u6b27\u5361\u4fa0|dasabe\n|n| aurora ltd|auroraltd\n|n| b3testing|b3testing\n|n| TTTAAATTT00|tttaaattt00\n|n| yzuii|yzuii\n|n| ido1234567890|ido1234567890\n|n| skootini|skootini\n|n| TimeforCHILLI|timeforchilli\n|l| TimeforCHILLI\n|c|\u2606Azorions|Ggwp\n|l| yzuii\n|l|\u2606dasabe\u76d6\u6b27\u5361\u4fa0\n|player|p2|\n|l|\u2606Azorions\n|player|p1|\n|l| b3testing\n|l| TTTAAATTT00\n|l| skootini\n","uploadtime":1774172650,"views":9,"formatid":"gen9vgc2026regi","rating":null,"private":0,"password":null}