{"id":"gen9vgc2026regi-2527910713","format":"[Gen 9] VGC 2026 Reg I","players":["BOMAtheFireEnjoyer","Schimmli"],"log":"|j|\u2606BOMAtheFireEnjoyer\n|j|\u2606Schimmli\n|t:|1769598812\n|gametype|doubles\n|player|p1|BOMAtheFireEnjoyer|n|1266\n|player|p2|Schimmli|170|1482\n|gen|9\n|tier|[Gen 9] VGC 2026 Reg I\n|rated|\n|rule|Species Clause: Limit one of each Pok\u00e9mon\n|rule|Item Clause: Limit 1 of each item\n|clearpoke\n|poke|p1|Reshiram, L50|\n|poke|p1|Groudon, L50|\n|poke|p1|Walking Wake, L50|\n|poke|p1|Iron Hands, L50|\n|poke|p1|Farigiraf, L50, M|\n|poke|p1|Whimsicott, L50, M|\n|poke|p2|Terapagos, L50, M|\n|poke|p2|Calyrex-Shadow, L50|\n|poke|p2|Flutter Mane, L50|\n|poke|p2|Ogerpon-Cornerstone, L50, F|\n|poke|p2|Incineroar, L50, M|\n|poke|p2|Rillaboom, L50, M|\n|teampreview|4\n|\n|t:|1769598840\n|teamsize|p1|4\n|teamsize|p2|4\n|start\n|switch|p1a: Reshiram|Reshiram, L50|100/100\n|switch|p1b: Whimsicott|Whimsicott, L50, M|100/100\n|switch|p2a: Terapagos|Terapagos, L50, M|100/100\n|switch|p2b: Incineroar|Incineroar, L50, M, shiny|100/100\n|-activate|p2a: Terapagos|ability: Tera Shift\n|detailschange|p2a: Terapagos|Terapagos-Terastal, L50, M\n|-heal|p2a: Terapagos|100/100|[silent]\n|-ability|p1a: Reshiram|Turboblaze\n|-ability|p2b: Incineroar|Intimidate|boost\n|-unboost|p1a: Reshiram|atk|1\n|-unboost|p1b: Whimsicott|atk|1\n|turn|1\n|inactive|Battle timer is ON: inactive players will automatically lose when time's up. (requested by BOMAtheFireEnjoyer)\n|\n|t:|1769598867\n|move|p2b: Incineroar|Fake Out|p1a: Reshiram\n|-damage|p1a: Reshiram|90/100\n|move|p1b: Whimsicott|Taunt|p2a: Terapagos\n|-start|p2a: Terapagos|move: Taunt\n|cant|p1a: Reshiram|flinch\n|move|p2a: Terapagos|Tera Starstorm|p1b: Whimsicott\n|-damage|p1b: Whimsicott|18/100\n|\n|upkeep\n|turn|2\n|inactive|BOMAtheFireEnjoyer has 30 seconds left.\n|inactive|Schimmli has 30 seconds left.\n|inactive|Schimmli has 20 seconds left.\n|\n|t:|1769598909\n|switch|p2a: Calyrex|Calyrex-Shadow, L50|100/100\n|-ability|p2a: Calyrex|As One\n|-ability|p2a: Calyrex|Unnerve\n|move|p1b: Whimsicott|Sunny Day|p1b: Whimsicott\n|-weather|SunnyDay\n|move|p1a: Reshiram|Blue Flare|p2a: Calyrex\n|-enditem|p2a: Calyrex|Focus Sash\n|-damage|p2a: Calyrex|1/100\n|move|p2b: Incineroar|Knock Off|p1b: Whimsicott\n|-resisted|p1b: Whimsicott\n|-damage|p1b: Whimsicott|0 fnt\n|-enditem|p1b: Whimsicott|Focus Sash|[from] move: Knock Off|[of] p2b: Incineroar\n|faint|p1b: Whimsicott\n|\n|-weather|SunnyDay|[upkeep]\n|upkeep\n|\n|t:|1769598915\n|switch|p1b: Walking Wake|Walking Wake, L50|100/100\n|-activate|p1b: Walking Wake|ability: Protosynthesis\n|-start|p1b: Walking Wake|protosynthesisspe\n|turn|3\n|\n|t:|1769598929\n|-terastallize|p1a: Reshiram|Fire\n|move|p2a: Calyrex|Protect|p2a: Calyrex\n|-singleturn|p2a: Calyrex|Protect\n|move|p1b: Walking Wake|Hydro Steam|p2a: Calyrex\n|-activate|p2a: Calyrex|move: Protect\n|move|p1a: Reshiram|Blue Flare|p2b: Incineroar|[miss]\n|-miss|p1a: Reshiram|p2b: Incineroar\n|move|p2b: Incineroar|Parting Shot|p1a: Reshiram\n|-unboost|p1a: Reshiram|atk|1\n|-unboost|p1a: Reshiram|spa|1\n|\n|t:|1769598942\n|switch|p2b: Terapagos|Terapagos-Terastal, L50, M|100/100|[from] Parting Shot\n|\n|-weather|SunnyDay|[upkeep]\n|upkeep\n|turn|4\n|\n|t:|1769598952\n|switch|p2a: Incineroar|Incineroar, L50, M, shiny|100/100\n|-ability|p2a: Incineroar|Intimidate|boost\n|-unboost|p1a: Reshiram|atk|1\n|-unboost|p1b: Walking Wake|atk|1\n|-terastallize|p2b: Terapagos|Stellar\n|detailschange|p2b: Terapagos|Terapagos-Stellar, L50, M, tera:Stellar\n|-heal|p2b: Terapagos|100/100|[silent]\n|-ability|p2b: Terapagos|Teraform Zero\n|-weather|none\n|-end|p1b: Walking Wake|Protosynthesis\n|move|p1b: Walking Wake|Hydro Steam|p2a: Incineroar\n|-supereffective|p2a: Incineroar\n|-damage|p2a: Incineroar|4/100\n|-damage|p1b: Walking Wake|91/100|[from] item: Life Orb\n|move|p1a: Reshiram|Blue Flare|p2b: Terapagos\n|-damage|p2b: Terapagos|33/100\n|move|p2b: Terapagos|Calm Mind|p2b: Terapagos\n|-boost|p2b: Terapagos|spa|1\n|-boost|p2b: Terapagos|spd|1\n|\n|-heal|p2b: Terapagos|39/100|[from] item: Leftovers\n|upkeep\n|turn|5\n|j| here's where king!\n|inactive|Schimmli has 30 seconds left.\n|inactive|Schimmli has 20 seconds left.\n|\n|t:|1769598989\n|move|p2b: Terapagos|Protect|p2b: Terapagos\n|-singleturn|p2b: Terapagos|Protect\n|move|p1b: Walking Wake|Hydro Steam|p2b: Terapagos\n|-activate|p2b: Terapagos|move: Protect\n|move|p1a: Reshiram|Blue Flare|p2b: Terapagos\n|-activate|p2b: Terapagos|move: Protect\n|move|p2a: Incineroar|Parting Shot|p1a: Reshiram\n|-unboost|p1a: Reshiram|atk|1\n|-unboost|p1a: Reshiram|spa|1\n|\n|t:|1769598999\n|switch|p2a: Rillaboom|Rillaboom, L50, M|100/100|[from] Parting Shot\n|-fieldstart|move: Grassy Terrain|[from] ability: Grassy Surge|[of] p2a: Rillaboom\n|\n|-heal|p1b: Walking Wake|97/100|[from] Grassy Terrain\n|-heal|p1a: Reshiram|96/100|[from] Grassy Terrain\n|-heal|p2b: Terapagos|45/100|[from] Grassy Terrain\n|-heal|p2b: Terapagos|51/100|[from] item: Leftovers\n|upkeep\n|turn|6\n|\n|t:|1769599009\n|switch|p1a: Groudon|Groudon, L50|100/100\n|-weather|SunnyDay|[from] ability: Drought|[of] p1a: Groudon\n|-activate|p1b: Walking Wake|ability: Protosynthesis\n|-start|p1b: Walking Wake|protosynthesisspe\n|move|p1b: Walking Wake|Protect|p1b: Walking Wake\n|-singleturn|p1b: Walking Wake|Protect\n|move|p2a: Rillaboom|Fake Out|p1b: Walking Wake\n|-activate|p1b: Walking Wake|move: Protect\n|move|p2b: Terapagos|Tera Starstorm|p1a: Groudon|[spread] p1a\n|-activate|p1b: Walking Wake|move: Protect\n|-damage|p1a: Groudon|55/100\n|\n|-weather|SunnyDay|[upkeep]\n|-heal|p1b: Walking Wake|100/100|[from] Grassy Terrain\n|-heal|p1a: Groudon|61/100|[from] Grassy Terrain\n|-heal|p2b: Terapagos|58/100|[from] Grassy Terrain\n|-heal|p2b: Terapagos|64/100|[from] item: Leftovers\n|upkeep\n|turn|7\n|\n|t:|1769599027\n|move|p2b: Terapagos|Protect|p2b: Terapagos\n|-singleturn|p2b: Terapagos|Protect\n|move|p2a: Rillaboom|Grassy Glide|p1a: Groudon\n|-supereffective|p1a: Groudon\n|-damage|p1a: Groudon|15/100\n|move|p1b: Walking Wake|Flamethrower|p2a: Rillaboom\n|-supereffective|p2a: Rillaboom\n|-damage|p2a: Rillaboom|29/100\n|-damage|p1b: Walking Wake|91/100|[from] item: Life Orb\n|move|p1a: Groudon|Precipice Blades|p2a: Rillaboom|[spread] p2a\n|-activate|p2b: Terapagos|move: Protect\n|-resisted|p2a: Rillaboom\n|-damage|p2a: Rillaboom|6/100\n|\n|-weather|SunnyDay|[upkeep]\n|-heal|p1b: Walking Wake|97/100|[from] Grassy Terrain\n|-heal|p1a: Groudon|21/100|[from] Grassy Terrain\n|-heal|p2b: Terapagos|70/100|[from] Grassy Terrain\n|-heal|p2b: Terapagos|76/100|[from] item: Leftovers\n|-heal|p2a: Rillaboom|12/100|[from] Grassy Terrain\n|upkeep\n|turn|8\n|l| here's where king!\n|inactive|Schimmli has 30 seconds left.\n|\n|t:|1769599052\n|move|p1a: Groudon|Protect|p1a: Groudon\n|-singleturn|p1a: Groudon|Protect\n|move|p2a: Rillaboom|Grassy Glide|p1a: Groudon\n|-activate|p1a: Groudon|move: Protect\n|move|p1b: Walking Wake|Hydro Steam|p2a: Rillaboom\n|-resisted|p2a: Rillaboom\n|-damage|p2a: Rillaboom|0 fnt\n|faint|p2a: Rillaboom\n|-damage|p1b: Walking Wake|87/100|[from] item: Life Orb\n|move|p2b: Terapagos|Tera Starstorm|p1b: Walking Wake|[spread] p1b\n|-activate|p1a: Groudon|move: Protect\n|-damage|p1b: Walking Wake|37/100\n|\n|-weather|SunnyDay|[upkeep]\n|-heal|p1b: Walking Wake|43/100|[from] Grassy Terrain\n|-heal|p1a: Groudon|27/100|[from] Grassy Terrain\n|-heal|p2b: Terapagos|83/100|[from] Grassy Terrain\n|-heal|p2b: Terapagos|89/100|[from] item: Leftovers\n|upkeep\n|\n|t:|1769599073\n|switch|p2a: Incineroar|Incineroar, L50, M, shiny|4/100\n|-ability|p2a: Incineroar|Intimidate|boost\n|-fail|p1a: Groudon|unboost|[from] item: Clear Amulet|[of] p1a: Groudon\n|-unboost|p1b: Walking Wake|atk|1\n|turn|9\n|\n|t:|1769599081\n|move|p1a: Groudon|Helping Hand|p1b: Walking Wake\n|-singleturn|p1b: Walking Wake|Helping Hand|[of] p1a: Groudon\n|move|p2a: Incineroar|Fake Out|p1b: Walking Wake\n|-damage|p1b: Walking Wake|32/100\n|cant|p1b: Walking Wake|flinch\n|move|p2b: Terapagos|Tera Starstorm|p1b: Walking Wake|[spread] p1a,p1b\n|-damage|p1a: Groudon|0 fnt\n|-damage|p1b: Walking Wake|0 fnt\n|faint|p1a: Groudon\n|faint|p1b: Walking Wake\n|-end|p1b: Walking Wake|Protosynthesis|[silent]\n|\n|-weather|SunnyDay|[upkeep]\n|-heal|p2b: Terapagos|95/100|[from] Grassy Terrain\n|-heal|p2b: Terapagos|100/100|[from] item: Leftovers\n|-heal|p2a: Incineroar|10/100|[from] Grassy Terrain\n|-fieldend|move: Grassy Terrain\n|upkeep\n|c|\u2606BOMAtheFireEnjoyer|The game allowed you to win, enjoy it\n|-message|BOMAtheFireEnjoyer forfeited.\n|\n|win|Schimmli\n|raw|BOMAtheFireEnjoyer's rating: 1266 &rarr; <strong>1255</strong><br />(-11 for losing)\n|raw|Schimmli's rating: 1482 &rarr; <strong>1491</strong><br />(+9 for winning)\n|l|\u2606BOMAtheFireEnjoyer\n|player|p1|\n|l|\u2606Schimmli\n|player|p2|\n","uploadtime":1769599261,"views":13,"formatid":"gen9vgc2026regi","rating":1255,"private":0,"password":null}