{"id":"gen9vgc2026regi-2548870366","format":"[Gen 9] VGC 2026 Reg I","players":["fogdocker","xiaoliyunVGC"],"log":"|j|\u2606fogdocker\n|j|\u2606xiaoliyunVGC\n|t:|1772273767\n|gametype|doubles\n|player|p1|fogdocker|266|1313\n|player|p2|xiaoliyunVGC|liko|1369\n|gen|9\n|tier|[Gen 9] VGC 2026 Reg I\n|rated|\n|rule|Species Clause: Limit one of each Pok\u00e9mon\n|rule|Item Clause: Limit 1 of each item\n|clearpoke\n|poke|p1|Calyrex-Ice, L50|\n|poke|p1|Koraidon, L50|\n|poke|p1|Flutter Mane, L50|\n|poke|p1|Incineroar, L50, M|\n|poke|p1|Rillaboom, L50, F|\n|poke|p1|Annihilape, L50, M|\n|poke|p2|Zamazenta-*, L50|\n|poke|p2|Kyogre, L50|\n|poke|p2|Raichu, L50, F|\n|poke|p2|Flutter Mane, L50|\n|poke|p2|Tornadus, L50, M|\n|poke|p2|Kingambit, L50, M|\n|teampreview|4\n|inactive|Battle timer is ON: inactive players will automatically lose when time's up. (requested by xiaoliyunVGC)\n|\n|t:|1772273796\n|teamsize|p1|4\n|teamsize|p2|4\n|start\n|switch|p1a: Rillaboom|Rillaboom, L50, F|100/100\n|switch|p1b: Calyrex|Calyrex-Ice, L50|100/100\n|switch|p2a: Zamazenta|Zamazenta-Crowned, L50, shiny|100/100\n|switch|p2b: Flutter Mane|Flutter Mane, L50|100/100\n|-ability|p1b: Calyrex|As One\n|-ability|p1b: Calyrex|Unnerve\n|-ability|p2a: Zamazenta|Dauntless Shield|boost\n|-boost|p2a: Zamazenta|def|1\n|-fieldstart|move: Grassy Terrain|[from] ability: Grassy Surge|[of] p1a: Rillaboom\n|-enditem|p2b: Flutter Mane|Booster Energy\n|-activate|p2b: Flutter Mane|ability: Protosynthesis|[fromitem]\n|-start|p2b: Flutter Mane|protosynthesisspe\n|turn|1\n|\n|t:|1772273820\n|-terastallize|p1b: Calyrex|Water\n|move|p1a: Rillaboom|Fake Out|p2a: Zamazenta\n|-resisted|p2a: Zamazenta\n|-damage|p2a: Zamazenta|98/100\n|move|p2b: Flutter Mane|Taunt|p1b: Calyrex\n|-start|p1b: Calyrex|move: Taunt\n|cant|p2a: Zamazenta|flinch\n|move|p1b: Calyrex|Glacial Lance|p2a: Zamazenta|[spread] p2a,p2b\n|-resisted|p2a: Zamazenta\n|-damage|p2a: Zamazenta|89/100\n|-damage|p2b: Flutter Mane|2/100\n|\n|-heal|p2b: Flutter Mane|8/100|[from] Grassy Terrain\n|-heal|p2a: Zamazenta|95/100|[from] Grassy Terrain\n|upkeep\n|turn|2\n|\n|t:|1772273841\n|-end|p2b: Flutter Mane|Protosynthesis|[silent]\n|switch|p2b: Kingambit|Kingambit, L50, M|100/100\n|switch|p1b: Annihilape|Annihilape, L50, M|100/100\n|move|p2a: Zamazenta|Body Press|p1a: Rillaboom\n|-damage|p1a: Rillaboom|34/100\n|move|p1a: Rillaboom|U-turn|p2b: Kingambit\n|-damage|p2b: Kingambit|84/100\n|\n|t:|1772273849\n|switch|p1a: Koraidon|Koraidon, L50|100/100|[from] U-turn\n|-weather|SunnyDay|[from] ability: Orichalcum Pulse|[of] p1a: Koraidon\n|-activate|p1a: Koraidon|Orichalcum Pulse|[source]\n|\n|-weather|SunnyDay|[upkeep]\n|-heal|p2a: Zamazenta|100/100|[from] Grassy Terrain\n|-heal|p2b: Kingambit|90/100|[from] Grassy Terrain\n|upkeep\n|turn|3\n|\n|t:|1772273862\n|switch|p2b: Flutter Mane|Flutter Mane, L50|8/100\n|-activate|p2b: Flutter Mane|ability: Protosynthesis\n|-start|p2b: Flutter Mane|protosynthesisspe\n|move|p2a: Zamazenta|Protect|p2a: Zamazenta\n|-singleturn|p2a: Zamazenta|Protect\n|move|p1b: Annihilape|Coaching|p1a: Koraidon\n|-boost|p1a: Koraidon|atk|1\n|-boost|p1a: Koraidon|def|1\n|move|p1a: Koraidon|Close Combat|p2a: Zamazenta\n|-activate|p2a: Zamazenta|move: Protect\n|\n|-weather|SunnyDay|[upkeep]\n|-heal|p2b: Flutter Mane|14/100|[from] Grassy Terrain\n|upkeep\n|turn|4\n|\n|t:|1772273886\n|switch|p1b: Rillaboom|Rillaboom, L50, F|34/100\n|move|p1a: Koraidon|Protect|p1a: Koraidon\n|-singleturn|p1a: Koraidon|Protect\n|move|p2b: Flutter Mane|Moonblast|p1a: Koraidon\n|-activate|p1a: Koraidon|move: Protect\n|move|p2a: Zamazenta|Behemoth Bash|p1a: Koraidon\n|-activate|p1a: Koraidon|move: Protect\n|\n|-weather|SunnyDay|[upkeep]\n|-heal|p2b: Flutter Mane|19/100|[from] Grassy Terrain\n|-heal|p1b: Rillaboom|40/100|[from] Grassy Terrain\n|upkeep\n|turn|5\n|inactive|xiaoliyunVGC has 30 seconds left.\n|\n|t:|1772273914\n|-terastallize|p2a: Zamazenta|Fighting\n|move|p2b: Flutter Mane|Protect|p2b: Flutter Mane\n|-singleturn|p2b: Flutter Mane|Protect\n|move|p1b: Rillaboom|Grassy Glide|p2b: Flutter Mane\n|-activate|p2b: Flutter Mane|move: Protect\n|move|p1a: Koraidon|Flame Charge|p1b: Rillaboom\n|-supereffective|p1b: Rillaboom\n|-damage|p1b: Rillaboom|0 fnt\n|-boost|p1a: Koraidon|spe|1\n|faint|p1b: Rillaboom\n|-damage|p1a: Koraidon|91/100|[from] item: Life Orb\n|move|p2a: Zamazenta|Body Press|p1a: Koraidon\n|-damage|p1a: Koraidon|34/100\n|\n|-weather|SunnyDay|[upkeep]\n|-heal|p2b: Flutter Mane|25/100|[from] Grassy Terrain\n|-heal|p1a: Koraidon|39/100|[from] Grassy Terrain\n|-fieldend|move: Grassy Terrain\n|upkeep\n|\n|t:|1772273923\n|switch|p1b: Annihilape|Annihilape, L50, M|100/100\n|turn|6\n|\n|t:|1772273935\n|move|p2a: Zamazenta|Protect|p2a: Zamazenta\n|-singleturn|p2a: Zamazenta|Protect\n|move|p2b: Flutter Mane|Moonblast|p1a: Koraidon\n|-supereffective|p1a: Koraidon\n|-damage|p1a: Koraidon|0 fnt\n|faint|p1a: Koraidon\n|move|p1b: Annihilape|Final Gambit|p2a: Zamazenta\n|-activate|p2a: Zamazenta|move: Protect\n|\n|-weather|none\n|-end|p2b: Flutter Mane|Protosynthesis\n|upkeep\n|\n|t:|1772273939\n|switch|p1a: Calyrex|Calyrex-Ice, L50, tera:Water|100/100\n|-ability|p1a: Calyrex|As One\n|-ability|p1a: Calyrex|Unnerve\n|turn|7\n|inactive|xiaoliyunVGC has 30 seconds left.\n|inactive|xiaoliyunVGC has 20 seconds left.\n|\n|t:|1772273979\n|move|p1b: Annihilape|Final Gambit|p2a: Zamazenta\n|-damage|p2a: Zamazenta|0 fnt\n|faint|p1b: Annihilape\n|faint|p2a: Zamazenta\n|move|p2b: Flutter Mane|Moonblast|p1a: Calyrex\n|-damage|p1a: Calyrex|70/100\n|-unboost|p1a: Calyrex|spa|1\n|move|p1a: Calyrex|Glacial Lance|p2b: Flutter Mane\n|-damage|p2b: Flutter Mane|0 fnt\n|faint|p2b: Flutter Mane\n|-end|p2b: Flutter Mane|Protosynthesis|[silent]\n|-ability|p1a: Calyrex|Chilling Neigh|boost\n|-boost|p1a: Calyrex|atk|1\n|\n|-heal|p1a: Calyrex|75/100|[from] item: Leftovers\n|upkeep\n|\n|t:|1772273990\n|switch|p2b: Kyogre|Kyogre, L50|100/100\n|switch|p2a: Kingambit|Kingambit, L50, M|90/100\n|-weather|RainDance|[from] ability: Drizzle|[of] p2b: Kyogre\n|turn|8\n|\n|t:|1772274013\n|move|p1a: Calyrex|Protect|p1a: Calyrex\n|-singleturn|p1a: Calyrex|Protect\n|move|p2a: Kingambit|Sucker Punch||[still]\n|-fail|p2a: Kingambit\n|move|p2b: Kyogre|Thunder|p1a: Calyrex\n|-activate|p1a: Calyrex|move: Protect\n|\n|-weather|RainDance|[upkeep]\n|-heal|p1a: Calyrex|81/100|[from] item: Leftovers\n|upkeep\n|turn|9\n|\n|t:|1772274021\n|move|p2a: Kingambit|Sucker Punch||[still]\n|-fail|p2a: Kingambit\n|move|p2b: Kyogre|Thunder|p1a: Calyrex\n|-supereffective|p1a: Calyrex\n|-damage|p1a: Calyrex|34/100\n|-status|p1a: Calyrex|par\n|move|p1a: Calyrex|Leech Seed|p2b: Kyogre\n|-start|p2b: Kyogre|move: Leech Seed\n|\n|-weather|RainDance|[upkeep]\n|-heal|p1a: Calyrex|40/100 par|[from] item: Leftovers\n|-damage|p2b: Kyogre|88/100|[from] Leech Seed|[of] p1a: Calyrex\n|-heal|p1a: Calyrex|50/100 par|[silent]\n|upkeep\n|turn|10\n|\n|t:|1772274033\n|cant|p1a: Calyrex|par\n|move|p2a: Kingambit|Sucker Punch||[still]\n|-fail|p2a: Kingambit\n|move|p2b: Kyogre|Thunder|p1a: Calyrex\n|-supereffective|p1a: Calyrex\n|-damage|p1a: Calyrex|0 fnt\n|faint|p1a: Calyrex\n|\n|win|xiaoliyunVGC\n|raw|fogdocker's rating: 1313 &rarr; <strong>1296</strong><br />(-17 for losing)\n|raw|xiaoliyunVGC's rating: 1369 &rarr; <strong>1386</strong><br />(+17 for winning)\n|l|\u2606fogdocker\n|player|p1|\n","uploadtime":1772274295,"views":17,"formatid":"gen9vgc2026regi","rating":1296,"private":0,"password":null}