{"id":"gen9vgc2026regi-2569393042","format":"[Gen 9] VGC 2026 Reg I","players":["LumiBarks","24kpure"],"log":"|j|\u2606LumiBarks\n|j|\u260624kpure\n|t:|1774686951\n|gametype|doubles\n|player|p1|LumiBarks|hilda-wonderlauncher|1077\n|player|p2|24kpure|265|1015\n|gen|9\n|tier|[Gen 9] VGC 2026 Reg I\n|rated|\n|rule|Species Clause: Limit one of each Pok\u00e9mon\n|rule|Item Clause: Limit 1 of each item\n|clearpoke\n|poke|p1|Calyrex-Shadow, L50|\n|poke|p1|Clefairy, L50, M|\n|poke|p1|Cresselia, L50, F|\n|poke|p1|Zamazenta-*, L50|\n|poke|p1|Gholdengo, L50|\n|poke|p1|Whimsicott, L50, F|\n|poke|p2|Muk-Alola, L50, M|\n|poke|p2|Smeargle, L50, M|\n|poke|p2|Rillaboom, L50, F|\n|poke|p2|Flamigo, L50, M|\n|poke|p2|Amoonguss, L50, M|\n|poke|p2|Koraidon, L50|\n|teampreview|4\n|inactive|Battle timer is ON: inactive players will automatically lose when time's up. (requested by 24kpure)\n|inactive|LumiBarks has 60 seconds left.\n|\n|t:|1774686987\n|teamsize|p1|4\n|teamsize|p2|4\n|start\n|switch|p1a: Calyrex|Calyrex-Shadow, L50|100/100\n|switch|p1b: Whimsicott|Whimsicott, L50, F|100/100\n|switch|p2a: Muk|Muk-Alola, L50, M|100/100\n|switch|p2b: Smeargle|Smeargle, L50, M|100/100\n|-ability|p1a: Calyrex|As One\n|-ability|p1a: Calyrex|Unnerve\n|turn|1\n|\n|t:|1774687003\n|move|p1a: Calyrex|Protect|p1a: Calyrex\n|-singleturn|p1a: Calyrex|Protect\n|move|p2b: Smeargle|Follow Me|p2b: Smeargle\n|-singleturn|p2b: Smeargle|move: Follow Me\n|move|p1b: Whimsicott|Tailwind|p1b: Whimsicott\n|-sidestart|p1: LumiBarks|move: Tailwind\n|move|p2a: Muk|Minimize|p2a: Muk\n|-boost|p2a: Muk|evasion|2\n|\n|-ability|p2b: Smeargle|Moody|boost\n|-boost|p2b: Smeargle|atk|2\n|-unboost|p2b: Smeargle|spe|1\n|upkeep\n|turn|2\n|\n|t:|1774687026\n|switch|p1a: Zamazenta|Zamazenta-Crowned, L50|100/100\n|-ability|p1a: Zamazenta|Dauntless Shield|boost\n|-boost|p1a: Zamazenta|def|1\n|move|p1b: Whimsicott|Taunt|p2a: Muk\n|-hint|Since gen 7, Dark is immune to Prankster moves.\n|-immune|p2a: Muk\n|move|p2b: Smeargle|Salt Cure|p1a: Zamazenta\n|-resisted|p1a: Zamazenta\n|-damage|p1a: Zamazenta|99/100\n|-start|p1a: Zamazenta|Salt Cure\n|move|p2a: Muk|Minimize|p2a: Muk\n|-boost|p2a: Muk|evasion|2\n|\n|-damage|p1a: Zamazenta|75/100|[from] Salt Cure\n|-ability|p2b: Smeargle|Moody|boost\n|-boost|p2b: Smeargle|spa|2\n|-unboost|p2b: Smeargle|atk|1\n|upkeep\n|turn|3\n|c|\u2606LumiBarks|we yes WE are using stall in doubles\n|inactive|LumiBarks has 30 seconds left.\n|inactive|LumiBarks has 20 seconds left.\n|\n|t:|1774687061\n|-terastallize|p1a: Zamazenta|Fighting\n|move|p2b: Smeargle|Follow Me|p2b: Smeargle\n|-singleturn|p2b: Smeargle|move: Follow Me\n|move|p1b: Whimsicott|Taunt|p2b: Smeargle\n|-start|p2b: Smeargle|move: Taunt\n|move|p1a: Zamazenta|Body Press|p2b: Smeargle\n|-supereffective|p2b: Smeargle\n|-enditem|p2b: Smeargle|Focus Sash\n|-damage|p2b: Smeargle|1/100\n|move|p2a: Muk|Minimize|p2a: Muk\n|-boost|p2a: Muk|evasion|2\n|\n|-damage|p1a: Zamazenta|63/100|[from] Salt Cure\n|-ability|p2b: Smeargle|Moody|boost\n|-boost|p2b: Smeargle|spe|2\n|-unboost|p2b: Smeargle|def|1\n|upkeep\n|turn|4\n|inactive|LumiBarks has 30 seconds left.\n|\n|t:|1774687086\n|switch|p1b: Clefairy|Clefairy, L50, M|100/100\n|move|p1a: Zamazenta|Body Press|p2a: Muk|[miss]\n|-miss|p1a: Zamazenta|p2a: Muk\n|move|p2b: Smeargle|Salt Cure|p1b: Clefairy\n|-damage|p1b: Clefairy|95/100\n|-start|p1b: Clefairy|Salt Cure\n|move|p2a: Muk|Toxic|p1a: Zamazenta\n|-status|p1a: Zamazenta|tox\n|\n|-damage|p1a: Zamazenta|57/100 tox|[from] psn\n|-damage|p1a: Zamazenta|45/100 tox|[from] Salt Cure\n|-damage|p1b: Clefairy|82/100|[from] Salt Cure\n|-sideend|p1: LumiBarks|move: Tailwind\n|-ability|p2b: Smeargle|Moody|boost\n|-boost|p2b: Smeargle|spe|2\n|-unboost|p2b: Smeargle|spd|1\n|upkeep\n|turn|5\n|\n|t:|1774687107\n|move|p2a: Muk|Protect|p2a: Muk\n|-singleturn|p2a: Muk|Protect\n|move|p2b: Smeargle|Salt Cure|p1b: Clefairy\n|-damage|p1b: Clefairy|76/100\n|move|p1a: Zamazenta|Body Press|p2a: Muk\n|-activate|p2a: Muk|move: Protect\n|move|p1b: Clefairy|Heal Pulse|p1a: Zamazenta\n|-heal|p1a: Zamazenta|96/100 tox\n|\n|-damage|p1a: Zamazenta|84/100 tox|[from] psn\n|-damage|p1a: Zamazenta|72/100 tox|[from] Salt Cure\n|-damage|p1b: Clefairy|64/100|[from] Salt Cure\n|-ability|p2b: Smeargle|Moody|boost\n|-boost|p2b: Smeargle|spe|2\n|-unboost|p2b: Smeargle|spa|1\n|upkeep\n|turn|6\n|inactive|24kpure has 30 seconds left.\n|\n|t:|1774687137\n|move|p2b: Smeargle|Salt Cure|p1a: Zamazenta\n|-resisted|p1a: Zamazenta\n|-damage|p1a: Zamazenta|71/100 tox\n|move|p1a: Zamazenta|Body Press|p2b: Smeargle\n|-supereffective|p2b: Smeargle\n|-damage|p2b: Smeargle|0 fnt\n|faint|p2b: Smeargle\n|-ability|p2a: Muk|Moody|Power of Alchemy|[from] ability: Power of Alchemy|[of] p2b: Smeargle\n|move|p2a: Muk|Toxic|p1b: Clefairy\n|-status|p1b: Clefairy|tox\n|move|p1b: Clefairy|Heal Pulse|p1a: Zamazenta\n|-heal|p1a: Zamazenta|100/100 tox\n|\n|-damage|p1a: Zamazenta|82/100 tox|[from] psn\n|-damage|p1b: Clefairy|58/100 tox|[from] psn\n|-damage|p1a: Zamazenta|70/100 tox|[from] Salt Cure\n|-damage|p1b: Clefairy|45/100 tox|[from] Salt Cure\n|-ability|p2a: Muk|Moody|boost\n|-boost|p2a: Muk|spe|2\n|-unboost|p2a: Muk|spa|1\n|upkeep\n|\n|t:|1774687145\n|switch|p2b: Flamigo|Flamigo, L50, M|100/100\n|-copyboost|p2b: Flamigo|p2a: Muk|[from] ability: Costar\n|turn|7\n|\n|t:|1774687165\n|move|p2b: Flamigo|Protect|p2b: Flamigo\n|-singleturn|p2b: Flamigo|Protect\n|move|p2a: Muk|Protect|p2a: Muk\n|-singleturn|p2a: Muk|Protect\n|move|p1a: Zamazenta|Body Press|p2a: Muk\n|-activate|p2a: Muk|move: Protect\n|move|p1b: Clefairy|Heal Pulse|p1a: Zamazenta\n|-heal|p1a: Zamazenta|100/100 tox\n|\n|-damage|p1a: Zamazenta|76/100 tox|[from] psn\n|-damage|p1b: Clefairy|33/100 tox|[from] psn\n|-damage|p1a: Zamazenta|64/100 tox|[from] Salt Cure\n|-damage|p1b: Clefairy|20/100 tox|[from] Salt Cure\n|-ability|p2a: Muk|Moody|boost\n|-boost|p2a: Muk|spd|2\n|-unboost|p2a: Muk|atk|1\n|upkeep\n|turn|8\n|\n|t:|1774687182\n|move|p2b: Flamigo|Low Kick|p1a: Zamazenta\n|-damage|p1a: Zamazenta|46/100 tox\n|move|p1a: Zamazenta|Body Press|p2a: Muk|[miss]\n|-miss|p1a: Zamazenta|p2a: Muk\n|move|p2a: Muk|Knock Off|p1b: Clefairy\n|-resisted|p1b: Clefairy\n|-damage|p1b: Clefairy|8/100 tox\n|-enditem|p1b: Clefairy|Eviolite|[from] move: Knock Off|[of] p2a: Muk\n|move|p1b: Clefairy|Heal Pulse|p1a: Zamazenta\n|-heal|p1a: Zamazenta|96/100 tox\n|\n|-damage|p1a: Zamazenta|66/100 tox|[from] psn\n|-damage|p1b: Clefairy|0 fnt|[from] psn\n|faint|p1b: Clefairy\n|-damage|p1a: Zamazenta|54/100 tox|[from] Salt Cure\n|-ability|p2a: Muk|Moody|boost\n|-boost|p2a: Muk|spd|2\n|-unboost|p2a: Muk|atk|1\n|upkeep\n|\n|t:|1774687205\n|switch|p1b: Calyrex|Calyrex-Shadow, L50|100/100\n|-ability|p1b: Calyrex|As One\n|-ability|p1b: Calyrex|Unnerve\n|turn|9\n|\n|t:|1774687215\n|move|p2b: Flamigo|Protect|p2b: Flamigo\n|-singleturn|p2b: Flamigo|Protect\n|move|p2a: Muk|Protect|p2a: Muk\n|-singleturn|p2a: Muk|Protect\n|move|p1b: Calyrex|Astral Barrage|p2a: Muk|[spread] \n|-activate|p2a: Muk|move: Protect\n|-activate|p2b: Flamigo|move: Protect\n|move|p1a: Zamazenta|Body Press|p2a: Muk\n|-activate|p2a: Muk|move: Protect\n|\n|-damage|p1a: Zamazenta|18/100 tox|[from] psn\n|-damage|p1a: Zamazenta|6/100 tox|[from] Salt Cure\n|-ability|p2a: Muk|Moody|boost\n|-boost|p2a: Muk|def|2\n|-unboost|p2a: Muk|spd|1\n|upkeep\n|turn|10\n|\n|t:|1774687223\n|move|p2b: Flamigo|Substitute|p2b: Flamigo\n|-start|p2b: Flamigo|Substitute\n|-damage|p2b: Flamigo|76/100\n|move|p1b: Calyrex|Astral Barrage|p2b: Flamigo|[spread] p2b\n|-miss|p1b: Calyrex|p2a: Muk\n|-end|p2b: Flamigo|Substitute\n|move|p1a: Zamazenta|Body Press|p2a: Muk\n|-damage|p2a: Muk|65/100\n|move|p2a: Muk|Knock Off|p1b: Calyrex\n|-supereffective|p1b: Calyrex\n|-damage|p1b: Calyrex|18/100\n|-enditem|p1b: Calyrex|Weakness Policy\n|-boost|p1b: Calyrex|atk|2|[from] item: Weakness Policy\n|-boost|p1b: Calyrex|spa|2|[from] item: Weakness Policy\n|\n|-heal|p2a: Muk|71/100|[from] item: Leftovers\n|-damage|p1a: Zamazenta|0 fnt|[from] psn\n|faint|p1a: Zamazenta\n|-ability|p2a: Muk|Moody|boost\n|-boost|p2a: Muk|spd|2\n|-unboost|p2a: Muk|def|1\n|upkeep\n|c|\u260624kpure|sry\n|\n|t:|1774687242\n|switch|p1a: Whimsicott|Whimsicott, L50, F|100/100\n|turn|11\n|c|\u2606LumiBarks|go back to 1s with this\n|inactive|LumiBarks has 30 seconds left.\n|\n|t:|1774687275\n|move|p1a: Whimsicott|Taunt|p2b: Flamigo|[miss]\n|-miss|p1a: Whimsicott|p2b: Flamigo\n|move|p2b: Flamigo|Brave Bird|p1a: Whimsicott\n|-supereffective|p1a: Whimsicott\n|-damage|p1a: Whimsicott|0 fnt\n|faint|p1a: Whimsicott\n|-damage|p2b: Flamigo|41/100|[from] Recoil\n|move|p1b: Calyrex|Astral Barrage|p2b: Flamigo|[spread] p2b\n|-miss|p1b: Calyrex|p2a: Muk\n|-damage|p2b: Flamigo|0 fnt\n|faint|p2b: Flamigo\n|-ability|p1b: Calyrex|Grim Neigh|boost\n|-boost|p1b: Calyrex|spa|1\n|move|p2a: Muk|Knock Off|p1b: Calyrex\n|-supereffective|p1b: Calyrex\n|-damage|p1b: Calyrex|0 fnt\n|faint|p1b: Calyrex\n|\n|win|24kpure\n|raw|LumiBarks's rating: 1077 &rarr; <strong>1052</strong><br />(-25 for losing)\n|raw|24kpure's rating: 1015 &rarr; <strong>1059</strong><br />(+44 for winning)\n|l|\u260624kpure\n|player|p2|\n","uploadtime":1774687363,"views":12,"formatid":"gen9vgc2026regi","rating":1052,"private":0,"password":null}