{"id":"gen9vgc2026regi-2527399118","format":"[Gen 9] VGC 2026 Reg I","players":["infinitygroudon","dasabe\u76d6\u6b27\u5361\u4fa0"],"log":"|j|\u2606infinitygroudon\n|j|\u2606dasabe\u76d6\u6b27\u5361\u4fa0\n|t:|1769534831\n|gametype|doubles\n|player|p1|infinitygroudon|2|1439\n|player|p2|dasabe\u76d6\u6b27\u5361\u4fa0|may-masters4|1641\n|gen|9\n|tier|[Gen 9] VGC 2026 Reg I\n|rated|\n|rule|Species Clause: Limit one of each Pok\u00e9mon\n|rule|Item Clause: Limit 1 of each item\n|clearpoke\n|poke|p1|Kyogre, L50|\n|poke|p1|Palkia-Origin, L50|\n|poke|p1|Farigiraf, L50, M|\n|poke|p1|Archaludon, L50, M|\n|poke|p1|Iron Jugulis, L50|\n|poke|p1|Raging Bolt, L50|\n|poke|p2|Kyogre, L50|\n|poke|p2|Miraidon, L50|\n|poke|p2|Whimsicott, L50, F|\n|poke|p2|Iron Hands, L50|\n|poke|p2|Farigiraf, L50, F|\n|poke|p2|Urshifu-*, L50, M|\n|teampreview|4\n|\n|t:|1769534852\n|teamsize|p1|4\n|teamsize|p2|4\n|start\n|switch|p1a: Archibald|Archaludon, L50, M, shiny|100/100\n|switch|p1b: Piratebeard|Kyogre, L50|100/100\n|switch|p2a: \u5996\u820d\u7cbe\u62c9|Whimsicott, L50, F, shiny|100/100\n|switch|p2b: \u94f6\u91d1\u5996\u86c7|Miraidon, L50, shiny|100/100\n|-weather|RainDance|[from] ability: Drizzle|[of] p1b: Piratebeard\n|-fieldstart|move: Electric Terrain|[from] ability: Hadron Engine|[of] p2b: \u94f6\u91d1\u5996\u86c7\n|turn|1\n|\n|t:|1769534868\n|switch|p1b: Arbie|Raging Bolt, L50|100/100\n|-terastallize|p2b: \u94f6\u91d1\u5996\u86c7|Fairy\n|-terastallize|p1a: Archibald|Fairy\n|move|p2a: \u5996\u820d\u7cbe\u62c9|Tailwind|p2a: \u5996\u820d\u7cbe\u62c9\n|-sidestart|p2: dasabe\u76d6\u6b27\u5361\u4fa0|move: Tailwind\n|move|p2b: \u94f6\u91d1\u5996\u86c7|Electro Drift|p1b: Arbie\n|-resisted|p1b: Arbie\n|-damage|p1b: Arbie|73/100\n|-damage|p2b: \u94f6\u91d1\u5996\u86c7|91/100|[from] item: Life Orb\n|move|p1a: Archibald|Draco Meteor|p2b: \u94f6\u91d1\u5996\u86c7\n|-immune|p2b: \u94f6\u91d1\u5996\u86c7\n|\n|-weather|RainDance|[upkeep]\n|upkeep\n|turn|2\n|\n|t:|1769534894\n|switch|p1a: Piratebeard|Kyogre, L50|100/100\n|move|p2a: \u5996\u820d\u7cbe\u62c9|Encore||[still]\n|-fail|p2a: \u5996\u820d\u7cbe\u62c9\n|move|p1b: Arbie|Thunderclap|p2b: \u94f6\u91d1\u5996\u86c7\n|-damage|p2b: \u94f6\u91d1\u5996\u86c7|37/100\n|-damage|p1b: Arbie|63/100|[from] item: Life Orb\n|move|p2b: \u94f6\u91d1\u5996\u86c7|Dazzling Gleam|p1a: Piratebeard|[spread] p1a,p1b\n|-supereffective|p1b: Arbie\n|-damage|p1a: Piratebeard|52/100\n|-damage|p1b: Arbie|0 fnt\n|faint|p1b: Arbie\n|-end|p1b: Arbie|Protosynthesis|[silent]\n|-damage|p2b: \u94f6\u91d1\u5996\u86c7|27/100|[from] item: Life Orb\n|\n|-weather|RainDance|[upkeep]\n|upkeep\n|\n|t:|1769534906\n|switch|p1b: Secretariat|Palkia-Origin, L50|100/100\n|-ability|p1b: Secretariat|Pressure\n|turn|3\n|j| sid kagenow\n|\n|t:|1769534920\n|move|p2a: \u5996\u820d\u7cbe\u62c9|Moonblast|p1a: Piratebeard\n|-damage|p1a: Piratebeard|27/100\n|move|p2b: \u94f6\u91d1\u5996\u86c7|Dazzling Gleam|p1a: Piratebeard|[spread] p1a,p1b\n|-supereffective|p1b: Secretariat\n|-damage|p1a: Piratebeard|0 fnt\n|-damage|p1b: Secretariat|5/100\n|faint|p1a: Piratebeard\n|-damage|p2b: \u94f6\u91d1\u5996\u86c7|17/100|[from] item: Life Orb\n|move|p1b: Secretariat|Hydro Pump|p2b: \u94f6\u91d1\u5996\u86c7\n|-damage|p2b: \u94f6\u91d1\u5996\u86c7|0 fnt\n|faint|p2b: \u94f6\u91d1\u5996\u86c7\n|\n|-weather|RainDance|[upkeep]\n|upkeep\n|\n|t:|1769534928\n|switch|p2b: \u6210\u90fd\u8001\u76d6|Kyogre, L50, shiny|100/100\n|switch|p1a: Archibald|Archaludon, L50, M, shiny, tera:Fairy|100/100\n|turn|4\n|\n|t:|1769534933\n|move|p1b: Secretariat|Protect|p1b: Secretariat\n|-singleturn|p1b: Secretariat|Protect\n|move|p2a: \u5996\u820d\u7cbe\u62c9|Endeavor|p1a: Archibald\n|-damage|p1a: Archibald|66/100\n|-ability|p1a: Archibald|Stamina|boost\n|-boost|p1a: Archibald|def|1\n|move|p2b: \u6210\u90fd\u8001\u76d6|Water Spout|p1a: Archibald|[spread] p1a\n|-activate|p1b: Secretariat|move: Protect\n|-damage|p1a: Archibald|0 fnt\n|faint|p1a: Archibald\n|\n|-weather|RainDance|[upkeep]\n|-sideend|p2: dasabe\u76d6\u6b27\u5361\u4fa0|move: Tailwind\n|upkeep\n|turn|5\n|-message|infinitygroudon forfeited.\n|\n|win|dasabe\u76d6\u6b27\u5361\u4fa0\n|raw|infinitygroudon's rating: 1439 &rarr; <strong>1429</strong><br />(-10 for losing)\n|raw|dasabe\u76d6\u6b27\u5361\u4fa0's rating: 1641 &rarr; <strong>1651</strong><br />(+10 for winning)\n|l|\u2606infinitygroudon\n|player|p1|\n|l|\u2606dasabe\u76d6\u6b27\u5361\u4fa0\n|player|p2|\n|j|\u2606dasabe\u76d6\u6b27\u5361\u4fa0\n|player|p2|dasabe\u76d6\u6b27\u5361\u4fa0|may-masters4|\n|l| sid kagenow\n","uploadtime":1769535134,"views":24,"formatid":"gen9vgc2026regi","rating":1429,"private":0,"password":null}