{"id":"gen9vgc2026regi-2531868023","format":"[Gen 9] VGC 2026 Reg I","players":["kojimuranishi","yamato-tak"],"log":"|j|\u2606kojimuranishi\n|j|\u2606yamato-tak\n|t:|1770113037\n|gametype|doubles\n|player|p1|kojimuranishi|265|1514\n|player|p2|yamato-tak|170|1437\n|gen|9\n|tier|[Gen 9] VGC 2026 Reg I\n|rated|\n|rule|Species Clause: Limit one of each Pok\u00e9mon\n|rule|Item Clause: Limit 1 of each item\n|clearpoke\n|poke|p1|Whimsicott, L50, F|\n|poke|p1|Chi-Yu, L50|\n|poke|p1|Calyrex-Ice, L50|\n|poke|p1|Miraidon, L50|\n|poke|p1|Ursaluna, L50, F|\n|poke|p1|Torkoal, L50, F|\n|poke|p2|Miraidon, L50|\n|poke|p2|Calyrex-Ice, L50|\n|poke|p2|Volcarona, L50, M|\n|poke|p2|Araquanid, L50, M|\n|poke|p2|Grimmsnarl, L50, M|\n|poke|p2|Entei, L50|\n|teampreview|4\n|inactive|Battle timer is ON: inactive players will automatically lose when time's up. (requested by yamato-tak)\n|\n|t:|1770113056\n|teamsize|p1|4\n|teamsize|p2|4\n|start\n|switch|p1a: Whimsicott|Whimsicott, L50, F|100/100\n|switch|p1b: Chi-Yu|Chi-Yu, L50|100/100\n|switch|p2a: Grimmsnarl|Grimmsnarl, L50, M, shiny|100/100\n|switch|p2b: Entei|Entei, L50, shiny|100/100\n|-ability|p1b: Chi-Yu|Beads of Ruin\n|turn|1\n|\n|t:|1770113078\n|move|p2a: Grimmsnarl|Light Screen|p2a: Grimmsnarl\n|-sidestart|p2: yamato-tak|move: Light Screen\n|move|p1a: Whimsicott|Moonblast|p2a: Grimmsnarl\n|-supereffective|p2a: Grimmsnarl\n|-damage|p2a: Grimmsnarl|29/100\n|move|p1b: Chi-Yu|Dark Pulse|p2b: Entei\n|-damage|p2b: Entei|38/100\n|move|p2b: Entei|Sacred Fire|p1a: Whimsicott\n|-supereffective|p1a: Whimsicott\n|-enditem|p1a: Whimsicott|Focus Sash\n|-damage|p1a: Whimsicott|1/100\n|-status|p1a: Whimsicott|brn\n|-damage|p2b: Entei|28/100|[from] item: Life Orb\n|\n|-damage|p1a: Whimsicott|0 fnt|[from] brn\n|faint|p1a: Whimsicott\n|upkeep\n|\n|t:|1770113097\n|switch|p1a: Miraidon|Miraidon, L50|100/100\n|-fieldstart|move: Electric Terrain|[from] ability: Hadron Engine|[of] p1a: Miraidon\n|turn|2\n|\n|t:|1770113119\n|move|p2a: Grimmsnarl|Reflect|p2a: Grimmsnarl\n|-sidestart|p2: yamato-tak|Reflect\n|move|p1a: Miraidon|Volt Switch|p2b: Entei\n|-damage|p2b: Entei|0 fnt\n|faint|p2b: Entei\n|\n|t:|1770113125\n|switch|p1a: Ursaluna|Ursaluna, L50, F|100/100|[from] Volt Switch\n|move|p1b: Chi-Yu|Dark Pulse|p2a: Grimmsnarl\n|-resisted|p2a: Grimmsnarl\n|-damage|p2a: Grimmsnarl|13/100\n|\n|-status|p1a: Ursaluna|brn|[from] item: Flame Orb\n|upkeep\n|\n|t:|1770113133\n|switch|p2b: Calyrex|Calyrex-Ice, L50|100/100\n|-ability|p2b: Calyrex|As One\n|-ability|p2b: Calyrex|Unnerve\n|turn|3\n|\n|t:|1770113148\n|-terastallize|p2b: Calyrex|Fairy\n|-terastallize|p1a: Ursaluna|Water\n|move|p2a: Grimmsnarl|Parting Shot|p1a: Ursaluna\n|-unboost|p1a: Ursaluna|atk|1\n|-unboost|p1a: Ursaluna|spa|1\n|\n|t:|1770113151\n|switch|p2a: Miraidon|Miraidon, L50, shiny|100/100|[from] Parting Shot\n|-activate|p2a: Miraidon|ability: Hadron Engine\n|move|p1b: Chi-Yu|Dark Pulse|p2b: Calyrex\n|-resisted|p2b: Calyrex\n|-damage|p2b: Calyrex|81/100\n|move|p2b: Calyrex|Glacial Lance|p1a: Ursaluna|[spread] p1a,p1b\n|-resisted|p1a: Ursaluna\n|-resisted|p1b: Chi-Yu\n|-damage|p1a: Ursaluna|82/100 brn\n|-damage|p1b: Chi-Yu|60/100\n|move|p1a: Ursaluna|Facade|p2b: Calyrex\n|-damage|p2b: Calyrex|47/100\n|\n|-damage|p1a: Ursaluna|76/100 brn|[from] brn\n|upkeep\n|turn|4\n|\n|t:|1770113173\n|move|p1a: Ursaluna|Protect|p1a: Ursaluna\n|-singleturn|p1a: Ursaluna|Protect\n|move|p2a: Miraidon|Electro Drift|p1a: Ursaluna\n|-activate|p1a: Ursaluna|move: Protect\n|move|p1b: Chi-Yu|Dark Pulse|p2a: Miraidon\n|-damage|p2a: Miraidon|52/100\n|move|p2b: Calyrex|Glacial Lance|p1a: Ursaluna|[spread] p1b\n|-activate|p1a: Ursaluna|move: Protect\n|-resisted|p1b: Chi-Yu\n|-damage|p1b: Chi-Yu|15/100\n|\n|-damage|p1a: Ursaluna|71/100 brn|[from] brn\n|upkeep\n|turn|5\n|inactive|kojimuranishi has 30 seconds left.\n|inactive|kojimuranishi has 20 seconds left.\n|inactive|kojimuranishi has 15 seconds left.\n|\n|t:|1770113214\n|move|p1a: Ursaluna|Protect|p1a: Ursaluna\n|-singleturn|p1a: Ursaluna|Protect\n|move|p2a: Miraidon|Electro Drift|p1a: Ursaluna\n|-activate|p1a: Ursaluna|move: Protect\n|move|p1b: Chi-Yu|Dark Pulse|p2a: Miraidon\n|-damage|p2a: Miraidon|6/100\n|move|p2b: Calyrex|Trick Room|p2b: Calyrex\n|-fieldstart|move: Trick Room|[of] p2b: Calyrex\n|\n|-damage|p1a: Ursaluna|65/100 brn|[from] brn\n|upkeep\n|turn|6\n|inactive|kojimuranishi has 30 seconds left.\n|\n|t:|1770113242\n|switch|p2a: Grimmsnarl|Grimmsnarl, L50, M, shiny|13/100\n|move|p1a: Ursaluna|Rock Slide|p2a: Grimmsnarl|[spread] p2a\n|-miss|p1a: Ursaluna|p2b: Calyrex\n|-damage|p2a: Grimmsnarl|0 fnt\n|faint|p2a: Grimmsnarl\n|move|p2b: Calyrex|Glacial Lance|p1a: Ursaluna|[spread] p1a,p1b\n|-resisted|p1a: Ursaluna\n|-resisted|p1b: Chi-Yu\n|-damage|p1a: Ursaluna|44/100 brn\n|-damage|p1b: Chi-Yu|0 fnt\n|faint|p1b: Chi-Yu\n|-ability|p2b: Calyrex|Chilling Neigh|boost\n|-boost|p2b: Calyrex|atk|1\n|\n|-damage|p1a: Ursaluna|38/100 brn|[from] brn\n|-fieldend|move: Electric Terrain\n|upkeep\n|\n|t:|1770113259\n|switch|p2a: Miraidon|Miraidon, L50, shiny|6/100\n|switch|p1b: Miraidon|Miraidon, L50|100/100\n|-fieldstart|move: Electric Terrain|[from] ability: Hadron Engine|[of] p2a: Miraidon\n|-activate|p1b: Miraidon|ability: Hadron Engine\n|turn|7\n|\n|t:|1770113268\n|move|p1a: Ursaluna|Rock Slide|p2b: Calyrex|[spread] p2a,p2b\n|-damage|p2a: Miraidon|0 fnt\n|-damage|p2b: Calyrex|38/100\n|faint|p2a: Miraidon\n|move|p2b: Calyrex|Glacial Lance|p1b: Miraidon|[spread] p1a,p1b\n|-resisted|p1a: Ursaluna\n|-supereffective|p1b: Miraidon\n|-damage|p1a: Ursaluna|9/100 brn\n|-damage|p1b: Miraidon|0 fnt\n|faint|p1b: Miraidon\n|-ability|p2b: Calyrex|Chilling Neigh|boost\n|-boost|p2b: Calyrex|atk|1\n|\n|-damage|p1a: Ursaluna|3/100 brn|[from] brn\n|upkeep\n|turn|8\n|\n|t:|1770113282\n|move|p2b: Calyrex|Protect|p2b: Calyrex\n|-singleturn|p2b: Calyrex|Protect\n|move|p1a: Ursaluna|Facade|p2b: Calyrex\n|-activate|p2b: Calyrex|move: Protect\n|\n|-damage|p1a: Ursaluna|0 fnt|[from] brn\n|faint|p1a: Ursaluna\n|\n|win|yamato-tak\n|raw|kojimuranishi's rating: 1514 &rarr; <strong>1490</strong><br />(-24 for losing)\n|raw|yamato-tak's rating: 1437 &rarr; <strong>1461</strong><br />(+24 for winning)\n|l|\u2606yamato-tak\n|player|p2|\n|l|\u2606kojimuranishi\n|player|p1|\n","uploadtime":1770113461,"views":27,"formatid":"gen9vgc2026regi","rating":1461,"private":0,"password":null}