{"id":"gen9vgc2026regi-2567188367","format":"[Gen 9] VGC 2026 Reg I","players":["pokehys4","sheeshshane925"],"log":"|j|\u2606pokehys4\n|j|\u2606sheeshshane925\n|t:|1774455863\n|gametype|doubles\n|player|p1|pokehys4|blackbelt-gen4dp|1433\n|player|p2|sheeshshane925|chuck|1515\n|gen|9\n|tier|[Gen 9] VGC 2026 Reg I\n|rated|\n|rule|Species Clause: Limit one of each Pok\u00e9mon\n|rule|Item Clause: Limit 1 of each item\n|clearpoke\n|poke|p1|Calyrex-Shadow, L50|\n|poke|p1|Maushold, L50|\n|poke|p1|Koraidon, L50|\n|poke|p1|Weezing-Galar, L50, M|\n|poke|p1|Flutter Mane, L50|\n|poke|p1|Chi-Yu, L50|\n|poke|p2|Calyrex-Ice, L50|\n|poke|p2|Miraidon, L50|\n|poke|p2|Farigiraf, L50, M|\n|poke|p2|Iron Hands, L50|\n|poke|p2|Scraggy, L50, F|\n|poke|p2|Iron Bundle, L50|\n|teampreview|4\n|inactive|Battle timer is ON: inactive players will automatically lose when time's up. (requested by pokehys4)\n|inactive|sheeshshane925 has 60 seconds left.\n|\n|t:|1774455905\n|teamsize|p1|4\n|teamsize|p2|4\n|start\n|switch|p1a: Maushold|Maushold, L50|100/100\n|switch|p1b: Calyrex|Calyrex-Shadow, L50|100/100\n|switch|p2a: Miraidon|Miraidon, L50, shiny|100/100\n|switch|p2b: Farigiraf|Farigiraf, L50, M, shiny|100/100\n|-ability|p1b: Calyrex|As One\n|-ability|p1b: Calyrex|Unnerve\n|-fieldstart|move: Electric Terrain|[from] ability: Hadron Engine|[of] p2a: Miraidon\n|-enditem|p2b: Farigiraf|Electric Seed\n|-boost|p2b: Farigiraf|def|1|[from] item: Electric Seed\n|turn|1\n|\n|t:|1774455921\n|move|p1b: Calyrex|Astral Barrage|p2b: Farigiraf|[spread] p2a\n|-immune|p2b: Farigiraf\n|-damage|p2a: Miraidon|41/100\n|move|p2a: Miraidon|Electro Drift|p1b: Calyrex\n|-damage|p1b: Calyrex|11/100\n|-damage|p2a: Miraidon|31/100|[from] item: Life Orb\n|move|p1a: Maushold|Taunt|p2b: Farigiraf\n|-start|p2b: Farigiraf|move: Taunt\n|move|p2b: Farigiraf|Foul Play|p1b: Calyrex\n|-supereffective|p1b: Calyrex\n|-damage|p1b: Calyrex|0 fnt\n|faint|p1b: Calyrex\n|\n|upkeep\n|\n|t:|1774455936\n|switch|p1b: Chi-Yu|Chi-Yu, L50|100/100\n|-ability|p1b: Chi-Yu|Beads of Ruin\n|turn|2\n|\n|t:|1774455959\n|move|p1a: Maushold|Helping Hand|p1b: Chi-Yu\n|-singleturn|p1b: Chi-Yu|Helping Hand|[of] p1a: Maushold\n|move|p1b: Chi-Yu|Heat Wave|p2a: Miraidon|[spread] p2a,p2b\n|-resisted|p2a: Miraidon\n|-damage|p2a: Miraidon|0 fnt\n|-damage|p2b: Farigiraf|32/100\n|faint|p2a: Miraidon\n|move|p2b: Farigiraf|Psychic|p1a: Maushold\n|-damage|p1a: Maushold|45/100\n|\n|upkeep\n|\n|t:|1774455964\n|switch|p2a: Calyrex|Calyrex-Ice, L50|100/100\n|-ability|p2a: Calyrex|As One\n|-ability|p2a: Calyrex|Unnerve\n|turn|3\n|\n|t:|1774455986\n|-terastallize|p2a: Calyrex|Fire\n|move|p1b: Chi-Yu|Heat Wave|p2a: Calyrex|[spread] p2b\n|-miss|p1b: Chi-Yu|p2a: Calyrex\n|-damage|p2b: Farigiraf|0 fnt\n|faint|p2b: Farigiraf\n|move|p1a: Maushold|Taunt|p2a: Calyrex\n|-start|p2a: Calyrex|move: Taunt\n|move|p2a: Calyrex|Glacial Lance|p1a: Maushold|[spread] p1a,p1b\n|-resisted|p1b: Chi-Yu\n|-damage|p1a: Maushold|0 fnt\n|-damage|p1b: Chi-Yu|66/100\n|faint|p1a: Maushold\n|-ability|p2a: Calyrex|Chilling Neigh|boost\n|-boost|p2a: Calyrex|atk|1\n|\n|upkeep\n|\n|t:|1774455990\n|switch|p1a: Koraidon|Koraidon, L50|100/100\n|switch|p2b: Scraggy|Scraggy, L50, F|100/100\n|-weather|SunnyDay|[from] ability: Orichalcum Pulse|[of] p1a: Koraidon\n|-activate|p1a: Koraidon|Orichalcum Pulse|[source]\n|-ability|p2b: Scraggy|Intimidate|boost\n|-unboost|p1a: Koraidon|atk|1\n|-unboost|p1b: Chi-Yu|atk|1\n|turn|4\n|\n|t:|1774456008\n|-terastallize|p1a: Koraidon|Fire\n|move|p2b: Scraggy|Fake Out|p1a: Koraidon\n|-damage|p1a: Koraidon|93/100\n|move|p1b: Chi-Yu|Heat Wave|p2b: Scraggy|[spread] p2a,p2b\n|-resisted|p2a: Calyrex\n|-damage|p2a: Calyrex|74/100\n|-damage|p2b: Scraggy|33/100\n|cant|p1a: Koraidon|flinch\n|move|p2a: Calyrex|High Horsepower|p1b: Chi-Yu\n|-supereffective|p1b: Chi-Yu\n|-damage|p1b: Chi-Yu|0 fnt\n|faint|p1b: Chi-Yu\n|-ability|p2a: Calyrex|Chilling Neigh|boost\n|-boost|p2a: Calyrex|atk|1\n|\n|-weather|SunnyDay|[upkeep]\n|upkeep\n|turn|5\n|-message|pokehys4 forfeited.\n|\n|win|sheeshshane925\n|raw|pokehys4's rating: 1433 &rarr; <strong>1418</strong><br />(-15 for losing)\n|raw|sheeshshane925's rating: 1515 &rarr; <strong>1530</strong><br />(+15 for winning)\n|l|\u2606pokehys4\n|player|p1|\n|l|\u2606sheeshshane925\n|player|p2|\n","uploadtime":1774456209,"views":15,"formatid":"gen9vgc2026regi","rating":1418,"private":0,"password":null}