{"id":"gen9vgc2026regi-2518396953","format":"[Gen 9] VGC 2026 Reg I","players":["VJ2511","kojimuranishi"],"log":"|j|\u2606VJ2511\n|j|\u2606kojimuranishi\n|t:|1768383205\n|gametype|doubles\n|player|p1|VJ2511|red-masters3|1338\n|player|p2|kojimuranishi|1|1393\n|gen|9\n|tier|[Gen 9] VGC 2026 Reg I\n|rated|\n|rule|Species Clause: Limit one of each Pok\u00e9mon\n|rule|Item Clause: Limit 1 of each item\n|clearpoke\n|poke|p1|Koraidon, L50|\n|poke|p1|Lunala, L50|\n|poke|p1|Incineroar, L50, F|\n|poke|p1|Amoonguss, L50, M|\n|poke|p1|Ursaluna, L50, M|\n|poke|p1|Flutter Mane, L50|\n|poke|p2|Zamazenta-*, L50|\n|poke|p2|Lunala, L50|\n|poke|p2|Chien-Pao, L50|\n|poke|p2|Dragonite, L50, F|\n|poke|p2|Chi-Yu, L50|\n|poke|p2|Urshifu-*, L50, F|\n|teampreview|4\n|inactive|Battle timer is ON: inactive players will automatically lose when time's up. (requested by kojimuranishi)\n|\n|t:|1768383228\n|teamsize|p1|4\n|teamsize|p2|4\n|start\n|switch|p1a: Koraidon|Koraidon, L50|100/100\n|switch|p1b: Flutter Mane|Flutter Mane, L50|100/100\n|switch|p2a: Zamazenta|Zamazenta-Crowned, L50|100/100\n|switch|p2b: Lunala|Lunala, L50|100/100\n|-weather|SunnyDay|[from] ability: Orichalcum Pulse|[of] p1a: Koraidon\n|-activate|p1b: Flutter Mane|ability: Protosynthesis\n|-start|p1b: Flutter Mane|protosynthesisspe\n|-activate|p1a: Koraidon|Orichalcum Pulse|[source]\n|-ability|p2a: Zamazenta|Dauntless Shield|boost\n|-boost|p2a: Zamazenta|def|1\n|turn|1\n|\n|t:|1768383248\n|-terastallize|p2a: Zamazenta|Water\n|move|p1b: Flutter Mane|Shadow Ball|p2b: Lunala\n|-supereffective|p2b: Lunala\n|-damage|p2b: Lunala|46/100\n|move|p1a: Koraidon|Flare Blitz|p2b: Lunala\n|-damage|p2b: Lunala|0 fnt\n|faint|p2b: Lunala\n|-damage|p1a: Koraidon|79/100|[from] Recoil\n|-damage|p1a: Koraidon|70/100|[from] item: Life Orb\n|move|p2a: Zamazenta|Behemoth Bash|p1b: Flutter Mane\n|-supereffective|p1b: Flutter Mane\n|-enditem|p1b: Flutter Mane|Focus Sash\n|-damage|p1b: Flutter Mane|1/100\n|\n|-weather|SunnyDay|[upkeep]\n|upkeep\n|\n|t:|1768383266\n|switch|p2b: Chien-Pao|Chien-Pao, L50|100/100\n|-ability|p2b: Chien-Pao|Sword of Ruin\n|turn|2\n|\n|t:|1768383272\n|-terastallize|p1a: Koraidon|Fire\n|move|p2b: Chien-Pao|Protect|p2b: Chien-Pao\n|-singleturn|p2b: Chien-Pao|Protect\n|move|p1b: Flutter Mane|Icy Wind|p2b: Chien-Pao|[spread] p2a\n|-activate|p2b: Chien-Pao|move: Protect\n|-resisted|p2a: Zamazenta\n|-damage|p2a: Zamazenta|96/100\n|-unboost|p2a: Zamazenta|spe|1\n|move|p1a: Koraidon|Flame Charge|p2b: Chien-Pao\n|-activate|p2b: Chien-Pao|move: Protect\n|move|p2a: Zamazenta|Body Press|p1a: Koraidon\n|-damage|p1a: Koraidon|0 fnt\n|faint|p1a: Koraidon\n|\n|-weather|SunnyDay|[upkeep]\n|upkeep\n|\n|t:|1768383278\n|switch|p1a: Lunala|Lunala, L50|100/100\n|turn|3\n|\n|t:|1768383298\n|switch|p2b: Dragonite|Dragonite, L50, F|100/100\n|move|p1b: Flutter Mane|Moonblast|p2b: Dragonite\n|-supereffective|p2b: Dragonite\n|-crit|p2b: Dragonite\n|-damage|p2b: Dragonite|30/100\n|move|p2a: Zamazenta|Behemoth Bash|p1b: Flutter Mane\n|-supereffective|p1b: Flutter Mane\n|-damage|p1b: Flutter Mane|0 fnt\n|faint|p1b: Flutter Mane\n|-end|p1b: Flutter Mane|Protosynthesis|[silent]\n|move|p1a: Lunala|Trick Room|p1a: Lunala\n|-fieldstart|move: Trick Room|[of] p1a: Lunala\n|\n|-weather|SunnyDay|[upkeep]\n|upkeep\n|\n|t:|1768383309\n|switch|p1b: Ursaluna|Ursaluna, L50, M|100/100\n|turn|4\n|j| Rege1\n|l| Rege1\n|\n|t:|1768383318\n|move|p1b: Ursaluna|Protect|p1b: Ursaluna\n|-singleturn|p1b: Ursaluna|Protect\n|move|p2a: Zamazenta|Behemoth Bash|p1a: Lunala\n|-damage|p1a: Lunala|84/100\n|move|p2b: Dragonite|Outrage|p1a: Lunala\n|-damage|p1a: Lunala|0 fnt\n|faint|p1a: Lunala\n|\n|-weather|SunnyDay|[upkeep]\n|-status|p1b: Ursaluna|brn|[from] item: Flame Orb\n|upkeep\n|turn|5\n|j| Rege1\n|l| Rege1\n|c|\u2606VJ2511|oof\n|j| Rege1\n|c|\u2606VJ2511|50-50\n|c|\u2606VJ2511|cant complain\n|\n|t:|1768383339\n|move|p1b: Ursaluna|Facade|p2a: Zamazenta\n|-damage|p2a: Zamazenta|50/100\n|move|p2a: Zamazenta|Body Press|p1b: Ursaluna\n|-supereffective|p1b: Ursaluna\n|-damage|p1b: Ursaluna|0 fnt\n|faint|p1b: Ursaluna\n|\n|win|kojimuranishi\n|raw|VJ2511's rating: 1338 &rarr; <strong>1321</strong><br />(-17 for losing)\n|raw|kojimuranishi's rating: 1393 &rarr; <strong>1410</strong><br />(+17 for winning)\n|l|\u2606VJ2511\n|player|p1|\n|l|\u2606kojimuranishi\n|player|p2|\n|l| Rege1\n","uploadtime":1768383514,"views":14,"formatid":"gen9vgc2026regi","rating":1321,"private":0,"password":null}