{"id":"gen9vgc2026regi-2563257459","format":"[Gen 9] VGC 2026 Reg I","players":["clefci","Amitysrl"],"log":"|j|\u2606clefci\n|j|\u2606Amitysrl\n|t:|1774009638\n|gametype|doubles\n|player|p1|clefci|266|1180\n|player|p2|Amitysrl|cynthia-gen4|1228\n|gen|9\n|tier|[Gen 9] VGC 2026 Reg I\n|rated|\n|rule|Species Clause: Limit one of each Pok\u00e9mon\n|rule|Item Clause: Limit 1 of each item\n|clearpoke\n|poke|p1|Kyogre, L50|\n|poke|p1|Tornadus, L50, M|\n|poke|p1|Farigiraf, L50, M|\n|poke|p1|Zacian-*, L50|\n|poke|p1|Chien-Pao, L50|\n|poke|p1|Amoonguss, L50, M|\n|poke|p2|Palkia-Origin, L50|\n|poke|p2|Okidogi, L50, M|\n|poke|p2|Ogerpon-Hearthflame, L50, F|\n|poke|p2|Grimmsnarl, L50, M|\n|poke|p2|Zamazenta-*, L50|\n|poke|p2|Whimsicott, L50, M|\n|teampreview|4\n|inactive|Battle timer is ON: inactive players will automatically lose when time's up. (requested by clefci)\n|\n|t:|1774009669\n|teamsize|p1|4\n|teamsize|p2|4\n|start\n|switch|p1a: Zacian|Zacian-Crowned, L50|100/100\n|switch|p1b: Chien-Pao|Chien-Pao, L50|100/100\n|switch|p2a: Zamazenta|Zamazenta-Crowned, L50|100/100\n|switch|p2b: Grimmsnarl|Grimmsnarl, L50, M, shiny|100/100\n|-ability|p1a: Zacian|Intrepid Sword|boost\n|-boost|p1a: Zacian|atk|1\n|-ability|p1b: Chien-Pao|Sword of Ruin\n|-ability|p2a: Zamazenta|Dauntless Shield|boost\n|-boost|p2a: Zamazenta|def|1\n|turn|1\n|\n|t:|1774009692\n|move|p2b: Grimmsnarl|Thunder Wave|p1a: Zacian\n|-status|p1a: Zacian|par\n|move|p1b: Chien-Pao|Sacred Sword|p2a: Zamazenta\n|-supereffective|p2a: Zamazenta\n|-damage|p2a: Zamazenta|51/100\n|move|p2a: Zamazenta|Body Press|p1b: Chien-Pao\n|-supereffective|p1b: Chien-Pao\n|-enditem|p1b: Chien-Pao|Focus Sash\n|-damage|p1b: Chien-Pao|1/100\n|move|p1a: Zacian|Behemoth Blade|p2b: Grimmsnarl\n|-supereffective|p2b: Grimmsnarl\n|-damage|p2b: Grimmsnarl|0 fnt\n|faint|p2b: Grimmsnarl\n|\n|upkeep\n|\n|t:|1774009709\n|switch|p2b: Palkia|Palkia-Origin, L50, shiny|100/100\n|-ability|p2b: Palkia|Pressure\n|turn|2\n|\n|t:|1774009730\n|switch|p1b: Tornadus|Tornadus, L50, M|100/100\n|move|p2b: Palkia|Protect|p2b: Palkia\n|-singleturn|p2b: Palkia|Protect\n|move|p2a: Zamazenta|Body Press|p1b: Tornadus\n|-resisted|p1b: Tornadus\n|-damage|p1b: Tornadus|60/100\n|cant|p1a: Zacian|par\n|\n|upkeep\n|turn|3\n|\n|t:|1774009749\n|-terastallize|p2b: Palkia|Ground\n|move|p1b: Tornadus|Tailwind|p1b: Tornadus\n|-sidestart|p1: clefci|move: Tailwind\n|move|p1a: Zacian|Play Rough|p2b: Palkia\n|-damage|p2b: Palkia|19/100\n|move|p2b: Palkia|Earth Power|p1a: Zacian\n|-supereffective|p1a: Zacian\n|-damage|p1a: Zacian|8/100 par\n|move|p2a: Zamazenta|Behemoth Bash|p1b: Tornadus\n|-damage|p1b: Tornadus|0 fnt\n|faint|p1b: Tornadus\n|\n|upkeep\n|\n|t:|1774009762\n|switch|p1b: Kyogre|Kyogre, L50|100/100\n|-weather|RainDance|[from] ability: Drizzle|[of] p1b: Kyogre\n|turn|4\n|\n|t:|1774009776\n|switch|p2b: Whimsicott|Whimsicott, L50, M, shiny|100/100\n|move|p2a: Zamazenta|Protect|p2a: Zamazenta\n|-singleturn|p2a: Zamazenta|Protect\n|move|p1b: Kyogre|Water Spout|p2a: Zamazenta|[spread] p2b\n|-activate|p2a: Zamazenta|move: Protect\n|-resisted|p2b: Whimsicott\n|-damage|p2b: Whimsicott|1/100\n|move|p1a: Zacian|Behemoth Blade|p2b: Whimsicott\n|-supereffective|p2b: Whimsicott\n|-damage|p2b: Whimsicott|0 fnt\n|faint|p2b: Whimsicott\n|\n|-weather|RainDance|[upkeep]\n|upkeep\n|\n|t:|1774009790\n|switch|p2b: Palkia|Palkia-Origin, L50, shiny, tera:Ground|19/100\n|-ability|p2b: Palkia|Pressure\n|turn|5\n|\n|t:|1774009804\n|move|p2a: Zamazenta|Wide Guard|p2a: Zamazenta\n|-singleturn|p2a: Zamazenta|Wide Guard\n|move|p1b: Kyogre|Hydro Pump|p2a: Zamazenta|[miss]\n|-miss|p1b: Kyogre|p2a: Zamazenta\n|move|p1a: Zacian|Behemoth Blade|p2b: Palkia\n|-damage|p2b: Palkia|0 fnt\n|faint|p2b: Palkia\n|\n|-weather|RainDance|[upkeep]\n|upkeep\n|turn|6\n|\n|t:|1774009816\n|move|p1b: Kyogre|Hydro Pump|p2a: Zamazenta\n|-damage|p2a: Zamazenta|0 fnt\n|faint|p2a: Zamazenta\n|\n|win|clefci\n|raw|clefci's rating: 1180 &rarr; <strong>1208</strong><br />(+28 for winning)\n|raw|Amitysrl's rating: 1228 &rarr; <strong>1200</strong><br />(-28 for losing)\n|l|\u2606clefci\n|player|p1|\n|l|\u2606Amitysrl\n|player|p2|\n","uploadtime":1774010063,"views":13,"formatid":"gen9vgc2026regi","rating":1200,"private":0,"password":null}