{"id":"gen9vgc2026regi-2519313942","format":"[Gen 9] VGC 2026 Reg I","players":["BanKingambit69247","H1c0mon"],"log":"|j|\u2606BanKingambit69247\n|j|\u203dH1c0mon\n|t:|1768494842\n|gametype|doubles\n|player|p1|BanKingambit69247|102|1036\n|player|p2|H1c0mon|1|1109\n|gen|9\n|tier|[Gen 9] VGC 2026 Reg I\n|rated|\n|rule|Species Clause: Limit one of each Pok\u00e9mon\n|rule|Item Clause: Limit 1 of each item\n|clearpoke\n|poke|p1|Calyrex-Ice, L50|\n|poke|p1|Koraidon, L50|\n|poke|p1|Incineroar, L50, F|\n|poke|p1|Rillaboom, L50, M|\n|poke|p1|Chi-Yu, L50|\n|poke|p1|Flutter Mane, L50|\n|poke|p2|Walking Wake, L50|\n|poke|p2|Flutter Mane, L50|\n|poke|p2|Koraidon, L50|\n|poke|p2|Rillaboom, L50, F|\n|poke|p2|Ditto, L50|\n|poke|p2|Kyogre, L50|\n|teampreview|4\n|inactive|Battle timer is ON: inactive players will automatically lose when time's up. (requested by BanKingambit69247)\n|inactive|BanKingambit69247 has 60 seconds left.\n|inactive|H1c0mon has 60 seconds left.\n|\n|t:|1768494880\n|teamsize|p1|4\n|teamsize|p2|4\n|start\n|switch|p1a: Flutter Mane|Flutter Mane, L50|100/100\n|switch|p1b: Calyrex|Calyrex-Ice, L50|100/100\n|switch|p2a: Ditto|Ditto, L50|100/100\n|switch|p2b: Koraidon|Koraidon, L50|100/100\n|-ability|p1b: Calyrex|As One\n|-ability|p1b: Calyrex|Unnerve\n|-weather|SunnyDay|[from] ability: Orichalcum Pulse|[of] p2b: Koraidon\n|-activate|p1a: Flutter Mane|ability: Protosynthesis\n|-start|p1a: Flutter Mane|protosynthesisspe\n|-activate|p2b: Koraidon|Orichalcum Pulse|[source]\n|-transform|p2a: Ditto|p1b: Calyrex|[from] ability: Imposter\n|-ability|p2a: Ditto|As One\n|-ability|p2a: Ditto|Unnerve\n|turn|1\n|inactive|H1c0mon has 30 seconds left.\n|inactive|H1c0mon has 20 seconds left.\n|inactive|H1c0mon has 15 seconds left.\n|inactive|H1c0mon has 10 seconds left.\n|\n|t:|1768494926\n|-terastallize|p2b: Koraidon|Fire\n|-terastallize|p1b: Calyrex|Fairy\n|move|p1a: Flutter Mane|Shadow Ball|p2a: Ditto\n|-supereffective|p2a: Ditto\n|-damage|p2a: Ditto|26/100\n|move|p2b: Koraidon|Flare Blitz|p1a: Flutter Mane\n|-enditem|p1a: Flutter Mane|Focus Sash\n|-damage|p1a: Flutter Mane|1/100\n|-damage|p2b: Koraidon|76/100|[from] Recoil\n|-damage|p2b: Koraidon|66/100|[from] item: Life Orb\n|move|p2a: Ditto|Leech Seed|p1b: Calyrex|[miss]\n|-miss|p2a: Ditto|p1b: Calyrex\n|move|p1b: Calyrex|Glacial Lance|p2a: Ditto|[spread] p2a,p2b\n|-resisted|p2a: Ditto\n|-resisted|p2b: Koraidon\n|-damage|p2a: Ditto|4/100\n|-damage|p2b: Koraidon|42/100\n|\n|-weather|SunnyDay|[upkeep]\n|upkeep\n|turn|2\n|inactive|H1c0mon has 30 seconds left.\n|\n|t:|1768494953\n|move|p2a: Ditto|Protect|p2a: Ditto\n|-singleturn|p2a: Ditto|Protect\n|move|p1a: Flutter Mane|Shadow Ball|p2b: Koraidon\n|-damage|p2b: Koraidon|0 fnt\n|faint|p2b: Koraidon\n|move|p1b: Calyrex|Glacial Lance|p2a: Ditto\n|-activate|p2a: Ditto|move: Protect\n|\n|-weather|SunnyDay|[upkeep]\n|upkeep\n|\n|t:|1768494960\n|switch|p2b: Flutter Mane|Flutter Mane, L50|100/100\n|-activate|p2b: Flutter Mane|ability: Protosynthesis\n|-start|p2b: Flutter Mane|protosynthesisspe\n|turn|3\n|\n|t:|1768494982\n|move|p1a: Flutter Mane|Moonblast|p2b: Flutter Mane\n|-damage|p2b: Flutter Mane|50/100\n|-unboost|p2b: Flutter Mane|spa|1\n|move|p2b: Flutter Mane|Icy Wind|p1a: Flutter Mane|[spread] p1a,p1b\n|-damage|p1a: Flutter Mane|0 fnt\n|-damage|p1b: Calyrex|94/100\n|-unboost|p1b: Calyrex|spe|1\n|faint|p1a: Flutter Mane\n|-end|p1a: Flutter Mane|Protosynthesis|[silent]\n|move|p2a: Ditto|Glacial Lance|p1b: Calyrex\n|-damage|p1b: Calyrex|48/100\n|move|p1b: Calyrex|Glacial Lance|p2b: Flutter Mane|[spread] p2a,p2b\n|-resisted|p2a: Ditto\n|-damage|p2a: Ditto|0 fnt\n|-damage|p2b: Flutter Mane|0 fnt\n|faint|p2a: Ditto\n|faint|p2b: Flutter Mane\n|-end|p2b: Flutter Mane|Protosynthesis|[silent]\n|-ability|p1b: Calyrex|Chilling Neigh|boost\n|-boost|p1b: Calyrex|atk|2\n|\n|-weather|SunnyDay|[upkeep]\n|-heal|p1b: Calyrex|54/100|[from] item: Leftovers\n|upkeep\n|\n|t:|1768494995\n|switch|p2b: Walking Wake|Walking Wake, L50|100/100\n|switch|p1a: Rillaboom|Rillaboom, L50, M|100/100\n|-fieldstart|move: Grassy Terrain|[from] ability: Grassy Surge|[of] p1a: Rillaboom\n|-activate|p2b: Walking Wake|ability: Protosynthesis\n|-start|p2b: Walking Wake|protosynthesisspa\n|turn|4\n|\n|t:|1768495008\n|move|p1a: Rillaboom|Fake Out|p2b: Walking Wake\n|-damage|p2b: Walking Wake|86/100\n|cant|p2b: Walking Wake|flinch\n|move|p1b: Calyrex|Trick Room|p1b: Calyrex\n|-fieldstart|move: Trick Room|[of] p1b: Calyrex\n|\n|-weather|SunnyDay|[upkeep]\n|-heal|p1b: Calyrex|59/100|[from] Grassy Terrain\n|-heal|p1b: Calyrex|65/100|[from] item: Leftovers\n|-heal|p2b: Walking Wake|92/100|[from] Grassy Terrain\n|upkeep\n|turn|5\n|\n|t:|1768495014\n|move|p1b: Calyrex|Glacial Lance|p2b: Walking Wake\n|-damage|p2b: Walking Wake|0 fnt\n|faint|p2b: Walking Wake\n|-end|p2b: Walking Wake|Protosynthesis|[silent]\n|\n|win|BanKingambit69247\n|raw|BanKingambit69247's rating: 1036 &rarr; <strong>1078</strong><br />(+42 for winning)\n|raw|H1c0mon's rating: 1109 &rarr; <strong>1079</strong><br />(-30 for losing)\n","uploadtime":1768495016,"views":12,"formatid":"gen9vgc2026regi","rating":1078,"private":0,"password":null}