{"id":"gen9vgc2026regi-2561690767","format":"[Gen 9] VGC 2026 Reg I","players":["BrorGregerGaming","TheNamesBetty"],"log":"|j|\u2606BrorGregerGaming\n|j|\u2606TheNamesBetty\n|t:|1773833347\n|gametype|doubles\n|player|p1|BrorGregerGaming|veteran|1232\n|player|p2|TheNamesBetty|koga|1326\n|gen|9\n|tier|[Gen 9] VGC 2026 Reg I\n|rated|\n|rule|Species Clause: Limit one of each Pok\u00e9mon\n|rule|Item Clause: Limit 1 of each item\n|clearpoke\n|poke|p1|Kyogre, L50|\n|poke|p1|Archaludon, L50, M|\n|poke|p1|Landorus-Therian, L50, M|\n|poke|p1|Miraidon, L50|\n|poke|p1|Frosmoth, L50, M|\n|poke|p1|Whimsicott, L50, F|\n|poke|p2|Muk-Alola, L50, M|\n|poke|p2|Grimmsnarl, L50, M|\n|poke|p2|Lugia, L50|\n|poke|p2|Smeargle, L50, F|\n|poke|p2|Ho-Oh, L50|\n|poke|p2|Cramorant, L50, M|\n|teampreview|4\nTheNamesBetty has agreed to open team sheets.\n|\n|t:|1773833361\n|teamsize|p1|4\n|teamsize|p2|4\n|start\n|switch|p1a: Archaludon|Archaludon, L50, M|100/100\n|switch|p1b: Landorus|Landorus-Therian, L50, M|100/100\n|switch|p2a: Kokozaj|Smeargle, L50, F|100/100\n|switch|p2b: Barevn\u00e9 Bl\u00e1to|Muk-Alola, L50, M|100/100\n|-ability|p1b: Landorus|Intimidate|boost\n|-unboost|p2a: Kokozaj|atk|1\n|-unboost|p2b: Barevn\u00e9 Bl\u00e1to|atk|1\n|turn|1\n|\n|t:|1773833378\n|move|p2a: Kokozaj|Fake Out|p1b: Landorus\n|-damage|p1b: Landorus|96/100\n|cant|p1b: Landorus|flinch\n|move|p1a: Archaludon|Electro Shot||[still]\n|-prepare|p1a: Archaludon|Electro Shot\n|-boost|p1a: Archaludon|spa|1\n|-enditem|p1a: Archaludon|Power Herb\n|-anim|p1a: Archaludon|Electro Shot|p2b: Barevn\u00e9 Bl\u00e1to\n|-damage|p2b: Barevn\u00e9 Bl\u00e1to|53/100\n|move|p2b: Barevn\u00e9 Bl\u00e1to|Minimize|p2b: Barevn\u00e9 Bl\u00e1to\n|-boost|p2b: Barevn\u00e9 Bl\u00e1to|evasion|2\n|\n|-heal|p2b: Barevn\u00e9 Bl\u00e1to|59/100|[from] item: Leftovers\n|-ability|p2a: Kokozaj|Moody|boost\n|-boost|p2a: Kokozaj|def|2\n|-unboost|p2a: Kokozaj|spe|1\n|upkeep\n|turn|2\n|\n|t:|1773833399\n|move|p2a: Kokozaj|Follow Me|p2a: Kokozaj\n|-singleturn|p2a: Kokozaj|move: Follow Me\n|move|p1b: Landorus|Stomping Tantrum|p2a: Kokozaj\n|-enditem|p2a: Kokozaj|Focus Sash\n|-damage|p2a: Kokozaj|1/100\n|move|p1a: Archaludon|Dragon Pulse|p2a: Kokozaj\n|-damage|p2a: Kokozaj|0 fnt\n|faint|p2a: Kokozaj\n|-ability|p2b: Barevn\u00e9 Bl\u00e1to|Moody|Power of Alchemy|[from] ability: Power of Alchemy|[of] p2a: Kokozaj\n|move|p2b: Barevn\u00e9 Bl\u00e1to|Minimize|p2b: Barevn\u00e9 Bl\u00e1to\n|-boost|p2b: Barevn\u00e9 Bl\u00e1to|evasion|2\n|\n|-heal|p2b: Barevn\u00e9 Bl\u00e1to|66/100|[from] item: Leftovers\n|-ability|p2b: Barevn\u00e9 Bl\u00e1to|Moody|boost\n|-boost|p2b: Barevn\u00e9 Bl\u00e1to|spa|2\n|-unboost|p2b: Barevn\u00e9 Bl\u00e1to|spd|1\n|upkeep\n|\n|t:|1773833412\n|switch|p2a: Mario|Lugia, L50|100/100\n|turn|3\n|\n|t:|1773833423\n|-terastallize|p2a: Mario|Ground\n|move|p2a: Mario|Psych Up|p2b: Barevn\u00e9 Bl\u00e1to\n|-copyboost|p2a: Mario|p2b: Barevn\u00e9 Bl\u00e1to|[from] move: Psych Up\n|move|p1b: Landorus|Stomping Tantrum|p2b: Barevn\u00e9 Bl\u00e1to|[miss]\n|-miss|p1b: Landorus|p2b: Barevn\u00e9 Bl\u00e1to\n|move|p1a: Archaludon|Electro Shot||[still]\n|-prepare|p1a: Archaludon|Electro Shot\n|-boost|p1a: Archaludon|spa|1\n|move|p2b: Barevn\u00e9 Bl\u00e1to|Knock Off|p1b: Landorus\n|-damage|p1b: Landorus|66/100\n|-enditem|p1b: Landorus|Choice Band|[from] move: Knock Off|[of] p2b: Barevn\u00e9 Bl\u00e1to\n|\n|-heal|p2b: Barevn\u00e9 Bl\u00e1to|72/100|[from] item: Leftovers\n|-ability|p2b: Barevn\u00e9 Bl\u00e1to|Moody|boost\n|-boost|p2b: Barevn\u00e9 Bl\u00e1to|def|2\n|-unboost|p2b: Barevn\u00e9 Bl\u00e1to|atk|1\n|upkeep\n|turn|4\n|\n|t:|1773833459\n|move|p2a: Mario|Whirlpool|p1b: Landorus\n|-supereffective|p1b: Landorus\n|-damage|p1b: Landorus|26/100\n|-activate|p1b: Landorus|move: Whirlpool|[of] p2a: Mario\n|move|p1b: Landorus|Stomping Tantrum|p2b: Barevn\u00e9 Bl\u00e1to|[miss]\n|-miss|p1b: Landorus|p2b: Barevn\u00e9 Bl\u00e1to\n|move|p1a: Archaludon|Electro Shot|p2a: Mario|[from] lockedmove\n|-immune|p2a: Mario\n|move|p2b: Barevn\u00e9 Bl\u00e1to|Substitute|p2b: Barevn\u00e9 Bl\u00e1to\n|-start|p2b: Barevn\u00e9 Bl\u00e1to|Substitute\n|-damage|p2b: Barevn\u00e9 Bl\u00e1to|47/100\n|\n|-heal|p2b: Barevn\u00e9 Bl\u00e1to|53/100|[from] item: Leftovers\n|-damage|p1b: Landorus|14/100|[from] move: Whirlpool|[partiallytrapped]\n|-ability|p2b: Barevn\u00e9 Bl\u00e1to|Moody|boost\n|-boost|p2b: Barevn\u00e9 Bl\u00e1to|spd|2\n|-unboost|p2b: Barevn\u00e9 Bl\u00e1to|atk|1\n|upkeep\n|turn|5\n|\n|t:|1773833484\n|move|p2a: Mario|Air Slash|p1b: Landorus\n|-damage|p1b: Landorus|0 fnt\n|faint|p1b: Landorus\n|move|p1a: Archaludon|Dragon Pulse|p2a: Mario\n|-damage|p2a: Mario|65/100\n|move|p2b: Barevn\u00e9 Bl\u00e1to|Drain Punch|p1a: Archaludon\n|-supereffective|p1a: Archaludon\n|-damage|p1a: Archaludon|86/100\n|-heal|p2b: Barevn\u00e9 Bl\u00e1to|59/100|[from] drain|[of] p1a: Archaludon\n|\n|-heal|p2b: Barevn\u00e9 Bl\u00e1to|65/100|[from] item: Leftovers\n|-ability|p2b: Barevn\u00e9 Bl\u00e1to|Moody|boost\n|-boost|p2b: Barevn\u00e9 Bl\u00e1to|spe|2\n|-unboost|p2b: Barevn\u00e9 Bl\u00e1to|spd|1\n|upkeep\n|\n|t:|1773833499\n|switch|p1b: Whimsicott|Whimsicott, L50, F|100/100\n|turn|6\n|\n|t:|1773833508\n|-terastallize|p1b: Whimsicott|Rock\n|move|p1b: Whimsicott|Fake Tears|p2a: Mario|[miss]\n|-miss|p1b: Whimsicott|p2a: Mario\n|move|p2a: Mario|Psych Up|p2b: Barevn\u00e9 Bl\u00e1to\n|-copyboost|p2a: Mario|p2b: Barevn\u00e9 Bl\u00e1to|[from] move: Psych Up\n|move|p1a: Archaludon|Dragon Pulse|p2a: Mario|[miss]\n|-miss|p1a: Archaludon|p2a: Mario\n|move|p2b: Barevn\u00e9 Bl\u00e1to|Minimize|p2b: Barevn\u00e9 Bl\u00e1to\n|-boost|p2b: Barevn\u00e9 Bl\u00e1to|evasion|2\n|\n|-heal|p2b: Barevn\u00e9 Bl\u00e1to|71/100|[from] item: Leftovers\n|-ability|p2b: Barevn\u00e9 Bl\u00e1to|Moody|boost\n|-boost|p2b: Barevn\u00e9 Bl\u00e1to|spd|2\n|-unboost|p2b: Barevn\u00e9 Bl\u00e1to|spe|1\n|upkeep\n|turn|7\n|\n|t:|1773833528\n|move|p1b: Whimsicott|Fake Tears|p2a: Mario\n|-unboost|p2a: Mario|spd|2\n|move|p2a: Mario|Air Slash|p1b: Whimsicott\n|-resisted|p1b: Whimsicott\n|-damage|p1b: Whimsicott|66/100\n|move|p1a: Archaludon|Dragon Pulse|p2a: Mario|[miss]\n|-miss|p1a: Archaludon|p2a: Mario\n|move|p2b: Barevn\u00e9 Bl\u00e1to|Knock Off|p1b: Whimsicott\n|-damage|p1b: Whimsicott|54/100\n|-enditem|p1b: Whimsicott|Focus Sash|[from] move: Knock Off|[of] p2b: Barevn\u00e9 Bl\u00e1to\n|\n|-heal|p2b: Barevn\u00e9 Bl\u00e1to|77/100|[from] item: Leftovers\n|-ability|p2b: Barevn\u00e9 Bl\u00e1to|Moody|boost\n|-boost|p2b: Barevn\u00e9 Bl\u00e1to|spa|2\n|-unboost|p2b: Barevn\u00e9 Bl\u00e1to|def|1\n|upkeep\n|turn|8\n|\n|t:|1773833548\n|move|p1b: Whimsicott|Tailwind|p1b: Whimsicott\n|-sidestart|p1: BrorGregerGaming|move: Tailwind\n|move|p2a: Mario|Psych Up|p2b: Barevn\u00e9 Bl\u00e1to\n|-copyboost|p2a: Mario|p2b: Barevn\u00e9 Bl\u00e1to|[from] move: Psych Up\n|move|p1a: Archaludon|Dragon Pulse|p2a: Mario\n|-damage|p2a: Mario|37/100\n|move|p2b: Barevn\u00e9 Bl\u00e1to|Drain Punch|p1b: Whimsicott\n|-supereffective|p1b: Whimsicott\n|-damage|p1b: Whimsicott|39/100\n|-heal|p2b: Barevn\u00e9 Bl\u00e1to|83/100|[from] drain|[of] p1b: Whimsicott\n|\n|-heal|p2b: Barevn\u00e9 Bl\u00e1to|89/100|[from] item: Leftovers\n|-ability|p2b: Barevn\u00e9 Bl\u00e1to|Moody|boost\n|-boost|p2b: Barevn\u00e9 Bl\u00e1to|spe|2\n|-unboost|p2b: Barevn\u00e9 Bl\u00e1to|spa|1\n|upkeep\n|turn|9\n|\n|t:|1773833566\n|move|p1b: Whimsicott|Fake Tears|p2a: Mario|[miss]\n|-miss|p1b: Whimsicott|p2a: Mario\n|move|p1a: Archaludon|Dragon Pulse|p2a: Mario\n|-damage|p2a: Mario|12/100\n|move|p2a: Mario|Recover|p2a: Mario\n|-heal|p2a: Mario|62/100\n|move|p2b: Barevn\u00e9 Bl\u00e1to|Drain Punch|p1b: Whimsicott\n|-supereffective|p1b: Whimsicott\n|-damage|p1b: Whimsicott|24/100\n|-heal|p2b: Barevn\u00e9 Bl\u00e1to|95/100|[from] drain|[of] p1b: Whimsicott\n|\n|-heal|p2b: Barevn\u00e9 Bl\u00e1to|100/100|[from] item: Leftovers\n|-ability|p2b: Barevn\u00e9 Bl\u00e1to|Moody|boost\n|-boost|p2b: Barevn\u00e9 Bl\u00e1to|spd|2\n|-unboost|p2b: Barevn\u00e9 Bl\u00e1to|spa|1\n|upkeep\n|turn|10\n|-message|BrorGregerGaming forfeited.\n|\n|win|TheNamesBetty\n|raw|BrorGregerGaming's rating: 1232 &rarr; <strong>1214</strong><br />(-18 for losing)\n|raw|TheNamesBetty's rating: 1326 &rarr; <strong>1341</strong><br />(+15 for winning)\n|l|\u2606BrorGregerGaming\n|player|p1|\n|l|\u2606TheNamesBetty\n|player|p2|\n","uploadtime":1773833809,"views":10,"formatid":"gen9vgc2026regi","rating":1214,"private":0,"password":null}