{"id":"gen9vgc2026regi-2589383639","format":"[Gen 9] VGC 2026 Reg I","players":["unzksakdk","SalmonintheGanges"],"log":"|j|\u2606unzksakdk\n|j|\u2606SalmonintheGanges\n|t:|1776718615\n|gametype|doubles\n|player|p1|unzksakdk|170|1469\n|player|p2|SalmonintheGanges|fisherman|1553\n|gen|9\n|tier|[Gen 9] VGC 2026 Reg I\n|rated|\n|rule|Species Clause: Limit one of each Pok\u00e9mon\n|rule|Item Clause: Limit 1 of each item\n|clearpoke\n|poke|p1|Groudon, L50|\n|poke|p1|Jumpluff, L50, M|\n|poke|p1|Miraidon, L50|\n|poke|p1|Farigiraf, L50, M|\n|poke|p1|Incineroar, L50, M|\n|poke|p1|Grimmsnarl, L50, M|\n|poke|p2|Muk-Alola, L50, F|\n|poke|p2|Calyrex-Shadow, L50|\n|poke|p2|Terapagos, L50, M|\n|poke|p2|Smeargle, L50, F|\n|poke|p2|Flamigo, L50, M|\n|poke|p2|Cresselia, L50, F|\n|teampreview|4\n|inactive|Battle timer is ON: inactive players will automatically lose when time's up. (requested by SalmonintheGanges)\n|inactive|unzksakdk has 60 seconds left.\n|inactive|SalmonintheGanges has 60 seconds left.\n|\n|t:|1776718659\n|teamsize|p1|4\n|teamsize|p2|4\n|start\n|switch|p1a: Groudon|Groudon, L50|100/100\n|switch|p1b: Jumpluff|Jumpluff, L50, M|100/100\n|switch|p2a: Smeargle|Smeargle, L50, F|100/100\n|switch|p2b: Terapagos|Terapagos, L50, M|100/100\n|-activate|p2b: Terapagos|ability: Tera Shift\n|detailschange|p2b: Terapagos|Terapagos-Terastal, L50, M\n|-heal|p2b: Terapagos|100/100|[silent]\n|-weather|SunnyDay|[from] ability: Drought|[of] p1a: Groudon\n|turn|1\n|\n|t:|1776718678\n|move|p1b: Jumpluff|Sleep Powder|p2a: Smeargle\n|-status|p2a: Smeargle|slp|[from] move: Sleep Powder\n|cant|p2a: Smeargle|slp\n|move|p1a: Groudon|Heat Crash|p2b: Terapagos\n|-activate|p2b: Terapagos|ability: Tera Shell\n|-resisted|p2b: Terapagos\n|-damage|p2b: Terapagos|76/100\n|move|p2b: Terapagos|Calm Mind|p2b: Terapagos\n|-boost|p2b: Terapagos|spa|1\n|-boost|p2b: Terapagos|spd|1\n|\n|-weather|SunnyDay|[upkeep]\n|-ability|p2a: Smeargle|Moody|boost\n|-boost|p2a: Smeargle|spe|2\n|-unboost|p2a: Smeargle|atk|1\n|upkeep\n|turn|2\n|\n|t:|1776718695\n|-terastallize|p2b: Terapagos|Stellar\n|detailschange|p2b: Terapagos|Terapagos-Stellar, L50, M, tera:Stellar\n|-heal|p2b: Terapagos|82/100|[silent]\n|-ability|p2b: Terapagos|Teraform Zero\n|-weather|none\n|cant|p2a: Smeargle|slp\n|move|p1b: Jumpluff|Sleep Powder|p2b: Terapagos\n|-status|p2b: Terapagos|slp|[from] move: Sleep Powder\n|move|p1a: Groudon|Precipice Blades|p2b: Terapagos|[spread] p2a,p2b\n|-enditem|p2a: Smeargle|Focus Sash\n|-damage|p2a: Smeargle|1/100 slp\n|-damage|p2b: Terapagos|56/100 slp\n|cant|p2b: Terapagos|slp\n|\n|-ability|p2a: Smeargle|Moody|boost\n|-boost|p2a: Smeargle|spd|2\n|-unboost|p2a: Smeargle|def|1\n|upkeep\n|turn|3\n|inactive|unzksakdk has 30 seconds left.\n|inactive|unzksakdk has 20 seconds left.\n|inactive|unzksakdk has 15 seconds left.\n|\n|t:|1776718735\n|cant|p2a: Smeargle|slp\n|move|p1b: Jumpluff|Tailwind|p1b: Jumpluff\n|-sidestart|p1: unzksakdk|move: Tailwind\n|move|p1a: Groudon|Heat Crash|p2a: Smeargle\n|-damage|p2a: Smeargle|0 fnt\n|faint|p2a: Smeargle\n|-curestatus|p2b: Terapagos|slp|[msg]\n|move|p2b: Terapagos|Tera Starstorm|p1b: Jumpluff|[spread] p1a,p1b\n|-damage|p1a: Groudon|50/100\n|-damage|p1b: Jumpluff|42/100\n|\n|upkeep\n|\n|t:|1776718743\n|switch|p2a: Calyrex|Calyrex-Shadow, L50|100/100\n|-ability|p2a: Calyrex|As One\n|-ability|p2a: Calyrex|Unnerve\n|turn|4\n|inactive|unzksakdk has 30 seconds left.\n|\n|t:|1776718775\n|move|p1b: Jumpluff|Tailwind||[still]\n|-fail|p1b: Jumpluff\n|move|p1a: Groudon|Heat Crash|p2a: Calyrex\n|-damage|p2a: Calyrex|49/100\n|-enditem|p2a: Calyrex|Sitrus Berry|[eat]\n|-heal|p2a: Calyrex|74/100|[from] item: Sitrus Berry\n|move|p2a: Calyrex|Astral Barrage|p1a: Groudon|[spread] p1a,p1b\n|-damage|p1a: Groudon|5/100\n|-damage|p1b: Jumpluff|0 fnt\n|faint|p1b: Jumpluff\n|-ability|p2a: Calyrex|Grim Neigh|boost\n|-boost|p2a: Calyrex|spa|1\n|move|p2b: Terapagos|Tera Starstorm|p1a: Groudon\n|-damage|p1a: Groudon|0 fnt\n|faint|p1a: Groudon\n|\n|upkeep\n|\n|t:|1776718780\n|switch|p1b: Incineroar|Incineroar, L50, M|100/100\n|switch|p1a: Miraidon|Miraidon, L50|100/100\n|-fieldstart|move: Electric Terrain|[from] ability: Hadron Engine|[of] p1a: Miraidon\n|-ability|p1b: Incineroar|Intimidate|boost\n|-unboost|p2a: Calyrex|atk|1\n|-unboost|p2b: Terapagos|atk|1\n|turn|5\n|\n|t:|1776718803\n|move|p1b: Incineroar|Fake Out|p2b: Terapagos\n|-damage|p2b: Terapagos|48/100\n|move|p1a: Miraidon|Electro Drift|p2a: Calyrex\n|-damage|p2a: Calyrex|0 fnt\n|faint|p2a: Calyrex\n|move|p2b: Terapagos|Earth Power|p1a: Miraidon\n|-supereffective|p1a: Miraidon\n|-damage|p1a: Miraidon|11/100\n|\n|upkeep\n|\n|t:|1776718810\n|switch|p2a: Muk|Muk-Alola, L50, F|100/100\n|turn|6\n|\n|t:|1776718833\n|move|p1a: Miraidon|Electro Drift|p2a: Muk\n|-damage|p2a: Muk|18/100\n|move|p1b: Incineroar|Flare Blitz|p2b: Terapagos\n|-damage|p2b: Terapagos|18/100\n|-damage|p1b: Incineroar|88/100|[from] Recoil\n|move|p2b: Terapagos|Tera Starstorm|p1a: Miraidon|[spread] p1a,p1b\n|-damage|p1a: Miraidon|0 fnt\n|-damage|p1b: Incineroar|36/100\n|-enditem|p1b: Incineroar|Sitrus Berry|[eat]\n|-heal|p1b: Incineroar|60/100|[from] item: Sitrus Berry\n|faint|p1a: Miraidon\n|move|p2a: Muk|Minimize|p2a: Muk\n|-boost|p2a: Muk|evasion|2\n|\n|-heal|p2a: Muk|24/100|[from] item: Leftovers\n|-sideend|p1: unzksakdk|move: Tailwind\n|upkeep\n|turn|7\n|l|\u2606SalmonintheGanges\n|inactive|SalmonintheGanges disconnected and has a minute to reconnect!\n|player|p2|\n|j|\u2606SalmonintheGanges\n|inactive|SalmonintheGanges reconnected and has 45 seconds left.\n|player|p2|SalmonintheGanges|fisherman|\n|\n|t:|1776718851\n|move|p2a: Muk|Protect|p2a: Muk\n|-singleturn|p2a: Muk|Protect\n|move|p2b: Terapagos|Earth Power|p1b: Incineroar\n|-supereffective|p1b: Incineroar\n|-damage|p1b: Incineroar|0 fnt\n|faint|p1b: Incineroar\n|\n|win|SalmonintheGanges\n|raw|unzksakdk's rating: 1469 &rarr; <strong>1454</strong><br />(-15 for losing)\n|raw|SalmonintheGanges's rating: 1553 &rarr; <strong>1568</strong><br />(+15 for winning)\n|l|\u2606SalmonintheGanges\n|player|p2|\n","uploadtime":1776719067,"views":10,"formatid":"gen9vgc2026regi","rating":1454,"private":0,"password":null}