{"id":"gen9vgc2026regi-2560094678","format":"[Gen 9] VGC 2026 Reg I","players":["mimiat","b3testing"],"log":"|j|\u2606mimiat\n|j|\u2606b3testing\n|t:|1773650840\n|gametype|doubles\n|player|p1|mimiat|cress|1435\n|player|p2|b3testing|1|1475\n|gen|9\n|tier|[Gen 9] VGC 2026 Reg I\n|rated|\n|rule|Species Clause: Limit one of each Pok\u00e9mon\n|rule|Item Clause: Limit 1 of each item\n|clearpoke\n|poke|p1|Lunala, L50|\n|poke|p1|Indeedee-F, L50, F|\n|poke|p1|Ogerpon-Hearthflame, L50, F|\n|poke|p1|Walking Wake, L50|\n|poke|p1|Whimsicott, L50, F|\n|poke|p1|Groudon, L50|\n|poke|p2|Terapagos, L50, M|\n|poke|p2|Calyrex-Shadow, L50|\n|poke|p2|Incineroar, L50, M|\n|poke|p2|Amoonguss, L50, F|\n|poke|p2|Tornadus, L50, M|\n|poke|p2|Smeargle, L50, M|\n|teampreview|4\n|inactive|Battle timer is ON: inactive players will automatically lose when time's up. (requested by b3testing)\n|\n|t:|1773650858\n|teamsize|p1|4\n|teamsize|p2|4\n|start\n|switch|p1a: Whimsicott|Whimsicott, L50, F|100/100\n|switch|p1b: Groudon|Groudon, L50|100/100\n|switch|p2a: Incineroar|Incineroar, L50, M|100/100\n|switch|p2b: Terapagos|Terapagos, L50, M|100/100\n|-activate|p2b: Terapagos|ability: Tera Shift\n|detailschange|p2b: Terapagos|Terapagos-Terastal, L50, M\n|-heal|p2b: Terapagos|100/100|[silent]\n|-weather|SunnyDay|[from] ability: Drought|[of] p1b: Groudon\n|-ability|p2a: Incineroar|Intimidate|boost\n|-unboost|p1a: Whimsicott|atk|1\n|-fail|p1b: Groudon|unboost|[from] item: Clear Amulet|[of] p1b: Groudon\n|turn|1\n|inactive|mimiat has 30 seconds left.\n|inactive|b3testing has 30 seconds left.\n|\n|t:|1773650888\n|switch|p1a: Indeedee|Indeedee-F, L50, F|100/100\n|-fieldstart|move: Psychic Terrain|[from] ability: Psychic Surge|[of] p1a: Indeedee\n|move|p2b: Terapagos|Calm Mind|p2b: Terapagos\n|-boost|p2b: Terapagos|spa|1\n|-boost|p2b: Terapagos|spd|1\n|move|p1b: Groudon|Precipice Blades|p2a: Incineroar|[spread] p2a,p2b\n|-supereffective|p2a: Incineroar\n|-crit|p2a: Incineroar\n|-activate|p2b: Terapagos|ability: Tera Shell\n|-resisted|p2b: Terapagos\n|-damage|p2a: Incineroar|0 fnt\n|-damage|p2b: Terapagos|76/100\n|faint|p2a: Incineroar\n|\n|-weather|SunnyDay|[upkeep]\n|upkeep\n|\n|t:|1773650899\n|switch|p2a: Smeargle|Smeargle, L50, M|100/100\n|turn|2\n|\n|t:|1773650909\n|-terastallize|p2b: Terapagos|Stellar\n|detailschange|p2b: Terapagos|Terapagos-Stellar, L50, M, tera:Stellar\n|-heal|p2b: Terapagos|82/100|[silent]\n|-ability|p2b: Terapagos|Teraform Zero\n|-weather|none\n|-fieldend|move: Psychic Terrain\n|-terastallize|p1a: Indeedee|Grass\n|move|p2a: Smeargle|Fake Out|p1b: Groudon\n|-damage|p1b: Groudon|97/100\n|move|p1a: Indeedee|Follow Me|p1a: Indeedee\n|-singleturn|p1a: Indeedee|move: Follow Me\n|move|p2b: Terapagos|Tera Starstorm|p1a: Indeedee|[spread] p1a,p1b\n|-supereffective|p1a: Indeedee\n|-damage|p1a: Indeedee|6/100\n|-damage|p1b: Groudon|41/100\n|cant|p1b: Groudon|flinch\n|\n|-ability|p2a: Smeargle|Moody|boost\n|-boost|p2a: Smeargle|atk|2\n|-unboost|p2a: Smeargle|spd|1\n|upkeep\n|turn|3\n|\n|t:|1773650932\n|switch|p1b: Whimsicott|Whimsicott, L50, F|100/100\n|move|p2a: Smeargle|Decorate|p2b: Terapagos\n|-boost|p2b: Terapagos|atk|2\n|-boost|p2b: Terapagos|spa|2\n|move|p2b: Terapagos|Tera Starstorm|p1b: Whimsicott|[spread] p1a,p1b\n|-supereffective|p1a: Indeedee\n|-damage|p1a: Indeedee|0 fnt\n|-enditem|p1b: Whimsicott|Focus Sash\n|-damage|p1b: Whimsicott|1/100\n|faint|p1a: Indeedee\n|\n|-ability|p2a: Smeargle|Moody|boost\n|-boost|p2a: Smeargle|spd|2\n|-unboost|p2a: Smeargle|atk|1\n|upkeep\n|\n|t:|1773650939\n|switch|p1a: Groudon|Groudon, L50|41/100\n|-weather|SunnyDay|[from] ability: Drought|[of] p1a: Groudon\n|turn|4\n|inactive|mimiat has 30 seconds left.\n|\n|t:|1773650968\n|move|p2a: Smeargle|Follow Me|p2a: Smeargle\n|-singleturn|p2a: Smeargle|move: Follow Me\n|move|p1b: Whimsicott|Tailwind|p1b: Whimsicott\n|-sidestart|p1: mimiat|move: Tailwind\n|move|p1a: Groudon|Precipice Blades|p2a: Smeargle|[spread] p2a,p2b\n|-enditem|p2a: Smeargle|Focus Sash\n|-damage|p2a: Smeargle|1/100\n|-damage|p2b: Terapagos|43/100\n|move|p2b: Terapagos|Tera Starstorm|p1b: Whimsicott|[spread] p1a,p1b\n|-damage|p1a: Groudon|0 fnt\n|-damage|p1b: Whimsicott|0 fnt\n|faint|p1a: Groudon\n|faint|p1b: Whimsicott\n|\n|-weather|SunnyDay|[upkeep]\n|-ability|p2a: Smeargle|Moody|boost\n|-boost|p2a: Smeargle|spe|2\n|-unboost|p2a: Smeargle|spd|1\n|upkeep\n|\n|t:|1773650971\n|switch|p1b: Lunala|Lunala, L50|100/100\n|turn|5\n|-message|mimiat forfeited.\n|\n|win|b3testing\n|raw|mimiat's rating: 1410 &rarr; <strong>1394</strong><br />(-16 for losing)\n|raw|b3testing's rating: 1475 &rarr; <strong>1491</strong><br />(+16 for winning)\n|l|\u2606mimiat\n|player|p1|\n|l|\u2606b3testing\n|player|p2|\n","uploadtime":1773651172,"views":11,"formatid":"gen9vgc2026regi","rating":1394,"private":0,"password":null}