{"id":"gen9vgc2026regi-2565761032","format":"[Gen 9] VGC 2026 Reg I","players":["isthis6thgood","terafireflareblitz"],"log":"|j|\u2606isthis6thgood\n|j|\u2606terafireflareblitz\n|t:|1774301818\n|gametype|doubles\n|player|p1|isthis6thgood|265|1406\n|player|p2|terafireflareblitz|sycamore|1575\n|gen|9\n|tier|[Gen 9] VGC 2026 Reg I\n|rated|\n|rule|Species Clause: Limit one of each Pok\u00e9mon\n|rule|Item Clause: Limit 1 of each item\n|clearpoke\n|poke|p1|Miraidon, L50|\n|poke|p1|Lunala, L50|\n|poke|p1|Whimsicott, L50, F|\n|poke|p1|Urshifu-*, L50, F|\n|poke|p1|Incineroar, L50, M|\n|poke|p1|Ursaluna, L50, F|\n|poke|p2|Koraidon, L50|\n|poke|p2|Lunala, L50|\n|poke|p2|Indeedee-F, L50, F|\n|poke|p2|Flutter Mane, L50|\n|poke|p2|Volcarona, L50, F|\n|poke|p2|Ursaluna, L50, M|\n|teampreview|4\n|inactive|Battle timer is ON: inactive players will automatically lose when time's up. (requested by terafireflareblitz)\n|inactive|isthis6thgood has 60 seconds left.\n|inactive|isthis6thgood has 30 seconds left.\n|inactive|isthis6thgood has 20 seconds left.\n|inactive|isthis6thgood has 15 seconds left.\n|inactive|isthis6thgood has 10 seconds left.\n|inactive|isthis6thgood has 5 seconds left.\n|\n|t:|1774301907\n|teamsize|p1|4\n|teamsize|p2|4\n|start\n|switch|p1a: Miraidon|Miraidon, L50|100/100\n|switch|p1b: Lunala|Lunala, L50|100/100\n|switch|p2a: Lunala|Lunala, L50, shiny|100/100\n|switch|p2b: Indeedee|Indeedee-F, L50, F|100/100\n|-fieldstart|move: Electric Terrain|[from] ability: Hadron Engine|[of] p1a: Miraidon\n|-enditem|p1b: Lunala|Electric Seed\n|-boost|p1b: Lunala|def|1|[from] item: Electric Seed\n|-fieldstart|move: Psychic Terrain|[from] ability: Psychic Surge|[of] p2b: Indeedee\n|turn|1\n|inactive|isthis6thgood has 30 seconds left.\n|\n|t:|1774301935\n|switch|p1b: Incineroar|Incineroar, L50, M|100/100\n|-ability|p1b: Incineroar|Intimidate|boost\n|-unboost|p2a: Lunala|atk|1\n|-unboost|p2b: Indeedee|atk|1\n|move|p1a: Miraidon|Volt Switch|p2b: Indeedee\n|-damage|p2b: Indeedee|50/100\n|-damage|p1a: Miraidon|91/100|[from] item: Life Orb\n|\n|t:|1774301944\n|switch|p1a: Whimsicott|Whimsicott, L50, F|100/100|[from] Volt Switch\n|move|p2a: Lunala|Meteor Beam||[still]\n|-prepare|p2a: Lunala|Meteor Beam\n|-boost|p2a: Lunala|spa|1\n|-enditem|p2a: Lunala|Power Herb\n|-anim|p2a: Lunala|Meteor Beam|p1a: Whimsicott\n|-damage|p1a: Whimsicott|32/100\n|move|p2b: Indeedee|Alluring Voice|p1b: Incineroar\n|-damage|p1b: Incineroar|90/100\n|\n|upkeep\n|turn|2\n|\n|t:|1774301962\n|switch|p1b: Miraidon|Miraidon, L50|91/100\n|-fieldstart|move: Electric Terrain|[from] ability: Hadron Engine|[of] p1b: Miraidon\n|move|p1a: Whimsicott|Encore|p2a: Lunala\n|-start|p2a: Lunala|Encore\n|move|p2a: Lunala|Meteor Beam||[still]\n|-prepare|p2a: Lunala|Meteor Beam\n|-boost|p2a: Lunala|spa|1\n|move|p2b: Indeedee|Trick Room|p2b: Indeedee\n|-fieldstart|move: Trick Room|[of] p2b: Indeedee\n|\n|upkeep\n|turn|3\n|\n|t:|1774301982\n|switch|p2b: Ursaluna|Ursaluna, L50, M|100/100\n|move|p1a: Whimsicott|Light Screen|p1a: Whimsicott\n|-sidestart|p1: isthis6thgood|move: Light Screen\n|move|p2a: Lunala|Meteor Beam|p1b: Miraidon|[from] lockedmove|[miss]\n|-miss|p2a: Lunala|p1b: Miraidon\n|move|p1b: Miraidon|Volt Switch|p2b: Ursaluna\n|-immune|p2b: Ursaluna\n|\n|-status|p2b: Ursaluna|brn|[from] item: Flame Orb\n|upkeep\n|turn|4\n|\n|t:|1774302002\n|switch|p1a: Incineroar|Incineroar, L50, M|90/100\n|-ability|p1a: Incineroar|Intimidate|boost\n|-unboost|p2a: Lunala|atk|1\n|-unboost|p2b: Ursaluna|atk|1\n|move|p1b: Miraidon|Protect|p1b: Miraidon\n|-singleturn|p1b: Miraidon|Protect\n|move|p2b: Ursaluna|Facade|p1b: Miraidon\n|-activate|p1b: Miraidon|move: Protect\n|move|p2a: Lunala|Meteor Beam||[still]\n|-prepare|p2a: Lunala|Meteor Beam\n|-boost|p2a: Lunala|spa|1\n|\n|-damage|p2b: Ursaluna|95/100 brn|[from] brn\n|-end|p2a: Lunala|Encore\n|upkeep\n|turn|5\n|\n|t:|1774302022\n|switch|p1b: Whimsicott|Whimsicott, L50, F|32/100\n|-terastallize|p1a: Incineroar|Bug\n|move|p2b: Ursaluna|Protect|p2b: Ursaluna\n|-singleturn|p2b: Ursaluna|Protect\n|move|p1a: Incineroar|Knock Off|p2a: Lunala\n|-supereffective|p2a: Lunala\n|-damage|p2a: Lunala|55/100\n|move|p2a: Lunala|Meteor Beam|p1b: Whimsicott|[from] lockedmove\n|-damage|p1b: Whimsicott|0 fnt\n|faint|p1b: Whimsicott\n|\n|-damage|p2b: Ursaluna|89/100 brn|[from] brn\n|upkeep\n|\n|t:|1774302040\n|switch|p1b: Miraidon|Miraidon, L50|91/100\n|-activate|p1b: Miraidon|ability: Hadron Engine\n|turn|6\n|\n|t:|1774302047\n|switch|p2b: Indeedee|Indeedee-F, L50, F|50/100\n|-fieldstart|move: Psychic Terrain|[from] ability: Psychic Surge|[of] p2b: Indeedee\n|-terastallize|p2a: Lunala|Water\n|move|p1a: Incineroar|Knock Off|p2a: Lunala\n|-damage|p2a: Lunala|32/100\n|move|p2a: Lunala|Expanding Force|p1b: Miraidon|[spread] p1a,p1b\n|-damage|p1a: Incineroar|15/100\n|-damage|p1b: Miraidon|0 fnt\n|faint|p1b: Miraidon\n|\n|-fieldend|move: Trick Room\n|upkeep\n|\n|t:|1774302061\n|switch|p1b: Lunala|Lunala, L50|100/100\n|turn|7\n|\n|t:|1774302072\n|move|p2b: Indeedee|Follow Me|p2b: Indeedee\n|-singleturn|p2b: Indeedee|move: Follow Me\n|move|p2a: Lunala|Expanding Force|p1a: Incineroar|[spread] p1a,p1b\n|-resisted|p1b: Lunala\n|-damage|p1a: Incineroar|0 fnt\n|-damage|p1b: Lunala|81/100\n|faint|p1a: Incineroar\n|move|p1b: Lunala|Moongeist Beam|p2b: Indeedee\n|-immune|p2b: Indeedee\n|\n|-sideend|p1: isthis6thgood|move: Light Screen\n|upkeep\n|turn|8\n|-message|isthis6thgood forfeited.\n|\n|win|terafireflareblitz\n|raw|isthis6thgood's rating: 1406 &rarr; <strong>1395</strong><br />(-11 for losing)\n|raw|terafireflareblitz's rating: 1575 &rarr; <strong>1586</strong><br />(+11 for winning)\n","uploadtime":1774302078,"views":13,"formatid":"gen9vgc2026regi","rating":1395,"private":0,"password":null}