{"id":"gen9vgc2026regi-2536537239","format":"[Gen 9] VGC 2026 Reg I","players":["Colonelsquid","fogdocker"],"log":"|j|\u2606Colonelsquid\n|j|\u2606fogdocker\n|t:|1770701462\n|gametype|doubles\n|player|p1|Colonelsquid|101|1517\n|player|p2|fogdocker|265|1493\n|gen|9\n|tier|[Gen 9] VGC 2026 Reg I\n|rated|\n|rule|Species Clause: Limit one of each Pok\u00e9mon\n|rule|Item Clause: Limit 1 of each item\n|clearpoke\n|poke|p1|Smeargle, L50, M|\n|poke|p1|Calyrex-Ice, L50|\n|poke|p1|Lunala, L50|\n|poke|p1|Indeedee-F, L50, F|\n|poke|p1|Raging Bolt, L50|\n|poke|p1|Urshifu-*, L50, M|\n|poke|p2|Calyrex-Ice, L50|\n|poke|p2|Koraidon, L50|\n|poke|p2|Flutter Mane, L50|\n|poke|p2|Incineroar, L50, F|\n|poke|p2|Rillaboom, L50, F|\n|poke|p2|Volcarona, L50, F|\n|teampreview|4\n|inactive|Battle timer is ON: inactive players will automatically lose when time's up. (requested by Colonelsquid)\n|inactive|fogdocker has 60 seconds left.\n|j| royaltheos\n|\n|t:|1770701503\n|teamsize|p1|4\n|teamsize|p2|4\n|start\n|switch|p1a: Lunala|Lunala, L50|100/100\n|switch|p1b: Indeedee|Indeedee-F, L50, F|100/100\n|switch|p2a: Koraidon|Koraidon, L50|100/100\n|switch|p2b: Incineroar|Incineroar, L50, F|100/100\n|-weather|SunnyDay|[from] ability: Orichalcum Pulse|[of] p2a: Koraidon\n|-activate|p2a: Koraidon|Orichalcum Pulse|[source]\n|-fieldstart|move: Psychic Terrain|[from] ability: Psychic Surge|[of] p1b: Indeedee\n|-ability|p2b: Incineroar|Intimidate|boost\n|-unboost|p1a: Lunala|atk|1\n|-unboost|p1b: Indeedee|atk|1\n|turn|1\n|inactive|Colonelsquid has 30 seconds left.\n|\n|t:|1770701533\n|switch|p2b: Rillaboom|Rillaboom, L50, F|100/100\n|-fieldstart|move: Grassy Terrain|[from] ability: Grassy Surge|[of] p2b: Rillaboom\n|-terastallize|p1a: Lunala|Water\n|move|p2a: Koraidon|Protect|p2a: Koraidon\n|-singleturn|p2a: Koraidon|Protect\n|move|p1a: Lunala|Meteor Beam||[still]\n|-prepare|p1a: Lunala|Meteor Beam\n|-boost|p1a: Lunala|spa|1\n|-enditem|p1a: Lunala|Power Herb\n|-anim|p1a: Lunala|Meteor Beam|p2b: Rillaboom\n|-damage|p2b: Rillaboom|59/100\n|move|p1b: Indeedee|Psychic|p2a: Koraidon\n|-activate|p2a: Koraidon|move: Protect\n|\n|-weather|SunnyDay|[upkeep]\n|-heal|p2b: Rillaboom|65/100|[from] Grassy Terrain\n|upkeep\n|turn|2\n|inactive|fogdocker has 30 seconds left.\n|inactive|Colonelsquid has 30 seconds left.\n|inactive|fogdocker has 20 seconds left.\n|\n|t:|1770701575\n|-terastallize|p2a: Koraidon|Fire\n|move|p2b: Rillaboom|Fake Out|p1a: Lunala\n|-crit|p1a: Lunala\n|-damage|p1a: Lunala|93/100\n|move|p2a: Koraidon|Flare Blitz|p1b: Indeedee\n|-damage|p1b: Indeedee|0 fnt\n|faint|p1b: Indeedee\n|-damage|p2a: Koraidon|67/100|[from] Recoil\n|-damage|p2a: Koraidon|58/100|[from] item: Life Orb\n|cant|p1a: Lunala|flinch\n|\n|-weather|SunnyDay|[upkeep]\n|-heal|p2a: Koraidon|63/100|[from] Grassy Terrain\n|-heal|p1a: Lunala|99/100|[from] Grassy Terrain\n|-heal|p2b: Rillaboom|71/100|[from] Grassy Terrain\n|upkeep\n|\n|t:|1770701590\n|switch|p1b: Smeargle|Smeargle, L50, M|100/100\n|turn|3\n|\n|t:|1770701606\n|switch|p2a: Incineroar|Incineroar, L50, F|100/100\n|-ability|p2a: Incineroar|Intimidate|boost\n|-unboost|p1a: Lunala|atk|1\n|-unboost|p1b: Smeargle|atk|1\n|move|p1b: Smeargle|Spore|p2a: Incineroar\n|-activate|p2a: Incineroar|item: Safety Goggles|Spore\n|move|p2b: Rillaboom|Wood Hammer|p1a: Lunala\n|-supereffective|p1a: Lunala\n|-damage|p1a: Lunala|0 fnt\n|faint|p1a: Lunala\n|-damage|p2b: Rillaboom|34/100|[from] Recoil\n|\n|-weather|SunnyDay|[upkeep]\n|-heal|p2b: Rillaboom|40/100|[from] Grassy Terrain\n|-ability|p1b: Smeargle|Moody|boost\n|-boost|p1b: Smeargle|atk|2\n|-unboost|p1b: Smeargle|spa|1\n|upkeep\n|\n|t:|1770701616\n|switch|p1a: Calyrex|Calyrex-Ice, L50|100/100\n|-ability|p1a: Calyrex|As One\n|-ability|p1a: Calyrex|Unnerve\n|turn|4\n|\n|t:|1770701624\n|move|p2a: Incineroar|Fake Out|p1a: Calyrex\n|-damage|p1a: Calyrex|94/100\n|move|p1b: Smeargle|Decorate|p1a: Calyrex\n|-boost|p1a: Calyrex|atk|2\n|-boost|p1a: Calyrex|spa|2\n|move|p2b: Rillaboom|U-turn|p1b: Smeargle\n|-damage|p1b: Smeargle|42/100\n|\n|t:|1770701638\n|switch|p2b: Koraidon|Koraidon, L50, tera:Fire|63/100|[from] U-turn\n|-activate|p2b: Koraidon|ability: Orichalcum Pulse\n|cant|p1a: Calyrex|flinch\n|\n|-weather|SunnyDay|[upkeep]\n|-heal|p2b: Koraidon|69/100|[from] Grassy Terrain\n|-heal|p1b: Smeargle|49/100|[from] Grassy Terrain\n|-heal|p1a: Calyrex|99/100|[from] Grassy Terrain\n|-ability|p1b: Smeargle|Moody|boost\n|-boost|p1b: Smeargle|spa|2\n|-unboost|p1b: Smeargle|def|1\n|upkeep\n|turn|5\n|j| amcooked\n|\n|t:|1770701646\n|move|p1b: Smeargle|Follow Me|p1b: Smeargle\n|-singleturn|p1b: Smeargle|move: Follow Me\n|move|p2b: Koraidon|Flare Blitz|p1b: Smeargle\n|-damage|p1b: Smeargle|0 fnt\n|faint|p1b: Smeargle\n|-damage|p2b: Koraidon|54/100|[from] Recoil\n|-damage|p2b: Koraidon|44/100|[from] item: Life Orb\n|move|p2a: Incineroar|Flare Blitz|p1a: Calyrex\n|-supereffective|p1a: Calyrex\n|-damage|p1a: Calyrex|16/100\n|-damage|p2a: Incineroar|72/100|[from] Recoil\n|move|p1a: Calyrex|Trick Room|p1a: Calyrex\n|-fieldstart|move: Trick Room|[of] p1a: Calyrex\n|\n|-weather|none\n|-heal|p1a: Calyrex|22/100|[from] Grassy Terrain\n|-heal|p2a: Incineroar|78/100|[from] Grassy Terrain\n|-heal|p2b: Koraidon|50/100|[from] Grassy Terrain\n|-fieldend|move: Grassy Terrain\n|upkeep\n|turn|6\n|\n|t:|1770701665\n|move|p1a: Calyrex|Glacial Lance|p2b: Koraidon|[spread] p2a,p2b\n|-resisted|p2a: Incineroar\n|-resisted|p2b: Koraidon\n|-damage|p2a: Incineroar|32/100\n|-damage|p2b: Koraidon|0 fnt\n|faint|p2b: Koraidon\n|-ability|p1a: Calyrex|Chilling Neigh|boost\n|-boost|p1a: Calyrex|atk|1\n|move|p2a: Incineroar|Flare Blitz|p1a: Calyrex\n|-supereffective|p1a: Calyrex\n|-damage|p1a: Calyrex|0 fnt\n|faint|p1a: Calyrex\n|-damage|p2a: Incineroar|25/100|[from] Recoil\n|\n|win|fogdocker\n|raw|Colonelsquid's rating: 1517 &rarr; <strong>1496</strong><br />(-21 for losing)\n|raw|fogdocker's rating: 1493 &rarr; <strong>1514</strong><br />(+21 for winning)\n|l|\u2606Colonelsquid\n|player|p1|\n|l| royaltheos\n|j| royaltheos\n|l| royaltheos\n|l|\u2606fogdocker\n|player|p2|\n","uploadtime":1770701669,"views":18,"formatid":"gen9vgc2026regi","rating":1496,"private":0,"password":null}