{"id":"gen9vgc2026regi-2576792663","format":"[Gen 9] VGC 2026 Reg I","players":["Dingus_135","SycrasisEU"],"log":"|j|\u2606Dingus_135\n|j|\u2606SycrasisEU\n|t:|1775506112\n|gametype|doubles\n|player|p1|Dingus_135|cheren|1097\n|player|p2|SycrasisEU|backpacker|1182\n|gen|9\n|tier|[Gen 9] VGC 2026 Reg I\n|rated|\n|rule|Species Clause: Limit one of each Pok\u00e9mon\n|rule|Item Clause: Limit 1 of each item\n|clearpoke\n|poke|p1|Tornadus, L50, M|\n|poke|p1|Dondozo, L50, M|\n|poke|p1|Urshifu-*, L50, M|\n|poke|p1|Amoonguss, L50, M|\n|poke|p1|Calyrex-Shadow, L50|\n|poke|p1|Sandy Shocks, L50|\n|poke|p2|Koraidon, L50|\n|poke|p2|Miraidon, L50|\n|poke|p2|Raichu-Alola, L50, F|\n|poke|p2|Incineroar, L50, F|\n|poke|p2|Venusaur, L50, M|\n|poke|p2|Clefairy, L50, M|\n|teampreview|4\n|inactive|Battle timer is ON: inactive players will automatically lose when time's up. (requested by SycrasisEU)\n|\n|t:|1775506137\n|teamsize|p1|4\n|teamsize|p2|4\n|start\n|switch|p1a: Tornadus|Tornadus, L50, M|100/100\n|switch|p1b: Urshifu|Urshifu-Rapid-Strike, L50, M|100/100\n|switch|p2a: Miraidon|Miraidon, L50|100/100\n|switch|p2b: Raichu|Raichu-Alola, L50, F|100/100\n|-fieldstart|move: Electric Terrain|[from] ability: Hadron Engine|[of] p2a: Miraidon\n|turn|1\n|inactive|Dingus_135 has 30 seconds left.\n|inactive|SycrasisEU has 30 seconds left.\n|\n|t:|1775506167\n|switch|p1b: Amoonguss|Amoonguss, L50, M|100/100\n|-terastallize|p1a: Tornadus|Ground\n|move|p1a: Tornadus|Tailwind|p1a: Tornadus\n|-sidestart|p1: Dingus_135|move: Tailwind\n|move|p2b: Raichu|Electroweb|p1a: Tornadus|[spread] p1b\n|-immune|p1a: Tornadus\n|-resisted|p1b: Amoonguss\n|-damage|p1b: Amoonguss|92/100\n|-unboost|p1b: Amoonguss|spe|1\n|move|p2a: Miraidon|Volt Switch|p1b: Amoonguss\n|-resisted|p1b: Amoonguss\n|-damage|p1b: Amoonguss|56/100\n|\n|t:|1775506185\n|switch|p2a: Venusaur|Venusaur, L50, M|100/100|[from] Volt Switch\n|\n|upkeep\n|turn|2\n|\n|t:|1775506198\n|switch|p2b: Koraidon|Koraidon, L50, shiny|100/100\n|-weather|SunnyDay|[from] ability: Orichalcum Pulse|[of] p2b: Koraidon\n|-activate|p2b: Koraidon|Orichalcum Pulse|[source]\n|move|p1a: Tornadus|Bleakwind Storm|p2a: Venusaur|[spread] p2a\n|-miss|p1a: Tornadus|p2b: Koraidon\n|-supereffective|p2a: Venusaur\n|-damage|p2a: Venusaur|14/100\n|-unboost|p2a: Venusaur|spe|1\n|move|p2a: Venusaur|Solar Beam||[still]\n|-prepare|p2a: Venusaur|Solar Beam\n|-anim|p2a: Venusaur|Solar Beam|p1a: Tornadus\n|-supereffective|p1a: Tornadus\n|-damage|p1a: Tornadus|0 fnt\n|faint|p1a: Tornadus\n|-damage|p2a: Venusaur|4/100|[from] item: Life Orb\n|move|p1b: Amoonguss|Spore|p2b: Koraidon\n|-activate|p2b: Koraidon|move: Electric Terrain\n|\n|-weather|SunnyDay|[upkeep]\n|upkeep\n|inactive|Dingus_135 has 30 seconds left.\n|\n|t:|1775506225\n|switch|p1a: Calyrex|Calyrex-Shadow, L50|100/100\n|-ability|p1a: Calyrex|As One\n|-ability|p1a: Calyrex|Unnerve\n|turn|3\n|\n|t:|1775506236\n|-terastallize|p2b: Koraidon|Fire\n|move|p2a: Venusaur|Protect|p2a: Venusaur\n|-singleturn|p2a: Venusaur|Protect\n|move|p1b: Amoonguss|Rage Powder|p1b: Amoonguss\n|-singleturn|p1b: Amoonguss|move: Rage Powder\n|move|p1a: Calyrex|Astral Barrage|p2b: Koraidon|[spread] p2b\n|-activate|p2a: Venusaur|move: Protect\n|-damage|p2b: Koraidon|38/100\n|move|p2b: Koraidon|Flame Charge|p1b: Amoonguss\n|-supereffective|p1b: Amoonguss\n|-damage|p1b: Amoonguss|0 fnt\n|-boost|p2b: Koraidon|spe|1\n|-damage|p2b: Koraidon|22/100|[from] item: Rocky Helmet|[of] p1b: Amoonguss\n|faint|p1b: Amoonguss\n|\n|-weather|SunnyDay|[upkeep]\n|upkeep\n|\n|t:|1775506252\n|switch|p1b: Urshifu|Urshifu-Rapid-Strike, L50, M|100/100\n|turn|4\n|inactive|Dingus_135 has 30 seconds left.\n|inactive|Dingus_135 has 20 seconds left.\n|\n|t:|1775506287\n|move|p2b: Koraidon|Protect|p2b: Koraidon\n|-singleturn|p2b: Koraidon|Protect\n|move|p1b: Urshifu|Aqua Jet|p2b: Koraidon\n|-supereffective|p2b: Koraidon\n|-damage|p2b: Koraidon|0 fnt\n|faint|p2b: Koraidon\n|move|p1a: Calyrex|Astral Barrage|p2a: Venusaur\n|-damage|p2a: Venusaur|0 fnt\n|faint|p2a: Venusaur\n|-ability|p1a: Calyrex|Grim Neigh|boost\n|-boost|p1a: Calyrex|spa|1\n|\n|-weather|SunnyDay|[upkeep]\n|-sideend|p1: Dingus_135|move: Tailwind\n|upkeep\n|\n|t:|1775506295\n|switch|p2b: Raichu|Raichu-Alola, L50, F|100/100\n|switch|p2a: Miraidon|Miraidon, L50|100/100\n|-activate|p2a: Miraidon|ability: Hadron Engine\n|turn|5\n|\n|t:|1775506310\n|move|p1b: Urshifu|Aqua Jet|p2a: Miraidon\n|-resisted|p2a: Miraidon\n|-damage|p2a: Miraidon|92/100\n|move|p2b: Raichu|Electroweb|p1b: Urshifu|[spread] p1a,p1b\n|-supereffective|p1b: Urshifu\n|-damage|p1a: Calyrex|76/100\n|-damage|p1b: Urshifu|28/100\n|-unboost|p1a: Calyrex|spe|1\n|-unboost|p1b: Urshifu|spe|1\n|move|p2a: Miraidon|Electro Drift|p1a: Calyrex\n|-damage|p1a: Calyrex|0 fnt\n|faint|p1a: Calyrex\n|\n|-weather|SunnyDay|[upkeep]\n|-fieldend|move: Electric Terrain\n|upkeep\n|turn|6\n|-message|Dingus_135 forfeited.\n|\n|win|SycrasisEU\n|raw|Dingus_135's rating: 1097 &rarr; <strong>1078</strong><br />(-19 for losing)\n|raw|SycrasisEU's rating: 1182 &rarr; <strong>1201</strong><br />(+19 for winning)\n|l|\u2606Dingus_135\n|player|p1|\n|l|\u2606SycrasisEU\n|player|p2|\n","uploadtime":1775506579,"views":10,"formatid":"gen9vgc2026regi","rating":1078,"private":0,"password":null}