{"id":"gen9vgc2026regi-2564343245","format":"[Gen 9] VGC 2026 Reg I","players":["momirene","Luxerna"],"log":"|j|\u2606momirene\n|j|\u2606Luxerna\n|t:|1774134709\n|gametype|doubles\n|player|p1|momirene|lady-gen4|\n|player|p2|Luxerna|dawn-gen4pt|\n|gen|9\n|tier|[Gen 9] VGC 2026 Reg I\n|rated|Tournament battle\n|rule|Species Clause: Limit one of each Pok\u00e9mon\n|rule|Item Clause: Limit 1 of each item\n|raw|<div class=\"infobox\"><details class=\"readmore\" open><summary><strong>3 custom rules:</strong></summary> Open Team Sheets, Force Open Team Sheets, !Open Team Sheets</details></div>\n|clearpoke\n|poke|p1|Miraidon, L50|\n|poke|p1|Calyrex-Ice, L50|\n|poke|p1|Grimmsnarl, L50, M|\n|poke|p1|Incineroar, L50, F|\n|poke|p1|Annihilape, L50, F|\n|poke|p1|Ditto, L50|\n|poke|p2|Iron Jugulis, L50|\n|poke|p2|Kyogre, L50|\n|poke|p2|Zacian-*, L50|\n|poke|p2|Rillaboom, L50, F|\n|poke|p2|Landorus, L50, M|\n|poke|p2|Urshifu-*, L50, M|\n|teampreview|4\n|showteam|p1|Miraidon||AssaultVest|HadronEngine|ElectroDrift,DracoMeteor,VoltSwitch,Snarl||||||50|,,,,,Electric]Calyrex-Ice||Leftovers|AsOneGlastrier|Protect,GlacialLance,LeechSeed,TrickRoom||||||50|,,,,,Fire]Grimmsnarl||LightClay|Prankster|SpiritBreak,ThunderWave,Reflect,LightScreen|||M|||50|,,,,,Ghost]Incineroar||RockyHelmet|Intimidate|KnockOff,PartingShot,FakeOut,Taunt|||F|||50|,,,,,Grass]Annihilape||ChoiceScarf|Defiant|CloseCombat,ShadowClaw,FinalGambit,Uturn|||F|||50|,,,,,Ground]Ditto||FocusSash|Imposter|Transform||||||50|,,,,,Ghost\n|showteam|p2|Iron Jugulis||BoosterEnergy|QuarkDrive|Protect,Snarl,Tailwind,Hurricane||||||50|,,,,,Steel]Kyogre||MysticWater|Drizzle|Protect,OriginPulse,HydroPump,WaterSpout||||||50|,,,,,Grass]Zacian-Crowned||RustedSword|IntrepidSword|Protect,behemothblade,SacredSword,PlayRough||||||50|,,,,,Fighting]Rillaboom||AssaultVest|GrassySurge|FakeOut,GrassyGlide,HighHorsepower,WoodHammer|||F|||50|,,,,,Fire]Landorus||LifeOrb|SheerForce|Protect,SandsearStorm,EarthPower,SludgeBomb|||M|||50|,,,,,Water]Urshifu||ChoiceBand|UnseenFist|SuckerPunch,CloseCombat,PoisonJab,WickedBlow|||M|||50|,,,,,Poison\n|inactive|Battle timer is ON: inactive players will automatically lose when time's up. (requested by momirene)\n|\n|t:|1774134730\n|teamsize|p1|4\n|teamsize|p2|4\n|start\n|switch|p1a: Calyrex|Calyrex-Ice, L50|100/100\n|switch|p1b: Grimmsnarl|Grimmsnarl, L50, M|100/100\n|switch|p2a: Iron Jugulis|Iron Jugulis, L50|100/100\n|switch|p2b: Kyogre|Kyogre, L50|100/100\n|-ability|p1a: Calyrex|As One\n|-ability|p1a: Calyrex|Unnerve\n|-weather|RainDance|[from] ability: Drizzle|[of] p2b: Kyogre\n|-enditem|p2a: Iron Jugulis|Booster Energy\n|-activate|p2a: Iron Jugulis|ability: Quark Drive|[fromitem]\n|-start|p2a: Iron Jugulis|quarkdrivespe\n|turn|1\n|j| vcecringe\n|j| Midladder Crisis\n|\n|t:|1774134749\n|-terastallize|p2a: Iron Jugulis|Steel\n|move|p1b: Grimmsnarl|Light Screen|p1b: Grimmsnarl\n|-sidestart|p1: momirene|move: Light Screen\n|move|p2a: Iron Jugulis|Snarl|p1b: Grimmsnarl|[spread] p1a,p1b\n|-supereffective|p1a: Calyrex\n|-resisted|p1b: Grimmsnarl\n|-damage|p1a: Calyrex|86/100\n|-damage|p1b: Grimmsnarl|98/100\n|-unboost|p1a: Calyrex|spa|1\n|-unboost|p1b: Grimmsnarl|spa|1\n|move|p2b: Kyogre|Origin Pulse|p1b: Grimmsnarl|[spread] p1a,p1b\n|-damage|p1a: Calyrex|51/100\n|-damage|p1b: Grimmsnarl|32/100\n|move|p1a: Calyrex|Trick Room|p1a: Calyrex\n|-fieldstart|move: Trick Room|[of] p1a: Calyrex\n|\n|-weather|RainDance|[upkeep]\n|-heal|p1a: Calyrex|57/100|[from] item: Leftovers\n|upkeep\n|turn|2\n|\n|t:|1774134768\n|move|p1a: Calyrex|Protect|p1a: Calyrex\n|-singleturn|p1a: Calyrex|Protect\n|move|p1b: Grimmsnarl|Thunder Wave|p2b: Kyogre\n|-status|p2b: Kyogre|par\n|move|p2b: Kyogre|Water Spout|p1b: Grimmsnarl|[spread] p1b\n|-activate|p1a: Calyrex|move: Protect\n|-damage|p1b: Grimmsnarl|0 fnt\n|faint|p1b: Grimmsnarl\n|move|p2a: Iron Jugulis|Snarl|p1a: Calyrex\n|-activate|p1a: Calyrex|move: Protect\n|\n|-weather|RainDance|[upkeep]\n|-heal|p1a: Calyrex|63/100|[from] item: Leftovers\n|upkeep\n|\n|t:|1774134780\n|switch|p1b: Miraidon|Miraidon, L50|100/100\n|-fieldstart|move: Electric Terrain|[from] ability: Hadron Engine|[of] p1b: Miraidon\n|turn|3\n|l| Midladder Crisis\n|\n|t:|1774134799\n|cant|p2b: Kyogre|par\n|move|p1a: Calyrex|Leech Seed|p2a: Iron Jugulis\n|-start|p2a: Iron Jugulis|move: Leech Seed\n|move|p1b: Miraidon|Snarl|p2b: Kyogre|[spread] p2a,p2b\n|-damage|p2a: Iron Jugulis|74/100\n|-damage|p2b: Kyogre|85/100 par\n|-unboost|p2a: Iron Jugulis|spa|1\n|-unboost|p2b: Kyogre|spa|1\n|move|p2a: Iron Jugulis|Snarl|p1a: Calyrex|[spread] p1a,p1b\n|-supereffective|p1a: Calyrex\n|-damage|p1a: Calyrex|55/100\n|-damage|p1b: Miraidon|96/100\n|-unboost|p1a: Calyrex|spa|1\n|-unboost|p1b: Miraidon|spa|1\n|\n|-weather|RainDance|[upkeep]\n|-heal|p1a: Calyrex|60/100|[from] item: Leftovers\n|-damage|p2a: Iron Jugulis|62/100|[from] Leech Seed|[of] p1a: Calyrex\n|-heal|p1a: Calyrex|72/100|[silent]\n|upkeep\n|turn|4\n|\n|t:|1774134820\n|-end|p2a: Iron Jugulis|Quark Drive|[silent]\n|switch|p2a: Zacian|Zacian-Crowned, L50|100/100\n|-ability|p2a: Zacian|Intrepid Sword|boost\n|-boost|p2a: Zacian|atk|1\n|move|p2b: Kyogre|Water Spout|p1b: Miraidon|[spread] p1a,p1b\n|-resisted|p1b: Miraidon\n|-damage|p1a: Calyrex|43/100\n|-damage|p1b: Miraidon|83/100\n|move|p1a: Calyrex|Glacial Lance|p2b: Kyogre|[spread] p2a,p2b\n|-resisted|p2a: Zacian\n|-resisted|p2b: Kyogre\n|-damage|p2a: Zacian|76/100\n|-damage|p2b: Kyogre|60/100 par\n|move|p1b: Miraidon|Electro Drift|p2b: Kyogre\n|-supereffective|p2b: Kyogre\n|-damage|p2b: Kyogre|0 fnt\n|faint|p2b: Kyogre\n|\n|-weather|RainDance|[upkeep]\n|-heal|p1a: Calyrex|48/100|[from] item: Leftovers\n|upkeep\n|j| pfeitosa\n|\n|t:|1774134829\n|switch|p2b: Rillaboom|Rillaboom, L50, F|100/100\n|-fieldstart|move: Grassy Terrain|[from] ability: Grassy Surge|[of] p2b: Rillaboom\n|turn|5\n|l| pfeitosa\n|\n|t:|1774134840\n|-terastallize|p1b: Miraidon|Electric\n|move|p2b: Rillaboom|Fake Out|p1a: Calyrex\n|-damage|p1a: Calyrex|40/100\n|cant|p1a: Calyrex|flinch\n|move|p1b: Miraidon|Electro Drift|p2a: Zacian\n|-crit|p2a: Zacian\n|-damage|p2a: Zacian|0 fnt\n|faint|p2a: Zacian\n|\n|-weather|none\n|-heal|p1a: Calyrex|45/100|[from] Grassy Terrain\n|-heal|p1a: Calyrex|51/100|[from] item: Leftovers\n|-heal|p1b: Miraidon|89/100|[from] Grassy Terrain\n|-fieldend|move: Trick Room\n|upkeep\n|\n|t:|1774134851\n|switch|p2a: Iron Jugulis|Iron Jugulis, L50, tera:Steel|62/100\n|turn|6\n|c|\u2606Luxerna|CRIT\n|c|\u2606Luxerna|oh lord\n|\n|t:|1774134859\n|move|p2a: Iron Jugulis|Snarl|p1b: Miraidon|[spread] p1a,p1b\n|-supereffective|p1a: Calyrex\n|-damage|p1a: Calyrex|36/100\n|-damage|p1b: Miraidon|84/100\n|-unboost|p1a: Calyrex|spa|1\n|-unboost|p1b: Miraidon|spa|1\n|move|p1b: Miraidon|Electro Drift|p2a: Iron Jugulis\n|-damage|p2a: Iron Jugulis|19/100\n|move|p2b: Rillaboom|High Horsepower|p1b: Miraidon\n|-supereffective|p1b: Miraidon\n|-damage|p1b: Miraidon|29/100\n|move|p1a: Calyrex|Glacial Lance|p2a: Iron Jugulis|[spread] p2a,p2b\n|-resisted|p2a: Iron Jugulis\n|-supereffective|p2b: Rillaboom\n|-damage|p2a: Iron Jugulis|0 fnt\n|-damage|p2b: Rillaboom|0 fnt\n|faint|p2a: Iron Jugulis\n|-end|p2a: Iron Jugulis|Quark Drive|[silent]\n|faint|p2b: Rillaboom\n|\n|win|momirene\n|n|\u2606momirene|momirene\n|n|\u2606Luxerna|luxerna\n|n| vcecringe|vcecringe\n|c|\u2606Luxerna|only way to lose\n|l|\u2606Luxerna\n|player|p2|\n|c|\u2606momirene|sure\n|l|\u2606momirene\n|player|p1|\n|j| aurora ltd\n","uploadtime":1774135102,"views":11,"formatid":"gen9vgc2026regi","rating":null,"private":0,"password":null}