{"id":"gen9vgc2026regi-2551198294","format":"[Gen 9] VGC 2026 Reg I","players":["simple_maple","lpve"],"log":"|j|\u2606simple_maple\n|j|\u2606lpve\n|t:|1772573543\n|gametype|doubles\n|player|p1|simple_maple|roxie|1229\n|player|p2|lpve|102|1238\n|gen|9\n|tier|[Gen 9] VGC 2026 Reg I\n|rated|\n|rule|Species Clause: Limit one of each Pok\u00e9mon\n|rule|Item Clause: Limit 1 of each item\n|clearpoke\n|poke|p1|Palkia-Origin, L50|\n|poke|p1|Chi-Yu, L50|\n|poke|p1|Ursaluna, L50, M|\n|poke|p1|Miraidon, L50|\n|poke|p1|Tornadus, L50, M|\n|poke|p1|Bastiodon, L50, M|\n|poke|p2|Kyogre, L50|\n|poke|p2|Tornadus, L50, M|\n|poke|p2|Rillaboom, L50, M|\n|poke|p2|Incineroar, L50, M|\n|poke|p2|Raging Bolt, L50|\n|poke|p2|Calyrex-Shadow, L50|\n|teampreview|4\n|inactive|Battle timer is ON: inactive players will automatically lose when time's up. (requested by simple_maple)\n|\n|t:|1772573568\n|teamsize|p1|4\n|teamsize|p2|4\n|start\n|switch|p1a: Bastiodon|Bastiodon, L50, M|100/100\n|switch|p1b: Palkia|Palkia-Origin, L50|100/100\n|switch|p2a: Calyrex|Calyrex-Shadow, L50|100/100\n|switch|p2b: Rillaboom|Rillaboom, L50, M|100/100\n|-ability|p2a: Calyrex|As One\n|-ability|p2a: Calyrex|Unnerve\n|-fieldstart|move: Grassy Terrain|[from] ability: Grassy Surge|[of] p2b: Rillaboom\n|turn|1\n|\n|t:|1772573591\n|move|p1b: Palkia|Protect|p1b: Palkia\n|-singleturn|p1b: Palkia|Protect\n|move|p2b: Rillaboom|Fake Out|p1b: Palkia\n|-activate|p1b: Palkia|move: Protect\n|move|p2a: Calyrex|Nasty Plot|p2a: Calyrex\n|-boost|p2a: Calyrex|spa|2\n|move|p1a: Bastiodon|Foul Play|p2a: Calyrex\n|-supereffective|p2a: Calyrex\n|-damage|p2a: Calyrex|30/100\n|\n|-heal|p2a: Calyrex|35/100|[from] Grassy Terrain\n|upkeep\n|turn|2\n|\n|t:|1772573606\n|move|p1a: Bastiodon|Wide Guard|p1a: Bastiodon\n|-singleturn|p1a: Bastiodon|Wide Guard\n|move|p2a: Calyrex|Psychic|p1b: Palkia\n|-damage|p1b: Palkia|2/100\n|move|p1b: Palkia|Spacial Rend|p2a: Calyrex\n|-crit|p2a: Calyrex\n|-damage|p2a: Calyrex|0 fnt\n|faint|p2a: Calyrex\n|move|p2b: Rillaboom|Wood Hammer|p1a: Bastiodon\n|-damage|p1a: Bastiodon|59/100\n|-damage|p2b: Rillaboom|84/100|[from] item: Rocky Helmet|[of] p1a: Bastiodon\n|-damage|p2b: Rillaboom|73/100|[from] Recoil\n|\n|-heal|p1b: Palkia|8/100|[from] Grassy Terrain\n|-heal|p2b: Rillaboom|79/100|[from] Grassy Terrain\n|-heal|p1a: Bastiodon|65/100|[from] Grassy Terrain\n|upkeep\n|\n|t:|1772573615\n|switch|p2a: Kyogre|Kyogre, L50|100/100\n|-weather|RainDance|[from] ability: Drizzle|[of] p2a: Kyogre\n|turn|3\n|\n|t:|1772573633\n|move|p1b: Palkia|Protect|p1b: Palkia\n|-singleturn|p1b: Palkia|Protect\n|move|p2b: Rillaboom|Grassy Glide|p1b: Palkia\n|-activate|p1b: Palkia|move: Protect\n|move|p2a: Kyogre|Hydro Pump|p1a: Bastiodon\n|-supereffective|p1a: Bastiodon\n|-damage|p1a: Bastiodon|0 fnt\n|faint|p1a: Bastiodon\n|\n|-weather|RainDance|[upkeep]\n|-heal|p1b: Palkia|14/100|[from] Grassy Terrain\n|-heal|p2b: Rillaboom|85/100|[from] Grassy Terrain\n|upkeep\n|\n|t:|1772573644\n|switch|p1a: Miraidon|Miraidon, L50|100/100\n|-fieldstart|move: Electric Terrain|[from] ability: Hadron Engine|[of] p1a: Miraidon\n|turn|4\n|\n|t:|1772573664\n|move|p2a: Kyogre|Protect|p2a: Kyogre\n|-singleturn|p2a: Kyogre|Protect\n|move|p1a: Miraidon|Volt Switch|p2b: Rillaboom\n|-resisted|p2b: Rillaboom\n|-damage|p2b: Rillaboom|56/100\n|\n|t:|1772573671\n|switch|p1a: Ursaluna|Ursaluna, L50, M|100/100|[from] Volt Switch\n|move|p2b: Rillaboom|U-turn|p1b: Palkia\n|-damage|p1b: Palkia|0 fnt\n|faint|p1b: Palkia\n|\n|t:|1772573676\n|switch|p2b: Tornadus|Tornadus, L50, M|100/100|[from] U-turn\n|\n|-weather|RainDance|[upkeep]\n|-status|p1a: Ursaluna|brn|[from] item: Flame Orb\n|upkeep\n|\n|t:|1772573683\n|switch|p1b: Miraidon|Miraidon, L50|100/100\n|-activate|p1b: Miraidon|ability: Hadron Engine\n|turn|5\n|\n|t:|1772573707\n|-terastallize|p2a: Kyogre|Grass\n|move|p2b: Tornadus|Tailwind|p2b: Tornadus\n|-sidestart|p2: lpve|move: Tailwind\n|move|p2a: Kyogre|Water Spout|p1b: Miraidon|[spread] p1a,p1b\n|-supereffective|p1a: Ursaluna\n|-resisted|p1b: Miraidon\n|-damage|p1a: Ursaluna|0 fnt\n|-damage|p1b: Miraidon|43/100\n|faint|p1a: Ursaluna\n|move|p1b: Miraidon|Discharge|p2b: Tornadus|[spread] p2a,p2b\n|-resisted|p2a: Kyogre\n|-supereffective|p2b: Tornadus\n|-damage|p2a: Kyogre|69/100\n|-damage|p2b: Tornadus|0 fnt\n|faint|p2b: Tornadus\n|\n|-weather|RainDance|[upkeep]\n|upkeep\n|\n|t:|1772573717\n|switch|p2b: Rillaboom|Rillaboom, L50, M|56/100\n|-fieldstart|move: Grassy Terrain|[from] ability: Grassy Surge|[of] p2b: Rillaboom\n|turn|6\n|-message|simple_maple forfeited.\n|\n|win|lpve\n|raw|simple_maple's rating: 1229 &rarr; <strong>1205</strong><br />(-24 for losing)\n|raw|lpve's rating: 1238 &rarr; <strong>1262</strong><br />(+24 for winning)\n|l|\u2606simple_maple\n|player|p1|\n|l|\u2606lpve\n|player|p2|\n","uploadtime":1772573949,"views":15,"formatid":"gen9vgc2026regi","rating":1205,"private":0,"password":null}