{"id":"gen9vgc2026regi-2559399031","format":"[Gen 9] VGC 2026 Reg I","players":["JohnPorkXXVI","terafireflareblitz"],"log":"|j|\u2606JohnPorkXXVI\n|j|\u2606terafireflareblitz\n|t:|1773558978\n|gametype|doubles\n|player|p1|JohnPorkXXVI|ltsurge|1015\n|player|p2|terafireflareblitz|sycamore|1092\n|gen|9\n|tier|[Gen 9] VGC 2026 Reg I\n|rated|\n|rule|Species Clause: Limit one of each Pok\u00e9mon\n|rule|Item Clause: Limit 1 of each item\n|clearpoke\n|poke|p1|Zamazenta-*, L50|\n|poke|p1|Kyogre, L50|\n|poke|p1|Ogerpon-Wellspring, L50, F|\n|poke|p1|Landorus, L50, M|\n|poke|p1|Smeargle, L50, F|\n|poke|p1|Kingambit, L50, M|\n|poke|p2|Koraidon, L50|\n|poke|p2|Lunala, L50|\n|poke|p2|Indeedee-F, L50, F|\n|poke|p2|Flutter Mane, L50|\n|poke|p2|Volcarona, L50, M|\n|poke|p2|Ursaluna, L50, M|\n|teampreview|4\n|inactive|Battle timer is ON: inactive players will automatically lose when time's up. (requested by terafireflareblitz)\n|\n|t:|1773558995\n|teamsize|p1|4\n|teamsize|p2|4\n|start\n|switch|p1a: Sword Saint Isshin|Kingambit, L50, M, shiny|100/100\n|switch|p1b: Young Thug|Zamazenta-Crowned, L50, shiny|100/100\n|switch|p2a: Lunala|Lunala, L50, shiny|100/100\n|switch|p2b: Indeedee|Indeedee-F, L50, F|100/100\n|-ability|p1b: Young Thug|Dauntless Shield|boost\n|-boost|p1b: Young Thug|def|1\n|-fieldstart|move: Psychic Terrain|[from] ability: Psychic Surge|[of] p2b: Indeedee\n|turn|1\n|inactive|terafireflareblitz has 30 seconds left.\n|\n|t:|1773559027\n|switch|p2a: Volcarona|Volcarona, L50, M|100/100\n|-terastallize|p1a: Sword Saint Isshin|Stellar\n|move|p1b: Young Thug|Body Press|p2b: Indeedee\n|-damage|p2b: Indeedee|39/100\n|move|p2b: Indeedee|Alluring Voice|p1b: Young Thug\n|-damage|p1b: Young Thug|89/100\n|-start|p1b: Young Thug|confusion\n|move|p1a: Sword Saint Isshin|Kowtow Cleave|p2a: Volcarona\n|-damage|p2a: Volcarona|32/100\n|-damage|p1a: Sword Saint Isshin|84/100|[from] item: Rocky Helmet|[of] p2a: Volcarona\n|\n|upkeep\n|turn|2\n|inactive|JohnPorkXXVI has 30 seconds left.\n|\n|t:|1773559058\n|-activate|p1b: Young Thug|confusion\n|move|p1b: Young Thug|Body Press|p2b: Indeedee\n|-damage|p2b: Indeedee|0 fnt\n|faint|p2b: Indeedee\n|move|p2a: Volcarona|Will-O-Wisp|p1b: Young Thug\n|-status|p1b: Young Thug|brn\n|move|p1a: Sword Saint Isshin|Kowtow Cleave|p2a: Volcarona\n|-damage|p2a: Volcarona|0 fnt\n|-damage|p1a: Sword Saint Isshin|68/100|[from] item: Rocky Helmet|[of] p2a: Volcarona\n|faint|p2a: Volcarona\n|\n|-damage|p1b: Young Thug|82/100 brn|[from] brn\n|upkeep\n|\n|t:|1773559068\n|switch|p2a: Koraidon|Koraidon, L50, shiny|100/100\n|switch|p2b: Lunala|Lunala, L50, shiny|100/100\n|-weather|SunnyDay|[from] ability: Orichalcum Pulse|[of] p2a: Koraidon\n|-activate|p2a: Koraidon|Orichalcum Pulse|[source]\n|turn|3\n|\n|t:|1773559083\n|switch|p1b: Potential man|Smeargle, L50, F|100/100\n|move|p2a: Koraidon|Close Combat|p1a: Sword Saint Isshin\n|-supereffective|p1a: Sword Saint Isshin\n|-damage|p1a: Sword Saint Isshin|0 fnt\n|-unboost|p2a: Koraidon|def|1\n|-unboost|p2a: Koraidon|spd|1\n|faint|p1a: Sword Saint Isshin\n|-damage|p2a: Koraidon|91/100|[from] item: Life Orb\n|move|p2b: Lunala|Meteor Beam||[still]\n|-prepare|p2b: Lunala|Meteor Beam\n|-boost|p2b: Lunala|spa|1\n|-enditem|p2b: Lunala|Power Herb\n|-anim|p2b: Lunala|Meteor Beam|p1b: Potential man\n|-enditem|p1b: Potential man|Focus Sash\n|-damage|p1b: Potential man|1/100\n|\n|-weather|SunnyDay|[upkeep]\n|-ability|p1b: Potential man|Moody|boost\n|-boost|p1b: Potential man|spe|2\n|-unboost|p1b: Potential man|def|1\n|upkeep\n|\n|t:|1773559090\n|switch|p1a: Magic Hobo|Landorus, L50, M|100/100\n|turn|4\n|\n|t:|1773559099\n|move|p1b: Potential man|Follow Me|p1b: Potential man\n|-singleturn|p1b: Potential man|move: Follow Me\n|move|p2a: Koraidon|Breaking Swipe|p1b: Potential man|[spread] p1a,p1b\n|-damage|p1a: Magic Hobo|51/100\n|-damage|p1b: Potential man|0 fnt\n|-unboost|p1a: Magic Hobo|atk|1\n|faint|p1b: Potential man\n|-damage|p2a: Koraidon|81/100|[from] item: Life Orb\n|move|p1a: Magic Hobo|Sandsear Storm|p2a: Koraidon|[spread] p2a,p2b\n|-damage|p2a: Koraidon|0 fnt\n|-damage|p2b: Lunala|79/100\n|faint|p2a: Koraidon\n|move|p2b: Lunala|Expanding Force|p1a: Magic Hobo\n|-damage|p1a: Magic Hobo|0 fnt\n|faint|p1a: Magic Hobo\n|\n|-weather|SunnyDay|[upkeep]\n|upkeep\n|\n|t:|1773559112\n|switch|p1a: Young Thug|Zamazenta-Crowned, L50, shiny|82/100 brn\n|turn|5\n|\n|t:|1773559128\n|move|p1a: Young Thug|Heavy Slam|p2b: Lunala\n|-damage|p2b: Lunala|56/100\n|move|p2b: Lunala|Expanding Force|p1a: Young Thug\n|-damage|p1a: Young Thug|0 fnt\n|faint|p1a: Young Thug\n|\n|win|terafireflareblitz\n|raw|JohnPorkXXVI's rating: 1015 &rarr; <strong>1005</strong><br />(-10 for losing)\n|raw|terafireflareblitz's rating: 1092 &rarr; <strong>1112</strong><br />(+20 for winning)\n","uploadtime":1773559128,"views":11,"formatid":"gen9vgc2026regi","rating":1005,"private":0,"password":null}