{"id":"gen9vgc2026regi-2530975194","format":"[Gen 9] VGC 2026 Reg I","players":["ky123456","AstralWisp9"],"log":"|j|\u2606ky123456\n|j|\u2606AstralWisp9\n|t:|1769994395\n|gametype|doubles\n|player|p1|ky123456|cynthia-gen4|1504\n|player|p2|AstralWisp9|101|1518\n|gen|9\n|tier|[Gen 9] VGC 2026 Reg I\n|rated|\n|rule|Species Clause: Limit one of each Pok\u00e9mon\n|rule|Item Clause: Limit 1 of each item\n|clearpoke\n|poke|p1|Lunala, L50|\n|poke|p1|Torkoal, L50, M|\n|poke|p1|Urshifu-*, L50, M|\n|poke|p1|Indeedee-F, L50, F|\n|poke|p1|Calyrex-Ice, L50|\n|poke|p1|Smeargle, L50, M|\n|poke|p2|Calyrex-Ice, L50|\n|poke|p2|Lunala, L50|\n|poke|p2|Smeargle, L50, M|\n|poke|p2|Urshifu-*, L50, M|\n|poke|p2|Torkoal, L50, M|\n|poke|p2|Indeedee-F, L50, F|\n|teampreview|4\n|\n|t:|1769994439\n|teamsize|p1|4\n|teamsize|p2|4\n|start\n|switch|p1a: Lunala|Lunala, L50|100/100\n|switch|p1b: Indeedee|Indeedee-F, L50, F|100/100\n|switch|p2a: Urshifu|Urshifu, L50, M|100/100\n|switch|p2b: Lunala|Lunala, L50|100/100\n|-fieldstart|move: Psychic Terrain|[from] ability: Psychic Surge|[of] p1b: Indeedee\n|turn|1\n|\n|t:|1769994460\n|move|p1b: Indeedee|Follow Me|p1b: Indeedee\n|-singleturn|p1b: Indeedee|move: Follow Me\n|move|p2b: Lunala|Expanding Force|p1b: Indeedee|[spread] p1a,p1b\n|-resisted|p1a: Lunala\n|-resisted|p1b: Indeedee\n|-damage|p1a: Lunala|89/100\n|-damage|p1b: Indeedee|70/100\n|move|p1a: Lunala|Moongeist Beam|p2b: Lunala\n|-supereffective|p2b: Lunala\n|-damage|p2b: Lunala|27/100\n|move|p2a: Urshifu|Wicked Blow|p1b: Indeedee\n|-supereffective|p1b: Indeedee\n|-crit|p1b: Indeedee\n|-damage|p1b: Indeedee|0 fnt\n|faint|p1b: Indeedee\n|\n|upkeep\n|\n|t:|1769994478\n|switch|p1b: Urshifu|Urshifu, L50, M|100/100\n|turn|2\n|\n|t:|1769994511\n|switch|p2b: Indeedee|Indeedee-F, L50, F|100/100\n|-terastallize|p1a: Lunala|Grass\n|move|p1a: Lunala|Moongeist Beam|p2b: Indeedee\n|-immune|p2b: Indeedee\n|move|p1b: Urshifu|Close Combat|p2a: Urshifu\n|-supereffective|p2a: Urshifu\n|-damage|p2a: Urshifu|0 fnt\n|-unboost|p1b: Urshifu|def|1\n|-unboost|p1b: Urshifu|spd|1\n|faint|p2a: Urshifu\n|\n|upkeep\n|\n|t:|1769994523\n|switch|p2a: Lunala|Lunala, L50|27/100\n|turn|3\n|\n|t:|1769994558\n|switch|p1b: Calyrex|Calyrex-Ice, L50|100/100\n|-ability|p1b: Calyrex|As One\n|-ability|p1b: Calyrex|Unnerve\n|move|p2a: Lunala|Expanding Force|p1a: Lunala|[spread] p1a,p1b\n|-resisted|p1b: Calyrex\n|-damage|p1a: Lunala|43/100\n|-damage|p1b: Calyrex|80/100\n|move|p1a: Lunala|Expanding Force|p2b: Indeedee|[spread] p2a,p2b\n|-resisted|p2a: Lunala\n|-resisted|p2b: Indeedee\n|-damage|p2a: Lunala|5/100\n|-damage|p2b: Indeedee|68/100\n|move|p2b: Indeedee|Alluring Voice|p1b: Calyrex\n|-damage|p1b: Calyrex|68/100\n|\n|upkeep\n|turn|4\n|\n|t:|1769994590\n|move|p2a: Lunala|Meteor Beam||[still]\n|-prepare|p2a: Lunala|Meteor Beam\n|-boost|p2a: Lunala|spa|1\n|-enditem|p2a: Lunala|Power Herb\n|-anim|p2a: Lunala|Meteor Beam|p1b: Calyrex\n|-supereffective|p1b: Calyrex\n|-damage|p1b: Calyrex|0 fnt\n|faint|p1b: Calyrex\n|move|p1a: Lunala|Expanding Force|p2b: Indeedee|[spread] p2a,p2b\n|-resisted|p2a: Lunala\n|-resisted|p2b: Indeedee\n|-damage|p2a: Lunala|0 fnt\n|-damage|p2b: Indeedee|37/100\n|faint|p2a: Lunala\n|move|p2b: Indeedee|Trick Room|p2b: Indeedee\n|-fieldstart|move: Trick Room|[of] p2b: Indeedee\n|\n|upkeep\n|\n|t:|1769994601\n|switch|p1b: Urshifu|Urshifu, L50, M|100/100\n|switch|p2a: Calyrex|Calyrex-Ice, L50|100/100\n|-ability|p2a: Calyrex|As One\n|-ability|p2a: Calyrex|Unnerve\n|turn|5\n|\n|t:|1769994627\n|-terastallize|p2b: Indeedee|Fairy\n|move|p2a: Calyrex|Glacial Lance|p1b: Urshifu|[spread] p1a,p1b\n|-supereffective|p1a: Lunala\n|-damage|p1a: Lunala|0 fnt\n|-damage|p1b: Urshifu|51/100\n|faint|p1a: Lunala\n|-ability|p2a: Calyrex|Chilling Neigh|boost\n|-boost|p2a: Calyrex|atk|1\n|move|p2b: Indeedee|Alluring Voice|p1b: Urshifu\n|-supereffective|p1b: Urshifu\n|-damage|p1b: Urshifu|0 fnt\n|faint|p1b: Urshifu\n|\n|win|AstralWisp9\n|raw|ky123456's rating: 1504 &rarr; <strong>1485</strong><br />(-19 for losing)\n|raw|AstralWisp9's rating: 1518 &rarr; <strong>1537</strong><br />(+19 for winning)\n|l|\u2606AstralWisp9\n|player|p2|\n|l|\u2606ky123456\n|player|p1|\n","uploadtime":1769994847,"views":22,"formatid":"gen9vgc2026regi","rating":1485,"private":0,"password":null}