{"id":"gen9vgc2026regi-2570094041","format":"[Gen 9] VGC 2026 Reg I","players":["fallacy277","BenniOVYalt"],"log":"|j|\u2606fallacy277\n|j|\u2606BenniOVYalt\n|t:|1774769172\n|gametype|doubles\n|player|p1|fallacy277|102|1414\n|player|p2|BenniOVYalt|psychic-gen4|1400\n|gen|9\n|tier|[Gen 9] VGC 2026 Reg I\n|rated|\n|rule|Species Clause: Limit one of each Pok\u00e9mon\n|rule|Item Clause: Limit 1 of each item\n|clearpoke\n|poke|p1|Groudon, L50|\n|poke|p1|Calyrex-Ice, L50|\n|poke|p1|Flutter Mane, L50|\n|poke|p1|Gouging Fire, L50|\n|poke|p1|Jumpluff, L50, M|\n|poke|p1|Raging Bolt, L50|\n|poke|p2|Koraidon, L50|\n|poke|p2|Calyrex-Shadow, L50|\n|poke|p2|Flutter Mane, L50|\n|poke|p2|Incineroar, L50, F|\n|poke|p2|Brute Bonnet, L50|\n|poke|p2|Ogerpon-Cornerstone, L50, F|\n|teampreview|4\n|inactive|Battle timer is ON: inactive players will automatically lose when time's up. (requested by fallacy277)\n|j| Therazer456\n|\n|t:|1774769198\n|teamsize|p1|4\n|teamsize|p2|4\n|start\n|switch|p1a: Groudon|Groudon, L50|100/100\n|switch|p1b: Flutter Mane|Flutter Mane, L50|100/100\n|switch|p2a: Calyrex|Calyrex-Shadow, L50|100/100\n|switch|p2b: Ogerpon|Ogerpon-Cornerstone, L50, F|100/100\n|-ability|p2a: Calyrex|As One\n|-ability|p2a: Calyrex|Unnerve\n|-weather|SunnyDay|[from] ability: Drought|[of] p1a: Groudon\n|-activate|p1b: Flutter Mane|ability: Protosynthesis\n|-start|p1b: Flutter Mane|protosynthesisspe\n|turn|1\n|inactive|fallacy277 has 30 seconds left.\n|inactive|BenniOVYalt has 30 seconds left.\n|inactive|BenniOVYalt has 20 seconds left.\n|\n|t:|1774769236\n|move|p2a: Calyrex|Protect|p2a: Calyrex\n|-singleturn|p2a: Calyrex|Protect\n|move|p1b: Flutter Mane|Moonblast|p2a: Calyrex\n|-activate|p2a: Calyrex|move: Protect\n|move|p2b: Ogerpon|Ivy Cudgel|p1b: Flutter Mane|[anim] Ivy Cudgel Rock\n|-crit|p1b: Flutter Mane\n|-damage|p1b: Flutter Mane|0 fnt\n|faint|p1b: Flutter Mane\n|-end|p1b: Flutter Mane|Protosynthesis|[silent]\n|move|p1a: Groudon|Precipice Blades|p2b: Ogerpon|[spread] p2b\n|-activate|p2a: Calyrex|move: Protect\n|-damage|p2b: Ogerpon|36/100\n|\n|-weather|SunnyDay|[upkeep]\n|upkeep\n|\n|t:|1774769251\n|switch|p1b: Calyrex|Calyrex-Ice, L50|100/100\n|-ability|p1b: Calyrex|As One\n|-ability|p1b: Calyrex|Unnerve\n|turn|2\n|inactive|fallacy277 has 30 seconds left.\n|inactive|fallacy277 has 20 seconds left.\n|\n|t:|1774769287\n|switch|p1b: Gouging Fire|Gouging Fire, L50|100/100\n|-activate|p1b: Gouging Fire|ability: Protosynthesis\n|-start|p1b: Gouging Fire|protosynthesisspe\n|move|p2a: Calyrex|Astral Barrage|p1a: Groudon|[spread] p1a,p1b\n|-damage|p1a: Groudon|51/100\n|-damage|p1b: Gouging Fire|42/100\n|move|p2b: Ogerpon|Ivy Cudgel|p1b: Gouging Fire|[anim] Ivy Cudgel Rock\n|-supereffective|p1b: Gouging Fire\n|-damage|p1b: Gouging Fire|0 fnt\n|faint|p1b: Gouging Fire\n|-end|p1b: Gouging Fire|Protosynthesis|[silent]\n|move|p1a: Groudon|Precipice Blades|p2b: Ogerpon|[spread] p2a,p2b\n|-damage|p2a: Calyrex|46/100\n|-damage|p2b: Ogerpon|0 fnt\n|faint|p2b: Ogerpon\n|\n|-weather|SunnyDay|[upkeep]\n|upkeep\n|\n|t:|1774769309\n|switch|p2b: Koraidon|Koraidon, L50|100/100\n|switch|p1b: Calyrex|Calyrex-Ice, L50|100/100\n|-ability|p1b: Calyrex|As One\n|-ability|p1b: Calyrex|Unnerve\n|-activate|p2b: Koraidon|ability: Orichalcum Pulse\n|turn|3\n|\n|t:|1774769317\n|-terastallize|p1b: Calyrex|Fire\n|move|p1a: Groudon|Protect|p1a: Groudon\n|-singleturn|p1a: Groudon|Protect\n|move|p2a: Calyrex|Astral Barrage|p1b: Calyrex|[spread] p1b\n|-activate|p1a: Groudon|move: Protect\n|-damage|p1b: Calyrex|70/100\n|move|p2b: Koraidon|Close Combat|p1b: Calyrex\n|-damage|p1b: Calyrex|5/100\n|-unboost|p2b: Koraidon|def|1\n|-unboost|p2b: Koraidon|spd|1\n|-damage|p2b: Koraidon|91/100|[from] item: Life Orb\n|move|p1b: Calyrex|Glacial Lance|p2b: Koraidon|[spread] p2a,p2b\n|-supereffective|p2b: Koraidon\n|-damage|p2a: Calyrex|0 fnt\n|-damage|p2b: Koraidon|0 fnt\n|faint|p2a: Calyrex\n|faint|p2b: Koraidon\n|-ability|p1b: Calyrex|Chilling Neigh|boost\n|-boost|p1b: Calyrex|atk|2\n|\n|-weather|SunnyDay|[upkeep]\n|upkeep\n|\n|t:|1774769321\n|switch|p2b: Flutter Mane|Flutter Mane, L50|100/100\n|-activate|p2b: Flutter Mane|ability: Protosynthesis\n|-start|p2b: Flutter Mane|protosynthesisspe\n|turn|4\n|c|\u2606BenniOVYalt|Caly is such a dumb pokemon\n|\n|t:|1774769342\n|move|p2b: Flutter Mane|Shadow Ball|p1b: Calyrex\n|-damage|p1b: Calyrex|0 fnt\n|faint|p1b: Calyrex\n|move|p1a: Groudon|Heat Crash|p2b: Flutter Mane\n|-enditem|p2b: Flutter Mane|Focus Sash\n|-damage|p2b: Flutter Mane|1/100\n|\n|-weather|SunnyDay|[upkeep]\n|upkeep\n|turn|5\n|\n|t:|1774769348\n|move|p2b: Flutter Mane|Protect|p2b: Flutter Mane\n|-singleturn|p2b: Flutter Mane|Protect\n|move|p1a: Groudon|Heat Crash|p2b: Flutter Mane\n|-activate|p2b: Flutter Mane|move: Protect\n|\n|-weather|none\n|-end|p2b: Flutter Mane|Protosynthesis\n|upkeep\n|turn|6\n|\n|t:|1774769352\n|move|p2b: Flutter Mane|Moonblast|p1a: Groudon\n|-damage|p1a: Groudon|7/100\n|move|p1a: Groudon|Heat Crash|p2b: Flutter Mane\n|-damage|p2b: Flutter Mane|0 fnt\n|faint|p2b: Flutter Mane\n|-end|p2b: Flutter Mane|Protosynthesis|[silent]\n|\n|win|fallacy277\n|raw|fallacy277's rating: 1414 &rarr; <strong>1433</strong><br />(+19 for winning)\n|raw|BenniOVYalt's rating: 1400 &rarr; <strong>1381</strong><br />(-19 for losing)\n|l|\u2606fallacy277\n|player|p1|\n|l|\u2606BenniOVYalt\n|player|p2|\n|l| Therazer456\n","uploadtime":1774769610,"views":11,"formatid":"gen9vgc2026regi","rating":1381,"private":0,"password":null}