{"id":"gen9vgc2026regi-2569339823","format":"[Gen 9] VGC 2026 Reg I","players":["pkmmnq","terafireflareblitz"],"log":"|j|\u2606pkmmnq\n|j|\u2606terafireflareblitz\n|t:|1774676839\n|gametype|doubles\n|player|p1|pkmmnq|bellelba|1414\n|player|p2|terafireflareblitz|sycamore|1570\n|gen|9\n|tier|[Gen 9] VGC 2026 Reg I\n|rated|\n|rule|Species Clause: Limit one of each Pok\u00e9mon\n|rule|Item Clause: Limit 1 of each item\n|clearpoke\n|poke|p1|Koraidon, L50|\n|poke|p1|Calyrex-Ice, L50|\n|poke|p1|Incineroar, L50, F|\n|poke|p1|Smeargle, L50, F|\n|poke|p1|Rillaboom, L50, F|\n|poke|p1|Landorus, L50, M|\n|poke|p2|Koraidon, L50|\n|poke|p2|Lunala, L50|\n|poke|p2|Indeedee-F, L50, F|\n|poke|p2|Flutter Mane, L50|\n|poke|p2|Volcarona, L50, F|\n|poke|p2|Ursaluna, L50, M|\n|teampreview|4\n|inactive|Battle timer is ON: inactive players will automatically lose when time's up. (requested by terafireflareblitz)\n|inactive|pkmmnq also wants the timer to be on.\n|\n|t:|1774676859\n|teamsize|p1|4\n|teamsize|p2|4\n|start\n|switch|p1a: Smeargle|Smeargle, L50, F|100/100\n|switch|p1b: Calyrex|Calyrex-Ice, L50|100/100\n|switch|p2a: Lunala|Lunala, L50, shiny|100/100\n|switch|p2b: Indeedee|Indeedee-F, L50, F|100/100\n|-ability|p1b: Calyrex|As One\n|-ability|p1b: Calyrex|Unnerve\n|-fieldstart|move: Psychic Terrain|[from] ability: Psychic Surge|[of] p2b: Indeedee\n|turn|1\n|\n|t:|1774676878\n|-terastallize|p1b: Calyrex|Fairy\n|move|p2b: Indeedee|Follow Me|p2b: Indeedee\n|-singleturn|p2b: Indeedee|move: Follow Me\n|move|p1a: Smeargle|Spore|p2b: Indeedee\n|-activate|p2b: Indeedee|item: Safety Goggles|Spore\n|move|p2a: Lunala|Expanding Force|p1a: Smeargle|[spread] p1a,p1b\n|-enditem|p1a: Smeargle|Focus Sash\n|-damage|p1a: Smeargle|1/100\n|-damage|p1b: Calyrex|61/100\n|move|p1b: Calyrex|Leech Seed|p2b: Indeedee\n|-start|p2b: Indeedee|move: Leech Seed\n|\n|-heal|p1b: Calyrex|67/100|[from] item: Leftovers\n|-damage|p2b: Indeedee|88/100|[from] Leech Seed|[of] p1b: Calyrex\n|-heal|p1b: Calyrex|78/100|[silent]\n|-ability|p1a: Smeargle|Moody|boost\n|-boost|p1a: Smeargle|atk|2\n|-unboost|p1a: Smeargle|spd|1\n|upkeep\n|turn|2\n|\n|t:|1774676891\n|move|p2b: Indeedee|Helping Hand|p2a: Lunala\n|-singleturn|p2a: Lunala|Helping Hand|[of] p2b: Indeedee\n|move|p1a: Smeargle|Spiky Shield|p1a: Smeargle\n|-singleturn|p1a: Smeargle|move: Protect\n|move|p2a: Lunala|Meteor Beam||[still]\n|-prepare|p2a: Lunala|Meteor Beam\n|-boost|p2a: Lunala|spa|1\n|-enditem|p2a: Lunala|Power Herb\n|-anim|p2a: Lunala|Meteor Beam|p1b: Calyrex\n|-damage|p1b: Calyrex|14/100\n|move|p1b: Calyrex|Glacial Lance|p2a: Lunala|[spread] p2a,p2b\n|-damage|p2a: Lunala|80/100\n|-damage|p2b: Indeedee|37/100\n|\n|-heal|p1b: Calyrex|19/100|[from] item: Leftovers\n|-damage|p2b: Indeedee|24/100|[from] Leech Seed|[of] p1b: Calyrex\n|-heal|p1b: Calyrex|30/100|[silent]\n|-ability|p1a: Smeargle|Moody|boost\n|-boost|p1a: Smeargle|spa|2\n|-unboost|p1a: Smeargle|spd|1\n|upkeep\n|turn|3\n|\n|t:|1774676906\n|switch|p1a: Incineroar|Incineroar, L50, F|100/100\n|-ability|p1a: Incineroar|Intimidate|boost\n|-unboost|p2a: Lunala|atk|1\n|-unboost|p2b: Indeedee|atk|1\n|move|p1b: Calyrex|Protect|p1b: Calyrex\n|-singleturn|p1b: Calyrex|Protect\n|move|p2b: Indeedee|Follow Me|p2b: Indeedee\n|-singleturn|p2b: Indeedee|move: Follow Me\n|move|p2a: Lunala|Expanding Force|p1b: Calyrex|[spread] \n|-activate|p1b: Calyrex|move: Protect\n|-immune|p1a: Incineroar\n|\n|-heal|p1b: Calyrex|36/100|[from] item: Leftovers\n|-damage|p2b: Indeedee|12/100|[from] Leech Seed|[of] p1b: Calyrex\n|-heal|p1b: Calyrex|46/100|[silent]\n|upkeep\n|turn|4\n|inactive|pkmmnq has 30 seconds left.\n|\n|t:|1774676936\n|switch|p2b: Volcarona|Volcarona, L50, F|100/100\n|switch|p1a: Rillaboom|Rillaboom, L50, F|100/100\n|-fieldstart|move: Grassy Terrain|[from] ability: Grassy Surge|[of] p1a: Rillaboom\n|-terastallize|p2a: Lunala|Water\n|move|p2a: Lunala|Expanding Force|p1b: Calyrex\n|-damage|p1b: Calyrex|1/100\n|move|p1b: Calyrex|Glacial Lance|p2b: Volcarona|[spread] p2a,p2b\n|-resisted|p2a: Lunala\n|-resisted|p2b: Volcarona\n|-damage|p2a: Lunala|57/100\n|-damage|p2b: Volcarona|73/100\n|\n|-heal|p2a: Lunala|63/100|[from] Grassy Terrain\n|-heal|p2b: Volcarona|79/100|[from] Grassy Terrain\n|-heal|p1b: Calyrex|7/100|[from] Grassy Terrain\n|-heal|p1b: Calyrex|13/100|[from] item: Leftovers\n|upkeep\n|turn|5\n|inactive|pkmmnq has 30 seconds left.\n|\n|t:|1774676963\n|switch|p2b: Indeedee|Indeedee-F, L50, F|12/100\n|-fieldstart|move: Psychic Terrain|[from] ability: Psychic Surge|[of] p2b: Indeedee\n|move|p1a: Rillaboom|Wood Hammer|p2a: Lunala\n|-supereffective|p2a: Lunala\n|-damage|p2a: Lunala|0 fnt\n|faint|p2a: Lunala\n|-damage|p1a: Rillaboom|75/100|[from] Recoil\n|move|p1b: Calyrex|Leech Seed|p2b: Indeedee\n|-start|p2b: Indeedee|move: Leech Seed\n|\n|-heal|p1b: Calyrex|18/100|[from] item: Leftovers\n|-damage|p2b: Indeedee|0 fnt|[from] Leech Seed|[of] p1b: Calyrex\n|-heal|p1b: Calyrex|28/100|[silent]\n|faint|p2b: Indeedee\n|upkeep\n|\n|t:|1774676965\n|switch|p2a: Volcarona|Volcarona, L50, F|79/100\n|switch|p2b: Koraidon|Koraidon, L50, shiny|100/100\n|-weather|SunnyDay|[from] ability: Orichalcum Pulse|[of] p2b: Koraidon\n|-activate|p2b: Koraidon|Orichalcum Pulse|[source]\n|turn|6\n|inactive|pkmmnq has 30 seconds left.\n|\n|t:|1774676993\n|switch|p1a: Incineroar|Incineroar, L50, F|100/100\n|-ability|p1a: Incineroar|Intimidate|boost\n|-unboost|p2a: Volcarona|atk|1\n|-unboost|p2b: Koraidon|atk|1\n|switch|p1b: Smeargle|Smeargle, L50, F|1/100\n|move|p2b: Koraidon|Close Combat|p1a: Incineroar\n|-supereffective|p1a: Incineroar\n|-damage|p1a: Incineroar|0 fnt\n|-unboost|p2b: Koraidon|def|1\n|-unboost|p2b: Koraidon|spd|1\n|faint|p1a: Incineroar\n|-damage|p2b: Koraidon|91/100|[from] item: Life Orb\n|move|p2a: Volcarona|Will-O-Wisp|p1b: Smeargle|[miss]\n|-miss|p2a: Volcarona|p1b: Smeargle\n|\n|-weather|SunnyDay|[upkeep]\n|-ability|p1b: Smeargle|Moody|boost\n|-boost|p1b: Smeargle|spd|2\n|-unboost|p1b: Smeargle|spa|1\n|upkeep\n|\n|t:|1774677003\n|switch|p1a: Calyrex|Calyrex-Ice, L50, tera:Fairy|28/100\n|-ability|p1a: Calyrex|As One\n|-ability|p1a: Calyrex|Unnerve\n|turn|7\n|\n|t:|1774677010\n|move|p1b: Smeargle|Follow Me|p1b: Smeargle\n|-singleturn|p1b: Smeargle|move: Follow Me\n|move|p2b: Koraidon|Breaking Swipe|p1a: Calyrex|[spread] p1b\n|-immune|p1a: Calyrex\n|-damage|p1b: Smeargle|0 fnt\n|faint|p1b: Smeargle\n|-damage|p2b: Koraidon|81/100|[from] item: Life Orb\n|move|p2a: Volcarona|Will-O-Wisp|p1a: Calyrex\n|-status|p1a: Calyrex|brn\n|move|p1a: Calyrex|Leech Seed|p2b: Koraidon\n|-start|p2b: Koraidon|move: Leech Seed\n|\n|-weather|SunnyDay|[upkeep]\n|-heal|p1a: Calyrex|34/100 brn|[from] item: Leftovers\n|-damage|p2b: Koraidon|69/100|[from] Leech Seed|[of] p1a: Calyrex\n|-heal|p1a: Calyrex|44/100 brn|[silent]\n|-damage|p1a: Calyrex|38/100 brn|[from] brn\n|upkeep\n|\n|t:|1774677015\n|switch|p1b: Rillaboom|Rillaboom, L50, F|75/100\n|-fieldstart|move: Grassy Terrain|[from] ability: Grassy Surge|[of] p1b: Rillaboom\n|turn|8\n|\n|t:|1774677021\n|move|p2b: Koraidon|Protect|p2b: Koraidon\n|-singleturn|p2b: Koraidon|Protect\n|move|p1b: Rillaboom|Fake Out|p2b: Koraidon\n|-activate|p2b: Koraidon|move: Protect\n|move|p2a: Volcarona|Struggle Bug|p1a: Calyrex|[spread] p1a,p1b\n|-resisted|p1a: Calyrex\n|-supereffective|p1b: Rillaboom\n|-damage|p1a: Calyrex|33/100 brn\n|-damage|p1b: Rillaboom|46/100\n|-unboost|p1a: Calyrex|spa|1\n|-unboost|p1b: Rillaboom|spa|1\n|move|p1a: Calyrex|Leech Seed|p2a: Volcarona\n|-start|p2a: Volcarona|move: Leech Seed\n|\n|-weather|SunnyDay|[upkeep]\n|-heal|p2b: Koraidon|75/100|[from] Grassy Terrain\n|-heal|p1b: Rillaboom|52/100|[from] Grassy Terrain\n|-heal|p2a: Volcarona|85/100|[from] Grassy Terrain\n|-heal|p1a: Calyrex|39/100 brn|[from] Grassy Terrain\n|-heal|p1a: Calyrex|44/100 brn|[from] item: Leftovers\n|-damage|p2b: Koraidon|63/100|[from] Leech Seed|[of] p1a: Calyrex\n|-heal|p1a: Calyrex|55/100 brn|[silent]\n|-damage|p2a: Volcarona|73/100|[from] Leech Seed|[of] p1a: Calyrex\n|-heal|p1a: Calyrex|66/100 brn|[silent]\n|-damage|p1a: Calyrex|60/100 brn|[from] brn\n|upkeep\n|turn|9\n|\n|t:|1774677035\n|move|p1b: Rillaboom|Grassy Glide|p2a: Volcarona\n|-resisted|p2a: Volcarona\n|-damage|p2a: Volcarona|65/100\n|-damage|p1b: Rillaboom|36/100|[from] item: Rocky Helmet|[of] p2a: Volcarona\n|-status|p1b: Rillaboom|brn|[from] ability: Flame Body|[of] p2a: Volcarona\n|move|p2b: Koraidon|Flare Blitz|p1a: Calyrex\n|-crit|p1a: Calyrex\n|-damage|p1a: Calyrex|0 fnt\n|faint|p1a: Calyrex\n|-damage|p2b: Koraidon|39/100|[from] Recoil\n|-damage|p2b: Koraidon|30/100|[from] item: Life Orb\n|move|p2a: Volcarona|Struggle Bug|p1b: Rillaboom\n|-supereffective|p1b: Rillaboom\n|-damage|p1b: Rillaboom|0 fnt\n|faint|p1b: Rillaboom\n|\n|win|terafireflareblitz\n|raw|pkmmnq's rating: 1414 &rarr; <strong>1402</strong><br />(-12 for losing)\n|raw|terafireflareblitz's rating: 1570 &rarr; <strong>1582</strong><br />(+12 for winning)\n","uploadtime":1774677036,"views":14,"formatid":"gen9vgc2026regi","rating":1402,"private":0,"password":null}