{"id":"gen9vgc2026regi-2558823068","format":"[Gen 9] VGC 2026 Reg I","players":["Zyh020520ssfyyy","jonen"],"log":"|j|\u2606Zyh020520ssfyyy\n|j|\u2606jonen\n|t:|1773489030\n|gametype|doubles\n|player|p1|Zyh020520ssfyyy|2|1003\n|player|p2|jonen|medium|1087\n|gen|9\n|tier|[Gen 9] VGC 2026 Reg I\n|rated|\n|rule|Species Clause: Limit one of each Pok\u00e9mon\n|rule|Item Clause: Limit 1 of each item\n|clearpoke\n|poke|p1|Muk-Alola, L50, M|\n|poke|p1|Indeedee-F, L50, F|\n|poke|p1|Smeargle, L50, F|\n|poke|p1|Miraidon, L50|\n|poke|p1|Calyrex-Shadow, L50|\n|poke|p1|Incineroar, L50, F|\n|poke|p2|Sneasler, L50, F|\n|poke|p2|Ditto, L50|\n|poke|p2|Calyrex-Ice, L50|\n|poke|p2|Miraidon, L50|\n|poke|p2|Urshifu-*, L50, F|\n|poke|p2|Incineroar, L50, F|\n|teampreview|4\n|inactive|Battle timer is ON: inactive players will automatically lose when time's up. (requested by Zyh020520ssfyyy)\n|inactive|jonen has 60 seconds left.\n|\n|t:|1773489068\n|teamsize|p1|4\n|teamsize|p2|4\n|start\n|switch|p1a: Muk|Muk-Alola, L50, M|100/100\n|switch|p1b: Smeargle|Smeargle, L50, F|100/100\n|switch|p2a: Calyrex|Calyrex-Ice, L50|100/100\n|switch|p2b: Urshifu|Urshifu-Rapid-Strike, L50, F|100/100\n|-ability|p2a: Calyrex|As One\n|-ability|p2a: Calyrex|Unnerve\n|turn|1\n|\n|t:|1773489087\n|move|p2b: Urshifu|Surging Strikes|p1a: Muk\n|-crit|p1a: Muk\n|-damage|p1a: Muk|81/100\n|-crit|p1a: Muk\n|-damage|p1a: Muk|62/100\n|-crit|p1a: Muk\n|-damage|p1a: Muk|43/100\n|-hitcount|p1a: Muk|3\n|move|p1b: Smeargle|Spore|p2b: Urshifu\n|-status|p2b: Urshifu|slp|[from] move: Spore\n|move|p1a: Muk|Minimize|p1a: Muk\n|-boost|p1a: Muk|evasion|2\n|move|p2a: Calyrex|Glacial Lance|p1b: Smeargle|[spread] p1b\n|-miss|p2a: Calyrex|p1a: Muk\n|-enditem|p1b: Smeargle|Focus Sash\n|-damage|p1b: Smeargle|1/100\n|\n|-heal|p1a: Muk|50/100|[from] item: Leftovers\n|-ability|p1b: Smeargle|Moody|boost\n|-boost|p1b: Smeargle|spe|2\n|-unboost|p1b: Smeargle|spa|1\n|upkeep\n|turn|2\n|\n|t:|1773489106\n|move|p1b: Smeargle|Spore|p2a: Calyrex\n|-status|p2a: Calyrex|slp|[from] move: Spore\n|cant|p2b: Urshifu|slp\n|move|p1a: Muk|Minimize|p1a: Muk\n|-boost|p1a: Muk|evasion|2\n|cant|p2a: Calyrex|slp\n|\n|-heal|p1a: Muk|56/100|[from] item: Leftovers\n|-ability|p1b: Smeargle|Moody|boost\n|-boost|p1b: Smeargle|def|2\n|-unboost|p1b: Smeargle|spd|1\n|upkeep\n|turn|3\n|\n|t:|1773489118\n|move|p1b: Smeargle|Follow Me|p1b: Smeargle\n|-singleturn|p1b: Smeargle|move: Follow Me\n|cant|p2b: Urshifu|slp\n|move|p1a: Muk|Minimize|p1a: Muk\n|-boost|p1a: Muk|evasion|2\n|cant|p2a: Calyrex|slp\n|\n|-heal|p1a: Muk|62/100|[from] item: Leftovers\n|-ability|p1b: Smeargle|Moody|boost\n|-boost|p1b: Smeargle|spa|2\n|-unboost|p1b: Smeargle|spe|1\n|upkeep\n|turn|4\n|\n|t:|1773489128\n|move|p1b: Smeargle|Follow Me|p1b: Smeargle\n|-singleturn|p1b: Smeargle|move: Follow Me\n|cant|p2b: Urshifu|slp\n|move|p1a: Muk|Minimize|p1a: Muk\n|-boost|p1a: Muk|evasion|0\n|cant|p2a: Calyrex|slp\n|\n|-heal|p1a: Muk|68/100|[from] item: Leftovers\n|-ability|p1b: Smeargle|Moody|boost\n|-boost|p1b: Smeargle|spa|2\n|-unboost|p1b: Smeargle|def|1\n|upkeep\n|turn|5\n|\n|t:|1773489138\n|move|p1b: Smeargle|Follow Me|p1b: Smeargle\n|-singleturn|p1b: Smeargle|move: Follow Me\n|-curestatus|p2b: Urshifu|slp|[msg]\n|move|p2b: Urshifu|Surging Strikes|p1b: Smeargle\n|-crit|p1b: Smeargle\n|-damage|p1b: Smeargle|0 fnt\n|faint|p1b: Smeargle\n|-ability|p1a: Muk|Moody|Power of Alchemy|[from] ability: Power of Alchemy|[of] p1b: Smeargle\n|-hitcount|p1: Smeargle|1\n|move|p1a: Muk|Substitute|p1a: Muk\n|-start|p1a: Muk|Substitute\n|-damage|p1a: Muk|43/100\n|-curestatus|p2a: Calyrex|slp|[msg]\n|move|p2a: Calyrex|Glacial Lance|p1a: Muk|[miss]\n|-miss|p2a: Calyrex|p1a: Muk\n|\n|-heal|p1a: Muk|49/100|[from] item: Leftovers\n|-ability|p1a: Muk|Moody|boost\n|-boost|p1a: Muk|spe|2\n|-unboost|p1a: Muk|atk|1\n|upkeep\n|\n|t:|1773489143\n|switch|p1b: Indeedee|Indeedee-F, L50, F|100/100\n|-fieldstart|move: Psychic Terrain|[from] ability: Psychic Surge|[of] p1b: Indeedee\n|turn|6\n|\n|t:|1773489158\n|move|p2b: Urshifu|Detect|p2b: Urshifu\n|-singleturn|p2b: Urshifu|Protect\n|move|p1a: Muk|Poison Gas|p2a: Calyrex|[spread] p2a\n|-activate|p2b: Urshifu|move: Protect\n|-status|p2a: Calyrex|psn\n|move|p1b: Indeedee|Dazzling Gleam|p2a: Calyrex|[spread] p2a\n|-activate|p2b: Urshifu|move: Protect\n|-crit|p2a: Calyrex\n|-damage|p2a: Calyrex|89/100 psn\n|move|p2a: Calyrex|Glacial Lance|p1a: Muk|[spread] p1a,p1b\n|-end|p1a: Muk|Substitute\n|-damage|p1b: Indeedee|50/100\n|\n|-heal|p1a: Muk|55/100|[from] item: Leftovers\n|-damage|p2a: Calyrex|77/100 psn|[from] psn\n|-ability|p1a: Muk|Moody|boost\n|-boost|p1a: Muk|atk|2\n|-unboost|p1a: Muk|spe|1\n|upkeep\n|turn|7\n|inactive|Zyh020520ssfyyy has 30 seconds left.\n|l|\u2606Zyh020520ssfyyy\n|inactive|Zyh020520ssfyyy disconnected and has a minute to reconnect!\n|player|p1|\n|inactive|Zyh020520ssfyyy has 20 seconds left.\n|inactive|Zyh020520ssfyyy has 15 seconds left.\n|inactive|Zyh020520ssfyyy has 10 seconds left.\n|inactive|Zyh020520ssfyyy has 5 seconds left.\n|-message|Zyh020520ssfyyy lost due to inactivity.\n|\n|win|jonen\n|raw|Zyh020520ssfyyy's rating: 1003 &rarr; <strong>1000</strong><br />(-3 for losing)\n|raw|jonen's rating: 1087 &rarr; <strong>1108</strong><br />(+21 for winning)\n","uploadtime":1773489213,"views":18,"formatid":"gen9vgc2026regi","rating":1000,"private":0,"password":null}