{"id":"gen9vgc2026regi-2558104146","format":"[Gen 9] VGC 2026 Reg I","players":["Guts is Zamacenta","fogdocker"],"log":"|j|\u2606Guts is Zamacenta\n|j|\u2606fogdocker\n|t:|1773403446\n|gametype|doubles\n|player|p1|Guts is Zamacenta|lucas|1513\n|player|p2|fogdocker|2|1462\n|gen|9\n|tier|[Gen 9] VGC 2026 Reg I\n|rated|\n|rule|Species Clause: Limit one of each Pok\u00e9mon\n|rule|Item Clause: Limit 1 of each item\n|clearpoke\n|poke|p1|Gholdengo, L50|\n|poke|p1|Ogerpon-Cornerstone, L50, F|\n|poke|p1|Chien-Pao, L50|\n|poke|p1|Zamazenta-*, L50|\n|poke|p1|Miraidon, L50|\n|poke|p1|Whimsicott, L50, M|\n|poke|p2|Calyrex-Ice, L50|\n|poke|p2|Koraidon, L50|\n|poke|p2|Flutter Mane, L50|\n|poke|p2|Incineroar, L50, F|\n|poke|p2|Rillaboom, L50, F|\n|poke|p2|Annihilape, L50, M|\n|teampreview|4\n|inactive|Battle timer is ON: inactive players will automatically lose when time's up. (requested by Guts is Zamacenta)\n|\n|t:|1773403502\n|teamsize|p1|4\n|teamsize|p2|4\n|start\n|switch|p1a: Chien-Pao|Chien-Pao, L50|100/100\n|switch|p1b: Gholdengo|Gholdengo, L50|100/100\n|switch|p2a: Calyrex|Calyrex-Ice, L50|100/100\n|switch|p2b: Rillaboom|Rillaboom, L50, F|100/100\n|-ability|p2a: Calyrex|As One\n|-ability|p2a: Calyrex|Unnerve\n|-ability|p1a: Chien-Pao|Sword of Ruin\n|-fieldstart|move: Grassy Terrain|[from] ability: Grassy Surge|[of] p2b: Rillaboom\n|turn|1\n|inactive|Guts is Zamacenta has 30 seconds left.\n|\n|t:|1773403534\n|switch|p1a: Zamazenta|Zamazenta-Crowned, L50|100/100\n|-ability|p1a: Zamazenta|Dauntless Shield|boost\n|-boost|p1a: Zamazenta|def|1\n|switch|p2b: Incineroar|Incineroar, L50, F|100/100\n|-ability|p2b: Incineroar|Intimidate|boost\n|-unboost|p1a: Zamazenta|atk|1\n|-unboost|p1b: Gholdengo|atk|1\n|move|p2a: Calyrex|Protect|p2a: Calyrex\n|-singleturn|p2a: Calyrex|Protect\n|move|p1b: Gholdengo|Nasty Plot|p1b: Gholdengo\n|-boost|p1b: Gholdengo|spa|2\n|\n|upkeep\n|turn|2\n|inactive|fogdocker has 30 seconds left.\n|inactive|fogdocker has 20 seconds left.\n|inactive|fogdocker has 15 seconds left.\n|inactive|fogdocker has 10 seconds left.\n|\n|t:|1773403580\n|-terastallize|p2a: Calyrex|Water\n|move|p2b: Incineroar|Fake Out|p1a: Zamazenta\n|-resisted|p1a: Zamazenta\n|-damage|p1a: Zamazenta|98/100\n|cant|p1a: Zamazenta|flinch\n|move|p1b: Gholdengo|Shadow Ball|p2a: Calyrex\n|-damage|p2a: Calyrex|45/100\n|move|p2a: Calyrex|Trick Room|p2a: Calyrex\n|-fieldstart|move: Trick Room|[of] p2a: Calyrex\n|\n|-heal|p2a: Calyrex|51/100|[from] Grassy Terrain\n|-heal|p2a: Calyrex|57/100|[from] item: Leftovers\n|-heal|p1a: Zamazenta|100/100|[from] Grassy Terrain\n|upkeep\n|turn|3\n|inactive|Guts is Zamacenta has 30 seconds left.\n|\n|t:|1773403606\n|move|p1b: Gholdengo|Protect|p1b: Gholdengo\n|-singleturn|p1b: Gholdengo|Protect\n|move|p2a: Calyrex|Leech Seed|p1a: Zamazenta\n|-start|p1a: Zamazenta|move: Leech Seed\n|move|p2b: Incineroar|Flare Blitz|p1b: Gholdengo\n|-activate|p1b: Gholdengo|move: Protect\n|move|p1a: Zamazenta|Body Press|p2b: Incineroar\n|-supereffective|p2b: Incineroar\n|-damage|p2b: Incineroar|2/100\n|\n|-heal|p2a: Calyrex|62/100|[from] Grassy Terrain\n|-heal|p2a: Calyrex|68/100|[from] item: Leftovers\n|-heal|p2b: Incineroar|8/100|[from] Grassy Terrain\n|-damage|p1a: Zamazenta|88/100|[from] Leech Seed|[of] p2a: Calyrex\n|-heal|p2a: Calyrex|79/100|[silent]\n|upkeep\n|turn|4\n|\n|t:|1773403630\n|-terastallize|p1b: Gholdengo|Normal\n|move|p2a: Calyrex|Leech Seed|p1b: Gholdengo\n|-immune|p1b: Gholdengo|[from] ability: Good as Gold\n|move|p2b: Incineroar|Knock Off|p1b: Gholdengo\n|-damage|p1b: Gholdengo|67/100\n|-damage|p2b: Incineroar|0 fnt|[from] item: Rocky Helmet|[of] p1b: Gholdengo\n|faint|p2b: Incineroar\n|move|p1b: Gholdengo|Make It Rain|p2a: Calyrex\n|-resisted|p2a: Calyrex\n|-damage|p2a: Calyrex|43/100\n|-unboost|p1b: Gholdengo|spa|1\n|move|p1a: Zamazenta|Body Press|p2a: Calyrex\n|-damage|p2a: Calyrex|7/100\n|\n|-heal|p2a: Calyrex|13/100|[from] Grassy Terrain\n|-heal|p2a: Calyrex|18/100|[from] item: Leftovers\n|-heal|p1b: Gholdengo|73/100|[from] Grassy Terrain\n|-heal|p1a: Zamazenta|94/100|[from] Grassy Terrain\n|-damage|p1a: Zamazenta|82/100|[from] Leech Seed|[of] p2a: Calyrex\n|-heal|p2a: Calyrex|29/100|[silent]\n|upkeep\n|\n|t:|1773403638\n|switch|p2b: Rillaboom|Rillaboom, L50, F|100/100\n|turn|5\n|\n|t:|1773403659\n|move|p2a: Calyrex|Protect|p2a: Calyrex\n|-singleturn|p2a: Calyrex|Protect\n|move|p1a: Zamazenta|Wide Guard|p1a: Zamazenta\n|-singleturn|p1a: Zamazenta|Wide Guard\n|move|p2b: Rillaboom|Wood Hammer|p1b: Gholdengo\n|-damage|p1b: Gholdengo|11/100\n|-damage|p2b: Rillaboom|84/100|[from] item: Rocky Helmet|[of] p1b: Gholdengo\n|-damage|p2b: Rillaboom|64/100|[from] Recoil\n|move|p1b: Gholdengo|Shadow Ball|p2a: Calyrex\n|-activate|p2a: Calyrex|move: Protect\n|\n|-heal|p2a: Calyrex|35/100|[from] Grassy Terrain\n|-heal|p2a: Calyrex|41/100|[from] item: Leftovers\n|-heal|p2b: Rillaboom|70/100|[from] Grassy Terrain\n|-heal|p1b: Gholdengo|17/100|[from] Grassy Terrain\n|-heal|p1a: Zamazenta|88/100|[from] Grassy Terrain\n|-damage|p1a: Zamazenta|76/100|[from] Leech Seed|[of] p2a: Calyrex\n|-heal|p2a: Calyrex|52/100|[silent]\n|-fieldend|move: Grassy Terrain\n|upkeep\n|turn|6\n|inactive|Guts is Zamacenta has 30 seconds left.\n|\n|t:|1773403691\n|move|p2a: Calyrex|Glacial Lance|p1b: Gholdengo|[spread] p1a,p1b\n|-resisted|p1a: Zamazenta\n|-damage|p1a: Zamazenta|66/100\n|-damage|p1b: Gholdengo|0 fnt\n|faint|p1b: Gholdengo\n|-ability|p2a: Calyrex|Chilling Neigh|boost\n|-boost|p2a: Calyrex|atk|1\n|move|p2b: Rillaboom|U-turn|p1a: Zamazenta\n|-resisted|p1a: Zamazenta\n|-damage|p1a: Zamazenta|64/100\n|\n|t:|1773403699\n|switch|p2b: Koraidon|Koraidon, L50|100/100|[from] U-turn\n|-weather|SunnyDay|[from] ability: Orichalcum Pulse|[of] p2b: Koraidon\n|-activate|p2b: Koraidon|Orichalcum Pulse|[source]\n|move|p1a: Zamazenta|Body Press|p2a: Calyrex\n|-damage|p2a: Calyrex|13/100\n|\n|-weather|SunnyDay|[upkeep]\n|-heal|p2a: Calyrex|18/100|[from] item: Leftovers\n|-damage|p1a: Zamazenta|52/100|[from] Leech Seed|[of] p2a: Calyrex\n|-heal|p2a: Calyrex|29/100|[silent]\n|-fieldend|move: Trick Room\n|upkeep\n|\n|t:|1773403710\n|switch|p1b: Chien-Pao|Chien-Pao, L50|100/100\n|-ability|p1b: Chien-Pao|Sword of Ruin\n|turn|7\n|inactive|Guts is Zamacenta has 30 seconds left.\n|inactive|fogdocker has 30 seconds left.\n|inactive|Guts is Zamacenta has 20 seconds left.\n|inactive|Guts is Zamacenta has 15 seconds left.\n|inactive|Guts is Zamacenta has 10 seconds left.\n|inactive|Guts is Zamacenta has 5 seconds left.\n|\n|t:|1773403763\n|move|p2b: Koraidon|Flare Blitz|p1a: Zamazenta\n|-supereffective|p1a: Zamazenta\n|-damage|p1a: Zamazenta|0 fnt\n|faint|p1a: Zamazenta\n|-damage|p2b: Koraidon|82/100|[from] Recoil\n|-damage|p2b: Koraidon|72/100|[from] item: Life Orb\n|move|p1b: Chien-Pao|Ice Spinner|p2b: Koraidon\n|-supereffective|p2b: Koraidon\n|-damage|p2b: Koraidon|0 fnt\n|faint|p2b: Koraidon\n|move|p2a: Calyrex|Leech Seed|p1b: Chien-Pao|[miss]\n|-miss|p2a: Calyrex|p1b: Chien-Pao\n|\n|-weather|SunnyDay|[upkeep]\n|-heal|p2a: Calyrex|35/100|[from] item: Leftovers\n|upkeep\n|\n|t:|1773403775\n|switch|p2b: Rillaboom|Rillaboom, L50, F|70/100\n|switch|p1a: Ogerpon|Ogerpon-Cornerstone, L50, F|100/100\n|-fieldstart|move: Grassy Terrain|[from] ability: Grassy Surge|[of] p2b: Rillaboom\n|turn|8\n|\n|t:|1773403798\n|move|p2b: Rillaboom|Fake Out|p1a: Ogerpon\n|-resisted|p1a: Ogerpon\n|-crit|p1a: Ogerpon\n|-damage|p1a: Ogerpon|85/100\n|move|p1b: Chien-Pao|Ice Spinner|p2b: Rillaboom\n|-supereffective|p2b: Rillaboom\n|-damage|p2b: Rillaboom|0 fnt\n|-fieldend|move: Grassy Terrain\n|faint|p2b: Rillaboom\n|cant|p1a: Ogerpon|flinch\n|move|p2a: Calyrex|Trick Room|p2a: Calyrex\n|-fieldstart|move: Trick Room|[of] p2a: Calyrex\n|\n|-weather|SunnyDay|[upkeep]\n|-heal|p2a: Calyrex|41/100|[from] item: Leftovers\n|upkeep\n|turn|9\n|\n|t:|1773403815\n|move|p1a: Ogerpon|Spiky Shield|p1a: Ogerpon\n|-singleturn|p1a: Ogerpon|move: Protect\n|move|p2a: Calyrex|Glacial Lance|p1a: Ogerpon|[spread] p1b\n|-activate|p1a: Ogerpon|move: Protect\n|-resisted|p1b: Chien-Pao\n|-damage|p1b: Chien-Pao|49/100\n|move|p1b: Chien-Pao|Sacred Sword|p2a: Calyrex\n|-damage|p2a: Calyrex|20/100\n|\n|-weather|SunnyDay|[upkeep]\n|-heal|p2a: Calyrex|26/100|[from] item: Leftovers\n|upkeep\n|turn|10\n|inactive|fogdocker has 30 seconds left.\n|inactive|fogdocker has 20 seconds left.\n|inactive|fogdocker has 15 seconds left.\n|\n|t:|1773403856\n|move|p1b: Chien-Pao|Sucker Punch|p2a: Calyrex\n|-damage|p2a: Calyrex|3/100\n|move|p2a: Calyrex|Glacial Lance|p1a: Ogerpon|[spread] p1a,p1b\n|-supereffective|p1a: Ogerpon\n|-resisted|p1b: Chien-Pao\n|-damage|p1a: Ogerpon|0 fnt\n|-damage|p1b: Chien-Pao|2/100\n|faint|p1a: Ogerpon\n|-ability|p2a: Calyrex|Chilling Neigh|boost\n|-boost|p2a: Calyrex|atk|1\n|\n|-weather|none\n|-heal|p2a: Calyrex|9/100|[from] item: Leftovers\n|upkeep\n|turn|11\n|inactive|fogdocker has 30 seconds left.\n|\n|t:|1773403881\n|move|p2a: Calyrex|Protect|p2a: Calyrex\n|-singleturn|p2a: Calyrex|Protect\n|move|p1b: Chien-Pao|Sacred Sword|p2a: Calyrex\n|-activate|p2a: Calyrex|move: Protect\n|\n|-heal|p2a: Calyrex|15/100|[from] item: Leftovers\n|upkeep\n|turn|12\n|\n|t:|1773403896\n|move|p1b: Chien-Pao|Protect|p1b: Chien-Pao\n|-singleturn|p1b: Chien-Pao|Protect\n|move|p2a: Calyrex|Leech Seed|p1b: Chien-Pao\n|-activate|p1b: Chien-Pao|move: Protect\n|\n|-heal|p2a: Calyrex|20/100|[from] item: Leftovers\n|-fieldend|move: Trick Room\n|upkeep\n|turn|13\n|\n|t:|1773403905\n|move|p2a: Calyrex|Protect|p2a: Calyrex\n|-singleturn|p2a: Calyrex|Protect\n|move|p1b: Chien-Pao|Sacred Sword|p2a: Calyrex\n|-activate|p2a: Calyrex|move: Protect\n|\n|-heal|p2a: Calyrex|26/100|[from] item: Leftovers\n|upkeep\n|turn|14\n|\n|t:|1773403916\n|move|p1b: Chien-Pao|Sacred Sword|p2a: Calyrex\n|-damage|p2a: Calyrex|6/100\n|move|p2a: Calyrex|Glacial Lance|p1b: Chien-Pao\n|-resisted|p1b: Chien-Pao\n|-damage|p1b: Chien-Pao|0 fnt\n|faint|p1b: Chien-Pao\n|\n|win|fogdocker\n|raw|Guts is Zamacenta's rating: 1513 &rarr; <strong>1490</strong><br />(-23 for losing)\n|raw|fogdocker's rating: 1462 &rarr; <strong>1485</strong><br />(+23 for winning)\n|l|\u2606Guts is Zamacenta\n|player|p1|\n","uploadtime":1773403924,"views":16,"formatid":"gen9vgc2026regi","rating":1485,"private":0,"password":null}