{"id":"gen9vgc2026regi-2558802558","format":"[Gen 9] VGC 2026 Reg I","players":["blackred123","migrainelad2"],"log":"|j|\u2606blackred123\n|j|\u2606migrainelad2\n|t:|1773485473\n|gametype|doubles\n|player|p1|blackred123|iono-masters|1382\n|player|p2|migrainelad2|flint|1291\n|gen|9\n|tier|[Gen 9] VGC 2026 Reg I\n|rated|\n|rule|Species Clause: Limit one of each Pok\u00e9mon\n|rule|Item Clause: Limit 1 of each item\n|clearpoke\n|poke|p1|Groudon, L50|\n|poke|p1|Volcarona, L50, F|\n|poke|p1|Incineroar, L50, F|\n|poke|p1|Miraidon, L50|\n|poke|p1|Flutter Mane, L50|\n|poke|p1|Chien-Pao, L50|\n|poke|p2|Raichu-Alola, L50, F|\n|poke|p2|Miraidon, L50|\n|poke|p2|Farigiraf, L50, F|\n|poke|p2|Kyogre, L50|\n|poke|p2|Araquanid, L50, M|\n|poke|p2|Rhyperior, L50, M|\n|teampreview|4\n|inactive|Battle timer is ON: inactive players will automatically lose when time's up. (requested by blackred123)\n|c|\u2606migrainelad2|glhf\n|inactive|migrainelad2 has 60 seconds left.\n|\n|t:|1773485513\n|teamsize|p1|4\n|teamsize|p2|4\n|start\n|switch|p1a: \u6c38\u96cf\u5854\u83f2|Groudon, L50|100/100\n|switch|p1b: \u548c\u6211\u6574\u7ffc\u53d1|Flutter Mane, L50|100/100\n|switch|p2a: Farigiraf|Farigiraf, L50, F|100/100\n|switch|p2b: Araquanid|Araquanid, L50, M|100/100\n|-weather|SunnyDay|[from] ability: Drought|[of] p1a: \u6c38\u96cf\u5854\u83f2\n|-activate|p1b: \u548c\u6211\u6574\u7ffc\u53d1|ability: Protosynthesis\n|-start|p1b: \u548c\u6211\u6574\u7ffc\u53d1|protosynthesisspe\n|turn|1\n|\n|t:|1773485524\n|switch|p2a: Kyogre|Kyogre, L50|100/100\n|-weather|RainDance|[from] ability: Drizzle|[of] p2a: Kyogre\n|-end|p1b: \u548c\u6211\u6574\u7ffc\u53d1|Protosynthesis\n|move|p1b: \u548c\u6211\u6574\u7ffc\u53d1|Moonblast|p2a: Kyogre\n|-damage|p2a: Kyogre|59/100\n|move|p1a: \u6c38\u96cf\u5854\u83f2|Precipice Blades|p2b: Araquanid|[spread] p2a,p2b\n|-resisted|p2b: Araquanid\n|-damage|p2a: Kyogre|0 fnt\n|-damage|p2b: Araquanid|73/100\n|faint|p2a: Kyogre\n|move|p2b: Araquanid|Liquidation|p1a: \u6c38\u96cf\u5854\u83f2\n|-supereffective|p1a: \u6c38\u96cf\u5854\u83f2\n|-damage|p1a: \u6c38\u96cf\u5854\u83f2|0 fnt\n|faint|p1a: \u6c38\u96cf\u5854\u83f2\n|\n|-weather|RainDance|[upkeep]\n|upkeep\n|\n|t:|1773485538\n|switch|p2a: Farigiraf|Farigiraf, L50, F|100/100\n|switch|p1a: \u829d\u58eb\u96ea\u8c79|Chien-Pao, L50|100/100\n|-ability|p1a: \u829d\u58eb\u96ea\u8c79|Sword of Ruin\n|turn|2\n|\n|t:|1773485556\n|-terastallize|p2a: Farigiraf|Fairy\n|move|p1b: \u548c\u6211\u6574\u7ffc\u53d1|Moonblast|p2b: Araquanid\n|-damage|p2b: Araquanid|32/100\n|move|p1a: \u829d\u58eb\u96ea\u8c79|Ice Spinner|p2b: Araquanid\n|-resisted|p2b: Araquanid\n|-damage|p2b: Araquanid|0 fnt\n|faint|p2b: Araquanid\n|-damage|p1a: \u829d\u58eb\u96ea\u8c79|91/100|[from] item: Life Orb\n|move|p2a: Farigiraf|Hyper Voice|p1b: \u548c\u6211\u6574\u7ffc\u53d1|[spread] p1a\n|-immune|p1b: \u548c\u6211\u6574\u7ffc\u53d1\n|-damage|p1a: \u829d\u58eb\u96ea\u8c79|40/100\n|-enditem|p2a: Farigiraf|Throat Spray\n|-boost|p2a: Farigiraf|spa|1|[from] item: Throat Spray\n|\n|-weather|RainDance|[upkeep]\n|upkeep\n|\n|t:|1773485563\n|switch|p2b: Rhyperior|Rhyperior, L50, M|100/100\n|turn|3\n|\n|t:|1773485574\n|move|p1a: \u829d\u58eb\u96ea\u8c79|Taunt|p2a: Farigiraf\n|-start|p2a: Farigiraf|move: Taunt\n|move|p1b: \u548c\u6211\u6574\u7ffc\u53d1|Icy Wind|p2b: Rhyperior|[spread] p2a,p2b\n|-supereffective|p2b: Rhyperior\n|-damage|p2a: Farigiraf|85/100\n|-damage|p2b: Rhyperior|78/100\n|-unboost|p2a: Farigiraf|spe|1\n|-unboost|p2b: Rhyperior|spe|1\n|move|p2a: Farigiraf|Hyper Voice|p1a: \u829d\u58eb\u96ea\u8c79|[spread] p1a\n|-immune|p1b: \u548c\u6211\u6574\u7ffc\u53d1\n|-damage|p1a: \u829d\u58eb\u96ea\u8c79|0 fnt\n|faint|p1a: \u829d\u58eb\u96ea\u8c79\n|move|p2b: Rhyperior|Iron Head|p1b: \u548c\u6211\u6574\u7ffc\u53d1\n|-supereffective|p1b: \u548c\u6211\u6574\u7ffc\u53d1\n|-enditem|p1b: \u548c\u6211\u6574\u7ffc\u53d1|Focus Sash\n|-damage|p1b: \u548c\u6211\u6574\u7ffc\u53d1|1/100\n|\n|-weather|RainDance|[upkeep]\n|upkeep\n|\n|t:|1773485584\n|switch|p1a: \u94f6\u91d1\u5996\u86c7|Miraidon, L50, shiny|100/100\n|-fieldstart|move: Electric Terrain|[from] ability: Hadron Engine|[of] p1a: \u94f6\u91d1\u5996\u86c7\n|turn|4\n|\n|t:|1773485600\n|-terastallize|p1a: \u94f6\u91d1\u5996\u86c7|Fairy\n|move|p1a: \u94f6\u91d1\u5996\u86c7|Electro Drift|p2b: Rhyperior\n|-activate|p2b: Rhyperior|ability: Lightning Rod\n|-ability|p2b: Rhyperior|Lightning Rod|boost\n|-boost|p2b: Rhyperior|spa|1\n|move|p1b: \u548c\u6211\u6574\u7ffc\u53d1|Moonblast|p2b: Rhyperior\n|-damage|p2b: Rhyperior|42/100\n|move|p2a: Farigiraf|Psychic|p1b: \u548c\u6211\u6574\u7ffc\u53d1\n|-damage|p1b: \u548c\u6211\u6574\u7ffc\u53d1|0 fnt\n|faint|p1b: \u548c\u6211\u6574\u7ffc\u53d1\n|-end|p1b: \u548c\u6211\u6574\u7ffc\u53d1|Protosynthesis|[silent]\n|move|p2b: Rhyperior|High Horsepower|p1a: \u94f6\u91d1\u5996\u86c7\n|-damage|p1a: \u94f6\u91d1\u5996\u86c7|54/100\n|\n|-weather|RainDance|[upkeep]\n|upkeep\n|turn|5\n|-message|blackred123 forfeited.\n|\n|win|migrainelad2\n|raw|blackred123's rating: 1382 &rarr; <strong>1357</strong><br />(-25 for losing)\n|raw|migrainelad2's rating: 1291 &rarr; <strong>1322</strong><br />(+31 for winning)\n|l|\u2606blackred123\n|player|p1|\n|l|\u2606migrainelad2\n|player|p2|\n","uploadtime":1773485849,"views":17,"formatid":"gen9vgc2026regi","rating":1322,"private":0,"password":null}