{"id":"gen9vgc2026regi-2522710052","format":"[Gen 9] VGC 2026 Reg I","players":["Tepig_nNz_498","kojimuranishi"],"log":"|j|\u2606Tepig_nNz_498\n|j|\u2606kojimuranishi\n|t:|1768936833\n|gametype|doubles\n|player|p1|Tepig_nNz_498|170|1267\n|player|p2|kojimuranishi|2|1425\n|gen|9\n|tier|[Gen 9] VGC 2026 Reg I\n|rated|\n|rule|Species Clause: Limit one of each Pok\u00e9mon\n|rule|Item Clause: Limit 1 of each item\n|clearpoke\n|poke|p1|Sinistcha-Masterpiece, L50|\n|poke|p1|Munkidori, L50, M|\n|poke|p1|Fezandipiti, L50, M|\n|poke|p1|Ogerpon-Cornerstone, L50, F|\n|poke|p1|Terapagos, L50, M|\n|poke|p1|Okidogi, L50, M|\n|poke|p2|Zamazenta-*, L50|\n|poke|p2|Lunala, L50|\n|poke|p2|Chien-Pao, L50|\n|poke|p2|Dragonite, L50, F|\n|poke|p2|Landorus, L50, M|\n|poke|p2|Urshifu-*, L50, M|\n|teampreview|4\n|inactive|Battle timer is ON: inactive players will automatically lose when time's up. (requested by kojimuranishi)\n|inactive|Tepig_nNz_498 has 60 seconds left.\n|\n|t:|1768936882\n|teamsize|p1|4\n|teamsize|p2|4\n|start\n|switch|p1a: Sinistcha|Sinistcha-Masterpiece, L50|100/100\n|switch|p1b: Ogerpon|Ogerpon-Cornerstone, L50, F|100/100\n|switch|p2a: Zamazenta|Zamazenta-Crowned, L50|100/100\n|switch|p2b: Lunala|Lunala, L50|100/100\n|-ability|p2a: Zamazenta|Dauntless Shield|boost\n|-boost|p2a: Zamazenta|def|1\n|turn|1\n|\n|t:|1768936901\n|-terastallize|p1a: Sinistcha|Water\n|move|p1b: Ogerpon|Ivy Cudgel|p2b: Lunala|[anim] Ivy Cudgel Rock\n|-damage|p2b: Lunala|78/100\n|move|p2a: Zamazenta|Behemoth Bash|p1a: Sinistcha\n|-resisted|p1a: Sinistcha\n|-damage|p1a: Sinistcha|86/100\n|move|p2b: Lunala|Moongeist Beam|p1a: Sinistcha\n|-damage|p1a: Sinistcha|33/100\n|move|p1a: Sinistcha|Trick Room|p1a: Sinistcha\n|-fieldstart|move: Trick Room|[of] p1a: Sinistcha\n|\n|upkeep\n|turn|2\n|\n|t:|1768936919\n|move|p1a: Sinistcha|Matcha Gotcha|p2a: Zamazenta|[spread] p2a,p2b\n|-resisted|p2a: Zamazenta\n|-damage|p2a: Zamazenta|93/100\n|-heal|p1a: Sinistcha|38/100|[from] drain|[of] p2a: Zamazenta\n|-damage|p2b: Lunala|62/100\n|-heal|p1a: Sinistcha|49/100|[from] drain|[of] p2b: Lunala\n|move|p2a: Zamazenta|Body Press|p1a: Sinistcha\n|-damage|p1a: Sinistcha|0 fnt\n|faint|p1a: Sinistcha\n|move|p1b: Ogerpon|Ivy Cudgel|p2b: Lunala|[anim] Ivy Cudgel Rock\n|-damage|p2b: Lunala|12/100\n|move|p2b: Lunala|Trick Room|p2b: Lunala\n|-fieldend|move: Trick Room\n|\n|upkeep\n|inactive|Tepig_nNz_498 has 30 seconds left.\n|inactive|Tepig_nNz_498 has 20 seconds left.\n|inactive|Tepig_nNz_498 has 15 seconds left.\n|inactive|Tepig_nNz_498 has 10 seconds left.\n|\n|t:|1768936966\n|switch|p1a: Munkidori|Munkidori, L50, M|100/100\n|turn|3\n|j| AstralWisp9\n|\n|t:|1768936979\n|move|p1a: Munkidori|Fake Out|p2a: Zamazenta\n|-resisted|p2a: Zamazenta\n|-damage|p2a: Zamazenta|91/100\n|move|p1b: Ogerpon|Ivy Cudgel|p2b: Lunala|[anim] Ivy Cudgel Rock\n|-damage|p2b: Lunala|0 fnt\n|faint|p2b: Lunala\n|cant|p2a: Zamazenta|flinch\n|\n|upkeep\n|\n|t:|1768936988\n|switch|p2b: Landorus|Landorus, L50, M|100/100\n|turn|4\n|\n|t:|1768937012\n|move|p1b: Ogerpon|Spiky Shield|p1b: Ogerpon\n|-singleturn|p1b: Ogerpon|move: Protect\n|move|p2b: Landorus|Sandsear Storm|p1a: Munkidori|[spread] p1a\n|-activate|p1b: Ogerpon|move: Protect\n|-supereffective|p1a: Munkidori\n|-enditem|p1a: Munkidori|Focus Sash\n|-damage|p1a: Munkidori|1/100\n|move|p1a: Munkidori|Psychic|p2b: Landorus\n|-damage|p2b: Landorus|44/100\n|-status|p2b: Landorus|tox|[from] ability: Toxic Chain|[of] p1a: Munkidori\n|move|p2a: Zamazenta|Body Press|p1a: Munkidori\n|-resisted|p1a: Munkidori\n|-damage|p1a: Munkidori|0 fnt\n|faint|p1a: Munkidori\n|\n|-damage|p2b: Landorus|37/100 tox|[from] psn\n|upkeep\n|\n|t:|1768937018\n|switch|p1a: Terapagos|Terapagos, L50, M|100/100\n|-activate|p1a: Terapagos|ability: Tera Shift\n|detailschange|p1a: Terapagos|Terapagos-Terastal, L50, M\n|-heal|p1a: Terapagos|100/100|[silent]\n|turn|5\n|\n|t:|1768937039\n|move|p1a: Terapagos|Protect|p1a: Terapagos\n|-singleturn|p1a: Terapagos|Protect\n|move|p2b: Landorus|Sandsear Storm|p1b: Ogerpon|[spread] p1b\n|-activate|p1a: Terapagos|move: Protect\n|-damage|p1b: Ogerpon|42/100\n|move|p1b: Ogerpon|Horn Leech|p2b: Landorus\n|-damage|p2b: Landorus|0 fnt\n|-heal|p1b: Ogerpon|62/100|[from] drain|[of] p2b: Landorus\n|faint|p2b: Landorus\n|move|p2a: Zamazenta|Body Press|p1b: Ogerpon\n|-supereffective|p1b: Ogerpon\n|-damage|p1b: Ogerpon|0 fnt\n|faint|p1b: Ogerpon\n|\n|upkeep\n|-message|Tepig_nNz_498 forfeited.\n|\n|win|kojimuranishi\n|raw|Tepig_nNz_498's rating: 1294 &rarr; <strong>1278</strong><br />(-16 for losing)\n|raw|kojimuranishi's rating: 1425 &rarr; <strong>1438</strong><br />(+13 for winning)\n|l|\u2606Tepig_nNz_498\n|player|p1|\n|l| AstralWisp9\n|l|\u2606kojimuranishi\n|player|p2|\n","uploadtime":1768937282,"views":13,"formatid":"gen9vgc2026regi","rating":1278,"private":0,"password":null}