{"id":"gen9vgc2026regi-2588339465","format":"[Gen 9] VGC 2026 Reg I","players":["VJ2511","kylervgc"],"log":"|j|\u2606VJ2511\n|j|\u2606kylervgc\n|t:|1776625401\n|gametype|doubles\n|player|p1|VJ2511|1|1604\n|player|p2|kylervgc|2|1509\n|gen|9\n|tier|[Gen 9] VGC 2026 Reg I\n|rated|\n|rule|Species Clause: Limit one of each Pok\u00e9mon\n|rule|Item Clause: Limit 1 of each item\n|clearpoke\n|poke|p1|Calyrex-Shadow, L50|\n|poke|p1|Zamazenta-*, L50|\n|poke|p1|Chien-Pao, L50|\n|poke|p1|Dragonite, L50, M|\n|poke|p1|Raging Bolt, L50|\n|poke|p1|Amoonguss, L50, M|\n|poke|p2|Raging Bolt, L50|\n|poke|p2|Kyogre, L50|\n|poke|p2|Calyrex-Ice, L50|\n|poke|p2|Rillaboom, L50, M|\n|poke|p2|Grimmsnarl, L50, M|\n|poke|p2|Urshifu-*, L50, M|\n|teampreview|4\n|inactive|Battle timer is ON: inactive players will automatically lose when time's up. (requested by kylervgc)\n|\n|t:|1776625418\n|teamsize|p1|4\n|teamsize|p2|4\n|start\n|switch|p1a: Zamazenta|Zamazenta-Crowned, L50|100/100\n|switch|p1b: Raging Bolt|Raging Bolt, L50|100/100\n|switch|p2a: Urshifu|Urshifu-Rapid-Strike, L50, M|100/100\n|switch|p2b: Rillaboom|Rillaboom, L50, M|100/100\n|-fieldstart|move: Grassy Terrain|[from] ability: Grassy Surge|[of] p2b: Rillaboom\n|-ability|p1a: Zamazenta|Dauntless Shield|boost\n|-boost|p1a: Zamazenta|def|1\n|-enditem|p1b: Raging Bolt|Booster Energy\n|-activate|p1b: Raging Bolt|ability: Protosynthesis|[fromitem]\n|-start|p1b: Raging Bolt|protosynthesisspa\n|turn|1\n|\n|t:|1776625442\n|-terastallize|p2a: Urshifu|Ghost\n|move|p2b: Rillaboom|Fake Out|p1b: Raging Bolt\n|-damage|p1b: Raging Bolt|89/100\n|move|p2a: Urshifu|Close Combat|p1a: Zamazenta\n|-supereffective|p1a: Zamazenta\n|-damage|p1a: Zamazenta|51/100\n|-unboost|p2a: Urshifu|def|1\n|-unboost|p2a: Urshifu|spd|1\n|move|p1a: Zamazenta|Body Press|p2b: Rillaboom\n|-damage|p2b: Rillaboom|31/100\n|cant|p1b: Raging Bolt|flinch\n|\n|-heal|p1a: Zamazenta|57/100|[from] Grassy Terrain\n|-heal|p2b: Rillaboom|37/100|[from] Grassy Terrain\n|-heal|p1b: Raging Bolt|95/100|[from] Grassy Terrain\n|upkeep\n|turn|2\n|\n|t:|1776625464\n|switch|p2a: Kyogre|Kyogre, L50|100/100\n|-weather|RainDance|[from] ability: Drizzle|[of] p2a: Kyogre\n|switch|p2b: Calyrex|Calyrex-Ice, L50|100/100\n|-ability|p2b: Calyrex|As One\n|-ability|p2b: Calyrex|Unnerve\n|move|p1a: Zamazenta|Body Press|p2b: Calyrex\n|-damage|p2b: Calyrex|64/100\n|move|p1b: Raging Bolt|Thunderbolt|p2a: Kyogre\n|-supereffective|p2a: Kyogre\n|-damage|p2a: Kyogre|14/100\n|\n|-weather|RainDance|[upkeep]\n|-heal|p1a: Zamazenta|63/100|[from] Grassy Terrain\n|-heal|p2a: Kyogre|20/100|[from] Grassy Terrain\n|-heal|p1b: Raging Bolt|100/100|[from] Grassy Terrain\n|-heal|p2b: Calyrex|70/100|[from] Grassy Terrain\n|-heal|p2b: Calyrex|75/100|[from] item: Leftovers\n|upkeep\n|turn|3\n|\n|t:|1776625480\n|move|p2a: Kyogre|Protect|p2a: Kyogre\n|-singleturn|p2a: Kyogre|Protect\n|move|p1a: Zamazenta|Body Press|p2b: Calyrex\n|-damage|p2b: Calyrex|41/100\n|move|p1b: Raging Bolt|Thunderbolt|p2b: Calyrex\n|-damage|p2b: Calyrex|1/100\n|move|p2b: Calyrex|Leech Seed|p1a: Zamazenta\n|-start|p1a: Zamazenta|move: Leech Seed\n|\n|-weather|RainDance|[upkeep]\n|-heal|p1a: Zamazenta|69/100|[from] Grassy Terrain\n|-heal|p2a: Kyogre|25/100|[from] Grassy Terrain\n|-heal|p2b: Calyrex|7/100|[from] Grassy Terrain\n|-heal|p2b: Calyrex|13/100|[from] item: Leftovers\n|-damage|p1a: Zamazenta|57/100|[from] Leech Seed|[of] p2b: Calyrex\n|-heal|p2b: Calyrex|25/100|[silent]\n|upkeep\n|turn|4\n|\n|t:|1776625502\n|move|p1a: Zamazenta|Body Press|p2a: Kyogre\n|-damage|p2a: Kyogre|0 fnt\n|faint|p2a: Kyogre\n|move|p1b: Raging Bolt|Thunderbolt|p2b: Calyrex\n|-damage|p2b: Calyrex|0 fnt\n|faint|p2b: Calyrex\n|\n|-weather|RainDance|[upkeep]\n|-heal|p1a: Zamazenta|63/100|[from] Grassy Terrain\n|upkeep\n|\n|t:|1776625509\n|switch|p2a: Urshifu|Urshifu-Rapid-Strike, L50, M, tera:Ghost|100/100\n|switch|p2b: Rillaboom|Rillaboom, L50, M|37/100\n|turn|5\n|\n|t:|1776625523\n|move|p2a: Urshifu|Surging Strikes|p1a: Zamazenta\n|-crit|p1a: Zamazenta\n|-damage|p1a: Zamazenta|46/100\n|-crit|p1a: Zamazenta\n|-damage|p1a: Zamazenta|29/100\n|-crit|p1a: Zamazenta\n|-damage|p1a: Zamazenta|10/100\n|-hitcount|p1a: Zamazenta|3\n|move|p2b: Rillaboom|Wood Hammer|p1b: Raging Bolt\n|-resisted|p1b: Raging Bolt\n|-damage|p1b: Raging Bolt|70/100\n|-damage|p2b: Rillaboom|25/100|[from] Recoil\n|move|p1a: Zamazenta|Body Press|p2b: Rillaboom\n|-crit|p2b: Rillaboom\n|-damage|p2b: Rillaboom|0 fnt\n|faint|p2b: Rillaboom\n|move|p1b: Raging Bolt|Thunderbolt|p2a: Urshifu\n|-damage|p2a: Urshifu|0 fnt\n|faint|p2a: Urshifu\n|\n|win|VJ2511\n|raw|VJ2511's rating: 1604 &rarr; <strong>1619</strong><br />(+15 for winning)\n|raw|kylervgc's rating: 1509 &rarr; <strong>1494</strong><br />(-15 for losing)\n|l|\u2606kylervgc\n|player|p2|\n","uploadtime":1776625543,"views":11,"formatid":"gen9vgc2026regi","rating":1494,"private":0,"password":null}