{"id":"gen9vgc2026regi-2526091909","format":"[Gen 9] VGC 2026 Reg I","players":["ice spice rider","marcxhenry"],"log":"|j|\u2606ice spice rider\n|j|\u2606marcxhenry\n|t:|1769370807\n|gametype|doubles\n|player|p1|ice spice rider|169|1393\n|player|p2|marcxhenry|hilbert-wonderlauncher|1515\n|gen|9\n|tier|[Gen 9] VGC 2026 Reg I\n|rated|\n|rule|Species Clause: Limit one of each Pok\u00e9mon\n|rule|Item Clause: Limit 1 of each item\n|clearpoke\n|poke|p1|Calyrex-Shadow, L50|\n|poke|p1|Zamazenta-*, L50|\n|poke|p1|Ting-Lu, L50|\n|poke|p1|Dondozo, L50, M|\n|poke|p1|Chien-Pao, L50|\n|poke|p1|Ogerpon-Hearthflame, L50, F|\n|poke|p2|Conkeldurr, L50, M|\n|poke|p2|Palkia-Origin, L50|\n|poke|p2|Indeedee-F, L50, F|\n|poke|p2|Calyrex-Ice, L50|\n|poke|p2|Pelipper, L50, M|\n|poke|p2|Ursaluna-Bloodmoon, L50, M|\n|teampreview|4\n|\n|t:|1769370841\n|teamsize|p1|4\n|teamsize|p2|4\n|start\n|switch|p1a: Jordan 96/97|Ting-Lu, L50|100/100\n|switch|p1b: Ivan Karamazov|Dondozo, L50, M|100/100\n|switch|p2a: Palkia|Palkia-Origin, L50|100/100\n|switch|p2b: Indeedee|Indeedee-F, L50, F, shiny|100/100\n|-fieldstart|move: Psychic Terrain|[from] ability: Psychic Surge|[of] p2b: Indeedee\n|-ability|p1a: Jordan 96/97|Vessel of Ruin\n|turn|1\n|\n|t:|1769370858\n|move|p2b: Indeedee|Helping Hand|p2a: Palkia\n|-singleturn|p2a: Palkia|Helping Hand|[of] p2b: Indeedee\n|move|p2a: Palkia|Spacial Rend|p1b: Ivan Karamazov\n|-crit|p1b: Ivan Karamazov\n|-damage|p1b: Ivan Karamazov|18/100\n|move|p1a: Jordan 96/97|Sand Tomb|p2b: Indeedee\n|-damage|p2b: Indeedee|88/100\n|-activate|p2b: Indeedee|move: Sand Tomb|[of] p1a: Jordan 96/97\n|move|p1b: Ivan Karamazov|Yawn|p2a: Palkia\n|-start|p2a: Palkia|move: Yawn|[of] p1b: Ivan Karamazov\n|\n|-heal|p1b: Ivan Karamazov|24/100|[from] item: Leftovers\n|-damage|p2b: Indeedee|76/100|[from] move: Sand Tomb|[partiallytrapped]\n|upkeep\n|turn|2\n|j| here's where king!\n|\n|t:|1769370883\n|move|p2b: Indeedee|Helping Hand|p2a: Palkia\n|-singleturn|p2a: Palkia|Helping Hand|[of] p2b: Indeedee\n|move|p2a: Palkia|Hydro Pump|p1a: Jordan 96/97\n|-supereffective|p1a: Jordan 96/97\n|-damage|p1a: Jordan 96/97|0 fnt\n|faint|p1a: Jordan 96/97\n|move|p1b: Ivan Karamazov|Yawn|p2b: Indeedee\n|-start|p2b: Indeedee|move: Yawn|[of] p1b: Ivan Karamazov\n|\n|-heal|p1b: Ivan Karamazov|30/100|[from] item: Leftovers\n|-end|p2b: Indeedee|Sand Tomb|[partiallytrapped]|[silent]\n|-end|p2a: Palkia|move: Yawn|[silent]\n|-status|p2a: Palkia|slp\n|upkeep\n|\n|t:|1769370907\n|switch|p1a: 221 speed|Calyrex-Shadow, L50|100/100\n|-ability|p1a: 221 speed|As One\n|-ability|p1a: 221 speed|Unnerve\n|turn|3\n|\n|t:|1769370920\n|switch|p2a: Ursaluna|Ursaluna-Bloodmoon, L50, M|100/100\n|move|p1a: 221 speed|Astral Barrage|p2b: Indeedee|[spread] \n|-immune|p2a: Ursaluna\n|-immune|p2b: Indeedee\n|move|p1b: Ivan Karamazov|Substitute|p1b: Ivan Karamazov\n|-start|p1b: Ivan Karamazov|Substitute\n|-damage|p1b: Ivan Karamazov|5/100\n|move|p2b: Indeedee|Trick Room|p2b: Indeedee\n|-fieldstart|move: Trick Room|[of] p2b: Indeedee\n|\n|-heal|p1b: Ivan Karamazov|11/100|[from] item: Leftovers\n|-end|p2b: Indeedee|move: Yawn|[silent]\n|-status|p2b: Indeedee|slp\n|upkeep\n|turn|4\n|\n|t:|1769370937\n|switch|p2b: Calyrex|Calyrex-Ice, L50|100/100\n|-ability|p2b: Calyrex|As One\n|-ability|p2b: Calyrex|Unnerve\n|-terastallize|p2a: Ursaluna|Normal\n|move|p1b: Ivan Karamazov|Yawn|p2a: Ursaluna\n|-start|p2a: Ursaluna|move: Yawn|[of] p1b: Ivan Karamazov\n|move|p2a: Ursaluna|Hyper Voice|p1b: Ivan Karamazov|[spread] p1a,p1b\n|-damage|p1a: 221 speed|25/100\n|-damage|p1b: Ivan Karamazov|0 fnt\n|faint|p1b: Ivan Karamazov\n|-damage|p2a: Ursaluna|91/100|[from] item: Life Orb\n|move|p1a: 221 speed|Psychic|p2a: Ursaluna\n|-damage|p2a: Ursaluna|19/100\n|\n|upkeep\n|\n|t:|1769370952\n|switch|p1b: Magnus Carlsen|Zamazenta-Crowned, L50|100/100\n|-ability|p1b: Magnus Carlsen|Dauntless Shield|boost\n|-boost|p1b: Magnus Carlsen|def|1\n|turn|5\n|\n|t:|1769370964\n|move|p1b: Magnus Carlsen|Protect|p1b: Magnus Carlsen\n|-singleturn|p1b: Magnus Carlsen|Protect\n|move|p1a: 221 speed|Protect|p1a: 221 speed\n|-singleturn|p1a: 221 speed|Protect\n|move|p2b: Calyrex|High Horsepower|p1a: 221 speed\n|-activate|p1a: 221 speed|move: Protect\n|move|p2a: Ursaluna|Earth Power|p1b: Magnus Carlsen\n|-activate|p1b: Magnus Carlsen|move: Protect\n|\n|-end|p2a: Ursaluna|move: Yawn|[silent]\n|-status|p2a: Ursaluna|slp\n|-fieldend|move: Psychic Terrain\n|upkeep\n|turn|6\n|\n|t:|1769370985\n|move|p2b: Calyrex|High Horsepower|p1a: 221 speed\n|-damage|p1a: 221 speed|0 fnt\n|faint|p1a: 221 speed\n|-ability|p2b: Calyrex|Chilling Neigh|boost\n|-boost|p2b: Calyrex|atk|1\n|cant|p2a: Ursaluna|slp\n|move|p1b: Magnus Carlsen|Body Press|p2b: Calyrex\n|-damage|p2b: Calyrex|54/100\n|\n|upkeep\n|turn|7\n|\n|t:|1769371003\n|move|p2b: Calyrex|Protect|p2b: Calyrex\n|-singleturn|p2b: Calyrex|Protect\n|cant|p2a: Ursaluna|slp\n|move|p1b: Magnus Carlsen|Body Press|p2b: Calyrex\n|-activate|p2b: Calyrex|move: Protect\n|\n|-fieldend|move: Trick Room\n|upkeep\n|turn|8\n|\n|t:|1769371013\n|-terastallize|p1b: Magnus Carlsen|Dragon\n|move|p1b: Magnus Carlsen|Body Press|p2b: Calyrex\n|-damage|p2b: Calyrex|12/100\n|cant|p2a: Ursaluna|slp\n|move|p2b: Calyrex|Trick Room|p2b: Calyrex\n|-fieldstart|move: Trick Room|[of] p2b: Calyrex\n|\n|upkeep\n|turn|9\n|\n|t:|1769371024\n|move|p2b: Calyrex|Glacial Lance|p1b: Magnus Carlsen\n|-supereffective|p1b: Magnus Carlsen\n|-damage|p1b: Magnus Carlsen|7/100\n|-curestatus|p2a: Ursaluna|slp|[msg]\n|move|p2a: Ursaluna|Blood Moon|p1b: Magnus Carlsen\n|-damage|p1b: Magnus Carlsen|0 fnt\n|faint|p1b: Magnus Carlsen\n|-damage|p2a: Ursaluna|10/100|[from] item: Life Orb\n|\n|win|marcxhenry\n|raw|ice spice rider's rating: 1409 &rarr; <strong>1395</strong><br />(-14 for losing)\n|raw|marcxhenry's rating: 1515 &rarr; <strong>1529</strong><br />(+14 for winning)\n|l|\u2606ice spice rider\n|player|p1|\n|l|\u2606marcxhenry\n|player|p2|\n|l| here's where king!\n","uploadtime":1769371265,"views":14,"formatid":"gen9vgc2026regi","rating":1395,"private":0,"password":null}