{"id":"gen9vgc2026regi-2578941041","format":"[Gen 9] VGC 2026 Reg I","players":["Jigawoho","asroarri"],"log":"|j|\u2606Jigawoho\n|j|\u2606asroarri\n|t:|1775738755\n|gametype|doubles\n|player|p1|Jigawoho|266|1525\n|player|p2|asroarri|dawn|1620\n|gen|9\n|tier|[Gen 9] VGC 2026 Reg I\n|rated|\n|rule|Species Clause: Limit one of each Pok\u00e9mon\n|rule|Item Clause: Limit 1 of each item\n|clearpoke\n|poke|p1|Koraidon, L50|\n|poke|p1|Calyrex-Shadow, L50|\n|poke|p1|Weezing-Galar, L50, M|\n|poke|p1|Iron Treads, L50|\n|poke|p1|Chi-Yu, L50|\n|poke|p1|Rillaboom, L50, F|\n|poke|p2|Calyrex-Ice, L50|\n|poke|p2|Miraidon, L50|\n|poke|p2|Iron Hands, L50|\n|poke|p2|Farigiraf, L50, F|\n|poke|p2|Torkoal, L50, M|\n|poke|p2|Smeargle, L50, F|\n|teampreview|4\n|inactive|Battle timer is ON: inactive players will automatically lose when time's up. (requested by asroarri)\n|\n|t:|1775738796\n|teamsize|p1|4\n|teamsize|p2|4\n|start\n|switch|p1a: Rillaboom|Rillaboom, L50, F|100/100\n|switch|p1b: Koraidon|Koraidon, L50|100/100\n|switch|p2a: Calyrex|Calyrex-Ice, L50|100/100\n|switch|p2b: Smeargle|Smeargle, L50, F|100/100\n|-ability|p2a: Calyrex|As One\n|-ability|p2a: Calyrex|Unnerve\n|-weather|SunnyDay|[from] ability: Orichalcum Pulse|[of] p1b: Koraidon\n|-activate|p1b: Koraidon|Orichalcum Pulse|[source]\n|-fieldstart|move: Grassy Terrain|[from] ability: Grassy Surge|[of] p1a: Rillaboom\n|turn|1\n|\n|t:|1775738809\n|-terastallize|p1b: Koraidon|Fire\n|-terastallize|p2a: Calyrex|Ground\n|move|p1a: Rillaboom|Fake Out|p2b: Smeargle\n|-damage|p2b: Smeargle|83/100\n|cant|p2b: Smeargle|flinch\n|move|p1b: Koraidon|Flare Blitz|p2a: Calyrex\n|-damage|p2a: Calyrex|28/100\n|-status|p2a: Calyrex|brn\n|-damage|p1b: Koraidon|72/100|[from] Recoil\n|move|p2a: Calyrex|Trick Room|p2a: Calyrex\n|-fieldstart|move: Trick Room|[of] p2a: Calyrex\n|\n|-weather|SunnyDay|[upkeep]\n|-heal|p2a: Calyrex|34/100 brn|[from] Grassy Terrain\n|-heal|p2b: Smeargle|89/100|[from] Grassy Terrain\n|-heal|p1b: Koraidon|78/100|[from] Grassy Terrain\n|-damage|p2a: Calyrex|28/100 brn|[from] brn\n|upkeep\n|turn|2\n|\n|t:|1775738831\n|move|p1b: Koraidon|Protect|p1b: Koraidon\n|-singleturn|p1b: Koraidon|Protect\n|move|p1a: Rillaboom|Grassy Glide|p2a: Calyrex\n|-supereffective|p2a: Calyrex\n|-damage|p2a: Calyrex|0 fnt\n|faint|p2a: Calyrex\n|move|p2b: Smeargle|Spore|p1b: Koraidon\n|-activate|p1b: Koraidon|move: Protect\n|\n|-weather|SunnyDay|[upkeep]\n|-heal|p2b: Smeargle|96/100|[from] Grassy Terrain\n|-heal|p1b: Koraidon|83/100|[from] Grassy Terrain\n|upkeep\n|\n|t:|1775738835\n|switch|p2a: Torkoal|Torkoal, L50, M|100/100\n|turn|3\n|\n|t:|1775738847\n|move|p1a: Rillaboom|Grassy Glide|p2b: Smeargle\n|-damage|p2b: Smeargle|49/100\n|move|p2a: Torkoal|Eruption|p1a: Rillaboom|[spread] p1a,p1b\n|-supereffective|p1a: Rillaboom\n|-resisted|p1b: Koraidon\n|-damage|p1a: Rillaboom|0 fnt\n|-damage|p1b: Koraidon|25/100\n|faint|p1a: Rillaboom\n|move|p2b: Smeargle|Spore|p1b: Koraidon\n|-status|p1b: Koraidon|slp|[from] move: Spore\n|cant|p1b: Koraidon|slp\n|\n|-weather|SunnyDay|[upkeep]\n|-heal|p2b: Smeargle|55/100|[from] Grassy Terrain\n|-heal|p1b: Koraidon|31/100 slp|[from] Grassy Terrain\n|upkeep\n|\n|t:|1775738858\n|switch|p1a: Weezing|Weezing-Galar, L50, M|100/100\n|-ability|p1a: Weezing|Neutralizing Gas\n|-block|p1b: Koraidon|item: Ability Shield\n|turn|4\n|\n|t:|1775738866\n|move|p1a: Weezing|Protect|p1a: Weezing\n|-singleturn|p1a: Weezing|Protect\n|cant|p1b: Koraidon|slp\n|move|p2a: Torkoal|Eruption|p1b: Koraidon|[spread] p1b\n|-activate|p1a: Weezing|move: Protect\n|-resisted|p1b: Koraidon\n|-damage|p1b: Koraidon|0 fnt\n|faint|p1b: Koraidon\n|move|p2b: Smeargle|Spore|p1a: Weezing\n|-activate|p1a: Weezing|move: Protect\n|\n|-weather|SunnyDay|[upkeep]\n|-heal|p2b: Smeargle|62/100|[from] Grassy Terrain\n|upkeep\n|\n|t:|1775738874\n|switch|p1b: Calyrex|Calyrex-Shadow, L50|100/100\n|-ability|p1b: Calyrex|As One\n|-ability|p1b: Calyrex|Unnerve\n|turn|5\n|\n|t:|1775738892\n|move|p1b: Calyrex|Protect|p1b: Calyrex\n|-singleturn|p1b: Calyrex|Protect\n|move|p2a: Torkoal|Eruption|p1b: Calyrex|[spread] p1a\n|-activate|p1b: Calyrex|move: Protect\n|-damage|p1a: Weezing|0 fnt\n|faint|p1a: Weezing\n|-end|p1a: Weezing|ability: Neutralizing Gas\n|move|p2b: Smeargle|Spore|p1b: Calyrex\n|-activate|p1b: Calyrex|move: Protect\n|\n|-weather|none\n|-heal|p2b: Smeargle|68/100|[from] Grassy Terrain\n|-fieldend|move: Trick Room\n|-fieldend|move: Grassy Terrain\n|upkeep\n|turn|6\n|\n|t:|1775738908\n|move|p1b: Calyrex|Psychic|p2b: Smeargle\n|-damage|p2b: Smeargle|0 fnt\n|faint|p2b: Smeargle\n|-ability|p1b: Calyrex|Grim Neigh|boost\n|-boost|p1b: Calyrex|spa|1\n|move|p2a: Torkoal|Eruption|p1b: Calyrex\n|-damage|p1b: Calyrex|5/100\n|\n|upkeep\n|\n|t:|1775738910\n|switch|p2b: Miraidon|Miraidon, L50|100/100\n|-fieldstart|move: Electric Terrain|[from] ability: Hadron Engine|[of] p2b: Miraidon\n|turn|7\n|\n|t:|1775738913\n|move|p2b: Miraidon|Electro Drift|p1b: Calyrex\n|-damage|p1b: Calyrex|0 fnt\n|faint|p1b: Calyrex\n|\n|win|asroarri\n|raw|Jigawoho's rating: 1525 &rarr; <strong>1510</strong><br />(-15 for losing)\n|raw|asroarri's rating: 1620 &rarr; <strong>1635</strong><br />(+15 for winning)\n|l|\u2606Jigawoho\n|player|p1|\n|l|\u2606asroarri\n|player|p2|\n","uploadtime":1775739134,"views":15,"formatid":"gen9vgc2026regi","rating":1510,"private":0,"password":null}