{"id":"gen9vgc2026regi-2563081352","format":"[Gen 9] VGC 2026 Reg I","players":["Dioxide8","1VLTSQ Joker"],"log":"|raw|<div class=\"broadcast-blue\"><strong>This battle is required to be public due to a player having a name starting with '1vltsq'.</div>\n|j|\u2606Dioxide8\n|j|\u26061VLTSQ Joker\n|t:|1773982348\n|gametype|doubles\n|player|p1|Dioxide8|265|1424\n|player|p2|1VLTSQ Joker|blue|1479\n|gen|9\n|tier|[Gen 9] VGC 2026 Reg I\n|rated|\n|rule|Species Clause: Limit one of each Pok\u00e9mon\n|rule|Item Clause: Limit 1 of each item\n|clearpoke\n|poke|p1|Brute Bonnet, L50|\n|poke|p1|Lunala, L50|\n|poke|p1|Ursaluna, L50, M|\n|poke|p1|Chi-Yu, L50|\n|poke|p1|Koraidon, L50|\n|poke|p1|Flutter Mane, L50|\n|poke|p2|Calyrex-Ice, L50|\n|poke|p2|Smeargle, L50, F|\n|poke|p2|Kyogre, L50|\n|poke|p2|Maushold, L50|\n|poke|p2|Volcarona, L50, F|\n|poke|p2|Chesnaught, L50, F|\n|teampreview|4\n|inactive|Battle timer is ON: inactive players will automatically lose when time's up. (requested by Dioxide8)\n|inactive|Dioxide8 has 60 seconds left.\n|\n|t:|1773982395\n|teamsize|p1|4\n|teamsize|p2|4\n|start\n|switch|p1a: Chi-Yu|Chi-Yu, L50|100/100\n|switch|p1b: Flutter Mane|Flutter Mane, L50|100/100\n|switch|p2a: Calyrex|Calyrex-Ice, L50|100/100\n|switch|p2b: Smeargle|Smeargle, L50, F|100/100\n|-ability|p2a: Calyrex|As One\n|-ability|p2a: Calyrex|Unnerve\n|-ability|p1a: Chi-Yu|Beads of Ruin\n|turn|1\n|inactive|Dioxide8 has 30 seconds left.\n|inactive|1VLTSQ Joker has 30 seconds left.\n|\n|t:|1773982428\n|switch|p1a: Lunala|Lunala, L50|100/100\n|switch|p2b: Kyogre|Kyogre, L50|100/100\n|-weather|RainDance|[from] ability: Drizzle|[of] p2b: Kyogre\n|-terastallize|p2a: Calyrex|Grass\n|move|p1b: Flutter Mane|Moonblast|p2a: Calyrex\n|-damage|p2a: Calyrex|76/100\n|move|p2a: Calyrex|Glacial Lance|p1b: Flutter Mane|[spread] p1a,p1b\n|-damage|p1a: Lunala|76/100\n|-enditem|p1b: Flutter Mane|Focus Sash\n|-damage|p1b: Flutter Mane|1/100\n|\n|-weather|RainDance|[upkeep]\n|upkeep\n|turn|2\n|inactive|Dioxide8 has 30 seconds left.\n|inactive|1VLTSQ Joker has 30 seconds left.\n|inactive|Dioxide8 has 20 seconds left.\n|inactive|1VLTSQ Joker has 20 seconds left.\n|inactive|Dioxide8 has 15 seconds left.\n|\n|t:|1773982469\n|move|p2b: Kyogre|Water Spout|p1b: Flutter Mane|[spread] p1a,p1b\n|-damage|p1a: Lunala|11/100\n|-damage|p1b: Flutter Mane|0 fnt\n|faint|p1b: Flutter Mane\n|-end|p1b: Flutter Mane|Protosynthesis|[silent]\n|move|p1a: Lunala|Meteor Beam||[still]\n|-prepare|p1a: Lunala|Meteor Beam\n|-boost|p1a: Lunala|spa|1\n|-enditem|p1a: Lunala|Power Herb\n|-anim|p1a: Lunala|Meteor Beam|p2b: Kyogre\n|-damage|p2b: Kyogre|49/100\n|move|p2a: Calyrex|Crunch|p1a: Lunala\n|-supereffective|p1a: Lunala\n|-damage|p1a: Lunala|0 fnt\n|faint|p1a: Lunala\n|-ability|p2a: Calyrex|Chilling Neigh|boost\n|-boost|p2a: Calyrex|atk|1\n|\n|-weather|RainDance|[upkeep]\n|upkeep\n|\n|t:|1773982478\n|switch|p1b: Chi-Yu|Chi-Yu, L50|100/100\n|switch|p1a: Koraidon|Koraidon, L50|100/100\n|-ability|p1b: Chi-Yu|Beads of Ruin\n|-weather|SunnyDay|[from] ability: Orichalcum Pulse|[of] p1a: Koraidon\n|-activate|p1a: Koraidon|Orichalcum Pulse|[source]\n|turn|3\n|\n|t:|1773982500\n|switch|p2b: Maushold|Maushold, L50|100/100\n|switch|p2a: Smeargle|Smeargle, L50, F|100/100\n|move|p1b: Chi-Yu|Heat Wave|p2a: Smeargle|[spread] p2a,p2b\n|-crit|p2a: Smeargle\n|-enditem|p2a: Smeargle|Focus Sash\n|-damage|p2a: Smeargle|1/100\n|-damage|p2b: Maushold|0 fnt\n|faint|p2b: Maushold\n|move|p1a: Koraidon|Flame Charge|p2a: Smeargle\n|-damage|p2a: Smeargle|0 fnt\n|-boost|p1a: Koraidon|spe|1\n|faint|p2a: Smeargle\n|-damage|p1a: Koraidon|91/100|[from] item: Life Orb\n|\n|-weather|SunnyDay|[upkeep]\n|upkeep\n|inactive|1VLTSQ Joker has 30 seconds left.\n|inactive|1VLTSQ Joker has 20 seconds left.\n|inactive|1VLTSQ Joker has 15 seconds left.\n|inactive|1VLTSQ Joker has 10 seconds left.\n|inactive|1VLTSQ Joker has 5 seconds left.\n|\n|t:|1773982555\n|switch|p2b: Kyogre|Kyogre, L50|49/100\n|switch|p2a: Calyrex|Calyrex-Ice, L50, tera:Grass|76/100\n|-ability|p2a: Calyrex|As One\n|-ability|p2a: Calyrex|Unnerve\n|-weather|RainDance|[from] ability: Drizzle|[of] p2b: Kyogre\n|turn|4\n|\n|t:|1773982579\n|-terastallize|p1b: Chi-Yu|Ghost\n|move|p1a: Koraidon|Close Combat|p2b: Kyogre\n|-damage|p2b: Kyogre|0 fnt\n|-unboost|p1a: Koraidon|def|1\n|-unboost|p1a: Koraidon|spd|1\n|faint|p2b: Kyogre\n|-damage|p1a: Koraidon|81/100|[from] item: Life Orb\n|move|p1b: Chi-Yu|Heat Wave|p2a: Calyrex\n|-supereffective|p2a: Calyrex\n|-damage|p2a: Calyrex|41/100\n|move|p2a: Calyrex|Glacial Lance|p1b: Chi-Yu|[spread] p1a,p1b\n|-supereffective|p1a: Koraidon\n|-crit|p1a: Koraidon\n|-damage|p1a: Koraidon|0 fnt\n|-damage|p1b: Chi-Yu|17/100\n|faint|p1a: Koraidon\n|-ability|p2a: Calyrex|Chilling Neigh|boost\n|-boost|p2a: Calyrex|atk|1\n|\n|-weather|RainDance|[upkeep]\n|upkeep\n|turn|5\n|\n|t:|1773982596\n|move|p1b: Chi-Yu|Heat Wave|p2a: Calyrex\n|-supereffective|p2a: Calyrex\n|-damage|p2a: Calyrex|6/100\n|move|p2a: Calyrex|Glacial Lance|p1b: Chi-Yu\n|-damage|p1b: Chi-Yu|0 fnt\n|faint|p1b: Chi-Yu\n|\n|win|1VLTSQ Joker\n|raw|Dioxide8's rating: 1424 &rarr; <strong>1407</strong><br />(-17 for losing)\n|raw|1VLTSQ Joker's rating: 1479 &rarr; <strong>1496</strong><br />(+17 for winning)\n|l|\u2606Dioxide8\n|player|p1|\n|l|\u26061VLTSQ Joker\n|player|p2|\n","uploadtime":1773982851,"views":13,"formatid":"gen9vgc2026regi","rating":1407,"private":0,"password":null}