{"id":"gen9vgc2026regi-2516735487","format":"[Gen 9] VGC 2026 Reg I","players":["wasaad","kojimuranishi"],"log":"|j|\u2606wasaad\n|j|\u2606kojimuranishi\n|t:|1768175369\n|gametype|doubles\n|player|p1|wasaad|266|1279\n|player|p2|kojimuranishi|265|1379\n|gen|9\n|tier|[Gen 9] VGC 2026 Reg I\n|rated|\n|rule|Species Clause: Limit one of each Pok\u00e9mon\n|rule|Item Clause: Limit 1 of each item\n|clearpoke\n|poke|p1|Kyurem-White, L50|\n|poke|p1|Zacian-*, L50|\n|poke|p1|Sableye, L50, M|\n|poke|p1|Urshifu-*, L50, F|\n|poke|p1|Amoonguss, L50, M|\n|poke|p1|Incineroar, L50, M|\n|poke|p2|Raging Bolt, L50|\n|poke|p2|Calyrex-Ice, L50|\n|poke|p2|Kyogre, L50|\n|poke|p2|Indeedee-F, L50, F|\n|poke|p2|Ursaluna, L50, M|\n|poke|p2|Urshifu-*, L50, M|\n|teampreview|4\n|inactive|Battle timer is ON: inactive players will automatically lose when time's up. (requested by kojimuranishi)\n|inactive|kojimuranishi has 60 seconds left.\n|\n|t:|1768175410\n|teamsize|p1|4\n|teamsize|p2|4\n|start\n|switch|p1a: Amoonguss|Amoonguss, L50, M|100/100\n|switch|p1b: Zacian|Zacian-Crowned, L50|100/100\n|switch|p2a: Indeedee|Indeedee-F, L50, F|100/100\n|switch|p2b: Kyogre|Kyogre, L50|100/100\n|-weather|RainDance|[from] ability: Drizzle|[of] p2b: Kyogre\n|-ability|p1b: Zacian|Intrepid Sword|boost\n|-boost|p1b: Zacian|atk|1\n|-fieldstart|move: Psychic Terrain|[from] ability: Psychic Surge|[of] p2a: Indeedee\n|turn|1\n|\n|t:|1768175426\n|-terastallize|p2b: Kyogre|Water\n|move|p1b: Zacian|Protect|p1b: Zacian\n|-singleturn|p1b: Zacian|Protect\n|move|p2b: Kyogre|Water Spout|p1a: Amoonguss|[spread] p1a\n|-activate|p1b: Zacian|move: Protect\n|-resisted|p1a: Amoonguss\n|-damage|p1a: Amoonguss|47/100\n|-enditem|p1a: Amoonguss|Sitrus Berry|[eat]\n|-heal|p1a: Amoonguss|71/100|[from] item: Sitrus Berry\n|move|p2a: Indeedee|Psychic|p1a: Amoonguss\n|-supereffective|p1a: Amoonguss\n|-damage|p1a: Amoonguss|6/100\n|move|p1a: Amoonguss|Spore|p2b: Kyogre\n|-status|p2b: Kyogre|slp|[from] move: Spore\n|\n|-weather|RainDance|[upkeep]\n|upkeep\n|turn|2\n|inactive|kojimuranishi has 30 seconds left.\n|inactive|wasaad has 30 seconds left.\n|\n|t:|1768175460\n|cant|p2b: Kyogre|slp\n|move|p1b: Zacian|Play Rough|p2a: Indeedee|[miss]\n|-miss|p1b: Zacian|p2a: Indeedee\n|move|p1a: Amoonguss|Spore|p2b: Kyogre\n|-fail|p2b: Kyogre|slp\n|move|p2a: Indeedee|Trick Room|p2a: Indeedee\n|-fieldstart|move: Trick Room|[of] p2a: Indeedee\n|\n|-weather|RainDance|[upkeep]\n|upkeep\n|turn|3\n|\n|t:|1768175481\n|switch|p2b: Ursaluna|Ursaluna, L50, M|100/100\n|move|p1a: Amoonguss|Spore|p2a: Indeedee\n|-status|p2a: Indeedee|slp|[from] move: Spore\n|cant|p2a: Indeedee|slp\n|move|p1b: Zacian|Play Rough|p2b: Ursaluna\n|-damage|p2b: Ursaluna|46/100\n|\n|-weather|RainDance|[upkeep]\n|-status|p2b: Ursaluna|brn|[from] item: Flame Orb\n|upkeep\n|turn|4\n|\n|t:|1768175501\n|move|p1a: Amoonguss|Spore||[still]\n|-fail|p1a: Amoonguss\n|move|p2b: Ursaluna|Facade|p1a: Amoonguss\n|-damage|p1a: Amoonguss|0 fnt\n|faint|p1a: Amoonguss\n|-curestatus|p2a: Indeedee|slp|[msg]\n|move|p2a: Indeedee|Heal Pulse|p2b: Ursaluna\n|-heal|p2b: Ursaluna|96/100 brn\n|move|p1b: Zacian|Behemoth Blade|p2a: Indeedee\n|-damage|p2a: Indeedee|14/100\n|-damage|p1b: Zacian|84/100|[from] item: Rocky Helmet|[of] p2a: Indeedee\n|\n|-weather|RainDance|[upkeep]\n|-damage|p2b: Ursaluna|90/100 brn|[from] brn\n|upkeep\n|\n|t:|1768175508\n|switch|p1a: Incineroar|Incineroar, L50, M|100/100\n|-ability|p1a: Incineroar|Intimidate|boost\n|-unboost|p2a: Indeedee|atk|1\n|-unboost|p2b: Ursaluna|atk|1\n|turn|5\n|\n|t:|1768175531\n|move|p1b: Zacian|Protect|p1b: Zacian\n|-singleturn|p1b: Zacian|Protect\n|move|p2a: Indeedee|Follow Me|p2a: Indeedee\n|-singleturn|p2a: Indeedee|move: Follow Me\n|move|p2b: Ursaluna|Headlong Rush|p1a: Incineroar\n|-supereffective|p1a: Incineroar\n|-damage|p1a: Incineroar|0 fnt\n|-unboost|p2b: Ursaluna|def|1\n|-unboost|p2b: Ursaluna|spd|1\n|faint|p1a: Incineroar\n|\n|-weather|none\n|-damage|p2b: Ursaluna|84/100 brn|[from] brn\n|-fieldend|move: Psychic Terrain\n|upkeep\n|\n|t:|1768175538\n|switch|p1a: Kyurem|Kyurem-White, L50, shiny|100/100\n|-ability|p1a: Kyurem|Turboblaze\n|turn|6\n|j| riyuezi\n|\n|t:|1768175552\n|-terastallize|p1b: Zacian|Ground\n|move|p2a: Indeedee|Follow Me|p2a: Indeedee\n|-singleturn|p2a: Indeedee|move: Follow Me\n|move|p2b: Ursaluna|Headlong Rush|p1b: Zacian\n|-damage|p1b: Zacian|11/100\n|-unboost|p2b: Ursaluna|def|1\n|-unboost|p2b: Ursaluna|spd|1\n|move|p1a: Kyurem|Blizzard|p2a: Indeedee|[spread] p2a,p2b\n|-supereffective|p2b: Ursaluna\n|-damage|p2a: Indeedee|0 fnt\n|-damage|p2b: Ursaluna|0 fnt\n|faint|p2a: Indeedee\n|faint|p2b: Ursaluna\n|move|p1b: Zacian|Behemoth Blade|p2: Indeedee|[notarget]\n|-fail|p1b: Zacian\n|\n|-fieldend|move: Trick Room\n|upkeep\n|\n|t:|1768175569\n|switch|p2a: Raging Bolt|Raging Bolt, L50|100/100\n|switch|p2b: Kyogre|Kyogre, L50, tera:Water|100/100 slp\n|-weather|RainDance|[from] ability: Drizzle|[of] p2b: Kyogre\n|-enditem|p2a: Raging Bolt|Booster Energy\n|-activate|p2a: Raging Bolt|ability: Protosynthesis|[fromitem]\n|-start|p2a: Raging Bolt|protosynthesisspa\n|turn|7\n|\n|t:|1768175579\n|move|p2a: Raging Bolt|Protect|p2a: Raging Bolt\n|-singleturn|p2a: Raging Bolt|Protect\n|cant|p2b: Kyogre|slp\n|move|p1b: Zacian|Tera Blast|p2a: Raging Bolt|[anim] Tera Blast Ground\n|-activate|p2a: Raging Bolt|move: Protect\n|move|p1a: Kyurem|Freeze-Dry|p2b: Kyogre\n|-supereffective|p2b: Kyogre\n|-damage|p2b: Kyogre|21/100 slp\n|\n|-weather|RainDance|[upkeep]\n|upkeep\n|turn|8\n|\n|t:|1768175593\n|cant|p2b: Kyogre|slp\n|move|p1b: Zacian|Tera Blast|p2a: Raging Bolt|[anim] Tera Blast Ground\n|-supereffective|p2a: Raging Bolt\n|-damage|p2a: Raging Bolt|0 fnt\n|faint|p2a: Raging Bolt\n|-end|p2a: Raging Bolt|Protosynthesis|[silent]\n|move|p1a: Kyurem|Freeze-Dry|p2b: Kyogre\n|-supereffective|p2b: Kyogre\n|-damage|p2b: Kyogre|0 fnt\n|faint|p2b: Kyogre\n|\n|win|wasaad\n|raw|wasaad's rating: 1279 &rarr; <strong>1311</strong><br />(+32 for winning)\n|raw|kojimuranishi's rating: 1379 &rarr; <strong>1353</strong><br />(-26 for losing)\n|l|\u2606kojimuranishi\n|player|p2|\n|l| riyuezi\n","uploadtime":1768175608,"views":15,"formatid":"gen9vgc2026regi","rating":1311,"private":0,"password":null}