{"id":"gen9vgc2026regi-2551453839","format":"[Gen 9] VGC 2026 Reg I","players":["kojimuranishi","I\u2764\ufe0f\u5a1c\u7984forever"],"log":"|j|\u2606kojimuranishi\n|j|\u2606I\u2764\ufe0f\u5a1c\u7984forever\n|t:|1772604197\n|gametype|doubles\n|player|p1|kojimuranishi|101|1535\n|player|p2|I\u2764\ufe0f\u5a1c\u7984forever|youngcouple-gen4dp|1390\n|gen|9\n|tier|[Gen 9] VGC 2026 Reg I\n|rated|\n|rule|Species Clause: Limit one of each Pok\u00e9mon\n|rule|Item Clause: Limit 1 of each item\n|clearpoke\n|poke|p1|Raging Bolt, L50|\n|poke|p1|Calyrex-Ice, L50|\n|poke|p1|Kyogre, L50|\n|poke|p1|Indeedee-F, L50, F|\n|poke|p1|Ursaluna, L50, F|\n|poke|p1|Chien-Pao, L50|\n|poke|p2|Groudon, L50|\n|poke|p2|Kyurem-White, L50|\n|poke|p2|Heatran, L50, M|\n|poke|p2|Whimsicott, L50, M|\n|poke|p2|Roaring Moon, L50|\n|poke|p2|Ditto, L50|\n|teampreview|4\n|inactive|Battle timer is ON: inactive players will automatically lose when time's up. (requested by kojimuranishi)\n|j| ConnerTEP\n|\n|t:|1772604222\n|teamsize|p1|4\n|teamsize|p2|4\n|start\n|switch|p1a: Calyrex|Calyrex-Ice, L50|100/100\n|switch|p1b: Kyogre|Kyogre, L50|100/100\n|switch|p2a: Heatran|Heatran, L50, M|100/100\n|switch|p2b: Kyurem|Kyurem-White, L50|100/100\n|-ability|p1a: Calyrex|As One\n|-ability|p1a: Calyrex|Unnerve\n|-weather|RainDance|[from] ability: Drizzle|[of] p1b: Kyogre\n|-ability|p2b: Kyurem|Turboblaze\n|turn|1\n|\n|t:|1772604240\n|switch|p2b: Groudon|Groudon, L50|100/100\n|-weather|SunnyDay|[from] ability: Drought|[of] p2b: Groudon\n|move|p1b: Kyogre|Water Spout|p2b: Groudon|[spread] p2a,p2b\n|-supereffective|p2a: Heatran\n|-supereffective|p2b: Groudon\n|-damage|p2a: Heatran|48/100\n|-damage|p2b: Groudon|62/100\n|move|p2a: Heatran|Heat Wave|p1b: Kyogre|[spread] p1a,p1b\n|-supereffective|p1a: Calyrex\n|-resisted|p1b: Kyogre\n|-damage|p1a: Calyrex|36/100\n|-damage|p1b: Kyogre|80/100\n|move|p1a: Calyrex|Glacial Lance|p2a: Heatran|[spread] p2a,p2b\n|-resisted|p2a: Heatran\n|-supereffective|p2b: Groudon\n|-damage|p2a: Heatran|38/100\n|-damage|p2b: Groudon|3/100\n|\n|-weather|SunnyDay|[upkeep]\n|-heal|p2a: Heatran|44/100|[from] item: Leftovers\n|-heal|p1a: Calyrex|42/100|[from] item: Leftovers\n|upkeep\n|turn|2\n|inactive|kojimuranishi has 30 seconds left.\n|inactive|kojimuranishi has 20 seconds left.\n|inactive|kojimuranishi has 15 seconds left.\n|\n|t:|1772604283\n|switch|p1a: Raging Bolt|Raging Bolt, L50|100/100\n|-activate|p1a: Raging Bolt|ability: Protosynthesis\n|-start|p1a: Raging Bolt|protosynthesisspa\n|move|p1b: Kyogre|Water Spout|p2b: Groudon|[spread] p2a,p2b\n|-supereffective|p2a: Heatran\n|-supereffective|p2b: Groudon\n|-damage|p2a: Heatran|8/100\n|-damage|p2b: Groudon|0 fnt\n|faint|p2b: Groudon\n|move|p2a: Heatran|Heat Wave|p1b: Kyogre|[spread] p1a,p1b\n|-resisted|p1a: Raging Bolt\n|-resisted|p1b: Kyogre\n|-damage|p1a: Raging Bolt|75/100\n|-damage|p1b: Kyogre|57/100\n|\n|-weather|SunnyDay|[upkeep]\n|-heal|p2a: Heatran|14/100|[from] item: Leftovers\n|upkeep\n|\n|t:|1772604295\n|switch|p2b: Kyurem|Kyurem-White, L50|100/100\n|-ability|p2b: Kyurem|Turboblaze\n|turn|3\n|\n|t:|1772604304\n|move|p2a: Heatran|Protect|p2a: Heatran\n|-singleturn|p2a: Heatran|Protect\n|move|p1b: Kyogre|Water Spout|p2b: Kyurem|[spread] p2b\n|-activate|p2a: Heatran|move: Protect\n|-resisted|p2b: Kyurem\n|-damage|p2b: Kyurem|93/100\n|move|p2b: Kyurem|Blizzard|p1b: Kyogre|[spread] p1a,p1b\n|-supereffective|p1a: Raging Bolt\n|-resisted|p1b: Kyogre\n|-damage|p1a: Raging Bolt|0 fnt\n|-damage|p1b: Kyogre|37/100\n|faint|p1a: Raging Bolt\n|-end|p1a: Raging Bolt|Protosynthesis|[silent]\n|\n|-weather|SunnyDay|[upkeep]\n|-heal|p2a: Heatran|20/100|[from] item: Leftovers\n|upkeep\n|\n|t:|1772604319\n|switch|p1a: Chien-Pao|Chien-Pao, L50|100/100\n|-ability|p1a: Chien-Pao|Sword of Ruin\n|turn|4\n|\n|t:|1772604333\n|move|p1b: Kyogre|Water Spout|p2b: Kyurem|[spread] p2a,p2b\n|-supereffective|p2a: Heatran\n|-resisted|p2b: Kyurem\n|-damage|p2a: Heatran|1/100\n|-damage|p2b: Kyurem|89/100\n|move|p1a: Chien-Pao|Crunch|p2b: Kyurem\n|-damage|p2b: Kyurem|44/100\n|move|p2b: Kyurem|Blizzard|p1b: Kyogre|[spread] \n|-miss|p2b: Kyurem|p1a: Chien-Pao\n|-enditem|p2b: Kyurem|Blunder Policy\n|-boost|p2b: Kyurem|spe|2\n|-miss|p2b: Kyurem|p1b: Kyogre\n|move|p2a: Heatran|Heat Wave|p1a: Chien-Pao|[spread] p1a,p1b\n|-supereffective|p1a: Chien-Pao\n|-resisted|p1b: Kyogre\n|-enditem|p1a: Chien-Pao|Focus Sash\n|-damage|p1a: Chien-Pao|1/100\n|-damage|p1b: Kyogre|15/100\n|\n|-weather|SunnyDay|[upkeep]\n|-heal|p2a: Heatran|7/100|[from] item: Leftovers\n|upkeep\n|turn|5\n|\n|t:|1772604357\n|switch|p1b: Calyrex|Calyrex-Ice, L50|42/100\n|-ability|p1b: Calyrex|As One\n|-ability|p1b: Calyrex|Unnerve\n|move|p2a: Heatran|Protect|p2a: Heatran\n|-singleturn|p2a: Heatran|Protect\n|move|p1a: Chien-Pao|Sucker Punch|p2b: Kyurem\n|-damage|p2b: Kyurem|6/100\n|move|p2b: Kyurem|Blizzard|p1a: Chien-Pao|[spread] p1a\n|-miss|p2b: Kyurem|p1b: Calyrex\n|-resisted|p1a: Chien-Pao\n|-damage|p1a: Chien-Pao|0 fnt\n|faint|p1a: Chien-Pao\n|\n|-weather|none\n|-heal|p2a: Heatran|13/100|[from] item: Leftovers\n|-heal|p1b: Calyrex|47/100|[from] item: Leftovers\n|upkeep\n|\n|t:|1772604376\n|switch|p1a: Kyogre|Kyogre, L50|15/100\n|-weather|RainDance|[from] ability: Drizzle|[of] p1a: Kyogre\n|turn|6\n|\n|t:|1772604393\n|-terastallize|p1b: Calyrex|Water\n|move|p1a: Kyogre|Origin Pulse|p2b: Kyurem|[spread] p2a,p2b\n|-supereffective|p2a: Heatran\n|-resisted|p2b: Kyurem\n|-damage|p2a: Heatran|0 fnt\n|-damage|p2b: Kyurem|0 fnt\n|faint|p2a: Heatran\n|faint|p2b: Kyurem\n|move|p1b: Calyrex|Trick Room|p1b: Calyrex\n|-fieldstart|move: Trick Room|[of] p1b: Calyrex\n|\n|-weather|RainDance|[upkeep]\n|-heal|p1b: Calyrex|53/100|[from] item: Leftovers\n|upkeep\n|\n|t:|1772604405\n|switch|p2a: Ditto|Ditto, L50|100/100\n|-transform|p2a: Ditto|p1b: Calyrex|[from] ability: Imposter\n|-ability|p2a: Ditto|As One\n|-ability|p2a: Ditto|Unnerve\n|-start|p2a: Ditto|typechange|Psychic/Ice|[silent]\n|turn|7\n|\n|t:|1772604417\n|move|p2a: Ditto|Glacial Lance|p1b: Calyrex|[spread] p1a,p1b\n|-resisted|p1a: Kyogre\n|-resisted|p1b: Calyrex\n|-damage|p1a: Kyogre|0 fnt\n|-damage|p1b: Calyrex|39/100\n|faint|p1a: Kyogre\n|-ability|p2a: Ditto|Chilling Neigh|boost\n|-boost|p2a: Ditto|atk|1\n|move|p1b: Calyrex|Leech Seed|p2a: Ditto\n|-start|p2a: Ditto|move: Leech Seed\n|\n|-weather|RainDance|[upkeep]\n|-heal|p1b: Calyrex|44/100|[from] item: Leftovers\n|-damage|p2a: Ditto|88/100|[from] Leech Seed|[of] p1b: Calyrex\n|-heal|p1b: Calyrex|54/100|[silent]\n|upkeep\n|turn|8\n|\n|t:|1772604431\n|move|p1b: Calyrex|Protect|p1b: Calyrex\n|-singleturn|p1b: Calyrex|Protect\n|move|p2a: Ditto|Leech Seed|p1b: Calyrex\n|-activate|p1b: Calyrex|move: Protect\n|\n|-weather|RainDance|[upkeep]\n|-heal|p1b: Calyrex|59/100|[from] item: Leftovers\n|-damage|p2a: Ditto|76/100|[from] Leech Seed|[of] p1b: Calyrex\n|-heal|p1b: Calyrex|69/100|[silent]\n|upkeep\n|turn|9\n|\n|t:|1772604444\n|move|p1b: Calyrex|Glacial Lance|p2a: Ditto\n|-resisted|p2a: Ditto\n|-damage|p2a: Ditto|53/100\n|move|p2a: Ditto|Leech Seed|p1b: Calyrex\n|-start|p1b: Calyrex|move: Leech Seed\n|\n|-weather|RainDance|[upkeep]\n|-heal|p1b: Calyrex|74/100|[from] item: Leftovers\n|-damage|p1b: Calyrex|62/100|[from] Leech Seed|[of] p2a: Ditto\n|-heal|p2a: Ditto|69/100|[silent]\n|-damage|p2a: Ditto|57/100|[from] Leech Seed|[of] p1b: Calyrex\n|-heal|p1b: Calyrex|72/100|[silent]\n|upkeep\n|turn|10\n|\n|t:|1772604456\n|move|p1b: Calyrex|Protect|p1b: Calyrex\n|-singleturn|p1b: Calyrex|Protect\n|move|p2a: Ditto|Protect||[still]\n|-fail|p2a: Ditto\n|\n|-weather|none\n|-heal|p1b: Calyrex|77/100|[from] item: Leftovers\n|-damage|p2a: Ditto|44/100|[from] Leech Seed|[of] p1b: Calyrex\n|-heal|p1b: Calyrex|86/100|[silent]\n|-damage|p1b: Calyrex|74/100|[from] Leech Seed|[of] p2a: Ditto\n|-heal|p2a: Ditto|60/100|[silent]\n|-fieldend|move: Trick Room\n|upkeep\n|turn|11\n|\n|t:|1772604468\n|move|p2a: Ditto|Glacial Lance|p1b: Calyrex\n|-resisted|p1b: Calyrex\n|-damage|p1b: Calyrex|48/100\n|move|p1b: Calyrex|Trick Room|p1b: Calyrex\n|-fieldstart|move: Trick Room|[of] p1b: Calyrex\n|\n|-heal|p1b: Calyrex|54/100|[from] item: Leftovers\n|-damage|p2a: Ditto|48/100|[from] Leech Seed|[of] p1b: Calyrex\n|-heal|p1b: Calyrex|63/100|[silent]\n|-damage|p1b: Calyrex|51/100|[from] Leech Seed|[of] p2a: Ditto\n|-heal|p2a: Ditto|64/100|[silent]\n|upkeep\n|turn|12\n|\n|t:|1772604481\n|move|p2a: Ditto|Protect|p2a: Ditto\n|-singleturn|p2a: Ditto|Protect\n|move|p1b: Calyrex|Protect||[still]\n|-fail|p1b: Calyrex\n|\n|-heal|p1b: Calyrex|57/100|[from] item: Leftovers\n|-damage|p2a: Ditto|52/100|[from] Leech Seed|[of] p1b: Calyrex\n|-heal|p1b: Calyrex|66/100|[silent]\n|-damage|p1b: Calyrex|54/100|[from] Leech Seed|[of] p2a: Ditto\n|-heal|p2a: Ditto|68/100|[silent]\n|upkeep\n|turn|13\n|\n|t:|1772604493\n|move|p1b: Calyrex|Protect|p1b: Calyrex\n|-singleturn|p1b: Calyrex|Protect\n|move|p2a: Ditto|Trick Room|p2a: Ditto\n|-fieldend|move: Trick Room\n|\n|-heal|p1b: Calyrex|60/100|[from] item: Leftovers\n|-damage|p1b: Calyrex|48/100|[from] Leech Seed|[of] p2a: Ditto\n|-heal|p2a: Ditto|84/100|[silent]\n|-damage|p2a: Ditto|72/100|[from] Leech Seed|[of] p1b: Calyrex\n|-heal|p1b: Calyrex|57/100|[silent]\n|upkeep\n|turn|14\n|\n|t:|1772604514\n|move|p1b: Calyrex|Glacial Lance|p2a: Ditto\n|-resisted|p2a: Ditto\n|-damage|p2a: Ditto|45/100\n|move|p2a: Ditto|Glacial Lance|p1b: Calyrex\n|-resisted|p1b: Calyrex\n|-damage|p1b: Calyrex|32/100\n|\n|-heal|p1b: Calyrex|38/100|[from] item: Leftovers\n|-damage|p2a: Ditto|33/100|[from] Leech Seed|[of] p1b: Calyrex\n|-heal|p1b: Calyrex|47/100|[silent]\n|-damage|p1b: Calyrex|35/100|[from] Leech Seed|[of] p2a: Ditto\n|-heal|p2a: Ditto|49/100|[silent]\n|upkeep\n|turn|15\n|\n|t:|1772604526\n|move|p1b: Calyrex|Protect|p1b: Calyrex\n|-singleturn|p1b: Calyrex|Protect\n|move|p2a: Ditto|Glacial Lance|p1b: Calyrex\n|-activate|p1b: Calyrex|move: Protect\n|\n|-heal|p1b: Calyrex|41/100|[from] item: Leftovers\n|-damage|p1b: Calyrex|29/100|[from] Leech Seed|[of] p2a: Ditto\n|-heal|p2a: Ditto|65/100|[silent]\n|-damage|p2a: Ditto|53/100|[from] Leech Seed|[of] p1b: Calyrex\n|-heal|p1b: Calyrex|38/100|[silent]\n|upkeep\n|turn|16\n|\n|t:|1772604538\n|move|p1b: Calyrex|Glacial Lance|p2a: Ditto\n|-resisted|p2a: Ditto\n|-damage|p2a: Ditto|27/100\n|move|p2a: Ditto|Glacial Lance|p1b: Calyrex\n|-resisted|p1b: Calyrex\n|-damage|p1b: Calyrex|11/100\n|\n|-heal|p1b: Calyrex|17/100|[from] item: Leftovers\n|-damage|p2a: Ditto|15/100|[from] Leech Seed|[of] p1b: Calyrex\n|-heal|p1b: Calyrex|26/100|[silent]\n|-damage|p1b: Calyrex|14/100|[from] Leech Seed|[of] p2a: Ditto\n|-heal|p2a: Ditto|31/100|[silent]\n|upkeep\n|turn|17\n|\n|t:|1772604552\n|move|p1b: Calyrex|Glacial Lance|p2a: Ditto\n|-resisted|p2a: Ditto\n|-damage|p2a: Ditto|8/100\n|move|p2a: Ditto|Leech Seed||[still]\n|-fail|p2a: Ditto\n|\n|-heal|p1b: Calyrex|20/100|[from] item: Leftovers\n|-damage|p1b: Calyrex|8/100|[from] Leech Seed|[of] p2a: Ditto\n|-heal|p2a: Ditto|24/100|[silent]\n|-damage|p2a: Ditto|11/100|[from] Leech Seed|[of] p1b: Calyrex\n|-heal|p1b: Calyrex|17/100|[silent]\n|upkeep\n|turn|18\n|\n|t:|1772604564\n|move|p2a: Ditto|Protect|p2a: Ditto\n|-singleturn|p2a: Ditto|Protect\n|move|p1b: Calyrex|Glacial Lance|p2a: Ditto\n|-activate|p2a: Ditto|move: Protect\n|\n|-heal|p1b: Calyrex|23/100|[from] item: Leftovers\n|-damage|p1b: Calyrex|11/100|[from] Leech Seed|[of] p2a: Ditto\n|-heal|p2a: Ditto|28/100|[silent]\n|-damage|p2a: Ditto|15/100|[from] Leech Seed|[of] p1b: Calyrex\n|-heal|p1b: Calyrex|20/100|[silent]\n|upkeep\n|turn|19\n|\n|t:|1772604587\n|move|p1b: Calyrex|Glacial Lance|p2a: Ditto\n|-resisted|p2a: Ditto\n|-damage|p2a: Ditto|0 fnt\n|faint|p2a: Ditto\n|\n|win|kojimuranishi\n|raw|kojimuranishi's rating: 1535 &rarr; <strong>1547</strong><br />(+12 for winning)\n|raw|I\u2764\ufe0f\u5a1c\u7984forever's rating: 1390 &rarr; <strong>1378</strong><br />(-12 for losing)\n|l|\u2606I\u2764\ufe0f\u5a1c\u7984forever\n|player|p2|\n|l|\u2606kojimuranishi\n|player|p1|\n|l| ConnerTEP\n","uploadtime":1772604749,"views":13,"formatid":"gen9vgc2026regi","rating":1378,"private":0,"password":null}