{"id":"gen9vgc2026regi-2525291576","format":"[Gen 9] VGC 2026 Reg I","players":["1zha","mikachu83983"],"log":"|j|\u26061zha\n|j|\u2606mikachu83983\n|t:|1769263945\n|gametype|doubles\n|player|p1|1zha|170|1377\n|player|p2|mikachu83983|brock|1272\n|gen|9\n|tier|[Gen 9] VGC 2026 Reg I\n|rated|\n|rule|Species Clause: Limit one of each Pok\u00e9mon\n|rule|Item Clause: Limit 1 of each item\n|clearpoke\n|poke|p1|Calyrex-Shadow, L50|\n|poke|p1|Zamazenta-*, L50|\n|poke|p1|Whimsicott, L50, M|\n|poke|p1|Maushold-Four, L50|\n|poke|p1|Chi-Yu, L50|\n|poke|p1|Amoonguss, L50, M|\n|poke|p2|Koraidon, L50|\n|poke|p2|Calyrex-Shadow, L50|\n|poke|p2|Scream Tail, L50|\n|poke|p2|Amoonguss, L50, F|\n|poke|p2|Flutter Mane, L50|\n|poke|p2|Incineroar, L50, F|\n|teampreview|4\n|\n|t:|1769263957\n|teamsize|p1|4\n|teamsize|p2|4\n|start\n|switch|p1a: Whimsicott|Whimsicott, L50, M, shiny|100/100\n|switch|p1b: Chi-Yu|Chi-Yu, L50, shiny|100/100\n|switch|p2a: PrimalPredator|Koraidon, L50, shiny|100/100\n|switch|p2b: Flutter Mane|Flutter Mane, L50|100/100\n|-weather|SunnyDay|[from] ability: Orichalcum Pulse|[of] p2a: PrimalPredator\n|-activate|p2b: Flutter Mane|ability: Protosynthesis\n|-start|p2b: Flutter Mane|protosynthesisspe\n|-activate|p2a: PrimalPredator|Orichalcum Pulse|[source]\n|-ability|p1b: Chi-Yu|Beads of Ruin\n|turn|1\n|\n|t:|1769263972\n|-terastallize|p2a: PrimalPredator|Fire\n|move|p1a: Whimsicott|Tailwind|p1a: Whimsicott\n|-sidestart|p1: 1zha|move: Tailwind\n|move|p1b: Chi-Yu|Overheat|p2a: PrimalPredator\n|-resisted|p2a: PrimalPredator\n|-damage|p2a: PrimalPredator|0 fnt\n|-unboost|p1b: Chi-Yu|spa|2\n|faint|p2a: PrimalPredator\n|move|p2b: Flutter Mane|Moonblast|p1b: Chi-Yu\n|-damage|p1b: Chi-Yu|46/100\n|\n|-weather|SunnyDay|[upkeep]\n|upkeep\n|\n|t:|1769263986\n|switch|p2a: SpectralStallion|Calyrex-Shadow, L50|100/100\n|-ability|p2a: SpectralStallion|As One\n|-ability|p2a: SpectralStallion|Unnerve\n|turn|2\n|\n|t:|1769264004\n|move|p2a: SpectralStallion|Protect|p2a: SpectralStallion\n|-singleturn|p2a: SpectralStallion|Protect\n|move|p1a: Whimsicott|Taunt|p2a: SpectralStallion\n|-activate|p2a: SpectralStallion|move: Protect\n|move|p1b: Chi-Yu|Overheat|p2b: Flutter Mane\n|-enditem|p2b: Flutter Mane|Focus Sash\n|-damage|p2b: Flutter Mane|1/100\n|-unboost|p1b: Chi-Yu|spa|2\n|move|p2b: Flutter Mane|Icy Wind|p1a: Whimsicott|[spread] p1a,p1b\n|-supereffective|p1a: Whimsicott\n|-resisted|p1b: Chi-Yu\n|-damage|p1a: Whimsicott|36/100\n|-damage|p1b: Chi-Yu|37/100\n|-unboost|p1a: Whimsicott|spe|1\n|-unboost|p1b: Chi-Yu|spe|1\n|\n|-weather|SunnyDay|[upkeep]\n|upkeep\n|turn|3\n|\n|t:|1769264028\n|switch|p1b: Zamazenta|Zamazenta-Crowned, L50|100/100\n|-ability|p1b: Zamazenta|Dauntless Shield|boost\n|-boost|p1b: Zamazenta|def|1\n|move|p1a: Whimsicott|Encore|p2a: SpectralStallion\n|-start|p2a: SpectralStallion|Encore\n|move|p2b: Flutter Mane|Icy Wind|p1b: Zamazenta|[spread] p1a,p1b\n|-supereffective|p1a: Whimsicott\n|-resisted|p1b: Zamazenta\n|-damage|p1a: Whimsicott|0 fnt\n|-damage|p1b: Zamazenta|96/100\n|-unboost|p1b: Zamazenta|spe|1\n|faint|p1a: Whimsicott\n|move|p2a: SpectralStallion|Protect||[still]\n|-fail|p2a: SpectralStallion\n|\n|-weather|SunnyDay|[upkeep]\n|upkeep\n|\n|t:|1769264037\n|switch|p1a: Calyrex|Calyrex-Shadow, L50|100/100\n|-ability|p1a: Calyrex|As One\n|-ability|p1a: Calyrex|Unnerve\n|turn|4\n|\n|t:|1769264055\n|switch|p2a: JigglyJuggernaut|Scream Tail, L50|100/100\n|-activate|p2a: JigglyJuggernaut|ability: Protosynthesis\n|-start|p2a: JigglyJuggernaut|protosynthesisspe\n|-terastallize|p1a: Calyrex|Dark\n|move|p1a: Calyrex|Astral Barrage|p2a: JigglyJuggernaut|[spread] p2a,p2b\n|-supereffective|p2a: JigglyJuggernaut\n|-supereffective|p2b: Flutter Mane\n|-damage|p2a: JigglyJuggernaut|5/100\n|-damage|p2b: Flutter Mane|0 fnt\n|faint|p2b: Flutter Mane\n|-end|p2b: Flutter Mane|Protosynthesis|[silent]\n|-ability|p1a: Calyrex|Grim Neigh|boost\n|-boost|p1a: Calyrex|spa|1\n|-damage|p1a: Calyrex|91/100|[from] item: Life Orb\n|move|p1b: Zamazenta|Body Press|p2a: JigglyJuggernaut\n|-resisted|p2a: JigglyJuggernaut\n|-damage|p2a: JigglyJuggernaut|0 fnt\n|faint|p2a: JigglyJuggernaut\n|-end|p2a: JigglyJuggernaut|Protosynthesis|[silent]\n|\n|-weather|SunnyDay|[upkeep]\n|-sideend|p1: 1zha|move: Tailwind\n|upkeep\n|\n|t:|1769264067\n|switch|p2b: SpectralStallion|Calyrex-Shadow, L50|100/100\n|-ability|p2b: SpectralStallion|As One\n|-ability|p2b: SpectralStallion|Unnerve\n|turn|5\n|\n|t:|1769264070\n|move|p1b: Zamazenta|Wide Guard|p1b: Zamazenta\n|-singleturn|p1b: Zamazenta|Wide Guard\n|move|p1a: Calyrex|Astral Barrage|p2b: SpectralStallion\n|-supereffective|p2b: SpectralStallion\n|-damage|p2b: SpectralStallion|0 fnt\n|faint|p2b: SpectralStallion\n|-damage|p1a: Calyrex|81/100|[from] item: Life Orb\n|\n|win|1zha\n|raw|1zha's rating: 1377 &rarr; <strong>1391</strong><br />(+14 for winning)\n|raw|mikachu83983's rating: 1272 &rarr; <strong>1254</strong><br />(-18 for losing)\n|l|\u2606mikachu83983\n|player|p2|\n|l|\u26061zha\n|player|p1|\n","uploadtime":1769264272,"views":13,"formatid":"gen9vgc2026regi","rating":1254,"private":0,"password":null}