{"id":"gen9vgc2026regi-2554844308","format":"[Gen 9] VGC 2026 Reg I","players":["Uscorp","b3testing"],"log":"|j|\u2606Uscorp\n|j|\u2606b3testing\n|t:|1773018343\n|gametype|doubles\n|player|p1|Uscorp|169|1452\n|player|p2|b3testing|266|1574\n|gen|9\n|tier|[Gen 9] VGC 2026 Reg I\n|rated|\n|rule|Species Clause: Limit one of each Pok\u00e9mon\n|rule|Item Clause: Limit 1 of each item\n|clearpoke\n|poke|p1|Calyrex-Ice, L50|\n|poke|p1|Smeargle, L50, M|\n|poke|p1|Ursaluna-Bloodmoon, L50, M|\n|poke|p1|Rillaboom, L50, M|\n|poke|p1|Zamazenta-*, L50|\n|poke|p1|Annihilape, L50, F|\n|poke|p2|Terapagos, L50, M|\n|poke|p2|Calyrex-Shadow, L50|\n|poke|p2|Incineroar, L50, M|\n|poke|p2|Amoonguss, L50, F|\n|poke|p2|Tornadus, L50, M|\n|poke|p2|Smeargle, L50, M|\n|teampreview|4\n|inactive|Battle timer is ON: inactive players will automatically lose when time's up. (requested by b3testing)\n|inactive|Uscorp has 60 seconds left.\n|\n|t:|1773018394\n|teamsize|p1|4\n|teamsize|p2|4\n|start\n|switch|p1a: Ylenia \u2764\ufe0f|Annihilape, L50, F|100/100\n|switch|p1b: GensaiKuroki|Calyrex-Ice, L50|100/100\n|switch|p2a: Tornadus|Tornadus, L50, M|100/100\n|switch|p2b: Smeargle|Smeargle, L50, M|100/100\n|-ability|p1b: GensaiKuroki|As One\n|-ability|p1b: GensaiKuroki|Unnerve\n|turn|1\n|inactive|Uscorp has 30 seconds left.\n|inactive|Uscorp has 20 seconds left.\n|inactive|Uscorp has 15 seconds left.\n|inactive|Uscorp has 10 seconds left.\n|\n|t:|1773018441\n|move|p2a: Tornadus|Tailwind|p2a: Tornadus\n|-sidestart|p2: b3testing|move: Tailwind\n|move|p2b: Smeargle|Spore|p1b: GensaiKuroki\n|-status|p1b: GensaiKuroki|slp|[from] move: Spore\n|move|p1a: Ylenia \u2764\ufe0f|Coaching|p1b: GensaiKuroki\n|-boost|p1b: GensaiKuroki|atk|1\n|-boost|p1b: GensaiKuroki|def|1\n|cant|p1b: GensaiKuroki|slp\n|\n|-ability|p2b: Smeargle|Moody|boost\n|-boost|p2b: Smeargle|atk|2\n|-unboost|p2b: Smeargle|def|1\n|upkeep\n|turn|2\n|\n|t:|1773018464\n|switch|p1a: Aresdelfuego|Rillaboom, L50, M|100/100\n|-fieldstart|move: Grassy Terrain|[from] ability: Grassy Surge|[of] p1a: Aresdelfuego\n|move|p2b: Smeargle|Decorate|p2a: Tornadus\n|-boost|p2a: Tornadus|atk|2\n|-boost|p2a: Tornadus|spa|2\n|move|p2a: Tornadus|Bleakwind Storm|p1b: GensaiKuroki|[spread] p1a,p1b\n|-supereffective|p1a: Aresdelfuego\n|-damage|p1a: Aresdelfuego|0 fnt\n|-damage|p1b: GensaiKuroki|50/100 slp\n|-unboost|p1b: GensaiKuroki|spe|1\n|-enditem|p1b: GensaiKuroki|Sitrus Berry|[eat]\n|-heal|p1b: GensaiKuroki|74/100 slp|[from] item: Sitrus Berry\n|faint|p1a: Aresdelfuego\n|cant|p1b: GensaiKuroki|slp\n|\n|-heal|p1b: GensaiKuroki|80/100 slp|[from] Grassy Terrain\n|-ability|p2b: Smeargle|Moody|boost\n|-boost|p2b: Smeargle|spe|2\n|-unboost|p2b: Smeargle|atk|1\n|upkeep\n|\n|t:|1773018484\n|switch|p1a: YujiroHanma|Zamazenta-Crowned, L50|100/100\n|-ability|p1a: YujiroHanma|Dauntless Shield|boost\n|-boost|p1a: YujiroHanma|def|1\n|turn|3\n|j| globalfish39\n|\n|t:|1773018505\n|-terastallize|p2a: Tornadus|Dark\n|move|p1a: YujiroHanma|Wide Guard|p1a: YujiroHanma\n|-singleturn|p1a: YujiroHanma|Wide Guard\n|move|p2a: Tornadus|Taunt|p1b: GensaiKuroki\n|-start|p1b: GensaiKuroki|move: Taunt\n|move|p2b: Smeargle|Spore|p1a: YujiroHanma\n|-status|p1a: YujiroHanma|slp|[from] move: Spore\n|cant|p1b: GensaiKuroki|slp\n|\n|-heal|p1b: GensaiKuroki|86/100 slp|[from] Grassy Terrain\n|-ability|p2b: Smeargle|Moody|boost\n|-boost|p2b: Smeargle|def|2\n|-unboost|p2b: Smeargle|atk|1\n|upkeep\n|turn|4\n|inactive|Uscorp has 30 seconds left.\n|\n|t:|1773018531\n|move|p2b: Smeargle|Decorate|p2a: Tornadus\n|-boost|p2a: Tornadus|atk|2\n|-boost|p2a: Tornadus|spa|2\n|move|p2a: Tornadus|Bleakwind Storm|p1b: GensaiKuroki|[spread] p1a,p1b\n|-damage|p1a: YujiroHanma|22/100 slp\n|-damage|p1b: GensaiKuroki|12/100 slp\n|-unboost|p1b: GensaiKuroki|spe|1\n|cant|p1a: YujiroHanma|slp\n|-curestatus|p1b: GensaiKuroki|slp|[msg]\n|move|p1b: GensaiKuroki|Glacial Lance|p2a: Tornadus|[spread] p2a,p2b\n|-crit|p2b: Smeargle\n|-damage|p2a: Tornadus|5/100\n|-enditem|p2b: Smeargle|Focus Sash\n|-damage|p2b: Smeargle|1/100\n|\n|-heal|p2b: Smeargle|7/100|[from] Grassy Terrain\n|-heal|p2a: Tornadus|11/100|[from] Grassy Terrain\n|-heal|p1a: YujiroHanma|29/100 slp|[from] Grassy Terrain\n|-heal|p1b: GensaiKuroki|17/100|[from] Grassy Terrain\n|-sideend|p2: b3testing|move: Tailwind\n|-ability|p2b: Smeargle|Moody|boost\n|-boost|p2b: Smeargle|def|2\n|-unboost|p2b: Smeargle|spd|1\n|upkeep\n|turn|5\n|inactive|Uscorp has 30 seconds left.\n|inactive|Uscorp has 20 seconds left.\n|\n|t:|1773018566\n|-curestatus|p1a: YujiroHanma|slp|[msg]\n|move|p1a: YujiroHanma|Wide Guard|p1a: YujiroHanma\n|-singleturn|p1a: YujiroHanma|Wide Guard\n|move|p2b: Smeargle|Spore|p1b: GensaiKuroki\n|-status|p1b: GensaiKuroki|slp|[from] move: Spore\n|move|p2a: Tornadus|Bleakwind Storm|p1b: GensaiKuroki|[spread] \n|-activate|p1a: YujiroHanma|move: Wide Guard\n|-activate|p1b: GensaiKuroki|move: Wide Guard\n|cant|p1b: GensaiKuroki|slp\n|\n|-heal|p2b: Smeargle|12/100|[from] Grassy Terrain\n|-heal|p1a: YujiroHanma|35/100|[from] Grassy Terrain\n|-heal|p2a: Tornadus|17/100|[from] Grassy Terrain\n|-heal|p1b: GensaiKuroki|23/100 slp|[from] Grassy Terrain\n|-end|p1b: GensaiKuroki|move: Taunt\n|-ability|p2b: Smeargle|Moody|boost\n|-boost|p2b: Smeargle|atk|2\n|-unboost|p2b: Smeargle|spd|1\n|upkeep\n|turn|6\n|inactive|Uscorp has 30 seconds left.\n|inactive|Uscorp has 20 seconds left.\n|inactive|Uscorp has 15 seconds left.\n|inactive|Uscorp has 10 seconds left.\n|inactive|Uscorp has 5 seconds left.\n|\n|t:|1773018621\n|move|p2b: Smeargle|Spore|p1a: YujiroHanma\n|-status|p1a: YujiroHanma|slp|[from] move: Spore\n|cant|p1a: YujiroHanma|slp\n|move|p2a: Tornadus|Bleakwind Storm|p1b: GensaiKuroki|[spread] p1a,p1b\n|-damage|p1a: YujiroHanma|0 fnt\n|-damage|p1b: GensaiKuroki|0 fnt\n|faint|p1a: YujiroHanma\n|faint|p1b: GensaiKuroki\n|\n|-heal|p2b: Smeargle|18/100|[from] Grassy Terrain\n|-heal|p2a: Tornadus|23/100|[from] Grassy Terrain\n|-fieldend|move: Grassy Terrain\n|-ability|p2b: Smeargle|Moody|boost\n|-boost|p2b: Smeargle|def|2\n|-unboost|p2b: Smeargle|spd|1\n|upkeep\n|inactive|Uscorp has 30 seconds left.\n|inactive|Uscorp has 20 seconds left.\n|\n|t:|1773018661\n|switch|p1b: Ylenia \u2764\ufe0f|Annihilape, L50, F|100/100\n|turn|7\n|-message|Uscorp forfeited.\n|\n|win|b3testing\n|raw|Uscorp's rating: 1452 &rarr; <strong>1439</strong><br />(-13 for losing)\n|raw|b3testing's rating: 1574 &rarr; <strong>1587</strong><br />(+13 for winning)\n|l|\u2606b3testing\n|player|p2|\n","uploadtime":1773018672,"views":15,"formatid":"gen9vgc2026regi","rating":1439,"private":0,"password":null}