{"id":"gen9vgc2026regi-2534904219","format":"[Gen 9] VGC 2026 Reg I","players":["indiecollin","Schimmli"],"log":"|j|\u2606indiecollin\n|j|\u2606Schimmli\n|t:|1770490882\n|gametype|doubles\n|player|p1|indiecollin|102|1404\n|player|p2|Schimmli|101|1534\n|gen|9\n|tier|[Gen 9] VGC 2026 Reg I\n|rated|\n|rule|Species Clause: Limit one of each Pok\u00e9mon\n|rule|Item Clause: Limit 1 of each item\n|clearpoke\n|poke|p1|Weezing, L50, M|\n|poke|p1|Toedscruel, L50, M|\n|poke|p1|Porygon2, L50|\n|poke|p1|Grimmsnarl, L50, M|\n|poke|p1|Calyrex-Shadow, L50|\n|poke|p1|Zamazenta-*, L50|\n|poke|p2|Terapagos, L50, M|\n|poke|p2|Calyrex-Shadow, L50|\n|poke|p2|Flutter Mane, L50|\n|poke|p2|Ogerpon-Cornerstone, L50, F|\n|poke|p2|Incineroar, L50, M|\n|poke|p2|Rillaboom, L50, F|\n|teampreview|4\n|\n|t:|1770490912\n|teamsize|p1|4\n|teamsize|p2|4\n|start\n|switch|p1a: Toedscruel|Toedscruel, L50, M|100/100\n|switch|p1b: Zamazenta|Zamazenta-Crowned, L50|100/100\n|switch|p2a: Terapagos|Terapagos, L50, M|100/100\n|switch|p2b: Calyrex|Calyrex-Shadow, L50|100/100\n|-activate|p2a: Terapagos|ability: Tera Shift\n|detailschange|p2a: Terapagos|Terapagos-Terastal, L50, M\n|-heal|p2a: Terapagos|100/100|[silent]\n|-ability|p2b: Calyrex|As One\n|-ability|p2b: Calyrex|Unnerve\n|-ability|p1b: Zamazenta|Dauntless Shield|boost\n|-boost|p1b: Zamazenta|def|1\n|turn|1\n|\n|t:|1770490934\n|switch|p1a: Weezing|Weezing, L50, M|100/100\n|-ability|p1a: Weezing|Neutralizing Gas\n|move|p2b: Calyrex|Will-O-Wisp|p1b: Zamazenta\n|-status|p1b: Zamazenta|brn\n|move|p1b: Zamazenta|Body Press|p2a: Terapagos\n|-supereffective|p2a: Terapagos\n|-damage|p2a: Terapagos|53/100\n|move|p2a: Terapagos|Calm Mind|p2a: Terapagos\n|-boost|p2a: Terapagos|spa|1\n|-boost|p2a: Terapagos|spd|1\n|\n|-heal|p2a: Terapagos|59/100|[from] item: Leftovers\n|-damage|p1b: Zamazenta|95/100 brn|[from] brn\n|upkeep\n|turn|2\n|\n|t:|1770490958\n|move|p1b: Zamazenta|Wide Guard|p1b: Zamazenta\n|-singleturn|p1b: Zamazenta|Wide Guard\n|move|p2b: Calyrex|Disable|p1b: Zamazenta\n|-start|p1b: Zamazenta|Disable|Wide Guard\n|move|p2a: Terapagos|Calm Mind|p2a: Terapagos\n|-boost|p2a: Terapagos|spa|1\n|-boost|p2a: Terapagos|spd|1\n|move|p1a: Weezing|Sludge Bomb|p2b: Calyrex\n|-resisted|p2b: Calyrex\n|-damage|p2b: Calyrex|85/100\n|-status|p2b: Calyrex|psn\n|\n|-heal|p2a: Terapagos|66/100|[from] item: Leftovers\n|-damage|p2b: Calyrex|73/100 psn|[from] psn\n|-damage|p1b: Zamazenta|89/100 brn|[from] brn\n|upkeep\n|turn|3\n|\n|t:|1770490985\n|-terastallize|p2a: Terapagos|Stellar\n|detailschange|p2a: Terapagos|Terapagos-Stellar, L50, M, tera:Stellar\n|-heal|p2a: Terapagos|74/100|[silent]\n|move|p1a: Weezing|Protect|p1a: Weezing\n|-singleturn|p1a: Weezing|Protect\n|move|p2b: Calyrex|Astral Barrage|p1a: Weezing|[spread] p1b\n|-activate|p1a: Weezing|move: Protect\n|-crit|p1b: Zamazenta\n|-damage|p1b: Zamazenta|31/100 brn\n|move|p1b: Zamazenta|Body Press|p2a: Terapagos\n|-supereffective|p2a: Terapagos\n|-damage|p2a: Terapagos|39/100\n|move|p2a: Terapagos|Tera Starstorm|p1b: Zamazenta|[spread] p1b\n|-activate|p1a: Weezing|move: Protect\n|-damage|p1b: Zamazenta|0 fnt\n|faint|p1b: Zamazenta\n|\n|-heal|p2a: Terapagos|46/100|[from] item: Leftovers\n|-damage|p2b: Calyrex|61/100 psn|[from] psn\n|upkeep\n|\n|t:|1770490988\n|switch|p1b: Calyrex|Calyrex-Shadow, L50|100/100\n|-ability|p1b: Calyrex|As One\n|-ability|p1b: Calyrex|Unnerve\n|turn|4\n|\n|t:|1770491020\n|switch|p2b: Incineroar|Incineroar, L50, M, shiny|100/100\n|-terastallize|p1b: Calyrex|Fighting\n|move|p1b: Calyrex|Tera Blast|p2a: Terapagos|[anim] Tera Blast Fighting\n|-supereffective|p2a: Terapagos\n|-damage|p2a: Terapagos|11/100\n|move|p2a: Terapagos|Tera Starstorm|p1b: Calyrex|[spread] p1a,p1b\n|-supereffective|p1b: Calyrex\n|-damage|p1a: Weezing|11/100\n|-damage|p1b: Calyrex|0 fnt\n|faint|p1b: Calyrex\n|move|p1a: Weezing|Sludge Bomb|p2b: Incineroar\n|-damage|p2b: Incineroar|69/100\n|\n|-heal|p2a: Terapagos|17/100|[from] item: Leftovers\n|-heal|p1a: Weezing|17/100|[from] item: Leftovers\n|upkeep\n|\n|t:|1770491026\n|switch|p1b: Toedscruel|Toedscruel, L50, M|100/100\n|turn|5\n|\n|t:|1770491039\n|move|p1b: Toedscruel|Protect|p1b: Toedscruel\n|-singleturn|p1b: Toedscruel|Protect\n|move|p1a: Weezing|Protect|p1a: Weezing\n|-singleturn|p1a: Weezing|Protect\n|move|p2b: Incineroar|Fake Out|p1b: Toedscruel\n|-activate|p1b: Toedscruel|move: Protect\n|move|p2a: Terapagos|Tera Starstorm|p1b: Toedscruel|[spread] \n|-activate|p1a: Weezing|move: Protect\n|-activate|p1b: Toedscruel|move: Protect\n|\n|-heal|p2a: Terapagos|23/100|[from] item: Leftovers\n|-heal|p1a: Weezing|23/100|[from] item: Leftovers\n|upkeep\n|turn|6\n|\n|t:|1770491053\n|move|p2a: Terapagos|Protect|p2a: Terapagos\n|-singleturn|p2a: Terapagos|Protect\n|move|p1b: Toedscruel|Spore|p2a: Terapagos\n|-activate|p2a: Terapagos|move: Protect\n|move|p1a: Weezing|Pain Split|p2b: Incineroar\n|-sethp|p2b: Incineroar|43/100|[from] move: Pain Split|[silent]\n|-sethp|p1a: Weezing|61/100|[from] move: Pain Split\n|move|p2b: Incineroar|Knock Off|p1a: Weezing\n|-damage|p1a: Weezing|18/100\n|-enditem|p1a: Weezing|Leftovers|[from] move: Knock Off|[of] p2b: Incineroar\n|\n|-heal|p2a: Terapagos|29/100|[from] item: Leftovers\n|upkeep\n|turn|7\n|\n|t:|1770491072\n|move|p1a: Weezing|Protect|p1a: Weezing\n|-singleturn|p1a: Weezing|Protect\n|move|p1b: Toedscruel|Spore|p2a: Terapagos\n|-status|p2a: Terapagos|slp|[from] move: Spore\n|cant|p2a: Terapagos|slp\n|move|p2b: Incineroar|Parting Shot|p1b: Toedscruel\n|-unboost|p1b: Toedscruel|atk|1\n|-unboost|p1b: Toedscruel|spa|1\n|\n|t:|1770491081\n|switch|p2b: Calyrex|Calyrex-Shadow, L50|61/100 psn|[from] Parting Shot\n|-ability|p2b: Calyrex|As One\n|-ability|p2b: Calyrex|Unnerve\n|\n|-heal|p2a: Terapagos|36/100 slp|[from] item: Leftovers\n|-damage|p2b: Calyrex|49/100 psn|[from] psn\n|upkeep\n|turn|8\n|\n|t:|1770491090\n|move|p1a: Weezing|Protect||[still]\n|-fail|p1a: Weezing\n|move|p2b: Calyrex|Astral Barrage|p1b: Toedscruel|[spread] p1a,p1b\n|-damage|p1a: Weezing|0 fnt\n|-damage|p1b: Toedscruel|49/100\n|faint|p1a: Weezing\n|-end|p1a: Weezing|ability: Neutralizing Gas\n|-ability|p2b: Calyrex|Grim Neigh|boost\n|-boost|p2b: Calyrex|spa|1\n|move|p1b: Toedscruel|Leaf Storm|p2a: Terapagos\n|-damage|p2a: Terapagos|24/100 slp\n|-unboost|p1b: Toedscruel|spa|2\n|-curestatus|p2a: Terapagos|slp|[msg]\n|move|p2a: Terapagos|Tera Starstorm|p1b: Toedscruel\n|-damage|p1b: Toedscruel|0 fnt\n|faint|p1b: Toedscruel\n|\n|win|Schimmli\n|raw|indiecollin's rating: 1404 &rarr; <strong>1391</strong><br />(-13 for losing)\n|raw|Schimmli's rating: 1534 &rarr; <strong>1547</strong><br />(+13 for winning)\n|l|\u2606indiecollin\n|player|p1|\n|l|\u2606Schimmli\n|player|p2|\n","uploadtime":1770491314,"views":22,"formatid":"gen9vgc2026regi","rating":1391,"private":0,"password":null}