{"id":"gen9vgc2026regi-2552318640","format":"[Gen 9] VGC 2026 Reg I","players":["saltrice1225","drive stone"],"log":"|j|\u2606saltrice1225\n|j|\u2606drive stone\n|t:|1772707432\n|gametype|doubles\n|player|p1|saltrice1225|rosa|1382\n|player|p2|drive stone|cilan|1486\n|gen|9\n|tier|[Gen 9] VGC 2026 Reg I\n|rated|\n|rule|Species Clause: Limit one of each Pok\u00e9mon\n|rule|Item Clause: Limit 1 of each item\n|clearpoke\n|poke|p1|Miraidon, L50|\n|poke|p1|Groudon, L50|\n|poke|p1|Chien-Pao, L50|\n|poke|p1|Volcarona, L50, M|\n|poke|p1|Rillaboom, L50, M|\n|poke|p1|Incineroar, L50, F|\n|poke|p2|Calyrex-Ice, L50|\n|poke|p2|Farigiraf, L50, M|\n|poke|p2|Scraggy, L50, F|\n|poke|p2|Iron Treads, L50|\n|poke|p2|Iron Hands, L50|\n|poke|p2|Miraidon, L50|\n|teampreview|4\n|inactive|Battle timer is ON: inactive players will automatically lose when time's up. (requested by saltrice1225)\n|inactive|drive stone has 60 seconds left.\n|\n|t:|1772707475\n|teamsize|p1|4\n|teamsize|p2|4\n|start\n|switch|p1a: Volcarona|Volcarona, L50, M|100/100\n|switch|p1b: Rillaboom|Rillaboom, L50, M|100/100\n|switch|p2a: Scraggy|Scraggy, L50, F|100/100\n|switch|p2b: Calyrex|Calyrex-Ice, L50|100/100\n|-ability|p2b: Calyrex|As One\n|-ability|p2b: Calyrex|Unnerve\n|-fieldstart|move: Grassy Terrain|[from] ability: Grassy Surge|[of] p1b: Rillaboom\n|-ability|p2a: Scraggy|Intimidate|boost\n|-unboost|p1a: Volcarona|atk|1\n|-unboost|p1b: Rillaboom|atk|1\n|turn|1\n|\n|t:|1772707494\n|move|p1b: Rillaboom|Fake Out|p2b: Calyrex\n|-damage|p2b: Calyrex|94/100\n|move|p2a: Scraggy|Fake Out|p1a: Volcarona\n|-damage|p1a: Volcarona|93/100\n|cant|p1a: Volcarona|flinch\n|cant|p2b: Calyrex|flinch\n|\n|-heal|p1a: Volcarona|99/100|[from] Grassy Terrain\n|-heal|p1a: Volcarona|100/100|[from] item: Leftovers\n|-heal|p2b: Calyrex|99/100|[from] Grassy Terrain\n|upkeep\n|turn|2\n|\n|t:|1772707515\n|-terastallize|p2b: Calyrex|Fire\n|move|p1a: Volcarona|Quiver Dance|p1a: Volcarona\n|-boost|p1a: Volcarona|spa|1\n|-boost|p1a: Volcarona|spd|1\n|-boost|p1a: Volcarona|spe|1\n|move|p1b: Rillaboom|U-turn|p2a: Scraggy\n|-damage|p2a: Scraggy|84/100\n|\n|t:|1772707523\n|switch|p1b: Incineroar|Incineroar, L50, F|100/100|[from] U-turn\n|-ability|p1b: Incineroar|Intimidate|boost\n|-unboost|p2a: Scraggy|atk|1\n|-fail|p2b: Calyrex|unboost|[from] item: Clear Amulet|[of] p2b: Calyrex\n|move|p2a: Scraggy|Endeavor|p1a: Volcarona\n|-damage|p1a: Volcarona|55/100\n|move|p2b: Calyrex|Trick Room|p2b: Calyrex\n|-fieldstart|move: Trick Room|[of] p2b: Calyrex\n|\n|-heal|p2a: Scraggy|89/100|[from] Grassy Terrain\n|-heal|p2b: Calyrex|100/100|[from] Grassy Terrain\n|-heal|p1a: Volcarona|61/100|[from] Grassy Terrain\n|-heal|p1a: Volcarona|68/100|[from] item: Leftovers\n|upkeep\n|turn|3\n|\n|t:|1772707544\n|move|p1b: Incineroar|Fake Out|p2b: Calyrex\n|-damage|p2b: Calyrex|94/100\n|move|p2a: Scraggy|Coaching|p2b: Calyrex\n|-boost|p2b: Calyrex|atk|1\n|-boost|p2b: Calyrex|def|1\n|cant|p2b: Calyrex|flinch\n|move|p1a: Volcarona|Giga Drain|p2a: Scraggy\n|-damage|p2a: Scraggy|51/100\n|-heal|p1a: Volcarona|80/100|[from] drain|[of] p2a: Scraggy\n|\n|-heal|p2a: Scraggy|57/100|[from] Grassy Terrain\n|-heal|p2b: Calyrex|99/100|[from] Grassy Terrain\n|-heal|p1a: Volcarona|86/100|[from] Grassy Terrain\n|-heal|p1a: Volcarona|93/100|[from] item: Leftovers\n|upkeep\n|turn|4\n|\n|t:|1772707564\n|move|p1a: Volcarona|Protect|p1a: Volcarona\n|-singleturn|p1a: Volcarona|Protect\n|move|p2a: Scraggy|Coaching|p2b: Calyrex\n|-boost|p2b: Calyrex|atk|1\n|-boost|p2b: Calyrex|def|1\n|move|p2b: Calyrex|High Horsepower|p1b: Incineroar\n|-supereffective|p1b: Incineroar\n|-damage|p1b: Incineroar|0 fnt\n|faint|p1b: Incineroar\n|-ability|p2b: Calyrex|Chilling Neigh|boost\n|-boost|p2b: Calyrex|atk|1\n|\n|-heal|p2a: Scraggy|62/100|[from] Grassy Terrain\n|-heal|p2b: Calyrex|100/100|[from] Grassy Terrain\n|-heal|p1a: Volcarona|99/100|[from] Grassy Terrain\n|-heal|p1a: Volcarona|100/100|[from] item: Leftovers\n|upkeep\n|\n|t:|1772707580\n|switch|p1b: Groudon|Groudon, L50, shiny|100/100\n|-weather|SunnyDay|[from] ability: Drought|[of] p1b: Groudon\n|turn|5\n|\n|t:|1772707592\n|-terastallize|p1b: Groudon|Fire\n|move|p2a: Scraggy|Coaching|p2b: Calyrex\n|-boost|p2b: Calyrex|atk|1\n|-boost|p2b: Calyrex|def|1\n|move|p2b: Calyrex|Glacial Lance|p1a: Volcarona|[spread] p1a,p1b\n|-resisted|p1a: Volcarona\n|-resisted|p1b: Groudon\n|-damage|p1a: Volcarona|15/100\n|-damage|p1b: Groudon|42/100\n|move|p1b: Groudon|Precipice Blades|p2b: Calyrex|[spread] p2a\n|-miss|p1b: Groudon|p2b: Calyrex\n|-damage|p2a: Scraggy|15/100\n|move|p1a: Volcarona|Flamethrower|p2b: Calyrex\n|-resisted|p2b: Calyrex\n|-damage|p2b: Calyrex|69/100\n|\n|-weather|SunnyDay|[upkeep]\n|-heal|p2a: Scraggy|20/100|[from] Grassy Terrain\n|-heal|p2b: Calyrex|74/100|[from] Grassy Terrain\n|-heal|p1b: Groudon|47/100|[from] Grassy Terrain\n|-heal|p1a: Volcarona|21/100|[from] Grassy Terrain\n|-heal|p1a: Volcarona|27/100|[from] item: Leftovers\n|-fieldend|move: Grassy Terrain\n|upkeep\n|turn|6\n|inactive|drive stone has 30 seconds left.\n|\n|t:|1772707620\n|move|p1b: Groudon|Protect|p1b: Groudon\n|-singleturn|p1b: Groudon|Protect\n|move|p1a: Volcarona|Protect|p1a: Volcarona\n|-singleturn|p1a: Volcarona|Protect\n|move|p2a: Scraggy|Coaching|p2b: Calyrex\n|-boost|p2b: Calyrex|atk|1\n|-boost|p2b: Calyrex|def|1\n|move|p2b: Calyrex|Glacial Lance|p1a: Volcarona|[spread] \n|-activate|p1a: Volcarona|move: Protect\n|-activate|p1b: Groudon|move: Protect\n|\n|-weather|SunnyDay|[upkeep]\n|-heal|p1a: Volcarona|33/100|[from] item: Leftovers\n|-fieldend|move: Trick Room\n|upkeep\n|turn|7\n|\n|t:|1772707645\n|move|p2b: Calyrex|Protect|p2b: Calyrex\n|-singleturn|p2b: Calyrex|Protect\n|move|p1a: Volcarona|Flamethrower|p2b: Calyrex\n|-activate|p2b: Calyrex|move: Protect\n|move|p1b: Groudon|Precipice Blades|p2b: Calyrex|[spread] p2a\n|-activate|p2b: Calyrex|move: Protect\n|-damage|p2a: Scraggy|0 fnt\n|faint|p2a: Scraggy\n|\n|-weather|SunnyDay|[upkeep]\n|-heal|p1a: Volcarona|40/100|[from] item: Leftovers\n|upkeep\n|\n|t:|1772707658\n|switch|p2a: Iron Hands|Iron Hands, L50|100/100\n|turn|8\n|\n|t:|1772707671\n|move|p1b: Groudon|Protect|p1b: Groudon\n|-singleturn|p1b: Groudon|Protect\n|move|p2a: Iron Hands|Fake Out|p1b: Groudon\n|-activate|p1b: Groudon|move: Protect\n|move|p1a: Volcarona|Giga Drain|p2a: Iron Hands\n|-damage|p2a: Iron Hands|83/100\n|-heal|p1a: Volcarona|51/100|[from] drain|[of] p2a: Iron Hands\n|move|p2b: Calyrex|Trick Room|p2b: Calyrex\n|-fieldstart|move: Trick Room|[of] p2b: Calyrex\n|\n|-weather|SunnyDay|[upkeep]\n|-heal|p1a: Volcarona|57/100|[from] item: Leftovers\n|upkeep\n|turn|9\n|\n|t:|1772707691\n|move|p1a: Volcarona|Protect|p1a: Volcarona\n|-singleturn|p1a: Volcarona|Protect\n|move|p2b: Calyrex|Glacial Lance|p1a: Volcarona|[spread] p1b\n|-activate|p1a: Volcarona|move: Protect\n|-resisted|p1b: Groudon\n|-damage|p1b: Groudon|0 fnt\n|faint|p1b: Groudon\n|-ability|p2b: Calyrex|Chilling Neigh|boost\n|-boost|p2b: Calyrex|atk|1\n|move|p2a: Iron Hands|Wild Charge|p1a: Volcarona\n|-activate|p1a: Volcarona|move: Protect\n|\n|-weather|none\n|-heal|p1a: Volcarona|64/100|[from] item: Leftovers\n|upkeep\n|\n|t:|1772707707\n|switch|p1b: Rillaboom|Rillaboom, L50, M|100/100\n|-fieldstart|move: Grassy Terrain|[from] ability: Grassy Surge|[of] p1b: Rillaboom\n|turn|10\n|\n|t:|1772707719\n|move|p2b: Calyrex|Protect|p2b: Calyrex\n|-singleturn|p2b: Calyrex|Protect\n|move|p1b: Rillaboom|Fake Out|p2a: Iron Hands\n|-damage|p2a: Iron Hands|72/100\n|cant|p2a: Iron Hands|flinch\n|move|p1a: Volcarona|Quiver Dance|p1a: Volcarona\n|-boost|p1a: Volcarona|spa|1\n|-boost|p1a: Volcarona|spd|1\n|-boost|p1a: Volcarona|spe|1\n|\n|-heal|p2a: Iron Hands|77/100|[from] Grassy Terrain\n|-heal|p2b: Calyrex|80/100|[from] Grassy Terrain\n|-heal|p1a: Volcarona|70/100|[from] Grassy Terrain\n|-heal|p1a: Volcarona|76/100|[from] item: Leftovers\n|upkeep\n|turn|11\n|\n|t:|1772707739\n|move|p1b: Rillaboom|Grassy Glide|p2a: Iron Hands\n|-damage|p2a: Iron Hands|49/100\n|move|p2b: Calyrex|Glacial Lance|p1b: Rillaboom|[spread] p1a,p1b\n|-resisted|p1a: Volcarona\n|-supereffective|p1b: Rillaboom\n|-damage|p1a: Volcarona|0 fnt\n|-damage|p1b: Rillaboom|0 fnt\n|faint|p1a: Volcarona\n|faint|p1b: Rillaboom\n|\n|win|drive stone\n|raw|saltrice1225's rating: 1382 &rarr; <strong>1368</strong><br />(-14 for losing)\n|raw|drive stone's rating: 1486 &rarr; <strong>1500</strong><br />(+14 for winning)\n|l|\u2606saltrice1225\n|player|p1|\n|l|\u2606drive stone\n|player|p2|\n","uploadtime":1772707982,"views":12,"formatid":"gen9vgc2026regi","rating":1368,"private":0,"password":null}