{"id":"gen9vgc2026regi-2573226066","format":"[Gen 9] VGC 2026 Reg I","players":["fallacy277","kangshenkaibole"],"log":"|j|\u2606fallacy277\n|j|\u2606kangshenkaibole\n|t:|1775105500\n|gametype|doubles\n|player|p1|fallacy277|265|1458\n|player|p2|kangshenkaibole|dawn|1337\n|gen|9\n|tier|[Gen 9] VGC 2026 Reg I\n|rated|\n|rule|Species Clause: Limit one of each Pok\u00e9mon\n|rule|Item Clause: Limit 1 of each item\n|clearpoke\n|poke|p1|Groudon, L50|\n|poke|p1|Zamazenta-*, L50|\n|poke|p1|Chien-Pao, L50|\n|poke|p1|Gouging Fire, L50|\n|poke|p1|Jumpluff, L50, M|\n|poke|p1|Flutter Mane, L50|\n|poke|p2|Calyrex-Ice, L50|\n|poke|p2|Miraidon, L50|\n|poke|p2|Grimmsnarl, L50, M|\n|poke|p2|Urshifu-*, L50, F|\n|poke|p2|Incineroar, L50, F|\n|poke|p2|Landorus, L50, M|\n|teampreview|4\n|inactive|Battle timer is ON: inactive players will automatically lose when time's up. (requested by fallacy277)\n|\n|t:|1775105530\n|teamsize|p1|4\n|teamsize|p2|4\n|start\n|switch|p1a: Groudon|Groudon, L50|100/100\n|switch|p1b: Flutter Mane|Flutter Mane, L50|100/100\n|switch|p2a: Calyrex|Calyrex-Ice, L50|100/100\n|switch|p2b: Grimmsnarl|Grimmsnarl, L50, M|100/100\n|-ability|p2a: Calyrex|As One\n|-ability|p2a: Calyrex|Unnerve\n|-weather|SunnyDay|[from] ability: Drought|[of] p1a: Groudon\n|-activate|p1b: Flutter Mane|ability: Protosynthesis\n|-start|p1b: Flutter Mane|protosynthesisspe\n|turn|1\n|\n|t:|1775105544\n|-terastallize|p2a: Calyrex|Water\n|move|p2b: Grimmsnarl|Light Screen|p2b: Grimmsnarl\n|-sidestart|p2: kangshenkaibole|move: Light Screen\n|move|p1b: Flutter Mane|Taunt|p2b: Grimmsnarl\n|-start|p2b: Grimmsnarl|move: Taunt\n|move|p1a: Groudon|Will-O-Wisp|p2a: Calyrex\n|-status|p2a: Calyrex|brn\n|move|p2a: Calyrex|Glacial Lance|p1a: Groudon|[spread] p1a,p1b\n|-supereffective|p1a: Groudon\n|-damage|p1a: Groudon|63/100\n|-damage|p1b: Flutter Mane|61/100\n|\n|-weather|SunnyDay|[upkeep]\n|-damage|p2a: Calyrex|95/100 brn|[from] brn\n|upkeep\n|turn|2\n|\n|t:|1775105558\n|move|p1b: Flutter Mane|Moonblast|p2b: Grimmsnarl\n|-supereffective|p2b: Grimmsnarl\n|-damage|p2b: Grimmsnarl|54/100\n|move|p1a: Groudon|Precipice Blades|p2b: Grimmsnarl|[spread] p2b\n|-miss|p1a: Groudon|p2a: Calyrex\n|-damage|p2b: Grimmsnarl|5/100\n|move|p2b: Grimmsnarl|Spirit Break|p1b: Flutter Mane\n|-damage|p1b: Flutter Mane|18/100\n|-unboost|p1b: Flutter Mane|spa|1\n|move|p2a: Calyrex|Leech Seed|p1a: Groudon\n|-start|p1a: Groudon|move: Leech Seed\n|\n|-weather|SunnyDay|[upkeep]\n|-heal|p2a: Calyrex|100/100 brn|[from] item: Leftovers\n|-damage|p1a: Groudon|51/100|[from] Leech Seed|[of] p2a: Calyrex\n|-damage|p2a: Calyrex|95/100 brn|[from] brn\n|upkeep\n|turn|3\n|\n|t:|1775105575\n|switch|p1a: Zamazenta|Zamazenta-Crowned, L50|100/100\n|-ability|p1a: Zamazenta|Dauntless Shield|boost\n|-boost|p1a: Zamazenta|def|1\n|switch|p2b: Incineroar|Incineroar, L50, F|100/100\n|-ability|p2b: Incineroar|Intimidate|boost\n|-unboost|p1a: Zamazenta|atk|1\n|-unboost|p1b: Flutter Mane|atk|1\n|move|p1b: Flutter Mane|Taunt|p2a: Calyrex\n|-start|p2a: Calyrex|move: Taunt\n|move|p2a: Calyrex|Glacial Lance|p1b: Flutter Mane|[spread] p1a,p1b\n|-resisted|p1a: Zamazenta\n|-damage|p1a: Zamazenta|96/100\n|-damage|p1b: Flutter Mane|0 fnt\n|faint|p1b: Flutter Mane\n|-end|p1b: Flutter Mane|Protosynthesis|[silent]\n|-ability|p2a: Calyrex|Chilling Neigh|boost\n|-boost|p2a: Calyrex|atk|1\n|\n|-weather|SunnyDay|[upkeep]\n|-heal|p2a: Calyrex|100/100 brn|[from] item: Leftovers\n|-damage|p2a: Calyrex|95/100 brn|[from] brn\n|upkeep\n|\n|t:|1775105589\n|switch|p1b: Chien-Pao|Chien-Pao, L50|100/100\n|-ability|p1b: Chien-Pao|Sword of Ruin\n|turn|4\n|inactive|kangshenkaibole has 30 seconds left.\n|\n|t:|1775105614\n|switch|p2a: Miraidon|Miraidon, L50|100/100\n|-fieldstart|move: Electric Terrain|[from] ability: Hadron Engine|[of] p2a: Miraidon\n|move|p2b: Incineroar|Fake Out|p1b: Chien-Pao\n|-damage|p1b: Chien-Pao|89/100\n|cant|p1b: Chien-Pao|flinch\n|move|p1a: Zamazenta|Body Press|p2b: Incineroar\n|-supereffective|p2b: Incineroar\n|-damage|p2b: Incineroar|0 fnt\n|faint|p2b: Incineroar\n|\n|-weather|SunnyDay|[upkeep]\n|upkeep\n|\n|t:|1775105623\n|switch|p2b: Grimmsnarl|Grimmsnarl, L50, M|5/100\n|turn|5\n|\n|t:|1775105633\n|-terastallize|p1a: Zamazenta|Dragon\n|move|p1b: Chien-Pao|Ice Shard|p2b: Grimmsnarl\n|-damage|p2b: Grimmsnarl|0 fnt\n|faint|p2b: Grimmsnarl\n|move|p2a: Miraidon|Draco Meteor|p1a: Zamazenta\n|-supereffective|p1a: Zamazenta\n|-damage|p1a: Zamazenta|0 fnt\n|-unboost|p2a: Miraidon|spa|2\n|faint|p1a: Zamazenta\n|\n|-weather|none\n|upkeep\n|\n|t:|1775105641\n|switch|p1a: Groudon|Groudon, L50|51/100\n|switch|p2b: Calyrex|Calyrex-Ice, L50, tera:Water|95/100 brn\n|-ability|p2b: Calyrex|As One\n|-ability|p2b: Calyrex|Unnerve\n|-weather|SunnyDay|[from] ability: Drought|[of] p1a: Groudon\n|turn|6\n|\n|t:|1775105654\n|move|p1b: Chien-Pao|Icy Wind|p2b: Calyrex|[spread] p2a,p2b\n|-supereffective|p2a: Miraidon\n|-resisted|p2b: Calyrex\n|-damage|p2a: Miraidon|90/100\n|-damage|p2b: Calyrex|93/100 brn\n|-unboost|p2a: Miraidon|spe|1\n|-unboost|p2b: Calyrex|spe|1\n|move|p1a: Groudon|Precipice Blades|p2a: Miraidon|[spread] p2a,p2b\n|-supereffective|p2a: Miraidon\n|-damage|p2a: Miraidon|0 fnt\n|-damage|p2b: Calyrex|51/100 brn\n|faint|p2a: Miraidon\n|move|p2b: Calyrex|Leech Seed|p1a: Groudon\n|-start|p1a: Groudon|move: Leech Seed\n|\n|-weather|SunnyDay|[upkeep]\n|-heal|p2b: Calyrex|57/100 brn|[from] item: Leftovers\n|-damage|p1a: Groudon|39/100|[from] Leech Seed|[of] p2b: Calyrex\n|-heal|p2b: Calyrex|69/100 brn|[silent]\n|-damage|p2b: Calyrex|63/100 brn|[from] brn\n|upkeep\n|turn|7\n|\n|t:|1775105667\n|move|p2b: Calyrex|Protect|p2b: Calyrex\n|-singleturn|p2b: Calyrex|Protect\n|move|p1b: Chien-Pao|Ruination|p2b: Calyrex\n|-activate|p2b: Calyrex|move: Protect\n|move|p1a: Groudon|Precipice Blades|p2b: Calyrex\n|-activate|p2b: Calyrex|move: Protect\n|\n|-weather|SunnyDay|[upkeep]\n|-heal|p2b: Calyrex|69/100 brn|[from] item: Leftovers\n|-damage|p1a: Groudon|27/100|[from] Leech Seed|[of] p2b: Calyrex\n|-heal|p2b: Calyrex|81/100 brn|[silent]\n|-damage|p2b: Calyrex|75/100 brn|[from] brn\n|upkeep\n|turn|8\n|\n|t:|1775105679\n|move|p1b: Chien-Pao|Ruination|p2b: Calyrex\n|-damage|p2b: Calyrex|38/100 brn\n|move|p1a: Groudon|Precipice Blades|p2b: Calyrex\n|-damage|p2b: Calyrex|0 fnt\n|faint|p2b: Calyrex\n|\n|win|fallacy277\n|raw|fallacy277's rating: 1458 &rarr; <strong>1471</strong><br />(+13 for winning)\n|raw|kangshenkaibole's rating: 1337 &rarr; <strong>1324</strong><br />(-13 for losing)\n|l|\u2606kangshenkaibole\n|player|p2|\n|l|\u2606fallacy277\n|player|p1|\n","uploadtime":1775105906,"views":13,"formatid":"gen9vgc2026regi","rating":1324,"private":0,"password":null}