{"id":"gen9vgc2026regi-2568974614","format":"[Gen 9] VGC 2026 Reg I","players":["yuri1910","Cello L."],"log":"|j|\u2606yuri1910\n|j|\u2606Cello L.\n|t:|1774637705\n|gametype|doubles\n|player|p1|yuri1910|169|1524\n|player|p2|Cello L.|cynthia-gen4|1572\n|gen|9\n|tier|[Gen 9] VGC 2026 Reg I\n|rated|\n|rule|Species Clause: Limit one of each Pok\u00e9mon\n|rule|Item Clause: Limit 1 of each item\n|clearpoke\n|poke|p1|Calyrex-Ice, L50|\n|poke|p1|Kyogre, L50|\n|poke|p1|Grimmsnarl, L50, M|\n|poke|p1|Rillaboom, L50, F|\n|poke|p1|Urshifu-*, L50, M|\n|poke|p1|Landorus, L50, M|\n|poke|p2|Miraidon, L50|\n|poke|p2|Zamazenta-*, L50|\n|poke|p2|Chien-Pao, L50|\n|poke|p2|Iron Hands, L50|\n|poke|p2|Volcarona, L50, F|\n|poke|p2|Grimmsnarl, L50, M|\n|teampreview|4\n|\n|t:|1774637736\n|teamsize|p1|4\n|teamsize|p2|4\n|start\n|switch|p1a: Grimmsnarl|Grimmsnarl, L50, M|100/100\n|switch|p1b: Calyrex|Calyrex-Ice, L50|100/100\n|switch|p2a: Zamazenta|Zamazenta-Crowned, L50|100/100\n|switch|p2b: Chien-Pao|Chien-Pao, L50|100/100\n|-ability|p1b: Calyrex|As One\n|-ability|p1b: Calyrex|Unnerve\n|-ability|p2b: Chien-Pao|Sword of Ruin\n|-ability|p2a: Zamazenta|Dauntless Shield|boost\n|-boost|p2a: Zamazenta|def|1\n|turn|1\n|\n|t:|1774637808\n|switch|p2b: Miraidon|Miraidon, L50|100/100\n|-fieldstart|move: Electric Terrain|[from] ability: Hadron Engine|[of] p2b: Miraidon\n|move|p1a: Grimmsnarl|Reflect|p1a: Grimmsnarl\n|-sidestart|p1: yuri1910|Reflect\n|move|p2a: Zamazenta|Body Press|p1b: Calyrex\n|-damage|p1b: Calyrex|73/100\n|move|p1b: Calyrex|Glacial Lance|p2b: Miraidon|[spread] p2a,p2b\n|-resisted|p2a: Zamazenta\n|-supereffective|p2b: Miraidon\n|-damage|p2a: Zamazenta|90/100\n|-damage|p2b: Miraidon|0 fnt\n|faint|p2b: Miraidon\n|-ability|p1b: Calyrex|Chilling Neigh|boost\n|-boost|p1b: Calyrex|atk|1\n|\n|-heal|p1b: Calyrex|79/100|[from] item: Leftovers\n|upkeep\n|\n|t:|1774637823\n|switch|p2b: Chien-Pao|Chien-Pao, L50|100/100\n|-ability|p2b: Chien-Pao|Sword of Ruin\n|turn|2\n|\n|t:|1774637845\n|move|p1a: Grimmsnarl|Thunder Wave|p2a: Zamazenta\n|-status|p2a: Zamazenta|par\n|move|p2b: Chien-Pao|Crunch|p1b: Calyrex\n|-supereffective|p1b: Calyrex\n|-damage|p1b: Calyrex|35/100\n|-unboost|p1b: Calyrex|def|1\n|move|p2a: Zamazenta|Body Press|p1b: Calyrex\n|-damage|p1b: Calyrex|0 fnt\n|faint|p1b: Calyrex\n|\n|upkeep\n|\n|t:|1774637857\n|switch|p1b: Kyogre|Kyogre, L50|100/100\n|-weather|RainDance|[from] ability: Drizzle|[of] p1b: Kyogre\n|turn|3\n|\n|t:|1774637873\n|-terastallize|p2a: Zamazenta|Water\n|move|p2b: Chien-Pao|Sucker Punch|p1b: Kyogre\n|-damage|p1b: Kyogre|72/100\n|move|p1b: Kyogre|Hydro Pump|p2b: Chien-Pao\n|-enditem|p2b: Chien-Pao|Focus Sash\n|-damage|p2b: Chien-Pao|1/100\n|move|p1a: Grimmsnarl|Spirit Break|p2b: Chien-Pao\n|-supereffective|p2b: Chien-Pao\n|-damage|p2b: Chien-Pao|0 fnt\n|faint|p2b: Chien-Pao\n|cant|p2a: Zamazenta|par\n|\n|-weather|RainDance|[upkeep]\n|upkeep\n|\n|t:|1774637886\n|switch|p2b: Iron Hands|Iron Hands, L50|100/100\n|-activate|p2b: Iron Hands|ability: Quark Drive\n|-start|p2b: Iron Hands|quarkdriveatk\n|turn|4\n|\n|t:|1774637919\n|move|p2b: Iron Hands|Fake Out|p1b: Kyogre\n|-crit|p1b: Kyogre\n|-damage|p1b: Kyogre|43/100\n|cant|p1b: Kyogre|flinch\n|move|p1a: Grimmsnarl|Spirit Break|p2b: Iron Hands\n|-supereffective|p2b: Iron Hands\n|-damage|p2b: Iron Hands|58/100\n|-unboost|p2b: Iron Hands|spa|1\n|move|p2a: Zamazenta|Body Press|p1b: Kyogre\n|-damage|p1b: Kyogre|0 fnt\n|faint|p1b: Kyogre\n|\n|-weather|RainDance|[upkeep]\n|upkeep\n|\n|t:|1774637922\n|switch|p1b: Rillaboom|Rillaboom, L50, F|100/100\n|-fieldstart|move: Grassy Terrain|[from] ability: Grassy Surge|[of] p1b: Rillaboom\n|-end|p2b: Iron Hands|Quark Drive\n|turn|5\n|\n|t:|1774637944\n|move|p1b: Rillaboom|Wood Hammer|p2a: Zamazenta\n|-supereffective|p2a: Zamazenta\n|-damage|p2a: Zamazenta|26/100 par\n|-damage|p1b: Rillaboom|80/100|[from] Recoil\n|move|p2b: Iron Hands|Drain Punch|p1a: Grimmsnarl\n|-damage|p1a: Grimmsnarl|70/100\n|-heal|p2b: Iron Hands|71/100|[from] drain|[of] p1a: Grimmsnarl\n|move|p1a: Grimmsnarl|Spirit Break|p2b: Iron Hands\n|-supereffective|p2b: Iron Hands\n|-damage|p2b: Iron Hands|28/100\n|-unboost|p2b: Iron Hands|spa|1\n|move|p2a: Zamazenta|Heavy Slam|p1a: Grimmsnarl\n|-supereffective|p1a: Grimmsnarl\n|-damage|p1a: Grimmsnarl|10/100\n|\n|-weather|RainDance|[upkeep]\n|-heal|p1b: Rillaboom|86/100|[from] Grassy Terrain\n|-heal|p2b: Iron Hands|34/100|[from] Grassy Terrain\n|-heal|p1a: Grimmsnarl|16/100|[from] Grassy Terrain\n|-heal|p2a: Zamazenta|32/100 par|[from] Grassy Terrain\n|upkeep\n|turn|6\n|\n|t:|1774637976\n|move|p1b: Rillaboom|Wood Hammer|p2b: Iron Hands\n|-damage|p2b: Iron Hands|0 fnt\n|faint|p2b: Iron Hands\n|-end|p2b: Iron Hands|Quark Drive|[silent]\n|-damage|p1b: Rillaboom|73/100|[from] Recoil\n|move|p1a: Grimmsnarl|Spirit Break|p2a: Zamazenta\n|-damage|p2a: Zamazenta|21/100 par\n|-unboost|p2a: Zamazenta|spa|1\n|move|p2a: Zamazenta|Body Press|p1b: Rillaboom\n|-damage|p1b: Rillaboom|29/100\n|\n|-weather|RainDance|[upkeep]\n|-heal|p1b: Rillaboom|34/100|[from] Grassy Terrain\n|-heal|p1a: Grimmsnarl|22/100|[from] Grassy Terrain\n|-heal|p2a: Zamazenta|27/100 par|[from] Grassy Terrain\n|upkeep\n|turn|7\n|\n|t:|1774637989\n|move|p1b: Rillaboom|Wood Hammer|p2a: Zamazenta\n|-supereffective|p2a: Zamazenta\n|-damage|p2a: Zamazenta|0 fnt\n|faint|p2a: Zamazenta\n|-damage|p1b: Rillaboom|26/100|[from] Recoil\n|\n|win|yuri1910\n|raw|yuri1910's rating: 1524 &rarr; <strong>1547</strong><br />(+23 for winning)\n|raw|Cello L.'s rating: 1572 &rarr; <strong>1549</strong><br />(-23 for losing)\n|l|\u2606yuri1910\n|player|p1|\n","uploadtime":1774638216,"views":20,"formatid":"gen9vgc2026regi","rating":1547,"private":0,"password":null}