{"id":"gen9vgc2026regi-2554905626","format":"[Gen 9] VGC 2026 Reg I","players":["g0dGun","palHunter"],"log":"|j|\u2606g0dGun\n|j|\u2606palHunter\n|t:|1773025808\n|gametype|doubles\n|player|p1|g0dGun|blue|1474\n|player|p2|palHunter|dawn|1572\n|gen|9\n|tier|[Gen 9] VGC 2026 Reg I\n|rated|\n|rule|Species Clause: Limit one of each Pok\u00e9mon\n|rule|Item Clause: Limit 1 of each item\n|clearpoke\n|poke|p1|Hitmontop, L50, M|\n|poke|p1|Terapagos, L50, M|\n|poke|p1|Calyrex-Shadow, L50|\n|poke|p1|Ogerpon-Cornerstone, L50, F|\n|poke|p1|Urshifu-*, L50, F|\n|poke|p1|Whimsicott, L50, M|\n|poke|p2|Miraidon, L50|\n|poke|p2|Amoonguss, L50, F|\n|poke|p2|Calyrex-Ice, L50|\n|poke|p2|Urshifu-*, L50, F|\n|poke|p2|Incineroar, L50, F|\n|poke|p2|Landorus, L50, M|\n|teampreview|4\n|inactive|Battle timer is ON: inactive players will automatically lose when time's up. (requested by g0dGun)\n|l|\u2606palHunter\n|inactive|palHunter disconnected and has a minute to reconnect!\n|player|p2|\n|j|\u2606palHunter\n|inactive|palHunter reconnected and has 65 seconds left.\n|player|p2|palHunter|dawn|\n|inactive|palHunter has 60 seconds left.\n|\n|t:|1773025867\n|teamsize|p1|4\n|teamsize|p2|4\n|start\n|switch|p1a: Hitmontop|Hitmontop, L50, M|100/100\n|switch|p1b: Terapagos|Terapagos, L50, M|100/100\n|switch|p2a: Incineroar|Incineroar, L50, F, shiny|100/100\n|switch|p2b: Amoonguss|Amoonguss, L50, F, shiny|100/100\n|-activate|p1b: Terapagos|ability: Tera Shift\n|detailschange|p1b: Terapagos|Terapagos-Terastal, L50, M\n|-heal|p1b: Terapagos|100/100|[silent]\n|-ability|p1a: Hitmontop|Intimidate|boost\n|-unboost|p2a: Incineroar|atk|1\n|-unboost|p2b: Amoonguss|atk|1\n|-ability|p2a: Incineroar|Intimidate|boost\n|-unboost|p1a: Hitmontop|atk|1\n|-unboost|p1b: Terapagos|atk|1\n|turn|1\n|\n|t:|1773025887\n|switch|p1a: Ogerpon|Ogerpon-Cornerstone, L50, F|100/100\n|move|p1b: Terapagos|Protect|p1b: Terapagos\n|-singleturn|p1b: Terapagos|Protect\n|move|p2a: Incineroar|Fake Out|p1b: Terapagos\n|-activate|p1b: Terapagos|move: Protect\n|move|p2b: Amoonguss|Spore|p1a: Ogerpon\n|-immune|p1a: Ogerpon\n|\n|upkeep\n|turn|2\n|\n|t:|1773025912\n|move|p1a: Ogerpon|Ivy Cudgel|p2a: Incineroar|[anim] Ivy Cudgel Rock\n|-supereffective|p2a: Incineroar\n|-damage|p2a: Incineroar|0 fnt\n|faint|p2a: Incineroar\n|move|p1b: Terapagos|Tera Starstorm|p2b: Amoonguss\n|-damage|p2b: Amoonguss|48/100\n|move|p2b: Amoonguss|Pollen Puff|p1a: Ogerpon\n|-supereffective|p1a: Ogerpon\n|-damage|p1a: Ogerpon|54/100\n|\n|upkeep\n|\n|t:|1773025924\n|switch|p2a: Calyrex|Calyrex-Ice, L50|100/100\n|-ability|p2a: Calyrex|As One\n|-ability|p2a: Calyrex|Unnerve\n|turn|3\n|\n|t:|1773025944\n|move|p2b: Amoonguss|Protect|p2b: Amoonguss\n|-singleturn|p2b: Amoonguss|Protect\n|move|p1a: Ogerpon|Ivy Cudgel|p2a: Calyrex|[anim] Ivy Cudgel Rock\n|-supereffective|p2a: Calyrex\n|-damage|p2a: Calyrex|25/100\n|move|p1b: Terapagos|Tera Starstorm|p2b: Amoonguss\n|-activate|p2b: Amoonguss|move: Protect\n|move|p2a: Calyrex|Trick Room|p2a: Calyrex\n|-fieldstart|move: Trick Room|[of] p2a: Calyrex\n|\n|upkeep\n|turn|4\n|\n|t:|1773025962\n|-terastallize|p1b: Terapagos|Stellar\n|detailschange|p1b: Terapagos|Terapagos-Stellar, L50, M, tera:Stellar\n|-heal|p1b: Terapagos|100/100|[silent]\n|move|p1a: Ogerpon|Follow Me|p1a: Ogerpon\n|-singleturn|p1a: Ogerpon|move: Follow Me\n|move|p2b: Amoonguss|Pollen Puff|p1a: Ogerpon\n|-supereffective|p1a: Ogerpon\n|-damage|p1a: Ogerpon|9/100\n|move|p2a: Calyrex|Glacial Lance|p1b: Terapagos|[spread] p1a,p1b\n|-supereffective|p1a: Ogerpon\n|-damage|p1a: Ogerpon|0 fnt\n|-damage|p1b: Terapagos|62/100\n|faint|p1a: Ogerpon\n|-ability|p2a: Calyrex|Chilling Neigh|boost\n|-boost|p2a: Calyrex|atk|1\n|move|p1b: Terapagos|Tera Starstorm|p2a: Calyrex|[spread] p2a,p2b\n|-damage|p2a: Calyrex|0 fnt\n|-damage|p2b: Amoonguss|15/100\n|faint|p2a: Calyrex\n|\n|upkeep\n|\n|t:|1773025984\n|switch|p2a: Urshifu|Urshifu-Rapid-Strike, L50, F|100/100\n|switch|p1a: Hitmontop|Hitmontop, L50, M|100/100\n|-ability|p1a: Hitmontop|Intimidate|boost\n|-unboost|p2a: Urshifu|atk|1\n|-unboost|p2b: Amoonguss|atk|1\n|turn|5\n|\n|t:|1773025993\n|move|p2b: Amoonguss|Protect|p2b: Amoonguss\n|-singleturn|p2b: Amoonguss|Protect\n|move|p2a: Urshifu|Detect|p2a: Urshifu\n|-singleturn|p2a: Urshifu|Protect\n|move|p1a: Hitmontop|Fake Out|p2b: Amoonguss\n|-activate|p2b: Amoonguss|move: Protect\n|move|p1b: Terapagos|Tera Starstorm|p2a: Urshifu|[spread] \n|-activate|p2a: Urshifu|move: Protect\n|-activate|p2b: Amoonguss|move: Protect\n|\n|upkeep\n|turn|6\n|\n|t:|1773026015\n|-terastallize|p2a: Urshifu|Stellar\n|move|p2b: Amoonguss|Spore|p1b: Terapagos\n|-status|p1b: Terapagos|slp|[from] move: Spore\n|move|p1a: Hitmontop|Brick Break|p2a: Urshifu\n|-damage|p2a: Urshifu|76/100\n|cant|p1b: Terapagos|slp\n|move|p2a: Urshifu|Close Combat|p1b: Terapagos\n|-supereffective|p1b: Terapagos\n|-damage|p1b: Terapagos|0 fnt\n|-unboost|p2a: Urshifu|def|1\n|-unboost|p2a: Urshifu|spd|1\n|faint|p1b: Terapagos\n|detailschange|p1: Terapagos|Terapagos, L50, M|[silent]\n|\n|upkeep\n|\n|t:|1773026032\n|switch|p1b: Calyrex|Calyrex-Shadow, L50|100/100\n|-ability|p1b: Calyrex|As One\n|-ability|p1b: Calyrex|Unnerve\n|turn|7\n|\n|t:|1773026055\n|move|p2b: Amoonguss|Spore|p1a: Hitmontop\n|-status|p1a: Hitmontop|slp|[from] move: Spore\n|cant|p1a: Hitmontop|slp\n|move|p2a: Urshifu|Surging Strikes|p1b: Calyrex\n|-crit|p1b: Calyrex\n|-damage|p1b: Calyrex|63/100\n|-crit|p1b: Calyrex\n|-damage|p1b: Calyrex|29/100\n|-crit|p1b: Calyrex\n|-damage|p1b: Calyrex|0 fnt\n|faint|p1b: Calyrex\n|-hitcount|p1: Calyrex|3\n|\n|-fieldend|move: Trick Room\n|upkeep\n|turn|8\n|-message|g0dGun forfeited.\n|\n|win|palHunter\n|raw|g0dGun's rating: 1474 &rarr; <strong>1459</strong><br />(-15 for losing)\n|raw|palHunter's rating: 1572 &rarr; <strong>1587</strong><br />(+15 for winning)\n|l|\u2606g0dGun\n|player|p1|\n|l|\u2606palHunter\n|player|p2|\n","uploadtime":1773026236,"views":20,"formatid":"gen9vgc2026regi","rating":1459,"private":0,"password":null}