{"id":"gen9vgc2026regi-2578933406","format":"[Gen 9] VGC 2026 Reg I","players":["Sheevp","Jungosylv"],"log":"|j|\u2606Sheevp\n|j|\u2606Jungosylv\n|t:|1775737976\n|gametype|doubles\n|player|p1|Sheevp|102|1480\n|player|p2|Jungosylv|266|1442\n|gen|9\n|tier|[Gen 9] VGC 2026 Reg I\n|rated|\n|rule|Species Clause: Limit one of each Pok\u00e9mon\n|rule|Item Clause: Limit 1 of each item\n|clearpoke\n|poke|p1|Groudon, L50|\n|poke|p1|Flutter Mane, L50|\n|poke|p1|Chi-Yu, L50|\n|poke|p1|Raging Bolt, L50|\n|poke|p1|Calyrex-Ice, L50|\n|poke|p1|Brute Bonnet, L50|\n|poke|p2|Calyrex-Shadow, L50|\n|poke|p2|Koraidon, L50|\n|poke|p2|Chi-Yu, L50|\n|poke|p2|Brute Bonnet, L50|\n|poke|p2|Iron Valiant, L50|\n|poke|p2|Whimsicott, L50, M|\n|teampreview|4\n|\n|t:|1775738006\n|teamsize|p1|4\n|teamsize|p2|4\n|start\n|switch|p1a: Calyrex|Calyrex-Ice, L50|100/100\n|switch|p1b: Brute Bonnet|Brute Bonnet, L50|100/100\n|switch|p2a: Chi-Yu|Chi-Yu, L50|100/100\n|switch|p2b: Koraidon|Koraidon, L50, shiny|100/100\n|-ability|p1a: Calyrex|As One\n|-ability|p1a: Calyrex|Unnerve\n|-ability|p2a: Chi-Yu|Beads of Ruin\n|-weather|SunnyDay|[from] ability: Orichalcum Pulse|[of] p2b: Koraidon\n|-activate|p1b: Brute Bonnet|ability: Protosynthesis\n|-start|p1b: Brute Bonnet|protosynthesisdef\n|-activate|p2b: Koraidon|Orichalcum Pulse|[source]\n|turn|1\n|\n|t:|1775738039\n|-terastallize|p2b: Koraidon|Fire\n|-terastallize|p1a: Calyrex|Fairy\n|move|p1b: Brute Bonnet|Rage Powder|p1b: Brute Bonnet\n|-singleturn|p1b: Brute Bonnet|move: Rage Powder\n|move|p2a: Chi-Yu|Heat Wave|p1a: Calyrex|[spread] p1b\n|-miss|p2a: Chi-Yu|p1a: Calyrex\n|-supereffective|p1b: Brute Bonnet\n|-damage|p1b: Brute Bonnet|0 fnt\n|faint|p1b: Brute Bonnet\n|-end|p1b: Brute Bonnet|Protosynthesis|[silent]\n|move|p2b: Koraidon|Collision Course|p1a: Calyrex\n|-resisted|p1a: Calyrex\n|-damage|p1a: Calyrex|76/100\n|move|p1a: Calyrex|Trick Room|p1a: Calyrex\n|-fieldstart|move: Trick Room|[of] p1a: Calyrex\n|\n|-weather|SunnyDay|[upkeep]\n|-heal|p1a: Calyrex|82/100|[from] item: Leftovers\n|upkeep\n|\n|t:|1775738057\n|switch|p1b: Groudon|Groudon, L50|100/100\n|turn|2\n|\n|t:|1775738064\n|move|p2b: Koraidon|Protect|p2b: Koraidon\n|-singleturn|p2b: Koraidon|Protect\n|move|p1a: Calyrex|Glacial Lance|p2a: Chi-Yu|[spread] p2a\n|-activate|p2b: Koraidon|move: Protect\n|-resisted|p2a: Chi-Yu\n|-damage|p2a: Chi-Yu|57/100\n|move|p1b: Groudon|Precipice Blades|p2b: Koraidon|[spread] p2a\n|-activate|p2b: Koraidon|move: Protect\n|-supereffective|p2a: Chi-Yu\n|-damage|p2a: Chi-Yu|0 fnt\n|faint|p2a: Chi-Yu\n|\n|-weather|SunnyDay|[upkeep]\n|-heal|p1a: Calyrex|87/100|[from] item: Leftovers\n|upkeep\n|\n|t:|1775738079\n|switch|p2a: Iron Valiant|Iron Valiant, L50, shiny|100/100\n|-enditem|p2a: Iron Valiant|Booster Energy\n|-activate|p2a: Iron Valiant|ability: Quark Drive|[fromitem]\n|-start|p2a: Iron Valiant|quarkdrivespe\n|turn|3\n|\n|t:|1775738091\n|move|p2a: Iron Valiant|Wide Guard|p2a: Iron Valiant\n|-singleturn|p2a: Iron Valiant|Wide Guard\n|move|p1a: Calyrex|Leech Seed|p2b: Koraidon\n|-start|p2b: Koraidon|move: Leech Seed\n|move|p1b: Groudon|High Horsepower|p2b: Koraidon|[miss]\n|-miss|p1b: Groudon|p2b: Koraidon\n|move|p2b: Koraidon|Flare Blitz|p1a: Calyrex\n|-damage|p1a: Calyrex|8/100\n|-damage|p2b: Koraidon|71/100|[from] Recoil\n|\n|-weather|SunnyDay|[upkeep]\n|-heal|p1a: Calyrex|14/100|[from] item: Leftovers\n|-damage|p2b: Koraidon|59/100|[from] Leech Seed|[of] p1a: Calyrex\n|-heal|p1a: Calyrex|24/100|[silent]\n|upkeep\n|turn|4\n|\n|t:|1775738108\n|move|p2b: Koraidon|Protect|p2b: Koraidon\n|-singleturn|p2b: Koraidon|Protect\n|move|p1a: Calyrex|Glacial Lance|p2b: Koraidon|[spread] p2a\n|-activate|p2b: Koraidon|move: Protect\n|-damage|p2a: Iron Valiant|41/100\n|move|p1b: Groudon|High Horsepower|p2b: Koraidon\n|-activate|p2b: Koraidon|move: Protect\n|move|p2a: Iron Valiant|Coaching|p2b: Koraidon\n|-boost|p2b: Koraidon|atk|1\n|-boost|p2b: Koraidon|def|1\n|\n|-weather|SunnyDay|[upkeep]\n|-heal|p1a: Calyrex|30/100|[from] item: Leftovers\n|-damage|p2b: Koraidon|47/100|[from] Leech Seed|[of] p1a: Calyrex\n|-heal|p1a: Calyrex|41/100|[silent]\n|upkeep\n|turn|5\n|\n|t:|1775738130\n|move|p2a: Iron Valiant|Wide Guard|p2a: Iron Valiant\n|-singleturn|p2a: Iron Valiant|Wide Guard\n|move|p1a: Calyrex|Glacial Lance|p2a: Iron Valiant|[spread] \n|-activate|p2a: Iron Valiant|move: Wide Guard\n|-activate|p2b: Koraidon|move: Wide Guard\n|move|p1b: Groudon|High Horsepower|p2b: Koraidon\n|-supereffective|p2b: Koraidon\n|-damage|p2b: Koraidon|0 fnt\n|faint|p2b: Koraidon\n|\n|-weather|none\n|-heal|p1a: Calyrex|46/100|[from] item: Leftovers\n|-fieldend|move: Trick Room\n|upkeep\n|\n|t:|1775738139\n|switch|p2b: Calyrex|Calyrex-Shadow, L50|100/100\n|-ability|p2b: Calyrex|As One\n|-ability|p2b: Calyrex|Unnerve\n|turn|6\n|\n|t:|1775738150\n|move|p1a: Calyrex|Protect|p1a: Calyrex\n|-singleturn|p1a: Calyrex|Protect\n|move|p2a: Iron Valiant|Moonblast|p1a: Calyrex\n|-activate|p1a: Calyrex|move: Protect\n|move|p2b: Calyrex|Astral Barrage|p1b: Groudon|[spread] p1b\n|-activate|p1a: Calyrex|move: Protect\n|-damage|p1b: Groudon|50/100\n|move|p1b: Groudon|Heat Crash|p2a: Iron Valiant\n|-damage|p2a: Iron Valiant|0 fnt\n|faint|p2a: Iron Valiant\n|-end|p2a: Iron Valiant|Quark Drive|[silent]\n|\n|-heal|p1a: Calyrex|52/100|[from] item: Leftovers\n|upkeep\n|turn|7\n|\n|t:|1775738166\n|move|p2b: Calyrex|Astral Barrage|p1b: Groudon|[spread] p1a,p1b\n|-damage|p1a: Calyrex|20/100\n|-damage|p1b: Groudon|0 fnt\n|faint|p1b: Groudon\n|-ability|p2b: Calyrex|Grim Neigh|boost\n|-boost|p2b: Calyrex|spa|1\n|move|p1a: Calyrex|Glacial Lance|p2b: Calyrex\n|-damage|p2b: Calyrex|12/100\n|\n|-heal|p1a: Calyrex|26/100|[from] item: Leftovers\n|upkeep\n|\n|t:|1775738171\n|switch|p1b: Chi-Yu|Chi-Yu, L50|100/100\n|-ability|p1b: Chi-Yu|Beads of Ruin\n|turn|8\n|\n|t:|1775738176\n|move|p1b: Chi-Yu|Dark Pulse|p2b: Calyrex\n|-supereffective|p2b: Calyrex\n|-damage|p2b: Calyrex|0 fnt\n|faint|p2b: Calyrex\n|\n|win|Sheevp\n|raw|Sheevp's rating: 1480 &rarr; <strong>1498</strong><br />(+18 for winning)\n|raw|Jungosylv's rating: 1442 &rarr; <strong>1424</strong><br />(-18 for losing)\n|l|\u2606Jungosylv\n|player|p2|\n|l|\u2606Sheevp\n|player|p1|\n","uploadtime":1775738320,"views":13,"formatid":"gen9vgc2026regi","rating":1424,"private":0,"password":null}