{"id":"gen9vgc2026regi-2579581913","format":"[Gen 9] VGC 2026 Reg I","players":["pengwin694","TheManOfSausage"],"log":"|j|\u2606pengwin694\n|j|\u2606TheManOfSausage\n|t:|1775800960\n|gametype|doubles\n|player|p1|pengwin694|2|1520\n|player|p2|TheManOfSausage|miku-water|1659\n|gen|9\n|tier|[Gen 9] VGC 2026 Reg I\n|rated|\n|rule|Species Clause: Limit one of each Pok\u00e9mon\n|rule|Item Clause: Limit 1 of each item\n|clearpoke\n|poke|p1|Miraidon, L50|\n|poke|p1|Calyrex-Ice, L50|\n|poke|p1|Amoonguss, L50, F|\n|poke|p1|Incineroar, L50, M|\n|poke|p1|Urshifu-*, L50, F|\n|poke|p1|Landorus, L50, M|\n|poke|p2|Calyrex-Ice, L50|\n|poke|p2|Miraidon, L50|\n|poke|p2|Farigiraf, L50, F|\n|poke|p2|Urshifu-*, L50, M|\n|poke|p2|Volcarona, L50, M|\n|poke|p2|Iron Hands, L50|\n|teampreview|4\nTheManOfSausage has agreed to open team sheets.\n|\n|t:|1775800993\n|teamsize|p1|4\n|teamsize|p2|4\n|start\n|switch|p1a: Miraidon|Miraidon, L50|100/100\n|switch|p1b: Calyrex|Calyrex-Ice, L50|100/100\n|switch|p2a: Magical Mirai|Miraidon, L50|100/100\n|switch|p2b: Ogurin|Calyrex-Ice, L50|100/100\n|-ability|p1b: Calyrex|As One\n|-ability|p1b: Calyrex|Unnerve\n|-ability|p2b: Ogurin|As One\n|-ability|p2b: Ogurin|Unnerve\n|-fieldstart|move: Electric Terrain|[from] ability: Hadron Engine|[of] p2a: Magical Mirai\n|-activate|p1a: Miraidon|ability: Hadron Engine\n|turn|1\n|\n|t:|1775801014\n|-terastallize|p1a: Miraidon|Electric\n|move|p2b: Ogurin|Protect|p2b: Ogurin\n|-singleturn|p2b: Ogurin|Protect\n|move|p2a: Magical Mirai|Volt Switch|p1b: Calyrex\n|-damage|p1b: Calyrex|59/100\n|\n|t:|1775801018\n|switch|p2a: Brian|Iron Hands, L50, shiny|100/100|[from] Volt Switch\n|-activate|p2a: Brian|ability: Quark Drive\n|-start|p2a: Brian|quarkdriveatk\n|move|p1a: Miraidon|Electro Drift|p2b: Ogurin\n|-activate|p2b: Ogurin|move: Protect\n|move|p1b: Calyrex|Glacial Lance|p2a: Brian|[spread] p2a\n|-activate|p2b: Ogurin|move: Protect\n|-damage|p2a: Brian|67/100\n|\n|upkeep\n|turn|2\n|\n|t:|1775801039\n|-terastallize|p2a: Brian|Water\n|move|p2a: Brian|Fake Out|p1a: Miraidon\n|-damage|p1a: Miraidon|85/100\n|cant|p1a: Miraidon|flinch\n|move|p1b: Calyrex|High Horsepower|p2a: Brian\n|-damage|p2a: Brian|41/100\n|move|p2b: Ogurin|Trick Room|p2b: Ogurin\n|-fieldstart|move: Trick Room|[of] p2b: Ogurin\n|\n|upkeep\n|turn|3\n|\n|t:|1775801072\n|move|p2a: Brian|Low Kick|p1b: Calyrex\n|-damage|p1b: Calyrex|4/100\n|move|p2b: Ogurin|Glacial Lance|p1a: Miraidon|[spread] p1a,p1b\n|-resisted|p1b: Calyrex\n|-damage|p1a: Miraidon|35/100\n|-damage|p1b: Calyrex|0 fnt\n|faint|p1b: Calyrex\n|-ability|p2b: Ogurin|Chilling Neigh|boost\n|-boost|p2b: Ogurin|atk|1\n|move|p1a: Miraidon|Electro Drift|p2b: Ogurin\n|-damage|p2b: Ogurin|15/100\n|\n|upkeep\n|\n|t:|1775801082\n|switch|p1b: Urshifu|Urshifu-Rapid-Strike, L50, F|100/100\n|turn|4\n|\n|t:|1775801094\n|switch|p1a: Amoonguss|Amoonguss, L50, F|100/100\n|move|p1b: Urshifu|Aqua Jet|p2b: Ogurin\n|-damage|p2b: Ogurin|0 fnt\n|faint|p2b: Ogurin\n|move|p2a: Brian|Drain Punch|p1a: Amoonguss\n|-resisted|p1a: Amoonguss\n|-damage|p1a: Amoonguss|81/100\n|-heal|p2a: Brian|50/100|[from] drain|[of] p1a: Amoonguss\n|-damage|p2a: Brian|33/100|[from] item: Rocky Helmet|[of] p1a: Amoonguss\n|\n|upkeep\n|\n|t:|1775801099\n|switch|p2b: Volcarona|Volcarona, L50, M, shiny|100/100\n|turn|5\n|\n|t:|1775801121\n|move|p1a: Amoonguss|Rage Powder|p1a: Amoonguss\n|-singleturn|p1a: Amoonguss|move: Rage Powder\n|move|p2a: Brian|Drain Punch|p1a: Amoonguss\n|-resisted|p1a: Amoonguss\n|-damage|p1a: Amoonguss|60/100\n|-heal|p2a: Brian|42/100|[from] drain|[of] p1a: Amoonguss\n|-damage|p2a: Brian|26/100|[from] item: Rocky Helmet|[of] p1a: Amoonguss\n|move|p2b: Volcarona|Fiery Dance|p1a: Amoonguss\n|-supereffective|p1a: Amoonguss\n|-damage|p1a: Amoonguss|0 fnt\n|-boost|p2b: Volcarona|spa|1\n|faint|p1a: Amoonguss\n|move|p1b: Urshifu|Surging Strikes|p2b: Volcarona\n|-supereffective|p2b: Volcarona\n|-crit|p2b: Volcarona\n|-damage|p2b: Volcarona|44/100\n|-damage|p1b: Urshifu|84/100|[from] item: Rocky Helmet|[of] p2b: Volcarona\n|-status|p1b: Urshifu|brn|[from] ability: Flame Body|[of] p2b: Volcarona\n|-supereffective|p2b: Volcarona\n|-crit|p2b: Volcarona\n|-damage|p2b: Volcarona|16/100\n|-damage|p1b: Urshifu|67/100 brn|[from] item: Rocky Helmet|[of] p2b: Volcarona\n|-supereffective|p2b: Volcarona\n|-crit|p2b: Volcarona\n|-damage|p2b: Volcarona|0 fnt\n|-damage|p1b: Urshifu|51/100 brn|[from] item: Rocky Helmet|[of] p2b: Volcarona\n|faint|p2b: Volcarona\n|-hitcount|p2: Volcarona|3\n|\n|-damage|p1b: Urshifu|45/100 brn|[from] brn\n|-fieldend|move: Electric Terrain\n|-end|p2a: Brian|Quark Drive\n|upkeep\n|\n|t:|1775801134\n|switch|p1a: Miraidon|Miraidon, L50, tera:Electric|35/100\n|switch|p2b: Magical Mirai|Miraidon, L50|100/100\n|-fieldstart|move: Electric Terrain|[from] ability: Hadron Engine|[of] p1a: Miraidon\n|-activate|p2a: Brian|ability: Quark Drive\n|-start|p2a: Brian|quarkdriveatk\n|-activate|p2b: Magical Mirai|ability: Hadron Engine\n|turn|6\n|\n|t:|1775801149\n|move|p2a: Brian|Drain Punch|p1a: Miraidon\n|-crit|p1a: Miraidon\n|-damage|p1a: Miraidon|0 fnt\n|-heal|p2a: Brian|40/100|[from] drain|[of] p1a: Miraidon\n|faint|p1a: Miraidon\n|move|p1b: Urshifu|Close Combat|p2a: Brian\n|-crit|p2a: Brian\n|-damage|p2a: Brian|6/100\n|-unboost|p1b: Urshifu|def|1\n|-unboost|p1b: Urshifu|spd|1\n|move|p2b: Magical Mirai|Electro Drift|p1b: Urshifu\n|-supereffective|p1b: Urshifu\n|-damage|p1b: Urshifu|0 fnt\n|faint|p1b: Urshifu\n|\n|win|TheManOfSausage\n|raw|pengwin694's rating: 1520 &rarr; <strong>1508</strong><br />(-12 for losing)\n|raw|TheManOfSausage's rating: 1659 &rarr; <strong>1671</strong><br />(+12 for winning)\n|c|\u2606TheManOfSausage|gg\n|l|\u2606pengwin694\n|player|p1|\n|l|\u2606TheManOfSausage\n|player|p2|\n","uploadtime":1775801347,"views":12,"formatid":"gen9vgc2026regi","rating":1508,"private":0,"password":null}