{"id":"gen9vgc2026regi-2534323919","format":"[Gen 9] VGC 2026 Reg I","players":["j0l0k0","Indeedee Follow"],"log":"|j|\u2606j0l0k0\n|j|\u2606Indeedee Follow\n|t:|1770408774\n|gametype|doubles\n|player|p1|j0l0k0|brycen|1501\n|player|p2|Indeedee Follow|caitlin|1474\n|gen|9\n|tier|[Gen 9] VGC 2026 Reg I\n|rated|\n|rule|Species Clause: Limit one of each Pok\u00e9mon\n|rule|Item Clause: Limit 1 of each item\n|clearpoke\n|poke|p1|Calyrex-Ice, L50|\n|poke|p1|Kyogre, L50|\n|poke|p1|Indeedee-F, L50, F|\n|poke|p1|Urshifu-*, L50, F|\n|poke|p1|Amoonguss, L50, F|\n|poke|p1|Landorus, L50, M|\n|poke|p2|Calyrex-Shadow, L50|\n|poke|p2|Zamazenta-*, L50|\n|poke|p2|Rillaboom, L50, F|\n|poke|p2|Clefairy, L50, M|\n|poke|p2|Tornadus, L50, M|\n|poke|p2|Smeargle, L50, F|\n|teampreview|4\n|inactive|Battle timer is ON: inactive players will automatically lose when time's up. (requested by j0l0k0)\n|inactive|Indeedee Follow also wants the timer to be on.\n|inactive|Indeedee Follow has 60 seconds left.\n|\n|t:|1770408821\n|teamsize|p1|4\n|teamsize|p2|4\n|start\n|switch|p1a: Indeedee|Indeedee-F, L50, F, shiny|100/100\n|switch|p1b: Calyrex|Calyrex-Ice, L50|100/100\n|switch|p2a: Smeargle|Smeargle, L50, F, shiny|100/100\n|switch|p2b: Calyrex|Calyrex-Shadow, L50|100/100\n|-ability|p2b: Calyrex|As One\n|-ability|p2b: Calyrex|Unnerve\n|-ability|p1b: Calyrex|As One\n|-ability|p1b: Calyrex|Unnerve\n|-fieldstart|move: Psychic Terrain|[from] ability: Psychic Surge|[of] p1a: Indeedee\n|turn|1\n|\n|t:|1770408839\n|-terastallize|p1b: Calyrex|Normal\n|move|p1a: Indeedee|Follow Me|p1a: Indeedee\n|-singleturn|p1a: Indeedee|move: Follow Me\n|move|p2b: Calyrex|Nasty Plot|p2b: Calyrex\n|-boost|p2b: Calyrex|spa|2\n|move|p2a: Smeargle|Spore|p1a: Indeedee\n|-activate|p1a: Indeedee|item: Safety Goggles|Spore\n|move|p1b: Calyrex|Trick Room|p1b: Calyrex\n|-fieldstart|move: Trick Room|[of] p1b: Calyrex\n|\n|-ability|p2a: Smeargle|Moody|boost\n|-boost|p2a: Smeargle|spd|2\n|-unboost|p2a: Smeargle|spe|1\n|upkeep\n|turn|2\n|j| nngf\u9b3c\u8749\u4fa0\n|\n|t:|1770408854\n|move|p2a: Smeargle|Wide Guard|p2a: Smeargle\n|-singleturn|p2a: Smeargle|Wide Guard\n|move|p1a: Indeedee|Follow Me|p1a: Indeedee\n|-singleturn|p1a: Indeedee|move: Follow Me\n|move|p1b: Calyrex|Glacial Lance|p2a: Smeargle|[spread] \n|-activate|p2a: Smeargle|move: Wide Guard\n|-activate|p2b: Calyrex|move: Wide Guard\n|move|p2b: Calyrex|Psychic|p1a: Indeedee\n|-resisted|p1a: Indeedee\n|-damage|p1a: Indeedee|15/100\n|-damage|p2b: Calyrex|91/100|[from] item: Life Orb\n|\n|-ability|p2a: Smeargle|Moody|boost\n|-boost|p2a: Smeargle|spd|2\n|-unboost|p2a: Smeargle|atk|1\n|upkeep\n|turn|3\n|inactive|Indeedee Follow has 30 seconds left.\n|\n|t:|1770408888\n|move|p2a: Smeargle|Follow Me|p2a: Smeargle\n|-singleturn|p2a: Smeargle|move: Follow Me\n|move|p1a: Indeedee|Follow Me|p1a: Indeedee\n|-singleturn|p1a: Indeedee|move: Follow Me\n|move|p1b: Calyrex|Crunch|p2a: Smeargle\n|-damage|p2a: Smeargle|17/100\n|-unboost|p2a: Smeargle|def|1\n|move|p2b: Calyrex|Psychic|p1a: Indeedee\n|-resisted|p1a: Indeedee\n|-damage|p1a: Indeedee|0 fnt\n|faint|p1a: Indeedee\n|-ability|p2b: Calyrex|Grim Neigh|boost\n|-boost|p2b: Calyrex|spa|1\n|-damage|p2b: Calyrex|81/100|[from] item: Life Orb\n|\n|-ability|p2a: Smeargle|Moody|boost\n|-boost|p2a: Smeargle|spa|2\n|-unboost|p2a: Smeargle|atk|1\n|upkeep\n|\n|t:|1770408910\n|switch|p1a: Kyogre|Kyogre, L50, shiny|100/100\n|-weather|RainDance|[from] ability: Drizzle|[of] p1a: Kyogre\n|turn|4\n|\n|t:|1770408917\n|move|p2b: Calyrex|Protect|p2b: Calyrex\n|-singleturn|p2b: Calyrex|Protect\n|move|p1b: Calyrex|Crunch|p2b: Calyrex\n|-activate|p2b: Calyrex|move: Protect\n|move|p2a: Smeargle|Spore|p1a: Kyogre\n|-status|p1a: Kyogre|slp|[from] move: Spore\n|cant|p1a: Kyogre|slp\n|\n|-weather|RainDance|[upkeep]\n|-ability|p2a: Smeargle|Moody|boost\n|-boost|p2a: Smeargle|def|2\n|-unboost|p2a: Smeargle|spe|1\n|upkeep\n|turn|5\n|\n|t:|1770408943\n|-terastallize|p2b: Calyrex|Dark\n|move|p1b: Calyrex|Glacial Lance|p2a: Smeargle|[spread] p2a,p2b\n|-damage|p2a: Smeargle|0 fnt\n|-damage|p2b: Calyrex|15/100\n|faint|p2a: Smeargle\n|-ability|p1b: Calyrex|Chilling Neigh|boost\n|-boost|p1b: Calyrex|atk|1\n|cant|p1a: Kyogre|slp\n|move|p2b: Calyrex|Psychic|p1a: Kyogre\n|-damage|p1a: Kyogre|0 fnt\n|faint|p1a: Kyogre\n|-ability|p2b: Calyrex|Grim Neigh|boost\n|-boost|p2b: Calyrex|spa|1\n|-damage|p2b: Calyrex|5/100|[from] item: Life Orb\n|\n|-weather|RainDance|[upkeep]\n|-fieldend|move: Trick Room\n|-fieldend|move: Psychic Terrain\n|upkeep\n|\n|t:|1770408957\n|switch|p2a: Zamazenta|Zamazenta-Crowned, L50, shiny|100/100\n|switch|p1a: Landorus|Landorus, L50, M, shiny|100/100\n|-ability|p2a: Zamazenta|Dauntless Shield|boost\n|-boost|p2a: Zamazenta|def|1\n|turn|6\n|\n|t:|1770408967\n|move|p2b: Calyrex|Astral Barrage|p1a: Landorus|[spread] p1a\n|-immune|p1b: Calyrex\n|-damage|p1a: Landorus|0 fnt\n|faint|p1a: Landorus\n|-ability|p2b: Calyrex|Grim Neigh|boost\n|-boost|p2b: Calyrex|spa|1\n|-damage|p2b: Calyrex|0 fnt|[from] item: Life Orb\n|faint|p2b: Calyrex\n|move|p2a: Zamazenta|Body Press|p1b: Calyrex\n|-supereffective|p1b: Calyrex\n|-damage|p1b: Calyrex|18/100\n|move|p1b: Calyrex|Trick Room|p1b: Calyrex\n|-fieldstart|move: Trick Room|[of] p1b: Calyrex\n|\n|-weather|RainDance|[upkeep]\n|upkeep\n|\n|t:|1770408979\n|switch|p2b: Clefairy|Clefairy, L50, M|100/100\n|turn|7\n|\n|t:|1770408983\n|move|p2b: Clefairy|After You|p2a: Zamazenta\n|-activate|p2a: Zamazenta|move: After You\n|move|p2a: Zamazenta|Body Press|p1b: Calyrex\n|-supereffective|p1b: Calyrex\n|-damage|p1b: Calyrex|0 fnt\n|faint|p1b: Calyrex\n|\n|win|Indeedee Follow\n|raw|j0l0k0's rating: 1501 &rarr; <strong>1479</strong><br />(-22 for losing)\n|raw|Indeedee Follow's rating: 1474 &rarr; <strong>1496</strong><br />(+22 for winning)\n|l|\u2606j0l0k0\n|player|p1|\n|l|\u2606Indeedee Follow\n|player|p2|\n","uploadtime":1770409160,"views":26,"formatid":"gen9vgc2026regi","rating":1479,"private":0,"password":null}