{"id":"gen9vgc2026regi-2545846062","format":"[Gen 9] VGC 2026 Reg I","players":["alexit93","WhippedCoyote"],"log":"|j|\u2606alexit93\n|j|\u2606WhippedCoyote\n|t:|1771891662\n|gametype|doubles\n|player|p1|alexit93|lucas-gen4pt|1330\n|player|p2|WhippedCoyote|102|1321\n|gen|9\n|tier|[Gen 9] VGC 2026 Reg I\n|rated|\n|rule|Species Clause: Limit one of each Pok\u00e9mon\n|rule|Item Clause: Limit 1 of each item\n|clearpoke\n|poke|p1|Zamazenta-*, L50|\n|poke|p1|Riolu, L50, M|\n|poke|p1|Calyrex-Ice, L50|\n|poke|p1|Rillaboom, L50, F|\n|poke|p1|Incineroar, L50, M|\n|poke|p1|Urshifu-*, L50, F|\n|poke|p2|Kyogre, L50|\n|poke|p2|Calyrex-Ice, L50|\n|poke|p2|Amoonguss, L50, F|\n|poke|p2|Iron Jugulis, L50|\n|poke|p2|Urshifu-*, L50, M|\n|poke|p2|Ursaluna, L50, M|\n|teampreview|4\n|inactive|Battle timer is ON: inactive players will automatically lose when time's up. (requested by alexit93)\n|inactive|WhippedCoyote has 60 seconds left.\n|\n|t:|1771891751\n|teamsize|p1|4\n|teamsize|p2|4\n|start\n|switch|p1a: Rillaboom|Rillaboom, L50, F|100/100\n|switch|p1b: Urshifu|Urshifu-Rapid-Strike, L50, F|100/100\n|switch|p2a: Calyrex|Calyrex-Ice, L50|100/100\n|switch|p2b: Ursaluna|Ursaluna, L50, M|100/100\n|-ability|p2a: Calyrex|As One\n|-ability|p2a: Calyrex|Unnerve\n|-fieldstart|move: Grassy Terrain|[from] ability: Grassy Surge|[of] p1a: Rillaboom\n|turn|1\n|\n|t:|1771891764\n|switch|p2b: Urshifu|Urshifu-Rapid-Strike, L50, M|100/100\n|-terastallize|p1b: Urshifu|Water\n|move|p1a: Rillaboom|Fake Out|p2a: Calyrex\n|-damage|p2a: Calyrex|92/100\n|move|p1b: Urshifu|Surging Strikes|p2b: Urshifu\n|-resisted|p2b: Urshifu\n|-crit|p2b: Urshifu\n|-damage|p2b: Urshifu|86/100\n|-resisted|p2b: Urshifu\n|-crit|p2b: Urshifu\n|-damage|p2b: Urshifu|72/100\n|-resisted|p2b: Urshifu\n|-crit|p2b: Urshifu\n|-damage|p2b: Urshifu|58/100\n|-hitcount|p2b: Urshifu|3\n|cant|p2a: Calyrex|flinch\n|\n|-heal|p2b: Urshifu|65/100|[from] Grassy Terrain\n|-heal|p2a: Calyrex|98/100|[from] Grassy Terrain\n|-heal|p2a: Calyrex|100/100|[from] item: Leftovers\n|upkeep\n|turn|2\n|\n|t:|1771891777\n|move|p1a: Rillaboom|Grassy Glide|p2b: Urshifu\n|-supereffective|p2b: Urshifu\n|-crit|p2b: Urshifu\n|-damage|p2b: Urshifu|0 fnt\n|faint|p2b: Urshifu\n|move|p1b: Urshifu|Surging Strikes|p2a: Calyrex\n|-crit|p2a: Calyrex\n|-damage|p2a: Calyrex|83/100\n|-crit|p2a: Calyrex\n|-damage|p2a: Calyrex|68/100\n|-crit|p2a: Calyrex\n|-damage|p2a: Calyrex|52/100\n|-hitcount|p2a: Calyrex|3\n|move|p2a: Calyrex|Trick Room|p2a: Calyrex\n|-fieldstart|move: Trick Room|[of] p2a: Calyrex\n|\n|-heal|p2a: Calyrex|58/100|[from] Grassy Terrain\n|-heal|p2a: Calyrex|64/100|[from] item: Leftovers\n|upkeep\n|\n|t:|1771891783\n|switch|p2b: Ursaluna|Ursaluna, L50, M|100/100\n|turn|3\n|\n|t:|1771891796\n|switch|p1a: Zamazenta|Zamazenta-Crowned, L50, shiny|100/100\n|-ability|p1a: Zamazenta|Dauntless Shield|boost\n|-boost|p1a: Zamazenta|def|1\n|move|p2b: Ursaluna|Headlong Rush|p1b: Urshifu\n|-crit|p1b: Urshifu\n|-damage|p1b: Urshifu|0 fnt\n|-unboost|p2b: Ursaluna|def|1\n|-unboost|p2b: Ursaluna|spd|1\n|faint|p1b: Urshifu\n|move|p2a: Calyrex|Glacial Lance|p1a: Zamazenta\n|-resisted|p1a: Zamazenta\n|-damage|p1a: Zamazenta|85/100\n|\n|-heal|p2a: Calyrex|70/100|[from] Grassy Terrain\n|-heal|p2a: Calyrex|75/100|[from] item: Leftovers\n|-heal|p1a: Zamazenta|91/100|[from] Grassy Terrain\n|-status|p2b: Ursaluna|brn|[from] item: Flame Orb\n|upkeep\n|\n|t:|1771891806\n|switch|p1b: Riolu|Riolu, L50, M|100/100\n|turn|4\n|\n|t:|1771891810\n|move|p1a: Zamazenta|Protect|p1a: Zamazenta\n|-singleturn|p1a: Zamazenta|Protect\n|move|p1b: Riolu|Coaching|p1a: Zamazenta\n|-boost|p1a: Zamazenta|atk|1\n|-boost|p1a: Zamazenta|def|1\n|move|p2b: Ursaluna|Headlong Rush|p1a: Zamazenta\n|-activate|p1a: Zamazenta|move: Protect\n|move|p2a: Calyrex|Glacial Lance|p1a: Zamazenta|[spread] p1b\n|-activate|p1a: Zamazenta|move: Protect\n|-damage|p1b: Riolu|30/100\n|\n|-heal|p2a: Calyrex|81/100|[from] Grassy Terrain\n|-heal|p2a: Calyrex|87/100|[from] item: Leftovers\n|-heal|p1b: Riolu|37/100|[from] Grassy Terrain\n|-heal|p1a: Zamazenta|97/100|[from] Grassy Terrain\n|-damage|p2b: Ursaluna|95/100 brn|[from] brn\n|upkeep\n|turn|5\n|\n|t:|1771891830\n|move|p1b: Riolu|Coaching|p1a: Zamazenta\n|-boost|p1a: Zamazenta|atk|1\n|-boost|p1a: Zamazenta|def|1\n|move|p2b: Ursaluna|Headlong Rush|p1a: Zamazenta\n|-supereffective|p1a: Zamazenta\n|-damage|p1a: Zamazenta|40/100\n|-unboost|p2b: Ursaluna|def|1\n|-unboost|p2b: Ursaluna|spd|1\n|move|p2a: Calyrex|Glacial Lance|p1a: Zamazenta|[spread] p1a,p1b\n|-resisted|p1a: Zamazenta\n|-damage|p1a: Zamazenta|33/100\n|-damage|p1b: Riolu|0 fnt\n|faint|p1b: Riolu\n|-ability|p2a: Calyrex|Chilling Neigh|boost\n|-boost|p2a: Calyrex|atk|1\n|move|p1a: Zamazenta|Body Press|p2a: Calyrex\n|-damage|p2a: Calyrex|18/100\n|\n|-heal|p2b: Ursaluna|100/100 brn|[from] Grassy Terrain\n|-heal|p2a: Calyrex|24/100|[from] Grassy Terrain\n|-heal|p2a: Calyrex|30/100|[from] item: Leftovers\n|-heal|p1a: Zamazenta|39/100|[from] Grassy Terrain\n|-damage|p2b: Ursaluna|95/100 brn|[from] brn\n|-fieldend|move: Grassy Terrain\n|upkeep\n|\n|t:|1771891841\n|switch|p1b: Rillaboom|Rillaboom, L50, F|100/100\n|-fieldstart|move: Grassy Terrain|[from] ability: Grassy Surge|[of] p1b: Rillaboom\n|turn|6\n|\n|t:|1771891851\n|move|p1a: Zamazenta|Wide Guard|p1a: Zamazenta\n|-singleturn|p1a: Zamazenta|Wide Guard\n|move|p1b: Rillaboom|Grassy Glide|p2b: Ursaluna\n|-supereffective|p2b: Ursaluna\n|-damage|p2b: Ursaluna|0 fnt\n|faint|p2b: Ursaluna\n|move|p2a: Calyrex|Glacial Lance|p1b: Rillaboom|[spread] \n|-activate|p1a: Zamazenta|move: Wide Guard\n|-activate|p1b: Rillaboom|move: Wide Guard\n|\n|-heal|p2a: Calyrex|36/100|[from] Grassy Terrain\n|-heal|p2a: Calyrex|42/100|[from] item: Leftovers\n|-heal|p1a: Zamazenta|45/100|[from] Grassy Terrain\n|-fieldend|move: Trick Room\n|upkeep\n|\n|t:|1771891858\n|switch|p2b: Kyogre|Kyogre, L50|100/100\n|-weather|RainDance|[from] ability: Drizzle|[of] p2b: Kyogre\n|turn|7\n|\n|t:|1771891874\n|-terastallize|p2b: Kyogre|Grass\n|move|p1b: Rillaboom|Grassy Glide|p2b: Kyogre\n|-resisted|p2b: Kyogre\n|-damage|p2b: Kyogre|78/100\n|move|p1a: Zamazenta|Body Press|p2a: Calyrex\n|-damage|p2a: Calyrex|0 fnt\n|faint|p2a: Calyrex\n|move|p2b: Kyogre|Thunder|p1a: Zamazenta\n|-damage|p1a: Zamazenta|7/100\n|\n|-weather|RainDance|[upkeep]\n|-heal|p1a: Zamazenta|13/100|[from] Grassy Terrain\n|-heal|p2b: Kyogre|84/100|[from] Grassy Terrain\n|upkeep\n|turn|8\n|\n|t:|1771891889\n|move|p1a: Zamazenta|Body Press|p2b: Kyogre\n|-damage|p2b: Kyogre|0 fnt\n|faint|p2b: Kyogre\n|\n|win|alexit93\n|raw|alexit93's rating: 1330 &rarr; <strong>1349</strong><br />(+19 for winning)\n|raw|WhippedCoyote's rating: 1321 &rarr; <strong>1302</strong><br />(-19 for losing)\n|l|\u2606WhippedCoyote\n|player|p2|\n|l|\u2606alexit93\n|player|p1|\n","uploadtime":1771892109,"views":11,"formatid":"gen9vgc2026regi","rating":1302,"private":0,"password":null}