{"id":"gen9vgc2026regi-2535384321","format":"[Gen 9] VGC 2026 Reg I","players":["j0l0k0","we all hate ursf"],"log":"|j|\u2606j0l0k0\n|j|\u2606we all hate ursf\n|t:|1770561444\n|gametype|doubles\n|player|p1|j0l0k0|brycen|1484\n|player|p2|we all hate ursf|shadowtriad|1449\n|gen|9\n|tier|[Gen 9] VGC 2026 Reg I\n|rated|\n|rule|Species Clause: Limit one of each Pok\u00e9mon\n|rule|Item Clause: Limit 1 of each item\n|clearpoke\n|poke|p1|Calyrex-Ice, L50|\n|poke|p1|Kyogre, L50|\n|poke|p1|Indeedee-F, L50, F|\n|poke|p1|Urshifu-*, L50, F|\n|poke|p1|Amoonguss, L50, F|\n|poke|p1|Landorus, L50, M|\n|poke|p2|Calyrex-Ice, L50|\n|poke|p2|Miraidon, L50|\n|poke|p2|Iron Hands, L50|\n|poke|p2|Scraggy, L50, M|\n|poke|p2|Farigiraf, L50, M|\n|poke|p2|Iron Treads, L50|\n|teampreview|4\n|inactive|Battle timer is ON: inactive players will automatically lose when time's up. (requested by j0l0k0)\n|inactive|we all hate ursf also wants the timer to be on.\n|\n|t:|1770561469\n|teamsize|p1|4\n|teamsize|p2|4\n|start\n|switch|p1a: Kyogre|Kyogre, L50, shiny|100/100\n|switch|p1b: Landorus|Landorus, L50, M, shiny|100/100\n|switch|p2a: Miraidon|Miraidon, L50|100/100\n|switch|p2b: Calyrex|Calyrex-Ice, L50|100/100\n|-ability|p2b: Calyrex|As One\n|-ability|p2b: Calyrex|Unnerve\n|-fieldstart|move: Electric Terrain|[from] ability: Hadron Engine|[of] p2a: Miraidon\n|-weather|RainDance|[from] ability: Drizzle|[of] p1a: Kyogre\n|turn|1\n|\n|t:|1770561485\n|-terastallize|p1a: Kyogre|Grass\n|move|p1b: Landorus|Protect|p1b: Landorus\n|-singleturn|p1b: Landorus|Protect\n|move|p2a: Miraidon|Volt Switch|p1a: Kyogre\n|-resisted|p1a: Kyogre\n|-damage|p1a: Kyogre|86/100\n|\n|t:|1770561491\n|switch|p2a: Scraggy|Scraggy, L50, M|100/100|[from] Volt Switch\n|-ability|p2a: Scraggy|Intimidate|boost\n|-unboost|p1a: Kyogre|atk|1\n|-unboost|p1b: Landorus|atk|1\n|move|p1a: Kyogre|Water Spout|p2b: Calyrex|[spread] p2a,p2b\n|-damage|p2a: Scraggy|31/100\n|-damage|p2b: Calyrex|35/100\n|move|p2b: Calyrex|Trick Room|p2b: Calyrex\n|-fieldstart|move: Trick Room|[of] p2b: Calyrex\n|\n|-weather|RainDance|[upkeep]\n|upkeep\n|turn|2\n|\n|t:|1770561504\n|switch|p1b: Urshifu|Urshifu, L50, F|100/100\n|switch|p1a: Calyrex|Calyrex-Ice, L50|100/100\n|-ability|p1a: Calyrex|As One\n|-ability|p1a: Calyrex|Unnerve\n|move|p2a: Scraggy|Coaching|p2b: Calyrex\n|-boost|p2b: Calyrex|atk|1\n|-boost|p2b: Calyrex|def|1\n|move|p2b: Calyrex|Glacial Lance|p1b: Urshifu|[spread] p1a,p1b\n|-resisted|p1a: Calyrex\n|-damage|p1a: Calyrex|66/100\n|-enditem|p1b: Urshifu|Focus Sash\n|-damage|p1b: Urshifu|1/100\n|\n|-weather|RainDance|[upkeep]\n|upkeep\n|turn|3\n|\n|t:|1770561528\n|-terastallize|p2a: Scraggy|Dark\n|move|p2b: Calyrex|Protect|p2b: Calyrex\n|-singleturn|p2b: Calyrex|Protect\n|move|p1b: Urshifu|Protect|p1b: Urshifu\n|-singleturn|p1b: Urshifu|Protect\n|move|p2a: Scraggy|Foul Play|p1a: Calyrex\n|-supereffective|p1a: Calyrex\n|-damage|p1a: Calyrex|0 fnt\n|faint|p1a: Calyrex\n|\n|-weather|RainDance|[upkeep]\n|upkeep\n|\n|t:|1770561537\n|switch|p1a: Landorus|Landorus, L50, M, shiny|100/100\n|turn|4\n|j| lunala fairy ghost\n|\n|t:|1770561547\n|move|p1a: Landorus|Protect|p1a: Landorus\n|-singleturn|p1a: Landorus|Protect\n|move|p1b: Urshifu|Protect||[still]\n|-fail|p1b: Urshifu\n|move|p2a: Scraggy|Quick Guard|p2a: Scraggy\n|-singleturn|p2a: Scraggy|Quick Guard\n|move|p2b: Calyrex|Glacial Lance|p1b: Urshifu|[spread] p1b\n|-activate|p1a: Landorus|move: Protect\n|-damage|p1b: Urshifu|0 fnt\n|faint|p1b: Urshifu\n|-ability|p2b: Calyrex|Chilling Neigh|boost\n|-boost|p2b: Calyrex|atk|1\n|\n|-weather|RainDance|[upkeep]\n|upkeep\n|\n|t:|1770561563\n|switch|p1b: Kyogre|Kyogre, L50, shiny, tera:Grass|86/100\n|turn|5\n|\n|t:|1770561568\n|switch|p2a: Miraidon|Miraidon, L50|100/100\n|-activate|p2a: Miraidon|ability: Hadron Engine\n|move|p1a: Landorus|Protect||[still]\n|-fail|p1a: Landorus\n|move|p2b: Calyrex|Glacial Lance|p1b: Kyogre|[spread] p1a,p1b\n|-supereffective|p1a: Landorus\n|-crit|p1a: Landorus\n|-supereffective|p1b: Kyogre\n|-damage|p1a: Landorus|0 fnt\n|-damage|p1b: Kyogre|0 fnt\n|faint|p1a: Landorus\n|faint|p1b: Kyogre\n|\n|win|we all hate ursf\n|raw|j0l0k0's rating: 1484 &rarr; <strong>1462</strong><br />(-22 for losing)\n|raw|we all hate ursf's rating: 1449 &rarr; <strong>1471</strong><br />(+22 for winning)\n|l|\u2606j0l0k0\n|player|p1|\n|l|\u2606we all hate ursf\n|player|p2|\n|l| lunala fairy ghost\n","uploadtime":1770561732,"views":34,"formatid":"gen9vgc2026regi","rating":1462,"private":0,"password":null}