{"id":"gen9vgc2026regi-2553259061","format":"[Gen 9] VGC 2026 Reg I","players":["partigiano jonny","barcelonaboy"],"log":"|j|\u2606partigiano jonny\n|j|\u2606barcelonaboy\n|t:|1772814789\n|gametype|doubles\n|player|p1|partigiano jonny|volkner|1653\n|player|p2|barcelonaboy|265|1481\n|gen|9\n|tier|[Gen 9] VGC 2026 Reg I\n|rated|\n|rule|Species Clause: Limit one of each Pok\u00e9mon\n|rule|Item Clause: Limit 1 of each item\n|clearpoke\n|poke|p1|Terapagos, L50, M|\n|poke|p1|Miraidon, L50|\n|poke|p1|Incineroar, L50, M|\n|poke|p1|Iron Treads, L50|\n|poke|p1|Sinistcha, L50|\n|poke|p1|Urshifu-*, L50, F|\n|poke|p2|Kyogre, L50|\n|poke|p2|Zacian-*, L50|\n|poke|p2|Chien-Pao, L50|\n|poke|p2|Roaring Moon, L50|\n|poke|p2|Amoonguss, L50, F|\n|poke|p2|Grimmsnarl, L50, M|\n|teampreview|4\n|inactive|Battle timer is ON: inactive players will automatically lose when time's up. (requested by barcelonaboy)\n|\n|t:|1772814808\n|teamsize|p1|4\n|teamsize|p2|4\n|start\n|switch|p1a: Terapagos|Terapagos, L50, M|100/100\n|switch|p1b: Miraidon|Miraidon, L50|100/100\n|switch|p2a: Grimmsnarl|Grimmsnarl, L50, M|100/100\n|switch|p2b: Zacian|Zacian-Crowned, L50|100/100\n|-activate|p1a: Terapagos|ability: Tera Shift\n|detailschange|p1a: Terapagos|Terapagos-Terastal, L50, M\n|-heal|p1a: Terapagos|100/100|[silent]\n|-ability|p2b: Zacian|Intrepid Sword|boost\n|-boost|p2b: Zacian|atk|1\n|-fieldstart|move: Electric Terrain|[from] ability: Hadron Engine|[of] p1b: Miraidon\n|-enditem|p1a: Terapagos|Electric Seed\n|-boost|p1a: Terapagos|def|1|[from] item: Electric Seed\n|turn|1\n|inactive|partigiano jonny has 30 seconds left.\n|inactive|partigiano jonny has 20 seconds left.\n|inactive|partigiano jonny has 15 seconds left.\n|inactive|partigiano jonny has 10 seconds left.\n|\n|t:|1772814855\n|-terastallize|p1b: Miraidon|Electric\n|move|p2a: Grimmsnarl|Light Screen|p2a: Grimmsnarl\n|-sidestart|p2: barcelonaboy|move: Light Screen\n|move|p2b: Zacian|Play Rough|p1b: Miraidon\n|-damage|p1b: Miraidon|31/100\n|move|p1b: Miraidon|Electro Drift|p2b: Zacian\n|-damage|p2b: Zacian|38/100\n|move|p1a: Terapagos|Earth Power|p2b: Zacian\n|-supereffective|p2b: Zacian\n|-damage|p2b: Zacian|9/100\n|\n|upkeep\n|turn|2\n|inactive|barcelonaboy has 30 seconds left.\n|\n|t:|1772814883\n|move|p2b: Zacian|Protect|p2b: Zacian\n|-singleturn|p2b: Zacian|Protect\n|move|p1b: Miraidon|Volt Switch|p2a: Grimmsnarl\n|-damage|p2a: Grimmsnarl|52/100\n|\n|t:|1772814889\n|switch|p1b: Urshifu|Urshifu-Rapid-Strike, L50, F|100/100|[from] Volt Switch\n|move|p1a: Terapagos|Calm Mind|p1a: Terapagos\n|-boost|p1a: Terapagos|spa|1\n|-boost|p1a: Terapagos|spd|1\n|move|p2a: Grimmsnarl|Spirit Break|p1b: Urshifu\n|-supereffective|p1b: Urshifu\n|-damage|p1b: Urshifu|47/100\n|-unboost|p1b: Urshifu|spa|1\n|\n|upkeep\n|turn|3\n|\n|t:|1772814908\n|move|p1b: Urshifu|Aqua Jet|p2b: Zacian\n|-damage|p2b: Zacian|0 fnt\n|faint|p2b: Zacian\n|move|p2a: Grimmsnarl|Thunder Wave|p1a: Terapagos\n|-status|p1a: Terapagos|par\n|cant|p1a: Terapagos|par\n|\n|upkeep\n|\n|t:|1772814922\n|switch|p2b: Kyogre|Kyogre, L50|100/100\n|-weather|RainDance|[from] ability: Drizzle|[of] p2b: Kyogre\n|turn|4\n|\n|t:|1772814945\n|move|p1b: Urshifu|Aqua Jet|p2a: Grimmsnarl\n|-damage|p2a: Grimmsnarl|10/100\n|move|p2a: Grimmsnarl|Thunder Wave|p1b: Urshifu\n|-status|p1b: Urshifu|par\n|move|p2b: Kyogre|Water Spout|p1b: Urshifu|[spread] p1a,p1b\n|-activate|p1a: Terapagos|ability: Tera Shell\n|-resisted|p1a: Terapagos\n|-resisted|p1b: Urshifu\n|-damage|p1a: Terapagos|75/100 par\n|-damage|p1b: Urshifu|0 fnt\n|faint|p1b: Urshifu\n|move|p1a: Terapagos|Tera Starstorm|p2b: Kyogre\n|-damage|p2b: Kyogre|77/100\n|\n|-weather|RainDance|[upkeep]\n|upkeep\n|\n|t:|1772814959\n|switch|p1b: Sinistcha|Sinistcha, L50|100/100\n|-heal|p1a: Terapagos|99/100 par|[from] ability: Hospitality|[of] p1b: Sinistcha\n|turn|5\n|\n|t:|1772814984\n|switch|p2a: Trans Rights|Amoonguss, L50, F|100/100\n|move|p2b: Kyogre|Origin Pulse|p1a: Terapagos|[spread] p1a,p1b\n|-resisted|p1b: Sinistcha\n|-damage|p1a: Terapagos|58/100 par\n|-damage|p1b: Sinistcha|65/100\n|move|p1b: Sinistcha|Shadow Ball|p2b: Kyogre\n|-damage|p2b: Kyogre|68/100\n|-unboost|p2b: Kyogre|spd|1\n|move|p1a: Terapagos|Tera Starstorm|p2b: Kyogre\n|-damage|p2b: Kyogre|35/100\n|\n|-weather|RainDance|[upkeep]\n|-fieldend|move: Electric Terrain\n|upkeep\n|turn|6\n|inactive|barcelonaboy has 30 seconds left.\n|\n|t:|1772815016\n|switch|p2b: Grimmsnarl|Grimmsnarl, L50, M|10/100\n|move|p1a: Terapagos|Protect|p1a: Terapagos\n|-singleturn|p1a: Terapagos|Protect\n|move|p2a: Trans Rights|Protect|p2a: Trans Rights\n|-singleturn|p2a: Trans Rights|Protect\n|move|p1b: Sinistcha|Shadow Ball|p2b: Grimmsnarl\n|-resisted|p2b: Grimmsnarl\n|-damage|p2b: Grimmsnarl|1/100\n|\n|-weather|RainDance|[upkeep]\n|upkeep\n|turn|7\n|inactive|barcelonaboy has 30 seconds left.\n|\n|t:|1772815043\n|switch|p2b: Kyogre|Kyogre, L50|35/100\n|move|p1b: Sinistcha|Shadow Ball|p2b: Kyogre\n|-crit|p2b: Kyogre\n|-damage|p2b: Kyogre|14/100\n|move|p1a: Terapagos|Tera Starstorm|p2b: Kyogre\n|-damage|p2b: Kyogre|0 fnt\n|faint|p2b: Kyogre\n|move|p2a: Trans Rights|Pollen Puff|p2: Kyogre|[notarget]\n|-fail|p2a: Trans Rights\n|\n|-weather|RainDance|[upkeep]\n|upkeep\n|\n|t:|1772815056\n|switch|p2b: Grimmsnarl|Grimmsnarl, L50, M|1/100\n|turn|8\n|-message|barcelonaboy forfeited.\n|\n|win|partigiano jonny\n|raw|partigiano jonny's rating: 1653 &rarr; <strong>1664</strong><br />(+11 for winning)\n|raw|barcelonaboy's rating: 1481 &rarr; <strong>1470</strong><br />(-11 for losing)\n|l|\u2606barcelonaboy\n|player|p2|\n|l|\u2606partigiano jonny\n|player|p1|\n","uploadtime":1772815060,"views":17,"formatid":"gen9vgc2026regi","rating":1470,"private":0,"password":null}