{"id":"gen9vgc2026regi-2579760320","format":"[Gen 9] VGC 2026 Reg I","players":["navinsachump","Jungosylv"],"log":"|j|\u2606navinsachump\n|j|\u2606Jungosylv\n|t:|1775825469\n|gametype|doubles\n|player|p1|navinsachump|smasher|1536\n|player|p2|Jungosylv|102|1551\n|gen|9\n|tier|[Gen 9] VGC 2026 Reg I\n|rated|\n|rule|Species Clause: Limit one of each Pok\u00e9mon\n|rule|Item Clause: Limit 1 of each item\n|clearpoke\n|poke|p1|Miraidon, L50|\n|poke|p1|Incineroar, L50, F|\n|poke|p1|Whimsicott, L50, M|\n|poke|p1|Urshifu-*, L50, F|\n|poke|p1|Lunala, L50|\n|poke|p1|Ursaluna, L50, M|\n|poke|p2|Calyrex-Shadow, L50|\n|poke|p2|Koraidon, L50|\n|poke|p2|Chi-Yu, L50|\n|poke|p2|Brute Bonnet, L50|\n|poke|p2|Iron Valiant, L50|\n|poke|p2|Whimsicott, L50, M|\n|teampreview|4\n|inactive|Battle timer is ON: inactive players will automatically lose when time's up. (requested by navinsachump)\n|\n|t:|1775825488\n|teamsize|p1|4\n|teamsize|p2|4\n|start\n|switch|p1a: Lunala|Lunala, L50|100/100\n|switch|p1b: Incineroar|Incineroar, L50, F|100/100\n|switch|p2a: Chi-Yu|Chi-Yu, L50|100/100\n|switch|p2b: Whimsicott|Whimsicott, L50, M, shiny|100/100\n|-ability|p2a: Chi-Yu|Beads of Ruin\n|-ability|p1b: Incineroar|Intimidate|boost\n|-unboost|p2a: Chi-Yu|atk|1\n|-unboost|p2b: Whimsicott|atk|1\n|turn|1\n|inactive|navinsachump has 30 seconds left.\n|\n|t:|1775825515\n|-terastallize|p2a: Chi-Yu|Ghost\n|-terastallize|p1a: Lunala|Fairy\n|move|p2a: Chi-Yu|Dark Pulse|p1a: Lunala\n|-resisted|p1a: Lunala\n|-crit|p1a: Lunala\n|-damage|p1a: Lunala|86/100\n|move|p2b: Whimsicott|Moonblast|p1a: Lunala\n|-damage|p1a: Lunala|58/100\n|-unboost|p1a: Lunala|spa|1\n|move|p1b: Incineroar|U-turn|p2b: Whimsicott\n|-damage|p2b: Whimsicott|75/100\n|\n|t:|1775825526\n|switch|p1b: Ursaluna|Ursaluna, L50, M|100/100|[from] U-turn\n|move|p1a: Lunala|Trick Room|p1a: Lunala\n|-fieldstart|move: Trick Room|[of] p1a: Lunala\n|\n|-status|p1b: Ursaluna|brn|[from] item: Flame Orb\n|upkeep\n|turn|2\n|\n|t:|1775825541\n|move|p1a: Lunala|Wide Guard|p1a: Lunala\n|-singleturn|p1a: Lunala|Wide Guard\n|move|p2b: Whimsicott|Encore|p1a: Lunala\n|-start|p1a: Lunala|Encore\n|move|p1b: Ursaluna|Earthquake|p2a: Chi-Yu|[spread] p2a,p2b\n|-activate|p1a: Lunala|move: Wide Guard\n|-resisted|p2b: Whimsicott\n|-damage|p2a: Chi-Yu|0 fnt\n|-damage|p2b: Whimsicott|34/100\n|faint|p2a: Chi-Yu\n|\n|-damage|p1b: Ursaluna|95/100 brn|[from] brn\n|upkeep\n|\n|t:|1775825549\n|switch|p2a: Koraidon|Koraidon, L50, shiny|100/100\n|-weather|SunnyDay|[from] ability: Orichalcum Pulse|[of] p2a: Koraidon\n|-activate|p2a: Koraidon|Orichalcum Pulse|[source]\n|turn|3\n|\n|t:|1775825557\n|move|p1a: Lunala|Wide Guard|p1a: Lunala\n|-singleturn|p1a: Lunala|Wide Guard\n|move|p2b: Whimsicott|Encore|p1b: Ursaluna\n|-start|p1b: Ursaluna|Encore\n|move|p1b: Ursaluna|Earthquake|p2a: Koraidon|[spread] p2a,p2b\n|-activate|p1a: Lunala|move: Wide Guard\n|-resisted|p2b: Whimsicott\n|-damage|p2a: Koraidon|43/100\n|-damage|p2b: Whimsicott|0 fnt\n|faint|p2b: Whimsicott\n|move|p2a: Koraidon|Collision Course|p1b: Ursaluna\n|-supereffective|p1b: Ursaluna\n|-damage|p1b: Ursaluna|0 fnt\n|faint|p1b: Ursaluna\n|\n|-weather|SunnyDay|[upkeep]\n|upkeep\n|inactive|Jungosylv has 30 seconds left.\n|inactive|Jungosylv has 20 seconds left.\n|inactive|Jungosylv has 15 seconds left.\n|inactive|Jungosylv has 10 seconds left.\n|inactive|Jungosylv has 5 seconds left.\n|\n|t:|1775825611\n|switch|p1b: Miraidon|Miraidon, L50|100/100\n|switch|p2b: Calyrex|Calyrex-Shadow, L50|100/100\n|-ability|p2b: Calyrex|As One\n|-ability|p2b: Calyrex|Unnerve\n|-fieldstart|move: Electric Terrain|[from] ability: Hadron Engine|[of] p1b: Miraidon\n|-enditem|p1a: Lunala|Electric Seed\n|-boost|p1a: Lunala|def|1|[from] item: Electric Seed\n|turn|4\n|\n|t:|1775825624\n|move|p2a: Koraidon|Protect|p2a: Koraidon\n|-singleturn|p2a: Koraidon|Protect\n|move|p1a: Lunala|Wide Guard|p1a: Lunala\n|-singleturn|p1a: Lunala|Wide Guard\n|move|p1b: Miraidon|Dazzling Gleam|p2a: Koraidon|[spread] p2b\n|-activate|p2a: Koraidon|move: Protect\n|-crit|p2b: Calyrex\n|-damage|p2b: Calyrex|27/100\n|move|p2b: Calyrex|Astral Barrage|p1a: Lunala|[spread] \n|-activate|p1a: Lunala|move: Wide Guard\n|-activate|p1b: Miraidon|move: Wide Guard\n|\n|-weather|SunnyDay|[upkeep]\n|upkeep\n|turn|5\n|\n|t:|1775825646\n|move|p2a: Koraidon|Protect||[still]\n|-fail|p2a: Koraidon\n|move|p2b: Calyrex|Protect|p2b: Calyrex\n|-singleturn|p2b: Calyrex|Protect\n|move|p1a: Lunala|Wide Guard|p1a: Lunala\n|-singleturn|p1a: Lunala|Wide Guard\n|move|p1b: Miraidon|Dazzling Gleam|p2b: Calyrex|[spread] p2a\n|-activate|p2b: Calyrex|move: Protect\n|-supereffective|p2a: Koraidon\n|-damage|p2a: Koraidon|0 fnt\n|faint|p2a: Koraidon\n|\n|-weather|SunnyDay|[upkeep]\n|-end|p1a: Lunala|Encore\n|-fieldend|move: Trick Room\n|upkeep\n|turn|6\n|-message|Jungosylv forfeited.\n|\n|win|navinsachump\n|raw|navinsachump's rating: 1536 &rarr; <strong>1557</strong><br />(+21 for winning)\n|raw|Jungosylv's rating: 1551 &rarr; <strong>1530</strong><br />(-21 for losing)\n|l|\u2606Jungosylv\n|player|p2|\n|l|\u2606navinsachump\n|player|p1|\n","uploadtime":1775825839,"views":18,"formatid":"gen9vgc2026regi","rating":1530,"private":0,"password":null}