{"id":"gen9vgc2026regi-2560006589","format":"[Gen 9] VGC 2026 Reg I","players":["Focushocuspocus","bman311"],"log":"|j|\u2606Focushocuspocus\n|j|\u2606bman311\n|t:|1773634927\n|gametype|doubles\n|player|p1|Focushocuspocus|chuck|\n|player|p2|bman311|265|\n|gen|9\n|tier|[Gen 9] VGC 2026 Reg I\n|rated|Tournament battle\n|rule|Species Clause: Limit one of each Pok\u00e9mon\n|rule|Item Clause: Limit 1 of each item\n|raw|<div class=\"infobox\"><details class=\"readmore\" open><summary><strong>3 custom rules:</strong></summary> Open Team Sheets, Force Open Team Sheets, !Open Team Sheets</details></div>\n|clearpoke\n|poke|p1|Calyrex-Ice, L50|\n|poke|p1|Indeedee-F, L50, F|\n|poke|p1|Lunala, L50|\n|poke|p1|Torkoal, L50, F|\n|poke|p1|Ursaluna, L50, F|\n|poke|p1|Urshifu-*, L50, M|\n|poke|p2|Miraidon, L50|\n|poke|p2|Calyrex-Ice, L50|\n|poke|p2|Incineroar, L50, F|\n|poke|p2|Farigiraf, L50, M|\n|poke|p2|Whimsicott, L50, F|\n|poke|p2|Ursaluna, L50, M|\n|teampreview|4\n|showteam|p1|Calyrex-Ice||ClearAmulet|AsOneGlastrier|GlacialLance,HighHorsepower,TrickRoom,Protect||||||50|,,,,,Water]Indeedee-F||RockyHelmet|PsychicSurge|Psychic,HelpingHand,FollowMe,TrickRoom|||F|||50|,,,,,Fire]Lunala||SafetyGoggles|ShadowShield|MoongeistBeam,Moonblast,TrickRoom,WideGuard||||||50|,,,,,Fairy]Torkoal||Charcoal|Drought|Eruption,WeatherBall,HeatWave,Protect|||F|||50|,,,,,Fire]Ursaluna||FlameOrb|Guts|Facade,HeadlongRush,Crunch,Protect|||F|||50|,,,,,Ghost]Urshifu||PowerBand|UnseenFist|WickedBlow,CloseCombat,Taunt,Detect|||M|||50|,,,,,Dark\n|showteam|p2|Miraidon||ChoiceSpecs|HadronEngine|ElectroDrift,DracoMeteor,DazzlingGleam,VoltSwitch||||||50|,,,,,Fairy]Calyrex-Ice||ClearAmulet|AsOneGlastrier|GlacialLance,HighHorsepower,TrickRoom,Protect||||||50|,,,,,Water]Incineroar||AssaultVest|Intimidate|FakeOut,KnockOff,FlareBlitz,Uturn|||F|||50|,,,,,Bug]Farigiraf||ElectricSeed|ArmorTail|Psychic,FoulPlay,HelpingHand,TrickRoom|||M|||50|,,,,,Water]Whimsicott||CovertCloak|Prankster|Tailwind,Moonblast,LightScreen,Encore|||F|||50|,,,,,Fire]Ursaluna||FlameOrb|Guts|Facade,HeadlongRush,Earthquake,Protect|||M|||50|,,,,,Ghost\n|inactive|Battle timer is ON: inactive players will automatically lose when time's up. (requested by bman311)\n|inactive|Focushocuspocus has 60 seconds left.\n|\n|t:|1773634959\n|teamsize|p1|4\n|teamsize|p2|4\n|start\n|switch|p1a: Calyrex|Calyrex-Ice, L50|100/100\n|switch|p1b: Indeedee|Indeedee-F, L50, F|100/100\n|switch|p2a: Miraidon|Miraidon, L50|100/100\n|switch|p2b: Incineroar|Incineroar, L50, F|100/100\n|-ability|p1a: Calyrex|As One\n|-ability|p1a: Calyrex|Unnerve\n|-fieldstart|move: Electric Terrain|[from] ability: Hadron Engine|[of] p2a: Miraidon\n|-fieldstart|move: Psychic Terrain|[from] ability: Psychic Surge|[of] p1b: Indeedee\n|-ability|p2b: Incineroar|Intimidate|boost\n|-fail|p1a: Calyrex|unboost|[from] item: Clear Amulet|[of] p1a: Calyrex\n|-unboost|p1b: Indeedee|atk|1\n|turn|1\n|j| H4irashi\n|\n|t:|1773634974\n|move|p1b: Indeedee|Follow Me|p1b: Indeedee\n|-singleturn|p1b: Indeedee|move: Follow Me\n|move|p2a: Miraidon|Volt Switch|p1b: Indeedee\n|-damage|p1b: Indeedee|42/100\n|\n|t:|1773634978\n|switch|p2a: Ursaluna|Ursaluna, L50, M|100/100|[from] Volt Switch\n|move|p2b: Incineroar|Knock Off|p1b: Indeedee\n|-supereffective|p1b: Indeedee\n|-damage|p1b: Indeedee|0 fnt\n|-damage|p2b: Incineroar|84/100|[from] item: Rocky Helmet|[of] p1b: Indeedee\n|-enditem|p1b: Indeedee|Rocky Helmet|[from] move: Knock Off|[of] p2b: Incineroar\n|faint|p1b: Indeedee\n|move|p1a: Calyrex|Glacial Lance|p2a: Ursaluna|[spread] p2a,p2b\n|-supereffective|p2a: Ursaluna\n|-resisted|p2b: Incineroar\n|-damage|p2a: Ursaluna|17/100\n|-damage|p2b: Incineroar|57/100\n|\n|-status|p2a: Ursaluna|brn|[from] item: Flame Orb\n|upkeep\n|\n|t:|1773634992\n|switch|p1b: Lunala|Lunala, L50|100/100\n|turn|2\n|\n|t:|1773635016\n|switch|p2a: Calyrex|Calyrex-Ice, L50|100/100\n|-ability|p2a: Calyrex|As One\n|-ability|p2a: Calyrex|Unnerve\n|move|p1b: Lunala|Moonblast|p2a: Calyrex\n|-damage|p2a: Calyrex|75/100\n|move|p2b: Incineroar|Knock Off|p1b: Lunala\n|-supereffective|p1b: Lunala\n|-damage|p1b: Lunala|36/100\n|-enditem|p1b: Lunala|Safety Goggles|[from] move: Knock Off|[of] p2b: Incineroar\n|move|p1a: Calyrex|Trick Room|p1a: Calyrex\n|-fieldstart|move: Trick Room|[of] p1a: Calyrex\n|\n|upkeep\n|turn|3\n|inactive|Focushocuspocus has 30 seconds left.\n|inactive|Focushocuspocus has 20 seconds left.\n|inactive|Focushocuspocus has 15 seconds left.\n|\n|t:|1773635060\n|-terastallize|p1a: Calyrex|Water\n|-terastallize|p2a: Calyrex|Water\n|move|p1a: Calyrex|Glacial Lance|p2a: Calyrex|[spread] p2a,p2b\n|-resisted|p2a: Calyrex\n|-resisted|p2b: Incineroar\n|-damage|p2a: Calyrex|56/100\n|-damage|p2b: Incineroar|31/100\n|move|p2a: Calyrex|High Horsepower|p1b: Lunala\n|-damage|p1b: Lunala|4/100\n|move|p2b: Incineroar|U-turn|p1b: Lunala\n|-damage|p1b: Lunala|0 fnt\n|faint|p1b: Lunala\n|\n|t:|1773635074\n|switch|p2b: Ursaluna|Ursaluna, L50, M|17/100 brn|[from] U-turn\n|\n|-damage|p2b: Ursaluna|11/100 brn|[from] brn\n|upkeep\n|\n|t:|1773635077\n|switch|p1b: Torkoal|Torkoal, L50, F|100/100\n|-weather|SunnyDay|[from] ability: Drought|[of] p1b: Torkoal\n|turn|4\n|\n|t:|1773635086\n|move|p2a: Calyrex|Protect|p2a: Calyrex\n|-singleturn|p2a: Calyrex|Protect\n|move|p1b: Torkoal|Eruption|p2b: Ursaluna|[spread] p2b\n|-activate|p2a: Calyrex|move: Protect\n|-damage|p2b: Ursaluna|0 fnt\n|faint|p2b: Ursaluna\n|move|p1a: Calyrex|High Horsepower|p2a: Calyrex\n|-activate|p2a: Calyrex|move: Protect\n|\n|-weather|SunnyDay|[upkeep]\n|upkeep\n|\n|t:|1773635091\n|switch|p2b: Incineroar|Incineroar, L50, F|31/100\n|-ability|p2b: Incineroar|Intimidate|boost\n|-fail|p1a: Calyrex|unboost|[from] item: Clear Amulet|[of] p1a: Calyrex\n|-unboost|p1b: Torkoal|atk|1\n|turn|5\n|\n|t:|1773635105\n|switch|p2a: Miraidon|Miraidon, L50|100/100\n|-fieldstart|move: Electric Terrain|[from] ability: Hadron Engine|[of] p2a: Miraidon\n|move|p2b: Incineroar|Fake Out|p1a: Calyrex\n|-damage|p1a: Calyrex|93/100\n|move|p1b: Torkoal|Eruption|p2a: Miraidon|[spread] p2a,p2b\n|-resisted|p2a: Miraidon\n|-resisted|p2b: Incineroar\n|-damage|p2a: Miraidon|65/100\n|-damage|p2b: Incineroar|1/100\n|cant|p1a: Calyrex|flinch\n|\n|-weather|SunnyDay|[upkeep]\n|upkeep\n|turn|6\n|\n|t:|1773635123\n|switch|p2a: Calyrex|Calyrex-Ice, L50, tera:Water|56/100\n|-ability|p2a: Calyrex|As One\n|-ability|p2a: Calyrex|Unnerve\n|move|p1b: Torkoal|Eruption|p2b: Incineroar|[spread] p2a,p2b\n|-resisted|p2a: Calyrex\n|-resisted|p2b: Incineroar\n|-damage|p2a: Calyrex|30/100\n|-damage|p2b: Incineroar|0 fnt\n|faint|p2b: Incineroar\n|move|p1a: Calyrex|Glacial Lance|p2a: Calyrex\n|-resisted|p2a: Calyrex\n|-damage|p2a: Calyrex|7/100\n|\n|-weather|SunnyDay|[upkeep]\n|-fieldend|move: Trick Room\n|upkeep\n|\n|t:|1773635128\n|switch|p2b: Miraidon|Miraidon, L50|65/100\n|-activate|p2b: Miraidon|ability: Hadron Engine\n|turn|7\n|\n|t:|1773635142\n|move|p1a: Calyrex|Protect|p1a: Calyrex\n|-singleturn|p1a: Calyrex|Protect\n|move|p2b: Miraidon|Electro Drift|p1a: Calyrex\n|-activate|p1a: Calyrex|move: Protect\n|move|p2a: Calyrex|High Horsepower|p1b: Torkoal\n|-supereffective|p1b: Torkoal\n|-damage|p1b: Torkoal|41/100\n|move|p1b: Torkoal|Heat Wave|p2b: Miraidon|[spread] p2a,p2b\n|-resisted|p2a: Calyrex\n|-resisted|p2b: Miraidon\n|-damage|p2a: Calyrex|0 fnt\n|-damage|p2b: Miraidon|43/100\n|faint|p2a: Calyrex\n|\n|-weather|SunnyDay|[upkeep]\n|upkeep\n|turn|8\n|\n|t:|1773635160\n|move|p2b: Miraidon|Electro Drift|p1a: Calyrex\n|-supereffective|p1a: Calyrex\n|-damage|p1a: Calyrex|0 fnt\n|faint|p1a: Calyrex\n|move|p1b: Torkoal|Weather Ball|p2b: Miraidon\n|-resisted|p2b: Miraidon\n|-damage|p2b: Miraidon|13/100\n|\n|-weather|none\n|upkeep\n|turn|9\n|-message|Focushocuspocus forfeited.\n|\n|win|bman311\n|n|\u2606Focushocuspocus|focushocuspocus\n|n|\u2606bman311|bman311\n|n| H4irashi|h4irashi\n|c|\u2606bman311|gg\n","uploadtime":1773635169,"views":10,"formatid":"gen9vgc2026regi","rating":null,"private":0,"password":null}