{"id":"gen9vgc2026regi-2519356546","format":"[Gen 9] VGC 2026 Reg I","players":["sakura-machi","kojimuranishi"],"log":"|j|\u2606sakura-machi\n|j|\u2606kojimuranishi\n|t:|1768498719\n|gametype|doubles\n|player|p1|sakura-machi|rosa|1415\n|player|p2|kojimuranishi|265|1533\n|gen|9\n|tier|[Gen 9] VGC 2026 Reg I\n|rated|\n|rule|Species Clause: Limit one of each Pok\u00e9mon\n|rule|Item Clause: Limit 1 of each item\n|clearpoke\n|poke|p1|Koraidon, L50|\n|poke|p1|Flutter Mane, L50|\n|poke|p1|Brute Bonnet, L50|\n|poke|p1|Calyrex-Ice, L50|\n|poke|p1|Raging Bolt, L50|\n|poke|p1|Incineroar, L50, M|\n|poke|p2|Zamazenta-*, L50|\n|poke|p2|Lunala, L50|\n|poke|p2|Chien-Pao, L50|\n|poke|p2|Dragonite, L50, F|\n|poke|p2|Chi-Yu, L50|\n|poke|p2|Urshifu-*, L50, F|\n|teampreview|4\n|inactive|Battle timer is ON: inactive players will automatically lose when time's up. (requested by kojimuranishi)\n|j| riyuezi\n|inactive|sakura-machi has 60 seconds left.\n|\n|t:|1768498753\n|teamsize|p1|4\n|teamsize|p2|4\n|start\n|switch|p1a: Koraidon|Koraidon, L50|100/100\n|switch|p1b: Brute Bonnet|Brute Bonnet, L50|100/100\n|switch|p2a: Zamazenta|Zamazenta-Crowned, L50|100/100\n|switch|p2b: Lunala|Lunala, L50|100/100\n|-weather|SunnyDay|[from] ability: Orichalcum Pulse|[of] p1a: Koraidon\n|-activate|p1b: Brute Bonnet|ability: Protosynthesis\n|-start|p1b: Brute Bonnet|protosynthesisdef\n|-activate|p1a: Koraidon|Orichalcum Pulse|[source]\n|-ability|p2a: Zamazenta|Dauntless Shield|boost\n|-boost|p2a: Zamazenta|def|1\n|turn|1\n|inactive|sakura-machi has 30 seconds left.\n|inactive|kojimuranishi has 30 seconds left.\n|inactive|sakura-machi has 20 seconds left.\n|\n|t:|1768498790\n|switch|p2b: Dragonite|Dragonite, L50, F|100/100\n|-terastallize|p2a: Zamazenta|Water\n|-terastallize|p1b: Brute Bonnet|Water\n|move|p1a: Koraidon|Protect|p1a: Koraidon\n|-singleturn|p1a: Koraidon|Protect\n|move|p2a: Zamazenta|Body Press|p1b: Brute Bonnet\n|-damage|p1b: Brute Bonnet|70/100\n|move|p1b: Brute Bonnet|Spore|p2a: Zamazenta\n|-status|p2a: Zamazenta|slp|[from] move: Spore\n|\n|-weather|SunnyDay|[upkeep]\n|upkeep\n|turn|2\n|\n|t:|1768498810\n|move|p1a: Koraidon|Low Kick|p2a: Zamazenta\n|-damage|p2a: Zamazenta|70/100 slp\n|cant|p2a: Zamazenta|slp\n|move|p2b: Dragonite|Outrage|p1b: Brute Bonnet\n|-crit|p1b: Brute Bonnet\n|-damage|p1b: Brute Bonnet|0 fnt\n|faint|p1b: Brute Bonnet\n|-end|p1b: Brute Bonnet|Protosynthesis|[silent]\n|\n|-weather|SunnyDay|[upkeep]\n|upkeep\n|\n|t:|1768498817\n|switch|p1b: Flutter Mane|Flutter Mane, L50|100/100\n|-activate|p1b: Flutter Mane|ability: Protosynthesis\n|-start|p1b: Flutter Mane|protosynthesisspe\n|turn|3\n|\n|t:|1768498829\n|move|p1b: Flutter Mane|Moonblast|p2b: Dragonite\n|-supereffective|p2b: Dragonite\n|-damage|p2b: Dragonite|51/100\n|move|p1a: Koraidon|Low Kick|p2a: Zamazenta\n|-damage|p2a: Zamazenta|36/100 slp\n|cant|p2a: Zamazenta|slp\n|move|p2b: Dragonite|Outrage|p1a: Koraidon|[from] lockedmove\n|-supereffective|p1a: Koraidon\n|-damage|p1a: Koraidon|0 fnt\n|faint|p1a: Koraidon\n|-start|p2b: Dragonite|confusion|[fatigue]\n|\n|-weather|SunnyDay|[upkeep]\n|upkeep\n|\n|t:|1768498831\n|switch|p1a: Raging Bolt|Raging Bolt, L50|100/100\n|-activate|p1a: Raging Bolt|ability: Protosynthesis\n|-start|p1a: Raging Bolt|protosynthesisspa\n|turn|4\n|inactive|kojimuranishi has 30 seconds left.\n|\n|t:|1768498865\n|move|p1b: Flutter Mane|Icy Wind|p2a: Zamazenta|[spread] p2a,p2b\n|-resisted|p2a: Zamazenta\n|-supereffective|p2b: Dragonite\n|-damage|p2a: Zamazenta|31/100 slp\n|-damage|p2b: Dragonite|0 fnt\n|-unboost|p2a: Zamazenta|spe|1\n|faint|p2b: Dragonite\n|move|p1a: Raging Bolt|Electroweb|p2a: Zamazenta\n|-supereffective|p2a: Zamazenta\n|-damage|p2a: Zamazenta|0 fnt\n|faint|p2a: Zamazenta\n|\n|-weather|SunnyDay|[upkeep]\n|upkeep\n|inactive|kojimuranishi has 30 seconds left.\n|\n|t:|1768498895\n|switch|p2a: Lunala|Lunala, L50|100/100\n|switch|p2b: Chien-Pao|Chien-Pao, L50|100/100\n|-ability|p2b: Chien-Pao|Sword of Ruin\n|turn|5\n|inactive|kojimuranishi has 30 seconds left.\n|inactive|kojimuranishi has 20 seconds left.\n|inactive|kojimuranishi has 15 seconds left.\n|inactive|kojimuranishi has 10 seconds left.\n|\n|t:|1768498943\n|move|p2b: Chien-Pao|Protect|p2b: Chien-Pao\n|-singleturn|p2b: Chien-Pao|Protect\n|move|p1a: Raging Bolt|Thunderclap|p2a: Lunala\n|-crit|p2a: Lunala\n|-damage|p2a: Lunala|78/100\n|move|p1b: Flutter Mane|Shadow Ball|p2a: Lunala\n|-supereffective|p2a: Lunala\n|-damage|p2a: Lunala|0 fnt\n|faint|p2a: Lunala\n|\n|-weather|none\n|-end|p1b: Flutter Mane|Protosynthesis\n|-end|p1a: Raging Bolt|Protosynthesis\n|upkeep\n|turn|6\n|\n|t:|1768498957\n|move|p1a: Raging Bolt|Thunderclap|p2b: Chien-Pao\n|-damage|p2b: Chien-Pao|33/100\n|move|p2b: Chien-Pao|Ice Spinner|p1a: Raging Bolt\n|-supereffective|p1a: Raging Bolt\n|-damage|p1a: Raging Bolt|0 fnt\n|faint|p1a: Raging Bolt\n|-end|p1a: Raging Bolt|Protosynthesis|[silent]\n|-damage|p2b: Chien-Pao|23/100|[from] item: Life Orb\n|move|p1b: Flutter Mane|Moonblast|p2b: Chien-Pao\n|-supereffective|p2b: Chien-Pao\n|-damage|p2b: Chien-Pao|0 fnt\n|faint|p2b: Chien-Pao\n|\n|win|sakura-machi\n|raw|sakura-machi's rating: 1415 &rarr; <strong>1442</strong><br />(+27 for winning)\n|raw|kojimuranishi's rating: 1533 &rarr; <strong>1506</strong><br />(-27 for losing)\n|l|\u2606kojimuranishi\n|player|p2|\n|l|\u2606sakura-machi\n|player|p1|\n|j|\u2606sakura-machi\n|player|p1|sakura-machi|rosa|\n|l| riyuezi\n|l|\u2606sakura-machi\n|player|p1|\n","uploadtime":1768499189,"views":18,"formatid":"gen9vgc2026regi","rating":1442,"private":0,"password":null}