{"id":"gen9vgc2026regi-2543396823","format":"[Gen 9] VGC 2026 Reg I","players":["Avi 2007","inb_178"],"log":"|j|\u2606Avi 2007\n|j|\u2606inb_178\n|t:|1771565781\n|gametype|doubles\n|player|p1|Avi 2007|palmer|1404\n|player|p2|inb_178|102|1358\n|gen|9\n|tier|[Gen 9] VGC 2026 Reg I\n|rated|\n|rule|Species Clause: Limit one of each Pok\u00e9mon\n|rule|Item Clause: Limit 1 of each item\n|clearpoke\n|poke|p1|Terapagos, L50, M|\n|poke|p1|Zacian-*, L50|\n|poke|p1|Rillaboom, L50, M|\n|poke|p1|Smeargle, L50, F|\n|poke|p1|Farigiraf, L50, F|\n|poke|p1|Urshifu-*, L50, M|\n|poke|p2|Miraidon, L50|\n|poke|p2|Groudon, L50|\n|poke|p2|Incineroar, L50, M|\n|poke|p2|Sneasler, L50, F|\n|poke|p2|Walking Wake, L50|\n|poke|p2|Ogerpon-Cornerstone, L50, F|\n|teampreview|4\n|inactive|Battle timer is ON: inactive players will automatically lose when time's up. (requested by Avi 2007)\n|\n|t:|1771565810\n|teamsize|p1|4\n|teamsize|p2|4\n|start\n|switch|p1a: Smeargle|Smeargle, L50, F|100/100\n|switch|p1b: Terapagos|Terapagos, L50, M|100/100\n|switch|p2a: Groudon|Groudon, L50|100/100\n|switch|p2b: Incineroar|Incineroar, L50, M|100/100\n|-activate|p1b: Terapagos|ability: Tera Shift\n|detailschange|p1b: Terapagos|Terapagos-Terastal, L50, M\n|-heal|p1b: Terapagos|100/100|[silent]\n|-weather|SunnyDay|[from] ability: Drought|[of] p2a: Groudon\n|-ability|p2b: Incineroar|Intimidate|boost\n|-unboost|p1a: Smeargle|atk|1\n|-unboost|p1b: Terapagos|atk|1\n|turn|1\n|\n|t:|1771565829\n|move|p1a: Smeargle|Fake Out|p2b: Incineroar\n|-damage|p2b: Incineroar|98/100\n|cant|p2b: Incineroar|flinch\n|move|p2a: Groudon|Precipice Blades|p1b: Terapagos|[spread] p1a,p1b\n|-activate|p1b: Terapagos|ability: Tera Shell\n|-resisted|p1b: Terapagos\n|-enditem|p1a: Smeargle|Focus Sash\n|-damage|p1a: Smeargle|1/100\n|-damage|p1b: Terapagos|79/100\n|move|p1b: Terapagos|Calm Mind|p1b: Terapagos\n|-boost|p1b: Terapagos|spa|1\n|-boost|p1b: Terapagos|spd|1\n|\n|-weather|SunnyDay|[upkeep]\n|-ability|p1a: Smeargle|Moody|boost\n|-boost|p1a: Smeargle|def|2\n|-unboost|p1a: Smeargle|atk|1\n|upkeep\n|turn|2\n|\n|t:|1771565848\n|switch|p2b: Miraidon|Miraidon, L50|100/100\n|-fieldstart|move: Electric Terrain|[from] ability: Hadron Engine|[of] p2b: Miraidon\n|-terastallize|p1b: Terapagos|Stellar\n|detailschange|p1b: Terapagos|Terapagos-Stellar, L50, M, tera:Stellar\n|-heal|p1b: Terapagos|84/100|[silent]\n|-ability|p1b: Terapagos|Teraform Zero\n|-weather|none\n|-fieldend|move: Electric Terrain\n|move|p1a: Smeargle|Decorate|p1b: Terapagos\n|-boost|p1b: Terapagos|atk|2\n|-boost|p1b: Terapagos|spa|2\n|move|p2a: Groudon|Precipice Blades|p1a: Smeargle|[spread] p1a,p1b\n|-damage|p1a: Smeargle|0 fnt\n|-damage|p1b: Terapagos|45/100\n|faint|p1a: Smeargle\n|move|p1b: Terapagos|Tera Starstorm|p2b: Miraidon|[spread] p2a,p2b\n|-damage|p2a: Groudon|4/100\n|-damage|p2b: Miraidon|48/100\n|\n|upkeep\n|\n|t:|1771565869\n|switch|p1a: Rillaboom|Rillaboom, L50, M|100/100\n|-fieldstart|move: Grassy Terrain|[from] ability: Grassy Surge|[of] p1a: Rillaboom\n|-enditem|p1b: Terapagos|Grassy Seed\n|-boost|p1b: Terapagos|def|1|[from] item: Grassy Seed\n|turn|3\n|\n|t:|1771565881\n|switch|p2b: Incineroar|Incineroar, L50, M|98/100\n|-ability|p2b: Incineroar|Intimidate|boost\n|-unboost|p1a: Rillaboom|atk|1\n|-unboost|p1b: Terapagos|atk|1\n|move|p2a: Groudon|Protect|p2a: Groudon\n|-singleturn|p2a: Groudon|Protect\n|move|p1a: Rillaboom|Fake Out|p2a: Groudon\n|-activate|p2a: Groudon|move: Protect\n|move|p1b: Terapagos|Tera Starstorm|p2b: Incineroar|[spread] p2b\n|-activate|p2a: Groudon|move: Protect\n|-damage|p2b: Incineroar|8/100\n|-enditem|p2b: Incineroar|Figy Berry|[eat]\n|-heal|p2b: Incineroar|41/100|[from] item: Figy Berry\n|\n|-heal|p2a: Groudon|10/100|[from] Grassy Terrain\n|-heal|p1b: Terapagos|52/100|[from] Grassy Terrain\n|-heal|p2b: Incineroar|47/100|[from] Grassy Terrain\n|upkeep\n|turn|4\n|inactive|inb_178 has 30 seconds left.\n|inactive|inb_178 has 20 seconds left.\n|\n|t:|1771565916\n|move|p2b: Incineroar|Fake Out|p1a: Rillaboom\n|-damage|p1a: Rillaboom|91/100\n|cant|p1a: Rillaboom|flinch\n|move|p2a: Groudon|Precipice Blades|p1b: Terapagos|[spread] p1a\n|-miss|p2a: Groudon|p1b: Terapagos\n|-resisted|p1a: Rillaboom\n|-damage|p1a: Rillaboom|65/100\n|move|p1b: Terapagos|Tera Starstorm|p2b: Incineroar|[spread] p2a,p2b\n|-damage|p2a: Groudon|0 fnt\n|-damage|p2b: Incineroar|0 fnt\n|faint|p2a: Groudon\n|faint|p2b: Incineroar\n|\n|-heal|p1b: Terapagos|58/100|[from] Grassy Terrain\n|-heal|p1a: Rillaboom|71/100|[from] Grassy Terrain\n|upkeep\n|\n|t:|1771565934\n|switch|p2a: Miraidon|Miraidon, L50|48/100\n|switch|p2b: Sneasler|Sneasler, L50, F|100/100\n|-fieldstart|move: Electric Terrain|[from] ability: Hadron Engine|[of] p2a: Miraidon\n|-enditem|p2b: Sneasler|Electric Seed\n|-boost|p2b: Sneasler|def|1|[from] item: Electric Seed\n|turn|5\n|\n|t:|1771565949\n|switch|p1a: Zacian|Zacian-Crowned, L50, shiny|100/100\n|-ability|p1a: Zacian|Intrepid Sword|boost\n|-boost|p1a: Zacian|atk|1\n|-terastallize|p2a: Miraidon|Electric\n|move|p1b: Terapagos|Protect|p1b: Terapagos\n|-singleturn|p1b: Terapagos|Protect\n|move|p2b: Sneasler|Low Kick|p1b: Terapagos\n|-activate|p1b: Terapagos|move: Protect\n|move|p2a: Miraidon|Electro Drift|p1a: Zacian\n|-damage|p1a: Zacian|0 fnt\n|faint|p1a: Zacian\n|\n|upkeep\n|\n|t:|1771565961\n|switch|p1a: Rillaboom|Rillaboom, L50, M|71/100\n|-fieldstart|move: Grassy Terrain|[from] ability: Grassy Surge|[of] p1a: Rillaboom\n|turn|6\n|\n|t:|1771565974\n|move|p2b: Sneasler|Protect|p2b: Sneasler\n|-singleturn|p2b: Sneasler|Protect\n|move|p1a: Rillaboom|Fake Out|p2b: Sneasler\n|-activate|p2b: Sneasler|move: Protect\n|move|p2a: Miraidon|Electro Drift|p1b: Terapagos\n|-damage|p1b: Terapagos|27/100\n|move|p1b: Terapagos|Tera Starstorm|p2a: Miraidon|[spread] p2a\n|-activate|p2b: Sneasler|move: Protect\n|-supereffective|p2a: Miraidon\n|-damage|p2a: Miraidon|0 fnt\n|faint|p2a: Miraidon\n|\n|-heal|p1b: Terapagos|33/100|[from] Grassy Terrain\n|-heal|p1a: Rillaboom|77/100|[from] Grassy Terrain\n|upkeep\n|turn|7\n|\n|t:|1771565993\n|move|p1b: Terapagos|Protect|p1b: Terapagos\n|-singleturn|p1b: Terapagos|Protect\n|move|p1a: Rillaboom|Grassy Glide|p2b: Sneasler\n|-resisted|p2b: Sneasler\n|-damage|p2b: Sneasler|81/100\n|move|p2b: Sneasler|Low Kick|p1b: Terapagos\n|-activate|p1b: Terapagos|move: Protect\n|\n|-heal|p2b: Sneasler|87/100|[from] Grassy Terrain\n|-heal|p1a: Rillaboom|83/100|[from] Grassy Terrain\n|-heal|p1b: Terapagos|39/100|[from] Grassy Terrain\n|upkeep\n|turn|8\n|\n|t:|1771566012\n|move|p1a: Rillaboom|Grassy Glide|p2b: Sneasler\n|-resisted|p2b: Sneasler\n|-crit|p2b: Sneasler\n|-damage|p2b: Sneasler|48/100\n|move|p2b: Sneasler|Low Kick|p1b: Terapagos\n|-supereffective|p1b: Terapagos\n|-damage|p1b: Terapagos|1/100\n|move|p1b: Terapagos|Tera Starstorm|p2b: Sneasler\n|-damage|p2b: Sneasler|0 fnt\n|faint|p2b: Sneasler\n|\n|win|Avi 2007\n|raw|Avi 2007's rating: 1404 &rarr; <strong>1421</strong><br />(+17 for winning)\n|raw|inb_178's rating: 1358 &rarr; <strong>1341</strong><br />(-17 for losing)\n|l|\u2606inb_178\n|player|p2|\n|l|\u2606Avi 2007\n|player|p1|\n","uploadtime":1771566218,"views":14,"formatid":"gen9vgc2026regi","rating":1341,"private":0,"password":null}