{"id":"gen9vgc2026regi-2554552303","format":"[Gen 9] VGC 2026 Reg I","players":["Battle club","Cello L."],"log":"|j|\u2606Battle club\n|j|\u2606Cello L.\n|t:|1772986191\n|gametype|doubles\n|player|p1|Battle club|harlequin|1389\n|player|p2|Cello L.|psychic-gen4|1419\n|gen|9\n|tier|[Gen 9] VGC 2026 Reg I\n|rated|\n|rule|Species Clause: Limit one of each Pok\u00e9mon\n|rule|Item Clause: Limit 1 of each item\n|clearpoke\n|poke|p1|Chien-Pao, L50|\n|poke|p1|Zamazenta-*, L50|\n|poke|p1|Miraidon, L50|\n|poke|p1|Iron Hands, L50|\n|poke|p1|Ogerpon-Wellspring, L50, F|\n|poke|p2|Calyrex-Shadow, L50|\n|poke|p2|Koraidon, L50|\n|poke|p2|Regieleki, L50|\n|poke|p2|Volcarona, L50, F|\n|poke|p2|Rillaboom, L50, M|\n|poke|p2|Incineroar, L50, M|\n|teampreview|4\n|\n|t:|1772986226\n|teamsize|p1|4\n|teamsize|p2|4\n|start\n|switch|p1a: Iron Hands|Iron Hands, L50|100/100\n|switch|p1b: Miraidon|Miraidon, L50|100/100\n|switch|p2a: Volcarona|Volcarona, L50, F|100/100\n|switch|p2b: Rillaboom|Rillaboom, L50, M|100/100\n|-fieldstart|move: Electric Terrain|[from] ability: Hadron Engine|[of] p1b: Miraidon\n|-activate|p1a: Iron Hands|ability: Quark Drive\n|-start|p1a: Iron Hands|quarkdriveatk\n|-fieldstart|move: Grassy Terrain|[from] ability: Grassy Surge|[of] p2b: Rillaboom\n|-end|p1a: Iron Hands|Quark Drive\n|turn|1\n|\n|t:|1772986272\n|move|p2a: Volcarona|Protect|p2a: Volcarona\n|-singleturn|p2a: Volcarona|Protect\n|move|p1a: Iron Hands|Fake Out|p2a: Volcarona\n|-activate|p2a: Volcarona|move: Protect\n|move|p1b: Miraidon|Volt Switch|p2a: Volcarona\n|-activate|p2a: Volcarona|move: Protect\n|move|p2b: Rillaboom|U-turn|p1b: Miraidon\n|-damage|p1b: Miraidon|77/100\n|\n|t:|1772986281\n|switch|p2b: Incineroar|Incineroar, L50, M|100/100|[from] U-turn\n|-ability|p2b: Incineroar|Intimidate|boost\n|-unboost|p1a: Iron Hands|atk|1\n|-unboost|p1b: Miraidon|atk|1\n|\n|-heal|p1b: Miraidon|83/100|[from] Grassy Terrain\n|upkeep\n|turn|2\n|\n|t:|1772986291\n|switch|p1b: Chien-Pao|Chien-Pao, L50|100/100\n|-ability|p1b: Chien-Pao|Sword of Ruin\n|move|p2b: Incineroar|Fake Out|p1b: Chien-Pao\n|-damage|p1b: Chien-Pao|86/100\n|move|p2a: Volcarona|Quiver Dance|p2a: Volcarona\n|-boost|p2a: Volcarona|spa|1\n|-boost|p2a: Volcarona|spd|1\n|-boost|p2a: Volcarona|spe|1\n|move|p1a: Iron Hands|Wild Charge|p2a: Volcarona\n|-damage|p2a: Volcarona|53/100\n|-damage|p1a: Iron Hands|91/100|[from] Recoil\n|\n|-heal|p1b: Chien-Pao|91/100|[from] Grassy Terrain\n|-heal|p2a: Volcarona|59/100|[from] Grassy Terrain\n|-heal|p2a: Volcarona|66/100|[from] item: Leftovers\n|-heal|p1a: Iron Hands|97/100|[from] Grassy Terrain\n|upkeep\n|turn|3\n|\n|t:|1772986322\n|move|p2a: Volcarona|Protect|p2a: Volcarona\n|-singleturn|p2a: Volcarona|Protect\n|move|p1b: Chien-Pao|Ruination|p2a: Volcarona\n|-activate|p2a: Volcarona|move: Protect\n|move|p2b: Incineroar|Parting Shot|p1a: Iron Hands\n|-unboost|p1a: Iron Hands|atk|1\n|-unboost|p1a: Iron Hands|spa|1\n|inactive|Battle timer is ON: inactive players will automatically lose when time's up. (requested by Battle club)\n|\n|t:|1772986341\n|switch|p2b: Koraidon|Koraidon, L50|100/100|[from] Parting Shot\n|-weather|SunnyDay|[from] ability: Orichalcum Pulse|[of] p2b: Koraidon\n|-activate|p2b: Koraidon|Orichalcum Pulse|[source]\n|move|p1a: Iron Hands|Drain Punch|p2b: Koraidon\n|-damage|p2b: Koraidon|79/100\n|-heal|p1a: Iron Hands|100/100|[from] drain|[of] p2b: Koraidon\n|\n|-weather|SunnyDay|[upkeep]\n|-heal|p1b: Chien-Pao|97/100|[from] Grassy Terrain\n|-heal|p2a: Volcarona|72/100|[from] Grassy Terrain\n|-heal|p2a: Volcarona|78/100|[from] item: Leftovers\n|-heal|p2b: Koraidon|85/100|[from] Grassy Terrain\n|upkeep\n|turn|4\n|\n|t:|1772986365\n|switch|p2b: Incineroar|Incineroar, L50, M|100/100\n|-ability|p2b: Incineroar|Intimidate|boost\n|-unboost|p1a: Iron Hands|atk|1\n|-unboost|p1b: Chien-Pao|atk|1\n|-end|p1a: Iron Hands|Quark Drive|[silent]\n|switch|p1a: Miraidon|Miraidon, L50|83/100\n|-fieldstart|move: Electric Terrain|[from] ability: Hadron Engine|[of] p1a: Miraidon\n|move|p1b: Chien-Pao|Ruination|p2a: Volcarona\n|-damage|p2a: Volcarona|40/100\n|move|p2a: Volcarona|Fiery Dance|p1b: Chien-Pao\n|-supereffective|p1b: Chien-Pao\n|-damage|p1b: Chien-Pao|0 fnt\n|faint|p1b: Chien-Pao\n|\n|-weather|SunnyDay|[upkeep]\n|-heal|p2a: Volcarona|46/100|[from] item: Leftovers\n|upkeep\n|\n|t:|1772986377\n|switch|p1b: Iron Hands|Iron Hands, L50|100/100\n|-activate|p1b: Iron Hands|ability: Quark Drive\n|-start|p1b: Iron Hands|quarkdriveatk\n|turn|5\n|inactive|Cello L. has 30 seconds left.\n|\n|t:|1772986408\n|move|p2b: Incineroar|Fake Out|p1a: Miraidon\n|-damage|p1a: Miraidon|72/100\n|cant|p1a: Miraidon|flinch\n|move|p2a: Volcarona|Giga Drain|p1b: Iron Hands\n|-damage|p1b: Iron Hands|83/100\n|-heal|p2a: Volcarona|57/100|[from] drain|[of] p1b: Iron Hands\n|move|p1b: Iron Hands|Wild Charge|p2a: Volcarona\n|-damage|p2a: Volcarona|0 fnt\n|faint|p2a: Volcarona\n|-damage|p1b: Iron Hands|72/100|[from] Recoil\n|\n|-weather|SunnyDay|[upkeep]\n|upkeep\n|\n|t:|1772986420\n|switch|p2a: Koraidon|Koraidon, L50|85/100\n|-activate|p2a: Koraidon|ability: Orichalcum Pulse\n|turn|6\n|\n|t:|1772986445\n|switch|p2b: Rillaboom|Rillaboom, L50, M|100/100\n|-fieldstart|move: Grassy Terrain|[from] ability: Grassy Surge|[of] p2b: Rillaboom\n|-end|p1b: Iron Hands|Quark Drive\n|-terastallize|p2a: Koraidon|Fire\n|move|p1a: Miraidon|Dazzling Gleam|p2a: Koraidon|[spread] p2a,p2b\n|-resisted|p2a: Koraidon\n|-damage|p2a: Koraidon|71/100\n|-damage|p2b: Rillaboom|82/100\n|move|p2a: Koraidon|Flare Blitz|p1b: Iron Hands\n|-damage|p1b: Iron Hands|0 fnt\n|faint|p1b: Iron Hands\n|-end|p1b: Iron Hands|Quark Drive|[silent]\n|-damage|p2a: Koraidon|43/100|[from] Recoil\n|\n|-weather|SunnyDay|[upkeep]\n|-heal|p1a: Miraidon|78/100|[from] Grassy Terrain\n|-heal|p2a: Koraidon|49/100|[from] Grassy Terrain\n|-heal|p2b: Rillaboom|88/100|[from] Grassy Terrain\n|upkeep\n|\n|t:|1772986453\n|switch|p1b: Zamazenta|Zamazenta-Crowned, L50, shiny|100/100\n|-ability|p1b: Zamazenta|Dauntless Shield|boost\n|-boost|p1b: Zamazenta|def|1\n|turn|7\n|\n|t:|1772986472\n|-terastallize|p1b: Zamazenta|Dragon\n|move|p2b: Rillaboom|Fake Out|p1b: Zamazenta\n|-damage|p1b: Zamazenta|94/100\n|move|p1a: Miraidon|Dazzling Gleam|p2b: Rillaboom|[spread] p2a,p2b\n|-resisted|p2a: Koraidon\n|-damage|p2a: Koraidon|35/100\n|-damage|p2b: Rillaboom|70/100\n|move|p2a: Koraidon|Collision Course|p1a: Miraidon\n|-damage|p1a: Miraidon|2/100\n|cant|p1b: Zamazenta|flinch\n|\n|-weather|none\n|-heal|p1a: Miraidon|8/100|[from] Grassy Terrain\n|-heal|p2a: Koraidon|41/100|[from] Grassy Terrain\n|-heal|p1b: Zamazenta|100/100|[from] Grassy Terrain\n|-heal|p2b: Rillaboom|76/100|[from] Grassy Terrain\n|upkeep\n|turn|8\n|inactive|Cello L. has 30 seconds left.\n|\n|t:|1772986504\n|move|p2a: Koraidon|Protect|p2a: Koraidon\n|-singleturn|p2a: Koraidon|Protect\n|move|p1a: Miraidon|Dazzling Gleam|p2b: Rillaboom|[spread] p2b\n|-activate|p2a: Koraidon|move: Protect\n|-damage|p2b: Rillaboom|58/100\n|move|p1b: Zamazenta|Body Press|p2b: Rillaboom\n|-damage|p2b: Rillaboom|0 fnt\n|faint|p2b: Rillaboom\n|\n|-heal|p1a: Miraidon|14/100|[from] Grassy Terrain\n|-heal|p2a: Koraidon|46/100|[from] Grassy Terrain\n|upkeep\n|\n|t:|1772986515\n|switch|p2b: Incineroar|Incineroar, L50, M|100/100\n|-ability|p2b: Incineroar|Intimidate|boost\n|-unboost|p1a: Miraidon|atk|1\n|-unboost|p1b: Zamazenta|atk|1\n|turn|9\n|\n|t:|1772986523\n|move|p2b: Incineroar|Fake Out|p1a: Miraidon\n|-damage|p1a: Miraidon|2/100\n|cant|p1a: Miraidon|flinch\n|move|p2a: Koraidon|Collision Course|p1b: Zamazenta\n|-damage|p1b: Zamazenta|82/100\n|move|p1b: Zamazenta|Body Press|p2a: Koraidon\n|-damage|p2a: Koraidon|0 fnt\n|faint|p2a: Koraidon\n|\n|-heal|p1a: Miraidon|8/100|[from] Grassy Terrain\n|-heal|p1b: Zamazenta|88/100|[from] Grassy Terrain\n|upkeep\n|turn|10\n|\n|t:|1772986534\n|move|p1a: Miraidon|Dazzling Gleam|p2b: Incineroar\n|-damage|p2b: Incineroar|61/100\n|move|p1b: Zamazenta|Body Press|p2b: Incineroar\n|-supereffective|p2b: Incineroar\n|-damage|p2b: Incineroar|0 fnt\n|faint|p2b: Incineroar\n|\n|win|Battle club\n|raw|Battle club's rating: 1389 &rarr; <strong>1411</strong><br />(+22 for winning)\n|raw|Cello L.'s rating: 1419 &rarr; <strong>1397</strong><br />(-22 for losing)\n|l|\u2606Cello L.\n|player|p2|\n","uploadtime":1772986535,"views":22,"formatid":"gen9vgc2026regi","rating":1397,"private":0,"password":null}