{"id":"gen9vgc2026regi-2572743170","format":"[Gen 9] VGC 2026 Reg I","players":["themegaisiug","Hazweioh"],"log":"|j|\u2606themegaisiug\n|j|\u2606Hazweioh\n|t:|1775059963\n|gametype|doubles\n|player|p1|themegaisiug|boarder|1268\n|player|p2|Hazweioh|265|1411\n|gen|9\n|tier|[Gen 9] VGC 2026 Reg I\n|rated|\n|rule|Species Clause: Limit one of each Pok\u00e9mon\n|rule|Item Clause: Limit 1 of each item\n|clearpoke\n|poke|p1|Calyrex-Shadow, L50|\n|poke|p1|Zamazenta-*, L50|\n|poke|p1|Maushold, L50|\n|poke|p1|Whimsicott, L50, F|\n|poke|p1|Ursaluna-Bloodmoon, L50, M|\n|poke|p1|Roaring Moon, L50|\n|poke|p2|Whimsicott, L50, M|\n|poke|p2|Zacian-*, L50|\n|poke|p2|Kyogre, L50|\n|poke|p2|Chien-Pao, L50|\n|poke|p2|Iron Jugulis, L50|\n|poke|p2|Landorus, L50, M|\n|teampreview|4\n|c|\u2606themegaisiug|LOL\n|inactive|Battle timer is ON: inactive players will automatically lose when time's up. (requested by Hazweioh)\n|c|\u2606Hazweioh|Gl he\n|c|\u2606Hazweioh|why LOL\n|c|\u2606themegaisiug|the sprites\n|inactive|themegaisiug has 60 seconds left.\n|\n|t:|1775060029\n|teamsize|p1|4\n|teamsize|p2|4\n|start\n|switch|p1a: Whimsicott|Whimsicott, L50, F|100/100\n|switch|p1b: Calyrex|Calyrex-Shadow, L50|100/100\n|switch|p2a: Whimsicott|Whimsicott, L50, M, shiny|100/100\n|switch|p2b: Iron Jugulis|Iron Jugulis, L50, shiny|100/100\n|-ability|p1b: Calyrex|As One\n|-ability|p1b: Calyrex|Unnerve\n|-enditem|p2b: Iron Jugulis|Booster Energy\n|-activate|p2b: Iron Jugulis|ability: Quark Drive|[fromitem]\n|-start|p2b: Iron Jugulis|quarkdrivespe\n|turn|1\n|c|\u2606Hazweioh|April fools\n|c|\u2606Hazweioh|xD\n|inactive|themegaisiug has 30 seconds left.\n|inactive|Hazweioh has 30 seconds left.\n|\n|t:|1775060063\n|switch|p1b: Zamazenta|Zamazenta-Crowned, L50, shiny|100/100\n|-ability|p1b: Zamazenta|Dauntless Shield|boost\n|-boost|p1b: Zamazenta|def|1\n|move|p1a: Whimsicott|Tailwind|p1a: Whimsicott\n|-sidestart|p1: themegaisiug|move: Tailwind\n|move|p2b: Iron Jugulis|Snarl|p1b: Zamazenta|[spread] p1a,p1b\n|-resisted|p1a: Whimsicott\n|-resisted|p1b: Zamazenta\n|-damage|p1a: Whimsicott|92/100\n|-damage|p1b: Zamazenta|95/100\n|-unboost|p1b: Zamazenta|spa|1\n|move|p2a: Whimsicott|Moonblast|p1b: Zamazenta\n|-damage|p1b: Zamazenta|67/100\n|-unboost|p1b: Zamazenta|spa|1\n|\n|upkeep\n|turn|2\n|inactive|themegaisiug has 30 seconds left.\n|\n|t:|1775060092\n|-terastallize|p2b: Iron Jugulis|Ghost\n|move|p1a: Whimsicott|Taunt|p2a: Whimsicott\n|-start|p2a: Whimsicott|move: Taunt\n|cant|p2a: Whimsicott|move: Taunt|Tailwind\n|move|p1b: Zamazenta|Body Press|p2b: Iron Jugulis\n|-immune|p2b: Iron Jugulis\n|move|p2b: Iron Jugulis|Taunt|p1b: Zamazenta\n|-start|p1b: Zamazenta|move: Taunt\n|\n|upkeep\n|turn|3\n|inactive|themegaisiug has 30 seconds left.\n|inactive|themegaisiug has 20 seconds left.\n|inactive|themegaisiug has 15 seconds left.\n|\n|t:|1775060135\n|switch|p2a: Kyogre|Kyogre, L50|100/100\n|-weather|RainDance|[from] ability: Drizzle|[of] p2a: Kyogre\n|move|p1a: Whimsicott|Taunt|p2b: Iron Jugulis\n|-start|p2b: Iron Jugulis|move: Taunt\n|move|p1b: Zamazenta|Body Press|p2a: Kyogre\n|-damage|p2a: Kyogre|44/100\n|move|p2b: Iron Jugulis|Hurricane|p1a: Whimsicott\n|-supereffective|p1a: Whimsicott\n|-damage|p1a: Whimsicott|0 fnt\n|faint|p1a: Whimsicott\n|\n|-weather|RainDance|[upkeep]\n|upkeep\n|\n|t:|1775060151\n|switch|p1a: Calyrex|Calyrex-Shadow, L50|100/100\n|-ability|p1a: Calyrex|As One\n|-ability|p1a: Calyrex|Unnerve\n|turn|4\n|\n|t:|1775060167\n|-terastallize|p1a: Calyrex|Ghost\n|move|p2a: Kyogre|Protect|p2a: Kyogre\n|-singleturn|p2a: Kyogre|Protect\n|move|p1a: Calyrex|Astral Barrage|p2b: Iron Jugulis|[spread] p2b\n|-activate|p2a: Kyogre|move: Protect\n|-supereffective|p2b: Iron Jugulis\n|-damage|p2b: Iron Jugulis|0 fnt\n|faint|p2b: Iron Jugulis\n|-end|p2b: Iron Jugulis|Quark Drive|[silent]\n|-ability|p1a: Calyrex|Grim Neigh|boost\n|-boost|p1a: Calyrex|spa|1\n|move|p1b: Zamazenta|Body Press|p2a: Kyogre\n|-activate|p2a: Kyogre|move: Protect\n|\n|-weather|RainDance|[upkeep]\n|-sideend|p1: themegaisiug|move: Tailwind\n|upkeep\n|\n|t:|1775060169\n|switch|p2b: Whimsicott|Whimsicott, L50, M, shiny|100/100\n|turn|5\n|\n|t:|1775060185\n|switch|p1a: Maushold|Maushold, L50|100/100\n|move|p2b: Whimsicott|Tailwind|p2b: Whimsicott\n|-sidestart|p2: Hazweioh|move: Tailwind\n|move|p2a: Kyogre|Origin Pulse|p1a: Maushold|[spread] p1a,p1b\n|-enditem|p1a: Maushold|Focus Sash\n|-damage|p1a: Maushold|1/100\n|-damage|p1b: Zamazenta|30/100\n|move|p1b: Zamazenta|Body Press|p2a: Kyogre\n|-damage|p2a: Kyogre|0 fnt\n|faint|p2a: Kyogre\n|\n|-weather|RainDance|[upkeep]\n|-end|p1b: Zamazenta|move: Taunt\n|upkeep\n|\n|t:|1775060197\n|switch|p2a: Zacian|Zacian-Crowned, L50|100/100\n|-ability|p2a: Zacian|Intrepid Sword|boost\n|-boost|p2a: Zacian|atk|1\n|turn|6\n|\n|t:|1775060221\n|move|p2a: Zacian|Protect|p2a: Zacian\n|-singleturn|p2a: Zacian|Protect\n|move|p1a: Maushold|Follow Me|p1a: Maushold\n|-singleturn|p1a: Maushold|move: Follow Me\n|move|p2b: Whimsicott|Moonblast|p1a: Maushold\n|-damage|p1a: Maushold|0 fnt\n|faint|p1a: Maushold\n|move|p1b: Zamazenta|Body Press|p2a: Zacian\n|-activate|p2a: Zacian|move: Protect\n|\n|-weather|RainDance|[upkeep]\n|upkeep\n|\n|t:|1775060223\n|switch|p1a: Calyrex|Calyrex-Shadow, L50, tera:Ghost|100/100\n|-ability|p1a: Calyrex|As One\n|-ability|p1a: Calyrex|Unnerve\n|turn|7\n|\n|t:|1775060247\n|move|p2a: Zacian|Behemoth Blade|p1a: Calyrex\n|-damage|p1a: Calyrex|9/100\n|move|p2b: Whimsicott|Endeavor|p1b: Zamazenta\n|-immune|p1b: Zamazenta\n|move|p1a: Calyrex|Astral Barrage|p2b: Whimsicott|[spread] p2a,p2b\n|-damage|p2a: Zacian|0 fnt\n|-enditem|p2b: Whimsicott|Focus Sash\n|-damage|p2b: Whimsicott|1/100\n|faint|p2a: Zacian\n|-ability|p1a: Calyrex|Grim Neigh|boost\n|-boost|p1a: Calyrex|spa|1\n|move|p1b: Zamazenta|Body Press|p2b: Whimsicott\n|-resisted|p2b: Whimsicott\n|-damage|p2b: Whimsicott|0 fnt\n|faint|p2b: Whimsicott\n|\n|win|themegaisiug\n|raw|themegaisiug's rating: 1268 &rarr; <strong>1303</strong><br />(+35 for winning)\n|raw|Hazweioh's rating: 1411 &rarr; <strong>1383</strong><br />(-28 for losing)\n|l|\u2606Hazweioh\n|player|p2|\n|c|\u2606themegaisiug|gg\n","uploadtime":1775060264,"views":18,"formatid":"gen9vgc2026regi","rating":1303,"private":0,"password":null}