{"id":"gen9vgc2026regi-2548755354","format":"[Gen 9] VGC 2026 Reg I","players":["lalo's pollos","ScribbleScribble"],"log":"|j|\u2606lalo's pollos\n|j|\u2606ScribbleScribble\n|t:|1772252035\n|gametype|doubles\n|player|p1|lalo's pollos|101|1511\n|player|p2|ScribbleScribble|mina-lgpe|1557\n|gen|9\n|tier|[Gen 9] VGC 2026 Reg I\n|rated|\n|rule|Species Clause: Limit one of each Pok\u00e9mon\n|rule|Item Clause: Limit 1 of each item\n|clearpoke\n|poke|p1|Zamazenta-*, L50|\n|poke|p1|Lunala, L50|\n|poke|p1|Rillaboom, L50, F|\n|poke|p1|Incineroar, L50, F|\n|poke|p1|Urshifu-*, L50, M|\n|poke|p1|Tornadus, L50, M|\n|poke|p2|Calyrex-Ice, L50|\n|poke|p2|Kyogre, L50|\n|poke|p2|Tornadus, L50, M|\n|poke|p2|Indeedee-F, L50, F|\n|poke|p2|Landorus, L50, M|\n|poke|p2|Urshifu-*, L50, F|\n|teampreview|4\n|inactive|Battle timer is ON: inactive players will automatically lose when time's up. (requested by ScribbleScribble)\n|\n|t:|1772252057\n|teamsize|p1|4\n|teamsize|p2|4\n|start\n|switch|p1a: Zamazenta|Zamazenta-Crowned, L50|100/100\n|switch|p1b: Tornadus|Tornadus, L50, M|100/100\n|switch|p2a: Tornadus|Tornadus, L50, M|100/100\n|switch|p2b: Landorus|Landorus, L50, M|100/100\n|-ability|p1a: Zamazenta|Dauntless Shield|boost\n|-boost|p1a: Zamazenta|def|1\n|turn|1\n|\n|t:|1772252065\n|move|p1a: Zamazenta|Protect|p1a: Zamazenta\n|-singleturn|p1a: Zamazenta|Protect\n|move|p1b: Tornadus|Taunt|p2a: Tornadus\n|-start|p2a: Tornadus|move: Taunt\n|move|p2a: Tornadus|Bleakwind Storm|p1a: Zamazenta|[spread] p1b\n|-activate|p1a: Zamazenta|move: Protect\n|-damage|p1b: Tornadus|44/100\n|move|p2b: Landorus|Sludge Bomb|p1b: Tornadus\n|-damage|p1b: Tornadus|0 fnt\n|faint|p1b: Tornadus\n|\n|upkeep\n|\n|t:|1772252076\n|switch|p1b: Urshifu|Urshifu-Rapid-Strike, L50, M|100/100\n|turn|2\n|\n|t:|1772252082\n|switch|p2a: Indeedee|Indeedee-F, L50, F, shiny|100/100\n|-fieldstart|move: Psychic Terrain|[from] ability: Psychic Surge|[of] p2a: Indeedee\n|-enditem|p2a: Indeedee|Psychic Seed\n|-boost|p2a: Indeedee|spd|1|[from] item: Psychic Seed\n|-terastallize|p2b: Landorus|Poison\n|move|p1a: Zamazenta|Wide Guard|p1a: Zamazenta\n|-singleturn|p1a: Zamazenta|Wide Guard\n|move|p1b: Urshifu|Surging Strikes|p2b: Landorus\n|-crit|p2b: Landorus\n|-damage|p2b: Landorus|72/100\n|-crit|p2b: Landorus\n|-damage|p2b: Landorus|45/100\n|-crit|p2b: Landorus\n|-damage|p2b: Landorus|17/100\n|-hitcount|p2b: Landorus|3\n|move|p2b: Landorus|Sandsear Storm|p1b: Urshifu|[spread] \n|-activate|p1a: Zamazenta|move: Wide Guard\n|-activate|p1b: Urshifu|move: Wide Guard\n|\n|upkeep\n|turn|3\n|\n|t:|1772252098\n|switch|p1a: Lunala|Lunala, L50|100/100\n|-terastallize|p1b: Urshifu|Water\n|move|p2a: Indeedee|Follow Me|p2a: Indeedee\n|-singleturn|p2a: Indeedee|move: Follow Me\n|move|p1b: Urshifu|Surging Strikes|p2a: Indeedee\n|-crit|p2a: Indeedee\n|-damage|p2a: Indeedee|65/100\n|-crit|p2a: Indeedee\n|-damage|p2a: Indeedee|29/100\n|-crit|p2a: Indeedee\n|-damage|p2a: Indeedee|0 fnt\n|faint|p2a: Indeedee\n|-hitcount|p2: Indeedee|3\n|move|p2b: Landorus|Earth Power|p1a: Lunala\n|-damage|p1a: Lunala|72/100\n|\n|-heal|p1a: Lunala|79/100|[from] item: Leftovers\n|upkeep\n|\n|t:|1772252103\n|switch|p2a: Tornadus|Tornadus, L50, M|100/100\n|turn|4\n|\n|t:|1772252126\n|move|p1b: Urshifu|Detect|p1b: Urshifu\n|-singleturn|p1b: Urshifu|Protect\n|move|p2a: Tornadus|Tailwind|p2a: Tornadus\n|-sidestart|p2: ScribbleScribble|move: Tailwind\n|move|p2b: Landorus|Sandsear Storm|p1a: Lunala|[spread] p1a\n|-activate|p1b: Urshifu|move: Protect\n|-damage|p1a: Lunala|31/100\n|move|p1a: Lunala|Moongeist Beam|p2b: Landorus\n|-damage|p2b: Landorus|0 fnt\n|faint|p2b: Landorus\n|\n|-heal|p1a: Lunala|37/100|[from] item: Leftovers\n|upkeep\n|\n|t:|1772252146\n|switch|p2b: Calyrex|Calyrex-Ice, L50|100/100\n|-ability|p2b: Calyrex|As One\n|-ability|p2b: Calyrex|Unnerve\n|turn|5\n|\n|t:|1772252154\n|move|p1a: Lunala|Protect|p1a: Lunala\n|-singleturn|p1a: Lunala|Protect\n|move|p2a: Tornadus|Bleakwind Storm|p1a: Lunala|[spread] \n|-activate|p1a: Lunala|move: Protect\n|-miss|p2a: Tornadus|p1b: Urshifu\n|move|p2b: Calyrex|Seed Bomb|p1b: Urshifu\n|-supereffective|p1b: Urshifu\n|-damage|p1b: Urshifu|40/100\n|move|p1b: Urshifu|Surging Strikes|p2a: Tornadus\n|-crit|p2a: Tornadus\n|-damage|p2a: Tornadus|46/100\n|-crit|p2a: Tornadus\n|-damage|p2a: Tornadus|0 fnt\n|faint|p2a: Tornadus\n|-hitcount|p2: Tornadus|2\n|\n|-heal|p1a: Lunala|43/100|[from] item: Leftovers\n|upkeep\n|turn|6\n|\n|t:|1772252175\n|move|p1b: Urshifu|Detect|p1b: Urshifu\n|-singleturn|p1b: Urshifu|Protect\n|move|p2b: Calyrex|Glacial Lance|p1a: Lunala|[spread] p1a\n|-activate|p1b: Urshifu|move: Protect\n|-damage|p1a: Lunala|0 fnt\n|faint|p1a: Lunala\n|-ability|p2b: Calyrex|Chilling Neigh|boost\n|-boost|p2b: Calyrex|atk|1\n|\n|-fieldend|move: Psychic Terrain\n|upkeep\n|\n|t:|1772252181\n|switch|p1a: Zamazenta|Zamazenta-Crowned, L50|100/100\n|turn|7\n|\n|t:|1772252198\n|move|p1b: Urshifu|Aqua Jet|p2b: Calyrex\n|-damage|p2b: Calyrex|75/100\n|move|p2b: Calyrex|Glacial Lance|p1a: Zamazenta|[spread] p1a,p1b\n|-resisted|p1a: Zamazenta\n|-resisted|p1b: Urshifu\n|-damage|p1a: Zamazenta|77/100\n|-damage|p1b: Urshifu|0 fnt\n|faint|p1b: Urshifu\n|-ability|p2b: Calyrex|Chilling Neigh|boost\n|-boost|p2b: Calyrex|atk|1\n|move|p1a: Zamazenta|Body Press|p2b: Calyrex\n|-damage|p2b: Calyrex|41/100\n|\n|-sideend|p2: ScribbleScribble|move: Tailwind\n|upkeep\n|turn|8\n|\n|t:|1772252208\n|move|p1a: Zamazenta|Body Press|p2b: Calyrex\n|-damage|p2b: Calyrex|7/100\n|move|p2b: Calyrex|Glacial Lance|p1a: Zamazenta\n|-resisted|p1a: Zamazenta\n|-crit|p1a: Zamazenta\n|-damage|p1a: Zamazenta|12/100\n|\n|upkeep\n|turn|9\n|\n|t:|1772252213\n|move|p1a: Zamazenta|Body Press|p2b: Calyrex\n|-damage|p2b: Calyrex|0 fnt\n|faint|p2b: Calyrex\n|\n|win|lalo's pollos\n|raw|lalo&apos;s pollos's rating: 1511 &rarr; <strong>1534</strong><br />(+23 for winning)\n|raw|ScribbleScribble's rating: 1557 &rarr; <strong>1534</strong><br />(-23 for losing)\n|l|\u2606ScribbleScribble\n|player|p2|\n","uploadtime":1772252361,"views":24,"formatid":"gen9vgc2026regi","rating":1534,"private":0,"password":null}