{"id":"gen9vgc2026regi-2548727085","format":"[Gen 9] VGC 2026 Reg I","players":["malacara-vgc","yubanmeiqin"],"log":"|j|\u2606malacara-vgc\n|j|\u2606yubanmeiqin\n|t:|1772248074\n|gametype|doubles\n|player|p1|malacara-vgc|266|1291\n|player|p2|yubanmeiqin|iono-masters|1425\n|gen|9\n|tier|[Gen 9] VGC 2026 Reg I\n|rated|\n|rule|Species Clause: Limit one of each Pok\u00e9mon\n|rule|Item Clause: Limit 1 of each item\n|clearpoke\n|poke|p1|Indeedee-F, L50, F|\n|poke|p1|Calyrex-Shadow, L50|\n|poke|p1|Urshifu-*, L50, M|\n|poke|p1|Ursaluna-Bloodmoon, L50, M|\n|poke|p1|Kyogre, L50|\n|poke|p1|Rillaboom, L50, F|\n|poke|p2|Kyogre, L50|\n|poke|p2|Zamazenta-*, L50|\n|poke|p2|Dragonite, L50, F|\n|poke|p2|Rillaboom, L50, M|\n|poke|p2|Amoonguss, L50, F|\n|poke|p2|Chien-Pao, L50|\n|teampreview|4\n|\n|t:|1772248103\n|teamsize|p1|4\n|teamsize|p2|4\n|start\n|switch|p1a: Urshifu|Urshifu-Rapid-Strike, L50, M|100/100\n|switch|p1b: Calyrex|Calyrex-Shadow, L50|100/100\n|switch|p2a: Zamazenta|Zamazenta-Crowned, L50, shiny|100/100\n|switch|p2b: Chien-Pao|Chien-Pao, L50|100/100\n|-ability|p1b: Calyrex|As One\n|-ability|p1b: Calyrex|Unnerve\n|-ability|p2b: Chien-Pao|Sword of Ruin\n|-ability|p2a: Zamazenta|Dauntless Shield|boost\n|-boost|p2a: Zamazenta|def|1\n|turn|1\n|inactive|Battle timer is ON: inactive players will automatically lose when time's up. (requested by malacara-vgc)\n|\n|t:|1772248119\n|switch|p2b: Amoonguss|Amoonguss, L50, F|100/100\n|move|p1b: Calyrex|Protect|p1b: Calyrex\n|-singleturn|p1b: Calyrex|Protect\n|move|p1a: Urshifu|Surging Strikes|p2b: Amoonguss\n|-resisted|p2b: Amoonguss\n|-crit|p2b: Amoonguss\n|-damage|p2b: Amoonguss|92/100\n|-damage|p1a: Urshifu|84/100|[from] item: Rocky Helmet|[of] p2b: Amoonguss\n|-resisted|p2b: Amoonguss\n|-crit|p2b: Amoonguss\n|-damage|p2b: Amoonguss|84/100\n|-damage|p1a: Urshifu|68/100|[from] item: Rocky Helmet|[of] p2b: Amoonguss\n|-resisted|p2b: Amoonguss\n|-crit|p2b: Amoonguss\n|-damage|p2b: Amoonguss|75/100\n|-damage|p1a: Urshifu|51/100|[from] item: Rocky Helmet|[of] p2b: Amoonguss\n|-hitcount|p2b: Amoonguss|3\n|move|p2a: Zamazenta|Heavy Slam|p1b: Calyrex\n|-activate|p1b: Calyrex|move: Protect\n|\n|upkeep\n|turn|2\n|\n|t:|1772248135\n|switch|p1a: Rillaboom|Rillaboom, L50, F|100/100\n|-fieldstart|move: Grassy Terrain|[from] ability: Grassy Surge|[of] p1a: Rillaboom\n|move|p2b: Amoonguss|Protect|p2b: Amoonguss\n|-singleturn|p2b: Amoonguss|Protect\n|move|p1b: Calyrex|Psychic|p2b: Amoonguss\n|-activate|p2b: Amoonguss|move: Protect\n|move|p2a: Zamazenta|Heavy Slam|p1b: Calyrex\n|-damage|p1b: Calyrex|46/100\n|\n|-heal|p1b: Calyrex|52/100|[from] Grassy Terrain\n|-heal|p2b: Amoonguss|81/100|[from] Grassy Terrain\n|upkeep\n|turn|3\n|\n|t:|1772248154\n|-terastallize|p1b: Calyrex|Ghost\n|move|p1a: Rillaboom|Fake Out|p2a: Zamazenta\n|-resisted|p2a: Zamazenta\n|-damage|p2a: Zamazenta|97/100\n|move|p1b: Calyrex|Astral Barrage|p2a: Zamazenta|[spread] p2a,p2b\n|-damage|p2a: Zamazenta|44/100\n|-damage|p2b: Amoonguss|5/100\n|cant|p2a: Zamazenta|flinch\n|move|p2b: Amoonguss|Sludge Bomb|p1a: Rillaboom\n|-supereffective|p1a: Rillaboom\n|-damage|p1a: Rillaboom|37/100\n|\n|-heal|p1b: Calyrex|58/100|[from] Grassy Terrain\n|-heal|p2a: Zamazenta|50/100|[from] Grassy Terrain\n|-heal|p1a: Rillaboom|43/100|[from] Grassy Terrain\n|-heal|p2b: Amoonguss|11/100|[from] Grassy Terrain\n|upkeep\n|turn|4\n|inactive|yubanmeiqin has 30 seconds left.\n|\n|t:|1772248184\n|move|p2b: Amoonguss|Rage Powder|p2b: Amoonguss\n|-singleturn|p2b: Amoonguss|move: Rage Powder\n|move|p1b: Calyrex|Psychic|p2b: Amoonguss\n|-supereffective|p2b: Amoonguss\n|-damage|p2b: Amoonguss|0 fnt\n|faint|p2b: Amoonguss\n|-ability|p1b: Calyrex|Grim Neigh|boost\n|-boost|p1b: Calyrex|spa|1\n|move|p2a: Zamazenta|Heavy Slam|p1b: Calyrex\n|-damage|p1b: Calyrex|0 fnt\n|faint|p1b: Calyrex\n|move|p1a: Rillaboom|Wood Hammer|p2a: Zamazenta\n|-resisted|p2a: Zamazenta\n|-damage|p2a: Zamazenta|35/100\n|-damage|p1a: Rillaboom|38/100|[from] Recoil\n|\n|-heal|p2a: Zamazenta|41/100|[from] Grassy Terrain\n|-heal|p1a: Rillaboom|43/100|[from] Grassy Terrain\n|upkeep\n|\n|t:|1772248198\n|switch|p1b: Urshifu|Urshifu-Rapid-Strike, L50, M|51/100\n|switch|p2b: Rillaboom|Rillaboom, L50, M|100/100\n|turn|5\n|\n|t:|1772248208\n|switch|p1a: Indeedee|Indeedee-F, L50, F|100/100\n|-fieldstart|move: Psychic Terrain|[from] ability: Psychic Surge|[of] p1a: Indeedee\n|-enditem|p1a: Indeedee|Psychic Seed\n|-boost|p1a: Indeedee|spd|1|[from] item: Psychic Seed\n|-terastallize|p2a: Zamazenta|Grass\n|move|p1b: Urshifu|Close Combat|p2b: Rillaboom\n|-damage|p2b: Rillaboom|32/100\n|-unboost|p1b: Urshifu|def|1\n|-unboost|p1b: Urshifu|spd|1\n|move|p2a: Zamazenta|Body Press|p1a: Indeedee\n|-damage|p1a: Indeedee|34/100\n|move|p2b: Rillaboom|Grassy Glide|p1b: Urshifu\n|-supereffective|p1b: Urshifu\n|-damage|p1b: Urshifu|0 fnt\n|faint|p1b: Urshifu\n|\n|upkeep\n|\n|t:|1772248211\n|switch|p1b: Rillaboom|Rillaboom, L50, F|43/100\n|-fieldstart|move: Grassy Terrain|[from] ability: Grassy Surge|[of] p1b: Rillaboom\n|turn|6\n|-message|malacara-vgc forfeited.\n|\n|win|yubanmeiqin\n|raw|malacara-vgc's rating: 1291 &rarr; <strong>1275</strong><br />(-16 for losing)\n|raw|yubanmeiqin's rating: 1425 &rarr; <strong>1438</strong><br />(+13 for winning)\n","uploadtime":1772248223,"views":11,"formatid":"gen9vgc2026regi","rating":1275,"private":0,"password":null}