{"id":"gen9vgc2026regi-2515268964","format":"[Gen 9] VGC 2026 Reg I","players":["Aylawayla","dasabe\u76d6\u6b27\u5361\u4fa0"],"log":"|j|\u2606Aylawayla\n|j|\u2606dasabe\u76d6\u6b27\u5361\u4fa0\n|t:|1767974470\n|gametype|doubles\n|player|p1|Aylawayla|266|1314\n|player|p2|dasabe\u76d6\u6b27\u5361\u4fa0|may-masters4|1386\n|gen|9\n|tier|[Gen 9] VGC 2026 Reg I\n|rated|\n|rule|Species Clause: Limit one of each Pok\u00e9mon\n|rule|Item Clause: Limit 1 of each item\n|clearpoke\n|poke|p1|Calyrex-Ice, L50|\n|poke|p1|Terapagos, L50, M|\n|poke|p1|Annihilape, L50, F|\n|poke|p1|Smeargle, L50, M|\n|poke|p1|Farigiraf, L50, M|\n|poke|p1|Rillaboom, L50, F|\n|poke|p2|Calyrex-Shadow, L50|\n|poke|p2|Koraidon, L50|\n|poke|p2|Chi-Yu, L50|\n|poke|p2|Tornadus, L50, M|\n|poke|p2|Indeedee-F, L50, F|\n|poke|p2|Smeargle, L50, M|\n|teampreview|4\n|\n|t:|1767974508\n|teamsize|p1|4\n|teamsize|p2|4\n|start\n|switch|p1a: Smeargle|Smeargle, L50, M|100/100\n|switch|p1b: Terapagos|Terapagos, L50, M|100/100\n|switch|p2a: \u4f60\u6731\u5417|Koraidon, L50, shiny|100/100\n|switch|p2b: \u5c0f\u7b14\u7ea2\u80bf|Smeargle, L50, M, shiny|100/100\n|-activate|p1b: Terapagos|ability: Tera Shift\n|detailschange|p1b: Terapagos|Terapagos-Terastal, L50, M\n|-heal|p1b: Terapagos|100/100|[silent]\n|-weather|SunnyDay|[from] ability: Orichalcum Pulse|[of] p2a: \u4f60\u6731\u5417\n|-activate|p2a: \u4f60\u6731\u5417|Orichalcum Pulse|[source]\n|turn|1\n|\n|t:|1767974527\n|switch|p1a: Farigiraf|Farigiraf, L50, M|100/100\n|-terastallize|p2a: \u4f60\u6731\u5417|Fire\n|move|p2b: \u5c0f\u7b14\u7ea2\u80bf|Fake Out||[still]\n|cant|p1a: Farigiraf|ability: Armor Tail|Fake Out|[of] p2b: \u5c0f\u7b14\u7ea2\u80bf\n|move|p2a: \u4f60\u6731\u5417|Flame Charge|p1a: Farigiraf\n|-damage|p1a: Farigiraf|31/100\n|-boost|p2a: \u4f60\u6731\u5417|spe|1\n|-damage|p2a: \u4f60\u6731\u5417|91/100|[from] item: Life Orb\n|move|p1b: Terapagos|Dazzling Gleam|p2a: \u4f60\u6731\u5417|[spread] p2a,p2b\n|-resisted|p2a: \u4f60\u6731\u5417\n|-damage|p2a: \u4f60\u6731\u5417|75/100\n|-damage|p2b: \u5c0f\u7b14\u7ea2\u80bf|35/100\n|\n|-weather|SunnyDay|[upkeep]\n|-ability|p2b: \u5c0f\u7b14\u7ea2\u80bf|Moody|boost\n|-boost|p2b: \u5c0f\u7b14\u7ea2\u80bf|def|2\n|-unboost|p2b: \u5c0f\u7b14\u7ea2\u80bf|spa|1\n|upkeep\n|turn|2\n|\n|t:|1767974551\n|switch|p1b: Smeargle|Smeargle, L50, M|100/100\n|move|p2a: \u4f60\u6731\u5417|Flame Charge|p1a: Farigiraf\n|-damage|p1a: Farigiraf|0 fnt\n|-boost|p2a: \u4f60\u6731\u5417|spe|1\n|faint|p1a: Farigiraf\n|-damage|p2a: \u4f60\u6731\u5417|65/100|[from] item: Life Orb\n|move|p2b: \u5c0f\u7b14\u7ea2\u80bf|Spore|p1b: Smeargle\n|-status|p1b: Smeargle|slp|[from] move: Spore\n|\n|-weather|SunnyDay|[upkeep]\n|-ability|p2b: \u5c0f\u7b14\u7ea2\u80bf|Moody|boost\n|-boost|p2b: \u5c0f\u7b14\u7ea2\u80bf|def|2\n|-unboost|p2b: \u5c0f\u7b14\u7ea2\u80bf|spa|1\n|-ability|p1b: Smeargle|Moody|boost\n|-boost|p1b: Smeargle|spe|2\n|-unboost|p1b: Smeargle|atk|1\n|upkeep\n|\n|t:|1767974569\n|switch|p1a: Terapagos|Terapagos-Terastal, L50, M|100/100\n|turn|3\n|\n|t:|1767974576\n|-terastallize|p1a: Terapagos|Stellar\n|detailschange|p1a: Terapagos|Terapagos-Stellar, L50, M, tera:Stellar\n|-heal|p1a: Terapagos|100/100|[silent]\n|-ability|p1a: Terapagos|Teraform Zero\n|-weather|none\n|move|p2a: \u4f60\u6731\u5417|Flame Charge|p1b: Smeargle\n|-damage|p1b: Smeargle|37/100 slp\n|-boost|p2a: \u4f60\u6731\u5417|spe|1\n|-damage|p2a: \u4f60\u6731\u5417|56/100|[from] item: Life Orb\n|cant|p1b: Smeargle|slp\n|move|p2b: \u5c0f\u7b14\u7ea2\u80bf|Spore|p1a: Terapagos\n|-status|p1a: Terapagos|slp|[from] move: Spore\n|cant|p1a: Terapagos|slp\n|\n|-ability|p1b: Smeargle|Moody|boost\n|-boost|p1b: Smeargle|def|2\n|-unboost|p1b: Smeargle|spa|1\n|-ability|p2b: \u5c0f\u7b14\u7ea2\u80bf|Moody|boost\n|-boost|p2b: \u5c0f\u7b14\u7ea2\u80bf|spd|2\n|-unboost|p2b: \u5c0f\u7b14\u7ea2\u80bf|atk|1\n|upkeep\n|turn|4\n|\n|t:|1767974602\n|move|p2b: \u5c0f\u7b14\u7ea2\u80bf|Wide Guard|p2b: \u5c0f\u7b14\u7ea2\u80bf\n|-singleturn|p2b: \u5c0f\u7b14\u7ea2\u80bf|Wide Guard\n|move|p2a: \u4f60\u6731\u5417|Flame Charge|p1b: Smeargle\n|-damage|p1b: Smeargle|6/100 slp\n|-boost|p2a: \u4f60\u6731\u5417|spe|1\n|-damage|p2a: \u4f60\u6731\u5417|46/100|[from] item: Life Orb\n|cant|p1b: Smeargle|slp\n|cant|p1a: Terapagos|slp\n|\n|-ability|p1b: Smeargle|Moody|boost\n|-boost|p1b: Smeargle|spa|2\n|-unboost|p1b: Smeargle|spe|1\n|-ability|p2b: \u5c0f\u7b14\u7ea2\u80bf|Moody|boost\n|-boost|p2b: \u5c0f\u7b14\u7ea2\u80bf|def|2\n|-unboost|p2b: \u5c0f\u7b14\u7ea2\u80bf|spd|1\n|upkeep\n|turn|5\n|\n|t:|1767974622\n|move|p2b: \u5c0f\u7b14\u7ea2\u80bf|Follow Me|p2b: \u5c0f\u7b14\u7ea2\u80bf\n|-singleturn|p2b: \u5c0f\u7b14\u7ea2\u80bf|move: Follow Me\n|move|p2a: \u4f60\u6731\u5417|Flame Charge|p1b: Smeargle\n|-damage|p1b: Smeargle|0 fnt\n|-boost|p2a: \u4f60\u6731\u5417|spe|1\n|faint|p1b: Smeargle\n|-damage|p2a: \u4f60\u6731\u5417|36/100|[from] item: Life Orb\n|-curestatus|p1a: Terapagos|slp|[msg]\n|move|p1a: Terapagos|Earth Power|p2b: \u5c0f\u7b14\u7ea2\u80bf\n|-damage|p2b: \u5c0f\u7b14\u7ea2\u80bf|0 fnt\n|faint|p2b: \u5c0f\u7b14\u7ea2\u80bf\n|\n|upkeep\n|\n|t:|1767974637\n|switch|p2b: \u50bb\u903c|Chi-Yu, L50|100/100\n|switch|p1b: Calyrex|Calyrex-Ice, L50|100/100\n|-ability|p1b: Calyrex|As One\n|-ability|p1b: Calyrex|Unnerve\n|-ability|p2b: \u50bb\u903c|Beads of Ruin\n|turn|6\n|\n|t:|1767974646\n|move|p1b: Calyrex|Protect|p1b: Calyrex\n|-singleturn|p1b: Calyrex|Protect\n|move|p2a: \u4f60\u6731\u5417|Close Combat|p1a: Terapagos\n|-supereffective|p1a: Terapagos\n|-damage|p1a: Terapagos|0 fnt\n|-unboost|p2a: \u4f60\u6731\u5417|def|1\n|-unboost|p2a: \u4f60\u6731\u5417|spd|1\n|faint|p1a: Terapagos\n|detailschange|p1: Terapagos|Terapagos, L50, M|[silent]\n|-damage|p2a: \u4f60\u6731\u5417|27/100|[from] item: Life Orb\n|move|p2b: \u50bb\u903c|Heat Wave|p1b: Calyrex\n|-activate|p1b: Calyrex|move: Protect\n|\n|upkeep\n|turn|7\n|-message|Aylawayla forfeited.\n|\n|win|dasabe\u76d6\u6b27\u5361\u4fa0\n|raw|Aylawayla's rating: 1314 &rarr; <strong>1298</strong><br />(-16 for losing)\n|raw|dasabe\u76d6\u6b27\u5361\u4fa0's rating: 1386 &rarr; <strong>1402</strong><br />(+16 for winning)\n|l|\u2606Aylawayla\n|player|p1|\n|l|\u2606dasabe\u76d6\u6b27\u5361\u4fa0\n|player|p2|\n","uploadtime":1767974858,"views":11,"formatid":"gen9vgc2026regi","rating":1298,"private":0,"password":null}