{"id":"gen9vgc2026regi-2550419969","format":"[Gen 9] VGC 2026 Reg I","players":["CHR1SPHX","NewAdi6"],"log":"|j|\u2606CHR1SPHX\n|j|\u2606NewAdi6\n|t:|1772485585\n|gametype|doubles\n|player|p1|CHR1SPHX|hilbert-wonderlauncher|1338\n|player|p2|NewAdi6|170|1420\n|gen|9\n|tier|[Gen 9] VGC 2026 Reg I\n|rated|\n|rule|Species Clause: Limit one of each Pok\u00e9mon\n|rule|Item Clause: Limit 1 of each item\n|clearpoke\n|poke|p1|Gothitelle, L50, F|\n|poke|p1|Incineroar, L50, M|\n|poke|p1|Flutter Mane, L50|\n|poke|p1|Koraidon, L50|\n|poke|p1|Amoonguss, L50, M|\n|poke|p1|Calyrex-Ice, L50|\n|poke|p2|Calyrex-Shadow, L50|\n|poke|p2|Zamazenta-*, L50|\n|poke|p2|Whimsicott, L50, F|\n|poke|p2|Chien-Pao, L50|\n|poke|p2|Raging Bolt, L50|\n|poke|p2|Urshifu-*, L50, F|\n|teampreview|4\n|inactive|Battle timer is ON: inactive players will automatically lose when time's up. (requested by CHR1SPHX)\n|\n|t:|1772485615\n|teamsize|p1|4\n|teamsize|p2|4\n|start\n|switch|p1a: Calyrex|Calyrex-Ice, L50|100/100\n|switch|p1b: Gothitelle|Gothitelle, L50, F, shiny|100/100\n|switch|p2a: Calyrex|Calyrex-Shadow, L50|100/100\n|switch|p2b: Zamazenta|Zamazenta-Crowned, L50, shiny|100/100\n|-ability|p2a: Calyrex|As One\n|-ability|p2a: Calyrex|Unnerve\n|-ability|p1a: Calyrex|As One\n|-ability|p1a: Calyrex|Unnerve\n|-ability|p2b: Zamazenta|Dauntless Shield|boost\n|-boost|p2b: Zamazenta|def|1\n|turn|1\n|\n|t:|1772485637\n|-terastallize|p2b: Zamazenta|Ghost\n|-terastallize|p1a: Calyrex|Ground\n|move|p1b: Gothitelle|Protect|p1b: Gothitelle\n|-singleturn|p1b: Gothitelle|Protect\n|move|p2a: Calyrex|Astral Barrage|p1a: Calyrex|[spread] p1a\n|-activate|p1b: Gothitelle|move: Protect\n|-damage|p1a: Calyrex|68/100\n|move|p2b: Zamazenta|Body Press|p1a: Calyrex\n|-crit|p1a: Calyrex\n|-damage|p1a: Calyrex|7/100\n|move|p1a: Calyrex|High Horsepower|p2a: Calyrex\n|-damage|p2a: Calyrex|28/100\n|\n|upkeep\n|turn|2\n|inactive|CHR1SPHX has 30 seconds left.\n|\n|t:|1772485663\n|switch|p1b: Incineroar|Incineroar, L50, M|100/100\n|-ability|p1b: Incineroar|Intimidate|boost\n|-unboost|p2a: Calyrex|atk|1\n|-unboost|p2b: Zamazenta|atk|1\n|move|p1a: Calyrex|Protect|p1a: Calyrex\n|-singleturn|p1a: Calyrex|Protect\n|move|p2a: Calyrex|Astral Barrage|p1a: Calyrex|[spread] p1b\n|-activate|p1a: Calyrex|move: Protect\n|-resisted|p1b: Incineroar\n|-damage|p1b: Incineroar|80/100\n|move|p2b: Zamazenta|Behemoth Bash|p1b: Incineroar\n|-resisted|p1b: Incineroar\n|-damage|p1b: Incineroar|67/100\n|\n|upkeep\n|turn|3\n|inactive|CHR1SPHX has 30 seconds left.\n|inactive|CHR1SPHX has 20 seconds left.\n|\n|t:|1772485699\n|switch|p1a: Koraidon|Koraidon, L50|100/100\n|-weather|SunnyDay|[from] ability: Orichalcum Pulse|[of] p1a: Koraidon\n|-activate|p1a: Koraidon|Orichalcum Pulse|[source]\n|move|p2a: Calyrex|Astral Barrage|p1b: Incineroar|[spread] p1a,p1b\n|-resisted|p1b: Incineroar\n|-damage|p1a: Koraidon|66/100\n|-damage|p1b: Incineroar|46/100\n|move|p2b: Zamazenta|Body Press|p1b: Incineroar\n|-supereffective|p1b: Incineroar\n|-damage|p1b: Incineroar|0 fnt\n|faint|p1b: Incineroar\n|\n|-weather|SunnyDay|[upkeep]\n|upkeep\n|\n|t:|1772485711\n|switch|p1b: Gothitelle|Gothitelle, L50, F, shiny|100/100\n|turn|4\n|\n|t:|1772485721\n|move|p2a: Calyrex|Psychic|p1a: Koraidon\n|-supereffective|p1a: Koraidon\n|-crit|p1a: Koraidon\n|-damage|p1a: Koraidon|0 fnt\n|faint|p1a: Koraidon\n|-ability|p2a: Calyrex|Grim Neigh|boost\n|-boost|p2a: Calyrex|spa|1\n|move|p2b: Zamazenta|Body Press|p1b: Gothitelle\n|-resisted|p1b: Gothitelle\n|-damage|p1b: Gothitelle|72/100\n|move|p1b: Gothitelle|Expanding Force|p2b: Zamazenta\n|-damage|p2b: Zamazenta|82/100\n|\n|-weather|SunnyDay|[upkeep]\n|upkeep\n|\n|t:|1772485724\n|switch|p1a: Calyrex|Calyrex-Ice, L50, tera:Ground|7/100\n|-ability|p1a: Calyrex|As One\n|-ability|p1a: Calyrex|Unnerve\n|turn|5\n|\n|t:|1772485730\n|move|p2a: Calyrex|Astral Barrage|p1b: Gothitelle|[spread] p1a,p1b\n|-supereffective|p1b: Gothitelle\n|-damage|p1a: Calyrex|0 fnt\n|-damage|p1b: Gothitelle|0 fnt\n|faint|p1a: Calyrex\n|faint|p1b: Gothitelle\n|\n|win|NewAdi6\n|raw|CHR1SPHX's rating: 1338 &rarr; <strong>1323</strong><br />(-15 for losing)\n|raw|NewAdi6's rating: 1420 &rarr; <strong>1435</strong><br />(+15 for winning)\n|l|\u2606CHR1SPHX\n|player|p1|\n|l|\u2606NewAdi6\n|player|p2|\n","uploadtime":1772485897,"views":14,"formatid":"gen9vgc2026regi","rating":1323,"private":0,"password":null}