{"id":"gen9vgc2026regi-2562745203","format":"[Gen 9] VGC 2026 Reg I","players":["INT Leite Ninho","realcomrade379"],"log":"|j|\u2606INT Leite Ninho\n|j|\u2606realcomrade379\n|t:|1773946148\n|gametype|doubles\n|player|p1|INT Leite Ninho|elaine|\n|player|p2|realcomrade379|shadowtriad|\n|gen|9\n|tier|[Gen 9] VGC 2026 Reg I\n|rated|Tournament battle\n|rule|Species Clause: Limit one of each Pok\u00e9mon\n|rule|Item Clause: Limit 1 of each item\n|raw|<div class=\"infobox\"><details class=\"readmore\" open><summary><strong>3 custom rules:</strong></summary> Open Team Sheets, Force Open Team Sheets, !Open Team Sheets</details></div>\n|clearpoke\n|poke|p1|Urshifu-*, L50, F|\n|poke|p1|Tornadus, L50, M|\n|poke|p1|Farigiraf, L50, M|\n|poke|p1|Zacian-*, L50|\n|poke|p1|Miraidon, L50|\n|poke|p1|Landorus, L50, M|\n|poke|p2|Miraidon, L50|\n|poke|p2|Calyrex-Ice, L50|\n|poke|p2|Urshifu-*, L50, F|\n|poke|p2|Incineroar, L50, F|\n|poke|p2|Landorus, L50, M|\n|poke|p2|Grimmsnarl, L50, M|\n|teampreview|4\n|showteam|p1|Urshifu-Rapid-Strike||FocusSash|UnseenFist|SurgingStrikes,CloseCombat,AquaJet,Protect|||F|||50|,,,,,Water]Tornadus||CovertCloak|Prankster|Tailwind,RainDance,BleakwindStorm,FoulPlay|||M|||50|,,,,,Dark]Farigiraf||ElectricSeed|ArmorTail|Imprison,TrickRoom,HelpingHand,PsychicNoise|||M|||50|,,,,,Grass]Zacian-Crowned||RustedSword|IntrepidSword|Protect,behemothblade,PlayRough,SacredSword||||||50|,,,,,Fighting]Miraidon||ChoiceSpecs|HadronEngine|VoltSwitch,ElectroDrift,DracoMeteor,ParabolicCharge||||||50|,,,,,Electric]Landorus||ChoiceScarf|SheerForce|SandsearStorm,EarthPower,SludgeBomb,Psychic|||M|||50|,,,,,Water\n|showteam|p2|Miraidon||ChoiceSpecs|HadronEngine|ElectroDrift,VoltSwitch,DracoMeteor,DazzlingGleam||||||50|,,,,,Fairy]Calyrex-Ice||Leftovers|AsOneGlastrier|Protect,TrickRoom,LeechSeed,GlacialLance||||||50|,,,,,Water]Urshifu-Rapid-Strike||ChoiceBand|UnseenFist|SurgingStrikes,CloseCombat,Uturn,AquaJet|||F|||50|,,,,,Ghost]Incineroar||AssaultVest|Intimidate|FlareBlitz,KnockOff,Uturn,FakeOut|||F|||50|,,,,,Grass]Landorus||LifeOrb|SheerForce|Protect,Taunt,SludgeBomb,EarthPower|||M|||50|,,,,,Poison]Grimmsnarl||LightClay|Prankster|SpiritBreak,LightScreen,Reflect,ThunderWave|||M|||50|,,,,,Ghost\n|inactive|Battle timer is ON: inactive players will automatically lose when time's up. (requested by INT Leite Ninho)\n|j| mediocreprovoker\n|j| npc na vida\n|c|\u2606INT Leite Ninho|glhf\n|c|\u2606realcomrade379|u2\n|\n|t:|1773946182\n|teamsize|p1|4\n|teamsize|p2|4\n|start\n|switch|p1a: Evento Girafonico|Farigiraf, L50, M, shiny|100/100\n|switch|p1b: Super Choque|Miraidon, L50|100/100\n|switch|p2a: Calyrex|Calyrex-Ice, L50|100/100\n|switch|p2b: Incineroar|Incineroar, L50, F|100/100\n|-ability|p2a: Calyrex|As One\n|-ability|p2a: Calyrex|Unnerve\n|-fieldstart|move: Electric Terrain|[from] ability: Hadron Engine|[of] p1b: Super Choque\n|-enditem|p1a: Evento Girafonico|Electric Seed\n|-boost|p1a: Evento Girafonico|def|1|[from] item: Electric Seed\n|-ability|p2b: Incineroar|Intimidate|boost\n|-unboost|p1a: Evento Girafonico|atk|1\n|-unboost|p1b: Super Choque|atk|1\n|turn|1\n|\n|t:|1773946207\n|switch|p2b: Miraidon|Miraidon, L50|100/100\n|-activate|p2b: Miraidon|ability: Hadron Engine\n|switch|p2a: Landorus|Landorus, L50, M|100/100\n|-terastallize|p1b: Super Choque|Electric\n|move|p1b: Super Choque|Electro Drift|p2b: Miraidon\n|-resisted|p2b: Miraidon\n|-damage|p2b: Miraidon|67/100\n|move|p1a: Evento Girafonico|Imprison|p1a: Evento Girafonico\n|-start|p1a: Evento Girafonico|move: Imprison\n|\n|upkeep\n|turn|2\n|c| npc na vida|Estrategia 0-0-11\n|inactive|realcomrade379 has 30 seconds left.\n|\n|t:|1773946233\n|switch|p1b: Bear With Me|Urshifu-Rapid-Strike, L50, F|100/100\n|move|p2b: Miraidon|Volt Switch|p1a: Evento Girafonico\n|-damage|p1a: Evento Girafonico|25/100\n|\n|t:|1773946240\n|switch|p2b: Calyrex|Calyrex-Ice, L50|100/100|[from] Volt Switch\n|-ability|p2b: Calyrex|As One\n|-ability|p2b: Calyrex|Unnerve\n|move|p2a: Landorus|Earth Power|p1b: Bear With Me\n|-enditem|p1b: Bear With Me|Focus Sash\n|-damage|p1b: Bear With Me|1/100\n|move|p1a: Evento Girafonico|Psychic Noise|p2a: Landorus\n|-damage|p2a: Landorus|72/100\n|-start|p2a: Landorus|move: Heal Block\n|\n|upkeep\n|turn|3\n|\n|t:|1773946255\n|switch|p2a: Miraidon|Miraidon, L50|67/100\n|-activate|p2a: Miraidon|ability: Hadron Engine\n|move|p1a: Evento Girafonico|Helping Hand|p1b: Bear With Me\n|-singleturn|p1b: Bear With Me|Helping Hand|[of] p1a: Evento Girafonico\n|move|p1b: Bear With Me|Surging Strikes|p2b: Calyrex\n|-crit|p2b: Calyrex\n|-damage|p2b: Calyrex|81/100\n|-crit|p2b: Calyrex\n|-damage|p2b: Calyrex|62/100\n|-crit|p2b: Calyrex\n|-damage|p2b: Calyrex|41/100\n|-hitcount|p2b: Calyrex|3\n|move|p2b: Calyrex|Glacial Lance|p1a: Evento Girafonico|[spread] p1a,p1b\n|-resisted|p1b: Bear With Me\n|-damage|p1a: Evento Girafonico|0 fnt\n|-damage|p1b: Bear With Me|0 fnt\n|faint|p1a: Evento Girafonico\n|faint|p1b: Bear With Me\n|-ability|p2b: Calyrex|Chilling Neigh|boost\n|-boost|p2b: Calyrex|atk|2\n|\n|-heal|p2b: Calyrex|47/100|[from] item: Leftovers\n|upkeep\n|\n|t:|1773946266\n|switch|p1b: Super Choque|Miraidon, L50, tera:Electric|100/100\n|switch|p1a: Dogecoin|Zacian-Crowned, L50|100/100\n|-ability|p1a: Dogecoin|Intrepid Sword|boost\n|-boost|p1a: Dogecoin|atk|1\n|-activate|p1b: Super Choque|ability: Hadron Engine\n|turn|4\n|\n|t:|1773946285\n|switch|p2a: Incineroar|Incineroar, L50, F|100/100\n|-ability|p2a: Incineroar|Intimidate|boost\n|-unboost|p1a: Dogecoin|atk|1\n|-unboost|p1b: Super Choque|atk|1\n|move|p1a: Dogecoin|Play Rough|p2a: Incineroar\n|-damage|p2a: Incineroar|52/100\n|move|p1b: Super Choque|Electro Drift|p2b: Calyrex\n|-damage|p2b: Calyrex|0 fnt\n|faint|p2b: Calyrex\n|\n|upkeep\n|\n|t:|1773946296\n|switch|p2b: Landorus|Landorus, L50, M|72/100\n|turn|5\n|\n|t:|1773946303\n|move|p2a: Incineroar|Fake Out|p1a: Dogecoin\n|-resisted|p1a: Dogecoin\n|-damage|p1a: Dogecoin|96/100\n|cant|p1a: Dogecoin|flinch\n|move|p1b: Super Choque|Electro Drift|p2a: Incineroar\n|-damage|p2a: Incineroar|0 fnt\n|faint|p2a: Incineroar\n|move|p2b: Landorus|Earth Power|p1b: Super Choque\n|-supereffective|p1b: Super Choque\n|-damage|p1b: Super Choque|0 fnt\n|faint|p1b: Super Choque\n|\n|-fieldend|move: Electric Terrain\n|upkeep\n|\n|t:|1773946322\n|switch|p2a: Miraidon|Miraidon, L50|67/100\n|-fieldstart|move: Electric Terrain|[from] ability: Hadron Engine|[of] p2a: Miraidon\n|turn|6\n|\n|t:|1773946339\n|move|p1a: Dogecoin|Protect|p1a: Dogecoin\n|-singleturn|p1a: Dogecoin|Protect\n|move|p2a: Miraidon|Electro Drift|p1a: Dogecoin\n|-activate|p1a: Dogecoin|move: Protect\n|move|p2b: Landorus|Earth Power|p1a: Dogecoin\n|-activate|p1a: Dogecoin|move: Protect\n|\n|upkeep\n|turn|7\n|\n|t:|1773946353\n|move|p1a: Dogecoin|Play Rough|p2a: Miraidon\n|-supereffective|p2a: Miraidon\n|-crit|p2a: Miraidon\n|-damage|p2a: Miraidon|0 fnt\n|faint|p2a: Miraidon\n|move|p2b: Landorus|Earth Power|p1a: Dogecoin\n|-supereffective|p1a: Dogecoin\n|-damage|p1a: Dogecoin|0 fnt\n|faint|p1a: Dogecoin\n|\n|win|realcomrade379\n|n|\u2606INT Leite Ninho|intleiteninho\n|n|\u2606realcomrade379|realcomrade379\n|n| mediocreprovoker|mediocreprovoker\n|n| npc na vida|npcnavida\n","uploadtime":1773946357,"views":18,"formatid":"gen9vgc2026regi","rating":null,"private":0,"password":null}