{"id":"gen9vgc2026regi-2582555548","format":"[Gen 9] VGC 2026 Reg I","players":["Lil Tic","Wakandius_PMSD"],"log":"|badge|p2|silver|gen9randombattle|30-9\n|uhtml|medal-msg|<div class=\"broadcast-blue\">Curious what those medals under the avatar are? PS now has Ladder Seasons! For more information, check out the <a href=\"https://www.smogon.com/forums/threads/3740067/\">thread on Smogon.</a></div>\n|j|\u2606Lil Tic\n|j|\u2606Wakandius_PMSD\n|t:|1776099106\n|gametype|doubles\n|player|p1|Lil Tic|101|1397\n|player|p2|Wakandius_PMSD|266|1502\n|gen|9\n|tier|[Gen 9] VGC 2026 Reg I\n|rated|\n|rule|Species Clause: Limit one of each Pok\u00e9mon\n|rule|Item Clause: Limit 1 of each item\n|clearpoke\n|poke|p1|Koraidon, L50|\n|poke|p1|Flutter Mane, L50|\n|poke|p1|Ho-Oh, L50|\n|poke|p1|Incineroar, L50, F|\n|poke|p1|Amoonguss, L50, M|\n|poke|p1|Ting-Lu, L50|\n|poke|p2|Calyrex-Ice, L50|\n|poke|p2|Miraidon, L50|\n|poke|p2|Ursaluna, L50, F|\n|poke|p2|Volcarona, L50, M|\n|poke|p2|Grimmsnarl, L50, M|\n|poke|p2|Iron Hands, L50|\n|teampreview|4\n|inactive|Battle timer is ON: inactive players will automatically lose when time's up. (requested by Lil Tic)\n|\n|t:|1776099136\n|teamsize|p1|4\n|teamsize|p2|4\n|start\n|switch|p1a: Ho-Oh|Ho-Oh, L50|100/100\n|switch|p1b: Incineroar|Incineroar, L50, F|100/100\n|switch|p2a: Volcarona|Volcarona, L50, M|100/100\n|switch|p2b: Miraidon|Miraidon, L50|100/100\n|-fieldstart|move: Electric Terrain|[from] ability: Hadron Engine|[of] p2b: Miraidon\n|-ability|p1b: Incineroar|Intimidate|boost\n|-unboost|p2a: Volcarona|atk|1\n|-unboost|p2b: Miraidon|atk|1\n|turn|1\n|inactive|Wakandius_PMSD has 30 seconds left.\n|\n|t:|1776099168\n|move|p1b: Incineroar|Fake Out|p2b: Miraidon\n|-damage|p2b: Miraidon|89/100\n|cant|p2b: Miraidon|flinch\n|move|p1a: Ho-Oh|Brave Bird|p2a: Volcarona\n|-supereffective|p2a: Volcarona\n|-damage|p2a: Volcarona|0 fnt\n|-damage|p1a: Ho-Oh|84/100|[from] item: Rocky Helmet|[of] p2a: Volcarona\n|faint|p2a: Volcarona\n|-damage|p1a: Ho-Oh|53/100|[from] Recoil\n|\n|upkeep\n|\n|t:|1776099184\n|switch|p2a: Iron Hands|Iron Hands, L50|100/100\n|-activate|p2a: Iron Hands|ability: Quark Drive\n|-start|p2a: Iron Hands|quarkdriveatk\n|turn|2\n|j| ido1234567890\n|\n|t:|1776099198\n|switch|p1a: Ting-Lu|Ting-Lu, L50|100/100\n|-ability|p1a: Ting-Lu|Vessel of Ruin\n|move|p2b: Miraidon|Electro Drift|p1b: Incineroar\n|-damage|p1b: Incineroar|6/100\n|move|p1b: Incineroar|Parting Shot|p2a: Iron Hands\n|-unboost|p2a: Iron Hands|atk|1\n|-unboost|p2a: Iron Hands|spa|1\n|\n|t:|1776099215\n|switch|p1b: Koraidon|Koraidon, L50|100/100|[from] Parting Shot\n|-weather|SunnyDay|[from] ability: Orichalcum Pulse|[of] p1b: Koraidon\n|-activate|p1b: Koraidon|Orichalcum Pulse|[source]\n|move|p2a: Iron Hands|Low Kick|p1a: Ting-Lu\n|-supereffective|p1a: Ting-Lu\n|-damage|p1a: Ting-Lu|41/100\n|\n|-weather|SunnyDay|[upkeep]\n|-heal|p1a: Ting-Lu|47/100|[from] item: Leftovers\n|upkeep\n|turn|3\n|inactive|Wakandius_PMSD has 30 seconds left.\n|\n|t:|1776099245\n|move|p1b: Koraidon|Collision Course|p2b: Miraidon\n|-damage|p2b: Miraidon|13/100\n|-damage|p1b: Koraidon|91/100|[from] item: Life Orb\n|move|p2b: Miraidon|Electro Drift|p1b: Koraidon\n|-resisted|p1b: Koraidon\n|-damage|p1b: Koraidon|36/100\n|move|p2a: Iron Hands|Low Kick|p1a: Ting-Lu\n|-supereffective|p1a: Ting-Lu\n|-damage|p1a: Ting-Lu|0 fnt\n|faint|p1a: Ting-Lu\n|\n|-weather|SunnyDay|[upkeep]\n|upkeep\n|\n|t:|1776099254\n|switch|p1a: Ho-Oh|Ho-Oh, L50|86/100\n|turn|4\n|\n|t:|1776099266\n|move|p1b: Koraidon|Collision Course|p2b: Miraidon\n|-damage|p2b: Miraidon|0 fnt\n|faint|p2b: Miraidon\n|-damage|p1b: Koraidon|27/100|[from] item: Life Orb\n|move|p1a: Ho-Oh|Sacred Fire|p2a: Iron Hands\n|-damage|p2a: Iron Hands|38/100\n|-status|p2a: Iron Hands|brn\n|move|p2a: Iron Hands|Wild Charge|p1a: Ho-Oh\n|-supereffective|p1a: Ho-Oh\n|-damage|p1a: Ho-Oh|30/100\n|-damage|p2a: Iron Hands|26/100 brn|[from] Recoil\n|\n|-weather|SunnyDay|[upkeep]\n|-damage|p2a: Iron Hands|20/100 brn|[from] brn\n|upkeep\n|\n|t:|1776099277\n|switch|p2b: Calyrex|Calyrex-Ice, L50|100/100\n|-ability|p2b: Calyrex|As One\n|-ability|p2b: Calyrex|Unnerve\n|turn|5\n|\n|t:|1776099287\n|-terastallize|p1b: Koraidon|Fire\n|-terastallize|p2b: Calyrex|Water\n|move|p1b: Koraidon|Flare Blitz|p2b: Calyrex\n|-resisted|p2b: Calyrex\n|-damage|p2b: Calyrex|45/100\n|-damage|p1b: Koraidon|6/100|[from] Recoil\n|-damage|p1b: Koraidon|0 fnt|[from] item: Life Orb\n|faint|p1b: Koraidon\n|move|p1a: Ho-Oh|Sacred Fire|p2b: Calyrex\n|-resisted|p2b: Calyrex\n|-damage|p2b: Calyrex|20/100\n|move|p2a: Iron Hands|Wild Charge|p1a: Ho-Oh\n|-supereffective|p1a: Ho-Oh\n|-damage|p1a: Ho-Oh|0 fnt\n|faint|p1a: Ho-Oh\n|-damage|p2a: Iron Hands|13/100 brn|[from] Recoil\n|move|p2b: Calyrex|Trick Room|p2b: Calyrex\n|-fieldstart|move: Trick Room|[of] p2b: Calyrex\n|\n|-weather|SunnyDay|[upkeep]\n|-heal|p2b: Calyrex|25/100|[from] item: Leftovers\n|-damage|p2a: Iron Hands|7/100 brn|[from] brn\n|-fieldend|move: Electric Terrain\n|-end|p2a: Iron Hands|Quark Drive\n|upkeep\n|\n|t:|1776099302\n|switch|p1b: Incineroar|Incineroar, L50, F|6/100\n|-ability|p1b: Incineroar|Intimidate|boost\n|-unboost|p2a: Iron Hands|atk|1\n|-unboost|p2b: Calyrex|atk|1\n|turn|6\n|-message|Lil Tic forfeited.\n|\n|win|Wakandius_PMSD\n|raw|Lil Tic's rating: 1397 &rarr; <strong>1383</strong><br />(-14 for losing)\n|raw|Wakandius_PMSD's rating: 1502 &rarr; <strong>1516</strong><br />(+14 for winning)\n|l|\u2606Lil Tic\n|player|p1|\n|l|\u2606Wakandius_PMSD\n|player|p2|\n","uploadtime":1776099529,"views":12,"formatid":"gen9vgc2026regi","rating":1383,"private":0,"password":null}