{"id":"gen9vgc2026regi-2582345161","format":"[Gen 9] VGC 2026 Reg I","players":["dodatid2","sunny_zong2"],"log":"|j|\u2606dodatid2\n|j|\u2606sunny_zong2\n|t:|1776085134\n|gametype|doubles\n|player|p1|dodatid2|hiker-gen4|1416\n|player|p2|sunny_zong2|102|1472\n|gen|9\n|tier|[Gen 9] VGC 2026 Reg I\n|rated|\n|rule|Species Clause: Limit one of each Pok\u00e9mon\n|rule|Item Clause: Limit 1 of each item\n|clearpoke\n|poke|p1|Calyrex-Ice, L50|\n|poke|p1|Miraidon, L50|\n|poke|p1|Iron Leaves, L50|\n|poke|p1|Urshifu-*, L50, F|\n|poke|p1|Ceruledge, L50, M|\n|poke|p1|Farigiraf, L50, M|\n|poke|p2|Muk-Alola, L50, F|\n|poke|p2|Flamigo, L50, F|\n|poke|p2|Miraidon, L50|\n|poke|p2|Calyrex-Shadow, L50|\n|poke|p2|Indeedee, L50, M|\n|poke|p2|Smeargle, L50, M|\n|teampreview|4\n|inactive|Battle timer is ON: inactive players will automatically lose when time's up. (requested by sunny_zong2)\n|inactive|dodatid2 has 60 seconds left.\n|\n|t:|1776085169\n|teamsize|p1|4\n|teamsize|p2|4\n|start\n|switch|p1a: Calyrex|Calyrex-Ice, L50|100/100\n|switch|p1b: Miraidon|Miraidon, L50|100/100\n|switch|p2a: Smeargle|Smeargle, L50, M|100/100\n|switch|p2b: Calyrex|Calyrex-Shadow, L50|100/100\n|-ability|p2b: Calyrex|As One\n|-ability|p2b: Calyrex|Unnerve\n|-ability|p1a: Calyrex|As One\n|-ability|p1a: Calyrex|Unnerve\n|-fieldstart|move: Electric Terrain|[from] ability: Hadron Engine|[of] p1b: Miraidon\n|turn|1\n|\n|t:|1776085190\n|-terastallize|p1a: Calyrex|Water\n|move|p2a: Smeargle|Wide Guard|p2a: Smeargle\n|-singleturn|p2a: Smeargle|Wide Guard\n|move|p2b: Calyrex|Astral Barrage|p1a: Calyrex|[spread] p1a,p1b\n|-damage|p1a: Calyrex|64/100\n|-damage|p1b: Miraidon|54/100\n|move|p1b: Miraidon|Volt Switch|p2a: Smeargle\n|-enditem|p2a: Smeargle|Focus Sash\n|-damage|p2a: Smeargle|1/100\n|inactive|dodatid2 has 30 seconds left.\n|\n|t:|1776085218\n|switch|p1b: Ceruledge|Ceruledge, L50, M|100/100|[from] Volt Switch\n|move|p1a: Calyrex|Trick Room|p1a: Calyrex\n|-fieldstart|move: Trick Room|[of] p1a: Calyrex\n|\n|-ability|p2a: Smeargle|Moody|boost\n|-boost|p2a: Smeargle|spa|2\n|-unboost|p2a: Smeargle|spe|1\n|upkeep\n|turn|2\n|\n|t:|1776085229\n|switch|p2b: Muk|Muk-Alola, L50, F|100/100\n|move|p2a: Smeargle|Wide Guard|p2a: Smeargle\n|-singleturn|p2a: Smeargle|Wide Guard\n|move|p1b: Ceruledge|Shadow Sneak|p2b: Muk\n|-resisted|p2b: Muk\n|-damage|p2b: Muk|92/100\n|move|p1a: Calyrex|Glacial Lance|p2a: Smeargle|[spread] \n|-activate|p2a: Smeargle|move: Wide Guard\n|-activate|p2b: Muk|move: Wide Guard\n|\n|-heal|p2b: Muk|98/100|[from] item: Leftovers\n|-ability|p2a: Smeargle|Moody|boost\n|-boost|p2a: Smeargle|def|2\n|-unboost|p2a: Smeargle|spa|1\n|upkeep\n|turn|3\n|\n|t:|1776085247\n|move|p2a: Smeargle|Follow Me|p2a: Smeargle\n|-singleturn|p2a: Smeargle|move: Follow Me\n|move|p2b: Muk|Minimize|p2b: Muk\n|-boost|p2b: Muk|evasion|2\n|move|p1a: Calyrex|High Horsepower|p2a: Smeargle\n|-damage|p2a: Smeargle|0 fnt\n|faint|p2a: Smeargle\n|-ability|p2b: Muk|Moody|Power of Alchemy|[from] ability: Power of Alchemy|[of] p2a: Smeargle\n|-ability|p1a: Calyrex|Chilling Neigh|boost\n|-boost|p1a: Calyrex|atk|1\n|move|p1b: Ceruledge|Bitter Blade|p2b: Muk|[miss]\n|-miss|p1b: Ceruledge|p2b: Muk\n|\n|-heal|p2b: Muk|100/100|[from] item: Leftovers\n|-ability|p2b: Muk|Moody|boost\n|-boost|p2b: Muk|atk|2\n|-unboost|p2b: Muk|spa|1\n|upkeep\n|\n|t:|1776085259\n|switch|p2a: Calyrex|Calyrex-Shadow, L50|100/100\n|-ability|p2a: Calyrex|As One\n|-ability|p2a: Calyrex|Unnerve\n|turn|4\n|\n|t:|1776085278\n|-terastallize|p2b: Muk|Water\n|move|p1b: Ceruledge|Shadow Sneak|p2a: Calyrex\n|-supereffective|p2a: Calyrex\n|-damage|p2a: Calyrex|0 fnt\n|faint|p2a: Calyrex\n|move|p2b: Muk|Minimize|p2b: Muk\n|-boost|p2b: Muk|evasion|2\n|move|p1a: Calyrex|Glacial Lance|p2b: Muk\n|-resisted|p2b: Muk\n|-damage|p2b: Muk|55/100\n|\n|-heal|p2b: Muk|61/100|[from] item: Leftovers\n|-ability|p2b: Muk|Moody|boost\n|-boost|p2b: Muk|def|2\n|-unboost|p2b: Muk|spe|1\n|upkeep\n|\n|t:|1776085280\n|switch|p2a: Flamigo|Flamigo, L50, F|100/100\n|-copyboost|p2a: Flamigo|p2b: Muk|[from] ability: Costar\n|-enditem|p2a: Flamigo|White Herb\n|-clearnegativeboost|p2a: Flamigo|[silent]\n|turn|5\n|\n|t:|1776085298\n|move|p2b: Muk|Protect|p2b: Muk\n|-singleturn|p2b: Muk|Protect\n|move|p1a: Calyrex|Glacial Lance|p2a: Flamigo|[spread] \n|-activate|p2b: Muk|move: Protect\n|-miss|p1a: Calyrex|p2a: Flamigo\n|move|p1b: Ceruledge|Bitter Blade|p2a: Flamigo|[miss]\n|-miss|p1b: Ceruledge|p2a: Flamigo\n|move|p2a: Flamigo|Substitute|p2a: Flamigo\n|-start|p2a: Flamigo|Substitute\n|-damage|p2a: Flamigo|76/100\n|\n|-heal|p2b: Muk|67/100|[from] item: Leftovers\n|-fieldend|move: Trick Room\n|-fieldend|move: Electric Terrain\n|-ability|p2b: Muk|Moody|boost\n|-boost|p2b: Muk|atk|2\n|-unboost|p2b: Muk|spe|1\n|upkeep\n|turn|6\n|\n|t:|1776085320\n|move|p2a: Flamigo|Brave Bird|p1a: Calyrex\n|-damage|p1a: Calyrex|0 fnt\n|faint|p1a: Calyrex\n|-damage|p2a: Flamigo|48/100|[from] Recoil\n|move|p1b: Ceruledge|Bitter Blade|p2a: Flamigo|[miss]\n|-miss|p1b: Ceruledge|p2a: Flamigo\n|move|p2b: Muk|Poison Jab|p1b: Ceruledge\n|-resisted|p1b: Ceruledge\n|-damage|p1b: Ceruledge|53/100\n|\n|-heal|p2b: Muk|74/100|[from] item: Leftovers\n|-ability|p2b: Muk|Moody|boost\n|-boost|p2b: Muk|spe|2\n|-unboost|p2b: Muk|atk|1\n|upkeep\n|\n|t:|1776085330\n|switch|p1a: Miraidon|Miraidon, L50|54/100\n|-fieldstart|move: Electric Terrain|[from] ability: Hadron Engine|[of] p1a: Miraidon\n|turn|7\n|\n|t:|1776085334\n|move|p1a: Miraidon|Electro Drift|p2b: Muk|[miss]\n|-miss|p1a: Miraidon|p2b: Muk\n|move|p2a: Flamigo|Close Combat|p1a: Miraidon\n|-damage|p1a: Miraidon|0 fnt\n|-unboost|p2a: Flamigo|def|1\n|-unboost|p2a: Flamigo|spd|1\n|faint|p1a: Miraidon\n|move|p1b: Ceruledge|Bitter Blade|p2a: Flamigo|[miss]\n|-miss|p1b: Ceruledge|p2a: Flamigo\n|move|p2b: Muk|Poison Jab|p1b: Ceruledge\n|-resisted|p1b: Ceruledge\n|-damage|p1b: Ceruledge|13/100\n|-status|p1b: Ceruledge|psn\n|\n|-heal|p2b: Muk|80/100|[from] item: Leftovers\n|-damage|p1b: Ceruledge|1/100 psn|[from] psn\n|-ability|p2b: Muk|Moody|boost\n|-boost|p2b: Muk|spe|2\n|-unboost|p2b: Muk|spa|1\n|upkeep\n|\n|t:|1776085342\n|switch|p1a: Iron Leaves|Iron Leaves, L50|100/100\n|-activate|p1a: Iron Leaves|ability: Quark Drive\n|-start|p1a: Iron Leaves|quarkdriveatk\n|turn|8\n|\n|t:|1776085348\n|move|p2b: Muk|Protect|p2b: Muk\n|-singleturn|p2b: Muk|Protect\n|move|p2a: Flamigo|Roost|p2a: Flamigo\n|-heal|p2a: Flamigo|99/100\n|-singleturn|p2a: Flamigo|move: Roost\n|move|p1a: Iron Leaves|Leaf Blade|p2b: Muk\n|-activate|p2b: Muk|move: Protect\n|move|p1b: Ceruledge|Bitter Blade|p2a: Flamigo|[miss]\n|-miss|p1b: Ceruledge|p2a: Flamigo\n|\n|-heal|p2b: Muk|86/100|[from] item: Leftovers\n|-damage|p1b: Ceruledge|0 fnt|[from] psn\n|faint|p1b: Ceruledge\n|-ability|p2b: Muk|Moody|boost\n|-boost|p2b: Muk|spe|2\n|-unboost|p2b: Muk|atk|1\n|upkeep\n|turn|9\n|\n|t:|1776085353\n|move|p2b: Muk|Poison Jab|p1a: Iron Leaves\n|-supereffective|p1a: Iron Leaves\n|-damage|p1a: Iron Leaves|0 fnt\n|faint|p1a: Iron Leaves\n|-end|p1a: Iron Leaves|Quark Drive|[silent]\n|\n|win|sunny_zong2\n|raw|dodatid2's rating: 1416 &rarr; <strong>1399</strong><br />(-17 for losing)\n|raw|sunny_zong2's rating: 1472 &rarr; <strong>1489</strong><br />(+17 for winning)\n|l|\u2606sunny_zong2\n|player|p2|\n|l|\u2606dodatid2\n|player|p1|\n","uploadtime":1776085594,"views":14,"formatid":"gen9vgc2026regi","rating":1399,"private":0,"password":null}