{"id":"gen9vgc2026regi-2541336052","format":"[Gen 9] VGC 2026 Reg I","players":["fogdocker","Alex Soto's fan"],"log":"|j|\u2606fogdocker\n|j|\u2606Alex Soto's fan\n|t:|1771319660\n|gametype|doubles\n|player|p1|fogdocker|101|1420\n|player|p2|Alex Soto's fan|2|1438\n|gen|9\n|tier|[Gen 9] VGC 2026 Reg I\n|rated|\n|rule|Species Clause: Limit one of each Pok\u00e9mon\n|rule|Item Clause: Limit 1 of each item\n|clearpoke\n|poke|p1|Calyrex-Ice, L50|\n|poke|p1|Koraidon, L50|\n|poke|p1|Flutter Mane, L50|\n|poke|p1|Incineroar, L50, F|\n|poke|p1|Rillaboom, L50, F|\n|poke|p1|Volcarona, L50, F|\n|poke|p2|Miraidon, L50|\n|poke|p2|Lunala, L50|\n|poke|p2|Urshifu-*, L50, F|\n|poke|p2|Ursaluna, L50, M|\n|poke|p2|Incineroar, L50, M|\n|poke|p2|Whimsicott, L50, F|\n|teampreview|4\n|inactive|Battle timer is ON: inactive players will automatically lose when time's up. (requested by Alex Soto's fan)\n|\n|t:|1771319688\n|teamsize|p1|4\n|teamsize|p2|4\n|start\n|switch|p1a: Calyrex|Calyrex-Ice, L50|100/100\n|switch|p1b: Incineroar|Incineroar, L50, F|100/100\n|switch|p2a: Lunala|Lunala, L50, shiny|100/100\n|switch|p2b: Incineroar|Incineroar, L50, M, shiny|100/100\n|-ability|p1a: Calyrex|As One\n|-ability|p1a: Calyrex|Unnerve\n|-ability|p2b: Incineroar|Intimidate|boost\n|-unboost|p1a: Calyrex|atk|1\n|-unboost|p1b: Incineroar|atk|1\n|-ability|p1b: Incineroar|Intimidate|boost\n|-unboost|p2a: Lunala|atk|1\n|-unboost|p2b: Incineroar|atk|1\n|turn|1\n|\n|t:|1771319705\n|switch|p1b: Rillaboom|Rillaboom, L50, F|100/100\n|-fieldstart|move: Grassy Terrain|[from] ability: Grassy Surge|[of] p1b: Rillaboom\n|move|p2b: Incineroar|Fake Out|p1b: Rillaboom\n|-damage|p1b: Rillaboom|92/100\n|move|p2a: Lunala|Moongeist Beam|p1a: Calyrex\n|-supereffective|p1a: Calyrex\n|-damage|p1a: Calyrex|36/100\n|move|p1a: Calyrex|Leech Seed|p2a: Lunala\n|-start|p2a: Lunala|move: Leech Seed\n|\n|-heal|p1b: Rillaboom|98/100|[from] Grassy Terrain\n|-heal|p1a: Calyrex|42/100|[from] Grassy Terrain\n|-heal|p1a: Calyrex|47/100|[from] item: Leftovers\n|-damage|p2a: Lunala|88/100|[from] Leech Seed|[of] p1a: Calyrex\n|-heal|p1a: Calyrex|62/100|[silent]\n|upkeep\n|turn|2\n|inactive|fogdocker has 30 seconds left.\n|\n|t:|1771319734\n|move|p1a: Calyrex|Protect|p1a: Calyrex\n|-singleturn|p1a: Calyrex|Protect\n|move|p2a: Lunala|Moongeist Beam|p1a: Calyrex\n|-activate|p1a: Calyrex|move: Protect\n|move|p1b: Rillaboom|U-turn|p2b: Incineroar\n|-damage|p2b: Incineroar|81/100\n|\n|t:|1771319743\n|switch|p1b: Incineroar|Incineroar, L50, F|100/100|[from] U-turn\n|-ability|p1b: Incineroar|Intimidate|boost\n|-unboost|p2a: Lunala|atk|1\n|-unboost|p2b: Incineroar|atk|1\n|move|p2b: Incineroar|U-turn|p1a: Calyrex\n|-activate|p1a: Calyrex|move: Protect\n|\n|-heal|p2a: Lunala|94/100|[from] Grassy Terrain\n|-heal|p2b: Incineroar|87/100|[from] Grassy Terrain\n|-heal|p1a: Calyrex|68/100|[from] Grassy Terrain\n|-heal|p1a: Calyrex|73/100|[from] item: Leftovers\n|-damage|p2a: Lunala|82/100|[from] Leech Seed|[of] p1a: Calyrex\n|-heal|p1a: Calyrex|88/100|[silent]\n|upkeep\n|turn|3\n|\n|t:|1771319760\n|move|p2a: Lunala|Moongeist Beam|p1a: Calyrex\n|-supereffective|p1a: Calyrex\n|-damage|p1a: Calyrex|20/100\n|move|p2b: Incineroar|U-turn|p1a: Calyrex\n|-supereffective|p1a: Calyrex\n|-damage|p1a: Calyrex|9/100\n|\n|t:|1771319767\n|switch|p2b: Miraidon|Miraidon, L50, shiny|100/100|[from] U-turn\n|-fieldstart|move: Electric Terrain|[from] ability: Hadron Engine|[of] p2b: Miraidon\n|-enditem|p2a: Lunala|Electric Seed\n|-boost|p2a: Lunala|def|1|[from] item: Electric Seed\n|move|p1b: Incineroar|Parting Shot|p2b: Miraidon\n|-unboost|p2b: Miraidon|atk|1\n|-unboost|p2b: Miraidon|spa|1\n|\n|t:|1771319785\n|switch|p1b: Koraidon|Koraidon, L50|100/100|[from] Parting Shot\n|-weather|SunnyDay|[from] ability: Orichalcum Pulse|[of] p1b: Koraidon\n|-activate|p1b: Koraidon|Orichalcum Pulse|[source]\n|move|p1a: Calyrex|Leech Seed|p2b: Miraidon\n|-start|p2b: Miraidon|move: Leech Seed\n|\n|-weather|SunnyDay|[upkeep]\n|-heal|p1a: Calyrex|15/100|[from] item: Leftovers\n|-damage|p2b: Miraidon|88/100|[from] Leech Seed|[of] p1a: Calyrex\n|-heal|p1a: Calyrex|25/100|[silent]\n|-damage|p2a: Lunala|70/100|[from] Leech Seed|[of] p1a: Calyrex\n|-heal|p1a: Calyrex|40/100|[silent]\n|upkeep\n|turn|4\n|\n|t:|1771319804\n|switch|p2b: Incineroar|Incineroar, L50, M, shiny|87/100\n|-ability|p2b: Incineroar|Intimidate|boost\n|-unboost|p1a: Calyrex|atk|1\n|-unboost|p1b: Koraidon|atk|1\n|switch|p1a: Rillaboom|Rillaboom, L50, F|98/100\n|-fieldstart|move: Grassy Terrain|[from] ability: Grassy Surge|[of] p1a: Rillaboom\n|move|p1b: Koraidon|Protect|p1b: Koraidon\n|-singleturn|p1b: Koraidon|Protect\n|move|p2a: Lunala|Moonblast|p1b: Koraidon\n|-activate|p1b: Koraidon|move: Protect\n|\n|-weather|SunnyDay|[upkeep]\n|-heal|p2a: Lunala|76/100|[from] Grassy Terrain\n|-heal|p1a: Rillaboom|100/100|[from] Grassy Terrain\n|-heal|p2b: Incineroar|93/100|[from] Grassy Terrain\n|-damage|p2a: Lunala|64/100|[from] Leech Seed|[of] p1a: Rillaboom\n|upkeep\n|turn|5\n|inactive|fogdocker has 30 seconds left.\n|\n|t:|1771319831\n|-terastallize|p1b: Koraidon|Fire\n|move|p1a: Rillaboom|Fake Out|p2b: Incineroar\n|-damage|p2b: Incineroar|81/100\n|cant|p2b: Incineroar|flinch\n|move|p1b: Koraidon|Flare Blitz|p2a: Lunala\n|-damage|p2a: Lunala|6/100\n|-damage|p1b: Koraidon|74/100|[from] Recoil\n|-damage|p1b: Koraidon|64/100|[from] item: Life Orb\n|move|p2a: Lunala|Moongeist Beam|p1b: Koraidon\n|-damage|p1b: Koraidon|9/100\n|\n|-weather|SunnyDay|[upkeep]\n|-heal|p1b: Koraidon|15/100|[from] Grassy Terrain\n|-heal|p2a: Lunala|12/100|[from] Grassy Terrain\n|-heal|p2b: Incineroar|87/100|[from] Grassy Terrain\n|-damage|p2a: Lunala|0 fnt|[from] Leech Seed|[of] p1a: Rillaboom\n|faint|p2a: Lunala\n|upkeep\n|\n|t:|1771319836\n|switch|p2a: Miraidon|Miraidon, L50, shiny|88/100\n|-fieldstart|move: Electric Terrain|[from] ability: Hadron Engine|[of] p2a: Miraidon\n|turn|6\n|\n|t:|1771319855\n|switch|p1a: Incineroar|Incineroar, L50, F|100/100\n|-ability|p1a: Incineroar|Intimidate|boost\n|-unboost|p2a: Miraidon|atk|1\n|-unboost|p2b: Incineroar|atk|1\n|-terastallize|p2a: Miraidon|Fairy\n|move|p1b: Koraidon|Protect|p1b: Koraidon\n|-singleturn|p1b: Koraidon|Protect\n|move|p2a: Miraidon|Dazzling Gleam|p1a: Incineroar|[spread] p1a\n|-activate|p1b: Koraidon|move: Protect\n|-damage|p1a: Incineroar|46/100\n|move|p2b: Incineroar|U-turn|p1a: Incineroar\n|-damage|p1a: Incineroar|35/100\n|\n|t:|1771319869\n|switch|p2b: Ursaluna|Ursaluna, L50, M, shiny|100/100|[from] U-turn\n|\n|-weather|SunnyDay|[upkeep]\n|-status|p2b: Ursaluna|brn|[from] item: Flame Orb\n|upkeep\n|turn|7\n|inactive|fogdocker has 30 seconds left.\n|\n|t:|1771319898\n|switch|p2b: Incineroar|Incineroar, L50, M, shiny|87/100\n|-ability|p2b: Incineroar|Intimidate|boost\n|-unboost|p1a: Incineroar|atk|1\n|-unboost|p1b: Koraidon|atk|1\n|move|p1a: Incineroar|Fake Out|p2a: Miraidon\n|-crit|p2a: Miraidon\n|-damage|p2a: Miraidon|72/100\n|cant|p2a: Miraidon|flinch\n|move|p1b: Koraidon|Close Combat|p2a: Miraidon\n|-resisted|p2a: Miraidon\n|-damage|p2a: Miraidon|47/100\n|-unboost|p1b: Koraidon|def|1\n|-unboost|p1b: Koraidon|spd|1\n|-damage|p1b: Koraidon|5/100|[from] item: Life Orb\n|\n|-weather|none\n|upkeep\n|turn|8\n|\n|t:|1771319920\n|switch|p2b: Ursaluna|Ursaluna, L50, M, shiny|100/100 brn\n|switch|p1a: Rillaboom|Rillaboom, L50, F|100/100\n|-fieldstart|move: Grassy Terrain|[from] ability: Grassy Surge|[of] p1a: Rillaboom\n|move|p1b: Koraidon|Protect|p1b: Koraidon\n|-singleturn|p1b: Koraidon|Protect\n|move|p2a: Miraidon|Dazzling Gleam|p1a: Rillaboom|[spread] p1a\n|-activate|p1b: Koraidon|move: Protect\n|-damage|p1a: Rillaboom|75/100\n|\n|-heal|p2a: Miraidon|53/100|[from] Grassy Terrain\n|-heal|p1b: Koraidon|11/100|[from] Grassy Terrain\n|-heal|p1a: Rillaboom|81/100|[from] Grassy Terrain\n|-damage|p2b: Ursaluna|95/100 brn|[from] brn\n|upkeep\n|turn|9\n|\n|t:|1771319942\n|switch|p1b: Incineroar|Incineroar, L50, F|35/100\n|-ability|p1b: Incineroar|Intimidate|boost\n|-unboost|p2a: Miraidon|atk|1\n|-unboost|p2b: Ursaluna|atk|1\n|switch|p2a: Incineroar|Incineroar, L50, M, shiny|87/100\n|-ability|p2a: Incineroar|Intimidate|boost\n|-unboost|p1a: Rillaboom|atk|1\n|-unboost|p1b: Incineroar|atk|1\n|move|p2b: Ursaluna|Protect|p2b: Ursaluna\n|-singleturn|p2b: Ursaluna|Protect\n|move|p1a: Rillaboom|Wood Hammer|p2b: Ursaluna\n|-activate|p2b: Ursaluna|move: Protect\n|\n|-heal|p1a: Rillaboom|87/100|[from] Grassy Terrain\n|-heal|p2a: Incineroar|93/100|[from] Grassy Terrain\n|-heal|p1b: Incineroar|41/100|[from] Grassy Terrain\n|-heal|p2b: Ursaluna|100/100 brn|[from] Grassy Terrain\n|-damage|p2b: Ursaluna|95/100 brn|[from] brn\n|upkeep\n|turn|10\n|inactive|fogdocker has 30 seconds left.\n|\n|t:|1771319968\n|switch|p2b: Miraidon|Miraidon, L50, shiny, tera:Fairy|53/100\n|-fieldstart|move: Electric Terrain|[from] ability: Hadron Engine|[of] p2b: Miraidon\n|move|p2a: Incineroar|Fake Out|p1a: Rillaboom\n|-damage|p1a: Rillaboom|75/100\n|move|p1b: Incineroar|Fake Out|p2b: Miraidon\n|-damage|p2b: Miraidon|45/100\n|cant|p1a: Rillaboom|flinch\n|\n|upkeep\n|turn|11\n|\n|t:|1771319983\n|move|p2b: Miraidon|Dazzling Gleam|p1a: Rillaboom|[spread] p1a,p1b\n|-damage|p1a: Rillaboom|41/100\n|-damage|p1b: Incineroar|0 fnt\n|faint|p1b: Incineroar\n|move|p1a: Rillaboom|U-turn|p2b: Miraidon\n|-resisted|p2b: Miraidon\n|-damage|p2b: Miraidon|37/100\n|\n|t:|1771319990\n|switch|p1a: Calyrex|Calyrex-Ice, L50|40/100|[from] U-turn\n|-ability|p1a: Calyrex|As One\n|-ability|p1a: Calyrex|Unnerve\n|move|p2a: Incineroar|U-turn|p1a: Calyrex\n|-supereffective|p1a: Calyrex\n|-damage|p1a: Calyrex|15/100\n|\n|t:|1771319998\n|switch|p2a: Ursaluna|Ursaluna, L50, M, shiny|95/100 brn|[from] U-turn\n|\n|-heal|p1a: Calyrex|21/100|[from] item: Leftovers\n|-damage|p2a: Ursaluna|89/100 brn|[from] brn\n|upkeep\n|\n|t:|1771320002\n|switch|p1b: Koraidon|Koraidon, L50, tera:Fire|11/100\n|-weather|SunnyDay|[from] ability: Orichalcum Pulse|[of] p1b: Koraidon\n|-activate|p1b: Koraidon|Orichalcum Pulse|[source]\n|turn|12\n|inactive|fogdocker has 30 seconds left.\n|inactive|fogdocker has 20 seconds left.\n|inactive|fogdocker has 15 seconds left.\n|\n|t:|1771320047\n|switch|p2a: Incineroar|Incineroar, L50, M, shiny|93/100\n|-ability|p2a: Incineroar|Intimidate|boost\n|-unboost|p1a: Calyrex|atk|1\n|-unboost|p1b: Koraidon|atk|1\n|move|p1a: Calyrex|Protect|p1a: Calyrex\n|-singleturn|p1a: Calyrex|Protect\n|move|p2b: Miraidon|Dazzling Gleam|p1b: Koraidon|[spread] p1b\n|-activate|p1a: Calyrex|move: Protect\n|-resisted|p1b: Koraidon\n|-damage|p1b: Koraidon|0 fnt\n|faint|p1b: Koraidon\n|\n|-weather|SunnyDay|[upkeep]\n|-heal|p1a: Calyrex|27/100|[from] item: Leftovers\n|upkeep\n|\n|t:|1771320057\n|switch|p1b: Rillaboom|Rillaboom, L50, F|41/100\n|-fieldstart|move: Grassy Terrain|[from] ability: Grassy Surge|[of] p1b: Rillaboom\n|turn|13\n|\n|t:|1771320067\n|move|p2b: Miraidon|Dazzling Gleam|p1b: Rillaboom|[spread] p1a,p1b\n|-damage|p1a: Calyrex|0 fnt\n|-damage|p1b: Rillaboom|15/100\n|faint|p1a: Calyrex\n|move|p1b: Rillaboom|Wood Hammer|p2b: Miraidon\n|-damage|p2b: Miraidon|0 fnt\n|faint|p2b: Miraidon\n|-damage|p1b: Rillaboom|4/100|[from] Recoil\n|move|p2a: Incineroar|Flare Blitz|p1b: Rillaboom\n|-supereffective|p1b: Rillaboom\n|-damage|p1b: Rillaboom|0 fnt\n|faint|p1b: Rillaboom\n|-damage|p2a: Incineroar|92/100|[from] Recoil\n|\n|win|Alex Soto's fan\n|raw|fogdocker's rating: 1420 &rarr; <strong>1401</strong><br />(-19 for losing)\n|raw|Alex Soto&apos;s fan's rating: 1438 &rarr; <strong>1457</strong><br />(+19 for winning)\n|l|\u2606Alex Soto's fan\n|player|p2|\n","uploadtime":1771320338,"views":14,"formatid":"gen9vgc2026regi","rating":1401,"private":0,"password":null}