{"id":"gen9vgc2026regi-2555793945","format":"[Gen 9] VGC 2026 Reg I","players":["Kao Liang","g0dGun"],"log":"|j|\u2606Kao Liang\n|j|\u2606g0dGun\n|t:|1773137381\n|gametype|doubles\n|player|p1|Kao Liang|kieran-champion|1386\n|player|p2|g0dGun|blue|1501\n|gen|9\n|tier|[Gen 9] VGC 2026 Reg I\n|rated|\n|rule|Species Clause: Limit one of each Pok\u00e9mon\n|rule|Item Clause: Limit 1 of each item\n|clearpoke\n|poke|p1|Koraidon, L50|\n|poke|p1|Lunala, L50|\n|poke|p1|Flutter Mane, L50|\n|poke|p1|Chi-Yu, L50|\n|poke|p1|Brute Bonnet, L50|\n|poke|p1|Ursaluna, L50, M|\n|poke|p2|Hitmontop, L50, M|\n|poke|p2|Terapagos, L50, M|\n|poke|p2|Calyrex-Shadow, L50|\n|poke|p2|Ogerpon-Cornerstone, L50, F|\n|poke|p2|Dragonite, L50, M|\n|poke|p2|Whimsicott, L50, F|\n|teampreview|4\n|inactive|Battle timer is ON: inactive players will automatically lose when time's up. (requested by Kao Liang)\n|inactive|g0dGun also wants the timer to be on.\n|inactive|Kao Liang has 60 seconds left.\n|\n|t:|1773137414\n|teamsize|p1|4\n|teamsize|p2|4\n|start\n|switch|p1a: Chi-Yu|Chi-Yu, L50|100/100\n|switch|p1b: Brute Bonnet|Brute Bonnet, L50|100/100\n|switch|p2a: Hitmontop|Hitmontop, L50, M|100/100\n|switch|p2b: Terapagos|Terapagos, L50, M|100/100\n|-activate|p2b: Terapagos|ability: Tera Shift\n|detailschange|p2b: Terapagos|Terapagos-Terastal, L50, M\n|-heal|p2b: Terapagos|100/100|[silent]\n|-ability|p1a: Chi-Yu|Beads of Ruin\n|-ability|p2a: Hitmontop|Intimidate|boost\n|-unboost|p1a: Chi-Yu|atk|1\n|-unboost|p1b: Brute Bonnet|atk|1\n|turn|1\n|\n|t:|1773137436\n|move|p2a: Hitmontop|Fake Out|p1b: Brute Bonnet\n|-damage|p1b: Brute Bonnet|94/100\n|move|p1a: Chi-Yu|Snarl|p2a: Hitmontop|[spread] p2a,p2b\n|-resisted|p2a: Hitmontop\n|-activate|p2b: Terapagos|ability: Tera Shell\n|-resisted|p2b: Terapagos\n|-damage|p2a: Hitmontop|90/100\n|-damage|p2b: Terapagos|90/100\n|-unboost|p2a: Hitmontop|spa|1\n|-unboost|p2b: Terapagos|spa|1\n|-enditem|p2a: Hitmontop|Eject Button\n|\n|t:|1773137446\n|switch|p2a: Whimsicott|Whimsicott, L50, F|100/100\n|move|p2b: Terapagos|Tera Starstorm|p1b: Brute Bonnet\n|-damage|p1b: Brute Bonnet|56/100\n|cant|p1b: Brute Bonnet|flinch\n|\n|upkeep\n|turn|2\n|\n|t:|1773137459\n|move|p1a: Chi-Yu|Snarl|p2b: Terapagos|[spread] p2a,p2b\n|-resisted|p2a: Whimsicott\n|-crit|p2a: Whimsicott\n|-damage|p2a: Whimsicott|70/100\n|-damage|p2b: Terapagos|68/100\n|-unboost|p2b: Terapagos|spa|1\n|move|p2a: Whimsicott|Moonblast|p1b: Brute Bonnet\n|-supereffective|p1b: Brute Bonnet\n|-damage|p1b: Brute Bonnet|0 fnt\n|faint|p1b: Brute Bonnet\n|-end|p1b: Brute Bonnet|Protosynthesis|[silent]\n|move|p2b: Terapagos|Tera Starstorm|p1a: Chi-Yu\n|-damage|p1a: Chi-Yu|68/100\n|\n|upkeep\n|\n|t:|1773137471\n|switch|p1b: Koraidon|Koraidon, L50|100/100\n|-weather|SunnyDay|[from] ability: Orichalcum Pulse|[of] p1b: Koraidon\n|-activate|p1b: Koraidon|Orichalcum Pulse|[source]\n|turn|3\n|\n|t:|1773137481\n|switch|p2b: Hitmontop|Hitmontop, L50, M|90/100\n|-ability|p2b: Hitmontop|Intimidate|boost\n|-unboost|p1a: Chi-Yu|atk|1\n|-unboost|p1b: Koraidon|atk|1\n|move|p2a: Whimsicott|Protect|p2a: Whimsicott\n|-singleturn|p2a: Whimsicott|Protect\n|move|p1a: Chi-Yu|Snarl|p2a: Whimsicott|[spread] p2b\n|-activate|p2a: Whimsicott|move: Protect\n|-resisted|p2b: Hitmontop\n|-damage|p2b: Hitmontop|79/100\n|-unboost|p2b: Hitmontop|spa|1\n|move|p1b: Koraidon|Flame Charge|p2a: Whimsicott\n|-activate|p2a: Whimsicott|move: Protect\n|\n|-weather|SunnyDay|[upkeep]\n|upkeep\n|turn|4\n|\n|t:|1773137502\n|switch|p1b: Flutter Mane|Flutter Mane, L50|100/100\n|-activate|p1b: Flutter Mane|ability: Protosynthesis\n|-start|p1b: Flutter Mane|protosynthesisspe\n|move|p2b: Hitmontop|Fake Out|p1b: Flutter Mane\n|-immune|p1b: Flutter Mane\n|move|p2a: Whimsicott|Tailwind|p2a: Whimsicott\n|-sidestart|p2: g0dGun|move: Tailwind\n|move|p1a: Chi-Yu|Snarl|p2b: Hitmontop|[spread] p2a,p2b\n|-resisted|p2a: Whimsicott\n|-resisted|p2b: Hitmontop\n|-damage|p2a: Whimsicott|50/100\n|-damage|p2b: Hitmontop|68/100\n|-unboost|p2b: Hitmontop|spa|1\n|\n|-weather|SunnyDay|[upkeep]\n|upkeep\n|turn|5\n|\n|t:|1773137520\n|switch|p1a: Koraidon|Koraidon, L50|100/100\n|-activate|p1a: Koraidon|ability: Orichalcum Pulse\n|move|p2a: Whimsicott|Moonblast|p1b: Flutter Mane\n|-damage|p1b: Flutter Mane|71/100\n|-unboost|p1b: Flutter Mane|spa|1\n|move|p1b: Flutter Mane|Moonblast|p2b: Hitmontop\n|-supereffective|p2b: Hitmontop\n|-damage|p2b: Hitmontop|13/100\n|move|p2b: Hitmontop|Brick Break|p1a: Koraidon\n|-damage|p1a: Koraidon|78/100\n|\n|-weather|SunnyDay|[upkeep]\n|upkeep\n|turn|6\n|inactive|g0dGun has 30 seconds left.\n|\n|t:|1773137547\n|-end|p1b: Flutter Mane|Protosynthesis|[silent]\n|switch|p1b: Chi-Yu|Chi-Yu, L50|68/100\n|-ability|p1b: Chi-Yu|Beads of Ruin\n|switch|p2b: Terapagos|Terapagos-Terastal, L50, M|68/100\n|-terastallize|p1a: Koraidon|Fire\n|move|p2a: Whimsicott|Protect|p2a: Whimsicott\n|-singleturn|p2a: Whimsicott|Protect\n|move|p1a: Koraidon|Flame Charge|p2b: Terapagos\n|-damage|p2b: Terapagos|0 fnt\n|-boost|p1a: Koraidon|spe|1\n|faint|p2b: Terapagos\n|-damage|p1a: Koraidon|68/100|[from] item: Life Orb\n|\n|-weather|SunnyDay|[upkeep]\n|upkeep\n|\n|t:|1773137566\n|switch|p2b: Calyrex|Calyrex-Shadow, L50|100/100\n|-ability|p2b: Calyrex|As One\n|-ability|p2b: Calyrex|Unnerve\n|turn|7\n|\n|t:|1773137582\n|-terastallize|p2b: Calyrex|Dark\n|move|p1a: Koraidon|Protect|p1a: Koraidon\n|-singleturn|p1a: Koraidon|Protect\n|move|p2b: Calyrex|Astral Barrage|p1a: Koraidon|[spread] p1b\n|-activate|p1a: Koraidon|move: Protect\n|-resisted|p1b: Chi-Yu\n|-damage|p1b: Chi-Yu|39/100\n|move|p2a: Whimsicott|Moonblast|p1b: Chi-Yu\n|-damage|p1b: Chi-Yu|6/100\n|move|p1b: Chi-Yu|Heat Wave|p2b: Calyrex|[spread] p2a\n|-miss|p1b: Chi-Yu|p2b: Calyrex\n|-supereffective|p2a: Whimsicott\n|-damage|p2a: Whimsicott|0 fnt\n|faint|p2a: Whimsicott\n|\n|-weather|none\n|-sideend|p2: g0dGun|move: Tailwind\n|upkeep\n|\n|t:|1773137602\n|switch|p2a: Hitmontop|Hitmontop, L50, M|13/100\n|-ability|p2a: Hitmontop|Intimidate|boost\n|-unboost|p1a: Koraidon|atk|1\n|-unboost|p1b: Chi-Yu|atk|1\n|turn|8\n|\n|t:|1773137610\n|move|p2a: Hitmontop|Fake Out|p1a: Koraidon\n|-damage|p1a: Koraidon|58/100\n|cant|p1a: Koraidon|flinch\n|move|p1b: Chi-Yu|Heat Wave|p2b: Calyrex|[spread] p2a,p2b\n|-damage|p2a: Hitmontop|0 fnt\n|-damage|p2b: Calyrex|52/100\n|faint|p2a: Hitmontop\n|move|p2b: Calyrex|Astral Barrage|p1b: Chi-Yu|[spread] p1a,p1b\n|-resisted|p1b: Chi-Yu\n|-damage|p1a: Koraidon|0 fnt\n|-damage|p1b: Chi-Yu|0 fnt\n|faint|p1a: Koraidon\n|faint|p1b: Chi-Yu\n|-ability|p2b: Calyrex|Grim Neigh|boost\n|-boost|p2b: Calyrex|spa|2\n|\n|upkeep\n|\n|t:|1773137624\n|switch|p1b: Flutter Mane|Flutter Mane, L50|71/100\n|turn|9\n|\n|t:|1773137629\n|move|p2b: Calyrex|Astral Barrage|p1b: Flutter Mane\n|-supereffective|p1b: Flutter Mane\n|-damage|p1b: Flutter Mane|0 fnt\n|faint|p1b: Flutter Mane\n|-end|p1b: Flutter Mane|Protosynthesis|[silent]\n|\n|win|g0dGun\n|raw|Kao Liang's rating: 1386 &rarr; <strong>1372</strong><br />(-14 for losing)\n|raw|g0dGun's rating: 1501 &rarr; <strong>1515</strong><br />(+14 for winning)\n|l|\u2606Kao Liang\n|player|p1|\n|l|\u2606g0dGun\n|player|p2|\n","uploadtime":1773137865,"views":22,"formatid":"gen9vgc2026regi","rating":1372,"private":0,"password":null}