{"id":"gen9vgc2026regi-2572634765","format":"[Gen 9] VGC 2026 Reg I","players":["mtbsj","Vectorpd"],"log":"|j|\u2606mtbsj\n|j|\u2606Vectorpd\n|t:|1775051109\n|gametype|doubles\n|player|p1|mtbsj|blue|1577\n|player|p2|Vectorpd|picnicker|1557\n|gen|9\n|tier|[Gen 9] VGC 2026 Reg I\n|rated|\n|rule|Species Clause: Limit one of each Pok\u00e9mon\n|rule|Item Clause: Limit 1 of each item\n|clearpoke\n|poke|p1|Hitmontop, L50, M|\n|poke|p1|Terapagos, L50, M|\n|poke|p1|Calyrex-Shadow, L50|\n|poke|p1|Ogerpon-Cornerstone, L50, F|\n|poke|p1|Whimsicott, L50, F|\n|poke|p1|Indeedee-F, L50, F|\n|poke|p2|Whimsicott, L50, M|\n|poke|p2|Miraidon, L50|\n|poke|p2|Ursaluna, L50, F|\n|poke|p2|Incineroar, L50, F|\n|poke|p2|Urshifu-*, L50, F|\n|poke|p2|Lunala, L50|\n|teampreview|4\n|inactive|Battle timer is ON: inactive players will automatically lose when time's up. (requested by mtbsj)\n|inactive|Vectorpd has 60 seconds left.\n|\n|t:|1775051141\n|teamsize|p1|4\n|teamsize|p2|4\n|start\n|switch|p1a: Hitmontop|Hitmontop, L50, M|100/100\n|switch|p1b: Terapagos|Terapagos, L50, M|100/100\n|switch|p2a: Incineroar|Incineroar, L50, F|100/100\n|switch|p2b: Lunala|Lunala, L50|100/100\n|-activate|p1b: Terapagos|ability: Tera Shift\n|detailschange|p1b: Terapagos|Terapagos-Terastal, L50, M\n|-heal|p1b: Terapagos|100/100|[silent]\n|-ability|p1a: Hitmontop|Intimidate|boost\n|-unboost|p2a: Incineroar|atk|1\n|-unboost|p2b: Lunala|atk|1\n|-ability|p2a: Incineroar|Intimidate|boost\n|-unboost|p1a: Hitmontop|atk|1\n|-unboost|p1b: Terapagos|atk|1\n|turn|1\n|\n|t:|1775051164\n|move|p1a: Hitmontop|Fake Out|p2a: Incineroar\n|-damage|p2a: Incineroar|96/100\n|move|p1b: Terapagos|Rock Polish|p1b: Terapagos\n|-boost|p1b: Terapagos|spe|2\n|cant|p2a: Incineroar|flinch\n|move|p2b: Lunala|Trick Room|p2b: Lunala\n|-fieldstart|move: Trick Room|[of] p2b: Lunala\n|\n|upkeep\n|turn|2\n|inactive|Vectorpd has 30 seconds left.\n|inactive|Vectorpd has 20 seconds left.\n|\n|t:|1775051199\n|-terastallize|p1b: Terapagos|Stellar\n|detailschange|p1b: Terapagos|Terapagos-Stellar, L50, M, tera:Stellar\n|-heal|p1b: Terapagos|100/100|[silent]\n|move|p1a: Hitmontop|Vacuum Wave|p1b: Terapagos\n|-supereffective|p1b: Terapagos\n|-damage|p1b: Terapagos|95/100\n|-enditem|p1b: Terapagos|Weakness Policy\n|-boost|p1b: Terapagos|atk|2|[from] item: Weakness Policy\n|-boost|p1b: Terapagos|spa|2|[from] item: Weakness Policy\n|move|p2a: Incineroar|U-turn|p1b: Terapagos\n|-damage|p1b: Terapagos|87/100\n|\n|t:|1775051203\n|switch|p2a: Ursaluna|Ursaluna, L50, F|100/100|[from] U-turn\n|move|p2b: Lunala|Moonblast|p1a: Hitmontop\n|-supereffective|p1a: Hitmontop\n|-damage|p1a: Hitmontop|42/100\n|-enditem|p1a: Hitmontop|Eject Button\n|\n|t:|1775051216\n|switch|p1a: Indeedee|Indeedee-F, L50, F|100/100\n|-fieldstart|move: Psychic Terrain|[from] ability: Psychic Surge|[of] p1a: Indeedee\n|move|p1b: Terapagos|Tera Starstorm|p2b: Lunala|[spread] p2a,p2b\n|-damage|p2a: Ursaluna|25/100\n|-damage|p2b: Lunala|74/100\n|\n|-status|p2a: Ursaluna|brn|[from] item: Flame Orb\n|upkeep\n|turn|3\n|\n|t:|1775051238\n|move|p1b: Terapagos|Protect|p1b: Terapagos\n|-singleturn|p1b: Terapagos|Protect\n|move|p2b: Lunala|Wide Guard|p2b: Lunala\n|-singleturn|p2b: Lunala|Wide Guard\n|move|p2a: Ursaluna|Earthquake|p1b: Terapagos|[spread] p1a\n|-activate|p2b: Lunala|move: Wide Guard\n|-activate|p1b: Terapagos|move: Protect\n|-damage|p1a: Indeedee|26/100\n|move|p1a: Indeedee|Trick Room|p1a: Indeedee\n|-fieldend|move: Trick Room\n|\n|-damage|p2a: Ursaluna|19/100 brn|[from] brn\n|upkeep\n|turn|4\n|\n|t:|1775051263\n|switch|p2a: Incineroar|Incineroar, L50, F|96/100\n|-ability|p2a: Incineroar|Intimidate|boost\n|-unboost|p1a: Indeedee|atk|1\n|-unboost|p1b: Terapagos|atk|1\n|move|p1b: Terapagos|Earth Power|p2a: Incineroar\n|-supereffective|p2a: Incineroar\n|-damage|p2a: Incineroar|0 fnt\n|faint|p2a: Incineroar\n|move|p1a: Indeedee|Shadow Ball|p2b: Lunala\n|-supereffective|p2b: Lunala\n|-damage|p2b: Lunala|30/100\n|move|p2b: Lunala|Trick Room|p2b: Lunala\n|-fieldstart|move: Trick Room|[of] p2b: Lunala\n|\n|upkeep\n|\n|t:|1775051274\n|switch|p2a: Ursaluna|Ursaluna, L50, F|19/100 brn\n|turn|5\n|\n|t:|1775051289\n|move|p1a: Indeedee|Follow Me|p1a: Indeedee\n|-singleturn|p1a: Indeedee|move: Follow Me\n|move|p2a: Ursaluna|Facade|p1a: Indeedee\n|-damage|p1a: Indeedee|0 fnt\n|faint|p1a: Indeedee\n|move|p2b: Lunala|Moonblast|p1b: Terapagos\n|-damage|p1b: Terapagos|63/100\n|move|p1b: Terapagos|Tera Starstorm|p2b: Lunala|[spread] p2a,p2b\n|-damage|p2a: Ursaluna|0 fnt\n|-damage|p2b: Lunala|0 fnt\n|faint|p2a: Ursaluna\n|faint|p2b: Lunala\n|\n|upkeep\n|-message|Vectorpd forfeited.\n|\n|win|mtbsj\n|raw|mtbsj's rating: 1577 &rarr; <strong>1596</strong><br />(+19 for winning)\n|raw|Vectorpd's rating: 1557 &rarr; <strong>1538</strong><br />(-19 for losing)\n|l|\u2606Vectorpd\n|player|p2|\n","uploadtime":1775051319,"views":24,"formatid":"gen9vgc2026regi","rating":1538,"private":0,"password":null}