{"id":"gen9vgc2026regi-2562084154","format":"[Gen 9] VGC 2026 Reg I","players":["theboyparris","Mirthinion"],"log":"|j|\u2606theboyparris\n|j|\u2606Mirthinion\n|t:|1773869521\n|gametype|doubles\n|player|p1|theboyparris|policeman|1395\n|player|p2|Mirthinion|janitor|1404\n|gen|9\n|tier|[Gen 9] VGC 2026 Reg I\n|rated|\n|rule|Species Clause: Limit one of each Pok\u00e9mon\n|rule|Item Clause: Limit 1 of each item\n|clearpoke\n|poke|p1|Calyrex-Shadow, L50|\n|poke|p1|Miraidon, L50|\n|poke|p1|Grimmsnarl, L50, M|\n|poke|p1|Iron Hands, L50|\n|poke|p1|Iron Jugulis, L50|\n|poke|p1|Heatran, L50, F|\n|poke|p2|Calyrex-Shadow, L50|\n|poke|p2|Zamazenta-*, L50|\n|poke|p2|Urshifu-*, L50, M|\n|poke|p2|Incineroar, L50, M|\n|poke|p2|Rillaboom, L50, M|\n|poke|p2|Tornadus, L50, M|\n|teampreview|4\n|inactive|Battle timer is ON: inactive players will automatically lose when time's up. (requested by Mirthinion)\n|inactive|theboyparris also wants the timer to be on.\n|inactive|Mirthinion has 60 seconds left.\nMirthinion rejected open team sheets.\n|\n|t:|1773869569\n|teamsize|p1|4\n|teamsize|p2|4\n|start\n|switch|p1a: Grimmsnarl|Grimmsnarl, L50, M, shiny|100/100\n|switch|p1b: Miraidon|Miraidon, L50|100/100\n|switch|p2a: Vangwe|Tornadus, L50, M|100/100\n|switch|p2b: Beowulf|Urshifu-Rapid-Strike, L50, M|100/100\n|-fieldstart|move: Electric Terrain|[from] ability: Hadron Engine|[of] p1b: Miraidon\n|turn|1\n|\n|t:|1773869591\n|-terastallize|p1b: Miraidon|Fairy\n|move|p2a: Vangwe|Tailwind|p2a: Vangwe\n|-sidestart|p2: Mirthinion|move: Tailwind\n|move|p1a: Grimmsnarl|Thunder Wave|p2b: Beowulf\n|-status|p2b: Beowulf|par\n|cant|p2b: Beowulf|par\n|move|p1b: Miraidon|Dazzling Gleam|p2a: Vangwe|[spread] p2a,p2b\n|-supereffective|p2b: Beowulf\n|-damage|p2a: Vangwe|42/100\n|-damage|p2b: Beowulf|0 fnt\n|faint|p2b: Beowulf\n|\n|upkeep\n|\n|t:|1773869602\n|switch|p2b: Drambor|Zamazenta-Crowned, L50|100/100\n|-ability|p2b: Drambor|Dauntless Shield|boost\n|-boost|p2b: Drambor|def|1\n|turn|2\n|\n|t:|1773869633\n|switch|p1b: Iron Jugulis|Iron Jugulis, L50|100/100\n|-activate|p1b: Iron Jugulis|ability: Quark Drive\n|-start|p1b: Iron Jugulis|quarkdrivespe\n|move|p1a: Grimmsnarl|Thunder Wave|p2b: Drambor\n|-status|p2b: Drambor|par\n|move|p2a: Vangwe|Bleakwind Storm|p1b: Iron Jugulis|[spread] p1a,p1b\n|-damage|p1a: Grimmsnarl|63/100\n|-damage|p1b: Iron Jugulis|62/100\n|move|p2b: Drambor|Behemoth Bash|p1a: Grimmsnarl\n|-supereffective|p1a: Grimmsnarl\n|-damage|p1a: Grimmsnarl|0 fnt\n|faint|p1a: Grimmsnarl\n|\n|upkeep\n|\n|t:|1773869649\n|switch|p1a: Calyrex|Calyrex-Shadow, L50|100/100\n|-ability|p1a: Calyrex|As One\n|-ability|p1a: Calyrex|Unnerve\n|-enditem|p1a: Calyrex|Electric Seed\n|-boost|p1a: Calyrex|def|1|[from] item: Electric Seed\n|turn|3\n|inactive|Mirthinion has 30 seconds left.\n|inactive|Mirthinion has 20 seconds left.\n|j| abaerwfgfe\n|inactive|Mirthinion has 15 seconds left.\n|\n|t:|1773869690\n|move|p2a: Vangwe|Taunt|p1a: Calyrex\n|-start|p1a: Calyrex|move: Taunt\n|move|p1b: Iron Jugulis|Tailwind|p1b: Iron Jugulis\n|-sidestart|p1: theboyparris|move: Tailwind\n|cant|p1a: Calyrex|move: Taunt|Nasty Plot\n|move|p2b: Drambor|Body Press|p1b: Iron Jugulis\n|-damage|p1b: Iron Jugulis|3/100\n|\n|upkeep\n|turn|4\n|\n|t:|1773869713\n|-end|p1b: Iron Jugulis|Quark Drive|[silent]\n|switch|p1b: Miraidon|Miraidon, L50, tera:Fairy|100/100\n|-activate|p1b: Miraidon|ability: Hadron Engine\n|switch|p2a: Mithrandir|Calyrex-Shadow, L50|100/100\n|-ability|p2a: Mithrandir|As One\n|-ability|p2a: Mithrandir|Unnerve\n|move|p2b: Drambor|Wide Guard|p2b: Drambor\n|-singleturn|p2b: Drambor|Wide Guard\n|move|p1a: Calyrex|Astral Barrage|p2a: Mithrandir|[spread] \n|-activate|p2a: Mithrandir|move: Wide Guard\n|-activate|p2b: Drambor|move: Wide Guard\n|\n|-sideend|p2: Mirthinion|move: Tailwind\n|upkeep\n|turn|5\n|inactive|Mirthinion has 30 seconds left.\n|inactive|Mirthinion has 20 seconds left.\n|\n|t:|1773869750\n|-terastallize|p2b: Drambor|Grass\n|move|p2a: Mithrandir|Protect|p2a: Mithrandir\n|-singleturn|p2a: Mithrandir|Protect\n|move|p1a: Calyrex|Astral Barrage|p2b: Drambor|[spread] p2b\n|-activate|p2a: Mithrandir|move: Protect\n|-damage|p2b: Drambor|63/100 par\n|move|p1b: Miraidon|Electro Drift|p2a: Mithrandir\n|-activate|p2a: Mithrandir|move: Protect\n|move|p2b: Drambor|Behemoth Bash|p1b: Miraidon\n|-supereffective|p1b: Miraidon\n|-damage|p1b: Miraidon|34/100\n|\n|-end|p1a: Calyrex|move: Taunt\n|-fieldend|move: Electric Terrain\n|upkeep\n|turn|6\n|\n|t:|1773869771\n|cant|p2b: Drambor|par\n|move|p1a: Calyrex|Astral Barrage|p2b: Drambor|[spread] p2a,p2b\n|-supereffective|p2a: Mithrandir\n|-enditem|p2a: Mithrandir|Focus Sash\n|-damage|p2a: Mithrandir|1/100\n|-damage|p2b: Drambor|28/100 par\n|move|p1b: Miraidon|Electro Drift|p2a: Mithrandir\n|-damage|p2a: Mithrandir|0 fnt\n|faint|p2a: Mithrandir\n|\n|-sideend|p1: theboyparris|move: Tailwind\n|upkeep\n|\n|t:|1773869783\n|switch|p2a: Vangwe|Tornadus, L50, M|42/100\n|turn|7\n|\n|t:|1773869793\n|move|p2a: Vangwe|Tailwind|p2a: Vangwe\n|-sidestart|p2: Mirthinion|move: Tailwind\n|move|p1a: Calyrex|Astral Barrage|p2b: Drambor|[spread] p2a,p2b\n|-damage|p2a: Vangwe|0 fnt\n|-damage|p2b: Drambor|0 fnt\n|faint|p2a: Vangwe\n|faint|p2b: Drambor\n|\n|win|theboyparris\n|raw|theboyparris's rating: 1395 &rarr; <strong>1416</strong><br />(+21 for winning)\n|raw|Mirthinion's rating: 1404 &rarr; <strong>1383</strong><br />(-21 for losing)\n|c|\u2606Mirthinion|gg\n","uploadtime":1773869805,"views":79,"formatid":"gen9vgc2026regi","rating":1383,"private":0,"password":null}