{"id":"gen9vgc2026regi-2528395973","format":"[Gen 9] VGC 2026 Reg I","players":["Pever3ll","GAPDHC"],"log":"|j|\u2606Pever3ll\n|j|\u2606GAPDHC\n|t:|1769650873\n|gametype|doubles\n|player|p1|Pever3ll|169|1316\n|player|p2|GAPDHC|ruinmaniac|1363\n|gen|9\n|tier|[Gen 9] VGC 2026 Reg I\n|rated|\n|rule|Species Clause: Limit one of each Pok\u00e9mon\n|rule|Item Clause: Limit 1 of each item\n|clearpoke\n|poke|p1|Charjabug, L50, M|\n|poke|p1|Miraidon, L50|\n|poke|p1|Iron Bundle, L50|\n|poke|p1|Calyrex-Shadow, L50|\n|poke|p1|Iron Hands, L50|\n|poke|p1|Incineroar, L50, F|\n|poke|p2|Calyrex-Shadow, L50|\n|poke|p2|Eternatus, L50|\n|poke|p2|Grimmsnarl, L50, M|\n|poke|p2|Rillaboom, L50, M|\n|poke|p2|Dondozo, L50, M|\n|poke|p2|Tatsugiri-Droopy, L50, M|\n|teampreview|4\n|\n|t:|1769650902\n|teamsize|p1|4\n|teamsize|p2|4\n|start\n|switch|p1a: Calyrex|Calyrex-Shadow, L50|100/100\n|switch|p1b: Miraidon|Miraidon, L50|100/100\n|switch|p2a: Grimmsnarl|Grimmsnarl, L50, M|100/100\n|switch|p2b: Eternatus|Eternatus, L50|100/100\n|-ability|p1a: Calyrex|As One\n|-ability|p1a: Calyrex|Unnerve\n|-fieldstart|move: Electric Terrain|[from] ability: Hadron Engine|[of] p1b: Miraidon\n|-ability|p2b: Eternatus|Pressure\n|turn|1\n|\n|t:|1769650917\n|-terastallize|p1a: Calyrex|Dark\n|move|p2a: Grimmsnarl|Light Screen|p2a: Grimmsnarl\n|-sidestart|p2: GAPDHC|move: Light Screen\n|move|p1a: Calyrex|Nasty Plot|p1a: Calyrex\n|-boost|p1a: Calyrex|spa|2\n|move|p1b: Miraidon|Electro Drift|p2a: Grimmsnarl\n|-damage|p2a: Grimmsnarl|0 fnt\n|faint|p2a: Grimmsnarl\n|move|p2b: Eternatus|Toxic|p1b: Miraidon\n|-status|p1b: Miraidon|tox\n|\n|-damage|p1b: Miraidon|94/100 tox|[from] psn\n|upkeep\n|\n|t:|1769650929\n|switch|p2a: Dondozo|Dondozo, L50, M|100/100\n|turn|2\n|\n|t:|1769650934\n|move|p1a: Calyrex|Protect|p1a: Calyrex\n|-singleturn|p1a: Calyrex|Protect\n|move|p2a: Dondozo|Protect|p2a: Dondozo\n|-singleturn|p2a: Dondozo|Protect\n|move|p1b: Miraidon|Electro Drift|p2a: Dondozo\n|-activate|p2a: Dondozo|move: Protect\n|move|p2b: Eternatus|Toxic|p1a: Calyrex\n|-activate|p1a: Calyrex|move: Protect\n|\n|-damage|p1b: Miraidon|82/100 tox|[from] psn\n|upkeep\n|turn|3\n|j| Rylozu\n|l| Rylozu\n|\n|t:|1769650945\n|switch|p2b: Tatsugiri|Tatsugiri-Droopy, L50, M|100/100\n|-activate|p2b: Tatsugiri|ability: Commander|[of] p2a: Dondozo\n|-boost|p2a: Dondozo|atk|2\n|-boost|p2a: Dondozo|spa|2\n|-boost|p2a: Dondozo|spe|2\n|-boost|p2a: Dondozo|def|2\n|-boost|p2a: Dondozo|spd|2\n|-terastallize|p2a: Dondozo|Electric\n|move|p1a: Calyrex|Pollen Puff|p2a: Dondozo\n|-damage|p2a: Dondozo|89/100\n|move|p1b: Miraidon|Electro Drift|p2a: Dondozo\n|-resisted|p2a: Dondozo\n|-damage|p2a: Dondozo|66/100\n|move|p2a: Dondozo|Earthquake|p1a: Calyrex|[spread] p1a,p1b\n|-miss|p2a: Dondozo|p2b: Tatsugiri\n|-supereffective|p1b: Miraidon\n|-crit|p1b: Miraidon\n|-damage|p1a: Calyrex|44/100\n|-damage|p1b: Miraidon|0 fnt\n|faint|p1b: Miraidon\n|\n|-heal|p2a: Dondozo|72/100|[from] item: Leftovers\n|upkeep\n|\n|t:|1769650958\n|switch|p1b: Iron Bundle|Iron Bundle, L50|100/100\n|-activate|p1b: Iron Bundle|ability: Quark Drive\n|-start|p1b: Iron Bundle|quarkdrivespe\n|turn|4\n|\n|t:|1769650971\n|move|p1a: Calyrex|Protect|p1a: Calyrex\n|-singleturn|p1a: Calyrex|Protect\n|move|p2a: Dondozo|Protect|p2a: Dondozo\n|-singleturn|p2a: Dondozo|Protect\n|move|p1b: Iron Bundle|Hydro Pump|p2a: Dondozo\n|-activate|p2a: Dondozo|move: Protect\n|\n|-heal|p2a: Dondozo|78/100|[from] item: Leftovers\n|upkeep\n|turn|5\n|\n|t:|1769650978\n|-end|p1b: Iron Bundle|Quark Drive|[silent]\n|switch|p1b: Charjabug|Charjabug, L50, M|100/100\n|move|p1a: Calyrex|Astral Barrage|p2a: Dondozo|[spread] p2a\n|-miss|p1a: Calyrex|p2b: Tatsugiri\n|-damage|p2a: Dondozo|56/100\n|move|p2a: Dondozo|Earthquake|p1a: Calyrex|[spread] p1a,p1b\n|-miss|p2a: Dondozo|p2b: Tatsugiri\n|-damage|p1a: Calyrex|0 fnt\n|-damage|p1b: Charjabug|70/100\n|faint|p1a: Calyrex\n|\n|-heal|p2a: Dondozo|62/100|[from] item: Leftovers\n|-fieldend|move: Electric Terrain\n|upkeep\n|-message|Pever3ll forfeited.\n|\n|win|GAPDHC\n|raw|Pever3ll's rating: 1316 &rarr; <strong>1299</strong><br />(-17 for losing)\n|raw|GAPDHC's rating: 1363 &rarr; <strong>1380</strong><br />(+17 for winning)\n|l|\u2606Pever3ll\n|player|p1|\n|l|\u2606GAPDHC\n|player|p2|\n","uploadtime":1769651151,"views":14,"formatid":"gen9vgc2026regi","rating":1299,"private":0,"password":null}