{"id":"gen9vgc2026regi-2540476705","format":"[Gen 9] VGC 2026 Reg I","players":["pzyxhic","Ready1"],"log":"|j|\u2606pzyxhic\n|j|\u2606Ready1\n|t:|1771206833\n|gametype|doubles\n|player|p1|pzyxhic|266|1356\n|player|p2|Ready1|riley|1258\n|gen|9\n|tier|[Gen 9] VGC 2026 Reg I\n|rated|\n|rule|Species Clause: Limit one of each Pok\u00e9mon\n|rule|Item Clause: Limit 1 of each item\n|clearpoke\n|poke|p1|Calyrex-Shadow, L50|\n|poke|p1|Chi-Yu, L50|\n|poke|p1|Whimsicott, L50, F|\n|poke|p1|Urshifu-*, L50, F|\n|poke|p1|Farigiraf, L50, F|\n|poke|p1|Kyurem-White, L50|\n|poke|p2|Rayquaza, L50|\n|poke|p2|Malamar, L50, M|\n|poke|p2|Solgaleo, L50|\n|poke|p2|Incineroar, L50, F|\n|poke|p2|Clefairy, L50, F|\n|poke|p2|Whimsicott, L50, F|\n|teampreview|4\n|inactive|Battle timer is ON: inactive players will automatically lose when time's up. (requested by Ready1)\n|inactive|pzyxhic has 60 seconds left.\n|\n|t:|1771206871\n|teamsize|p1|4\n|teamsize|p2|4\n|start\n|switch|p1a: Calyrex|Calyrex-Shadow, L50|100/100\n|switch|p1b: Whimsicott|Whimsicott, L50, F|100/100\n|switch|p2a: Incineroar|Incineroar, L50, F, shiny|100/100\n|switch|p2b: Whimsicott|Whimsicott, L50, F, shiny|100/100\n|-ability|p1a: Calyrex|As One\n|-ability|p1a: Calyrex|Unnerve\n|-ability|p2a: Incineroar|Intimidate|boost\n|-unboost|p1a: Calyrex|atk|1\n|-unboost|p1b: Whimsicott|atk|1\n|turn|1\n|inactive|pzyxhic has 30 seconds left.\n|inactive|pzyxhic has 20 seconds left.\n|\n|t:|1771206910\n|move|p2b: Whimsicott|Tailwind|p2b: Whimsicott\n|-sidestart|p2: Ready1|move: Tailwind\n|move|p1a: Calyrex|Astral Barrage|p2a: Incineroar|[spread] p2a,p2b\n|-resisted|p2a: Incineroar\n|-damage|p2a: Incineroar|70/100\n|-enditem|p2b: Whimsicott|Focus Sash\n|-damage|p2b: Whimsicott|1/100\n|move|p2a: Incineroar|Knock Off|p1a: Calyrex\n|-supereffective|p1a: Calyrex\n|-damage|p1a: Calyrex|0 fnt\n|-enditem|p1a: Calyrex|Choice Scarf|[from] move: Knock Off|[of] p2a: Incineroar\n|faint|p1a: Calyrex\n|move|p1b: Whimsicott|Moonblast|p2b: Whimsicott\n|-damage|p2b: Whimsicott|0 fnt\n|faint|p2b: Whimsicott\n|\n|upkeep\n|\n|t:|1771206933\n|switch|p1a: Kyurem|Kyurem-White, L50|100/100\n|switch|p2b: Rayquaza|Rayquaza, L50, shiny|100/100\n|-ability|p2b: Rayquaza|Air Lock\n|-ability|p1a: Kyurem|Turboblaze\n|turn|2\n|inactive|Ready1 has 30 seconds left.\n|\n|t:|1771206967\n|-terastallize|p2b: Rayquaza|Fire\n|move|p1a: Kyurem|Protect|p1a: Kyurem\n|-singleturn|p1a: Kyurem|Protect\n|move|p1b: Whimsicott|Tailwind|p1b: Whimsicott\n|-sidestart|p1: pzyxhic|move: Tailwind\n|move|p2b: Rayquaza|Overheat|p1b: Whimsicott\n|-supereffective|p1b: Whimsicott\n|-damage|p1b: Whimsicott|0 fnt\n|-unboost|p2b: Rayquaza|spa|2\n|faint|p1b: Whimsicott\n|move|p2a: Incineroar|Parting Shot|p1a: Kyurem\n|-activate|p1a: Kyurem|move: Protect\n|\n|upkeep\n|\n|t:|1771206981\n|switch|p1b: Urshifu|Urshifu-Rapid-Strike, L50, F|100/100\n|turn|3\n|\n|t:|1771207005\n|switch|p2a: Malamar|Malamar, L50, M, shiny|100/100\n|move|p2b: Rayquaza|Dragon Ascent|p1b: Urshifu\n|-supereffective|p1b: Urshifu\n|-enditem|p1b: Urshifu|Focus Sash\n|-damage|p1b: Urshifu|1/100\n|-unboost|p2b: Rayquaza|def|1\n|-unboost|p2b: Rayquaza|spd|1\n|move|p1a: Kyurem|Earth Power|p2b: Rayquaza\n|-supereffective|p2b: Rayquaza\n|-damage|p2b: Rayquaza|0 fnt\n|faint|p2b: Rayquaza\n|-damage|p1a: Kyurem|91/100|[from] item: Life Orb\n|move|p1b: Urshifu|Surging Strikes|p2a: Malamar\n|-crit|p2a: Malamar\n|-damage|p2a: Malamar|73/100\n|-crit|p2a: Malamar\n|-damage|p2a: Malamar|46/100\n|-crit|p2a: Malamar\n|-damage|p2a: Malamar|18/100\n|-hitcount|p2a: Malamar|3\n|\n|upkeep\n|\n|t:|1771207026\n|switch|p2b: Incineroar|Incineroar, L50, F, shiny|70/100\n|-ability|p2b: Incineroar|Intimidate|boost\n|-unboost|p1a: Kyurem|atk|1\n|-unboost|p1b: Urshifu|atk|1\n|turn|4\n|\n|t:|1771207044\n|move|p1b: Urshifu|Detect|p1b: Urshifu\n|-singleturn|p1b: Urshifu|Protect\n|move|p2b: Incineroar|Fake Out|p1a: Kyurem\n|-damage|p1a: Kyurem|79/100\n|move|p2a: Malamar|Superpower|p1a: Kyurem\n|-supereffective|p1a: Kyurem\n|-damage|p1a: Kyurem|15/100\n|-boost|p2a: Malamar|atk|1\n|-boost|p2a: Malamar|def|1\n|cant|p1a: Kyurem|flinch\n|\n|-sideend|p2: Ready1|move: Tailwind\n|upkeep\n|turn|5\n|\n|t:|1771207067\n|move|p1a: Kyurem|Earth Power|p2b: Incineroar\n|-supereffective|p2b: Incineroar\n|-damage|p2b: Incineroar|0 fnt\n|faint|p2b: Incineroar\n|-damage|p1a: Kyurem|5/100|[from] item: Life Orb\n|move|p1b: Urshifu|Surging Strikes|p2a: Malamar\n|-crit|p2a: Malamar\n|-damage|p2a: Malamar|0 fnt\n|faint|p2a: Malamar\n|-hitcount|p2: Malamar|1\n|\n|win|pzyxhic\n|raw|pzyxhic's rating: 1356 &rarr; <strong>1371</strong><br />(+15 for winning)\n|raw|Ready1's rating: 1258 &rarr; <strong>1240</strong><br />(-18 for losing)\n|l|\u2606Ready1\n|player|p2|\n|l|\u2606pzyxhic\n|player|p1|\n","uploadtime":1771207264,"views":31,"formatid":"gen9vgc2026regi","rating":1240,"private":0,"password":null}