{"id":"gen9vgc2026regi-2571183175","format":"[Gen 9] VGC 2026 Reg I","players":["Harry Koekenpan","Joombugg"],"log":"|j|\u2606Harry Koekenpan\n|j|\u2606Joombugg\n|t:|1774892623\n|gametype|doubles\n|player|p1|Harry Koekenpan|266|1243\n|player|p2|Joombugg|2|1173\n|gen|9\n|tier|[Gen 9] VGC 2026 Reg I\n|rated|\n|rule|Species Clause: Limit one of each Pok\u00e9mon\n|rule|Item Clause: Limit 1 of each item\n|clearpoke\n|poke|p1|Weezing-Galar, L50, F|\n|poke|p1|Dondozo, L50, M|\n|poke|p1|Tatsugiri-Droopy, L50, M|\n|poke|p1|Brute Bonnet, L50|\n|poke|p1|Calyrex-Shadow, L50|\n|poke|p1|Koraidon, L50|\n|poke|p2|Miraidon, L50|\n|poke|p2|Calyrex-Ice, L50|\n|poke|p2|Ninetales-Alola, L50, F|\n|poke|p2|Urshifu-*, L50, M|\n|poke|p2|Incineroar, L50, F|\n|poke|p2|Raging Bolt, L50|\n|teampreview|4\n|inactive|Battle timer is ON: inactive players will automatically lose when time's up. (requested by Harry Koekenpan)\n|\n|t:|1774892645\n|teamsize|p1|4\n|teamsize|p2|4\n|start\n|switch|p1a: Weezing|Weezing-Galar, L50, F|100/100\n|switch|p1b: Calyrex|Calyrex-Shadow, L50|100/100\n|switch|p2a: Incineroar|Incineroar, L50, F|100/100\n|switch|p2b: Raging Bolt|Raging Bolt, L50|100/100\n|-ability|p1a: Weezing|Neutralizing Gas\n|-ability|p1b: Calyrex|As One\n|-ability|p1b: Calyrex|Unnerve\n|turn|1\n|\n|t:|1774892667\n|switch|p1b: Brute Bonnet|Brute Bonnet, L50|100/100\n|-terastallize|p2b: Raging Bolt|Fairy\n|move|p2b: Raging Bolt|Snarl|p1b: Brute Bonnet|[spread] p1b\n|-miss|p2b: Raging Bolt|p1a: Weezing\n|-resisted|p1b: Brute Bonnet\n|-damage|p1b: Brute Bonnet|95/100\n|move|p2a: Incineroar|Knock Off|p1b: Brute Bonnet\n|-resisted|p1b: Brute Bonnet\n|-damage|p1b: Brute Bonnet|83/100\n|-enditem|p1b: Brute Bonnet|Covert Cloak|[from] move: Knock Off|[of] p2a: Incineroar\n|move|p1a: Weezing|Poison Gas|p2a: Incineroar|[spread] p2a,p2b\n|-status|p2a: Incineroar|psn\n|-status|p2b: Raging Bolt|psn\n|\n|-damage|p2b: Raging Bolt|88/100 psn|[from] psn\n|-damage|p2a: Incineroar|88/100 psn|[from] psn\n|upkeep\n|turn|2\n|inactive|Joombugg has 30 seconds left.\n|inactive|Joombugg has 20 seconds left.\n|inactive|Joombugg has 15 seconds left.\n|inactive|Joombugg has 10 seconds left.\n|inactive|Joombugg has 5 seconds left.\n|\n|t:|1774892722\n|move|p2a: Incineroar|Fake Out||[still]\n|-hint|Fake Out only works on your first turn out.\n|-fail|p2a: Incineroar\n|move|p2b: Raging Bolt|Thunderclap||[still]\n|-fail|p2b: Raging Bolt\n|move|p1a: Weezing|Toxic Spikes|p2b: Raging Bolt\n|-sidestart|p2: Joombugg|move: Toxic Spikes\n|move|p1b: Brute Bonnet|Seed Bomb|p2b: Raging Bolt\n|-damage|p2b: Raging Bolt|59/100 psn\n|\n|-damage|p2b: Raging Bolt|47/100 psn|[from] psn\n|-damage|p2a: Incineroar|76/100 psn|[from] psn\n|upkeep\n|turn|3\n|c|\u2606Harry Koekenpan|ggs\n|\n|t:|1774892741\n|move|p2b: Raging Bolt|Volt Switch|p1a: Weezing\n|-damage|p1a: Weezing|60/100\n|\n|t:|1774892745\n|-end|p2b: Raging Bolt|Protosynthesis|[silent]\n|switch|p2b: Miraidon|Miraidon, L50, shiny|100/100|[from] Volt Switch\n|-status|p2b: Miraidon|psn\n|move|p2a: Incineroar|Flare Blitz|p1b: Brute Bonnet\n|-supereffective|p1b: Brute Bonnet\n|-damage|p1b: Brute Bonnet|22/100\n|-damage|p2a: Incineroar|54/100 psn|[from] Recoil\n|move|p1a: Weezing|Toxic Spikes|p2b: Miraidon\n|-sidestart|p2: Joombugg|move: Toxic Spikes\n|move|p1b: Brute Bonnet|Seed Bomb|p2b: Miraidon\n|-resisted|p2b: Miraidon\n|-damage|p2b: Miraidon|83/100 psn\n|\n|-damage|p2b: Miraidon|70/100 psn|[from] psn\n|-damage|p2a: Incineroar|42/100 psn|[from] psn\n|upkeep\n|-enditem|p2a: Incineroar|Sitrus Berry|[eat]\n|-heal|p2a: Incineroar|66/100 psn|[from] item: Sitrus Berry\n|turn|4\n|\n|t:|1774892769\n|move|p1a: Weezing|Protect|p1a: Weezing\n|-singleturn|p1a: Weezing|Protect\n|move|p1b: Brute Bonnet|Sucker Punch|p2b: Miraidon\n|-damage|p2b: Miraidon|41/100 psn\n|move|p2b: Miraidon|Volt Switch|p1a: Weezing\n|-activate|p1a: Weezing|move: Protect\n|move|p2a: Incineroar|Flare Blitz|p1b: Brute Bonnet\n|-supereffective|p1b: Brute Bonnet\n|-damage|p1b: Brute Bonnet|0 fnt\n|faint|p1b: Brute Bonnet\n|-end|p1b: Brute Bonnet|Protosynthesis|[silent]\n|-damage|p2a: Incineroar|59/100 psn|[from] Recoil\n|\n|-damage|p2b: Miraidon|28/100 psn|[from] psn\n|-damage|p2a: Incineroar|47/100 psn|[from] psn\n|upkeep\n|\n|t:|1774892784\n|switch|p1b: Calyrex|Calyrex-Shadow, L50|100/100\n|-ability|p1b: Calyrex|As One\n|-ability|p1b: Calyrex|Unnerve\n|turn|5\n|\n|t:|1774892794\n|-terastallize|p1b: Calyrex|Normal\n|move|p1b: Calyrex|Astral Barrage|p2b: Miraidon|[spread] p2a,p2b\n|-resisted|p2a: Incineroar\n|-damage|p2a: Incineroar|18/100 psn\n|-damage|p2b: Miraidon|0 fnt\n|faint|p2b: Miraidon\n|-ability|p1b: Calyrex|Grim Neigh|boost\n|-boost|p1b: Calyrex|spa|1\n|-damage|p1b: Calyrex|91/100|[from] item: Life Orb\n|move|p1a: Weezing|Dazzling Gleam|p2a: Incineroar\n|-damage|p2a: Incineroar|0 fnt\n|faint|p2a: Incineroar\n|\n|upkeep\n|-message|Joombugg forfeited.\n|\n|win|Harry Koekenpan\n|raw|Harry Koekenpan's rating: 1243 &rarr; <strong>1263</strong><br />(+20 for winning)\n|raw|Joombugg's rating: 1173 &rarr; <strong>1153</strong><br />(-20 for losing)\n|l|\u2606Joombugg\n|player|p2|\n","uploadtime":1774892814,"views":12,"formatid":"gen9vgc2026regi","rating":1153,"private":0,"password":null}