{"id":"gen9vgc2026regi-2560620414","format":"[Gen 9] VGC 2026 Reg I","players":["mulletboy games","It'sJustKen VGC"],"log":"|j|\u2606mulletboy games\n|j|\u2606It'sJustKen VGC\n|html|<table width=\"100%\"><tr><td align=\"left\">mulletboy games</td><td align=\"right\">It&apos;sJustKen VGC</tr><tr><td align=\"left\"><i class=\"fa fa-circle-o\"></i> <i class=\"fa fa-circle-o\"></i> </td><td align=\"right\"><i class=\"fa fa-circle-o\"></i> <i class=\"fa fa-circle\"></i> </tr></table>\n|uhtml|bestof|<h2><strong>Game 2</strong> of <a href=\"/game-bestof3-gen9vgc2026regi-2560618591\">a best-of-3</a></h2>\n|t:|1773705273\n|gametype|doubles\n|player|p1|mulletboy games|wallace|\n|player|p2|It'sJustKen VGC|2|\n|gen|9\n|tier|[Gen 9] VGC 2026 Reg I\n|rated|Tournament battle\n|rule|Species Clause: Limit one of each Pok\u00e9mon\n|rule|Item Clause: Limit 1 of each item\n|raw|<div class=\"infobox\"><details class=\"readmore\" open><summary><strong>4 custom rules:</strong></summary> Open Team Sheets, Force Open Team Sheets, !Open Team Sheets, Best of = 3</details></div>\n|clearpoke\n|poke|p1|Calyrex-Shadow, L50|\n|poke|p1|Miraidon, L50|\n|poke|p1|Incineroar, L50, M|\n|poke|p1|Whimsicott, L50, F|\n|poke|p1|Urshifu-*, L50, F|\n|poke|p1|Landorus, L50, M|\n|poke|p2|Farigiraf, L50, M|\n|poke|p2|Incineroar, L50, F|\n|poke|p2|Torkoal, L50, F|\n|poke|p2|Calyrex-Shadow, L50|\n|poke|p2|Amoonguss, L50, M|\n|poke|p2|Zamazenta-*, L50|\n|teampreview|4\n|showteam|p1|Calyrex-Shadow||FocusSash|AsOneSpectrier|AstralBarrage,TeraBlast,Taunt,Protect||||||50|,,,,,Ground]Miraidon||ChoiceSpecs|HadronEngine|Discharge,DracoMeteor,ElectroDrift,VoltSwitch||||||50|,,,,,Electric]Incineroar||SitrusBerry|Intimidate|KnockOff,Taunt,FakeOut,PartingShot|||M|||50|,,,,,Ghost]Whimsicott||CovertCloak|Prankster|Moonblast,Tailwind,FakeTears,HelpingHand|||F|||50|,,,,,Dark]Urshifu-Rapid-Strike||ChoiceScarf|UnseenFist|Uturn,SurgingStrikes,CloseCombat,StoneEdge|||F|||50|,,,,,Water]Landorus||LifeOrb|SheerForce|EarthPower,SludgeBomb,Uturn,Protect|||M|||50|,,,,,Steel\n|showteam|p2|Farigiraf||ThroatSpray|ArmorTail|Protect,HyperVoice,Psychic,TrickRoom|||M|||50|,,,,,Water]Incineroar||ClearAmulet|Intimidate|FakeOut,FlareBlitz,KnockOff,CloseCombat|||F|||50|,,,,,Grass]Torkoal||ChoiceSpecs|Drought|Eruption,HeatWave,WeatherBall,EarthPower|||F|||50|,,,,,Fire]Calyrex-Shadow||FocusSash|AsOneSpectrier|Protect,AstralBarrage,Psychic,Imprison||||||50|,,,,,Ghost]Amoonguss||LifeOrb|Regenerator|SludgeBomb,GrassKnot,Spore,RagePowder|||M|||50|,,,,,Water]Zamazenta-Crowned||RustedShield|DauntlessShield|Protect,BodyPress,HeavySlam,WideGuard||||||50|,,,,,Water\n|inactive|Battle timer is ON: inactive players will automatically lose when time's up. (requested by It'sJustKen VGC)\n|inactive|mulletboy games also wants the timer to be on.\n|\n|t:|1773705285\n|teamsize|p1|4\n|teamsize|p2|4\n|start\n|switch|p1a: Miraidon|Miraidon, L50|100/100\n|switch|p1b: Incineroar|Incineroar, L50, M|100/100\n|switch|p2a: Farigiraf|Farigiraf, L50, M|100/100\n|switch|p2b: Incineroar|Incineroar, L50, F|100/100\n|-fieldstart|move: Electric Terrain|[from] ability: Hadron Engine|[of] p1a: Miraidon\n|-ability|p1b: Incineroar|Intimidate|boost\n|-unboost|p2a: Farigiraf|atk|1\n|-fail|p2b: Incineroar|unboost|[from] item: Clear Amulet|[of] p2b: Incineroar\n|-ability|p2b: Incineroar|Intimidate|boost\n|-unboost|p1a: Miraidon|atk|1\n|-unboost|p1b: Incineroar|atk|1\n|turn|1\n|inactive|It'sJustKen VGC has 30 seconds left.\n|j| Tindall64\n|inactive|It'sJustKen VGC has 20 seconds left.\n|\n|t:|1773705322\n|switch|p2b: Amoonguss|Amoonguss, L50, M|100/100\n|move|p2a: Farigiraf|Protect|p2a: Farigiraf\n|-singleturn|p2a: Farigiraf|Protect\n|move|p1a: Miraidon|Electro Drift|p2a: Farigiraf\n|-activate|p2a: Farigiraf|move: Protect\n|move|p1b: Incineroar|Taunt|p2a: Farigiraf\n|-activate|p2a: Farigiraf|move: Protect\n|\n|upkeep\n|turn|2\n|inactive|mulletboy games has 30 seconds left.\n|inactive|mulletboy games has 20 seconds left.\n|\n|t:|1773705357\n|switch|p1a: Landorus|Landorus, L50, M|100/100\n|move|p2b: Amoonguss|Rage Powder|p2b: Amoonguss\n|-singleturn|p2b: Amoonguss|move: Rage Powder\n|move|p1b: Incineroar|Parting Shot|p2b: Amoonguss\n|-unboost|p2b: Amoonguss|atk|1\n|-unboost|p2b: Amoonguss|spa|1\n|\n|t:|1773705363\n|switch|p1b: Calyrex|Calyrex-Shadow, L50|100/100|[from] Parting Shot\n|-ability|p1b: Calyrex|As One\n|-ability|p1b: Calyrex|Unnerve\n|move|p2a: Farigiraf|Trick Room|p2a: Farigiraf\n|-fieldstart|move: Trick Room|[of] p2a: Farigiraf\n|\n|upkeep\n|turn|3\n|inactive|It'sJustKen VGC has 30 seconds left.\n|\n|t:|1773705398\n|-terastallize|p1b: Calyrex|Ground\n|move|p2b: Amoonguss|Spore|p1a: Landorus\n|-status|p1a: Landorus|slp|[from] move: Spore\n|move|p2a: Farigiraf|Hyper Voice|p1a: Landorus|[spread] p1a,p1b\n|-damage|p1a: Landorus|58/100 slp\n|-damage|p1b: Calyrex|69/100\n|-enditem|p2a: Farigiraf|Throat Spray\n|-boost|p2a: Farigiraf|spa|1|[from] item: Throat Spray\n|cant|p1a: Landorus|slp\n|move|p1b: Calyrex|Tera Blast|p2a: Farigiraf|[anim] Tera Blast Ground\n|-damage|p2a: Farigiraf|52/100\n|\n|upkeep\n|turn|4\n|\n|t:|1773705421\n|move|p1b: Calyrex|Protect|p1b: Calyrex\n|-singleturn|p1b: Calyrex|Protect\n|move|p2b: Amoonguss|Grass Knot|p1b: Calyrex\n|-activate|p1b: Calyrex|move: Protect\n|move|p2a: Farigiraf|Hyper Voice|p1a: Landorus|[spread] p1a\n|-activate|p1b: Calyrex|move: Protect\n|-damage|p1a: Landorus|0 fnt\n|faint|p1a: Landorus\n|\n|upkeep\n|\n|t:|1773705431\n|switch|p1a: Incineroar|Incineroar, L50, M|100/100\n|-ability|p1a: Incineroar|Intimidate|boost\n|-unboost|p2a: Farigiraf|atk|1\n|-unboost|p2b: Amoonguss|atk|1\n|turn|5\n|\n|t:|1773705451\n|switch|p1b: Miraidon|Miraidon, L50|100/100\n|-activate|p1b: Miraidon|ability: Hadron Engine\n|-terastallize|p2a: Farigiraf|Water\n|move|p2b: Amoonguss|Grass Knot|p1b: Miraidon\n|-resisted|p1b: Miraidon\n|-crit|p1b: Miraidon\n|-damage|p1b: Miraidon|56/100\n|-damage|p2b: Amoonguss|91/100|[from] item: Life Orb\n|move|p2a: Farigiraf|Hyper Voice|p1a: Incineroar|[spread] p1a,p1b\n|-damage|p1a: Incineroar|58/100\n|-damage|p1b: Miraidon|12/100\n|move|p1a: Incineroar|Knock Off|p2a: Farigiraf\n|-damage|p2a: Farigiraf|27/100\n|\n|-fieldend|move: Electric Terrain\n|upkeep\n|turn|6\n|\n|t:|1773705472\n|move|p2b: Amoonguss|Sludge Bomb|p1a: Incineroar\n|-damage|p1a: Incineroar|30/100\n|-status|p1a: Incineroar|psn\n|-enditem|p1a: Incineroar|Sitrus Berry|[eat]\n|-heal|p1a: Incineroar|55/100 psn|[from] item: Sitrus Berry\n|-damage|p2b: Amoonguss|81/100|[from] item: Life Orb\n|move|p2a: Farigiraf|Hyper Voice|p1b: Miraidon|[spread] p1a,p1b\n|-damage|p1a: Incineroar|12/100 psn\n|-damage|p1b: Miraidon|0 fnt\n|faint|p1b: Miraidon\n|move|p1a: Incineroar|Knock Off|p2b: Amoonguss\n|-damage|p2b: Amoonguss|41/100\n|-enditem|p2b: Amoonguss|Life Orb|[from] move: Knock Off|[of] p1a: Incineroar\n|\n|-damage|p1a: Incineroar|0 fnt|[from] psn\n|faint|p1a: Incineroar\n|-fieldend|move: Trick Room\n|upkeep\n|\n|t:|1773705482\n|switch|p1b: Calyrex|Calyrex-Shadow, L50, tera:Ground|69/100\n|-ability|p1b: Calyrex|As One\n|-ability|p1b: Calyrex|Unnerve\n|turn|7\n|\n|t:|1773705487\n|switch|p2b: Incineroar|Incineroar, L50, F|100/100\n|-ability|p2b: Incineroar|Intimidate|boost\n|-unboost|p1b: Calyrex|atk|1\n|move|p2a: Farigiraf|Protect|p2a: Farigiraf\n|-singleturn|p2a: Farigiraf|Protect\n|move|p1b: Calyrex|Astral Barrage|p2b: Incineroar|[spread] p2b\n|-activate|p2a: Farigiraf|move: Protect\n|-resisted|p2b: Incineroar\n|-damage|p2b: Incineroar|75/100\n|\n|upkeep\n|turn|8\n|c|\u2606mulletboy games|ggs\n|-message|mulletboy games forfeited.\n|\n|win|It'sJustKen VGC\n|l|\u2606mulletboy games\n|player|p1|\n|c|\u2606It'sJustKen VGC|ggs\n|l|\u2606It'sJustKen VGC\n|player|p2|\n|j|\u2606It'sJustKen VGC\n|player|p2|It'sJustKen VGC|2|\n","uploadtime":1773705506,"views":13,"formatid":"gen9vgc2026regi","rating":null,"private":0,"password":null}