{"id":"gen9vgc2026regi-2538702416","format":"[Gen 9] VGC 2026 Reg I","players":["xianbutinghua","fogdocker"],"log":"|j|\u2606xianbutinghua\n|j|\u2606fogdocker\n|t:|1770959428\n|gametype|doubles\n|player|p1|xianbutinghua|winona|1341\n|player|p2|fogdocker|1|1556\n|gen|9\n|tier|[Gen 9] VGC 2026 Reg I\n|rated|\n|rule|Species Clause: Limit one of each Pok\u00e9mon\n|rule|Item Clause: Limit 1 of each item\n|clearpoke\n|poke|p1|Kyogre, L50|\n|poke|p1|Koraidon, L50|\n|poke|p1|Grimmsnarl, L50, M|\n|poke|p1|Indeedee-F, L50, F|\n|poke|p1|Raging Bolt, L50|\n|poke|p1|Iron Jugulis, L50|\n|poke|p2|Calyrex-Ice, L50|\n|poke|p2|Koraidon, L50|\n|poke|p2|Flutter Mane, L50|\n|poke|p2|Incineroar, L50, F|\n|poke|p2|Rillaboom, L50, M|\n|poke|p2|Volcarona, L50, M|\n|teampreview|4\n|inactive|Battle timer is ON: inactive players will automatically lose when time's up. (requested by xianbutinghua)\n|inactive|xianbutinghua has 60 seconds left.\n|inactive|fogdocker has 60 seconds left.\n|inactive|fogdocker has 30 seconds left.\n|\n|t:|1770959492\n|teamsize|p1|4\n|teamsize|p2|4\n|start\n|switch|p1a: Koraidon|Koraidon, L50|100/100\n|switch|p1b: Grimmsnarl|Grimmsnarl, L50, M|100/100\n|switch|p2a: Calyrex|Calyrex-Ice, L50|100/100\n|switch|p2b: Flutter Mane|Flutter Mane, L50|100/100\n|-ability|p2a: Calyrex|As One\n|-ability|p2a: Calyrex|Unnerve\n|-weather|SunnyDay|[from] ability: Orichalcum Pulse|[of] p1a: Koraidon\n|-activate|p2b: Flutter Mane|ability: Protosynthesis\n|-start|p2b: Flutter Mane|protosynthesisspe\n|-activate|p1a: Koraidon|Orichalcum Pulse|[source]\n|turn|1\n|\n|t:|1770959516\n|-terastallize|p1a: Koraidon|Fire\n|-terastallize|p2a: Calyrex|Water\n|move|p1b: Grimmsnarl|Thunder Wave|p2b: Flutter Mane\n|-status|p2b: Flutter Mane|par\n|move|p1a: Koraidon|Flame Charge|p2b: Flutter Mane\n|-enditem|p2b: Flutter Mane|Focus Sash\n|-damage|p2b: Flutter Mane|1/100 par\n|-boost|p1a: Koraidon|spe|1\n|move|p2b: Flutter Mane|Moonblast|p1b: Grimmsnarl\n|-supereffective|p1b: Grimmsnarl\n|-enditem|p1b: Grimmsnarl|Focus Sash\n|-damage|p1b: Grimmsnarl|1/100\n|move|p2a: Calyrex|Glacial Lance|p1b: Grimmsnarl|[spread] p1a,p1b\n|-resisted|p1a: Koraidon\n|-damage|p1a: Koraidon|81/100\n|-damage|p1b: Grimmsnarl|0 fnt\n|faint|p1b: Grimmsnarl\n|-ability|p2a: Calyrex|Chilling Neigh|boost\n|-boost|p2a: Calyrex|atk|1\n|\n|-weather|SunnyDay|[upkeep]\n|upkeep\n|inactive|xianbutinghua has 30 seconds left.\n|inactive|xianbutinghua has 20 seconds left.\n|\n|t:|1770959555\n|switch|p1b: Kyogre|Kyogre, L50|100/100\n|-weather|RainDance|[from] ability: Drizzle|[of] p1b: Kyogre\n|-end|p2b: Flutter Mane|Protosynthesis\n|turn|2\n|\n|t:|1770959566\n|move|p1a: Koraidon|Collision Course|p2a: Calyrex\n|-damage|p2a: Calyrex|72/100\n|move|p1b: Kyogre|Water Spout|p2b: Flutter Mane|[spread] p2a,p2b\n|-resisted|p2a: Calyrex\n|-damage|p2a: Calyrex|21/100\n|-damage|p2b: Flutter Mane|0 fnt\n|faint|p2b: Flutter Mane\n|-end|p2b: Flutter Mane|Protosynthesis|[silent]\n|move|p2a: Calyrex|Leech Seed|p1b: Kyogre\n|-start|p1b: Kyogre|move: Leech Seed\n|\n|-weather|RainDance|[upkeep]\n|-heal|p2a: Calyrex|27/100|[from] item: Leftovers\n|-damage|p1b: Kyogre|88/100|[from] Leech Seed|[of] p2a: Calyrex\n|-heal|p2a: Calyrex|39/100|[silent]\n|upkeep\n|\n|t:|1770959575\n|switch|p2b: Rillaboom|Rillaboom, L50, M|100/100\n|-fieldstart|move: Grassy Terrain|[from] ability: Grassy Surge|[of] p2b: Rillaboom\n|turn|3\n|inactive|xianbutinghua has 30 seconds left.\n|inactive|xianbutinghua has 20 seconds left.\n|\n|t:|1770959611\n|move|p2b: Rillaboom|Fake Out|p1b: Kyogre\n|-damage|p1b: Kyogre|76/100\n|move|p1a: Koraidon|Flare Blitz|p2b: Rillaboom\n|-supereffective|p2b: Rillaboom\n|-damage|p2b: Rillaboom|37/100\n|-damage|p1a: Koraidon|57/100|[from] Recoil\n|cant|p1b: Kyogre|flinch\n|move|p2a: Calyrex|Leech Seed|p1a: Koraidon\n|-start|p1a: Koraidon|move: Leech Seed\n|\n|-weather|RainDance|[upkeep]\n|-heal|p1a: Koraidon|63/100|[from] Grassy Terrain\n|-heal|p1b: Kyogre|82/100|[from] Grassy Terrain\n|-heal|p2b: Rillaboom|43/100|[from] Grassy Terrain\n|-heal|p2a: Calyrex|45/100|[from] Grassy Terrain\n|-heal|p2a: Calyrex|51/100|[from] item: Leftovers\n|-damage|p1a: Koraidon|50/100|[from] Leech Seed|[of] p2a: Calyrex\n|-heal|p2a: Calyrex|61/100|[silent]\n|-damage|p1b: Kyogre|70/100|[from] Leech Seed|[of] p2a: Calyrex\n|-heal|p2a: Calyrex|73/100|[silent]\n|upkeep\n|turn|4\n|inactive|xianbutinghua has 30 seconds left.\n|inactive|xianbutinghua has 20 seconds left.\n|inactive|xianbutinghua has 15 seconds left.\n|\n|t:|1770959655\n|switch|p1b: Raging Bolt|Raging Bolt, L50|100/100\n|move|p2b: Rillaboom|Grassy Glide|p1b: Raging Bolt\n|-resisted|p1b: Raging Bolt\n|-damage|p1b: Raging Bolt|85/100\n|move|p1a: Koraidon|Collision Course|p2a: Calyrex\n|-damage|p2a: Calyrex|43/100\n|move|p2a: Calyrex|Trick Room|p2a: Calyrex\n|-fieldstart|move: Trick Room|[of] p2a: Calyrex\n|\n|-weather|RainDance|[upkeep]\n|-heal|p2a: Calyrex|49/100|[from] Grassy Terrain\n|-heal|p2a: Calyrex|55/100|[from] item: Leftovers\n|-heal|p1b: Raging Bolt|91/100|[from] Grassy Terrain\n|-heal|p2b: Rillaboom|49/100|[from] Grassy Terrain\n|-heal|p1a: Koraidon|57/100|[from] Grassy Terrain\n|-damage|p1a: Koraidon|44/100|[from] Leech Seed|[of] p2a: Calyrex\n|-heal|p2a: Calyrex|65/100|[silent]\n|upkeep\n|turn|5\n|\n|t:|1770959676\n|move|p1b: Raging Bolt|Thunderclap|p2a: Calyrex\n|-supereffective|p2a: Calyrex\n|-damage|p2a: Calyrex|1/100\n|-damage|p1b: Raging Bolt|81/100|[from] item: Life Orb\n|move|p2a: Calyrex|Glacial Lance|p1a: Koraidon|[spread] p1a,p1b\n|-resisted|p1a: Koraidon\n|-supereffective|p1b: Raging Bolt\n|-damage|p1a: Koraidon|14/100\n|-damage|p1b: Raging Bolt|0 fnt\n|faint|p1b: Raging Bolt\n|-end|p1b: Raging Bolt|Protosynthesis|[silent]\n|-ability|p2a: Calyrex|Chilling Neigh|boost\n|-boost|p2a: Calyrex|atk|1\n|move|p2b: Rillaboom|U-turn|p1a: Koraidon\n|-resisted|p1a: Koraidon\n|-damage|p1a: Koraidon|4/100\n|\n|t:|1770959689\n|switch|p2b: Koraidon|Koraidon, L50|100/100|[from] U-turn\n|-weather|SunnyDay|[from] ability: Orichalcum Pulse|[of] p2b: Koraidon\n|-activate|p2b: Koraidon|Orichalcum Pulse|[source]\n|move|p1a: Koraidon|Flare Blitz|p2b: Koraidon\n|-resisted|p2b: Koraidon\n|-damage|p2b: Koraidon|39/100\n|-damage|p1a: Koraidon|0 fnt|[from] Recoil\n|faint|p1a: Koraidon\n|\n|-weather|SunnyDay|[upkeep]\n|-heal|p2a: Calyrex|7/100|[from] Grassy Terrain\n|-heal|p2a: Calyrex|13/100|[from] item: Leftovers\n|-heal|p2b: Koraidon|44/100|[from] Grassy Terrain\n|upkeep\n|\n|t:|1770959692\n|switch|p1a: Kyogre|Kyogre, L50|70/100\n|-weather|RainDance|[from] ability: Drizzle|[of] p1a: Kyogre\n|turn|6\n|-message|xianbutinghua forfeited.\n|\n|win|fogdocker\n|raw|xianbutinghua's rating: 1341 &rarr; <strong>1332</strong><br />(-9 for losing)\n|raw|fogdocker's rating: 1556 &rarr; <strong>1565</strong><br />(+9 for winning)\n|l|\u2606xianbutinghua\n|player|p1|\n","uploadtime":1770959899,"views":21,"formatid":"gen9vgc2026regi","rating":1332,"private":0,"password":null}