{"id":"gen9vgc2026regi-2525658583","format":"[Gen 9] VGC 2026 Reg I","players":["Tepig_nNz_498","ky123456"],"log":"|j|\u2606Tepig_nNz_498\n|j|\u2606ky123456\n|t:|1769307123\n|gametype|doubles\n|player|p1|Tepig_nNz_498|101|1467\n|player|p2|ky123456|cynthia-gen4|1458\n|gen|9\n|tier|[Gen 9] VGC 2026 Reg I\n|rated|\n|rule|Species Clause: Limit one of each Pok\u00e9mon\n|rule|Item Clause: Limit 1 of each item\n|clearpoke\n|poke|p1|Ludicolo, L50, M|\n|poke|p1|Kyogre, L50|\n|poke|p1|Amoonguss, L50, M|\n|poke|p1|Tornadus, L50, M|\n|poke|p1|Zacian-*, L50|\n|poke|p1|Urshifu-*, L50, M|\n|poke|p2|Kyogre, L50|\n|poke|p2|Calyrex-Ice, L50|\n|poke|p2|Grimmsnarl, L50, M|\n|poke|p2|Rillaboom, L50, F|\n|poke|p2|Landorus, L50, M|\n|poke|p2|Urshifu-*, L50, F|\n|teampreview|4\n|inactive|Battle timer is ON: inactive players will automatically lose when time's up. (requested by Tepig_nNz_498)\n|\n|t:|1769307173\n|teamsize|p1|4\n|teamsize|p2|4\n|start\n|switch|p1a: Ludicolo|Ludicolo, L50, M|100/100\n|switch|p1b: Kyogre|Kyogre, L50|100/100\n|switch|p2a: Rillaboom|Rillaboom, L50, F|100/100\n|switch|p2b: Calyrex|Calyrex-Ice, L50|100/100\n|-ability|p2b: Calyrex|As One\n|-ability|p2b: Calyrex|Unnerve\n|-weather|RainDance|[from] ability: Drizzle|[of] p1b: Kyogre\n|-fieldstart|move: Grassy Terrain|[from] ability: Grassy Surge|[of] p2a: Rillaboom\n|turn|1\n|\n|t:|1769307197\n|move|p1a: Ludicolo|Fake Out|p2a: Rillaboom\n|-damage|p2a: Rillaboom|95/100\n|cant|p2a: Rillaboom|flinch\n|move|p1b: Kyogre|Water Spout|p2a: Rillaboom|[spread] p2a,p2b\n|-resisted|p2a: Rillaboom\n|-damage|p2a: Rillaboom|30/100\n|-damage|p2b: Calyrex|25/100\n|-damage|p1b: Kyogre|91/100|[from] item: Life Orb\n|move|p2b: Calyrex|Glacial Lance|p1a: Ludicolo|[spread] p1a,p1b\n|-resisted|p1b: Kyogre\n|-damage|p1a: Ludicolo|26/100\n|-damage|p1b: Kyogre|62/100\n|\n|-weather|RainDance|[upkeep]\n|-heal|p1a: Ludicolo|32/100|[from] Grassy Terrain\n|-heal|p1b: Kyogre|68/100|[from] Grassy Terrain\n|-heal|p2a: Rillaboom|36/100|[from] Grassy Terrain\n|-heal|p2b: Calyrex|30/100|[from] Grassy Terrain\n|-heal|p2b: Calyrex|36/100|[from] item: Leftovers\n|upkeep\n|turn|2\n|inactive|Tepig_nNz_498 has 30 seconds left.\n|inactive|ky123456 has 30 seconds left.\n|\n|t:|1769307224\n|-terastallize|p1b: Kyogre|Grass\n|move|p2b: Calyrex|Protect|p2b: Calyrex\n|-singleturn|p2b: Calyrex|Protect\n|move|p2a: Rillaboom|Grassy Glide|p1a: Ludicolo\n|-damage|p1a: Ludicolo|0 fnt\n|faint|p1a: Ludicolo\n|move|p1b: Kyogre|Ice Beam|p2a: Rillaboom\n|-supereffective|p2a: Rillaboom\n|-damage|p2a: Rillaboom|0 fnt\n|faint|p2a: Rillaboom\n|-damage|p1b: Kyogre|59/100|[from] item: Life Orb\n|\n|-weather|RainDance|[upkeep]\n|-heal|p1b: Kyogre|65/100|[from] Grassy Terrain\n|-heal|p2b: Calyrex|42/100|[from] Grassy Terrain\n|-heal|p2b: Calyrex|48/100|[from] item: Leftovers\n|upkeep\n|inactive|Tepig_nNz_498 has 30 seconds left.\n|\n|t:|1769307251\n|switch|p1a: Amoonguss|Amoonguss, L50, M|100/100\n|switch|p2a: Landorus|Landorus, L50, M|100/100\n|turn|3\n|inactive|ky123456 has 30 seconds left.\n|inactive|ky123456 has 20 seconds left.\n|inactive|ky123456 has 15 seconds left.\n|inactive|ky123456 has 10 seconds left.\n|\n|t:|1769307297\n|switch|p2b: Kyogre|Kyogre, L50|100/100\n|-terastallize|p2a: Landorus|Water\n|move|p1a: Amoonguss|Rage Powder|p1a: Amoonguss\n|-singleturn|p1a: Amoonguss|move: Rage Powder\n|move|p1b: Kyogre|Origin Pulse|p2a: Landorus|[spread] p2a,p2b\n|-resisted|p2a: Landorus\n|-resisted|p2b: Kyogre\n|-damage|p2a: Landorus|55/100\n|-damage|p2b: Kyogre|81/100\n|-damage|p1b: Kyogre|55/100|[from] item: Life Orb\n|move|p2a: Landorus|Sandsear Storm|p1a: Amoonguss|[spread] p1a,p1b\n|-resisted|p1b: Kyogre\n|-damage|p1a: Amoonguss|46/100\n|-damage|p1b: Kyogre|33/100\n|\n|-weather|RainDance|[upkeep]\n|-heal|p1b: Kyogre|39/100|[from] Grassy Terrain\n|-heal|p2a: Landorus|61/100|[from] Grassy Terrain\n|-heal|p2b: Kyogre|87/100|[from] Grassy Terrain\n|-heal|p1a: Amoonguss|52/100|[from] Grassy Terrain\n|upkeep\n|turn|4\n|inactive|ky123456 has 30 seconds left.\n|\n|t:|1769307324\n|move|p1b: Kyogre|Origin Pulse|p2b: Kyogre|[spread] p2a,p2b\n|-resisted|p2a: Landorus\n|-resisted|p2b: Kyogre\n|-damage|p2a: Landorus|13/100\n|-damage|p2b: Kyogre|68/100\n|-damage|p1b: Kyogre|29/100|[from] item: Life Orb\n|move|p2a: Landorus|Sandsear Storm|p1b: Kyogre|[spread] p1a,p1b\n|-resisted|p1b: Kyogre\n|-damage|p1a: Amoonguss|0 fnt\n|-damage|p1b: Kyogre|8/100\n|faint|p1a: Amoonguss\n|move|p2b: Kyogre|Ice Beam|p1b: Kyogre\n|-supereffective|p1b: Kyogre\n|-damage|p1b: Kyogre|0 fnt\n|faint|p1b: Kyogre\n|\n|-weather|RainDance|[upkeep]\n|-heal|p2a: Landorus|19/100|[from] Grassy Terrain\n|-heal|p2b: Kyogre|74/100|[from] Grassy Terrain\n|upkeep\n|\n|t:|1769307337\n|switch|p1b: Zacian|Zacian-Crowned, L50, shiny|100/100\n|-ability|p1b: Zacian|Intrepid Sword|boost\n|-boost|p1b: Zacian|atk|1\n|turn|5\n|\n|t:|1769307359\n|move|p1b: Zacian|Behemoth Blade|p2a: Landorus\n|-resisted|p2a: Landorus\n|-damage|p2a: Landorus|0 fnt\n|faint|p2a: Landorus\n|move|p2b: Kyogre|Water Spout|p1b: Zacian\n|-damage|p1b: Zacian|9/100\n|\n|-weather|none\n|-heal|p1b: Zacian|16/100|[from] Grassy Terrain\n|-heal|p2b: Kyogre|80/100|[from] Grassy Terrain\n|-fieldend|move: Grassy Terrain\n|upkeep\n|\n|t:|1769307368\n|switch|p2a: Calyrex|Calyrex-Ice, L50|48/100\n|-ability|p2a: Calyrex|As One\n|-ability|p2a: Calyrex|Unnerve\n|turn|6\n|\n|t:|1769307384\n|move|p1b: Zacian|Play Rough|p2b: Kyogre\n|-damage|p2b: Kyogre|1/100\n|-unboost|p2b: Kyogre|atk|1\n|move|p2b: Kyogre|Water Spout|p1b: Zacian\n|-damage|p1b: Zacian|15/100\n|move|p2a: Calyrex|Glacial Lance|p1b: Zacian\n|-resisted|p1b: Zacian\n|-damage|p1b: Zacian|0 fnt\n|faint|p1b: Zacian\n|\n|win|ky123456\n|raw|Tepig_nNz_498's rating: 1467 &rarr; <strong>1446</strong><br />(-21 for losing)\n|raw|ky123456's rating: 1458 &rarr; <strong>1479</strong><br />(+21 for winning)\n|l|\u2606Tepig_nNz_498\n|player|p1|\n|l|\u2606ky123456\n|player|p2|\n","uploadtime":1769307563,"views":32,"formatid":"gen9vgc2026regi","rating":1446,"private":0,"password":null}