{"id":"gen9vgc2026regi-2564527887","format":"[Gen 9] VGC 2026 Reg I","players":["Bayo93","terafireflareblitz"],"log":"|j|\u2606Bayo93\n|j|\u2606terafireflareblitz\n|t:|1774157897\n|gametype|doubles\n|player|p1|Bayo93|2|1440\n|player|p2|terafireflareblitz|sycamore|1437\n|gen|9\n|tier|[Gen 9] VGC 2026 Reg I\n|rated|\n|rule|Species Clause: Limit one of each Pok\u00e9mon\n|rule|Item Clause: Limit 1 of each item\n|clearpoke\n|poke|p1|Zacian-*, L50|\n|poke|p1|Kyogre, L50|\n|poke|p1|Landorus, L50, M|\n|poke|p1|Chien-Pao, L50|\n|poke|p1|Tornadus, L50, M|\n|poke|p1|Roaring Moon, L50|\n|poke|p2|Koraidon, L50|\n|poke|p2|Lunala, L50|\n|poke|p2|Indeedee-F, L50, F|\n|poke|p2|Flutter Mane, L50|\n|poke|p2|Volcarona, L50, M|\n|poke|p2|Ursaluna, L50, F|\n|teampreview|4\n|inactive|Battle timer is ON: inactive players will automatically lose when time's up. (requested by terafireflareblitz)\n|inactive|Bayo93 has 60 seconds left.\n|\n|t:|1774157946\n|teamsize|p1|4\n|teamsize|p2|4\n|start\n|switch|p1a: Tornadus|Tornadus, L50, M|100/100\n|switch|p1b: Chien-Pao|Chien-Pao, L50, shiny|100/100\n|switch|p2a: Lunala|Lunala, L50, shiny|100/100\n|switch|p2b: Indeedee|Indeedee-F, L50, F|100/100\n|-ability|p1b: Chien-Pao|Sword of Ruin\n|-fieldstart|move: Psychic Terrain|[from] ability: Psychic Surge|[of] p2b: Indeedee\n|turn|1\n|inactive|Bayo93 has 30 seconds left.\n|\n|t:|1774157980\n|-terastallize|p2a: Lunala|Water\n|move|p1b: Chien-Pao|Crunch|p2b: Indeedee\n|-supereffective|p2b: Indeedee\n|-damage|p2b: Indeedee|0 fnt\n|faint|p2b: Indeedee\n|move|p1a: Tornadus|Bleakwind Storm|p2a: Lunala\n|-damage|p2a: Lunala|82/100\n|move|p2a: Lunala|Meteor Beam||[still]\n|-prepare|p2a: Lunala|Meteor Beam\n|-boost|p2a: Lunala|spa|1\n|-enditem|p2a: Lunala|Power Herb\n|-anim|p2a: Lunala|Meteor Beam|p1a: Tornadus\n|-supereffective|p1a: Tornadus\n|-damage|p1a: Tornadus|0 fnt\n|faint|p1a: Tornadus\n|\n|upkeep\n|\n|t:|1774157994\n|switch|p1a: Zacian|Zacian-Crowned, L50|100/100\n|switch|p2b: Volcarona|Volcarona, L50, M|100/100\n|-ability|p1a: Zacian|Intrepid Sword|boost\n|-boost|p1a: Zacian|atk|1\n|turn|2\n|inactive|Bayo93 has 30 seconds left.\n|inactive|Bayo93 has 20 seconds left.\n|\n|t:|1774158031\n|move|p1a: Zacian|Substitute|p1a: Zacian\n|-start|p1a: Zacian|Substitute\n|-damage|p1a: Zacian|76/100\n|move|p1b: Chien-Pao|Icicle Crash|p2b: Volcarona\n|-resisted|p2b: Volcarona\n|-damage|p2b: Volcarona|69/100\n|move|p2a: Lunala|Moongeist Beam|p1a: Zacian\n|-end|p1a: Zacian|Substitute\n|move|p2b: Volcarona|Tailwind|p2b: Volcarona\n|-sidestart|p2: terafireflareblitz|move: Tailwind\n|\n|upkeep\n|turn|3\n|inactive|Bayo93 has 30 seconds left.\n|inactive|Bayo93 has 20 seconds left.\n|\n|t:|1774158067\n|move|p1a: Zacian|Protect|p1a: Zacian\n|-singleturn|p1a: Zacian|Protect\n|move|p1b: Chien-Pao|Protect|p1b: Chien-Pao\n|-singleturn|p1b: Chien-Pao|Protect\n|move|p2a: Lunala|Moongeist Beam|p1a: Zacian\n|-activate|p1a: Zacian|move: Protect\n|move|p2b: Volcarona|Will-O-Wisp|p1b: Chien-Pao\n|-activate|p1b: Chien-Pao|move: Protect\n|\n|upkeep\n|turn|4\n|\n|t:|1774158089\n|-terastallize|p1a: Zacian|Normal\n|move|p2a: Lunala|Moongeist Beam|p1b: Chien-Pao\n|-resisted|p1b: Chien-Pao\n|-damage|p1b: Chien-Pao|30/100\n|move|p2b: Volcarona|Struggle Bug|p1b: Chien-Pao|[spread] p1a,p1b\n|-supereffective|p1b: Chien-Pao\n|-damage|p1a: Zacian|60/100\n|-damage|p1b: Chien-Pao|0 fnt\n|-unboost|p1a: Zacian|spa|1\n|faint|p1b: Chien-Pao\n|move|p1a: Zacian|Play Rough|p2a: Lunala\n|-damage|p2a: Lunala|14/100\n|\n|upkeep\n|\n|t:|1774158099\n|switch|p1b: Kyogre|Kyogre, L50|100/100\n|-weather|RainDance|[from] ability: Drizzle|[of] p1b: Kyogre\n|turn|5\n|\n|t:|1774158119\n|switch|p2b: Koraidon|Koraidon, L50, shiny|100/100\n|-weather|SunnyDay|[from] ability: Orichalcum Pulse|[of] p2b: Koraidon\n|-activate|p2b: Koraidon|Orichalcum Pulse|[source]\n|move|p1a: Zacian|Protect|p1a: Zacian\n|-singleturn|p1a: Zacian|Protect\n|move|p2a: Lunala|Expanding Force|p1a: Zacian|[spread] p1b\n|-activate|p1a: Zacian|move: Protect\n|-damage|p1b: Kyogre|30/100\n|move|p1b: Kyogre|Origin Pulse|p2b: Koraidon|[spread] p2a,p2b\n|-resisted|p2a: Lunala\n|-resisted|p2b: Koraidon\n|-damage|p2a: Lunala|3/100\n|-damage|p2b: Koraidon|86/100\n|\n|-weather|SunnyDay|[upkeep]\n|-sideend|p2: terafireflareblitz|move: Tailwind\n|-fieldend|move: Psychic Terrain\n|upkeep\n|turn|6\n|\n|t:|1774158141\n|move|p2b: Koraidon|Protect|p2b: Koraidon\n|-singleturn|p2b: Koraidon|Protect\n|move|p1a: Zacian|Play Rough|p2b: Koraidon\n|-activate|p2b: Koraidon|move: Protect\n|move|p2a: Lunala|Moongeist Beam|p1b: Kyogre\n|-damage|p1b: Kyogre|0 fnt\n|faint|p1b: Kyogre\n|\n|-weather|SunnyDay|[upkeep]\n|upkeep\n|turn|7\n|-message|Bayo93 forfeited.\n|\n|win|terafireflareblitz\n|raw|Bayo93's rating: 1440 &rarr; <strong>1420</strong><br />(-20 for losing)\n|raw|terafireflareblitz's rating: 1437 &rarr; <strong>1457</strong><br />(+20 for winning)\n|l|\u2606Bayo93\n|player|p1|\n|l|\u2606terafireflareblitz\n|player|p2|\n","uploadtime":1774158151,"views":15,"formatid":"gen9vgc2026regi","rating":1420,"private":0,"password":null}