{"id":"gen9vgc2026regi-2549969464","format":"[Gen 9] VGC 2026 Reg I","players":["Rillabossman","cpinalli5"],"log":"|j|\u203dRillabossman\n|j|\u2606cpinalli5\n|t:|1772433702\n|gametype|doubles\n|player|p1|Rillabossman|2|1309\n|player|p2|cpinalli5|elesa|1188\n|gen|9\n|tier|[Gen 9] VGC 2026 Reg I\n|rated|\n|rule|Species Clause: Limit one of each Pok\u00e9mon\n|rule|Item Clause: Limit 1 of each item\n|clearpoke\n|poke|p1|Kyogre, L50|\n|poke|p1|Zacian-*, L50|\n|poke|p1|Incineroar, L50, M|\n|poke|p1|Amoonguss, L50, M|\n|poke|p1|Tornadus, L50, M|\n|poke|p1|Urshifu-*, L50, F|\n|poke|p2|Incineroar, L50, F|\n|poke|p2|Scream Tail, L50|\n|poke|p2|Koraidon, L50|\n|poke|p2|Flutter Mane, L50|\n|poke|p2|Gothitelle, L50, F|\n|poke|p2|Amoonguss, L50, F|\n|teampreview|4\n|inactive|Battle timer is ON: inactive players will automatically lose when time's up. (requested by cpinalli5)\n|\n|t:|1772433773\n|teamsize|p1|4\n|teamsize|p2|4\n|start\n|switch|p1a: Tornadus|Tornadus, L50, M|100/100\n|switch|p1b: Incineroar|Incineroar, L50, M|100/100\n|switch|p2a: Scream Tail|Scream Tail, L50|100/100\n|switch|p2b: Gothitelle|Gothitelle, L50, F|100/100\n|-ability|p1b: Incineroar|Intimidate|boost\n|-unboost|p2a: Scream Tail|atk|1\n|-unboost|p2b: Gothitelle|atk|1\n|-enditem|p2a: Scream Tail|Booster Energy\n|-activate|p2a: Scream Tail|ability: Protosynthesis|[fromitem]\n|-start|p2a: Scream Tail|protosynthesisspe\n|turn|1\n|inactive|Rillabossman has 30 seconds left.\n|\n|t:|1772433801\n|move|p2a: Scream Tail|Protect|p2a: Scream Tail\n|-singleturn|p2a: Scream Tail|Protect\n|move|p2b: Gothitelle|Protect|p2b: Gothitelle\n|-singleturn|p2b: Gothitelle|Protect\n|move|p1b: Incineroar|Fake Out|p2a: Scream Tail\n|-activate|p2a: Scream Tail|move: Protect\n|move|p1a: Tornadus|Bleakwind Storm|p2a: Scream Tail|[spread] \n|-activate|p2a: Scream Tail|move: Protect\n|-activate|p2b: Gothitelle|move: Protect\n|\n|upkeep\n|turn|2\n|inactive|Rillabossman has 30 seconds left.\n|inactive|Rillabossman has 20 seconds left.\n|inactive|Rillabossman has 15 seconds left.\n|inactive|Rillabossman has 10 seconds left.\n|inactive|Rillabossman has 5 seconds left.\n|\n|t:|1772433854\n|move|p2a: Scream Tail|Encore|p1b: Incineroar\n|-start|p1b: Incineroar|Encore\n|move|p1a: Tornadus|Bleakwind Storm|p2b: Gothitelle|[spread] p2a,p2b\n|-damage|p2a: Scream Tail|75/100\n|-damage|p2b: Gothitelle|69/100\n|-unboost|p2b: Gothitelle|spe|1\n|move|p1b: Incineroar|Fake Out||[still]\n|-hint|Fake Out only works on your first turn out.\n|-fail|p1b: Incineroar\n|move|p2b: Gothitelle|Psychic|p1a: Tornadus\n|-damage|p1a: Tornadus|60/100\n|-unboost|p1a: Tornadus|spd|1\n|\n|-heal|p2b: Gothitelle|76/100|[from] item: Leftovers\n|upkeep\n|turn|3\n|inactive|Rillabossman has 30 seconds left.\n|\n|t:|1772433886\n|move|p1b: Incineroar|Fake Out||[still]\n|-hint|Fake Out only works on your first turn out.\n|-fail|p1b: Incineroar\n|move|p2a: Scream Tail|Disable|p1b: Incineroar\n|-start|p1b: Incineroar|Disable|Fake Out\n|move|p1a: Tornadus|Bleakwind Storm|p2a: Scream Tail|[spread] p2a,p2b\n|-damage|p2a: Scream Tail|48/100\n|-damage|p2b: Gothitelle|40/100\n|move|p2b: Gothitelle|Psychic|p1a: Tornadus\n|-damage|p1a: Tornadus|4/100\n|\n|-heal|p2b: Gothitelle|46/100|[from] item: Leftovers\n|upkeep\n|turn|4\n|inactive|Rillabossman has 30 seconds left.\n|\n|t:|1772433914\n|move|p1a: Tornadus|Tailwind|p1a: Tornadus\n|-sidestart|p1: Rillabossman|move: Tailwind\n|move|p2a: Scream Tail|Disable|p1a: Tornadus\n|-start|p1a: Tornadus|Disable|Tailwind\n|-activate|p1b: Incineroar|move: Struggle\n|move|p1b: Incineroar|Struggle|p2b: Gothitelle\n|-damage|p2b: Gothitelle|34/100\n|-damage|p1b: Incineroar|76/100|[from] recoil\n|move|p2b: Gothitelle|Psychic|p1a: Tornadus\n|-damage|p1a: Tornadus|0 fnt\n|faint|p1a: Tornadus\n|\n|-heal|p2b: Gothitelle|41/100|[from] item: Leftovers\n|-end|p1b: Incineroar|Encore\n|upkeep\n|inactive|Rillabossman has 30 seconds left.\n|\n|t:|1772433940\n|switch|p1a: Kyogre|Kyogre, L50|100/100\n|-weather|RainDance|[from] ability: Drizzle|[of] p1a: Kyogre\n|turn|5\n|\n|t:|1772433959\n|switch|p2b: Amoonguss|Amoonguss, L50, F|100/100\n|-terastallize|p1a: Kyogre|Water\n|move|p2a: Scream Tail|Protect|p2a: Scream Tail\n|-singleturn|p2a: Scream Tail|Protect\n|move|p1a: Kyogre|Water Spout|p2b: Amoonguss|[spread] p2b\n|-activate|p2a: Scream Tail|move: Protect\n|-resisted|p2b: Amoonguss\n|-damage|p2b: Amoonguss|45/100\n|-enditem|p2b: Amoonguss|Eject Button\n|\n|t:|1772433974\n|switch|p2b: Gothitelle|Gothitelle, L50, F|41/100\n|move|p1b: Incineroar|U-turn|p2a: Scream Tail\n|-activate|p2a: Scream Tail|move: Protect\n|\n|-weather|RainDance|[upkeep]\n|-heal|p2b: Gothitelle|47/100|[from] item: Leftovers\n|upkeep\n|turn|6\n|inactive|Rillabossman has 30 seconds left.\n|inactive|Rillabossman has 20 seconds left.\n|inactive|cpinalli5 has 30 seconds left.\n|inactive|Rillabossman has 15 seconds left.\n|inactive|Rillabossman has 10 seconds left.\n|\n|t:|1772434019\n|move|p2b: Gothitelle|Fake Out|p1a: Kyogre\n|-damage|p1a: Kyogre|94/100\n|move|p2a: Scream Tail|Disable|p1a: Kyogre\n|-start|p1a: Kyogre|Disable|Water Spout\n|cant|p1a: Kyogre|flinch\n|move|p1b: Incineroar|Knock Off|p2b: Gothitelle\n|-supereffective|p2b: Gothitelle\n|-damage|p2b: Gothitelle|0 fnt\n|-enditem|p2b: Gothitelle|Leftovers|[from] move: Knock Off|[of] p1b: Incineroar\n|faint|p2b: Gothitelle\n|\n|-weather|RainDance|[upkeep]\n|upkeep\n|\n|t:|1772434031\n|switch|p2b: Koraidon|Koraidon, L50|100/100\n|-weather|SunnyDay|[from] ability: Orichalcum Pulse|[of] p2b: Koraidon\n|-activate|p2b: Koraidon|Orichalcum Pulse|[source]\n|turn|7\n|inactive|Rillabossman has 30 seconds left.\n|inactive|Rillabossman has 20 seconds left.\n|inactive|Rillabossman has 15 seconds left.\n|inactive|cpinalli5 has 30 seconds left.\n|\n|t:|1772434081\n|switch|p1a: Zacian|Zacian-Crowned, L50|100/100\n|-ability|p1a: Zacian|Intrepid Sword|boost\n|-boost|p1a: Zacian|atk|1\n|move|p2a: Scream Tail|Protect|p2a: Scream Tail\n|-singleturn|p2a: Scream Tail|Protect\n|move|p2b: Koraidon|Protect|p2b: Koraidon\n|-singleturn|p2b: Koraidon|Protect\n|move|p1b: Incineroar|Flare Blitz|p2a: Scream Tail\n|-activate|p2a: Scream Tail|move: Protect\n|\n|-weather|SunnyDay|[upkeep]\n|-end|p1b: Incineroar|Disable\n|-sideend|p1: Rillabossman|move: Tailwind\n|upkeep\n|turn|8\n|inactive|Rillabossman has 30 seconds left.\n|\n|t:|1772434109\n|switch|p1b: Kyogre|Kyogre, L50, tera:Water|94/100\n|-weather|RainDance|[from] ability: Drizzle|[of] p1b: Kyogre\n|move|p2a: Scream Tail|Disable||[still]\n|-fail|p2a: Scream Tail\n|move|p2b: Koraidon|Close Combat|p1a: Zacian\n|-damage|p1a: Zacian|22/100\n|-unboost|p2b: Koraidon|def|1\n|-unboost|p2b: Koraidon|spd|1\n|-damage|p2b: Koraidon|91/100|[from] item: Life Orb\n|move|p1a: Zacian|Behemoth Blade|p2a: Scream Tail\n|-supereffective|p2a: Scream Tail\n|-damage|p2a: Scream Tail|0 fnt\n|faint|p2a: Scream Tail\n|-end|p2a: Scream Tail|Protosynthesis|[silent]\n|\n|-weather|RainDance|[upkeep]\n|upkeep\n|\n|t:|1772434123\n|switch|p2a: Amoonguss|Amoonguss, L50, F|78/100\n|turn|9\n|\n|t:|1772434145\n|move|p2b: Koraidon|Close Combat|p1a: Zacian\n|-damage|p1a: Zacian|0 fnt\n|-unboost|p2b: Koraidon|def|1\n|-unboost|p2b: Koraidon|spd|1\n|faint|p1a: Zacian\n|-damage|p2b: Koraidon|81/100|[from] item: Life Orb\n|move|p1b: Kyogre|Origin Pulse|p2b: Koraidon|[spread] p2a,p2b\n|-resisted|p2a: Amoonguss\n|-resisted|p2b: Koraidon\n|-damage|p2a: Amoonguss|35/100\n|-damage|p2b: Koraidon|0 fnt\n|faint|p2b: Koraidon\n|move|p2a: Amoonguss|Spore|p1b: Kyogre\n|-status|p1b: Kyogre|slp|[from] move: Spore\n|\n|-weather|RainDance|[upkeep]\n|upkeep\n|\n|t:|1772434167\n|switch|p1a: Incineroar|Incineroar, L50, M|76/100\n|-ability|p1a: Incineroar|Intimidate|boost\n|-unboost|p2a: Amoonguss|atk|1\n|turn|10\n|-message|cpinalli5 forfeited.\n|\n|win|Rillabossman\n|raw|Rillabossman's rating: 1309 &rarr; <strong>1322</strong><br />(+13 for winning)\n|raw|cpinalli5's rating: 1188 &rarr; <strong>1171</strong><br />(-17 for losing)\n|l|\u2606cpinalli5\n|player|p2|\n|l|\u203dRillabossman\n|player|p1|\n","uploadtime":1772434474,"views":14,"formatid":"gen9vgc2026regi","rating":1171,"private":0,"password":null}