{"id":"gen9vgc2026regi-2579630980","format":"[Gen 9] VGC 2026 Reg I","players":["markingdra","xielt"],"log":"|j|\u2606markingdra\n|j|\u2606xielt\n|t:|1775808491\n|gametype|doubles\n|player|p1|markingdra|102|1531\n|player|p2|xielt|caitlin|1417\n|gen|9\n|tier|[Gen 9] VGC 2026 Reg I\n|rated|\n|rule|Species Clause: Limit one of each Pok\u00e9mon\n|rule|Item Clause: Limit 1 of each item\n|clearpoke\n|poke|p1|Koraidon, L50|\n|poke|p1|Calyrex-Shadow, L50|\n|poke|p1|Incineroar, L50, F|\n|poke|p1|Brute Bonnet, L50|\n|poke|p1|Raging Bolt, L50|\n|poke|p1|Ogerpon-Cornerstone, L50, F|\n|poke|p2|Ho-Oh, L50|\n|poke|p2|Mienshao, L50, F|\n|poke|p2|Gastrodon, L50, F|\n|poke|p2|Ogerpon-Cornerstone, L50, F|\n|poke|p2|Grimmsnarl, L50, M|\n|poke|p2|Miraidon, L50|\n|teampreview|4\n|inactive|Battle timer is ON: inactive players will automatically lose when time's up. (requested by markingdra)\n|\n|t:|1775808531\n|teamsize|p1|4\n|teamsize|p2|4\n|start\n|switch|p1a: Ogerpon|Ogerpon-Cornerstone, L50, F|100/100\n|switch|p1b: Raging Bolt|Raging Bolt, L50|100/100\n|switch|p2a: Ho-Oh|Ho-Oh, L50|100/100\n|switch|p2b: Mienshao|Mienshao, L50, F|100/100\n|turn|1\n|inactive|markingdra has 30 seconds left.\n|inactive|xielt has 30 seconds left.\n|inactive|markingdra has 20 seconds left.\n|inactive|markingdra has 15 seconds left.\n|inactive|markingdra has 10 seconds left.\n|inactive|markingdra has 5 seconds left.\n|\n|t:|1775808586\n|-terastallize|p2a: Ho-Oh|Dragon\n|move|p1a: Ogerpon|Ivy Cudgel|p2b: Mienshao|[anim] Ivy Cudgel Rock\n|-resisted|p2b: Mienshao\n|-damage|p2b: Mienshao|47/100\n|move|p2b: Mienshao|Coaching|p2a: Ho-Oh\n|-boost|p2a: Ho-Oh|atk|1\n|-boost|p2a: Ho-Oh|def|1\n|move|p2a: Ho-Oh|Sacred Fire|p1a: Ogerpon\n|-damage|p1a: Ogerpon|6/100\n|move|p1b: Raging Bolt|Thunderbolt|p2b: Mienshao\n|-damage|p2b: Mienshao|0 fnt\n|faint|p2b: Mienshao\n|\n|upkeep\n|\n|t:|1775808598\n|switch|p2b: Miraidon|Miraidon, L50|100/100\n|-fieldstart|move: Electric Terrain|[from] ability: Hadron Engine|[of] p2b: Miraidon\n|turn|2\n|\n|t:|1775808609\n|move|p2a: Ho-Oh|Protect|p2a: Ho-Oh\n|-singleturn|p2a: Ho-Oh|Protect\n|move|p1a: Ogerpon|Follow Me|p1a: Ogerpon\n|-singleturn|p1a: Ogerpon|move: Follow Me\n|move|p2b: Miraidon|Snarl|p1b: Raging Bolt|[spread] p1a,p1b\n|-damage|p1a: Ogerpon|0 fnt\n|-damage|p1b: Raging Bolt|91/100\n|-unboost|p1b: Raging Bolt|spa|1\n|faint|p1a: Ogerpon\n|move|p1b: Raging Bolt|Dragon Pulse|p2a: Ho-Oh\n|-activate|p2a: Ho-Oh|move: Protect\n|\n|upkeep\n|\n|t:|1775808627\n|switch|p1a: Koraidon|Koraidon, L50, shiny|100/100\n|-weather|SunnyDay|[from] ability: Orichalcum Pulse|[of] p1a: Koraidon\n|-activate|p1b: Raging Bolt|ability: Protosynthesis\n|-start|p1b: Raging Bolt|protosynthesisspa\n|-activate|p1a: Koraidon|Orichalcum Pulse|[source]\n|turn|3\n|inactive|xielt has 30 seconds left.\n|\n|t:|1775808658\n|move|p2b: Miraidon|Draco Meteor|p1b: Raging Bolt|[miss]\n|-miss|p2b: Miraidon|p1b: Raging Bolt\n|move|p1a: Koraidon|Collision Course|p2a: Ho-Oh\n|-damage|p2a: Ho-Oh|60/100\n|move|p2a: Ho-Oh|Brave Bird|p1a: Koraidon\n|-supereffective|p1a: Koraidon\n|-damage|p1a: Koraidon|0 fnt\n|faint|p1a: Koraidon\n|-damage|p2a: Ho-Oh|30/100|[from] Recoil\n|move|p1b: Raging Bolt|Dragon Pulse|p2a: Ho-Oh\n|-supereffective|p2a: Ho-Oh\n|-damage|p2a: Ho-Oh|0 fnt\n|faint|p2a: Ho-Oh\n|\n|-weather|SunnyDay|[upkeep]\n|upkeep\n|\n|t:|1775808675\n|switch|p1a: Calyrex|Calyrex-Shadow, L50|100/100\n|switch|p2a: Ogerpon|Ogerpon-Cornerstone, L50, F|100/100\n|-ability|p1a: Calyrex|As One\n|-ability|p1a: Calyrex|Unnerve\n|turn|4\n|\n|t:|1775808681\n|-terastallize|p1a: Calyrex|Ghost\n|move|p2a: Ogerpon|Spiky Shield|p2a: Ogerpon\n|-singleturn|p2a: Ogerpon|move: Protect\n|move|p1a: Calyrex|Astral Barrage|p2b: Miraidon|[spread] p2b\n|-activate|p2a: Ogerpon|move: Protect\n|-damage|p2b: Miraidon|63/100\n|move|p2b: Miraidon|Snarl|p1b: Raging Bolt|[spread] p1a,p1b\n|-supereffective|p1a: Calyrex\n|-damage|p1a: Calyrex|70/100\n|-damage|p1b: Raging Bolt|81/100\n|-unboost|p1a: Calyrex|spa|1\n|-unboost|p1b: Raging Bolt|spa|1\n|move|p1b: Raging Bolt|Dragon Pulse|p2b: Miraidon\n|-supereffective|p2b: Miraidon\n|-damage|p2b: Miraidon|33/100\n|\n|-weather|SunnyDay|[upkeep]\n|upkeep\n|turn|5\n|inactive|markingdra has 30 seconds left.\n|inactive|xielt has 30 seconds left.\n|inactive|markingdra has 20 seconds left.\n|inactive|markingdra has 15 seconds left.\n|\n|t:|1775808723\n|move|p1a: Calyrex|Encore|p2a: Ogerpon\n|-start|p2a: Ogerpon|Encore\n|move|p2b: Miraidon|Snarl|p1b: Raging Bolt|[spread] p1a,p1b\n|-supereffective|p1a: Calyrex\n|-damage|p1a: Calyrex|38/100\n|-damage|p1b: Raging Bolt|71/100\n|-unboost|p1a: Calyrex|spa|1\n|-unboost|p1b: Raging Bolt|spa|1\n|move|p2a: Ogerpon|Spiky Shield|p2a: Ogerpon\n|-singleturn|p2a: Ogerpon|move: Protect\n|move|p1b: Raging Bolt|Dragon Pulse|p2b: Miraidon\n|-supereffective|p2b: Miraidon\n|-damage|p2b: Miraidon|4/100\n|\n|-weather|SunnyDay|[upkeep]\n|upkeep\n|turn|6\n|\n|t:|1775808744\n|move|p2a: Ogerpon|Spiky Shield||[still]\n|-fail|p2a: Ogerpon\n|move|p1b: Raging Bolt|Thunderclap|p2b: Miraidon\n|-resisted|p2b: Miraidon\n|-damage|p2b: Miraidon|1/100\n|move|p1a: Calyrex|Astral Barrage|p2a: Ogerpon|[spread] p2a,p2b\n|-damage|p2a: Ogerpon|59/100\n|-damage|p2b: Miraidon|0 fnt\n|faint|p2b: Miraidon\n|-ability|p1a: Calyrex|Grim Neigh|boost\n|-boost|p1a: Calyrex|spa|1\n|\n|-weather|SunnyDay|[upkeep]\n|-fieldend|move: Electric Terrain\n|upkeep\n|turn|7\n|-message|xielt forfeited.\n|\n|win|markingdra\n|raw|markingdra's rating: 1531 &rarr; <strong>1545</strong><br />(+14 for winning)\n|raw|xielt's rating: 1417 &rarr; <strong>1403</strong><br />(-14 for losing)\n|l|\u2606xielt\n|player|p2|\n|l|\u2606markingdra\n|player|p1|\n","uploadtime":1775808975,"views":8,"formatid":"gen9vgc2026regi","rating":1403,"private":0,"password":null}