{"id":"gen9vgc2026regi-2575315693","format":"[Gen 9] VGC 2026 Reg I","players":["Eco McC","testhan92"],"log":"|j|\u2606Eco McC\n|j|\u2606testhan92\n|t:|1775339364\n|gametype|doubles\n|player|p1|Eco McC|2|1289\n|player|p2|testhan92|170|1355\n|gen|9\n|tier|[Gen 9] VGC 2026 Reg I\n|rated|\n|rule|Species Clause: Limit one of each Pok\u00e9mon\n|rule|Item Clause: Limit 1 of each item\n|clearpoke\n|poke|p1|Zacian-*, L50|\n|poke|p1|Kyogre, L50|\n|poke|p1|Landorus, L50, M|\n|poke|p1|Tornadus, L50, M|\n|poke|p1|Chien-Pao, L50|\n|poke|p1|Amoonguss, L50, F|\n|poke|p2|Koraidon, L50|\n|poke|p2|Calyrex-Ice, L50|\n|poke|p2|Rillaboom, L50, M|\n|poke|p2|Incineroar, L50, M|\n|poke|p2|Smeargle, L50, M|\n|poke|p2|Landorus, L50, M|\n|teampreview|4\n|\n|t:|1775339393\n|teamsize|p1|4\n|teamsize|p2|4\n|start\n|switch|p1a: Tornadus|Tornadus, L50, M|100/100\n|switch|p1b: Zacian|Zacian-Crowned, L50|100/100\n|switch|p2a: Calyrex|Calyrex-Ice, L50|100/100\n|switch|p2b: Incineroar|Incineroar, L50, M|100/100\n|-ability|p2a: Calyrex|As One\n|-ability|p2a: Calyrex|Unnerve\n|-ability|p1b: Zacian|Intrepid Sword|boost\n|-boost|p1b: Zacian|atk|1\n|-ability|p2b: Incineroar|Intimidate|boost\n|-unboost|p1a: Tornadus|atk|1\n|-unboost|p1b: Zacian|atk|1\n|turn|1\n|\n|t:|1775339430\n|move|p1b: Zacian|Protect|p1b: Zacian\n|-singleturn|p1b: Zacian|Protect\n|move|p2b: Incineroar|Fake Out|p1b: Zacian\n|-activate|p1b: Zacian|move: Protect\n|move|p1a: Tornadus|Tailwind|p1a: Tornadus\n|-sidestart|p1: Eco McC|move: Tailwind\n|move|p2a: Calyrex|Trick Room|p2a: Calyrex\n|-fieldstart|move: Trick Room|[of] p2a: Calyrex\n|\n|upkeep\n|turn|2\n|\n|t:|1775339479\n|move|p1a: Tornadus|Rain Dance|p1a: Tornadus\n|-weather|RainDance\n|move|p2b: Incineroar|Flare Blitz|p1b: Zacian\n|-supereffective|p1b: Zacian\n|-damage|p1b: Zacian|56/100\n|-damage|p2b: Incineroar|89/100|[from] Recoil\n|move|p2a: Calyrex|Glacial Lance|p1b: Zacian|[spread] p1a,p1b\n|-supereffective|p1a: Tornadus\n|-resisted|p1b: Zacian\n|-damage|p1a: Tornadus|0 fnt\n|-damage|p1b: Zacian|31/100\n|faint|p1a: Tornadus\n|-ability|p2a: Calyrex|Chilling Neigh|boost\n|-boost|p2a: Calyrex|atk|1\n|move|p1b: Zacian|Behemoth Blade|p2a: Calyrex\n|-supereffective|p2a: Calyrex\n|-damage|p2a: Calyrex|27/100\n|\n|-weather|RainDance|[upkeep]\n|-heal|p2a: Calyrex|33/100|[from] item: Leftovers\n|upkeep\n|inactive|Battle timer is ON: inactive players will automatically lose when time's up. (requested by testhan92)\n|\n|t:|1775339499\n|switch|p1a: Chien-Pao|Chien-Pao, L50|100/100\n|-ability|p1a: Chien-Pao|Sword of Ruin\n|turn|3\n|\n|t:|1775339528\n|-terastallize|p1b: Zacian|Ground\n|move|p2a: Calyrex|Protect|p2a: Calyrex\n|-singleturn|p2a: Calyrex|Protect\n|move|p1a: Chien-Pao|Sucker Punch||[still]\n|-fail|p1a: Chien-Pao\n|move|p2b: Incineroar|Flare Blitz|p1a: Chien-Pao\n|-supereffective|p1a: Chien-Pao\n|-damage|p1a: Chien-Pao|39/100\n|-damage|p2b: Incineroar|73/100|[from] Recoil\n|move|p1b: Zacian|Sacred Sword|p2b: Incineroar\n|-supereffective|p2b: Incineroar\n|-damage|p2b: Incineroar|4/100\n|\n|-weather|RainDance|[upkeep]\n|-heal|p2a: Calyrex|39/100|[from] item: Leftovers\n|upkeep\n|turn|4\n|inactive|Eco McC has 30 seconds left.\n|\n|t:|1775339554\n|-terastallize|p2a: Calyrex|Fairy\n|move|p1a: Chien-Pao|Sucker Punch|p2a: Calyrex\n|-resisted|p2a: Calyrex\n|-damage|p2a: Calyrex|26/100\n|move|p2b: Incineroar|Parting Shot|p1a: Chien-Pao\n|-unboost|p1a: Chien-Pao|atk|1\n|-unboost|p1a: Chien-Pao|spa|1\n|\n|t:|1775339561\n|switch|p2b: Smeargle|Smeargle, L50, M|100/100|[from] Parting Shot\n|move|p2a: Calyrex|Glacial Lance|p1b: Zacian|[spread] p1a,p1b\n|-resisted|p1a: Chien-Pao\n|-supereffective|p1b: Zacian\n|-damage|p1a: Chien-Pao|0 fnt\n|-damage|p1b: Zacian|0 fnt\n|faint|p1a: Chien-Pao\n|faint|p1b: Zacian\n|-ability|p2a: Calyrex|Chilling Neigh|boost\n|-boost|p2a: Calyrex|atk|2\n|\n|-weather|RainDance|[upkeep]\n|-heal|p2a: Calyrex|32/100|[from] item: Leftovers\n|-sideend|p1: Eco McC|move: Tailwind\n|-ability|p2b: Smeargle|Moody|boost\n|-boost|p2b: Smeargle|spe|2\n|-unboost|p2b: Smeargle|atk|1\n|upkeep\n|\n|t:|1775339567\n|switch|p1b: Kyogre|Kyogre, L50|100/100\n|turn|5\n|\n|t:|1775339586\n|move|p2a: Calyrex|Protect|p2a: Calyrex\n|-singleturn|p2a: Calyrex|Protect\n|move|p1b: Kyogre|Protect|p1b: Kyogre\n|-singleturn|p1b: Kyogre|Protect\n|move|p2b: Smeargle|Spiky Shield||[still]\n|-fail|p2b: Smeargle\n|\n|-weather|RainDance|[upkeep]\n|-heal|p2a: Calyrex|38/100|[from] item: Leftovers\n|-fieldend|move: Trick Room\n|-ability|p2b: Smeargle|Moody|boost\n|-boost|p2b: Smeargle|spd|2\n|-unboost|p2b: Smeargle|atk|1\n|upkeep\n|turn|6\n|\n|t:|1775339595\n|move|p2b: Smeargle|Spore|p1b: Kyogre\n|-status|p1b: Kyogre|slp|[from] move: Spore\n|cant|p1b: Kyogre|slp\n|move|p2a: Calyrex|Leech Seed|p1b: Kyogre\n|-start|p1b: Kyogre|move: Leech Seed\n|\n|-weather|none\n|-heal|p2a: Calyrex|44/100|[from] item: Leftovers\n|-damage|p1b: Kyogre|88/100 slp|[from] Leech Seed|[of] p2a: Calyrex\n|-heal|p2a: Calyrex|56/100|[silent]\n|-ability|p2b: Smeargle|Moody|boost\n|-boost|p2b: Smeargle|def|2\n|-unboost|p2b: Smeargle|spd|1\n|upkeep\n|turn|7\n|-message|Eco McC forfeited.\n|\n|win|testhan92\n|raw|Eco McC's rating: 1289 &rarr; <strong>1269</strong><br />(-20 for losing)\n|raw|testhan92's rating: 1355 &rarr; <strong>1371</strong><br />(+16 for winning)\n|l|\u2606Eco McC\n|player|p1|\n","uploadtime":1775339619,"views":11,"formatid":"gen9vgc2026regi","rating":1269,"private":0,"password":null}