{"id":"gen9vgc2026regi-2565435782","format":"[Gen 9] VGC 2026 Reg I","players":["marcxhenry","dthor31"],"log":"|j|\u2606marcxhenry\n|j|\u2606dthor31\n|t:|1774275194\n|gametype|doubles\n|player|p1|marcxhenry|hilbert-wonderlauncher|1332\n|player|p2|dthor31|naveen|1381\n|gen|9\n|tier|[Gen 9] VGC 2026 Reg I\n|rated|\n|rule|Species Clause: Limit one of each Pok\u00e9mon\n|rule|Item Clause: Limit 1 of each item\n|clearpoke\n|poke|p1|Calyrex-Shadow, L50|\n|poke|p1|Urshifu-*, L50, M|\n|poke|p1|Roaring Moon, L50|\n|poke|p1|Kyogre, L50|\n|poke|p1|Tsareena, L50, F|\n|poke|p1|Kingambit, L50, M|\n|poke|p2|Calyrex-Ice, L50|\n|poke|p2|Amoonguss, L50, F|\n|poke|p2|Flutter Mane, L50|\n|poke|p2|Grimmsnarl, L50, M|\n|poke|p2|Kyogre, L50|\n|poke|p2|Basculegion, L50, M|\n|teampreview|4\n|inactive|Battle timer is ON: inactive players will automatically lose when time's up. (requested by dthor31)\n|\n|t:|1774275221\n|teamsize|p1|4\n|teamsize|p2|4\n|start\n|switch|p1a: Tripitz|Kyogre, L50, shiny|100/100\n|switch|p1b: Hitmonshe|Tsareena, L50, F, shiny|100/100\n|switch|p2a: Calyrex|Calyrex-Ice, L50|100/100\n|switch|p2b: Grimmsnarl|Grimmsnarl, L50, M|100/100\n|-ability|p2a: Calyrex|As One\n|-ability|p2a: Calyrex|Unnerve\n|-weather|RainDance|[from] ability: Drizzle|[of] p1a: Tripitz\n|turn|1\n|j| Winieska Rambulera\n|\n|t:|1774275237\n|-terastallize|p1b: Hitmonshe|Water\n|move|p2b: Grimmsnarl|Light Screen|p2b: Grimmsnarl\n|-sidestart|p2: dthor31|move: Light Screen\n|move|p1a: Tripitz|Water Spout|p2b: Grimmsnarl|[spread] p2a,p2b\n|-damage|p2a: Calyrex|49/100\n|-damage|p2b: Grimmsnarl|28/100\n|move|p1b: Hitmonshe|Power Whip|p2a: Calyrex\n|-damage|p2a: Calyrex|15/100\n|move|p2a: Calyrex|Trick Room|p2a: Calyrex\n|-fieldstart|move: Trick Room|[of] p2a: Calyrex\n|\n|-weather|RainDance|[upkeep]\n|-heal|p2a: Calyrex|21/100|[from] item: Leftovers\n|upkeep\n|turn|2\n|\n|t:|1774275256\n|switch|p1b: Hermann|Kingambit, L50, M, shiny|100/100\n|move|p2a: Calyrex|Protect|p2a: Calyrex\n|-singleturn|p2a: Calyrex|Protect\n|move|p1a: Tripitz|Protect|p1a: Tripitz\n|-singleturn|p1a: Tripitz|Protect\n|move|p2b: Grimmsnarl|Spirit Break|p1a: Tripitz\n|-activate|p1a: Tripitz|move: Protect\n|\n|-weather|RainDance|[upkeep]\n|-heal|p2a: Calyrex|27/100|[from] item: Leftovers\n|upkeep\n|turn|3\n|\n|t:|1774275274\n|switch|p2a: Amoonguss|Amoonguss, L50, F|100/100\n|switch|p1a: Hitmonshe|Tsareena, L50, F, shiny, tera:Water|100/100\n|move|p2b: Grimmsnarl|Reflect|p2b: Grimmsnarl\n|-sidestart|p2: dthor31|Reflect\n|move|p1b: Hermann|Brick Break|p2a: Amoonguss\n|-sideend|p2: dthor31|Reflect\n|-sideend|p2: dthor31|move: Light Screen\n|-resisted|p2a: Amoonguss\n|-damage|p2a: Amoonguss|88/100\n|-damage|p1b: Hermann|84/100|[from] item: Rocky Helmet|[of] p2a: Amoonguss\n|\n|-weather|RainDance|[upkeep]\n|upkeep\n|turn|4\n|\n|t:|1774275291\n|switch|p2b: Calyrex|Calyrex-Ice, L50|27/100\n|-ability|p2b: Calyrex|As One\n|-ability|p2b: Calyrex|Unnerve\n|move|p2a: Amoonguss|Spore|p1b: Hermann\n|-status|p1b: Hermann|slp|[from] move: Spore\n|cant|p1b: Hermann|slp\n|move|p1a: Hitmonshe|Taunt|p2a: Amoonguss\n|-start|p2a: Amoonguss|move: Taunt\n|\n|-weather|RainDance|[upkeep]\n|-heal|p2b: Calyrex|33/100|[from] item: Leftovers\n|upkeep\n|turn|5\n|\n|t:|1774275309\n|move|p2a: Amoonguss|Pollen Puff|p2b: Calyrex\n|-heal|p2b: Calyrex|83/100\n|move|p2b: Calyrex|Glacial Lance|p1b: Hermann|[spread] p1a,p1b\n|-resisted|p1a: Hitmonshe\n|-resisted|p1b: Hermann\n|-damage|p1a: Hitmonshe|76/100\n|-damage|p1b: Hermann|65/100 slp\n|cant|p1b: Hermann|slp\n|move|p1a: Hitmonshe|Power Whip|p2b: Calyrex\n|-damage|p2b: Calyrex|47/100\n|\n|-weather|none\n|-heal|p2b: Calyrex|53/100|[from] item: Leftovers\n|-fieldend|move: Trick Room\n|upkeep\n|turn|6\n|\n|t:|1774275329\n|-terastallize|p2b: Calyrex|Fairy\n|move|p1a: Hitmonshe|Taunt|p2b: Calyrex\n|-start|p2b: Calyrex|move: Taunt\n|cant|p1b: Hermann|slp\n|move|p2a: Amoonguss|Pollen Puff|p2b: Calyrex\n|-heal|p2b: Calyrex|100/100\n|cant|p2b: Calyrex|move: Taunt|Trick Room\n|\n|upkeep\n|turn|7\n|\n|t:|1774275344\n|switch|p2a: Grimmsnarl|Grimmsnarl, L50, M|28/100\n|move|p1a: Hitmonshe|Protect|p1a: Hitmonshe\n|-singleturn|p1a: Hitmonshe|Protect\n|-curestatus|p1b: Hermann|slp|[msg]\n|move|p1b: Hermann|Iron Head|p2b: Calyrex\n|-supereffective|p2b: Calyrex\n|-damage|p2b: Calyrex|50/100\n|cant|p2b: Calyrex|flinch\n|\n|-heal|p2b: Calyrex|56/100|[from] item: Leftovers\n|upkeep\n|turn|8\n|\n|t:|1774275366\n|switch|p2b: Amoonguss|Amoonguss, L50, F|100/100\n|move|p2a: Grimmsnarl|Reflect|p2a: Grimmsnarl\n|-sidestart|p2: dthor31|Reflect\n|move|p1a: Hitmonshe|Taunt|p2b: Amoonguss\n|-start|p2b: Amoonguss|move: Taunt\n|move|p1b: Hermann|Iron Head|p2a: Grimmsnarl\n|-supereffective|p2a: Grimmsnarl\n|-damage|p2a: Grimmsnarl|0 fnt\n|faint|p2a: Grimmsnarl\n|\n|upkeep\n|\n|t:|1774275372\n|switch|p2a: Kyogre|Kyogre, L50|100/100\n|-weather|RainDance|[from] ability: Drizzle|[of] p2a: Kyogre\n|turn|9\n|\n|t:|1774275381\n|move|p1a: Hitmonshe|Protect|p1a: Hitmonshe\n|-singleturn|p1a: Hitmonshe|Protect\n|move|p1b: Hermann|Sucker Punch|p2a: Kyogre\n|-damage|p2a: Kyogre|72/100\n|move|p2a: Kyogre|Water Spout|p1a: Hitmonshe|[spread] p1b\n|-activate|p1a: Hitmonshe|move: Protect\n|-damage|p1b: Hermann|11/100\n|move|p2b: Amoonguss|Pollen Puff|p2a: Kyogre\n|-heal|p2a: Kyogre|100/100\n|\n|-weather|RainDance|[upkeep]\n|upkeep\n|turn|10\n|\n|t:|1774275399\n|move|p2a: Kyogre|Protect|p2a: Kyogre\n|-singleturn|p2a: Kyogre|Protect\n|move|p1b: Hermann|Sucker Punch||[still]\n|-fail|p1b: Hermann\n|move|p1a: Hitmonshe|Power Whip|p2a: Kyogre\n|-activate|p2a: Kyogre|move: Protect\n|move|p2b: Amoonguss|Pollen Puff|p1a: Hitmonshe\n|-damage|p1a: Hitmonshe|55/100\n|\n|-weather|RainDance|[upkeep]\n|-end|p2b: Amoonguss|move: Taunt\n|upkeep\n|turn|11\n|\n|t:|1774275422\n|move|p2b: Amoonguss|Rage Powder|p2b: Amoonguss\n|-singleturn|p2b: Amoonguss|move: Rage Powder\n|move|p1b: Hermann|Sucker Punch||[still]\n|-fail|p1b: Hermann\n|move|p2a: Kyogre|Water Spout|p1b: Hermann|[spread] p1a,p1b\n|-resisted|p1a: Hitmonshe\n|-damage|p1a: Hitmonshe|0 fnt\n|-damage|p1b: Hermann|0 fnt\n|faint|p1a: Hitmonshe\n|faint|p1b: Hermann\n|\n|-weather|RainDance|[upkeep]\n|upkeep\n|\n|t:|1774275431\n|switch|p1a: Tripitz|Kyogre, L50, shiny|100/100\n|switch|p1b: Ludwig|Calyrex-Shadow, L50|100/100\n|-ability|p1b: Ludwig|As One\n|-ability|p1b: Ludwig|Unnerve\n|turn|12\n|\n|t:|1774275440\n|move|p2a: Kyogre|Protect|p2a: Kyogre\n|-singleturn|p2a: Kyogre|Protect\n|move|p1b: Ludwig|Psychic|p2b: Amoonguss\n|-supereffective|p2b: Amoonguss\n|-damage|p2b: Amoonguss|1/100\n|move|p1a: Tripitz|Water Spout|p2a: Kyogre|[spread] p2b\n|-activate|p2a: Kyogre|move: Protect\n|-resisted|p2b: Amoonguss\n|-damage|p2b: Amoonguss|0 fnt\n|faint|p2b: Amoonguss\n|\n|-weather|RainDance|[upkeep]\n|upkeep\n|\n|t:|1774275444\n|switch|p2b: Calyrex|Calyrex-Ice, L50, tera:Fairy|56/100\n|-ability|p2b: Calyrex|As One\n|-ability|p2b: Calyrex|Unnerve\n|turn|13\n|\n|t:|1774275457\n|move|p1b: Ludwig|Astral Barrage|p2b: Calyrex|[spread] p2a,p2b\n|-damage|p2a: Kyogre|57/100\n|-damage|p2b: Calyrex|20/100\n|move|p1a: Tripitz|Water Spout|p2b: Calyrex|[spread] p2a,p2b\n|-resisted|p2a: Kyogre\n|-crit|p2b: Calyrex\n|-damage|p2a: Kyogre|8/100\n|-damage|p2b: Calyrex|0 fnt\n|faint|p2b: Calyrex\n|move|p2a: Kyogre|Origin Pulse|p1a: Tripitz|[spread] p1a\n|-miss|p2a: Kyogre|p1b: Ludwig\n|-resisted|p1a: Tripitz\n|-damage|p1a: Tripitz|65/100\n|\n|-weather|none\n|upkeep\n|turn|14\n|-message|dthor31 forfeited.\n|\n|win|marcxhenry\n|raw|marcxhenry's rating: 1332 &rarr; <strong>1355</strong><br />(+23 for winning)\n|raw|dthor31's rating: 1381 &rarr; <strong>1358</strong><br />(-23 for losing)\n|l|\u2606dthor31\n|player|p2|\n|l|\u2606marcxhenry\n|player|p1|\n","uploadtime":1774275706,"views":12,"formatid":"gen9vgc2026regi","rating":1355,"private":0,"password":null}