{"id":"gen9vgc2026regi-2562304123","format":"[Gen 9] VGC 2026 Reg I","players":["jj11j1","kaseypocius"],"log":"|j|\u2606jj11j1\n|j|\u2606kaseypocius\n|t:|1773894367\n|gametype|doubles\n|player|p1|jj11j1|266|1381\n|player|p2|kaseypocius|ariana|1443\n|gen|9\n|tier|[Gen 9] VGC 2026 Reg I\n|rated|\n|rule|Species Clause: Limit one of each Pok\u00e9mon\n|rule|Item Clause: Limit 1 of each item\n|clearpoke\n|poke|p1|Kyogre, L50|\n|poke|p1|Calyrex-Ice, L50|\n|poke|p1|Landorus, L50, M|\n|poke|p1|Urshifu-*, L50, F|\n|poke|p1|Smeargle, L50, F|\n|poke|p1|Flutter Mane, L50|\n|poke|p2|Incineroar, L50, M|\n|poke|p2|Rillaboom, L50, M|\n|poke|p2|Ursaluna-Bloodmoon, L50, M|\n|poke|p2|Calyrex-Ice, L50|\n|poke|p2|Lunala, L50|\n|poke|p2|Indeedee-F, L50, F|\n|teampreview|4\n|\n|t:|1773894385\n|teamsize|p1|4\n|teamsize|p2|4\n|start\n|switch|p1a: Flutter Mane|Flutter Mane, L50|100/100\n|switch|p1b: Calyrex|Calyrex-Ice, L50|100/100\n|switch|p2a: Rillaboom|Rillaboom, L50, M|100/100\n|switch|p2b: Lunala|Lunala, L50|100/100\n|-ability|p1b: Calyrex|As One\n|-ability|p1b: Calyrex|Unnerve\n|-fieldstart|move: Grassy Terrain|[from] ability: Grassy Surge|[of] p2a: Rillaboom\n|turn|1\n|\n|t:|1773894407\n|switch|p1b: Smeargle|Smeargle, L50, F|100/100\n|move|p2a: Rillaboom|Fake Out|p1b: Smeargle\n|-damage|p1b: Smeargle|64/100\n|move|p1a: Flutter Mane|Shadow Ball|p2b: Lunala\n|-supereffective|p2b: Lunala\n|-damage|p2b: Lunala|39/100\n|move|p2b: Lunala|Trick Room|p2b: Lunala\n|-fieldstart|move: Trick Room|[of] p2b: Lunala\n|\n|-heal|p2b: Lunala|45/100|[from] Grassy Terrain\n|-heal|p1b: Smeargle|70/100|[from] Grassy Terrain\n|-ability|p1b: Smeargle|Moody|boost\n|-boost|p1b: Smeargle|spe|2\n|-unboost|p1b: Smeargle|atk|1\n|-enditem|p1b: Smeargle|Eject Pack\n|upkeep\n|\n|t:|1773894424\n|switch|p1b: Calyrex|Calyrex-Ice, L50|100/100\n|-ability|p1b: Calyrex|As One\n|-ability|p1b: Calyrex|Unnerve\n|turn|2\n|\n|t:|1773894440\n|switch|p2a: Calyrex|Calyrex-Ice, L50|100/100\n|-ability|p2a: Calyrex|As One\n|-ability|p2a: Calyrex|Unnerve\n|-end|p1a: Flutter Mane|Protosynthesis|[silent]\n|switch|p1a: Smeargle|Smeargle, L50, F|70/100\n|-terastallize|p1b: Calyrex|Grass\n|move|p1b: Calyrex|Seed Bomb|p2b: Lunala\n|-damage|p2b: Lunala|0 fnt\n|faint|p2b: Lunala\n|-ability|p1b: Calyrex|Chilling Neigh|boost\n|-boost|p1b: Calyrex|atk|1\n|\n|-heal|p1a: Smeargle|76/100|[from] Grassy Terrain\n|-ability|p1a: Smeargle|Moody|boost\n|-boost|p1a: Smeargle|atk|2\n|-unboost|p1a: Smeargle|spa|1\n|upkeep\n|\n|t:|1773894455\n|switch|p2b: Ursaluna|Ursaluna-Bloodmoon, L50, M|100/100\n|turn|3\n|\n|t:|1773894471\n|move|p1a: Smeargle|Fake Out|p2b: Ursaluna\n|-damage|p2b: Ursaluna|93/100\n|move|p1b: Calyrex|Imprison|p1b: Calyrex\n|-start|p1b: Calyrex|move: Imprison\n|cant|p2a: Calyrex|move: Imprison|Glacial Lance\n|cant|p2b: Ursaluna|flinch\n|\n|-heal|p2b: Ursaluna|99/100|[from] Grassy Terrain\n|-heal|p1a: Smeargle|82/100|[from] Grassy Terrain\n|-ability|p1a: Smeargle|Moody|boost\n|-boost|p1a: Smeargle|def|2\n|-unboost|p1a: Smeargle|spe|1\n|upkeep\n|turn|4\n|\n|t:|1773894486\n|-terastallize|p2b: Ursaluna|Normal\n|move|p1a: Smeargle|Wide Guard|p1a: Smeargle\n|-singleturn|p1a: Smeargle|Wide Guard\n|move|p2a: Calyrex|Leech Seed|p1a: Smeargle\n|-start|p1a: Smeargle|move: Leech Seed\n|move|p1b: Calyrex|Glacial Lance|p2a: Calyrex|[spread] p2a,p2b\n|-resisted|p2a: Calyrex\n|-damage|p2a: Calyrex|72/100\n|-damage|p2b: Ursaluna|39/100\n|move|p2b: Ursaluna|Blood Moon|p1b: Calyrex\n|-damage|p1b: Calyrex|1/100\n|-damage|p2b: Ursaluna|29/100|[from] item: Life Orb\n|\n|-heal|p2a: Calyrex|77/100|[from] Grassy Terrain\n|-heal|p1b: Calyrex|7/100|[from] Grassy Terrain\n|-heal|p2a: Calyrex|83/100|[from] item: Leftovers\n|-heal|p2b: Ursaluna|35/100|[from] Grassy Terrain\n|-heal|p1a: Smeargle|88/100|[from] Grassy Terrain\n|-damage|p1a: Smeargle|76/100|[from] Leech Seed|[of] p2a: Calyrex\n|-heal|p2a: Calyrex|91/100|[silent]\n|-ability|p1a: Smeargle|Moody|boost\n|-boost|p1a: Smeargle|spe|2\n|-unboost|p1a: Smeargle|spa|1\n|upkeep\n|turn|5\n|\n|t:|1773894516\n|move|p2b: Ursaluna|Protect|p2b: Ursaluna\n|-singleturn|p2b: Ursaluna|Protect\n|move|p1b: Calyrex|Glacial Lance|p2a: Calyrex|[spread] p2a\n|-activate|p2b: Ursaluna|move: Protect\n|-resisted|p2a: Calyrex\n|-damage|p2a: Calyrex|64/100\n|move|p2a: Calyrex|Leech Seed|p1b: Calyrex\n|-immune|p1b: Calyrex\n|move|p1a: Smeargle|Spore|p2a: Calyrex\n|-status|p2a: Calyrex|slp|[from] move: Spore\n|\n|-heal|p1b: Calyrex|13/100|[from] Grassy Terrain\n|-heal|p2a: Calyrex|70/100 slp|[from] Grassy Terrain\n|-heal|p2a: Calyrex|76/100 slp|[from] item: Leftovers\n|-heal|p2b: Ursaluna|40/100|[from] Grassy Terrain\n|-heal|p1a: Smeargle|82/100|[from] Grassy Terrain\n|-damage|p1a: Smeargle|70/100|[from] Leech Seed|[of] p2a: Calyrex\n|-heal|p2a: Calyrex|84/100 slp|[silent]\n|-fieldend|move: Trick Room\n|-fieldend|move: Grassy Terrain\n|-ability|p1a: Smeargle|Moody|boost\n|-boost|p1a: Smeargle|spe|2\n|-unboost|p1a: Smeargle|spd|1\n|upkeep\n|turn|6\n|\n|t:|1773894551\n|cant|p2a: Calyrex|slp\n|move|p1a: Smeargle|Spore|p2b: Ursaluna\n|-status|p2b: Ursaluna|slp|[from] move: Spore\n|cant|p2b: Ursaluna|slp\n|move|p1b: Calyrex|Glacial Lance|p2b: Ursaluna|[spread] p2a,p2b\n|-resisted|p2a: Calyrex\n|-damage|p2a: Calyrex|56/100 slp\n|-damage|p2b: Ursaluna|0 fnt\n|faint|p2b: Ursaluna\n|-ability|p1b: Calyrex|Chilling Neigh|boost\n|-boost|p1b: Calyrex|atk|1\n|\n|-heal|p2a: Calyrex|62/100 slp|[from] item: Leftovers\n|-damage|p1a: Smeargle|58/100|[from] Leech Seed|[of] p2a: Calyrex\n|-heal|p2a: Calyrex|70/100 slp|[silent]\n|-ability|p1a: Smeargle|Moody|boost\n|-boost|p1a: Smeargle|def|2\n|-unboost|p1a: Smeargle|spe|1\n|upkeep\n|\n|t:|1773894561\n|switch|p2b: Rillaboom|Rillaboom, L50, M|100/100\n|-fieldstart|move: Grassy Terrain|[from] ability: Grassy Surge|[of] p2b: Rillaboom\n|turn|7\n|\n|t:|1773894583\n|cant|p2a: Calyrex|slp\n|move|p1a: Smeargle|Follow Me|p1a: Smeargle\n|-singleturn|p1a: Smeargle|move: Follow Me\n|move|p2b: Rillaboom|U-turn|p1a: Smeargle\n|-damage|p1a: Smeargle|37/100\n|move|p1b: Calyrex|Glacial Lance|p2b: Rillaboom|[spread] p2a,p2b\n|-resisted|p2a: Calyrex\n|-supereffective|p2b: Rillaboom\n|-damage|p2a: Calyrex|32/100 slp\n|-damage|p2b: Rillaboom|0 fnt\n|faint|p2b: Rillaboom\n|-ability|p1b: Calyrex|Chilling Neigh|boost\n|-boost|p1b: Calyrex|atk|1\n|\n|-heal|p1a: Smeargle|43/100|[from] Grassy Terrain\n|-heal|p2a: Calyrex|38/100 slp|[from] Grassy Terrain\n|-heal|p1b: Calyrex|19/100|[from] Grassy Terrain\n|-heal|p2a: Calyrex|43/100 slp|[from] item: Leftovers\n|-damage|p1a: Smeargle|31/100|[from] Leech Seed|[of] p2a: Calyrex\n|-heal|p2a: Calyrex|51/100 slp|[silent]\n|-ability|p1a: Smeargle|Moody|boost\n|-boost|p1a: Smeargle|spd|2\n|-unboost|p1a: Smeargle|spa|1\n|upkeep\n|turn|8\n|c|\u2606kaseypocius|gg\n|\n|t:|1773894611\n|cant|p2a: Calyrex|slp\n|move|p1a: Smeargle|Follow Me|p1a: Smeargle\n|-singleturn|p1a: Smeargle|move: Follow Me\n|move|p1b: Calyrex|Glacial Lance|p2a: Calyrex\n|-resisted|p2a: Calyrex\n|-damage|p2a: Calyrex|0 fnt\n|faint|p2a: Calyrex\n|\n|win|jj11j1\n|raw|jj11j1's rating: 1381 &rarr; <strong>1405</strong><br />(+24 for winning)\n|raw|kaseypocius's rating: 1443 &rarr; <strong>1419</strong><br />(-24 for losing)\n|l|\u2606kaseypocius\n|player|p2|\n|l|\u2606jj11j1\n|player|p1|\n","uploadtime":1773894767,"views":11,"formatid":"gen9vgc2026regi","rating":1405,"private":0,"password":null}