{"id":"gen9vgc2026regi-2521599218","format":"[Gen 9] VGC 2026 Reg I","players":["1zha","AAAJN"],"log":"|j|\u26061zha\n|j|\u2606AAAJN\n|t:|1768793697\n|gametype|doubles\n|player|p1|1zha|battlegirl-gen4|1292\n|player|p2|AAAJN|101|1331\n|gen|9\n|tier|[Gen 9] VGC 2026 Reg I\n|rated|\n|rule|Species Clause: Limit one of each Pok\u00e9mon\n|rule|Item Clause: Limit 1 of each item\n|clearpoke\n|poke|p1|Miraidon, L50|\n|poke|p1|Incineroar, L50, M|\n|poke|p1|Thundurus, L50, M|\n|poke|p1|Ogerpon-Cornerstone, L50, F|\n|poke|p1|Oranguru, L50, F|\n|poke|p1|Calyrex-Shadow, L50|\n|poke|p2|Calyrex-Ice, L50|\n|poke|p2|Urshifu-*, L50, F|\n|poke|p2|Miraidon, L50|\n|poke|p2|Incineroar, L50, M|\n|poke|p2|Ursaluna, L50, F|\n|poke|p2|Landorus, L50, M|\n|teampreview|4\n|inactive|Battle timer is ON: inactive players will automatically lose when time's up. (requested by AAAJN)\n|\n|t:|1768793718\n|teamsize|p1|4\n|teamsize|p2|4\n|start\n|switch|p1a: Miraidon|Miraidon, L50|100/100\n|switch|p1b: Oranguru|Oranguru, L50, F|100/100\n|switch|p2a: Calyrex|Calyrex-Ice, L50|100/100\n|switch|p2b: Miraidon|Miraidon, L50|100/100\n|-ability|p2a: Calyrex|As One\n|-ability|p2a: Calyrex|Unnerve\n|-fieldstart|move: Electric Terrain|[from] ability: Hadron Engine|[of] p2b: Miraidon\n|-enditem|p1a: Miraidon|Electric Seed\n|-boost|p1a: Miraidon|def|1|[from] item: Electric Seed\n|-activate|p1b: Oranguru|ability: Symbiosis|Covert Cloak|[of] p1a: Miraidon\n|-activate|p1a: Miraidon|ability: Hadron Engine\n|turn|1\n|inactive|AAAJN has 30 seconds left.\n|\n|t:|1768793751\n|-terastallize|p1a: Miraidon|Fairy\n|move|p2b: Miraidon|Volt Switch|p1b: Oranguru\n|-damage|p1b: Oranguru|47/100\n|\n|t:|1768793759\n|switch|p2b: Ursaluna|Ursaluna, L50, F|100/100|[from] Volt Switch\n|move|p1a: Miraidon|Calm Mind|p1a: Miraidon\n|-boost|p1a: Miraidon|spa|1\n|-boost|p1a: Miraidon|spd|1\n|move|p1b: Oranguru|Instruct|p1a: Miraidon\n|-singleturn|p1a: Miraidon|move: Instruct|[of] p1b: Oranguru\n|move|p1a: Miraidon|Calm Mind|p1a: Miraidon\n|-boost|p1a: Miraidon|spa|1\n|-boost|p1a: Miraidon|spd|1\n|move|p2a: Calyrex|Trick Room|p2a: Calyrex\n|-fieldstart|move: Trick Room|[of] p2a: Calyrex\n|\n|-status|p2b: Ursaluna|brn|[from] item: Flame Orb\n|upkeep\n|turn|2\n|\n|t:|1768793776\n|switch|p1b: Incineroar|Incineroar, L50, M|100/100\n|-ability|p1b: Incineroar|Intimidate|boost\n|-unboost|p2a: Calyrex|atk|1\n|-unboost|p2b: Ursaluna|atk|1\n|move|p1a: Miraidon|Protect|p1a: Miraidon\n|-singleturn|p1a: Miraidon|Protect\n|move|p2a: Calyrex|Glacial Lance|p1b: Incineroar|[spread] p1b\n|-activate|p1a: Miraidon|move: Protect\n|-resisted|p1b: Incineroar\n|-damage|p1b: Incineroar|89/100\n|move|p2b: Ursaluna|Facade|p1a: Miraidon\n|-activate|p1a: Miraidon|move: Protect\n|\n|-damage|p2b: Ursaluna|95/100 brn|[from] brn\n|upkeep\n|turn|3\n|inactive|1zha has 30 seconds left.\n|\n|t:|1768793805\n|switch|p1b: Oranguru|Oranguru, L50, F|47/100\n|-terastallize|p2b: Ursaluna|Ghost\n|move|p2a: Calyrex|Glacial Lance|p1b: Oranguru|[spread] p1a,p1b\n|-damage|p1a: Miraidon|83/100\n|-damage|p1b: Oranguru|9/100\n|move|p2b: Ursaluna|Facade|p1a: Miraidon\n|-damage|p1a: Miraidon|43/100\n|move|p1a: Miraidon|Dragon Pulse|p2a: Calyrex\n|-damage|p2a: Calyrex|32/100\n|\n|-damage|p2b: Ursaluna|89/100 brn|[from] brn\n|upkeep\n|turn|4\n|inactive|1zha has 30 seconds left.\n|\n|t:|1768793835\n|move|p1a: Miraidon|Protect|p1a: Miraidon\n|-singleturn|p1a: Miraidon|Protect\n|move|p2b: Ursaluna|Facade|p1a: Miraidon\n|-activate|p1a: Miraidon|move: Protect\n|move|p2a: Calyrex|Glacial Lance|p1b: Oranguru|[spread] p1b\n|-activate|p1a: Miraidon|move: Protect\n|-damage|p1b: Oranguru|0 fnt\n|faint|p1b: Oranguru\n|-ability|p2a: Calyrex|Chilling Neigh|boost\n|-boost|p2a: Calyrex|atk|1\n|\n|-damage|p2b: Ursaluna|83/100 brn|[from] brn\n|upkeep\n|\n|t:|1768793843\n|switch|p1b: Incineroar|Incineroar, L50, M|89/100\n|-ability|p1b: Incineroar|Intimidate|boost\n|-unboost|p2a: Calyrex|atk|1\n|-unboost|p2b: Ursaluna|atk|1\n|turn|5\n|\n|t:|1768793850\n|move|p1b: Incineroar|Fake Out|p2a: Calyrex\n|-damage|p2a: Calyrex|25/100\n|move|p2b: Ursaluna|Facade|p1a: Miraidon\n|-damage|p1a: Miraidon|10/100\n|move|p2a: Calyrex|Glacial Lance|p1a: Miraidon|[spread] p1a,p1b\n|-resisted|p1b: Incineroar\n|-crit|p1b: Incineroar\n|-damage|p1a: Miraidon|0 fnt\n|-damage|p1b: Incineroar|62/100\n|faint|p1a: Miraidon\n|-ability|p2a: Calyrex|Chilling Neigh|boost\n|-boost|p2a: Calyrex|atk|1\n|\n|-damage|p2b: Ursaluna|77/100 brn|[from] brn\n|-fieldend|move: Trick Room\n|-fieldend|move: Electric Terrain\n|upkeep\n|\n|t:|1768793862\n|switch|p1a: Calyrex|Calyrex-Shadow, L50|100/100\n|-ability|p1a: Calyrex|As One\n|-ability|p1a: Calyrex|Unnerve\n|turn|6\n|\n|t:|1768793877\n|move|p2b: Ursaluna|Protect|p2b: Ursaluna\n|-singleturn|p2b: Ursaluna|Protect\n|move|p1a: Calyrex|Astral Barrage|p2b: Ursaluna|[spread] p2a\n|-activate|p2b: Ursaluna|move: Protect\n|-supereffective|p2a: Calyrex\n|-damage|p2a: Calyrex|0 fnt\n|faint|p2a: Calyrex\n|-ability|p1a: Calyrex|Grim Neigh|boost\n|-boost|p1a: Calyrex|spa|1\n|move|p1b: Incineroar|Parting Shot|p2b: Ursaluna\n|-activate|p2b: Ursaluna|move: Protect\n|\n|-damage|p2b: Ursaluna|71/100 brn|[from] brn\n|upkeep\n|\n|t:|1768793882\n|switch|p2a: Miraidon|Miraidon, L50|100/100\n|-fieldstart|move: Electric Terrain|[from] ability: Hadron Engine|[of] p2a: Miraidon\n|turn|7\n|inactive|AAAJN has 30 seconds left.\n|\n|t:|1768793909\n|move|p2a: Miraidon|Snarl|p1b: Incineroar|[spread] p1a,p1b\n|-supereffective|p1a: Calyrex\n|-resisted|p1b: Incineroar\n|-crit|p1b: Incineroar\n|-damage|p1a: Calyrex|16/100\n|-damage|p1b: Incineroar|48/100\n|-unboost|p1a: Calyrex|spa|1\n|-unboost|p1b: Incineroar|spa|1\n|-enditem|p1b: Incineroar|Sitrus Berry|[eat]\n|-heal|p1b: Incineroar|73/100|[from] item: Sitrus Berry\n|move|p1a: Calyrex|Astral Barrage|p2a: Miraidon|[spread] p2a,p2b\n|-supereffective|p2b: Ursaluna\n|-damage|p2a: Miraidon|51/100\n|-damage|p2b: Ursaluna|0 fnt\n|faint|p2b: Ursaluna\n|-ability|p1a: Calyrex|Grim Neigh|boost\n|-boost|p1a: Calyrex|spa|1\n|move|p1b: Incineroar|Parting Shot|p2a: Miraidon\n|-unboost|p2a: Miraidon|atk|1\n|-unboost|p2a: Miraidon|spa|1\n|\n|upkeep\n|\n|t:|1768793914\n|switch|p2b: Urshifu|Urshifu-Rapid-Strike, L50, F|100/100\n|turn|8\n|\n|t:|1768793929\n|move|p1a: Calyrex|Protect|p1a: Calyrex\n|-singleturn|p1a: Calyrex|Protect\n|move|p2b: Urshifu|Detect|p2b: Urshifu\n|-singleturn|p2b: Urshifu|Protect\n|move|p2a: Miraidon|Snarl|p1b: Incineroar|[spread] p1b\n|-activate|p1a: Calyrex|move: Protect\n|-resisted|p1b: Incineroar\n|-damage|p1b: Incineroar|66/100\n|-unboost|p1b: Incineroar|spa|1\n|move|p1b: Incineroar|Knock Off|p2a: Miraidon\n|-damage|p2a: Miraidon|16/100\n|-enditem|p2a: Miraidon|Choice Scarf|[from] move: Knock Off|[of] p1b: Incineroar\n|\n|upkeep\n|turn|9\n|\n|t:|1768793945\n|move|p2b: Urshifu|Aqua Jet|p1a: Calyrex\n|-damage|p1a: Calyrex|0 fnt\n|faint|p1a: Calyrex\n|move|p2a: Miraidon|Electro Drift|p1b: Incineroar\n|-damage|p1b: Incineroar|7/100\n|move|p1b: Incineroar|Will-O-Wisp|p2b: Urshifu|[miss]\n|-miss|p1b: Incineroar|p2b: Urshifu\n|\n|upkeep\n|turn|10\n|-message|1zha forfeited.\n|\n|win|AAAJN\n|raw|1zha's rating: 1309 &rarr; <strong>1290</strong><br />(-19 for losing)\n|raw|AAAJN's rating: 1331 &rarr; <strong>1350</strong><br />(+19 for winning)\n|l|\u26061zha\n|player|p1|\n|l|\u2606AAAJN\n|player|p2|\n","uploadtime":1768794154,"views":13,"formatid":"gen9vgc2026regi","rating":1290,"private":0,"password":null}