{"id":"gen9vgc2026regi-2573408055","format":"[Gen 9] VGC 2026 Reg I","players":["Buggggggggggggggg","4Test4"],"log":"|j|\u2606Buggggggggggggggg\n|j|\u26064Test4\n|t:|1775133639\n|gametype|doubles\n|player|p1|Buggggggggggggggg|iris-gen5bw2|1154\n|player|p2|4Test4|blue|1239\n|gen|9\n|tier|[Gen 9] VGC 2026 Reg I\n|rated|\n|rule|Species Clause: Limit one of each Pok\u00e9mon\n|rule|Item Clause: Limit 1 of each item\n|clearpoke\n|poke|p1|Zekrom, L50|\n|poke|p1|Kyurem-White, L50|\n|poke|p1|Tornadus, L50, M|\n|poke|p1|Ninetales-Alola, L50, F|\n|poke|p1|Chien-Pao, L50|\n|poke|p1|Incineroar, L50, M|\n|poke|p2|Calyrex-Shadow, L50|\n|poke|p2|Zamazenta-*, L50|\n|poke|p2|Tornadus, L50, M|\n|poke|p2|Urshifu-*, L50, M|\n|poke|p2|Smeargle, L50, F|\n|poke|p2|Incineroar, L50, M|\n|teampreview|4\n|c|\u2606Buggggggggggggggg|glhf\nBuggggggggggggggg has agreed to open team sheets.\n|inactive|Battle timer is ON: inactive players will automatically lose when time's up. (requested by Buggggggggggggggg)\n|\n|t:|1775133661\n|teamsize|p1|4\n|teamsize|p2|4\n|start\n|switch|p1a: Tornadus|Tornadus, L50, M|100/100\n|switch|p1b: Ninetales|Ninetales-Alola, L50, F|100/100\n|switch|p2a: Zamazenta|Zamazenta-Crowned, L50|100/100\n|switch|p2b: Tornadus|Tornadus, L50, M|100/100\n|-weather|Snowscape|[from] ability: Snow Warning|[of] p1b: Ninetales\n|-ability|p2a: Zamazenta|Dauntless Shield|boost\n|-boost|p2a: Zamazenta|def|1\n|turn|1\n|\n|t:|1775133682\n|move|p1b: Ninetales|Protect|p1b: Ninetales\n|-singleturn|p1b: Ninetales|Protect\n|move|p2b: Tornadus|Rain Dance|p2b: Tornadus\n|-weather|RainDance\n|move|p1a: Tornadus|Taunt|p2a: Zamazenta\n|-start|p2a: Zamazenta|move: Taunt\n|move|p2a: Zamazenta|Heavy Slam|p1b: Ninetales\n|-activate|p1b: Ninetales|move: Protect\n|\n|-weather|RainDance|[upkeep]\n|upkeep\n|turn|2\n|\n|t:|1775133696\n|-terastallize|p1b: Ninetales|Grass\n|move|p1a: Tornadus|Snowscape|p1a: Tornadus\n|-weather|Snowscape\n|move|p1b: Ninetales|Aurora Veil|p1b: Ninetales\n|-sidestart|p1: Buggggggggggggggg|move: Aurora Veil\n|move|p2b: Tornadus|Bleakwind Storm|p1b: Ninetales|[spread] p1b\n|-miss|p2b: Tornadus|p1a: Tornadus\n|-supereffective|p1b: Ninetales\n|-damage|p1b: Ninetales|47/100\n|move|p2a: Zamazenta|Heavy Slam|p1b: Ninetales\n|-damage|p1b: Ninetales|0 fnt\n|faint|p1b: Ninetales\n|\n|-weather|Snowscape|[upkeep]\n|upkeep\n|\n|t:|1775133707\n|switch|p1b: Kyurem|Kyurem-White, L50|100/100\n|-ability|p1b: Kyurem|Turboblaze\n|turn|3\n|\n|t:|1775133726\n|-terastallize|p2a: Zamazenta|Dragon\n|move|p2b: Tornadus|Rain Dance|p2b: Tornadus\n|-weather|RainDance\n|move|p1a: Tornadus|Tailwind|p1a: Tornadus\n|-sidestart|p1: Buggggggggggggggg|move: Tailwind\n|move|p1b: Kyurem|Blizzard|p2b: Tornadus|[spread] p2a,p2b\n|-supereffective|p2a: Zamazenta\n|-supereffective|p2b: Tornadus\n|-damage|p2a: Zamazenta|21/100\n|-damage|p2b: Tornadus|0 fnt\n|faint|p2b: Tornadus\n|-damage|p1b: Kyurem|91/100|[from] item: Life Orb\n|move|p2a: Zamazenta|Body Press|p1b: Kyurem\n|-supereffective|p1b: Kyurem\n|-damage|p1b: Kyurem|6/100\n|\n|-weather|RainDance|[upkeep]\n|-end|p2a: Zamazenta|move: Taunt\n|upkeep\n|\n|t:|1775133737\n|switch|p2b: Calyrex|Calyrex-Shadow, L50|100/100\n|-ability|p2b: Calyrex|As One\n|-ability|p2b: Calyrex|Unnerve\n|turn|4\n|\n|t:|1775133745\n|move|p2a: Zamazenta|Wide Guard|p2a: Zamazenta\n|-singleturn|p2a: Zamazenta|Wide Guard\n|move|p1a: Tornadus|Snowscape|p1a: Tornadus\n|-weather|Snowscape\n|move|p1b: Kyurem|Blizzard|p2a: Zamazenta|[spread] \n|-activate|p2a: Zamazenta|move: Wide Guard\n|-activate|p2b: Calyrex|move: Wide Guard\n|move|p2b: Calyrex|Astral Barrage|p1a: Tornadus|[spread] p1a,p1b\n|-damage|p1a: Tornadus|61/100\n|-damage|p1b: Kyurem|0 fnt\n|faint|p1b: Kyurem\n|-ability|p2b: Calyrex|Grim Neigh|boost\n|-boost|p2b: Calyrex|spa|1\n|-damage|p2b: Calyrex|91/100|[from] item: Life Orb\n|\n|-weather|Snowscape|[upkeep]\n|upkeep\n|c|\u2606Buggggggggggggggg|NO MY TAUNT\n|\n|t:|1775133753\n|switch|p1b: Zekrom Punch|Zekrom, L50|100/100\n|-ability|p1b: Zekrom Punch|Teravolt\n|turn|5\n|c|\u2606Buggggggggggggggg|This is the worst outcome\n|inactive|4Test4 has 30 seconds left.\n|\n|t:|1775133780\n|move|p1a: Tornadus|Bleakwind Storm|p2b: Calyrex|[spread] p2a,p2b\n|-damage|p2a: Zamazenta|2/100\n|-damage|p2b: Calyrex|59/100\n|move|p1b: Zekrom Punch|Fusion Bolt|p2b: Calyrex\n|-damage|p2b: Calyrex|0 fnt\n|faint|p2b: Calyrex\n|move|p2a: Zamazenta|Body Press|p1b: Zekrom Punch\n|-damage|p1b: Zekrom Punch|66/100\n|\n|-weather|Snowscape|[upkeep]\n|upkeep\n|\n|t:|1775133785\n|switch|p2b: Urshifu|Urshifu-Rapid-Strike, L50, M|100/100\n|turn|6\n|\n|t:|1775133796\n|move|p2a: Zamazenta|Wide Guard|p2a: Zamazenta\n|-singleturn|p2a: Zamazenta|Wide Guard\n|move|p1a: Tornadus|Bleakwind Storm|p2a: Zamazenta|[spread] \n|-activate|p2a: Zamazenta|move: Wide Guard\n|-activate|p2b: Urshifu|move: Wide Guard\n|move|p1b: Zekrom Punch|Fusion Bolt|p2b: Urshifu\n|-supereffective|p2b: Urshifu\n|-damage|p2b: Urshifu|0 fnt\n|faint|p2b: Urshifu\n|\n|-weather|Snowscape|[upkeep]\n|-sideend|p1: Buggggggggggggggg|move: Tailwind\n|upkeep\n|turn|7\n|-message|4Test4 forfeited.\n|\n|win|Buggggggggggggggg\n|raw|Buggggggggggggggg's rating: 1154 &rarr; <strong>1185</strong><br />(+31 for winning)\n|raw|4Test4's rating: 1239 &rarr; <strong>1208</strong><br />(-31 for losing)\n|l|\u26064Test4\n|player|p2|\n|l|\u2606Buggggggggggggggg\n|player|p1|\n","uploadtime":1775134057,"views":10,"formatid":"gen9vgc2026regi","rating":1185,"private":0,"password":null}