{"id":"gen9vgc2026regi-2560329799","format":"[Gen 9] VGC 2026 Reg I","players":["Mirthinion","ultralooks"],"log":"|j|\u2606Mirthinion\n|j|\u2606ultralooks\n|t:|1773677811\n|gametype|doubles\n|player|p1|Mirthinion|janitor|1333\n|player|p2|ultralooks|unknown|1385\n|gen|9\n|tier|[Gen 9] VGC 2026 Reg I\n|rated|\n|rule|Species Clause: Limit one of each Pok\u00e9mon\n|rule|Item Clause: Limit 1 of each item\n|clearpoke\n|poke|p1|Calyrex-Shadow, L50|\n|poke|p1|Zamazenta-*, L50|\n|poke|p1|Urshifu-*, L50, M|\n|poke|p1|Incineroar, L50, M|\n|poke|p1|Rillaboom, L50, M|\n|poke|p1|Tornadus, L50, M|\n|poke|p2|Miraidon, L50|\n|poke|p2|Iron Treads, L50|\n|poke|p2|Terapagos, L50, M|\n|poke|p2|Sinistcha-Masterpiece, L50|\n|poke|p2|Urshifu-*, L50, M|\n|poke|p2|Incineroar, L50, F|\n|teampreview|4\n|inactive|Battle timer is ON: inactive players will automatically lose when time's up. (requested by Mirthinion)\nMirthinion rejected open team sheets.\n|inactive|Mirthinion has 60 seconds left.\n|inactive|ultralooks has 60 seconds left.\n|\n|t:|1773677867\n|teamsize|p1|4\n|teamsize|p2|4\n|start\n|switch|p1a: Vangwe|Tornadus, L50, M|100/100\n|switch|p1b: Beowulf|Urshifu-Rapid-Strike, L50, M|100/100\n|switch|p2a: Terapagos|Terapagos, L50, M|100/100\n|switch|p2b: Incineroar|Incineroar, L50, F|100/100\n|-activate|p2a: Terapagos|ability: Tera Shift\n|detailschange|p2a: Terapagos|Terapagos-Terastal, L50, M\n|-heal|p2a: Terapagos|100/100|[silent]\n|-ability|p2b: Incineroar|Intimidate|boost\n|-unboost|p1a: Vangwe|atk|1\n|-unboost|p1b: Beowulf|atk|1\n|turn|1\n|inactive|Mirthinion has 30 seconds left.\n|\n|t:|1773677894\n|-terastallize|p1b: Beowulf|Ghost\n|move|p2b: Incineroar|Fake Out|p1b: Beowulf\n|-immune|p1b: Beowulf\n|move|p1a: Vangwe|Taunt|p2a: Terapagos\n|-start|p2a: Terapagos|move: Taunt\n|move|p1b: Beowulf|Surging Strikes|p2b: Incineroar\n|-supereffective|p2b: Incineroar\n|-crit|p2b: Incineroar\n|-damage|p2b: Incineroar|58/100\n|-damage|p1b: Beowulf|84/100|[from] item: Rocky Helmet|[of] p2b: Incineroar\n|-supereffective|p2b: Incineroar\n|-crit|p2b: Incineroar\n|-damage|p2b: Incineroar|13/100\n|-damage|p1b: Beowulf|68/100|[from] item: Rocky Helmet|[of] p2b: Incineroar\n|-supereffective|p2b: Incineroar\n|-crit|p2b: Incineroar\n|-damage|p2b: Incineroar|0 fnt\n|-damage|p1b: Beowulf|51/100|[from] item: Rocky Helmet|[of] p2b: Incineroar\n|faint|p2b: Incineroar\n|-hitcount|p2: Incineroar|3\n|move|p2a: Terapagos|Tera Starstorm|p1b: Beowulf\n|-immune|p1b: Beowulf\n|\n|upkeep\n|\n|t:|1773677904\n|switch|p2b: Miraidon|Miraidon, L50|100/100\n|-fieldstart|move: Electric Terrain|[from] ability: Hadron Engine|[of] p2b: Miraidon\n|-enditem|p2a: Terapagos|Electric Seed\n|-boost|p2a: Terapagos|def|1|[from] item: Electric Seed\n|turn|2\n|inactive|Mirthinion has 30 seconds left.\n|inactive|Mirthinion has 20 seconds left.\n|\n|t:|1773677940\n|move|p1a: Vangwe|Tailwind|p1a: Vangwe\n|-sidestart|p1: Mirthinion|move: Tailwind\n|move|p1b: Beowulf|Surging Strikes|p2a: Terapagos\n|-activate|p2a: Terapagos|ability: Tera Shell\n|-resisted|p2a: Terapagos\n|-crit|p2a: Terapagos\n|-damage|p2a: Terapagos|91/100\n|-resisted|p2a: Terapagos\n|-crit|p2a: Terapagos\n|-damage|p2a: Terapagos|81/100\n|-resisted|p2a: Terapagos\n|-crit|p2a: Terapagos\n|-damage|p2a: Terapagos|71/100\n|-hitcount|p2a: Terapagos|3\n|move|p2b: Miraidon|Snarl|p1b: Beowulf|[spread] p1a,p1b\n|-supereffective|p1b: Beowulf\n|-damage|p1a: Vangwe|80/100\n|-damage|p1b: Beowulf|0 fnt\n|faint|p1b: Beowulf\n|move|p2a: Terapagos|Tera Starstorm|p1a: Vangwe\n|-damage|p1a: Vangwe|33/100\n|\n|upkeep\n|\n|t:|1773677958\n|switch|p1b: Hoplite|Rillaboom, L50, M|100/100\n|-fieldstart|move: Grassy Terrain|[from] ability: Grassy Surge|[of] p1b: Hoplite\n|turn|3\n|\n|t:|1773677973\n|switch|p2b: Sinistcha|Sinistcha-Masterpiece, L50|100/100\n|-heal|p2a: Terapagos|96/100|[from] ability: Hospitality|[of] p2b: Sinistcha\n|move|p1a: Vangwe|Bleakwind Storm|p2a: Terapagos|[spread] p2a,p2b\n|-supereffective|p2b: Sinistcha\n|-damage|p2a: Terapagos|67/100\n|-damage|p2b: Sinistcha|12/100\n|move|p1b: Hoplite|U-turn|p2a: Terapagos\n|-damage|p2a: Terapagos|56/100\n|\n|t:|1773677982\n|switch|p1b: Drambor|Zamazenta-Crowned, L50|100/100|[from] U-turn\n|-ability|p1b: Drambor|Dauntless Shield|boost\n|-boost|p1b: Drambor|def|1\n|move|p2a: Terapagos|Tera Starstorm|p1a: Vangwe\n|-damage|p1a: Vangwe|0 fnt\n|faint|p1a: Vangwe\n|\n|-heal|p2a: Terapagos|62/100|[from] Grassy Terrain\n|-heal|p2b: Sinistcha|18/100|[from] Grassy Terrain\n|-end|p2a: Terapagos|move: Taunt\n|upkeep\n|\n|t:|1773677992\n|switch|p1a: Hoplite|Rillaboom, L50, M|100/100\n|turn|4\n|\n|t:|1773678010\n|switch|p2b: Miraidon|Miraidon, L50|100/100\n|-fieldstart|move: Electric Terrain|[from] ability: Hadron Engine|[of] p2b: Miraidon\n|move|p2a: Terapagos|Protect|p2a: Terapagos\n|-singleturn|p2a: Terapagos|Protect\n|move|p1b: Drambor|Body Press|p2a: Terapagos\n|-activate|p2a: Terapagos|move: Protect\n|move|p1a: Hoplite|Wood Hammer|p2b: Miraidon\n|-resisted|p2b: Miraidon\n|-damage|p2b: Miraidon|76/100\n|-damage|p1a: Hoplite|92/100|[from] Recoil\n|\n|upkeep\n|turn|5\n|inactive|Mirthinion has 30 seconds left.\n|inactive|ultralooks has 30 seconds left.\n|\n|t:|1773678038\n|switch|p2b: Sinistcha|Sinistcha-Masterpiece, L50|18/100\n|-heal|p2a: Terapagos|87/100|[from] ability: Hospitality|[of] p2b: Sinistcha\n|-terastallize|p2a: Terapagos|Stellar\n|detailschange|p2a: Terapagos|Terapagos-Stellar, L50, M, tera:Stellar\n|-heal|p2a: Terapagos|90/100|[silent]\n|-ability|p2a: Terapagos|Teraform Zero\n|-fieldend|move: Electric Terrain\n|move|p1b: Drambor|Body Press|p2b: Sinistcha\n|-immune|p2b: Sinistcha\n|move|p1a: Hoplite|Wood Hammer|p2a: Terapagos\n|-damage|p2a: Terapagos|69/100\n|-damage|p1a: Hoplite|84/100|[from] Recoil\n|move|p2a: Terapagos|Tera Starstorm|p1b: Drambor|[spread] p1a,p1b\n|-damage|p1a: Hoplite|59/100\n|-damage|p1b: Drambor|75/100\n|\n|-sideend|p1: Mirthinion|move: Tailwind\n|upkeep\n|turn|6\n|inactive|Mirthinion has 30 seconds left.\n|\n|t:|1773678064\n|move|p2b: Sinistcha|Rage Powder|p2b: Sinistcha\n|-singleturn|p2b: Sinistcha|move: Rage Powder\n|move|p1b: Drambor|Body Press|p2b: Sinistcha\n|-immune|p2b: Sinistcha\n|move|p1a: Hoplite|U-turn|p2b: Sinistcha\n|-crit|p2b: Sinistcha\n|-damage|p2b: Sinistcha|0 fnt\n|faint|p2b: Sinistcha\n|move|p2a: Terapagos|Earth Power|p1b: Drambor\n|-supereffective|p1b: Drambor\n|-damage|p1b: Drambor|27/100\n|\n|upkeep\n|\n|t:|1773678070\n|switch|p2b: Miraidon|Miraidon, L50|76/100\n|-fieldstart|move: Electric Terrain|[from] ability: Hadron Engine|[of] p2b: Miraidon\n|turn|7\n|\n|t:|1773678092\n|move|p1b: Drambor|Protect|p1b: Drambor\n|-singleturn|p1b: Drambor|Protect\n|move|p2b: Miraidon|Electro Drift|p1b: Drambor\n|-activate|p1b: Drambor|move: Protect\n|move|p1a: Hoplite|U-turn|p2b: Miraidon\n|-damage|p2b: Miraidon|54/100\n|move|p2a: Terapagos|Tera Starstorm|p1b: Drambor|[spread] p1a\n|-activate|p1b: Drambor|move: Protect\n|-damage|p1a: Hoplite|34/100\n|\n|upkeep\n|turn|8\n|\n|t:|1773678110\n|move|p1b: Drambor|Body Press|p2b: Miraidon\n|-damage|p2b: Miraidon|1/100\n|move|p2b: Miraidon|Electro Drift|p1b: Drambor\n|-damage|p1b: Drambor|0 fnt\n|faint|p1b: Drambor\n|move|p1a: Hoplite|U-turn|p2a: Terapagos\n|-damage|p2a: Terapagos|61/100\n|move|p2a: Terapagos|Tera Starstorm|p1a: Hoplite\n|-damage|p1a: Hoplite|4/100\n|\n|upkeep\n|turn|9\n|\n|t:|1773678123\n|move|p2b: Miraidon|Electro Drift|p1a: Hoplite\n|-resisted|p1a: Hoplite\n|-damage|p1a: Hoplite|0 fnt\n|faint|p1a: Hoplite\n|\n|win|ultralooks\n|raw|Mirthinion's rating: 1333 &rarr; <strong>1316</strong><br />(-17 for losing)\n|raw|ultralooks's rating: 1385 &rarr; <strong>1402</strong><br />(+17 for winning)\n|c|\u2606Mirthinion|gg, nicely played\n","uploadtime":1773678131,"views":96,"formatid":"gen9vgc2026regi","rating":1316,"private":0,"password":null}