{"id":"gen9vgc2026regi-2588851184","format":"[Gen 9] VGC 2026 Reg I","players":["Lil Tic","Aylawayla"],"log":"|j|\u2606Lil Tic\n|j|\u2606Aylawayla\n|t:|1776678502\n|gametype|doubles\n|player|p1|Lil Tic|169|1430\n|player|p2|Aylawayla|2|1341\n|gen|9\n|tier|[Gen 9] VGC 2026 Reg I\n|rated|\n|rule|Species Clause: Limit one of each Pok\u00e9mon\n|rule|Item Clause: Limit 1 of each item\n|clearpoke\n|poke|p1|Koraidon, L50|\n|poke|p1|Flutter Mane, L50|\n|poke|p1|Ho-Oh, L50|\n|poke|p1|Incineroar, L50, F|\n|poke|p1|Amoonguss, L50, F|\n|poke|p1|Ting-Lu, L50|\n|poke|p2|Calyrex-Ice, L50|\n|poke|p2|Terapagos, L50, M|\n|poke|p2|Annihilape, L50, M|\n|poke|p2|Smeargle, L50, F|\n|poke|p2|Farigiraf, L50, M|\n|poke|p2|Rillaboom, L50, F|\n|teampreview|4\n|\n|t:|1776678570\n|teamsize|p1|4\n|teamsize|p2|4\n|start\n|switch|p1a: Koraidon|Koraidon, L50|100/100\n|switch|p1b: Flutter Mane|Flutter Mane, L50|100/100\n|switch|p2a: Terapagos|Terapagos, L50, M|100/100\n|switch|p2b: Annihilape|Annihilape, L50, M|100/100\n|-activate|p2a: Terapagos|ability: Tera Shift\n|detailschange|p2a: Terapagos|Terapagos-Terastal, L50, M\n|-heal|p2a: Terapagos|100/100|[silent]\n|-weather|SunnyDay|[from] ability: Orichalcum Pulse|[of] p1a: Koraidon\n|-activate|p1b: Flutter Mane|ability: Protosynthesis\n|-start|p1b: Flutter Mane|protosynthesisspe\n|-activate|p1a: Koraidon|Orichalcum Pulse|[source]\n|turn|1\n|inactive|Battle timer is ON: inactive players will automatically lose when time's up. (requested by Lil Tic)\n|\n|t:|1776678615\n|-terastallize|p2a: Terapagos|Stellar\n|detailschange|p2a: Terapagos|Terapagos-Stellar, L50, M, tera:Stellar\n|-heal|p2a: Terapagos|100/100|[silent]\n|-ability|p2a: Terapagos|Teraform Zero\n|-weather|none\n|-end|p1b: Flutter Mane|Protosynthesis\n|move|p2b: Annihilape|Final Gambit|p1a: Koraidon\n|-damage|p1a: Koraidon|0 fnt\n|faint|p2b: Annihilape\n|faint|p1a: Koraidon\n|move|p1b: Flutter Mane|Shadow Ball|p2a: Terapagos\n|-immune|p2a: Terapagos\n|move|p2a: Terapagos|Tera Starstorm|p1b: Flutter Mane\n|-damage|p1b: Flutter Mane|13/100\n|\n|upkeep\n|c|\u2606Lil Tic|aaah\n|inactive|Lil Tic has 30 seconds left.\n|\n|t:|1776678641\n|switch|p1a: Ho-Oh|Ho-Oh, L50|100/100\n|switch|p2b: Smeargle|Smeargle, L50, F|100/100\n|turn|2\n|\n|t:|1776678654\n|move|p1b: Flutter Mane|Icy Wind|p2b: Smeargle|[spread] p2b\n|-miss|p1b: Flutter Mane|p2a: Terapagos\n|-damage|p2b: Smeargle|70/100\n|-unboost|p2b: Smeargle|spe|1\n|move|p1a: Ho-Oh|Sacred Fire|p2b: Smeargle\n|-damage|p2b: Smeargle|0 fnt\n|faint|p2b: Smeargle\n|move|p2a: Terapagos|Tera Starstorm|p1b: Flutter Mane|[spread] p1a,p1b\n|-damage|p1a: Ho-Oh|66/100\n|-damage|p1b: Flutter Mane|0 fnt\n|faint|p1b: Flutter Mane\n|-end|p1b: Flutter Mane|Protosynthesis|[silent]\n|\n|upkeep\n|\n|t:|1776678667\n|switch|p1b: Incineroar|Incineroar, L50, F|100/100\n|switch|p2b: Calyrex|Calyrex-Ice, L50|100/100\n|-ability|p2b: Calyrex|As One\n|-ability|p2b: Calyrex|Unnerve\n|-ability|p1b: Incineroar|Intimidate|boost\n|-unboost|p2a: Terapagos|atk|1\n|-fail|p2b: Calyrex|unboost|[from] item: Clear Amulet|[of] p2b: Calyrex\n|turn|3\n|\n|t:|1776678690\n|move|p1b: Incineroar|Fake Out|p2a: Terapagos\n|-damage|p2a: Terapagos|91/100\n|move|p1a: Ho-Oh|Sacred Fire|p2a: Terapagos\n|-damage|p2a: Terapagos|56/100\n|cant|p2a: Terapagos|flinch\n|move|p2b: Calyrex|Glacial Lance|p1a: Ho-Oh|[spread] p1a,p1b\n|-resisted|p1b: Incineroar\n|-damage|p1a: Ho-Oh|7/100\n|-damage|p1b: Incineroar|71/100\n|\n|upkeep\n|turn|4\n|\n|t:|1776678706\n|move|p1a: Ho-Oh|Sacred Fire|p2b: Calyrex\n|-supereffective|p2b: Calyrex\n|-damage|p2b: Calyrex|24/100\n|move|p2a: Terapagos|Tera Starstorm|p1b: Incineroar|[spread] p1a,p1b\n|-damage|p1a: Ho-Oh|0 fnt\n|-damage|p1b: Incineroar|8/100\n|faint|p1a: Ho-Oh\n|move|p1b: Incineroar|Knock Off|p2b: Calyrex\n|-supereffective|p2b: Calyrex\n|-damage|p2b: Calyrex|0 fnt\n|-enditem|p2b: Calyrex|Clear Amulet|[from] move: Knock Off|[of] p1b: Incineroar\n|faint|p2b: Calyrex\n|\n|upkeep\n|turn|5\n|-message|Lil Tic forfeited.\n|\n|win|Aylawayla\n|raw|Lil Tic's rating: 1430 &rarr; <strong>1405</strong><br />(-25 for losing)\n|raw|Aylawayla's rating: 1341 &rarr; <strong>1366</strong><br />(+25 for winning)\n|l|\u2606Lil Tic\n|player|p1|\n","uploadtime":1776678865,"views":20,"formatid":"gen9vgc2026regi","rating":1366,"private":0,"password":null}