{"id":"gen9vgc2026regi-2552743277","format":"[Gen 9] VGC 2026 Reg I","players":["lalo's pollos","palHunter"],"log":"|j|\u2606lalo's pollos\n|j|\u2606palHunter\n|t:|1772748917\n|gametype|doubles\n|player|p1|lalo's pollos|266|1449\n|player|p2|palHunter|dawn|1564\n|gen|9\n|tier|[Gen 9] VGC 2026 Reg I\n|rated|\n|rule|Species Clause: Limit one of each Pok\u00e9mon\n|rule|Item Clause: Limit 1 of each item\n|clearpoke\n|poke|p1|Calyrex-Shadow, L50|\n|poke|p1|Koraidon, L50|\n|poke|p1|Gothitelle, L50, F|\n|poke|p1|Scream Tail, L50|\n|poke|p1|Incineroar, L50, F|\n|poke|p1|Amoonguss, L50, F|\n|poke|p2|Miraidon, L50|\n|poke|p2|Amoonguss, L50, F|\n|poke|p2|Calyrex-Ice, L50|\n|poke|p2|Urshifu-*, L50, M|\n|poke|p2|Incineroar, L50, F|\n|poke|p2|Landorus, L50, M|\n|teampreview|4\n|j| JonhP451\n|inactive|Battle timer is ON: inactive players will automatically lose when time's up. (requested by palHunter)\n|j| BacXray\n|\n|t:|1772748966\n|teamsize|p1|4\n|teamsize|p2|4\n|start\n|switch|p1a: Scream Tail|Scream Tail, L50|100/100\n|switch|p1b: Incineroar|Incineroar, L50, F|100/100\n|switch|p2a: Incineroar|Incineroar, L50, F, shiny|100/100\n|switch|p2b: Miraidon|Miraidon, L50|100/100\n|-fieldstart|move: Electric Terrain|[from] ability: Hadron Engine|[of] p2b: Miraidon\n|-ability|p2a: Incineroar|Intimidate|boost\n|-unboost|p1a: Scream Tail|atk|1\n|-unboost|p1b: Incineroar|atk|1\n|-ability|p1b: Incineroar|Intimidate|boost\n|-unboost|p2a: Incineroar|atk|1\n|-unboost|p2b: Miraidon|atk|1\n|-enditem|p1a: Scream Tail|Booster Energy\n|-activate|p1a: Scream Tail|ability: Protosynthesis|[fromitem]\n|-start|p1a: Scream Tail|protosynthesisspe\n|turn|1\n|c| BacXray|hi palHunter\n|c| BacXray|hi lao's pollos\n|\n|t:|1772748990\n|-terastallize|p2b: Miraidon|Electric\n|move|p1a: Scream Tail|Protect|p1a: Scream Tail\n|-singleturn|p1a: Scream Tail|Protect\n|move|p2a: Incineroar|Fake Out|p1b: Incineroar\n|-damage|p1b: Incineroar|94/100\n|move|p2b: Miraidon|Electro Drift|p1a: Scream Tail\n|-activate|p1a: Scream Tail|move: Protect\n|cant|p1b: Incineroar|flinch\n|\n|upkeep\n|turn|2\n|\n|t:|1772749011\n|move|p2b: Miraidon|Electro Drift|p1a: Scream Tail\n|-damage|p1a: Scream Tail|0 fnt\n|faint|p1a: Scream Tail\n|-end|p1a: Scream Tail|Protosynthesis|[silent]\n|move|p2a: Incineroar|U-turn|p1b: Incineroar\n|-damage|p1b: Incineroar|85/100\n|c| BacXray|perish song, nice\n|\n|t:|1772749019\n|switch|p2a: Calyrex|Calyrex-Ice, L50|100/100|[from] U-turn\n|-ability|p2a: Calyrex|As One\n|-ability|p2a: Calyrex|Unnerve\n|move|p1b: Incineroar|U-turn|p2a: Calyrex\n|-supereffective|p2a: Calyrex\n|-damage|p2a: Calyrex|85/100\n|c| BacXray|oh\n|\n|t:|1772749032\n|switch|p1b: Koraidon|Koraidon, L50|100/100|[from] U-turn\n|-weather|SunnyDay|[from] ability: Orichalcum Pulse|[of] p1b: Koraidon\n|-activate|p1b: Koraidon|Orichalcum Pulse|[source]\n|\n|-weather|SunnyDay|[upkeep]\n|upkeep\n|\n|t:|1772749034\n|switch|p1a: Incineroar|Incineroar, L50, F|85/100\n|-ability|p1a: Incineroar|Intimidate|boost\n|-fail|p2a: Calyrex|unboost|[from] item: Clear Amulet|[of] p2a: Calyrex\n|-unboost|p2b: Miraidon|atk|1\n|turn|3\n|\n|t:|1772749054\n|switch|p2b: Landorus|Landorus, L50, M, shiny|100/100\n|switch|p2a: Incineroar|Incineroar, L50, F, shiny|100/100\n|-ability|p2a: Incineroar|Intimidate|boost\n|-unboost|p1a: Incineroar|atk|1\n|-unboost|p1b: Koraidon|atk|1\n|-terastallize|p1b: Koraidon|Fire\n|move|p1a: Incineroar|Fake Out|p2b: Landorus\n|-damage|p2b: Landorus|94/100\n|move|p1b: Koraidon|Flame Charge|p2b: Landorus\n|-damage|p2b: Landorus|43/100\n|-boost|p1b: Koraidon|spe|1\n|-damage|p1b: Koraidon|91/100|[from] item: Life Orb\n|\n|-weather|SunnyDay|[upkeep]\n|upkeep\n|turn|4\n|\n|t:|1772749074\n|switch|p1a: Gothitelle|Gothitelle, L50, F|100/100\n|move|p1b: Koraidon|Protect|p1b: Koraidon\n|-singleturn|p1b: Koraidon|Protect\n|move|p2a: Incineroar|Fake Out|p1b: Koraidon\n|-activate|p1b: Koraidon|move: Protect\n|move|p2b: Landorus|Earth Power|p1a: Gothitelle\n|-damage|p1a: Gothitelle|51/100\n|\n|-weather|SunnyDay|[upkeep]\n|-heal|p1a: Gothitelle|58/100|[from] item: Leftovers\n|upkeep\n|turn|5\n|\n|t:|1772749089\n|move|p2b: Landorus|Protect|p2b: Landorus\n|-singleturn|p2b: Landorus|Protect\n|move|p1a: Gothitelle|Fake Out|p2a: Incineroar\n|-damage|p2a: Incineroar|95/100\n|move|p1b: Koraidon|Flame Charge|p2b: Landorus\n|-activate|p2b: Landorus|move: Protect\n|cant|p2a: Incineroar|flinch\n|\n|-weather|SunnyDay|[upkeep]\n|-heal|p1a: Gothitelle|64/100|[from] item: Leftovers\n|-fieldend|move: Electric Terrain\n|upkeep\n|turn|6\n|\n|t:|1772749105\n|switch|p1a: Incineroar|Incineroar, L50, F|85/100\n|-ability|p1a: Incineroar|Intimidate|boost\n|-unboost|p2a: Incineroar|atk|1\n|-unboost|p2b: Landorus|atk|1\n|move|p1b: Koraidon|Flame Charge|p2b: Landorus\n|-damage|p2b: Landorus|0 fnt\n|-boost|p1b: Koraidon|spe|1\n|faint|p2b: Landorus\n|-damage|p1b: Koraidon|81/100|[from] item: Life Orb\n|move|p2a: Incineroar|Knock Off|p1b: Koraidon\n|-damage|p1b: Koraidon|55/100\n|-enditem|p1b: Koraidon|Life Orb|[from] move: Knock Off|[of] p2a: Incineroar\n|\n|-weather|none\n|upkeep\n|\n|t:|1772749124\n|switch|p2b: Calyrex|Calyrex-Ice, L50|85/100\n|-ability|p2b: Calyrex|As One\n|-ability|p2b: Calyrex|Unnerve\n|turn|7\n|\n|t:|1772749132\n|switch|p1b: Gothitelle|Gothitelle, L50, F|64/100\n|switch|p2a: Miraidon|Miraidon, L50, tera:Electric|100/100\n|-fieldstart|move: Electric Terrain|[from] ability: Hadron Engine|[of] p2a: Miraidon\n|move|p2b: Calyrex|Protect|p2b: Calyrex\n|-singleturn|p2b: Calyrex|Protect\n|move|p1a: Incineroar|U-turn|p2b: Calyrex\n|-activate|p2b: Calyrex|move: Protect\n|\n|-heal|p1b: Gothitelle|70/100|[from] item: Leftovers\n|upkeep\n|turn|8\n|\n|t:|1772749148\n|move|p1b: Gothitelle|Fake Out|p2a: Miraidon\n|-crit|p2a: Miraidon\n|-damage|p2a: Miraidon|91/100\n|cant|p2a: Miraidon|flinch\n|move|p1a: Incineroar|U-turn|p2a: Miraidon\n|-damage|p2a: Miraidon|73/100\n|\n|t:|1772749154\n|switch|p1a: Koraidon|Koraidon, L50, tera:Fire|55/100|[from] U-turn\n|-weather|SunnyDay|[from] ability: Orichalcum Pulse|[of] p1a: Koraidon\n|-activate|p1a: Koraidon|Orichalcum Pulse|[source]\n|move|p2b: Calyrex|High Horsepower|p1a: Koraidon\n|-supereffective|p1a: Koraidon\n|-damage|p1a: Koraidon|0 fnt\n|faint|p1a: Koraidon\n|-ability|p2b: Calyrex|Chilling Neigh|boost\n|-boost|p2b: Calyrex|atk|1\n|\n|-weather|SunnyDay|[upkeep]\n|-heal|p1b: Gothitelle|76/100|[from] item: Leftovers\n|upkeep\n|-message|lalo's pollos forfeited.\n|\n|win|palHunter\n|raw|lalo&apos;s pollos's rating: 1449 &rarr; <strong>1435</strong><br />(-14 for losing)\n|raw|palHunter's rating: 1564 &rarr; <strong>1578</strong><br />(+14 for winning)\n|l|\u2606lalo's pollos\n|player|p1|\n|l|\u2606palHunter\n|player|p2|\n|c| BacXray|ggs\n|l| BacXray\n|l| JonhP451\n","uploadtime":1772749398,"views":13,"formatid":"gen9vgc2026regi","rating":1435,"private":0,"password":null}