{"id":"gen9vgc2026regi-2549389357","format":"[Gen 9] VGC 2026 Reg I","players":["sasdhiao","kojimuranishi"],"log":"|j|\u2606sasdhiao\n|j|\u2606kojimuranishi\n|t:|1772357923\n|gametype|doubles\n|player|p1|sasdhiao|rosa|1247\n|player|p2|kojimuranishi|102|1462\n|gen|9\n|tier|[Gen 9] VGC 2026 Reg I\n|rated|\n|rule|Species Clause: Limit one of each Pok\u00e9mon\n|rule|Item Clause: Limit 1 of each item\n|clearpoke\n|poke|p1|Calyrex-Ice, L50|\n|poke|p1|Koraidon, L50|\n|poke|p1|Incineroar, L50, F|\n|poke|p1|Ting-Lu, L50|\n|poke|p1|Rillaboom, L50, F|\n|poke|p1|Ogerpon-Hearthflame, L50, F|\n|poke|p2|Raging Bolt, L50|\n|poke|p2|Calyrex-Ice, L50|\n|poke|p2|Kyogre, L50|\n|poke|p2|Indeedee-F, L50, F|\n|poke|p2|Ursaluna, L50, M|\n|poke|p2|Torkoal, L50, F|\n|teampreview|4\n|inactive|Battle timer is ON: inactive players will automatically lose when time's up. (requested by kojimuranishi)\n|\n|t:|1772357950\n|teamsize|p1|4\n|teamsize|p2|4\n|start\n|switch|p1a: Calyrex|Calyrex-Ice, L50|100/100\n|switch|p1b: Rillaboom|Rillaboom, L50, F|100/100\n|switch|p2a: Indeedee|Indeedee-F, L50, F|100/100\n|switch|p2b: Calyrex|Calyrex-Ice, L50|100/100\n|-ability|p1a: Calyrex|As One\n|-ability|p1a: Calyrex|Unnerve\n|-ability|p2b: Calyrex|As One\n|-ability|p2b: Calyrex|Unnerve\n|-fieldstart|move: Grassy Terrain|[from] ability: Grassy Surge|[of] p1b: Rillaboom\n|-fieldstart|move: Psychic Terrain|[from] ability: Psychic Surge|[of] p2a: Indeedee\n|turn|1\n|inactive|sasdhiao has 30 seconds left.\n|\n|t:|1772357975\n|switch|p1b: Ogerpon|Ogerpon-Hearthflame, L50, F|100/100\n|-ability|p1b: Ogerpon|Mold Breaker\n|move|p2a: Indeedee|Protect|p2a: Indeedee\n|-singleturn|p2a: Indeedee|Protect\n|move|p1a: Calyrex|Glacial Lance|p2b: Calyrex|[spread] p2b\n|-activate|p2a: Indeedee|move: Protect\n|-resisted|p2b: Calyrex\n|-damage|p2b: Calyrex|86/100\n|move|p2b: Calyrex|Leech Seed|p1a: Calyrex\n|-start|p1a: Calyrex|move: Leech Seed\n|\n|-heal|p2b: Calyrex|92/100|[from] item: Leftovers\n|-damage|p1a: Calyrex|88/100|[from] Leech Seed|[of] p2b: Calyrex\n|-heal|p2b: Calyrex|100/100|[silent]\n|upkeep\n|turn|2\n|inactive|sasdhiao has 30 seconds left.\n|inactive|kojimuranishi has 30 seconds left.\n|inactive|sasdhiao has 20 seconds left.\n|inactive|kojimuranishi has 20 seconds left.\n|inactive|kojimuranishi has 15 seconds left.\n|inactive|kojimuranishi has 10 seconds left.\n|\n|t:|1772358022\n|switch|p2a: Kyogre|Kyogre, L50|100/100\n|-weather|RainDance|[from] ability: Drizzle|[of] p2a: Kyogre\n|-terastallize|p1b: Ogerpon|Fire\n|detailschange|p1b: Ogerpon|Ogerpon-Hearthflame-Tera, L50, F, tera:Fire\n|-ability|p1b: Ogerpon|Embody Aspect (Hearthflame)|boost\n|-boost|p1b: Ogerpon|atk|1\n|move|p1b: Ogerpon|Ivy Cudgel|p2b: Calyrex|[anim] Ivy Cudgel Fire\n|-supereffective|p2b: Calyrex\n|-damage|p2b: Calyrex|33/100\n|move|p1a: Calyrex|Leech Seed|p2a: Kyogre\n|-start|p2a: Kyogre|move: Leech Seed\n|move|p2b: Calyrex|Glacial Lance|p1a: Calyrex|[spread] p1a,p1b\n|-resisted|p1a: Calyrex\n|-resisted|p1b: Ogerpon\n|-damage|p1a: Calyrex|77/100\n|-damage|p1b: Ogerpon|68/100\n|\n|-weather|RainDance|[upkeep]\n|-heal|p1a: Calyrex|83/100|[from] item: Leftovers\n|-heal|p2b: Calyrex|39/100|[from] item: Leftovers\n|-damage|p2a: Kyogre|88/100|[from] Leech Seed|[of] p1a: Calyrex\n|-heal|p1a: Calyrex|93/100|[silent]\n|-damage|p1a: Calyrex|81/100|[from] Leech Seed|[of] p2b: Calyrex\n|-heal|p2b: Calyrex|51/100|[silent]\n|upkeep\n|turn|3\n|inactive|sasdhiao has 30 seconds left.\n|inactive|kojimuranishi has 30 seconds left.\n|\n|t:|1772358054\n|switch|p1a: Rillaboom|Rillaboom, L50, F|100/100\n|-fieldstart|move: Grassy Terrain|[from] ability: Grassy Surge|[of] p1a: Rillaboom\n|move|p1b: Ogerpon|Grassy Glide|p2a: Kyogre\n|-supereffective|p2a: Kyogre\n|-damage|p2a: Kyogre|0 fnt\n|faint|p2a: Kyogre\n|move|p2b: Calyrex|Glacial Lance|p1a: Rillaboom|[spread] p1a,p1b\n|-supereffective|p1a: Rillaboom\n|-resisted|p1b: Ogerpon\n|-damage|p1a: Rillaboom|5/100\n|-damage|p1b: Ogerpon|35/100\n|\n|-weather|RainDance|[upkeep]\n|-heal|p1b: Ogerpon|40/100|[from] Grassy Terrain\n|-heal|p1a: Rillaboom|11/100|[from] Grassy Terrain\n|-heal|p2b: Calyrex|57/100|[from] Grassy Terrain\n|-heal|p2b: Calyrex|62/100|[from] item: Leftovers\n|upkeep\n|\n|t:|1772358071\n|switch|p2a: Indeedee|Indeedee-F, L50, F|100/100\n|-fieldstart|move: Psychic Terrain|[from] ability: Psychic Surge|[of] p2a: Indeedee\n|turn|4\n|inactive|kojimuranishi has 30 seconds left.\n|\n|t:|1772358100\n|switch|p1a: Calyrex|Calyrex-Ice, L50|81/100\n|-ability|p1a: Calyrex|As One\n|-ability|p1a: Calyrex|Unnerve\n|move|p2b: Calyrex|Protect|p2b: Calyrex\n|-singleturn|p2b: Calyrex|Protect\n|move|p1b: Ogerpon|Superpower|p2a: Indeedee\n|-damage|p2a: Indeedee|32/100\n|-unboost|p1b: Ogerpon|atk|1\n|-unboost|p1b: Ogerpon|def|1\n|-damage|p1b: Ogerpon|24/100|[from] item: Rocky Helmet|[of] p2a: Indeedee\n|move|p2a: Indeedee|Trick Room|p2a: Indeedee\n|-fieldstart|move: Trick Room|[of] p2a: Indeedee\n|\n|-weather|RainDance|[upkeep]\n|-heal|p2b: Calyrex|68/100|[from] item: Leftovers\n|-heal|p1a: Calyrex|87/100|[from] item: Leftovers\n|upkeep\n|turn|5\n|inactive|sasdhiao has 30 seconds left.\n|\n|t:|1772358125\n|move|p2a: Indeedee|Protect|p2a: Indeedee\n|-singleturn|p2a: Indeedee|Protect\n|move|p2b: Calyrex|Glacial Lance|p1a: Calyrex|[spread] p1a,p1b\n|-resisted|p1a: Calyrex\n|-resisted|p1b: Ogerpon\n|-damage|p1a: Calyrex|76/100\n|-damage|p1b: Ogerpon|0 fnt\n|faint|p1b: Ogerpon\n|detailschange|p1: Ogerpon|Ogerpon-Hearthflame, L50, F|[silent]\n|-ability|p2b: Calyrex|Chilling Neigh|boost\n|-boost|p2b: Calyrex|atk|1\n|move|p1a: Calyrex|Glacial Lance|p2b: Calyrex|[spread] p2b\n|-activate|p2a: Indeedee|move: Protect\n|-resisted|p2b: Calyrex\n|-damage|p2b: Calyrex|54/100\n|\n|-weather|RainDance|[upkeep]\n|-heal|p2b: Calyrex|59/100|[from] item: Leftovers\n|-heal|p1a: Calyrex|82/100|[from] item: Leftovers\n|upkeep\n|\n|t:|1772358140\n|switch|p1b: Rillaboom|Rillaboom, L50, F|11/100\n|-fieldstart|move: Grassy Terrain|[from] ability: Grassy Surge|[of] p1b: Rillaboom\n|turn|6\n|\n|t:|1772358156\n|move|p2b: Calyrex|Protect|p2b: Calyrex\n|-singleturn|p2b: Calyrex|Protect\n|move|p2a: Indeedee|Protect|p2a: Indeedee\n|-singleturn|p2a: Indeedee|Protect\n|move|p1b: Rillaboom|Fake Out|p2b: Calyrex\n|-activate|p2b: Calyrex|move: Protect\n|move|p1a: Calyrex|Glacial Lance|p2a: Indeedee|[spread] \n|-activate|p2a: Indeedee|move: Protect\n|-activate|p2b: Calyrex|move: Protect\n|\n|-weather|none\n|-heal|p2b: Calyrex|65/100|[from] Grassy Terrain\n|-heal|p2b: Calyrex|71/100|[from] item: Leftovers\n|-heal|p1a: Calyrex|87/100|[from] Grassy Terrain\n|-heal|p1a: Calyrex|93/100|[from] item: Leftovers\n|-heal|p2a: Indeedee|38/100|[from] Grassy Terrain\n|-heal|p1b: Rillaboom|16/100|[from] Grassy Terrain\n|upkeep\n|turn|7\n|inactive|kojimuranishi has 30 seconds left.\n|inactive|kojimuranishi has 20 seconds left.\n|inactive|kojimuranishi has 15 seconds left.\n|inactive|kojimuranishi has 10 seconds left.\n|\n|t:|1772358206\n|switch|p2a: Ursaluna|Ursaluna, L50, M|100/100\n|move|p1b: Rillaboom|Grassy Glide|p2a: Ursaluna\n|-supereffective|p2a: Ursaluna\n|-damage|p2a: Ursaluna|42/100\n|move|p2b: Calyrex|Leech Seed|p1a: Calyrex\n|-start|p1a: Calyrex|move: Leech Seed\n|move|p1a: Calyrex|Glacial Lance|p2a: Ursaluna|[spread] p2a,p2b\n|-supereffective|p2a: Ursaluna\n|-resisted|p2b: Calyrex\n|-damage|p2a: Ursaluna|0 fnt\n|-damage|p2b: Calyrex|56/100\n|faint|p2a: Ursaluna\n|-ability|p1a: Calyrex|Chilling Neigh|boost\n|-boost|p1a: Calyrex|atk|1\n|\n|-heal|p2b: Calyrex|61/100|[from] Grassy Terrain\n|-heal|p2b: Calyrex|67/100|[from] item: Leftovers\n|-heal|p1a: Calyrex|99/100|[from] Grassy Terrain\n|-heal|p1a: Calyrex|100/100|[from] item: Leftovers\n|-heal|p1b: Rillaboom|22/100|[from] Grassy Terrain\n|-damage|p1a: Calyrex|88/100|[from] Leech Seed|[of] p2b: Calyrex\n|-heal|p2b: Calyrex|79/100|[silent]\n|upkeep\n|\n|t:|1772358228\n|switch|p2a: Indeedee|Indeedee-F, L50, F|38/100\n|-fieldstart|move: Psychic Terrain|[from] ability: Psychic Surge|[of] p2a: Indeedee\n|turn|8\n|\n|t:|1772358244\n|move|p2a: Indeedee|Protect|p2a: Indeedee\n|-singleturn|p2a: Indeedee|Protect\n|move|p2b: Calyrex|Glacial Lance|p1a: Calyrex|[spread] p1a,p1b\n|-resisted|p1a: Calyrex\n|-supereffective|p1b: Rillaboom\n|-damage|p1a: Calyrex|72/100\n|-damage|p1b: Rillaboom|0 fnt\n|faint|p1b: Rillaboom\n|-ability|p2b: Calyrex|Chilling Neigh|boost\n|-boost|p2b: Calyrex|atk|1\n|move|p1a: Calyrex|Leech Seed|p2b: Calyrex\n|-start|p2b: Calyrex|move: Leech Seed\n|\n|-heal|p2b: Calyrex|85/100|[from] item: Leftovers\n|-heal|p1a: Calyrex|78/100|[from] item: Leftovers\n|-damage|p2b: Calyrex|73/100|[from] Leech Seed|[of] p1a: Calyrex\n|-heal|p1a: Calyrex|90/100|[silent]\n|-damage|p1a: Calyrex|78/100|[from] Leech Seed|[of] p2b: Calyrex\n|-heal|p2b: Calyrex|85/100|[silent]\n|-fieldend|move: Trick Room\n|upkeep\n|\n|t:|1772358258\n|switch|p1b: Koraidon|Koraidon, L50|100/100\n|-weather|SunnyDay|[from] ability: Orichalcum Pulse|[of] p1b: Koraidon\n|-activate|p1b: Koraidon|Orichalcum Pulse|[source]\n|turn|9\n|\n|t:|1772358266\n|-terastallize|p2b: Calyrex|Fairy\n|move|p1b: Koraidon|Protect|p1b: Koraidon\n|-singleturn|p1b: Koraidon|Protect\n|move|p1a: Calyrex|Glacial Lance|p2a: Indeedee|[spread] p2a,p2b\n|-damage|p2a: Indeedee|0 fnt\n|-damage|p2b: Calyrex|41/100\n|faint|p2a: Indeedee\n|-ability|p1a: Calyrex|Chilling Neigh|boost\n|-boost|p1a: Calyrex|atk|1\n|move|p2b: Calyrex|Glacial Lance|p1a: Calyrex|[spread] p1a\n|-activate|p1b: Koraidon|move: Protect\n|-resisted|p1a: Calyrex\n|-crit|p1a: Calyrex\n|-damage|p1a: Calyrex|46/100\n|\n|-weather|SunnyDay|[upkeep]\n|-heal|p1a: Calyrex|52/100|[from] item: Leftovers\n|-heal|p2b: Calyrex|47/100|[from] item: Leftovers\n|-damage|p1a: Calyrex|40/100|[from] Leech Seed|[of] p2b: Calyrex\n|-heal|p2b: Calyrex|59/100|[silent]\n|-damage|p2b: Calyrex|47/100|[from] Leech Seed|[of] p1a: Calyrex\n|-heal|p1a: Calyrex|52/100|[silent]\n|upkeep\n|turn|10\n|inactive|sasdhiao has 30 seconds left.\n|\n|t:|1772358300\n|move|p2b: Calyrex|Protect|p2b: Calyrex\n|-singleturn|p2b: Calyrex|Protect\n|move|p1b: Koraidon|Flare Blitz|p2b: Calyrex\n|-activate|p2b: Calyrex|move: Protect\n|move|p1a: Calyrex|Glacial Lance|p2b: Calyrex\n|-activate|p2b: Calyrex|move: Protect\n|\n|-weather|SunnyDay|[upkeep]\n|-heal|p1a: Calyrex|58/100|[from] item: Leftovers\n|-heal|p2b: Calyrex|53/100|[from] item: Leftovers\n|-damage|p1a: Calyrex|45/100|[from] Leech Seed|[of] p2b: Calyrex\n|-heal|p2b: Calyrex|65/100|[silent]\n|-damage|p2b: Calyrex|53/100|[from] Leech Seed|[of] p1a: Calyrex\n|-heal|p1a: Calyrex|58/100|[silent]\n|upkeep\n|turn|11\n|\n|t:|1772358315\n|move|p2b: Calyrex|Protect||[still]\n|-fail|p2b: Calyrex\n|move|p1b: Koraidon|Flare Blitz|p2b: Calyrex\n|-crit|p2b: Calyrex\n|-damage|p2b: Calyrex|0 fnt\n|faint|p2b: Calyrex\n|-damage|p1b: Koraidon|80/100|[from] Recoil\n|-damage|p1b: Koraidon|70/100|[from] item: Life Orb\n|\n|win|sasdhiao\n|raw|sasdhiao's rating: 1247 &rarr; <strong>1286</strong><br />(+39 for winning)\n|raw|kojimuranishi's rating: 1462 &rarr; <strong>1431</strong><br />(-31 for losing)\n|l|\u2606sasdhiao\n|player|p1|\n|l|\u2606kojimuranishi\n|player|p2|\n","uploadtime":1772358485,"views":12,"formatid":"gen9vgc2026regi","rating":1286,"private":0,"password":null}