{"id":"gen9vgc2026regi-2537949095","format":"[Gen 9] VGC 2026 Reg I","players":["GoofyRonald756","eebgm"],"log":"|j|\u2606GoofyRonald756\n|j|\u2606eebgm\n|t:|1770867570\n|gametype|doubles\n|player|p1|GoofyRonald756|265|1483\n|player|p2|eebgm|lady|1368\n|gen|9\n|tier|[Gen 9] VGC 2026 Reg I\n|rated|\n|rule|Species Clause: Limit one of each Pok\u00e9mon\n|rule|Item Clause: Limit 1 of each item\n|clearpoke\n|poke|p1|Miraidon, L50|\n|poke|p1|Lunala, L50|\n|poke|p1|Sylveon, L50, M|\n|poke|p1|Incineroar, L50, M|\n|poke|p1|Whimsicott, L50, F|\n|poke|p1|Urshifu-*, L50, F|\n|poke|p2|Zamazenta-*, L50|\n|poke|p2|Giratina-Origin, L50|\n|poke|p2|Chien-Pao, L50|\n|poke|p2|Entei, L50|\n|poke|p2|Rillaboom, L50, M|\n|poke|p2|Landorus-Therian, L50, M|\n|teampreview|4\n|inactive|Battle timer is ON: inactive players will automatically lose when time's up. (requested by eebgm)\n|\n|t:|1770867590\n|teamsize|p1|4\n|teamsize|p2|4\n|start\n|switch|p1a: Urshifu|Urshifu-Rapid-Strike, L50, F|100/100\n|switch|p1b: Whimsicott|Whimsicott, L50, F, shiny|100/100\n|switch|p2a: Entei|Entei, L50|100/100\n|switch|p2b: Chien-Pao|Chien-Pao, L50|100/100\n|-ability|p2b: Chien-Pao|Sword of Ruin\n|turn|1\n|\n|t:|1770867605\n|switch|p2b: Giratina|Giratina-Origin, L50|100/100\n|-terastallize|p1a: Urshifu|Ghost\n|-terastallize|p2a: Entei|Normal\n|move|p2a: Entei|Extreme Speed|p1b: Whimsicott\n|-enditem|p1b: Whimsicott|Focus Sash\n|-damage|p1b: Whimsicott|1/100\n|-damage|p2a: Entei|91/100|[from] item: Life Orb\n|move|p1b: Whimsicott|Tailwind|p1b: Whimsicott\n|-sidestart|p1: GoofyRonald756|move: Tailwind\n|move|p1a: Urshifu|Surging Strikes|p2b: Giratina\n|-resisted|p2b: Giratina\n|-crit|p2b: Giratina\n|-damage|p2b: Giratina|90/100\n|-resisted|p2b: Giratina\n|-crit|p2b: Giratina\n|-damage|p2b: Giratina|79/100\n|-resisted|p2b: Giratina\n|-crit|p2b: Giratina\n|-damage|p2b: Giratina|69/100\n|-hitcount|p2b: Giratina|3\n|\n|upkeep\n|turn|2\n|\n|t:|1770867618\n|switch|p1b: Lunala|Lunala, L50|100/100\n|switch|p1a: Miraidon|Miraidon, L50, shiny|100/100\n|-fieldstart|move: Electric Terrain|[from] ability: Hadron Engine|[of] p1a: Miraidon\n|-enditem|p1b: Lunala|Electric Seed\n|-boost|p1b: Lunala|def|1|[from] item: Electric Seed\n|move|p2b: Giratina|Shadow Sneak|p1b: Lunala\n|-supereffective|p1b: Lunala\n|-damage|p1b: Lunala|79/100\n|move|p2a: Entei|Sacred Fire|p1a: Miraidon\n|-resisted|p1a: Miraidon\n|-damage|p1a: Miraidon|68/100\n|-damage|p2a: Entei|81/100|[from] item: Life Orb\n|\n|upkeep\n|turn|3\n|\n|t:|1770867632\n|switch|p1a: Urshifu|Urshifu-Rapid-Strike, L50, F, tera:Ghost|100/100\n|move|p2a: Entei|Protect|p2a: Entei\n|-singleturn|p2a: Entei|Protect\n|move|p2b: Giratina|Protect|p2b: Giratina\n|-singleturn|p2b: Giratina|Protect\n|move|p1b: Lunala|Moongeist Beam|p2b: Giratina\n|-activate|p2b: Giratina|move: Protect\n|\n|upkeep\n|turn|4\n|\n|t:|1770867641\n|move|p1a: Urshifu|Surging Strikes|p2a: Entei\n|-crit|p2a: Entei\n|-damage|p2a: Entei|47/100\n|-crit|p2a: Entei\n|-damage|p2a: Entei|13/100\n|-crit|p2a: Entei\n|-damage|p2a: Entei|0 fnt\n|faint|p2a: Entei\n|-hitcount|p2: Entei|3\n|move|p1b: Lunala|Moongeist Beam|p2b: Giratina\n|-supereffective|p2b: Giratina\n|-crit|p2b: Giratina\n|-damage|p2b: Giratina|0 fnt\n|faint|p2b: Giratina\n|\n|-sideend|p1: GoofyRonald756|move: Tailwind\n|upkeep\n|\n|t:|1770867644\n|switch|p2a: Chien-Pao|Chien-Pao, L50|100/100\n|switch|p2b: Zamazenta|Zamazenta-Crowned, L50|100/100\n|-ability|p2a: Chien-Pao|Sword of Ruin\n|-ability|p2b: Zamazenta|Dauntless Shield|boost\n|-boost|p2b: Zamazenta|def|1\n|turn|5\n|\n|t:|1770867661\n|move|p2a: Chien-Pao|Crunch|p1b: Lunala\n|-supereffective|p1b: Lunala\n|-damage|p1b: Lunala|0 fnt\n|faint|p1b: Lunala\n|move|p2b: Zamazenta|Heavy Slam|p1a: Urshifu\n|-damage|p1a: Urshifu|35/100\n|move|p1a: Urshifu|Surging Strikes|p2a: Chien-Pao\n|-crit|p2a: Chien-Pao\n|-damage|p2a: Chien-Pao|56/100\n|-crit|p2a: Chien-Pao\n|-damage|p2a: Chien-Pao|14/100\n|-crit|p2a: Chien-Pao\n|-damage|p2a: Chien-Pao|0 fnt\n|faint|p2a: Chien-Pao\n|-hitcount|p2: Chien-Pao|3\n|\n|upkeep\n|\n|t:|1770867666\n|switch|p1b: Whimsicott|Whimsicott, L50, F, shiny|1/100\n|turn|6\n|-message|eebgm forfeited.\n|\n|win|GoofyRonald756\n|raw|GoofyRonald756's rating: 1483 &rarr; <strong>1497</strong><br />(+14 for winning)\n|raw|eebgm's rating: 1368 &rarr; <strong>1354</strong><br />(-14 for losing)\n|l|\u2606eebgm\n|player|p2|\n|l|\u2606GoofyRonald756\n|player|p1|\n","uploadtime":1770867951,"views":14,"formatid":"gen9vgc2026regi","rating":1354,"private":0,"password":null}