{"id":"gen9vgc2026regi-2515094653","format":"[Gen 9] VGC 2026 Reg I","players":["alexit93","multi-filter"],"log":"|j|\u2606alexit93\n|j|\u2606multi-filter\n|t:|1767951635\n|gametype|doubles\n|player|p1|alexit93|lucas-gen4pt|1217\n|player|p2|multi-filter|1|1266\n|gen|9\n|tier|[Gen 9] VGC 2026 Reg I\n|rated|\n|rule|Species Clause: Limit one of each Pok\u00e9mon\n|rule|Item Clause: Limit 1 of each item\n|clearpoke\n|poke|p1|Zamazenta-*, L50|\n|poke|p1|Riolu, L50, F|\n|poke|p1|Calyrex-Ice, L50|\n|poke|p1|Rillaboom, L50, M|\n|poke|p1|Incineroar, L50, F|\n|poke|p1|Urshifu-*, L50, F|\n|poke|p2|Calyrex-Ice, L50|\n|poke|p2|Incineroar, L50, F|\n|poke|p2|Miraidon, L50|\n|poke|p2|Iron Bundle, L50|\n|poke|p2|Farigiraf, L50, M|\n|poke|p2|Ogerpon-Hearthflame, L50, F|\n|teampreview|4\n|\n|t:|1767951676\n|teamsize|p1|4\n|teamsize|p2|4\n|start\n|switch|p1a: Calyrex|Calyrex-Ice, L50|100/100\n|switch|p1b: Rillaboom|Rillaboom, L50, M|100/100\n|switch|p2a: Miraidon|Miraidon, L50|100/100\n|switch|p2b: Farigiraf|Farigiraf, L50, M|100/100\n|-ability|p1a: Calyrex|As One\n|-ability|p1a: Calyrex|Unnerve\n|-fieldstart|move: Electric Terrain|[from] ability: Hadron Engine|[of] p2a: Miraidon\n|-enditem|p2b: Farigiraf|Electric Seed\n|-boost|p2b: Farigiraf|def|1|[from] item: Electric Seed\n|-fieldstart|move: Grassy Terrain|[from] ability: Grassy Surge|[of] p1b: Rillaboom\n|turn|1\n|\n|t:|1767951724\n|switch|p2a: Incineroar|Incineroar, L50, F|100/100\n|-ability|p2a: Incineroar|Intimidate|boost\n|-fail|p1a: Calyrex|unboost|[from] item: Clear Amulet|[of] p1a: Calyrex\n|-unboost|p1b: Rillaboom|atk|1\n|-terastallize|p1a: Calyrex|Ground\n|move|p1b: Rillaboom|U-turn|p2b: Farigiraf\n|-supereffective|p2b: Farigiraf\n|-damage|p2b: Farigiraf|78/100\n|\n|t:|1767951728\n|switch|p1b: Riolu|Riolu, L50, F|100/100|[from] U-turn\n|move|p2b: Farigiraf|Baton Pass|p2b: Farigiraf\n|\n|t:|1767951741\n|switch|p2b: \u9e7f\u51a0\u738b-\u767d\u51a0|Calyrex-Ice, L50|100/100|[from] Baton Pass\n|-ability|p2b: \u9e7f\u51a0\u738b-\u767d\u51a0|As One\n|-ability|p2b: \u9e7f\u51a0\u738b-\u767d\u51a0|Unnerve\n|move|p1a: Calyrex|Trick Room|p1a: Calyrex\n|-fieldstart|move: Trick Room|[of] p1a: Calyrex\n|\n|upkeep\n|turn|2\n|\n|t:|1767951754\n|move|p1a: Calyrex|Protect|p1a: Calyrex\n|-singleturn|p1a: Calyrex|Protect\n|move|p2a: Incineroar|Fake Out|p1b: Riolu\n|-damage|p1b: Riolu|87/100\n|cant|p1b: Riolu|flinch\n|move|p2b: \u9e7f\u51a0\u738b-\u767d\u51a0|Glacial Lance|p1a: Calyrex|[spread] p1b\n|-activate|p1a: Calyrex|move: Protect\n|-damage|p1b: Riolu|19/100\n|\n|-heal|p1b: Riolu|25/100|[from] Grassy Terrain\n|upkeep\n|turn|3\n|\n|t:|1767951780\n|move|p1b: Riolu|Coaching|p1a: Calyrex\n|-boost|p1a: Calyrex|atk|1\n|-boost|p1a: Calyrex|def|1\n|move|p1a: Calyrex|High Horsepower|p2a: Incineroar\n|-supereffective|p2a: Incineroar\n|-damage|p2a: Incineroar|0 fnt\n|-damage|p1a: Calyrex|84/100|[from] item: Rocky Helmet|[of] p2a: Incineroar\n|faint|p2a: Incineroar\n|-ability|p1a: Calyrex|Chilling Neigh|boost\n|-boost|p1a: Calyrex|atk|1\n|move|p2b: \u9e7f\u51a0\u738b-\u767d\u51a0|Glacial Lance|p1b: Riolu|[spread] p1a,p1b\n|-supereffective|p1a: Calyrex\n|-damage|p1a: Calyrex|36/100\n|-damage|p1b: Riolu|0 fnt\n|faint|p1b: Riolu\n|-ability|p2b: \u9e7f\u51a0\u738b-\u767d\u51a0|Chilling Neigh|boost\n|-boost|p2b: \u9e7f\u51a0\u738b-\u767d\u51a0|atk|1\n|\n|-heal|p1a: Calyrex|42/100|[from] Grassy Terrain\n|upkeep\n|\n|t:|1767951796\n|switch|p1b: Zamazenta|Zamazenta-Crowned, L50, shiny|100/100\n|switch|p2a: Farigiraf|Farigiraf, L50, M|78/100\n|-ability|p1b: Zamazenta|Dauntless Shield|boost\n|-boost|p1b: Zamazenta|def|1\n|turn|4\n|\n|t:|1767951817\n|move|p1b: Zamazenta|Wide Guard|p1b: Zamazenta\n|-singleturn|p1b: Zamazenta|Wide Guard\n|move|p1a: Calyrex|Glacial Lance|p2b: \u9e7f\u51a0\u738b-\u767d\u51a0|[spread] p2a,p2b\n|-resisted|p2b: \u9e7f\u51a0\u738b-\u767d\u51a0\n|-damage|p2a: Farigiraf|0 fnt\n|-damage|p2b: \u9e7f\u51a0\u738b-\u767d\u51a0|75/100\n|faint|p2a: Farigiraf\n|-ability|p1a: Calyrex|Chilling Neigh|boost\n|-boost|p1a: Calyrex|atk|1\n|move|p2b: \u9e7f\u51a0\u738b-\u767d\u51a0|High Horsepower|p1b: Zamazenta\n|-supereffective|p1b: Zamazenta\n|-damage|p1b: Zamazenta|54/100\n|\n|-heal|p1a: Calyrex|48/100|[from] Grassy Terrain\n|-heal|p2b: \u9e7f\u51a0\u738b-\u767d\u51a0|81/100|[from] Grassy Terrain\n|-heal|p1b: Zamazenta|60/100|[from] Grassy Terrain\n|upkeep\n|\n|t:|1767951830\n|switch|p2a: Miraidon|Miraidon, L50|100/100\n|-fieldstart|move: Electric Terrain|[from] ability: Hadron Engine|[of] p2a: Miraidon\n|turn|5\n|\n|t:|1767951846\n|-terastallize|p2a: Miraidon|Fairy\n|move|p1b: Zamazenta|Wide Guard|p1b: Zamazenta\n|-singleturn|p1b: Zamazenta|Wide Guard\n|move|p1a: Calyrex|Glacial Lance|p2b: \u9e7f\u51a0\u738b-\u767d\u51a0|[spread] p2a,p2b\n|-resisted|p2b: \u9e7f\u51a0\u738b-\u767d\u51a0\n|-crit|p2b: \u9e7f\u51a0\u738b-\u767d\u51a0\n|-damage|p2a: Miraidon|0 fnt\n|-damage|p2b: \u9e7f\u51a0\u738b-\u767d\u51a0|7/100\n|faint|p2a: Miraidon\n|-ability|p1a: Calyrex|Chilling Neigh|boost\n|-boost|p1a: Calyrex|atk|1\n|move|p2b: \u9e7f\u51a0\u738b-\u767d\u51a0|High Horsepower|p1b: Zamazenta\n|-supereffective|p1b: Zamazenta\n|-damage|p1b: Zamazenta|8/100\n|\n|-fieldend|move: Trick Room\n|upkeep\n|turn|6\n|\n|t:|1767951861\n|move|p1b: Zamazenta|Behemoth Bash|p2b: \u9e7f\u51a0\u738b-\u767d\u51a0\n|-supereffective|p2b: \u9e7f\u51a0\u738b-\u767d\u51a0\n|-damage|p2b: \u9e7f\u51a0\u738b-\u767d\u51a0|0 fnt\n|faint|p2b: \u9e7f\u51a0\u738b-\u767d\u51a0\n|\n|win|alexit93\n|raw|alexit93's rating: 1217 &rarr; <strong>1246</strong><br />(+29 for winning)\n|raw|multi-filter's rating: 1266 &rarr; <strong>1237</strong><br />(-29 for losing)\n|l|\u2606multi-filter\n|player|p2|\n|l|\u2606alexit93\n|player|p1|\n","uploadtime":1767952112,"views":12,"formatid":"gen9vgc2026regi","rating":1237,"private":0,"password":null}