{"id":"gen9vgc2026regi-2561654014","format":"[Gen 9] VGC 2026 Reg I","players":["theminesoftagawa","randomcatffr"],"log":"|j|\u2606theminesoftagawa\n|j|\u2606randomcatffr\n|t:|1773828414\n|gametype|doubles\n|player|p1|theminesoftagawa|266|1408\n|player|p2|randomcatffr|bugcatcher-gen4dp|1438\n|gen|9\n|tier|[Gen 9] VGC 2026 Reg I\n|rated|\n|rule|Species Clause: Limit one of each Pok\u00e9mon\n|rule|Item Clause: Limit 1 of each item\n|clearpoke\n|poke|p1|Koraidon, L50|\n|poke|p1|Lunala, L50|\n|poke|p1|Flutter Mane, L50|\n|poke|p1|Brute Bonnet, L50|\n|poke|p1|Chi-Yu, L50|\n|poke|p1|Ursaluna, L50, M|\n|poke|p2|Zamazenta-*, L50|\n|poke|p2|Miraidon, L50|\n|poke|p2|Farigiraf, L50, F|\n|poke|p2|Volcarona, L50, F|\n|poke|p2|Whimsicott, L50, M|\n|poke|p2|Ogerpon-Cornerstone, L50, F|\n|teampreview|4\n|inactive|Battle timer is ON: inactive players will automatically lose when time's up. (requested by theminesoftagawa)\n|inactive|randomcatffr has 60 seconds left.\n|inactive|randomcatffr has 30 seconds left.\n|inactive|randomcatffr has 20 seconds left.\n|\n|t:|1773828489\n|teamsize|p1|4\n|teamsize|p2|4\n|start\n|switch|p1a: Lunala|Lunala, L50, shiny|100/100\n|switch|p1b: Koraidon|Koraidon, L50, shiny|100/100\n|switch|p2a: Miraidon|Miraidon, L50|100/100\n|switch|p2b: Whimsicott|Whimsicott, L50, M|100/100\n|-weather|SunnyDay|[from] ability: Orichalcum Pulse|[of] p1b: Koraidon\n|-activate|p1b: Koraidon|Orichalcum Pulse|[source]\n|-fieldstart|move: Electric Terrain|[from] ability: Hadron Engine|[of] p2a: Miraidon\n|turn|1\n|inactive|theminesoftagawa has 30 seconds left.\n|inactive|randomcatffr has 30 seconds left.\n|inactive|theminesoftagawa has 20 seconds left.\n|inactive|randomcatffr has 20 seconds left.\n|inactive|theminesoftagawa has 15 seconds left.\n|inactive|randomcatffr has 15 seconds left.\n|inactive|theminesoftagawa has 10 seconds left.\n|\n|t:|1773828535\n|move|p1b: Koraidon|Flame Charge|p2b: Whimsicott\n|-supereffective|p2b: Whimsicott\n|-enditem|p2b: Whimsicott|Focus Sash\n|-damage|p2b: Whimsicott|1/100\n|-boost|p1b: Koraidon|spe|1\n|-damage|p1b: Koraidon|91/100|[from] item: Life Orb\n|move|p2b: Whimsicott|Moonblast|p1a: Lunala\n|-damage|p1a: Lunala|89/100\n|-unboost|p1a: Lunala|spa|1\n|move|p2a: Miraidon|Snarl|p1b: Koraidon|[spread] p1a,p1b\n|-supereffective|p1a: Lunala\n|-resisted|p1b: Koraidon\n|-damage|p1a: Lunala|33/100\n|-damage|p1b: Koraidon|81/100\n|-unboost|p1a: Lunala|spa|1\n|-unboost|p1b: Koraidon|spa|1\n|move|p1a: Lunala|Meteor Beam||[still]\n|-prepare|p1a: Lunala|Meteor Beam\n|-boost|p1a: Lunala|spa|1\n|-enditem|p1a: Lunala|Power Herb\n|-anim|p1a: Lunala|Meteor Beam|p2b: Whimsicott\n|-damage|p2b: Whimsicott|0 fnt\n|faint|p2b: Whimsicott\n|\n|-weather|SunnyDay|[upkeep]\n|upkeep\n|inactive|randomcatffr has 30 seconds left.\n|\n|t:|1773828563\n|switch|p2b: Ogerpon|Ogerpon-Cornerstone, L50, F|100/100\n|turn|2\n|inactive|theminesoftagawa has 30 seconds left.\n|\n|t:|1773828589\n|-terastallize|p2a: Miraidon|Electric\n|move|p1a: Lunala|Wide Guard|p1a: Lunala\n|-singleturn|p1a: Lunala|Wide Guard\n|move|p1b: Koraidon|Flame Charge|p2b: Ogerpon\n|-damage|p2b: Ogerpon|33/100\n|-boost|p1b: Koraidon|spe|1\n|-damage|p1b: Koraidon|71/100|[from] item: Life Orb\n|move|p2a: Miraidon|Volt Switch|p1b: Koraidon\n|-resisted|p1b: Koraidon\n|-damage|p1b: Koraidon|22/100\n|\n|t:|1773828600\n|switch|p2a: Zamazenta|Zamazenta-Crowned, L50|100/100|[from] Volt Switch\n|-ability|p2a: Zamazenta|Dauntless Shield|boost\n|-boost|p2a: Zamazenta|def|1\n|move|p2b: Ogerpon|Ivy Cudgel|p1a: Lunala|[anim] Ivy Cudgel Rock\n|-damage|p1a: Lunala|0 fnt\n|faint|p1a: Lunala\n|\n|-weather|SunnyDay|[upkeep]\n|upkeep\n|\n|t:|1773828608\n|switch|p1a: Chi-Yu|Chi-Yu, L50, shiny|100/100\n|-ability|p1a: Chi-Yu|Beads of Ruin\n|turn|3\n|j| TheManOfSausage\n|\n|t:|1773828621\n|move|p1b: Koraidon|Protect|p1b: Koraidon\n|-singleturn|p1b: Koraidon|Protect\n|move|p2b: Ogerpon|Spiky Shield|p2b: Ogerpon\n|-singleturn|p2b: Ogerpon|move: Protect\n|move|p2a: Zamazenta|Protect|p2a: Zamazenta\n|-singleturn|p2a: Zamazenta|Protect\n|move|p1a: Chi-Yu|Overheat|p2a: Zamazenta\n|-activate|p2a: Zamazenta|move: Protect\n|\n|-weather|SunnyDay|[upkeep]\n|upkeep\n|turn|4\n|j| Jerald Jimes\n|inactive|randomcatffr has 30 seconds left.\n|\n|t:|1773828652\n|switch|p2a: Miraidon|Miraidon, L50, tera:Electric|100/100\n|-activate|p2a: Miraidon|ability: Hadron Engine\n|move|p2b: Ogerpon|Follow Me|p2b: Ogerpon\n|-singleturn|p2b: Ogerpon|move: Follow Me\n|move|p1b: Koraidon|Close Combat|p2b: Ogerpon\n|-supereffective|p2b: Ogerpon\n|-damage|p2b: Ogerpon|0 fnt\n|-unboost|p1b: Koraidon|def|1\n|-unboost|p1b: Koraidon|spd|1\n|faint|p2b: Ogerpon\n|-damage|p1b: Koraidon|12/100|[from] item: Life Orb\n|move|p1a: Chi-Yu|Overheat|p2a: Miraidon\n|-damage|p2a: Miraidon|13/100\n|-unboost|p1a: Chi-Yu|spa|2\n|\n|-weather|SunnyDay|[upkeep]\n|upkeep\n|\n|t:|1773828663\n|switch|p2b: Zamazenta|Zamazenta-Crowned, L50|100/100\n|turn|5\n|inactive|theminesoftagawa has 30 seconds left.\n|inactive|randomcatffr has 30 seconds left.\n|\n|t:|1773828697\n|switch|p1a: Flutter Mane|Flutter Mane, L50, shiny|100/100\n|-activate|p1a: Flutter Mane|ability: Protosynthesis\n|-start|p1a: Flutter Mane|protosynthesisspe\n|move|p1b: Koraidon|Protect|p1b: Koraidon\n|-singleturn|p1b: Koraidon|Protect\n|move|p2a: Miraidon|Snarl|p1a: Flutter Mane|[spread] p1a\n|-activate|p1b: Koraidon|move: Protect\n|-damage|p1a: Flutter Mane|77/100\n|-unboost|p1a: Flutter Mane|spa|1\n|move|p2b: Zamazenta|Body Press|p1a: Flutter Mane\n|-immune|p1a: Flutter Mane\n|\n|-weather|none\n|-end|p1a: Flutter Mane|Protosynthesis\n|-fieldend|move: Electric Terrain\n|upkeep\n|turn|6\n|inactive|theminesoftagawa has 30 seconds left.\n|inactive|randomcatffr has 30 seconds left.\n|inactive|theminesoftagawa has 20 seconds left.\n|inactive|theminesoftagawa has 15 seconds left.\n|\n|t:|1773828738\n|move|p1b: Koraidon|Flame Charge|p2a: Miraidon\n|-damage|p2a: Miraidon|0 fnt\n|-boost|p1b: Koraidon|spe|1\n|faint|p2a: Miraidon\n|-damage|p1b: Koraidon|2/100|[from] item: Life Orb\n|move|p1a: Flutter Mane|Moonblast|p2b: Zamazenta\n|-crit|p2b: Zamazenta\n|-damage|p2b: Zamazenta|48/100\n|-unboost|p2b: Zamazenta|spa|1\n|move|p2b: Zamazenta|Heavy Slam|p1b: Koraidon\n|-damage|p1b: Koraidon|0 fnt\n|faint|p1b: Koraidon\n|\n|upkeep\n|\n|t:|1773828747\n|switch|p1b: Chi-Yu|Chi-Yu, L50, shiny|100/100\n|-ability|p1b: Chi-Yu|Beads of Ruin\n|turn|7\n|\n|t:|1773828755\n|move|p2b: Zamazenta|Protect|p2b: Zamazenta\n|-singleturn|p2b: Zamazenta|Protect\n|move|p1b: Chi-Yu|Overheat|p2b: Zamazenta\n|-activate|p2b: Zamazenta|move: Protect\n|move|p1a: Flutter Mane|Moonblast|p2b: Zamazenta\n|-activate|p2b: Zamazenta|move: Protect\n|\n|upkeep\n|turn|8\n|\n|t:|1773828768\n|move|p1b: Chi-Yu|Overheat|p2b: Zamazenta\n|-supereffective|p2b: Zamazenta\n|-damage|p2b: Zamazenta|0 fnt\n|-unboost|p1b: Chi-Yu|spa|2\n|faint|p2b: Zamazenta\n|\n|win|theminesoftagawa\n|raw|theminesoftagawa's rating: 1408 &rarr; <strong>1430</strong><br />(+22 for winning)\n|raw|randomcatffr's rating: 1438 &rarr; <strong>1416</strong><br />(-22 for losing)\n|l|\u2606randomcatffr\n|player|p2|\n|l| TheManOfSausage\n|l|\u2606theminesoftagawa\n|player|p1|\n|j|\u2606theminesoftagawa\n|player|p1|theminesoftagawa|266|\n|l|\u2606theminesoftagawa\n|player|p1|\n|l| Jerald Jimes\n","uploadtime":1773829019,"views":11,"formatid":"gen9vgc2026regi","rating":1416,"private":0,"password":null}