{"id":"gen9vgc2026regi-2554899827","format":"[Gen 9] VGC 2026 Reg I","players":["zakpaskal","g0dGun"],"log":"|j|\u2606zakpaskal\n|j|\u2606g0dGun\n|t:|1773025060\n|gametype|doubles\n|player|p1|zakpaskal|crasherwake|1413\n|player|p2|g0dGun|blue|1456\n|gen|9\n|tier|[Gen 9] VGC 2026 Reg I\n|rated|\n|rule|Species Clause: Limit one of each Pok\u00e9mon\n|rule|Item Clause: Limit 1 of each item\n|clearpoke\n|poke|p1|Lunala, L50|\n|poke|p1|Rillaboom, L50, M|\n|poke|p1|Zamazenta-*, L50|\n|poke|p1|Ogerpon-Wellspring, L50, F|\n|poke|p1|Annihilape, L50, M|\n|poke|p1|Incineroar, L50, M|\n|poke|p2|Hitmontop, L50, M|\n|poke|p2|Terapagos, L50, M|\n|poke|p2|Calyrex-Shadow, L50|\n|poke|p2|Ogerpon-Cornerstone, L50, F|\n|poke|p2|Urshifu-*, L50, F|\n|poke|p2|Whimsicott, L50, M|\n|teampreview|4\n|inactive|Battle timer is ON: inactive players will automatically lose when time's up. (requested by g0dGun)\n|\n|t:|1773025074\n|teamsize|p1|4\n|teamsize|p2|4\n|start\n|switch|p1a: Annihilape|Annihilape, L50, M|100/100\n|switch|p1b: Lunala|Lunala, L50|100/100\n|switch|p2a: Hitmontop|Hitmontop, L50, M|100/100\n|switch|p2b: Terapagos|Terapagos, L50, M|100/100\n|-activate|p2b: Terapagos|ability: Tera Shift\n|detailschange|p2b: Terapagos|Terapagos-Terastal, L50, M\n|-heal|p2b: Terapagos|100/100|[silent]\n|-ability|p2a: Hitmontop|Intimidate|boost\n|-unboost|p1a: Annihilape|atk|1\n|-ability|p1a: Annihilape|Defiant|boost\n|-boost|p1a: Annihilape|atk|2\n|-unboost|p1b: Lunala|atk|1\n|turn|1\n|\n|t:|1773025097\n|-terastallize|p2b: Terapagos|Stellar\n|detailschange|p2b: Terapagos|Terapagos-Stellar, L50, M, tera:Stellar\n|-heal|p2b: Terapagos|100/100|[silent]\n|move|p2a: Hitmontop|Vacuum Wave|p2b: Terapagos\n|-supereffective|p2b: Terapagos\n|-damage|p2b: Terapagos|95/100\n|-enditem|p2b: Terapagos|Weakness Policy\n|-boost|p2b: Terapagos|atk|2|[from] item: Weakness Policy\n|-boost|p2b: Terapagos|spa|2|[from] item: Weakness Policy\n|move|p1b: Lunala|Moonblast|p2b: Terapagos\n|-damage|p2b: Terapagos|74/100\n|-unboost|p2b: Terapagos|spa|1\n|move|p2b: Terapagos|Tera Starstorm|p1a: Annihilape|[spread] p1a,p1b\n|-damage|p1a: Annihilape|56/100\n|-damage|p1b: Lunala|80/100\n|move|p1a: Annihilape|Bulk Up|p1a: Annihilape\n|-boost|p1a: Annihilape|atk|1\n|-boost|p1a: Annihilape|def|1\n|\n|-heal|p1b: Lunala|86/100|[from] item: Leftovers\n|upkeep\n|turn|2\n|\n|t:|1773025119\n|switch|p2a: Whimsicott|Whimsicott, L50, M|100/100\n|move|p2b: Terapagos|Protect|p2b: Terapagos\n|-singleturn|p2b: Terapagos|Protect\n|move|p1a: Annihilape|Protect|p1a: Annihilape\n|-singleturn|p1a: Annihilape|Protect\n|move|p1b: Lunala|Trick Room|p1b: Lunala\n|-fieldstart|move: Trick Room|[of] p1b: Lunala\n|\n|-heal|p1b: Lunala|92/100|[from] item: Leftovers\n|upkeep\n|turn|3\n|c|\u2606zakpaskal|lol\n|\n|t:|1773025134\n|move|p2a: Whimsicott|Encore|p1a: Annihilape\n|-start|p1a: Annihilape|Encore\n|move|p1a: Annihilape|Protect||[still]\n|-fail|p1a: Annihilape\n|move|p2b: Terapagos|Tera Starstorm|p1b: Lunala|[spread] p1a,p1b\n|-damage|p1a: Annihilape|10/100\n|-damage|p1b: Lunala|48/100\n|-enditem|p1a: Annihilape|Sitrus Berry|[eat]\n|-heal|p1a: Annihilape|35/100|[from] item: Sitrus Berry\n|move|p1b: Lunala|Moonblast|p2b: Terapagos\n|-damage|p2b: Terapagos|55/100\n|\n|-heal|p1b: Lunala|55/100|[from] item: Leftovers\n|upkeep\n|turn|4\n|\n|t:|1773025155\n|switch|p1a: Incineroar|Incineroar, L50, M|100/100\n|-ability|p1a: Incineroar|Intimidate|boost\n|-unboost|p2a: Whimsicott|atk|1\n|-unboost|p2b: Terapagos|atk|1\n|move|p2b: Terapagos|Earth Power|p1b: Lunala\n|-damage|p1b: Lunala|14/100\n|move|p1b: Lunala|Moonblast|p2b: Terapagos\n|-damage|p2b: Terapagos|33/100\n|move|p2a: Whimsicott|Moonblast|p1b: Lunala\n|-damage|p1b: Lunala|0 fnt\n|faint|p1b: Lunala\n|\n|upkeep\n|\n|t:|1773025170\n|switch|p1b: Annihilape|Annihilape, L50, M|35/100\n|turn|5\n|\n|t:|1773025183\n|move|p2b: Terapagos|Protect|p2b: Terapagos\n|-singleturn|p2b: Terapagos|Protect\n|move|p1a: Incineroar|Fake Out|p2b: Terapagos\n|-activate|p2b: Terapagos|move: Protect\n|move|p1b: Annihilape|Rage Fist|p2a: Whimsicott\n|-damage|p2a: Whimsicott|33/100\n|move|p2a: Whimsicott|Moonblast|p1b: Annihilape\n|-supereffective|p1b: Annihilape\n|-damage|p1b: Annihilape|0 fnt\n|faint|p1b: Annihilape\n|\n|upkeep\n|\n|t:|1773025193\n|switch|p1b: Zamazenta|Zamazenta-Crowned, L50|100/100\n|-ability|p1b: Zamazenta|Dauntless Shield|boost\n|-boost|p1b: Zamazenta|def|1\n|turn|6\n|\n|t:|1773025203\n|move|p2a: Whimsicott|Encore|p1a: Incineroar\n|-hint|Since gen 7, Dark is immune to Prankster moves.\n|-immune|p1a: Incineroar\n|move|p1a: Incineroar|Flare Blitz|p2b: Terapagos\n|-damage|p2b: Terapagos|0 fnt\n|faint|p2b: Terapagos\n|detailschange|p2: Terapagos|Terapagos, L50, M|[silent]\n|-damage|p1a: Incineroar|84/100|[from] Recoil\n|move|p1b: Zamazenta|Behemoth Bash|p2a: Whimsicott\n|-supereffective|p2a: Whimsicott\n|-damage|p2a: Whimsicott|0 fnt\n|faint|p2a: Whimsicott\n|\n|-fieldend|move: Trick Room\n|upkeep\n|\n|t:|1773025218\n|switch|p2a: Calyrex|Calyrex-Shadow, L50|100/100\n|switch|p2b: Hitmontop|Hitmontop, L50, M|100/100\n|-ability|p2a: Calyrex|As One\n|-ability|p2a: Calyrex|Unnerve\n|-ability|p2b: Hitmontop|Intimidate|boost\n|-unboost|p1a: Incineroar|atk|1\n|-unboost|p1b: Zamazenta|atk|1\n|turn|7\n|\n|t:|1773025229\n|-terastallize|p1a: Incineroar|Water\n|move|p2a: Calyrex|Protect|p2a: Calyrex\n|-singleturn|p2a: Calyrex|Protect\n|move|p1b: Zamazenta|Wide Guard|p1b: Zamazenta\n|-singleturn|p1b: Zamazenta|Wide Guard\n|move|p2b: Hitmontop|Brick Break|p1a: Incineroar\n|-damage|p1a: Incineroar|62/100\n|move|p1a: Incineroar|Knock Off|p2a: Calyrex\n|-activate|p2a: Calyrex|move: Protect\n|\n|upkeep\n|turn|8\n|\n|t:|1773025244\n|move|p2a: Calyrex|Encore|p1b: Zamazenta\n|-start|p1b: Zamazenta|Encore\n|move|p1b: Zamazenta|Wide Guard|p1b: Zamazenta\n|-singleturn|p1b: Zamazenta|Wide Guard\n|move|p2b: Hitmontop|Brick Break|p1a: Incineroar\n|-damage|p1a: Incineroar|39/100\n|move|p1a: Incineroar|Knock Off|p2a: Calyrex\n|-supereffective|p2a: Calyrex\n|-enditem|p2a: Calyrex|Focus Sash\n|-damage|p2a: Calyrex|1/100\n|\n|upkeep\n|turn|9\n|\n|t:|1773025258\n|move|p1b: Zamazenta|Wide Guard|p1b: Zamazenta\n|-singleturn|p1b: Zamazenta|Wide Guard\n|move|p2a: Calyrex|Psychic|p1a: Incineroar\n|-damage|p1a: Incineroar|2/100\n|move|p2b: Hitmontop|Brick Break|p1a: Incineroar\n|-damage|p1a: Incineroar|0 fnt\n|faint|p1a: Incineroar\n|\n|upkeep\n|turn|10\n|\n|t:|1773025270\n|move|p1b: Zamazenta|Wide Guard|p1b: Zamazenta\n|-singleturn|p1b: Zamazenta|Wide Guard\n|move|p2a: Calyrex|Psychic|p1b: Zamazenta\n|-crit|p1b: Zamazenta\n|-damage|p1b: Zamazenta|47/100\n|-unboost|p1b: Zamazenta|spd|1\n|move|p2b: Hitmontop|Brick Break|p1b: Zamazenta\n|-supereffective|p1b: Zamazenta\n|-damage|p1b: Zamazenta|28/100\n|\n|-end|p1b: Zamazenta|Encore\n|upkeep\n|turn|11\n|\n|t:|1773025285\n|move|p2a: Calyrex|Encore|p1b: Zamazenta\n|-start|p1b: Zamazenta|Encore\n|move|p1b: Zamazenta|Wide Guard|p1b: Zamazenta\n|-singleturn|p1b: Zamazenta|Wide Guard\n|move|p2b: Hitmontop|Brick Break|p1b: Zamazenta\n|-supereffective|p1b: Zamazenta\n|-damage|p1b: Zamazenta|7/100\n|\n|upkeep\n|turn|12\n|-message|zakpaskal forfeited.\n|\n|win|g0dGun\n|raw|zakpaskal's rating: 1413 &rarr; <strong>1395</strong><br />(-18 for losing)\n|raw|g0dGun's rating: 1456 &rarr; <strong>1474</strong><br />(+18 for winning)\n|l|\u2606zakpaskal\n|player|p1|\n|l|\u2606g0dGun\n|player|p2|\n","uploadtime":1773025549,"views":14,"formatid":"gen9vgc2026regi","rating":1395,"private":0,"password":null}