{"id":"gen9vgc2026regi-2566424360","format":"[Gen 9] VGC 2026 Reg I","players":["responsible guy","4Test4"],"log":"|j|\u2606responsible guy\n|j|\u26064Test4\n|t:|1774375327\n|gametype|doubles\n|player|p1|responsible guy|lucas|1354\n|player|p2|4Test4|blue|1382\n|gen|9\n|tier|[Gen 9] VGC 2026 Reg I\n|rated|\n|rule|Species Clause: Limit one of each Pok\u00e9mon\n|rule|Item Clause: Limit 1 of each item\n|clearpoke\n|poke|p1|Groudon, L50|\n|poke|p1|Smeargle, L50, F|\n|poke|p1|Raging Bolt, L50|\n|poke|p1|Chi-Yu, L50|\n|poke|p1|Calyrex-Ice, L50|\n|poke|p1|Flutter Mane, L50|\n|poke|p2|Koraidon, L50|\n|poke|p2|Calyrex-Shadow, L50|\n|poke|p2|Brute Bonnet, L50|\n|poke|p2|Weezing-Galar, L50, F|\n|poke|p2|Talonflame, L50, F|\n|poke|p2|Hitmontop, L50, M|\n|teampreview|4\n|\n|t:|1774375361\n|teamsize|p1|4\n|teamsize|p2|4\n|start\n|switch|p1a: Groudon|Groudon, L50|100/100\n|switch|p1b: Chi-Yu|Chi-Yu, L50|100/100\n|switch|p2a: Grau!|Koraidon, L50|100/100\n|switch|p2b: Fuma\u00e7a!|Weezing-Galar, L50, F|100/100\n|-ability|p2b: Fuma\u00e7a!|Neutralizing Gas\n|-block|p2a: Grau!|item: Ability Shield\n|-weather|SunnyDay|[from] ability: Orichalcum Pulse|[of] p2a: Grau!\n|-activate|p2a: Grau!|Orichalcum Pulse|[source]\n|turn|1\n|\n|t:|1774375390\n|switch|p1b: Flutter Mane|Flutter Mane, L50|100/100\n|-terastallize|p2b: Fuma\u00e7a!|Water\n|move|p2a: Grau!|Flame Charge|p1a: Groudon\n|-damage|p1a: Groudon|79/100\n|-boost|p2a: Grau!|spe|1\n|move|p1a: Groudon|Precipice Blades|p2b: Fuma\u00e7a!|[spread] \n|-miss|p1a: Groudon|p2a: Grau!\n|-miss|p1a: Groudon|p2b: Fuma\u00e7a!\n|move|p2b: Fuma\u00e7a!|Poison Gas|p1a: Groudon|[spread] p1a,p1b\n|-status|p1a: Groudon|psn\n|-status|p1b: Flutter Mane|psn\n|\n|-weather|SunnyDay|[upkeep]\n|-damage|p1b: Flutter Mane|88/100 psn|[from] psn\n|-damage|p1a: Groudon|66/100 psn|[from] psn\n|upkeep\n|turn|2\n|j| zacattack110\n|\n|t:|1774375421\n|-end|p1b: Flutter Mane|Protosynthesis|[silent]\n|switch|p1b: Chi-Yu|Chi-Yu, L50|100/100\n|move|p2a: Grau!|Flare Blitz|p1b: Chi-Yu\n|-resisted|p1b: Chi-Yu\n|-damage|p1b: Chi-Yu|36/100\n|-damage|p2a: Grau!|85/100|[from] Recoil\n|move|p1a: Groudon|Precipice Blades|p2b: Fuma\u00e7a!|[spread] p2a,p2b\n|-damage|p2a: Grau!|41/100\n|-damage|p2b: Fuma\u00e7a!|55/100\n|move|p2b: Fuma\u00e7a!|Dazzling Gleam|p1b: Chi-Yu|[spread] p1a,p1b\n|-damage|p1a: Groudon|50/100 psn\n|-damage|p1b: Chi-Yu|14/100\n|\n|-weather|SunnyDay|[upkeep]\n|-heal|p2b: Fuma\u00e7a!|61/100|[from] item: Leftovers\n|-damage|p1a: Groudon|38/100 psn|[from] psn\n|upkeep\n|turn|3\n|j| Wgj48\n|\n|t:|1774375462\n|move|p2a: Grau!|Protect|p2a: Grau!\n|-singleturn|p2a: Grau!|Protect\n|move|p2b: Fuma\u00e7a!|Protect|p2b: Fuma\u00e7a!\n|-singleturn|p2b: Fuma\u00e7a!|Protect\n|move|p1b: Chi-Yu|Dark Pulse|p2b: Fuma\u00e7a!\n|-activate|p2b: Fuma\u00e7a!|move: Protect\n|move|p1a: Groudon|Precipice Blades|p2b: Fuma\u00e7a!|[spread] \n|-activate|p2a: Grau!|move: Protect\n|-activate|p2b: Fuma\u00e7a!|move: Protect\n|\n|-weather|SunnyDay|[upkeep]\n|-heal|p2b: Fuma\u00e7a!|67/100|[from] item: Leftovers\n|-damage|p1a: Groudon|25/100 psn|[from] psn\n|upkeep\n|turn|4\n|\n|t:|1774375483\n|move|p2a: Grau!|Flare Blitz|p1a: Groudon\n|-damage|p1a: Groudon|0 fnt\n|faint|p1a: Groudon\n|-damage|p2a: Grau!|32/100|[from] Recoil\n|move|p1b: Chi-Yu|Dark Pulse|p2b: Fuma\u00e7a!\n|-damage|p2b: Fuma\u00e7a!|23/100\n|move|p2b: Fuma\u00e7a!|Dazzling Gleam|p1b: Chi-Yu\n|-damage|p1b: Chi-Yu|0 fnt\n|faint|p1b: Chi-Yu\n|\n|-weather|SunnyDay|[upkeep]\n|-heal|p2b: Fuma\u00e7a!|28/100|[from] item: Leftovers\n|upkeep\n|l| Wgj48\n|\n|t:|1774375491\n|switch|p1b: Flutter Mane|Flutter Mane, L50|88/100 psn\n|switch|p1a: Calyrex|Calyrex-Ice, L50|100/100\n|-ability|p1a: Calyrex|As One\n|-ability|p1a: Calyrex|Unnerve\n|turn|5\n|\n|t:|1774375508\n|-terastallize|p1a: Calyrex|Water\n|move|p2a: Grau!|Flare Blitz|p1a: Calyrex\n|-resisted|p1a: Calyrex\n|-damage|p1a: Calyrex|73/100\n|-status|p1a: Calyrex|brn\n|-damage|p2a: Grau!|22/100|[from] Recoil\n|move|p1b: Flutter Mane|Dazzling Gleam|p2a: Grau!|[spread] p2a,p2b\n|-supereffective|p2a: Grau!\n|-crit|p2b: Fuma\u00e7a!\n|-damage|p2a: Grau!|0 fnt\n|-damage|p2b: Fuma\u00e7a!|0 fnt\n|faint|p2a: Grau!\n|faint|p2b: Fuma\u00e7a!\n|-end|p2b: Fuma\u00e7a!|ability: Neutralizing Gas\n|-activate|p1b: Flutter Mane|ability: Protosynthesis\n|-start|p1b: Flutter Mane|protosynthesisspe\n|move|p1a: Calyrex|Trick Room|p1a: Calyrex\n|-fieldstart|move: Trick Room|[of] p1a: Calyrex\n|\n|-weather|none\n|-end|p1b: Flutter Mane|Protosynthesis\n|-damage|p1b: Flutter Mane|75/100 psn|[from] psn\n|-damage|p1a: Calyrex|68/100 brn|[from] brn\n|upkeep\n|\n|t:|1774375517\n|switch|p2b: Pocot\u00f3!|Calyrex-Shadow, L50|100/100\n|switch|p2a: Zum zum zum!|Hitmontop, L50, M|100/100\n|-ability|p2b: Pocot\u00f3!|As One\n|-ability|p2b: Pocot\u00f3!|Unnerve\n|-ability|p2a: Zum zum zum!|Intimidate|boost\n|-unboost|p1a: Calyrex|atk|1\n|-unboost|p1b: Flutter Mane|atk|1\n|turn|6\n|\n|t:|1774375554\n|move|p2a: Zum zum zum!|Fake Out|p1a: Calyrex\n|-crit|p1a: Calyrex\n|-damage|p1a: Calyrex|59/100 brn\n|cant|p1a: Calyrex|flinch\n|move|p1b: Flutter Mane|Dazzling Gleam|p2b: Pocot\u00f3!|[spread] p2a,p2b\n|-supereffective|p2a: Zum zum zum!\n|-damage|p2a: Zum zum zum!|5/100\n|-damage|p2b: Pocot\u00f3!|52/100\n|move|p2b: Pocot\u00f3!|Astral Barrage|p1a: Calyrex|[spread] p1a,p1b\n|-supereffective|p1b: Flutter Mane\n|-damage|p1a: Calyrex|27/100 brn\n|-damage|p1b: Flutter Mane|0 fnt\n|faint|p1b: Flutter Mane\n|-end|p1b: Flutter Mane|Protosynthesis|[silent]\n|-ability|p2b: Pocot\u00f3!|Grim Neigh|boost\n|-boost|p2b: Pocot\u00f3!|spa|1\n|\n|-damage|p1a: Calyrex|21/100 brn|[from] brn\n|upkeep\n|turn|7\n|\n|t:|1774375607\n|move|p2b: Pocot\u00f3!|Protect|p2b: Pocot\u00f3!\n|-singleturn|p2b: Pocot\u00f3!|Protect\n|move|p2a: Zum zum zum!|Sucker Punch|p1a: Calyrex\n|-damage|p1a: Calyrex|12/100 brn\n|move|p1a: Calyrex|Glacial Lance|p2a: Zum zum zum!|[spread] p2a\n|-activate|p2b: Pocot\u00f3!|move: Protect\n|-damage|p2a: Zum zum zum!|0 fnt\n|faint|p2a: Zum zum zum!\n|-ability|p1a: Calyrex|Chilling Neigh|boost\n|-boost|p1a: Calyrex|atk|1\n|\n|-damage|p1a: Calyrex|6/100 brn|[from] brn\n|upkeep\n|turn|8\n|\n|t:|1774375616\n|move|p2b: Pocot\u00f3!|Protect|p2b: Pocot\u00f3!\n|-singleturn|p2b: Pocot\u00f3!|Protect\n|move|p1a: Calyrex|Glacial Lance|p2b: Pocot\u00f3!\n|-activate|p2b: Pocot\u00f3!|move: Protect\n|\n|-damage|p1a: Calyrex|0 fnt|[from] brn\n|faint|p1a: Calyrex\n|\n|win|4Test4\n|raw|responsible guy's rating: 1354 &rarr; <strong>1336</strong><br />(-18 for losing)\n|raw|4Test4's rating: 1382 &rarr; <strong>1400</strong><br />(+18 for winning)\n","uploadtime":1774375616,"views":13,"formatid":"gen9vgc2026regi","rating":1336,"private":0,"password":null}