{"id":"gen9vgc2026regi-2578037306","format":"[Gen 9] VGC 2026 Reg I","players":["xiaoliyunVGC","rkmu"],"log":"|j|\u2606xiaoliyunVGC\n|j|\u2606rkmu\n|t:|1775639183\n|gametype|doubles\n|player|p1|xiaoliyunVGC|liko|1379\n|player|p2|rkmu|lucas|1372\n|gen|9\n|tier|[Gen 9] VGC 2026 Reg I\n|rated|\n|rule|Species Clause: Limit one of each Pok\u00e9mon\n|rule|Item Clause: Limit 1 of each item\n|clearpoke\n|poke|p1|Miraidon, L50|\n|poke|p1|Zamazenta-*, L50|\n|poke|p1|Dragonite, L50, F|\n|poke|p1|Chien-Pao, L50|\n|poke|p1|Clefairy, L50, M|\n|poke|p1|Volcarona, L50, M|\n|poke|p2|Incineroar, L50, M|\n|poke|p2|Tyranitar, L50, F|\n|poke|p2|Zamazenta-*, L50|\n|poke|p2|Amoonguss, L50, M|\n|poke|p2|Calyrex-Shadow, L50|\n|poke|p2|Araquanid, L50, F|\n|teampreview|4\n|inactive|Battle timer is ON: inactive players will automatically lose when time's up. (requested by xiaoliyunVGC)\n|inactive|rkmu has 60 seconds left.\n|inactive|rkmu has 30 seconds left.\n|inactive|rkmu has 20 seconds left.\n|inactive|rkmu has 15 seconds left.\n|\n|t:|1775639262\n|teamsize|p1|4\n|teamsize|p2|4\n|start\n|switch|p1a: Chien-Pao|Chien-Pao, L50, shiny|100/100\n|switch|p1b: Zamazenta|Zamazenta-Crowned, L50, shiny|100/100\n|switch|p2a: Tyranitar|Tyranitar, L50, F|100/100\n|switch|p2b: Zamazenta|Zamazenta-Crowned, L50|100/100\n|-ability|p1a: Chien-Pao|Sword of Ruin\n|-ability|p2b: Zamazenta|Dauntless Shield|boost\n|-boost|p2b: Zamazenta|def|1\n|-ability|p1b: Zamazenta|Dauntless Shield|boost\n|-boost|p1b: Zamazenta|def|1\n|-weather|Sandstorm|[from] ability: Sand Stream|[of] p2a: Tyranitar\n|turn|1\n|inactive|rkmu has 30 seconds left.\n|inactive|rkmu has 20 seconds left.\n|inactive|rkmu has 15 seconds left.\n|\n|t:|1775639305\n|switch|p1a: Clefairy|Clefairy, L50, M, shiny|100/100\n|-terastallize|p2a: Tyranitar|Ghost\n|move|p2b: Zamazenta|Iron Defense|p2b: Zamazenta\n|-boost|p2b: Zamazenta|def|2\n|move|p1b: Zamazenta|Body Press|p2b: Zamazenta\n|-supereffective|p2b: Zamazenta\n|-damage|p2b: Zamazenta|68/100\n|move|p2a: Tyranitar|Rock Slide|p1a: Clefairy|[spread] p1a,p1b\n|-resisted|p1b: Zamazenta\n|-damage|p1a: Clefairy|73/100\n|-damage|p1b: Zamazenta|98/100\n|\n|-weather|Sandstorm|[upkeep]\n|-damage|p2a: Tyranitar|95/100|[from] Sandstorm\n|-damage|p1a: Clefairy|67/100|[from] Sandstorm\n|upkeep\n|turn|2\n|inactive|rkmu has 30 seconds left.\n|\n|t:|1775639338\n|switch|p1a: Miraidon|Miraidon, L50, shiny|100/100\n|-fieldstart|move: Electric Terrain|[from] ability: Hadron Engine|[of] p1a: Miraidon\n|-terastallize|p1b: Zamazenta|Fighting\n|move|p2b: Zamazenta|Body Press|p1a: Miraidon\n|-damage|p1a: Miraidon|0 fnt\n|faint|p1a: Miraidon\n|move|p1b: Zamazenta|Body Press|p2b: Zamazenta\n|-supereffective|p2b: Zamazenta\n|-crit|p2b: Zamazenta\n|-damage|p2b: Zamazenta|0 fnt\n|faint|p2b: Zamazenta\n|move|p2a: Tyranitar|Rock Slide|p1b: Zamazenta\n|-resisted|p1b: Zamazenta\n|-crit|p1b: Zamazenta\n|-damage|p1b: Zamazenta|80/100\n|\n|-weather|Sandstorm|[upkeep]\n|-damage|p1b: Zamazenta|74/100|[from] Sandstorm\n|-damage|p2a: Tyranitar|89/100|[from] Sandstorm\n|upkeep\n|\n|t:|1775639354\n|switch|p1a: Chien-Pao|Chien-Pao, L50, shiny|100/100\n|switch|p2b: Calyrex|Calyrex-Shadow, L50|100/100\n|-ability|p2b: Calyrex|As One\n|-ability|p2b: Calyrex|Unnerve\n|-ability|p1a: Chien-Pao|Sword of Ruin\n|turn|3\n|\n|t:|1775639374\n|move|p1b: Zamazenta|Protect|p1b: Zamazenta\n|-singleturn|p1b: Zamazenta|Protect\n|move|p1a: Chien-Pao|Sucker Punch|p2a: Tyranitar\n|-supereffective|p2a: Tyranitar\n|-damage|p2a: Tyranitar|21/100\n|move|p2b: Calyrex|Psychic|p1b: Zamazenta\n|-activate|p1b: Zamazenta|move: Protect\n|move|p2a: Tyranitar|Rock Slide|p1a: Chien-Pao|[spread] p1a\n|-activate|p1b: Zamazenta|move: Protect\n|-supereffective|p1a: Chien-Pao\n|-damage|p1a: Chien-Pao|10/100\n|\n|-weather|Sandstorm|[upkeep]\n|-damage|p2b: Calyrex|95/100|[from] Sandstorm\n|-damage|p1a: Chien-Pao|4/100|[from] Sandstorm\n|-damage|p1b: Zamazenta|68/100|[from] Sandstorm\n|-damage|p2a: Tyranitar|15/100|[from] Sandstorm\n|upkeep\n|turn|4\n|\n|t:|1775639395\n|switch|p1a: Clefairy|Clefairy, L50, M, shiny|67/100\n|switch|p2a: Amoonguss|Amoonguss, L50, M|100/100\n|move|p2b: Calyrex|Protect|p2b: Calyrex\n|-singleturn|p2b: Calyrex|Protect\n|move|p1b: Zamazenta|Behemoth Bash|p2a: Amoonguss\n|-damage|p2a: Amoonguss|55/100\n|-damage|p1b: Zamazenta|52/100|[from] item: Rocky Helmet|[of] p2a: Amoonguss\n|\n|-weather|Sandstorm|[upkeep]\n|-damage|p2b: Calyrex|89/100|[from] Sandstorm\n|-damage|p1b: Zamazenta|46/100|[from] Sandstorm\n|-damage|p1a: Clefairy|61/100|[from] Sandstorm\n|-damage|p2a: Amoonguss|49/100|[from] Sandstorm\n|upkeep\n|turn|5\n|inactive|rkmu has 30 seconds left.\n|inactive|rkmu has 20 seconds left.\n|inactive|xiaoliyunVGC has 30 seconds left.\n|inactive|rkmu has 15 seconds left.\n|inactive|rkmu has 10 seconds left.\n|inactive|rkmu has 5 seconds left.\n|\n|t:|1775639445\n|move|p1a: Clefairy|Helping Hand|p1b: Zamazenta\n|-singleturn|p1b: Zamazenta|Helping Hand|[of] p1a: Clefairy\n|move|p2a: Amoonguss|Rage Powder|p2a: Amoonguss\n|-singleturn|p2a: Amoonguss|move: Rage Powder\n|move|p2b: Calyrex|Astral Barrage|p1a: Clefairy|[spread] p1a,p1b\n|-damage|p1a: Clefairy|12/100\n|-damage|p1b: Zamazenta|21/100\n|move|p1b: Zamazenta|Behemoth Bash|p2a: Amoonguss\n|-damage|p2a: Amoonguss|0 fnt\n|-damage|p1b: Zamazenta|5/100|[from] item: Rocky Helmet|[of] p2a: Amoonguss\n|faint|p2a: Amoonguss\n|\n|-weather|none\n|upkeep\n|\n|t:|1775639458\n|switch|p2a: Tyranitar|Tyranitar, L50, F, tera:Ghost|15/100\n|-weather|Sandstorm|[from] ability: Sand Stream|[of] p2a: Tyranitar\n|turn|6\n|-message|xiaoliyunVGC forfeited.\n|\n|win|rkmu\n|raw|xiaoliyunVGC's rating: 1379 &rarr; <strong>1359</strong><br />(-20 for losing)\n|raw|rkmu's rating: 1372 &rarr; <strong>1392</strong><br />(+20 for winning)\n|l|\u2606xiaoliyunVGC\n|player|p1|\n","uploadtime":1775639683,"views":7,"formatid":"gen9vgc2026regi","rating":1359,"private":0,"password":null}