{"id":"gen9vgc2026regi-2558706619","format":"[Gen 9] VGC 2026 Reg I","players":["yubanmeiqin","StosMac33"],"log":"|j|\u2606yubanmeiqin\n|j|\u2606StosMac33\n|t:|1773466770\n|gametype|doubles\n|player|p1|yubanmeiqin|iono-masters|1350\n|player|p2|StosMac33|dawn|1236\n|gen|9\n|tier|[Gen 9] VGC 2026 Reg I\n|rated|\n|rule|Species Clause: Limit one of each Pok\u00e9mon\n|rule|Item Clause: Limit 1 of each item\n|clearpoke\n|poke|p1|Miraidon, L50|\n|poke|p1|Grimmsnarl, L50, M|\n|poke|p1|Volcarona, L50, M|\n|poke|p1|Zamazenta-*, L50|\n|poke|p1|Ditto, L50|\n|poke|p1|Iron Hands, L50|\n|poke|p2|Farigiraf, L50, F|\n|poke|p2|Zamazenta-*, L50|\n|poke|p2|Flutter Mane, L50|\n|poke|p2|Clefairy, L50, M|\n|poke|p2|Ogerpon, L50, F|\n|poke|p2|Calyrex-Shadow, L50|\n|teampreview|4\n|inactive|Battle timer is ON: inactive players will automatically lose when time's up. (requested by StosMac33)\n|\n|t:|1773466791\n|teamsize|p1|4\n|teamsize|p2|4\n|start\n|switch|p1a: Volcarona|Volcarona, L50, M|100/100\n|switch|p1b: Grimmsnarl|Grimmsnarl, L50, M|100/100\n|switch|p2a: Calyrex|Calyrex-Shadow, L50|100/100\n|switch|p2b: Flutter Mane|Flutter Mane, L50|100/100\n|-ability|p2a: Calyrex|As One\n|-ability|p2a: Calyrex|Unnerve\n|-enditem|p2b: Flutter Mane|Booster Energy\n|-activate|p2b: Flutter Mane|ability: Protosynthesis|[fromitem]\n|-start|p2b: Flutter Mane|protosynthesisspe\n|turn|1\n|\n|t:|1773466808\n|move|p1b: Grimmsnarl|Light Screen|p1b: Grimmsnarl\n|-sidestart|p1: yubanmeiqin|move: Light Screen\n|move|p2b: Flutter Mane|Taunt|p1a: Volcarona\n|-start|p1a: Volcarona|move: Taunt\n|move|p2a: Calyrex|Nasty Plot|p2a: Calyrex\n|-boost|p2a: Calyrex|spa|2\n|move|p1a: Volcarona|Struggle Bug|p2a: Calyrex|[spread] p2a,p2b\n|-resisted|p2b: Flutter Mane\n|-damage|p2a: Calyrex|80/100\n|-damage|p2b: Flutter Mane|96/100\n|-unboost|p2a: Calyrex|spa|1\n|-unboost|p2b: Flutter Mane|spa|1\n|\n|upkeep\n|turn|2\n|\n|t:|1773466825\n|move|p2a: Calyrex|Protect|p2a: Calyrex\n|-singleturn|p2a: Calyrex|Protect\n|move|p2b: Flutter Mane|Moonblast|p1b: Grimmsnarl\n|-supereffective|p1b: Grimmsnarl\n|-damage|p1b: Grimmsnarl|70/100\n|move|p1a: Volcarona|Struggle Bug|p2b: Flutter Mane|[spread] p2b\n|-activate|p2a: Calyrex|move: Protect\n|-resisted|p2b: Flutter Mane\n|-crit|p2b: Flutter Mane\n|-damage|p2b: Flutter Mane|91/100\n|-unboost|p2b: Flutter Mane|spa|1\n|move|p1b: Grimmsnarl|Foul Play|p2a: Calyrex\n|-activate|p2a: Calyrex|move: Protect\n|\n|upkeep\n|turn|3\n|\n|t:|1773466845\n|move|p1b: Grimmsnarl|Reflect|p1b: Grimmsnarl\n|-sidestart|p1: yubanmeiqin|Reflect\n|move|p2b: Flutter Mane|Fake Tears|p1b: Grimmsnarl\n|-unboost|p1b: Grimmsnarl|spd|2\n|move|p2a: Calyrex|Pollen Puff|p1b: Grimmsnarl\n|-damage|p1b: Grimmsnarl|2/100\n|move|p1a: Volcarona|Struggle Bug|p2b: Flutter Mane|[spread] p2a,p2b\n|-resisted|p2b: Flutter Mane\n|-damage|p2a: Calyrex|59/100\n|-damage|p2b: Flutter Mane|87/100\n|-unboost|p2a: Calyrex|spa|1\n|-unboost|p2b: Flutter Mane|spa|1\n|\n|-end|p1a: Volcarona|move: Taunt\n|upkeep\n|turn|4\n|\n|t:|1773466864\n|move|p1b: Grimmsnarl|Thunder Wave|p2b: Flutter Mane\n|-status|p2b: Flutter Mane|par\n|move|p2a: Calyrex|Astral Barrage|p1a: Volcarona|[spread] p1a,p1b\n|-resisted|p1b: Grimmsnarl\n|-damage|p1a: Volcarona|65/100\n|-damage|p1b: Grimmsnarl|0 fnt\n|faint|p1b: Grimmsnarl\n|-ability|p2a: Calyrex|Grim Neigh|boost\n|-boost|p2a: Calyrex|spa|1\n|move|p2b: Flutter Mane|Fake Tears|p1a: Volcarona\n|-unboost|p1a: Volcarona|spd|2\n|move|p1a: Volcarona|Quiver Dance|p1a: Volcarona\n|-boost|p1a: Volcarona|spa|1\n|-boost|p1a: Volcarona|spd|1\n|-boost|p1a: Volcarona|spe|1\n|\n|-heal|p1a: Volcarona|71/100|[from] item: Leftovers\n|upkeep\n|\n|t:|1773466871\n|switch|p1b: Ditto|Ditto, L50|100/100\n|-transform|p1b: Ditto|p2a: Calyrex|[from] ability: Imposter\n|-ability|p1b: Ditto|As One\n|-ability|p1b: Ditto|Unnerve\n|turn|5\n|\n|t:|1773466891\n|move|p2a: Calyrex|Protect|p2a: Calyrex\n|-singleturn|p2a: Calyrex|Protect\n|move|p1b: Ditto|Astral Barrage|p2a: Calyrex|[spread] p2b\n|-activate|p2a: Calyrex|move: Protect\n|-supereffective|p2b: Flutter Mane\n|-damage|p2b: Flutter Mane|0 fnt\n|faint|p2b: Flutter Mane\n|-end|p2b: Flutter Mane|Protosynthesis|[silent]\n|-ability|p1b: Ditto|Grim Neigh|boost\n|-boost|p1b: Ditto|spa|1\n|move|p1a: Volcarona|Struggle Bug|p2a: Calyrex\n|-activate|p2a: Calyrex|move: Protect\n|\n|-heal|p1a: Volcarona|78/100|[from] item: Leftovers\n|upkeep\n|inactive|StosMac33 has 30 seconds left.\n|\n|t:|1773466917\n|switch|p2b: Zamazenta|Zamazenta-Crowned, L50|100/100\n|-ability|p2b: Zamazenta|Dauntless Shield|boost\n|-boost|p2b: Zamazenta|def|1\n|turn|6\n|\n|t:|1773466932\n|switch|p2a: Farigiraf|Farigiraf, L50, F|100/100\n|move|p1b: Ditto|Pollen Puff|p2b: Zamazenta\n|-resisted|p2b: Zamazenta\n|-damage|p2b: Zamazenta|88/100\n|move|p1a: Volcarona|Fiery Dance|p2b: Zamazenta\n|-supereffective|p2b: Zamazenta\n|-damage|p2b: Zamazenta|19/100\n|-boost|p1a: Volcarona|spa|1\n|move|p2b: Zamazenta|Snarl|p1b: Ditto|[spread] p1a,p1b\n|-crit|p1a: Volcarona\n|-supereffective|p1b: Ditto\n|-damage|p1a: Volcarona|65/100\n|-damage|p1b: Ditto|80/100\n|-unboost|p1a: Volcarona|spa|1\n|-unboost|p1b: Ditto|spa|1\n|\n|-heal|p1a: Volcarona|71/100|[from] item: Leftovers\n|upkeep\n|turn|7\n|inactive|StosMac33 has 30 seconds left.\n|inactive|StosMac33 has 20 seconds left.\n|\n|t:|1773466968\n|move|p2b: Zamazenta|Wide Guard|p2b: Zamazenta\n|-singleturn|p2b: Zamazenta|Wide Guard\n|move|p1b: Ditto|Pollen Puff|p2a: Farigiraf\n|-supereffective|p2a: Farigiraf\n|-damage|p2a: Farigiraf|16/100\n|move|p1a: Volcarona|Fiery Dance|p2a: Farigiraf\n|-damage|p2a: Farigiraf|0 fnt\n|faint|p2a: Farigiraf\n|\n|-heal|p1a: Volcarona|77/100|[from] item: Leftovers\n|upkeep\n|\n|t:|1773466981\n|switch|p2a: Calyrex|Calyrex-Shadow, L50|59/100\n|-ability|p2a: Calyrex|As One\n|-ability|p2a: Calyrex|Unnerve\n|turn|8\n|\n|t:|1773467006\n|move|p2a: Calyrex|Protect|p2a: Calyrex\n|-singleturn|p2a: Calyrex|Protect\n|move|p1b: Ditto|Astral Barrage|p2b: Zamazenta|[spread] p2b\n|-activate|p2a: Calyrex|move: Protect\n|-damage|p2b: Zamazenta|0 fnt\n|faint|p2b: Zamazenta\n|-ability|p1b: Ditto|Grim Neigh|boost\n|-boost|p1b: Ditto|spa|1\n|move|p1a: Volcarona|Fiery Dance|p2a: Calyrex\n|-activate|p2a: Calyrex|move: Protect\n|\n|-heal|p1a: Volcarona|83/100|[from] item: Leftovers\n|-sideend|p1: yubanmeiqin|move: Light Screen\n|upkeep\n|turn|9\n|\n|t:|1773467026\n|-terastallize|p2a: Calyrex|Normal\n|move|p1a: Volcarona|Protect|p1a: Volcarona\n|-singleturn|p1a: Volcarona|Protect\n|move|p2a: Calyrex|Astral Barrage|p1b: Ditto|[spread] p1b\n|-activate|p1a: Volcarona|move: Protect\n|-supereffective|p1b: Ditto\n|-damage|p1b: Ditto|0 fnt\n|faint|p1b: Ditto\n|-ability|p2a: Calyrex|Grim Neigh|boost\n|-boost|p2a: Calyrex|spa|1\n|\n|-heal|p1a: Volcarona|90/100|[from] item: Leftovers\n|upkeep\n|\n|t:|1773467029\n|switch|p1b: Miraidon|Miraidon, L50|100/100\n|-fieldstart|move: Electric Terrain|[from] ability: Hadron Engine|[of] p1b: Miraidon\n|turn|10\n|\n|t:|1773467044\n|move|p2a: Calyrex|Astral Barrage|p1a: Volcarona|[spread] p1a,p1b\n|-damage|p1a: Volcarona|0 fnt\n|-damage|p1b: Miraidon|22/100\n|faint|p1a: Volcarona\n|-ability|p2a: Calyrex|Grim Neigh|boost\n|-boost|p2a: Calyrex|spa|1\n|move|p1b: Miraidon|Electro Drift|p2a: Calyrex\n|-damage|p2a: Calyrex|0 fnt\n|faint|p2a: Calyrex\n|\n|win|yubanmeiqin\n|raw|yubanmeiqin's rating: 1350 &rarr; <strong>1364</strong><br />(+14 for winning)\n|raw|StosMac33's rating: 1236 &rarr; <strong>1219</strong><br />(-17 for losing)\n|l|\u2606yubanmeiqin\n|player|p1|\n|l|\u2606StosMac33\n|player|p2|\n","uploadtime":1773467276,"views":12,"formatid":"gen9vgc2026regi","rating":1219,"private":0,"password":null}