{"id":"gen9vgc2026regi-2529972495","format":"[Gen 9] VGC 2026 Reg I","players":["yamato-tak","marcxhenry"],"log":"|j|\u2606yamato-tak\n|j|\u2606marcxhenry\n|t:|1769856411\n|gametype|doubles\n|player|p1|yamato-tak|101|1506\n|player|p2|marcxhenry|hilbert-wonderlauncher|1616\n|gen|9\n|tier|[Gen 9] VGC 2026 Reg I\n|rated|\n|rule|Species Clause: Limit one of each Pok\u00e9mon\n|rule|Item Clause: Limit 1 of each item\n|clearpoke\n|poke|p1|Miraidon, L50|\n|poke|p1|Calyrex-Ice, L50|\n|poke|p1|Volcarona, L50, F|\n|poke|p1|Araquanid, L50, M|\n|poke|p1|Grimmsnarl, L50, M|\n|poke|p1|Entei, L50|\n|poke|p2|Calyrex-Shadow, L50|\n|poke|p2|Urshifu-*, L50, M|\n|poke|p2|Roaring Moon, L50|\n|poke|p2|Kyogre, L50|\n|poke|p2|Tsareena, L50, F|\n|poke|p2|Kingambit, L50, M|\n|teampreview|4\n|inactive|Battle timer is ON: inactive players will automatically lose when time's up. (requested by yamato-tak)\n|inactive|marcxhenry has 60 seconds left.\n|\n|t:|1769856449\n|teamsize|p1|4\n|teamsize|p2|4\n|start\n|switch|p1a: Grimmsnarl|Grimmsnarl, L50, M, shiny|100/100\n|switch|p1b: Miraidon|Miraidon, L50, shiny|100/100\n|switch|p2a: Ludwig|Calyrex-Shadow, L50|100/100\n|switch|p2b: Eva|Tsareena, L50, F, shiny|100/100\n|-ability|p2a: Ludwig|As One\n|-ability|p2a: Ludwig|Unnerve\n|-fieldstart|move: Electric Terrain|[from] ability: Hadron Engine|[of] p1b: Miraidon\n|turn|1\n|\n|t:|1769856470\n|move|p2a: Ludwig|Protect|p2a: Ludwig\n|-singleturn|p2a: Ludwig|Protect\n|move|p1a: Grimmsnarl|Light Screen|p1a: Grimmsnarl\n|-sidestart|p1: yamato-tak|move: Light Screen\n|move|p1b: Miraidon|Parabolic Charge|p2a: Ludwig|[spread] p1a,p2b\n|-activate|p2a: Ludwig|move: Protect\n|-resisted|p2b: Eva\n|-damage|p1a: Grimmsnarl|75/100\n|-damage|p2b: Eva|79/100\n|move|p2b: Eva|Triple Axel|p1b: Miraidon\n|-supereffective|p1b: Miraidon\n|-damage|p1b: Miraidon|89/100\n|-supereffective|p1b: Miraidon\n|-damage|p1b: Miraidon|67/100\n|-supereffective|p1b: Miraidon\n|-damage|p1b: Miraidon|33/100\n|-hitcount|p1b: Miraidon|3\n|\n|upkeep\n|turn|2\n|\n|t:|1769856490\n|switch|p1b: Volcarona|Volcarona, L50, F, shiny|100/100\n|move|p1a: Grimmsnarl|Reflect|p1a: Grimmsnarl\n|-sidestart|p1: yamato-tak|Reflect\n|move|p2a: Ludwig|Psychic|p1b: Volcarona\n|-damage|p1b: Volcarona|61/100\n|move|p2b: Eva|Power Whip|p1b: Volcarona\n|-resisted|p1b: Volcarona\n|-damage|p1b: Volcarona|50/100\n|\n|-heal|p1b: Volcarona|56/100|[from] item: Leftovers\n|upkeep\n|turn|3\n|\n|t:|1769856510\n|switch|p2b: Tripitz|Kyogre, L50, shiny|100/100\n|-weather|RainDance|[from] ability: Drizzle|[of] p2b: Tripitz\n|move|p2a: Ludwig|Protect|p2a: Ludwig\n|-singleturn|p2a: Ludwig|Protect\n|move|p1a: Grimmsnarl|Parting Shot|p2a: Ludwig\n|-activate|p2a: Ludwig|move: Protect\n|move|p1b: Volcarona|Quiver Dance|p1b: Volcarona\n|-boost|p1b: Volcarona|spa|1\n|-boost|p1b: Volcarona|spd|1\n|-boost|p1b: Volcarona|spe|1\n|\n|-weather|RainDance|[upkeep]\n|-heal|p1b: Volcarona|62/100|[from] item: Leftovers\n|upkeep\n|turn|4\n|j| lunala fairy ghost\n|\n|t:|1769856535\n|switch|p2b: Eva|Tsareena, L50, F, shiny|79/100\n|-terastallize|p1b: Volcarona|Grass\n|move|p1a: Grimmsnarl|Parting Shot||[still]\n|cant|p2b: Eva|ability: Queenly Majesty|Parting Shot|[of] p1a: Grimmsnarl\n|move|p1b: Volcarona|Giga Drain|p2b: Eva\n|-resisted|p2b: Eva\n|-damage|p2b: Eva|49/100\n|-heal|p1b: Volcarona|76/100|[from] drain|[of] p2b: Eva\n|move|p2a: Ludwig|Astral Barrage|p1a: Grimmsnarl|[spread] p1a,p1b\n|-resisted|p1a: Grimmsnarl\n|-damage|p1a: Grimmsnarl|58/100\n|-damage|p1b: Volcarona|51/100\n|\n|-weather|RainDance|[upkeep]\n|-heal|p1b: Volcarona|58/100|[from] item: Leftovers\n|upkeep\n|turn|5\n|l| lunala fairy ghost\n|\n|t:|1769856555\n|move|p2a: Ludwig|Protect|p2a: Ludwig\n|-singleturn|p2a: Ludwig|Protect\n|move|p1a: Grimmsnarl|Parting Shot||[still]\n|cant|p2b: Eva|ability: Queenly Majesty|Parting Shot|[of] p1a: Grimmsnarl\n|move|p1b: Volcarona|Giga Drain|p2a: Ludwig\n|-activate|p2a: Ludwig|move: Protect\n|move|p2b: Eva|Triple Axel|p1b: Volcarona\n|-supereffective|p1b: Volcarona\n|-damage|p1b: Volcarona|47/100\n|-supereffective|p1b: Volcarona\n|-damage|p1b: Volcarona|28/100\n|-status|p2b: Eva|brn|[from] ability: Flame Body|[of] p1b: Volcarona\n|-supereffective|p1b: Volcarona\n|-damage|p1b: Volcarona|13/100\n|-hitcount|p1b: Volcarona|3\n|\n|-weather|RainDance|[upkeep]\n|-heal|p1b: Volcarona|19/100|[from] item: Leftovers\n|-damage|p2b: Eva|43/100 brn|[from] brn\n|-fieldend|move: Electric Terrain\n|upkeep\n|turn|6\n|\n|t:|1769856580\n|switch|p2b: Hermann|Kingambit, L50, M, shiny|100/100\n|move|p1a: Grimmsnarl|Parting Shot|p2a: Ludwig\n|-unboost|p2a: Ludwig|atk|1\n|-unboost|p2a: Ludwig|spa|1\n|\n|t:|1769856589\n|switch|p1a: Calyrex|Calyrex-Ice, L50|100/100|[from] Parting Shot\n|-ability|p1a: Calyrex|As One\n|-ability|p1a: Calyrex|Unnerve\n|move|p1b: Volcarona|Giga Drain|p2a: Ludwig\n|-damage|p2a: Ludwig|50/100\n|-heal|p1b: Volcarona|44/100|[from] drain|[of] p2a: Ludwig\n|move|p2a: Ludwig|Astral Barrage|p1a: Calyrex|[spread] p1a,p1b\n|-supereffective|p1a: Calyrex\n|-damage|p1a: Calyrex|71/100\n|-damage|p1b: Volcarona|28/100\n|\n|-weather|RainDance|[upkeep]\n|-heal|p1b: Volcarona|34/100|[from] item: Leftovers\n|upkeep\n|turn|7\n|\n|t:|1769856609\n|switch|p2a: Tripitz|Kyogre, L50, shiny|100/100\n|move|p1b: Volcarona|Protect|p1b: Volcarona\n|-singleturn|p1b: Volcarona|Protect\n|move|p2b: Hermann|Sucker Punch||[still]\n|-fail|p2b: Hermann\n|move|p1a: Calyrex|Glacial Lance|p2a: Tripitz|[spread] p2a,p2b\n|-resisted|p2a: Tripitz\n|-resisted|p2b: Hermann\n|-damage|p2a: Tripitz|70/100\n|-damage|p2b: Hermann|80/100\n|\n|-weather|none\n|-heal|p1b: Volcarona|40/100|[from] item: Leftovers\n|upkeep\n|turn|8\n|inactive|yamato-tak has 30 seconds left.\n|\n|t:|1769856638\n|move|p2a: Tripitz|Protect|p2a: Tripitz\n|-singleturn|p2a: Tripitz|Protect\n|move|p1b: Volcarona|Giga Drain|p2a: Tripitz\n|-activate|p2a: Tripitz|move: Protect\n|move|p2b: Hermann|Kowtow Cleave|p1b: Volcarona\n|-damage|p1b: Volcarona|6/100\n|-status|p2b: Hermann|brn|[from] ability: Flame Body|[of] p1b: Volcarona\n|move|p1a: Calyrex|Leech Seed|p2b: Hermann\n|-start|p2b: Hermann|move: Leech Seed\n|\n|-heal|p1b: Volcarona|12/100|[from] item: Leftovers\n|-damage|p2b: Hermann|68/100 brn|[from] Leech Seed|[of] p1a: Calyrex\n|-heal|p1a: Calyrex|83/100|[silent]\n|-damage|p2b: Hermann|62/100 brn|[from] brn\n|-sideend|p1: yamato-tak|move: Light Screen\n|upkeep\n|turn|9\n|inactive|yamato-tak has 30 seconds left.\n|\n|t:|1769856667\n|move|p2b: Hermann|Sucker Punch|p1b: Volcarona\n|-damage|p1b: Volcarona|0 fnt\n|faint|p1b: Volcarona\n|move|p2a: Tripitz|Water Spout|p1a: Calyrex\n|-damage|p1a: Calyrex|39/100\n|move|p1a: Calyrex|Glacial Lance|p2b: Hermann|[spread] p2a,p2b\n|-resisted|p2a: Tripitz\n|-resisted|p2b: Hermann\n|-damage|p2a: Tripitz|41/100\n|-damage|p2b: Hermann|42/100 brn\n|\n|-damage|p2b: Hermann|29/100 brn|[from] Leech Seed|[of] p1a: Calyrex\n|-heal|p1a: Calyrex|51/100|[silent]\n|-damage|p2b: Hermann|23/100 brn|[from] brn\n|-sideend|p1: yamato-tak|Reflect\n|upkeep\n|\n|t:|1769856671\n|switch|p1b: Miraidon|Miraidon, L50, shiny|33/100\n|-fieldstart|move: Electric Terrain|[from] ability: Hadron Engine|[of] p1b: Miraidon\n|turn|10\n|\n|t:|1769856696\n|-terastallize|p2a: Tripitz|Ground\n|move|p2b: Hermann|Sucker Punch|p1b: Miraidon\n|-damage|p1b: Miraidon|15/100\n|move|p1b: Miraidon|Electro Drift|p2a: Tripitz\n|-immune|p2a: Tripitz\n|move|p2a: Tripitz|Origin Pulse|p1b: Miraidon|[spread] p1a,p1b\n|-resisted|p1b: Miraidon\n|-damage|p1a: Calyrex|15/100\n|-damage|p1b: Miraidon|0 fnt\n|faint|p1b: Miraidon\n|move|p1a: Calyrex|Trick Room|p1a: Calyrex\n|-fieldstart|move: Trick Room|[of] p1a: Calyrex\n|\n|-damage|p2b: Hermann|11/100 brn|[from] Leech Seed|[of] p1a: Calyrex\n|-heal|p1a: Calyrex|27/100|[silent]\n|-damage|p2b: Hermann|5/100 brn|[from] brn\n|upkeep\n|\n|t:|1769856699\n|switch|p1b: Grimmsnarl|Grimmsnarl, L50, M, shiny|58/100\n|turn|11\n|\n|t:|1769856718\n|move|p2a: Tripitz|Protect|p2a: Tripitz\n|-singleturn|p2a: Tripitz|Protect\n|move|p2b: Hermann|Sucker Punch|p1a: Calyrex\n|-supereffective|p1a: Calyrex\n|-damage|p1a: Calyrex|0 fnt\n|faint|p1a: Calyrex\n|move|p1b: Grimmsnarl|Light Screen|p1b: Grimmsnarl\n|-sidestart|p1: yamato-tak|move: Light Screen\n|\n|-damage|p2b: Hermann|0 fnt|[from] brn\n|faint|p2b: Hermann\n|upkeep\n|\n|t:|1769856727\n|switch|p2b: Eva|Tsareena, L50, F, shiny|43/100 brn\n|turn|12\n|-message|yamato-tak forfeited.\n|\n|win|marcxhenry\n|raw|yamato-tak's rating: 1506 &rarr; <strong>1492</strong><br />(-14 for losing)\n|raw|marcxhenry's rating: 1616 &rarr; <strong>1630</strong><br />(+14 for winning)\n|l|\u2606yamato-tak\n|player|p1|\n|l|\u2606marcxhenry\n|player|p2|\n","uploadtime":1769856932,"views":38,"formatid":"gen9vgc2026regi","rating":1492,"private":0,"password":null}