{"id":"gen9vgc2026regi-2530566555","format":"[Gen 9] VGC 2026 Reg I","players":["blackred123","banana888"],"log":"|j|\u2606blackred123\n|j|\u2606banana888\n|t:|1769940765\n|gametype|doubles\n|player|p1|blackred123|iono-masters|1316\n|player|p2|banana888|170|1381\n|gen|9\n|tier|[Gen 9] VGC 2026 Reg I\n|rated|\n|rule|Species Clause: Limit one of each Pok\u00e9mon\n|rule|Item Clause: Limit 1 of each item\n|clearpoke\n|poke|p1|Calyrex-Shadow, L50|\n|poke|p1|Zamazenta-*, L50|\n|poke|p1|Roaring Moon, L50|\n|poke|p1|Maushold-Four, L50|\n|poke|p1|Weezing, L50, F|\n|poke|p1|Amoonguss, L50, M|\n|poke|p2|Calyrex-Shadow, L50|\n|poke|p2|Zamazenta-*, L50|\n|poke|p2|Dragonite, L50, F|\n|poke|p2|Chien-Pao, L50|\n|poke|p2|Urshifu-*, L50, M|\n|poke|p2|Amoonguss, L50, M|\n|teampreview|4\n|inactive|Battle timer is ON: inactive players will automatically lose when time's up. (requested by blackred123)\n|inactive|banana888 has 60 seconds left.\n|\n|t:|1769940802\n|teamsize|p1|4\n|teamsize|p2|4\n|start\n|switch|p1a: Roaring Moon|Roaring Moon, L50, shiny|100/100\n|switch|p1b: Zamazenta|Zamazenta-Crowned, L50|100/100\n|switch|p2a: Calyrex|Calyrex-Shadow, L50|100/100\n|switch|p2b: Dragonite|Dragonite, L50, F, shiny|100/100\n|-ability|p2a: Calyrex|As One\n|-ability|p2a: Calyrex|Unnerve\n|-ability|p1b: Zamazenta|Dauntless Shield|boost\n|-boost|p1b: Zamazenta|def|1\n|-enditem|p1a: Roaring Moon|Booster Energy\n|-activate|p1a: Roaring Moon|ability: Protosynthesis|[fromitem]\n|-start|p1a: Roaring Moon|protosynthesisspe\n|turn|1\n|\n|t:|1769940820\n|move|p2a: Calyrex|Astral Barrage|p1b: Zamazenta|[spread] p1a,p1b\n|-resisted|p1a: Roaring Moon\n|-damage|p1a: Roaring Moon|73/100\n|-damage|p1b: Zamazenta|65/100\n|move|p1a: Roaring Moon|Knock Off|p2a: Calyrex\n|-supereffective|p2a: Calyrex\n|-damage|p2a: Calyrex|0 fnt\n|-enditem|p2a: Calyrex|Choice Scarf|[from] move: Knock Off|[of] p1a: Roaring Moon\n|faint|p2a: Calyrex\n|move|p1b: Zamazenta|Heavy Slam|p2b: Dragonite\n|-damage|p2b: Dragonite|70/100\n|move|p2b: Dragonite|Outrage|p1a: Roaring Moon\n|-supereffective|p1a: Roaring Moon\n|-damage|p1a: Roaring Moon|0 fnt\n|faint|p1a: Roaring Moon\n|-end|p1a: Roaring Moon|Protosynthesis|[silent]\n|-damage|p2b: Dragonite|61/100|[from] item: Life Orb\n|\n|upkeep\n|\n|t:|1769940839\n|switch|p2a: Chien-Pao|Chien-Pao, L50, shiny|100/100\n|switch|p1a: Maushold|Maushold-Four, L50|100/100\n|-ability|p2a: Chien-Pao|Sword of Ruin\n|turn|2\n|\n|t:|1769940849\n|move|p1a: Maushold|Follow Me|p1a: Maushold\n|-singleturn|p1a: Maushold|move: Follow Me\n|move|p2a: Chien-Pao|Ice Spinner|p1a: Maushold\n|-damage|p1a: Maushold|45/100\n|move|p1b: Zamazenta|Body Press|p2b: Dragonite\n|-resisted|p2b: Dragonite\n|-damage|p2b: Dragonite|12/100\n|move|p2b: Dragonite|Outrage|p1a: Maushold|[from] lockedmove\n|-damage|p1a: Maushold|0 fnt\n|faint|p1a: Maushold\n|-damage|p2b: Dragonite|2/100|[from] item: Life Orb\n|\n|upkeep\n|\n|t:|1769940856\n|switch|p1a: Calyrex|Calyrex-Shadow, L50|100/100\n|-ability|p1a: Calyrex|As One\n|-ability|p1a: Calyrex|Unnerve\n|turn|3\n|\n|t:|1769940869\n|-terastallize|p1a: Calyrex|Ghost\n|move|p2a: Chien-Pao|Sucker Punch|p1a: Calyrex\n|-supereffective|p1a: Calyrex\n|-damage|p1a: Calyrex|0 fnt\n|faint|p1a: Calyrex\n|move|p1b: Zamazenta|Body Press|p2a: Chien-Pao\n|-supereffective|p2a: Chien-Pao\n|-enditem|p2a: Chien-Pao|Focus Sash\n|-damage|p2a: Chien-Pao|1/100\n|move|p2b: Dragonite|Outrage|p1b: Zamazenta|[from] lockedmove\n|-resisted|p1b: Zamazenta\n|-damage|p1b: Zamazenta|46/100\n|-damage|p2b: Dragonite|0 fnt|[from] item: Life Orb\n|faint|p2b: Dragonite\n|\n|upkeep\n|\n|t:|1769940876\n|switch|p2b: Amoonguss|Amoonguss, L50, M|100/100\n|turn|4\n|\n|t:|1769940886\n|move|p2a: Chien-Pao|Protect|p2a: Chien-Pao\n|-singleturn|p2a: Chien-Pao|Protect\n|move|p1b: Zamazenta|Body Press|p2a: Chien-Pao\n|-activate|p2a: Chien-Pao|move: Protect\n|move|p2b: Amoonguss|Spore|p1b: Zamazenta\n|-status|p1b: Zamazenta|slp|[from] move: Spore\n|\n|upkeep\n|turn|5\n|\n|t:|1769940905\n|move|p2a: Chien-Pao|Ruination|p1b: Zamazenta\n|-damage|p1b: Zamazenta|23/100 slp\n|cant|p1b: Zamazenta|slp\n|move|p2b: Amoonguss|Pollen Puff|p1b: Zamazenta\n|-resisted|p1b: Zamazenta\n|-damage|p1b: Zamazenta|20/100 slp\n|\n|upkeep\n|turn|6\n|\n|t:|1769940915\n|move|p2b: Amoonguss|Rage Powder|p2b: Amoonguss\n|-singleturn|p2b: Amoonguss|move: Rage Powder\n|move|p2a: Chien-Pao|Ice Spinner|p1b: Zamazenta\n|-resisted|p1b: Zamazenta\n|-damage|p1b: Zamazenta|11/100 slp\n|cant|p1b: Zamazenta|slp\n|\n|upkeep\n|turn|7\n|-message|blackred123 forfeited.\n|\n|win|banana888\n|raw|blackred123's rating: 1316 &rarr; <strong>1300</strong><br />(-16 for losing)\n|raw|banana888's rating: 1381 &rarr; <strong>1397</strong><br />(+16 for winning)\n|l|\u2606blackred123\n|player|p1|\n|l|\u2606banana888\n|player|p2|\n","uploadtime":1769941162,"views":15,"formatid":"gen9vgc2026regi","rating":1300,"private":0,"password":null}