{"id":"gen9vgc2026regi-2558121620","format":"[Gen 9] VGC 2026 Reg I","players":["dasabe\u76d6\u6b27\u5361\u4fa0","Ice124567890"],"log":"|j|\u2606dasabe\u76d6\u6b27\u5361\u4fa0\n|j|\u2606Ice124567890\n|t:|1773405474\n|gametype|doubles\n|player|p1|dasabe\u76d6\u6b27\u5361\u4fa0|may-masters4|1477\n|player|p2|Ice124567890|1|1510\n|gen|9\n|tier|[Gen 9] VGC 2026 Reg I\n|rated|\n|rule|Species Clause: Limit one of each Pok\u00e9mon\n|rule|Item Clause: Limit 1 of each item\n|clearpoke\n|poke|p1|Tatsugiri, L50, F|\n|poke|p1|Dondozo, L50, M|\n|poke|p1|Miraidon, L50|\n|poke|p1|Calyrex-Ice, L50|\n|poke|p1|Incineroar, L50, M|\n|poke|p1|Landorus, L50, M|\n|poke|p2|Zacian-*, L50|\n|poke|p2|Calyrex-Shadow, L50|\n|poke|p2|Tornadus, L50, M|\n|poke|p2|Landorus, L50, M|\n|poke|p2|Urshifu-*, L50, M|\n|poke|p2|Incineroar, L50, M|\n|teampreview|4\n|inactive|Battle timer is ON: inactive players will automatically lose when time's up. (requested by Ice124567890)\n|\n|t:|1773405494\n|teamsize|p1|4\n|teamsize|p2|4\n|start\n|switch|p1a: o.O|Tatsugiri, L50, F, shiny|100/100\n|switch|p1b: \u94f6\u91d1\u5996\u86c7|Miraidon, L50, shiny|100/100\n|switch|p2a: Landorus|Landorus, L50, M|100/100\n|switch|p2b: Incineroar|Incineroar, L50, M|100/100\n|-fieldstart|move: Electric Terrain|[from] ability: Hadron Engine|[of] p1b: \u94f6\u91d1\u5996\u86c7\n|-ability|p2b: Incineroar|Intimidate|boost\n|-unboost|p1a: o.O|atk|1\n|-unboost|p1b: \u94f6\u91d1\u5996\u86c7|atk|1\n|turn|1\n|\n|t:|1773405511\n|switch|p1b: \u9e7f\u51a0\u738b|Calyrex-Ice, L50|100/100\n|-ability|p1b: \u9e7f\u51a0\u738b|As One\n|-ability|p1b: \u9e7f\u51a0\u738b|Unnerve\n|move|p1a: o.O|Muddy Water|p2a: Landorus|[spread] p2a,p2b\n|-supereffective|p2a: Landorus\n|-supereffective|p2b: Incineroar\n|-damage|p2a: Landorus|24/100\n|-damage|p2b: Incineroar|61/100\n|move|p2a: Landorus|Substitute|p2a: Landorus\n|-fail|p2a: Landorus|move: Substitute|[weak]\n|move|p2b: Incineroar|U-turn|p1b: \u9e7f\u51a0\u738b\n|-supereffective|p1b: \u9e7f\u51a0\u738b\n|-damage|p1b: \u9e7f\u51a0\u738b|77/100\n|\n|t:|1773405527\n|switch|p2b: Zacian|Zacian-Crowned, L50|100/100|[from] U-turn\n|-ability|p2b: Zacian|Intrepid Sword|boost\n|-boost|p2b: Zacian|atk|1\n|\n|upkeep\n|turn|2\n|\n|t:|1773405546\n|switch|p1a: \u662f\u554a\uff0c\u5403\u4ec0\u4e48|Dondozo, L50, M, shiny|100/100\n|move|p1b: \u9e7f\u51a0\u738b|Protect|p1b: \u9e7f\u51a0\u738b\n|-singleturn|p1b: \u9e7f\u51a0\u738b|Protect\n|move|p2b: Zacian|Behemoth Blade|p1b: \u9e7f\u51a0\u738b\n|-activate|p1b: \u9e7f\u51a0\u738b|move: Protect\n|move|p2a: Landorus|Earth Power|p1b: \u9e7f\u51a0\u738b\n|-activate|p1b: \u9e7f\u51a0\u738b|move: Protect\n|\n|upkeep\n|turn|3\n|\n|t:|1773405563\n|switch|p1b: o.O|Tatsugiri, L50, F, shiny|100/100\n|-activate|p1b: o.O|ability: Commander|[of] p1a: \u662f\u554a\uff0c\u5403\u4ec0\u4e48\n|-boost|p1a: \u662f\u554a\uff0c\u5403\u4ec0\u4e48|atk|2\n|-boost|p1a: \u662f\u554a\uff0c\u5403\u4ec0\u4e48|spa|2\n|-boost|p1a: \u662f\u554a\uff0c\u5403\u4ec0\u4e48|spe|2\n|-boost|p1a: \u662f\u554a\uff0c\u5403\u4ec0\u4e48|def|2\n|-boost|p1a: \u662f\u554a\uff0c\u5403\u4ec0\u4e48|spd|2\n|move|p2b: Zacian|Play Rough|p1a: \u662f\u554a\uff0c\u5403\u4ec0\u4e48\n|-damage|p1a: \u662f\u554a\uff0c\u5403\u4ec0\u4e48|74/100\n|-unboost|p1a: \u662f\u554a\uff0c\u5403\u4ec0\u4e48|atk|1\n|move|p2a: Landorus|Earth Power|p1a: \u662f\u554a\uff0c\u5403\u4ec0\u4e48\n|-damage|p1a: \u662f\u554a\uff0c\u5403\u4ec0\u4e48|46/100\n|move|p1a: \u662f\u554a\uff0c\u5403\u4ec0\u4e48|Order Up|p2a: Landorus\n|-damage|p2a: Landorus|0 fnt\n|faint|p2a: Landorus\n|-boost|p1a: \u662f\u554a\uff0c\u5403\u4ec0\u4e48|atk|1\n|\n|-heal|p1a: \u662f\u554a\uff0c\u5403\u4ec0\u4e48|52/100|[from] item: Leftovers\n|upkeep\n|\n|t:|1773405580\n|switch|p2a: Calyrex|Calyrex-Shadow, L50|100/100\n|-ability|p2a: Calyrex|As One\n|-ability|p2a: Calyrex|Unnerve\n|turn|4\n|\n|t:|1773405595\n|move|p1a: \u662f\u554a\uff0c\u5403\u4ec0\u4e48|Protect|p1a: \u662f\u554a\uff0c\u5403\u4ec0\u4e48\n|-singleturn|p1a: \u662f\u554a\uff0c\u5403\u4ec0\u4e48|Protect\n|move|p2a: Calyrex|Encore|p1a: \u662f\u554a\uff0c\u5403\u4ec0\u4e48\n|-activate|p1a: \u662f\u554a\uff0c\u5403\u4ec0\u4e48|move: Protect\n|move|p2b: Zacian|Sacred Sword|p1a: \u662f\u554a\uff0c\u5403\u4ec0\u4e48\n|-activate|p1a: \u662f\u554a\uff0c\u5403\u4ec0\u4e48|move: Protect\n|\n|-heal|p1a: \u662f\u554a\uff0c\u5403\u4ec0\u4e48|58/100|[from] item: Leftovers\n|upkeep\n|turn|5\n|\n|t:|1773405602\n|move|p2a: Calyrex|Encore|p1a: \u662f\u554a\uff0c\u5403\u4ec0\u4e48\n|-start|p1a: \u662f\u554a\uff0c\u5403\u4ec0\u4e48|Encore\n|move|p2b: Zacian|Sacred Sword|p1a: \u662f\u554a\uff0c\u5403\u4ec0\u4e48\n|-crit|p1a: \u662f\u554a\uff0c\u5403\u4ec0\u4e48\n|-damage|p1a: \u662f\u554a\uff0c\u5403\u4ec0\u4e48|12/100\n|move|p1a: \u662f\u554a\uff0c\u5403\u4ec0\u4e48|Protect||[still]\n|-fail|p1a: \u662f\u554a\uff0c\u5403\u4ec0\u4e48\n|\n|-heal|p1a: \u662f\u554a\uff0c\u5403\u4ec0\u4e48|18/100|[from] item: Leftovers\n|-fieldend|move: Electric Terrain\n|upkeep\n|turn|6\n|\n|t:|1773405614\n|-terastallize|p2a: Calyrex|Ghost\n|move|p1a: \u662f\u554a\uff0c\u5403\u4ec0\u4e48|Protect|p1a: \u662f\u554a\uff0c\u5403\u4ec0\u4e48\n|-singleturn|p1a: \u662f\u554a\uff0c\u5403\u4ec0\u4e48|Protect\n|move|p2a: Calyrex|Astral Barrage|p1a: \u662f\u554a\uff0c\u5403\u4ec0\u4e48|[spread] \n|-miss|p2a: Calyrex|p1b: o.O\n|-activate|p1a: \u662f\u554a\uff0c\u5403\u4ec0\u4e48|move: Protect\n|move|p2b: Zacian|Play Rough|p1b: o.O|[miss]\n|-miss|p2b: Zacian|p1b: o.O\n|\n|-heal|p1a: \u662f\u554a\uff0c\u5403\u4ec0\u4e48|24/100|[from] item: Leftovers\n|upkeep\n|turn|7\n|\n|t:|1773405627\n|move|p1a: \u662f\u554a\uff0c\u5403\u4ec0\u4e48|Protect||[still]\n|-fail|p1a: \u662f\u554a\uff0c\u5403\u4ec0\u4e48\n|move|p2a: Calyrex|Disable|p1a: \u662f\u554a\uff0c\u5403\u4ec0\u4e48\n|-start|p1a: \u662f\u554a\uff0c\u5403\u4ec0\u4e48|Disable|Protect\n|move|p2b: Zacian|Behemoth Blade|p1a: \u662f\u554a\uff0c\u5403\u4ec0\u4e48\n|-resisted|p1a: \u662f\u554a\uff0c\u5403\u4ec0\u4e48\n|-damage|p1a: \u662f\u554a\uff0c\u5403\u4ec0\u4e48|9/100\n|\n|-heal|p1a: \u662f\u554a\uff0c\u5403\u4ec0\u4e48|16/100|[from] item: Leftovers\n|-end|p1a: \u662f\u554a\uff0c\u5403\u4ec0\u4e48|Encore\n|upkeep\n|turn|8\n|\n|t:|1773405633\n|move|p2a: Calyrex|Astral Barrage|p1a: \u662f\u554a\uff0c\u5403\u4ec0\u4e48|[spread] p1a\n|-miss|p2a: Calyrex|p1b: o.O\n|-damage|p1a: \u662f\u554a\uff0c\u5403\u4ec0\u4e48|0 fnt\n|faint|p1a: \u662f\u554a\uff0c\u5403\u4ec0\u4e48\n|-ability|p2a: Calyrex|Grim Neigh|boost\n|-boost|p2a: Calyrex|spa|1\n|move|p2b: Zacian|Play Rough|p1b: o.O|[miss]\n|-miss|p2b: Zacian|p1b: o.O\n|\n|upkeep\n|\n|t:|1773405636\n|switch|p1a: \u94f6\u91d1\u5996\u86c7|Miraidon, L50, shiny|100/100\n|-fieldstart|move: Electric Terrain|[from] ability: Hadron Engine|[of] p1a: \u94f6\u91d1\u5996\u86c7\n|turn|9\n|\n|t:|1773405647\n|-terastallize|p1a: \u94f6\u91d1\u5996\u86c7|Electric\n|move|p1a: \u94f6\u91d1\u5996\u86c7|Electro Drift|p2b: Zacian\n|-damage|p2b: Zacian|0 fnt\n|faint|p2b: Zacian\n|move|p2a: Calyrex|Astral Barrage|p1a: \u94f6\u91d1\u5996\u86c7|[spread] p1a,p1b\n|-damage|p1a: \u94f6\u91d1\u5996\u86c7|2/100\n|-enditem|p1b: o.O|Focus Sash\n|-damage|p1b: o.O|1/100\n|move|p1b: o.O|Icy Wind|p2a: Calyrex\n|-damage|p2a: Calyrex|79/100\n|-unboost|p2a: Calyrex|spe|1\n|\n|upkeep\n|\n|t:|1773405657\n|switch|p2b: Incineroar|Incineroar, L50, M|61/100\n|-ability|p2b: Incineroar|Intimidate|boost\n|-unboost|p1a: \u94f6\u91d1\u5996\u86c7|atk|1\n|-unboost|p1b: o.O|atk|1\n|turn|10\n|\n|t:|1773405663\n|switch|p1a: \u9e7f\u51a0\u738b|Calyrex-Ice, L50|77/100\n|-ability|p1a: \u9e7f\u51a0\u738b|As One\n|-ability|p1a: \u9e7f\u51a0\u738b|Unnerve\n|move|p2b: Incineroar|Fake Out|p1a: \u9e7f\u51a0\u738b\n|-damage|p1a: \u9e7f\u51a0\u738b|71/100\n|move|p2a: Calyrex|Astral Barrage|p1a: \u9e7f\u51a0\u738b|[spread] p1a,p1b\n|-supereffective|p1a: \u9e7f\u51a0\u738b\n|-damage|p1a: \u9e7f\u51a0\u738b|0 fnt\n|-damage|p1b: o.O|0 fnt\n|faint|p1a: \u9e7f\u51a0\u738b\n|faint|p1b: o.O\n|-ability|p2a: Calyrex|Grim Neigh|boost\n|-boost|p2a: Calyrex|spa|2\n|\n|upkeep\n|\n|t:|1773405665\n|switch|p1a: \u94f6\u91d1\u5996\u86c7|Miraidon, L50, shiny, tera:Electric|2/100\n|-activate|p1a: \u94f6\u91d1\u5996\u86c7|ability: Hadron Engine\n|turn|11\n|\n|t:|1773405674\n|move|p1a: \u94f6\u91d1\u5996\u86c7|Electro Drift|p2b: Incineroar\n|-damage|p2b: Incineroar|0 fnt\n|faint|p2b: Incineroar\n|move|p2a: Calyrex|Astral Barrage|p1a: \u94f6\u91d1\u5996\u86c7\n|-damage|p1a: \u94f6\u91d1\u5996\u86c7|0 fnt\n|faint|p1a: \u94f6\u91d1\u5996\u86c7\n|\n|win|Ice124567890\n|raw|dasabe\u76d6\u6b27\u5361\u4fa0's rating: 1477 &rarr; <strong>1459</strong><br />(-18 for losing)\n|raw|Ice124567890's rating: 1510 &rarr; <strong>1528</strong><br />(+18 for winning)\n|l|\u2606Ice124567890\n|player|p2|\n","uploadtime":1773405929,"views":16,"formatid":"gen9vgc2026regi","rating":1459,"private":0,"password":null}