{"id":"gen9vgc2026regi-2564265586","format":"[Gen 9] VGC 2026 Reg I","players":["mr_amonguss","terafireflareblitz"],"log":"|j|\u2606mr_amonguss\n|j|\u2606terafireflareblitz\n|t:|1774126536\n|gametype|doubles\n|player|p1|mr_amonguss|ghetsis|1333\n|player|p2|terafireflareblitz|sycamore|1367\n|gen|9\n|tier|[Gen 9] VGC 2026 Reg I\n|rated|\n|rule|Species Clause: Limit one of each Pok\u00e9mon\n|rule|Item Clause: Limit 1 of each item\n|clearpoke\n|poke|p1|Miraidon, L50|\n|poke|p1|Lunala, L50|\n|poke|p1|Urshifu-*, L50, F|\n|poke|p1|Incineroar, L50, M|\n|poke|p1|Whimsicott, L50, F|\n|poke|p1|Ursaluna, L50, M|\n|poke|p2|Koraidon, L50|\n|poke|p2|Lunala, L50|\n|poke|p2|Indeedee-F, L50, F|\n|poke|p2|Flutter Mane, L50|\n|poke|p2|Volcarona, L50, M|\n|poke|p2|Ursaluna, L50, F|\n|teampreview|4\n|inactive|Battle timer is ON: inactive players will automatically lose when time's up. (requested by terafireflareblitz)\n|inactive|mr_amonguss also wants the timer to be on.\n|inactive|mr_amonguss has 60 seconds left.\n|inactive|terafireflareblitz has 60 seconds left.\n|inactive|mr_amonguss has 30 seconds left.\n|\n|t:|1774126600\n|teamsize|p1|4\n|teamsize|p2|4\n|start\n|switch|p1a: Incineroar|Incineroar, L50, M|100/100\n|switch|p1b: Urshifu|Urshifu-Rapid-Strike, L50, F|100/100\n|switch|p2a: Lunala|Lunala, L50, shiny|100/100\n|switch|p2b: Indeedee|Indeedee-F, L50, F|100/100\n|-fieldstart|move: Psychic Terrain|[from] ability: Psychic Surge|[of] p2b: Indeedee\n|-ability|p1a: Incineroar|Intimidate|boost\n|-unboost|p2a: Lunala|atk|1\n|-unboost|p2b: Indeedee|atk|1\n|turn|1\n|inactive|mr_amonguss has 30 seconds left.\n|inactive|mr_amonguss has 20 seconds left.\n|inactive|mr_amonguss has 15 seconds left.\n|inactive|mr_amonguss has 10 seconds left.\n|\n|t:|1774126649\n|switch|p1a: Miraidon|Miraidon, L50|100/100\n|-fieldstart|move: Electric Terrain|[from] ability: Hadron Engine|[of] p1a: Miraidon\n|-terastallize|p1b: Urshifu|Ghost\n|move|p1b: Urshifu|Surging Strikes|p2a: Lunala\n|-crit|p2a: Lunala\n|-damage|p2a: Lunala|87/100\n|-crit|p2a: Lunala\n|-damage|p2a: Lunala|60/100\n|-crit|p2a: Lunala\n|-damage|p2a: Lunala|33/100\n|-hitcount|p2a: Lunala|3\n|move|p2a: Lunala|Meteor Beam||[still]\n|-prepare|p2a: Lunala|Meteor Beam\n|-boost|p2a: Lunala|spa|1\n|-enditem|p2a: Lunala|Power Herb\n|-anim|p2a: Lunala|Meteor Beam|p1a: Miraidon\n|-damage|p1a: Miraidon|47/100\n|move|p2b: Indeedee|Trick Room|p2b: Indeedee\n|-fieldstart|move: Trick Room|[of] p2b: Indeedee\n|\n|upkeep\n|turn|2\n|inactive|mr_amonguss has 30 seconds left.\n|\n|t:|1774126676\n|move|p2b: Indeedee|Follow Me|p2b: Indeedee\n|-singleturn|p2b: Indeedee|move: Follow Me\n|move|p2a: Lunala|Moongeist Beam|p1a: Miraidon\n|-damage|p1a: Miraidon|0 fnt\n|faint|p1a: Miraidon\n|move|p1b: Urshifu|Surging Strikes|p2b: Indeedee\n|-crit|p2b: Indeedee\n|-damage|p2b: Indeedee|69/100\n|-crit|p2b: Indeedee\n|-damage|p2b: Indeedee|39/100\n|-crit|p2b: Indeedee\n|-damage|p2b: Indeedee|10/100\n|-hitcount|p2b: Indeedee|3\n|\n|upkeep\n|\n|t:|1774126687\n|switch|p1a: Incineroar|Incineroar, L50, M|100/100\n|-ability|p1a: Incineroar|Intimidate|boost\n|-unboost|p2a: Lunala|atk|1\n|-unboost|p2b: Indeedee|atk|1\n|turn|3\n|\n|t:|1774126692\n|-terastallize|p2a: Lunala|Water\n|move|p1a: Incineroar|Fake Out|p2b: Indeedee\n|-damage|p2b: Indeedee|0 fnt\n|faint|p2b: Indeedee\n|move|p2a: Lunala|Moongeist Beam|p1b: Urshifu\n|-supereffective|p1b: Urshifu\n|-damage|p1b: Urshifu|0 fnt\n|faint|p1b: Urshifu\n|\n|upkeep\n|\n|t:|1774126703\n|switch|p2b: Ursaluna|Ursaluna, L50, F|100/100\n|switch|p1b: Lunala|Lunala, L50|100/100\n|-enditem|p1b: Lunala|Electric Seed\n|-boost|p1b: Lunala|def|1|[from] item: Electric Seed\n|turn|4\n|\n|t:|1774126720\n|move|p2b: Ursaluna|Protect|p2b: Ursaluna\n|-singleturn|p2b: Ursaluna|Protect\n|move|p1a: Incineroar|Knock Off|p2a: Lunala\n|-damage|p2a: Lunala|11/100\n|move|p1b: Lunala|Moonblast|p2b: Ursaluna\n|-activate|p2b: Ursaluna|move: Protect\n|move|p2a: Lunala|Moongeist Beam|p1b: Lunala\n|-supereffective|p1b: Lunala\n|-damage|p1b: Lunala|0 fnt\n|faint|p1b: Lunala\n|\n|-status|p2b: Ursaluna|brn|[from] item: Flame Orb\n|upkeep\n|turn|5\n|inactive|mr_amonguss has 30 seconds left.\n|\n|t:|1774126748\n|switch|p2a: Koraidon|Koraidon, L50, shiny|100/100\n|-weather|SunnyDay|[from] ability: Orichalcum Pulse|[of] p2a: Koraidon\n|-activate|p2a: Koraidon|Orichalcum Pulse|[source]\n|move|p2b: Ursaluna|Headlong Rush|p1a: Incineroar\n|-supereffective|p1a: Incineroar\n|-damage|p1a: Incineroar|0 fnt\n|-unboost|p2b: Ursaluna|def|1\n|-unboost|p2b: Ursaluna|spd|1\n|faint|p1a: Incineroar\n|\n|win|terafireflareblitz\n|raw|mr_amonguss's rating: 1333 &rarr; <strong>1315</strong><br />(-18 for losing)\n|raw|terafireflareblitz's rating: 1367 &rarr; <strong>1385</strong><br />(+18 for winning)\n","uploadtime":1774126748,"views":11,"formatid":"gen9vgc2026regi","rating":1315,"private":0,"password":null}