{"id":"gen9vgc2026regi-2563624412","format":"[Gen 9] VGC 2026 Reg I","players":["theyh8_meagan","EllenJoe2026"],"log":"|j|\u2606theyh8_meagan\n|j|\u2606EllenJoe2026\n|t:|1774043519\n|gametype|doubles\n|player|p1|theyh8_meagan|shauntal|1495\n|player|p2|EllenJoe2026|102|1494\n|gen|9\n|tier|[Gen 9] VGC 2026 Reg I\n|rated|\n|rule|Species Clause: Limit one of each Pok\u00e9mon\n|rule|Item Clause: Limit 1 of each item\n|clearpoke\n|poke|p1|Calyrex-Shadow, L50|\n|poke|p1|Kyogre, L50|\n|poke|p1|Weezing-Galar, L50, M|\n|poke|p1|Indeedee-F, L50, F|\n|poke|p1|Clefairy, L50, F|\n|poke|p1|Pawmot, L50, F|\n|poke|p2|Calyrex-Shadow, L50|\n|poke|p2|Zamazenta-*, L50|\n|poke|p2|Incineroar, L50, F|\n|poke|p2|Rillaboom, L50, F|\n|poke|p2|Smeargle, L50, F|\n|poke|p2|Tornadus, L50, M|\n|teampreview|4\n|inactive|Battle timer is ON: inactive players will automatically lose when time's up. (requested by EllenJoe2026)\n|\n|t:|1774043546\n|teamsize|p1|4\n|teamsize|p2|4\n|start\n|switch|p1a: Kyogre|Kyogre, L50|100/100\n|switch|p1b: Indeedee|Indeedee-F, L50, F|100/100\n|switch|p2a: Smeargle|Smeargle, L50, F, shiny|100/100\n|switch|p2b: Tornadus|Tornadus, L50, M, shiny|100/100\n|-weather|RainDance|[from] ability: Drizzle|[of] p1a: Kyogre\n|-fieldstart|move: Psychic Terrain|[from] ability: Psychic Surge|[of] p1b: Indeedee\n|turn|1\n|\n|t:|1774043570\n|switch|p1b: Weezing|Weezing-Galar, L50, M|100/100\n|-ability|p1b: Weezing|Neutralizing Gas\n|move|p1a: Kyogre|Thunder|p2b: Tornadus\n|-supereffective|p2b: Tornadus\n|-damage|p2b: Tornadus|8/100\n|move|p2b: Tornadus|Bleakwind Storm|p1a: Kyogre|[spread] p1a,p1b\n|-damage|p1a: Kyogre|75/100\n|-damage|p1b: Weezing|44/100\n|-unboost|p1a: Kyogre|spe|1\n|-unboost|p1b: Weezing|spe|1\n|move|p2a: Smeargle|Spore|p1a: Kyogre\n|-status|p1a: Kyogre|slp|[from] move: Spore\n|\n|-weather|RainDance|[upkeep]\n|upkeep\n|turn|2\n|inactive|EllenJoe2026 has 30 seconds left.\n|\n|t:|1774043599\n|cant|p1a: Kyogre|slp\n|move|p2b: Tornadus|Bleakwind Storm|p1b: Weezing|[spread] p1a,p1b\n|-crit|p1a: Kyogre\n|-damage|p1a: Kyogre|40/100 slp\n|-damage|p1b: Weezing|0 fnt\n|faint|p1b: Weezing\n|-end|p1b: Weezing|ability: Neutralizing Gas\n|move|p2a: Smeargle|Decorate|p2b: Tornadus\n|-boost|p2b: Tornadus|atk|2\n|-boost|p2b: Tornadus|spa|2\n|\n|-weather|RainDance|[upkeep]\n|-ability|p2a: Smeargle|Moody|boost\n|-boost|p2a: Smeargle|spe|2\n|-unboost|p2a: Smeargle|def|1\n|upkeep\n|\n|t:|1774043614\n|switch|p1b: Calyrex|Calyrex-Shadow, L50|100/100\n|-ability|p1b: Calyrex|As One\n|-ability|p1b: Calyrex|Unnerve\n|turn|3\n|\n|t:|1774043633\n|move|p2b: Tornadus|Tailwind|p2b: Tornadus\n|-sidestart|p2: EllenJoe2026|move: Tailwind\n|move|p2a: Smeargle|Spore|p1b: Calyrex\n|-status|p1b: Calyrex|slp|[from] move: Spore\n|cant|p1b: Calyrex|slp\n|cant|p1a: Kyogre|slp\n|\n|-weather|RainDance|[upkeep]\n|-ability|p2a: Smeargle|Moody|boost\n|-boost|p2a: Smeargle|spd|2\n|-unboost|p2a: Smeargle|def|1\n|upkeep\n|turn|4\n|\n|t:|1774043653\n|switch|p1a: Indeedee|Indeedee-F, L50, F|100/100\n|move|p2a: Smeargle|Decorate|p2b: Tornadus\n|-boost|p2b: Tornadus|atk|2\n|-boost|p2b: Tornadus|spa|2\n|move|p2b: Tornadus|Bleakwind Storm|p1b: Calyrex|[spread] p1a,p1b\n|-damage|p1a: Indeedee|17/100\n|-damage|p1b: Calyrex|7/100 slp\n|-unboost|p1a: Indeedee|spe|1\n|-curestatus|p1b: Calyrex|slp|[msg]\n|move|p1b: Calyrex|Expanding Force|p2b: Tornadus|[spread] p2a,p2b\n|-enditem|p2a: Smeargle|Focus Sash\n|-damage|p2a: Smeargle|1/100\n|-damage|p2b: Tornadus|0 fnt\n|faint|p2b: Tornadus\n|-ability|p1b: Calyrex|Grim Neigh|boost\n|-boost|p1b: Calyrex|spa|1\n|\n|-weather|RainDance|[upkeep]\n|-ability|p2a: Smeargle|Moody|boost\n|-boost|p2a: Smeargle|spd|2\n|-unboost|p2a: Smeargle|atk|1\n|upkeep\n|\n|t:|1774043669\n|switch|p2b: Calyrex|Calyrex-Shadow, L50|100/100\n|-ability|p2b: Calyrex|As One\n|-ability|p2b: Calyrex|Unnerve\n|turn|5\n|\n|t:|1774043691\n|move|p1a: Indeedee|Helping Hand|p1b: Calyrex\n|-singleturn|p1b: Calyrex|Helping Hand|[of] p1a: Indeedee\n|move|p2a: Smeargle|Spore|p1a: Indeedee\n|-activate|p1a: Indeedee|item: Safety Goggles|Spore\n|move|p2b: Calyrex|Imprison|p2b: Calyrex\n|-start|p2b: Calyrex|move: Imprison\n|move|p1b: Calyrex|Expanding Force|p2a: Smeargle|[spread] p2a,p2b\n|-resisted|p2b: Calyrex\n|-damage|p2a: Smeargle|0 fnt\n|-damage|p2b: Calyrex|0 fnt\n|faint|p2a: Smeargle\n|faint|p2b: Calyrex\n|-ability|p1b: Calyrex|Grim Neigh|boost\n|-boost|p1b: Calyrex|spa|2\n|\n|-weather|none\n|-fieldend|move: Psychic Terrain\n|upkeep\n|\n|t:|1774043703\n|switch|p2b: Zamazenta|Zamazenta-Crowned, L50, shiny|100/100\n|-ability|p2b: Zamazenta|Dauntless Shield|boost\n|-boost|p2b: Zamazenta|def|1\n|turn|6\n|-message|EllenJoe2026 forfeited.\n|\n|win|theyh8_meagan\n|raw|theyh8_meagan's rating: 1495 &rarr; <strong>1515</strong><br />(+20 for winning)\n|raw|EllenJoe2026's rating: 1494 &rarr; <strong>1474</strong><br />(-20 for losing)\n|l|\u2606EllenJoe2026\n|player|p2|\n|l|\u2606theyh8_meagan\n|player|p1|\n","uploadtime":1774043850,"views":17,"formatid":"gen9vgc2026regi","rating":1474,"private":0,"password":null}