{"id":"gen9vgc2026regi-2530250246","format":"[Gen 9] VGC 2026 Reg I","players":["beentheking","lalo's pollos"],"log":"|j|\u2606beentheking\n|j|\u2606lalo's pollos\n|t:|1769893336\n|gametype|doubles\n|player|p1|beentheking|266|1232\n|player|p2|lalo's pollos|1|1441\n|gen|9\n|tier|[Gen 9] VGC 2026 Reg I\n|rated|\n|rule|Species Clause: Limit one of each Pok\u00e9mon\n|rule|Item Clause: Limit 1 of each item\n|clearpoke\n|poke|p1|Terapagos, L50, M|\n|poke|p1|Ninetales-Alola, L50, M|\n|poke|p1|Incineroar, L50, M|\n|poke|p1|Rillaboom, L50, M|\n|poke|p1|Ceruledge, L50, M|\n|poke|p1|Kyurem-Black, L50|\n|poke|p2|Miraidon, L50|\n|poke|p2|Landorus, L50, M|\n|poke|p2|Incineroar, L50, F|\n|poke|p2|Iron Bundle, L50|\n|poke|p2|Farigiraf, L50, M|\n|poke|p2|Calyrex-Ice, L50|\n|teampreview|4\n|inactive|Battle timer is ON: inactive players will automatically lose when time's up. (requested by beentheking)\n|\n|t:|1769893358\n|teamsize|p1|4\n|teamsize|p2|4\n|start\n|switch|p1a: Incineroar|Incineroar, L50, M|100/100\n|switch|p1b: Terapagos|Terapagos, L50, M|100/100\n|switch|p2a: the Manager|Farigiraf, L50, M|100/100\n|switch|p2b: Incineroar|Incineroar, L50, F|100/100\n|-activate|p1b: Terapagos|ability: Tera Shift\n|detailschange|p1b: Terapagos|Terapagos-Terastal, L50, M\n|-heal|p1b: Terapagos|100/100|[silent]\n|-ability|p1a: Incineroar|Intimidate|boost\n|-unboost|p2a: the Manager|atk|1\n|-unboost|p2b: Incineroar|atk|1\n|-ability|p2b: Incineroar|Intimidate|boost\n|-unboost|p1a: Incineroar|atk|1\n|-unboost|p1b: Terapagos|atk|1\n|turn|1\n|\n|t:|1769893373\n|move|p1b: Terapagos|Protect|p1b: Terapagos\n|-singleturn|p1b: Terapagos|Protect\n|move|p1a: Incineroar|Knock Off|p2a: the Manager\n|-supereffective|p2a: the Manager\n|-damage|p2a: the Manager|50/100\n|-enditem|p2a: the Manager|Mental Herb|[from] move: Knock Off|[of] p1a: Incineroar\n|move|p2b: Incineroar|U-turn|p1a: Incineroar\n|-damage|p1a: Incineroar|86/100\n|\n|t:|1769893380\n|switch|p2b: Calyrex|Calyrex-Ice, L50|100/100|[from] U-turn\n|-ability|p2b: Calyrex|As One\n|-ability|p2b: Calyrex|Unnerve\n|move|p2a: the Manager|Trick Room|p2a: the Manager\n|-fieldstart|move: Trick Room|[of] p2a: the Manager\n|\n|upkeep\n|turn|2\n|\n|t:|1769893392\n|move|p2a: the Manager|Helping Hand|p2b: Calyrex\n|-singleturn|p2b: Calyrex|Helping Hand|[of] p2a: the Manager\n|move|p2b: Calyrex|High Horsepower|p1a: Incineroar\n|-supereffective|p1a: Incineroar\n|-damage|p1a: Incineroar|0 fnt\n|faint|p1a: Incineroar\n|-ability|p2b: Calyrex|Chilling Neigh|boost\n|-boost|p2b: Calyrex|atk|1\n|move|p1b: Terapagos|Calm Mind|p1b: Terapagos\n|-boost|p1b: Terapagos|spa|1\n|-boost|p1b: Terapagos|spd|1\n|\n|upkeep\n|\n|t:|1769893404\n|switch|p1a: Rillaboom|Rillaboom, L50, M|100/100\n|-fieldstart|move: Grassy Terrain|[from] ability: Grassy Surge|[of] p1a: Rillaboom\n|turn|3\n|\n|t:|1769893417\n|switch|p2a: Incineroar|Incineroar, L50, F|100/100\n|-ability|p2a: Incineroar|Intimidate|boost\n|-unboost|p1a: Rillaboom|atk|1\n|-unboost|p1b: Terapagos|atk|1\n|-terastallize|p1a: Rillaboom|Water\n|move|p1b: Terapagos|Protect|p1b: Terapagos\n|-singleturn|p1b: Terapagos|Protect\n|move|p2b: Calyrex|Glacial Lance|p1b: Terapagos|[spread] p1a\n|-activate|p1b: Terapagos|move: Protect\n|-resisted|p1a: Rillaboom\n|-damage|p1a: Rillaboom|51/100\n|move|p1a: Rillaboom|Knock Off|p2b: Calyrex\n|-supereffective|p2b: Calyrex\n|-damage|p2b: Calyrex|69/100\n|-enditem|p2b: Calyrex|Clear Amulet|[from] move: Knock Off|[of] p1a: Rillaboom\n|\n|-heal|p2b: Calyrex|75/100|[from] Grassy Terrain\n|-heal|p1a: Rillaboom|57/100|[from] Grassy Terrain\n|upkeep\n|turn|4\n|inactive|beentheking has 30 seconds left.\n|\n|t:|1769893451\n|move|p2a: Incineroar|Fake Out|p1b: Terapagos\n|-activate|p1b: Terapagos|ability: Tera Shell\n|-resisted|p1b: Terapagos\n|-damage|p1b: Terapagos|96/100\n|move|p2b: Calyrex|Glacial Lance|p1b: Terapagos|[spread] p1a,p1b\n|-resisted|p1a: Rillaboom\n|-damage|p1a: Rillaboom|14/100\n|-damage|p1b: Terapagos|23/100\n|move|p1a: Rillaboom|Wood Hammer|p2b: Calyrex\n|-damage|p2b: Calyrex|40/100\n|-damage|p1a: Rillaboom|1/100|[from] Recoil\n|cant|p1b: Terapagos|flinch\n|\n|-heal|p2b: Calyrex|46/100|[from] Grassy Terrain\n|-heal|p1a: Rillaboom|7/100|[from] Grassy Terrain\n|-heal|p1b: Terapagos|29/100|[from] Grassy Terrain\n|-heal|p1b: Terapagos|35/100|[from] item: Leftovers\n|upkeep\n|turn|5\n|\n|t:|1769893473\n|move|p1b: Terapagos|Protect|p1b: Terapagos\n|-singleturn|p1b: Terapagos|Protect\n|move|p2b: Calyrex|Glacial Lance|p1a: Rillaboom|[spread] p1a\n|-activate|p1b: Terapagos|move: Protect\n|-resisted|p1a: Rillaboom\n|-crit|p1a: Rillaboom\n|-damage|p1a: Rillaboom|0 fnt\n|faint|p1a: Rillaboom\n|-ability|p2b: Calyrex|Chilling Neigh|boost\n|-boost|p2b: Calyrex|atk|1\n|move|p2a: Incineroar|U-turn|p1b: Terapagos\n|-activate|p1b: Terapagos|move: Protect\n|\n|-heal|p2b: Calyrex|52/100|[from] Grassy Terrain\n|-heal|p1b: Terapagos|41/100|[from] Grassy Terrain\n|-heal|p1b: Terapagos|47/100|[from] item: Leftovers\n|-fieldend|move: Trick Room\n|upkeep\n|\n|t:|1769893487\n|switch|p1a: Kyurem|Kyurem-Black, L50, shiny|100/100\n|-ability|p1a: Kyurem|Teravolt\n|turn|6\n|\n|t:|1769893499\n|move|p1a: Kyurem|Iron Head|p2b: Calyrex\n|-supereffective|p2b: Calyrex\n|-damage|p2b: Calyrex|1/100\n|move|p1b: Terapagos|Tera Starstorm|p2b: Calyrex\n|-damage|p2b: Calyrex|0 fnt\n|faint|p2b: Calyrex\n|move|p2a: Incineroar|U-turn|p1a: Kyurem\n|-damage|p1a: Kyurem|84/100\n|\n|t:|1769893504\n|switch|p2a: Landorus|Landorus, L50, M|100/100|[from] U-turn\n|\n|-heal|p1a: Kyurem|90/100|[from] Grassy Terrain\n|-heal|p1b: Terapagos|53/100|[from] Grassy Terrain\n|-heal|p1b: Terapagos|59/100|[from] item: Leftovers\n|upkeep\n|\n|t:|1769893505\n|switch|p2b: Incineroar|Incineroar, L50, F|100/100\n|-ability|p2b: Incineroar|Intimidate|boost\n|-unboost|p1a: Kyurem|atk|1\n|-unboost|p1b: Terapagos|atk|1\n|turn|7\n|\n|t:|1769893522\n|move|p1a: Kyurem|Protect|p1a: Kyurem\n|-singleturn|p1a: Kyurem|Protect\n|move|p1b: Terapagos|Protect|p1b: Terapagos\n|-singleturn|p1b: Terapagos|Protect\n|move|p2b: Incineroar|Fake Out|p1a: Kyurem\n|-activate|p1a: Kyurem|move: Protect\n|move|p2a: Landorus|Sandsear Storm|p1a: Kyurem|[spread] \n|-activate|p1a: Kyurem|move: Protect\n|-activate|p1b: Terapagos|move: Protect\n|\n|-heal|p1a: Kyurem|96/100|[from] Grassy Terrain\n|-heal|p1b: Terapagos|65/100|[from] Grassy Terrain\n|-heal|p1b: Terapagos|71/100|[from] item: Leftovers\n|-fieldend|move: Grassy Terrain\n|upkeep\n|turn|8\n|\n|t:|1769893537\n|move|p2a: Landorus|Protect|p2a: Landorus\n|-singleturn|p2a: Landorus|Protect\n|move|p1a: Kyurem|Icicle Spear|p2a: Landorus\n|-activate|p2a: Landorus|move: Protect\n|move|p1b: Terapagos|Earth Power|p2b: Incineroar\n|-supereffective|p2b: Incineroar\n|-damage|p2b: Incineroar|42/100\n|move|p2b: Incineroar|U-turn|p1a: Kyurem\n|-damage|p1a: Kyurem|78/100\n|\n|t:|1769893546\n|switch|p2b: the Manager|Farigiraf, L50, M|50/100|[from] U-turn\n|\n|-heal|p1b: Terapagos|77/100|[from] item: Leftovers\n|upkeep\n|turn|9\n|\n|t:|1769893555\n|-terastallize|p2a: Landorus|Water\n|move|p2b: the Manager|Helping Hand|p2a: Landorus\n|-singleturn|p2a: Landorus|Helping Hand|[of] p2b: the Manager\n|move|p2a: Landorus|Sandsear Storm|p1b: Terapagos|[spread] p1a,p1b\n|-damage|p1a: Kyurem|0 fnt\n|-damage|p1b: Terapagos|28/100\n|faint|p1a: Kyurem\n|move|p1b: Terapagos|Tera Starstorm|p2b: the Manager\n|-damage|p2b: the Manager|0 fnt\n|faint|p2b: the Manager\n|\n|-heal|p1b: Terapagos|34/100|[from] item: Leftovers\n|upkeep\n|\n|t:|1769893564\n|switch|p2b: Incineroar|Incineroar, L50, F|42/100\n|-ability|p2b: Incineroar|Intimidate|boost\n|-unboost|p1b: Terapagos|atk|1\n|turn|10\n|\n|t:|1769893570\n|move|p1b: Terapagos|Protect|p1b: Terapagos\n|-singleturn|p1b: Terapagos|Protect\n|move|p2b: Incineroar|Fake Out|p1b: Terapagos\n|-activate|p1b: Terapagos|move: Protect\n|move|p2a: Landorus|Earth Power|p1b: Terapagos\n|-activate|p1b: Terapagos|move: Protect\n|\n|-heal|p1b: Terapagos|40/100|[from] item: Leftovers\n|upkeep\n|turn|11\n|\n|t:|1769893581\n|move|p2a: Landorus|Protect|p2a: Landorus\n|-singleturn|p2a: Landorus|Protect\n|move|p1b: Terapagos|Tera Starstorm|p2a: Landorus\n|-activate|p2a: Landorus|move: Protect\n|move|p2b: Incineroar|Knock Off|p1b: Terapagos\n|-damage|p1b: Terapagos|5/100\n|-enditem|p1b: Terapagos|Leftovers|[from] move: Knock Off|[of] p2b: Incineroar\n|\n|upkeep\n|turn|12\n|\n|t:|1769893592\n|move|p2a: Landorus|Earth Power|p1b: Terapagos\n|-damage|p1b: Terapagos|0 fnt\n|faint|p1b: Terapagos\n|\n|win|lalo's pollos\n|raw|beentheking's rating: 1232 &rarr; <strong>1220</strong><br />(-12 for losing)\n|raw|lalo&apos;s pollos's rating: 1441 &rarr; <strong>1450</strong><br />(+9 for winning)\n","uploadtime":1769893771,"views":12,"formatid":"gen9vgc2026regi","rating":1220,"private":0,"password":null}