{"id":"gen9vgc2026regi-2560700331","format":"[Gen 9] VGC 2026 Reg I","players":["sleemo2","navinsachump"],"log":"|j|\u2606sleemo2\n|j|\u2606navinsachump\n|t:|1773714104\n|gametype|doubles\n|player|p1|sleemo2|acetrainerf|1451\n|player|p2|navinsachump|102|1508\n|gen|9\n|tier|[Gen 9] VGC 2026 Reg I\n|rated|\n|rule|Species Clause: Limit one of each Pok\u00e9mon\n|rule|Item Clause: Limit 1 of each item\n|clearpoke\n|poke|p1|Koraidon, L50|\n|poke|p1|Lunala, L50|\n|poke|p1|Flutter Mane, L50|\n|poke|p1|Chi-Yu, L50|\n|poke|p1|Ursaluna, L50, F|\n|poke|p1|Brute Bonnet, L50|\n|poke|p2|Calyrex-Ice, L50|\n|poke|p2|Miraidon, L50|\n|poke|p2|Incineroar, L50, F|\n|poke|p2|Landorus, L50, M|\n|poke|p2|Whimsicott, L50, F|\n|poke|p2|Urshifu-*, L50, M|\n|teampreview|4\n|inactive|Battle timer is ON: inactive players will automatically lose when time's up. (requested by navinsachump)\n|inactive|sleemo2 has 60 seconds left.\n|inactive|sleemo2 has 30 seconds left.\n|inactive|sleemo2 has 20 seconds left.\n|inactive|sleemo2 has 15 seconds left.\n|inactive|sleemo2 has 10 seconds left.\n|\n|t:|1773714202\n|teamsize|p1|4\n|teamsize|p2|4\n|start\n|switch|p1a: Lunala|Lunala, L50|100/100\n|switch|p1b: Chi-Yu|Chi-Yu, L50|100/100\n|switch|p2a: Calyrex|Calyrex-Ice, L50|100/100\n|switch|p2b: Incineroar|Incineroar, L50, F|100/100\n|-ability|p2a: Calyrex|As One\n|-ability|p2a: Calyrex|Unnerve\n|-ability|p1b: Chi-Yu|Beads of Ruin\n|-ability|p2b: Incineroar|Intimidate|boost\n|-unboost|p1a: Lunala|atk|1\n|-unboost|p1b: Chi-Yu|atk|1\n|turn|1\n|inactive|navinsachump has 30 seconds left.\n|\n|t:|1773714234\n|-terastallize|p1b: Chi-Yu|Ghost\n|-terastallize|p2a: Calyrex|Normal\n|move|p1b: Chi-Yu|Overheat|p2a: Calyrex\n|-damage|p2a: Calyrex|38/100\n|-unboost|p1b: Chi-Yu|spa|2\n|move|p1a: Lunala|Meteor Beam||[still]\n|-prepare|p1a: Lunala|Meteor Beam\n|-boost|p1a: Lunala|spa|1\n|-enditem|p1a: Lunala|Power Herb\n|-anim|p1a: Lunala|Meteor Beam|p2a: Calyrex\n|-damage|p2a: Calyrex|0 fnt\n|faint|p2a: Calyrex\n|move|p2b: Incineroar|Parting Shot|p1a: Lunala\n|-unboost|p1a: Lunala|atk|1\n|-unboost|p1a: Lunala|spa|1\n|\n|t:|1773714250\n|switch|p2b: Miraidon|Miraidon, L50|100/100|[from] Parting Shot\n|-fieldstart|move: Electric Terrain|[from] ability: Hadron Engine|[of] p2b: Miraidon\n|\n|upkeep\n|\n|t:|1773714254\n|switch|p2a: Incineroar|Incineroar, L50, F|100/100\n|-ability|p2a: Incineroar|Intimidate|boost\n|-unboost|p1a: Lunala|atk|1\n|-unboost|p1b: Chi-Yu|atk|1\n|turn|2\n|inactive|sleemo2 has 30 seconds left.\n|\n|t:|1773714283\n|switch|p1b: Flutter Mane|Flutter Mane, L50|100/100\n|move|p2b: Miraidon|Volt Switch|p1a: Lunala\n|-damage|p1a: Lunala|78/100\n|\n|t:|1773714288\n|switch|p2b: Landorus|Landorus, L50, M|100/100|[from] Volt Switch\n|move|p1a: Lunala|Moongeist Beam|p2b: Landorus\n|-damage|p2b: Landorus|36/100\n|move|p2a: Incineroar|Knock Off|p1b: Flutter Mane\n|-damage|p1b: Flutter Mane|24/100\n|-enditem|p1b: Flutter Mane|Focus Sash|[from] move: Knock Off|[of] p2a: Incineroar\n|\n|upkeep\n|turn|3\n|\n|t:|1773714308\n|move|p1b: Flutter Mane|Protect|p1b: Flutter Mane\n|-singleturn|p1b: Flutter Mane|Protect\n|move|p2b: Landorus|Protect|p2b: Landorus\n|-singleturn|p2b: Landorus|Protect\n|move|p1a: Lunala|Meteor Beam||[still]\n|-prepare|p1a: Lunala|Meteor Beam\n|-boost|p1a: Lunala|spa|1\n|move|p2a: Incineroar|Knock Off|p1a: Lunala\n|-supereffective|p1a: Lunala\n|-damage|p1a: Lunala|0 fnt\n|faint|p1a: Lunala\n|\n|upkeep\n|\n|t:|1773714318\n|switch|p1a: Koraidon|Koraidon, L50|100/100\n|-weather|SunnyDay|[from] ability: Orichalcum Pulse|[of] p1a: Koraidon\n|-activate|p1b: Flutter Mane|ability: Protosynthesis\n|-start|p1b: Flutter Mane|protosynthesisspe\n|-activate|p1a: Koraidon|Orichalcum Pulse|[source]\n|turn|4\n|\n|t:|1773714331\n|move|p1b: Flutter Mane|Icy Wind|p2a: Incineroar|[spread] p2a,p2b\n|-resisted|p2a: Incineroar\n|-supereffective|p2b: Landorus\n|-damage|p2a: Incineroar|95/100\n|-damage|p2b: Landorus|0 fnt\n|-unboost|p2a: Incineroar|spe|1\n|faint|p2b: Landorus\n|move|p1a: Koraidon|Close Combat|p2a: Incineroar\n|-supereffective|p2a: Incineroar\n|-damage|p2a: Incineroar|0 fnt\n|-unboost|p1a: Koraidon|def|1\n|-unboost|p1a: Koraidon|spd|1\n|-damage|p1a: Koraidon|84/100|[from] item: Rocky Helmet|[of] p2a: Incineroar\n|faint|p2a: Incineroar\n|-damage|p1a: Koraidon|74/100|[from] item: Life Orb\n|\n|-weather|SunnyDay|[upkeep]\n|upkeep\n|\n|t:|1773714335\n|switch|p2b: Miraidon|Miraidon, L50|100/100\n|-activate|p2b: Miraidon|ability: Hadron Engine\n|turn|5\n|\n|t:|1773714341\n|move|p1a: Koraidon|Protect|p1a: Koraidon\n|-singleturn|p1a: Koraidon|Protect\n|move|p1b: Flutter Mane|Icy Wind|p2b: Miraidon\n|-supereffective|p2b: Miraidon\n|-crit|p2b: Miraidon\n|-damage|p2b: Miraidon|64/100\n|-unboost|p2b: Miraidon|spe|1\n|move|p2b: Miraidon|Dazzling Gleam|p1a: Koraidon|[spread] p1b\n|-activate|p1a: Koraidon|move: Protect\n|-damage|p1b: Flutter Mane|0 fnt\n|faint|p1b: Flutter Mane\n|-end|p1b: Flutter Mane|Protosynthesis|[silent]\n|\n|-weather|SunnyDay|[upkeep]\n|-fieldend|move: Electric Terrain\n|upkeep\n|\n|t:|1773714347\n|switch|p1b: Chi-Yu|Chi-Yu, L50, tera:Ghost|100/100\n|-ability|p1b: Chi-Yu|Beads of Ruin\n|turn|6\n|\n|t:|1773714353\n|move|p1b: Chi-Yu|Overheat|p2b: Miraidon|[miss]\n|-miss|p1b: Chi-Yu|p2b: Miraidon\n|move|p1a: Koraidon|Close Combat|p2b: Miraidon\n|-damage|p2b: Miraidon|0 fnt\n|-unboost|p1a: Koraidon|def|1\n|-unboost|p1a: Koraidon|spd|1\n|faint|p2b: Miraidon\n|-damage|p1a: Koraidon|65/100|[from] item: Life Orb\n|\n|win|sleemo2\n|raw|sleemo2's rating: 1451 &rarr; <strong>1474</strong><br />(+23 for winning)\n|raw|navinsachump's rating: 1508 &rarr; <strong>1485</strong><br />(-23 for losing)\n|l|\u2606navinsachump\n|player|p2|\n|l|\u2606sleemo2\n|player|p1|\n","uploadtime":1773714547,"views":13,"formatid":"gen9vgc2026regi","rating":1474,"private":0,"password":null}