{"id":"gen9vgc2026regi-2551207107","format":"[Gen 9] VGC 2026 Reg I","players":["Lego Revan","it'sjustken vgc"],"log":"|j|\u2606Lego Revan\n|j|\u2606it'sjustken vgc\n|t:|1772574386\n|gametype|doubles\n|player|p1|Lego Revan|drayden|1381\n|player|p2|it'sjustken vgc|169|1477\n|gen|9\n|tier|[Gen 9] VGC 2026 Reg I\n|rated|\n|rule|Species Clause: Limit one of each Pok\u00e9mon\n|rule|Item Clause: Limit 1 of each item\n|clearpoke\n|poke|p1|Groudon, L50|\n|poke|p1|Lunala, L50|\n|poke|p1|Raging Bolt, L50|\n|poke|p1|Rillaboom, L50, F|\n|poke|p1|Chi-Yu, L50|\n|poke|p1|Smeargle, L50, F|\n|poke|p2|Koraidon, L50|\n|poke|p2|Incineroar, L50, M|\n|poke|p2|Calyrex-Shadow, L50|\n|poke|p2|Amoonguss, L50, F|\n|poke|p2|Urshifu-*, L50, M|\n|poke|p2|Tornadus, L50, M|\n|teampreview|4\n|inactive|Battle timer is ON: inactive players will automatically lose when time's up. (requested by Lego Revan)\n|inactive|it'sjustken vgc also wants the timer to be on.\n|\n|t:|1772574415\n|teamsize|p1|4\n|teamsize|p2|4\n|start\n|switch|p1a: Smeargle|Smeargle, L50, F, shiny|100/100\n|switch|p1b: Lunala|Lunala, L50, shiny|100/100\n|switch|p2a: Calyrex|Calyrex-Shadow, L50|100/100\n|switch|p2b: Incineroar|Incineroar, L50, M|100/100\n|-ability|p2a: Calyrex|As One\n|-ability|p2a: Calyrex|Unnerve\n|-ability|p2b: Incineroar|Intimidate|boost\n|-unboost|p1a: Smeargle|atk|1\n|-unboost|p1b: Lunala|atk|1\n|turn|1\n|inactive|it'sjustken vgc has 30 seconds left.\n|inactive|it'sjustken vgc has 20 seconds left.\n|inactive|it'sjustken vgc has 15 seconds left.\n|\n|t:|1772574455\n|-terastallize|p1b: Lunala|Fairy\n|move|p1a: Smeargle|Fake Out|p2b: Incineroar\n|-damage|p2b: Incineroar|97/100\n|cant|p2b: Incineroar|flinch\n|move|p2a: Calyrex|Psychic|p1a: Smeargle\n|-enditem|p1a: Smeargle|Focus Sash\n|-damage|p1a: Smeargle|1/100\n|-damage|p2a: Calyrex|91/100|[from] item: Life Orb\n|move|p1b: Lunala|Moongeist Beam|p2a: Calyrex\n|-supereffective|p2a: Calyrex\n|-damage|p2a: Calyrex|0 fnt\n|faint|p2a: Calyrex\n|\n|-ability|p1a: Smeargle|Moody|boost\n|-boost|p1a: Smeargle|def|2\n|-unboost|p1a: Smeargle|spd|1\n|upkeep\n|\n|t:|1772574460\n|switch|p2a: Koraidon|Koraidon, L50|100/100\n|-weather|SunnyDay|[from] ability: Orichalcum Pulse|[of] p2a: Koraidon\n|-activate|p2a: Koraidon|Orichalcum Pulse|[source]\n|turn|2\n|\n|t:|1772574472\n|-terastallize|p2a: Koraidon|Fire\n|move|p1a: Smeargle|Follow Me|p1a: Smeargle\n|-singleturn|p1a: Smeargle|move: Follow Me\n|move|p2a: Koraidon|Flame Charge|p1a: Smeargle\n|-damage|p1a: Smeargle|0 fnt\n|-boost|p2a: Koraidon|spe|1\n|faint|p1a: Smeargle\n|move|p2b: Incineroar|Flare Blitz|p1b: Lunala\n|-damage|p1b: Lunala|68/100\n|-damage|p2b: Incineroar|83/100|[from] Recoil\n|move|p1b: Lunala|Trick Room|p1b: Lunala\n|-fieldstart|move: Trick Room|[of] p1b: Lunala\n|\n|-weather|SunnyDay|[upkeep]\n|-heal|p1b: Lunala|74/100|[from] item: Leftovers\n|upkeep\n|\n|t:|1772574474\n|switch|p1a: Groudon|Groudon, L50, shiny|100/100\n|turn|3\n|inactive|it'sjustken vgc has 30 seconds left.\n|inactive|it'sjustken vgc has 20 seconds left.\n|inactive|it'sjustken vgc has 15 seconds left.\n|\n|t:|1772574515\n|switch|p1b: Raging Bolt|Raging Bolt, L50|100/100\n|-activate|p1b: Raging Bolt|ability: Protosynthesis\n|-start|p1b: Raging Bolt|protosynthesisspa\n|move|p2a: Koraidon|Protect|p2a: Koraidon\n|-singleturn|p2a: Koraidon|Protect\n|move|p2b: Incineroar|Flare Blitz|p1b: Raging Bolt\n|-resisted|p1b: Raging Bolt\n|-damage|p1b: Raging Bolt|70/100\n|-damage|p2b: Incineroar|71/100|[from] Recoil\n|move|p1a: Groudon|Precipice Blades|p2b: Incineroar|[spread] \n|-activate|p2a: Koraidon|move: Protect\n|-miss|p1a: Groudon|p2b: Incineroar\n|\n|-weather|SunnyDay|[upkeep]\n|upkeep\n|turn|4\n|\n|t:|1772574526\n|move|p2a: Koraidon|Protect|p2a: Koraidon\n|-singleturn|p2a: Koraidon|Protect\n|move|p1b: Raging Bolt|Thunderbolt|p2a: Koraidon\n|-activate|p2a: Koraidon|move: Protect\n|move|p2b: Incineroar|Flare Blitz|p1a: Groudon\n|-damage|p1a: Groudon|48/100\n|-damage|p2b: Incineroar|52/100|[from] Recoil\n|move|p1a: Groudon|Precipice Blades|p2b: Incineroar|[spread] p2b\n|-activate|p2a: Koraidon|move: Protect\n|-supereffective|p2b: Incineroar\n|-damage|p2b: Incineroar|0 fnt\n|faint|p2b: Incineroar\n|\n|-weather|SunnyDay|[upkeep]\n|upkeep\n|\n|t:|1772574528\n|switch|p2b: Amoonguss|Amoonguss, L50, F|100/100\n|turn|5\n|\n|t:|1772574534\n|move|p1a: Groudon|Protect|p1a: Groudon\n|-singleturn|p1a: Groudon|Protect\n|move|p2b: Amoonguss|Spore|p1a: Groudon\n|-activate|p1a: Groudon|move: Protect\n|move|p1b: Raging Bolt|Thunderbolt|p2a: Koraidon\n|-damage|p2a: Koraidon|32/100\n|move|p2a: Koraidon|Close Combat|p1b: Raging Bolt\n|-damage|p1b: Raging Bolt|2/100\n|-unboost|p2a: Koraidon|def|1\n|-unboost|p2a: Koraidon|spd|1\n|\n|-weather|SunnyDay|[upkeep]\n|upkeep\n|turn|6\n|\n|t:|1772574550\n|move|p2a: Koraidon|Protect|p2a: Koraidon\n|-singleturn|p2a: Koraidon|Protect\n|move|p1b: Raging Bolt|Thunderclap||[still]\n|-fail|p1b: Raging Bolt\n|move|p2b: Amoonguss|Spore|p1a: Groudon\n|-status|p1a: Groudon|slp|[from] move: Spore\n|cant|p1a: Groudon|slp\n|\n|-weather|none\n|-end|p1b: Raging Bolt|Protosynthesis\n|-fieldend|move: Trick Room\n|upkeep\n|turn|7\n|\n|t:|1772574574\n|move|p1b: Raging Bolt|Protect|p1b: Raging Bolt\n|-singleturn|p1b: Raging Bolt|Protect\n|move|p2b: Amoonguss|Rage Powder|p2b: Amoonguss\n|-singleturn|p2b: Amoonguss|move: Rage Powder\n|move|p2a: Koraidon|Flame Charge|p1b: Raging Bolt\n|-activate|p1b: Raging Bolt|move: Protect\n|cant|p1a: Groudon|slp\n|\n|upkeep\n|turn|8\n|\n|t:|1772574581\n|move|p2b: Amoonguss|Rage Powder|p2b: Amoonguss\n|-singleturn|p2b: Amoonguss|move: Rage Powder\n|move|p1b: Raging Bolt|Thunderclap|p2a: Koraidon\n|-damage|p2a: Koraidon|0 fnt\n|faint|p2a: Koraidon\n|cant|p1a: Groudon|slp\n|\n|upkeep\n|turn|9\n|-message|it'sjustken vgc forfeited.\n|\n|win|Lego Revan\n|raw|Lego Revan's rating: 1381 &rarr; <strong>1405</strong><br />(+24 for winning)\n|raw|it&apos;sjustken vgc's rating: 1452 &rarr; <strong>1428</strong><br />(-24 for losing)\n","uploadtime":1772574589,"views":15,"formatid":"gen9vgc2026regi","rating":1405,"private":0,"password":null}