{"id":"gen9vgc2026regi-2558760853","format":"[Gen 9] VGC 2026 Reg I","players":["EllenJoe2026","rito buff zed"],"log":"|j|\u2606EllenJoe2026\n|j|\u2606rito buff zed\n|t:|1773477369\n|gametype|doubles\n|player|p1|EllenJoe2026|1|1504\n|player|p2|rito buff zed|cynthia|1526\n|gen|9\n|tier|[Gen 9] VGC 2026 Reg I\n|rated|\n|rule|Species Clause: Limit one of each Pok\u00e9mon\n|rule|Item Clause: Limit 1 of each item\n|clearpoke\n|poke|p1|Calyrex-Shadow, L50|\n|poke|p1|Zamazenta-*, L50|\n|poke|p1|Chien-Pao, L50|\n|poke|p1|Dragonite, L50, F|\n|poke|p1|Tornadus, L50, M|\n|poke|p1|Urshifu-*, L50, F|\n|poke|p2|Calyrex-Shadow, L50|\n|poke|p2|Zamazenta-*, L50|\n|poke|p2|Incineroar, L50, F|\n|poke|p2|Rillaboom, L50, F|\n|poke|p2|Amoonguss, L50, M|\n|poke|p2|Urshifu-*, L50, M|\n|teampreview|4\n|inactive|Battle timer is ON: inactive players will automatically lose when time's up. (requested by rito buff zed)\nrito buff zed has agreed to open team sheets.\n|inactive|EllenJoe2026 also wants the timer to be on.\n|\n|t:|1773477397\n|teamsize|p1|4\n|teamsize|p2|4\n|start\n|switch|p1a: Tornadus|Tornadus, L50, M, shiny|100/100\n|switch|p1b: Urshifu|Urshifu-Rapid-Strike, L50, F|100/100\n|switch|p2a: Calyrex|Calyrex-Shadow, L50|100/100\n|switch|p2b: Incineroar|Incineroar, L50, F|100/100\n|-ability|p2a: Calyrex|As One\n|-ability|p2a: Calyrex|Unnerve\n|-ability|p2b: Incineroar|Intimidate|boost\n|-unboost|p1a: Tornadus|atk|1\n|-unboost|p1b: Urshifu|atk|1\n|turn|1\n|inactive|rito buff zed has 30 seconds left.\n|inactive|rito buff zed has 20 seconds left.\n|\n|t:|1773477435\n|-terastallize|p1b: Urshifu|Ghost\n|move|p2b: Incineroar|Fake Out|p1b: Urshifu\n|-immune|p1b: Urshifu\n|move|p1a: Tornadus|Tailwind|p1a: Tornadus\n|-sidestart|p1: EllenJoe2026|move: Tailwind\n|move|p1b: Urshifu|Surging Strikes|p2b: Incineroar\n|-supereffective|p2b: Incineroar\n|-crit|p2b: Incineroar\n|-damage|p2b: Incineroar|71/100\n|-supereffective|p2b: Incineroar\n|-crit|p2b: Incineroar\n|-damage|p2b: Incineroar|38/100\n|-supereffective|p2b: Incineroar\n|-crit|p2b: Incineroar\n|-damage|p2b: Incineroar|4/100\n|-hitcount|p2b: Incineroar|3\n|move|p2a: Calyrex|Astral Barrage|p1b: Urshifu|[spread] p1a,p1b\n|-supereffective|p1b: Urshifu\n|-damage|p1a: Tornadus|46/100\n|-damage|p1b: Urshifu|0 fnt\n|faint|p1b: Urshifu\n|-ability|p2a: Calyrex|Grim Neigh|boost\n|-boost|p2a: Calyrex|spa|1\n|\n|upkeep\n|\n|t:|1773477445\n|switch|p1b: Calyrex|Calyrex-Shadow, L50|100/100\n|-ability|p1b: Calyrex|As One\n|-ability|p1b: Calyrex|Unnerve\n|turn|2\n|\n|t:|1773477470\n|move|p2a: Calyrex|Protect|p2a: Calyrex\n|-singleturn|p2a: Calyrex|Protect\n|move|p1b: Calyrex|Imprison|p1b: Calyrex\n|-start|p1b: Calyrex|move: Imprison\n|move|p1a: Tornadus|Dark Pulse|p2b: Incineroar\n|-resisted|p2b: Incineroar\n|-damage|p2b: Incineroar|0 fnt\n|faint|p2b: Incineroar\n|\n|upkeep\n|\n|t:|1773477482\n|switch|p2b: Urshifu|Urshifu, L50, M|100/100\n|turn|3\n|inactive|rito buff zed has 30 seconds left.\n|inactive|rito buff zed has 20 seconds left.\n|inactive|rito buff zed has 15 seconds left.\n|inactive|rito buff zed has 10 seconds left.\n|inactive|rito buff zed has 5 seconds left.\n|\n|t:|1773477533\n|switch|p1b: Zamazenta|Zamazenta-Crowned, L50, shiny|100/100\n|-ability|p1b: Zamazenta|Dauntless Shield|boost\n|-boost|p1b: Zamazenta|def|1\n|switch|p2a: Zamazenta|Zamazenta-Crowned, L50|100/100\n|-ability|p2a: Zamazenta|Dauntless Shield|boost\n|-boost|p2a: Zamazenta|def|1\n|move|p2b: Urshifu|Sucker Punch||[still]\n|-fail|p2b: Urshifu\n|move|p1a: Tornadus|Dark Pulse|p2a: Zamazenta\n|-resisted|p2a: Zamazenta\n|-damage|p2a: Zamazenta|93/100\n|\n|upkeep\n|turn|4\n|inactive|rito buff zed has 30 seconds left.\n|inactive|rito buff zed has 20 seconds left.\n|\n|t:|1773477569\n|-terastallize|p2a: Zamazenta|Dragon\n|move|p2b: Urshifu|Detect|p2b: Urshifu\n|-singleturn|p2b: Urshifu|Protect\n|move|p1b: Zamazenta|Body Press|p2b: Urshifu\n|-activate|p2b: Urshifu|move: Protect\n|move|p1a: Tornadus|Dark Pulse|p2b: Urshifu\n|-activate|p2b: Urshifu|move: Protect\n|move|p2a: Zamazenta|Heavy Slam|p1a: Tornadus\n|-damage|p1a: Tornadus|0 fnt\n|faint|p1a: Tornadus\n|\n|-sideend|p1: EllenJoe2026|move: Tailwind\n|upkeep\n|\n|t:|1773477573\n|switch|p1a: Calyrex|Calyrex-Shadow, L50|100/100\n|-ability|p1a: Calyrex|As One\n|-ability|p1a: Calyrex|Unnerve\n|turn|5\n|inactive|rito buff zed has 30 seconds left.\n|\n|t:|1773477604\n|switch|p2b: Calyrex|Calyrex-Shadow, L50|100/100\n|-ability|p2b: Calyrex|As One\n|-ability|p2b: Calyrex|Unnerve\n|move|p1a: Calyrex|Imprison|p1a: Calyrex\n|-start|p1a: Calyrex|move: Imprison\n|move|p1b: Zamazenta|Body Press|p2b: Calyrex\n|-immune|p2b: Calyrex\n|move|p2a: Zamazenta|Heavy Slam|p1a: Calyrex\n|-damage|p1a: Calyrex|39/100\n|\n|upkeep\n|turn|6\n|\n|t:|1773477628\n|switch|p2b: Urshifu|Urshifu, L50, M|100/100\n|move|p1a: Calyrex|Astral Barrage|p2a: Zamazenta|[spread] p2a,p2b\n|-resisted|p2b: Urshifu\n|-damage|p2a: Zamazenta|44/100\n|-damage|p2b: Urshifu|45/100\n|-damage|p1a: Calyrex|29/100|[from] item: Life Orb\n|move|p1b: Zamazenta|Imprison|p1b: Zamazenta\n|-start|p1b: Zamazenta|move: Imprison\n|cant|p2a: Zamazenta|move: Imprison|Heavy Slam\n|\n|upkeep\n|turn|7\n|c|\u2606rito buff zed|bro are you serious\n|inactive|EllenJoe2026 has 30 seconds left.\n|inactive|rito buff zed has 30 seconds left.\n|inactive|rito buff zed has 20 seconds left.\n|inactive|rito buff zed has 15 seconds left.\n|\n|t:|1773477670\n|move|p2b: Urshifu|Detect|p2b: Urshifu\n|-singleturn|p2b: Urshifu|Protect\n|move|p1a: Calyrex|Imprison||[still]\n|-fail|p1a: Calyrex\n|move|p1b: Zamazenta|Body Press|p2b: Urshifu\n|-activate|p2b: Urshifu|move: Protect\n|-activate|p2a: Zamazenta|move: Struggle\n|move|p2a: Zamazenta|Struggle|p1a: Calyrex\n|-damage|p1a: Calyrex|11/100\n|-damage|p2a: Zamazenta|19/100|[from] recoil\n|\n|upkeep\n|turn|8\n|\n|t:|1773477693\n|move|p2b: Urshifu|Sucker Punch||[still]\n|-fail|p2b: Urshifu\n|move|p1a: Calyrex|Imprison||[still]\n|-fail|p1a: Calyrex\n|move|p1b: Zamazenta|Body Press|p2b: Urshifu\n|-supereffective|p2b: Urshifu\n|-damage|p2b: Urshifu|0 fnt\n|faint|p2b: Urshifu\n|-activate|p2a: Zamazenta|move: Struggle\n|move|p2a: Zamazenta|Struggle|p1b: Zamazenta\n|-damage|p1b: Zamazenta|95/100\n|-damage|p2a: Zamazenta|0 fnt|[from] recoil\n|faint|p2a: Zamazenta\n|\n|upkeep\n|\n|t:|1773477704\n|switch|p2b: Calyrex|Calyrex-Shadow, L50|100/100\n|-ability|p2b: Calyrex|As One\n|-ability|p2b: Calyrex|Unnerve\n|turn|9\n|\n|t:|1773477711\n|move|p2b: Calyrex|Nasty Plot|p2b: Calyrex\n|-boost|p2b: Calyrex|spa|2\n|move|p1a: Calyrex|Astral Barrage|p2b: Calyrex\n|-supereffective|p2b: Calyrex\n|-enditem|p2b: Calyrex|Focus Sash\n|-damage|p2b: Calyrex|1/100\n|-damage|p1a: Calyrex|2/100|[from] item: Life Orb\n|move|p1b: Zamazenta|Heavy Slam|p2b: Calyrex\n|-damage|p2b: Calyrex|0 fnt\n|faint|p2b: Calyrex\n|\n|win|EllenJoe2026\n|raw|EllenJoe2026's rating: 1504 &rarr; <strong>1525</strong><br />(+21 for winning)\n|raw|rito buff zed's rating: 1526 &rarr; <strong>1505</strong><br />(-21 for losing)\n","uploadtime":1773477864,"views":22,"formatid":"gen9vgc2026regi","rating":1505,"private":0,"password":null}