{"id":"gen9vgc2026regi-2578075003","format":"[Gen 9] VGC 2026 Reg I","players":["MyNameIsHai","TheManOfSausage"],"log":"|j|\u2606MyNameIsHai\n|j|\u2606TheManOfSausage\n|t:|1775644742\n|gametype|doubles\n|player|p1|MyNameIsHai|265|1317\n|player|p2|TheManOfSausage|miku-water|1570\n|gen|9\n|tier|[Gen 9] VGC 2026 Reg I\n|rated|\n|rule|Species Clause: Limit one of each Pok\u00e9mon\n|rule|Item Clause: Limit 1 of each item\n|clearpoke\n|poke|p1|Miraidon, L50|\n|poke|p1|Lunala, L50|\n|poke|p1|Whimsicott, L50, M|\n|poke|p1|Landorus, L50, M|\n|poke|p1|Incineroar, L50, F|\n|poke|p1|Urshifu-*, L50, M|\n|poke|p2|Ho-Oh, L50|\n|poke|p2|Miraidon, L50|\n|poke|p2|Farigiraf, L50, F|\n|poke|p2|Urshifu-*, L50, M|\n|poke|p2|Iron Treads, L50|\n|poke|p2|Iron Hands, L50|\n|teampreview|4\nTheManOfSausage has agreed to open team sheets.\n|\n|t:|1775644782\n|teamsize|p1|4\n|teamsize|p2|4\n|start\n|switch|p1a: Whimsicott|Whimsicott, L50, M|100/100\n|switch|p1b: Lunala|Lunala, L50|100/100\n|switch|p2a: Ho-Oh|Ho-Oh, L50|100/100\n|switch|p2b: Iron Treads|Iron Treads, L50|100/100\n|turn|1\n|inactive|Battle timer is ON: inactive players will automatically lose when time's up. (requested by MyNameIsHai)\n|\n|t:|1775644799\n|switch|p1b: Incineroar|Incineroar, L50, F|100/100\n|-ability|p1b: Incineroar|Intimidate|boost\n|-fail|p2a: Ho-Oh|unboost|[from] item: Clear Amulet|[of] p2a: Ho-Oh\n|-unboost|p2b: Iron Treads|atk|1\n|move|p1a: Whimsicott|Tailwind|p1a: Whimsicott\n|-sidestart|p1: MyNameIsHai|move: Tailwind\n|move|p2b: Iron Treads|Knock Off|p1b: Incineroar\n|-resisted|p1b: Incineroar\n|-damage|p1b: Incineroar|90/100\n|-enditem|p1b: Incineroar|Assault Vest|[from] move: Knock Off|[of] p2b: Iron Treads\n|-damage|p2b: Iron Treads|91/100|[from] item: Life Orb\n|move|p2a: Ho-Oh|Flare Blitz|p1a: Whimsicott\n|-supereffective|p1a: Whimsicott\n|-damage|p1a: Whimsicott|0 fnt\n|faint|p1a: Whimsicott\n|-damage|p2a: Ho-Oh|75/100|[from] Recoil\n|\n|upkeep\n|\n|t:|1775644818\n|switch|p1a: Lunala|Lunala, L50|100/100\n|turn|2\n|\n|t:|1775644827\n|move|p1b: Incineroar|Fake Out|p2b: Iron Treads\n|-resisted|p2b: Iron Treads\n|-damage|p2b: Iron Treads|85/100\n|move|p1a: Lunala|Meteor Beam||[still]\n|-prepare|p1a: Lunala|Meteor Beam\n|-boost|p1a: Lunala|spa|1\n|-enditem|p1a: Lunala|Power Herb\n|-anim|p1a: Lunala|Meteor Beam|p2a: Ho-Oh\n|-supereffective|p2a: Ho-Oh\n|-damage|p2a: Ho-Oh|0 fnt\n|faint|p2a: Ho-Oh\n|cant|p2b: Iron Treads|flinch\n|\n|upkeep\n|\n|t:|1775644833\n|switch|p2a: Magical Mirai|Miraidon, L50|100/100\n|-fieldstart|move: Electric Terrain|[from] ability: Hadron Engine|[of] p2a: Magical Mirai\n|-activate|p2b: Iron Treads|ability: Quark Drive\n|-start|p2b: Iron Treads|quarkdrivespe\n|turn|3\n|\n|t:|1775644846\n|move|p2b: Iron Treads|Knock Off|p1a: Lunala\n|-supereffective|p1a: Lunala\n|-damage|p1a: Lunala|70/100\n|-damage|p2b: Iron Treads|75/100|[from] item: Life Orb\n|move|p1a: Lunala|Moonblast|p2a: Magical Mirai\n|-supereffective|p2a: Magical Mirai\n|-damage|p2a: Magical Mirai|3/100\n|move|p2a: Magical Mirai|Volt Switch|p1a: Lunala\n|-damage|p1a: Lunala|0 fnt\n|faint|p1a: Lunala\n|\n|t:|1775644849\n|switch|p2a: Urshifu|Urshifu-Rapid-Strike, L50, M|100/100|[from] Volt Switch\n|move|p1b: Incineroar|Flare Blitz|p2b: Iron Treads\n|-supereffective|p2b: Iron Treads\n|-damage|p2b: Iron Treads|0 fnt\n|faint|p2b: Iron Treads\n|-end|p2b: Iron Treads|Quark Drive|[silent]\n|-damage|p1b: Incineroar|69/100|[from] Recoil\n|\n|upkeep\n|\n|t:|1775644863\n|switch|p2b: Magical Mirai|Miraidon, L50|3/100\n|switch|p1a: Miraidon|Miraidon, L50|100/100\n|-activate|p1a: Miraidon|ability: Hadron Engine\n|-activate|p2b: Magical Mirai|ability: Hadron Engine\n|turn|4\n|\n|t:|1775644881\n|-terastallize|p1a: Miraidon|Electric\n|-terastallize|p2a: Urshifu|Stellar\n|move|p1a: Miraidon|Discharge|p2b: Magical Mirai|[spread] p1b,p2a,p2b\n|-supereffective|p2a: Urshifu\n|-resisted|p2b: Magical Mirai\n|-damage|p1b: Incineroar|0 fnt\n|-enditem|p2a: Urshifu|Focus Sash\n|-damage|p2a: Urshifu|1/100\n|-damage|p2b: Magical Mirai|0 fnt\n|faint|p1b: Incineroar\n|faint|p2b: Magical Mirai\n|move|p2a: Urshifu|Close Combat|p1a: Miraidon\n|-damage|p1a: Miraidon|12/100\n|-unboost|p2a: Urshifu|def|1\n|-unboost|p2a: Urshifu|spd|1\n|\n|-sideend|p1: MyNameIsHai|move: Tailwind\n|upkeep\n|turn|5\n|c|\u2606TheManOfSausage|gg\n|\n|t:|1775644896\n|move|p2a: Urshifu|Aqua Jet|p1a: Miraidon\n|-damage|p1a: Miraidon|0 fnt\n|faint|p1a: Miraidon\n|\n|win|TheManOfSausage\n|raw|MyNameIsHai's rating: 1317 &rarr; <strong>1309</strong><br />(-8 for losing)\n|raw|TheManOfSausage's rating: 1570 &rarr; <strong>1578</strong><br />(+8 for winning)\n|l|\u2606MyNameIsHai\n|player|p1|\n|l|\u2606TheManOfSausage\n|player|p2|\n","uploadtime":1775645092,"views":10,"formatid":"gen9vgc2026regi","rating":1309,"private":0,"password":null}