{"id":"gen9vgc2026regi-2567093760","format":"[Gen 9] VGC 2026 Reg I","players":["14M605","Sunny_zong1"],"log":"|j|\u260614M605\n|j|\u2606Sunny_zong1\n|t:|1774448557\n|gametype|doubles\n|player|p1|14M605|doubleteam|1413\n|player|p2|Sunny_zong1|265|1360\n|gen|9\n|tier|[Gen 9] VGC 2026 Reg I\n|rated|\n|rule|Species Clause: Limit one of each Pok\u00e9mon\n|rule|Item Clause: Limit 1 of each item\n|clearpoke\n|poke|p1|Zamazenta-*, L50|\n|poke|p1|Groudon, L50|\n|poke|p1|Grimmsnarl, L50, M|\n|poke|p1|Chi-Yu, L50|\n|poke|p1|Hawlucha, L50, M|\n|poke|p1|Raging Bolt, L50|\n|poke|p2|Glimmora, L50, M|\n|poke|p2|Eternatus, L50|\n|poke|p2|Miraidon, L50|\n|poke|p2|Chi-Yu, L50|\n|poke|p2|Urshifu-*, L50, M|\n|poke|p2|Grimmsnarl, L50, M|\n|teampreview|4\n|inactive|Battle timer is ON: inactive players will automatically lose when time's up. (requested by Sunny_zong1)\n|inactive|14M605 has 60 seconds left.\n|\n|t:|1774448590\n|teamsize|p1|4\n|teamsize|p2|4\n|start\n|switch|p1a: Groudon|Groudon, L50|100/100\n|switch|p1b: Grimmsnarl|Grimmsnarl, L50, M|100/100\n|switch|p2a: Grimmsnarl|Grimmsnarl, L50, M|100/100\n|switch|p2b: Miraidon|Miraidon, L50|100/100\n|-fieldstart|move: Electric Terrain|[from] ability: Hadron Engine|[of] p2b: Miraidon\n|-weather|SunnyDay|[from] ability: Drought|[of] p1a: Groudon\n|turn|1\n|\n|t:|1774448606\n|-terastallize|p2b: Miraidon|Fairy\n|move|p2a: Grimmsnarl|Fake Out|p1b: Grimmsnarl\n|-crit|p1b: Grimmsnarl\n|-damage|p1b: Grimmsnarl|85/100\n|cant|p1b: Grimmsnarl|flinch\n|move|p2b: Miraidon|Dazzling Gleam|p1b: Grimmsnarl|[spread] p1a,p1b\n|-supereffective|p1b: Grimmsnarl\n|-damage|p1a: Groudon|64/100\n|-damage|p1b: Grimmsnarl|0 fnt\n|faint|p1b: Grimmsnarl\n|move|p1a: Groudon|Precipice Blades|p2b: Miraidon|[spread] p2b\n|-miss|p1a: Groudon|p2a: Grimmsnarl\n|-damage|p2b: Miraidon|46/100\n|\n|-weather|SunnyDay|[upkeep]\n|upkeep\n|\n|t:|1774448621\n|switch|p1b: Zamazenta|Zamazenta-Crowned, L50|100/100\n|-ability|p1b: Zamazenta|Dauntless Shield|boost\n|-boost|p1b: Zamazenta|def|1\n|turn|2\n|\n|t:|1774448638\n|switch|p2b: Eternatus|Eternatus, L50|100/100\n|-ability|p2b: Eternatus|Pressure\n|move|p2a: Grimmsnarl|Reflect|p2a: Grimmsnarl\n|-sidestart|p2: Sunny_zong1|Reflect\n|move|p1b: Zamazenta|Heavy Slam|p2a: Grimmsnarl\n|-supereffective|p2a: Grimmsnarl\n|-damage|p2a: Grimmsnarl|27/100\n|move|p1a: Groudon|Precipice Blades|p2b: Eternatus|[spread] p2a,p2b\n|-supereffective|p2b: Eternatus\n|-damage|p2a: Grimmsnarl|0 fnt\n|-damage|p2b: Eternatus|56/100\n|faint|p2a: Grimmsnarl\n|\n|-weather|SunnyDay|[upkeep]\n|-heal|p2b: Eternatus|62/100|[from] item: Leftovers\n|upkeep\n|\n|t:|1774448648\n|switch|p2a: Chi-Yu|Chi-Yu, L50|100/100\n|-ability|p2a: Chi-Yu|Beads of Ruin\n|turn|3\n|\n|t:|1774448658\n|-terastallize|p1a: Groudon|Fire\n|move|p1b: Zamazenta|Wide Guard|p1b: Zamazenta\n|-singleturn|p1b: Zamazenta|Wide Guard\n|move|p2a: Chi-Yu|Flamethrower|p1a: Groudon\n|-resisted|p1a: Groudon\n|-damage|p1a: Groudon|40/100\n|move|p2b: Eternatus|Cosmic Power|p2b: Eternatus\n|-boost|p2b: Eternatus|def|1\n|-boost|p2b: Eternatus|spd|1\n|move|p1a: Groudon|Precipice Blades|p2a: Chi-Yu|[spread] p2b\n|-miss|p1a: Groudon|p2a: Chi-Yu\n|-supereffective|p2b: Eternatus\n|-damage|p2b: Eternatus|32/100\n|\n|-weather|SunnyDay|[upkeep]\n|-heal|p2b: Eternatus|38/100|[from] item: Leftovers\n|upkeep\n|turn|4\n|\n|t:|1774448681\n|switch|p1b: Raging Bolt|Raging Bolt, L50|100/100\n|-activate|p1b: Raging Bolt|ability: Protosynthesis\n|-start|p1b: Raging Bolt|protosynthesisspa\n|move|p2a: Chi-Yu|Flamethrower|p1a: Groudon\n|-resisted|p1a: Groudon\n|-damage|p1a: Groudon|15/100\n|move|p2b: Eternatus|Sludge Bomb|p1a: Groudon\n|-damage|p1a: Groudon|0 fnt\n|faint|p1a: Groudon\n|\n|-weather|SunnyDay|[upkeep]\n|-heal|p2b: Eternatus|44/100|[from] item: Leftovers\n|upkeep\n|\n|t:|1774448691\n|switch|p1a: Zamazenta|Zamazenta-Crowned, L50|100/100\n|turn|5\n|\n|t:|1774448707\n|move|p1a: Zamazenta|Protect|p1a: Zamazenta\n|-singleturn|p1a: Zamazenta|Protect\n|move|p2b: Eternatus|Protect|p2b: Eternatus\n|-singleturn|p2b: Eternatus|Protect\n|move|p2a: Chi-Yu|Flamethrower|p1a: Zamazenta\n|-activate|p1a: Zamazenta|move: Protect\n|move|p1b: Raging Bolt|Draco Meteor|p2b: Eternatus\n|-activate|p2b: Eternatus|move: Protect\n|\n|-weather|none\n|-end|p1b: Raging Bolt|Protosynthesis\n|-heal|p2b: Eternatus|50/100|[from] item: Leftovers\n|-fieldend|move: Electric Terrain\n|upkeep\n|turn|6\n|\n|t:|1774448721\n|move|p2a: Chi-Yu|Flamethrower|p1a: Zamazenta\n|-supereffective|p1a: Zamazenta\n|-damage|p1a: Zamazenta|16/100\n|move|p1a: Zamazenta|Body Press|p2a: Chi-Yu\n|-supereffective|p2a: Chi-Yu\n|-damage|p2a: Chi-Yu|1/100\n|move|p2b: Eternatus|Recover|p2b: Eternatus\n|-heal|p2b: Eternatus|99/100\n|move|p1b: Raging Bolt|Draco Meteor|p2b: Eternatus\n|-supereffective|p2b: Eternatus\n|-damage|p2b: Eternatus|0 fnt\n|-unboost|p1b: Raging Bolt|spa|2\n|faint|p2b: Eternatus\n|-damage|p1b: Raging Bolt|91/100|[from] item: Life Orb\n|\n|upkeep\n|\n|t:|1774448725\n|switch|p2b: Miraidon|Miraidon, L50, tera:Fairy|46/100\n|-fieldstart|move: Electric Terrain|[from] ability: Hadron Engine|[of] p2b: Miraidon\n|turn|7\n|inactive|Sunny_zong1 has 30 seconds left.\n|inactive|Sunny_zong1 has 20 seconds left.\n|inactive|Sunny_zong1 has 15 seconds left.\n|\n|t:|1774448766\n|move|p1a: Zamazenta|Wide Guard|p1a: Zamazenta\n|-singleturn|p1a: Zamazenta|Wide Guard\n|move|p1b: Raging Bolt|Thunderclap|p2a: Chi-Yu\n|-damage|p2a: Chi-Yu|0 fnt\n|faint|p2a: Chi-Yu\n|-damage|p1b: Raging Bolt|81/100|[from] item: Life Orb\n|move|p2b: Miraidon|Dazzling Gleam|p1b: Raging Bolt|[spread] \n|-activate|p1a: Zamazenta|move: Wide Guard\n|-activate|p1b: Raging Bolt|move: Wide Guard\n|\n|upkeep\n|turn|8\n|-message|Sunny_zong1 forfeited.\n|\n|win|14M605\n|raw|14M605's rating: 1413 &rarr; <strong>1430</strong><br />(+17 for winning)\n|raw|Sunny_zong1's rating: 1360 &rarr; <strong>1343</strong><br />(-17 for losing)\n|l|\u2606Sunny_zong1\n|player|p2|\n|l|\u260614M605\n|player|p1|\n","uploadtime":1774448980,"views":13,"formatid":"gen9vgc2026regi","rating":1343,"private":0,"password":null}