{"id":"gen9vgc2026regi-2529263992","format":"[Gen 9] VGC 2026 Reg I","players":["girrugameshu","fogdocker"],"log":"|j|\u2606girrugameshu\n|j|\u2606fogdocker\n|t:|1769763883\n|gametype|doubles\n|player|p1|girrugameshu|steven|1332\n|player|p2|fogdocker|266|1456\n|gen|9\n|tier|[Gen 9] VGC 2026 Reg I\n|rated|\n|rule|Species Clause: Limit one of each Pok\u00e9mon\n|rule|Item Clause: Limit 1 of each item\n|clearpoke\n|poke|p1|Urshifu-*, L50, F|\n|poke|p1|Kyogre, L50|\n|poke|p1|Zacian-*, L50|\n|poke|p1|Roaring Moon, L50|\n|poke|p1|Chien-Pao, L50|\n|poke|p1|Volcarona, L50, M|\n|poke|p2|Koraidon, L50|\n|poke|p2|Flutter Mane, L50|\n|poke|p2|Calyrex-Ice, L50|\n|poke|p2|Incineroar, L50, M|\n|poke|p2|Rillaboom, L50, M|\n|poke|p2|Amoonguss, L50, M|\n|teampreview|4\n|inactive|Battle timer is ON: inactive players will automatically lose when time's up. (requested by girrugameshu)\n|\n|t:|1769763944\n|teamsize|p1|4\n|teamsize|p2|4\n|start\n|switch|p1a: Kyogre|Kyogre, L50|100/100\n|switch|p1b: Urshifu|Urshifu-Rapid-Strike, L50, F|100/100\n|switch|p2a: Calyrex|Calyrex-Ice, L50|100/100\n|switch|p2b: Rillaboom|Rillaboom, L50, M|100/100\n|-ability|p2a: Calyrex|As One\n|-ability|p2a: Calyrex|Unnerve\n|-weather|RainDance|[from] ability: Drizzle|[of] p1a: Kyogre\n|-fieldstart|move: Grassy Terrain|[from] ability: Grassy Surge|[of] p2b: Rillaboom\n|turn|1\n|\n|t:|1769763967\n|-terastallize|p1a: Kyogre|Grass\n|-terastallize|p2a: Calyrex|Water\n|move|p2b: Rillaboom|Grassy Glide|p1b: Urshifu\n|-supereffective|p1b: Urshifu\n|-damage|p1b: Urshifu|35/100\n|move|p1a: Kyogre|Water Spout|p2a: Calyrex|[spread] p2a,p2b\n|-resisted|p2a: Calyrex\n|-resisted|p2b: Rillaboom\n|-damage|p2a: Calyrex|64/100\n|-damage|p2b: Rillaboom|57/100\n|move|p1b: Urshifu|Taunt|p2a: Calyrex\n|-start|p2a: Calyrex|move: Taunt\n|cant|p2a: Calyrex|move: Taunt|Trick Room\n|\n|-weather|RainDance|[upkeep]\n|-heal|p1b: Urshifu|41/100|[from] Grassy Terrain\n|-heal|p2b: Rillaboom|62/100|[from] Grassy Terrain\n|-heal|p2a: Calyrex|70/100|[from] Grassy Terrain\n|-heal|p2a: Calyrex|76/100|[from] item: Leftovers\n|upkeep\n|turn|2\n|inactive|girrugameshu has 30 seconds left.\n|inactive|girrugameshu has 20 seconds left.\n|inactive|girrugameshu has 15 seconds left.\n|inactive|girrugameshu has 10 seconds left.\n|\n|t:|1769764016\n|move|p1a: Kyogre|Water Spout|p2a: Calyrex|[spread] p2a,p2b\n|-resisted|p2a: Calyrex\n|-resisted|p2b: Rillaboom\n|-damage|p2a: Calyrex|36/100\n|-damage|p2b: Rillaboom|24/100\n|move|p1b: Urshifu|Surging Strikes|p2a: Calyrex\n|-resisted|p2a: Calyrex\n|-crit|p2a: Calyrex\n|-damage|p2a: Calyrex|26/100\n|-resisted|p2a: Calyrex\n|-crit|p2a: Calyrex\n|-damage|p2a: Calyrex|15/100\n|-resisted|p2a: Calyrex\n|-crit|p2a: Calyrex\n|-damage|p2a: Calyrex|5/100\n|-hitcount|p2a: Calyrex|3\n|move|p2b: Rillaboom|U-turn|p1a: Kyogre\n|-supereffective|p1a: Kyogre\n|-damage|p1a: Kyogre|54/100\n|\n|t:|1769764033\n|switch|p2b: Koraidon|Koraidon, L50|100/100|[from] U-turn\n|-weather|SunnyDay|[from] ability: Orichalcum Pulse|[of] p2b: Koraidon\n|-activate|p2b: Koraidon|Orichalcum Pulse|[source]\n|move|p2a: Calyrex|Glacial Lance|p1b: Urshifu|[spread] p1a,p1b\n|-supereffective|p1a: Kyogre\n|-resisted|p1b: Urshifu\n|-damage|p1a: Kyogre|0 fnt\n|-damage|p1b: Urshifu|18/100\n|faint|p1a: Kyogre\n|-ability|p2a: Calyrex|Chilling Neigh|boost\n|-boost|p2a: Calyrex|atk|1\n|\n|-weather|SunnyDay|[upkeep]\n|-heal|p1b: Urshifu|24/100|[from] Grassy Terrain\n|-heal|p2a: Calyrex|11/100|[from] Grassy Terrain\n|-heal|p2a: Calyrex|17/100|[from] item: Leftovers\n|upkeep\n|\n|t:|1769764055\n|switch|p1a: Zacian|Zacian-Crowned, L50|100/100\n|-ability|p1a: Zacian|Intrepid Sword|boost\n|-boost|p1a: Zacian|atk|1\n|turn|3\n|inactive|fogdocker has 30 seconds left.\n|inactive|fogdocker has 20 seconds left.\n|\n|t:|1769764092\n|switch|p2b: Incineroar|Incineroar, L50, M|100/100\n|-ability|p2b: Incineroar|Intimidate|boost\n|-unboost|p1a: Zacian|atk|1\n|-unboost|p1b: Urshifu|atk|1\n|move|p1a: Zacian|Protect|p1a: Zacian\n|-singleturn|p1a: Zacian|Protect\n|move|p1b: Urshifu|Detect|p1b: Urshifu\n|-singleturn|p1b: Urshifu|Protect\n|move|p2a: Calyrex|Glacial Lance|p1b: Urshifu|[spread] \n|-activate|p1a: Zacian|move: Protect\n|-activate|p1b: Urshifu|move: Protect\n|\n|-weather|SunnyDay|[upkeep]\n|-heal|p1b: Urshifu|31/100|[from] Grassy Terrain\n|-heal|p2a: Calyrex|23/100|[from] Grassy Terrain\n|-heal|p2a: Calyrex|29/100|[from] item: Leftovers\n|-end|p2a: Calyrex|move: Taunt\n|upkeep\n|turn|4\n|inactive|girrugameshu has 30 seconds left.\n|\n|t:|1769764121\n|move|p2b: Incineroar|Fake Out|p1a: Zacian\n|-resisted|p1a: Zacian\n|-damage|p1a: Zacian|96/100\n|cant|p1a: Zacian|flinch\n|move|p1b: Urshifu|Taunt|p2a: Calyrex\n|-start|p2a: Calyrex|move: Taunt\n|move|p2a: Calyrex|Glacial Lance|p1a: Zacian|[spread] p1a,p1b\n|-resisted|p1a: Zacian\n|-resisted|p1b: Urshifu\n|-damage|p1a: Zacian|66/100\n|-damage|p1b: Urshifu|0 fnt\n|faint|p1b: Urshifu\n|-ability|p2a: Calyrex|Chilling Neigh|boost\n|-boost|p2a: Calyrex|atk|1\n|\n|-weather|SunnyDay|[upkeep]\n|-heal|p1a: Zacian|73/100|[from] Grassy Terrain\n|-heal|p2a: Calyrex|34/100|[from] Grassy Terrain\n|-heal|p2a: Calyrex|40/100|[from] item: Leftovers\n|upkeep\n|\n|t:|1769764137\n|switch|p1b: Volcarona|Volcarona, L50, M|100/100\n|turn|5\n|\n|t:|1769764152\n|move|p1b: Volcarona|Rage Powder|p1b: Volcarona\n|-singleturn|p1b: Volcarona|move: Rage Powder\n|move|p1a: Zacian|Play Rough|p2a: Calyrex\n|-damage|p2a: Calyrex|10/100\n|move|p2b: Incineroar|Flare Blitz|p1a: Zacian\n|-supereffective|p1a: Zacian\n|-damage|p1a: Zacian|0 fnt\n|faint|p1a: Zacian\n|-damage|p2b: Incineroar|78/100|[from] Recoil\n|move|p2a: Calyrex|Glacial Lance|p1b: Volcarona\n|-resisted|p1b: Volcarona\n|-damage|p1b: Volcarona|27/100\n|\n|-weather|SunnyDay|[upkeep]\n|-heal|p1b: Volcarona|33/100|[from] Grassy Terrain\n|-heal|p1b: Volcarona|38/100|[from] item: Leftovers\n|-heal|p2b: Incineroar|84/100|[from] Grassy Terrain\n|-heal|p2a: Calyrex|15/100|[from] Grassy Terrain\n|-heal|p2a: Calyrex|21/100|[from] item: Leftovers\n|-fieldend|move: Grassy Terrain\n|upkeep\n|turn|6\n|c|\u2606girrugameshu|whats the item on incin? :o\n|c|\u2606girrugameshu|since rage powder didnt work\n|c|\u2606fogdocker|Safety goggles\n|inactive|girrugameshu has 30 seconds left.\n|c|\u2606girrugameshu|didnt know it worked with rage powder\n|inactive|girrugameshu has 20 seconds left.\n|c|\u2606girrugameshu|gg\n|-message|girrugameshu forfeited.\n|\n|win|fogdocker\n|raw|girrugameshu's rating: 1332 &rarr; <strong>1319</strong><br />(-13 for losing)\n|raw|fogdocker's rating: 1456 &rarr; <strong>1469</strong><br />(+13 for winning)\n|c|\u2606fogdocker|All powder moves\n|l|\u2606girrugameshu\n|player|p1|\n|c|\u2606fogdocker|gg\n|l|\u2606fogdocker\n|player|p2|\n","uploadtime":1769764449,"views":14,"formatid":"gen9vgc2026regi","rating":1319,"private":0,"password":null}