{"id":"gen9vgc2026regi-2540570874","format":"[Gen 9] VGC 2026 Reg I","players":["parramanmatt","SEITA"],"log":"|j|\u2606parramanmatt\n|j|\u2606SEITA\n|t:|1771219780\n|gametype|doubles\n|player|p1|parramanmatt|chuck|1478\n|player|p2|SEITA|lucas-gen4pt|1525\n|gen|9\n|tier|[Gen 9] VGC 2026 Reg I\n|rated|\n|rule|Species Clause: Limit one of each Pok\u00e9mon\n|rule|Item Clause: Limit 1 of each item\n|clearpoke\n|poke|p1|Zamazenta-*, L50|\n|poke|p1|Miraidon, L50|\n|poke|p1|Chien-Pao, L50|\n|poke|p1|Farigiraf, L50, F|\n|poke|p1|Tornadus, L50, M|\n|poke|p1|Volcarona, L50, M|\n|poke|p2|Zamazenta-*, L50|\n|poke|p2|Kyogre, L50|\n|poke|p2|Wo-Chien, L50|\n|poke|p2|Grimmsnarl, L50, M|\n|poke|p2|Rhyperior, L50, F|\n|poke|p2|Ditto, L50|\n|teampreview|4\n|inactive|Battle timer is ON: inactive players will automatically lose when time's up. (requested by parramanmatt)\n|inactive|parramanmatt has 60 seconds left.\n|inactive|SEITA has 60 seconds left.\n|\n|t:|1771219826\n|teamsize|p1|4\n|teamsize|p2|4\n|start\n|switch|p1a: Zamazenta|Zamazenta-Crowned, L50|100/100\n|switch|p1b: Tornadus|Tornadus, L50, M|100/100\n|switch|p2a: Grimmsnarl|Grimmsnarl, L50, M|100/100\n|switch|p2b: Kyogre|Kyogre, L50|100/100\n|-ability|p1a: Zamazenta|Dauntless Shield|boost\n|-boost|p1a: Zamazenta|def|1\n|-weather|RainDance|[from] ability: Drizzle|[of] p2b: Kyogre\n|turn|1\n|inactive|SEITA has 30 seconds left.\n|inactive|SEITA has 20 seconds left.\n|\n|t:|1771219862\n|-terastallize|p1a: Zamazenta|Water\n|-terastallize|p2b: Kyogre|Bug\n|move|p1a: Zamazenta|Body Press|p2b: Kyogre\n|-resisted|p2b: Kyogre\n|-damage|p2b: Kyogre|73/100\n|move|p1b: Tornadus|Bleakwind Storm|p2a: Grimmsnarl|[spread] p2a,p2b\n|-supereffective|p2b: Kyogre\n|-damage|p2a: Grimmsnarl|68/100\n|-damage|p2b: Kyogre|35/100\n|-unboost|p2b: Kyogre|spe|1\n|move|p2a: Grimmsnarl|Spirit Break|p1b: Tornadus\n|-damage|p1b: Tornadus|60/100\n|move|p2b: Kyogre|Thunder|p1b: Tornadus\n|-supereffective|p1b: Tornadus\n|-damage|p1b: Tornadus|0 fnt\n|faint|p1b: Tornadus\n|\n|-weather|RainDance|[upkeep]\n|-heal|p2b: Kyogre|41/100|[from] item: Leftovers\n|upkeep\n|\n|t:|1771219880\n|switch|p1b: Chien-Pao|Chien-Pao, L50|100/100\n|-ability|p1b: Chien-Pao|Sword of Ruin\n|turn|2\n|\n|t:|1771219899\n|move|p2b: Kyogre|Protect|p2b: Kyogre\n|-singleturn|p2b: Kyogre|Protect\n|move|p2a: Grimmsnarl|Reflect|p2a: Grimmsnarl\n|-sidestart|p2: SEITA|Reflect\n|move|p1b: Chien-Pao|Throat Chop|p2b: Kyogre\n|-activate|p2b: Kyogre|move: Protect\n|move|p1a: Zamazenta|Heavy Slam|p2a: Grimmsnarl\n|-supereffective|p2a: Grimmsnarl\n|-damage|p2a: Grimmsnarl|0 fnt\n|faint|p2a: Grimmsnarl\n|\n|-weather|RainDance|[upkeep]\n|-heal|p2b: Kyogre|47/100|[from] item: Leftovers\n|upkeep\n|\n|t:|1771219914\n|switch|p2a: Zamazenta|Zamazenta-Crowned, L50|100/100\n|-ability|p2a: Zamazenta|Dauntless Shield|boost\n|-boost|p2a: Zamazenta|def|1\n|turn|3\n|inactive|parramanmatt has 30 seconds left.\n|\n|t:|1771219939\n|move|p1b: Chien-Pao|Throat Chop|p2b: Kyogre\n|-damage|p2b: Kyogre|21/100\n|-start|p2b: Kyogre|Throat Chop|[silent]\n|move|p2a: Zamazenta|Iron Defense|p2a: Zamazenta\n|-boost|p2a: Zamazenta|def|2\n|move|p1a: Zamazenta|Body Press|p2a: Zamazenta\n|-supereffective|p2a: Zamazenta\n|-damage|p2a: Zamazenta|68/100\n|move|p2b: Kyogre|Thunder|p1a: Zamazenta\n|-supereffective|p1a: Zamazenta\n|-damage|p1a: Zamazenta|37/100\n|-status|p1a: Zamazenta|par\n|\n|-weather|RainDance|[upkeep]\n|-heal|p2b: Kyogre|27/100|[from] item: Leftovers\n|upkeep\n|turn|4\n|inactive|SEITA has 30 seconds left.\n|\n|t:|1771219969\n|move|p1b: Chien-Pao|Throat Chop|p2b: Kyogre\n|-damage|p2b: Kyogre|0 fnt\n|faint|p2b: Kyogre\n|move|p2a: Zamazenta|Body Press|p1b: Chien-Pao\n|-supereffective|p1b: Chien-Pao\n|-enditem|p1b: Chien-Pao|Focus Sash\n|-damage|p1b: Chien-Pao|1/100\n|move|p1a: Zamazenta|Body Press|p2a: Zamazenta\n|-supereffective|p2a: Zamazenta\n|-damage|p2a: Zamazenta|38/100\n|\n|-weather|RainDance|[upkeep]\n|upkeep\n|\n|t:|1771219983\n|switch|p2b: Rhyperior|Rhyperior, L50, F|100/100\n|turn|5\n|\n|t:|1771220003\n|move|p1b: Chien-Pao|Protect|p1b: Chien-Pao\n|-singleturn|p1b: Chien-Pao|Protect\n|move|p2a: Zamazenta|Body Press|p1a: Zamazenta\n|-damage|p1a: Zamazenta|0 fnt\n|faint|p1a: Zamazenta\n|move|p2b: Rhyperior|High Horsepower|p1b: Chien-Pao\n|-activate|p1b: Chien-Pao|move: Protect\n|\n|-weather|none\n|upkeep\n|\n|t:|1771220011\n|switch|p1a: Volcarona|Volcarona, L50, M|100/100\n|turn|6\n|\n|t:|1771220023\n|move|p2a: Zamazenta|Protect|p2a: Zamazenta\n|-singleturn|p2a: Zamazenta|Protect\n|move|p1b: Chien-Pao|Icicle Crash|p2b: Rhyperior\n|-supereffective|p2b: Rhyperior\n|-damage|p2b: Rhyperior|45/100\n|move|p1a: Volcarona|Fiery Dance|p2a: Zamazenta\n|-activate|p2a: Zamazenta|move: Protect\n|move|p2b: Rhyperior|Rock Slide|p1a: Volcarona|[spread] p1a,p1b\n|-supereffective|p1a: Volcarona\n|-supereffective|p1b: Chien-Pao\n|-damage|p1a: Volcarona|0 fnt\n|-damage|p1b: Chien-Pao|0 fnt\n|faint|p1a: Volcarona\n|faint|p1b: Chien-Pao\n|\n|win|SEITA\n|raw|parramanmatt's rating: 1478 &rarr; <strong>1461</strong><br />(-17 for losing)\n|raw|SEITA's rating: 1525 &rarr; <strong>1542</strong><br />(+17 for winning)\n|l|\u2606parramanmatt\n|player|p1|\n|l|\u2606SEITA\n|player|p2|\n","uploadtime":1771220209,"views":39,"formatid":"gen9vgc2026regi","rating":1461,"private":0,"password":null}