{"id":"gen9vgc2026regi-2568639586","format":"[Gen 9] VGC 2026 Reg I","players":["dasabe\u76d6\u6b27\u5361\u4fa0","m0ckingej"],"log":"|j|\u2606dasabe\u76d6\u6b27\u5361\u4fa0\n|j|\u2606m0ckingej\n|t:|1774608469\n|gametype|doubles\n|player|p1|dasabe\u76d6\u6b27\u5361\u4fa0|may-masters4|\n|player|p2|m0ckingej|alder|\n|gen|9\n|tier|[Gen 9] VGC 2026 Reg I\n|rated|Tournament battle\n|rule|Species Clause: Limit one of each Pok\u00e9mon\n|rule|Item Clause: Limit 1 of each item\n|raw|<div class=\"infobox\"><details class=\"readmore\" open><summary><strong>3 custom rules:</strong></summary> Open Team Sheets, Force Open Team Sheets, !Open Team Sheets</details></div>\n|clearpoke\n|poke|p1|Miraidon, L50|\n|poke|p1|Groudon, L50|\n|poke|p1|Walking Wake, L50|\n|poke|p1|Grimmsnarl, L50, M|\n|poke|p1|Incineroar, L50, F|\n|poke|p1|Ditto, L50|\n|poke|p2|Miraidon, L50|\n|poke|p2|Lunala, L50|\n|poke|p2|Ursaluna, L50, F|\n|poke|p2|Iron Hands, L50|\n|poke|p2|Incineroar, L50, F|\n|poke|p2|Iron Bundle, L50|\n|teampreview|4\n|showteam|p1|Miraidon||CovertCloak|HadronEngine|ElectroDrift,ParabolicCharge,DazzlingGleam,CalmMind||||||50|,,,,,Fairy]Groudon||ClearAmulet|Drought|Protect,WillOWisp,PrecipiceBlades,HeatCrash||||||50|,,,,,Fire]Walking Wake||LifeOrb|Protosynthesis|Protect,HydroSteam,DragonPulse,WeatherBall||||||50|,,,,,Water]Grimmsnarl||LightClay|Prankster|Reflect,SpiritBreak,LightScreen,ThunderWave|||M|||50|,,,,,Ghost]Incineroar||AssaultVest|Intimidate|KnockOff,FlareBlitz,Uturn,FakeOut|||F|||50|,,,,,Bug]Ditto||FocusSash|Imposter|Transform||||||50|,,,,,Normal\n|showteam|p2|Miraidon||LifeOrb|HadronEngine|ElectroDrift,DracoMeteor,VoltSwitch,Protect||||||50|,,,,,Electric]Lunala||ElectricSeed|ShadowShield|MoongeistBeam,Moonblast,WideGuard,TrickRoom||||||50|,,,,,Fairy]Ursaluna||FlameOrb|Guts|Facade,HeadlongRush,Earthquake,Protect|||F|||50|,,,,,Ghost]Iron Hands||AssaultVest|QuarkDrive|WildCharge,DrainPunch,VoltSwitch,FakeOut||||||50|,,,,,Water]Incineroar||RockyHelmet|Intimidate|FlareBlitz,KnockOff,PartingShot,FakeOut|||F|||50|,,,,,Bug]Iron Bundle||FocusSash|QuarkDrive|IceBeam,IcyWind,Encore,Protect||||||50|,,,,,Ice\n|j|%defiantvgc\n|j| 4Test4\n|l| 4Test4\n|j| jesus1sking\n|j| jockey calyrex\n|\n|t:|1774608538\n|teamsize|p1|4\n|teamsize|p2|4\n|start\n|switch|p1a: \u629b\u5f00\u864e\u54e5\u54ee\u7a74|Incineroar, L50, F|100/100\n|switch|p1b: P\u56fa\u771f\u5927|Groudon, L50, shiny|100/100\n|switch|p2a: Lunala|Lunala, L50|100/100\n|switch|p2b: Iron Hands|Iron Hands, L50, shiny|100/100\n|-weather|SunnyDay|[from] ability: Drought|[of] p1b: P\u56fa\u771f\u5927\n|-ability|p1a: \u629b\u5f00\u864e\u54e5\u54ee\u7a74|Intimidate|boost\n|-unboost|p2a: Lunala|atk|1\n|-unboost|p2b: Iron Hands|atk|1\n|turn|1\n|inactive|Battle timer is ON: inactive players will automatically lose when time's up. (requested by dasabe\u76d6\u6b27\u5361\u4fa0)\n|\n|t:|1774608610\n|-terastallize|p2b: Iron Hands|Water\n|move|p1a: \u629b\u5f00\u864e\u54e5\u54ee\u7a74|Fake Out|p2b: Iron Hands\n|-crit|p2b: Iron Hands\n|-damage|p2b: Iron Hands|90/100\n|move|p1b: P\u56fa\u771f\u5927|Precipice Blades|p2a: Lunala|[spread] p2a,p2b\n|-damage|p2a: Lunala|77/100\n|-damage|p2b: Iron Hands|56/100\n|cant|p2b: Iron Hands|flinch\n|move|p2a: Lunala|Trick Room|p2a: Lunala\n|-fieldstart|move: Trick Room|[of] p2a: Lunala\n|\n|-weather|SunnyDay|[upkeep]\n|upkeep\n|turn|2\n|j| sgrace\n|l| jesus1sking\n|c| sgrace|Dasabe is too good\n|inactive|dasabe\u76d6\u6b27\u5361\u4fa0 has 30 seconds left.\n|inactive|m0ckingej has 30 seconds left.\n|j| crimson_requiem5\n|inactive|dasabe\u76d6\u6b27\u5361\u4fa0 has 20 seconds left.\n|inactive|m0ckingej has 20 seconds left.\n|c|\u2606dasabe\u76d6\u6b27\u5361\u4fa0|what\uff1f\n|inactive|dasabe\u76d6\u6b27\u5361\u4fa0 has 15 seconds left.\n|\n|t:|1774608651\n|switch|p1b: \u5927\u53d8|Ditto, L50|100/100\n|-transform|p1b: \u5927\u53d8|p2a: Lunala|[from] ability: Imposter\n|move|p2a: Lunala|Wide Guard|p2a: Lunala\n|-singleturn|p2a: Lunala|Wide Guard\n|move|p2b: Iron Hands|Volt Switch|p1a: \u629b\u5f00\u864e\u54e5\u54ee\u7a74\n|-damage|p1a: \u629b\u5f00\u864e\u54e5\u54ee\u7a74|93/100\n|\n|t:|1774608662\n|-end|p2b: Iron Hands|Quark Drive|[silent]\n|switch|p2b: Ursaluna|Ursaluna, L50, F|100/100|[from] Volt Switch\n|move|p1a: \u629b\u5f00\u864e\u54e5\u54ee\u7a74|Knock Off|p2a: Lunala\n|-supereffective|p2a: Lunala\n|-damage|p2a: Lunala|0 fnt\n|-enditem|p2a: Lunala|Electric Seed|[from] move: Knock Off|[of] p1a: \u629b\u5f00\u864e\u54e5\u54ee\u7a74\n|faint|p2a: Lunala\n|\n|-weather|SunnyDay|[upkeep]\n|-status|p2b: Ursaluna|brn|[from] item: Flame Orb\n|upkeep\n|j| aurora ltd\n|\n|t:|1774608669\n|switch|p2a: Iron Hands|Iron Hands, L50, shiny, tera:Water|56/100\n|turn|3\n|j| Gamertag1001\n|l| jockey calyrex\n|l| Gamertag1001\n|j| Pyrotrack\n|\n|t:|1774608693\n|move|p2a: Iron Hands|Wild Charge|p1b: \u5927\u53d8\n|-crit|p1b: \u5927\u53d8\n|-damage|p1b: \u5927\u53d8|50/100\n|-damage|p2a: Iron Hands|48/100|[from] Recoil\n|move|p2b: Ursaluna|Facade|p1a: \u629b\u5f00\u864e\u54e5\u54ee\u7a74\n|-damage|p1a: \u629b\u5f00\u864e\u54e5\u54ee\u7a74|3/100\n|move|p1a: \u629b\u5f00\u864e\u54e5\u54ee\u7a74|U-turn|p2b: Ursaluna\n|-damage|p2b: Ursaluna|86/100 brn\n|\n|t:|1774608698\n|switch|p1a: P\u56fa\u771f\u5927|Groudon, L50, shiny|100/100|[from] U-turn\n|move|p1b: \u5927\u53d8|Trick Room|p1b: \u5927\u53d8\n|-fieldend|move: Trick Room\n|\n|-weather|SunnyDay|[upkeep]\n|-damage|p2b: Ursaluna|80/100 brn|[from] brn\n|upkeep\n|turn|4\n|inactive|m0ckingej has 30 seconds left.\n|l| crimson_requiem5\n|l| Pyrotrack\n|inactive|m0ckingej has 20 seconds left.\n|inactive|m0ckingej has 15 seconds left.\n|inactive|m0ckingej has 10 seconds left.\n|inactive|m0ckingej has 5 seconds left.\n|\n|t:|1774608751\n|move|p2b: Ursaluna|Protect|p2b: Ursaluna\n|-singleturn|p2b: Ursaluna|Protect\n|move|p1a: P\u56fa\u771f\u5927|Precipice Blades|p2b: Ursaluna|[spread] p2a\n|-activate|p2b: Ursaluna|move: Protect\n|-crit|p2a: Iron Hands\n|-damage|p2a: Iron Hands|0 fnt\n|faint|p2a: Iron Hands\n|-end|p2a: Iron Hands|Quark Drive|[silent]\n|move|p1b: \u5927\u53d8|Moonblast|p2b: Ursaluna\n|-activate|p2b: Ursaluna|move: Protect\n|\n|-weather|SunnyDay|[upkeep]\n|-damage|p2b: Ursaluna|74/100 brn|[from] brn\n|upkeep\n|\n|t:|1774608761\n|switch|p2a: Miraidon|Miraidon, L50, shiny|100/100\n|-fieldstart|move: Electric Terrain|[from] ability: Hadron Engine|[of] p2a: Miraidon\n|turn|5\n|j| Saigyouji Yuyvko\n|j| jockey calyrex\n|inactive|m0ckingej has 30 seconds left.\n|l| jockey calyrex\n|inactive|m0ckingej has 20 seconds left.\n|inactive|m0ckingej has 15 seconds left.\n|inactive|m0ckingej has 10 seconds left.\n|\n|t:|1774608807\n|move|p2a: Miraidon|Protect|p2a: Miraidon\n|-singleturn|p2a: Miraidon|Protect\n|move|p1a: P\u56fa\u771f\u5927|Protect|p1a: P\u56fa\u771f\u5927\n|-singleturn|p1a: P\u56fa\u771f\u5927|Protect\n|move|p1b: \u5927\u53d8|Moonblast|p2a: Miraidon\n|-activate|p2a: Miraidon|move: Protect\n|move|p2b: Ursaluna|Earthquake|p1b: \u5927\u53d8|[spread] p1b\n|-activate|p2a: Miraidon|move: Protect\n|-activate|p1a: P\u56fa\u771f\u5927|move: Protect\n|-damage|p1b: \u5927\u53d8|0 fnt\n|faint|p1b: \u5927\u53d8\n|\n|-weather|none\n|-damage|p2b: Ursaluna|68/100 brn|[from] brn\n|upkeep\n|\n|t:|1774608811\n|switch|p1b: \u629b\u5f00\u864e\u54e5\u54ee\u7a74|Incineroar, L50, F|3/100\n|-ability|p1b: \u629b\u5f00\u864e\u54e5\u54ee\u7a74|Intimidate|boost\n|-unboost|p2a: Miraidon|atk|1\n|-unboost|p2b: Ursaluna|atk|1\n|turn|6\n|l| Saigyouji Yuyvko\n|inactive|m0ckingej has 30 seconds left.\n|j| Saigyouji Yuyvko\n|inactive|m0ckingej has 20 seconds left.\n|j| jockey calyrex\n|inactive|m0ckingej has 15 seconds left.\n|inactive|m0ckingej has 10 seconds left.\n|inactive|m0ckingej has 5 seconds left.\n|\n|t:|1774608866\n|move|p1b: \u629b\u5f00\u864e\u54e5\u54ee\u7a74|Fake Out|p2a: Miraidon\n|-damage|p2a: Miraidon|90/100\n|cant|p2a: Miraidon|flinch\n|move|p1a: P\u56fa\u771f\u5927|Precipice Blades|p2a: Miraidon|[spread] p2a\n|-miss|p1a: P\u56fa\u771f\u5927|p2b: Ursaluna\n|-supereffective|p2a: Miraidon\n|-crit|p2a: Miraidon\n|-damage|p2a: Miraidon|0 fnt\n|faint|p2a: Miraidon\n|move|p2b: Ursaluna|Facade|p1a: P\u56fa\u771f\u5927\n|-damage|p1a: P\u56fa\u771f\u5927|38/100\n|\n|-damage|p2b: Ursaluna|62/100 brn|[from] brn\n|upkeep\n|turn|7\n|\n|t:|1774608873\n|move|p2b: Ursaluna|Protect|p2b: Ursaluna\n|-singleturn|p2b: Ursaluna|Protect\n|move|p1a: P\u56fa\u771f\u5927|Precipice Blades|p2b: Ursaluna\n|-activate|p2b: Ursaluna|move: Protect\n|move|p1b: \u629b\u5f00\u864e\u54e5\u54ee\u7a74|U-turn|p2b: Ursaluna\n|-activate|p2b: Ursaluna|move: Protect\n|\n|-damage|p2b: Ursaluna|56/100 brn|[from] brn\n|upkeep\n|turn|8\n|\n|t:|1774608878\n|move|p1a: P\u56fa\u771f\u5927|Protect|p1a: P\u56fa\u771f\u5927\n|-singleturn|p1a: P\u56fa\u771f\u5927|Protect\n|move|p1b: \u629b\u5f00\u864e\u54e5\u54ee\u7a74|Knock Off|p2b: Ursaluna\n|-damage|p2b: Ursaluna|28/100 brn\n|-enditem|p2b: Ursaluna|Flame Orb|[from] move: Knock Off|[of] p1b: \u629b\u5f00\u864e\u54e5\u54ee\u7a74\n|move|p2b: Ursaluna|Earthquake|p1a: P\u56fa\u771f\u5927|[spread] p1b\n|-activate|p1a: P\u56fa\u771f\u5927|move: Protect\n|-supereffective|p1b: \u629b\u5f00\u864e\u54e5\u54ee\u7a74\n|-damage|p1b: \u629b\u5f00\u864e\u54e5\u54ee\u7a74|0 fnt\n|faint|p1b: \u629b\u5f00\u864e\u54e5\u54ee\u7a74\n|\n|-damage|p2b: Ursaluna|22/100 brn|[from] brn\n|upkeep\n|l| jockey calyrex\n|\n|t:|1774608882\n|switch|p1b: \u94f6\u6bdb\u6ee1\u8eab|Grimmsnarl, L50, M, shiny|100/100\n|turn|9\n|l|%defiantvgc\n|c|\u2606m0ckingej|Gg\n|j| crimson_requiem5\n|\n|t:|1774608890\n|-terastallize|p1a: P\u56fa\u771f\u5927|Fire\n|move|p1a: P\u56fa\u771f\u5927|Heat Crash|p2b: Ursaluna\n|-damage|p2b: Ursaluna|0 fnt\n|faint|p2b: Ursaluna\n|\n|win|dasabe\u76d6\u6b27\u5361\u4fa0\n|n|\u2606dasabe\u76d6\u6b27\u5361\u4fa0|dasabe\n|n|\u2606m0ckingej|m0ckingej\n|n| sgrace|sgrace\n|n| aurora ltd|auroraltd\n|n| Saigyouji Yuyvko|saigyoujiyuyvko\n|n| crimson_requiem5|crimsonrequiem5\n|l|\u2606m0ckingej\n|player|p2|\n|l| Saigyouji Yuyvko\n|l| crimson_requiem5\n|j| yandoubuyanle\u5e7d\u5c3e\u7384\u9c7c\u4fa0\n|j| eggyhvevo\n|j| Lazzy xian\n|j| liontian\n|j| Saigyouji Yuyvko\n|l| Saigyouji Yuyvko\n|l| Lazzy xian\n|j| neamiul\n","uploadtime":1774608890,"views":12,"formatid":"gen9vgc2026regi","rating":null,"private":0,"password":null}