{"id":"gen9vgc2026regi-2586548846","format":"[Gen 9] VGC 2026 Reg I","players":["StephaneYT","BleachyBoi_426"],"log":"|j|\u2606StephaneYT\n|j|\u2606BleachyBoi_426\n|t:|1776442282\n|gametype|doubles\n|player|p1|StephaneYT|169|1471\n|player|p2|BleachyBoi_426|n|1519\n|gen|9\n|tier|[Gen 9] VGC 2026 Reg I\n|rated|\n|rule|Species Clause: Limit one of each Pok\u00e9mon\n|rule|Item Clause: Limit 1 of each item\n|clearpoke\n|poke|p1|Zacian-*, L50|\n|poke|p1|Urshifu-*, L50, F|\n|poke|p1|Roaring Moon, L50|\n|poke|p1|Amoonguss, L50, F|\n|poke|p1|Chien-Pao, L50|\n|poke|p1|Kyogre, L50|\n|poke|p2|Tornadus, L50, M|\n|poke|p2|Kyogre, L50|\n|poke|p2|Zacian-*, L50|\n|poke|p2|Grimmsnarl, L50, M|\n|poke|p2|Urshifu-*, L50, F|\n|poke|p2|Brute Bonnet, L50|\n|teampreview|4\n|c|\u2606BleachyBoi_426|oh wait didnt I just fight you\n|c|\u2606StephaneYT|oh yeah\n|c|\u2606BleachyBoi_426|hey\n|c|\u2606BleachyBoi_426|glhf\n|c|\u2606StephaneYT|yo\n|c|\u2606StephaneYT|u2\n|inactive|Battle timer is ON: inactive players will automatically lose when time's up. (requested by StephaneYT)\n|\n|t:|1776442336\n|teamsize|p1|4\n|teamsize|p2|4\n|start\n|switch|p1a: Zacian|Zacian-Crowned, L50|100/100\n|switch|p1b: Roaring Moon|Roaring Moon, L50|100/100\n|switch|p2a: Sawyer|Zacian-Crowned, L50|100/100\n|switch|p2b: Honey Kiss|Urshifu-Rapid-Strike, L50, F|100/100\n|-ability|p1a: Zacian|Intrepid Sword|boost\n|-boost|p1a: Zacian|atk|1\n|-ability|p2a: Sawyer|Intrepid Sword|boost\n|-boost|p2a: Sawyer|atk|1\n|-enditem|p1b: Roaring Moon|Booster Energy\n|-activate|p1b: Roaring Moon|ability: Protosynthesis|[fromitem]\n|-start|p1b: Roaring Moon|protosynthesisatk\n|turn|1\n|\n|t:|1776442355\n|move|p1b: Roaring Moon|Protect|p1b: Roaring Moon\n|-singleturn|p1b: Roaring Moon|Protect\n|move|p2b: Honey Kiss|Surging Strikes|p1b: Roaring Moon\n|-resisted|p1b: Roaring Moon\n|-crit|p1b: Roaring Moon\n|-damage|p1b: Roaring Moon|85/100\n|-resisted|p1b: Roaring Moon\n|-crit|p1b: Roaring Moon\n|-damage|p1b: Roaring Moon|71/100\n|-resisted|p1b: Roaring Moon\n|-crit|p1b: Roaring Moon\n|-damage|p1b: Roaring Moon|56/100\n|-hitcount|p1b: Roaring Moon|3\n|move|p1a: Zacian|Play Rough|p2b: Honey Kiss\n|-supereffective|p2b: Honey Kiss\n|-damage|p2b: Honey Kiss|0 fnt\n|faint|p2b: Honey Kiss\n|move|p2a: Sawyer|Behemoth Blade|p1b: Roaring Moon\n|-activate|p1b: Roaring Moon|move: Protect\n|\n|upkeep\n|\n|t:|1776442368\n|switch|p2b: Royal|Kyogre, L50|100/100\n|-weather|RainDance|[from] ability: Drizzle|[of] p2b: Royal\n|turn|2\n|\n|t:|1776442374\n|move|p1a: Zacian|Play Rough|p2b: Royal\n|-damage|p2b: Royal|33/100\n|move|p2a: Sawyer|Behemoth Blade|p1b: Roaring Moon\n|-damage|p1b: Roaring Moon|0 fnt\n|faint|p1b: Roaring Moon\n|-end|p1b: Roaring Moon|Protosynthesis|[silent]\n|move|p2b: Royal|Origin Pulse|p1a: Zacian\n|-damage|p1a: Zacian|0 fnt\n|faint|p1a: Zacian\n|\n|-weather|RainDance|[upkeep]\n|upkeep\n|\n|t:|1776442384\n|switch|p1a: Kyogre|Kyogre, L50|100/100\n|switch|p1b: Chien-Pao|Chien-Pao, L50|100/100\n|-ability|p1b: Chien-Pao|Sword of Ruin\n|turn|3\n|\n|t:|1776442401\n|move|p1b: Chien-Pao|Sucker Punch|p2b: Royal\n|-damage|p2b: Royal|0 fnt\n|faint|p2b: Royal\n|move|p2a: Sawyer|Play Rough|p1a: Kyogre\n|-damage|p1a: Kyogre|0 fnt\n|faint|p1a: Kyogre\n|\n|-weather|RainDance|[upkeep]\n|upkeep\n|\n|t:|1776442408\n|switch|p2b: Little Prince|Brute Bonnet, L50, shiny|100/100\n|turn|4\n|c|\u2606BleachyBoi_426|gg wp\n|\n|t:|1776442421\n|-terastallize|p1b: Chien-Pao|Stellar\n|move|p2b: Little Prince|Rage Powder|p2b: Little Prince\n|-singleturn|p2b: Little Prince|move: Rage Powder\n|move|p2a: Sawyer|Behemoth Blade|p1b: Chien-Pao\n|-supereffective|p1b: Chien-Pao\n|-enditem|p1b: Chien-Pao|Focus Sash\n|-damage|p1b: Chien-Pao|1/100\n|move|p1b: Chien-Pao|Sacred Sword|p2b: Little Prince\n|-supereffective|p2b: Little Prince\n|-damage|p2b: Little Prince|45/100\n|-enditem|p2b: Little Prince|Sitrus Berry|[eat]\n|-heal|p2b: Little Prince|70/100|[from] item: Sitrus Berry\n|\n|-weather|RainDance|[upkeep]\n|upkeep\n|turn|5\n|c|\u2606BleachyBoi_426|this is wraps\n|c|\u2606StephaneYT|gg\n|inactive|StephaneYT has 30 seconds left.\n|inactive|BleachyBoi_426 has 30 seconds left.\n|\n|t:|1776442453\n|move|p2b: Little Prince|Rage Powder|p2b: Little Prince\n|-singleturn|p2b: Little Prince|move: Rage Powder\n|move|p2a: Sawyer|Behemoth Blade|p1b: Chien-Pao\n|-supereffective|p1b: Chien-Pao\n|-damage|p1b: Chien-Pao|0 fnt\n|faint|p1b: Chien-Pao\n|\n|win|BleachyBoi_426\n|raw|StephaneYT's rating: 1471 &rarr; <strong>1454</strong><br />(-17 for losing)\n|raw|BleachyBoi_426's rating: 1519 &rarr; <strong>1536</strong><br />(+17 for winning)\n|l|\u2606StephaneYT\n|player|p1|\n|l|\u2606BleachyBoi_426\n|player|p2|\n","uploadtime":1776442726,"views":16,"formatid":"gen9vgc2026regi","rating":1454,"private":0,"password":null}