{"id":"gen9vgc2026regi-2520493971","format":"[Gen 9] VGC 2026 Reg I","players":["1zha","freegrgr"],"log":"|j|\u26061zha\n|j|\u2606freegrgr\n|t:|1768642151\n|gametype|doubles\n|player|p1|1zha|battlegirl-gen4|1356\n|player|p2|freegrgr|dawn|1362\n|gen|9\n|tier|[Gen 9] VGC 2026 Reg I\n|rated|\n|rule|Species Clause: Limit one of each Pok\u00e9mon\n|rule|Item Clause: Limit 1 of each item\n|clearpoke\n|poke|p1|Muk-Alola, L50, M|\n|poke|p1|Smeargle, L50, M|\n|poke|p1|Flamigo, L50, F|\n|poke|p1|Calyrex-Shadow, L50|\n|poke|p1|Eternatus, L50|\n|poke|p1|Rillaboom, L50, F|\n|poke|p2|Koraidon, L50|\n|poke|p2|Calyrex-Ice, L50|\n|poke|p2|Incineroar, L50, M|\n|poke|p2|Smeargle, L50, M|\n|poke|p2|Rillaboom, L50, F|\n|poke|p2|Landorus, L50, M|\n|teampreview|4\n|j| zero_dracopoki\n|inactive|Battle timer is ON: inactive players will automatically lose when time's up. (requested by freegrgr)\n|c| zero_dracopoki|:)\n|\n|t:|1768642173\n|teamsize|p1|4\n|teamsize|p2|4\n|start\n|switch|p1a: Smeargle|Smeargle, L50, M|100/100\n|switch|p1b: Muk|Muk-Alola, L50, M|100/100\n|switch|p2a: Calyrex|Calyrex-Ice, L50|100/100\n|switch|p2b: Smeargle|Smeargle, L50, M, shiny|100/100\n|-ability|p2a: Calyrex|As One\n|-ability|p2a: Calyrex|Unnerve\n|turn|1\n|\n|t:|1768642185\n|move|p1a: Smeargle|Spore|p2a: Calyrex\n|-status|p2a: Calyrex|slp|[from] move: Spore\n|move|p2b: Smeargle|Spore|p1a: Smeargle\n|-status|p1a: Smeargle|slp|[from] move: Spore\n|cant|p2a: Calyrex|slp\n|move|p1b: Muk|Minimize|p1b: Muk\n|-boost|p1b: Muk|evasion|2\n|\n|-ability|p1a: Smeargle|Moody|boost\n|-boost|p1a: Smeargle|atk|2\n|-unboost|p1a: Smeargle|spe|1\n|-ability|p2b: Smeargle|Moody|boost\n|-boost|p2b: Smeargle|spd|2\n|-unboost|p2b: Smeargle|spe|1\n|upkeep\n|turn|2\n|j| Rxu\n|\n|t:|1768642199\n|cant|p1a: Smeargle|slp\n|move|p2b: Smeargle|Spore|p1b: Muk\n|-status|p1b: Muk|slp|[from] move: Spore\n|-curestatus|p2a: Calyrex|slp|[msg]\n|move|p2a: Calyrex|Glacial Lance|p1b: Muk|[spread] p1a\n|-miss|p2a: Calyrex|p1b: Muk\n|-damage|p1a: Smeargle|0 fnt\n|faint|p1a: Smeargle\n|-ability|p1b: Muk|Moody|Power of Alchemy|[from] ability: Power of Alchemy|[of] p1a: Smeargle\n|-ability|p2a: Calyrex|Chilling Neigh|boost\n|-boost|p2a: Calyrex|atk|1\n|cant|p1b: Muk|slp\n|\n|-ability|p2b: Smeargle|Moody|boost\n|-boost|p2b: Smeargle|spe|2\n|-unboost|p2b: Smeargle|atk|1\n|-ability|p1b: Muk|Moody|boost\n|-boost|p1b: Muk|atk|2\n|-unboost|p1b: Muk|spa|1\n|upkeep\n|\n|t:|1768642215\n|switch|p1a: Flamigo|Flamigo, L50, F|100/100\n|-copyboost|p1a: Flamigo|p1b: Muk|[from] ability: Costar\n|-enditem|p1a: Flamigo|White Herb\n|-clearnegativeboost|p1a: Flamigo|[silent]\n|turn|3\n|\n|t:|1768642228\n|-terastallize|p1a: Flamigo|Steel\n|-terastallize|p2a: Calyrex|Fairy\n|move|p2b: Smeargle|Spore|p1a: Flamigo|[miss]\n|-miss|p2b: Smeargle|p1a: Flamigo\n|move|p1a: Flamigo|Close Combat|p2b: Smeargle\n|-supereffective|p2b: Smeargle\n|-enditem|p2b: Smeargle|Focus Sash\n|-damage|p2b: Smeargle|1/100\n|-unboost|p1a: Flamigo|def|1\n|-unboost|p1a: Flamigo|spd|1\n|move|p2a: Calyrex|Glacial Lance|p1b: Muk|[spread] p1b\n|-miss|p2a: Calyrex|p1a: Flamigo\n|-damage|p1b: Muk|46/100 slp\n|-curestatus|p1b: Muk|slp|[msg]\n|move|p1b: Muk|Minimize|p1b: Muk\n|-boost|p1b: Muk|evasion|2\n|\n|-heal|p1b: Muk|52/100|[from] item: Leftovers\n|-ability|p2b: Smeargle|Moody|boost\n|-boost|p2b: Smeargle|spd|2\n|-unboost|p2b: Smeargle|spa|1\n|-ability|p1b: Muk|Moody|boost\n|-boost|p1b: Muk|spd|2\n|-unboost|p1b: Muk|atk|1\n|upkeep\n|turn|4\n|inactive|1zha has 30 seconds left.\n|\n|t:|1768642260\n|move|p2b: Smeargle|Spore|p1a: Flamigo\n|-status|p1a: Flamigo|slp|[from] move: Spore\n|cant|p1a: Flamigo|slp\n|move|p2a: Calyrex|Glacial Lance|p1b: Muk|[spread] p1a\n|-miss|p2a: Calyrex|p1b: Muk\n|-resisted|p1a: Flamigo\n|-damage|p1a: Flamigo|17/100 slp\n|move|p1b: Muk|Minimize|p1b: Muk\n|-boost|p1b: Muk|evasion|2\n|\n|-heal|p1b: Muk|59/100|[from] item: Leftovers\n|-ability|p2b: Smeargle|Moody|boost\n|-boost|p2b: Smeargle|atk|2\n|-unboost|p2b: Smeargle|spe|1\n|-ability|p1b: Muk|Moody|boost\n|-boost|p1b: Muk|spe|2\n|-unboost|p1b: Muk|atk|1\n|upkeep\n|turn|5\n|inactive|1zha has 30 seconds left.\n|\n|t:|1768642287\n|cant|p1a: Flamigo|slp\n|move|p1b: Muk|Knock Off|p2b: Smeargle\n|-damage|p2b: Smeargle|0 fnt\n|faint|p2b: Smeargle\n|move|p2a: Calyrex|Trick Room|p2a: Calyrex\n|-fieldstart|move: Trick Room|[of] p2a: Calyrex\n|\n|-heal|p1b: Muk|65/100|[from] item: Leftovers\n|-ability|p1b: Muk|Moody|boost\n|-boost|p1b: Muk|atk|2\n|-unboost|p1b: Muk|spa|1\n|upkeep\n|\n|t:|1768642291\n|switch|p2b: Incineroar|Incineroar, L50, M, shiny|100/100\n|-ability|p2b: Incineroar|Intimidate|boost\n|-unboost|p1a: Flamigo|atk|1\n|-unboost|p1b: Muk|atk|1\n|turn|6\n|\n|t:|1768642302\n|switch|p1a: Calyrex|Calyrex-Shadow, L50|100/100\n|-ability|p1a: Calyrex|As One\n|-ability|p1a: Calyrex|Unnerve\n|move|p2b: Incineroar|Fake Out|p1b: Muk\n|-damage|p1b: Muk|56/100\n|move|p2a: Calyrex|Glacial Lance|p1b: Muk|[spread] p1a,p1b\n|-damage|p1a: Calyrex|4/100\n|-damage|p1b: Muk|0 fnt\n|faint|p1b: Muk\n|-ability|p2a: Calyrex|Chilling Neigh|boost\n|-boost|p2a: Calyrex|atk|1\n|\n|upkeep\n|-message|1zha forfeited.\n|\n|win|freegrgr\n|raw|1zha's rating: 1356 &rarr; <strong>1336</strong><br />(-20 for losing)\n|raw|freegrgr's rating: 1362 &rarr; <strong>1382</strong><br />(+20 for winning)\n|l|\u26061zha\n|player|p1|\n|l|\u2606freegrgr\n|player|p2|\n|l| zero_dracopoki\n|l| Rxu\n","uploadtime":1768642471,"views":17,"formatid":"gen9vgc2026regi","rating":1336,"private":0,"password":null}