{"id":"gen9vgc2026regi-2523292410","format":"[Gen 9] VGC 2026 Reg I","players":["Grant wifi","j0l0k0"],"log":"|j|\u2606Grant wifi\n|j|\u2606j0l0k0\n|t:|1769012132\n|gametype|doubles\n|player|p1|Grant wifi|2|1260\n|player|p2|j0l0k0|brycen|1382\n|gen|9\n|tier|[Gen 9] VGC 2026 Reg I\n|rated|\n|rule|Species Clause: Limit one of each Pok\u00e9mon\n|rule|Item Clause: Limit 1 of each item\n|clearpoke\n|poke|p1|Terapagos, L50, M|\n|poke|p1|Miraidon, L50|\n|poke|p1|Incineroar, L50, M|\n|poke|p1|Sinistcha, L50|\n|poke|p1|Comfey, L50, F|\n|poke|p1|Grimmsnarl, L50, M|\n|poke|p2|Calyrex-Ice, L50|\n|poke|p2|Kyogre, L50|\n|poke|p2|Indeedee-F, L50, F|\n|poke|p2|Urshifu-*, L50, F|\n|poke|p2|Amoonguss, L50, F|\n|poke|p2|Landorus, L50, M|\n|teampreview|4\n|inactive|Battle timer is ON: inactive players will automatically lose when time's up. (requested by j0l0k0)\n|inactive|Grant wifi has 60 seconds left.\n|\n|t:|1769012175\n|teamsize|p1|4\n|teamsize|p2|4\n|start\n|switch|p1a: Terapagos|Terapagos, L50, M|100/100\n|switch|p1b: Miraidon|Miraidon, L50|100/100\n|switch|p2a: Calyrex|Calyrex-Ice, L50|100/100\n|switch|p2b: Urshifu|Urshifu, L50, F|100/100\n|-activate|p1a: Terapagos|ability: Tera Shift\n|detailschange|p1a: Terapagos|Terapagos-Terastal, L50, M\n|-heal|p1a: Terapagos|100/100|[silent]\n|-ability|p2a: Calyrex|As One\n|-ability|p2a: Calyrex|Unnerve\n|-fieldstart|move: Electric Terrain|[from] ability: Hadron Engine|[of] p1b: Miraidon\n|-enditem|p1a: Terapagos|Electric Seed\n|-boost|p1a: Terapagos|def|1|[from] item: Electric Seed\n|turn|1\n|\n|t:|1769012195\n|move|p1b: Miraidon|Volt Switch|p2a: Calyrex\n|-damage|p2a: Calyrex|48/100\n|\n|t:|1769012218\n|switch|p1b: Grimmsnarl|Grimmsnarl, L50, M|100/100|[from] Volt Switch\n|move|p2b: Urshifu|Wicked Blow|p1a: Terapagos\n|-activate|p1a: Terapagos|ability: Tera Shell\n|-resisted|p1a: Terapagos\n|-crit|p1a: Terapagos\n|-damage|p1a: Terapagos|75/100\n|move|p1a: Terapagos|Calm Mind|p1a: Terapagos\n|-boost|p1a: Terapagos|spa|1\n|-boost|p1a: Terapagos|spd|1\n|move|p2a: Calyrex|Trick Room|p2a: Calyrex\n|-fieldstart|move: Trick Room|[of] p2a: Calyrex\n|\n|upkeep\n|turn|2\n|\n|t:|1769012241\n|-terastallize|p1a: Terapagos|Stellar\n|detailschange|p1a: Terapagos|Terapagos-Stellar, L50, M, tera:Stellar\n|-heal|p1a: Terapagos|82/100|[silent]\n|-ability|p1a: Terapagos|Teraform Zero\n|-fieldend|move: Electric Terrain\n|move|p1b: Grimmsnarl|Reflect|p1b: Grimmsnarl\n|-sidestart|p1: Grant wifi|Reflect\n|move|p2a: Calyrex|Close Combat|p1a: Terapagos\n|-supereffective|p1a: Terapagos\n|-damage|p1a: Terapagos|52/100\n|-unboost|p2a: Calyrex|def|1\n|-unboost|p2a: Calyrex|spd|1\n|move|p1a: Terapagos|Tera Starstorm|p2b: Urshifu|[spread] p2a,p2b\n|-damage|p2a: Calyrex|0 fnt\n|-damage|p2b: Urshifu|11/100\n|faint|p2a: Calyrex\n|move|p2b: Urshifu|Close Combat|p1a: Terapagos\n|-supereffective|p1a: Terapagos\n|-damage|p1a: Terapagos|15/100\n|-unboost|p2b: Urshifu|def|1\n|-unboost|p2b: Urshifu|spd|1\n|\n|upkeep\n|j| riyuezi\n|\n|t:|1769012259\n|switch|p2a: Kyogre|Kyogre, L50, shiny|100/100\n|-weather|RainDance|[from] ability: Drizzle|[of] p2a: Kyogre\n|turn|3\n|\n|t:|1769012267\n|switch|p1b: Sinistcha|Sinistcha, L50|100/100\n|-heal|p1a: Terapagos|39/100|[from] ability: Hospitality|[of] p1b: Sinistcha\n|move|p2a: Kyogre|Water Spout|p1a: Terapagos|[spread] p1a,p1b\n|-resisted|p1b: Sinistcha\n|-damage|p1a: Terapagos|0 fnt\n|-damage|p1b: Sinistcha|41/100\n|faint|p1a: Terapagos\n|detailschange|p1: Terapagos|Terapagos, L50, M|[silent]\n|move|p2b: Urshifu|Poison Jab|p1b: Sinistcha\n|-damage|p1b: Sinistcha|26/100\n|-status|p1b: Sinistcha|psn\n|\n|-weather|RainDance|[upkeep]\n|-damage|p1b: Sinistcha|13/100 psn|[from] psn\n|upkeep\n|-enditem|p1b: Sinistcha|Aguav Berry|[eat]\n|-heal|p1b: Sinistcha|47/100 psn|[from] item: Aguav Berry\n|\n|t:|1769012285\n|switch|p1a: Grimmsnarl|Grimmsnarl, L50, M|100/100\n|turn|4\n|\n|t:|1769012298\n|-terastallize|p2a: Kyogre|Grass\n|move|p1a: Grimmsnarl|Light Screen|p1a: Grimmsnarl\n|-sidestart|p1: Grant wifi|move: Light Screen\n|move|p1b: Sinistcha|Matcha Gotcha|p2b: Urshifu|[spread] p2a,p2b\n|-resisted|p2a: Kyogre\n|-damage|p2a: Kyogre|95/100\n|-heal|p1b: Sinistcha|50/100 psn|[from] drain|[of] p2a: Kyogre\n|-damage|p2b: Urshifu|0 fnt\n|-heal|p1b: Sinistcha|56/100 psn|[from] drain|[of] p2b: Urshifu\n|-status|p2a: Kyogre|brn\n|faint|p2b: Urshifu\n|move|p2a: Kyogre|Water Spout|p1a: Grimmsnarl|[spread] p1a,p1b\n|-resisted|p1b: Sinistcha\n|-damage|p1a: Grimmsnarl|46/100\n|-damage|p1b: Sinistcha|19/100 psn\n|\n|-weather|RainDance|[upkeep]\n|-damage|p1b: Sinistcha|6/100 psn|[from] psn\n|-damage|p2a: Kyogre|89/100 brn|[from] brn\n|upkeep\n|\n|t:|1769012316\n|switch|p2b: Indeedee|Indeedee-F, L50, F, shiny|100/100\n|-fieldstart|move: Psychic Terrain|[from] ability: Psychic Surge|[of] p2b: Indeedee\n|turn|5\n|\n|t:|1769012329\n|move|p2b: Indeedee|Helping Hand|p2a: Kyogre\n|-singleturn|p2a: Kyogre|Helping Hand|[of] p2b: Indeedee\n|move|p1a: Grimmsnarl|Foul Play|p2b: Indeedee\n|-supereffective|p2b: Indeedee\n|-damage|p2b: Indeedee|65/100\n|move|p1b: Sinistcha|Matcha Gotcha|p2a: Kyogre|[spread] p2a,p2b\n|-resisted|p2a: Kyogre\n|-damage|p2a: Kyogre|85/100 brn\n|-heal|p1b: Sinistcha|9/100 psn|[from] drain|[of] p2a: Kyogre\n|-damage|p2b: Indeedee|45/100\n|-heal|p1b: Sinistcha|20/100 psn|[from] drain|[of] p2b: Indeedee\n|-status|p2b: Indeedee|brn\n|move|p2a: Kyogre|Water Spout|p1a: Grimmsnarl|[spread] p1a,p1b\n|-resisted|p1b: Sinistcha\n|-damage|p1a: Grimmsnarl|0 fnt\n|-damage|p1b: Sinistcha|0 fnt\n|faint|p1a: Grimmsnarl\n|faint|p1b: Sinistcha\n|\n|-weather|RainDance|[upkeep]\n|-damage|p2a: Kyogre|79/100 brn|[from] brn\n|-damage|p2b: Indeedee|38/100 brn|[from] brn\n|-fieldend|move: Trick Room\n|upkeep\n|\n|t:|1769012344\n|switch|p1a: Miraidon|Miraidon, L50|100/100\n|-fieldstart|move: Electric Terrain|[from] ability: Hadron Engine|[of] p1a: Miraidon\n|turn|6\n|\n|t:|1769012354\n|move|p2b: Indeedee|Follow Me|p2b: Indeedee\n|-singleturn|p2b: Indeedee|move: Follow Me\n|move|p1a: Miraidon|Snarl|p2b: Indeedee|[spread] p2a,p2b\n|-supereffective|p2b: Indeedee\n|-damage|p2a: Kyogre|69/100 brn\n|-damage|p2b: Indeedee|4/100 brn\n|-unboost|p2a: Kyogre|spa|1\n|-unboost|p2b: Indeedee|spa|1\n|move|p2a: Kyogre|Ice Beam|p1a: Miraidon\n|-supereffective|p1a: Miraidon\n|-damage|p1a: Miraidon|83/100\n|\n|-weather|RainDance|[upkeep]\n|-damage|p2b: Indeedee|0 fnt|[from] brn\n|faint|p2b: Indeedee\n|-damage|p2a: Kyogre|63/100 brn|[from] brn\n|upkeep\n|turn|7\n|\n|t:|1769012373\n|move|p1a: Miraidon|Dazzling Gleam|p2a: Kyogre\n|-damage|p2a: Kyogre|46/100 brn\n|move|p2a: Kyogre|Ice Beam|p1a: Miraidon\n|-supereffective|p1a: Miraidon\n|-damage|p1a: Miraidon|64/100\n|\n|-weather|none\n|-damage|p2a: Kyogre|40/100 brn|[from] brn\n|upkeep\n|turn|8\n|\n|t:|1769012381\n|move|p1a: Miraidon|Dazzling Gleam|p2a: Kyogre\n|-damage|p2a: Kyogre|21/100 brn\n|move|p2a: Kyogre|Ice Beam|p1a: Miraidon\n|-supereffective|p1a: Miraidon\n|-damage|p1a: Miraidon|45/100\n|\n|-damage|p2a: Kyogre|15/100 brn|[from] brn\n|upkeep\n|turn|9\n|\n|t:|1769012392\n|move|p1a: Miraidon|Dazzling Gleam|p2a: Kyogre\n|-damage|p2a: Kyogre|0 fnt\n|faint|p2a: Kyogre\n|\n|win|Grant wifi\n|raw|Grant wifi's rating: 1260 &rarr; <strong>1293</strong><br />(+33 for winning)\n|raw|j0l0k0's rating: 1382 &rarr; <strong>1355</strong><br />(-27 for losing)\n|c|\u2606j0l0k0|ggwp\n|l|\u2606j0l0k0\n|player|p2|\n|l|\u2606Grant wifi\n|player|p1|\n|l| riyuezi\n","uploadtime":1769012614,"views":16,"formatid":"gen9vgc2026regi","rating":1293,"private":0,"password":null}