{"id":"gen9vgc2026regi-2553334042","format":"[Gen 9] VGC 2026 Reg I","players":["Arcangel666","drive stone"],"log":"|badge|p1|bronze|gen9uu|100-8\n|uhtml|medal-msg|<div class=\"broadcast-blue\">Curious what those medals under the avatar are? PS now has Ladder Seasons! For more information, check out the <a href=\"https://www.smogon.com/forums/threads/3740067/\">thread on Smogon.</a></div>\n|j|\u2606Arcangel666\n|j|\u2606drive stone\n|t:|1772821387\n|gametype|doubles\n|player|p1|Arcangel666|piers-masters|1349\n|player|p2|drive stone|cilan|1423\n|gen|9\n|tier|[Gen 9] VGC 2026 Reg I\n|rated|\n|rule|Species Clause: Limit one of each Pok\u00e9mon\n|rule|Item Clause: Limit 1 of each item\n|clearpoke\n|poke|p1|Zamazenta-*, L50|\n|poke|p1|Calyrex-Shadow, L50|\n|poke|p1|Indeedee-F, L50, F|\n|poke|p1|Whimsicott, L50, F|\n|poke|p1|Incineroar, L50, M|\n|poke|p1|Urshifu-*, L50, F|\n|poke|p2|Regieleki, L50|\n|poke|p2|Calyrex-Shadow, L50|\n|poke|p2|Koraidon, L50|\n|poke|p2|Incineroar, L50, F|\n|poke|p2|Rillaboom, L50, M|\n|poke|p2|Volcarona, L50, F|\n|teampreview|4\n|\n|t:|1772821428\n|teamsize|p1|4\n|teamsize|p2|4\n|start\n|switch|p1a: Whimsicott|Whimsicott, L50, F, shiny|100/100\n|switch|p1b: Calyrex|Calyrex-Shadow, L50|100/100\n|switch|p2a: Koraidon|Koraidon, L50|100/100\n|switch|p2b: Regieleki|Regieleki, L50|100/100\n|-ability|p1b: Calyrex|As One\n|-ability|p1b: Calyrex|Unnerve\n|-weather|SunnyDay|[from] ability: Orichalcum Pulse|[of] p2a: Koraidon\n|-activate|p2a: Koraidon|Orichalcum Pulse|[source]\n|turn|1\n|\n|t:|1772821464\n|move|p1b: Calyrex|Protect|p1b: Calyrex\n|-singleturn|p1b: Calyrex|Protect\n|move|p1a: Whimsicott|Tailwind|p1a: Whimsicott\n|-sidestart|p1: Arcangel666|move: Tailwind\n|move|p2b: Regieleki|Electroweb|p1a: Whimsicott|[spread] p1a\n|-activate|p1b: Calyrex|move: Protect\n|-resisted|p1a: Whimsicott\n|-damage|p1a: Whimsicott|86/100\n|move|p2a: Koraidon|Flame Charge|p1b: Calyrex\n|-activate|p1b: Calyrex|move: Protect\n|\n|-weather|SunnyDay|[upkeep]\n|upkeep\n|turn|2\n|\n|t:|1772821485\n|switch|p1a: Indeedee|Indeedee-F, L50, F|100/100\n|-fieldstart|move: Psychic Terrain|[from] ability: Psychic Surge|[of] p1a: Indeedee\n|-terastallize|p2a: Koraidon|Fire\n|move|p1b: Calyrex|Expanding Force|p2b: Regieleki|[spread] p2a,p2b\n|-crit|p2a: Koraidon\n|-damage|p2a: Koraidon|0 fnt\n|-enditem|p2b: Regieleki|Focus Sash\n|-damage|p2b: Regieleki|1/100\n|faint|p2a: Koraidon\n|-ability|p1b: Calyrex|Grim Neigh|boost\n|-boost|p1b: Calyrex|spa|1\n|-damage|p1b: Calyrex|91/100|[from] item: Life Orb\n|move|p2b: Regieleki|Electroweb|p1b: Calyrex|[spread] p1a,p1b\n|-damage|p1a: Indeedee|82/100\n|-damage|p1b: Calyrex|64/100\n|-unboost|p1a: Indeedee|spe|1\n|-unboost|p1b: Calyrex|spe|1\n|\n|-weather|SunnyDay|[upkeep]\n|upkeep\n|\n|t:|1772821513\n|switch|p2a: Volcarona|Volcarona, L50, F|100/100\n|turn|3\n|\n|t:|1772821531\n|move|p1a: Indeedee|Helping Hand|p1b: Calyrex\n|-singleturn|p1b: Calyrex|Helping Hand|[of] p1a: Indeedee\n|move|p2b: Regieleki|Protect|p2b: Regieleki\n|-singleturn|p2b: Regieleki|Protect\n|move|p2a: Volcarona|Protect|p2a: Volcarona\n|-singleturn|p2a: Volcarona|Protect\n|move|p1b: Calyrex|Expanding Force|p2a: Volcarona|[spread] \n|-activate|p2a: Volcarona|move: Protect\n|-activate|p2b: Regieleki|move: Protect\n|\n|-weather|SunnyDay|[upkeep]\n|upkeep\n|turn|4\n|\n|t:|1772821546\n|move|p1a: Indeedee|Helping Hand|p1b: Calyrex\n|-singleturn|p1b: Calyrex|Helping Hand|[of] p1a: Indeedee\n|move|p2b: Regieleki|Protect|p2b: Regieleki\n|-singleturn|p2b: Regieleki|Protect\n|move|p2a: Volcarona|Protect||[still]\n|-fail|p2a: Volcarona\n|move|p1b: Calyrex|Astral Barrage|p2b: Regieleki|[spread] p2a\n|-activate|p2b: Regieleki|move: Protect\n|-damage|p2a: Volcarona|0 fnt\n|faint|p2a: Volcarona\n|-ability|p1b: Calyrex|Grim Neigh|boost\n|-boost|p1b: Calyrex|spa|1\n|-damage|p1b: Calyrex|55/100|[from] item: Life Orb\n|\n|-weather|SunnyDay|[upkeep]\n|-sideend|p1: Arcangel666|move: Tailwind\n|upkeep\n|\n|t:|1772821564\n|switch|p2a: Calyrex|Calyrex-Shadow, L50|100/100\n|-ability|p2a: Calyrex|As One\n|-ability|p2a: Calyrex|Unnerve\n|turn|5\n|\n|t:|1772821576\n|move|p1b: Calyrex|Protect|p1b: Calyrex\n|-singleturn|p1b: Calyrex|Protect\n|move|p2b: Regieleki|Thunderbolt|p1a: Indeedee\n|-damage|p1a: Indeedee|42/100\n|move|p2a: Calyrex|Astral Barrage|p1b: Calyrex|[spread] \n|-activate|p1b: Calyrex|move: Protect\n|-immune|p1a: Indeedee\n|move|p1a: Indeedee|Trick Room|p1a: Indeedee\n|-fieldstart|move: Trick Room|[of] p1a: Indeedee\n|\n|-weather|none\n|upkeep\n|turn|6\n|\n|t:|1772821587\n|-terastallize|p1a: Indeedee|Fairy\n|move|p1a: Indeedee|Tera Blast|p2a: Calyrex|[anim] Tera Blast Fairy\n|-damage|p2a: Calyrex|78/100\n|move|p1b: Calyrex|Astral Barrage|p2b: Regieleki|[spread] p2a,p2b\n|-supereffective|p2a: Calyrex\n|-damage|p2a: Calyrex|0 fnt\n|-damage|p2b: Regieleki|0 fnt\n|faint|p2a: Calyrex\n|faint|p2b: Regieleki\n|-damage|p1b: Calyrex|45/100|[from] item: Life Orb\n|\n|win|Arcangel666\n|raw|Arcangel666's rating: 1349 &rarr; <strong>1373</strong><br />(+24 for winning)\n|raw|drive stone's rating: 1423 &rarr; <strong>1399</strong><br />(-24 for losing)\n|l|\u2606drive stone\n|player|p2|\n|l|\u2606Arcangel666\n|player|p1|\n","uploadtime":1772821774,"views":15,"formatid":"gen9vgc2026regi","rating":1373,"private":0,"password":null}