{"id":"gen9vgc2026regi-2588983414","format":"[Gen 9] VGC 2026 Reg I","players":["Simon0123","avarussurava"],"log":"|j|\u2606Simon0123\n|j|\u2606avarussurava\n|t:|1776691541\n|gametype|doubles\n|player|p1|Simon0123|benga|1598\n|player|p2|avarussurava|170|1466\n|gen|9\n|tier|[Gen 9] VGC 2026 Reg I\n|rated|\n|rule|Species Clause: Limit one of each Pok\u00e9mon\n|rule|Item Clause: Limit 1 of each item\n|clearpoke\n|poke|p1|Zacian-*, L50|\n|poke|p1|Kyogre, L50|\n|poke|p1|Tornadus, L50, M|\n|poke|p1|Urshifu-*, L50, M|\n|poke|p1|Incineroar, L50, F|\n|poke|p1|Rillaboom, L50, F|\n|poke|p2|Tyranitar, L50, F|\n|poke|p2|Kyogre, L50|\n|poke|p2|Zamazenta-*, L50|\n|poke|p2|Gastrodon, L50, F|\n|poke|p2|Sinistcha, L50|\n|poke|p2|Ceruledge, L50, M|\n|teampreview|4\n|inactive|Battle timer is ON: inactive players will automatically lose when time's up. (requested by Simon0123)\n|\n|t:|1776691570\n|teamsize|p1|4\n|teamsize|p2|4\n|start\n|switch|p1a: Tornadus|Tornadus, L50, M, shiny|100/100\n|switch|p1b: Zacian|Zacian-Crowned, L50, shiny|100/100\n|switch|p2a: Zamazenta|Zamazenta-Crowned, L50|100/100\n|switch|p2b: Tyranitar|Tyranitar, L50, F|100/100\n|-ability|p1b: Zacian|Intrepid Sword|boost\n|-boost|p1b: Zacian|atk|1\n|-ability|p2a: Zamazenta|Dauntless Shield|boost\n|-boost|p2a: Zamazenta|def|1\n|-weather|Sandstorm|[from] ability: Sand Stream|[of] p2b: Tyranitar\n|turn|1\n|\n|t:|1776691594\n|switch|p2b: Ceruledge|Ceruledge, L50, M|100/100\n|move|p1a: Tornadus|Tailwind|p1a: Tornadus\n|-sidestart|p1: Simon0123|move: Tailwind\n|move|p1b: Zacian|Sacred Sword|p2a: Zamazenta\n|-supereffective|p2a: Zamazenta\n|-damage|p2a: Zamazenta|30/100\n|move|p2a: Zamazenta|Iron Defense|p2a: Zamazenta\n|-boost|p2a: Zamazenta|def|2\n|\n|-weather|Sandstorm|[upkeep]\n|-damage|p1a: Tornadus|95/100|[from] Sandstorm\n|upkeep\n|turn|2\n|inactive|Simon0123 has 30 seconds left.\n|\n|t:|1776691627\n|-terastallize|p2a: Zamazenta|Ground\n|move|p1b: Zacian|Protect|p1b: Zacian\n|-singleturn|p1b: Zacian|Protect\n|move|p1a: Tornadus|Rain Dance|p1a: Tornadus\n|-weather|RainDance\n|move|p2a: Zamazenta|Body Press|p1b: Zacian\n|-activate|p1b: Zacian|move: Protect\n|move|p2b: Ceruledge|Bitter Blade|p1a: Tornadus\n|-damage|p1a: Tornadus|59/100\n|\n|-weather|RainDance|[upkeep]\n|upkeep\n|turn|3\n|\n|t:|1776691651\n|switch|p2b: Tyranitar|Tyranitar, L50, F|100/100\n|-weather|Sandstorm|[from] ability: Sand Stream|[of] p2b: Tyranitar\n|move|p1b: Zacian|Sacred Sword|p2a: Zamazenta\n|-damage|p2a: Zamazenta|0 fnt\n|faint|p2a: Zamazenta\n|move|p1a: Tornadus|Bleakwind Storm|p2b: Tyranitar\n|-resisted|p2b: Tyranitar\n|-damage|p2b: Tyranitar|90/100\n|\n|-weather|Sandstorm|[upkeep]\n|-damage|p1a: Tornadus|53/100|[from] Sandstorm\n|upkeep\n|\n|t:|1776691663\n|switch|p2a: Ceruledge|Ceruledge, L50, M|100/100\n|turn|4\n|\n|t:|1776691669\n|switch|p2b: Gastrodon|Gastrodon, L50, F|100/100\n|move|p1a: Tornadus|Rain Dance|p1a: Tornadus\n|-weather|RainDance\n|move|p1b: Zacian|Sacred Sword|p2b: Gastrodon\n|-damage|p2b: Gastrodon|44/100\n|move|p2a: Ceruledge|Bitter Blade|p1b: Zacian\n|-supereffective|p1b: Zacian\n|-damage|p1b: Zacian|56/100\n|\n|-weather|RainDance|[upkeep]\n|-sideend|p1: Simon0123|move: Tailwind\n|upkeep\n|turn|5\n|\n|t:|1776691688\n|move|p2b: Gastrodon|Protect|p2b: Gastrodon\n|-singleturn|p2b: Gastrodon|Protect\n|move|p1b: Zacian|Sacred Sword|p2b: Gastrodon\n|-activate|p2b: Gastrodon|move: Protect\n|move|p1a: Tornadus|Bleakwind Storm|p2a: Ceruledge|[spread] p2a\n|-activate|p2b: Gastrodon|move: Protect\n|-crit|p2a: Ceruledge\n|-damage|p2a: Ceruledge|40/100\n|move|p2a: Ceruledge|Bitter Blade|p1b: Zacian\n|-supereffective|p1b: Zacian\n|-damage|p1b: Zacian|17/100\n|-heal|p2a: Ceruledge|64/100|[from] drain|[of] p1b: Zacian\n|\n|-weather|RainDance|[upkeep]\n|upkeep\n|turn|6\n|\n|t:|1776691708\n|switch|p2b: Tyranitar|Tyranitar, L50, F|90/100\n|-weather|Sandstorm|[from] ability: Sand Stream|[of] p2b: Tyranitar\n|move|p2a: Ceruledge|Shadow Sneak|p1b: Zacian\n|-damage|p1b: Zacian|0 fnt\n|faint|p1b: Zacian\n|move|p1a: Tornadus|Bleakwind Storm|p2a: Ceruledge|[spread] p2a,p2b\n|-resisted|p2b: Tyranitar\n|-damage|p2a: Ceruledge|26/100\n|-damage|p2b: Tyranitar|81/100\n|\n|-weather|Sandstorm|[upkeep]\n|-damage|p1a: Tornadus|48/100|[from] Sandstorm\n|upkeep\n|\n|t:|1776691718\n|switch|p1b: Kyogre|Kyogre, L50, shiny|100/100\n|-weather|RainDance|[from] ability: Drizzle|[of] p1b: Kyogre\n|turn|7\n|inactive|Simon0123 has 30 seconds left.\n|inactive|Simon0123 has 20 seconds left.\n|\n|t:|1776691754\n|move|p1a: Tornadus|Tailwind|p1a: Tornadus\n|-sidestart|p1: Simon0123|move: Tailwind\n|move|p2a: Ceruledge|Shadow Sneak|p1b: Kyogre\n|-damage|p1b: Kyogre|75/100\n|move|p1b: Kyogre|Ice Beam|p2b: Tyranitar\n|-damage|p2b: Tyranitar|56/100\n|-status|p2b: Tyranitar|frz\n|-curestatus|p2b: Tyranitar|frz|[msg]\n|move|p2b: Tyranitar|Knock Off|p1a: Tornadus\n|-damage|p1a: Tornadus|0 fnt\n|-enditem|p1a: Tornadus|Focus Sash|[from] move: Knock Off|[of] p2b: Tyranitar\n|faint|p1a: Tornadus\n|\n|-weather|RainDance|[upkeep]\n|upkeep\n|\n|t:|1776691762\n|switch|p1a: Rillaboom|Rillaboom, L50, F, shiny|100/100\n|-fieldstart|move: Grassy Terrain|[from] ability: Grassy Surge|[of] p1a: Rillaboom\n|turn|8\n|\n|t:|1776691774\n|switch|p2b: Gastrodon|Gastrodon, L50, F|44/100\n|move|p1b: Kyogre|Water Spout|p2a: Ceruledge|[spread] p2a\n|-ability|p2b: Gastrodon|Storm Drain|boost\n|-boost|p2b: Gastrodon|spa|1\n|-supereffective|p2a: Ceruledge\n|-damage|p2a: Ceruledge|0 fnt\n|faint|p2a: Ceruledge\n|move|p1a: Rillaboom|Wood Hammer|p2b: Gastrodon\n|-supereffective|p2b: Gastrodon\n|-damage|p2b: Gastrodon|0 fnt\n|faint|p2b: Gastrodon\n|-damage|p1a: Rillaboom|86/100|[from] Recoil\n|\n|-weather|RainDance|[upkeep]\n|-heal|p1b: Kyogre|80/100|[from] Grassy Terrain\n|-heal|p1a: Rillaboom|91/100|[from] Grassy Terrain\n|upkeep\n|c|\u2606Simon0123|Gg\n|-message|avarussurava forfeited.\n|\n|win|Simon0123\n|raw|Simon0123's rating: 1598 &rarr; <strong>1611</strong><br />(+13 for winning)\n|raw|avarussurava's rating: 1466 &rarr; <strong>1453</strong><br />(-13 for losing)\n|l|\u2606avarussurava\n|player|p2|\n|l|\u2606Simon0123\n|player|p1|\n","uploadtime":1776692036,"views":6,"formatid":"gen9vgc2026regi","rating":1453,"private":0,"password":null}