{"id":"gen9vgc2026regi-2582654020","format":"[Gen 9] VGC 2026 Reg I","players":["pumpkinflame","Carajo666"],"log":"|j|\u2606pumpkinflame\n|j|\u2606Carajo666\n|t:|1776105189\n|gametype|doubles\n|player|p1|pumpkinflame|adaman-masters|1370\n|player|p2|Carajo666|102|1418\n|gen|9\n|tier|[Gen 9] VGC 2026 Reg I\n|rated|\n|rule|Species Clause: Limit one of each Pok\u00e9mon\n|rule|Item Clause: Limit 1 of each item\n|clearpoke\n|poke|p1|Kyogre, L50|\n|poke|p1|Archaludon, L50, F|\n|poke|p1|Rillaboom, L50, F|\n|poke|p1|Roaring Moon, L50|\n|poke|p1|Calyrex-Ice, L50|\n|poke|p1|Incineroar, L50, F|\n|poke|p2|Terapagos, L50, M|\n|poke|p2|Urshifu-*, L50, M|\n|poke|p2|Ho-Oh, L50|\n|poke|p2|Toxapex, L50, F|\n|poke|p2|Flutter Mane, L50|\n|poke|p2|Rillaboom, L50, F|\n|teampreview|4\n|inactive|Battle timer is ON: inactive players will automatically lose when time's up. (requested by Carajo666)\n|\n|t:|1776105210\n|teamsize|p1|4\n|teamsize|p2|4\n|start\n|switch|p1a: Salamence Megav2|Roaring Moon, L50|100/100\n|switch|p1b: K.O|Kyogre, L50|100/100\n|switch|p2a: Ho-Oh|Ho-Oh, L50|100/100\n|switch|p2b: Toxapex|Toxapex, L50, F|100/100\n|-weather|RainDance|[from] ability: Drizzle|[of] p1b: K.O\n|-enditem|p1a: Salamence Megav2|Booster Energy\n|-activate|p1a: Salamence Megav2|ability: Protosynthesis|[fromitem]\n|-start|p1a: Salamence Megav2|protosynthesisspe\n|turn|1\n|\n|t:|1776105234\n|move|p2b: Toxapex|Wide Guard|p2b: Toxapex\n|-singleturn|p2b: Toxapex|Wide Guard\n|move|p1a: Salamence Megav2|Tailwind|p1a: Salamence Megav2\n|-sidestart|p1: pumpkinflame|move: Tailwind\n|move|p1b: K.O|Water Spout|p2b: Toxapex|[spread] \n|-activate|p2a: Ho-Oh|move: Wide Guard\n|-activate|p2b: Toxapex|move: Wide Guard\n|move|p2a: Ho-Oh|Brave Bird|p1b: K.O\n|-damage|p1b: K.O|48/100\n|-damage|p2a: Ho-Oh|84/100|[from] Recoil\n|\n|-weather|RainDance|[upkeep]\n|upkeep\n|turn|2\n|inactive|Carajo666 has 30 seconds left.\n|\n|t:|1776105259\n|switch|p1b: Miraidon 2|Archaludon, L50, F|100/100\n|move|p1a: Salamence Megav2|Knock Off|p2b: Toxapex\n|-damage|p2b: Toxapex|71/100\n|-enditem|p2b: Toxapex|Mental Herb|[from] move: Knock Off|[of] p1a: Salamence Megav2\n|move|p2a: Ho-Oh|Sacred Fire|p1a: Salamence Megav2\n|-resisted|p1a: Salamence Megav2\n|-damage|p1a: Salamence Megav2|86/100\n|-status|p1a: Salamence Megav2|brn\n|move|p2b: Toxapex|Infestation|p1a: Salamence Megav2\n|-supereffective|p1a: Salamence Megav2\n|-damage|p1a: Salamence Megav2|79/100 brn\n|-activate|p1a: Salamence Megav2|move: Infestation|[of] p2b: Toxapex\n|\n|-weather|RainDance|[upkeep]\n|-damage|p1a: Salamence Megav2|73/100 brn|[from] brn\n|-damage|p1a: Salamence Megav2|61/100 brn|[from] move: Infestation|[partiallytrapped]\n|upkeep\n|turn|3\n|j| goosse1\n|inactive|pumpkinflame has 30 seconds left.\n|inactive|Carajo666 has 30 seconds left.\n|inactive|pumpkinflame has 20 seconds left.\n|inactive|Carajo666 has 20 seconds left.\n|\n|t:|1776105297\n|-terastallize|p2a: Ho-Oh|Grass\n|move|p1a: Salamence Megav2|Acrobatics|p2a: Ho-Oh\n|-supereffective|p2a: Ho-Oh\n|-damage|p2a: Ho-Oh|55/100\n|move|p1b: Miraidon 2|Electro Shot||[still]\n|-prepare|p1b: Miraidon 2|Electro Shot\n|-boost|p1b: Miraidon 2|spa|1\n|-anim|p1b: Miraidon 2|Electro Shot|p2b: Toxapex\n|-supereffective|p2b: Toxapex\n|-damage|p2b: Toxapex|0 fnt\n|faint|p2b: Toxapex\n|move|p2a: Ho-Oh|Tailwind|p2a: Ho-Oh\n|-sidestart|p2: Carajo666|move: Tailwind\n|\n|-weather|RainDance|[upkeep]\n|-damage|p1a: Salamence Megav2|55/100 brn|[from] brn\n|-end|p1a: Salamence Megav2|Infestation|[partiallytrapped]|[silent]\n|upkeep\n|\n|t:|1776105308\n|switch|p2b: Terapagos|Terapagos, L50, M|100/100\n|-activate|p2b: Terapagos|ability: Tera Shift\n|detailschange|p2b: Terapagos|Terapagos-Terastal, L50, M\n|-heal|p2b: Terapagos|100/100|[silent]\n|turn|4\n|\n|t:|1776105319\n|move|p1a: Salamence Megav2|Acrobatics|p2b: Terapagos\n|-activate|p2b: Terapagos|ability: Tera Shell\n|-resisted|p2b: Terapagos\n|-damage|p2b: Terapagos|91/100\n|move|p2b: Terapagos|Earth Power|p1b: Miraidon 2\n|-supereffective|p1b: Miraidon 2\n|-damage|p1b: Miraidon 2|60/100\n|-ability|p1b: Miraidon 2|Stamina|boost\n|-boost|p1b: Miraidon 2|def|1\n|move|p2a: Ho-Oh|Tailwind||[still]\n|-fail|p2a: Ho-Oh\n|move|p1b: Miraidon 2|Electro Shot||[still]\n|-prepare|p1b: Miraidon 2|Electro Shot\n|-boost|p1b: Miraidon 2|spa|1\n|-anim|p1b: Miraidon 2|Electro Shot|p2b: Terapagos\n|-damage|p2b: Terapagos|7/100\n|\n|-weather|RainDance|[upkeep]\n|-heal|p2b: Terapagos|13/100|[from] item: Leftovers\n|-damage|p1a: Salamence Megav2|49/100 brn|[from] brn\n|-sideend|p1: pumpkinflame|move: Tailwind\n|upkeep\n|turn|5\n|\n|t:|1776105339\n|move|p2b: Terapagos|Protect|p2b: Terapagos\n|-singleturn|p2b: Terapagos|Protect\n|move|p1a: Salamence Megav2|Knock Off|p2b: Terapagos\n|-activate|p2b: Terapagos|move: Protect\n|move|p2a: Ho-Oh|Brave Bird|p1a: Salamence Megav2\n|-damage|p1a: Salamence Megav2|0 fnt\n|faint|p1a: Salamence Megav2\n|-end|p1a: Salamence Megav2|Protosynthesis|[silent]\n|-damage|p2a: Ho-Oh|41/100|[from] Recoil\n|-enditem|p2a: Ho-Oh|Sitrus Berry|[eat]\n|-heal|p2a: Ho-Oh|66/100|[from] item: Sitrus Berry\n|move|p1b: Miraidon 2|Electro Shot||[still]\n|-prepare|p1b: Miraidon 2|Electro Shot\n|-boost|p1b: Miraidon 2|spa|1\n|-anim|p1b: Miraidon 2|Electro Shot|p2a: Ho-Oh\n|-resisted|p2a: Ho-Oh\n|-damage|p2a: Ho-Oh|38/100\n|\n|-weather|none\n|-heal|p2b: Terapagos|19/100|[from] item: Leftovers\n|upkeep\n|\n|t:|1776105348\n|switch|p1a: Chilly and Willy|Calyrex-Ice, L50|100/100\n|-ability|p1a: Chilly and Willy|As One\n|-ability|p1a: Chilly and Willy|Unnerve\n|turn|6\n|\n|t:|1776105363\n|move|p2b: Terapagos|Earth Power|p1b: Miraidon 2\n|-supereffective|p1b: Miraidon 2\n|-damage|p1b: Miraidon 2|17/100\n|-ability|p1b: Miraidon 2|Stamina|boost\n|-boost|p1b: Miraidon 2|def|1\n|move|p2a: Ho-Oh|Sacred Fire|p1b: Miraidon 2\n|-damage|p1b: Miraidon 2|1/100\n|-status|p1b: Miraidon 2|brn\n|-ability|p1b: Miraidon 2|Stamina|boost\n|-boost|p1b: Miraidon 2|def|1\n|move|p1b: Miraidon 2|Dragon Pulse|p2b: Terapagos\n|-damage|p2b: Terapagos|0 fnt\n|faint|p2b: Terapagos\n|move|p1a: Chilly and Willy|Glacial Lance|p2a: Ho-Oh\n|-supereffective|p2a: Ho-Oh\n|-damage|p2a: Ho-Oh|0 fnt\n|faint|p2a: Ho-Oh\n|-ability|p1a: Chilly and Willy|Chilling Neigh|boost\n|-boost|p1a: Chilly and Willy|atk|1\n|\n|-damage|p1b: Miraidon 2|0 fnt|[from] brn\n|faint|p1b: Miraidon 2\n|-sideend|p2: Carajo666|move: Tailwind\n|upkeep\n|\n|t:|1776105380\n|switch|p2b: Urshifu|Urshifu, L50, M|100/100\n|switch|p1b: K.O|Kyogre, L50|48/100\n|-weather|RainDance|[from] ability: Drizzle|[of] p1b: K.O\n|turn|7\n|\n|t:|1776105395\n|move|p2b: Urshifu|Wicked Blow|p1a: Chilly and Willy\n|-supereffective|p1a: Chilly and Willy\n|-crit|p1a: Chilly and Willy\n|-damage|p1a: Chilly and Willy|16/100\n|move|p1b: K.O|Origin Pulse|p2b: Urshifu\n|-enditem|p2b: Urshifu|Focus Sash\n|-damage|p2b: Urshifu|1/100\n|move|p1a: Chilly and Willy|Trick Room|p1a: Chilly and Willy\n|-fieldstart|move: Trick Room|[of] p1a: Chilly and Willy\n|\n|-weather|RainDance|[upkeep]\n|-heal|p1a: Chilly and Willy|22/100|[from] item: Leftovers\n|upkeep\n|turn|8\n|\n|t:|1776105407\n|move|p1a: Chilly and Willy|Protect|p1a: Chilly and Willy\n|-singleturn|p1a: Chilly and Willy|Protect\n|move|p2b: Urshifu|Sucker Punch|p1b: K.O\n|-damage|p1b: K.O|10/100\n|move|p1b: K.O|Origin Pulse|p2b: Urshifu\n|-damage|p2b: Urshifu|0 fnt\n|faint|p2b: Urshifu\n|\n|win|pumpkinflame\n|raw|pumpkinflame's rating: 1370 &rarr; <strong>1393</strong><br />(+23 for winning)\n|raw|Carajo666's rating: 1418 &rarr; <strong>1395</strong><br />(-23 for losing)\n|l|\u2606Carajo666\n|player|p2|\n|l|\u2606pumpkinflame\n|player|p1|\n|l| goosse1\n","uploadtime":1776105593,"views":10,"formatid":"gen9vgc2026regi","rating":1393,"private":0,"password":null}