{"id":"gen9vgc2026regi-2571501082","format":"[Gen 9] VGC 2026 Reg I","players":["Billlmads","Dragonbunsu"],"log":"|j|\u2606Billlmads\n|j|\u2606Dragonbunsu\n|t:|1774925768\n|gametype|doubles\n|player|p1|Billlmads|red|\n|player|p2|Dragonbunsu|miku-fairy|\n|gen|9\n|tier|[Gen 9] VGC 2026 Reg I\n|rated|Tournament battle\n|rule|Species Clause: Limit one of each Pok\u00e9mon\n|rule|Item Clause: Limit 1 of each item\n|raw|<div class=\"infobox\"><details class=\"readmore\" open><summary><strong>3 custom rules:</strong></summary> Open Team Sheets, Force Open Team Sheets, !Open Team Sheets</details></div>\n|clearpoke\n|poke|p1|Koraidon, L50|\n|poke|p1|Incineroar, L50, M|\n|poke|p1|Rillaboom, L50, M|\n|poke|p1|Lunala, L50|\n|poke|p1|Landorus, L50, M|\n|poke|p1|Jumpluff, L50, M|\n|poke|p2|Calyrex-Ice, L50|\n|poke|p2|Incineroar, L50, M|\n|poke|p2|Iron Hands, L50|\n|poke|p2|Whimsicott, L50, M|\n|poke|p2|Landorus, L50, M|\n|poke|p2|Miraidon, L50|\n|teampreview|4\n|showteam|p1|Koraidon||ClearAmulet|OrichalcumPulse|FlareBlitz,LowKick,FlameCharge,Protect||||||50|,,,,,Fire]Incineroar||SafetyGoggles|Intimidate|FakeOut,KnockOff,Taunt,Uturn|||M|||50|,,,,,Water]Rillaboom||AssaultVest|GrassySurge|WoodHammer,FakeOut,GrassyGlide,Uturn|||M|||50|,,,,,Water]Lunala||Leftovers|ShadowShield|MoongeistBeam,Moonblast,Protect,WideGuard||||||50|,,,,,Fairy]Landorus||LifeOrb|SheerForce|EarthPower,SludgeBomb,SandsearStorm,Protect|||M|||50|,,,,,Water]Jumpluff||CovertCloak|Chlorophyll|SleepPowder,Tailwind,PollenPuff,Encore|||M|||50|,,,,,Water\n|showteam|p2|Calyrex-Ice||ClearAmulet|AsOneGlastrier|GlacialLance,TrickRoom,Protect,HighHorsepower||||||50|,,,,,Fire]Incineroar||RockyHelmet|Intimidate|FakeOut,PartingShot,KnockOff,FlareBlitz|||M|||50|,,,,,Ghost]Iron Hands||AssaultVest|QuarkDrive|FakeOut,DrainPunch,LowKick,WildCharge||||||50|,,,,,Water]Whimsicott||CovertCloak|Prankster|Tailwind,Moonblast,Encore,LightScreen|||M|||50|,,,,,Fire]Landorus||LifeOrb|SheerForce|SludgeBomb,EarthPower,SandsearStorm,Protect|||M|||50|,,,,,Water]Miraidon||ChoiceSpecs|HadronEngine|ElectroDrift,VoltSwitch,DazzlingGleam,DracoMeteor||||||50|,,,,,Fairy\n|j| SmileYourOnTwitch\n|c|\u2606Dragonbunsu|glhf\n|j| Biggs11\n|c|\u2606Billlmads|glhf\n|j| knoxxzeta\n|\n|t:|1774925863\n|teamsize|p1|4\n|teamsize|p2|4\n|start\n|switch|p1a: Rillaboom|Rillaboom, L50, M|100/100\n|switch|p1b: Lunala|Lunala, L50|100/100\n|switch|p2a: Whimsicott|Whimsicott, L50, M, shiny|100/100\n|switch|p2b: Landorus|Landorus, L50, M, shiny|100/100\n|-fieldstart|move: Grassy Terrain|[from] ability: Grassy Surge|[of] p1a: Rillaboom\n|turn|1\n|\n|t:|1774925878\n|move|p2b: Landorus|Protect|p2b: Landorus\n|-singleturn|p2b: Landorus|Protect\n|move|p2a: Whimsicott|Light Screen|p2a: Whimsicott\n|-sidestart|p2: Dragonbunsu|move: Light Screen\n|move|p1b: Lunala|Moongeist Beam|p2a: Whimsicott\n|-damage|p2a: Whimsicott|65/100\n|move|p1a: Rillaboom|U-turn|p2a: Whimsicott\n|-damage|p2a: Whimsicott|41/100\n|\n|t:|1774925890\n|switch|p1a: Landorus|Landorus, L50, M|100/100|[from] U-turn\n|\n|-heal|p2a: Whimsicott|47/100|[from] Grassy Terrain\n|upkeep\n|turn|2\n|j| kritath\n|l| kritath\n|j| miradonaod\n|l| miradonaod\n|\n|t:|1774925928\n|move|p1b: Lunala|Protect|p1b: Lunala\n|-singleturn|p1b: Lunala|Protect\n|move|p2a: Whimsicott|Moonblast|p1b: Lunala\n|-activate|p1b: Lunala|move: Protect\n|move|p1a: Landorus|Sludge Bomb|p2a: Whimsicott\n|-supereffective|p2a: Whimsicott\n|-damage|p2a: Whimsicott|0 fnt\n|faint|p2a: Whimsicott\n|move|p2b: Landorus|Earth Power|p1b: Lunala\n|-activate|p1b: Lunala|move: Protect\n|\n|upkeep\n|j| miradonaod\n|\n|t:|1774925949\n|switch|p2a: Miraidon|Miraidon, L50, shiny|100/100\n|-fieldstart|move: Electric Terrain|[from] ability: Hadron Engine|[of] p2a: Miraidon\n|turn|3\n|l| miradonaod\n|\n|t:|1774925963\n|switch|p1b: Rillaboom|Rillaboom, L50, M|100/100\n|-fieldstart|move: Grassy Terrain|[from] ability: Grassy Surge|[of] p1b: Rillaboom\n|move|p2a: Miraidon|Draco Meteor|p1a: Landorus\n|-damage|p1a: Landorus|0 fnt\n|-unboost|p2a: Miraidon|spa|2\n|faint|p1a: Landorus\n|move|p2b: Landorus|Earth Power|p1b: Rillaboom\n|-resisted|p1b: Rillaboom\n|-damage|p1b: Rillaboom|77/100\n|\n|-heal|p1b: Rillaboom|83/100|[from] Grassy Terrain\n|upkeep\n|\n|t:|1774925974\n|switch|p1a: Koraidon|Koraidon, L50, shiny|100/100\n|-weather|SunnyDay|[from] ability: Orichalcum Pulse|[of] p1a: Koraidon\n|-activate|p1a: Koraidon|Orichalcum Pulse|[source]\n|turn|4\n|\n|t:|1774926000\n|switch|p2a: Calyrex|Calyrex-Ice, L50|100/100\n|-ability|p2a: Calyrex|As One\n|-ability|p2a: Calyrex|Unnerve\n|move|p2b: Landorus|Protect|p2b: Landorus\n|-singleturn|p2b: Landorus|Protect\n|move|p1b: Rillaboom|Fake Out|p2a: Calyrex\n|-damage|p2a: Calyrex|93/100\n|move|p1a: Koraidon|Low Kick|p2a: Calyrex\n|-damage|p2a: Calyrex|38/100\n|\n|-weather|SunnyDay|[upkeep]\n|-heal|p1b: Rillaboom|89/100|[from] Grassy Terrain\n|-heal|p2a: Calyrex|43/100|[from] Grassy Terrain\n|upkeep\n|turn|5\n|l| Biggs11\n|l| SmileYourOnTwitch\n|\n|t:|1774926032\n|move|p1a: Koraidon|Protect|p1a: Koraidon\n|-singleturn|p1a: Koraidon|Protect\n|move|p2a: Calyrex|Protect|p2a: Calyrex\n|-singleturn|p2a: Calyrex|Protect\n|move|p2b: Landorus|Sandsear Storm|p1b: Rillaboom|[spread] p1b\n|-activate|p1a: Koraidon|move: Protect\n|-resisted|p1b: Rillaboom\n|-crit|p1b: Rillaboom\n|-damage|p1b: Rillaboom|62/100\n|move|p1b: Rillaboom|Wood Hammer|p2b: Landorus\n|-damage|p2b: Landorus|33/100\n|-damage|p1b: Rillaboom|41/100|[from] Recoil\n|\n|-weather|SunnyDay|[upkeep]\n|-heal|p1b: Rillaboom|47/100|[from] Grassy Terrain\n|-heal|p2a: Calyrex|49/100|[from] Grassy Terrain\n|-sideend|p2: Dragonbunsu|move: Light Screen\n|upkeep\n|turn|6\n|\n|t:|1774926061\n|-terastallize|p2a: Calyrex|Fire\n|move|p1b: Rillaboom|Grassy Glide|p2b: Landorus\n|-damage|p2b: Landorus|0 fnt\n|faint|p2b: Landorus\n|move|p1a: Koraidon|Low Kick|p2a: Calyrex\n|-damage|p2a: Calyrex|0 fnt\n|faint|p2a: Calyrex\n|\n|-weather|SunnyDay|[upkeep]\n|-heal|p1b: Rillaboom|52/100|[from] Grassy Terrain\n|upkeep\n|\n|t:|1774926076\n|switch|p2a: Miraidon|Miraidon, L50, shiny|100/100\n|-fieldstart|move: Electric Terrain|[from] ability: Hadron Engine|[of] p2a: Miraidon\n|turn|7\n|-message|Dragonbunsu forfeited.\n|\n|win|Billlmads\n|n|\u2606Billlmads|billlmads\n|n|\u2606Dragonbunsu|dragonbunsu\n|n| knoxxzeta|knoxxzeta\n","uploadtime":1774926093,"views":7,"formatid":"gen9vgc2026regi","rating":null,"private":0,"password":null}