{"id":"gen9vgc2026regi-2561669424","format":"[Gen 9] VGC 2026 Reg I","players":["Hazweioh","lovelyshow"],"log":"|j|\u2606Hazweioh\n|j|\u2606lovelyshow\n|t:|1773830551\n|gametype|doubles\n|player|p1|Hazweioh|1|1205\n|player|p2|lovelyshow|pokekid|1235\n|gen|9\n|tier|[Gen 9] VGC 2026 Reg I\n|rated|\n|rule|Species Clause: Limit one of each Pok\u00e9mon\n|rule|Item Clause: Limit 1 of each item\n|clearpoke\n|poke|p1|Koraidon, L50|\n|poke|p1|Raging Bolt, L50|\n|poke|p1|Ho-Oh, L50|\n|poke|p1|Iron Treads, L50|\n|poke|p1|Incineroar, L50, M|\n|poke|p1|Flutter Mane, L50|\n|poke|p2|Calyrex-Shadow, L50|\n|poke|p2|Kleavor, L50, M|\n|poke|p2|Amoonguss, L50, F|\n|poke|p2|Indeedee-F, L50, F|\n|poke|p2|Koraidon, L50|\n|poke|p2|Flutter Mane, L50|\n|teampreview|4\n|inactive|Battle timer is ON: inactive players will automatically lose when time's up. (requested by lovelyshow)\n|\n|t:|1773830585\n|teamsize|p1|4\n|teamsize|p2|4\n|start\n|switch|p1a: Flutter Mane|Flutter Mane, L50|100/100\n|switch|p1b: Incineroar|Incineroar, L50, M|100/100\n|switch|p2a: Kleavor|Kleavor, L50, M, shiny|100/100\n|switch|p2b: Flutter Mane|Flutter Mane, L50, shiny|100/100\n|-ability|p1b: Incineroar|Intimidate|boost\n|-unboost|p2a: Kleavor|atk|1\n|-unboost|p2b: Flutter Mane|atk|1\n|-enditem|p2b: Flutter Mane|Booster Energy\n|-activate|p2b: Flutter Mane|ability: Protosynthesis|[fromitem]\n|-start|p2b: Flutter Mane|protosynthesisspe\n|turn|1\n|inactive|Hazweioh has 30 seconds left.\n|inactive|lovelyshow has 30 seconds left.\n|inactive|Hazweioh has 20 seconds left.\n|inactive|lovelyshow has 20 seconds left.\n|inactive|Hazweioh has 15 seconds left.\n|inactive|lovelyshow has 15 seconds left.\n|inactive|lovelyshow has 10 seconds left.\n|\n|t:|1773830632\n|switch|p2a: Calyrex|Calyrex-Shadow, L50|100/100\n|-ability|p2a: Calyrex|As One\n|-ability|p2a: Calyrex|Unnerve\n|move|p1b: Incineroar|Fake Out|p2a: Calyrex\n|-immune|p2a: Calyrex\n|move|p2b: Flutter Mane|Shadow Ball|p1a: Flutter Mane\n|-supereffective|p1a: Flutter Mane\n|-damage|p1a: Flutter Mane|12/100\n|move|p1a: Flutter Mane|Icy Wind|p2a: Calyrex|[spread] p2a,p2b\n|-damage|p2a: Calyrex|86/100\n|-damage|p2b: Flutter Mane|85/100\n|-unboost|p2a: Calyrex|spe|1\n|-unboost|p2b: Flutter Mane|spe|1\n|\n|upkeep\n|turn|2\n|\n|t:|1773830655\n|switch|p2a: Kleavor|Kleavor, L50, M, shiny|100/100\n|move|p1a: Flutter Mane|Icy Wind|p2a: Kleavor|[spread] p2a,p2b\n|-damage|p2a: Kleavor|75/100\n|-damage|p2b: Flutter Mane|70/100\n|-unboost|p2a: Kleavor|spe|1\n|-unboost|p2b: Flutter Mane|spe|1\n|move|p2b: Flutter Mane|Dazzling Gleam|p1a: Flutter Mane|[spread] p1a,p1b\n|-damage|p1a: Flutter Mane|0 fnt\n|-damage|p1b: Incineroar|71/100\n|faint|p1a: Flutter Mane\n|-end|p1a: Flutter Mane|Protosynthesis|[silent]\n|move|p1b: Incineroar|Knock Off|p2a: Kleavor\n|-damage|p2a: Kleavor|29/100\n|-enditem|p2a: Kleavor|Choice Scarf|[from] move: Knock Off|[of] p1b: Incineroar\n|\n|upkeep\n|\n|t:|1773830675\n|switch|p1a: Koraidon|Koraidon, L50|100/100\n|-weather|SunnyDay|[from] ability: Orichalcum Pulse|[of] p1a: Koraidon\n|-activate|p1a: Koraidon|Orichalcum Pulse|[source]\n|turn|3\n|\n|t:|1773830685\n|-terastallize|p1a: Koraidon|Fire\n|move|p2b: Flutter Mane|Protect|p2b: Flutter Mane\n|-singleturn|p2b: Flutter Mane|Protect\n|move|p1a: Koraidon|Scale Shot|p2a: Kleavor\n|-damage|p2a: Kleavor|6/100\n|-damage|p2a: Kleavor|0 fnt\n|faint|p2a: Kleavor\n|-hitcount|p2: Kleavor|2\n|-unboost|p1a: Koraidon|def|1\n|-boost|p1a: Koraidon|spe|1\n|move|p1b: Incineroar|Parting Shot|p2b: Flutter Mane\n|-activate|p2b: Flutter Mane|move: Protect\n|\n|-weather|SunnyDay|[upkeep]\n|upkeep\n|\n|t:|1773830702\n|switch|p2a: Amoonguss|Amoonguss, L50, F, shiny|100/100\n|turn|4\n|\n|t:|1773830719\n|move|p1a: Koraidon|Flare Blitz|p2b: Flutter Mane\n|-damage|p2b: Flutter Mane|0 fnt\n|faint|p2b: Flutter Mane\n|-end|p2b: Flutter Mane|Protosynthesis|[silent]\n|-damage|p1a: Koraidon|83/100|[from] Recoil\n|move|p1b: Incineroar|Knock Off|p2a: Amoonguss\n|-damage|p2a: Amoonguss|56/100\n|-enditem|p2a: Amoonguss|Sitrus Berry|[from] move: Knock Off|[of] p1b: Incineroar\n|move|p2a: Amoonguss|Spore|p1a: Koraidon\n|-status|p1a: Koraidon|slp|[from] move: Spore\n|\n|-weather|SunnyDay|[upkeep]\n|upkeep\n|\n|t:|1773830732\n|switch|p2b: Calyrex|Calyrex-Shadow, L50|86/100\n|-ability|p2b: Calyrex|As One\n|-ability|p2b: Calyrex|Unnerve\n|turn|5\n|\n|t:|1773830744\n|-terastallize|p2a: Amoonguss|Water\n|move|p2b: Calyrex|Protect|p2b: Calyrex\n|-singleturn|p2b: Calyrex|Protect\n|cant|p1a: Koraidon|slp\n|move|p1b: Incineroar|Parting Shot|p2b: Calyrex\n|-activate|p2b: Calyrex|move: Protect\n|move|p2a: Amoonguss|Spore|p1b: Incineroar\n|-status|p1b: Incineroar|slp|[from] move: Spore\n|\n|-weather|SunnyDay|[upkeep]\n|upkeep\n|turn|6\n|\n|t:|1773830763\n|move|p2a: Amoonguss|Rage Powder|p2a: Amoonguss\n|-singleturn|p2a: Amoonguss|move: Rage Powder\n|cant|p1a: Koraidon|slp\n|move|p2b: Calyrex|Astral Barrage|p1b: Incineroar|[spread] p1a,p1b\n|-resisted|p1b: Incineroar\n|-damage|p1a: Koraidon|25/100 slp\n|-damage|p1b: Incineroar|47/100 slp\n|cant|p1b: Incineroar|slp\n|\n|-weather|SunnyDay|[upkeep]\n|upkeep\n|turn|7\n|inactive|Hazweioh has 30 seconds left.\n|\n|t:|1773830789\n|-curestatus|p1a: Koraidon|slp|[msg]\n|move|p1a: Koraidon|Protect|p1a: Koraidon\n|-singleturn|p1a: Koraidon|Protect\n|move|p2a: Amoonguss|Rage Powder|p2a: Amoonguss\n|-singleturn|p2a: Amoonguss|move: Rage Powder\n|move|p2b: Calyrex|Astral Barrage|p1b: Incineroar|[spread] p1b\n|-activate|p1a: Koraidon|move: Protect\n|-resisted|p1b: Incineroar\n|-damage|p1b: Incineroar|21/100 slp\n|cant|p1b: Incineroar|slp\n|\n|-weather|none\n|upkeep\n|turn|8\n|\n|t:|1773830808\n|move|p1a: Koraidon|Protect||[still]\n|-fail|p1a: Koraidon\n|move|p2a: Amoonguss|Rage Powder|p2a: Amoonguss\n|-singleturn|p2a: Amoonguss|move: Rage Powder\n|move|p2b: Calyrex|Astral Barrage|p1a: Koraidon|[spread] p1a,p1b\n|-resisted|p1b: Incineroar\n|-damage|p1a: Koraidon|0 fnt\n|-damage|p1b: Incineroar|0 fnt\n|faint|p1a: Koraidon\n|faint|p1b: Incineroar\n|-ability|p2b: Calyrex|Grim Neigh|boost\n|-boost|p2b: Calyrex|spa|2\n|\n|upkeep\n|\n|t:|1773830820\n|switch|p1b: Ho-Oh|Ho-Oh, L50|100/100\n|turn|9\n|\n|t:|1773830827\n|move|p2b: Calyrex|Astral Barrage|p1b: Ho-Oh\n|-damage|p1b: Ho-Oh|13/100\n|move|p1b: Ho-Oh|Sacred Fire|p2b: Calyrex\n|-damage|p2b: Calyrex|27/100\n|move|p2a: Amoonguss|Spore|p1b: Ho-Oh\n|-status|p1b: Ho-Oh|slp|[from] move: Spore\n|\n|upkeep\n|turn|10\n|c|\u2606Hazweioh|Gg\n|\n|t:|1773830841\n|move|p2b: Calyrex|Protect|p2b: Calyrex\n|-singleturn|p2b: Calyrex|Protect\n|cant|p1b: Ho-Oh|slp\n|move|p2a: Amoonguss|Foul Play|p1b: Ho-Oh\n|-damage|p1b: Ho-Oh|0 fnt\n|faint|p1b: Ho-Oh\n|\n|win|lovelyshow\n|raw|Hazweioh's rating: 1205 &rarr; <strong>1182</strong><br />(-23 for losing)\n|raw|lovelyshow's rating: 1235 &rarr; <strong>1258</strong><br />(+23 for winning)\n|l|\u2606Hazweioh\n|player|p1|\n|l|\u2606lovelyshow\n|player|p2|\n","uploadtime":1773831072,"views":10,"formatid":"gen9vgc2026regi","rating":1182,"private":0,"password":null}