{"id":"gen9vgc2026regi-2586539555","format":"[Gen 9] VGC 2026 Reg I","players":["temeister","TheNamesBetty"],"log":"|j|\u2606temeister\n|j|\u2606TheNamesBetty\n|t:|1776441647\n|gametype|doubles\n|player|p1|temeister|266|1341\n|player|p2|TheNamesBetty|koga|1419\n|gen|9\n|tier|[Gen 9] VGC 2026 Reg I\n|rated|\n|rule|Species Clause: Limit one of each Pok\u00e9mon\n|rule|Item Clause: Limit 1 of each item\n|clearpoke\n|poke|p1|Calyrex-Ice, L50|\n|poke|p1|Palkia, L50|\n|poke|p1|Urshifu-*, L50, M|\n|poke|p1|Hatterene, L50, F|\n|poke|p1|Indeedee-F, L50, F|\n|poke|p1|Rhyperior, L50, F|\n|poke|p2|Calyrex-Ice, L50|\n|poke|p2|Iron Hands, L50|\n|poke|p2|Miraidon, L50|\n|poke|p2|Farigiraf, L50, F|\n|poke|p2|Ursaluna, L50, M|\n|poke|p2|Chi-Yu, L50|\n|teampreview|4\n|inactive|Battle timer is ON: inactive players will automatically lose when time's up. (requested by TheNamesBetty)\n|inactive|temeister has 60 seconds left.\n|inactive|temeister has 30 seconds left.\n|inactive|temeister has 20 seconds left.\n|inactive|temeister has 15 seconds left.\n|inactive|temeister has 10 seconds left.\n|inactive|temeister has 5 seconds left.\n|\n|t:|1776441880\n|teamsize|p1|4\n|teamsize|p2|4\n|start\n|switch|p1a: Calyrex|Calyrex-Ice, L50|100/100\n|switch|p1b: Palkia|Palkia, L50|100/100\n|switch|p2a: DvaRychl\u00fdVlaky|Iron Hands, L50|100/100\n|switch|p2b: Leviooosa|Chi-Yu, L50|100/100\n|-ability|p1a: Calyrex|As One\n|-ability|p1a: Calyrex|Unnerve\n|-ability|p2b: Leviooosa|Beads of Ruin\n|-ability|p1b: Palkia|Pressure\n|turn|1\n|inactive|temeister has 30 seconds left.\n|inactive|TheNamesBetty has 30 seconds left.\n|inactive|temeister has 20 seconds left.\n|inactive|TheNamesBetty has 20 seconds left.\n|inactive|temeister has 15 seconds left.\n|inactive|TheNamesBetty has 15 seconds left.\n|inactive|temeister has 10 seconds left.\n|\n|t:|1776441930\n|move|p1a: Calyrex|Protect|p1a: Calyrex\n|-singleturn|p1a: Calyrex|Protect\n|move|p2b: Leviooosa|Heat Wave|p1b: Palkia|[spread] p1b\n|-activate|p1a: Calyrex|move: Protect\n|-resisted|p1b: Palkia\n|-damage|p1b: Palkia|91/100\n|move|p2a: DvaRychl\u00fdVlaky|Drain Punch|p1a: Calyrex\n|-activate|p1a: Calyrex|move: Protect\n|move|p1b: Palkia|Trick Room|p1b: Palkia\n|-fieldstart|move: Trick Room|[of] p1b: Palkia\n|\n|upkeep\n|turn|2\n|inactive|TheNamesBetty has 30 seconds left.\n|\n|t:|1776441957\n|switch|p2b: Vlakem Na Kol\u00edn|Calyrex-Ice, L50|100/100\n|-ability|p2b: Vlakem Na Kol\u00edn|As One\n|-ability|p2b: Vlakem Na Kol\u00edn|Unnerve\n|-terastallize|p1a: Calyrex|Fire\n|move|p2a: DvaRychl\u00fdVlaky|Drain Punch|p1a: Calyrex\n|-damage|p1a: Calyrex|74/100\n|move|p1a: Calyrex|High Horsepower|p2a: DvaRychl\u00fdVlaky\n|-supereffective|p2a: DvaRychl\u00fdVlaky\n|-damage|p2a: DvaRychl\u00fdVlaky|43/100\n|move|p1b: Palkia|Spacial Rend|p2a: DvaRychl\u00fdVlaky\n|-damage|p2a: DvaRychl\u00fdVlaky|7/100\n|\n|upkeep\n|turn|3\n|inactive|temeister has 30 seconds left.\n|inactive|TheNamesBetty has 30 seconds left.\n|\n|t:|1776441985\n|switch|p1b: Urshifu|Urshifu-Rapid-Strike, L50, M|100/100\n|move|p1a: Calyrex|Glacial Lance|p2a: DvaRychl\u00fdVlaky|[spread] p2a,p2b\n|-resisted|p2b: Vlakem Na Kol\u00edn\n|-damage|p2a: DvaRychl\u00fdVlaky|0 fnt\n|-damage|p2b: Vlakem Na Kol\u00edn|86/100\n|faint|p2a: DvaRychl\u00fdVlaky\n|-end|p2a: DvaRychl\u00fdVlaky|Quark Drive|[silent]\n|-ability|p1a: Calyrex|Chilling Neigh|boost\n|-boost|p1a: Calyrex|atk|1\n|move|p2b: Vlakem Na Kol\u00edn|Glacial Lance|p1a: Calyrex|[spread] p1a,p1b\n|-resisted|p1a: Calyrex\n|-resisted|p1b: Urshifu\n|-damage|p1a: Calyrex|60/100\n|-damage|p1b: Urshifu|78/100\n|\n|upkeep\n|\n|t:|1776441990\n|switch|p2a: RockovejVlak|Ursaluna, L50, M|100/100\n|turn|4\n|\n|t:|1776442001\n|move|p2b: Vlakem Na Kol\u00edn|Protect|p2b: Vlakem Na Kol\u00edn\n|-singleturn|p2b: Vlakem Na Kol\u00edn|Protect\n|move|p1a: Calyrex|Glacial Lance|p2a: RockovejVlak|[spread] p2a\n|-activate|p2b: Vlakem Na Kol\u00edn|move: Protect\n|-supereffective|p2a: RockovejVlak\n|-damage|p2a: RockovejVlak|0 fnt\n|faint|p2a: RockovejVlak\n|-ability|p1a: Calyrex|Chilling Neigh|boost\n|-boost|p1a: Calyrex|atk|1\n|move|p1b: Urshifu|Surging Strikes|p2b: Vlakem Na Kol\u00edn\n|-crit|p2b: Vlakem Na Kol\u00edn\n|-damage|p2b: Vlakem Na Kol\u00edn|70/100\n|-crit|p2b: Vlakem Na Kol\u00edn\n|-damage|p2b: Vlakem Na Kol\u00edn|53/100\n|-crit|p2b: Vlakem Na Kol\u00edn\n|-damage|p2b: Vlakem Na Kol\u00edn|37/100\n|-hitcount|p2b: Vlakem Na Kol\u00edn|3\n|\n|upkeep\n|c|\u2606TheNamesBetty|Two speed ties in a row :(\n|\n|t:|1776442018\n|switch|p2a: Leviooosa|Chi-Yu, L50|100/100\n|-ability|p2a: Leviooosa|Beads of Ruin\n|turn|5\n|c|\u2606temeister|you won the first one so\n|c|\u2606TheNamesBetty|Gg then\n|c|\u2606temeister|i dont feel bad lol\n|c|\u2606temeister|gg\n|inactive|TheNamesBetty has 30 seconds left.\n|c|\u2606TheNamesBetty|You mean the only one that didn't matter?\n|inactive|TheNamesBetty has 20 seconds left.\n|\n|t:|1776442054\n|move|p1a: Calyrex|Glacial Lance|p2b: Vlakem Na Kol\u00edn|[spread] p2a,p2b\n|-resisted|p2a: Leviooosa\n|-resisted|p2b: Vlakem Na Kol\u00edn\n|-damage|p2a: Leviooosa|9/100\n|-damage|p2b: Vlakem Na Kol\u00edn|8/100\n|move|p2b: Vlakem Na Kol\u00edn|High Horsepower|p1a: Calyrex\n|-supereffective|p1a: Calyrex\n|-damage|p1a: Calyrex|19/100\n|move|p1b: Urshifu|Surging Strikes|p2a: Leviooosa\n|-supereffective|p2a: Leviooosa\n|-crit|p2a: Leviooosa\n|-damage|p2a: Leviooosa|0 fnt\n|faint|p2a: Leviooosa\n|-hitcount|p2: Leviooosa|1\n|\n|-fieldend|move: Trick Room\n|upkeep\n|turn|6\n|c|\u2606temeister|I didn't even select my mons LOL\n|c|\u2606temeister|bro this start was AWFUL for me\n|c|\u2606TheNamesBetty|That's true!\n|c|\u2606TheNamesBetty|You did really well\n|inactive|TheNamesBetty has 30 seconds left.\n|\n|t:|1776442081\n|move|p1a: Calyrex|Protect|p1a: Calyrex\n|-singleturn|p1a: Calyrex|Protect\n|move|p1b: Urshifu|Surging Strikes|p2b: Vlakem Na Kol\u00edn\n|-crit|p2b: Vlakem Na Kol\u00edn\n|-damage|p2b: Vlakem Na Kol\u00edn|0 fnt\n|faint|p2b: Vlakem Na Kol\u00edn\n|-hitcount|p2: Vlakem Na Kol\u00edn|1\n|\n|win|temeister\n|raw|temeister's rating: 1341 &rarr; <strong>1365</strong><br />(+24 for winning)\n|raw|TheNamesBetty's rating: 1419 &rarr; <strong>1395</strong><br />(-24 for losing)\n|c|\u2606temeister|trying to work and play is hard lol\n|c|\u2606temeister|ggs\n|l|\u2606TheNamesBetty\n|player|p2|\n|l|\u2606temeister\n|player|p1|\n","uploadtime":1776442306,"views":13,"formatid":"gen9vgc2026regi","rating":1365,"private":0,"password":null}