{"id":"gen9vgc2026regi-2561707220","format":"[Gen 9] VGC 2026 Reg I","players":["randomcatffr","slimeslatt252"],"log":"|j|\u2606randomcatffr\n|j|\u2606slimeslatt252\n|t:|1773835366\n|gametype|doubles\n|player|p1|randomcatffr|bugcatcher-gen4dp|1403\n|player|p2|slimeslatt252|101|1443\n|gen|9\n|tier|[Gen 9] VGC 2026 Reg I\n|rated|\n|rule|Species Clause: Limit one of each Pok\u00e9mon\n|rule|Item Clause: Limit 1 of each item\n|clearpoke\n|poke|p1|Zamazenta-*, L50|\n|poke|p1|Miraidon, L50|\n|poke|p1|Farigiraf, L50, F|\n|poke|p1|Volcarona, L50, F|\n|poke|p1|Whimsicott, L50, F|\n|poke|p1|Incineroar, L50, F|\n|poke|p2|Calyrex-Shadow, L50|\n|poke|p2|Koraidon, L50|\n|poke|p2|Incineroar, L50, M|\n|poke|p2|Raging Bolt, L50|\n|poke|p2|Brute Bonnet, L50|\n|poke|p2|Landorus, L50, M|\n|teampreview|4\n|inactive|Battle timer is ON: inactive players will automatically lose when time's up. (requested by slimeslatt252)\n|inactive|randomcatffr has 60 seconds left.\nslimeslatt252 rejected open team sheets.\n|inactive|randomcatffr has 30 seconds left.\n|\n|t:|1773835434\n|teamsize|p1|4\n|teamsize|p2|4\n|start\n|switch|p1a: Volcarona|Volcarona, L50, F|100/100\n|switch|p1b: Incineroar|Incineroar, L50, F|100/100\n|switch|p2a: Calyrex|Calyrex-Shadow, L50|100/100\n|switch|p2b: Koraidon|Koraidon, L50|100/100\n|-ability|p2a: Calyrex|As One\n|-ability|p2a: Calyrex|Unnerve\n|-weather|SunnyDay|[from] ability: Orichalcum Pulse|[of] p2b: Koraidon\n|-activate|p2b: Koraidon|Orichalcum Pulse|[source]\n|-ability|p1b: Incineroar|Intimidate|boost\n|-unboost|p2a: Calyrex|atk|1\n|-fail|p2b: Koraidon|unboost|[from] item: Clear Amulet|[of] p2b: Koraidon\n|turn|1\n|\n|t:|1773835441\n|-terastallize|p2a: Calyrex|Ghost\n|move|p1b: Incineroar|Fake Out|p2b: Koraidon\n|-damage|p2b: Koraidon|92/100\n|move|p2a: Calyrex|Astral Barrage|p1a: Volcarona|[spread] p1a,p1b\n|-resisted|p1b: Incineroar\n|-damage|p1a: Volcarona|37/100\n|-damage|p1b: Incineroar|63/100\n|cant|p2b: Koraidon|flinch\n|move|p1a: Volcarona|Quiver Dance|p1a: Volcarona\n|-boost|p1a: Volcarona|spa|1\n|-boost|p1a: Volcarona|spd|1\n|-boost|p1a: Volcarona|spe|1\n|\n|-weather|SunnyDay|[upkeep]\n|-heal|p1a: Volcarona|43/100|[from] item: Leftovers\n|upkeep\n|turn|2\n|inactive|randomcatffr has 30 seconds left.\n|inactive|slimeslatt252 has 30 seconds left.\n|\n|t:|1773835470\n|move|p1a: Volcarona|Protect|p1a: Volcarona\n|-singleturn|p1a: Volcarona|Protect\n|move|p2a: Calyrex|Astral Barrage|p1a: Volcarona|[spread] p1b\n|-activate|p1a: Volcarona|move: Protect\n|-resisted|p1b: Incineroar\n|-damage|p1b: Incineroar|28/100\n|move|p2b: Koraidon|Collision Course|p1b: Incineroar\n|-supereffective|p1b: Incineroar\n|-damage|p1b: Incineroar|0 fnt\n|-damage|p2b: Koraidon|76/100|[from] item: Rocky Helmet|[of] p1b: Incineroar\n|faint|p1b: Incineroar\n|\n|-weather|SunnyDay|[upkeep]\n|-heal|p1a: Volcarona|49/100|[from] item: Leftovers\n|upkeep\n|\n|t:|1773835488\n|switch|p1b: Farigiraf|Farigiraf, L50, F|100/100\n|turn|3\n|\n|t:|1773835510\n|move|p2a: Calyrex|Protect|p2a: Calyrex\n|-singleturn|p2a: Calyrex|Protect\n|move|p2b: Koraidon|Flare Blitz|p1a: Volcarona\n|-damage|p1a: Volcarona|0 fnt\n|-status|p2b: Koraidon|brn|[from] ability: Flame Body|[of] p1a: Volcarona\n|faint|p1a: Volcarona\n|-damage|p2b: Koraidon|60/100 brn|[from] Recoil\n|move|p1b: Farigiraf|Psychic|p2b: Koraidon\n|-supereffective|p2b: Koraidon\n|-damage|p2b: Koraidon|3/100 brn\n|\n|-weather|SunnyDay|[upkeep]\n|-damage|p2b: Koraidon|0 fnt|[from] brn\n|faint|p2b: Koraidon\n|upkeep\n|\n|t:|1773835517\n|switch|p2b: Landorus|Landorus, L50, M|100/100\n|switch|p1a: Miraidon|Miraidon, L50|100/100\n|-fieldstart|move: Electric Terrain|[from] ability: Hadron Engine|[of] p1a: Miraidon\n|-enditem|p1b: Farigiraf|Electric Seed\n|-boost|p1b: Farigiraf|def|1|[from] item: Electric Seed\n|turn|4\n|\n|t:|1773835531\n|move|p2b: Landorus|Protect|p2b: Landorus\n|-singleturn|p2b: Landorus|Protect\n|move|p2a: Calyrex|Astral Barrage|p1a: Miraidon|[spread] p1a\n|-immune|p1b: Farigiraf\n|-crit|p1a: Miraidon\n|-damage|p1a: Miraidon|36/100\n|move|p1a: Miraidon|Draco Meteor|p2b: Landorus\n|-activate|p2b: Landorus|move: Protect\n|move|p1b: Farigiraf|Foul Play|p2a: Calyrex\n|-supereffective|p2a: Calyrex\n|-damage|p2a: Calyrex|78/100\n|\n|-weather|SunnyDay|[upkeep]\n|upkeep\n|turn|5\n|-message|randomcatffr forfeited.\n|\n|win|slimeslatt252\n|raw|randomcatffr's rating: 1403 &rarr; <strong>1385</strong><br />(-18 for losing)\n|raw|slimeslatt252's rating: 1443 &rarr; <strong>1461</strong><br />(+18 for winning)\n|l|\u2606randomcatffr\n|player|p1|\n","uploadtime":1773835759,"views":19,"formatid":"gen9vgc2026regi","rating":1385,"private":0,"password":null}