{"id":"gen9vgc2026regi-2588858033","format":"[Gen 9] VGC 2026 Reg I","players":["dodatid2","jj11j1"],"log":"|j|\u2606dodatid2\n|j|\u2606jj11j1\n|t:|1776679291\n|gametype|doubles\n|player|p1|dodatid2|hiker-gen4|1356\n|player|p2|jj11j1|170|1499\n|gen|9\n|tier|[Gen 9] VGC 2026 Reg I\n|rated|\n|rule|Species Clause: Limit one of each Pok\u00e9mon\n|rule|Item Clause: Limit 1 of each item\n|clearpoke\n|poke|p1|Shiftry, L50, M|\n|poke|p1|Whimsicott, L50, F|\n|poke|p1|Zamazenta-*, L50|\n|poke|p1|Calyrex-Ice, L50|\n|poke|p1|Urshifu-*, L50, F|\n|poke|p1|Incineroar, L50, M|\n|poke|p2|Ho-Oh, L50|\n|poke|p2|Calyrex-Ice, L50|\n|poke|p2|Overqwil, L50, M|\n|poke|p2|Ting-Lu, L50|\n|poke|p2|Rillaboom, L50, F|\n|poke|p2|Ogerpon-Wellspring, L50, F|\n|teampreview|4\n|inactive|Battle timer is ON: inactive players will automatically lose when time's up. (requested by dodatid2)\n|\n|t:|1776679315\n|teamsize|p1|4\n|teamsize|p2|4\n|start\n|switch|p1a: Shiftry|Shiftry, L50, M|100/100\n|switch|p1b: Whimsicott|Whimsicott, L50, F|100/100\n|switch|p2a: Overqwil|Overqwil, L50, M|100/100\n|switch|p2b: Ho-Oh|Ho-Oh, L50|100/100\n|-ability|p2a: Overqwil|Intimidate|boost\n|-fail|p1a: Shiftry|unboost|[from] item: Clear Amulet|[of] p1a: Shiftry\n|-unboost|p1b: Whimsicott|atk|1\n|turn|1\n|\n|t:|1776679335\n|move|p1a: Shiftry|Fake Out|p2b: Ho-Oh\n|-damage|p2b: Ho-Oh|92/100\n|-damage|p1a: Shiftry|84/100|[from] item: Rocky Helmet|[of] p2b: Ho-Oh\n|move|p1b: Whimsicott|Tailwind|p1b: Whimsicott\n|-sidestart|p1: dodatid2|move: Tailwind\n|-ability|p1a: Shiftry|Wind Rider|boost\n|-boost|p1a: Shiftry|atk|1\n|cant|p2b: Ho-Oh|flinch\n|move|p2a: Overqwil|Toxic Spikes|p1b: Whimsicott\n|-sidestart|p1: dodatid2|move: Toxic Spikes\n|\n|upkeep\n|turn|2\n|inactive|dodatid2 has 30 seconds left.\n|\n|t:|1776679362\n|-terastallize|p1a: Shiftry|Normal\n|move|p1b: Whimsicott|Helping Hand|p1a: Shiftry\n|-singleturn|p1a: Shiftry|Helping Hand|[of] p1b: Whimsicott\n|move|p1a: Shiftry|Explosion|p2b: Ho-Oh|[spread] p1b,p2a,p2b\n|-crit|p2b: Ho-Oh\n|-enditem|p1b: Whimsicott|Focus Sash\n|-damage|p1b: Whimsicott|1/100\n|-damage|p2a: Overqwil|0 fnt\n|-damage|p2b: Ho-Oh|0 fnt\n|faint|p1a: Shiftry\n|faint|p2a: Overqwil\n|faint|p2b: Ho-Oh\n|\n|upkeep\n|\n|t:|1776679376\n|switch|p1a: Calyrex|Calyrex-Ice, L50|100/100\n|switch|p2b: Ting-Lu|Ting-Lu, L50|100/100\n|switch|p2a: Calyrex|Calyrex-Ice, L50|100/100\n|-ability|p1a: Calyrex|As One\n|-ability|p1a: Calyrex|Unnerve\n|-ability|p2a: Calyrex|As One\n|-ability|p2a: Calyrex|Unnerve\n|-status|p1a: Calyrex|psn\n|-ability|p2b: Ting-Lu|Vessel of Ruin\n|turn|3\n|inactive|jj11j1 has 30 seconds left.\n|\n|t:|1776679409\n|-terastallize|p2b: Ting-Lu|Fire\n|move|p1b: Whimsicott|Endeavor|p2a: Calyrex\n|-damage|p2a: Calyrex|1/100\n|move|p1a: Calyrex|Glacial Lance|p2b: Ting-Lu|[spread] p2a,p2b\n|-resisted|p2a: Calyrex\n|-resisted|p2b: Ting-Lu\n|-damage|p2a: Calyrex|0 fnt\n|-damage|p2b: Ting-Lu|86/100\n|faint|p2a: Calyrex\n|-ability|p1a: Calyrex|Chilling Neigh|boost\n|-boost|p1a: Calyrex|atk|1\n|move|p2b: Ting-Lu|Stomping Tantrum|p1b: Whimsicott\n|-resisted|p1b: Whimsicott\n|-damage|p1b: Whimsicott|0 fnt\n|faint|p1b: Whimsicott\n|\n|-damage|p1a: Calyrex|88/100 psn|[from] psn\n|upkeep\n|\n|t:|1776679424\n|switch|p1b: Zamazenta|Zamazenta-Crowned, L50|100/100\n|-ability|p1b: Zamazenta|Dauntless Shield|boost\n|-boost|p1b: Zamazenta|def|1\n|turn|4\n|\n|t:|1776679435\n|move|p1b: Zamazenta|Iron Defense|p1b: Zamazenta\n|-boost|p1b: Zamazenta|def|2\n|move|p1a: Calyrex|High Horsepower|p2b: Ting-Lu\n|-supereffective|p2b: Ting-Lu\n|-damage|p2b: Ting-Lu|18/100\n|move|p2b: Ting-Lu|Stomping Tantrum|p1b: Zamazenta\n|-supereffective|p1b: Zamazenta\n|-crit|p1b: Zamazenta\n|-damage|p1b: Zamazenta|4/100\n|\n|-damage|p1a: Calyrex|75/100 psn|[from] psn\n|-sideend|p1: dodatid2|move: Tailwind\n|upkeep\n|turn|5\n|-message|jj11j1 forfeited.\n|\n|win|dodatid2\n|raw|dodatid2's rating: 1356 &rarr; <strong>1384</strong><br />(+28 for winning)\n|raw|jj11j1's rating: 1499 &rarr; <strong>1471</strong><br />(-28 for losing)\n|l|\u2606jj11j1\n|player|p2|\n|l|\u2606dodatid2\n|player|p1|\n","uploadtime":1776679684,"views":9,"formatid":"gen9vgc2026regi","rating":1384,"private":0,"password":null}