{"id":"gen9vgc2026regi-2564595221","format":"[Gen 9] VGC 2026 Reg I","players":["shecallmedada","chihouba6"],"log":"|j|\u2606shecallmedada\n|j|\u2606chihouba6\n|t:|1774171252\n|gametype|doubles\n|player|p1|shecallmedada|burglar-gen1rb|1319\n|player|p2|chihouba6|elesa|1314\n|gen|9\n|tier|[Gen 9] VGC 2026 Reg I\n|rated|\n|rule|Species Clause: Limit one of each Pok\u00e9mon\n|rule|Item Clause: Limit 1 of each item\n|clearpoke\n|poke|p1|Koraidon, L50|\n|poke|p1|Miraidon, L50|\n|poke|p1|Incineroar, L50, F|\n|poke|p1|Iron Bundle, L50|\n|poke|p1|Toxapex, L50, M|\n|poke|p1|Landorus, L50, M|\n|poke|p2|Groudon, L50|\n|poke|p2|Lunala, L50|\n|poke|p2|Smeargle, L50, F|\n|poke|p2|Dondozo, L50, F|\n|poke|p2|Tatsugiri-Droopy, L50, F|\n|poke|p2|Raging Bolt, L50|\n|teampreview|4\n|\n|t:|1774171306\n|teamsize|p1|4\n|teamsize|p2|4\n|start\n|switch|p1a: Iron Bundle|Iron Bundle, L50|100/100\n|switch|p1b: Miraidon|Miraidon, L50|100/100\n|switch|p2a: Groudon|Groudon, L50, shiny|100/100\n|switch|p2b: Raging Bolt|Raging Bolt, L50|100/100\n|-fieldstart|move: Electric Terrain|[from] ability: Hadron Engine|[of] p1b: Miraidon\n|-activate|p1a: Iron Bundle|ability: Quark Drive\n|-start|p1a: Iron Bundle|quarkdrivespe\n|-weather|SunnyDay|[from] ability: Drought|[of] p2a: Groudon\n|-activate|p2b: Raging Bolt|ability: Protosynthesis\n|-start|p2b: Raging Bolt|protosynthesisspa\n|turn|1\n|\n|t:|1774171340\n|-terastallize|p2b: Raging Bolt|Electric\n|move|p1a: Iron Bundle|Protect|p1a: Iron Bundle\n|-singleturn|p1a: Iron Bundle|Protect\n|move|p1b: Miraidon|Protect|p1b: Miraidon\n|-singleturn|p1b: Miraidon|Protect\n|move|p2a: Groudon|Protect|p2a: Groudon\n|-singleturn|p2a: Groudon|Protect\n|move|p2b: Raging Bolt|Thunderbolt|p1a: Iron Bundle\n|-activate|p1a: Iron Bundle|move: Protect\n|\n|-weather|SunnyDay|[upkeep]\n|upkeep\n|turn|2\n|\n|t:|1774171372\n|switch|p2a: Dondozo|Dondozo, L50, F, shiny|100/100\n|move|p1a: Iron Bundle|Encore||[still]\n|-fail|p1a: Iron Bundle\n|move|p1b: Miraidon|Draco Meteor|p2b: Raging Bolt\n|-damage|p2b: Raging Bolt|30/100\n|-unboost|p1b: Miraidon|spa|2\n|-damage|p1b: Miraidon|91/100|[from] item: Life Orb\n|move|p2b: Raging Bolt|Thunderbolt|p1a: Iron Bundle\n|-supereffective|p1a: Iron Bundle\n|-enditem|p1a: Iron Bundle|Focus Sash\n|-damage|p1a: Iron Bundle|1/100\n|\n|-weather|SunnyDay|[upkeep]\n|upkeep\n|turn|3\n|inactive|Battle timer is ON: inactive players will automatically lose when time's up. (requested by shecallmedada)\n|\n|t:|1774171418\n|move|p1a: Iron Bundle|Protect|p1a: Iron Bundle\n|-singleturn|p1a: Iron Bundle|Protect\n|move|p2a: Dondozo|Protect|p2a: Dondozo\n|-singleturn|p2a: Dondozo|Protect\n|move|p2b: Raging Bolt|Thunderclap||[still]\n|-fail|p2b: Raging Bolt\n|move|p1b: Miraidon|Volt Switch|p2a: Dondozo\n|-activate|p2a: Dondozo|move: Protect\n|\n|-weather|SunnyDay|[upkeep]\n|upkeep\n|turn|4\n|\n|t:|1774171436\n|switch|p2a: Groudon|Groudon, L50, shiny|100/100\n|move|p2b: Raging Bolt|Thunderclap||[still]\n|-fail|p2b: Raging Bolt\n|move|p1a: Iron Bundle|Encore||[still]\n|-fail|p1a: Iron Bundle\n|move|p1b: Miraidon|Draco Meteor|p2b: Raging Bolt\n|-damage|p2b: Raging Bolt|0 fnt\n|-unboost|p1b: Miraidon|spa|2\n|faint|p2b: Raging Bolt\n|-end|p2b: Raging Bolt|Protosynthesis|[silent]\n|-damage|p1b: Miraidon|81/100|[from] item: Life Orb\n|\n|-weather|SunnyDay|[upkeep]\n|upkeep\n|\n|t:|1774171457\n|switch|p2b: Dondozo|Dondozo, L50, F, shiny|100/100\n|turn|5\n|\n|t:|1774171468\n|switch|p1b: Incineroar|Incineroar, L50, F|100/100\n|-ability|p1b: Incineroar|Intimidate|boost\n|-fail|p2a: Groudon|unboost|[from] item: Clear Amulet|[of] p2a: Groudon\n|-unboost|p2b: Dondozo|atk|1\n|move|p1a: Iron Bundle|Protect|p1a: Iron Bundle\n|-singleturn|p1a: Iron Bundle|Protect\n|move|p2b: Dondozo|Protect|p2b: Dondozo\n|-singleturn|p2b: Dondozo|Protect\n|move|p2a: Groudon|Precipice Blades|p1a: Iron Bundle|[spread] p1b\n|-activate|p1a: Iron Bundle|move: Protect\n|-supereffective|p1b: Incineroar\n|-damage|p1b: Incineroar|12/100\n|\n|-weather|none\n|-fieldend|move: Electric Terrain\n|-end|p1a: Iron Bundle|Quark Drive\n|upkeep\n|turn|6\n|inactive|chihouba6 has 30 seconds left.\n|\n|t:|1774171500\n|switch|p2a: Tatsugiri|Tatsugiri-Droopy, L50, F, shiny|100/100\n|-activate|p2a: Tatsugiri|ability: Commander|[of] p2b: Dondozo\n|-boost|p2b: Dondozo|atk|2\n|-boost|p2b: Dondozo|spa|2\n|-boost|p2b: Dondozo|spe|2\n|-boost|p2b: Dondozo|def|2\n|-boost|p2b: Dondozo|spd|2\n|move|p1b: Incineroar|Fake Out|p2a: Tatsugiri|[miss]\n|-miss|p1b: Incineroar|p2a: Tatsugiri\n|move|p1a: Iron Bundle|Encore|p2b: Dondozo\n|-start|p2b: Dondozo|Encore\n|move|p2b: Dondozo|Protect||[still]\n|-fail|p2b: Dondozo\n|\n|upkeep\n|turn|7\n|\n|t:|1774171515\n|-end|p1a: Iron Bundle|Quark Drive|[silent]\n|switch|p1a: Miraidon|Miraidon, L50|81/100\n|-fieldstart|move: Electric Terrain|[from] ability: Hadron Engine|[of] p1a: Miraidon\n|move|p2b: Dondozo|Protect|p2b: Dondozo\n|-singleturn|p2b: Dondozo|Protect\n|move|p1b: Incineroar|U-turn|p2b: Dondozo\n|-activate|p2b: Dondozo|move: Protect\n|\n|upkeep\n|turn|8\n|\n|t:|1774171525\n|move|p2b: Dondozo|Protect||[still]\n|-fail|p2b: Dondozo\n|move|p1a: Miraidon|Electro Drift|p2b: Dondozo\n|-supereffective|p2b: Dondozo\n|-crit|p2b: Dondozo\n|-damage|p2b: Dondozo|0 fnt\n|faint|p2b: Dondozo\n|-damage|p1a: Miraidon|72/100|[from] item: Life Orb\n|move|p1b: Incineroar|U-turn|p2a: Tatsugiri\n|-damage|p2a: Tatsugiri|59/100\n|\n|t:|1774171542\n|switch|p1b: Iron Bundle|Iron Bundle, L50|1/100|[from] U-turn\n|-activate|p1b: Iron Bundle|ability: Quark Drive\n|-start|p1b: Iron Bundle|quarkdrivespe\n|\n|upkeep\n|\n|t:|1774171548\n|switch|p2b: Groudon|Groudon, L50, shiny|100/100\n|-weather|SunnyDay|[from] ability: Drought|[of] p2b: Groudon\n|turn|9\n|j| Jerald Jimes\n|\n|t:|1774171558\n|move|p1b: Iron Bundle|Protect|p1b: Iron Bundle\n|-singleturn|p1b: Iron Bundle|Protect\n|move|p1a: Miraidon|Protect|p1a: Miraidon\n|-singleturn|p1a: Miraidon|Protect\n|move|p2a: Tatsugiri|Draco Meteor|p1a: Miraidon\n|-activate|p1a: Miraidon|move: Protect\n|move|p2b: Groudon|Precipice Blades|p1b: Iron Bundle|[spread] \n|-activate|p1a: Miraidon|move: Protect\n|-activate|p1b: Iron Bundle|move: Protect\n|\n|-weather|SunnyDay|[upkeep]\n|upkeep\n|turn|10\n|inactive|shecallmedada has 30 seconds left.\n|inactive|shecallmedada has 20 seconds left.\n|\n|t:|1774171598\n|move|p1b: Iron Bundle|Ice Beam|p2b: Groudon\n|-supereffective|p2b: Groudon\n|-damage|p2b: Groudon|27/100\n|move|p1a: Miraidon|Draco Meteor|p2b: Groudon\n|-damage|p2b: Groudon|0 fnt\n|-unboost|p1a: Miraidon|spa|2\n|faint|p2b: Groudon\n|-damage|p1a: Miraidon|62/100|[from] item: Life Orb\n|move|p2a: Tatsugiri|Icy Wind|p1a: Miraidon|[spread] p1a,p1b\n|-supereffective|p1a: Miraidon\n|-resisted|p1b: Iron Bundle\n|-damage|p1a: Miraidon|37/100\n|-damage|p1b: Iron Bundle|0 fnt\n|-unboost|p1a: Miraidon|spe|1\n|faint|p1b: Iron Bundle\n|-end|p1b: Iron Bundle|Quark Drive|[silent]\n|\n|-weather|SunnyDay|[upkeep]\n|upkeep\n|\n|t:|1774171605\n|switch|p1b: Incineroar|Incineroar, L50, F|12/100\n|-ability|p1b: Incineroar|Intimidate|boost\n|-unboost|p2a: Tatsugiri|atk|1\n|turn|11\n|\n|t:|1774171619\n|switch|p1a: Toxapex|Toxapex, L50, M|100/100\n|move|p2a: Tatsugiri|Protect|p2a: Tatsugiri\n|-singleturn|p2a: Tatsugiri|Protect\n|move|p1b: Incineroar|Fake Out|p2a: Tatsugiri\n|-activate|p2a: Tatsugiri|move: Protect\n|\n|-weather|SunnyDay|[upkeep]\n|-fieldend|move: Electric Terrain\n|upkeep\n|turn|12\n|\n|t:|1774171634\n|move|p2a: Tatsugiri|Icy Wind|p1b: Incineroar|[spread] p1a,p1b\n|-resisted|p1a: Toxapex\n|-resisted|p1b: Incineroar\n|-damage|p1a: Toxapex|95/100\n|-damage|p1b: Incineroar|8/100\n|-unboost|p1a: Toxapex|spe|1\n|-unboost|p1b: Incineroar|spe|1\n|move|p1b: Incineroar|Knock Off|p2a: Tatsugiri\n|-damage|p2a: Tatsugiri|0 fnt\n|-enditem|p2a: Tatsugiri|Ability Shield|[from] move: Knock Off|[of] p1b: Incineroar\n|faint|p2a: Tatsugiri\n|\n|win|shecallmedada\n|raw|shecallmedada's rating: 1319 &rarr; <strong>1339</strong><br />(+20 for winning)\n|raw|chihouba6's rating: 1314 &rarr; <strong>1294</strong><br />(-20 for losing)\n|l|\u2606shecallmedada\n|player|p1|\n|l|\u2606chihouba6\n|player|p2|\n","uploadtime":1774171856,"views":13,"formatid":"gen9vgc2026regi","rating":1294,"private":0,"password":null}