{"id":"gen9vgc2026regi-2568870472","format":"[Gen 9] VGC 2026 Reg I","players":["ArisHazard","Rg89"],"log":"|j|\u2606ArisHazard\n|j|\u2606Rg89\n|t:|1774629463\n|gametype|doubles\n|player|p1|ArisHazard|170|1501\n|player|p2|Rg89|ghetsis|1420\n|gen|9\n|tier|[Gen 9] VGC 2026 Reg I\n|rated|\n|rule|Species Clause: Limit one of each Pok\u00e9mon\n|rule|Item Clause: Limit 1 of each item\n|clearpoke\n|poke|p1|Calyrex-Ice, L50|\n|poke|p1|Hitmontop, L50, M|\n|poke|p1|Miraidon, L50|\n|poke|p1|Sableye, L50, F|\n|poke|p1|Ting-Lu, L50|\n|poke|p1|Volcarona, L50, M|\n|poke|p2|Calyrex-Ice, L50|\n|poke|p2|Scraggy, L50, F|\n|poke|p2|Amoonguss, L50, F|\n|poke|p2|Miraidon, L50|\n|poke|p2|Iron Hands, L50|\n|poke|p2|Chi-Yu, L50|\n|teampreview|4\n|inactive|Battle timer is ON: inactive players will automatically lose when time's up. (requested by Rg89)\n|inactive|ArisHazard has 60 seconds left.\n|inactive|Rg89 has 60 seconds left.\n|\n|t:|1774629515\n|teamsize|p1|4\n|teamsize|p2|4\n|start\n|switch|p1a: Miraidon|Miraidon, L50|100/100\n|switch|p1b: Sableye|Sableye, L50, F|100/100\n|switch|p2a: Spicy Tuna Roll|Chi-Yu, L50|100/100\n|switch|p2b: Grok-cycle|Miraidon, L50|100/100\n|-ability|p2a: Spicy Tuna Roll|Beads of Ruin\n|-fieldstart|move: Electric Terrain|[from] ability: Hadron Engine|[of] p2b: Grok-cycle\n|-activate|p1a: Miraidon|ability: Hadron Engine\n|turn|1\n|\n|t:|1774629529\n|switch|p1a: Ting-Lu|Ting-Lu, L50|100/100\n|-ability|p1a: Ting-Lu|Vessel of Ruin\n|move|p1b: Sableye|Protect|p1b: Sableye\n|-singleturn|p1b: Sableye|Protect\n|move|p2a: Spicy Tuna Roll|Snarl|p1a: Ting-Lu|[spread] p1a\n|-activate|p1b: Sableye|move: Protect\n|-resisted|p1a: Ting-Lu\n|-damage|p1a: Ting-Lu|92/100\n|-unboost|p1a: Ting-Lu|spa|1\n|move|p2b: Grok-cycle|Volt Switch|p1b: Sableye\n|-activate|p1b: Sableye|move: Protect\n|\n|upkeep\n|turn|2\n|\n|t:|1774629549\n|switch|p2a: Crewmate|Amoonguss, L50, F|100/100\n|move|p1b: Sableye|Disable|p2b: Grok-cycle\n|-start|p2b: Grok-cycle|Disable|Volt Switch\n|cant|p2b: Grok-cycle|Disable|Volt Switch\n|move|p1a: Ting-Lu|Sand Tomb|p2b: Grok-cycle|[miss]\n|-miss|p1a: Ting-Lu|p2b: Grok-cycle\n|\n|upkeep\n|turn|3\n|inactive|Rg89 has 30 seconds left.\n|inactive|Rg89 has 20 seconds left.\n|\n|t:|1774629584\n|switch|p2b: Spicy Tuna Roll|Chi-Yu, L50|100/100\n|-ability|p2b: Spicy Tuna Roll|Beads of Ruin\n|move|p2a: Crewmate|Rage Powder|p2a: Crewmate\n|-singleturn|p2a: Crewmate|move: Rage Powder\n|move|p1b: Sableye|Foul Play|p2a: Crewmate\n|-damage|p2a: Crewmate|75/100\n|move|p1a: Ting-Lu|Ruination|p2a: Crewmate\n|-damage|p2a: Crewmate|38/100\n|-enditem|p2a: Crewmate|Sitrus Berry|[eat]\n|-heal|p2a: Crewmate|62/100|[from] item: Sitrus Berry\n|\n|upkeep\n|turn|4\n|inactive|Rg89 has 30 seconds left.\n|\n|t:|1774629610\n|switch|p2a: Grok-cycle|Miraidon, L50|100/100\n|-activate|p2a: Grok-cycle|ability: Hadron Engine\n|move|p1b: Sableye|Protect|p1b: Sableye\n|-singleturn|p1b: Sableye|Protect\n|move|p2b: Spicy Tuna Roll|Heat Wave|p1a: Ting-Lu|[spread] p1a\n|-activate|p1b: Sableye|move: Protect\n|-damage|p1a: Ting-Lu|63/100\n|move|p1a: Ting-Lu|Sand Tomb|p2b: Spicy Tuna Roll\n|-supereffective|p2b: Spicy Tuna Roll\n|-crit|p2b: Spicy Tuna Roll\n|-damage|p2b: Spicy Tuna Roll|25/100\n|-activate|p2b: Spicy Tuna Roll|move: Sand Tomb|[of] p1a: Ting-Lu\n|\n|-damage|p2b: Spicy Tuna Roll|13/100|[from] move: Sand Tomb|[partiallytrapped]\n|upkeep\n|turn|5\n|\n|t:|1774629632\n|switch|p1b: Miraidon|Miraidon, L50|100/100\n|-activate|p1b: Miraidon|ability: Hadron Engine\n|move|p1a: Ting-Lu|Protect|p1a: Ting-Lu\n|-singleturn|p1a: Ting-Lu|Protect\n|move|p2b: Spicy Tuna Roll|Heat Wave|p1a: Ting-Lu|[spread] p1b\n|-activate|p1a: Ting-Lu|move: Protect\n|-resisted|p1b: Miraidon\n|-damage|p1b: Miraidon|89/100\n|move|p2a: Grok-cycle|Volt Switch|p1b: Miraidon\n|-resisted|p1b: Miraidon\n|-crit|p1b: Miraidon\n|-damage|p1b: Miraidon|75/100\n|\n|t:|1774629645\n|switch|p2a: Crewmate|Amoonguss, L50, F|96/100|[from] Volt Switch\n|\n|-damage|p2b: Spicy Tuna Roll|0 fnt|[from] move: Sand Tomb|[partiallytrapped]\n|faint|p2b: Spicy Tuna Roll\n|-fieldend|move: Electric Terrain\n|upkeep\n|\n|t:|1774629650\n|switch|p2b: Vanilla Ice|Calyrex-Ice, L50|100/100\n|-ability|p2b: Vanilla Ice|As One\n|-ability|p2b: Vanilla Ice|Unnerve\n|turn|6\n|inactive|Rg89 has 30 seconds left.\n|\n|t:|1774629684\n|-terastallize|p1a: Ting-Lu|Poison\n|move|p1b: Miraidon|Volt Switch|p2a: Crewmate\n|-resisted|p2a: Crewmate\n|-damage|p2a: Crewmate|86/100\n|\n|t:|1774629694\n|switch|p1b: Calyrex|Calyrex-Ice, L50|100/100|[from] Volt Switch\n|-ability|p1b: Calyrex|As One\n|-ability|p1b: Calyrex|Unnerve\n|move|p1a: Ting-Lu|Ruination|p2b: Vanilla Ice\n|-damage|p2b: Vanilla Ice|51/100\n|move|p2b: Vanilla Ice|Glacial Lance|p1b: Calyrex|[spread] p1a,p1b\n|-crit|p1a: Ting-Lu\n|-resisted|p1b: Calyrex\n|-damage|p1a: Ting-Lu|28/100\n|-damage|p1b: Calyrex|85/100\n|move|p2a: Crewmate|Pollen Puff|p2b: Vanilla Ice\n|-heal|p2b: Vanilla Ice|100/100\n|\n|upkeep\n|turn|7\n|\n|t:|1774629715\n|-terastallize|p2a: Crewmate|Water\n|move|p1a: Ting-Lu|Ruination|p2a: Crewmate\n|-damage|p2a: Crewmate|43/100\n|move|p1b: Calyrex|Glacial Lance|p2b: Vanilla Ice|[spread] p2a,p2b\n|-resisted|p2a: Crewmate\n|-resisted|p2b: Vanilla Ice\n|-damage|p2a: Crewmate|14/100\n|-damage|p2b: Vanilla Ice|82/100\n|move|p2a: Crewmate|Spore|p1b: Calyrex\n|-status|p1b: Calyrex|slp|[from] move: Spore\n|move|p2b: Vanilla Ice|Trick Room|p2b: Vanilla Ice\n|-fieldstart|move: Trick Room|[of] p2b: Vanilla Ice\n|\n|upkeep\n|turn|8\n|\n|t:|1774629732\n|move|p1a: Ting-Lu|Protect|p1a: Ting-Lu\n|-singleturn|p1a: Ting-Lu|Protect\n|move|p2a: Crewmate|Pollen Puff|p2b: Vanilla Ice\n|-heal|p2b: Vanilla Ice|100/100\n|move|p2b: Vanilla Ice|Glacial Lance|p1a: Ting-Lu|[spread] p1b\n|-activate|p1a: Ting-Lu|move: Protect\n|-resisted|p1b: Calyrex\n|-damage|p1b: Calyrex|71/100 slp\n|cant|p1b: Calyrex|slp\n|\n|upkeep\n|turn|9\n|\n|t:|1774629746\n|move|p1a: Ting-Lu|Protect|p1a: Ting-Lu\n|-singleturn|p1a: Ting-Lu|Protect\n|move|p2a: Crewmate|Pollen Puff|p1b: Calyrex\n|-supereffective|p1b: Calyrex\n|-damage|p1b: Calyrex|53/100 slp\n|move|p2b: Vanilla Ice|Glacial Lance|p1a: Ting-Lu|[spread] p1b\n|-activate|p1a: Ting-Lu|move: Protect\n|-resisted|p1b: Calyrex\n|-damage|p1b: Calyrex|38/100 slp\n|-curestatus|p1b: Calyrex|slp|[msg]\n|move|p1b: Calyrex|Glacial Lance|p2a: Crewmate|[spread] p2a,p2b\n|-resisted|p2a: Crewmate\n|-resisted|p2b: Vanilla Ice\n|-damage|p2a: Crewmate|0 fnt\n|-damage|p2b: Vanilla Ice|82/100\n|faint|p2a: Crewmate\n|-ability|p1b: Calyrex|Chilling Neigh|boost\n|-boost|p1b: Calyrex|atk|1\n|\n|upkeep\n|\n|t:|1774629757\n|switch|p2a: Grok-cycle|Miraidon, L50|100/100\n|-fieldstart|move: Electric Terrain|[from] ability: Hadron Engine|[of] p2a: Grok-cycle\n|turn|10\n|\n|t:|1774629778\n|move|p1b: Calyrex|Protect|p1b: Calyrex\n|-singleturn|p1b: Calyrex|Protect\n|move|p2b: Vanilla Ice|High Horsepower|p1a: Ting-Lu\n|-supereffective|p1a: Ting-Lu\n|-damage|p1a: Ting-Lu|0 fnt\n|-damage|p2b: Vanilla Ice|65/100|[from] item: Rocky Helmet|[of] p1a: Ting-Lu\n|faint|p1a: Ting-Lu\n|-ability|p2b: Vanilla Ice|Chilling Neigh|boost\n|-boost|p2b: Vanilla Ice|atk|1\n|move|p2a: Grok-cycle|Electro Drift|p1b: Calyrex\n|-activate|p1b: Calyrex|move: Protect\n|\n|upkeep\n|\n|t:|1774629792\n|switch|p1a: Sableye|Sableye, L50, F|100/100\n|turn|11\n|\n|t:|1774629807\n|move|p1a: Sableye|Encore|p2b: Vanilla Ice\n|-start|p2b: Vanilla Ice|Encore\n|move|p2b: Vanilla Ice|High Horsepower|p1b: Calyrex\n|-damage|p1b: Calyrex|8/100\n|move|p1b: Calyrex|Glacial Lance|p2b: Vanilla Ice|[spread] p2a,p2b\n|-supereffective|p2a: Grok-cycle\n|-resisted|p2b: Vanilla Ice\n|-damage|p2a: Grok-cycle|0 fnt\n|-damage|p2b: Vanilla Ice|38/100\n|faint|p2a: Grok-cycle\n|-ability|p1b: Calyrex|Chilling Neigh|boost\n|-boost|p1b: Calyrex|atk|1\n|\n|-fieldend|move: Trick Room\n|upkeep\n|turn|12\n|-message|Rg89 forfeited.\n|\n|win|ArisHazard\n|raw|ArisHazard's rating: 1501 &rarr; <strong>1516</strong><br />(+15 for winning)\n|raw|Rg89's rating: 1420 &rarr; <strong>1405</strong><br />(-15 for losing)\n|l|\u2606Rg89\n|player|p2|\n|l|\u2606ArisHazard\n|player|p1|\n","uploadtime":1774629959,"views":12,"formatid":"gen9vgc2026regi","rating":1405,"private":0,"password":null}