{"id":"gen9vgc2026regi-2573308290","format":"[Gen 9] VGC 2026 Reg I","players":["MimikyuBot","SycrasisEU"],"log":"|j|\u2606MimikyuBot\n|j|\u2606SycrasisEU\n|t:|1775119445\n|gametype|doubles\n|player|p1|MimikyuBot|169|1095\n|player|p2|SycrasisEU|palmer|1219\n|gen|9\n|tier|[Gen 9] VGC 2026 Reg I\n|rated|\n|rule|Species Clause: Limit one of each Pok\u00e9mon\n|rule|Item Clause: Limit 1 of each item\n|clearpoke\n|poke|p1|Calyrex-Ice, L50|\n|poke|p1|Kyogre, L50|\n|poke|p1|Incineroar, L50, M|\n|poke|p1|Amoonguss, L50, M|\n|poke|p1|Farigiraf, L50, M|\n|poke|p1|Ursaluna-Bloodmoon, L50, M|\n|poke|p2|Koraidon, L50|\n|poke|p2|Brute Bonnet, L50|\n|poke|p2|Raging Bolt, L50|\n|poke|p2|Landorus, L50, M|\n|poke|p2|Solgaleo, L50|\n|poke|p2|Roaring Moon, L50|\n|teampreview|4\nMimikyuBot has agreed to open team sheets.\n|inactive|Battle timer is ON: inactive players will automatically lose when time's up. (requested by SycrasisEU)\nSycrasisEU has agreed to open team sheets.\n|showteam|p1|Calyrex-Ice||ClearAmulet|AsOneGlastrier|GlacialLance,HighHorsepower,TrickRoom,Protect||||||50|,,,,,Fire]Kyogre||MysticWater|Drizzle|OriginPulse,WaterSpout,IceBeam,Protect||||||50|,,,,,Water]Incineroar||SafetyGoggles|Intimidate|FakeOut,PartingShot,KnockOff,FlareBlitz|||M|||50|,,,,,Ghost]Amoonguss||RockyHelmet|Regenerator|Spore,RagePowder,PollenPuff,Protect|||M|||50|,,,,,Water]Farigiraf||ThroatSpray|ArmorTail|TrickRoom,PsychicNoise,HelpingHand,HyperVoice|||M|||50|,,,,,Fairy]Ursaluna-Bloodmoon||LifeOrb|MindsEye|BloodMoon,HyperVoice,EarthPower,Protect|||M|||50|,,,,,Normal\n|showteam|p2|Koraidon||ClearAmulet|OrichalcumPulse|Protect,FlameCharge,FlareBlitz,CollisionCourse||||||50|,,,,,Fire]Brute Bonnet||SitrusBerry|Protosynthesis|Protect,RagePowder,Spore,SuckerPunch||||||50|,,,,,Poison]Raging Bolt||AssaultVest|Protosynthesis|VoltSwitch,Thunderclap,DragonPulse,Electroweb||||||50|,,,,,Fairy]Landorus||LifeOrb|SheerForce|EarthPower,SludgeBomb,Psychic,Protect|||M|||50|,,,,,Poison]Solgaleo||ChoiceBand|FullMetalBody|SunsteelStrike,PsychicFangs,CloseCombat,WildCharge||||||50|,,,,,Steel]Roaring Moon||BoosterEnergy|Protosynthesis|Tailwind,Protect,IronHead,KnockOff||||||50|,,,,,Steel\n|inactive|SycrasisEU has 60 seconds left.\n|\n|t:|1775119505\n|teamsize|p1|4\n|teamsize|p2|4\n|start\n|switch|p1a: Calyrex|Calyrex-Ice, L50|100/100\n|switch|p1b: Farigiraf|Farigiraf, L50, M|100/100\n|switch|p2a: Raging Bolt|Raging Bolt, L50|100/100\n|switch|p2b: Solgaleo|Solgaleo, L50|100/100\n|-ability|p1a: Calyrex|As One\n|-ability|p1a: Calyrex|Unnerve\n|turn|1\n|inactive|MimikyuBot also wants the timer to be on.\n|inactive|SycrasisEU has 30 seconds left.\n|inactive|SycrasisEU has 20 seconds left.\n|inactive|SycrasisEU has 15 seconds left.\n|\n|t:|1775119550\n|move|p2b: Solgaleo|Psychic Fangs|p1a: Calyrex\n|-resisted|p1a: Calyrex\n|-damage|p1a: Calyrex|79/100\n|move|p2a: Raging Bolt|Dragon Pulse|p1a: Calyrex\n|-damage|p1a: Calyrex|42/100\n|move|p1a: Calyrex|Glacial Lance|p2b: Solgaleo|[spread] p2a,p2b\n|-supereffective|p2a: Raging Bolt\n|-resisted|p2b: Solgaleo\n|-damage|p2a: Raging Bolt|0 fnt\n|-damage|p2b: Solgaleo|78/100\n|faint|p2a: Raging Bolt\n|-end|p2a: Raging Bolt|Protosynthesis|[silent]\n|-ability|p1a: Calyrex|Chilling Neigh|boost\n|-boost|p1a: Calyrex|atk|1\n|move|p1b: Farigiraf|Trick Room|p1b: Farigiraf\n|-fieldstart|move: Trick Room|[of] p1b: Farigiraf\n|\n|upkeep\n|\n|t:|1775119559\n|switch|p2a: Koraidon|Koraidon, L50, shiny|100/100\n|-weather|SunnyDay|[from] ability: Orichalcum Pulse|[of] p2a: Koraidon\n|-activate|p2a: Koraidon|Orichalcum Pulse|[source]\n|turn|2\n|\n|t:|1775119579\n|-terastallize|p2a: Koraidon|Fire\n|move|p1a: Calyrex|Glacial Lance|p2a: Koraidon|[spread] p2a,p2b\n|-resisted|p2a: Koraidon\n|-crit|p2a: Koraidon\n|-resisted|p2b: Solgaleo\n|-damage|p2a: Koraidon|38/100\n|-damage|p2b: Solgaleo|44/100\n|move|p2b: Solgaleo|Psychic Fangs|p1a: Calyrex\n|-resisted|p1a: Calyrex\n|-damage|p1a: Calyrex|17/100\n|move|p2a: Koraidon|Flare Blitz|p1a: Calyrex\n|-supereffective|p1a: Calyrex\n|-damage|p1a: Calyrex|0 fnt\n|faint|p1a: Calyrex\n|-damage|p2a: Koraidon|32/100|[from] Recoil\n|move|p1b: Farigiraf|Trick Room|p1b: Farigiraf\n|-fieldend|move: Trick Room\n|\n|-weather|SunnyDay|[upkeep]\n|upkeep\n|\n|t:|1775119579\n|switch|p1a: Kyogre|Kyogre, L50|100/100\n|-weather|RainDance|[from] ability: Drizzle|[of] p1a: Kyogre\n|turn|3\n|\n|t:|1775119589\n|switch|p2a: Brute Bonnet|Brute Bonnet, L50|100/100\n|move|p2b: Solgaleo|Psychic Fangs|p1a: Kyogre\n|-damage|p1a: Kyogre|32/100\n|move|p1a: Kyogre|Water Spout|p2b: Solgaleo|[spread] p2a,p2b\n|-resisted|p2a: Brute Bonnet\n|-damage|p2a: Brute Bonnet|88/100\n|-damage|p2b: Solgaleo|9/100\n|move|p1b: Farigiraf|Hyper Voice|p2b: Solgaleo|[spread] p2a,p2b\n|-resisted|p2b: Solgaleo\n|-damage|p2a: Brute Bonnet|72/100\n|-damage|p2b: Solgaleo|0 fnt\n|faint|p2b: Solgaleo\n|-enditem|p1b: Farigiraf|Throat Spray\n|-boost|p1b: Farigiraf|spa|1|[from] item: Throat Spray\n|\n|-weather|RainDance|[upkeep]\n|upkeep\n|\n|t:|1775119591\n|switch|p2b: Koraidon|Koraidon, L50, shiny, tera:Fire|32/100\n|-weather|SunnyDay|[from] ability: Orichalcum Pulse|[of] p2b: Koraidon\n|-activate|p2a: Brute Bonnet|ability: Protosynthesis\n|-start|p2a: Brute Bonnet|protosynthesisspd\n|-activate|p2b: Koraidon|Orichalcum Pulse|[source]\n|turn|4\n|inactive|SycrasisEU has 30 seconds left.\n|\n|t:|1775119617\n|-terastallize|p1a: Kyogre|Water\n|move|p2b: Koraidon|Collision Course|p1a: Kyogre\n|-damage|p1a: Kyogre|0 fnt\n|faint|p1a: Kyogre\n|move|p2a: Brute Bonnet|Spore|p1b: Farigiraf\n|-status|p1b: Farigiraf|slp|[from] move: Spore\n|cant|p1b: Farigiraf|slp\n|\n|-weather|SunnyDay|[upkeep]\n|upkeep\n|\n|t:|1775119617\n|switch|p1a: Incineroar|Incineroar, L50, M|100/100\n|-ability|p1a: Incineroar|Intimidate|boost\n|-unboost|p2a: Brute Bonnet|atk|1\n|-fail|p2b: Koraidon|unboost|[from] item: Clear Amulet|[of] p2b: Koraidon\n|turn|5\n|\n|t:|1775119635\n|move|p2b: Koraidon|Protect|p2b: Koraidon\n|-singleturn|p2b: Koraidon|Protect\n|move|p2a: Brute Bonnet|Protect|p2a: Brute Bonnet\n|-singleturn|p2a: Brute Bonnet|Protect\n|-curestatus|p1b: Farigiraf|slp|[msg]\n|move|p1b: Farigiraf|Psychic Noise|p2b: Koraidon\n|-activate|p2b: Koraidon|move: Protect\n|move|p1a: Incineroar|Flare Blitz|p2a: Brute Bonnet\n|-activate|p2a: Brute Bonnet|move: Protect\n|\n|-weather|SunnyDay|[upkeep]\n|upkeep\n|turn|6\n|inactive|SycrasisEU has 30 seconds left.\n|\n|t:|1775119664\n|move|p2b: Koraidon|Collision Course|p1a: Incineroar\n|-supereffective|p1a: Incineroar\n|-damage|p1a: Incineroar|0 fnt\n|faint|p1a: Incineroar\n|move|p2a: Brute Bonnet|Spore|p1b: Farigiraf\n|-status|p1b: Farigiraf|slp|[from] move: Spore\n|cant|p1b: Farigiraf|slp\n|\n|-weather|SunnyDay|[upkeep]\n|upkeep\n|turn|7\n|\n|t:|1775119673\n|move|p2a: Brute Bonnet|Rage Powder|p2a: Brute Bonnet\n|-singleturn|p2a: Brute Bonnet|move: Rage Powder\n|move|p2b: Koraidon|Collision Course|p1b: Farigiraf\n|-damage|p1b: Farigiraf|44/100 slp\n|cant|p1b: Farigiraf|slp\n|\n|-weather|SunnyDay|[upkeep]\n|upkeep\n|turn|8\n|\n|t:|1775119681\n|move|p2a: Brute Bonnet|Rage Powder|p2a: Brute Bonnet\n|-singleturn|p2a: Brute Bonnet|move: Rage Powder\n|move|p2b: Koraidon|Collision Course|p1b: Farigiraf\n|-damage|p1b: Farigiraf|0 fnt\n|faint|p1b: Farigiraf\n|\n|win|SycrasisEU\n","uploadtime":1775119507,"views":9,"formatid":"gen9vgc2026regi","rating":null,"private":0,"password":null}