{"id":"gen9vgc2026regi-2515660242","format":"[Gen 9] VGC 2026 Reg I","players":["qdog_7678","It'sJustKen VGC"],"log":"|j|\u2606qdog_7678\n|j|\u2606It'sJustKen VGC\n|t:|1768016899\n|gametype|doubles\n|player|p1|qdog_7678|169|1074\n|player|p2|It'sJustKen VGC|2|1049\n|gen|9\n|tier|[Gen 9] VGC 2026 Reg I\n|rated|\n|rule|Species Clause: Limit one of each Pok\u00e9mon\n|rule|Item Clause: Limit 1 of each item\n|clearpoke\n|poke|p1|Lunala, L50|\n|poke|p1|Indeedee-F, L50, F|\n|poke|p1|Zamazenta-*, L50|\n|poke|p1|Clawitzer, L50, M|\n|poke|p1|Sinistcha, L50|\n|poke|p1|Skeledirge, L50, M|\n|poke|p2|Urshifu-*, L50, M|\n|poke|p2|Incineroar, L50, F|\n|poke|p2|Calyrex-Shadow, L50|\n|poke|p2|Amoonguss, L50, M|\n|poke|p2|Tornadus, L50, M|\n|poke|p2|Chien-Pao, L50|\n|teampreview|4\n|\n|t:|1768016927\n|teamsize|p1|4\n|teamsize|p2|4\n|start\n|switch|p1a: kitten|Lunala, L50|100/100\n|switch|p1b: Berta|Indeedee-F, L50, F, shiny|100/100\n|switch|p2a: Incineroar|Incineroar, L50, F|100/100\n|switch|p2b: Chien-Pao|Chien-Pao, L50|100/100\n|-ability|p2b: Chien-Pao|Sword of Ruin\n|-ability|p2a: Incineroar|Intimidate|boost\n|-unboost|p1a: kitten|atk|1\n|-unboost|p1b: Berta|atk|1\n|-fieldstart|move: Psychic Terrain|[from] ability: Psychic Surge|[of] p1b: Berta\n|turn|1\n|\n|t:|1768016952\n|switch|p1a: Zamazenta|Zamazenta-Crowned, L50|100/100\n|-ability|p1a: Zamazenta|Dauntless Shield|boost\n|-boost|p1a: Zamazenta|def|1\n|move|p1b: Berta|Follow Me|p1b: Berta\n|-singleturn|p1b: Berta|move: Follow Me\n|move|p2b: Chien-Pao|Ice Spinner|p1b: Berta\n|-damage|p1b: Berta|47/100\n|-fieldend|move: Psychic Terrain\n|-enditem|p1b: Berta|Sitrus Berry|[eat]\n|-heal|p1b: Berta|72/100|[from] item: Sitrus Berry\n|move|p2a: Incineroar|Knock Off|p1b: Berta\n|-supereffective|p1b: Berta\n|-damage|p1b: Berta|0 fnt\n|faint|p1b: Berta\n|\n|upkeep\n|\n|t:|1768016967\n|switch|p1b: matcha|Sinistcha, L50|100/100\n|turn|2\n|\n|t:|1768016981\n|switch|p2a: Calyrex|Calyrex-Shadow, L50|100/100\n|-ability|p2a: Calyrex|As One\n|-ability|p2a: Calyrex|Unnerve\n|move|p2b: Chien-Pao|Ice Spinner|p1b: matcha\n|-supereffective|p1b: matcha\n|-damage|p1b: matcha|0 fnt\n|faint|p1b: matcha\n|move|p1a: Zamazenta|Iron Defense|p1a: Zamazenta\n|-boost|p1a: Zamazenta|def|2\n|\n|upkeep\n|\n|t:|1768016989\n|switch|p1b: kitten|Lunala, L50|100/100\n|turn|3\n|\n|t:|1768017009\n|move|p1a: Zamazenta|Wide Guard|p1a: Zamazenta\n|-singleturn|p1a: Zamazenta|Wide Guard\n|move|p2a: Calyrex|Psychic|p1a: Zamazenta\n|-damage|p1a: Zamazenta|50/100\n|-unboost|p1a: Zamazenta|spd|1\n|-damage|p2a: Calyrex|91/100|[from] item: Life Orb\n|move|p2b: Chien-Pao|Sacred Sword|p1a: Zamazenta\n|-supereffective|p1a: Zamazenta\n|-damage|p1a: Zamazenta|2/100\n|move|p1b: kitten|Moongeist Beam|p2a: Calyrex\n|-supereffective|p2a: Calyrex\n|-damage|p2a: Calyrex|0 fnt\n|faint|p2a: Calyrex\n|\n|upkeep\n|\n|t:|1768017014\n|switch|p2a: Amoonguss|Amoonguss, L50, M|100/100\n|turn|4\n|\n|t:|1768017048\n|-terastallize|p1b: kitten|Psychic\n|move|p2b: Chien-Pao|Sacred Sword|p1a: Zamazenta\n|-supereffective|p1a: Zamazenta\n|-damage|p1a: Zamazenta|0 fnt\n|faint|p1a: Zamazenta\n|move|p1b: kitten|Expanding Force|p2a: Amoonguss\n|-supereffective|p2a: Amoonguss\n|-damage|p2a: Amoonguss|0 fnt\n|faint|p2a: Amoonguss\n|\n|upkeep\n|\n|t:|1768017052\n|switch|p2a: Incineroar|Incineroar, L50, F|100/100\n|-ability|p2a: Incineroar|Intimidate|boost\n|-unboost|p1b: kitten|atk|1\n|turn|5\n|\n|t:|1768017060\n|move|p2a: Incineroar|Fake Out|p1b: kitten\n|-damage|p1b: kitten|94/100\n|-damage|p2a: Incineroar|84/100|[from] item: Rocky Helmet|[of] p1b: kitten\n|move|p2b: Chien-Pao|Ice Spinner|p1b: kitten\n|-damage|p1b: kitten|54/100\n|-damage|p2b: Chien-Pao|84/100|[from] item: Rocky Helmet|[of] p1b: kitten\n|cant|p1b: kitten|flinch\n|\n|upkeep\n|turn|6\n|\n|t:|1768017070\n|-terastallize|p2b: Chien-Pao|Stellar\n|move|p2b: Chien-Pao|Ice Spinner|p1b: kitten\n|-damage|p1b: kitten|0 fnt\n|-damage|p2b: Chien-Pao|68/100|[from] item: Rocky Helmet|[of] p1b: kitten\n|faint|p1b: kitten\n|\n|win|It'sJustKen VGC\n|raw|qdog_7678's rating: 1074 &rarr; <strong>1051</strong><br />(-23 for losing)\n|raw|It&apos;sJustKen VGC's rating: 1049 &rarr; <strong>1084</strong><br />(+35 for winning)\n","uploadtime":1768017073,"views":22,"formatid":"gen9vgc2026regi","rating":1051,"private":0,"password":null}