{"id":"gen9vgc2026regi-2575596759","format":"[Gen 9] VGC 2026 Reg I","players":["EllenJoe2026","blackred123"],"log":"|j|\u2606EllenJoe2026\n|j|\u2606blackred123\n|t:|1775372853\n|gametype|doubles\n|player|p1|EllenJoe2026|elesa|1504\n|player|p2|blackred123|iono-masters|1522\n|gen|9\n|tier|[Gen 9] VGC 2026 Reg I\n|rated|\n|rule|Species Clause: Limit one of each Pok\u00e9mon\n|rule|Item Clause: Limit 1 of each item\n|clearpoke\n|poke|p1|Calyrex-Ice, L50|\n|poke|p1|Miraidon, L50|\n|poke|p1|Tornadus, L50, M|\n|poke|p1|Urshifu-*, L50, F|\n|poke|p1|Volcarona, L50, F|\n|poke|p1|Indeedee-F, L50, F|\n|poke|p2|Kyogre, L50|\n|poke|p2|Zamazenta-*, L50|\n|poke|p2|Chien-Pao, L50|\n|poke|p2|Amoonguss, L50, F|\n|poke|p2|Dragonite, L50, F|\n|poke|p2|Rillaboom, L50, M|\n|teampreview|4\n|inactive|Battle timer is ON: inactive players will automatically lose when time's up. (requested by EllenJoe2026)\n|inactive|blackred123 also wants the timer to be on.\n|inactive|EllenJoe2026 has 60 seconds left.\n|\n|t:|1775372890\n|teamsize|p1|4\n|teamsize|p2|4\n|start\n|switch|p1a: Urshifu|Urshifu-Rapid-Strike, L50, F|100/100\n|switch|p1b: Volcarona|Volcarona, L50, F, shiny|100/100\n|switch|p2a: Kyogre|Kyogre, L50|100/100\n|switch|p2b: Rillaboom|Rillaboom, L50, M|100/100\n|-weather|RainDance|[from] ability: Drizzle|[of] p2a: Kyogre\n|-fieldstart|move: Grassy Terrain|[from] ability: Grassy Surge|[of] p2b: Rillaboom\n|turn|1\n|\n|t:|1775372908\n|switch|p1b: Indeedee|Indeedee-F, L50, F, shiny|100/100\n|-fieldstart|move: Psychic Terrain|[from] ability: Psychic Surge|[of] p1b: Indeedee\n|move|p2b: Rillaboom|Fake Out|p1a: Urshifu\n|-activate|p1a: Urshifu|move: Psychic Terrain\n|move|p1a: Urshifu|Close Combat|p2a: Kyogre\n|-damage|p2a: Kyogre|23/100\n|-unboost|p1a: Urshifu|def|1\n|-unboost|p1a: Urshifu|spd|1\n|move|p2a: Kyogre|Thunder|p1a: Urshifu\n|-supereffective|p1a: Urshifu\n|-damage|p1a: Urshifu|0 fnt\n|faint|p1a: Urshifu\n|\n|-weather|RainDance|[upkeep]\n|upkeep\n|\n|t:|1775372927\n|switch|p1a: Miraidon|Miraidon, L50, shiny|100/100\n|-fieldstart|move: Electric Terrain|[from] ability: Hadron Engine|[of] p1a: Miraidon\n|turn|2\n|\n|t:|1775372937\n|switch|p2a: Zamazenta|Zamazenta-Crowned, L50|100/100\n|-ability|p2a: Zamazenta|Dauntless Shield|boost\n|-boost|p2a: Zamazenta|def|1\n|switch|p1b: Volcarona|Volcarona, L50, F, shiny|100/100\n|-enditem|p1b: Volcarona|Electric Seed\n|-boost|p1b: Volcarona|def|1|[from] item: Electric Seed\n|move|p1a: Miraidon|Volt Switch|p2a: Zamazenta\n|-damage|p2a: Zamazenta|34/100\n|\n|t:|1775372950\n|switch|p1a: Indeedee|Indeedee-F, L50, F, shiny|100/100|[from] Volt Switch\n|-fieldstart|move: Psychic Terrain|[from] ability: Psychic Surge|[of] p1a: Indeedee\n|move|p2b: Rillaboom|U-turn|p1b: Volcarona\n|-resisted|p1b: Volcarona\n|-damage|p1b: Volcarona|93/100\n|\n|t:|1775372953\n|switch|p2b: Kyogre|Kyogre, L50|23/100|[from] U-turn\n|\n|-weather|RainDance|[upkeep]\n|upkeep\n|turn|3\n|\n|t:|1775372975\n|-terastallize|p1b: Volcarona|Grass\n|move|p1a: Indeedee|Helping Hand|p1b: Volcarona\n|-singleturn|p1b: Volcarona|Helping Hand|[of] p1a: Indeedee\n|move|p2b: Kyogre|Origin Pulse|p1a: Indeedee|[spread] p1a\n|-miss|p2b: Kyogre|p1b: Volcarona\n|-damage|p1a: Indeedee|33/100\n|-enditem|p1a: Indeedee|Eject Button\n|\n|t:|1775372983\n|switch|p1a: Miraidon|Miraidon, L50, shiny|100/100\n|-fieldstart|move: Electric Terrain|[from] ability: Hadron Engine|[of] p1a: Miraidon\n|move|p2a: Zamazenta|Body Press|p1b: Volcarona\n|-damage|p1b: Volcarona|45/100\n|-status|p2a: Zamazenta|brn|[from] ability: Flame Body|[of] p1b: Volcarona\n|move|p1b: Volcarona|Giga Drain|p2b: Kyogre\n|-supereffective|p2b: Kyogre\n|-damage|p2b: Kyogre|0 fnt\n|-heal|p1b: Volcarona|56/100|[from] drain|[of] p2b: Kyogre\n|faint|p2b: Kyogre\n|\n|-weather|RainDance|[upkeep]\n|-damage|p2a: Zamazenta|28/100 brn|[from] brn\n|upkeep\n|\n|t:|1775372992\n|switch|p2b: Rillaboom|Rillaboom, L50, M|100/100\n|-fieldstart|move: Grassy Terrain|[from] ability: Grassy Surge|[of] p2b: Rillaboom\n|turn|4\n|\n|t:|1775373010\n|switch|p1a: Indeedee|Indeedee-F, L50, F, shiny|33/100\n|-fieldstart|move: Psychic Terrain|[from] ability: Psychic Surge|[of] p1a: Indeedee\n|move|p2a: Zamazenta|Body Press|p1b: Volcarona\n|-damage|p1b: Volcarona|32/100\n|move|p1b: Volcarona|Quiver Dance|p1b: Volcarona\n|-boost|p1b: Volcarona|spa|1\n|-boost|p1b: Volcarona|spd|1\n|-boost|p1b: Volcarona|spe|1\n|move|p2b: Rillaboom|U-turn|p1b: Volcarona\n|-supereffective|p1b: Volcarona\n|-damage|p1b: Volcarona|5/100\n|-status|p2b: Rillaboom|brn|[from] ability: Flame Body|[of] p1b: Volcarona\n|\n|t:|1775373020\n|switch|p2b: Dragonite|Dragonite, L50, F|100/100|[from] U-turn\n|\n|-weather|RainDance|[upkeep]\n|-damage|p2a: Zamazenta|22/100 brn|[from] brn\n|upkeep\n|turn|5\n|\n|t:|1775373033\n|switch|p2a: Rillaboom|Rillaboom, L50, M|100/100 brn\n|-fieldstart|move: Grassy Terrain|[from] ability: Grassy Surge|[of] p2a: Rillaboom\n|-terastallize|p2b: Dragonite|Normal\n|move|p1a: Indeedee|Helping Hand|p1b: Volcarona\n|-singleturn|p1b: Volcarona|Helping Hand|[of] p1a: Indeedee\n|move|p2b: Dragonite|Extreme Speed|p1b: Volcarona\n|-crit|p1b: Volcarona\n|-damage|p1b: Volcarona|0 fnt\n|-status|p2b: Dragonite|brn|[from] ability: Flame Body|[of] p1b: Volcarona\n|faint|p1b: Volcarona\n|\n|-weather|none\n|-heal|p1a: Indeedee|39/100|[from] Grassy Terrain\n|-damage|p2b: Dragonite|95/100 brn|[from] brn\n|-damage|p2a: Rillaboom|95/100 brn|[from] brn\n|upkeep\n|\n|t:|1775373044\n|switch|p1b: Miraidon|Miraidon, L50, shiny|100/100\n|-fieldstart|move: Electric Terrain|[from] ability: Hadron Engine|[of] p1b: Miraidon\n|turn|6\n|\n|t:|1775373053\n|move|p1a: Indeedee|Helping Hand|p1b: Miraidon\n|-singleturn|p1b: Miraidon|Helping Hand|[of] p1a: Indeedee\n|move|p2a: Rillaboom|Fake Out|p1b: Miraidon\n|-damage|p1b: Miraidon|94/100\n|move|p2b: Dragonite|Extreme Speed|p1a: Indeedee\n|-damage|p1a: Indeedee|7/100\n|cant|p1b: Miraidon|flinch\n|\n|-damage|p2a: Rillaboom|89/100 brn|[from] brn\n|-damage|p2b: Dragonite|89/100 brn|[from] brn\n|upkeep\n|turn|7\n|\n|t:|1775373064\n|switch|p2b: Zamazenta|Zamazenta-Crowned, L50|22/100 brn\n|move|p1a: Indeedee|Helping Hand|p1b: Miraidon\n|-singleturn|p1b: Miraidon|Helping Hand|[of] p1a: Indeedee\n|move|p1b: Miraidon|Electro Drift|p2b: Zamazenta\n|-damage|p2b: Zamazenta|0 fnt\n|faint|p2b: Zamazenta\n|move|p2a: Rillaboom|U-turn|p1a: Indeedee\n|-supereffective|p1a: Indeedee\n|-crit|p1a: Indeedee\n|-damage|p1a: Indeedee|0 fnt\n|faint|p1a: Indeedee\n|\n|t:|1775373078\n|switch|p2a: Dragonite|Dragonite, L50, F, tera:Normal|89/100 brn|[from] U-turn\n|\n|-damage|p2a: Dragonite|83/100 brn|[from] brn\n|upkeep\n|\n|t:|1775373079\n|switch|p2b: Rillaboom|Rillaboom, L50, M|89/100 brn\n|-fieldstart|move: Grassy Terrain|[from] ability: Grassy Surge|[of] p2b: Rillaboom\n|turn|8\n|\n|t:|1775373088\n|move|p2b: Rillaboom|Fake Out|p1b: Miraidon\n|-damage|p1b: Miraidon|88/100\n|move|p2a: Dragonite|Extreme Speed|p1b: Miraidon\n|-damage|p1b: Miraidon|54/100\n|cant|p1b: Miraidon|flinch\n|\n|-heal|p1b: Miraidon|60/100|[from] Grassy Terrain\n|-heal|p2a: Dragonite|89/100 brn|[from] Grassy Terrain\n|-heal|p2b: Rillaboom|95/100 brn|[from] Grassy Terrain\n|-damage|p2a: Dragonite|83/100 brn|[from] brn\n|-damage|p2b: Rillaboom|89/100 brn|[from] brn\n|upkeep\n|turn|9\n|\n|t:|1775373096\n|move|p2a: Dragonite|Extreme Speed|p1b: Miraidon\n|-damage|p1b: Miraidon|23/100\n|move|p1b: Miraidon|Electro Drift|p2a: Dragonite\n|-damage|p2a: Dragonite|0 fnt\n|faint|p2a: Dragonite\n|move|p2b: Rillaboom|U-turn|p1b: Miraidon\n|-damage|p1b: Miraidon|12/100\n|\n|-heal|p1b: Miraidon|18/100|[from] Grassy Terrain\n|-heal|p2b: Rillaboom|95/100 brn|[from] Grassy Terrain\n|-damage|p2b: Rillaboom|89/100 brn|[from] brn\n|upkeep\n|turn|10\n|\n|t:|1775373106\n|move|p1b: Miraidon|Electro Drift|p2b: Rillaboom\n|-resisted|p2b: Rillaboom\n|-damage|p2b: Rillaboom|57/100 brn\n|move|p2b: Rillaboom|Wood Hammer|p1b: Miraidon\n|-resisted|p1b: Miraidon\n|-damage|p1b: Miraidon|0 fnt\n|faint|p1b: Miraidon\n|-damage|p2b: Rillaboom|52/100 brn|[from] Recoil\n|\n|win|blackred123\n|raw|EllenJoe2026's rating: 1504 &rarr; <strong>1485</strong><br />(-19 for losing)\n|raw|blackred123's rating: 1522 &rarr; <strong>1541</strong><br />(+19 for winning)\n|l|\u2606EllenJoe2026\n|player|p1|\n","uploadtime":1775373121,"views":9,"formatid":"gen9vgc2026regi","rating":1485,"private":0,"password":null}