{"id":"gen9vgc2026regi-2560944607","format":"[Gen 9] VGC 2026 Reg I","players":["Jonen","moulei"],"log":"|j|\u2606Jonen\n|j|\u2606moulei\n|t:|1773750381\n|gametype|doubles\n|player|p1|Jonen|hiker-gen4|1325\n|player|p2|moulei|lyra|1404\n|gen|9\n|tier|[Gen 9] VGC 2026 Reg I\n|rated|\n|rule|Species Clause: Limit one of each Pok\u00e9mon\n|rule|Item Clause: Limit 1 of each item\n|clearpoke\n|poke|p1|Groudon, L50|\n|poke|p1|Lunala, L50|\n|poke|p1|Sableye, L50, M|\n|poke|p1|Chi-Yu, L50|\n|poke|p1|Rillaboom, L50, F|\n|poke|p1|Jumpluff, L50, M|\n|poke|p2|Kyogre, L50|\n|poke|p2|Zacian-*, L50|\n|poke|p2|Tornadus, L50, M|\n|poke|p2|Raging Bolt, L50|\n|poke|p2|Chien-Pao, L50|\n|poke|p2|Incineroar, L50, M|\n|teampreview|4\n|inactive|Battle timer is ON: inactive players will automatically lose when time's up. (requested by moulei)\n|inactive|Jonen has 60 seconds left.\n|\n|t:|1773750493\n|teamsize|p1|4\n|teamsize|p2|4\n|start\n|switch|p1a: Lunala|Lunala, L50|100/100\n|switch|p1b: Sableye|Sableye, L50, M|100/100\n|switch|p2a: Kyogre|Kyogre, L50|100/100\n|switch|p2b: Tornadus|Tornadus, L50, M|100/100\n|-weather|RainDance|[from] ability: Drizzle|[of] p2a: Kyogre\n|turn|1\n|inactive|Jonen has 30 seconds left.\n|\n|t:|1773750526\n|move|p1b: Sableye|Gravity|p1b: Sableye\n|-fieldstart|move: Gravity\n|move|p2b: Tornadus|Bleakwind Storm|p1a: Lunala|[spread] p1a,p1b\n|-damage|p1a: Lunala|89/100\n|-damage|p1b: Sableye|54/100\n|-unboost|p1a: Lunala|spe|1\n|move|p2a: Kyogre|Water Spout|p1b: Sableye|[spread] p1a,p1b\n|-damage|p1a: Lunala|3/100\n|-damage|p1b: Sableye|0 fnt\n|faint|p1b: Sableye\n|move|p1a: Lunala|Meteor Beam||[still]\n|-prepare|p1a: Lunala|Meteor Beam\n|-boost|p1a: Lunala|spa|1\n|-enditem|p1a: Lunala|Power Herb\n|-anim|p1a: Lunala|Meteor Beam|p2b: Tornadus\n|-supereffective|p2b: Tornadus\n|-damage|p2b: Tornadus|0 fnt\n|faint|p2b: Tornadus\n|\n|-weather|RainDance|[upkeep]\n|upkeep\n|\n|t:|1773750543\n|switch|p2b: Zacian|Zacian-Crowned, L50|100/100\n|switch|p1b: Groudon|Groudon, L50|100/100\n|-ability|p2b: Zacian|Intrepid Sword|boost\n|-boost|p2b: Zacian|atk|1\n|-weather|SunnyDay|[from] ability: Drought|[of] p1b: Groudon\n|turn|2\n|inactive|Jonen has 30 seconds left.\n|inactive|moulei has 30 seconds left.\n|\n|t:|1773750583\n|-terastallize|p2b: Zacian|Normal\n|move|p2b: Zacian|Behemoth Blade|p1b: Groudon\n|-damage|p1b: Groudon|33/100\n|move|p2a: Kyogre|Ice Beam|p1b: Groudon\n|-supereffective|p1b: Groudon\n|-damage|p1b: Groudon|0 fnt\n|faint|p1b: Groudon\n|move|p1a: Lunala|Hypnosis|p2a: Kyogre\n|-status|p2a: Kyogre|slp|[from] move: Hypnosis\n|\n|-weather|SunnyDay|[upkeep]\n|upkeep\n|\n|t:|1773750596\n|switch|p1b: Rillaboom|Rillaboom, L50, F|100/100\n|-fieldstart|move: Grassy Terrain|[from] ability: Grassy Surge|[of] p1b: Rillaboom\n|turn|3\n|\n|t:|1773750619\n|move|p2b: Zacian|Protect|p2b: Zacian\n|-singleturn|p2b: Zacian|Protect\n|cant|p2a: Kyogre|slp\n|move|p1b: Rillaboom|Fake Out|p2b: Zacian\n|-activate|p2b: Zacian|move: Protect\n|move|p1a: Lunala|Moongeist Beam|p2a: Kyogre\n|-damage|p2a: Kyogre|37/100 slp\n|\n|-weather|SunnyDay|[upkeep]\n|-heal|p2a: Kyogre|43/100 slp|[from] Grassy Terrain\n|-heal|p1a: Lunala|9/100|[from] Grassy Terrain\n|upkeep\n|turn|4\n|\n|t:|1773750641\n|switch|p2a: Chien-Pao|Chien-Pao, L50|100/100\n|-ability|p2a: Chien-Pao|Sword of Ruin\n|move|p1a: Lunala|Protect|p1a: Lunala\n|-singleturn|p1a: Lunala|Protect\n|move|p2b: Zacian|Behemoth Blade|p1a: Lunala\n|-activate|p1a: Lunala|move: Protect\n|move|p1b: Rillaboom|Wood Hammer|p2b: Zacian\n|-damage|p2b: Zacian|15/100\n|-damage|p1b: Rillaboom|76/100|[from] Recoil\n|\n|-weather|SunnyDay|[upkeep]\n|-heal|p2b: Zacian|21/100|[from] Grassy Terrain\n|-heal|p1a: Lunala|15/100|[from] Grassy Terrain\n|-heal|p1b: Rillaboom|82/100|[from] Grassy Terrain\n|upkeep\n|turn|5\n|\n|t:|1773750663\n|move|p2b: Zacian|Quick Attack|p1b: Rillaboom\n|-damage|p1b: Rillaboom|35/100\n|move|p1b: Rillaboom|Grassy Glide|p2b: Zacian\n|-damage|p2b: Zacian|0 fnt\n|faint|p2b: Zacian\n|move|p2a: Chien-Pao|Ice Spinner|p1a: Lunala\n|-damage|p1a: Lunala|0 fnt\n|-fieldend|move: Grassy Terrain\n|faint|p1a: Lunala\n|\n|-weather|SunnyDay|[upkeep]\n|-fieldend|move: Gravity\n|upkeep\n|\n|t:|1773750673\n|switch|p2b: Kyogre|Kyogre, L50|43/100 slp\n|-weather|RainDance|[from] ability: Drizzle|[of] p2b: Kyogre\n|turn|6\n|c|\u2606Jonen|Yooo that's dope\n|\n|t:|1773750679\n|-terastallize|p1b: Rillaboom|Water\n|move|p2a: Chien-Pao|Ice Spinner|p1b: Rillaboom\n|-resisted|p1b: Rillaboom\n|-damage|p1b: Rillaboom|11/100\n|-curestatus|p2b: Kyogre|slp|[msg]\n|move|p2b: Kyogre|Ice Beam|p1b: Rillaboom\n|-resisted|p1b: Rillaboom\n|-damage|p1b: Rillaboom|1/100\n|move|p1b: Rillaboom|Wood Hammer|p2a: Chien-Pao\n|-damage|p2a: Chien-Pao|16/100\n|-damage|p1b: Rillaboom|0 fnt|[from] Recoil\n|faint|p1b: Rillaboom\n|\n|win|moulei\n|raw|Jonen's rating: 1325 &rarr; <strong>1309</strong><br />(-16 for losing)\n|raw|moulei's rating: 1404 &rarr; <strong>1420</strong><br />(+16 for winning)\n","uploadtime":1773750679,"views":10,"formatid":"gen9vgc2026regi","rating":1309,"private":0,"password":null}