{"id":"gen9vgc2026regi-2565902690","format":"[Gen 9] VGC 2026 Reg I","players":["magicalarcher57","ScribbleScribble"],"log":"|j|\u2606magicalarcher57\n|j|\u2606ScribbleScribble\n|html|<table width=\"100%\"><tr><td align=\"left\">magicalarcher57</td><td align=\"right\">ScribbleScribble</tr><tr><td align=\"left\"><i class=\"fa fa-circle\"></i> <i class=\"fa fa-circle-o\"></i> </td><td align=\"right\"><i class=\"fa fa-circle-o\"></i> <i class=\"fa fa-circle\"></i> </tr></table>\n|uhtml|bestof|<h2><strong>Game 3</strong> of <a href=\"/game-bestof3-gen9vgc2026regi-2565899313\">a best-of-3</a></h2>\n|t:|1774316022\n|gametype|doubles\n|player|p1|magicalarcher57|bellelba|\n|player|p2|ScribbleScribble|mina-lgpe|\n|gen|9\n|tier|[Gen 9] VGC 2026 Reg I\n|rated|Tournament battle\n|rule|Species Clause: Limit one of each Pok\u00e9mon\n|rule|Item Clause: Limit 1 of each item\n|raw|<div class=\"infobox\"><details class=\"readmore\" open><summary><strong>4 custom rules:</strong></summary> Open Team Sheets, Force Open Team Sheets, !Open Team Sheets, Best of = 3</details></div>\n|clearpoke\n|poke|p1|Calyrex-Ice, L50|\n|poke|p1|Incineroar, L50, M|\n|poke|p1|Koraidon, L50|\n|poke|p1|Grimmsnarl, L50, M|\n|poke|p1|Amoonguss, L50, M|\n|poke|p1|Raging Bolt, L50|\n|poke|p2|Calyrex-Ice, L50|\n|poke|p2|Kyogre, L50|\n|poke|p2|Tornadus, L50, M|\n|poke|p2|Indeedee-F, L50, F|\n|poke|p2|Landorus, L50, M|\n|poke|p2|Urshifu-*, L50, F|\n|teampreview|4\n|showteam|p1|Calyrex-Ice||Leftovers|AsOneGlastrier|GlacialLance,LeechSeed,TrickRoom,Protect||||||50|,,,,,Water]Incineroar||AssaultVest|Intimidate|FakeOut,FlareBlitz,KnockOff,Uturn|||M|||50|,,,,,Bug]Koraidon||LifeOrb|OrichalcumPulse|CloseCombat,FlareBlitz,FlameCharge,Protect||||||50|,,,,,Fire]Grimmsnarl||LightClay|Prankster|FoulPlay,LightScreen,Reflect,ScaryFace|||M|||50|,,,,,Ghost]Amoonguss||RockyHelmet|Regenerator|Spore,RagePowder,PollenPuff,Protect|||M|||50|,,,,,Water]Raging Bolt||Magnet|Protosynthesis|Thunderbolt,DracoMeteor,Thunderclap,Protect||||||50|,,,,,Fairy\n|showteam|p2|Calyrex-Ice||ClearAmulet|AsOneGlastrier|GlacialLance,SeedBomb,TrickRoom,Imprison||||||50|,,,,,Grass]Kyogre||MysticWater|Drizzle|WaterSpout,HydroPump,Thunder,Protect||||||50|,,,,,Grass]Tornadus||FocusSash|Prankster|BleakwindStorm,RainDance,Taunt,Tailwind|||M|||50|,,,,,Ghost]Indeedee-F||PsychicSeed|PsychicSurge|Psychic,HelpingHand,FollowMe,TrickRoom|||F|||50|,,,,,Ground]Landorus||LifeOrb|SheerForce|EarthPower,SandsearStorm,SludgeBomb,Protect|||M|||50|,,,,,Poison]Urshifu-Rapid-Strike||ChoiceBand|UnseenFist|SurgingStrikes,Uturn,AquaJet,CloseCombat|||F|||50|,,,,,Ghost\n|inactive|Battle timer is ON: inactive players will automatically lose when time's up. (requested by ScribbleScribble)\n|j| Billlmads\n|j| bahumat\n|j| TimeforCHILLI\n|\n|t:|1774316041\n|teamsize|p1|4\n|teamsize|p2|4\n|start\n|switch|p1a: Grimmsnarl|Grimmsnarl, L50, M|100/100\n|switch|p1b: Incineroar|Incineroar, L50, M|100/100\n|switch|p2a: Kyogre|Kyogre, L50|100/100\n|switch|p2b: Tornadus|Tornadus, L50, M|100/100\n|-weather|RainDance|[from] ability: Drizzle|[of] p2a: Kyogre\n|-ability|p1b: Incineroar|Intimidate|boost\n|-unboost|p2a: Kyogre|atk|1\n|-unboost|p2b: Tornadus|atk|1\n|turn|1\n|j| sgrace\n|j| shocccco\u2764\n|inactive|magicalarcher57 has 30 seconds left.\n|\n|t:|1774316071\n|move|p1b: Incineroar|Fake Out|p2a: Kyogre\n|-damage|p2a: Kyogre|86/100\n|move|p1a: Grimmsnarl|Light Screen|p1a: Grimmsnarl\n|-sidestart|p1: magicalarcher57|move: Light Screen\n|move|p2b: Tornadus|Bleakwind Storm|p1b: Incineroar|[spread] p1a,p1b\n|-damage|p1a: Grimmsnarl|74/100\n|-damage|p1b: Incineroar|83/100\n|-unboost|p1b: Incineroar|spe|1\n|cant|p2a: Kyogre|flinch\n|\n|-weather|RainDance|[upkeep]\n|upkeep\n|turn|2\n|\n|t:|1774316091\n|-terastallize|p1b: Incineroar|Bug\n|move|p2b: Tornadus|Bleakwind Storm|p1a: Grimmsnarl|[spread] p1a,p1b\n|-supereffective|p1b: Incineroar\n|-damage|p1a: Grimmsnarl|49/100\n|-damage|p1b: Incineroar|51/100\n|move|p2a: Kyogre|Water Spout|p1b: Incineroar|[spread] p1a,p1b\n|-damage|p1a: Grimmsnarl|0 fnt\n|-damage|p1b: Incineroar|5/100\n|faint|p1a: Grimmsnarl\n|move|p1b: Incineroar|U-turn|p2b: Tornadus\n|-resisted|p2b: Tornadus\n|-damage|p2b: Tornadus|71/100\n|\n|t:|1774316097\n|switch|p1b: March Prime|Calyrex-Ice, L50|100/100|[from] U-turn\n|-ability|p1b: March Prime|As One\n|-ability|p1b: March Prime|Unnerve\n|\n|-weather|RainDance|[upkeep]\n|upkeep\n|\n|t:|1774316100\n|switch|p1a: Incineroar|Incineroar, L50, M, tera:Bug|5/100\n|-ability|p1a: Incineroar|Intimidate|boost\n|-unboost|p2a: Kyogre|atk|1\n|-unboost|p2b: Tornadus|atk|1\n|turn|3\n|\n|t:|1774316109\n|switch|p2a: Calyrex|Calyrex-Ice, L50|100/100\n|-ability|p2a: Calyrex|As One\n|-ability|p2a: Calyrex|Unnerve\n|-terastallize|p2b: Tornadus|Ghost\n|move|p1a: Incineroar|Fake Out|p2a: Calyrex\n|-damage|p2a: Calyrex|90/100\n|move|p2b: Tornadus|Taunt|p1b: March Prime\n|-start|p1b: March Prime|move: Taunt\n|move|p1b: March Prime|Glacial Lance|p2b: Tornadus|[spread] p2a,p2b\n|-resisted|p2a: Calyrex\n|-damage|p2a: Calyrex|73/100\n|-damage|p2b: Tornadus|0 fnt\n|faint|p2b: Tornadus\n|-ability|p1b: March Prime|Chilling Neigh|boost\n|-boost|p1b: March Prime|atk|1\n|\n|-weather|RainDance|[upkeep]\n|upkeep\n|\n|t:|1774316119\n|switch|p2b: Kyogre|Kyogre, L50|86/100\n|turn|4\n|\n|t:|1774316129\n|switch|p2b: Landorus|Landorus, L50, M|100/100\n|switch|p1a: Koraidon|Koraidon, L50|100/100\n|-weather|SunnyDay|[from] ability: Orichalcum Pulse|[of] p1a: Koraidon\n|-activate|p1a: Koraidon|Orichalcum Pulse|[source]\n|move|p2a: Calyrex|Imprison|p2a: Calyrex\n|-start|p2a: Calyrex|move: Imprison\n|cant|p1b: March Prime|move: Imprison|Glacial Lance\n|\n|-weather|SunnyDay|[upkeep]\n|upkeep\n|turn|5\n|\n|t:|1774316138\n|switch|p2b: Kyogre|Kyogre, L50|86/100\n|-weather|RainDance|[from] ability: Drizzle|[of] p2b: Kyogre\n|move|p1a: Koraidon|Flare Blitz|p2a: Calyrex\n|-supereffective|p2a: Calyrex\n|-damage|p2a: Calyrex|36/100\n|-damage|p1a: Koraidon|89/100|[from] Recoil\n|-damage|p1a: Koraidon|79/100|[from] item: Life Orb\n|move|p2a: Calyrex|Glacial Lance|p1b: March Prime|[spread] p1a,p1b\n|-supereffective|p1a: Koraidon\n|-resisted|p1b: March Prime\n|-damage|p1a: Koraidon|0 fnt\n|-damage|p1b: March Prime|85/100\n|faint|p1a: Koraidon\n|-ability|p2a: Calyrex|Chilling Neigh|boost\n|-boost|p2a: Calyrex|atk|1\n|-activate|p1b: March Prime|move: Struggle\n|move|p1b: March Prime|Struggle|p2b: Kyogre\n|-crit|p2b: Kyogre\n|-damage|p2b: Kyogre|34/100\n|-damage|p1b: March Prime|60/100|[from] recoil\n|\n|-weather|RainDance|[upkeep]\n|-heal|p1b: March Prime|66/100|[from] item: Leftovers\n|-end|p1b: March Prime|move: Taunt\n|upkeep\n|j| aurora ltd\n|c|\u2606magicalarcher57|Should I have cc instead of flare\n|c|\u2606magicalarcher57|Hmm\n|\n|t:|1774316162\n|switch|p1a: Incineroar|Incineroar, L50, M, tera:Bug|5/100\n|-ability|p1a: Incineroar|Intimidate|boost\n|-fail|p2a: Calyrex|unboost|[from] item: Clear Amulet|[of] p2a: Calyrex\n|-unboost|p2b: Kyogre|atk|1\n|turn|6\n|l| Billlmads\n|\n|t:|1774316172\n|move|p1a: Incineroar|Fake Out|p2b: Kyogre\n|-damage|p2b: Kyogre|19/100\n|cant|p2b: Kyogre|flinch\n|move|p2a: Calyrex|Glacial Lance|p1b: March Prime|[spread] p1a,p1b\n|-resisted|p1b: March Prime\n|-damage|p1a: Incineroar|0 fnt\n|-damage|p1b: March Prime|41/100\n|faint|p1a: Incineroar\n|-ability|p2a: Calyrex|Chilling Neigh|boost\n|-boost|p2a: Calyrex|atk|1\n|move|p1b: March Prime|Leech Seed|p2a: Calyrex\n|-start|p2a: Calyrex|move: Leech Seed\n|\n|-weather|RainDance|[upkeep]\n|-heal|p1b: March Prime|46/100|[from] item: Leftovers\n|-damage|p2a: Calyrex|24/100|[from] Leech Seed|[of] p1b: March Prime\n|-heal|p1b: March Prime|58/100|[silent]\n|upkeep\n|turn|7\n|\n|t:|1774316180\n|switch|p2b: Landorus|Landorus, L50, M|100/100\n|move|p2a: Calyrex|Seed Bomb|p1b: March Prime\n|-damage|p1b: March Prime|17/100\n|move|p1b: March Prime|Leech Seed|p2b: Landorus\n|-start|p2b: Landorus|move: Leech Seed\n|\n|-weather|RainDance|[upkeep]\n|-heal|p1b: March Prime|23/100|[from] item: Leftovers\n|-damage|p2b: Landorus|88/100|[from] Leech Seed|[of] p1b: March Prime\n|-heal|p1b: March Prime|33/100|[silent]\n|-damage|p2a: Calyrex|12/100|[from] Leech Seed|[of] p1b: March Prime\n|-heal|p1b: March Prime|44/100|[silent]\n|upkeep\n|turn|8\n|\n|t:|1774316193\n|move|p2b: Landorus|Earth Power|p1b: March Prime\n|-damage|p1b: March Prime|11/100\n|move|p2a: Calyrex|Seed Bomb|p1b: March Prime\n|-damage|p1b: March Prime|0 fnt\n|faint|p1b: March Prime\n|\n|win|ScribbleScribble\n|c|\u2606magicalarcher57|GG\n|c|\u2606ScribbleScribble|gg\n|l|\u2606magicalarcher57\n|player|p1|\n|l|\u2606ScribbleScribble\n|player|p2|\n|l| TimeforCHILLI\n|l| sgrace\n|l| shocccco\u2764\n|l| aurora ltd\n|j|\u2606magicalarcher57\n|player|p1|magicalarcher57|bellelba|\n|j| mcccon314\n","uploadtime":1774316310,"views":15,"formatid":"gen9vgc2026regi","rating":null,"private":0,"password":null}