{"id":"gen9vgc2026regi-2558830117","format":"[Gen 9] VGC 2026 Reg I","players":["blackred123","DAMPJuice"],"log":"|j|\u2606blackred123\n|j|\u2606DAMPJuice\n|t:|1773490192\n|gametype|doubles\n|player|p1|blackred123|iono-masters|1308\n|player|p2|DAMPJuice|elesa|1296\n|gen|9\n|tier|[Gen 9] VGC 2026 Reg I\n|rated|\n|rule|Species Clause: Limit one of each Pok\u00e9mon\n|rule|Item Clause: Limit 1 of each item\n|clearpoke\n|poke|p1|Groudon, L50|\n|poke|p1|Lunala, L50|\n|poke|p1|Whimsicott, L50, M|\n|poke|p1|Rillaboom, L50, F|\n|poke|p1|Venusaur, L50, M|\n|poke|p1|Smeargle, L50, M|\n|poke|p2|Lunala, L50|\n|poke|p2|Incineroar, L50, F|\n|poke|p2|Araquanid, L50, F|\n|poke|p2|Miraidon, L50|\n|poke|p2|Sneasler, L50, F|\n|teampreview|4\n|inactive|Battle timer is ON: inactive players will automatically lose when time's up. (requested by blackred123)\n|inactive|DAMPJuice has 60 seconds left.\n|\n|t:|1773490226\n|teamsize|p1|4\n|teamsize|p2|4\n|start\n|switch|p1a: Groudon|Groudon, L50|100/100\n|switch|p1b: Smeargle|Smeargle, L50, M|100/100\n|switch|p2a: Miraidon|Miraidon, L50|100/100\n|switch|p2b: Sneasler|Sneasler, L50, F|100/100\n|-fieldstart|move: Electric Terrain|[from] ability: Hadron Engine|[of] p2a: Miraidon\n|-weather|SunnyDay|[from] ability: Drought|[of] p1a: Groudon\n|turn|1\n|\n|t:|1773490238\n|move|p1b: Smeargle|Fake Out|p2a: Miraidon\n|-damage|p2a: Miraidon|95/100\n|move|p2b: Sneasler|U-turn|p1b: Smeargle\n|-damage|p1b: Smeargle|42/100\n|\n|t:|1773490241\n|switch|p2b: Araquanid|Araquanid, L50, F|100/100|[from] U-turn\n|-enditem|p2b: Araquanid|Electric Seed\n|-boost|p2b: Araquanid|def|1|[from] item: Electric Seed\n|cant|p2a: Miraidon|flinch\n|move|p1a: Groudon|Precipice Blades|p2b: Araquanid|[spread] p2a,p2b\n|-supereffective|p2a: Miraidon\n|-resisted|p2b: Araquanid\n|-damage|p2a: Miraidon|0 fnt\n|-damage|p2b: Araquanid|83/100\n|faint|p2a: Miraidon\n|\n|-weather|SunnyDay|[upkeep]\n|-ability|p1b: Smeargle|Moody|boost\n|-boost|p1b: Smeargle|spa|2\n|-unboost|p1b: Smeargle|atk|1\n|upkeep\n|\n|t:|1773490245\n|switch|p2a: Lunala|Lunala, L50|100/100\n|turn|2\n|\n|t:|1773490256\n|move|p1b: Smeargle|Decorate|p1a: Groudon\n|-boost|p1a: Groudon|atk|2\n|-boost|p1a: Groudon|spa|2\n|move|p2a: Lunala|Calm Mind|p2a: Lunala\n|-boost|p2a: Lunala|spa|1\n|-boost|p2a: Lunala|spd|1\n|move|p1a: Groudon|High Horsepower|p2b: Araquanid\n|-resisted|p2b: Araquanid\n|-damage|p2b: Araquanid|42/100\n|move|p2b: Araquanid|Infestation|p1a: Groudon\n|-damage|p1a: Groudon|97/100\n|-activate|p1a: Groudon|move: Infestation|[of] p2b: Araquanid\n|\n|-weather|SunnyDay|[upkeep]\n|-damage|p1a: Groudon|85/100|[from] move: Infestation|[partiallytrapped]\n|-ability|p1b: Smeargle|Moody|boost\n|-boost|p1b: Smeargle|def|2\n|-unboost|p1b: Smeargle|spa|1\n|upkeep\n|turn|3\n|\n|t:|1773490275\n|move|p2b: Araquanid|Wide Guard|p2b: Araquanid\n|-singleturn|p2b: Araquanid|Wide Guard\n|move|p1b: Smeargle|Decorate|p1a: Groudon\n|-boost|p1a: Groudon|atk|2\n|-boost|p1a: Groudon|spa|2\n|move|p2a: Lunala|Dazzling Gleam|p1a: Groudon|[spread] p1a,p1b\n|-damage|p1a: Groudon|57/100\n|-damage|p1b: Smeargle|0 fnt\n|faint|p1b: Smeargle\n|move|p1a: Groudon|Precipice Blades|p2b: Araquanid|[spread] \n|-activate|p2a: Lunala|move: Wide Guard\n|-activate|p2b: Araquanid|move: Wide Guard\n|\n|-weather|SunnyDay|[upkeep]\n|-damage|p1a: Groudon|45/100|[from] move: Infestation|[partiallytrapped]\n|upkeep\n|\n|t:|1773490281\n|switch|p1b: Lunala|Lunala, L50|100/100\n|turn|4\n|\n|t:|1773490297\n|-terastallize|p1b: Lunala|Fairy\n|-terastallize|p2a: Lunala|Fairy\n|move|p1b: Lunala|Moongeist Beam|p2a: Lunala\n|-damage|p2a: Lunala|88/100\n|move|p2a: Lunala|Moongeist Beam|p1a: Groudon\n|-damage|p1a: Groudon|0 fnt\n|faint|p1a: Groudon\n|move|p2b: Araquanid|Infestation|p1b: Lunala\n|-resisted|p1b: Lunala\n|-damage|p1b: Lunala|99/100\n|-activate|p1b: Lunala|move: Infestation|[of] p2b: Araquanid\n|\n|-weather|SunnyDay|[upkeep]\n|-heal|p2a: Lunala|94/100|[from] item: Leftovers\n|-damage|p1b: Lunala|88/100|[from] move: Infestation|[partiallytrapped]\n|upkeep\n|\n|t:|1773490308\n|switch|p1a: Rillaboom|Rillaboom, L50, F|100/100\n|-fieldstart|move: Grassy Terrain|[from] ability: Grassy Surge|[of] p1a: Rillaboom\n|turn|5\n|\n|t:|1773490320\n|move|p1a: Rillaboom|Wood Hammer|p2b: Araquanid\n|-damage|p2b: Araquanid|0 fnt\n|faint|p2b: Araquanid\n|-damage|p1a: Rillaboom|89/100|[from] Recoil\n|move|p1b: Lunala|Meteor Beam||[still]\n|-prepare|p1b: Lunala|Meteor Beam\n|-boost|p1b: Lunala|spa|1\n|-enditem|p1b: Lunala|Power Herb\n|-anim|p1b: Lunala|Meteor Beam|p2a: Lunala\n|-damage|p2a: Lunala|66/100\n|move|p2a: Lunala|Moongeist Beam|p1b: Lunala\n|-damage|p1b: Lunala|26/100\n|\n|-weather|none\n|-heal|p1a: Rillaboom|95/100|[from] Grassy Terrain\n|-heal|p1b: Lunala|33/100|[from] Grassy Terrain\n|-heal|p2a: Lunala|72/100|[from] Grassy Terrain\n|-heal|p2a: Lunala|78/100|[from] item: Leftovers\n|-end|p1b: Lunala|Infestation|[partiallytrapped]|[silent]\n|upkeep\n|\n|t:|1773490323\n|switch|p2b: Sneasler|Sneasler, L50, F|100/100\n|turn|6\n|\n|t:|1773490340\n|move|p1a: Rillaboom|Grassy Glide|p2b: Sneasler\n|-resisted|p2b: Sneasler\n|-damage|p2b: Sneasler|70/100\n|move|p2b: Sneasler|Dire Claw|p1b: Lunala\n|-supereffective|p1b: Lunala\n|-damage|p1b: Lunala|0 fnt\n|faint|p1b: Lunala\n|move|p2a: Lunala|Moongeist Beam|p1a: Rillaboom\n|-damage|p1a: Rillaboom|30/100\n|\n|-heal|p2b: Sneasler|76/100|[from] Grassy Terrain\n|-heal|p1a: Rillaboom|36/100|[from] Grassy Terrain\n|-heal|p2a: Lunala|84/100|[from] Grassy Terrain\n|-heal|p2a: Lunala|91/100|[from] item: Leftovers\n|upkeep\n|turn|7\n|-message|blackred123 forfeited.\n|\n|win|DAMPJuice\n|raw|blackred123's rating: 1308 &rarr; <strong>1287</strong><br />(-21 for losing)\n|raw|DAMPJuice's rating: 1296 &rarr; <strong>1322</strong><br />(+26 for winning)\n|l|\u2606blackred123\n|player|p1|\n|l|\u2606DAMPJuice\n|player|p2|\n","uploadtime":1773490576,"views":17,"formatid":"gen9vgc2026regi","rating":1287,"private":0,"password":null}