{"id":"gen9vgc2026regi-2585533295","format":"[Gen 9] VGC 2026 Reg I","players":["KCLord","Abnoctious"],"log":"|j|\u2606KCLord\n|j|\u2606Abnoctious\n|t:|1776353844\n|gametype|doubles\n|player|p1|KCLord|265|1451\n|player|p2|Abnoctious|169|1339\n|gen|9\n|tier|[Gen 9] VGC 2026 Reg I\n|rated|\n|rule|Species Clause: Limit one of each Pok\u00e9mon\n|rule|Item Clause: Limit 1 of each item\n|clearpoke\n|poke|p1|Calyrex-Shadow, L50|\n|poke|p1|Zamazenta-*, L50|\n|poke|p1|Chien-Pao, L50|\n|poke|p1|Dragonite, L50, M|\n|poke|p1|Raging Bolt, L50|\n|poke|p1|Ogerpon-Cornerstone, L50, F|\n|poke|p2|Calyrex-Shadow, L50|\n|poke|p2|Zamazenta-*, L50|\n|poke|p2|Incineroar, L50, M|\n|poke|p2|Rillaboom, L50, M|\n|poke|p2|Amoonguss, L50, F|\n|poke|p2|Chien-Pao, L50|\n|teampreview|4\n|inactive|Battle timer is ON: inactive players will automatically lose when time's up. (requested by Abnoctious)\n|inactive|KCLord has 60 seconds left.\n|inactive|Abnoctious has 60 seconds left.\n|\n|t:|1776353902\n|teamsize|p1|4\n|teamsize|p2|4\n|start\n|switch|p1a: Green Goober|Dragonite, L50, M|100/100\n|switch|p1b: Arlie|Chien-Pao, L50|100/100\n|switch|p2a: Incineroar|Incineroar, L50, M|100/100\n|switch|p2b: Chien-Pao|Chien-Pao, L50|100/100\n|-ability|p2b: Chien-Pao|Sword of Ruin\n|-ability|p1b: Arlie|Sword of Ruin\n|-ability|p2a: Incineroar|Intimidate|boost\n|-fail|p1a: Green Goober|unboost|Attack|[from] ability: Inner Focus|[of] p1a: Green Goober\n|-unboost|p1b: Arlie|atk|1\n|turn|1\n|inactive|Abnoctious has 30 seconds left.\n|\n|t:|1776353933\n|switch|p1b: Zamazenta|Zamazenta-Crowned, L50|100/100\n|-ability|p1b: Zamazenta|Dauntless Shield|boost\n|-boost|p1b: Zamazenta|def|1\n|-terastallize|p1a: Green Goober|Normal\n|move|p2a: Incineroar|Fake Out|p1b: Zamazenta\n|-resisted|p1b: Zamazenta\n|-damage|p1b: Zamazenta|97/100\n|move|p1a: Green Goober|Extreme Speed|p2b: Chien-Pao\n|-damage|p2b: Chien-Pao|9/100\n|move|p2b: Chien-Pao|Icicle Crash|p1a: Green Goober\n|-damage|p1a: Green Goober|49/100\n|\n|upkeep\n|turn|2\n|inactive|KCLord has 30 seconds left.\n|inactive|Abnoctious has 30 seconds left.\n|\n|t:|1776353968\n|move|p2b: Chien-Pao|Protect|p2b: Chien-Pao\n|-singleturn|p2b: Chien-Pao|Protect\n|move|p1a: Green Goober|Extreme Speed|p2b: Chien-Pao\n|-activate|p2b: Chien-Pao|move: Protect\n|move|p1b: Zamazenta|Body Press|p2a: Incineroar\n|-supereffective|p2a: Incineroar\n|-damage|p2a: Incineroar|0 fnt\n|faint|p2a: Incineroar\n|\n|upkeep\n|\n|t:|1776353980\n|switch|p2a: Calyrex|Calyrex-Shadow, L50|100/100\n|-ability|p2a: Calyrex|As One\n|-ability|p2a: Calyrex|Unnerve\n|turn|3\n|\n|t:|1776354003\n|switch|p1a: Arlie|Chien-Pao, L50|100/100\n|-ability|p1a: Arlie|Sword of Ruin\n|move|p2a: Calyrex|Psychic|p1a: Arlie\n|-immune|p1a: Arlie\n|move|p2b: Chien-Pao|Sacred Sword|p1a: Arlie\n|-supereffective|p1a: Arlie\n|-damage|p1a: Arlie|0 fnt\n|faint|p1a: Arlie\n|move|p1b: Zamazenta|Body Press|p2b: Chien-Pao\n|-supereffective|p2b: Chien-Pao\n|-crit|p2b: Chien-Pao\n|-damage|p2b: Chien-Pao|0 fnt\n|faint|p2b: Chien-Pao\n|\n|upkeep\n|\n|t:|1776354025\n|switch|p1a: PinkPonyClub|Calyrex-Shadow, L50|100/100\n|switch|p2b: Zamazenta|Zamazenta-Crowned, L50|100/100\n|-ability|p1a: PinkPonyClub|As One\n|-ability|p1a: PinkPonyClub|Unnerve\n|-ability|p2b: Zamazenta|Dauntless Shield|boost\n|-boost|p2b: Zamazenta|def|1\n|turn|4\n|\n|t:|1776354045\n|-terastallize|p2a: Calyrex|Dark\n|move|p1a: PinkPonyClub|Astral Barrage|p2a: Calyrex|[spread] p2a,p2b\n|-resisted|p2a: Calyrex\n|-damage|p2a: Calyrex|71/100\n|-damage|p2b: Zamazenta|64/100\n|move|p2a: Calyrex|Astral Barrage|p1a: PinkPonyClub|[spread] p1a,p1b\n|-supereffective|p1a: PinkPonyClub\n|-enditem|p1a: PinkPonyClub|Focus Sash\n|-damage|p1a: PinkPonyClub|1/100\n|-damage|p1b: Zamazenta|51/100\n|-damage|p2a: Calyrex|62/100|[from] item: Life Orb\n|move|p1b: Zamazenta|Body Press|p2b: Zamazenta\n|-supereffective|p2b: Zamazenta\n|-damage|p2b: Zamazenta|18/100\n|move|p2b: Zamazenta|Body Press|p1b: Zamazenta\n|-supereffective|p1b: Zamazenta\n|-damage|p1b: Zamazenta|0 fnt\n|faint|p1b: Zamazenta\n|\n|upkeep\n|\n|t:|1776354048\n|switch|p1b: Green Goober|Dragonite, L50, M, tera:Normal|49/100\n|turn|5\n|inactive|Abnoctious has 30 seconds left.\n|inactive|Abnoctious has 20 seconds left.\n|\n|t:|1776354084\n|move|p1b: Green Goober|Extreme Speed|p2a: Calyrex\n|-damage|p2a: Calyrex|0 fnt\n|faint|p2a: Calyrex\n|move|p1a: PinkPonyClub|Psychic|p2b: Zamazenta\n|-damage|p2b: Zamazenta|0 fnt\n|faint|p2b: Zamazenta\n|\n|win|KCLord\n|raw|KCLord's rating: 1451 &rarr; <strong>1465</strong><br />(+14 for winning)\n|raw|Abnoctious's rating: 1339 &rarr; <strong>1325</strong><br />(-14 for losing)\n|c|\u2606KCLord|gg\n|l|\u2606Abnoctious\n|player|p2|\n","uploadtime":1776354121,"views":17,"formatid":"gen9vgc2026regi","rating":1325,"private":0,"password":null}