{"id":"gen9vgc2026regi-2518114330","format":"[Gen 9] VGC 2026 Reg I","players":["Schimmli","oscraft89"],"log":"|j|\u2606Schimmli\n|j|\u2606oscraft89\n|t:|1768343607\n|gametype|doubles\n|player|p1|Schimmli|169|1332\n|player|p2|oscraft89|170|1307\n|gen|9\n|tier|[Gen 9] VGC 2026 Reg I\n|rated|\n|rule|Species Clause: Limit one of each Pok\u00e9mon\n|rule|Item Clause: Limit 1 of each item\n|clearpoke\n|poke|p1|Farigiraf, L50, M|\n|poke|p1|Miraidon, L50|\n|poke|p1|Rayquaza, L50|\n|poke|p1|Chien-Pao, L50|\n|poke|p1|Iron Hands, L50|\n|poke|p1|Volcarona, L50, F|\n|poke|p2|Rillaboom, L50, F|\n|poke|p2|Incineroar, L50, F|\n|poke|p2|Clefairy, L50, M|\n|poke|p2|Calyrex-Shadow, L50|\n|poke|p2|Grimmsnarl, L50, M|\n|poke|p2|Miraidon, L50|\n|teampreview|4\n|\n|t:|1768343637\n|teamsize|p1|4\n|teamsize|p2|4\n|start\n|switch|p1a: Rayquaza|Rayquaza, L50|100/100\n|switch|p1b: Chien-Pao|Chien-Pao, L50|100/100\n|switch|p2a: Rillaboom|Rillaboom, L50, F|100/100\n|switch|p2b: Incineroar|Incineroar, L50, F|100/100\n|-ability|p1b: Chien-Pao|Sword of Ruin\n|-fieldstart|move: Grassy Terrain|[from] ability: Grassy Surge|[of] p2a: Rillaboom\n|-ability|p1a: Rayquaza|Air Lock\n|-ability|p2b: Incineroar|Intimidate|boost\n|-fail|p1a: Rayquaza|unboost|[from] item: Clear Amulet|[of] p1a: Rayquaza\n|-unboost|p1b: Chien-Pao|atk|1\n|turn|1\n|\n|t:|1768343680\n|switch|p1b: Farigiraf|Farigiraf, L50, M|100/100\n|switch|p2b: Miraidon|Miraidon, L50, shiny|100/100\n|-fieldstart|move: Electric Terrain|[from] ability: Hadron Engine|[of] p2b: Miraidon\n|-enditem|p1b: Farigiraf|Electric Seed\n|-boost|p1b: Farigiraf|def|1|[from] item: Electric Seed\n|move|p2a: Rillaboom|Fake Out||[still]\n|cant|p1b: Farigiraf|ability: Armor Tail|Fake Out|[of] p2a: Rillaboom\n|move|p1a: Rayquaza|Dragon Ascent|p2a: Rillaboom\n|-supereffective|p2a: Rillaboom\n|-damage|p2a: Rillaboom|0 fnt\n|-unboost|p1a: Rayquaza|def|1\n|-unboost|p1a: Rayquaza|spd|1\n|faint|p2a: Rillaboom\n|\n|upkeep\n|\n|t:|1768343689\n|switch|p2a: Clefairy|Clefairy, L50, M|100/100\n|turn|2\n|\n|t:|1768343716\n|-terastallize|p2b: Miraidon|Electric\n|move|p1a: Rayquaza|Protect|p1a: Rayquaza\n|-singleturn|p1a: Rayquaza|Protect\n|move|p2b: Miraidon|Electro Drift|p1b: Farigiraf\n|-damage|p1b: Farigiraf|0 fnt\n|faint|p1b: Farigiraf\n|move|p2a: Clefairy|Life Dew||[still]|[still]|[spread] \n|-fail|p2a: Clefairy|heal\n|-fail|p2b: Miraidon|heal\n|\n|upkeep\n|\n|t:|1768343725\n|switch|p1b: Chien-Pao|Chien-Pao, L50|100/100\n|-ability|p1b: Chien-Pao|Sword of Ruin\n|turn|3\n|\n|t:|1768343740\n|switch|p1a: Miraidon|Miraidon, L50|100/100\n|-activate|p1a: Miraidon|ability: Hadron Engine\n|move|p2a: Clefairy|Follow Me|p2a: Clefairy\n|-singleturn|p2a: Clefairy|move: Follow Me\n|move|p2b: Miraidon|Electro Drift|p1a: Miraidon\n|-resisted|p1a: Miraidon\n|-damage|p1a: Miraidon|75/100\n|move|p1b: Chien-Pao|Icicle Crash|p2a: Clefairy\n|-damage|p2a: Clefairy|32/100\n|\n|upkeep\n|turn|4\n|\n|t:|1768343761\n|switch|p2b: Incineroar|Incineroar, L50, F|100/100\n|-ability|p2b: Incineroar|Intimidate|boost\n|-unboost|p1a: Miraidon|atk|1\n|-unboost|p1b: Chien-Pao|atk|1\n|move|p2a: Clefairy|Protect|p2a: Clefairy\n|-singleturn|p2a: Clefairy|Protect\n|move|p1a: Miraidon|Electro Drift|p2a: Clefairy\n|-activate|p2a: Clefairy|move: Protect\n|move|p1b: Chien-Pao|Icicle Crash|p2b: Incineroar\n|-resisted|p2b: Incineroar\n|-damage|p2b: Incineroar|91/100\n|\n|upkeep\n|turn|5\n|\n|t:|1768343793\n|move|p2b: Incineroar|Fake Out|p1a: Miraidon\n|-damage|p1a: Miraidon|63/100\n|cant|p1a: Miraidon|flinch\n|move|p1b: Chien-Pao|Icicle Crash|p2a: Clefairy\n|-damage|p2a: Clefairy|0 fnt\n|faint|p2a: Clefairy\n|\n|-fieldend|move: Electric Terrain\n|upkeep\n|\n|t:|1768343798\n|switch|p2a: Miraidon|Miraidon, L50, shiny, tera:Electric|100/100\n|-fieldstart|move: Electric Terrain|[from] ability: Hadron Engine|[of] p2a: Miraidon\n|turn|6\n|\n|t:|1768343818\n|move|p1b: Chien-Pao|Protect|p1b: Chien-Pao\n|-singleturn|p1b: Chien-Pao|Protect\n|move|p2a: Miraidon|Electro Drift|p1b: Chien-Pao\n|-activate|p1b: Chien-Pao|move: Protect\n|move|p1a: Miraidon|Electro Drift|p2b: Incineroar\n|-damage|p2b: Incineroar|0 fnt\n|faint|p2b: Incineroar\n|\n|upkeep\n|turn|7\n|\n|t:|1768343836\n|move|p2a: Miraidon|Electro Drift|p1b: Chien-Pao\n|-enditem|p1b: Chien-Pao|Focus Sash\n|-damage|p1b: Chien-Pao|1/100\n|move|p1a: Miraidon|Electro Drift|p2a: Miraidon\n|-resisted|p2a: Miraidon\n|-crit|p2a: Miraidon\n|-damage|p2a: Miraidon|36/100\n|move|p1b: Chien-Pao|Throat Chop|p2a: Miraidon\n|-damage|p2a: Miraidon|0 fnt\n|faint|p2a: Miraidon\n|\n|win|Schimmli\n|raw|Schimmli's rating: 1332 &rarr; <strong>1351</strong><br />(+19 for winning)\n|raw|oscraft89's rating: 1307 &rarr; <strong>1288</strong><br />(-19 for losing)\n|l|\u2606oscraft89\n|player|p2|\n|l|\u2606Schimmli\n|player|p1|\n","uploadtime":1768344058,"views":12,"formatid":"gen9vgc2026regi","rating":1288,"private":0,"password":null}