{"id":"gen9vgc2026regi-2527852350","format":"[Gen 9] VGC 2026 Reg I","players":["yaochangzhe","thienhaha555"],"log":"|j|\u2606yaochangzhe\n|j|\u2606thienhaha555\n|t:|1769589059\n|gametype|doubles\n|player|p1|yaochangzhe|2|1332\n|player|p2|thienhaha555|beauty-gen4dp|1320\n|gen|9\n|tier|[Gen 9] VGC 2026 Reg I\n|rated|\n|rule|Species Clause: Limit one of each Pok\u00e9mon\n|rule|Item Clause: Limit 1 of each item\n|clearpoke\n|poke|p1|Ninetales-Alola, L50, M|\n|poke|p1|Miraidon, L50|\n|poke|p1|Clefairy, L50, F|\n|poke|p1|Calyrex-Ice, L50|\n|poke|p1|Volcarona, L50, M|\n|poke|p1|Raging Bolt, L50|\n|poke|p2|Calyrex-Shadow, L50|\n|poke|p2|Solgaleo, L50|\n|poke|p2|Incineroar, L50, M|\n|poke|p2|Rillaboom, L50, F|\n|poke|p2|Tornadus, L50, M|\n|poke|p2|Urshifu-*, L50, M|\n|teampreview|4\n|inactive|Battle timer is ON: inactive players will automatically lose when time's up. (requested by thienhaha555)\n|inactive|yaochangzhe has 60 seconds left.\n|inactive|yaochangzhe has 30 seconds left.\n|\n|t:|1769589135\n|teamsize|p1|4\n|teamsize|p2|4\n|start\n|switch|p1a: Miraidon|Miraidon, L50|100/100\n|switch|p1b: Clefairy|Clefairy, L50, F|100/100\n|switch|p2a: Calyrex|Calyrex-Shadow, L50|100/100\n|switch|p2b: Solgaleo|Solgaleo, L50, shiny|100/100\n|-ability|p2a: Calyrex|As One\n|-ability|p2a: Calyrex|Unnerve\n|-fieldstart|move: Electric Terrain|[from] ability: Hadron Engine|[of] p1a: Miraidon\n|turn|1\n|\n|t:|1769589155\n|move|p1b: Clefairy|Protect|p1b: Clefairy\n|-singleturn|p1b: Clefairy|Protect\n|move|p1a: Miraidon|Volt Switch|p2a: Calyrex\n|-damage|p2a: Calyrex|32/100\n|\n|t:|1769589165\n|switch|p1a: Raging Bolt|Raging Bolt, L50|100/100|[from] Volt Switch\n|move|p2a: Calyrex|Bulldoze|p1b: Clefairy|[spread] p2b,p1a\n|-activate|p1b: Clefairy|move: Protect\n|-supereffective|p2b: Solgaleo\n|-supereffective|p1a: Raging Bolt\n|-damage|p2b: Solgaleo|85/100\n|-damage|p1a: Raging Bolt|90/100\n|-unboost|p1a: Raging Bolt|spe|1\n|-enditem|p2b: Solgaleo|Weakness Policy\n|-boost|p2b: Solgaleo|atk|2|[from] item: Weakness Policy\n|-boost|p2b: Solgaleo|spa|2|[from] item: Weakness Policy\n|move|p2b: Solgaleo|Sunsteel Strike|p1b: Clefairy\n|-activate|p1b: Clefairy|move: Protect\n|\n|upkeep\n|turn|2\n|inactive|thienhaha555 has 30 seconds left.\n|\n|t:|1769589200\n|switch|p2a: Incineroar|Incineroar, L50, M|100/100\n|-ability|p2a: Incineroar|Intimidate|boost\n|-unboost|p1a: Raging Bolt|atk|1\n|-unboost|p1b: Clefairy|atk|1\n|move|p1b: Clefairy|Follow Me|p1b: Clefairy\n|-singleturn|p1b: Clefairy|move: Follow Me\n|move|p2b: Solgaleo|Sunsteel Strike|p1b: Clefairy\n|-supereffective|p1b: Clefairy\n|-damage|p1b: Clefairy|0 fnt\n|faint|p1b: Clefairy\n|move|p1a: Raging Bolt|Rising Voltage|p2b: Solgaleo\n|-hint|Rising Voltage's BP doubled on grounded target.\n|-crit|p2b: Solgaleo\n|-damage|p2b: Solgaleo|0 fnt\n|faint|p2b: Solgaleo\n|-damage|p1a: Raging Bolt|81/100|[from] item: Life Orb\n|\n|upkeep\n|\n|t:|1769589223\n|switch|p2b: Calyrex|Calyrex-Shadow, L50|32/100\n|switch|p1b: Calyrex|Calyrex-Ice, L50|100/100\n|-ability|p2b: Calyrex|As One\n|-ability|p2b: Calyrex|Unnerve\n|-ability|p1b: Calyrex|As One\n|-ability|p1b: Calyrex|Unnerve\n|turn|3\n|\n|t:|1769589239\n|-terastallize|p1b: Calyrex|Fire\n|move|p2a: Incineroar|Fake Out|p1a: Raging Bolt\n|-damage|p1a: Raging Bolt|72/100\n|cant|p1a: Raging Bolt|flinch\n|move|p2b: Calyrex|Astral Barrage|p1a: Raging Bolt|[spread] p1a,p1b\n|-damage|p1a: Raging Bolt|24/100\n|-damage|p1b: Calyrex|61/100\n|move|p1b: Calyrex|High Horsepower|p2a: Incineroar\n|-supereffective|p2a: Incineroar\n|-damage|p2a: Incineroar|23/100\n|\n|upkeep\n|turn|4\n|\n|t:|1769589255\n|switch|p2a: Rillaboom|Rillaboom, L50, F|100/100\n|-fieldstart|move: Grassy Terrain|[from] ability: Grassy Surge|[of] p2a: Rillaboom\n|move|p2b: Calyrex|Protect|p2b: Calyrex\n|-singleturn|p2b: Calyrex|Protect\n|move|p1a: Raging Bolt|Thunderclap||[still]\n|-fail|p1a: Raging Bolt\n|move|p1b: Calyrex|Glacial Lance|p2b: Calyrex|[spread] p2a\n|-activate|p2b: Calyrex|move: Protect\n|-supereffective|p2a: Rillaboom\n|-damage|p2a: Rillaboom|0 fnt\n|faint|p2a: Rillaboom\n|-ability|p1b: Calyrex|Chilling Neigh|boost\n|-boost|p1b: Calyrex|atk|1\n|\n|-heal|p2b: Calyrex|38/100|[from] Grassy Terrain\n|-heal|p1b: Calyrex|67/100|[from] Grassy Terrain\n|-heal|p1a: Raging Bolt|30/100|[from] Grassy Terrain\n|upkeep\n|\n|t:|1769589264\n|switch|p2a: Incineroar|Incineroar, L50, M|23/100\n|-ability|p2a: Incineroar|Intimidate|boost\n|-unboost|p1a: Raging Bolt|atk|1\n|-fail|p1b: Calyrex|unboost|[from] item: Clear Amulet|[of] p1b: Calyrex\n|turn|5\n|\n|t:|1769589268\n|move|p1b: Calyrex|Protect|p1b: Calyrex\n|-singleturn|p1b: Calyrex|Protect\n|move|p1a: Raging Bolt|Protect|p1a: Raging Bolt\n|-singleturn|p1a: Raging Bolt|Protect\n|move|p2a: Incineroar|Fake Out|p1a: Raging Bolt\n|-activate|p1a: Raging Bolt|move: Protect\n|move|p2b: Calyrex|Astral Barrage|p1a: Raging Bolt|[spread] \n|-activate|p1a: Raging Bolt|move: Protect\n|-activate|p1b: Calyrex|move: Protect\n|\n|-heal|p2b: Calyrex|44/100|[from] Grassy Terrain\n|-heal|p2a: Incineroar|29/100|[from] Grassy Terrain\n|-heal|p1b: Calyrex|72/100|[from] Grassy Terrain\n|-heal|p1a: Raging Bolt|36/100|[from] Grassy Terrain\n|upkeep\n|turn|6\n|-message|thienhaha555 forfeited.\n|\n|win|yaochangzhe\n|raw|yaochangzhe's rating: 1332 &rarr; <strong>1351</strong><br />(+19 for winning)\n|raw|thienhaha555's rating: 1320 &rarr; <strong>1301</strong><br />(-19 for losing)\n|l|\u2606thienhaha555\n|player|p2|\n|l|\u2606yaochangzhe\n|player|p1|\n","uploadtime":1769589449,"views":15,"formatid":"gen9vgc2026regi","rating":1301,"private":0,"password":null}