{"id":"gen9vgc2026regi-2568503210","format":"[Gen 9] VGC 2026 Reg I","players":["XxxInnovationxxX","momentaueita"],"log":"|j|\u2606XxxInnovationxxX\n|j|\u2606momentaueita\n|t:|1774586670\n|gametype|doubles\n|player|p1|XxxInnovationxxX|2|1251\n|player|p2|momentaueita|flint|1352\n|gen|9\n|tier|[Gen 9] VGC 2026 Reg I\n|rated|\n|rule|Species Clause: Limit one of each Pok\u00e9mon\n|rule|Item Clause: Limit 1 of each item\n|clearpoke\n|poke|p1|Whimsicott, L50, M|\n|poke|p1|Koraidon, L50|\n|poke|p1|Gouging Fire, L50|\n|poke|p1|Urshifu-*, L50, M|\n|poke|p1|Indeedee-F, L50, F|\n|poke|p1|Calyrex-Shadow, L50|\n|poke|p2|Incineroar, L50, F|\n|poke|p2|Thundurus, L50, M|\n|poke|p2|Kyogre, L50|\n|poke|p2|Calyrex-Ice, L50|\n|poke|p2|Farigiraf, L50, F|\n|poke|p2|Ursaluna-Bloodmoon, L50, M|\n|teampreview|4\n|inactive|Battle timer is ON: inactive players will automatically lose when time's up. (requested by momentaueita)\n|inactive|XxxInnovationxxX has 60 seconds left.\n|inactive|momentaueita has 60 seconds left.\n|\n|t:|1774586709\n|teamsize|p1|4\n|teamsize|p2|4\n|start\n|switch|p1a: Koraidon|Koraidon, L50|100/100\n|switch|p1b: Calyrex|Calyrex-Shadow, L50|100/100\n|switch|p2a: Calyrex|Calyrex-Ice, L50|100/100\n|switch|p2b: Farigiraf|Farigiraf, L50, F|100/100\n|-ability|p1b: Calyrex|As One\n|-ability|p1b: Calyrex|Unnerve\n|-ability|p2a: Calyrex|As One\n|-ability|p2a: Calyrex|Unnerve\n|-weather|SunnyDay|[from] ability: Orichalcum Pulse|[of] p1a: Koraidon\n|-activate|p1a: Koraidon|Orichalcum Pulse|[source]\n|turn|1\n|inactive|XxxInnovationxxX has 30 seconds left.\n|\n|t:|1774586736\n|-terastallize|p1a: Koraidon|Fire\n|-terastallize|p2a: Calyrex|Grass\n|move|p1b: Calyrex|Imprison|p1b: Calyrex\n|-start|p1b: Calyrex|move: Imprison\n|move|p1a: Koraidon|Flare Blitz|p2b: Farigiraf\n|-damage|p2b: Farigiraf|5/100\n|-damage|p1a: Koraidon|62/100|[from] Recoil\n|move|p2b: Farigiraf|Foul Play|p1b: Calyrex\n|-supereffective|p1b: Calyrex\n|-damage|p1b: Calyrex|32/100\n|cant|p2a: Calyrex|move: Imprison|Trick Room\n|\n|-weather|SunnyDay|[upkeep]\n|upkeep\n|turn|2\n|inactive|momentaueita has 30 seconds left.\n|\n|t:|1774586768\n|switch|p2b: Incineroar|Incineroar, L50, F|100/100\n|-ability|p2b: Incineroar|Intimidate|boost\n|-fail|p1a: Koraidon|unboost|[from] item: Clear Amulet|[of] p1a: Koraidon\n|-unboost|p1b: Calyrex|atk|1\n|move|p2a: Calyrex|Protect|p2a: Calyrex\n|-singleturn|p2a: Calyrex|Protect\n|move|p1b: Calyrex|Expanding Force|p2b: Incineroar\n|-immune|p2b: Incineroar\n|move|p1a: Koraidon|Flare Blitz|p2a: Calyrex\n|-activate|p2a: Calyrex|move: Protect\n|\n|-weather|SunnyDay|[upkeep]\n|upkeep\n|turn|3\n|\n|t:|1774586780\n|switch|p1b: Indeedee|Indeedee-F, L50, F|100/100\n|-fieldstart|move: Psychic Terrain|[from] ability: Psychic Surge|[of] p1b: Indeedee\n|move|p2b: Incineroar|Fake Out|p1a: Koraidon\n|-activate|p1a: Koraidon|move: Psychic Terrain\n|move|p1a: Koraidon|Flare Blitz|p2a: Calyrex\n|-supereffective|p2a: Calyrex\n|-damage|p2a: Calyrex|0 fnt\n|faint|p2a: Calyrex\n|-damage|p1a: Koraidon|29/100|[from] Recoil\n|\n|-weather|SunnyDay|[upkeep]\n|upkeep\n|\n|t:|1774586786\n|switch|p2a: Ursaluna|Ursaluna-Bloodmoon, L50, M|100/100\n|turn|4\n|\n|t:|1774586802\n|move|p2a: Ursaluna|Protect|p2a: Ursaluna\n|-singleturn|p2a: Ursaluna|Protect\n|move|p1b: Indeedee|Follow Me|p1b: Indeedee\n|-singleturn|p1b: Indeedee|move: Follow Me\n|move|p1a: Koraidon|Collision Course|p2a: Ursaluna\n|-activate|p2a: Ursaluna|move: Protect\n|move|p2b: Incineroar|Knock Off|p1b: Indeedee\n|-supereffective|p1b: Indeedee\n|-damage|p1b: Indeedee|19/100\n|-damage|p2b: Incineroar|84/100|[from] item: Rocky Helmet|[of] p1b: Indeedee\n|-enditem|p1b: Indeedee|Rocky Helmet|[from] move: Knock Off|[of] p2b: Incineroar\n|\n|-weather|SunnyDay|[upkeep]\n|upkeep\n|turn|5\n|\n|t:|1774586817\n|switch|p2a: Farigiraf|Farigiraf, L50, F|5/100\n|-enditem|p2a: Farigiraf|Sitrus Berry|[eat]\n|-heal|p2a: Farigiraf|30/100|[from] item: Sitrus Berry\n|move|p1b: Indeedee|Follow Me|p1b: Indeedee\n|-singleturn|p1b: Indeedee|move: Follow Me\n|move|p1a: Koraidon|Collision Course|p2a: Farigiraf\n|-damage|p2a: Farigiraf|0 fnt\n|faint|p2a: Farigiraf\n|move|p2b: Incineroar|Snarl|p1b: Indeedee|[spread] p1a,p1b\n|-crit|p1a: Koraidon\n|-supereffective|p1b: Indeedee\n|-damage|p1a: Koraidon|8/100\n|-damage|p1b: Indeedee|0 fnt\n|faint|p1b: Indeedee\n|\n|-weather|none\n|upkeep\n|\n|t:|1774586832\n|switch|p1b: Urshifu|Urshifu, L50, M|100/100\n|switch|p2a: Ursaluna|Ursaluna-Bloodmoon, L50, M|100/100\n|turn|6\n|\n|t:|1774586840\n|move|p1a: Koraidon|Collision Course|p2b: Incineroar\n|-supereffective|p2b: Incineroar\n|-damage|p2b: Incineroar|0 fnt\n|faint|p2b: Incineroar\n|move|p1b: Urshifu|Close Combat|p2a: Ursaluna\n|-supereffective|p2a: Ursaluna\n|-damage|p2a: Ursaluna|0 fnt\n|-unboost|p1b: Urshifu|def|1\n|-unboost|p1b: Urshifu|spd|1\n|faint|p2a: Ursaluna\n|\n|win|XxxInnovationxxX\n|raw|XxxInnovationxxX's rating: 1251 &rarr; <strong>1283</strong><br />(+32 for winning)\n|raw|momentaueita's rating: 1352 &rarr; <strong>1326</strong><br />(-26 for losing)\n|l|\u2606XxxInnovationxxX\n|player|p1|\n|l|\u2606momentaueita\n|player|p2|\n","uploadtime":1774587024,"views":16,"formatid":"gen9vgc2026regi","rating":1283,"private":0,"password":null}