{"id":"gen9vgc2026regi-2564956295","format":"[Gen 9] VGC 2026 Reg I","players":["Harry Koekenpan","ktdgdfutkrtku"],"log":"|j|\u2606Harry Koekenpan\n|j|\u2606ktdgdfutkrtku\n|t:|1774214087\n|gametype|doubles\n|player|p1|Harry Koekenpan|101|1189\n|player|p2|ktdgdfutkrtku|riley|1130\n|gen|9\n|tier|[Gen 9] VGC 2026 Reg I\n|rated|\n|rule|Species Clause: Limit one of each Pok\u00e9mon\n|rule|Item Clause: Limit 1 of each item\n|clearpoke\n|poke|p1|Dondozo, L50, M|\n|poke|p1|Tatsugiri-Droopy, L50, M|\n|poke|p1|Weezing-Galar, L50, F|\n|poke|p1|Calyrex-Shadow, L50|\n|poke|p1|Miraidon, L50|\n|poke|p1|Iron Hands, L50|\n|poke|p2|Luxray, L50, M|\n|poke|p2|Terapagos, L50, M|\n|poke|p2|Incineroar, L50, M|\n|poke|p2|Rillaboom, L50, M|\n|poke|p2|Ogerpon-Cornerstone, L50, F|\n|poke|p2|Calyrex-Shadow, L50|\n|teampreview|4\n|inactive|Battle timer is ON: inactive players will automatically lose when time's up. (requested by Harry Koekenpan)\nktdgdfutkrtku has agreed to open team sheets.\n|\n|t:|1774214124\n|teamsize|p1|4\n|teamsize|p2|4\n|start\n|switch|p1a: Miraidon|Miraidon, L50|100/100\n|switch|p1b: Iron Hands|Iron Hands, L50|100/100\n|switch|p2a: Luxray|Luxray, L50, M|100/100\n|switch|p2b: Rillaboom|Rillaboom, L50, M, shiny|100/100\n|-fieldstart|move: Electric Terrain|[from] ability: Hadron Engine|[of] p1a: Miraidon\n|-activate|p1b: Iron Hands|ability: Quark Drive\n|-start|p1b: Iron Hands|quarkdriveatk\n|-ability|p2a: Luxray|Intimidate|boost\n|-unboost|p1a: Miraidon|atk|1\n|-unboost|p1b: Iron Hands|atk|1\n|-fieldstart|move: Grassy Terrain|[from] ability: Grassy Surge|[of] p2b: Rillaboom\n|-end|p1b: Iron Hands|Quark Drive\n|turn|1\n|inactive|Harry Koekenpan has 30 seconds left.\n|\n|t:|1774214152\n|move|p2b: Rillaboom|Fake Out|p1a: Miraidon\n|-damage|p1a: Miraidon|89/100\n|move|p1b: Iron Hands|Fake Out|p2b: Rillaboom\n|-damage|p2b: Rillaboom|93/100\n|cant|p1a: Miraidon|flinch\n|move|p2a: Luxray|Howl|p2a: Luxray|[spread] p2a,p2b\n|-boost|p2a: Luxray|atk|1\n|-boost|p2b: Rillaboom|atk|1\n|\n|-heal|p1a: Miraidon|95/100|[from] Grassy Terrain\n|-heal|p2b: Rillaboom|99/100|[from] Grassy Terrain\n|upkeep\n|turn|2\n|\n|t:|1774214174\n|move|p1a: Miraidon|Volt Switch|p2b: Rillaboom\n|-resisted|p2b: Rillaboom\n|-damage|p2b: Rillaboom|80/100\n|\n|t:|1774214178\n|switch|p1a: Dondozo|Dondozo, L50, M|100/100|[from] Volt Switch\n|move|p2a: Luxray|Howl|p2a: Luxray|[spread] p2a,p2b\n|-boost|p2a: Luxray|atk|1\n|-boost|p2b: Rillaboom|atk|1\n|move|p2b: Rillaboom|Wood Hammer|p1b: Iron Hands\n|-damage|p1b: Iron Hands|10/100\n|-damage|p2b: Rillaboom|43/100|[from] Recoil\n|move|p1b: Iron Hands|Drain Punch|p2b: Rillaboom\n|-damage|p2b: Rillaboom|22/100\n|-heal|p1b: Iron Hands|18/100|[from] drain|[of] p2b: Rillaboom\n|\n|-heal|p2b: Rillaboom|28/100|[from] Grassy Terrain\n|-heal|p1b: Iron Hands|24/100|[from] Grassy Terrain\n|upkeep\n|turn|3\n|\n|t:|1774214200\n|-end|p1b: Iron Hands|Quark Drive|[silent]\n|switch|p1b: Tatsugiri|Tatsugiri-Droopy, L50, M|100/100\n|-activate|p1b: Tatsugiri|ability: Commander|[of] p1a: Dondozo\n|-boost|p1a: Dondozo|atk|2\n|-boost|p1a: Dondozo|spa|2\n|-boost|p1a: Dondozo|spe|2\n|-boost|p1a: Dondozo|def|2\n|-boost|p1a: Dondozo|spd|2\n|-terastallize|p1a: Dondozo|Grass\n|move|p2b: Rillaboom|Grassy Glide|p1b: Tatsugiri|[miss]\n|-miss|p2b: Rillaboom|p1b: Tatsugiri\n|move|p2a: Luxray|Thunder Wave|p1a: Dondozo\n|-status|p1a: Dondozo|par\n|move|p1a: Dondozo|Body Press|p2b: Rillaboom\n|-damage|p2b: Rillaboom|0 fnt\n|faint|p2b: Rillaboom\n|\n|upkeep\n|\n|t:|1774214219\n|switch|p2b: Terapagos|Terapagos, L50, M|100/100\n|-activate|p2b: Terapagos|ability: Tera Shift\n|detailschange|p2b: Terapagos|Terapagos-Terastal, L50, M\n|-heal|p2b: Terapagos|100/100|[silent]\n|turn|4\n|\n|t:|1774214230\n|-terastallize|p2b: Terapagos|Stellar\n|detailschange|p2b: Terapagos|Terapagos-Stellar, L50, M, tera:Stellar\n|-heal|p2b: Terapagos|100/100|[silent]\n|-ability|p2b: Terapagos|Teraform Zero\n|-fieldend|move: Grassy Terrain\n|move|p2a: Luxray|Supercell Slam|p1a: Dondozo\n|-resisted|p1a: Dondozo\n|-damage|p1a: Dondozo|96/100 par\n|move|p2b: Terapagos|Calm Mind|p2b: Terapagos\n|-boost|p2b: Terapagos|spa|1\n|-boost|p2b: Terapagos|spd|1\n|cant|p1a: Dondozo|par\n|\n|-heal|p1a: Dondozo|100/100 par|[from] item: Leftovers\n|upkeep\n|turn|5\n|\n|t:|1774214250\n|move|p2a: Luxray|Psychic Fangs|p1a: Dondozo\n|-damage|p1a: Dondozo|95/100 par\n|move|p2b: Terapagos|Tera Starstorm|p1b: Tatsugiri|[spread] p1a\n|-miss|p2b: Terapagos|p1b: Tatsugiri\n|-supereffective|p1a: Dondozo\n|-damage|p1a: Dondozo|65/100 par\n|cant|p1a: Dondozo|par\n|\n|-heal|p1a: Dondozo|71/100 par|[from] item: Leftovers\n|upkeep\n|turn|6\n|inactive|ktdgdfutkrtku has 30 seconds left.\n|\n|t:|1774214276\n|switch|p2a: Calyrex|Calyrex-Shadow, L50|100/100\n|-ability|p2a: Calyrex|As One\n|-ability|p2a: Calyrex|Unnerve\n|move|p1a: Dondozo|Protect|p1a: Dondozo\n|-singleturn|p1a: Dondozo|Protect\n|move|p2b: Terapagos|Calm Mind|p2b: Terapagos\n|-boost|p2b: Terapagos|spa|1\n|-boost|p2b: Terapagos|spd|1\n|\n|-heal|p1a: Dondozo|77/100 par|[from] item: Leftovers\n|upkeep\n|turn|7\n|\n|t:|1774214290\n|move|p2a: Calyrex|Pollen Puff|p1a: Dondozo\n|-supereffective|p1a: Dondozo\n|-damage|p1a: Dondozo|44/100 par\n|move|p2b: Terapagos|Tera Starstorm|p1a: Dondozo|[spread] p1a\n|-miss|p2b: Terapagos|p1b: Tatsugiri\n|-supereffective|p1a: Dondozo\n|-damage|p1a: Dondozo|11/100 par\n|cant|p1a: Dondozo|par\n|\n|-heal|p1a: Dondozo|18/100 par|[from] item: Leftovers\n|upkeep\n|turn|8\n|\n|t:|1774214302\n|move|p1a: Dondozo|Protect|p1a: Dondozo\n|-singleturn|p1a: Dondozo|Protect\n|move|p2a: Calyrex|Astral Barrage|p1a: Dondozo|[spread] \n|-miss|p2a: Calyrex|p1b: Tatsugiri\n|-activate|p1a: Dondozo|move: Protect\n|move|p2b: Terapagos|Tera Starstorm|p1b: Tatsugiri|[spread] \n|-miss|p2b: Terapagos|p1b: Tatsugiri\n|-activate|p1a: Dondozo|move: Protect\n|\n|-heal|p1a: Dondozo|24/100 par|[from] item: Leftovers\n|upkeep\n|turn|9\n|\n|t:|1774214310\n|move|p2a: Calyrex|Astral Barrage|p1b: Tatsugiri|[spread] p1a\n|-miss|p2a: Calyrex|p1b: Tatsugiri\n|-damage|p1a: Dondozo|2/100 par\n|move|p2b: Terapagos|Tera Starstorm|p1a: Dondozo|[spread] p1a\n|-miss|p2b: Terapagos|p1b: Tatsugiri\n|-supereffective|p1a: Dondozo\n|-damage|p1a: Dondozo|0 fnt\n|faint|p1a: Dondozo\n|\n|upkeep\n|\n|t:|1774214321\n|switch|p1a: Iron Hands|Iron Hands, L50|24/100\n|turn|10\n|\n|t:|1774214327\n|move|p1a: Iron Hands|Fake Out|p2b: Terapagos\n|-damage|p2b: Terapagos|93/100\n|move|p2a: Calyrex|Astral Barrage|p1a: Iron Hands|[spread] p1a,p1b\n|-damage|p1a: Iron Hands|1/100\n|-damage|p1b: Tatsugiri|34/100\n|move|p1b: Tatsugiri|Muddy Water|p2a: Calyrex|[spread] p2a,p2b\n|-damage|p2a: Calyrex|63/100\n|-damage|p2b: Terapagos|81/100\n|-unboost|p2a: Calyrex|accuracy|1\n|cant|p2b: Terapagos|flinch\n|\n|-heal|p2b: Terapagos|88/100|[from] item: Leftovers\n|upkeep\n|turn|11\n|\n|t:|1774214343\n|move|p2a: Calyrex|Astral Barrage|p1a: Iron Hands|[spread] p1a\n|-miss|p2a: Calyrex|p1b: Tatsugiri\n|-crit|p1a: Iron Hands\n|-damage|p1a: Iron Hands|0 fnt\n|faint|p1a: Iron Hands\n|-end|p1a: Iron Hands|Quark Drive|[silent]\n|-ability|p2a: Calyrex|Grim Neigh|boost\n|-boost|p2a: Calyrex|spa|1\n|move|p1b: Tatsugiri|Muddy Water|p2b: Terapagos|[spread] p2a,p2b\n|-damage|p2a: Calyrex|28/100\n|-damage|p2b: Terapagos|76/100\n|move|p2b: Terapagos|Tera Starstorm|p1b: Tatsugiri\n|-damage|p1b: Tatsugiri|0 fnt\n|faint|p1b: Tatsugiri\n|\n|-heal|p2b: Terapagos|82/100|[from] item: Leftovers\n|upkeep\n|\n|t:|1774214357\n|switch|p1a: Miraidon|Miraidon, L50|95/100\n|-fieldstart|move: Electric Terrain|[from] ability: Hadron Engine|[of] p1a: Miraidon\n|turn|12\n|\n|t:|1774214370\n|move|p2a: Calyrex|Pollen Puff|p2b: Terapagos\n|-heal|p2b: Terapagos|100/100\n|move|p1a: Miraidon|Electro Drift|p2b: Terapagos\n|-damage|p2b: Terapagos|55/100\n|move|p2b: Terapagos|Earth Power|p1a: Miraidon\n|-supereffective|p1a: Miraidon\n|-damage|p1a: Miraidon|0 fnt\n|faint|p1a: Miraidon\n|\n|win|ktdgdfutkrtku\n|raw|Harry Koekenpan's rating: 1189 &rarr; <strong>1160</strong><br />(-29 for losing)\n|raw|ktdgdfutkrtku's rating: 1130 &rarr; <strong>1159</strong><br />(+29 for winning)\n|l|\u2606Harry Koekenpan\n|player|p1|\n|l|\u2606ktdgdfutkrtku\n|player|p2|\n","uploadtime":1774214615,"views":10,"formatid":"gen9vgc2026regi","rating":1159,"private":0,"password":null}