{"id":"gen9vgc2026regi-2540892480","format":"[Gen 9] VGC 2026 Reg I","players":["little_pichu1","lalo's pollos"],"log":"|j|\u2606little_pichu1\n|j|\u2606lalo's pollos\n|t:|1771264569\n|gametype|doubles\n|player|p1|little_pichu1|viola|1474\n|player|p2|lalo's pollos|169|1555\n|gen|9\n|tier|[Gen 9] VGC 2026 Reg I\n|rated|\n|rule|Species Clause: Limit one of each Pok\u00e9mon\n|rule|Item Clause: Limit 1 of each item\n|clearpoke\n|poke|p1|Calyrex-Shadow, L50|\n|poke|p1|Pichu, L50, F|\n|poke|p1|Amoonguss, L50, M|\n|poke|p1|Kyogre, L50|\n|poke|p1|Ogerpon-Cornerstone, L50, F|\n|poke|p1|Urshifu-*, L50, M|\n|poke|p2|Zamazenta-*, L50|\n|poke|p2|Lunala, L50|\n|poke|p2|Rillaboom, L50, M|\n|poke|p2|Incineroar, L50, M|\n|poke|p2|Urshifu-*, L50, F|\n|poke|p2|Tornadus, L50, M|\n|teampreview|4\n|inactive|Battle timer is ON: inactive players will automatically lose when time's up. (requested by little_pichu1)\n|inactive|little_pichu1 has 60 seconds left.\n|\n|t:|1771264614\n|teamsize|p1|4\n|teamsize|p2|4\n|start\n|switch|p1a: Urshifu|Urshifu, L50, M|100/100\n|switch|p1b: Pichu|Pichu, L50, F|100/100\n|switch|p2a: Zamazenta|Zamazenta-Crowned, L50|100/100\n|switch|p2b: Tornadus|Tornadus, L50, M|100/100\n|-ability|p2a: Zamazenta|Dauntless Shield|boost\n|-boost|p2a: Zamazenta|def|1\n|turn|1\n|\n|t:|1771264629\n|move|p1b: Pichu|Fake Out|p2a: Zamazenta\n|-resisted|p2a: Zamazenta\n|-damage|p2a: Zamazenta|99/100\n|move|p2b: Tornadus|Bleakwind Storm|p1a: Urshifu|[spread] p1a,p1b\n|-supereffective|p1a: Urshifu\n|-resisted|p1b: Pichu\n|-damage|p1a: Urshifu|0 fnt\n|-damage|p1b: Pichu|29/100\n|faint|p1a: Urshifu\n|cant|p2a: Zamazenta|flinch\n|\n|upkeep\n|\n|t:|1771264638\n|switch|p1a: Ogerpon|Ogerpon-Cornerstone, L50, F|100/100\n|turn|2\n|\n|t:|1771264648\n|move|p1a: Ogerpon|Spiky Shield|p1a: Ogerpon\n|-singleturn|p1a: Ogerpon|move: Protect\n|move|p2b: Tornadus|Bleakwind Storm|p1a: Ogerpon|[spread] p1b\n|-activate|p1a: Ogerpon|move: Protect\n|-resisted|p1b: Pichu\n|-damage|p1b: Pichu|0 fnt\n|faint|p1b: Pichu\n|move|p2a: Zamazenta|Body Press|p1a: Ogerpon\n|-activate|p1a: Ogerpon|move: Protect\n|-damage|p2a: Zamazenta|86/100|[from] Spiky Shield|[of] p1a: Ogerpon\n|\n|upkeep\n|\n|t:|1771264653\n|switch|p1b: Calyrex|Calyrex-Shadow, L50|100/100\n|-ability|p1b: Calyrex|As One\n|-ability|p1b: Calyrex|Unnerve\n|turn|3\n|\n|t:|1771264673\n|-terastallize|p1b: Calyrex|Ghost\n|move|p2a: Zamazenta|Protect|p2a: Zamazenta\n|-singleturn|p2a: Zamazenta|Protect\n|move|p1a: Ogerpon|Follow Me|p1a: Ogerpon\n|-singleturn|p1a: Ogerpon|move: Follow Me\n|move|p2b: Tornadus|Tailwind|p2b: Tornadus\n|-sidestart|p2: lalo's pollos|move: Tailwind\n|move|p1b: Calyrex|Astral Barrage|p2a: Zamazenta|[spread] p2b\n|-activate|p2a: Zamazenta|move: Protect\n|-enditem|p2b: Tornadus|Focus Sash\n|-damage|p2b: Tornadus|1/100\n|\n|upkeep\n|turn|4\n|\n|t:|1771264682\n|move|p1a: Ogerpon|Follow Me|p1a: Ogerpon\n|-singleturn|p1a: Ogerpon|move: Follow Me\n|move|p2b: Tornadus|Bleakwind Storm|p1a: Ogerpon|[spread] p1a,p1b\n|-damage|p1a: Ogerpon|53/100\n|-damage|p1b: Calyrex|63/100\n|move|p2a: Zamazenta|Heavy Slam|p1a: Ogerpon\n|-supereffective|p1a: Ogerpon\n|-damage|p1a: Ogerpon|0 fnt\n|faint|p1a: Ogerpon\n|move|p1b: Calyrex|Astral Barrage|p2b: Tornadus|[spread] p2a,p2b\n|-damage|p2a: Zamazenta|24/100\n|-damage|p2b: Tornadus|0 fnt\n|faint|p2b: Tornadus\n|-ability|p1b: Calyrex|Grim Neigh|boost\n|-boost|p1b: Calyrex|spa|1\n|\n|upkeep\n|\n|t:|1771264686\n|switch|p2b: Lunala|Lunala, L50|100/100\n|turn|5\n|\n|t:|1771264694\n|move|p1b: Calyrex|Protect|p1b: Calyrex\n|-singleturn|p1b: Calyrex|Protect\n|move|p2a: Zamazenta|Heavy Slam|p1b: Calyrex\n|-activate|p1b: Calyrex|move: Protect\n|move|p2b: Lunala|Moongeist Beam|p1b: Calyrex\n|-activate|p1b: Calyrex|move: Protect\n|\n|upkeep\n|turn|6\n|j| lunala fairy ghost\n|\n|t:|1771264710\n|move|p1b: Calyrex|Protect|p1b: Calyrex\n|-singleturn|p1b: Calyrex|Protect\n|move|p2a: Zamazenta|Heavy Slam|p1b: Calyrex\n|-activate|p1b: Calyrex|move: Protect\n|move|p2b: Lunala|Moongeist Beam|p1b: Calyrex\n|-activate|p1b: Calyrex|move: Protect\n|\n|-sideend|p2: lalo's pollos|move: Tailwind\n|upkeep\n|turn|7\n|\n|t:|1771264725\n|move|p2a: Zamazenta|Wide Guard|p2a: Zamazenta\n|-singleturn|p2a: Zamazenta|Wide Guard\n|move|p1b: Calyrex|Astral Barrage|p2a: Zamazenta|[spread] \n|-activate|p2a: Zamazenta|move: Wide Guard\n|-activate|p2b: Lunala|move: Wide Guard\n|move|p2b: Lunala|Moongeist Beam|p1b: Calyrex\n|-supereffective|p1b: Calyrex\n|-damage|p1b: Calyrex|0 fnt\n|faint|p1b: Calyrex\n|\n|win|lalo's pollos\n|raw|little_pichu1's rating: 1474 &rarr; <strong>1459</strong><br />(-15 for losing)\n|raw|lalo&apos;s pollos's rating: 1555 &rarr; <strong>1570</strong><br />(+15 for winning)\n|l|\u2606little_pichu1\n|player|p1|\n|l| lunala fairy ghost\n|l|\u2606lalo's pollos\n|player|p2|\n","uploadtime":1771264929,"views":37,"formatid":"gen9vgc2026regi","rating":1459,"private":0,"password":null}