{"id":"gen9vgc2026regi-2525053725","format":"[Gen 9] VGC 2026 Reg I","players":["tuanzaivgc","Rillabossman"],"log":"|j|\u2606tuanzaivgc\n|j|\u2606Rillabossman\n|t:|1769222340\n|gametype|doubles\n|player|p1|tuanzaivgc|marnie|1368\n|player|p2|Rillabossman|burglar|1401\n|gen|9\n|tier|[Gen 9] VGC 2026 Reg I\n|rated|\n|rule|Species Clause: Limit one of each Pok\u00e9mon\n|rule|Item Clause: Limit 1 of each item\n|clearpoke\n|poke|p1|Koraidon, L50|\n|poke|p1|Calyrex-Shadow, L50|\n|poke|p1|Chi-Yu, L50|\n|poke|p1|Weezing-Galar, L50, F|\n|poke|p1|Dondozo, L50, F|\n|poke|p1|Tatsugiri-Droopy, L50, F|\n|poke|p2|Calyrex-Shadow, L50|\n|poke|p2|Groudon, L50|\n|poke|p2|Grimmsnarl, L50, M|\n|poke|p2|Incineroar, L50, F|\n|poke|p2|Raging Bolt, L50|\n|poke|p2|Volcarona, L50, F|\n|teampreview|4\n|c|\u2606Rillabossman|glhf\n|\n|t:|1769222369\n|teamsize|p1|4\n|teamsize|p2|4\n|start\n|switch|p1a: Calyrex|Calyrex-Shadow, L50|100/100\n|switch|p1b: Chi-Yu|Chi-Yu, L50|100/100\n|switch|p2a: Calyrex|Calyrex-Shadow, L50|100/100\n|switch|p2b: Incineroar|Incineroar, L50, F, shiny|100/100\n|-ability|p2a: Calyrex|As One\n|-ability|p2a: Calyrex|Unnerve\n|-ability|p1a: Calyrex|As One\n|-ability|p1a: Calyrex|Unnerve\n|-ability|p1b: Chi-Yu|Beads of Ruin\n|-ability|p2b: Incineroar|Intimidate|boost\n|-unboost|p1a: Calyrex|atk|1\n|-unboost|p1b: Chi-Yu|atk|1\n|turn|1\n|inactive|Battle timer is ON: inactive players will automatically lose when time's up. (requested by tuanzaivgc)\n|\n|t:|1769222387\n|move|p1a: Calyrex|Protect|p1a: Calyrex\n|-singleturn|p1a: Calyrex|Protect\n|move|p2a: Calyrex|Protect|p2a: Calyrex\n|-singleturn|p2a: Calyrex|Protect\n|move|p1b: Chi-Yu|Heat Wave|p2b: Incineroar|[spread] p2b\n|-activate|p2a: Calyrex|move: Protect\n|-resisted|p2b: Incineroar\n|-damage|p2b: Incineroar|74/100\n|move|p2b: Incineroar|Knock Off|p1b: Chi-Yu\n|-resisted|p1b: Chi-Yu\n|-damage|p1b: Chi-Yu|71/100\n|-enditem|p1b: Chi-Yu|Choice Scarf|[from] move: Knock Off|[of] p2b: Incineroar\n|\n|upkeep\n|turn|2\n|\n|t:|1769222401\n|switch|p2a: Raging Bolt|Raging Bolt, L50|100/100\n|switch|p1a: Tatsugiri|Tatsugiri-Droopy, L50, F|100/100\n|switch|p1b: Dondozo|Dondozo, L50, F|100/100\n|-activate|p1a: Tatsugiri|ability: Commander|[of] p1b: Dondozo\n|-boost|p1b: Dondozo|atk|2\n|-boost|p1b: Dondozo|spa|2\n|-boost|p1b: Dondozo|spe|2\n|-boost|p1b: Dondozo|def|2\n|-boost|p1b: Dondozo|spd|2\n|move|p2b: Incineroar|Knock Off|p1a: Tatsugiri|[miss]\n|-miss|p2b: Incineroar|p1a: Tatsugiri\n|\n|upkeep\n|turn|3\n|\n|t:|1769222421\n|-terastallize|p1b: Dondozo|Grass\n|move|p1b: Dondozo|Body Press|p2b: Incineroar\n|-supereffective|p2b: Incineroar\n|-damage|p2b: Incineroar|5/100\n|move|p2a: Raging Bolt|Draco Meteor|p1b: Dondozo\n|-damage|p1b: Dondozo|71/100\n|-unboost|p2a: Raging Bolt|spa|2\n|move|p2b: Incineroar|Knock Off|p1b: Dondozo\n|-damage|p1b: Dondozo|60/100\n|-enditem|p1b: Dondozo|Leftovers|[from] move: Knock Off|[of] p2b: Incineroar\n|\n|upkeep\n|turn|4\n|\n|t:|1769222433\n|switch|p2b: Calyrex|Calyrex-Shadow, L50|100/100\n|-ability|p2b: Calyrex|As One\n|-ability|p2b: Calyrex|Unnerve\n|move|p1b: Dondozo|Protect|p1b: Dondozo\n|-singleturn|p1b: Dondozo|Protect\n|move|p2a: Raging Bolt|Draco Meteor|p1b: Dondozo\n|-activate|p1b: Dondozo|move: Protect\n|\n|upkeep\n|turn|5\n|\n|t:|1769222442\n|move|p2b: Calyrex|Psychic|p1b: Dondozo\n|-damage|p1b: Dondozo|39/100\n|move|p1b: Dondozo|Order Up|p2b: Calyrex\n|-damage|p2b: Calyrex|52/100\n|-boost|p1b: Dondozo|def|1\n|move|p2a: Raging Bolt|Draco Meteor|p1b: Dondozo\n|-damage|p1b: Dondozo|11/100\n|-unboost|p2a: Raging Bolt|spa|2\n|\n|upkeep\n|turn|6\n|\n|t:|1769222452\n|switch|p2b: Incineroar|Incineroar, L50, F, shiny|5/100\n|-ability|p2b: Incineroar|Intimidate|boost\n|-unboost|p1a: Tatsugiri|atk|1\n|-unboost|p1b: Dondozo|atk|1\n|-end|p2a: Raging Bolt|Protosynthesis|[silent]\n|switch|p2a: Volcarona|Volcarona, L50, F|100/100\n|move|p1b: Dondozo|Protect||[still]\n|-fail|p1b: Dondozo\n|\n|upkeep\n|turn|7\n|\n|t:|1769222462\n|move|p1b: Dondozo|Protect|p1b: Dondozo\n|-singleturn|p1b: Dondozo|Protect\n|move|p2b: Incineroar|Fake Out|p1b: Dondozo\n|-activate|p1b: Dondozo|move: Protect\n|move|p2a: Volcarona|Quiver Dance|p2a: Volcarona\n|-boost|p2a: Volcarona|spa|1\n|-boost|p2a: Volcarona|spd|1\n|-boost|p2a: Volcarona|spe|1\n|\n|upkeep\n|turn|8\n|\n|t:|1769222475\n|-terastallize|p2a: Volcarona|Water\n|move|p2a: Volcarona|Quiver Dance|p2a: Volcarona\n|-boost|p2a: Volcarona|spa|1\n|-boost|p2a: Volcarona|spd|1\n|-boost|p2a: Volcarona|spe|1\n|move|p1b: Dondozo|Wave Crash|p2a: Volcarona\n|-resisted|p2a: Volcarona\n|-damage|p2a: Volcarona|72/100\n|-damage|p1b: Dondozo|4/100|[from] Recoil\n|move|p2b: Incineroar|Flare Blitz|p1b: Dondozo\n|-supereffective|p1b: Dondozo\n|-damage|p1b: Dondozo|0 fnt\n|faint|p1b: Dondozo\n|-damage|p2b: Incineroar|3/100|[from] Recoil\n|\n|-heal|p2a: Volcarona|79/100|[from] item: Leftovers\n|upkeep\n|\n|t:|1769222490\n|switch|p1b: Calyrex|Calyrex-Shadow, L50|100/100\n|-ability|p1b: Calyrex|As One\n|-ability|p1b: Calyrex|Unnerve\n|turn|9\n|\n|t:|1769222495\n|move|p1a: Tatsugiri|Helping Hand|p1b: Calyrex\n|-singleturn|p1b: Calyrex|Helping Hand|[of] p1a: Tatsugiri\n|move|p2a: Volcarona|Fiery Dance|p1b: Calyrex\n|-damage|p1b: Calyrex|23/100\n|-boost|p2a: Volcarona|spa|1\n|move|p1b: Calyrex|Astral Barrage|p2b: Incineroar|[spread] p2a,p2b\n|-resisted|p2b: Incineroar\n|-damage|p2a: Volcarona|43/100\n|-damage|p2b: Incineroar|0 fnt\n|faint|p2b: Incineroar\n|-ability|p1b: Calyrex|Grim Neigh|boost\n|-boost|p1b: Calyrex|spa|1\n|\n|-heal|p2a: Volcarona|49/100|[from] item: Leftovers\n|upkeep\n|\n|t:|1769222505\n|switch|p2b: Raging Bolt|Raging Bolt, L50|100/100\n|turn|10\n|-message|tuanzaivgc forfeited.\n|\n|win|Rillabossman\n|raw|tuanzaivgc's rating: 1368 &rarr; <strong>1351</strong><br />(-17 for losing)\n|raw|Rillabossman's rating: 1415 &rarr; <strong>1432</strong><br />(+17 for winning)\n|l|\u2606tuanzaivgc\n|player|p1|\n|c|\u2606Rillabossman|gg\n|j| Xmann0025\n|l| Xmann0025\n|l|\u2606Rillabossman\n|player|p2|\n","uploadtime":1769222720,"views":13,"formatid":"gen9vgc2026regi","rating":1351,"private":0,"password":null}