{"id":"gen9vgc2026regi-2527191922","format":"[Gen 9] VGC 2026 Reg I","players":["ky123456","Low Tier Goodra"],"log":"|j|\u2606ky123456\n|j|\u2606Low Tier Goodra\n|t:|1769510963\n|gametype|doubles\n|player|p1|ky123456|cynthia-gen4|1518\n|player|p2|Low Tier Goodra|jasmine|1479\n|gen|9\n|tier|[Gen 9] VGC 2026 Reg I\n|rated|\n|rule|Species Clause: Limit one of each Pok\u00e9mon\n|rule|Item Clause: Limit 1 of each item\n|clearpoke\n|poke|p1|Kyogre, L50|\n|poke|p1|Calyrex-Ice, L50|\n|poke|p1|Grimmsnarl, L50, M|\n|poke|p1|Rillaboom, L50, F|\n|poke|p1|Landorus, L50, M|\n|poke|p1|Urshifu-*, L50, M|\n|poke|p2|Calyrex-Ice, L50|\n|poke|p2|Kyogre, L50|\n|poke|p2|Sinistcha-Masterpiece, L50|\n|poke|p2|Rillaboom, L50, M|\n|poke|p2|Ursaluna, L50, M|\n|poke|p2|Incineroar, L50, M|\n|teampreview|4\n|\n|t:|1769510986\n|teamsize|p1|4\n|teamsize|p2|4\n|start\n|switch|p1a: Calyrex|Calyrex-Ice, L50|100/100\n|switch|p1b: Grimmsnarl|Grimmsnarl, L50, M|100/100\n|switch|p2a: Rillaboom|Rillaboom, L50, M|100/100\n|switch|p2b: Calyrex|Calyrex-Ice, L50|100/100\n|-ability|p1a: Calyrex|As One\n|-ability|p1a: Calyrex|Unnerve\n|-ability|p2b: Calyrex|As One\n|-ability|p2b: Calyrex|Unnerve\n|-fieldstart|move: Grassy Terrain|[from] ability: Grassy Surge|[of] p2a: Rillaboom\n|turn|1\n|\n|t:|1769511015\n|-terastallize|p2a: Rillaboom|Water\n|move|p2a: Rillaboom|Taunt|p1b: Grimmsnarl\n|-start|p1b: Grimmsnarl|move: Taunt\n|move|p1b: Grimmsnarl|Foul Play|p2b: Calyrex\n|-supereffective|p2b: Calyrex\n|-damage|p2b: Calyrex|43/100\n|move|p1a: Calyrex|Glacial Lance|p2a: Rillaboom|[spread] p2a,p2b\n|-resisted|p2a: Rillaboom\n|-crit|p2a: Rillaboom\n|-resisted|p2b: Calyrex\n|-damage|p2a: Rillaboom|60/100\n|-damage|p2b: Calyrex|28/100\n|move|p2b: Calyrex|Trick Room|p2b: Calyrex\n|-fieldstart|move: Trick Room|[of] p2b: Calyrex\n|\n|-heal|p2b: Calyrex|34/100|[from] Grassy Terrain\n|-heal|p2a: Rillaboom|66/100|[from] Grassy Terrain\n|upkeep\n|turn|2\n|\n|t:|1769511042\n|move|p2b: Calyrex|Protect|p2b: Calyrex\n|-singleturn|p2b: Calyrex|Protect\n|move|p1a: Calyrex|Leech Seed|p2b: Calyrex\n|-activate|p2b: Calyrex|move: Protect\n|move|p1b: Grimmsnarl|Foul Play|p2a: Rillaboom\n|-damage|p2a: Rillaboom|9/100\n|move|p2a: Rillaboom|U-turn|p1a: Calyrex\n|-supereffective|p1a: Calyrex\n|-damage|p1a: Calyrex|70/100\n|\n|t:|1769511051\n|switch|p2a: Kyogre|Kyogre, L50|100/100|[from] U-turn\n|-weather|RainDance|[from] ability: Drizzle|[of] p2a: Kyogre\n|\n|-weather|RainDance|[upkeep]\n|-heal|p2b: Calyrex|40/100|[from] Grassy Terrain\n|-heal|p1a: Calyrex|75/100|[from] Grassy Terrain\n|-heal|p1a: Calyrex|81/100|[from] item: Leftovers\n|upkeep\n|turn|3\n|\n|t:|1769511083\n|move|p2a: Kyogre|Water Spout|p1b: Grimmsnarl|[spread] p1a,p1b\n|-damage|p1a: Calyrex|20/100\n|-damage|p1b: Grimmsnarl|0 fnt\n|faint|p1b: Grimmsnarl\n|move|p2b: Calyrex|Glacial Lance|p1a: Calyrex\n|-resisted|p1a: Calyrex\n|-damage|p1a: Calyrex|0 fnt\n|faint|p1a: Calyrex\n|-ability|p2b: Calyrex|Chilling Neigh|boost\n|-boost|p2b: Calyrex|atk|1\n|\n|-weather|RainDance|[upkeep]\n|-heal|p2b: Calyrex|45/100|[from] Grassy Terrain\n|upkeep\n|\n|t:|1769511087\n|switch|p1a: Kyogre|Kyogre, L50|100/100\n|switch|p1b: Urshifu|Urshifu-Rapid-Strike, L50, M|100/100\n|turn|4\n|\n|t:|1769511104\n|move|p2a: Kyogre|Thunder|p1b: Urshifu\n|-supereffective|p1b: Urshifu\n|-damage|p1b: Urshifu|0 fnt\n|faint|p1b: Urshifu\n|move|p2b: Calyrex|Glacial Lance|p1a: Kyogre\n|-resisted|p1a: Kyogre\n|-damage|p1a: Kyogre|58/100\n|move|p1a: Kyogre|Origin Pulse|p2a: Kyogre|[spread] p2b\n|-miss|p1a: Kyogre|p2a: Kyogre\n|-damage|p2b: Calyrex|7/100\n|\n|-weather|RainDance|[upkeep]\n|-heal|p2b: Calyrex|13/100|[from] Grassy Terrain\n|-heal|p1a: Kyogre|64/100|[from] Grassy Terrain\n|upkeep\n|turn|5\n|\n|t:|1769511117\n|move|p2a: Kyogre|Thunder|p1a: Kyogre\n|-supereffective|p1a: Kyogre\n|-damage|p1a: Kyogre|20/100\n|move|p2b: Calyrex|Glacial Lance|p1a: Kyogre\n|-resisted|p1a: Kyogre\n|-damage|p1a: Kyogre|0 fnt\n|faint|p1a: Kyogre\n|\n|win|Low Tier Goodra\n|raw|ky123456's rating: 1518 &rarr; <strong>1496</strong><br />(-22 for losing)\n|raw|Low Tier Goodra's rating: 1479 &rarr; <strong>1501</strong><br />(+22 for winning)\n|l|\u2606ky123456\n|player|p1|\n","uploadtime":1769511278,"views":18,"formatid":"gen9vgc2026regi","rating":1496,"private":0,"password":null}