{"id":"gen9vgc2026regi-2526008584","format":"[Gen 9] VGC 2026 Reg I","players":["Alex1664","Schimmli"],"log":"|j|\u2606Alex1664\n|j|\u2606Schimmli\n|t:|1769362124\n|gametype|doubles\n|player|p1|Alex1664|red|1380\n|player|p2|Schimmli|1|1497\n|gen|9\n|tier|[Gen 9] VGC 2026 Reg I\n|rated|\n|rule|Species Clause: Limit one of each Pok\u00e9mon\n|rule|Item Clause: Limit 1 of each item\n|clearpoke\n|poke|p1|Chi-Yu, L50|\n|poke|p1|Flutter Mane, L50|\n|poke|p1|Koraidon, L50|\n|poke|p1|Lunala, L50|\n|poke|p1|Ursaluna, L50, M|\n|poke|p1|Brute Bonnet, L50|\n|poke|p2|Terapagos, L50, M|\n|poke|p2|Calyrex-Shadow, L50|\n|poke|p2|Flutter Mane, L50|\n|poke|p2|Ogerpon-Cornerstone, L50, F|\n|poke|p2|Incineroar, L50, F|\n|poke|p2|Rillaboom, L50, M|\n|teampreview|4\n|inactive|Battle timer is ON: inactive players will automatically lose when time's up. (requested by Alex1664)\n|\n|t:|1769362158\n|teamsize|p1|4\n|teamsize|p2|4\n|start\n|switch|p1a: Chi-Yu|Chi-Yu, L50|100/100\n|switch|p1b: Koraidon|Koraidon, L50, shiny|100/100\n|switch|p2a: Terapagos|Terapagos, L50, M|100/100\n|switch|p2b: Incineroar|Incineroar, L50, F, shiny|100/100\n|-activate|p2a: Terapagos|ability: Tera Shift\n|detailschange|p2a: Terapagos|Terapagos-Terastal, L50, M\n|-heal|p2a: Terapagos|100/100|[silent]\n|-ability|p1a: Chi-Yu|Beads of Ruin\n|-weather|SunnyDay|[from] ability: Orichalcum Pulse|[of] p1b: Koraidon\n|-activate|p1b: Koraidon|Orichalcum Pulse|[source]\n|-ability|p2b: Incineroar|Intimidate|boost\n|-unboost|p1a: Chi-Yu|atk|1\n|-unboost|p1b: Koraidon|atk|1\n|turn|1\n|inactive|Alex1664 has 30 seconds left.\n|inactive|Alex1664 has 20 seconds left.\n|\n|t:|1769362196\n|move|p2b: Incineroar|Fake Out|p1a: Chi-Yu\n|-damage|p1a: Chi-Yu|83/100\n|cant|p1a: Chi-Yu|flinch\n|move|p1b: Koraidon|Flame Charge|p2a: Terapagos\n|-activate|p2a: Terapagos|ability: Tera Shell\n|-resisted|p2a: Terapagos\n|-damage|p2a: Terapagos|91/100\n|-boost|p1b: Koraidon|spe|1\n|-damage|p1b: Koraidon|91/100|[from] item: Life Orb\n|move|p2a: Terapagos|Calm Mind|p2a: Terapagos\n|-boost|p2a: Terapagos|spa|1\n|-boost|p2a: Terapagos|spd|1\n|\n|-weather|SunnyDay|[upkeep]\n|-heal|p2a: Terapagos|97/100|[from] item: Leftovers\n|upkeep\n|turn|2\n|inactive|Alex1664 has 30 seconds left.\n|inactive|Alex1664 has 20 seconds left.\n|inactive|Alex1664 has 15 seconds left.\n|inactive|Alex1664 has 10 seconds left.\n|\n|t:|1769362243\n|move|p2a: Terapagos|Protect|p2a: Terapagos\n|-singleturn|p2a: Terapagos|Protect\n|move|p1b: Koraidon|Close Combat|p2b: Incineroar\n|-supereffective|p2b: Incineroar\n|-damage|p2b: Incineroar|0 fnt\n|-unboost|p1b: Koraidon|def|1\n|-unboost|p1b: Koraidon|spd|1\n|-damage|p1b: Koraidon|74/100|[from] item: Rocky Helmet|[of] p2b: Incineroar\n|faint|p2b: Incineroar\n|-damage|p1b: Koraidon|65/100|[from] item: Life Orb\n|move|p1a: Chi-Yu|Heat Wave|p2a: Terapagos\n|-activate|p2a: Terapagos|move: Protect\n|\n|-weather|SunnyDay|[upkeep]\n|-heal|p2a: Terapagos|100/100|[from] item: Leftovers\n|upkeep\n|\n|t:|1769362267\n|switch|p2b: Flutter Mane|Flutter Mane, L50|100/100\n|-activate|p2b: Flutter Mane|ability: Protosynthesis\n|-start|p2b: Flutter Mane|protosynthesisspe\n|turn|3\n|\n|t:|1769362290\n|-terastallize|p2a: Terapagos|Stellar\n|detailschange|p2a: Terapagos|Terapagos-Stellar, L50, M, tera:Stellar\n|-heal|p2a: Terapagos|100/100|[silent]\n|-ability|p2a: Terapagos|Teraform Zero\n|-weather|none\n|-end|p2b: Flutter Mane|Protosynthesis\n|-enditem|p2b: Flutter Mane|Booster Energy\n|-activate|p2b: Flutter Mane|ability: Protosynthesis|[fromitem]\n|-start|p2b: Flutter Mane|protosynthesisspe\n|move|p1b: Koraidon|Protect|p1b: Koraidon\n|-singleturn|p1b: Koraidon|Protect\n|move|p2b: Flutter Mane|Protect|p2b: Flutter Mane\n|-singleturn|p2b: Flutter Mane|Protect\n|move|p1a: Chi-Yu|Heat Wave|p2a: Terapagos|[spread] p2a\n|-activate|p2b: Flutter Mane|move: Protect\n|-damage|p2a: Terapagos|78/100\n|move|p2a: Terapagos|Tera Starstorm|p1a: Chi-Yu|[spread] p1a\n|-activate|p1b: Koraidon|move: Protect\n|-damage|p1a: Chi-Yu|22/100\n|\n|-heal|p2a: Terapagos|85/100|[from] item: Leftovers\n|upkeep\n|turn|4\n|inactive|Alex1664 has 30 seconds left.\n|inactive|Schimmli has 30 seconds left.\n|inactive|Alex1664 has 20 seconds left.\n|\n|t:|1769362325\n|switch|p1b: Lunala|Lunala, L50, shiny|100/100\n|switch|p1a: Flutter Mane|Flutter Mane, L50, shiny|100/100\n|move|p2a: Terapagos|Protect|p2a: Terapagos\n|-singleturn|p2a: Terapagos|Protect\n|move|p2b: Flutter Mane|Moonblast|p1a: Flutter Mane\n|-damage|p1a: Flutter Mane|52/100\n|\n|-heal|p2a: Terapagos|91/100|[from] item: Leftovers\n|upkeep\n|turn|5\n|inactive|Alex1664 has 30 seconds left.\n|inactive|Alex1664 has 20 seconds left.\n|inactive|Alex1664 has 15 seconds left.\n|\n|t:|1769362365\n|-terastallize|p1b: Lunala|Fairy\n|move|p1a: Flutter Mane|Protect|p1a: Flutter Mane\n|-singleturn|p1a: Flutter Mane|Protect\n|move|p2b: Flutter Mane|Taunt|p1b: Lunala\n|-start|p1b: Lunala|move: Taunt\n|move|p1b: Lunala|Moongeist Beam|p2b: Flutter Mane\n|-supereffective|p2b: Flutter Mane\n|-crit|p2b: Flutter Mane\n|-damage|p2b: Flutter Mane|0 fnt\n|faint|p2b: Flutter Mane\n|-end|p2b: Flutter Mane|Protosynthesis|[silent]\n|move|p2a: Terapagos|Earth Power|p1a: Flutter Mane\n|-activate|p1a: Flutter Mane|move: Protect\n|\n|-heal|p2a: Terapagos|97/100|[from] item: Leftovers\n|upkeep\n|\n|t:|1769362376\n|switch|p2b: Calyrex|Calyrex-Shadow, L50|100/100\n|-ability|p2b: Calyrex|As One\n|-ability|p2b: Calyrex|Unnerve\n|turn|6\n|inactive|Alex1664 has 30 seconds left.\n|\n|t:|1769362410\n|move|p2b: Calyrex|Astral Barrage|p1b: Lunala|[spread] p1a,p1b\n|-supereffective|p1a: Flutter Mane\n|-damage|p1a: Flutter Mane|0 fnt\n|-damage|p1b: Lunala|83/100\n|faint|p1a: Flutter Mane\n|-end|p1a: Flutter Mane|Protosynthesis|[silent]\n|-ability|p2b: Calyrex|Grim Neigh|boost\n|-boost|p2b: Calyrex|spa|1\n|move|p1b: Lunala|Meteor Beam||[still]\n|-prepare|p1b: Lunala|Meteor Beam\n|-boost|p1b: Lunala|spa|1\n|-enditem|p1b: Lunala|Power Herb\n|-anim|p1b: Lunala|Meteor Beam|p2a: Terapagos\n|-crit|p2a: Terapagos\n|-damage|p2a: Terapagos|42/100\n|move|p2a: Terapagos|Tera Starstorm|p1b: Lunala\n|-supereffective|p1b: Lunala\n|-damage|p1b: Lunala|0 fnt\n|faint|p1b: Lunala\n|\n|-heal|p2a: Terapagos|48/100|[from] item: Leftovers\n|upkeep\n|\n|t:|1769362428\n|switch|p1a: Chi-Yu|Chi-Yu, L50|22/100\n|switch|p1b: Koraidon|Koraidon, L50, shiny|65/100\n|-ability|p1a: Chi-Yu|Beads of Ruin\n|-weather|SunnyDay|[from] ability: Orichalcum Pulse|[of] p1b: Koraidon\n|-activate|p1b: Koraidon|Orichalcum Pulse|[source]\n|turn|7\n|inactive|Alex1664 has 30 seconds left.\n|\n|t:|1769362462\n|move|p1a: Chi-Yu|Snarl|p2b: Calyrex|[spread] p2a,p2b\n|-supereffective|p2b: Calyrex\n|-damage|p2a: Terapagos|35/100\n|-enditem|p2b: Calyrex|Focus Sash\n|-damage|p2b: Calyrex|1/100\n|-unboost|p2a: Terapagos|spa|1\n|-unboost|p2b: Calyrex|spa|1\n|move|p2b: Calyrex|Astral Barrage|p1b: Koraidon|[spread] p1a,p1b\n|-resisted|p1a: Chi-Yu\n|-damage|p1a: Chi-Yu|0 fnt\n|-damage|p1b: Koraidon|0 fnt\n|faint|p1a: Chi-Yu\n|faint|p1b: Koraidon\n|\n|win|Schimmli\n|raw|Alex1664's rating: 1380 &rarr; <strong>1366</strong><br />(-14 for losing)\n|raw|Schimmli's rating: 1497 &rarr; <strong>1511</strong><br />(+14 for winning)\n|l|\u2606Alex1664\n|player|p1|\n|l|\u2606Schimmli\n|player|p2|\n","uploadtime":1769362614,"views":14,"formatid":"gen9vgc2026regi","rating":1366,"private":0,"password":null}