{"id":"gen9vgc2026regi-2551428360","format":"[Gen 9] VGC 2026 Reg I","players":["Jiggidy","ryo8989"],"log":"|j|\u2606Jiggidy\n|j|\u2606ryo8989\n|t:|1772600187\n|gametype|doubles\n|player|p1|Jiggidy|101|1367\n|player|p2|ryo8989|erika|1490\n|gen|9\n|tier|[Gen 9] VGC 2026 Reg I\n|rated|\n|rule|Species Clause: Limit one of each Pok\u00e9mon\n|rule|Item Clause: Limit 1 of each item\n|clearpoke\n|poke|p1|Ho-Oh, L50|\n|poke|p1|Urshifu-*, L50, F|\n|poke|p1|Toxapex, L50, F|\n|poke|p1|Miraidon, L50|\n|poke|p1|Rhyperior, L50, M|\n|poke|p1|Flutter Mane, L50|\n|poke|p2|Calyrex-Shadow, L50|\n|poke|p2|Zamazenta-*, L50|\n|poke|p2|Rillaboom, L50, F|\n|poke|p2|Incineroar, L50, F|\n|poke|p2|Raging Bolt, L50|\n|poke|p2|Tornadus, L50, M|\n|teampreview|4\n|\n|t:|1772600211\n|teamsize|p1|4\n|teamsize|p2|4\n|start\n|switch|p1a: Urshifu|Urshifu, L50, F|100/100\n|switch|p1b: Toxapex|Toxapex, L50, F, shiny|100/100\n|switch|p2a: Calyrex|Calyrex-Shadow, L50|100/100\n|switch|p2b: Rillaboom|Rillaboom, L50, F|100/100\n|-ability|p2a: Calyrex|As One\n|-ability|p2a: Calyrex|Unnerve\n|-fieldstart|move: Grassy Terrain|[from] ability: Grassy Surge|[of] p2b: Rillaboom\n|turn|1\n|\n|t:|1772600248\n|-terastallize|p2a: Calyrex|Dark\n|move|p1a: Urshifu|Detect|p1a: Urshifu\n|-singleturn|p1a: Urshifu|Protect\n|move|p1b: Toxapex|Baneful Bunker|p1b: Toxapex\n|-singleturn|p1b: Toxapex|move: Protect\n|move|p2a: Calyrex|Pollen Puff|p1a: Urshifu\n|-activate|p1a: Urshifu|move: Protect\n|move|p2b: Rillaboom|U-turn|p1a: Urshifu\n|-activate|p1a: Urshifu|move: Protect\n|\n|upkeep\n|turn|2\n|\n|t:|1772600272\n|-terastallize|p1b: Toxapex|Dark\n|move|p1b: Toxapex|Wide Guard|p1b: Toxapex\n|-singleturn|p1b: Toxapex|Wide Guard\n|move|p2a: Calyrex|Pollen Puff|p1a: Urshifu\n|-damage|p1a: Urshifu|25/100\n|-damage|p2a: Calyrex|91/100|[from] item: Life Orb\n|move|p1a: Urshifu|Close Combat|p2a: Calyrex\n|-supereffective|p2a: Calyrex\n|-damage|p2a: Calyrex|0 fnt\n|-unboost|p1a: Urshifu|def|1\n|-unboost|p1a: Urshifu|spd|1\n|faint|p2a: Calyrex\n|move|p2b: Rillaboom|U-turn|p1a: Urshifu\n|-damage|p1a: Urshifu|0 fnt\n|faint|p1a: Urshifu\n|\n|t:|1772600289\n|switch|p2b: Zamazenta|Zamazenta-Crowned, L50|100/100|[from] U-turn\n|-ability|p2b: Zamazenta|Dauntless Shield|boost\n|-boost|p2b: Zamazenta|def|1\n|\n|upkeep\n|\n|t:|1772600297\n|switch|p2a: Rillaboom|Rillaboom, L50, F|100/100\n|switch|p1a: Ho-Oh|Ho-Oh, L50|100/100\n|turn|3\n|\n|t:|1772600311\n|switch|p2a: Raging Bolt|Raging Bolt, L50|100/100\n|-enditem|p2a: Raging Bolt|Booster Energy\n|-activate|p2a: Raging Bolt|ability: Protosynthesis|[fromitem]\n|-start|p2a: Raging Bolt|protosynthesisspa\n|move|p2b: Zamazenta|Protect|p2b: Zamazenta\n|-singleturn|p2b: Zamazenta|Protect\n|move|p1a: Ho-Oh|Protect|p1a: Ho-Oh\n|-singleturn|p1a: Ho-Oh|Protect\n|move|p1b: Toxapex|Toxic Spikes|p2b: Zamazenta\n|-sidestart|p2: ryo8989|move: Toxic Spikes\n|\n|upkeep\n|turn|4\n|\n|t:|1772600353\n|move|p2b: Zamazenta|Body Press|p1a: Ho-Oh\n|-resisted|p1a: Ho-Oh\n|-damage|p1a: Ho-Oh|74/100\n|move|p2a: Raging Bolt|Thunderbolt|p1a: Ho-Oh\n|-supereffective|p1a: Ho-Oh\n|-damage|p1a: Ho-Oh|0 fnt\n|faint|p1a: Ho-Oh\n|move|p1b: Toxapex|Infestation|p2b: Zamazenta\n|-resisted|p2b: Zamazenta\n|-damage|p2b: Zamazenta|99/100\n|-activate|p2b: Zamazenta|move: Infestation|[of] p1b: Toxapex\n|\n|-heal|p2b: Zamazenta|100/100|[from] Grassy Terrain\n|-damage|p2b: Zamazenta|88/100|[from] move: Infestation|[partiallytrapped]\n|upkeep\n|\n|t:|1772600365\n|switch|p1a: Miraidon|Miraidon, L50, shiny|100/100\n|-fieldstart|move: Electric Terrain|[from] ability: Hadron Engine|[of] p1a: Miraidon\n|turn|5\n|\n|t:|1772600377\n|-end|p2a: Raging Bolt|Protosynthesis|[silent]\n|switch|p2a: Rillaboom|Rillaboom, L50, F|100/100\n|-status|p2a: Rillaboom|psn\n|-fieldstart|move: Grassy Terrain|[from] ability: Grassy Surge|[of] p2a: Rillaboom\n|move|p1a: Miraidon|Electro Drift|p2b: Zamazenta\n|-damage|p2b: Zamazenta|53/100\n|move|p2b: Zamazenta|Body Press|p1b: Toxapex\n|-supereffective|p1b: Toxapex\n|-damage|p1b: Toxapex|19/100\n|move|p1b: Toxapex|Infestation|p2a: Rillaboom\n|-supereffective|p2a: Rillaboom\n|-damage|p2a: Rillaboom|96/100 psn\n|-activate|p2a: Rillaboom|move: Infestation|[of] p1b: Toxapex\n|\n|-heal|p2b: Zamazenta|59/100|[from] Grassy Terrain\n|-heal|p2a: Rillaboom|100/100 psn|[from] Grassy Terrain\n|-heal|p1b: Toxapex|25/100|[from] Grassy Terrain\n|-heal|p1b: Toxapex|30/100|[from] item: Leftovers\n|-damage|p2a: Rillaboom|88/100 psn|[from] psn\n|-damage|p2b: Zamazenta|47/100|[from] move: Infestation|[partiallytrapped]\n|-damage|p2a: Rillaboom|76/100 psn|[from] move: Infestation|[partiallytrapped]\n|upkeep\n|turn|6\n|\n|t:|1772600401\n|move|p2a: Rillaboom|Fake Out|p1a: Miraidon\n|-damage|p1a: Miraidon|88/100\n|cant|p1a: Miraidon|flinch\n|move|p2b: Zamazenta|Body Press|p1a: Miraidon\n|-damage|p1a: Miraidon|23/100\n|move|p1b: Toxapex|Toxic Spikes|p2a: Rillaboom\n|-sidestart|p2: ryo8989|move: Toxic Spikes\n|\n|-heal|p1a: Miraidon|29/100|[from] Grassy Terrain\n|-heal|p2b: Zamazenta|53/100|[from] Grassy Terrain\n|-heal|p2a: Rillaboom|82/100 psn|[from] Grassy Terrain\n|-heal|p1b: Toxapex|36/100|[from] Grassy Terrain\n|-heal|p1b: Toxapex|42/100|[from] item: Leftovers\n|-damage|p2a: Rillaboom|70/100 psn|[from] psn\n|-damage|p2b: Zamazenta|41/100|[from] move: Infestation|[partiallytrapped]\n|-damage|p2a: Rillaboom|58/100 psn|[from] move: Infestation|[partiallytrapped]\n|upkeep\n|turn|7\n|\n|t:|1772600423\n|move|p2b: Zamazenta|Protect|p2b: Zamazenta\n|-singleturn|p2b: Zamazenta|Protect\n|move|p1b: Toxapex|Baneful Bunker|p1b: Toxapex\n|-singleturn|p1b: Toxapex|move: Protect\n|move|p1a: Miraidon|Electro Drift|p2b: Zamazenta\n|-activate|p2b: Zamazenta|move: Protect\n|move|p2a: Rillaboom|U-turn|p1a: Miraidon\n|-damage|p1a: Miraidon|7/100\n|\n|t:|1772600435\n|switch|p2a: Raging Bolt|Raging Bolt, L50|100/100|[from] U-turn\n|-status|p2a: Raging Bolt|tox\n|\n|-heal|p1a: Miraidon|13/100|[from] Grassy Terrain\n|-heal|p2b: Zamazenta|47/100|[from] Grassy Terrain\n|-heal|p1b: Toxapex|48/100|[from] Grassy Terrain\n|-heal|p1b: Toxapex|53/100|[from] item: Leftovers\n|-damage|p2a: Raging Bolt|94/100 tox|[from] psn\n|-damage|p2b: Zamazenta|35/100|[from] move: Infestation|[partiallytrapped]\n|upkeep\n|turn|8\n|\n|t:|1772600459\n|move|p1a: Miraidon|Electro Drift|p2b: Zamazenta\n|-damage|p2b: Zamazenta|0 fnt\n|faint|p2b: Zamazenta\n|move|p2a: Raging Bolt|Dragon Pulse|p1a: Miraidon\n|-supereffective|p1a: Miraidon\n|-damage|p1a: Miraidon|0 fnt\n|faint|p1a: Miraidon\n|move|p1b: Toxapex|Infestation|p2a: Raging Bolt\n|-damage|p2a: Raging Bolt|91/100 tox\n|-activate|p2a: Raging Bolt|move: Infestation|[of] p1b: Toxapex\n|\n|-heal|p2a: Raging Bolt|98/100 tox|[from] Grassy Terrain\n|-heal|p1b: Toxapex|59/100|[from] Grassy Terrain\n|-heal|p1b: Toxapex|65/100|[from] item: Leftovers\n|-damage|p2a: Raging Bolt|85/100 tox|[from] psn\n|-damage|p2a: Raging Bolt|73/100 tox|[from] move: Infestation|[partiallytrapped]\n|upkeep\n|\n|t:|1772600475\n|switch|p2b: Rillaboom|Rillaboom, L50, F|58/100 psn\n|turn|9\n|\n|t:|1772600494\n|move|p1b: Toxapex|Baneful Bunker|p1b: Toxapex\n|-singleturn|p1b: Toxapex|move: Protect\n|move|p2b: Rillaboom|Fake Out|p1b: Toxapex\n|-activate|p1b: Toxapex|move: Protect\n|move|p2a: Raging Bolt|Thunderbolt|p1b: Toxapex\n|-activate|p1b: Toxapex|move: Protect\n|\n|-heal|p2a: Raging Bolt|79/100 tox|[from] Grassy Terrain\n|-heal|p2b: Rillaboom|64/100 psn|[from] Grassy Terrain\n|-heal|p1b: Toxapex|71/100|[from] Grassy Terrain\n|-heal|p1b: Toxapex|76/100|[from] item: Leftovers\n|-damage|p2a: Raging Bolt|60/100 tox|[from] psn\n|-damage|p2b: Rillaboom|52/100 psn|[from] psn\n|-damage|p2a: Raging Bolt|48/100 tox|[from] move: Infestation|[partiallytrapped]\n|-fieldend|move: Grassy Terrain\n|upkeep\n|turn|10\n|\n|t:|1772600514\n|move|p2a: Raging Bolt|Thunderbolt|p1b: Toxapex\n|-damage|p1b: Toxapex|30/100\n|move|p2b: Rillaboom|U-turn|p1b: Toxapex\n|-supereffective|p1b: Toxapex\n|-damage|p1b: Toxapex|1/100\n|move|p1b: Toxapex|Infestation|p2b: Rillaboom\n|-supereffective|p2b: Rillaboom\n|-damage|p2b: Rillaboom|47/100 psn\n|-activate|p2b: Rillaboom|move: Infestation|[of] p1b: Toxapex\n|\n|-heal|p1b: Toxapex|7/100|[from] item: Leftovers\n|-damage|p2a: Raging Bolt|23/100 tox|[from] psn\n|-damage|p2b: Rillaboom|35/100 psn|[from] psn\n|-damage|p2a: Raging Bolt|11/100 tox|[from] move: Infestation|[partiallytrapped]\n|-damage|p2b: Rillaboom|23/100 psn|[from] move: Infestation|[partiallytrapped]\n|upkeep\n|turn|11\n|\n|t:|1772600532\n|move|p1b: Toxapex|Baneful Bunker|p1b: Toxapex\n|-singleturn|p1b: Toxapex|move: Protect\n|move|p2a: Raging Bolt|Thunderbolt|p1b: Toxapex\n|-activate|p1b: Toxapex|move: Protect\n|move|p2b: Rillaboom|U-turn|p1b: Toxapex\n|-activate|p1b: Toxapex|move: Protect\n|\n|-heal|p1b: Toxapex|13/100|[from] item: Leftovers\n|-damage|p2a: Raging Bolt|0 fnt|[from] psn\n|faint|p2a: Raging Bolt\n|-end|p2a: Raging Bolt|Protosynthesis|[silent]\n|-damage|p2b: Rillaboom|11/100 psn|[from] psn\n|-damage|p2b: Rillaboom|0 fnt|[from] move: Infestation|[partiallytrapped]\n|faint|p2b: Rillaboom\n|\n|win|Jiggidy\n|raw|Jiggidy's rating: 1367 &rarr; <strong>1394</strong><br />(+27 for winning)\n|raw|ryo8989's rating: 1490 &rarr; <strong>1463</strong><br />(-27 for losing)\n|l|\u2606ryo8989\n|player|p2|\n","uploadtime":1772600554,"views":16,"formatid":"gen9vgc2026regi","rating":1394,"private":0,"password":null}