{"id":"gen9vgc2026regi-2530001792","format":"[Gen 9] VGC 2026 Reg I","players":["tktkkenzoku","ky123456"],"log":"|j|\u2606tktkkenzoku\n|j|\u2606ky123456\n|t:|1769861883\n|gametype|doubles\n|player|p1|tktkkenzoku|cynthia|1356\n|player|p2|ky123456|cynthia-gen4|1545\n|gen|9\n|tier|[Gen 9] VGC 2026 Reg I\n|rated|\n|rule|Species Clause: Limit one of each Pok\u00e9mon\n|rule|Item Clause: Limit 1 of each item\n|clearpoke\n|poke|p1|Miraidon, L50|\n|poke|p1|Calyrex-Shadow, L50|\n|poke|p1|Urshifu-*, L50, F|\n|poke|p1|Ogerpon-Hearthflame, L50, F|\n|poke|p1|Farigiraf, L50, F|\n|poke|p1|Whimsicott, L50, M|\n|poke|p2|Calyrex-Shadow, L50|\n|poke|p2|Zamazenta-*, L50|\n|poke|p2|Roaring Moon, L50|\n|poke|p2|Maushold, L50|\n|poke|p2|Weezing, L50, M|\n|poke|p2|Amoonguss, L50, M|\n|teampreview|4\n|\n|t:|1769861910\n|teamsize|p1|4\n|teamsize|p2|4\n|start\n|switch|p1a: Miraidon|Miraidon, L50|100/100\n|switch|p1b: Calyrex|Calyrex-Shadow, L50|100/100\n|switch|p2a: Zamazenta|Zamazenta-Crowned, L50|100/100\n|switch|p2b: Roaring Moon|Roaring Moon, L50|100/100\n|-ability|p1b: Calyrex|As One\n|-ability|p1b: Calyrex|Unnerve\n|-fieldstart|move: Electric Terrain|[from] ability: Hadron Engine|[of] p1a: Miraidon\n|-ability|p2a: Zamazenta|Dauntless Shield|boost\n|-boost|p2a: Zamazenta|def|1\n|-enditem|p2b: Roaring Moon|Booster Energy\n|-activate|p2b: Roaring Moon|ability: Protosynthesis|[fromitem]\n|-start|p2b: Roaring Moon|protosynthesisspe\n|turn|1\n|\n|t:|1769861933\n|switch|p1a: Whimsicott|Whimsicott, L50, M|100/100\n|-terastallize|p2a: Zamazenta|Dragon\n|move|p2a: Zamazenta|Wide Guard|p2a: Zamazenta\n|-singleturn|p2a: Zamazenta|Wide Guard\n|move|p2b: Roaring Moon|Tailwind|p2b: Roaring Moon\n|-sidestart|p2: ky123456|move: Tailwind\n|move|p1b: Calyrex|Disable|p2a: Zamazenta\n|-start|p2a: Zamazenta|Disable|Wide Guard\n|\n|upkeep\n|turn|2\n|\n|t:|1769861948\n|switch|p2a: Maushold|Maushold, L50|100/100\n|move|p1b: Calyrex|Protect|p1b: Calyrex\n|-singleturn|p1b: Calyrex|Protect\n|move|p1a: Whimsicott|Tailwind|p1a: Whimsicott\n|-sidestart|p1: tktkkenzoku|move: Tailwind\n|move|p2b: Roaring Moon|Knock Off|p1b: Calyrex\n|-activate|p1b: Calyrex|move: Protect\n|\n|upkeep\n|turn|3\n|\n|t:|1769861962\n|switch|p1b: Ogerpon|Ogerpon-Hearthflame, L50, F|100/100\n|-ability|p1b: Ogerpon|Mold Breaker\n|move|p2a: Maushold|Follow Me|p2a: Maushold\n|-singleturn|p2a: Maushold|move: Follow Me\n|move|p2b: Roaring Moon|Knock Off|p1b: Ogerpon\n|-damage|p1b: Ogerpon|57/100\n|move|p1a: Whimsicott|Moonblast|p2a: Maushold\n|-crit|p2a: Maushold\n|-damage|p2a: Maushold|40/100\n|\n|upkeep\n|turn|4\n|\n|t:|1769861996\n|move|p2a: Maushold|Feint|p1a: Whimsicott\n|-damage|p1a: Whimsicott|87/100\n|move|p2b: Roaring Moon|Acrobatics|p1b: Ogerpon\n|-supereffective|p1b: Ogerpon\n|-damage|p1b: Ogerpon|0 fnt\n|faint|p1b: Ogerpon\n|move|p1a: Whimsicott|Moonblast|p2b: Roaring Moon\n|-supereffective|p2b: Roaring Moon\n|-damage|p2b: Roaring Moon|0 fnt\n|faint|p2b: Roaring Moon\n|-end|p2b: Roaring Moon|Protosynthesis|[silent]\n|\n|-sideend|p2: ky123456|move: Tailwind\n|upkeep\n|\n|t:|1769862011\n|switch|p2b: Zamazenta|Zamazenta-Crowned, L50, tera:Dragon|100/100\n|switch|p1b: Miraidon|Miraidon, L50|100/100\n|-activate|p1b: Miraidon|ability: Hadron Engine\n|turn|5\n|\n|t:|1769862035\n|move|p2a: Maushold|Follow Me|p2a: Maushold\n|-singleturn|p2a: Maushold|move: Follow Me\n|move|p1a: Whimsicott|Tailwind||[still]\n|-fail|p1a: Whimsicott\n|move|p1b: Miraidon|Volt Switch|p2a: Maushold\n|-damage|p2a: Maushold|0 fnt\n|faint|p2a: Maushold\n|\n|t:|1769862041\n|switch|p1b: Calyrex|Calyrex-Shadow, L50|100/100|[from] Volt Switch\n|-ability|p1b: Calyrex|As One\n|-ability|p1b: Calyrex|Unnerve\n|move|p2b: Zamazenta|Heavy Slam|p1a: Whimsicott\n|-supereffective|p1a: Whimsicott\n|-damage|p1a: Whimsicott|0 fnt\n|faint|p1a: Whimsicott\n|\n|-sideend|p1: tktkkenzoku|move: Tailwind\n|-fieldend|move: Electric Terrain\n|upkeep\n|\n|t:|1769862051\n|switch|p1a: Miraidon|Miraidon, L50|100/100\n|switch|p2a: Calyrex|Calyrex-Shadow, L50|100/100\n|-ability|p2a: Calyrex|As One\n|-ability|p2a: Calyrex|Unnerve\n|-fieldstart|move: Electric Terrain|[from] ability: Hadron Engine|[of] p1a: Miraidon\n|turn|6\n|\n|t:|1769862071\n|move|p1b: Calyrex|Protect|p1b: Calyrex\n|-singleturn|p1b: Calyrex|Protect\n|move|p2a: Calyrex|Astral Barrage|p1b: Calyrex|[spread] p1a\n|-activate|p1b: Calyrex|move: Protect\n|-damage|p1a: Miraidon|22/100\n|move|p1a: Miraidon|Draco Meteor|p2b: Zamazenta\n|-supereffective|p2b: Zamazenta\n|-damage|p2b: Zamazenta|0 fnt\n|-unboost|p1a: Miraidon|spa|2\n|faint|p2b: Zamazenta\n|\n|upkeep\n|turn|7\n|\n|t:|1769862088\n|move|p1b: Calyrex|Astral Barrage|p2a: Calyrex\n|-supereffective|p2a: Calyrex\n|-damage|p2a: Calyrex|0 fnt\n|faint|p2a: Calyrex\n|\n|win|tktkkenzoku\n|raw|tktkkenzoku's rating: 1356 &rarr; <strong>1386</strong><br />(+30 for winning)\n|raw|ky123456's rating: 1545 &rarr; <strong>1515</strong><br />(-30 for losing)\n|l|\u2606ky123456\n|player|p2|\n|l|\u2606tktkkenzoku\n|player|p1|\n","uploadtime":1769862350,"views":15,"formatid":"gen9vgc2026regi","rating":1386,"private":0,"password":null}