{"id":"gen9vgc2026regi-2551856042","format":"[Gen 9] VGC 2026 Reg I","players":["Xxip","Voth"],"log":"|j|\u2606Xxip\n|j|\u2606Voth\n|t:|1772650982\n|gametype|doubles\n|player|p1|Xxip|swimmer-gen4dp|1323\n|player|p2|Voth|dawn|1374\n|gen|9\n|tier|[Gen 9] VGC 2026 Reg I\n|rated|\n|rule|Species Clause: Limit one of each Pok\u00e9mon\n|rule|Item Clause: Limit 1 of each item\n|clearpoke\n|poke|p1|Miraidon, L50|\n|poke|p1|Groudon, L50|\n|poke|p1|Weavile, L50, F|\n|poke|p1|Incineroar, L50, M|\n|poke|p1|Whimsicott, L50, F|\n|poke|p1|Charizard, L50, M|\n|poke|p2|Urshifu-*, L50, M|\n|poke|p2|Calyrex-Ice, L50|\n|poke|p2|Tornadus, L50, M|\n|poke|p2|Landorus, L50, M|\n|poke|p2|Rillaboom, L50, F|\n|poke|p2|Kyogre, L50|\n|teampreview|4\n|inactive|Battle timer is ON: inactive players will automatically lose when time's up. (requested by Xxip)\n|\n|t:|1772650997\n|teamsize|p1|4\n|teamsize|p2|4\n|start\n|switch|p1a: Miraidon|Miraidon, L50|100/100\n|switch|p1b: Weavile|Weavile, L50, F|100/100\n|switch|p2a: Nuke|Kyogre, L50|100/100\n|switch|p2b: Aang|Tornadus, L50, M|100/100\n|-fieldstart|move: Electric Terrain|[from] ability: Hadron Engine|[of] p1a: Miraidon\n|-ability|p1b: Weavile|Pressure\n|-weather|RainDance|[from] ability: Drizzle|[of] p2a: Nuke\n|turn|1\n|\n|t:|1772651010\n|switch|p2b: Korra|Calyrex-Ice, L50|100/100\n|-ability|p2b: Korra|As One\n|-ability|p2b: Korra|Unnerve\n|switch|p2a: Harambe|Rillaboom, L50, F|100/100\n|-fieldstart|move: Grassy Terrain|[from] ability: Grassy Surge|[of] p2a: Harambe\n|move|p1b: Weavile|Fake Out|p2a: Harambe\n|-damage|p2a: Harambe|88/100\n|move|p1a: Miraidon|Volt Switch|p2b: Korra\n|-damage|p2b: Korra|69/100\n|\n|t:|1772651018\n|switch|p1a: Groudon|Groudon, L50|100/100|[from] Volt Switch\n|-weather|SunnyDay|[from] ability: Drought|[of] p1a: Groudon\n|\n|-weather|SunnyDay|[upkeep]\n|-heal|p2a: Harambe|94/100|[from] Grassy Terrain\n|-heal|p2b: Korra|74/100|[from] Grassy Terrain\n|-heal|p2b: Korra|80/100|[from] item: Leftovers\n|upkeep\n|turn|2\n|inactive|Voth has 30 seconds left.\n|inactive|Voth has 20 seconds left.\n|inactive|Voth has 15 seconds left.\n|\n|t:|1772651059\n|-terastallize|p2b: Korra|Water\n|move|p2a: Harambe|Fake Out|p1a: Groudon\n|-damage|p1a: Groudon|91/100\n|move|p1b: Weavile|Knock Off|p2b: Korra\n|-damage|p2b: Korra|50/100\n|-enditem|p2b: Korra|Leftovers|[from] move: Knock Off|[of] p1b: Weavile\n|cant|p1a: Groudon|flinch\n|move|p2b: Korra|Trick Room|p2b: Korra\n|-fieldstart|move: Trick Room|[of] p2b: Korra\n|\n|-weather|SunnyDay|[upkeep]\n|-heal|p2b: Korra|56/100|[from] Grassy Terrain\n|-heal|p2a: Harambe|99/100|[from] Grassy Terrain\n|-heal|p1a: Groudon|96/100|[from] Grassy Terrain\n|upkeep\n|turn|3\n|\n|t:|1772651077\n|move|p2b: Korra|Glacial Lance|p1a: Groudon|[spread] p1a,p1b\n|-supereffective|p1a: Groudon\n|-resisted|p1b: Weavile\n|-damage|p1a: Groudon|13/100\n|-damage|p1b: Weavile|57/100\n|move|p2a: Harambe|Wood Hammer|p1b: Weavile\n|-damage|p1b: Weavile|0 fnt\n|faint|p1b: Weavile\n|-damage|p2a: Harambe|86/100|[from] Recoil\n|move|p1a: Groudon|Precipice Blades|p2b: Korra|[spread] p2b\n|-miss|p1a: Groudon|p2a: Harambe\n|-damage|p2b: Korra|4/100\n|\n|-weather|SunnyDay|[upkeep]\n|-heal|p2b: Korra|10/100|[from] Grassy Terrain\n|-heal|p2a: Harambe|92/100|[from] Grassy Terrain\n|-heal|p1a: Groudon|19/100|[from] Grassy Terrain\n|upkeep\n|\n|t:|1772651088\n|switch|p1b: Miraidon|Miraidon, L50|100/100\n|-fieldstart|move: Electric Terrain|[from] ability: Hadron Engine|[of] p1b: Miraidon\n|turn|4\n|\n|t:|1772651097\n|-terastallize|p1b: Miraidon|Fairy\n|move|p2b: Korra|Glacial Lance|p1b: Miraidon|[spread] p1a,p1b\n|-supereffective|p1a: Groudon\n|-damage|p1a: Groudon|0 fnt\n|-damage|p1b: Miraidon|46/100\n|faint|p1a: Groudon\n|-ability|p2b: Korra|Chilling Neigh|boost\n|-boost|p2b: Korra|atk|1\n|move|p2a: Harambe|U-turn|p1b: Miraidon\n|-resisted|p1b: Miraidon\n|-damage|p1b: Miraidon|34/100\n|\n|t:|1772651111\n|switch|p2a: Aang|Tornadus, L50, M|100/100|[from] U-turn\n|move|p1b: Miraidon|Dazzling Gleam|p2b: Korra|[spread] p2a,p2b\n|-damage|p2a: Aang|40/100\n|-damage|p2b: Korra|0 fnt\n|faint|p2b: Korra\n|\n|-weather|SunnyDay|[upkeep]\n|upkeep\n|\n|t:|1772651118\n|switch|p2b: Harambe|Rillaboom, L50, F|92/100\n|switch|p1a: Charizard|Charizard, L50, M|100/100\n|-fieldstart|move: Grassy Terrain|[from] ability: Grassy Surge|[of] p2b: Harambe\n|turn|5\n|\n|t:|1772651127\n|move|p2a: Aang|Protect|p2a: Aang\n|-singleturn|p2a: Aang|Protect\n|move|p2b: Harambe|Wood Hammer|p1b: Miraidon\n|-damage|p1b: Miraidon|0 fnt\n|faint|p1b: Miraidon\n|-damage|p2b: Harambe|83/100|[from] Recoil\n|move|p1a: Charizard|Solar Beam||[still]\n|-prepare|p1a: Charizard|Solar Beam\n|-anim|p1a: Charizard|Solar Beam|p2b: Harambe\n|-resisted|p2b: Harambe\n|-damage|p2b: Harambe|64/100\n|\n|-weather|none\n|-heal|p2b: Harambe|70/100|[from] Grassy Terrain\n|upkeep\n|turn|6\n|inactive|Voth has 30 seconds left.\n|\n|t:|1772651162\n|move|p2b: Harambe|U-turn|p1a: Charizard\n|-resisted|p1a: Charizard\n|-damage|p1a: Charizard|93/100\n|\n|t:|1772651164\n|switch|p2b: Nuke|Kyogre, L50|100/100|[from] U-turn\n|-weather|RainDance|[from] ability: Drizzle|[of] p2b: Nuke\n|move|p2a: Aang|Bleakwind Storm|p1a: Charizard\n|-damage|p1a: Charizard|30/100\n|move|p1a: Charizard|Heat Wave|p2b: Nuke|[spread] p2a,p2b\n|-crit|p2a: Aang\n|-resisted|p2b: Nuke\n|-damage|p2a: Aang|16/100\n|-damage|p2b: Nuke|95/100\n|\n|-weather|RainDance|[upkeep]\n|-heal|p2b: Nuke|100/100|[from] Grassy Terrain\n|-fieldend|move: Trick Room\n|upkeep\n|turn|7\n|\n|t:|1772651172\n|move|p2a: Aang|Tailwind|p2a: Aang\n|-sidestart|p2: Voth|move: Tailwind\n|move|p2b: Nuke|Water Spout|p1a: Charizard\n|-supereffective|p1a: Charizard\n|-damage|p1a: Charizard|0 fnt\n|faint|p1a: Charizard\n|\n|win|Voth\n|raw|Xxip's rating: 1323 &rarr; <strong>1306</strong><br />(-17 for losing)\n|raw|Voth's rating: 1374 &rarr; <strong>1391</strong><br />(+17 for winning)\n|l|\u2606Voth\n|player|p2|\n|l|\u2606Xxip\n|player|p1|\n","uploadtime":1772651437,"views":16,"formatid":"gen9vgc2026regi","rating":1306,"private":0,"password":null}