{"id":"gen9vgc2026regi-2571638072","format":"[Gen 9] VGC 2026 Reg I","players":["fallacy277","PsychoLotus"],"log":"|j|\u2606fallacy277\n|j|\u2606PsychoLotus\n|t:|1774945353\n|gametype|doubles\n|player|p1|fallacy277|1|1398\n|player|p2|PsychoLotus|1|1350\n|gen|9\n|tier|[Gen 9] VGC 2026 Reg I\n|rated|\n|rule|Species Clause: Limit one of each Pok\u00e9mon\n|rule|Item Clause: Limit 1 of each item\n|clearpoke\n|poke|p1|Groudon, L50|\n|poke|p1|Zamazenta-*, L50|\n|poke|p1|Chien-Pao, L50|\n|poke|p1|Gouging Fire, L50|\n|poke|p1|Jumpluff, L50, M|\n|poke|p1|Flutter Mane, L50|\n|poke|p2|Dondozo, L50, F|\n|poke|p2|Tatsugiri, L50, M|\n|poke|p2|Glimmora, L50, M|\n|poke|p2|Calyrex-Shadow, L50|\n|poke|p2|Whimsicott, L50, M|\n|poke|p2|Miraidon, L50|\n|teampreview|4\n|inactive|Battle timer is ON: inactive players will automatically lose when time's up. (requested by fallacy277)\n|inactive|fallacy277 has 60 seconds left.\n|\n|t:|1774945390\n|teamsize|p1|4\n|teamsize|p2|4\n|start\n|switch|p1a: Groudon|Groudon, L50|100/100\n|switch|p1b: Flutter Mane|Flutter Mane, L50|100/100\n|switch|p2a: Miraidon|Miraidon, L50|100/100\n|switch|p2b: Dondozo|Dondozo, L50, F|100/100\n|-fieldstart|move: Electric Terrain|[from] ability: Hadron Engine|[of] p2a: Miraidon\n|-weather|SunnyDay|[from] ability: Drought|[of] p1a: Groudon\n|-activate|p1b: Flutter Mane|ability: Protosynthesis\n|-start|p1b: Flutter Mane|protosynthesisspe\n|turn|1\n|\n|t:|1774945399\n|switch|p2a: Tatsugiri|Tatsugiri, L50, M|100/100\n|-activate|p2a: Tatsugiri|ability: Commander|[of] p2b: Dondozo\n|-boost|p2b: Dondozo|atk|2\n|-boost|p2b: Dondozo|spa|2\n|-boost|p2b: Dondozo|spe|2\n|-boost|p2b: Dondozo|def|2\n|-boost|p2b: Dondozo|spd|2\n|move|p1b: Flutter Mane|Icy Wind|p2a: Tatsugiri|[spread] p2b\n|-miss|p1b: Flutter Mane|p2a: Tatsugiri\n|-resisted|p2b: Dondozo\n|-damage|p2b: Dondozo|98/100\n|-unboost|p2b: Dondozo|spe|1\n|move|p1a: Groudon|Precipice Blades|p2b: Dondozo|[spread] p2b\n|-miss|p1a: Groudon|p2a: Tatsugiri\n|-damage|p2b: Dondozo|83/100\n|move|p2b: Dondozo|Substitute|p2b: Dondozo\n|-start|p2b: Dondozo|Substitute\n|-damage|p2b: Dondozo|58/100\n|\n|-weather|SunnyDay|[upkeep]\n|-heal|p2b: Dondozo|65/100|[from] item: Leftovers\n|upkeep\n|turn|2\n|j| boogielobiu\n|\n|t:|1774945419\n|move|p2b: Dondozo|Protect|p2b: Dondozo\n|-singleturn|p2b: Dondozo|Protect\n|move|p1b: Flutter Mane|Moonblast|p2b: Dondozo\n|-activate|p2b: Dondozo|move: Protect\n|move|p1a: Groudon|Precipice Blades|p2a: Tatsugiri|[spread] \n|-miss|p1a: Groudon|p2a: Tatsugiri\n|-activate|p2b: Dondozo|move: Protect\n|\n|-weather|SunnyDay|[upkeep]\n|-heal|p2b: Dondozo|71/100|[from] item: Leftovers\n|upkeep\n|turn|3\n|\n|t:|1774945424\n|move|p1b: Flutter Mane|Moonblast|p2b: Dondozo\n|-activate|p2b: Dondozo|move: Substitute|[damage]\n|move|p1a: Groudon|Precipice Blades|p2b: Dondozo|[spread] p2b\n|-miss|p1a: Groudon|p2a: Tatsugiri\n|-end|p2b: Dondozo|Substitute\n|move|p2b: Dondozo|Earthquake|p1a: Groudon|[spread] p1a,p1b\n|-miss|p2b: Dondozo|p2a: Tatsugiri\n|-damage|p1a: Groudon|71/100\n|-damage|p1b: Flutter Mane|41/100\n|-enditem|p1b: Flutter Mane|Sitrus Berry|[eat]\n|-heal|p1b: Flutter Mane|66/100|[from] item: Sitrus Berry\n|\n|-weather|SunnyDay|[upkeep]\n|-heal|p2b: Dondozo|77/100|[from] item: Leftovers\n|upkeep\n|turn|4\n|\n|t:|1774945435\n|move|p2b: Dondozo|Protect|p2b: Dondozo\n|-singleturn|p2b: Dondozo|Protect\n|move|p1b: Flutter Mane|Taunt|p2b: Dondozo\n|-activate|p2b: Dondozo|move: Protect\n|move|p1a: Groudon|Will-O-Wisp|p2b: Dondozo\n|-activate|p2b: Dondozo|move: Protect\n|\n|-weather|SunnyDay|[upkeep]\n|-heal|p2b: Dondozo|83/100|[from] item: Leftovers\n|upkeep\n|turn|5\n|\n|t:|1774945441\n|move|p1b: Flutter Mane|Taunt|p2b: Dondozo\n|-start|p2b: Dondozo|move: Taunt\n|move|p1a: Groudon|Will-O-Wisp|p2b: Dondozo\n|-status|p2b: Dondozo|brn\n|move|p2b: Dondozo|Order Up|p1a: Groudon\n|-damage|p1a: Groudon|55/100\n|-boost|p2b: Dondozo|atk|1\n|\n|-weather|none\n|-end|p1b: Flutter Mane|Protosynthesis\n|-heal|p2b: Dondozo|90/100 brn|[from] item: Leftovers\n|-damage|p2b: Dondozo|83/100 brn|[from] brn\n|-fieldend|move: Electric Terrain\n|upkeep\n|turn|6\n|\n|t:|1774945461\n|switch|p1a: Jumpluff|Jumpluff, L50, M|100/100\n|move|p1b: Flutter Mane|Moonblast|p2b: Dondozo\n|-damage|p2b: Dondozo|65/100 brn\n|move|p2b: Dondozo|Earthquake|p1a: Jumpluff|[spread] p1b\n|-miss|p2b: Dondozo|p2a: Tatsugiri\n|-immune|p1a: Jumpluff\n|-crit|p1b: Flutter Mane\n|-damage|p1b: Flutter Mane|12/100\n|\n|-heal|p2b: Dondozo|71/100 brn|[from] item: Leftovers\n|-damage|p2b: Dondozo|65/100 brn|[from] brn\n|upkeep\n|turn|7\n|\n|t:|1774945472\n|move|p1b: Flutter Mane|Moonblast|p2b: Dondozo\n|-damage|p2b: Dondozo|47/100 brn\n|move|p1a: Jumpluff|Pollen Puff|p1b: Flutter Mane\n|-heal|p1b: Flutter Mane|62/100\n|move|p2b: Dondozo|Order Up|p1a: Jumpluff\n|-damage|p1a: Jumpluff|65/100\n|-boost|p2b: Dondozo|atk|1\n|\n|-heal|p2b: Dondozo|53/100 brn|[from] item: Leftovers\n|-damage|p2b: Dondozo|47/100 brn|[from] brn\n|-end|p2b: Dondozo|move: Taunt\n|upkeep\n|turn|8\n|\n|t:|1774945488\n|-end|p1b: Flutter Mane|Protosynthesis|[silent]\n|switch|p1b: Groudon|Groudon, L50|55/100\n|-weather|SunnyDay|[from] ability: Drought|[of] p1b: Groudon\n|move|p1a: Jumpluff|Pollen Puff|p1b: Groudon\n|-heal|p1b: Groudon|100/100\n|move|p2b: Dondozo|Order Up|p1a: Jumpluff\n|-damage|p1a: Jumpluff|21/100\n|-boost|p2b: Dondozo|atk|1\n|\n|-weather|SunnyDay|[upkeep]\n|-heal|p2b: Dondozo|53/100 brn|[from] item: Leftovers\n|-damage|p2b: Dondozo|47/100 brn|[from] brn\n|upkeep\n|turn|9\n|\n|t:|1774945502\n|switch|p1a: Flutter Mane|Flutter Mane, L50|62/100\n|-activate|p1a: Flutter Mane|ability: Protosynthesis\n|-start|p1a: Flutter Mane|protosynthesisspe\n|move|p1b: Groudon|Precipice Blades|p2b: Dondozo|[spread] p2b\n|-miss|p1b: Groudon|p2a: Tatsugiri\n|-damage|p2b: Dondozo|33/100 brn\n|move|p2b: Dondozo|Order Up|p1b: Groudon\n|-damage|p1b: Groudon|74/100\n|-boost|p2b: Dondozo|atk|1\n|\n|-weather|SunnyDay|[upkeep]\n|-heal|p2b: Dondozo|39/100 brn|[from] item: Leftovers\n|-damage|p2b: Dondozo|33/100 brn|[from] brn\n|upkeep\n|turn|10\n|\n|t:|1774945515\n|move|p1a: Flutter Mane|Moonblast|p2b: Dondozo\n|-damage|p2b: Dondozo|16/100 brn\n|move|p1b: Groudon|Precipice Blades|p2a: Tatsugiri|[spread] p2b\n|-miss|p1b: Groudon|p2a: Tatsugiri\n|-damage|p2b: Dondozo|2/100 brn\n|move|p2b: Dondozo|Earthquake|p1b: Groudon|[spread] p1a,p1b\n|-miss|p2b: Dondozo|p2a: Tatsugiri\n|-damage|p1a: Flutter Mane|0 fnt\n|-damage|p1b: Groudon|45/100\n|faint|p1a: Flutter Mane\n|-end|p1a: Flutter Mane|Protosynthesis|[silent]\n|\n|-weather|SunnyDay|[upkeep]\n|-heal|p2b: Dondozo|8/100 brn|[from] item: Leftovers\n|-damage|p2b: Dondozo|2/100 brn|[from] brn\n|upkeep\n|\n|t:|1774945536\n|switch|p1a: Chien-Pao|Chien-Pao, L50|100/100\n|-ability|p1a: Chien-Pao|Sword of Ruin\n|turn|11\n|\n|t:|1774945544\n|move|p2b: Dondozo|Protect|p2b: Dondozo\n|-singleturn|p2b: Dondozo|Protect\n|move|p1a: Chien-Pao|Ice Spinner|p2b: Dondozo\n|-activate|p2b: Dondozo|move: Protect\n|move|p1b: Groudon|Precipice Blades|p2b: Dondozo|[spread] \n|-miss|p1b: Groudon|p2a: Tatsugiri\n|-activate|p2b: Dondozo|move: Protect\n|\n|-weather|SunnyDay|[upkeep]\n|-heal|p2b: Dondozo|8/100 brn|[from] item: Leftovers\n|-damage|p2b: Dondozo|2/100 brn|[from] brn\n|upkeep\n|turn|12\n|\n|t:|1774945562\n|switch|p1b: Jumpluff|Jumpluff, L50, M|21/100\n|move|p1a: Chien-Pao|Ice Spinner|p2b: Dondozo\n|-resisted|p2b: Dondozo\n|-damage|p2b: Dondozo|0 fnt\n|faint|p2b: Dondozo\n|\n|-weather|none\n|upkeep\n|\n|t:|1774945568\n|switch|p2b: Miraidon|Miraidon, L50|100/100\n|-fieldstart|move: Electric Terrain|[from] ability: Hadron Engine|[of] p2b: Miraidon\n|turn|13\n|inactive|fallacy277 has 30 seconds left.\n|inactive|fallacy277 has 20 seconds left.\n|\n|t:|1774945606\n|switch|p1a: Groudon|Groudon, L50|45/100\n|-weather|SunnyDay|[from] ability: Drought|[of] p1a: Groudon\n|-terastallize|p2b: Miraidon|Fairy\n|move|p1b: Jumpluff|Pollen Puff|p1a: Groudon\n|-heal|p1a: Groudon|95/100\n|move|p2b: Miraidon|Dazzling Gleam|p1a: Groudon|[spread] p1a,p1b\n|-damage|p1a: Groudon|59/100\n|-damage|p1b: Jumpluff|0 fnt\n|faint|p1b: Jumpluff\n|move|p2a: Tatsugiri|Icy Wind|p1a: Groudon\n|-supereffective|p1a: Groudon\n|-damage|p1a: Groudon|25/100\n|\n|-weather|SunnyDay|[upkeep]\n|upkeep\n|\n|t:|1774945621\n|switch|p1b: Chien-Pao|Chien-Pao, L50|100/100\n|-ability|p1b: Chien-Pao|Sword of Ruin\n|turn|14\n|\n|t:|1774945635\n|-terastallize|p1a: Groudon|Fire\n|move|p2b: Miraidon|Dazzling Gleam|p1b: Chien-Pao|[spread] p1a,p1b\n|-resisted|p1a: Groudon\n|-supereffective|p1b: Chien-Pao\n|-damage|p1a: Groudon|7/100\n|-damage|p1b: Chien-Pao|30/100\n|move|p1b: Chien-Pao|Icy Wind|p2b: Miraidon|[spread] p2a,p2b\n|-damage|p2a: Tatsugiri|88/100\n|-damage|p2b: Miraidon|90/100\n|-unboost|p2a: Tatsugiri|spe|1\n|-unboost|p2b: Miraidon|spe|1\n|move|p1a: Groudon|Precipice Blades|p2a: Tatsugiri|[spread] p2a,p2b\n|-damage|p2a: Tatsugiri|0 fnt\n|-damage|p2b: Miraidon|22/100\n|faint|p2a: Tatsugiri\n|\n|-weather|SunnyDay|[upkeep]\n|upkeep\n|\n|t:|1774945642\n|switch|p2a: Calyrex|Calyrex-Shadow, L50|100/100\n|-ability|p2a: Calyrex|As One\n|-ability|p2a: Calyrex|Unnerve\n|turn|15\n|inactive|fallacy277 has 30 seconds left.\n|\n|t:|1774945677\n|move|p1a: Groudon|Protect|p1a: Groudon\n|-singleturn|p1a: Groudon|Protect\n|move|p2a: Calyrex|Astral Barrage|p1b: Chien-Pao|[spread] p1b\n|-activate|p1a: Groudon|move: Protect\n|-resisted|p1b: Chien-Pao\n|-damage|p1b: Chien-Pao|10/100\n|move|p1b: Chien-Pao|Ice Spinner|p2b: Miraidon\n|-damage|p2b: Miraidon|0 fnt\n|-fieldend|move: Electric Terrain\n|faint|p2b: Miraidon\n|\n|-weather|SunnyDay|[upkeep]\n|upkeep\n|turn|16\n|inactive|fallacy277 has 30 seconds left.\n|\n|t:|1774945704\n|move|p1b: Chien-Pao|Ice Shard|p2a: Calyrex\n|-damage|p2a: Calyrex|73/100\n|move|p2a: Calyrex|Astral Barrage|p1b: Chien-Pao|[spread] p1a,p1b\n|-resisted|p1b: Chien-Pao\n|-damage|p1a: Groudon|0 fnt\n|-damage|p1b: Chien-Pao|0 fnt\n|faint|p1a: Groudon\n|faint|p1b: Chien-Pao\n|\n|win|PsychoLotus\n|raw|fallacy277's rating: 1398 &rarr; <strong>1375</strong><br />(-23 for losing)\n|raw|PsychoLotus's rating: 1350 &rarr; <strong>1373</strong><br />(+23 for winning)\n|l| boogielobiu\n|l|\u2606PsychoLotus\n|player|p2|\n|j|\u2606PsychoLotus\n|player|p2|PsychoLotus|1|\n","uploadtime":1774945708,"views":28,"formatid":"gen9vgc2026regi","rating":1373,"private":0,"password":null}