{"id":"gen9vgc2026regi-2561805317","format":"[Gen 9] VGC 2026 Reg I","players":["pzyxhic","JoppaVGC"],"log":"|j|\u2606pzyxhic\n|j|\u2606JoppaVGC\n|t:|1773845171\n|gametype|doubles\n|player|p1|pzyxhic|101|1398\n|player|p2|JoppaVGC|1|1461\n|gen|9\n|tier|[Gen 9] VGC 2026 Reg I\n|rated|\n|rule|Species Clause: Limit one of each Pok\u00e9mon\n|rule|Item Clause: Limit 1 of each item\n|clearpoke\n|poke|p1|Giratina-Origin, L50|\n|poke|p1|Zamazenta-*, L50|\n|poke|p1|Incineroar, L50, F|\n|poke|p1|Amoonguss, L50, F|\n|poke|p1|Urshifu-*, L50, F|\n|poke|p1|Grimmsnarl, L50, M|\n|poke|p2|Rillaboom, L50, M|\n|poke|p2|Zamazenta-*, L50|\n|poke|p2|Chien-Pao, L50|\n|poke|p2|Kyogre, L50|\n|poke|p2|Farigiraf, L50, M|\n|poke|p2|Ursaluna, L50, F|\n|teampreview|4\n|l|\u2606JoppaVGC\n|player|p2|\n|j|\u2606JoppaVGC\n|player|p2|JoppaVGC|1|\n|\n|t:|1773845200\n|teamsize|p1|4\n|teamsize|p2|4\n|start\n|switch|p1a: Giratina|Giratina-Origin, L50|100/100\n|switch|p1b: Urshifu|Urshifu-Rapid-Strike, L50, F|100/100\n|switch|p2a: Zamazenta|Zamazenta-Crowned, L50|100/100\n|switch|p2b: Rillaboom|Rillaboom, L50, M|100/100\n|-ability|p2a: Zamazenta|Dauntless Shield|boost\n|-boost|p2a: Zamazenta|def|1\n|-fieldstart|move: Grassy Terrain|[from] ability: Grassy Surge|[of] p2b: Rillaboom\n|turn|1\n|\n|t:|1773845233\n|switch|p1b: Amoonguss|Amoonguss, L50, F|100/100\n|move|p2a: Zamazenta|Body Press|p1b: Amoonguss\n|-resisted|p1b: Amoonguss\n|-damage|p1b: Amoonguss|70/100\n|-damage|p2a: Zamazenta|84/100|[from] item: Rocky Helmet|[of] p1b: Amoonguss\n|move|p2b: Rillaboom|U-turn|p1b: Amoonguss\n|-damage|p1b: Amoonguss|41/100\n|-damage|p2b: Rillaboom|84/100|[from] item: Rocky Helmet|[of] p1b: Amoonguss\n|\n|t:|1773845242\n|switch|p2b: Farigiraf|Farigiraf, L50, M|100/100|[from] U-turn\n|-enditem|p2b: Farigiraf|Grassy Seed\n|-boost|p2b: Farigiraf|def|1|[from] item: Grassy Seed\n|move|p1a: Giratina|Breaking Swipe|p2b: Farigiraf|[spread] p2a,p2b\n|-resisted|p2a: Zamazenta\n|-damage|p2a: Zamazenta|79/100\n|-damage|p2b: Farigiraf|83/100\n|-unboost|p2a: Zamazenta|atk|1\n|-unboost|p2b: Farigiraf|atk|1\n|\n|-heal|p2a: Zamazenta|85/100|[from] Grassy Terrain\n|-heal|p2b: Farigiraf|89/100|[from] Grassy Terrain\n|-heal|p1b: Amoonguss|47/100|[from] Grassy Terrain\n|upkeep\n|turn|2\n|\n|t:|1773845263\n|switch|p1b: Incineroar|Incineroar, L50, F|100/100\n|-ability|p1b: Incineroar|Intimidate|boost\n|-unboost|p2a: Zamazenta|atk|1\n|-unboost|p2b: Farigiraf|atk|1\n|move|p2a: Zamazenta|Behemoth Bash|p1a: Giratina\n|-damage|p1a: Giratina|85/100\n|move|p1a: Giratina|Breaking Swipe|p2a: Zamazenta|[spread] p2a,p2b\n|-resisted|p2a: Zamazenta\n|-crit|p2b: Farigiraf\n|-damage|p2a: Zamazenta|79/100\n|-damage|p2b: Farigiraf|53/100\n|-unboost|p2a: Zamazenta|atk|1\n|-unboost|p2b: Farigiraf|atk|1\n|move|p2b: Farigiraf|Psychic|p1b: Incineroar\n|-immune|p1b: Incineroar\n|\n|-heal|p2a: Zamazenta|85/100|[from] Grassy Terrain\n|-heal|p2b: Farigiraf|59/100|[from] Grassy Terrain\n|upkeep\n|turn|3\n|\n|t:|1773845290\n|move|p1b: Incineroar|Fake Out||[still]\n|cant|p2b: Farigiraf|ability: Armor Tail|Fake Out|[of] p1b: Incineroar\n|move|p2a: Zamazenta|Body Press|p1b: Incineroar\n|-supereffective|p1b: Incineroar\n|-crit|p1b: Incineroar\n|-damage|p1b: Incineroar|0 fnt\n|faint|p1b: Incineroar\n|move|p1a: Giratina|Breaking Swipe|p2a: Zamazenta|[spread] p2a,p2b\n|-resisted|p2a: Zamazenta\n|-crit|p2a: Zamazenta\n|-damage|p2a: Zamazenta|74/100\n|-damage|p2b: Farigiraf|41/100\n|-unboost|p2a: Zamazenta|atk|1\n|-unboost|p2b: Farigiraf|atk|1\n|move|p2b: Farigiraf|Foul Play|p1a: Giratina\n|-supereffective|p1a: Giratina\n|-damage|p1a: Giratina|36/100\n|\n|-heal|p2a: Zamazenta|80/100|[from] Grassy Terrain\n|-heal|p2b: Farigiraf|47/100|[from] Grassy Terrain\n|upkeep\n|l|\u2606JoppaVGC\n|player|p2|\n|\n|t:|1773845309\n|switch|p1b: Urshifu|Urshifu-Rapid-Strike, L50, F|100/100\n|turn|4\n|j|\u2606JoppaVGC\n|player|p2|JoppaVGC|1|\n|\n|t:|1773845319\n|move|p2b: Farigiraf|Helping Hand|p2a: Zamazenta\n|-singleturn|p2a: Zamazenta|Helping Hand|[of] p2b: Farigiraf\n|move|p1b: Urshifu|Surging Strikes|p2b: Farigiraf\n|-crit|p2b: Farigiraf\n|-damage|p2b: Farigiraf|29/100\n|-crit|p2b: Farigiraf\n|-damage|p2b: Farigiraf|9/100\n|-crit|p2b: Farigiraf\n|-damage|p2b: Farigiraf|0 fnt\n|faint|p2b: Farigiraf\n|-hitcount|p2: Farigiraf|3\n|move|p2a: Zamazenta|Body Press|p1b: Urshifu\n|-damage|p1b: Urshifu|0 fnt\n|faint|p1b: Urshifu\n|move|p1a: Giratina|Poltergeist|p2a: Zamazenta\n|-activate|p2a: Zamazenta|move: Poltergeist|Rusted Shield\n|-damage|p2a: Zamazenta|55/100\n|\n|-heal|p2a: Zamazenta|61/100|[from] Grassy Terrain\n|upkeep\n|\n|t:|1773845339\n|switch|p1b: Amoonguss|Amoonguss, L50, F|80/100\n|switch|p2b: Chien-Pao|Chien-Pao, L50|100/100\n|-ability|p2b: Chien-Pao|Sword of Ruin\n|turn|5\n|\n|t:|1773845360\n|-terastallize|p1b: Amoonguss|Water\n|move|p1b: Amoonguss|Rage Powder|p1b: Amoonguss\n|-singleturn|p1b: Amoonguss|move: Rage Powder\n|move|p2b: Chien-Pao|Icicle Crash|p1b: Amoonguss\n|-resisted|p1b: Amoonguss\n|-damage|p1b: Amoonguss|59/100\n|move|p2a: Zamazenta|Body Press|p1b: Amoonguss\n|-damage|p1b: Amoonguss|0 fnt\n|-damage|p2a: Zamazenta|45/100|[from] item: Rocky Helmet|[of] p1b: Amoonguss\n|faint|p1b: Amoonguss\n|move|p1a: Giratina|Breaking Swipe|p2b: Chien-Pao|[spread] p2a,p2b\n|-resisted|p2a: Zamazenta\n|-damage|p2a: Zamazenta|37/100\n|-damage|p2b: Chien-Pao|63/100\n|-unboost|p2a: Zamazenta|atk|1\n|-unboost|p2b: Chien-Pao|atk|1\n|\n|-heal|p2b: Chien-Pao|69/100|[from] Grassy Terrain\n|-heal|p2a: Zamazenta|43/100|[from] Grassy Terrain\n|-fieldend|move: Grassy Terrain\n|upkeep\n|turn|6\n|\n|t:|1773845382\n|switch|p2a: Rillaboom|Rillaboom, L50, M|84/100\n|-fieldstart|move: Grassy Terrain|[from] ability: Grassy Surge|[of] p2a: Rillaboom\n|move|p2b: Chien-Pao|Icicle Crash|p1a: Giratina\n|-supereffective|p1a: Giratina\n|-damage|p1a: Giratina|0 fnt\n|faint|p1a: Giratina\n|\n|win|JoppaVGC\n|raw|pzyxhic's rating: 1398 &rarr; <strong>1382</strong><br />(-16 for losing)\n|raw|JoppaVGC's rating: 1461 &rarr; <strong>1477</strong><br />(+16 for winning)\n|l|\u2606pzyxhic\n|player|p1|\n|l|\u2606JoppaVGC\n|player|p2|\n|j|\u2606JoppaVGC\n|player|p2|JoppaVGC|1|\n|l|\u2606JoppaVGC\n|player|p2|\n","uploadtime":1773845391,"views":12,"formatid":"gen9vgc2026regi","rating":1382,"private":0,"password":null}