{"id":"gen9vgc2026regi-2534679360","format":"[Gen 9] VGC 2026 Reg I","players":["we all hate ursf","fogdocker"],"log":"|j|\u2606we all hate ursf\n|j|\u2606fogdocker\n|t:|1770460030\n|gametype|doubles\n|player|p1|we all hate ursf|shadowtriad|1356\n|player|p2|fogdocker|101|1384\n|gen|9\n|tier|[Gen 9] VGC 2026 Reg I\n|rated|\n|rule|Species Clause: Limit one of each Pok\u00e9mon\n|rule|Item Clause: Limit 1 of each item\n|clearpoke\n|poke|p1|Terapagos, L50, M|\n|poke|p1|Zamazenta-*, L50|\n|poke|p1|Incineroar, L50, M|\n|poke|p1|Rillaboom, L50, M|\n|poke|p1|Ogerpon-Cornerstone, L50, F|\n|poke|p1|Urshifu-*, L50, F|\n|poke|p2|Calyrex-Ice, L50|\n|poke|p2|Koraidon, L50|\n|poke|p2|Flutter Mane, L50|\n|poke|p2|Incineroar, L50, F|\n|poke|p2|Rillaboom, L50, M|\n|poke|p2|Volcarona, L50, F|\n|teampreview|4\n|inactive|Battle timer is ON: inactive players will automatically lose when time's up. (requested by we all hate ursf)\n|inactive|fogdocker has 60 seconds left.\n|inactive|fogdocker has 30 seconds left.\n|\n|t:|1770460092\n|teamsize|p1|4\n|teamsize|p2|4\n|start\n|switch|p1a: Zamazenta|Zamazenta-Crowned, L50|100/100\n|switch|p1b: Incineroar|Incineroar, L50, M|100/100\n|switch|p2a: Calyrex|Calyrex-Ice, L50|100/100\n|switch|p2b: Koraidon|Koraidon, L50|100/100\n|-ability|p2a: Calyrex|As One\n|-ability|p2a: Calyrex|Unnerve\n|-weather|SunnyDay|[from] ability: Orichalcum Pulse|[of] p2b: Koraidon\n|-activate|p2b: Koraidon|Orichalcum Pulse|[source]\n|-ability|p1a: Zamazenta|Dauntless Shield|boost\n|-boost|p1a: Zamazenta|def|1\n|-ability|p1b: Incineroar|Intimidate|boost\n|-unboost|p2a: Calyrex|atk|1\n|-unboost|p2b: Koraidon|atk|1\n|turn|1\n|\n|t:|1770460103\n|switch|p2b: Volcarona|Volcarona, L50, F|100/100\n|move|p1b: Incineroar|Fake Out|p2b: Volcarona\n|-damage|p2b: Volcarona|90/100\n|-damage|p1b: Incineroar|84/100|[from] item: Rocky Helmet|[of] p2b: Volcarona\n|move|p1a: Zamazenta|Iron Defense|p1a: Zamazenta\n|-boost|p1a: Zamazenta|def|2\n|move|p2a: Calyrex|Leech Seed|p1a: Zamazenta\n|-start|p1a: Zamazenta|move: Leech Seed\n|\n|-weather|SunnyDay|[upkeep]\n|-damage|p1a: Zamazenta|88/100|[from] Leech Seed|[of] p2a: Calyrex\n|upkeep\n|turn|2\n|inactive|we all hate ursf has 30 seconds left.\n|\n|t:|1770460129\n|-terastallize|p1a: Zamazenta|Water\n|move|p2a: Calyrex|Protect|p2a: Calyrex\n|-singleturn|p2a: Calyrex|Protect\n|move|p1a: Zamazenta|Iron Defense|p1a: Zamazenta\n|-boost|p1a: Zamazenta|def|2\n|move|p2b: Volcarona|Heat Wave|p1a: Zamazenta|[spread] p1a,p1b\n|-resisted|p1a: Zamazenta\n|-resisted|p1b: Incineroar\n|-damage|p1a: Zamazenta|72/100\n|-damage|p1b: Incineroar|66/100\n|move|p1b: Incineroar|Parting Shot|p2b: Volcarona\n|-unboost|p2b: Volcarona|atk|1\n|-unboost|p2b: Volcarona|spa|1\n|\n|t:|1770460138\n|switch|p1b: Ogerpon|Ogerpon-Cornerstone, L50, F|100/100|[from] Parting Shot\n|\n|-weather|SunnyDay|[upkeep]\n|-damage|p1a: Zamazenta|60/100|[from] Leech Seed|[of] p2a: Calyrex\n|upkeep\n|turn|3\n|inactive|fogdocker has 30 seconds left.\n|inactive|fogdocker has 20 seconds left.\n|inactive|fogdocker has 15 seconds left.\n|inactive|fogdocker has 10 seconds left.\n|\n|t:|1770460184\n|switch|p2b: Incineroar|Incineroar, L50, F|100/100\n|-ability|p2b: Incineroar|Intimidate|boost\n|-unboost|p1a: Zamazenta|atk|1\n|-unboost|p1b: Ogerpon|atk|1\n|move|p1b: Ogerpon|Ivy Cudgel|p2b: Incineroar|[anim] Ivy Cudgel Rock\n|-supereffective|p2b: Incineroar\n|-damage|p2b: Incineroar|38/100\n|move|p1a: Zamazenta|Body Press|p2a: Calyrex\n|-damage|p2a: Calyrex|16/100\n|move|p2a: Calyrex|Glacial Lance|p1b: Ogerpon|[spread] p1a,p1b\n|-resisted|p1a: Zamazenta\n|-supereffective|p1b: Ogerpon\n|-damage|p1a: Zamazenta|57/100\n|-damage|p1b: Ogerpon|14/100\n|\n|-weather|SunnyDay|[upkeep]\n|-heal|p2a: Calyrex|22/100|[from] item: Leftovers\n|-damage|p1a: Zamazenta|45/100|[from] Leech Seed|[of] p2a: Calyrex\n|-heal|p2a: Calyrex|33/100|[silent]\n|upkeep\n|turn|4\n|inactive|fogdocker has 30 seconds left.\n|inactive|fogdocker has 20 seconds left.\n|\n|t:|1770460221\n|switch|p1b: Incineroar|Incineroar, L50, M|66/100\n|-ability|p1b: Incineroar|Intimidate|boost\n|-unboost|p2a: Calyrex|atk|1\n|-unboost|p2b: Incineroar|atk|1\n|switch|p2b: Volcarona|Volcarona, L50, F|90/100\n|move|p2a: Calyrex|Protect|p2a: Calyrex\n|-singleturn|p2a: Calyrex|Protect\n|move|p1a: Zamazenta|Body Press|p2b: Volcarona\n|-resisted|p2b: Volcarona\n|-damage|p2b: Volcarona|25/100\n|-damage|p1a: Zamazenta|28/100|[from] item: Rocky Helmet|[of] p2b: Volcarona\n|-status|p1a: Zamazenta|brn|[from] ability: Flame Body|[of] p2b: Volcarona\n|\n|-weather|SunnyDay|[upkeep]\n|-heal|p2a: Calyrex|39/100|[from] item: Leftovers\n|-damage|p1a: Zamazenta|16/100 brn|[from] Leech Seed|[of] p2a: Calyrex\n|-heal|p2a: Calyrex|51/100|[silent]\n|-damage|p1a: Zamazenta|9/100 brn|[from] brn\n|upkeep\n|turn|5\n|\n|t:|1770460245\n|switch|p2a: Incineroar|Incineroar, L50, F|38/100\n|-ability|p2a: Incineroar|Intimidate|boost\n|-unboost|p1a: Zamazenta|atk|1\n|-unboost|p1b: Incineroar|atk|1\n|move|p1a: Zamazenta|Body Press|p2b: Volcarona\n|-resisted|p2b: Volcarona\n|-damage|p2b: Volcarona|0 fnt\n|-damage|p1a: Zamazenta|0 fnt|[from] item: Rocky Helmet|[of] p2b: Volcarona\n|faint|p2b: Volcarona\n|faint|p1a: Zamazenta\n|move|p1b: Incineroar|Will-O-Wisp|p2a: Incineroar|[miss]\n|-miss|p1b: Incineroar|p2a: Incineroar\n|\n|-weather|none\n|upkeep\n|\n|t:|1770460262\n|switch|p1a: Terapagos|Terapagos, L50, M|100/100\n|switch|p2b: Koraidon|Koraidon, L50|100/100\n|-activate|p1a: Terapagos|ability: Tera Shift\n|detailschange|p1a: Terapagos|Terapagos-Terastal, L50, M\n|-heal|p1a: Terapagos|100/100|[silent]\n|-weather|SunnyDay|[from] ability: Orichalcum Pulse|[of] p2b: Koraidon\n|-activate|p2b: Koraidon|Orichalcum Pulse|[source]\n|turn|6\n|\n|t:|1770460288\n|move|p1a: Terapagos|Protect|p1a: Terapagos\n|-singleturn|p1a: Terapagos|Protect\n|move|p2a: Incineroar|Fake Out|p1a: Terapagos\n|-activate|p1a: Terapagos|move: Protect\n|move|p2b: Koraidon|Close Combat|p1b: Incineroar\n|-supereffective|p1b: Incineroar\n|-damage|p1b: Incineroar|0 fnt\n|-unboost|p2b: Koraidon|def|1\n|-unboost|p2b: Koraidon|spd|1\n|faint|p1b: Incineroar\n|-damage|p2b: Koraidon|91/100|[from] item: Life Orb\n|\n|-weather|SunnyDay|[upkeep]\n|upkeep\n|\n|t:|1770460295\n|switch|p1b: Ogerpon|Ogerpon-Cornerstone, L50, F|14/100\n|turn|7\n|inactive|fogdocker has 30 seconds left.\n|inactive|fogdocker has 20 seconds left.\n|inactive|fogdocker has 15 seconds left.\n|\n|t:|1770460338\n|move|p1b: Ogerpon|Spiky Shield|p1b: Ogerpon\n|-singleturn|p1b: Ogerpon|move: Protect\n|move|p2b: Koraidon|Close Combat|p1b: Ogerpon\n|-activate|p1b: Ogerpon|move: Protect\n|-damage|p2b: Koraidon|79/100|[from] Spiky Shield|[of] p1b: Ogerpon\n|move|p1a: Terapagos|Tera Starstorm|p2b: Koraidon\n|-damage|p2b: Koraidon|2/100\n|move|p2a: Incineroar|Parting Shot|p1a: Terapagos\n|-unboost|p1a: Terapagos|atk|1\n|-unboost|p1a: Terapagos|spa|1\n|\n|t:|1770460343\n|switch|p2a: Calyrex|Calyrex-Ice, L50|51/100|[from] Parting Shot\n|-ability|p2a: Calyrex|As One\n|-ability|p2a: Calyrex|Unnerve\n|\n|-weather|SunnyDay|[upkeep]\n|-heal|p2a: Calyrex|57/100|[from] item: Leftovers\n|upkeep\n|turn|8\n|\n|t:|1770460358\n|switch|p2b: Incineroar|Incineroar, L50, F|38/100\n|-ability|p2b: Incineroar|Intimidate|boost\n|-unboost|p1a: Terapagos|atk|1\n|-unboost|p1b: Ogerpon|atk|1\n|-terastallize|p2a: Calyrex|Water\n|move|p1b: Ogerpon|Ivy Cudgel|p2a: Calyrex|[anim] Ivy Cudgel Rock\n|-damage|p2a: Calyrex|34/100\n|move|p1a: Terapagos|Calm Mind|p1a: Terapagos\n|-boost|p1a: Terapagos|spa|1\n|-boost|p1a: Terapagos|spd|1\n|move|p2a: Calyrex|Glacial Lance|p1b: Ogerpon|[spread] p1a,p1b\n|-activate|p1a: Terapagos|ability: Tera Shell\n|-resisted|p1a: Terapagos\n|-supereffective|p1b: Ogerpon\n|-damage|p1a: Terapagos|82/100\n|-damage|p1b: Ogerpon|0 fnt\n|faint|p1b: Ogerpon\n|-ability|p2a: Calyrex|Chilling Neigh|boost\n|-boost|p2a: Calyrex|atk|1\n|\n|-weather|SunnyDay|[upkeep]\n|-heal|p1a: Terapagos|88/100|[from] item: Leftovers\n|-heal|p2a: Calyrex|40/100|[from] item: Leftovers\n|upkeep\n|turn|9\n|inactive|fogdocker has 30 seconds left.\n|\n|t:|1770460386\n|move|p1a: Terapagos|Protect|p1a: Terapagos\n|-singleturn|p1a: Terapagos|Protect\n|move|p2b: Incineroar|Fake Out|p1a: Terapagos\n|-activate|p1a: Terapagos|move: Protect\n|move|p2a: Calyrex|Leech Seed|p1a: Terapagos\n|-activate|p1a: Terapagos|move: Protect\n|\n|-weather|SunnyDay|[upkeep]\n|-heal|p1a: Terapagos|94/100|[from] item: Leftovers\n|-heal|p2a: Calyrex|46/100|[from] item: Leftovers\n|upkeep\n|turn|10\n|\n|t:|1770460394\n|move|p1a: Terapagos|Calm Mind|p1a: Terapagos\n|-boost|p1a: Terapagos|spa|1\n|-boost|p1a: Terapagos|spd|1\n|move|p2b: Incineroar|Parting Shot|p1a: Terapagos\n|-unboost|p1a: Terapagos|atk|1\n|-unboost|p1a: Terapagos|spa|1\n|\n|t:|1770460397\n|switch|p2b: Koraidon|Koraidon, L50|2/100|[from] Parting Shot\n|-activate|p2b: Koraidon|ability: Orichalcum Pulse\n|move|p2a: Calyrex|Leech Seed|p1a: Terapagos\n|-start|p1a: Terapagos|move: Leech Seed\n|\n|-weather|none\n|-heal|p1a: Terapagos|100/100|[from] item: Leftovers\n|-heal|p2a: Calyrex|52/100|[from] item: Leftovers\n|-damage|p1a: Terapagos|88/100|[from] Leech Seed|[of] p2a: Calyrex\n|-heal|p2a: Calyrex|63/100|[silent]\n|upkeep\n|turn|11\n|\n|t:|1770460410\n|move|p2b: Koraidon|Close Combat|p1a: Terapagos\n|-supereffective|p1a: Terapagos\n|-damage|p1a: Terapagos|0 fnt\n|-unboost|p2b: Koraidon|def|1\n|-unboost|p2b: Koraidon|spd|1\n|faint|p1a: Terapagos\n|-damage|p2b: Koraidon|0 fnt|[from] item: Life Orb\n|faint|p2b: Koraidon\n|\n|win|fogdocker\n|raw|we all hate ursf's rating: 1356 &rarr; <strong>1338</strong><br />(-18 for losing)\n|raw|fogdocker's rating: 1384 &rarr; <strong>1402</strong><br />(+18 for winning)\n|l|\u2606we all hate ursf\n|player|p1|\n|l|\u2606fogdocker\n|player|p2|\n","uploadtime":1770460568,"views":11,"formatid":"gen9vgc2026regi","rating":1338,"private":0,"password":null}