{"id":"gen9vgc2026regi-2547051522","format":"[Gen 9] VGC 2026 Reg I","players":["epicpokegamer123","Zorse Mentality"],"log":"|j|\u2606epicpokegamer123\n|j|\u2606Zorse Mentality\n|t:|1772042173\n|gametype|doubles\n|player|p1|epicpokegamer123|266|1322\n|player|p2|Zorse Mentality|101|1395\n|gen|9\n|tier|[Gen 9] VGC 2026 Reg I\n|rated|\n|rule|Species Clause: Limit one of each Pok\u00e9mon\n|rule|Item Clause: Limit 1 of each item\n|clearpoke\n|poke|p1|Torterra, L50, F|\n|poke|p1|Zamazenta-*, L50|\n|poke|p1|Ting-Lu, L50|\n|poke|p1|Entei, L50|\n|poke|p1|Tyranitar, L50, M|\n|poke|p1|Giratina, L50|\n|poke|p2|Calyrex-Ice, L50|\n|poke|p2|Kyogre, L50|\n|poke|p2|Tornadus, L50, M|\n|poke|p2|Urshifu-*, L50, M|\n|poke|p2|Indeedee-F, L50, F|\n|poke|p2|Torkoal, L50, M|\n|teampreview|4\n|inactive|Battle timer is ON: inactive players will automatically lose when time's up. (requested by epicpokegamer123)\n|\n|t:|1772042198\n|teamsize|p1|4\n|teamsize|p2|4\n|start\n|switch|p1a: Ting-Lu|Ting-Lu, L50|100/100\n|switch|p1b: Torterra|Torterra, L50, F|100/100\n|switch|p2a: Tornadus|Tornadus, L50, M|100/100\n|switch|p2b: Urshifu|Urshifu, L50, M|100/100\n|-ability|p1a: Ting-Lu|Vessel of Ruin\n|turn|1\n|inactive|epicpokegamer123 has 30 seconds left.\n|inactive|Zorse Mentality has 30 seconds left.\n|inactive|epicpokegamer123 has 20 seconds left.\n|\n|t:|1772042235\n|switch|p1b: Tyranitar|Tyranitar, L50, M|100/100\n|-weather|Sandstorm|[from] ability: Sand Stream|[of] p1b: Tyranitar\n|switch|p1a: Giratina|Giratina, L50|100/100\n|move|p2a: Tornadus|Tailwind|p2a: Tornadus\n|-sidestart|p2: Zorse Mentality|move: Tailwind\n|move|p2b: Urshifu|U-turn|p1a: Giratina\n|-resisted|p1a: Giratina\n|-damage|p1a: Giratina|86/100\n|\n|t:|1772042251\n|switch|p2b: Kyogre|Kyogre, L50|100/100|[from] U-turn\n|-weather|RainDance|[from] ability: Drizzle|[of] p2b: Kyogre\n|\n|-weather|RainDance|[upkeep]\n|upkeep\n|turn|2\n|\n|t:|1772042269\n|move|p1b: Tyranitar|Protect|p1b: Tyranitar\n|-singleturn|p1b: Tyranitar|Protect\n|move|p2a: Tornadus|Bleakwind Storm|p1a: Giratina|[spread] p1a\n|-activate|p1b: Tyranitar|move: Protect\n|-damage|p1a: Giratina|72/100\n|-unboost|p1a: Giratina|spe|1\n|move|p2b: Kyogre|Water Spout|p1a: Giratina|[spread] p1a\n|-activate|p1b: Tyranitar|move: Protect\n|-resisted|p1a: Giratina\n|-damage|p1a: Giratina|51/100\n|move|p1a: Giratina|Dragon Pulse|p2b: Kyogre\n|-damage|p2b: Kyogre|69/100\n|\n|-weather|RainDance|[upkeep]\n|upkeep\n|turn|3\n|inactive|epicpokegamer123 has 30 seconds left.\n|\n|t:|1772042301\n|switch|p1b: Ting-Lu|Ting-Lu, L50|100/100\n|-ability|p1b: Ting-Lu|Vessel of Ruin\n|move|p2a: Tornadus|Bleakwind Storm|p1b: Ting-Lu|[spread] p1a,p1b\n|-damage|p1a: Giratina|41/100\n|-damage|p1b: Ting-Lu|84/100\n|-unboost|p1a: Giratina|spe|1\n|-unboost|p1b: Ting-Lu|spe|1\n|move|p2b: Kyogre|Water Spout|p1b: Ting-Lu|[spread] p1a,p1b\n|-resisted|p1a: Giratina\n|-supereffective|p1b: Ting-Lu\n|-damage|p1a: Giratina|29/100\n|-damage|p1b: Ting-Lu|6/100\n|move|p1a: Giratina|Dragon Pulse|p2b: Kyogre\n|-damage|p2b: Kyogre|47/100\n|\n|-weather|RainDance|[upkeep]\n|upkeep\n|turn|4\n|inactive|epicpokegamer123 has 30 seconds left.\n|inactive|Zorse Mentality has 30 seconds left.\n|inactive|Zorse Mentality has 20 seconds left.\n|\n|t:|1772042338\n|switch|p2b: Calyrex|Calyrex-Ice, L50|100/100\n|-ability|p2b: Calyrex|As One\n|-ability|p2b: Calyrex|Unnerve\n|switch|p1a: Tyranitar|Tyranitar, L50, M|100/100\n|-weather|Sandstorm|[from] ability: Sand Stream|[of] p1a: Tyranitar\n|move|p2a: Tornadus|Protect|p2a: Tornadus\n|-singleturn|p2a: Tornadus|Protect\n|move|p1b: Ting-Lu|Taunt|p2a: Tornadus\n|-activate|p2a: Tornadus|move: Protect\n|\n|-weather|Sandstorm|[upkeep]\n|-damage|p2a: Tornadus|95/100|[from] Sandstorm\n|-damage|p2b: Calyrex|94/100|[from] Sandstorm\n|-sideend|p2: Zorse Mentality|move: Tailwind\n|upkeep\n|turn|5\n|inactive|epicpokegamer123 has 30 seconds left.\n|inactive|Zorse Mentality has 30 seconds left.\n|\n|t:|1772042369\n|-terastallize|p2b: Calyrex|Dark\n|move|p2a: Tornadus|Tailwind|p2a: Tornadus\n|-sidestart|p2: Zorse Mentality|move: Tailwind\n|move|p2b: Calyrex|Glacial Lance|p1b: Ting-Lu|[spread] p1a,p1b\n|-supereffective|p1b: Ting-Lu\n|-damage|p1a: Tyranitar|43/100\n|-damage|p1b: Ting-Lu|0 fnt\n|faint|p1b: Ting-Lu\n|-ability|p2b: Calyrex|Chilling Neigh|boost\n|-boost|p2b: Calyrex|atk|1\n|-damage|p2b: Calyrex|85/100|[from] item: Life Orb\n|move|p1a: Tyranitar|Rock Slide|p2b: Calyrex|[spread] p2a,p2b\n|-supereffective|p2a: Tornadus\n|-damage|p2a: Tornadus|0 fnt\n|-damage|p2b: Calyrex|62/100\n|faint|p2a: Tornadus\n|\n|-weather|Sandstorm|[upkeep]\n|-damage|p2b: Calyrex|56/100|[from] Sandstorm\n|upkeep\n|\n|t:|1772042393\n|switch|p2a: Urshifu|Urshifu, L50, M|100/100\n|switch|p1b: Torterra|Torterra, L50, F|100/100\n|turn|6\n|\n|t:|1772042410\n|-terastallize|p1a: Tyranitar|Ghost\n|move|p1b: Torterra|Wide Guard|p1b: Torterra\n|-singleturn|p1b: Torterra|Wide Guard\n|move|p2b: Calyrex|Glacial Lance|p1a: Tyranitar|[spread] \n|-activate|p1a: Tyranitar|move: Wide Guard\n|-activate|p1b: Torterra|move: Wide Guard\n|move|p2a: Urshifu|Wicked Blow|p1b: Torterra\n|-damage|p1b: Torterra|48/100\n|move|p1a: Tyranitar|High Horsepower|p2a: Urshifu\n|-damage|p2a: Urshifu|68/100\n|\n|-weather|Sandstorm|[upkeep]\n|-damage|p2b: Calyrex|50/100|[from] Sandstorm\n|-damage|p2a: Urshifu|62/100|[from] Sandstorm\n|-damage|p1a: Tyranitar|37/100|[from] Sandstorm\n|-heal|p1b: Torterra|54/100|[from] item: Leftovers\n|upkeep\n|turn|7\n|inactive|epicpokegamer123 has 30 seconds left.\n|\n|t:|1772042437\n|move|p2b: Calyrex|Glacial Lance|p1a: Tyranitar|[spread] p1a,p1b\n|-supereffective|p1b: Torterra\n|-damage|p1a: Tyranitar|0 fnt\n|-damage|p1b: Torterra|0 fnt\n|faint|p1a: Tyranitar\n|faint|p1b: Torterra\n|-ability|p2b: Calyrex|Chilling Neigh|boost\n|-boost|p2b: Calyrex|atk|2\n|-damage|p2b: Calyrex|40/100|[from] item: Life Orb\n|move|p2a: Urshifu|Wicked Blow|p1: Tyranitar|[notarget]\n|-fail|p2a: Urshifu\n|\n|-weather|Sandstorm|[upkeep]\n|-damage|p2b: Calyrex|34/100|[from] Sandstorm\n|-damage|p2a: Urshifu|56/100|[from] Sandstorm\n|upkeep\n|-message|epicpokegamer123 forfeited.\n|\n|win|Zorse Mentality\n|raw|epicpokegamer123's rating: 1322 &rarr; <strong>1306</strong><br />(-16 for losing)\n|raw|Zorse Mentality's rating: 1395 &rarr; <strong>1411</strong><br />(+16 for winning)\n|l|\u2606epicpokegamer123\n|player|p1|\n|l|\u2606Zorse Mentality\n|player|p2|\n","uploadtime":1772042669,"views":11,"formatid":"gen9vgc2026regi","rating":1306,"private":0,"password":null}