{"id":"gen9vgc2026regi-2548832711","format":"[Gen 9] VGC 2026 Reg I","players":["Mr Xer Yve Zyg","Simon0123"],"log":"|j|\u2606Mr Xer Yve Zyg\n|j|\u2606Simon0123\n|t:|1772265628\n|gametype|doubles\n|player|p1|Mr Xer Yve Zyg|n|1076\n|player|p2|Simon0123|benga|1106\n|gen|9\n|tier|[Gen 9] VGC 2026 Reg I\n|rated|\n|rule|Species Clause: Limit one of each Pok\u00e9mon\n|rule|Item Clause: Limit 1 of each item\n|clearpoke\n|poke|p1|Terapagos, L50, M|\n|poke|p1|Zamazenta-*, L50|\n|poke|p1|Urshifu-*, L50, F|\n|poke|p1|Pelipper, L50, F|\n|poke|p1|Archaludon, L50, F|\n|poke|p1|Ogerpon-Wellspring, L50, F|\n|poke|p2|Miraidon, L50|\n|poke|p2|Iron Bundle, L50|\n|poke|p2|Iron Hands, L50|\n|poke|p2|Chi-Yu, L50|\n|poke|p2|Tornadus, L50, M|\n|poke|p2|Ogerpon-Wellspring, L50, F|\n|teampreview|4\n|inactive|Battle timer is ON: inactive players will automatically lose when time's up. (requested by Simon0123)\n|\n|t:|1772265653\n|teamsize|p1|4\n|teamsize|p2|4\n|start\n|switch|p1a: Archaludon|Archaludon, L50, F|100/100\n|switch|p1b: Pelipper|Pelipper, L50, F|100/100\n|switch|p2a: Miraidon|Miraidon, L50|100/100\n|switch|p2b: Iron Hands|Iron Hands, L50|100/100\n|-fieldstart|move: Electric Terrain|[from] ability: Hadron Engine|[of] p2a: Miraidon\n|-activate|p2b: Iron Hands|ability: Quark Drive\n|-start|p2b: Iron Hands|quarkdriveatk\n|-weather|RainDance|[from] ability: Drizzle|[of] p1b: Pelipper\n|turn|1\n|\n|t:|1772265674\n|move|p2b: Iron Hands|Fake Out|p1a: Archaludon\n|-resisted|p1a: Archaludon\n|-damage|p1a: Archaludon|94/100\n|-damage|p2b: Iron Hands|84/100|[from] item: Rocky Helmet|[of] p1a: Archaludon\n|-ability|p1a: Archaludon|Stamina|boost\n|-boost|p1a: Archaludon|def|1\n|move|p2a: Miraidon|Volt Switch|p1b: Pelipper\n|-supereffective|p1b: Pelipper\n|-damage|p1b: Pelipper|0 fnt\n|faint|p1b: Pelipper\n|\n|t:|1772265691\n|switch|p2a: Ogerpon|Ogerpon-Wellspring, L50, F|100/100|[from] Volt Switch\n|cant|p1a: Archaludon|flinch\n|\n|-weather|RainDance|[upkeep]\n|upkeep\n|\n|t:|1772265699\n|switch|p1b: Zamazenta|Zamazenta-Crowned, L50|100/100\n|-ability|p1b: Zamazenta|Dauntless Shield|boost\n|-boost|p1b: Zamazenta|def|1\n|turn|2\n|\n|t:|1772265721\n|move|p2a: Ogerpon|Ivy Cudgel|p1b: Zamazenta|[anim] Ivy Cudgel Water\n|-damage|p1b: Zamazenta|66/100\n|move|p1b: Zamazenta|Iron Defense|p1b: Zamazenta\n|-boost|p1b: Zamazenta|def|2\n|move|p1a: Archaludon|Iron Defense|p1a: Archaludon\n|-boost|p1a: Archaludon|def|2\n|move|p2b: Iron Hands|Drain Punch|p1b: Zamazenta\n|-supereffective|p1b: Zamazenta\n|-damage|p1b: Zamazenta|37/100\n|-heal|p2b: Iron Hands|93/100|[from] drain|[of] p1b: Zamazenta\n|\n|-weather|RainDance|[upkeep]\n|upkeep\n|turn|3\n|\n|t:|1772265743\n|move|p2a: Ogerpon|Ivy Cudgel|p1b: Zamazenta|[anim] Ivy Cudgel Water\n|-damage|p1b: Zamazenta|13/100\n|move|p1b: Zamazenta|Body Press|p2b: Iron Hands\n|-damage|p2b: Iron Hands|22/100\n|move|p1a: Archaludon|Electro Shot||[still]\n|-prepare|p1a: Archaludon|Electro Shot\n|-boost|p1a: Archaludon|spa|1\n|-anim|p1a: Archaludon|Electro Shot|p2a: Ogerpon\n|-damage|p2a: Ogerpon|17/100\n|move|p2b: Iron Hands|Drain Punch|p1b: Zamazenta\n|-supereffective|p1b: Zamazenta\n|-damage|p1b: Zamazenta|0 fnt\n|-heal|p2b: Iron Hands|26/100|[from] drain|[of] p1b: Zamazenta\n|faint|p1b: Zamazenta\n|\n|-weather|RainDance|[upkeep]\n|upkeep\n|\n|t:|1772265764\n|switch|p1b: Terapagos|Terapagos, L50, M|100/100\n|-activate|p1b: Terapagos|ability: Tera Shift\n|detailschange|p1b: Terapagos|Terapagos-Terastal, L50, M\n|-heal|p1b: Terapagos|100/100|[silent]\n|turn|4\n|c|\u2606Simon0123|Speed of your zamazenta?\n|inactive|Simon0123 has 30 seconds left.\n|\n|t:|1772265789\n|move|p2a: Ogerpon|Ivy Cudgel|p1b: Terapagos|[anim] Ivy Cudgel Water\n|-activate|p1b: Terapagos|ability: Tera Shell\n|-resisted|p1b: Terapagos\n|-damage|p1b: Terapagos|62/100\n|move|p1a: Archaludon|Iron Defense|p1a: Archaludon\n|-boost|p1a: Archaludon|def|2\n|move|p1b: Terapagos|Calm Mind|p1b: Terapagos\n|-boost|p1b: Terapagos|spa|1\n|-boost|p1b: Terapagos|spd|1\n|move|p2b: Iron Hands|Drain Punch|p1b: Terapagos\n|-supereffective|p1b: Terapagos\n|-damage|p1b: Terapagos|0 fnt\n|-heal|p2b: Iron Hands|47/100|[from] drain|[of] p1b: Terapagos\n|faint|p1b: Terapagos\n|\n|-weather|RainDance|[upkeep]\n|upkeep\n|turn|5\n|c|\u2606Simon0123|?\n|inactive|Mr Xer Yve Zyg has 30 seconds left.\n|c|\u2606Simon0123|Zamazenta speed?\n|\n|t:|1772265817\n|-terastallize|p1a: Archaludon|Electric\n|move|p2a: Ogerpon|Ivy Cudgel|p1a: Archaludon|[anim] Ivy Cudgel Water\n|-damage|p1a: Archaludon|77/100\n|-ability|p1a: Archaludon|Stamina|boost\n|-boost|p1a: Archaludon|def|1\n|move|p1a: Archaludon|Electro Shot||[still]\n|-prepare|p1a: Archaludon|Electro Shot\n|-boost|p1a: Archaludon|spa|1\n|-anim|p1a: Archaludon|Electro Shot|p2a: Ogerpon\n|-damage|p2a: Ogerpon|0 fnt\n|faint|p2a: Ogerpon\n|move|p2b: Iron Hands|Drain Punch|p1a: Archaludon\n|-damage|p1a: Archaludon|67/100\n|-heal|p2b: Iron Hands|50/100|[from] drain|[of] p1a: Archaludon\n|-damage|p2b: Iron Hands|33/100|[from] item: Rocky Helmet|[of] p1a: Archaludon\n|\n|-weather|RainDance|[upkeep]\n|-fieldend|move: Electric Terrain\n|-end|p2b: Iron Hands|Quark Drive\n|upkeep\n|\n|t:|1772265832\n|switch|p2a: Iron Bundle|Iron Bundle, L50|100/100\n|-enditem|p2a: Iron Bundle|Booster Energy\n|-activate|p2a: Iron Bundle|ability: Quark Drive|[fromitem]\n|-start|p2a: Iron Bundle|quarkdrivespe\n|turn|6\n|\n|t:|1772265851\n|move|p2a: Iron Bundle|Freeze-Dry|p1a: Archaludon\n|-damage|p1a: Archaludon|17/100\n|-status|p1a: Archaludon|frz\n|-curestatus|p1a: Archaludon|frz|[msg]\n|move|p1a: Archaludon|Electro Shot||[still]\n|-prepare|p1a: Archaludon|Electro Shot\n|-boost|p1a: Archaludon|spa|1\n|-anim|p1a: Archaludon|Electro Shot|p2a: Iron Bundle\n|-supereffective|p2a: Iron Bundle\n|-damage|p2a: Iron Bundle|0 fnt\n|faint|p2a: Iron Bundle\n|-end|p2a: Iron Bundle|Quark Drive|[silent]\n|move|p2b: Iron Hands|Drain Punch|p1a: Archaludon\n|-damage|p1a: Archaludon|10/100\n|-heal|p2b: Iron Hands|36/100|[from] drain|[of] p1a: Archaludon\n|-damage|p2b: Iron Hands|19/100|[from] item: Rocky Helmet|[of] p1a: Archaludon\n|\n|-weather|RainDance|[upkeep]\n|upkeep\n|\n|t:|1772265872\n|switch|p2a: Miraidon|Miraidon, L50|100/100\n|-fieldstart|move: Electric Terrain|[from] ability: Hadron Engine|[of] p2a: Miraidon\n|-activate|p2b: Iron Hands|ability: Quark Drive\n|-start|p2b: Iron Hands|quarkdriveatk\n|turn|7\n|-message|Mr Xer Yve Zyg forfeited.\n|\n|win|Simon0123\n|raw|Mr Xer Yve Zyg's rating: 1076 &rarr; <strong>1056</strong><br />(-20 for losing)\n|raw|Simon0123's rating: 1106 &rarr; <strong>1129</strong><br />(+23 for winning)\n|l|\u2606Mr Xer Yve Zyg\n|player|p1|\n|l|\u2606Simon0123\n|player|p2|\n","uploadtime":1772266201,"views":15,"formatid":"gen9vgc2026regi","rating":1056,"private":0,"password":null}