{"id":"gen9vgc2026regi-2518483738","format":"[Gen 9] VGC 2026 Reg I","players":["mosca9876","kojimuranishi"],"log":"|j|\u2606mosca9876\n|j|\u2606kojimuranishi\n|t:|1768396402\n|gametype|doubles\n|player|p1|mosca9876|169|1427\n|player|p2|kojimuranishi|1|1525\n|gen|9\n|tier|[Gen 9] VGC 2026 Reg I\n|rated|\n|rule|Species Clause: Limit one of each Pok\u00e9mon\n|rule|Item Clause: Limit 1 of each item\n|clearpoke\n|poke|p1|Miraidon, L50|\n|poke|p1|Calyrex-Ice, L50|\n|poke|p1|Grimmsnarl, L50, M|\n|poke|p1|Sneasler, L50, F|\n|poke|p1|Farigiraf, L50, F|\n|poke|p1|Landorus, L50, M|\n|poke|p2|Zamazenta-*, L50|\n|poke|p2|Lunala, L50|\n|poke|p2|Chien-Pao, L50|\n|poke|p2|Dragonite, L50, F|\n|poke|p2|Chi-Yu, L50|\n|poke|p2|Urshifu-*, L50, F|\n|teampreview|4\n|inactive|Battle timer is ON: inactive players will automatically lose when time's up. (requested by kojimuranishi)\n|\n|t:|1768396424\n|teamsize|p1|4\n|teamsize|p2|4\n|start\n|switch|p1a: Sneasler|Sneasler, L50, F|100/100\n|switch|p1b: Miraidon|Miraidon, L50|100/100\n|switch|p2a: Urshifu|Urshifu-Rapid-Strike, L50, F|100/100\n|switch|p2b: Chien-Pao|Chien-Pao, L50|100/100\n|-fieldstart|move: Electric Terrain|[from] ability: Hadron Engine|[of] p1b: Miraidon\n|-enditem|p1a: Sneasler|Electric Seed\n|-boost|p1a: Sneasler|def|1|[from] item: Electric Seed\n|-ability|p2b: Chien-Pao|Sword of Ruin\n|turn|1\n|\n|t:|1768396438\n|-terastallize|p1b: Miraidon|Fairy\n|move|p2b: Chien-Pao|Protect|p2b: Chien-Pao\n|-singleturn|p2b: Chien-Pao|Protect\n|move|p2a: Urshifu|Detect|p2a: Urshifu\n|-singleturn|p2a: Urshifu|Protect\n|move|p1a: Sneasler|Fake Out|p2b: Chien-Pao\n|-activate|p2b: Chien-Pao|move: Protect\n|move|p1b: Miraidon|Dazzling Gleam|p2a: Urshifu|[spread] \n|-activate|p2a: Urshifu|move: Protect\n|-activate|p2b: Chien-Pao|move: Protect\n|\n|upkeep\n|turn|2\n|inactive|kojimuranishi has 30 seconds left.\n|inactive|kojimuranishi has 20 seconds left.\n|inactive|kojimuranishi has 15 seconds left.\n|inactive|kojimuranishi has 10 seconds left.\n|\n|t:|1768396487\n|move|p1a: Sneasler|Dire Claw|p2b: Chien-Pao\n|-crit|p2b: Chien-Pao\n|-damage|p2b: Chien-Pao|18/100\n|move|p1b: Miraidon|Dazzling Gleam|p2a: Urshifu|[spread] p2a,p2b\n|-supereffective|p2a: Urshifu\n|-supereffective|p2b: Chien-Pao\n|-enditem|p2a: Urshifu|Focus Sash\n|-damage|p2a: Urshifu|1/100\n|-damage|p2b: Chien-Pao|0 fnt\n|faint|p2b: Chien-Pao\n|move|p2a: Urshifu|Surging Strikes|p1b: Miraidon\n|-crit|p1b: Miraidon\n|-damage|p1b: Miraidon|76/100\n|-crit|p1b: Miraidon\n|-damage|p1b: Miraidon|50/100\n|-crit|p1b: Miraidon\n|-damage|p1b: Miraidon|28/100\n|-hitcount|p1b: Miraidon|3\n|\n|upkeep\n|\n|t:|1768396508\n|switch|p2b: Lunala|Lunala, L50|100/100\n|turn|3\n|\n|t:|1768396515\n|-terastallize|p2b: Lunala|Normal\n|move|p2a: Urshifu|Detect|p2a: Urshifu\n|-singleturn|p2a: Urshifu|Protect\n|move|p1a: Sneasler|Dire Claw|p2a: Urshifu\n|-activate|p2a: Urshifu|move: Protect\n|move|p1b: Miraidon|Dazzling Gleam|p2b: Lunala|[spread] p2b\n|-activate|p2a: Urshifu|move: Protect\n|-damage|p2b: Lunala|87/100\n|move|p2b: Lunala|Trick Room|p2b: Lunala\n|-fieldstart|move: Trick Room|[of] p2b: Lunala\n|\n|upkeep\n|turn|4\n|\n|t:|1768396533\n|switch|p1b: Calyrex|Calyrex-Ice, L50|100/100\n|-ability|p1b: Calyrex|As One\n|-ability|p1b: Calyrex|Unnerve\n|switch|p1a: Farigiraf|Farigiraf, L50, F|100/100\n|move|p2b: Lunala|Meteor Beam||[still]\n|-prepare|p2b: Lunala|Meteor Beam\n|-boost|p2b: Lunala|spa|1\n|-enditem|p2b: Lunala|Power Herb\n|-anim|p2b: Lunala|Meteor Beam|p1b: Calyrex\n|-supereffective|p1b: Calyrex\n|-damage|p1b: Calyrex|3/100\n|move|p2a: Urshifu|Surging Strikes|p1a: Farigiraf\n|-crit|p1a: Farigiraf\n|-damage|p1a: Farigiraf|84/100\n|-crit|p1a: Farigiraf\n|-damage|p1a: Farigiraf|65/100\n|-crit|p1a: Farigiraf\n|-damage|p1a: Farigiraf|49/100\n|-enditem|p1a: Farigiraf|Sitrus Berry|[eat]\n|-heal|p1a: Farigiraf|74/100|[from] item: Sitrus Berry\n|-hitcount|p1a: Farigiraf|3\n|\n|upkeep\n|turn|5\n|inactive|kojimuranishi has 30 seconds left.\n|inactive|kojimuranishi has 20 seconds left.\n|inactive|kojimuranishi has 15 seconds left.\n|inactive|kojimuranishi has 10 seconds left.\n|\n|t:|1768396581\n|switch|p2a: Zamazenta|Zamazenta-Crowned, L50|100/100\n|-ability|p2a: Zamazenta|Dauntless Shield|boost\n|-boost|p2a: Zamazenta|def|1\n|move|p1a: Farigiraf|Foul Play|p2b: Lunala\n|-damage|p2b: Lunala|72/100\n|move|p1b: Calyrex|High Horsepower|p2a: Zamazenta\n|-supereffective|p2a: Zamazenta\n|-damage|p2a: Zamazenta|73/100\n|move|p2b: Lunala|Moonblast|p1b: Calyrex\n|-damage|p1b: Calyrex|0 fnt\n|faint|p1b: Calyrex\n|\n|-fieldend|move: Electric Terrain\n|upkeep\n|\n|t:|1768396593\n|switch|p1b: Sneasler|Sneasler, L50, F|100/100\n|turn|6\n|inactive|mosca9876 has 30 seconds left.\n|\n|t:|1768396627\n|move|p1b: Sneasler|Fake Out|p2b: Lunala\n|-damage|p2b: Lunala|62/100\n|cant|p2b: Lunala|flinch\n|move|p2a: Zamazenta|Body Press|p1a: Farigiraf\n|-damage|p1a: Farigiraf|27/100\n|move|p1a: Farigiraf|Trick Room|p1a: Farigiraf\n|-fieldend|move: Trick Room\n|\n|upkeep\n|turn|7\n|inactive|kojimuranishi has 30 seconds left.\n|\n|t:|1768396654\n|move|p1b: Sneasler|Close Combat|p2b: Lunala\n|-supereffective|p2b: Lunala\n|-damage|p2b: Lunala|0 fnt\n|-unboost|p1b: Sneasler|def|1\n|-unboost|p1b: Sneasler|spd|1\n|faint|p2b: Lunala\n|move|p2a: Zamazenta|Behemoth Bash|p1b: Sneasler\n|-damage|p1b: Sneasler|5/100\n|move|p1a: Farigiraf|Hyper Voice|p2a: Zamazenta\n|-resisted|p2a: Zamazenta\n|-damage|p2a: Zamazenta|63/100\n|\n|upkeep\n|\n|t:|1768396667\n|switch|p2b: Urshifu|Urshifu-Rapid-Strike, L50, F|1/100\n|turn|8\n|inactive|mosca9876 has 30 seconds left.\n|inactive|mosca9876 has 20 seconds left.\n|\n|t:|1768396705\n|move|p2b: Urshifu|Detect|p2b: Urshifu\n|-singleturn|p2b: Urshifu|Protect\n|move|p1b: Sneasler|Close Combat|p2a: Zamazenta\n|-supereffective|p2a: Zamazenta\n|-damage|p2a: Zamazenta|18/100\n|-unboost|p1b: Sneasler|def|1\n|-unboost|p1b: Sneasler|spd|1\n|move|p2a: Zamazenta|Body Press|p1a: Farigiraf\n|-damage|p1a: Farigiraf|0 fnt\n|faint|p1a: Farigiraf\n|\n|upkeep\n|\n|t:|1768396714\n|switch|p1a: Miraidon|Miraidon, L50, tera:Fairy|28/100\n|-fieldstart|move: Electric Terrain|[from] ability: Hadron Engine|[of] p1a: Miraidon\n|turn|9\n|\n|t:|1768396731\n|move|p2b: Urshifu|Aqua Jet|p1a: Miraidon\n|-damage|p1a: Miraidon|2/100\n|move|p1a: Miraidon|Dazzling Gleam|p2a: Zamazenta|[spread] p2a,p2b\n|-supereffective|p2b: Urshifu\n|-damage|p2a: Zamazenta|0 fnt\n|-damage|p2b: Urshifu|0 fnt\n|faint|p2a: Zamazenta\n|faint|p2b: Urshifu\n|\n|win|mosca9876\n|raw|mosca9876's rating: 1427 &rarr; <strong>1452</strong><br />(+25 for winning)\n|raw|kojimuranishi's rating: 1525 &rarr; <strong>1500</strong><br />(-25 for losing)\n|l|\u2606mosca9876\n|player|p1|\n|l|\u2606kojimuranishi\n|player|p2|\n","uploadtime":1768397001,"views":29,"formatid":"gen9vgc2026regi","rating":1452,"private":0,"password":null}