{"id":"gen9vgc2026regi-2555860775","format":"[Gen 9] VGC 2026 Reg I","players":["fogdocker","kaysen123456"],"log":"|j|\u2606fogdocker\n|j|\u2606kaysen123456\n|t:|1773146098\n|gametype|doubles\n|player|p1|fogdocker|169|1543\n|player|p2|kaysen123456|cynthia-gen4|1545\n|gen|9\n|tier|[Gen 9] VGC 2026 Reg I\n|rated|\n|rule|Species Clause: Limit one of each Pok\u00e9mon\n|rule|Item Clause: Limit 1 of each item\n|clearpoke\n|poke|p1|Calyrex-Ice, L50|\n|poke|p1|Koraidon, L50|\n|poke|p1|Flutter Mane, L50|\n|poke|p1|Incineroar, L50, F|\n|poke|p1|Rillaboom, L50, M|\n|poke|p1|Annihilape, L50, M|\n|poke|p2|Dondozo, L50, F|\n|poke|p2|Calyrex-Shadow, L50|\n|poke|p2|Chien-Pao, L50|\n|poke|p2|Dragonite, L50, M|\n|poke|p2|Zamazenta-*, L50|\n|poke|p2|Tatsugiri, L50, F|\n|teampreview|4\n|\n|t:|1773146143\n|teamsize|p1|4\n|teamsize|p2|4\n|start\n|switch|p1a: Calyrex|Calyrex-Ice, L50|100/100\n|switch|p1b: Flutter Mane|Flutter Mane, L50|100/100\n|switch|p2a: Calyrex|Calyrex-Shadow, L50|100/100\n|switch|p2b: Chien-Pao|Chien-Pao, L50|100/100\n|-ability|p2a: Calyrex|As One\n|-ability|p2a: Calyrex|Unnerve\n|-ability|p1a: Calyrex|As One\n|-ability|p1a: Calyrex|Unnerve\n|-ability|p2b: Chien-Pao|Sword of Ruin\n|turn|1\n|\n|t:|1773146166\n|-end|p1b: Flutter Mane|Protosynthesis|[silent]\n|switch|p1b: Incineroar|Incineroar, L50, F|100/100\n|-ability|p1b: Incineroar|Intimidate|boost\n|-unboost|p2a: Calyrex|atk|1\n|-unboost|p2b: Chien-Pao|atk|1\n|-terastallize|p2a: Calyrex|Ghost\n|-terastallize|p1a: Calyrex|Water\n|move|p2b: Chien-Pao|Sucker Punch||[still]\n|-fail|p2b: Chien-Pao\n|move|p2a: Calyrex|Astral Barrage|p1a: Calyrex|[spread] p1a,p1b\n|-resisted|p1b: Incineroar\n|-damage|p1a: Calyrex|54/100\n|-damage|p1b: Incineroar|68/100\n|move|p1a: Calyrex|Trick Room|p1a: Calyrex\n|-fieldstart|move: Trick Room|[of] p1a: Calyrex\n|\n|-heal|p1a: Calyrex|60/100|[from] item: Leftovers\n|upkeep\n|turn|2\n|\n|t:|1773146195\n|switch|p2a: Zamazenta|Zamazenta-Crowned, L50|100/100\n|-ability|p2a: Zamazenta|Dauntless Shield|boost\n|-boost|p2a: Zamazenta|def|1\n|move|p2b: Chien-Pao|Protect|p2b: Chien-Pao\n|-singleturn|p2b: Chien-Pao|Protect\n|move|p1a: Calyrex|Glacial Lance|p2b: Chien-Pao|[spread] p2a\n|-activate|p2b: Chien-Pao|move: Protect\n|-resisted|p2a: Zamazenta\n|-damage|p2a: Zamazenta|88/100\n|move|p1b: Incineroar|Knock Off|p2a: Zamazenta\n|-resisted|p2a: Zamazenta\n|-damage|p2a: Zamazenta|81/100\n|\n|-heal|p1a: Calyrex|66/100|[from] item: Leftovers\n|upkeep\n|turn|3\n|\n|t:|1773146221\n|move|p1a: Calyrex|Leech Seed|p2a: Zamazenta|[miss]\n|-miss|p1a: Calyrex|p2a: Zamazenta\n|move|p1b: Incineroar|Flare Blitz|p2b: Chien-Pao\n|-supereffective|p2b: Chien-Pao\n|-enditem|p2b: Chien-Pao|Focus Sash\n|-damage|p2b: Chien-Pao|1/100\n|-status|p2b: Chien-Pao|brn\n|-damage|p1b: Incineroar|43/100|[from] Recoil\n|move|p2a: Zamazenta|Body Press|p1a: Calyrex\n|-damage|p1a: Calyrex|14/100\n|move|p2b: Chien-Pao|Ruination|p1a: Calyrex\n|-damage|p1a: Calyrex|7/100\n|\n|-heal|p1a: Calyrex|13/100|[from] item: Leftovers\n|-damage|p2b: Chien-Pao|0 fnt|[from] brn\n|faint|p2b: Chien-Pao\n|upkeep\n|\n|t:|1773146232\n|switch|p2b: Dragonite|Dragonite, L50, M|100/100\n|turn|4\n|\n|t:|1773146252\n|move|p1a: Calyrex|Protect|p1a: Calyrex\n|-singleturn|p1a: Calyrex|Protect\n|move|p2b: Dragonite|Extreme Speed|p1a: Calyrex\n|-activate|p1a: Calyrex|move: Protect\n|move|p1b: Incineroar|Flare Blitz|p2a: Zamazenta\n|-supereffective|p2a: Zamazenta\n|-damage|p2a: Zamazenta|45/100\n|-status|p2a: Zamazenta|brn\n|-damage|p1b: Incineroar|32/100|[from] Recoil\n|move|p2a: Zamazenta|Body Press|p1b: Incineroar\n|-supereffective|p1b: Incineroar\n|-damage|p1b: Incineroar|0 fnt\n|faint|p1b: Incineroar\n|\n|-heal|p1a: Calyrex|19/100|[from] item: Leftovers\n|-damage|p2a: Zamazenta|39/100 brn|[from] brn\n|upkeep\n|\n|t:|1773146264\n|switch|p1b: Flutter Mane|Flutter Mane, L50|100/100\n|turn|5\n|\n|t:|1773146269\n|move|p1b: Flutter Mane|Protect|p1b: Flutter Mane\n|-singleturn|p1b: Flutter Mane|Protect\n|move|p2b: Dragonite|Extreme Speed|p1a: Calyrex\n|-damage|p1a: Calyrex|0 fnt\n|faint|p1a: Calyrex\n|move|p2a: Zamazenta|Heavy Slam|p1b: Flutter Mane\n|-activate|p1b: Flutter Mane|move: Protect\n|\n|-damage|p2a: Zamazenta|33/100 brn|[from] brn\n|-fieldend|move: Trick Room\n|upkeep\n|\n|t:|1773146274\n|switch|p1a: Koraidon|Koraidon, L50|100/100\n|-weather|SunnyDay|[from] ability: Orichalcum Pulse|[of] p1a: Koraidon\n|-activate|p1b: Flutter Mane|ability: Protosynthesis\n|-start|p1b: Flutter Mane|protosynthesisspe\n|-activate|p1a: Koraidon|Orichalcum Pulse|[source]\n|turn|6\n|\n|t:|1773146328\n|move|p2b: Dragonite|Extreme Speed|p1a: Koraidon\n|-damage|p1a: Koraidon|59/100\n|move|p1b: Flutter Mane|Moonblast|p2b: Dragonite\n|-supereffective|p2b: Dragonite\n|-damage|p2b: Dragonite|0 fnt\n|faint|p2b: Dragonite\n|move|p1a: Koraidon|Flame Charge|p2a: Zamazenta\n|-supereffective|p2a: Zamazenta\n|-damage|p2a: Zamazenta|0 fnt\n|-boost|p1a: Koraidon|spe|1\n|faint|p2a: Zamazenta\n|-damage|p1a: Koraidon|49/100|[from] item: Life Orb\n|\n|-weather|SunnyDay|[upkeep]\n|upkeep\n|\n|t:|1773146338\n|switch|p2b: Calyrex|Calyrex-Shadow, L50, tera:Ghost|100/100\n|-ability|p2b: Calyrex|As One\n|-ability|p2b: Calyrex|Unnerve\n|turn|7\n|\n|t:|1773146343\n|move|p2b: Calyrex|Astral Barrage|p1b: Flutter Mane|[spread] p1a,p1b\n|-supereffective|p1b: Flutter Mane\n|-damage|p1a: Koraidon|0 fnt\n|-enditem|p1b: Flutter Mane|Focus Sash\n|-damage|p1b: Flutter Mane|1/100\n|faint|p1a: Koraidon\n|-ability|p2b: Calyrex|Grim Neigh|boost\n|-boost|p2b: Calyrex|spa|1\n|move|p1b: Flutter Mane|Shadow Ball|p2b: Calyrex\n|-supereffective|p2b: Calyrex\n|-damage|p2b: Calyrex|16/100\n|\n|-weather|SunnyDay|[upkeep]\n|upkeep\n|turn|8\n|\n|t:|1773146358\n|move|p2b: Calyrex|Astral Barrage|p1b: Flutter Mane\n|-supereffective|p1b: Flutter Mane\n|-damage|p1b: Flutter Mane|0 fnt\n|faint|p1b: Flutter Mane\n|-end|p1b: Flutter Mane|Protosynthesis|[silent]\n|\n|win|kaysen123456\n|raw|fogdocker's rating: 1543 &rarr; <strong>1523</strong><br />(-20 for losing)\n|raw|kaysen123456's rating: 1545 &rarr; <strong>1565</strong><br />(+20 for winning)\n|l|\u2606kaysen123456\n|player|p2|\n|l|\u2606fogdocker\n|player|p1|\n","uploadtime":1773146602,"views":18,"formatid":"gen9vgc2026regi","rating":1523,"private":0,"password":null}