{"id":"gen9vgc2026regi-2562711848","format":"[Gen 9] VGC 2026 Reg I","players":["Galact7adi","hatsune p2"],"log":"|j|\u2606Galact7adi\n|j|\u2606hatsune p2\n|t:|1773943297\n|gametype|doubles\n|player|p1|Galact7adi|102|1455\n|player|p2|hatsune p2|miku-fairy|1419\n|gen|9\n|tier|[Gen 9] VGC 2026 Reg I\n|rated|\n|rule|Species Clause: Limit one of each Pok\u00e9mon\n|rule|Item Clause: Limit 1 of each item\n|clearpoke\n|poke|p1|Calyrex-Shadow, L50|\n|poke|p1|Zamazenta-*, L50|\n|poke|p1|Chien-Pao, L50|\n|poke|p1|Dragonite, L50, M|\n|poke|p1|Raging Bolt, L50|\n|poke|p1|Amoonguss, L50, M|\n|poke|p2|Groudon, L50|\n|poke|p2|Stonjourner, L50, F|\n|poke|p2|Miraidon, L50|\n|poke|p2|Ogerpon-Hearthflame, L50, F|\n|poke|p2|Flutter Mane, L50|\n|poke|p2|Farigiraf, L50, F|\n|teampreview|4\n|inactive|Battle timer is ON: inactive players will automatically lose when time's up. (requested by Galact7adi)\n|c|\u2606hatsune p2|GLHF\n|inactive|Galact7adi has 60 seconds left.\n|\n|t:|1773943338\n|teamsize|p1|4\n|teamsize|p2|4\n|start\n|switch|p1a: Chien-Pao|Chien-Pao, L50|100/100\n|switch|p1b: Calyrex|Calyrex-Shadow, L50|100/100\n|switch|p2a: Pmiss Blades :(|Groudon, L50|100/100\n|switch|p2b: Phit Blades :)|Stonjourner, L50, F|100/100\n|-ability|p1b: Calyrex|As One\n|-ability|p1b: Calyrex|Unnerve\n|-ability|p1a: Chien-Pao|Sword of Ruin\n|-weather|SunnyDay|[from] ability: Drought|[of] p2a: Pmiss Blades :(\n|turn|1\n|c|\u2606Galact7adi|Glhf\n|inactive|Galact7adi has 30 seconds left.\n|\n|t:|1773943368\n|-terastallize|p2a: Pmiss Blades :(|Fire\n|move|p2b: Phit Blades :)|Wide Guard|p2b: Phit Blades :)\n|-singleturn|p2b: Phit Blades :)|Wide Guard\n|move|p1b: Calyrex|Psychic|p2a: Pmiss Blades :(\n|-damage|p2a: Pmiss Blades :(|39/100\n|move|p1a: Chien-Pao|Ruination|p2a: Pmiss Blades :(\n|-damage|p2a: Pmiss Blades :(|20/100\n|move|p2a: Pmiss Blades :(|Heat Crash|p1b: Calyrex\n|-enditem|p1b: Calyrex|Focus Sash\n|-damage|p1b: Calyrex|1/100\n|\n|-weather|SunnyDay|[upkeep]\n|upkeep\n|turn|2\n|\n|t:|1773943388\n|switch|p2a: Farigiraf|Farigiraf, L50, F|100/100\n|move|p1a: Chien-Pao|Sucker Punch||[still]\n|cant|p2a: Farigiraf|ability: Armor Tail|Sucker Punch|[of] p1a: Chien-Pao\n|move|p1b: Calyrex|Encore|p2b: Phit Blades :)\n|-start|p2b: Phit Blades :)|Encore\n|move|p2b: Phit Blades :)|Wide Guard||[still]\n|-fail|p2b: Phit Blades :)\n|\n|-weather|SunnyDay|[upkeep]\n|upkeep\n|turn|3\n|c|\u2606hatsune p2|noooooooo youre the first person to know that stonjourner has wide guard\n|c|\u2606Galact7adi|Yea ik\n|inactive|hatsune p2 has 30 seconds left.\n|inactive|hatsune p2 has 20 seconds left.\n|\n|t:|1773943425\n|switch|p1b: Zamazenta|Zamazenta-Crowned, L50|100/100\n|-ability|p1b: Zamazenta|Dauntless Shield|boost\n|-boost|p1b: Zamazenta|def|1\n|switch|p2b: Miraidon|Miraidon, L50|100/100\n|-fieldstart|move: Electric Terrain|[from] ability: Hadron Engine|[of] p2b: Miraidon\n|-enditem|p2a: Farigiraf|Electric Seed\n|-boost|p2a: Farigiraf|def|1|[from] item: Electric Seed\n|move|p1a: Chien-Pao|Ice Spinner|p2a: Farigiraf\n|-damage|p2a: Farigiraf|77/100\n|-fieldend|move: Electric Terrain\n|move|p2a: Farigiraf|Foul Play|p1a: Chien-Pao\n|-resisted|p1a: Chien-Pao\n|-damage|p1a: Chien-Pao|83/100\n|\n|-weather|SunnyDay|[upkeep]\n|upkeep\n|turn|4\n|c|\u2606Galact7adi|That's why u sent it first\n|inactive|hatsune p2 has 30 seconds left.\n|\n|t:|1773943452\n|-terastallize|p1b: Zamazenta|Dragon\n|move|p2a: Farigiraf|Helping Hand|p2b: Miraidon\n|-singleturn|p2b: Miraidon|Helping Hand|[of] p2a: Farigiraf\n|move|p2b: Miraidon|Volt Switch|p1a: Chien-Pao\n|-crit|p1a: Chien-Pao\n|-damage|p1a: Chien-Pao|0 fnt\n|faint|p1a: Chien-Pao\n|\n|t:|1773943461\n|switch|p2b: Phit Blades :)|Stonjourner, L50, F|100/100|[from] Volt Switch\n|move|p1b: Zamazenta|Body Press|p2b: Phit Blades :)\n|-supereffective|p2b: Phit Blades :)\n|-damage|p2b: Phit Blades :)|7/100\n|\n|-weather|SunnyDay|[upkeep]\n|upkeep\n|\n|t:|1773943468\n|switch|p1a: Dragonite|Dragonite, L50, M|100/100\n|turn|5\n|\n|t:|1773943480\n|move|p1b: Zamazenta|Body Press|p2b: Phit Blades :)\n|-supereffective|p2b: Phit Blades :)\n|-damage|p2b: Phit Blades :)|0 fnt\n|faint|p2b: Phit Blades :)\n|move|p1a: Dragonite|Outrage|p2a: Farigiraf\n|-damage|p2a: Farigiraf|21/100\n|move|p2a: Farigiraf|Foul Play|p1a: Dragonite\n|-damage|p1a: Dragonite|62/100\n|\n|-weather|none\n|upkeep\n|\n|t:|1773943484\n|switch|p2b: Miraidon|Miraidon, L50|100/100\n|-fieldstart|move: Electric Terrain|[from] ability: Hadron Engine|[of] p2b: Miraidon\n|turn|6\n|inactive|hatsune p2 has 30 seconds left.\n|\n|t:|1773943512\n|move|p2a: Farigiraf|Helping Hand|p2b: Miraidon\n|-singleturn|p2b: Miraidon|Helping Hand|[of] p2a: Farigiraf\n|move|p2b: Miraidon|Volt Switch|p1a: Dragonite\n|-damage|p1a: Dragonite|0 fnt\n|faint|p1a: Dragonite\n|\n|t:|1773943516\n|switch|p2b: Pmiss Blades :(|Groudon, L50, tera:Fire|20/100|[from] Volt Switch\n|-weather|SunnyDay|[from] ability: Drought|[of] p2b: Pmiss Blades :(\n|move|p1b: Zamazenta|Body Press|p2b: Pmiss Blades :(\n|-damage|p2b: Pmiss Blades :(|0 fnt\n|faint|p2b: Pmiss Blades :(\n|\n|-weather|SunnyDay|[upkeep]\n|upkeep\n|\n|t:|1773943522\n|switch|p2b: Miraidon|Miraidon, L50|100/100\n|switch|p1a: Calyrex|Calyrex-Shadow, L50|1/100\n|-ability|p1a: Calyrex|As One\n|-ability|p1a: Calyrex|Unnerve\n|-activate|p2b: Miraidon|ability: Hadron Engine\n|turn|7\n|inactive|Galact7adi has 30 seconds left.\n|inactive|hatsune p2 has 30 seconds left.\n|inactive|hatsune p2 has 20 seconds left.\n|inactive|hatsune p2 has 15 seconds left.\n|\n|t:|1773943563\n|move|p1b: Zamazenta|Protect|p1b: Zamazenta\n|-singleturn|p1b: Zamazenta|Protect\n|move|p2b: Miraidon|Draco Meteor|p1a: Calyrex\n|-damage|p1a: Calyrex|0 fnt\n|-unboost|p2b: Miraidon|spa|2\n|faint|p1a: Calyrex\n|move|p2a: Farigiraf|Foul Play|p1b: Zamazenta\n|-activate|p1b: Zamazenta|move: Protect\n|\n|-weather|SunnyDay|[upkeep]\n|upkeep\n|turn|8\n|c|\u2606Galact7adi|Scarf mirai that is a thing indeed\n|inactive|Galact7adi has 30 seconds left.\n|\n|t:|1773943588\n|move|p2a: Farigiraf|Helping Hand|p2b: Miraidon\n|-singleturn|p2b: Miraidon|Helping Hand|[of] p2a: Farigiraf\n|move|p2b: Miraidon|Draco Meteor|p1b: Zamazenta\n|-supereffective|p1b: Zamazenta\n|-damage|p1b: Zamazenta|0 fnt\n|-unboost|p2b: Miraidon|spa|2\n|faint|p1b: Zamazenta\n|\n|win|hatsune p2\n|raw|Galact7adi's rating: 1455 &rarr; <strong>1433</strong><br />(-22 for losing)\n|raw|hatsune p2's rating: 1419 &rarr; <strong>1441</strong><br />(+22 for winning)\n|c|\u2606hatsune p2|in CTS yeah\n|c|\u2606hatsune p2|GG\n|c|\u2606Galact7adi|Gg wp\n|l|\u2606Galact7adi\n|player|p1|\n|l|\u2606hatsune p2\n|player|p2|\n","uploadtime":1773943597,"views":20,"formatid":"gen9vgc2026regi","rating":1433,"private":0,"password":null}