{"id":"gen9vgc2026regi-2575165827","format":"[Gen 9] VGC 2026 Reg I","players":["SnorlaxPikachu1","boombuttonsgobrrr"],"log":"|j|\u2606SnorlaxPikachu1\n|j|\u2606boombuttonsgobrrr\n|t:|1775325194\n|gametype|doubles\n|player|p1|SnorlaxPikachu1|palmer|\n|player|p2|boombuttonsgobrrr|1|\n|gen|9\n|tier|[Gen 9] VGC 2026 Reg I\n|rated|Tournament battle\n|rule|Species Clause: Limit one of each Pok\u00e9mon\n|rule|Item Clause: Limit 1 of each item\n|raw|<div class=\"infobox\"><details class=\"readmore\" open><summary><strong>3 custom rules:</strong></summary> Open Team Sheets, Force Open Team Sheets, !Open Team Sheets</details></div>\n|clearpoke\n|poke|p1|Calyrex-Shadow, L50|\n|poke|p1|Koraidon, L50|\n|poke|p1|Incineroar, L50, F|\n|poke|p1|Rillaboom, L50, M|\n|poke|p1|Clefairy, L50, F|\n|poke|p1|Flutter Mane, L50|\n|poke|p2|Zacian-*, L50|\n|poke|p2|Zapdos-Galar, L50|\n|poke|p2|Miraidon, L50|\n|poke|p2|Incineroar, L50, M|\n|poke|p2|Whimsicott, L50, F|\n|poke|p2|Farigiraf, L50, F|\n|teampreview|4\n|showteam|p1|Calyrex-Shadow||SpookyPlate|AsOneSpectrier|AstralBarrage,Psychic,NastyPlot,Protect||||||50|,,,,,Normal]Koraidon||ClearAmulet|OrichalcumPulse|CollisionCourse,FlareBlitz,FlameCharge,Protect||||||50|,,,,,Fire]Incineroar||SafetyGoggles|Intimidate|FakeOut,KnockOff,PartingShot,HelpingHand|||F|||50|,,,,,Ghost]Rillaboom||AssaultVest|GrassySurge|FakeOut,WoodHammer,GrassyGlide,Uturn|||M|||50|,,,,,Water]Clefairy||Eviolite|FriendGuard|FollowMe,HelpingHand,Encore,Protect|||F|||50|,,,,,Grass]Flutter Mane||FocusSash|Protosynthesis|Moonblast,ShadowBall,IcyWind,Protect||||||50|,,,,,Normal\n|showteam|p2|Zacian-Crowned||RustedSword|IntrepidSword|behemothblade,PlayRough,SacredSword,Protect||||||50|,,,,,Fairy]Zapdos-Galar||ChoiceScarf|Defiant|BraveBird,CloseCombat,Coaching,Uturn||||||50|,,,,,Fire]Miraidon||ChoiceSpecs|HadronEngine|ElectroDrift,DracoMeteor,VoltSwitch,DazzlingGleam||||||50|,,,,,Fairy]Incineroar||AssaultVest|Intimidate|FakeOut,KnockOff,FlareBlitz,Uturn|||M|||50|,,,,,Grass]Whimsicott||CovertCloak|Prankster|Tailwind,Moonblast,FakeTears,Encore|||F|||50|,,,,,Water]Farigiraf||ElectricSeed|ArmorTail|PsychicNoise,FoulPlay,TrickRoom,HelpingHand|||F|||50|,,,,,Water\n|inactive|Battle timer is ON: inactive players will automatically lose when time's up. (requested by boombuttonsgobrrr)\n|j|+holdingb\n|c|\u2606SnorlaxPikachu1|glhf\n|j| jeffthemalmar\n|inactive|boombuttonsgobrrr has 60 seconds left.\n|\n|t:|1775325227\n|teamsize|p1|4\n|teamsize|p2|4\n|start\n|switch|p1a: Rillaboom|Rillaboom, L50, M|100/100\n|switch|p1b: Calyrex|Calyrex-Shadow, L50|100/100\n|switch|p2a: Zacian|Zacian-Crowned, L50|100/100\n|switch|p2b: Whimsicott|Whimsicott, L50, F|100/100\n|-ability|p1b: Calyrex|As One\n|-ability|p1b: Calyrex|Unnerve\n|-ability|p2a: Zacian|Intrepid Sword|boost\n|-boost|p2a: Zacian|atk|1\n|-fieldstart|move: Grassy Terrain|[from] ability: Grassy Surge|[of] p1a: Rillaboom\n|turn|1\n|j|+Gross Sweep \u2603\n|j|@Radio Free C-Side\n|l|@Radio Free C-Side\n|\n|t:|1775325239\n|move|p2a: Zacian|Protect|p2a: Zacian\n|-singleturn|p2a: Zacian|Protect\n|move|p1a: Rillaboom|Fake Out|p2a: Zacian\n|-activate|p2a: Zacian|move: Protect\n|move|p2b: Whimsicott|Tailwind|p2b: Whimsicott\n|-sidestart|p2: boombuttonsgobrrr|move: Tailwind\n|move|p1b: Calyrex|Astral Barrage|p2b: Whimsicott|[spread] p2b\n|-activate|p2a: Zacian|move: Protect\n|-damage|p2b: Whimsicott|27/100\n|\n|-heal|p2b: Whimsicott|33/100|[from] Grassy Terrain\n|upkeep\n|turn|2\n|inactive|boombuttonsgobrrr has 30 seconds left.\n|inactive|boombuttonsgobrrr has 20 seconds left.\n|inactive|boombuttonsgobrrr has 15 seconds left.\n|inactive|boombuttonsgobrrr has 10 seconds left.\n|inactive|boombuttonsgobrrr has 5 seconds left.\n|\n|t:|1775325294\n|switch|p1a: Clefairy|Clefairy, L50, F|100/100\n|move|p2b: Whimsicott|Tailwind||[still]\n|-fail|p2b: Whimsicott\n|move|p2a: Zacian|Behemoth Blade|p1b: Calyrex\n|-damage|p1b: Calyrex|38/100\n|move|p1b: Calyrex|Astral Barrage|p2a: Zacian|[spread] p2a,p2b\n|-damage|p2a: Zacian|42/100\n|-damage|p2b: Whimsicott|0 fnt\n|faint|p2b: Whimsicott\n|-ability|p1b: Calyrex|Grim Neigh|boost\n|-boost|p1b: Calyrex|spa|1\n|\n|-heal|p2a: Zacian|48/100|[from] Grassy Terrain\n|-heal|p1b: Calyrex|44/100|[from] Grassy Terrain\n|upkeep\n|\n|t:|1775325304\n|switch|p2b: Miraidon|Miraidon, L50|100/100\n|-fieldstart|move: Electric Terrain|[from] ability: Hadron Engine|[of] p2b: Miraidon\n|turn|3\n|\n|t:|1775325317\n|switch|p1a: Rillaboom|Rillaboom, L50, M|100/100\n|-fieldstart|move: Grassy Terrain|[from] ability: Grassy Surge|[of] p1a: Rillaboom\n|-terastallize|p2b: Miraidon|Fairy\n|move|p1b: Calyrex|Protect|p1b: Calyrex\n|-singleturn|p1b: Calyrex|Protect\n|move|p2a: Zacian|Behemoth Blade|p1a: Rillaboom\n|-damage|p1a: Rillaboom|11/100\n|move|p2b: Miraidon|Dazzling Gleam|p1b: Calyrex|[spread] p1a\n|-activate|p1b: Calyrex|move: Protect\n|-damage|p1a: Rillaboom|0 fnt\n|faint|p1a: Rillaboom\n|\n|-heal|p2a: Zacian|54/100|[from] Grassy Terrain\n|-heal|p1b: Calyrex|50/100|[from] Grassy Terrain\n|upkeep\n|\n|t:|1775325333\n|switch|p1a: Koraidon|Koraidon, L50|100/100\n|-weather|SunnyDay|[from] ability: Orichalcum Pulse|[of] p1a: Koraidon\n|-activate|p1a: Koraidon|Orichalcum Pulse|[source]\n|turn|4\n|\n|t:|1775325342\n|switch|p2a: Zapdos|Zapdos-Galar, L50|100/100\n|switch|p1b: Clefairy|Clefairy, L50, F|100/100\n|-terastallize|p1a: Koraidon|Fire\n|move|p2b: Miraidon|Dazzling Gleam|p1b: Clefairy|[spread] p1a,p1b\n|-resisted|p1a: Koraidon\n|-damage|p1a: Koraidon|84/100\n|-damage|p1b: Clefairy|57/100\n|move|p1a: Koraidon|Flame Charge|p2a: Zapdos\n|-damage|p2a: Zapdos|34/100\n|-boost|p1a: Koraidon|spe|1\n|\n|-weather|SunnyDay|[upkeep]\n|-heal|p1a: Koraidon|90/100|[from] Grassy Terrain\n|-heal|p1b: Clefairy|64/100|[from] Grassy Terrain\n|-sideend|p2: boombuttonsgobrrr|move: Tailwind\n|upkeep\n|turn|5\n|\n|t:|1775325360\n|switch|p2b: Zacian|Zacian-Crowned, L50|54/100\n|move|p1b: Clefairy|Follow Me|p1b: Clefairy\n|-singleturn|p1b: Clefairy|move: Follow Me\n|move|p1a: Koraidon|Flame Charge|p2a: Zapdos\n|-damage|p2a: Zapdos|0 fnt\n|-boost|p1a: Koraidon|spe|1\n|faint|p2a: Zapdos\n|\n|-weather|SunnyDay|[upkeep]\n|-heal|p1a: Koraidon|96/100|[from] Grassy Terrain\n|-heal|p2b: Zacian|60/100|[from] Grassy Terrain\n|-heal|p1b: Clefairy|70/100|[from] Grassy Terrain\n|upkeep\n|\n|t:|1775325366\n|switch|p2a: Miraidon|Miraidon, L50, tera:Fairy|100/100\n|-fieldstart|move: Electric Terrain|[from] ability: Hadron Engine|[of] p2a: Miraidon\n|turn|6\n|\n|t:|1775325377\n|move|p1b: Clefairy|Helping Hand|p1a: Koraidon\n|-singleturn|p1a: Koraidon|Helping Hand|[of] p1b: Clefairy\n|move|p1a: Koraidon|Flare Blitz|p2a: Miraidon\n|-damage|p2a: Miraidon|0 fnt\n|faint|p2a: Miraidon\n|-damage|p1a: Koraidon|67/100|[from] Recoil\n|move|p2b: Zacian|Behemoth Blade|p1b: Clefairy\n|-supereffective|p1b: Clefairy\n|-damage|p1b: Clefairy|0 fnt\n|faint|p1b: Clefairy\n|\n|-weather|SunnyDay|[upkeep]\n|upkeep\n|\n|t:|1775325378\n|switch|p1b: Calyrex|Calyrex-Shadow, L50|50/100\n|-ability|p1b: Calyrex|As One\n|-ability|p1b: Calyrex|Unnerve\n|turn|7\n|\n|t:|1775325386\n|move|p1a: Koraidon|Flare Blitz|p2b: Zacian\n|-supereffective|p2b: Zacian\n|-damage|p2b: Zacian|0 fnt\n|faint|p2b: Zacian\n|-damage|p1a: Koraidon|51/100|[from] Recoil\n|\n|win|SnorlaxPikachu1\n|n|\u2606SnorlaxPikachu1|snorlaxpikachu1\n|n|\u2606boombuttonsgobrrr|boombuttonsgobrrr\n|n| holdingb|holdingb\n|n| jeffthemalmar|jeffthemalmar\n|n|+Gross Sweep \u2603|grosssweep\n|c|\u2606SnorlaxPikachu1|ggwp\n|l|\u2606boombuttonsgobrrr\n|player|p2|\n|l|\u2606SnorlaxPikachu1\n|player|p1|\n|l| jeffthemalmar\n","uploadtime":1775325438,"views":28,"formatid":"gen9vgc2026regi","rating":null,"private":0,"password":null}