{"id":"gen9vgc2026regi-2581271798","format":"[Gen 9] VGC 2026 Reg I","players":["kuronekosoutou","ItsLeviosaStpItRon"],"log":"|j|\u2606kuronekosoutou\n|j|\u2606ItsLeviosaStpItRon\n|t:|1775979407\n|gametype|doubles\n|player|p1|kuronekosoutou|jasmine|1427\n|player|p2|ItsLeviosaStpItRon|psychic-gen4|1522\n|gen|9\n|tier|[Gen 9] VGC 2026 Reg I\n|rated|\n|rule|Species Clause: Limit one of each Pok\u00e9mon\n|rule|Item Clause: Limit 1 of each item\n|clearpoke\n|poke|p1|Calyrex-Shadow, L50|\n|poke|p1|Koraidon, L50|\n|poke|p1|Incineroar, L50, F|\n|poke|p1|Chi-Yu, L50|\n|poke|p1|Raging Bolt, L50|\n|poke|p1|Indeedee-F, L50, F|\n|poke|p2|Koraidon, L50|\n|poke|p2|Lunala, L50|\n|poke|p2|Brute Bonnet, L50|\n|poke|p2|Ursaluna, L50, F|\n|poke|p2|Chi-Yu, L50|\n|poke|p2|Flutter Mane, L50|\n|teampreview|4\nItsLeviosaStpItRon has agreed to open team sheets.\n|inactive|Battle timer is ON: inactive players will automatically lose when time's up. (requested by ItsLeviosaStpItRon)\n|\n|t:|1775979473\n|teamsize|p1|4\n|teamsize|p2|4\n|start\n|switch|p1a: Chi-Yu|Chi-Yu, L50|100/100\n|switch|p1b: Koraidon|Koraidon, L50, shiny|100/100\n|switch|p2a: Wingardium|Flutter Mane, L50|100/100\n|switch|p2b: Leviooosa|Chi-Yu, L50|100/100\n|-ability|p1a: Chi-Yu|Beads of Ruin\n|-ability|p2b: Leviooosa|Beads of Ruin\n|-weather|SunnyDay|[from] ability: Orichalcum Pulse|[of] p1b: Koraidon\n|-activate|p2a: Wingardium|ability: Protosynthesis\n|-start|p2a: Wingardium|protosynthesisspe\n|-activate|p1b: Koraidon|Orichalcum Pulse|[source]\n|turn|1\n|inactive|kuronekosoutou has 30 seconds left.\n|\n|t:|1775979507\n|-terastallize|p1b: Koraidon|Fire\n|move|p2a: Wingardium|Icy Wind|p1b: Koraidon|[spread] p1a,p1b\n|-resisted|p1a: Chi-Yu\n|-resisted|p1b: Koraidon\n|-damage|p1a: Chi-Yu|91/100\n|-damage|p1b: Koraidon|91/100\n|-unboost|p1a: Chi-Yu|spe|1\n|move|p2b: Leviooosa|Overheat|p1b: Koraidon\n|-resisted|p1b: Koraidon\n|-damage|p1b: Koraidon|22/100\n|-unboost|p2b: Leviooosa|spa|2\n|move|p1b: Koraidon|Close Combat|p2b: Leviooosa\n|-supereffective|p2b: Leviooosa\n|-damage|p2b: Leviooosa|0 fnt\n|-unboost|p1b: Koraidon|def|1\n|-unboost|p1b: Koraidon|spd|1\n|faint|p2b: Leviooosa\n|move|p1a: Chi-Yu|Snarl|p2a: Wingardium\n|-damage|p2a: Wingardium|61/100\n|-unboost|p2a: Wingardium|spa|1\n|\n|-weather|SunnyDay|[upkeep]\n|upkeep\n|\n|t:|1775979522\n|switch|p2b: It's|Koraidon, L50|100/100\n|-activate|p2b: It's|ability: Orichalcum Pulse\n|turn|2\n|inactive|kuronekosoutou has 30 seconds left.\n|inactive|kuronekosoutou has 20 seconds left.\n|\n|t:|1775979560\n|switch|p1a: Indeedee|Indeedee-F, L50, F|100/100\n|-fieldstart|move: Psychic Terrain|[from] ability: Psychic Surge|[of] p1a: Indeedee\n|move|p1b: Koraidon|Protect|p1b: Koraidon\n|-singleturn|p1b: Koraidon|Protect\n|move|p2a: Wingardium|Shadow Ball|p1b: Koraidon\n|-activate|p1b: Koraidon|move: Protect\n|move|p2b: It's|Close Combat|p1a: Indeedee\n|-damage|p1a: Indeedee|0 fnt\n|-unboost|p2b: It's|def|1\n|-unboost|p2b: It's|spd|1\n|faint|p1a: Indeedee\n|-damage|p2b: It's|91/100|[from] item: Life Orb\n|\n|-weather|SunnyDay|[upkeep]\n|upkeep\n|\n|t:|1775979577\n|switch|p1a: Calyrex|Calyrex-Shadow, L50|100/100\n|-ability|p1a: Calyrex|As One\n|-ability|p1a: Calyrex|Unnerve\n|turn|3\n|inactive|ItsLeviosaStpItRon has 30 seconds left.\n|\n|t:|1775979604\n|switch|p1b: Chi-Yu|Chi-Yu, L50|91/100\n|-ability|p1b: Chi-Yu|Beads of Ruin\n|move|p2b: It's|Protect|p2b: It's\n|-singleturn|p2b: It's|Protect\n|move|p2a: Wingardium|Icy Wind|p1b: Chi-Yu|[spread] p1a,p1b\n|-resisted|p1b: Chi-Yu\n|-damage|p1a: Calyrex|87/100\n|-damage|p1b: Chi-Yu|86/100\n|-unboost|p1a: Calyrex|spe|1\n|-unboost|p1b: Chi-Yu|spe|1\n|move|p1a: Calyrex|Expanding Force|p2a: Wingardium|[spread] p2a\n|-activate|p2b: It's|move: Protect\n|-damage|p2a: Wingardium|0 fnt\n|faint|p2a: Wingardium\n|-end|p2a: Wingardium|Protosynthesis|[silent]\n|-ability|p1a: Calyrex|Grim Neigh|boost\n|-boost|p1a: Calyrex|spa|1\n|\n|-weather|SunnyDay|[upkeep]\n|upkeep\n|\n|t:|1775979618\n|switch|p2a: Not Leviosaaaa|Lunala, L50|100/100\n|turn|4\n|\n|t:|1775979634\n|move|p1a: Calyrex|Protect|p1a: Calyrex\n|-singleturn|p1a: Calyrex|Protect\n|move|p2a: Not Leviosaaaa|Wide Guard|p2a: Not Leviosaaaa\n|-singleturn|p2a: Not Leviosaaaa|Wide Guard\n|move|p2b: It's|Close Combat|p1b: Chi-Yu\n|-supereffective|p1b: Chi-Yu\n|-damage|p1b: Chi-Yu|0 fnt\n|-unboost|p2b: It's|def|1\n|-unboost|p2b: It's|spd|1\n|faint|p1b: Chi-Yu\n|-damage|p2b: It's|81/100|[from] item: Life Orb\n|\n|-weather|SunnyDay|[upkeep]\n|upkeep\n|\n|t:|1775979644\n|switch|p1b: Koraidon|Koraidon, L50, shiny, tera:Fire|22/100\n|-activate|p1b: Koraidon|ability: Orichalcum Pulse\n|turn|5\n|inactive|ItsLeviosaStpItRon has 30 seconds left.\n|\n|t:|1775979678\n|-terastallize|p2a: Not Leviosaaaa|Water\n|move|p2b: It's|Protect|p2b: It's\n|-singleturn|p2b: It's|Protect\n|move|p1b: Koraidon|Flame Charge|p2a: Not Leviosaaaa\n|-resisted|p2a: Not Leviosaaaa\n|-damage|p2a: Not Leviosaaaa|85/100\n|-boost|p1b: Koraidon|spe|1\n|move|p1a: Calyrex|Expanding Force|p2b: It's|[spread] p2a\n|-activate|p2b: It's|move: Protect\n|-damage|p2a: Not Leviosaaaa|2/100\n|move|p2a: Not Leviosaaaa|Moongeist Beam|p1a: Calyrex\n|-supereffective|p1a: Calyrex\n|-damage|p1a: Calyrex|0 fnt\n|faint|p1a: Calyrex\n|\n|-weather|none\n|upkeep\n|turn|6\n|inactive|kuronekosoutou has 30 seconds left.\n|\n|t:|1775979710\n|move|p1b: Koraidon|Flame Charge|p2a: Not Leviosaaaa\n|-resisted|p2a: Not Leviosaaaa\n|-damage|p2a: Not Leviosaaaa|0 fnt\n|-boost|p1b: Koraidon|spe|1\n|faint|p2a: Not Leviosaaaa\n|move|p2b: It's|Close Combat|p1b: Koraidon\n|-crit|p1b: Koraidon\n|-damage|p1b: Koraidon|0 fnt\n|-unboost|p2b: It's|def|1\n|-unboost|p2b: It's|spd|1\n|faint|p1b: Koraidon\n|-damage|p2b: It's|72/100|[from] item: Life Orb\n|\n|win|ItsLeviosaStpItRon\n|raw|kuronekosoutou's rating: 1427 &rarr; <strong>1412</strong><br />(-15 for losing)\n|raw|ItsLeviosaStpItRon's rating: 1522 &rarr; <strong>1537</strong><br />(+15 for winning)\n|l|\u2606kuronekosoutou\n|player|p1|\n","uploadtime":1775979721,"views":12,"formatid":"gen9vgc2026regi","rating":1412,"private":0,"password":null}