{"id":"gen9vgc2026regi-2587201739","format":"[Gen 9] VGC 2026 Reg I","players":["MadMozzy","angrybook"],"log":"|j|\u2606MadMozzy\n|j|\u2606angrybook\n|t:|1776508200\n|gametype|doubles\n|player|p1|MadMozzy|nate|1397\n|player|p2|angrybook|pokemaniac|1640\n|gen|9\n|tier|[Gen 9] VGC 2026 Reg I\n|rated|\n|rule|Species Clause: Limit one of each Pok\u00e9mon\n|rule|Item Clause: Limit 1 of each item\n|clearpoke\n|poke|p1|Calyrex-Ice, L50|\n|poke|p1|Kyogre, L50|\n|poke|p1|Iron Jugulis, L50|\n|poke|p1|Basculegion, L50, M|\n|poke|p1|Smeargle, L50, M|\n|poke|p1|Rillaboom, L50, M|\n|poke|p2|Calyrex-Ice, L50|\n|poke|p2|Miraidon, L50|\n|poke|p2|Iron Hands, L50|\n|poke|p2|Ogerpon-Cornerstone, L50, F|\n|poke|p2|Farigiraf, L50, M|\n|poke|p2|Iron Bundle, L50|\n|teampreview|4\nMadMozzy has agreed to open team sheets.\n|inactive|Battle timer is ON: inactive players will automatically lose when time's up. (requested by angrybook)\n|inactive|MadMozzy has 60 seconds left.\n|\n|t:|1776508261\n|teamsize|p1|4\n|teamsize|p2|4\n|start\n|switch|p1a: Calyrex|Calyrex-Ice, L50|100/100\n|switch|p1b: Smeargle|Smeargle, L50, M|100/100\n|switch|p2a: Erhmantraut|Calyrex-Ice, L50|100/100\n|switch|p2b: Fridge|Farigiraf, L50, M, shiny|100/100\n|-ability|p1a: Calyrex|As One\n|-ability|p1a: Calyrex|Unnerve\n|-ability|p2a: Erhmantraut|As One\n|-ability|p2a: Erhmantraut|Unnerve\n|turn|1\n|\n|t:|1776508286\n|switch|p2b: Miraidon|Miraidon, L50|100/100\n|-fieldstart|move: Electric Terrain|[from] ability: Hadron Engine|[of] p2b: Miraidon\n|move|p1a: Calyrex|Protect|p1a: Calyrex\n|-singleturn|p1a: Calyrex|Protect\n|move|p1b: Smeargle|Spore|p2a: Erhmantraut\n|-activate|p2a: Erhmantraut|move: Electric Terrain\n|move|p2a: Erhmantraut|Glacial Lance|p1b: Smeargle|[spread] p1b\n|-activate|p1a: Calyrex|move: Protect\n|-damage|p1b: Smeargle|26/100\n|\n|upkeep\n|turn|2\n|inactive|MadMozzy has 30 seconds left.\n|inactive|MadMozzy has 20 seconds left.\n|\n|t:|1776508321\n|move|p2b: Miraidon|Protect|p2b: Miraidon\n|-singleturn|p2b: Miraidon|Protect\n|move|p1a: Calyrex|Leech Seed|p2b: Miraidon\n|-activate|p2b: Miraidon|move: Protect\n|move|p1b: Smeargle|Decorate|p1a: Calyrex\n|-boost|p1a: Calyrex|atk|2\n|-boost|p1a: Calyrex|spa|2\n|move|p2a: Erhmantraut|Glacial Lance|p1b: Smeargle|[spread] p1a,p1b\n|-resisted|p1a: Calyrex\n|-damage|p1a: Calyrex|85/100\n|-damage|p1b: Smeargle|0 fnt\n|faint|p1b: Smeargle\n|-ability|p2a: Erhmantraut|Chilling Neigh|boost\n|-boost|p2a: Erhmantraut|atk|1\n|\n|-heal|p1a: Calyrex|90/100|[from] item: Leftovers\n|upkeep\n|\n|t:|1776508337\n|switch|p1b: Kyogre|Kyogre, L50|100/100\n|-weather|RainDance|[from] ability: Drizzle|[of] p1b: Kyogre\n|turn|3\n|\n|t:|1776508347\n|-terastallize|p1b: Kyogre|Grass\n|move|p2b: Miraidon|Electro Drift|p1a: Calyrex\n|-damage|p1a: Calyrex|11/100\n|-damage|p2b: Miraidon|91/100|[from] item: Life Orb\n|move|p1b: Kyogre|Water Spout|p2b: Miraidon|[spread] p2a,p2b\n|-resisted|p2b: Miraidon\n|-damage|p2a: Erhmantraut|15/100\n|-damage|p2b: Miraidon|39/100\n|move|p1a: Calyrex|Glacial Lance|p2a: Erhmantraut|[spread] p2a,p2b\n|-resisted|p2a: Erhmantraut\n|-supereffective|p2b: Miraidon\n|-damage|p2a: Erhmantraut|0 fnt\n|-damage|p2b: Miraidon|0 fnt\n|faint|p2a: Erhmantraut\n|faint|p2b: Miraidon\n|-ability|p1a: Calyrex|Chilling Neigh|boost\n|-boost|p1a: Calyrex|atk|2\n|\n|-weather|RainDance|[upkeep]\n|-heal|p1a: Calyrex|17/100|[from] item: Leftovers\n|upkeep\n|\n|t:|1776508358\n|switch|p2b: 33rd to 1st|Iron Hands, L50, shiny|100/100\n|switch|p2a: Fridge|Farigiraf, L50, M, shiny|100/100\n|-enditem|p2a: Fridge|Electric Seed\n|-boost|p2a: Fridge|def|1|[from] item: Electric Seed\n|-activate|p2b: 33rd to 1st|ability: Quark Drive\n|-start|p2b: 33rd to 1st|quarkdriveatk\n|turn|4\n|\n|t:|1776508378\n|-terastallize|p2a: Fridge|Water\n|move|p1a: Calyrex|Protect|p1a: Calyrex\n|-singleturn|p1a: Calyrex|Protect\n|move|p2b: 33rd to 1st|Fake Out|p1a: Calyrex\n|-activate|p1a: Calyrex|move: Protect\n|move|p1b: Kyogre|Hydro Pump|p2a: Fridge|[miss]\n|-miss|p1b: Kyogre|p2a: Fridge\n|move|p2a: Fridge|Trick Room|p2a: Fridge\n|-fieldstart|move: Trick Room|[of] p2a: Fridge\n|\n|-weather|RainDance|[upkeep]\n|-heal|p1a: Calyrex|23/100|[from] item: Leftovers\n|upkeep\n|turn|5\n|\n|t:|1776508397\n|move|p1b: Kyogre|Protect|p1b: Kyogre\n|-singleturn|p1b: Kyogre|Protect\n|move|p2b: 33rd to 1st|Low Kick|p1b: Kyogre\n|-activate|p1b: Kyogre|move: Protect\n|move|p1a: Calyrex|Glacial Lance|p2a: Fridge|[spread] p2a,p2b\n|-resisted|p2a: Fridge\n|-damage|p2a: Fridge|54/100\n|-damage|p2b: 33rd to 1st|0 fnt\n|faint|p2b: 33rd to 1st\n|-end|p2b: 33rd to 1st|Quark Drive|[silent]\n|-ability|p1a: Calyrex|Chilling Neigh|boost\n|-boost|p1a: Calyrex|atk|1\n|move|p2a: Fridge|Foul Play|p1a: Calyrex\n|-supereffective|p1a: Calyrex\n|-damage|p1a: Calyrex|0 fnt\n|faint|p1a: Calyrex\n|\n|-weather|RainDance|[upkeep]\n|-fieldend|move: Electric Terrain\n|upkeep\n|c|\u2606angrybook|gg\n|-message|angrybook forfeited.\n|\n|win|MadMozzy\n|raw|MadMozzy's rating: 1397 &rarr; <strong>1429</strong><br />(+32 for winning)\n|raw|angrybook's rating: 1640 &rarr; <strong>1608</strong><br />(-32 for losing)\n|l|\u2606angrybook\n|player|p2|\n|l|\u2606MadMozzy\n|player|p1|\n","uploadtime":1776508547,"views":13,"formatid":"gen9vgc2026regi","rating":1429,"private":0,"password":null}