{"id":"gen9vgc2026regi-2560215083","format":"[Gen 9] VGC 2026 Reg I","players":["dasabe\u76d6\u6b27\u5361\u4fa0","Hes him guy's"],"log":"|j|\u2606dasabe\u76d6\u6b27\u5361\u4fa0\n|j|\u2606Hes him guy's\n|t:|1773667084\n|gametype|doubles\n|player|p1|dasabe\u76d6\u6b27\u5361\u4fa0|may-masters4|1533\n|player|p2|Hes him guy's|1|1436\n|gen|9\n|tier|[Gen 9] VGC 2026 Reg I\n|rated|\n|rule|Species Clause: Limit one of each Pok\u00e9mon\n|rule|Item Clause: Limit 1 of each item\n|clearpoke\n|poke|p1|Calyrex-Shadow, L50|\n|poke|p1|Koraidon, L50|\n|poke|p1|Chi-Yu, L50|\n|poke|p1|Tornadus, L50, M|\n|poke|p1|Indeedee-F, L50, F|\n|poke|p1|Smeargle, L50, F|\n|poke|p2|Calyrex-Shadow, L50|\n|poke|p2|Zamazenta-*, L50|\n|poke|p2|Thundurus, L50, M|\n|poke|p2|Enamorus, L50, F|\n|poke|p2|Incineroar, L50, M|\n|poke|p2|Ogerpon-Cornerstone, L50, F|\n|teampreview|4\n|\n|t:|1773667128\n|teamsize|p1|4\n|teamsize|p2|4\n|start\n|switch|p1a: \u9a6c\u6b7b\u4e86|Calyrex-Shadow, L50|100/100\n|switch|p1b: \u5c0f\u7b14\u7ea2\u80bf|Smeargle, L50, F, shiny|100/100\n|switch|p2a: Orbis|Thundurus, L50, M|100/100\n|switch|p2b: Clarence|Zamazenta-Crowned, L50|100/100\n|-ability|p1a: \u9a6c\u6b7b\u4e86|As One\n|-ability|p1a: \u9a6c\u6b7b\u4e86|Unnerve\n|-ability|p2b: Clarence|Dauntless Shield|boost\n|-boost|p2b: Clarence|def|1\n|turn|1\n|\n|t:|1773667158\n|-terastallize|p1a: \u9a6c\u6b7b\u4e86|Ghost\n|move|p2b: Clarence|Protect|p2b: Clarence\n|-singleturn|p2b: Clarence|Protect\n|move|p1b: \u5c0f\u7b14\u7ea2\u80bf|Fake Out|p2a: Orbis\n|-damage|p2a: Orbis|94/100\n|move|p2a: Orbis|Taunt|p1b: \u5c0f\u7b14\u7ea2\u80bf\n|-start|p1b: \u5c0f\u7b14\u7ea2\u80bf|move: Taunt\n|move|p1a: \u9a6c\u6b7b\u4e86|Astral Barrage|p2b: Clarence|[spread] p2a\n|-activate|p2b: Clarence|move: Protect\n|-damage|p2a: Orbis|0 fnt\n|faint|p2a: Orbis\n|-ability|p1a: \u9a6c\u6b7b\u4e86|Grim Neigh|boost\n|-boost|p1a: \u9a6c\u6b7b\u4e86|spa|1\n|\n|-ability|p1b: \u5c0f\u7b14\u7ea2\u80bf|Moody|boost\n|-boost|p1b: \u5c0f\u7b14\u7ea2\u80bf|spd|2\n|-unboost|p1b: \u5c0f\u7b14\u7ea2\u80bf|atk|1\n|upkeep\n|\n|t:|1773667177\n|switch|p2a: Cash|Incineroar, L50, M, shiny|100/100\n|-ability|p2a: Cash|Intimidate|boost\n|-unboost|p1a: \u9a6c\u6b7b\u4e86|atk|1\n|-unboost|p1b: \u5c0f\u7b14\u7ea2\u80bf|atk|1\n|turn|2\n|\n|t:|1773667195\n|switch|p1b: \u4f8d\u7684\u6211\u7231\u5bfc\u7ba1|Indeedee-F, L50, F, shiny|100/100\n|-fieldstart|move: Psychic Terrain|[from] ability: Psychic Surge|[of] p1b: \u4f8d\u7684\u6211\u7231\u5bfc\u7ba1\n|move|p1a: \u9a6c\u6b7b\u4e86|Astral Barrage|p2b: Clarence|[spread] p2a,p2b\n|-resisted|p2a: Cash\n|-damage|p2a: Cash|62/100\n|-damage|p2b: Clarence|4/100\n|move|p2b: Clarence|Heavy Slam|p1a: \u9a6c\u6b7b\u4e86\n|-damage|p1a: \u9a6c\u6b7b\u4e86|45/100\n|move|p2a: Cash|Knock Off|p1b: \u4f8d\u7684\u6211\u7231\u5bfc\u7ba1\n|-supereffective|p1b: \u4f8d\u7684\u6211\u7231\u5bfc\u7ba1\n|-damage|p1b: \u4f8d\u7684\u6211\u7231\u5bfc\u7ba1|29/100\n|-enditem|p1b: \u4f8d\u7684\u6211\u7231\u5bfc\u7ba1|Eject Button|[from] move: Knock Off|[of] p2a: Cash\n|\n|upkeep\n|turn|3\n|\n|t:|1773667220\n|switch|p1a: \u5c0f\u7b14\u7ea2\u80bf|Smeargle, L50, F, shiny|100/100\n|move|p2b: Clarence|Protect|p2b: Clarence\n|-singleturn|p2b: Clarence|Protect\n|move|p1b: \u4f8d\u7684\u6211\u7231\u5bfc\u7ba1|Psychic|p2b: Clarence\n|-activate|p2b: Clarence|move: Protect\n|move|p2a: Cash|U-turn|p1b: \u4f8d\u7684\u6211\u7231\u5bfc\u7ba1\n|-supereffective|p1b: \u4f8d\u7684\u6211\u7231\u5bfc\u7ba1\n|-damage|p1b: \u4f8d\u7684\u6211\u7231\u5bfc\u7ba1|0 fnt\n|faint|p1b: \u4f8d\u7684\u6211\u7231\u5bfc\u7ba1\n|\n|t:|1773667228\n|switch|p2a: Rupert|Calyrex-Shadow, L50|100/100|[from] U-turn\n|-ability|p2a: Rupert|As One\n|-ability|p2a: Rupert|Unnerve\n|\n|-ability|p1a: \u5c0f\u7b14\u7ea2\u80bf|Moody|boost\n|-boost|p1a: \u5c0f\u7b14\u7ea2\u80bf|spa|2\n|-unboost|p1a: \u5c0f\u7b14\u7ea2\u80bf|spd|1\n|upkeep\n|\n|t:|1773667230\n|switch|p1b: \u6545\u5927\u5305\u52d2|Koraidon, L50, shiny|100/100\n|-weather|SunnyDay|[from] ability: Orichalcum Pulse|[of] p1b: \u6545\u5927\u5305\u52d2\n|-activate|p1b: \u6545\u5927\u5305\u52d2|Orichalcum Pulse|[source]\n|turn|4\n|\n|t:|1773667273\n|switch|p2b: Cash|Incineroar, L50, M, shiny|62/100\n|-ability|p2b: Cash|Intimidate|boost\n|-unboost|p1a: \u5c0f\u7b14\u7ea2\u80bf|atk|1\n|-unboost|p1b: \u6545\u5927\u5305\u52d2|atk|1\n|move|p1b: \u6545\u5927\u5305\u52d2|Protect|p1b: \u6545\u5927\u5305\u52d2\n|-singleturn|p1b: \u6545\u5927\u5305\u52d2|Protect\n|move|p2a: Rupert|Psychic|p1a: \u5c0f\u7b14\u7ea2\u80bf\n|-enditem|p1a: \u5c0f\u7b14\u7ea2\u80bf|Focus Sash\n|-damage|p1a: \u5c0f\u7b14\u7ea2\u80bf|1/100\n|-unboost|p1a: \u5c0f\u7b14\u7ea2\u80bf|spd|1\n|move|p1a: \u5c0f\u7b14\u7ea2\u80bf|Spore|p2a: Rupert\n|-status|p2a: Rupert|slp|[from] move: Spore\n|\n|-weather|SunnyDay|[upkeep]\n|-ability|p1a: \u5c0f\u7b14\u7ea2\u80bf|Moody|boost\n|-boost|p1a: \u5c0f\u7b14\u7ea2\u80bf|spa|2\n|-unboost|p1a: \u5c0f\u7b14\u7ea2\u80bf|spe|1\n|upkeep\n|turn|5\n|\n|t:|1773667311\n|-terastallize|p2b: Cash|Bug\n|cant|p2a: Rupert|slp\n|move|p1b: \u6545\u5927\u5305\u52d2|Close Combat|p2b: Cash\n|-resisted|p2b: Cash\n|-damage|p2b: Cash|24/100\n|-unboost|p1b: \u6545\u5927\u5305\u52d2|def|1\n|-unboost|p1b: \u6545\u5927\u5305\u52d2|spd|1\n|-damage|p1b: \u6545\u5927\u5305\u52d2|91/100|[from] item: Life Orb\n|move|p1a: \u5c0f\u7b14\u7ea2\u80bf|Spore|p2b: Cash\n|-status|p2b: Cash|slp|[from] move: Spore\n|cant|p2b: Cash|slp\n|\n|-weather|SunnyDay|[upkeep]\n|-ability|p1a: \u5c0f\u7b14\u7ea2\u80bf|Moody|boost\n|-boost|p1a: \u5c0f\u7b14\u7ea2\u80bf|def|2\n|-unboost|p1a: \u5c0f\u7b14\u7ea2\u80bf|spe|1\n|upkeep\n|turn|6\n|\n|t:|1773667336\n|move|p1a: \u5c0f\u7b14\u7ea2\u80bf|Wide Guard|p1a: \u5c0f\u7b14\u7ea2\u80bf\n|-singleturn|p1a: \u5c0f\u7b14\u7ea2\u80bf|Wide Guard\n|cant|p2a: Rupert|slp\n|move|p1b: \u6545\u5927\u5305\u52d2|Flame Charge|p2a: Rupert\n|-damage|p2a: Rupert|60/100 slp\n|-boost|p1b: \u6545\u5927\u5305\u52d2|spe|1\n|-damage|p1b: \u6545\u5927\u5305\u52d2|81/100|[from] item: Life Orb\n|-curestatus|p2b: Cash|slp|[msg]\n|move|p2b: Cash|U-turn|p1a: \u5c0f\u7b14\u7ea2\u80bf\n|-damage|p1a: \u5c0f\u7b14\u7ea2\u80bf|0 fnt\n|faint|p1a: \u5c0f\u7b14\u7ea2\u80bf\n|\n|t:|1773667341\n|switch|p2b: Clarence|Zamazenta-Crowned, L50|4/100|[from] U-turn\n|\n|-weather|SunnyDay|[upkeep]\n|-fieldend|move: Psychic Terrain\n|upkeep\n|\n|t:|1773667346\n|switch|p1a: \u9a6c\u6b7b\u4e86|Calyrex-Shadow, L50, tera:Ghost|45/100\n|-ability|p1a: \u9a6c\u6b7b\u4e86|As One\n|-ability|p1a: \u9a6c\u6b7b\u4e86|Unnerve\n|turn|7\n|\n|t:|1773667359\n|cant|p2a: Rupert|slp\n|move|p2b: Clarence|Protect|p2b: Clarence\n|-singleturn|p2b: Clarence|Protect\n|move|p1b: \u6545\u5927\u5305\u52d2|Flare Blitz|p2a: Rupert\n|-damage|p2a: Rupert|0 fnt\n|faint|p2a: Rupert\n|-damage|p1b: \u6545\u5927\u5305\u52d2|61/100|[from] Recoil\n|-damage|p1b: \u6545\u5927\u5305\u52d2|52/100|[from] item: Life Orb\n|move|p1a: \u9a6c\u6b7b\u4e86|Astral Barrage|p2b: Clarence\n|-activate|p2b: Clarence|move: Protect\n|\n|-weather|SunnyDay|[upkeep]\n|upkeep\n|\n|t:|1773667363\n|switch|p2a: Cash|Incineroar, L50, M, shiny, tera:Bug|24/100\n|-ability|p2a: Cash|Intimidate|boost\n|-unboost|p1a: \u9a6c\u6b7b\u4e86|atk|1\n|-unboost|p1b: \u6545\u5927\u5305\u52d2|atk|1\n|turn|8\n|\n|t:|1773667379\n|move|p2b: Clarence|Wide Guard|p2b: Clarence\n|-singleturn|p2b: Clarence|Wide Guard\n|move|p1b: \u6545\u5927\u5305\u52d2|Flare Blitz|p2a: Cash\n|-supereffective|p2a: Cash\n|-damage|p2a: Cash|0 fnt\n|faint|p2a: Cash\n|-damage|p1b: \u6545\u5927\u5305\u52d2|43/100|[from] Recoil\n|-damage|p1b: \u6545\u5927\u5305\u52d2|33/100|[from] item: Life Orb\n|move|p1a: \u9a6c\u6b7b\u4e86|Astral Barrage|p2b: Clarence\n|-activate|p2b: Clarence|move: Wide Guard\n|\n|-weather|none\n|upkeep\n|turn|9\n|\n|t:|1773667386\n|move|p1b: \u6545\u5927\u5305\u52d2|Close Combat|p2b: Clarence\n|-supereffective|p2b: Clarence\n|-damage|p2b: Clarence|0 fnt\n|-unboost|p1b: \u6545\u5927\u5305\u52d2|def|1\n|-unboost|p1b: \u6545\u5927\u5305\u52d2|spd|1\n|faint|p2b: Clarence\n|-damage|p1b: \u6545\u5927\u5305\u52d2|23/100|[from] item: Life Orb\n|\n|win|dasabe\u76d6\u6b27\u5361\u4fa0\n|raw|dasabe\u76d6\u6b27\u5361\u4fa0's rating: 1533 &rarr; <strong>1548</strong><br />(+15 for winning)\n|raw|Hes him guy&apos;s's rating: 1436 &rarr; <strong>1421</strong><br />(-15 for losing)\n|l|\u2606Hes him guy's\n|player|p2|\n|l|\u2606dasabe\u76d6\u6b27\u5361\u4fa0\n|player|p1|\n","uploadtime":1773667595,"views":11,"formatid":"gen9vgc2026regi","rating":1421,"private":0,"password":null}