{"id":"gen9vgc2026regi-2581826738","format":"[Gen 9] VGC 2026 Reg I","players":["castiel123","yicz"],"log":"|j|\u2606castiel123\n|j|\u2606yicz\n|t:|1776031589\n|gametype|doubles\n|player|p1|castiel123|101|1314\n|player|p2|yicz|265|1542\n|gen|9\n|tier|[Gen 9] VGC 2026 Reg I\n|rated|\n|rule|Species Clause: Limit one of each Pok\u00e9mon\n|rule|Item Clause: Limit 1 of each item\n|clearpoke\n|poke|p1|Zamazenta-*, L50|\n|poke|p1|Terapagos, L50, M|\n|poke|p1|Whimsicott, L50, F|\n|poke|p1|Indeedee, L50, M|\n|poke|p1|Flutter Mane, L50|\n|poke|p1|Annihilape, L50, M|\n|poke|p2|Incineroar, L50, M|\n|poke|p2|Koraidon, L50|\n|poke|p2|Rillaboom, L50, M|\n|poke|p2|Calyrex-Ice, L50|\n|poke|p2|Smeargle, L50, M|\n|poke|p2|Landorus, L50, M|\n|teampreview|4\n|\n|t:|1776031632\n|teamsize|p1|4\n|teamsize|p2|4\n|start\n|switch|p1a: Annihilape|Annihilape, L50, M|100/100\n|switch|p1b: Flutter Mane|Flutter Mane, L50|100/100\n|switch|p2a: Calyrex|Calyrex-Ice, L50|100/100\n|switch|p2b: Incineroar|Incineroar, L50, M|100/100\n|-ability|p2a: Calyrex|As One\n|-ability|p2a: Calyrex|Unnerve\n|-ability|p2b: Incineroar|Intimidate|boost\n|-unboost|p1a: Annihilape|atk|1\n|-ability|p1a: Annihilape|Defiant|boost\n|-boost|p1a: Annihilape|atk|2\n|-unboost|p1b: Flutter Mane|atk|1\n|-enditem|p1b: Flutter Mane|Booster Energy\n|-activate|p1b: Flutter Mane|ability: Protosynthesis|[fromitem]\n|-start|p1b: Flutter Mane|protosynthesisspe\n|turn|1\n|\n|t:|1776031640\n|move|p2a: Calyrex|Protect|p2a: Calyrex\n|-singleturn|p2a: Calyrex|Protect\n|move|p1b: Flutter Mane|Taunt|p2a: Calyrex\n|-activate|p2a: Calyrex|move: Protect\n|move|p1a: Annihilape|Close Combat|p2b: Incineroar\n|-supereffective|p2b: Incineroar\n|-crit|p2b: Incineroar\n|-damage|p2b: Incineroar|0 fnt\n|-unboost|p1a: Annihilape|def|1\n|-unboost|p1a: Annihilape|spd|1\n|faint|p2b: Incineroar\n|\n|upkeep\n|\n|t:|1776031653\n|switch|p2b: Koraidon|Koraidon, L50|100/100\n|-weather|SunnyDay|[from] ability: Orichalcum Pulse|[of] p2b: Koraidon\n|-activate|p2b: Koraidon|Orichalcum Pulse|[source]\n|turn|2\n|\n|t:|1776031682\n|-terastallize|p2b: Koraidon|Fire\n|move|p1b: Flutter Mane|Taunt|p2a: Calyrex\n|-start|p2a: Calyrex|move: Taunt\n|move|p1a: Annihilape|Close Combat|p2a: Calyrex\n|-crit|p2a: Calyrex\n|-damage|p2a: Calyrex|33/100\n|-unboost|p1a: Annihilape|def|1\n|-unboost|p1a: Annihilape|spd|1\n|move|p2b: Koraidon|Flame Charge|p1b: Flutter Mane\n|-damage|p1b: Flutter Mane|0 fnt\n|-boost|p2b: Koraidon|spe|1\n|faint|p1b: Flutter Mane\n|-end|p1b: Flutter Mane|Protosynthesis|[silent]\n|move|p2a: Calyrex|Glacial Lance|p1a: Annihilape\n|-damage|p1a: Annihilape|0 fnt\n|faint|p1a: Annihilape\n|-ability|p2a: Calyrex|Chilling Neigh|boost\n|-boost|p2a: Calyrex|atk|1\n|\n|-weather|SunnyDay|[upkeep]\n|-heal|p2a: Calyrex|39/100|[from] item: Leftovers\n|upkeep\n|\n|t:|1776031693\n|switch|p1b: Indeedee|Indeedee, L50, M|100/100\n|switch|p1a: Zamazenta|Zamazenta-Crowned, L50|100/100\n|-ability|p1a: Zamazenta|Dauntless Shield|boost\n|-boost|p1a: Zamazenta|def|1\n|-fieldstart|move: Psychic Terrain|[from] ability: Psychic Surge|[of] p1b: Indeedee\n|turn|3\n|\n|t:|1776031721\n|-terastallize|p1a: Zamazenta|Water\n|move|p2b: Koraidon|Protect|p2b: Koraidon\n|-singleturn|p2b: Koraidon|Protect\n|move|p1a: Zamazenta|Body Press|p2a: Calyrex\n|-damage|p2a: Calyrex|1/100\n|move|p1b: Indeedee|Expanding Force|p2b: Koraidon|[spread] p2a\n|-activate|p2b: Koraidon|move: Protect\n|-resisted|p2a: Calyrex\n|-damage|p2a: Calyrex|0 fnt\n|faint|p2a: Calyrex\n|\n|-weather|SunnyDay|[upkeep]\n|upkeep\n|\n|t:|1776031730\n|switch|p2a: Rillaboom|Rillaboom, L50, M|100/100\n|-fieldstart|move: Grassy Terrain|[from] ability: Grassy Surge|[of] p2a: Rillaboom\n|turn|4\n|\n|t:|1776031747\n|move|p2a: Rillaboom|Fake Out|p1a: Zamazenta\n|-damage|p1a: Zamazenta|96/100\n|move|p2b: Koraidon|Flare Blitz|p1b: Indeedee\n|-damage|p1b: Indeedee|0 fnt\n|faint|p1b: Indeedee\n|-damage|p2b: Koraidon|78/100|[from] Recoil\n|cant|p1a: Zamazenta|flinch\n|\n|-weather|SunnyDay|[upkeep]\n|-heal|p2b: Koraidon|84/100|[from] Grassy Terrain\n|-heal|p1a: Zamazenta|100/100|[from] Grassy Terrain\n|upkeep\n|turn|5\n|\n|t:|1776031756\n|move|p2b: Koraidon|Collision Course|p1a: Zamazenta\n|-damage|p1a: Zamazenta|73/100\n|move|p2a: Rillaboom|Wood Hammer|p1a: Zamazenta\n|-supereffective|p1a: Zamazenta\n|-damage|p1a: Zamazenta|24/100\n|-damage|p2a: Rillaboom|84/100|[from] Recoil\n|move|p1a: Zamazenta|Body Press|p2a: Rillaboom\n|-damage|p2a: Rillaboom|20/100\n|\n|-weather|SunnyDay|[upkeep]\n|-heal|p2b: Koraidon|90/100|[from] Grassy Terrain\n|-heal|p2a: Rillaboom|26/100|[from] Grassy Terrain\n|-heal|p1a: Zamazenta|30/100|[from] Grassy Terrain\n|upkeep\n|turn|6\n|\n|t:|1776031769\n|move|p2a: Rillaboom|Grassy Glide|p1a: Zamazenta\n|-supereffective|p1a: Zamazenta\n|-damage|p1a: Zamazenta|5/100\n|move|p2b: Koraidon|Collision Course|p1a: Zamazenta\n|-damage|p1a: Zamazenta|0 fnt\n|faint|p1a: Zamazenta\n|\n|win|yicz\n|raw|castiel123's rating: 1314 &rarr; <strong>1306</strong><br />(-8 for losing)\n|raw|yicz's rating: 1542 &rarr; <strong>1550</strong><br />(+8 for winning)\n|l|\u2606castiel123\n|player|p1|\n|l|\u2606yicz\n|player|p2|\n","uploadtime":1776032045,"views":9,"formatid":"gen9vgc2026regi","rating":1306,"private":0,"password":null}