{"id":"gen9vgc2026regi-2548865047","format":"[Gen 9] VGC 2026 Reg I","players":["EllenJoe2026","TheManOfSausage"],"log":"|j|\u2606EllenJoe2026\n|j|\u2606TheManOfSausage\n|t:|1772272630\n|gametype|doubles\n|player|p1|EllenJoe2026|iono|1487\n|player|p2|TheManOfSausage|miku-water|1521\n|gen|9\n|tier|[Gen 9] VGC 2026 Reg I\n|rated|\n|rule|Species Clause: Limit one of each Pok\u00e9mon\n|rule|Item Clause: Limit 1 of each item\n|clearpoke\n|poke|p1|Calyrex-Shadow, L50|\n|poke|p1|Zamazenta-*, L50|\n|poke|p1|Incineroar, L50, F|\n|poke|p1|Rillaboom, L50, F|\n|poke|p1|Ogerpon-Cornerstone, L50, F|\n|poke|p1|Tornadus, L50, M|\n|poke|p2|Calyrex-Ice, L50|\n|poke|p2|Miraidon, L50|\n|poke|p2|Amoonguss, L50, F|\n|poke|p2|Incineroar, L50, M|\n|poke|p2|Urshifu-*, L50, M|\n|poke|p2|Farigiraf, L50, F|\n|teampreview|4\n|inactive|Battle timer is ON: inactive players will automatically lose when time's up. (requested by EllenJoe2026)\n|\n|t:|1772272644\n|teamsize|p1|4\n|teamsize|p2|4\n|start\n|switch|p1a: Rillaboom|Rillaboom, L50, F, shiny|100/100\n|switch|p1b: Incineroar|Incineroar, L50, F, shiny|100/100\n|switch|p2a: Tama|Miraidon, L50|100/100\n|switch|p2b: Ogurin|Calyrex-Ice, L50|100/100\n|-ability|p2b: Ogurin|As One\n|-ability|p2b: Ogurin|Unnerve\n|-fieldstart|move: Electric Terrain|[from] ability: Hadron Engine|[of] p2a: Tama\n|-fieldstart|move: Grassy Terrain|[from] ability: Grassy Surge|[of] p1a: Rillaboom\n|-ability|p1b: Incineroar|Intimidate|boost\n|-unboost|p2a: Tama|atk|1\n|-fail|p2b: Ogurin|unboost|[from] item: Clear Amulet|[of] p2b: Ogurin\n|turn|1\n|\n|t:|1772272660\n|move|p2a: Tama|Volt Switch|p1b: Incineroar\n|-damage|p1b: Incineroar|61/100\n|\n|t:|1772272662\n|switch|p2a: Amoonguss|Amoonguss, L50, F|100/100|[from] Volt Switch\n|move|p1a: Rillaboom|U-turn|p2a: Amoonguss\n|-damage|p2a: Amoonguss|79/100\n|-damage|p1a: Rillaboom|84/100|[from] item: Rocky Helmet|[of] p2a: Amoonguss\n|\n|t:|1772272669\n|switch|p1a: Zamazenta|Zamazenta-Crowned, L50, shiny|100/100|[from] U-turn\n|-ability|p1a: Zamazenta|Dauntless Shield|boost\n|-boost|p1a: Zamazenta|def|1\n|move|p1b: Incineroar|Taunt|p2b: Ogurin\n|-start|p2b: Ogurin|move: Taunt\n|move|p2b: Ogurin|Glacial Lance|p1b: Incineroar|[spread] p1a,p1b\n|-resisted|p1a: Zamazenta\n|-resisted|p1b: Incineroar\n|-damage|p1a: Zamazenta|90/100\n|-damage|p1b: Incineroar|40/100\n|\n|-heal|p1a: Zamazenta|96/100|[from] Grassy Terrain\n|-heal|p1b: Incineroar|46/100|[from] Grassy Terrain\n|-heal|p2a: Amoonguss|85/100|[from] Grassy Terrain\n|upkeep\n|turn|2\n|inactive|EllenJoe2026 has 30 seconds left.\n|inactive|EllenJoe2026 has 20 seconds left.\n|inactive|EllenJoe2026 has 15 seconds left.\n|inactive|EllenJoe2026 has 10 seconds left.\n|inactive|EllenJoe2026 has 5 seconds left.\n|\n|t:|1772272719\n|-terastallize|p2b: Ogurin|Water\n|move|p1a: Zamazenta|Wide Guard|p1a: Zamazenta\n|-singleturn|p1a: Zamazenta|Wide Guard\n|move|p1b: Incineroar|Taunt|p2a: Amoonguss\n|-start|p2a: Amoonguss|move: Taunt\n|move|p2b: Ogurin|Glacial Lance|p1b: Incineroar|[spread] \n|-activate|p1a: Zamazenta|move: Wide Guard\n|-activate|p1b: Incineroar|move: Wide Guard\n|cant|p2a: Amoonguss|move: Taunt|Spore\n|\n|-heal|p1a: Zamazenta|100/100|[from] Grassy Terrain\n|-heal|p1b: Incineroar|51/100|[from] Grassy Terrain\n|-heal|p2a: Amoonguss|91/100|[from] Grassy Terrain\n|upkeep\n|turn|3\n|\n|t:|1772272748\n|switch|p2a: Marvelous|Incineroar, L50, M, shiny|100/100\n|-ability|p2a: Marvelous|Intimidate|boost\n|-unboost|p1a: Zamazenta|atk|1\n|-unboost|p1b: Incineroar|atk|1\n|move|p1a: Zamazenta|Body Press|p2b: Ogurin\n|-damage|p2b: Ogurin|57/100\n|move|p1b: Incineroar|Knock Off|p2b: Ogurin\n|-damage|p2b: Ogurin|43/100\n|-enditem|p2b: Ogurin|Clear Amulet|[from] move: Knock Off|[of] p1b: Incineroar\n|move|p2b: Ogurin|Glacial Lance|p1a: Zamazenta|[spread] p1a,p1b\n|-resisted|p1a: Zamazenta\n|-resisted|p1b: Incineroar\n|-crit|p1b: Incineroar\n|-damage|p1a: Zamazenta|90/100\n|-damage|p1b: Incineroar|20/100\n|\n|-heal|p1a: Zamazenta|96/100|[from] Grassy Terrain\n|-heal|p1b: Incineroar|26/100|[from] Grassy Terrain\n|-heal|p2b: Ogurin|48/100|[from] Grassy Terrain\n|-end|p2b: Ogurin|move: Taunt\n|upkeep\n|turn|4\n|\n|t:|1772272764\n|switch|p1b: Rillaboom|Rillaboom, L50, F, shiny|84/100\n|move|p1a: Zamazenta|Wide Guard|p1a: Zamazenta\n|-singleturn|p1a: Zamazenta|Wide Guard\n|move|p2a: Marvelous|Fake Out|p1b: Rillaboom\n|-damage|p1b: Rillaboom|74/100\n|move|p2b: Ogurin|Trick Room|p2b: Ogurin\n|-fieldstart|move: Trick Room|[of] p2b: Ogurin\n|\n|-heal|p2b: Ogurin|54/100|[from] Grassy Terrain\n|-heal|p1b: Rillaboom|80/100|[from] Grassy Terrain\n|-heal|p1a: Zamazenta|100/100|[from] Grassy Terrain\n|upkeep\n|turn|5\n|inactive|EllenJoe2026 has 30 seconds left.\n|\n|t:|1772272796\n|-terastallize|p1b: Rillaboom|Fire\n|move|p2b: Ogurin|Protect|p2b: Ogurin\n|-singleturn|p2b: Ogurin|Protect\n|move|p1b: Rillaboom|Fake Out|p2b: Ogurin\n|-activate|p2b: Ogurin|move: Protect\n|move|p2a: Marvelous|Parting Shot|p1b: Rillaboom\n|-unboost|p1b: Rillaboom|atk|1\n|-unboost|p1b: Rillaboom|spa|1\n|\n|t:|1772272802\n|switch|p2a: Amoonguss|Amoonguss, L50, F|100/100|[from] Parting Shot\n|move|p1a: Zamazenta|Body Press|p2b: Ogurin\n|-activate|p2b: Ogurin|move: Protect\n|\n|-heal|p2b: Ogurin|60/100|[from] Grassy Terrain\n|-heal|p1b: Rillaboom|85/100|[from] Grassy Terrain\n|-fieldend|move: Grassy Terrain\n|upkeep\n|turn|6\n|\n|t:|1772272814\n|switch|p1b: Incineroar|Incineroar, L50, F, shiny|26/100\n|-ability|p1b: Incineroar|Intimidate|boost\n|-unboost|p2a: Amoonguss|atk|1\n|-unboost|p2b: Ogurin|atk|1\n|move|p1a: Zamazenta|Protect|p1a: Zamazenta\n|-singleturn|p1a: Zamazenta|Protect\n|move|p2a: Amoonguss|Rage Powder|p2a: Amoonguss\n|-singleturn|p2a: Amoonguss|move: Rage Powder\n|move|p2b: Ogurin|High Horsepower|p1b: Incineroar\n|-supereffective|p1b: Incineroar\n|-damage|p1b: Incineroar|0 fnt\n|faint|p1b: Incineroar\n|-ability|p2b: Ogurin|Chilling Neigh|boost\n|-boost|p2b: Ogurin|atk|1\n|\n|upkeep\n|\n|t:|1772272833\n|switch|p1b: Rillaboom|Rillaboom, L50, F, shiny, tera:Fire|85/100\n|-fieldstart|move: Grassy Terrain|[from] ability: Grassy Surge|[of] p1b: Rillaboom\n|turn|7\n|\n|t:|1772272840\n|move|p1b: Rillaboom|Fake Out|p2a: Amoonguss\n|-damage|p2a: Amoonguss|86/100\n|-damage|p1b: Rillaboom|69/100|[from] item: Rocky Helmet|[of] p2a: Amoonguss\n|cant|p2a: Amoonguss|flinch\n|move|p2b: Ogurin|High Horsepower|p1b: Rillaboom\n|-supereffective|p1b: Rillaboom\n|-damage|p1b: Rillaboom|0 fnt\n|faint|p1b: Rillaboom\n|-ability|p2b: Ogurin|Chilling Neigh|boost\n|-boost|p2b: Ogurin|atk|1\n|move|p1a: Zamazenta|Body Press|p2b: Ogurin\n|-damage|p2b: Ogurin|12/100\n|\n|-heal|p2a: Amoonguss|92/100|[from] Grassy Terrain\n|-heal|p2b: Ogurin|18/100|[from] Grassy Terrain\n|upkeep\n|\n|t:|1772272849\n|switch|p1b: Calyrex|Calyrex-Shadow, L50|100/100\n|-ability|p1b: Calyrex|As One\n|-ability|p1b: Calyrex|Unnerve\n|turn|8\n|inactive|TheManOfSausage has 30 seconds left.\n|\n|t:|1772272879\n|switch|p2a: Marvelous|Incineroar, L50, M, shiny|100/100\n|-ability|p2a: Marvelous|Intimidate|boost\n|-unboost|p1a: Zamazenta|atk|1\n|-unboost|p1b: Calyrex|atk|1\n|move|p1a: Zamazenta|Protect|p1a: Zamazenta\n|-singleturn|p1a: Zamazenta|Protect\n|move|p1b: Calyrex|Protect|p1b: Calyrex\n|-singleturn|p1b: Calyrex|Protect\n|move|p2b: Ogurin|Glacial Lance|p1a: Zamazenta|[spread] \n|-activate|p1a: Zamazenta|move: Protect\n|-activate|p1b: Calyrex|move: Protect\n|\n|-heal|p2b: Ogurin|24/100|[from] Grassy Terrain\n|-fieldend|move: Trick Room\n|upkeep\n|turn|9\n|\n|t:|1772272892\n|move|p2b: Ogurin|Protect|p2b: Ogurin\n|-singleturn|p2b: Ogurin|Protect\n|move|p1b: Calyrex|Astral Barrage|p2a: Marvelous|[spread] p2a\n|-activate|p2b: Ogurin|move: Protect\n|-resisted|p2a: Marvelous\n|-damage|p2a: Marvelous|70/100\n|move|p1a: Zamazenta|Body Press|p2a: Marvelous\n|-supereffective|p2a: Marvelous\n|-damage|p2a: Marvelous|0 fnt\n|faint|p2a: Marvelous\n|\n|-heal|p2b: Ogurin|29/100|[from] Grassy Terrain\n|upkeep\n|\n|t:|1772272897\n|switch|p2a: Tama|Miraidon, L50|100/100\n|-fieldstart|move: Electric Terrain|[from] ability: Hadron Engine|[of] p2a: Tama\n|turn|10\n|\n|t:|1772272906\n|move|p2a: Tama|Volt Switch|p1b: Calyrex\n|-damage|p1b: Calyrex|32/100\n|\n|t:|1772272908\n|switch|p2a: Amoonguss|Amoonguss, L50, F|100/100|[from] Volt Switch\n|move|p1b: Calyrex|Astral Barrage|p2a: Amoonguss|[spread] p2a,p2b\n|-damage|p2a: Amoonguss|59/100\n|-damage|p2b: Ogurin|0 fnt\n|faint|p2b: Ogurin\n|-ability|p1b: Calyrex|Grim Neigh|boost\n|-boost|p1b: Calyrex|spa|1\n|move|p1a: Zamazenta|Body Press|p2a: Amoonguss\n|-resisted|p2a: Amoonguss\n|-damage|p2a: Amoonguss|22/100\n|-damage|p1a: Zamazenta|84/100|[from] item: Rocky Helmet|[of] p2a: Amoonguss\n|\n|upkeep\n|\n|t:|1772272909\n|switch|p2b: Tama|Miraidon, L50|100/100\n|-activate|p2b: Tama|ability: Hadron Engine\n|turn|11\n|\n|t:|1772272929\n|move|p1b: Calyrex|Protect|p1b: Calyrex\n|-singleturn|p1b: Calyrex|Protect\n|move|p2a: Amoonguss|Protect|p2a: Amoonguss\n|-singleturn|p2a: Amoonguss|Protect\n|move|p2b: Tama|Electro Drift|p1b: Calyrex\n|-activate|p1b: Calyrex|move: Protect\n|move|p1a: Zamazenta|Body Press|p2b: Tama\n|-damage|p2b: Tama|33/100\n|\n|upkeep\n|turn|12\n|\n|t:|1772272951\n|move|p1b: Calyrex|Protect||[still]\n|-fail|p1b: Calyrex\n|move|p2a: Amoonguss|Rage Powder|p2a: Amoonguss\n|-singleturn|p2a: Amoonguss|move: Rage Powder\n|move|p2b: Tama|Electro Drift|p1b: Calyrex\n|-damage|p1b: Calyrex|0 fnt\n|faint|p1b: Calyrex\n|move|p1a: Zamazenta|Body Press|p2a: Amoonguss\n|-resisted|p2a: Amoonguss\n|-damage|p2a: Amoonguss|0 fnt\n|-damage|p1a: Zamazenta|68/100|[from] item: Rocky Helmet|[of] p2a: Amoonguss\n|faint|p2a: Amoonguss\n|\n|upkeep\n|turn|13\n|\n|t:|1772272956\n|move|p2b: Tama|Electro Drift|p1a: Zamazenta\n|-damage|p1a: Zamazenta|4/100\n|move|p1a: Zamazenta|Body Press|p2b: Tama\n|-damage|p2b: Tama|0 fnt\n|faint|p2b: Tama\n|\n|win|EllenJoe2026\n|raw|EllenJoe2026's rating: 1487 &rarr; <strong>1509</strong><br />(+22 for winning)\n|raw|TheManOfSausage's rating: 1521 &rarr; <strong>1499</strong><br />(-22 for losing)\n|c|\u2606TheManOfSausage|gg\n|l|\u2606TheManOfSausage\n|player|p2|\n|l|\u2606EllenJoe2026\n|player|p1|\n","uploadtime":1772273197,"views":28,"formatid":"gen9vgc2026regi","rating":1499,"private":0,"password":null}