{"id":"gen9vgc2026regi-2562649407","format":"[Gen 9] VGC 2026 Reg I","players":["Frutaluna","Harry Koekenpan"],"log":"|j|\u203dFrutaluna\n|j|\u2606Harry Koekenpan\n|t:|1773937989\n|gametype|doubles\n|player|p1|Frutaluna|265|1180\n|player|p2|Harry Koekenpan|1|1203\n|gen|9\n|tier|[Gen 9] VGC 2026 Reg I\n|rated|\n|rule|Species Clause: Limit one of each Pok\u00e9mon\n|rule|Item Clause: Limit 1 of each item\n|clearpoke\n|poke|p1|Koraidon, L50|\n|poke|p1|Ho-Oh, L50|\n|poke|p1|Incineroar, L50, M|\n|poke|p1|Rillaboom, L50, F|\n|poke|p1|Ting-Lu, L50|\n|poke|p1|Flutter Mane, L50|\n|poke|p2|Dondozo, L50, M|\n|poke|p2|Tatsugiri-Droopy, L50, M|\n|poke|p2|Weezing-Galar, L50, M|\n|poke|p2|Calyrex-Shadow, L50|\n|poke|p2|Groudon, L50|\n|poke|p2|Whimsicott, L50, F|\n|teampreview|4\n|inactive|Battle timer is ON: inactive players will automatically lose when time's up. (requested by Frutaluna)\n|\n|t:|1773938010\n|teamsize|p1|4\n|teamsize|p2|4\n|start\n|switch|p1a: Koraidon|Koraidon, L50, shiny|100/100\n|switch|p1b: Incineroar|Incineroar, L50, M|100/100\n|switch|p2a: Groudon|Groudon, L50|100/100\n|switch|p2b: Whimsicott|Whimsicott, L50, F|100/100\n|-weather|SunnyDay|[from] ability: Orichalcum Pulse|[of] p1a: Koraidon\n|-activate|p1a: Koraidon|Orichalcum Pulse|[source]\n|-ability|p1b: Incineroar|Intimidate|boost\n|-unboost|p2a: Groudon|atk|1\n|-unboost|p2b: Whimsicott|atk|1\n|turn|1\n|\n|t:|1773938033\n|switch|p1b: Ho-Oh|Ho-Oh, L50|100/100\n|move|p2b: Whimsicott|Tailwind|p2b: Whimsicott\n|-sidestart|p2: Harry Koekenpan|move: Tailwind\n|move|p2a: Groudon|Precipice Blades|p1b: Ho-Oh|[spread] p1a\n|-immune|p1b: Ho-Oh\n|-damage|p1a: Koraidon|49/100\n|move|p1a: Koraidon|Flame Charge|p2b: Whimsicott\n|-supereffective|p2b: Whimsicott\n|-damage|p2b: Whimsicott|0 fnt\n|-boost|p1a: Koraidon|spe|1\n|-damage|p1a: Koraidon|32/100|[from] item: Rocky Helmet|[of] p2b: Whimsicott\n|faint|p2b: Whimsicott\n|-damage|p1a: Koraidon|23/100|[from] item: Life Orb\n|\n|-weather|SunnyDay|[upkeep]\n|upkeep\n|\n|t:|1773938044\n|switch|p2b: Calyrex|Calyrex-Shadow, L50|100/100\n|-ability|p2b: Calyrex|As One\n|-ability|p2b: Calyrex|Unnerve\n|turn|2\n|\n|t:|1773938052\n|switch|p1a: Incineroar|Incineroar, L50, M|100/100\n|-ability|p1a: Incineroar|Intimidate|boost\n|-unboost|p2a: Groudon|atk|1\n|-unboost|p2b: Calyrex|atk|1\n|move|p2b: Calyrex|Astral Barrage|p1a: Incineroar|[spread] p1a,p1b\n|-resisted|p1a: Incineroar\n|-damage|p1a: Incineroar|70/100\n|-damage|p1b: Ho-Oh|56/100\n|-damage|p2b: Calyrex|91/100|[from] item: Life Orb\n|move|p2a: Groudon|Precipice Blades|p1b: Ho-Oh|[spread] p1a\n|-immune|p1b: Ho-Oh\n|-supereffective|p1a: Incineroar\n|-damage|p1a: Incineroar|8/100\n|move|p1b: Ho-Oh|Sacred Fire|p2b: Calyrex\n|-damage|p2b: Calyrex|0 fnt\n|faint|p2b: Calyrex\n|\n|-weather|SunnyDay|[upkeep]\n|upkeep\n|\n|t:|1773938070\n|switch|p2b: Weezing|Weezing-Galar, L50, M|100/100\n|-ability|p2b: Weezing|Neutralizing Gas\n|turn|3\n|\n|t:|1773938090\n|-terastallize|p2b: Weezing|Water\n|move|p1a: Incineroar|Fake Out|p2a: Groudon\n|-damage|p2a: Groudon|93/100\n|cant|p2a: Groudon|flinch\n|move|p2b: Weezing|Poison Gas|p1a: Incineroar|[spread] p1a,p1b\n|-status|p1a: Incineroar|psn\n|-status|p1b: Ho-Oh|psn\n|move|p1b: Ho-Oh|Tailwind|p1b: Ho-Oh\n|-sidestart|p1: Frutaluna|move: Tailwind\n|\n|-weather|SunnyDay|[upkeep]\n|-damage|p1b: Ho-Oh|44/100 psn|[from] psn\n|-damage|p1a: Incineroar|0 fnt|[from] psn\n|faint|p1a: Incineroar\n|upkeep\n|\n|t:|1773938102\n|switch|p1a: Rillaboom|Rillaboom, L50, F, shiny|100/100\n|turn|4\n|\n|t:|1773938115\n|move|p1a: Rillaboom|Fake Out|p2a: Groudon\n|-damage|p2a: Groudon|84/100\n|cant|p2a: Groudon|flinch\n|move|p1b: Ho-Oh|Sacred Fire|p2b: Weezing\n|-resisted|p2b: Weezing\n|-damage|p2b: Weezing|69/100\n|move|p2b: Weezing|Sludge Bomb|p1a: Rillaboom\n|-supereffective|p1a: Rillaboom\n|-damage|p1a: Rillaboom|56/100\n|-status|p1a: Rillaboom|psn\n|\n|-weather|SunnyDay|[upkeep]\n|-damage|p1b: Ho-Oh|32/100 psn|[from] psn\n|-damage|p1a: Rillaboom|43/100 psn|[from] psn\n|-sideend|p2: Harry Koekenpan|move: Tailwind\n|upkeep\n|turn|5\n|\n|t:|1773938136\n|move|p2b: Weezing|Protect|p2b: Weezing\n|-singleturn|p2b: Weezing|Protect\n|move|p1b: Ho-Oh|Sacred Fire|p2a: Groudon\n|-damage|p2a: Groudon|24/100\n|move|p1a: Rillaboom|Wood Hammer|p2a: Groudon\n|-supereffective|p2a: Groudon\n|-damage|p2a: Groudon|0 fnt\n|faint|p2a: Groudon\n|-damage|p1a: Rillaboom|37/100 psn|[from] Recoil\n|\n|-weather|none\n|-damage|p1b: Ho-Oh|20/100 psn|[from] psn\n|-damage|p1a: Rillaboom|24/100 psn|[from] psn\n|upkeep\n|turn|6\n|\n|t:|1773938149\n|switch|p1b: Koraidon|Koraidon, L50, shiny|23/100\n|move|p2b: Weezing|Protect||[still]\n|-fail|p2b: Weezing\n|move|p1a: Rillaboom|Wood Hammer|p2b: Weezing\n|-supereffective|p2b: Weezing\n|-damage|p2b: Weezing|0 fnt\n|faint|p2b: Weezing\n|-end|p2b: Weezing|ability: Neutralizing Gas\n|-weather|SunnyDay|[from] ability: Orichalcum Pulse|[of] p1b: Koraidon\n|-activate|p1b: Koraidon|Orichalcum Pulse|[source]\n|-fieldstart|move: Grassy Terrain|[from] ability: Grassy Surge|[of] p1a: Rillaboom\n|-damage|p1a: Rillaboom|5/100 psn|[from] Recoil\n|\n|win|Frutaluna\n|raw|Frutaluna's rating: 1180 &rarr; <strong>1207</strong><br />(+27 for winning)\n|raw|Harry Koekenpan's rating: 1203 &rarr; <strong>1176</strong><br />(-27 for losing)\n|l|\u2606Harry Koekenpan\n|player|p2|\n","uploadtime":1773938158,"views":12,"formatid":"gen9vgc2026regi","rating":1176,"private":0,"password":null}