{"id":"gen9vgc2026regi-2520426809","format":"[Gen 9] VGC 2026 Reg I","players":["yaochangzhe","ky123456"],"log":"|j|\u2606yaochangzhe\n|j|\u2606ky123456\n|t:|1768628549\n|gametype|doubles\n|player|p1|yaochangzhe|265|1388\n|player|p2|ky123456|cynthia-gen4|1455\n|gen|9\n|tier|[Gen 9] VGC 2026 Reg I\n|rated|\n|rule|Species Clause: Limit one of each Pok\u00e9mon\n|rule|Item Clause: Limit 1 of each item\n|clearpoke\n|poke|p1|Miraidon, L50|\n|poke|p1|Calyrex-Ice, L50|\n|poke|p1|Ogerpon-Wellspring, L50, F|\n|poke|p1|Volcarona, L50, M|\n|poke|p1|Farigiraf, L50, M|\n|poke|p1|Ditto, L50|\n|poke|p2|Miraidon, L50|\n|poke|p2|Incineroar, L50, M|\n|poke|p2|Calyrex-Ice, L50|\n|poke|p2|Landorus, L50, M|\n|poke|p2|Urshifu-*, L50, M|\n|poke|p2|Grimmsnarl, L50, M|\n|teampreview|4\n|inactive|Battle timer is ON: inactive players will automatically lose when time's up. (requested by yaochangzhe)\n|\n|t:|1768628587\n|teamsize|p1|4\n|teamsize|p2|4\n|start\n|switch|p1a: Ditto|Ditto, L50|100/100\n|switch|p1b: Miraidon|Miraidon, L50|100/100\n|switch|p2a: Calyrex|Calyrex-Ice, L50|100/100\n|switch|p2b: Grimmsnarl|Grimmsnarl, L50, M|100/100\n|-ability|p2a: Calyrex|As One\n|-ability|p2a: Calyrex|Unnerve\n|-fieldstart|move: Electric Terrain|[from] ability: Hadron Engine|[of] p1b: Miraidon\n|-transform|p1a: Ditto|p2b: Grimmsnarl|[from] ability: Imposter\n|turn|1\n|inactive|yaochangzhe has 30 seconds left.\n|inactive|yaochangzhe has 20 seconds left.\n|inactive|yaochangzhe has 15 seconds left.\n|inactive|yaochangzhe has 10 seconds left.\n|inactive|yaochangzhe has 5 seconds left.\n|\n|t:|1768628642\n|move|p2b: Grimmsnarl|Light Screen|p2b: Grimmsnarl\n|-sidestart|p2: ky123456|move: Light Screen\n|move|p1a: Ditto|Reflect|p1a: Ditto\n|-sidestart|p1: yaochangzhe|Reflect\n|move|p1b: Miraidon|Electro Drift|p2a: Calyrex\n|-damage|p2a: Calyrex|58/100\n|move|p2a: Calyrex|Leech Seed|p1b: Miraidon\n|-start|p1b: Miraidon|move: Leech Seed\n|\n|-heal|p2a: Calyrex|63/100|[from] item: Leftovers\n|-damage|p1b: Miraidon|88/100|[from] Leech Seed|[of] p2a: Calyrex\n|-heal|p2a: Calyrex|75/100|[silent]\n|upkeep\n|turn|2\n|\n|t:|1768628665\n|switch|p1b: Calyrex|Calyrex-Ice, L50|100/100\n|-ability|p1b: Calyrex|As One\n|-ability|p1b: Calyrex|Unnerve\n|move|p1a: Ditto|Light Screen|p1a: Ditto\n|-sidestart|p1: yaochangzhe|move: Light Screen\n|move|p2b: Grimmsnarl|Reflect|p2b: Grimmsnarl\n|-sidestart|p2: ky123456|Reflect\n|move|p2a: Calyrex|Glacial Lance|p1a: Ditto|[spread] p1a,p1b\n|-resisted|p1b: Calyrex\n|-crit|p1b: Calyrex\n|-damage|p1a: Ditto|49/100\n|-damage|p1b: Calyrex|77/100\n|\n|-heal|p2a: Calyrex|81/100|[from] item: Leftovers\n|upkeep\n|turn|3\n|\n|t:|1768628682\n|switch|p1a: Farigiraf|Farigiraf, L50, M|100/100\n|-enditem|p1a: Farigiraf|Electric Seed\n|-boost|p1a: Farigiraf|def|1|[from] item: Electric Seed\n|move|p2b: Grimmsnarl|Spirit Break|p1a: Farigiraf\n|-damage|p1a: Farigiraf|89/100\n|-unboost|p1a: Farigiraf|spa|1\n|move|p2a: Calyrex|Leech Seed|p1b: Calyrex|[miss]\n|-miss|p2a: Calyrex|p1b: Calyrex\n|move|p1b: Calyrex|Glacial Lance|p2b: Grimmsnarl|[spread] p2a,p2b\n|-resisted|p2a: Calyrex\n|-damage|p2a: Calyrex|70/100\n|-damage|p2b: Grimmsnarl|63/100\n|\n|-heal|p2a: Calyrex|75/100|[from] item: Leftovers\n|upkeep\n|turn|4\n|inactive|ky123456 has 30 seconds left.\n|\n|t:|1768628716\n|switch|p2b: Urshifu|Urshifu-Rapid-Strike, L50, M|100/100\n|move|p1a: Farigiraf|Foul Play|p2a: Calyrex\n|-supereffective|p2a: Calyrex\n|-damage|p2a: Calyrex|44/100\n|move|p2a: Calyrex|Leech Seed|p1b: Calyrex\n|-start|p1b: Calyrex|move: Leech Seed\n|move|p1b: Calyrex|Glacial Lance|p2a: Calyrex|[spread] p2a,p2b\n|-resisted|p2a: Calyrex\n|-resisted|p2b: Urshifu\n|-damage|p2a: Calyrex|33/100\n|-damage|p2b: Urshifu|81/100\n|\n|-heal|p2a: Calyrex|39/100|[from] item: Leftovers\n|-damage|p1b: Calyrex|65/100|[from] Leech Seed|[of] p2a: Calyrex\n|-heal|p2a: Calyrex|51/100|[silent]\n|upkeep\n|turn|5\n|\n|t:|1768628740\n|switch|p1b: Miraidon|Miraidon, L50|88/100\n|-activate|p1b: Miraidon|ability: Hadron Engine\n|move|p2a: Calyrex|Protect|p2a: Calyrex\n|-singleturn|p2a: Calyrex|Protect\n|move|p2b: Urshifu|Surging Strikes|p1a: Farigiraf\n|-crit|p1a: Farigiraf\n|-damage|p1a: Farigiraf|71/100\n|-crit|p1a: Farigiraf\n|-damage|p1a: Farigiraf|52/100\n|-crit|p1a: Farigiraf\n|-damage|p1a: Farigiraf|32/100\n|-hitcount|p1a: Farigiraf|3\n|move|p1a: Farigiraf|Dazzling Gleam|p2a: Calyrex|[spread] p2b\n|-activate|p2a: Calyrex|move: Protect\n|-supereffective|p2b: Urshifu\n|-damage|p2b: Urshifu|61/100\n|\n|-heal|p2a: Calyrex|57/100|[from] item: Leftovers\n|-sideend|p1: yaochangzhe|Reflect\n|-fieldend|move: Electric Terrain\n|upkeep\n|turn|6\n|\n|t:|1768628760\n|move|p1a: Farigiraf|Helping Hand|p1b: Miraidon\n|-singleturn|p1b: Miraidon|Helping Hand|[of] p1a: Farigiraf\n|move|p1b: Miraidon|Volt Switch|p2b: Urshifu\n|-supereffective|p2b: Urshifu\n|-damage|p2b: Urshifu|0 fnt\n|faint|p2b: Urshifu\n|\n|t:|1768628779\n|switch|p1b: Calyrex|Calyrex-Ice, L50|65/100|[from] Volt Switch\n|-ability|p1b: Calyrex|As One\n|-ability|p1b: Calyrex|Unnerve\n|move|p2a: Calyrex|Leech Seed|p1b: Calyrex\n|-start|p1b: Calyrex|move: Leech Seed\n|\n|-heal|p2a: Calyrex|63/100|[from] item: Leftovers\n|-damage|p1b: Calyrex|53/100|[from] Leech Seed|[of] p2a: Calyrex\n|-heal|p2a: Calyrex|75/100|[silent]\n|-sideend|p1: yaochangzhe|move: Light Screen\n|upkeep\n|inactive|ky123456 has 30 seconds left.\n|\n|t:|1768628805\n|switch|p2b: Miraidon|Miraidon, L50, shiny|100/100\n|-fieldstart|move: Electric Terrain|[from] ability: Hadron Engine|[of] p2b: Miraidon\n|turn|7\n|\n|t:|1768628817\n|move|p1b: Calyrex|Protect|p1b: Calyrex\n|-singleturn|p1b: Calyrex|Protect\n|move|p2b: Miraidon|Electro Drift|p1b: Calyrex\n|-activate|p1b: Calyrex|move: Protect\n|move|p1a: Farigiraf|Foul Play|p2a: Calyrex\n|-supereffective|p2a: Calyrex\n|-damage|p2a: Calyrex|44/100\n|move|p2a: Calyrex|Glacial Lance|p1a: Farigiraf|[spread] p1a\n|-activate|p1b: Calyrex|move: Protect\n|-damage|p1a: Farigiraf|5/100\n|\n|-heal|p2a: Calyrex|50/100|[from] item: Leftovers\n|-damage|p1b: Calyrex|41/100|[from] Leech Seed|[of] p2a: Calyrex\n|-heal|p2a: Calyrex|62/100|[silent]\n|upkeep\n|turn|8\n|inactive|ky123456 has 30 seconds left.\n|\n|t:|1768628851\n|move|p2b: Miraidon|Electro Drift|p1b: Calyrex\n|-damage|p1b: Calyrex|0 fnt\n|faint|p1b: Calyrex\n|move|p1a: Farigiraf|Foul Play|p2a: Calyrex\n|-supereffective|p2a: Calyrex\n|-damage|p2a: Calyrex|28/100\n|move|p2a: Calyrex|Glacial Lance|p1a: Farigiraf\n|-damage|p1a: Farigiraf|0 fnt\n|faint|p1a: Farigiraf\n|-ability|p2a: Calyrex|Chilling Neigh|boost\n|-boost|p2a: Calyrex|atk|1\n|\n|-heal|p2a: Calyrex|34/100|[from] item: Leftovers\n|-sideend|p2: ky123456|move: Light Screen\n|upkeep\n|\n|t:|1768628854\n|switch|p1a: Ditto|Ditto, L50|49/100\n|switch|p1b: Miraidon|Miraidon, L50|88/100\n|-activate|p1b: Miraidon|ability: Hadron Engine\n|-transform|p1a: Ditto|p2b: Miraidon|[from] ability: Imposter\n|-activate|p1a: Ditto|ability: Hadron Engine\n|turn|9\n|inactive|yaochangzhe has 30 seconds left.\n|inactive|ky123456 has 30 seconds left.\n|inactive|ky123456 has 20 seconds left.\n|inactive|ky123456 has 15 seconds left.\n|inactive|ky123456 has 10 seconds left.\n|\n|t:|1768628902\n|switch|p2b: Grimmsnarl|Grimmsnarl, L50, M|63/100\n|-terastallize|p1b: Miraidon|Electric\n|move|p2a: Calyrex|Protect|p2a: Calyrex\n|-singleturn|p2a: Calyrex|Protect\n|move|p1b: Miraidon|Electro Drift|p2b: Grimmsnarl\n|-crit|p2b: Grimmsnarl\n|-damage|p2b: Grimmsnarl|0 fnt\n|faint|p2b: Grimmsnarl\n|move|p1a: Ditto|Electro Drift|p2a: Calyrex\n|-activate|p2a: Calyrex|move: Protect\n|\n|-heal|p2a: Calyrex|40/100|[from] item: Leftovers\n|-sideend|p2: ky123456|Reflect\n|upkeep\n|\n|t:|1768628905\n|switch|p2b: Miraidon|Miraidon, L50, shiny|100/100\n|-activate|p2b: Miraidon|ability: Hadron Engine\n|turn|10\n|inactive|yaochangzhe has 30 seconds left.\n|inactive|ky123456 has 30 seconds left.\n|inactive|ky123456 has 20 seconds left.\n|inactive|ky123456 has 15 seconds left.\n|inactive|ky123456 has 10 seconds left.\n|\n|t:|1768628954\n|-terastallize|p2b: Miraidon|Fairy\n|move|p2a: Calyrex|Protect|p2a: Calyrex\n|-singleturn|p2a: Calyrex|Protect\n|move|p1b: Miraidon|Electro Drift|p2a: Calyrex\n|-activate|p2a: Calyrex|move: Protect\n|move|p2b: Miraidon|Draco Meteor|p1b: Miraidon|[miss]\n|-miss|p2b: Miraidon|p1b: Miraidon\n|move|p1a: Ditto|Draco Meteor|p2b: Miraidon\n|-immune|p2b: Miraidon\n|\n|-heal|p2a: Calyrex|45/100|[from] item: Leftovers\n|upkeep\n|turn|11\n|inactive|yaochangzhe has 30 seconds left.\n|\n|t:|1768628988\n|move|p1b: Miraidon|Electro Drift|p2b: Miraidon\n|-damage|p2b: Miraidon|0 fnt\n|faint|p2b: Miraidon\n|move|p1a: Ditto|Electro Drift|p2a: Calyrex\n|-damage|p2a: Calyrex|0 fnt\n|faint|p2a: Calyrex\n|\n|win|yaochangzhe\n|raw|yaochangzhe's rating: 1388 &rarr; <strong>1412</strong><br />(+24 for winning)\n|raw|ky123456's rating: 1455 &rarr; <strong>1431</strong><br />(-24 for losing)\n|l|\u2606ky123456\n|player|p2|\n","uploadtime":1768629195,"views":16,"formatid":"gen9vgc2026regi","rating":1412,"private":0,"password":null}