{"id":"gen9vgc2026regi-2553335658","format":"[Gen 9] VGC 2026 Reg I","players":["davidelgafe","ryo8989"],"log":"|j|\u2606davidelgafe\n|j|\u2606ryo8989\n|t:|1772821526\n|gametype|doubles\n|player|p1|davidelgafe|blue|1249\n|player|p2|ryo8989|erika|1401\n|gen|9\n|tier|[Gen 9] VGC 2026 Reg I\n|rated|\n|rule|Species Clause: Limit one of each Pok\u00e9mon\n|rule|Item Clause: Limit 1 of each item\n|clearpoke\n|poke|p1|Miraidon, L50|\n|poke|p1|Calyrex-Ice, L50|\n|poke|p1|Farigiraf, L50, M|\n|poke|p1|Iron Hands, L50|\n|poke|p1|Iron Treads, L50|\n|poke|p1|Scraggy, L50, M|\n|poke|p2|Calyrex-Shadow, L50|\n|poke|p2|Rillaboom, L50, F|\n|poke|p2|Incineroar, L50, M|\n|poke|p2|Clefairy, L50, F|\n|poke|p2|Koraidon, L50|\n|poke|p2|Flutter Mane, L50|\n|teampreview|4\n|\n|t:|1772821545\n|teamsize|p1|4\n|teamsize|p2|4\n|start\n|switch|p1a: Miraidon|Miraidon, L50|100/100\n|switch|p1b: Farigiraf|Farigiraf, L50, M|100/100\n|switch|p2a: Calyrex|Calyrex-Shadow, L50|100/100\n|switch|p2b: Rillaboom|Rillaboom, L50, F|100/100\n|-ability|p2a: Calyrex|As One\n|-ability|p2a: Calyrex|Unnerve\n|-fieldstart|move: Electric Terrain|[from] ability: Hadron Engine|[of] p1a: Miraidon\n|-enditem|p1b: Farigiraf|Electric Seed\n|-boost|p1b: Farigiraf|def|1|[from] item: Electric Seed\n|-fieldstart|move: Grassy Terrain|[from] ability: Grassy Surge|[of] p2b: Rillaboom\n|turn|1\n|\n|t:|1772821564\n|move|p1b: Farigiraf|Helping Hand|p1a: Miraidon\n|-singleturn|p1a: Miraidon|Helping Hand|[of] p1b: Farigiraf\n|move|p1a: Miraidon|Draco Meteor|p2b: Rillaboom\n|-damage|p2b: Rillaboom|30/100\n|-unboost|p1a: Miraidon|spa|2\n|move|p2a: Calyrex|Pollen Puff|p1b: Farigiraf\n|-supereffective|p1b: Farigiraf\n|-damage|p1b: Farigiraf|0 fnt\n|faint|p1b: Farigiraf\n|-ability|p2a: Calyrex|Grim Neigh|boost\n|-boost|p2a: Calyrex|spa|1\n|-damage|p2a: Calyrex|91/100|[from] item: Life Orb\n|move|p2b: Rillaboom|U-turn|p1a: Miraidon\n|-damage|p1a: Miraidon|82/100\n|\n|t:|1772821581\n|switch|p2b: Clefairy|Clefairy, L50, F, shiny|100/100|[from] U-turn\n|\n|-heal|p1a: Miraidon|88/100|[from] Grassy Terrain\n|-heal|p2a: Calyrex|97/100|[from] Grassy Terrain\n|upkeep\n|\n|t:|1772821602\n|switch|p1b: Calyrex|Calyrex-Ice, L50|100/100\n|-ability|p1b: Calyrex|As One\n|-ability|p1b: Calyrex|Unnerve\n|turn|2\n|\n|t:|1772821616\n|switch|p1a: Scraggy|Scraggy, L50, M|100/100\n|-ability|p1a: Scraggy|Intimidate|boost\n|-unboost|p2a: Calyrex|atk|1\n|-unboost|p2b: Clefairy|atk|1\n|move|p1b: Calyrex|Protect|p1b: Calyrex\n|-singleturn|p1b: Calyrex|Protect\n|move|p2a: Calyrex|Astral Barrage|p1a: Scraggy|[spread] p1a\n|-activate|p1b: Calyrex|move: Protect\n|-resisted|p1a: Scraggy\n|-damage|p1a: Scraggy|50/100\n|-damage|p2a: Calyrex|88/100|[from] item: Life Orb\n|move|p2b: Clefairy|Life Dew||[still]|[spread] p2a,p2b\n|-heal|p2a: Calyrex|100/100\n|-fail|p2b: Clefairy|heal\n|\n|-heal|p1a: Scraggy|55/100|[from] Grassy Terrain\n|upkeep\n|turn|3\n|\n|t:|1772821649\n|-terastallize|p1b: Calyrex|Water\n|move|p2b: Clefairy|Follow Me|p2b: Clefairy\n|-singleturn|p2b: Clefairy|move: Follow Me\n|move|p2a: Calyrex|Astral Barrage|p1a: Scraggy|[spread] p1a,p1b\n|-resisted|p1a: Scraggy\n|-damage|p1a: Scraggy|9/100\n|-damage|p1b: Calyrex|32/100\n|-damage|p2a: Calyrex|91/100|[from] item: Life Orb\n|move|p1b: Calyrex|Glacial Lance|p2a: Calyrex|[spread] p2a,p2b\n|-crit|p2a: Calyrex\n|-damage|p2a: Calyrex|22/100\n|-damage|p2b: Clefairy|60/100\n|move|p1a: Scraggy|Foul Play|p2b: Clefairy\n|-resisted|p2b: Clefairy\n|-damage|p2b: Clefairy|56/100\n|\n|-heal|p2a: Calyrex|28/100|[from] Grassy Terrain\n|-heal|p1b: Calyrex|38/100|[from] Grassy Terrain\n|-heal|p1a: Scraggy|15/100|[from] Grassy Terrain\n|-heal|p2b: Clefairy|63/100|[from] Grassy Terrain\n|upkeep\n|turn|4\n|\n|t:|1772821682\n|move|p1b: Calyrex|Protect|p1b: Calyrex\n|-singleturn|p1b: Calyrex|Protect\n|move|p2a: Calyrex|Astral Barrage|p1b: Calyrex|[spread] p1a\n|-activate|p1b: Calyrex|move: Protect\n|-resisted|p1a: Scraggy\n|-damage|p1a: Scraggy|0 fnt\n|faint|p1a: Scraggy\n|-ability|p2a: Calyrex|Grim Neigh|boost\n|-boost|p2a: Calyrex|spa|1\n|-damage|p2a: Calyrex|18/100|[from] item: Life Orb\n|move|p2b: Clefairy|Life Dew|p2b: Clefairy|[spread] p2a,p2b\n|-heal|p2a: Calyrex|44/100\n|-heal|p2b: Clefairy|88/100\n|\n|-heal|p2a: Calyrex|50/100|[from] Grassy Terrain\n|-heal|p1b: Calyrex|43/100|[from] Grassy Terrain\n|-heal|p2b: Clefairy|94/100|[from] Grassy Terrain\n|upkeep\n|\n|t:|1772821684\n|switch|p1a: Miraidon|Miraidon, L50|88/100\n|-fieldstart|move: Electric Terrain|[from] ability: Hadron Engine|[of] p1a: Miraidon\n|turn|5\n|\n|t:|1772821708\n|-terastallize|p2b: Clefairy|Ground\n|move|p2b: Clefairy|Follow Me|p2b: Clefairy\n|-singleturn|p2b: Clefairy|move: Follow Me\n|move|p1a: Miraidon|Snarl|p2a: Calyrex|[spread] p2a,p2b\n|-supereffective|p2a: Calyrex\n|-damage|p2a: Calyrex|0 fnt\n|-damage|p2b: Clefairy|75/100\n|-unboost|p2b: Clefairy|spa|1\n|faint|p2a: Calyrex\n|move|p1b: Calyrex|Trick Room|p1b: Calyrex\n|-fieldstart|move: Trick Room|[of] p1b: Calyrex\n|\n|upkeep\n|\n|t:|1772821719\n|switch|p2a: Rillaboom|Rillaboom, L50, F|30/100\n|-fieldstart|move: Grassy Terrain|[from] ability: Grassy Surge|[of] p2a: Rillaboom\n|turn|6\n|\n|t:|1772821738\n|move|p1b: Calyrex|Protect|p1b: Calyrex\n|-singleturn|p1b: Calyrex|Protect\n|move|p2a: Rillaboom|Grassy Glide|p1b: Calyrex\n|-activate|p1b: Calyrex|move: Protect\n|move|p2b: Clefairy|Life Dew|p2b: Clefairy|[spread] p2a,p2b\n|-heal|p2a: Rillaboom|56/100\n|-heal|p2b: Clefairy|99/100\n|move|p1a: Miraidon|Snarl|p2b: Clefairy|[spread] p2a,p2b\n|-damage|p2a: Rillaboom|48/100\n|-damage|p2b: Clefairy|86/100\n|-unboost|p2a: Rillaboom|spa|1\n|-unboost|p2b: Clefairy|spa|1\n|\n|-heal|p2b: Clefairy|93/100|[from] Grassy Terrain\n|-heal|p1b: Calyrex|49/100|[from] Grassy Terrain\n|-heal|p2a: Rillaboom|54/100|[from] Grassy Terrain\n|-heal|p1a: Miraidon|94/100|[from] Grassy Terrain\n|upkeep\n|turn|7\n|\n|t:|1772821758\n|move|p2a: Rillaboom|Grassy Glide|p1b: Calyrex\n|-supereffective|p1b: Calyrex\n|-damage|p1b: Calyrex|6/100\n|move|p2b: Clefairy|Life Dew|p2b: Clefairy|[spread] p2a,p2b\n|-heal|p2a: Rillaboom|79/100\n|-heal|p2b: Clefairy|100/100\n|move|p1b: Calyrex|Glacial Lance|p2a: Rillaboom|[spread] p2a,p2b\n|-supereffective|p2a: Rillaboom\n|-supereffective|p2b: Clefairy\n|-damage|p2a: Rillaboom|7/100\n|-damage|p2b: Clefairy|12/100\n|move|p1a: Miraidon|Snarl|p2a: Rillaboom|[spread] p2a,p2b\n|-damage|p2a: Rillaboom|0 fnt\n|-damage|p2b: Clefairy|0 fnt\n|faint|p2a: Rillaboom\n|faint|p2b: Clefairy\n|\n|-heal|p1b: Calyrex|12/100|[from] Grassy Terrain\n|-heal|p1a: Miraidon|99/100|[from] Grassy Terrain\n|upkeep\n|\n|t:|1772821780\n|switch|p2b: Incineroar|Incineroar, L50, M|100/100\n|-ability|p2b: Incineroar|Intimidate|boost\n|-unboost|p1a: Miraidon|atk|1\n|-fail|p1b: Calyrex|unboost|[from] item: Clear Amulet|[of] p1b: Calyrex\n|turn|8\n|\n|t:|1772821792\n|move|p1b: Calyrex|Protect|p1b: Calyrex\n|-singleturn|p1b: Calyrex|Protect\n|move|p2b: Incineroar|Knock Off|p1b: Calyrex\n|-activate|p1b: Calyrex|move: Protect\n|move|p1a: Miraidon|Snarl|p2b: Incineroar\n|-resisted|p2b: Incineroar\n|-damage|p2b: Incineroar|91/100\n|-unboost|p2b: Incineroar|spa|1\n|\n|-heal|p1b: Calyrex|17/100|[from] Grassy Terrain\n|-heal|p2b: Incineroar|97/100|[from] Grassy Terrain\n|-heal|p1a: Miraidon|100/100|[from] Grassy Terrain\n|upkeep\n|turn|9\n|\n|t:|1772821802\n|move|p1b: Calyrex|High Horsepower|p2b: Incineroar\n|-supereffective|p2b: Incineroar\n|-damage|p2b: Incineroar|36/100\n|move|p2b: Incineroar|Knock Off|p1b: Calyrex\n|-damage|p1b: Calyrex|0 fnt\n|-enditem|p1b: Calyrex|Clear Amulet|[from] move: Knock Off|[of] p2b: Incineroar\n|faint|p1b: Calyrex\n|move|p1a: Miraidon|Snarl|p2b: Incineroar\n|-resisted|p2b: Incineroar\n|-damage|p2b: Incineroar|27/100\n|-unboost|p2b: Incineroar|spa|1\n|\n|-heal|p2b: Incineroar|33/100|[from] Grassy Terrain\n|-fieldend|move: Trick Room\n|upkeep\n|turn|10\n|inactive|Battle timer is ON: inactive players will automatically lose when time's up. (requested by davidelgafe)\n|\n|t:|1772821817\n|move|p1a: Miraidon|Snarl|p2b: Incineroar\n|-resisted|p2b: Incineroar\n|-damage|p2b: Incineroar|23/100\n|-unboost|p2b: Incineroar|spa|1\n|move|p2b: Incineroar|U-turn|p1a: Miraidon\n|-damage|p1a: Miraidon|85/100\n|\n|-heal|p1a: Miraidon|91/100|[from] Grassy Terrain\n|-heal|p2b: Incineroar|29/100|[from] Grassy Terrain\n|-fieldend|move: Grassy Terrain\n|upkeep\n|turn|11\n|\n|t:|1772821829\n|move|p1a: Miraidon|Snarl|p2b: Incineroar\n|-resisted|p2b: Incineroar\n|-damage|p2b: Incineroar|20/100\n|-unboost|p2b: Incineroar|spa|1\n|move|p2b: Incineroar|U-turn|p1a: Miraidon\n|-damage|p1a: Miraidon|75/100\n|\n|upkeep\n|turn|12\n|\n|t:|1772821850\n|move|p1a: Miraidon|Snarl|p2b: Incineroar\n|-resisted|p2b: Incineroar\n|-damage|p2b: Incineroar|11/100\n|-unboost|p2b: Incineroar|spa|1\n|move|p2b: Incineroar|U-turn|p1a: Miraidon\n|-damage|p1a: Miraidon|60/100\n|\n|upkeep\n|turn|13\n|\n|t:|1772821858\n|move|p1a: Miraidon|Snarl|p2b: Incineroar\n|-resisted|p2b: Incineroar\n|-damage|p2b: Incineroar|0 fnt\n|faint|p2b: Incineroar\n|\n|win|davidelgafe\n|raw|davidelgafe's rating: 1249 &rarr; <strong>1284</strong><br />(+35 for winning)\n|raw|ryo8989's rating: 1401 &rarr; <strong>1373</strong><br />(-28 for losing)\n","uploadtime":1772821861,"views":23,"formatid":"gen9vgc2026regi","rating":1284,"private":0,"password":null}