{"id":"gen9vgc2026regi-2591159026","format":"[Gen 9] VGC 2026 Reg I","players":["9o'clock#c03","grandmakicker99"],"log":"|j|\u26069o'clock#c03\n|j|\u2606grandmakicker99\n|t:|1776878217\n|gametype|doubles\n|player|p1|9o'clock#c03|1|1379\n|player|p2|grandmakicker99|1|1368\n|gen|9\n|tier|[Gen 9] VGC 2026 Reg I\n|rated|\n|rule|Species Clause: Limit one of each Pok\u00e9mon\n|rule|Item Clause: Limit 1 of each item\n|clearpoke\n|poke|p1|Ho-Oh, L50|\n|poke|p1|Ursaluna, L50, M|\n|poke|p1|Ting-Lu, L50|\n|poke|p1|Sinistcha, L50|\n|poke|p1|Farigiraf, L50, M|\n|poke|p1|Miraidon, L50|\n|poke|p2|Calyrex-Ice, L50|\n|poke|p2|Scraggy, L50, M|\n|poke|p2|Miraidon, L50|\n|poke|p2|Farigiraf, L50, F|\n|poke|p2|Iron Treads, L50|\n|poke|p2|Iron Hands, L50|\n|teampreview|4\n|inactive|Battle timer is ON: inactive players will automatically lose when time's up. (requested by grandmakicker99)\n|inactive|9o'clock#c03 has 60 seconds left.\n|inactive|grandmakicker99 has 60 seconds left.\n|\n|t:|1776878261\n|teamsize|p1|4\n|teamsize|p2|4\n|start\n|switch|p1a: Ho-Oh|Ho-Oh, L50, shiny|100/100\n|switch|p1b: Miraidon|Miraidon, L50|100/100\n|switch|p2a: Miraidon|Miraidon, L50|100/100\n|switch|p2b: Farigiraf|Farigiraf, L50, F|100/100\n|-fieldstart|move: Electric Terrain|[from] ability: Hadron Engine|[of] p1b: Miraidon\n|-enditem|p2b: Farigiraf|Electric Seed\n|-boost|p2b: Farigiraf|def|1|[from] item: Electric Seed\n|-activate|p2a: Miraidon|ability: Hadron Engine\n|turn|1\n|inactive|9o'clock#c03 has 30 seconds left.\n|inactive|grandmakicker99 has 30 seconds left.\n|\n|t:|1776878291\n|-terastallize|p2a: Miraidon|Fairy\n|-terastallize|p1a: Ho-Oh|Grass\n|move|p1b: Miraidon|Electro Drift|p2b: Farigiraf\n|-crit|p2b: Farigiraf\n|-damage|p2b: Farigiraf|0 fnt\n|faint|p2b: Farigiraf\n|move|p2a: Miraidon|Volt Switch|p1a: Ho-Oh\n|-resisted|p1a: Ho-Oh\n|-damage|p1a: Ho-Oh|73/100\n|\n|t:|1776878301\n|switch|p2a: Calyrex|Calyrex-Ice, L50|100/100|[from] Volt Switch\n|-ability|p2a: Calyrex|As One\n|-ability|p2a: Calyrex|Unnerve\n|move|p1a: Ho-Oh|Tailwind|p1a: Ho-Oh\n|-sidestart|p1: 9o'clock#c03|move: Tailwind\n|\n|upkeep\n|\n|t:|1776878303\n|switch|p2b: Iron Hands|Iron Hands, L50|100/100\n|-activate|p2b: Iron Hands|ability: Quark Drive\n|-start|p2b: Iron Hands|quarkdriveatk\n|turn|2\n|inactive|9o'clock#c03 has 30 seconds left.\n|\n|t:|1776878329\n|move|p2b: Iron Hands|Fake Out|p1a: Ho-Oh\n|-damage|p1a: Ho-Oh|57/100\n|move|p1b: Miraidon|Electro Drift|p2a: Calyrex\n|-damage|p2a: Calyrex|13/100\n|cant|p1a: Ho-Oh|flinch\n|move|p2a: Calyrex|Trick Room|p2a: Calyrex\n|-fieldstart|move: Trick Room|[of] p2a: Calyrex\n|\n|upkeep\n|turn|3\n|inactive|9o'clock#c03 has 30 seconds left.\n|\n|t:|1776878360\n|switch|p1b: Sinistcha|Sinistcha, L50|100/100\n|-heal|p1a: Ho-Oh|82/100|[from] ability: Hospitality|[of] p1b: Sinistcha\n|move|p2a: Calyrex|Glacial Lance|p1b: Sinistcha|[spread] p1a,p1b\n|-supereffective|p1a: Ho-Oh\n|-supereffective|p1b: Sinistcha\n|-damage|p1a: Ho-Oh|0 fnt\n|-damage|p1b: Sinistcha|0 fnt\n|faint|p1a: Ho-Oh\n|faint|p1b: Sinistcha\n|-ability|p2a: Calyrex|Chilling Neigh|boost\n|-boost|p2a: Calyrex|atk|2\n|move|p2b: Iron Hands|Drain Punch|p1: Ho-Oh|[notarget]\n|-fail|p2b: Iron Hands\n|\n|upkeep\n|inactive|9o'clock#c03 has 30 seconds left.\n|\n|t:|1776878389\n|switch|p1b: Miraidon|Miraidon, L50|100/100\n|switch|p1a: Ursaluna|Ursaluna, L50, M, shiny|100/100\n|-activate|p1b: Miraidon|ability: Hadron Engine\n|turn|4\n|\n|t:|1776878400\n|move|p1a: Ursaluna|Protect|p1a: Ursaluna\n|-singleturn|p1a: Ursaluna|Protect\n|move|p2b: Iron Hands|Drain Punch|p1a: Ursaluna\n|-activate|p1a: Ursaluna|move: Protect\n|move|p2a: Calyrex|Glacial Lance|p1a: Ursaluna|[spread] p1b\n|-activate|p1a: Ursaluna|move: Protect\n|-supereffective|p1b: Miraidon\n|-damage|p1b: Miraidon|0 fnt\n|faint|p1b: Miraidon\n|-ability|p2a: Calyrex|Chilling Neigh|boost\n|-boost|p2a: Calyrex|atk|1\n|\n|-sideend|p1: 9o'clock#c03|move: Tailwind\n|-status|p1a: Ursaluna|brn|[from] item: Flame Orb\n|upkeep\n|turn|5\n|c|\u2606grandmakicker99|ggs\n|inactive|9o'clock#c03 has 30 seconds left.\n|\n|t:|1776878429\n|move|p2b: Iron Hands|Drain Punch|p1a: Ursaluna\n|-supereffective|p1a: Ursaluna\n|-damage|p1a: Ursaluna|2/100 brn\n|move|p2a: Calyrex|Glacial Lance|p1a: Ursaluna\n|-supereffective|p1a: Ursaluna\n|-damage|p1a: Ursaluna|0 fnt\n|faint|p1a: Ursaluna\n|\n|win|grandmakicker99\n|raw|9o&apos;clock#c03's rating: 1379 &rarr; <strong>1358</strong><br />(-21 for losing)\n|raw|grandmakicker99's rating: 1368 &rarr; <strong>1389</strong><br />(+21 for winning)\n|l|\u2606grandmakicker99\n|player|p2|\n|l|\u26069o'clock#c03\n|player|p1|\n","uploadtime":1776878655,"views":9,"formatid":"gen9vgc2026regi","rating":1358,"private":0,"password":null}