{"id":"gen9vgc2026regi-2563111141","format":"[Gen 9] VGC 2026 Reg I","players":["sgcactus","TheManOfSausage"],"log":"|j|\u2606sgcactus\n|j|\u2606TheManOfSausage\n|t:|1773987524\n|gametype|doubles\n|player|p1|sgcactus|265|1373\n|player|p2|TheManOfSausage|miku-water|1457\n|gen|9\n|tier|[Gen 9] VGC 2026 Reg I\n|rated|\n|rule|Species Clause: Limit one of each Pok\u00e9mon\n|rule|Item Clause: Limit 1 of each item\n|clearpoke\n|poke|p1|Giratina, L50|\n|poke|p1|Calyrex-Shadow, L50|\n|poke|p1|Zoroark-Hisui, L50, M|\n|poke|p1|Indeedee-F, L50, F|\n|poke|p1|Iron Valiant, L50|\n|poke|p1|Grimmsnarl, L50, M|\n|poke|p2|Calyrex-Ice, L50|\n|poke|p2|Miraidon, L50|\n|poke|p2|Incineroar, L50, M|\n|poke|p2|Urshifu-*, L50, M|\n|poke|p2|Landorus, L50, M|\n|poke|p2|Grimmsnarl, L50, M|\n|teampreview|4\nTheManOfSausage has agreed to open team sheets.\n|\n|t:|1773987556\n|teamsize|p1|4\n|teamsize|p2|4\n|start\n|switch|p1a: Giratina|Giratina, L50, shiny|100/100\n|switch|p1b: Calyrex|Calyrex-Shadow, L50|100/100\n|switch|p2a: Magical Mirai|Miraidon, L50|100/100\n|switch|p2b: Ogurin|Calyrex-Ice, L50|100/100\n|-ability|p1b: Calyrex|As One\n|-ability|p1b: Calyrex|Unnerve\n|-ability|p2b: Ogurin|As One\n|-ability|p2b: Ogurin|Unnerve\n|-fieldstart|move: Electric Terrain|[from] ability: Hadron Engine|[of] p2a: Magical Mirai\n|turn|1\n|inactive|Battle timer is ON: inactive players will automatically lose when time's up. (requested by sgcactus)\n|\n|t:|1773987569\n|-terastallize|p2b: Ogurin|Water\n|move|p1b: Calyrex|Protect|p1b: Calyrex\n|-singleturn|p1b: Calyrex|Protect\n|move|p2a: Magical Mirai|Snarl|p1a: Giratina|[spread] p1a\n|-activate|p1b: Calyrex|move: Protect\n|-supereffective|p1a: Giratina\n|-damage|p1a: Giratina|82/100\n|-unboost|p1a: Giratina|spa|1\n|move|p1a: Giratina|Will-O-Wisp|p2b: Ogurin\n|-status|p2b: Ogurin|brn\n|move|p2b: Ogurin|Glacial Lance|p1b: Calyrex|[spread] p1a\n|-activate|p1b: Calyrex|move: Protect\n|-supereffective|p1a: Giratina\n|-damage|p1a: Giratina|44/100\n|\n|-damage|p2b: Ogurin|95/100 brn|[from] brn\n|upkeep\n|turn|2\n|inactive|sgcactus has 30 seconds left.\n|\n|t:|1773987595\n|-terastallize|p1b: Calyrex|Ghost\n|move|p2a: Magical Mirai|Snarl|p1b: Calyrex|[spread] p1a,p1b\n|-supereffective|p1a: Giratina\n|-supereffective|p1b: Calyrex\n|-damage|p1a: Giratina|25/100\n|-damage|p1b: Calyrex|68/100\n|-unboost|p1a: Giratina|spa|1\n|-unboost|p1b: Calyrex|spa|1\n|-enditem|p1b: Calyrex|Weakness Policy\n|-boost|p1b: Calyrex|atk|2|[from] item: Weakness Policy\n|-boost|p1b: Calyrex|spa|2|[from] item: Weakness Policy\n|move|p1b: Calyrex|Astral Barrage|p2b: Ogurin|[spread] p2a,p2b\n|-damage|p2a: Magical Mirai|16/100\n|-damage|p2b: Ogurin|31/100 brn\n|move|p1a: Giratina|Pain Split|p2a: Magical Mirai\n|-sethp|p2a: Magical Mirai|25/100|[from] move: Pain Split|[silent]\n|-sethp|p1a: Giratina|19/100|[from] move: Pain Split\n|move|p2b: Ogurin|Glacial Lance|p1b: Calyrex|[spread] p1a,p1b\n|-supereffective|p1a: Giratina\n|-damage|p1a: Giratina|0 fnt\n|-damage|p1b: Calyrex|45/100\n|faint|p1a: Giratina\n|-ability|p2b: Ogurin|Chilling Neigh|boost\n|-boost|p2b: Ogurin|atk|1\n|\n|-heal|p2b: Ogurin|37/100 brn|[from] item: Leftovers\n|-damage|p2b: Ogurin|31/100 brn|[from] brn\n|upkeep\n|\n|t:|1773987613\n|switch|p1a: Grimmsnarl|Grimmsnarl, L50, M|100/100\n|turn|3\n|\n|t:|1773987619\n|switch|p2a: Grimmsnarl|Grimmsnarl, L50, M, shiny|100/100\n|move|p2b: Ogurin|Protect|p2b: Ogurin\n|-singleturn|p2b: Ogurin|Protect\n|move|p1a: Grimmsnarl|Fake Out|p2a: Grimmsnarl\n|-damage|p2a: Grimmsnarl|89/100\n|move|p1b: Calyrex|Astral Barrage|p2a: Grimmsnarl|[spread] p2a\n|-activate|p2b: Ogurin|move: Protect\n|-resisted|p2a: Grimmsnarl\n|-damage|p2a: Grimmsnarl|50/100\n|\n|-heal|p2b: Ogurin|37/100 brn|[from] item: Leftovers\n|-damage|p2b: Ogurin|31/100 brn|[from] brn\n|upkeep\n|turn|4\n|\n|t:|1773987635\n|switch|p1a: Indeedee|Indeedee-F, L50, F|100/100\n|-fieldstart|move: Psychic Terrain|[from] ability: Psychic Surge|[of] p1a: Indeedee\n|move|p2a: Grimmsnarl|Light Screen|p2a: Grimmsnarl\n|-sidestart|p2: TheManOfSausage|move: Light Screen\n|move|p1b: Calyrex|Draining Kiss|p2a: Grimmsnarl\n|-supereffective|p2a: Grimmsnarl\n|-damage|p2a: Grimmsnarl|22/100\n|-heal|p1b: Calyrex|66/100|[from] drain|[of] p2a: Grimmsnarl\n|move|p2b: Ogurin|Glacial Lance|p1a: Indeedee|[spread] p1a,p1b\n|-damage|p1a: Indeedee|57/100\n|-damage|p1b: Calyrex|31/100\n|\n|-heal|p2b: Ogurin|37/100 brn|[from] item: Leftovers\n|-damage|p2b: Ogurin|31/100 brn|[from] brn\n|upkeep\n|turn|5\n|\n|t:|1773987657\n|switch|p2a: Incineroar|Incineroar, L50, M, shiny|100/100\n|-ability|p2a: Incineroar|Intimidate|boost\n|-unboost|p1a: Indeedee|atk|1\n|-unboost|p1b: Calyrex|atk|1\n|move|p1b: Calyrex|Draining Kiss|p2a: Incineroar\n|-damage|p2a: Incineroar|89/100\n|-heal|p1b: Calyrex|39/100|[from] drain|[of] p2a: Incineroar\n|move|p1a: Indeedee|Heal Pulse|p1b: Calyrex\n|-heal|p1b: Calyrex|89/100\n|move|p2b: Ogurin|Trick Room|p2b: Ogurin\n|-fieldstart|move: Trick Room|[of] p2b: Ogurin\n|\n|-heal|p2b: Ogurin|37/100 brn|[from] item: Leftovers\n|-damage|p2b: Ogurin|31/100 brn|[from] brn\n|upkeep\n|turn|6\n|\n|t:|1773987682\n|move|p1b: Calyrex|Protect|p1b: Calyrex\n|-singleturn|p1b: Calyrex|Protect\n|move|p2b: Ogurin|Glacial Lance|p1a: Indeedee|[spread] p1a\n|-activate|p1b: Calyrex|move: Protect\n|-damage|p1a: Indeedee|15/100\n|move|p1a: Indeedee|Charm|p2a: Incineroar\n|-unboost|p2a: Incineroar|atk|2\n|move|p2a: Incineroar|Knock Off|p1b: Calyrex\n|-activate|p1b: Calyrex|move: Protect\n|\n|-heal|p2b: Ogurin|37/100 brn|[from] item: Leftovers\n|-damage|p2b: Ogurin|31/100 brn|[from] brn\n|upkeep\n|turn|7\n|\n|t:|1773987699\n|move|p1a: Indeedee|Helping Hand|p1b: Calyrex\n|-singleturn|p1b: Calyrex|Helping Hand|[of] p1a: Indeedee\n|move|p2b: Ogurin|Glacial Lance|p1a: Indeedee|[spread] p1a,p1b\n|-damage|p1a: Indeedee|0 fnt\n|-damage|p1b: Calyrex|57/100\n|faint|p1a: Indeedee\n|-ability|p2b: Ogurin|Chilling Neigh|boost\n|-boost|p2b: Ogurin|atk|1\n|move|p2a: Incineroar|Knock Off|p1b: Calyrex\n|-supereffective|p1b: Calyrex\n|-damage|p1b: Calyrex|38/100\n|move|p1b: Calyrex|Astral Barrage|p2a: Incineroar|[spread] p2a,p2b\n|-resisted|p2a: Incineroar\n|-damage|p2a: Incineroar|62/100\n|-damage|p2b: Ogurin|0 fnt\n|faint|p2b: Ogurin\n|-ability|p1b: Calyrex|Grim Neigh|boost\n|-boost|p1b: Calyrex|spa|1\n|\n|upkeep\n|\n|t:|1773987712\n|switch|p2b: Grimmsnarl|Grimmsnarl, L50, M, shiny|22/100\n|switch|p1a: Grimmsnarl|Grimmsnarl, L50, M|100/100\n|turn|8\n|\n|t:|1773987722\n|move|p1b: Calyrex|Protect|p1b: Calyrex\n|-singleturn|p1b: Calyrex|Protect\n|move|p1a: Grimmsnarl|Reflect|p1a: Grimmsnarl\n|-sidestart|p1: sgcactus|Reflect\n|move|p2b: Grimmsnarl|Spirit Break|p1a: Grimmsnarl\n|-supereffective|p1a: Grimmsnarl\n|-damage|p1a: Grimmsnarl|58/100\n|-unboost|p1a: Grimmsnarl|spa|1\n|move|p2a: Incineroar|U-turn|p1a: Grimmsnarl\n|-damage|p1a: Grimmsnarl|52/100\n|\n|t:|1773987729\n|switch|p2a: Magical Mirai|Miraidon, L50|25/100|[from] U-turn\n|-fieldstart|move: Electric Terrain|[from] ability: Hadron Engine|[of] p2a: Magical Mirai\n|\n|upkeep\n|turn|9\n|\n|t:|1773987740\n|switch|p2a: Incineroar|Incineroar, L50, M, shiny|62/100\n|-ability|p2a: Incineroar|Intimidate|boost\n|-unboost|p1a: Grimmsnarl|atk|1\n|-unboost|p1b: Calyrex|atk|1\n|move|p1a: Grimmsnarl|Light Screen|p1a: Grimmsnarl\n|-sidestart|p1: sgcactus|move: Light Screen\n|move|p2b: Grimmsnarl|Spirit Break|p1a: Grimmsnarl\n|-supereffective|p1a: Grimmsnarl\n|-damage|p1a: Grimmsnarl|12/100\n|-unboost|p1a: Grimmsnarl|spa|1\n|move|p1b: Calyrex|Draining Kiss|p2a: Incineroar\n|-damage|p2a: Incineroar|47/100\n|-heal|p1b: Calyrex|49/100|[from] drain|[of] p2a: Incineroar\n|\n|-fieldend|move: Trick Room\n|upkeep\n|turn|10\n|\n|t:|1773987759\n|move|p2a: Incineroar|Fake Out|p1a: Grimmsnarl\n|-damage|p1a: Grimmsnarl|5/100\n|cant|p1a: Grimmsnarl|flinch\n|move|p1b: Calyrex|Draining Kiss|p2b: Grimmsnarl\n|-supereffective|p2b: Grimmsnarl\n|-damage|p2b: Grimmsnarl|0 fnt\n|-heal|p1b: Calyrex|64/100|[from] drain|[of] p2b: Grimmsnarl\n|faint|p2b: Grimmsnarl\n|-ability|p1b: Calyrex|Grim Neigh|boost\n|-boost|p1b: Calyrex|spa|1\n|\n|upkeep\n|\n|t:|1773987761\n|switch|p2b: Magical Mirai|Miraidon, L50|25/100\n|-activate|p2b: Magical Mirai|ability: Hadron Engine\n|turn|11\n|\n|t:|1773987776\n|move|p1a: Grimmsnarl|Parting Shot|p2b: Magical Mirai\n|-unboost|p2b: Magical Mirai|atk|1\n|-unboost|p2b: Magical Mirai|spa|1\n|move|p2b: Magical Mirai|Electro Drift|p1b: Calyrex\n|-damage|p1b: Calyrex|28/100\n|move|p1b: Calyrex|Draining Kiss|p2b: Magical Mirai\n|-supereffective|p2b: Magical Mirai\n|-damage|p2b: Magical Mirai|0 fnt\n|-heal|p1b: Calyrex|45/100|[from] drain|[of] p2b: Magical Mirai\n|faint|p2b: Magical Mirai\n|-ability|p1b: Calyrex|Grim Neigh|boost\n|-boost|p1b: Calyrex|spa|1\n|move|p2a: Incineroar|Knock Off|p1a: Grimmsnarl\n|-resisted|p1a: Grimmsnarl\n|-damage|p1a: Grimmsnarl|0 fnt\n|-enditem|p1a: Grimmsnarl|Light Clay|[from] move: Knock Off|[of] p2a: Incineroar\n|faint|p1a: Grimmsnarl\n|\n|-sideend|p2: TheManOfSausage|move: Light Screen\n|upkeep\n|turn|12\n|\n|t:|1773987795\n|move|p1b: Calyrex|Draining Kiss|p2a: Incineroar\n|-damage|p2a: Incineroar|11/100\n|-heal|p1b: Calyrex|70/100|[from] drain|[of] p2a: Incineroar\n|move|p2a: Incineroar|Knock Off|p1b: Calyrex\n|-supereffective|p1b: Calyrex\n|-damage|p1b: Calyrex|41/100\n|\n|-fieldend|move: Electric Terrain\n|upkeep\n|turn|13\n|c|\u2606TheManOfSausage|gg\n|-message|TheManOfSausage forfeited.\n|\n|win|sgcactus\n|raw|sgcactus's rating: 1373 &rarr; <strong>1398</strong><br />(+25 for winning)\n|raw|TheManOfSausage's rating: 1457 &rarr; <strong>1432</strong><br />(-25 for losing)\n|l|\u2606TheManOfSausage\n|player|p2|\n|c|\u2606sgcactus|gg\n|l|\u2606sgcactus\n|player|p1|\n","uploadtime":1773988035,"views":13,"formatid":"gen9vgc2026regi","rating":1398,"private":0,"password":null}