{"id":"gen9vgc2026regi-2556761383","format":"[Gen 9] VGC 2026 Reg I","players":["meh is good","xiaoliyunVGC"],"log":"|j|\u2606meh is good\n|j|\u2606xiaoliyunVGC\n|t:|1773246592\n|gametype|doubles\n|player|p1|meh is good|flannery|1469\n|player|p2|xiaoliyunVGC|liko|1390\n|gen|9\n|tier|[Gen 9] VGC 2026 Reg I\n|rated|\n|rule|Species Clause: Limit one of each Pok\u00e9mon\n|rule|Item Clause: Limit 1 of each item\n|clearpoke\n|poke|p1|Miraidon, L50|\n|poke|p1|Lunala, L50|\n|poke|p1|Ursaluna, L50, M|\n|poke|p1|Urshifu-*, L50, M|\n|poke|p1|Incineroar, L50, F|\n|poke|p1|Hatterene, L50, F|\n|poke|p2|Zamazenta-*, L50|\n|poke|p2|Kyogre, L50|\n|poke|p2|Raichu, L50, F|\n|poke|p2|Flutter Mane, L50|\n|poke|p2|Tornadus, L50, M|\n|poke|p2|Urshifu-*, L50, F|\n|teampreview|4\n|inactive|Battle timer is ON: inactive players will automatically lose when time's up. (requested by meh is good)\n|inactive|xiaoliyunVGC also wants the timer to be on.\n|\n|t:|1773246622\n|teamsize|p1|4\n|teamsize|p2|4\n|start\n|switch|p1a: Lunala|Lunala, L50, shiny|100/100\n|switch|p1b: Incineroar|Incineroar, L50, F|100/100\n|switch|p2a: Zamazenta|Zamazenta-Crowned, L50, shiny|100/100\n|switch|p2b: Flutter Mane|Flutter Mane, L50, shiny|100/100\n|-ability|p2a: Zamazenta|Dauntless Shield|boost\n|-boost|p2a: Zamazenta|def|1\n|-ability|p1b: Incineroar|Intimidate|boost\n|-unboost|p2a: Zamazenta|atk|1\n|-unboost|p2b: Flutter Mane|atk|1\n|-enditem|p2b: Flutter Mane|Booster Energy\n|-activate|p2b: Flutter Mane|ability: Protosynthesis|[fromitem]\n|-start|p2b: Flutter Mane|protosynthesisspe\n|turn|1\n|\n|t:|1773246632\n|-terastallize|p1a: Lunala|Fairy\n|move|p2a: Zamazenta|Protect|p2a: Zamazenta\n|-singleturn|p2a: Zamazenta|Protect\n|move|p2b: Flutter Mane|Taunt|p1a: Lunala\n|-start|p1a: Lunala|move: Taunt\n|move|p1b: Incineroar|Flare Blitz|p2b: Flutter Mane\n|-damage|p2b: Flutter Mane|0 fnt\n|faint|p2b: Flutter Mane\n|-end|p2b: Flutter Mane|Protosynthesis|[silent]\n|-damage|p1b: Incineroar|78/100|[from] Recoil\n|cant|p1a: Lunala|move: Taunt|Trick Room\n|\n|upkeep\n|\n|t:|1773246640\n|switch|p2b: Urshifu|Urshifu, L50, F|100/100\n|turn|2\n|\n|t:|1773246650\n|switch|p1b: Miraidon|Miraidon, L50|100/100\n|-fieldstart|move: Electric Terrain|[from] ability: Hadron Engine|[of] p1b: Miraidon\n|-enditem|p1a: Lunala|Electric Seed\n|-boost|p1a: Lunala|def|1|[from] item: Electric Seed\n|-terastallize|p2b: Urshifu|Steel\n|move|p2a: Zamazenta|Body Press|p1b: Miraidon\n|-damage|p1b: Miraidon|43/100\n|move|p2b: Urshifu|Iron Head|p1a: Lunala\n|-supereffective|p1a: Lunala\n|-damage|p1a: Lunala|64/100\n|cant|p1a: Lunala|flinch\n|\n|upkeep\n|turn|3\n|\n|t:|1773246674\n|switch|p2b: Raichu|Raichu, L50, F, shiny|100/100\n|move|p1b: Miraidon|Volt Switch|p2b: Raichu\n|-ability|p2b: Raichu|Lightning Rod|boost\n|-boost|p2b: Raichu|spa|1\n|move|p2a: Zamazenta|Body Press|p1b: Miraidon\n|-damage|p1b: Miraidon|0 fnt\n|faint|p1b: Miraidon\n|move|p1a: Lunala|Moongeist Beam|p2b: Raichu\n|-damage|p2b: Raichu|26/100\n|\n|-end|p1a: Lunala|move: Taunt\n|upkeep\n|\n|t:|1773246682\n|switch|p1b: Incineroar|Incineroar, L50, F|78/100\n|-ability|p1b: Incineroar|Intimidate|boost\n|-unboost|p2a: Zamazenta|atk|1\n|-unboost|p2b: Raichu|atk|1\n|turn|4\n|\n|t:|1773246693\n|move|p2b: Raichu|Fake Out|p1a: Lunala\n|-damage|p1a: Lunala|61/100\n|move|p1b: Incineroar|Fake Out|p2a: Zamazenta\n|-resisted|p2a: Zamazenta\n|-damage|p2a: Zamazenta|98/100\n|cant|p2a: Zamazenta|flinch\n|cant|p1a: Lunala|flinch\n|\n|upkeep\n|turn|5\n|inactive|xiaoliyunVGC has 30 seconds left.\n|\n|t:|1773246722\n|switch|p1b: Hatterene|Hatterene, L50, F, shiny|100/100\n|move|p2b: Raichu|Nuzzle|p1a: Lunala\n|-damage|p1a: Lunala|57/100\n|-status|p1a: Lunala|par\n|move|p2a: Zamazenta|Body Press|p1b: Hatterene\n|-resisted|p1b: Hatterene\n|-damage|p1b: Hatterene|81/100\n|move|p1a: Lunala|Trick Room|p1a: Lunala\n|-fieldstart|move: Trick Room|[of] p1a: Lunala\n|\n|upkeep\n|turn|6\n|\n|t:|1773246739\n|move|p2b: Raichu|Helping Hand|p2a: Zamazenta\n|-singleturn|p2a: Zamazenta|Helping Hand|[of] p2b: Raichu\n|move|p1b: Hatterene|Psychic|p2a: Zamazenta\n|-damage|p2a: Zamazenta|61/100\n|move|p1a: Lunala|Moongeist Beam|p2b: Raichu\n|-damage|p2b: Raichu|0 fnt\n|faint|p2b: Raichu\n|move|p2a: Zamazenta|Behemoth Bash|p1b: Hatterene\n|-supereffective|p1b: Hatterene\n|-damage|p1b: Hatterene|10/100\n|\n|-fieldend|move: Electric Terrain\n|upkeep\n|\n|t:|1773246751\n|switch|p2b: Urshifu|Urshifu, L50, F, tera:Steel|100/100\n|turn|7\n|\n|t:|1773246765\n|move|p2a: Zamazenta|Protect|p2a: Zamazenta\n|-singleturn|p2a: Zamazenta|Protect\n|move|p1b: Hatterene|Psychic|p2a: Zamazenta\n|-activate|p2a: Zamazenta|move: Protect\n|cant|p1a: Lunala|par\n|move|p2b: Urshifu|Iron Head|p1a: Lunala\n|-supereffective|p1a: Lunala\n|-damage|p1a: Lunala|0 fnt\n|faint|p1a: Lunala\n|\n|upkeep\n|\n|t:|1773246767\n|switch|p1a: Incineroar|Incineroar, L50, F|78/100\n|-ability|p1a: Incineroar|Intimidate|boost\n|-unboost|p2a: Zamazenta|atk|1\n|-unboost|p2b: Urshifu|atk|1\n|turn|8\n|\n|t:|1773246781\n|move|p1b: Hatterene|Psychic|p2a: Zamazenta\n|-damage|p2a: Zamazenta|29/100\n|-unboost|p2a: Zamazenta|spd|1\n|move|p1a: Incineroar|Flare Blitz|p2b: Urshifu\n|-supereffective|p2b: Urshifu\n|-damage|p2b: Urshifu|0 fnt\n|faint|p2b: Urshifu\n|-damage|p1a: Incineroar|48/100|[from] Recoil\n|move|p2a: Zamazenta|Body Press|p1a: Incineroar\n|-supereffective|p1a: Incineroar\n|-damage|p1a: Incineroar|0 fnt\n|faint|p1a: Incineroar\n|\n|upkeep\n|turn|9\n|\n|t:|1773246791\n|move|p2a: Zamazenta|Protect|p2a: Zamazenta\n|-singleturn|p2a: Zamazenta|Protect\n|move|p1b: Hatterene|Psychic|p2a: Zamazenta\n|-activate|p2a: Zamazenta|move: Protect\n|\n|-fieldend|move: Trick Room\n|upkeep\n|turn|10\n|\n|t:|1773246795\n|move|p2a: Zamazenta|Behemoth Bash|p1b: Hatterene\n|-supereffective|p1b: Hatterene\n|-damage|p1b: Hatterene|0 fnt\n|faint|p1b: Hatterene\n|\n|win|xiaoliyunVGC\n|raw|meh is good's rating: 1469 &rarr; <strong>1445</strong><br />(-24 for losing)\n|raw|xiaoliyunVGC's rating: 1390 &rarr; <strong>1414</strong><br />(+24 for winning)\n|l|\u2606meh is good\n|player|p1|\n|l|\u2606xiaoliyunVGC\n|player|p2|\n","uploadtime":1773247050,"views":17,"formatid":"gen9vgc2026regi","rating":1414,"private":0,"password":null}