{"id":"gen9vgc2026regi-2533936933","format":"[Gen 9] VGC 2026 Reg I","players":["xinshouok","kojimuranishi"],"log":"|j|\u2606xinshouok\n|j|\u2606kojimuranishi\n|t:|1770363608\n|gametype|doubles\n|player|p1|xinshouok|lucas|1390\n|player|p2|kojimuranishi|102|1577\n|gen|9\n|tier|[Gen 9] VGC 2026 Reg I\n|rated|\n|rule|Species Clause: Limit one of each Pok\u00e9mon\n|rule|Item Clause: Limit 1 of each item\n|clearpoke\n|poke|p1|Wo-Chien, L50|\n|poke|p1|Kyogre, L50|\n|poke|p1|Incineroar, L50, M|\n|poke|p1|Calyrex-Shadow, L50|\n|poke|p1|Urshifu-*, L50, M|\n|poke|p1|Tornadus, L50, M|\n|poke|p2|Whimsicott, L50, M|\n|poke|p2|Calyrex-Ice, L50|\n|poke|p2|Chi-Yu, L50|\n|poke|p2|Miraidon, L50|\n|poke|p2|Landorus, L50, M|\n|poke|p2|Ogerpon-Cornerstone, L50, F|\n|teampreview|4\n|inactive|Battle timer is ON: inactive players will automatically lose when time's up. (requested by xinshouok)\n|\n|t:|1770363633\n|teamsize|p1|4\n|teamsize|p2|4\n|start\n|switch|p1a: Wo-Chien|Wo-Chien, L50|100/100\n|switch|p1b: Incineroar|Incineroar, L50, M|100/100\n|switch|p2a: Miraidon|Miraidon, L50|100/100\n|switch|p2b: Landorus|Landorus, L50, M|100/100\n|-fieldstart|move: Electric Terrain|[from] ability: Hadron Engine|[of] p2a: Miraidon\n|-ability|p1a: Wo-Chien|Tablets of Ruin\n|-ability|p1b: Incineroar|Intimidate|boost\n|-unboost|p2a: Miraidon|atk|1\n|-unboost|p2b: Landorus|atk|1\n|turn|1\n|\n|t:|1770363651\n|move|p1b: Incineroar|Fake Out|p2b: Landorus\n|-damage|p2b: Landorus|91/100\n|move|p2a: Miraidon|Volt Switch|p1b: Incineroar\n|-damage|p1b: Incineroar|41/100\n|\n|t:|1770363656\n|switch|p2a: Calyrex|Calyrex-Ice, L50|100/100|[from] Volt Switch\n|-ability|p2a: Calyrex|As One\n|-ability|p2a: Calyrex|Unnerve\n|cant|p2b: Landorus|flinch\n|move|p1a: Wo-Chien|Leech Seed|p2a: Calyrex\n|-start|p2a: Calyrex|move: Leech Seed\n|\n|-damage|p2a: Calyrex|88/100|[from] Leech Seed|[of] p1a: Wo-Chien\n|upkeep\n|turn|2\n|inactive|xinshouok has 30 seconds left.\n|inactive|xinshouok has 20 seconds left.\n|\n|t:|1770363695\n|switch|p2b: Whimsicott|Whimsicott, L50, M|100/100\n|move|p1a: Wo-Chien|Protect|p1a: Wo-Chien\n|-singleturn|p1a: Wo-Chien|Protect\n|move|p2a: Calyrex|High Horsepower|p1b: Incineroar\n|-supereffective|p1b: Incineroar\n|-damage|p1b: Incineroar|0 fnt\n|-damage|p2a: Calyrex|72/100|[from] item: Rocky Helmet|[of] p1b: Incineroar\n|faint|p1b: Incineroar\n|-ability|p2a: Calyrex|Chilling Neigh|boost\n|-boost|p2a: Calyrex|atk|1\n|\n|-damage|p2a: Calyrex|59/100|[from] Leech Seed|[of] p1a: Wo-Chien\n|upkeep\n|\n|t:|1770363715\n|switch|p1b: Calyrex|Calyrex-Shadow, L50|100/100\n|-ability|p1b: Calyrex|As One\n|-ability|p1b: Calyrex|Unnerve\n|turn|3\n|\n|t:|1770363725\n|switch|p1a: Kyogre|Kyogre, L50|100/100\n|-weather|RainDance|[from] ability: Drizzle|[of] p1a: Kyogre\n|move|p2b: Whimsicott|Tailwind|p2b: Whimsicott\n|-sidestart|p2: kojimuranishi|move: Tailwind\n|move|p2a: Calyrex|High Horsepower|p1b: Calyrex\n|-enditem|p1b: Calyrex|Focus Sash\n|-damage|p1b: Calyrex|1/100\n|move|p1b: Calyrex|Astral Barrage|p2b: Whimsicott|[spread] p2a,p2b\n|-supereffective|p2a: Calyrex\n|-damage|p2a: Calyrex|0 fnt\n|-damage|p2b: Whimsicott|16/100\n|faint|p2a: Calyrex\n|-ability|p1b: Calyrex|Grim Neigh|boost\n|-boost|p1b: Calyrex|spa|1\n|\n|-weather|RainDance|[upkeep]\n|upkeep\n|\n|t:|1770363743\n|switch|p2a: Landorus|Landorus, L50, M|91/100\n|turn|4\n|\n|t:|1770363757\n|-terastallize|p2a: Landorus|Water\n|-terastallize|p1a: Kyogre|Grass\n|move|p2b: Whimsicott|Moonblast|p1a: Kyogre\n|-damage|p1a: Kyogre|83/100\n|move|p2a: Landorus|Sandsear Storm|p1a: Kyogre|[spread] p1a,p1b\n|-resisted|p1a: Kyogre\n|-damage|p1a: Kyogre|70/100\n|-damage|p1b: Calyrex|0 fnt\n|faint|p1b: Calyrex\n|move|p1a: Kyogre|Water Spout|p2b: Whimsicott|[spread] p2a,p2b\n|-resisted|p2a: Landorus\n|-resisted|p2b: Whimsicott\n|-crit|p2b: Whimsicott\n|-damage|p2a: Landorus|47/100\n|-damage|p2b: Whimsicott|0 fnt\n|faint|p2b: Whimsicott\n|\n|-weather|RainDance|[upkeep]\n|upkeep\n|\n|t:|1770363771\n|switch|p1b: Wo-Chien|Wo-Chien, L50|100/100\n|switch|p2b: Miraidon|Miraidon, L50|100/100\n|-activate|p2b: Miraidon|ability: Hadron Engine\n|-ability|p1b: Wo-Chien|Tablets of Ruin\n|turn|5\n|\n|t:|1770363785\n|move|p2b: Miraidon|Draco Meteor|p1a: Kyogre|[miss]\n|-miss|p2b: Miraidon|p1a: Kyogre\n|move|p2a: Landorus|Sludge Bomb|p1a: Kyogre\n|-supereffective|p1a: Kyogre\n|-damage|p1a: Kyogre|23/100\n|move|p1a: Kyogre|Thunder|p2a: Landorus\n|-supereffective|p2a: Landorus\n|-damage|p2a: Landorus|0 fnt\n|faint|p2a: Landorus\n|move|p1b: Wo-Chien|Leech Seed|p2b: Miraidon\n|-start|p2b: Miraidon|move: Leech Seed\n|\n|-weather|RainDance|[upkeep]\n|-damage|p2b: Miraidon|88/100|[from] Leech Seed|[of] p1b: Wo-Chien\n|-fieldend|move: Electric Terrain\n|upkeep\n|turn|6\n|\n|t:|1770363809\n|move|p2b: Miraidon|Draco Meteor|p1a: Kyogre|[miss]\n|-miss|p2b: Miraidon|p1a: Kyogre\n|move|p1a: Kyogre|Hydro Pump|p2b: Miraidon\n|-resisted|p2b: Miraidon\n|-damage|p2b: Miraidon|45/100\n|move|p1b: Wo-Chien|Ruination|p2b: Miraidon\n|-damage|p2b: Miraidon|23/100\n|\n|-weather|RainDance|[upkeep]\n|-damage|p2b: Miraidon|11/100|[from] Leech Seed|[of] p1b: Wo-Chien\n|-sideend|p2: kojimuranishi|move: Tailwind\n|upkeep\n|turn|7\n|\n|t:|1770363825\n|move|p2b: Miraidon|Draco Meteor|p1a: Kyogre\n|-damage|p1a: Kyogre|0 fnt\n|-unboost|p2b: Miraidon|spa|2\n|faint|p1a: Kyogre\n|move|p1b: Wo-Chien|Foul Play|p1: Kyogre|[notarget]\n|-fail|p1b: Wo-Chien\n|\n|-weather|none\n|-damage|p2b: Miraidon|0 fnt|[from] Leech Seed|[of] p1b: Wo-Chien\n|faint|p2b: Miraidon\n|\n|win|xinshouok\n|raw|xinshouok's rating: 1390 &rarr; <strong>1420</strong><br />(+30 for winning)\n|raw|kojimuranishi's rating: 1577 &rarr; <strong>1547</strong><br />(-30 for losing)\n|l|\u2606xinshouok\n|player|p1|\n|l|\u2606kojimuranishi\n|player|p2|\n","uploadtime":1770363970,"views":19,"formatid":"gen9vgc2026regi","rating":1420,"private":0,"password":null}