{"id":"gen9vgc2026regi-2578336233","format":"[Gen 9] VGC 2026 Reg I","players":["buggybrain","bbqsus"],"log":"|j|\u2606buggybrain\n|j|\u2606bbqsus\n|t:|1775669504\n|gametype|doubles\n|player|p1|buggybrain|hiker-gen4|1588\n|player|p2|bbqsus|brycenman|1524\n|gen|9\n|tier|[Gen 9] VGC 2026 Reg I\n|rated|\n|rule|Species Clause: Limit one of each Pok\u00e9mon\n|rule|Item Clause: Limit 1 of each item\n|clearpoke\n|poke|p1|Chien-Pao, L50|\n|poke|p1|Zacian-*, L50|\n|poke|p1|Kyogre, L50|\n|poke|p1|Urshifu-*, L50, M|\n|poke|p1|Roaring Moon, L50|\n|poke|p1|Amoonguss, L50, M|\n|poke|p2|Calyrex-Shadow, L50|\n|poke|p2|Smeargle, L50, F|\n|poke|p2|Torkoal, L50, F|\n|poke|p2|Flamigo, L50, M|\n|poke|p2|Dialga-Origin, L50|\n|poke|p2|Muk-Alola, L50, F|\n|teampreview|4\n|inactive|Battle timer is ON: inactive players will automatically lose when time's up. (requested by bbqsus)\n|inactive|buggybrain has 60 seconds left.\n|\n|t:|1775669550\n|teamsize|p1|4\n|teamsize|p2|4\n|start\n|switch|p1a: Vulcan|Urshifu-Rapid-Strike, L50, M|100/100\n|switch|p1b: METAVISION|Amoonguss, L50, M, shiny|100/100\n|switch|p2a: Smeargle|Smeargle, L50, F, shiny|100/100\n|switch|p2b: Muk|Muk-Alola, L50, F, shiny|100/100\n|turn|1\n|\n|t:|1775669559\n|-terastallize|p2b: Muk|Grass\n|move|p1a: Vulcan|Surging Strikes|p2a: Smeargle\n|-crit|p2a: Smeargle\n|-damage|p2a: Smeargle|46/100\n|-crit|p2a: Smeargle\n|-damage|p2a: Smeargle|0 fnt\n|faint|p2a: Smeargle\n|-ability|p2b: Muk|Moody|Power of Alchemy|[from] ability: Power of Alchemy|[of] p2a: Smeargle\n|-hitcount|p2: Smeargle|2\n|move|p2b: Muk|Minimize|p2b: Muk\n|-boost|p2b: Muk|evasion|2\n|move|p1b: METAVISION|Spore|p2b: Muk\n|-immune|p2b: Muk\n|\n|-ability|p2b: Muk|Moody|boost\n|-boost|p2b: Muk|spa|2\n|-unboost|p2b: Muk|def|1\n|upkeep\n|\n|t:|1775669570\n|switch|p2a: Flamigo|Flamigo, L50, M, shiny|100/100\n|-copyboost|p2a: Flamigo|p2b: Muk|[from] ability: Costar\n|-enditem|p2a: Flamigo|White Herb\n|-clearnegativeboost|p2a: Flamigo|[silent]\n|turn|2\n|\n|t:|1775669584\n|-terastallize|p1b: METAVISION|Water\n|move|p1b: METAVISION|Rage Powder|p1b: METAVISION\n|-singleturn|p1b: METAVISION|move: Rage Powder\n|move|p2a: Flamigo|Tailwind|p2a: Flamigo\n|-sidestart|p2: bbqsus|move: Tailwind\n|move|p2b: Muk|Minimize|p2b: Muk\n|-boost|p2b: Muk|evasion|2\n|move|p1a: Vulcan|Surging Strikes|p2a: Flamigo|[miss]\n|-miss|p1a: Vulcan|p2a: Flamigo\n|\n|-ability|p2b: Muk|Moody|boost\n|-boost|p2b: Muk|spa|2\n|-unboost|p2b: Muk|spd|1\n|upkeep\n|turn|3\n|\n|t:|1775669597\n|move|p1b: METAVISION|Rage Powder|p1b: METAVISION\n|-singleturn|p1b: METAVISION|move: Rage Powder\n|move|p2a: Flamigo|Brave Bird|p1b: METAVISION\n|-damage|p1b: METAVISION|55/100\n|-damage|p2a: Flamigo|84/100|[from] item: Rocky Helmet|[of] p1b: METAVISION\n|-damage|p2a: Flamigo|63/100|[from] Recoil\n|move|p2b: Muk|Minimize|p2b: Muk\n|-boost|p2b: Muk|evasion|2\n|move|p1a: Vulcan|Surging Strikes|p2a: Flamigo\n|-crit|p2a: Flamigo\n|-damage|p2a: Flamigo|30/100\n|-crit|p2a: Flamigo\n|-damage|p2a: Flamigo|0 fnt\n|faint|p2a: Flamigo\n|-hitcount|p2: Flamigo|2\n|\n|-ability|p2b: Muk|Moody|boost\n|-boost|p2b: Muk|spa|2\n|-unboost|p2b: Muk|atk|1\n|upkeep\n|\n|t:|1775669608\n|switch|p2a: Calyrex|Calyrex-Shadow, L50|100/100\n|-ability|p2a: Calyrex|As One\n|-ability|p2a: Calyrex|Unnerve\n|turn|4\n|\n|t:|1775669623\n|move|p2a: Calyrex|Astral Barrage|p1a: Vulcan|[spread] p1a,p1b\n|-damage|p1a: Vulcan|26/100\n|-damage|p1b: METAVISION|4/100\n|move|p1a: Vulcan|Surging Strikes|p2a: Calyrex\n|-crit|p2a: Calyrex\n|-damage|p2a: Calyrex|70/100\n|-crit|p2a: Calyrex\n|-damage|p2a: Calyrex|37/100\n|-crit|p2a: Calyrex\n|-damage|p2a: Calyrex|6/100\n|-hitcount|p2a: Calyrex|3\n|move|p2b: Muk|Toxic|p1b: METAVISION|[miss]\n|-miss|p2b: Muk|p1b: METAVISION\n|move|p1b: METAVISION|Spore|p2a: Calyrex\n|-status|p2a: Calyrex|slp|[from] move: Spore\n|\n|-ability|p2b: Muk|Moody|boost\n|-boost|p2b: Muk|atk|2\n|-unboost|p2b: Muk|spa|1\n|upkeep\n|turn|5\n|\n|t:|1775669644\n|move|p1a: Vulcan|Aqua Jet|p2a: Calyrex\n|-damage|p2a: Calyrex|0 fnt\n|faint|p2a: Calyrex\n|move|p2b: Muk|Knock Off|p1a: Vulcan\n|-resisted|p1a: Vulcan\n|-damage|p1a: Vulcan|2/100\n|-enditem|p1a: Vulcan|Mystic Water|[from] move: Knock Off|[of] p2b: Muk\n|move|p1b: METAVISION|Pollen Puff|p1a: Vulcan\n|-heal|p1a: Vulcan|52/100\n|\n|-sideend|p2: bbqsus|move: Tailwind\n|-ability|p2b: Muk|Moody|boost\n|-boost|p2b: Muk|atk|2\n|-unboost|p2b: Muk|spd|1\n|upkeep\n|turn|6\n|\n|t:|1775669654\n|move|p1a: Vulcan|Taunt|p2b: Muk\n|-start|p2b: Muk|move: Taunt\n|cant|p2b: Muk|move: Taunt|Toxic\n|move|p1b: METAVISION|Pollen Puff|p1a: Vulcan\n|-heal|p1a: Vulcan|100/100\n|\n|-ability|p2b: Muk|Moody|boost\n|-boost|p2b: Muk|def|2\n|-unboost|p2b: Muk|spd|1\n|upkeep\n|turn|7\n|c|\u2606buggybrain|odd move to land\n|inactive|buggybrain has 30 seconds left.\n|\n|t:|1775669682\n|switch|p1b: Prince|Zacian-Crowned, L50, shiny|100/100\n|-ability|p1b: Prince|Intrepid Sword|boost\n|-boost|p1b: Prince|atk|1\n|move|p1a: Vulcan|Surging Strikes|p2b: Muk|[miss]\n|-miss|p1a: Vulcan|p2b: Muk\n|move|p2b: Muk|Knock Off|p1b: Prince\n|-resisted|p1b: Prince\n|-damage|p1b: Prince|74/100\n|\n|-ability|p2b: Muk|Moody|boost\n|-boost|p2b: Muk|atk|2\n|-unboost|p2b: Muk|spd|1\n|upkeep\n|turn|8\n|\n|t:|1775669694\n|move|p1b: Prince|Behemoth Blade|p2b: Muk|[miss]\n|-miss|p1b: Prince|p2b: Muk\n|move|p1a: Vulcan|Surging Strikes|p2b: Muk\n|-resisted|p2b: Muk\n|-crit|p2b: Muk\n|-damage|p2b: Muk|90/100\n|-resisted|p2b: Muk\n|-crit|p2b: Muk\n|-damage|p2b: Muk|78/100\n|-resisted|p2b: Muk\n|-crit|p2b: Muk\n|-damage|p2b: Muk|67/100\n|-hitcount|p2b: Muk|3\n|move|p2b: Muk|Knock Off|p1b: Prince\n|-resisted|p1b: Prince\n|-damage|p1b: Prince|38/100\n|\n|-heal|p2b: Muk|73/100|[from] item: Leftovers\n|-end|p2b: Muk|move: Taunt\n|-ability|p2b: Muk|Moody|boost\n|-boost|p2b: Muk|spd|2\n|-unboost|p2b: Muk|def|1\n|upkeep\n|turn|9\n|\n|t:|1775669709\n|move|p1b: Prince|Behemoth Blade|p2b: Muk\n|-damage|p2b: Muk|0 fnt\n|faint|p2b: Muk\n|\n|win|buggybrain\n|raw|buggybrain's rating: 1588 &rarr; <strong>1604</strong><br />(+16 for winning)\n|raw|bbqsus's rating: 1524 &rarr; <strong>1508</strong><br />(-16 for losing)\n|l|\u2606bbqsus\n|player|p2|\n|l|\u2606buggybrain\n|player|p1|\n","uploadtime":1775669929,"views":9,"formatid":"gen9vgc2026regi","rating":1508,"private":0,"password":null}