{"id":"gen9vgc2026regi-2577976750","format":"[Gen 9] VGC 2026 Reg I","players":["quisiimo","Tusuk"],"log":"|j|\u2606quisiimo\n|j|\u2606Tusuk\n|t:|1775629626\n|gametype|doubles\n|player|p1|quisiimo|265|1402\n|player|p2|Tusuk|bellelba|1374\n|gen|9\n|tier|[Gen 9] VGC 2026 Reg I\n|rated|\n|rule|Species Clause: Limit one of each Pok\u00e9mon\n|rule|Item Clause: Limit 1 of each item\n|clearpoke\n|poke|p1|Calyrex-Shadow, L50|\n|poke|p1|Zamazenta-*, L50|\n|poke|p1|Ursaluna, L50, M|\n|poke|p1|Incineroar, L50, M|\n|poke|p1|Urshifu-*, L50, M|\n|poke|p1|Raging Bolt, L50|\n|poke|p2|Calyrex-Ice, L50|\n|poke|p2|Scraggy, L50, M|\n|poke|p2|Miraidon, L50|\n|poke|p2|Farigiraf, L50, F|\n|poke|p2|Iron Treads, L50|\n|poke|p2|Iron Hands, L50|\n|teampreview|4\n|inactive|Battle timer is ON: inactive players will automatically lose when time's up. (requested by Tusuk)\n|inactive|Tusuk has 60 seconds left.\n|\n|t:|1775629670\n|teamsize|p1|4\n|teamsize|p2|4\n|start\n|switch|p1a: Calyrex|Calyrex-Shadow, L50|100/100\n|switch|p1b: Raging Bolt|Raging Bolt, L50|100/100\n|switch|p2a: Miraidon|Miraidon, L50|100/100\n|switch|p2b: Farigiraf|Farigiraf, L50, F|100/100\n|-ability|p1a: Calyrex|As One\n|-ability|p1a: Calyrex|Unnerve\n|-fieldstart|move: Electric Terrain|[from] ability: Hadron Engine|[of] p2a: Miraidon\n|-enditem|p2b: Farigiraf|Electric Seed\n|-boost|p2b: Farigiraf|def|1|[from] item: Electric Seed\n|-enditem|p1b: Raging Bolt|Booster Energy\n|-activate|p1b: Raging Bolt|ability: Protosynthesis|[fromitem]\n|-start|p1b: Raging Bolt|protosynthesisspa\n|turn|1\n|inactive|quisiimo has 30 seconds left.\n|inactive|Tusuk has 30 seconds left.\n|inactive|quisiimo has 20 seconds left.\n|inactive|quisiimo has 15 seconds left.\n|\n|t:|1775629714\n|switch|p1a: Ursaluna|Ursaluna, L50, M, shiny|100/100\n|move|p2a: Miraidon|Draco Meteor|p1b: Raging Bolt\n|-supereffective|p1b: Raging Bolt\n|-damage|p1b: Raging Bolt|0 fnt\n|-unboost|p2a: Miraidon|spa|2\n|faint|p1b: Raging Bolt\n|-end|p1b: Raging Bolt|Protosynthesis|[silent]\n|move|p2b: Farigiraf|Trick Room|p2b: Farigiraf\n|-fieldstart|move: Trick Room|[of] p2b: Farigiraf\n|\n|-status|p1a: Ursaluna|brn|[from] item: Flame Orb\n|upkeep\n|\n|t:|1775629728\n|switch|p1b: Zamazenta|Zamazenta-Crowned, L50, shiny|100/100\n|-ability|p1b: Zamazenta|Dauntless Shield|boost\n|-boost|p1b: Zamazenta|def|1\n|turn|2\n|\n|t:|1775629751\n|move|p1b: Zamazenta|Wide Guard|p1b: Zamazenta\n|-singleturn|p1b: Zamazenta|Wide Guard\n|move|p1a: Ursaluna|Earthquake|p2b: Farigiraf|[spread] p2a,p2b\n|-activate|p1b: Zamazenta|move: Wide Guard\n|-supereffective|p2a: Miraidon\n|-damage|p2a: Miraidon|0 fnt\n|-damage|p2b: Farigiraf|63/100\n|faint|p2a: Miraidon\n|move|p2b: Farigiraf|Psychic|p1a: Ursaluna\n|-damage|p1a: Ursaluna|72/100 brn\n|\n|-damage|p1a: Ursaluna|66/100 brn|[from] brn\n|upkeep\n|inactive|Tusuk has 30 seconds left.\n|\n|t:|1775629779\n|switch|p2a: Calyrex|Calyrex-Ice, L50|100/100\n|-ability|p2a: Calyrex|As One\n|-ability|p2a: Calyrex|Unnerve\n|turn|3\n|\n|t:|1775629798\n|move|p2a: Calyrex|Protect|p2a: Calyrex\n|-singleturn|p2a: Calyrex|Protect\n|move|p1a: Ursaluna|Protect|p1a: Ursaluna\n|-singleturn|p1a: Ursaluna|Protect\n|move|p1b: Zamazenta|Protect||[still]\n|-fail|p1b: Zamazenta\n|move|p2b: Farigiraf|Psychic|p1a: Ursaluna\n|-activate|p1a: Ursaluna|move: Protect\n|\n|-damage|p1a: Ursaluna|60/100 brn|[from] brn\n|upkeep\n|turn|4\n|inactive|quisiimo has 30 seconds left.\n|\n|t:|1775629823\n|-terastallize|p1a: Ursaluna|Water\n|move|p2b: Farigiraf|Helping Hand|p2a: Calyrex\n|-singleturn|p2a: Calyrex|Helping Hand|[of] p2b: Farigiraf\n|move|p2a: Calyrex|High Horsepower|p1a: Ursaluna|[miss]\n|-miss|p2a: Calyrex|p1a: Ursaluna\n|move|p1a: Ursaluna|Facade|p2b: Farigiraf\n|-damage|p2b: Farigiraf|0 fnt\n|faint|p2b: Farigiraf\n|move|p1b: Zamazenta|Body Press|p2a: Calyrex\n|-damage|p2a: Calyrex|53/100\n|\n|-damage|p1a: Ursaluna|55/100 brn|[from] brn\n|upkeep\n|\n|t:|1775629833\n|switch|p2b: Iron Hands|Iron Hands, L50|100/100\n|-activate|p2b: Iron Hands|ability: Quark Drive\n|-start|p2b: Iron Hands|quarkdriveatk\n|turn|5\n|\n|t:|1775629845\n|move|p1a: Ursaluna|Protect|p1a: Ursaluna\n|-singleturn|p1a: Ursaluna|Protect\n|move|p1b: Zamazenta|Protect|p1b: Zamazenta\n|-singleturn|p1b: Zamazenta|Protect\n|move|p2b: Iron Hands|Low Kick|p1a: Ursaluna\n|-activate|p1a: Ursaluna|move: Protect\n|move|p2a: Calyrex|High Horsepower|p1b: Zamazenta\n|-activate|p1b: Zamazenta|move: Protect\n|\n|-damage|p1a: Ursaluna|49/100 brn|[from] brn\n|-fieldend|move: Trick Room\n|-fieldend|move: Electric Terrain\n|-end|p2b: Iron Hands|Quark Drive\n|upkeep\n|turn|6\n|inactive|quisiimo has 30 seconds left.\n|inactive|Tusuk has 30 seconds left.\n|\n|t:|1775629879\n|-terastallize|p2b: Iron Hands|Water\n|move|p1b: Zamazenta|Body Press|p2b: Iron Hands\n|-damage|p2b: Iron Hands|50/100\n|move|p1a: Ursaluna|Facade|p2b: Iron Hands\n|-damage|p2b: Iron Hands|0 fnt\n|faint|p2b: Iron Hands\n|-end|p2b: Iron Hands|Quark Drive|[silent]\n|move|p2a: Calyrex|Trick Room|p2a: Calyrex\n|-fieldstart|move: Trick Room|[of] p2a: Calyrex\n|\n|-damage|p1a: Ursaluna|43/100 brn|[from] brn\n|upkeep\n|turn|7\n|-message|Tusuk forfeited.\n|\n|win|quisiimo\n|raw|quisiimo's rating: 1402 &rarr; <strong>1420</strong><br />(+18 for winning)\n|raw|Tusuk's rating: 1374 &rarr; <strong>1356</strong><br />(-18 for losing)\n|l|\u2606Tusuk\n|player|p2|\n|l|\u2606quisiimo\n|player|p1|\n","uploadtime":1775630097,"views":7,"formatid":"gen9vgc2026regi","rating":1356,"private":0,"password":null}