{"id":"gen9vgc2026regi-2519964720","format":"[Gen 9] VGC 2026 Reg I","players":["paradox franco","VJ2511"],"log":"|j|\u2606paradox franco\n|j|\u2606VJ2511\n|t:|1768575370\n|gametype|doubles\n|player|p1|paradox franco|elesa|1389\n|player|p2|VJ2511|red-masters3|1421\n|gen|9\n|tier|[Gen 9] VGC 2026 Reg I\n|rated|\n|rule|Species Clause: Limit one of each Pok\u00e9mon\n|rule|Item Clause: Limit 1 of each item\n|clearpoke\n|poke|p1|Lunala, L50|\n|poke|p1|Groudon, L50|\n|poke|p1|Whimsicott, L50, M|\n|poke|p1|Raging Bolt, L50|\n|poke|p1|Kingambit, L50, F|\n|poke|p1|Chi-Yu, L50|\n|poke|p2|Calyrex-Ice, L50|\n|poke|p2|Miraidon, L50|\n|poke|p2|Amoonguss, L50, F|\n|poke|p2|Incineroar, L50, M|\n|poke|p2|Urshifu-*, L50, F|\n|poke|p2|Landorus, L50, M|\n|teampreview|4\n|inactive|Battle timer is ON: inactive players will automatically lose when time's up. (requested by VJ2511)\n|\n|t:|1768575400\n|teamsize|p1|4\n|teamsize|p2|4\n|start\n|switch|p1a: Whimsicott|Whimsicott, L50, M|100/100\n|switch|p1b: Lunala|Lunala, L50|100/100\n|switch|p2a: Calyrex|Calyrex-Ice, L50|100/100\n|switch|p2b: Incineroar|Incineroar, L50, M|100/100\n|-ability|p2a: Calyrex|As One\n|-ability|p2a: Calyrex|Unnerve\n|-ability|p2b: Incineroar|Intimidate|boost\n|-unboost|p1a: Whimsicott|atk|1\n|-unboost|p1b: Lunala|atk|1\n|turn|1\n|inactive|paradox franco has 30 seconds left.\n|\n|t:|1768575430\n|move|p1a: Whimsicott|Moonblast|p2b: Incineroar\n|-damage|p2b: Incineroar|80/100\n|move|p1b: Lunala|Moongeist Beam|p2a: Calyrex\n|-supereffective|p2a: Calyrex\n|-damage|p2a: Calyrex|0 fnt\n|faint|p2a: Calyrex\n|move|p2b: Incineroar|Knock Off|p1b: Lunala\n|-supereffective|p1b: Lunala\n|-damage|p1b: Lunala|18/100\n|-enditem|p1b: Lunala|Choice Specs|[from] move: Knock Off|[of] p2b: Incineroar\n|\n|upkeep\n|c|\u2606VJ2511|that explains it\n|\n|t:|1768575447\n|switch|p2a: Landorus|Landorus, L50, M|100/100\n|turn|2\n|\n|t:|1768575455\n|move|p1a: Whimsicott|Tailwind|p1a: Whimsicott\n|-sidestart|p1: paradox franco|move: Tailwind\n|move|p1b: Lunala|Moongeist Beam|p2a: Landorus\n|-damage|p2a: Landorus|40/100\n|move|p2a: Landorus|Earth Power|p1b: Lunala\n|-damage|p1b: Lunala|0 fnt\n|faint|p1b: Lunala\n|move|p2b: Incineroar|Flare Blitz|p1a: Whimsicott\n|-supereffective|p1a: Whimsicott\n|-enditem|p1a: Whimsicott|Focus Sash\n|-damage|p1a: Whimsicott|1/100\n|-damage|p2b: Incineroar|61/100|[from] Recoil\n|\n|upkeep\n|\n|t:|1768575464\n|switch|p1b: Groudon|Groudon, L50|100/100\n|-weather|SunnyDay|[from] ability: Drought|[of] p1b: Groudon\n|turn|3\n|\n|t:|1768575484\n|-terastallize|p2b: Incineroar|Bug\n|move|p1a: Whimsicott|Endeavor|p2b: Incineroar\n|-damage|p2b: Incineroar|1/100\n|move|p1b: Groudon|Precipice Blades|p2a: Landorus|[spread] p2b\n|-immune|p2a: Landorus\n|-resisted|p2b: Incineroar\n|-crit|p2b: Incineroar\n|-damage|p2b: Incineroar|0 fnt\n|faint|p2b: Incineroar\n|move|p2a: Landorus|Sandsear Storm|p1a: Whimsicott|[spread] p1a,p1b\n|-resisted|p1a: Whimsicott\n|-damage|p1a: Whimsicott|0 fnt\n|-damage|p1b: Groudon|38/100\n|faint|p1a: Whimsicott\n|\n|-weather|SunnyDay|[upkeep]\n|upkeep\n|\n|t:|1768575498\n|switch|p1a: Kingambit|Kingambit, L50, F|100/100\n|switch|p2b: Miraidon|Miraidon, L50|100/100\n|-fieldstart|move: Electric Terrain|[from] ability: Hadron Engine|[of] p2b: Miraidon\n|turn|4\n|\n|t:|1768575507\n|move|p2a: Landorus|Protect|p2a: Landorus\n|-singleturn|p2a: Landorus|Protect\n|move|p2b: Miraidon|Draco Meteor|p1b: Groudon\n|-damage|p1b: Groudon|0 fnt\n|-unboost|p2b: Miraidon|spa|2\n|faint|p1b: Groudon\n|move|p1a: Kingambit|Kowtow Cleave|p2b: Miraidon\n|-crit|p2b: Miraidon\n|-damage|p2b: Miraidon|33/100\n|\n|-weather|SunnyDay|[upkeep]\n|upkeep\n|turn|5\n|\n|t:|1768575517\n|-terastallize|p1a: Kingambit|Flying\n|move|p2a: Landorus|Protect|p2a: Landorus\n|-singleturn|p2a: Landorus|Protect\n|move|p1a: Kingambit|Sucker Punch|p2b: Miraidon\n|-damage|p2b: Miraidon|0 fnt\n|faint|p2b: Miraidon\n|\n|-weather|SunnyDay|[upkeep]\n|-sideend|p1: paradox franco|move: Tailwind\n|upkeep\n|turn|6\n|\n|t:|1768575525\n|move|p2a: Landorus|Sludge Bomb|p1a: Kingambit\n|-damage|p1a: Kingambit|54/100\n|move|p1a: Kingambit|Kowtow Cleave|p2a: Landorus\n|-damage|p2a: Landorus|0 fnt\n|faint|p2a: Landorus\n|\n|win|paradox franco\n|raw|paradox franco's rating: 1389 &rarr; <strong>1411</strong><br />(+22 for winning)\n|raw|VJ2511's rating: 1421 &rarr; <strong>1399</strong><br />(-22 for losing)\n|l|\u2606paradox franco\n|player|p1|\n|l|\u2606VJ2511\n|player|p2|\n","uploadtime":1768575717,"views":19,"formatid":"gen9vgc2026regi","rating":1399,"private":0,"password":null}