{"id":"gen9vgc2026regi-2560513997","format":"[Gen 9] VGC 2026 Reg I","players":["thegreatestgalar","Mirthinion"],"log":"|j|\u2606thegreatestgalar\n|j|\u2606Mirthinion\n|t:|1773694917\n|gametype|doubles\n|player|p1|thegreatestgalar|veteran|1399\n|player|p2|Mirthinion|janitor|1379\n|gen|9\n|tier|[Gen 9] VGC 2026 Reg I\n|rated|\n|rule|Species Clause: Limit one of each Pok\u00e9mon\n|rule|Item Clause: Limit 1 of each item\n|clearpoke\n|poke|p1|Zacian-*, L50|\n|poke|p1|Kyogre, L50|\n|poke|p1|Tornadus, L50, M|\n|poke|p1|Urshifu-*, L50, F|\n|poke|p1|Farigiraf, L50, F|\n|poke|p1|Incineroar, L50, M|\n|poke|p2|Calyrex-Shadow, L50|\n|poke|p2|Zamazenta-*, L50|\n|poke|p2|Urshifu-*, L50, M|\n|poke|p2|Incineroar, L50, M|\n|poke|p2|Rillaboom, L50, M|\n|poke|p2|Tornadus, L50, M|\n|teampreview|4\n|inactive|Battle timer is ON: inactive players will automatically lose when time's up. (requested by Mirthinion)\nthegreatestgalar rejected open team sheets.\n|inactive|thegreatestgalar has 60 seconds left.\n|inactive|thegreatestgalar has 30 seconds left.\n|inactive|thegreatestgalar has 20 seconds left.\n|inactive|thegreatestgalar has 15 seconds left.\n|\n|t:|1773694993\n|teamsize|p1|4\n|teamsize|p2|4\n|start\n|switch|p1a: Kyogre|Kyogre, L50|100/100\n|switch|p1b: Urshifu|Urshifu-Rapid-Strike, L50, F|100/100\n|switch|p2a: Vangwe|Tornadus, L50, M|100/100\n|switch|p2b: Beowulf|Urshifu-Rapid-Strike, L50, M|100/100\n|-weather|RainDance|[from] ability: Drizzle|[of] p1a: Kyogre\n|turn|1\n|inactive|Mirthinion has 30 seconds left.\n|\n|t:|1773695027\n|move|p2a: Vangwe|Tailwind|p2a: Vangwe\n|-sidestart|p2: Mirthinion|move: Tailwind\n|move|p2b: Beowulf|Close Combat|p1b: Urshifu\n|-damage|p1b: Urshifu|4/100\n|-unboost|p2b: Beowulf|def|1\n|-unboost|p2b: Beowulf|spd|1\n|move|p1b: Urshifu|Surging Strikes|p2a: Vangwe\n|-crit|p2a: Vangwe\n|-damage|p2a: Vangwe|58/100\n|-crit|p2a: Vangwe\n|-damage|p2a: Vangwe|16/100\n|-crit|p2a: Vangwe\n|-damage|p2a: Vangwe|0 fnt\n|faint|p2a: Vangwe\n|-hitcount|p2: Vangwe|3\n|move|p1a: Kyogre|Origin Pulse|p2b: Beowulf\n|-resisted|p2b: Beowulf\n|-damage|p2b: Beowulf|0 fnt\n|faint|p2b: Beowulf\n|\n|-weather|RainDance|[upkeep]\n|upkeep\n|\n|t:|1773695045\n|switch|p2b: Mithrandir|Calyrex-Shadow, L50|100/100\n|switch|p2a: Drambor|Zamazenta-Crowned, L50|100/100\n|-ability|p2b: Mithrandir|As One\n|-ability|p2b: Mithrandir|Unnerve\n|-ability|p2a: Drambor|Dauntless Shield|boost\n|-boost|p2a: Drambor|def|1\n|turn|2\n|inactive|Mirthinion has 30 seconds left.\n|inactive|Mirthinion has 20 seconds left.\n|\n|t:|1773695085\n|switch|p1b: Farigiraf|Farigiraf, L50, F|100/100\n|-terastallize|p2a: Drambor|Grass\n|move|p2b: Mithrandir|Astral Barrage|p1a: Kyogre|[spread] p1a\n|-immune|p1b: Farigiraf\n|-damage|p1a: Kyogre|78/100\n|move|p2a: Drambor|Body Press|p1a: Kyogre\n|-damage|p1a: Kyogre|11/100\n|move|p1a: Kyogre|Hydro Pump|p2b: Mithrandir\n|-damage|p2b: Mithrandir|1/100\n|\n|-weather|RainDance|[upkeep]\n|upkeep\n|turn|3\n|inactive|thegreatestgalar has 30 seconds left.\n|inactive|Mirthinion has 30 seconds left.\n|\n|t:|1773695118\n|move|p2b: Mithrandir|Pollen Puff|p1b: Farigiraf\n|-supereffective|p1b: Farigiraf\n|-damage|p1b: Farigiraf|33/100\n|move|p2a: Drambor|Body Press|p1b: Farigiraf\n|-damage|p1b: Farigiraf|0 fnt\n|faint|p1b: Farigiraf\n|move|p1a: Kyogre|Thunder|p2b: Mithrandir\n|-damage|p2b: Mithrandir|0 fnt\n|faint|p2b: Mithrandir\n|\n|-weather|RainDance|[upkeep]\n|upkeep\n|\n|t:|1773695130\n|switch|p1b: Urshifu|Urshifu-Rapid-Strike, L50, F|4/100\n|turn|4\n|\n|t:|1773695136\n|move|p2a: Drambor|Body Press|p1b: Urshifu\n|-damage|p1b: Urshifu|0 fnt\n|faint|p1b: Urshifu\n|move|p1a: Kyogre|Ice Beam|p2a: Drambor\n|-supereffective|p2a: Drambor\n|-damage|p2a: Drambor|43/100\n|\n|-weather|RainDance|[upkeep]\n|-sideend|p2: Mirthinion|move: Tailwind\n|upkeep\n|\n|t:|1773695143\n|switch|p1b: Zacian|Zacian-Crowned, L50|100/100\n|-ability|p1b: Zacian|Intrepid Sword|boost\n|-boost|p1b: Zacian|atk|1\n|turn|5\n|\n|t:|1773695151\n|move|p1b: Zacian|Swords Dance|p1b: Zacian\n|-boost|p1b: Zacian|atk|2\n|move|p2a: Drambor|Body Press|p1a: Kyogre\n|-damage|p1a: Kyogre|0 fnt\n|faint|p1a: Kyogre\n|\n|-weather|none\n|upkeep\n|turn|6\n|\n|t:|1773695159\n|-terastallize|p1b: Zacian|Fairy\n|move|p1b: Zacian|Behemoth Blade|p2a: Drambor\n|-damage|p2a: Drambor|0 fnt\n|faint|p2a: Drambor\n|\n|win|thegreatestgalar\n|raw|thegreatestgalar's rating: 1399 &rarr; <strong>1418</strong><br />(+19 for winning)\n|raw|Mirthinion's rating: 1379 &rarr; <strong>1360</strong><br />(-19 for losing)\n|c|\u2606thegreatestgalar|gg\n|c|\u2606Mirthinion|gg\n|l|\u2606thegreatestgalar\n|player|p1|\n","uploadtime":1773695220,"views":92,"formatid":"gen9vgc2026regi","rating":1360,"private":0,"password":null}