{"id":"gen9vgc2026regi-2563587697","format":"[Gen 9] VGC 2026 Reg I","players":["Shagrathisbeast","ray_on_1248_"],"log":"|j|\u2606Shagrathisbeast\n|j|\u2606ray_on_1248_\n|t:|1774039857\n|gametype|doubles\n|player|p1|Shagrathisbeast|steven|1301\n|player|p2|ray_on_1248_|hilda|1350\n|gen|9\n|tier|[Gen 9] VGC 2026 Reg I\n|rated|\n|rule|Species Clause: Limit one of each Pok\u00e9mon\n|rule|Item Clause: Limit 1 of each item\n|clearpoke\n|poke|p1|Zacian-*, L50|\n|poke|p1|Iron Bundle, L50|\n|poke|p1|Incineroar, L50, F|\n|poke|p1|Farigiraf, L50, F|\n|poke|p1|Ogerpon-Cornerstone, L50, F|\n|poke|p1|Miraidon, L50|\n|poke|p2|Kyogre, L50|\n|poke|p2|Zacian-*, L50|\n|poke|p2|Wo-Chien, L50|\n|poke|p2|Grimmsnarl, L50, M|\n|poke|p2|Rillaboom, L50, M|\n|poke|p2|Tornadus, L50, M|\n|teampreview|4\n|c|\u2606ray_on_1248_|glhf\n|inactive|Battle timer is ON: inactive players will automatically lose when time's up. (requested by ray_on_1248_)\n|\n|t:|1774039953\n|teamsize|p1|4\n|teamsize|p2|4\n|start\n|switch|p1a: Incineroar|Incineroar, L50, F|100/100\n|switch|p1b: Miraidon|Miraidon, L50|100/100\n|switch|p2a: Wo-Chien|Wo-Chien, L50, shiny|100/100\n|switch|p2b: Grimmsnarl|Grimmsnarl, L50, M|100/100\n|-fieldstart|move: Electric Terrain|[from] ability: Hadron Engine|[of] p1b: Miraidon\n|-ability|p2a: Wo-Chien|Tablets of Ruin\n|-ability|p1a: Incineroar|Intimidate|boost\n|-unboost|p2a: Wo-Chien|atk|1\n|-unboost|p2b: Grimmsnarl|atk|1\n|turn|1\n|inactive|ray_on_1248_ has 30 seconds left.\n|\n|t:|1774039985\n|move|p2b: Grimmsnarl|Light Screen|p2b: Grimmsnarl\n|-sidestart|p2: ray_on_1248_|move: Light Screen\n|move|p1b: Miraidon|Dazzling Gleam|p2b: Grimmsnarl|[spread] p2a,p2b\n|-supereffective|p2a: Wo-Chien\n|-supereffective|p2b: Grimmsnarl\n|-damage|p2a: Wo-Chien|59/100\n|-damage|p2b: Grimmsnarl|50/100\n|move|p2a: Wo-Chien|Ruination|p1b: Miraidon|[miss]\n|-miss|p2a: Wo-Chien|p1b: Miraidon\n|move|p1a: Incineroar|U-turn|p2a: Wo-Chien\n|-supereffective|p2a: Wo-Chien\n|-damage|p2a: Wo-Chien|9/100\n|\n|t:|1774040005\n|switch|p1a: Zacian|Zacian-Crowned, L50, shiny|100/100|[from] U-turn\n|-ability|p1a: Zacian|Intrepid Sword|boost\n|-boost|p1a: Zacian|atk|1\n|\n|-heal|p2a: Wo-Chien|15/100|[from] item: Leftovers\n|upkeep\n|turn|2\n|\n|t:|1774040023\n|-terastallize|p1a: Zacian|Ground\n|move|p2a: Wo-Chien|Protect|p2a: Wo-Chien\n|-singleturn|p2a: Wo-Chien|Protect\n|move|p2b: Grimmsnarl|Thunder Wave|p1a: Zacian\n|-immune|p1a: Zacian\n|move|p1a: Zacian|Substitute|p1a: Zacian\n|-start|p1a: Zacian|Substitute\n|-damage|p1a: Zacian|76/100\n|move|p1b: Miraidon|Dazzling Gleam|p2b: Grimmsnarl|[spread] p2b\n|-activate|p2a: Wo-Chien|move: Protect\n|-supereffective|p2b: Grimmsnarl\n|-damage|p2b: Grimmsnarl|4/100\n|\n|-heal|p2a: Wo-Chien|21/100|[from] item: Leftovers\n|upkeep\n|turn|3\n|\n|t:|1774040043\n|switch|p1b: Incineroar|Incineroar, L50, F|100/100\n|-ability|p1b: Incineroar|Intimidate|boost\n|-unboost|p2a: Wo-Chien|atk|1\n|-unboost|p2b: Grimmsnarl|atk|1\n|move|p2b: Grimmsnarl|Reflect|p2b: Grimmsnarl\n|-sidestart|p2: ray_on_1248_|Reflect\n|move|p1a: Zacian|Behemoth Blade|p2a: Wo-Chien\n|-damage|p2a: Wo-Chien|0 fnt\n|faint|p2a: Wo-Chien\n|\n|upkeep\n|\n|t:|1774040052\n|switch|p2a: Kyogre|Kyogre, L50, shiny|100/100\n|-weather|RainDance|[from] ability: Drizzle|[of] p2a: Kyogre\n|turn|4\n|\n|t:|1774040069\n|move|p2a: Kyogre|Protect|p2a: Kyogre\n|-singleturn|p2a: Kyogre|Protect\n|move|p1b: Incineroar|Fake Out|p2a: Kyogre\n|-activate|p2a: Kyogre|move: Protect\n|move|p1a: Zacian|Behemoth Blade|p2a: Kyogre\n|-activate|p2a: Kyogre|move: Protect\n|move|p2b: Grimmsnarl|Spirit Break|p1a: Zacian\n|-activate|p1a: Zacian|move: Substitute|[damage]\n|\n|-weather|RainDance|[upkeep]\n|upkeep\n|turn|5\n|inactive|Shagrathisbeast has 30 seconds left.\n|\n|t:|1774040095\n|switch|p1b: Iron Bundle|Iron Bundle, L50, shiny|100/100\n|-activate|p1b: Iron Bundle|ability: Quark Drive\n|-start|p1b: Iron Bundle|quarkdrivespe\n|move|p1a: Zacian|Behemoth Blade|p2b: Grimmsnarl\n|-supereffective|p2b: Grimmsnarl\n|-damage|p2b: Grimmsnarl|0 fnt\n|faint|p2b: Grimmsnarl\n|move|p2a: Kyogre|Origin Pulse|p1a: Zacian|[spread] p1a,p1b\n|-supereffective|p1a: Zacian\n|-end|p1a: Zacian|Substitute\n|-resisted|p1b: Iron Bundle\n|-damage|p1b: Iron Bundle|12/100\n|\n|-weather|RainDance|[upkeep]\n|-fieldend|move: Electric Terrain\n|-end|p1b: Iron Bundle|Quark Drive\n|upkeep\n|\n|t:|1774040109\n|switch|p2b: Zacian|Zacian-Crowned, L50, shiny|100/100\n|-ability|p2b: Zacian|Intrepid Sword|boost\n|-boost|p2b: Zacian|atk|1\n|turn|6\n|inactive|Shagrathisbeast has 30 seconds left.\n|\n|t:|1774040142\n|-end|p1b: Iron Bundle|Quark Drive|[silent]\n|switch|p1b: Miraidon|Miraidon, L50|100/100\n|-fieldstart|move: Electric Terrain|[from] ability: Hadron Engine|[of] p1b: Miraidon\n|move|p1a: Zacian|Protect|p1a: Zacian\n|-singleturn|p1a: Zacian|Protect\n|move|p2b: Zacian|Protect|p2b: Zacian\n|-singleturn|p2b: Zacian|Protect\n|move|p2a: Kyogre|Origin Pulse|p1a: Zacian|[spread] p1b\n|-activate|p1a: Zacian|move: Protect\n|-resisted|p1b: Miraidon\n|-damage|p1b: Miraidon|62/100\n|\n|-weather|RainDance|[upkeep]\n|upkeep\n|turn|7\n|\n|t:|1774040154\n|switch|p1b: Incineroar|Incineroar, L50, F|100/100\n|-ability|p1b: Incineroar|Intimidate|boost\n|-unboost|p2a: Kyogre|atk|1\n|-unboost|p2b: Zacian|atk|1\n|-terastallize|p2a: Kyogre|Grass\n|move|p1a: Zacian|Behemoth Blade|p2b: Zacian\n|-damage|p2b: Zacian|47/100\n|move|p2b: Zacian|Play Rough|p1b: Incineroar\n|-crit|p1b: Incineroar\n|-damage|p1b: Incineroar|46/100\n|move|p2a: Kyogre|Origin Pulse|p1b: Incineroar|[spread] p1b\n|-miss|p2a: Kyogre|p1a: Zacian\n|-supereffective|p1b: Incineroar\n|-damage|p1b: Incineroar|0 fnt\n|faint|p1b: Incineroar\n|\n|-weather|RainDance|[upkeep]\n|upkeep\n|\n|t:|1774040168\n|switch|p1b: Iron Bundle|Iron Bundle, L50, shiny|12/100\n|-activate|p1b: Iron Bundle|ability: Quark Drive\n|-start|p1b: Iron Bundle|quarkdrivespe\n|turn|8\n|\n|t:|1774040176\n|move|p1a: Zacian|Protect|p1a: Zacian\n|-singleturn|p1a: Zacian|Protect\n|move|p2b: Zacian|Protect|p2b: Zacian\n|-singleturn|p2b: Zacian|Protect\n|move|p1b: Iron Bundle|Icy Wind|p2b: Zacian|[spread] p2a\n|-activate|p2b: Zacian|move: Protect\n|-supereffective|p2a: Kyogre\n|-damage|p2a: Kyogre|80/100\n|-unboost|p2a: Kyogre|spe|1\n|move|p2a: Kyogre|Origin Pulse|p1a: Zacian|[spread] p1b\n|-activate|p1a: Zacian|move: Protect\n|-resisted|p1b: Iron Bundle\n|-damage|p1b: Iron Bundle|0 fnt\n|faint|p1b: Iron Bundle\n|-end|p1b: Iron Bundle|Quark Drive|[silent]\n|\n|-weather|none\n|-sideend|p2: ray_on_1248_|move: Light Screen\n|upkeep\n|\n|t:|1774040181\n|switch|p1b: Miraidon|Miraidon, L50|62/100\n|-activate|p1b: Miraidon|ability: Hadron Engine\n|turn|9\n|\n|t:|1774040197\n|move|p1a: Zacian|Behemoth Blade|p2b: Zacian\n|-damage|p2b: Zacian|0 fnt\n|faint|p2b: Zacian\n|move|p1b: Miraidon|Dazzling Gleam|p2a: Kyogre\n|-damage|p2a: Kyogre|40/100\n|move|p2a: Kyogre|Origin Pulse|p1a: Zacian|[spread] p1a,p1b\n|-supereffective|p1a: Zacian\n|-resisted|p1b: Miraidon\n|-damage|p1a: Zacian|0 fnt\n|-damage|p1b: Miraidon|34/100\n|faint|p1a: Zacian\n|\n|upkeep\n|turn|10\n|\n|t:|1774040205\n|move|p1b: Miraidon|Dazzling Gleam|p2a: Kyogre\n|-damage|p2a: Kyogre|1/100\n|move|p2a: Kyogre|Ice Beam|p1b: Miraidon\n|-supereffective|p1b: Miraidon\n|-damage|p1b: Miraidon|0 fnt\n|faint|p1b: Miraidon\n|\n|win|ray_on_1248_\n|raw|Shagrathisbeast's rating: 1301 &rarr; <strong>1284</strong><br />(-17 for losing)\n|raw|ray_on_1248_'s rating: 1350 &rarr; <strong>1367</strong><br />(+17 for winning)\n|l|\u2606Shagrathisbeast\n|player|p1|\n|c|\u2606ray_on_1248_|phew\n|c|\u2606ray_on_1248_|that was close\n|c|\u2606ray_on_1248_|ggwp\n","uploadtime":1774040245,"views":12,"formatid":"gen9vgc2026regi","rating":1284,"private":0,"password":null}