{"id":"gen9vgc2026regi-2525079311","format":"[Gen 9] VGC 2026 Reg I","players":["ky123456","Zin_yugami"],"log":"|j|\u2606ky123456\n|j|\u2606Zin_yugami\n|t:|1769225738\n|gametype|doubles\n|player|p1|ky123456|cynthia-gen4|1468\n|player|p2|Zin_yugami|170|1494\n|gen|9\n|tier|[Gen 9] VGC 2026 Reg I\n|rated|\n|rule|Species Clause: Limit one of each Pok\u00e9mon\n|rule|Item Clause: Limit 1 of each item\n|clearpoke\n|poke|p1|Kyogre, L50|\n|poke|p1|Calyrex-Ice, L50|\n|poke|p1|Grimmsnarl, L50, M|\n|poke|p1|Rillaboom, L50, M|\n|poke|p1|Landorus, L50, M|\n|poke|p1|Urshifu-*, L50, M|\n|poke|p2|Iron Moth, L50|\n|poke|p2|Miraidon, L50|\n|poke|p2|Calyrex-Ice, L50|\n|poke|p2|Whimsicott, L50, F|\n|poke|p2|Tyranitar, L50, F|\n|teampreview|4\n|\n|t:|1769225777\n|teamsize|p1|4\n|teamsize|p2|4\n|start\n|switch|p1a: Rillaboom|Rillaboom, L50, M|100/100\n|switch|p1b: Urshifu|Urshifu-Rapid-Strike, L50, M|100/100\n|switch|p2a: Iron Moth|Iron Moth, L50|100/100\n|switch|p2b: Miraidon|Miraidon, L50|100/100\n|-fieldstart|move: Electric Terrain|[from] ability: Hadron Engine|[of] p2b: Miraidon\n|-activate|p2a: Iron Moth|ability: Quark Drive\n|-start|p2a: Iron Moth|quarkdrivespe\n|-fieldstart|move: Grassy Terrain|[from] ability: Grassy Surge|[of] p1a: Rillaboom\n|-end|p2a: Iron Moth|Quark Drive\n|turn|1\n|\n|t:|1769225796\n|-terastallize|p2b: Miraidon|Ghost\n|move|p2b: Miraidon|Volt Switch|p1b: Urshifu\n|-supereffective|p1b: Urshifu\n|-damage|p1b: Urshifu|0 fnt\n|faint|p1b: Urshifu\n|\n|t:|1769225803\n|switch|p2b: Whimsicott|Whimsicott, L50, F|100/100|[from] Volt Switch\n|move|p2a: Iron Moth|Acid Spray|p1a: Rillaboom\n|-supereffective|p1a: Rillaboom\n|-damage|p1a: Rillaboom|68/100\n|-unboost|p1a: Rillaboom|spd|2\n|move|p1a: Rillaboom|Wood Hammer|p2b: Whimsicott\n|-resisted|p2b: Whimsicott\n|-damage|p2b: Whimsicott|60/100\n|-damage|p1a: Rillaboom|51/100|[from] item: Rocky Helmet|[of] p2b: Whimsicott\n|-damage|p1a: Rillaboom|41/100|[from] Recoil\n|\n|-heal|p2b: Whimsicott|66/100|[from] Grassy Terrain\n|-heal|p1a: Rillaboom|46/100|[from] Grassy Terrain\n|upkeep\n|\n|t:|1769225809\n|switch|p1b: Calyrex|Calyrex-Ice, L50|100/100\n|-ability|p1b: Calyrex|As One\n|-ability|p1b: Calyrex|Unnerve\n|turn|2\n|\n|t:|1769225835\n|switch|p2b: Calyrex|Calyrex-Ice, L50|100/100\n|-ability|p2b: Calyrex|As One\n|-ability|p2b: Calyrex|Unnerve\n|switch|p1a: Kyogre|Kyogre, L50|100/100\n|-weather|RainDance|[from] ability: Drizzle|[of] p1a: Kyogre\n|-terastallize|p1b: Calyrex|Fairy\n|move|p2a: Iron Moth|Acid Spray|p1a: Kyogre\n|-damage|p1a: Kyogre|93/100\n|-unboost|p1a: Kyogre|spd|2\n|move|p1b: Calyrex|Glacial Lance|p2a: Iron Moth|[spread] p2a,p2b\n|-resisted|p2a: Iron Moth\n|-resisted|p2b: Calyrex\n|-damage|p2a: Iron Moth|63/100\n|-damage|p2b: Calyrex|89/100\n|\n|-weather|RainDance|[upkeep]\n|-heal|p2a: Iron Moth|68/100|[from] Grassy Terrain\n|-heal|p1a: Kyogre|99/100|[from] Grassy Terrain\n|-heal|p2b: Calyrex|95/100|[from] Grassy Terrain\n|upkeep\n|turn|3\n|\n|t:|1769225871\n|move|p2b: Calyrex|Protect|p2b: Calyrex\n|-singleturn|p2b: Calyrex|Protect\n|move|p2a: Iron Moth|Struggle Bug|p1b: Calyrex|[spread] p1a,p1b\n|-resisted|p1b: Calyrex\n|-damage|p1a: Kyogre|89/100\n|-damage|p1b: Calyrex|97/100\n|-unboost|p1a: Kyogre|spa|1\n|-unboost|p1b: Calyrex|spa|1\n|move|p1a: Kyogre|Water Spout|p2b: Calyrex|[spread] p2a\n|-activate|p2b: Calyrex|move: Protect\n|-supereffective|p2a: Iron Moth\n|-damage|p2a: Iron Moth|0 fnt\n|faint|p2a: Iron Moth\n|-end|p2a: Iron Moth|Quark Drive|[silent]\n|move|p1b: Calyrex|Leech Seed|p2b: Calyrex\n|-activate|p2b: Calyrex|move: Protect\n|\n|-weather|RainDance|[upkeep]\n|-heal|p1a: Kyogre|95/100|[from] Grassy Terrain\n|-heal|p1b: Calyrex|100/100|[from] Grassy Terrain\n|-heal|p2b: Calyrex|100/100|[from] Grassy Terrain\n|upkeep\n|\n|t:|1769225891\n|switch|p2a: Miraidon|Miraidon, L50, tera:Ghost|100/100\n|-fieldstart|move: Electric Terrain|[from] ability: Hadron Engine|[of] p2a: Miraidon\n|-enditem|p2b: Calyrex|Electric Seed\n|-boost|p2b: Calyrex|def|1|[from] item: Electric Seed\n|turn|4\n|\n|t:|1769225900\n|switch|p1a: Rillaboom|Rillaboom, L50, M|46/100\n|-fieldstart|move: Grassy Terrain|[from] ability: Grassy Surge|[of] p1a: Rillaboom\n|move|p2a: Miraidon|Electro Drift|p1a: Rillaboom\n|-resisted|p1a: Rillaboom\n|-damage|p1a: Rillaboom|19/100\n|move|p1b: Calyrex|Leech Seed|p2b: Calyrex|[miss]\n|-miss|p1b: Calyrex|p2b: Calyrex\n|move|p2b: Calyrex|Leech Seed|p1b: Calyrex\n|-start|p1b: Calyrex|move: Leech Seed\n|\n|-weather|RainDance|[upkeep]\n|-heal|p1a: Rillaboom|25/100|[from] Grassy Terrain\n|-damage|p1b: Calyrex|88/100|[from] Leech Seed|[of] p2b: Calyrex\n|upkeep\n|turn|5\n|\n|t:|1769225920\n|move|p2a: Miraidon|Electro Drift|p1b: Calyrex\n|-damage|p1b: Calyrex|52/100\n|move|p1a: Rillaboom|Wood Hammer|p2a: Miraidon\n|-damage|p2a: Miraidon|7/100\n|-damage|p1a: Rillaboom|0 fnt|[from] Recoil\n|faint|p1a: Rillaboom\n|move|p1b: Calyrex|Leech Seed|p2b: Calyrex\n|-start|p2b: Calyrex|move: Leech Seed\n|move|p2b: Calyrex|Glacial Lance|p1b: Calyrex\n|-damage|p1b: Calyrex|14/100\n|\n|-weather|RainDance|[upkeep]\n|-heal|p2a: Miraidon|13/100|[from] Grassy Terrain\n|-heal|p1b: Calyrex|19/100|[from] Grassy Terrain\n|-heal|p1b: Calyrex|25/100|[from] item: Leftovers\n|-damage|p1b: Calyrex|13/100|[from] Leech Seed|[of] p2b: Calyrex\n|-damage|p2b: Calyrex|88/100|[from] Leech Seed|[of] p1b: Calyrex\n|-heal|p1b: Calyrex|25/100|[silent]\n|upkeep\n|\n|t:|1769225929\n|switch|p1a: Kyogre|Kyogre, L50|95/100\n|turn|6\n|\n|t:|1769225947\n|move|p1b: Calyrex|Protect|p1b: Calyrex\n|-singleturn|p1b: Calyrex|Protect\n|move|p2a: Miraidon|Electro Drift|p1a: Kyogre\n|-supereffective|p1a: Kyogre\n|-damage|p1a: Kyogre|29/100\n|move|p1a: Kyogre|Origin Pulse|p2a: Miraidon|[spread] p2a,p2b\n|-damage|p2a: Miraidon|0 fnt\n|-damage|p2b: Calyrex|39/100\n|faint|p2a: Miraidon\n|move|p2b: Calyrex|Glacial Lance|p1a: Kyogre|[spread] p1a\n|-activate|p1b: Calyrex|move: Protect\n|-resisted|p1a: Kyogre\n|-damage|p1a: Kyogre|5/100\n|\n|-weather|none\n|-heal|p1a: Kyogre|11/100|[from] Grassy Terrain\n|-heal|p1b: Calyrex|31/100|[from] Grassy Terrain\n|-heal|p1b: Calyrex|37/100|[from] item: Leftovers\n|-heal|p2b: Calyrex|44/100|[from] Grassy Terrain\n|-damage|p1b: Calyrex|25/100|[from] Leech Seed|[of] p2b: Calyrex\n|-heal|p2b: Calyrex|57/100|[silent]\n|-damage|p2b: Calyrex|44/100|[from] Leech Seed|[of] p1b: Calyrex\n|-heal|p1b: Calyrex|37/100|[silent]\n|upkeep\n|\n|t:|1769225969\n|switch|p2a: Whimsicott|Whimsicott, L50, F|66/100\n|turn|7\n|\n|t:|1769225983\n|move|p2b: Calyrex|Protect|p2b: Calyrex\n|-singleturn|p2b: Calyrex|Protect\n|move|p2a: Whimsicott|Encore|p1b: Calyrex\n|-start|p1b: Calyrex|Encore\n|move|p1a: Kyogre|Origin Pulse|p2a: Whimsicott|[spread] p2a\n|-activate|p2b: Calyrex|move: Protect\n|-resisted|p2a: Whimsicott\n|-damage|p2a: Whimsicott|30/100\n|move|p1b: Calyrex|Protect||[still]\n|-fail|p1b: Calyrex\n|\n|-heal|p2a: Whimsicott|36/100|[from] Grassy Terrain\n|-heal|p1a: Kyogre|17/100|[from] Grassy Terrain\n|-heal|p1b: Calyrex|43/100|[from] Grassy Terrain\n|-heal|p1b: Calyrex|48/100|[from] item: Leftovers\n|-heal|p2b: Calyrex|50/100|[from] Grassy Terrain\n|-damage|p1b: Calyrex|36/100|[from] Leech Seed|[of] p2b: Calyrex\n|-heal|p2b: Calyrex|62/100|[silent]\n|-damage|p2b: Calyrex|50/100|[from] Leech Seed|[of] p1b: Calyrex\n|-heal|p1b: Calyrex|48/100|[silent]\n|upkeep\n|turn|8\n|\n|t:|1769226009\n|move|p1b: Calyrex|Protect|p1b: Calyrex\n|-singleturn|p1b: Calyrex|Protect\n|move|p2a: Whimsicott|Light Screen|p2a: Whimsicott\n|-sidestart|p2: Zin_yugami|move: Light Screen\n|move|p1a: Kyogre|Ice Beam|p2a: Whimsicott\n|-supereffective|p2a: Whimsicott\n|-damage|p2a: Whimsicott|0 fnt\n|faint|p2a: Whimsicott\n|move|p2b: Calyrex|Body Press|p1a: Kyogre\n|-damage|p1a: Kyogre|0 fnt\n|faint|p1a: Kyogre\n|-ability|p2b: Calyrex|Chilling Neigh|boost\n|-boost|p2b: Calyrex|atk|1\n|\n|-heal|p1b: Calyrex|54/100|[from] Grassy Terrain\n|-heal|p1b: Calyrex|60/100|[from] item: Leftovers\n|-heal|p2b: Calyrex|56/100|[from] Grassy Terrain\n|-damage|p1b: Calyrex|48/100|[from] Leech Seed|[of] p2b: Calyrex\n|-heal|p2b: Calyrex|68/100|[silent]\n|-damage|p2b: Calyrex|56/100|[from] Leech Seed|[of] p1b: Calyrex\n|-heal|p1b: Calyrex|60/100|[silent]\n|-fieldend|move: Grassy Terrain\n|upkeep\n|turn|9\n|\n|t:|1769226030\n|move|p1b: Calyrex|Protect||[still]\n|-fail|p1b: Calyrex\n|move|p2b: Calyrex|Glacial Lance|p1b: Calyrex\n|-damage|p1b: Calyrex|0 fnt\n|faint|p1b: Calyrex\n|\n|win|Zin_yugami\n|raw|ky123456's rating: 1468 &rarr; <strong>1449</strong><br />(-19 for losing)\n|raw|Zin_yugami's rating: 1494 &rarr; <strong>1513</strong><br />(+19 for winning)\n|l|\u2606ky123456\n|player|p1|\n|l|\u2606Zin_yugami\n|player|p2|\n","uploadtime":1769226287,"views":9,"formatid":"gen9vgc2026regi","rating":1449,"private":0,"password":null}