{"id":"gen9vgc2026regi-2580108991","format":"[Gen 9] VGC 2026 Reg I","players":["lsslsssllsslsssl","popandpop"],"log":"|j|\u2606lsslsssllsslsssl\n|j|\u2606popandpop\n|t:|1775854982\n|gametype|doubles\n|player|p1|lsslsssllsslsssl|266|1372\n|player|p2|popandpop|beauty-gen4dp|1448\n|gen|9\n|tier|[Gen 9] VGC 2026 Reg I\n|rated|\n|rule|Species Clause: Limit one of each Pok\u00e9mon\n|rule|Item Clause: Limit 1 of each item\n|clearpoke\n|poke|p1|Muk-Alola, L50, F|\n|poke|p1|Smeargle, L50, M|\n|poke|p1|Flamigo, L50, F|\n|poke|p1|Calyrex-Shadow, L50|\n|poke|p1|Indeedee-F, L50, F|\n|poke|p1|Koraidon, L50|\n|poke|p2|Lunala, L50|\n|poke|p2|Whimsicott, L50, F|\n|poke|p2|Terapagos, L50, M|\n|poke|p2|Annihilape, L50, M|\n|poke|p2|Weezing-Galar, L50, M|\n|poke|p2|Toedscruel, L50, M|\n|teampreview|4\n|inactive|Battle timer is ON: inactive players will automatically lose when time's up. (requested by popandpop)\n|inactive|lsslsssllsslsssl has 60 seconds left.\n|\n|t:|1775855040\n|teamsize|p1|4\n|teamsize|p2|4\n|start\n|switch|p1a: Calyrex|Calyrex-Shadow, L50|100/100\n|switch|p1b: Indeedee|Indeedee-F, L50, F|100/100\n|switch|p2a: Weezing|Weezing-Galar, L50, M|100/100\n|switch|p2b: Toedscruel|Toedscruel, L50, M|100/100\n|-ability|p2a: Weezing|Neutralizing Gas\n|-ability|p1a: Calyrex|As One\n|-ability|p1a: Calyrex|Unnerve\n|turn|1\n|\n|t:|1775855062\n|move|p1b: Indeedee|Helping Hand|p1a: Calyrex\n|-singleturn|p1a: Calyrex|Helping Hand|[of] p1b: Indeedee\n|move|p1a: Calyrex|Expanding Force|p2a: Weezing\n|-supereffective|p2a: Weezing\n|-damage|p2a: Weezing|0 fnt\n|faint|p2a: Weezing\n|-end|p2a: Weezing|ability: Neutralizing Gas\n|-fieldstart|move: Psychic Terrain|[from] ability: Psychic Surge|[of] p1b: Indeedee\n|-ability|p1a: Calyrex|Grim Neigh|boost\n|-boost|p1a: Calyrex|spa|1\n|-damage|p1a: Calyrex|91/100|[from] item: Life Orb\n|move|p2b: Toedscruel|Spore|p1a: Calyrex\n|-status|p1a: Calyrex|slp|[from] move: Spore\n|\n|upkeep\n|\n|t:|1775855068\n|switch|p2a: Terapagos|Terapagos, L50, M|100/100\n|-activate|p2a: Terapagos|ability: Tera Shift\n|detailschange|p2a: Terapagos|Terapagos-Terastal, L50, M\n|-heal|p2a: Terapagos|100/100|[silent]\n|turn|2\n|\n|t:|1775855087\n|-terastallize|p2a: Terapagos|Stellar\n|detailschange|p2a: Terapagos|Terapagos-Stellar, L50, M, tera:Stellar\n|-heal|p2a: Terapagos|100/100|[silent]\n|-ability|p2a: Terapagos|Teraform Zero\n|-fieldend|move: Psychic Terrain\n|move|p1b: Indeedee|Follow Me|p1b: Indeedee\n|-singleturn|p1b: Indeedee|move: Follow Me\n|cant|p1a: Calyrex|slp\n|move|p2b: Toedscruel|Acid Spray|p1b: Indeedee\n|-damage|p1b: Indeedee|93/100\n|-unboost|p1b: Indeedee|spd|2\n|move|p2a: Terapagos|Tera Starstorm|p1b: Indeedee|[spread] p1a,p1b\n|-damage|p1a: Calyrex|36/100 slp\n|-damage|p1b: Indeedee|0 fnt\n|faint|p1b: Indeedee\n|-damage|p2a: Terapagos|91/100|[from] item: Life Orb\n|\n|upkeep\n|\n|t:|1775855102\n|switch|p1b: Koraidon|Koraidon, L50|100/100\n|-weather|SunnyDay|[from] ability: Orichalcum Pulse|[of] p1b: Koraidon\n|-activate|p1b: Koraidon|Orichalcum Pulse|[source]\n|turn|3\n|\n|t:|1775855127\n|move|p2a: Terapagos|Protect|p2a: Terapagos\n|-singleturn|p2a: Terapagos|Protect\n|move|p1b: Koraidon|Collision Course|p2a: Terapagos\n|-activate|p2a: Terapagos|move: Protect\n|cant|p1a: Calyrex|slp\n|move|p2b: Toedscruel|Spore|p1b: Koraidon\n|-status|p1b: Koraidon|slp|[from] move: Spore\n|\n|-weather|SunnyDay|[upkeep]\n|upkeep\n|turn|4\n|\n|t:|1775855137\n|move|p2b: Toedscruel|Rage Powder|p2b: Toedscruel\n|-singleturn|p2b: Toedscruel|move: Rage Powder\n|cant|p1b: Koraidon|slp\n|-curestatus|p1a: Calyrex|slp|[msg]\n|move|p1a: Calyrex|Astral Barrage|p2a: Terapagos|[spread] p2b\n|-immune|p2a: Terapagos\n|-damage|p2b: Toedscruel|14/100\n|-damage|p1a: Calyrex|27/100|[from] item: Life Orb\n|move|p2a: Terapagos|Tera Starstorm|p1b: Koraidon|[spread] p1a,p1b\n|-damage|p1a: Calyrex|0 fnt\n|-damage|p1b: Koraidon|48/100 slp\n|faint|p1a: Calyrex\n|-damage|p2a: Terapagos|81/100|[from] item: Life Orb\n|\n|-weather|SunnyDay|[upkeep]\n|upkeep\n|\n|t:|1775855146\n|switch|p1a: Smeargle|Smeargle, L50, M|100/100\n|turn|5\n|\n|t:|1775855154\n|move|p1a: Smeargle|Fake Out|p2a: Terapagos\n|-damage|p2a: Terapagos|77/100\n|move|p2b: Toedscruel|Rage Powder|p2b: Toedscruel\n|-singleturn|p2b: Toedscruel|move: Rage Powder\n|cant|p1b: Koraidon|slp\n|cant|p2a: Terapagos|flinch\n|\n|-weather|SunnyDay|[upkeep]\n|-ability|p1a: Smeargle|Moody|boost\n|-boost|p1a: Smeargle|spd|2\n|-unboost|p1a: Smeargle|spe|1\n|upkeep\n|turn|6\n|\n|t:|1775855169\n|move|p2b: Toedscruel|Rage Powder|p2b: Toedscruel\n|-singleturn|p2b: Toedscruel|move: Rage Powder\n|cant|p1b: Koraidon|slp\n|move|p2a: Terapagos|Tera Starstorm|p1a: Smeargle|[spread] p1a,p1b\n|-damage|p1a: Smeargle|47/100\n|-damage|p1b: Koraidon|0 fnt\n|faint|p1b: Koraidon\n|-damage|p2a: Terapagos|67/100|[from] item: Life Orb\n|move|p1a: Smeargle|Spore|p2b: Toedscruel\n|-immune|p2b: Toedscruel\n|\n|-weather|SunnyDay|[upkeep]\n|-ability|p1a: Smeargle|Moody|boost\n|-boost|p1a: Smeargle|def|2\n|-unboost|p1a: Smeargle|spa|1\n|upkeep\n|turn|7\n|-message|lsslsssllsslsssl forfeited.\n|\n|win|popandpop\n|raw|lsslsssllsslsssl's rating: 1372 &rarr; <strong>1356</strong><br />(-16 for losing)\n|raw|popandpop's rating: 1448 &rarr; <strong>1464</strong><br />(+16 for winning)\n|l|\u2606lsslsssllsslsssl\n|player|p1|\n|l|\u2606popandpop\n|player|p2|\n","uploadtime":1775855417,"views":12,"formatid":"gen9vgc2026regi","rating":1356,"private":0,"password":null}