{"id":"gen9vgc2026regi-2565267283","format":"[Gen 9] VGC 2026 Reg I","players":["skorne true 666","SycrasisEU"],"log":"|j|\u2606skorne true 666\n|j|\u2606SycrasisEU\n|t:|1774254638\n|gametype|doubles\n|player|p1|skorne true 666|hilbert-wonderlauncher|1176\n|player|p2|SycrasisEU|byron|1143\n|gen|9\n|tier|[Gen 9] VGC 2026 Reg I\n|rated|\n|rule|Species Clause: Limit one of each Pok\u00e9mon\n|rule|Item Clause: Limit 1 of each item\n|clearpoke\n|poke|p1|Kyogre, L50|\n|poke|p1|Zamazenta-*, L50|\n|poke|p1|Roaring Moon, L50|\n|poke|p1|Chien-Pao, L50|\n|poke|p1|Landorus, L50, M|\n|poke|p1|Amoonguss, L50, M|\n|poke|p2|Koraidon, L50|\n|poke|p2|Incineroar, L50, F|\n|poke|p2|Ho-Oh, L50|\n|poke|p2|Walking Wake, L50|\n|poke|p2|Ogerpon-Cornerstone, L50, F|\n|poke|p2|Toxapex, L50, F|\n|teampreview|4\nSycrasisEU has agreed to open team sheets.\n|inactive|Battle timer is ON: inactive players will automatically lose when time's up. (requested by SycrasisEU)\n|inactive|skorne true 666 has 60 seconds left.\n|inactive|SycrasisEU has 60 seconds left.\n|inactive|SycrasisEU has 30 seconds left.\n|inactive|SycrasisEU has 20 seconds left.\n|inactive|SycrasisEU has 15 seconds left.\n|inactive|SycrasisEU has 10 seconds left.\n|\n|t:|1774254748\n|teamsize|p1|4\n|teamsize|p2|4\n|start\n|switch|p1a: Zamazenta|Zamazenta-Crowned, L50|100/100\n|switch|p1b: Kyogre|Kyogre, L50|100/100\n|switch|p2a: Toxapex|Toxapex, L50, F|100/100\n|switch|p2b: Incineroar|Incineroar, L50, F, shiny|100/100\n|-ability|p1a: Zamazenta|Dauntless Shield|boost\n|-boost|p1a: Zamazenta|def|1\n|-weather|RainDance|[from] ability: Drizzle|[of] p1b: Kyogre\n|-ability|p2b: Incineroar|Intimidate|boost\n|-unboost|p1a: Zamazenta|atk|1\n|-unboost|p1b: Kyogre|atk|1\n|turn|1\n|inactive|SycrasisEU has 30 seconds left.\n|\n|t:|1774254777\n|-terastallize|p2b: Incineroar|Grass\n|move|p1a: Zamazenta|Protect|p1a: Zamazenta\n|-singleturn|p1a: Zamazenta|Protect\n|move|p1b: Kyogre|Protect|p1b: Kyogre\n|-singleturn|p1b: Kyogre|Protect\n|move|p2b: Incineroar|Knock Off|p1b: Kyogre\n|-activate|p1b: Kyogre|move: Protect\n|move|p2a: Toxapex|Icy Wind|p1a: Zamazenta|[spread] \n|-activate|p1a: Zamazenta|move: Protect\n|-activate|p1b: Kyogre|move: Protect\n|\n|-weather|RainDance|[upkeep]\n|upkeep\n|turn|2\n|inactive|skorne true 666 has 30 seconds left.\n|inactive|skorne true 666 has 20 seconds left.\n|\n|t:|1774254813\n|switch|p1b: Amoonguss|Amoonguss, L50, M, shiny|100/100\n|move|p1a: Zamazenta|Body Press|p2a: Toxapex\n|-resisted|p2a: Toxapex\n|-damage|p2a: Toxapex|73/100\n|move|p2b: Incineroar|Knock Off|p1b: Amoonguss\n|-damage|p1b: Amoonguss|67/100\n|-damage|p2b: Incineroar|84/100|[from] item: Rocky Helmet|[of] p1b: Amoonguss\n|-enditem|p1b: Amoonguss|Rocky Helmet|[from] move: Knock Off|[of] p2b: Incineroar\n|move|p2a: Toxapex|Infestation|p1b: Amoonguss\n|-damage|p1b: Amoonguss|65/100\n|-activate|p1b: Amoonguss|move: Infestation|[of] p2a: Toxapex\n|\n|-weather|RainDance|[upkeep]\n|-heal|p2a: Toxapex|79/100|[from] item: Leftovers\n|-damage|p1b: Amoonguss|53/100|[from] move: Infestation|[partiallytrapped]\n|upkeep\n|turn|3\n|inactive|skorne true 666 has 30 seconds left.\n|inactive|SycrasisEU has 30 seconds left.\n|inactive|skorne true 666 has 20 seconds left.\n|\n|t:|1774254850\n|move|p1b: Amoonguss|Protect|p1b: Amoonguss\n|-singleturn|p1b: Amoonguss|Protect\n|move|p1a: Zamazenta|Body Press|p2b: Incineroar\n|-damage|p2b: Incineroar|29/100\n|move|p2b: Incineroar|Parting Shot|p1a: Zamazenta\n|-unboost|p1a: Zamazenta|atk|1\n|-unboost|p1a: Zamazenta|spa|1\n|\n|t:|1774254860\n|switch|p2b: Koraidon|Koraidon, L50, shiny|100/100|[from] Parting Shot\n|-weather|SunnyDay|[from] ability: Orichalcum Pulse|[of] p2b: Koraidon\n|-activate|p2b: Koraidon|Orichalcum Pulse|[source]\n|move|p2a: Toxapex|Infestation|p1a: Zamazenta\n|-resisted|p1a: Zamazenta\n|-damage|p1a: Zamazenta|99/100\n|-activate|p1a: Zamazenta|move: Infestation|[of] p2a: Toxapex\n|\n|-weather|SunnyDay|[upkeep]\n|-heal|p2a: Toxapex|85/100|[from] item: Leftovers\n|-damage|p1a: Zamazenta|88/100|[from] move: Infestation|[partiallytrapped]\n|-damage|p1b: Amoonguss|40/100|[from] move: Infestation|[partiallytrapped]\n|upkeep\n|turn|4\n|inactive|skorne true 666 has 30 seconds left.\n|inactive|SycrasisEU has 30 seconds left.\n|inactive|skorne true 666 has 20 seconds left.\n|\n|t:|1774254895\n|move|p1a: Zamazenta|Protect|p1a: Zamazenta\n|-singleturn|p1a: Zamazenta|Protect\n|move|p2b: Koraidon|U-turn|p1b: Amoonguss\n|-damage|p1b: Amoonguss|0 fnt\n|faint|p1b: Amoonguss\n|\n|t:|1774254904\n|switch|p2b: Walking Wake|Walking Wake, L50|100/100|[from] U-turn\n|-activate|p2b: Walking Wake|ability: Protosynthesis\n|-start|p2b: Walking Wake|protosynthesisspa\n|move|p2a: Toxapex|Icy Wind|p1a: Zamazenta\n|-activate|p1a: Zamazenta|move: Protect\n|\n|-weather|SunnyDay|[upkeep]\n|-heal|p2a: Toxapex|90/100|[from] item: Leftovers\n|-damage|p1a: Zamazenta|75/100|[from] move: Infestation|[partiallytrapped]\n|upkeep\n|\n|t:|1774254916\n|switch|p1b: Kyogre|Kyogre, L50|100/100\n|-weather|RainDance|[from] ability: Drizzle|[of] p1b: Kyogre\n|-end|p2b: Walking Wake|Protosynthesis\n|turn|5\n|\n|t:|1774254934\n|switch|p1b: Landorus|Landorus, L50, M|100/100\n|move|p2b: Walking Wake|Hydro Steam|p1a: Zamazenta\n|-damage|p1a: Zamazenta|15/100\n|-damage|p2b: Walking Wake|91/100|[from] item: Life Orb\n|move|p1a: Zamazenta|Body Press|p2b: Walking Wake\n|-damage|p2b: Walking Wake|14/100\n|move|p2a: Toxapex|Infestation|p1b: Landorus\n|-resisted|p1b: Landorus\n|-damage|p1b: Landorus|99/100\n|-activate|p1b: Landorus|move: Infestation|[of] p2a: Toxapex\n|\n|-weather|RainDance|[upkeep]\n|-heal|p2a: Toxapex|96/100|[from] item: Leftovers\n|-damage|p1a: Zamazenta|3/100|[from] move: Infestation|[partiallytrapped]\n|-damage|p1b: Landorus|87/100|[from] move: Infestation|[partiallytrapped]\n|upkeep\n|turn|6\n|inactive|skorne true 666 has 30 seconds left.\n|\n|t:|1774254967\n|move|p2b: Walking Wake|Protect|p2b: Walking Wake\n|-singleturn|p2b: Walking Wake|Protect\n|move|p1a: Zamazenta|Protect|p1a: Zamazenta\n|-singleturn|p1a: Zamazenta|Protect\n|move|p2a: Toxapex|Baneful Bunker|p2a: Toxapex\n|-singleturn|p2a: Toxapex|move: Protect\n|move|p1b: Landorus|Sandsear Storm|p2b: Walking Wake|[spread] \n|-activate|p2a: Toxapex|move: Protect\n|-activate|p2b: Walking Wake|move: Protect\n|\n|-weather|RainDance|[upkeep]\n|-heal|p2a: Toxapex|100/100|[from] item: Leftovers\n|-damage|p1a: Zamazenta|0 fnt|[from] move: Infestation|[partiallytrapped]\n|faint|p1a: Zamazenta\n|-damage|p1b: Landorus|74/100|[from] move: Infestation|[partiallytrapped]\n|upkeep\n|\n|t:|1774254986\n|switch|p1a: Kyogre|Kyogre, L50|100/100\n|turn|7\n|\n|t:|1774255004\n|-terastallize|p1a: Kyogre|Grass\n|move|p2a: Toxapex|Wide Guard|p2a: Toxapex\n|-singleturn|p2a: Toxapex|Wide Guard\n|move|p2b: Walking Wake|Hydro Steam|p1b: Landorus\n|-supereffective|p1b: Landorus\n|-damage|p1b: Landorus|0 fnt\n|faint|p1b: Landorus\n|-damage|p2b: Walking Wake|5/100|[from] item: Life Orb\n|move|p1a: Kyogre|Origin Pulse|p2b: Walking Wake|[spread] \n|-activate|p2a: Toxapex|move: Wide Guard\n|-activate|p2b: Walking Wake|move: Wide Guard\n|\n|-weather|RainDance|[upkeep]\n|upkeep\n|turn|8\n|\n|t:|1774255021\n|switch|p2a: Koraidon|Koraidon, L50, shiny|100/100\n|-weather|SunnyDay|[from] ability: Orichalcum Pulse|[of] p2a: Koraidon\n|-activate|p2b: Walking Wake|ability: Protosynthesis\n|-start|p2b: Walking Wake|protosynthesisspa\n|-activate|p2a: Koraidon|Orichalcum Pulse|[source]\n|move|p2b: Walking Wake|Flamethrower|p1a: Kyogre\n|-supereffective|p1a: Kyogre\n|-damage|p1a: Kyogre|0 fnt\n|faint|p1a: Kyogre\n|-damage|p2b: Walking Wake|0 fnt|[from] item: Life Orb\n|faint|p2b: Walking Wake\n|-end|p2b: Walking Wake|Protosynthesis|[silent]\n|\n|win|SycrasisEU\n|raw|skorne true 666's rating: 1176 &rarr; <strong>1149</strong><br />(-27 for losing)\n|raw|SycrasisEU's rating: 1143 &rarr; <strong>1170</strong><br />(+27 for winning)\n|l|\u2606SycrasisEU\n|player|p2|\n|l|\u2606skorne true 666\n|player|p1|\n","uploadtime":1774255412,"views":12,"formatid":"gen9vgc2026regi","rating":1149,"private":0,"password":null}