{"id":"gen9vgc2026regi-2548292327","format":"[Gen 9] VGC 2026 Reg I","players":["partigiano jonny","cookertree"],"log":"|j|\u2606partigiano jonny\n|j|\u2606cookertree\n|t:|1772199602\n|gametype|doubles\n|player|p1|partigiano jonny|volkner|1371\n|player|p2|cookertree|265|1316\n|gen|9\n|tier|[Gen 9] VGC 2026 Reg I\n|rated|\n|rule|Species Clause: Limit one of each Pok\u00e9mon\n|rule|Item Clause: Limit 1 of each item\n|clearpoke\n|poke|p1|Miraidon, L50|\n|poke|p1|Lunala, L50|\n|poke|p1|Incineroar, L50, F|\n|poke|p1|Ursaluna, L50, F|\n|poke|p1|Urshifu-*, L50, M|\n|poke|p1|Whimsicott, L50, M|\n|poke|p2|Calyrex-Shadow, L50|\n|poke|p2|Koraidon, L50|\n|poke|p2|Chi-Yu, L50|\n|poke|p2|Walking Wake, L50|\n|poke|p2|Brute Bonnet, L50|\n|poke|p2|Weezing-Galar, L50, M|\n|teampreview|4\n|inactive|Battle timer is ON: inactive players will automatically lose when time's up. (requested by partigiano jonny)\n|\n|t:|1772199634\n|teamsize|p1|4\n|teamsize|p2|4\n|start\n|switch|p1a: Whimsicott|Whimsicott, L50, M|100/100\n|switch|p1b: Miraidon|Miraidon, L50|100/100\n|switch|p2a: Koraidon|Koraidon, L50|100/100\n|switch|p2b: Weezing|Weezing-Galar, L50, M, shiny|100/100\n|-ability|p2b: Weezing|Neutralizing Gas\n|-block|p2a: Koraidon|item: Ability Shield\n|-weather|SunnyDay|[from] ability: Orichalcum Pulse|[of] p2a: Koraidon\n|-activate|p2a: Koraidon|Orichalcum Pulse|[source]\n|turn|1\n|\n|t:|1772199651\n|-terastallize|p1a: Whimsicott|Water\n|move|p1b: Miraidon|Draco Meteor|p2a: Koraidon\n|-supereffective|p2a: Koraidon\n|-damage|p2a: Koraidon|0 fnt\n|-unboost|p1b: Miraidon|spa|2\n|faint|p2a: Koraidon\n|move|p1a: Whimsicott|Tailwind|p1a: Whimsicott\n|-sidestart|p1: partigiano jonny|move: Tailwind\n|move|p2b: Weezing|Taunt|p1a: Whimsicott\n|-start|p1a: Whimsicott|move: Taunt\n|\n|-weather|SunnyDay|[upkeep]\n|upkeep\n|\n|t:|1772199659\n|switch|p2a: Calyrex|Calyrex-Shadow, L50|100/100\n|-ability|p2a: Calyrex|As One\n|-ability|p2a: Calyrex|Unnerve\n|turn|2\n|\n|t:|1772199664\n|switch|p1b: Incineroar|Incineroar, L50, F|100/100\n|move|p1a: Whimsicott|Moonblast|p2a: Calyrex\n|-damage|p2a: Calyrex|73/100\n|move|p2a: Calyrex|Astral Barrage|p1a: Whimsicott|[spread] p1a,p1b\n|-resisted|p1b: Incineroar\n|-damage|p1a: Whimsicott|44/100\n|-damage|p1b: Incineroar|83/100\n|move|p2b: Weezing|Poison Gas|p1b: Incineroar|[spread] p1a,p1b\n|-status|p1a: Whimsicott|psn\n|-status|p1b: Incineroar|psn\n|\n|-weather|SunnyDay|[upkeep]\n|-damage|p1a: Whimsicott|32/100 psn|[from] psn\n|-damage|p1b: Incineroar|70/100 psn|[from] psn\n|upkeep\n|turn|3\n|\n|t:|1772199680\n|move|p2a: Calyrex|Protect|p2a: Calyrex\n|-singleturn|p2a: Calyrex|Protect\n|move|p1a: Whimsicott|Moonblast|p2b: Weezing\n|-resisted|p2b: Weezing\n|-damage|p2b: Weezing|87/100\n|move|p1b: Incineroar|Flare Blitz|p2a: Calyrex\n|-activate|p2a: Calyrex|move: Protect\n|move|p2b: Weezing|Play Rough|p1b: Incineroar\n|-damage|p1b: Incineroar|44/100 psn\n|\n|-weather|SunnyDay|[upkeep]\n|-damage|p1a: Whimsicott|20/100 psn|[from] psn\n|-damage|p1b: Incineroar|32/100 psn|[from] psn\n|upkeep\n|turn|4\n|\n|t:|1772199691\n|move|p1a: Whimsicott|Moonblast|p2b: Weezing\n|-resisted|p2b: Weezing\n|-damage|p2b: Weezing|73/100\n|move|p2a: Calyrex|Astral Barrage|p1a: Whimsicott|[spread] p1a,p1b\n|-resisted|p1b: Incineroar\n|-damage|p1a: Whimsicott|0 fnt\n|-damage|p1b: Incineroar|14/100 psn\n|faint|p1a: Whimsicott\n|-ability|p2a: Calyrex|Grim Neigh|boost\n|-boost|p2a: Calyrex|spa|1\n|move|p1b: Incineroar|Flare Blitz|p2a: Calyrex\n|-crit|p2a: Calyrex\n|-damage|p2a: Calyrex|0 fnt\n|faint|p2a: Calyrex\n|-damage|p1b: Incineroar|0 fnt|[from] Recoil\n|faint|p1b: Incineroar\n|move|p2b: Weezing|Play Rough|p1: Whimsicott|[notarget]\n|-fail|p2b: Weezing\n|\n|-weather|SunnyDay|[upkeep]\n|-sideend|p1: partigiano jonny|move: Tailwind\n|upkeep\n|\n|t:|1772199700\n|switch|p2a: Brute Bonnet|Brute Bonnet, L50, shiny|100/100\n|switch|p1a: Miraidon|Miraidon, L50|100/100\n|switch|p1b: Urshifu|Urshifu-Rapid-Strike, L50, M|100/100\n|turn|5\n|\n|t:|1772199711\n|move|p1a: Miraidon|Electro Drift|p2a: Brute Bonnet\n|-resisted|p2a: Brute Bonnet\n|-damage|p2a: Brute Bonnet|65/100\n|-damage|p1a: Miraidon|84/100|[from] item: Rocky Helmet|[of] p2a: Brute Bonnet\n|move|p1b: Urshifu|Close Combat|p2a: Brute Bonnet\n|-supereffective|p2a: Brute Bonnet\n|-damage|p2a: Brute Bonnet|0 fnt\n|-unboost|p1b: Urshifu|def|1\n|-unboost|p1b: Urshifu|spd|1\n|-damage|p1b: Urshifu|84/100|[from] item: Rocky Helmet|[of] p2a: Brute Bonnet\n|faint|p2a: Brute Bonnet\n|-end|p2a: Brute Bonnet|Protosynthesis|[silent]\n|move|p2b: Weezing|Play Rough|p1a: Miraidon\n|-supereffective|p1a: Miraidon\n|-damage|p1a: Miraidon|28/100\n|\n|-weather|none\n|upkeep\n|turn|6\n|-message|cookertree forfeited.\n|\n|win|partigiano jonny\n|raw|partigiano jonny's rating: 1371 &rarr; <strong>1388</strong><br />(+17 for winning)\n|raw|cookertree's rating: 1316 &rarr; <strong>1299</strong><br />(-17 for losing)\n|l|\u2606cookertree\n|player|p2|\n","uploadtime":1772199729,"views":11,"formatid":"gen9vgc2026regi","rating":1299,"private":0,"password":null}