{"id":"gen9vgc2026regi-2534561387","format":"[Gen 9] VGC 2026 Reg I","players":["lalo's pollos","Helloguyslol"],"log":"|j|\u2606lalo's pollos\n|j|\u2606Helloguyslol\n|t:|1770437281\n|gametype|doubles\n|player|p1|lalo's pollos|1|1525\n|player|p2|Helloguyslol|unknown|1388\n|gen|9\n|tier|[Gen 9] VGC 2026 Reg I\n|rated|\n|rule|Species Clause: Limit one of each Pok\u00e9mon\n|rule|Item Clause: Limit 1 of each item\n|clearpoke\n|poke|p1|Zamazenta-*, L50|\n|poke|p1|Lunala, L50|\n|poke|p1|Rillaboom, L50, M|\n|poke|p1|Incineroar, L50, F|\n|poke|p1|Urshifu-*, L50, M|\n|poke|p1|Tornadus, L50, M|\n|poke|p2|Calyrex-Shadow, L50|\n|poke|p2|Zacian-*, L50|\n|poke|p2|Garganacl, L50, F|\n|poke|p2|Annihilape, L50, F|\n|poke|p2|Whimsicott, L50, F|\n|poke|p2|Rillaboom, L50, F|\n|teampreview|4\n|inactive|Battle timer is ON: inactive players will automatically lose when time's up. (requested by Helloguyslol)\n|j| Aerogood\n|\n|t:|1770437298\n|teamsize|p1|4\n|teamsize|p2|4\n|start\n|switch|p1a: Tornadus|Tornadus, L50, M|100/100\n|switch|p1b: Zamazenta|Zamazenta-Crowned, L50|100/100\n|switch|p2a: Annihilape|Annihilape, L50, F, shiny|100/100\n|switch|p2b: Calyrex|Calyrex-Shadow, L50|100/100\n|-ability|p2b: Calyrex|As One\n|-ability|p2b: Calyrex|Unnerve\n|-ability|p1b: Zamazenta|Dauntless Shield|boost\n|-boost|p1b: Zamazenta|def|1\n|turn|1\n|\n|t:|1770437307\n|move|p1b: Zamazenta|Protect|p1b: Zamazenta\n|-singleturn|p1b: Zamazenta|Protect\n|move|p2a: Annihilape|Final Gambit|p1b: Zamazenta\n|-activate|p1b: Zamazenta|move: Protect\n|move|p2b: Calyrex|Astral Barrage|p1b: Zamazenta|[spread] p1a\n|-activate|p1b: Zamazenta|move: Protect\n|-damage|p1a: Tornadus|22/100\n|move|p1a: Tornadus|Bleakwind Storm|p2a: Annihilape|[spread] p2b\n|-miss|p1a: Tornadus|p2a: Annihilape\n|-damage|p2b: Calyrex|65/100\n|-unboost|p2b: Calyrex|spe|1\n|\n|upkeep\n|turn|2\n|inactive|lalo's pollos has 30 seconds left.\n|inactive|lalo's pollos has 20 seconds left.\n|inactive|lalo's pollos has 15 seconds left.\n|inactive|lalo's pollos has 10 seconds left.\n|inactive|lalo's pollos has 5 seconds left.\n|\n|t:|1770437359\n|switch|p2a: Garganacl|Garganacl, L50, F, shiny|100/100\n|switch|p2b: Zacian|Zacian-Crowned, L50|100/100\n|-ability|p2b: Zacian|Intrepid Sword|boost\n|-boost|p2b: Zacian|atk|1\n|move|p1a: Tornadus|Tailwind|p1a: Tornadus\n|-sidestart|p1: lalo's pollos|move: Tailwind\n|move|p1b: Zamazenta|Heavy Slam|p2b: Zacian\n|-damage|p2b: Zacian|80/100\n|\n|upkeep\n|turn|3\n|\n|t:|1770437379\n|switch|p1a: Incineroar|Incineroar, L50, F|100/100\n|-ability|p1a: Incineroar|Intimidate|boost\n|-unboost|p2a: Garganacl|atk|1\n|-unboost|p2b: Zacian|atk|1\n|switch|p2a: Annihilape|Annihilape, L50, F, shiny|100/100\n|move|p1b: Zamazenta|Body Press|p2b: Zacian\n|-damage|p2b: Zacian|14/100\n|move|p2b: Zacian|Behemoth Blade|p1a: Incineroar\n|-resisted|p1a: Incineroar\n|-damage|p1a: Incineroar|76/100\n|\n|upkeep\n|turn|4\n|\n|t:|1770437397\n|move|p2b: Zacian|Protect|p2b: Zacian\n|-singleturn|p2b: Zacian|Protect\n|move|p1b: Zamazenta|Heavy Slam|p2a: Annihilape\n|-damage|p2a: Annihilape|51/100\n|move|p2a: Annihilape|Final Gambit|p1b: Zamazenta\n|-damage|p1b: Zamazenta|39/100\n|faint|p2a: Annihilape\n|move|p1a: Incineroar|Parting Shot|p2b: Zacian\n|-activate|p2b: Zacian|move: Protect\n|\n|upkeep\n|\n|t:|1770437415\n|switch|p2a: Garganacl|Garganacl, L50, F, shiny|100/100\n|turn|5\n|\n|t:|1770437422\n|switch|p2b: Calyrex|Calyrex-Shadow, L50|65/100\n|-ability|p2b: Calyrex|As One\n|-ability|p2b: Calyrex|Unnerve\n|move|p2a: Garganacl|Protect|p2a: Garganacl\n|-singleturn|p2a: Garganacl|Protect\n|move|p1b: Zamazenta|Heavy Slam|p2a: Garganacl\n|-activate|p2a: Garganacl|move: Protect\n|move|p1a: Incineroar|Parting Shot|p2b: Calyrex\n|-unboost|p2b: Calyrex|atk|1\n|-unboost|p2b: Calyrex|spa|1\n|\n|t:|1770437432\n|switch|p1a: Tornadus|Tornadus, L50, M|22/100|[from] Parting Shot\n|\n|-sideend|p1: lalo's pollos|move: Tailwind\n|upkeep\n|turn|6\n|\n|t:|1770437441\n|-terastallize|p2a: Garganacl|Grass\n|move|p1a: Tornadus|Tailwind|p1a: Tornadus\n|-sidestart|p1: lalo's pollos|move: Tailwind\n|move|p1b: Zamazenta|Heavy Slam|p2a: Garganacl\n|-damage|p2a: Garganacl|80/100\n|move|p2b: Calyrex|Astral Barrage|p1b: Zamazenta|[spread] p1a,p1b\n|-crit|p1a: Tornadus\n|-crit|p1b: Zamazenta\n|-damage|p1a: Tornadus|0 fnt\n|-damage|p1b: Zamazenta|0 fnt\n|faint|p1a: Tornadus\n|faint|p1b: Zamazenta\n|-ability|p2b: Calyrex|Grim Neigh|boost\n|-boost|p2b: Calyrex|spa|2\n|move|p2a: Garganacl|Salt Cure|p1: Tornadus|[notarget]\n|-fail|p2a: Garganacl\n|\n|-heal|p2a: Garganacl|86/100|[from] item: Leftovers\n|upkeep\n|\n|t:|1770437446\n|switch|p1a: Incineroar|Incineroar, L50, F|76/100\n|switch|p1b: Lunala|Lunala, L50|100/100\n|-ability|p1a: Incineroar|Intimidate|boost\n|-unboost|p2a: Garganacl|atk|1\n|-unboost|p2b: Calyrex|atk|1\n|turn|7\n|\n|t:|1770437459\n|-terastallize|p1b: Lunala|Fairy\n|move|p2b: Calyrex|Protect|p2b: Calyrex\n|-singleturn|p2b: Calyrex|Protect\n|move|p2a: Garganacl|Protect|p2a: Garganacl\n|-singleturn|p2a: Garganacl|Protect\n|move|p1a: Incineroar|Fake Out|p2a: Garganacl\n|-activate|p2a: Garganacl|move: Protect\n|move|p1b: Lunala|Calm Mind|p1b: Lunala\n|-boost|p1b: Lunala|spa|1\n|-boost|p1b: Lunala|spd|1\n|\n|-heal|p2a: Garganacl|91/100|[from] item: Leftovers\n|upkeep\n|turn|8\n|\n|t:|1770437476\n|move|p1b: Lunala|Moongeist Beam|p2b: Calyrex\n|-supereffective|p2b: Calyrex\n|-damage|p2b: Calyrex|0 fnt\n|faint|p2b: Calyrex\n|move|p1a: Incineroar|Knock Off|p2a: Garganacl\n|-damage|p2a: Garganacl|69/100\n|-enditem|p2a: Garganacl|Leftovers|[from] move: Knock Off|[of] p1a: Incineroar\n|move|p2a: Garganacl|Salt Cure|p1b: Lunala\n|-damage|p1b: Lunala|97/100\n|-start|p1b: Lunala|Salt Cure\n|\n|-heal|p1b: Lunala|100/100|[from] item: Leftovers\n|-damage|p1b: Lunala|88/100|[from] Salt Cure\n|upkeep\n|\n|t:|1770437480\n|switch|p2b: Zacian|Zacian-Crowned, L50|14/100\n|turn|9\n|\n|t:|1770437488\n|move|p2b: Zacian|Protect|p2b: Zacian\n|-singleturn|p2b: Zacian|Protect\n|move|p1b: Lunala|Moonblast|p2a: Garganacl\n|-damage|p2a: Garganacl|15/100\n|-unboost|p2a: Garganacl|spa|1\n|move|p1a: Incineroar|Knock Off|p2a: Garganacl\n|-damage|p2a: Garganacl|0 fnt\n|faint|p2a: Garganacl\n|\n|-heal|p1b: Lunala|94/100|[from] item: Leftovers\n|-damage|p1b: Lunala|82/100|[from] Salt Cure\n|-sideend|p1: lalo's pollos|move: Tailwind\n|upkeep\n|turn|10\n|\n|t:|1770437500\n|move|p1b: Lunala|Protect|p1b: Lunala\n|-singleturn|p1b: Lunala|Protect\n|move|p2b: Zacian|Behemoth Blade|p1b: Lunala\n|-activate|p1b: Lunala|move: Protect\n|move|p1a: Incineroar|Knock Off|p2b: Zacian\n|-resisted|p2b: Zacian\n|-damage|p2b: Zacian|3/100\n|\n|-heal|p1b: Lunala|88/100|[from] item: Leftovers\n|-damage|p1b: Lunala|75/100|[from] Salt Cure\n|upkeep\n|turn|11\n|-message|Helloguyslol forfeited.\n|\n|win|lalo's pollos\n|raw|lalo&apos;s pollos's rating: 1525 &rarr; <strong>1537</strong><br />(+12 for winning)\n|raw|Helloguyslol's rating: 1388 &rarr; <strong>1376</strong><br />(-12 for losing)\n|l|\u2606Helloguyslol\n|player|p2|\n|l|\u2606lalo's pollos\n|player|p1|\n","uploadtime":1770437674,"views":13,"formatid":"gen9vgc2026regi","rating":1376,"private":0,"password":null}