{"id":"gen9vgc2026regi-2562418892","format":"[Gen 9] VGC 2026 Reg I","players":["Jonen","bryandalegendd"],"log":"|j|\u2606Jonen\n|j|\u2606bryandalegendd\n|t:|1773914200\n|gametype|doubles\n|player|p1|Jonen|medium|1411\n|player|p2|bryandalegendd|2|1341\n|gen|9\n|tier|[Gen 9] VGC 2026 Reg I\n|rated|\n|rule|Species Clause: Limit one of each Pok\u00e9mon\n|rule|Item Clause: Limit 1 of each item\n|clearpoke\n|poke|p1|Dondozo, L50, F|\n|poke|p1|Tatsugiri-Droopy, L50, F|\n|poke|p1|Miraidon, L50|\n|poke|p1|Calyrex-Shadow, L50|\n|poke|p1|Scream Tail, L50|\n|poke|p1|Drifblim, L50, M|\n|poke|p2|Whimsicott, L50, F|\n|poke|p2|Calyrex-Shadow, L50|\n|poke|p2|Miraidon, L50|\n|poke|p2|Iron Hands, L50|\n|poke|p2|Chi-Yu, L50|\n|poke|p2|Farigiraf, L50, M|\n|teampreview|4\n|inactive|Battle timer is ON: inactive players will automatically lose when time's up. (requested by Jonen)\n|inactive|Jonen has 60 seconds left.\n|\n|t:|1773914240\n|teamsize|p1|4\n|teamsize|p2|4\n|start\n|switch|p1a: Miraidon|Miraidon, L50|100/100\n|switch|p1b: Drifblim|Drifblim, L50, M, shiny|100/100\n|switch|p2a: Whimsicott|Whimsicott, L50, F|100/100\n|switch|p2b: Chi-Yu|Chi-Yu, L50|100/100\n|-ability|p2b: Chi-Yu|Beads of Ruin\n|-fieldstart|move: Electric Terrain|[from] ability: Hadron Engine|[of] p1a: Miraidon\n|-enditem|p1b: Drifblim|Electric Seed\n|-boost|p1b: Drifblim|def|1|[from] item: Electric Seed\n|turn|1\n|j| Tbccc15\n|inactive|bryandalegendd has 30 seconds left.\n|\n|t:|1773914274\n|move|p1b: Drifblim|Protect|p1b: Drifblim\n|-singleturn|p1b: Drifblim|Protect\n|move|p2a: Whimsicott|Fake Tears|p1a: Miraidon\n|-unboost|p1a: Miraidon|spd|2\n|move|p2b: Chi-Yu|Overheat|p1a: Miraidon\n|-resisted|p1a: Miraidon\n|-damage|p1a: Miraidon|22/100\n|-unboost|p2b: Chi-Yu|spa|2\n|move|p1a: Miraidon|Calm Mind|p1a: Miraidon\n|-boost|p1a: Miraidon|spa|1\n|-boost|p1a: Miraidon|spd|1\n|\n|upkeep\n|turn|2\n|\n|t:|1773914294\n|switch|p1a: Dondozo|Dondozo, L50, F|100/100\n|move|p2a: Whimsicott|Encore|p1b: Drifblim\n|-start|p1b: Drifblim|Encore\n|move|p1b: Drifblim|Protect||[still]\n|-fail|p1b: Drifblim\n|move|p2b: Chi-Yu|Overheat|p1a: Dondozo\n|-resisted|p1a: Dondozo\n|-damage|p1a: Dondozo|79/100\n|-unboost|p2b: Chi-Yu|spa|2\n|\n|-heal|p1a: Dondozo|86/100|[from] item: Leftovers\n|upkeep\n|turn|3\n|\n|t:|1773914319\n|switch|p1b: Miraidon|Miraidon, L50|22/100\n|-activate|p1b: Miraidon|ability: Hadron Engine\n|switch|p2b: Miraidon|Miraidon, L50|100/100\n|-activate|p2b: Miraidon|ability: Hadron Engine\n|move|p2a: Whimsicott|Tailwind|p2a: Whimsicott\n|-sidestart|p2: bryandalegendd|move: Tailwind\n|move|p1a: Dondozo|Substitute|p1a: Dondozo\n|-start|p1a: Dondozo|Substitute\n|-damage|p1a: Dondozo|61/100\n|\n|-heal|p1a: Dondozo|67/100|[from] item: Leftovers\n|upkeep\n|turn|4\n|inactive|Jonen has 30 seconds left.\n|\n|t:|1773914346\n|move|p1a: Dondozo|Protect|p1a: Dondozo\n|-singleturn|p1a: Dondozo|Protect\n|move|p2b: Miraidon|Volt Switch|p1a: Dondozo\n|-activate|p1a: Dondozo|move: Protect\n|move|p2a: Whimsicott|Moonblast|p1b: Miraidon\n|-supereffective|p1b: Miraidon\n|-damage|p1b: Miraidon|0 fnt\n|faint|p1b: Miraidon\n|\n|-heal|p1a: Dondozo|73/100|[from] item: Leftovers\n|upkeep\n|\n|t:|1773914353\n|switch|p1b: Drifblim|Drifblim, L50, M, shiny|100/100\n|turn|5\n|\n|t:|1773914370\n|move|p2a: Whimsicott|Encore|p1a: Dondozo\n|-start|p1a: Dondozo|Encore\n|move|p2b: Miraidon|Volt Switch|p1b: Drifblim\n|-supereffective|p1b: Drifblim\n|-damage|p1b: Drifblim|0 fnt\n|faint|p1b: Drifblim\n|\n|t:|1773914376\n|switch|p2b: Calyrex|Calyrex-Shadow, L50|100/100|[from] Volt Switch\n|-ability|p2b: Calyrex|As One\n|-ability|p2b: Calyrex|Unnerve\n|move|p1a: Dondozo|Protect||[still]\n|-fail|p1a: Dondozo\n|\n|-heal|p1a: Dondozo|79/100|[from] item: Leftovers\n|-fieldend|move: Electric Terrain\n|upkeep\n|-message|Jonen forfeited.\n|\n|win|bryandalegendd\n|raw|Jonen's rating: 1411 &rarr; <strong>1387</strong><br />(-24 for losing)\n|raw|bryandalegendd's rating: 1341 &rarr; <strong>1365</strong><br />(+24 for winning)\n|l|\u2606Jonen\n|player|p1|\n|l|\u2606bryandalegendd\n|player|p2|\n|l| Tbccc15\n","uploadtime":1773914377,"views":10,"formatid":"gen9vgc2026regi","rating":1365,"private":0,"password":null}