{"id":"gen9vgc2026regi-2544144056","format":"[Gen 9] VGC 2026 Reg I","players":["mikoag","ryo8989"],"log":"|j|\u2606mikoag\n|j|\u2606ryo8989\n|t:|1771665876\n|gametype|doubles\n|player|p1|mikoag|169|1402\n|player|p2|ryo8989|erika|1433\n|gen|9\n|tier|[Gen 9] VGC 2026 Reg I\n|rated|\n|rule|Species Clause: Limit one of each Pok\u00e9mon\n|rule|Item Clause: Limit 1 of each item\n|clearpoke\n|poke|p1|Miraidon, L50|\n|poke|p1|Lunala, L50|\n|poke|p1|Incineroar, L50, M|\n|poke|p1|Urshifu-*, L50, M|\n|poke|p1|Ursaluna, L50, F|\n|poke|p1|Ogerpon-Cornerstone, L50, F|\n|poke|p2|Calyrex-Shadow, L50|\n|poke|p2|Zamazenta-*, L50|\n|poke|p2|Raging Bolt, L50|\n|poke|p2|Tornadus, L50, M|\n|poke|p2|Urshifu-*, L50, M|\n|poke|p2|Indeedee-F, L50, F|\n|teampreview|4\n|\n|t:|1771665901\n|teamsize|p1|4\n|teamsize|p2|4\n|start\n|switch|p1a: Incineroar|Incineroar, L50, M|100/100\n|switch|p1b: Miraidon|Miraidon, L50|100/100\n|switch|p2a: Calyrex|Calyrex-Shadow, L50|100/100\n|switch|p2b: Indeedee|Indeedee-F, L50, F|100/100\n|-ability|p2a: Calyrex|As One\n|-ability|p2a: Calyrex|Unnerve\n|-fieldstart|move: Electric Terrain|[from] ability: Hadron Engine|[of] p1b: Miraidon\n|-fieldstart|move: Psychic Terrain|[from] ability: Psychic Surge|[of] p2b: Indeedee\n|-ability|p1a: Incineroar|Intimidate|boost\n|-unboost|p2a: Calyrex|atk|1\n|-unboost|p2b: Indeedee|atk|1\n|turn|1\n|\n|t:|1771665926\n|-terastallize|p2a: Calyrex|Ground\n|move|p2b: Indeedee|Helping Hand|p2a: Calyrex\n|-singleturn|p2a: Calyrex|Helping Hand|[of] p2b: Indeedee\n|move|p2a: Calyrex|Tera Blast|p1b: Miraidon|[anim] Tera Blast Ground\n|-supereffective|p1b: Miraidon\n|-damage|p1b: Miraidon|0 fnt\n|faint|p1b: Miraidon\n|-ability|p2a: Calyrex|Grim Neigh|boost\n|-boost|p2a: Calyrex|spa|1\n|move|p1a: Incineroar|Knock Off|p2b: Indeedee\n|-supereffective|p2b: Indeedee\n|-damage|p2b: Indeedee|32/100\n|-enditem|p2b: Indeedee|Safety Goggles|[from] move: Knock Off|[of] p1a: Incineroar\n|\n|upkeep\n|\n|t:|1771665941\n|switch|p1b: Lunala|Lunala, L50|100/100\n|turn|2\n|\n|t:|1771665971\n|-terastallize|p1a: Incineroar|Water\n|move|p2a: Calyrex|Tera Blast|p1a: Incineroar|[anim] Tera Blast Ground\n|-damage|p1a: Incineroar|28/100\n|move|p2b: Indeedee|Shadow Ball|p1b: Lunala\n|-supereffective|p1b: Lunala\n|-damage|p1b: Lunala|73/100\n|move|p1a: Incineroar|Knock Off|p2b: Indeedee\n|-supereffective|p2b: Indeedee\n|-damage|p2b: Indeedee|0 fnt\n|faint|p2b: Indeedee\n|move|p1b: Lunala|Trick Room|p1b: Lunala\n|-fieldstart|move: Trick Room|[of] p1b: Lunala\n|\n|-heal|p1b: Lunala|79/100|[from] item: Leftovers\n|upkeep\n|\n|t:|1771665987\n|switch|p2b: Zamazenta|Zamazenta-Crowned, L50, shiny|100/100\n|-ability|p2b: Zamazenta|Dauntless Shield|boost\n|-boost|p2b: Zamazenta|def|1\n|turn|3\n|\n|t:|1771666007\n|move|p1a: Incineroar|Flare Blitz|p2a: Calyrex\n|-damage|p2a: Calyrex|38/100\n|-damage|p1a: Incineroar|10/100|[from] Recoil\n|move|p1b: Lunala|Moongeist Beam|p2a: Calyrex\n|-damage|p2a: Calyrex|0 fnt\n|faint|p2a: Calyrex\n|move|p2b: Zamazenta|Body Press|p1a: Incineroar\n|-damage|p1a: Incineroar|0 fnt\n|-damage|p2b: Zamazenta|84/100|[from] item: Rocky Helmet|[of] p1a: Incineroar\n|faint|p1a: Incineroar\n|\n|-heal|p1b: Lunala|85/100|[from] item: Leftovers\n|upkeep\n|\n|t:|1771666024\n|switch|p1a: Ursaluna|Ursaluna, L50, F|100/100\n|switch|p2a: Urshifu|Urshifu-Rapid-Strike, L50, M|100/100\n|turn|4\n|\n|t:|1771666050\n|move|p1a: Ursaluna|Headlong Rush|p2a: Urshifu\n|-damage|p2a: Urshifu|28/100\n|-unboost|p1a: Ursaluna|def|1\n|-unboost|p1a: Ursaluna|spd|1\n|move|p2a: Urshifu|Surging Strikes|p1a: Ursaluna\n|-supereffective|p1a: Ursaluna\n|-crit|p1a: Ursaluna\n|-damage|p1a: Ursaluna|31/100\n|-supereffective|p1a: Ursaluna\n|-crit|p1a: Ursaluna\n|-damage|p1a: Ursaluna|0 fnt\n|faint|p1a: Ursaluna\n|-hitcount|p1: Ursaluna|2\n|move|p1b: Lunala|Moonblast|p2a: Urshifu\n|-supereffective|p2a: Urshifu\n|-damage|p2a: Urshifu|0 fnt\n|faint|p2a: Urshifu\n|move|p2b: Zamazenta|Heavy Slam|p1b: Lunala\n|-damage|p1b: Lunala|42/100\n|\n|-heal|p1b: Lunala|48/100|[from] item: Leftovers\n|upkeep\n|turn|5\n|\n|t:|1771666081\n|move|p1b: Lunala|Moongeist Beam|p2b: Zamazenta\n|-damage|p2b: Zamazenta|50/100\n|move|p2b: Zamazenta|Heavy Slam|p1b: Lunala\n|-damage|p1b: Lunala|0 fnt\n|faint|p1b: Lunala\n|\n|win|ryo8989\n|raw|mikoag's rating: 1402 &rarr; <strong>1384</strong><br />(-18 for losing)\n|raw|ryo8989's rating: 1433 &rarr; <strong>1451</strong><br />(+18 for winning)\n|l|\u2606mikoag\n|player|p1|\n|l|\u2606ryo8989\n|player|p2|\n","uploadtime":1771666304,"views":17,"formatid":"gen9vgc2026regi","rating":1384,"private":0,"password":null}