{"id":"gen9vgc2026regi-2520589696","format":"[Gen 9] VGC 2026 Reg I","players":["Brendan B Keating","marcxhenry"],"log":"|j|\u2606Brendan B Keating\n|j|\u2606marcxhenry\n|t:|1768659203\n|gametype|doubles\n|player|p1|Brendan B Keating|lady-gen4|1319\n|player|p2|marcxhenry|hilbert-wonderlauncher|1439\n|gen|9\n|tier|[Gen 9] VGC 2026 Reg I\n|rated|\n|rule|Species Clause: Limit one of each Pok\u00e9mon\n|rule|Item Clause: Limit 1 of each item\n|clearpoke\n|poke|p1|Calyrex-Shadow, L50|\n|poke|p1|Zamazenta-*, L50|\n|poke|p1|Urshifu-*, L50, F|\n|poke|p1|Indeedee-F, L50, F|\n|poke|p1|Ogerpon-Cornerstone, L50, F|\n|poke|p1|Raging Bolt, L50|\n|poke|p2|Calyrex-Shadow, L50|\n|poke|p2|Urshifu-*, L50, M|\n|poke|p2|Roaring Moon, L50|\n|poke|p2|Kyogre, L50|\n|poke|p2|Tsareena, L50, F|\n|poke|p2|Kingambit, L50, M|\n|teampreview|4\n|\n|t:|1768659237\n|teamsize|p1|4\n|teamsize|p2|4\n|start\n|switch|p1a: Urshifu|Urshifu-Rapid-Strike, L50, F|100/100\n|switch|p1b: Raging Bolt|Raging Bolt, L50|100/100\n|switch|p2a: Roter Baron|Roaring Moon, L50, shiny|100/100\n|switch|p2b: Ludwig|Calyrex-Shadow, L50|100/100\n|-ability|p2b: Ludwig|As One\n|-ability|p2b: Ludwig|Unnerve\n|-enditem|p2a: Roter Baron|Booster Energy\n|-activate|p2a: Roter Baron|ability: Protosynthesis|[fromitem]\n|-start|p2a: Roter Baron|protosynthesisspe\n|turn|1\n|inactive|Battle timer is ON: inactive players will automatically lose when time's up. (requested by Brendan B Keating)\n|\n|t:|1768659265\n|-terastallize|p2a: Roter Baron|Flying\n|move|p2a: Roter Baron|Knock Off|p1a: Urshifu\n|-resisted|p1a: Urshifu\n|-damage|p1a: Urshifu|74/100\n|-enditem|p1a: Urshifu|Choice Scarf|[from] move: Knock Off|[of] p2a: Roter Baron\n|move|p2b: Ludwig|Astral Barrage|p1a: Urshifu|[spread] p1a,p1b\n|-damage|p1a: Urshifu|0 fnt\n|-damage|p1b: Raging Bolt|67/100\n|faint|p1a: Urshifu\n|-ability|p2b: Ludwig|Grim Neigh|boost\n|-boost|p2b: Ludwig|spa|1\n|move|p1b: Raging Bolt|Snarl|p2b: Ludwig|[spread] p2a,p2b\n|-supereffective|p2b: Ludwig\n|-crit|p2b: Ludwig\n|-damage|p2a: Roter Baron|85/100\n|-enditem|p2b: Ludwig|Focus Sash\n|-damage|p2b: Ludwig|1/100\n|-unboost|p2a: Roter Baron|spa|1\n|-unboost|p2b: Ludwig|spa|1\n|\n|upkeep\n|\n|t:|1768659280\n|switch|p1a: Calyrex|Calyrex-Shadow, L50|100/100\n|-ability|p1a: Calyrex|As One\n|-ability|p1a: Calyrex|Unnerve\n|turn|2\n|\n|t:|1768659295\n|move|p2b: Ludwig|Protect|p2b: Ludwig\n|-singleturn|p2b: Ludwig|Protect\n|move|p1a: Calyrex|Protect|p1a: Calyrex\n|-singleturn|p1a: Calyrex|Protect\n|move|p1b: Raging Bolt|Thunderclap||[still]\n|-fail|p1b: Raging Bolt\n|move|p2a: Roter Baron|Tailwind|p2a: Roter Baron\n|-sidestart|p2: marcxhenry|move: Tailwind\n|\n|upkeep\n|turn|3\n|\n|t:|1768659309\n|-end|p2a: Roter Baron|Protosynthesis|[silent]\n|switch|p2a: Eva|Tsareena, L50, F, shiny|100/100\n|-terastallize|p1a: Calyrex|Dark\n|move|p1b: Raging Bolt|Thunderclap||[still]\n|cant|p2a: Eva|ability: Queenly Majesty|Thunderclap|[of] p1b: Raging Bolt\n|move|p2b: Ludwig|Astral Barrage|p1b: Raging Bolt|[spread] p1a,p1b\n|-resisted|p1a: Calyrex\n|-damage|p1a: Calyrex|72/100\n|-damage|p1b: Raging Bolt|33/100\n|move|p1a: Calyrex|Astral Barrage|p2b: Ludwig|[spread] p2a,p2b\n|-supereffective|p2b: Ludwig\n|-damage|p2a: Eva|37/100\n|-damage|p2b: Ludwig|0 fnt\n|faint|p2b: Ludwig\n|-ability|p1a: Calyrex|Grim Neigh|boost\n|-boost|p1a: Calyrex|spa|1\n|\n|upkeep\n|\n|t:|1768659325\n|switch|p2b: Tripitz|Kyogre, L50, shiny|100/100\n|-weather|RainDance|[from] ability: Drizzle|[of] p2b: Tripitz\n|turn|4\n|\n|t:|1768659333\n|-end|p1b: Raging Bolt|Protosynthesis|[silent]\n|switch|p1b: Zamazenta|Zamazenta-Crowned, L50, shiny|100/100\n|-ability|p1b: Zamazenta|Dauntless Shield|boost\n|-boost|p1b: Zamazenta|def|1\n|move|p1a: Calyrex|Protect|p1a: Calyrex\n|-singleturn|p1a: Calyrex|Protect\n|move|p2b: Tripitz|Water Spout|p1a: Calyrex|[spread] p1b\n|-activate|p1a: Calyrex|move: Protect\n|-damage|p1b: Zamazenta|19/100\n|move|p2a: Eva|Taunt|p1b: Zamazenta\n|-start|p1b: Zamazenta|move: Taunt\n|\n|-weather|RainDance|[upkeep]\n|upkeep\n|turn|5\n|inactive|Brendan B Keating has 30 seconds left.\n|inactive|Brendan B Keating has 20 seconds left.\n|inactive|Brendan B Keating has 15 seconds left.\n|inactive|Brendan B Keating has 10 seconds left.\n|\n|t:|1768659381\n|switch|p1a: Raging Bolt|Raging Bolt, L50|33/100\n|move|p2b: Tripitz|Water Spout|p1a: Raging Bolt|[spread] p1a,p1b\n|-resisted|p1a: Raging Bolt\n|-damage|p1a: Raging Bolt|0 fnt\n|-damage|p1b: Zamazenta|0 fnt\n|faint|p1a: Raging Bolt\n|-end|p1a: Raging Bolt|Protosynthesis|[silent]\n|faint|p1b: Zamazenta\n|move|p2a: Eva|Triple Axel|p1: Raging Bolt|[notarget]\n|-fail|p2a: Eva\n|\n|-weather|RainDance|[upkeep]\n|-sideend|p2: marcxhenry|move: Tailwind\n|upkeep\n|\n|t:|1768659388\n|switch|p1a: Calyrex|Calyrex-Shadow, L50, tera:Dark|72/100\n|-ability|p1a: Calyrex|As One\n|-ability|p1a: Calyrex|Unnerve\n|turn|6\n|\n|t:|1768659396\n|move|p2a: Eva|Protect|p2a: Eva\n|-singleturn|p2a: Eva|Protect\n|move|p1a: Calyrex|Astral Barrage|p2a: Eva|[spread] p2b\n|-activate|p2a: Eva|move: Protect\n|-damage|p2b: Tripitz|61/100\n|move|p2b: Tripitz|Origin Pulse|p1a: Calyrex\n|-damage|p1a: Calyrex|0 fnt\n|faint|p1a: Calyrex\n|\n|win|marcxhenry\n|raw|Brendan B Keating's rating: 1319 &rarr; <strong>1306</strong><br />(-13 for losing)\n|raw|marcxhenry's rating: 1439 &rarr; <strong>1452</strong><br />(+13 for winning)\n|l|\u2606marcxhenry\n|player|p2|\n|c|\u2606Brendan B Keating|wp on the taunt swap\n|l|\u2606Brendan B Keating\n|player|p1|\n","uploadtime":1768659396,"views":17,"formatid":"gen9vgc2026regi","rating":1306,"private":0,"password":null}