{"id":"gen9vgc2026regi-2568319115","format":"[Gen 9] VGC 2026 Reg I","players":["BreakTheShadowWall","ExtremeManner"],"log":"|j|\u2606BreakTheShadowWall\n|j|\u2606ExtremeManner\n|t:|1774565996\n|gametype|doubles\n|player|p1|BreakTheShadowWall|170|1438\n|player|p2|ExtremeManner|candice|1554\n|gen|9\n|tier|[Gen 9] VGC 2026 Reg I\n|rated|\n|rule|Species Clause: Limit one of each Pok\u00e9mon\n|rule|Item Clause: Limit 1 of each item\n|clearpoke\n|poke|p1|Miraidon, L50|\n|poke|p1|Iron Bundle, L50|\n|poke|p1|Lunala, L50|\n|poke|p1|Incineroar, L50, M|\n|poke|p1|Urshifu-*, L50, F|\n|poke|p1|Ursaluna, L50, F|\n|poke|p2|Calyrex-Shadow, L50|\n|poke|p2|Zamazenta-*, L50|\n|poke|p2|Chien-Pao, L50|\n|poke|p2|Raging Bolt, L50|\n|poke|p2|Ogerpon-Cornerstone, L50, F|\n|poke|p2|Amoonguss, L50, F|\n|teampreview|4\n|inactive|Battle timer is ON: inactive players will automatically lose when time's up. (requested by ExtremeManner)\n|inactive|BreakTheShadowWall has 60 seconds left.\n|\n|t:|1774566056\n|teamsize|p1|4\n|teamsize|p2|4\n|start\n|switch|p1a: Iron Bundle|Iron Bundle, L50|100/100\n|switch|p1b: Miraidon|Miraidon, L50|100/100\n|switch|p2a: Maya|Ogerpon-Cornerstone, L50, F|100/100\n|switch|p2b: Zamazenta|Zamazenta-Crowned, L50|100/100\n|-fieldstart|move: Electric Terrain|[from] ability: Hadron Engine|[of] p1b: Miraidon\n|-activate|p1a: Iron Bundle|ability: Quark Drive\n|-start|p1a: Iron Bundle|quarkdrivespe\n|-ability|p2b: Zamazenta|Dauntless Shield|boost\n|-boost|p2b: Zamazenta|def|1\n|turn|1\n|\n|t:|1774566074\n|move|p2a: Maya|Spiky Shield|p2a: Maya\n|-singleturn|p2a: Maya|move: Protect\n|move|p1a: Iron Bundle|Icy Wind|p2b: Zamazenta|[spread] p2b\n|-activate|p2a: Maya|move: Protect\n|-resisted|p2b: Zamazenta\n|-damage|p2b: Zamazenta|94/100\n|-unboost|p2b: Zamazenta|spe|1\n|move|p1b: Miraidon|Volt Switch|p2b: Zamazenta\n|-damage|p2b: Zamazenta|43/100\n|\n|t:|1774566085\n|switch|p1b: Lunala|Lunala, L50, shiny|100/100|[from] Volt Switch\n|-enditem|p1b: Lunala|Electric Seed\n|-boost|p1b: Lunala|def|1|[from] item: Electric Seed\n|move|p2b: Zamazenta|Body Press|p1a: Iron Bundle\n|-supereffective|p1a: Iron Bundle\n|-enditem|p1a: Iron Bundle|Focus Sash\n|-damage|p1a: Iron Bundle|1/100\n|\n|upkeep\n|turn|2\n|\n|t:|1774566109\n|move|p1a: Iron Bundle|Encore|p2a: Maya\n|-start|p2a: Maya|Encore\n|move|p2a: Maya|Spiky Shield||[still]\n|-fail|p2a: Maya\n|move|p2b: Zamazenta|Body Press|p1a: Iron Bundle\n|-supereffective|p1a: Iron Bundle\n|-damage|p1a: Iron Bundle|0 fnt\n|faint|p1a: Iron Bundle\n|-end|p1a: Iron Bundle|Quark Drive|[silent]\n|move|p1b: Lunala|Trick Room|p1b: Lunala\n|-fieldstart|move: Trick Room|[of] p1b: Lunala\n|\n|upkeep\n|\n|t:|1774566118\n|switch|p1a: Incineroar|Incineroar, L50, M|100/100\n|-ability|p1a: Incineroar|Intimidate|boost\n|-unboost|p2a: Maya|atk|1\n|-unboost|p2b: Zamazenta|atk|1\n|turn|3\n|\n|t:|1774566139\n|-terastallize|p1a: Incineroar|Ghost\n|move|p2b: Zamazenta|Protect|p2b: Zamazenta\n|-singleturn|p2b: Zamazenta|Protect\n|move|p2a: Maya|Spiky Shield|p2a: Maya\n|-singleturn|p2a: Maya|move: Protect\n|move|p1a: Incineroar|Knock Off|p2a: Maya\n|-activate|p2a: Maya|move: Protect\n|-damage|p1a: Incineroar|88/100|[from] Spiky Shield|[of] p2a: Maya\n|move|p1b: Lunala|Moongeist Beam|p2b: Zamazenta\n|-activate|p2b: Zamazenta|move: Protect\n|\n|upkeep\n|turn|4\n|\n|t:|1774566158\n|switch|p2b: Shahar|Raging Bolt, L50|100/100\n|-enditem|p2b: Shahar|Booster Energy\n|-activate|p2b: Shahar|ability: Protosynthesis|[fromitem]\n|-start|p2b: Shahar|protosynthesisspa\n|move|p2a: Maya|Spiky Shield||[still]\n|-fail|p2a: Maya\n|move|p1a: Incineroar|Knock Off|p2a: Maya\n|-damage|p2a: Maya|72/100\n|move|p1b: Lunala|Moongeist Beam|p2b: Shahar\n|-damage|p2b: Shahar|53/100\n|\n|-end|p2a: Maya|Encore\n|upkeep\n|turn|5\n|inactive|ExtremeManner has 30 seconds left.\n|\n|t:|1774566190\n|move|p1a: Incineroar|Flare Blitz|p2a: Maya\n|-damage|p2a: Maya|22/100\n|-damage|p1a: Incineroar|73/100|[from] Recoil\n|move|p2b: Shahar|Thunderbolt|p1b: Lunala\n|-damage|p1b: Lunala|72/100\n|-status|p1b: Lunala|par\n|cant|p1b: Lunala|par\n|move|p2a: Maya|Taunt|p1b: Lunala\n|-start|p1b: Lunala|move: Taunt\n|\n|-fieldend|move: Electric Terrain\n|upkeep\n|turn|6\n|\n|t:|1774566209\n|move|p2a: Maya|Follow Me|p2a: Maya\n|-singleturn|p2a: Maya|move: Follow Me\n|move|p1b: Lunala|Moonblast|p2a: Maya\n|-damage|p2a: Maya|0 fnt\n|faint|p2a: Maya\n|move|p1a: Incineroar|U-turn|p2b: Shahar\n|-damage|p2b: Shahar|37/100\n|\n|t:|1774566216\n|switch|p1a: Miraidon|Miraidon, L50|100/100|[from] U-turn\n|-fieldstart|move: Electric Terrain|[from] ability: Hadron Engine|[of] p1a: Miraidon\n|move|p2b: Shahar|Thunderbolt|p1a: Miraidon\n|-resisted|p1a: Miraidon\n|-damage|p1a: Miraidon|83/100\n|\n|-fieldend|move: Trick Room\n|upkeep\n|\n|t:|1774566224\n|switch|p2a: Calyrex|Calyrex-Shadow, L50|100/100\n|-ability|p2a: Calyrex|As One\n|-ability|p2a: Calyrex|Unnerve\n|turn|7\n|inactive|BreakTheShadowWall has 30 seconds left.\n|inactive|BreakTheShadowWall has 20 seconds left.\n|inactive|BreakTheShadowWall has 15 seconds left.\n|\n|t:|1774566269\n|switch|p1b: Incineroar|Incineroar, L50, M, tera:Ghost|73/100\n|-ability|p1b: Incineroar|Intimidate|boost\n|-unboost|p2a: Calyrex|atk|1\n|-unboost|p2b: Shahar|atk|1\n|-terastallize|p2a: Calyrex|Ghost\n|move|p2a: Calyrex|Astral Barrage|p1a: Miraidon|[spread] p1a,p1b\n|-supereffective|p1b: Incineroar\n|-damage|p1a: Miraidon|23/100\n|-damage|p1b: Incineroar|0 fnt\n|faint|p1b: Incineroar\n|-ability|p2a: Calyrex|Grim Neigh|boost\n|-boost|p2a: Calyrex|spa|1\n|move|p1a: Miraidon|Volt Switch|p2a: Calyrex\n|-damage|p2a: Calyrex|9/100\n|\n|t:|1774566285\n|switch|p1a: Lunala|Lunala, L50, shiny|72/100 par|[from] Volt Switch\n|move|p2b: Shahar|Dragon Pulse|p1a: Lunala\n|-damage|p1a: Lunala|30/100 par\n|\n|upkeep\n|\n|t:|1774566288\n|switch|p1b: Miraidon|Miraidon, L50|23/100\n|-activate|p1b: Miraidon|ability: Hadron Engine\n|turn|8\n|inactive|BreakTheShadowWall has 30 seconds left.\n|\n|t:|1774566323\n|move|p1a: Lunala|Wide Guard|p1a: Lunala\n|-singleturn|p1a: Lunala|Wide Guard\n|move|p2a: Calyrex|Psychic|p1b: Miraidon\n|-damage|p1b: Miraidon|0 fnt\n|faint|p1b: Miraidon\n|-ability|p2a: Calyrex|Grim Neigh|boost\n|-boost|p2a: Calyrex|spa|1\n|move|p2b: Shahar|Thunderbolt|p1a: Lunala\n|-damage|p1a: Lunala|0 fnt\n|faint|p1a: Lunala\n|\n|win|ExtremeManner\n|raw|BreakTheShadowWall's rating: 1438 &rarr; <strong>1424</strong><br />(-14 for losing)\n|raw|ExtremeManner's rating: 1554 &rarr; <strong>1568</strong><br />(+14 for winning)\n|l|\u2606BreakTheShadowWall\n|player|p1|\n|l|\u2606ExtremeManner\n|player|p2|\n","uploadtime":1774566499,"views":11,"formatid":"gen9vgc2026regi","rating":1424,"private":0,"password":null}