{"id":"gen9vgc2026regi-2573638924","format":"[Gen 9] VGC 2026 Reg I","players":["TestingAndanding","EllenJoe2026"],"log":"|j|\u2606TestingAndanding\n|j|\u2606EllenJoe2026\n|t:|1775152890\n|gametype|doubles\n|player|p1|TestingAndanding|dawn|1457\n|player|p2|EllenJoe2026|elesa|1490\n|gen|9\n|tier|[Gen 9] VGC 2026 Reg I\n|rated|\n|rule|Species Clause: Limit one of each Pok\u00e9mon\n|rule|Item Clause: Limit 1 of each item\n|clearpoke\n|poke|p1|Lunala, L50|\n|poke|p1|Koraidon, L50|\n|poke|p1|Landorus-Therian, L50, M|\n|poke|p1|Kingambit, L50, F|\n|poke|p1|Indeedee-F, L50, F|\n|poke|p1|Venusaur, L50, F|\n|poke|p2|Calyrex-Ice, L50|\n|poke|p2|Miraidon, L50|\n|poke|p2|Tornadus, L50, M|\n|poke|p2|Urshifu-*, L50, F|\n|poke|p2|Volcarona, L50, F|\n|poke|p2|Indeedee-F, L50, F|\n|teampreview|4\n|inactive|Battle timer is ON: inactive players will automatically lose when time's up. (requested by EllenJoe2026)\n|\n|t:|1775152908\n|teamsize|p1|4\n|teamsize|p2|4\n|start\n|switch|p1a: Lunala|Lunala, L50|100/100\n|switch|p1b: Kingambit|Kingambit, L50, F|100/100\n|switch|p2a: Tornadus|Tornadus, L50, M, shiny|100/100\n|switch|p2b: Urshifu|Urshifu-Rapid-Strike, L50, F|100/100\n|turn|1\n|inactive|TestingAndanding has 30 seconds left.\n|\n|t:|1775152933\n|switch|p1b: Indeedee|Indeedee-F, L50, F|100/100\n|-fieldstart|move: Psychic Terrain|[from] ability: Psychic Surge|[of] p1b: Indeedee\n|move|p2a: Tornadus|Taunt|p1a: Lunala\n|-activate|p1a: Lunala|move: Psychic Terrain\n|move|p2b: Urshifu|Surging Strikes|p1a: Lunala\n|-crit|p1a: Lunala\n|-damage|p1a: Lunala|91/100\n|-crit|p1a: Lunala\n|-damage|p1a: Lunala|73/100\n|-crit|p1a: Lunala\n|-damage|p1a: Lunala|57/100\n|-hitcount|p1a: Lunala|3\n|move|p1a: Lunala|Expanding Force|p2a: Tornadus|[spread] p2a,p2b\n|-supereffective|p2b: Urshifu\n|-damage|p2a: Tornadus|17/100\n|-damage|p2b: Urshifu|0 fnt\n|faint|p2b: Urshifu\n|\n|upkeep\n|\n|t:|1775152951\n|switch|p2b: Calyrex|Calyrex-Ice, L50|100/100\n|-ability|p2b: Calyrex|As One\n|-ability|p2b: Calyrex|Unnerve\n|turn|2\n|inactive|EllenJoe2026 has 30 seconds left.\n|\n|t:|1775152977\n|switch|p2a: Miraidon|Miraidon, L50, shiny|100/100\n|-fieldstart|move: Electric Terrain|[from] ability: Hadron Engine|[of] p2a: Miraidon\n|switch|p1a: Kingambit|Kingambit, L50, F|100/100\n|-terastallize|p2b: Calyrex|Grass\n|move|p2b: Calyrex|Seed Bomb|p1a: Kingambit\n|-resisted|p1a: Kingambit\n|-damage|p1a: Kingambit|85/100\n|move|p1b: Indeedee|Dazzling Gleam|p2a: Miraidon|[spread] p2a,p2b\n|-supereffective|p2a: Miraidon\n|-damage|p2a: Miraidon|77/100\n|-damage|p2b: Calyrex|91/100\n|\n|upkeep\n|turn|3\n|\n|t:|1775152997\n|move|p1b: Indeedee|Helping Hand|p1a: Kingambit\n|-singleturn|p1a: Kingambit|Helping Hand|[of] p1b: Indeedee\n|move|p2a: Miraidon|Electro Drift|p1a: Kingambit\n|-damage|p1a: Kingambit|0 fnt\n|faint|p1a: Kingambit\n|move|p2b: Calyrex|Glacial Lance|p1b: Indeedee\n|-damage|p1b: Indeedee|33/100\n|\n|upkeep\n|\n|t:|1775153006\n|switch|p1a: Koraidon|Koraidon, L50, shiny|100/100\n|-weather|SunnyDay|[from] ability: Orichalcum Pulse|[of] p1a: Koraidon\n|-activate|p1a: Koraidon|Orichalcum Pulse|[source]\n|turn|4\n|\n|t:|1775153029\n|switch|p2a: Tornadus|Tornadus, L50, M, shiny|17/100\n|-terastallize|p1a: Koraidon|Fire\n|move|p1b: Indeedee|Follow Me|p1b: Indeedee\n|-singleturn|p1b: Indeedee|move: Follow Me\n|move|p1a: Koraidon|Close Combat|p2a: Tornadus\n|-resisted|p2a: Tornadus\n|-crit|p2a: Tornadus\n|-damage|p2a: Tornadus|0 fnt\n|-unboost|p1a: Koraidon|def|1\n|-unboost|p1a: Koraidon|spd|1\n|faint|p2a: Tornadus\n|-damage|p1a: Koraidon|91/100|[from] item: Life Orb\n|move|p2b: Calyrex|Glacial Lance|p1a: Koraidon|[spread] p1a,p1b\n|-resisted|p1a: Koraidon\n|-damage|p1a: Koraidon|57/100\n|-damage|p1b: Indeedee|0 fnt\n|faint|p1b: Indeedee\n|-ability|p2b: Calyrex|Chilling Neigh|boost\n|-boost|p2b: Calyrex|atk|1\n|\n|-weather|SunnyDay|[upkeep]\n|upkeep\n|\n|t:|1775153038\n|switch|p2a: Miraidon|Miraidon, L50, shiny|77/100\n|switch|p1b: Lunala|Lunala, L50|57/100\n|-activate|p2a: Miraidon|ability: Hadron Engine\n|turn|5\n|\n|t:|1775153056\n|move|p1b: Lunala|Protect|p1b: Lunala\n|-singleturn|p1b: Lunala|Protect\n|move|p1a: Koraidon|Flare Blitz|p2b: Calyrex\n|-supereffective|p2b: Calyrex\n|-damage|p2b: Calyrex|0 fnt\n|faint|p2b: Calyrex\n|-damage|p1a: Koraidon|25/100|[from] Recoil\n|-damage|p1a: Koraidon|15/100|[from] item: Life Orb\n|move|p2a: Miraidon|Electro Drift|p1a: Koraidon\n|-damage|p1a: Koraidon|0 fnt\n|faint|p1a: Koraidon\n|\n|-weather|SunnyDay|[upkeep]\n|upkeep\n|turn|6\n|-message|TestingAndanding forfeited.\n|\n|win|EllenJoe2026\n|raw|TestingAndanding's rating: 1457 &rarr; <strong>1439</strong><br />(-18 for losing)\n|raw|EllenJoe2026's rating: 1490 &rarr; <strong>1508</strong><br />(+18 for winning)\n|l|\u2606TestingAndanding\n|player|p1|\n|l|\u2606EllenJoe2026\n|player|p2|\n","uploadtime":1775153331,"views":12,"formatid":"gen9vgc2026regi","rating":1439,"private":0,"password":null}