{"id":"gen9vgc2026regi-2523102107","format":"[Gen 9] VGC 2026 Reg I","players":["Unskilled99","marcxhenry"],"log":"|j|\u2606Unskilled99\n|j|\u2606marcxhenry\n|t:|1768987762\n|gametype|doubles\n|player|p1|Unskilled99|unknown|1628\n|player|p2|marcxhenry|hilbert-wonderlauncher|1465\n|gen|9\n|tier|[Gen 9] VGC 2026 Reg I\n|rated|\n|rule|Species Clause: Limit one of each Pok\u00e9mon\n|rule|Item Clause: Limit 1 of each item\n|clearpoke\n|poke|p1|Calyrex-Shadow, L50|\n|poke|p1|Zamazenta-*, L50|\n|poke|p1|Chien-Pao, L50|\n|poke|p1|Dragonite, L50, M|\n|poke|p1|Raging Bolt, L50|\n|poke|p1|Amoonguss, L50, M|\n|poke|p2|Calyrex-Shadow, L50|\n|poke|p2|Urshifu-*, L50, M|\n|poke|p2|Roaring Moon, L50|\n|poke|p2|Kyogre, L50|\n|poke|p2|Tsareena, L50, F|\n|poke|p2|Kingambit, L50, M|\n|teampreview|4\n|\n|t:|1768987813\n|teamsize|p1|4\n|teamsize|p2|4\n|start\n|switch|p1a: Amoonguss|Amoonguss, L50, M|100/100\n|switch|p1b: Zamazenta|Zamazenta-Crowned, L50|100/100\n|switch|p2a: Rhein\u00fcbung|Urshifu-Rapid-Strike, L50, M|100/100\n|switch|p2b: Ludwig|Calyrex-Shadow, L50|100/100\n|-ability|p2b: Ludwig|As One\n|-ability|p2b: Ludwig|Unnerve\n|-ability|p1b: Zamazenta|Dauntless Shield|boost\n|-boost|p1b: Zamazenta|def|1\n|turn|1\n|\n|t:|1768987840\n|-terastallize|p1a: Amoonguss|Water\n|move|p2a: Rhein\u00fcbung|U-turn|p1a: Amoonguss\n|-damage|p1a: Amoonguss|76/100\n|-damage|p2a: Rhein\u00fcbung|84/100|[from] item: Rocky Helmet|[of] p1a: Amoonguss\n|\n|t:|1768987845\n|switch|p2a: Eva|Tsareena, L50, F, shiny|100/100|[from] U-turn\n|move|p2b: Ludwig|Psychic|p1a: Amoonguss\n|-crit|p1a: Amoonguss\n|-damage|p1a: Amoonguss|12/100\n|-unboost|p1a: Amoonguss|spd|1\n|move|p1b: Zamazenta|Body Press|p2a: Eva\n|-damage|p2a: Eva|16/100\n|move|p1a: Amoonguss|Spore|p2b: Ludwig\n|-status|p2b: Ludwig|slp|[from] move: Spore\n|\n|upkeep\n|turn|2\n|j| xiaoliyunVGC\n|\n|t:|1768987880\n|switch|p1a: Calyrex|Calyrex-Shadow, L50|100/100\n|-ability|p1a: Calyrex|As One\n|-ability|p1a: Calyrex|Unnerve\n|move|p2a: Eva|Protect|p2a: Eva\n|-singleturn|p2a: Eva|Protect\n|cant|p2b: Ludwig|slp\n|move|p1b: Zamazenta|Heavy Slam|p2b: Ludwig\n|-crit|p2b: Ludwig\n|-damage|p2b: Ludwig|15/100 slp\n|\n|upkeep\n|turn|3\n|\n|t:|1768987901\n|-terastallize|p2b: Ludwig|Normal\n|move|p2a: Eva|Protect||[still]\n|-fail|p2a: Eva\n|move|p1b: Zamazenta|Wide Guard|p1b: Zamazenta\n|-singleturn|p1b: Zamazenta|Wide Guard\n|move|p1a: Calyrex|Astral Barrage|p2b: Ludwig|[spread] p2a\n|-immune|p2b: Ludwig\n|-damage|p2a: Eva|0 fnt\n|faint|p2a: Eva\n|-ability|p1a: Calyrex|Grim Neigh|boost\n|-boost|p1a: Calyrex|spa|1\n|-curestatus|p2b: Ludwig|slp|[msg]\n|move|p2b: Ludwig|Trick Room|p2b: Ludwig\n|-fieldstart|move: Trick Room|[of] p2b: Ludwig\n|\n|upkeep\n|\n|t:|1768987914\n|switch|p2a: Tripitz|Kyogre, L50, shiny|100/100\n|-weather|RainDance|[from] ability: Drizzle|[of] p2a: Tripitz\n|turn|4\n|\n|t:|1768987931\n|move|p1b: Zamazenta|Protect|p1b: Zamazenta\n|-singleturn|p1b: Zamazenta|Protect\n|move|p1a: Calyrex|Protect|p1a: Calyrex\n|-singleturn|p1a: Calyrex|Protect\n|move|p2b: Ludwig|Protect|p2b: Ludwig\n|-singleturn|p2b: Ludwig|Protect\n|move|p2a: Tripitz|Hydro Pump|p1a: Calyrex\n|-activate|p1a: Calyrex|move: Protect\n|\n|-weather|RainDance|[upkeep]\n|upkeep\n|turn|5\n|\n|t:|1768987949\n|switch|p2b: Rhein\u00fcbung|Urshifu-Rapid-Strike, L50, M|84/100\n|move|p1b: Zamazenta|Wide Guard|p1b: Zamazenta\n|-singleturn|p1b: Zamazenta|Wide Guard\n|move|p2a: Tripitz|Hydro Pump|p1a: Calyrex\n|-enditem|p1a: Calyrex|Focus Sash\n|-damage|p1a: Calyrex|1/100\n|move|p1a: Calyrex|Psychic|p2b: Rhein\u00fcbung\n|-supereffective|p2b: Rhein\u00fcbung\n|-damage|p2b: Rhein\u00fcbung|0 fnt\n|faint|p2b: Rhein\u00fcbung\n|-ability|p1a: Calyrex|Grim Neigh|boost\n|-boost|p1a: Calyrex|spa|1\n|\n|-weather|RainDance|[upkeep]\n|upkeep\n|\n|t:|1768987962\n|switch|p2b: Ludwig|Calyrex-Shadow, L50, tera:Normal|15/100\n|-ability|p2b: Ludwig|As One\n|-ability|p2b: Ludwig|Unnerve\n|turn|6\n|\n|t:|1768987978\n|move|p2b: Ludwig|Protect|p2b: Ludwig\n|-singleturn|p2b: Ludwig|Protect\n|move|p2a: Tripitz|Water Spout|p1a: Calyrex|[spread] p1a,p1b\n|-damage|p1a: Calyrex|0 fnt\n|-damage|p1b: Zamazenta|15/100\n|faint|p1a: Calyrex\n|move|p1b: Zamazenta|Body Press|p2b: Ludwig\n|-activate|p2b: Ludwig|move: Protect\n|\n|-weather|RainDance|[upkeep]\n|upkeep\n|\n|t:|1768987983\n|switch|p1a: Raging Bolt|Raging Bolt, L50|100/100\n|-enditem|p1a: Raging Bolt|Booster Energy\n|-activate|p1a: Raging Bolt|ability: Protosynthesis|[fromitem]\n|-start|p1a: Raging Bolt|protosynthesisspa\n|turn|7\n|\n|t:|1768987998\n|move|p1a: Raging Bolt|Thunderclap||[still]\n|-fail|p1a: Raging Bolt\n|move|p2a: Tripitz|Hydro Pump|p1b: Zamazenta\n|-damage|p1b: Zamazenta|0 fnt\n|faint|p1b: Zamazenta\n|move|p2b: Ludwig|Trick Room|p2b: Ludwig\n|-fieldend|move: Trick Room\n|\n|-weather|RainDance|[upkeep]\n|upkeep\n|\n|t:|1768988003\n|switch|p1b: Amoonguss|Amoonguss, L50, M, tera:Water|46/100\n|turn|8\n|\n|t:|1768988024\n|move|p2b: Ludwig|Protect|p2b: Ludwig\n|-singleturn|p2b: Ludwig|Protect\n|move|p1a: Raging Bolt|Protect|p1a: Raging Bolt\n|-singleturn|p1a: Raging Bolt|Protect\n|move|p1b: Amoonguss|Protect|p1b: Amoonguss\n|-singleturn|p1b: Amoonguss|Protect\n|move|p2a: Tripitz|Origin Pulse|p1a: Raging Bolt|[spread] \n|-activate|p1a: Raging Bolt|move: Protect\n|-activate|p1b: Amoonguss|move: Protect\n|\n|-weather|none\n|upkeep\n|turn|9\n|\n|t:|1768988039\n|move|p2b: Ludwig|Protect||[still]\n|-fail|p2b: Ludwig\n|move|p2a: Tripitz|Water Spout|p1a: Raging Bolt|[spread] p1a,p1b\n|-resisted|p1a: Raging Bolt\n|-resisted|p1b: Amoonguss\n|-damage|p1a: Raging Bolt|62/100\n|-damage|p1b: Amoonguss|14/100\n|move|p1a: Raging Bolt|Thunderbolt|p2b: Ludwig\n|-damage|p2b: Ludwig|0 fnt\n|faint|p2b: Ludwig\n|move|p1b: Amoonguss|Spore|p2a: Tripitz\n|-status|p2a: Tripitz|slp|[from] move: Spore\n|\n|upkeep\n|turn|10\n|\n|t:|1768988051\n|cant|p2a: Tripitz|slp\n|move|p1a: Raging Bolt|Thunderbolt|p2a: Tripitz\n|-supereffective|p2a: Tripitz\n|-damage|p2a: Tripitz|0 fnt\n|faint|p2a: Tripitz\n|\n|win|Unskilled99\n|raw|Unskilled99's rating: 1628 &rarr; <strong>1639</strong><br />(+11 for winning)\n|raw|marcxhenry's rating: 1465 &rarr; <strong>1454</strong><br />(-11 for losing)\n|l|\u2606marcxhenry\n|player|p2|\n|l| xiaoliyunVGC\n|l|\u2606Unskilled99\n|player|p1|\n","uploadtime":1768988207,"views":18,"formatid":"gen9vgc2026regi","rating":1454,"private":0,"password":null}