{"id":"gen9vgc2026regi-2531403878","format":"[Gen 9] VGC 2026 Reg I","players":["notreallyrico","jd8erh"],"log":"|j|\u2606notreallyrico\n|j|\u2606jd8erh\n|t:|1770054285\n|gametype|doubles\n|player|p1|notreallyrico|burgh|1370\n|player|p2|jd8erh|265|1307\n|gen|9\n|tier|[Gen 9] VGC 2026 Reg I\n|rated|\n|rule|Species Clause: Limit one of each Pok\u00e9mon\n|rule|Item Clause: Limit 1 of each item\n|clearpoke\n|poke|p1|Amoonguss, L50, F|\n|poke|p1|Archaludon, L50, M|\n|poke|p1|Calyrex-Ice, L50|\n|poke|p1|Grimmsnarl, L50, M|\n|poke|p1|Kyogre, L50|\n|poke|p1|Rillaboom, L50, F|\n|poke|p2|Miraidon, L50|\n|poke|p2|Calyrex-Ice, L50|\n|poke|p2|Urshifu-*, L50, F|\n|poke|p2|Incineroar, L50, F|\n|poke|p2|Farigiraf, L50, F|\n|poke|p2|Ogerpon-Hearthflame, L50, F|\n|teampreview|4\n|inactive|Battle timer is ON: inactive players will automatically lose when time's up. (requested by jd8erh)\n|inactive|jd8erh has 60 seconds left.\n|\n|t:|1770054321\n|teamsize|p1|4\n|teamsize|p2|4\n|start\n|switch|p1a: Rillaboom|Rillaboom, L50, F|100/100\n|switch|p1b: Grimmsnarl|Grimmsnarl, L50, M|100/100\n|switch|p2a: Ogerpon|Ogerpon-Hearthflame, L50, F|100/100\n|switch|p2b: Miraidon|Miraidon, L50|100/100\n|-fieldstart|move: Electric Terrain|[from] ability: Hadron Engine|[of] p2b: Miraidon\n|-ability|p2a: Ogerpon|Mold Breaker\n|-fieldstart|move: Grassy Terrain|[from] ability: Grassy Surge|[of] p1a: Rillaboom\n|turn|1\n|inactive|notreallyrico has 30 seconds left.\n|\n|t:|1770054347\n|switch|p2b: Farigiraf|Farigiraf, L50, F|100/100\n|move|p1a: Rillaboom|Fake Out||[still]\n|cant|p2b: Farigiraf|ability: Armor Tail|Fake Out|[of] p1a: Rillaboom\n|move|p1b: Grimmsnarl|Light Screen|p1b: Grimmsnarl\n|-sidestart|p1: notreallyrico|move: Light Screen\n|move|p2a: Ogerpon|Ivy Cudgel|p1a: Rillaboom|[anim] Ivy Cudgel Fire\n|-supereffective|p1a: Rillaboom\n|-damage|p1a: Rillaboom|0 fnt\n|faint|p1a: Rillaboom\n|\n|upkeep\n|\n|t:|1770054359\n|switch|p1a: Kyogre|Kyogre, L50|100/100\n|-weather|RainDance|[from] ability: Drizzle|[of] p1a: Kyogre\n|turn|2\n|\n|t:|1770054366\n|-terastallize|p1a: Kyogre|Grass\n|move|p1b: Grimmsnarl|Thunder Wave||[still]\n|cant|p2b: Farigiraf|ability: Armor Tail|Thunder Wave|[of] p1b: Grimmsnarl\n|move|p2a: Ogerpon|Wood Hammer|p1a: Kyogre\n|-resisted|p1a: Kyogre\n|-damage|p1a: Kyogre|71/100\n|-damage|p2a: Ogerpon|89/100|[from] Recoil\n|move|p1a: Kyogre|Calm Mind|p1a: Kyogre\n|-boost|p1a: Kyogre|spa|1\n|-boost|p1a: Kyogre|spd|1\n|move|p2b: Farigiraf|Hyper Voice|p1b: Grimmsnarl|[spread] p1a,p1b\n|-damage|p1a: Kyogre|62/100\n|-damage|p1b: Grimmsnarl|86/100\n|\n|-weather|RainDance|[upkeep]\n|-heal|p2a: Ogerpon|95/100|[from] Grassy Terrain\n|-heal|p1a: Kyogre|68/100|[from] Grassy Terrain\n|-heal|p1a: Kyogre|73/100|[from] item: Leftovers\n|-heal|p1b: Grimmsnarl|92/100|[from] Grassy Terrain\n|upkeep\n|turn|3\n|\n|t:|1770054384\n|move|p1b: Grimmsnarl|Reflect|p1b: Grimmsnarl\n|-sidestart|p1: notreallyrico|Reflect\n|move|p2a: Ogerpon|Ivy Cudgel|p1a: Kyogre|[anim] Ivy Cudgel Fire\n|-supereffective|p1a: Kyogre\n|-damage|p1a: Kyogre|46/100\n|move|p1a: Kyogre|Water Spout|p2a: Ogerpon|[spread] p2a,p2b\n|-damage|p2a: Ogerpon|23/100\n|-damage|p2b: Farigiraf|38/100\n|move|p2b: Farigiraf|Psychic Noise|p1a: Kyogre\n|-damage|p1a: Kyogre|38/100\n|-start|p1a: Kyogre|move: Heal Block\n|\n|-weather|RainDance|[upkeep]\n|-heal|p2a: Ogerpon|29/100|[from] Grassy Terrain\n|-heal|p1b: Grimmsnarl|98/100|[from] Grassy Terrain\n|-heal|p2b: Farigiraf|44/100|[from] Grassy Terrain\n|upkeep\n|turn|4\n|\n|t:|1770054402\n|move|p2b: Farigiraf|Helping Hand|p2a: Ogerpon\n|-singleturn|p2a: Ogerpon|Helping Hand|[of] p2b: Farigiraf\n|move|p1a: Kyogre|Protect|p1a: Kyogre\n|-singleturn|p1a: Kyogre|Protect\n|move|p2a: Ogerpon|Ivy Cudgel|p1a: Kyogre|[anim] Ivy Cudgel Fire\n|-activate|p1a: Kyogre|move: Protect\n|move|p1b: Grimmsnarl|Foul Play|p2a: Ogerpon\n|-damage|p2a: Ogerpon|0 fnt\n|faint|p2a: Ogerpon\n|\n|-weather|RainDance|[upkeep]\n|-heal|p1b: Grimmsnarl|100/100|[from] Grassy Terrain\n|-heal|p2b: Farigiraf|50/100|[from] Grassy Terrain\n|-end|p1a: Kyogre|move: Heal Block\n|upkeep\n|\n|t:|1770054408\n|switch|p2a: Calyrex|Calyrex-Ice, L50|100/100\n|-ability|p2a: Calyrex|As One\n|-ability|p2a: Calyrex|Unnerve\n|turn|5\n|\n|t:|1770054431\n|-terastallize|p2a: Calyrex|Water\n|move|p1a: Kyogre|Water Spout|p2a: Calyrex|[spread] p2a,p2b\n|-resisted|p2a: Calyrex\n|-damage|p2a: Calyrex|83/100\n|-damage|p2b: Farigiraf|0 fnt\n|faint|p2b: Farigiraf\n|move|p1b: Grimmsnarl|Foul Play|p2a: Calyrex\n|-damage|p2a: Calyrex|40/100\n|move|p2a: Calyrex|Glacial Lance|p1a: Kyogre|[spread] p1a,p1b\n|-supereffective|p1a: Kyogre\n|-damage|p1a: Kyogre|0 fnt\n|-damage|p1b: Grimmsnarl|49/100\n|faint|p1a: Kyogre\n|-ability|p2a: Calyrex|Chilling Neigh|boost\n|-boost|p2a: Calyrex|atk|1\n|\n|-weather|RainDance|[upkeep]\n|-heal|p1b: Grimmsnarl|54/100|[from] Grassy Terrain\n|-heal|p2a: Calyrex|46/100|[from] Grassy Terrain\n|-fieldend|move: Grassy Terrain\n|upkeep\n|\n|t:|1770054444\n|switch|p1a: Archaludon|Archaludon, L50, M|100/100\n|switch|p2b: Miraidon|Miraidon, L50|100/100\n|-fieldstart|move: Electric Terrain|[from] ability: Hadron Engine|[of] p2b: Miraidon\n|turn|6\n|inactive|notreallyrico has 30 seconds left.\n|inactive|notreallyrico has 20 seconds left.\n|\n|t:|1770054480\n|move|p2a: Calyrex|Protect|p2a: Calyrex\n|-singleturn|p2a: Calyrex|Protect\n|move|p2b: Miraidon|Electro Drift|p1b: Grimmsnarl\n|-damage|p1b: Grimmsnarl|0 fnt\n|faint|p1b: Grimmsnarl\n|move|p1a: Archaludon|Snarl|p2a: Calyrex|[spread] p2b\n|-activate|p2a: Calyrex|move: Protect\n|-damage|p2b: Miraidon|90/100\n|-unboost|p2b: Miraidon|spa|1\n|\n|-weather|none\n|upkeep\n|turn|7\n|\n|t:|1770054504\n|move|p2b: Miraidon|Electro Drift|p1a: Archaludon\n|-resisted|p1a: Archaludon\n|-damage|p1a: Archaludon|80/100\n|-ability|p1a: Archaludon|Stamina|boost\n|-boost|p1a: Archaludon|def|1\n|move|p1a: Archaludon|Snarl|p2a: Calyrex|[spread] p2a,p2b\n|-damage|p2a: Calyrex|38/100\n|-damage|p2b: Miraidon|81/100\n|-unboost|p2b: Miraidon|spa|1\n|move|p2a: Calyrex|Glacial Lance|p1a: Archaludon\n|-damage|p1a: Archaludon|44/100\n|-ability|p1a: Archaludon|Stamina|boost\n|-boost|p1a: Archaludon|def|1\n|\n|upkeep\n|turn|8\n|\n|t:|1770054521\n|move|p2b: Miraidon|Electro Drift|p1a: Archaludon\n|-resisted|p1a: Archaludon\n|-damage|p1a: Archaludon|31/100\n|-ability|p1a: Archaludon|Stamina|boost\n|-boost|p1a: Archaludon|def|1\n|move|p1a: Archaludon|Body Press|p2a: Calyrex\n|-damage|p2a: Calyrex|4/100\n|move|p2a: Calyrex|Glacial Lance|p1a: Archaludon\n|-damage|p1a: Archaludon|7/100\n|-ability|p1a: Archaludon|Stamina|boost\n|-boost|p1a: Archaludon|def|1\n|\n|-sideend|p1: notreallyrico|move: Light Screen\n|upkeep\n|turn|9\n|\n|t:|1770054530\n|move|p2b: Miraidon|Electro Drift|p1a: Archaludon\n|-resisted|p1a: Archaludon\n|-crit|p1a: Archaludon\n|-damage|p1a: Archaludon|0 fnt\n|faint|p1a: Archaludon\n|\n|win|jd8erh\n|raw|notreallyrico's rating: 1370 &rarr; <strong>1346</strong><br />(-24 for losing)\n|raw|jd8erh's rating: 1307 &rarr; <strong>1331</strong><br />(+24 for winning)\n|c|\u2606jd8erh|Gg\n|c|\u2606notreallyrico|Gg\n|l|\u2606notreallyrico\n|player|p1|\n|l|\u2606jd8erh\n|player|p2|\n","uploadtime":1770054778,"views":13,"formatid":"gen9vgc2026regi","rating":1331,"private":0,"password":null}