{"id":"gen9vgc2026regi-2586707116","format":"[Gen 9] VGC 2026 Reg I","players":["kyoshimon","TheAndUrgeTheUrge"],"log":"|j|\u2606kyoshimon\n|j|\u2606TheAndUrgeTheUrge\n|t:|1776453710\n|gametype|doubles\n|player|p1|kyoshimon|lucas-gen4pt|1403\n|player|p2|TheAndUrgeTheUrge|1|1647\n|gen|9\n|tier|[Gen 9] VGC 2026 Reg I\n|rated|\n|rule|Species Clause: Limit one of each Pok\u00e9mon\n|rule|Item Clause: Limit 1 of each item\n|clearpoke\n|poke|p1|Chien-Pao, L50|\n|poke|p1|Zamazenta-*, L50|\n|poke|p1|Amoonguss, L50, M|\n|poke|p1|Landorus, L50, M|\n|poke|p1|Iron Jugulis, L50|\n|poke|p1|Kyogre, L50|\n|poke|p2|Miraidon, L50|\n|poke|p2|Zamazenta-*, L50|\n|poke|p2|Incineroar, L50, F|\n|poke|p2|Rillaboom, L50, M|\n|poke|p2|Chien-Pao, L50|\n|poke|p2|Flutter Mane, L50|\n|teampreview|4\n|inactive|Battle timer is ON: inactive players will automatically lose when time's up. (requested by kyoshimon)\n|inactive|kyoshimon has 60 seconds left.\n|inactive|TheAndUrgeTheUrge has 60 seconds left.\n|\n|t:|1776453756\n|teamsize|p1|4\n|teamsize|p2|4\n|start\n|switch|p1a: Chien-Pao|Chien-Pao, L50|100/100\n|switch|p1b: Amoonguss|Amoonguss, L50, M|100/100\n|switch|p2a: Zamazenta|Zamazenta-Crowned, L50, shiny|100/100\n|switch|p2b: Miraidon|Miraidon, L50|100/100\n|-fieldstart|move: Electric Terrain|[from] ability: Hadron Engine|[of] p2b: Miraidon\n|-ability|p1a: Chien-Pao|Sword of Ruin\n|-ability|p2a: Zamazenta|Dauntless Shield|boost\n|-boost|p2a: Zamazenta|def|1\n|turn|1\n|inactive|kyoshimon has 30 seconds left.\n|\n|t:|1776453782\n|-terastallize|p1a: Chien-Pao|Ghost\n|move|p2a: Zamazenta|Protect|p2a: Zamazenta\n|-singleturn|p2a: Zamazenta|Protect\n|move|p2b: Miraidon|Volt Switch|p1b: Amoonguss\n|-resisted|p1b: Amoonguss\n|-damage|p1b: Amoonguss|70/100\n|\n|t:|1776453790\n|switch|p2b: Incineroar|Incineroar, L50, F, shiny|100/100|[from] Volt Switch\n|-ability|p2b: Incineroar|Intimidate|boost\n|-unboost|p1a: Chien-Pao|atk|1\n|-unboost|p1b: Amoonguss|atk|1\n|move|p1a: Chien-Pao|Ice Spinner|p2b: Incineroar\n|-resisted|p2b: Incineroar\n|-damage|p2b: Incineroar|87/100\n|-fieldend|move: Electric Terrain\n|move|p1b: Amoonguss|Spore|p2a: Zamazenta\n|-activate|p2a: Zamazenta|move: Protect\n|\n|upkeep\n|turn|2\n|\n|t:|1776453808\n|switch|p1a: Landorus|Landorus, L50, M|100/100\n|move|p1b: Amoonguss|Protect|p1b: Amoonguss\n|-singleturn|p1b: Amoonguss|Protect\n|move|p2b: Incineroar|Fake Out|p1b: Amoonguss\n|-activate|p1b: Amoonguss|move: Protect\n|move|p2a: Zamazenta|Iron Defense|p2a: Zamazenta\n|-boost|p2a: Zamazenta|def|2\n|\n|upkeep\n|turn|3\n|\n|t:|1776453826\n|switch|p2b: Flutter Mane|Flutter Mane, L50|100/100\n|switch|p1b: Chien-Pao|Chien-Pao, L50, tera:Ghost|100/100\n|-ability|p1b: Chien-Pao|Sword of Ruin\n|move|p2a: Zamazenta|Protect|p2a: Zamazenta\n|-singleturn|p2a: Zamazenta|Protect\n|move|p1a: Landorus|Earth Power|p2b: Flutter Mane\n|-damage|p2b: Flutter Mane|25/100\n|\n|upkeep\n|turn|4\n|\n|t:|1776453848\n|-terastallize|p2a: Zamazenta|Ghost\n|move|p2b: Flutter Mane|Protect|p2b: Flutter Mane\n|-singleturn|p2b: Flutter Mane|Protect\n|move|p1b: Chien-Pao|Sucker Punch||[still]\n|-fail|p1b: Chien-Pao\n|move|p2a: Zamazenta|Heavy Slam|p1a: Landorus\n|-damage|p1a: Landorus|32/100\n|move|p1a: Landorus|Earth Power|p2a: Zamazenta\n|-damage|p2a: Zamazenta|58/100\n|\n|upkeep\n|turn|5\n|inactive|kyoshimon has 30 seconds left.\n|inactive|TheAndUrgeTheUrge has 30 seconds left.\n|\n|t:|1776453879\n|switch|p1a: Zamazenta|Zamazenta-Crowned, L50|100/100\n|-ability|p1a: Zamazenta|Dauntless Shield|boost\n|-boost|p1a: Zamazenta|def|1\n|move|p1b: Chien-Pao|Sucker Punch|p2a: Zamazenta\n|-supereffective|p2a: Zamazenta\n|-damage|p2a: Zamazenta|35/100\n|move|p2b: Flutter Mane|Icy Wind|p1b: Chien-Pao|[spread] p1a,p1b\n|-resisted|p1a: Zamazenta\n|-damage|p1a: Zamazenta|96/100\n|-damage|p1b: Chien-Pao|77/100\n|-unboost|p1a: Zamazenta|spe|1\n|-unboost|p1b: Chien-Pao|spe|1\n|move|p2a: Zamazenta|Heavy Slam|p1a: Zamazenta\n|-resisted|p1a: Zamazenta\n|-damage|p1a: Zamazenta|92/100\n|\n|upkeep\n|turn|6\n|\n|t:|1776453901\n|-end|p2b: Flutter Mane|Protosynthesis|[silent]\n|switch|p2b: Incineroar|Incineroar, L50, F, shiny|87/100\n|-ability|p2b: Incineroar|Intimidate|boost\n|-unboost|p1a: Zamazenta|atk|1\n|-unboost|p1b: Chien-Pao|atk|1\n|move|p1b: Chien-Pao|Sucker Punch||[still]\n|-fail|p1b: Chien-Pao\n|move|p2a: Zamazenta|Body Press|p1a: Zamazenta\n|-supereffective|p1a: Zamazenta\n|-damage|p1a: Zamazenta|0 fnt\n|faint|p1a: Zamazenta\n|\n|upkeep\n|\n|t:|1776453907\n|switch|p1a: Landorus|Landorus, L50, M|32/100\n|turn|7\n|\n|t:|1776453923\n|switch|p1b: Amoonguss|Amoonguss, L50, M|100/100\n|move|p2a: Zamazenta|Protect|p2a: Zamazenta\n|-singleturn|p2a: Zamazenta|Protect\n|move|p1a: Landorus|Protect|p1a: Landorus\n|-singleturn|p1a: Landorus|Protect\n|move|p2b: Incineroar|Parting Shot|p1a: Landorus\n|-activate|p1a: Landorus|move: Protect\n|\n|upkeep\n|turn|8\n|inactive|TheAndUrgeTheUrge has 30 seconds left.\n|\n|t:|1776453951\n|move|p2a: Zamazenta|Heavy Slam|p1a: Landorus\n|-damage|p1a: Landorus|0 fnt\n|faint|p1a: Landorus\n|move|p2b: Incineroar|Knock Off|p1b: Amoonguss\n|-damage|p1b: Amoonguss|73/100\n|-damage|p2b: Incineroar|70/100|[from] item: Rocky Helmet|[of] p1b: Amoonguss\n|-enditem|p1b: Amoonguss|Rocky Helmet|[from] move: Knock Off|[of] p2b: Incineroar\n|move|p1b: Amoonguss|Pollen Puff|p1: Landorus|[notarget]\n|-fail|p1b: Amoonguss\n|\n|upkeep\n|-message|kyoshimon forfeited.\n|\n|win|TheAndUrgeTheUrge\n|raw|kyoshimon's rating: 1403 &rarr; <strong>1395</strong><br />(-8 for losing)\n|raw|TheAndUrgeTheUrge's rating: 1647 &rarr; <strong>1655</strong><br />(+8 for winning)\n|l|\u2606TheAndUrgeTheUrge\n|player|p2|\n","uploadtime":1776453967,"views":116,"formatid":"gen9vgc2026regi","rating":1395,"private":0,"password":null}