{"id":"gen9vgc2026regi-2550490383","format":"[Gen 9] VGC 2026 Reg I","players":["SnorlaxPikachu1","ace o gato"],"log":"|j|\u2606SnorlaxPikachu1\n|j|\u2606ace o gato\n|t:|1772492534\n|gametype|doubles\n|player|p1|SnorlaxPikachu1|palmer|\n|player|p2|ace o gato|hilbert-wonderlauncher|\n|gen|9\n|tier|[Gen 9] VGC 2026 Reg I\n|rated|Tournament battle\n|rule|Species Clause: Limit one of each Pok\u00e9mon\n|rule|Item Clause: Limit 1 of each item\n|clearpoke\n|poke|p1|Lunala, L50|\n|poke|p1|Zamazenta-*, L50|\n|poke|p1|Rillaboom, L50, F|\n|poke|p1|Incineroar, L50, M|\n|poke|p1|Chien-Pao, L50|\n|poke|p1|Raging Bolt, L50|\n|poke|p2|Incineroar, L50, M|\n|poke|p2|Landorus, L50, M|\n|poke|p2|Calyrex-Shadow, L50|\n|poke|p2|Koraidon, L50|\n|poke|p2|Brute Bonnet, L50|\n|poke|p2|Raging Bolt, L50|\n|teampreview|4\n|inactive|Battle timer is ON: inactive players will automatically lose when time's up. (requested by ace o gato)\n|c|\u2606SnorlaxPikachu1|glhf\n|c|\u2606ace o gato|hfhf\n|j| Chaoszarde\n|\n|t:|1772492554\n|teamsize|p1|4\n|teamsize|p2|4\n|start\n|switch|p1a: Raging Bolt|Raging Bolt, L50|100/100\n|switch|p1b: Chien-Pao|Chien-Pao, L50|100/100\n|switch|p2a: Mao & Agati|Calyrex-Shadow, L50|100/100\n|switch|p2b: Matthias|Koraidon, L50|100/100\n|-ability|p2a: Mao & Agati|As One\n|-ability|p2a: Mao & Agati|Unnerve\n|-ability|p1b: Chien-Pao|Sword of Ruin\n|-weather|SunnyDay|[from] ability: Orichalcum Pulse|[of] p2b: Matthias\n|-activate|p1a: Raging Bolt|ability: Protosynthesis\n|-start|p1a: Raging Bolt|protosynthesisspa\n|-activate|p2b: Matthias|Orichalcum Pulse|[source]\n|turn|1\n|\n|t:|1772492569\n|switch|p2b: Kareem|Incineroar, L50, M|100/100\n|-ability|p2b: Kareem|Intimidate|boost\n|-unboost|p1a: Raging Bolt|atk|1\n|-unboost|p1b: Chien-Pao|atk|1\n|move|p2a: Mao & Agati|Protect|p2a: Mao & Agati\n|-singleturn|p2a: Mao & Agati|Protect\n|move|p1a: Raging Bolt|Thunderclap||[still]\n|-fail|p1a: Raging Bolt\n|move|p1b: Chien-Pao|Icicle Crash|p2b: Kareem\n|-resisted|p2b: Kareem\n|-damage|p2b: Kareem|87/100\n|\n|-weather|SunnyDay|[upkeep]\n|upkeep\n|turn|2\n|\n|t:|1772492584\n|-terastallize|p1b: Chien-Pao|Ghost\n|move|p2b: Kareem|Fake Out|p1b: Chien-Pao\n|-immune|p1b: Chien-Pao\n|move|p1b: Chien-Pao|Sucker Punch||[still]\n|-fail|p1b: Chien-Pao\n|move|p1a: Raging Bolt|Thunderclap||[still]\n|-fail|p1a: Raging Bolt\n|move|p2a: Mao & Agati|Encore|p1a: Raging Bolt\n|-start|p1a: Raging Bolt|Encore\n|\n|-weather|SunnyDay|[upkeep]\n|upkeep\n|turn|3\n|\n|t:|1772492606\n|switch|p2a: Wacka|Brute Bonnet, L50|100/100\n|-activate|p2a: Wacka|ability: Protosynthesis\n|-start|p2a: Wacka|protosynthesisdef\n|move|p1a: Raging Bolt|Thunderclap||[still]\n|-fail|p1a: Raging Bolt\n|move|p1b: Chien-Pao|Taunt|p2b: Kareem\n|-start|p2b: Kareem|move: Taunt\n|move|p2b: Kareem|Knock Off|p1b: Chien-Pao\n|-supereffective|p1b: Chien-Pao\n|-enditem|p1b: Chien-Pao|Focus Sash\n|-damage|p1b: Chien-Pao|1/100\n|\n|-weather|SunnyDay|[upkeep]\n|upkeep\n|turn|4\n|\n|t:|1772492617\n|-end|p1a: Raging Bolt|Protosynthesis|[silent]\n|switch|p1a: Zamazenta|Zamazenta-Crowned, L50|100/100\n|-ability|p1a: Zamazenta|Dauntless Shield|boost\n|-boost|p1a: Zamazenta|def|1\n|move|p1b: Chien-Pao|Taunt|p2a: Wacka\n|-start|p2a: Wacka|move: Taunt\n|cant|p2a: Wacka|move: Taunt|Spore\n|move|p2b: Kareem|Knock Off|p1b: Chien-Pao\n|-supereffective|p1b: Chien-Pao\n|-damage|p1b: Chien-Pao|0 fnt\n|faint|p1b: Chien-Pao\n|\n|-weather|SunnyDay|[upkeep]\n|upkeep\n|\n|t:|1772492629\n|switch|p1b: Lunala|Lunala, L50|100/100\n|turn|5\n|\n|t:|1772492644\n|move|p1a: Zamazenta|Body Press|p2b: Kareem\n|-supereffective|p2b: Kareem\n|-damage|p2b: Kareem|0 fnt\n|-damage|p1a: Zamazenta|84/100|[from] item: Rocky Helmet|[of] p2b: Kareem\n|faint|p2b: Kareem\n|move|p1b: Lunala|Calm Mind|p1b: Lunala\n|-boost|p1b: Lunala|spa|1\n|-boost|p1b: Lunala|spd|1\n|move|p2a: Wacka|Seed Bomb|p1b: Lunala\n|-damage|p1b: Lunala|89/100\n|\n|-weather|none\n|-end|p2a: Wacka|Protosynthesis\n|-heal|p1b: Lunala|95/100|[from] item: Leftovers\n|upkeep\n|\n|t:|1772492648\n|switch|p2b: Mao & Agati|Calyrex-Shadow, L50|100/100\n|-ability|p2b: Mao & Agati|As One\n|-ability|p2b: Mao & Agati|Unnerve\n|turn|6\n|\n|t:|1772492656\n|-end|p2a: Wacka|Protosynthesis|[silent]\n|switch|p2a: Matthias|Koraidon, L50|100/100\n|-weather|SunnyDay|[from] ability: Orichalcum Pulse|[of] p2a: Matthias\n|-activate|p2a: Matthias|Orichalcum Pulse|[source]\n|move|p1b: Lunala|Protect|p1b: Lunala\n|-singleturn|p1b: Lunala|Protect\n|move|p2b: Mao & Agati|Encore|p1b: Lunala\n|-activate|p1b: Lunala|move: Protect\n|move|p1a: Zamazenta|Heavy Slam|p2b: Mao & Agati\n|-damage|p2b: Mao & Agati|41/100\n|\n|-weather|SunnyDay|[upkeep]\n|-heal|p1b: Lunala|100/100|[from] item: Leftovers\n|upkeep\n|turn|7\n|j| hormigacebollera\n|j| WishMkrLucy\n|\n|t:|1772492678\n|switch|p1b: Raging Bolt|Raging Bolt, L50|100/100\n|-activate|p1b: Raging Bolt|ability: Protosynthesis\n|-start|p1b: Raging Bolt|protosynthesisspa\n|move|p2b: Mao & Agati|Psychic|p1a: Zamazenta\n|-damage|p1a: Zamazenta|45/100\n|move|p1a: Zamazenta|Heavy Slam|p2b: Mao & Agati\n|-damage|p2b: Mao & Agati|0 fnt\n|faint|p2b: Mao & Agati\n|move|p2a: Matthias|Collision Course|p1a: Zamazenta\n|-supereffective|p1a: Zamazenta\n|-damage|p1a: Zamazenta|0 fnt\n|faint|p1a: Zamazenta\n|\n|-weather|SunnyDay|[upkeep]\n|upkeep\n|\n|t:|1772492686\n|switch|p2b: Wacka|Brute Bonnet, L50|100/100\n|switch|p1a: Lunala|Lunala, L50|100/100\n|-activate|p2b: Wacka|ability: Protosynthesis\n|-start|p2b: Wacka|protosynthesisdef\n|turn|8\n|\n|t:|1772492709\n|-terastallize|p2a: Matthias|Fire\n|move|p1a: Lunala|Protect|p1a: Lunala\n|-singleturn|p1a: Lunala|Protect\n|move|p2a: Matthias|Flare Blitz|p1a: Lunala\n|-activate|p1a: Lunala|move: Protect\n|move|p1b: Raging Bolt|Dragon Pulse|p2a: Matthias\n|-damage|p2a: Matthias|47/100\n|move|p2b: Wacka|Spore|p1b: Raging Bolt\n|-status|p1b: Raging Bolt|slp|[from] move: Spore\n|\n|-weather|SunnyDay|[upkeep]\n|upkeep\n|turn|9\n|\n|t:|1772492717\n|move|p2b: Wacka|Sucker Punch|p1a: Lunala\n|-supereffective|p1a: Lunala\n|-damage|p1a: Lunala|58/100\n|move|p2a: Matthias|Flare Blitz|p1a: Lunala\n|-damage|p1a: Lunala|0 fnt\n|faint|p1a: Lunala\n|-damage|p2a: Matthias|23/100|[from] Recoil\n|cant|p1b: Raging Bolt|slp\n|\n|-weather|SunnyDay|[upkeep]\n|upkeep\n|turn|10\n|\n|t:|1772492727\n|cant|p1b: Raging Bolt|slp\n|move|p2a: Matthias|Collision Course|p1b: Raging Bolt\n|-damage|p1b: Raging Bolt|49/100 slp\n|move|p2b: Wacka|Seed Bomb|p1b: Raging Bolt\n|-resisted|p1b: Raging Bolt\n|-damage|p1b: Raging Bolt|34/100 slp\n|\n|-weather|none\n|-end|p1b: Raging Bolt|Protosynthesis\n|-end|p2b: Wacka|Protosynthesis\n|upkeep\n|-enditem|p1b: Raging Bolt|Booster Energy\n|-activate|p1b: Raging Bolt|ability: Protosynthesis|[fromitem]\n|-start|p1b: Raging Bolt|protosynthesisspa\n|turn|11\n|c|\u2606SnorlaxPikachu1|why did you not click rage powder\n|c|\u2606SnorlaxPikachu1|if i wake up i just win\n|inactive|SnorlaxPikachu1 has 30 seconds left.\n|\n|t:|1772492753\n|move|p2a: Matthias|Protect|p2a: Matthias\n|-singleturn|p2a: Matthias|Protect\n|-curestatus|p1b: Raging Bolt|slp|[msg]\n|move|p1b: Raging Bolt|Thunderclap||[still]\n|-fail|p1b: Raging Bolt\n|move|p2b: Wacka|Seed Bomb|p1b: Raging Bolt\n|-resisted|p1b: Raging Bolt\n|-damage|p1b: Raging Bolt|22/100\n|\n|upkeep\n|turn|12\n|c|\u2606ace o gato|#gamble\n|c|\u2606SnorlaxPikachu1|but like there was no reason to\n|\n|t:|1772492767\n|move|p2b: Wacka|Rage Powder|p2b: Wacka\n|-singleturn|p2b: Wacka|move: Rage Powder\n|move|p1b: Raging Bolt|Thunderclap||[still]\n|-fail|p1b: Raging Bolt\n|move|p2a: Matthias|Collision Course|p1b: Raging Bolt\n|-damage|p1b: Raging Bolt|0 fnt\n|faint|p1b: Raging Bolt\n|-end|p1b: Raging Bolt|Protosynthesis|[silent]\n|\n|win|ace o gato\n|n|\u2606SnorlaxPikachu1|snorlaxpikachu1\n|n|\u2606ace o gato|aceogato\n|n| Chaoszarde|chaoszarde\n|n| hormigacebollera|hormigacebollera\n|n| WishMkrLucy|wishmkrlucy\n","uploadtime":1772492767,"views":12,"formatid":"gen9vgc2026regi","rating":null,"private":0,"password":null}