{"id":"gen9vgc2026regi-2550684515","format":"[Gen 9] VGC 2026 Reg I","players":["blackred123","cxy090506"],"log":"|j|\u2606blackred123\n|j|\u2606cxy090506\n|t:|1772516534\n|gametype|doubles\n|player|p1|blackred123|iono-masters|1363\n|player|p2|cxy090506|wallace|1259\n|gen|9\n|tier|[Gen 9] VGC 2026 Reg I\n|rated|\n|rule|Species Clause: Limit one of each Pok\u00e9mon\n|rule|Item Clause: Limit 1 of each item\n|clearpoke\n|poke|p1|Kyogre, L50|\n|poke|p1|Zamazenta-*, L50|\n|poke|p1|Chien-Pao, L50|\n|poke|p1|Amoonguss, L50, M|\n|poke|p1|Dragonite, L50, F|\n|poke|p1|Rillaboom, L50, F|\n|poke|p2|Calyrex-Shadow, L50|\n|poke|p2|Indeedee-F, L50, F|\n|poke|p2|Whimsicott, L50, M|\n|poke|p2|Amoonguss, L50, F|\n|poke|p2|Zamazenta-*, L50|\n|poke|p2|Urshifu-*, L50, F|\n|teampreview|4\n|inactive|Battle timer is ON: inactive players will automatically lose when time's up. (requested by blackred123)\n|inactive|cxy090506 has 60 seconds left.\n|\n|t:|1772516586\n|teamsize|p1|4\n|teamsize|p2|4\n|start\n|switch|p1a: Zamazenta|Zamazenta-Crowned, L50|100/100\n|switch|p1b: Chien-Pao|Chien-Pao, L50|100/100\n|switch|p2a: \u4e3a\u4e86\u6211\uff0c\u5bf9\u5b83\u4f7f\u7528\u661f\u788e\u5427\uff01|Calyrex-Shadow, L50|100/100\n|switch|p2b: \u6b63\u4e49\u7684\u98ce\u5996\u7cbe|Whimsicott, L50, M|100/100\n|-ability|p2a: \u4e3a\u4e86\u6211\uff0c\u5bf9\u5b83\u4f7f\u7528\u661f\u788e\u5427\uff01|As One\n|-ability|p2a: \u4e3a\u4e86\u6211\uff0c\u5bf9\u5b83\u4f7f\u7528\u661f\u788e\u5427\uff01|Unnerve\n|-ability|p1b: Chien-Pao|Sword of Ruin\n|-ability|p1a: Zamazenta|Dauntless Shield|boost\n|-boost|p1a: Zamazenta|def|1\n|turn|1\n|\n|t:|1772516600\n|switch|p2b: \u74e6\u5b66\u5f1f\u7684\u5988\u5988|Indeedee-F, L50, F|100/100\n|-fieldstart|move: Psychic Terrain|[from] ability: Psychic Surge|[of] p2b: \u74e6\u5b66\u5f1f\u7684\u5988\u5988\n|-enditem|p2b: \u74e6\u5b66\u5f1f\u7684\u5988\u5988|Psychic Seed\n|-boost|p2b: \u74e6\u5b66\u5f1f\u7684\u5988\u5988|spd|1|[from] item: Psychic Seed\n|-terastallize|p2a: \u4e3a\u4e86\u6211\uff0c\u5bf9\u5b83\u4f7f\u7528\u661f\u788e\u5427\uff01|Ghost\n|move|p2a: \u4e3a\u4e86\u6211\uff0c\u5bf9\u5b83\u4f7f\u7528\u661f\u788e\u5427\uff01|Astral Barrage|p1a: Zamazenta|[spread] p1a,p1b\n|-resisted|p1b: Chien-Pao\n|-damage|p1a: Zamazenta|59/100\n|-damage|p1b: Chien-Pao|42/100\n|move|p1b: Chien-Pao|Ice Spinner|p2b: \u74e6\u5b66\u5f1f\u7684\u5988\u5988\n|-damage|p2b: \u74e6\u5b66\u5f1f\u7684\u5988\u5988|49/100\n|-fieldend|move: Psychic Terrain\n|move|p1a: Zamazenta|Heavy Slam|p2b: \u74e6\u5b66\u5f1f\u7684\u5988\u5988\n|-damage|p2b: \u74e6\u5b66\u5f1f\u7684\u5988\u5988|0 fnt\n|faint|p2b: \u74e6\u5b66\u5f1f\u7684\u5988\u5988\n|\n|upkeep\n|\n|t:|1772516623\n|switch|p2b: \u4e3a\u4e86\u6211\uff0c\u5bf9\u5b83\u4f7f\u7528\u6251\u51fb\u5427\uff01|Zamazenta-Crowned, L50|100/100\n|-ability|p2b: \u4e3a\u4e86\u6211\uff0c\u5bf9\u5b83\u4f7f\u7528\u6251\u51fb\u5427\uff01|Dauntless Shield|boost\n|-boost|p2b: \u4e3a\u4e86\u6211\uff0c\u5bf9\u5b83\u4f7f\u7528\u6251\u51fb\u5427\uff01|def|1\n|turn|2\n|\n|t:|1772516637\n|move|p2a: \u4e3a\u4e86\u6211\uff0c\u5bf9\u5b83\u4f7f\u7528\u661f\u788e\u5427\uff01|Protect|p2a: \u4e3a\u4e86\u6211\uff0c\u5bf9\u5b83\u4f7f\u7528\u661f\u788e\u5427\uff01\n|-singleturn|p2a: \u4e3a\u4e86\u6211\uff0c\u5bf9\u5b83\u4f7f\u7528\u661f\u788e\u5427\uff01|Protect\n|move|p1b: Chien-Pao|Sucker Punch||[still]\n|-fail|p1b: Chien-Pao\n|move|p2b: \u4e3a\u4e86\u6211\uff0c\u5bf9\u5b83\u4f7f\u7528\u6251\u51fb\u5427\uff01|Imprison|p2b: \u4e3a\u4e86\u6211\uff0c\u5bf9\u5b83\u4f7f\u7528\u6251\u51fb\u5427\uff01\n|-start|p2b: \u4e3a\u4e86\u6211\uff0c\u5bf9\u5b83\u4f7f\u7528\u6251\u51fb\u5427\uff01|move: Imprison\n|cant|p1a: Zamazenta|move: Imprison|Imprison\n|\n|upkeep\n|turn|3\n|\n|t:|1772516661\n|move|p1b: Chien-Pao|Sucker Punch|p2a: \u4e3a\u4e86\u6211\uff0c\u5bf9\u5b83\u4f7f\u7528\u661f\u788e\u5427\uff01\n|-supereffective|p2a: \u4e3a\u4e86\u6211\uff0c\u5bf9\u5b83\u4f7f\u7528\u661f\u788e\u5427\uff01\n|-damage|p2a: \u4e3a\u4e86\u6211\uff0c\u5bf9\u5b83\u4f7f\u7528\u661f\u788e\u5427\uff01|25/100\n|-enditem|p2a: \u4e3a\u4e86\u6211\uff0c\u5bf9\u5b83\u4f7f\u7528\u661f\u788e\u5427\uff01|Weakness Policy\n|-boost|p2a: \u4e3a\u4e86\u6211\uff0c\u5bf9\u5b83\u4f7f\u7528\u661f\u788e\u5427\uff01|atk|2|[from] item: Weakness Policy\n|-boost|p2a: \u4e3a\u4e86\u6211\uff0c\u5bf9\u5b83\u4f7f\u7528\u661f\u788e\u5427\uff01|spa|2|[from] item: Weakness Policy\n|move|p2a: \u4e3a\u4e86\u6211\uff0c\u5bf9\u5b83\u4f7f\u7528\u661f\u788e\u5427\uff01|Psychic|p1a: Zamazenta\n|-damage|p1a: Zamazenta|0 fnt\n|faint|p1a: Zamazenta\n|-ability|p2a: \u4e3a\u4e86\u6211\uff0c\u5bf9\u5b83\u4f7f\u7528\u661f\u788e\u5427\uff01|Grim Neigh|boost\n|-boost|p2a: \u4e3a\u4e86\u6211\uff0c\u5bf9\u5b83\u4f7f\u7528\u661f\u788e\u5427\uff01|spa|1\n|move|p2b: \u4e3a\u4e86\u6211\uff0c\u5bf9\u5b83\u4f7f\u7528\u6251\u51fb\u5427\uff01|Body Press|p1b: Chien-Pao\n|-supereffective|p1b: Chien-Pao\n|-damage|p1b: Chien-Pao|0 fnt\n|faint|p1b: Chien-Pao\n|\n|upkeep\n|\n|t:|1772516665\n|switch|p1b: Dragonite|Dragonite, L50, F|100/100\n|switch|p1a: Kyogre|Kyogre, L50|100/100\n|-weather|RainDance|[from] ability: Drizzle|[of] p1a: Kyogre\n|turn|4\n|inactive|cxy090506 has 30 seconds left.\n|\n|t:|1772516693\n|-terastallize|p1a: Kyogre|Ghost\n|move|p1b: Dragonite|Aqua Jet|p2a: \u4e3a\u4e86\u6211\uff0c\u5bf9\u5b83\u4f7f\u7528\u661f\u788e\u5427\uff01\n|-damage|p2a: \u4e3a\u4e86\u6211\uff0c\u5bf9\u5b83\u4f7f\u7528\u661f\u788e\u5427\uff01|0 fnt\n|faint|p2a: \u4e3a\u4e86\u6211\uff0c\u5bf9\u5b83\u4f7f\u7528\u661f\u788e\u5427\uff01\n|move|p1a: Kyogre|Water Spout|p2b: \u4e3a\u4e86\u6211\uff0c\u5bf9\u5b83\u4f7f\u7528\u6251\u51fb\u5427\uff01\n|-crit|p2b: \u4e3a\u4e86\u6211\uff0c\u5bf9\u5b83\u4f7f\u7528\u6251\u51fb\u5427\uff01\n|-damage|p2b: \u4e3a\u4e86\u6211\uff0c\u5bf9\u5b83\u4f7f\u7528\u6251\u51fb\u5427\uff01|0 fnt\n|faint|p2b: \u4e3a\u4e86\u6211\uff0c\u5bf9\u5b83\u4f7f\u7528\u6251\u51fb\u5427\uff01\n|\n|-weather|RainDance|[upkeep]\n|upkeep\n|inactive|cxy090506 has 30 seconds left.\n|j| Yancy0721\u56fe\u56fe\u72ac\u4fa0\n|inactive|cxy090506 has 20 seconds left.\n|\n|t:|1772516731\n|switch|p2b: \u6b63\u4e49\u7684\u98ce\u5996\u7cbe|Whimsicott, L50, M|100/100\n|turn|5\n|\n|t:|1772516744\n|move|p1b: Dragonite|Aqua Jet|p2b: \u6b63\u4e49\u7684\u98ce\u5996\u7cbe\n|-resisted|p2b: \u6b63\u4e49\u7684\u98ce\u5996\u7cbe\n|-damage|p2b: \u6b63\u4e49\u7684\u98ce\u5996\u7cbe|73/100\n|move|p1a: Kyogre|Water Spout|p2b: \u6b63\u4e49\u7684\u98ce\u5996\u7cbe\n|-resisted|p2b: \u6b63\u4e49\u7684\u98ce\u5996\u7cbe\n|-damage|p2b: \u6b63\u4e49\u7684\u98ce\u5996\u7cbe|0 fnt\n|faint|p2b: \u6b63\u4e49\u7684\u98ce\u5996\u7cbe\n|\n|win|blackred123\n|raw|blackred123's rating: 1363 &rarr; <strong>1377</strong><br />(+14 for winning)\n|raw|cxy090506's rating: 1259 &rarr; <strong>1241</strong><br />(-18 for losing)\n|l| Yancy0721\u56fe\u56fe\u72ac\u4fa0\n","uploadtime":1772516912,"views":12,"formatid":"gen9vgc2026regi","rating":1241,"private":0,"password":null}