{"id":"gen9vgc2026regi-2580823790","format":"[Gen 9] VGC 2026 Reg I","players":["Praguesheevp","kite77"],"log":"|j|\u2606Praguesheevp\n|j|\u2606kite77\n|t:|1775935418\n|gametype|doubles\n|player|p1|Praguesheevp|266|1165\n|player|p2|kite77|bugcatcher-gen4dp|1137\n|gen|9\n|tier|[Gen 9] VGC 2026 Reg I\n|rated|\n|rule|Species Clause: Limit one of each Pok\u00e9mon\n|rule|Item Clause: Limit 1 of each item\n|clearpoke\n|poke|p1|Calyrex-Ice, L50|\n|poke|p1|Kyogre, L50|\n|poke|p1|Smeargle, L50, F|\n|poke|p1|Roaring Moon, L50|\n|poke|p1|Landorus, L50, M|\n|poke|p1|Ogerpon-Cornerstone, L50, F|\n|poke|p2|Latios, L50, M|\n|poke|p2|Kommo-o, L50, F|\n|poke|p2|Iron Valiant, L50|\n|poke|p2|Lunala, L50|\n|poke|p2|Orthworm, L50, M|\n|poke|p2|Incineroar, L50, F|\n|teampreview|4\n|\n|t:|1775935447\n|teamsize|p1|4\n|teamsize|p2|4\n|start\n|switch|p1a: Smeargle|Smeargle, L50, F|100/100\n|switch|p1b: Landorus|Landorus, L50, M|100/100\n|switch|p2a: Orthworm|Orthworm, L50, M|100/100\n|switch|p2b: Latios|Latios, L50, M|100/100\n|turn|1\n|inactive|Battle timer is ON: inactive players will automatically lose when time's up. (requested by kite77)\n|\n|t:|1775935463\n|move|p2b: Latios|Protect|p2b: Latios\n|-singleturn|p2b: Latios|Protect\n|move|p1a: Smeargle|Spore|p2a: Orthworm\n|-status|p2a: Orthworm|slp|[from] move: Spore\n|move|p1b: Landorus|Sludge Bomb|p2b: Latios\n|-activate|p2b: Latios|move: Protect\n|cant|p2a: Orthworm|slp\n|\n|upkeep\n|turn|2\n|\n|t:|1775935482\n|switch|p1b: Calyrex|Calyrex-Ice, L50|100/100\n|-ability|p1b: Calyrex|As One\n|-ability|p1b: Calyrex|Unnerve\n|move|p2b: Latios|Luster Purge|p1a: Smeargle\n|-enditem|p1a: Smeargle|Focus Sash\n|-damage|p1a: Smeargle|1/100\n|move|p1a: Smeargle|Spore|p2b: Latios\n|-status|p2b: Latios|slp|[from] move: Spore\n|cant|p2a: Orthworm|slp\n|\n|upkeep\n|turn|3\n|\n|t:|1775935507\n|switch|p2b: Lunala|Lunala, L50|100/100\n|move|p1a: Smeargle|Decorate|p1b: Calyrex\n|-boost|p1b: Calyrex|atk|2\n|-boost|p1b: Calyrex|spa|2\n|cant|p2a: Orthworm|slp\n|move|p1b: Calyrex|Glacial Lance|p2b: Lunala|[spread] p2a,p2b\n|-resisted|p2a: Orthworm\n|-damage|p2a: Orthworm|60/100 slp\n|-damage|p2b: Lunala|60/100\n|\n|upkeep\n|turn|4\n|\n|t:|1775935528\n|move|p2b: Lunala|Wide Guard|p2b: Lunala\n|-singleturn|p2b: Lunala|Wide Guard\n|move|p1a: Smeargle|Spore|p2b: Lunala\n|-status|p2b: Lunala|slp|[from] move: Spore\n|-curestatus|p2a: Orthworm|slp|[msg]\n|move|p2a: Orthworm|Shed Tail|p2a: Orthworm\n|-start|p2a: Orthworm|Substitute|[from] move: Shed Tail\n|-damage|p2a: Orthworm|10/100\n|\n|t:|1775935537\n|switch|p2a: Kommo-o|Kommo-o, L50, F|100/100|[from] Shed Tail\n|move|p1b: Calyrex|Leech Seed||[still]\n|-fail|p1b: Calyrex\n|\n|upkeep\n|turn|5\n|inactive|kite77 has 30 seconds left.\n|\n|t:|1775935565\n|-terastallize|p2a: Kommo-o|Ghost\n|move|p1a: Smeargle|Decorate|p1b: Calyrex\n|-boost|p1b: Calyrex|atk|2\n|-boost|p1b: Calyrex|spa|2\n|move|p2a: Kommo-o|Clangorous Soul|p2a: Kommo-o\n|-boost|p2a: Kommo-o|atk|1\n|-boost|p2a: Kommo-o|def|1\n|-boost|p2a: Kommo-o|spa|1\n|-boost|p2a: Kommo-o|spd|1\n|-boost|p2a: Kommo-o|spe|1\n|-damage|p2a: Kommo-o|68/100\n|cant|p2b: Lunala|slp\n|move|p1b: Calyrex|Glacial Lance|p2b: Lunala|[spread] p2a,p2b\n|-end|p2a: Kommo-o|Substitute\n|-damage|p2b: Lunala|0 fnt\n|faint|p2b: Lunala\n|-ability|p1b: Calyrex|Chilling Neigh|boost\n|-boost|p1b: Calyrex|atk|1\n|\n|upkeep\n|\n|t:|1775935587\n|switch|p2b: Latios|Latios, L50, M|100/100 slp\n|turn|6\n|\n|t:|1775935605\n|-terastallize|p1b: Calyrex|Fairy\n|move|p1a: Smeargle|Follow Me|p1a: Smeargle\n|-singleturn|p1a: Smeargle|move: Follow Me\n|move|p2a: Kommo-o|Drain Punch|p1a: Smeargle\n|-supereffective|p1a: Smeargle\n|-damage|p1a: Smeargle|0 fnt\n|-heal|p2a: Kommo-o|68/100|[from] drain|[of] p1a: Smeargle\n|faint|p1a: Smeargle\n|cant|p2b: Latios|slp\n|move|p1b: Calyrex|Glacial Lance|p2b: Latios|[spread] p2a,p2b\n|-supereffective|p2b: Latios\n|-damage|p2a: Kommo-o|0 fnt\n|-damage|p2b: Latios|0 fnt\n|faint|p2a: Kommo-o\n|faint|p2b: Latios\n|-ability|p1b: Calyrex|Chilling Neigh|boost\n|-boost|p1b: Calyrex|atk|1\n|\n|upkeep\n|-message|kite77 forfeited.\n|\n|win|Praguesheevp\n|raw|Praguesheevp's rating: 1165 &rarr; <strong>1188</strong><br />(+23 for winning)\n|raw|kite77's rating: 1137 &rarr; <strong>1114</strong><br />(-23 for losing)\n|l|\u2606kite77\n|player|p2|\n|l|\u2606Praguesheevp\n|player|p1|\n","uploadtime":1775935769,"views":11,"formatid":"gen9vgc2026regi","rating":1114,"private":0,"password":null}