{"id":"gen9vgc2026regi-2521097185","format":"[Gen 9] VGC 2026 Reg I","players":["Florisvd","blackred123"],"log":"|j|\u2606Florisvd\n|j|\u2606blackred123\n|t:|1768727907\n|gametype|doubles\n|player|p1|Florisvd|266|1115\n|player|p2|blackred123|iono-masters|1210\n|gen|9\n|tier|[Gen 9] VGC 2026 Reg I\n|rated|\n|rule|Species Clause: Limit one of each Pok\u00e9mon\n|rule|Item Clause: Limit 1 of each item\n|clearpoke\n|poke|p1|Tornadus, L50, M|\n|poke|p1|Urshifu-*, L50, M|\n|poke|p1|Landorus-Therian, L50, M|\n|poke|p1|Calyrex-Shadow, L50|\n|poke|p1|Gengar, L50, M|\n|poke|p1|Miraidon, L50|\n|poke|p2|Zacian-*, L50|\n|poke|p2|Kyogre, L50|\n|poke|p2|Amoonguss, L50, M|\n|poke|p2|Incineroar, L50, F|\n|poke|p2|Urshifu-*, L50, M|\n|poke|p2|Iron Jugulis, L50|\n|teampreview|4\n|inactive|Battle timer is ON: inactive players will automatically lose when time's up. (requested by blackred123)\n|inactive|Florisvd has 60 seconds left.\n|\n|t:|1768727963\n|teamsize|p1|4\n|teamsize|p2|4\n|start\n|switch|p1a: Tornadus|Tornadus, L50, M, shiny|100/100\n|switch|p1b: Gengar|Gengar, L50, M|100/100\n|switch|p2a: \u55f7\u545c\uff5e|Iron Jugulis, L50|100/100\n|switch|p2b: \u4e3b\u4eba\ud83d\ude2d\ud83e\udd75|Incineroar, L50, F|100/100\n|-ability|p2b: \u4e3b\u4eba\ud83d\ude2d\ud83e\udd75|Intimidate|boost\n|-unboost|p1a: Tornadus|atk|1\n|-unboost|p1b: Gengar|atk|1\n|-enditem|p2a: \u55f7\u545c\uff5e|Booster Energy\n|-activate|p2a: \u55f7\u545c\uff5e|ability: Quark Drive|[fromitem]\n|-start|p2a: \u55f7\u545c\uff5e|quarkdrivespe\n|turn|1\n|\n|t:|1768727985\n|move|p1a: Tornadus|Protect|p1a: Tornadus\n|-singleturn|p1a: Tornadus|Protect\n|move|p1b: Gengar|Protect|p1b: Gengar\n|-singleturn|p1b: Gengar|Protect\n|move|p2b: \u4e3b\u4eba\ud83d\ude2d\ud83e\udd75|Fake Out|p1a: Tornadus\n|-activate|p1a: Tornadus|move: Protect\n|move|p2a: \u55f7\u545c\uff5e|Tailwind|p2a: \u55f7\u545c\uff5e\n|-sidestart|p2: blackred123|move: Tailwind\n|\n|upkeep\n|turn|2\n|\n|t:|1768728007\n|move|p1a: Tornadus|Tailwind|p1a: Tornadus\n|-sidestart|p1: Florisvd|move: Tailwind\n|move|p2a: \u55f7\u545c\uff5e|Snarl|p1a: Tornadus|[spread] p1a,p1b\n|-supereffective|p1b: Gengar\n|-damage|p1a: Tornadus|80/100\n|-damage|p1b: Gengar|56/100\n|-unboost|p1a: Tornadus|spa|1\n|-unboost|p1b: Gengar|spa|1\n|-start|p2a: \u55f7\u545c\uff5e|Disable|Snarl|[from] ability: Cursed Body|[of] p1b: Gengar\n|move|p1b: Gengar|Encore|p2b: \u4e3b\u4eba\ud83d\ude2d\ud83e\udd75\n|-start|p2b: \u4e3b\u4eba\ud83d\ude2d\ud83e\udd75|Encore\n|move|p2b: \u4e3b\u4eba\ud83d\ude2d\ud83e\udd75|Fake Out||[still]\n|-hint|Fake Out only works on your first turn out.\n|-fail|p2b: \u4e3b\u4eba\ud83d\ude2d\ud83e\udd75\n|\n|upkeep\n|turn|3\n|inactive|Florisvd has 30 seconds left.\n|inactive|Florisvd has 20 seconds left.\n|inactive|Florisvd has 15 seconds left.\n|\n|t:|1768728049\n|switch|p1a: Calyrex|Calyrex-Shadow, L50|100/100\n|-ability|p1a: Calyrex|As One\n|-ability|p1a: Calyrex|Unnerve\n|switch|p2b: \u9a6c\u5243\u5929\u7231\u661f|Kyogre, L50, shiny|100/100\n|-weather|RainDance|[from] ability: Drizzle|[of] p2b: \u9a6c\u5243\u5929\u7231\u661f\n|move|p2a: \u55f7\u545c\uff5e|Hurricane|p1a: Calyrex\n|-damage|p1a: Calyrex|60/100\n|-start|p1a: Calyrex|confusion\n|move|p1b: Gengar|Sludge Bomb|p2a: \u55f7\u545c\uff5e\n|-damage|p2a: \u55f7\u545c\uff5e|72/100\n|\n|-weather|RainDance|[upkeep]\n|upkeep\n|turn|4\n|inactive|Florisvd has 30 seconds left.\n|inactive|blackred123 has 30 seconds left.\n|\n|t:|1768728081\n|switch|p1a: Tornadus|Tornadus, L50, M, shiny|80/100\n|move|p1b: Gengar|Protect|p1b: Gengar\n|-singleturn|p1b: Gengar|Protect\n|move|p2a: \u55f7\u545c\uff5e|Hurricane|p1a: Tornadus\n|-damage|p1a: Tornadus|24/100\n|-start|p1a: Tornadus|confusion\n|move|p2b: \u9a6c\u5243\u5929\u7231\u661f|Origin Pulse|p1b: Gengar|[spread] \n|-activate|p1b: Gengar|move: Protect\n|-miss|p2b: \u9a6c\u5243\u5929\u7231\u661f|p1a: Tornadus\n|\n|-weather|RainDance|[upkeep]\n|-sideend|p2: blackred123|move: Tailwind\n|upkeep\n|turn|5\n|\n|t:|1768728105\n|move|p1b: Gengar|Disable|p2b: \u9a6c\u5243\u5929\u7231\u661f\n|-start|p2b: \u9a6c\u5243\u5929\u7231\u661f|Disable|Origin Pulse\n|-activate|p1a: Tornadus|confusion\n|move|p1a: Tornadus|Bleakwind Storm|p2a: \u55f7\u545c\uff5e|[spread] p2a,p2b\n|-damage|p2a: \u55f7\u545c\uff5e|34/100\n|-damage|p2b: \u9a6c\u5243\u5929\u7231\u661f|82/100\n|-unboost|p2a: \u55f7\u545c\uff5e|spe|1\n|-unboost|p2b: \u9a6c\u5243\u5929\u7231\u661f|spe|1\n|move|p2a: \u55f7\u545c\uff5e|Tailwind|p2a: \u55f7\u545c\uff5e\n|-sidestart|p2: blackred123|move: Tailwind\n|cant|p2b: \u9a6c\u5243\u5929\u7231\u661f|Disable|Origin Pulse\n|\n|-weather|RainDance|[upkeep]\n|-end|p2a: \u55f7\u545c\uff5e|Disable\n|-sideend|p1: Florisvd|move: Tailwind\n|upkeep\n|turn|6\n|inactive|Florisvd has 30 seconds left.\n|\n|t:|1768728131\n|move|p2a: \u55f7\u545c\uff5e|Hurricane|p1a: Tornadus\n|-damage|p1a: Tornadus|0 fnt\n|faint|p1a: Tornadus\n|move|p1b: Gengar|Encore|p2b: \u9a6c\u5243\u5929\u7231\u661f\n|-start|p2b: \u9a6c\u5243\u5929\u7231\u661f|Encore\n|cant|p2b: \u9a6c\u5243\u5929\u7231\u661f|Disable|Origin Pulse\n|\n|-weather|RainDance|[upkeep]\n|upkeep\n|\n|t:|1768728139\n|switch|p1a: Miraidon|Miraidon, L50, shiny|100/100\n|-fieldstart|move: Electric Terrain|[from] ability: Hadron Engine|[of] p1a: Miraidon\n|turn|7\n|\n|t:|1768728157\n|switch|p2b: \u4e3b\u4eba\ud83d\ude2d\ud83e\udd75|Incineroar, L50, F|100/100\n|-ability|p2b: \u4e3b\u4eba\ud83d\ude2d\ud83e\udd75|Intimidate|boost\n|-unboost|p1a: Miraidon|atk|1\n|-unboost|p1b: Gengar|atk|1\n|-terastallize|p1a: Miraidon|Electric\n|move|p1b: Gengar|Protect|p1b: Gengar\n|-singleturn|p1b: Gengar|Protect\n|move|p2a: \u55f7\u545c\uff5e|Snarl|p1a: Miraidon|[spread] p1a\n|-activate|p1b: Gengar|move: Protect\n|-damage|p1a: Miraidon|83/100\n|-unboost|p1a: Miraidon|spa|1\n|move|p1a: Miraidon|Electro Drift|p2b: \u4e3b\u4eba\ud83d\ude2d\ud83e\udd75\n|-damage|p2b: \u4e3b\u4eba\ud83d\ude2d\ud83e\udd75|0 fnt\n|faint|p2b: \u4e3b\u4eba\ud83d\ude2d\ud83e\udd75\n|\n|-weather|none\n|upkeep\n|\n|t:|1768728178\n|switch|p2b: \u963f\u5c14\u6258\u8389\u96c5|Zacian-Crowned, L50, shiny|100/100\n|-ability|p2b: \u963f\u5c14\u6258\u8389\u96c5|Intrepid Sword|boost\n|-boost|p2b: \u963f\u5c14\u6258\u8389\u96c5|atk|1\n|turn|8\n|inactive|Florisvd has 30 seconds left.\n|inactive|Florisvd has 20 seconds left.\n|\n|t:|1768728218\n|move|p2b: \u963f\u5c14\u6258\u8389\u96c5|Behemoth Blade|p1a: Miraidon\n|-resisted|p1a: Miraidon\n|-damage|p1a: Miraidon|40/100\n|move|p2a: \u55f7\u545c\uff5e|Snarl|p1b: Gengar|[spread] p1a,p1b\n|-supereffective|p1b: Gengar\n|-damage|p1a: Miraidon|22/100\n|-damage|p1b: Gengar|9/100\n|-unboost|p1a: Miraidon|spa|1\n|-unboost|p1b: Gengar|spa|1\n|move|p1a: Miraidon|Electro Drift|p2b: \u963f\u5c14\u6258\u8389\u96c5\n|-damage|p2b: \u963f\u5c14\u6258\u8389\u96c5|10/100\n|move|p1b: Gengar|Disable|p2b: \u963f\u5c14\u6258\u8389\u96c5\n|-start|p2b: \u963f\u5c14\u6258\u8389\u96c5|Disable|Behemoth Blade\n|\n|-sideend|p2: blackred123|move: Tailwind\n|upkeep\n|turn|9\n|\n|t:|1768728242\n|move|p2b: \u963f\u5c14\u6258\u8389\u96c5|Play Rough|p1a: Miraidon\n|-damage|p1a: Miraidon|0 fnt\n|faint|p1a: Miraidon\n|move|p1b: Gengar|Sludge Bomb|p2a: \u55f7\u545c\uff5e\n|-damage|p2a: \u55f7\u545c\uff5e|14/100\n|move|p2a: \u55f7\u545c\uff5e|Tailwind|p2a: \u55f7\u545c\uff5e\n|-sidestart|p2: blackred123|move: Tailwind\n|\n|upkeep\n|\n|t:|1768728250\n|switch|p1a: Calyrex|Calyrex-Shadow, L50|60/100\n|-ability|p1a: Calyrex|As One\n|-ability|p1a: Calyrex|Unnerve\n|turn|10\n|inactive|Florisvd has 30 seconds left.\n|\n|t:|1768728277\n|move|p2b: \u963f\u5c14\u6258\u8389\u96c5|Play Rough|p1b: Gengar\n|-resisted|p1b: Gengar\n|-damage|p1b: Gengar|0 fnt\n|faint|p1b: Gengar\n|move|p2a: \u55f7\u545c\uff5e|Snarl|p1a: Calyrex\n|-supereffective|p1a: Calyrex\n|-damage|p1a: Calyrex|0 fnt\n|faint|p1a: Calyrex\n|\n|win|blackred123\n|raw|Florisvd's rating: 1115 &rarr; <strong>1097</strong><br />(-18 for losing)\n|raw|blackred123's rating: 1210 &rarr; <strong>1228</strong><br />(+18 for winning)\n|l|\u2606Florisvd\n|player|p1|\n","uploadtime":1768728587,"views":15,"formatid":"gen9vgc2026regi","rating":1097,"private":0,"password":null}