{"id":"gen9vgc2026regi-2579698829","format":"[Gen 9] VGC 2026 Reg I","players":["sunny_zong4","DaviLT13"],"log":"|j|\u2606sunny_zong4\n|j|\u2606DaviLT13\n|t:|1775818229\n|gametype|doubles\n|player|p1|sunny_zong4|2|1309\n|player|p2|DaviLT13|striker|1409\n|gen|9\n|tier|[Gen 9] VGC 2026 Reg I\n|rated|\n|rule|Species Clause: Limit one of each Pok\u00e9mon\n|rule|Item Clause: Limit 1 of each item\n|clearpoke\n|poke|p1|Typhlosion-Hisui, L50, F|\n|poke|p1|Miraidon, L50|\n|poke|p1|Calyrex-Shadow, L50|\n|poke|p1|Scizor, L50, M|\n|poke|p1|Rillaboom, L50, F|\n|poke|p1|Urshifu-*, L50, F|\n|poke|p2|Incineroar, L50, M|\n|poke|p2|Koraidon, L50|\n|poke|p2|Terapagos, L50, M|\n|poke|p2|Flutter Mane, L50|\n|poke|p2|Rillaboom, L50, M|\n|poke|p2|Sinistcha, L50|\n|teampreview|4\n|inactive|Battle timer is ON: inactive players will automatically lose when time's up. (requested by DaviLT13)\n|inactive|sunny_zong4 also wants the timer to be on.\n|inactive|sunny_zong4 has 60 seconds left.\n|\n|t:|1775818261\n|teamsize|p1|4\n|teamsize|p2|4\n|start\n|switch|p1a: Calyrex|Calyrex-Shadow, L50|100/100\n|switch|p1b: Typhlosion|Typhlosion-Hisui, L50, F|100/100\n|switch|p2a: Terapagos|Terapagos, L50, M|100/100\n|switch|p2b: Rillaboom|Rillaboom, L50, M|100/100\n|-activate|p2a: Terapagos|ability: Tera Shift\n|detailschange|p2a: Terapagos|Terapagos-Terastal, L50, M\n|-heal|p2a: Terapagos|100/100|[silent]\n|-ability|p1a: Calyrex|As One\n|-ability|p1a: Calyrex|Unnerve\n|-fieldstart|move: Grassy Terrain|[from] ability: Grassy Surge|[of] p2b: Rillaboom\n|turn|1\n|\n|t:|1775818275\n|switch|p2b: Incineroar|Incineroar, L50, M|100/100\n|-ability|p2b: Incineroar|Intimidate|boost\n|-unboost|p1a: Calyrex|atk|1\n|-unboost|p1b: Typhlosion|atk|1\n|move|p1a: Calyrex|Astral Barrage|p2a: Terapagos|[spread] p2b\n|-immune|p2a: Terapagos\n|-resisted|p2b: Incineroar\n|-damage|p2b: Incineroar|64/100\n|-damage|p1a: Calyrex|91/100|[from] item: Life Orb\n|move|p1b: Typhlosion|Eruption|p2b: Incineroar|[spread] p2a,p2b\n|-activate|p2a: Terapagos|ability: Tera Shell\n|-resisted|p2a: Terapagos\n|-resisted|p2b: Incineroar\n|-damage|p2a: Terapagos|78/100\n|-damage|p2b: Incineroar|40/100\n|move|p2a: Terapagos|Calm Mind|p2a: Terapagos\n|-boost|p2a: Terapagos|spa|1\n|-boost|p2a: Terapagos|spd|1\n|\n|-heal|p1a: Calyrex|97/100|[from] Grassy Terrain\n|-heal|p2a: Terapagos|84/100|[from] Grassy Terrain\n|-heal|p2a: Terapagos|91/100|[from] item: Leftovers\n|-heal|p2b: Incineroar|46/100|[from] Grassy Terrain\n|upkeep\n|turn|2\n|\n|t:|1775818304\n|move|p2a: Terapagos|Protect|p2a: Terapagos\n|-singleturn|p2a: Terapagos|Protect\n|move|p1a: Calyrex|Encore|p2a: Terapagos\n|-activate|p2a: Terapagos|move: Protect\n|move|p1b: Typhlosion|Curse|p2a: Terapagos\n|-start|p2a: Terapagos|Curse|[of] p1b: Typhlosion\n|-damage|p1b: Typhlosion|51/100\n|move|p2b: Incineroar|Knock Off|p1a: Calyrex\n|-supereffective|p1a: Calyrex\n|-damage|p1a: Calyrex|0 fnt\n|-enditem|p1a: Calyrex|Life Orb|[from] move: Knock Off|[of] p2b: Incineroar\n|faint|p1a: Calyrex\n|\n|-heal|p1b: Typhlosion|57/100|[from] Grassy Terrain\n|-heal|p2a: Terapagos|97/100|[from] Grassy Terrain\n|-heal|p2a: Terapagos|100/100|[from] item: Leftovers\n|-heal|p2b: Incineroar|52/100|[from] Grassy Terrain\n|-damage|p2a: Terapagos|75/100|[from] Curse\n|upkeep\n|\n|t:|1775818308\n|switch|p1a: Miraidon|Miraidon, L50|100/100\n|-fieldstart|move: Electric Terrain|[from] ability: Hadron Engine|[of] p1a: Miraidon\n|turn|3\n|\n|t:|1775818326\n|switch|p2b: Sinistcha|Sinistcha, L50|100/100\n|-heal|p2a: Terapagos|100/100|[from] ability: Hospitality|[of] p2b: Sinistcha\n|-terastallize|p1a: Miraidon|Fairy\n|-terastallize|p2a: Terapagos|Stellar\n|detailschange|p2a: Terapagos|Terapagos-Stellar, L50, M, tera:Stellar\n|-heal|p2a: Terapagos|100/100|[silent]\n|-ability|p2a: Terapagos|Teraform Zero\n|-fieldend|move: Electric Terrain\n|move|p1a: Miraidon|Dazzling Gleam|p2b: Sinistcha|[spread] p2a,p2b\n|-damage|p2a: Terapagos|78/100\n|-damage|p2b: Sinistcha|46/100\n|move|p1b: Typhlosion|Eruption|p2a: Terapagos|[spread] p2a,p2b\n|-supereffective|p2b: Sinistcha\n|-damage|p2a: Terapagos|65/100\n|-damage|p2b: Sinistcha|0 fnt\n|faint|p2b: Sinistcha\n|move|p2a: Terapagos|Tera Starstorm|p1b: Typhlosion|[spread] p1a,p1b\n|-supereffective|p1a: Miraidon\n|-damage|p1a: Miraidon|21/100\n|-damage|p1b: Typhlosion|0 fnt\n|faint|p1b: Typhlosion\n|\n|-heal|p2a: Terapagos|71/100|[from] item: Leftovers\n|-damage|p2a: Terapagos|46/100|[from] Curse\n|upkeep\n|\n|t:|1775818349\n|switch|p1b: Scizor|Scizor, L50, M|100/100\n|switch|p2b: Rillaboom|Rillaboom, L50, M|100/100\n|-fieldstart|move: Grassy Terrain|[from] ability: Grassy Surge|[of] p2b: Rillaboom\n|turn|4\n|\n|t:|1775818360\n|move|p2b: Rillaboom|Fake Out|p1a: Miraidon\n|-damage|p1a: Miraidon|10/100\n|cant|p1a: Miraidon|flinch\n|move|p2a: Terapagos|Tera Starstorm|p1b: Scizor|[spread] p1a,p1b\n|-supereffective|p1a: Miraidon\n|-damage|p1a: Miraidon|0 fnt\n|-damage|p1b: Scizor|43/100\n|faint|p1a: Miraidon\n|move|p1b: Scizor|Bug Bite|p2a: Terapagos\n|-damage|p2a: Terapagos|19/100\n|\n|-heal|p2a: Terapagos|25/100|[from] Grassy Terrain\n|-heal|p2a: Terapagos|32/100|[from] item: Leftovers\n|-heal|p1b: Scizor|49/100|[from] Grassy Terrain\n|-heal|p1b: Scizor|55/100|[from] item: Leftovers\n|-damage|p2a: Terapagos|7/100|[from] Curse\n|upkeep\n|turn|5\n|\n|t:|1775818380\n|move|p1b: Scizor|Bullet Punch|p2a: Terapagos\n|-damage|p2a: Terapagos|0 fnt\n|faint|p2a: Terapagos\n|detailschange|p2: Terapagos|Terapagos, L50, M|[silent]\n|move|p2b: Rillaboom|Wood Hammer|p1b: Scizor\n|-resisted|p1b: Scizor\n|-damage|p1b: Scizor|39/100\n|-damage|p2b: Rillaboom|96/100|[from] Recoil\n|\n|-heal|p2b: Rillaboom|100/100|[from] Grassy Terrain\n|-heal|p1b: Scizor|45/100|[from] Grassy Terrain\n|-heal|p1b: Scizor|51/100|[from] item: Leftovers\n|upkeep\n|\n|t:|1775818386\n|switch|p2a: Incineroar|Incineroar, L50, M|52/100\n|-ability|p2a: Incineroar|Intimidate|boost\n|-unboost|p1b: Scizor|atk|1\n|turn|6\n|\n|t:|1775818398\n|move|p2b: Rillaboom|Wood Hammer|p1b: Scizor\n|-resisted|p1b: Scizor\n|-damage|p1b: Scizor|34/100\n|-damage|p2b: Rillaboom|96/100|[from] Recoil\n|move|p1b: Scizor|Bug Bite|p2a: Incineroar\n|-damage|p2a: Incineroar|29/100\n|-damage|p1b: Scizor|18/100|[from] item: Rocky Helmet|[of] p2a: Incineroar\n|move|p2a: Incineroar|Flare Blitz|p1b: Scizor\n|-supereffective|p1b: Scizor\n|-damage|p1b: Scizor|0 fnt\n|faint|p1b: Scizor\n|-damage|p2a: Incineroar|24/100|[from] Recoil\n|\n|win|DaviLT13\n|raw|sunny_zong4's rating: 1309 &rarr; <strong>1295</strong><br />(-14 for losing)\n|raw|DaviLT13's rating: 1409 &rarr; <strong>1423</strong><br />(+14 for winning)\n|l|\u2606sunny_zong4\n|player|p1|\n|l|\u2606DaviLT13\n|player|p2|\n","uploadtime":1775818575,"views":9,"formatid":"gen9vgc2026regi","rating":1295,"private":0,"password":null}