{"id":"gen9vgc2026regi-2591016880","format":"[Gen 9] VGC 2026 Reg I","players":["Lil Tic","jorge anglero"],"log":"|j|\u2606Lil Tic\n|j|\u2606jorge anglero\n|t:|1776868731\n|gametype|doubles\n|player|p1|Lil Tic|170|1442\n|player|p2|jorge anglero|2|1324\n|gen|9\n|tier|[Gen 9] VGC 2026 Reg I\n|rated|\n|rule|Species Clause: Limit one of each Pok\u00e9mon\n|rule|Item Clause: Limit 1 of each item\n|clearpoke\n|poke|p1|Koraidon, L50|\n|poke|p1|Flutter Mane, L50|\n|poke|p1|Ho-Oh, L50|\n|poke|p1|Incineroar, L50, M|\n|poke|p1|Amoonguss, L50, F|\n|poke|p1|Ting-Lu, L50|\n|poke|p2|Ursaluna, L50, M|\n|poke|p2|Koraidon, L50|\n|poke|p2|Lunala, L50|\n|poke|p2|Brute Bonnet, L50|\n|poke|p2|Typhlosion-Hisui, L50, F|\n|poke|p2|Lilligant-Hisui, L50, F|\n|teampreview|4\n|\n|t:|1776868767\n|teamsize|p1|4\n|teamsize|p2|4\n|start\n|switch|p1a: Ting-Lu|Ting-Lu, L50|100/100\n|switch|p1b: Incineroar|Incineroar, L50, M|100/100\n|switch|p2a: Koraidon|Koraidon, L50|100/100\n|switch|p2b: Typhlosion|Typhlosion-Hisui, L50, F|100/100\n|-weather|SunnyDay|[from] ability: Orichalcum Pulse|[of] p2a: Koraidon\n|-activate|p2a: Koraidon|Orichalcum Pulse|[source]\n|-ability|p1b: Incineroar|Intimidate|boost\n|-unboost|p2a: Koraidon|atk|1\n|-unboost|p2b: Typhlosion|atk|1\n|-ability|p1a: Ting-Lu|Vessel of Ruin\n|turn|1\n|\n|t:|1776868783\n|switch|p2a: Ursaluna|Ursaluna, L50, M, shiny|100/100\n|-terastallize|p2b: Typhlosion|Fire\n|move|p1b: Incineroar|Fake Out|p2a: Ursaluna\n|-damage|p2a: Ursaluna|90/100\n|move|p2b: Typhlosion|Eruption|p1a: Ting-Lu|[spread] p1a,p1b\n|-resisted|p1b: Incineroar\n|-damage|p1a: Ting-Lu|43/100\n|-damage|p1b: Incineroar|61/100\n|move|p1a: Ting-Lu|Stomping Tantrum|p2b: Typhlosion\n|-supereffective|p2b: Typhlosion\n|-damage|p2b: Typhlosion|10/100\n|\n|-weather|SunnyDay|[upkeep]\n|-heal|p1a: Ting-Lu|49/100|[from] item: Leftovers\n|-status|p2a: Ursaluna|brn|[from] item: Flame Orb\n|upkeep\n|turn|2\n|\n|t:|1776868847\n|switch|p2b: Lilligant|Lilligant-Hisui, L50, F, shiny|100/100\n|move|p2a: Ursaluna|Protect|p2a: Ursaluna\n|-singleturn|p2a: Ursaluna|Protect\n|move|p1b: Incineroar|Flare Blitz|p2a: Ursaluna\n|-activate|p2a: Ursaluna|move: Protect\n|move|p1a: Ting-Lu|Stealth Rock|p2b: Lilligant\n|-sidestart|p2: jorge anglero|move: Stealth Rock\n|\n|-weather|SunnyDay|[upkeep]\n|-heal|p1a: Ting-Lu|55/100|[from] item: Leftovers\n|-damage|p2a: Ursaluna|84/100 brn|[from] brn\n|upkeep\n|turn|3\n|inactive|Battle timer is ON: inactive players will automatically lose when time's up. (requested by jorge anglero)\n|\n|t:|1776868867\n|switch|p1a: Ho-Oh|Ho-Oh, L50|100/100\n|move|p2b: Lilligant|After You|p2a: Ursaluna\n|-activate|p2a: Ursaluna|move: After You\n|move|p2a: Ursaluna|Facade|p1a: Ho-Oh\n|-damage|p1a: Ho-Oh|0 fnt\n|faint|p1a: Ho-Oh\n|move|p1b: Incineroar|Flare Blitz|p2a: Ursaluna\n|-damage|p2a: Ursaluna|25/100 brn\n|-damage|p1b: Incineroar|39/100|[from] Recoil\n|\n|-weather|SunnyDay|[upkeep]\n|-damage|p2a: Ursaluna|19/100 brn|[from] brn\n|upkeep\n|\n|t:|1776868880\n|switch|p1a: Koraidon|Koraidon, L50|100/100\n|-activate|p1a: Koraidon|ability: Orichalcum Pulse\n|turn|4\n|\n|t:|1776868889\n|switch|p1b: Ting-Lu|Ting-Lu, L50|55/100\n|-ability|p1b: Ting-Lu|Vessel of Ruin\n|move|p1a: Koraidon|Protect|p1a: Koraidon\n|-singleturn|p1a: Koraidon|Protect\n|move|p2b: Lilligant|After You|p2a: Ursaluna\n|-activate|p2a: Ursaluna|move: After You\n|move|p2a: Ursaluna|Facade|p1a: Koraidon\n|-activate|p1a: Koraidon|move: Protect\n|\n|-weather|SunnyDay|[upkeep]\n|-heal|p1b: Ting-Lu|61/100|[from] item: Leftovers\n|-damage|p2a: Ursaluna|14/100 brn|[from] brn\n|upkeep\n|turn|5\n|\n|t:|1776868914\n|switch|p1a: Incineroar|Incineroar, L50, M|39/100\n|-ability|p1a: Incineroar|Intimidate|boost\n|-unboost|p2a: Ursaluna|atk|1\n|-unboost|p2b: Lilligant|atk|1\n|move|p2b: Lilligant|After You|p2a: Ursaluna\n|-activate|p2a: Ursaluna|move: After You\n|move|p2a: Ursaluna|Facade|p1a: Incineroar\n|-damage|p1a: Incineroar|0 fnt\n|faint|p1a: Incineroar\n|move|p1b: Ting-Lu|Heavy Slam|p2a: Ursaluna\n|-damage|p2a: Ursaluna|3/100 brn\n|\n|-weather|none\n|-heal|p1b: Ting-Lu|68/100|[from] item: Leftovers\n|-damage|p2a: Ursaluna|0 fnt|[from] brn\n|faint|p2a: Ursaluna\n|upkeep\n|\n|t:|1776868935\n|switch|p1a: Koraidon|Koraidon, L50|100/100\n|switch|p2a: Koraidon|Koraidon, L50|100/100\n|-damage|p2a: Koraidon|95/100|[from] Stealth Rock\n|-weather|SunnyDay|[from] ability: Orichalcum Pulse|[of] p2a: Koraidon\n|-activate|p2a: Koraidon|Orichalcum Pulse|[source]\n|-activate|p1a: Koraidon|ability: Orichalcum Pulse\n|turn|6\n|inactive|jorge anglero has 30 seconds left.\n|\n|t:|1776868964\n|-terastallize|p1a: Koraidon|Fire\n|move|p2b: Lilligant|Close Combat|p1a: Koraidon\n|-damage|p1a: Koraidon|67/100\n|-unboost|p2b: Lilligant|def|1\n|-unboost|p2b: Lilligant|spd|1\n|move|p2a: Koraidon|Close Combat|p1b: Ting-Lu\n|-supereffective|p1b: Ting-Lu\n|-damage|p1b: Ting-Lu|0 fnt\n|-unboost|p2a: Koraidon|def|1\n|-unboost|p2a: Koraidon|spd|1\n|faint|p1b: Ting-Lu\n|-damage|p2a: Koraidon|85/100|[from] item: Life Orb\n|move|p1a: Koraidon|Dragon Claw|p2a: Koraidon\n|-supereffective|p2a: Koraidon\n|-damage|p2a: Koraidon|0 fnt\n|faint|p2a: Koraidon\n|-damage|p1a: Koraidon|58/100|[from] item: Life Orb\n|\n|-weather|SunnyDay|[upkeep]\n|upkeep\n|\n|t:|1776868973\n|switch|p2a: Typhlosion|Typhlosion-Hisui, L50, F, tera:Fire|10/100\n|-damage|p2a: Typhlosion|0 fnt|[from] Stealth Rock\n|faint|p2a: Typhlosion\n|turn|7\n|\n|t:|1776868982\n|move|p2b: Lilligant|Close Combat|p1a: Koraidon\n|-damage|p1a: Koraidon|28/100\n|-unboost|p2b: Lilligant|def|1\n|-unboost|p2b: Lilligant|spd|1\n|move|p1a: Koraidon|Collision Course|p2b: Lilligant\n|-enditem|p2b: Lilligant|Focus Sash\n|-damage|p2b: Lilligant|1/100\n|-damage|p1a: Koraidon|18/100|[from] item: Life Orb\n|\n|-weather|SunnyDay|[upkeep]\n|upkeep\n|turn|8\n|c|\u2606jorge anglero|gg\n|c|\u2606Lil Tic|ggs\n|\n|t:|1776868992\n|move|p2b: Lilligant|Close Combat|p1a: Koraidon\n|-damage|p1a: Koraidon|0 fnt\n|-unboost|p2b: Lilligant|def|1\n|-unboost|p2b: Lilligant|spd|1\n|faint|p1a: Koraidon\n|\n|win|jorge anglero\n|raw|Lil Tic's rating: 1442 &rarr; <strong>1415</strong><br />(-27 for losing)\n|raw|jorge anglero's rating: 1324 &rarr; <strong>1351</strong><br />(+27 for winning)\n|l|\u2606Lil Tic\n|player|p1|\n|c|\u2606jorge anglero|cool team tho\n|l|\u2606jorge anglero\n|player|p2|\n","uploadtime":1776869231,"views":8,"formatid":"gen9vgc2026regi","rating":1351,"private":0,"password":null}