{"id":"gen9vgc2026regi-2567898065","format":"[Gen 9] VGC 2026 Reg I","players":["narphase","kojimuranishi"],"log":"|j|\u2606narphase\n|j|\u2606kojimuranishi\n|t:|1774531779\n|gametype|doubles\n|player|p1|narphase|volkner|1386\n|player|p2|kojimuranishi|1|1611\n|gen|9\n|tier|[Gen 9] VGC 2026 Reg I\n|rated|\n|rule|Species Clause: Limit one of each Pok\u00e9mon\n|rule|Item Clause: Limit 1 of each item\n|clearpoke\n|poke|p1|Miraidon, L50|\n|poke|p1|Calyrex-Ice, L50|\n|poke|p1|Iron Hands, L50|\n|poke|p1|Farigiraf, L50, M|\n|poke|p1|Raichu-Alola, L50, M|\n|poke|p1|Incineroar, L50, F|\n|poke|p2|Whimsicott, L50, M|\n|poke|p2|Calyrex-Ice, L50|\n|poke|p2|Miraidon, L50|\n|poke|p2|Chi-Yu, L50|\n|poke|p2|Landorus, L50, M|\n|poke|p2|Farigiraf, L50, F|\n|teampreview|4\n|inactive|Battle timer is ON: inactive players will automatically lose when time's up. (requested by kojimuranishi)\n|\n|t:|1774531808\n|teamsize|p1|4\n|teamsize|p2|4\n|start\n|switch|p1a: Miraidon|Miraidon, L50|100/100\n|switch|p1b: Raichu|Raichu-Alola, L50, M|100/100\n|switch|p2a: Landorus|Landorus, L50, M|100/100\n|switch|p2b: Miraidon|Miraidon, L50|100/100\n|-fieldstart|move: Electric Terrain|[from] ability: Hadron Engine|[of] p2b: Miraidon\n|-activate|p1a: Miraidon|ability: Hadron Engine\n|turn|1\n|\n|t:|1774531828\n|-terastallize|p1a: Miraidon|Electric\n|move|p1b: Raichu|Fake Out|p2a: Landorus\n|-damage|p2a: Landorus|90/100\n|move|p2b: Miraidon|Snarl|p1a: Miraidon|[spread] p1a,p1b\n|-supereffective|p1b: Raichu\n|-damage|p1a: Miraidon|84/100\n|-damage|p1b: Raichu|57/100\n|-unboost|p1a: Miraidon|spa|1\n|-unboost|p1b: Raichu|spa|1\n|move|p1a: Miraidon|Electro Drift|p2b: Miraidon\n|-resisted|p2b: Miraidon\n|-damage|p2b: Miraidon|75/100\n|-damage|p1a: Miraidon|74/100|[from] item: Life Orb\n|cant|p2a: Landorus|flinch\n|\n|upkeep\n|turn|2\n|\n|t:|1774531852\n|move|p1b: Raichu|Eerie Impulse|p2a: Landorus\n|-unboost|p2a: Landorus|spa|2\n|move|p2b: Miraidon|Snarl|p1b: Raichu|[spread] p1a,p1b\n|-supereffective|p1b: Raichu\n|-damage|p1a: Miraidon|58/100\n|-damage|p1b: Raichu|13/100\n|-unboost|p1a: Miraidon|spa|1\n|-unboost|p1b: Raichu|spa|1\n|move|p1a: Miraidon|Draco Meteor|p2b: Miraidon\n|-supereffective|p2b: Miraidon\n|-damage|p2b: Miraidon|0 fnt\n|-unboost|p1a: Miraidon|spa|2\n|faint|p2b: Miraidon\n|-damage|p1a: Miraidon|49/100|[from] item: Life Orb\n|move|p2a: Landorus|Sandsear Storm|p1a: Miraidon|[spread] p1a,p1b\n|-supereffective|p1a: Miraidon\n|-supereffective|p1b: Raichu\n|-damage|p1a: Miraidon|0 fnt\n|-damage|p1b: Raichu|0 fnt\n|faint|p1a: Miraidon\n|faint|p1b: Raichu\n|\n|upkeep\n|\n|t:|1774531873\n|switch|p2b: Calyrex|Calyrex-Ice, L50|100/100\n|switch|p1a: Calyrex|Calyrex-Ice, L50|100/100\n|switch|p1b: Iron Hands|Iron Hands, L50|100/100\n|-ability|p2b: Calyrex|As One\n|-ability|p2b: Calyrex|Unnerve\n|-ability|p1a: Calyrex|As One\n|-ability|p1a: Calyrex|Unnerve\n|-activate|p1b: Iron Hands|ability: Quark Drive\n|-start|p1b: Iron Hands|quarkdriveatk\n|turn|3\n|inactive|narphase has 30 seconds left.\n|\n|t:|1774531898\n|move|p1b: Iron Hands|Fake Out|p2a: Landorus\n|-damage|p2a: Landorus|67/100\n|cant|p2a: Landorus|flinch\n|move|p2b: Calyrex|Glacial Lance|p1a: Calyrex|[spread] p1a,p1b\n|-resisted|p1a: Calyrex\n|-damage|p1a: Calyrex|74/100\n|-damage|p1b: Iron Hands|40/100\n|move|p1a: Calyrex|Trick Room|p1a: Calyrex\n|-fieldstart|move: Trick Room|[of] p1a: Calyrex\n|\n|upkeep\n|turn|4\n|inactive|kojimuranishi has 30 seconds left.\n|\n|t:|1774531929\n|switch|p2a: Farigiraf|Farigiraf, L50, F|100/100\n|-enditem|p2a: Farigiraf|Electric Seed\n|-boost|p2a: Farigiraf|def|1|[from] item: Electric Seed\n|move|p1b: Iron Hands|Drain Punch|p2b: Calyrex\n|-damage|p2b: Calyrex|57/100\n|-heal|p1b: Iron Hands|55/100|[from] drain|[of] p2b: Calyrex\n|move|p1a: Calyrex|Glacial Lance|p2b: Calyrex|[spread] p2a,p2b\n|-resisted|p2b: Calyrex\n|-damage|p2a: Farigiraf|66/100\n|-damage|p2b: Calyrex|36/100\n|move|p2b: Calyrex|Glacial Lance|p1b: Iron Hands|[spread] p1a,p1b\n|-resisted|p1a: Calyrex\n|-damage|p1a: Calyrex|47/100\n|-damage|p1b: Iron Hands|0 fnt\n|faint|p1b: Iron Hands\n|-end|p1b: Iron Hands|Quark Drive|[silent]\n|-ability|p2b: Calyrex|Chilling Neigh|boost\n|-boost|p2b: Calyrex|atk|1\n|\n|upkeep\n|turn|5\n|c|\u2606narphase|why tf does it do so much dmg ?\n|inactive|narphase has 30 seconds left.\n|c|\u2606narphase|is it band ?\n|inactive|narphase has 20 seconds left.\n|\n|t:|1774531967\n|move|p1a: Calyrex|Glacial Lance|p2b: Calyrex|[spread] p2a,p2b\n|-resisted|p2b: Calyrex\n|-damage|p2a: Farigiraf|33/100\n|-damage|p2b: Calyrex|15/100\n|move|p2b: Calyrex|Glacial Lance|p1a: Calyrex\n|-resisted|p1a: Calyrex\n|-damage|p1a: Calyrex|0 fnt\n|faint|p1a: Calyrex\n|\n|win|kojimuranishi\n|raw|narphase's rating: 1386 &rarr; <strong>1377</strong><br />(-9 for losing)\n|raw|kojimuranishi's rating: 1611 &rarr; <strong>1620</strong><br />(+9 for winning)\n|l|\u2606kojimuranishi\n|player|p2|\n|l|\u2606narphase\n|player|p1|\n","uploadtime":1774532179,"views":14,"formatid":"gen9vgc2026regi","rating":1377,"private":0,"password":null}