{"id":"gen9vgc2026regi-2555747147","format":"[Gen 9] VGC 2026 Reg I","players":["wasaad5","g44444444"],"log":"|j|\u2606wasaad5\n|j|\u2606g44444444\n|t:|1773129828\n|gametype|doubles\n|player|p1|wasaad5|blue|1096\n|player|p2|g44444444|266|1133\n|gen|9\n|tier|[Gen 9] VGC 2026 Reg I\n|rated|\n|rule|Species Clause: Limit one of each Pok\u00e9mon\n|rule|Item Clause: Limit 1 of each item\n|clearpoke\n|poke|p1|Kyurem-White, L50|\n|poke|p1|Zacian-*, L50|\n|poke|p1|Sableye, L50, F|\n|poke|p1|Urshifu-*, L50, F|\n|poke|p1|Amoonguss, L50, M|\n|poke|p1|Incineroar, L50, F|\n|poke|p2|Sneasler, L50, F|\n|poke|p2|Thundurus, L50, M|\n|poke|p2|Kyurem-Black, L50|\n|poke|p2|Calyrex-Shadow, L50|\n|poke|p2|Ursaluna-Bloodmoon, L50, M|\n|poke|p2|Incineroar, L50, F|\n|teampreview|4\n|inactive|Battle timer is ON: inactive players will automatically lose when time's up. (requested by g44444444)\n|j| D13guito04\n|l| D13guito04\n|inactive|g44444444 has 60 seconds left.\n|\n|t:|1773129867\n|teamsize|p1|4\n|teamsize|p2|4\n|start\n|switch|p1a: Sableye|Sableye, L50, F|100/100\n|switch|p1b: Urshifu|Urshifu-Rapid-Strike, L50, F|100/100\n|switch|p2a: Sneasler|Sneasler, L50, F|100/100\n|switch|p2b: Thundurus|Thundurus, L50, M|100/100\n|turn|1\n|inactive|g44444444 has 30 seconds left.\n|\n|t:|1773129896\n|move|p2b: Thundurus|Swagger|p1a: Sableye\n|-hint|Since gen 7, Dark is immune to Prankster moves.\n|-immune|p1a: Sableye\n|move|p1a: Sableye|Rain Dance|p1a: Sableye\n|-weather|RainDance\n|move|p1b: Urshifu|Surging Strikes|p2b: Thundurus\n|-crit|p2b: Thundurus\n|-damage|p2b: Thundurus|60/100\n|-crit|p2b: Thundurus\n|-damage|p2b: Thundurus|14/100\n|-crit|p2b: Thundurus\n|-damage|p2b: Thundurus|0 fnt\n|faint|p2b: Thundurus\n|-hitcount|p2: Thundurus|3\n|move|p2a: Sneasler|Acrobatics|p1b: Urshifu\n|-supereffective|p1b: Urshifu\n|-damage|p1b: Urshifu|62/100\n|\n|-weather|RainDance|[upkeep]\n|upkeep\n|\n|t:|1773129920\n|switch|p2b: Calyrex|Calyrex-Shadow, L50|100/100\n|-ability|p2b: Calyrex|As One\n|-ability|p2b: Calyrex|Unnerve\n|turn|2\n|inactive|g44444444 has 30 seconds left.\n|\n|t:|1773129947\n|-terastallize|p1b: Urshifu|Water\n|-terastallize|p2b: Calyrex|Dark\n|move|p1a: Sableye|Quash|p2b: Calyrex\n|-hint|Since gen 7, Dark is immune to Prankster moves.\n|-immune|p2b: Calyrex\n|move|p1b: Urshifu|Surging Strikes|p2b: Calyrex\n|-crit|p2b: Calyrex\n|-damage|p2b: Calyrex|42/100\n|-enditem|p2b: Calyrex|Sitrus Berry|[eat]\n|-heal|p2b: Calyrex|67/100|[from] item: Sitrus Berry\n|-crit|p2b: Calyrex\n|-damage|p2b: Calyrex|12/100\n|-crit|p2b: Calyrex\n|-damage|p2b: Calyrex|0 fnt\n|faint|p2b: Calyrex\n|-hitcount|p2: Calyrex|3\n|move|p2a: Sneasler|Dire Claw|p1b: Urshifu\n|-damage|p1b: Urshifu|25/100\n|\n|-weather|RainDance|[upkeep]\n|upkeep\n|\n|t:|1773129968\n|switch|p2b: Incineroar|Incineroar, L50, F|100/100\n|-ability|p2b: Incineroar|Intimidate|boost\n|-unboost|p1a: Sableye|atk|1\n|-unboost|p1b: Urshifu|atk|1\n|turn|3\n|\n|t:|1773129979\n|move|p2b: Incineroar|Fake Out|p1b: Urshifu\n|-damage|p1b: Urshifu|14/100\n|move|p1a: Sableye|Disable|p2a: Sneasler\n|-start|p2a: Sneasler|Disable|Dire Claw\n|cant|p1b: Urshifu|flinch\n|move|p2a: Sneasler|Swords Dance|p2a: Sneasler\n|-boost|p2a: Sneasler|atk|2\n|\n|-weather|RainDance|[upkeep]\n|upkeep\n|turn|4\n|inactive|g44444444 has 30 seconds left.\n|\n|t:|1773130005\n|move|p1a: Sableye|Encore|p2a: Sneasler\n|-start|p2a: Sneasler|Encore\n|move|p1b: Urshifu|Surging Strikes|p2b: Incineroar\n|-supereffective|p2b: Incineroar\n|-crit|p2b: Incineroar\n|-damage|p2b: Incineroar|5/100\n|-supereffective|p2b: Incineroar\n|-crit|p2b: Incineroar\n|-damage|p2b: Incineroar|0 fnt\n|faint|p2b: Incineroar\n|-hitcount|p2: Incineroar|2\n|move|p2a: Sneasler|Swords Dance|p2a: Sneasler\n|-boost|p2a: Sneasler|atk|2\n|\n|-weather|RainDance|[upkeep]\n|upkeep\n|turn|5\n|-message|g44444444 forfeited.\n|\n|win|wasaad5\n|raw|wasaad5's rating: 1096 &rarr; <strong>1124</strong><br />(+28 for winning)\n|raw|g44444444's rating: 1133 &rarr; <strong>1105</strong><br />(-28 for losing)\n|l|\u2606g44444444\n|player|p2|\n|l|\u2606wasaad5\n|player|p1|\n","uploadtime":1773130298,"views":15,"formatid":"gen9vgc2026regi","rating":1105,"private":0,"password":null}