{"id":"gen9vgc2026regi-2515871268","format":"[Gen 9] VGC 2026 Reg I","players":["marcxhenry","Gx champion"],"log":"|j|\u2606marcxhenry\n|j|\u2606Gx champion\n|t:|1768054217\n|gametype|doubles\n|player|p1|marcxhenry|hilbert-wonderlauncher|1266\n|player|p2|Gx champion|102|1302\n|gen|9\n|tier|[Gen 9] VGC 2026 Reg I\n|rated|\n|rule|Species Clause: Limit one of each Pok\u00e9mon\n|rule|Item Clause: Limit 1 of each item\n|clearpoke\n|poke|p1|Calyrex-Shadow, L50|\n|poke|p1|Urshifu-*, L50, M|\n|poke|p1|Roaring Moon, L50|\n|poke|p1|Kyogre, L50|\n|poke|p1|Tsareena, L50, F|\n|poke|p1|Kingambit, L50, M|\n|poke|p2|Calyrex-Shadow, L50|\n|poke|p2|Smeargle, L50, M|\n|poke|p2|Zamazenta-*, L50|\n|poke|p2|Tornadus, L50, M|\n|poke|p2|Urshifu-*, L50, M|\n|poke|p2|Rillaboom, L50, M|\n|teampreview|4\n|inactive|Battle timer is ON: inactive players will automatically lose when time's up. (requested by Gx champion)\n|inactiveoff|Battle timer is now OFF.\n|\n|t:|1768054243\n|teamsize|p1|4\n|teamsize|p2|4\n|start\n|switch|p1a: Ludwig|Calyrex-Shadow, L50|100/100\n|switch|p1b: Eva|Tsareena, L50, F, shiny|100/100\n|switch|p2a: Tornadus|Tornadus, L50, M|100/100\n|switch|p2b: Zamazenta|Zamazenta-Crowned, L50|100/100\n|-ability|p1a: Ludwig|As One\n|-ability|p1a: Ludwig|Unnerve\n|-ability|p2b: Zamazenta|Dauntless Shield|boost\n|-boost|p2b: Zamazenta|def|1\n|turn|1\n|\n|t:|1768054267\n|move|p2b: Zamazenta|Wide Guard|p2b: Zamazenta\n|-singleturn|p2b: Zamazenta|Wide Guard\n|move|p2a: Tornadus|Bleakwind Storm|p1b: Eva|[spread] p1b\n|-miss|p2a: Tornadus|p1a: Ludwig\n|-supereffective|p1b: Eva\n|-damage|p1b: Eva|34/100\n|move|p1b: Eva|Taunt|p2b: Zamazenta\n|-start|p2b: Zamazenta|move: Taunt\n|move|p1a: Ludwig|Trick Room|p1a: Ludwig\n|-fieldstart|move: Trick Room|[of] p1a: Ludwig\n|\n|upkeep\n|turn|2\n|\n|t:|1768054283\n|switch|p1a: Tripitz|Kyogre, L50, shiny|100/100\n|-weather|RainDance|[from] ability: Drizzle|[of] p1a: Tripitz\n|move|p1b: Eva|Triple Axel|p2a: Tornadus\n|-supereffective|p2a: Tornadus\n|-damage|p2a: Tornadus|85/100\n|-supereffective|p2a: Tornadus\n|-damage|p2a: Tornadus|55/100\n|-supereffective|p2a: Tornadus\n|-damage|p2a: Tornadus|11/100\n|-hitcount|p2a: Tornadus|3\n|move|p2a: Tornadus|Bleakwind Storm|p1a: Tripitz|[spread] p1a,p1b\n|-supereffective|p1b: Eva\n|-damage|p1a: Tripitz|78/100\n|-damage|p1b: Eva|0 fnt\n|faint|p1b: Eva\n|move|p2b: Zamazenta|Behemoth Bash|p1a: Tripitz\n|-resisted|p1a: Tripitz\n|-damage|p1a: Tripitz|57/100\n|\n|-weather|RainDance|[upkeep]\n|upkeep\n|\n|t:|1768054302\n|switch|p1b: Ludwig|Calyrex-Shadow, L50|100/100\n|-ability|p1b: Ludwig|As One\n|-ability|p1b: Ludwig|Unnerve\n|turn|3\n|\n|t:|1768054316\n|-terastallize|p2b: Zamazenta|Dragon\n|move|p1a: Tripitz|Origin Pulse|p2b: Zamazenta|[spread] p2a,p2b\n|-resisted|p2b: Zamazenta\n|-damage|p2a: Tornadus|0 fnt\n|-damage|p2b: Zamazenta|66/100\n|faint|p2a: Tornadus\n|move|p2b: Zamazenta|Body Press|p1a: Tripitz\n|-damage|p1a: Tripitz|0 fnt\n|faint|p1a: Tripitz\n|move|p1b: Ludwig|Astral Barrage|p2b: Zamazenta\n|-crit|p2b: Zamazenta\n|-damage|p2b: Zamazenta|0 fnt\n|faint|p2b: Zamazenta\n|-ability|p1b: Ludwig|Grim Neigh|boost\n|-boost|p1b: Ludwig|spa|1\n|\n|-weather|RainDance|[upkeep]\n|upkeep\n|inactive|Battle timer is ON: inactive players will automatically lose when time's up. (requested by Gx champion)\n|\n|t:|1768054331\n|switch|p1a: Hermann|Kingambit, L50, M, shiny|100/100\n|switch|p2a: Smeargle|Smeargle, L50, M|100/100\n|switch|p2b: Calyrex|Calyrex-Shadow, L50|100/100\n|-ability|p2b: Calyrex|As One\n|-ability|p2b: Calyrex|Unnerve\n|turn|4\n|\n|t:|1768054355\n|-terastallize|p1a: Hermann|Grass\n|move|p1b: Ludwig|Protect|p1b: Ludwig\n|-singleturn|p1b: Ludwig|Protect\n|move|p2a: Smeargle|Follow Me|p2a: Smeargle\n|-singleturn|p2a: Smeargle|move: Follow Me\n|move|p1a: Hermann|Brick Break|p2a: Smeargle\n|-supereffective|p2a: Smeargle\n|-enditem|p2a: Smeargle|Focus Sash\n|-damage|p2a: Smeargle|1/100\n|move|p2b: Calyrex|Astral Barrage|p1b: Ludwig|[spread] p1a\n|-activate|p1b: Ludwig|move: Protect\n|-damage|p1a: Hermann|45/100\n|\n|-weather|RainDance|[upkeep]\n|-ability|p2a: Smeargle|Moody|boost\n|-boost|p2a: Smeargle|spa|2\n|-unboost|p2a: Smeargle|spd|1\n|upkeep\n|turn|5\n|inactive|marcxhenry has 30 seconds left.\n|\n|t:|1768054387\n|move|p1a: Hermann|Iron Head|p2a: Smeargle\n|-damage|p2a: Smeargle|0 fnt\n|faint|p2a: Smeargle\n|move|p2b: Calyrex|Astral Barrage|p1a: Hermann|[spread] p1a,p1b\n|-supereffective|p1b: Ludwig\n|-damage|p1a: Hermann|0 fnt\n|-enditem|p1b: Ludwig|Focus Sash\n|-damage|p1b: Ludwig|1/100\n|faint|p1a: Hermann\n|-ability|p2b: Calyrex|Grim Neigh|boost\n|-boost|p2b: Calyrex|spa|1\n|move|p1b: Ludwig|Astral Barrage|p2b: Calyrex\n|-supereffective|p2b: Calyrex\n|-damage|p2b: Calyrex|0 fnt\n|faint|p2b: Calyrex\n|\n|win|marcxhenry\n|raw|marcxhenry's rating: 1266 &rarr; <strong>1294</strong><br />(+28 for winning)\n|raw|Gx champion's rating: 1302 &rarr; <strong>1280</strong><br />(-22 for losing)\n|l|\u2606Gx champion\n|player|p2|\n|l|\u2606marcxhenry\n|player|p1|\n","uploadtime":1768054530,"views":15,"formatid":"gen9vgc2026regi","rating":1280,"private":0,"password":null}