{"id":"gen9vgc2026regi-2528611230","format":"[Gen 9] VGC 2026 Reg I","players":["ky123456","mikachu83983"],"log":"|j|\u2606ky123456\n|j|\u2606mikachu83983\n|t:|1769685648\n|gametype|doubles\n|player|p1|ky123456|cynthia-gen4|1376\n|player|p2|mikachu83983|brock|1365\n|gen|9\n|tier|[Gen 9] VGC 2026 Reg I\n|rated|\n|rule|Species Clause: Limit one of each Pok\u00e9mon\n|rule|Item Clause: Limit 1 of each item\n|clearpoke\n|poke|p1|Calyrex-Shadow, L50|\n|poke|p1|Zamazenta-*, L50|\n|poke|p1|Roaring Moon, L50|\n|poke|p1|Maushold, L50|\n|poke|p1|Weezing, L50, F|\n|poke|p1|Amoonguss, L50, M|\n|poke|p2|Koraidon, L50|\n|poke|p2|Calyrex-Shadow, L50|\n|poke|p2|Scream Tail, L50|\n|poke|p2|Amoonguss, L50, F|\n|poke|p2|Flutter Mane, L50|\n|poke|p2|Incineroar, L50, M|\n|teampreview|4\n|\n|t:|1769685674\n|teamsize|p1|4\n|teamsize|p2|4\n|start\n|switch|p1a: Zamazenta|Zamazenta-Crowned, L50|100/100\n|switch|p1b: Roaring Moon|Roaring Moon, L50|100/100\n|switch|p2a: PrimalPredator|Koraidon, L50, shiny|100/100\n|switch|p2b: Flutter Mane|Flutter Mane, L50|100/100\n|-weather|SunnyDay|[from] ability: Orichalcum Pulse|[of] p2a: PrimalPredator\n|-activate|p2b: Flutter Mane|ability: Protosynthesis\n|-start|p2b: Flutter Mane|protosynthesisspe\n|-activate|p1b: Roaring Moon|ability: Protosynthesis\n|-start|p1b: Roaring Moon|protosynthesisspe\n|-activate|p2a: PrimalPredator|Orichalcum Pulse|[source]\n|-ability|p1a: Zamazenta|Dauntless Shield|boost\n|-boost|p1a: Zamazenta|def|1\n|turn|1\n|\n|t:|1769685687\n|-terastallize|p1b: Roaring Moon|Flying\n|move|p2a: PrimalPredator|Protect|p2a: PrimalPredator\n|-singleturn|p2a: PrimalPredator|Protect\n|move|p1a: Zamazenta|Protect|p1a: Zamazenta\n|-singleturn|p1a: Zamazenta|Protect\n|move|p2b: Flutter Mane|Moonblast|p1b: Roaring Moon\n|-damage|p1b: Roaring Moon|52/100\n|move|p1b: Roaring Moon|Tailwind|p1b: Roaring Moon\n|-sidestart|p1: ky123456|move: Tailwind\n|\n|-weather|SunnyDay|[upkeep]\n|upkeep\n|turn|2\n|\n|t:|1769685710\n|-terastallize|p2a: PrimalPredator|Fire\n|move|p1b: Roaring Moon|Acrobatics|p2a: PrimalPredator\n|-damage|p2a: PrimalPredator|72/100\n|move|p2b: Flutter Mane|Icy Wind|p1b: Roaring Moon|[spread] p1a\n|-miss|p2b: Flutter Mane|p1b: Roaring Moon\n|-resisted|p1a: Zamazenta\n|-damage|p1a: Zamazenta|95/100\n|-unboost|p1a: Zamazenta|spe|1\n|move|p2a: PrimalPredator|Close Combat|p1a: Zamazenta\n|-supereffective|p1a: Zamazenta\n|-damage|p1a: Zamazenta|19/100\n|-unboost|p2a: PrimalPredator|def|1\n|-unboost|p2a: PrimalPredator|spd|1\n|-damage|p2a: PrimalPredator|62/100|[from] item: Life Orb\n|move|p1a: Zamazenta|Heavy Slam|p2b: Flutter Mane\n|-supereffective|p2b: Flutter Mane\n|-enditem|p2b: Flutter Mane|Focus Sash\n|-damage|p2b: Flutter Mane|1/100\n|\n|-weather|SunnyDay|[upkeep]\n|upkeep\n|turn|3\n|inactive|Battle timer is ON: inactive players will automatically lose when time's up. (requested by mikachu83983)\n|\n|t:|1769685759\n|move|p1b: Roaring Moon|Knock Off|p2a: PrimalPredator\n|-damage|p2a: PrimalPredator|0 fnt\n|-enditem|p2a: PrimalPredator|Life Orb|[from] move: Knock Off|[of] p1b: Roaring Moon\n|faint|p2a: PrimalPredator\n|move|p2b: Flutter Mane|Moonblast|p1a: Zamazenta\n|-damage|p1a: Zamazenta|0 fnt\n|faint|p1a: Zamazenta\n|\n|-weather|SunnyDay|[upkeep]\n|upkeep\n|\n|t:|1769685766\n|switch|p2a: JigglyJuggernaut|Scream Tail, L50|100/100\n|switch|p1a: Calyrex|Calyrex-Shadow, L50|100/100\n|-ability|p1a: Calyrex|As One\n|-ability|p1a: Calyrex|Unnerve\n|-activate|p2a: JigglyJuggernaut|ability: Protosynthesis\n|-start|p2a: JigglyJuggernaut|protosynthesisspe\n|turn|4\n|\n|t:|1769685786\n|move|p2a: JigglyJuggernaut|Protect|p2a: JigglyJuggernaut\n|-singleturn|p2a: JigglyJuggernaut|Protect\n|move|p1b: Roaring Moon|Knock Off|p2a: JigglyJuggernaut\n|-activate|p2a: JigglyJuggernaut|move: Protect\n|move|p1a: Calyrex|Astral Barrage|p2a: JigglyJuggernaut|[spread] p2b\n|-activate|p2a: JigglyJuggernaut|move: Protect\n|-supereffective|p2b: Flutter Mane\n|-damage|p2b: Flutter Mane|0 fnt\n|faint|p2b: Flutter Mane\n|-end|p2b: Flutter Mane|Protosynthesis|[silent]\n|-ability|p1a: Calyrex|Grim Neigh|boost\n|-boost|p1a: Calyrex|spa|1\n|\n|-weather|SunnyDay|[upkeep]\n|-sideend|p1: ky123456|move: Tailwind\n|upkeep\n|\n|t:|1769685789\n|switch|p2b: SpectralStallion|Calyrex-Shadow, L50|100/100\n|-ability|p2b: SpectralStallion|As One\n|-ability|p2b: SpectralStallion|Unnerve\n|turn|5\n|inactive|ky123456 has 30 seconds left.\n|inactive|ky123456 has 20 seconds left.\n|inactive|ky123456 has 15 seconds left.\n|\n|t:|1769685834\n|switch|p1a: Maushold|Maushold, L50|100/100\n|move|p2b: SpectralStallion|Protect|p2b: SpectralStallion\n|-singleturn|p2b: SpectralStallion|Protect\n|move|p1b: Roaring Moon|Knock Off|p2b: SpectralStallion\n|-activate|p2b: SpectralStallion|move: Protect\n|move|p2a: JigglyJuggernaut|Disable||[still]\n|-fail|p2a: JigglyJuggernaut\n|\n|-weather|none\n|-end|p1b: Roaring Moon|Protosynthesis\n|-end|p2a: JigglyJuggernaut|Protosynthesis\n|upkeep\n|-enditem|p1b: Roaring Moon|Booster Energy\n|-activate|p1b: Roaring Moon|ability: Protosynthesis|[fromitem]\n|-start|p1b: Roaring Moon|protosynthesisspe\n|-enditem|p2a: JigglyJuggernaut|Booster Energy\n|-activate|p2a: JigglyJuggernaut|ability: Protosynthesis|[fromitem]\n|-start|p2a: JigglyJuggernaut|protosynthesisspe\n|turn|6\n|\n|t:|1769685858\n|move|p1b: Roaring Moon|Knock Off|p2b: SpectralStallion\n|-supereffective|p2b: SpectralStallion\n|-damage|p2b: SpectralStallion|0 fnt\n|-enditem|p2b: SpectralStallion|Spooky Plate|[from] move: Knock Off|[of] p1b: Roaring Moon\n|faint|p2b: SpectralStallion\n|move|p2a: JigglyJuggernaut|Dazzling Gleam|p1b: Roaring Moon|[spread] p1a,p1b\n|-damage|p1a: Maushold|85/100\n|-damage|p1b: Roaring Moon|41/100\n|move|p1a: Maushold|Taunt|p2a: JigglyJuggernaut\n|-start|p2a: JigglyJuggernaut|move: Taunt\n|\n|upkeep\n|turn|7\n|\n|t:|1769685870\n|move|p1a: Maushold|Helping Hand|p1b: Roaring Moon\n|-singleturn|p1b: Roaring Moon|Helping Hand|[of] p1a: Maushold\n|move|p1b: Roaring Moon|Acrobatics|p2a: JigglyJuggernaut\n|-damage|p2a: JigglyJuggernaut|28/100\n|move|p2a: JigglyJuggernaut|Dazzling Gleam|p1a: Maushold|[spread] p1a,p1b\n|-damage|p1a: Maushold|68/100\n|-damage|p1b: Roaring Moon|30/100\n|\n|upkeep\n|turn|8\n|-message|mikachu83983 forfeited.\n|\n|win|ky123456\n|raw|ky123456's rating: 1376 &rarr; <strong>1395</strong><br />(+19 for winning)\n|raw|mikachu83983's rating: 1365 &rarr; <strong>1346</strong><br />(-19 for losing)\n|l|\u2606mikachu83983\n|player|p2|\n|l|\u2606ky123456\n|player|p1|\n","uploadtime":1769686123,"views":13,"formatid":"gen9vgc2026regi","rating":1346,"private":0,"password":null}