{"id":"gen9vgc2026regi-2544696153","format":"[Gen 9] VGC 2026 Reg I","players":["lalo's pollos","zuizuizuiqinag"],"log":"|j|\u2606lalo's pollos\n|j|\u2606zuizuizuiqinag\n|t:|1771741166\n|gametype|doubles\n|player|p1|lalo's pollos|265|1522\n|player|p2|zuizuizuiqinag|169|1434\n|gen|9\n|tier|[Gen 9] VGC 2026 Reg I\n|rated|\n|rule|Species Clause: Limit one of each Pok\u00e9mon\n|rule|Item Clause: Limit 1 of each item\n|clearpoke\n|poke|p1|Zamazenta-*, L50|\n|poke|p1|Lunala, L50|\n|poke|p1|Rillaboom, L50, F|\n|poke|p1|Incineroar, L50, F|\n|poke|p1|Urshifu-*, L50, F|\n|poke|p1|Tornadus, L50, M|\n|poke|p2|Muk-Alola, L50, F|\n|poke|p2|Smeargle, L50, F|\n|poke|p2|Calyrex-Shadow, L50|\n|poke|p2|Flamigo, L50, F|\n|poke|p2|Miraidon, L50|\n|poke|p2|Volcarona, L50, F|\n|teampreview|4\n|inactive|Battle timer is ON: inactive players will automatically lose when time's up. (requested by zuizuizuiqinag)\n|\n|t:|1771741200\n|teamsize|p1|4\n|teamsize|p2|4\n|start\n|switch|p1a: Zamazenta|Zamazenta-Crowned, L50|100/100\n|switch|p1b: Tornadus|Tornadus, L50, M|100/100\n|switch|p2a: Miraidon|Miraidon, L50|100/100\n|switch|p2b: Volcarona|Volcarona, L50, F|100/100\n|-fieldstart|move: Electric Terrain|[from] ability: Hadron Engine|[of] p2a: Miraidon\n|-enditem|p2b: Volcarona|Electric Seed\n|-boost|p2b: Volcarona|def|1|[from] item: Electric Seed\n|-ability|p1a: Zamazenta|Dauntless Shield|boost\n|-boost|p1a: Zamazenta|def|1\n|turn|1\n|\n|t:|1771741210\n|move|p1a: Zamazenta|Protect|p1a: Zamazenta\n|-singleturn|p1a: Zamazenta|Protect\n|move|p1b: Tornadus|Taunt|p2b: Volcarona\n|-start|p2b: Volcarona|move: Taunt\n|move|p2a: Miraidon|Volt Switch|p1b: Tornadus\n|-supereffective|p1b: Tornadus\n|-enditem|p1b: Tornadus|Focus Sash\n|-damage|p1b: Tornadus|1/100\n|\n|t:|1771741220\n|switch|p2a: Calyrex|Calyrex-Shadow, L50|100/100|[from] Volt Switch\n|-ability|p2a: Calyrex|As One\n|-ability|p2a: Calyrex|Unnerve\n|cant|p2b: Volcarona|move: Taunt|Quiver Dance\n|\n|upkeep\n|turn|2\n|\n|t:|1771741231\n|move|p1b: Tornadus|Tailwind|p1b: Tornadus\n|-sidestart|p1: lalo's pollos|move: Tailwind\n|move|p1a: Zamazenta|Heavy Slam|p2a: Calyrex\n|-damage|p2a: Calyrex|45/100\n|move|p2a: Calyrex|Astral Barrage|p1a: Zamazenta|[spread] p1a,p1b\n|-damage|p1a: Zamazenta|47/100\n|-damage|p1b: Tornadus|0 fnt\n|faint|p1b: Tornadus\n|-ability|p2a: Calyrex|Grim Neigh|boost\n|-boost|p2a: Calyrex|spa|1\n|move|p2b: Volcarona|Fiery Dance|p1a: Zamazenta\n|-supereffective|p1a: Zamazenta\n|-damage|p1a: Zamazenta|0 fnt\n|faint|p1a: Zamazenta\n|\n|upkeep\n|\n|t:|1771741236\n|switch|p1b: Urshifu|Urshifu-Rapid-Strike, L50, F|100/100\n|switch|p1a: Lunala|Lunala, L50|100/100\n|turn|3\n|\n|t:|1771741248\n|-terastallize|p2a: Calyrex|Grass\n|move|p1b: Urshifu|Surging Strikes|p2b: Volcarona\n|-supereffective|p2b: Volcarona\n|-crit|p2b: Volcarona\n|-damage|p2b: Volcarona|40/100\n|-supereffective|p2b: Volcarona\n|-crit|p2b: Volcarona\n|-damage|p2b: Volcarona|0 fnt\n|-status|p1b: Urshifu|brn|[from] ability: Flame Body|[of] p2b: Volcarona\n|faint|p2b: Volcarona\n|-hitcount|p2: Volcarona|2\n|move|p1a: Lunala|Moongeist Beam|p2a: Calyrex\n|-damage|p2a: Calyrex|0 fnt\n|faint|p2a: Calyrex\n|\n|-damage|p1b: Urshifu|95/100 brn|[from] brn\n|upkeep\n|\n|t:|1771741261\n|switch|p2a: Miraidon|Miraidon, L50|100/100\n|switch|p2b: Smeargle|Smeargle, L50, F|100/100\n|-activate|p2a: Miraidon|ability: Hadron Engine\n|turn|4\n|\n|t:|1771741273\n|move|p1b: Urshifu|Detect|p1b: Urshifu\n|-singleturn|p1b: Urshifu|Protect\n|move|p1a: Lunala|Protect|p1a: Lunala\n|-singleturn|p1a: Lunala|Protect\n|move|p2b: Smeargle|Fake Out|p1b: Urshifu\n|-activate|p1b: Urshifu|move: Protect\n|move|p2a: Miraidon|Snarl|p1b: Urshifu|[spread] \n|-activate|p1a: Lunala|move: Protect\n|-activate|p1b: Urshifu|move: Protect\n|\n|-damage|p1b: Urshifu|89/100 brn|[from] brn\n|-ability|p2b: Smeargle|Moody|boost\n|-boost|p2b: Smeargle|def|2\n|-unboost|p2b: Smeargle|spd|1\n|upkeep\n|turn|5\n|\n|t:|1771741285\n|-terastallize|p1a: Lunala|Fairy\n|move|p1b: Urshifu|Surging Strikes|p2b: Smeargle\n|-crit|p2b: Smeargle\n|-damage|p2b: Smeargle|78/100\n|-crit|p2b: Smeargle\n|-damage|p2b: Smeargle|54/100\n|-crit|p2b: Smeargle\n|-damage|p2b: Smeargle|28/100\n|-hitcount|p2b: Smeargle|3\n|move|p2a: Miraidon|Snarl|p1b: Urshifu|[spread] p1b\n|-miss|p2a: Miraidon|p1a: Lunala\n|-resisted|p1b: Urshifu\n|-damage|p1b: Urshifu|75/100 brn\n|-unboost|p1b: Urshifu|spa|1\n|move|p1a: Lunala|Moonblast|p2a: Miraidon\n|-supereffective|p2a: Miraidon\n|-damage|p2a: Miraidon|2/100\n|move|p2b: Smeargle|Salt Cure|p1a: Lunala\n|-damage|p1a: Lunala|99/100\n|-start|p1a: Lunala|Salt Cure\n|\n|-heal|p1a: Lunala|100/100|[from] item: Leftovers\n|-damage|p1b: Urshifu|69/100 brn|[from] brn\n|-damage|p1a: Lunala|88/100|[from] Salt Cure\n|-sideend|p1: lalo's pollos|move: Tailwind\n|-fieldend|move: Electric Terrain\n|-ability|p2b: Smeargle|Moody|boost\n|-boost|p2b: Smeargle|spe|2\n|-unboost|p2b: Smeargle|spd|1\n|upkeep\n|turn|6\n|\n|t:|1771741310\n|move|p1b: Urshifu|Detect|p1b: Urshifu\n|-singleturn|p1b: Urshifu|Protect\n|move|p2a: Miraidon|Snarl|p1b: Urshifu|[spread] \n|-activate|p1b: Urshifu|move: Protect\n|-miss|p2a: Miraidon|p1a: Lunala\n|move|p2b: Smeargle|Spore|p1b: Urshifu\n|-activate|p1b: Urshifu|move: Protect\n|move|p1a: Lunala|Moonblast|p2a: Miraidon\n|-supereffective|p2a: Miraidon\n|-damage|p2a: Miraidon|0 fnt\n|faint|p2a: Miraidon\n|\n|-heal|p1a: Lunala|94/100|[from] item: Leftovers\n|-damage|p1b: Urshifu|63/100 brn|[from] brn\n|-damage|p1a: Lunala|82/100|[from] Salt Cure\n|-ability|p2b: Smeargle|Moody|boost\n|-boost|p2b: Smeargle|spd|2\n|-unboost|p2b: Smeargle|spe|1\n|upkeep\n|turn|7\n|inactive|zuizuizuiqinag has 30 seconds left.\n|\n|t:|1771741337\n|move|p2b: Smeargle|Spore|p1a: Lunala\n|-status|p1a: Lunala|slp|[from] move: Spore\n|move|p1b: Urshifu|Close Combat|p2b: Smeargle\n|-supereffective|p2b: Smeargle\n|-damage|p2b: Smeargle|0 fnt\n|-unboost|p1b: Urshifu|def|1\n|-unboost|p1b: Urshifu|spd|1\n|faint|p2b: Smeargle\n|\n|win|lalo's pollos\n|raw|lalo&apos;s pollos's rating: 1522 &rarr; <strong>1537</strong><br />(+15 for winning)\n|raw|zuizuizuiqinag's rating: 1434 &rarr; <strong>1419</strong><br />(-15 for losing)\n|l|\u2606zuizuizuiqinag\n|player|p2|\n","uploadtime":1771741486,"views":15,"formatid":"gen9vgc2026regi","rating":1419,"private":0,"password":null}