{"id":"gen9vgc2026regi-2518487048","format":"[Gen 9] VGC 2026 Reg I","players":["tententenOMG","kojimuranishi"],"log":"|j|\u2606tententenOMG\n|j|\u2606kojimuranishi\n|t:|1768396815\n|gametype|doubles\n|player|p1|tententenOMG|iris|1214\n|player|p2|kojimuranishi|1|1500\n|gen|9\n|tier|[Gen 9] VGC 2026 Reg I\n|rated|\n|rule|Species Clause: Limit one of each Pok\u00e9mon\n|rule|Item Clause: Limit 1 of each item\n|clearpoke\n|poke|p1|Calyrex-Ice, L50|\n|poke|p1|Kyogre, L50|\n|poke|p1|Ursaluna-Bloodmoon, L50, M|\n|poke|p1|Whimsicott, L50, M|\n|poke|p1|Bruxish, L50, F|\n|poke|p1|Urshifu-*, L50, F|\n|poke|p2|Zamazenta-*, L50|\n|poke|p2|Lunala, L50|\n|poke|p2|Chien-Pao, L50|\n|poke|p2|Dragonite, L50, M|\n|poke|p2|Chi-Yu, L50|\n|poke|p2|Urshifu-*, L50, F|\n|teampreview|4\n|inactive|Battle timer is ON: inactive players will automatically lose when time's up. (requested by tententenOMG)\n|\n|t:|1768396844\n|teamsize|p1|4\n|teamsize|p2|4\n|start\n|switch|p1a: Whimsicott|Whimsicott, L50, M|100/100\n|switch|p1b: Kyogre|Kyogre, L50|100/100\n|switch|p2a: Lunala|Lunala, L50|100/100\n|switch|p2b: Chien-Pao|Chien-Pao, L50|100/100\n|-ability|p2b: Chien-Pao|Sword of Ruin\n|-weather|RainDance|[from] ability: Drizzle|[of] p1b: Kyogre\n|turn|1\n|inactive|tententenOMG has 30 seconds left.\n|inactive|kojimuranishi has 30 seconds left.\n|\n|t:|1768396878\n|move|p1a: Whimsicott|Protect|p1a: Whimsicott\n|-singleturn|p1a: Whimsicott|Protect\n|move|p2b: Chien-Pao|Protect|p2b: Chien-Pao\n|-singleturn|p2b: Chien-Pao|Protect\n|move|p1b: Kyogre|Origin Pulse|p2b: Chien-Pao|[spread] p2a\n|-activate|p2b: Chien-Pao|move: Protect\n|-damage|p2a: Lunala|69/100\n|move|p2a: Lunala|Trick Room|p2a: Lunala\n|-fieldstart|move: Trick Room|[of] p2a: Lunala\n|\n|-weather|RainDance|[upkeep]\n|upkeep\n|turn|2\n|\n|t:|1768396902\n|move|p1a: Whimsicott|Encore|p2a: Lunala\n|-start|p2a: Lunala|Encore\n|move|p2b: Chien-Pao|Sucker Punch|p1b: Kyogre\n|-damage|p1b: Kyogre|31/100\n|-damage|p2b: Chien-Pao|91/100|[from] item: Life Orb\n|move|p2a: Lunala|Trick Room|p2a: Lunala\n|-fieldend|move: Trick Room\n|move|p1b: Kyogre|Origin Pulse|p2a: Lunala|[spread] p2a\n|-miss|p1b: Kyogre|p2b: Chien-Pao\n|-damage|p2a: Lunala|6/100\n|\n|-weather|RainDance|[upkeep]\n|upkeep\n|turn|3\n|inactive|kojimuranishi has 30 seconds left.\n|\n|t:|1768396928\n|switch|p2a: Zamazenta|Zamazenta-Crowned, L50|100/100\n|-ability|p2a: Zamazenta|Dauntless Shield|boost\n|-boost|p2a: Zamazenta|def|1\n|move|p1a: Whimsicott|Tailwind|p1a: Whimsicott\n|-sidestart|p1: tententenOMG|move: Tailwind\n|move|p1b: Kyogre|Origin Pulse|p2b: Chien-Pao|[spread] p2b\n|-miss|p1b: Kyogre|p2a: Zamazenta\n|-damage|p2b: Chien-Pao|0 fnt\n|faint|p2b: Chien-Pao\n|\n|-weather|RainDance|[upkeep]\n|upkeep\n|\n|t:|1768396946\n|switch|p2b: Urshifu|Urshifu-Rapid-Strike, L50, F|100/100\n|turn|4\n|\n|t:|1768396964\n|-terastallize|p2a: Zamazenta|Water\n|move|p2b: Urshifu|Detect|p2b: Urshifu\n|-singleturn|p2b: Urshifu|Protect\n|move|p1b: Kyogre|Origin Pulse|p2a: Zamazenta|[spread] \n|-activate|p2b: Urshifu|move: Protect\n|-miss|p1b: Kyogre|p2a: Zamazenta\n|move|p1a: Whimsicott|Moonblast|p2b: Urshifu\n|-activate|p2b: Urshifu|move: Protect\n|move|p2a: Zamazenta|Behemoth Bash|p1a: Whimsicott\n|-supereffective|p1a: Whimsicott\n|-damage|p1a: Whimsicott|9/100\n|\n|-weather|RainDance|[upkeep]\n|upkeep\n|turn|5\n|inactive|kojimuranishi has 30 seconds left.\n|\n|t:|1768396993\n|switch|p2b: Lunala|Lunala, L50|6/100\n|move|p1a: Whimsicott|Encore||[still]\n|-fail|p1a: Whimsicott\n|move|p1b: Kyogre|Origin Pulse|p2b: Lunala|[spread] p2a,p2b\n|-resisted|p2a: Zamazenta\n|-damage|p2a: Zamazenta|66/100\n|-damage|p2b: Lunala|0 fnt\n|faint|p2b: Lunala\n|move|p2a: Zamazenta|Body Press|p1b: Kyogre\n|-damage|p1b: Kyogre|0 fnt\n|faint|p1b: Kyogre\n|\n|-weather|none\n|upkeep\n|\n|t:|1768397007\n|switch|p1b: Ursaluna|Ursaluna-Bloodmoon, L50, M|100/100\n|switch|p2b: Urshifu|Urshifu-Rapid-Strike, L50, F|100/100\n|turn|6\n|\n|t:|1768397028\n|move|p2b: Urshifu|Aqua Jet|p1a: Whimsicott\n|-resisted|p1a: Whimsicott\n|-damage|p1a: Whimsicott|0 fnt\n|faint|p1a: Whimsicott\n|move|p1b: Ursaluna|Blood Moon|p2a: Zamazenta\n|-damage|p2a: Zamazenta|23/100\n|move|p2a: Zamazenta|Body Press|p1b: Ursaluna\n|-supereffective|p1b: Ursaluna\n|-damage|p1b: Ursaluna|0 fnt\n|faint|p1b: Ursaluna\n|\n|-sideend|p1: tententenOMG|move: Tailwind\n|upkeep\n|\n|t:|1768397042\n|switch|p1a: Calyrex|Calyrex-Ice, L50|100/100\n|-ability|p1a: Calyrex|As One\n|-ability|p1a: Calyrex|Unnerve\n|turn|7\n|\n|t:|1768397055\n|-terastallize|p1a: Calyrex|Ice\n|move|p2b: Urshifu|Surging Strikes|p1a: Calyrex\n|-crit|p1a: Calyrex\n|-damage|p1a: Calyrex|85/100\n|-crit|p1a: Calyrex\n|-damage|p1a: Calyrex|68/100\n|-crit|p1a: Calyrex\n|-damage|p1a: Calyrex|52/100\n|-hitcount|p1a: Calyrex|3\n|move|p2a: Zamazenta|Body Press|p1a: Calyrex\n|-supereffective|p1a: Calyrex\n|-damage|p1a: Calyrex|0 fnt\n|faint|p1a: Calyrex\n|\n|win|kojimuranishi\n|raw|tententenOMG's rating: 1214 &rarr; <strong>1206</strong><br />(-8 for losing)\n|raw|kojimuranishi's rating: 1500 &rarr; <strong>1506</strong><br />(+6 for winning)\n|l|\u2606tententenOMG\n|player|p1|\n|l|\u2606kojimuranishi\n|player|p2|\n","uploadtime":1768397281,"views":14,"formatid":"gen9vgc2026regi","rating":1206,"private":0,"password":null}