{"id":"gen9vgc2026regi-2534651645","format":"[Gen 9] VGC 2026 Reg I","players":["VJ2511","Indeedee Follow"],"log":"|j|\u2606VJ2511\n|j|\u2606Indeedee Follow\n|t:|1770454204\n|gametype|doubles\n|player|p1|VJ2511|red-masters3|1598\n|player|p2|Indeedee Follow|winona|1490\n|gen|9\n|tier|[Gen 9] VGC 2026 Reg I\n|rated|\n|rule|Species Clause: Limit one of each Pok\u00e9mon\n|rule|Item Clause: Limit 1 of each item\n|clearpoke\n|poke|p1|Calyrex-Shadow, L50|\n|poke|p1|Zamazenta-*, L50|\n|poke|p1|Smeargle, L50, F|\n|poke|p1|Incineroar, L50, M|\n|poke|p1|Rillaboom, L50, F|\n|poke|p1|Raging Bolt, L50|\n|poke|p2|Calyrex-Shadow, L50|\n|poke|p2|Zamazenta-*, L50|\n|poke|p2|Rillaboom, L50, F|\n|poke|p2|Clefairy, L50, M|\n|poke|p2|Tornadus, L50, M|\n|poke|p2|Smeargle, L50, M|\n|teampreview|4\n|inactive|Battle timer is ON: inactive players will automatically lose when time's up. (requested by Indeedee Follow)\n|inactive|Indeedee Follow has 60 seconds left.\n|\n|t:|1770454238\n|teamsize|p1|4\n|teamsize|p2|4\n|start\n|switch|p1a: Calyrex|Calyrex-Shadow, L50|100/100\n|switch|p1b: Smeargle|Smeargle, L50, F|100/100\n|switch|p2a: Smeargle|Smeargle, L50, M, shiny|100/100\n|switch|p2b: Calyrex|Calyrex-Shadow, L50|100/100\n|-ability|p1a: Calyrex|As One\n|-ability|p1a: Calyrex|Unnerve\n|-ability|p2b: Calyrex|As One\n|-ability|p2b: Calyrex|Unnerve\n|turn|1\n|\n|t:|1770454256\n|-terastallize|p1a: Calyrex|Dark\n|-terastallize|p2b: Calyrex|Dark\n|move|p1b: Smeargle|Fake Out|p2a: Smeargle\n|-damage|p2a: Smeargle|90/100\n|cant|p2a: Smeargle|flinch\n|move|p1a: Calyrex|Psychic|p2a: Smeargle\n|-damage|p2a: Smeargle|0 fnt\n|faint|p2a: Smeargle\n|-ability|p1a: Calyrex|Grim Neigh|boost\n|-boost|p1a: Calyrex|spa|1\n|-damage|p1a: Calyrex|91/100|[from] item: Life Orb\n|move|p2b: Calyrex|Psychic|p1b: Smeargle\n|-enditem|p1b: Smeargle|Focus Sash\n|-damage|p1b: Smeargle|1/100\n|-damage|p2b: Calyrex|91/100|[from] item: Life Orb\n|\n|-ability|p1b: Smeargle|Moody|boost\n|-boost|p1b: Smeargle|spd|2\n|-unboost|p1b: Smeargle|def|1\n|upkeep\n|\n|t:|1770454269\n|switch|p2a: Tornadus|Tornadus, L50, M, shiny|100/100\n|turn|2\n|\n|t:|1770454283\n|move|p1b: Smeargle|Wide Guard|p1b: Smeargle\n|-singleturn|p1b: Smeargle|Wide Guard\n|move|p1a: Calyrex|Astral Barrage|p2b: Calyrex|[spread] p2a,p2b\n|-resisted|p2b: Calyrex\n|-damage|p2a: Tornadus|0 fnt\n|-damage|p2b: Calyrex|34/100\n|faint|p2a: Tornadus\n|-ability|p1a: Calyrex|Grim Neigh|boost\n|-boost|p1a: Calyrex|spa|1\n|-damage|p1a: Calyrex|82/100|[from] item: Life Orb\n|move|p2b: Calyrex|Nasty Plot|p2b: Calyrex\n|-boost|p2b: Calyrex|spa|2\n|\n|-ability|p1b: Smeargle|Moody|boost\n|-boost|p1b: Smeargle|spe|2\n|-unboost|p1b: Smeargle|def|1\n|upkeep\n|\n|t:|1770454290\n|switch|p2a: Zamazenta|Zamazenta-Crowned, L50, shiny|100/100\n|-ability|p2a: Zamazenta|Dauntless Shield|boost\n|-boost|p2a: Zamazenta|def|1\n|turn|3\n|\n|t:|1770454300\n|move|p2a: Zamazenta|Protect|p2a: Zamazenta\n|-singleturn|p2a: Zamazenta|Protect\n|move|p1b: Smeargle|Wide Guard|p1b: Smeargle\n|-singleturn|p1b: Smeargle|Wide Guard\n|move|p1a: Calyrex|Psychic|p2a: Zamazenta\n|-activate|p2a: Zamazenta|move: Protect\n|move|p2b: Calyrex|Astral Barrage|p1b: Smeargle|[spread] \n|-activate|p1a: Calyrex|move: Wide Guard\n|-activate|p1b: Smeargle|move: Wide Guard\n|\n|-ability|p1b: Smeargle|Moody|boost\n|-boost|p1b: Smeargle|spd|2\n|-unboost|p1b: Smeargle|atk|1\n|upkeep\n|turn|4\n|\n|t:|1770454317\n|move|p2a: Zamazenta|Wide Guard|p2a: Zamazenta\n|-singleturn|p2a: Zamazenta|Wide Guard\n|move|p1b: Smeargle|Spore|p2b: Calyrex\n|-status|p2b: Calyrex|slp|[from] move: Spore\n|move|p1a: Calyrex|Psychic|p2a: Zamazenta\n|-damage|p2a: Zamazenta|0 fnt\n|faint|p2a: Zamazenta\n|-ability|p1a: Calyrex|Grim Neigh|boost\n|-boost|p1a: Calyrex|spa|1\n|-damage|p1a: Calyrex|72/100|[from] item: Life Orb\n|cant|p2b: Calyrex|slp\n|\n|-ability|p1b: Smeargle|Moody|boost\n|-boost|p1b: Smeargle|spe|2\n|-unboost|p1b: Smeargle|spd|1\n|upkeep\n|turn|5\n|-message|Indeedee Follow forfeited.\n|\n|win|VJ2511\n|raw|VJ2511's rating: 1598 &rarr; <strong>1612</strong><br />(+14 for winning)\n|raw|Indeedee Follow's rating: 1490 &rarr; <strong>1476</strong><br />(-14 for losing)\n|l|\u2606Indeedee Follow\n|player|p2|\n","uploadtime":1770454326,"views":43,"formatid":"gen9vgc2026regi","rating":1476,"private":0,"password":null}