{"id":"gen9vgc2026regi-2560218235","format":"[Gen 9] VGC 2026 Reg I","players":["thomnahs","I\u2764\ufe0f\u5a1c\u7984forever"],"log":"|badge|p2|bronze|gen9doublesou|100-8\n|uhtml|medal-msg|<div class=\"broadcast-blue\">Curious what those medals under the avatar are? PS now has Ladder Seasons! For more information, check out the <a href=\"https://www.smogon.com/forums/threads/3740067/\">thread on Smogon.</a></div>\n|j|\u2606thomnahs\n|j|\u2606I\u2764\ufe0f\u5a1c\u7984forever\n|t:|1773667417\n|gametype|doubles\n|player|p1|thomnahs|2|1340\n|player|p2|I\u2764\ufe0f\u5a1c\u7984forever|youngcouple-gen4dp|1315\n|gen|9\n|tier|[Gen 9] VGC 2026 Reg I\n|rated|\n|rule|Species Clause: Limit one of each Pok\u00e9mon\n|rule|Item Clause: Limit 1 of each item\n|clearpoke\n|poke|p1|Miraidon, L50|\n|poke|p1|Lunala, L50|\n|poke|p1|Urshifu-*, L50, F|\n|poke|p1|Incineroar, L50, F|\n|poke|p1|Whimsicott, L50, F|\n|poke|p1|Ursaluna, L50, F|\n|poke|p2|Groudon, L50|\n|poke|p2|Kyurem-White, L50|\n|poke|p2|Heatran, L50, M|\n|poke|p2|Whimsicott, L50, M|\n|poke|p2|Roaring Moon, L50|\n|poke|p2|Ditto, L50|\n|teampreview|4\n|inactive|Battle timer is ON: inactive players will automatically lose when time's up. (requested by thomnahs)\n|inactive|I\u2764\ufe0f\u5a1c\u7984forever has 60 seconds left.\n|\n|t:|1773667453\n|teamsize|p1|4\n|teamsize|p2|4\n|start\n|switch|p1a: Lunala|Lunala, L50|100/100\n|switch|p1b: Incineroar|Incineroar, L50, F|100/100\n|switch|p2a: Kyurem|Kyurem-White, L50|100/100\n|switch|p2b: Roaring Moon|Roaring Moon, L50|100/100\n|-ability|p2a: Kyurem|Turboblaze\n|-ability|p1b: Incineroar|Intimidate|boost\n|-unboost|p2a: Kyurem|atk|1\n|-unboost|p2b: Roaring Moon|atk|1\n|turn|1\n|\n|t:|1773667466\n|move|p1b: Incineroar|Fake Out|p2b: Roaring Moon\n|-damage|p2b: Roaring Moon|90/100\n|cant|p2b: Roaring Moon|flinch\n|move|p2a: Kyurem|Blizzard|p1b: Incineroar|[spread] p1a,p1b\n|-resisted|p1b: Incineroar\n|-damage|p1a: Lunala|80/100\n|-damage|p1b: Incineroar|82/100\n|-status|p1b: Incineroar|frz\n|move|p1a: Lunala|Trick Room|p1a: Lunala\n|-fieldstart|move: Trick Room|[of] p1a: Lunala\n|\n|upkeep\n|turn|2\n|\n|t:|1773667487\n|switch|p1b: Ursaluna|Ursaluna, L50, F|100/100\n|-end|p2b: Roaring Moon|Protosynthesis|[silent]\n|switch|p2b: Groudon|Groudon, L50|100/100\n|-weather|SunnyDay|[from] ability: Drought|[of] p2b: Groudon\n|move|p1a: Lunala|Wide Guard|p1a: Lunala\n|-singleturn|p1a: Lunala|Wide Guard\n|move|p2a: Kyurem|Shadow Ball|p1a: Lunala\n|-supereffective|p1a: Lunala\n|-damage|p1a: Lunala|0 fnt\n|faint|p1a: Lunala\n|\n|-weather|SunnyDay|[upkeep]\n|-status|p1b: Ursaluna|brn|[from] item: Flame Orb\n|upkeep\n|\n|t:|1773667500\n|switch|p1a: Incineroar|Incineroar, L50, F|82/100 frz\n|-ability|p1a: Incineroar|Intimidate|boost\n|-unboost|p2a: Kyurem|atk|1\n|-unboost|p2b: Groudon|atk|1\n|turn|3\n|\n|t:|1773667515\n|move|p1b: Ursaluna|Facade|p2b: Groudon\n|-damage|p2b: Groudon|23/100\n|-curestatus|p1a: Incineroar|frz|[from] move: Flare Blitz\n|move|p1a: Incineroar|Flare Blitz|p2a: Kyurem\n|-damage|p2a: Kyurem|42/100\n|-damage|p1a: Incineroar|59/100|[from] Recoil\n|move|p2b: Groudon|Precipice Blades|p1b: Ursaluna|[spread] p1a,p1b\n|-supereffective|p1a: Incineroar\n|-damage|p1a: Incineroar|5/100\n|-damage|p1b: Ursaluna|76/100 brn\n|move|p2a: Kyurem|Blizzard|p1a: Incineroar|[spread] p1b\n|-miss|p2a: Kyurem|p1a: Incineroar\n|-enditem|p2a: Kyurem|Blunder Policy\n|-boost|p2a: Kyurem|spe|2\n|-supereffective|p1b: Ursaluna\n|-damage|p1b: Ursaluna|0 fnt\n|faint|p1b: Ursaluna\n|\n|-weather|SunnyDay|[upkeep]\n|upkeep\n|\n|t:|1773667533\n|switch|p1b: Miraidon|Miraidon, L50|100/100\n|-fieldstart|move: Electric Terrain|[from] ability: Hadron Engine|[of] p1b: Miraidon\n|turn|4\n|\n|t:|1773667543\n|switch|p2a: Ditto|Ditto, L50|100/100\n|-transform|p2a: Ditto|p1b: Miraidon|[from] ability: Imposter\n|-activate|p2a: Ditto|ability: Hadron Engine\n|-terastallize|p1b: Miraidon|Fairy\n|move|p1a: Incineroar|Flare Blitz|p2b: Groudon\n|-crit|p2b: Groudon\n|-damage|p2b: Groudon|0 fnt\n|faint|p2b: Groudon\n|-damage|p1a: Incineroar|0 fnt|[from] Recoil\n|faint|p1a: Incineroar\n|move|p1b: Miraidon|Dazzling Gleam|p2a: Ditto\n|-supereffective|p2a: Ditto\n|-damage|p2a: Ditto|0 fnt\n|faint|p2a: Ditto\n|\n|-weather|SunnyDay|[upkeep]\n|upkeep\n|\n|t:|1773667562\n|switch|p2a: Kyurem|Kyurem-White, L50|42/100\n|switch|p2b: Roaring Moon|Roaring Moon, L50|90/100\n|-ability|p2a: Kyurem|Turboblaze\n|-activate|p2b: Roaring Moon|ability: Protosynthesis\n|-start|p2b: Roaring Moon|protosynthesisatk\n|turn|5\n|\n|t:|1773667577\n|-terastallize|p2b: Roaring Moon|Fairy\n|move|p2a: Kyurem|Fusion Flare|p1b: Miraidon\n|-damage|p1b: Miraidon|46/100\n|move|p1b: Miraidon|Dazzling Gleam|p2b: Roaring Moon|[spread] p2a,p2b\n|-supereffective|p2a: Kyurem\n|-damage|p2a: Kyurem|0 fnt\n|-damage|p2b: Roaring Moon|36/100\n|faint|p2a: Kyurem\n|move|p2b: Roaring Moon|Iron Head|p1b: Miraidon\n|-supereffective|p1b: Miraidon\n|-damage|p1b: Miraidon|0 fnt\n|faint|p1b: Miraidon\n|\n|win|I\u2764\ufe0f\u5a1c\u7984forever\n|raw|thomnahs's rating: 1340 &rarr; <strong>1319</strong><br />(-21 for losing)\n|raw|I\u2764\ufe0f\u5a1c\u7984forever's rating: 1315 &rarr; <strong>1336</strong><br />(+21 for winning)\n|l|\u2606thomnahs\n|player|p1|\n|l|\u2606I\u2764\ufe0f\u5a1c\u7984forever\n|player|p2|\n","uploadtime":1773667737,"views":8,"formatid":"gen9vgc2026regi","rating":1319,"private":0,"password":null}