{"id":"gen9vgc2026regi-2535168274","format":"[Gen 9] VGC 2026 Reg I","players":["VGCLinx","fogdocker"],"log":"|j|\u2606VGCLinx\n|j|\u2606fogdocker\n|t:|1770522925\n|gametype|doubles\n|player|p1|VGCLinx|102|1404\n|player|p2|fogdocker|2|1417\n|gen|9\n|tier|[Gen 9] VGC 2026 Reg I\n|rated|\n|rule|Species Clause: Limit one of each Pok\u00e9mon\n|rule|Item Clause: Limit 1 of each item\n|clearpoke\n|poke|p1|Lunala, L50|\n|poke|p1|Miraidon, L50|\n|poke|p1|Roaring Moon, L50|\n|poke|p1|Urshifu-*, L50, F|\n|poke|p1|Landorus, L50, M|\n|poke|p1|Chien-Pao, L50|\n|poke|p2|Calyrex-Ice, L50|\n|poke|p2|Koraidon, L50|\n|poke|p2|Flutter Mane, L50|\n|poke|p2|Incineroar, L50, F|\n|poke|p2|Rillaboom, L50, F|\n|poke|p2|Volcarona, L50, F|\n|teampreview|4\n|inactive|Battle timer is ON: inactive players will automatically lose when time's up. (requested by VGCLinx)\n|\n|t:|1770522981\n|teamsize|p1|4\n|teamsize|p2|4\n|start\n|switch|p1a: Lunala|Lunala, L50|100/100\n|switch|p1b: Roaring Moon|Roaring Moon, L50|100/100\n|switch|p2a: Calyrex|Calyrex-Ice, L50|100/100\n|switch|p2b: Rillaboom|Rillaboom, L50, F|100/100\n|-ability|p2a: Calyrex|As One\n|-ability|p2a: Calyrex|Unnerve\n|-fieldstart|move: Grassy Terrain|[from] ability: Grassy Surge|[of] p2b: Rillaboom\n|-enditem|p1b: Roaring Moon|Booster Energy\n|-activate|p1b: Roaring Moon|ability: Protosynthesis|[fromitem]\n|-start|p1b: Roaring Moon|protosynthesisspe\n|turn|1\n|inactive|VGCLinx has 30 seconds left.\n|\n|t:|1770523009\n|move|p1b: Roaring Moon|Protect|p1b: Roaring Moon\n|-singleturn|p1b: Roaring Moon|Protect\n|move|p1a: Lunala|Meteor Beam||[still]\n|-prepare|p1a: Lunala|Meteor Beam\n|-boost|p1a: Lunala|spa|1\n|-enditem|p1a: Lunala|Power Herb\n|-anim|p1a: Lunala|Meteor Beam|p2a: Calyrex\n|-supereffective|p2a: Calyrex\n|-damage|p2a: Calyrex|21/100\n|move|p2b: Rillaboom|U-turn|p1a: Lunala\n|-damage|p1a: Lunala|91/100\n|\n|t:|1770523021\n|switch|p2b: Flutter Mane|Flutter Mane, L50|100/100|[from] U-turn\n|move|p2a: Calyrex|Leech Seed|p1a: Lunala\n|-start|p1a: Lunala|move: Leech Seed\n|\n|-heal|p1a: Lunala|97/100|[from] Grassy Terrain\n|-heal|p2a: Calyrex|27/100|[from] Grassy Terrain\n|-heal|p2a: Calyrex|33/100|[from] item: Leftovers\n|-damage|p1a: Lunala|85/100|[from] Leech Seed|[of] p2a: Calyrex\n|-heal|p2a: Calyrex|47/100|[silent]\n|upkeep\n|turn|2\n|\n|t:|1770523037\n|switch|p2a: Koraidon|Koraidon, L50|100/100\n|-weather|SunnyDay|[from] ability: Orichalcum Pulse|[of] p2a: Koraidon\n|-activate|p2b: Flutter Mane|ability: Protosynthesis\n|-start|p2b: Flutter Mane|protosynthesisspe\n|-activate|p2a: Koraidon|Orichalcum Pulse|[source]\n|move|p2b: Flutter Mane|Moonblast|p1b: Roaring Moon\n|-supereffective|p1b: Roaring Moon\n|-damage|p1b: Roaring Moon|0 fnt\n|faint|p1b: Roaring Moon\n|-end|p1b: Roaring Moon|Protosynthesis|[silent]\n|move|p1a: Lunala|Moongeist Beam|p2b: Flutter Mane\n|-supereffective|p2b: Flutter Mane\n|-enditem|p2b: Flutter Mane|Focus Sash\n|-damage|p2b: Flutter Mane|1/100\n|\n|-weather|SunnyDay|[upkeep]\n|-heal|p2b: Flutter Mane|7/100|[from] Grassy Terrain\n|-heal|p1a: Lunala|91/100|[from] Grassy Terrain\n|-damage|p1a: Lunala|79/100|[from] Leech Seed|[of] p2a: Koraidon\n|upkeep\n|inactive|VGCLinx has 30 seconds left.\n|\n|t:|1770523063\n|switch|p1b: Miraidon|Miraidon, L50|100/100\n|-fieldstart|move: Electric Terrain|[from] ability: Hadron Engine|[of] p1b: Miraidon\n|turn|3\n|inactive|fogdocker has 30 seconds left.\n|inactive|fogdocker has 20 seconds left.\n|inactive|fogdocker has 15 seconds left.\n|inactive|fogdocker has 10 seconds left.\n|inactive|fogdocker has 5 seconds left.\n|\n|t:|1770523113\n|-terastallize|p1b: Miraidon|Fairy\n|move|p2b: Flutter Mane|Moonblast|p1b: Miraidon\n|-damage|p1b: Miraidon|60/100\n|move|p2a: Koraidon|Flare Blitz|p1a: Lunala\n|-damage|p1a: Lunala|0 fnt\n|faint|p1a: Lunala\n|-damage|p2a: Koraidon|65/100|[from] Recoil\n|-damage|p2a: Koraidon|55/100|[from] item: Life Orb\n|move|p1b: Miraidon|Dazzling Gleam|p2b: Flutter Mane|[spread] p2a,p2b\n|-supereffective|p2a: Koraidon\n|-damage|p2a: Koraidon|0 fnt\n|-damage|p2b: Flutter Mane|0 fnt\n|faint|p2a: Koraidon\n|faint|p2b: Flutter Mane\n|-end|p2b: Flutter Mane|Protosynthesis|[silent]\n|\n|-weather|SunnyDay|[upkeep]\n|upkeep\n|\n|t:|1770523131\n|switch|p2a: Calyrex|Calyrex-Ice, L50|47/100\n|switch|p2b: Rillaboom|Rillaboom, L50, F|100/100\n|switch|p1a: Urshifu|Urshifu, L50, F|100/100\n|-ability|p2a: Calyrex|As One\n|-ability|p2a: Calyrex|Unnerve\n|-fieldstart|move: Grassy Terrain|[from] ability: Grassy Surge|[of] p2b: Rillaboom\n|turn|4\n|\n|t:|1770523154\n|move|p2b: Rillaboom|Fake Out|p1a: Urshifu\n|-damage|p1a: Urshifu|87/100\n|move|p1b: Miraidon|Dazzling Gleam|p2a: Calyrex|[spread] p2a,p2b\n|-damage|p2a: Calyrex|13/100\n|-damage|p2b: Rillaboom|67/100\n|cant|p1a: Urshifu|flinch\n|move|p2a: Calyrex|Trick Room|p2a: Calyrex\n|-fieldstart|move: Trick Room|[of] p2a: Calyrex\n|\n|-weather|SunnyDay|[upkeep]\n|-heal|p2a: Calyrex|19/100|[from] Grassy Terrain\n|-heal|p2a: Calyrex|25/100|[from] item: Leftovers\n|-heal|p2b: Rillaboom|73/100|[from] Grassy Terrain\n|-heal|p1a: Urshifu|93/100|[from] Grassy Terrain\n|-heal|p1b: Miraidon|66/100|[from] Grassy Terrain\n|upkeep\n|turn|5\n|inactive|VGCLinx has 30 seconds left.\n|inactive|fogdocker has 30 seconds left.\n|inactive|VGCLinx has 20 seconds left.\n|inactive|fogdocker has 20 seconds left.\n|\n|t:|1770523192\n|move|p2a: Calyrex|Protect|p2a: Calyrex\n|-singleturn|p2a: Calyrex|Protect\n|move|p1a: Urshifu|Protect|p1a: Urshifu\n|-singleturn|p1a: Urshifu|Protect\n|move|p2b: Rillaboom|Wood Hammer|p1a: Urshifu\n|-activate|p1a: Urshifu|move: Protect\n|move|p1b: Miraidon|Dazzling Gleam|p2b: Rillaboom|[spread] p2b\n|-activate|p2a: Calyrex|move: Protect\n|-damage|p2b: Rillaboom|43/100\n|\n|-weather|SunnyDay|[upkeep]\n|-heal|p2a: Calyrex|30/100|[from] Grassy Terrain\n|-heal|p2a: Calyrex|36/100|[from] item: Leftovers\n|-heal|p2b: Rillaboom|49/100|[from] Grassy Terrain\n|-heal|p1a: Urshifu|99/100|[from] Grassy Terrain\n|-heal|p1b: Miraidon|72/100|[from] Grassy Terrain\n|upkeep\n|turn|6\n|inactive|VGCLinx has 30 seconds left.\n|\n|t:|1770523219\n|-terastallize|p2a: Calyrex|Water\n|move|p2b: Rillaboom|Grassy Glide|p1a: Urshifu\n|-damage|p1a: Urshifu|62/100\n|move|p1a: Urshifu|Sucker Punch|p2a: Calyrex\n|-damage|p2a: Calyrex|13/100\n|move|p2a: Calyrex|Glacial Lance|p1a: Urshifu|[spread] p1a,p1b\n|-damage|p1a: Urshifu|14/100\n|-damage|p1b: Miraidon|28/100\n|move|p1b: Miraidon|Dazzling Gleam|p2a: Calyrex|[spread] p2a,p2b\n|-damage|p2a: Calyrex|0 fnt\n|-damage|p2b: Rillaboom|16/100\n|faint|p2a: Calyrex\n|\n|-weather|none\n|-heal|p2b: Rillaboom|22/100|[from] Grassy Terrain\n|-heal|p1a: Urshifu|20/100|[from] Grassy Terrain\n|-heal|p1b: Miraidon|34/100|[from] Grassy Terrain\n|upkeep\n|turn|7\n|inactive|VGCLinx has 30 seconds left.\n|\n|t:|1770523245\n|move|p1a: Urshifu|Sucker Punch|p2b: Rillaboom\n|-damage|p2b: Rillaboom|0 fnt\n|faint|p2b: Rillaboom\n|\n|win|VGCLinx\n|raw|VGCLinx's rating: 1404 &rarr; <strong>1425</strong><br />(+21 for winning)\n|raw|fogdocker's rating: 1417 &rarr; <strong>1396</strong><br />(-21 for losing)\n|l|\u2606fogdocker\n|player|p2|\n|l|\u2606VGCLinx\n|player|p1|\n","uploadtime":1770523412,"views":13,"formatid":"gen9vgc2026regi","rating":1396,"private":0,"password":null}