{"id":"gen9vgc2026regi-2572099405","format":"[Gen 9] VGC 2026 Reg I","players":["the gamblerler","backknight"],"log":"|j|\u2606the gamblerler\n|j|\u2606backknight\n|t:|1774988011\n|gametype|doubles\n|player|p1|the gamblerler|giovanni|1290\n|player|p2|backknight|veteran|1376\n|gen|9\n|tier|[Gen 9] VGC 2026 Reg I\n|rated|\n|rule|Species Clause: Limit one of each Pok\u00e9mon\n|rule|Item Clause: Limit 1 of each item\n|clearpoke\n|poke|p1|Calyrex-Shadow, L50|\n|poke|p1|Miraidon, L50|\n|poke|p1|Incineroar, L50, F|\n|poke|p1|Sneasler, L50, M|\n|poke|p1|Araquanid, L50, F|\n|poke|p1|Whimsicott, L50, M|\n|poke|p2|Landorus, L50, M|\n|poke|p2|Kyogre, L50|\n|poke|p2|Incineroar, L50, F|\n|poke|p2|Grimmsnarl, L50, M|\n|poke|p2|Miraidon, L50|\n|poke|p2|Tornadus, L50, M|\n|teampreview|4\n|inactive|Battle timer is ON: inactive players will automatically lose when time's up. (requested by backknight)\n|inactive|the gamblerler also wants the timer to be on.\n|inactive|backknight has 60 seconds left.\n|\n|t:|1774988043\n|teamsize|p1|4\n|teamsize|p2|4\n|start\n|switch|p1a: Sneasler|Sneasler, L50, M|100/100\n|switch|p1b: Miraidon|Miraidon, L50|100/100\n|switch|p2a: Kyogre|Kyogre, L50|100/100\n|switch|p2b: Grimmsnarl|Grimmsnarl, L50, M|100/100\n|-fieldstart|move: Electric Terrain|[from] ability: Hadron Engine|[of] p1b: Miraidon\n|-enditem|p1a: Sneasler|Electric Seed\n|-boost|p1a: Sneasler|def|1|[from] item: Electric Seed\n|-weather|RainDance|[from] ability: Drizzle|[of] p2a: Kyogre\n|turn|1\n|\n|t:|1774988057\n|move|p2a: Kyogre|Protect|p2a: Kyogre\n|-singleturn|p2a: Kyogre|Protect\n|move|p2b: Grimmsnarl|Light Screen|p2b: Grimmsnarl\n|-sidestart|p2: backknight|move: Light Screen\n|move|p1a: Sneasler|Dire Claw|p2b: Grimmsnarl\n|-supereffective|p2b: Grimmsnarl\n|-damage|p2b: Grimmsnarl|25/100\n|-status|p2b: Grimmsnarl|par\n|move|p1b: Miraidon|Electro Drift|p2b: Grimmsnarl\n|-damage|p2b: Grimmsnarl|0 fnt\n|faint|p2b: Grimmsnarl\n|\n|-weather|RainDance|[upkeep]\n|upkeep\n|\n|t:|1774988073\n|switch|p2b: Miraidon|Miraidon, L50|100/100\n|-activate|p2b: Miraidon|ability: Hadron Engine\n|turn|2\n|\n|t:|1774988082\n|-terastallize|p2a: Kyogre|Grass\n|move|p1a: Sneasler|Acid Spray|p2a: Kyogre\n|-supereffective|p2a: Kyogre\n|-damage|p2a: Kyogre|95/100\n|-unboost|p2a: Kyogre|spd|2\n|move|p2b: Miraidon|Volt Switch|p1a: Sneasler\n|-damage|p1a: Sneasler|18/100\n|\n|t:|1774988094\n|switch|p2b: Landorus|Landorus, L50, M|100/100|[from] Volt Switch\n|move|p1b: Miraidon|Electro Drift|p2a: Kyogre\n|-resisted|p2a: Kyogre\n|-damage|p2a: Kyogre|52/100\n|move|p2a: Kyogre|Calm Mind|p2a: Kyogre\n|-boost|p2a: Kyogre|spa|1\n|-boost|p2a: Kyogre|spd|1\n|\n|-weather|RainDance|[upkeep]\n|-heal|p2a: Kyogre|58/100|[from] item: Leftovers\n|upkeep\n|turn|3\n|\n|t:|1774988114\n|switch|p1b: Whimsicott|Whimsicott, L50, M|100/100\n|move|p2b: Landorus|Protect|p2b: Landorus\n|-singleturn|p2b: Landorus|Protect\n|move|p1a: Sneasler|Dire Claw|p2b: Landorus\n|-activate|p2b: Landorus|move: Protect\n|move|p2a: Kyogre|Origin Pulse|p1b: Whimsicott|[spread] p1a,p1b\n|-resisted|p1b: Whimsicott\n|-crit|p1b: Whimsicott\n|-damage|p1a: Sneasler|0 fnt\n|-damage|p1b: Whimsicott|11/100\n|faint|p1a: Sneasler\n|\n|-weather|RainDance|[upkeep]\n|-heal|p2a: Kyogre|63/100|[from] item: Leftovers\n|upkeep\n|\n|t:|1774988126\n|switch|p1a: Calyrex|Calyrex-Shadow, L50|100/100\n|-ability|p1a: Calyrex|As One\n|-ability|p1a: Calyrex|Unnerve\n|turn|4\n|\n|t:|1774988136\n|switch|p2b: Miraidon|Miraidon, L50|100/100\n|-activate|p2b: Miraidon|ability: Hadron Engine\n|-terastallize|p1a: Calyrex|Ghost\n|move|p1b: Whimsicott|Fake Tears|p2a: Kyogre\n|-unboost|p2a: Kyogre|spd|2\n|move|p1a: Calyrex|Astral Barrage|p2a: Kyogre|[spread] p2a,p2b\n|-damage|p2a: Kyogre|0 fnt\n|-damage|p2b: Miraidon|53/100\n|faint|p2a: Kyogre\n|-ability|p1a: Calyrex|Grim Neigh|boost\n|-boost|p1a: Calyrex|spa|1\n|\n|-weather|RainDance|[upkeep]\n|upkeep\n|\n|t:|1774988145\n|switch|p2a: Landorus|Landorus, L50, M|100/100\n|turn|5\n|\n|t:|1774988150\n|move|p1b: Whimsicott|Tailwind|p1b: Whimsicott\n|-sidestart|p1: the gamblerler|move: Tailwind\n|move|p1a: Calyrex|Astral Barrage|p2a: Landorus|[spread] p2a,p2b\n|-damage|p2a: Landorus|8/100\n|-damage|p2b: Miraidon|0 fnt\n|faint|p2b: Miraidon\n|-ability|p1a: Calyrex|Grim Neigh|boost\n|-boost|p1a: Calyrex|spa|1\n|move|p2a: Landorus|Sandsear Storm|p1b: Whimsicott|[spread] p1a,p1b\n|-resisted|p1b: Whimsicott\n|-damage|p1a: Calyrex|38/100\n|-damage|p1b: Whimsicott|0 fnt\n|faint|p1b: Whimsicott\n|\n|-weather|none\n|-fieldend|move: Electric Terrain\n|upkeep\n|\n|t:|1774988153\n|switch|p1b: Miraidon|Miraidon, L50|100/100\n|-fieldstart|move: Electric Terrain|[from] ability: Hadron Engine|[of] p1b: Miraidon\n|turn|6\n|-message|backknight forfeited.\n|\n|win|the gamblerler\n|raw|the gamblerler's rating: 1290 &rarr; <strong>1321</strong><br />(+31 for winning)\n|raw|backknight's rating: 1376 &rarr; <strong>1351</strong><br />(-25 for losing)\n|l|\u2606backknight\n|player|p2|\n|l|\u2606the gamblerler\n|player|p1|\n","uploadtime":1774988325,"views":11,"formatid":"gen9vgc2026regi","rating":1321,"private":0,"password":null}