{"id":"gen9vgc2026regi-2558734916","format":"[Gen 9] VGC 2026 Reg I","players":["wasaad5","wibe guarb"],"log":"|j|\u2606wasaad5\n|j|\u2606wibe guarb\n|t:|1773472002\n|gametype|doubles\n|player|p1|wasaad5|blue|1256\n|player|p2|wibe guarb|ninjaboy|1180\n|gen|9\n|tier|[Gen 9] VGC 2026 Reg I\n|rated|\n|rule|Species Clause: Limit one of each Pok\u00e9mon\n|rule|Item Clause: Limit 1 of each item\n|clearpoke\n|poke|p1|Kyurem-White, L50|\n|poke|p1|Zacian-*, L50|\n|poke|p1|Sableye, L50, M|\n|poke|p1|Urshifu-*, L50, F|\n|poke|p1|Amoonguss, L50, F|\n|poke|p1|Incineroar, L50, M|\n|poke|p2|Basculegion, L50, M|\n|poke|p2|Kyogre, L50|\n|poke|p2|Weezing-Galar, L50, M|\n|poke|p2|Dialga-Origin, L50|\n|poke|p2|Wo-Chien, L50|\n|poke|p2|Indeedee-F, L50, F|\n|teampreview|4\n|\n|t:|1773472043\n|teamsize|p1|4\n|teamsize|p2|4\n|start\n|switch|p1a: Kyurem|Kyurem-White, L50, shiny|100/100\n|switch|p1b: Zacian|Zacian-Crowned, L50|100/100\n|switch|p2a: Basculegion|Basculegion, L50, M|100/100\n|switch|p2b: Kyogre|Kyogre, L50|100/100\n|-ability|p1b: Zacian|Intrepid Sword|boost\n|-boost|p1b: Zacian|atk|1\n|-ability|p1a: Kyurem|Turboblaze\n|-weather|RainDance|[from] ability: Drizzle|[of] p2b: Kyogre\n|turn|1\n|\n|t:|1773472067\n|move|p1b: Zacian|Protect|p1b: Zacian\n|-singleturn|p1b: Zacian|Protect\n|move|p2a: Basculegion|Wave Crash|p1b: Zacian\n|-activate|p1b: Zacian|move: Protect\n|move|p1a: Kyurem|Freeze-Dry|p2b: Kyogre\n|-supereffective|p2b: Kyogre\n|-damage|p2b: Kyogre|62/100\n|move|p2b: Kyogre|Water Spout|p1a: Kyurem|[spread] p1a\n|-activate|p1b: Zacian|move: Protect\n|-resisted|p1a: Kyurem\n|-damage|p1a: Kyurem|83/100\n|\n|-weather|RainDance|[upkeep]\n|upkeep\n|turn|2\n|\n|t:|1773472079\n|switch|p1b: Urshifu|Urshifu-Rapid-Strike, L50, F|100/100\n|move|p2a: Basculegion|Wave Crash|p1b: Urshifu\n|-resisted|p1b: Urshifu\n|-damage|p1b: Urshifu|34/100\n|-damage|p2a: Basculegion|80/100|[from] Recoil\n|move|p1a: Kyurem|Freeze-Dry|p2a: Basculegion\n|-supereffective|p2a: Basculegion\n|-damage|p2a: Basculegion|0 fnt\n|faint|p2a: Basculegion\n|move|p2b: Kyogre|Thunder|p1b: Urshifu\n|-supereffective|p1b: Urshifu\n|-damage|p1b: Urshifu|0 fnt\n|faint|p1b: Urshifu\n|\n|-weather|RainDance|[upkeep]\n|upkeep\n|\n|t:|1773472086\n|switch|p1b: Zacian|Zacian-Crowned, L50|100/100\n|switch|p2a: Dialga|Dialga-Origin, L50|100/100\n|-ability|p2a: Dialga|Pressure\n|turn|3\n|\n|t:|1773472099\n|switch|p2b: Indeedee|Indeedee-F, L50, F|100/100\n|-fieldstart|move: Psychic Terrain|[from] ability: Psychic Surge|[of] p2b: Indeedee\n|-terastallize|p1a: Kyurem|Fairy\n|move|p1b: Zacian|Play Rough|p2b: Indeedee\n|-damage|p2b: Indeedee|28/100\n|move|p1a: Kyurem|Earth Power|p2a: Dialga\n|-supereffective|p2a: Dialga\n|-damage|p2a: Dialga|47/100\n|move|p2a: Dialga|Trick Room|p2a: Dialga\n|-fieldstart|move: Trick Room|[of] p2a: Dialga\n|\n|-weather|RainDance|[upkeep]\n|upkeep\n|turn|4\n|\n|t:|1773472116\n|switch|p1a: Incineroar|Incineroar, L50, M|100/100\n|-ability|p1a: Incineroar|Intimidate|boost\n|-unboost|p2a: Dialga|atk|1\n|-unboost|p2b: Indeedee|atk|1\n|move|p2b: Indeedee|Heal Pulse|p2a: Dialga\n|-heal|p2a: Dialga|98/100\n|move|p2a: Dialga|Flash Cannon|p1a: Incineroar\n|-resisted|p1a: Incineroar\n|-damage|p1a: Incineroar|79/100\n|move|p1b: Zacian|Play Rough|p2a: Dialga|[miss]\n|-miss|p1b: Zacian|p2a: Dialga\n|\n|-weather|RainDance|[upkeep]\n|upkeep\n|turn|5\n|\n|t:|1773472131\n|switch|p2b: Kyogre|Kyogre, L50|62/100\n|move|p1b: Zacian|Protect|p1b: Zacian\n|-singleturn|p1b: Zacian|Protect\n|move|p1a: Incineroar|Parting Shot|p2a: Dialga\n|-unboost|p2a: Dialga|atk|1\n|-unboost|p2a: Dialga|spa|1\n|\n|t:|1773472133\n|switch|p1a: Kyurem|Kyurem-White, L50, shiny, tera:Fairy|83/100|[from] Parting Shot\n|-ability|p1a: Kyurem|Turboblaze\n|move|p2a: Dialga|Flash Cannon|p1b: Zacian\n|-activate|p1b: Zacian|move: Protect\n|\n|-weather|none\n|upkeep\n|turn|6\n|\n|t:|1773472149\n|move|p2b: Kyogre|Water Spout|p1b: Zacian|[spread] p1a,p1b\n|-damage|p1a: Kyurem|59/100\n|-damage|p1b: Zacian|61/100\n|move|p2a: Dialga|Flash Cannon|p1b: Zacian\n|-damage|p1b: Zacian|21/100\n|move|p1a: Kyurem|Freeze-Dry|p2b: Kyogre\n|-supereffective|p2b: Kyogre\n|-damage|p2b: Kyogre|20/100\n|move|p1b: Zacian|Play Rough|p2a: Dialga\n|-damage|p2a: Dialga|58/100\n|\n|upkeep\n|turn|7\n|\n|t:|1773472168\n|switch|p2a: Indeedee|Indeedee-F, L50, F|28/100\n|move|p1b: Zacian|Protect|p1b: Zacian\n|-singleturn|p1b: Zacian|Protect\n|move|p2b: Kyogre|Hydro Pump|p1a: Kyurem\n|-damage|p1a: Kyurem|21/100\n|move|p1a: Kyurem|Freeze-Dry|p2b: Kyogre\n|-supereffective|p2b: Kyogre\n|-damage|p2b: Kyogre|0 fnt\n|faint|p2b: Kyogre\n|\n|-fieldend|move: Trick Room\n|-fieldend|move: Psychic Terrain\n|upkeep\n|\n|t:|1773472170\n|switch|p2b: Dialga|Dialga-Origin, L50|58/100\n|-ability|p2b: Dialga|Pressure\n|turn|8\n|-message|wibe guarb forfeited.\n|\n|win|wasaad5\n|raw|wasaad5's rating: 1256 &rarr; <strong>1276</strong><br />(+20 for winning)\n|raw|wibe guarb's rating: 1180 &rarr; <strong>1160</strong><br />(-20 for losing)\n|l|\u2606wibe guarb\n|player|p2|\n|l|\u2606wasaad5\n|player|p1|\n","uploadtime":1773472502,"views":15,"formatid":"gen9vgc2026regi","rating":1160,"private":0,"password":null}