{"id":"gen9vgc2026regi-2549819896","format":"[Gen 9] VGC 2026 Reg I","players":["cjpoppe","b3testing"],"log":"|j|\u2606cjpoppe\n|j|\u2606b3testing\n|t:|1772412873\n|gametype|doubles\n|player|p1|cjpoppe|lucas|1325\n|player|p2|b3testing|101|1437\n|gen|9\n|tier|[Gen 9] VGC 2026 Reg I\n|rated|\n|rule|Species Clause: Limit one of each Pok\u00e9mon\n|rule|Item Clause: Limit 1 of each item\n|clearpoke\n|poke|p1|Urshifu-*, L50, F|\n|poke|p1|Amoonguss, L50, F|\n|poke|p1|Kyogre, L50|\n|poke|p1|Archaludon, L50, M|\n|poke|p1|Roaring Moon, L50|\n|poke|p1|Terapagos, L50, M|\n|poke|p2|Terapagos, L50, M|\n|poke|p2|Calyrex-Shadow, L50|\n|poke|p2|Incineroar, L50, F|\n|poke|p2|Amoonguss, L50, F|\n|poke|p2|Tornadus, L50, M|\n|poke|p2|Smeargle, L50, F|\n|teampreview|4\n|inactive|Battle timer is ON: inactive players will automatically lose when time's up. (requested by b3testing)\n|inactive|cjpoppe also wants the timer to be on.\n|\n|t:|1772412893\n|teamsize|p1|4\n|teamsize|p2|4\n|start\n|switch|p1a: Roaring Moon|Roaring Moon, L50|100/100\n|switch|p1b: Kyogre|Kyogre, L50|100/100\n|switch|p2a: Smeargle|Smeargle, L50, F|100/100\n|switch|p2b: Terapagos|Terapagos, L50, M|100/100\n|-activate|p2b: Terapagos|ability: Tera Shift\n|detailschange|p2b: Terapagos|Terapagos-Terastal, L50, M\n|-heal|p2b: Terapagos|100/100|[silent]\n|-weather|RainDance|[from] ability: Drizzle|[of] p1b: Kyogre\n|-enditem|p1a: Roaring Moon|Booster Energy\n|-activate|p1a: Roaring Moon|ability: Protosynthesis|[fromitem]\n|-start|p1a: Roaring Moon|protosynthesisatk\n|turn|1\n|\n|t:|1772412917\n|move|p2a: Smeargle|Fake Out|p1b: Kyogre\n|-damage|p1b: Kyogre|95/100\n|cant|p1b: Kyogre|flinch\n|move|p1a: Roaring Moon|Knock Off|p2b: Terapagos\n|-activate|p2b: Terapagos|ability: Tera Shell\n|-resisted|p2b: Terapagos\n|-damage|p2b: Terapagos|69/100\n|-enditem|p2b: Terapagos|Covert Cloak|[from] move: Knock Off|[of] p1a: Roaring Moon\n|move|p2b: Terapagos|Calm Mind|p2b: Terapagos\n|-boost|p2b: Terapagos|spa|1\n|-boost|p2b: Terapagos|spd|1\n|\n|-weather|RainDance|[upkeep]\n|-ability|p2a: Smeargle|Moody|boost\n|-boost|p2a: Smeargle|spd|2\n|-unboost|p2a: Smeargle|atk|1\n|upkeep\n|turn|2\n|inactive|cjpoppe has 30 seconds left.\n|\n|t:|1772412942\n|-terastallize|p2b: Terapagos|Stellar\n|detailschange|p2b: Terapagos|Terapagos-Stellar, L50, M, tera:Stellar\n|-heal|p2b: Terapagos|77/100|[silent]\n|-ability|p2b: Terapagos|Teraform Zero\n|-weather|none\n|move|p1b: Kyogre|Ice Beam|p2b: Terapagos\n|-damage|p2b: Terapagos|63/100\n|move|p1a: Roaring Moon|Acrobatics|p2b: Terapagos\n|-damage|p2b: Terapagos|33/100\n|move|p2a: Smeargle|Decorate|p2b: Terapagos\n|-boost|p2b: Terapagos|atk|2\n|-boost|p2b: Terapagos|spa|2\n|move|p2b: Terapagos|Tera Starstorm|p1b: Kyogre|[spread] p1a,p1b\n|-damage|p1a: Roaring Moon|4/100\n|-damage|p1b: Kyogre|15/100\n|\n|-ability|p2a: Smeargle|Moody|boost\n|-boost|p2a: Smeargle|atk|2\n|-unboost|p2a: Smeargle|spd|1\n|upkeep\n|turn|3\n|\n|t:|1772412966\n|move|p2a: Smeargle|Follow Me|p2a: Smeargle\n|-singleturn|p2a: Smeargle|move: Follow Me\n|move|p1b: Kyogre|Ice Beam|p2a: Smeargle\n|-damage|p2a: Smeargle|52/100\n|move|p1a: Roaring Moon|Tailwind|p1a: Roaring Moon\n|-sidestart|p1: cjpoppe|move: Tailwind\n|move|p2b: Terapagos|Tera Starstorm|p1b: Kyogre|[spread] p1a,p1b\n|-damage|p1a: Roaring Moon|0 fnt\n|-damage|p1b: Kyogre|0 fnt\n|faint|p1a: Roaring Moon\n|-end|p1a: Roaring Moon|Protosynthesis|[silent]\n|faint|p1b: Kyogre\n|\n|-ability|p2a: Smeargle|Moody|boost\n|-boost|p2a: Smeargle|def|2\n|-unboost|p2a: Smeargle|atk|1\n|upkeep\n|\n|t:|1772412981\n|switch|p1a: Terapagos|Terapagos, L50, M|100/100\n|switch|p1b: Urshifu|Urshifu, L50, F|100/100\n|-activate|p1a: Terapagos|ability: Tera Shift\n|detailschange|p1a: Terapagos|Terapagos-Terastal, L50, M\n|-heal|p1a: Terapagos|100/100|[silent]\n|turn|4\n|\n|t:|1772413001\n|-terastallize|p1a: Terapagos|Stellar\n|detailschange|p1a: Terapagos|Terapagos-Stellar, L50, M, tera:Stellar\n|-heal|p1a: Terapagos|100/100|[silent]\n|move|p2b: Terapagos|Protect|p2b: Terapagos\n|-singleturn|p2b: Terapagos|Protect\n|move|p2a: Smeargle|Follow Me|p2a: Smeargle\n|-singleturn|p2a: Smeargle|move: Follow Me\n|move|p1b: Urshifu|Sucker Punch||[still]\n|-fail|p1b: Urshifu\n|move|p1a: Terapagos|Tera Starstorm|p2b: Terapagos|[spread] p2a\n|-activate|p2b: Terapagos|move: Protect\n|-damage|p2a: Smeargle|0 fnt\n|faint|p2a: Smeargle\n|\n|upkeep\n|\n|t:|1772413006\n|switch|p2a: Amoonguss|Amoonguss, L50, F|100/100\n|turn|5\n|\n|t:|1772413028\n|move|p2b: Terapagos|Protect||[still]\n|-fail|p2b: Terapagos\n|move|p1b: Urshifu|Wicked Blow|p2b: Terapagos\n|-crit|p2b: Terapagos\n|-damage|p2b: Terapagos|0 fnt\n|faint|p2b: Terapagos\n|detailschange|p2: Terapagos|Terapagos, L50, M|[silent]\n|move|p1a: Terapagos|Tera Starstorm|p2a: Amoonguss\n|-damage|p2a: Amoonguss|49/100\n|move|p2a: Amoonguss|Spore|p1a: Terapagos\n|-status|p1a: Terapagos|slp|[from] move: Spore\n|\n|upkeep\n|\n|t:|1772413031\n|switch|p2b: Calyrex|Calyrex-Shadow, L50|100/100\n|-ability|p2b: Calyrex|As One\n|-ability|p2b: Calyrex|Unnerve\n|turn|6\n|inactive|b3testing has 30 seconds left.\n|\n|t:|1772413065\n|move|p2a: Amoonguss|Rage Powder|p2a: Amoonguss\n|-singleturn|p2a: Amoonguss|move: Rage Powder\n|move|p1b: Urshifu|Wicked Blow|p2a: Amoonguss\n|-crit|p2a: Amoonguss\n|-damage|p2a: Amoonguss|1/100\n|-damage|p1b: Urshifu|84/100|[from] item: Rocky Helmet|[of] p2a: Amoonguss\n|move|p2b: Calyrex|Astral Barrage|p1a: Terapagos|[spread] p1b\n|-immune|p1a: Terapagos\n|-resisted|p1b: Urshifu\n|-damage|p1b: Urshifu|30/100\n|-damage|p2b: Calyrex|91/100|[from] item: Life Orb\n|cant|p1a: Terapagos|slp\n|\n|-sideend|p1: cjpoppe|move: Tailwind\n|upkeep\n|turn|7\n|\n|t:|1772413080\n|move|p1b: Urshifu|Detect|p1b: Urshifu\n|-singleturn|p1b: Urshifu|Protect\n|move|p2a: Amoonguss|Rage Powder|p2a: Amoonguss\n|-singleturn|p2a: Amoonguss|move: Rage Powder\n|move|p2b: Calyrex|Astral Barrage|p1b: Urshifu|[spread] \n|-activate|p1b: Urshifu|move: Protect\n|-immune|p1a: Terapagos\n|cant|p1a: Terapagos|slp\n|\n|upkeep\n|turn|8\n|\n|t:|1772413094\n|move|p2a: Amoonguss|Protect|p2a: Amoonguss\n|-singleturn|p2a: Amoonguss|Protect\n|move|p2b: Calyrex|Encore|p1b: Urshifu\n|-start|p1b: Urshifu|Encore\n|move|p1b: Urshifu|Detect|p1b: Urshifu\n|-singleturn|p1b: Urshifu|Protect\n|cant|p1a: Terapagos|slp\n|\n|upkeep\n|turn|9\n|\n|t:|1772413118\n|move|p1b: Urshifu|Detect||[still]\n|-fail|p1b: Urshifu\n|move|p2b: Calyrex|Disable|p1a: Terapagos\n|-start|p1a: Terapagos|Disable|Tera Starstorm\n|-curestatus|p1a: Terapagos|slp|[msg]\n|cant|p1a: Terapagos|Disable|Tera Starstorm\n|move|p2a: Amoonguss|Pollen Puff|p1a: Terapagos\n|-damage|p1a: Terapagos|93/100\n|\n|upkeep\n|turn|10\n|\n|t:|1772413139\n|move|p1b: Urshifu|Detect|p1b: Urshifu\n|-singleturn|p1b: Urshifu|Protect\n|move|p2b: Calyrex|Encore|p1a: Terapagos\n|-start|p1a: Terapagos|Encore\n|cant|p1a: Terapagos|Disable|Tera Starstorm\n|move|p2a: Amoonguss|Pollen Puff|p1a: Terapagos\n|-damage|p1a: Terapagos|86/100\n|\n|-end|p1b: Urshifu|Encore\n|upkeep\n|turn|11\n|\n|t:|1772413154\n|move|p2a: Amoonguss|Rage Powder|p2a: Amoonguss\n|-singleturn|p2a: Amoonguss|move: Rage Powder\n|move|p1b: Urshifu|Sucker Punch||[still]\n|-fail|p1b: Urshifu\n|move|p2b: Calyrex|Astral Barrage|p1b: Urshifu|[spread] p1b\n|-immune|p1a: Terapagos\n|-resisted|p1b: Urshifu\n|-damage|p1b: Urshifu|0 fnt\n|faint|p1b: Urshifu\n|-ability|p2b: Calyrex|Grim Neigh|boost\n|-boost|p2b: Calyrex|spa|1\n|-damage|p2b: Calyrex|81/100|[from] item: Life Orb\n|-activate|p1a: Terapagos|move: Struggle\n|move|p1a: Terapagos|Struggle|p2a: Amoonguss\n|-damage|p2a: Amoonguss|0 fnt\n|-damage|p1a: Terapagos|69/100|[from] item: Rocky Helmet|[of] p2a: Amoonguss\n|faint|p2a: Amoonguss\n|-damage|p1a: Terapagos|44/100|[from] recoil\n|\n|upkeep\n|turn|12\n|\n|t:|1772413172\n|move|p2b: Calyrex|Astral Barrage|p1a: Terapagos\n|-immune|p1a: Terapagos\n|-activate|p1a: Terapagos|move: Struggle\n|move|p1a: Terapagos|Struggle|p2b: Calyrex\n|-damage|p2b: Calyrex|65/100\n|-damage|p1a: Terapagos|19/100|[from] recoil\n|\n|-end|p1a: Terapagos|Encore\n|-end|p1a: Terapagos|Disable\n|upkeep\n|turn|13\n|\n|t:|1772413182\n|move|p2b: Calyrex|Protect|p2b: Calyrex\n|-singleturn|p2b: Calyrex|Protect\n|move|p1a: Terapagos|Tera Starstorm|p2b: Calyrex\n|-activate|p2b: Calyrex|move: Protect\n|\n|upkeep\n|turn|14\n|\n|t:|1772413189\n|move|p2b: Calyrex|Disable|p1a: Terapagos\n|-start|p1a: Terapagos|Disable|Tera Starstorm\n|cant|p1a: Terapagos|Disable|Tera Starstorm\n|\n|upkeep\n|turn|15\n|\n|t:|1772413195\n|move|p2b: Calyrex|Encore|p1a: Terapagos\n|-start|p1a: Terapagos|Encore\n|cant|p1a: Terapagos|Disable|Tera Starstorm\n|\n|upkeep\n|turn|16\n|-message|cjpoppe forfeited.\n|\n|win|b3testing\n|raw|cjpoppe's rating: 1325 &rarr; <strong>1311</strong><br />(-14 for losing)\n|raw|b3testing's rating: 1437 &rarr; <strong>1451</strong><br />(+14 for winning)\n|l|\u2606cjpoppe\n|player|p1|\n","uploadtime":1772413205,"views":16,"formatid":"gen9vgc2026regi","rating":1311,"private":0,"password":null}