{"id":"gen9vgc2026regi-2565645239","format":"[Gen 9] VGC 2026 Reg I","players":["darthflyer","Mirthinion"],"log":"|j|\u2606darthflyer\n|j|\u2606Mirthinion\n|t:|1774291974\n|gametype|doubles\n|player|p1|darthflyer|ghetsis-gen5bw|1255\n|player|p2|Mirthinion|janitor|1391\n|gen|9\n|tier|[Gen 9] VGC 2026 Reg I\n|rated|\n|rule|Species Clause: Limit one of each Pok\u00e9mon\n|rule|Item Clause: Limit 1 of each item\n|clearpoke\n|poke|p1|Ho-Oh, L50|\n|poke|p1|Koraidon, L50|\n|poke|p1|Rhydon, L50, M|\n|poke|p1|Brute Bonnet, L50|\n|poke|p1|Flutter Mane, L50|\n|poke|p1|Incineroar, L50, M|\n|poke|p2|Calyrex-Shadow, L50|\n|poke|p2|Zamazenta-*, L50|\n|poke|p2|Urshifu-*, L50, M|\n|poke|p2|Incineroar, L50, M|\n|poke|p2|Rillaboom, L50, M|\n|poke|p2|Tornadus, L50, M|\n|teampreview|4\n|inactive|Battle timer is ON: inactive players will automatically lose when time's up. (requested by Mirthinion)\nMirthinion rejected open team sheets.\n|inactive|Mirthinion has 60 seconds left.\n|c|\u2606Mirthinion|I dig the Rhydon tech!\n|\n|t:|1774292025\n|teamsize|p1|4\n|teamsize|p2|4\n|start\n|switch|p1a: Finney|Koraidon, L50|100/100\n|switch|p1b: Hazy|Ho-Oh, L50, shiny|100/100\n|switch|p2a: Vangwe|Tornadus, L50, M|100/100\n|switch|p2b: Beowulf|Urshifu-Rapid-Strike, L50, M|100/100\n|-weather|SunnyDay|[from] ability: Orichalcum Pulse|[of] p1a: Finney\n|-activate|p1a: Finney|Orichalcum Pulse|[source]\n|turn|1\n|inactive|darthflyer has 30 seconds left.\n|inactive|Mirthinion has 30 seconds left.\n|\n|t:|1774292055\n|switch|p1a: Xerxes|Brute Bonnet, L50, shiny|100/100\n|-activate|p1a: Xerxes|ability: Protosynthesis\n|-start|p1a: Xerxes|protosynthesisdef\n|-terastallize|p2b: Beowulf|Ghost\n|move|p2a: Vangwe|Rain Dance|p2a: Vangwe\n|-weather|RainDance\n|-end|p1a: Xerxes|Protosynthesis\n|move|p2b: Beowulf|U-turn|p1b: Hazy\n|-resisted|p1b: Hazy\n|-damage|p1b: Hazy|94/100\n|\n|t:|1774292066\n|switch|p2b: Mithrandir|Calyrex-Shadow, L50|100/100|[from] U-turn\n|-ability|p2b: Mithrandir|As One\n|-ability|p2b: Mithrandir|Unnerve\n|move|p1b: Hazy|Brave Bird|p2b: Mithrandir\n|-damage|p2b: Mithrandir|43/100\n|-damage|p1b: Hazy|76/100|[from] Recoil\n|\n|-weather|RainDance|[upkeep]\n|upkeep\n|turn|2\n|\n|t:|1774292083\n|switch|p2b: Drambor|Zamazenta-Crowned, L50|100/100\n|-ability|p2b: Drambor|Dauntless Shield|boost\n|-boost|p2b: Drambor|def|1\n|switch|p1b: Flutter Mane|Flutter Mane, L50, shiny|100/100\n|move|p1a: Xerxes|Sucker Punch||[still]\n|-fail|p1a: Xerxes\n|move|p2a: Vangwe|Bleakwind Storm|p1b: Flutter Mane|[spread] p1a,p1b\n|-supereffective|p1a: Xerxes\n|-damage|p1a: Xerxes|45/100\n|-damage|p1b: Flutter Mane|64/100\n|\n|-weather|RainDance|[upkeep]\n|upkeep\n|turn|3\n|\n|t:|1774292103\n|-end|p1a: Xerxes|Protosynthesis|[silent]\n|switch|p1a: Finney|Koraidon, L50|100/100\n|-weather|SunnyDay|[from] ability: Orichalcum Pulse|[of] p1a: Finney\n|-activate|p1b: Flutter Mane|ability: Protosynthesis\n|-start|p1b: Flutter Mane|protosynthesisspe\n|-activate|p1a: Finney|Orichalcum Pulse|[source]\n|move|p1b: Flutter Mane|Icy Wind|p2b: Drambor|[spread] p2a,p2b\n|-supereffective|p2a: Vangwe\n|-crit|p2a: Vangwe\n|-resisted|p2b: Drambor\n|-damage|p2a: Vangwe|57/100\n|-damage|p2b: Drambor|95/100\n|-unboost|p2b: Drambor|spe|1\n|move|p2a: Vangwe|Bleakwind Storm|p1b: Flutter Mane|[spread] p1b\n|-miss|p2a: Vangwe|p1a: Finney\n|-crit|p1b: Flutter Mane\n|-damage|p1b: Flutter Mane|7/100\n|move|p2b: Drambor|Behemoth Bash|p1b: Flutter Mane\n|-supereffective|p1b: Flutter Mane\n|-damage|p1b: Flutter Mane|0 fnt\n|faint|p1b: Flutter Mane\n|-end|p1b: Flutter Mane|Protosynthesis|[silent]\n|\n|-weather|SunnyDay|[upkeep]\n|upkeep\n|inactive|darthflyer has 30 seconds left.\n|\n|t:|1774292131\n|switch|p1b: Xerxes|Brute Bonnet, L50, shiny|45/100\n|-activate|p1b: Xerxes|ability: Protosynthesis\n|-start|p1b: Xerxes|protosynthesisdef\n|turn|4\n|\n|t:|1774292138\n|-terastallize|p1b: Xerxes|Fire\n|move|p2a: Vangwe|Rain Dance|p2a: Vangwe\n|-weather|RainDance\n|-end|p1b: Xerxes|Protosynthesis\n|move|p1a: Finney|Flare Blitz|p2b: Drambor\n|-supereffective|p2b: Drambor\n|-damage|p2b: Drambor|72/100\n|-damage|p1a: Finney|93/100|[from] Recoil\n|-damage|p1a: Finney|83/100|[from] item: Life Orb\n|move|p2b: Drambor|Body Press|p1b: Xerxes\n|-damage|p1b: Xerxes|5/100\n|move|p1b: Xerxes|Spore|p2a: Vangwe\n|-status|p2a: Vangwe|slp|[from] move: Spore\n|\n|-weather|RainDance|[upkeep]\n|upkeep\n|turn|5\n|\n|t:|1774292158\n|switch|p1a: Hazy|Ho-Oh, L50, shiny|100/100\n|cant|p2a: Vangwe|slp\n|move|p2b: Drambor|Body Press|p1b: Xerxes\n|-damage|p1b: Xerxes|0 fnt\n|faint|p1b: Xerxes\n|-end|p1b: Xerxes|Protosynthesis|[silent]\n|\n|-weather|RainDance|[upkeep]\n|upkeep\n|\n|t:|1774292168\n|switch|p1b: Finney|Koraidon, L50|83/100\n|-weather|SunnyDay|[from] ability: Orichalcum Pulse|[of] p1b: Finney\n|-activate|p1b: Finney|Orichalcum Pulse|[source]\n|turn|6\n|\n|t:|1774292176\n|cant|p2a: Vangwe|slp\n|move|p1b: Finney|Flare Blitz|p2b: Drambor\n|-supereffective|p2b: Drambor\n|-damage|p2b: Drambor|0 fnt\n|faint|p2b: Drambor\n|-damage|p1b: Finney|59/100|[from] Recoil\n|-damage|p1b: Finney|49/100|[from] item: Life Orb\n|move|p1a: Hazy|Sacred Fire|p2a: Vangwe\n|-damage|p2a: Vangwe|0 fnt\n|faint|p2a: Vangwe\n|\n|-weather|SunnyDay|[upkeep]\n|upkeep\n|\n|t:|1774292188\n|switch|p2b: Beowulf|Urshifu-Rapid-Strike, L50, M, tera:Ghost|100/100\n|switch|p2a: Mithrandir|Calyrex-Shadow, L50|43/100\n|-ability|p2a: Mithrandir|As One\n|-ability|p2a: Mithrandir|Unnerve\n|turn|7\n|\n|t:|1774292211\n|move|p2a: Mithrandir|Astral Barrage|p1b: Finney|[spread] p1a,p1b\n|-damage|p1a: Hazy|70/100\n|-damage|p1b: Finney|0 fnt\n|faint|p1b: Finney\n|-ability|p2a: Mithrandir|Grim Neigh|boost\n|-boost|p2a: Mithrandir|spa|1\n|move|p2b: Beowulf|Surging Strikes|p1a: Hazy\n|-supereffective|p1a: Hazy\n|-crit|p1a: Hazy\n|-damage|p1a: Hazy|45/100\n|-supereffective|p1a: Hazy\n|-crit|p1a: Hazy\n|-damage|p1a: Hazy|24/100\n|-supereffective|p1a: Hazy\n|-crit|p1a: Hazy\n|-damage|p1a: Hazy|0 fnt\n|faint|p1a: Hazy\n|-hitcount|p1: Hazy|3\n|\n|win|Mirthinion\n|raw|darthflyer's rating: 1255 &rarr; <strong>1239</strong><br />(-16 for losing)\n|raw|Mirthinion's rating: 1391 &rarr; <strong>1404</strong><br />(+13 for winning)\n|l|\u2606darthflyer\n|player|p1|\n","uploadtime":1774292227,"views":63,"formatid":"gen9vgc2026regi","rating":1239,"private":0,"password":null}