{"id":"gen9vgc2026regi-2576694749","format":"[Gen 9] VGC 2026 Reg I","players":["Came Back","kyoshi4"],"log":"|j|\u2606Came Back\n|j|\u2606kyoshi4\n|t:|1775498403\n|gametype|doubles\n|player|p1|Came Back|unknown|1151\n|player|p2|kyoshi4|cynthia-gen4|1244\n|gen|9\n|tier|[Gen 9] VGC 2026 Reg I\n|rated|\n|rule|Species Clause: Limit one of each Pok\u00e9mon\n|rule|Item Clause: Limit 1 of each item\n|clearpoke\n|poke|p1|Zamazenta-*, L50|\n|poke|p1|Calyrex-Shadow, L50|\n|poke|p1|Amoonguss, L50, F|\n|poke|p1|Dragonite, L50, M|\n|poke|p1|Chien-Pao, L50|\n|poke|p1|Ogerpon-Cornerstone, L50, F|\n|poke|p2|Chien-Pao, L50|\n|poke|p2|Kyogre, L50|\n|poke|p2|Roaring Moon, L50|\n|poke|p2|Zamazenta-*, L50|\n|poke|p2|Amoonguss, L50, M|\n|poke|p2|Urshifu-*, L50, M|\n|teampreview|4\n|inactive|Battle timer is ON: inactive players will automatically lose when time's up. (requested by kyoshi4)\n|\n|t:|1775498432\n|teamsize|p1|4\n|teamsize|p2|4\n|start\n|switch|p1a: Zamazenta|Zamazenta-Crowned, L50, shiny|100/100\n|switch|p1b: Amoonguss|Amoonguss, L50, F, shiny|100/100\n|switch|p2a: Amoonguss|Amoonguss, L50, M|100/100\n|switch|p2b: Zamazenta|Zamazenta-Crowned, L50|100/100\n|-ability|p2b: Zamazenta|Dauntless Shield|boost\n|-boost|p2b: Zamazenta|def|1\n|-ability|p1a: Zamazenta|Dauntless Shield|boost\n|-boost|p1a: Zamazenta|def|1\n|turn|1\n|\n|t:|1775498455\n|-terastallize|p2b: Zamazenta|Grass\n|move|p2b: Zamazenta|Behemoth Bash|p1b: Amoonguss\n|-damage|p1b: Amoonguss|70/100\n|-damage|p2b: Zamazenta|84/100|[from] item: Rocky Helmet|[of] p1b: Amoonguss\n|move|p1a: Zamazenta|Body Press|p2a: Amoonguss\n|-resisted|p2a: Amoonguss\n|-crit|p2a: Amoonguss\n|-damage|p2a: Amoonguss|59/100\n|-damage|p1a: Zamazenta|84/100|[from] item: Rocky Helmet|[of] p2a: Amoonguss\n|move|p1b: Amoonguss|Spore|p2b: Zamazenta\n|-immune|p2b: Zamazenta\n|move|p2a: Amoonguss|Spore|p1a: Zamazenta\n|-status|p1a: Zamazenta|slp|[from] move: Spore\n|\n|upkeep\n|turn|2\n|inactive|Came Back has 30 seconds left.\n|inactive|kyoshi4 has 30 seconds left.\n|inactive|Came Back has 20 seconds left.\n|\n|t:|1775498494\n|cant|p1a: Zamazenta|slp\n|move|p2b: Zamazenta|Body Press|p1a: Zamazenta\n|-supereffective|p1a: Zamazenta\n|-damage|p1a: Zamazenta|36/100 slp\n|move|p1b: Amoonguss|Sludge Bomb|p2a: Amoonguss\n|-damage|p2a: Amoonguss|33/100\n|move|p2a: Amoonguss|Spore|p1a: Zamazenta\n|-fail|p1a: Zamazenta|slp\n|\n|upkeep\n|turn|3\n|inactive|Came Back has 30 seconds left.\n|inactive|kyoshi4 has 30 seconds left.\n|\n|t:|1775498549\n|switch|p2a: Roaring Moon|Roaring Moon, L50|100/100\n|-enditem|p2a: Roaring Moon|Booster Energy\n|-activate|p2a: Roaring Moon|ability: Protosynthesis|[fromitem]\n|-start|p2a: Roaring Moon|protosynthesisspe\n|cant|p1a: Zamazenta|slp\n|move|p2b: Zamazenta|Behemoth Bash|p1b: Amoonguss\n|-damage|p1b: Amoonguss|37/100\n|-damage|p2b: Zamazenta|67/100|[from] item: Rocky Helmet|[of] p1b: Amoonguss\n|move|p1b: Amoonguss|Sludge Bomb|p2b: Zamazenta\n|-supereffective|p2b: Zamazenta\n|-damage|p2b: Zamazenta|33/100\n|-status|p2b: Zamazenta|psn\n|\n|-damage|p2b: Zamazenta|21/100 psn|[from] psn\n|upkeep\n|turn|4\n|inactive|Came Back has 30 seconds left.\n|inactive|Came Back has 20 seconds left.\n|inactive|Came Back has 15 seconds left.\n|inactive|Came Back has 10 seconds left.\n|\n|t:|1775498596\n|move|p1b: Amoonguss|Protect|p1b: Amoonguss\n|-singleturn|p1b: Amoonguss|Protect\n|move|p2a: Roaring Moon|Acrobatics|p1b: Amoonguss\n|-activate|p1b: Amoonguss|move: Protect\n|-curestatus|p1a: Zamazenta|slp|[msg]\n|move|p1a: Zamazenta|Body Press|p2b: Zamazenta\n|-damage|p2b: Zamazenta|0 fnt\n|faint|p2b: Zamazenta\n|\n|upkeep\n|\n|t:|1775498606\n|switch|p2b: Kyogre|Kyogre, L50|100/100\n|-weather|RainDance|[from] ability: Drizzle|[of] p2b: Kyogre\n|turn|5\n|inactive|Came Back has 30 seconds left.\n|inactive|Came Back has 20 seconds left.\n|inactive|Came Back has 15 seconds left.\n|inactive|Came Back has 10 seconds left.\n|\n|t:|1775498652\n|move|p1a: Zamazenta|Protect|p1a: Zamazenta\n|-singleturn|p1a: Zamazenta|Protect\n|move|p2a: Roaring Moon|Acrobatics|p1b: Amoonguss\n|-supereffective|p1b: Amoonguss\n|-damage|p1b: Amoonguss|0 fnt\n|-damage|p2a: Roaring Moon|84/100|[from] item: Rocky Helmet|[of] p1b: Amoonguss\n|faint|p1b: Amoonguss\n|move|p2b: Kyogre|Water Spout|p1a: Zamazenta\n|-activate|p1a: Zamazenta|move: Protect\n|\n|-weather|RainDance|[upkeep]\n|upkeep\n|\n|t:|1775498656\n|switch|p1b: Dragonite|Dragonite, L50, M|100/100\n|turn|6\n|inactive|Came Back has 30 seconds left.\n|inactive|Came Back has 20 seconds left.\n|inactive|Came Back has 15 seconds left.\n|\n|t:|1775498697\n|switch|p2b: Amoonguss|Amoonguss, L50, M|67/100\n|move|p1a: Zamazenta|Wide Guard|p1a: Zamazenta\n|-singleturn|p1a: Zamazenta|Wide Guard\n|move|p1b: Dragonite|Extreme Speed|p2b: Amoonguss\n|-damage|p2b: Amoonguss|30/100\n|-damage|p1b: Dragonite|84/100|[from] item: Rocky Helmet|[of] p2b: Amoonguss\n|move|p2a: Roaring Moon|Knock Off|p1b: Dragonite\n|-damage|p1b: Dragonite|36/100\n|-enditem|p1b: Dragonite|Choice Band|[from] move: Knock Off|[of] p2a: Roaring Moon\n|\n|-weather|RainDance|[upkeep]\n|upkeep\n|turn|7\n|inactive|Came Back has 30 seconds left.\n|inactive|kyoshi4 has 30 seconds left.\n|inactive|Came Back has 20 seconds left.\n|inactive|Came Back has 15 seconds left.\n|\n|t:|1775498738\n|move|p1b: Dragonite|Extreme Speed|p2a: Roaring Moon\n|-damage|p2a: Roaring Moon|50/100\n|move|p2a: Roaring Moon|Tailwind|p2a: Roaring Moon\n|-sidestart|p2: kyoshi4|move: Tailwind\n|move|p1a: Zamazenta|Body Press|p2a: Roaring Moon\n|-supereffective|p2a: Roaring Moon\n|-damage|p2a: Roaring Moon|0 fnt\n|faint|p2a: Roaring Moon\n|-end|p2a: Roaring Moon|Protosynthesis|[silent]\n|move|p2b: Amoonguss|Spore|p1a: Zamazenta\n|-status|p1a: Zamazenta|slp|[from] move: Spore\n|\n|-weather|RainDance|[upkeep]\n|upkeep\n|\n|t:|1775498748\n|switch|p2a: Kyogre|Kyogre, L50|100/100\n|turn|8\n|\n|t:|1775498766\n|cant|p1a: Zamazenta|slp\n|move|p1b: Dragonite|Extreme Speed|p2a: Kyogre\n|-damage|p2a: Kyogre|69/100\n|move|p2a: Kyogre|Water Spout|p1a: Zamazenta|[spread] p1a,p1b\n|-resisted|p1b: Dragonite\n|-damage|p1a: Zamazenta|0 fnt\n|-damage|p1b: Dragonite|0 fnt\n|faint|p1a: Zamazenta\n|faint|p1b: Dragonite\n|move|p2b: Amoonguss|Spore|p1: Zamazenta|[notarget]\n|-fail|p2b: Amoonguss\n|\n|-weather|RainDance|[upkeep]\n|upkeep\n|\n|t:|1775498774\n|switch|p1b: Calyrex|Calyrex-Shadow, L50|100/100\n|-ability|p1b: Calyrex|As One\n|-ability|p1b: Calyrex|Unnerve\n|turn|9\n|\n|t:|1775498786\n|move|p1b: Calyrex|Protect|p1b: Calyrex\n|-singleturn|p1b: Calyrex|Protect\n|move|p2b: Amoonguss|Protect|p2b: Amoonguss\n|-singleturn|p2b: Amoonguss|Protect\n|move|p2a: Kyogre|Water Spout|p1b: Calyrex\n|-activate|p1b: Calyrex|move: Protect\n|\n|-weather|none\n|upkeep\n|turn|10\n|\n|t:|1775498802\n|-terastallize|p1b: Calyrex|Ghost\n|move|p2a: Kyogre|Water Spout|p1b: Calyrex\n|-damage|p1b: Calyrex|27/100\n|move|p1b: Calyrex|Astral Barrage|p2a: Kyogre|[spread] p2a,p2b\n|-damage|p2a: Kyogre|17/100\n|-damage|p2b: Amoonguss|0 fnt\n|faint|p2b: Amoonguss\n|-ability|p1b: Calyrex|Grim Neigh|boost\n|-boost|p1b: Calyrex|spa|1\n|\n|-sideend|p2: kyoshi4|move: Tailwind\n|upkeep\n|turn|11\n|\n|t:|1775498813\n|move|p1b: Calyrex|Astral Barrage|p2a: Kyogre\n|-damage|p2a: Kyogre|0 fnt\n|faint|p2a: Kyogre\n|\n|win|Came Back\n|raw|Came Back's rating: 1151 &rarr; <strong>1183</strong><br />(+32 for winning)\n|raw|kyoshi4's rating: 1244 &rarr; <strong>1212</strong><br />(-32 for losing)\n","uploadtime":1775498816,"views":209,"formatid":"gen9vgc2026regi","rating":1183,"private":0,"password":null}