{"id":"gen9vgc2026regi-2564564428","format":"[Gen 9] VGC 2026 Reg I","players":["it'sjustken vgc","GBVGC Dinonugget"],"log":"|j|\u2606it'sjustken vgc\n|j|\u2606GBVGC Dinonugget\n|t:|1774164889\n|gametype|doubles\n|player|p1|it'sjustken vgc|266|\n|player|p2|GBVGC Dinonugget|102|\n|gen|9\n|tier|[Gen 9] VGC 2026 Reg I\n|rated|Tournament battle\n|rule|Species Clause: Limit one of each Pok\u00e9mon\n|rule|Item Clause: Limit 1 of each item\n|clearpoke\n|poke|p1|Iron Hands, L50|\n|poke|p1|Incineroar, L50, M|\n|poke|p1|Calyrex-Shadow, L50|\n|poke|p1|Whimsicott, L50, F|\n|poke|p1|Farigiraf, L50, F|\n|poke|p1|Miraidon, L50|\n|poke|p2|Koraidon, L50|\n|poke|p2|Calyrex-Shadow, L50|\n|poke|p2|Whimsicott, L50, F|\n|poke|p2|Ditto, L50|\n|poke|p2|Rillaboom, L50, M|\n|poke|p2|Flamigo, L50, M|\n|teampreview|4\n|inactive|Battle timer is ON: inactive players will automatically lose when time's up. (requested by it'sjustken vgc)\n|c|\u2606it'sjustken vgc|glhf!\nit'sjustken vgc has agreed to open team sheets.\nGBVGC Dinonugget has agreed to open team sheets.\n|showteam|p1|Iron Hands||AssaultVest|QuarkDrive|FakeOut,DrainPunch,WildCharge,LowKick||||||50|,,,,,Water]Incineroar||RockyHelmet|Intimidate|FakeOut,Uturn,KnockOff,FlareBlitz|||M|||50|,,,,,Bug]Calyrex-Shadow||FocusSash|AsOneSpectrier|Protect,AstralBarrage,Psychic,Imprison||||||50|,,,,,Ghost]Whimsicott||CovertCloak|Prankster|Tailwind,Encore,Moonblast,LightScreen|||F|||50|,,,,,Fire]Farigiraf||ElectricSeed|ArmorTail|TrickRoom,Roar,Psychic,HelpingHand|||F|||50|,,,,,Water]Miraidon||ChoiceSpecs|HadronEngine|ElectroDrift,VoltSwitch,DracoMeteor,DazzlingGleam||||||50|,,,,,Fairy\n|showteam|p2|Koraidon||ClearAmulet|OrichalcumPulse|FlareBlitz,CollisionCourse,FlameCharge,Protect||||||50|,,,,,Fire]Calyrex-Shadow||LifeOrb|AsOneSpectrier|AstralBarrage,Psychic,Substitute,Protect||||||50|,,,,,Dark]Whimsicott||CovertCloak|Prankster|Moonblast,Tailwind,Taunt,Encore|||F|||50|,,,,,Dark]Ditto||QuickClaw|Imposter|Transform||||||50|,,,,,Normal]Rillaboom||AssaultVest|GrassySurge|WoodHammer,GrassyGlide,FakeOut,Uturn|||M|||50|,,,,,Water]Flamigo||FocusSash|Scrappy|CloseCombat,Feint,WideGuard,Detect|||M|||50|,,,,,Ghost\n|c|\u2606GBVGC Dinonugget|glhf\n|inactive|it'sjustken vgc has 60 seconds left.\n|inactive|GBVGC Dinonugget has 60 seconds left.\n|inactive|GBVGC Dinonugget has 30 seconds left.\n|inactive|GBVGC Dinonugget has 20 seconds left.\n|inactive|GBVGC Dinonugget has 15 seconds left.\n|\n|t:|1774164969\n|teamsize|p1|4\n|teamsize|p2|4\n|start\n|switch|p1a: Ferrari|Miraidon, L50, shiny|100/100\n|switch|p1b: Alpine|Whimsicott, L50, F|100/100\n|switch|p2a: Shamone Rider|Calyrex-Shadow, L50|100/100\n|switch|p2b: Silverback|Rillaboom, L50, M, shiny|100/100\n|-ability|p2a: Shamone Rider|As One\n|-ability|p2a: Shamone Rider|Unnerve\n|-fieldstart|move: Electric Terrain|[from] ability: Hadron Engine|[of] p1a: Ferrari\n|-fieldstart|move: Grassy Terrain|[from] ability: Grassy Surge|[of] p2b: Silverback\n|turn|1\n|\n|t:|1774164977\n|move|p2b: Silverback|Fake Out|p1a: Ferrari\n|-damage|p1a: Ferrari|90/100\n|move|p1b: Alpine|Light Screen|p1b: Alpine\n|-sidestart|p1: it'sjustken vgc|move: Light Screen\n|move|p2a: Shamone Rider|Astral Barrage|p1a: Ferrari|[spread] p1a,p1b\n|-damage|p1a: Ferrari|54/100\n|-damage|p1b: Alpine|35/100\n|-damage|p2a: Shamone Rider|91/100|[from] item: Life Orb\n|cant|p1a: Ferrari|flinch\n|\n|-heal|p2a: Shamone Rider|97/100|[from] Grassy Terrain\n|-heal|p1b: Alpine|41/100|[from] Grassy Terrain\n|-heal|p1a: Ferrari|60/100|[from] Grassy Terrain\n|upkeep\n|turn|2\n|\n|t:|1774164988\n|move|p1b: Alpine|Tailwind|p1b: Alpine\n|-sidestart|p1: it'sjustken vgc|move: Tailwind\n|move|p2b: Silverback|Grassy Glide|p1a: Ferrari\n|-resisted|p1a: Ferrari\n|-damage|p1a: Ferrari|45/100\n|move|p1a: Ferrari|Volt Switch|p2b: Silverback\n|-resisted|p2b: Silverback\n|-damage|p2b: Silverback|81/100\n|\n|t:|1774164991\n|switch|p1a: Red Bull|Incineroar, L50, M|100/100|[from] Volt Switch\n|-ability|p1a: Red Bull|Intimidate|boost\n|-unboost|p2a: Shamone Rider|atk|1\n|-unboost|p2b: Silverback|atk|1\n|move|p2a: Shamone Rider|Astral Barrage|p1a: Red Bull|[spread] p1a,p1b\n|-resisted|p1a: Red Bull\n|-damage|p1a: Red Bull|80/100\n|-damage|p1b: Alpine|0 fnt\n|faint|p1b: Alpine\n|-ability|p2a: Shamone Rider|Grim Neigh|boost\n|-boost|p2a: Shamone Rider|spa|1\n|-damage|p2a: Shamone Rider|88/100|[from] item: Life Orb\n|\n|-heal|p2a: Shamone Rider|94/100|[from] Grassy Terrain\n|-heal|p1a: Red Bull|86/100|[from] Grassy Terrain\n|-heal|p2b: Silverback|86/100|[from] Grassy Terrain\n|upkeep\n|\n|t:|1774164993\n|switch|p1b: Mercedes|Calyrex-Shadow, L50|100/100\n|-ability|p1b: Mercedes|As One\n|-ability|p1b: Mercedes|Unnerve\n|turn|3\n|\n|t:|1774165015\n|-terastallize|p1b: Mercedes|Ghost\n|-terastallize|p2a: Shamone Rider|Dark\n|move|p1a: Red Bull|Fake Out|p2b: Silverback\n|-damage|p2b: Silverback|78/100\n|cant|p2b: Silverback|flinch\n|move|p1b: Mercedes|Imprison|p1b: Mercedes\n|-start|p1b: Mercedes|move: Imprison\n|cant|p2a: Shamone Rider|move: Imprison|Astral Barrage\n|\n|-heal|p2a: Shamone Rider|99/100|[from] Grassy Terrain\n|-heal|p1a: Red Bull|92/100|[from] Grassy Terrain\n|-heal|p2b: Silverback|84/100|[from] Grassy Terrain\n|upkeep\n|turn|4\n|\n|t:|1774165030\n|switch|p2a: Pink Floyd|Flamigo, L50, M|100/100\n|move|p1b: Mercedes|Astral Barrage|p2a: Pink Floyd|[spread] p2a,p2b\n|-enditem|p2a: Pink Floyd|Focus Sash\n|-damage|p2a: Pink Floyd|1/100\n|-damage|p2b: Silverback|40/100\n|move|p1a: Red Bull|U-turn|p2b: Silverback\n|-supereffective|p2b: Silverback\n|-damage|p2b: Silverback|11/100\n|\n|t:|1774165039\n|switch|p1a: Ferrari|Miraidon, L50, shiny|45/100|[from] U-turn\n|-fieldstart|move: Electric Terrain|[from] ability: Hadron Engine|[of] p1a: Ferrari\n|move|p2b: Silverback|Wood Hammer|p1b: Mercedes\n|-damage|p1b: Mercedes|54/100\n|-damage|p2b: Silverback|0 fnt|[from] Recoil\n|faint|p2b: Silverback\n|\n|upkeep\n|\n|t:|1774165048\n|switch|p2b: Primordial Soup|Ditto, L50, shiny|100/100\n|-transform|p2b: Primordial Soup|p1a: Ferrari|[from] ability: Imposter\n|-activate|p2b: Primordial Soup|ability: Hadron Engine\n|turn|5\n|\n|t:|1774165060\n|move|p2a: Pink Floyd|Wide Guard|p2a: Pink Floyd\n|-singleturn|p2a: Pink Floyd|Wide Guard\n|move|p1b: Mercedes|Psychic|p2a: Pink Floyd\n|-supereffective|p2a: Pink Floyd\n|-damage|p2a: Pink Floyd|0 fnt\n|faint|p2a: Pink Floyd\n|-ability|p1b: Mercedes|Grim Neigh|boost\n|-boost|p1b: Mercedes|spa|1\n|move|p1a: Ferrari|Draco Meteor|p2b: Primordial Soup\n|-supereffective|p2b: Primordial Soup\n|-damage|p2b: Primordial Soup|0 fnt\n|-unboost|p1a: Ferrari|spa|2\n|faint|p2b: Primordial Soup\n|\n|-sideend|p1: it'sjustken vgc|move: Light Screen\n|-sideend|p1: it'sjustken vgc|move: Tailwind\n|upkeep\n|c|\u2606it'sjustken vgc|gg wp\n|\n|t:|1774165070\n|switch|p2b: Shamone Rider|Calyrex-Shadow, L50, tera:Dark|99/100\n|-ability|p2b: Shamone Rider|As One\n|-ability|p2b: Shamone Rider|Unnerve\n|turn|6\n|c|\u2606GBVGC Dinonugget|gg\n|-message|GBVGC Dinonugget forfeited.\n|\n|win|it'sjustken vgc\n|n|\u2606it'sjustken vgc|itsjustkenvgc\n|n|\u2606GBVGC Dinonugget|gbvgcdinonugget\n|l|\u2606GBVGC Dinonugget\n|player|p2|\n","uploadtime":1774165078,"views":10,"formatid":"gen9vgc2026regi","rating":null,"private":0,"password":null}