{"id":"gen9vgc2026regi-2540547955","format":"[Gen 9] VGC 2026 Reg I","players":["trackenjoyer","huanyu0.0"],"log":"|j|\u2606trackenjoyer\n|j|\u2606huanyu0.0\n|t:|1771216238\n|gametype|doubles\n|player|p1|trackenjoyer|falkner|1330\n|player|p2|huanyu0.0|101|1463\n|gen|9\n|tier|[Gen 9] VGC 2026 Reg I\n|rated|\n|rule|Species Clause: Limit one of each Pok\u00e9mon\n|rule|Item Clause: Limit 1 of each item\n|clearpoke\n|poke|p1|Grimmsnarl, L50, M|\n|poke|p1|Terapagos, L50, M|\n|poke|p1|Gholdengo, L50|\n|poke|p1|Miraidon, L50|\n|poke|p1|Urshifu-*, L50, M|\n|poke|p1|Sinistcha, L50|\n|poke|p2|Miraidon, L50|\n|poke|p2|Calyrex-Ice, L50|\n|poke|p2|Whimsicott, L50, M|\n|poke|p2|Landorus, L50, M|\n|poke|p2|Incineroar, L50, F|\n|poke|p2|Farigiraf, L50, M|\n|teampreview|4\n|inactive|Battle timer is ON: inactive players will automatically lose when time's up. (requested by trackenjoyer)\n|inactive|trackenjoyer has 60 seconds left.\n|inactive|huanyu0.0 has 60 seconds left.\n|\n|t:|1771216276\n|teamsize|p1|4\n|teamsize|p2|4\n|start\n|switch|p1a: Grimmsnarl|Grimmsnarl, L50, M|100/100\n|switch|p1b: Gholdengo|Gholdengo, L50|100/100\n|switch|p2a: Calyrex|Calyrex-Ice, L50|100/100\n|switch|p2b: Whimsicott|Whimsicott, L50, M|100/100\n|-ability|p2a: Calyrex|As One\n|-ability|p2a: Calyrex|Unnerve\n|turn|1\n|inactive|huanyu0.0 has 30 seconds left.\n|\n|t:|1771216303\n|switch|p2a: Miraidon|Miraidon, L50|100/100\n|-fieldstart|move: Electric Terrain|[from] ability: Hadron Engine|[of] p2a: Miraidon\n|move|p2b: Whimsicott|Light Screen|p2b: Whimsicott\n|-sidestart|p2: huanyu0.0|move: Light Screen\n|move|p1a: Grimmsnarl|Reflect|p1a: Grimmsnarl\n|-sidestart|p1: trackenjoyer|Reflect\n|move|p1b: Gholdengo|Make It Rain|p2b: Whimsicott|[spread] p2a,p2b\n|-resisted|p2a: Miraidon\n|-supereffective|p2b: Whimsicott\n|-damage|p2a: Miraidon|81/100\n|-damage|p2b: Whimsicott|0 fnt\n|-unboost|p1b: Gholdengo|spa|1\n|faint|p2b: Whimsicott\n|\n|upkeep\n|\n|t:|1771216318\n|switch|p2b: Calyrex|Calyrex-Ice, L50|100/100\n|-ability|p2b: Calyrex|As One\n|-ability|p2b: Calyrex|Unnerve\n|turn|2\n|\n|t:|1771216327\n|-terastallize|p2b: Calyrex|Fairy\n|move|p1a: Grimmsnarl|Trick|p2b: Calyrex\n|-activate|p1a: Grimmsnarl|move: Trick|[of] p2b: Calyrex\n|-item|p2b: Calyrex|Lagging Tail|[from] move: Trick\n|-item|p1a: Grimmsnarl|Clear Amulet|[from] move: Trick\n|move|p2a: Miraidon|Volt Switch|p1b: Gholdengo\n|-damage|p1b: Gholdengo|0 fnt\n|faint|p1b: Gholdengo\n|\n|t:|1771216340\n|switch|p2a: Landorus|Landorus, L50, M|100/100|[from] Volt Switch\n|move|p2b: Calyrex|Trick Room|p2b: Calyrex\n|-fieldstart|move: Trick Room|[of] p2b: Calyrex\n|\n|upkeep\n|\n|t:|1771216345\n|switch|p1b: Terapagos|Terapagos, L50, M|100/100\n|-activate|p1b: Terapagos|ability: Tera Shift\n|detailschange|p1b: Terapagos|Terapagos-Terastal, L50, M\n|-heal|p1b: Terapagos|100/100|[silent]\n|turn|3\n|inactive|huanyu0.0 has 30 seconds left.\n|\n|t:|1771216371\n|move|p1a: Grimmsnarl|Light Screen|p1a: Grimmsnarl\n|-sidestart|p1: trackenjoyer|move: Light Screen\n|move|p1b: Terapagos|Calm Mind|p1b: Terapagos\n|-boost|p1b: Terapagos|spa|1\n|-boost|p1b: Terapagos|spd|1\n|move|p2a: Landorus|Sandsear Storm|p1a: Grimmsnarl|[spread] p1a\n|-miss|p2a: Landorus|p1b: Terapagos\n|-crit|p1a: Grimmsnarl\n|-damage|p1a: Grimmsnarl|1/100\n|move|p2b: Calyrex|Glacial Lance|p1a: Grimmsnarl|[spread] p1a,p1b\n|-activate|p1b: Terapagos|ability: Tera Shell\n|-resisted|p1b: Terapagos\n|-damage|p1a: Grimmsnarl|0 fnt\n|-damage|p1b: Terapagos|85/100\n|faint|p1a: Grimmsnarl\n|-ability|p2b: Calyrex|Chilling Neigh|boost\n|-boost|p2b: Calyrex|atk|1\n|\n|-heal|p1b: Terapagos|91/100|[from] item: Leftovers\n|upkeep\n|\n|t:|1771216383\n|switch|p1a: Sinistcha|Sinistcha, L50|100/100\n|-heal|p1b: Terapagos|100/100|[from] ability: Hospitality|[of] p1a: Sinistcha\n|turn|4\n|\n|t:|1771216397\n|-terastallize|p1b: Terapagos|Stellar\n|detailschange|p1b: Terapagos|Terapagos-Stellar, L50, M, tera:Stellar\n|-heal|p1b: Terapagos|100/100|[silent]\n|-ability|p1b: Terapagos|Teraform Zero\n|-fieldend|move: Electric Terrain\n|move|p1a: Sinistcha|Matcha Gotcha|p2b: Calyrex|[spread] p2a,p2b\n|-damage|p2a: Landorus|81/100\n|-damage|p2b: Calyrex|90/100\n|move|p1b: Terapagos|Tera Starstorm|p2a: Landorus|[spread] p2a,p2b\n|-supereffective|p2b: Calyrex\n|-damage|p2a: Landorus|34/100\n|-damage|p2b: Calyrex|42/100\n|move|p2a: Landorus|Sandsear Storm|p1b: Terapagos|[spread] p1a,p1b\n|-resisted|p1a: Sinistcha\n|-damage|p1a: Sinistcha|72/100\n|-damage|p1b: Terapagos|82/100\n|move|p2b: Calyrex|Glacial Lance|p1b: Terapagos|[spread] p1a,p1b\n|-supereffective|p1a: Sinistcha\n|-damage|p1a: Sinistcha|0 fnt\n|-damage|p1b: Terapagos|45/100\n|faint|p1a: Sinistcha\n|-ability|p2b: Calyrex|Chilling Neigh|boost\n|-boost|p2b: Calyrex|atk|1\n|\n|-heal|p1b: Terapagos|51/100|[from] item: Leftovers\n|upkeep\n|turn|5\n|inactive|huanyu0.0 has 30 seconds left.\n|\n|t:|1771216426\n|move|p2a: Landorus|Protect|p2a: Landorus\n|-singleturn|p2a: Landorus|Protect\n|move|p2b: Calyrex|Protect|p2b: Calyrex\n|-singleturn|p2b: Calyrex|Protect\n|move|p1b: Terapagos|Tera Starstorm|p2a: Landorus|[spread] \n|-activate|p2a: Landorus|move: Protect\n|-activate|p2b: Calyrex|move: Protect\n|\n|-heal|p1b: Terapagos|57/100|[from] item: Leftovers\n|-sideend|p1: trackenjoyer|Reflect\n|-sideend|p2: huanyu0.0|move: Light Screen\n|upkeep\n|turn|6\n|\n|t:|1771216440\n|move|p1b: Terapagos|Tera Starstorm|p2b: Calyrex|[spread] p2a,p2b\n|-supereffective|p2b: Calyrex\n|-damage|p2a: Landorus|0 fnt\n|-damage|p2b: Calyrex|0 fnt\n|faint|p2a: Landorus\n|faint|p2b: Calyrex\n|\n|-heal|p1b: Terapagos|63/100|[from] item: Leftovers\n|-fieldend|move: Trick Room\n|upkeep\n|\n|t:|1771216444\n|switch|p2b: Miraidon|Miraidon, L50|81/100\n|-fieldstart|move: Electric Terrain|[from] ability: Hadron Engine|[of] p2b: Miraidon\n|turn|7\n|\n|t:|1771216450\n|move|p2b: Miraidon|Electro Drift|p1b: Terapagos\n|-damage|p1b: Terapagos|24/100\n|move|p1b: Terapagos|Earth Power|p2b: Miraidon\n|-supereffective|p2b: Miraidon\n|-damage|p2b: Miraidon|0 fnt\n|faint|p2b: Miraidon\n|\n|win|trackenjoyer\n|raw|trackenjoyer's rating: 1330 &rarr; <strong>1357</strong><br />(+27 for winning)\n|raw|huanyu0.0's rating: 1463 &rarr; <strong>1436</strong><br />(-27 for losing)\n|l|\u2606trackenjoyer\n|player|p1|\n|l|\u2606huanyu0.0\n|player|p2|\n","uploadtime":1771216590,"views":33,"formatid":"gen9vgc2026regi","rating":1357,"private":0,"password":null}