{"id":"gen9vgc2026regi-2568520218","format":"[Gen 9] VGC 2026 Reg I","players":["kitucho","XxxInnovationxxX"],"log":"|j|\u2606kitucho\n|j|\u2606XxxInnovationxxX\n|t:|1774589368\n|gametype|doubles\n|player|p1|kitucho|2|1229\n|player|p2|XxxInnovationxxX|2|1341\n|gen|9\n|tier|[Gen 9] VGC 2026 Reg I\n|rated|\n|rule|Species Clause: Limit one of each Pok\u00e9mon\n|rule|Item Clause: Limit 1 of each item\n|clearpoke\n|poke|p1|Giratina-Origin, L50|\n|poke|p1|Zamazenta-*, L50|\n|poke|p1|Entei, L50|\n|poke|p1|Chien-Pao, L50|\n|poke|p1|Rillaboom, L50, F|\n|poke|p1|Moltres-Galar, L50|\n|poke|p2|Whimsicott, L50, F|\n|poke|p2|Koraidon, L50|\n|poke|p2|Gouging Fire, L50|\n|poke|p2|Urshifu-*, L50, F|\n|poke|p2|Indeedee-F, L50, F|\n|poke|p2|Calyrex-Shadow, L50|\n|teampreview|4\n|inactive|Battle timer is ON: inactive players will automatically lose when time's up. (requested by XxxInnovationxxX)\n|\n|t:|1774589416\n|teamsize|p1|4\n|teamsize|p2|4\n|start\n|switch|p1a: Moltres|Moltres-Galar, L50|100/100\n|switch|p1b: Rillaboom|Rillaboom, L50, F|100/100\n|switch|p2a: Koraidon|Koraidon, L50|100/100\n|switch|p2b: Indeedee|Indeedee-F, L50, F|100/100\n|-weather|SunnyDay|[from] ability: Orichalcum Pulse|[of] p2a: Koraidon\n|-activate|p2a: Koraidon|Orichalcum Pulse|[source]\n|-fieldstart|move: Psychic Terrain|[from] ability: Psychic Surge|[of] p2b: Indeedee\n|-fieldstart|move: Grassy Terrain|[from] ability: Grassy Surge|[of] p1b: Rillaboom\n|turn|1\n|inactive|kitucho has 30 seconds left.\n|inactive|XxxInnovationxxX has 30 seconds left.\n|\n|t:|1774589448\n|switch|p2b: Gouging Fire|Gouging Fire, L50|100/100\n|-activate|p2b: Gouging Fire|ability: Protosynthesis\n|-start|p2b: Gouging Fire|protosynthesisspe\n|move|p2a: Koraidon|Protect|p2a: Koraidon\n|-singleturn|p2a: Koraidon|Protect\n|move|p1b: Rillaboom|Fake Out|p2a: Koraidon\n|-activate|p2a: Koraidon|move: Protect\n|move|p1a: Moltres|Tailwind|p1a: Moltres\n|-sidestart|p1: kitucho|move: Tailwind\n|\n|-weather|SunnyDay|[upkeep]\n|upkeep\n|turn|2\n|inactive|kitucho has 30 seconds left.\n|inactive|XxxInnovationxxX has 30 seconds left.\n|inactive|XxxInnovationxxX has 20 seconds left.\n|inactive|XxxInnovationxxX has 15 seconds left.\n|\n|t:|1774589489\n|-terastallize|p2a: Koraidon|Fire\n|-terastallize|p1b: Rillaboom|Fire\n|move|p1a: Moltres|Air Slash|p2a: Koraidon\n|-damage|p2a: Koraidon|73/100\n|move|p2b: Gouging Fire|Howl|p2b: Gouging Fire|[spread] p2a,p2b\n|-boost|p2a: Koraidon|atk|1\n|-boost|p2b: Gouging Fire|atk|1\n|move|p2a: Koraidon|Flare Blitz|p1a: Moltres\n|-damage|p1a: Moltres|0 fnt\n|faint|p1a: Moltres\n|-damage|p2a: Koraidon|40/100|[from] Recoil\n|move|p1b: Rillaboom|U-turn|p2a: Koraidon\n|-resisted|p2a: Koraidon\n|-damage|p2a: Koraidon|28/100\n|\n|t:|1774589503\n|switch|p1b: Giratina|Giratina-Origin, L50, shiny|100/100|[from] U-turn\n|\n|-weather|SunnyDay|[upkeep]\n|-heal|p2a: Koraidon|34/100|[from] Grassy Terrain\n|upkeep\n|\n|t:|1774589518\n|switch|p1a: Rillaboom|Rillaboom, L50, F, tera:Fire|100/100\n|turn|3\n|\n|t:|1774589540\n|-end|p2b: Gouging Fire|Protosynthesis|[silent]\n|switch|p2b: Indeedee|Indeedee-F, L50, F|100/100\n|-fieldstart|move: Psychic Terrain|[from] ability: Psychic Surge|[of] p2b: Indeedee\n|move|p2a: Koraidon|Protect|p2a: Koraidon\n|-singleturn|p2a: Koraidon|Protect\n|move|p1a: Rillaboom|Fake Out|p2b: Indeedee\n|-activate|p2b: Indeedee|move: Psychic Terrain\n|move|p1b: Giratina|Poltergeist|p2a: Koraidon\n|-activate|p2a: Koraidon|move: Protect\n|\n|-weather|SunnyDay|[upkeep]\n|upkeep\n|turn|4\n|\n|t:|1774589561\n|move|p1b: Giratina|Protect|p1b: Giratina\n|-singleturn|p1b: Giratina|Protect\n|move|p2b: Indeedee|Follow Me|p2b: Indeedee\n|-singleturn|p2b: Indeedee|move: Follow Me\n|move|p2a: Koraidon|Dragon Claw|p1b: Giratina\n|-activate|p1b: Giratina|move: Protect\n|move|p1a: Rillaboom|U-turn|p2b: Indeedee\n|-supereffective|p2b: Indeedee\n|-damage|p2b: Indeedee|46/100\n|-damage|p1a: Rillaboom|84/100|[from] item: Rocky Helmet|[of] p2b: Indeedee\n|\n|t:|1774589571\n|switch|p1a: Chien-Pao|Chien-Pao, L50|100/100|[from] U-turn\n|-ability|p1a: Chien-Pao|Sword of Ruin\n|\n|-weather|SunnyDay|[upkeep]\n|-sideend|p1: kitucho|move: Tailwind\n|upkeep\n|turn|5\n|\n|t:|1774589586\n|switch|p2b: Gouging Fire|Gouging Fire, L50|100/100\n|-activate|p2b: Gouging Fire|ability: Protosynthesis\n|-start|p2b: Gouging Fire|protosynthesisspe\n|move|p2a: Koraidon|Protect|p2a: Koraidon\n|-singleturn|p2a: Koraidon|Protect\n|move|p1a: Chien-Pao|Ice Spinner|p2b: Gouging Fire\n|-damage|p2b: Gouging Fire|61/100\n|-fieldend|move: Psychic Terrain\n|move|p1b: Giratina|Poltergeist|p2a: Koraidon\n|-activate|p2a: Koraidon|move: Protect\n|\n|-weather|none\n|-end|p2b: Gouging Fire|Protosynthesis\n|upkeep\n|-enditem|p2b: Gouging Fire|Booster Energy\n|-activate|p2b: Gouging Fire|ability: Protosynthesis|[fromitem]\n|-start|p2b: Gouging Fire|protosynthesisspe\n|turn|6\n|inactive|XxxInnovationxxX has 30 seconds left.\n|inactive|kitucho has 30 seconds left.\n|inactive|XxxInnovationxxX has 20 seconds left.\n|inactive|XxxInnovationxxX has 15 seconds left.\n|inactive|XxxInnovationxxX has 10 seconds left.\n|\n|t:|1774589635\n|switch|p2a: Indeedee|Indeedee-F, L50, F|46/100\n|-fieldstart|move: Psychic Terrain|[from] ability: Psychic Surge|[of] p2a: Indeedee\n|move|p1a: Chien-Pao|Sucker Punch||[still]\n|-fail|p1a: Chien-Pao\n|move|p2b: Gouging Fire|Flare Blitz|p1a: Chien-Pao\n|-supereffective|p1a: Chien-Pao\n|-enditem|p1a: Chien-Pao|Focus Sash\n|-damage|p1a: Chien-Pao|1/100\n|-damage|p2b: Gouging Fire|35/100|[from] Recoil\n|move|p1b: Giratina|Draco Meteor|p2b: Gouging Fire\n|-supereffective|p2b: Gouging Fire\n|-damage|p2b: Gouging Fire|0 fnt\n|-unboost|p1b: Giratina|spa|2\n|faint|p2b: Gouging Fire\n|-end|p2b: Gouging Fire|Protosynthesis|[silent]\n|\n|upkeep\n|\n|t:|1774589655\n|switch|p2b: Calyrex|Calyrex-Shadow, L50|100/100\n|-ability|p2b: Calyrex|As One\n|-ability|p2b: Calyrex|Unnerve\n|turn|7\n|\n|t:|1774589676\n|switch|p1a: Rillaboom|Rillaboom, L50, F, tera:Fire|84/100\n|-fieldstart|move: Grassy Terrain|[from] ability: Grassy Surge|[of] p1a: Rillaboom\n|move|p2a: Indeedee|Follow Me|p2a: Indeedee\n|-singleturn|p2a: Indeedee|move: Follow Me\n|move|p2b: Calyrex|Astral Barrage|p1b: Giratina|[spread] p1a,p1b\n|-supereffective|p1b: Giratina\n|-damage|p1a: Rillaboom|48/100\n|-damage|p1b: Giratina|17/100\n|move|p1b: Giratina|Draco Meteor|p2a: Indeedee\n|-damage|p2a: Indeedee|20/100\n|-unboost|p1b: Giratina|spa|2\n|\n|-heal|p2a: Indeedee|26/100|[from] Grassy Terrain\n|-heal|p1a: Rillaboom|54/100|[from] Grassy Terrain\n|upkeep\n|turn|8\n|inactive|kitucho has 30 seconds left.\n|inactive|kitucho has 20 seconds left.\n|inactive|kitucho has 15 seconds left.\n|\n|t:|1774589720\n|switch|p2a: Koraidon|Koraidon, L50, tera:Fire|34/100\n|-weather|SunnyDay|[from] ability: Orichalcum Pulse|[of] p2a: Koraidon\n|-activate|p2a: Koraidon|Orichalcum Pulse|[source]\n|move|p1b: Giratina|Protect|p1b: Giratina\n|-singleturn|p1b: Giratina|Protect\n|move|p1a: Rillaboom|Grassy Glide|p2a: Koraidon\n|-resisted|p2a: Koraidon\n|-damage|p2a: Koraidon|16/100\n|move|p2b: Calyrex|Astral Barrage|p1b: Giratina|[spread] p1a\n|-activate|p1b: Giratina|move: Protect\n|-damage|p1a: Rillaboom|19/100\n|\n|-weather|SunnyDay|[upkeep]\n|-heal|p2a: Koraidon|23/100|[from] Grassy Terrain\n|-heal|p1a: Rillaboom|25/100|[from] Grassy Terrain\n|upkeep\n|turn|9\n|inactive|kitucho has 30 seconds left.\n|inactive|kitucho has 20 seconds left.\n|inactive|kitucho has 15 seconds left.\n|\n|t:|1774589760\n|switch|p2a: Indeedee|Indeedee-F, L50, F|26/100\n|-fieldstart|move: Psychic Terrain|[from] ability: Psychic Surge|[of] p2a: Indeedee\n|move|p2b: Calyrex|Astral Barrage|p1b: Giratina|[spread] p1a,p1b\n|-supereffective|p1b: Giratina\n|-damage|p1a: Rillaboom|0 fnt\n|-damage|p1b: Giratina|0 fnt\n|faint|p1a: Rillaboom\n|faint|p1b: Giratina\n|-ability|p2b: Calyrex|Grim Neigh|boost\n|-boost|p2b: Calyrex|spa|2\n|\n|-weather|SunnyDay|[upkeep]\n|upkeep\n|-message|kitucho forfeited.\n|\n|win|XxxInnovationxxX\n|raw|kitucho's rating: 1229 &rarr; <strong>1212</strong><br />(-17 for losing)\n|raw|XxxInnovationxxX's rating: 1341 &rarr; <strong>1355</strong><br />(+14 for winning)\n|l|\u2606kitucho\n|player|p1|\n|l|\u2606XxxInnovationxxX\n|player|p2|\n","uploadtime":1774589905,"views":10,"formatid":"gen9vgc2026regi","rating":1212,"private":0,"password":null}