{"id":"gen9vgc2026regi-2558141084","format":"[Gen 9] VGC 2026 Reg I","players":["BanKingambit69247","ScapegoatSkunk"],"log":"|j|\u2606BanKingambit69247\n|j|\u2606ScapegoatSkunk\n|t:|1773407547\n|gametype|doubles\n|player|p1|BanKingambit69247|169|1538\n|player|p2|ScapegoatSkunk|265|1486\n|gen|9\n|tier|[Gen 9] VGC 2026 Reg I\n|rated|\n|rule|Species Clause: Limit one of each Pok\u00e9mon\n|rule|Item Clause: Limit 1 of each item\n|clearpoke\n|poke|p1|Calyrex-Shadow, L50|\n|poke|p1|Zamazenta-*, L50|\n|poke|p1|Chien-Pao, L50|\n|poke|p1|Smeargle, L50, F|\n|poke|p1|Tatsugiri-Droopy, L50, F|\n|poke|p1|Dondozo, L50, M|\n|poke|p2|Zacian-*, L50|\n|poke|p2|Farigiraf, L50, M|\n|poke|p2|Tornadus, L50, M|\n|poke|p2|Rillaboom, L50, M|\n|poke|p2|Raging Bolt, L50|\n|poke|p2|Calyrex-Shadow, L50|\n|teampreview|4\n|inactive|Battle timer is ON: inactive players will automatically lose when time's up. (requested by BanKingambit69247)\n|\n|t:|1773407572\n|teamsize|p1|4\n|teamsize|p2|4\n|start\n|switch|p1a: \u8bf6\u4f60\u600e\u4e48\u6b7b\u4e86?\u267f\u267f\u267f|Calyrex-Shadow, L50|100/100\n|switch|p1b: \u9a6c\u5934\u725b\u903c\ud83d\udc36\ud83d\udc36\ud83d\udc36|Zamazenta-Crowned, L50|100/100\n|switch|p2a: Zacian|Zacian-Crowned, L50|100/100\n|switch|p2b: Tornadus|Tornadus, L50, M|100/100\n|-ability|p1a: \u8bf6\u4f60\u600e\u4e48\u6b7b\u4e86?\u267f\u267f\u267f|As One\n|-ability|p1a: \u8bf6\u4f60\u600e\u4e48\u6b7b\u4e86?\u267f\u267f\u267f|Unnerve\n|-ability|p2a: Zacian|Intrepid Sword|boost\n|-boost|p2a: Zacian|atk|1\n|-ability|p1b: \u9a6c\u5934\u725b\u903c\ud83d\udc36\ud83d\udc36\ud83d\udc36|Dauntless Shield|boost\n|-boost|p1b: \u9a6c\u5934\u725b\u903c\ud83d\udc36\ud83d\udc36\ud83d\udc36|def|1\n|turn|1\n|\n|t:|1773407601\n|-terastallize|p2b: Tornadus|Dark\n|move|p2a: Zacian|Protect|p2a: Zacian\n|-singleturn|p2a: Zacian|Protect\n|move|p1a: \u8bf6\u4f60\u600e\u4e48\u6b7b\u4e86?\u267f\u267f\u267f|Astral Barrage|p2b: Tornadus|[spread] p2b\n|-activate|p2a: Zacian|move: Protect\n|-resisted|p2b: Tornadus\n|-damage|p2b: Tornadus|52/100\n|move|p2b: Tornadus|Dark Pulse|p1a: \u8bf6\u4f60\u600e\u4e48\u6b7b\u4e86?\u267f\u267f\u267f\n|-supereffective|p1a: \u8bf6\u4f60\u600e\u4e48\u6b7b\u4e86?\u267f\u267f\u267f\n|-damage|p1a: \u8bf6\u4f60\u600e\u4e48\u6b7b\u4e86?\u267f\u267f\u267f|0 fnt\n|faint|p1a: \u8bf6\u4f60\u600e\u4e48\u6b7b\u4e86?\u267f\u267f\u267f\n|move|p1b: \u9a6c\u5934\u725b\u903c\ud83d\udc36\ud83d\udc36\ud83d\udc36|Body Press|p2a: Zacian\n|-activate|p2a: Zacian|move: Protect\n|\n|upkeep\n|\n|t:|1773407608\n|switch|p1a: \u773c\u795e\u5446\u6ede\ud83e\udd2a|Dondozo, L50, M, shiny|100/100\n|turn|2\n|\n|t:|1773407619\n|switch|p1b: \u767d\u8272\u5c0f\u6590\u6d4e\u5317\ud83d\ude0b|Tatsugiri-Droopy, L50, F, shiny|100/100\n|-activate|p1b: \u767d\u8272\u5c0f\u6590\u6d4e\u5317\ud83d\ude0b|ability: Commander|[of] p1a: \u773c\u795e\u5446\u6ede\ud83e\udd2a\n|-boost|p1a: \u773c\u795e\u5446\u6ede\ud83e\udd2a|atk|2\n|-boost|p1a: \u773c\u795e\u5446\u6ede\ud83e\udd2a|spa|2\n|-boost|p1a: \u773c\u795e\u5446\u6ede\ud83e\udd2a|spe|2\n|-boost|p1a: \u773c\u795e\u5446\u6ede\ud83e\udd2a|def|2\n|-boost|p1a: \u773c\u795e\u5446\u6ede\ud83e\udd2a|spd|2\n|move|p2b: Tornadus|Tailwind|p2b: Tornadus\n|-sidestart|p2: ScapegoatSkunk|move: Tailwind\n|move|p2a: Zacian|Sacred Sword|p1b: \u767d\u8272\u5c0f\u6590\u6d4e\u5317\ud83d\ude0b|[miss]\n|-miss|p2a: Zacian|p1b: \u767d\u8272\u5c0f\u6590\u6d4e\u5317\ud83d\ude0b\n|move|p1a: \u773c\u795e\u5446\u6ede\ud83e\udd2a|Body Press|p2b: Tornadus\n|-supereffective|p2b: Tornadus\n|-damage|p2b: Tornadus|0 fnt\n|faint|p2b: Tornadus\n|\n|upkeep\n|\n|t:|1773407625\n|switch|p2b: Raging Bolt|Raging Bolt, L50|100/100\n|-enditem|p2b: Raging Bolt|Booster Energy\n|-activate|p2b: Raging Bolt|ability: Protosynthesis|[fromitem]\n|-start|p2b: Raging Bolt|protosynthesisspa\n|turn|3\n|\n|t:|1773407630\n|-terastallize|p1a: \u773c\u795e\u5446\u6ede\ud83e\udd2a|Grass\n|move|p2a: Zacian|Sacred Sword|p1a: \u773c\u795e\u5446\u6ede\ud83e\udd2a\n|-damage|p1a: \u773c\u795e\u5446\u6ede\ud83e\udd2a|78/100\n|move|p2b: Raging Bolt|Thunderbolt|p1a: \u773c\u795e\u5446\u6ede\ud83e\udd2a\n|-resisted|p1a: \u773c\u795e\u5446\u6ede\ud83e\udd2a\n|-damage|p1a: \u773c\u795e\u5446\u6ede\ud83e\udd2a|65/100\n|move|p1a: \u773c\u795e\u5446\u6ede\ud83e\udd2a|Order Up|p2b: Raging Bolt\n|-supereffective|p2b: Raging Bolt\n|-damage|p2b: Raging Bolt|33/100\n|-boost|p1a: \u773c\u795e\u5446\u6ede\ud83e\udd2a|def|1\n|\n|-heal|p1a: \u773c\u795e\u5446\u6ede\ud83e\udd2a|71/100|[from] item: Leftovers\n|upkeep\n|turn|4\n|\n|t:|1773407646\n|move|p1a: \u773c\u795e\u5446\u6ede\ud83e\udd2a|Protect|p1a: \u773c\u795e\u5446\u6ede\ud83e\udd2a\n|-singleturn|p1a: \u773c\u795e\u5446\u6ede\ud83e\udd2a|Protect\n|move|p2a: Zacian|Sacred Sword|p1a: \u773c\u795e\u5446\u6ede\ud83e\udd2a\n|-activate|p1a: \u773c\u795e\u5446\u6ede\ud83e\udd2a|move: Protect\n|move|p2b: Raging Bolt|Draco Meteor|p1a: \u773c\u795e\u5446\u6ede\ud83e\udd2a\n|-activate|p1a: \u773c\u795e\u5446\u6ede\ud83e\udd2a|move: Protect\n|\n|-heal|p1a: \u773c\u795e\u5446\u6ede\ud83e\udd2a|77/100|[from] item: Leftovers\n|upkeep\n|turn|5\n|\n|t:|1773407653\n|move|p2a: Zacian|Sacred Sword|p1a: \u773c\u795e\u5446\u6ede\ud83e\udd2a\n|-damage|p1a: \u773c\u795e\u5446\u6ede\ud83e\udd2a|58/100\n|move|p2b: Raging Bolt|Draco Meteor|p1a: \u773c\u795e\u5446\u6ede\ud83e\udd2a\n|-damage|p1a: \u773c\u795e\u5446\u6ede\ud83e\udd2a|20/100\n|-unboost|p2b: Raging Bolt|spa|2\n|move|p1a: \u773c\u795e\u5446\u6ede\ud83e\udd2a|Order Up|p2b: Raging Bolt\n|-supereffective|p2b: Raging Bolt\n|-damage|p2b: Raging Bolt|0 fnt\n|faint|p2b: Raging Bolt\n|-end|p2b: Raging Bolt|Protosynthesis|[silent]\n|-boost|p1a: \u773c\u795e\u5446\u6ede\ud83e\udd2a|def|1\n|\n|-heal|p1a: \u773c\u795e\u5446\u6ede\ud83e\udd2a|27/100|[from] item: Leftovers\n|-sideend|p2: ScapegoatSkunk|move: Tailwind\n|upkeep\n|\n|t:|1773407659\n|switch|p2b: Calyrex|Calyrex-Shadow, L50|100/100\n|-ability|p2b: Calyrex|As One\n|-ability|p2b: Calyrex|Unnerve\n|turn|6\n|\n|t:|1773407667\n|move|p1a: \u773c\u795e\u5446\u6ede\ud83e\udd2a|Protect|p1a: \u773c\u795e\u5446\u6ede\ud83e\udd2a\n|-singleturn|p1a: \u773c\u795e\u5446\u6ede\ud83e\udd2a|Protect\n|move|p2b: Calyrex|Astral Barrage|p1b: \u767d\u8272\u5c0f\u6590\u6d4e\u5317\ud83d\ude0b|[spread] \n|-miss|p2b: Calyrex|p1b: \u767d\u8272\u5c0f\u6590\u6d4e\u5317\ud83d\ude0b\n|-activate|p1a: \u773c\u795e\u5446\u6ede\ud83e\udd2a|move: Protect\n|move|p2a: Zacian|Play Rough|p1b: \u767d\u8272\u5c0f\u6590\u6d4e\u5317\ud83d\ude0b|[miss]\n|-miss|p2a: Zacian|p1b: \u767d\u8272\u5c0f\u6590\u6d4e\u5317\ud83d\ude0b\n|\n|-heal|p1a: \u773c\u795e\u5446\u6ede\ud83e\udd2a|33/100|[from] item: Leftovers\n|upkeep\n|turn|7\n|\n|t:|1773407690\n|move|p2b: Calyrex|Astral Barrage|p1a: \u773c\u795e\u5446\u6ede\ud83e\udd2a|[spread] p1a\n|-miss|p2b: Calyrex|p1b: \u767d\u8272\u5c0f\u6590\u6d4e\u5317\ud83d\ude0b\n|-damage|p1a: \u773c\u795e\u5446\u6ede\ud83e\udd2a|2/100\n|move|p2a: Zacian|Play Rough|p1a: \u773c\u795e\u5446\u6ede\ud83e\udd2a\n|-damage|p1a: \u773c\u795e\u5446\u6ede\ud83e\udd2a|0 fnt\n|faint|p1a: \u773c\u795e\u5446\u6ede\ud83e\udd2a\n|\n|upkeep\n|\n|t:|1773407695\n|switch|p1a: \u9a6c\u5934\u725b\u903c\ud83d\udc36\ud83d\udc36\ud83d\udc36|Zamazenta-Crowned, L50|100/100\n|turn|8\n|\n|t:|1773407704\n|move|p2b: Calyrex|Astral Barrage|p1b: \u767d\u8272\u5c0f\u6590\u6d4e\u5317\ud83d\ude0b|[spread] p1a,p1b\n|-crit|p1a: \u9a6c\u5934\u725b\u903c\ud83d\udc36\ud83d\udc36\ud83d\udc36\n|-damage|p1a: \u9a6c\u5934\u725b\u903c\ud83d\udc36\ud83d\udc36\ud83d\udc36|7/100\n|-damage|p1b: \u767d\u8272\u5c0f\u6590\u6d4e\u5317\ud83d\ude0b|0 fnt\n|faint|p1b: \u767d\u8272\u5c0f\u6590\u6d4e\u5317\ud83d\ude0b\n|-ability|p2b: Calyrex|Grim Neigh|boost\n|-boost|p2b: Calyrex|spa|1\n|move|p2a: Zacian|Play Rough|p1a: \u9a6c\u5934\u725b\u903c\ud83d\udc36\ud83d\udc36\ud83d\udc36\n|-damage|p1a: \u9a6c\u5934\u725b\u903c\ud83d\udc36\ud83d\udc36\ud83d\udc36|0 fnt\n|faint|p1a: \u9a6c\u5934\u725b\u903c\ud83d\udc36\ud83d\udc36\ud83d\udc36\n|\n|win|ScapegoatSkunk\n|raw|BanKingambit69247's rating: 1538 &rarr; <strong>1515</strong><br />(-23 for losing)\n|raw|ScapegoatSkunk's rating: 1486 &rarr; <strong>1509</strong><br />(+23 for winning)\n|l|\u2606BanKingambit69247\n|player|p1|\n|l|\u2606ScapegoatSkunk\n|player|p2|\n","uploadtime":1773407970,"views":24,"formatid":"gen9vgc2026regi","rating":1509,"private":0,"password":null}