{"id":"gen9vgc2026regi-2527987042","format":"[Gen 9] VGC 2026 Reg I","players":["endershovel","blackred123"],"log":"|j|\u2606endershovel\n|j|\u2606blackred123\n|t:|1769609069\n|gametype|doubles\n|player|p1|endershovel|1|1333\n|player|p2|blackred123|iono-masters|1520\n|gen|9\n|tier|[Gen 9] VGC 2026 Reg I\n|rated|\n|rule|Species Clause: Limit one of each Pok\u00e9mon\n|rule|Item Clause: Limit 1 of each item\n|clearpoke\n|poke|p1|Miraidon, L50|\n|poke|p1|Dialga-Origin, L50|\n|poke|p1|Tornadus, L50, M|\n|poke|p1|Krookodile, L50, F|\n|poke|p1|Iron Hands, L50|\n|poke|p1|Ogerpon-Hearthflame, L50, F|\n|poke|p2|Lunala, L50|\n|poke|p2|Koraidon, L50|\n|poke|p2|Chi-Yu, L50|\n|poke|p2|Flutter Mane, L50|\n|poke|p2|Brute Bonnet, L50|\n|poke|p2|Ursaluna, L50, F|\n|teampreview|4\n|inactive|Battle timer is ON: inactive players will automatically lose when time's up. (requested by blackred123)\n|\n|t:|1769609087\n|teamsize|p1|4\n|teamsize|p2|4\n|start\n|switch|p1a: Miraidon|Miraidon, L50|100/100\n|switch|p1b: Tornadus|Tornadus, L50, M|100/100\n|switch|p2a: Lunala|Lunala, L50, shiny|100/100\n|switch|p2b: Chi-Yu|Chi-Yu, L50|100/100\n|-ability|p2b: Chi-Yu|Beads of Ruin\n|-fieldstart|move: Electric Terrain|[from] ability: Hadron Engine|[of] p1a: Miraidon\n|turn|1\n|j| dasabe\u76d6\u6b27\u5361\u4fa0\n|inactive|endershovel has 30 seconds left.\n|\n|t:|1769609117\n|move|p2b: Chi-Yu|Dark Pulse|p1a: Miraidon\n|-damage|p1a: Miraidon|51/100\n|move|p1a: Miraidon|Dazzling Gleam|p2a: Lunala|[spread] p2a,p2b\n|-damage|p2a: Lunala|82/100\n|-damage|p2b: Chi-Yu|49/100\n|move|p1b: Tornadus|Bleakwind Storm|p2a: Lunala|[spread] p2a,p2b\n|-damage|p2a: Lunala|52/100\n|-damage|p2b: Chi-Yu|14/100\n|-unboost|p2a: Lunala|spe|1\n|-unboost|p2b: Chi-Yu|spe|1\n|move|p2a: Lunala|Meteor Beam||[still]\n|-prepare|p2a: Lunala|Meteor Beam\n|-boost|p2a: Lunala|spa|1\n|-enditem|p2a: Lunala|Power Herb\n|-anim|p2a: Lunala|Meteor Beam|p1b: Tornadus\n|-supereffective|p1b: Tornadus\n|-damage|p1b: Tornadus|0 fnt\n|faint|p1b: Tornadus\n|\n|upkeep\n|\n|t:|1769609139\n|switch|p1b: Ogerpon|Ogerpon-Hearthflame, L50, F|100/100\n|-ability|p1b: Ogerpon|Mold Breaker\n|turn|2\n|inactive|endershovel has 30 seconds left.\n|\n|t:|1769609164\n|switch|p1a: Krookodile|Krookodile, L50, F|100/100\n|-ability|p1a: Krookodile|Intimidate|boost\n|-unboost|p2a: Lunala|atk|1\n|-unboost|p2b: Chi-Yu|atk|1\n|move|p2a: Lunala|Wide Guard|p2a: Lunala\n|-singleturn|p2a: Lunala|Wide Guard\n|move|p1b: Ogerpon|Ivy Cudgel|p2b: Chi-Yu|[anim] Ivy Cudgel Fire\n|-resisted|p2b: Chi-Yu\n|-damage|p2b: Chi-Yu|0 fnt\n|faint|p2b: Chi-Yu\n|\n|upkeep\n|\n|t:|1769609171\n|switch|p2b: Koraidon|Koraidon, L50|100/100\n|-weather|SunnyDay|[from] ability: Orichalcum Pulse|[of] p2b: Koraidon\n|-activate|p2b: Koraidon|Orichalcum Pulse|[source]\n|turn|3\n|\n|t:|1769609192\n|-terastallize|p2a: Lunala|Water\n|move|p1b: Ogerpon|Follow Me|p1b: Ogerpon\n|-singleturn|p1b: Ogerpon|move: Follow Me\n|move|p2b: Koraidon|Flare Blitz|p1b: Ogerpon\n|-damage|p1b: Ogerpon|0 fnt\n|faint|p1b: Ogerpon\n|-damage|p2b: Koraidon|69/100|[from] Recoil\n|-damage|p2b: Koraidon|60/100|[from] item: Life Orb\n|move|p1a: Krookodile|Knock Off|p2a: Lunala\n|-damage|p2a: Lunala|24/100\n|move|p2a: Lunala|Moongeist Beam|p1a: Krookodile\n|-resisted|p1a: Krookodile\n|-damage|p1a: Krookodile|51/100\n|\n|-weather|SunnyDay|[upkeep]\n|upkeep\n|\n|t:|1769609210\n|switch|p1b: Miraidon|Miraidon, L50|51/100\n|-activate|p1b: Miraidon|ability: Hadron Engine\n|turn|4\n|\n|t:|1769609222\n|-terastallize|p1b: Miraidon|Fairy\n|move|p2a: Lunala|Wide Guard|p2a: Lunala\n|-singleturn|p2a: Lunala|Wide Guard\n|move|p2b: Koraidon|Close Combat|p1a: Krookodile\n|-supereffective|p1a: Krookodile\n|-damage|p1a: Krookodile|0 fnt\n|-unboost|p2b: Koraidon|def|1\n|-unboost|p2b: Koraidon|spd|1\n|faint|p1a: Krookodile\n|-damage|p2b: Koraidon|50/100|[from] item: Life Orb\n|move|p1b: Miraidon|Dazzling Gleam|p2a: Lunala|[spread] \n|-activate|p2a: Lunala|move: Wide Guard\n|-activate|p2b: Koraidon|move: Wide Guard\n|\n|-weather|SunnyDay|[upkeep]\n|upkeep\n|turn|5\n|-message|endershovel forfeited.\n|\n|win|blackred123\n|raw|endershovel's rating: 1333 &rarr; <strong>1323</strong><br />(-10 for losing)\n|raw|blackred123's rating: 1520 &rarr; <strong>1530</strong><br />(+10 for winning)\n|l|\u2606endershovel\n|player|p1|\n|l| dasabe\u76d6\u6b27\u5361\u4fa0\n|l|\u2606blackred123\n|player|p2|\n","uploadtime":1769609481,"views":12,"formatid":"gen9vgc2026regi","rating":1323,"private":0,"password":null}