{"id":"gen9vgc2026regi-2538611460","format":"[Gen 9] VGC 2026 Reg I","players":["fomtarro","blackred123"],"log":"|j|\u2606fomtarro\n|j|\u2606blackred123\n|t:|1770946906\n|gametype|doubles\n|player|p1|fomtarro|1|1325\n|player|p2|blackred123|iono-masters|1382\n|gen|9\n|tier|[Gen 9] VGC 2026 Reg I\n|rated|\n|rule|Species Clause: Limit one of each Pok\u00e9mon\n|rule|Item Clause: Limit 1 of each item\n|clearpoke\n|poke|p1|Dialga-Origin, L50|\n|poke|p1|Miraidon, L50|\n|poke|p1|Ursaluna, L50, F|\n|poke|p1|Incineroar, L50, F|\n|poke|p1|Sinistcha, L50|\n|poke|p1|Iron Hands, L50|\n|poke|p2|Calyrex-Shadow, L50|\n|poke|p2|Annihilape, L50, M|\n|poke|p2|Zamazenta-*, L50|\n|poke|p2|Tornadus, L50, M|\n|poke|p2|Rillaboom, L50, F|\n|poke|p2|Amoonguss, L50, F|\n|teampreview|4\n|inactive|Battle timer is ON: inactive players will automatically lose when time's up. (requested by blackred123)\n|inactive|fomtarro has 60 seconds left.\n|\n|t:|1770946943\n|teamsize|p1|4\n|teamsize|p2|4\n|start\n|switch|p1a: Day Trader|Dialga-Origin, L50|100/100\n|switch|p1b: S&P Futures|Miraidon, L50|100/100\n|switch|p2a: \u7334|Annihilape, L50, M|100/100\n|switch|p2b: \u53cd\u6d3e\u91d1\u8c6a|Tornadus, L50, M|100/100\n|-fieldstart|move: Electric Terrain|[from] ability: Hadron Engine|[of] p1b: S&P Futures\n|turn|1\n|\n|t:|1770946963\n|switch|p1b: Hedge Fund|Sinistcha, L50|100/100\n|move|p2b: \u53cd\u6d3e\u91d1\u8c6a|Taunt|p1a: Day Trader\n|-start|p1a: Day Trader|move: Taunt\n|move|p2a: \u7334|Final Gambit|p1b: Hedge Fund\n|-immune|p1b: Hedge Fund\n|cant|p1a: Day Trader|move: Taunt|Trick Room\n|\n|upkeep\n|turn|2\n|inactive|fomtarro has 30 seconds left.\n|\n|t:|1770946992\n|move|p2b: \u53cd\u6d3e\u91d1\u8c6a|Taunt|p1b: Hedge Fund\n|-start|p1b: Hedge Fund|move: Taunt\n|move|p2a: \u7334|Final Gambit|p1a: Day Trader\n|-damage|p1a: Day Trader|0 fnt\n|faint|p2a: \u7334\n|faint|p1a: Day Trader\n|move|p1b: Hedge Fund|Matcha Gotcha|p2b: \u53cd\u6d3e\u91d1\u8c6a\n|-resisted|p2b: \u53cd\u6d3e\u91d1\u8c6a\n|-damage|p2b: \u53cd\u6d3e\u91d1\u8c6a|81/100\n|\n|upkeep\n|\n|t:|1770947005\n|switch|p2a: \u5927\u9a6c|Calyrex-Shadow, L50|100/100\n|switch|p1a: S&P Futures|Miraidon, L50|100/100\n|-ability|p2a: \u5927\u9a6c|As One\n|-ability|p2a: \u5927\u9a6c|Unnerve\n|-activate|p1a: S&P Futures|ability: Hadron Engine\n|turn|3\n|\n|t:|1770947019\n|switch|p1b: Bear Market|Ursaluna, L50, F|100/100\n|-terastallize|p2a: \u5927\u9a6c|Ghost\n|-terastallize|p1a: S&P Futures|Electric\n|move|p2b: \u53cd\u6d3e\u91d1\u8c6a|Tailwind|p2b: \u53cd\u6d3e\u91d1\u8c6a\n|-sidestart|p2: blackred123|move: Tailwind\n|move|p2a: \u5927\u9a6c|Astral Barrage|p1a: S&P Futures|[spread] p1a\n|-immune|p1b: Bear Market\n|-damage|p1a: S&P Futures|43/100\n|move|p1a: S&P Futures|Parabolic Charge|p2b: \u53cd\u6d3e\u91d1\u8c6a|[spread] p2a,p2b\n|-immune|p1b: Bear Market\n|-supereffective|p2b: \u53cd\u6d3e\u91d1\u8c6a\n|-damage|p2a: \u5927\u9a6c|14/100\n|-heal|p1a: S&P Futures|81/100|[from] drain|[of] p2a: \u5927\u9a6c\n|-damage|p2b: \u53cd\u6d3e\u91d1\u8c6a|0 fnt\n|-heal|p1a: S&P Futures|100/100|[from] drain|[of] p2b: \u53cd\u6d3e\u91d1\u8c6a\n|faint|p2b: \u53cd\u6d3e\u91d1\u8c6a\n|\n|-status|p1b: Bear Market|brn|[from] item: Flame Orb\n|upkeep\n|\n|t:|1770947032\n|switch|p2b: \u4e8c\u72d7|Zamazenta-Crowned, L50|100/100\n|-ability|p2b: \u4e8c\u72d7|Dauntless Shield|boost\n|-boost|p2b: \u4e8c\u72d7|def|1\n|turn|4\n|inactive|fomtarro has 30 seconds left.\n|\n|t:|1770947060\n|switch|p1a: Hedge Fund|Sinistcha, L50|100/100\n|move|p2a: \u5927\u9a6c|Astral Barrage|p1b: Bear Market|[spread] p1a\n|-immune|p1b: Bear Market\n|-supereffective|p1a: Hedge Fund\n|-damage|p1a: Hedge Fund|0 fnt\n|faint|p1a: Hedge Fund\n|-ability|p2a: \u5927\u9a6c|Grim Neigh|boost\n|-boost|p2a: \u5927\u9a6c|spa|1\n|move|p2b: \u4e8c\u72d7|Body Press|p1b: Bear Market\n|-supereffective|p1b: Bear Market\n|-crit|p1b: Bear Market\n|-damage|p1b: Bear Market|0 fnt\n|faint|p1b: Bear Market\n|\n|upkeep\n|\n|t:|1770947073\n|switch|p1b: S&P Futures|Miraidon, L50, tera:Electric|100/100\n|-activate|p1b: S&P Futures|ability: Hadron Engine\n|turn|5\n|\n|t:|1770947081\n|move|p2a: \u5927\u9a6c|Astral Barrage|p1b: S&P Futures\n|-damage|p1b: S&P Futures|0 fnt\n|faint|p1b: S&P Futures\n|\n|win|blackred123\n|raw|fomtarro's rating: 1325 &rarr; <strong>1308</strong><br />(-17 for losing)\n|raw|blackred123's rating: 1382 &rarr; <strong>1399</strong><br />(+17 for winning)\n|l|\u2606fomtarro\n|player|p1|\n|l|\u2606blackred123\n|player|p2|\n","uploadtime":1770947347,"views":27,"formatid":"gen9vgc2026regi","rating":1308,"private":0,"password":null}