{"id":"gen9vgc2026regi-2564968143","format":"[Gen 9] VGC 2026 Reg I","players":["Rillabossman","pigs2fly"],"log":"|j|\u2606Rillabossman\n|j|\u2606pigs2fly\n|t:|1774215252\n|gametype|doubles\n|player|p1|Rillabossman|burglar|1445\n|player|p2|pigs2fly|dexio|1437\n|gen|9\n|tier|[Gen 9] VGC 2026 Reg I\n|rated|\n|rule|Species Clause: Limit one of each Pok\u00e9mon\n|rule|Item Clause: Limit 1 of each item\n|clearpoke\n|poke|p1|Rayquaza, L50|\n|poke|p1|Urshifu-*, L50, M|\n|poke|p1|Calyrex-Ice, L50|\n|poke|p1|Tinkaton, L50, F|\n|poke|p1|Gouging Fire, L50|\n|poke|p1|Ogerpon-Cornerstone, L50, F|\n|poke|p2|Annihilape, L50, M|\n|poke|p2|Tornadus, L50, M|\n|poke|p2|Dondozo, L50, M|\n|poke|p2|Tatsugiri, L50, F|\n|poke|p2|Zacian-*, L50|\n|poke|p2|Kyogre, L50|\n|teampreview|4\n|c|\u2606Rillabossman|glhf\n|\n|t:|1774215267\n|teamsize|p1|4\n|teamsize|p2|4\n|start\n|switch|p1a: Ogerpon|Ogerpon-Cornerstone, L50, F|100/100\n|switch|p1b: Calyrex|Calyrex-Ice, L50|100/100\n|switch|p2a: Zacian|Zacian-Crowned, L50, shiny|100/100\n|switch|p2b: Kyogre|Kyogre, L50|100/100\n|-ability|p1b: Calyrex|As One\n|-ability|p1b: Calyrex|Unnerve\n|-ability|p2a: Zacian|Intrepid Sword|boost\n|-boost|p2a: Zacian|atk|1\n|-weather|RainDance|[from] ability: Drizzle|[of] p2b: Kyogre\n|turn|1\n|\n|t:|1774215284\n|move|p2a: Zacian|Behemoth Blade|p1a: Ogerpon\n|-supereffective|p1a: Ogerpon\n|-ability|p1a: Ogerpon|Sturdy\n|-damage|p1a: Ogerpon|1/100\n|move|p1a: Ogerpon|Horn Leech|p2b: Kyogre\n|-supereffective|p2b: Kyogre\n|-damage|p2b: Kyogre|22/100\n|-heal|p1a: Ogerpon|50/100|[from] drain|[of] p2b: Kyogre\n|move|p2b: Kyogre|Origin Pulse|p1b: Calyrex|[spread] p1a\n|-miss|p2b: Kyogre|p1b: Calyrex\n|-damage|p1a: Ogerpon|0 fnt\n|faint|p1a: Ogerpon\n|move|p1b: Calyrex|Leech Seed|p2a: Zacian\n|-start|p2a: Zacian|move: Leech Seed\n|\n|-weather|RainDance|[upkeep]\n|-damage|p2a: Zacian|88/100|[from] Leech Seed|[of] p1b: Calyrex\n|upkeep\n|c|\u2606pigs2fly|U2\n|\n|t:|1774215312\n|switch|p1a: Gouging Fire|Gouging Fire, L50|100/100\n|-enditem|p1a: Gouging Fire|Booster Energy\n|-activate|p1a: Gouging Fire|ability: Protosynthesis|[fromitem]\n|-start|p1a: Gouging Fire|protosynthesisspe\n|turn|2\n|\n|t:|1774215321\n|switch|p1b: Rayquaza|Rayquaza, L50, shiny|100/100\n|-ability|p1b: Rayquaza|Air Lock\n|move|p1a: Gouging Fire|Flare Blitz|p2a: Zacian\n|-supereffective|p2a: Zacian\n|-damage|p2a: Zacian|6/100\n|-damage|p1a: Gouging Fire|72/100|[from] Recoil\n|move|p2a: Zacian|Behemoth Blade|p1b: Rayquaza\n|-damage|p1b: Rayquaza|9/100\n|move|p2b: Kyogre|Origin Pulse|p1b: Rayquaza|[spread] p1a,p1b\n|-resisted|p1b: Rayquaza\n|-damage|p1a: Gouging Fire|20/100\n|-damage|p1b: Rayquaza|0 fnt\n|faint|p1b: Rayquaza\n|\n|-weather|RainDance|[upkeep]\n|upkeep\n|j| dodgecrissler\n|\n|t:|1774215348\n|switch|p1b: Calyrex|Calyrex-Ice, L50|100/100\n|-ability|p1b: Calyrex|As One\n|-ability|p1b: Calyrex|Unnerve\n|turn|3\n|\n|t:|1774215364\n|move|p1a: Gouging Fire|Burning Bulwark|p1a: Gouging Fire\n|-singleturn|p1a: Gouging Fire|move: Protect\n|move|p1b: Calyrex|Protect|p1b: Calyrex\n|-singleturn|p1b: Calyrex|Protect\n|move|p2a: Zacian|Play Rough|p1a: Gouging Fire\n|-activate|p1a: Gouging Fire|move: Protect\n|-status|p2a: Zacian|brn\n|move|p2b: Kyogre|Origin Pulse|p1a: Gouging Fire|[spread] \n|-activate|p1a: Gouging Fire|move: Protect\n|-activate|p1b: Calyrex|move: Protect\n|\n|-weather|RainDance|[upkeep]\n|-damage|p2a: Zacian|0 fnt|[from] Leech Seed|[of] p1b: Calyrex\n|faint|p2a: Zacian\n|upkeep\n|\n|t:|1774215367\n|switch|p2a: Dondozo|Dondozo, L50, M|100/100\n|turn|4\n|\n|t:|1774215376\n|switch|p2b: Tatsugiri|Tatsugiri, L50, F|100/100\n|-activate|p2b: Tatsugiri|ability: Commander|[of] p2a: Dondozo\n|-boost|p2a: Dondozo|atk|2\n|-boost|p2a: Dondozo|spa|2\n|-boost|p2a: Dondozo|spe|2\n|-boost|p2a: Dondozo|def|2\n|-boost|p2a: Dondozo|spd|2\n|-terastallize|p2a: Dondozo|Grass\n|move|p1a: Gouging Fire|Breaking Swipe|p2b: Tatsugiri|[spread] p2a\n|-miss|p1a: Gouging Fire|p2b: Tatsugiri\n|-damage|p2a: Dondozo|94/100\n|-unboost|p2a: Dondozo|atk|1\n|move|p2a: Dondozo|Order Up|p1a: Gouging Fire\n|-supereffective|p1a: Gouging Fire\n|-damage|p1a: Gouging Fire|0 fnt\n|faint|p1a: Gouging Fire\n|-end|p1a: Gouging Fire|Protosynthesis|[silent]\n|-boost|p2a: Dondozo|atk|1\n|move|p1b: Calyrex|Leech Seed|p2a: Dondozo\n|-immune|p2a: Dondozo\n|\n|-weather|RainDance|[upkeep]\n|-heal|p2a: Dondozo|99/100|[from] item: Leftovers\n|upkeep\n|turn|5\n|\n|t:|1774215386\n|-terastallize|p1b: Calyrex|Fairy\n|move|p2a: Dondozo|Order Up|p1b: Calyrex\n|-immune|p1b: Calyrex\n|move|p1b: Calyrex|Glacial Lance|p2b: Tatsugiri|[spread] p2a\n|-miss|p1b: Calyrex|p2b: Tatsugiri\n|-supereffective|p2a: Dondozo\n|-damage|p2a: Dondozo|68/100\n|\n|-weather|none\n|-heal|p2a: Dondozo|74/100|[from] item: Leftovers\n|upkeep\n|turn|6\n|\n|t:|1774215397\n|move|p1b: Calyrex|Protect|p1b: Calyrex\n|-singleturn|p1b: Calyrex|Protect\n|move|p2a: Dondozo|Heavy Slam|p1b: Calyrex\n|-activate|p1b: Calyrex|move: Protect\n|\n|-heal|p2a: Dondozo|80/100|[from] item: Leftovers\n|upkeep\n|turn|7\n|\n|t:|1774215401\n|move|p2a: Dondozo|Heavy Slam|p1b: Calyrex\n|-supereffective|p1b: Calyrex\n|-damage|p1b: Calyrex|71/100\n|move|p1b: Calyrex|Glacial Lance|p2a: Dondozo|[spread] p2a\n|-miss|p1b: Calyrex|p2b: Tatsugiri\n|-supereffective|p2a: Dondozo\n|-damage|p2a: Dondozo|48/100\n|\n|-heal|p2a: Dondozo|54/100|[from] item: Leftovers\n|-heal|p1b: Calyrex|77/100|[from] item: Leftovers\n|upkeep\n|turn|8\n|\n|t:|1774215408\n|move|p2a: Dondozo|Earthquake|p1b: Calyrex|[spread] p1b\n|-miss|p2a: Dondozo|p2b: Tatsugiri\n|-damage|p1b: Calyrex|51/100\n|move|p1b: Calyrex|Glacial Lance|p2b: Tatsugiri|[spread] p2a\n|-miss|p1b: Calyrex|p2b: Tatsugiri\n|-supereffective|p2a: Dondozo\n|-damage|p2a: Dondozo|24/100\n|\n|-heal|p2a: Dondozo|30/100|[from] item: Leftovers\n|-heal|p1b: Calyrex|57/100|[from] item: Leftovers\n|upkeep\n|turn|9\n|\n|t:|1774215417\n|move|p2a: Dondozo|Earthquake|p1b: Calyrex|[spread] p1b\n|-miss|p2a: Dondozo|p2b: Tatsugiri\n|-damage|p1b: Calyrex|30/100\n|move|p1b: Calyrex|Glacial Lance|p2a: Dondozo|[spread] p2a\n|-miss|p1b: Calyrex|p2b: Tatsugiri\n|-supereffective|p2a: Dondozo\n|-damage|p2a: Dondozo|0 fnt\n|faint|p2a: Dondozo\n|-ability|p1b: Calyrex|Chilling Neigh|boost\n|-boost|p1b: Calyrex|atk|1\n|\n|-heal|p1b: Calyrex|36/100|[from] item: Leftovers\n|upkeep\n|\n|t:|1774215419\n|switch|p2a: Kyogre|Kyogre, L50|22/100\n|-weather|RainDance|[from] ability: Drizzle|[of] p2a: Kyogre\n|turn|10\n|\n|t:|1774215425\n|move|p1b: Calyrex|Protect|p1b: Calyrex\n|-singleturn|p1b: Calyrex|Protect\n|move|p2b: Tatsugiri|Muddy Water|p1b: Calyrex\n|-activate|p1b: Calyrex|move: Protect\n|move|p2a: Kyogre|Origin Pulse|p1b: Calyrex\n|-activate|p1b: Calyrex|move: Protect\n|\n|-weather|RainDance|[upkeep]\n|-heal|p1b: Calyrex|41/100|[from] item: Leftovers\n|upkeep\n|turn|11\n|\n|t:|1774215432\n|move|p2b: Tatsugiri|Muddy Water|p1b: Calyrex\n|-damage|p1b: Calyrex|5/100\n|move|p2a: Kyogre|Origin Pulse|p1b: Calyrex\n|-damage|p1b: Calyrex|0 fnt\n|faint|p1b: Calyrex\n|\n|win|pigs2fly\n|raw|Rillabossman's rating: 1416 &rarr; <strong>1397</strong><br />(-19 for losing)\n|raw|pigs2fly's rating: 1437 &rarr; <strong>1456</strong><br />(+19 for winning)\n|l|\u2606Rillabossman\n|player|p1|\n|l|\u2606pigs2fly\n|player|p2|\n","uploadtime":1774215697,"views":11,"formatid":"gen9vgc2026regi","rating":1397,"private":0,"password":null}