{"id":"gen9vgc2026regi-2578033379","format":"[Gen 9] VGC 2026 Reg I","players":["joseantonininini","Justiceforgreninja"],"log":"|j|\u2606joseantonininini\n|j|\u2606Justiceforgreninja\n|t:|1775638578\n|gametype|doubles\n|player|p1|joseantonininini|1|1315\n|player|p2|Justiceforgreninja|1|1542\n|gen|9\n|tier|[Gen 9] VGC 2026 Reg I\n|rated|\n|rule|Species Clause: Limit one of each Pok\u00e9mon\n|rule|Item Clause: Limit 1 of each item\n|clearpoke\n|poke|p1|Calyrex-Shadow, L50|\n|poke|p1|Groudon, L50|\n|poke|p1|Jumpluff, L50, M|\n|poke|p1|Brute Bonnet, L50|\n|poke|p1|Iron Treads, L50|\n|poke|p1|Chi-Yu, L50|\n|poke|p2|Calyrex-Ice, L50|\n|poke|p2|Miraidon, L50|\n|poke|p2|Ogerpon-Hearthflame, L50, F|\n|poke|p2|Farigiraf, L50, M|\n|poke|p2|Urshifu-*, L50, M|\n|poke|p2|Golem-Alola, L50, M|\n|teampreview|4\n|\n|t:|1775638611\n|teamsize|p1|4\n|teamsize|p2|4\n|start\n|switch|p1a: Jumpluff|Jumpluff, L50, M|100/100\n|switch|p1b: Iron Treads|Iron Treads, L50|100/100\n|switch|p2a: Calyrex|Calyrex-Ice, L50|100/100\n|switch|p2b: Ogerpon|Ogerpon-Hearthflame, L50, F|100/100\n|-ability|p2a: Calyrex|As One\n|-ability|p2a: Calyrex|Unnerve\n|-ability|p2b: Ogerpon|Mold Breaker\n|turn|1\n|\n|t:|1775638657\n|-end|p1b: Iron Treads|Quark Drive|[silent]\n|switch|p1b: Calyrex|Calyrex-Shadow, L50|100/100\n|-ability|p1b: Calyrex|As One\n|-ability|p1b: Calyrex|Unnerve\n|move|p2b: Ogerpon|Follow Me|p2b: Ogerpon\n|-singleturn|p2b: Ogerpon|move: Follow Me\n|move|p1a: Jumpluff|Sleep Powder|p2b: Ogerpon\n|-immune|p2b: Ogerpon\n|move|p2a: Calyrex|Trick Room|p2a: Calyrex\n|-fieldstart|move: Trick Room|[of] p2a: Calyrex\n|\n|upkeep\n|turn|2\n|\n|t:|1775638728\n|switch|p2b: Miraidon|Miraidon, L50|100/100\n|-fieldstart|move: Electric Terrain|[from] ability: Hadron Engine|[of] p2b: Miraidon\n|-terastallize|p2a: Calyrex|Fire\n|move|p1b: Calyrex|Protect|p1b: Calyrex\n|-singleturn|p1b: Calyrex|Protect\n|move|p2a: Calyrex|Glacial Lance|p1b: Calyrex|[spread] p1a\n|-activate|p1b: Calyrex|move: Protect\n|-supereffective|p1a: Jumpluff\n|-damage|p1a: Jumpluff|0 fnt\n|faint|p1a: Jumpluff\n|-ability|p2a: Calyrex|Chilling Neigh|boost\n|-boost|p2a: Calyrex|atk|1\n|\n|upkeep\n|\n|t:|1775638738\n|switch|p1a: Groudon|Groudon, L50|100/100\n|-weather|SunnyDay|[from] ability: Drought|[of] p1a: Groudon\n|turn|3\n|\n|t:|1775638749\n|-terastallize|p1a: Groudon|Fire\n|move|p2a: Calyrex|Protect|p2a: Calyrex\n|-singleturn|p2a: Calyrex|Protect\n|move|p1a: Groudon|Precipice Blades|p2a: Calyrex|[spread] p2b\n|-activate|p2a: Calyrex|move: Protect\n|-supereffective|p2b: Miraidon\n|-damage|p2b: Miraidon|0 fnt\n|faint|p2b: Miraidon\n|move|p1b: Calyrex|Disable|p2a: Calyrex\n|-activate|p2a: Calyrex|move: Protect\n|\n|-weather|SunnyDay|[upkeep]\n|upkeep\n|\n|t:|1775638755\n|switch|p2b: Golem|Golem-Alola, L50, M|100/100\n|turn|4\n|\n|t:|1775638769\n|move|p1a: Groudon|Protect|p1a: Groudon\n|-singleturn|p1a: Groudon|Protect\n|move|p1b: Calyrex|Protect|p1b: Calyrex\n|-singleturn|p1b: Calyrex|Protect\n|move|p2b: Golem|Wide Guard|p2b: Golem\n|-singleturn|p2b: Golem|Wide Guard\n|move|p2a: Calyrex|High Horsepower|p1a: Groudon\n|-activate|p1a: Groudon|move: Protect\n|\n|-weather|SunnyDay|[upkeep]\n|upkeep\n|turn|5\n|inactive|Battle timer is ON: inactive players will automatically lose when time's up. (requested by Justiceforgreninja)\n|inactive|joseantonininini has 60 seconds left.\n|\n|t:|1775638851\n|move|p1a: Groudon|Helping Hand|p1b: Calyrex\n|-singleturn|p1b: Calyrex|Helping Hand|[of] p1a: Groudon\n|move|p2a: Calyrex|Protect|p2a: Calyrex\n|-singleturn|p2a: Calyrex|Protect\n|move|p2b: Golem|Explosion|p1b: Calyrex|[spread] p1a,p1b\n|-activate|p2a: Calyrex|move: Protect\n|-damage|p1a: Groudon|0 fnt\n|-enditem|p1b: Calyrex|Focus Sash\n|-damage|p1b: Calyrex|1/100\n|faint|p2b: Golem\n|faint|p1a: Groudon\n|move|p1b: Calyrex|Psychic|p2a: Calyrex\n|-activate|p2a: Calyrex|move: Protect\n|\n|-weather|SunnyDay|[upkeep]\n|-fieldend|move: Trick Room\n|upkeep\n|\n|t:|1775638863\n|switch|p1a: Iron Treads|Iron Treads, L50|100/100\n|switch|p2b: Ogerpon|Ogerpon-Hearthflame, L50, F|100/100\n|-ability|p2b: Ogerpon|Mold Breaker\n|-activate|p1a: Iron Treads|ability: Quark Drive\n|-start|p1a: Iron Treads|quarkdrivespe\n|turn|6\n|inactive|joseantonininini has 30 seconds left.\n|\n|t:|1775638891\n|move|p2b: Ogerpon|Follow Me|p2b: Ogerpon\n|-singleturn|p2b: Ogerpon|move: Follow Me\n|move|p1a: Iron Treads|High Horsepower|p2b: Ogerpon\n|-damage|p2b: Ogerpon|51/100\n|-damage|p1a: Iron Treads|91/100|[from] item: Life Orb\n|move|p1b: Calyrex|Astral Barrage|p2b: Ogerpon|[spread] p2a,p2b\n|-damage|p2a: Calyrex|65/100\n|-damage|p2b: Ogerpon|0 fnt\n|faint|p2b: Ogerpon\n|-ability|p1b: Calyrex|Grim Neigh|boost\n|-boost|p1b: Calyrex|spa|1\n|move|p2a: Calyrex|Trick Room|p2a: Calyrex\n|-fieldstart|move: Trick Room|[of] p2a: Calyrex\n|\n|-weather|SunnyDay|[upkeep]\n|-fieldend|move: Electric Terrain\n|-end|p1a: Iron Treads|Quark Drive\n|upkeep\n|turn|7\n|\n|t:|1775638910\n|move|p1a: Iron Treads|Protect|p1a: Iron Treads\n|-singleturn|p1a: Iron Treads|Protect\n|move|p2a: Calyrex|Glacial Lance|p1b: Calyrex|[spread] p1b\n|-activate|p1a: Iron Treads|move: Protect\n|-damage|p1b: Calyrex|0 fnt\n|faint|p1b: Calyrex\n|-ability|p2a: Calyrex|Chilling Neigh|boost\n|-boost|p2a: Calyrex|atk|1\n|\n|-weather|none\n|upkeep\n|turn|8\n|\n|t:|1775638917\n|move|p2a: Calyrex|Glacial Lance|p1a: Iron Treads\n|-damage|p1a: Iron Treads|0 fnt\n|faint|p1a: Iron Treads\n|-end|p1a: Iron Treads|Quark Drive|[silent]\n|\n|win|Justiceforgreninja\n|raw|joseantonininini's rating: 1315 &rarr; <strong>1306</strong><br />(-9 for losing)\n|raw|Justiceforgreninja's rating: 1542 &rarr; <strong>1551</strong><br />(+9 for winning)\n|l|\u2606joseantonininini\n|player|p1|\n|l|\u2606Justiceforgreninja\n|player|p2|\n","uploadtime":1775639142,"views":8,"formatid":"gen9vgc2026regi","rating":1306,"private":0,"password":null}