{"id":"gen9vgc2026regi-2573222964","format":"[Gen 9] VGC 2026 Reg I","players":["popandpop","fallacy277"],"log":"|j|\u2606popandpop\n|j|\u2606fallacy277\n|t:|1775105042\n|gametype|doubles\n|player|p1|popandpop|backersf|1506\n|player|p2|fallacy277|265|1424\n|gen|9\n|tier|[Gen 9] VGC 2026 Reg I\n|rated|\n|rule|Species Clause: Limit one of each Pok\u00e9mon\n|rule|Item Clause: Limit 1 of each item\n|clearpoke\n|poke|p1|Lunala, L50|\n|poke|p1|Whimsicott, L50, F|\n|poke|p1|Terapagos, L50, M|\n|poke|p1|Annihilape, L50, F|\n|poke|p1|Spiritomb, L50, F|\n|poke|p1|Torkoal, L50, M|\n|poke|p2|Groudon, L50|\n|poke|p2|Zamazenta-*, L50|\n|poke|p2|Chien-Pao, L50|\n|poke|p2|Gouging Fire, L50|\n|poke|p2|Jumpluff, L50, F|\n|poke|p2|Flutter Mane, L50|\n|teampreview|4\n|inactive|Battle timer is ON: inactive players will automatically lose when time's up. (requested by popandpop)\n|inactive|fallacy277 also wants the timer to be on.\npopandpop rejected open team sheets.\n|\n|t:|1775105071\n|teamsize|p1|4\n|teamsize|p2|4\n|start\n|switch|p1a: Whimsicott|Whimsicott, L50, F|100/100\n|switch|p1b: Annihilape|Annihilape, L50, F|100/100\n|switch|p2a: Chien-Pao|Chien-Pao, L50|100/100\n|switch|p2b: Gouging Fire|Gouging Fire, L50|100/100\n|-ability|p2a: Chien-Pao|Sword of Ruin\n|turn|1\n|\n|t:|1775105080\n|move|p2a: Chien-Pao|Ice Shard|p1b: Annihilape\n|-damage|p1b: Annihilape|80/100\n|move|p1b: Annihilape|Final Gambit|p2b: Gouging Fire\n|-damage|p2b: Gouging Fire|10/100\n|faint|p1b: Annihilape\n|move|p1a: Whimsicott|Moonblast|p2a: Chien-Pao\n|-supereffective|p2a: Chien-Pao\n|-damage|p2a: Chien-Pao|42/100\n|-unboost|p2a: Chien-Pao|spa|1\n|move|p2b: Gouging Fire|Flare Blitz|p1a: Whimsicott\n|-supereffective|p1a: Whimsicott\n|-enditem|p1a: Whimsicott|Focus Sash\n|-damage|p1a: Whimsicott|1/100\n|-damage|p2b: Gouging Fire|0 fnt|[from] Recoil\n|faint|p2b: Gouging Fire\n|-end|p2b: Gouging Fire|Protosynthesis|[silent]\n|\n|upkeep\n|\n|t:|1775105091\n|switch|p2b: Zamazenta|Zamazenta-Crowned, L50|100/100\n|switch|p1b: Terapagos|Terapagos, L50, M|100/100\n|-activate|p1b: Terapagos|ability: Tera Shift\n|detailschange|p1b: Terapagos|Terapagos-Terastal, L50, M\n|-heal|p1b: Terapagos|100/100|[silent]\n|-ability|p2b: Zamazenta|Dauntless Shield|boost\n|-boost|p2b: Zamazenta|def|1\n|turn|2\n|\n|t:|1775105099\n|-terastallize|p1b: Terapagos|Stellar\n|detailschange|p1b: Terapagos|Terapagos-Stellar, L50, M, tera:Stellar\n|-heal|p1b: Terapagos|100/100|[silent]\n|move|p2a: Chien-Pao|Ice Shard|p1b: Terapagos\n|-damage|p1b: Terapagos|86/100\n|move|p1a: Whimsicott|Tailwind|p1a: Whimsicott\n|-sidestart|p1: popandpop|move: Tailwind\n|move|p1b: Terapagos|Tera Starstorm|p2b: Zamazenta|[spread] p2a,p2b\n|-damage|p2a: Chien-Pao|3/100\n|-damage|p2b: Zamazenta|65/100\n|-damage|p1b: Terapagos|77/100|[from] item: Life Orb\n|move|p2b: Zamazenta|Body Press|p1b: Terapagos\n|-supereffective|p1b: Terapagos\n|-damage|p1b: Terapagos|0 fnt\n|faint|p1b: Terapagos\n|detailschange|p1: Terapagos|Terapagos, L50, M|[silent]\n|\n|upkeep\n|\n|t:|1775105102\n|switch|p1b: Lunala|Lunala, L50|100/100\n|turn|3\n|\n|t:|1775105115\n|move|p1a: Whimsicott|Encore|p2b: Zamazenta\n|-start|p2b: Zamazenta|Encore\n|move|p2a: Chien-Pao|Ice Shard|p1a: Whimsicott\n|-supereffective|p1a: Whimsicott\n|-damage|p1a: Whimsicott|0 fnt\n|faint|p1a: Whimsicott\n|move|p1b: Lunala|Meteor Beam||[still]\n|-prepare|p1b: Lunala|Meteor Beam\n|-boost|p1b: Lunala|spa|1\n|-enditem|p1b: Lunala|Power Herb\n|-anim|p1b: Lunala|Meteor Beam|p2a: Chien-Pao\n|-supereffective|p2a: Chien-Pao\n|-damage|p2a: Chien-Pao|0 fnt\n|faint|p2a: Chien-Pao\n|move|p2b: Zamazenta|Body Press|p1b: Lunala\n|-immune|p1b: Lunala\n|\n|upkeep\n|\n|t:|1775105119\n|switch|p2a: Groudon|Groudon, L50|100/100\n|-weather|SunnyDay|[from] ability: Drought|[of] p2a: Groudon\n|turn|4\n|\n|t:|1775105126\n|move|p1b: Lunala|Moongeist Beam|p2a: Groudon\n|-damage|p2a: Groudon|32/100\n|move|p2b: Zamazenta|Body Press|p1b: Lunala\n|-immune|p1b: Lunala\n|move|p2a: Groudon|Heat Crash|p1b: Lunala\n|-damage|p1b: Lunala|71/100\n|\n|-weather|SunnyDay|[upkeep]\n|upkeep\n|turn|5\n|\n|t:|1775105133\n|move|p2a: Groudon|Protect|p2a: Groudon\n|-singleturn|p2a: Groudon|Protect\n|move|p1b: Lunala|Moongeist Beam|p2a: Groudon\n|-activate|p2a: Groudon|move: Protect\n|move|p2b: Zamazenta|Body Press|p1b: Lunala\n|-immune|p1b: Lunala\n|\n|-weather|SunnyDay|[upkeep]\n|-end|p2b: Zamazenta|Encore\n|-sideend|p1: popandpop|move: Tailwind\n|upkeep\n|turn|6\n|\n|t:|1775105138\n|-terastallize|p2a: Groudon|Fire\n|move|p2b: Zamazenta|Behemoth Bash|p1b: Lunala\n|-damage|p1b: Lunala|34/100\n|move|p1b: Lunala|Moongeist Beam|p2a: Groudon\n|-damage|p2a: Groudon|0 fnt\n|faint|p2a: Groudon\n|\n|-weather|SunnyDay|[upkeep]\n|upkeep\n|turn|7\n|\n|t:|1775105145\n|move|p2b: Zamazenta|Behemoth Bash|p1b: Lunala\n|-damage|p1b: Lunala|0 fnt\n|faint|p1b: Lunala\n|\n|win|fallacy277\n|raw|popandpop's rating: 1506 &rarr; <strong>1481</strong><br />(-25 for losing)\n|raw|fallacy277's rating: 1424 &rarr; <strong>1449</strong><br />(+25 for winning)\n|l|\u2606fallacy277\n|player|p2|\n|l|\u2606popandpop\n|player|p1|\n","uploadtime":1775105345,"views":15,"formatid":"gen9vgc2026regi","rating":1449,"private":0,"password":null}