{"id":"gen9vgc2026regi-2537485701","format":"[Gen 9] VGC 2026 Reg I","players":["blackred123","pigzillla"],"log":"|j|\u2606blackred123\n|j|\u2606pigzillla\n|t:|1770820391\n|gametype|doubles\n|player|p1|blackred123|iono-masters|1290\n|player|p2|pigzillla|101|1328\n|gen|9\n|tier|[Gen 9] VGC 2026 Reg I\n|rated|\n|rule|Species Clause: Limit one of each Pok\u00e9mon\n|rule|Item Clause: Limit 1 of each item\n|clearpoke\n|poke|p1|Zacian-*, L50|\n|poke|p1|Kyogre, L50|\n|poke|p1|Amoonguss, L50, F|\n|poke|p1|Incineroar, L50, M|\n|poke|p1|Urshifu-*, L50, M|\n|poke|p1|Iron Jugulis, L50|\n|poke|p2|Torterra, L50, F|\n|poke|p2|Calyrex-Shadow, L50|\n|poke|p2|Incineroar, L50, M|\n|poke|p2|Miraidon, L50|\n|poke|p2|Ogerpon-Wellspring, L50, F|\n|poke|p2|Iron Boulder, L50|\n|teampreview|4\n|inactive|Battle timer is ON: inactive players will automatically lose when time's up. (requested by pigzillla)\n|inactive|blackred123 also wants the timer to be on.\n|inactive|blackred123 has 60 seconds left.\n|\n|t:|1770820423\n|teamsize|p1|4\n|teamsize|p2|4\n|start\n|switch|p1a: \u4e3b\u4eba\ud83d\ude2d\ud83e\udd75|Incineroar, L50, M|100/100\n|switch|p1b: \u55f7\u545c\uff5e|Iron Jugulis, L50|100/100\n|switch|p2a: Torterra|Torterra, L50, F|100/100\n|switch|p2b: Miraidon|Miraidon, L50|100/100\n|-fieldstart|move: Electric Terrain|[from] ability: Hadron Engine|[of] p2b: Miraidon\n|-activate|p1b: \u55f7\u545c\uff5e|ability: Quark Drive\n|-start|p1b: \u55f7\u545c\uff5e|quarkdrivespe\n|-ability|p1a: \u4e3b\u4eba\ud83d\ude2d\ud83e\udd75|Intimidate|boost\n|-unboost|p2a: Torterra|atk|1\n|-unboost|p2b: Miraidon|atk|1\n|-enditem|p2a: Torterra|White Herb\n|-clearnegativeboost|p2a: Torterra|[silent]\n|turn|1\n|inactive|pigzillla has 30 seconds left.\n|inactive|pigzillla has 20 seconds left.\n|\n|t:|1770820458\n|-terastallize|p2a: Torterra|Fire\n|move|p1a: \u4e3b\u4eba\ud83d\ude2d\ud83e\udd75|Fake Out|p2b: Miraidon\n|-damage|p2b: Miraidon|90/100\n|move|p1b: \u55f7\u545c\uff5e|Tailwind|p1b: \u55f7\u545c\uff5e\n|-sidestart|p1: blackred123|move: Tailwind\n|cant|p2b: Miraidon|flinch\n|move|p2a: Torterra|Headlong Rush|p1a: \u4e3b\u4eba\ud83d\ude2d\ud83e\udd75\n|-supereffective|p1a: \u4e3b\u4eba\ud83d\ude2d\ud83e\udd75\n|-damage|p1a: \u4e3b\u4eba\ud83d\ude2d\ud83e\udd75|11/100\n|-unboost|p2a: Torterra|def|1\n|-unboost|p2a: Torterra|spd|1\n|\n|upkeep\n|turn|2\n|inactive|blackred123 has 30 seconds left.\n|\n|t:|1770820489\n|move|p1b: \u55f7\u545c\uff5e|Protect|p1b: \u55f7\u545c\uff5e\n|-singleturn|p1b: \u55f7\u545c\uff5e|Protect\n|move|p1a: \u4e3b\u4eba\ud83d\ude2d\ud83e\udd75|Knock Off|p2b: Miraidon\n|-damage|p2b: Miraidon|60/100\n|-enditem|p2b: Miraidon|Choice Specs|[from] move: Knock Off|[of] p1a: \u4e3b\u4eba\ud83d\ude2d\ud83e\udd75\n|move|p2b: Miraidon|Volt Switch|p1b: \u55f7\u545c\uff5e\n|-activate|p1b: \u55f7\u545c\uff5e|move: Protect\n|move|p2a: Torterra|Headlong Rush|p1a: \u4e3b\u4eba\ud83d\ude2d\ud83e\udd75\n|-supereffective|p1a: \u4e3b\u4eba\ud83d\ude2d\ud83e\udd75\n|-damage|p1a: \u4e3b\u4eba\ud83d\ude2d\ud83e\udd75|0 fnt\n|-unboost|p2a: Torterra|def|1\n|-unboost|p2a: Torterra|spd|1\n|faint|p1a: \u4e3b\u4eba\ud83d\ude2d\ud83e\udd75\n|\n|upkeep\n|\n|t:|1770820503\n|switch|p1a: \u9a6c\u5243\u5929\u7231\u661f|Kyogre, L50, shiny|100/100\n|-weather|RainDance|[from] ability: Drizzle|[of] p1a: \u9a6c\u5243\u5929\u7231\u661f\n|turn|3\n|\n|t:|1770820510\n|move|p2a: Torterra|Wide Guard|p2a: Torterra\n|-singleturn|p2a: Torterra|Wide Guard\n|move|p1b: \u55f7\u545c\uff5e|Hurricane|p2a: Torterra\n|-damage|p2a: Torterra|3/100\n|move|p1a: \u9a6c\u5243\u5929\u7231\u661f|Ice Beam|p2b: Miraidon\n|-supereffective|p2b: Miraidon\n|-damage|p2b: Miraidon|8/100\n|move|p2b: Miraidon|Electro Drift|p1a: \u9a6c\u5243\u5929\u7231\u661f\n|-supereffective|p1a: \u9a6c\u5243\u5929\u7231\u661f\n|-damage|p1a: \u9a6c\u5243\u5929\u7231\u661f|0 fnt\n|faint|p1a: \u9a6c\u5243\u5929\u7231\u661f\n|\n|-weather|RainDance|[upkeep]\n|upkeep\n|\n|t:|1770820520\n|switch|p1a: \u963f\u5c14\u6258\u8389\u96c5|Zacian-Crowned, L50, shiny|100/100\n|-ability|p1a: \u963f\u5c14\u6258\u8389\u96c5|Intrepid Sword|boost\n|-boost|p1a: \u963f\u5c14\u6258\u8389\u96c5|atk|1\n|turn|4\n|\n|t:|1770820530\n|move|p1b: \u55f7\u545c\uff5e|Hurricane|p2a: Torterra\n|-damage|p2a: Torterra|0 fnt\n|faint|p2a: Torterra\n|move|p1a: \u963f\u5c14\u6258\u8389\u96c5|Behemoth Blade|p2b: Miraidon\n|-resisted|p2b: Miraidon\n|-damage|p2b: Miraidon|0 fnt\n|faint|p2b: Miraidon\n|\n|-weather|RainDance|[upkeep]\n|-sideend|p1: blackred123|move: Tailwind\n|upkeep\n|\n|t:|1770820536\n|switch|p2b: Incineroar|Incineroar, L50, M|100/100\n|switch|p2a: Calyrex|Calyrex-Shadow, L50|100/100\n|-ability|p2a: Calyrex|As One\n|-ability|p2a: Calyrex|Unnerve\n|-ability|p2b: Incineroar|Intimidate|boost\n|-unboost|p1a: \u963f\u5c14\u6258\u8389\u96c5|atk|1\n|-unboost|p1b: \u55f7\u545c\uff5e|atk|1\n|turn|5\n|\n|t:|1770820549\n|move|p1b: \u55f7\u545c\uff5e|Protect|p1b: \u55f7\u545c\uff5e\n|-singleturn|p1b: \u55f7\u545c\uff5e|Protect\n|move|p1a: \u963f\u5c14\u6258\u8389\u96c5|Protect|p1a: \u963f\u5c14\u6258\u8389\u96c5\n|-singleturn|p1a: \u963f\u5c14\u6258\u8389\u96c5|Protect\n|move|p2b: Incineroar|Fake Out|p1b: \u55f7\u545c\uff5e\n|-activate|p1b: \u55f7\u545c\uff5e|move: Protect\n|move|p2a: Calyrex|Astral Barrage|p1b: \u55f7\u545c\uff5e|[spread] \n|-activate|p1a: \u963f\u5c14\u6258\u8389\u96c5|move: Protect\n|-activate|p1b: \u55f7\u545c\uff5e|move: Protect\n|\n|-weather|RainDance|[upkeep]\n|-fieldend|move: Electric Terrain\n|-end|p1b: \u55f7\u545c\uff5e|Quark Drive\n|upkeep\n|-enditem|p1b: \u55f7\u545c\uff5e|Booster Energy\n|-activate|p1b: \u55f7\u545c\uff5e|ability: Quark Drive|[fromitem]\n|-start|p1b: \u55f7\u545c\uff5e|quarkdrivespe\n|turn|6\n|\n|t:|1770820570\n|-terastallize|p1a: \u963f\u5c14\u6258\u8389\u96c5|Normal\n|move|p1b: \u55f7\u545c\uff5e|Snarl|p2b: Incineroar|[spread] p2a,p2b\n|-supereffective|p2a: Calyrex\n|-resisted|p2b: Incineroar\n|-damage|p2a: Calyrex|39/100\n|-damage|p2b: Incineroar|96/100\n|-unboost|p2a: Calyrex|spa|1\n|-unboost|p2b: Incineroar|spa|1\n|move|p2a: Calyrex|Astral Barrage|p1a: \u963f\u5c14\u6258\u8389\u96c5|[spread] p1b\n|-immune|p1a: \u963f\u5c14\u6258\u8389\u96c5\n|-resisted|p1b: \u55f7\u545c\uff5e\n|-damage|p1b: \u55f7\u545c\uff5e|85/100\n|move|p1a: \u963f\u5c14\u6258\u8389\u96c5|Behemoth Blade|p2a: Calyrex\n|-damage|p2a: Calyrex|0 fnt\n|faint|p2a: Calyrex\n|move|p2b: Incineroar|U-turn|p1b: \u55f7\u545c\uff5e\n|-damage|p1b: \u55f7\u545c\uff5e|67/100\n|\n|-weather|RainDance|[upkeep]\n|upkeep\n|turn|7\n|-message|pigzillla forfeited.\n|\n|win|blackred123\n|raw|blackred123's rating: 1290 &rarr; <strong>1318</strong><br />(+28 for winning)\n|raw|pigzillla's rating: 1328 &rarr; <strong>1306</strong><br />(-22 for losing)\n|l|\u2606pigzillla\n|player|p2|\n","uploadtime":1770820771,"views":10,"formatid":"gen9vgc2026regi","rating":1306,"private":0,"password":null}