{"id":"gen9vgc2026regi-2569433264","format":"[Gen 9] VGC 2026 Reg I","players":["ido1234567890","prague for the win"],"log":"|j|\u2606ido1234567890\n|j|\u2606prague for the win\n|html|<table width=\"100%\"><tr><td align=\"left\">ido1234567890</td><td align=\"right\">prague for the win</tr><tr><td align=\"left\"><i class=\"fa fa-circle\"></i> <i class=\"fa fa-circle-o\"></i> </td><td align=\"right\"><i class=\"fa fa-circle-o\"></i> <i class=\"fa fa-circle-o\"></i> </tr></table>\n|uhtml|bestof|<h2><strong>Game 2</strong> of <a href=\"/game-bestof3-gen9vgc2026regi-2569432419\">a best-of-3</a></h2>\n|t:|1774694368\n|gametype|doubles\n|player|p1|ido1234567890|calem|\n|player|p2|prague for the win|sailor|\n|gen|9\n|tier|[Gen 9] VGC 2026 Reg I\n|rated|Tournament battle\n|rule|Species Clause: Limit one of each Pok\u00e9mon\n|rule|Item Clause: Limit 1 of each item\n|raw|<div class=\"infobox\"><details class=\"readmore\" open><summary><strong>4 custom rules:</strong></summary> Open Team Sheets, Force Open Team Sheets, !Open Team Sheets, Best of = 3</details></div>\n|clearpoke\n|poke|p1|Rhydon, L50, F|\n|poke|p1|Chien-Pao, L50|\n|poke|p1|Kyogre, L50|\n|poke|p1|Urshifu-*, L50, F|\n|poke|p1|Zacian-*, L50|\n|poke|p1|Tornadus, L50, M|\n|poke|p2|Calyrex-Ice, L50|\n|poke|p2|Kyogre, L50|\n|poke|p2|Smeargle, L50, M|\n|poke|p2|Iron Jugulis, L50|\n|poke|p2|Raging Bolt, L50|\n|poke|p2|Rillaboom, L50, M|\n|teampreview|4\n|showteam|p1|Rhydon||Eviolite|LightningRod|HighHorsepower,Protect,RockSlide,SwordsDance|||F|||50|,,,,,Fairy]Chien-Pao||FocusSash|SwordofRuin|Protect,SuckerPunch,ThroatChop,IcicleCrash||||||50|,,,,,Stellar]Kyogre||MysticWater|Drizzle|WaterSpout,OriginPulse,Protect,Thunder||||||50|,,,,,Grass]Urshifu-Rapid-Strike||ChoiceScarf|UnseenFist|SurgingStrikes,AquaJet,CloseCombat,Uturn|||F|||50|,,,,,Water]Zacian-Crowned||RustedSword|IntrepidSword|behemothblade,Protect,PlayRough,SacredSword||||||50|,,,,,Stellar]Tornadus||CovertCloak|Prankster|Tailwind,BleakwindStorm,Taunt,RainDance|||M|||50|,,,,,Dark\n|showteam|p2|Calyrex-Ice||NeverMeltIce|AsOneGlastrier|GlacialLance,HighHorsepower,TrickRoom,Protect||||||50|,,,,,Grass]Kyogre||SplashPlate|Drizzle|WaterSpout,OriginPulse,HydroPump,Protect||||||50|,,,,,Grass]Smeargle||FocusSash|Moody|FakeOut,Spore,FollowMe,Decorate|||M|||50|,,,,,Ghost]Iron Jugulis||BoosterEnergy|QuarkDrive|Snarl,Tailwind,Protect,Hurricane||||||50|,,,,,Ghost]Raging Bolt||AssaultVest|Protosynthesis|Thunderclap,Thunder,DracoMeteor,Snarl||||||50|,,,,,Fairy]Rillaboom||MiracleSeed|GrassySurge|FakeOut,GrassyGlide,WoodHammer,Uturn|||M|||50|,,,,,Poison\n|\n|t:|1774694403\n|teamsize|p1|4\n|teamsize|p2|4\n|start\n|switch|p1a: Tornadus|Tornadus, L50, M|100/100\n|switch|p1b: Kyogre|Kyogre, L50|100/100\n|switch|p2a: Calyrex|Calyrex-Ice, L50|100/100\n|switch|p2b: Smeargle|Smeargle, L50, M|100/100\n|-ability|p2a: Calyrex|As One\n|-ability|p2a: Calyrex|Unnerve\n|-weather|RainDance|[from] ability: Drizzle|[of] p1b: Kyogre\n|turn|1\n|\n|t:|1774694421\n|move|p2b: Smeargle|Fake Out|p1b: Kyogre\n|-damage|p1b: Kyogre|96/100\n|move|p1a: Tornadus|Taunt|p2b: Smeargle\n|-start|p2b: Smeargle|move: Taunt\n|cant|p1b: Kyogre|flinch\n|move|p2a: Calyrex|Glacial Lance|p1a: Tornadus|[spread] p1a,p1b\n|-supereffective|p1a: Tornadus\n|-resisted|p1b: Kyogre\n|-damage|p1a: Tornadus|0 fnt\n|-damage|p1b: Kyogre|62/100\n|faint|p1a: Tornadus\n|-ability|p2a: Calyrex|Chilling Neigh|boost\n|-boost|p2a: Calyrex|atk|1\n|\n|-weather|RainDance|[upkeep]\n|-ability|p2b: Smeargle|Moody|boost\n|-boost|p2b: Smeargle|spa|2\n|-unboost|p2b: Smeargle|spd|1\n|upkeep\n|\n|t:|1774694424\n|switch|p1a: Zacian|Zacian-Crowned, L50|100/100\n|-ability|p1a: Zacian|Intrepid Sword|boost\n|-boost|p1a: Zacian|atk|1\n|turn|2\n|j| elychee267\n|\n|t:|1774694441\n|move|p2a: Calyrex|Protect|p2a: Calyrex\n|-singleturn|p2a: Calyrex|Protect\n|move|p2b: Smeargle|Fake Out||[still]\n|-hint|Fake Out only works on your first turn out.\n|-fail|p2b: Smeargle\n|move|p1a: Zacian|Behemoth Blade|p2a: Calyrex\n|-activate|p2a: Calyrex|move: Protect\n|move|p1b: Kyogre|Water Spout|p2a: Calyrex|[spread] p2b\n|-activate|p2a: Calyrex|move: Protect\n|-enditem|p2b: Smeargle|Focus Sash\n|-damage|p2b: Smeargle|1/100\n|\n|-weather|RainDance|[upkeep]\n|-ability|p2b: Smeargle|Moody|boost\n|-boost|p2b: Smeargle|spd|2\n|-unboost|p2b: Smeargle|spe|1\n|upkeep\n|turn|3\n|\n|t:|1774694453\n|-terastallize|p2a: Calyrex|Grass\n|move|p2b: Smeargle|Fake Out||[still]\n|-hint|Fake Out only works on your first turn out.\n|-fail|p2b: Smeargle\n|move|p1a: Zacian|Behemoth Blade|p2a: Calyrex\n|-damage|p2a: Calyrex|46/100\n|move|p1b: Kyogre|Water Spout|p2a: Calyrex|[spread] p2a,p2b\n|-resisted|p2a: Calyrex\n|-damage|p2a: Calyrex|23/100\n|-damage|p2b: Smeargle|0 fnt\n|faint|p2b: Smeargle\n|move|p2a: Calyrex|High Horsepower|p1a: Zacian\n|-supereffective|p1a: Zacian\n|-damage|p1a: Zacian|0 fnt\n|faint|p1a: Zacian\n|-ability|p2a: Calyrex|Chilling Neigh|boost\n|-boost|p2a: Calyrex|atk|1\n|\n|-weather|RainDance|[upkeep]\n|upkeep\n|\n|t:|1774694462\n|switch|p1a: Chien-Pao|Chien-Pao, L50|100/100\n|switch|p2b: Ibuki Mioda|Iron Jugulis, L50, shiny|100/100\n|-ability|p1a: Chien-Pao|Sword of Ruin\n|-enditem|p2b: Ibuki Mioda|Booster Energy\n|-activate|p2b: Ibuki Mioda|ability: Quark Drive|[fromitem]\n|-start|p2b: Ibuki Mioda|quarkdrivespe\n|turn|4\n|\n|t:|1774694483\n|move|p2a: Calyrex|Protect|p2a: Calyrex\n|-singleturn|p2a: Calyrex|Protect\n|move|p2b: Ibuki Mioda|Snarl|p1b: Kyogre|[spread] p1a,p1b\n|-resisted|p1a: Chien-Pao\n|-damage|p1a: Chien-Pao|87/100\n|-damage|p1b: Kyogre|50/100\n|-unboost|p1a: Chien-Pao|spa|1\n|-unboost|p1b: Kyogre|spa|1\n|move|p1a: Chien-Pao|Throat Chop|p2a: Calyrex\n|-activate|p2a: Calyrex|move: Protect\n|move|p1b: Kyogre|Water Spout|p2a: Calyrex|[spread] p2b\n|-activate|p2a: Calyrex|move: Protect\n|-damage|p2b: Ibuki Mioda|62/100\n|\n|-weather|RainDance|[upkeep]\n|upkeep\n|turn|5\n|\n|t:|1774694494\n|move|p2b: Ibuki Mioda|Hurricane|p1a: Chien-Pao\n|-damage|p1a: Chien-Pao|17/100\n|move|p1a: Chien-Pao|Icicle Crash|p2a: Calyrex\n|-supereffective|p2a: Calyrex\n|-damage|p2a: Calyrex|0 fnt\n|faint|p2a: Calyrex\n|move|p1b: Kyogre|Thunder|p2b: Ibuki Mioda\n|-supereffective|p2b: Ibuki Mioda\n|-damage|p2b: Ibuki Mioda|9/100\n|\n|-weather|none\n|upkeep\n|\n|t:|1774694496\n|switch|p2a: Kyogre|Kyogre, L50|100/100\n|-weather|RainDance|[from] ability: Drizzle|[of] p2a: Kyogre\n|turn|6\n|\n|t:|1774694521\n|-terastallize|p1b: Kyogre|Grass\n|move|p1a: Chien-Pao|Protect|p1a: Chien-Pao\n|-singleturn|p1a: Chien-Pao|Protect\n|move|p2b: Ibuki Mioda|Tailwind|p2b: Ibuki Mioda\n|-sidestart|p2: prague for the win|move: Tailwind\n|move|p2a: Kyogre|Water Spout|p1b: Kyogre|[spread] p1b\n|-activate|p1a: Chien-Pao|move: Protect\n|-resisted|p1b: Kyogre\n|-damage|p1b: Kyogre|13/100\n|move|p1b: Kyogre|Origin Pulse|p2b: Ibuki Mioda|[spread] p2a\n|-miss|p1b: Kyogre|p2b: Ibuki Mioda\n|-resisted|p2a: Kyogre\n|-damage|p2a: Kyogre|83/100\n|\n|-weather|RainDance|[upkeep]\n|upkeep\n|turn|7\n|\n|t:|1774694532\n|move|p1a: Chien-Pao|Sucker Punch|p2a: Kyogre\n|-damage|p2a: Kyogre|34/100\n|move|p2b: Ibuki Mioda|Snarl|p1b: Kyogre|[spread] p1a,p1b\n|-resisted|p1a: Chien-Pao\n|-damage|p1a: Chien-Pao|2/100\n|-damage|p1b: Kyogre|1/100\n|-unboost|p1a: Chien-Pao|spa|1\n|-unboost|p1b: Kyogre|spa|1\n|move|p2a: Kyogre|Water Spout|p1b: Kyogre|[spread] p1a,p1b\n|-resisted|p1b: Kyogre\n|-damage|p1a: Chien-Pao|0 fnt\n|-damage|p1b: Kyogre|0 fnt\n|faint|p1a: Chien-Pao\n|faint|p1b: Kyogre\n|\n|win|prague for the win\n||ido1234567890 is ready for game 3.\n||prague for the win is ready for game 3.\n|uhtml|next|Next: <a href=\"/battle-gen9vgc2026regi-2569434202\"><strong>Game 3 of 3</strong></a>\n|l| elychee267\n|j| aurora ltd\n|l| aurora ltd\n|l|\u2606prague for the win\n|player|p2|\n|j| aurora ltd\n","uploadtime":1774694746,"views":14,"formatid":"gen9vgc2026regi","rating":null,"private":0,"password":null}