{"id":"gen9vgc2026regi-2574760851","format":"[Gen 9] VGC 2026 Reg I","players":["VJ2511","TheManOfSausage"],"log":"|j|\u2606VJ2511\n|j|\u2606TheManOfSausage\n|t:|1775271827\n|gametype|doubles\n|player|p1|VJ2511|266|1575\n|player|p2|TheManOfSausage|miku-water|1615\n|gen|9\n|tier|[Gen 9] VGC 2026 Reg I\n|rated|\n|rule|Species Clause: Limit one of each Pok\u00e9mon\n|rule|Item Clause: Limit 1 of each item\n|clearpoke\n|poke|p1|Calyrex-Shadow, L50|\n|poke|p1|Zamazenta-*, L50|\n|poke|p1|Chien-Pao, L50|\n|poke|p1|Dragonite, L50, M|\n|poke|p1|Raging Bolt, L50|\n|poke|p1|Amoonguss, L50, M|\n|poke|p2|Zacian-*, L50|\n|poke|p2|Miraidon, L50|\n|poke|p2|Whimsicott, L50, M|\n|poke|p2|Farigiraf, L50, F|\n|poke|p2|Urshifu-*, L50, M|\n|poke|p2|Landorus, L50, M|\n|teampreview|4\n|inactive|Battle timer is ON: inactive players will automatically lose when time's up. (requested by VJ2511)\nTheManOfSausage has agreed to open team sheets.\n|\n|t:|1775271838\n|teamsize|p1|4\n|teamsize|p2|4\n|start\n|switch|p1a: Zamazenta|Zamazenta-Crowned, L50|100/100\n|switch|p1b: Chien-Pao|Chien-Pao, L50|100/100\n|switch|p2a: Whimsicott|Whimsicott, L50, M|100/100\n|switch|p2b: Magical Mirai|Miraidon, L50|100/100\n|-ability|p1b: Chien-Pao|Sword of Ruin\n|-fieldstart|move: Electric Terrain|[from] ability: Hadron Engine|[of] p2b: Magical Mirai\n|-ability|p1a: Zamazenta|Dauntless Shield|boost\n|-boost|p1a: Zamazenta|def|1\n|turn|1\n|\n|t:|1775271853\n|move|p2a: Whimsicott|Tailwind|p2a: Whimsicott\n|-sidestart|p2: TheManOfSausage|move: Tailwind\n|move|p2b: Magical Mirai|Volt Switch|p1b: Chien-Pao\n|-damage|p1b: Chien-Pao|4/100\n|\n|t:|1775271856\n|switch|p2b: Zacian|Zacian-Crowned, L50|100/100|[from] Volt Switch\n|-ability|p2b: Zacian|Intrepid Sword|boost\n|-boost|p2b: Zacian|atk|1\n|move|p1b: Chien-Pao|Ice Spinner|p2b: Zacian\n|-resisted|p2b: Zacian\n|-damage|p2b: Zacian|80/100\n|-fieldend|move: Electric Terrain\n|move|p1a: Zamazenta|Body Press|p2b: Zacian\n|-damage|p2b: Zacian|4/100\n|\n|upkeep\n|turn|2\n|\n|t:|1775271870\n|move|p2b: Zacian|Protect|p2b: Zacian\n|-singleturn|p2b: Zacian|Protect\n|move|p1b: Chien-Pao|Sucker Punch|p2a: Whimsicott\n|-resisted|p2a: Whimsicott\n|-damage|p2a: Whimsicott|64/100\n|move|p2a: Whimsicott|Moonblast|p1b: Chien-Pao\n|-supereffective|p1b: Chien-Pao\n|-damage|p1b: Chien-Pao|0 fnt\n|faint|p1b: Chien-Pao\n|move|p1a: Zamazenta|Heavy Slam|p2a: Whimsicott\n|-supereffective|p2a: Whimsicott\n|-damage|p2a: Whimsicott|0 fnt\n|faint|p2a: Whimsicott\n|\n|upkeep\n|\n|t:|1775271888\n|switch|p1b: Amoonguss|Amoonguss, L50, M|100/100\n|switch|p2a: Urshifu|Urshifu-Rapid-Strike, L50, M|100/100\n|turn|3\n|\n|t:|1775271895\n|move|p1b: Amoonguss|Rage Powder|p1b: Amoonguss\n|-singleturn|p1b: Amoonguss|move: Rage Powder\n|move|p2b: Zacian|Behemoth Blade|p1b: Amoonguss\n|-damage|p1b: Amoonguss|32/100\n|-damage|p2b: Zacian|0 fnt|[from] item: Rocky Helmet|[of] p1b: Amoonguss\n|faint|p2b: Zacian\n|move|p2a: Urshifu|U-turn|p1b: Amoonguss\n|-damage|p1b: Amoonguss|0 fnt\n|-damage|p2a: Urshifu|84/100|[from] item: Rocky Helmet|[of] p1b: Amoonguss\n|faint|p1b: Amoonguss\n|\n|t:|1775271897\n|switch|p2a: Magical Mirai|Miraidon, L50|100/100|[from] U-turn\n|-fieldstart|move: Electric Terrain|[from] ability: Hadron Engine|[of] p2a: Magical Mirai\n|move|p1a: Zamazenta|Body Press|p2a: Magical Mirai\n|-damage|p2a: Magical Mirai|36/100\n|\n|upkeep\n|\n|t:|1775271910\n|switch|p2b: Urshifu|Urshifu-Rapid-Strike, L50, M|84/100\n|switch|p1b: Calyrex|Calyrex-Shadow, L50|100/100\n|-ability|p1b: Calyrex|As One\n|-ability|p1b: Calyrex|Unnerve\n|turn|4\n|\n|t:|1775271914\n|-terastallize|p2b: Urshifu|Ghost\n|-terastallize|p1a: Zamazenta|Dragon\n|move|p2a: Magical Mirai|Electro Drift|p1a: Zamazenta\n|-resisted|p1a: Zamazenta\n|-damage|p1a: Zamazenta|50/100\n|move|p2b: Urshifu|Surging Strikes|p1b: Calyrex\n|-crit|p1b: Calyrex\n|-damage|p1b: Calyrex|59/100\n|-crit|p1b: Calyrex\n|-damage|p1b: Calyrex|22/100\n|-crit|p1b: Calyrex\n|-damage|p1b: Calyrex|0 fnt\n|faint|p1b: Calyrex\n|-hitcount|p1: Calyrex|3\n|move|p1a: Zamazenta|Body Press|p2a: Magical Mirai\n|-damage|p2a: Magical Mirai|0 fnt\n|faint|p2a: Magical Mirai\n|\n|-sideend|p2: TheManOfSausage|move: Tailwind\n|upkeep\n|turn|5\n|\n|t:|1775271924\n|move|p1a: Zamazenta|Heavy Slam|p2b: Urshifu\n|-damage|p2b: Urshifu|40/100\n|move|p2b: Urshifu|Surging Strikes|p1a: Zamazenta\n|-resisted|p1a: Zamazenta\n|-crit|p1a: Zamazenta\n|-damage|p1a: Zamazenta|40/100\n|-resisted|p1a: Zamazenta\n|-crit|p1a: Zamazenta\n|-damage|p1a: Zamazenta|32/100\n|-resisted|p1a: Zamazenta\n|-crit|p1a: Zamazenta\n|-damage|p1a: Zamazenta|23/100\n|-hitcount|p1a: Zamazenta|3\n|\n|upkeep\n|turn|6\n|\n|t:|1775271928\n|move|p1a: Zamazenta|Heavy Slam|p2b: Urshifu\n|-damage|p2b: Urshifu|0 fnt\n|faint|p2b: Urshifu\n|\n|win|VJ2511\n|raw|VJ2511's rating: 1575 &rarr; <strong>1597</strong><br />(+22 for winning)\n|raw|TheManOfSausage's rating: 1615 &rarr; <strong>1593</strong><br />(-22 for losing)\n|c|\u2606TheManOfSausage|gg\n|c|\u2606VJ2511|gg\n","uploadtime":1775271938,"views":33,"formatid":"gen9vgc2026regi","rating":1593,"private":0,"password":null}