{"id":"gen9vgc2026regi-2556766997","format":"[Gen 9] VGC 2026 Reg I","players":["I\u2764\ufe0f\u5a1c\u7984forever","BrodaxVGC"],"log":"|j|\u2606I\u2764\ufe0f\u5a1c\u7984forever\n|j|\u2606BrodaxVGC\n|t:|1773247066\n|gametype|doubles\n|player|p1|I\u2764\ufe0f\u5a1c\u7984forever|youngcouple-gen4dp|1363\n|player|p2|BrodaxVGC|102|1385\n|gen|9\n|tier|[Gen 9] VGC 2026 Reg I\n|rated|\n|rule|Species Clause: Limit one of each Pok\u00e9mon\n|rule|Item Clause: Limit 1 of each item\n|clearpoke\n|poke|p1|Groudon, L50|\n|poke|p1|Kyurem-White, L50|\n|poke|p1|Heatran, L50, M|\n|poke|p1|Whimsicott, L50, F|\n|poke|p1|Roaring Moon, L50|\n|poke|p1|Ditto, L50|\n|poke|p2|Miraidon, L50|\n|poke|p2|Whimsicott, L50, M|\n|poke|p2|Lunala, L50|\n|poke|p2|Chi-Yu, L50|\n|poke|p2|Iron Hands, L50|\n|poke|p2|Ogerpon-Wellspring, L50, F|\n|teampreview|4\n|inactive|Battle timer is ON: inactive players will automatically lose when time's up. (requested by BrodaxVGC)\n|\n|t:|1773247090\n|teamsize|p1|4\n|teamsize|p2|4\n|start\n|switch|p1a: Heatran|Heatran, L50, M|100/100\n|switch|p1b: Kyurem|Kyurem-White, L50|100/100\n|switch|p2a: Whimsicott|Whimsicott, L50, M|100/100\n|switch|p2b: Lunala|Lunala, L50|100/100\n|-ability|p1b: Kyurem|Turboblaze\n|turn|1\n|\n|t:|1773247102\n|move|p2a: Whimsicott|Tailwind|p2a: Whimsicott\n|-sidestart|p2: BrodaxVGC|move: Tailwind\n|move|p2b: Lunala|Meteor Beam||[still]\n|-prepare|p2b: Lunala|Meteor Beam\n|-boost|p2b: Lunala|spa|1\n|-enditem|p2b: Lunala|Power Herb\n|-anim|p2b: Lunala|Meteor Beam|p1b: Kyurem\n|-supereffective|p1b: Kyurem\n|-damage|p1b: Kyurem|0 fnt\n|faint|p1b: Kyurem\n|move|p1a: Heatran|Substitute|p1a: Heatran\n|-start|p1a: Heatran|Substitute\n|-damage|p1a: Heatran|76/100\n|\n|-heal|p1a: Heatran|82/100|[from] item: Leftovers\n|upkeep\n|\n|t:|1773247111\n|switch|p1b: Groudon|Groudon, L50|100/100\n|-weather|SunnyDay|[from] ability: Drought|[of] p1b: Groudon\n|turn|2\n|\n|t:|1773247129\n|move|p1a: Heatran|Protect|p1a: Heatran\n|-singleturn|p1a: Heatran|Protect\n|move|p2a: Whimsicott|Moonblast|p1b: Groudon\n|-damage|p1b: Groudon|80/100\n|move|p2b: Lunala|Moongeist Beam|p1b: Groudon\n|-damage|p1b: Groudon|32/100\n|move|p1b: Groudon|Heat Crash|p2a: Whimsicott\n|-supereffective|p2a: Whimsicott\n|-enditem|p2a: Whimsicott|Focus Sash\n|-damage|p2a: Whimsicott|1/100\n|\n|-weather|SunnyDay|[upkeep]\n|-heal|p1a: Heatran|88/100|[from] item: Leftovers\n|upkeep\n|turn|3\n|\n|t:|1773247151\n|move|p2a: Whimsicott|Encore|p1b: Groudon\n|-start|p1b: Groudon|Encore\n|move|p2b: Lunala|Moongeist Beam|p1a: Heatran\n|-end|p1a: Heatran|Substitute\n|move|p1b: Groudon|Heat Crash|p2b: Lunala\n|-damage|p2b: Lunala|71/100\n|move|p1a: Heatran|Heat Wave|p2a: Whimsicott|[spread] p2a,p2b\n|-supereffective|p2a: Whimsicott\n|-damage|p2a: Whimsicott|0 fnt\n|-damage|p2b: Lunala|34/100\n|faint|p2a: Whimsicott\n|\n|-weather|SunnyDay|[upkeep]\n|-heal|p1a: Heatran|94/100|[from] item: Leftovers\n|upkeep\n|\n|t:|1773247165\n|switch|p2a: Miraidon|Miraidon, L50|100/100\n|-fieldstart|move: Electric Terrain|[from] ability: Hadron Engine|[of] p2a: Miraidon\n|turn|4\n|\n|t:|1773247176\n|-terastallize|p2a: Miraidon|Electric\n|move|p2a: Miraidon|Electro Drift|p1a: Heatran\n|-damage|p1a: Heatran|0 fnt\n|faint|p1a: Heatran\n|move|p2b: Lunala|Moongeist Beam|p1b: Groudon\n|-damage|p1b: Groudon|0 fnt\n|faint|p1b: Groudon\n|\n|-weather|SunnyDay|[upkeep]\n|-sideend|p2: BrodaxVGC|move: Tailwind\n|upkeep\n|\n|t:|1773247188\n|switch|p1b: Ditto|Ditto, L50|100/100\n|-transform|p1b: Ditto|p2a: Miraidon|[from] ability: Imposter\n|-activate|p1b: Ditto|ability: Hadron Engine\n|-start|p1b: Ditto|typechange|Electric/Dragon|[silent]\n|turn|5\n|inactive|I\u2764\ufe0f\u5a1c\u7984forever has 30 seconds left.\n|\n|t:|1773247215\n|move|p2a: Miraidon|Electro Drift|p1b: Ditto|[miss]\n|-miss|p2a: Miraidon|p1b: Ditto\n|move|p1b: Ditto|Electro Drift|p2b: Lunala\n|-damage|p2b: Lunala|0 fnt\n|faint|p2b: Lunala\n|\n|-weather|SunnyDay|[upkeep]\n|upkeep\n|\n|t:|1773247222\n|switch|p2b: Chi-Yu|Chi-Yu, L50|100/100\n|-ability|p2b: Chi-Yu|Beads of Ruin\n|turn|6\n|\n|t:|1773247229\n|move|p1b: Ditto|Electro Drift|p2b: Chi-Yu\n|-damage|p2b: Chi-Yu|0 fnt\n|faint|p2b: Chi-Yu\n|move|p2a: Miraidon|Electro Drift|p1b: Ditto\n|-resisted|p1b: Ditto\n|-damage|p1b: Ditto|46/100\n|\n|-weather|none\n|upkeep\n|turn|7\n|\n|t:|1773247243\n|move|p2a: Miraidon|Electro Drift|p1b: Ditto\n|-resisted|p1b: Ditto\n|-damage|p1b: Ditto|0 fnt\n|faint|p1b: Ditto\n|\n|win|BrodaxVGC\n|raw|I\u2764\ufe0f\u5a1c\u7984forever's rating: 1363 &rarr; <strong>1344</strong><br />(-19 for losing)\n|raw|BrodaxVGC's rating: 1385 &rarr; <strong>1404</strong><br />(+19 for winning)\n|l|\u2606I\u2764\ufe0f\u5a1c\u7984forever\n|player|p1|\n|l|\u2606BrodaxVGC\n|player|p2|\n","uploadtime":1773247472,"views":13,"formatid":"gen9vgc2026regi","rating":1344,"private":0,"password":null}