{"id":"gen9vgc2026regi-2563357676","format":"[Gen 9] VGC 2026 Reg I","players":["isthis6thgood","nerd159"],"log":"|j|\u2606isthis6thgood\n|j|\u2606nerd159\n|t:|1774019347\n|gametype|doubles\n|player|p1|isthis6thgood|2|1423\n|player|p2|nerd159|169|1435\n|gen|9\n|tier|[Gen 9] VGC 2026 Reg I\n|rated|\n|rule|Species Clause: Limit one of each Pok\u00e9mon\n|rule|Item Clause: Limit 1 of each item\n|clearpoke\n|poke|p1|Landorus-Therian, L50, M|\n|poke|p1|Urshifu-*, L50, F|\n|poke|p1|Ogerpon-Hearthflame, L50, F|\n|poke|p1|Miraidon, L50|\n|poke|p1|Lunala, L50|\n|poke|p1|Tornadus, L50, M|\n|poke|p2|Zamazenta-*, L50|\n|poke|p2|Calyrex-Shadow, L50|\n|poke|p2|Excadrill, L50, F|\n|poke|p2|Tyranitar, L50, M|\n|poke|p2|Ogerpon-Wellspring, L50, F|\n|poke|p2|Farigiraf, L50, M|\n|teampreview|4\n|inactive|Battle timer is ON: inactive players will automatically lose when time's up. (requested by isthis6thgood)\n|inactive|isthis6thgood has 60 seconds left.\n|\n|t:|1774019389\n|teamsize|p1|4\n|teamsize|p2|4\n|start\n|switch|p1a: Landorus|Landorus-Therian, L50, M|100/100\n|switch|p1b: Tornadus|Tornadus, L50, M|100/100\n|switch|p2a: Calyrex|Calyrex-Shadow, L50|100/100\n|switch|p2b: Tyranitar|Tyranitar, L50, M|100/100\n|-ability|p2a: Calyrex|As One\n|-ability|p2a: Calyrex|Unnerve\n|-ability|p1a: Landorus|Intimidate|boost\n|-unboost|p2a: Calyrex|atk|1\n|-unboost|p2b: Tyranitar|atk|1\n|-weather|Sandstorm|[from] ability: Sand Stream|[of] p2b: Tyranitar\n|turn|1\n|inactive|isthis6thgood has 30 seconds left.\n|\n|t:|1774019418\n|-terastallize|p2b: Tyranitar|Grass\n|move|p1b: Tornadus|Protect|p1b: Tornadus\n|-singleturn|p1b: Tornadus|Protect\n|move|p2a: Calyrex|Protect|p2a: Calyrex\n|-singleturn|p2a: Calyrex|Protect\n|move|p1a: Landorus|U-turn|p2b: Tyranitar\n|-supereffective|p2b: Tyranitar\n|-damage|p2b: Tyranitar|36/100\n|\n|t:|1774019431\n|switch|p1a: Lunala|Lunala, L50|100/100|[from] U-turn\n|move|p2b: Tyranitar|Icy Wind|p1b: Tornadus|[spread] p1a\n|-activate|p1b: Tornadus|move: Protect\n|-damage|p1a: Lunala|98/100\n|-unboost|p1a: Lunala|spe|1\n|\n|-weather|Sandstorm|[upkeep]\n|-damage|p2a: Calyrex|95/100|[from] Sandstorm\n|-damage|p1b: Tornadus|94/100|[from] Sandstorm\n|-damage|p2b: Tyranitar|30/100|[from] Sandstorm\n|-damage|p1a: Lunala|91/100|[from] Sandstorm\n|upkeep\n|turn|2\n|\n|t:|1774019445\n|-terastallize|p1a: Lunala|Fairy\n|move|p1b: Tornadus|Tailwind|p1b: Tornadus\n|-sidestart|p1: isthis6thgood|move: Tailwind\n|move|p2a: Calyrex|Astral Barrage|p1b: Tornadus|[spread] p1a,p1b\n|-crit|p1a: Lunala\n|-damage|p1a: Lunala|25/100\n|-damage|p1b: Tornadus|21/100\n|move|p1a: Lunala|Moongeist Beam|p2a: Calyrex\n|-supereffective|p2a: Calyrex\n|-damage|p2a: Calyrex|0 fnt\n|faint|p2a: Calyrex\n|move|p2b: Tyranitar|Rock Slide|p1a: Lunala|[spread] p1a,p1b\n|-supereffective|p1b: Tornadus\n|-damage|p1a: Lunala|11/100\n|-damage|p1b: Tornadus|0 fnt\n|faint|p1b: Tornadus\n|\n|-weather|Sandstorm|[upkeep]\n|-damage|p1a: Lunala|5/100|[from] Sandstorm\n|-damage|p2b: Tyranitar|24/100|[from] Sandstorm\n|upkeep\n|inactive|isthis6thgood has 30 seconds left.\n|\n|t:|1774019471\n|switch|p2a: Zamazenta|Zamazenta-Crowned, L50|100/100\n|switch|p1b: Landorus|Landorus-Therian, L50, M|100/100\n|-ability|p1b: Landorus|Intimidate|boost\n|-unboost|p2a: Zamazenta|atk|1\n|-unboost|p2b: Tyranitar|atk|1\n|-ability|p2a: Zamazenta|Dauntless Shield|boost\n|-boost|p2a: Zamazenta|def|1\n|turn|3\n|\n|t:|1774019485\n|move|p1b: Landorus|Stomping Tantrum|p2a: Zamazenta\n|-supereffective|p2a: Zamazenta\n|-damage|p2a: Zamazenta|54/100\n|move|p2a: Zamazenta|Heavy Slam|p1b: Landorus\n|-damage|p1b: Landorus|68/100\n|move|p1a: Lunala|Moongeist Beam|p2b: Tyranitar\n|-damage|p2b: Tyranitar|0 fnt\n|faint|p2b: Tyranitar\n|\n|-weather|Sandstorm|[upkeep]\n|-damage|p1a: Lunala|0 fnt|[from] Sandstorm\n|faint|p1a: Lunala\n|upkeep\n|\n|t:|1774019500\n|switch|p1a: Miraidon|Miraidon, L50|100/100\n|switch|p2b: Excadrill|Excadrill, L50, F|100/100\n|-fieldstart|move: Electric Terrain|[from] ability: Hadron Engine|[of] p1a: Miraidon\n|turn|4\n|\n|t:|1774019517\n|move|p1a: Miraidon|Protect|p1a: Miraidon\n|-singleturn|p1a: Miraidon|Protect\n|move|p2a: Zamazenta|Protect|p2a: Zamazenta\n|-singleturn|p2a: Zamazenta|Protect\n|move|p1b: Landorus|Stomping Tantrum|p2b: Excadrill\n|-supereffective|p2b: Excadrill\n|-crit|p2b: Excadrill\n|-enditem|p2b: Excadrill|Focus Sash\n|-damage|p2b: Excadrill|1/100\n|move|p2b: Excadrill|High Horsepower|p1a: Miraidon\n|-activate|p1a: Miraidon|move: Protect\n|\n|-weather|Sandstorm|[upkeep]\n|-damage|p1a: Miraidon|95/100|[from] Sandstorm\n|upkeep\n|turn|5\n|-message|nerd159 forfeited.\n|\n|win|isthis6thgood\n|raw|isthis6thgood's rating: 1423 &rarr; <strong>1444</strong><br />(+21 for winning)\n|raw|nerd159's rating: 1435 &rarr; <strong>1414</strong><br />(-21 for losing)\n|l|\u2606nerd159\n|player|p2|\n|l|\u2606isthis6thgood\n|player|p1|\n","uploadtime":1774019775,"views":16,"formatid":"gen9vgc2026regi","rating":1414,"private":0,"password":null}