{"id":"gen9vgc2026regi-2517323713","format":"[Gen 9] VGC 2026 Reg I","players":["ghostfacewar","alexit93"],"log":"|j|\u2606ghostfacewar\n|j|\u2606alexit93\n|t:|1768249954\n|gametype|doubles\n|player|p1|ghostfacewar|burglar|1125\n|player|p2|alexit93|lucas-gen4pt|1201\n|gen|9\n|tier|[Gen 9] VGC 2026 Reg I\n|rated|\n|rule|Species Clause: Limit one of each Pok\u00e9mon\n|rule|Item Clause: Limit 1 of each item\n|clearpoke\n|poke|p1|Ceruledge, L50, M|\n|poke|p1|Amoonguss, L50, F|\n|poke|p1|Kingambit, L50, M|\n|poke|p1|Gyarados, L50, M|\n|poke|p1|Flutter Mane, L50|\n|poke|p1|Tornadus, L50, M|\n|poke|p2|Zamazenta-*, L50|\n|poke|p2|Riolu, L50, M|\n|poke|p2|Calyrex-Ice, L50|\n|poke|p2|Rillaboom, L50, F|\n|poke|p2|Incineroar, L50, M|\n|poke|p2|Urshifu-*, L50, F|\n|teampreview|4\n|inactive|Battle timer is ON: inactive players will automatically lose when time's up. (requested by alexit93)\n|l|\u2606ghostfacewar\n|inactive|ghostfacewar disconnected and has a minute to reconnect!\n|player|p1|\n|j|\u2606ghostfacewar\n|inactive|ghostfacewar reconnected and has 70 seconds left.\n|player|p1|ghostfacewar|burglar|\n|inactive|ghostfacewar has 60 seconds left.\n|\n|t:|1768250039\n|teamsize|p1|4\n|teamsize|p2|4\n|start\n|switch|p1a: Amoonguss|Amoonguss, L50, F, shiny|100/100\n|switch|p1b: Tornadus|Tornadus, L50, M|100/100\n|switch|p2a: Urshifu|Urshifu-Rapid-Strike, L50, F|100/100\n|switch|p2b: Riolu|Riolu, L50, M|100/100\n|turn|1\n|\n|t:|1768250060\n|-terastallize|p2a: Urshifu|Water\n|move|p2b: Riolu|Coaching|p2a: Urshifu\n|-boost|p2a: Urshifu|atk|1\n|-boost|p2a: Urshifu|def|1\n|move|p2a: Urshifu|Surging Strikes|p1b: Tornadus\n|-crit|p1b: Tornadus\n|-damage|p1b: Tornadus|48/100\n|-crit|p1b: Tornadus\n|-damage|p1b: Tornadus|0 fnt\n|faint|p1b: Tornadus\n|-hitcount|p1: Tornadus|2\n|move|p1a: Amoonguss|Energy Ball|p2a: Urshifu\n|-supereffective|p2a: Urshifu\n|-damage|p2a: Urshifu|15/100\n|\n|upkeep\n|\n|t:|1768250078\n|switch|p1b: Gyarados|Gyarados, L50, M, shiny|100/100\n|-ability|p1b: Gyarados|Intimidate|boost\n|-unboost|p2a: Urshifu|atk|1\n|-unboost|p2b: Riolu|atk|1\n|turn|2\n|\n|t:|1768250088\n|move|p2b: Riolu|Coaching|p2a: Urshifu\n|-boost|p2a: Urshifu|atk|1\n|-boost|p2a: Urshifu|def|1\n|move|p2a: Urshifu|Surging Strikes|p1b: Gyarados\n|-resisted|p1b: Gyarados\n|-crit|p1b: Gyarados\n|-damage|p1b: Gyarados|77/100\n|-resisted|p1b: Gyarados\n|-crit|p1b: Gyarados\n|-damage|p1b: Gyarados|55/100\n|-resisted|p1b: Gyarados\n|-crit|p1b: Gyarados\n|-damage|p1b: Gyarados|30/100\n|-hitcount|p1b: Gyarados|3\n|move|p1b: Gyarados|Dragon Dance|p1b: Gyarados\n|-boost|p1b: Gyarados|atk|1\n|-boost|p1b: Gyarados|spe|1\n|move|p1a: Amoonguss|Energy Ball|p2a: Urshifu\n|-supereffective|p2a: Urshifu\n|-damage|p2a: Urshifu|0 fnt\n|faint|p2a: Urshifu\n|\n|upkeep\n|\n|t:|1768250095\n|switch|p2a: Incineroar|Incineroar, L50, M|100/100\n|-ability|p2a: Incineroar|Intimidate|boost\n|-unboost|p1a: Amoonguss|atk|1\n|-unboost|p1b: Gyarados|atk|1\n|turn|3\n|inactive|ghostfacewar has 30 seconds left.\n|\n|t:|1768250123\n|move|p2b: Riolu|Coaching|p2a: Incineroar\n|-boost|p2a: Incineroar|atk|1\n|-boost|p2a: Incineroar|def|1\n|move|p1b: Gyarados|Waterfall|p2a: Incineroar\n|-supereffective|p2a: Incineroar\n|-damage|p2a: Incineroar|37/100\n|-damage|p1b: Gyarados|14/100|[from] item: Rocky Helmet|[of] p2a: Incineroar\n|-damage|p1b: Gyarados|4/100|[from] item: Life Orb\n|move|p2a: Incineroar|Knock Off|p1b: Gyarados\n|-damage|p1b: Gyarados|0 fnt\n|-enditem|p1b: Gyarados|Life Orb|[from] move: Knock Off|[of] p2a: Incineroar\n|faint|p1b: Gyarados\n|move|p1a: Amoonguss|Sludge Bomb|p2b: Riolu\n|-damage|p2b: Riolu|70/100\n|\n|upkeep\n|\n|t:|1768250139\n|switch|p1b: Flutter Mane|Flutter Mane, L50|100/100\n|turn|4\n|\n|t:|1768250148\n|switch|p2b: Rillaboom|Rillaboom, L50, F|100/100\n|-fieldstart|move: Grassy Terrain|[from] ability: Grassy Surge|[of] p2b: Rillaboom\n|move|p1b: Flutter Mane|Dazzling Gleam|p2b: Rillaboom|[spread] p2a,p2b\n|-damage|p2a: Incineroar|0 fnt\n|-damage|p2b: Rillaboom|66/100\n|faint|p2a: Incineroar\n|move|p1a: Amoonguss|Spore|p2b: Rillaboom\n|-immune|p2b: Rillaboom\n|\n|-heal|p2b: Rillaboom|71/100|[from] Grassy Terrain\n|upkeep\n|\n|t:|1768250165\n|switch|p2a: Riolu|Riolu, L50, M|70/100\n|turn|5\n|\n|t:|1768250171\n|move|p2b: Rillaboom|Grassy Glide|p1b: Flutter Mane\n|-damage|p1b: Flutter Mane|16/100\n|move|p2a: Riolu|Coaching|p2b: Rillaboom\n|-boost|p2b: Rillaboom|atk|1\n|-boost|p2b: Rillaboom|def|1\n|move|p1b: Flutter Mane|Dazzling Gleam|p2a: Riolu|[spread] p2a,p2b\n|-supereffective|p2a: Riolu\n|-damage|p2a: Riolu|0 fnt\n|-damage|p2b: Rillaboom|35/100\n|faint|p2a: Riolu\n|move|p1a: Amoonguss|Sludge Bomb|p2b: Rillaboom\n|-supereffective|p2b: Rillaboom\n|-damage|p2b: Rillaboom|0 fnt\n|faint|p2b: Rillaboom\n|\n|win|ghostfacewar\n|raw|ghostfacewar's rating: 1125 &rarr; <strong>1155</strong><br />(+30 for winning)\n|raw|alexit93's rating: 1201 &rarr; <strong>1171</strong><br />(-30 for losing)\n|l|\u2606alexit93\n|player|p2|\n|l|\u2606ghostfacewar\n|player|p1|\n","uploadtime":1768250378,"views":11,"formatid":"gen9vgc2026regi","rating":1155,"private":0,"password":null}