{"id":"gen9vgc2026regi-2537912473","format":"[Gen 9] VGC 2026 Reg I","players":["blackred123","dawillys"],"log":"|j|\u2606blackred123\n|j|\u2606dawillys\n|t:|1770862808\n|gametype|doubles\n|player|p1|blackred123|iono-masters|1408\n|player|p2|dawillys|266|1418\n|gen|9\n|tier|[Gen 9] VGC 2026 Reg I\n|rated|\n|rule|Species Clause: Limit one of each Pok\u00e9mon\n|rule|Item Clause: Limit 1 of each item\n|clearpoke\n|poke|p1|Miraidon, L50|\n|poke|p1|Calyrex-Ice, L50|\n|poke|p1|Whimsicott, L50, F|\n|poke|p1|Volcarona, L50, F|\n|poke|p1|Incineroar, L50, F|\n|poke|p1|Urshifu-*, L50, F|\n|poke|p2|Calyrex-Ice, L50|\n|poke|p2|Miraidon, L50|\n|poke|p2|Thundurus, L50, M|\n|poke|p2|Urshifu-*, L50, M|\n|poke|p2|Incineroar, L50, F|\n|poke|p2|Klefki, L50, M|\n|teampreview|4\n|inactive|Battle timer is ON: inactive players will automatically lose when time's up. (requested by blackred123)\n|\n|t:|1770862832\n|teamsize|p1|4\n|teamsize|p2|4\n|start\n|switch|p1a: Miraidon|Miraidon, L50, shiny|100/100\n|switch|p1b: Volcarona|Volcarona, L50, F|100/100\n|switch|p2a: Thundurus|Thundurus, L50, M|100/100\n|switch|p2b: Urshifu|Urshifu-Rapid-Strike, L50, M|100/100\n|-fieldstart|move: Electric Terrain|[from] ability: Hadron Engine|[of] p1a: Miraidon\n|-enditem|p1b: Volcarona|Electric Seed\n|-boost|p1b: Volcarona|def|1|[from] item: Electric Seed\n|turn|1\n|inactive|dawillys has 30 seconds left.\n|\n|t:|1770862862\n|-terastallize|p2b: Urshifu|Steel\n|-terastallize|p1b: Volcarona|Grass\n|move|p2a: Thundurus|Eerie Impulse|p1a: Miraidon\n|-unboost|p1a: Miraidon|spa|2\n|move|p2b: Urshifu|Surging Strikes|p1b: Volcarona\n|-resisted|p1b: Volcarona\n|-crit|p1b: Volcarona\n|-damage|p1b: Volcarona|91/100\n|-status|p2b: Urshifu|brn|[from] ability: Flame Body|[of] p1b: Volcarona\n|-resisted|p1b: Volcarona\n|-crit|p1b: Volcarona\n|-damage|p1b: Volcarona|85/100\n|-resisted|p1b: Volcarona\n|-crit|p1b: Volcarona\n|-damage|p1b: Volcarona|81/100\n|-hitcount|p1b: Volcarona|3\n|move|p1a: Miraidon|Volt Switch|p2b: Urshifu\n|-damage|p2b: Urshifu|44/100 brn\n|\n|t:|1770862880\n|switch|p1a: Calyrex|Calyrex-Ice, L50|100/100|[from] Volt Switch\n|-ability|p1a: Calyrex|As One\n|-ability|p1a: Calyrex|Unnerve\n|move|p1b: Volcarona|Tailwind|p1b: Volcarona\n|-sidestart|p1: blackred123|move: Tailwind\n|\n|-damage|p2b: Urshifu|38/100 brn|[from] brn\n|upkeep\n|turn|2\n|inactive|dawillys has 30 seconds left.\n|\n|t:|1770862912\n|move|p1b: Volcarona|Protect|p1b: Volcarona\n|-singleturn|p1b: Volcarona|Protect\n|move|p2a: Thundurus|Taunt|p1a: Calyrex\n|-start|p1a: Calyrex|move: Taunt\n|move|p2b: Urshifu|Surging Strikes|p1a: Calyrex\n|-crit|p1a: Calyrex\n|-damage|p1a: Calyrex|94/100\n|-crit|p1a: Calyrex\n|-damage|p1a: Calyrex|87/100\n|-crit|p1a: Calyrex\n|-damage|p1a: Calyrex|80/100\n|-hitcount|p1a: Calyrex|3\n|move|p1a: Calyrex|Glacial Lance|p2b: Urshifu|[spread] p2a,p2b\n|-supereffective|p2a: Thundurus\n|-resisted|p2b: Urshifu\n|-damage|p2a: Thundurus|0 fnt\n|-damage|p2b: Urshifu|11/100 brn\n|faint|p2a: Thundurus\n|-ability|p1a: Calyrex|Chilling Neigh|boost\n|-boost|p1a: Calyrex|atk|1\n|\n|-damage|p2b: Urshifu|6/100 brn|[from] brn\n|upkeep\n|j| riyuezi\n|\n|t:|1770862933\n|switch|p2a: Calyrex|Calyrex-Ice, L50|100/100\n|-ability|p2a: Calyrex|As One\n|-ability|p2a: Calyrex|Unnerve\n|turn|3\n|\n|t:|1770862945\n|move|p1b: Volcarona|Fiery Dance|p2a: Calyrex\n|-supereffective|p2a: Calyrex\n|-damage|p2a: Calyrex|60/100\n|move|p2b: Urshifu|Surging Strikes|p1a: Calyrex\n|-crit|p1a: Calyrex\n|-damage|p1a: Calyrex|72/100\n|-crit|p1a: Calyrex\n|-damage|p1a: Calyrex|65/100\n|-crit|p1a: Calyrex\n|-damage|p1a: Calyrex|59/100\n|-hitcount|p1a: Calyrex|3\n|move|p1a: Calyrex|High Horsepower|p2a: Calyrex\n|-damage|p2a: Calyrex|21/100\n|move|p2a: Calyrex|Imprison|p2a: Calyrex\n|-start|p2a: Calyrex|move: Imprison\n|\n|-heal|p2a: Calyrex|27/100|[from] item: Leftovers\n|-damage|p2b: Urshifu|0 fnt|[from] brn\n|faint|p2b: Urshifu\n|upkeep\n|l| riyuezi\n|\n|t:|1770862965\n|switch|p2b: Miraidon|Miraidon, L50|100/100\n|-activate|p2b: Miraidon|ability: Hadron Engine\n|turn|4\n|\n|t:|1770862976\n|move|p2a: Calyrex|Protect|p2a: Calyrex\n|-singleturn|p2a: Calyrex|Protect\n|move|p1b: Volcarona|Fiery Dance|p2a: Calyrex\n|-activate|p2a: Calyrex|move: Protect\n|move|p2b: Miraidon|Dragon Pulse|p1b: Volcarona\n|-damage|p1b: Volcarona|29/100\n|move|p1a: Calyrex|High Horsepower|p2b: Miraidon\n|-supereffective|p2b: Miraidon\n|-damage|p2b: Miraidon|0 fnt\n|faint|p2b: Miraidon\n|-ability|p1a: Calyrex|Chilling Neigh|boost\n|-boost|p1a: Calyrex|atk|1\n|\n|-heal|p2a: Calyrex|33/100|[from] item: Leftovers\n|-end|p1a: Calyrex|move: Taunt\n|-sideend|p1: blackred123|move: Tailwind\n|upkeep\n|turn|5\n|\n|t:|1770862997\n|move|p1b: Volcarona|Fiery Dance|p2a: Calyrex\n|-supereffective|p2a: Calyrex\n|-damage|p2a: Calyrex|0 fnt\n|-boost|p1b: Volcarona|spa|1\n|faint|p2a: Calyrex\n|\n|win|blackred123\n|raw|blackred123's rating: 1408 &rarr; <strong>1429</strong><br />(+21 for winning)\n|raw|dawillys's rating: 1418 &rarr; <strong>1397</strong><br />(-21 for losing)\n","uploadtime":1770863007,"views":25,"formatid":"gen9vgc2026regi","rating":1397,"private":0,"password":null}