{"id":"gen9vgc2026regi-2588957421","format":"[Gen 9] VGC 2026 Reg I","players":["avarussurava","sevaag"],"log":"|j|\u2606avarussurava\n|j|\u2606sevaag\n|t:|1776689405\n|gametype|doubles\n|player|p1|avarussurava|170|1508\n|player|p2|sevaag|clerkf|1555\n|gen|9\n|tier|[Gen 9] VGC 2026 Reg I\n|rated|\n|rule|Species Clause: Limit one of each Pok\u00e9mon\n|rule|Item Clause: Limit 1 of each item\n|clearpoke\n|poke|p1|Tyranitar, L50, F|\n|poke|p1|Kyogre, L50|\n|poke|p1|Zamazenta-*, L50|\n|poke|p1|Gastrodon, L50, M|\n|poke|p1|Sinistcha, L50|\n|poke|p1|Ceruledge, L50, M|\n|poke|p2|Miraidon, L50|\n|poke|p2|Lunala, L50|\n|poke|p2|Whimsicott, L50, M|\n|poke|p2|Urshifu-*, L50, F|\n|poke|p2|Incineroar, L50, M|\n|poke|p2|Ursaluna, L50, F|\n|teampreview|4\navarussurava rejected open team sheets.\n|\n|t:|1776689466\n|teamsize|p1|4\n|teamsize|p2|4\n|start\n|switch|p1a: Zamazenta|Zamazenta-Crowned, L50|100/100\n|switch|p1b: Ceruledge|Ceruledge, L50, M|100/100\n|switch|p2a: Miraidon|Miraidon, L50|100/100\n|switch|p2b: Incineroar|Incineroar, L50, M|100/100\n|-fieldstart|move: Electric Terrain|[from] ability: Hadron Engine|[of] p2a: Miraidon\n|-ability|p1a: Zamazenta|Dauntless Shield|boost\n|-boost|p1a: Zamazenta|def|1\n|-ability|p2b: Incineroar|Intimidate|boost\n|-unboost|p1a: Zamazenta|atk|1\n|-unboost|p1b: Ceruledge|atk|1\n|turn|1\n|\n|t:|1776689488\n|-terastallize|p1a: Zamazenta|Ground\n|move|p2b: Incineroar|Fake Out|p1a: Zamazenta\n|-damage|p1a: Zamazenta|95/100\n|move|p2a: Miraidon|Electro Drift|p1b: Ceruledge\n|-damage|p1b: Ceruledge|0 fnt\n|faint|p1b: Ceruledge\n|-damage|p2a: Miraidon|91/100|[from] item: Life Orb\n|cant|p1a: Zamazenta|flinch\n|\n|upkeep\n|\n|t:|1776689499\n|switch|p1b: Gastrodon|Gastrodon, L50, M|100/100\n|turn|2\n|\n|t:|1776689528\n|move|p2a: Miraidon|Draco Meteor|p1b: Gastrodon|[miss]\n|-miss|p2a: Miraidon|p1b: Gastrodon\n|move|p1a: Zamazenta|Body Press|p2a: Miraidon\n|-damage|p2a: Miraidon|27/100\n|move|p2b: Incineroar|Knock Off|p1a: Zamazenta\n|-damage|p1a: Zamazenta|83/100\n|move|p1b: Gastrodon|Earth Power|p2a: Miraidon\n|-supereffective|p2a: Miraidon\n|-damage|p2a: Miraidon|0 fnt\n|faint|p2a: Miraidon\n|\n|upkeep\n|\n|t:|1776689540\n|switch|p2a: Lunala|Lunala, L50|100/100\n|-enditem|p2a: Lunala|Electric Seed\n|-boost|p2a: Lunala|def|1|[from] item: Electric Seed\n|turn|3\n|\n|t:|1776689554\n|move|p1b: Gastrodon|Protect|p1b: Gastrodon\n|-singleturn|p1b: Gastrodon|Protect\n|move|p1a: Zamazenta|Body Press|p2b: Incineroar\n|-supereffective|p2b: Incineroar\n|-damage|p2b: Incineroar|0 fnt\n|faint|p2b: Incineroar\n|move|p2a: Lunala|Trick Room|p2a: Lunala\n|-fieldstart|move: Trick Room|[of] p2a: Lunala\n|\n|upkeep\n|\n|t:|1776689558\n|switch|p2b: Ursaluna|Ursaluna, L50, F|100/100\n|turn|4\n|\n|t:|1776689570\n|switch|p1b: Sinistcha|Sinistcha, L50|100/100\n|-heal|p1a: Zamazenta|100/100|[from] ability: Hospitality|[of] p1b: Sinistcha\n|move|p2b: Ursaluna|Protect|p2b: Ursaluna\n|-singleturn|p2b: Ursaluna|Protect\n|move|p2a: Lunala|Moongeist Beam|p1a: Zamazenta\n|-damage|p1a: Zamazenta|61/100\n|move|p1a: Zamazenta|Body Press|p2b: Ursaluna\n|-activate|p2b: Ursaluna|move: Protect\n|\n|-status|p2b: Ursaluna|brn|[from] item: Flame Orb\n|upkeep\n|turn|5\n|\n|t:|1776689583\n|-terastallize|p2b: Ursaluna|Ghost\n|move|p2a: Lunala|Wide Guard|p2a: Lunala\n|-singleturn|p2a: Lunala|Wide Guard\n|move|p1a: Zamazenta|Wide Guard|p1a: Zamazenta\n|-singleturn|p1a: Zamazenta|Wide Guard\n|move|p2b: Ursaluna|Earthquake|p1b: Sinistcha|[spread] \n|-activate|p2a: Lunala|move: Wide Guard\n|-activate|p1a: Zamazenta|move: Wide Guard\n|-activate|p1b: Sinistcha|move: Wide Guard\n|move|p1b: Sinistcha|Matcha Gotcha|p2b: Ursaluna|[spread] \n|-activate|p2a: Lunala|move: Wide Guard\n|-activate|p2b: Ursaluna|move: Wide Guard\n|\n|-damage|p2b: Ursaluna|94/100 brn|[from] brn\n|-fieldend|move: Electric Terrain\n|upkeep\n|turn|6\n|\n|t:|1776689601\n|move|p2b: Ursaluna|Protect|p2b: Ursaluna\n|-singleturn|p2b: Ursaluna|Protect\n|move|p1a: Zamazenta|Wide Guard|p1a: Zamazenta\n|-singleturn|p1a: Zamazenta|Wide Guard\n|move|p1b: Sinistcha|Shadow Ball|p2a: Lunala\n|-supereffective|p2a: Lunala\n|-damage|p2a: Lunala|45/100\n|move|p2a: Lunala|Moongeist Beam|p1b: Sinistcha\n|-supereffective|p1b: Sinistcha\n|-damage|p1b: Sinistcha|0 fnt\n|faint|p1b: Sinistcha\n|\n|-damage|p2b: Ursaluna|88/100 brn|[from] brn\n|upkeep\n|\n|t:|1776689615\n|switch|p1b: Gastrodon|Gastrodon, L50, M|100/100\n|turn|7\n|\n|t:|1776689624\n|move|p1b: Gastrodon|Earth Power|p2a: Lunala\n|-damage|p2a: Lunala|24/100\n|move|p2b: Ursaluna|Facade|p1a: Zamazenta\n|-damage|p1a: Zamazenta|14/100\n|move|p2a: Lunala|Moongeist Beam|p1a: Zamazenta\n|-damage|p1a: Zamazenta|0 fnt\n|faint|p1a: Zamazenta\n|\n|-damage|p2b: Ursaluna|82/100 brn|[from] brn\n|-fieldend|move: Trick Room\n|upkeep\n|turn|8\n|-message|avarussurava forfeited.\n|\n|win|sevaag\n|raw|avarussurava's rating: 1508 &rarr; <strong>1491</strong><br />(-17 for losing)\n|raw|sevaag's rating: 1555 &rarr; <strong>1572</strong><br />(+17 for winning)\n|l|\u2606avarussurava\n|player|p1|\n|c|\u2606sevaag|gg\n|l|\u2606sevaag\n|player|p2|\n","uploadtime":1776689841,"views":12,"formatid":"gen9vgc2026regi","rating":1491,"private":0,"password":null}