{"id":"gen9vgc2026regi-2560598869","format":"[Gen 9] VGC 2026 Reg I","players":["noahrba","It'sJustKen VGC"],"log":"|j|\u2606noahrba\n|j|\u2606It'sJustKen VGC\n|t:|1773703035\n|gametype|doubles\n|player|p1|noahrba|cyclist|1306\n|player|p2|It'sJustKen VGC|2|1410\n|gen|9\n|tier|[Gen 9] VGC 2026 Reg I\n|rated|\n|rule|Species Clause: Limit one of each Pok\u00e9mon\n|rule|Item Clause: Limit 1 of each item\n|clearpoke\n|poke|p1|Zamazenta-*, L50|\n|poke|p1|Calyrex-Shadow, L50|\n|poke|p1|Chien-Pao, L50|\n|poke|p1|Dragonite, L50, M|\n|poke|p1|Raging Bolt, L50|\n|poke|p1|Amoonguss, L50, M|\n|poke|p2|Farigiraf, L50, F|\n|poke|p2|Incineroar, L50, F|\n|poke|p2|Torkoal, L50, F|\n|poke|p2|Calyrex-Shadow, L50|\n|poke|p2|Amoonguss, L50, M|\n|poke|p2|Zamazenta-*, L50|\n|teampreview|4\n|inactive|Battle timer is ON: inactive players will automatically lose when time's up. (requested by noahrba)\n|inactive|It'sJustKen VGC also wants the timer to be on.\n|inactive|It'sJustKen VGC has 60 seconds left.\n|inactive|It'sJustKen VGC has 30 seconds left.\n|\n|t:|1773703098\n|teamsize|p1|4\n|teamsize|p2|4\n|start\n|switch|p1a: Zamazenta|Zamazenta-Crowned, L50|100/100\n|switch|p1b: Raging Bolt|Raging Bolt, L50|100/100\n|switch|p2a: Farigiraf|Farigiraf, L50, F|100/100\n|switch|p2b: Incineroar|Incineroar, L50, F|100/100\n|-ability|p1a: Zamazenta|Dauntless Shield|boost\n|-boost|p1a: Zamazenta|def|1\n|-ability|p2b: Incineroar|Intimidate|boost\n|-unboost|p1a: Zamazenta|atk|1\n|-unboost|p1b: Raging Bolt|atk|1\n|turn|1\n|inactive|noahrba has 30 seconds left.\n|\n|t:|1773703130\n|move|p2b: Incineroar|Fake Out|p1a: Zamazenta\n|-resisted|p1a: Zamazenta\n|-damage|p1a: Zamazenta|98/100\n|cant|p1a: Zamazenta|flinch\n|move|p1b: Raging Bolt|Thunderbolt|p2a: Farigiraf\n|-damage|p2a: Farigiraf|54/100\n|move|p2a: Farigiraf|Trick Room|p2a: Farigiraf\n|-fieldstart|move: Trick Room|[of] p2a: Farigiraf\n|\n|upkeep\n|turn|2\n|\n|t:|1773703147\n|move|p2a: Farigiraf|Protect|p2a: Farigiraf\n|-singleturn|p2a: Farigiraf|Protect\n|move|p1a: Zamazenta|Protect|p1a: Zamazenta\n|-singleturn|p1a: Zamazenta|Protect\n|move|p2b: Incineroar|Knock Off|p1b: Raging Bolt\n|-damage|p1b: Raging Bolt|56/100\n|-enditem|p1b: Raging Bolt|Assault Vest|[from] move: Knock Off|[of] p2b: Incineroar\n|move|p1b: Raging Bolt|Draco Meteor|p2a: Farigiraf\n|-activate|p2a: Farigiraf|move: Protect\n|\n|upkeep\n|turn|3\n|\n|t:|1773703160\n|-terastallize|p1a: Zamazenta|Fire\n|move|p2b: Incineroar|Knock Off|p1b: Raging Bolt\n|-damage|p1b: Raging Bolt|29/100\n|move|p2a: Farigiraf|Hyper Voice|p1b: Raging Bolt|[spread] p1a,p1b\n|-damage|p1a: Zamazenta|75/100\n|-damage|p1b: Raging Bolt|3/100\n|-enditem|p2a: Farigiraf|Throat Spray\n|-boost|p2a: Farigiraf|spa|1|[from] item: Throat Spray\n|move|p1b: Raging Bolt|Draco Meteor|p2a: Farigiraf\n|-damage|p2a: Farigiraf|0 fnt\n|-unboost|p1b: Raging Bolt|spa|2\n|faint|p2a: Farigiraf\n|move|p1a: Zamazenta|Body Press|p2b: Incineroar\n|-supereffective|p2b: Incineroar\n|-damage|p2b: Incineroar|0 fnt\n|faint|p2b: Incineroar\n|\n|upkeep\n|\n|t:|1773703164\n|switch|p2b: Calyrex|Calyrex-Shadow, L50|100/100\n|switch|p2a: Torkoal|Torkoal, L50, F|100/100\n|-ability|p2b: Calyrex|As One\n|-ability|p2b: Calyrex|Unnerve\n|-weather|SunnyDay|[from] ability: Drought|[of] p2a: Torkoal\n|-activate|p1b: Raging Bolt|ability: Protosynthesis\n|-start|p1b: Raging Bolt|protosynthesisdef\n|turn|4\n|inactive|noahrba has 30 seconds left.\n|\n|t:|1773703192\n|move|p1a: Zamazenta|Protect|p1a: Zamazenta\n|-singleturn|p1a: Zamazenta|Protect\n|move|p2b: Calyrex|Protect|p2b: Calyrex\n|-singleturn|p2b: Calyrex|Protect\n|move|p1b: Raging Bolt|Thunderclap||[still]\n|-fail|p1b: Raging Bolt\n|move|p2a: Torkoal|Earth Power|p1a: Zamazenta\n|-activate|p1a: Zamazenta|move: Protect\n|\n|-weather|SunnyDay|[upkeep]\n|upkeep\n|turn|5\n|inactive|noahrba has 30 seconds left.\n|\n|t:|1773703225\n|move|p2a: Torkoal|Earth Power|p1b: Raging Bolt\n|-supereffective|p1b: Raging Bolt\n|-damage|p1b: Raging Bolt|0 fnt\n|faint|p1b: Raging Bolt\n|-end|p1b: Raging Bolt|Protosynthesis|[silent]\n|move|p1a: Zamazenta|Body Press|p2a: Torkoal\n|-damage|p2a: Torkoal|46/100\n|move|p2b: Calyrex|Imprison|p2b: Calyrex\n|-start|p2b: Calyrex|move: Imprison\n|\n|-weather|SunnyDay|[upkeep]\n|-fieldend|move: Trick Room\n|upkeep\n|\n|t:|1773703235\n|switch|p1b: Amoonguss|Amoonguss, L50, M|100/100\n|turn|6\n|inactive|It'sJustKen VGC has 30 seconds left.\n|\n|t:|1773703268\n|-terastallize|p2b: Calyrex|Ghost\n|move|p2b: Calyrex|Astral Barrage|p1a: Zamazenta|[spread] p1a,p1b\n|-damage|p1a: Zamazenta|19/100\n|-damage|p1b: Amoonguss|37/100\n|move|p1a: Zamazenta|Body Press|p2a: Torkoal\n|-damage|p2a: Torkoal|0 fnt\n|faint|p2a: Torkoal\n|move|p1b: Amoonguss|Spore|p2b: Calyrex\n|-status|p2b: Calyrex|slp|[from] move: Spore\n|\n|-weather|SunnyDay|[upkeep]\n|upkeep\n|turn|7\n|\n|t:|1773703282\n|switch|p1b: Calyrex|Calyrex-Shadow, L50|100/100\n|-ability|p1b: Calyrex|As One\n|-ability|p1b: Calyrex|Unnerve\n|cant|p2b: Calyrex|slp\n|move|p1a: Zamazenta|Heavy Slam|p2b: Calyrex\n|-damage|p2b: Calyrex|64/100 slp\n|\n|-weather|SunnyDay|[upkeep]\n|upkeep\n|turn|8\n|inactive|It'sJustKen VGC has 30 seconds left.\n|\n|t:|1773703316\n|move|p1a: Zamazenta|Wide Guard|p1a: Zamazenta\n|-singleturn|p1a: Zamazenta|Wide Guard\n|cant|p2b: Calyrex|slp\n|move|p1b: Calyrex|Encore|p2b: Calyrex\n|-start|p2b: Calyrex|Encore\n|\n|-weather|none\n|upkeep\n|turn|9\n|\n|t:|1773703324\n|switch|p1b: Amoonguss|Amoonguss, L50, M|71/100\n|move|p1a: Zamazenta|Wide Guard|p1a: Zamazenta\n|-singleturn|p1a: Zamazenta|Wide Guard\n|cant|p2b: Calyrex|slp\n|\n|upkeep\n|turn|10\n|\n|t:|1773703331\n|move|p1a: Zamazenta|Wide Guard|p1a: Zamazenta\n|-singleturn|p1a: Zamazenta|Wide Guard\n|-curestatus|p2b: Calyrex|slp|[msg]\n|move|p2b: Calyrex|Astral Barrage|p1a: Zamazenta|[spread] \n|-activate|p1a: Zamazenta|move: Wide Guard\n|-activate|p1b: Amoonguss|move: Wide Guard\n|move|p1b: Amoonguss|Sludge Bomb|p2b: Calyrex\n|-resisted|p2b: Calyrex\n|-damage|p2b: Calyrex|49/100\n|-status|p2b: Calyrex|psn\n|\n|-damage|p2b: Calyrex|36/100 psn|[from] psn\n|upkeep\n|turn|11\n|\n|t:|1773703343\n|move|p1a: Zamazenta|Wide Guard|p1a: Zamazenta\n|-singleturn|p1a: Zamazenta|Wide Guard\n|move|p2b: Calyrex|Astral Barrage|p1b: Amoonguss|[spread] \n|-activate|p1a: Zamazenta|move: Wide Guard\n|-activate|p1b: Amoonguss|move: Wide Guard\n|move|p1b: Amoonguss|Sludge Bomb|p2b: Calyrex\n|-resisted|p2b: Calyrex\n|-damage|p2b: Calyrex|23/100 psn\n|\n|-damage|p2b: Calyrex|10/100 psn|[from] psn\n|-end|p2b: Calyrex|Encore\n|upkeep\n|turn|12\n|inactive|It'sJustKen VGC has 30 seconds left.\n|\n|t:|1773703374\n|move|p1a: Zamazenta|Wide Guard|p1a: Zamazenta\n|-singleturn|p1a: Zamazenta|Wide Guard\n|move|p2b: Calyrex|Psychic|p1b: Amoonguss\n|-supereffective|p1b: Amoonguss\n|-damage|p1b: Amoonguss|0 fnt\n|faint|p1b: Amoonguss\n|-ability|p2b: Calyrex|Grim Neigh|boost\n|-boost|p2b: Calyrex|spa|1\n|\n|-damage|p2b: Calyrex|0 fnt|[from] psn\n|faint|p2b: Calyrex\n|\n|win|noahrba\n|raw|noahrba's rating: 1306 &rarr; <strong>1332</strong><br />(+26 for winning)\n|raw|It&apos;sJustKen VGC's rating: 1405 &rarr; <strong>1379</strong><br />(-26 for losing)\n","uploadtime":1773703376,"views":10,"formatid":"gen9vgc2026regi","rating":1332,"private":0,"password":null}