{"id":"gen9vgc2026regi-2526687771","format":"[Gen 9] VGC 2026 Reg I","players":["i\u2764\u5a1c\u7984forever","dasabei\u53cc\u6253\u9053\u9986"],"log":"|j|\u2606i\u2764\u5a1c\u7984forever\n|j|\u2606dasabei\u53cc\u6253\u9053\u9986\n|t:|1769448228\n|gametype|doubles\n|player|p1|i\u2764\u5a1c\u7984forever|youngcouple-gen4dp|1351\n|player|p2|dasabei\u53cc\u6253\u9053\u9986|may-masters4|1379\n|gen|9\n|tier|[Gen 9] VGC 2026 Reg I\n|rated|\n|rule|Species Clause: Limit one of each Pok\u00e9mon\n|rule|Item Clause: Limit 1 of each item\n|clearpoke\n|poke|p1|Groudon, L50|\n|poke|p1|Kyurem-White, L50|\n|poke|p1|Brute Bonnet, L50|\n|poke|p1|Heatran, L50, F|\n|poke|p1|Whimsicott, L50, F|\n|poke|p1|Incineroar, L50, M|\n|poke|p2|Miraidon, L50|\n|poke|p2|Groudon, L50|\n|poke|p2|Farigiraf, L50, F|\n|poke|p2|Ogerpon-Hearthflame, L50, F|\n|poke|p2|Iron Hands, L50|\n|poke|p2|Jumpluff, L50, F|\n|teampreview|4\n|\n|t:|1769448241\n|teamsize|p1|4\n|teamsize|p2|4\n|start\n|switch|p1a: Whimsicott|Whimsicott, L50, F|100/100\n|switch|p1b: Kyurem|Kyurem-White, L50|100/100\n|switch|p2a: P\u56fa\u771f\u5927|Groudon, L50|100/100\n|switch|p2b: \u5f3a\u6bfd\u5c0f\u5b50|Jumpluff, L50, F, shiny|100/100\n|-weather|SunnyDay|[from] ability: Drought|[of] p2a: P\u56fa\u771f\u5927\n|-ability|p1b: Kyurem|Turboblaze\n|turn|1\n|\n|t:|1769448249\n|move|p1a: Whimsicott|Tailwind|p1a: Whimsicott\n|-sidestart|p1: i\u2764\u5a1c\u7984forever|move: Tailwind\n|move|p2b: \u5f3a\u6bfd\u5c0f\u5b50|Fling|p1b: Kyurem\n|-damage|p1b: Kyurem|97/100\n|-enditem|p2b: \u5f3a\u6bfd\u5c0f\u5b50|King's Rock|[from] move: Fling\n|cant|p1b: Kyurem|flinch\n|move|p2a: P\u56fa\u771f\u5927|Precipice Blades|p1a: Whimsicott|[spread] p1a,p1b\n|-resisted|p1a: Whimsicott\n|-crit|p1b: Kyurem\n|-damage|p1a: Whimsicott|25/100\n|-damage|p1b: Kyurem|0 fnt\n|faint|p1b: Kyurem\n|\n|-weather|SunnyDay|[upkeep]\n|upkeep\n|\n|t:|1769448266\n|switch|p1b: Groudon|Groudon, L50|100/100\n|turn|2\n|\n|t:|1769448277\n|switch|p2b: \u5c0f\u5934\u63a7\u5927\u5934|Farigiraf, L50, F, shiny|100/100\n|move|p1a: Whimsicott|Endeavor|p2a: P\u56fa\u771f\u5927\n|-damage|p2a: P\u56fa\u771f\u5927|17/100\n|move|p1b: Groudon|Heat Crash|p2b: \u5c0f\u5934\u63a7\u5927\u5934\n|-damage|p2b: \u5c0f\u5934\u63a7\u5927\u5934|39/100\n|move|p2a: P\u56fa\u771f\u5927|Precipice Blades|p1b: Groudon|[spread] p1a,p1b\n|-resisted|p1a: Whimsicott\n|-damage|p1a: Whimsicott|0 fnt\n|-damage|p1b: Groudon|50/100\n|faint|p1a: Whimsicott\n|\n|-weather|SunnyDay|[upkeep]\n|upkeep\n|\n|t:|1769448289\n|switch|p1a: Incineroar|Incineroar, L50, M|100/100\n|-ability|p1a: Incineroar|Intimidate|boost\n|-unboost|p2a: P\u56fa\u771f\u5927|atk|1\n|-unboost|p2b: \u5c0f\u5934\u63a7\u5927\u5934|atk|1\n|turn|3\n|\n|t:|1769448294\n|move|p1b: Groudon|Precipice Blades|p2b: \u5c0f\u5934\u63a7\u5927\u5934|[spread] p2a\n|-miss|p1b: Groudon|p2b: \u5c0f\u5934\u63a7\u5927\u5934\n|-damage|p2a: P\u56fa\u771f\u5927|0 fnt\n|faint|p2a: P\u56fa\u771f\u5927\n|move|p1a: Incineroar|Knock Off|p2b: \u5c0f\u5934\u63a7\u5927\u5934\n|-supereffective|p2b: \u5c0f\u5934\u63a7\u5927\u5934\n|-damage|p2b: \u5c0f\u5934\u63a7\u5927\u5934|0 fnt\n|-enditem|p2b: \u5c0f\u5934\u63a7\u5927\u5934|Electric Seed|[from] move: Knock Off|[of] p1a: Incineroar\n|faint|p2b: \u5c0f\u5934\u63a7\u5927\u5934\n|\n|-weather|SunnyDay|[upkeep]\n|upkeep\n|\n|t:|1769448298\n|switch|p2a: \u5f3a\u6bfd\u5c0f\u5b50|Jumpluff, L50, F, shiny|100/100\n|switch|p2b: \u94f6\u91d1\u5996\u86c7|Miraidon, L50, shiny|100/100\n|-fieldstart|move: Electric Terrain|[from] ability: Hadron Engine|[of] p2b: \u94f6\u91d1\u5996\u86c7\n|turn|4\n|\n|t:|1769448311\n|move|p2a: \u5f3a\u6bfd\u5c0f\u5b50|Tailwind|p2a: \u5f3a\u6bfd\u5c0f\u5b50\n|-sidestart|p2: dasabei\u53cc\u6253\u9053\u9986|move: Tailwind\n|move|p2b: \u94f6\u91d1\u5996\u86c7|Draco Meteor|p1b: Groudon\n|-damage|p1b: Groudon|0 fnt\n|-unboost|p2b: \u94f6\u91d1\u5996\u86c7|spa|2\n|faint|p1b: Groudon\n|move|p1a: Incineroar|Flare Blitz|p2a: \u5f3a\u6bfd\u5c0f\u5b50\n|-supereffective|p2a: \u5f3a\u6bfd\u5c0f\u5b50\n|-damage|p2a: \u5f3a\u6bfd\u5c0f\u5b50|0 fnt\n|faint|p2a: \u5f3a\u6bfd\u5c0f\u5b50\n|-damage|p1a: Incineroar|74/100|[from] Recoil\n|\n|-weather|SunnyDay|[upkeep]\n|-sideend|p1: i\u2764\u5a1c\u7984forever|move: Tailwind\n|upkeep\n|turn|5\n|\n|t:|1769448327\n|-terastallize|p1a: Incineroar|Fire\n|move|p2b: \u94f6\u91d1\u5996\u86c7|Draco Meteor|p1a: Incineroar\n|-damage|p1a: Incineroar|20/100\n|-unboost|p2b: \u94f6\u91d1\u5996\u86c7|spa|2\n|-enditem|p1a: Incineroar|Figy Berry|[eat]\n|-heal|p1a: Incineroar|53/100|[from] item: Figy Berry\n|move|p1a: Incineroar|Flare Blitz|p2b: \u94f6\u91d1\u5996\u86c7\n|-resisted|p2b: \u94f6\u91d1\u5996\u86c7\n|-damage|p2b: \u94f6\u91d1\u5996\u86c7|45/100\n|-damage|p1a: Incineroar|38/100|[from] Recoil\n|\n|-weather|none\n|upkeep\n|turn|6\n|\n|t:|1769448344\n|move|p2b: \u94f6\u91d1\u5996\u86c7|Draco Meteor|p1a: Incineroar\n|-damage|p1a: Incineroar|0 fnt\n|-unboost|p2b: \u94f6\u91d1\u5996\u86c7|spa|2\n|faint|p1a: Incineroar\n|\n|win|dasabei\u53cc\u6253\u9053\u9986\n|raw|i\u2764\u5a1c\u7984forever's rating: 1351 &rarr; <strong>1333</strong><br />(-18 for losing)\n|raw|dasabei\u53cc\u6253\u9053\u9986's rating: 1379 &rarr; <strong>1397</strong><br />(+18 for winning)\n|l|\u2606dasabei\u53cc\u6253\u9053\u9986\n|player|p2|\n|l|\u2606i\u2764\u5a1c\u7984forever\n|player|p1|\n","uploadtime":1769448579,"views":12,"formatid":"gen9vgc2026regi","rating":1333,"private":0,"password":null}