{"id":"gen9vgc2026regi-2522388441","format":"[Gen 9] VGC 2026 Reg I","players":["JKBulbe","blackred123"],"log":"|j|\u2606JKBulbe\n|j|\u2606blackred123\n|t:|1768899504\n|gametype|doubles\n|player|p1|JKBulbe|266|1072\n|player|p2|blackred123|iono-masters|1172\n|gen|9\n|tier|[Gen 9] VGC 2026 Reg I\n|rated|\n|rule|Species Clause: Limit one of each Pok\u00e9mon\n|rule|Item Clause: Limit 1 of each item\n|clearpoke\n|poke|p1|Necrozma-Dusk-Mane, L50|\n|poke|p1|Lunala, L50|\n|poke|p1|Hitmontop, L50, M|\n|poke|p1|Chien-Pao, L50|\n|poke|p1|Flutter Mane, L50|\n|poke|p1|Ursaluna-Bloodmoon, L50, M|\n|poke|p2|Zacian-*, L50|\n|poke|p2|Kyogre, L50|\n|poke|p2|Amoonguss, L50, M|\n|poke|p2|Incineroar, L50, F|\n|poke|p2|Urshifu-*, L50, M|\n|poke|p2|Iron Jugulis, L50|\n|teampreview|4\n|inactive|Battle timer is ON: inactive players will automatically lose when time's up. (requested by blackred123)\n|inactive|JKBulbe has 60 seconds left.\n|\n|t:|1768899550\n|teamsize|p1|4\n|teamsize|p2|4\n|start\n|switch|p1a: Flutter Mane|Flutter Mane, L50, shiny|100/100\n|switch|p1b: Necrozma|Necrozma-Dusk-Mane, L50, shiny|100/100\n|switch|p2a: \u4e3b\u4eba\ud83d\ude2d\ud83e\udd75|Incineroar, L50, F|100/100\n|switch|p2b: \u53eb\u6211\u4e3b\u4eba\ud83d\ude21|Urshifu-Rapid-Strike, L50, M|100/100\n|-ability|p2a: \u4e3b\u4eba\ud83d\ude2d\ud83e\udd75|Intimidate|boost\n|-unboost|p1a: Flutter Mane|atk|1\n|-unboost|p1b: Necrozma|atk|1\n|-enditem|p1a: Flutter Mane|Booster Energy\n|-activate|p1a: Flutter Mane|ability: Protosynthesis|[fromitem]\n|-start|p1a: Flutter Mane|protosynthesisspe\n|turn|1\n|inactive|blackred123 has 30 seconds left.\n|\n|t:|1768899579\n|-terastallize|p2b: \u53eb\u6211\u4e3b\u4eba\ud83d\ude21|Ghost\n|move|p1b: Necrozma|Protect|p1b: Necrozma\n|-singleturn|p1b: Necrozma|Protect\n|move|p2a: \u4e3b\u4eba\ud83d\ude2d\ud83e\udd75|Fake Out|p1b: Necrozma\n|-activate|p1b: Necrozma|move: Protect\n|move|p1a: Flutter Mane|Moonblast|p2b: \u53eb\u6211\u4e3b\u4eba\ud83d\ude21\n|-damage|p2b: \u53eb\u6211\u4e3b\u4eba\ud83d\ude21|29/100\n|move|p2b: \u53eb\u6211\u4e3b\u4eba\ud83d\ude21|Surging Strikes|p1a: Flutter Mane\n|-crit|p1a: Flutter Mane\n|-damage|p1a: Flutter Mane|52/100\n|-crit|p1a: Flutter Mane\n|-damage|p1a: Flutter Mane|9/100\n|-crit|p1a: Flutter Mane\n|-damage|p1a: Flutter Mane|0 fnt\n|faint|p1a: Flutter Mane\n|-end|p1a: Flutter Mane|Protosynthesis|[silent]\n|-hitcount|p1: Flutter Mane|3\n|\n|upkeep\n|\n|t:|1768899589\n|switch|p1a: Chien-Pao|Chien-Pao, L50|100/100\n|-ability|p1a: Chien-Pao|Sword of Ruin\n|turn|2\n|\n|t:|1768899608\n|switch|p2b: \u963f\u5c14\u6258\u8389\u96c5|Zacian-Crowned, L50, shiny|100/100\n|-ability|p2b: \u963f\u5c14\u6258\u8389\u96c5|Intrepid Sword|boost\n|-boost|p2b: \u963f\u5c14\u6258\u8389\u96c5|atk|1\n|-terastallize|p1b: Necrozma|Dragon\n|move|p1a: Chien-Pao|Ice Shard|p1b: Necrozma\n|-supereffective|p1b: Necrozma\n|-damage|p1b: Necrozma|74/100\n|-enditem|p1b: Necrozma|Weakness Policy\n|-boost|p1b: Necrozma|atk|2|[from] item: Weakness Policy\n|-boost|p1b: Necrozma|spa|2|[from] item: Weakness Policy\n|move|p2a: \u4e3b\u4eba\ud83d\ude2d\ud83e\udd75|Will-O-Wisp|p1a: Chien-Pao|[miss]\n|-miss|p2a: \u4e3b\u4eba\ud83d\ude2d\ud83e\udd75|p1a: Chien-Pao\n|move|p1b: Necrozma|Earthquake|p2a: \u4e3b\u4eba\ud83d\ude2d\ud83e\udd75|[spread] p1a,p2a,p2b\n|-supereffective|p2a: \u4e3b\u4eba\ud83d\ude2d\ud83e\udd75\n|-supereffective|p2b: \u963f\u5c14\u6258\u8389\u96c5\n|-damage|p1a: Chien-Pao|38/100\n|-damage|p2a: \u4e3b\u4eba\ud83d\ude2d\ud83e\udd75|0 fnt\n|-damage|p2b: \u963f\u5c14\u6258\u8389\u96c5|0 fnt\n|faint|p2a: \u4e3b\u4eba\ud83d\ude2d\ud83e\udd75\n|faint|p2b: \u963f\u5c14\u6258\u8389\u96c5\n|\n|upkeep\n|\n|t:|1768899624\n|switch|p2b: \u53eb\u6211\u4e3b\u4eba\ud83d\ude21|Urshifu-Rapid-Strike, L50, M, tera:Ghost|29/100\n|switch|p2a: \u9a6c\u5243\u5929\u7231\u661f|Kyogre, L50, shiny|100/100\n|-weather|RainDance|[from] ability: Drizzle|[of] p2a: \u9a6c\u5243\u5929\u7231\u661f\n|turn|3\n|\n|t:|1768899648\n|move|p2b: \u53eb\u6211\u4e3b\u4eba\ud83d\ude21|Surging Strikes|p1b: Necrozma\n|-resisted|p1b: Necrozma\n|-crit|p1b: Necrozma\n|-damage|p1b: Necrozma|59/100\n|-resisted|p1b: Necrozma\n|-crit|p1b: Necrozma\n|-damage|p1b: Necrozma|44/100\n|-resisted|p1b: Necrozma\n|-crit|p1b: Necrozma\n|-damage|p1b: Necrozma|29/100\n|-hitcount|p1b: Necrozma|3\n|move|p1a: Chien-Pao|Crunch|p2b: \u53eb\u6211\u4e3b\u4eba\ud83d\ude21\n|-supereffective|p2b: \u53eb\u6211\u4e3b\u4eba\ud83d\ude21\n|-damage|p2b: \u53eb\u6211\u4e3b\u4eba\ud83d\ude21|0 fnt\n|faint|p2b: \u53eb\u6211\u4e3b\u4eba\ud83d\ude21\n|move|p2a: \u9a6c\u5243\u5929\u7231\u661f|Origin Pulse|p1b: Necrozma|[spread] p1a,p1b\n|-crit|p1a: Chien-Pao\n|-resisted|p1b: Necrozma\n|-damage|p1a: Chien-Pao|0 fnt\n|-damage|p1b: Necrozma|1/100\n|faint|p1a: Chien-Pao\n|move|p1b: Necrozma|Earthquake|p2a: \u9a6c\u5243\u5929\u7231\u661f\n|-damage|p2a: \u9a6c\u5243\u5929\u7231\u661f|51/100\n|\n|-weather|RainDance|[upkeep]\n|upkeep\n|\n|t:|1768899657\n|switch|p1a: Hitmontop|Hitmontop, L50, M, shiny|100/100\n|-ability|p1a: Hitmontop|Intimidate|boost\n|-unboost|p2a: \u9a6c\u5243\u5929\u7231\u661f|atk|1\n|turn|4\n|\n|t:|1768899673\n|move|p1a: Hitmontop|Fake Out|p2a: \u9a6c\u5243\u5929\u7231\u661f\n|-damage|p2a: \u9a6c\u5243\u5929\u7231\u661f|41/100\n|cant|p2a: \u9a6c\u5243\u5929\u7231\u661f|flinch\n|move|p1b: Necrozma|Trick Room|p1b: Necrozma\n|-fieldstart|move: Trick Room|[of] p1b: Necrozma\n|\n|-weather|RainDance|[upkeep]\n|upkeep\n|turn|5\n|\n|t:|1768899685\n|move|p1a: Hitmontop|Feint|p2a: \u9a6c\u5243\u5929\u7231\u661f\n|-damage|p2a: \u9a6c\u5243\u5929\u7231\u661f|31/100\n|move|p1b: Necrozma|Earthquake|p2a: \u9a6c\u5243\u5929\u7231\u661f|[spread] p1a,p2a\n|-damage|p1a: Hitmontop|43/100\n|-damage|p2a: \u9a6c\u5243\u5929\u7231\u661f|0 fnt\n|faint|p2a: \u9a6c\u5243\u5929\u7231\u661f\n|\n|win|JKBulbe\n|raw|JKBulbe's rating: 1072 &rarr; <strong>1109</strong><br />(+37 for winning)\n|raw|blackred123's rating: 1172 &rarr; <strong>1140</strong><br />(-32 for losing)\n|l|\u2606blackred123\n|player|p2|\n","uploadtime":1768899821,"views":24,"formatid":"gen9vgc2026regi","rating":1109,"private":0,"password":null}