{"id":"gen9vgc2026regi-2518009786","format":"[Gen 9] VGC 2026 Reg I","players":["Rillabossman","ToiletClogger456"],"log":"|j|\u2606Rillabossman\n|j|\u2606ToiletClogger456\n|t:|1768333349\n|gametype|doubles\n|player|p1|Rillabossman|burglar|1319\n|player|p2|ToiletClogger456|1|1416\n|gen|9\n|tier|[Gen 9] VGC 2026 Reg I\n|rated|\n|rule|Species Clause: Limit one of each Pok\u00e9mon\n|rule|Item Clause: Limit 1 of each item\n|clearpoke\n|poke|p1|Calyrex-Shadow, L50|\n|poke|p1|Zamazenta-*, L50|\n|poke|p1|Rillaboom, L50, F|\n|poke|p1|Incineroar, L50, F|\n|poke|p1|Raging Bolt, L50|\n|poke|p1|Ogerpon-Hearthflame, L50, F|\n|poke|p2|Eternatus, L50|\n|poke|p2|Ho-Oh, L50|\n|poke|p2|Rillaboom, L50, F|\n|poke|p2|Incineroar, L50, F|\n|poke|p2|Ting-Lu, L50|\n|poke|p2|Vaporeon, L50, F|\n|teampreview|4\n|c|\u2606Rillabossman|glhf\n|\n|t:|1768333373\n|teamsize|p1|4\n|teamsize|p2|4\n|start\n|switch|p1a: Calyrex|Calyrex-Shadow, L50|100/100\n|switch|p1b: Incineroar|Incineroar, L50, F, shiny|100/100\n|switch|p2a: Eternatus|Eternatus, L50|100/100\n|switch|p2b: Incineroar|Incineroar, L50, F|100/100\n|-ability|p1a: Calyrex|As One\n|-ability|p1a: Calyrex|Unnerve\n|-ability|p2a: Eternatus|Pressure\n|-ability|p1b: Incineroar|Intimidate|boost\n|-unboost|p2a: Eternatus|atk|1\n|-unboost|p2b: Incineroar|atk|1\n|-ability|p2b: Incineroar|Intimidate|boost\n|-unboost|p1a: Calyrex|atk|1\n|-unboost|p1b: Incineroar|atk|1\n|turn|1\n|\n|t:|1768333391\n|-terastallize|p1a: Calyrex|Dark\n|move|p1b: Incineroar|Fake Out|p2a: Eternatus\n|-damage|p2a: Eternatus|95/100\n|move|p1a: Calyrex|Nasty Plot|p1a: Calyrex\n|-boost|p1a: Calyrex|spa|2\n|move|p2a: Eternatus|Toxic Spikes|p1b: Incineroar\n|-sidestart|p1: Rillabossman|move: Toxic Spikes\n|move|p2b: Incineroar|Parting Shot|p1a: Calyrex\n|-unboost|p1a: Calyrex|atk|1\n|-unboost|p1a: Calyrex|spa|1\n|\n|t:|1768333402\n|switch|p2b: Ting-Lu|Ting-Lu, L50|100/100|[from] Parting Shot\n|-ability|p2b: Ting-Lu|Vessel of Ruin\n|\n|upkeep\n|turn|2\n|\n|t:|1768333425\n|move|p1b: Incineroar|Helping Hand|p1a: Calyrex\n|-singleturn|p1a: Calyrex|Helping Hand|[of] p1b: Incineroar\n|move|p2a: Eternatus|Protect|p2a: Eternatus\n|-singleturn|p2a: Eternatus|Protect\n|move|p1a: Calyrex|Astral Barrage|p2a: Eternatus|[spread] p2b\n|-activate|p2a: Eternatus|move: Protect\n|-resisted|p2b: Ting-Lu\n|-damage|p2b: Ting-Lu|61/100\n|-damage|p1a: Calyrex|91/100|[from] item: Life Orb\n|move|p2b: Ting-Lu|Whirlwind|p1a: Calyrex\n|drag|p1a: Rillaboom|Rillaboom, L50, F|100/100\n|-status|p1a: Rillaboom|psn\n|-fieldstart|move: Grassy Terrain|[from] ability: Grassy Surge|[of] p1a: Rillaboom\n|\n|-heal|p2a: Eternatus|100/100|[from] Grassy Terrain\n|-heal|p2b: Ting-Lu|67/100|[from] Grassy Terrain\n|-heal|p2b: Ting-Lu|73/100|[from] item: Leftovers\n|-damage|p1a: Rillaboom|88/100 psn|[from] psn\n|upkeep\n|turn|3\n|\n|t:|1768333449\n|move|p2b: Ting-Lu|Protect|p2b: Ting-Lu\n|-singleturn|p2b: Ting-Lu|Protect\n|move|p2a: Eternatus|Dynamax Cannon|p1b: Incineroar\n|-damage|p1b: Incineroar|68/100\n|move|p1a: Rillaboom|U-turn|p2b: Ting-Lu\n|-activate|p2b: Ting-Lu|move: Protect\n|move|p1b: Incineroar|Knock Off|p2b: Ting-Lu\n|-activate|p2b: Ting-Lu|move: Protect\n|\n|-heal|p1a: Rillaboom|94/100 psn|[from] Grassy Terrain\n|-heal|p1b: Incineroar|74/100|[from] Grassy Terrain\n|-heal|p2b: Ting-Lu|79/100|[from] Grassy Terrain\n|-heal|p2b: Ting-Lu|85/100|[from] item: Leftovers\n|-damage|p1a: Rillaboom|82/100 psn|[from] psn\n|upkeep\n|turn|4\n|\n|t:|1768333462\n|switch|p2b: Incineroar|Incineroar, L50, F|100/100\n|-ability|p2b: Incineroar|Intimidate|boost\n|-unboost|p1a: Rillaboom|atk|1\n|-unboost|p1b: Incineroar|atk|1\n|move|p2a: Eternatus|Toxic Spikes|p1a: Rillaboom\n|-sidestart|p1: Rillabossman|move: Toxic Spikes\n|move|p1a: Rillaboom|Wood Hammer|p2b: Incineroar\n|-resisted|p2b: Incineroar\n|-damage|p2b: Incineroar|78/100\n|-damage|p1a: Rillaboom|66/100 psn|[from] item: Rocky Helmet|[of] p2b: Incineroar\n|-damage|p1a: Rillaboom|58/100 psn|[from] Recoil\n|move|p1b: Incineroar|Knock Off|p2a: Eternatus\n|-damage|p2a: Eternatus|84/100\n|-enditem|p2a: Eternatus|Covert Cloak|[from] move: Knock Off|[of] p1b: Incineroar\n|\n|-heal|p2a: Eternatus|90/100|[from] Grassy Terrain\n|-heal|p1a: Rillaboom|64/100 psn|[from] Grassy Terrain\n|-heal|p1b: Incineroar|80/100|[from] Grassy Terrain\n|-heal|p2b: Incineroar|84/100|[from] Grassy Terrain\n|-damage|p1a: Rillaboom|52/100 psn|[from] psn\n|upkeep\n|turn|5\n|\n|t:|1768333486\n|switch|p1a: Calyrex|Calyrex-Shadow, L50, tera:Dark|91/100\n|-ability|p1a: Calyrex|As One\n|-ability|p1a: Calyrex|Unnerve\n|-status|p1a: Calyrex|tox\n|switch|p1b: Zamazenta|Zamazenta-Crowned, L50|100/100\n|-ability|p1b: Zamazenta|Dauntless Shield|boost\n|-boost|p1b: Zamazenta|def|1\n|move|p2a: Eternatus|Dynamax Cannon|p1b: Zamazenta\n|-resisted|p1b: Zamazenta\n|-damage|p1b: Zamazenta|82/100\n|move|p2b: Incineroar|Parting Shot|p1a: Calyrex\n|-unboost|p1a: Calyrex|atk|1\n|-unboost|p1a: Calyrex|spa|1\n|-message|Rillabossman forfeited.\n|\n|win|ToiletClogger456\n|raw|Rillabossman's rating: 1340 &rarr; <strong>1324</strong><br />(-16 for losing)\n|raw|ToiletClogger456's rating: 1416 &rarr; <strong>1432</strong><br />(+16 for winning)\n|l|\u2606Rillabossman\n|player|p1|\n|j|\u2606Rillabossman\n|player|p1|Rillabossman|burglar|\n|l|\u2606Rillabossman\n|player|p1|\n|l|\u2606ToiletClogger456\n|player|p2|\n","uploadtime":1768333751,"views":12,"formatid":"gen9vgc2026regi","rating":1324,"private":0,"password":null}