{"id":"gen9vgc2026regi-2521140070","format":"[Gen 9] VGC 2026 Reg I","players":["blackred123","shawwing"],"log":"|j|\u2606blackred123\n|j|\u2606shawwing\n|t:|1768736521\n|gametype|doubles\n|player|p1|blackred123|iono-masters|1290\n|player|p2|shawwing|cynthia|1337\n|gen|9\n|tier|[Gen 9] VGC 2026 Reg I\n|rated|\n|rule|Species Clause: Limit one of each Pok\u00e9mon\n|rule|Item Clause: Limit 1 of each item\n|clearpoke\n|poke|p1|Calyrex-Shadow, L50|\n|poke|p1|Zamazenta-*, L50|\n|poke|p1|Incineroar, L50, M|\n|poke|p1|Rillaboom, L50, F|\n|poke|p1|Ogerpon-Cornerstone, L50, F|\n|poke|p1|Tornadus, L50, M|\n|poke|p2|Urshifu-*, L50, M|\n|poke|p2|Incineroar, L50, F|\n|poke|p2|Volcarona, L50, M|\n|poke|p2|Whimsicott, L50, F|\n|poke|p2|Calyrex-Ice, L50|\n|poke|p2|Miraidon, L50|\n|teampreview|4\n|inactive|Battle timer is ON: inactive players will automatically lose when time's up. (requested by blackred123)\n|\n|t:|1768736537\n|teamsize|p1|4\n|teamsize|p2|4\n|start\n|switch|p1a: \u54c7\u8884\uff08\u72d7\u53eb\u58f0\uff09|Zamazenta-Crowned, L50|100/100\n|switch|p1b: \u90a3\u6211\u7f3a\u7684\u8425\u517b\u8fd9\u5757\u8c01\u7ed9\u6211\u8865\u554a\uff08\u6307\u8349\u573a\uff09|Rillaboom, L50, F|100/100\n|switch|p2a: Miraidon|Miraidon, L50, shiny|100/100\n|switch|p2b: Whimsicott|Whimsicott, L50, F|100/100\n|-fieldstart|move: Electric Terrain|[from] ability: Hadron Engine|[of] p2a: Miraidon\n|-ability|p1a: \u54c7\u8884\uff08\u72d7\u53eb\u58f0\uff09|Dauntless Shield|boost\n|-boost|p1a: \u54c7\u8884\uff08\u72d7\u53eb\u58f0\uff09|def|1\n|-fieldstart|move: Grassy Terrain|[from] ability: Grassy Surge|[of] p1b: \u90a3\u6211\u7f3a\u7684\u8425\u517b\u8fd9\u5757\u8c01\u7ed9\u6211\u8865\u554a\uff08\u6307\u8349\u573a\uff09\n|turn|1\n|\n|t:|1768736547\n|switch|p2b: Volcarona|Volcarona, L50, M, shiny|100/100\n|move|p1b: \u90a3\u6211\u7f3a\u7684\u8425\u517b\u8fd9\u5757\u8c01\u7ed9\u6211\u8865\u554a\uff08\u6307\u8349\u573a\uff09|Fake Out|p2b: Volcarona\n|-damage|p2b: Volcarona|84/100\n|move|p2a: Miraidon|Volt Switch|p1a: \u54c7\u8884\uff08\u72d7\u53eb\u58f0\uff09\n|-damage|p1a: \u54c7\u8884\uff08\u72d7\u53eb\u58f0\uff09|74/100\n|\n|t:|1768736557\n|switch|p2a: Whimsicott|Whimsicott, L50, F|100/100|[from] Volt Switch\n|move|p1a: \u54c7\u8884\uff08\u72d7\u53eb\u58f0\uff09|Heavy Slam|p2b: Volcarona\n|-resisted|p2b: Volcarona\n|-damage|p2b: Volcarona|54/100\n|\n|-heal|p1a: \u54c7\u8884\uff08\u72d7\u53eb\u58f0\uff09|80/100|[from] Grassy Terrain\n|-heal|p2b: Volcarona|60/100|[from] Grassy Terrain\n|upkeep\n|turn|2\n|\n|t:|1768736574\n|move|p2a: Whimsicott|Encore|p1b: \u90a3\u6211\u7f3a\u7684\u8425\u517b\u8fd9\u5757\u8c01\u7ed9\u6211\u8865\u554a\uff08\u6307\u8349\u573a\uff09\n|-start|p1b: \u90a3\u6211\u7f3a\u7684\u8425\u517b\u8fd9\u5757\u8c01\u7ed9\u6211\u8865\u554a\uff08\u6307\u8349\u573a\uff09|Encore\n|move|p1a: \u54c7\u8884\uff08\u72d7\u53eb\u58f0\uff09|Heavy Slam|p2a: Whimsicott\n|-supereffective|p2a: Whimsicott\n|-enditem|p2a: Whimsicott|Focus Sash\n|-damage|p2a: Whimsicott|1/100\n|move|p2b: Volcarona|Tailwind|p2b: Volcarona\n|-sidestart|p2: shawwing|move: Tailwind\n|move|p1b: \u90a3\u6211\u7f3a\u7684\u8425\u517b\u8fd9\u5757\u8c01\u7ed9\u6211\u8865\u554a\uff08\u6307\u8349\u573a\uff09|Fake Out||[still]\n|-hint|Fake Out only works on your first turn out.\n|-fail|p1b: \u90a3\u6211\u7f3a\u7684\u8425\u517b\u8fd9\u5757\u8c01\u7ed9\u6211\u8865\u554a\uff08\u6307\u8349\u573a\uff09\n|\n|-heal|p2a: Whimsicott|7/100|[from] Grassy Terrain\n|-heal|p2b: Volcarona|67/100|[from] Grassy Terrain\n|-heal|p1a: \u54c7\u8884\uff08\u72d7\u53eb\u58f0\uff09|86/100|[from] Grassy Terrain\n|upkeep\n|turn|3\n|\n|t:|1768736598\n|switch|p1b: \u68cd\u7236|Tornadus, L50, M|100/100\n|move|p1a: \u54c7\u8884\uff08\u72d7\u53eb\u58f0\uff09|Protect|p1a: \u54c7\u8884\uff08\u72d7\u53eb\u58f0\uff09\n|-singleturn|p1a: \u54c7\u8884\uff08\u72d7\u53eb\u58f0\uff09|Protect\n|move|p2a: Whimsicott|Endeavor|p1a: \u54c7\u8884\uff08\u72d7\u53eb\u58f0\uff09\n|-activate|p1a: \u54c7\u8884\uff08\u72d7\u53eb\u58f0\uff09|move: Protect\n|move|p2b: Volcarona|Fiery Dance|p1a: \u54c7\u8884\uff08\u72d7\u53eb\u58f0\uff09\n|-activate|p1a: \u54c7\u8884\uff08\u72d7\u53eb\u58f0\uff09|move: Protect\n|\n|-heal|p2a: Whimsicott|13/100|[from] Grassy Terrain\n|-heal|p2b: Volcarona|73/100|[from] Grassy Terrain\n|-heal|p1a: \u54c7\u8884\uff08\u72d7\u53eb\u58f0\uff09|92/100|[from] Grassy Terrain\n|upkeep\n|turn|4\n|inactive|shawwing has 30 seconds left.\n|inactive|shawwing has 20 seconds left.\n|inactive|shawwing has 15 seconds left.\n|inactive|shawwing has 10 seconds left.\n|\n|t:|1768736645\n|move|p1a: \u54c7\u8884\uff08\u72d7\u53eb\u58f0\uff09|Protect||[still]\n|-fail|p1a: \u54c7\u8884\uff08\u72d7\u53eb\u58f0\uff09\n|move|p2a: Whimsicott|Encore|p1a: \u54c7\u8884\uff08\u72d7\u53eb\u58f0\uff09\n|-start|p1a: \u54c7\u8884\uff08\u72d7\u53eb\u58f0\uff09|Encore\n|move|p2b: Volcarona|Fiery Dance|p1b: \u68cd\u7236\n|-damage|p1b: \u68cd\u7236|59/100\n|move|p1b: \u68cd\u7236|Bleakwind Storm|p2b: Volcarona|[spread] p2a,p2b\n|-supereffective|p2a: Whimsicott\n|-supereffective|p2b: Volcarona\n|-damage|p2a: Whimsicott|0 fnt\n|-damage|p2b: Volcarona|23/100\n|faint|p2a: Whimsicott\n|\n|-heal|p2b: Volcarona|29/100|[from] Grassy Terrain\n|-heal|p1a: \u54c7\u8884\uff08\u72d7\u53eb\u58f0\uff09|98/100|[from] Grassy Terrain\n|upkeep\n|inactive|shawwing has 30 seconds left.\n|\n|t:|1768736680\n|switch|p2a: Miraidon|Miraidon, L50, shiny|100/100\n|-fieldstart|move: Electric Terrain|[from] ability: Hadron Engine|[of] p2a: Miraidon\n|-enditem|p2b: Volcarona|Electric Seed\n|-boost|p2b: Volcarona|def|1|[from] item: Electric Seed\n|turn|5\n|\n|t:|1768736703\n|switch|p1b: \u90a3\u6211\u7f3a\u7684\u8425\u517b\u8fd9\u5757\u8c01\u7ed9\u6211\u8865\u554a\uff08\u6307\u8349\u573a\uff09|Rillaboom, L50, F|100/100\n|-fieldstart|move: Grassy Terrain|[from] ability: Grassy Surge|[of] p1b: \u90a3\u6211\u7f3a\u7684\u8425\u517b\u8fd9\u5757\u8c01\u7ed9\u6211\u8865\u554a\uff08\u6307\u8349\u573a\uff09\n|move|p1a: \u54c7\u8884\uff08\u72d7\u53eb\u58f0\uff09|Protect|p1a: \u54c7\u8884\uff08\u72d7\u53eb\u58f0\uff09\n|-singleturn|p1a: \u54c7\u8884\uff08\u72d7\u53eb\u58f0\uff09|Protect\n|move|p2a: Miraidon|Volt Switch|p1b: \u90a3\u6211\u7f3a\u7684\u8425\u517b\u8fd9\u5757\u8c01\u7ed9\u6211\u8865\u554a\uff08\u6307\u8349\u573a\uff09\n|-resisted|p1b: \u90a3\u6211\u7f3a\u7684\u8425\u517b\u8fd9\u5757\u8c01\u7ed9\u6211\u8865\u554a\uff08\u6307\u8349\u573a\uff09\n|-damage|p1b: \u90a3\u6211\u7f3a\u7684\u8425\u517b\u8fd9\u5757\u8c01\u7ed9\u6211\u8865\u554a\uff08\u6307\u8349\u573a\uff09|88/100\n|\n|t:|1768736713\n|switch|p2a: Urshifu|Urshifu-Rapid-Strike, L50, M|100/100|[from] Volt Switch\n|move|p2b: Volcarona|Fiery Dance|p1a: \u54c7\u8884\uff08\u72d7\u53eb\u58f0\uff09\n|-activate|p1a: \u54c7\u8884\uff08\u72d7\u53eb\u58f0\uff09|move: Protect\n|\n|-heal|p2b: Volcarona|35/100|[from] Grassy Terrain\n|-heal|p1a: \u54c7\u8884\uff08\u72d7\u53eb\u58f0\uff09|100/100|[from] Grassy Terrain\n|-heal|p1b: \u90a3\u6211\u7f3a\u7684\u8425\u517b\u8fd9\u5757\u8c01\u7ed9\u6211\u8865\u554a\uff08\u6307\u8349\u573a\uff09|94/100|[from] Grassy Terrain\n|-sideend|p2: shawwing|move: Tailwind\n|upkeep\n|turn|6\n|j| Yancy0902\u56fe\u56fe\u72ac\u4fa0\n|\n|t:|1768736733\n|switch|p2a: Miraidon|Miraidon, L50, shiny|100/100\n|-fieldstart|move: Electric Terrain|[from] ability: Hadron Engine|[of] p2a: Miraidon\n|move|p1a: \u54c7\u8884\uff08\u72d7\u53eb\u58f0\uff09|Protect||[still]\n|-fail|p1a: \u54c7\u8884\uff08\u72d7\u53eb\u58f0\uff09\n|move|p2b: Volcarona|Tailwind|p2b: Volcarona\n|-sidestart|p2: shawwing|move: Tailwind\n|move|p1b: \u90a3\u6211\u7f3a\u7684\u8425\u517b\u8fd9\u5757\u8c01\u7ed9\u6211\u8865\u554a\uff08\u6307\u8349\u573a\uff09|U-turn|p2a: Miraidon\n|-damage|p2a: Miraidon|79/100\n|\n|t:|1768736744\n|switch|p1b: \u68cd\u7236|Tornadus, L50, M|59/100|[from] U-turn\n|\n|upkeep\n|turn|7\n|\n|t:|1768736760\n|move|p1a: \u54c7\u8884\uff08\u72d7\u53eb\u58f0\uff09|Protect|p1a: \u54c7\u8884\uff08\u72d7\u53eb\u58f0\uff09\n|-singleturn|p1a: \u54c7\u8884\uff08\u72d7\u53eb\u58f0\uff09|Protect\n|move|p1b: \u68cd\u7236|Tailwind|p1b: \u68cd\u7236\n|-sidestart|p1: blackred123|move: Tailwind\n|move|p2a: Miraidon|Draco Meteor|p1b: \u68cd\u7236\n|-damage|p1b: \u68cd\u7236|0 fnt\n|-unboost|p2a: Miraidon|spa|2\n|faint|p1b: \u68cd\u7236\n|move|p2b: Volcarona|Fiery Dance|p1a: \u54c7\u8884\uff08\u72d7\u53eb\u58f0\uff09\n|-activate|p1a: \u54c7\u8884\uff08\u72d7\u53eb\u58f0\uff09|move: Protect\n|\n|-end|p1a: \u54c7\u8884\uff08\u72d7\u53eb\u58f0\uff09|Encore\n|upkeep\n|\n|t:|1768736770\n|switch|p1b: \u5636\u9a6c\u51a0\u54e5|Calyrex-Shadow, L50|100/100\n|-ability|p1b: \u5636\u9a6c\u51a0\u54e5|As One\n|-ability|p1b: \u5636\u9a6c\u51a0\u54e5|Unnerve\n|turn|8\n|\n|t:|1768736784\n|move|p2b: Volcarona|Protect|p2b: Volcarona\n|-singleturn|p2b: Volcarona|Protect\n|move|p1b: \u5636\u9a6c\u51a0\u54e5|Astral Barrage|p2b: Volcarona|[spread] p2a\n|-activate|p2b: Volcarona|move: Protect\n|-damage|p2a: Miraidon|29/100\n|move|p2a: Miraidon|Volt Switch|p1a: \u54c7\u8884\uff08\u72d7\u53eb\u58f0\uff09\n|-damage|p1a: \u54c7\u8884\uff08\u72d7\u53eb\u58f0\uff09|76/100\n|\n|t:|1768736794\n|switch|p2a: Urshifu|Urshifu-Rapid-Strike, L50, M|100/100|[from] Volt Switch\n|move|p1a: \u54c7\u8884\uff08\u72d7\u53eb\u58f0\uff09|Body Press|p2a: Urshifu\n|-damage|p2a: Urshifu|36/100\n|\n|upkeep\n|turn|9\n|\n|t:|1768736815\n|switch|p1b: \u90a3\u6211\u7f3a\u7684\u8425\u517b\u8fd9\u5757\u8c01\u7ed9\u6211\u8865\u554a\uff08\u6307\u8349\u573a\uff09|Rillaboom, L50, F|94/100\n|-fieldstart|move: Grassy Terrain|[from] ability: Grassy Surge|[of] p1b: \u90a3\u6211\u7f3a\u7684\u8425\u517b\u8fd9\u5757\u8c01\u7ed9\u6211\u8865\u554a\uff08\u6307\u8349\u573a\uff09\n|-terastallize|p1a: \u54c7\u8884\uff08\u72d7\u53eb\u58f0\uff09|Dragon\n|move|p2a: Urshifu|Aqua Jet|p1b: \u90a3\u6211\u7f3a\u7684\u8425\u517b\u8fd9\u5757\u8c01\u7ed9\u6211\u8865\u554a\uff08\u6307\u8349\u573a\uff09\n|-resisted|p1b: \u90a3\u6211\u7f3a\u7684\u8425\u517b\u8fd9\u5757\u8c01\u7ed9\u6211\u8865\u554a\uff08\u6307\u8349\u573a\uff09\n|-damage|p1b: \u90a3\u6211\u7f3a\u7684\u8425\u517b\u8fd9\u5757\u8c01\u7ed9\u6211\u8865\u554a\uff08\u6307\u8349\u573a\uff09|80/100\n|move|p1a: \u54c7\u8884\uff08\u72d7\u53eb\u58f0\uff09|Body Press|p2b: Volcarona\n|-resisted|p2b: Volcarona\n|-damage|p2b: Volcarona|5/100\n|move|p2b: Volcarona|Fiery Dance|p1a: \u54c7\u8884\uff08\u72d7\u53eb\u58f0\uff09\n|-resisted|p1a: \u54c7\u8884\uff08\u72d7\u53eb\u58f0\uff09\n|-damage|p1a: \u54c7\u8884\uff08\u72d7\u53eb\u58f0\uff09|63/100\n|-boost|p2b: Volcarona|spa|1\n|\n|-heal|p1a: \u54c7\u8884\uff08\u72d7\u53eb\u58f0\uff09|70/100|[from] Grassy Terrain\n|-heal|p2a: Urshifu|41/100|[from] Grassy Terrain\n|-heal|p2b: Volcarona|11/100|[from] Grassy Terrain\n|-heal|p1b: \u90a3\u6211\u7f3a\u7684\u8425\u517b\u8fd9\u5757\u8c01\u7ed9\u6211\u8865\u554a\uff08\u6307\u8349\u573a\uff09|86/100|[from] Grassy Terrain\n|-sideend|p2: shawwing|move: Tailwind\n|upkeep\n|turn|10\n|\n|t:|1768736835\n|switch|p2a: Miraidon|Miraidon, L50, shiny|29/100\n|-fieldstart|move: Electric Terrain|[from] ability: Hadron Engine|[of] p2a: Miraidon\n|move|p2b: Volcarona|Protect|p2b: Volcarona\n|-singleturn|p2b: Volcarona|Protect\n|move|p1a: \u54c7\u8884\uff08\u72d7\u53eb\u58f0\uff09|Body Press|p2a: Miraidon\n|-damage|p2a: Miraidon|0 fnt\n|faint|p2a: Miraidon\n|move|p1b: \u90a3\u6211\u7f3a\u7684\u8425\u517b\u8fd9\u5757\u8c01\u7ed9\u6211\u8865\u554a\uff08\u6307\u8349\u573a\uff09|Grassy Glide|p2b: Volcarona\n|-activate|p2b: Volcarona|move: Protect\n|\n|-sideend|p1: blackred123|move: Tailwind\n|upkeep\n|\n|t:|1768736845\n|switch|p2a: Urshifu|Urshifu-Rapid-Strike, L50, M|41/100\n|turn|11\n|\n|t:|1768736855\n|-terastallize|p2a: Urshifu|Grass\n|move|p1a: \u54c7\u8884\uff08\u72d7\u53eb\u58f0\uff09|Body Press|p2a: Urshifu\n|-damage|p2a: Urshifu|0 fnt\n|faint|p2a: Urshifu\n|move|p2b: Volcarona|Tailwind|p2b: Volcarona\n|-sidestart|p2: shawwing|move: Tailwind\n|move|p1b: \u90a3\u6211\u7f3a\u7684\u8425\u517b\u8fd9\u5757\u8c01\u7ed9\u6211\u8865\u554a\uff08\u6307\u8349\u573a\uff09|Wood Hammer|p2b: Volcarona\n|-resisted|p2b: Volcarona\n|-damage|p2b: Volcarona|0 fnt\n|faint|p2b: Volcarona\n|-damage|p1b: \u90a3\u6211\u7f3a\u7684\u8425\u517b\u8fd9\u5757\u8c01\u7ed9\u6211\u8865\u554a\uff08\u6307\u8349\u573a\uff09|83/100|[from] Recoil\n|\n|win|blackred123\n|raw|blackred123's rating: 1290 &rarr; <strong>1318</strong><br />(+28 for winning)\n|raw|shawwing's rating: 1337 &rarr; <strong>1314</strong><br />(-23 for losing)\n|l|\u2606shawwing\n|player|p2|\n|l| Yancy0902\u56fe\u56fe\u72ac\u4fa0\n","uploadtime":1768736874,"views":12,"formatid":"gen9vgc2026regi","rating":1314,"private":0,"password":null}