{"id":"gen9vgc2026regi-2564413256","format":"[Gen 9] VGC 2026 Reg I","players":["Varce","BanKingambit69247"],"log":"|j|\u2606Varce\n|j|\u2606BanKingambit69247\n|t:|1774142731\n|gametype|doubles\n|player|p1|Varce|102|1346\n|player|p2|BanKingambit69247|lucas|1454\n|gen|9\n|tier|[Gen 9] VGC 2026 Reg I\n|rated|\n|rule|Species Clause: Limit one of each Pok\u00e9mon\n|rule|Item Clause: Limit 1 of each item\n|clearpoke\n|poke|p1|Ursaluna, L50, F|\n|poke|p1|Urshifu-*, L50, M|\n|poke|p1|Miraidon, L50|\n|poke|p1|Incineroar, L50, F|\n|poke|p1|Lunala, L50|\n|poke|p1|Grimmsnarl, L50, M|\n|poke|p2|Calyrex-Shadow, L50|\n|poke|p2|Zamazenta-*, L50|\n|poke|p2|Chien-Pao, L50|\n|poke|p2|Dragonite, L50, F|\n|poke|p2|Ogerpon-Wellspring, L50, F|\n|poke|p2|Smeargle, L50, M|\n|teampreview|4\n|inactive|Battle timer is ON: inactive players will automatically lose when time's up. (requested by BanKingambit69247)\n|\n|t:|1774142752\n|teamsize|p1|4\n|teamsize|p2|4\n|start\n|switch|p1a: Lunala|Lunala, L50|100/100\n|switch|p1b: Incineroar|Incineroar, L50, F|100/100\n|switch|p2a: \u6211\u5927\u54e5|Smeargle, L50, M|100/100\n|switch|p2b: \u8bf6\u4f60\u600e\u4e48\u6b7b\u4e86?\u267f\u267f\u267f|Calyrex-Shadow, L50|100/100\n|-ability|p2b: \u8bf6\u4f60\u600e\u4e48\u6b7b\u4e86?\u267f\u267f\u267f|As One\n|-ability|p2b: \u8bf6\u4f60\u600e\u4e48\u6b7b\u4e86?\u267f\u267f\u267f|Unnerve\n|-ability|p1b: Incineroar|Intimidate|boost\n|-unboost|p2a: \u6211\u5927\u54e5|atk|1\n|-unboost|p2b: \u8bf6\u4f60\u600e\u4e48\u6b7b\u4e86?\u267f\u267f\u267f|atk|1\n|turn|1\n|\n|t:|1774142769\n|-terastallize|p2b: \u8bf6\u4f60\u600e\u4e48\u6b7b\u4e86?\u267f\u267f\u267f|Ghost\n|-terastallize|p1a: Lunala|Fairy\n|move|p2a: \u6211\u5927\u54e5|Fake Out|p1a: Lunala\n|-crit|p1a: Lunala\n|-damage|p1a: Lunala|94/100\n|move|p2b: \u8bf6\u4f60\u600e\u4e48\u6b7b\u4e86?\u267f\u267f\u267f|Astral Barrage|p1b: Incineroar|[spread] p1a,p1b\n|-resisted|p1b: Incineroar\n|-damage|p1a: Lunala|13/100\n|-damage|p1b: Incineroar|51/100\n|move|p1b: Incineroar|Parting Shot|p2b: \u8bf6\u4f60\u600e\u4e48\u6b7b\u4e86?\u267f\u267f\u267f\n|-unboost|p2b: \u8bf6\u4f60\u600e\u4e48\u6b7b\u4e86?\u267f\u267f\u267f|atk|1\n|-unboost|p2b: \u8bf6\u4f60\u600e\u4e48\u6b7b\u4e86?\u267f\u267f\u267f|spa|1\n|\n|t:|1774142784\n|switch|p1b: Miraidon|Miraidon, L50|100/100|[from] Parting Shot\n|-fieldstart|move: Electric Terrain|[from] ability: Hadron Engine|[of] p1b: Miraidon\n|-enditem|p1a: Lunala|Electric Seed\n|-boost|p1a: Lunala|def|1|[from] item: Electric Seed\n|cant|p1a: Lunala|flinch\n|\n|upkeep\n|turn|2\n|\n|t:|1774142794\n|move|p1a: Lunala|Wide Guard|p1a: Lunala\n|-singleturn|p1a: Lunala|Wide Guard\n|move|p2a: \u6211\u5927\u54e5|Feint|p1b: Miraidon\n|-activate|p1b: Miraidon|move: Feint\n|-damage|p1b: Miraidon|95/100\n|move|p2b: \u8bf6\u4f60\u600e\u4e48\u6b7b\u4e86?\u267f\u267f\u267f|Astral Barrage|p1b: Miraidon|[spread] p1a,p1b\n|-damage|p1a: Lunala|0 fnt\n|-damage|p1b: Miraidon|60/100\n|faint|p1a: Lunala\n|-ability|p2b: \u8bf6\u4f60\u600e\u4e48\u6b7b\u4e86?\u267f\u267f\u267f|Grim Neigh|boost\n|-boost|p2b: \u8bf6\u4f60\u600e\u4e48\u6b7b\u4e86?\u267f\u267f\u267f|spa|1\n|move|p1b: Miraidon|Electro Drift|p2b: \u8bf6\u4f60\u600e\u4e48\u6b7b\u4e86?\u267f\u267f\u267f\n|-damage|p2b: \u8bf6\u4f60\u600e\u4e48\u6b7b\u4e86?\u267f\u267f\u267f|0 fnt\n|faint|p2b: \u8bf6\u4f60\u600e\u4e48\u6b7b\u4e86?\u267f\u267f\u267f\n|\n|upkeep\n|\n|t:|1774142809\n|switch|p2b: \u5f3a\u8005\u5c31\u662f\u8981\u7f9e\u8fb1\u5f31\u8005\ud83d\udc36\ud83d\udc36\ud83d\udc36|Zamazenta-Crowned, L50|100/100\n|switch|p1a: Incineroar|Incineroar, L50, F|51/100\n|-ability|p2b: \u5f3a\u8005\u5c31\u662f\u8981\u7f9e\u8fb1\u5f31\u8005\ud83d\udc36\ud83d\udc36\ud83d\udc36|Dauntless Shield|boost\n|-boost|p2b: \u5f3a\u8005\u5c31\u662f\u8981\u7f9e\u8fb1\u5f31\u8005\ud83d\udc36\ud83d\udc36\ud83d\udc36|def|1\n|-ability|p1a: Incineroar|Intimidate|boost\n|-unboost|p2a: \u6211\u5927\u54e5|atk|1\n|-unboost|p2b: \u5f3a\u8005\u5c31\u662f\u8981\u7f9e\u8fb1\u5f31\u8005\ud83d\udc36\ud83d\udc36\ud83d\udc36|atk|1\n|turn|3\n|\n|t:|1774142820\n|move|p1a: Incineroar|Fake Out|p2b: \u5f3a\u8005\u5c31\u662f\u8981\u7f9e\u8fb1\u5f31\u8005\ud83d\udc36\ud83d\udc36\ud83d\udc36\n|-resisted|p2b: \u5f3a\u8005\u5c31\u662f\u8981\u7f9e\u8fb1\u5f31\u8005\ud83d\udc36\ud83d\udc36\ud83d\udc36\n|-damage|p2b: \u5f3a\u8005\u5c31\u662f\u8981\u7f9e\u8fb1\u5f31\u8005\ud83d\udc36\ud83d\udc36\ud83d\udc36|98/100\n|move|p2a: \u6211\u5927\u54e5|Follow Me|p2a: \u6211\u5927\u54e5\n|-singleturn|p2a: \u6211\u5927\u54e5|move: Follow Me\n|cant|p2b: \u5f3a\u8005\u5c31\u662f\u8981\u7f9e\u8fb1\u5f31\u8005\ud83d\udc36\ud83d\udc36\ud83d\udc36|flinch\n|move|p1b: Miraidon|Electro Drift|p2a: \u6211\u5927\u54e5\n|-enditem|p2a: \u6211\u5927\u54e5|Focus Sash\n|-damage|p2a: \u6211\u5927\u54e5|1/100\n|\n|upkeep\n|turn|4\n|\n|t:|1774142837\n|move|p2a: \u6211\u5927\u54e5|Follow Me|p2a: \u6211\u5927\u54e5\n|-singleturn|p2a: \u6211\u5927\u54e5|move: Follow Me\n|move|p2b: \u5f3a\u8005\u5c31\u662f\u8981\u7f9e\u8fb1\u5f31\u8005\ud83d\udc36\ud83d\udc36\ud83d\udc36|Body Press|p1b: Miraidon\n|-damage|p1b: Miraidon|0 fnt\n|faint|p1b: Miraidon\n|move|p1a: Incineroar|Parting Shot|p2a: \u6211\u5927\u54e5\n|-unboost|p2a: \u6211\u5927\u54e5|atk|1\n|-unboost|p2a: \u6211\u5927\u54e5|spa|1\n|\n|t:|1774142844\n|switch|p1a: Ursaluna|Ursaluna, L50, F|100/100|[from] Parting Shot\n|\n|-status|p1a: Ursaluna|brn|[from] item: Flame Orb\n|upkeep\n|\n|t:|1774142849\n|switch|p1b: Incineroar|Incineroar, L50, F|51/100\n|-ability|p1b: Incineroar|Intimidate|boost\n|-unboost|p2a: \u6211\u5927\u54e5|atk|1\n|-unboost|p2b: \u5f3a\u8005\u5c31\u662f\u8981\u7f9e\u8fb1\u5f31\u8005\ud83d\udc36\ud83d\udc36\ud83d\udc36|atk|1\n|turn|5\n|\n|t:|1774142854\n|move|p2a: \u6211\u5927\u54e5|Follow Me|p2a: \u6211\u5927\u54e5\n|-singleturn|p2a: \u6211\u5927\u54e5|move: Follow Me\n|move|p2b: \u5f3a\u8005\u5c31\u662f\u8981\u7f9e\u8fb1\u5f31\u8005\ud83d\udc36\ud83d\udc36\ud83d\udc36|Body Press|p1a: Ursaluna\n|-supereffective|p1a: Ursaluna\n|-damage|p1a: Ursaluna|0 fnt\n|faint|p1a: Ursaluna\n|move|p1b: Incineroar|Will-O-Wisp|p2a: \u6211\u5927\u54e5\n|-status|p2a: \u6211\u5927\u54e5|brn\n|\n|-damage|p2a: \u6211\u5927\u54e5|0 fnt|[from] brn\n|faint|p2a: \u6211\u5927\u54e5\n|-fieldend|move: Electric Terrain\n|upkeep\n|\n|t:|1774142859\n|switch|p2a: \u60f3\u51ff\u5384\u8be1\u692a(\u76f4\u7403)|Ogerpon-Wellspring, L50, F|100/100\n|turn|6\n|-message|Varce forfeited.\n|\n|win|BanKingambit69247\n|raw|Varce's rating: 1346 &rarr; <strong>1332</strong><br />(-14 for losing)\n|raw|BanKingambit69247's rating: 1454 &rarr; <strong>1468</strong><br />(+14 for winning)\n|l|\u2606Varce\n|player|p1|\n","uploadtime":1774142868,"views":11,"formatid":"gen9vgc2026regi","rating":1332,"private":0,"password":null}