{"id":"gen9vgc2026regi-2560354205","format":"[Gen 9] VGC 2026 Reg I","players":["casper's uncles","jonen"],"log":"|j|\u2606casper's uncles\n|j|\u2606jonen\n|t:|1773679909\n|gametype|doubles\n|player|p1|casper's uncles|blackbelt-gen4|1228\n|player|p2|jonen|medium|1216\n|gen|9\n|tier|[Gen 9] VGC 2026 Reg I\n|rated|\n|rule|Species Clause: Limit one of each Pok\u00e9mon\n|rule|Item Clause: Limit 1 of each item\n|clearpoke\n|poke|p1|Calyrex-Ice, L50|\n|poke|p1|Chi-Yu, L50|\n|poke|p1|Koraidon, L50|\n|poke|p1|Flutter Mane, L50|\n|poke|p1|Raging Bolt, L50|\n|poke|p1|Incineroar, L50, M|\n|poke|p2|Rabsca, L50, F|\n|poke|p2|Landorus, L50, M|\n|poke|p2|Calyrex-Ice, L50|\n|poke|p2|Miraidon, L50|\n|poke|p2|Incineroar, L50, M|\n|poke|p2|Urshifu-*, L50, F|\n|teampreview|4\n|inactive|Battle timer is ON: inactive players will automatically lose when time's up. (requested by casper's uncles)\n|inactive|casper's uncles has 60 seconds left.\n|\n|t:|1773679946\n|teamsize|p1|4\n|teamsize|p2|4\n|start\n|switch|p1a: Koraidon|Koraidon, L50|100/100\n|switch|p1b: Flutter Mane|Flutter Mane, L50|100/100\n|switch|p2a: Rabsca|Rabsca, L50, F|100/100\n|switch|p2b: Miraidon|Miraidon, L50|100/100\n|-weather|SunnyDay|[from] ability: Orichalcum Pulse|[of] p1a: Koraidon\n|-activate|p1b: Flutter Mane|ability: Protosynthesis\n|-start|p1b: Flutter Mane|protosynthesisspe\n|-activate|p1a: Koraidon|Orichalcum Pulse|[source]\n|-fieldstart|move: Electric Terrain|[from] ability: Hadron Engine|[of] p2b: Miraidon\n|-enditem|p2a: Rabsca|Electric Seed\n|-boost|p2a: Rabsca|def|1|[from] item: Electric Seed\n|turn|1\n|\n|t:|1773679969\n|-terastallize|p1a: Koraidon|Fire\n|-terastallize|p2b: Miraidon|Electric\n|move|p1b: Flutter Mane|Icy Wind|p2a: Rabsca|[spread] p2a,p2b\n|-damage|p2a: Rabsca|88/100\n|-damage|p2b: Miraidon|88/100\n|-unboost|p2a: Rabsca|spe|1\n|-unboost|p2b: Miraidon|spe|1\n|move|p1a: Koraidon|Flare Blitz|p2b: Miraidon\n|-damage|p2b: Miraidon|0 fnt\n|faint|p2b: Miraidon\n|-damage|p1a: Koraidon|69/100|[from] Recoil\n|move|p2a: Rabsca|Trick Room|p2a: Rabsca\n|-fieldstart|move: Trick Room|[of] p2a: Rabsca\n|\n|-weather|SunnyDay|[upkeep]\n|upkeep\n|\n|t:|1773679982\n|switch|p2b: Calyrex|Calyrex-Ice, L50|100/100\n|-ability|p2b: Calyrex|As One\n|-ability|p2b: Calyrex|Unnerve\n|turn|2\n|\n|t:|1773679990\n|-end|p1b: Flutter Mane|Protosynthesis|[silent]\n|switch|p1b: Incineroar|Incineroar, L50, M|100/100\n|-ability|p1b: Incineroar|Intimidate|boost\n|-unboost|p2a: Rabsca|atk|1\n|-unboost|p2b: Calyrex|atk|1\n|move|p2a: Rabsca|Revival Blessing|p2a: Rabsca\n|\n|t:|1773679995\n|-heal|p2: Miraidon|50/100|[from] move: Revival Blessing\n|move|p2b: Calyrex|Glacial Lance|p1b: Incineroar|[spread] p1a,p1b\n|-resisted|p1a: Koraidon\n|-resisted|p1b: Incineroar\n|-damage|p1a: Koraidon|54/100\n|-damage|p1b: Incineroar|86/100\n|move|p1a: Koraidon|Flare Blitz|p2b: Calyrex\n|-supereffective|p2b: Calyrex\n|-damage|p2b: Calyrex|0 fnt\n|faint|p2b: Calyrex\n|-damage|p1a: Koraidon|15/100|[from] Recoil\n|\n|-weather|SunnyDay|[upkeep]\n|upkeep\n|\n|t:|1773679997\n|switch|p2b: Miraidon|Miraidon, L50|50/100\n|-activate|p2b: Miraidon|ability: Hadron Engine\n|turn|3\n|\n|t:|1773680013\n|move|p2a: Rabsca|Bug Buzz|p1a: Koraidon\n|-resisted|p1a: Koraidon\n|-damage|p1a: Koraidon|0 fnt\n|faint|p1a: Koraidon\n|move|p1b: Incineroar|Flare Blitz|p2b: Miraidon\n|-resisted|p2b: Miraidon\n|-damage|p2b: Miraidon|17/100\n|-status|p2b: Miraidon|brn\n|-damage|p1b: Incineroar|76/100|[from] Recoil\n|move|p2b: Miraidon|Discharge|p1b: Incineroar|[spread] p1b\n|-activate|p2a: Rabsca|ability: Telepathy\n|-damage|p1b: Incineroar|26/100\n|-status|p1b: Incineroar|par\n|\n|-weather|SunnyDay|[upkeep]\n|-damage|p2b: Miraidon|11/100 brn|[from] brn\n|upkeep\n|\n|t:|1773680019\n|switch|p1a: Calyrex|Calyrex-Ice, L50|100/100\n|-ability|p1a: Calyrex|As One\n|-ability|p1a: Calyrex|Unnerve\n|turn|4\n|\n|t:|1773680024\n|move|p2a: Rabsca|Speed Swap|p2b: Miraidon\n|-activate|p2a: Rabsca|move: Speed Swap|[of] p2b: Miraidon\n|move|p1b: Incineroar|Flare Blitz|p2a: Rabsca\n|-supereffective|p2a: Rabsca\n|-damage|p2a: Rabsca|0 fnt\n|faint|p2a: Rabsca\n|-damage|p1b: Incineroar|0 fnt|[from] Recoil\n|faint|p1b: Incineroar\n|move|p2b: Miraidon|Discharge|p1a: Calyrex\n|-damage|p1a: Calyrex|40/100\n|move|p1a: Calyrex|Glacial Lance|p2b: Miraidon\n|-supereffective|p2b: Miraidon\n|-damage|p2b: Miraidon|0 fnt\n|faint|p2b: Miraidon\n|-ability|p1a: Calyrex|Chilling Neigh|boost\n|-boost|p1a: Calyrex|atk|1\n|\n|-weather|SunnyDay|[upkeep]\n|-heal|p1a: Calyrex|45/100|[from] item: Leftovers\n|upkeep\n|\n|t:|1773680034\n|switch|p1b: Flutter Mane|Flutter Mane, L50|100/100\n|switch|p2b: Landorus|Landorus, L50, M|100/100\n|-activate|p1b: Flutter Mane|ability: Protosynthesis\n|-start|p1b: Flutter Mane|protosynthesisspe\n|turn|5\n|c|\u2606jonen|gg\n|-message|jonen forfeited.\n|\n|win|casper's uncles\n|raw|casper&apos;s uncles's rating: 1228 &rarr; <strong>1252</strong><br />(+24 for winning)\n|raw|jonen's rating: 1216 &rarr; <strong>1192</strong><br />(-24 for losing)\n|l|\u2606jonen\n|player|p2|\n|l|\u2606casper's uncles\n|player|p1|\n","uploadtime":1773680054,"views":11,"formatid":"gen9vgc2026regi","rating":1192,"private":0,"password":null}