{"id":"gen9vgc2026regi-2574059971","format":"[Gen 9] VGC 2026 Reg I","players":["ranchsauce","blackred123"],"log":"|j|\u2606ranchsauce\n|j|\u2606blackred123\n|t:|1775195227\n|gametype|doubles\n|player|p1|ranchsauce|baker|1422\n|player|p2|blackred123|iono-masters|1451\n|gen|9\n|tier|[Gen 9] VGC 2026 Reg I\n|rated|\n|rule|Species Clause: Limit one of each Pok\u00e9mon\n|rule|Item Clause: Limit 1 of each item\n|clearpoke\n|poke|p1|Calyrex-Shadow, L50|\n|poke|p1|Zamazenta-*, L50|\n|poke|p1|Maushold, L50|\n|poke|p1|Whimsicott, L50, F|\n|poke|p1|Ursaluna-Bloodmoon, L50, M|\n|poke|p1|Roaring Moon, L50|\n|poke|p2|Kyogre, L50|\n|poke|p2|Zamazenta-*, L50|\n|poke|p2|Chien-Pao, L50|\n|poke|p2|Amoonguss, L50, F|\n|poke|p2|Dragonite, L50, M|\n|poke|p2|Rillaboom, L50, F|\n|teampreview|4\n|inactive|Battle timer is ON: inactive players will automatically lose when time's up. (requested by blackred123)\n|inactive|ranchsauce has 60 seconds left.\n|inactive|ranchsauce has 30 seconds left.\n|inactive|ranchsauce has 20 seconds left.\n|inactive|ranchsauce has 15 seconds left.\n|inactive|ranchsauce has 10 seconds left.\n|inactive|ranchsauce has 5 seconds left.\n|\n|t:|1775195313\n|teamsize|p1|4\n|teamsize|p2|4\n|start\n|switch|p1a: Zamazenta|Zamazenta-Crowned, L50, shiny|100/100\n|switch|p1b: Calyrex|Calyrex-Shadow, L50|100/100\n|switch|p2a: Zamazenta|Zamazenta-Crowned, L50|100/100\n|switch|p2b: Chien-Pao|Chien-Pao, L50|100/100\n|-ability|p1b: Calyrex|As One\n|-ability|p1b: Calyrex|Unnerve\n|-ability|p2b: Chien-Pao|Sword of Ruin\n|-ability|p1a: Zamazenta|Dauntless Shield|boost\n|-boost|p1a: Zamazenta|def|1\n|-ability|p2a: Zamazenta|Dauntless Shield|boost\n|-boost|p2a: Zamazenta|def|1\n|turn|1\n|j| Tbccc15\n|\n|t:|1775195336\n|switch|p1b: Roaring Moon|Roaring Moon, L50|100/100\n|-enditem|p1b: Roaring Moon|Booster Energy\n|-activate|p1b: Roaring Moon|ability: Protosynthesis|[fromitem]\n|-start|p1b: Roaring Moon|protosynthesisspe\n|-terastallize|p2a: Zamazenta|Grass\n|move|p2b: Chien-Pao|Ice Spinner|p1b: Roaring Moon\n|-supereffective|p1b: Roaring Moon\n|-damage|p1b: Roaring Moon|0 fnt\n|faint|p1b: Roaring Moon\n|-end|p1b: Roaring Moon|Protosynthesis|[silent]\n|move|p1a: Zamazenta|Imprison|p1a: Zamazenta\n|-start|p1a: Zamazenta|move: Imprison\n|cant|p2a: Zamazenta|move: Imprison|Imprison\n|\n|upkeep\n|inactive|ranchsauce has 30 seconds left.\n|inactive|ranchsauce has 20 seconds left.\n|\n|t:|1775195371\n|switch|p1b: Calyrex|Calyrex-Shadow, L50|100/100\n|-ability|p1b: Calyrex|As One\n|-ability|p1b: Calyrex|Unnerve\n|turn|2\n|\n|t:|1775195385\n|switch|p1b: Maushold|Maushold, L50|100/100\n|switch|p2a: Dragonite|Dragonite, L50, M|100/100\n|move|p2b: Chien-Pao|Ice Spinner|p1b: Maushold\n|-damage|p1b: Maushold|54/100\n|move|p1a: Zamazenta|Body Press|p2b: Chien-Pao\n|-supereffective|p2b: Chien-Pao\n|-enditem|p2b: Chien-Pao|Focus Sash\n|-damage|p2b: Chien-Pao|1/100\n|\n|upkeep\n|turn|3\n|\n|t:|1775195403\n|move|p1b: Maushold|Feint|p2b: Chien-Pao\n|-damage|p2b: Chien-Pao|0 fnt\n|faint|p2b: Chien-Pao\n|move|p1a: Zamazenta|Heavy Slam|p2a: Dragonite\n|-damage|p2a: Dragonite|68/100\n|move|p2a: Dragonite|Aerial Ace|p1b: Maushold\n|-damage|p1b: Maushold|5/100\n|\n|upkeep\n|\n|t:|1775195412\n|switch|p2b: Kyogre|Kyogre, L50|100/100\n|-weather|RainDance|[from] ability: Drizzle|[of] p2b: Kyogre\n|turn|4\n|\n|t:|1775195429\n|move|p1a: Zamazenta|Wide Guard|p1a: Zamazenta\n|-singleturn|p1a: Zamazenta|Wide Guard\n|move|p1b: Maushold|Follow Me|p1b: Maushold\n|-singleturn|p1b: Maushold|move: Follow Me\n|move|p2b: Kyogre|Water Spout|p1b: Maushold|[spread] \n|-activate|p1a: Zamazenta|move: Wide Guard\n|-activate|p1b: Maushold|move: Wide Guard\n|move|p2a: Dragonite|Aerial Ace|p1b: Maushold\n|-damage|p1b: Maushold|0 fnt\n|faint|p1b: Maushold\n|\n|-weather|RainDance|[upkeep]\n|upkeep\n|\n|t:|1775195439\n|switch|p1b: Calyrex|Calyrex-Shadow, L50|100/100\n|-ability|p1b: Calyrex|As One\n|-ability|p1b: Calyrex|Unnerve\n|turn|5\n|\n|t:|1775195443\n|switch|p2b: Zamazenta|Zamazenta-Crowned, L50, tera:Grass|100/100\n|-terastallize|p1b: Calyrex|Ghost\n|move|p1a: Zamazenta|Wide Guard|p1a: Zamazenta\n|-singleturn|p1a: Zamazenta|Wide Guard\n|move|p1b: Calyrex|Astral Barrage|p2b: Zamazenta|[spread] p2a,p2b\n|-damage|p2a: Dragonite|0 fnt\n|-damage|p2b: Zamazenta|6/100\n|faint|p2a: Dragonite\n|-ability|p1b: Calyrex|Grim Neigh|boost\n|-boost|p1b: Calyrex|spa|1\n|\n|-weather|RainDance|[upkeep]\n|upkeep\n|\n|t:|1775195454\n|switch|p2a: Kyogre|Kyogre, L50|100/100\n|turn|6\n|\n|t:|1775195464\n|move|p2a: Kyogre|Hydro Pump|p1b: Calyrex|[miss]\n|-miss|p2a: Kyogre|p1b: Calyrex\n|move|p1b: Calyrex|Astral Barrage|p2b: Zamazenta|[spread] p2a,p2b\n|-damage|p2a: Kyogre|0 fnt\n|-damage|p2b: Zamazenta|0 fnt\n|faint|p2a: Kyogre\n|faint|p2b: Zamazenta\n|\n|win|ranchsauce\n|raw|ranchsauce's rating: 1422 &rarr; <strong>1444</strong><br />(+22 for winning)\n|raw|blackred123's rating: 1451 &rarr; <strong>1429</strong><br />(-22 for losing)\n|l|\u2606blackred123\n|player|p2|\n|l|\u2606ranchsauce\n|player|p1|\n","uploadtime":1775195677,"views":10,"formatid":"gen9vgc2026regi","rating":1429,"private":0,"password":null}