{"id":"gen9vgc2026regi-2578381322","format":"[Gen 9] VGC 2026 Reg I","players":["superidol9527","gabolve"],"log":"|j|\u2606superidol9527\n|j|\u2606gabolve\n|t:|1775673110\n|gametype|doubles\n|player|p1|superidol9527|170|1369\n|player|p2|gabolve|miku-ghost|1349\n|gen|9\n|tier|[Gen 9] VGC 2026 Reg I\n|rated|\n|rule|Species Clause: Limit one of each Pok\u00e9mon\n|rule|Item Clause: Limit 1 of each item\n|clearpoke\n|poke|p1|Calyrex-Shadow, L50|\n|poke|p1|Kyogre, L50|\n|poke|p1|Indeedee-F, L50, F|\n|poke|p1|Smeargle, L50, M|\n|poke|p1|Iron Valiant, L50|\n|poke|p1|Urshifu-*, L50, M|\n|poke|p2|Calyrex-Ice, L50|\n|poke|p2|Indeedee-F, L50, F|\n|poke|p2|Iron Hands, L50|\n|poke|p2|Kyogre, L50|\n|poke|p2|Ceruledge, L50, M|\n|poke|p2|Sinistcha-Masterpiece, L50|\n|teampreview|4\n|inactive|Battle timer is ON: inactive players will automatically lose when time's up. (requested by gabolve)\n|\n|t:|1775673135\n|teamsize|p1|4\n|teamsize|p2|4\n|start\n|switch|p1a: Indeedee|Indeedee-F, L50, F|100/100\n|switch|p1b: Calyrex|Calyrex-Shadow, L50|100/100\n|switch|p2a: ecI-xerylaC|Calyrex-Ice, L50|100/100\n|switch|p2b: egdelureC|Ceruledge, L50, M|100/100\n|-ability|p1b: Calyrex|As One\n|-ability|p1b: Calyrex|Unnerve\n|-ability|p2a: ecI-xerylaC|As One\n|-ability|p2a: ecI-xerylaC|Unnerve\n|-fieldstart|move: Psychic Terrain|[from] ability: Psychic Surge|[of] p1a: Indeedee\n|turn|1\n|inactive|gabolve has 30 seconds left.\n|inactive|gabolve has 20 seconds left.\n|inactive|gabolve has 15 seconds left.\n|\n|t:|1775673177\n|-terastallize|p1b: Calyrex|Ghost\n|-terastallize|p2a: ecI-xerylaC|Grass\n|move|p1b: Calyrex|Astral Barrage|p2b: egdelureC|[spread] p2a,p2b\n|-supereffective|p2b: egdelureC\n|-damage|p2a: ecI-xerylaC|31/100\n|-enditem|p2b: egdelureC|Focus Sash\n|-damage|p2b: egdelureC|1/100\n|move|p1a: Indeedee|Imprison|p1a: Indeedee\n|-start|p1a: Indeedee|move: Imprison\n|move|p2b: egdelureC|Poltergeist|p1b: Calyrex\n|-activate|p1b: Calyrex|move: Poltergeist|Choice Specs\n|-supereffective|p1b: Calyrex\n|-damage|p1b: Calyrex|0 fnt\n|faint|p1b: Calyrex\n|cant|p2a: ecI-xerylaC|move: Imprison|Trick Room\n|\n|upkeep\n|\n|t:|1775673196\n|switch|p1b: Kyogre|Kyogre, L50|100/100\n|-weather|RainDance|[from] ability: Drizzle|[of] p1b: Kyogre\n|turn|2\n|inactive|gabolve has 30 seconds left.\n|\n|t:|1775673228\n|move|p1a: Indeedee|Helping Hand|p1b: Kyogre\n|-singleturn|p1b: Kyogre|Helping Hand|[of] p1a: Indeedee\n|move|p2a: ecI-xerylaC|Protect|p2a: ecI-xerylaC\n|-singleturn|p2a: ecI-xerylaC|Protect\n|move|p1b: Kyogre|Water Spout|p2a: ecI-xerylaC|[spread] p2b\n|-activate|p2a: ecI-xerylaC|move: Protect\n|-supereffective|p2b: egdelureC\n|-damage|p2b: egdelureC|0 fnt\n|faint|p2b: egdelureC\n|\n|-weather|RainDance|[upkeep]\n|upkeep\n|\n|t:|1775673236\n|switch|p2b: ahctsiniS|Sinistcha-Masterpiece, L50|100/100\n|-heal|p2a: ecI-xerylaC|56/100|[from] ability: Hospitality|[of] p2b: ahctsiniS\n|turn|3\n|\n|t:|1775673248\n|move|p1a: Indeedee|Helping Hand|p1b: Kyogre\n|-singleturn|p1b: Kyogre|Helping Hand|[of] p1a: Indeedee\n|move|p1b: Kyogre|Water Spout|p2a: ecI-xerylaC|[spread] p2a,p2b\n|-resisted|p2a: ecI-xerylaC\n|-resisted|p2b: ahctsiniS\n|-damage|p2a: ecI-xerylaC|4/100\n|-damage|p2b: ahctsiniS|16/100\n|-enditem|p2b: ahctsiniS|Sitrus Berry|[eat]\n|-heal|p2b: ahctsiniS|41/100|[from] item: Sitrus Berry\n|move|p2b: ahctsiniS|Matcha Gotcha|p1b: Kyogre|[spread] p1a\n|-miss|p2b: ahctsiniS|p1b: Kyogre\n|-damage|p1a: Indeedee|76/100\n|-heal|p2b: ahctsiniS|53/100|[from] drain|[of] p1a: Indeedee\n|move|p2a: ecI-xerylaC|Glacial Lance|p1a: Indeedee|[spread] p1a,p1b\n|-resisted|p1b: Kyogre\n|-damage|p1a: Indeedee|20/100\n|-damage|p1b: Kyogre|64/100\n|\n|-weather|RainDance|[upkeep]\n|upkeep\n|turn|4\n|\n|t:|1775673272\n|move|p1a: Indeedee|Helping Hand|p1b: Kyogre\n|-singleturn|p1b: Kyogre|Helping Hand|[of] p1a: Indeedee\n|move|p2a: ecI-xerylaC|Protect|p2a: ecI-xerylaC\n|-singleturn|p2a: ecI-xerylaC|Protect\n|move|p1b: Kyogre|Water Spout|p2a: ecI-xerylaC|[spread] p2b\n|-activate|p2a: ecI-xerylaC|move: Protect\n|-resisted|p2b: ahctsiniS\n|-damage|p2b: ahctsiniS|0 fnt\n|faint|p2b: ahctsiniS\n|\n|-weather|RainDance|[upkeep]\n|upkeep\n|\n|t:|1775673289\n|switch|p2b: ergoyK|Kyogre, L50|100/100\n|turn|5\n|\n|t:|1775673294\n|move|p1a: Indeedee|Helping Hand|p1b: Kyogre\n|-singleturn|p1b: Kyogre|Helping Hand|[of] p1a: Indeedee\n|move|p2a: ecI-xerylaC|Protect||[still]\n|-fail|p2a: ecI-xerylaC\n|move|p1b: Kyogre|Water Spout|p2b: ergoyK|[spread] p2a,p2b\n|-resisted|p2a: ecI-xerylaC\n|-crit|p2a: ecI-xerylaC\n|-resisted|p2b: ergoyK\n|-damage|p2a: ecI-xerylaC|0 fnt\n|-damage|p2b: ergoyK|71/100\n|faint|p2a: ecI-xerylaC\n|move|p2b: ergoyK|Origin Pulse|p1b: Kyogre|[spread] p1a,p1b\n|-resisted|p1b: Kyogre\n|-damage|p1a: Indeedee|0 fnt\n|-damage|p1b: Kyogre|29/100\n|faint|p1a: Indeedee\n|\n|-weather|RainDance|[upkeep]\n|-fieldend|move: Psychic Terrain\n|upkeep\n|\n|t:|1775673311\n|switch|p1a: Urshifu|Urshifu-Rapid-Strike, L50, M|100/100\n|turn|6\n|\n|t:|1775673319\n|move|p1b: Kyogre|Water Spout|p2b: ergoyK\n|-resisted|p2b: ergoyK\n|-damage|p2b: ergoyK|59/100\n|move|p1a: Urshifu|Surging Strikes|p2b: ergoyK\n|-resisted|p2b: ergoyK\n|-crit|p2b: ergoyK\n|-damage|p2b: ergoyK|41/100\n|-resisted|p2b: ergoyK\n|-crit|p2b: ergoyK\n|-damage|p2b: ergoyK|25/100\n|-resisted|p2b: ergoyK\n|-crit|p2b: ergoyK\n|-damage|p2b: ergoyK|7/100\n|-hitcount|p2b: ergoyK|3\n|move|p2b: ergoyK|Thunder|p1a: Urshifu\n|-supereffective|p1a: Urshifu\n|-damage|p1a: Urshifu|0 fnt\n|faint|p1a: Urshifu\n|\n|-weather|none\n|upkeep\n|turn|7\n|\n|t:|1775673337\n|move|p1b: Kyogre|Water Spout|p2b: ergoyK\n|-resisted|p2b: ergoyK\n|-damage|p2b: ergoyK|0 fnt\n|faint|p2b: ergoyK\n|\n|win|superidol9527\n|raw|superidol9527's rating: 1369 &rarr; <strong>1388</strong><br />(+19 for winning)\n|raw|gabolve's rating: 1349 &rarr; <strong>1330</strong><br />(-19 for losing)\n|l|\u2606gabolve\n|player|p2|\n|l|\u2606superidol9527\n|player|p1|\n","uploadtime":1775673503,"views":7,"formatid":"gen9vgc2026regi","rating":1330,"private":0,"password":null}