{"id":"gen9vgc2026regi-2535253121","format":"[Gen 9] VGC 2026 Reg I","players":["Test4sum","yamato-tak"],"log":"|j|\u2606Test4sum\n|j|\u2606yamato-tak\n|t:|1770537605\n|gametype|doubles\n|player|p1|Test4sum|101|1322\n|player|p2|yamato-tak|265|1407\n|gen|9\n|tier|[Gen 9] VGC 2026 Reg I\n|rated|\n|rule|Species Clause: Limit one of each Pok\u00e9mon\n|rule|Item Clause: Limit 1 of each item\n|clearpoke\n|poke|p1|Giratina-Origin, L50|\n|poke|p1|Kyogre, L50|\n|poke|p1|Basculegion, L50, M|\n|poke|p1|Urshifu-*, L50, M|\n|poke|p1|Moltres-Galar, L50|\n|poke|p1|Murkrow, L50, M|\n|poke|p2|Miraidon, L50|\n|poke|p2|Calyrex-Ice, L50|\n|poke|p2|Volcarona, L50, M|\n|poke|p2|Araquanid, L50, F|\n|poke|p2|Grimmsnarl, L50, M|\n|poke|p2|Rillaboom, L50, F|\n|teampreview|4\n|inactive|Battle timer is ON: inactive players will automatically lose when time's up. (requested by yamato-tak)\n|inactive|yamato-tak has 60 seconds left.\n|\n|t:|1770537639\n|teamsize|p1|4\n|teamsize|p2|4\n|start\n|switch|p1a: Giratina|Giratina-Origin, L50|100/100\n|switch|p1b: Murkrow|Murkrow, L50, M|100/100\n|switch|p2a: Grimmsnarl|Grimmsnarl, L50, M, shiny|100/100\n|switch|p2b: Miraidon|Miraidon, L50, shiny|100/100\n|-fieldstart|move: Electric Terrain|[from] ability: Hadron Engine|[of] p2b: Miraidon\n|turn|1\n|\n|t:|1770537660\n|switch|p2b: Calyrex|Calyrex-Ice, L50|100/100\n|-ability|p2b: Calyrex|As One\n|-ability|p2b: Calyrex|Unnerve\n|-terastallize|p1a: Giratina|Ghost\n|move|p1b: Murkrow|Tailwind|p1b: Murkrow\n|-sidestart|p1: Test4sum|move: Tailwind\n|move|p2a: Grimmsnarl|Reflect|p2a: Grimmsnarl\n|-sidestart|p2: yamato-tak|Reflect\n|move|p1a: Giratina|Shadow Force||[still]\n|-prepare|p1a: Giratina|Shadow Force\n|\n|upkeep\n|turn|2\n|\n|t:|1770537679\n|-terastallize|p2b: Calyrex|Fairy\n|move|p1b: Murkrow|Screech|p2b: Calyrex|[miss]\n|-miss|p1b: Murkrow|p2b: Calyrex\n|move|p2a: Grimmsnarl|Light Screen|p2a: Grimmsnarl\n|-sidestart|p2: yamato-tak|move: Light Screen\n|move|p1a: Giratina|Shadow Force|p2b: Calyrex|[from] lockedmove\n|-damage|p2b: Calyrex|62/100\n|move|p2b: Calyrex|Glacial Lance|p1a: Giratina|[spread] p1a,p1b\n|-supereffective|p1b: Murkrow\n|-damage|p1a: Giratina|59/100\n|-enditem|p1b: Murkrow|Focus Sash\n|-damage|p1b: Murkrow|1/100\n|\n|upkeep\n|turn|3\n|\n|t:|1770537702\n|move|p1b: Murkrow|Screech|p2b: Calyrex\n|-fail|p2b: Calyrex|unboost|[from] item: Clear Amulet|[of] p2b: Calyrex\n|move|p2a: Grimmsnarl|Parting Shot|p1a: Giratina\n|-unboost|p1a: Giratina|atk|1\n|-unboost|p1a: Giratina|spa|1\n|\n|t:|1770537711\n|switch|p2a: Volcarona|Volcarona, L50, M, shiny|100/100|[from] Parting Shot\n|move|p1a: Giratina|Shadow Force||[still]\n|-prepare|p1a: Giratina|Shadow Force\n|move|p2b: Calyrex|Glacial Lance|p1b: Murkrow|[spread] p1b\n|-miss|p2b: Calyrex|p1a: Giratina\n|-supereffective|p1b: Murkrow\n|-damage|p1b: Murkrow|0 fnt\n|faint|p1b: Murkrow\n|-ability|p2b: Calyrex|Chilling Neigh|boost\n|-boost|p2b: Calyrex|atk|1\n|\n|upkeep\n|\n|t:|1770537720\n|switch|p1b: Kyogre|Kyogre, L50|100/100\n|-weather|RainDance|[from] ability: Drizzle|[of] p1b: Kyogre\n|turn|4\n|\n|t:|1770537737\n|switch|p2a: Grimmsnarl|Grimmsnarl, L50, M, shiny|100/100\n|move|p2b: Calyrex|Protect|p2b: Calyrex\n|-singleturn|p2b: Calyrex|Protect\n|move|p1b: Kyogre|Water Spout|p2a: Grimmsnarl|[spread] p2a\n|-activate|p2b: Calyrex|move: Protect\n|-damage|p2a: Grimmsnarl|10/100\n|move|p1a: Giratina|Shadow Force|p2b: Calyrex|[from] lockedmove\n|-activate|p2b: Calyrex|move: Shadow Force|[broken]\n|-damage|p2b: Calyrex|35/100\n|\n|-weather|RainDance|[upkeep]\n|-sideend|p1: Test4sum|move: Tailwind\n|upkeep\n|turn|5\n|\n|t:|1770537757\n|move|p2a: Grimmsnarl|Fake Out|p1b: Kyogre\n|-damage|p1b: Kyogre|87/100\n|move|p1a: Giratina|Shadow Sneak|p2a: Grimmsnarl\n|-resisted|p2a: Grimmsnarl\n|-damage|p2a: Grimmsnarl|2/100\n|cant|p1b: Kyogre|flinch\n|move|p2b: Calyrex|Glacial Lance|p1b: Kyogre|[spread] p1a,p1b\n|-crit|p1a: Giratina\n|-resisted|p1b: Kyogre\n|-damage|p1a: Giratina|0 fnt\n|-damage|p1b: Kyogre|40/100\n|faint|p1a: Giratina\n|-ability|p2b: Calyrex|Chilling Neigh|boost\n|-boost|p2b: Calyrex|atk|1\n|\n|-weather|RainDance|[upkeep]\n|-fieldend|move: Electric Terrain\n|upkeep\n|\n|t:|1770537761\n|switch|p1a: Basculegion|Basculegion, L50, M|100/100\n|turn|6\n|\n|t:|1770537784\n|move|p2a: Grimmsnarl|Parting Shot|p1a: Basculegion\n|-unboost|p1a: Basculegion|atk|1\n|-unboost|p1a: Basculegion|spa|1\n|\n|t:|1770537788\n|switch|p2a: Volcarona|Volcarona, L50, M, shiny|100/100|[from] Parting Shot\n|move|p1a: Basculegion|Last Respects|p2b: Calyrex\n|-damage|p2b: Calyrex|1/100\n|move|p1b: Kyogre|Water Spout|p2a: Volcarona|[spread] p2a,p2b\n|-supereffective|p2a: Volcarona\n|-damage|p2a: Volcarona|26/100\n|-damage|p2b: Calyrex|0 fnt\n|faint|p2b: Calyrex\n|\n|-weather|RainDance|[upkeep]\n|-heal|p2a: Volcarona|32/100|[from] item: Leftovers\n|upkeep\n|\n|t:|1770537803\n|switch|p2b: Miraidon|Miraidon, L50, shiny|100/100\n|-fieldstart|move: Electric Terrain|[from] ability: Hadron Engine|[of] p2b: Miraidon\n|turn|7\n|\n|t:|1770537810\n|move|p1a: Basculegion|Last Respects|p2b: Miraidon\n|-damage|p2b: Miraidon|62/100\n|move|p2b: Miraidon|Calm Mind|p2b: Miraidon\n|-boost|p2b: Miraidon|spa|1\n|-boost|p2b: Miraidon|spd|1\n|move|p1b: Kyogre|Water Spout|p2b: Miraidon|[spread] p2a,p2b\n|-supereffective|p2a: Volcarona\n|-crit|p2a: Volcarona\n|-resisted|p2b: Miraidon\n|-damage|p2a: Volcarona|0 fnt\n|-damage|p2b: Miraidon|52/100\n|faint|p2a: Volcarona\n|\n|-weather|RainDance|[upkeep]\n|upkeep\n|\n|t:|1770537813\n|switch|p2a: Grimmsnarl|Grimmsnarl, L50, M, shiny|2/100\n|turn|8\n|\n|t:|1770537827\n|move|p2a: Grimmsnarl|Fake Out|p1b: Kyogre\n|-damage|p1b: Kyogre|28/100\n|move|p1a: Basculegion|Last Respects|p2b: Miraidon\n|-damage|p2b: Miraidon|11/100\n|move|p2b: Miraidon|Parabolic Charge|p1b: Kyogre|[spread] p2a,p1a,p1b\n|-supereffective|p1a: Basculegion\n|-supereffective|p1b: Kyogre\n|-damage|p2a: Grimmsnarl|0 fnt\n|-heal|p2b: Miraidon|12/100|[from] drain|[of] p2a: Grimmsnarl\n|-damage|p1a: Basculegion|0 fnt\n|-heal|p2b: Miraidon|59/100|[from] drain|[of] p1a: Basculegion\n|-damage|p1b: Kyogre|0 fnt\n|-heal|p2b: Miraidon|71/100|[from] drain|[of] p1b: Kyogre\n|faint|p2a: Grimmsnarl\n|faint|p1a: Basculegion\n|faint|p1b: Kyogre\n|\n|win|yamato-tak\n|raw|Test4sum's rating: 1322 &rarr; <strong>1307</strong><br />(-15 for losing)\n|raw|yamato-tak's rating: 1407 &rarr; <strong>1422</strong><br />(+15 for winning)\n|l|\u2606Test4sum\n|player|p1|\n|l|\u2606yamato-tak\n|player|p2|\n","uploadtime":1770538064,"views":11,"formatid":"gen9vgc2026regi","rating":1307,"private":0,"password":null}