{"id":"gen9vgc2026regi-2528214644","format":"[Gen 9] VGC 2026 Reg I","players":["bobthemango141","Schimmli"],"log":"|j|\u2606bobthemango141\n|j|\u2606Schimmli\n|t:|1769630735\n|gametype|doubles\n|player|p1|bobthemango141|2|1459\n|player|p2|Schimmli|266|1472\n|gen|9\n|tier|[Gen 9] VGC 2026 Reg I\n|rated|\n|rule|Species Clause: Limit one of each Pok\u00e9mon\n|rule|Item Clause: Limit 1 of each item\n|clearpoke\n|poke|p1|Miraidon, L50|\n|poke|p1|Lunala, L50|\n|poke|p1|Sylveon, L50, M|\n|poke|p1|Incineroar, L50, F|\n|poke|p1|Whimsicott, L50, F|\n|poke|p1|Urshifu-*, L50, M|\n|poke|p2|Kyogre, L50|\n|poke|p2|Tornadus, L50, M|\n|poke|p2|Urshifu-*, L50, M|\n|poke|p2|Landorus, L50, M|\n|poke|p2|Flutter Mane, L50|\n|poke|p2|Zamazenta-*, L50|\n|teampreview|4\n|\n|t:|1769630767\n|teamsize|p1|4\n|teamsize|p2|4\n|start\n|switch|p1a: Miraidon|Miraidon, L50, shiny|100/100\n|switch|p1b: Whimsicott|Whimsicott, L50, F, shiny|100/100\n|switch|p2a: Tornadus|Tornadus, L50, M|100/100\n|switch|p2b: Landorus|Landorus, L50, M|100/100\n|-fieldstart|move: Electric Terrain|[from] ability: Hadron Engine|[of] p1a: Miraidon\n|turn|1\n|\n|t:|1769630793\n|move|p2b: Landorus|Protect|p2b: Landorus\n|-singleturn|p2b: Landorus|Protect\n|move|p1b: Whimsicott|Tailwind|p1b: Whimsicott\n|-sidestart|p1: bobthemango141|move: Tailwind\n|move|p1a: Miraidon|Draco Meteor|p2b: Landorus\n|-activate|p2b: Landorus|move: Protect\n|move|p2a: Tornadus|Bleakwind Storm|p1a: Miraidon|[spread] p1a,p1b\n|-resisted|p1a: Miraidon\n|-supereffective|p1b: Whimsicott\n|-crit|p1b: Whimsicott\n|-damage|p1a: Miraidon|87/100\n|-enditem|p1b: Whimsicott|Focus Sash\n|-damage|p1b: Whimsicott|1/100\n|-unboost|p1b: Whimsicott|spe|1\n|\n|upkeep\n|turn|2\n|\n|t:|1769630822\n|switch|p2b: Zamazenta|Zamazenta-Crowned, L50|100/100\n|-ability|p2b: Zamazenta|Dauntless Shield|boost\n|-boost|p2b: Zamazenta|def|1\n|move|p2a: Tornadus|Protect|p2a: Tornadus\n|-singleturn|p2a: Tornadus|Protect\n|move|p1a: Miraidon|Draco Meteor|p2b: Zamazenta\n|-resisted|p2b: Zamazenta\n|-damage|p2b: Zamazenta|46/100\n|-unboost|p1a: Miraidon|spa|2\n|move|p1b: Whimsicott|Endeavor|p2a: Tornadus\n|-activate|p2a: Tornadus|move: Protect\n|\n|upkeep\n|turn|3\n|\n|t:|1769630846\n|switch|p1a: Lunala|Lunala, L50|100/100\n|-enditem|p1a: Lunala|Electric Seed\n|-boost|p1a: Lunala|def|1|[from] item: Electric Seed\n|move|p2a: Tornadus|Tailwind|p2a: Tornadus\n|-sidestart|p2: Schimmli|move: Tailwind\n|move|p2b: Zamazenta|Heavy Slam|p1b: Whimsicott\n|-supereffective|p1b: Whimsicott\n|-damage|p1b: Whimsicott|0 fnt\n|faint|p1b: Whimsicott\n|\n|upkeep\n|\n|t:|1769630856\n|switch|p1b: Miraidon|Miraidon, L50, shiny|87/100\n|-activate|p1b: Miraidon|ability: Hadron Engine\n|turn|4\n|\n|t:|1769630882\n|switch|p2a: Landorus|Landorus, L50, M|100/100\n|-terastallize|p2b: Zamazenta|Dragon\n|move|p1b: Miraidon|Electro Drift|p2a: Landorus\n|-immune|p2a: Landorus\n|move|p2b: Zamazenta|Body Press|p1b: Miraidon\n|-damage|p1b: Miraidon|22/100\n|move|p1a: Lunala|Trick Room|p1a: Lunala\n|-fieldstart|move: Trick Room|[of] p1a: Lunala\n|\n|-sideend|p1: bobthemango141|move: Tailwind\n|upkeep\n|turn|5\n|\n|t:|1769630902\n|move|p2b: Zamazenta|Protect|p2b: Zamazenta\n|-singleturn|p2b: Zamazenta|Protect\n|move|p1a: Lunala|Moongeist Beam|p2a: Landorus\n|-damage|p2a: Landorus|43/100\n|move|p1b: Miraidon|Electro Drift|p2b: Zamazenta\n|-activate|p2b: Zamazenta|move: Protect\n|move|p2a: Landorus|Sandsear Storm|p1b: Miraidon|[spread] p1a,p1b\n|-supereffective|p1b: Miraidon\n|-damage|p1a: Lunala|78/100\n|-damage|p1b: Miraidon|0 fnt\n|faint|p1b: Miraidon\n|\n|-fieldend|move: Electric Terrain\n|upkeep\n|\n|t:|1769630905\n|switch|p1b: Urshifu|Urshifu-Rapid-Strike, L50, M|100/100\n|turn|6\n|\n|t:|1769630930\n|move|p1a: Lunala|Moonblast|p2b: Zamazenta\n|-supereffective|p2b: Zamazenta\n|-damage|p2b: Zamazenta|0 fnt\n|faint|p2b: Zamazenta\n|move|p1b: Urshifu|Surging Strikes|p2a: Landorus\n|-supereffective|p2a: Landorus\n|-crit|p2a: Landorus\n|-damage|p2a: Landorus|0 fnt\n|faint|p2a: Landorus\n|-hitcount|p2: Landorus|1\n|\n|-sideend|p2: Schimmli|move: Tailwind\n|upkeep\n|\n|t:|1769630939\n|switch|p2a: Kyogre|Kyogre, L50|100/100\n|switch|p2b: Tornadus|Tornadus, L50, M|100/100\n|-weather|RainDance|[from] ability: Drizzle|[of] p2a: Kyogre\n|turn|7\n|\n|t:|1769630950\n|move|p1a: Lunala|Moongeist Beam|p2a: Kyogre\n|-damage|p2a: Kyogre|64/100\n|move|p2a: Kyogre|Thunder|p1b: Urshifu\n|-supereffective|p1b: Urshifu\n|-damage|p1b: Urshifu|0 fnt\n|faint|p1b: Urshifu\n|move|p2b: Tornadus|Bleakwind Storm|p1a: Lunala\n|-damage|p1a: Lunala|48/100\n|\n|-weather|RainDance|[upkeep]\n|upkeep\n|turn|8\n|-message|bobthemango141 forfeited.\n|\n|win|Schimmli\n|raw|bobthemango141's rating: 1459 &rarr; <strong>1440</strong><br />(-19 for losing)\n|raw|Schimmli's rating: 1472 &rarr; <strong>1491</strong><br />(+19 for winning)\n|l|\u2606bobthemango141\n|player|p1|\n|l|\u2606Schimmli\n|player|p2|\n","uploadtime":1769631237,"views":19,"formatid":"gen9vgc2026regi","rating":1440,"private":0,"password":null}