{"id":"gen9vgc2026regi-2523687002","format":"[Gen 9] VGC 2026 Reg I","players":["XiaoGGGGGGGG","inb_178"],"log":"|j|\u2606XiaoGGGGGGGG\n|j|\u2606inb_178\n|t:|1769053505\n|gametype|doubles\n|player|p1|XiaoGGGGGGGG|1|1316\n|player|p2|inb_178|169|1219\n|gen|9\n|tier|[Gen 9] VGC 2026 Reg I\n|rated|\n|rule|Species Clause: Limit one of each Pok\u00e9mon\n|rule|Item Clause: Limit 1 of each item\n|clearpoke\n|poke|p1|Kyogre, L50|\n|poke|p1|Calyrex-Ice, L50|\n|poke|p1|Iron Jugulis, L50|\n|poke|p1|Amoonguss, L50, F|\n|poke|p1|Indeedee-F, L50, F|\n|poke|p1|Urshifu-*, L50, F|\n|poke|p2|Miraidon, L50|\n|poke|p2|Lunala, L50|\n|poke|p2|Iron Bundle, L50|\n|poke|p2|Wo-Chien, L50|\n|poke|p2|Incineroar, L50, F|\n|poke|p2|Sneasler, L50, M|\n|teampreview|4\n|\n|t:|1769053565\n|teamsize|p1|4\n|teamsize|p2|4\n|start\n|switch|p1a: Calyrex|Calyrex-Ice, L50|100/100\n|switch|p1b: Indeedee|Indeedee-F, L50, F|100/100\n|switch|p2a: Miraidon|Miraidon, L50|100/100\n|switch|p2b: Iron Bundle|Iron Bundle, L50|100/100\n|-ability|p1a: Calyrex|As One\n|-ability|p1a: Calyrex|Unnerve\n|-fieldstart|move: Electric Terrain|[from] ability: Hadron Engine|[of] p2a: Miraidon\n|-activate|p2b: Iron Bundle|ability: Quark Drive\n|-start|p2b: Iron Bundle|quarkdrivespe\n|-fieldstart|move: Psychic Terrain|[from] ability: Psychic Surge|[of] p1b: Indeedee\n|-end|p2b: Iron Bundle|Quark Drive\n|turn|1\n|j| here's where king!\n|inactive|Battle timer is ON: inactive players will automatically lose when time's up. (requested by XiaoGGGGGGGG)\n|l| here's where king!\n|j| here's where king!\n|\n|t:|1769053607\n|move|p1b: Indeedee|Follow Me|p1b: Indeedee\n|-singleturn|p1b: Indeedee|move: Follow Me\n|move|p2b: Iron Bundle|Ice Beam|p1b: Indeedee\n|-damage|p1b: Indeedee|58/100\n|-enditem|p1b: Indeedee|Eject Button\n|\n|t:|1769053626\n|switch|p1b: Urshifu|Urshifu-Rapid-Strike, L50, F|100/100\n|move|p2a: Miraidon|Volt Switch|p1b: Urshifu\n|-supereffective|p1b: Urshifu\n|-damage|p1b: Urshifu|0 fnt\n|faint|p1b: Urshifu\n|\n|t:|1769053637\n|switch|p2a: Lunala|Lunala, L50|100/100|[from] Volt Switch\n|move|p1a: Calyrex|Trick Room|p1a: Calyrex\n|-fieldstart|move: Trick Room|[of] p1a: Calyrex\n|\n|upkeep\n|\n|t:|1769053641\n|switch|p1b: Kyogre|Kyogre, L50|100/100\n|-weather|RainDance|[from] ability: Drizzle|[of] p1b: Kyogre\n|turn|2\n|\n|t:|1769053653\n|-end|p2b: Iron Bundle|Quark Drive|[silent]\n|switch|p2b: Wo-Chien|Wo-Chien, L50|100/100\n|-ability|p2b: Wo-Chien|Tablets of Ruin\n|-terastallize|p1a: Calyrex|Grass\n|move|p2a: Lunala|Wide Guard|p2a: Lunala\n|-singleturn|p2a: Lunala|Wide Guard\n|move|p1a: Calyrex|Seed Bomb|p2b: Wo-Chien\n|-resisted|p2b: Wo-Chien\n|-damage|p2b: Wo-Chien|87/100\n|move|p1b: Kyogre|Hydro Pump|p2a: Lunala\n|-damage|p2a: Lunala|43/100\n|\n|-weather|RainDance|[upkeep]\n|-heal|p2b: Wo-Chien|93/100|[from] item: Leftovers\n|upkeep\n|turn|3\n|inactive|inb_178 has 30 seconds left.\n|\n|t:|1769053682\n|move|p2a: Lunala|Wide Guard|p2a: Lunala\n|-singleturn|p2a: Lunala|Wide Guard\n|move|p1a: Calyrex|Glacial Lance|p2b: Wo-Chien|[spread] \n|-activate|p2a: Lunala|move: Wide Guard\n|-activate|p2b: Wo-Chien|move: Wide Guard\n|move|p2b: Wo-Chien|Leech Seed|p1b: Kyogre\n|-start|p1b: Kyogre|move: Leech Seed\n|move|p1b: Kyogre|Hydro Pump|p2a: Lunala\n|-damage|p2a: Lunala|0 fnt\n|faint|p2a: Lunala\n|\n|-weather|RainDance|[upkeep]\n|-heal|p2b: Wo-Chien|99/100|[from] item: Leftovers\n|-damage|p1b: Kyogre|88/100|[from] Leech Seed|[of] p2b: Wo-Chien\n|-heal|p2b: Wo-Chien|100/100|[silent]\n|upkeep\n|\n|t:|1769053700\n|switch|p2a: Iron Bundle|Iron Bundle, L50|100/100\n|turn|4\n|\n|t:|1769053712\n|switch|p1b: Indeedee|Indeedee-F, L50, F|58/100\n|move|p2a: Iron Bundle|Protect|p2a: Iron Bundle\n|-singleturn|p2a: Iron Bundle|Protect\n|move|p1a: Calyrex|Glacial Lance|p2a: Iron Bundle|[spread] p2b\n|-activate|p2a: Iron Bundle|move: Protect\n|-supereffective|p2b: Wo-Chien\n|-damage|p2b: Wo-Chien|34/100\n|move|p2b: Wo-Chien|Snarl|p1a: Calyrex|[spread] p1b\n|-miss|p2b: Wo-Chien|p1a: Calyrex\n|-supereffective|p1b: Indeedee\n|-damage|p1b: Indeedee|31/100\n|-unboost|p1b: Indeedee|spa|1\n|\n|-weather|RainDance|[upkeep]\n|-heal|p2b: Wo-Chien|40/100|[from] item: Leftovers\n|upkeep\n|turn|5\n|\n|t:|1769053733\n|move|p2b: Wo-Chien|Protect|p2b: Wo-Chien\n|-singleturn|p2b: Wo-Chien|Protect\n|move|p1b: Indeedee|Follow Me|p1b: Indeedee\n|-singleturn|p1b: Indeedee|move: Follow Me\n|move|p1a: Calyrex|Glacial Lance|p2b: Wo-Chien|[spread] p2a\n|-activate|p2b: Wo-Chien|move: Protect\n|-resisted|p2a: Iron Bundle\n|-damage|p2a: Iron Bundle|88/100\n|move|p2a: Iron Bundle|Ice Beam|p1b: Indeedee\n|-damage|p1b: Indeedee|0 fnt\n|faint|p1b: Indeedee\n|\n|-weather|RainDance|[upkeep]\n|-heal|p2b: Wo-Chien|46/100|[from] item: Leftovers\n|-fieldend|move: Trick Room\n|-fieldend|move: Psychic Terrain\n|upkeep\n|\n|t:|1769053744\n|switch|p1b: Kyogre|Kyogre, L50|88/100\n|turn|6\n|\n|t:|1769053757\n|move|p2a: Iron Bundle|Ice Beam|p1a: Calyrex\n|-supereffective|p1a: Calyrex\n|-damage|p1a: Calyrex|43/100\n|move|p1b: Kyogre|Origin Pulse|p2b: Wo-Chien|[spread] \n|-miss|p1b: Kyogre|p2a: Iron Bundle\n|-miss|p1b: Kyogre|p2b: Wo-Chien\n|move|p2b: Wo-Chien|Pollen Puff|p1a: Calyrex\n|-supereffective|p1a: Calyrex\n|-damage|p1a: Calyrex|18/100\n|move|p1a: Calyrex|Trick Room|p1a: Calyrex\n|-fieldstart|move: Trick Room|[of] p1a: Calyrex\n|\n|-weather|none\n|-heal|p2b: Wo-Chien|53/100|[from] item: Leftovers\n|upkeep\n|turn|7\n|inactive|inb_178 has 30 seconds left.\n|inactive|inb_178 has 20 seconds left.\n|\n|t:|1769053793\n|-terastallize|p2b: Wo-Chien|Fairy\n|move|p2a: Iron Bundle|Protect|p2a: Iron Bundle\n|-singleturn|p2a: Iron Bundle|Protect\n|move|p1a: Calyrex|Glacial Lance|p2b: Wo-Chien|[spread] p2b\n|-activate|p2a: Iron Bundle|move: Protect\n|-damage|p2b: Wo-Chien|21/100\n|move|p2b: Wo-Chien|Pollen Puff|p1a: Calyrex\n|-supereffective|p1a: Calyrex\n|-damage|p1a: Calyrex|0 fnt\n|faint|p1a: Calyrex\n|move|p1b: Kyogre|Origin Pulse|p2a: Iron Bundle|[spread] p2b\n|-activate|p2a: Iron Bundle|move: Protect\n|-damage|p2b: Wo-Chien|0 fnt\n|faint|p2b: Wo-Chien\n|\n|upkeep\n|\n|t:|1769053812\n|switch|p2b: Miraidon|Miraidon, L50|100/100\n|-fieldstart|move: Electric Terrain|[from] ability: Hadron Engine|[of] p2b: Miraidon\n|-activate|p2a: Iron Bundle|ability: Quark Drive\n|-start|p2a: Iron Bundle|quarkdrivespe\n|turn|8\n|\n|t:|1769053819\n|move|p1b: Kyogre|Origin Pulse|p2b: Miraidon|[spread] p2a,p2b\n|-resisted|p2a: Iron Bundle\n|-resisted|p2b: Miraidon\n|-damage|p2a: Iron Bundle|8/100\n|-damage|p2b: Miraidon|64/100\n|move|p2b: Miraidon|Electro Drift|p1b: Kyogre\n|-supereffective|p1b: Kyogre\n|-damage|p1b: Kyogre|0 fnt\n|faint|p1b: Kyogre\n|\n|win|inb_178\n|raw|XiaoGGGGGGGG's rating: 1316 &rarr; <strong>1291</strong><br />(-25 for losing)\n|raw|inb_178's rating: 1219 &rarr; <strong>1251</strong><br />(+32 for winning)\n|l|\u2606XiaoGGGGGGGG\n|player|p1|\n|l|\u2606inb_178\n|player|p2|\n|l| here's where king!\n","uploadtime":1769054010,"views":14,"formatid":"gen9vgc2026regi","rating":1251,"private":0,"password":null}