{"id":"gen9vgc2026regi-2516634613","format":"[Gen 9] VGC 2026 Reg I","players":["Agent 4 Lukachu","j0l0k0"],"log":"|j|\u2606Agent 4 Lukachu\n|j|\u2606j0l0k0\n|t:|1768163997\n|gametype|doubles\n|player|p1|Agent 4 Lukachu|wally|\n|player|p2|j0l0k0|brycen|\n|gen|9\n|tier|[Gen 9] VGC 2026 Reg I\n|rated|Tournament battle\n|rule|Species Clause: Limit one of each Pok\u00e9mon\n|rule|Item Clause: Limit 1 of each item\n|raw|<div class=\"infobox\"><details class=\"readmore\" open><summary><strong>3 custom rules:</strong></summary> Open Team Sheets, Force Open Team Sheets, !Open Team Sheets</details></div>\n|clearpoke\n|poke|p1|Miraidon, L50|\n|poke|p1|Groudon, L50|\n|poke|p1|Ogerpon-Hearthflame, L50, F|\n|poke|p1|Whimsicott, L50, F|\n|poke|p1|Farigiraf, L50, M|\n|poke|p1|Iron Hands, L50|\n|poke|p2|Calyrex-Ice, L50|\n|poke|p2|Kyogre, L50|\n|poke|p2|Indeedee-F, L50, F|\n|poke|p2|Urshifu-*, L50, F|\n|poke|p2|Amoonguss, L50, F|\n|poke|p2|Landorus, L50, M|\n|teampreview|4\n|showteam|p1|Miraidon||ChoiceSpecs|HadronEngine|ElectroDrift,DracoMeteor,VoltSwitch,Discharge||||||50|,,,,,Electric]Groudon||ClearAmulet|Drought|PrecipiceBlades,HeatCrash,HelpingHand,Protect||||||50|,,,,,Fire]Ogerpon-Hearthflame||HearthflameMask|MoldBreaker|IvyCudgel,WoodHammer,FollowMe,SpikyShield|||F|||50|,,,,,Fire]Whimsicott||CovertCloak|Prankster|Moonblast,Tailwind,LightScreen,Encore|||F|||50|,,,,,Dark]Farigiraf||ElectricSeed|ArmorTail|PsychicNoise,FoulPlay,TrickRoom,HelpingHand|||M|||50|,,,,,Ground]Iron Hands||AssaultVest|QuarkDrive|FakeOut,DrainPunch,LowKick,WildCharge||||||50|,,,,,Bug\n|showteam|p2|Calyrex-Ice||ClearAmulet|AsOneGlastrier|GlacialLance,Crunch,CloseCombat,TrickRoom||||||50|,,,,,Normal]Kyogre||AssaultVest|Drizzle|WaterSpout,HydroPump,Thunder,IceBeam||||||50|,,,,,Grass]Indeedee-F||SafetyGoggles|PsychicSurge|FollowMe,TrickRoom,HelpingHand,Psychic|||F|||50|,,,,,Water]Urshifu||FocusSash|UnseenFist|WickedBlow,CloseCombat,Protect,PoisonJab|||F|||50|,,,,,Ghost]Amoonguss||RockyHelmet|Regenerator|Spore,RagePowder,EnergyBall,ClearSmog|||F|||50|,,,,,Water]Landorus||LifeOrb|SheerForce|SandsearStorm,EarthPower,SludgeBomb,Protect|||M|||50|,,,,,Steel\n|inactive|Battle timer is ON: inactive players will automatically lose when time's up. (requested by j0l0k0)\n|j| mysticmarshtomp\n|inactive|j0l0k0 has 60 seconds left.\n|\n|t:|1768164037\n|teamsize|p1|4\n|teamsize|p2|4\n|start\n|switch|p1a: Tactical Nuke|Miraidon, L50, shiny|100/100\n|switch|p1b: Fire Ponyo|Ogerpon-Hearthflame, L50, F|100/100\n|switch|p2a: Indeedee|Indeedee-F, L50, F, shiny|100/100\n|switch|p2b: Calyrex|Calyrex-Ice, L50|100/100\n|-ability|p2b: Calyrex|As One\n|-ability|p2b: Calyrex|Unnerve\n|-fieldstart|move: Electric Terrain|[from] ability: Hadron Engine|[of] p1a: Tactical Nuke\n|-ability|p1b: Fire Ponyo|Mold Breaker\n|-fieldstart|move: Psychic Terrain|[from] ability: Psychic Surge|[of] p2a: Indeedee\n|turn|1\n|j| IDKWHATNAMEIWANTED\n|l| IDKWHATNAMEIWANTED\n|inactive|Agent 4 Lukachu has 30 seconds left.\n|inactive|Agent 4 Lukachu has 20 seconds left.\n|inactive|Agent 4 Lukachu has 15 seconds left.\n|\n|t:|1768164082\n|move|p2a: Indeedee|Follow Me|p2a: Indeedee\n|-singleturn|p2a: Indeedee|move: Follow Me\n|move|p1a: Tactical Nuke|Volt Switch|p2a: Indeedee\n|-damage|p2a: Indeedee|46/100\n|\n|t:|1768164092\n|switch|p1a: 7.8/10ToomuchWater|Groudon, L50|100/100|[from] Volt Switch\n|-weather|SunnyDay|[from] ability: Drought|[of] p1a: 7.8/10ToomuchWater\n|move|p1b: Fire Ponyo|Ivy Cudgel|p2a: Indeedee|[anim] Ivy Cudgel Fire\n|-damage|p2a: Indeedee|0 fnt\n|faint|p2a: Indeedee\n|move|p2b: Calyrex|Trick Room|p2b: Calyrex\n|-fieldstart|move: Trick Room|[of] p2b: Calyrex\n|\n|-weather|SunnyDay|[upkeep]\n|upkeep\n|\n|t:|1768164101\n|switch|p2a: Kyogre|Kyogre, L50, shiny|100/100\n|-weather|RainDance|[from] ability: Drizzle|[of] p2a: Kyogre\n|turn|2\n|\n|t:|1768164115\n|move|p1a: 7.8/10ToomuchWater|Protect|p1a: 7.8/10ToomuchWater\n|-singleturn|p1a: 7.8/10ToomuchWater|Protect\n|move|p1b: Fire Ponyo|Spiky Shield|p1b: Fire Ponyo\n|-singleturn|p1b: Fire Ponyo|move: Protect\n|move|p2b: Calyrex|Glacial Lance|p1b: Fire Ponyo|[spread] \n|-activate|p1a: 7.8/10ToomuchWater|move: Protect\n|-activate|p1b: Fire Ponyo|move: Protect\n|move|p2a: Kyogre|Water Spout|p1a: 7.8/10ToomuchWater|[spread] \n|-activate|p1a: 7.8/10ToomuchWater|move: Protect\n|-activate|p1b: Fire Ponyo|move: Protect\n|\n|-weather|RainDance|[upkeep]\n|upkeep\n|turn|3\n|inactive|Agent 4 Lukachu has 30 seconds left.\n|inactive|Agent 4 Lukachu has 20 seconds left.\n|\n|t:|1768164154\n|switch|p1a: High Five|Iron Hands, L50|100/100\n|move|p2b: Calyrex|Glacial Lance|p1b: Fire Ponyo|[spread] p1a,p1b\n|-damage|p1a: High Five|62/100\n|-damage|p1b: Fire Ponyo|40/100\n|move|p2a: Kyogre|Water Spout|p1b: Fire Ponyo|[spread] p1a,p1b\n|-damage|p1a: High Five|11/100\n|-damage|p1b: Fire Ponyo|0 fnt\n|faint|p1b: Fire Ponyo\n|\n|-weather|RainDance|[upkeep]\n|upkeep\n|\n|t:|1768164163\n|switch|p1b: Tactical Nuke|Miraidon, L50, shiny|100/100\n|-fieldstart|move: Electric Terrain|[from] ability: Hadron Engine|[of] p1b: Tactical Nuke\n|-activate|p1a: High Five|ability: Quark Drive\n|-start|p1a: High Five|quarkdriveatk\n|turn|4\n|inactive|Agent 4 Lukachu has 30 seconds left.\n|\n|t:|1768164192\n|-terastallize|p2a: Kyogre|Grass\n|move|p1a: High Five|Fake Out|p2b: Calyrex\n|-damage|p2b: Calyrex|87/100\n|cant|p2b: Calyrex|flinch\n|move|p2a: Kyogre|Ice Beam|p1b: Tactical Nuke\n|-supereffective|p1b: Tactical Nuke\n|-damage|p1b: Tactical Nuke|37/100\n|move|p1b: Tactical Nuke|Electro Drift|p2b: Calyrex\n|-damage|p2b: Calyrex|0 fnt\n|faint|p2b: Calyrex\n|\n|-weather|RainDance|[upkeep]\n|upkeep\n|j| neurodiiviirgiin\n|\n|t:|1768164205\n|switch|p2b: Landorus|Landorus, L50, M, shiny|100/100\n|turn|5\n|inactive|Agent 4 Lukachu has 30 seconds left.\n|inactive|Agent 4 Lukachu has 20 seconds left.\n|\n|t:|1768164241\n|move|p2b: Landorus|Protect|p2b: Landorus\n|-singleturn|p2b: Landorus|Protect\n|move|p1a: High Five|Low Kick|p2a: Kyogre\n|-damage|p2a: Kyogre|16/100\n|move|p2a: Kyogre|Ice Beam|p1a: High Five\n|-damage|p1a: High Five|0 fnt\n|faint|p1a: High Five\n|-end|p1a: High Five|Quark Drive|[silent]\n|move|p1b: Tactical Nuke|Electro Drift|p2a: Kyogre\n|-resisted|p2a: Kyogre\n|-damage|p2a: Kyogre|0 fnt\n|faint|p2a: Kyogre\n|\n|-weather|RainDance|[upkeep]\n|-fieldend|move: Trick Room\n|upkeep\n|\n|t:|1768164248\n|switch|p1a: 7.8/10ToomuchWater|Groudon, L50|100/100\n|-weather|SunnyDay|[from] ability: Drought|[of] p1a: 7.8/10ToomuchWater\n|turn|6\n|c|\u2606j0l0k0|ggwp\n|inactive|j0l0k0 has 30 seconds left.\n|\n|t:|1768164280\n|move|p1b: Tactical Nuke|Electro Drift|p2b: Landorus\n|-immune|p2b: Landorus\n|move|p1a: 7.8/10ToomuchWater|Heat Crash|p2b: Landorus\n|-damage|p2b: Landorus|34/100\n|move|p2b: Landorus|Sandsear Storm|p1a: 7.8/10ToomuchWater|[spread] p1a,p1b\n|-supereffective|p1b: Tactical Nuke\n|-damage|p1a: 7.8/10ToomuchWater|45/100\n|-damage|p1b: Tactical Nuke|0 fnt\n|faint|p1b: Tactical Nuke\n|\n|-weather|SunnyDay|[upkeep]\n|upkeep\n|turn|7\n|inactive|j0l0k0 has 30 seconds left.\n|l| mysticmarshtomp\n|inactive|j0l0k0 has 20 seconds left.\n|inactive|j0l0k0 has 15 seconds left.\n|\n|t:|1768164320\n|move|p1a: 7.8/10ToomuchWater|Heat Crash|p2b: Landorus\n|-damage|p2b: Landorus|0 fnt\n|faint|p2b: Landorus\n|\n|win|Agent 4 Lukachu\n|n|\u2606Agent 4 Lukachu|agent4lukachu\n|n|\u2606j0l0k0|j0l0k0\n|n| neurodiiviirgiin|neurodiiviirgiin\n|l|\u2606Agent 4 Lukachu\n|player|p1|\n|l|\u2606j0l0k0\n|player|p2|\n|j| PurpleChalk\n|l| PurpleChalk\n|j|\u2606Agent 4 Lukachu\n|player|p1|Agent 4 Lukachu|wally|\n","uploadtime":1768165412,"views":16,"formatid":"gen9vgc2026regi","rating":null,"private":0,"password":null}