{"id":"gen9vgc2026regi-2567340308","format":"[Gen 9] VGC 2026 Reg I","players":["Sheevp","terafireflareblitz"],"log":"|j|\u2606Sheevp\n|j|\u2606terafireflareblitz\n|t:|1774467886\n|gametype|doubles\n|player|p1|Sheevp|170|1502\n|player|p2|terafireflareblitz|sycamore|1554\n|gen|9\n|tier|[Gen 9] VGC 2026 Reg I\n|rated|\n|rule|Species Clause: Limit one of each Pok\u00e9mon\n|rule|Item Clause: Limit 1 of each item\n|clearpoke\n|poke|p1|Incineroar, L50, M|\n|poke|p1|Rillaboom, L50, F|\n|poke|p1|Landorus, L50, M|\n|poke|p1|Smeargle, L50, M|\n|poke|p1|Koraidon, L50|\n|poke|p1|Calyrex-Ice, L50|\n|poke|p2|Koraidon, L50|\n|poke|p2|Lunala, L50|\n|poke|p2|Indeedee-F, L50, F|\n|poke|p2|Flutter Mane, L50|\n|poke|p2|Volcarona, L50, M|\n|poke|p2|Ursaluna, L50, M|\n|teampreview|4\n|inactive|Battle timer is ON: inactive players will automatically lose when time's up. (requested by terafireflareblitz)\n|inactive|terafireflareblitz has 60 seconds left.\n|inactive|terafireflareblitz has 30 seconds left.\n|inactive|terafireflareblitz has 20 seconds left.\n|inactive|terafireflareblitz has 15 seconds left.\n|inactive|terafireflareblitz has 10 seconds left.\n|inactive|terafireflareblitz has 5 seconds left.\n|\n|t:|1774467977\n|teamsize|p1|4\n|teamsize|p2|4\n|start\n|switch|p1a: Koraidon|Koraidon, L50|100/100\n|switch|p1b: Smeargle|Smeargle, L50, M|100/100\n|switch|p2a: Koraidon|Koraidon, L50, shiny|100/100\n|switch|p2b: Lunala|Lunala, L50, shiny|100/100\n|-weather|SunnyDay|[from] ability: Orichalcum Pulse|[of] p2a: Koraidon\n|-activate|p2a: Koraidon|Orichalcum Pulse|[source]\n|-activate|p1a: Koraidon|ability: Orichalcum Pulse\n|turn|1\n|\n|t:|1774467994\n|switch|p2b: Indeedee|Indeedee-F, L50, F|100/100\n|-fieldstart|move: Psychic Terrain|[from] ability: Psychic Surge|[of] p2b: Indeedee\n|move|p2a: Koraidon|Breaking Swipe|p1a: Koraidon|[spread] p1a,p1b\n|-supereffective|p1a: Koraidon\n|-damage|p1a: Koraidon|29/100\n|-damage|p1b: Smeargle|21/100\n|-unboost|p1b: Smeargle|atk|1\n|-damage|p2a: Koraidon|91/100|[from] item: Life Orb\n|move|p1a: Koraidon|Low Kick|p2a: Koraidon\n|-damage|p2a: Koraidon|3/100\n|move|p1b: Smeargle|Spore|p2b: Indeedee\n|-activate|p2b: Indeedee|item: Safety Goggles|Spore\n|\n|-weather|SunnyDay|[upkeep]\n|-ability|p1b: Smeargle|Moody|boost\n|-boost|p1b: Smeargle|spe|2\n|-unboost|p1b: Smeargle|def|1\n|upkeep\n|turn|2\n|inactive|Sheevp has 30 seconds left.\n|\n|t:|1774468027\n|move|p1b: Smeargle|Spiky Shield|p1b: Smeargle\n|-singleturn|p1b: Smeargle|move: Protect\n|move|p1a: Koraidon|Protect|p1a: Koraidon\n|-singleturn|p1a: Koraidon|Protect\n|move|p2b: Indeedee|Follow Me|p2b: Indeedee\n|-singleturn|p2b: Indeedee|move: Follow Me\n|move|p2a: Koraidon|Breaking Swipe|p1a: Koraidon|[spread] \n|-activate|p1a: Koraidon|move: Protect\n|-activate|p1b: Smeargle|move: Protect\n|-damage|p2a: Koraidon|0 fnt|[from] Spiky Shield|[of] p1b: Smeargle\n|faint|p2a: Koraidon\n|\n|-weather|SunnyDay|[upkeep]\n|-ability|p1b: Smeargle|Moody|boost\n|-boost|p1b: Smeargle|spd|2\n|-unboost|p1b: Smeargle|spa|1\n|upkeep\n|inactive|terafireflareblitz has 30 seconds left.\n|\n|t:|1774468061\n|switch|p2a: Lunala|Lunala, L50, shiny|100/100\n|turn|3\n|\n|t:|1774468074\n|-terastallize|p1a: Koraidon|Fire\n|move|p1b: Smeargle|Follow Me|p1b: Smeargle\n|-singleturn|p1b: Smeargle|move: Follow Me\n|move|p2b: Indeedee|Follow Me|p2b: Indeedee\n|-singleturn|p2b: Indeedee|move: Follow Me\n|move|p1a: Koraidon|Flare Blitz|p2b: Indeedee\n|-damage|p2b: Indeedee|0 fnt\n|faint|p2b: Indeedee\n|-damage|p1a: Koraidon|0 fnt|[from] Recoil\n|faint|p1a: Koraidon\n|move|p2a: Lunala|Expanding Force|p1b: Smeargle\n|-damage|p1b: Smeargle|0 fnt\n|faint|p1b: Smeargle\n|\n|-weather|SunnyDay|[upkeep]\n|upkeep\n|\n|t:|1774468084\n|switch|p1a: Landorus|Landorus, L50, M|100/100\n|switch|p1b: Incineroar|Incineroar, L50, M|100/100\n|switch|p2b: Flutter Mane|Flutter Mane, L50|100/100\n|-ability|p1b: Incineroar|Intimidate|boost\n|-unboost|p2a: Lunala|atk|1\n|-unboost|p2b: Flutter Mane|atk|1\n|-activate|p2b: Flutter Mane|ability: Protosynthesis\n|-start|p2b: Flutter Mane|protosynthesisspe\n|turn|4\n|\n|t:|1774468093\n|-terastallize|p2a: Lunala|Water\n|move|p2b: Flutter Mane|Icy Wind|p1a: Landorus|[spread] p1a,p1b\n|-supereffective|p1a: Landorus\n|-resisted|p1b: Incineroar\n|-damage|p1a: Landorus|32/100\n|-damage|p1b: Incineroar|94/100\n|-unboost|p1a: Landorus|spe|1\n|-unboost|p1b: Incineroar|spe|1\n|move|p2a: Lunala|Meteor Beam||[still]\n|-prepare|p2a: Lunala|Meteor Beam\n|-boost|p2a: Lunala|spa|1\n|-enditem|p2a: Lunala|Power Herb\n|-anim|p2a: Lunala|Meteor Beam|p1b: Incineroar\n|-supereffective|p1b: Incineroar\n|-damage|p1b: Incineroar|0 fnt\n|faint|p1b: Incineroar\n|move|p1a: Landorus|Earth Power|p2a: Lunala\n|-damage|p2a: Lunala|73/100\n|\n|-weather|SunnyDay|[upkeep]\n|upkeep\n|turn|5\n|-message|Sheevp forfeited.\n|\n|win|terafireflareblitz\n|raw|Sheevp's rating: 1502 &rarr; <strong>1485</strong><br />(-17 for losing)\n|raw|terafireflareblitz's rating: 1554 &rarr; <strong>1571</strong><br />(+17 for winning)\n","uploadtime":1774468098,"views":15,"formatid":"gen9vgc2026regi","rating":1485,"private":0,"password":null}