{"id":"gen9vgc2026regi-2570090860","format":"[Gen 9] VGC 2026 Reg I","players":["aks2876","sunny_zong2"],"log":"|j|\u2606aks2876\n|j|\u2606sunny_zong2\n|t:|1774768574\n|gametype|doubles\n|player|p1|aks2876|101|1132\n|player|p2|sunny_zong2|170|1139\n|gen|9\n|tier|[Gen 9] VGC 2026 Reg I\n|rated|\n|rule|Species Clause: Limit one of each Pok\u00e9mon\n|rule|Item Clause: Limit 1 of each item\n|clearpoke\n|poke|p1|Kyogre, L50|\n|poke|p1|Miraidon, L50|\n|poke|p1|Archaludon, L50, M|\n|poke|p1|Flutter Mane, L50|\n|poke|p1|Roaring Moon, L50|\n|poke|p1|Sneasler, L50, F|\n|poke|p2|Glimmora, L50, F|\n|poke|p2|Eternatus, L50|\n|poke|p2|Miraidon, L50|\n|poke|p2|Muk-Alola, L50, M|\n|poke|p2|Incineroar, L50, F|\n|poke|p2|Grimmsnarl, L50, M|\n|teampreview|4\n|inactive|Battle timer is ON: inactive players will automatically lose when time's up. (requested by sunny_zong2)\n|inactive|sunny_zong2 has 60 seconds left.\n|\n|t:|1774768622\n|teamsize|p1|4\n|teamsize|p2|4\n|start\n|switch|p1a: Kyogre|Kyogre, L50, shiny|100/100\n|switch|p1b: Sneasler|Sneasler, L50, F|100/100\n|switch|p2a: Grimmsnarl|Grimmsnarl, L50, M|100/100\n|switch|p2b: Glimmora|Glimmora, L50, F|100/100\n|-weather|RainDance|[from] ability: Drizzle|[of] p1a: Kyogre\n|turn|1\n|\n|t:|1774768643\n|move|p1b: Sneasler|Fake Out|p2a: Grimmsnarl\n|-damage|p2a: Grimmsnarl|80/100\n|cant|p2a: Grimmsnarl|flinch\n|move|p1a: Kyogre|Water Spout|p2b: Glimmora|[spread] p2a,p2b\n|-supereffective|p2b: Glimmora\n|-damage|p2a: Grimmsnarl|0 fnt\n|-enditem|p2b: Glimmora|Focus Sash\n|-damage|p2b: Glimmora|1/100\n|faint|p2a: Grimmsnarl\n|move|p2b: Glimmora|Mortal Spin|p1a: Kyogre|[spread] p1a,p1b\n|-resisted|p1b: Sneasler\n|-crit|p1b: Sneasler\n|-damage|p1a: Kyogre|95/100\n|-damage|p1b: Sneasler|95/100\n|-status|p1a: Kyogre|psn\n|\n|-weather|RainDance|[upkeep]\n|-damage|p1a: Kyogre|83/100 psn|[from] psn\n|upkeep\n|\n|t:|1774768656\n|switch|p2a: Eternatus|Eternatus, L50|100/100\n|-ability|p2a: Eternatus|Pressure\n|turn|2\n|\n|t:|1774768671\n|switch|p1b: Miraidon|Miraidon, L50|100/100\n|-fieldstart|move: Electric Terrain|[from] ability: Hadron Engine|[of] p1b: Miraidon\n|move|p1a: Kyogre|Water Spout|p2b: Glimmora|[spread] p2a,p2b\n|-resisted|p2a: Eternatus\n|-supereffective|p2b: Glimmora\n|-damage|p2a: Eternatus|60/100\n|-damage|p2b: Glimmora|0 fnt\n|faint|p2b: Glimmora\n|move|p2a: Eternatus|Cosmic Power|p2a: Eternatus\n|-boost|p2a: Eternatus|def|1\n|-boost|p2a: Eternatus|spd|1\n|\n|-weather|RainDance|[upkeep]\n|-heal|p2a: Eternatus|66/100|[from] item: Leftovers\n|-damage|p1a: Kyogre|71/100 psn|[from] psn\n|upkeep\n|\n|t:|1774768673\n|switch|p2b: Muk|Muk-Alola, L50, M|100/100\n|turn|3\n|\n|t:|1774768689\n|switch|p1a: Archaludon|Archaludon, L50, M, shiny|100/100\n|-terastallize|p2a: Eternatus|Grass\n|move|p2b: Muk|Protect|p2b: Muk\n|-singleturn|p2b: Muk|Protect\n|move|p1b: Miraidon|Draco Meteor|p2a: Eternatus\n|-damage|p2a: Eternatus|16/100\n|-unboost|p1b: Miraidon|spa|2\n|-damage|p1b: Miraidon|91/100|[from] item: Life Orb\n|move|p2a: Eternatus|Cosmic Power|p2a: Eternatus\n|-boost|p2a: Eternatus|def|1\n|-boost|p2a: Eternatus|spd|1\n|\n|-weather|RainDance|[upkeep]\n|-heal|p2a: Eternatus|22/100|[from] item: Leftovers\n|upkeep\n|turn|4\n|\n|t:|1774768708\n|move|p1b: Miraidon|Taunt|p2a: Eternatus\n|-start|p2a: Eternatus|move: Taunt\n|cant|p2a: Eternatus|move: Taunt|Recover\n|move|p1a: Archaludon|Electro Shot||[still]\n|-prepare|p1a: Archaludon|Electro Shot\n|-boost|p1a: Archaludon|spa|1\n|-anim|p1a: Archaludon|Electro Shot|p2b: Muk\n|-damage|p2b: Muk|46/100\n|move|p2b: Muk|Minimize|p2b: Muk\n|-boost|p2b: Muk|evasion|2\n|\n|-weather|RainDance|[upkeep]\n|-heal|p2a: Eternatus|28/100|[from] item: Leftovers\n|-heal|p2b: Muk|52/100|[from] item: Black Sludge\n|upkeep\n|turn|5\n|\n|t:|1774768726\n|move|p1b: Miraidon|Electro Drift|p2b: Muk\n|-damage|p2b: Muk|4/100\n|-damage|p1b: Miraidon|81/100|[from] item: Life Orb\n|move|p2a: Eternatus|Sludge Bomb|p1b: Miraidon\n|-damage|p1b: Miraidon|36/100\n|move|p1a: Archaludon|Electro Shot||[still]\n|-prepare|p1a: Archaludon|Electro Shot\n|-boost|p1a: Archaludon|spa|1\n|-anim|p1a: Archaludon|Electro Shot|p2b: Muk|[miss]\n|-miss|p1a: Archaludon|p2b: Muk\n|move|p2b: Muk|Minimize|p2b: Muk\n|-boost|p2b: Muk|evasion|2\n|\n|-weather|none\n|-heal|p2a: Eternatus|34/100|[from] item: Leftovers\n|-heal|p2b: Muk|10/100|[from] item: Black Sludge\n|upkeep\n|turn|6\n|\n|t:|1774768745\n|move|p1b: Miraidon|Taunt|p2b: Muk|[miss]\n|-miss|p1b: Miraidon|p2b: Muk\n|move|p2a: Eternatus|Sludge Bomb|p1b: Miraidon\n|-damage|p1b: Miraidon|0 fnt\n|faint|p1b: Miraidon\n|move|p1a: Archaludon|Electro Shot||[still]\n|-prepare|p1a: Archaludon|Electro Shot\n|-boost|p1a: Archaludon|spa|1\n|move|p2b: Muk|Minimize|p2b: Muk\n|-boost|p2b: Muk|evasion|2\n|\n|-heal|p2a: Eternatus|40/100|[from] item: Leftovers\n|-heal|p2b: Muk|16/100|[from] item: Black Sludge\n|-end|p2a: Eternatus|move: Taunt\n|-fieldend|move: Electric Terrain\n|upkeep\n|\n|t:|1774768761\n|switch|p1b: Kyogre|Kyogre, L50, shiny|71/100 psn\n|-weather|RainDance|[from] ability: Drizzle|[of] p1b: Kyogre\n|turn|7\n|\n|t:|1774768768\n|move|p2a: Eternatus|Protect|p2a: Eternatus\n|-singleturn|p2a: Eternatus|Protect\n|move|p2b: Muk|Protect|p2b: Muk\n|-singleturn|p2b: Muk|Protect\n|move|p1b: Kyogre|Origin Pulse|p2a: Eternatus|[spread] \n|-activate|p2a: Eternatus|move: Protect\n|-activate|p2b: Muk|move: Protect\n|move|p1a: Archaludon|Electro Shot|p2b: Muk|[from] lockedmove\n|-activate|p2b: Muk|move: Protect\n|\n|-weather|RainDance|[upkeep]\n|-heal|p2a: Eternatus|46/100|[from] item: Leftovers\n|-heal|p2b: Muk|22/100|[from] item: Black Sludge\n|-damage|p1b: Kyogre|59/100 psn|[from] psn\n|upkeep\n|turn|8\n|\n|t:|1774768785\n|move|p1b: Kyogre|Origin Pulse|p2b: Muk|[spread] \n|-miss|p1b: Kyogre|p2a: Eternatus\n|-miss|p1b: Kyogre|p2b: Muk\n|move|p2a: Eternatus|Recover|p2a: Eternatus\n|-heal|p2a: Eternatus|96/100\n|move|p1a: Archaludon|Flash Cannon|p2b: Muk|[miss]\n|-miss|p1a: Archaludon|p2b: Muk\n|move|p2b: Muk|Rest|p2b: Muk\n|-status|p2b: Muk|slp|[from] move: Rest\n|-heal|p2b: Muk|100/100 slp|[silent]\n|\n|-weather|RainDance|[upkeep]\n|-heal|p2a: Eternatus|100/100|[from] item: Leftovers\n|-damage|p1b: Kyogre|47/100 psn|[from] psn\n|upkeep\n|turn|9\n|\n|t:|1774768801\n|move|p1b: Kyogre|Origin Pulse|p2a: Eternatus|[spread] p2a\n|-miss|p1b: Kyogre|p2b: Muk\n|-resisted|p2a: Eternatus\n|-damage|p2a: Eternatus|82/100\n|move|p2a: Eternatus|Cosmic Power|p2a: Eternatus\n|-boost|p2a: Eternatus|def|1\n|-boost|p2a: Eternatus|spd|1\n|move|p1a: Archaludon|Electro Shot||[still]\n|-prepare|p1a: Archaludon|Electro Shot\n|-boost|p1a: Archaludon|spa|1\n|-anim|p1a: Archaludon|Electro Shot|p2b: Muk|[miss]\n|-miss|p1a: Archaludon|p2b: Muk\n|cant|p2b: Muk|slp\n|\n|-weather|RainDance|[upkeep]\n|-heal|p2a: Eternatus|88/100|[from] item: Leftovers\n|-damage|p1b: Kyogre|35/100 psn|[from] psn\n|upkeep\n|turn|10\n|\n|t:|1774768820\n|switch|p1b: Sneasler|Sneasler, L50, F|95/100\n|move|p2a: Eternatus|Protect|p2a: Eternatus\n|-singleturn|p2a: Eternatus|Protect\n|move|p1a: Archaludon|Electro Shot||[still]\n|-prepare|p1a: Archaludon|Electro Shot\n|-boost|p1a: Archaludon|spa|1\n|-anim|p1a: Archaludon|Electro Shot|p2b: Muk|[miss]\n|-miss|p1a: Archaludon|p2b: Muk\n|cant|p2b: Muk|slp\n|\n|-weather|RainDance|[upkeep]\n|-heal|p2a: Eternatus|94/100|[from] item: Leftovers\n|upkeep\n|turn|11\n|\n|t:|1774768834\n|move|p1b: Sneasler|Fake Out|p2a: Eternatus\n|-damage|p2a: Eternatus|90/100\n|cant|p2a: Eternatus|flinch\n|move|p1a: Archaludon|Electro Shot||[still]\n|-prepare|p1a: Archaludon|Electro Shot\n|-boost|p1a: Archaludon|spa|1\n|-anim|p1a: Archaludon|Electro Shot|p2b: Muk|[miss]\n|-miss|p1a: Archaludon|p2b: Muk\n|-curestatus|p2b: Muk|slp|[msg]\n|move|p2b: Muk|Poison Jab|p1b: Sneasler\n|-resisted|p1b: Sneasler\n|-damage|p1b: Sneasler|70/100\n|\n|-weather|none\n|-heal|p2a: Eternatus|96/100|[from] item: Leftovers\n|upkeep\n|turn|12\n|\n|t:|1774768853\n|move|p1b: Sneasler|Dire Claw|p2a: Eternatus\n|-supereffective|p2a: Eternatus\n|-damage|p2a: Eternatus|72/100\n|move|p2a: Eternatus|Cosmic Power|p2a: Eternatus\n|-boost|p2a: Eternatus|def|1\n|-boost|p2a: Eternatus|spd|1\n|move|p1a: Archaludon|Dragon Pulse|p2b: Muk\n|-damage|p2b: Muk|1/100\n|move|p2b: Muk|Poison Jab|p1b: Sneasler\n|-resisted|p1b: Sneasler\n|-damage|p1b: Sneasler|44/100\n|\n|-heal|p2a: Eternatus|78/100|[from] item: Leftovers\n|-heal|p2b: Muk|8/100|[from] item: Black Sludge\n|upkeep\n|turn|13\n|\n|t:|1774768870\n|move|p2b: Muk|Protect|p2b: Muk\n|-singleturn|p2b: Muk|Protect\n|move|p1b: Sneasler|Dire Claw|p2a: Eternatus\n|-supereffective|p2a: Eternatus\n|-damage|p2a: Eternatus|58/100\n|-status|p2a: Eternatus|slp\n|cant|p2a: Eternatus|slp\n|move|p1a: Archaludon|Flash Cannon|p2b: Muk\n|-activate|p2b: Muk|move: Protect\n|\n|-heal|p2a: Eternatus|64/100 slp|[from] item: Leftovers\n|-heal|p2b: Muk|14/100|[from] item: Black Sludge\n|upkeep\n|turn|14\n|\n|t:|1774768887\n|cant|p2a: Eternatus|slp\n|move|p1b: Sneasler|Dire Claw|p2b: Muk|[miss]\n|-miss|p1b: Sneasler|p2b: Muk\n|move|p1a: Archaludon|Flash Cannon|p2b: Muk\n|-damage|p2b: Muk|0 fnt\n|faint|p2b: Muk\n|\n|-heal|p2a: Eternatus|71/100 slp|[from] item: Leftovers\n|upkeep\n|turn|15\n|\n|t:|1774768903\n|cant|p2a: Eternatus|slp\n|move|p1b: Sneasler|Dire Claw|p2a: Eternatus\n|-supereffective|p2a: Eternatus\n|-damage|p2a: Eternatus|51/100 slp\n|move|p1a: Archaludon|Dragon Pulse|p2a: Eternatus\n|-damage|p2a: Eternatus|22/100 slp\n|\n|-heal|p2a: Eternatus|28/100 slp|[from] item: Leftovers\n|upkeep\n|turn|16\n|\n|t:|1774768914\n|-curestatus|p2a: Eternatus|slp|[msg]\n|move|p2a: Eternatus|Protect|p2a: Eternatus\n|-singleturn|p2a: Eternatus|Protect\n|move|p1b: Sneasler|Dire Claw|p2a: Eternatus\n|-activate|p2a: Eternatus|move: Protect\n|move|p1a: Archaludon|Dragon Pulse|p2a: Eternatus\n|-activate|p2a: Eternatus|move: Protect\n|\n|-heal|p2a: Eternatus|34/100|[from] item: Leftovers\n|upkeep\n|turn|17\n|\n|t:|1774768927\n|move|p1b: Sneasler|Dire Claw|p2a: Eternatus\n|-supereffective|p2a: Eternatus\n|-damage|p2a: Eternatus|13/100\n|move|p2a: Eternatus|Recover|p2a: Eternatus\n|-heal|p2a: Eternatus|64/100\n|move|p1a: Archaludon|Dragon Pulse|p2a: Eternatus\n|-damage|p2a: Eternatus|32/100\n|\n|-heal|p2a: Eternatus|38/100|[from] item: Leftovers\n|upkeep\n|turn|18\n|\n|t:|1774768940\n|move|p2a: Eternatus|Protect|p2a: Eternatus\n|-singleturn|p2a: Eternatus|Protect\n|move|p1b: Sneasler|Dire Claw|p2a: Eternatus\n|-activate|p2a: Eternatus|move: Protect\n|move|p1a: Archaludon|Dragon Pulse|p2a: Eternatus\n|-activate|p2a: Eternatus|move: Protect\n|\n|-heal|p2a: Eternatus|44/100|[from] item: Leftovers\n|upkeep\n|turn|19\n|\n|t:|1774768953\n|move|p1b: Sneasler|Dire Claw|p2a: Eternatus\n|-supereffective|p2a: Eternatus\n|-damage|p2a: Eternatus|24/100\n|-status|p2a: Eternatus|par\n|move|p1a: Archaludon|Dragon Pulse|p2a: Eternatus\n|-crit|p2a: Eternatus\n|-damage|p2a: Eternatus|0 fnt\n|faint|p2a: Eternatus\n|\n|win|aks2876\n|raw|aks2876's rating: 1132 &rarr; <strong>1158</strong><br />(+26 for winning)\n|raw|sunny_zong2's rating: 1139 &rarr; <strong>1113</strong><br />(-26 for losing)\n|l|\u2606sunny_zong2\n|player|p2|\n|l|\u2606aks2876\n|player|p1|\n","uploadtime":1774769198,"views":10,"formatid":"gen9vgc2026regi","rating":1113,"private":0,"password":null}