{"id":"gen9vgc2026regi-2576941889","format":"[Gen 9] VGC 2026 Reg I","players":["itastelikeiron","Chadrola18"],"log":"|j|\u2606itastelikeiron\n|j|\u2606Chadrola18\n|t:|1775519726\n|gametype|doubles\n|player|p1|itastelikeiron|infielder|1451\n|player|p2|Chadrola18|steven|1445\n|gen|9\n|tier|[Gen 9] VGC 2026 Reg I\n|rated|\n|rule|Species Clause: Limit one of each Pok\u00e9mon\n|rule|Item Clause: Limit 1 of each item\n|clearpoke\n|poke|p1|Kyogre, L50|\n|poke|p1|Zacian-*, L50|\n|poke|p1|Incineroar, L50, M|\n|poke|p1|Raichu, L50, F|\n|poke|p1|Volcarona, L50, F|\n|poke|p1|Flutter Mane, L50|\n|poke|p2|Incineroar, L50, F|\n|poke|p2|Calyrex-Shadow, L50|\n|poke|p2|Raging Bolt, L50|\n|poke|p2|Landorus, L50, M|\n|poke|p2|Brute Bonnet, L50|\n|poke|p2|Koraidon, L50|\n|teampreview|4\n|inactive|Battle timer is ON: inactive players will automatically lose when time's up. (requested by Chadrola18)\n|inactive|itastelikeiron has 60 seconds left.\n|inactive|Chadrola18 has 60 seconds left.\n|inactive|itastelikeiron has 30 seconds left.\n|\n|t:|1775519793\n|teamsize|p1|4\n|teamsize|p2|4\n|start\n|switch|p1a: Volcarona|Volcarona, L50, F|100/100\n|switch|p1b: Flutter Mane|Flutter Mane, L50|100/100\n|switch|p2a: Incineroar|Incineroar, L50, F|100/100\n|switch|p2b: Calyrex|Calyrex-Shadow, L50|100/100\n|-ability|p2b: Calyrex|As One\n|-ability|p2b: Calyrex|Unnerve\n|-ability|p2a: Incineroar|Intimidate|boost\n|-unboost|p1a: Volcarona|atk|1\n|-unboost|p1b: Flutter Mane|atk|1\n|turn|1\n|\n|t:|1775519816\n|move|p2b: Calyrex|Protect|p2b: Calyrex\n|-singleturn|p2b: Calyrex|Protect\n|move|p1b: Flutter Mane|Shadow Ball|p2b: Calyrex\n|-activate|p2b: Calyrex|move: Protect\n|move|p1a: Volcarona|Struggle Bug|p2a: Incineroar|[spread] p2a\n|-activate|p2b: Calyrex|move: Protect\n|-crit|p2a: Incineroar\n|-damage|p2a: Incineroar|78/100\n|-unboost|p2a: Incineroar|spa|1\n|move|p2a: Incineroar|Knock Off|p1b: Flutter Mane\n|-damage|p1b: Flutter Mane|21/100\n|-enditem|p1b: Flutter Mane|Focus Sash|[from] move: Knock Off|[of] p2a: Incineroar\n|\n|upkeep\n|turn|2\n|\n|t:|1775519834\n|-terastallize|p2b: Calyrex|Ghost\n|move|p2b: Calyrex|Astral Barrage|p1b: Flutter Mane|[spread] p1a,p1b\n|-supereffective|p1b: Flutter Mane\n|-damage|p1a: Volcarona|36/100\n|-damage|p1b: Flutter Mane|0 fnt\n|faint|p1b: Flutter Mane\n|-end|p1b: Flutter Mane|Protosynthesis|[silent]\n|-ability|p2b: Calyrex|Grim Neigh|boost\n|-boost|p2b: Calyrex|spa|1\n|move|p1a: Volcarona|Struggle Bug|p2a: Incineroar|[spread] p2a,p2b\n|-resisted|p2b: Calyrex\n|-damage|p2a: Incineroar|65/100\n|-damage|p2b: Calyrex|92/100\n|-unboost|p2a: Incineroar|spa|1\n|-unboost|p2b: Calyrex|spa|1\n|move|p2a: Incineroar|Knock Off|p1a: Volcarona\n|-damage|p1a: Volcarona|3/100\n|-enditem|p1a: Volcarona|Covert Cloak|[from] move: Knock Off|[of] p2a: Incineroar\n|\n|upkeep\n|\n|t:|1775519845\n|switch|p1b: Zacian|Zacian-Crowned, L50|100/100\n|-ability|p1b: Zacian|Intrepid Sword|boost\n|-boost|p1b: Zacian|atk|1\n|turn|3\n|inactive|Chadrola18 has 30 seconds left.\n|inactive|Chadrola18 has 20 seconds left.\n|\n|t:|1775519885\n|move|p2b: Calyrex|Astral Barrage|p1a: Volcarona|[spread] p1a,p1b\n|-damage|p1a: Volcarona|0 fnt\n|-damage|p1b: Zacian|34/100\n|faint|p1a: Volcarona\n|-ability|p2b: Calyrex|Grim Neigh|boost\n|-boost|p2b: Calyrex|spa|1\n|move|p1b: Zacian|Behemoth Blade|p2b: Calyrex\n|-damage|p2b: Calyrex|0 fnt\n|faint|p2b: Calyrex\n|move|p2a: Incineroar|Parting Shot|p1b: Zacian\n|-unboost|p1b: Zacian|atk|1\n|-unboost|p1b: Zacian|spa|1\n|\n|t:|1775519897\n|switch|p2a: Brute Bonnet|Brute Bonnet, L50|100/100|[from] Parting Shot\n|\n|upkeep\n|\n|t:|1775519906\n|switch|p2b: Incineroar|Incineroar, L50, F|65/100\n|switch|p1a: Kyogre|Kyogre, L50|100/100\n|-weather|RainDance|[from] ability: Drizzle|[of] p1a: Kyogre\n|-ability|p2b: Incineroar|Intimidate|boost\n|-unboost|p1a: Kyogre|atk|1\n|-unboost|p1b: Zacian|atk|1\n|turn|4\n|\n|t:|1775519913\n|switch|p2b: Koraidon|Koraidon, L50|100/100\n|-weather|SunnyDay|[from] ability: Orichalcum Pulse|[of] p2b: Koraidon\n|-activate|p2a: Brute Bonnet|ability: Protosynthesis\n|-start|p2a: Brute Bonnet|protosynthesisdef\n|-activate|p2b: Koraidon|Orichalcum Pulse|[source]\n|move|p1a: Kyogre|Water Spout|p2b: Koraidon|[spread] p2a,p2b\n|-resisted|p2a: Brute Bonnet\n|-resisted|p2b: Koraidon\n|-damage|p2a: Brute Bonnet|86/100\n|-damage|p2b: Koraidon|85/100\n|move|p1b: Zacian|Play Rough|p2a: Brute Bonnet\n|-supereffective|p2a: Brute Bonnet\n|-damage|p2a: Brute Bonnet|51/100\n|move|p2a: Brute Bonnet|Spore|p1b: Zacian\n|-status|p1b: Zacian|slp|[from] move: Spore\n|\n|-weather|SunnyDay|[upkeep]\n|upkeep\n|turn|5\n|-message|itastelikeiron forfeited.\n|\n|win|Chadrola18\n|raw|itastelikeiron's rating: 1451 &rarr; <strong>1431</strong><br />(-20 for losing)\n|raw|Chadrola18's rating: 1445 &rarr; <strong>1465</strong><br />(+20 for winning)\n|l|\u2606itastelikeiron\n|player|p1|\n","uploadtime":1775519926,"views":16,"formatid":"gen9vgc2026regi","rating":1431,"private":0,"password":null}