{"id":"gen9vgc2026regi-2578276187","format":"[Gen 9] VGC 2026 Reg I","players":["bullgod4ever","bigj009"],"log":"|j|\u2606bullgod4ever\n|j|\u2606bigj009\n|t:|1775664532\n|gametype|doubles\n|player|p1|bullgod4ever|265|1425\n|player|p2|bigj009|lucas|1591\n|gen|9\n|tier|[Gen 9] VGC 2026 Reg I\n|rated|\n|rule|Species Clause: Limit one of each Pok\u00e9mon\n|rule|Item Clause: Limit 1 of each item\n|clearpoke\n|poke|p1|Calyrex-Shadow, L50|\n|poke|p1|Zamazenta-*, L50|\n|poke|p1|Chien-Pao, L50|\n|poke|p1|Dragonite, L50, M|\n|poke|p1|Amoonguss, L50, F|\n|poke|p1|Ogerpon-Cornerstone, L50, F|\n|poke|p2|Landorus, L50, M|\n|poke|p2|Smeargle, L50, F|\n|poke|p2|Kyogre, L50|\n|poke|p2|Tornadus, L50, M|\n|poke|p2|Tsareena, L50, F|\n|poke|p2|Calyrex-Ice, L50|\n|teampreview|4\n|inactive|Battle timer is ON: inactive players will automatically lose when time's up. (requested by bigj009)\nbigj009 has agreed to open team sheets.\n|\n|t:|1775664598\n|teamsize|p1|4\n|teamsize|p2|4\n|start\n|switch|p1a: Calyrex|Calyrex-Shadow, L50|100/100\n|switch|p1b: Zamazenta|Zamazenta-Crowned, L50|100/100\n|switch|p2a: Tornadus|Tornadus, L50, M|100/100\n|switch|p2b: Smeargle|Smeargle, L50, F|100/100\n|-ability|p1a: Calyrex|As One\n|-ability|p1a: Calyrex|Unnerve\n|-ability|p1b: Zamazenta|Dauntless Shield|boost\n|-boost|p1b: Zamazenta|def|1\n|turn|1\n|inactive|bullgod4ever has 30 seconds left.\n|\n|t:|1775664624\n|move|p1b: Zamazenta|Protect|p1b: Zamazenta\n|-singleturn|p1b: Zamazenta|Protect\n|move|p2a: Tornadus|Tailwind|p2a: Tornadus\n|-sidestart|p2: bigj009|move: Tailwind\n|move|p2b: Smeargle|Spore|p1b: Zamazenta\n|-activate|p1b: Zamazenta|move: Protect\n|move|p1a: Calyrex|Psychic|p2b: Smeargle\n|-enditem|p2b: Smeargle|Focus Sash\n|-damage|p2b: Smeargle|1/100\n|-unboost|p2b: Smeargle|spd|1\n|\n|-ability|p2b: Smeargle|Moody|boost\n|-boost|p2b: Smeargle|atk|2\n|-unboost|p2b: Smeargle|def|1\n|upkeep\n|turn|2\n|inactive|bullgod4ever has 30 seconds left.\n|inactive|bigj009 has 30 seconds left.\n|inactive|bigj009 has 20 seconds left.\n|\n|t:|1775664664\n|move|p1a: Calyrex|Protect|p1a: Calyrex\n|-singleturn|p1a: Calyrex|Protect\n|move|p2a: Tornadus|Taunt|p1b: Zamazenta\n|-start|p1b: Zamazenta|move: Taunt\n|move|p2b: Smeargle|Spore|p1a: Calyrex\n|-activate|p1a: Calyrex|move: Protect\n|move|p1b: Zamazenta|Behemoth Bash|p2b: Smeargle\n|-damage|p2b: Smeargle|0 fnt\n|faint|p2b: Smeargle\n|\n|upkeep\n|\n|t:|1775664667\n|switch|p2b: Kyogre|Kyogre, L50|100/100\n|-weather|RainDance|[from] ability: Drizzle|[of] p2b: Kyogre\n|turn|3\n|inactive|bullgod4ever has 30 seconds left.\n|\n|t:|1775664693\n|switch|p1a: Dragonite|Dragonite, L50, M|100/100\n|switch|p1b: Chien-Pao|Chien-Pao, L50|100/100\n|-ability|p1b: Chien-Pao|Sword of Ruin\n|-terastallize|p2b: Kyogre|Water\n|move|p2a: Tornadus|Bleakwind Storm|p1b: Chien-Pao|[spread] p1a,p1b\n|-crit|p1a: Dragonite\n|-damage|p1a: Dragonite|42/100\n|-damage|p1b: Chien-Pao|68/100\n|move|p2b: Kyogre|Water Spout|p1b: Chien-Pao|[spread] p1a,p1b\n|-resisted|p1a: Dragonite\n|-damage|p1a: Dragonite|0 fnt\n|-damage|p1b: Chien-Pao|0 fnt\n|faint|p1a: Dragonite\n|faint|p1b: Chien-Pao\n|\n|-weather|RainDance|[upkeep]\n|upkeep\n|\n|t:|1775664713\n|switch|p1b: Calyrex|Calyrex-Shadow, L50|100/100\n|switch|p1a: Zamazenta|Zamazenta-Crowned, L50|100/100\n|-ability|p1b: Calyrex|As One\n|-ability|p1b: Calyrex|Unnerve\n|turn|4\n|inactive|bullgod4ever has 30 seconds left.\n|\n|t:|1775664741\n|switch|p2b: Tsareena|Tsareena, L50, F|100/100\n|move|p1a: Zamazenta|Wide Guard|p1a: Zamazenta\n|-singleturn|p1a: Zamazenta|Wide Guard\n|move|p2a: Tornadus|Scary Face|p1b: Calyrex\n|-unboost|p1b: Calyrex|spe|2\n|move|p1b: Calyrex|Encore|p2a: Tornadus\n|-start|p2a: Tornadus|Encore\n|\n|-weather|RainDance|[upkeep]\n|-sideend|p2: bigj009|move: Tailwind\n|upkeep\n|turn|5\n|inactive|bullgod4ever has 30 seconds left.\n|\n|t:|1775664773\n|move|p1a: Zamazenta|Wide Guard|p1a: Zamazenta\n|-singleturn|p1a: Zamazenta|Wide Guard\n|move|p2a: Tornadus|Scary Face|p1a: Zamazenta\n|-unboost|p1a: Zamazenta|spe|2\n|move|p2b: Tsareena|Taunt|p1a: Zamazenta\n|-start|p1a: Zamazenta|move: Taunt\n|move|p1b: Calyrex|Astral Barrage|p2a: Tornadus|[spread] p2a,p2b\n|-damage|p2a: Tornadus|23/100\n|-damage|p2b: Tsareena|30/100\n|\n|-weather|RainDance|[upkeep]\n|upkeep\n|turn|6\n|inactive|bullgod4ever has 30 seconds left.\n|inactive|bullgod4ever has 20 seconds left.\n|\n|t:|1775664809\n|move|p1b: Calyrex|Protect|p1b: Calyrex\n|-singleturn|p1b: Calyrex|Protect\n|move|p2a: Tornadus|Scary Face|p1b: Calyrex\n|-activate|p1b: Calyrex|move: Protect\n|move|p2b: Tsareena|Power Whip|p1b: Calyrex\n|-activate|p1b: Calyrex|move: Protect\n|move|p1a: Zamazenta|Body Press|p2b: Tsareena\n|-damage|p2b: Tsareena|0 fnt\n|faint|p2b: Tsareena\n|\n|-weather|RainDance|[upkeep]\n|upkeep\n|\n|t:|1775664813\n|switch|p2b: Kyogre|Kyogre, L50, tera:Water|100/100\n|turn|7\n|\n|t:|1775664831\n|-terastallize|p1a: Zamazenta|Dragon\n|move|p2a: Tornadus|Scary Face|p1b: Calyrex\n|-unboost|p1b: Calyrex|spe|2\n|move|p2b: Kyogre|Water Spout|p1a: Zamazenta|[spread] p1a,p1b\n|-resisted|p1a: Zamazenta\n|-damage|p1a: Zamazenta|36/100\n|-enditem|p1b: Calyrex|Focus Sash\n|-damage|p1b: Calyrex|1/100\n|move|p1a: Zamazenta|Body Press|p2b: Kyogre\n|-damage|p2b: Kyogre|46/100\n|move|p1b: Calyrex|Astral Barrage|p2a: Tornadus|[spread] p2a,p2b\n|-damage|p2a: Tornadus|0 fnt\n|-damage|p2b: Kyogre|1/100\n|faint|p2a: Tornadus\n|-ability|p1b: Calyrex|Grim Neigh|boost\n|-boost|p1b: Calyrex|spa|1\n|\n|-weather|none\n|upkeep\n|turn|8\n|-message|bigj009 forfeited.\n|\n|win|bullgod4ever\n|raw|bullgod4ever's rating: 1425 &rarr; <strong>1454</strong><br />(+29 for winning)\n|raw|bigj009's rating: 1591 &rarr; <strong>1562</strong><br />(-29 for losing)\n|l|\u2606bigj009\n|player|p2|\n|l|\u2606bullgod4ever\n|player|p1|\n","uploadtime":1775665111,"views":10,"formatid":"gen9vgc2026regi","rating":1454,"private":0,"password":null}