{"id":"gen9vgc2026regi-2528284329","format":"[Gen 9] VGC 2026 Reg I","players":["crifab93","i\u2764\u5a1c\u7984forever"],"log":"|j|\u2606crifab93\n|j|\u2606i\u2764\u5a1c\u7984forever\n|t:|1769637616\n|gametype|doubles\n|player|p1|crifab93|n|1516\n|player|p2|i\u2764\u5a1c\u7984forever|youngcouple|1462\n|gen|9\n|tier|[Gen 9] VGC 2026 Reg I\n|rated|\n|rule|Species Clause: Limit one of each Pok\u00e9mon\n|rule|Item Clause: Limit 1 of each item\n|clearpoke\n|poke|p1|Rillaboom, L50, F|\n|poke|p1|Calyrex-Shadow, L50|\n|poke|p1|Zamazenta-*, L50|\n|poke|p1|Incineroar, L50, M|\n|poke|p1|Clefairy, L50, F|\n|poke|p1|Ogerpon-Hearthflame, L50, F|\n|poke|p2|Groudon, L50|\n|poke|p2|Kyurem-White, L50|\n|poke|p2|Heatran, L50, F|\n|poke|p2|Whimsicott, L50, M|\n|poke|p2|Roaring Moon, L50|\n|poke|p2|Ditto, L50|\n|teampreview|4\n|\n|t:|1769637642\n|teamsize|p1|4\n|teamsize|p2|4\n|start\n|switch|p1a: Incineroar|Incineroar, L50, M|100/100\n|switch|p1b: Calyrex|Calyrex-Shadow, L50|100/100\n|switch|p2a: Whimsicott|Whimsicott, L50, M|100/100\n|switch|p2b: Kyurem|Kyurem-White, L50|100/100\n|-ability|p1b: Calyrex|As One\n|-ability|p1b: Calyrex|Unnerve\n|-ability|p2b: Kyurem|Turboblaze\n|-ability|p1a: Incineroar|Intimidate|boost\n|-unboost|p2a: Whimsicott|atk|1\n|-unboost|p2b: Kyurem|atk|1\n|turn|1\n|\n|t:|1769637651\n|move|p1a: Incineroar|Fake Out|p2b: Kyurem\n|-damage|p2b: Kyurem|91/100\n|move|p2a: Whimsicott|Tailwind|p2a: Whimsicott\n|-sidestart|p2: i\u2764\u5a1c\u7984forever|move: Tailwind\n|cant|p2b: Kyurem|flinch\n|move|p1b: Calyrex|Nasty Plot|p1b: Calyrex\n|-boost|p1b: Calyrex|spa|2\n|\n|upkeep\n|turn|2\n|\n|t:|1769637664\n|move|p1b: Calyrex|Protect|p1b: Calyrex\n|-singleturn|p1b: Calyrex|Protect\n|move|p2a: Whimsicott|Energy Ball|p1b: Calyrex\n|-activate|p1b: Calyrex|move: Protect\n|move|p2b: Kyurem|Blizzard|p1b: Calyrex|[spread] \n|-activate|p1b: Calyrex|move: Protect\n|-miss|p2b: Kyurem|p1a: Incineroar\n|-enditem|p2b: Kyurem|Blunder Policy\n|-boost|p2b: Kyurem|spe|2\n|move|p1a: Incineroar|Parting Shot|p2b: Kyurem\n|-unboost|p2b: Kyurem|atk|1\n|-unboost|p2b: Kyurem|spa|1\n|\n|t:|1769637672\n|switch|p1a: Rillaboom|Rillaboom, L50, F|100/100|[from] Parting Shot\n|-fieldstart|move: Grassy Terrain|[from] ability: Grassy Surge|[of] p1a: Rillaboom\n|\n|-heal|p2b: Kyurem|97/100|[from] Grassy Terrain\n|upkeep\n|turn|3\n|\n|t:|1769637683\n|-terastallize|p2b: Kyurem|Ghost\n|-terastallize|p1b: Calyrex|Dark\n|move|p1a: Rillaboom|Fake Out|p2b: Kyurem\n|-immune|p2b: Kyurem\n|move|p2b: Kyurem|Shadow Ball|p1b: Calyrex\n|-resisted|p1b: Calyrex\n|-damage|p1b: Calyrex|82/100\n|move|p2a: Whimsicott|Energy Ball|p1b: Calyrex\n|-damage|p1b: Calyrex|32/100\n|move|p1b: Calyrex|Astral Barrage|p2a: Whimsicott|[spread] p2a,p2b\n|-supereffective|p2b: Kyurem\n|-enditem|p2a: Whimsicott|Focus Sash\n|-damage|p2a: Whimsicott|1/100\n|-damage|p2b: Kyurem|0 fnt\n|faint|p2b: Kyurem\n|-ability|p1b: Calyrex|Grim Neigh|boost\n|-boost|p1b: Calyrex|spa|1\n|-damage|p1b: Calyrex|23/100|[from] item: Life Orb\n|\n|-heal|p2a: Whimsicott|7/100|[from] Grassy Terrain\n|-heal|p1b: Calyrex|29/100|[from] Grassy Terrain\n|upkeep\n|\n|t:|1769637698\n|switch|p2b: Groudon|Groudon, L50|100/100\n|-weather|SunnyDay|[from] ability: Drought|[of] p2b: Groudon\n|turn|4\n|\n|t:|1769637718\n|move|p1b: Calyrex|Protect|p1b: Calyrex\n|-singleturn|p1b: Calyrex|Protect\n|move|p1a: Rillaboom|Grassy Glide|p2a: Whimsicott\n|-resisted|p2a: Whimsicott\n|-damage|p2a: Whimsicott|0 fnt\n|faint|p2a: Whimsicott\n|move|p2b: Groudon|Precipice Blades|p1a: Rillaboom|[spread] \n|-activate|p1b: Calyrex|move: Protect\n|-miss|p2b: Groudon|p1a: Rillaboom\n|\n|-weather|SunnyDay|[upkeep]\n|-heal|p1b: Calyrex|35/100|[from] Grassy Terrain\n|-sideend|p2: i\u2764\u5a1c\u7984forever|move: Tailwind\n|upkeep\n|\n|t:|1769637725\n|switch|p2a: Ditto|Ditto, L50|100/100\n|-transform|p2a: Ditto|p1b: Calyrex|[from] ability: Imposter\n|-ability|p2a: Ditto|As One\n|-ability|p2a: Ditto|Unnerve\n|-start|p2a: Ditto|typechange|Psychic/Ghost|[silent]\n|turn|5\n|\n|t:|1769637738\n|switch|p1b: Incineroar|Incineroar, L50, M|100/100\n|-ability|p1b: Incineroar|Intimidate|boost\n|-unboost|p2a: Ditto|atk|1\n|-unboost|p2b: Groudon|atk|1\n|move|p1a: Rillaboom|Grassy Glide|p2a: Ditto|[miss]\n|-miss|p1a: Rillaboom|p2a: Ditto\n|move|p2a: Ditto|Astral Barrage|p1a: Rillaboom|[spread] p1a,p1b\n|-resisted|p1b: Incineroar\n|-damage|p1a: Rillaboom|6/100\n|-damage|p1b: Incineroar|41/100\n|move|p2b: Groudon|Precipice Blades|p1b: Incineroar|[spread] p1a,p1b\n|-resisted|p1a: Rillaboom\n|-supereffective|p1b: Incineroar\n|-damage|p1a: Rillaboom|0 fnt\n|-damage|p1b: Incineroar|0 fnt\n|faint|p1a: Rillaboom\n|faint|p1b: Incineroar\n|\n|-weather|SunnyDay|[upkeep]\n|upkeep\n|\n|t:|1769637748\n|switch|p1a: Calyrex|Calyrex-Shadow, L50, tera:Dark|35/100\n|switch|p1b: Clefairy|Clefairy, L50, F, shiny|100/100\n|-ability|p1a: Calyrex|As One\n|-ability|p1a: Calyrex|Unnerve\n|turn|6\n|\n|t:|1769637758\n|move|p1b: Clefairy|Helping Hand|p1a: Calyrex\n|-singleturn|p1a: Calyrex|Helping Hand|[of] p1b: Clefairy\n|move|p2a: Ditto|Astral Barrage|p1a: Calyrex|[spread] p1a,p1b\n|-resisted|p1a: Calyrex\n|-damage|p1a: Calyrex|0 fnt\n|-damage|p1b: Clefairy|4/100\n|faint|p1a: Calyrex\n|-ability|p2a: Ditto|Grim Neigh|boost\n|-boost|p2a: Ditto|spa|1\n|move|p2b: Groudon|Precipice Blades|p1b: Clefairy\n|-damage|p1b: Clefairy|0 fnt\n|faint|p1b: Clefairy\n|\n|win|i\u2764\u5a1c\u7984forever\n|raw|crifab93's rating: 1516 &rarr; <strong>1493</strong><br />(-23 for losing)\n|raw|i\u2764\u5a1c\u7984forever's rating: 1462 &rarr; <strong>1485</strong><br />(+23 for winning)\n|l|\u2606crifab93\n|player|p1|\n|l|\u2606i\u2764\u5a1c\u7984forever\n|player|p2|\n","uploadtime":1769637958,"views":38,"formatid":"gen9vgc2026regi","rating":1485,"private":0,"password":null}