{"id":"gen9vgc2026regi-2561212452","format":"[Gen 9] VGC 2026 Reg I","players":["jd8erh","Mirthinion"],"log":"|j|\u2606jd8erh\n|j|\u2606Mirthinion\n|t:|1773773995\n|gametype|doubles\n|player|p1|jd8erh|265|1376\n|player|p2|Mirthinion|janitor|1442\n|gen|9\n|tier|[Gen 9] VGC 2026 Reg I\n|rated|\n|rule|Species Clause: Limit one of each Pok\u00e9mon\n|rule|Item Clause: Limit 1 of each item\n|clearpoke\n|poke|p1|Miraidon, L50|\n|poke|p1|Lunala, L50|\n|poke|p1|Incineroar, L50, F|\n|poke|p1|Wo-Chien, L50|\n|poke|p1|Urshifu-*, L50, M|\n|poke|p1|Iron Treads, L50|\n|poke|p2|Calyrex-Shadow, L50|\n|poke|p2|Zamazenta-*, L50|\n|poke|p2|Urshifu-*, L50, M|\n|poke|p2|Incineroar, L50, M|\n|poke|p2|Rillaboom, L50, M|\n|poke|p2|Tornadus, L50, M|\n|teampreview|4\n|inactive|Battle timer is ON: inactive players will automatically lose when time's up. (requested by Mirthinion)\n|inactive|jd8erh also wants the timer to be on.\nMirthinion rejected open team sheets.\n|\n|t:|1773774016\n|teamsize|p1|4\n|teamsize|p2|4\n|start\n|switch|p1a: Miraidon|Miraidon, L50|100/100\n|switch|p1b: Lunala|Lunala, L50|100/100\n|switch|p2a: Vangwe|Tornadus, L50, M|100/100\n|switch|p2b: Drambor|Zamazenta-Crowned, L50|100/100\n|-ability|p2b: Drambor|Dauntless Shield|boost\n|-boost|p2b: Drambor|def|1\n|-fieldstart|move: Electric Terrain|[from] ability: Hadron Engine|[of] p1a: Miraidon\n|-enditem|p1b: Lunala|Electric Seed\n|-boost|p1b: Lunala|def|1|[from] item: Electric Seed\n|turn|1\n|\n|t:|1773774035\n|-terastallize|p2b: Drambor|Grass\n|move|p2a: Vangwe|Taunt|p1b: Lunala\n|-start|p1b: Lunala|move: Taunt\n|move|p2b: Drambor|Body Press|p1a: Miraidon\n|-damage|p1a: Miraidon|34/100\n|move|p1a: Miraidon|Electro Drift|p2a: Vangwe\n|-supereffective|p2a: Vangwe\n|-damage|p2a: Vangwe|0 fnt\n|faint|p2a: Vangwe\n|cant|p1b: Lunala|move: Taunt|Trick Room\n|\n|upkeep\n|\n|t:|1773774048\n|switch|p2a: Mithrandir|Calyrex-Shadow, L50|100/100\n|-ability|p2a: Mithrandir|As One\n|-ability|p2a: Mithrandir|Unnerve\n|turn|2\n|\n|t:|1773774059\n|-terastallize|p1b: Lunala|Fairy\n|move|p2a: Mithrandir|Astral Barrage|p1b: Lunala|[spread] p1a,p1b\n|-damage|p1a: Miraidon|8/100\n|-damage|p1b: Lunala|85/100\n|move|p2b: Drambor|Body Press|p1b: Lunala\n|-resisted|p1b: Lunala\n|-damage|p1b: Lunala|68/100\n|move|p1a: Miraidon|Draco Meteor|p2b: Drambor\n|-damage|p2b: Drambor|34/100\n|-unboost|p1a: Miraidon|spa|2\n|move|p1b: Lunala|Moongeist Beam|p2a: Mithrandir\n|-supereffective|p2a: Mithrandir\n|-enditem|p2a: Mithrandir|Focus Sash\n|-damage|p2a: Mithrandir|1/100\n|\n|upkeep\n|turn|3\n|\n|t:|1773774078\n|switch|p1a: Incineroar|Incineroar, L50, F|100/100\n|-ability|p1a: Incineroar|Intimidate|boost\n|-unboost|p2a: Mithrandir|atk|1\n|-unboost|p2b: Drambor|atk|1\n|move|p2a: Mithrandir|Astral Barrage|p1a: Incineroar|[spread] p1a,p1b\n|-resisted|p1a: Incineroar\n|-damage|p1a: Incineroar|81/100\n|-damage|p1b: Lunala|35/100\n|move|p2b: Drambor|Behemoth Bash|p1b: Lunala\n|-supereffective|p1b: Lunala\n|-damage|p1b: Lunala|7/100\n|move|p1b: Lunala|Moonblast|p2b: Drambor\n|-damage|p2b: Drambor|0 fnt\n|faint|p2b: Drambor\n|\n|-end|p1b: Lunala|move: Taunt\n|upkeep\n|\n|t:|1773774093\n|switch|p2b: Beowulf|Urshifu-Rapid-Strike, L50, M|100/100\n|turn|4\n|\n|t:|1773774105\n|move|p1a: Incineroar|Fake Out|p2b: Beowulf\n|-damage|p2b: Beowulf|90/100\n|move|p2a: Mithrandir|Pollen Puff|p1b: Lunala\n|-resisted|p1b: Lunala\n|-damage|p1b: Lunala|0 fnt\n|faint|p1b: Lunala\n|-ability|p2a: Mithrandir|Grim Neigh|boost\n|-boost|p2a: Mithrandir|spa|1\n|cant|p2b: Beowulf|flinch\n|\n|upkeep\n|\n|t:|1773774106\n|switch|p1b: Urshifu|Urshifu-Rapid-Strike, L50, M|100/100\n|turn|5\n|\n|t:|1773774130\n|switch|p1a: Miraidon|Miraidon, L50|8/100\n|-activate|p1a: Miraidon|ability: Hadron Engine\n|move|p1b: Urshifu|Aqua Jet|p2a: Mithrandir\n|-damage|p2a: Mithrandir|0 fnt\n|faint|p2a: Mithrandir\n|move|p2b: Beowulf|Aqua Jet|p1b: Urshifu\n|-resisted|p1b: Urshifu\n|-damage|p1b: Urshifu|85/100\n|\n|-fieldend|move: Electric Terrain\n|upkeep\n|turn|6\n|\n|t:|1773774141\n|move|p2b: Beowulf|Aqua Jet|p1a: Miraidon\n|-resisted|p1a: Miraidon\n|-damage|p1a: Miraidon|0 fnt\n|faint|p1a: Miraidon\n|move|p1b: Urshifu|Close Combat|p2b: Beowulf\n|-damage|p2b: Beowulf|28/100\n|-unboost|p1b: Urshifu|def|1\n|-unboost|p1b: Urshifu|spd|1\n|\n|upkeep\n|\n|t:|1773774144\n|switch|p1a: Incineroar|Incineroar, L50, F|81/100\n|-ability|p1a: Incineroar|Intimidate|boost\n|-unboost|p2b: Beowulf|atk|1\n|turn|7\n|c|\u2606jd8erh|Gg\n|\n|t:|1773774158\n|move|p1a: Incineroar|Fake Out|p2b: Beowulf\n|-damage|p2b: Beowulf|17/100\n|cant|p2b: Beowulf|flinch\n|move|p1b: Urshifu|Close Combat|p2b: Beowulf\n|-damage|p2b: Beowulf|0 fnt\n|-unboost|p1b: Urshifu|def|1\n|-unboost|p1b: Urshifu|spd|1\n|faint|p2b: Beowulf\n|\n|win|jd8erh\n|raw|jd8erh's rating: 1376 &rarr; <strong>1400</strong><br />(+24 for winning)\n|raw|Mirthinion's rating: 1442 &rarr; <strong>1418</strong><br />(-24 for losing)\n|c|\u2606Mirthinion|gg\n","uploadtime":1773774168,"views":87,"formatid":"gen9vgc2026regi","rating":1400,"private":0,"password":null}