{"id":"gen9vgc2026regi-2542160561","format":"[Gen 9] VGC 2026 Reg I","players":["thecheekymeek","j0l0k0"],"log":"|j|\u2606thecheekymeek\n|j|\u2606j0l0k0\n|t:|1771422551\n|gametype|doubles\n|player|p1|thecheekymeek|170|1430\n|player|p2|j0l0k0|brycen|1406\n|gen|9\n|tier|[Gen 9] VGC 2026 Reg I\n|rated|\n|rule|Species Clause: Limit one of each Pok\u00e9mon\n|rule|Item Clause: Limit 1 of each item\n|clearpoke\n|poke|p1|Terapagos, L50, M|\n|poke|p1|Calyrex-Shadow, L50|\n|poke|p1|Iron Hands, L50|\n|poke|p1|Smeargle, L50, F|\n|poke|p1|Chi-Yu, L50|\n|poke|p1|Tornadus, L50, M|\n|poke|p2|Calyrex-Ice, L50|\n|poke|p2|Kyogre, L50|\n|poke|p2|Indeedee-F, L50, F|\n|poke|p2|Urshifu-*, L50, F|\n|poke|p2|Amoonguss, L50, F|\n|poke|p2|Landorus, L50, M|\n|teampreview|4\n|inactive|Battle timer is ON: inactive players will automatically lose when time's up. (requested by j0l0k0)\n|\n|t:|1771422573\n|teamsize|p1|4\n|teamsize|p2|4\n|start\n|switch|p1a: Calyrex|Calyrex-Shadow, L50|100/100\n|switch|p1b: Tornadus|Tornadus, L50, M|100/100\n|switch|p2a: Indeedee|Indeedee-F, L50, F, shiny|100/100\n|switch|p2b: Calyrex|Calyrex-Ice, L50|100/100\n|-ability|p1a: Calyrex|As One\n|-ability|p1a: Calyrex|Unnerve\n|-ability|p2b: Calyrex|As One\n|-ability|p2b: Calyrex|Unnerve\n|-fieldstart|move: Psychic Terrain|[from] ability: Psychic Surge|[of] p2a: Indeedee\n|turn|1\n|inactive|thecheekymeek has 30 seconds left.\n|\n|t:|1771422604\n|switch|p1b: Terapagos|Terapagos, L50, M|100/100\n|-activate|p1b: Terapagos|ability: Tera Shift\n|detailschange|p1b: Terapagos|Terapagos-Terastal, L50, M\n|-heal|p1b: Terapagos|100/100|[silent]\n|-terastallize|p2b: Calyrex|Normal\n|move|p1a: Calyrex|Astral Barrage|p2b: Calyrex|[spread] \n|-immune|p2a: Indeedee\n|-immune|p2b: Calyrex\n|move|p2b: Calyrex|Glacial Lance|p1b: Terapagos|[spread] p1a,p1b\n|-activate|p1b: Terapagos|ability: Tera Shell\n|-resisted|p1b: Terapagos\n|-damage|p1a: Calyrex|36/100\n|-damage|p1b: Terapagos|73/100\n|move|p2a: Indeedee|Trick Room|p2a: Indeedee\n|-fieldstart|move: Trick Room|[of] p2a: Indeedee\n|\n|upkeep\n|turn|2\n|inactive|thecheekymeek has 30 seconds left.\n|\n|t:|1771422631\n|-terastallize|p1b: Terapagos|Stellar\n|detailschange|p1b: Terapagos|Terapagos-Stellar, L50, M, tera:Stellar\n|-heal|p1b: Terapagos|80/100|[silent]\n|-ability|p1b: Terapagos|Teraform Zero\n|-fieldend|move: Psychic Terrain\n|move|p1a: Calyrex|Protect|p1a: Calyrex\n|-singleturn|p1a: Calyrex|Protect\n|move|p2b: Calyrex|Glacial Lance|p1a: Calyrex|[spread] p1b\n|-activate|p1a: Calyrex|move: Protect\n|-crit|p1b: Terapagos\n|-damage|p1b: Terapagos|19/100\n|move|p2a: Indeedee|Psychic|p1a: Calyrex\n|-activate|p1a: Calyrex|move: Protect\n|move|p1b: Terapagos|Tera Starstorm|p2a: Indeedee|[spread] p2a,p2b\n|-supereffective|p2b: Calyrex\n|-damage|p2a: Indeedee|64/100\n|-damage|p2b: Calyrex|46/100\n|\n|upkeep\n|turn|3\n|\n|t:|1771422655\n|switch|p1a: Iron Hands|Iron Hands, L50|100/100\n|move|p2a: Indeedee|Helping Hand|p2b: Calyrex\n|-singleturn|p2b: Calyrex|Helping Hand|[of] p2a: Indeedee\n|move|p1b: Terapagos|Protect|p1b: Terapagos\n|-singleturn|p1b: Terapagos|Protect\n|move|p2b: Calyrex|Glacial Lance|p1a: Iron Hands|[spread] p1a\n|-activate|p1b: Terapagos|move: Protect\n|-damage|p1a: Iron Hands|42/100\n|\n|upkeep\n|turn|4\n|\n|t:|1771422673\n|move|p1a: Iron Hands|Fake Out|p2b: Calyrex\n|-damage|p2b: Calyrex|36/100\n|cant|p2b: Calyrex|flinch\n|move|p2a: Indeedee|Psychic|p1b: Terapagos\n|-damage|p1b: Terapagos|0 fnt\n|faint|p1b: Terapagos\n|detailschange|p1: Terapagos|Terapagos, L50, M|[silent]\n|\n|upkeep\n|\n|t:|1771422686\n|switch|p1b: Calyrex|Calyrex-Shadow, L50|36/100\n|-ability|p1b: Calyrex|As One\n|-ability|p1b: Calyrex|Unnerve\n|turn|5\n|\n|t:|1771422695\n|move|p2a: Indeedee|Helping Hand|p2b: Calyrex\n|-singleturn|p2b: Calyrex|Helping Hand|[of] p2a: Indeedee\n|move|p1b: Calyrex|Protect|p1b: Calyrex\n|-singleturn|p1b: Calyrex|Protect\n|move|p2b: Calyrex|Glacial Lance|p1a: Iron Hands|[spread] p1a\n|-activate|p1b: Calyrex|move: Protect\n|-damage|p1a: Iron Hands|0 fnt\n|faint|p1a: Iron Hands\n|-end|p1a: Iron Hands|Quark Drive|[silent]\n|-ability|p2b: Calyrex|Chilling Neigh|boost\n|-boost|p2b: Calyrex|atk|1\n|\n|-fieldend|move: Trick Room\n|upkeep\n|\n|t:|1771422709\n|switch|p1a: Tornadus|Tornadus, L50, M|100/100\n|turn|6\n|\n|t:|1771422717\n|move|p2a: Indeedee|Follow Me|p2a: Indeedee\n|-singleturn|p2a: Indeedee|move: Follow Me\n|move|p1a: Tornadus|Taunt|p2a: Indeedee\n|-start|p2a: Indeedee|move: Taunt\n|move|p1b: Calyrex|Psychic|p2a: Indeedee\n|-resisted|p2a: Indeedee\n|-damage|p2a: Indeedee|38/100\n|-damage|p1b: Calyrex|26/100|[from] item: Life Orb\n|move|p2b: Calyrex|Glacial Lance|p1a: Tornadus|[spread] p1a,p1b\n|-supereffective|p1a: Tornadus\n|-damage|p1a: Tornadus|0 fnt\n|-damage|p1b: Calyrex|0 fnt\n|faint|p1a: Tornadus\n|faint|p1b: Calyrex\n|\n|win|j0l0k0\n|raw|thecheekymeek's rating: 1430 &rarr; <strong>1409</strong><br />(-21 for losing)\n|raw|j0l0k0's rating: 1406 &rarr; <strong>1427</strong><br />(+21 for winning)\n|l|\u2606thecheekymeek\n|player|p1|\n|c|\u2606j0l0k0|ggwp\n|l|\u2606j0l0k0\n|player|p2|\n","uploadtime":1771422902,"views":17,"formatid":"gen9vgc2026regi","rating":1409,"private":0,"password":null}