{"id":"gen9vgc2026regi-2558788736","format":"[Gen 9] VGC 2026 Reg I","players":["palHunter","kojimuranishi"],"log":"|j|\u2606palHunter\n|j|\u2606kojimuranishi\n|t:|1773482933\n|gametype|doubles\n|player|p1|palHunter|dawn|1537\n|player|p2|kojimuranishi|265|1495\n|gen|9\n|tier|[Gen 9] VGC 2026 Reg I\n|rated|\n|rule|Species Clause: Limit one of each Pok\u00e9mon\n|rule|Item Clause: Limit 1 of each item\n|clearpoke\n|poke|p1|Miraidon, L50|\n|poke|p1|Amoonguss, L50, F|\n|poke|p1|Calyrex-Ice, L50|\n|poke|p1|Urshifu-*, L50, M|\n|poke|p1|Incineroar, L50, F|\n|poke|p1|Landorus, L50, M|\n|poke|p2|Raging Bolt, L50|\n|poke|p2|Calyrex-Ice, L50|\n|poke|p2|Kyogre, L50|\n|poke|p2|Indeedee-F, L50, F|\n|poke|p2|Ursaluna, L50, M|\n|poke|p2|Ogerpon-Cornerstone, L50, F|\n|teampreview|4\n|inactive|Battle timer is ON: inactive players will automatically lose when time's up. (requested by kojimuranishi)\n|inactive|palHunter also wants the timer to be on.\n|inactive|palHunter has 60 seconds left.\n|inactive|palHunter has 30 seconds left.\n|\n|t:|1773483004\n|teamsize|p1|4\n|teamsize|p2|4\n|start\n|switch|p1a: Urshifu|Urshifu-Rapid-Strike, L50, M|100/100\n|switch|p1b: Incineroar|Incineroar, L50, F, shiny|100/100\n|switch|p2a: Indeedee|Indeedee-F, L50, F|100/100\n|switch|p2b: Kyogre|Kyogre, L50|100/100\n|-weather|RainDance|[from] ability: Drizzle|[of] p2b: Kyogre\n|-ability|p1b: Incineroar|Intimidate|boost\n|-unboost|p2a: Indeedee|atk|1\n|-unboost|p2b: Kyogre|atk|1\n|-fieldstart|move: Psychic Terrain|[from] ability: Psychic Surge|[of] p2a: Indeedee\n|turn|1\n|\n|t:|1773483020\n|switch|p1a: Miraidon|Miraidon, L50|100/100\n|-fieldstart|move: Electric Terrain|[from] ability: Hadron Engine|[of] p1a: Miraidon\n|move|p1b: Incineroar|Fake Out|p2b: Kyogre\n|-damage|p2b: Kyogre|86/100\n|cant|p2b: Kyogre|flinch\n|move|p2a: Indeedee|Psychic|p1a: Miraidon\n|-damage|p1a: Miraidon|73/100\n|\n|-weather|RainDance|[upkeep]\n|upkeep\n|turn|2\n|\n|t:|1773483037\n|switch|p2b: Ursaluna|Ursaluna, L50, M|100/100\n|switch|p1b: Landorus|Landorus, L50, M, shiny|100/100\n|-terastallize|p1a: Miraidon|Electric\n|move|p1a: Miraidon|Discharge|p2b: Ursaluna|[spread] p2a\n|-immune|p1b: Landorus\n|-immune|p2b: Ursaluna\n|-damage|p2a: Indeedee|30/100\n|move|p2a: Indeedee|Trick Room|p2a: Indeedee\n|-fieldstart|move: Trick Room|[of] p2a: Indeedee\n|\n|-weather|RainDance|[upkeep]\n|-status|p2b: Ursaluna|brn|[from] item: Flame Orb\n|upkeep\n|turn|3\n|inactive|palHunter has 30 seconds left.\n|inactive|kojimuranishi has 30 seconds left.\n|\n|t:|1773483064\n|switch|p1a: Incineroar|Incineroar, L50, F, shiny|100/100\n|-ability|p1a: Incineroar|Intimidate|boost\n|-unboost|p2a: Indeedee|atk|1\n|-unboost|p2b: Ursaluna|atk|1\n|move|p2a: Indeedee|Follow Me|p2a: Indeedee\n|-singleturn|p2a: Indeedee|move: Follow Me\n|move|p2b: Ursaluna|Facade|p1b: Landorus\n|-damage|p1b: Landorus|14/100\n|move|p1b: Landorus|Sandsear Storm|p2b: Ursaluna|[spread] p2a,p2b\n|-damage|p2a: Indeedee|0 fnt\n|-damage|p2b: Ursaluna|41/100 brn\n|faint|p2a: Indeedee\n|\n|-weather|RainDance|[upkeep]\n|-damage|p2b: Ursaluna|36/100 brn|[from] brn\n|upkeep\n|\n|t:|1773483081\n|switch|p2a: Calyrex|Calyrex-Ice, L50|100/100\n|-ability|p2a: Calyrex|As One\n|-ability|p2a: Calyrex|Unnerve\n|turn|4\n|inactive|palHunter has 30 seconds left.\n|\n|t:|1773483110\n|move|p1a: Incineroar|Fake Out|p2a: Calyrex\n|-damage|p2a: Calyrex|93/100\n|move|p2b: Ursaluna|Rock Slide|p1a: Incineroar|[spread] p1a,p1b\n|-supereffective|p1a: Incineroar\n|-damage|p1a: Incineroar|61/100\n|-damage|p1b: Landorus|0 fnt\n|faint|p1b: Landorus\n|cant|p2a: Calyrex|flinch\n|\n|-weather|RainDance|[upkeep]\n|-heal|p2a: Calyrex|99/100|[from] item: Leftovers\n|-damage|p2b: Ursaluna|30/100 brn|[from] brn\n|upkeep\n|\n|t:|1773483123\n|switch|p1b: Urshifu|Urshifu-Rapid-Strike, L50, M|100/100\n|turn|5\n|\n|t:|1773483147\n|move|p1b: Urshifu|Aqua Jet|p2b: Ursaluna\n|-supereffective|p2b: Ursaluna\n|-damage|p2b: Ursaluna|0 fnt\n|faint|p2b: Ursaluna\n|move|p2a: Calyrex|Glacial Lance|p1a: Incineroar|[spread] p1a,p1b\n|-resisted|p1a: Incineroar\n|-resisted|p1b: Urshifu\n|-damage|p1a: Incineroar|40/100\n|-damage|p1b: Urshifu|78/100\n|move|p1a: Incineroar|Knock Off|p2a: Calyrex\n|-supereffective|p2a: Calyrex\n|-damage|p2a: Calyrex|44/100\n|-enditem|p2a: Calyrex|Leftovers|[from] move: Knock Off|[of] p1a: Incineroar\n|\n|-weather|none\n|-fieldend|move: Electric Terrain\n|upkeep\n|\n|t:|1773483160\n|switch|p2b: Kyogre|Kyogre, L50|86/100\n|-weather|RainDance|[from] ability: Drizzle|[of] p2b: Kyogre\n|turn|6\n|\n|t:|1773483169\n|-terastallize|p2a: Calyrex|Water\n|move|p1b: Urshifu|Detect|p1b: Urshifu\n|-singleturn|p1b: Urshifu|Protect\n|move|p2a: Calyrex|Glacial Lance|p1b: Urshifu|[spread] p1a\n|-activate|p1b: Urshifu|move: Protect\n|-resisted|p1a: Incineroar\n|-damage|p1a: Incineroar|17/100\n|move|p1a: Incineroar|Knock Off|p2b: Kyogre\n|-damage|p2b: Kyogre|32/100\n|-enditem|p2b: Kyogre|Choice Scarf|[from] move: Knock Off|[of] p1a: Incineroar\n|move|p2b: Kyogre|Origin Pulse|p1b: Urshifu|[spread] p1a\n|-activate|p1b: Urshifu|move: Protect\n|-supereffective|p1a: Incineroar\n|-damage|p1a: Incineroar|0 fnt\n|faint|p1a: Incineroar\n|\n|-weather|RainDance|[upkeep]\n|-fieldend|move: Trick Room\n|upkeep\n|-message|kojimuranishi forfeited.\n|\n|win|palHunter\n|raw|palHunter's rating: 1537 &rarr; <strong>1555</strong><br />(+18 for winning)\n|raw|kojimuranishi's rating: 1495 &rarr; <strong>1477</strong><br />(-18 for losing)\n|l|\u2606palHunter\n|player|p1|\n|l|\u2606kojimuranishi\n|player|p2|\n","uploadtime":1773483328,"views":17,"formatid":"gen9vgc2026regi","rating":1477,"private":0,"password":null}