{"id":"gen9vgc2026regi-2555692336","format":"[Gen 9] VGC 2026 Reg I","players":["bola696","ryo8989"],"log":"|j|\u2606bola696\n|j|\u2606ryo8989\n|t:|1773119595\n|gametype|doubles\n|player|p1|bola696|red|1364\n|player|p2|ryo8989|erika|1352\n|gen|9\n|tier|[Gen 9] VGC 2026 Reg I\n|rated|\n|rule|Species Clause: Limit one of each Pok\u00e9mon\n|rule|Item Clause: Limit 1 of each item\n|clearpoke\n|poke|p1|Terapagos, L50, M|\n|poke|p1|Incineroar, L50, M|\n|poke|p1|Flutter Mane, L50|\n|poke|p1|Miraidon, L50|\n|poke|p1|Smeargle, L50, M|\n|poke|p1|Urshifu-*, L50, F|\n|poke|p2|Calyrex-Shadow, L50|\n|poke|p2|Rillaboom, L50, F|\n|poke|p2|Incineroar, L50, M|\n|poke|p2|Clefairy, L50, F|\n|poke|p2|Koraidon, L50|\n|poke|p2|Flutter Mane, L50|\n|teampreview|4\n|inactive|Battle timer is ON: inactive players will automatically lose when time's up. (requested by bola696)\n|\n|t:|1773119603\n|teamsize|p1|4\n|teamsize|p2|4\n|start\n|switch|p1a: Terapagos|Terapagos, L50, M|100/100\n|switch|p1b: Smeargle|Smeargle, L50, M, shiny|100/100\n|switch|p2a: Calyrex|Calyrex-Shadow, L50|100/100\n|switch|p2b: Rillaboom|Rillaboom, L50, F|100/100\n|-activate|p1a: Terapagos|ability: Tera Shift\n|detailschange|p1a: Terapagos|Terapagos-Terastal, L50, M\n|-heal|p1a: Terapagos|100/100|[silent]\n|-ability|p2a: Calyrex|As One\n|-ability|p2a: Calyrex|Unnerve\n|-fieldstart|move: Grassy Terrain|[from] ability: Grassy Surge|[of] p2b: Rillaboom\n|turn|1\n|j| globalfish39\n|\n|t:|1773119623\n|move|p1b: Smeargle|Fake Out|p2b: Rillaboom\n|-damage|p2b: Rillaboom|97/100\n|move|p2a: Calyrex|Psychic|p1b: Smeargle\n|-enditem|p1b: Smeargle|Focus Sash\n|-damage|p1b: Smeargle|1/100\n|-damage|p2a: Calyrex|91/100|[from] item: Life Orb\n|move|p1a: Terapagos|Calm Mind|p1a: Terapagos\n|-boost|p1a: Terapagos|spa|1\n|-boost|p1a: Terapagos|spd|1\n|cant|p2b: Rillaboom|flinch\n|\n|-heal|p2a: Calyrex|97/100|[from] Grassy Terrain\n|-heal|p1b: Smeargle|7/100|[from] Grassy Terrain\n|-heal|p2b: Rillaboom|100/100|[from] Grassy Terrain\n|-ability|p1b: Smeargle|Moody|boost\n|-boost|p1b: Smeargle|atk|2\n|-unboost|p1b: Smeargle|spa|1\n|upkeep\n|turn|2\n|\n|t:|1773119646\n|move|p2a: Calyrex|Psychic|p1b: Smeargle\n|-damage|p1b: Smeargle|0 fnt\n|faint|p1b: Smeargle\n|-ability|p2a: Calyrex|Grim Neigh|boost\n|-boost|p2a: Calyrex|spa|1\n|-damage|p2a: Calyrex|88/100|[from] item: Life Orb\n|move|p1a: Terapagos|Earth Power|p2a: Calyrex\n|-damage|p2a: Calyrex|44/100\n|move|p2b: Rillaboom|U-turn|p1a: Terapagos\n|-activate|p1a: Terapagos|ability: Tera Shell\n|-resisted|p1a: Terapagos\n|-damage|p1a: Terapagos|90/100\n|\n|t:|1773119659\n|switch|p2b: Koraidon|Koraidon, L50|100/100|[from] U-turn\n|-weather|SunnyDay|[from] ability: Orichalcum Pulse|[of] p2b: Koraidon\n|-activate|p2b: Koraidon|Orichalcum Pulse|[source]\n|\n|-weather|SunnyDay|[upkeep]\n|-heal|p2a: Calyrex|50/100|[from] Grassy Terrain\n|-heal|p1a: Terapagos|96/100|[from] Grassy Terrain\n|upkeep\n|\n|t:|1773119662\n|switch|p1b: Miraidon|Miraidon, L50, shiny|100/100\n|-fieldstart|move: Electric Terrain|[from] ability: Hadron Engine|[of] p1b: Miraidon\n|-enditem|p1a: Terapagos|Electric Seed\n|-boost|p1a: Terapagos|def|1|[from] item: Electric Seed\n|turn|3\n|\n|t:|1773119676\n|switch|p2a: Rillaboom|Rillaboom, L50, F|100/100\n|-fieldstart|move: Grassy Terrain|[from] ability: Grassy Surge|[of] p2a: Rillaboom\n|move|p1a: Terapagos|Protect|p1a: Terapagos\n|-singleturn|p1a: Terapagos|Protect\n|move|p2b: Koraidon|Collision Course|p1a: Terapagos\n|-activate|p1a: Terapagos|move: Protect\n|move|p1b: Miraidon|Dazzling Gleam|p2b: Koraidon|[spread] p2a,p2b\n|-supereffective|p2b: Koraidon\n|-damage|p2a: Rillaboom|85/100\n|-damage|p2b: Koraidon|18/100\n|\n|-weather|SunnyDay|[upkeep]\n|-heal|p2b: Koraidon|24/100|[from] Grassy Terrain\n|-heal|p1a: Terapagos|100/100|[from] Grassy Terrain\n|-heal|p2a: Rillaboom|91/100|[from] Grassy Terrain\n|upkeep\n|turn|4\n|\n|t:|1773119696\n|move|p2a: Rillaboom|Fake Out|p1a: Terapagos\n|-activate|p1a: Terapagos|ability: Tera Shell\n|-resisted|p1a: Terapagos\n|-damage|p1a: Terapagos|96/100\n|move|p2b: Koraidon|Collision Course|p1a: Terapagos\n|-supereffective|p1a: Terapagos\n|-crit|p1a: Terapagos\n|-damage|p1a: Terapagos|0 fnt\n|faint|p1a: Terapagos\n|move|p1b: Miraidon|Volt Switch|p2b: Koraidon\n|-resisted|p2b: Koraidon\n|-damage|p2b: Koraidon|6/100\n|\n|t:|1773119698\n|switch|p1b: Flutter Mane|Flutter Mane, L50, shiny|100/100|[from] Volt Switch\n|-activate|p1b: Flutter Mane|ability: Protosynthesis\n|-start|p1b: Flutter Mane|protosynthesisspe\n|\n|-weather|SunnyDay|[upkeep]\n|-heal|p2b: Koraidon|12/100|[from] Grassy Terrain\n|-heal|p2a: Rillaboom|97/100|[from] Grassy Terrain\n|upkeep\n|\n|t:|1773119700\n|switch|p1a: Miraidon|Miraidon, L50, shiny|100/100\n|-fieldstart|move: Electric Terrain|[from] ability: Hadron Engine|[of] p1a: Miraidon\n|turn|5\n|inactive|ryo8989 has 30 seconds left.\n|inactive|ryo8989 has 20 seconds left.\n|\n|t:|1773119739\n|move|p1b: Flutter Mane|Moonblast|p2b: Koraidon\n|-supereffective|p2b: Koraidon\n|-damage|p2b: Koraidon|0 fnt\n|faint|p2b: Koraidon\n|move|p1a: Miraidon|Electro Drift|p2a: Rillaboom\n|-resisted|p2a: Rillaboom\n|-damage|p2a: Rillaboom|64/100\n|move|p2a: Rillaboom|U-turn|p1a: Miraidon\n|-damage|p1a: Miraidon|83/100\n|\n|t:|1773119749\n|switch|p2a: Calyrex|Calyrex-Shadow, L50|50/100|[from] U-turn\n|-ability|p2a: Calyrex|As One\n|-ability|p2a: Calyrex|Unnerve\n|\n|-weather|SunnyDay|[upkeep]\n|upkeep\n|\n|t:|1773119757\n|switch|p2b: Rillaboom|Rillaboom, L50, F|64/100\n|-fieldstart|move: Grassy Terrain|[from] ability: Grassy Surge|[of] p2b: Rillaboom\n|turn|6\n|inactive|ryo8989 has 30 seconds left.\n|\n|t:|1773119783\n|move|p1b: Flutter Mane|Protect|p1b: Flutter Mane\n|-singleturn|p1b: Flutter Mane|Protect\n|move|p2a: Calyrex|Protect|p2a: Calyrex\n|-singleturn|p2a: Calyrex|Protect\n|move|p1a: Miraidon|Electro Drift|p2a: Calyrex\n|-activate|p2a: Calyrex|move: Protect\n|move|p2b: Rillaboom|U-turn|p1b: Flutter Mane\n|-activate|p1b: Flutter Mane|move: Protect\n|\n|-weather|none\n|-end|p1b: Flutter Mane|Protosynthesis\n|-heal|p2a: Calyrex|56/100|[from] Grassy Terrain\n|-heal|p1a: Miraidon|88/100|[from] Grassy Terrain\n|-heal|p2b: Rillaboom|70/100|[from] Grassy Terrain\n|upkeep\n|-enditem|p1b: Flutter Mane|Booster Energy\n|-activate|p1b: Flutter Mane|ability: Protosynthesis|[fromitem]\n|-start|p1b: Flutter Mane|protosynthesisspe\n|turn|7\n|\n|t:|1773119804\n|switch|p2a: Clefairy|Clefairy, L50, F, shiny|100/100\n|-terastallize|p1a: Miraidon|Fairy\n|move|p1b: Flutter Mane|Icy Wind|p2b: Rillaboom|[spread] p2a,p2b\n|-supereffective|p2b: Rillaboom\n|-damage|p2a: Clefairy|88/100\n|-damage|p2b: Rillaboom|55/100\n|-unboost|p2a: Clefairy|spe|1\n|-unboost|p2b: Rillaboom|spe|1\n|move|p1a: Miraidon|Dazzling Gleam|p2b: Rillaboom|[spread] p2a,p2b\n|-damage|p2a: Clefairy|56/100\n|-damage|p2b: Rillaboom|36/100\n|move|p2b: Rillaboom|U-turn|p1a: Miraidon\n|-resisted|p1a: Miraidon\n|-damage|p1a: Miraidon|80/100\n|\n|t:|1773119819\n|switch|p2b: Calyrex|Calyrex-Shadow, L50|56/100|[from] U-turn\n|-ability|p2b: Calyrex|As One\n|-ability|p2b: Calyrex|Unnerve\n|\n|-heal|p2b: Calyrex|62/100|[from] Grassy Terrain\n|-heal|p1a: Miraidon|86/100|[from] Grassy Terrain\n|-heal|p2a: Clefairy|62/100|[from] Grassy Terrain\n|upkeep\n|turn|8\n|\n|t:|1773119832\n|move|p2b: Calyrex|Protect|p2b: Calyrex\n|-singleturn|p2b: Calyrex|Protect\n|move|p1b: Flutter Mane|Icy Wind|p2a: Clefairy|[spread] p2a\n|-activate|p2b: Calyrex|move: Protect\n|-damage|p2a: Clefairy|49/100\n|-unboost|p2a: Clefairy|spe|1\n|move|p1a: Miraidon|Electro Drift|p2b: Calyrex\n|-activate|p2b: Calyrex|move: Protect\n|move|p2a: Clefairy|Life Dew|p2a: Clefairy|[spread] p2a,p2b\n|-heal|p2a: Clefairy|73/100\n|-heal|p2b: Calyrex|87/100\n|\n|-heal|p2b: Calyrex|93/100|[from] Grassy Terrain\n|-heal|p1a: Miraidon|91/100|[from] Grassy Terrain\n|-heal|p2a: Clefairy|80/100|[from] Grassy Terrain\n|upkeep\n|turn|9\n|inactive|ryo8989 has 30 seconds left.\n|\n|t:|1773119858\n|move|p2a: Clefairy|Follow Me|p2a: Clefairy\n|-singleturn|p2a: Clefairy|move: Follow Me\n|move|p1b: Flutter Mane|Shadow Ball|p2a: Clefairy\n|-damage|p2a: Clefairy|37/100\n|-unboost|p2a: Clefairy|spd|1\n|move|p2b: Calyrex|Astral Barrage|p1a: Miraidon|[spread] p1a,p1b\n|-supereffective|p1b: Flutter Mane\n|-damage|p1a: Miraidon|49/100\n|-damage|p1b: Flutter Mane|0 fnt\n|faint|p1b: Flutter Mane\n|-end|p1b: Flutter Mane|Protosynthesis|[silent]\n|-ability|p2b: Calyrex|Grim Neigh|boost\n|-boost|p2b: Calyrex|spa|1\n|-damage|p2b: Calyrex|84/100|[from] item: Life Orb\n|move|p1a: Miraidon|Electro Drift|p2a: Clefairy\n|-damage|p2a: Clefairy|0 fnt\n|faint|p2a: Clefairy\n|\n|-heal|p2b: Calyrex|90/100|[from] Grassy Terrain\n|-heal|p1a: Miraidon|55/100|[from] Grassy Terrain\n|upkeep\n|-message|bola696 forfeited.\n|\n|win|ryo8989\n|raw|bola696's rating: 1364 &rarr; <strong>1343</strong><br />(-21 for losing)\n|raw|ryo8989's rating: 1352 &rarr; <strong>1373</strong><br />(+21 for winning)\n|l|\u2606bola696\n|player|p1|\n|l|\u2606ryo8989\n|player|p2|\n","uploadtime":1773120083,"views":18,"formatid":"gen9vgc2026regi","rating":1343,"private":0,"password":null}