{"id":"gen9vgc2026regi-2553712027","format":"[Gen 9] VGC 2026 Reg I","players":["fiskillapine","wasaad5"],"log":"|j|\u2606fiskillapine\n|j|\u2606wasaad5\n|t:|1772865665\n|gametype|doubles\n|player|p1|fiskillapine|1|1254\n|player|p2|wasaad5|blue|1348\n|gen|9\n|tier|[Gen 9] VGC 2026 Reg I\n|rated|\n|rule|Species Clause: Limit one of each Pok\u00e9mon\n|rule|Item Clause: Limit 1 of each item\n|clearpoke\n|poke|p1|Kyogre, L50|\n|poke|p1|Whimsicott, L50, M|\n|poke|p1|Urshifu-*, L50, F|\n|poke|p1|Incineroar, L50, F|\n|poke|p1|Miraidon, L50|\n|poke|p1|Rillaboom, L50, M|\n|poke|p2|Kyurem-White, L50|\n|poke|p2|Zacian-*, L50|\n|poke|p2|Sableye, L50, F|\n|poke|p2|Urshifu-*, L50, F|\n|poke|p2|Amoonguss, L50, F|\n|poke|p2|Incineroar, L50, F|\n|teampreview|4\n|\n|t:|1772865688\n|teamsize|p1|4\n|teamsize|p2|4\n|start\n|switch|p1a: Whimsicott|Whimsicott, L50, M, shiny|100/100\n|switch|p1b: Kyogre|Kyogre, L50|100/100\n|switch|p2a: Sableye|Sableye, L50, F|100/100\n|switch|p2b: Kyurem|Kyurem-White, L50, shiny|100/100\n|-ability|p2b: Kyurem|Turboblaze\n|-weather|RainDance|[from] ability: Drizzle|[of] p1b: Kyogre\n|turn|1\n|\n|t:|1772865713\n|move|p1b: Kyogre|Protect|p1b: Kyogre\n|-singleturn|p1b: Kyogre|Protect\n|move|p1a: Whimsicott|Tailwind|p1a: Whimsicott\n|-sidestart|p1: fiskillapine|move: Tailwind\n|move|p2a: Sableye|Quash|p1b: Kyogre\n|-activate|p1b: Kyogre|move: Protect\n|move|p2b: Kyurem|Freeze-Dry|p1b: Kyogre\n|-activate|p1b: Kyogre|move: Protect\n|\n|-weather|RainDance|[upkeep]\n|upkeep\n|turn|2\n|\n|t:|1772865757\n|move|p2a: Sableye|Encore|p1b: Kyogre\n|-start|p1b: Kyogre|Encore\n|move|p1a: Whimsicott|Absorb|p1b: Kyogre\n|-supereffective|p1b: Kyogre\n|-damage|p1b: Kyogre|94/100\n|-enditem|p1b: Kyogre|Weakness Policy\n|-boost|p1b: Kyogre|atk|2|[from] item: Weakness Policy\n|-boost|p1b: Kyogre|spa|2|[from] item: Weakness Policy\n|move|p1b: Kyogre|Protect||[still]\n|-fail|p1b: Kyogre\n|move|p2b: Kyurem|Freeze-Dry|p1a: Whimsicott\n|-supereffective|p1a: Whimsicott\n|-enditem|p1a: Whimsicott|Focus Sash\n|-damage|p1a: Whimsicott|1/100\n|\n|-weather|RainDance|[upkeep]\n|upkeep\n|turn|3\n|\n|t:|1772865780\n|move|p1b: Kyogre|Protect|p1b: Kyogre\n|-singleturn|p1b: Kyogre|Protect\n|move|p1a: Whimsicott|Encore|p2b: Kyurem\n|-start|p2b: Kyurem|Encore\n|move|p2a: Sableye|Encore||[still]\n|-fail|p2a: Sableye\n|move|p2b: Kyurem|Freeze-Dry|p1b: Kyogre\n|-activate|p1b: Kyogre|move: Protect\n|\n|-weather|RainDance|[upkeep]\n|upkeep\n|turn|4\n|\n|t:|1772865811\n|move|p1b: Kyogre|Protect||[still]\n|-fail|p1b: Kyogre\n|move|p2a: Sableye|Encore||[still]\n|-fail|p2a: Sableye\n|move|p1a: Whimsicott|Absorb|p2a: Sableye\n|-damage|p2a: Sableye|92/100\n|-heal|p1a: Whimsicott|5/100|[from] drain|[of] p2a: Sableye\n|move|p2b: Kyurem|Freeze-Dry|p1b: Kyogre\n|-supereffective|p1b: Kyogre\n|-damage|p1b: Kyogre|42/100\n|-status|p1b: Kyogre|frz\n|\n|-weather|RainDance|[upkeep]\n|-end|p1b: Kyogre|Encore\n|-sideend|p1: fiskillapine|move: Tailwind\n|upkeep\n|turn|5\n|-message|fiskillapine forfeited.\n|\n|win|wasaad5\n|raw|fiskillapine's rating: 1254 &rarr; <strong>1236</strong><br />(-18 for losing)\n|raw|wasaad5's rating: 1348 &rarr; <strong>1363</strong><br />(+15 for winning)\n|l|\u2606fiskillapine\n|player|p1|\n|l|\u2606wasaad5\n|player|p2|\n","uploadtime":1772865961,"views":12,"formatid":"gen9vgc2026regi","rating":1236,"private":0,"password":null}