{"id":"gen9vgc2026regi-2578300719","format":"[Gen 9] VGC 2026 Reg I","players":["petasmash","datbishgames"],"log":"|j|\u2606petasmash\n|j|\u2606datbishgames\n|t:|1775666537\n|gametype|doubles\n|player|p1|petasmash|steven|1366\n|player|p2|datbishgames|mira|1383\n|gen|9\n|tier|[Gen 9] VGC 2026 Reg I\n|rated|\n|rule|Species Clause: Limit one of each Pok\u00e9mon\n|rule|Item Clause: Limit 1 of each item\n|clearpoke\n|poke|p1|Kyogre, L50|\n|poke|p1|Calyrex-Ice, L50|\n|poke|p1|Archaludon, L50, M|\n|poke|p1|Flutter Mane, L50|\n|poke|p1|Indeedee-F, L50, F|\n|poke|p1|Urshifu-*, L50, F|\n|poke|p2|Dialga-Origin, L50|\n|poke|p2|Ho-Oh, L50|\n|poke|p2|Rotom-Wash, L50|\n|poke|p2|Amoonguss, L50, F|\n|poke|p2|Ursaluna, L50, F|\n|poke|p2|Zoroark-Hisui, L50, M|\n|teampreview|4\n|inactive|Battle timer is ON: inactive players will automatically lose when time's up. (requested by datbishgames)\n|c|\u2606petasmash|Glhf\npetasmash has agreed to open team sheets.\n|c|\u2606datbishgames|U2!\n|inactive|petasmash has 60 seconds left.\n|inactive|datbishgames has 60 seconds left.\n|inactive|petasmash has 30 seconds left.\n|\n|t:|1775666602\n|teamsize|p1|4\n|teamsize|p2|4\n|start\n|switch|p1a: Calyrex|Calyrex-Ice, L50|100/100\n|switch|p1b: Indeedee|Indeedee-F, L50, F|100/100\n|switch|p2a: Rotom|Rotom-Wash, L50|100/100\n|switch|p2b: Ho-Oh|Ho-Oh, L50|100/100\n|-ability|p1a: Calyrex|As One\n|-ability|p1a: Calyrex|Unnerve\n|-fieldstart|move: Psychic Terrain|[from] ability: Psychic Surge|[of] p1b: Indeedee\n|-enditem|p1b: Indeedee|Psychic Seed\n|-boost|p1b: Indeedee|spd|1|[from] item: Psychic Seed\n|turn|1\n|inactive|petasmash has 30 seconds left.\n|\n|t:|1775666634\n|switch|p1a: Kyogre|Kyogre, L50|100/100\n|-weather|RainDance|[from] ability: Drizzle|[of] p1a: Kyogre\n|move|p2b: Ho-Oh|Sacred Fire|p1a: Kyogre\n|-resisted|p1a: Kyogre\n|-damage|p1a: Kyogre|87/100\n|-status|p1a: Kyogre|brn\n|move|p2a: Rotom|Volt Switch|p1b: Indeedee\n|-damage|p1b: Indeedee|83/100\n|\n|t:|1775666652\n|switch|p2a: Ursaluna|Ursaluna, L50, F|100/100|[from] Volt Switch\n|move|p1b: Indeedee|Trick Room|p1b: Indeedee\n|-fieldstart|move: Trick Room|[of] p1b: Indeedee\n|\n|-weather|RainDance|[upkeep]\n|-damage|p1a: Kyogre|81/100 brn|[from] brn\n|-status|p2a: Ursaluna|brn|[from] item: Flame Orb\n|upkeep\n|turn|2\n|\n|t:|1775666670\n|switch|p2b: Rotom|Rotom-Wash, L50|100/100\n|-terastallize|p2a: Ursaluna|Ghost\n|move|p1b: Indeedee|Baton Pass|p1b: Indeedee\n|\n|t:|1775666681\n|switch|p1b: Calyrex|Calyrex-Ice, L50|100/100|[from] Baton Pass\n|-ability|p1b: Calyrex|As One\n|-ability|p1b: Calyrex|Unnerve\n|move|p2a: Ursaluna|Earthquake|p1a: Kyogre|[spread] p1a,p1b\n|-immune|p2b: Rotom|[from] ability: Levitate\n|-damage|p1a: Kyogre|24/100 brn\n|-damage|p1b: Calyrex|70/100\n|move|p1a: Kyogre|Water Spout|p2a: Ursaluna|[spread] p2a,p2b\n|-resisted|p2b: Rotom\n|-crit|p2b: Rotom\n|-damage|p2a: Ursaluna|81/100 brn\n|-damage|p2b: Rotom|87/100\n|\n|-weather|RainDance|[upkeep]\n|-damage|p2a: Ursaluna|75/100 brn|[from] brn\n|-damage|p1a: Kyogre|18/100 brn|[from] brn\n|upkeep\n|turn|3\n|\n|t:|1775666706\n|-terastallize|p1b: Calyrex|Grass\n|move|p1a: Kyogre|Protect|p1a: Kyogre\n|-singleturn|p1a: Kyogre|Protect\n|move|p1b: Calyrex|Bullet Seed|p2a: Ursaluna\n|-damage|p2a: Ursaluna|63/100 brn\n|-damage|p2a: Ursaluna|51/100 brn\n|-damage|p2a: Ursaluna|38/100 brn\n|-damage|p2a: Ursaluna|26/100 brn\n|-hitcount|p2a: Ursaluna|4\n|move|p2b: Rotom|Foul Play|p1b: Calyrex\n|-damage|p1b: Calyrex|46/100\n|move|p2a: Ursaluna|Earthquake|p1b: Calyrex|[spread] p1b\n|-activate|p1a: Kyogre|move: Protect\n|-immune|p2b: Rotom|[from] ability: Levitate\n|-resisted|p1b: Calyrex\n|-damage|p1b: Calyrex|31/100\n|\n|-weather|RainDance|[upkeep]\n|-damage|p2a: Ursaluna|20/100 brn|[from] brn\n|-damage|p1a: Kyogre|11/100 brn|[from] brn\n|upkeep\n|turn|4\n|inactive|petasmash has 30 seconds left.\n|inactive|datbishgames has 30 seconds left.\n|\n|t:|1775666734\n|switch|p2a: Dialga|Dialga-Origin, L50|100/100\n|move|p1b: Calyrex|Bullet Seed|p2b: Rotom\n|-supereffective|p2b: Rotom\n|-damage|p2b: Rotom|63/100\n|-supereffective|p2b: Rotom\n|-damage|p2b: Rotom|39/100\n|-supereffective|p2b: Rotom\n|-damage|p2b: Rotom|16/100\n|-supereffective|p2b: Rotom\n|-damage|p2b: Rotom|0 fnt\n|faint|p2b: Rotom\n|-ability|p1b: Calyrex|Chilling Neigh|boost\n|-boost|p1b: Calyrex|atk|1\n|-hitcount|p2: Rotom|4\n|move|p1a: Kyogre|Hydro Pump|p2a: Dialga\n|-resisted|p2a: Dialga\n|-damage|p2a: Dialga|64/100\n|\n|-weather|RainDance|[upkeep]\n|-damage|p1a: Kyogre|5/100 brn|[from] brn\n|upkeep\n|\n|t:|1775666758\n|switch|p2b: Ursaluna|Ursaluna, L50, F, tera:Ghost|20/100 brn\n|turn|5\n|\n|t:|1775666768\n|move|p2a: Dialga|Protect|p2a: Dialga\n|-singleturn|p2a: Dialga|Protect\n|move|p2b: Ursaluna|Protect|p2b: Ursaluna\n|-singleturn|p2b: Ursaluna|Protect\n|move|p1b: Calyrex|Glacial Lance|p2b: Ursaluna|[spread] \n|-activate|p2a: Dialga|move: Protect\n|-activate|p2b: Ursaluna|move: Protect\n|move|p1a: Kyogre|Hydro Pump|p2a: Dialga\n|-activate|p2a: Dialga|move: Protect\n|\n|-weather|none\n|-damage|p2b: Ursaluna|14/100 brn|[from] brn\n|-damage|p1a: Kyogre|0 fnt|[from] brn\n|faint|p1a: Kyogre\n|-fieldend|move: Trick Room\n|-fieldend|move: Psychic Terrain\n|upkeep\n|\n|t:|1775666782\n|switch|p1a: Indeedee|Indeedee-F, L50, F|83/100\n|-fieldstart|move: Psychic Terrain|[from] ability: Psychic Surge|[of] p1a: Indeedee\n|turn|6\n|\n|t:|1775666792\n|move|p1a: Indeedee|Follow Me|p1a: Indeedee\n|-singleturn|p1a: Indeedee|move: Follow Me\n|move|p2b: Ursaluna|Facade|p1a: Indeedee\n|-damage|p1a: Indeedee|0 fnt\n|faint|p1a: Indeedee\n|move|p2a: Dialga|Flash Cannon|p1b: Calyrex\n|-damage|p1b: Calyrex|3/100\n|move|p1b: Calyrex|Glacial Lance|p2a: Dialga|[spread] p2a,p2b\n|-damage|p2a: Dialga|6/100\n|-damage|p2b: Ursaluna|0 fnt\n|faint|p2b: Ursaluna\n|-ability|p1b: Calyrex|Chilling Neigh|boost\n|-boost|p1b: Calyrex|atk|1\n|\n|upkeep\n|\n|t:|1775666803\n|switch|p2b: Ho-Oh|Ho-Oh, L50|100/100\n|switch|p1a: Urshifu|Urshifu-Rapid-Strike, L50, F|100/100\n|turn|7\n|\n|t:|1775666817\n|move|p1a: Urshifu|Surging Strikes|p2b: Ho-Oh\n|-supereffective|p2b: Ho-Oh\n|-crit|p2b: Ho-Oh\n|-damage|p2b: Ho-Oh|64/100\n|-supereffective|p2b: Ho-Oh\n|-crit|p2b: Ho-Oh\n|-damage|p2b: Ho-Oh|22/100\n|-supereffective|p2b: Ho-Oh\n|-crit|p2b: Ho-Oh\n|-damage|p2b: Ho-Oh|0 fnt\n|faint|p2b: Ho-Oh\n|-hitcount|p2: Ho-Oh|3\n|move|p2a: Dialga|Flash Cannon|p1b: Calyrex\n|-damage|p1b: Calyrex|0 fnt\n|faint|p1b: Calyrex\n|\n|upkeep\n|turn|8\n|c|\u2606datbishgames|Gg\n|\n|t:|1775666828\n|move|p1a: Urshifu|Surging Strikes|p2a: Dialga\n|-resisted|p2a: Dialga\n|-crit|p2a: Dialga\n|-damage|p2a: Dialga|0 fnt\n|faint|p2a: Dialga\n|-hitcount|p2: Dialga|1\n|\n|win|petasmash\n|raw|petasmash's rating: 1366 &rarr; <strong>1387</strong><br />(+21 for winning)\n|raw|datbishgames's rating: 1383 &rarr; <strong>1362</strong><br />(-21 for losing)\n|l|\u2606datbishgames\n|player|p2|\n|c|\u2606petasmash|GG\n|l|\u2606petasmash\n|player|p1|\n","uploadtime":1775667035,"views":10,"formatid":"gen9vgc2026regi","rating":1362,"private":0,"password":null}