{"id":"gen9vgc2026regi-2536533353","format":"[Gen 9] VGC 2026 Reg I","players":["blackred123","GojiraFanBoy"],"log":"|j|\u2606blackred123\n|j|\u2606GojiraFanBoy\n|t:|1770700820\n|gametype|doubles\n|player|p1|blackred123|iono-masters|1303\n|player|p2|GojiraFanBoy|102|1378\n|gen|9\n|tier|[Gen 9] VGC 2026 Reg I\n|rated|\n|rule|Species Clause: Limit one of each Pok\u00e9mon\n|rule|Item Clause: Limit 1 of each item\n|clearpoke\n|poke|p1|Zamazenta-*, L50|\n|poke|p1|Calyrex-Shadow, L50|\n|poke|p1|Tornadus, L50, M|\n|poke|p1|Rillaboom, L50, F|\n|poke|p1|Smeargle, L50, F|\n|poke|p1|Raging Bolt, L50|\n|poke|p2|Koraidon, L50|\n|poke|p2|Calyrex-Shadow, L50|\n|poke|p2|Gothitelle, L50, M|\n|poke|p2|Scream Tail, L50|\n|poke|p2|Amoonguss, L50, F|\n|poke|p2|Incineroar, L50, F|\n|teampreview|4\n|inactive|Battle timer is ON: inactive players will automatically lose when time's up. (requested by blackred123)\n|\n|t:|1770700843\n|teamsize|p1|4\n|teamsize|p2|4\n|start\n|switch|p1a: \u556a\u53fd\u556a\uff08\u5657\u53fd\u58f0\uff09|Zamazenta-Crowned, L50|100/100\n|switch|p1b: \u7d2b\u5c3e\u723d\u98de|Tornadus, L50, M|100/100\n|switch|p2a: Calyrex|Calyrex-Shadow, L50|100/100\n|switch|p2b: Amoonguss|Amoonguss, L50, F|100/100\n|-ability|p2a: Calyrex|As One\n|-ability|p2a: Calyrex|Unnerve\n|-ability|p1a: \u556a\u53fd\u556a\uff08\u5657\u53fd\u58f0\uff09|Dauntless Shield|boost\n|-boost|p1a: \u556a\u53fd\u556a\uff08\u5657\u53fd\u58f0\uff09|def|1\n|turn|1\n|\n|t:|1770700861\n|move|p1b: \u7d2b\u5c3e\u723d\u98de|Taunt|p2b: Amoonguss\n|-start|p2b: Amoonguss|move: Taunt\n|-enditem|p2b: Amoonguss|Mental Herb\n|-end|p2b: Amoonguss|move: Taunt\n|move|p2a: Calyrex|Psychic|p1b: \u7d2b\u5c3e\u723d\u98de\n|-damage|p1b: \u7d2b\u5c3e\u723d\u98de|46/100\n|move|p1a: \u556a\u53fd\u556a\uff08\u5657\u53fd\u58f0\uff09|Body Press|p2b: Amoonguss\n|-resisted|p2b: Amoonguss\n|-damage|p2b: Amoonguss|66/100\n|move|p2b: Amoonguss|Spore|p1a: \u556a\u53fd\u556a\uff08\u5657\u53fd\u58f0\uff09\n|-status|p1a: \u556a\u53fd\u556a\uff08\u5657\u53fd\u58f0\uff09|slp|[from] move: Spore\n|\n|upkeep\n|turn|2\n|\n|t:|1770700879\n|move|p2b: Amoonguss|Protect|p2b: Amoonguss\n|-singleturn|p2b: Amoonguss|Protect\n|cant|p1a: \u556a\u53fd\u556a\uff08\u5657\u53fd\u58f0\uff09|slp\n|move|p1b: \u7d2b\u5c3e\u723d\u98de|Tailwind|p1b: \u7d2b\u5c3e\u723d\u98de\n|-sidestart|p1: blackred123|move: Tailwind\n|move|p2a: Calyrex|Astral Barrage|p1b: \u7d2b\u5c3e\u723d\u98de|[spread] p1a,p1b\n|-damage|p1a: \u556a\u53fd\u556a\uff08\u5657\u53fd\u58f0\uff09|60/100 slp\n|-damage|p1b: \u7d2b\u5c3e\u723d\u98de|0 fnt\n|faint|p1b: \u7d2b\u5c3e\u723d\u98de\n|-ability|p2a: Calyrex|Grim Neigh|boost\n|-boost|p2a: Calyrex|spa|1\n|\n|upkeep\n|\n|t:|1770700887\n|switch|p1b: \u9a6c\u6b7b\u4e86|Calyrex-Shadow, L50|100/100\n|-ability|p1b: \u9a6c\u6b7b\u4e86|As One\n|-ability|p1b: \u9a6c\u6b7b\u4e86|Unnerve\n|turn|3\n|\n|t:|1770700899\n|switch|p2b: Incineroar|Incineroar, L50, F|100/100\n|-ability|p2b: Incineroar|Intimidate|boost\n|-unboost|p1a: \u556a\u53fd\u556a\uff08\u5657\u53fd\u58f0\uff09|atk|1\n|-unboost|p1b: \u9a6c\u6b7b\u4e86|atk|1\n|-terastallize|p2a: Calyrex|Normal\n|move|p1b: \u9a6c\u6b7b\u4e86|Protect|p1b: \u9a6c\u6b7b\u4e86\n|-singleturn|p1b: \u9a6c\u6b7b\u4e86|Protect\n|cant|p1a: \u556a\u53fd\u556a\uff08\u5657\u53fd\u58f0\uff09|slp\n|move|p2a: Calyrex|Astral Barrage|p1b: \u9a6c\u6b7b\u4e86|[spread] p1a\n|-activate|p1b: \u9a6c\u6b7b\u4e86|move: Protect\n|-damage|p1a: \u556a\u53fd\u556a\uff08\u5657\u53fd\u58f0\uff09|3/100 slp\n|\n|upkeep\n|turn|4\n|inactive|blackred123 has 30 seconds left.\n|\n|t:|1770700933\n|-terastallize|p1b: \u9a6c\u6b7b\u4e86|Dark\n|-curestatus|p1a: \u556a\u53fd\u556a\uff08\u5657\u53fd\u58f0\uff09|slp|[msg]\n|move|p1a: \u556a\u53fd\u556a\uff08\u5657\u53fd\u58f0\uff09|Protect|p1a: \u556a\u53fd\u556a\uff08\u5657\u53fd\u58f0\uff09\n|-singleturn|p1a: \u556a\u53fd\u556a\uff08\u5657\u53fd\u58f0\uff09|Protect\n|move|p2b: Incineroar|Fake Out|p1a: \u556a\u53fd\u556a\uff08\u5657\u53fd\u58f0\uff09\n|-activate|p1a: \u556a\u53fd\u556a\uff08\u5657\u53fd\u58f0\uff09|move: Protect\n|move|p1b: \u9a6c\u6b7b\u4e86|Nasty Plot|p1b: \u9a6c\u6b7b\u4e86\n|-boost|p1b: \u9a6c\u6b7b\u4e86|spa|2\n|move|p2a: Calyrex|Astral Barrage|p1b: \u9a6c\u6b7b\u4e86|[spread] p1b\n|-activate|p1a: \u556a\u53fd\u556a\uff08\u5657\u53fd\u58f0\uff09|move: Protect\n|-resisted|p1b: \u9a6c\u6b7b\u4e86\n|-damage|p1b: \u9a6c\u6b7b\u4e86|66/100\n|\n|upkeep\n|turn|5\n|inactive|GojiraFanBoy has 30 seconds left.\n|\n|t:|1770700965\n|move|p2b: Incineroar|Protect|p2b: Incineroar\n|-singleturn|p2b: Incineroar|Protect\n|move|p1b: \u9a6c\u6b7b\u4e86|Psychic|p2a: Calyrex\n|-enditem|p2a: Calyrex|Focus Sash\n|-damage|p2a: Calyrex|1/100\n|-damage|p1b: \u9a6c\u6b7b\u4e86|57/100|[from] item: Life Orb\n|move|p1a: \u556a\u53fd\u556a\uff08\u5657\u53fd\u58f0\uff09|Body Press|p2b: Incineroar\n|-activate|p2b: Incineroar|move: Protect\n|move|p2a: Calyrex|Psychic|p1a: \u556a\u53fd\u556a\uff08\u5657\u53fd\u58f0\uff09\n|-damage|p1a: \u556a\u53fd\u556a\uff08\u5657\u53fd\u58f0\uff09|0 fnt\n|faint|p1a: \u556a\u53fd\u556a\uff08\u5657\u53fd\u58f0\uff09\n|-ability|p2a: Calyrex|Grim Neigh|boost\n|-boost|p2a: Calyrex|spa|1\n|\n|-sideend|p1: blackred123|move: Tailwind\n|upkeep\n|\n|t:|1770700970\n|switch|p1a: \u7acb\u4e86|Raging Bolt, L50|100/100\n|-enditem|p1a: \u7acb\u4e86|Booster Energy\n|-activate|p1a: \u7acb\u4e86|ability: Protosynthesis|[fromitem]\n|-start|p1a: \u7acb\u4e86|protosynthesisspa\n|turn|6\n|\n|t:|1770700991\n|move|p2a: Calyrex|Protect|p2a: Calyrex\n|-singleturn|p2a: Calyrex|Protect\n|move|p1a: \u7acb\u4e86|Thunderclap||[still]\n|-fail|p1a: \u7acb\u4e86\n|move|p1b: \u9a6c\u6b7b\u4e86|Nasty Plot|p1b: \u9a6c\u6b7b\u4e86\n|-boost|p1b: \u9a6c\u6b7b\u4e86|spa|2\n|move|p2b: Incineroar|Flare Blitz|p1b: \u9a6c\u6b7b\u4e86\n|-damage|p1b: \u9a6c\u6b7b\u4e86|9/100\n|-damage|p2b: Incineroar|85/100|[from] Recoil\n|\n|upkeep\n|turn|7\n|\n|t:|1770701009\n|move|p1b: \u9a6c\u6b7b\u4e86|Protect|p1b: \u9a6c\u6b7b\u4e86\n|-singleturn|p1b: \u9a6c\u6b7b\u4e86|Protect\n|move|p2b: Incineroar|Protect|p2b: Incineroar\n|-singleturn|p2b: Incineroar|Protect\n|move|p2a: Calyrex|Disable|p1a: \u7acb\u4e86\n|-start|p1a: \u7acb\u4e86|Disable|Thunderclap\n|move|p1a: \u7acb\u4e86|Thunderbolt|p2b: Incineroar\n|-activate|p2b: Incineroar|move: Protect\n|\n|upkeep\n|turn|8\n|\n|t:|1770701029\n|move|p2a: Calyrex|Astral Barrage|p1b: \u9a6c\u6b7b\u4e86|[spread] p1a,p1b\n|-resisted|p1b: \u9a6c\u6b7b\u4e86\n|-damage|p1a: \u7acb\u4e86|0 fnt\n|-damage|p1b: \u9a6c\u6b7b\u4e86|0 fnt\n|faint|p1a: \u7acb\u4e86\n|-end|p1a: \u7acb\u4e86|Protosynthesis|[silent]\n|faint|p1b: \u9a6c\u6b7b\u4e86\n|\n|win|GojiraFanBoy\n|raw|blackred123's rating: 1303 &rarr; <strong>1287</strong><br />(-16 for losing)\n|raw|GojiraFanBoy's rating: 1378 &rarr; <strong>1394</strong><br />(+16 for winning)\n|l|\u2606blackred123\n|player|p1|\n|l|\u2606GojiraFanBoy\n|player|p2|\n","uploadtime":1770701257,"views":11,"formatid":"gen9vgc2026regi","rating":1287,"private":0,"password":null}