{"id":"gen9vgc2026regi-2565958127","format":"[Gen 9] VGC 2026 Reg I","players":["terafireflareblitz","VJ2511"],"log":"|j|\u2606terafireflareblitz\n|j|\u2606VJ2511\n|t:|1774322399\n|gametype|doubles\n|player|p1|terafireflareblitz|sycamore|1638\n|player|p2|VJ2511|1|1547\n|gen|9\n|tier|[Gen 9] VGC 2026 Reg I\n|rated|\n|rule|Species Clause: Limit one of each Pok\u00e9mon\n|rule|Item Clause: Limit 1 of each item\n|clearpoke\n|poke|p1|Koraidon, L50|\n|poke|p1|Lunala, L50|\n|poke|p1|Indeedee-F, L50, F|\n|poke|p1|Flutter Mane, L50|\n|poke|p1|Volcarona, L50, M|\n|poke|p1|Ursaluna, L50, F|\n|poke|p2|Calyrex-Shadow, L50|\n|poke|p2|Zamazenta-*, L50|\n|poke|p2|Chien-Pao, L50|\n|poke|p2|Dragonite, L50, M|\n|poke|p2|Raging Bolt, L50|\n|poke|p2|Amoonguss, L50, F|\n|teampreview|4\n|inactive|Battle timer is ON: inactive players will automatically lose when time's up. (requested by terafireflareblitz)\n|\n|t:|1774322424\n|teamsize|p1|4\n|teamsize|p2|4\n|start\n|switch|p1a: Lunala|Lunala, L50, shiny|100/100\n|switch|p1b: Indeedee|Indeedee-F, L50, F|100/100\n|switch|p2a: Zamazenta|Zamazenta-Crowned, L50|100/100\n|switch|p2b: Raging Bolt|Raging Bolt, L50|100/100\n|-ability|p2a: Zamazenta|Dauntless Shield|boost\n|-boost|p2a: Zamazenta|def|1\n|-fieldstart|move: Psychic Terrain|[from] ability: Psychic Surge|[of] p1b: Indeedee\n|-enditem|p2b: Raging Bolt|Booster Energy\n|-activate|p2b: Raging Bolt|ability: Protosynthesis|[fromitem]\n|-start|p2b: Raging Bolt|protosynthesisspa\n|turn|1\n|\n|t:|1774322432\n|switch|p1b: Volcarona|Volcarona, L50, M|100/100\n|move|p2a: Zamazenta|Heavy Slam|p1a: Lunala\n|-damage|p1a: Lunala|80/100\n|move|p1a: Lunala|Expanding Force|p2b: Raging Bolt|[spread] p2a,p2b\n|-crit|p2a: Zamazenta\n|-damage|p2a: Zamazenta|35/100\n|-damage|p2b: Raging Bolt|45/100\n|move|p2b: Raging Bolt|Thunderbolt|p1a: Lunala\n|-damage|p1a: Lunala|30/100\n|\n|upkeep\n|turn|2\n|\n|t:|1774322444\n|-terastallize|p2a: Zamazenta|Dragon\n|-terastallize|p1a: Lunala|Water\n|move|p2a: Zamazenta|Heavy Slam|p1a: Lunala\n|-resisted|p1a: Lunala\n|-damage|p1a: Lunala|11/100\n|move|p1a: Lunala|Meteor Beam||[still]\n|-prepare|p1a: Lunala|Meteor Beam\n|-boost|p1a: Lunala|spa|1\n|-enditem|p1a: Lunala|Power Herb\n|-anim|p1a: Lunala|Meteor Beam|p2b: Raging Bolt\n|-damage|p2b: Raging Bolt|0 fnt\n|faint|p2b: Raging Bolt\n|-end|p2b: Raging Bolt|Protosynthesis|[silent]\n|move|p1b: Volcarona|Tailwind|p1b: Volcarona\n|-sidestart|p1: terafireflareblitz|move: Tailwind\n|\n|upkeep\n|\n|t:|1774322451\n|switch|p2b: Calyrex|Calyrex-Shadow, L50|100/100\n|-ability|p2b: Calyrex|As One\n|-ability|p2b: Calyrex|Unnerve\n|turn|3\n|\n|t:|1774322461\n|move|p2a: Zamazenta|Wide Guard|p2a: Zamazenta\n|-singleturn|p2a: Zamazenta|Wide Guard\n|move|p1b: Volcarona|Rage Powder|p1b: Volcarona\n|-singleturn|p1b: Volcarona|move: Rage Powder\n|move|p1a: Lunala|Moongeist Beam|p2b: Calyrex\n|-supereffective|p2b: Calyrex\n|-enditem|p2b: Calyrex|Focus Sash\n|-damage|p2b: Calyrex|1/100\n|move|p2b: Calyrex|Astral Barrage|p1a: Lunala|[spread] p1a,p1b\n|-damage|p1a: Lunala|0 fnt\n|-damage|p1b: Volcarona|52/100\n|faint|p1a: Lunala\n|-ability|p2b: Calyrex|Grim Neigh|boost\n|-boost|p2b: Calyrex|spa|1\n|\n|upkeep\n|\n|t:|1774322467\n|switch|p1a: Indeedee|Indeedee-F, L50, F|100/100\n|turn|4\n|\n|t:|1774322476\n|switch|p2b: Dragonite|Dragonite, L50, M, shiny|100/100\n|move|p1b: Volcarona|Struggle Bug|p2a: Zamazenta|[spread] p2a,p2b\n|-resisted|p2b: Dragonite\n|-damage|p2a: Zamazenta|24/100\n|-damage|p2b: Dragonite|93/100\n|-unboost|p2a: Zamazenta|spa|1\n|-unboost|p2b: Dragonite|spa|1\n|move|p1a: Indeedee|Alluring Voice|p2a: Zamazenta\n|-supereffective|p2a: Zamazenta\n|-damage|p2a: Zamazenta|0 fnt\n|faint|p2a: Zamazenta\n|\n|upkeep\n|\n|t:|1774322484\n|switch|p2a: Calyrex|Calyrex-Shadow, L50|1/100\n|-ability|p2a: Calyrex|As One\n|-ability|p2a: Calyrex|Unnerve\n|turn|5\n|\n|t:|1774322489\n|move|p2a: Calyrex|Protect|p2a: Calyrex\n|-singleturn|p2a: Calyrex|Protect\n|move|p1b: Volcarona|Will-O-Wisp|p2b: Dragonite\n|-status|p2b: Dragonite|brn\n|move|p2b: Dragonite|Outrage|p1a: Indeedee\n|-damage|p1a: Indeedee|48/100\n|move|p1a: Indeedee|Trick Room|p1a: Indeedee\n|-fieldstart|move: Trick Room|[of] p1a: Indeedee\n|\n|-damage|p2b: Dragonite|87/100 brn|[from] brn\n|-sideend|p1: terafireflareblitz|move: Tailwind\n|-fieldend|move: Psychic Terrain\n|upkeep\n|turn|6\n|\n|t:|1774322499\n|move|p2b: Dragonite|Outrage|p1b: Volcarona|[from] lockedmove\n|-damage|p1b: Volcarona|1/100\n|-damage|p2b: Dragonite|70/100 brn|[from] item: Rocky Helmet|[of] p1b: Volcarona\n|move|p1a: Indeedee|Alluring Voice|p2a: Calyrex\n|-damage|p2a: Calyrex|0 fnt\n|faint|p2a: Calyrex\n|move|p1b: Volcarona|Struggle Bug|p2b: Dragonite\n|-resisted|p2b: Dragonite\n|-damage|p2b: Dragonite|60/100 brn\n|-unboost|p2b: Dragonite|spa|1\n|\n|-damage|p2b: Dragonite|54/100 brn|[from] brn\n|upkeep\n|turn|7\n|\n|t:|1774322504\n|move|p1b: Volcarona|Rage Powder|p1b: Volcarona\n|-singleturn|p1b: Volcarona|move: Rage Powder\n|move|p2b: Dragonite|Outrage|p1b: Volcarona|[from] lockedmove\n|-damage|p1b: Volcarona|0 fnt\n|-damage|p2b: Dragonite|37/100 brn|[from] item: Rocky Helmet|[of] p1b: Volcarona\n|faint|p1b: Volcarona\n|-start|p2b: Dragonite|confusion|[fatigue]\n|move|p1a: Indeedee|Alluring Voice|p2b: Dragonite\n|-supereffective|p2b: Dragonite\n|-damage|p2b: Dragonite|5/100 brn\n|\n|-damage|p2b: Dragonite|0 fnt|[from] brn\n|faint|p2b: Dragonite\n|\n|win|terafireflareblitz\n|raw|terafireflareblitz's rating: 1638 &rarr; <strong>1653</strong><br />(+15 for winning)\n|raw|VJ2511's rating: 1547 &rarr; <strong>1532</strong><br />(-15 for losing)\n|l|\u2606terafireflareblitz\n|player|p1|\n|l|\u2606VJ2511\n|player|p2|\n","uploadtime":1774322504,"views":16,"formatid":"gen9vgc2026regi","rating":1532,"private":0,"password":null}