{"id":"gen9vgc2026regi-2516641549","format":"[Gen 9] VGC 2026 Reg I","players":["Agent 4 Lukachu","Cello L."],"log":"|j|\u2606Agent 4 Lukachu\n|j|\u2606Cello L.\n|t:|1768164776\n|gametype|doubles\n|player|p1|Agent 4 Lukachu|wally|\n|player|p2|Cello L.|cynthia-gen4|\n|gen|9\n|tier|[Gen 9] VGC 2026 Reg I\n|rated|Tournament battle\n|rule|Species Clause: Limit one of each Pok\u00e9mon\n|rule|Item Clause: Limit 1 of each item\n|raw|<div class=\"infobox\"><details class=\"readmore\" open><summary><strong>3 custom rules:</strong></summary> Open Team Sheets, Force Open Team Sheets, !Open Team Sheets</details></div>\n|clearpoke\n|poke|p1|Miraidon, L50|\n|poke|p1|Groudon, L50|\n|poke|p1|Ogerpon-Hearthflame, L50, F|\n|poke|p1|Whimsicott, L50, M|\n|poke|p1|Farigiraf, L50, M|\n|poke|p1|Iron Hands, L50|\n|poke|p2|Calyrex-Shadow, L50|\n|poke|p2|Zamazenta-*, L50|\n|poke|p2|Chien-Pao, L50|\n|poke|p2|Dragonite, L50, M|\n|poke|p2|Raging Bolt, L50|\n|poke|p2|Amoonguss, L50, F|\n|teampreview|4\n|showteam|p1|Miraidon||ChoiceSpecs|HadronEngine|ElectroDrift,DracoMeteor,VoltSwitch,Discharge||||||50|,,,,,Electric]Groudon||ClearAmulet|Drought|PrecipiceBlades,HeatCrash,HelpingHand,Protect||||||50|,,,,,Fire]Ogerpon-Hearthflame||HearthflameMask|MoldBreaker|IvyCudgel,WoodHammer,FollowMe,SpikyShield|||F|||50|,,,,,Fire]Whimsicott||CovertCloak|Prankster|Moonblast,Tailwind,LightScreen,Encore|||M|||50|,,,,,Dark]Farigiraf||ElectricSeed|ArmorTail|PsychicNoise,FoulPlay,TrickRoom,HelpingHand|||M|||50|,,,,,Ground]Iron Hands||AssaultVest|QuarkDrive|FakeOut,DrainPunch,LowKick,WildCharge||||||50|,,,,,Bug\n|showteam|p2|Calyrex-Shadow||FocusSash|AsOneSpectrier|AstralBarrage,Psychic,Encore,Protect||||||50|,,,,,Ghost]Zamazenta-Crowned||RustedShield|DauntlessShield|BodyPress,HeavySlam,WideGuard,Protect||||||50|,,,,,Dragon]Chien-Pao||AssaultVest|SwordofRuin|IceSpinner,SuckerPunch,Ruination,IcyWind||||||50|,,,,,Poison]Dragonite||ChoiceBand|InnerFocus|ExtremeSpeed,LowKick,Outrage,AquaJet|||M|||50|,,,,,Normal]Raging Bolt||BoosterEnergy|Protosynthesis|Thunderbolt,Thunderclap,DragonPulse,Protect||||||50|,,,,,Electric]Amoonguss||RockyHelmet|Regenerator|Spore,RagePowder,SludgeBomb,Protect|||F|||50|,,,,,Water\n|j| KingNoahC17\n|\n|t:|1768164796\n|teamsize|p1|4\n|teamsize|p2|4\n|start\n|switch|p1a: Tactical Nuke|Miraidon, L50, shiny|100/100\n|switch|p1b: Candyfloss|Whimsicott, L50, M, shiny|100/100\n|switch|p2a: Zamazenta|Zamazenta-Crowned, L50|100/100\n|switch|p2b: Chien-Pao|Chien-Pao, L50|100/100\n|-ability|p2b: Chien-Pao|Sword of Ruin\n|-fieldstart|move: Electric Terrain|[from] ability: Hadron Engine|[of] p1a: Tactical Nuke\n|-ability|p2a: Zamazenta|Dauntless Shield|boost\n|-boost|p2a: Zamazenta|def|1\n|turn|1\n|j| JJ 25738\n|j| Hellothisisatest\n|\n|t:|1768164829\n|-terastallize|p1a: Tactical Nuke|Electric\n|-terastallize|p2a: Zamazenta|Dragon\n|move|p1b: Candyfloss|Tailwind|p1b: Candyfloss\n|-sidestart|p1: Agent 4 Lukachu|move: Tailwind\n|move|p1a: Tactical Nuke|Volt Switch|p2a: Zamazenta\n|-resisted|p2a: Zamazenta\n|-damage|p2a: Zamazenta|58/100\n|\n|t:|1768164838\n|switch|p1a: 7.8/10ToomuchWater|Groudon, L50|100/100|[from] Volt Switch\n|-weather|SunnyDay|[from] ability: Drought|[of] p1a: 7.8/10ToomuchWater\n|move|p2b: Chien-Pao|Ice Spinner|p1b: Candyfloss\n|-supereffective|p1b: Candyfloss\n|-damage|p1b: Candyfloss|0 fnt\n|-fieldend|move: Electric Terrain\n|faint|p1b: Candyfloss\n|move|p2a: Zamazenta|Body Press|p1a: 7.8/10ToomuchWater\n|-damage|p1a: 7.8/10ToomuchWater|37/100\n|\n|-weather|SunnyDay|[upkeep]\n|upkeep\n|\n|t:|1768164856\n|switch|p1b: Tactical Nuke|Miraidon, L50, shiny, tera:Electric|100/100\n|-fieldstart|move: Electric Terrain|[from] ability: Hadron Engine|[of] p1b: Tactical Nuke\n|turn|2\n|l| KingNoahC17\n|\n|t:|1768164902\n|move|p2a: Zamazenta|Protect|p2a: Zamazenta\n|-singleturn|p2a: Zamazenta|Protect\n|move|p2b: Chien-Pao|Sucker Punch|p1b: Tactical Nuke\n|-damage|p1b: Tactical Nuke|65/100\n|move|p1b: Tactical Nuke|Discharge|p2a: Zamazenta|[spread] p2b\n|-activate|p2a: Zamazenta|move: Protect\n|-immune|p1a: 7.8/10ToomuchWater\n|-damage|p2b: Chien-Pao|0 fnt\n|faint|p2b: Chien-Pao\n|move|p1a: 7.8/10ToomuchWater|Precipice Blades|p2a: Zamazenta\n|-activate|p2a: Zamazenta|move: Protect\n|\n|-weather|SunnyDay|[upkeep]\n|upkeep\n|c|\u2606Agent 4 Lukachu|av chien pao vs discharge miraidon\n|\n|t:|1768164921\n|switch|p2b: Dragonite|Dragonite, L50, M|100/100\n|turn|3\n|\n|t:|1768164940\n|move|p2a: Zamazenta|Wide Guard|p2a: Zamazenta\n|-singleturn|p2a: Zamazenta|Wide Guard\n|move|p2b: Dragonite|Extreme Speed|p1a: 7.8/10ToomuchWater\n|-crit|p1a: 7.8/10ToomuchWater\n|-damage|p1a: 7.8/10ToomuchWater|0 fnt\n|faint|p1a: 7.8/10ToomuchWater\n|move|p1b: Tactical Nuke|Discharge|p2a: Zamazenta|[spread] \n|-activate|p2a: Zamazenta|move: Wide Guard\n|-activate|p2b: Dragonite|move: Wide Guard\n|\n|-weather|SunnyDay|[upkeep]\n|upkeep\n|\n|t:|1768164944\n|switch|p1a: Melvin|Farigiraf, L50, M, shiny|100/100\n|-enditem|p1a: Melvin|Electric Seed\n|-boost|p1a: Melvin|def|1|[from] item: Electric Seed\n|turn|4\n|c|\u2606Agent 4 Lukachu|gg\n|c|\u2606Cello L.|gg\n|j| KingNoahC17\n|j|@Therazer456\n|c|\u2606Agent 4 Lukachu|still surprised how far I got\n|l|@Therazer456\n|\n|t:|1768164996\n|move|p2a: Zamazenta|Wide Guard|p2a: Zamazenta\n|-singleturn|p2a: Zamazenta|Wide Guard\n|move|p2b: Dragonite|Extreme Speed||[still]\n|cant|p1a: Melvin|ability: Armor Tail|Extreme Speed|[of] p2b: Dragonite\n|move|p1b: Tactical Nuke|Discharge|p2a: Zamazenta|[spread] p1a\n|-activate|p2a: Zamazenta|move: Wide Guard\n|-activate|p2b: Dragonite|move: Wide Guard\n|-damage|p1a: Melvin|0 fnt\n|faint|p1a: Melvin\n|\n|-weather|SunnyDay|[upkeep]\n|-sideend|p1: Agent 4 Lukachu|move: Tailwind\n|upkeep\n|turn|5\n|c|\u2606Agent 4 Lukachu|beat 3 people with discharge miraidon\n|l| KingNoahC17\n|c|\u2606Agent 4 Lukachu|gz\n|\n|t:|1768165020\n|move|p2b: Dragonite|Extreme Speed|p1b: Tactical Nuke\n|-damage|p1b: Tactical Nuke|20/100\n|move|p1b: Tactical Nuke|Discharge|p2b: Dragonite|[spread] p2a,p2b\n|-resisted|p2a: Zamazenta\n|-damage|p2a: Zamazenta|20/100\n|-damage|p2b: Dragonite|0 fnt\n|-status|p2a: Zamazenta|par\n|faint|p2b: Dragonite\n|move|p2a: Zamazenta|Body Press|p1b: Tactical Nuke\n|-damage|p1b: Tactical Nuke|0 fnt\n|faint|p1b: Tactical Nuke\n|\n|win|Cello L.\n|n|\u2606Agent 4 Lukachu|agent4lukachu\n|n|\u2606Cello L.|cellol\n|n| JJ 25738|jj25738\n|n| Hellothisisatest|hellothisisatest\n","uploadtime":1768165020,"views":12,"formatid":"gen9vgc2026regi","rating":null,"private":0,"password":null}