{"id":"gen9vgc2026regi-2576802543","format":"[Gen 9] VGC 2026 Reg I","players":["mroreo328","SalmonintheGanges"],"log":"|j|\u2606mroreo328\n|j|\u2606SalmonintheGanges\n|t:|1775506911\n|gametype|doubles\n|player|p1|mroreo328|youngster-gen4dp|1354\n|player|p2|SalmonintheGanges|fisherman|1317\n|gen|9\n|tier|[Gen 9] VGC 2026 Reg I\n|rated|\n|rule|Species Clause: Limit one of each Pok\u00e9mon\n|rule|Item Clause: Limit 1 of each item\n|clearpoke\n|poke|p1|Miraidon, L50|\n|poke|p1|Indeedee-F, L50, F|\n|poke|p1|Brute Bonnet, L50|\n|poke|p1|Calyrex-Ice, L50|\n|poke|p1|Enamorus-Therian, L50, F|\n|poke|p1|Urshifu-*, L50, F|\n|poke|p2|Muk-Alola, L50, M|\n|poke|p2|Calyrex-Shadow, L50|\n|poke|p2|Ho-Oh, L50|\n|poke|p2|Smeargle, L50, F|\n|poke|p2|Flamigo, L50, M|\n|poke|p2|Zoroark-Hisui, L50, F|\n|teampreview|4\n|inactive|Battle timer is ON: inactive players will automatically lose when time's up. (requested by SalmonintheGanges)\n|inactive|mroreo328 also wants the timer to be on.\n|\n|t:|1775506932\n|teamsize|p1|4\n|teamsize|p2|4\n|start\n|switch|p1a: Miraidon|Miraidon, L50, shiny|100/100\n|switch|p1b: Urshifu|Urshifu, L50, F|100/100\n|switch|p2a: Smeargle|Smeargle, L50, F|100/100\n|switch|p2b: Muk|Muk-Alola, L50, M|100/100\n|-fieldstart|move: Electric Terrain|[from] ability: Hadron Engine|[of] p1a: Miraidon\n|turn|1\n|inactive|mroreo328 has 30 seconds left.\n|\n|t:|1775506961\n|switch|p1b: Indeedee|Indeedee-F, L50, F|100/100\n|-fieldstart|move: Psychic Terrain|[from] ability: Psychic Surge|[of] p1b: Indeedee\n|move|p2a: Smeargle|Follow Me|p2a: Smeargle\n|-singleturn|p2a: Smeargle|move: Follow Me\n|move|p1a: Miraidon|Electro Drift|p2a: Smeargle\n|-enditem|p2a: Smeargle|Focus Sash\n|-damage|p2a: Smeargle|1/100\n|move|p2b: Muk|Minimize|p2b: Muk\n|-boost|p2b: Muk|evasion|2\n|\n|-ability|p2a: Smeargle|Moody|boost\n|-boost|p2a: Smeargle|def|2\n|-unboost|p2a: Smeargle|spd|1\n|upkeep\n|turn|2\n|inactive|mroreo328 has 30 seconds left.\n|inactive|mroreo328 has 20 seconds left.\n|\n|t:|1775506997\n|move|p1a: Miraidon|Electro Drift|p2a: Smeargle\n|-damage|p2a: Smeargle|0 fnt\n|faint|p2a: Smeargle\n|-ability|p2b: Muk|Moody|Power of Alchemy|[from] ability: Power of Alchemy|[of] p2a: Smeargle\n|move|p2b: Muk|Minimize|p2b: Muk\n|-boost|p2b: Muk|evasion|2\n|move|p1b: Indeedee|Trick Room|p1b: Indeedee\n|-fieldstart|move: Trick Room|[of] p1b: Indeedee\n|\n|-ability|p2b: Muk|Moody|boost\n|-boost|p2b: Muk|spa|2\n|-unboost|p2b: Muk|atk|1\n|upkeep\n|\n|t:|1775507004\n|switch|p2a: Ho-Oh|Ho-Oh, L50|100/100\n|-ability|p2a: Ho-Oh|Pressure\n|turn|3\n|\n|t:|1775507017\n|-terastallize|p2a: Ho-Oh|Grass\n|-terastallize|p1a: Miraidon|Electric\n|move|p1b: Indeedee|Helping Hand|p1a: Miraidon\n|-singleturn|p1a: Miraidon|Helping Hand|[of] p1b: Indeedee\n|move|p2b: Muk|Minimize|p2b: Muk\n|-boost|p2b: Muk|evasion|2\n|move|p2a: Ho-Oh|Psych Up|p2b: Muk\n|-copyboost|p2a: Ho-Oh|p2b: Muk|[from] move: Psych Up\n|move|p1a: Miraidon|Electro Drift|p2a: Ho-Oh|[miss]\n|-miss|p1a: Miraidon|p2a: Ho-Oh\n|\n|-ability|p2b: Muk|Moody|boost\n|-boost|p2b: Muk|spd|2\n|-unboost|p2b: Muk|spe|1\n|upkeep\n|turn|4\n|inactive|mroreo328 has 30 seconds left.\n|\n|t:|1775507043\n|move|p1b: Indeedee|Helping Hand|p1a: Miraidon\n|-singleturn|p1a: Miraidon|Helping Hand|[of] p1b: Indeedee\n|move|p2b: Muk|Substitute|p2b: Muk\n|-start|p2b: Muk|Substitute\n|-damage|p2b: Muk|76/100\n|move|p2a: Ho-Oh|Earth Power|p1a: Miraidon\n|-supereffective|p1a: Miraidon\n|-damage|p1a: Miraidon|26/100\n|move|p1a: Miraidon|Electro Drift|p2b: Muk|[miss]\n|-miss|p1a: Miraidon|p2b: Muk\n|\n|-heal|p2b: Muk|82/100|[from] item: Leftovers\n|-ability|p2b: Muk|Moody|boost\n|-boost|p2b: Muk|spd|2\n|-unboost|p2b: Muk|atk|1\n|upkeep\n|turn|5\n|\n|t:|1775507056\n|move|p2b: Muk|Poison Fang|p1a: Miraidon\n|-crit|p1a: Miraidon\n|-damage|p1a: Miraidon|0 fnt\n|faint|p1a: Miraidon\n|move|p1b: Indeedee|Heal Pulse|p1: Miraidon|[notarget]\n|-fail|p1b: Indeedee\n|move|p2a: Ho-Oh|Earth Power|p1b: Indeedee\n|-damage|p1b: Indeedee|59/100\n|-unboost|p1b: Indeedee|spd|1\n|\n|-heal|p2b: Muk|88/100|[from] item: Leftovers\n|-fieldend|move: Psychic Terrain\n|-ability|p2b: Muk|Moody|boost\n|-boost|p2b: Muk|def|2\n|-unboost|p2b: Muk|atk|1\n|upkeep\n|\n|t:|1775507060\n|switch|p1a: Calyrex|Calyrex-Ice, L50|100/100\n|-ability|p1a: Calyrex|As One\n|-ability|p1a: Calyrex|Unnerve\n|turn|6\n|\n|t:|1775507065\n|move|p1b: Indeedee|Helping Hand|p1a: Calyrex\n|-singleturn|p1a: Calyrex|Helping Hand|[of] p1b: Indeedee\n|move|p2b: Muk|Poison Fang|p1a: Calyrex\n|-damage|p1a: Calyrex|97/100\n|-status|p1a: Calyrex|tox\n|move|p1a: Calyrex|Glacial Lance|p2a: Ho-Oh|[spread] p2b\n|-miss|p1a: Calyrex|p2a: Ho-Oh\n|-end|p2b: Muk|Substitute\n|move|p2a: Ho-Oh|Sacred Fire|p1a: Calyrex\n|-supereffective|p1a: Calyrex\n|-damage|p1a: Calyrex|71/100 tox\n|\n|-heal|p2b: Muk|94/100|[from] item: Leftovers\n|-damage|p1a: Calyrex|65/100 tox|[from] psn\n|-fieldend|move: Trick Room\n|-ability|p2b: Muk|Moody|boost\n|-boost|p2b: Muk|spd|2\n|-unboost|p2b: Muk|def|1\n|upkeep\n|turn|7\n|\n|t:|1775507087\n|move|p1b: Indeedee|Follow Me|p1b: Indeedee\n|-singleturn|p1b: Indeedee|move: Follow Me\n|move|p2a: Ho-Oh|Psych Up|p1b: Indeedee\n|-copyboost|p2a: Ho-Oh|p1b: Indeedee|[from] move: Psych Up\n|move|p1a: Calyrex|Glacial Lance|p2a: Ho-Oh|[spread] p2a\n|-miss|p1a: Calyrex|p2b: Muk\n|-supereffective|p2a: Ho-Oh\n|-damage|p2a: Ho-Oh|35/100\n|move|p2b: Muk|Poison Fang|p1b: Indeedee\n|-damage|p1b: Indeedee|52/100\n|\n|-heal|p2b: Muk|100/100|[from] item: Leftovers\n|-damage|p1a: Calyrex|54/100 tox|[from] psn\n|-ability|p2b: Muk|Moody|boost\n|-boost|p2b: Muk|def|2\n|-unboost|p2b: Muk|spa|1\n|upkeep\n|turn|8\n|\n|t:|1775507097\n|move|p1b: Indeedee|Follow Me|p1b: Indeedee\n|-singleturn|p1b: Indeedee|move: Follow Me\n|move|p2a: Ho-Oh|Psych Up|p1b: Indeedee\n|-copyboost|p2a: Ho-Oh|p1b: Indeedee|[from] move: Psych Up\n|move|p1a: Calyrex|Glacial Lance|p2a: Ho-Oh|[spread] p2a,p2b\n|-supereffective|p2a: Ho-Oh\n|-damage|p2a: Ho-Oh|0 fnt\n|-damage|p2b: Muk|81/100\n|faint|p2a: Ho-Oh\n|-ability|p1a: Calyrex|Chilling Neigh|boost\n|-boost|p1a: Calyrex|atk|1\n|move|p2b: Muk|Poison Fang|p1b: Indeedee\n|-damage|p1b: Indeedee|45/100\n|-status|p1b: Indeedee|tox\n|\n|-heal|p2b: Muk|88/100|[from] item: Leftovers\n|-damage|p1b: Indeedee|39/100 tox|[from] psn\n|-damage|p1a: Calyrex|36/100 tox|[from] psn\n|-ability|p2b: Muk|Moody|boost\n|-boost|p2b: Muk|def|2\n|-unboost|p2b: Muk|spa|1\n|upkeep\n|\n|t:|1775507100\n|switch|p2a: Calyrex|Calyrex-Shadow, L50|100/100\n|-ability|p2a: Calyrex|As One\n|-ability|p2a: Calyrex|Unnerve\n|turn|9\n|\n|t:|1775507110\n|switch|p1a: Urshifu|Urshifu, L50, F|100/100\n|move|p2b: Muk|Protect|p2b: Muk\n|-singleturn|p2b: Muk|Protect\n|move|p2a: Calyrex|Astral Barrage|p1a: Urshifu|[spread] p1a\n|-immune|p1b: Indeedee\n|-resisted|p1a: Urshifu\n|-damage|p1a: Urshifu|67/100\n|move|p1b: Indeedee|Trick Room|p1b: Indeedee\n|-fieldstart|move: Trick Room|[of] p1b: Indeedee\n|\n|-heal|p2b: Muk|94/100|[from] item: Leftovers\n|-damage|p1b: Indeedee|26/100 tox|[from] psn\n|-ability|p2b: Muk|Moody|boost\n|-boost|p2b: Muk|spa|2\n|-unboost|p2b: Muk|spd|1\n|upkeep\n|turn|10\n|\n|t:|1775507119\n|move|p1a: Urshifu|Sucker Punch||[still]\n|-fail|p1a: Urshifu\n|move|p2b: Muk|Substitute|p2b: Muk\n|-start|p2b: Muk|Substitute\n|-damage|p2b: Muk|69/100\n|move|p1b: Indeedee|Heal Pulse|p1a: Urshifu\n|-heal|p1a: Urshifu|100/100\n|move|p2a: Calyrex|Psych Up|p2b: Muk\n|-copyboost|p2a: Calyrex|p2b: Muk|[from] move: Psych Up\n|\n|-heal|p2b: Muk|75/100|[from] item: Leftovers\n|-damage|p1b: Indeedee|8/100 tox|[from] psn\n|-ability|p2b: Muk|Moody|boost\n|-boost|p2b: Muk|spd|1\n|-unboost|p2b: Muk|spe|1\n|upkeep\n|turn|11\n|\n|t:|1775507139\n|move|p1b: Indeedee|Helping Hand|p1a: Urshifu\n|-singleturn|p1a: Urshifu|Helping Hand|[of] p1b: Indeedee\n|move|p1a: Urshifu|Sucker Punch|p2a: Calyrex\n|-supereffective|p2a: Calyrex\n|-damage|p2a: Calyrex|38/100\n|-enditem|p2a: Calyrex|Sitrus Berry|[eat]\n|-heal|p2a: Calyrex|63/100|[from] item: Sitrus Berry\n|move|p2b: Muk|Poison Fang|p1a: Urshifu\n|-damage|p1a: Urshifu|93/100\n|-status|p1a: Urshifu|tox\n|move|p2a: Calyrex|Astral Barrage|p1b: Indeedee|[spread] p1a\n|-immune|p1b: Indeedee\n|-resisted|p1a: Urshifu\n|-damage|p1a: Urshifu|22/100 tox\n|\n|-heal|p2b: Muk|81/100|[from] item: Leftovers\n|-damage|p1b: Indeedee|0 fnt|[from] psn\n|faint|p1b: Indeedee\n|-damage|p1a: Urshifu|16/100 tox|[from] psn\n|-ability|p2b: Muk|Moody|boost\n|-boost|p2b: Muk|atk|2\n|-unboost|p2b: Muk|def|1\n|upkeep\n|\n|t:|1775507144\n|switch|p1b: Calyrex|Calyrex-Ice, L50|36/100 tox\n|-ability|p1b: Calyrex|As One\n|-ability|p1b: Calyrex|Unnerve\n|turn|12\n|\n|t:|1775507152\n|move|p1a: Urshifu|Sucker Punch||[still]\n|-fail|p1a: Urshifu\n|move|p2b: Muk|Poison Fang|p1a: Urshifu\n|-damage|p1a: Urshifu|2/100 tox\n|move|p1b: Calyrex|Glacial Lance|p2a: Calyrex|[spread] p2a,p2b\n|-activate|p2b: Muk|move: Substitute|[damage]\n|-damage|p2a: Calyrex|50/100\n|move|p2a: Calyrex|Substitute|p2a: Calyrex\n|-start|p2a: Calyrex|Substitute\n|-damage|p2a: Calyrex|25/100\n|\n|-heal|p2b: Muk|88/100|[from] item: Leftovers\n|-damage|p1b: Calyrex|30/100 tox|[from] psn\n|-damage|p1a: Urshifu|0 fnt|[from] psn\n|faint|p1a: Urshifu\n|-ability|p2b: Muk|Moody|boost\n|-boost|p2b: Muk|atk|2\n|-unboost|p2b: Muk|spa|1\n|upkeep\n|turn|13\n|\n|t:|1775507165\n|move|p2b: Muk|Poison Fang|p1b: Calyrex\n|-damage|p1b: Calyrex|18/100 tox\n|move|p1b: Calyrex|Glacial Lance|p2b: Muk|[spread] p2b\n|-miss|p1b: Calyrex|p2a: Calyrex\n|-end|p2b: Muk|Substitute\n|move|p2a: Calyrex|Stored Power|p1b: Calyrex\n|-resisted|p1b: Calyrex\n|-damage|p1b: Calyrex|0 fnt\n|faint|p1b: Calyrex\n|\n|win|SalmonintheGanges\n|raw|mroreo328's rating: 1354 &rarr; <strong>1332</strong><br />(-22 for losing)\n|raw|SalmonintheGanges's rating: 1317 &rarr; <strong>1339</strong><br />(+22 for winning)\n|l|\u2606mroreo328\n|player|p1|\n|l|\u2606SalmonintheGanges\n|player|p2|\n","uploadtime":1775507409,"views":13,"formatid":"gen9vgc2026regi","rating":1332,"private":0,"password":null}