{"id":"gen9vgc2026regi-2572672422","format":"[Gen 9] VGC 2026 Reg I","players":["hayniu","shecallmedada"],"log":"|j|\u2606hayniu\n|j|\u2606shecallmedada\n|t:|1775054310\n|gametype|doubles\n|player|p1|hayniu|170|1390\n|player|p2|shecallmedada|burglar-gen1rb|1507\n|gen|9\n|tier|[Gen 9] VGC 2026 Reg I\n|rated|\n|rule|Species Clause: Limit one of each Pok\u00e9mon\n|rule|Item Clause: Limit 1 of each item\n|clearpoke\n|poke|p1|Zamazenta-*, L50|\n|poke|p1|Calyrex-Shadow, L50|\n|poke|p1|Indeedee-F, L50, F|\n|poke|p1|Tornadus, L50, M|\n|poke|p1|Iron Bundle, L50|\n|poke|p1|Iron Hands, L50|\n|poke|p2|Terapagos, L50, M|\n|poke|p2|Ho-Oh, L50|\n|poke|p2|Raging Bolt, L50|\n|poke|p2|Urshifu-*, L50, M|\n|poke|p2|Incineroar, L50, F|\n|poke|p2|Sinistcha, L50|\n|teampreview|4\n|\n|t:|1775054341\n|teamsize|p1|4\n|teamsize|p2|4\n|start\n|switch|p1a: Calyrex|Calyrex-Shadow, L50|100/100\n|switch|p1b: Iron Bundle|Iron Bundle, L50|100/100\n|switch|p2a: Terapagos|Terapagos, L50, M|100/100\n|switch|p2b: Sinistcha|Sinistcha, L50|100/100\n|-activate|p2a: Terapagos|ability: Tera Shift\n|detailschange|p2a: Terapagos|Terapagos-Terastal, L50, M\n|-heal|p2a: Terapagos|100/100|[silent]\n|-ability|p1a: Calyrex|As One\n|-ability|p1a: Calyrex|Unnerve\n|-enditem|p1b: Iron Bundle|Booster Energy\n|-activate|p1b: Iron Bundle|ability: Quark Drive|[fromitem]\n|-start|p1b: Iron Bundle|quarkdrivespe\n|turn|1\n|\n|t:|1775054380\n|switch|p2b: Incineroar|Incineroar, L50, F|100/100\n|-ability|p2b: Incineroar|Intimidate|boost\n|-unboost|p1a: Calyrex|atk|1\n|-unboost|p1b: Iron Bundle|atk|1\n|move|p1b: Iron Bundle|Icy Wind|p2b: Incineroar|[spread] p2a,p2b\n|-activate|p2a: Terapagos|ability: Tera Shell\n|-resisted|p2a: Terapagos\n|-resisted|p2b: Incineroar\n|-crit|p2b: Incineroar\n|-damage|p2a: Terapagos|91/100\n|-damage|p2b: Incineroar|92/100\n|-unboost|p2b: Incineroar|spe|1\n|move|p1a: Calyrex|Nasty Plot|p1a: Calyrex\n|-boost|p1a: Calyrex|spa|2\n|move|p2a: Terapagos|Calm Mind|p2a: Terapagos\n|-boost|p2a: Terapagos|spa|1\n|-boost|p2a: Terapagos|spd|1\n|\n|upkeep\n|turn|2\n|\n|t:|1775054409\n|-terastallize|p1a: Calyrex|Fighting\n|-terastallize|p2a: Terapagos|Stellar\n|detailschange|p2a: Terapagos|Terapagos-Stellar, L50, M, tera:Stellar\n|-heal|p2a: Terapagos|94/100|[silent]\n|move|p2b: Incineroar|Fake Out|p1b: Iron Bundle\n|-damage|p1b: Iron Bundle|88/100\n|cant|p1b: Iron Bundle|flinch\n|move|p1a: Calyrex|Tera Blast|p2b: Incineroar|[anim] Tera Blast Fighting\n|-supereffective|p2b: Incineroar\n|-damage|p2b: Incineroar|0 fnt\n|faint|p2b: Incineroar\n|-ability|p1a: Calyrex|Grim Neigh|boost\n|-boost|p1a: Calyrex|spa|1\n|move|p2a: Terapagos|Tera Starstorm|p1b: Iron Bundle|[spread] p1a,p1b\n|-supereffective|p1a: Calyrex\n|-enditem|p1a: Calyrex|Focus Sash\n|-damage|p1a: Calyrex|1/100\n|-damage|p1b: Iron Bundle|0 fnt\n|faint|p1b: Iron Bundle\n|-end|p1b: Iron Bundle|Quark Drive|[silent]\n|\n|upkeep\n|\n|t:|1775054435\n|switch|p1b: Indeedee|Indeedee-F, L50, F|100/100\n|switch|p2b: Sinistcha|Sinistcha, L50|100/100\n|-fieldstart|move: Psychic Terrain|[from] ability: Psychic Surge|[of] p1b: Indeedee\n|-heal|p2a: Terapagos|100/100|[from] ability: Hospitality|[of] p2b: Sinistcha\n|turn|3\n|\n|t:|1775054445\n|move|p2b: Sinistcha|Rage Powder|p2b: Sinistcha\n|-singleturn|p2b: Sinistcha|move: Rage Powder\n|move|p1a: Calyrex|Astral Barrage|p2a: Terapagos|[spread] p2b\n|-immune|p2a: Terapagos\n|-supereffective|p2b: Sinistcha\n|-enditem|p2b: Sinistcha|Focus Sash\n|-damage|p2b: Sinistcha|1/100\n|move|p2a: Terapagos|Tera Starstorm|p1b: Indeedee|[spread] p1a,p1b\n|-supereffective|p1a: Calyrex\n|-damage|p1a: Calyrex|0 fnt\n|-damage|p1b: Indeedee|50/100\n|-enditem|p1b: Indeedee|Sitrus Berry|[eat]\n|-heal|p1b: Indeedee|75/100|[from] item: Sitrus Berry\n|faint|p1a: Calyrex\n|move|p1b: Indeedee|Heal Pulse|p2b: Sinistcha\n|-heal|p2b: Sinistcha|51/100\n|\n|upkeep\n|\n|t:|1775054448\n|switch|p1a: Zamazenta|Zamazenta-Crowned, L50|100/100\n|-ability|p1a: Zamazenta|Dauntless Shield|boost\n|-boost|p1a: Zamazenta|def|1\n|turn|4\n|\n|t:|1775054472\n|move|p2a: Terapagos|Protect|p2a: Terapagos\n|-singleturn|p2a: Terapagos|Protect\n|move|p1b: Indeedee|Follow Me|p1b: Indeedee\n|-singleturn|p1b: Indeedee|move: Follow Me\n|move|p1a: Zamazenta|Body Press|p2a: Terapagos\n|-activate|p2a: Terapagos|move: Protect\n|move|p2b: Sinistcha|Strength Sap|p1b: Indeedee\n|-unboost|p1b: Indeedee|atk|1\n|-heal|p2b: Sinistcha|85/100\n|\n|upkeep\n|turn|5\n|\n|t:|1775054484\n|move|p2b: Sinistcha|Rage Powder|p2b: Sinistcha\n|-singleturn|p2b: Sinistcha|move: Rage Powder\n|move|p1a: Zamazenta|Body Press|p2b: Sinistcha\n|-immune|p2b: Sinistcha\n|move|p2a: Terapagos|Tera Starstorm|p1b: Indeedee|[spread] p1a,p1b\n|-damage|p1a: Zamazenta|62/100\n|-damage|p1b: Indeedee|27/100\n|move|p1b: Indeedee|Dazzling Gleam|p2a: Terapagos|[spread] p2a,p2b\n|-damage|p2a: Terapagos|95/100\n|-damage|p2b: Sinistcha|70/100\n|\n|upkeep\n|turn|6\n|-message|hayniu forfeited.\n|\n|win|shecallmedada\n|raw|hayniu's rating: 1390 &rarr; <strong>1376</strong><br />(-14 for losing)\n|raw|shecallmedada's rating: 1507 &rarr; <strong>1521</strong><br />(+14 for winning)\n|l|\u2606hayniu\n|player|p1|\n","uploadtime":1775054495,"views":15,"formatid":"gen9vgc2026regi","rating":1376,"private":0,"password":null}