{"id":"gen9vgc2026regi-2560915107","format":"[Gen 9] VGC 2026 Reg I","players":["Handsomebabyboy","Jonen"],"log":"|j|\u2606Handsomebabyboy\n|j|\u2606Jonen\n|t:|1773746865\n|gametype|doubles\n|player|p1|Handsomebabyboy|101|1383\n|player|p2|Jonen|hiker-gen4|1263\n|gen|9\n|tier|[Gen 9] VGC 2026 Reg I\n|rated|\n|rule|Species Clause: Limit one of each Pok\u00e9mon\n|rule|Item Clause: Limit 1 of each item\n|clearpoke\n|poke|p1|Groudon, L50|\n|poke|p1|Lilligant-Hisui, L50, F|\n|poke|p1|Incineroar, L50, F|\n|poke|p1|Calyrex-Ice, L50|\n|poke|p1|Ursaluna, L50, F|\n|poke|p1|Flutter Mane, L50|\n|poke|p2|Groudon, L50|\n|poke|p2|Lunala, L50|\n|poke|p2|Sableye, L50, M|\n|poke|p2|Chi-Yu, L50|\n|poke|p2|Rillaboom, L50, F|\n|poke|p2|Jumpluff, L50, M|\n|teampreview|4\n|inactive|Battle timer is ON: inactive players will automatically lose when time's up. (requested by Handsomebabyboy)\n|inactive|Jonen has 60 seconds left.\n|inactive|Handsomebabyboy has 60 seconds left.\n|inactive|Handsomebabyboy has 30 seconds left.\n|\n|t:|1773746937\n|teamsize|p1|4\n|teamsize|p2|4\n|start\n|switch|p1a: Incineroar|Incineroar, L50, F|100/100\n|switch|p1b: Calyrex|Calyrex-Ice, L50|100/100\n|switch|p2a: Lunala|Lunala, L50|100/100\n|switch|p2b: Sableye|Sableye, L50, M|100/100\n|-ability|p1b: Calyrex|As One\n|-ability|p1b: Calyrex|Unnerve\n|-ability|p1a: Incineroar|Intimidate|boost\n|-unboost|p2a: Lunala|atk|1\n|-unboost|p2b: Sableye|atk|1\n|turn|1\n|inactive|Handsomebabyboy has 30 seconds left.\n|\n|t:|1773746970\n|move|p1b: Calyrex|Protect|p1b: Calyrex\n|-singleturn|p1b: Calyrex|Protect\n|move|p2b: Sableye|Gravity|p2b: Sableye\n|-fieldstart|move: Gravity\n|move|p2a: Lunala|Hypnosis|p1b: Calyrex\n|-activate|p1b: Calyrex|move: Protect\n|move|p1a: Incineroar|U-turn|p2b: Sableye\n|-damage|p2b: Sableye|80/100\n|\n|t:|1773746982\n|switch|p1a: Flutter Mane|Flutter Mane, L50|100/100|[from] U-turn\n|\n|upkeep\n|turn|2\n|\n|t:|1773747004\n|switch|p1b: Groudon|Groudon, L50|100/100\n|-weather|SunnyDay|[from] ability: Drought|[of] p1b: Groudon\n|-activate|p1a: Flutter Mane|ability: Protosynthesis\n|-start|p1a: Flutter Mane|protosynthesisspa\n|move|p2b: Sableye|Quash|p1a: Flutter Mane\n|-activate|p1a: Flutter Mane|move: Quash\n|move|p2a: Lunala|Hypnosis|p1a: Flutter Mane\n|-status|p1a: Flutter Mane|slp|[from] move: Hypnosis\n|cant|p1a: Flutter Mane|slp\n|\n|-weather|SunnyDay|[upkeep]\n|upkeep\n|turn|3\n|inactive|Jonen has 30 seconds left.\n|inactive|Handsomebabyboy has 30 seconds left.\n|\n|t:|1773747036\n|move|p1b: Groudon|Protect|p1b: Groudon\n|-singleturn|p1b: Groudon|Protect\n|cant|p1a: Flutter Mane|slp\n|move|p2a: Lunala|Moongeist Beam|p1a: Flutter Mane\n|-supereffective|p1a: Flutter Mane\n|-damage|p1a: Flutter Mane|11/100 slp\n|move|p2b: Sableye|Foul Play|p1b: Groudon\n|-activate|p1b: Groudon|move: Protect\n|\n|-weather|SunnyDay|[upkeep]\n|upkeep\n|turn|4\n|inactive|Jonen has 30 seconds left.\n|\n|t:|1773747063\n|move|p2a: Lunala|Protect|p2a: Lunala\n|-singleturn|p2a: Lunala|Protect\n|move|p2b: Sableye|Disable|p1b: Groudon\n|-start|p1b: Groudon|Disable|Protect\n|-curestatus|p1a: Flutter Mane|slp|[msg]\n|move|p1a: Flutter Mane|Dazzling Gleam|p2b: Sableye|[spread] p2b\n|-activate|p2a: Lunala|move: Protect\n|-supereffective|p2b: Sableye\n|-damage|p2b: Sableye|0 fnt\n|faint|p2b: Sableye\n|move|p1b: Groudon|Precipice Blades|p2a: Lunala\n|-activate|p2a: Lunala|move: Protect\n|\n|-weather|SunnyDay|[upkeep]\n|upkeep\n|\n|t:|1773747076\n|switch|p2b: Chi-Yu|Chi-Yu, L50|100/100\n|-ability|p2b: Chi-Yu|Beads of Ruin\n|turn|5\n|\n|t:|1773747088\n|move|p2b: Chi-Yu|Heat Wave|p1b: Groudon|[spread] p1a,p1b\n|-damage|p1a: Flutter Mane|0 fnt\n|-damage|p1b: Groudon|28/100\n|-status|p1b: Groudon|brn\n|faint|p1a: Flutter Mane\n|-end|p1a: Flutter Mane|Protosynthesis|[silent]\n|move|p2a: Lunala|Meteor Beam||[still]\n|-prepare|p2a: Lunala|Meteor Beam\n|-boost|p2a: Lunala|spa|1\n|-enditem|p2a: Lunala|Power Herb\n|-anim|p2a: Lunala|Meteor Beam|p1b: Groudon\n|-resisted|p1b: Groudon\n|-damage|p1b: Groudon|0 fnt\n|faint|p1b: Groudon\n|\n|-weather|SunnyDay|[upkeep]\n|-fieldend|move: Gravity\n|upkeep\n|-message|Handsomebabyboy forfeited.\n|\n|win|Jonen\n|raw|Handsomebabyboy's rating: 1383 &rarr; <strong>1356</strong><br />(-27 for losing)\n|raw|Jonen's rating: 1263 &rarr; <strong>1296</strong><br />(+33 for winning)\n","uploadtime":1773747094,"views":10,"formatid":"gen9vgc2026regi","rating":1296,"private":0,"password":null}