{"id":"gen9vgc2026regi-2528590896","format":"[Gen 9] VGC 2026 Reg I","players":["crifab93","ky123456"],"log":"|j|\u2606crifab93\n|j|\u2606ky123456\n|t:|1769682354\n|gametype|doubles\n|player|p1|crifab93|n|1389\n|player|p2|ky123456|cynthia-gen4|1514\n|gen|9\n|tier|[Gen 9] VGC 2026 Reg I\n|rated|\n|rule|Species Clause: Limit one of each Pok\u00e9mon\n|rule|Item Clause: Limit 1 of each item\n|clearpoke\n|poke|p1|Rillaboom, L50, M|\n|poke|p1|Calyrex-Shadow, L50|\n|poke|p1|Zamazenta-*, L50|\n|poke|p1|Incineroar, L50, M|\n|poke|p1|Clefairy, L50, F|\n|poke|p1|Ogerpon-Hearthflame, L50, F|\n|poke|p2|Kyogre, L50|\n|poke|p2|Calyrex-Ice, L50|\n|poke|p2|Grimmsnarl, L50, M|\n|poke|p2|Rillaboom, L50, F|\n|poke|p2|Landorus, L50, M|\n|poke|p2|Urshifu-*, L50, M|\n|teampreview|4\n|\n|t:|1769682382\n|teamsize|p1|4\n|teamsize|p2|4\n|start\n|switch|p1a: Rillaboom|Rillaboom, L50, M|100/100\n|switch|p1b: Calyrex|Calyrex-Shadow, L50|100/100\n|switch|p2a: Calyrex|Calyrex-Ice, L50|100/100\n|switch|p2b: Grimmsnarl|Grimmsnarl, L50, M|100/100\n|-ability|p1b: Calyrex|As One\n|-ability|p1b: Calyrex|Unnerve\n|-ability|p2a: Calyrex|As One\n|-ability|p2a: Calyrex|Unnerve\n|-fieldstart|move: Grassy Terrain|[from] ability: Grassy Surge|[of] p1a: Rillaboom\n|turn|1\n|\n|t:|1769682392\n|-terastallize|p1b: Calyrex|Dark\n|-terastallize|p2a: Calyrex|Fairy\n|move|p1a: Rillaboom|Fake Out|p2a: Calyrex\n|-damage|p2a: Calyrex|91/100\n|move|p2b: Grimmsnarl|Light Screen|p2b: Grimmsnarl\n|-sidestart|p2: ky123456|move: Light Screen\n|move|p1b: Calyrex|Nasty Plot|p1b: Calyrex\n|-boost|p1b: Calyrex|spa|2\n|cant|p2a: Calyrex|flinch\n|\n|-heal|p2a: Calyrex|97/100|[from] Grassy Terrain\n|-heal|p2a: Calyrex|100/100|[from] item: Leftovers\n|upkeep\n|turn|2\n|\n|t:|1769682409\n|move|p1a: Rillaboom|Grassy Glide|p2a: Calyrex\n|-damage|p2a: Calyrex|76/100\n|move|p2b: Grimmsnarl|Reflect|p2b: Grimmsnarl\n|-sidestart|p2: ky123456|Reflect\n|move|p1b: Calyrex|Astral Barrage|p2b: Grimmsnarl|[spread] p2a,p2b\n|-resisted|p2b: Grimmsnarl\n|-damage|p2a: Calyrex|19/100\n|-damage|p2b: Grimmsnarl|57/100\n|-damage|p1b: Calyrex|91/100|[from] item: Life Orb\n|move|p2a: Calyrex|Glacial Lance|p1a: Rillaboom|[spread] p1a,p1b\n|-supereffective|p1a: Rillaboom\n|-damage|p1a: Rillaboom|0 fnt\n|-damage|p1b: Calyrex|32/100\n|faint|p1a: Rillaboom\n|-ability|p2a: Calyrex|Chilling Neigh|boost\n|-boost|p2a: Calyrex|atk|1\n|\n|-heal|p1b: Calyrex|38/100|[from] Grassy Terrain\n|-heal|p2b: Grimmsnarl|63/100|[from] Grassy Terrain\n|-heal|p2a: Calyrex|25/100|[from] Grassy Terrain\n|-heal|p2a: Calyrex|30/100|[from] item: Leftovers\n|upkeep\n|\n|t:|1769682420\n|switch|p1a: Ogerpon|Ogerpon-Hearthflame, L50, F|100/100\n|-ability|p1a: Ogerpon|Mold Breaker\n|turn|3\n|\n|t:|1769682462\n|move|p2b: Grimmsnarl|Thunder Wave|p1a: Ogerpon\n|-status|p1a: Ogerpon|par\n|move|p1b: Calyrex|Astral Barrage|p2b: Grimmsnarl|[spread] p2a,p2b\n|-resisted|p2b: Grimmsnarl\n|-damage|p2a: Calyrex|0 fnt\n|-damage|p2b: Grimmsnarl|14/100\n|faint|p2a: Calyrex\n|-ability|p1b: Calyrex|Grim Neigh|boost\n|-boost|p1b: Calyrex|spa|1\n|-damage|p1b: Calyrex|28/100|[from] item: Life Orb\n|cant|p1a: Ogerpon|par\n|\n|-heal|p1b: Calyrex|35/100|[from] Grassy Terrain\n|-heal|p2b: Grimmsnarl|20/100|[from] Grassy Terrain\n|upkeep\n|\n|t:|1769682469\n|switch|p2a: Kyogre|Kyogre, L50|100/100\n|-weather|RainDance|[from] ability: Drizzle|[of] p2a: Kyogre\n|turn|4\n|\n|t:|1769682478\n|cant|p1a: Ogerpon|par\n|move|p1b: Calyrex|Astral Barrage|p2b: Grimmsnarl|[spread] p2a,p2b\n|-resisted|p2b: Grimmsnarl\n|-damage|p2a: Kyogre|47/100\n|-damage|p2b: Grimmsnarl|0 fnt\n|faint|p2b: Grimmsnarl\n|-ability|p1b: Calyrex|Grim Neigh|boost\n|-boost|p1b: Calyrex|spa|1\n|-damage|p1b: Calyrex|25/100|[from] item: Life Orb\n|move|p2a: Kyogre|Origin Pulse|p1a: Ogerpon|[spread] p1b\n|-miss|p2a: Kyogre|p1a: Ogerpon\n|-damage|p1b: Calyrex|0 fnt\n|faint|p1b: Calyrex\n|\n|-weather|RainDance|[upkeep]\n|-heal|p2a: Kyogre|53/100|[from] Grassy Terrain\n|upkeep\n|\n|t:|1769682492\n|switch|p1b: Zamazenta|Zamazenta-Crowned, L50|100/100\n|switch|p2b: Landorus|Landorus, L50, M|100/100\n|-ability|p1b: Zamazenta|Dauntless Shield|boost\n|-boost|p1b: Zamazenta|def|1\n|turn|5\n|\n|t:|1769682509\n|move|p1b: Zamazenta|Protect|p1b: Zamazenta\n|-singleturn|p1b: Zamazenta|Protect\n|cant|p1a: Ogerpon|par\n|move|p2b: Landorus|Sandsear Storm|p1b: Zamazenta|[spread] p1a\n|-activate|p1b: Zamazenta|move: Protect\n|-damage|p1a: Ogerpon|35/100 par\n|move|p2a: Kyogre|Origin Pulse|p1a: Ogerpon|[spread] p1a\n|-activate|p1b: Zamazenta|move: Protect\n|-damage|p1a: Ogerpon|0 fnt\n|faint|p1a: Ogerpon\n|\n|-weather|RainDance|[upkeep]\n|-heal|p2a: Kyogre|59/100|[from] Grassy Terrain\n|-fieldend|move: Grassy Terrain\n|upkeep\n|turn|6\n|-message|crifab93 forfeited.\n|\n|win|ky123456\n|raw|crifab93's rating: 1389 &rarr; <strong>1376</strong><br />(-13 for losing)\n|raw|ky123456's rating: 1514 &rarr; <strong>1527</strong><br />(+13 for winning)\n|l|\u2606crifab93\n|player|p1|\n|l|\u2606ky123456\n|player|p2|\n","uploadtime":1769682695,"views":20,"formatid":"gen9vgc2026regi","rating":1376,"private":0,"password":null}