{"id":"gen9vgc2026regi-2540775248","format":"[Gen 9] VGC 2026 Reg I","players":["Luca8","Unskilled99"],"log":"|j|\u2606Luca8\n|j|\u2606Unskilled99\n|t:|1771252615\n|gametype|doubles\n|player|p1|Luca8|flint|1451\n|player|p2|Unskilled99|unknown|1485\n|gen|9\n|tier|[Gen 9] VGC 2026 Reg I\n|rated|\n|rule|Species Clause: Limit one of each Pok\u00e9mon\n|rule|Item Clause: Limit 1 of each item\n|clearpoke\n|poke|p1|Whimsicott, L50, F|\n|poke|p1|Kyogre, L50|\n|poke|p1|Landorus, L50, M|\n|poke|p1|Lunala, L50|\n|poke|p1|Farigiraf, L50, M|\n|poke|p1|Amoonguss, L50, F|\n|poke|p2|Calyrex-Ice, L50|\n|poke|p2|Miraidon, L50|\n|poke|p2|Incineroar, L50, M|\n|poke|p2|Urshifu-*, L50, F|\n|poke|p2|Landorus, L50, M|\n|poke|p2|Amoonguss, L50, M|\n|teampreview|4\n|\n|t:|1771252677\n|teamsize|p1|4\n|teamsize|p2|4\n|start\n|switch|p1a: Kyogre|Kyogre, L50|100/100\n|switch|p1b: Farigiraf|Farigiraf, L50, M|100/100\n|switch|p2a: Urshifu|Urshifu-Rapid-Strike, L50, F|100/100\n|switch|p2b: Calyrex|Calyrex-Ice, L50|100/100\n|-ability|p2b: Calyrex|As One\n|-ability|p2b: Calyrex|Unnerve\n|-weather|RainDance|[from] ability: Drizzle|[of] p1a: Kyogre\n|turn|1\n|j| lunala fairy ghost\n|\n|t:|1771252733\n|switch|p2b: Miraidon|Miraidon, L50|100/100\n|-fieldstart|move: Electric Terrain|[from] ability: Hadron Engine|[of] p2b: Miraidon\n|move|p1a: Kyogre|Water Spout|p2b: Miraidon|[spread] p2a,p2b\n|-resisted|p2a: Urshifu\n|-crit|p2a: Urshifu\n|-resisted|p2b: Miraidon\n|-enditem|p2a: Urshifu|Focus Sash\n|-damage|p2a: Urshifu|1/100\n|-damage|p2b: Miraidon|61/100\n|move|p2a: Urshifu|Surging Strikes|p1b: Farigiraf\n|-crit|p1b: Farigiraf\n|-damage|p1b: Farigiraf|75/100\n|-crit|p1b: Farigiraf\n|-damage|p1b: Farigiraf|47/100\n|-crit|p1b: Farigiraf\n|-damage|p1b: Farigiraf|19/100\n|-hitcount|p1b: Farigiraf|3\n|move|p1b: Farigiraf|Foul Play|p2b: Miraidon\n|-damage|p2b: Miraidon|47/100\n|\n|-weather|RainDance|[upkeep]\n|upkeep\n|turn|2\n|\n|t:|1771252760\n|switch|p1b: Whimsicott|Whimsicott, L50, F|100/100\n|-terastallize|p1a: Kyogre|Grass\n|move|p2a: Urshifu|Detect|p2a: Urshifu\n|-singleturn|p2a: Urshifu|Protect\n|move|p2b: Miraidon|Electro Drift|p1a: Kyogre\n|-resisted|p1a: Kyogre\n|-damage|p1a: Kyogre|66/100\n|move|p1a: Kyogre|Water Spout|p2a: Urshifu|[spread] p2b\n|-activate|p2a: Urshifu|move: Protect\n|-resisted|p2b: Miraidon\n|-damage|p2b: Miraidon|21/100\n|\n|-weather|RainDance|[upkeep]\n|upkeep\n|turn|3\n|\n|t:|1771252812\n|switch|p2a: Amoonguss|Amoonguss, L50, M|100/100\n|move|p1b: Whimsicott|Tailwind|p1b: Whimsicott\n|-sidestart|p1: Luca8|move: Tailwind\n|move|p1a: Kyogre|Water Spout|p2a: Amoonguss|[spread] p2a,p2b\n|-resisted|p2a: Amoonguss\n|-resisted|p2b: Miraidon\n|-damage|p2a: Amoonguss|76/100\n|-damage|p2b: Miraidon|0 fnt\n|faint|p2b: Miraidon\n|\n|-weather|RainDance|[upkeep]\n|upkeep\n|\n|t:|1771252815\n|switch|p2b: Calyrex|Calyrex-Ice, L50|100/100\n|-ability|p2b: Calyrex|As One\n|-ability|p2b: Calyrex|Unnerve\n|turn|4\n|\n|t:|1771252861\n|move|p1b: Whimsicott|Taunt|p2b: Calyrex\n|-start|p2b: Calyrex|move: Taunt\n|move|p1a: Kyogre|Water Spout|p2b: Calyrex|[spread] p2a,p2b\n|-resisted|p2a: Amoonguss\n|-damage|p2a: Amoonguss|49/100\n|-damage|p2b: Calyrex|63/100\n|move|p2b: Calyrex|Glacial Lance|p1b: Whimsicott|[spread] p1a,p1b\n|-supereffective|p1a: Kyogre\n|-supereffective|p1b: Whimsicott\n|-damage|p1a: Kyogre|0 fnt\n|-enditem|p1b: Whimsicott|Focus Sash\n|-damage|p1b: Whimsicott|1/100\n|faint|p1a: Kyogre\n|-ability|p2b: Calyrex|Chilling Neigh|boost\n|-boost|p2b: Calyrex|atk|1\n|move|p2a: Amoonguss|Pollen Puff|p2b: Calyrex\n|-heal|p2b: Calyrex|100/100\n|\n|-weather|RainDance|[upkeep]\n|upkeep\n|\n|t:|1771252892\n|switch|p1a: Lunala|Lunala, L50|100/100\n|turn|5\n|\n|t:|1771252911\n|move|p2a: Amoonguss|Rage Powder|p2a: Amoonguss\n|-singleturn|p2a: Amoonguss|move: Rage Powder\n|move|p1b: Whimsicott|Misty Terrain|p1b: Whimsicott\n|-fieldstart|move: Misty Terrain\n|move|p1a: Lunala|Meteor Beam||[still]\n|-prepare|p1a: Lunala|Meteor Beam\n|-boost|p1a: Lunala|spa|1\n|-enditem|p1a: Lunala|Power Herb\n|-anim|p1a: Lunala|Meteor Beam|p2a: Amoonguss\n|-damage|p2a: Amoonguss|0 fnt\n|faint|p2a: Amoonguss\n|move|p2b: Calyrex|Glacial Lance|p1b: Whimsicott|[spread] p1a,p1b\n|-supereffective|p1b: Whimsicott\n|-damage|p1a: Lunala|66/100\n|-damage|p1b: Whimsicott|0 fnt\n|faint|p1b: Whimsicott\n|-ability|p2b: Calyrex|Chilling Neigh|boost\n|-boost|p2b: Calyrex|atk|1\n|\n|-weather|none\n|upkeep\n|\n|t:|1771252928\n|switch|p1b: Farigiraf|Farigiraf, L50, M|19/100\n|switch|p2a: Urshifu|Urshifu-Rapid-Strike, L50, F|1/100\n|turn|6\n|\n|t:|1771252941\n|-terastallize|p2b: Calyrex|Fire\n|move|p2a: Urshifu|Detect|p2a: Urshifu\n|-singleturn|p2a: Urshifu|Protect\n|move|p1a: Lunala|Moongeist Beam|p2b: Calyrex\n|-damage|p2b: Calyrex|41/100\n|move|p1b: Farigiraf|Hyper Voice|p2b: Calyrex|[spread] p2b\n|-activate|p2a: Urshifu|move: Protect\n|-damage|p2b: Calyrex|24/100\n|-enditem|p1b: Farigiraf|Throat Spray\n|-boost|p1b: Farigiraf|spa|1|[from] item: Throat Spray\n|move|p2b: Calyrex|Glacial Lance|p1b: Farigiraf|[spread] p1a,p1b\n|-damage|p1a: Lunala|0 fnt\n|-damage|p1b: Farigiraf|0 fnt\n|faint|p1a: Lunala\n|faint|p1b: Farigiraf\n|\n|win|Unskilled99\n|raw|Luca8's rating: 1451 &rarr; <strong>1433</strong><br />(-18 for losing)\n|raw|Unskilled99's rating: 1485 &rarr; <strong>1503</strong><br />(+18 for winning)\n|l|\u2606Luca8\n|player|p1|\n|l|\u2606Unskilled99\n|player|p2|\n|l| lunala fairy ghost\n","uploadtime":1771253125,"views":35,"formatid":"gen9vgc2026regi","rating":1433,"private":0,"password":null}