{"id":"gen9vgc2026regi-2578176300","format":"[Gen 9] VGC 2026 Reg I","players":["fogdocker","Tempest ash"],"log":"|j|\u2606fogdocker\n|j|\u2606Tempest ash\n|t:|1775656225\n|gametype|doubles\n|player|p1|fogdocker|1|1518\n|player|p2|Tempest ash|266|1444\n|gen|9\n|tier|[Gen 9] VGC 2026 Reg I\n|rated|\n|rule|Species Clause: Limit one of each Pok\u00e9mon\n|rule|Item Clause: Limit 1 of each item\n|clearpoke\n|poke|p1|Calyrex-Ice, L50|\n|poke|p1|Koraidon, L50|\n|poke|p1|Flutter Mane, L50|\n|poke|p1|Incineroar, L50, F|\n|poke|p1|Rillaboom, L50, F|\n|poke|p1|Volcarona, L50, M|\n|poke|p2|Urshifu-*, L50, F|\n|poke|p2|Smeargle, L50, F|\n|poke|p2|Muk-Alola, L50, M|\n|poke|p2|Flutter Mane, L50|\n|poke|p2|Ho-Oh, L50|\n|poke|p2|Lugia, L50|\n|teampreview|4\n|inactive|Battle timer is ON: inactive players will automatically lose when time's up. (requested by Tempest ash)\n|\n|t:|1775656241\n|teamsize|p1|4\n|teamsize|p2|4\n|start\n|switch|p1a: Calyrex|Calyrex-Ice, L50|100/100\n|switch|p1b: Koraidon|Koraidon, L50|100/100\n|switch|p2a: Muk|Muk-Alola, L50, M|100/100\n|switch|p2b: Smeargle|Smeargle, L50, F|100/100\n|-ability|p1a: Calyrex|As One\n|-ability|p1a: Calyrex|Unnerve\n|-weather|SunnyDay|[from] ability: Orichalcum Pulse|[of] p1b: Koraidon\n|-activate|p1b: Koraidon|Orichalcum Pulse|[source]\n|turn|1\n|\n|t:|1775656261\n|switch|p1a: Incineroar|Incineroar, L50, F|100/100\n|-ability|p1a: Incineroar|Intimidate|boost\n|-unboost|p2a: Muk|atk|1\n|-unboost|p2b: Smeargle|atk|1\n|move|p2b: Smeargle|Fake Out|p1b: Koraidon\n|-damage|p1b: Koraidon|97/100\n|cant|p1b: Koraidon|flinch\n|move|p2a: Muk|Minimize|p2a: Muk\n|-boost|p2a: Muk|evasion|2\n|\n|-weather|SunnyDay|[upkeep]\n|-ability|p2b: Smeargle|Moody|boost\n|-boost|p2b: Smeargle|spa|2\n|-unboost|p2b: Smeargle|atk|1\n|upkeep\n|turn|2\n|\n|t:|1775656284\n|move|p1a: Incineroar|Fake Out|p2b: Smeargle\n|-damage|p2b: Smeargle|75/100\n|cant|p2b: Smeargle|flinch\n|move|p1b: Koraidon|Close Combat|p2a: Muk\n|-damage|p2a: Muk|12/100\n|-unboost|p1b: Koraidon|def|1\n|-unboost|p1b: Koraidon|spd|1\n|-damage|p1b: Koraidon|87/100|[from] item: Life Orb\n|move|p2a: Muk|Minimize|p2a: Muk\n|-boost|p2a: Muk|evasion|2\n|\n|-weather|SunnyDay|[upkeep]\n|-heal|p2a: Muk|18/100|[from] item: Black Sludge\n|-ability|p2b: Smeargle|Moody|boost\n|-boost|p2b: Smeargle|spe|2\n|-unboost|p2b: Smeargle|spd|1\n|upkeep\n|turn|3\n|\n|t:|1775656303\n|move|p2b: Smeargle|Follow Me|p2b: Smeargle\n|-singleturn|p2b: Smeargle|move: Follow Me\n|move|p1b: Koraidon|Close Combat|p2b: Smeargle\n|-supereffective|p2b: Smeargle\n|-damage|p2b: Smeargle|0 fnt\n|-unboost|p1b: Koraidon|def|1\n|-unboost|p1b: Koraidon|spd|1\n|faint|p2b: Smeargle\n|-ability|p2a: Muk|Moody|Power of Alchemy|[from] ability: Power of Alchemy|[of] p2b: Smeargle\n|-damage|p1b: Koraidon|78/100|[from] item: Life Orb\n|move|p1a: Incineroar|Flare Blitz|p2a: Muk|[miss]\n|-miss|p1a: Incineroar|p2a: Muk\n|move|p2a: Muk|Minimize|p2a: Muk\n|-boost|p2a: Muk|evasion|2\n|\n|-weather|SunnyDay|[upkeep]\n|-heal|p2a: Muk|24/100|[from] item: Black Sludge\n|-ability|p2a: Muk|Moody|boost\n|-boost|p2a: Muk|spd|2\n|-unboost|p2a: Muk|spa|1\n|upkeep\n|\n|t:|1775656313\n|switch|p2b: Ho-Oh|Ho-Oh, L50|100/100\n|-ability|p2b: Ho-Oh|Pressure\n|turn|4\n|\n|t:|1775656328\n|move|p2b: Ho-Oh|Protect|p2b: Ho-Oh\n|-singleturn|p2b: Ho-Oh|Protect\n|move|p2a: Muk|Protect|p2a: Muk\n|-singleturn|p2a: Muk|Protect\n|move|p1b: Koraidon|Flare Blitz|p2a: Muk\n|-activate|p2a: Muk|move: Protect\n|move|p1a: Incineroar|Parting Shot|p2b: Ho-Oh\n|-activate|p2b: Ho-Oh|move: Protect\n|\n|-weather|SunnyDay|[upkeep]\n|-heal|p2a: Muk|30/100|[from] item: Black Sludge\n|-ability|p2a: Muk|Moody|boost\n|-boost|p2a: Muk|spd|2\n|-unboost|p2a: Muk|def|1\n|upkeep\n|turn|5\n|inactive|Tempest ash has 30 seconds left.\n|inactive|Tempest ash has 20 seconds left.\n|inactive|Tempest ash has 15 seconds left.\n|inactive|Tempest ash has 10 seconds left.\n|\n|t:|1775656375\n|move|p1b: Koraidon|Flare Blitz|p2a: Muk|[miss]\n|-miss|p1b: Koraidon|p2a: Muk\n|move|p2b: Ho-Oh|Sacred Fire|p1b: Koraidon\n|-resisted|p1b: Koraidon\n|-damage|p1b: Koraidon|14/100\n|-status|p1b: Koraidon|brn\n|move|p1a: Incineroar|Knock Off|p2b: Ho-Oh\n|-damage|p2b: Ho-Oh|71/100\n|-enditem|p2b: Ho-Oh|Clear Amulet|[from] move: Knock Off|[of] p1a: Incineroar\n|move|p2a: Muk|Toxic||[still]\n|-fail|p2a: Muk\n|\n|-weather|none\n|-heal|p2a: Muk|36/100|[from] item: Black Sludge\n|-damage|p1b: Koraidon|8/100 brn|[from] brn\n|-ability|p2a: Muk|Moody|boost\n|-boost|p2a: Muk|spe|2\n|-unboost|p2a: Muk|def|1\n|upkeep\n|turn|6\n|\n|t:|1775656389\n|switch|p1b: Flutter Mane|Flutter Mane, L50|100/100\n|move|p2a: Muk|Protect|p2a: Muk\n|-singleturn|p2a: Muk|Protect\n|move|p2b: Ho-Oh|Protect|p2b: Ho-Oh\n|-singleturn|p2b: Ho-Oh|Protect\n|move|p1a: Incineroar|Parting Shot|p2b: Ho-Oh\n|-activate|p2b: Ho-Oh|move: Protect\n|\n|-heal|p2a: Muk|42/100|[from] item: Black Sludge\n|-ability|p2a: Muk|Moody|boost\n|-boost|p2a: Muk|spa|2\n|-unboost|p2a: Muk|def|1\n|upkeep\n|turn|7\n|\n|t:|1775656409\n|move|p1b: Flutter Mane|Protect|p1b: Flutter Mane\n|-singleturn|p1b: Flutter Mane|Protect\n|move|p2a: Muk|Toxic|p1a: Incineroar\n|-status|p1a: Incineroar|tox\n|move|p2b: Ho-Oh|Psych Up|p2a: Muk\n|-copyboost|p2b: Ho-Oh|p2a: Muk|[from] move: Psych Up\n|move|p1a: Incineroar|Parting Shot|p2b: Ho-Oh\n|-unboost|p2b: Ho-Oh|atk|1\n|-unboost|p2b: Ho-Oh|spa|1\n|\n|t:|1775656415\n|switch|p1a: Calyrex|Calyrex-Ice, L50|100/100|[from] Parting Shot\n|-ability|p1a: Calyrex|As One\n|-ability|p1a: Calyrex|Unnerve\n|\n|-heal|p2a: Muk|49/100|[from] item: Black Sludge\n|-ability|p2a: Muk|Moody|boost\n|-boost|p2a: Muk|spa|2\n|-unboost|p2a: Muk|spe|1\n|upkeep\n|turn|8\n|inactive|Tempest ash has 30 seconds left.\n|\n|t:|1775656449\n|-end|p1b: Flutter Mane|Protosynthesis|[silent]\n|switch|p1b: Koraidon|Koraidon, L50|8/100 brn\n|-weather|SunnyDay|[from] ability: Orichalcum Pulse|[of] p1b: Koraidon\n|-activate|p1b: Koraidon|Orichalcum Pulse|[source]\n|-terastallize|p1a: Calyrex|Water\n|move|p2b: Ho-Oh|Protect|p2b: Ho-Oh\n|-singleturn|p2b: Ho-Oh|Protect\n|move|p2a: Muk|Protect|p2a: Muk\n|-singleturn|p2a: Muk|Protect\n|move|p1a: Calyrex|Leech Seed|p2a: Muk\n|-activate|p2a: Muk|move: Protect\n|\n|-weather|SunnyDay|[upkeep]\n|-heal|p2a: Muk|55/100|[from] item: Black Sludge\n|-damage|p1b: Koraidon|2/100 brn|[from] brn\n|-ability|p2a: Muk|Moody|boost\n|-boost|p2a: Muk|spa|2\n|-unboost|p2a: Muk|spe|1\n|upkeep\n|turn|9\n|inactive|Tempest ash has 30 seconds left.\n|inactive|Tempest ash has 20 seconds left.\n|\n|t:|1775656489\n|move|p2b: Ho-Oh|Sacred Fire|p1a: Calyrex\n|-resisted|p1a: Calyrex\n|-damage|p1a: Calyrex|92/100\n|move|p1b: Koraidon|Flare Blitz|p2a: Muk|[miss]\n|-miss|p1b: Koraidon|p2a: Muk\n|move|p2a: Muk|Toxic|p1a: Calyrex\n|-status|p1a: Calyrex|tox\n|move|p1a: Calyrex|Glacial Lance|p2a: Muk|[spread] \n|-miss|p1a: Calyrex|p2a: Muk\n|-miss|p1a: Calyrex|p2b: Ho-Oh\n|\n|-weather|SunnyDay|[upkeep]\n|-heal|p2a: Muk|61/100|[from] item: Black Sludge\n|-heal|p1a: Calyrex|98/100 tox|[from] item: Leftovers\n|-damage|p1a: Calyrex|92/100 tox|[from] psn\n|-damage|p1b: Koraidon|0 fnt|[from] brn\n|faint|p1b: Koraidon\n|-ability|p2a: Muk|Moody|boost\n|-boost|p2a: Muk|spe|2\n|-unboost|p2a: Muk|spd|1\n|upkeep\n|\n|t:|1775656500\n|switch|p1b: Incineroar|Incineroar, L50, F|100/100 tox\n|-ability|p1b: Incineroar|Intimidate|boost\n|-unboost|p2a: Muk|atk|1\n|-unboost|p2b: Ho-Oh|atk|1\n|turn|10\n|\n|t:|1775656516\n|move|p2b: Ho-Oh|Protect|p2b: Ho-Oh\n|-singleturn|p2b: Ho-Oh|Protect\n|move|p2a: Muk|Protect|p2a: Muk\n|-singleturn|p2a: Muk|Protect\n|move|p1b: Incineroar|Flare Blitz|p2a: Muk\n|-activate|p2a: Muk|move: Protect\n|move|p1a: Calyrex|Glacial Lance|p2a: Muk|[spread] \n|-activate|p2a: Muk|move: Protect\n|-activate|p2b: Ho-Oh|move: Protect\n|\n|-weather|SunnyDay|[upkeep]\n|-heal|p2a: Muk|67/100|[from] item: Black Sludge\n|-heal|p1a: Calyrex|98/100 tox|[from] item: Leftovers\n|-damage|p1b: Incineroar|95/100 tox|[from] psn\n|-damage|p1a: Calyrex|86/100 tox|[from] psn\n|-ability|p2a: Muk|Moody|boost\n|-boost|p2a: Muk|spa|1\n|-unboost|p2a: Muk|atk|1\n|upkeep\n|turn|11\n|inactive|Tempest ash has 30 seconds left.\n|\n|t:|1775656549\n|move|p2b: Ho-Oh|Recover|p2b: Ho-Oh\n|-heal|p2b: Ho-Oh|100/100\n|move|p2a: Muk|Drain Punch|p1b: Incineroar\n|-supereffective|p1b: Incineroar\n|-damage|p1b: Incineroar|84/100 tox\n|-heal|p2a: Muk|72/100|[from] drain|[of] p1b: Incineroar\n|move|p1b: Incineroar|Flare Blitz|p2a: Muk|[miss]\n|-miss|p1b: Incineroar|p2a: Muk\n|move|p1a: Calyrex|Glacial Lance|p2a: Muk|[spread] p2a\n|-miss|p1a: Calyrex|p2b: Ho-Oh\n|-damage|p2a: Muk|0 fnt\n|faint|p2a: Muk\n|-ability|p1a: Calyrex|Chilling Neigh|boost\n|-boost|p1a: Calyrex|atk|1\n|\n|-weather|SunnyDay|[upkeep]\n|-heal|p1a: Calyrex|92/100 tox|[from] item: Leftovers\n|-damage|p1b: Incineroar|72/100 tox|[from] psn\n|-damage|p1a: Calyrex|74/100 tox|[from] psn\n|upkeep\n|\n|t:|1775656563\n|switch|p2a: Lugia|Lugia, L50|100/100\n|turn|12\n|\n|t:|1775656581\n|switch|p1b: Flutter Mane|Flutter Mane, L50|100/100\n|-activate|p1b: Flutter Mane|ability: Protosynthesis\n|-start|p1b: Flutter Mane|protosynthesisspe\n|move|p2b: Ho-Oh|Protect|p2b: Ho-Oh\n|-singleturn|p2b: Ho-Oh|Protect\n|move|p2a: Lugia|Protect|p2a: Lugia\n|-singleturn|p2a: Lugia|Protect\n|move|p1a: Calyrex|Leech Seed|p2a: Lugia\n|-activate|p2a: Lugia|move: Protect\n|\n|-weather|none\n|-end|p1b: Flutter Mane|Protosynthesis\n|-heal|p1a: Calyrex|80/100 tox|[from] item: Leftovers\n|-damage|p1a: Calyrex|57/100 tox|[from] psn\n|upkeep\n|turn|13\n|inactive|Tempest ash has 30 seconds left.\n|\n|t:|1775656609\n|-terastallize|p2a: Lugia|Steel\n|move|p2b: Ho-Oh|Sacred Fire|p1b: Flutter Mane\n|-damage|p1b: Flutter Mane|64/100\n|move|p1b: Flutter Mane|Shadow Ball|p2a: Lugia\n|-damage|p2a: Lugia|89/100\n|move|p2a: Lugia|Psych Up|p2b: Ho-Oh\n|-copyboost|p2a: Lugia|p2b: Ho-Oh|[from] move: Psych Up\n|move|p1a: Calyrex|Glacial Lance|p2b: Ho-Oh|[spread] p2a\n|-miss|p1a: Calyrex|p2b: Ho-Oh\n|-resisted|p2a: Lugia\n|-damage|p2a: Lugia|40/100\n|\n|-heal|p2a: Lugia|46/100|[from] item: Leftovers\n|-heal|p1a: Calyrex|63/100 tox|[from] item: Leftovers\n|-damage|p1a: Calyrex|34/100 tox|[from] psn\n|upkeep\n|turn|14\n|\n|t:|1775656634\n|switch|p1a: Incineroar|Incineroar, L50, F|72/100 tox\n|-ability|p1a: Incineroar|Intimidate|boost\n|-unboost|p2a: Lugia|atk|1\n|-unboost|p2b: Ho-Oh|atk|1\n|move|p2a: Lugia|Protect|p2a: Lugia\n|-singleturn|p2a: Lugia|Protect\n|move|p2b: Ho-Oh|Protect|p2b: Ho-Oh\n|-singleturn|p2b: Ho-Oh|Protect\n|move|p1b: Flutter Mane|Shadow Ball|p2b: Ho-Oh\n|-activate|p2b: Ho-Oh|move: Protect\n|\n|-heal|p2a: Lugia|52/100|[from] item: Leftovers\n|-damage|p1a: Incineroar|66/100 tox|[from] psn\n|upkeep\n|turn|15\n|\n|t:|1775656644\n|move|p2a: Lugia|Recover|p2a: Lugia\n|-heal|p2a: Lugia|100/100\n|move|p2b: Ho-Oh|Sacred Fire|p1b: Flutter Mane\n|-damage|p1b: Flutter Mane|33/100\n|-status|p1b: Flutter Mane|brn\n|move|p1b: Flutter Mane|Shadow Ball|p2b: Ho-Oh|[miss]\n|-miss|p1b: Flutter Mane|p2b: Ho-Oh\n|move|p1a: Incineroar|Flare Blitz|p2a: Lugia\n|-supereffective|p2a: Lugia\n|-damage|p2a: Lugia|34/100\n|-damage|p1a: Incineroar|43/100 tox|[from] Recoil\n|\n|-heal|p2a: Lugia|40/100|[from] item: Leftovers\n|-damage|p1a: Incineroar|31/100 tox|[from] psn\n|-damage|p1b: Flutter Mane|27/100 brn|[from] brn\n|upkeep\n|turn|16\n|\n|t:|1775656653\n|move|p2a: Lugia|Protect|p2a: Lugia\n|-singleturn|p2a: Lugia|Protect\n|move|p2b: Ho-Oh|Protect|p2b: Ho-Oh\n|-singleturn|p2b: Ho-Oh|Protect\n|move|p1b: Flutter Mane|Shadow Ball|p2a: Lugia\n|-activate|p2a: Lugia|move: Protect\n|move|p1a: Incineroar|Flare Blitz|p2a: Lugia\n|-activate|p2a: Lugia|move: Protect\n|\n|-heal|p2a: Lugia|47/100|[from] item: Leftovers\n|-damage|p1a: Incineroar|13/100 tox|[from] psn\n|-damage|p1b: Flutter Mane|20/100 brn|[from] brn\n|upkeep\n|turn|17\n|-message|fogdocker forfeited.\n|\n|win|Tempest ash\n|raw|fogdocker's rating: 1518 &rarr; <strong>1494</strong><br />(-24 for losing)\n|raw|Tempest ash's rating: 1444 &rarr; <strong>1468</strong><br />(+24 for winning)\n|l|\u2606fogdocker\n|player|p1|\n|l|\u2606Tempest ash\n|player|p2|\n","uploadtime":1775656903,"views":8,"formatid":"gen9vgc2026regi","rating":1468,"private":0,"password":null}