{"id":"gen9vgc2026regi-2567602228","format":"[Gen 9] VGC 2026 Reg I","players":["blazerZZZ","terafireflareblitz"],"log":"|j|\u2606blazerZZZ\n|j|\u2606terafireflareblitz\n|t:|1774492538\n|gametype|doubles\n|player|p1|blazerZZZ|dawn|1439\n|player|p2|terafireflareblitz|sycamore|1599\n|gen|9\n|tier|[Gen 9] VGC 2026 Reg I\n|rated|\n|rule|Species Clause: Limit one of each Pok\u00e9mon\n|rule|Item Clause: Limit 1 of each item\n|clearpoke\n|poke|p1|Incineroar, L50, M|\n|poke|p1|Grimmsnarl, L50, M|\n|poke|p1|Calyrex-Ice, L50|\n|poke|p1|Landorus, L50, M|\n|poke|p1|Kyogre, L50|\n|poke|p1|Raging Bolt, L50|\n|poke|p2|Koraidon, L50|\n|poke|p2|Lunala, L50|\n|poke|p2|Indeedee-F, L50, F|\n|poke|p2|Flutter Mane, L50|\n|poke|p2|Volcarona, L50, F|\n|poke|p2|Ursaluna, L50, F|\n|teampreview|4\n|inactive|Battle timer is ON: inactive players will automatically lose when time's up. (requested by terafireflareblitz)\n|inactive|blazerZZZ has 60 seconds left.\n|inactive|blazerZZZ has 30 seconds left.\n|\n|t:|1774492599\n|teamsize|p1|4\n|teamsize|p2|4\n|start\n|switch|p1a: Kyogre|Kyogre, L50|100/100\n|switch|p1b: Grimmsnarl|Grimmsnarl, L50, M|100/100\n|switch|p2a: Lunala|Lunala, L50, shiny|100/100\n|switch|p2b: Flutter Mane|Flutter Mane, L50|100/100\n|-weather|RainDance|[from] ability: Drizzle|[of] p1a: Kyogre\n|turn|1\n|\n|t:|1774492620\n|-terastallize|p2a: Lunala|Water\n|move|p1b: Grimmsnarl|Light Screen|p1b: Grimmsnarl\n|-sidestart|p1: blazerZZZ|move: Light Screen\n|move|p2b: Flutter Mane|Moonblast|p1b: Grimmsnarl\n|-supereffective|p1b: Grimmsnarl\n|-damage|p1b: Grimmsnarl|47/100\n|move|p2a: Lunala|Meteor Beam||[still]\n|-prepare|p2a: Lunala|Meteor Beam\n|-boost|p2a: Lunala|spa|1\n|-enditem|p2a: Lunala|Power Herb\n|-anim|p2a: Lunala|Meteor Beam|p1b: Grimmsnarl\n|-damage|p1b: Grimmsnarl|11/100\n|move|p1a: Kyogre|Ice Beam|p2a: Lunala\n|-resisted|p2a: Lunala\n|-damage|p2a: Lunala|95/100\n|\n|-weather|RainDance|[upkeep]\n|upkeep\n|turn|2\n|inactive|blazerZZZ has 30 seconds left.\n|\n|t:|1774492651\n|switch|p1a: Incineroar|Incineroar, L50, M|100/100\n|-ability|p1a: Incineroar|Intimidate|boost\n|-unboost|p2a: Lunala|atk|1\n|-unboost|p2b: Flutter Mane|atk|1\n|move|p1b: Grimmsnarl|Parting Shot|p2a: Lunala\n|-unboost|p2a: Lunala|atk|1\n|-unboost|p2a: Lunala|spa|1\n|\n|t:|1774492660\n|switch|p1b: Kyogre|Kyogre, L50|100/100|[from] Parting Shot\n|move|p2b: Flutter Mane|Moonblast|p1b: Kyogre\n|-damage|p1b: Kyogre|86/100\n|move|p2a: Lunala|Moongeist Beam|p1a: Incineroar\n|-resisted|p1a: Incineroar\n|-damage|p1a: Incineroar|87/100\n|\n|-weather|RainDance|[upkeep]\n|upkeep\n|turn|3\n|inactive|blazerZZZ has 30 seconds left.\n|\n|t:|1774492692\n|-end|p2b: Flutter Mane|Protosynthesis|[silent]\n|switch|p2b: Ursaluna|Ursaluna, L50, F|100/100\n|move|p2a: Lunala|Wide Guard|p2a: Lunala\n|-singleturn|p2a: Lunala|Wide Guard\n|move|p1b: Kyogre|Origin Pulse|p2a: Lunala|[spread] \n|-activate|p2a: Lunala|move: Wide Guard\n|-activate|p2b: Ursaluna|move: Wide Guard\n|move|p1a: Incineroar|Parting Shot|p2a: Lunala\n|-unboost|p2a: Lunala|atk|1\n|-unboost|p2a: Lunala|spa|1\n|inactive|blazerZZZ has 30 seconds left.\n|\n|t:|1774492718\n|switch|p1a: Grimmsnarl|Grimmsnarl, L50, M|11/100|[from] Parting Shot\n|\n|-weather|RainDance|[upkeep]\n|-status|p2b: Ursaluna|brn|[from] item: Flame Orb\n|upkeep\n|turn|4\n|\n|t:|1774492727\n|move|p2b: Ursaluna|Protect|p2b: Ursaluna\n|-singleturn|p2b: Ursaluna|Protect\n|move|p1a: Grimmsnarl|Reflect|p1a: Grimmsnarl\n|-sidestart|p1: blazerZZZ|Reflect\n|move|p2a: Lunala|Moongeist Beam|p1a: Grimmsnarl\n|-resisted|p1a: Grimmsnarl\n|-damage|p1a: Grimmsnarl|1/100\n|move|p1b: Kyogre|Ice Beam|p2b: Ursaluna\n|-activate|p2b: Ursaluna|move: Protect\n|\n|-weather|RainDance|[upkeep]\n|-damage|p2b: Ursaluna|95/100 brn|[from] brn\n|upkeep\n|turn|5\n|\n|t:|1774492746\n|move|p1a: Grimmsnarl|Parting Shot|p2b: Ursaluna\n|-unboost|p2b: Ursaluna|atk|1\n|-unboost|p2b: Ursaluna|spa|1\n|\n|t:|1774492749\n|switch|p1a: Incineroar|Incineroar, L50, M|87/100|[from] Parting Shot\n|-ability|p1a: Incineroar|Intimidate|boost\n|-unboost|p2a: Lunala|atk|1\n|-unboost|p2b: Ursaluna|atk|1\n|move|p2a: Lunala|Meteor Beam||[still]\n|-prepare|p2a: Lunala|Meteor Beam\n|-boost|p2a: Lunala|spa|1\n|move|p1b: Kyogre|Ice Beam|p2b: Ursaluna\n|-supereffective|p2b: Ursaluna\n|-damage|p2b: Ursaluna|32/100 brn\n|move|p2b: Ursaluna|Facade|p1b: Kyogre\n|-damage|p1b: Kyogre|51/100\n|\n|-weather|none\n|-damage|p2b: Ursaluna|26/100 brn|[from] brn\n|upkeep\n|turn|6\n|\n|t:|1774492769\n|move|p1a: Incineroar|Fake Out|p2a: Lunala\n|-damage|p2a: Lunala|86/100\n|cant|p2a: Lunala|flinch\n|move|p1b: Kyogre|Ice Beam|p2b: Ursaluna\n|-supereffective|p2b: Ursaluna\n|-damage|p2b: Ursaluna|0 fnt\n|faint|p2b: Ursaluna\n|\n|upkeep\n|\n|t:|1774492774\n|switch|p2b: Koraidon|Koraidon, L50, shiny|100/100\n|-weather|SunnyDay|[from] ability: Orichalcum Pulse|[of] p2b: Koraidon\n|-activate|p2b: Koraidon|Orichalcum Pulse|[source]\n|turn|7\n|inactive|blazerZZZ has 30 seconds left.\n|inactive|blazerZZZ has 20 seconds left.\n|inactive|blazerZZZ has 15 seconds left.\n|inactive|blazerZZZ has 10 seconds left.\n|inactive|blazerZZZ has 5 seconds left.\n|\n|t:|1774492825\n|switch|p1a: Grimmsnarl|Grimmsnarl, L50, M|1/100\n|move|p2b: Koraidon|Close Combat|p1b: Kyogre\n|-damage|p1b: Kyogre|0 fnt\n|-unboost|p2b: Koraidon|def|1\n|-unboost|p2b: Koraidon|spd|1\n|faint|p1b: Kyogre\n|-damage|p2b: Koraidon|91/100|[from] item: Life Orb\n|move|p2a: Lunala|Meteor Beam||[still]\n|-prepare|p2a: Lunala|Meteor Beam\n|-boost|p2a: Lunala|spa|1\n|\n|-weather|SunnyDay|[upkeep]\n|upkeep\n|\n|t:|1774492840\n|switch|p1b: Incineroar|Incineroar, L50, M|87/100\n|-ability|p1b: Incineroar|Intimidate|boost\n|-unboost|p2a: Lunala|atk|1\n|-unboost|p2b: Koraidon|atk|1\n|turn|8\n|\n|t:|1774492860\n|switch|p2b: Flutter Mane|Flutter Mane, L50|100/100\n|-activate|p2b: Flutter Mane|ability: Protosynthesis\n|-start|p2b: Flutter Mane|protosynthesisspe\n|move|p1b: Incineroar|Fake Out|p2b: Flutter Mane\n|-immune|p2b: Flutter Mane\n|move|p1a: Grimmsnarl|Parting Shot|p2a: Lunala\n|-unboost|p2a: Lunala|atk|1\n|-unboost|p2a: Lunala|spa|1\n|\n|t:|1774492871\n|switch|p1a: Calyrex|Calyrex-Ice, L50|100/100|[from] Parting Shot\n|-ability|p1a: Calyrex|As One\n|-ability|p1a: Calyrex|Unnerve\n|move|p2a: Lunala|Meteor Beam|p1a: Calyrex|[from] lockedmove\n|-supereffective|p1a: Calyrex\n|-damage|p1a: Calyrex|56/100\n|\n|-weather|SunnyDay|[upkeep]\n|-heal|p1a: Calyrex|62/100|[from] item: Leftovers\n|-sideend|p1: blazerZZZ|move: Light Screen\n|upkeep\n|turn|9\n|inactive|blazerZZZ has 30 seconds left.\n|\n|t:|1774492899\n|-terastallize|p1a: Calyrex|Grass\n|move|p2b: Flutter Mane|Moonblast|p1b: Incineroar\n|-damage|p1b: Incineroar|49/100\n|move|p2a: Lunala|Meteor Beam||[still]\n|-prepare|p2a: Lunala|Meteor Beam\n|-boost|p2a: Lunala|spa|1\n|move|p1b: Incineroar|Parting Shot|p2b: Flutter Mane\n|-unboost|p2b: Flutter Mane|atk|1\n|-unboost|p2b: Flutter Mane|spa|1\n|\n|t:|1774492910\n|switch|p1b: Grimmsnarl|Grimmsnarl, L50, M|1/100|[from] Parting Shot\n|move|p1a: Calyrex|Leech Seed|p2a: Lunala\n|-start|p2a: Lunala|move: Leech Seed\n|\n|-weather|SunnyDay|[upkeep]\n|-heal|p1a: Calyrex|68/100|[from] item: Leftovers\n|-damage|p2a: Lunala|74/100|[from] Leech Seed|[of] p1a: Calyrex\n|-heal|p1a: Calyrex|82/100|[silent]\n|upkeep\n|turn|10\n|inactive|blazerZZZ has 30 seconds left.\n|\n|t:|1774492942\n|move|p2b: Flutter Mane|Protect|p2b: Flutter Mane\n|-singleturn|p2b: Flutter Mane|Protect\n|move|p1b: Grimmsnarl|Parting Shot|p2a: Lunala\n|-unboost|p2a: Lunala|atk|0\n|-unboost|p2a: Lunala|spa|1\n|\n|t:|1774492948\n|switch|p1b: Incineroar|Incineroar, L50, M|49/100|[from] Parting Shot\n|-ability|p1b: Incineroar|Intimidate|boost\n|-unboost|p2a: Lunala|atk|0\n|-unboost|p2b: Flutter Mane|atk|1\n|move|p2a: Lunala|Meteor Beam|p1a: Calyrex|[from] lockedmove\n|-damage|p1a: Calyrex|51/100\n|move|p1a: Calyrex|Glacial Lance|p2a: Lunala|[spread] p2a\n|-activate|p2b: Flutter Mane|move: Protect\n|-resisted|p2a: Lunala\n|-damage|p2a: Lunala|50/100\n|\n|-weather|SunnyDay|[upkeep]\n|-heal|p1a: Calyrex|57/100|[from] item: Leftovers\n|-damage|p2a: Lunala|38/100|[from] Leech Seed|[of] p1a: Calyrex\n|-heal|p1a: Calyrex|71/100|[silent]\n|upkeep\n|turn|11\n|inactive|blazerZZZ has 30 seconds left.\n|\n|t:|1774492982\n|move|p1b: Incineroar|Fake Out|p2a: Lunala\n|-damage|p2a: Lunala|29/100\n|move|p2b: Flutter Mane|Moonblast|p1b: Incineroar\n|-damage|p1b: Incineroar|23/100\n|-unboost|p1b: Incineroar|spa|1\n|cant|p2a: Lunala|flinch\n|move|p1a: Calyrex|Leech Seed|p2b: Flutter Mane\n|-start|p2b: Flutter Mane|move: Leech Seed\n|\n|-weather|none\n|-end|p2b: Flutter Mane|Protosynthesis\n|-heal|p1a: Calyrex|77/100|[from] item: Leftovers\n|-damage|p2b: Flutter Mane|88/100|[from] Leech Seed|[of] p1a: Calyrex\n|-heal|p1a: Calyrex|85/100|[silent]\n|-damage|p2a: Lunala|17/100|[from] Leech Seed|[of] p1a: Calyrex\n|-heal|p1a: Calyrex|99/100|[silent]\n|-sideend|p1: blazerZZZ|Reflect\n|upkeep\n|turn|12\n|inactive|blazerZZZ has 30 seconds left.\n|\n|t:|1774493014\n|move|p2a: Lunala|Wide Guard|p2a: Lunala\n|-singleturn|p2a: Lunala|Wide Guard\n|move|p2b: Flutter Mane|Moonblast|p1b: Incineroar\n|-damage|p1b: Incineroar|0 fnt\n|faint|p1b: Incineroar\n|move|p1a: Calyrex|High Horsepower|p2b: Flutter Mane\n|-damage|p2b: Flutter Mane|0 fnt\n|faint|p2b: Flutter Mane\n|-end|p2b: Flutter Mane|Protosynthesis|[silent]\n|-ability|p1a: Calyrex|Chilling Neigh|boost\n|-boost|p1a: Calyrex|atk|1\n|\n|-heal|p1a: Calyrex|100/100|[from] item: Leftovers\n|-damage|p2a: Lunala|4/100|[from] Leech Seed|[of] p1a: Calyrex\n|upkeep\n|\n|t:|1774493029\n|switch|p2b: Koraidon|Koraidon, L50, shiny|91/100\n|switch|p1b: Grimmsnarl|Grimmsnarl, L50, M|1/100\n|-weather|SunnyDay|[from] ability: Orichalcum Pulse|[of] p2b: Koraidon\n|-activate|p2b: Koraidon|Orichalcum Pulse|[source]\n|turn|13\n|inactive|blazerZZZ has 30 seconds left.\n|\n|t:|1774493043\n|move|p1a: Calyrex|Protect|p1a: Calyrex\n|-singleturn|p1a: Calyrex|Protect\n|move|p2b: Koraidon|Flare Blitz|p1a: Calyrex\n|-activate|p1a: Calyrex|move: Protect\n|move|p2a: Lunala|Moongeist Beam|p1b: Grimmsnarl\n|-resisted|p1b: Grimmsnarl\n|-damage|p1b: Grimmsnarl|0 fnt\n|faint|p1b: Grimmsnarl\n|\n|-weather|SunnyDay|[upkeep]\n|-damage|p2a: Lunala|0 fnt|[from] Leech Seed|[of] p1a: Calyrex\n|faint|p2a: Lunala\n|upkeep\n|turn|14\n|inactive|blazerZZZ has 30 seconds left this turn.\n|inactive|blazerZZZ has 20 seconds left.\n|inactive|blazerZZZ has 15 seconds left.\n|\n|t:|1774493061\n|move|p2b: Koraidon|Flare Blitz|p1a: Calyrex\n|-supereffective|p1a: Calyrex\n|-damage|p1a: Calyrex|0 fnt\n|faint|p1a: Calyrex\n|-damage|p2b: Koraidon|52/100|[from] Recoil\n|-damage|p2b: Koraidon|42/100|[from] item: Life Orb\n|\n|win|terafireflareblitz\n|raw|blazerZZZ's rating: 1439 &rarr; <strong>1428</strong><br />(-11 for losing)\n|raw|terafireflareblitz's rating: 1599 &rarr; <strong>1610</strong><br />(+11 for winning)\n","uploadtime":1774493061,"views":11,"formatid":"gen9vgc2026regi","rating":1428,"private":0,"password":null}