{"id":"gen9vgc2026regi-2552836738","format":"[Gen 9] VGC 2026 Reg I","players":["501JFW","lior97h"],"log":"|j|\u2606501JFW\n|j|\u2606lior97h\n|t:|1772759390\n|gametype|doubles\n|player|p1|501JFW|265|1436\n|player|p2|lior97h|lucas|1474\n|gen|9\n|tier|[Gen 9] VGC 2026 Reg I\n|rated|\n|rule|Species Clause: Limit one of each Pok\u00e9mon\n|rule|Item Clause: Limit 1 of each item\n|clearpoke\n|poke|p1|Lunala, L50|\n|poke|p1|Koraidon, L50|\n|poke|p1|Jumpluff, L50, M|\n|poke|p1|Ogerpon-Cornerstone, L50, F|\n|poke|p1|Raging Bolt, L50|\n|poke|p1|Ursaluna, L50, M|\n|poke|p2|Zamazenta-*, L50|\n|poke|p2|Gengar, L50, M|\n|poke|p2|Whimsicott, L50, M|\n|poke|p2|Calyrex-Shadow, L50|\n|poke|p2|Sableye, L50, M|\n|poke|p2|Smeargle, L50, M|\n|teampreview|4\n|inactive|Battle timer is ON: inactive players will automatically lose when time's up. (requested by lior97h)\n|\n|t:|1772759416\n|teamsize|p1|4\n|teamsize|p2|4\n|start\n|switch|p1a: Koraidon|Koraidon, L50, shiny|100/100\n|switch|p1b: Jumpluff|Jumpluff, L50, M, shiny|100/100\n|switch|p2a: Whimsicott|Whimsicott, L50, M|100/100\n|switch|p2b: Smeargle|Smeargle, L50, M|100/100\n|-weather|SunnyDay|[from] ability: Orichalcum Pulse|[of] p1a: Koraidon\n|-activate|p1a: Koraidon|Orichalcum Pulse|[source]\n|turn|1\n|\n|t:|1772759434\n|move|p1a: Koraidon|Protect|p1a: Koraidon\n|-singleturn|p1a: Koraidon|Protect\n|move|p2b: Smeargle|Burning Bulwark|p2b: Smeargle\n|-singleturn|p2b: Smeargle|move: Protect\n|move|p2a: Whimsicott|Taunt|p1b: Jumpluff\n|-start|p1b: Jumpluff|move: Taunt\n|cant|p1b: Jumpluff|move: Taunt|Sleep Powder\n|\n|-weather|SunnyDay|[upkeep]\n|-ability|p2b: Smeargle|Moody|boost\n|-boost|p2b: Smeargle|def|2\n|-unboost|p2b: Smeargle|spe|1\n|upkeep\n|turn|2\n|inactive|lior97h has 30 seconds left.\n|\n|t:|1772759464\n|switch|p1b: Ursaluna|Ursaluna, L50, M, shiny|100/100\n|move|p1a: Koraidon|U-turn|p2b: Smeargle\n|-damage|p2b: Smeargle|65/100\n|\n|t:|1772759473\n|switch|p1a: Jumpluff|Jumpluff, L50, M, shiny|100/100|[from] U-turn\n|move|p2a: Whimsicott|Moonblast|p1a: Jumpluff\n|-damage|p1a: Jumpluff|74/100\n|move|p2b: Smeargle|Spore|p1a: Jumpluff\n|-immune|p1a: Jumpluff\n|\n|-weather|SunnyDay|[upkeep]\n|-ability|p2b: Smeargle|Moody|boost\n|-boost|p2b: Smeargle|spa|2\n|-unboost|p2b: Smeargle|spd|1\n|-status|p1b: Ursaluna|brn|[from] item: Flame Orb\n|upkeep\n|turn|3\n|inactive|501JFW has 30 seconds left.\n|\n|t:|1772759500\n|switch|p2b: Zamazenta|Zamazenta-Crowned, L50|100/100\n|-ability|p2b: Zamazenta|Dauntless Shield|boost\n|-boost|p2b: Zamazenta|def|1\n|move|p2a: Whimsicott|Taunt|p1a: Jumpluff\n|-start|p1a: Jumpluff|move: Taunt\n|cant|p1a: Jumpluff|move: Taunt|Sleep Powder\n|move|p1b: Ursaluna|Facade|p2a: Whimsicott\n|-damage|p2a: Whimsicott|0 fnt\n|faint|p2a: Whimsicott\n|\n|-weather|SunnyDay|[upkeep]\n|-damage|p1b: Ursaluna|95/100 brn|[from] brn\n|upkeep\n|\n|t:|1772759518\n|switch|p2a: Calyrex|Calyrex-Shadow, L50|100/100\n|-ability|p2a: Calyrex|As One\n|-ability|p2a: Calyrex|Unnerve\n|turn|4\n|inactive|501JFW has 30 seconds left.\n|\n|t:|1772759545\n|switch|p1a: Koraidon|Koraidon, L50, shiny|100/100\n|-activate|p1a: Koraidon|ability: Orichalcum Pulse\n|move|p1b: Ursaluna|Protect|p1b: Ursaluna\n|-singleturn|p1b: Ursaluna|Protect\n|move|p2a: Calyrex|Astral Barrage|p1a: Koraidon|[spread] p1a\n|-activate|p1b: Ursaluna|move: Protect\n|-damage|p1a: Koraidon|42/100\n|move|p2b: Zamazenta|Body Press|p1b: Ursaluna\n|-activate|p1b: Ursaluna|move: Protect\n|\n|-weather|SunnyDay|[upkeep]\n|-damage|p1b: Ursaluna|89/100 brn|[from] brn\n|upkeep\n|turn|5\n|inactive|501JFW has 30 seconds left.\n|inactive|501JFW has 20 seconds left.\n|inactive|501JFW has 15 seconds left.\n|inactive|501JFW has 10 seconds left.\n|inactive|501JFW has 5 seconds left.\n|\n|t:|1772759600\n|move|p2a: Calyrex|Astral Barrage|p1a: Koraidon|[spread] p1a\n|-immune|p1b: Ursaluna\n|-damage|p1a: Koraidon|0 fnt\n|faint|p1a: Koraidon\n|-ability|p2a: Calyrex|Grim Neigh|boost\n|-boost|p2a: Calyrex|spa|1\n|move|p2b: Zamazenta|Body Press|p1b: Ursaluna\n|-supereffective|p1b: Ursaluna\n|-damage|p1b: Ursaluna|0 fnt\n|faint|p1b: Ursaluna\n|\n|-weather|none\n|upkeep\n|-message|501JFW forfeited.\n|\n|win|lior97h\n|raw|501JFW's rating: 1436 &rarr; <strong>1418</strong><br />(-18 for losing)\n|raw|lior97h's rating: 1474 &rarr; <strong>1492</strong><br />(+18 for winning)\n|l|\u2606501JFW\n|player|p1|\n","uploadtime":1772759767,"views":15,"formatid":"gen9vgc2026regi","rating":1418,"private":0,"password":null}