{"id":"gen9vgc2026regi-2561244486","format":"[Gen 9] VGC 2026 Reg I","players":["neotheropod","fernsthedruids"],"log":"|j|\u2606neotheropod\n|j|\u2606fernsthedruids\n|t:|1773776747\n|gametype|doubles\n|player|p1|neotheropod|pokekid|1161\n|player|p2|fernsthedruids|101|1299\n|gen|9\n|tier|[Gen 9] VGC 2026 Reg I\n|rated|\n|rule|Species Clause: Limit one of each Pok\u00e9mon\n|rule|Item Clause: Limit 1 of each item\n|clearpoke\n|poke|p1|Koraidon, L50|\n|poke|p1|Ho-Oh, L50|\n|poke|p1|Iron Treads, L50|\n|poke|p1|Incineroar, L50, F|\n|poke|p1|Raging Bolt, L50|\n|poke|p1|Flutter Mane, L50|\n|poke|p2|Kyogre, L50|\n|poke|p2|Calyrex-Ice, L50|\n|poke|p2|Raging Bolt, L50|\n|poke|p2|Tornadus, L50, M|\n|poke|p2|Incineroar, L50, M|\n|poke|p2|Hitmontop, L50, M|\n|teampreview|4\n|\n|t:|1773776787\n|teamsize|p1|4\n|teamsize|p2|4\n|start\n|switch|p1a: Incineroar|Incineroar, L50, F|100/100\n|switch|p1b: Flutter Mane|Flutter Mane, L50|100/100\n|switch|p2a: Kyogre|Kyogre, L50|100/100\n|switch|p2b: Tornadus|Tornadus, L50, M|100/100\n|-weather|RainDance|[from] ability: Drizzle|[of] p2a: Kyogre\n|-ability|p1a: Incineroar|Intimidate|boost\n|-unboost|p2a: Kyogre|atk|1\n|-unboost|p2b: Tornadus|atk|1\n|turn|1\n|inactive|Battle timer is ON: inactive players will automatically lose when time's up. (requested by neotheropod)\n|inactive|neotheropod has 60 seconds left.\n|\n|t:|1773776819\n|move|p2a: Kyogre|Protect|p2a: Kyogre\n|-singleturn|p2a: Kyogre|Protect\n|move|p1a: Incineroar|Fake Out|p2a: Kyogre\n|-activate|p2a: Kyogre|move: Protect\n|move|p2b: Tornadus|Tailwind|p2b: Tornadus\n|-sidestart|p2: fernsthedruids|move: Tailwind\n|move|p1b: Flutter Mane|Icy Wind|p2a: Kyogre|[spread] p2b\n|-activate|p2a: Kyogre|move: Protect\n|-supereffective|p2b: Tornadus\n|-damage|p2b: Tornadus|73/100\n|\n|-weather|RainDance|[upkeep]\n|upkeep\n|turn|2\n|inactive|neotheropod has 30 seconds left.\n|\n|t:|1773776849\n|-terastallize|p1a: Incineroar|Water\n|move|p2b: Tornadus|Rain Dance||[still]\n|-fail|p2b: Tornadus\n|move|p2a: Kyogre|Water Spout|p1a: Incineroar|[spread] p1a,p1b\n|-resisted|p1a: Incineroar\n|-damage|p1a: Incineroar|44/100\n|-enditem|p1b: Flutter Mane|Focus Sash\n|-damage|p1b: Flutter Mane|1/100\n|move|p1b: Flutter Mane|Moonblast|p2a: Kyogre\n|-damage|p2a: Kyogre|63/100\n|move|p1a: Incineroar|Knock Off|p2a: Kyogre\n|-damage|p2a: Kyogre|27/100\n|-enditem|p2a: Kyogre|Mystic Water|[from] move: Knock Off|[of] p1a: Incineroar\n|\n|-weather|RainDance|[upkeep]\n|upkeep\n|turn|3\n|inactive|neotheropod has 30 seconds left.\n|\n|t:|1773776875\n|-end|p1b: Flutter Mane|Protosynthesis|[silent]\n|switch|p1b: Koraidon|Koraidon, L50|100/100\n|-weather|SunnyDay|[from] ability: Orichalcum Pulse|[of] p1b: Koraidon\n|-activate|p1b: Koraidon|Orichalcum Pulse|[source]\n|switch|p1a: Raging Bolt|Raging Bolt, L50|100/100\n|-activate|p1a: Raging Bolt|ability: Protosynthesis\n|-start|p1a: Raging Bolt|protosynthesisspa\n|move|p2b: Tornadus|Rain Dance|p2b: Tornadus\n|-weather|RainDance\n|-end|p1a: Raging Bolt|Protosynthesis\n|move|p2a: Kyogre|Origin Pulse|p1b: Koraidon|[spread] p1a\n|-miss|p2a: Kyogre|p1b: Koraidon\n|-resisted|p1a: Raging Bolt\n|-damage|p1a: Raging Bolt|76/100\n|\n|-weather|RainDance|[upkeep]\n|upkeep\n|turn|4\n|inactive|neotheropod has 30 seconds left.\n|inactive|fernsthedruids has 30 seconds left.\n|\n|t:|1773776907\n|switch|p2a: Incineroar|Incineroar, L50, M|100/100\n|-ability|p2a: Incineroar|Intimidate|boost\n|-unboost|p1a: Raging Bolt|atk|1\n|-unboost|p1b: Koraidon|atk|1\n|switch|p1b: Incineroar|Incineroar, L50, F, tera:Water|44/100\n|-ability|p1b: Incineroar|Intimidate|boost\n|-unboost|p2a: Incineroar|atk|1\n|-unboost|p2b: Tornadus|atk|1\n|-terastallize|p2b: Tornadus|Grass\n|move|p2b: Tornadus|Hurricane|p1b: Incineroar\n|-damage|p1b: Incineroar|2/100\n|-start|p1b: Incineroar|confusion\n|move|p1a: Raging Bolt|Electroweb|p2b: Tornadus|[spread] p2a,p2b\n|-resisted|p2b: Tornadus\n|-damage|p2a: Incineroar|80/100\n|-damage|p2b: Tornadus|62/100\n|-unboost|p2a: Incineroar|spe|1\n|\n|-weather|RainDance|[upkeep]\n|-sideend|p2: fernsthedruids|move: Tailwind\n|upkeep\n|turn|5\n|inactive|neotheropod has 30 seconds left.\n|inactive|fernsthedruids has 30 seconds left.\n|inactive|neotheropod has 20 seconds left.\n|\n|t:|1773776947\n|switch|p1b: Koraidon|Koraidon, L50|100/100\n|-weather|SunnyDay|[from] ability: Orichalcum Pulse|[of] p1b: Koraidon\n|-activate|p1a: Raging Bolt|ability: Protosynthesis\n|-start|p1a: Raging Bolt|protosynthesisspa\n|-activate|p1b: Koraidon|Orichalcum Pulse|[source]\n|move|p2a: Incineroar|Fake Out|p1b: Koraidon\n|-damage|p1b: Koraidon|94/100\n|move|p2b: Tornadus|Tailwind|p2b: Tornadus\n|-sidestart|p2: fernsthedruids|move: Tailwind\n|move|p1a: Raging Bolt|Draco Meteor|p2b: Tornadus\n|-damage|p2b: Tornadus|0 fnt\n|-unboost|p1a: Raging Bolt|spa|2\n|faint|p2b: Tornadus\n|\n|-weather|SunnyDay|[upkeep]\n|upkeep\n|\n|t:|1773776954\n|switch|p2b: Raging Bolt|Raging Bolt, L50|100/100\n|-activate|p2b: Raging Bolt|ability: Protosynthesis\n|-start|p2b: Raging Bolt|protosynthesisspa\n|turn|6\n|inactive|neotheropod has 30 seconds left.\n|\n|t:|1773776984\n|-end|p1a: Raging Bolt|Protosynthesis|[silent]\n|switch|p1a: Flutter Mane|Flutter Mane, L50|1/100\n|-activate|p1a: Flutter Mane|ability: Protosynthesis\n|-start|p1a: Flutter Mane|protosynthesisspe\n|move|p2b: Raging Bolt|Draco Meteor|p1b: Koraidon\n|-supereffective|p1b: Koraidon\n|-damage|p1b: Koraidon|0 fnt\n|-unboost|p2b: Raging Bolt|spa|2\n|faint|p1b: Koraidon\n|-damage|p2b: Raging Bolt|91/100|[from] item: Life Orb\n|move|p2a: Incineroar|Knock Off|p1a: Flutter Mane\n|-damage|p1a: Flutter Mane|0 fnt\n|faint|p1a: Flutter Mane\n|-end|p1a: Flutter Mane|Protosynthesis|[silent]\n|\n|-weather|SunnyDay|[upkeep]\n|upkeep\n|\n|t:|1773777002\n|switch|p1a: Incineroar|Incineroar, L50, F, tera:Water|2/100\n|switch|p1b: Raging Bolt|Raging Bolt, L50|76/100\n|-ability|p1a: Incineroar|Intimidate|boost\n|-unboost|p2a: Incineroar|atk|1\n|-unboost|p2b: Raging Bolt|atk|1\n|-activate|p1b: Raging Bolt|ability: Protosynthesis\n|-start|p1b: Raging Bolt|protosynthesisspa\n|turn|7\n|inactive|neotheropod has 30 seconds left.\n|\n|t:|1773777034\n|-end|p2b: Raging Bolt|Protosynthesis|[silent]\n|switch|p2b: Kyogre|Kyogre, L50|27/100\n|-weather|RainDance|[from] ability: Drizzle|[of] p2b: Kyogre\n|-end|p1b: Raging Bolt|Protosynthesis\n|move|p1a: Incineroar|Fake Out|p2b: Kyogre\n|-damage|p2b: Kyogre|16/100\n|move|p1b: Raging Bolt|Draco Meteor|p2b: Kyogre\n|-damage|p2b: Kyogre|0 fnt\n|-unboost|p1b: Raging Bolt|spa|2\n|faint|p2b: Kyogre\n|move|p2a: Incineroar|Knock Off|p1a: Incineroar\n|-damage|p1a: Incineroar|0 fnt\n|-damage|p2a: Incineroar|63/100|[from] item: Rocky Helmet|[of] p1a: Incineroar\n|-enditem|p1a: Incineroar|Rocky Helmet|[from] move: Knock Off|[of] p2a: Incineroar\n|faint|p1a: Incineroar\n|\n|-weather|RainDance|[upkeep]\n|upkeep\n|\n|t:|1773777042\n|switch|p2b: Raging Bolt|Raging Bolt, L50|91/100\n|turn|8\n|\n|t:|1773777056\n|move|p2b: Raging Bolt|Draco Meteor|p1b: Raging Bolt|[miss]\n|-miss|p2b: Raging Bolt|p1b: Raging Bolt\n|move|p1b: Raging Bolt|Draco Meteor|p2b: Raging Bolt\n|-supereffective|p2b: Raging Bolt\n|-crit|p2b: Raging Bolt\n|-damage|p2b: Raging Bolt|0 fnt\n|-unboost|p1b: Raging Bolt|spa|2\n|faint|p2b: Raging Bolt\n|-end|p2b: Raging Bolt|Protosynthesis|[silent]\n|move|p2a: Incineroar|Knock Off|p1b: Raging Bolt\n|-damage|p1b: Raging Bolt|60/100\n|-enditem|p1b: Raging Bolt|Assault Vest|[from] move: Knock Off|[of] p2a: Incineroar\n|\n|-weather|RainDance|[upkeep]\n|-sideend|p2: fernsthedruids|move: Tailwind\n|upkeep\n|turn|9\n|c|\u2606fernsthedruids|huh\n|c|\u2606fernsthedruids|well\n|c|\u2606fernsthedruids|that's really something\n|\n|t:|1773777078\n|move|p1b: Raging Bolt|Thunderclap||[still]\n|-fail|p1b: Raging Bolt\n|move|p2a: Incineroar|Will-O-Wisp|p1b: Raging Bolt\n|-status|p1b: Raging Bolt|brn\n|\n|-weather|RainDance|[upkeep]\n|-damage|p1b: Raging Bolt|54/100 brn|[from] brn\n|upkeep\n|turn|10\n|c|\u2606neotheropod|\ud83d\ude2d\n|c|\u2606fernsthedruids|I was like surelt not\n|c|\u2606fernsthedruids|hmm\n|\n|t:|1773777100\n|move|p1b: Raging Bolt|Draco Meteor|p2a: Incineroar\n|-damage|p2a: Incineroar|43/100\n|-unboost|p1b: Raging Bolt|spa|2\n|move|p2a: Incineroar|Knock Off|p1b: Raging Bolt\n|-damage|p1b: Raging Bolt|43/100 brn\n|\n|-weather|RainDance|[upkeep]\n|-damage|p1b: Raging Bolt|36/100 brn|[from] brn\n|upkeep\n|turn|11\n|\n|t:|1773777114\n|move|p1b: Raging Bolt|Draco Meteor|p2a: Incineroar\n|-damage|p2a: Incineroar|26/100\n|move|p2a: Incineroar|Knock Off|p1b: Raging Bolt\n|-damage|p1b: Raging Bolt|27/100 brn\n|\n|-weather|none\n|-damage|p1b: Raging Bolt|20/100 brn|[from] brn\n|upkeep\n|turn|12\n|c|\u2606neotheropod|gg it made me laugh\n|\n|t:|1773777126\n|move|p1b: Raging Bolt|Draco Meteor|p2a: Incineroar\n|-damage|p2a: Incineroar|11/100\n|move|p2a: Incineroar|Knock Off|p1b: Raging Bolt\n|-damage|p1b: Raging Bolt|9/100 brn\n|\n|-damage|p1b: Raging Bolt|3/100 brn|[from] brn\n|upkeep\n|turn|13\n|\n|t:|1773777145\n|move|p1b: Raging Bolt|Draco Meteor|p2a: Incineroar\n|-damage|p2a: Incineroar|0 fnt\n|faint|p2a: Incineroar\n|\n|win|neotheropod\n|raw|neotheropod's rating: 1161 &rarr; <strong>1195</strong><br />(+34 for winning)\n|raw|fernsthedruids's rating: 1299 &rarr; <strong>1265</strong><br />(-34 for losing)\n|l|\u2606neotheropod\n|player|p1|\n|c|\u2606fernsthedruids|huh\n|c|\u2606fernsthedruids|well\n|c|\u2606fernsthedruids|that happened I guess\n","uploadtime":1773777173,"views":22,"formatid":"gen9vgc2026regi","rating":1195,"private":0,"password":null}