{"id":"gen9vgc2026regi-2578064698","format":"[Gen 9] VGC 2026 Reg I","players":["Wan Wood","vestige666"],"log":"|j|\u2606Wan Wood\n|j|\u2606vestige666\n|t:|1775643251\n|gametype|doubles\n|player|p1|Wan Wood|2|1425\n|player|p2|vestige666|blackbelt-gen4dp|1444\n|gen|9\n|tier|[Gen 9] VGC 2026 Reg I\n|rated|\n|rule|Species Clause: Limit one of each Pok\u00e9mon\n|rule|Item Clause: Limit 1 of each item\n|clearpoke\n|poke|p1|Rayquaza, L50|\n|poke|p1|Chien-Pao, L50|\n|poke|p1|Rillaboom, L50, F|\n|poke|p1|Volcarona, L50, M|\n|poke|p1|Urshifu-*, L50, F|\n|poke|p1|Solgaleo, L50|\n|poke|p2|Rayquaza, L50|\n|poke|p2|Calyrex-Shadow, L50|\n|poke|p2|Tornadus, L50, M|\n|poke|p2|Smeargle, L50, F|\n|poke|p2|Urshifu-*, L50, F|\n|poke|p2|Clefairy, L50, F|\n|teampreview|4\n|inactive|Battle timer is ON: inactive players will automatically lose when time's up. (requested by Wan Wood)\n|\n|t:|1775643278\n|teamsize|p1|4\n|teamsize|p2|4\n|start\n|switch|p1a: Chien-Pao|Chien-Pao, L50|100/100\n|switch|p1b: Solgaleo|Solgaleo, L50|100/100\n|switch|p2a: Ouro Kronii|Urshifu-Rapid-Strike, L50, F|100/100\n|switch|p2b: Cecilia Immergreen|Tornadus, L50, M|100/100\n|-ability|p1a: Chien-Pao|Sword of Ruin\n|turn|1\n|inactive|vestige666 has 30 seconds left.\n|\n|t:|1775643305\n|move|p2b: Cecilia Immergreen|Tailwind|p2b: Cecilia Immergreen\n|-sidestart|p2: vestige666|move: Tailwind\n|move|p2a: Ouro Kronii|Surging Strikes|p1b: Solgaleo\n|-crit|p1b: Solgaleo\n|-damage|p1b: Solgaleo|76/100\n|-crit|p1b: Solgaleo\n|-damage|p1b: Solgaleo|54/100\n|-crit|p1b: Solgaleo\n|-damage|p1b: Solgaleo|30/100\n|-hitcount|p1b: Solgaleo|3\n|move|p1a: Chien-Pao|Ice Spinner|p2b: Cecilia Immergreen\n|-supereffective|p2b: Cecilia Immergreen\n|-damage|p2b: Cecilia Immergreen|0 fnt\n|faint|p2b: Cecilia Immergreen\n|move|p1b: Solgaleo|Sunsteel Strike|p2a: Ouro Kronii\n|-resisted|p2a: Ouro Kronii\n|-damage|p2a: Ouro Kronii|56/100\n|-damage|p1b: Solgaleo|20/100|[from] item: Life Orb\n|\n|upkeep\n|\n|t:|1775643327\n|switch|p2b: Nerissa Ravencroft|Calyrex-Shadow, L50|100/100\n|-ability|p2b: Nerissa Ravencroft|As One\n|-ability|p2b: Nerissa Ravencroft|Unnerve\n|turn|2\n|\n|t:|1775643337\n|switch|p1b: Rayquaza|Rayquaza, L50|100/100\n|-ability|p1b: Rayquaza|Air Lock\n|move|p1a: Chien-Pao|Sucker Punch||[still]\n|-fail|p1a: Chien-Pao\n|move|p2a: Ouro Kronii|Surging Strikes|p1a: Chien-Pao\n|-crit|p1a: Chien-Pao\n|-damage|p1a: Chien-Pao|70/100\n|-crit|p1a: Chien-Pao\n|-damage|p1a: Chien-Pao|38/100\n|-crit|p1a: Chien-Pao\n|-damage|p1a: Chien-Pao|7/100\n|-hitcount|p1a: Chien-Pao|3\n|move|p2b: Nerissa Ravencroft|Nasty Plot|p2b: Nerissa Ravencroft\n|-boost|p2b: Nerissa Ravencroft|spa|2\n|\n|upkeep\n|turn|3\n|inactive|vestige666 has 30 seconds left.\n|j| felipesol2\n|inactive|vestige666 has 20 seconds left.\n|\n|t:|1775643373\n|switch|p2a: Gigi Murin|Smeargle, L50, F|100/100\n|-terastallize|p2b: Nerissa Ravencroft|Dark\n|-terastallize|p1b: Rayquaza|Normal\n|move|p1b: Rayquaza|Extreme Speed|p2a: Gigi Murin\n|-enditem|p2a: Gigi Murin|Focus Sash\n|-damage|p2a: Gigi Murin|1/100\n|move|p1a: Chien-Pao|Sucker Punch|p2b: Nerissa Ravencroft\n|-resisted|p2b: Nerissa Ravencroft\n|-damage|p2b: Nerissa Ravencroft|70/100\n|move|p2b: Nerissa Ravencroft|Astral Barrage|p1a: Chien-Pao|[spread] p1a\n|-immune|p1b: Rayquaza\n|-resisted|p1a: Chien-Pao\n|-damage|p1a: Chien-Pao|0 fnt\n|faint|p1a: Chien-Pao\n|-ability|p2b: Nerissa Ravencroft|Grim Neigh|boost\n|-boost|p2b: Nerissa Ravencroft|spa|1\n|-damage|p2b: Nerissa Ravencroft|60/100|[from] item: Life Orb\n|\n|-ability|p2a: Gigi Murin|Moody|boost\n|-boost|p2a: Gigi Murin|def|2\n|-unboost|p2a: Gigi Murin|spa|1\n|upkeep\n|\n|t:|1775643390\n|switch|p1a: Solgaleo|Solgaleo, L50|20/100\n|turn|4\n|l| felipesol2\n|inactive|vestige666 has 30 seconds left.\n|inactive|vestige666 has 20 seconds left.\n|\n|t:|1775643425\n|move|p1b: Rayquaza|Protect|p1b: Rayquaza\n|-singleturn|p1b: Rayquaza|Protect\n|move|p2a: Gigi Murin|Fake Out|p1b: Rayquaza\n|-activate|p1b: Rayquaza|move: Protect\n|move|p2b: Nerissa Ravencroft|Psychic|p1b: Rayquaza\n|-activate|p1b: Rayquaza|move: Protect\n|move|p1a: Solgaleo|Earthquake|p2a: Gigi Murin|[spread] p2a,p2b\n|-activate|p1b: Rayquaza|move: Protect\n|-damage|p2a: Gigi Murin|0 fnt\n|-damage|p2b: Nerissa Ravencroft|15/100\n|faint|p2a: Gigi Murin\n|-damage|p1a: Solgaleo|10/100|[from] item: Life Orb\n|\n|-sideend|p2: vestige666|move: Tailwind\n|upkeep\n|\n|t:|1775643430\n|switch|p2a: Ouro Kronii|Urshifu-Rapid-Strike, L50, F|56/100\n|turn|5\n|inactive|Wan Wood has 30 seconds left.\n|inactive|Wan Wood has 20 seconds left.\n|\n|t:|1775643466\n|switch|p1b: Urshifu|Urshifu-Rapid-Strike, L50, F|100/100\n|move|p2b: Nerissa Ravencroft|Protect|p2b: Nerissa Ravencroft\n|-singleturn|p2b: Nerissa Ravencroft|Protect\n|move|p2a: Ouro Kronii|Close Combat|p1b: Urshifu\n|-damage|p1b: Urshifu|34/100\n|-unboost|p2a: Ouro Kronii|def|1\n|-unboost|p2a: Ouro Kronii|spd|1\n|move|p1a: Solgaleo|Sunsteel Strike|p2b: Nerissa Ravencroft\n|-activate|p2b: Nerissa Ravencroft|move: Protect\n|\n|upkeep\n|turn|6\n|\n|t:|1775643484\n|move|p1b: Urshifu|U-turn|p2b: Nerissa Ravencroft\n|-supereffective|p2b: Nerissa Ravencroft\n|-damage|p2b: Nerissa Ravencroft|0 fnt\n|faint|p2b: Nerissa Ravencroft\n|\n|t:|1775643488\n|switch|p1b: Rayquaza|Rayquaza, L50, tera:Normal|100/100|[from] U-turn\n|-ability|p1b: Rayquaza|Air Lock\n|move|p2a: Ouro Kronii|Close Combat|p1b: Rayquaza\n|-supereffective|p1b: Rayquaza\n|-damage|p1b: Rayquaza|0 fnt\n|-unboost|p2a: Ouro Kronii|def|1\n|-unboost|p2a: Ouro Kronii|spd|1\n|faint|p1b: Rayquaza\n|move|p1a: Solgaleo|Earthquake|p2a: Ouro Kronii\n|-damage|p2a: Ouro Kronii|0 fnt\n|faint|p2a: Ouro Kronii\n|-damage|p1a: Solgaleo|0 fnt|[from] item: Life Orb\n|faint|p1a: Solgaleo\n|\n|win|Wan Wood\n|raw|Wan Wood's rating: 1425 &rarr; <strong>1446</strong><br />(+21 for winning)\n|raw|vestige666's rating: 1444 &rarr; <strong>1423</strong><br />(-21 for losing)\n|l|\u2606Wan Wood\n|player|p1|\n|l|\u2606vestige666\n|player|p2|\n","uploadtime":1775643738,"views":9,"formatid":"gen9vgc2026regi","rating":1423,"private":0,"password":null}