{"id":"gen9vgc2026regi-2560192179","format":"[Gen 9] VGC 2026 Reg I","players":["jonen","ziqopat"],"log":"|j|\u2606jonen\n|j|\u2606ziqopat\n|t:|1773664561\n|gametype|doubles\n|player|p1|jonen|medium|1140\n|player|p2|ziqopat|265|1084\n|gen|9\n|tier|[Gen 9] VGC 2026 Reg I\n|rated|\n|rule|Species Clause: Limit one of each Pok\u00e9mon\n|rule|Item Clause: Limit 1 of each item\n|clearpoke\n|poke|p1|Calyrex-Ice, L50|\n|poke|p1|Scraggy, L50, F|\n|poke|p1|Miraidon, L50|\n|poke|p1|Farigiraf, L50, F|\n|poke|p1|Iron Treads, L50|\n|poke|p1|Iron Hands, L50|\n|poke|p2|Koraidon, L50|\n|poke|p2|Brute Bonnet, L50|\n|poke|p2|Zamazenta-*, L50|\n|poke|p2|Flutter Mane, L50|\n|poke|p2|Incineroar, L50, F|\n|poke|p2|Indeedee-F, L50, F|\n|teampreview|4\n|inactive|Battle timer is ON: inactive players will automatically lose when time's up. (requested by jonen)\n|inactive|ziqopat has 60 seconds left.\n|inactive|ziqopat has 30 seconds left.\n|inactive|ziqopat has 20 seconds left.\n|inactive|ziqopat has 15 seconds left.\n|inactive|ziqopat has 10 seconds left.\n|inactive|ziqopat has 5 seconds left.\n|\n|t:|1773664732\n|teamsize|p1|4\n|teamsize|p2|4\n|start\n|switch|p1a: Calyrex|Calyrex-Ice, L50|100/100\n|switch|p1b: Scraggy|Scraggy, L50, F|100/100\n|switch|p2a: Koraidon|Koraidon, L50|100/100\n|switch|p2b: Brute Bonnet|Brute Bonnet, L50|100/100\n|-ability|p1a: Calyrex|As One\n|-ability|p1a: Calyrex|Unnerve\n|-weather|SunnyDay|[from] ability: Orichalcum Pulse|[of] p2a: Koraidon\n|-activate|p2b: Brute Bonnet|ability: Protosynthesis\n|-start|p2b: Brute Bonnet|protosynthesisdef\n|-activate|p2a: Koraidon|Orichalcum Pulse|[source]\n|-ability|p1b: Scraggy|Intimidate|boost\n|-unboost|p2a: Koraidon|atk|1\n|-unboost|p2b: Brute Bonnet|atk|1\n|turn|1\n|inactive|jonen has 30 seconds left.\n|inactive|ziqopat has 30 seconds left.\n|\n|t:|1773664763\n|-terastallize|p1a: Calyrex|Fire\n|move|p1b: Scraggy|Fake Out|p2b: Brute Bonnet\n|-damage|p2b: Brute Bonnet|96/100\n|-damage|p1b: Scraggy|84/100|[from] item: Rocky Helmet|[of] p2b: Brute Bonnet\n|move|p2a: Koraidon|Flare Blitz|p1a: Calyrex\n|-resisted|p1a: Calyrex\n|-damage|p1a: Calyrex|79/100\n|-damage|p2a: Koraidon|92/100|[from] Recoil\n|-damage|p2a: Koraidon|82/100|[from] item: Life Orb\n|cant|p2b: Brute Bonnet|flinch\n|move|p1a: Calyrex|Trick Room|p1a: Calyrex\n|-fieldstart|move: Trick Room|[of] p1a: Calyrex\n|\n|-weather|SunnyDay|[upkeep]\n|upkeep\n|turn|2\n|\n|t:|1773664783\n|-terastallize|p2a: Koraidon|Fire\n|move|p1a: Calyrex|Protect|p1a: Calyrex\n|-singleturn|p1a: Calyrex|Protect\n|move|p1b: Scraggy|Coaching|p1a: Calyrex\n|-boost|p1a: Calyrex|atk|1\n|-boost|p1a: Calyrex|def|1\n|move|p2b: Brute Bonnet|Spore|p1b: Scraggy\n|-status|p1b: Scraggy|slp|[from] move: Spore\n|move|p2a: Koraidon|Close Combat|p1a: Calyrex\n|-activate|p1a: Calyrex|move: Protect\n|\n|-weather|SunnyDay|[upkeep]\n|upkeep\n|turn|3\n|\n|t:|1773664801\n|switch|p1b: Iron Hands|Iron Hands, L50|100/100\n|move|p1a: Calyrex|High Horsepower|p2a: Koraidon\n|-supereffective|p2a: Koraidon\n|-damage|p2a: Koraidon|0 fnt\n|faint|p2a: Koraidon\n|-ability|p1a: Calyrex|Chilling Neigh|boost\n|-boost|p1a: Calyrex|atk|1\n|move|p2b: Brute Bonnet|Spore|p1a: Calyrex\n|-status|p1a: Calyrex|slp|[from] move: Spore\n|\n|-weather|SunnyDay|[upkeep]\n|upkeep\n|\n|t:|1773664813\n|switch|p2a: Zamazenta|Zamazenta-Crowned, L50|100/100\n|-ability|p2a: Zamazenta|Dauntless Shield|boost\n|-boost|p2a: Zamazenta|def|1\n|turn|4\n|\n|t:|1773664826\n|move|p1b: Iron Hands|Fake Out|p2b: Brute Bonnet\n|-damage|p2b: Brute Bonnet|88/100\n|-damage|p1b: Iron Hands|84/100|[from] item: Rocky Helmet|[of] p2b: Brute Bonnet\n|cant|p1a: Calyrex|slp\n|cant|p2b: Brute Bonnet|flinch\n|move|p2a: Zamazenta|Iron Defense|p2a: Zamazenta\n|-boost|p2a: Zamazenta|def|2\n|\n|-weather|SunnyDay|[upkeep]\n|upkeep\n|turn|5\n|\n|t:|1773664840\n|move|p1b: Iron Hands|Low Kick|p2a: Zamazenta\n|-supereffective|p2a: Zamazenta\n|-damage|p2a: Zamazenta|69/100\n|cant|p1a: Calyrex|slp\n|move|p2b: Brute Bonnet|Spore|p1b: Iron Hands\n|-status|p1b: Iron Hands|slp|[from] move: Spore\n|move|p2a: Zamazenta|Body Press|p1a: Calyrex\n|-damage|p1a: Calyrex|34/100 slp\n|\n|-weather|none\n|-end|p2b: Brute Bonnet|Protosynthesis\n|-fieldend|move: Trick Room\n|upkeep\n|turn|6\n|inactive|ziqopat has 30 seconds left.\n|\n|t:|1773664868\n|-end|p1b: Iron Hands|Quark Drive|[silent]\n|switch|p1b: Farigiraf|Farigiraf, L50, F|100/100\n|move|p2b: Brute Bonnet|Rage Powder|p2b: Brute Bonnet\n|-singleturn|p2b: Brute Bonnet|move: Rage Powder\n|move|p2a: Zamazenta|Body Press|p1a: Calyrex\n|-damage|p1a: Calyrex|0 fnt\n|faint|p1a: Calyrex\n|\n|upkeep\n|\n|t:|1773664874\n|switch|p1a: Scraggy|Scraggy, L50, F|84/100 slp\n|-ability|p1a: Scraggy|Intimidate|boost\n|-unboost|p2a: Zamazenta|atk|1\n|-unboost|p2b: Brute Bonnet|atk|1\n|turn|7\n|\n|t:|1773664893\n|move|p2a: Zamazenta|Body Press|p1a: Scraggy\n|-supereffective|p1a: Scraggy\n|-damage|p1a: Scraggy|0 fnt\n|faint|p1a: Scraggy\n|move|p1b: Farigiraf|Psychic|p2a: Zamazenta\n|-damage|p2a: Zamazenta|44/100\n|move|p2b: Brute Bonnet|Spore|p1b: Farigiraf\n|-status|p1b: Farigiraf|slp|[from] move: Spore\n|\n|upkeep\n|\n|t:|1773664899\n|switch|p1a: Iron Hands|Iron Hands, L50|84/100 slp\n|turn|8\n|-message|jonen forfeited.\n|\n|win|ziqopat\n|raw|jonen's rating: 1140 &rarr; <strong>1111</strong><br />(-29 for losing)\n|raw|ziqopat's rating: 1084 &rarr; <strong>1116</strong><br />(+32 for winning)\n","uploadtime":1773664903,"views":10,"formatid":"gen9vgc2026regi","rating":1111,"private":0,"password":null}