{"id":"gen9vgc2026regi-2539986937","format":"[Gen 9] VGC 2026 Reg I","players":["photon sheister","kazu1003"],"log":"|j|\u2606photon sheister\n|j|\u2606kazu1003\n|t:|1771138925\n|gametype|doubles\n|player|p1|photon sheister|266|1483\n|player|p2|kazu1003|ethan|1509\n|gen|9\n|tier|[Gen 9] VGC 2026 Reg I\n|rated|\n|rule|Species Clause: Limit one of each Pok\u00e9mon\n|rule|Item Clause: Limit 1 of each item\n|clearpoke\n|poke|p1|Miraidon, L50|\n|poke|p1|Lunala, L50|\n|poke|p1|Sylveon, L50, M|\n|poke|p1|Incineroar, L50, F|\n|poke|p1|Whimsicott, L50, F|\n|poke|p1|Urshifu-*, L50, M|\n|poke|p2|Miraidon, L50|\n|poke|p2|Calyrex-Ice, L50|\n|poke|p2|Incineroar, L50, M|\n|poke|p2|Urshifu-*, L50, F|\n|poke|p2|Whimsicott, L50, M|\n|poke|p2|Volcarona, L50, M|\n|teampreview|4\n|inactive|Battle timer is ON: inactive players will automatically lose when time's up. (requested by kazu1003)\n|\n|t:|1771138953\n|teamsize|p1|4\n|teamsize|p2|4\n|start\n|switch|p1a: Miraidon|Miraidon, L50, shiny|100/100\n|switch|p1b: Whimsicott|Whimsicott, L50, F, shiny|100/100\n|switch|p2a: Miraidon|Miraidon, L50, shiny|100/100\n|switch|p2b: Calyrex|Calyrex-Ice, L50|100/100\n|-ability|p2b: Calyrex|As One\n|-ability|p2b: Calyrex|Unnerve\n|-fieldstart|move: Electric Terrain|[from] ability: Hadron Engine|[of] p2a: Miraidon\n|-activate|p1a: Miraidon|ability: Hadron Engine\n|turn|1\n|inactive|kazu1003 has 30 seconds left.\n|inactive|kazu1003 has 20 seconds left.\n|inactive|kazu1003 has 15 seconds left.\n|inactive|kazu1003 has 10 seconds left.\n|\n|t:|1771138999\n|switch|p2b: Whimsicott|Whimsicott, L50, M|100/100\n|move|p2a: Miraidon|Protect|p2a: Miraidon\n|-singleturn|p2a: Miraidon|Protect\n|move|p1a: Miraidon|Draco Meteor|p2a: Miraidon\n|-activate|p2a: Miraidon|move: Protect\n|move|p1b: Whimsicott|Endeavor|p2b: Whimsicott\n|-damage|p2b: Whimsicott|72/100\n|\n|upkeep\n|turn|2\n|\n|t:|1771139020\n|switch|p1a: Lunala|Lunala, L50|100/100\n|-enditem|p1a: Lunala|Electric Seed\n|-boost|p1a: Lunala|def|1|[from] item: Electric Seed\n|-terastallize|p2a: Miraidon|Electric\n|move|p1b: Whimsicott|Encore|p2a: Miraidon\n|-start|p2a: Miraidon|Encore\n|move|p2b: Whimsicott|Light Screen|p2b: Whimsicott\n|-sidestart|p2: kazu1003|move: Light Screen\n|move|p2a: Miraidon|Protect||[still]\n|-fail|p2a: Miraidon\n|\n|upkeep\n|turn|3\n|\n|t:|1771139043\n|switch|p2a: Urshifu|Urshifu, L50, F|100/100\n|move|p1b: Whimsicott|Endeavor|p2a: Urshifu\n|-damage|p2a: Urshifu|69/100\n|move|p2b: Whimsicott|Moonblast|p1a: Lunala\n|-damage|p1a: Lunala|89/100\n|move|p1a: Lunala|Moongeist Beam|p2a: Urshifu\n|-resisted|p2a: Urshifu\n|-damage|p2a: Urshifu|40/100\n|\n|upkeep\n|turn|4\n|\n|t:|1771139061\n|-terastallize|p1a: Lunala|Fairy\n|move|p1b: Whimsicott|Tailwind|p1b: Whimsicott\n|-sidestart|p1: photon sheister|move: Tailwind\n|move|p2b: Whimsicott|Tailwind|p2b: Whimsicott\n|-sidestart|p2: kazu1003|move: Tailwind\n|move|p2a: Urshifu|Wicked Blow|p1a: Lunala\n|-resisted|p1a: Lunala\n|-crit|p1a: Lunala\n|-damage|p1a: Lunala|67/100\n|move|p1a: Lunala|Moonblast|p2b: Whimsicott\n|-damage|p2b: Whimsicott|41/100\n|\n|upkeep\n|turn|5\n|\n|t:|1771139077\n|move|p2a: Urshifu|Detect|p2a: Urshifu\n|-singleturn|p2a: Urshifu|Protect\n|move|p1b: Whimsicott|Encore|p2b: Whimsicott\n|-start|p2b: Whimsicott|Encore\n|-enditem|p2b: Whimsicott|Mental Herb\n|-end|p2b: Whimsicott|Encore\n|move|p2b: Whimsicott|Moonblast|p1a: Lunala\n|-damage|p1a: Lunala|47/100\n|-unboost|p1a: Lunala|spa|1\n|move|p1a: Lunala|Moonblast|p2a: Urshifu\n|-activate|p2a: Urshifu|move: Protect\n|\n|-fieldend|move: Electric Terrain\n|upkeep\n|turn|6\n|\n|t:|1771139098\n|move|p1b: Whimsicott|Moonblast|p2a: Urshifu\n|-supereffective|p2a: Urshifu\n|-damage|p2a: Urshifu|0 fnt\n|faint|p2a: Urshifu\n|move|p2b: Whimsicott|Moonblast|p1a: Lunala\n|-damage|p1a: Lunala|27/100\n|-unboost|p1a: Lunala|spa|1\n|move|p1a: Lunala|Moongeist Beam|p2b: Whimsicott\n|-damage|p2b: Whimsicott|22/100\n|\n|-sideend|p2: kazu1003|move: Light Screen\n|upkeep\n|\n|t:|1771139112\n|switch|p2a: Miraidon|Miraidon, L50, shiny, tera:Electric|100/100\n|-fieldstart|move: Electric Terrain|[from] ability: Hadron Engine|[of] p2a: Miraidon\n|turn|7\n|\n|t:|1771139122\n|move|p1a: Lunala|Wide Guard|p1a: Lunala\n|-singleturn|p1a: Lunala|Wide Guard\n|move|p2b: Whimsicott|Light Screen|p2b: Whimsicott\n|-sidestart|p2: kazu1003|move: Light Screen\n|move|p2a: Miraidon|Electro Drift|p1a: Lunala\n|-damage|p1a: Lunala|0 fnt\n|faint|p1a: Lunala\n|-damage|p2a: Miraidon|91/100|[from] item: Life Orb\n|move|p1b: Whimsicott|Moonblast|p2b: Whimsicott\n|-damage|p2b: Whimsicott|0 fnt\n|faint|p2b: Whimsicott\n|\n|-sideend|p2: kazu1003|move: Tailwind\n|-sideend|p1: photon sheister|move: Tailwind\n|upkeep\n|\n|t:|1771139135\n|switch|p2b: Calyrex|Calyrex-Ice, L50|100/100\n|switch|p1a: Urshifu|Urshifu-Rapid-Strike, L50, M|100/100\n|-ability|p2b: Calyrex|As One\n|-ability|p2b: Calyrex|Unnerve\n|turn|8\n|\n|t:|1771139140\n|move|p1b: Whimsicott|Tailwind|p1b: Whimsicott\n|-sidestart|p1: photon sheister|move: Tailwind\n|move|p1a: Urshifu|Close Combat|p2a: Miraidon\n|-damage|p2a: Miraidon|0 fnt\n|-unboost|p1a: Urshifu|def|1\n|-unboost|p1a: Urshifu|spd|1\n|faint|p2a: Miraidon\n|move|p2b: Calyrex|Glacial Lance|p1a: Urshifu|[spread] p1a,p1b\n|-resisted|p1a: Urshifu\n|-supereffective|p1b: Whimsicott\n|-damage|p1a: Urshifu|60/100\n|-enditem|p1b: Whimsicott|Focus Sash\n|-damage|p1b: Whimsicott|1/100\n|\n|upkeep\n|turn|9\n|-message|kazu1003 forfeited.\n|\n|win|photon sheister\n|raw|photon sheister's rating: 1483 &rarr; <strong>1504</strong><br />(+21 for winning)\n|raw|kazu1003's rating: 1509 &rarr; <strong>1488</strong><br />(-21 for losing)\n|l|\u2606photon sheister\n|player|p1|\n","uploadtime":1771139154,"views":40,"formatid":"gen9vgc2026regi","rating":1488,"private":0,"password":null}