{"id":"gen9vgc2026regi-2563435548","format":"[Gen 9] VGC 2026 Reg I","players":["Gene10","Wakandius_PMSD"],"log":"|badge|p2|bronze|gen9randombattle|100-8\n|uhtml|medal-msg|<div class=\"broadcast-blue\">Curious what those medals under the avatar are? PS now has Ladder Seasons! For more information, check out the <a href=\"https://www.smogon.com/forums/threads/3740067/\">thread on Smogon.</a></div>\n|j|\u2606Gene10\n|j|\u2606Wakandius_PMSD\n|t:|1774026013\n|gametype|doubles\n|player|p1|Gene10|169|1446\n|player|p2|Wakandius_PMSD|265|1422\n|gen|9\n|tier|[Gen 9] VGC 2026 Reg I\n|rated|\n|rule|Species Clause: Limit one of each Pok\u00e9mon\n|rule|Item Clause: Limit 1 of each item\n|clearpoke\n|poke|p1|Calyrex-Shadow, L50|\n|poke|p1|Zamazenta-*, L50|\n|poke|p1|Rillaboom, L50, F|\n|poke|p1|Incineroar, L50, F|\n|poke|p1|Whimsicott, L50, F|\n|poke|p1|Flutter Mane, L50|\n|poke|p2|Calyrex-Ice, L50|\n|poke|p2|Miraidon, L50|\n|poke|p2|Ursaluna, L50, F|\n|poke|p2|Volcarona, L50, F|\n|poke|p2|Grimmsnarl, L50, M|\n|poke|p2|Iron Hands, L50|\n|teampreview|4\n|inactive|Battle timer is ON: inactive players will automatically lose when time's up. (requested by Gene10)\n|inactive|Wakandius_PMSD has 60 seconds left.\n|\n|t:|1774026057\n|teamsize|p1|4\n|teamsize|p2|4\n|start\n|switch|p1a: Zamazenta|Zamazenta-Crowned, L50|100/100\n|switch|p1b: Flutter Mane|Flutter Mane, L50|100/100\n|switch|p2a: Grimmsnarl|Grimmsnarl, L50, M|100/100\n|switch|p2b: Miraidon|Miraidon, L50|100/100\n|-ability|p1a: Zamazenta|Dauntless Shield|boost\n|-boost|p1a: Zamazenta|def|1\n|-fieldstart|move: Electric Terrain|[from] ability: Hadron Engine|[of] p2b: Miraidon\n|-enditem|p1b: Flutter Mane|Booster Energy\n|-activate|p1b: Flutter Mane|ability: Protosynthesis|[fromitem]\n|-start|p1b: Flutter Mane|protosynthesisspe\n|turn|1\n|\n|t:|1774026073\n|move|p2a: Grimmsnarl|Light Screen|p2a: Grimmsnarl\n|-sidestart|p2: Wakandius_PMSD|move: Light Screen\n|move|p1b: Flutter Mane|Moonblast|p2a: Grimmsnarl\n|-supereffective|p2a: Grimmsnarl\n|-damage|p2a: Grimmsnarl|50/100\n|move|p1a: Zamazenta|Heavy Slam|p2a: Grimmsnarl\n|-supereffective|p2a: Grimmsnarl\n|-damage|p2a: Grimmsnarl|0 fnt\n|faint|p2a: Grimmsnarl\n|move|p2b: Miraidon|Electro Drift|p1a: Zamazenta\n|-crit|p1a: Zamazenta\n|-damage|p1a: Zamazenta|0 fnt\n|faint|p1a: Zamazenta\n|\n|upkeep\n|\n|t:|1774026088\n|switch|p1a: Rillaboom|Rillaboom, L50, F|100/100\n|switch|p2a: Volcarona|Volcarona, L50, F|100/100\n|-fieldstart|move: Grassy Terrain|[from] ability: Grassy Surge|[of] p1a: Rillaboom\n|turn|2\n|\n|t:|1774026103\n|switch|p2b: Calyrex|Calyrex-Ice, L50|100/100\n|-ability|p2b: Calyrex|As One\n|-ability|p2b: Calyrex|Unnerve\n|move|p2a: Volcarona|Rage Powder|p2a: Volcarona\n|-singleturn|p2a: Volcarona|move: Rage Powder\n|move|p1b: Flutter Mane|Moonblast|p2a: Volcarona\n|-resisted|p2a: Volcarona\n|-damage|p2a: Volcarona|89/100\n|move|p1a: Rillaboom|U-turn|p2b: Calyrex\n|-supereffective|p2b: Calyrex\n|-damage|p2b: Calyrex|73/100\n|\n|t:|1774026115\n|switch|p1a: Calyrex|Calyrex-Shadow, L50|100/100|[from] U-turn\n|-ability|p1a: Calyrex|As One\n|-ability|p1a: Calyrex|Unnerve\n|\n|-heal|p2a: Volcarona|95/100|[from] Grassy Terrain\n|-heal|p2b: Calyrex|79/100|[from] Grassy Terrain\n|-heal|p2b: Calyrex|85/100|[from] item: Leftovers\n|upkeep\n|turn|3\n|\n|t:|1774026135\n|-terastallize|p2b: Calyrex|Water\n|move|p2a: Volcarona|Rage Powder|p2a: Volcarona\n|-singleturn|p2a: Volcarona|move: Rage Powder\n|move|p1b: Flutter Mane|Taunt|p2a: Volcarona\n|-start|p2a: Volcarona|move: Taunt\n|move|p1a: Calyrex|Nasty Plot|p1a: Calyrex\n|-boost|p1a: Calyrex|spa|2\n|move|p2b: Calyrex|Trick Room|p2b: Calyrex\n|-fieldstart|move: Trick Room|[of] p2b: Calyrex\n|\n|-heal|p2b: Calyrex|91/100|[from] Grassy Terrain\n|-heal|p2b: Calyrex|97/100|[from] item: Leftovers\n|-heal|p2a: Volcarona|100/100|[from] Grassy Terrain\n|upkeep\n|turn|4\n|inactive|Gene10 has 30 seconds left.\n|\n|t:|1774026161\n|move|p1a: Calyrex|Protect|p1a: Calyrex\n|-singleturn|p1a: Calyrex|Protect\n|move|p2b: Calyrex|Glacial Lance|p1a: Calyrex|[spread] p1b\n|-activate|p1a: Calyrex|move: Protect\n|-damage|p1b: Flutter Mane|18/100\n|move|p2a: Volcarona|Struggle Bug|p1a: Calyrex|[spread] p1b\n|-activate|p1a: Calyrex|move: Protect\n|-resisted|p1b: Flutter Mane\n|-damage|p1b: Flutter Mane|14/100\n|-unboost|p1b: Flutter Mane|spa|1\n|move|p1b: Flutter Mane|Moonblast|p2b: Calyrex\n|-damage|p2b: Calyrex|85/100\n|\n|-heal|p2b: Calyrex|91/100|[from] Grassy Terrain\n|-heal|p2b: Calyrex|97/100|[from] item: Leftovers\n|-heal|p1b: Flutter Mane|20/100|[from] Grassy Terrain\n|upkeep\n|turn|5\n|\n|t:|1774026184\n|-terastallize|p1a: Calyrex|Ghost\n|move|p1b: Flutter Mane|Protect|p1b: Flutter Mane\n|-singleturn|p1b: Flutter Mane|Protect\n|move|p2b: Calyrex|Glacial Lance|p1b: Flutter Mane|[spread] p1a\n|-activate|p1b: Flutter Mane|move: Protect\n|-damage|p1a: Calyrex|35/100\n|move|p2a: Volcarona|Struggle Bug|p1b: Flutter Mane|[spread] p1a\n|-activate|p1b: Flutter Mane|move: Protect\n|-resisted|p1a: Calyrex\n|-damage|p1a: Calyrex|26/100\n|-unboost|p1a: Calyrex|spa|1\n|move|p1a: Calyrex|Astral Barrage|p2a: Volcarona|[spread] p2a,p2b\n|-damage|p2a: Volcarona|37/100\n|-damage|p2b: Calyrex|54/100\n|\n|-heal|p2b: Calyrex|60/100|[from] Grassy Terrain\n|-heal|p2b: Calyrex|65/100|[from] item: Leftovers\n|-heal|p2a: Volcarona|44/100|[from] Grassy Terrain\n|-heal|p1a: Calyrex|32/100|[from] Grassy Terrain\n|-heal|p1b: Flutter Mane|26/100|[from] Grassy Terrain\n|upkeep\n|turn|6\n|inactive|Gene10 has 30 seconds left.\n|\n|t:|1774026210\n|move|p1a: Calyrex|Protect|p1a: Calyrex\n|-singleturn|p1a: Calyrex|Protect\n|move|p2b: Calyrex|Glacial Lance|p1b: Flutter Mane|[spread] p1b\n|-activate|p1a: Calyrex|move: Protect\n|-damage|p1b: Flutter Mane|0 fnt\n|faint|p1b: Flutter Mane\n|-end|p1b: Flutter Mane|Protosynthesis|[silent]\n|-ability|p2b: Calyrex|Chilling Neigh|boost\n|-boost|p2b: Calyrex|atk|1\n|move|p2a: Volcarona|Struggle Bug|p1a: Calyrex\n|-activate|p1a: Calyrex|move: Protect\n|\n|-heal|p2b: Calyrex|71/100|[from] Grassy Terrain\n|-heal|p2b: Calyrex|77/100|[from] item: Leftovers\n|-heal|p2a: Volcarona|50/100|[from] Grassy Terrain\n|-heal|p1a: Calyrex|38/100|[from] Grassy Terrain\n|-end|p2a: Volcarona|move: Taunt\n|-fieldend|move: Grassy Terrain\n|upkeep\n|\n|t:|1774026213\n|switch|p1b: Rillaboom|Rillaboom, L50, F|100/100\n|-fieldstart|move: Grassy Terrain|[from] ability: Grassy Surge|[of] p1b: Rillaboom\n|turn|7\n|\n|t:|1774026234\n|move|p1b: Rillaboom|Fake Out|p2b: Calyrex\n|-damage|p2b: Calyrex|68/100\n|cant|p2b: Calyrex|flinch\n|move|p2a: Volcarona|Tailwind|p2a: Volcarona\n|-sidestart|p2: Wakandius_PMSD|move: Tailwind\n|move|p1a: Calyrex|Astral Barrage|p2a: Volcarona|[spread] p2a,p2b\n|-damage|p2a: Volcarona|0 fnt\n|-damage|p2b: Calyrex|28/100\n|faint|p2a: Volcarona\n|-ability|p1a: Calyrex|Grim Neigh|boost\n|-boost|p1a: Calyrex|spa|1\n|\n|-heal|p2b: Calyrex|34/100|[from] Grassy Terrain\n|-heal|p2b: Calyrex|40/100|[from] item: Leftovers\n|-heal|p1a: Calyrex|43/100|[from] Grassy Terrain\n|-fieldend|move: Trick Room\n|upkeep\n|\n|t:|1774026243\n|switch|p2a: Miraidon|Miraidon, L50|100/100\n|-fieldstart|move: Electric Terrain|[from] ability: Hadron Engine|[of] p2a: Miraidon\n|turn|8\n|\n|t:|1774026257\n|move|p1a: Calyrex|Protect|p1a: Calyrex\n|-singleturn|p1a: Calyrex|Protect\n|move|p2a: Miraidon|Electro Drift|p1a: Calyrex\n|-activate|p1a: Calyrex|move: Protect\n|move|p2b: Calyrex|Glacial Lance|p1a: Calyrex|[spread] p1b\n|-activate|p1a: Calyrex|move: Protect\n|-supereffective|p1b: Rillaboom\n|-damage|p1b: Rillaboom|0 fnt\n|faint|p1b: Rillaboom\n|-ability|p2b: Calyrex|Chilling Neigh|boost\n|-boost|p2b: Calyrex|atk|1\n|\n|-heal|p2b: Calyrex|45/100|[from] item: Leftovers\n|-sideend|p2: Wakandius_PMSD|move: Light Screen\n|upkeep\n|turn|9\n|-message|Gene10 forfeited.\n|\n|win|Wakandius_PMSD\n|raw|Gene10's rating: 1446 &rarr; <strong>1425</strong><br />(-21 for losing)\n|raw|Wakandius_PMSD's rating: 1422 &rarr; <strong>1443</strong><br />(+21 for winning)\n|l|\u2606Gene10\n|player|p1|\n","uploadtime":1774026277,"views":29,"formatid":"gen9vgc2026regi","rating":1425,"private":0,"password":null}