{"id":"gen9vgc2026regi-2549073702","format":"[Gen 9] VGC 2026 Reg I","players":["alexit93","mount. kilimanjaro"],"log":"|j|\u2606alexit93\n|j|\u2606mount. kilimanjaro\n|t:|1772303216\n|gametype|doubles\n|player|p1|alexit93|lucas-gen4pt|1376\n|player|p2|mount. kilimanjaro|emmet|1452\n|gen|9\n|tier|[Gen 9] VGC 2026 Reg I\n|rated|\n|rule|Species Clause: Limit one of each Pok\u00e9mon\n|rule|Item Clause: Limit 1 of each item\n|clearpoke\n|poke|p1|Zamazenta-*, L50|\n|poke|p1|Chien-Pao, L50|\n|poke|p1|Miraidon, L50|\n|poke|p1|Iron Jugulis, L50|\n|poke|p1|Farigiraf, L50, M|\n|poke|p1|Landorus, L50, M|\n|poke|p2|Calyrex-Ice, L50|\n|poke|p2|Kyogre, L50|\n|poke|p2|Rillaboom, L50, F|\n|poke|p2|Iron Jugulis, L50|\n|poke|p2|Amoonguss, L50, F|\n|poke|p2|Iron Crown, L50|\n|teampreview|4\n|inactive|Battle timer is ON: inactive players will automatically lose when time's up. (requested by alexit93)\n|inactive|mount. kilimanjaro has 60 seconds left.\n|\n|t:|1772303319\n|teamsize|p1|4\n|teamsize|p2|4\n|start\n|switch|p1a: Miraidon|Miraidon, L50, shiny|100/100\n|switch|p1b: Iron Jugulis|Iron Jugulis, L50|100/100\n|switch|p2a: Amoonguss|Amoonguss, L50, F, shiny|100/100\n|switch|p2b: Calyrex|Calyrex-Ice, L50|100/100\n|-ability|p2b: Calyrex|As One\n|-ability|p2b: Calyrex|Unnerve\n|-fieldstart|move: Electric Terrain|[from] ability: Hadron Engine|[of] p1a: Miraidon\n|-activate|p1b: Iron Jugulis|ability: Quark Drive\n|-start|p1b: Iron Jugulis|quarkdrivespe\n|turn|1\n|\n|t:|1772303334\n|-terastallize|p1b: Iron Jugulis|Grass\n|move|p2a: Amoonguss|Rage Powder|p2a: Amoonguss\n|-singleturn|p2a: Amoonguss|move: Rage Powder\n|move|p1b: Iron Jugulis|Taunt|p2b: Calyrex\n|-start|p2b: Calyrex|move: Taunt\n|move|p1a: Miraidon|Volt Switch|p2a: Amoonguss\n|-resisted|p2a: Amoonguss\n|-damage|p2a: Amoonguss|53/100\n|\n|t:|1772303341\n|switch|p1a: Zamazenta|Zamazenta-Crowned, L50, shiny|100/100|[from] Volt Switch\n|-ability|p1a: Zamazenta|Dauntless Shield|boost\n|-boost|p1a: Zamazenta|def|1\n|move|p2b: Calyrex|Glacial Lance|p1b: Iron Jugulis|[spread] p1a,p1b\n|-resisted|p1a: Zamazenta\n|-supereffective|p1b: Iron Jugulis\n|-damage|p1a: Zamazenta|88/100\n|-damage|p1b: Iron Jugulis|0 fnt\n|faint|p1b: Iron Jugulis\n|-end|p1b: Iron Jugulis|Quark Drive|[silent]\n|-ability|p2b: Calyrex|Chilling Neigh|boost\n|-boost|p2b: Calyrex|atk|1\n|\n|upkeep\n|\n|t:|1772303349\n|switch|p1b: Farigiraf|Farigiraf, L50, M|100/100\n|-enditem|p1b: Farigiraf|Electric Seed\n|-boost|p1b: Farigiraf|def|1|[from] item: Electric Seed\n|turn|2\n|\n|t:|1772303365\n|switch|p2b: Taylor|Rillaboom, L50, F|100/100\n|-fieldstart|move: Grassy Terrain|[from] ability: Grassy Surge|[of] p2b: Taylor\n|-terastallize|p2a: Amoonguss|Water\n|move|p1a: Zamazenta|Body Press|p2b: Taylor\n|-damage|p2b: Taylor|30/100\n|move|p1b: Farigiraf|Foul Play|p2b: Taylor\n|-damage|p2b: Taylor|0 fnt\n|faint|p2b: Taylor\n|move|p2a: Amoonguss|Spore|p1a: Zamazenta\n|-status|p1a: Zamazenta|slp|[from] move: Spore\n|\n|-heal|p1a: Zamazenta|94/100 slp|[from] Grassy Terrain\n|-heal|p2a: Amoonguss|59/100|[from] Grassy Terrain\n|upkeep\n|\n|t:|1772303377\n|switch|p2b: Iron Crown|Iron Crown, L50|100/100\n|turn|3\n|\n|t:|1772303382\n|switch|p2a: Calyrex|Calyrex-Ice, L50|100/100\n|-ability|p2a: Calyrex|As One\n|-ability|p2a: Calyrex|Unnerve\n|cant|p1a: Zamazenta|slp\n|move|p2b: Iron Crown|Psychic|p1a: Zamazenta\n|-damage|p1a: Zamazenta|47/100 slp\n|-damage|p2b: Iron Crown|91/100|[from] item: Life Orb\n|move|p1b: Farigiraf|Psychic|p2a: Calyrex\n|-resisted|p2a: Calyrex\n|-damage|p2a: Calyrex|89/100\n|\n|-heal|p1a: Zamazenta|53/100 slp|[from] Grassy Terrain\n|-heal|p2b: Iron Crown|97/100|[from] Grassy Terrain\n|-heal|p2a: Calyrex|95/100|[from] Grassy Terrain\n|upkeep\n|turn|4\n|\n|t:|1772303398\n|-curestatus|p1a: Zamazenta|slp|[msg]\n|move|p1a: Zamazenta|Body Press|p2a: Calyrex\n|-damage|p2a: Calyrex|47/100\n|move|p2b: Iron Crown|Tachyon Cutter|p1b: Farigiraf\n|-damage|p1b: Farigiraf|74/100\n|-damage|p1b: Farigiraf|48/100\n|-hitcount|p1b: Farigiraf|2\n|-damage|p2b: Iron Crown|87/100|[from] item: Life Orb\n|move|p2a: Calyrex|Glacial Lance|p1a: Zamazenta|[spread] p1a,p1b\n|-resisted|p1a: Zamazenta\n|-damage|p1a: Zamazenta|41/100\n|-damage|p1b: Farigiraf|8/100\n|move|p1b: Farigiraf|Foul Play|p2a: Calyrex\n|-supereffective|p2a: Calyrex\n|-damage|p2a: Calyrex|0 fnt\n|faint|p2a: Calyrex\n|\n|-heal|p1a: Zamazenta|47/100|[from] Grassy Terrain\n|-heal|p2b: Iron Crown|93/100|[from] Grassy Terrain\n|-heal|p1b: Farigiraf|14/100|[from] Grassy Terrain\n|upkeep\n|\n|t:|1772303406\n|switch|p2a: Amoonguss|Amoonguss, L50, F, shiny, tera:Water|93/100\n|turn|5\n|\n|t:|1772303415\n|move|p1a: Zamazenta|Protect|p1a: Zamazenta\n|-singleturn|p1a: Zamazenta|Protect\n|move|p2b: Iron Crown|Psychic|p1a: Zamazenta\n|-activate|p1a: Zamazenta|move: Protect\n|move|p1b: Farigiraf|Psychic|p2a: Amoonguss\n|-damage|p2a: Amoonguss|60/100\n|move|p2a: Amoonguss|Sludge Bomb|p1b: Farigiraf\n|-damage|p1b: Farigiraf|0 fnt\n|faint|p1b: Farigiraf\n|\n|-heal|p1a: Zamazenta|53/100|[from] Grassy Terrain\n|-heal|p2b: Iron Crown|99/100|[from] Grassy Terrain\n|-heal|p2a: Amoonguss|66/100|[from] Grassy Terrain\n|upkeep\n|\n|t:|1772303417\n|switch|p1b: Miraidon|Miraidon, L50, shiny|100/100\n|-fieldstart|move: Electric Terrain|[from] ability: Hadron Engine|[of] p1b: Miraidon\n|-activate|p2b: Iron Crown|ability: Quark Drive\n|-start|p2b: Iron Crown|quarkdrivespa\n|turn|6\n|\n|t:|1772303432\n|move|p2a: Amoonguss|Protect|p2a: Amoonguss\n|-singleturn|p2a: Amoonguss|Protect\n|move|p1b: Miraidon|Electro Drift|p2a: Amoonguss\n|-activate|p2a: Amoonguss|move: Protect\n|move|p1a: Zamazenta|Body Press|p2b: Iron Crown\n|-damage|p2b: Iron Crown|18/100\n|move|p2b: Iron Crown|Psychic|p1a: Zamazenta\n|-damage|p1a: Zamazenta|0 fnt\n|faint|p1a: Zamazenta\n|-damage|p2b: Iron Crown|8/100|[from] item: Life Orb\n|\n|upkeep\n|turn|7\n|\n|t:|1772303449\n|move|p2a: Amoonguss|Rage Powder|p2a: Amoonguss\n|-singleturn|p2a: Amoonguss|move: Rage Powder\n|move|p1b: Miraidon|Electro Drift|p2a: Amoonguss\n|-supereffective|p2a: Amoonguss\n|-damage|p2a: Amoonguss|0 fnt\n|-damage|p1b: Miraidon|84/100|[from] item: Rocky Helmet|[of] p2a: Amoonguss\n|faint|p2a: Amoonguss\n|move|p2b: Iron Crown|Psychic|p1b: Miraidon\n|-damage|p1b: Miraidon|10/100\n|-damage|p2b: Iron Crown|0 fnt|[from] item: Life Orb\n|faint|p2b: Iron Crown\n|-end|p2b: Iron Crown|Quark Drive|[silent]\n|\n|win|alexit93\n|raw|alexit93's rating: 1376 &rarr; <strong>1400</strong><br />(+24 for winning)\n|raw|mount. kilimanjaro's rating: 1452 &rarr; <strong>1428</strong><br />(-24 for losing)\n|l|\u2606alexit93\n|player|p1|\n","uploadtime":1772303585,"views":15,"formatid":"gen9vgc2026regi","rating":1400,"private":0,"password":null}