{"id":"gen9vgc2026regi-2517846129","format":"[Gen 9] VGC 2026 Reg I","players":["cobybryan3608","liam.2025"],"log":"|j|\u2606cobybryan3608\n|j|\u2606liam.2025\n|t:|1768318538\n|gametype|doubles\n|player|p1|cobybryan3608|266|1253\n|player|p2|liam.2025|policeman|1352\n|gen|9\n|tier|[Gen 9] VGC 2026 Reg I\n|rated|\n|rule|Species Clause: Limit one of each Pok\u00e9mon\n|rule|Item Clause: Limit 1 of each item\n|clearpoke\n|poke|p1|Lunala, L50|\n|poke|p1|Ursaluna, L50, M|\n|poke|p1|Urshifu-*, L50, F|\n|poke|p1|Miraidon, L50|\n|poke|p1|Grimmsnarl, L50, M|\n|poke|p1|Incineroar, L50, F|\n|poke|p2|Murkrow, L50, F|\n|poke|p2|Weezing-Galar, L50, F|\n|poke|p2|Terapagos, L50, M|\n|poke|p2|Smeargle, L50, M|\n|poke|p2|Calyrex-Ice, L50|\n|poke|p2|Ursaluna, L50, F|\n|teampreview|4\n|inactive|Battle timer is ON: inactive players will automatically lose when time's up. (requested by liam.2025)\n|\n|t:|1768318558\n|teamsize|p1|4\n|teamsize|p2|4\n|start\n|switch|p1a: Incineroar|Incineroar, L50, F|100/100\n|switch|p1b: Urshifu|Urshifu-Rapid-Strike, L50, F|100/100\n|switch|p2a: Murkrow|Murkrow, L50, F|100/100\n|switch|p2b: Weezing|Weezing-Galar, L50, F|100/100\n|-ability|p2b: Weezing|Neutralizing Gas\n|-block|p2a: Murkrow|item: Ability Shield\n|turn|1\n|\n|t:|1768318578\n|move|p2a: Murkrow|Protect|p2a: Murkrow\n|-singleturn|p2a: Murkrow|Protect\n|move|p2b: Weezing|Protect|p2b: Weezing\n|-singleturn|p2b: Weezing|Protect\n|move|p1a: Incineroar|Fake Out|p2a: Murkrow\n|-activate|p2a: Murkrow|move: Protect\n|move|p1b: Urshifu|U-turn|p2a: Murkrow\n|-activate|p2a: Murkrow|move: Protect\n|\n|upkeep\n|turn|2\n|\n|t:|1768318589\n|move|p2a: Murkrow|Tailwind|p2a: Murkrow\n|-sidestart|p2: liam.2025|move: Tailwind\n|move|p2b: Weezing|Misty Explosion|p1a: Incineroar|[spread] p2a,p1a,p1b\n|-supereffective|p2a: Murkrow\n|-supereffective|p1b: Urshifu\n|-damage|p2a: Murkrow|0 fnt\n|-damage|p1a: Incineroar|63/100\n|-damage|p1b: Urshifu|0 fnt\n|faint|p2b: Weezing\n|-end|p2b: Weezing|ability: Neutralizing Gas\n|faint|p2a: Murkrow\n|faint|p1b: Urshifu\n|move|p1a: Incineroar|Parting Shot|p2: Murkrow|[notarget]\n|-fail|p1a: Incineroar\n|\n|upkeep\n|\n|t:|1768318600\n|switch|p1b: Lunala|Lunala, L50|100/100\n|switch|p2b: Smeargle|Smeargle, L50, M|100/100\n|switch|p2a: Terapagos|Terapagos, L50, M|100/100\n|-activate|p2a: Terapagos|ability: Tera Shift\n|detailschange|p2a: Terapagos|Terapagos-Terastal, L50, M\n|-heal|p2a: Terapagos|100/100|[silent]\n|turn|3\n|\n|t:|1768318612\n|-terastallize|p1b: Lunala|Fairy\n|move|p2b: Smeargle|Decorate|p2a: Terapagos\n|-boost|p2a: Terapagos|atk|2\n|-boost|p2a: Terapagos|spa|2\n|move|p2a: Terapagos|Tera Starstorm|p1a: Incineroar\n|-damage|p1a: Incineroar|0 fnt\n|faint|p1a: Incineroar\n|move|p1b: Lunala|Trick Room|p1b: Lunala\n|-fieldstart|move: Trick Room|[of] p1b: Lunala\n|\n|upkeep\n|\n|t:|1768318623\n|switch|p1a: Miraidon|Miraidon, L50|100/100\n|-fieldstart|move: Electric Terrain|[from] ability: Hadron Engine|[of] p1a: Miraidon\n|-enditem|p1b: Lunala|Electric Seed\n|-boost|p1b: Lunala|def|1|[from] item: Electric Seed\n|turn|4\n|\n|t:|1768318639\n|move|p2b: Smeargle|Follow Me|p2b: Smeargle\n|-singleturn|p2b: Smeargle|move: Follow Me\n|move|p1b: Lunala|Moonblast|p2b: Smeargle\n|-enditem|p2b: Smeargle|Focus Sash\n|-damage|p2b: Smeargle|1/100\n|move|p1a: Miraidon|Snarl|p2b: Smeargle|[spread] p2a,p2b\n|-activate|p2a: Terapagos|ability: Tera Shell\n|-resisted|p2a: Terapagos\n|-damage|p2a: Terapagos|91/100\n|-damage|p2b: Smeargle|0 fnt\n|-unboost|p2a: Terapagos|spa|1\n|faint|p2b: Smeargle\n|move|p2a: Terapagos|Tera Starstorm|p1a: Miraidon\n|-damage|p1a: Miraidon|32/100\n|\n|upkeep\n|turn|5\n|\n|t:|1768318660\n|-terastallize|p2a: Terapagos|Stellar\n|detailschange|p2a: Terapagos|Terapagos-Stellar, L50, M, tera:Stellar\n|-heal|p2a: Terapagos|94/100|[silent]\n|-ability|p2a: Terapagos|Teraform Zero\n|-fieldend|move: Electric Terrain\n|move|p1b: Lunala|Moonblast|p2a: Terapagos\n|-damage|p2a: Terapagos|61/100\n|move|p1a: Miraidon|Draco Meteor|p2a: Terapagos\n|-damage|p2a: Terapagos|12/100\n|-unboost|p1a: Miraidon|spa|2\n|move|p2a: Terapagos|Tera Starstorm|p1a: Miraidon|[spread] p1a,p1b\n|-supereffective|p1b: Lunala\n|-damage|p1a: Miraidon|0 fnt\n|-damage|p1b: Lunala|35/100\n|faint|p1a: Miraidon\n|\n|-sideend|p2: liam.2025|move: Tailwind\n|upkeep\n|turn|6\n|\n|t:|1768318679\n|move|p1b: Lunala|Moonblast|p2a: Terapagos\n|-damage|p2a: Terapagos|0 fnt\n|faint|p2a: Terapagos\n|detailschange|p2: Terapagos|Terapagos, L50, M|[silent]\n|\n|win|cobybryan3608\n|raw|cobybryan3608's rating: 1253 &rarr; <strong>1285</strong><br />(+32 for winning)\n|raw|liam.2025's rating: 1352 &rarr; <strong>1326</strong><br />(-26 for losing)\n|l|\u2606cobybryan3608\n|player|p1|\n|l|\u2606liam.2025\n|player|p2|\n","uploadtime":1768318841,"views":11,"formatid":"gen9vgc2026regi","rating":1285,"private":0,"password":null}