{"id":"gen9vgc2026regi-2574069589","format":"[Gen 9] VGC 2026 Reg I","players":["sjysjy","nazuzzzzzz"],"log":"|j|\u2606sjysjy\n|j|\u2606nazuzzzzzz\n|t:|1775196750\n|gametype|doubles\n|player|p1|sjysjy|265|1235\n|player|p2|nazuzzzzzz|riley|1307\n|gen|9\n|tier|[Gen 9] VGC 2026 Reg I\n|rated|\n|rule|Species Clause: Limit one of each Pok\u00e9mon\n|rule|Item Clause: Limit 1 of each item\n|clearpoke\n|poke|p1|Raging Bolt, L50|\n|poke|p1|Chien-Pao, L50|\n|poke|p1|Calyrex-Shadow, L50|\n|poke|p1|Rillaboom, L50, M|\n|poke|p1|Amoonguss, L50, M|\n|poke|p1|Zamazenta-*, L50|\n|poke|p2|Zamazenta-*, L50|\n|poke|p2|Necrozma-Dawn-Wings, L50|\n|poke|p2|Dragapult, L50, F|\n|poke|p2|Clefairy, L50, M|\n|poke|p2|Ogerpon-Cornerstone, L50, F|\n|poke|p2|Incineroar, L50, M|\n|teampreview|4\n|inactive|Battle timer is ON: inactive players will automatically lose when time's up. (requested by sjysjy)\n|\n|t:|1775196800\n|teamsize|p1|4\n|teamsize|p2|4\n|start\n|switch|p1a: Rillaboom|Rillaboom, L50, M|100/100\n|switch|p1b: Calyrex|Calyrex-Shadow, L50|100/100\n|switch|p2a: Dragapult|Dragapult, L50, F|100/100\n|switch|p2b: Ogerpon|Ogerpon-Cornerstone, L50, F|100/100\n|-ability|p1b: Calyrex|As One\n|-ability|p1b: Calyrex|Unnerve\n|-fieldstart|move: Grassy Terrain|[from] ability: Grassy Surge|[of] p1a: Rillaboom\n|turn|1\n|\n|t:|1775196819\n|-terastallize|p2a: Dragapult|Ghost\n|move|p1a: Rillaboom|Fake Out|p2b: Ogerpon\n|-resisted|p2b: Ogerpon\n|-damage|p2b: Ogerpon|93/100\n|move|p1b: Calyrex|Astral Barrage|p2b: Ogerpon|[spread] p2a,p2b\n|-supereffective|p2a: Dragapult\n|-enditem|p2a: Dragapult|Focus Sash\n|-damage|p2a: Dragapult|1/100\n|-damage|p2b: Ogerpon|35/100\n|move|p2a: Dragapult|Tera Blast|p1b: Calyrex|[anim] Tera Blast Ghost\n|-supereffective|p1b: Calyrex\n|-enditem|p1b: Calyrex|Focus Sash\n|-damage|p1b: Calyrex|1/100\n|cant|p2b: Ogerpon|flinch\n|\n|-heal|p1b: Calyrex|7/100|[from] Grassy Terrain\n|-heal|p2a: Dragapult|7/100|[from] Grassy Terrain\n|-heal|p2b: Ogerpon|41/100|[from] Grassy Terrain\n|upkeep\n|turn|2\n|\n|t:|1775196843\n|switch|p1a: Amoonguss|Amoonguss, L50, M|100/100\n|-terastallize|p1b: Calyrex|Normal\n|move|p2a: Dragapult|Protect|p2a: Dragapult\n|-singleturn|p2a: Dragapult|Protect\n|move|p2b: Ogerpon|Spiky Shield|p2b: Ogerpon\n|-singleturn|p2b: Ogerpon|move: Protect\n|move|p1b: Calyrex|Astral Barrage|p2b: Ogerpon|[spread] \n|-activate|p2a: Dragapult|move: Protect\n|-activate|p2b: Ogerpon|move: Protect\n|\n|-heal|p1b: Calyrex|14/100|[from] Grassy Terrain\n|-heal|p2a: Dragapult|13/100|[from] Grassy Terrain\n|-heal|p2b: Ogerpon|47/100|[from] Grassy Terrain\n|upkeep\n|turn|3\n|\n|t:|1775196857\n|switch|p1a: Rillaboom|Rillaboom, L50, M|100/100\n|move|p1b: Calyrex|Astral Barrage|p2b: Ogerpon|[spread] p2a,p2b\n|-supereffective|p2a: Dragapult\n|-damage|p2a: Dragapult|0 fnt\n|-damage|p2b: Ogerpon|0 fnt\n|faint|p2a: Dragapult\n|faint|p2b: Ogerpon\n|-ability|p1b: Calyrex|Grim Neigh|boost\n|-boost|p1b: Calyrex|spa|2\n|\n|-heal|p1b: Calyrex|20/100|[from] Grassy Terrain\n|upkeep\n|\n|t:|1775196863\n|switch|p2a: Zamazenta|Zamazenta-Crowned, L50|100/100\n|switch|p2b: Necrozma|Necrozma-Dawn-Wings, L50|100/100\n|-ability|p2a: Zamazenta|Dauntless Shield|boost\n|-boost|p2a: Zamazenta|def|1\n|turn|4\n|\n|t:|1775196891\n|move|p1b: Calyrex|Protect|p1b: Calyrex\n|-singleturn|p1b: Calyrex|Protect\n|move|p2a: Zamazenta|Wide Guard|p2a: Zamazenta\n|-singleturn|p2a: Zamazenta|Wide Guard\n|move|p1a: Rillaboom|U-turn|p2a: Zamazenta\n|-resisted|p2a: Zamazenta\n|-damage|p2a: Zamazenta|98/100\n|\n|t:|1775196903\n|switch|p1a: Zamazenta|Zamazenta-Crowned, L50|100/100|[from] U-turn\n|-ability|p1a: Zamazenta|Dauntless Shield|boost\n|-boost|p1a: Zamazenta|def|1\n|move|p2b: Necrozma|Meteor Beam||[still]\n|-prepare|p2b: Necrozma|Meteor Beam\n|-boost|p2b: Necrozma|spa|1\n|-enditem|p2b: Necrozma|Power Herb\n|-anim|p2b: Necrozma|Meteor Beam|p1b: Calyrex\n|-activate|p1b: Calyrex|move: Protect\n|\n|-heal|p1b: Calyrex|26/100|[from] Grassy Terrain\n|-heal|p2a: Zamazenta|100/100|[from] Grassy Terrain\n|upkeep\n|turn|5\n|inactive|sjysjy has 30 seconds left.\n|\n|t:|1775196930\n|move|p1b: Calyrex|Encore|p2b: Necrozma\n|-start|p2b: Necrozma|Encore\n|move|p1a: Zamazenta|Body Press|p2a: Zamazenta\n|-supereffective|p2a: Zamazenta\n|-damage|p2a: Zamazenta|49/100\n|move|p2a: Zamazenta|Behemoth Bash|p1b: Calyrex\n|-damage|p1b: Calyrex|0 fnt\n|faint|p1b: Calyrex\n|move|p2b: Necrozma|Meteor Beam||[still]\n|-prepare|p2b: Necrozma|Meteor Beam\n|-boost|p2b: Necrozma|spa|1\n|\n|-heal|p2a: Zamazenta|55/100|[from] Grassy Terrain\n|-fieldend|move: Grassy Terrain\n|upkeep\n|\n|t:|1775196940\n|switch|p1b: Rillaboom|Rillaboom, L50, M|100/100\n|-fieldstart|move: Grassy Terrain|[from] ability: Grassy Surge|[of] p1b: Rillaboom\n|turn|6\n|\n|t:|1775196955\n|move|p2a: Zamazenta|Protect|p2a: Zamazenta\n|-singleturn|p2a: Zamazenta|Protect\n|move|p1b: Rillaboom|Grassy Glide|p2a: Zamazenta\n|-activate|p2a: Zamazenta|move: Protect\n|move|p1a: Zamazenta|Body Press|p2a: Zamazenta\n|-activate|p2a: Zamazenta|move: Protect\n|move|p2b: Necrozma|Meteor Beam|p1a: Zamazenta|[from] lockedmove\n|-resisted|p1a: Zamazenta\n|-damage|p1a: Zamazenta|84/100\n|\n|-heal|p1a: Zamazenta|90/100|[from] Grassy Terrain\n|-heal|p2a: Zamazenta|61/100|[from] Grassy Terrain\n|upkeep\n|turn|7\n|\n|t:|1775196977\n|move|p1a: Zamazenta|Body Press|p2a: Zamazenta\n|-supereffective|p2a: Zamazenta\n|-damage|p2a: Zamazenta|6/100\n|move|p2a: Zamazenta|Body Press|p1a: Zamazenta\n|-supereffective|p1a: Zamazenta\n|-crit|p1a: Zamazenta\n|-damage|p1a: Zamazenta|0 fnt\n|faint|p1a: Zamazenta\n|move|p1b: Rillaboom|Wood Hammer|p2a: Zamazenta\n|-resisted|p2a: Zamazenta\n|-damage|p2a: Zamazenta|0 fnt\n|faint|p2a: Zamazenta\n|-damage|p1b: Rillaboom|99/100|[from] Recoil\n|move|p2b: Necrozma|Meteor Beam||[still]\n|-prepare|p2b: Necrozma|Meteor Beam\n|-boost|p2b: Necrozma|spa|1\n|\n|-heal|p1b: Rillaboom|100/100|[from] Grassy Terrain\n|-end|p2b: Necrozma|Encore\n|upkeep\n|\n|t:|1775196984\n|switch|p1a: Amoonguss|Amoonguss, L50, M|100/100\n|turn|8\n|\n|t:|1775196994\n|move|p1b: Rillaboom|Wood Hammer|p2b: Necrozma\n|-damage|p2b: Necrozma|39/100\n|-damage|p1b: Rillaboom|80/100|[from] Recoil\n|move|p2b: Necrozma|Meteor Beam|p1b: Rillaboom|[from] lockedmove\n|-damage|p1b: Rillaboom|9/100\n|move|p1a: Amoonguss|Spore|p2b: Necrozma\n|-status|p2b: Necrozma|slp|[from] move: Spore\n|\n|-heal|p1b: Rillaboom|15/100|[from] Grassy Terrain\n|-heal|p2b: Necrozma|45/100 slp|[from] Grassy Terrain\n|upkeep\n|turn|9\n|-message|nazuzzzzzz forfeited.\n|\n|win|sjysjy\n|raw|sjysjy's rating: 1235 &rarr; <strong>1265</strong><br />(+30 for winning)\n|raw|nazuzzzzzz's rating: 1307 &rarr; <strong>1283</strong><br />(-24 for losing)\n|l|\u2606nazuzzzzzz\n|player|p2|\n|l|\u2606sjysjy\n|player|p1|\n","uploadtime":1775197186,"views":11,"formatid":"gen9vgc2026regi","rating":1265,"private":0,"password":null}