{"id":"gen9vgc2026regi-2538512239","format":"[Gen 9] VGC 2026 Reg I","players":["mewstrike2012","eye-zitt"],"log":"|j|\u2606mewstrike2012\n|j|\u2606eye-zitt\n|t:|1770935015\n|gametype|doubles\n|player|p1|mewstrike2012|cynthia-gen4|1108\n|player|p2|eye-zitt|hilbert|1147\n|gen|9\n|tier|[Gen 9] VGC 2026 Reg I\n|rated|\n|rule|Species Clause: Limit one of each Pok\u00e9mon\n|rule|Item Clause: Limit 1 of each item\n|clearpoke\n|poke|p1|Calyrex-Shadow, L50|\n|poke|p1|Koraidon, L50|\n|poke|p1|Urshifu-*, L50, F|\n|poke|p1|Whimsicott, L50, M|\n|poke|p1|Rillaboom, L50, M|\n|poke|p1|Annihilape, L50, F|\n|poke|p2|Iron Bundle, L50|\n|poke|p2|Iron Hands, L50|\n|poke|p2|Ursaluna, L50, F|\n|poke|p2|Farigiraf, L50, F|\n|poke|p2|Ho-Oh, L50|\n|poke|p2|Miraidon, L50|\n|teampreview|4\n|inactive|Battle timer is ON: inactive players will automatically lose when time's up. (requested by eye-zitt)\n|\n|t:|1770935030\n|teamsize|p1|4\n|teamsize|p2|4\n|start\n|switch|p1a: Urshifu|Urshifu, L50, F|100/100\n|switch|p1b: Rillaboom|Rillaboom, L50, M, shiny|100/100\n|switch|p2a: Miraidon|Miraidon, L50, shiny|100/100\n|switch|p2b: Farigiraf|Farigiraf, L50, F, shiny|100/100\n|-fieldstart|move: Electric Terrain|[from] ability: Hadron Engine|[of] p2a: Miraidon\n|-enditem|p2b: Farigiraf|Electric Seed\n|-boost|p2b: Farigiraf|def|1|[from] item: Electric Seed\n|-fieldstart|move: Grassy Terrain|[from] ability: Grassy Surge|[of] p1b: Rillaboom\n|turn|1\n|\n|t:|1770935043\n|move|p1b: Rillaboom|Grassy Glide||[still]\n|cant|p2b: Farigiraf|ability: Armor Tail|Grassy Glide|[of] p1b: Rillaboom\n|move|p2a: Miraidon|Volt Switch|p1a: Urshifu\n|-damage|p1a: Urshifu|57/100\n|\n|t:|1770935048\n|switch|p2a: Iron Hands|Iron Hands, L50, shiny|100/100|[from] Volt Switch\n|move|p1a: Urshifu|Wicked Blow|p2b: Farigiraf\n|-supereffective|p2b: Farigiraf\n|-crit|p2b: Farigiraf\n|-damage|p2b: Farigiraf|6/100\n|move|p2b: Farigiraf|Trick Room|p2b: Farigiraf\n|-fieldstart|move: Trick Room|[of] p2b: Farigiraf\n|\n|-heal|p2b: Farigiraf|12/100|[from] Grassy Terrain\n|-heal|p1a: Urshifu|64/100|[from] Grassy Terrain\n|upkeep\n|turn|2\n|\n|t:|1770935062\n|move|p2a: Iron Hands|Drain Punch|p1a: Urshifu\n|-supereffective|p1a: Urshifu\n|-damage|p1a: Urshifu|0 fnt\n|faint|p1a: Urshifu\n|move|p2b: Farigiraf|Foul Play|p1b: Rillaboom\n|-damage|p1b: Rillaboom|67/100\n|move|p1b: Rillaboom|Swords Dance|p1b: Rillaboom\n|-boost|p1b: Rillaboom|atk|2\n|\n|-heal|p2b: Farigiraf|18/100|[from] Grassy Terrain\n|-heal|p1b: Rillaboom|72/100|[from] Grassy Terrain\n|-heal|p1b: Rillaboom|78/100|[from] item: Leftovers\n|upkeep\n|\n|t:|1770935067\n|switch|p1a: Koraidon|Koraidon, L50|100/100\n|-weather|SunnyDay|[from] ability: Orichalcum Pulse|[of] p1a: Koraidon\n|-activate|p1a: Koraidon|Orichalcum Pulse|[source]\n|turn|3\n|\n|t:|1770935078\n|move|p1b: Rillaboom|Protect|p1b: Rillaboom\n|-singleturn|p1b: Rillaboom|Protect\n|move|p2a: Iron Hands|Drain Punch|p1b: Rillaboom\n|-activate|p1b: Rillaboom|move: Protect\n|move|p2b: Farigiraf|Psychic|p1a: Koraidon\n|-supereffective|p1a: Koraidon\n|-damage|p1a: Koraidon|38/100\n|move|p1a: Koraidon|Collision Course|p2b: Farigiraf\n|-damage|p2b: Farigiraf|0 fnt\n|faint|p2b: Farigiraf\n|-damage|p1a: Koraidon|28/100|[from] item: Life Orb\n|\n|-weather|SunnyDay|[upkeep]\n|-heal|p1b: Rillaboom|84/100|[from] Grassy Terrain\n|-heal|p1b: Rillaboom|90/100|[from] item: Leftovers\n|-heal|p1a: Koraidon|35/100|[from] Grassy Terrain\n|upkeep\n|\n|t:|1770935085\n|switch|p2b: Ursaluna|Ursaluna, L50, F, shiny|100/100\n|turn|4\n|\n|t:|1770935093\n|-terastallize|p2b: Ursaluna|Normal\n|move|p1a: Koraidon|Protect|p1a: Koraidon\n|-singleturn|p1a: Koraidon|Protect\n|move|p1b: Rillaboom|Grassy Glide|p2b: Ursaluna\n|-damage|p2b: Ursaluna|38/100\n|move|p2a: Iron Hands|Drain Punch|p1a: Koraidon\n|-activate|p1a: Koraidon|move: Protect\n|move|p2b: Ursaluna|Facade|p1b: Rillaboom\n|-damage|p1b: Rillaboom|31/100\n|\n|-weather|SunnyDay|[upkeep]\n|-heal|p2b: Ursaluna|44/100|[from] Grassy Terrain\n|-heal|p1b: Rillaboom|37/100|[from] Grassy Terrain\n|-heal|p1b: Rillaboom|43/100|[from] item: Leftovers\n|-heal|p1a: Koraidon|41/100|[from] Grassy Terrain\n|-status|p2b: Ursaluna|brn|[from] item: Flame Orb\n|upkeep\n|turn|5\n|\n|t:|1770935107\n|move|p2b: Ursaluna|Protect|p2b: Ursaluna\n|-singleturn|p2b: Ursaluna|Protect\n|move|p1b: Rillaboom|Grassy Glide|p2b: Ursaluna\n|-activate|p2b: Ursaluna|move: Protect\n|move|p2a: Iron Hands|Drain Punch|p1a: Koraidon\n|-damage|p1a: Koraidon|0 fnt\n|faint|p1a: Koraidon\n|\n|-weather|SunnyDay|[upkeep]\n|-heal|p2b: Ursaluna|50/100 brn|[from] Grassy Terrain\n|-heal|p1b: Rillaboom|48/100|[from] Grassy Terrain\n|-heal|p1b: Rillaboom|54/100|[from] item: Leftovers\n|-damage|p2b: Ursaluna|44/100 brn|[from] brn\n|-fieldend|move: Trick Room\n|-fieldend|move: Grassy Terrain\n|upkeep\n|\n|t:|1770935110\n|switch|p1a: Calyrex|Calyrex-Shadow, L50|100/100\n|-ability|p1a: Calyrex|As One\n|-ability|p1a: Calyrex|Unnerve\n|turn|6\n|\n|t:|1770935125\n|move|p1a: Calyrex|Psychic|p2a: Iron Hands\n|-supereffective|p2a: Iron Hands\n|-damage|p2a: Iron Hands|44/100\n|move|p1b: Rillaboom|Grassy Glide|p2b: Ursaluna\n|-damage|p2b: Ursaluna|0 fnt\n|faint|p2b: Ursaluna\n|move|p2a: Iron Hands|Wild Charge|p1b: Rillaboom\n|-resisted|p1b: Rillaboom\n|-damage|p1b: Rillaboom|27/100\n|-damage|p2a: Iron Hands|38/100|[from] Recoil\n|\n|-weather|SunnyDay|[upkeep]\n|-heal|p1b: Rillaboom|33/100|[from] item: Leftovers\n|upkeep\n|\n|t:|1770935131\n|switch|p2b: Miraidon|Miraidon, L50, shiny|100/100\n|-fieldstart|move: Electric Terrain|[from] ability: Hadron Engine|[of] p2b: Miraidon\n|-activate|p2a: Iron Hands|ability: Quark Drive\n|-start|p2a: Iron Hands|quarkdriveatk\n|turn|7\n|\n|t:|1770935149\n|move|p1a: Calyrex|Protect|p1a: Calyrex\n|-singleturn|p1a: Calyrex|Protect\n|move|p1b: Rillaboom|Protect|p1b: Rillaboom\n|-singleturn|p1b: Rillaboom|Protect\n|move|p2b: Miraidon|Electro Drift|p1a: Calyrex\n|-activate|p1a: Calyrex|move: Protect\n|move|p2a: Iron Hands|Drain Punch|p1b: Rillaboom\n|-activate|p1b: Rillaboom|move: Protect\n|\n|-weather|none\n|-heal|p1b: Rillaboom|39/100|[from] item: Leftovers\n|upkeep\n|turn|8\n|\n|t:|1770935166\n|-terastallize|p1a: Calyrex|Ghost\n|move|p2b: Miraidon|Electro Drift|p1a: Calyrex\n|-enditem|p1a: Calyrex|Focus Sash\n|-damage|p1a: Calyrex|1/100\n|move|p1a: Calyrex|Astral Barrage|p2a: Iron Hands|[spread] p2a,p2b\n|-damage|p2a: Iron Hands|0 fnt\n|-damage|p2b: Miraidon|42/100\n|faint|p2a: Iron Hands\n|-end|p2a: Iron Hands|Quark Drive|[silent]\n|-ability|p1a: Calyrex|Grim Neigh|boost\n|-boost|p1a: Calyrex|spa|1\n|move|p1b: Rillaboom|Grassy Glide|p2b: Miraidon\n|-resisted|p2b: Miraidon\n|-damage|p2b: Miraidon|15/100\n|\n|-heal|p1b: Rillaboom|44/100|[from] item: Leftovers\n|upkeep\n|turn|9\n|\n|t:|1770935184\n|move|p1a: Calyrex|Protect|p1a: Calyrex\n|-singleturn|p1a: Calyrex|Protect\n|move|p2b: Miraidon|Electro Drift|p1b: Rillaboom\n|-resisted|p1b: Rillaboom\n|-damage|p1b: Rillaboom|0 fnt\n|faint|p1b: Rillaboom\n|\n|upkeep\n|turn|10\n|\n|t:|1770935190\n|move|p2b: Miraidon|Electro Drift|p1a: Calyrex\n|-damage|p1a: Calyrex|0 fnt\n|faint|p1a: Calyrex\n|\n|win|eye-zitt\n|raw|mewstrike2012's rating: 1108 &rarr; <strong>1086</strong><br />(-22 for losing)\n|raw|eye-zitt's rating: 1147 &rarr; <strong>1169</strong><br />(+22 for winning)\n","uploadtime":1770935192,"views":23,"formatid":"gen9vgc2026regi","rating":1086,"private":0,"password":null}