{"id":"gen9vgc2026regi-2573272523","format":"[Gen 9] VGC 2026 Reg I","players":["SycrasisEU","only1003"],"log":"|j|\u2606SycrasisEU\n|j|\u2606only1003\n|t:|1775113095\n|gametype|doubles\n|player|p1|SycrasisEU|palmer|1299\n|player|p2|only1003|101|1383\n|gen|9\n|tier|[Gen 9] VGC 2026 Reg I\n|rated|\n|rule|Species Clause: Limit one of each Pok\u00e9mon\n|rule|Item Clause: Limit 1 of each item\n|clearpoke\n|poke|p1|Koraidon, L50|\n|poke|p1|Brute Bonnet, L50|\n|poke|p1|Ho-Oh, L50|\n|poke|p1|Raging Bolt, L50|\n|poke|p1|Landorus, L50, M|\n|poke|p1|Incineroar, L50, M|\n|poke|p2|Pelipper, L50, F|\n|poke|p2|Urshifu-*, L50, M|\n|poke|p2|Miraidon, L50|\n|poke|p2|Whimsicott, L50, M|\n|poke|p2|Calyrex-Ice, L50|\n|poke|p2|Flutter Mane, L50|\n|teampreview|4\n|inactive|Battle timer is ON: inactive players will automatically lose when time's up. (requested by SycrasisEU)\nSycrasisEU has agreed to open team sheets.\n|inactive|SycrasisEU has 60 seconds left.\nonly1003 rejected open team sheets.\n|\n|t:|1775113157\n|teamsize|p1|4\n|teamsize|p2|4\n|start\n|switch|p1a: Ho-Oh|Ho-Oh, L50|100/100\n|switch|p1b: Brute Bonnet|Brute Bonnet, L50|100/100\n|switch|p2a: Pelipper|Pelipper, L50, F|100/100\n|switch|p2b: Urshifu|Urshifu-Rapid-Strike, L50, M|100/100\n|-weather|RainDance|[from] ability: Drizzle|[of] p2a: Pelipper\n|turn|1\n|inactive|only1003 has 30 seconds left.\n|inactive|only1003 has 20 seconds left.\n|\n|t:|1775113194\n|switch|p1a: Koraidon|Koraidon, L50, shiny|100/100\n|-weather|SunnyDay|[from] ability: Orichalcum Pulse|[of] p1a: Koraidon\n|-activate|p1b: Brute Bonnet|ability: Protosynthesis\n|-start|p1b: Brute Bonnet|protosynthesisspd\n|-activate|p1a: Koraidon|Orichalcum Pulse|[source]\n|move|p2b: Urshifu|Close Combat|p1b: Brute Bonnet\n|-supereffective|p1b: Brute Bonnet\n|-damage|p1b: Brute Bonnet|0 fnt\n|-unboost|p2b: Urshifu|def|1\n|-unboost|p2b: Urshifu|spd|1\n|faint|p1b: Brute Bonnet\n|-end|p1b: Brute Bonnet|Protosynthesis|[silent]\n|move|p2a: Pelipper|Weather Ball|p1a: Koraidon\n|-resisted|p1a: Koraidon\n|-damage|p1a: Koraidon|78/100\n|\n|-weather|SunnyDay|[upkeep]\n|upkeep\n|\n|t:|1775113212\n|switch|p1b: Ho-Oh|Ho-Oh, L50|100/100\n|turn|2\n|inactive|SycrasisEU has 30 seconds left.\n|inactive|only1003 has 30 seconds left.\n|\n|t:|1775113247\n|move|p2a: Pelipper|Helping Hand|p2b: Urshifu\n|-singleturn|p2b: Urshifu|Helping Hand|[of] p2a: Pelipper\n|move|p2b: Urshifu|Close Combat|p1a: Koraidon\n|-damage|p1a: Koraidon|0 fnt\n|-unboost|p2b: Urshifu|def|1\n|-unboost|p2b: Urshifu|spd|1\n|faint|p1a: Koraidon\n|move|p1b: Ho-Oh|Tailwind|p1b: Ho-Oh\n|-sidestart|p1: SycrasisEU|move: Tailwind\n|\n|-weather|SunnyDay|[upkeep]\n|upkeep\n|\n|t:|1775113255\n|switch|p1a: Landorus|Landorus, L50, M|100/100\n|turn|3\n|\n|t:|1775113272\n|switch|p2b: Miraidon|Miraidon, L50|100/100\n|-fieldstart|move: Electric Terrain|[from] ability: Hadron Engine|[of] p2b: Miraidon\n|switch|p2a: Flutter Mane|Flutter Mane, L50|100/100\n|-activate|p2a: Flutter Mane|ability: Protosynthesis\n|-start|p2a: Flutter Mane|protosynthesisspe\n|move|p1a: Landorus|Sludge Bomb|p2a: Flutter Mane\n|-damage|p2a: Flutter Mane|50/100\n|move|p1b: Ho-Oh|Brave Bird|p2b: Miraidon\n|-resisted|p2b: Miraidon\n|-damage|p2b: Miraidon|64/100\n|-damage|p1b: Ho-Oh|91/100|[from] Recoil\n|\n|-weather|SunnyDay|[upkeep]\n|upkeep\n|turn|4\n|inactive|only1003 has 30 seconds left.\n|inactive|only1003 has 20 seconds left.\n|\n|t:|1775113309\n|-terastallize|p1a: Landorus|Poison\n|move|p1a: Landorus|Earth Power|p2b: Miraidon\n|-supereffective|p2b: Miraidon\n|-damage|p2b: Miraidon|0 fnt\n|faint|p2b: Miraidon\n|move|p2a: Flutter Mane|Shadow Ball|p1a: Landorus\n|-damage|p1a: Landorus|41/100\n|-unboost|p1a: Landorus|spd|1\n|move|p1b: Ho-Oh|Brave Bird|p2a: Flutter Mane\n|-damage|p2a: Flutter Mane|0 fnt\n|faint|p2a: Flutter Mane\n|-end|p2a: Flutter Mane|Protosynthesis|[silent]\n|-damage|p1b: Ho-Oh|81/100|[from] Recoil\n|\n|-weather|SunnyDay|[upkeep]\n|upkeep\n|\n|t:|1775113323\n|switch|p2a: Pelipper|Pelipper, L50, F|100/100\n|switch|p2b: Urshifu|Urshifu-Rapid-Strike, L50, M|100/100\n|-weather|RainDance|[from] ability: Drizzle|[of] p2a: Pelipper\n|turn|5\n|\n|t:|1775113344\n|-terastallize|p2b: Urshifu|Water\n|move|p2a: Pelipper|Helping Hand|p2b: Urshifu\n|-singleturn|p2b: Urshifu|Helping Hand|[of] p2a: Pelipper\n|move|p1a: Landorus|Psychic|p2b: Urshifu\n|-damage|p2b: Urshifu|30/100\n|move|p2b: Urshifu|Surging Strikes|p1b: Ho-Oh\n|-supereffective|p1b: Ho-Oh\n|-crit|p1b: Ho-Oh\n|-damage|p1b: Ho-Oh|0 fnt\n|faint|p1b: Ho-Oh\n|-hitcount|p1: Ho-Oh|1\n|\n|-weather|RainDance|[upkeep]\n|-sideend|p1: SycrasisEU|move: Tailwind\n|upkeep\n|turn|6\n|-message|SycrasisEU forfeited.\n|\n|win|only1003\n|raw|SycrasisEU's rating: 1299 &rarr; <strong>1280</strong><br />(-19 for losing)\n|raw|only1003's rating: 1383 &rarr; <strong>1398</strong><br />(+15 for winning)\n|l|\u2606SycrasisEU\n|player|p1|\n|l|\u2606only1003\n|player|p2|\n","uploadtime":1775113614,"views":10,"formatid":"gen9vgc2026regi","rating":1280,"private":0,"password":null}