{"id":"gen9vgc2026regi-2541765507","format":"[Gen 9] VGC 2026 Reg I","players":["kojimuranishi","cdogp3"],"log":"|j|\u2606kojimuranishi\n|j|\u2606cdogp3\n|t:|1771366865\n|gametype|doubles\n|player|p1|kojimuranishi|265|1537\n|player|p2|cdogp3|hoopster|1570\n|gen|9\n|tier|[Gen 9] VGC 2026 Reg I\n|rated|\n|rule|Species Clause: Limit one of each Pok\u00e9mon\n|rule|Item Clause: Limit 1 of each item\n|clearpoke\n|poke|p1|Calyrex-Ice, L50|\n|poke|p1|Indeedee-F, L50, F|\n|poke|p1|Kyogre, L50|\n|poke|p1|Pincurchin, L50, F|\n|poke|p1|Iron Jugulis, L50|\n|poke|p1|Urshifu-*, L50, M|\n|poke|p2|Koraidon, L50|\n|poke|p2|Calyrex-Shadow, L50|\n|poke|p2|Flutter Mane, L50|\n|poke|p2|Incineroar, L50, F|\n|poke|p2|Clefairy, L50, F|\n|poke|p2|Rillaboom, L50, F|\n|teampreview|4\n|inactive|Battle timer is ON: inactive players will automatically lose when time's up. (requested by cdogp3)\n|inactive|kojimuranishi has 60 seconds left.\n|inactive|kojimuranishi has 30 seconds left.\n|inactive|kojimuranishi has 20 seconds left.\n|inactive|kojimuranishi has 15 seconds left.\n|\n|t:|1771366943\n|teamsize|p1|4\n|teamsize|p2|4\n|start\n|switch|p1a: Calyrex|Calyrex-Ice, L50|100/100\n|switch|p1b: Iron Jugulis|Iron Jugulis, L50|100/100\n|switch|p2a: Calyrex|Calyrex-Shadow, L50|100/100\n|switch|p2b: Incineroar|Incineroar, L50, F|100/100\n|-ability|p2a: Calyrex|As One\n|-ability|p2a: Calyrex|Unnerve\n|-ability|p1a: Calyrex|As One\n|-ability|p1a: Calyrex|Unnerve\n|-ability|p2b: Incineroar|Intimidate|boost\n|-unboost|p1a: Calyrex|atk|1\n|-unboost|p1b: Iron Jugulis|atk|1\n|-enditem|p1b: Iron Jugulis|Booster Energy\n|-activate|p1b: Iron Jugulis|ability: Quark Drive|[fromitem]\n|-start|p1b: Iron Jugulis|quarkdrivespe\n|turn|1\n|inactive|kojimuranishi has 30 seconds left.\n|inactive|kojimuranishi has 20 seconds left.\n|inactive|kojimuranishi has 15 seconds left.\n|inactive|kojimuranishi has 10 seconds left.\n|\n|t:|1771366989\n|switch|p1a: Kyogre|Kyogre, L50|100/100\n|-weather|RainDance|[from] ability: Drizzle|[of] p1a: Kyogre\n|move|p2b: Incineroar|Fake Out|p1b: Iron Jugulis\n|-damage|p1b: Iron Jugulis|89/100\n|cant|p1b: Iron Jugulis|flinch\n|move|p2a: Calyrex|Astral Barrage|p1b: Iron Jugulis|[spread] p1a,p1b\n|-resisted|p1b: Iron Jugulis\n|-damage|p1a: Kyogre|52/100\n|-damage|p1b: Iron Jugulis|57/100\n|-damage|p2a: Calyrex|91/100|[from] item: Life Orb\n|\n|-weather|RainDance|[upkeep]\n|upkeep\n|turn|2\n|inactive|kojimuranishi has 30 seconds left.\n|\n|t:|1771367019\n|switch|p2a: Koraidon|Koraidon, L50|100/100\n|-weather|SunnyDay|[from] ability: Orichalcum Pulse|[of] p2a: Koraidon\n|-activate|p2a: Koraidon|Orichalcum Pulse|[source]\n|move|p1b: Iron Jugulis|Tailwind|p1b: Iron Jugulis\n|-sidestart|p1: kojimuranishi|move: Tailwind\n|move|p1a: Kyogre|Origin Pulse|p2a: Koraidon|[spread] p2a,p2b\n|-resisted|p2a: Koraidon\n|-supereffective|p2b: Incineroar\n|-damage|p2a: Koraidon|88/100\n|-damage|p2b: Incineroar|59/100\n|move|p2b: Incineroar|U-turn|p1b: Iron Jugulis\n|-damage|p1b: Iron Jugulis|38/100\n|\n|t:|1771367030\n|switch|p2b: Clefairy|Clefairy, L50, F|100/100|[from] U-turn\n|\n|-weather|SunnyDay|[upkeep]\n|upkeep\n|turn|3\n|\n|t:|1771367039\n|move|p2b: Clefairy|Protect|p2b: Clefairy\n|-singleturn|p2b: Clefairy|Protect\n|move|p1b: Iron Jugulis|Rain Dance|p1b: Iron Jugulis\n|-weather|RainDance\n|move|p1a: Kyogre|Origin Pulse|p2a: Koraidon|[spread] p2a\n|-activate|p2b: Clefairy|move: Protect\n|-resisted|p2a: Koraidon\n|-damage|p2a: Koraidon|61/100\n|move|p2a: Koraidon|Low Kick|p1b: Iron Jugulis\n|-damage|p1b: Iron Jugulis|0 fnt\n|faint|p1b: Iron Jugulis\n|-end|p1b: Iron Jugulis|Quark Drive|[silent]\n|\n|-weather|RainDance|[upkeep]\n|upkeep\n|\n|t:|1771367057\n|switch|p1b: Indeedee|Indeedee-F, L50, F|100/100\n|-fieldstart|move: Psychic Terrain|[from] ability: Psychic Surge|[of] p1b: Indeedee\n|turn|4\n|\n|t:|1771367073\n|move|p2b: Clefairy|Helping Hand|p2a: Koraidon\n|-singleturn|p2a: Koraidon|Helping Hand|[of] p2b: Clefairy\n|move|p1a: Kyogre|Origin Pulse|p2b: Clefairy|[spread] p2a,p2b\n|-resisted|p2a: Koraidon\n|-damage|p2a: Koraidon|31/100\n|-damage|p2b: Clefairy|12/100\n|move|p1b: Indeedee|Heal Pulse|p1a: Kyogre\n|-heal|p1a: Kyogre|100/100\n|move|p2a: Koraidon|Low Kick|p1b: Indeedee\n|-damage|p1b: Indeedee|49/100\n|\n|-weather|RainDance|[upkeep]\n|upkeep\n|turn|5\n|\n|t:|1771367093\n|switch|p2a: Incineroar|Incineroar, L50, F|59/100\n|-ability|p2a: Incineroar|Intimidate|boost\n|-unboost|p1a: Kyogre|atk|1\n|-unboost|p1b: Indeedee|atk|1\n|move|p2b: Clefairy|Protect|p2b: Clefairy\n|-singleturn|p2b: Clefairy|Protect\n|move|p1a: Kyogre|Origin Pulse|p2b: Clefairy|[spread] p2a\n|-activate|p2b: Clefairy|move: Protect\n|-supereffective|p2a: Incineroar\n|-damage|p2a: Incineroar|0 fnt\n|faint|p2a: Incineroar\n|move|p1b: Indeedee|Trick Room|p1b: Indeedee\n|-fieldstart|move: Trick Room|[of] p1b: Indeedee\n|\n|-weather|RainDance|[upkeep]\n|-sideend|p1: kojimuranishi|move: Tailwind\n|upkeep\n|\n|t:|1771367095\n|switch|p2a: Koraidon|Koraidon, L50|31/100\n|-weather|SunnyDay|[from] ability: Orichalcum Pulse|[of] p2a: Koraidon\n|-activate|p2a: Koraidon|Orichalcum Pulse|[source]\n|turn|6\n|\n|t:|1771367116\n|move|p2b: Clefairy|Encore|p1b: Indeedee\n|-start|p1b: Indeedee|Encore\n|move|p1b: Indeedee|Trick Room|p1b: Indeedee\n|-fieldend|move: Trick Room\n|move|p2a: Koraidon|Low Kick|p1a: Kyogre\n|-damage|p1a: Kyogre|8/100\n|move|p1a: Kyogre|Water Spout|p2a: Koraidon|[spread] p2a,p2b\n|-resisted|p2a: Koraidon\n|-damage|p2a: Koraidon|30/100\n|-damage|p2b: Clefairy|10/100\n|\n|-weather|SunnyDay|[upkeep]\n|upkeep\n|turn|7\n|inactive|cdogp3 has 30 seconds left.\n|\n|t:|1771367141\n|move|p2b: Clefairy|Helping Hand|p2a: Koraidon\n|-singleturn|p2a: Koraidon|Helping Hand|[of] p2b: Clefairy\n|move|p1a: Kyogre|Protect|p1a: Kyogre\n|-singleturn|p1a: Kyogre|Protect\n|move|p2a: Koraidon|Low Kick|p1b: Indeedee\n|-damage|p1b: Indeedee|0 fnt\n|faint|p1b: Indeedee\n|\n|-weather|SunnyDay|[upkeep]\n|upkeep\n|\n|t:|1771367152\n|switch|p1b: Calyrex|Calyrex-Ice, L50|100/100\n|-ability|p1b: Calyrex|As One\n|-ability|p1b: Calyrex|Unnerve\n|turn|8\n|\n|t:|1771367159\n|-terastallize|p2a: Koraidon|Fire\n|move|p2b: Clefairy|Protect|p2b: Clefairy\n|-singleturn|p2b: Clefairy|Protect\n|move|p2a: Koraidon|Low Kick|p1a: Kyogre\n|-damage|p1a: Kyogre|0 fnt\n|faint|p1a: Kyogre\n|move|p1b: Calyrex|Trick Room|p1b: Calyrex\n|-fieldstart|move: Trick Room|[of] p1b: Calyrex\n|\n|-weather|SunnyDay|[upkeep]\n|-fieldend|move: Psychic Terrain\n|upkeep\n|turn|9\n|\n|t:|1771367172\n|move|p2b: Clefairy|Encore|p1b: Calyrex\n|-start|p1b: Calyrex|Encore\n|move|p1b: Calyrex|Trick Room|p1b: Calyrex\n|-fieldend|move: Trick Room\n|move|p2a: Koraidon|Low Kick|p1b: Calyrex\n|-damage|p1b: Calyrex|49/100\n|\n|-weather|SunnyDay|[upkeep]\n|upkeep\n|turn|10\n|-message|kojimuranishi forfeited.\n|\n|win|cdogp3\n|raw|kojimuranishi's rating: 1537 &rarr; <strong>1519</strong><br />(-18 for losing)\n|raw|cdogp3's rating: 1570 &rarr; <strong>1588</strong><br />(+18 for winning)\n|l|\u2606kojimuranishi\n|player|p1|\n|l|\u2606cdogp3\n|player|p2|\n","uploadtime":1771367365,"views":39,"formatid":"gen9vgc2026regi","rating":1519,"private":0,"password":null}