{"id":"gen9vgc2026regi-2561821038","format":"[Gen 9] VGC 2026 Reg I","players":["coin six","Jonen"],"log":"|j|\u2606coin six\n|j|\u2606Jonen\n|t:|1773846546\n|gametype|doubles\n|player|p1|coin six|cheryl|1258\n|player|p2|Jonen|hiker-gen4|1357\n|gen|9\n|tier|[Gen 9] VGC 2026 Reg I\n|rated|\n|rule|Species Clause: Limit one of each Pok\u00e9mon\n|rule|Item Clause: Limit 1 of each item\n|clearpoke\n|poke|p1|Calyrex-Shadow, L50|\n|poke|p1|Zamazenta-*, L50|\n|poke|p1|Raging Bolt, L50|\n|poke|p1|Rillaboom, L50, F|\n|poke|p1|Tornadus, L50, M|\n|poke|p1|Incineroar, L50, F|\n|poke|p2|Groudon, L50|\n|poke|p2|Lunala, L50|\n|poke|p2|Sableye, L50, F|\n|poke|p2|Chi-Yu, L50|\n|poke|p2|Rillaboom, L50, F|\n|poke|p2|Jumpluff, L50, F|\n|teampreview|4\n|inactive|Battle timer is ON: inactive players will automatically lose when time's up. (requested by coin six)\n|inactive|Jonen has 60 seconds left.\n|\n|t:|1773846588\n|teamsize|p1|4\n|teamsize|p2|4\n|start\n|switch|p1a: \u857e\u51a0\u738b|Calyrex-Shadow, L50|100/100\n|switch|p1b: \u9f99\u5377\u4e91|Tornadus, L50, M|100/100\n|switch|p2a: Groudon|Groudon, L50|100/100\n|switch|p2b: Jumpluff|Jumpluff, L50, F|100/100\n|-ability|p1a: \u857e\u51a0\u738b|As One\n|-ability|p1a: \u857e\u51a0\u738b|Unnerve\n|-weather|SunnyDay|[from] ability: Drought|[of] p2a: Groudon\n|turn|1\n|\n|t:|1773846608\n|move|p1a: \u857e\u51a0\u738b|Protect|p1a: \u857e\u51a0\u738b\n|-singleturn|p1a: \u857e\u51a0\u738b|Protect\n|move|p1b: \u9f99\u5377\u4e91|Rain Dance|p1b: \u9f99\u5377\u4e91\n|-weather|RainDance\n|move|p2b: Jumpluff|Sleep Powder|p1a: \u857e\u51a0\u738b\n|-activate|p1a: \u857e\u51a0\u738b|move: Protect\n|move|p2a: Groudon|Heat Crash|p1b: \u9f99\u5377\u4e91\n|-damage|p1b: \u9f99\u5377\u4e91|55/100\n|-damage|p2a: Groudon|91/100|[from] item: Life Orb\n|\n|-weather|RainDance|[upkeep]\n|upkeep\n|turn|2\n|inactive|Jonen has 30 seconds left.\n|inactive|Jonen has 20 seconds left.\n|inactive|Jonen has 15 seconds left.\n|\n|t:|1773846650\n|switch|p2a: Chi-Yu|Chi-Yu, L50|100/100\n|-ability|p2a: Chi-Yu|Beads of Ruin\n|-terastallize|p2b: Jumpluff|Dark\n|move|p1b: \u9f99\u5377\u4e91|Taunt|p2b: Jumpluff\n|-hint|Since gen 7, Dark is immune to Prankster moves.\n|-immune|p2b: Jumpluff\n|move|p1a: \u857e\u51a0\u738b|Astral Barrage|p2b: Jumpluff|[spread] p2a,p2b\n|-resisted|p2a: Chi-Yu\n|-resisted|p2b: Jumpluff\n|-damage|p2a: Chi-Yu|67/100\n|-damage|p2b: Jumpluff|62/100\n|move|p2b: Jumpluff|Tailwind|p2b: Jumpluff\n|-sidestart|p2: Jonen|move: Tailwind\n|\n|-weather|RainDance|[upkeep]\n|upkeep\n|turn|3\n|\n|t:|1773846670\n|move|p1a: \u857e\u51a0\u738b|Protect|p1a: \u857e\u51a0\u738b\n|-singleturn|p1a: \u857e\u51a0\u738b|Protect\n|move|p1b: \u9f99\u5377\u4e91|Tailwind|p1b: \u9f99\u5377\u4e91\n|-sidestart|p1: coin six|move: Tailwind\n|move|p2a: Chi-Yu|Snarl|p1a: \u857e\u51a0\u738b|[spread] p1b\n|-activate|p1a: \u857e\u51a0\u738b|move: Protect\n|-damage|p1b: \u9f99\u5377\u4e91|31/100\n|move|p2b: Jumpluff|Encore|p1b: \u9f99\u5377\u4e91\n|-start|p1b: \u9f99\u5377\u4e91|Encore\n|\n|-weather|RainDance|[upkeep]\n|upkeep\n|turn|4\n|inactive|Jonen has 30 seconds left.\n|inactive|Jonen has 20 seconds left.\n|inactive|Jonen has 15 seconds left.\n|\n|t:|1773846711\n|switch|p2a: Groudon|Groudon, L50|91/100\n|-weather|SunnyDay|[from] ability: Drought|[of] p2a: Groudon\n|switch|p1a: \u70bd\u7130\u5486\u54ee\u864e|Incineroar, L50, F, shiny|100/100\n|-ability|p1a: \u70bd\u7130\u5486\u54ee\u864e|Intimidate|boost\n|-unboost|p2a: Groudon|atk|1\n|-unboost|p2b: Jumpluff|atk|1\n|switch|p1b: \u85cf\u739b\u7136\u7279|Zamazenta-Crowned, L50|100/100\n|-ability|p1b: \u85cf\u739b\u7136\u7279|Dauntless Shield|boost\n|-boost|p1b: \u85cf\u739b\u7136\u7279|def|1\n|move|p2b: Jumpluff|Encore||[still]\n|-fail|p2b: Jumpluff\n|\n|-weather|SunnyDay|[upkeep]\n|upkeep\n|turn|5\n|inactive|coin six has 30 seconds left.\n|\n|t:|1773846742\n|move|p1a: \u70bd\u7130\u5486\u54ee\u864e|Fake Out|p2b: Jumpluff\n|-damage|p2b: Jumpluff|50/100\n|move|p2b: Jumpluff|Sleep Powder|p1b: \u85cf\u739b\u7136\u7279|[miss]\n|-miss|p2b: Jumpluff|p1b: \u85cf\u739b\u7136\u7279\n|move|p1b: \u85cf\u739b\u7136\u7279|Body Press|p2a: Groudon\n|-damage|p2a: Groudon|38/100\n|move|p2a: Groudon|Precipice Blades|p1b: \u85cf\u739b\u7136\u7279|[spread] p1a,p1b\n|-supereffective|p1a: \u70bd\u7130\u5486\u54ee\u864e\n|-supereffective|p1b: \u85cf\u739b\u7136\u7279\n|-crit|p1b: \u85cf\u739b\u7136\u7279\n|-damage|p1a: \u70bd\u7130\u5486\u54ee\u864e|6/100\n|-damage|p1b: \u85cf\u739b\u7136\u7279|0 fnt\n|faint|p1b: \u85cf\u739b\u7136\u7279\n|-damage|p2a: Groudon|28/100|[from] item: Life Orb\n|\n|-weather|SunnyDay|[upkeep]\n|-sideend|p2: Jonen|move: Tailwind\n|upkeep\n|\n|t:|1773846760\n|switch|p1b: \u857e\u51a0\u738b|Calyrex-Shadow, L50|100/100\n|-ability|p1b: \u857e\u51a0\u738b|As One\n|-ability|p1b: \u857e\u51a0\u738b|Unnerve\n|turn|6\n|\n|t:|1773846767\n|move|p2a: Groudon|Protect|p2a: Groudon\n|-singleturn|p2a: Groudon|Protect\n|move|p1b: \u857e\u51a0\u738b|Astral Barrage|p2b: Jumpluff|[spread] p2b\n|-activate|p2a: Groudon|move: Protect\n|-resisted|p2b: Jumpluff\n|-damage|p2b: Jumpluff|21/100\n|move|p2b: Jumpluff|Tailwind|p2b: Jumpluff\n|-sidestart|p2: Jonen|move: Tailwind\n|move|p1a: \u70bd\u7130\u5486\u54ee\u864e|Knock Off|p2b: Jumpluff\n|-resisted|p2b: Jumpluff\n|-damage|p2b: Jumpluff|0 fnt\n|-enditem|p2b: Jumpluff|Covert Cloak|[from] move: Knock Off|[of] p1a: \u70bd\u7130\u5486\u54ee\u864e\n|faint|p2b: Jumpluff\n|\n|-weather|SunnyDay|[upkeep]\n|-sideend|p1: coin six|move: Tailwind\n|upkeep\n|\n|t:|1773846783\n|switch|p2b: Chi-Yu|Chi-Yu, L50|67/100\n|-ability|p2b: Chi-Yu|Beads of Ruin\n|turn|7\n|\n|t:|1773846796\n|move|p1b: \u857e\u51a0\u738b|Protect|p1b: \u857e\u51a0\u738b\n|-singleturn|p1b: \u857e\u51a0\u738b|Protect\n|move|p2b: Chi-Yu|Snarl|p1a: \u70bd\u7130\u5486\u54ee\u864e|[spread] p1a\n|-activate|p1b: \u857e\u51a0\u738b|move: Protect\n|-resisted|p1a: \u70bd\u7130\u5486\u54ee\u864e\n|-damage|p1a: \u70bd\u7130\u5486\u54ee\u864e|0 fnt\n|faint|p1a: \u70bd\u7130\u5486\u54ee\u864e\n|move|p2a: Groudon|Heat Crash|p1b: \u857e\u51a0\u738b\n|-activate|p1b: \u857e\u51a0\u738b|move: Protect\n|\n|-weather|SunnyDay|[upkeep]\n|upkeep\n|\n|t:|1773846802\n|switch|p1a: \u9f99\u5377\u4e91|Tornadus, L50, M|31/100\n|turn|8\n|\n|t:|1773846808\n|-terastallize|p1b: \u857e\u51a0\u738b|Normal\n|move|p2a: Groudon|Protect|p2a: Groudon\n|-singleturn|p2a: Groudon|Protect\n|move|p1a: \u9f99\u5377\u4e91|Rain Dance|p1a: \u9f99\u5377\u4e91\n|-weather|RainDance\n|move|p2b: Chi-Yu|Snarl|p1a: \u9f99\u5377\u4e91|[spread] p1a,p1b\n|-damage|p1a: \u9f99\u5377\u4e91|5/100\n|-damage|p1b: \u857e\u51a0\u738b|68/100\n|-unboost|p1b: \u857e\u51a0\u738b|spa|1\n|move|p1b: \u857e\u51a0\u738b|Astral Barrage|p2a: Groudon|[spread] p2b\n|-activate|p2a: Groudon|move: Protect\n|-resisted|p2b: Chi-Yu\n|-damage|p2b: Chi-Yu|47/100\n|\n|-weather|RainDance|[upkeep]\n|upkeep\n|turn|9\n|\n|t:|1773846829\n|move|p1a: \u9f99\u5377\u4e91|Tailwind|p1a: \u9f99\u5377\u4e91\n|-sidestart|p1: coin six|move: Tailwind\n|move|p2b: Chi-Yu|Snarl|p1b: \u857e\u51a0\u738b|[spread] p1a,p1b\n|-damage|p1a: \u9f99\u5377\u4e91|0 fnt\n|-damage|p1b: \u857e\u51a0\u738b|40/100\n|-unboost|p1b: \u857e\u51a0\u738b|spa|1\n|faint|p1a: \u9f99\u5377\u4e91\n|move|p1b: \u857e\u51a0\u738b|Astral Barrage|p2a: Groudon|[spread] p2a,p2b\n|-resisted|p2b: Chi-Yu\n|-damage|p2a: Groudon|0 fnt\n|-damage|p2b: Chi-Yu|32/100\n|faint|p2a: Groudon\n|-ability|p1b: \u857e\u51a0\u738b|Grim Neigh|boost\n|-boost|p1b: \u857e\u51a0\u738b|spa|1\n|\n|-weather|RainDance|[upkeep]\n|-sideend|p2: Jonen|move: Tailwind\n|upkeep\n|\n|t:|1773846837\n|switch|p2a: Lunala|Lunala, L50|100/100\n|turn|10\n|\n|t:|1773846840\n|move|p2a: Lunala|Protect|p2a: Lunala\n|-singleturn|p2a: Lunala|Protect\n|move|p1b: \u857e\u51a0\u738b|Astral Barrage|p2a: Lunala|[spread] p2b\n|-activate|p2a: Lunala|move: Protect\n|-resisted|p2b: Chi-Yu\n|-damage|p2b: Chi-Yu|11/100\n|move|p2b: Chi-Yu|Snarl|p1b: \u857e\u51a0\u738b\n|-damage|p1b: \u857e\u51a0\u738b|0 fnt\n|faint|p1b: \u857e\u51a0\u738b\n|\n|win|Jonen\n|raw|coin six's rating: 1258 &rarr; <strong>1240</strong><br />(-18 for losing)\n|raw|Jonen's rating: 1357 &rarr; <strong>1371</strong><br />(+14 for winning)\n","uploadtime":1773846841,"views":10,"formatid":"gen9vgc2026regi","rating":1240,"private":0,"password":null}