{"id":"gen9vgc2026regi-2573444706","format":"[Gen 9] VGC 2026 Reg I","players":["abluejacket","sunny_zong3"],"log":"|j|\u2606abluejacket\n|j|\u2606sunny_zong3\n|t:|1775137281\n|gametype|doubles\n|player|p1|abluejacket|2|1190\n|player|p2|sunny_zong3|266|1316\n|gen|9\n|tier|[Gen 9] VGC 2026 Reg I\n|rated|\n|rule|Species Clause: Limit one of each Pok\u00e9mon\n|rule|Item Clause: Limit 1 of each item\n|clearpoke\n|poke|p1|Groudon, L50|\n|poke|p1|Miraidon, L50|\n|poke|p1|Walking Wake, L50|\n|poke|p1|Chi-Yu, L50|\n|poke|p1|Flutter Mane, L50|\n|poke|p1|Gastrodon-East, L50, F|\n|poke|p2|Typhlosion-Hisui, L50, M|\n|poke|p2|Miraidon, L50|\n|poke|p2|Calyrex-Shadow, L50|\n|poke|p2|Torkoal, L50, F|\n|poke|p2|Ursaluna-Bloodmoon, L50, M|\n|poke|p2|Murkrow, L50, F|\n|teampreview|4\n|inactive|Battle timer is ON: inactive players will automatically lose when time's up. (requested by sunny_zong3)\n|inactive|abluejacket has 60 seconds left.\n|\n|t:|1775137324\n|teamsize|p1|4\n|teamsize|p2|4\n|start\n|switch|p1a: Groudon|Groudon, L50|100/100\n|switch|p1b: Flutter Mane|Flutter Mane, L50|100/100\n|switch|p2a: Murkrow|Murkrow, L50, F|100/100\n|switch|p2b: Typhlosion|Typhlosion-Hisui, L50, M|100/100\n|-weather|SunnyDay|[from] ability: Drought|[of] p1a: Groudon\n|-activate|p1b: Flutter Mane|ability: Protosynthesis\n|-start|p1b: Flutter Mane|protosynthesisspe\n|turn|1\n|\n|t:|1775137343\n|move|p2a: Murkrow|Tailwind|p2a: Murkrow\n|-sidestart|p2: sunny_zong3|move: Tailwind\n|move|p2b: Typhlosion|Eruption|p1a: Groudon|[spread] p1a,p1b\n|-damage|p1a: Groudon|35/100\n|-damage|p1b: Flutter Mane|8/100\n|move|p1b: Flutter Mane|Shadow Ball|p2b: Typhlosion\n|-supereffective|p2b: Typhlosion\n|-enditem|p2b: Typhlosion|Focus Sash\n|-damage|p2b: Typhlosion|1/100\n|move|p1a: Groudon|Swords Dance|p1a: Groudon\n|-boost|p1a: Groudon|atk|2\n|\n|-weather|SunnyDay|[upkeep]\n|-heal|p1a: Groudon|41/100|[from] item: Leftovers\n|upkeep\n|turn|2\n|inactive|abluejacket has 30 seconds left.\n|inactive|abluejacket has 20 seconds left.\n|inactive|abluejacket has 15 seconds left.\n|inactive|sunny_zong3 has 30 seconds left.\n|inactive|abluejacket has 10 seconds left.\n|\n|t:|1775137390\n|-end|p1b: Flutter Mane|Protosynthesis|[silent]\n|switch|p1b: Walking Wake|Walking Wake, L50|100/100\n|-activate|p1b: Walking Wake|ability: Protosynthesis\n|-start|p1b: Walking Wake|protosynthesisspa\n|move|p1a: Groudon|Protect|p1a: Groudon\n|-singleturn|p1a: Groudon|Protect\n|move|p2b: Typhlosion|Shadow Ball|p1b: Walking Wake\n|-damage|p1b: Walking Wake|54/100\n|move|p2a: Murkrow|Brave Bird|p1a: Groudon\n|-activate|p1a: Groudon|move: Protect\n|\n|-weather|SunnyDay|[upkeep]\n|-heal|p1a: Groudon|47/100|[from] item: Leftovers\n|upkeep\n|turn|3\n|inactive|sunny_zong3 has 30 seconds left.\n|\n|t:|1775137417\n|move|p2a: Murkrow|Feather Dance|p1a: Groudon\n|-unboost|p1a: Groudon|atk|2\n|move|p2b: Typhlosion|Curse|p1a: Groudon\n|-start|p1a: Groudon|Curse|[of] p2b: Typhlosion\n|-damage|p2b: Typhlosion|0 fnt\n|faint|p2b: Typhlosion\n|move|p1b: Walking Wake|Hydro Steam|p2a: Murkrow\n|-damage|p2a: Murkrow|0 fnt\n|faint|p2a: Murkrow\n|-damage|p1b: Walking Wake|44/100|[from] item: Life Orb\n|move|p1a: Groudon|Heat Crash|p2: Murkrow|[notarget]\n|-fail|p1a: Groudon\n|\n|-weather|SunnyDay|[upkeep]\n|-heal|p1a: Groudon|53/100|[from] item: Leftovers\n|-damage|p1a: Groudon|28/100|[from] Curse\n|upkeep\n|\n|t:|1775137420\n|switch|p2b: Miraidon|Miraidon, L50|100/100\n|switch|p2a: Calyrex|Calyrex-Shadow, L50|100/100\n|-ability|p2a: Calyrex|As One\n|-ability|p2a: Calyrex|Unnerve\n|-fieldstart|move: Electric Terrain|[from] ability: Hadron Engine|[of] p2b: Miraidon\n|turn|4\n|inactive|abluejacket has 30 seconds left.\n|inactive|abluejacket has 20 seconds left.\n|inactive|abluejacket has 15 seconds left.\n|inactive|abluejacket has 10 seconds left.\n|inactive|abluejacket has 5 seconds left.\n|\n|t:|1775137473\n|-terastallize|p2b: Miraidon|Fairy\n|move|p1b: Walking Wake|Protect|p1b: Walking Wake\n|-singleturn|p1b: Walking Wake|Protect\n|move|p2a: Calyrex|Astral Barrage|p1a: Groudon|[spread] p1a\n|-activate|p1b: Walking Wake|move: Protect\n|-damage|p1a: Groudon|0 fnt\n|faint|p1a: Groudon\n|-ability|p2a: Calyrex|Grim Neigh|boost\n|-boost|p2a: Calyrex|spa|1\n|-damage|p2a: Calyrex|91/100|[from] item: Life Orb\n|move|p2b: Miraidon|Dazzling Gleam|p1b: Walking Wake\n|-activate|p1b: Walking Wake|move: Protect\n|\n|-weather|SunnyDay|[upkeep]\n|-sideend|p2: sunny_zong3|move: Tailwind\n|upkeep\n|\n|t:|1775137492\n|switch|p1a: Flutter Mane|Flutter Mane, L50|8/100\n|-activate|p1a: Flutter Mane|ability: Protosynthesis\n|-start|p1a: Flutter Mane|protosynthesisspe\n|turn|5\n|inactive|abluejacket has 30 seconds left.\n|\n|t:|1775137526\n|move|p1a: Flutter Mane|Icy Wind|p2b: Miraidon|[spread] p2a,p2b\n|-damage|p2a: Calyrex|77/100\n|-damage|p2b: Miraidon|86/100\n|-unboost|p2a: Calyrex|spe|1\n|-unboost|p2b: Miraidon|spe|1\n|move|p1b: Walking Wake|Hydro Steam|p2a: Calyrex\n|-damage|p2a: Calyrex|0 fnt\n|faint|p2a: Calyrex\n|-damage|p1b: Walking Wake|35/100|[from] item: Life Orb\n|move|p2b: Miraidon|Dazzling Gleam|p1b: Walking Wake|[spread] p1a,p1b\n|-supereffective|p1b: Walking Wake\n|-damage|p1a: Flutter Mane|0 fnt\n|-damage|p1b: Walking Wake|0 fnt\n|faint|p1a: Flutter Mane\n|-end|p1a: Flutter Mane|Protosynthesis|[silent]\n|faint|p1b: Walking Wake\n|-end|p1b: Walking Wake|Protosynthesis|[silent]\n|\n|-weather|none\n|upkeep\n|\n|t:|1775137543\n|switch|p1b: Miraidon|Miraidon, L50|100/100\n|-activate|p1b: Miraidon|ability: Hadron Engine\n|turn|6\n|\n|t:|1775137553\n|-terastallize|p1b: Miraidon|Electric\n|move|p1b: Miraidon|Electro Drift|p2b: Miraidon\n|-damage|p2b: Miraidon|0 fnt\n|faint|p2b: Miraidon\n|\n|win|abluejacket\n|raw|abluejacket's rating: 1190 &rarr; <strong>1224</strong><br />(+34 for winning)\n|raw|sunny_zong3's rating: 1316 &rarr; <strong>1289</strong><br />(-27 for losing)\n|l|\u2606sunny_zong3\n|player|p2|\n","uploadtime":1775137565,"views":14,"formatid":"gen9vgc2026regi","rating":1224,"private":0,"password":null}