{"id":"gen9vgc2026regi-2538479893","format":"[Gen 9] VGC 2026 Reg I","players":["yamato-tak","lalo's pollos"],"log":"|j|\u2606yamato-tak\n|j|\u2606lalo's pollos\n|t:|1770931657\n|gametype|doubles\n|player|p1|yamato-tak|265|1456\n|player|p2|lalo's pollos|169|1580\n|gen|9\n|tier|[Gen 9] VGC 2026 Reg I\n|rated|\n|rule|Species Clause: Limit one of each Pok\u00e9mon\n|rule|Item Clause: Limit 1 of each item\n|clearpoke\n|poke|p1|Miraidon, L50|\n|poke|p1|Calyrex-Ice, L50|\n|poke|p1|Volcarona, L50, F|\n|poke|p1|Araquanid, L50, M|\n|poke|p1|Grimmsnarl, L50, M|\n|poke|p1|Rillaboom, L50, F|\n|poke|p2|Zamazenta-*, L50|\n|poke|p2|Lunala, L50|\n|poke|p2|Rillaboom, L50, M|\n|poke|p2|Incineroar, L50, M|\n|poke|p2|Urshifu-*, L50, M|\n|poke|p2|Tornadus, L50, M|\n|teampreview|4\n|inactive|Battle timer is ON: inactive players will automatically lose when time's up. (requested by yamato-tak)\n|\n|t:|1770931681\n|teamsize|p1|4\n|teamsize|p2|4\n|start\n|switch|p1a: Grimmsnarl|Grimmsnarl, L50, M, shiny|100/100\n|switch|p1b: Calyrex|Calyrex-Ice, L50|100/100\n|switch|p2a: Lunala|Lunala, L50|100/100\n|switch|p2b: Incineroar|Incineroar, L50, M|100/100\n|-ability|p1b: Calyrex|As One\n|-ability|p1b: Calyrex|Unnerve\n|-ability|p2b: Incineroar|Intimidate|boost\n|-unboost|p1a: Grimmsnarl|atk|1\n|-fail|p1b: Calyrex|unboost|[from] item: Clear Amulet|[of] p1b: Calyrex\n|turn|1\n|\n|t:|1770931694\n|move|p1b: Calyrex|Protect|p1b: Calyrex\n|-singleturn|p1b: Calyrex|Protect\n|move|p2b: Incineroar|Fake Out|p1b: Calyrex\n|-activate|p1b: Calyrex|move: Protect\n|move|p1a: Grimmsnarl|Light Screen|p1a: Grimmsnarl\n|-sidestart|p1: yamato-tak|move: Light Screen\n|move|p2a: Lunala|Calm Mind|p2a: Lunala\n|-boost|p2a: Lunala|spa|1\n|-boost|p2a: Lunala|spd|1\n|\n|upkeep\n|turn|2\n|\n|t:|1770931709\n|-terastallize|p1b: Calyrex|Fairy\n|move|p2a: Lunala|Protect|p2a: Lunala\n|-singleturn|p2a: Lunala|Protect\n|move|p1a: Grimmsnarl|Reflect|p1a: Grimmsnarl\n|-sidestart|p1: yamato-tak|Reflect\n|move|p2b: Incineroar|Knock Off|p1b: Calyrex\n|-resisted|p1b: Calyrex\n|-damage|p1b: Calyrex|93/100\n|-enditem|p1b: Calyrex|Clear Amulet|[from] move: Knock Off|[of] p2b: Incineroar\n|move|p1b: Calyrex|Leech Seed|p2a: Lunala\n|-activate|p2a: Lunala|move: Protect\n|\n|upkeep\n|turn|3\n|\n|t:|1770931720\n|move|p1a: Grimmsnarl|Parting Shot|p2a: Lunala\n|-unboost|p2a: Lunala|atk|1\n|-unboost|p2a: Lunala|spa|1\n|\n|t:|1770931731\n|switch|p1a: Volcarona|Volcarona, L50, F, shiny|100/100|[from] Parting Shot\n|move|p2a: Lunala|Calm Mind|p2a: Lunala\n|-boost|p2a: Lunala|spa|1\n|-boost|p2a: Lunala|spd|1\n|move|p2b: Incineroar|Taunt|p1b: Calyrex\n|-start|p1b: Calyrex|move: Taunt\n|cant|p1b: Calyrex|move: Taunt|Leech Seed\n|\n|upkeep\n|turn|4\n|\n|t:|1770931742\n|move|p1a: Volcarona|Quiver Dance|p1a: Volcarona\n|-boost|p1a: Volcarona|spa|1\n|-boost|p1a: Volcarona|spd|1\n|-boost|p1a: Volcarona|spe|1\n|move|p2a: Lunala|Calm Mind|p2a: Lunala\n|-boost|p2a: Lunala|spa|1\n|-boost|p2a: Lunala|spd|1\n|move|p2b: Incineroar|Parting Shot|p1b: Calyrex\n|-unboost|p1b: Calyrex|atk|1\n|-unboost|p1b: Calyrex|spa|1\n|\n|t:|1770931753\n|switch|p2b: Urshifu|Urshifu-Rapid-Strike, L50, M|100/100|[from] Parting Shot\n|move|p1b: Calyrex|Glacial Lance|p2b: Urshifu|[spread] p2a,p2b\n|-resisted|p2b: Urshifu\n|-damage|p2a: Lunala|84/100\n|-damage|p2b: Urshifu|83/100\n|\n|-heal|p2a: Lunala|90/100|[from] item: Leftovers\n|upkeep\n|turn|5\n|\n|t:|1770931761\n|move|p1a: Volcarona|Giga Drain|p2b: Urshifu\n|-supereffective|p2b: Urshifu\n|-damage|p2b: Urshifu|0 fnt\n|faint|p2b: Urshifu\n|move|p2a: Lunala|Calm Mind|p2a: Lunala\n|-boost|p2a: Lunala|spa|1\n|-boost|p2a: Lunala|spd|1\n|move|p1b: Calyrex|Glacial Lance|p2a: Lunala\n|-damage|p2a: Lunala|53/100\n|\n|-heal|p2a: Lunala|59/100|[from] item: Leftovers\n|-end|p1b: Calyrex|move: Taunt\n|upkeep\n|\n|t:|1770931770\n|switch|p2b: Incineroar|Incineroar, L50, M|100/100\n|-ability|p2b: Incineroar|Intimidate|boost\n|-unboost|p1a: Volcarona|atk|1\n|-unboost|p1b: Calyrex|atk|1\n|turn|6\n|\n|t:|1770931781\n|move|p1a: Volcarona|Quiver Dance|p1a: Volcarona\n|-boost|p1a: Volcarona|spa|1\n|-boost|p1a: Volcarona|spd|1\n|-boost|p1a: Volcarona|spe|1\n|move|p2a: Lunala|Moongeist Beam|p1a: Volcarona\n|-damage|p1a: Volcarona|54/100\n|move|p2b: Incineroar|Taunt|p1b: Calyrex\n|-start|p1b: Calyrex|move: Taunt\n|cant|p1b: Calyrex|move: Taunt|Leech Seed\n|\n|-heal|p1a: Volcarona|60/100|[from] item: Leftovers\n|-heal|p2a: Lunala|65/100|[from] item: Leftovers\n|upkeep\n|turn|7\n|\n|t:|1770931799\n|switch|p1b: Grimmsnarl|Grimmsnarl, L50, M, shiny|100/100\n|move|p1a: Volcarona|Quiver Dance|p1a: Volcarona\n|-boost|p1a: Volcarona|spa|1\n|-boost|p1a: Volcarona|spd|1\n|-boost|p1a: Volcarona|spe|1\n|move|p2a: Lunala|Moongeist Beam|p1a: Volcarona\n|-damage|p1a: Volcarona|23/100\n|move|p2b: Incineroar|Parting Shot|p1b: Grimmsnarl\n|-unboost|p1b: Grimmsnarl|atk|1\n|-unboost|p1b: Grimmsnarl|spa|1\n|\n|t:|1770931803\n|switch|p2b: Tornadus|Tornadus, L50, M|100/100|[from] Parting Shot\n|\n|-heal|p1a: Volcarona|29/100|[from] item: Leftovers\n|-heal|p2a: Lunala|71/100|[from] item: Leftovers\n|upkeep\n|turn|8\n|\n|t:|1770931823\n|-terastallize|p2a: Lunala|Fairy\n|move|p1b: Grimmsnarl|Fake Out|p2b: Tornadus\n|-damage|p2b: Tornadus|90/100\n|move|p1a: Volcarona|Quiver Dance|p1a: Volcarona\n|-boost|p1a: Volcarona|spa|1\n|-boost|p1a: Volcarona|spd|1\n|-boost|p1a: Volcarona|spe|1\n|cant|p2b: Tornadus|flinch\n|move|p2a: Lunala|Moonblast|p1b: Grimmsnarl\n|-supereffective|p1b: Grimmsnarl\n|-crit|p1b: Grimmsnarl\n|-damage|p1b: Grimmsnarl|0 fnt\n|faint|p1b: Grimmsnarl\n|\n|-heal|p1a: Volcarona|36/100|[from] item: Leftovers\n|-heal|p2a: Lunala|77/100|[from] item: Leftovers\n|-sideend|p1: yamato-tak|move: Light Screen\n|upkeep\n|\n|t:|1770931826\n|switch|p1b: Miraidon|Miraidon, L50, shiny|100/100\n|-fieldstart|move: Electric Terrain|[from] ability: Hadron Engine|[of] p1b: Miraidon\n|turn|9\n|\n|t:|1770931840\n|move|p2b: Tornadus|Tailwind|p2b: Tornadus\n|-sidestart|p2: lalo's pollos|move: Tailwind\n|move|p1a: Volcarona|Fiery Dance|p2a: Lunala\n|-damage|p2a: Lunala|50/100\n|move|p2a: Lunala|Moonblast|p1b: Miraidon\n|-supereffective|p1b: Miraidon\n|-damage|p1b: Miraidon|0 fnt\n|faint|p1b: Miraidon\n|\n|-heal|p1a: Volcarona|42/100|[from] item: Leftovers\n|-heal|p2a: Lunala|56/100|[from] item: Leftovers\n|-sideend|p1: yamato-tak|Reflect\n|upkeep\n|\n|t:|1770931843\n|switch|p1b: Calyrex|Calyrex-Ice, L50, tera:Fairy|93/100\n|-ability|p1b: Calyrex|As One\n|-ability|p1b: Calyrex|Unnerve\n|turn|10\n|\n|t:|1770931854\n|switch|p2b: Incineroar|Incineroar, L50, M|100/100\n|-ability|p2b: Incineroar|Intimidate|boost\n|-unboost|p1a: Volcarona|atk|1\n|-unboost|p1b: Calyrex|atk|1\n|move|p1a: Volcarona|Quiver Dance|p1a: Volcarona\n|-boost|p1a: Volcarona|spa|1\n|-boost|p1a: Volcarona|spd|1\n|-boost|p1a: Volcarona|spe|1\n|move|p2a: Lunala|Moongeist Beam|p1a: Volcarona\n|-damage|p1a: Volcarona|6/100\n|move|p1b: Calyrex|Glacial Lance|p2b: Incineroar|[spread] p2a,p2b\n|-resisted|p2b: Incineroar\n|-damage|p2a: Lunala|27/100\n|-damage|p2b: Incineroar|86/100\n|\n|-heal|p1a: Volcarona|12/100|[from] item: Leftovers\n|-heal|p2a: Lunala|33/100|[from] item: Leftovers\n|upkeep\n|turn|11\n|\n|t:|1770931876\n|move|p1a: Volcarona|Protect|p1a: Volcarona\n|-singleturn|p1a: Volcarona|Protect\n|move|p2a: Lunala|Protect|p2a: Lunala\n|-singleturn|p2a: Lunala|Protect\n|move|p2b: Incineroar|Knock Off|p1a: Volcarona\n|-activate|p1a: Volcarona|move: Protect\n|move|p1b: Calyrex|Glacial Lance|p2b: Incineroar|[spread] p2b\n|-activate|p2a: Lunala|move: Protect\n|-resisted|p2b: Incineroar\n|-damage|p2b: Incineroar|72/100\n|\n|-heal|p1a: Volcarona|18/100|[from] item: Leftovers\n|-heal|p2a: Lunala|39/100|[from] item: Leftovers\n|upkeep\n|turn|12\n|\n|t:|1770931889\n|move|p1a: Volcarona|Fiery Dance|p2a: Lunala\n|-damage|p2a: Lunala|9/100\n|-boost|p1a: Volcarona|spa|1\n|move|p2a: Lunala|Moongeist Beam|p1b: Calyrex\n|-crit|p1b: Calyrex\n|-damage|p1b: Calyrex|0 fnt\n|faint|p1b: Calyrex\n|move|p2b: Incineroar|Knock Off|p1a: Volcarona\n|-damage|p1a: Volcarona|0 fnt\n|-enditem|p1a: Volcarona|Leftovers|[from] move: Knock Off|[of] p2b: Incineroar\n|faint|p1a: Volcarona\n|\n|win|lalo's pollos\n|raw|yamato-tak's rating: 1456 &rarr; <strong>1443</strong><br />(-13 for losing)\n|raw|lalo&apos;s pollos's rating: 1580 &rarr; <strong>1593</strong><br />(+13 for winning)\n|l|\u2606yamato-tak\n|player|p1|\n","uploadtime":1770931944,"views":27,"formatid":"gen9vgc2026regi","rating":1443,"private":0,"password":null}