{"id":"gen9vgc2026regi-2542573904","format":"[Gen 9] VGC 2026 Reg I","players":["alexit93","crazykoraidon"],"log":"|j|\u2606alexit93\n|j|\u2606crazykoraidon\n|t:|1771464140\n|gametype|doubles\n|player|p1|alexit93|lucas-gen4pt|1324\n|player|p2|crazykoraidon|pokemaniac|1195\n|gen|9\n|tier|[Gen 9] VGC 2026 Reg I\n|rated|\n|rule|Species Clause: Limit one of each Pok\u00e9mon\n|rule|Item Clause: Limit 1 of each item\n|clearpoke\n|poke|p1|Zamazenta-*, L50|\n|poke|p1|Riolu, L50, M|\n|poke|p1|Calyrex-Ice, L50|\n|poke|p1|Rillaboom, L50, M|\n|poke|p1|Incineroar, L50, M|\n|poke|p1|Urshifu-*, L50, F|\n|poke|p2|Koraidon, L50|\n|poke|p2|Meowscarada, L50, F|\n|poke|p2|Greninja-*, L50, M|\n|poke|p2|Goodra-Hisui, L50, M|\n|poke|p2|Garganacl, L50, M|\n|poke|p2|Roaring Moon, L50|\n|teampreview|4\n|inactive|Battle timer is ON: inactive players will automatically lose when time's up. (requested by crazykoraidon)\n|\n|t:|1771464167\n|teamsize|p1|4\n|teamsize|p2|4\n|start\n|switch|p1a: Calyrex|Calyrex-Ice, L50|100/100\n|switch|p1b: Incineroar|Incineroar, L50, M|100/100\n|switch|p2a: Koraidon|Koraidon, L50|100/100\n|switch|p2b: Greninja|Greninja, L50, M|100/100\n|-ability|p1a: Calyrex|As One\n|-ability|p1a: Calyrex|Unnerve\n|-weather|SunnyDay|[from] ability: Orichalcum Pulse|[of] p2a: Koraidon\n|-activate|p2a: Koraidon|Orichalcum Pulse|[source]\n|-ability|p1b: Incineroar|Intimidate|boost\n|-unboost|p2a: Koraidon|atk|1\n|-unboost|p2b: Greninja|atk|1\n|turn|1\n|\n|t:|1771464188\n|move|p1b: Incineroar|Fake Out|p2a: Koraidon\n|-crit|p2a: Koraidon\n|-damage|p2a: Koraidon|84/100\n|cant|p2a: Koraidon|flinch\n|move|p2b: Greninja|Weather Ball|p1a: Calyrex\n|-start|p2b: Greninja|typechange|Fire|[from] ability: Protean\n|-supereffective|p1a: Calyrex\n|-damage|p1a: Calyrex|0 fnt\n|faint|p1a: Calyrex\n|\n|-weather|SunnyDay|[upkeep]\n|upkeep\n|\n|t:|1771464197\n|switch|p1a: Riolu|Riolu, L50, M|100/100\n|turn|2\n|\n|t:|1771464217\n|switch|p1b: Urshifu|Urshifu-Rapid-Strike, L50, F|100/100\n|move|p1a: Riolu|Rain Dance|p1a: Riolu\n|-weather|RainDance\n|move|p2a: Koraidon|Collision Course|p1b: Urshifu\n|-damage|p1b: Urshifu|55/100\n|-damage|p2a: Koraidon|74/100|[from] item: Life Orb\n|move|p2b: Greninja|Weather Ball|p1a: Riolu\n|-damage|p1a: Riolu|26/100\n|\n|-weather|RainDance|[upkeep]\n|upkeep\n|turn|3\n|\n|t:|1771464230\n|switch|p2a: Goodra|Goodra-Hisui, L50, M|100/100\n|switch|p2b: Roaring Moon|Roaring Moon, L50|100/100\n|-terastallize|p1b: Urshifu|Water\n|move|p1a: Riolu|Coaching|p1b: Urshifu\n|-boost|p1b: Urshifu|atk|1\n|-boost|p1b: Urshifu|def|1\n|move|p1b: Urshifu|Surging Strikes|p2a: Goodra\n|-resisted|p2a: Goodra\n|-damage|p2a: Goodra|81/100\n|-resisted|p2a: Goodra\n|-damage|p2a: Goodra|60/100\n|-resisted|p2a: Goodra\n|-damage|p2a: Goodra|38/100\n|-hitcount|p2a: Goodra|3\n|\n|-weather|RainDance|[upkeep]\n|upkeep\n|turn|4\n|\n|t:|1771464244\n|move|p1a: Riolu|Coaching|p1b: Urshifu\n|-boost|p1b: Urshifu|atk|1\n|-boost|p1b: Urshifu|def|1\n|move|p1b: Urshifu|Surging Strikes|p2b: Roaring Moon\n|-resisted|p2b: Roaring Moon\n|-crit|p2b: Roaring Moon\n|-damage|p2b: Roaring Moon|53/100\n|-resisted|p2b: Roaring Moon\n|-crit|p2b: Roaring Moon\n|-damage|p2b: Roaring Moon|8/100\n|-resisted|p2b: Roaring Moon\n|-crit|p2b: Roaring Moon\n|-damage|p2b: Roaring Moon|0 fnt\n|faint|p2b: Roaring Moon\n|-end|p2b: Roaring Moon|Protosynthesis|[silent]\n|-hitcount|p2: Roaring Moon|3\n|move|p2a: Goodra|Shelter|p2a: Goodra\n|-boost|p2a: Goodra|def|2\n|\n|-weather|RainDance|[upkeep]\n|upkeep\n|\n|t:|1771464250\n|switch|p2b: Koraidon|Koraidon, L50|74/100\n|-weather|SunnyDay|[from] ability: Orichalcum Pulse|[of] p2b: Koraidon\n|-activate|p2b: Koraidon|Orichalcum Pulse|[source]\n|turn|5\n|\n|t:|1771464258\n|move|p1a: Riolu|Rain Dance|p1a: Riolu\n|-weather|RainDance\n|move|p1b: Urshifu|Surging Strikes|p2a: Goodra\n|-resisted|p2a: Goodra\n|-damage|p2a: Goodra|25/100\n|-resisted|p2a: Goodra\n|-damage|p2a: Goodra|11/100\n|-resisted|p2a: Goodra\n|-damage|p2a: Goodra|0 fnt\n|faint|p2a: Goodra\n|-hitcount|p2: Goodra|3\n|move|p2b: Koraidon|Collision Course|p1b: Urshifu\n|-damage|p1b: Urshifu|18/100\n|-damage|p2b: Koraidon|64/100|[from] item: Life Orb\n|\n|-weather|RainDance|[upkeep]\n|upkeep\n|\n|t:|1771464264\n|switch|p2a: Greninja|Greninja, L50, M|100/100\n|turn|6\n|\n|t:|1771464277\n|switch|p1a: Incineroar|Incineroar, L50, M|100/100\n|-ability|p1a: Incineroar|Intimidate|boost\n|-unboost|p2a: Greninja|atk|1\n|-unboost|p2b: Koraidon|atk|1\n|move|p1b: Urshifu|Surging Strikes|p2a: Greninja\n|-resisted|p2a: Greninja\n|-crit|p2a: Greninja\n|-damage|p2a: Greninja|31/100\n|-resisted|p2a: Greninja\n|-crit|p2a: Greninja\n|-damage|p2a: Greninja|0 fnt\n|faint|p2a: Greninja\n|-hitcount|p2: Greninja|2\n|move|p2b: Koraidon|Dragon Claw|p1b: Urshifu\n|-damage|p1b: Urshifu|0 fnt\n|faint|p1b: Urshifu\n|-damage|p2b: Koraidon|55/100|[from] item: Life Orb\n|\n|-weather|RainDance|[upkeep]\n|upkeep\n|\n|t:|1771464284\n|switch|p1b: Riolu|Riolu, L50, M|26/100\n|turn|7\n|\n|t:|1771464299\n|move|p1a: Incineroar|Fake Out|p2b: Koraidon\n|-damage|p2b: Koraidon|43/100\n|move|p1b: Riolu|Coaching|p1a: Incineroar\n|-boost|p1a: Incineroar|atk|1\n|-boost|p1a: Incineroar|def|1\n|cant|p2b: Koraidon|flinch\n|\n|-weather|RainDance|[upkeep]\n|upkeep\n|turn|8\n|\n|t:|1771464307\n|move|p1b: Riolu|Coaching|p1a: Incineroar\n|-boost|p1a: Incineroar|atk|1\n|-boost|p1a: Incineroar|def|1\n|move|p2b: Koraidon|Collision Course|p1a: Incineroar\n|-supereffective|p1a: Incineroar\n|-damage|p1a: Incineroar|46/100\n|-damage|p2b: Koraidon|27/100|[from] item: Rocky Helmet|[of] p1a: Incineroar\n|-damage|p2b: Koraidon|17/100|[from] item: Life Orb\n|move|p1a: Incineroar|Knock Off|p2b: Koraidon\n|-resisted|p2b: Koraidon\n|-damage|p2b: Koraidon|0 fnt\n|-enditem|p2b: Koraidon|Life Orb|[from] move: Knock Off|[of] p1a: Incineroar\n|faint|p2b: Koraidon\n|\n|win|alexit93\n|raw|alexit93's rating: 1324 &rarr; <strong>1337</strong><br />(+13 for winning)\n|raw|crazykoraidon's rating: 1195 &rarr; <strong>1179</strong><br />(-16 for losing)\n|l|\u2606crazykoraidon\n|player|p2|\n|l|\u2606alexit93\n|player|p1|\n","uploadtime":1771464459,"views":15,"formatid":"gen9vgc2026regi","rating":1179,"private":0,"password":null}