{"id":"gen9vgc2026regi-2527746148","format":"[Gen 9] VGC 2026 Reg I","players":["Elpapiced","Actoradoboy fan"],"log":"|j|\u2606Elpapiced\n|j|\u2606Actoradoboy fan\n|t:|1769571313\n|gametype|doubles\n|player|p1|Elpapiced|hilbert-wonderlauncher|1296\n|player|p2|Actoradoboy fan|nate|1410\n|gen|9\n|tier|[Gen 9] VGC 2026 Reg I\n|rated|\n|rule|Species Clause: Limit one of each Pok\u00e9mon\n|rule|Item Clause: Limit 1 of each item\n|clearpoke\n|poke|p1|Tornadus, L50, M|\n|poke|p1|Urshifu-*, L50, F|\n|poke|p1|Iron Valiant, L50|\n|poke|p1|Koraidon, L50|\n|poke|p1|Calyrex-Shadow, L50|\n|poke|p1|Venusaur, L50, M|\n|poke|p2|Koraidon, L50|\n|poke|p2|Calyrex-Shadow, L50|\n|poke|p2|Flutter Mane, L50|\n|poke|p2|Incineroar, L50, F|\n|poke|p2|Clefairy, L50, F|\n|poke|p2|Rillaboom, L50, F|\n|teampreview|4\n|inactive|Battle timer is ON: inactive players will automatically lose when time's up. (requested by Actoradoboy fan)\n|inactive|Elpapiced has 60 seconds left.\n|\n|t:|1769571350\n|teamsize|p1|4\n|teamsize|p2|4\n|start\n|switch|p1a: Venusaur|Venusaur, L50, M|100/100\n|switch|p1b: Calyrex|Calyrex-Shadow, L50|100/100\n|switch|p2a: Flutter Mane|Flutter Mane, L50|100/100\n|switch|p2b: Koraidon|Koraidon, L50, shiny|100/100\n|-ability|p1b: Calyrex|As One\n|-ability|p1b: Calyrex|Unnerve\n|-weather|SunnyDay|[from] ability: Orichalcum Pulse|[of] p2b: Koraidon\n|-activate|p2a: Flutter Mane|ability: Protosynthesis\n|-start|p2a: Flutter Mane|protosynthesisspe\n|-activate|p2b: Koraidon|Orichalcum Pulse|[source]\n|turn|1\n|\n|t:|1769571364\n|-terastallize|p1b: Calyrex|Fighting\n|-terastallize|p2b: Koraidon|Fire\n|move|p2a: Flutter Mane|Icy Wind|p1b: Calyrex|[spread] p1a,p1b\n|-supereffective|p1a: Venusaur\n|-damage|p1a: Venusaur|68/100\n|-damage|p1b: Calyrex|84/100\n|-unboost|p1b: Calyrex|spe|1\n|move|p1a: Venusaur|Sleep Powder|p2b: Koraidon\n|-status|p2b: Koraidon|slp|[from] move: Sleep Powder\n|cant|p2b: Koraidon|slp\n|move|p1b: Calyrex|Astral Barrage|p2a: Flutter Mane|[spread] p2a,p2b\n|-supereffective|p2a: Flutter Mane\n|-enditem|p2a: Flutter Mane|Focus Sash\n|-damage|p2a: Flutter Mane|1/100\n|-damage|p2b: Koraidon|31/100 slp\n|\n|-weather|SunnyDay|[upkeep]\n|upkeep\n|turn|2\n|\n|t:|1769571380\n|switch|p1b: Tornadus|Tornadus, L50, M|100/100\n|move|p2a: Flutter Mane|Moonblast|p1b: Tornadus\n|-damage|p1b: Tornadus|28/100\n|move|p1a: Venusaur|Sludge Bomb|p2a: Flutter Mane\n|-damage|p2a: Flutter Mane|0 fnt\n|faint|p2a: Flutter Mane\n|-end|p2a: Flutter Mane|Protosynthesis|[silent]\n|-curestatus|p2b: Koraidon|slp|[msg]\n|move|p2b: Koraidon|Flame Charge|p1a: Venusaur\n|-supereffective|p1a: Venusaur\n|-damage|p1a: Venusaur|0 fnt\n|-boost|p2b: Koraidon|spe|1\n|faint|p1a: Venusaur\n|\n|-weather|SunnyDay|[upkeep]\n|upkeep\n|\n|t:|1769571391\n|switch|p2a: Rillaboom|Rillaboom, L50, F|100/100\n|switch|p1a: Calyrex|Calyrex-Shadow, L50, tera:Fighting|84/100\n|-ability|p1a: Calyrex|As One\n|-ability|p1a: Calyrex|Unnerve\n|-fieldstart|move: Grassy Terrain|[from] ability: Grassy Surge|[of] p2a: Rillaboom\n|turn|3\n|\n|t:|1769571408\n|switch|p1a: Koraidon|Koraidon, L50, shiny|100/100\n|-activate|p1a: Koraidon|ability: Orichalcum Pulse\n|move|p2a: Rillaboom|Fake Out|p1a: Koraidon\n|-damage|p1a: Koraidon|88/100\n|move|p2b: Koraidon|Flame Charge|p1b: Tornadus\n|-damage|p1b: Tornadus|0 fnt\n|-boost|p2b: Koraidon|spe|1\n|faint|p1b: Tornadus\n|\n|-weather|SunnyDay|[upkeep]\n|-heal|p2b: Koraidon|37/100|[from] Grassy Terrain\n|-heal|p1a: Koraidon|94/100|[from] Grassy Terrain\n|upkeep\n|\n|t:|1769571416\n|switch|p1b: Calyrex|Calyrex-Shadow, L50, tera:Fighting|84/100\n|-ability|p1b: Calyrex|As One\n|-ability|p1b: Calyrex|Unnerve\n|turn|4\n|\n|t:|1769571421\n|move|p2b: Koraidon|Flare Blitz|p1b: Calyrex\n|-damage|p1b: Calyrex|0 fnt\n|faint|p1b: Calyrex\n|-damage|p2b: Koraidon|12/100|[from] Recoil\n|move|p1a: Koraidon|Scale Shot|p2b: Koraidon\n|-damage|p2b: Koraidon|0 fnt\n|faint|p2b: Koraidon\n|-hitcount|p2: Koraidon|1\n|-unboost|p1a: Koraidon|def|1\n|-boost|p1a: Koraidon|spe|1\n|move|p2a: Rillaboom|U-turn|p1a: Koraidon\n|-resisted|p1a: Koraidon\n|-damage|p1a: Koraidon|78/100\n|\n|t:|1769571423\n|switch|p2a: Calyrex|Calyrex-Shadow, L50|100/100|[from] U-turn\n|-ability|p2a: Calyrex|As One\n|-ability|p2a: Calyrex|Unnerve\n|\n|-weather|SunnyDay|[upkeep]\n|-heal|p1a: Koraidon|84/100|[from] Grassy Terrain\n|upkeep\n|\n|t:|1769571424\n|switch|p2b: Rillaboom|Rillaboom, L50, F|100/100\n|turn|5\n|\n|t:|1769571428\n|move|p2b: Rillaboom|Fake Out|p1a: Koraidon\n|-damage|p1a: Koraidon|67/100\n|cant|p1a: Koraidon|flinch\n|move|p2a: Calyrex|Psychic|p1a: Koraidon\n|-supereffective|p1a: Koraidon\n|-damage|p1a: Koraidon|0 fnt\n|faint|p1a: Koraidon\n|-damage|p2a: Calyrex|91/100|[from] item: Life Orb\n|\n|win|Actoradoboy fan\n|raw|Elpapiced's rating: 1296 &rarr; <strong>1279</strong><br />(-17 for losing)\n|raw|Actoradoboy fan's rating: 1410 &rarr; <strong>1424</strong><br />(+14 for winning)\n|l|\u2606Elpapiced\n|player|p1|\n|l|\u2606Actoradoboy fan\n|player|p2|\n","uploadtime":1769571631,"views":11,"formatid":"gen9vgc2026regi","rating":1279,"private":0,"password":null}