{"id":"gen9vgc2026regi-2558992889","format":"[Gen 9] VGC 2026 Reg I","players":["Cello L.","PragTesting"],"log":"|j|\u2606Cello L.\n|j|\u2606PragTesting\n|t:|1773509512\n|gametype|doubles\n|player|p1|Cello L.|cynthia-gen4|1429\n|player|p2|PragTesting|101|1312\n|gen|9\n|tier|[Gen 9] VGC 2026 Reg I\n|rated|\n|rule|Species Clause: Limit one of each Pok\u00e9mon\n|rule|Item Clause: Limit 1 of each item\n|clearpoke\n|poke|p1|Terapagos, L50, M|\n|poke|p1|Calyrex-Shadow, L50|\n|poke|p1|Flutter Mane, L50|\n|poke|p1|Ogerpon-Cornerstone, L50, F|\n|poke|p1|Rillaboom, L50, M|\n|poke|p1|Incineroar, L50, M|\n|poke|p2|Zacian-*, L50|\n|poke|p2|Kyogre, L50|\n|poke|p2|Urshifu-*, L50, F|\n|poke|p2|Roaring Moon, L50|\n|poke|p2|Chien-Pao, L50|\n|poke|p2|Amoonguss, L50, M|\n|teampreview|4\n|\n|t:|1773509538\n|teamsize|p1|4\n|teamsize|p2|4\n|start\n|switch|p1a: Terapagos|Terapagos, L50, M|100/100\n|switch|p1b: Flutter Mane|Flutter Mane, L50|100/100\n|switch|p2a: Kyogre|Kyogre, L50|100/100\n|switch|p2b: Urshifu|Urshifu-Rapid-Strike, L50, F|100/100\n|-activate|p1a: Terapagos|ability: Tera Shift\n|detailschange|p1a: Terapagos|Terapagos-Terastal, L50, M\n|-heal|p1a: Terapagos|100/100|[silent]\n|-weather|RainDance|[from] ability: Drizzle|[of] p2a: Kyogre\n|-enditem|p1b: Flutter Mane|Booster Energy\n|-activate|p1b: Flutter Mane|ability: Protosynthesis|[fromitem]\n|-start|p1b: Flutter Mane|protosynthesisspe\n|turn|1\n|inactive|Battle timer is ON: inactive players will automatically lose when time's up. (requested by PragTesting)\n|\n|t:|1773509618\n|switch|p2b: Zacian|Zacian-Crowned, L50|100/100\n|-ability|p2b: Zacian|Intrepid Sword|boost\n|-boost|p2b: Zacian|atk|1\n|move|p1b: Flutter Mane|Icy Wind|p2b: Zacian|[spread] p2a,p2b\n|-resisted|p2a: Kyogre\n|-resisted|p2b: Zacian\n|-damage|p2a: Kyogre|97/100\n|-damage|p2b: Zacian|95/100\n|-unboost|p2a: Kyogre|spe|1\n|-unboost|p2b: Zacian|spe|1\n|move|p1a: Terapagos|Calm Mind|p1a: Terapagos\n|-boost|p1a: Terapagos|spa|1\n|-boost|p1a: Terapagos|spd|1\n|move|p2a: Kyogre|Water Spout|p1a: Terapagos|[spread] p1a,p1b\n|-activate|p1a: Terapagos|ability: Tera Shell\n|-resisted|p1a: Terapagos\n|-damage|p1a: Terapagos|65/100\n|-damage|p1b: Flutter Mane|0 fnt\n|faint|p1b: Flutter Mane\n|-end|p1b: Flutter Mane|Protosynthesis|[silent]\n|\n|-weather|RainDance|[upkeep]\n|-heal|p1a: Terapagos|71/100|[from] item: Leftovers\n|upkeep\n|\n|t:|1773509637\n|switch|p1b: Calyrex|Calyrex-Shadow, L50|100/100\n|-ability|p1b: Calyrex|As One\n|-ability|p1b: Calyrex|Unnerve\n|turn|2\n|\n|t:|1773509659\n|switch|p2a: Roaring Moon|Roaring Moon, L50|100/100\n|-enditem|p2a: Roaring Moon|Booster Energy\n|-activate|p2a: Roaring Moon|ability: Protosynthesis|[fromitem]\n|-start|p2a: Roaring Moon|protosynthesisspe\n|move|p1b: Calyrex|Pollen Puff|p1a: Terapagos\n|-heal|p1a: Terapagos|100/100\n|move|p2b: Zacian|Behemoth Blade|p1a: Terapagos\n|-activate|p1a: Terapagos|ability: Tera Shell\n|-resisted|p1a: Terapagos\n|-damage|p1a: Terapagos|71/100\n|move|p1a: Terapagos|Calm Mind|p1a: Terapagos\n|-boost|p1a: Terapagos|spa|1\n|-boost|p1a: Terapagos|spd|1\n|\n|-weather|RainDance|[upkeep]\n|-heal|p1a: Terapagos|77/100|[from] item: Leftovers\n|upkeep\n|turn|3\n|inactive|Cello L. has 30 seconds left.\n|inactive|PragTesting has 30 seconds left.\n|\n|t:|1773509689\n|-terastallize|p1a: Terapagos|Stellar\n|detailschange|p1a: Terapagos|Terapagos-Stellar, L50, M, tera:Stellar\n|-heal|p1a: Terapagos|83/100|[silent]\n|-ability|p1a: Terapagos|Teraform Zero\n|-weather|none\n|move|p2a: Roaring Moon|Tailwind|p2a: Roaring Moon\n|-sidestart|p2: PragTesting|move: Tailwind\n|move|p2b: Zacian|Behemoth Blade|p1a: Terapagos\n|-damage|p1a: Terapagos|38/100\n|move|p1b: Calyrex|Will-O-Wisp|p2b: Zacian|[miss]\n|-miss|p1b: Calyrex|p2b: Zacian\n|move|p1a: Terapagos|Tera Starstorm|p2b: Zacian|[spread] p2a,p2b\n|-damage|p2a: Roaring Moon|33/100\n|-damage|p2b: Zacian|39/100\n|\n|-heal|p1a: Terapagos|44/100|[from] item: Leftovers\n|upkeep\n|turn|4\n|inactive|Cello L. has 30 seconds left.\n|inactive|PragTesting has 30 seconds left.\n|\n|t:|1773509720\n|move|p1b: Calyrex|Protect|p1b: Calyrex\n|-singleturn|p1b: Calyrex|Protect\n|move|p2a: Roaring Moon|Knock Off|p1b: Calyrex\n|-activate|p1b: Calyrex|move: Protect\n|move|p2b: Zacian|Behemoth Blade|p1a: Terapagos\n|-damage|p1a: Terapagos|2/100\n|move|p1a: Terapagos|Tera Starstorm|p2a: Roaring Moon|[spread] p2a,p2b\n|-damage|p2a: Roaring Moon|0 fnt\n|-damage|p2b: Zacian|0 fnt\n|faint|p2a: Roaring Moon\n|-end|p2a: Roaring Moon|Protosynthesis|[silent]\n|faint|p2b: Zacian\n|\n|-heal|p1a: Terapagos|9/100|[from] item: Leftovers\n|upkeep\n|\n|t:|1773509731\n|switch|p2b: Urshifu|Urshifu-Rapid-Strike, L50, F|100/100\n|switch|p2a: Kyogre|Kyogre, L50|97/100\n|-weather|RainDance|[from] ability: Drizzle|[of] p2a: Kyogre\n|turn|5\n|\n|t:|1773509752\n|switch|p1b: Rillaboom|Rillaboom, L50, M|100/100\n|-fieldstart|move: Grassy Terrain|[from] ability: Grassy Surge|[of] p1b: Rillaboom\n|move|p1a: Terapagos|Protect|p1a: Terapagos\n|-singleturn|p1a: Terapagos|Protect\n|move|p2b: Urshifu|Surging Strikes|p1b: Rillaboom\n|-resisted|p1b: Rillaboom\n|-crit|p1b: Rillaboom\n|-damage|p1b: Rillaboom|86/100\n|-resisted|p1b: Rillaboom\n|-crit|p1b: Rillaboom\n|-damage|p1b: Rillaboom|70/100\n|-resisted|p1b: Rillaboom\n|-crit|p1b: Rillaboom\n|-damage|p1b: Rillaboom|55/100\n|-hitcount|p1b: Rillaboom|3\n|move|p2a: Kyogre|Water Spout|p1a: Terapagos|[spread] p1b\n|-activate|p1a: Terapagos|move: Protect\n|-resisted|p1b: Rillaboom\n|-damage|p1b: Rillaboom|21/100\n|\n|-weather|RainDance|[upkeep]\n|-heal|p2a: Kyogre|100/100|[from] Grassy Terrain\n|-heal|p1a: Terapagos|15/100|[from] Grassy Terrain\n|-heal|p1a: Terapagos|21/100|[from] item: Leftovers\n|-heal|p1b: Rillaboom|27/100|[from] Grassy Terrain\n|upkeep\n|turn|6\n|inactive|Cello L. has 30 seconds left.\n|inactive|PragTesting has 30 seconds left.\n|inactive|Cello L. has 20 seconds left.\n|inactive|Cello L. has 15 seconds left.\n|inactive|Cello L. has 10 seconds left.\n|\n|t:|1773509800\n|-terastallize|p2b: Urshifu|Ghost\n|move|p1b: Rillaboom|Grassy Glide|p2b: Urshifu\n|-damage|p2b: Urshifu|64/100\n|move|p2b: Urshifu|Surging Strikes|p1a: Terapagos\n|-crit|p1a: Terapagos\n|-damage|p1a: Terapagos|2/100\n|-crit|p1a: Terapagos\n|-damage|p1a: Terapagos|0 fnt\n|faint|p1a: Terapagos\n|detailschange|p1: Terapagos|Terapagos, L50, M|[silent]\n|-hitcount|p1: Terapagos|2\n|move|p2a: Kyogre|Water Spout|p1b: Rillaboom\n|-resisted|p1b: Rillaboom\n|-damage|p1b: Rillaboom|0 fnt\n|faint|p1b: Rillaboom\n|\n|-weather|RainDance|[upkeep]\n|-heal|p2b: Urshifu|70/100|[from] Grassy Terrain\n|-sideend|p2: PragTesting|move: Tailwind\n|upkeep\n|\n|t:|1773509816\n|switch|p1a: Calyrex|Calyrex-Shadow, L50|100/100\n|-ability|p1a: Calyrex|As One\n|-ability|p1a: Calyrex|Unnerve\n|turn|7\n|\n|t:|1773509825\n|move|p2b: Urshifu|Surging Strikes|p1a: Calyrex\n|-crit|p1a: Calyrex\n|-damage|p1a: Calyrex|58/100\n|-crit|p1a: Calyrex\n|-damage|p1a: Calyrex|20/100\n|-crit|p1a: Calyrex\n|-damage|p1a: Calyrex|0 fnt\n|faint|p1a: Calyrex\n|-hitcount|p1: Calyrex|3\n|\n|win|PragTesting\n|raw|Cello L.'s rating: 1429 &rarr; <strong>1403</strong><br />(-26 for losing)\n|raw|PragTesting's rating: 1312 &rarr; <strong>1338</strong><br />(+26 for winning)\n|l|\u2606Cello L.\n|player|p1|\n|l|\u2606PragTesting\n|player|p2|\n","uploadtime":1773509986,"views":19,"formatid":"gen9vgc2026regi","rating":1338,"private":0,"password":null}