{"id":"gen9vgc2026regi-2563191497","format":"[Gen 9] VGC 2026 Reg I","players":["EllenJoe2026","PNW Renegade"],"log":"|j|\u2606EllenJoe2026\n|j|\u2606PNW Renegade\n|t:|1774001023\n|gametype|doubles\n|player|p1|EllenJoe2026|2|1519\n|player|p2|PNW Renegade|2|1369\n|gen|9\n|tier|[Gen 9] VGC 2026 Reg I\n|rated|\n|rule|Species Clause: Limit one of each Pok\u00e9mon\n|rule|Item Clause: Limit 1 of each item\n|clearpoke\n|poke|p1|Calyrex-Shadow, L50|\n|poke|p1|Zamazenta-*, L50|\n|poke|p1|Incineroar, L50, F|\n|poke|p1|Rillaboom, L50, F|\n|poke|p1|Smeargle, L50, F|\n|poke|p1|Tornadus, L50, M|\n|poke|p2|Calyrex-Shadow, L50|\n|poke|p2|Zamazenta-*, L50|\n|poke|p2|Torkoal, L50, M|\n|poke|p2|Grimmsnarl, L50, M|\n|poke|p2|Lilligant-Hisui, L50, F|\n|poke|p2|Indeedee, L50, M|\n|teampreview|4\n|inactive|Battle timer is ON: inactive players will automatically lose when time's up. (requested by EllenJoe2026)\n|inactive|EllenJoe2026 has 60 seconds left.\n|\n|t:|1774001059\n|teamsize|p1|4\n|teamsize|p2|4\n|start\n|switch|p1a: Tornadus|Tornadus, L50, M, shiny|100/100\n|switch|p1b: Smeargle|Smeargle, L50, F, shiny|100/100\n|switch|p2a: Calyrex|Calyrex-Shadow, L50|100/100\n|switch|p2b: Grimmsnarl|Grimmsnarl, L50, M|100/100\n|-ability|p2a: Calyrex|As One\n|-ability|p2a: Calyrex|Unnerve\n|turn|1\n|inactive|PNW Renegade has 30 seconds left.\n|inactive|PNW Renegade has 20 seconds left.\n|\n|t:|1774001098\n|-terastallize|p2a: Calyrex|Ghost\n|move|p1a: Tornadus|Tailwind|p1a: Tornadus\n|-sidestart|p1: EllenJoe2026|move: Tailwind\n|move|p2b: Grimmsnarl|Thunder Wave|p1b: Smeargle\n|-status|p1b: Smeargle|par\n|move|p2a: Calyrex|Astral Barrage|p1a: Tornadus|[spread] p1a\n|-immune|p1b: Smeargle\n|-damage|p1a: Tornadus|1/100\n|move|p1b: Smeargle|Spore|p2b: Grimmsnarl\n|-status|p2b: Grimmsnarl|slp|[from] move: Spore\n|\n|-ability|p1b: Smeargle|Moody|boost\n|-boost|p1b: Smeargle|atk|2\n|-unboost|p1b: Smeargle|spd|1\n|upkeep\n|turn|2\n|inactive|EllenJoe2026 has 30 seconds left.\n|inactive|EllenJoe2026 has 20 seconds left.\n|\n|t:|1774001138\n|cant|p2b: Grimmsnarl|slp\n|move|p1a: Tornadus|Bleakwind Storm|p2a: Calyrex|[spread] p2a\n|-miss|p1a: Tornadus|p2b: Grimmsnarl\n|-crit|p2a: Calyrex\n|-damage|p2a: Calyrex|60/100\n|move|p2a: Calyrex|Pollen Puff|p1a: Tornadus\n|-resisted|p1a: Tornadus\n|-damage|p1a: Tornadus|0 fnt\n|faint|p1a: Tornadus\n|-ability|p2a: Calyrex|Grim Neigh|boost\n|-boost|p2a: Calyrex|spa|1\n|cant|p1b: Smeargle|par\n|\n|-ability|p1b: Smeargle|Moody|boost\n|-boost|p1b: Smeargle|atk|2\n|-unboost|p1b: Smeargle|spe|1\n|upkeep\n|inactive|EllenJoe2026 has 30 seconds left.\n|\n|t:|1774001167\n|switch|p1a: Calyrex|Calyrex-Shadow, L50|100/100\n|-ability|p1a: Calyrex|As One\n|-ability|p1a: Calyrex|Unnerve\n|turn|3\n|\n|t:|1774001183\n|move|p2a: Calyrex|Protect|p2a: Calyrex\n|-singleturn|p2a: Calyrex|Protect\n|move|p1b: Smeargle|Follow Me|p1b: Smeargle\n|-singleturn|p1b: Smeargle|move: Follow Me\n|cant|p2b: Grimmsnarl|slp\n|move|p1a: Calyrex|Astral Barrage|p2b: Grimmsnarl|[spread] p2b\n|-activate|p2a: Calyrex|move: Protect\n|-resisted|p2b: Grimmsnarl\n|-damage|p2b: Grimmsnarl|71/100 slp\n|\n|-ability|p1b: Smeargle|Moody|boost\n|-boost|p1b: Smeargle|def|2\n|-unboost|p1b: Smeargle|atk|1\n|upkeep\n|turn|4\n|inactive|EllenJoe2026 has 30 seconds left.\n|inactive|PNW Renegade has 30 seconds left.\n|inactive|PNW Renegade has 20 seconds left.\n|inactive|PNW Renegade has 15 seconds left.\n|\n|t:|1774001227\n|-terastallize|p1a: Calyrex|Dark\n|cant|p2b: Grimmsnarl|slp\n|move|p1a: Calyrex|Astral Barrage|p2b: Grimmsnarl|[spread] p2a,p2b\n|-supereffective|p2a: Calyrex\n|-resisted|p2b: Grimmsnarl\n|-damage|p2a: Calyrex|0 fnt\n|-damage|p2b: Grimmsnarl|39/100 slp\n|faint|p2a: Calyrex\n|-ability|p1a: Calyrex|Grim Neigh|boost\n|-boost|p1a: Calyrex|spa|1\n|cant|p1b: Smeargle|par\n|\n|-sideend|p1: EllenJoe2026|move: Tailwind\n|-ability|p1b: Smeargle|Moody|boost\n|-boost|p1b: Smeargle|atk|2\n|-unboost|p1b: Smeargle|spe|1\n|upkeep\n|\n|t:|1774001244\n|switch|p2a: Zamazenta|Zamazenta-Crowned, L50|100/100\n|-ability|p2a: Zamazenta|Dauntless Shield|boost\n|-boost|p2a: Zamazenta|def|1\n|turn|5\n|\n|t:|1774001260\n|move|p1b: Smeargle|Feint|p2b: Grimmsnarl\n|-damage|p2b: Grimmsnarl|18/100 slp\n|-curestatus|p2b: Grimmsnarl|slp|[msg]\n|move|p2b: Grimmsnarl|Light Screen|p2b: Grimmsnarl\n|-sidestart|p2: PNW Renegade|move: Light Screen\n|move|p1a: Calyrex|Astral Barrage|p2b: Grimmsnarl|[spread] p2a,p2b\n|-resisted|p2b: Grimmsnarl\n|-damage|p2a: Zamazenta|47/100\n|-damage|p2b: Grimmsnarl|0 fnt\n|faint|p2b: Grimmsnarl\n|-ability|p1a: Calyrex|Grim Neigh|boost\n|-boost|p1a: Calyrex|spa|1\n|move|p2a: Zamazenta|Body Press|p1a: Calyrex\n|-supereffective|p1a: Calyrex\n|-crit|p1a: Calyrex\n|-damage|p1a: Calyrex|0 fnt\n|faint|p1a: Calyrex\n|\n|-ability|p1b: Smeargle|Moody|boost\n|-boost|p1b: Smeargle|spd|2\n|-unboost|p1b: Smeargle|def|1\n|upkeep\n|\n|t:|1774001268\n|switch|p1a: Zamazenta|Zamazenta-Crowned, L50, shiny|100/100\n|switch|p2b: Indeedee|Indeedee, L50, M|100/100\n|-fieldstart|move: Psychic Terrain|[from] ability: Psychic Surge|[of] p2b: Indeedee\n|-ability|p1a: Zamazenta|Dauntless Shield|boost\n|-boost|p1a: Zamazenta|def|1\n|turn|6\n|\n|t:|1774001293\n|move|p2a: Zamazenta|Protect|p2a: Zamazenta\n|-singleturn|p2a: Zamazenta|Protect\n|move|p2b: Indeedee|Expanding Force|p1b: Smeargle|[spread] p1a,p1b\n|-damage|p1a: Zamazenta|63/100\n|-damage|p1b: Smeargle|11/100 par\n|move|p1a: Zamazenta|Imprison|p1a: Zamazenta\n|-start|p1a: Zamazenta|move: Imprison\n|move|p1b: Smeargle|Spore|p2b: Indeedee\n|-status|p2b: Indeedee|slp|[from] move: Spore\n|\n|-ability|p1b: Smeargle|Moody|boost\n|-boost|p1b: Smeargle|spe|2\n|-unboost|p1b: Smeargle|spa|1\n|upkeep\n|turn|7\n|\n|t:|1774001309\n|move|p2a: Zamazenta|Behemoth Bash|p1b: Smeargle\n|-damage|p1b: Smeargle|0 fnt\n|faint|p1b: Smeargle\n|cant|p2b: Indeedee|slp\n|move|p1a: Zamazenta|Body Press|p2b: Indeedee\n|-enditem|p2b: Indeedee|Focus Sash\n|-damage|p2b: Indeedee|1/100 slp\n|\n|upkeep\n|turn|8\n|\n|t:|1774001319\n|move|p2a: Zamazenta|Behemoth Bash|p1a: Zamazenta\n|-resisted|p1a: Zamazenta\n|-damage|p1a: Zamazenta|55/100\n|cant|p2b: Indeedee|slp\n|move|p1a: Zamazenta|Body Press|p2b: Indeedee\n|-damage|p2b: Indeedee|0 fnt\n|faint|p2b: Indeedee\n|\n|upkeep\n|turn|9\n|\n|t:|1774001325\n|move|p2a: Zamazenta|Behemoth Bash|p1a: Zamazenta\n|-resisted|p1a: Zamazenta\n|-damage|p1a: Zamazenta|48/100\n|move|p1a: Zamazenta|Body Press|p2a: Zamazenta\n|-supereffective|p2a: Zamazenta\n|-damage|p2a: Zamazenta|0 fnt\n|faint|p2a: Zamazenta\n|\n|win|EllenJoe2026\n|raw|EllenJoe2026's rating: 1519 &rarr; <strong>1531</strong><br />(+12 for winning)\n|raw|PNW Renegade's rating: 1369 &rarr; <strong>1357</strong><br />(-12 for losing)\n|l|\u2606PNW Renegade\n|player|p2|\n|l|\u2606EllenJoe2026\n|player|p1|\n","uploadtime":1774001328,"views":13,"formatid":"gen9vgc2026regi","rating":1357,"private":0,"password":null}