{"id":"gen9vgc2026regi-2560174537","format":"[Gen 9] VGC 2026 Reg I","players":["jonen","Dyorfeorge"],"log":"|j|\u2606jonen\n|j|\u2606Dyorfeorge\n|t:|1773662454\n|gametype|doubles\n|player|p1|jonen|medium|1203\n|player|p2|Dyorfeorge|brawly-gen6|1321\n|gen|9\n|tier|[Gen 9] VGC 2026 Reg I\n|rated|\n|rule|Species Clause: Limit one of each Pok\u00e9mon\n|rule|Item Clause: Limit 1 of each item\n|clearpoke\n|poke|p1|Volcarona, L50, M|\n|poke|p1|Groudon, L50|\n|poke|p1|Incineroar, L50, F|\n|poke|p1|Flutter Mane, L50|\n|poke|p1|Grimmsnarl, L50, M|\n|poke|p1|Miraidon, L50|\n|poke|p2|Chien-Pao, L50|\n|poke|p2|Zacian-*, L50|\n|poke|p2|Kyogre, L50|\n|poke|p2|Roaring Moon, L50|\n|poke|p2|Rillaboom, L50, M|\n|poke|p2|Amoonguss, L50, F|\n|teampreview|4\n|inactive|Battle timer is ON: inactive players will automatically lose when time's up. (requested by Dyorfeorge)\n|inactive|jonen has 60 seconds left.\n|inactive|Dyorfeorge has 60 seconds left.\n|\n|t:|1773662505\n|teamsize|p1|4\n|teamsize|p2|4\n|start\n|switch|p1a: Grimmsnarl|Grimmsnarl, L50, M|100/100\n|switch|p1b: Miraidon|Miraidon, L50|100/100\n|switch|p2a: Roaring Moon|Roaring Moon, L50|100/100\n|switch|p2b: Zacian|Zacian-Crowned, L50|100/100\n|-ability|p2b: Zacian|Intrepid Sword|boost\n|-boost|p2b: Zacian|atk|1\n|-fieldstart|move: Electric Terrain|[from] ability: Hadron Engine|[of] p1b: Miraidon\n|-enditem|p2a: Roaring Moon|Booster Energy\n|-activate|p2a: Roaring Moon|ability: Protosynthesis|[fromitem]\n|-start|p2a: Roaring Moon|protosynthesisspe\n|turn|1\n|inactive|Dyorfeorge has 30 seconds left.\n|\n|t:|1773662533\n|-end|p2a: Roaring Moon|Protosynthesis|[silent]\n|switch|p2a: Chien-Pao|Chien-Pao, L50|100/100\n|-ability|p2a: Chien-Pao|Sword of Ruin\n|-terastallize|p1b: Miraidon|Electric\n|move|p1a: Grimmsnarl|Thunder Wave|p2b: Zacian\n|-status|p2b: Zacian|par\n|move|p1b: Miraidon|Volt Switch|p2a: Chien-Pao\n|-enditem|p2a: Chien-Pao|Focus Sash\n|-damage|p2a: Chien-Pao|1/100\n|\n|t:|1773662542\n|switch|p1b: Incineroar|Incineroar, L50, F|100/100|[from] Volt Switch\n|-ability|p1b: Incineroar|Intimidate|boost\n|-unboost|p2a: Chien-Pao|atk|1\n|-unboost|p2b: Zacian|atk|1\n|move|p2b: Zacian|Play Rough|p1b: Incineroar\n|-damage|p1b: Incineroar|35/100\n|\n|upkeep\n|turn|2\n|\n|t:|1773662556\n|switch|p2a: Kyogre|Kyogre, L50|100/100\n|-weather|RainDance|[from] ability: Drizzle|[of] p2a: Kyogre\n|move|p1b: Incineroar|Fake Out|p2a: Kyogre\n|-damage|p2a: Kyogre|89/100\n|move|p1a: Grimmsnarl|Reflect|p1a: Grimmsnarl\n|-sidestart|p1: jonen|Reflect\n|move|p2b: Zacian|Behemoth Blade|p1a: Grimmsnarl\n|-supereffective|p1a: Grimmsnarl\n|-damage|p1a: Grimmsnarl|25/100\n|\n|-weather|RainDance|[upkeep]\n|upkeep\n|turn|3\n|\n|t:|1773662585\n|switch|p1b: Miraidon|Miraidon, L50, tera:Electric|100/100\n|-activate|p1b: Miraidon|ability: Hadron Engine\n|move|p1a: Grimmsnarl|Light Screen|p1a: Grimmsnarl\n|-sidestart|p1: jonen|move: Light Screen\n|move|p2a: Kyogre|Water Spout|p1b: Miraidon|[spread] p1a,p1b\n|-damage|p1a: Grimmsnarl|0 fnt\n|-damage|p1b: Miraidon|65/100\n|faint|p1a: Grimmsnarl\n|move|p2b: Zacian|Swords Dance|p2b: Zacian\n|-boost|p2b: Zacian|atk|2\n|\n|-weather|RainDance|[upkeep]\n|upkeep\n|\n|t:|1773662595\n|switch|p1a: Groudon|Groudon, L50|100/100\n|-weather|SunnyDay|[from] ability: Drought|[of] p1a: Groudon\n|turn|4\n|\n|t:|1773662612\n|switch|p2a: Chien-Pao|Chien-Pao, L50|1/100\n|-ability|p2a: Chien-Pao|Sword of Ruin\n|-terastallize|p2b: Zacian|Fairy\n|move|p1b: Miraidon|Volt Switch|p2b: Zacian\n|-damage|p2b: Zacian|23/100 par\n|\n|t:|1773662619\n|switch|p1b: Incineroar|Incineroar, L50, F|35/100|[from] Volt Switch\n|-ability|p1b: Incineroar|Intimidate|boost\n|-unboost|p2a: Chien-Pao|atk|1\n|-unboost|p2b: Zacian|atk|1\n|move|p1a: Groudon|Precipice Blades|p2a: Chien-Pao|[spread] p2a,p2b\n|-damage|p2a: Chien-Pao|0 fnt\n|-damage|p2b: Zacian|0 fnt\n|faint|p2a: Chien-Pao\n|faint|p2b: Zacian\n|\n|-weather|SunnyDay|[upkeep]\n|upkeep\n|\n|t:|1773662627\n|switch|p2b: Roaring Moon|Roaring Moon, L50|100/100\n|switch|p2a: Kyogre|Kyogre, L50|89/100\n|-weather|RainDance|[from] ability: Drizzle|[of] p2a: Kyogre\n|turn|5\n|\n|t:|1773662635\n|move|p1b: Incineroar|Fake Out|p2b: Roaring Moon\n|-crit|p2b: Roaring Moon\n|-damage|p2b: Roaring Moon|81/100\n|cant|p2b: Roaring Moon|flinch\n|move|p2a: Kyogre|Water Spout|p1b: Incineroar|[spread] p1a,p1b\n|-supereffective|p1a: Groudon\n|-supereffective|p1b: Incineroar\n|-damage|p1a: Groudon|0 fnt\n|-damage|p1b: Incineroar|0 fnt\n|faint|p1a: Groudon\n|faint|p1b: Incineroar\n|\n|-weather|RainDance|[upkeep]\n|-fieldend|move: Electric Terrain\n|upkeep\n|\n|t:|1773662643\n|switch|p1b: Miraidon|Miraidon, L50, tera:Electric|65/100\n|-fieldstart|move: Electric Terrain|[from] ability: Hadron Engine|[of] p1b: Miraidon\n|turn|6\n|\n|t:|1773662657\n|move|p2a: Kyogre|Protect|p2a: Kyogre\n|-singleturn|p2a: Kyogre|Protect\n|move|p2b: Roaring Moon|Tailwind|p2b: Roaring Moon\n|-sidestart|p2: Dyorfeorge|move: Tailwind\n|move|p1b: Miraidon|Electro Drift|p2a: Kyogre\n|-activate|p2a: Kyogre|move: Protect\n|\n|-weather|RainDance|[upkeep]\n|upkeep\n|turn|7\n|\n|t:|1773662668\n|move|p2b: Roaring Moon|Knock Off|p1b: Miraidon\n|-damage|p1b: Miraidon|37/100\n|-enditem|p1b: Miraidon|Assault Vest|[from] move: Knock Off|[of] p2b: Roaring Moon\n|move|p2a: Kyogre|Water Spout|p1b: Miraidon\n|-damage|p1b: Miraidon|0 fnt\n|faint|p1b: Miraidon\n|\n|win|Dyorfeorge\n|raw|jonen's rating: 1203 &rarr; <strong>1186</strong><br />(-17 for losing)\n|raw|Dyorfeorge's rating: 1321 &rarr; <strong>1334</strong><br />(+13 for winning)\n","uploadtime":1773662668,"views":12,"formatid":"gen9vgc2026regi","rating":1186,"private":0,"password":null}