{"id":"gen9vgc2026regi-2568654288","format":"[Gen 9] VGC 2026 Reg I","players":["rocket grunt kb","shecallmedada"],"log":"|j|\u2606rocket grunt kb\n|j|\u2606shecallmedada\n|t:|1774610320\n|gametype|doubles\n|player|p1|rocket grunt kb|plasmagrunt|1299\n|player|p2|shecallmedada|burglar-gen1rb|1386\n|gen|9\n|tier|[Gen 9] VGC 2026 Reg I\n|rated|\n|rule|Species Clause: Limit one of each Pok\u00e9mon\n|rule|Item Clause: Limit 1 of each item\n|clearpoke\n|poke|p1|Rillaboom, L50, F|\n|poke|p1|Zamazenta-*, L50|\n|poke|p1|Smeargle, L50, F|\n|poke|p1|Muk-Alola, L50, F|\n|poke|p1|Grimmsnarl, L50, M|\n|poke|p1|Calyrex-Shadow, L50|\n|poke|p2|Dondozo, L50, F|\n|poke|p2|Tatsugiri-Droopy, L50, M|\n|poke|p2|Weezing, L50, F|\n|poke|p2|Koraidon, L50|\n|poke|p2|Rillaboom, L50, F|\n|poke|p2|Calyrex-Shadow, L50|\n|teampreview|4\n|\n|t:|1774610352\n|teamsize|p1|4\n|teamsize|p2|4\n|start\n|switch|p1a: Muk|Muk-Alola, L50, F|100/100\n|switch|p1b: Smeargle|Smeargle, L50, F|100/100\n|switch|p2a: Goobnut|Weezing, L50, F|100/100\n|switch|p2b: Grimbergen|Calyrex-Shadow, L50|100/100\n|-ability|p2a: Goobnut|Neutralizing Gas\n|-ability|p2b: Grimbergen|As One\n|-ability|p2b: Grimbergen|Unnerve\n|turn|1\n|\n|t:|1774610374\n|-terastallize|p2b: Grimbergen|Fairy\n|move|p2b: Grimbergen|Psychic|p1b: Smeargle\n|-enditem|p1b: Smeargle|Focus Sash\n|-damage|p1b: Smeargle|1/100\n|move|p1b: Smeargle|Spore|p2a: Goobnut\n|-status|p2a: Goobnut|slp|[from] move: Spore\n|cant|p2a: Goobnut|slp\n|move|p1a: Muk|Minimize|p1a: Muk\n|-boost|p1a: Muk|evasion|2\n|\n|upkeep\n|turn|2\n|\n|t:|1774610390\n|switch|p1b: Zamazenta|Zamazenta-Crowned, L50|100/100\n|move|p2b: Grimbergen|Psychic|p1b: Zamazenta\n|-damage|p1b: Zamazenta|43/100\n|cant|p2a: Goobnut|slp\n|move|p1a: Muk|Toxic|p2b: Grimbergen\n|-status|p2b: Grimbergen|tox\n|\n|-damage|p2b: Grimbergen|95/100 tox|[from] psn\n|upkeep\n|turn|3\n|\n|t:|1774610415\n|move|p2b: Grimbergen|Psychic|p1b: Zamazenta\n|-damage|p1b: Zamazenta|0 fnt\n|faint|p1b: Zamazenta\n|-ability|p2b: Grimbergen|Grim Neigh|boost\n|-boost|p2b: Grimbergen|spa|1\n|cant|p2a: Goobnut|slp\n|move|p1a: Muk|Minimize|p1a: Muk\n|-boost|p1a: Muk|evasion|2\n|\n|-damage|p2b: Grimbergen|83/100 tox|[from] psn\n|upkeep\n|\n|t:|1774610419\n|switch|p1b: Smeargle|Smeargle, L50, F|1/100\n|turn|4\n|\n|t:|1774610429\n|move|p1b: Smeargle|Fake Out|p2b: Grimbergen\n|-damage|p2b: Grimbergen|78/100 tox\n|cant|p2b: Grimbergen|flinch\n|-curestatus|p2a: Goobnut|slp|[msg]\n|move|p2a: Goobnut|Toxic Spikes|p1a: Muk\n|-sidestart|p1: rocket grunt kb|move: Toxic Spikes\n|move|p1a: Muk|Minimize|p1a: Muk\n|-boost|p1a: Muk|evasion|2\n|\n|-damage|p2b: Grimbergen|60/100 tox|[from] psn\n|upkeep\n|turn|5\n|\n|t:|1774610454\n|move|p2b: Grimbergen|Psychic|p1b: Smeargle\n|-damage|p1b: Smeargle|0 fnt\n|faint|p1b: Smeargle\n|-ability|p2b: Grimbergen|Grim Neigh|boost\n|-boost|p2b: Grimbergen|spa|1\n|move|p2a: Goobnut|Sludge Bomb|p1a: Muk\n|-resisted|p1a: Muk\n|-damage|p1a: Muk|91/100\n|move|p1a: Muk|Knock Off|p2b: Grimbergen\n|-resisted|p2b: Grimbergen\n|-damage|p2b: Grimbergen|41/100 tox\n|-enditem|p2b: Grimbergen|Choice Specs|[from] move: Knock Off|[of] p1a: Muk\n|\n|-heal|p1a: Muk|97/100|[from] item: Leftovers\n|-damage|p2b: Grimbergen|18/100 tox|[from] psn\n|upkeep\n|\n|t:|1774610457\n|switch|p1b: Calyrex|Calyrex-Shadow, L50|100/100\n|-ability|p1b: Calyrex|As One\n|-ability|p1b: Calyrex|Unnerve\n|-status|p1b: Calyrex|psn\n|turn|6\n|\n|t:|1774610464\n|move|p1b: Calyrex|Protect|p1b: Calyrex\n|-singleturn|p1b: Calyrex|Protect\n|move|p2a: Goobnut|Protect|p2a: Goobnut\n|-singleturn|p2a: Goobnut|Protect\n|move|p2b: Grimbergen|Astral Barrage|p1b: Calyrex|[spread] \n|-activate|p1b: Calyrex|move: Protect\n|-miss|p2b: Grimbergen|p1a: Muk\n|move|p1a: Muk|Knock Off|p2b: Grimbergen\n|-resisted|p2b: Grimbergen\n|-damage|p2b: Grimbergen|4/100 tox\n|\n|-heal|p1a: Muk|100/100|[from] item: Leftovers\n|-damage|p2b: Grimbergen|0 fnt|[from] psn\n|faint|p2b: Grimbergen\n|-damage|p1b: Calyrex|88/100 psn|[from] psn\n|upkeep\n|\n|t:|1774610476\n|switch|p2b: Sheist|Dondozo, L50, F|100/100\n|turn|7\n|\n|t:|1774610502\n|-end|p2a: Goobnut|ability: Neutralizing Gas\n|switch|p2a: Raw|Tatsugiri-Droopy, L50, M|100/100\n|-activate|p2a: Raw|ability: Commander|[of] p2b: Sheist\n|-boost|p2b: Sheist|atk|2\n|-boost|p2b: Sheist|spa|2\n|-boost|p2b: Sheist|spe|2\n|-boost|p2b: Sheist|def|2\n|-boost|p2b: Sheist|spd|2\n|-terastallize|p1a: Muk|Water\n|move|p1b: Calyrex|Astral Barrage|p2b: Sheist|[spread] p2b\n|-miss|p1b: Calyrex|p2a: Raw\n|-damage|p2b: Sheist|81/100\n|move|p2b: Sheist|Earthquake|p1a: Muk|[spread] p1a,p1b\n|-miss|p2b: Sheist|p2a: Raw\n|-damage|p1a: Muk|73/100\n|-damage|p1b: Calyrex|53/100 psn\n|move|p1a: Muk|Toxic|p2b: Sheist\n|-status|p2b: Sheist|tox\n|\n|-heal|p2b: Sheist|88/100 tox|[from] item: Leftovers\n|-heal|p1a: Muk|79/100|[from] item: Leftovers\n|-damage|p1b: Calyrex|40/100 psn|[from] psn\n|-damage|p2b: Sheist|81/100 tox|[from] psn\n|upkeep\n|turn|8\n|\n|t:|1774610529\n|move|p1b: Calyrex|Protect|p1b: Calyrex\n|-singleturn|p1b: Calyrex|Protect\n|move|p1a: Muk|Protect|p1a: Muk\n|-singleturn|p1a: Muk|Protect\n|move|p2b: Sheist|Earthquake|p1b: Calyrex|[spread] \n|-miss|p2b: Sheist|p2a: Raw\n|-activate|p1a: Muk|move: Protect\n|-activate|p1b: Calyrex|move: Protect\n|\n|-heal|p2b: Sheist|88/100 tox|[from] item: Leftovers\n|-heal|p1a: Muk|85/100|[from] item: Leftovers\n|-damage|p1b: Calyrex|28/100 psn|[from] psn\n|-damage|p2b: Sheist|75/100 tox|[from] psn\n|upkeep\n|turn|9\n|\n|t:|1774610537\n|move|p1b: Calyrex|Astral Barrage|p2b: Sheist|[spread] p2b\n|-miss|p1b: Calyrex|p2a: Raw\n|-crit|p2b: Sheist\n|-damage|p2b: Sheist|24/100 tox\n|move|p2b: Sheist|Earthquake|p1a: Muk|[spread] p1a,p1b\n|-miss|p2b: Sheist|p2a: Raw\n|-damage|p1a: Muk|57/100\n|-damage|p1b: Calyrex|0 fnt\n|faint|p1b: Calyrex\n|move|p1a: Muk|Knock Off|p2b: Sheist\n|-damage|p2b: Sheist|13/100 tox\n|-enditem|p2b: Sheist|Leftovers|[from] move: Knock Off|[of] p1a: Muk\n|\n|-heal|p1a: Muk|63/100|[from] item: Leftovers\n|-damage|p2b: Sheist|0 fnt|[from] psn\n|faint|p2b: Sheist\n|upkeep\n|\n|t:|1774610539\n|switch|p2b: Goobnut|Weezing, L50, F|100/100\n|-ability|p2b: Goobnut|Neutralizing Gas\n|turn|10\n|\n|t:|1774610557\n|move|p1a: Muk|Protect|p1a: Muk\n|-singleturn|p1a: Muk|Protect\n|move|p2a: Raw|Draco Meteor|p1a: Muk\n|-activate|p1a: Muk|move: Protect\n|move|p2b: Goobnut|Poison Gas|p1a: Muk\n|-activate|p1a: Muk|move: Protect\n|\n|-heal|p1a: Muk|69/100|[from] item: Leftovers\n|upkeep\n|turn|11\n|\n|t:|1774610566\n|move|p2a: Raw|Draco Meteor|p1a: Muk|[miss]\n|-miss|p2a: Raw|p1a: Muk\n|move|p2b: Goobnut|Poison Gas|p1a: Muk|[miss]\n|-miss|p2b: Goobnut|p1a: Muk\n|move|p1a: Muk|Toxic|p2a: Raw\n|-status|p2a: Raw|tox\n|\n|-heal|p1a: Muk|75/100|[from] item: Leftovers\n|-damage|p2a: Raw|95/100 tox|[from] psn\n|upkeep\n|turn|12\n|\n|t:|1774610572\n|move|p1a: Muk|Protect|p1a: Muk\n|-singleturn|p1a: Muk|Protect\n|move|p2a: Raw|Draco Meteor|p1a: Muk\n|-activate|p1a: Muk|move: Protect\n|move|p2b: Goobnut|Poison Gas|p1a: Muk\n|-activate|p1a: Muk|move: Protect\n|\n|-heal|p1a: Muk|81/100|[from] item: Leftovers\n|-damage|p2a: Raw|84/100 tox|[from] psn\n|upkeep\n|turn|13\n|\n|t:|1774610579\n|move|p2a: Raw|Draco Meteor|p1a: Muk|[miss]\n|-miss|p2a: Raw|p1a: Muk\n|move|p2b: Goobnut|Poison Gas|p1a: Muk\n|-status|p1a: Muk|psn\n|move|p1a: Muk|Knock Off|p2b: Goobnut\n|-damage|p2b: Goobnut|71/100\n|-damage|p1a: Muk|65/100 psn|[from] item: Rocky Helmet|[of] p2b: Goobnut\n|-enditem|p2b: Goobnut|Rocky Helmet|[from] move: Knock Off|[of] p1a: Muk\n|\n|-heal|p1a: Muk|71/100 psn|[from] item: Leftovers\n|-damage|p2a: Raw|67/100 tox|[from] psn\n|-damage|p1a: Muk|59/100 psn|[from] psn\n|upkeep\n|turn|14\n|\n|t:|1774610584\n|move|p1a: Muk|Protect|p1a: Muk\n|-singleturn|p1a: Muk|Protect\n|move|p2a: Raw|Draco Meteor|p1a: Muk\n|-activate|p1a: Muk|move: Protect\n|move|p2b: Goobnut|Sludge Bomb|p1a: Muk\n|-activate|p1a: Muk|move: Protect\n|\n|-heal|p1a: Muk|65/100 psn|[from] item: Leftovers\n|-damage|p2a: Raw|45/100 tox|[from] psn\n|-damage|p1a: Muk|52/100 psn|[from] psn\n|upkeep\n|turn|15\n|\n|t:|1774610588\n|move|p2a: Raw|Draco Meteor|p1a: Muk|[miss]\n|-miss|p2a: Raw|p1a: Muk\n|move|p2b: Goobnut|Sludge Bomb|p1a: Muk|[miss]\n|-miss|p2b: Goobnut|p1a: Muk\n|move|p1a: Muk|Knock Off|p2b: Goobnut\n|-damage|p2b: Goobnut|48/100\n|\n|-heal|p1a: Muk|59/100 psn|[from] item: Leftovers\n|-damage|p2a: Raw|17/100 tox|[from] psn\n|-damage|p1a: Muk|46/100 psn|[from] psn\n|upkeep\n|turn|16\n|\n|t:|1774610592\n|move|p1a: Muk|Protect|p1a: Muk\n|-singleturn|p1a: Muk|Protect\n|move|p2a: Raw|Draco Meteor|p1a: Muk\n|-activate|p1a: Muk|move: Protect\n|move|p2b: Goobnut|Sludge Bomb|p1a: Muk\n|-activate|p1a: Muk|move: Protect\n|\n|-heal|p1a: Muk|52/100 psn|[from] item: Leftovers\n|-damage|p2a: Raw|0 fnt|[from] psn\n|faint|p2a: Raw\n|-damage|p1a: Muk|40/100 psn|[from] psn\n|upkeep\n|turn|17\n|\n|t:|1774610594\n|move|p2b: Goobnut|Sludge Bomb|p1a: Muk|[miss]\n|-miss|p2b: Goobnut|p1a: Muk\n|move|p1a: Muk|Knock Off|p2b: Goobnut\n|-damage|p2b: Goobnut|27/100\n|\n|-heal|p1a: Muk|46/100 psn|[from] item: Leftovers\n|-damage|p1a: Muk|34/100 psn|[from] psn\n|upkeep\n|turn|18\n|\n|t:|1774610598\n|move|p2b: Goobnut|Protect|p2b: Goobnut\n|-singleturn|p2b: Goobnut|Protect\n|move|p1a: Muk|Knock Off|p2b: Goobnut\n|-activate|p2b: Goobnut|move: Protect\n|\n|-heal|p1a: Muk|40/100 psn|[from] item: Leftovers\n|-damage|p1a: Muk|28/100 psn|[from] psn\n|upkeep\n|turn|19\n|\n|t:|1774610601\n|move|p2b: Goobnut|Sludge Bomb|p1a: Muk\n|-damage|p1a: Muk|8/100 psn\n|move|p1a: Muk|Knock Off|p2b: Goobnut\n|-damage|p2b: Goobnut|6/100\n|\n|-heal|p1a: Muk|14/100 psn|[from] item: Leftovers\n|-damage|p1a: Muk|1/100 psn|[from] psn\n|upkeep\n|turn|20\n|\n|t:|1774610605\n|move|p2b: Goobnut|Protect|p2b: Goobnut\n|-singleturn|p2b: Goobnut|Protect\n|move|p1a: Muk|Knock Off|p2b: Goobnut\n|-activate|p2b: Goobnut|move: Protect\n|\n|-heal|p1a: Muk|8/100 psn|[from] item: Leftovers\n|-damage|p1a: Muk|0 fnt|[from] psn\n|faint|p1a: Muk\n|\n|win|shecallmedada\n|raw|rocket grunt kb's rating: 1299 &rarr; <strong>1280</strong><br />(-19 for losing)\n|raw|shecallmedada's rating: 1386 &rarr; <strong>1401</strong><br />(+15 for winning)\n|l|\u2606shecallmedada\n|player|p2|\n","uploadtime":1774610873,"views":10,"formatid":"gen9vgc2026regi","rating":1280,"private":0,"password":null}