{"id":"gen9vgc2026regi-2553294335","format":"[Gen 9] VGC 2026 Reg I","players":["Monkebs","EllenJoe2026"],"log":"|j|\u2606Monkebs\n|j|\u2606EllenJoe2026\n|t:|1772817889\n|gametype|doubles\n|player|p1|Monkebs|kieran-champion|1257\n|player|p2|EllenJoe2026|102|1382\n|gen|9\n|tier|[Gen 9] VGC 2026 Reg I\n|rated|\n|rule|Species Clause: Limit one of each Pok\u00e9mon\n|rule|Item Clause: Limit 1 of each item\n|clearpoke\n|poke|p1|Armarouge, L50, M|\n|poke|p1|Indeedee-F, L50, F|\n|poke|p1|Calyrex-Ice, L50|\n|poke|p1|Terapagos, L50, M|\n|poke|p1|Ursaluna-Bloodmoon, L50, M|\n|poke|p1|Decidueye-Hisui, L50, F|\n|poke|p2|Calyrex-Shadow, L50|\n|poke|p2|Zamazenta-*, L50|\n|poke|p2|Chien-Pao, L50|\n|poke|p2|Dragonite, L50, F|\n|poke|p2|Amoonguss, L50, M|\n|poke|p2|Tornadus, L50, M|\n|teampreview|4\n|inactive|Battle timer is ON: inactive players will automatically lose when time's up. (requested by EllenJoe2026)\n|c|\u2606Monkebs|glhf\n|inactive|EllenJoe2026 has 60 seconds left.\n|\n|t:|1772817939\n|teamsize|p1|4\n|teamsize|p2|4\n|start\n|switch|p1a: I'm|Armarouge, L50, M, shiny|100/100\n|switch|p1b: Not Sorry|Indeedee-F, L50, F|100/100\n|switch|p2a: Calyrex|Calyrex-Shadow, L50|100/100\n|switch|p2b: Zamazenta|Zamazenta-Crowned, L50|100/100\n|-ability|p2a: Calyrex|As One\n|-ability|p2a: Calyrex|Unnerve\n|-ability|p2b: Zamazenta|Dauntless Shield|boost\n|-boost|p2b: Zamazenta|def|1\n|-fieldstart|move: Psychic Terrain|[from] ability: Psychic Surge|[of] p1b: Not Sorry\n|-enditem|p1a: I'm|Psychic Seed\n|-boost|p1a: I'm|spd|1|[from] item: Psychic Seed\n|turn|1\n|\n|t:|1772817958\n|move|p1b: Not Sorry|Follow Me|p1b: Not Sorry\n|-singleturn|p1b: Not Sorry|move: Follow Me\n|move|p2a: Calyrex|Nasty Plot|p2a: Calyrex\n|-boost|p2a: Calyrex|spa|2\n|move|p2b: Zamazenta|Imprison|p2b: Zamazenta\n|-start|p2b: Zamazenta|move: Imprison\n|move|p1a: I'm|Trick Room|p1a: I'm\n|-fieldstart|move: Trick Room|[of] p1a: I'm\n|\n|upkeep\n|turn|2\n|\n|t:|1772817972\n|move|p2b: Zamazenta|Wide Guard|p2b: Zamazenta\n|-singleturn|p2b: Zamazenta|Wide Guard\n|move|p1a: I'm|Expanding Force|p2a: Calyrex|[spread] \n|-activate|p2a: Calyrex|move: Wide Guard\n|-activate|p2b: Zamazenta|move: Wide Guard\n|move|p1b: Not Sorry|Psychic|p2b: Zamazenta\n|-damage|p2b: Zamazenta|63/100\n|move|p2a: Calyrex|Astral Barrage|p1b: Not Sorry|[spread] p1a\n|-immune|p1b: Not Sorry\n|-supereffective|p1a: I'm\n|-damage|p1a: I'm|0 fnt\n|faint|p1a: I'm\n|-ability|p2a: Calyrex|Grim Neigh|boost\n|-boost|p2a: Calyrex|spa|1\n|-damage|p2a: Calyrex|91/100|[from] item: Life Orb\n|\n|upkeep\n|\n|t:|1772817983\n|switch|p1a: Fredbear|Ursaluna-Bloodmoon, L50, M|100/100\n|turn|3\n|inactive|EllenJoe2026 has 30 seconds left.\n|\n|t:|1772818017\n|-terastallize|p2b: Zamazenta|Dragon\n|move|p2a: Calyrex|Protect|p2a: Calyrex\n|-singleturn|p2a: Calyrex|Protect\n|move|p1a: Fredbear|Earth Power|p2b: Zamazenta\n|-damage|p2b: Zamazenta|27/100\n|move|p1b: Not Sorry|Psychic|p2a: Calyrex\n|-activate|p2a: Calyrex|move: Protect\n|move|p2b: Zamazenta|Body Press|p1a: Fredbear\n|-supereffective|p1a: Fredbear\n|-damage|p1a: Fredbear|13/100\n|\n|upkeep\n|turn|4\n|inactive|EllenJoe2026 has 30 seconds left.\n|inactive|EllenJoe2026 has 20 seconds left.\n|\n|t:|1772818053\n|move|p1a: Fredbear|Moonblast|p2b: Zamazenta\n|-supereffective|p2b: Zamazenta\n|-damage|p2b: Zamazenta|0 fnt\n|faint|p2b: Zamazenta\n|move|p1b: Not Sorry|Psychic|p2a: Calyrex\n|-resisted|p2a: Calyrex\n|-damage|p2a: Calyrex|62/100\n|move|p2a: Calyrex|Psychic|p1a: Fredbear\n|-damage|p1a: Fredbear|0 fnt\n|faint|p1a: Fredbear\n|-ability|p2a: Calyrex|Grim Neigh|boost\n|-boost|p2a: Calyrex|spa|1\n|-damage|p2a: Calyrex|52/100|[from] item: Life Orb\n|\n|upkeep\n|\n|t:|1772818065\n|switch|p1a: Roaring Fraud|Calyrex-Ice, L50|100/100\n|switch|p2b: Amoonguss|Amoonguss, L50, M|100/100\n|-ability|p1a: Roaring Fraud|As One\n|-ability|p1a: Roaring Fraud|Unnerve\n|turn|5\n|\n|t:|1772818079\n|move|p2b: Amoonguss|Protect|p2b: Amoonguss\n|-singleturn|p2b: Amoonguss|Protect\n|move|p2a: Calyrex|Protect|p2a: Calyrex\n|-singleturn|p2a: Calyrex|Protect\n|move|p1a: Roaring Fraud|Glacial Lance|p2b: Amoonguss|[spread] \n|-activate|p2a: Calyrex|move: Protect\n|-activate|p2b: Amoonguss|move: Protect\n|move|p1b: Not Sorry|Psychic|p2b: Amoonguss\n|-activate|p2b: Amoonguss|move: Protect\n|\n|-fieldend|move: Trick Room\n|upkeep\n|turn|6\n|\n|t:|1772818099\n|move|p2a: Calyrex|Astral Barrage|p1a: Roaring Fraud|[spread] p1a\n|-immune|p1b: Not Sorry\n|-supereffective|p1a: Roaring Fraud\n|-damage|p1a: Roaring Fraud|0 fnt\n|faint|p1a: Roaring Fraud\n|-ability|p2a: Calyrex|Grim Neigh|boost\n|-boost|p2a: Calyrex|spa|1\n|-damage|p2a: Calyrex|43/100|[from] item: Life Orb\n|move|p1b: Not Sorry|Psychic|p2a: Calyrex\n|-resisted|p2a: Calyrex\n|-damage|p2a: Calyrex|16/100\n|move|p2b: Amoonguss|Pollen Puff|p2a: Calyrex\n|-heal|p2a: Calyrex|66/100\n|\n|upkeep\n|turn|7\n|\n|t:|1772818118\n|-terastallize|p1b: Not Sorry|Fairy\n|move|p2a: Calyrex|Psychic|p1b: Not Sorry\n|-damage|p1b: Not Sorry|0 fnt\n|faint|p1b: Not Sorry\n|-damage|p2a: Calyrex|57/100|[from] item: Life Orb\n|\n|win|EllenJoe2026\n|raw|Monkebs's rating: 1257 &rarr; <strong>1239</strong><br />(-18 for losing)\n|raw|EllenJoe2026's rating: 1354 &rarr; <strong>1369</strong><br />(+15 for winning)\n|l|\u2606EllenJoe2026\n|player|p2|\n|l|\u2606Monkebs\n|player|p1|\n","uploadtime":1772818338,"views":14,"formatid":"gen9vgc2026regi","rating":1239,"private":0,"password":null}