{"id":"gen9vgc2026regi-2560338856","format":"[Gen 9] VGC 2026 Reg I","players":["jonen","pescadodepollo"],"log":"|j|\u2606jonen\n|j|\u2606pescadodepollo\n|t:|1773678578\n|gametype|doubles\n|player|p1|jonen|medium|1153\n|player|p2|pescadodepollo|101|1070\n|gen|9\n|tier|[Gen 9] VGC 2026 Reg I\n|rated|\n|rule|Species Clause: Limit one of each Pok\u00e9mon\n|rule|Item Clause: Limit 1 of each item\n|clearpoke\n|poke|p1|Rabsca, L50, M|\n|poke|p1|Landorus, L50, M|\n|poke|p1|Calyrex-Ice, L50|\n|poke|p1|Miraidon, L50|\n|poke|p1|Incineroar, L50, F|\n|poke|p1|Urshifu-*, L50, F|\n|poke|p2|Tornadus, L50, M|\n|poke|p2|Smeargle, L50, M|\n|poke|p2|Calyrex-Shadow, L50|\n|poke|p2|Raging Bolt, L50|\n|poke|p2|Zamazenta-*, L50|\n|poke|p2|Rillaboom, L50, M|\n|teampreview|4\n|inactive|Battle timer is ON: inactive players will automatically lose when time's up. (requested by pescadodepollo)\n|\n|t:|1773678590\n|teamsize|p1|4\n|teamsize|p2|4\n|start\n|switch|p1a: Landorus|Landorus, L50, M|100/100\n|switch|p1b: Calyrex|Calyrex-Ice, L50|100/100\n|switch|p2a: Smeargle|Smeargle, L50, M|100/100\n|switch|p2b: Calyrex|Calyrex-Shadow, L50|100/100\n|-ability|p2b: Calyrex|As One\n|-ability|p2b: Calyrex|Unnerve\n|-ability|p1b: Calyrex|As One\n|-ability|p1b: Calyrex|Unnerve\n|turn|1\n|inactive|pescadodepollo has 30 seconds left.\n|\n|t:|1773678616\n|-terastallize|p1a: Landorus|Ghost\n|move|p1b: Calyrex|Protect|p1b: Calyrex\n|-singleturn|p1b: Calyrex|Protect\n|move|p1a: Landorus|Crunch|p2b: Calyrex\n|-supereffective|p2b: Calyrex\n|-damage|p2b: Calyrex|0 fnt\n|faint|p2b: Calyrex\n|move|p2a: Smeargle|Spore|p1b: Calyrex\n|-activate|p1b: Calyrex|move: Protect\n|\n|-ability|p2a: Smeargle|Moody|boost\n|-boost|p2a: Smeargle|def|2\n|-unboost|p2a: Smeargle|spa|1\n|upkeep\n|\n|t:|1773678627\n|switch|p2b: Zamazenta|Zamazenta-Crowned, L50|100/100\n|-ability|p2b: Zamazenta|Dauntless Shield|boost\n|-boost|p2b: Zamazenta|def|1\n|turn|2\n|\n|t:|1773678640\n|switch|p1a: Miraidon|Miraidon, L50|100/100\n|-fieldstart|move: Electric Terrain|[from] ability: Hadron Engine|[of] p1a: Miraidon\n|-terastallize|p2b: Zamazenta|Grass\n|move|p2b: Zamazenta|Heavy Slam|p1a: Miraidon\n|-resisted|p1a: Miraidon\n|-damage|p1a: Miraidon|84/100\n|move|p2a: Smeargle|Spore|p1b: Calyrex\n|-activate|p1b: Calyrex|move: Electric Terrain\n|move|p1b: Calyrex|Leech Seed|p2b: Zamazenta\n|-immune|p2b: Zamazenta\n|\n|-ability|p2a: Smeargle|Moody|boost\n|-boost|p2a: Smeargle|atk|2\n|-unboost|p2a: Smeargle|spe|1\n|upkeep\n|turn|3\n|inactive|pescadodepollo has 30 seconds left.\n|\n|t:|1773678669\n|switch|p2b: Rillaboom|Rillaboom, L50, M|100/100\n|-fieldstart|move: Grassy Terrain|[from] ability: Grassy Surge|[of] p2b: Rillaboom\n|move|p1a: Miraidon|Draco Meteor|p2b: Rillaboom\n|-damage|p2b: Rillaboom|0 fnt\n|-unboost|p1a: Miraidon|spa|2\n|faint|p2b: Rillaboom\n|move|p2a: Smeargle|Spore|p1b: Calyrex\n|-status|p1b: Calyrex|slp|[from] move: Spore\n|cant|p1b: Calyrex|slp\n|\n|-heal|p1a: Miraidon|90/100|[from] Grassy Terrain\n|-ability|p2a: Smeargle|Moody|boost\n|-boost|p2a: Smeargle|spe|2\n|-unboost|p2a: Smeargle|spa|1\n|upkeep\n|\n|t:|1773678688\n|switch|p2b: Zamazenta|Zamazenta-Crowned, L50, tera:Grass|100/100\n|turn|4\n|\n|t:|1773678705\n|switch|p1a: Rabsca|Rabsca, L50, M|100/100\n|move|p2a: Smeargle|Decorate|p2b: Zamazenta\n|-boost|p2b: Zamazenta|atk|2\n|-boost|p2b: Zamazenta|spa|2\n|move|p2b: Zamazenta|Heavy Slam|p1b: Calyrex\n|-supereffective|p1b: Calyrex\n|-damage|p1b: Calyrex|62/100 slp\n|cant|p1b: Calyrex|slp\n|\n|-heal|p1b: Calyrex|68/100 slp|[from] Grassy Terrain\n|-heal|p1b: Calyrex|73/100 slp|[from] item: Leftovers\n|-ability|p2a: Smeargle|Moody|boost\n|-boost|p2a: Smeargle|def|2\n|-unboost|p2a: Smeargle|spd|1\n|upkeep\n|turn|5\n|inactive|jonen has 30 seconds left.\n|inactive|pescadodepollo has 30 seconds left.\n|\n|t:|1773678731\n|switch|p1a: Landorus|Landorus, L50, M, tera:Ghost|100/100\n|move|p2a: Smeargle|Decorate|p2b: Zamazenta\n|-boost|p2b: Zamazenta|atk|2\n|-boost|p2b: Zamazenta|spa|2\n|move|p2b: Zamazenta|Body Press|p1b: Calyrex\n|-damage|p1b: Calyrex|53/100 slp\n|cant|p1b: Calyrex|slp\n|\n|-heal|p1b: Calyrex|58/100 slp|[from] Grassy Terrain\n|-heal|p1b: Calyrex|64/100 slp|[from] item: Leftovers\n|-ability|p2a: Smeargle|Moody|boost\n|-boost|p2a: Smeargle|atk|2\n|-unboost|p2a: Smeargle|spd|1\n|upkeep\n|turn|6\n|\n|t:|1773678754\n|move|p2b: Zamazenta|Wide Guard|p2b: Zamazenta\n|-singleturn|p2b: Zamazenta|Wide Guard\n|move|p1a: Landorus|Sludge Bomb|p2b: Zamazenta\n|-supereffective|p2b: Zamazenta\n|-damage|p2b: Zamazenta|41/100\n|move|p2a: Smeargle|Spore|p1a: Landorus\n|-status|p1a: Landorus|slp|[from] move: Spore\n|-curestatus|p1b: Calyrex|slp|[msg]\n|move|p1b: Calyrex|Trick Room|p1b: Calyrex\n|-fieldstart|move: Trick Room|[of] p1b: Calyrex\n|\n|-heal|p1b: Calyrex|70/100|[from] Grassy Terrain\n|-heal|p1b: Calyrex|76/100|[from] item: Leftovers\n|-heal|p2b: Zamazenta|47/100|[from] Grassy Terrain\n|-ability|p2a: Smeargle|Moody|boost\n|-boost|p2a: Smeargle|spa|2\n|-unboost|p2a: Smeargle|spe|1\n|upkeep\n|turn|7\n|\n|t:|1773678777\n|switch|p1a: Miraidon|Miraidon, L50|90/100\n|-fieldstart|move: Electric Terrain|[from] ability: Hadron Engine|[of] p1a: Miraidon\n|move|p1b: Calyrex|Glacial Lance|p2a: Smeargle|[spread] p2a,p2b\n|-supereffective|p2b: Zamazenta\n|-damage|p2a: Smeargle|59/100\n|-damage|p2b: Zamazenta|0 fnt\n|faint|p2b: Zamazenta\n|-ability|p1b: Calyrex|Chilling Neigh|boost\n|-boost|p1b: Calyrex|atk|1\n|move|p2a: Smeargle|Spore|p1b: Calyrex\n|-activate|p1b: Calyrex|move: Electric Terrain\n|\n|-heal|p1b: Calyrex|82/100|[from] item: Leftovers\n|-ability|p2a: Smeargle|Moody|boost\n|-boost|p2a: Smeargle|atk|2\n|-unboost|p2a: Smeargle|spd|1\n|upkeep\n|turn|8\n|-message|pescadodepollo forfeited.\n|\n|win|jonen\n|raw|jonen's rating: 1153 &rarr; <strong>1172</strong><br />(+19 for winning)\n|raw|pescadodepollo's rating: 1070 &rarr; <strong>1054</strong><br />(-16 for losing)\n","uploadtime":1773678784,"views":10,"formatid":"gen9vgc2026regi","rating":1054,"private":0,"password":null}