{"id":"gen9vgc2026regi-2580722355","format":"[Gen 9] VGC 2026 Reg I","players":["ASHBNF","TheNamesBetty"],"log":"|j|\u2606ASHBNF\n|j|\u2606TheNamesBetty\n|t:|1775927156\n|gametype|doubles\n|player|p1|ASHBNF|101|1263\n|player|p2|TheNamesBetty|dragontamer|1387\n|gen|9\n|tier|[Gen 9] VGC 2026 Reg I\n|rated|\n|rule|Species Clause: Limit one of each Pok\u00e9mon\n|rule|Item Clause: Limit 1 of each item\n|clearpoke\n|poke|p1|Calyrex-Ice, L50|\n|poke|p1|Scraggy, L50, F|\n|poke|p1|Miraidon, L50|\n|poke|p1|Farigiraf, L50, F|\n|poke|p1|Iron Treads, L50|\n|poke|p1|Iron Hands, L50|\n|poke|p2|Koraidon, L50|\n|poke|p2|Calyrex-Shadow, L50|\n|poke|p2|Roaring Moon, L50|\n|poke|p2|Urshifu-*, L50, F|\n|poke|p2|Electabuzz, L50, M|\n|poke|p2|Dewgong, L50, M|\n|teampreview|4\n|inactive|Battle timer is ON: inactive players will automatically lose when time's up. (requested by ASHBNF)\nTheNamesBetty has agreed to open team sheets.\nASHBNF has agreed to open team sheets.\n|showteam|p1|Calyrex-Ice||ClearAmulet|AsOneGlastrier|GlacialLance,HighHorsepower,TrickRoom,Protect||||||50|,,,,,Fire]Scraggy||Eviolite|Intimidate|FoulPlay,Endeavor,Coaching,FakeOut|||F|||50|,,,,,Poison]Miraidon||ChoiceSpecs|HadronEngine|VoltSwitch,DazzlingGleam,ElectroDrift,DracoMeteor||||||50|,,,,,Fairy]Farigiraf||ElectricSeed|ArmorTail|Psychic,HelpingHand,TrickRoom,FoulPlay|||F|||50|,,,,,Water]Iron Treads||LifeOrb|QuarkDrive|HighHorsepower,IronHead,KnockOff,Protect||||||50|,,,,,Ground]Iron Hands||AssaultVest|QuarkDrive|LowKick,FakeOut,DrainPunch,WildCharge||||||50|,,,,,Water\n|showteam|p2|Koraidon||ClearAmulet|OrichalcumPulse|FlareBlitz,CollisionCourse,FlameCharge,Protect||||||50|,,,,,Fire]Calyrex-Shadow||LifeOrb|AsOneSpectrier|AstralBarrage,Psychic,NastyPlot,Protect||||||50|,,,,,Dark]Roaring Moon||BoosterEnergy|Protosynthesis|Tailwind,Crunch,StompingTantrum,Snarl||||||50|,,,,,Ground]Urshifu||ChoiceScarf|UnseenFist|WickedBlow,CloseCombat,SuckerPunch,Uturn|||F|||50|,,,,,Water]Electabuzz||Eviolite|VitalSpirit|FollowMe,Feint,Taunt,Electroweb|||M|||50|,,,,,Electric]Dewgong||CovertCloak|ThickFat|FakeOut,PerishSong,AquaJet,Protect|||M|||50|,,,,,Ground\n|\n|t:|1775927187\n|teamsize|p1|4\n|teamsize|p2|4\n|start\n|switch|p1a: Iron Hands|Iron Hands, L50|100/100\n|switch|p1b: Farigiraf|Farigiraf, L50, F|100/100\n|switch|p2a: Kedluben|Calyrex-Shadow, L50|100/100\n|switch|p2b: Moaning Room|Roaring Moon, L50|100/100\n|-ability|p2a: Kedluben|As One\n|-ability|p2a: Kedluben|Unnerve\n|-enditem|p2b: Moaning Room|Booster Energy\n|-activate|p2b: Moaning Room|ability: Protosynthesis|[fromitem]\n|-start|p2b: Moaning Room|protosynthesisspe\n|turn|1\n|\n|t:|1775927204\n|move|p1a: Iron Hands|Fake Out|p2b: Moaning Room\n|-damage|p2b: Moaning Room|81/100\n|cant|p2b: Moaning Room|flinch\n|move|p2a: Kedluben|Psychic|p1a: Iron Hands\n|-supereffective|p1a: Iron Hands\n|-damage|p1a: Iron Hands|29/100\n|-damage|p2a: Kedluben|91/100|[from] item: Life Orb\n|move|p1b: Farigiraf|Trick Room|p1b: Farigiraf\n|-fieldstart|move: Trick Room|[of] p1b: Farigiraf\n|\n|upkeep\n|turn|2\n|\n|t:|1775927218\n|switch|p2a: DDDMaxVerstappen|Dewgong, L50, M|100/100\n|move|p1a: Iron Hands|Drain Punch|p2b: Moaning Room\n|-supereffective|p2b: Moaning Room\n|-damage|p2b: Moaning Room|0 fnt\n|-heal|p1a: Iron Hands|59/100|[from] drain|[of] p2b: Moaning Room\n|faint|p2b: Moaning Room\n|-end|p2b: Moaning Room|Protosynthesis|[silent]\n|move|p1b: Farigiraf|Foul Play|p2a: DDDMaxVerstappen\n|-damage|p2a: DDDMaxVerstappen|82/100\n|\n|upkeep\n|\n|t:|1775927231\n|switch|p2b: Jan\u017di\u017ekaZTrocnova|Koraidon, L50|100/100\n|-weather|SunnyDay|[from] ability: Orichalcum Pulse|[of] p2b: Jan\u017di\u017ekaZTrocnova\n|-activate|p2b: Jan\u017di\u017ekaZTrocnova|Orichalcum Pulse|[source]\n|turn|3\n|inactive|ASHBNF has 30 seconds left.\n|inactive|ASHBNF has 20 seconds left.\n|\n|t:|1775927267\n|-end|p1a: Iron Hands|Quark Drive|[silent]\n|switch|p1a: Scraggy|Scraggy, L50, F|100/100\n|-ability|p1a: Scraggy|Intimidate|boost\n|-unboost|p2a: DDDMaxVerstappen|atk|1\n|-fail|p2b: Jan\u017di\u017ekaZTrocnova|unboost|[from] item: Clear Amulet|[of] p2b: Jan\u017di\u017ekaZTrocnova\n|switch|p2a: Kedluben|Calyrex-Shadow, L50|91/100\n|-ability|p2a: Kedluben|As One\n|-ability|p2a: Kedluben|Unnerve\n|move|p1b: Farigiraf|Psychic|p2b: Jan\u017di\u017ekaZTrocnova\n|-supereffective|p2b: Jan\u017di\u017ekaZTrocnova\n|-crit|p2b: Jan\u017di\u017ekaZTrocnova\n|-damage|p2b: Jan\u017di\u017ekaZTrocnova|10/100\n|move|p2b: Jan\u017di\u017ekaZTrocnova|Flare Blitz|p1a: Scraggy\n|-damage|p1a: Scraggy|26/100\n|-damage|p2b: Jan\u017di\u017ekaZTrocnova|0 fnt|[from] Recoil\n|faint|p2b: Jan\u017di\u017ekaZTrocnova\n|\n|-weather|SunnyDay|[upkeep]\n|upkeep\n|\n|t:|1775927283\n|switch|p2b: DDDMaxVerstappen|Dewgong, L50, M|82/100\n|turn|4\n|\n|t:|1775927304\n|-terastallize|p2a: Kedluben|Dark\n|move|p2b: DDDMaxVerstappen|Protect|p2b: DDDMaxVerstappen\n|-singleturn|p2b: DDDMaxVerstappen|Protect\n|move|p1a: Scraggy|Fake Out|p2b: DDDMaxVerstappen\n|-activate|p2b: DDDMaxVerstappen|move: Protect\n|move|p1b: Farigiraf|Foul Play|p2a: Kedluben\n|-resisted|p2a: Kedluben\n|-damage|p2a: Kedluben|82/100\n|move|p2a: Kedluben|Astral Barrage|p1a: Scraggy|[spread] p1a\n|-immune|p1b: Farigiraf\n|-resisted|p1a: Scraggy\n|-damage|p1a: Scraggy|0 fnt\n|faint|p1a: Scraggy\n|-ability|p2a: Kedluben|Grim Neigh|boost\n|-boost|p2a: Kedluben|spa|1\n|-damage|p2a: Kedluben|72/100|[from] item: Life Orb\n|\n|-weather|SunnyDay|[upkeep]\n|upkeep\n|\n|t:|1775927313\n|switch|p1a: Calyrex|Calyrex-Ice, L50|100/100\n|-ability|p1a: Calyrex|As One\n|-ability|p1a: Calyrex|Unnerve\n|turn|5\n|\n|t:|1775927328\n|move|p1b: Farigiraf|Helping Hand|p1a: Calyrex\n|-singleturn|p1a: Calyrex|Helping Hand|[of] p1b: Farigiraf\n|move|p2a: Kedluben|Protect|p2a: Kedluben\n|-singleturn|p2a: Kedluben|Protect\n|move|p2b: DDDMaxVerstappen|Aqua Jet||[still]\n|cant|p1b: Farigiraf|ability: Armor Tail|Aqua Jet|[of] p2b: DDDMaxVerstappen\n|move|p1a: Calyrex|Glacial Lance|p2a: Kedluben|[spread] p2b\n|-activate|p2a: Kedluben|move: Protect\n|-resisted|p2b: DDDMaxVerstappen\n|-damage|p2b: DDDMaxVerstappen|71/100\n|\n|-weather|SunnyDay|[upkeep]\n|-fieldend|move: Trick Room\n|upkeep\n|turn|6\n|\n|t:|1775927341\n|move|p1a: Calyrex|Protect|p1a: Calyrex\n|-singleturn|p1a: Calyrex|Protect\n|move|p2b: DDDMaxVerstappen|Aqua Jet||[still]\n|cant|p1b: Farigiraf|ability: Armor Tail|Aqua Jet|[of] p2b: DDDMaxVerstappen\n|move|p2a: Kedluben|Psychic|p1b: Farigiraf\n|-resisted|p1b: Farigiraf\n|-damage|p1b: Farigiraf|49/100\n|-damage|p2a: Kedluben|62/100|[from] item: Life Orb\n|move|p1b: Farigiraf|Trick Room|p1b: Farigiraf\n|-fieldstart|move: Trick Room|[of] p1b: Farigiraf\n|\n|-weather|SunnyDay|[upkeep]\n|upkeep\n|turn|7\n|-message|TheNamesBetty forfeited.\n|\n|win|ASHBNF\n|raw|ASHBNF's rating: 1263 &rarr; <strong>1297</strong><br />(+34 for winning)\n|raw|TheNamesBetty's rating: 1387 &rarr; <strong>1360</strong><br />(-27 for losing)\n|l|\u2606TheNamesBetty\n|player|p2|\n|l|\u2606ASHBNF\n|player|p1|\n","uploadtime":1775927575,"views":11,"formatid":"gen9vgc2026regi","rating":1297,"private":0,"password":null}