{"id":"gen9vgc2026regi-2579281474","format":"[Gen 9] VGC 2026 Reg I","players":["Luca8","Zardx42"],"log":"|j|\u2606Luca8\n|j|\u2606Zardx42\n|t:|1775766755\n|gametype|doubles\n|player|p1|Luca8|flint|1412\n|player|p2|Zardx42|265|1430\n|gen|9\n|tier|[Gen 9] VGC 2026 Reg I\n|rated|\n|rule|Species Clause: Limit one of each Pok\u00e9mon\n|rule|Item Clause: Limit 1 of each item\n|clearpoke\n|poke|p1|Zamazenta-*, L50|\n|poke|p1|Indeedee-F, L50, F|\n|poke|p1|Torkoal, L50, F|\n|poke|p1|Fezandipiti, L50, M|\n|poke|p1|Raging Bolt, L50|\n|poke|p1|Calyrex-Shadow, L50|\n|poke|p2|Zamazenta-*, L50|\n|poke|p2|Farigiraf, L50, M|\n|poke|p2|Incineroar, L50, M|\n|poke|p2|Calyrex-Shadow, L50|\n|poke|p2|Clefairy, L50, M|\n|poke|p2|Whimsicott, L50, F|\n|teampreview|4\n|\n|t:|1775766781\n|teamsize|p1|4\n|teamsize|p2|4\n|start\n|switch|p1a: Fezandipiti|Fezandipiti, L50, M|100/100\n|switch|p1b: Zamazenta|Zamazenta-Crowned, L50|100/100\n|switch|p2a: Calyrex|Calyrex-Shadow, L50|100/100\n|switch|p2b: Clefairy|Clefairy, L50, M|100/100\n|-ability|p2a: Calyrex|As One\n|-ability|p2a: Calyrex|Unnerve\n|-ability|p1b: Zamazenta|Dauntless Shield|boost\n|-boost|p1b: Zamazenta|def|1\n|turn|1\n|inactive|Battle timer is ON: inactive players will automatically lose when time's up. (requested by Zardx42)\n|inactive|Luca8 has 60 seconds left.\n|\n|t:|1775766836\n|-terastallize|p2b: Clefairy|Water\n|move|p2b: Clefairy|Follow Me|p2b: Clefairy\n|-singleturn|p2b: Clefairy|move: Follow Me\n|move|p2a: Calyrex|Nasty Plot|p2a: Calyrex\n|-boost|p2a: Calyrex|spa|2\n|move|p1b: Zamazenta|Heavy Slam|p2b: Clefairy\n|-resisted|p2b: Clefairy\n|-damage|p2b: Clefairy|78/100\n|move|p1a: Fezandipiti|Tailwind|p1a: Fezandipiti\n|-sidestart|p1: Luca8|move: Tailwind\n|\n|upkeep\n|turn|2\n|inactive|Zardx42 has 30 seconds left.\n|inactive|Zardx42 has 20 seconds left.\n|inactive|Zardx42 has 15 seconds left.\n|inactive|Zardx42 has 10 seconds left.\n|\n|t:|1775766887\n|move|p2b: Clefairy|Follow Me|p2b: Clefairy\n|-singleturn|p2b: Clefairy|move: Follow Me\n|move|p1b: Zamazenta|Body Press|p2b: Clefairy\n|-damage|p2b: Clefairy|14/100\n|move|p1a: Fezandipiti|Icy Wind|p2a: Calyrex|[spread] p2a,p2b\n|-resisted|p2b: Clefairy\n|-damage|p2a: Calyrex|95/100\n|-damage|p2b: Clefairy|11/100\n|-unboost|p2a: Calyrex|spe|1\n|-unboost|p2b: Clefairy|spe|1\n|-status|p2b: Clefairy|tox|[from] ability: Toxic Chain|[of] p1a: Fezandipiti\n|move|p2a: Calyrex|Psychic|p1b: Zamazenta\n|-damage|p1b: Zamazenta|39/100\n|\n|-damage|p2b: Clefairy|5/100 tox|[from] psn\n|upkeep\n|turn|3\n|inactive|Luca8 has 30 seconds left.\n|\n|t:|1775766917\n|-terastallize|p1a: Fezandipiti|Dark\n|move|p1b: Zamazenta|Protect|p1b: Zamazenta\n|-singleturn|p1b: Zamazenta|Protect\n|move|p2b: Clefairy|Follow Me|p2b: Clefairy\n|-singleturn|p2b: Clefairy|move: Follow Me\n|move|p1a: Fezandipiti|Icy Wind|p2a: Calyrex|[spread] p2a,p2b\n|-resisted|p2b: Clefairy\n|-damage|p2a: Calyrex|89/100\n|-damage|p2b: Clefairy|2/100 tox\n|-unboost|p2a: Calyrex|spe|1\n|-unboost|p2b: Clefairy|spe|1\n|move|p2a: Calyrex|Astral Barrage|p1a: Fezandipiti|[spread] p1a\n|-activate|p1b: Zamazenta|move: Protect\n|-resisted|p1a: Fezandipiti\n|-damage|p1a: Fezandipiti|63/100\n|\n|-damage|p2b: Clefairy|0 fnt|[from] psn\n|faint|p2b: Clefairy\n|upkeep\n|\n|t:|1775766926\n|switch|p2b: Incineroar|Incineroar, L50, M|100/100\n|-ability|p2b: Incineroar|Intimidate|boost\n|-unboost|p1a: Fezandipiti|atk|1\n|-unboost|p1b: Zamazenta|atk|1\n|turn|4\n|inactive|Zardx42 has 30 seconds left.\n|\n|t:|1775766957\n|move|p2b: Incineroar|Fake Out|p1b: Zamazenta\n|-resisted|p1b: Zamazenta\n|-damage|p1b: Zamazenta|37/100\n|cant|p1b: Zamazenta|flinch\n|move|p1a: Fezandipiti|Shadow Ball|p2a: Calyrex\n|-supereffective|p2a: Calyrex\n|-damage|p2a: Calyrex|27/100\n|move|p2a: Calyrex|Astral Barrage|p1b: Zamazenta|[spread] p1a,p1b\n|-resisted|p1a: Fezandipiti\n|-damage|p1a: Fezandipiti|29/100\n|-damage|p1b: Zamazenta|0 fnt\n|faint|p1b: Zamazenta\n|-ability|p2a: Calyrex|Grim Neigh|boost\n|-boost|p2a: Calyrex|spa|1\n|\n|-sideend|p1: Luca8|move: Tailwind\n|upkeep\n|\n|t:|1775766979\n|switch|p1b: Raging Bolt|Raging Bolt, L50|100/100\n|-enditem|p1b: Raging Bolt|Booster Energy\n|-activate|p1b: Raging Bolt|ability: Protosynthesis|[fromitem]\n|-start|p1b: Raging Bolt|protosynthesisspa\n|turn|5\n|inactive|Luca8 has 30 seconds left.\n|\n|t:|1775767010\n|move|p2a: Calyrex|Protect|p2a: Calyrex\n|-singleturn|p2a: Calyrex|Protect\n|move|p1a: Fezandipiti|Shadow Ball|p2a: Calyrex\n|-activate|p2a: Calyrex|move: Protect\n|move|p1b: Raging Bolt|Thunder|p2b: Incineroar\n|-damage|p2b: Incineroar|40/100\n|-status|p2b: Incineroar|par\n|move|p2b: Incineroar|Parting Shot|p1b: Raging Bolt\n|-unboost|p1b: Raging Bolt|atk|1\n|-unboost|p1b: Raging Bolt|spa|1\n|\n|t:|1775767020\n|switch|p2b: Farigiraf|Farigiraf, L50, M|100/100|[from] Parting Shot\n|\n|upkeep\n|turn|6\n|\n|t:|1775767043\n|switch|p2a: Incineroar|Incineroar, L50, M|40/100 par\n|-ability|p2a: Incineroar|Intimidate|boost\n|-unboost|p1a: Fezandipiti|atk|1\n|-unboost|p1b: Raging Bolt|atk|1\n|move|p1a: Fezandipiti|Shadow Ball|p2a: Incineroar\n|-resisted|p2a: Incineroar\n|-damage|p2a: Incineroar|35/100 par\n|-unboost|p2a: Incineroar|spd|1\n|move|p1b: Raging Bolt|Draco Meteor|p2b: Farigiraf|[miss]\n|-miss|p1b: Raging Bolt|p2b: Farigiraf\n|move|p2b: Farigiraf|Trick Room|p2b: Farigiraf\n|-fieldstart|move: Trick Room|[of] p2b: Farigiraf\n|\n|upkeep\n|turn|7\n|\n|t:|1775767066\n|-end|p1b: Raging Bolt|Protosynthesis|[silent]\n|switch|p1b: Calyrex|Calyrex-Shadow, L50|100/100\n|-ability|p1b: Calyrex|As One\n|-ability|p1b: Calyrex|Unnerve\n|move|p2a: Incineroar|Flare Blitz|p1a: Fezandipiti\n|-damage|p1a: Fezandipiti|0 fnt\n|faint|p1a: Fezandipiti\n|-damage|p2a: Incineroar|26/100 par|[from] Recoil\n|move|p2b: Farigiraf|Psychic|p1b: Calyrex\n|-resisted|p1b: Calyrex\n|-damage|p1b: Calyrex|80/100\n|\n|upkeep\n|\n|t:|1775767080\n|switch|p1a: Raging Bolt|Raging Bolt, L50|100/100\n|turn|8\n|\n|t:|1775767092\n|move|p1b: Calyrex|Protect|p1b: Calyrex\n|-singleturn|p1b: Calyrex|Protect\n|cant|p2a: Incineroar|par\n|move|p2b: Farigiraf|Foul Play|p1b: Calyrex\n|-activate|p1b: Calyrex|move: Protect\n|move|p1a: Raging Bolt|Electroweb|p2a: Incineroar|[spread] p2a,p2b\n|-damage|p2a: Incineroar|0 fnt\n|-damage|p2b: Farigiraf|80/100\n|-unboost|p2b: Farigiraf|spe|1\n|faint|p2a: Incineroar\n|\n|upkeep\n|\n|t:|1775767097\n|switch|p2a: Calyrex|Calyrex-Shadow, L50|27/100\n|-ability|p2a: Calyrex|As One\n|-ability|p2a: Calyrex|Unnerve\n|turn|9\n|\n|t:|1775767120\n|move|p1b: Calyrex|Protect|p1b: Calyrex\n|-singleturn|p1b: Calyrex|Protect\n|move|p2a: Calyrex|Protect|p2a: Calyrex\n|-singleturn|p2a: Calyrex|Protect\n|move|p2b: Farigiraf|Foul Play|p1b: Calyrex\n|-activate|p1b: Calyrex|move: Protect\n|move|p1a: Raging Bolt|Draco Meteor|p2a: Calyrex\n|-activate|p2a: Calyrex|move: Protect\n|\n|upkeep\n|turn|10\n|\n|t:|1775767147\n|move|p2a: Calyrex|Protect||[still]\n|-fail|p2a: Calyrex\n|move|p1a: Raging Bolt|Thunderclap||[still]\n|cant|p2b: Farigiraf|ability: Armor Tail|Thunderclap|[of] p1a: Raging Bolt\n|move|p2b: Farigiraf|Foul Play|p1b: Calyrex\n|-supereffective|p1b: Calyrex\n|-damage|p1b: Calyrex|4/100\n|move|p1b: Calyrex|Astral Barrage|p2b: Farigiraf|[spread] p2a\n|-immune|p2b: Farigiraf\n|-supereffective|p2a: Calyrex\n|-damage|p2a: Calyrex|0 fnt\n|faint|p2a: Calyrex\n|-ability|p1b: Calyrex|Grim Neigh|boost\n|-boost|p1b: Calyrex|spa|1\n|\n|-fieldend|move: Trick Room\n|upkeep\n|turn|11\n|inactive|Zardx42 has 30 seconds left.\n|inactive|Luca8 has 30 seconds left.\n|inactive|Zardx42 has 20 seconds left.\n|inactive|Zardx42 has 15 seconds left.\n|\n|t:|1775767189\n|move|p1b: Calyrex|Psychic|p2b: Farigiraf\n|-resisted|p2b: Farigiraf\n|-damage|p2b: Farigiraf|46/100\n|move|p1a: Raging Bolt|Electroweb|p2b: Farigiraf\n|-damage|p2b: Farigiraf|22/100\n|-unboost|p2b: Farigiraf|spe|1\n|move|p2b: Farigiraf|Trick Room|p2b: Farigiraf\n|-fieldstart|move: Trick Room|[of] p2b: Farigiraf\n|\n|upkeep\n|turn|12\n|-message|Zardx42 forfeited.\n|\n|win|Luca8\n|raw|Luca8's rating: 1412 &rarr; <strong>1433</strong><br />(+21 for winning)\n|raw|Zardx42's rating: 1430 &rarr; <strong>1409</strong><br />(-21 for losing)\n|l|\u2606Zardx42\n|player|p2|\n|l|\u2606Luca8\n|player|p1|\n","uploadtime":1775767434,"views":8,"formatid":"gen9vgc2026regi","rating":1409,"private":0,"password":null}