{"id":"gen9vgc2026regi-2575292194","format":"[Gen 9] VGC 2026 Reg I","players":["realcomrade379","KatKraydel"],"log":"|j|\u2606realcomrade379\n|j|\u2606KatKraydel\n|t:|1775337110\n|gametype|doubles\n|player|p1|realcomrade379|shadowtriad|\n|player|p2|KatKraydel|lebanne|\n|gen|9\n|tier|[Gen 9] VGC 2026 Reg I\n|rated|Tournament battle\n|rule|Species Clause: Limit one of each Pok\u00e9mon\n|rule|Item Clause: Limit 1 of each item\n|raw|<div class=\"infobox\"><details class=\"readmore\" open><summary><strong>3 custom rules:</strong></summary> Open Team Sheets, Force Open Team Sheets, !Open Team Sheets</details></div>\n|clearpoke\n|poke|p1|Miraidon, L50|\n|poke|p1|Calyrex-Ice, L50|\n|poke|p1|Ogerpon-Wellspring, L50, F|\n|poke|p1|Incineroar, L50, F|\n|poke|p1|Landorus, L50, M|\n|poke|p1|Grimmsnarl, L50, M|\n|poke|p2|Calyrex-Shadow, L50|\n|poke|p2|Terapagos, L50, M|\n|poke|p2|Rillaboom, L50, F|\n|poke|p2|Whimsicott, L50, M|\n|teampreview|4\n|showteam|p1|Miraidon||AssaultVest|HadronEngine|ElectroDrift,DracoMeteor,VoltSwitch,Snarl||||||50|,,,,,Electric]Calyrex-Ice||Leftovers|AsOneGlastrier|Protect,TrickRoom,LeechSeed,GlacialLance||||||50|,,,,,Fairy]Ogerpon-Wellspring||WellspringMask|WaterAbsorb|SpikyShield,FollowMe,HornLeech,IvyCudgel|||F|||50|,,,,,Water]Incineroar||RockyHelmet|Intimidate|KnockOff,FlareBlitz,PartingShot,FakeOut|||F|||50|,,,,,Grass]Landorus||LifeOrb|SheerForce|Protect,Taunt,SludgeBomb,EarthPower|||M|||50|,,,,,Water]Grimmsnarl||LightClay|Prankster|SpiritBreak,LightScreen,Reflect,ThunderWave|||M|||50|,,,,,Ghost\n|showteam|p2|Calyrex-Shadow||LifeOrb|AsOneSpectrier|AstralBarrage,Psychic,Substitute,Protect||||||50|,,,,,Dark]Terapagos||PowerHerb|TeraShift|TeraStarstorm,EarthPower,MeteorBeam,Protect|||M|||50|,,,,,Stellar]Rillaboom||AssaultVest|GrassySurge|FakeOut,WoodHammer,GrassyGlide,Uturn|||F|||50|,,,,,Water]Whimsicott||CovertCloak|Prankster|Moonblast,Tailwind,Encore,FakeTears|||M|||50|,,,,,Water\n|j| wat2199\n|inactive|Battle timer is ON: inactive players will automatically lose when time's up. (requested by realcomrade379)\n|\n|t:|1775337146\n|teamsize|p1|4\n|teamsize|p2|4\n|start\n|switch|p1a: Grimmsnarl|Grimmsnarl, L50, M|100/100\n|switch|p1b: Incineroar|Incineroar, L50, F|100/100\n|switch|p2a: Chappell Roan|Calyrex-Shadow, L50|100/100\n|switch|p2b: Bounce Man|Whimsicott, L50, M|100/100\n|-ability|p2a: Chappell Roan|As One\n|-ability|p2a: Chappell Roan|Unnerve\n|-ability|p1b: Incineroar|Intimidate|boost\n|-unboost|p2a: Chappell Roan|atk|1\n|-unboost|p2b: Bounce Man|atk|1\n|turn|1\n|l| wat2199\n|\n|t:|1775337173\n|move|p2a: Chappell Roan|Protect|p2a: Chappell Roan\n|-singleturn|p2a: Chappell Roan|Protect\n|move|p1a: Grimmsnarl|Light Screen|p1a: Grimmsnarl\n|-sidestart|p1: realcomrade379|move: Light Screen\n|move|p2b: Bounce Man|Moonblast|p1a: Grimmsnarl\n|-supereffective|p1a: Grimmsnarl\n|-damage|p1a: Grimmsnarl|68/100\n|move|p1b: Incineroar|Flare Blitz|p2a: Chappell Roan\n|-activate|p2a: Chappell Roan|move: Protect\n|\n|upkeep\n|turn|2\n|\n|t:|1775337197\n|-terastallize|p2a: Chappell Roan|Dark\n|move|p2a: Chappell Roan|Substitute|p2a: Chappell Roan\n|-start|p2a: Chappell Roan|Substitute\n|-damage|p2a: Chappell Roan|76/100\n|move|p2b: Bounce Man|Moonblast|p1a: Grimmsnarl\n|-supereffective|p1a: Grimmsnarl\n|-damage|p1a: Grimmsnarl|36/100\n|move|p1a: Grimmsnarl|Spirit Break|p2a: Chappell Roan\n|-supereffective|p2a: Chappell Roan\n|-end|p2a: Chappell Roan|Substitute\n|move|p1b: Incineroar|Knock Off|p2a: Chappell Roan\n|-resisted|p2a: Chappell Roan\n|-damage|p2a: Chappell Roan|52/100\n|-enditem|p2a: Chappell Roan|Life Orb|[from] move: Knock Off|[of] p1b: Incineroar\n|\n|upkeep\n|turn|3\n|inactive|realcomrade379 has 30 seconds left.\n|\n|t:|1775337227\n|move|p1a: Grimmsnarl|Reflect|p1a: Grimmsnarl\n|-sidestart|p1: realcomrade379|Reflect\n|move|p2a: Chappell Roan|Astral Barrage|p1b: Incineroar|[spread] p1a,p1b\n|-resisted|p1a: Grimmsnarl\n|-resisted|p1b: Incineroar\n|-damage|p1a: Grimmsnarl|19/100\n|-damage|p1b: Incineroar|85/100\n|move|p2b: Bounce Man|Moonblast|p1a: Grimmsnarl\n|-supereffective|p1a: Grimmsnarl\n|-damage|p1a: Grimmsnarl|0 fnt\n|faint|p1a: Grimmsnarl\n|move|p1b: Incineroar|Flare Blitz|p2b: Bounce Man\n|-supereffective|p2b: Bounce Man\n|-crit|p2b: Bounce Man\n|-damage|p2b: Bounce Man|0 fnt\n|faint|p2b: Bounce Man\n|-damage|p1b: Incineroar|58/100|[from] Recoil\n|\n|upkeep\n|\n|t:|1775337247\n|switch|p2b: Rillaboom|Rillaboom, L50, F|100/100\n|switch|p1a: Miraidon|Miraidon, L50|100/100\n|-fieldstart|move: Electric Terrain|[from] ability: Hadron Engine|[of] p1a: Miraidon\n|-fieldstart|move: Grassy Terrain|[from] ability: Grassy Surge|[of] p2b: Rillaboom\n|turn|4\n|\n|t:|1775337258\n|move|p2b: Rillaboom|Fake Out|p1b: Incineroar\n|-damage|p1b: Incineroar|51/100\n|-damage|p2b: Rillaboom|84/100|[from] item: Rocky Helmet|[of] p1b: Incineroar\n|move|p2a: Chappell Roan|Astral Barrage|p1a: Miraidon|[spread] p1a,p1b\n|-resisted|p1b: Incineroar\n|-damage|p1a: Miraidon|81/100\n|-damage|p1b: Incineroar|34/100\n|move|p1a: Miraidon|Electro Drift|p2a: Chappell Roan\n|-damage|p2a: Chappell Roan|0 fnt\n|faint|p2a: Chappell Roan\n|cant|p1b: Incineroar|flinch\n|\n|-heal|p1a: Miraidon|87/100|[from] Grassy Terrain\n|-heal|p2b: Rillaboom|90/100|[from] Grassy Terrain\n|-heal|p1b: Incineroar|40/100|[from] Grassy Terrain\n|upkeep\n|j| jeffthemalmar\n|\n|t:|1775337270\n|switch|p2a: Terapagos|Terapagos, L50, M|100/100\n|-activate|p2a: Terapagos|ability: Tera Shift\n|detailschange|p2a: Terapagos|Terapagos-Terastal, L50, M\n|-heal|p2a: Terapagos|100/100|[silent]\n|turn|5\n|\n|t:|1775337285\n|move|p1a: Miraidon|Snarl|p2b: Rillaboom|[spread] p2a,p2b\n|-activate|p2a: Terapagos|ability: Tera Shell\n|-resisted|p2a: Terapagos\n|-damage|p2a: Terapagos|94/100\n|-damage|p2b: Rillaboom|81/100\n|-unboost|p2a: Terapagos|spa|1\n|-unboost|p2b: Rillaboom|spa|1\n|move|p2a: Terapagos|Meteor Beam||[still]\n|-prepare|p2a: Terapagos|Meteor Beam\n|-boost|p2a: Terapagos|spa|1\n|-enditem|p2a: Terapagos|Power Herb\n|-anim|p2a: Terapagos|Meteor Beam|p1b: Incineroar\n|-supereffective|p1b: Incineroar\n|-damage|p1b: Incineroar|0 fnt\n|faint|p1b: Incineroar\n|move|p2b: Rillaboom|Wood Hammer|p1a: Miraidon\n|-resisted|p1a: Miraidon\n|-damage|p1a: Miraidon|65/100\n|-damage|p2b: Rillaboom|74/100|[from] Recoil\n|\n|-heal|p1a: Miraidon|71/100|[from] Grassy Terrain\n|-heal|p2a: Terapagos|99/100|[from] Grassy Terrain\n|-heal|p2b: Rillaboom|80/100|[from] Grassy Terrain\n|upkeep\n|\n|t:|1775337302\n|switch|p1b: Calyrex|Calyrex-Ice, L50|100/100\n|-ability|p1b: Calyrex|As One\n|-ability|p1b: Calyrex|Unnerve\n|turn|6\n|\n|t:|1775337307\n|move|p1a: Miraidon|Snarl|p2a: Terapagos|[spread] p2a,p2b\n|-crit|p2b: Rillaboom\n|-damage|p2a: Terapagos|87/100\n|-damage|p2b: Rillaboom|66/100\n|-unboost|p2a: Terapagos|spa|1\n|-unboost|p2b: Rillaboom|spa|1\n|move|p2a: Terapagos|Earth Power|p1a: Miraidon\n|-supereffective|p1a: Miraidon\n|-damage|p1a: Miraidon|58/100\n|-unboost|p1a: Miraidon|spd|1\n|move|p2b: Rillaboom|Wood Hammer|p1a: Miraidon\n|-resisted|p1a: Miraidon\n|-damage|p1a: Miraidon|37/100\n|-damage|p2b: Rillaboom|59/100|[from] Recoil\n|move|p1b: Calyrex|Glacial Lance|p2a: Terapagos|[spread] p2a,p2b\n|-supereffective|p2b: Rillaboom\n|-damage|p2a: Terapagos|41/100\n|-damage|p2b: Rillaboom|0 fnt\n|faint|p2b: Rillaboom\n|-ability|p1b: Calyrex|Chilling Neigh|boost\n|-boost|p1b: Calyrex|atk|1\n|\n|-heal|p1a: Miraidon|43/100|[from] Grassy Terrain\n|-heal|p2a: Terapagos|47/100|[from] Grassy Terrain\n|upkeep\n|turn|7\n|\n|t:|1775337331\n|move|p1a: Miraidon|Electro Drift|p2a: Terapagos\n|-damage|p2a: Terapagos|0 fnt\n|faint|p2a: Terapagos\n|\n|win|realcomrade379\n|n|\u2606realcomrade379|realcomrade379\n|n|\u2606KatKraydel|katkraydel\n|n| jeffthemalmar|jeffthemalmar\n","uploadtime":1775337337,"views":8,"formatid":"gen9vgc2026regi","rating":null,"private":0,"password":null}