{"id":"gen9vgc2026regi-2535941517","format":"[Gen 9] VGC 2026 Reg I","players":["togahasakikotoga","fogdocker"],"log":"|j|\u2606togahasakikotoga\n|j|\u2606fogdocker\n|t:|1770635977\n|gametype|doubles\n|player|p1|togahasakikotoga|caitlin|1304\n|player|p2|fogdocker|266|1404\n|gen|9\n|tier|[Gen 9] VGC 2026 Reg I\n|rated|\n|rule|Species Clause: Limit one of each Pok\u00e9mon\n|rule|Item Clause: Limit 1 of each item\n|clearpoke\n|poke|p1|Calyrex-Shadow, L50|\n|poke|p1|Flamigo, L50, F|\n|poke|p1|Smeargle, L50, F|\n|poke|p1|Muk-Alola, L50, F|\n|poke|p1|Miraidon, L50|\n|poke|p1|Volcarona, L50, M|\n|poke|p2|Calyrex-Ice, L50|\n|poke|p2|Koraidon, L50|\n|poke|p2|Flutter Mane, L50|\n|poke|p2|Incineroar, L50, F|\n|poke|p2|Rillaboom, L50, F|\n|poke|p2|Volcarona, L50, F|\n|teampreview|4\n|inactive|Battle timer is ON: inactive players will automatically lose when time's up. (requested by togahasakikotoga)\n|\n|t:|1770636002\n|teamsize|p1|4\n|teamsize|p2|4\n|start\n|switch|p1a: Smeargle|Smeargle, L50, F, shiny|100/100\n|switch|p1b: Muk|Muk-Alola, L50, F, shiny|100/100\n|switch|p2a: Koraidon|Koraidon, L50|100/100\n|switch|p2b: Flutter Mane|Flutter Mane, L50|100/100\n|-weather|SunnyDay|[from] ability: Orichalcum Pulse|[of] p2a: Koraidon\n|-activate|p2b: Flutter Mane|ability: Protosynthesis\n|-start|p2b: Flutter Mane|protosynthesisspe\n|-activate|p2a: Koraidon|Orichalcum Pulse|[source]\n|turn|1\n|\n|t:|1770636015\n|move|p1b: Muk|Protect|p1b: Muk\n|-singleturn|p1b: Muk|Protect\n|move|p2b: Flutter Mane|Moonblast|p1a: Smeargle\n|-enditem|p1a: Smeargle|Focus Sash\n|-damage|p1a: Smeargle|1/100\n|-unboost|p1a: Smeargle|spa|1\n|move|p2a: Koraidon|Close Combat|p1b: Muk\n|-activate|p1b: Muk|move: Protect\n|move|p1a: Smeargle|Spore|p2a: Koraidon\n|-status|p2a: Koraidon|slp|[from] move: Spore\n|\n|-weather|SunnyDay|[upkeep]\n|-ability|p1a: Smeargle|Moody|boost\n|-boost|p1a: Smeargle|atk|2\n|-unboost|p1a: Smeargle|spa|1\n|upkeep\n|turn|2\n|\n|t:|1770636035\n|move|p2b: Flutter Mane|Icy Wind|p1b: Muk|[spread] p1a,p1b\n|-damage|p1a: Smeargle|0 fnt\n|-damage|p1b: Muk|89/100\n|-unboost|p1b: Muk|spe|1\n|faint|p1a: Smeargle\n|-ability|p1b: Muk|Moody|Power of Alchemy|[from] ability: Power of Alchemy|[of] p1a: Smeargle\n|cant|p2a: Koraidon|slp\n|move|p1b: Muk|Minimize|p1b: Muk\n|-boost|p1b: Muk|evasion|2\n|\n|-weather|SunnyDay|[upkeep]\n|-heal|p1b: Muk|95/100|[from] item: Leftovers\n|-ability|p1b: Muk|Moody|boost\n|-boost|p1b: Muk|spd|2\n|-unboost|p1b: Muk|def|1\n|upkeep\n|\n|t:|1770636051\n|switch|p1a: Calyrex|Calyrex-Shadow, L50|100/100\n|-ability|p1a: Calyrex|As One\n|-ability|p1a: Calyrex|Unnerve\n|turn|3\n|\n|t:|1770636074\n|-terastallize|p2b: Flutter Mane|Normal\n|-terastallize|p1a: Calyrex|Grass\n|move|p2b: Flutter Mane|Moonblast|p1a: Calyrex\n|-damage|p1a: Calyrex|45/100\n|move|p1a: Calyrex|Astral Barrage|p2b: Flutter Mane|[spread] p2a\n|-immune|p2b: Flutter Mane\n|-damage|p2a: Koraidon|33/100 slp\n|cant|p2a: Koraidon|slp\n|move|p1b: Muk|Minimize|p1b: Muk\n|-boost|p1b: Muk|evasion|2\n|\n|-weather|SunnyDay|[upkeep]\n|-heal|p1b: Muk|100/100|[from] item: Leftovers\n|-ability|p1b: Muk|Moody|boost\n|-boost|p1b: Muk|spa|2\n|-unboost|p1b: Muk|spd|1\n|upkeep\n|turn|4\n|inactive|fogdocker has 30 seconds left.\n|\n|t:|1770636101\n|move|p1a: Calyrex|Protect|p1a: Calyrex\n|-singleturn|p1a: Calyrex|Protect\n|move|p2b: Flutter Mane|Moonblast|p1a: Calyrex\n|-activate|p1a: Calyrex|move: Protect\n|cant|p2a: Koraidon|slp\n|move|p1b: Muk|Minimize|p1b: Muk\n|-boost|p1b: Muk|evasion|2\n|\n|-weather|SunnyDay|[upkeep]\n|-ability|p1b: Muk|Moody|boost\n|-boost|p1b: Muk|spd|2\n|-unboost|p1b: Muk|spa|1\n|upkeep\n|turn|5\n|\n|t:|1770636118\n|switch|p1a: Flamigo|Flamigo, L50, F, shiny|100/100\n|-copyboost|p1a: Flamigo|p1b: Muk|[from] ability: Costar\n|-enditem|p1a: Flamigo|White Herb\n|-clearnegativeboost|p1a: Flamigo|[silent]\n|move|p2b: Flutter Mane|Moonblast|p1a: Flamigo\n|-supereffective|p1a: Flamigo\n|-damage|p1a: Flamigo|38/100\n|-curestatus|p2a: Koraidon|slp|[msg]\n|move|p2a: Koraidon|Close Combat|p1b: Muk\n|-damage|p1b: Muk|0 fnt\n|-unboost|p2a: Koraidon|def|1\n|-unboost|p2a: Koraidon|spd|1\n|faint|p1b: Muk\n|-damage|p2a: Koraidon|23/100|[from] item: Life Orb\n|\n|-weather|none\n|-end|p2b: Flutter Mane|Protosynthesis\n|upkeep\n|\n|t:|1770636134\n|switch|p1b: Calyrex|Calyrex-Shadow, L50, tera:Grass|45/100\n|-ability|p1b: Calyrex|As One\n|-ability|p1b: Calyrex|Unnerve\n|turn|6\n|\n|t:|1770636146\n|switch|p2a: Rillaboom|Rillaboom, L50, F|100/100\n|-fieldstart|move: Grassy Terrain|[from] ability: Grassy Surge|[of] p2a: Rillaboom\n|move|p2b: Flutter Mane|Protect|p2b: Flutter Mane\n|-singleturn|p2b: Flutter Mane|Protect\n|move|p1b: Calyrex|Psych Up|p1a: Flamigo\n|-copyboost|p1b: Calyrex|p1a: Flamigo|[from] move: Psych Up\n|move|p1a: Flamigo|Acrobatics|p2a: Rillaboom\n|-supereffective|p2a: Rillaboom\n|-damage|p2a: Rillaboom|3/100\n|\n|-heal|p1b: Calyrex|52/100|[from] Grassy Terrain\n|-heal|p2a: Rillaboom|9/100|[from] Grassy Terrain\n|upkeep\n|turn|7\n|\n|t:|1770636166\n|switch|p2a: Koraidon|Koraidon, L50|23/100\n|-weather|SunnyDay|[from] ability: Orichalcum Pulse|[of] p2a: Koraidon\n|-activate|p2b: Flutter Mane|ability: Protosynthesis\n|-start|p2b: Flutter Mane|protosynthesisspe\n|-activate|p2a: Koraidon|Orichalcum Pulse|[source]\n|move|p2b: Flutter Mane|Moonblast|p1a: Flamigo|[miss]\n|-miss|p2b: Flutter Mane|p1a: Flamigo\n|move|p1b: Calyrex|Giga Drain|p2b: Flutter Mane\n|-damage|p2b: Flutter Mane|1/100\n|-heal|p1b: Calyrex|89/100|[from] drain|[of] p2b: Flutter Mane\n|move|p1a: Flamigo|Acrobatics|p2a: Koraidon\n|-supereffective|p2a: Koraidon\n|-damage|p2a: Koraidon|0 fnt\n|faint|p2a: Koraidon\n|\n|-weather|SunnyDay|[upkeep]\n|-heal|p2b: Flutter Mane|7/100|[from] Grassy Terrain\n|-heal|p1b: Calyrex|95/100|[from] Grassy Terrain\n|upkeep\n|\n|t:|1770636171\n|switch|p2a: Calyrex|Calyrex-Ice, L50|100/100\n|-ability|p2a: Calyrex|As One\n|-ability|p2a: Calyrex|Unnerve\n|turn|8\n|inactive|togahasakikotoga has 30 seconds left.\n|inactive|togahasakikotoga has 20 seconds left.\n|\n|t:|1770636208\n|move|p2b: Flutter Mane|Moonblast|p1a: Flamigo|[miss]\n|-miss|p2b: Flutter Mane|p1a: Flamigo\n|move|p1b: Calyrex|Astral Barrage|p2b: Flutter Mane|[spread] p2a\n|-immune|p2b: Flutter Mane\n|-supereffective|p2a: Calyrex\n|-damage|p2a: Calyrex|0 fnt\n|faint|p2a: Calyrex\n|-ability|p1b: Calyrex|Grim Neigh|boost\n|-boost|p1b: Calyrex|spa|1\n|move|p1a: Flamigo|Substitute|p1a: Flamigo\n|-start|p1a: Flamigo|Substitute\n|-damage|p1a: Flamigo|13/100\n|\n|-weather|SunnyDay|[upkeep]\n|-heal|p2b: Flutter Mane|14/100|[from] Grassy Terrain\n|-heal|p1b: Calyrex|100/100|[from] Grassy Terrain\n|upkeep\n|-message|fogdocker forfeited.\n|\n|win|togahasakikotoga\n|raw|togahasakikotoga's rating: 1304 &rarr; <strong>1330</strong><br />(+26 for winning)\n|raw|fogdocker's rating: 1404 &rarr; <strong>1378</strong><br />(-26 for losing)\n|l|\u2606togahasakikotoga\n|player|p1|\n|l|\u2606fogdocker\n|player|p2|\n","uploadtime":1770636455,"views":12,"formatid":"gen9vgc2026regi","rating":1330,"private":0,"password":null}