{"id":"gen9vgc2026regi-2525873961","format":"[Gen 9] VGC 2026 Reg I","players":["abigpanda","i\u2764\u5a1c\u7984forever"],"log":"|j|\u2606abigpanda\n|j|\u2606i\u2764\u5a1c\u7984forever\n|t:|1769344123\n|gametype|doubles\n|player|p1|abigpanda|101|1149\n|player|p2|i\u2764\u5a1c\u7984forever|youngcouple-gen4dp|1259\n|gen|9\n|tier|[Gen 9] VGC 2026 Reg I\n|rated|\n|rule|Species Clause: Limit one of each Pok\u00e9mon\n|rule|Item Clause: Limit 1 of each item\n|clearpoke\n|poke|p1|Basculegion, L50, M|\n|poke|p1|Incineroar, L50, M|\n|poke|p1|Rillaboom, L50, M|\n|poke|p1|Kyogre, L50|\n|poke|p1|Zamazenta-*, L50|\n|poke|p1|Tornadus, L50, M|\n|poke|p2|Groudon, L50|\n|poke|p2|Kyurem-White, L50|\n|poke|p2|Sableye, L50, F|\n|poke|p2|Articuno-Galar, L50|\n|poke|p2|Rillaboom, L50, M|\n|poke|p2|Primarina, L50, M|\n|teampreview|4\n|\n|t:|1769344165\n|teamsize|p1|4\n|teamsize|p2|4\n|start\n|switch|p1a: Kyogre|Kyogre, L50|100/100\n|switch|p1b: Basculegion|Basculegion, L50, M|100/100\n|switch|p2a: Sableye|Sableye, L50, F|100/100\n|switch|p2b: Articuno|Articuno-Galar, L50|100/100\n|-weather|RainDance|[from] ability: Drizzle|[of] p1a: Kyogre\n|turn|1\n|\n|t:|1769344183\n|move|p1a: Kyogre|Protect|p1a: Kyogre\n|-singleturn|p1a: Kyogre|Protect\n|move|p2a: Sableye|Fake Out|p1a: Kyogre\n|-activate|p1a: Kyogre|move: Protect\n|move|p1b: Basculegion|Flip Turn|p2a: Sableye\n|-crit|p2a: Sableye\n|-damage|p2a: Sableye|0 fnt\n|faint|p2a: Sableye\n|\n|t:|1769344192\n|switch|p1b: Rillaboom|Rillaboom, L50, M|100/100|[from] Flip Turn\n|-fieldstart|move: Grassy Terrain|[from] ability: Grassy Surge|[of] p1b: Rillaboom\n|move|p2b: Articuno|Tailwind|p2b: Articuno\n|-sidestart|p2: i\u2764\u5a1c\u7984forever|move: Tailwind\n|\n|-weather|RainDance|[upkeep]\n|upkeep\n|\n|t:|1769344203\n|switch|p2a: Groudon|Groudon, L50|100/100\n|-weather|SunnyDay|[from] ability: Drought|[of] p2a: Groudon\n|turn|2\n|\n|t:|1769344214\n|switch|p1a: Tornadus|Tornadus, L50, M|100/100\n|move|p1b: Rillaboom|Fake Out|p2b: Articuno\n|-damage|p2b: Articuno|81/100\n|cant|p2b: Articuno|flinch\n|move|p2a: Groudon|Heat Crash|p1b: Rillaboom\n|-supereffective|p1b: Rillaboom\n|-damage|p1b: Rillaboom|0 fnt\n|faint|p1b: Rillaboom\n|\n|-weather|SunnyDay|[upkeep]\n|upkeep\n|\n|t:|1769344226\n|switch|p1b: Kyogre|Kyogre, L50|100/100\n|-weather|RainDance|[from] ability: Drizzle|[of] p1b: Kyogre\n|turn|3\n|\n|t:|1769344237\n|-terastallize|p2a: Groudon|Water\n|move|p1a: Tornadus|Tailwind|p1a: Tornadus\n|-sidestart|p1: abigpanda|move: Tailwind\n|move|p2b: Articuno|Freezing Glare|p1b: Kyogre\n|-damage|p1b: Kyogre|64/100\n|move|p1b: Kyogre|Water Spout|p2b: Articuno|[spread] p2a,p2b\n|-resisted|p2a: Groudon\n|-damage|p2a: Groudon|81/100\n|-damage|p2b: Articuno|0 fnt\n|faint|p2b: Articuno\n|move|p2a: Groudon|Precipice Blades|p1b: Kyogre|[spread] \n|-immune|p1a: Tornadus\n|-miss|p2a: Groudon|p1b: Kyogre\n|\n|-weather|RainDance|[upkeep]\n|-heal|p1b: Kyogre|70/100|[from] Grassy Terrain\n|-heal|p2a: Groudon|86/100|[from] Grassy Terrain\n|upkeep\n|\n|t:|1769344251\n|switch|p2b: Kyurem|Kyurem-White, L50|100/100\n|-ability|p2b: Kyurem|Turboblaze\n|turn|4\n|\n|t:|1769344260\n|move|p1b: Kyogre|Protect|p1b: Kyogre\n|-singleturn|p1b: Kyogre|Protect\n|move|p2b: Kyurem|Blizzard|p1a: Tornadus|[spread] p1a\n|-activate|p1b: Kyogre|move: Protect\n|-supereffective|p1a: Tornadus\n|-damage|p1a: Tornadus|19/100\n|move|p1a: Tornadus|Bleakwind Storm|p2a: Groudon|[spread] p2a,p2b\n|-crit|p2b: Kyurem\n|-damage|p2a: Groudon|68/100\n|-damage|p2b: Kyurem|60/100\n|-unboost|p2b: Kyurem|spe|1\n|move|p2a: Groudon|Precipice Blades|p1b: Kyogre|[spread] \n|-activate|p1b: Kyogre|move: Protect\n|-immune|p1a: Tornadus\n|\n|-weather|RainDance|[upkeep]\n|-heal|p1b: Kyogre|76/100|[from] Grassy Terrain\n|-heal|p2b: Kyurem|66/100|[from] Grassy Terrain\n|-heal|p2a: Groudon|73/100|[from] Grassy Terrain\n|-sideend|p2: i\u2764\u5a1c\u7984forever|move: Tailwind\n|upkeep\n|turn|5\n|\n|t:|1769344283\n|move|p1a: Tornadus|Protect|p1a: Tornadus\n|-singleturn|p1a: Tornadus|Protect\n|move|p1b: Kyogre|Water Spout|p2a: Groudon|[spread] p2a,p2b\n|-resisted|p2a: Groudon\n|-resisted|p2b: Kyurem\n|-damage|p2a: Groudon|49/100\n|-damage|p2b: Kyurem|26/100\n|move|p2b: Kyurem|Blizzard|p1b: Kyogre|[spread] \n|-activate|p1a: Tornadus|move: Protect\n|-miss|p2b: Kyurem|p1b: Kyogre\n|move|p2a: Groudon|Precipice Blades|p1b: Kyogre|[spread] p1b\n|-activate|p1a: Tornadus|move: Protect\n|-damage|p1b: Kyogre|19/100\n|\n|-weather|RainDance|[upkeep]\n|-heal|p1b: Kyogre|25/100|[from] Grassy Terrain\n|-heal|p2b: Kyurem|32/100|[from] Grassy Terrain\n|-heal|p2a: Groudon|55/100|[from] Grassy Terrain\n|-fieldend|move: Grassy Terrain\n|upkeep\n|turn|6\n|\n|t:|1769344300\n|move|p1b: Kyogre|Origin Pulse|p2a: Groudon|[spread] p2a,p2b\n|-resisted|p2a: Groudon\n|-resisted|p2b: Kyurem\n|-damage|p2a: Groudon|28/100\n|-damage|p2b: Kyurem|0 fnt\n|faint|p2b: Kyurem\n|move|p1a: Tornadus|Bleakwind Storm|p2a: Groudon\n|-damage|p2a: Groudon|4/100\n|move|p2a: Groudon|Precipice Blades|p1a: Tornadus|[spread] p1b\n|-immune|p1a: Tornadus\n|-damage|p1b: Kyogre|0 fnt\n|faint|p1b: Kyogre\n|\n|-weather|RainDance|[upkeep]\n|-sideend|p1: abigpanda|move: Tailwind\n|upkeep\n|\n|t:|1769344304\n|switch|p1b: Basculegion|Basculegion, L50, M|100/100\n|turn|7\n|\n|t:|1769344320\n|move|p1b: Basculegion|Last Respects|p2a: Groudon\n|-crit|p2a: Groudon\n|-damage|p2a: Groudon|0 fnt\n|faint|p2a: Groudon\n|\n|win|abigpanda\n|raw|abigpanda's rating: 1149 &rarr; <strong>1182</strong><br />(+33 for winning)\n|raw|i\u2764\u5a1c\u7984forever's rating: 1259 &rarr; <strong>1226</strong><br />(-33 for losing)\n|l|\u2606i\u2764\u5a1c\u7984forever\n|player|p2|\n","uploadtime":1769344649,"views":15,"formatid":"gen9vgc2026regi","rating":1182,"private":0,"password":null}