{"id":"gen9vgc2026regi-2569928266","format":"[Gen 9] VGC 2026 Reg I","players":["TheManOfSausage","regiregirockrock"],"log":"|j|\u2606TheManOfSausage\n|j|\u2606regiregirockrock\n|t:|1774747032\n|gametype|doubles\n|player|p1|TheManOfSausage|102|1423\n|player|p2|regiregirockrock|101|1378\n|gen|9\n|tier|[Gen 9] VGC 2026 Reg I\n|rated|\n|rule|Species Clause: Limit one of each Pok\u00e9mon\n|rule|Item Clause: Limit 1 of each item\n|clearpoke\n|poke|p1|Calyrex-Shadow, L50|\n|poke|p1|Koraidon, L50|\n|poke|p1|Weezing-Galar, L50, M|\n|poke|p1|Brute Bonnet, L50|\n|poke|p1|Chi-Yu, L50|\n|poke|p1|Raging Bolt, L50|\n|poke|p2|Ho-Oh, L50|\n|poke|p2|Overqwil, L50, M|\n|poke|p2|Ting-Lu, L50|\n|poke|p2|Ogerpon-Wellspring, L50, F|\n|poke|p2|Rillaboom, L50, F|\n|poke|p2|Calyrex-Ice, L50|\n|teampreview|4\n|\n|t:|1774747081\n|teamsize|p1|4\n|teamsize|p2|4\n|start\n|switch|p1a: Koraidon|Koraidon, L50|100/100\n|switch|p1b: Brute Bonnet|Brute Bonnet, L50|100/100\n|switch|p2a: Calyrex|Calyrex-Ice, L50|100/100\n|switch|p2b: Ogerpon|Ogerpon-Wellspring, L50, F|100/100\n|-ability|p2a: Calyrex|As One\n|-ability|p2a: Calyrex|Unnerve\n|-weather|SunnyDay|[from] ability: Orichalcum Pulse|[of] p1a: Koraidon\n|-activate|p1b: Brute Bonnet|ability: Protosynthesis\n|-start|p1b: Brute Bonnet|protosynthesisdef\n|-activate|p1a: Koraidon|Orichalcum Pulse|[source]\n|turn|1\n|\n|t:|1774747113\n|switch|p2b: Overqwil|Overqwil, L50, M|100/100\n|-ability|p2b: Overqwil|Intimidate|boost\n|-unboost|p1a: Koraidon|atk|1\n|-unboost|p1b: Brute Bonnet|atk|1\n|-terastallize|p1a: Koraidon|Fire\n|-terastallize|p2a: Calyrex|Water\n|move|p1a: Koraidon|Flare Blitz|p2b: Overqwil\n|-damage|p2b: Overqwil|9/100\n|-damage|p1a: Koraidon|69/100|[from] Recoil\n|move|p1b: Brute Bonnet|Spore|p2a: Calyrex\n|-status|p2a: Calyrex|slp|[from] move: Spore\n|cant|p2a: Calyrex|slp\n|\n|-weather|SunnyDay|[upkeep]\n|-heal|p2b: Overqwil|16/100|[from] item: Black Sludge\n|upkeep\n|turn|2\n|\n|t:|1774747132\n|switch|p2b: Ho-Oh|Ho-Oh, L50|100/100\n|move|p1a: Koraidon|Flare Blitz|p2b: Ho-Oh\n|-resisted|p2b: Ho-Oh\n|-damage|p2b: Ho-Oh|70/100\n|-damage|p1a: Koraidon|52/100|[from] item: Rocky Helmet|[of] p2b: Ho-Oh\n|-damage|p1a: Koraidon|40/100|[from] Recoil\n|move|p1b: Brute Bonnet|Seed Bomb|p2a: Calyrex\n|-supereffective|p2a: Calyrex\n|-damage|p2a: Calyrex|74/100 slp\n|cant|p2a: Calyrex|slp\n|\n|-weather|SunnyDay|[upkeep]\n|-heal|p2a: Calyrex|80/100 slp|[from] item: Leftovers\n|upkeep\n|turn|3\n|\n|t:|1774747159\n|move|p1a: Koraidon|Collision Course|p2a: Calyrex\n|-damage|p2a: Calyrex|55/100 slp\n|move|p2b: Ho-Oh|Sacred Fire|p1b: Brute Bonnet\n|-supereffective|p1b: Brute Bonnet\n|-damage|p1b: Brute Bonnet|36/100\n|move|p1b: Brute Bonnet|Spore|p2b: Ho-Oh\n|-status|p2b: Ho-Oh|slp|[from] move: Spore\n|cant|p2a: Calyrex|slp\n|\n|-weather|SunnyDay|[upkeep]\n|-heal|p2a: Calyrex|61/100 slp|[from] item: Leftovers\n|upkeep\n|turn|4\n|\n|t:|1774747178\n|switch|p2b: Overqwil|Overqwil, L50, M|16/100\n|-ability|p2b: Overqwil|Intimidate|boost\n|-unboost|p1a: Koraidon|atk|1\n|-unboost|p1b: Brute Bonnet|atk|1\n|move|p1a: Koraidon|Collision Course|p2a: Calyrex\n|-damage|p2a: Calyrex|42/100 slp\n|move|p1b: Brute Bonnet|Seed Bomb|p2a: Calyrex\n|-supereffective|p2a: Calyrex\n|-damage|p2a: Calyrex|24/100 slp\n|-curestatus|p2a: Calyrex|slp|[msg]\n|move|p2a: Calyrex|Glacial Lance|p1b: Brute Bonnet|[spread] p1a,p1b\n|-resisted|p1a: Koraidon\n|-supereffective|p1b: Brute Bonnet\n|-damage|p1a: Koraidon|18/100\n|-damage|p1b: Brute Bonnet|0 fnt\n|faint|p1b: Brute Bonnet\n|-end|p1b: Brute Bonnet|Protosynthesis|[silent]\n|-ability|p2a: Calyrex|Chilling Neigh|boost\n|-boost|p2a: Calyrex|atk|1\n|\n|-weather|SunnyDay|[upkeep]\n|-heal|p2b: Overqwil|22/100|[from] item: Black Sludge\n|-heal|p2a: Calyrex|29/100|[from] item: Leftovers\n|upkeep\n|\n|t:|1774747184\n|switch|p1b: Rice Shower|Calyrex-Shadow, L50|100/100\n|-ability|p1b: Rice Shower|As One\n|-ability|p1b: Rice Shower|Unnerve\n|turn|5\n|\n|t:|1774747199\n|switch|p2b: Ho-Oh|Ho-Oh, L50|100/100 slp\n|move|p2a: Calyrex|Protect|p2a: Calyrex\n|-singleturn|p2a: Calyrex|Protect\n|move|p1b: Rice Shower|Astral Barrage|p2a: Calyrex|[spread] p2b\n|-activate|p2a: Calyrex|move: Protect\n|-damage|p2b: Ho-Oh|68/100 slp\n|move|p1a: Koraidon|Collision Course|p2a: Calyrex\n|-activate|p2a: Calyrex|move: Protect\n|\n|-weather|none\n|-heal|p2a: Calyrex|35/100|[from] item: Leftovers\n|upkeep\n|turn|6\n|\n|t:|1774747211\n|switch|p1a: Chi-Yu|Chi-Yu, L50|100/100\n|-ability|p1a: Chi-Yu|Beads of Ruin\n|move|p1b: Rice Shower|Encore|p2a: Calyrex\n|-start|p2a: Calyrex|Encore\n|cant|p2b: Ho-Oh|slp\n|move|p2a: Calyrex|Protect||[still]\n|-fail|p2a: Calyrex\n|\n|-heal|p2a: Calyrex|41/100|[from] item: Leftovers\n|upkeep\n|turn|7\n|\n|t:|1774747230\n|switch|p2a: Overqwil|Overqwil, L50, M|22/100\n|-ability|p2a: Overqwil|Intimidate|boost\n|-unboost|p1a: Chi-Yu|atk|1\n|-unboost|p1b: Rice Shower|atk|1\n|move|p1a: Chi-Yu|Dark Pulse|p2b: Ho-Oh\n|-damage|p2b: Ho-Oh|31/100 slp\n|move|p1b: Rice Shower|Astral Barrage|p2a: Overqwil|[spread] p2a,p2b\n|-resisted|p2a: Overqwil\n|-damage|p2a: Overqwil|0 fnt\n|-damage|p2b: Ho-Oh|0 fnt\n|faint|p2a: Overqwil\n|faint|p2b: Ho-Oh\n|-ability|p1b: Rice Shower|Grim Neigh|boost\n|-boost|p1b: Rice Shower|spa|2\n|\n|upkeep\n|-message|regiregirockrock forfeited.\n|\n|win|TheManOfSausage\n|raw|TheManOfSausage's rating: 1423 &rarr; <strong>1440</strong><br />(+17 for winning)\n|raw|regiregirockrock's rating: 1378 &rarr; <strong>1361</strong><br />(-17 for losing)\n|l|\u2606regiregirockrock\n|player|p2|\n|l|\u2606TheManOfSausage\n|player|p1|\n","uploadtime":1774747508,"views":11,"formatid":"gen9vgc2026regi","rating":1361,"private":0,"password":null}