{"id":"gen9vgc2026regi-2546629434","format":"[Gen 9] VGC 2026 Reg I","players":["QianSuiii","alexit93"],"log":"|j|\u2606QianSuiii\n|j|\u2606alexit93\n|t:|1771986401\n|gametype|doubles\n|player|p1|QianSuiii|elesa|1449\n|player|p2|alexit93|lucas-gen4pt|1377\n|gen|9\n|tier|[Gen 9] VGC 2026 Reg I\n|rated|\n|rule|Species Clause: Limit one of each Pok\u00e9mon\n|rule|Item Clause: Limit 1 of each item\n|clearpoke\n|poke|p1|Calyrex-Ice, L50|\n|poke|p1|Miraidon, L50|\n|poke|p1|Landorus, L50, M|\n|poke|p1|Urshifu-*, L50, F|\n|poke|p1|Incineroar, L50, M|\n|poke|p1|Amoonguss, L50, M|\n|poke|p2|Zamazenta-*, L50|\n|poke|p2|Chien-Pao, L50|\n|poke|p2|Miraidon, L50|\n|poke|p2|Flutter Mane, L50|\n|poke|p2|Iron Hands, L50|\n|poke|p2|Riolu, L50, M|\n|teampreview|4\n|\n|t:|1771986442\n|teamsize|p1|4\n|teamsize|p2|4\n|start\n|switch|p1a: Incineroar|Incineroar, L50, M|100/100\n|switch|p1b: Calyrex|Calyrex-Ice, L50|100/100\n|switch|p2a: Miraidon|Miraidon, L50, shiny|100/100\n|switch|p2b: Iron Hands|Iron Hands, L50|100/100\n|-ability|p1b: Calyrex|As One\n|-ability|p1b: Calyrex|Unnerve\n|-fieldstart|move: Electric Terrain|[from] ability: Hadron Engine|[of] p2a: Miraidon\n|-activate|p2b: Iron Hands|ability: Quark Drive\n|-start|p2b: Iron Hands|quarkdriveatk\n|-ability|p1a: Incineroar|Intimidate|boost\n|-unboost|p2a: Miraidon|atk|1\n|-unboost|p2b: Iron Hands|atk|1\n|turn|1\n|\n|t:|1771986480\n|switch|p2a: Zamazenta|Zamazenta-Crowned, L50, shiny|100/100\n|-ability|p2a: Zamazenta|Dauntless Shield|boost\n|-boost|p2a: Zamazenta|def|1\n|move|p1a: Incineroar|Fake Out|p2a: Zamazenta\n|-resisted|p2a: Zamazenta\n|-crit|p2a: Zamazenta\n|-damage|p2a: Zamazenta|96/100\n|move|p2b: Iron Hands|Fake Out|p1b: Calyrex\n|-damage|p1b: Calyrex|92/100\n|cant|p1b: Calyrex|flinch\n|\n|-heal|p1b: Calyrex|98/100|[from] item: Leftovers\n|upkeep\n|turn|2\n|\n|t:|1771986506\n|move|p2a: Zamazenta|Body Press|p1a: Incineroar\n|-supereffective|p1a: Incineroar\n|-damage|p1a: Incineroar|0 fnt\n|faint|p1a: Incineroar\n|move|p1b: Calyrex|Leech Seed|p2a: Zamazenta\n|-start|p2a: Zamazenta|move: Leech Seed\n|move|p2b: Iron Hands|Low Kick|p1b: Calyrex\n|-damage|p1b: Calyrex|64/100\n|\n|-heal|p1b: Calyrex|70/100|[from] item: Leftovers\n|-damage|p2a: Zamazenta|84/100|[from] Leech Seed|[of] p1b: Calyrex\n|-heal|p1b: Calyrex|80/100|[silent]\n|upkeep\n|\n|t:|1771986517\n|switch|p1a: Landorus|Landorus, L50, M|100/100\n|turn|3\n|\n|t:|1771986543\n|-end|p2b: Iron Hands|Quark Drive|[silent]\n|switch|p2b: Riolu|Riolu, L50, M|100/100\n|-terastallize|p1b: Calyrex|Fairy\n|move|p2a: Zamazenta|Protect|p2a: Zamazenta\n|-singleturn|p2a: Zamazenta|Protect\n|move|p1a: Landorus|Sandsear Storm|p2b: Riolu|[spread] \n|-activate|p2a: Zamazenta|move: Protect\n|-miss|p1a: Landorus|p2b: Riolu\n|move|p1b: Calyrex|Leech Seed|p2b: Riolu\n|-start|p2b: Riolu|move: Leech Seed\n|\n|-heal|p1b: Calyrex|86/100|[from] item: Leftovers\n|-damage|p2a: Zamazenta|71/100|[from] Leech Seed|[of] p1b: Calyrex\n|-heal|p1b: Calyrex|97/100|[silent]\n|-damage|p2b: Riolu|88/100|[from] Leech Seed|[of] p1b: Calyrex\n|-heal|p1b: Calyrex|100/100|[silent]\n|upkeep\n|turn|4\n|\n|t:|1771986570\n|move|p2b: Riolu|Coaching|p2a: Zamazenta\n|-boost|p2a: Zamazenta|atk|1\n|-boost|p2a: Zamazenta|def|1\n|move|p2a: Zamazenta|Behemoth Bash|p1b: Calyrex\n|-supereffective|p1b: Calyrex\n|-damage|p1b: Calyrex|31/100\n|move|p1a: Landorus|Earth Power|p2a: Zamazenta\n|-supereffective|p2a: Zamazenta\n|-damage|p2a: Zamazenta|0 fnt\n|faint|p2a: Zamazenta\n|move|p1b: Calyrex|Glacial Lance|p2b: Riolu\n|-damage|p2b: Riolu|0 fnt\n|faint|p2b: Riolu\n|-ability|p1b: Calyrex|Chilling Neigh|boost\n|-boost|p1b: Calyrex|atk|1\n|\n|-heal|p1b: Calyrex|37/100|[from] item: Leftovers\n|upkeep\n|\n|t:|1771986577\n|switch|p2a: Miraidon|Miraidon, L50, shiny|100/100\n|switch|p2b: Iron Hands|Iron Hands, L50|100/100\n|-activate|p2a: Miraidon|ability: Hadron Engine\n|-activate|p2b: Iron Hands|ability: Quark Drive\n|-start|p2b: Iron Hands|quarkdriveatk\n|turn|5\n|\n|t:|1771986593\n|-terastallize|p2a: Miraidon|Fairy\n|move|p1a: Landorus|Protect|p1a: Landorus\n|-singleturn|p1a: Landorus|Protect\n|move|p1b: Calyrex|Protect|p1b: Calyrex\n|-singleturn|p1b: Calyrex|Protect\n|move|p2b: Iron Hands|Fake Out|p1b: Calyrex\n|-activate|p1b: Calyrex|move: Protect\n|move|p2a: Miraidon|Dazzling Gleam|p1b: Calyrex|[spread] \n|-activate|p1a: Landorus|move: Protect\n|-activate|p1b: Calyrex|move: Protect\n|\n|-heal|p1b: Calyrex|43/100|[from] item: Leftovers\n|-fieldend|move: Electric Terrain\n|-end|p2b: Iron Hands|Quark Drive\n|upkeep\n|turn|6\n|\n|t:|1771986621\n|move|p2a: Miraidon|Dazzling Gleam|p1a: Landorus|[spread] p1a,p1b\n|-damage|p1a: Landorus|50/100\n|-damage|p1b: Calyrex|13/100\n|move|p1a: Landorus|Sludge Bomb|p2a: Miraidon\n|-supereffective|p2a: Miraidon\n|-damage|p2a: Miraidon|14/100\n|move|p1b: Calyrex|Leech Seed|p2a: Miraidon\n|-start|p2a: Miraidon|move: Leech Seed\n|move|p2b: Iron Hands|Drain Punch|p1a: Landorus\n|-resisted|p1a: Landorus\n|-damage|p1a: Landorus|27/100\n|\n|-heal|p1b: Calyrex|19/100|[from] item: Leftovers\n|-damage|p2a: Miraidon|2/100|[from] Leech Seed|[of] p1b: Calyrex\n|-heal|p1b: Calyrex|29/100|[silent]\n|upkeep\n|turn|7\n|-message|alexit93 forfeited.\n|\n|win|QianSuiii\n|raw|QianSuiii's rating: 1449 &rarr; <strong>1465</strong><br />(+16 for winning)\n|raw|alexit93's rating: 1377 &rarr; <strong>1361</strong><br />(-16 for losing)\n|l|\u2606alexit93\n|player|p2|\n|l|\u2606QianSuiii\n|player|p1|\n","uploadtime":1771986893,"views":12,"formatid":"gen9vgc2026regi","rating":1361,"private":0,"password":null}