{"id":"gen9vgc2026regi-2550165402","format":"[Gen 9] VGC 2026 Reg I","players":["ryushinyuki","drive stone"],"log":"|j|\u2606ryushinyuki\n|j|\u2606drive stone\n|t:|1772462448\n|gametype|doubles\n|player|p1|ryushinyuki|169|1413\n|player|p2|drive stone|cilan|1592\n|gen|9\n|tier|[Gen 9] VGC 2026 Reg I\n|rated|\n|rule|Species Clause: Limit one of each Pok\u00e9mon\n|rule|Item Clause: Limit 1 of each item\n|clearpoke\n|poke|p1|Calyrex-Ice, L50|\n|poke|p1|Indeedee-F, L50, F|\n|poke|p1|Lunala, L50|\n|poke|p1|Smeargle, L50, M|\n|poke|p1|Murkrow, L50, F|\n|poke|p1|Torkoal, L50, M|\n|poke|p2|Calyrex-Ice, L50|\n|poke|p2|Farigiraf, L50, M|\n|poke|p2|Scraggy, L50, M|\n|poke|p2|Iron Treads, L50|\n|poke|p2|Iron Hands, L50|\n|poke|p2|Miraidon, L50|\n|teampreview|4\n|\n|t:|1772462480\n|teamsize|p1|4\n|teamsize|p2|4\n|start\n|switch|p1a: Calyrex|Calyrex-Ice, L50|100/100\n|switch|p1b: Indeedee|Indeedee-F, L50, F|100/100\n|switch|p2a: Farigiraf|Farigiraf, L50, M|100/100\n|switch|p2b: Miraidon|Miraidon, L50|100/100\n|-ability|p1a: Calyrex|As One\n|-ability|p1a: Calyrex|Unnerve\n|-fieldstart|move: Electric Terrain|[from] ability: Hadron Engine|[of] p2b: Miraidon\n|-enditem|p2a: Farigiraf|Electric Seed\n|-boost|p2a: Farigiraf|def|1|[from] item: Electric Seed\n|-fieldstart|move: Psychic Terrain|[from] ability: Psychic Surge|[of] p1b: Indeedee\n|turn|1\n|\n|t:|1772462501\n|move|p1b: Indeedee|Follow Me|p1b: Indeedee\n|-singleturn|p1b: Indeedee|move: Follow Me\n|move|p2b: Miraidon|Volt Switch|p1b: Indeedee\n|-damage|p1b: Indeedee|37/100\n|\n|t:|1772462506\n|switch|p2b: Calyrex|Calyrex-Ice, L50|100/100|[from] Volt Switch\n|-ability|p2b: Calyrex|As One\n|-ability|p2b: Calyrex|Unnerve\n|move|p2a: Farigiraf|Foul Play|p1b: Indeedee\n|-supereffective|p1b: Indeedee\n|-damage|p1b: Indeedee|17/100\n|move|p1a: Calyrex|Glacial Lance|p2a: Farigiraf|[spread] p2a,p2b\n|-resisted|p2b: Calyrex\n|-damage|p2a: Farigiraf|72/100\n|-damage|p2b: Calyrex|85/100\n|\n|upkeep\n|turn|2\n|\n|t:|1772462535\n|move|p1b: Indeedee|Dazzling Gleam|p2a: Farigiraf|[spread] p2a,p2b\n|-damage|p2a: Farigiraf|59/100\n|-damage|p2b: Calyrex|76/100\n|move|p1a: Calyrex|Glacial Lance|p2b: Calyrex|[spread] p2a,p2b\n|-resisted|p2b: Calyrex\n|-damage|p2a: Farigiraf|29/100\n|-damage|p2b: Calyrex|60/100\n|move|p2b: Calyrex|Glacial Lance|p1b: Indeedee|[spread] p1a,p1b\n|-resisted|p1a: Calyrex\n|-damage|p1a: Calyrex|82/100\n|-damage|p1b: Indeedee|0 fnt\n|faint|p1b: Indeedee\n|-ability|p2b: Calyrex|Chilling Neigh|boost\n|-boost|p2b: Calyrex|atk|1\n|move|p2a: Farigiraf|Trick Room|p2a: Farigiraf\n|-fieldstart|move: Trick Room|[of] p2a: Farigiraf\n|\n|upkeep\n|\n|t:|1772462549\n|switch|p1b: Torkoal|Torkoal, L50, M|100/100\n|-weather|SunnyDay|[from] ability: Drought|[of] p1b: Torkoal\n|turn|3\n|\n|t:|1772462575\n|-terastallize|p2b: Calyrex|Fire\n|move|p2a: Farigiraf|Helping Hand|p2b: Calyrex\n|-singleturn|p2b: Calyrex|Helping Hand|[of] p2a: Farigiraf\n|move|p1b: Torkoal|Protect|p1b: Torkoal\n|-singleturn|p1b: Torkoal|Protect\n|move|p1a: Calyrex|Protect|p1a: Calyrex\n|-singleturn|p1a: Calyrex|Protect\n|move|p2b: Calyrex|High Horsepower|p1b: Torkoal\n|-activate|p1b: Torkoal|move: Protect\n|\n|-weather|SunnyDay|[upkeep]\n|upkeep\n|turn|4\n|\n|t:|1772462593\n|move|p2a: Farigiraf|Helping Hand|p2b: Calyrex\n|-singleturn|p2b: Calyrex|Helping Hand|[of] p2a: Farigiraf\n|move|p1b: Torkoal|Eruption|p2a: Farigiraf|[spread] p2a,p2b\n|-resisted|p2b: Calyrex\n|-damage|p2a: Farigiraf|0 fnt\n|-damage|p2b: Calyrex|31/100\n|faint|p2a: Farigiraf\n|move|p2b: Calyrex|High Horsepower|p1b: Torkoal\n|-supereffective|p1b: Torkoal\n|-damage|p1b: Torkoal|0 fnt\n|faint|p1b: Torkoal\n|-ability|p2b: Calyrex|Chilling Neigh|boost\n|-boost|p2b: Calyrex|atk|1\n|move|p1a: Calyrex|Glacial Lance|p2b: Calyrex\n|-resisted|p2b: Calyrex\n|-damage|p2b: Calyrex|9/100\n|\n|-weather|SunnyDay|[upkeep]\n|upkeep\n|\n|t:|1772462616\n|switch|p1b: Smeargle|Smeargle, L50, M|100/100\n|switch|p2a: Iron Hands|Iron Hands, L50|100/100\n|turn|5\n|\n|t:|1772462627\n|move|p1b: Smeargle|Wide Guard|p1b: Smeargle\n|-singleturn|p1b: Smeargle|Wide Guard\n|move|p2b: Calyrex|Glacial Lance|p1a: Calyrex|[spread] \n|-activate|p1a: Calyrex|move: Wide Guard\n|-activate|p1b: Smeargle|move: Wide Guard\n|move|p2a: Iron Hands|Drain Punch|p1b: Smeargle\n|-supereffective|p1b: Smeargle\n|-enditem|p1b: Smeargle|Focus Sash\n|-damage|p1b: Smeargle|1/100\n|move|p1a: Calyrex|Glacial Lance|p2a: Iron Hands|[spread] p2a,p2b\n|-resisted|p2b: Calyrex\n|-damage|p2a: Iron Hands|64/100\n|-damage|p2b: Calyrex|0 fnt\n|faint|p2b: Calyrex\n|-ability|p1a: Calyrex|Chilling Neigh|boost\n|-boost|p1a: Calyrex|atk|1\n|\n|-weather|SunnyDay|[upkeep]\n|-fieldend|move: Psychic Terrain\n|-ability|p1b: Smeargle|Moody|boost\n|-boost|p1b: Smeargle|atk|2\n|-unboost|p1b: Smeargle|def|1\n|upkeep\n|\n|t:|1772462649\n|switch|p2b: Miraidon|Miraidon, L50|100/100\n|-fieldstart|move: Electric Terrain|[from] ability: Hadron Engine|[of] p2b: Miraidon\n|-activate|p2a: Iron Hands|ability: Quark Drive\n|-start|p2a: Iron Hands|quarkdriveatk\n|turn|6\n|\n|t:|1772462667\n|move|p1a: Calyrex|Protect|p1a: Calyrex\n|-singleturn|p1a: Calyrex|Protect\n|move|p2a: Iron Hands|Low Kick|p1a: Calyrex\n|-activate|p1a: Calyrex|move: Protect\n|move|p1b: Smeargle|Decorate|p1a: Calyrex\n|-boost|p1a: Calyrex|atk|2\n|-boost|p1a: Calyrex|spa|2\n|move|p2b: Miraidon|Electro Drift|p1a: Calyrex\n|-activate|p1a: Calyrex|move: Protect\n|\n|-weather|SunnyDay|[upkeep]\n|-fieldend|move: Trick Room\n|-ability|p1b: Smeargle|Moody|boost\n|-boost|p1b: Smeargle|spe|2\n|-unboost|p1b: Smeargle|spd|1\n|upkeep\n|turn|7\n|\n|t:|1772462687\n|move|p1b: Smeargle|Follow Me|p1b: Smeargle\n|-singleturn|p1b: Smeargle|move: Follow Me\n|move|p2b: Miraidon|Electro Drift|p1b: Smeargle\n|-damage|p1b: Smeargle|0 fnt\n|faint|p1b: Smeargle\n|move|p1a: Calyrex|Glacial Lance|p2b: Miraidon|[spread] p2a,p2b\n|-supereffective|p2b: Miraidon\n|-damage|p2a: Iron Hands|0 fnt\n|-damage|p2b: Miraidon|0 fnt\n|faint|p2a: Iron Hands\n|-end|p2a: Iron Hands|Quark Drive|[silent]\n|faint|p2b: Miraidon\n|\n|win|ryushinyuki\n|raw|ryushinyuki's rating: 1413 &rarr; <strong>1442</strong><br />(+29 for winning)\n|raw|drive stone's rating: 1592 &rarr; <strong>1563</strong><br />(-29 for losing)\n|l|\u2606drive stone\n|player|p2|\n|l|\u2606ryushinyuki\n|player|p1|\n","uploadtime":1772462861,"views":13,"formatid":"gen9vgc2026regi","rating":1442,"private":0,"password":null}