{"id":"gen9vgc2026regi-2570059698","format":"[Gen 9] VGC 2026 Reg I","players":["rocky262","1VLTSQ Joker"],"log":"|raw|<div class=\"broadcast-blue\"><strong>This battle is required to be public due to a player having a name starting with '1vltsq'.</div>\n|j|\u203drocky262\n|j|\u26061VLTSQ Joker\n|t:|1774763177\n|gametype|doubles\n|player|p1|rocky262|266|1408\n|player|p2|1VLTSQ Joker|blue|1520\n|gen|9\n|tier|[Gen 9] VGC 2026 Reg I\n|rated|\n|rule|Species Clause: Limit one of each Pok\u00e9mon\n|rule|Item Clause: Limit 1 of each item\n|clearpoke\n|poke|p1|Kyogre, L50|\n|poke|p1|Calyrex-Ice, L50|\n|poke|p1|Urshifu-*, L50, M|\n|poke|p1|Roaring Moon, L50|\n|poke|p1|Flutter Mane, L50|\n|poke|p1|Amoonguss, L50, F|\n|poke|p2|Calyrex-Ice, L50|\n|poke|p2|Smeargle, L50, M|\n|poke|p2|Kyogre, L50|\n|poke|p2|Maushold, L50|\n|poke|p2|Volcarona, L50, F|\n|poke|p2|Flamigo, L50, M|\n|teampreview|4\n|inactive|Battle timer is ON: inactive players will automatically lose when time's up. (requested by rocky262)\n|\n|t:|1774763192\n|teamsize|p1|4\n|teamsize|p2|4\n|start\n|switch|p1a: Kyogre|Kyogre, L50, shiny|100/100\n|switch|p1b: Flutter Mane|Flutter Mane, L50, shiny|100/100\n|switch|p2a: Calyrex|Calyrex-Ice, L50|100/100\n|switch|p2b: Smeargle|Smeargle, L50, M|100/100\n|-ability|p2a: Calyrex|As One\n|-ability|p2a: Calyrex|Unnerve\n|-weather|RainDance|[from] ability: Drizzle|[of] p1a: Kyogre\n|turn|1\n|inactive|1VLTSQ Joker has 30 seconds left.\n|\n|t:|1774763218\n|-terastallize|p2a: Calyrex|Grass\n|move|p2b: Smeargle|Fake Out|p1a: Kyogre\n|-damage|p1a: Kyogre|95/100\n|move|p1b: Flutter Mane|Taunt|p2b: Smeargle\n|-start|p2b: Smeargle|move: Taunt\n|cant|p1a: Kyogre|flinch\n|move|p2a: Calyrex|Glacial Lance|p1b: Flutter Mane|[spread] p1a,p1b\n|-resisted|p1a: Kyogre\n|-damage|p1a: Kyogre|67/100\n|-enditem|p1b: Flutter Mane|Focus Sash\n|-damage|p1b: Flutter Mane|1/100\n|\n|-weather|RainDance|[upkeep]\n|-ability|p2b: Smeargle|Moody|boost\n|-boost|p2b: Smeargle|spd|2\n|-unboost|p2b: Smeargle|spe|1\n|upkeep\n|turn|2\n|inactive|rocky262 has 30 seconds left.\n|\n|t:|1774763246\n|switch|p2b: Maushold|Maushold, L50|100/100\n|move|p1b: Flutter Mane|Moonblast|p2b: Maushold\n|-crit|p2b: Maushold\n|-damage|p2b: Maushold|0 fnt\n|faint|p2b: Maushold\n|move|p1a: Kyogre|Water Spout|p2a: Calyrex\n|-resisted|p2a: Calyrex\n|-damage|p2a: Calyrex|73/100\n|move|p2a: Calyrex|Glacial Lance|p1b: Flutter Mane|[spread] p1a,p1b\n|-resisted|p1a: Kyogre\n|-damage|p1a: Kyogre|40/100\n|-damage|p1b: Flutter Mane|0 fnt\n|faint|p1b: Flutter Mane\n|-end|p1b: Flutter Mane|Protosynthesis|[silent]\n|-ability|p2a: Calyrex|Chilling Neigh|boost\n|-boost|p2a: Calyrex|atk|1\n|\n|-weather|RainDance|[upkeep]\n|upkeep\n|inactive|1VLTSQ Joker has 30 seconds left.\n|\n|t:|1774763277\n|switch|p1b: Urshifu|Urshifu-Rapid-Strike, L50, M|100/100\n|switch|p2b: Smeargle|Smeargle, L50, M|100/100\n|turn|3\n|\n|t:|1774763290\n|-terastallize|p1b: Urshifu|Ghost\n|move|p2b: Smeargle|Fake Out|p1b: Urshifu\n|-immune|p1b: Urshifu\n|move|p1b: Urshifu|Surging Strikes|p2b: Smeargle\n|-crit|p2b: Smeargle\n|-damage|p2b: Smeargle|17/100\n|-crit|p2b: Smeargle\n|-damage|p2b: Smeargle|0 fnt\n|faint|p2b: Smeargle\n|-hitcount|p2: Smeargle|2\n|move|p1a: Kyogre|Origin Pulse|p2a: Calyrex|[miss]\n|-miss|p1a: Kyogre|p2a: Calyrex\n|move|p2a: Calyrex|Seed Bomb|p1b: Urshifu\n|-damage|p1b: Urshifu|23/100\n|\n|-weather|RainDance|[upkeep]\n|upkeep\n|\n|t:|1774763308\n|switch|p2b: Kyogre|Kyogre, L50|100/100\n|turn|4\n|\n|t:|1774763322\n|move|p2b: Kyogre|Water Spout|p1a: Kyogre|[spread] p1a,p1b\n|-resisted|p1a: Kyogre\n|-damage|p1a: Kyogre|4/100\n|-damage|p1b: Urshifu|0 fnt\n|faint|p1b: Urshifu\n|move|p1a: Kyogre|Origin Pulse|p2a: Calyrex|[spread] p2b\n|-miss|p1a: Kyogre|p2a: Calyrex\n|-resisted|p2b: Kyogre\n|-damage|p2b: Kyogre|66/100\n|move|p2a: Calyrex|Glacial Lance|p1a: Kyogre\n|-resisted|p1a: Kyogre\n|-damage|p1a: Kyogre|0 fnt\n|faint|p1a: Kyogre\n|-ability|p2a: Calyrex|Chilling Neigh|boost\n|-boost|p2a: Calyrex|atk|1\n|\n|-weather|RainDance|[upkeep]\n|upkeep\n|c|\u26061VLTSQ Joker|what goes around huh\n|\n|t:|1774763327\n|switch|p1b: Calyrex|Calyrex-Ice, L50|100/100\n|-ability|p1b: Calyrex|As One\n|-ability|p1b: Calyrex|Unnerve\n|turn|5\n|n|\u203drocky262|rocky262\n|\n|t:|1774763335\n|move|p2b: Kyogre|Water Spout|p1b: Calyrex\n|-damage|p1b: Calyrex|45/100\n|move|p2a: Calyrex|Crunch|p1b: Calyrex\n|-supereffective|p1b: Calyrex\n|-damage|p1b: Calyrex|0 fnt\n|faint|p1b: Calyrex\n|\n|win|1VLTSQ Joker\n|raw|rocky262's rating: 1394 &rarr; <strong>1381</strong><br />(-13 for losing)\n|raw|1VLTSQ Joker's rating: 1520 &rarr; <strong>1533</strong><br />(+13 for winning)\n|l|\u26061VLTSQ Joker\n|player|p2|\n","uploadtime":1774763556,"views":10,"formatid":"gen9vgc2026regi","rating":1381,"private":0,"password":null}