{"id":"gen9vgc2026regi-2546263212","format":"[Gen 9] VGC 2026 Reg I","players":["Rangeroverbus","Schimmli"],"log":"|j|\u2606Rangeroverbus\n|j|\u2606Schimmli\n|t:|1771948618\n|gametype|doubles\n|player|p1|Rangeroverbus|102|1470\n|player|p2|Schimmli|2|1490\n|gen|9\n|tier|[Gen 9] VGC 2026 Reg I\n|rated|\n|rule|Species Clause: Limit one of each Pok\u00e9mon\n|rule|Item Clause: Limit 1 of each item\n|clearpoke\n|poke|p1|Miraidon, L50|\n|poke|p1|Calyrex-Ice, L50|\n|poke|p1|Flutter Mane, L50|\n|poke|p1|Chi-Yu, L50|\n|poke|p1|Urshifu-*, L50, M|\n|poke|p1|Iron Hands, L50|\n|poke|p2|Terapagos, L50, M|\n|poke|p2|Calyrex-Shadow, L50|\n|poke|p2|Flutter Mane, L50|\n|poke|p2|Ogerpon-Cornerstone, L50, F|\n|poke|p2|Incineroar, L50, M|\n|poke|p2|Rillaboom, L50, F|\n|teampreview|4\n|\n|t:|1771948642\n|teamsize|p1|4\n|teamsize|p2|4\n|start\n|switch|p1a: Miraidon|Miraidon, L50|100/100\n|switch|p1b: Chi-Yu|Chi-Yu, L50|100/100\n|switch|p2a: Terapagos|Terapagos, L50, M|100/100\n|switch|p2b: Rillaboom|Rillaboom, L50, F|100/100\n|-activate|p2a: Terapagos|ability: Tera Shift\n|detailschange|p2a: Terapagos|Terapagos-Terastal, L50, M\n|-heal|p2a: Terapagos|100/100|[silent]\n|-ability|p1b: Chi-Yu|Beads of Ruin\n|-fieldstart|move: Electric Terrain|[from] ability: Hadron Engine|[of] p1a: Miraidon\n|-fieldstart|move: Grassy Terrain|[from] ability: Grassy Surge|[of] p2b: Rillaboom\n|turn|1\n|inactive|Battle timer is ON: inactive players will automatically lose when time's up. (requested by Rangeroverbus)\n|\n|t:|1771948659\n|move|p2b: Rillaboom|Fake Out|p1b: Chi-Yu\n|-damage|p1b: Chi-Yu|78/100\n|cant|p1b: Chi-Yu|flinch\n|move|p1a: Miraidon|Volt Switch|p2b: Rillaboom\n|-resisted|p2b: Rillaboom\n|-damage|p2b: Rillaboom|85/100\n|\n|t:|1771948670\n|switch|p1a: Urshifu|Urshifu, L50, M|100/100|[from] Volt Switch\n|move|p2a: Terapagos|Calm Mind|p2a: Terapagos\n|-boost|p2a: Terapagos|spa|1\n|-boost|p2a: Terapagos|spd|1\n|\n|-heal|p1b: Chi-Yu|84/100|[from] Grassy Terrain\n|-heal|p2b: Rillaboom|91/100|[from] Grassy Terrain\n|upkeep\n|turn|2\n|\n|t:|1771948685\n|switch|p2b: Incineroar|Incineroar, L50, M, shiny|100/100\n|-ability|p2b: Incineroar|Intimidate|boost\n|-unboost|p1a: Urshifu|atk|1\n|-unboost|p1b: Chi-Yu|atk|1\n|move|p2a: Terapagos|Protect|p2a: Terapagos\n|-singleturn|p2a: Terapagos|Protect\n|move|p1b: Chi-Yu|Heat Wave|p2a: Terapagos|[spread] p2b\n|-activate|p2a: Terapagos|move: Protect\n|-resisted|p2b: Incineroar\n|-damage|p2b: Incineroar|74/100\n|move|p1a: Urshifu|Wicked Blow|p2a: Terapagos\n|-activate|p2a: Terapagos|ability: Tera Shell\n|-resisted|p2a: Terapagos\n|-crit|p2a: Terapagos\n|-damage|p2a: Terapagos|77/100\n|\n|-heal|p1b: Chi-Yu|91/100|[from] Grassy Terrain\n|-heal|p2a: Terapagos|83/100|[from] Grassy Terrain\n|-heal|p2a: Terapagos|90/100|[from] item: Leftovers\n|-heal|p2b: Incineroar|80/100|[from] Grassy Terrain\n|upkeep\n|turn|3\n|\n|t:|1771948708\n|move|p1a: Urshifu|Detect|p1a: Urshifu\n|-singleturn|p1a: Urshifu|Protect\n|move|p2b: Incineroar|Fake Out|p1a: Urshifu\n|-activate|p1a: Urshifu|move: Protect\n|move|p1b: Chi-Yu|Heat Wave|p2a: Terapagos|[spread] p2a,p2b\n|-resisted|p2b: Incineroar\n|-damage|p2a: Terapagos|59/100\n|-damage|p2b: Incineroar|53/100\n|move|p2a: Terapagos|Tera Starstorm|p1a: Urshifu\n|-activate|p1a: Urshifu|move: Protect\n|\n|-heal|p1b: Chi-Yu|97/100|[from] Grassy Terrain\n|-heal|p2a: Terapagos|66/100|[from] Grassy Terrain\n|-heal|p2a: Terapagos|72/100|[from] item: Leftovers\n|-heal|p2b: Incineroar|59/100|[from] Grassy Terrain\n|upkeep\n|turn|4\n|\n|t:|1771948727\n|-terastallize|p1a: Urshifu|Stellar\n|-terastallize|p2a: Terapagos|Stellar\n|detailschange|p2a: Terapagos|Terapagos-Stellar, L50, M, tera:Stellar\n|-heal|p2a: Terapagos|79/100|[silent]\n|-ability|p2a: Terapagos|Teraform Zero\n|-fieldend|move: Grassy Terrain\n|move|p1b: Chi-Yu|Heat Wave|p2b: Incineroar|[spread] p2a,p2b\n|-resisted|p2b: Incineroar\n|-damage|p2a: Terapagos|57/100\n|-damage|p2b: Incineroar|36/100\n|move|p1a: Urshifu|Wicked Blow|p2a: Terapagos\n|-crit|p2a: Terapagos\n|-damage|p2a: Terapagos|9/100\n|move|p2a: Terapagos|Tera Starstorm|p1a: Urshifu|[spread] p1a,p1b\n|-supereffective|p1a: Urshifu\n|-enditem|p1a: Urshifu|Focus Sash\n|-damage|p1a: Urshifu|1/100\n|-damage|p1b: Chi-Yu|34/100\n|move|p2b: Incineroar|Knock Off|p1a: Urshifu\n|-resisted|p1a: Urshifu\n|-damage|p1a: Urshifu|0 fnt\n|faint|p1a: Urshifu\n|\n|-heal|p2a: Terapagos|15/100|[from] item: Leftovers\n|upkeep\n|inactive|Rangeroverbus has 30 seconds left.\n|\n|t:|1771948756\n|switch|p1a: Miraidon|Miraidon, L50|100/100\n|-fieldstart|move: Electric Terrain|[from] ability: Hadron Engine|[of] p1a: Miraidon\n|turn|5\n|\n|t:|1771948763\n|switch|p2b: Rillaboom|Rillaboom, L50, F|91/100\n|-fieldstart|move: Grassy Terrain|[from] ability: Grassy Surge|[of] p2b: Rillaboom\n|move|p2a: Terapagos|Protect|p2a: Terapagos\n|-singleturn|p2a: Terapagos|Protect\n|move|p1b: Chi-Yu|Heat Wave|p2a: Terapagos|[spread] \n|-activate|p2a: Terapagos|move: Protect\n|-miss|p1b: Chi-Yu|p2b: Rillaboom\n|move|p1a: Miraidon|Volt Switch|p2b: Rillaboom\n|-resisted|p2b: Rillaboom\n|-damage|p2b: Rillaboom|76/100\n|\n|t:|1771948772\n|switch|p1a: Flutter Mane|Flutter Mane, L50, shiny|100/100|[from] Volt Switch\n|-enditem|p1a: Flutter Mane|Booster Energy\n|-activate|p1a: Flutter Mane|ability: Protosynthesis|[fromitem]\n|-start|p1a: Flutter Mane|protosynthesisspe\n|\n|-heal|p1b: Chi-Yu|40/100|[from] Grassy Terrain\n|-heal|p2a: Terapagos|22/100|[from] Grassy Terrain\n|-heal|p2a: Terapagos|28/100|[from] item: Leftovers\n|-heal|p2b: Rillaboom|82/100|[from] Grassy Terrain\n|upkeep\n|turn|6\n|\n|t:|1771948786\n|move|p2b: Rillaboom|Fake Out|p1b: Chi-Yu\n|-damage|p1b: Chi-Yu|18/100\n|move|p1a: Flutter Mane|Moonblast|p2a: Terapagos\n|-damage|p2a: Terapagos|2/100\n|cant|p1b: Chi-Yu|flinch\n|move|p2a: Terapagos|Tera Starstorm|p1a: Flutter Mane|[spread] p1a,p1b\n|-damage|p1a: Flutter Mane|38/100\n|-damage|p1b: Chi-Yu|0 fnt\n|faint|p1b: Chi-Yu\n|\n|-heal|p1a: Flutter Mane|44/100|[from] Grassy Terrain\n|-heal|p2a: Terapagos|8/100|[from] Grassy Terrain\n|-heal|p2a: Terapagos|14/100|[from] item: Leftovers\n|-heal|p2b: Rillaboom|88/100|[from] Grassy Terrain\n|upkeep\n|\n|t:|1771948791\n|switch|p1b: Miraidon|Miraidon, L50|100/100\n|-fieldstart|move: Electric Terrain|[from] ability: Hadron Engine|[of] p1b: Miraidon\n|turn|7\n|\n|t:|1771948805\n|switch|p2b: Incineroar|Incineroar, L50, M, shiny|36/100\n|-ability|p2b: Incineroar|Intimidate|boost\n|-unboost|p1a: Flutter Mane|atk|1\n|-unboost|p1b: Miraidon|atk|1\n|move|p2a: Terapagos|Protect|p2a: Terapagos\n|-singleturn|p2a: Terapagos|Protect\n|move|p1a: Flutter Mane|Moonblast|p2b: Incineroar\n|-damage|p2b: Incineroar|0 fnt\n|faint|p2b: Incineroar\n|move|p1b: Miraidon|Electro Drift|p2a: Terapagos\n|-activate|p2a: Terapagos|move: Protect\n|\n|-heal|p2a: Terapagos|20/100|[from] item: Leftovers\n|upkeep\n|\n|t:|1771948821\n|switch|p2b: Rillaboom|Rillaboom, L50, F|88/100\n|-fieldstart|move: Grassy Terrain|[from] ability: Grassy Surge|[of] p2b: Rillaboom\n|turn|8\n|inactive|Schimmli has 30 seconds left.\n|inactive|Schimmli has 20 seconds left.\n|inactive|Schimmli has 15 seconds left.\n|inactive|Schimmli has 10 seconds left.\n|inactive|Schimmli has 5 seconds left.\n|\n|t:|1771948871\n|move|p2b: Rillaboom|Fake Out|p1b: Miraidon\n|-damage|p1b: Miraidon|88/100\n|move|p1a: Flutter Mane|Moonblast|p2b: Rillaboom\n|-damage|p2b: Rillaboom|58/100\n|move|p1b: Miraidon|Electro Drift|p2a: Terapagos\n|-damage|p2a: Terapagos|0 fnt\n|faint|p2a: Terapagos\n|detailschange|p2: Terapagos|Terapagos, L50, M|[silent]\n|\n|-heal|p1a: Flutter Mane|50/100|[from] Grassy Terrain\n|-heal|p1b: Miraidon|94/100|[from] Grassy Terrain\n|-heal|p2b: Rillaboom|64/100|[from] Grassy Terrain\n|upkeep\n|\n|t:|1771948884\n|switch|p2a: Calyrex|Calyrex-Shadow, L50|100/100\n|-ability|p2a: Calyrex|As One\n|-ability|p2a: Calyrex|Unnerve\n|turn|9\n|\n|t:|1771948907\n|move|p1a: Flutter Mane|Protect|p1a: Flutter Mane\n|-singleturn|p1a: Flutter Mane|Protect\n|move|p2a: Calyrex|Protect|p2a: Calyrex\n|-singleturn|p2a: Calyrex|Protect\n|move|p2b: Rillaboom|Grassy Glide|p1a: Flutter Mane\n|-activate|p1a: Flutter Mane|move: Protect\n|move|p1b: Miraidon|Draco Meteor|p2b: Rillaboom\n|-damage|p2b: Rillaboom|23/100\n|-unboost|p1b: Miraidon|spa|2\n|\n|-heal|p1a: Flutter Mane|56/100|[from] Grassy Terrain\n|-heal|p1b: Miraidon|100/100|[from] Grassy Terrain\n|-heal|p2b: Rillaboom|29/100|[from] Grassy Terrain\n|upkeep\n|turn|10\n|inactive|Schimmli has 30 seconds left.\n|\n|t:|1771948935\n|move|p2b: Rillaboom|Grassy Glide|p1a: Flutter Mane\n|-damage|p1a: Flutter Mane|0 fnt\n|faint|p1a: Flutter Mane\n|-end|p1a: Flutter Mane|Protosynthesis|[silent]\n|move|p2a: Calyrex|Astral Barrage|p1b: Miraidon\n|-damage|p1b: Miraidon|34/100\n|move|p1b: Miraidon|Draco Meteor|p2b: Rillaboom\n|-damage|p2b: Rillaboom|7/100\n|-unboost|p1b: Miraidon|spa|2\n|\n|-heal|p1b: Miraidon|40/100|[from] Grassy Terrain\n|-heal|p2b: Rillaboom|13/100|[from] Grassy Terrain\n|upkeep\n|turn|11\n|-message|Rangeroverbus forfeited.\n|\n|win|Schimmli\n|raw|Rangeroverbus's rating: 1470 &rarr; <strong>1451</strong><br />(-19 for losing)\n|raw|Schimmli's rating: 1490 &rarr; <strong>1509</strong><br />(+19 for winning)\n|l|\u2606Rangeroverbus\n|player|p1|\n|l|\u2606Schimmli\n|player|p2|\n","uploadtime":1771949091,"views":21,"formatid":"gen9vgc2026regi","rating":1451,"private":0,"password":null}