{"id":"gen9vgc2026regi-2568506168","format":"[Gen 9] VGC 2026 Reg I","players":["TP43","jerry rivera"],"log":"|j|\u2606TP43\n|j|\u2606jerry rivera\n|t:|1774587127\n|gametype|doubles\n|player|p1|TP43|lady-gen4|1322\n|player|p2|jerry rivera|silver|1428\n|gen|9\n|tier|[Gen 9] VGC 2026 Reg I\n|rated|\n|rule|Species Clause: Limit one of each Pok\u00e9mon\n|rule|Item Clause: Limit 1 of each item\n|clearpoke\n|poke|p1|Calyrex-Ice, L50|\n|poke|p1|Koraidon, L50|\n|poke|p1|Chi-Yu, L50|\n|poke|p1|Scovillain, L50, F|\n|poke|p1|Indeedee-F, L50, F|\n|poke|p2|Kyogre, L50|\n|poke|p2|Calyrex-Shadow, L50|\n|poke|p2|Tornadus, L50, M|\n|poke|p2|Farigiraf, L50, M|\n|poke|p2|Urshifu-*, L50, M|\n|poke|p2|Ditto, L50|\n|teampreview|4\n|inactive|Battle timer is ON: inactive players will automatically lose when time's up. (requested by TP43)\n|inactive|jerry rivera has 60 seconds left.\n|\n|t:|1774587177\n|teamsize|p1|4\n|teamsize|p2|4\n|start\n|switch|p1a: Calyrex|Calyrex-Ice, L50|100/100\n|switch|p1b: Scovillain|Scovillain, L50, F|100/100\n|switch|p2a: Tornadus|Tornadus, L50, M|100/100\n|switch|p2b: Kyogre|Kyogre, L50|100/100\n|-ability|p1a: Calyrex|As One\n|-ability|p1a: Calyrex|Unnerve\n|-weather|RainDance|[from] ability: Drizzle|[of] p2b: Kyogre\n|turn|1\n|inactive|TP43 has 30 seconds left.\n|inactive|TP43 has 20 seconds left.\n|\n|t:|1774587213\n|-terastallize|p2b: Kyogre|Ghost\n|-terastallize|p1a: Calyrex|Water\n|move|p2a: Tornadus|Rain Dance||[still]\n|-fail|p2a: Tornadus\n|move|p2b: Kyogre|Water Spout|p1b: Scovillain|[spread] p1a,p1b\n|-resisted|p1a: Calyrex\n|-damage|p1a: Calyrex|65/100\n|-enditem|p1b: Scovillain|Focus Sash\n|-damage|p1b: Scovillain|1/100\n|move|p1b: Scovillain|Spicy Extract|p2b: Kyogre\n|-boost|p2b: Kyogre|atk|2\n|-unboost|p2b: Kyogre|def|2\n|move|p1a: Calyrex|Glacial Lance|p2b: Kyogre|[spread] p2a,p2b\n|-supereffective|p2a: Tornadus\n|-enditem|p2a: Tornadus|Focus Sash\n|-damage|p2a: Tornadus|1/100\n|-damage|p2b: Kyogre|0 fnt\n|faint|p2b: Kyogre\n|-ability|p1a: Calyrex|Chilling Neigh|boost\n|-boost|p1a: Calyrex|atk|1\n|\n|-weather|RainDance|[upkeep]\n|upkeep\n|\n|t:|1774587229\n|switch|p2b: Vino|Calyrex-Shadow, L50|100/100\n|-ability|p2b: Vino|As One\n|-ability|p2b: Vino|Unnerve\n|turn|2\n|\n|t:|1774587244\n|switch|p1b: Koraidon|Koraidon, L50|100/100\n|-weather|SunnyDay|[from] ability: Orichalcum Pulse|[of] p1b: Koraidon\n|-activate|p1b: Koraidon|Orichalcum Pulse|[source]\n|move|p2b: Vino|Astral Barrage|p1a: Calyrex|[spread] p1a,p1b\n|-damage|p1a: Calyrex|16/100\n|-damage|p1b: Koraidon|30/100\n|-damage|p2b: Vino|91/100|[from] item: Life Orb\n|move|p2a: Tornadus|Bleakwind Storm|p1b: Koraidon|[spread] p1a,p1b\n|-supereffective|p1b: Koraidon\n|-damage|p1a: Calyrex|0 fnt\n|-damage|p1b: Koraidon|0 fnt\n|faint|p1a: Calyrex\n|faint|p1b: Koraidon\n|\n|-weather|SunnyDay|[upkeep]\n|upkeep\n|\n|t:|1774587257\n|switch|p1b: Scovillain|Scovillain, L50, F|1/100\n|switch|p1a: Chi-Yu|Chi-Yu, L50|100/100\n|-ability|p1a: Chi-Yu|Beads of Ruin\n|turn|3\n|\n|t:|1774587275\n|move|p1b: Scovillain|Protect|p1b: Scovillain\n|-singleturn|p1b: Scovillain|Protect\n|move|p2b: Vino|Protect|p2b: Vino\n|-singleturn|p2b: Vino|Protect\n|move|p2a: Tornadus|Tailwind|p2a: Tornadus\n|-sidestart|p2: jerry rivera|move: Tailwind\n|move|p1a: Chi-Yu|Snarl|p2a: Tornadus|[spread] p2a\n|-activate|p2b: Vino|move: Protect\n|-damage|p2a: Tornadus|0 fnt\n|faint|p2a: Tornadus\n|\n|-weather|SunnyDay|[upkeep]\n|upkeep\n|\n|t:|1774587281\n|switch|p2a: Fab Concha|Ditto, L50|100/100\n|-transform|p2a: Fab Concha|p1b: Scovillain|[from] ability: Imposter\n|turn|4\n|\n|t:|1774587296\n|move|p2a: Fab Concha|Burning Jealousy|p1b: Scovillain|[spread] p1a,p1b\n|-resisted|p1a: Chi-Yu\n|-damage|p1a: Chi-Yu|84/100\n|-damage|p1b: Scovillain|0 fnt\n|faint|p1b: Scovillain\n|move|p2b: Vino|Astral Barrage|p1a: Chi-Yu\n|-resisted|p1a: Chi-Yu\n|-damage|p1a: Chi-Yu|27/100\n|-damage|p2b: Vino|81/100|[from] item: Life Orb\n|move|p1a: Chi-Yu|Snarl|p2a: Fab Concha|[spread] p2a,p2b\n|-supereffective|p2b: Vino\n|-damage|p2a: Fab Concha|35/100\n|-damage|p2b: Vino|0 fnt\n|-unboost|p2a: Fab Concha|spa|1\n|faint|p2b: Vino\n|\n|-weather|SunnyDay|[upkeep]\n|upkeep\n|turn|5\n|\n|t:|1774587314\n|move|p2a: Fab Concha|Burning Jealousy|p1a: Chi-Yu\n|-resisted|p1a: Chi-Yu\n|-damage|p1a: Chi-Yu|13/100\n|move|p1a: Chi-Yu|Snarl|p2a: Fab Concha\n|-damage|p2a: Fab Concha|0 fnt\n|faint|p2a: Fab Concha\n|\n|win|TP43\n|raw|TP43's rating: 1322 &rarr; <strong>1348</strong><br />(+26 for winning)\n|raw|jerry rivera's rating: 1428 &rarr; <strong>1402</strong><br />(-26 for losing)\n|l|\u2606jerry rivera\n|player|p2|\n|l|\u2606TP43\n|player|p1|\n","uploadtime":1774587573,"views":8,"formatid":"gen9vgc2026regi","rating":1348,"private":0,"password":null}