{"id":"gen9vgc2026regi-2513863071","format":"[Gen 9] VGC 2026 Reg I","players":["blackred123\u6c38\u96cf\u5854\u83f2\u4fa0","KUTF1"],"log":"|j|\u2606blackred123\u6c38\u96cf\u5854\u83f2\u4fa0\n|j|\u2606KUTF1\n|t:|1767793936\n|gametype|doubles\n|player|p1|blackred123\u6c38\u96cf\u5854\u83f2\u4fa0|iono-masters|1156\n|player|p2|KUTF1|giovanni|1098\n|gen|9\n|tier|[Gen 9] VGC 2026 Reg I\n|rated|\n|rule|Species Clause: Limit one of each Pok\u00e9mon\n|rule|Item Clause: Limit 1 of each item\n|clearpoke\n|poke|p1|Calyrex-Shadow, L50|\n|poke|p1|Koraidon, L50|\n|poke|p1|Chi-Yu, L50|\n|poke|p1|Tornadus, L50, M|\n|poke|p1|Indeedee-F, L50, F|\n|poke|p1|Smeargle, L50, F|\n|poke|p2|Terapagos, L50, M|\n|poke|p2|Koraidon, L50|\n|poke|p2|Whimsicott, L50, F|\n|poke|p2|Flutter Mane, L50|\n|poke|p2|Incineroar, L50, F|\n|poke|p2|Sandy Shocks, L50|\n|teampreview|4\n|inactive|Battle timer is ON: inactive players will automatically lose when time's up. (requested by KUTF1)\n|inactive|blackred123\u6c38\u96cf\u5854\u83f2\u4fa0 also wants the timer to be on.\n|\n|t:|1767793952\n|teamsize|p1|4\n|teamsize|p2|4\n|start\n|switch|p1a: \u4f60\u6731\u5417|Koraidon, L50, shiny|100/100\n|switch|p1b: \u6211\u6709\u7389\u9c7c\u75c7|Chi-Yu, L50|100/100\n|switch|p2a: Shockingly Sandy|Sandy Shocks, L50|100/100\n|switch|p2b: Koraidon|Koraidon, L50|100/100\n|-ability|p1b: \u6211\u6709\u7389\u9c7c\u75c7|Beads of Ruin\n|-weather|SunnyDay|[from] ability: Orichalcum Pulse|[of] p1a: \u4f60\u6731\u5417\n|-activate|p2a: Shockingly Sandy|ability: Protosynthesis\n|-start|p2a: Shockingly Sandy|protosynthesisspa\n|-activate|p1a: \u4f60\u6731\u5417|Orichalcum Pulse|[source]\n|-activate|p2b: Koraidon|ability: Orichalcum Pulse\n|turn|1\n|inactive|blackred123\u6c38\u96cf\u5854\u83f2\u4fa0 has 30 seconds left.\n|\n|t:|1767793987\n|move|p2b: Koraidon|Protect|p2b: Koraidon\n|-singleturn|p2b: Koraidon|Protect\n|move|p2a: Shockingly Sandy|Volt Switch|p1b: \u6211\u6709\u7389\u9c7c\u75c7\n|-damage|p1b: \u6211\u6709\u7389\u9c7c\u75c7|44/100\n|\n|t:|1767794001\n|-end|p2a: Shockingly Sandy|Protosynthesis|[silent]\n|switch|p2a: Whimsicott|Whimsicott, L50, F|100/100|[from] Volt Switch\n|move|p1b: \u6211\u6709\u7389\u9c7c\u75c7|Psychic|p2b: Koraidon\n|-activate|p2b: Koraidon|move: Protect\n|move|p1a: \u4f60\u6731\u5417|Flame Charge|p2a: Whimsicott\n|-supereffective|p2a: Whimsicott\n|-damage|p2a: Whimsicott|26/100\n|-boost|p1a: \u4f60\u6731\u5417|spe|1\n|-damage|p1a: \u4f60\u6731\u5417|91/100|[from] item: Life Orb\n|\n|-weather|SunnyDay|[upkeep]\n|upkeep\n|turn|2\n|\n|t:|1767794016\n|switch|p1b: \u7d2b\u5c3e\u723d\u98de|Tornadus, L50, M, shiny|100/100\n|move|p2a: Whimsicott|Tailwind|p2a: Whimsicott\n|-sidestart|p2: KUTF1|move: Tailwind\n|move|p2b: Koraidon|Close Combat|p1a: \u4f60\u6731\u5417\n|-damage|p1a: \u4f60\u6731\u5417|0 fnt\n|-unboost|p2b: Koraidon|def|1\n|-unboost|p2b: Koraidon|spd|1\n|faint|p1a: \u4f60\u6731\u5417\n|-damage|p2b: Koraidon|91/100|[from] item: Life Orb\n|\n|-weather|SunnyDay|[upkeep]\n|upkeep\n|\n|t:|1767794025\n|switch|p1a: \u9a6c\u6b7b\u4e86|Calyrex-Shadow, L50|100/100\n|-ability|p1a: \u9a6c\u6b7b\u4e86|As One\n|-ability|p1a: \u9a6c\u6b7b\u4e86|Unnerve\n|turn|3\n|\n|t:|1767794034\n|-terastallize|p1b: \u7d2b\u5c3e\u723d\u98de|Dark\n|move|p2a: Whimsicott|Taunt|p1b: \u7d2b\u5c3e\u723d\u98de\n|-hint|Since gen 7, Dark is immune to Prankster moves.\n|-immune|p1b: \u7d2b\u5c3e\u723d\u98de\n|move|p1b: \u7d2b\u5c3e\u723d\u98de|Tailwind|p1b: \u7d2b\u5c3e\u723d\u98de\n|-sidestart|p1: blackred123\u6c38\u96cf\u5854\u83f2\u4fa0|move: Tailwind\n|move|p1a: \u9a6c\u6b7b\u4e86|Astral Barrage|p2a: Whimsicott|[spread] p2a,p2b\n|-damage|p2a: Whimsicott|0 fnt\n|-damage|p2b: Koraidon|0 fnt\n|faint|p2a: Whimsicott\n|faint|p2b: Koraidon\n|-ability|p1a: \u9a6c\u6b7b\u4e86|Grim Neigh|boost\n|-boost|p1a: \u9a6c\u6b7b\u4e86|spa|2\n|\n|-weather|SunnyDay|[upkeep]\n|upkeep\n|\n|t:|1767794038\n|switch|p2b: Terapagos|Terapagos, L50, M|100/100\n|switch|p2a: Shockingly Sandy|Sandy Shocks, L50|100/100\n|-activate|p2b: Terapagos|ability: Tera Shift\n|detailschange|p2b: Terapagos|Terapagos-Terastal, L50, M\n|-heal|p2b: Terapagos|100/100|[silent]\n|-activate|p2a: Shockingly Sandy|ability: Protosynthesis\n|-start|p2a: Shockingly Sandy|protosynthesisspa\n|turn|4\n|\n|t:|1767794060\n|-terastallize|p2b: Terapagos|Stellar\n|detailschange|p2b: Terapagos|Terapagos-Stellar, L50, M, tera:Stellar\n|-heal|p2b: Terapagos|100/100|[silent]\n|-ability|p2b: Terapagos|Teraform Zero\n|-weather|none\n|-end|p2a: Shockingly Sandy|Protosynthesis\n|move|p2a: Shockingly Sandy|Thunderbolt|p1a: \u9a6c\u6b7b\u4e86\n|-damage|p1a: \u9a6c\u6b7b\u4e86|57/100\n|move|p1a: \u9a6c\u6b7b\u4e86|Astral Barrage|p2b: Terapagos|[spread] p2a\n|-immune|p2b: Terapagos\n|-damage|p2a: Shockingly Sandy|0 fnt\n|faint|p2a: Shockingly Sandy\n|-end|p2a: Shockingly Sandy|Protosynthesis|[silent]\n|-ability|p1a: \u9a6c\u6b7b\u4e86|Grim Neigh|boost\n|-boost|p1a: \u9a6c\u6b7b\u4e86|spa|1\n|move|p1b: \u7d2b\u5c3e\u723d\u98de|Bleakwind Storm|p2b: Terapagos\n|-damage|p2b: Terapagos|72/100\n|move|p2b: Terapagos|Tera Starstorm|p1a: \u9a6c\u6b7b\u4e86|[spread] p1a,p1b\n|-supereffective|p1b: \u7d2b\u5c3e\u723d\u98de\n|-damage|p1a: \u9a6c\u6b7b\u4e86|3/100\n|-damage|p1b: \u7d2b\u5c3e\u723d\u98de|0 fnt\n|faint|p1b: \u7d2b\u5c3e\u723d\u98de\n|\n|upkeep\n|\n|t:|1767794074\n|switch|p1b: \u6211\u6709\u7389\u9c7c\u75c7|Chi-Yu, L50|44/100\n|-ability|p1b: \u6211\u6709\u7389\u9c7c\u75c7|Beads of Ruin\n|turn|5\n|\n|t:|1767794080\n|move|p1b: \u6211\u6709\u7389\u9c7c\u75c7|Overheat|p2b: Terapagos\n|-damage|p2b: Terapagos|3/100\n|-unboost|p1b: \u6211\u6709\u7389\u9c7c\u75c7|spa|2\n|move|p1a: \u9a6c\u6b7b\u4e86|Astral Barrage|p2b: Terapagos\n|-immune|p2b: Terapagos\n|move|p2b: Terapagos|Tera Starstorm|p1a: \u9a6c\u6b7b\u4e86|[spread] p1a,p1b\n|-damage|p1a: \u9a6c\u6b7b\u4e86|0 fnt\n|-damage|p1b: \u6211\u6709\u7389\u9c7c\u75c7|0 fnt\n|faint|p1a: \u9a6c\u6b7b\u4e86\n|faint|p1b: \u6211\u6709\u7389\u9c7c\u75c7\n|\n|win|KUTF1\n|raw|blackred123\u6c38\u96cf\u5854\u83f2\u4fa0's rating: 1156 &rarr; <strong>1127</strong><br />(-29 for losing)\n|raw|KUTF1's rating: 1098 &rarr; <strong>1127</strong><br />(+29 for winning)\n","uploadtime":1767794086,"views":12,"formatid":"gen9vgc2026regi","rating":1127,"private":0,"password":null}