{"id":"gen9vgc2026regi-2539502058","format":"[Gen 9] VGC 2026 Reg I","players":["Luca8","tuanxinhgai"],"log":"|j|\u2606Luca8\n|j|\u2606tuanxinhgai\n|t:|1771071877\n|gametype|doubles\n|player|p1|Luca8|flint|1321\n|player|p2|tuanxinhgai|101|1294\n|gen|9\n|tier|[Gen 9] VGC 2026 Reg I\n|rated|\n|rule|Species Clause: Limit one of each Pok\u00e9mon\n|rule|Item Clause: Limit 1 of each item\n|clearpoke\n|poke|p1|Whimsicott, L50, M|\n|poke|p1|Kyogre, L50|\n|poke|p1|Volcarona, L50, M|\n|poke|p1|Landorus, L50, M|\n|poke|p1|Lunala, L50|\n|poke|p1|Farigiraf, L50, F|\n|poke|p2|Zamazenta-*, L50|\n|poke|p2|Calyrex-Shadow, L50|\n|poke|p2|Rillaboom, L50, F|\n|poke|p2|Urshifu-*, L50, F|\n|poke|p2|Chien-Pao, L50|\n|poke|p2|Tornadus, L50, M|\n|teampreview|4\n|inactive|Battle timer is ON: inactive players will automatically lose when time's up. (requested by tuanxinhgai)\n|\n|t:|1771071904\n|teamsize|p1|4\n|teamsize|p2|4\n|start\n|switch|p1a: Lunala|Lunala, L50|100/100\n|switch|p1b: Volcarona|Volcarona, L50, M|100/100\n|switch|p2a: Tornadus|Tornadus, L50, M|100/100\n|switch|p2b: Urshifu|Urshifu-Rapid-Strike, L50, F|100/100\n|turn|1\n|inactive|Luca8 has 30 seconds left.\n|inactive|Luca8 has 20 seconds left.\n|\n|t:|1771071940\n|-terastallize|p2b: Urshifu|Water\n|-terastallize|p1b: Volcarona|Bug\n|move|p1b: Volcarona|Rage Powder|p1b: Volcarona\n|-singleturn|p1b: Volcarona|move: Rage Powder\n|move|p2a: Tornadus|Rain Dance|p2a: Tornadus\n|-weather|RainDance\n|move|p2b: Urshifu|Surging Strikes|p1b: Volcarona\n|-crit|p1b: Volcarona\n|-damage|p1b: Volcarona|57/100\n|-damage|p2b: Urshifu|84/100|[from] item: Rocky Helmet|[of] p1b: Volcarona\n|-crit|p1b: Volcarona\n|-damage|p1b: Volcarona|15/100\n|-damage|p2b: Urshifu|68/100|[from] item: Rocky Helmet|[of] p1b: Volcarona\n|-crit|p1b: Volcarona\n|-damage|p1b: Volcarona|0 fnt\n|-damage|p2b: Urshifu|51/100|[from] item: Rocky Helmet|[of] p1b: Volcarona\n|-status|p2b: Urshifu|brn|[from] ability: Flame Body|[of] p1b: Volcarona\n|faint|p1b: Volcarona\n|-hitcount|p1: Volcarona|3\n|move|p1a: Lunala|Moonblast|p2b: Urshifu\n|-damage|p2b: Urshifu|0 fnt\n|faint|p2b: Urshifu\n|\n|-weather|RainDance|[upkeep]\n|upkeep\n|inactive|Luca8 has 30 seconds left.\n|\n|t:|1771071969\n|switch|p2b: Calyrex|Calyrex-Shadow, L50|100/100\n|switch|p1b: Farigiraf|Farigiraf, L50, F|100/100\n|-ability|p2b: Calyrex|As One\n|-ability|p2b: Calyrex|Unnerve\n|turn|2\n|j| countzero23333\n|inactive|Luca8 has 30 seconds left.\n|inactive|Luca8 has 20 seconds left.\n|\n|t:|1771072005\n|switch|p2a: Rillaboom|Rillaboom, L50, F|100/100\n|-fieldstart|move: Grassy Terrain|[from] ability: Grassy Surge|[of] p2a: Rillaboom\n|switch|p1a: Kyogre|Kyogre, L50|100/100\n|move|p2b: Calyrex|Astral Barrage|p1b: Farigiraf|[spread] p1a\n|-immune|p1b: Farigiraf\n|-damage|p1a: Kyogre|54/100\n|move|p1b: Farigiraf|Trick Room|p1b: Farigiraf\n|-fieldstart|move: Trick Room|[of] p1b: Farigiraf\n|\n|-weather|RainDance|[upkeep]\n|-heal|p1a: Kyogre|59/100|[from] Grassy Terrain\n|upkeep\n|turn|3\n|inactive|Luca8 has 30 seconds left.\n|\n|t:|1771072031\n|move|p2b: Calyrex|Protect|p2b: Calyrex\n|-singleturn|p2b: Calyrex|Protect\n|move|p1b: Farigiraf|Expanding Force|p2b: Calyrex\n|-activate|p2b: Calyrex|move: Protect\n|move|p2a: Rillaboom|Wood Hammer|p1a: Kyogre\n|-supereffective|p1a: Kyogre\n|-damage|p1a: Kyogre|0 fnt\n|faint|p1a: Kyogre\n|-damage|p2a: Rillaboom|84/100|[from] Recoil\n|\n|-weather|RainDance|[upkeep]\n|-heal|p2a: Rillaboom|90/100|[from] Grassy Terrain\n|upkeep\n|l| countzero23333\n|\n|t:|1771072045\n|switch|p1a: Lunala|Lunala, L50|100/100\n|turn|4\n|\n|t:|1771072054\n|switch|p2b: Tornadus|Tornadus, L50, M|100/100\n|move|p1b: Farigiraf|Hyper Voice|p2b: Tornadus|[spread] p2a,p2b\n|-damage|p2a: Rillaboom|56/100\n|-damage|p2b: Tornadus|66/100\n|-enditem|p1b: Farigiraf|Throat Spray\n|-boost|p1b: Farigiraf|spa|1|[from] item: Throat Spray\n|move|p2a: Rillaboom|Wood Hammer|p1b: Farigiraf\n|-damage|p1b: Farigiraf|0 fnt\n|faint|p1b: Farigiraf\n|-damage|p2a: Rillaboom|21/100|[from] Recoil\n|move|p1a: Lunala|Meteor Beam||[still]\n|-prepare|p1a: Lunala|Meteor Beam\n|-boost|p1a: Lunala|spa|1\n|-enditem|p1a: Lunala|Power Herb\n|-anim|p1a: Lunala|Meteor Beam|p2b: Tornadus\n|-supereffective|p2b: Tornadus\n|-damage|p2b: Tornadus|0 fnt\n|faint|p2b: Tornadus\n|\n|-weather|RainDance|[upkeep]\n|-heal|p2a: Rillaboom|27/100|[from] Grassy Terrain\n|upkeep\n|\n|t:|1771072077\n|switch|p2b: Calyrex|Calyrex-Shadow, L50|100/100\n|-ability|p2b: Calyrex|As One\n|-ability|p2b: Calyrex|Unnerve\n|turn|5\n|\n|t:|1771072086\n|move|p2a: Rillaboom|Grassy Glide|p1a: Lunala\n|-damage|p1a: Lunala|77/100\n|move|p1a: Lunala|Moongeist Beam|p2b: Calyrex\n|-supereffective|p2b: Calyrex\n|-enditem|p2b: Calyrex|Focus Sash\n|-damage|p2b: Calyrex|1/100\n|move|p2b: Calyrex|Astral Barrage|p1a: Lunala\n|-supereffective|p1a: Lunala\n|-damage|p1a: Lunala|0 fnt\n|faint|p1a: Lunala\n|\n|win|tuanxinhgai\n|raw|Luca8's rating: 1321 &rarr; <strong>1299</strong><br />(-22 for losing)\n|raw|tuanxinhgai's rating: 1294 &rarr; <strong>1321</strong><br />(+27 for winning)\n|l|\u2606Luca8\n|player|p1|\n|l|\u2606tuanxinhgai\n|player|p2|\n","uploadtime":1771072278,"views":25,"formatid":"gen9vgc2026regi","rating":1299,"private":0,"password":null}