{"id":"gen9vgc2026regi-2560356367","format":"[Gen 9] VGC 2026 Reg I","players":["kojimuranishi","DiDiancie"],"log":"|j|\u2606kojimuranishi\n|j|\u2606DiDiancie\n|t:|1773680094\n|gametype|doubles\n|player|p1|kojimuranishi|170|1465\n|player|p2|DiDiancie|caitlin|1380\n|gen|9\n|tier|[Gen 9] VGC 2026 Reg I\n|rated|\n|rule|Species Clause: Limit one of each Pok\u00e9mon\n|rule|Item Clause: Limit 1 of each item\n|clearpoke\n|poke|p1|Ogerpon-Cornerstone, L50, F|\n|poke|p1|Ho-Oh, L50|\n|poke|p1|Miraidon, L50|\n|poke|p1|Chien-Pao, L50|\n|poke|p1|Landorus, L50, M|\n|poke|p1|Farigiraf, L50, M|\n|poke|p2|Palafin, L50, F|\n|poke|p2|Miraidon, L50|\n|poke|p2|Rayquaza, L50|\n|poke|p2|Sneasler, L50, F|\n|poke|p2|Iron Jugulis, L50|\n|poke|p2|Avalugg-Hisui, L50, F|\n|teampreview|4\n|inactive|Battle timer is ON: inactive players will automatically lose when time's up. (requested by DiDiancie)\n|inactive|kojimuranishi has 60 seconds left.\n|\n|t:|1773680138\n|teamsize|p1|4\n|teamsize|p2|4\n|start\n|switch|p1a: Chien-Pao|Chien-Pao, L50|100/100\n|switch|p1b: Ogerpon|Ogerpon-Cornerstone, L50, F|100/100\n|switch|p2a: Iron Jugulis|Iron Jugulis, L50|100/100\n|switch|p2b: Palafin|Palafin, L50, F|100/100\n|-ability|p1a: Chien-Pao|Sword of Ruin\n|turn|1\n|\n|t:|1773680153\n|detailschange|p2b: Palafin|Palafin-Hero, L50, F\n|switch|p2b: Miraidon|Miraidon, L50|100/100\n|-fieldstart|move: Electric Terrain|[from] ability: Hadron Engine|[of] p2b: Miraidon\n|-activate|p2a: Iron Jugulis|ability: Quark Drive\n|-start|p2a: Iron Jugulis|quarkdrivespe\n|move|p2a: Iron Jugulis|Tailwind|p2a: Iron Jugulis\n|-sidestart|p2: DiDiancie|move: Tailwind\n|move|p1a: Chien-Pao|Crunch|p2b: Miraidon\n|-damage|p2b: Miraidon|51/100\n|move|p1b: Ogerpon|Ivy Cudgel|p2a: Iron Jugulis|[anim] Ivy Cudgel Rock\n|-supereffective|p2a: Iron Jugulis\n|-damage|p2a: Iron Jugulis|0 fnt\n|faint|p2a: Iron Jugulis\n|-end|p2a: Iron Jugulis|Quark Drive|[silent]\n|\n|upkeep\n|\n|t:|1773680158\n|switch|p2a: Palafin|Palafin-Hero, L50, F|100/100\n|-activate|p2a: Palafin|ability: Zero to Hero\n|turn|2\n|\n|t:|1773680178\n|-terastallize|p2b: Miraidon|Fairy\n|move|p1a: Chien-Pao|Protect|p1a: Chien-Pao\n|-singleturn|p1a: Chien-Pao|Protect\n|move|p1b: Ogerpon|Spiky Shield|p1b: Ogerpon\n|-singleturn|p1b: Ogerpon|move: Protect\n|move|p2b: Miraidon|Dazzling Gleam|p1b: Ogerpon|[spread] \n|-activate|p1a: Chien-Pao|move: Protect\n|-activate|p1b: Ogerpon|move: Protect\n|move|p2a: Palafin|Wave Crash|p1b: Ogerpon\n|-activate|p1b: Ogerpon|move: Protect\n|-damage|p2a: Palafin|88/100|[from] Spiky Shield|[of] p1b: Ogerpon\n|\n|upkeep\n|turn|3\n|\n|t:|1773680198\n|move|p2b: Miraidon|Dazzling Gleam|p1a: Chien-Pao|[spread] p1a,p1b\n|-supereffective|p1a: Chien-Pao\n|-enditem|p1a: Chien-Pao|Focus Sash\n|-damage|p1a: Chien-Pao|1/100\n|-damage|p1b: Ogerpon|21/100\n|move|p2a: Palafin|Wave Crash|p1a: Chien-Pao\n|-damage|p1a: Chien-Pao|0 fnt\n|faint|p1a: Chien-Pao\n|-damage|p2a: Palafin|88/100|[from] Recoil\n|move|p1b: Ogerpon|Ivy Cudgel|p2b: Miraidon|[anim] Ivy Cudgel Rock\n|-crit|p2b: Miraidon\n|-damage|p2b: Miraidon|0 fnt\n|faint|p2b: Miraidon\n|\n|upkeep\n|\n|t:|1773680213\n|switch|p1a: Landorus|Landorus, L50, M|100/100\n|switch|p2b: Avalugg|Avalugg-Hisui, L50, F|100/100\n|turn|4\n|\n|t:|1773680221\n|move|p1b: Ogerpon|Spiky Shield|p1b: Ogerpon\n|-singleturn|p1b: Ogerpon|move: Protect\n|move|p1a: Landorus|Protect|p1a: Landorus\n|-singleturn|p1a: Landorus|Protect\n|move|p2a: Palafin|Wave Crash|p1a: Landorus\n|-activate|p1a: Landorus|move: Protect\n|move|p2b: Avalugg|Icicle Spear|p1b: Ogerpon\n|-activate|p1b: Ogerpon|move: Protect\n|\n|-sideend|p2: DiDiancie|move: Tailwind\n|upkeep\n|turn|5\n|\n|t:|1773680235\n|-terastallize|p1a: Landorus|Water\n|move|p1b: Ogerpon|Ivy Cudgel|p2a: Palafin|[anim] Ivy Cudgel Rock\n|-damage|p2a: Palafin|22/100\n|move|p1a: Landorus|Earth Power|p2b: Avalugg\n|-supereffective|p2b: Avalugg\n|-ability|p2b: Avalugg|Sturdy\n|-damage|p2b: Avalugg|1/100\n|move|p2a: Palafin|Wave Crash|p1a: Landorus\n|-resisted|p1a: Landorus\n|-damage|p1a: Landorus|26/100\n|-damage|p2a: Palafin|0 fnt|[from] Recoil\n|faint|p2a: Palafin\n|move|p2b: Avalugg|Icicle Spear|p1b: Ogerpon\n|-supereffective|p1b: Ogerpon\n|-damage|p1b: Ogerpon|0 fnt\n|faint|p1b: Ogerpon\n|-hitcount|p1: Ogerpon|1\n|\n|-fieldend|move: Electric Terrain\n|upkeep\n|-message|DiDiancie forfeited.\n|\n|win|kojimuranishi\n|raw|kojimuranishi's rating: 1465 &rarr; <strong>1480</strong><br />(+15 for winning)\n|raw|DiDiancie's rating: 1380 &rarr; <strong>1365</strong><br />(-15 for losing)\n|l|\u2606DiDiancie\n|player|p2|\n|l|\u2606kojimuranishi\n|player|p1|\n","uploadtime":1773680468,"views":14,"formatid":"gen9vgc2026regi","rating":1365,"private":0,"password":null}