{"id":"gen9vgc2026regi-2564345036","format":"[Gen 9] VGC 2026 Reg I","players":["It'sJustKen VGC","fwoompie"],"log":"|j|\u2606It'sJustKen VGC\n|j|\u2606fwoompie\n|t:|1774134908\n|gametype|doubles\n|player|p1|It'sJustKen VGC|2|\n|player|p2|fwoompie|hiker-gen4|\n|gen|9\n|tier|[Gen 9] VGC 2026 Reg I\n|rated|Tournament battle\n|rule|Species Clause: Limit one of each Pok\u00e9mon\n|rule|Item Clause: Limit 1 of each item\n|raw|<div class=\"infobox\"><details class=\"readmore\" open><summary><strong>3 custom rules:</strong></summary> Open Team Sheets, Force Open Team Sheets, !Open Team Sheets</details></div>\n|clearpoke\n|poke|p1|Iron Hands, L50|\n|poke|p1|Incineroar, L50, M|\n|poke|p1|Calyrex-Shadow, L50|\n|poke|p1|Whimsicott, L50, F|\n|poke|p1|Farigiraf, L50, M|\n|poke|p1|Miraidon, L50|\n|poke|p2|Eternatus, L50|\n|poke|p2|Grimmsnarl, L50, M|\n|poke|p2|Iron Hands, L50|\n|poke|p2|Flutter Mane, L50|\n|poke|p2|Chi-Yu, L50|\n|poke|p2|Terapagos, L50, M|\n|teampreview|4\n|showteam|p1|Iron Hands||AssaultVest|QuarkDrive|FakeOut,DrainPunch,WildCharge,LowKick||||||50|,,,,,Water]Incineroar||RockyHelmet|Intimidate|FakeOut,Uturn,KnockOff,FlareBlitz|||M|||50|,,,,,Bug]Calyrex-Shadow||FocusSash|AsOneSpectrier|Protect,AstralBarrage,Psychic,Imprison||||||50|,,,,,Ghost]Whimsicott||CovertCloak|Prankster|Tailwind,Encore,Moonblast,LightScreen|||F|||50|,,,,,Fire]Farigiraf||ElectricSeed|ArmorTail|TrickRoom,Roar,Psychic,HelpingHand|||M|||50|,,,,,Water]Miraidon||ChoiceSpecs|HadronEngine|ElectroDrift,VoltSwitch,DracoMeteor,DazzlingGleam||||||50|,,,,,Fairy\n|showteam|p2|Eternatus||PowerHerb|Pressure|DynamaxCannon,SludgeBomb,MeteorBeam,Protect||||||50|,,,,,Fairy]Grimmsnarl||LightClay|Prankster|Reflect,LightScreen,SpiritBreak,ThunderWave|||M|||50|,,,,,Ghost]Iron Hands||AssaultVest|QuarkDrive|LowKick,WildCharge,VoltSwitch,FakeOut||||||50|,,,,,Bug]Flutter Mane||BoosterEnergy|Protosynthesis|IcyWind,Moonblast,ShadowBall,Protect||||||50|,,,,,Fairy]Chi-Yu||ChoiceScarf|BeadsofRuin|Overheat,HeatWave,DarkPulse,Snarl||||||50|,,,,,Ghost]Terapagos||ChoiceSpecs|TeraShift|TeraStarstorm,HyperBeam,IceBeam,EarthPower|||M|||50|,,,,,Stellar\n|inactive|Battle timer is ON: inactive players will automatically lose when time's up. (requested by fwoompie)\n|inactive|It'sJustKen VGC also wants the timer to be on.\n|c|\u2606fwoompie|Good luck\n|c|\u2606It'sJustKen VGC|Im gonna need it lmao\n|c|\u2606It'sJustKen VGC|glhf!\n|j| pfeitosa\n|\n|t:|1774134938\n|teamsize|p1|4\n|teamsize|p2|4\n|start\n|switch|p1a: Miraidon|Miraidon, L50, shiny|100/100\n|switch|p1b: Farigiraf|Farigiraf, L50, M|100/100\n|switch|p2a: TeraPoggers|Terapagos, L50, M|100/100\n|switch|p2b: High five!|Iron Hands, L50|100/100\n|-activate|p2a: TeraPoggers|ability: Tera Shift\n|detailschange|p2a: TeraPoggers|Terapagos-Terastal, L50, M\n|-heal|p2a: TeraPoggers|100/100|[silent]\n|-fieldstart|move: Electric Terrain|[from] ability: Hadron Engine|[of] p1a: Miraidon\n|-activate|p2b: High five!|ability: Quark Drive\n|-start|p2b: High five!|quarkdriveatk\n|-enditem|p1b: Farigiraf|Electric Seed\n|-boost|p1b: Farigiraf|def|1|[from] item: Electric Seed\n|turn|1\n|l| pfeitosa\n|\n|t:|1774134954\n|move|p1b: Farigiraf|Helping Hand|p1a: Miraidon\n|-singleturn|p1a: Miraidon|Helping Hand|[of] p1b: Farigiraf\n|move|p1a: Miraidon|Electro Drift|p2a: TeraPoggers\n|-activate|p2a: TeraPoggers|ability: Tera Shell\n|-resisted|p2a: TeraPoggers\n|-damage|p2a: TeraPoggers|9/100\n|move|p2a: TeraPoggers|Hyper Beam|p1b: Farigiraf\n|-damage|p1b: Farigiraf|0 fnt\n|-mustrecharge|p2a: TeraPoggers\n|faint|p1b: Farigiraf\n|move|p2b: High five!|Low Kick|p1a: Miraidon\n|-damage|p1a: Miraidon|22/100\n|\n|upkeep\n|c|\u2606fwoompie|Oh that almost koed\n|\n|t:|1774134971\n|switch|p1b: Incineroar|Incineroar, L50, M|100/100\n|-ability|p1b: Incineroar|Intimidate|boost\n|-unboost|p2a: TeraPoggers|atk|1\n|-unboost|p2b: High five!|atk|1\n|turn|2\n|c|\u2606fwoompie|Spooky\n|j| pfeitosa\n|l| pfeitosa\n|\n|t:|1774134979\n|switch|p1a: Iron Hands|Iron Hands, L50|100/100\n|-activate|p1a: Iron Hands|ability: Quark Drive\n|-start|p1a: Iron Hands|quarkdriveatk\n|cant|p2a: TeraPoggers|recharge\n|move|p2b: High five!|Low Kick|p1a: Iron Hands\n|-damage|p1a: Iron Hands|57/100\n|move|p1b: Incineroar|U-turn|p2a: TeraPoggers\n|-damage|p2a: TeraPoggers|0 fnt\n|faint|p2a: TeraPoggers\n|\n|t:|1774134987\n|switch|p1b: Miraidon|Miraidon, L50, shiny|22/100|[from] U-turn\n|-activate|p1b: Miraidon|ability: Hadron Engine\n|\n|upkeep\n|\n|t:|1774134990\n|switch|p2a: Balanced mon|Flutter Mane, L50|100/100\n|-enditem|p2a: Balanced mon|Booster Energy\n|-activate|p2a: Balanced mon|ability: Protosynthesis|[fromitem]\n|-start|p2a: Balanced mon|protosynthesisspe\n|turn|3\n|c|\u2606fwoompie|What about Dems apples\n|\n|t:|1774135005\n|switch|p1b: Incineroar|Incineroar, L50, M|100/100\n|-ability|p1b: Incineroar|Intimidate|boost\n|-unboost|p2a: Balanced mon|atk|1\n|-unboost|p2b: High five!|atk|1\n|-terastallize|p1a: Iron Hands|Water\n|move|p2a: Balanced mon|Moonblast|p1b: Incineroar\n|-damage|p1b: Incineroar|51/100\n|move|p2b: High five!|Volt Switch|p1a: Iron Hands\n|-supereffective|p1a: Iron Hands\n|-damage|p1a: Iron Hands|41/100\n|\n|t:|1774135008\n|-end|p2b: High five!|Quark Drive|[silent]\n|switch|p2b: Reikling|Grimmsnarl, L50, M|100/100|[from] Volt Switch\n|move|p1a: Iron Hands|Wild Charge|p2a: Balanced mon\n|-damage|p2a: Balanced mon|0 fnt\n|faint|p2a: Balanced mon\n|-end|p2a: Balanced mon|Protosynthesis|[silent]\n|-damage|p1a: Iron Hands|27/100|[from] Recoil\n|\n|upkeep\n|\n|t:|1774135010\n|switch|p2a: High five!|Iron Hands, L50|100/100\n|-activate|p2a: High five!|ability: Quark Drive\n|-start|p2a: High five!|quarkdriveatk\n|turn|4\n|j| Midladder Crisis\n|c|\u2606fwoompie|Uhhhh\n|l| Midladder Crisis\n|\n|t:|1774135033\n|move|p2a: High five!|Fake Out|p1b: Incineroar\n|-damage|p1b: Incineroar|36/100\n|-damage|p2a: High five!|84/100|[from] item: Rocky Helmet|[of] p1b: Incineroar\n|cant|p1b: Incineroar|flinch\n|move|p2b: Reikling|Reflect|p2b: Reikling\n|-sidestart|p2: fwoompie|Reflect\n|move|p1a: Iron Hands|Drain Punch|p2a: High five!\n|-damage|p2a: High five!|56/100\n|-heal|p1a: Iron Hands|40/100|[from] drain|[of] p2a: High five!\n|\n|upkeep\n|turn|5\n|\n|t:|1774135055\n|move|p2a: High five!|Wild Charge|p1a: Iron Hands\n|-supereffective|p1a: Iron Hands\n|-damage|p1a: Iron Hands|0 fnt\n|faint|p1a: Iron Hands\n|-end|p1a: Iron Hands|Quark Drive|[silent]\n|-damage|p2a: High five!|46/100|[from] Recoil\n|move|p2b: Reikling|Spirit Break|p1b: Incineroar\n|-damage|p1b: Incineroar|13/100\n|-unboost|p1b: Incineroar|spa|1\n|-damage|p2b: Reikling|84/100|[from] item: Rocky Helmet|[of] p1b: Incineroar\n|move|p1b: Incineroar|Flare Blitz|p2a: High five!\n|-damage|p2a: High five!|25/100\n|-status|p2a: High five!|brn\n|-damage|p1b: Incineroar|5/100|[from] Recoil\n|\n|-damage|p2a: High five!|19/100 brn|[from] brn\n|-fieldend|move: Electric Terrain\n|-end|p2a: High five!|Quark Drive\n|upkeep\n|\n|t:|1774135058\n|switch|p1a: Miraidon|Miraidon, L50, shiny|22/100\n|-fieldstart|move: Electric Terrain|[from] ability: Hadron Engine|[of] p1a: Miraidon\n|-activate|p2a: High five!|ability: Quark Drive\n|-start|p2a: High five!|quarkdriveatk\n|turn|6\n|\n|t:|1774135080\n|move|p2b: Reikling|Light Screen|p2b: Reikling\n|-sidestart|p2: fwoompie|move: Light Screen\n|move|p1a: Miraidon|Electro Drift|p2b: Reikling\n|-damage|p2b: Reikling|8/100\n|move|p2a: High five!|Low Kick|p1a: Miraidon\n|-damage|p1a: Miraidon|0 fnt\n|faint|p1a: Miraidon\n|move|p1b: Incineroar|Flare Blitz|p2a: High five!\n|-damage|p2a: High five!|0 fnt\n|faint|p2a: High five!\n|-end|p2a: High five!|Quark Drive|[silent]\n|-damage|p1b: Incineroar|0 fnt|[from] Recoil\n|faint|p1b: Incineroar\n|\n|win|fwoompie\n|n|\u2606It'sJustKen VGC|itsjustkenvgc\n|n|\u2606fwoompie|fwoompie\n|c|\u2606fwoompie|Gg\n|c|\u2606fwoompie|Oh I won\n|c|\u2606It'sJustKen VGC|gg wp\n|c|\u2606fwoompie|Well played\n|c|\u2606fwoompie|Thought I lost\n|c|\u2606It'sJustKen VGC|man I could have dazzling gleamed\n|c|\u2606fwoompie|Yeah\n|c|\u2606It'sJustKen VGC|I thought you would spirit break\n|c|\u2606It'sJustKen VGC|gg's\n","uploadtime":1774135093,"views":13,"formatid":"gen9vgc2026regi","rating":null,"private":0,"password":null}