{"id":"gen9vgc2026regi-2551889681","format":"[Gen 9] VGC 2026 Reg I","players":["3hh4v4v4v4v5","CHR1SPHX"],"log":"|j|\u26063hh4v4v4v4v5\n|j|\u2606CHR1SPHX\n|t:|1772653844\n|gametype|doubles\n|player|p1|3hh4v4v4v4v5|170|1131\n|player|p2|CHR1SPHX|hilbert-wonderlauncher|1288\n|gen|9\n|tier|[Gen 9] VGC 2026 Reg I\n|rated|\n|rule|Species Clause: Limit one of each Pok\u00e9mon\n|rule|Item Clause: Limit 1 of each item\n|clearpoke\n|poke|p1|Miraidon, L50|\n|poke|p1|Ursaluna-Bloodmoon, L50, M|\n|poke|p1|Landorus-Therian, L50, M|\n|poke|p1|Raichu, L50, M|\n|poke|p1|Blaziken, L50, M|\n|poke|p1|Lunala, L50|\n|poke|p2|Lunala, L50|\n|poke|p2|Amoonguss, L50, M|\n|poke|p2|Ursaluna-Bloodmoon, L50, M|\n|poke|p2|Incineroar, L50, M|\n|poke|p2|Koraidon, L50|\n|poke|p2|Flutter Mane, L50|\n|teampreview|4\n|inactive|Battle timer is ON: inactive players will automatically lose when time's up. (requested by CHR1SPHX)\n|inactive|CHR1SPHX has 60 seconds left.\n|inactive|3hh4v4v4v4v5 has 60 seconds left.\n|\n|t:|1772653893\n|teamsize|p1|4\n|teamsize|p2|4\n|start\n|switch|p1a: Miraidon|Miraidon, L50|100/100\n|switch|p1b: Raichu|Raichu, L50, M|100/100\n|switch|p2a: Flutter Mane|Flutter Mane, L50|100/100\n|switch|p2b: Incineroar|Incineroar, L50, M|100/100\n|-fieldstart|move: Electric Terrain|[from] ability: Hadron Engine|[of] p1a: Miraidon\n|-ability|p2b: Incineroar|Intimidate|boost\n|-unboost|p1a: Miraidon|atk|1\n|-unboost|p1b: Raichu|atk|1\n|turn|1\n|inactive|CHR1SPHX has 30 seconds left.\n|inactive|CHR1SPHX has 20 seconds left.\n|\n|t:|1772653932\n|-end|p2a: Flutter Mane|Protosynthesis|[silent]\n|switch|p2a: Ursaluna|Ursaluna-Bloodmoon, L50, M|100/100\n|move|p1a: Miraidon|Discharge|p2b: Incineroar|[spread] p2b\n|-ability|p1b: Raichu|Lightning Rod|boost\n|-boost|p1b: Raichu|spa|1\n|-immune|p2a: Ursaluna\n|-damage|p2b: Incineroar|62/100\n|move|p1b: Raichu|Discharge|p2a: Ursaluna|[spread] p1a,p2b\n|-immune|p2a: Ursaluna\n|-resisted|p1a: Miraidon\n|-damage|p1a: Miraidon|90/100\n|-damage|p2b: Incineroar|28/100\n|move|p2b: Incineroar|Knock Off|p1a: Miraidon\n|-damage|p1a: Miraidon|52/100\n|-enditem|p1a: Miraidon|Covert Cloak|[from] move: Knock Off|[of] p2b: Incineroar\n|\n|upkeep\n|turn|2\n|inactive|CHR1SPHX has 30 seconds left.\n|inactive|CHR1SPHX has 20 seconds left.\n|inactive|CHR1SPHX has 15 seconds left.\n|\n|t:|1772653974\n|switch|p2a: Flutter Mane|Flutter Mane, L50|100/100\n|-terastallize|p2b: Incineroar|Grass\n|move|p1a: Miraidon|Draco Meteor|p2a: Flutter Mane\n|-immune|p2a: Flutter Mane\n|move|p1b: Raichu|Discharge|p2b: Incineroar|[spread] p1a,p2a,p2b\n|-resisted|p1a: Miraidon\n|-resisted|p2b: Incineroar\n|-damage|p1a: Miraidon|40/100\n|-damage|p2a: Flutter Mane|52/100\n|-damage|p2b: Incineroar|11/100\n|-status|p2a: Flutter Mane|par\n|move|p2b: Incineroar|Knock Off|p1b: Raichu\n|-crit|p1b: Raichu\n|-enditem|p1b: Raichu|Focus Sash\n|-damage|p1b: Raichu|1/100\n|\n|upkeep\n|turn|3\n|inactive|3hh4v4v4v4v5 has 30 seconds left.\n|inactive|CHR1SPHX has 30 seconds left.\n|\n|t:|1772654006\n|switch|p2b: Ursaluna|Ursaluna-Bloodmoon, L50, M|100/100\n|move|p2a: Flutter Mane|Protect|p2a: Flutter Mane\n|-singleturn|p2a: Flutter Mane|Protect\n|move|p1a: Miraidon|Discharge|p2a: Flutter Mane|[spread] \n|-activate|p2a: Flutter Mane|move: Protect\n|-ability|p1b: Raichu|Lightning Rod|boost\n|-boost|p1b: Raichu|spa|1\n|-immune|p2b: Ursaluna\n|move|p1b: Raichu|Discharge|p2b: Ursaluna|[spread] p1a\n|-activate|p2a: Flutter Mane|move: Protect\n|-immune|p2b: Ursaluna\n|-resisted|p1a: Miraidon\n|-damage|p1a: Miraidon|26/100\n|\n|upkeep\n|turn|4\n|inactive|CHR1SPHX has 30 seconds left.\n|inactive|3hh4v4v4v4v5 has 30 seconds left.\n|inactive|CHR1SPHX has 20 seconds left.\n|inactive|CHR1SPHX has 15 seconds left.\n|\n|t:|1772654050\n|-end|p2a: Flutter Mane|Protosynthesis|[silent]\n|switch|p2a: Incineroar|Incineroar, L50, M, tera:Grass|11/100\n|-ability|p2a: Incineroar|Intimidate|boost\n|-unboost|p1a: Miraidon|atk|1\n|-unboost|p1b: Raichu|atk|1\n|move|p1a: Miraidon|Draco Meteor|p2b: Ursaluna\n|-damage|p2b: Ursaluna|9/100\n|-unboost|p1a: Miraidon|spa|2\n|move|p1b: Raichu|Discharge|p2b: Ursaluna|[spread] p1a,p2a\n|-immune|p2b: Ursaluna\n|-resisted|p1a: Miraidon\n|-resisted|p2a: Incineroar\n|-damage|p1a: Miraidon|12/100\n|-damage|p2a: Incineroar|0 fnt\n|faint|p2a: Incineroar\n|move|p2b: Ursaluna|Hyper Voice|p1b: Raichu|[spread] p1a,p1b\n|-damage|p1a: Miraidon|0 fnt\n|-damage|p1b: Raichu|0 fnt\n|faint|p1a: Miraidon\n|faint|p1b: Raichu\n|-damage|p2b: Ursaluna|0 fnt|[from] item: Life Orb\n|faint|p2b: Ursaluna\n|\n|upkeep\n|\n|t:|1772654067\n|switch|p1a: Landorus|Landorus-Therian, L50, M|100/100\n|switch|p1b: Lunala|Lunala, L50|100/100\n|switch|p2a: Koraidon|Koraidon, L50|100/100\n|switch|p2b: Flutter Mane|Flutter Mane, L50|52/100 par\n|-ability|p1a: Landorus|Intimidate|boost\n|-fail|p2a: Koraidon|unboost|[from] item: Clear Amulet|[of] p2a: Koraidon\n|-unboost|p2b: Flutter Mane|atk|1\n|-weather|SunnyDay|[from] ability: Orichalcum Pulse|[of] p2a: Koraidon\n|-activate|p2b: Flutter Mane|ability: Protosynthesis\n|-start|p2b: Flutter Mane|protosynthesisspe\n|-activate|p2a: Koraidon|Orichalcum Pulse|[source]\n|turn|5\n|\n|t:|1772654085\n|move|p1a: Landorus|Rock Slide|p2b: Flutter Mane|[spread] p2a,p2b\n|-resisted|p2a: Koraidon\n|-crit|p2a: Koraidon\n|-damage|p2a: Koraidon|87/100\n|-damage|p2b: Flutter Mane|8/100 par\n|move|p2a: Koraidon|Flare Blitz|p1b: Lunala\n|-damage|p1b: Lunala|67/100\n|-damage|p2a: Koraidon|72/100|[from] Recoil\n|cant|p2b: Flutter Mane|par\n|move|p1b: Lunala|Moonblast|p2a: Koraidon\n|-supereffective|p2a: Koraidon\n|-damage|p2a: Koraidon|0 fnt\n|faint|p2a: Koraidon\n|\n|-weather|SunnyDay|[upkeep]\n|-heal|p1b: Lunala|73/100|[from] item: Leftovers\n|-fieldend|move: Electric Terrain\n|upkeep\n|turn|6\n|\n|t:|1772654098\n|move|p1a: Landorus|Rock Slide|p2b: Flutter Mane\n|-damage|p2b: Flutter Mane|0 fnt\n|faint|p2b: Flutter Mane\n|-end|p2b: Flutter Mane|Protosynthesis|[silent]\n|\n|win|3hh4v4v4v4v5\n|raw|3hh4v4v4v4v5's rating: 1131 &rarr; <strong>1167</strong><br />(+36 for winning)\n|raw|CHR1SPHX's rating: 1288 &rarr; <strong>1252</strong><br />(-36 for losing)\n|l|\u26063hh4v4v4v4v5\n|player|p1|\n|l|\u2606CHR1SPHX\n|player|p2|\n","uploadtime":1772654319,"views":12,"formatid":"gen9vgc2026regi","rating":1167,"private":0,"password":null}