{"id":"gen9vgc2026regi-2565575465","format":"[Gen 9] VGC 2026 Reg I","players":["itastelikeiron","eggtophat_real"],"log":"|j|\u2606itastelikeiron\n|j|\u2606eggtophat_real\n|t:|1774286504\n|gametype|doubles\n|player|p1|itastelikeiron|infielder|1432\n|player|p2|eggtophat_real|miku-ghost|1344\n|gen|9\n|tier|[Gen 9] VGC 2026 Reg I\n|rated|\n|rule|Species Clause: Limit one of each Pok\u00e9mon\n|rule|Item Clause: Limit 1 of each item\n|clearpoke\n|poke|p1|Ting-Lu, L50|\n|poke|p1|Ogerpon-Hearthflame, L50, F|\n|poke|p1|Calyrex-Shadow, L50|\n|poke|p1|Koraidon, L50|\n|poke|p1|Dondozo, L50, M|\n|poke|p1|Raging Bolt, L50|\n|poke|p2|Koraidon, L50|\n|poke|p2|Lunala, L50|\n|poke|p2|Flutter Mane, L50|\n|poke|p2|Chi-Yu, L50|\n|poke|p2|Ursaluna, L50, F|\n|poke|p2|Brute Bonnet, L50|\n|teampreview|4\n|inactive|Battle timer is ON: inactive players will automatically lose when time's up. (requested by eggtophat_real)\n|\n|t:|1774286528\n|teamsize|p1|4\n|teamsize|p2|4\n|start\n|switch|p1a: Ting-Lu|Ting-Lu, L50|100/100\n|switch|p1b: Ogerpon|Ogerpon-Hearthflame, L50, F|100/100\n|switch|p2a: Koraidon|Koraidon, L50|100/100\n|switch|p2b: Brute Bonnet|Brute Bonnet, L50, shiny|100/100\n|-weather|SunnyDay|[from] ability: Orichalcum Pulse|[of] p2a: Koraidon\n|-activate|p2b: Brute Bonnet|ability: Protosynthesis\n|-start|p2b: Brute Bonnet|protosynthesisdef\n|-activate|p2a: Koraidon|Orichalcum Pulse|[source]\n|-ability|p1b: Ogerpon|Mold Breaker\n|-ability|p1a: Ting-Lu|Vessel of Ruin\n|turn|1\n|inactive|itastelikeiron has 30 seconds left.\n|\n|t:|1774286556\n|-terastallize|p1b: Ogerpon|Fire\n|detailschange|p1b: Ogerpon|Ogerpon-Hearthflame-Tera, L50, F, tera:Fire\n|-ability|p1b: Ogerpon|Embody Aspect (Hearthflame)|boost\n|-boost|p1b: Ogerpon|atk|1\n|move|p2a: Koraidon|Close Combat|p1b: Ogerpon\n|-damage|p1b: Ogerpon|0 fnt\n|-unboost|p2a: Koraidon|def|1\n|-unboost|p2a: Koraidon|spd|1\n|faint|p1b: Ogerpon\n|detailschange|p1: Ogerpon|Ogerpon-Hearthflame, L50, F|[silent]\n|-damage|p2a: Koraidon|91/100|[from] item: Life Orb\n|move|p2b: Brute Bonnet|Spore|p1a: Ting-Lu\n|-status|p1a: Ting-Lu|slp|[from] move: Spore\n|cant|p1a: Ting-Lu|slp\n|\n|-weather|SunnyDay|[upkeep]\n|upkeep\n|\n|t:|1774286567\n|switch|p1b: Koraidon|Koraidon, L50|100/100\n|-activate|p1b: Koraidon|ability: Orichalcum Pulse\n|turn|2\n|\n|t:|1774286579\n|-terastallize|p2b: Brute Bonnet|Water\n|move|p2a: Koraidon|Protect|p2a: Koraidon\n|-singleturn|p2a: Koraidon|Protect\n|move|p1b: Koraidon|Collision Course|p2b: Brute Bonnet\n|-damage|p2b: Brute Bonnet|66/100\n|move|p2b: Brute Bonnet|Spore|p1b: Koraidon\n|-status|p1b: Koraidon|slp|[from] move: Spore\n|cant|p1a: Ting-Lu|slp\n|\n|-weather|SunnyDay|[upkeep]\n|upkeep\n|turn|3\n|\n|t:|1774286590\n|move|p2a: Koraidon|Close Combat|p1a: Ting-Lu\n|-supereffective|p1a: Ting-Lu\n|-damage|p1a: Ting-Lu|0 fnt\n|-unboost|p2a: Koraidon|def|1\n|-unboost|p2a: Koraidon|spd|1\n|-damage|p2a: Koraidon|74/100|[from] item: Rocky Helmet|[of] p1a: Ting-Lu\n|faint|p1a: Ting-Lu\n|-damage|p2a: Koraidon|65/100|[from] item: Life Orb\n|cant|p1b: Koraidon|slp\n|move|p2b: Brute Bonnet|Seed Bomb|p1b: Koraidon\n|-resisted|p1b: Koraidon\n|-damage|p1b: Koraidon|86/100 slp\n|\n|-weather|SunnyDay|[upkeep]\n|upkeep\n|\n|t:|1774286594\n|switch|p1a: Calyrex|Calyrex-Shadow, L50|100/100\n|-ability|p1a: Calyrex|As One\n|-ability|p1a: Calyrex|Unnerve\n|turn|4\n|\n|t:|1774286603\n|move|p2a: Koraidon|Protect|p2a: Koraidon\n|-singleturn|p2a: Koraidon|Protect\n|move|p2b: Brute Bonnet|Sucker Punch|p1a: Calyrex\n|-supereffective|p1a: Calyrex\n|-enditem|p1a: Calyrex|Focus Sash\n|-damage|p1a: Calyrex|1/100\n|move|p1a: Calyrex|Astral Barrage|p2b: Brute Bonnet|[spread] p2b\n|-activate|p2a: Koraidon|move: Protect\n|-damage|p2b: Brute Bonnet|22/100\n|-curestatus|p1b: Koraidon|slp|[msg]\n|move|p1b: Koraidon|Flame Charge|p2b: Brute Bonnet\n|-resisted|p2b: Brute Bonnet\n|-damage|p2b: Brute Bonnet|13/100\n|-boost|p1b: Koraidon|spe|1\n|\n|-weather|SunnyDay|[upkeep]\n|upkeep\n|turn|5\n|\n|t:|1774286620\n|move|p1a: Calyrex|Protect|p1a: Calyrex\n|-singleturn|p1a: Calyrex|Protect\n|move|p2b: Brute Bonnet|Rage Powder|p2b: Brute Bonnet\n|-singleturn|p2b: Brute Bonnet|move: Rage Powder\n|move|p1b: Koraidon|Flame Charge|p2b: Brute Bonnet\n|-resisted|p2b: Brute Bonnet\n|-damage|p2b: Brute Bonnet|4/100\n|-boost|p1b: Koraidon|spe|1\n|move|p2a: Koraidon|Close Combat|p1b: Koraidon\n|-damage|p1b: Koraidon|0 fnt\n|-unboost|p2a: Koraidon|def|1\n|-unboost|p2a: Koraidon|spd|1\n|faint|p1b: Koraidon\n|-damage|p2a: Koraidon|55/100|[from] item: Life Orb\n|\n|-weather|none\n|-end|p2b: Brute Bonnet|Protosynthesis\n|upkeep\n|turn|6\n|-message|itastelikeiron forfeited.\n|\n|win|eggtophat_real\n|raw|itastelikeiron's rating: 1432 &rarr; <strong>1407</strong><br />(-25 for losing)\n|raw|eggtophat_real's rating: 1344 &rarr; <strong>1369</strong><br />(+25 for winning)\n|l|\u2606itastelikeiron\n|player|p1|\n","uploadtime":1774286636,"views":12,"formatid":"gen9vgc2026regi","rating":1369,"private":0,"password":null}