{"id":"gen9vgc2026regi-2565927102","format":"[Gen 9] VGC 2026 Reg I","players":["lstdddsg","TheAndUrgeTheUrge"],"log":"|j|\u2606lstdddsg\n|j|\u2606TheAndUrgeTheUrge\n|t:|1774318769\n|gametype|doubles\n|player|p1|lstdddsg|riley|1513\n|player|p2|TheAndUrgeTheUrge|265|1504\n|gen|9\n|tier|[Gen 9] VGC 2026 Reg I\n|rated|\n|rule|Species Clause: Limit one of each Pok\u00e9mon\n|rule|Item Clause: Limit 1 of each item\n|clearpoke\n|poke|p1|Giratina-Origin, L50|\n|poke|p1|Zamazenta-*, L50|\n|poke|p1|Chien-Pao, L50|\n|poke|p1|Entei, L50|\n|poke|p1|Urshifu-*, L50, F|\n|poke|p1|Rillaboom, L50, F|\n|poke|p2|Zamazenta-*, L50|\n|poke|p2|Rillaboom, L50, F|\n|poke|p2|Incineroar, L50, F|\n|poke|p2|Chien-Pao, L50|\n|poke|p2|Miraidon, L50|\n|poke|p2|Flutter Mane, L50|\n|teampreview|4\n|inactive|Battle timer is ON: inactive players will automatically lose when time's up. (requested by lstdddsg)\n|inactive|lstdddsg has 60 seconds left.\n|inactive|TheAndUrgeTheUrge has 60 seconds left.\n|inactive|lstdddsg has 30 seconds left.\n|inactive|lstdddsg has 20 seconds left.\n|inactive|lstdddsg has 15 seconds left.\n|inactive|lstdddsg has 10 seconds left.\n|inactive|lstdddsg has 5 seconds left.\n|\n|t:|1774318855\n|teamsize|p1|4\n|teamsize|p2|4\n|start\n|switch|p1a: Entei|Entei, L50|100/100\n|switch|p1b: Chien-Pao|Chien-Pao, L50|100/100\n|switch|p2a: Zamazenta|Zamazenta-Crowned, L50, shiny|100/100\n|switch|p2b: Incineroar|Incineroar, L50, F, shiny|100/100\n|-ability|p1b: Chien-Pao|Sword of Ruin\n|-ability|p2a: Zamazenta|Dauntless Shield|boost\n|-boost|p2a: Zamazenta|def|1\n|-ability|p2b: Incineroar|Intimidate|boost\n|-fail|p1a: Entei|unboost|Attack|[from] ability: Inner Focus|[of] p1a: Entei\n|-unboost|p1b: Chien-Pao|atk|1\n|turn|1\n|\n|t:|1774318873\n|move|p1b: Chien-Pao|Protect|p1b: Chien-Pao\n|-singleturn|p1b: Chien-Pao|Protect\n|move|p2a: Zamazenta|Protect|p2a: Zamazenta\n|-singleturn|p2a: Zamazenta|Protect\n|move|p1a: Entei|Protect|p1a: Entei\n|-singleturn|p1a: Entei|Protect\n|move|p2b: Incineroar|Parting Shot|p1a: Entei\n|-activate|p1a: Entei|move: Protect\n|\n|upkeep\n|turn|2\n|inactive|lstdddsg has 30 seconds left.\n|inactive|TheAndUrgeTheUrge has 30 seconds left.\n|\n|t:|1774318905\n|-terastallize|p2a: Zamazenta|Ghost\n|move|p1b: Chien-Pao|Ruination|p2a: Zamazenta\n|-damage|p2a: Zamazenta|50/100\n|move|p2a: Zamazenta|Iron Defense|p2a: Zamazenta\n|-boost|p2a: Zamazenta|def|2\n|move|p1a: Entei|Stone Edge|p2b: Incineroar\n|-supereffective|p2b: Incineroar\n|-damage|p2b: Incineroar|2/100\n|-damage|p1a: Entei|91/100|[from] item: Life Orb\n|move|p2b: Incineroar|Parting Shot|p1a: Entei\n|-unboost|p1a: Entei|atk|1\n|-unboost|p1a: Entei|spa|1\n|\n|t:|1774318919\n|switch|p2b: Miraidon|Miraidon, L50|100/100|[from] Parting Shot\n|-fieldstart|move: Electric Terrain|[from] ability: Hadron Engine|[of] p2b: Miraidon\n|\n|upkeep\n|turn|3\n|\n|t:|1774318942\n|move|p1a: Entei|Extreme Speed|p2b: Miraidon\n|-damage|p2b: Miraidon|65/100\n|-damage|p1a: Entei|81/100|[from] item: Life Orb\n|move|p2b: Miraidon|Volt Switch|p1b: Chien-Pao\n|-enditem|p1b: Chien-Pao|Focus Sash\n|-damage|p1b: Chien-Pao|1/100\n|\n|t:|1774318950\n|switch|p2b: Incineroar|Incineroar, L50, F, shiny|2/100|[from] Volt Switch\n|-ability|p2b: Incineroar|Intimidate|boost\n|-fail|p1a: Entei|unboost|Attack|[from] ability: Inner Focus|[of] p1a: Entei\n|-unboost|p1b: Chien-Pao|atk|1\n|move|p1b: Chien-Pao|Icicle Crash|p2b: Incineroar\n|-resisted|p2b: Incineroar\n|-damage|p2b: Incineroar|0 fnt\n|faint|p2b: Incineroar\n|move|p2a: Zamazenta|Body Press|p1a: Entei\n|-damage|p1a: Entei|0 fnt\n|faint|p1a: Entei\n|\n|upkeep\n|inactive|lstdddsg has 30 seconds left.\n|\n|t:|1774318979\n|switch|p1a: Giratina|Giratina-Origin, L50|100/100\n|switch|p2b: Miraidon|Miraidon, L50|65/100\n|-activate|p2b: Miraidon|ability: Hadron Engine\n|turn|4\n|\n|t:|1774318988\n|move|p1b: Chien-Pao|Protect|p1b: Chien-Pao\n|-singleturn|p1b: Chien-Pao|Protect\n|move|p2a: Zamazenta|Protect|p2a: Zamazenta\n|-singleturn|p2a: Zamazenta|Protect\n|move|p1a: Giratina|Protect|p1a: Giratina\n|-singleturn|p1a: Giratina|Protect\n|move|p2b: Miraidon|Snarl|p1a: Giratina|[spread] \n|-activate|p1a: Giratina|move: Protect\n|-activate|p1b: Chien-Pao|move: Protect\n|\n|upkeep\n|turn|5\n|inactive|lstdddsg has 30 seconds left.\n|inactive|lstdddsg has 20 seconds left.\n|inactive|lstdddsg has 15 seconds left.\n|inactive|lstdddsg has 10 seconds left.\n|inactive|lstdddsg has 5 seconds left.\n|\n|t:|1774319043\n|move|p1b: Chien-Pao|Sucker Punch|p2a: Zamazenta\n|-supereffective|p2a: Zamazenta\n|-damage|p2a: Zamazenta|37/100\n|move|p2b: Miraidon|Snarl|p1b: Chien-Pao|[spread] p1a,p1b\n|-supereffective|p1a: Giratina\n|-resisted|p1b: Chien-Pao\n|-damage|p1a: Giratina|71/100\n|-damage|p1b: Chien-Pao|0 fnt\n|-unboost|p1a: Giratina|spa|1\n|faint|p1b: Chien-Pao\n|move|p2a: Zamazenta|Heavy Slam|p1a: Giratina\n|-damage|p1a: Giratina|59/100\n|move|p1a: Giratina|Poltergeist|p2a: Zamazenta\n|-activate|p2a: Zamazenta|move: Poltergeist|Rusted Shield\n|-supereffective|p2a: Zamazenta\n|-damage|p2a: Zamazenta|6/100\n|\n|upkeep\n|\n|t:|1774319059\n|switch|p1b: Zamazenta|Zamazenta-Crowned, L50|100/100\n|-ability|p1b: Zamazenta|Dauntless Shield|boost\n|-boost|p1b: Zamazenta|def|1\n|turn|6\n|inactive|lstdddsg has 30 seconds left.\n|inactive|lstdddsg has 20 seconds left.\n|\n|t:|1774319095\n|move|p2a: Zamazenta|Protect|p2a: Zamazenta\n|-singleturn|p2a: Zamazenta|Protect\n|move|p1a: Giratina|Shadow Sneak|p2a: Zamazenta\n|-activate|p2a: Zamazenta|move: Protect\n|move|p2b: Miraidon|Snarl|p1b: Zamazenta|[spread] p1a,p1b\n|-supereffective|p1a: Giratina\n|-resisted|p1b: Zamazenta\n|-damage|p1a: Giratina|33/100\n|-damage|p1b: Zamazenta|94/100\n|-unboost|p1a: Giratina|spa|1\n|-unboost|p1b: Zamazenta|spa|1\n|move|p1b: Zamazenta|Behemoth Bash|p2b: Miraidon\n|-resisted|p2b: Miraidon\n|-damage|p2b: Miraidon|47/100\n|\n|-fieldend|move: Electric Terrain\n|upkeep\n|turn|7\n|inactive|lstdddsg has 30 seconds left.\n|inactive|TheAndUrgeTheUrge has 30 seconds left.\n|inactive|lstdddsg has 20 seconds left.\n|inactive|TheAndUrgeTheUrge has 20 seconds left.\n|inactive|lstdddsg has 15 seconds left.\n|\n|t:|1774319135\n|switch|p2a: Chien-Pao|Chien-Pao, L50|100/100\n|-ability|p2a: Chien-Pao|Sword of Ruin\n|move|p1b: Zamazenta|Protect|p1b: Zamazenta\n|-singleturn|p1b: Zamazenta|Protect\n|move|p1a: Giratina|Shadow Sneak|p2b: Miraidon\n|-damage|p2b: Miraidon|11/100\n|move|p2b: Miraidon|Snarl|p1a: Giratina|[spread] p1a\n|-activate|p1b: Zamazenta|move: Protect\n|-supereffective|p1a: Giratina\n|-crit|p1a: Giratina\n|-damage|p1a: Giratina|3/100\n|-unboost|p1a: Giratina|spa|1\n|\n|upkeep\n|turn|8\n|inactive|lstdddsg has 30 seconds left.\n|\n|t:|1774319169\n|switch|p2b: Zamazenta|Zamazenta-Crowned, L50, shiny, tera:Ghost|6/100\n|move|p2a: Chien-Pao|Protect|p2a: Chien-Pao\n|-singleturn|p2a: Chien-Pao|Protect\n|move|p1a: Giratina|Protect|p1a: Giratina\n|-singleturn|p1a: Giratina|Protect\n|move|p1b: Zamazenta|Body Press|p2a: Chien-Pao\n|-activate|p2a: Chien-Pao|move: Protect\n|\n|upkeep\n|turn|9\n|\n|t:|1774319193\n|-terastallize|p1b: Zamazenta|Ghost\n|move|p1a: Giratina|Protect|p1a: Giratina\n|-singleturn|p1a: Giratina|Protect\n|move|p2a: Chien-Pao|Sucker Punch||[still]\n|-fail|p2a: Chien-Pao\n|move|p1b: Zamazenta|Body Press|p2a: Chien-Pao\n|-supereffective|p2a: Chien-Pao\n|-damage|p2a: Chien-Pao|0 fnt\n|faint|p2a: Chien-Pao\n|move|p2b: Zamazenta|Heavy Slam|p1a: Giratina\n|-activate|p1a: Giratina|move: Protect\n|\n|upkeep\n|c|\u2606TheAndUrgeTheUrge|pusc getting lucky\n|-message|TheAndUrgeTheUrge forfeited.\n|\n|win|lstdddsg\n|raw|lstdddsg's rating: 1513 &rarr; <strong>1532</strong><br />(+19 for winning)\n|raw|TheAndUrgeTheUrge's rating: 1504 &rarr; <strong>1485</strong><br />(-19 for losing)\n|l|\u2606TheAndUrgeTheUrge\n|player|p2|\n|l|\u2606lstdddsg\n|player|p1|\n","uploadtime":1774319472,"views":15,"formatid":"gen9vgc2026regi","rating":1485,"private":0,"password":null}