{"id":"gen9vgc2026regi-2540699781","format":"[Gen 9] VGC 2026 Reg I","players":["Logocentric","fogdocker"],"log":"|j|\u2606Logocentric\n|j|\u2606fogdocker\n|t:|1771242360\n|gametype|doubles\n|player|p1|Logocentric|265|1213\n|player|p2|fogdocker|1|1352\n|gen|9\n|tier|[Gen 9] VGC 2026 Reg I\n|rated|\n|rule|Species Clause: Limit one of each Pok\u00e9mon\n|rule|Item Clause: Limit 1 of each item\n|clearpoke\n|poke|p1|Terapagos, L50, M|\n|poke|p1|Lugia, L50|\n|poke|p1|Comfey, L50, F|\n|poke|p1|Rillaboom, L50, F|\n|poke|p1|Incineroar, L50, F|\n|poke|p1|Amoonguss, L50, M|\n|poke|p2|Terapagos, L50, M|\n|poke|p2|Miraidon, L50|\n|poke|p2|Sinistcha, L50|\n|poke|p2|Incineroar, L50, M|\n|poke|p2|Iron Treads, L50|\n|poke|p2|Urshifu-*, L50, M|\n|teampreview|4\n|\n|t:|1771242399\n|teamsize|p1|4\n|teamsize|p2|4\n|start\n|switch|p1a: Terapagos|Terapagos, L50, M|100/100\n|switch|p1b: Rillaboom|Rillaboom, L50, F|100/100\n|switch|p2a: Terapagos|Terapagos, L50, M|100/100\n|switch|p2b: Urshifu|Urshifu-Rapid-Strike, L50, M|100/100\n|-activate|p1a: Terapagos|ability: Tera Shift\n|detailschange|p1a: Terapagos|Terapagos-Terastal, L50, M\n|-heal|p1a: Terapagos|100/100|[silent]\n|-activate|p2a: Terapagos|ability: Tera Shift\n|detailschange|p2a: Terapagos|Terapagos-Terastal, L50, M\n|-heal|p2a: Terapagos|100/100|[silent]\n|-fieldstart|move: Grassy Terrain|[from] ability: Grassy Surge|[of] p1b: Rillaboom\n|turn|1\n|\n|t:|1771242421\n|switch|p2b: Miraidon|Miraidon, L50|100/100\n|-fieldstart|move: Electric Terrain|[from] ability: Hadron Engine|[of] p2b: Miraidon\n|-enditem|p2a: Terapagos|Electric Seed\n|-boost|p2a: Terapagos|def|1|[from] item: Electric Seed\n|move|p1b: Rillaboom|Fake Out|p2b: Miraidon\n|-damage|p2b: Miraidon|89/100\n|move|p1a: Terapagos|Calm Mind|p1a: Terapagos\n|-boost|p1a: Terapagos|spa|1\n|-boost|p1a: Terapagos|spd|1\n|move|p2a: Terapagos|Calm Mind|p2a: Terapagos\n|-boost|p2a: Terapagos|spa|1\n|-boost|p2a: Terapagos|spd|1\n|\n|upkeep\n|turn|2\n|\n|t:|1771242445\n|switch|p1b: Amoonguss|Amoonguss, L50, M|100/100\n|move|p2b: Miraidon|Snarl|p1b: Amoonguss|[spread] p1a,p1b\n|-activate|p1a: Terapagos|ability: Tera Shell\n|-resisted|p1a: Terapagos\n|-damage|p1a: Terapagos|95/100\n|-damage|p1b: Amoonguss|84/100\n|-unboost|p1a: Terapagos|spa|1\n|-unboost|p1b: Amoonguss|spa|1\n|move|p1a: Terapagos|Calm Mind|p1a: Terapagos\n|-boost|p1a: Terapagos|spa|1\n|-boost|p1a: Terapagos|spd|1\n|move|p2a: Terapagos|Calm Mind|p2a: Terapagos\n|-boost|p2a: Terapagos|spa|1\n|-boost|p2a: Terapagos|spd|1\n|\n|-heal|p1a: Terapagos|100/100|[from] item: Leftovers\n|upkeep\n|turn|3\n|\n|t:|1771242476\n|switch|p1b: Rillaboom|Rillaboom, L50, F|100/100\n|-fieldstart|move: Grassy Terrain|[from] ability: Grassy Surge|[of] p1b: Rillaboom\n|move|p2b: Miraidon|Snarl|p1a: Terapagos|[spread] p1a,p1b\n|-activate|p1a: Terapagos|ability: Tera Shell\n|-resisted|p1a: Terapagos\n|-damage|p1a: Terapagos|97/100\n|-damage|p1b: Rillaboom|90/100\n|-unboost|p1a: Terapagos|spa|1\n|-unboost|p1b: Rillaboom|spa|1\n|move|p1a: Terapagos|Calm Mind|p1a: Terapagos\n|-boost|p1a: Terapagos|spa|1\n|-boost|p1a: Terapagos|spd|1\n|move|p2a: Terapagos|Calm Mind|p2a: Terapagos\n|-boost|p2a: Terapagos|spa|1\n|-boost|p2a: Terapagos|spd|1\n|\n|-heal|p2b: Miraidon|95/100|[from] Grassy Terrain\n|-heal|p1a: Terapagos|100/100|[from] Grassy Terrain\n|-heal|p1b: Rillaboom|96/100|[from] Grassy Terrain\n|upkeep\n|turn|4\n|\n|t:|1771242504\n|move|p2b: Miraidon|Volt Switch|p1a: Terapagos\n|-activate|p1a: Terapagos|ability: Tera Shell\n|-resisted|p1a: Terapagos\n|-damage|p1a: Terapagos|94/100\n|\n|t:|1771242512\n|switch|p2b: Urshifu|Urshifu-Rapid-Strike, L50, M|100/100|[from] Volt Switch\n|move|p1a: Terapagos|Calm Mind|p1a: Terapagos\n|-boost|p1a: Terapagos|spa|1\n|-boost|p1a: Terapagos|spd|1\n|move|p2a: Terapagos|Calm Mind|p2a: Terapagos\n|-boost|p2a: Terapagos|spa|1\n|-boost|p2a: Terapagos|spd|1\n|move|p1b: Rillaboom|Wood Hammer|p2b: Urshifu\n|-supereffective|p2b: Urshifu\n|-damage|p2b: Urshifu|0 fnt\n|faint|p2b: Urshifu\n|-damage|p1b: Rillaboom|65/100|[from] Recoil\n|\n|-heal|p1a: Terapagos|100/100|[from] Grassy Terrain\n|-heal|p1b: Rillaboom|71/100|[from] Grassy Terrain\n|upkeep\n|\n|t:|1771242516\n|switch|p2b: Miraidon|Miraidon, L50|95/100\n|-fieldstart|move: Electric Terrain|[from] ability: Hadron Engine|[of] p2b: Miraidon\n|turn|5\n|\n|t:|1771242552\n|-terastallize|p2a: Terapagos|Stellar\n|detailschange|p2a: Terapagos|Terapagos-Stellar, L50, M, tera:Stellar\n|-heal|p2a: Terapagos|100/100|[silent]\n|-ability|p2a: Terapagos|Teraform Zero\n|-fieldend|move: Electric Terrain\n|move|p2b: Miraidon|Snarl|p1a: Terapagos|[spread] p1a,p1b\n|-activate|p1a: Terapagos|ability: Tera Shell\n|-resisted|p1a: Terapagos\n|-damage|p1a: Terapagos|98/100\n|-damage|p1b: Rillaboom|60/100\n|-unboost|p1a: Terapagos|spa|1\n|-unboost|p1b: Rillaboom|spa|1\n|move|p1a: Terapagos|Earth Power|p2b: Miraidon\n|-supereffective|p2b: Miraidon\n|-damage|p2b: Miraidon|55/100\n|move|p1b: Rillaboom|U-turn|p2b: Miraidon\n|-damage|p2b: Miraidon|36/100\n|\n|t:|1771242578\n|switch|p1b: Amoonguss|Amoonguss, L50, M|100/100|[from] U-turn\n|move|p2a: Terapagos|Tera Starstorm|p1b: Amoonguss|[spread] p1a,p1b\n|-damage|p1a: Terapagos|69/100\n|-damage|p1b: Amoonguss|2/100\n|\n|-heal|p1a: Terapagos|75/100|[from] item: Leftovers\n|upkeep\n|turn|6\n|\n|t:|1771242614\n|-terastallize|p1a: Terapagos|Stellar\n|detailschange|p1a: Terapagos|Terapagos-Stellar, L50, M, tera:Stellar\n|-heal|p1a: Terapagos|82/100|[silent]\n|move|p2b: Miraidon|Snarl|p1a: Terapagos|[spread] p1a,p1b\n|-damage|p1a: Terapagos|78/100\n|-damage|p1b: Amoonguss|0 fnt\n|-unboost|p1a: Terapagos|spa|1\n|faint|p1b: Amoonguss\n|move|p1a: Terapagos|Tera Starstorm|p2b: Miraidon|[spread] p2a,p2b\n|-supereffective|p2a: Terapagos\n|-damage|p2a: Terapagos|87/100\n|-damage|p2b: Miraidon|18/100\n|move|p2a: Terapagos|Tera Starstorm|p1a: Terapagos\n|-supereffective|p1a: Terapagos\n|-damage|p1a: Terapagos|15/100\n|\n|-heal|p1a: Terapagos|21/100|[from] item: Leftovers\n|upkeep\n|\n|t:|1771242633\n|switch|p1b: Lugia|Lugia, L50|100/100\n|turn|7\n|\n|t:|1771242648\n|move|p1a: Terapagos|Protect|p1a: Terapagos\n|-singleturn|p1a: Terapagos|Protect\n|move|p2b: Miraidon|Volt Switch|p1b: Lugia\n|-supereffective|p1b: Lugia\n|-damage|p1b: Lugia|79/100\n|\n|t:|1771242654\n|switch|p2b: Sinistcha|Sinistcha, L50|100/100|[from] Volt Switch\n|-heal|p2a: Terapagos|100/100|[from] ability: Hospitality|[of] p2b: Sinistcha\n|move|p1b: Lugia|Psych Up|p2a: Terapagos\n|-copyboost|p1b: Lugia|p2a: Terapagos|[from] move: Psych Up\n|move|p2a: Terapagos|Tera Starstorm|p1a: Terapagos|[spread] p1b\n|-activate|p1a: Terapagos|move: Protect\n|-crit|p1b: Lugia\n|-damage|p1b: Lugia|0 fnt\n|faint|p1b: Lugia\n|\n|-heal|p1a: Terapagos|27/100|[from] item: Leftovers\n|upkeep\n|-message|Logocentric forfeited.\n|\n|win|fogdocker\n|raw|Logocentric's rating: 1213 &rarr; <strong>1198</strong><br />(-15 for losing)\n|raw|fogdocker's rating: 1352 &rarr; <strong>1364</strong><br />(+12 for winning)\n|l|\u2606Logocentric\n|player|p1|\n|l|\u2606fogdocker\n|player|p2|\n","uploadtime":1771242895,"views":29,"formatid":"gen9vgc2026regi","rating":1198,"private":0,"password":null}