{"id":"gen9vgc2026regi-2559371182","format":"[Gen 9] VGC 2026 Reg I","players":["Umanohito","TheManOfSausage"],"log":"|j|\u2606Umanohito\n|j|\u2606TheManOfSausage\n|t:|1773553695\n|gametype|doubles\n|player|p1|Umanohito|265|1518\n|player|p2|TheManOfSausage|miku-water|1510\n|gen|9\n|tier|[Gen 9] VGC 2026 Reg I\n|rated|\n|rule|Species Clause: Limit one of each Pok\u00e9mon\n|rule|Item Clause: Limit 1 of each item\n|clearpoke\n|poke|p1|Calyrex-Shadow, L50|\n|poke|p1|Miraidon, L50|\n|poke|p1|Rillaboom, L50, M|\n|poke|p1|Incineroar, L50, F|\n|poke|p1|Grimmsnarl, L50, M|\n|poke|p1|Clefairy, L50, F|\n|poke|p2|Zamazenta-*, L50|\n|poke|p2|Miraidon, L50|\n|poke|p2|Ogerpon-Cornerstone, L50, F|\n|poke|p2|Incineroar, L50, M|\n|poke|p2|Volcarona, L50, M|\n|poke|p2|Iron Bundle, L50|\n|teampreview|4\nTheManOfSausage has agreed to open team sheets.\n|\n|t:|1773553764\n|teamsize|p1|4\n|teamsize|p2|4\n|start\n|switch|p1a: Calyrex|Calyrex-Shadow, L50|100/100\n|switch|p1b: Rillaboom|Rillaboom, L50, M|100/100\n|switch|p2a: Magical Mirai|Miraidon, L50|100/100\n|switch|p2b: Volcarona|Volcarona, L50, M|100/100\n|-ability|p1a: Calyrex|As One\n|-ability|p1a: Calyrex|Unnerve\n|-fieldstart|move: Electric Terrain|[from] ability: Hadron Engine|[of] p2a: Magical Mirai\n|-enditem|p2b: Volcarona|Electric Seed\n|-boost|p2b: Volcarona|def|1|[from] item: Electric Seed\n|-fieldstart|move: Grassy Terrain|[from] ability: Grassy Surge|[of] p1b: Rillaboom\n|turn|1\n|\n|t:|1773553798\n|-terastallize|p1a: Calyrex|Fairy\n|move|p2a: Magical Mirai|Snarl|p1b: Rillaboom|[spread] p1a,p1b\n|-resisted|p1a: Calyrex\n|-damage|p1a: Calyrex|94/100\n|-damage|p1b: Rillaboom|90/100\n|-unboost|p1b: Rillaboom|spa|1\n|move|p1a: Calyrex|Calm Mind|p1a: Calyrex\n|-boost|p1a: Calyrex|spa|1\n|-boost|p1a: Calyrex|spd|1\n|move|p2b: Volcarona|Quiver Dance|p2b: Volcarona\n|-boost|p2b: Volcarona|spa|1\n|-boost|p2b: Volcarona|spd|1\n|-boost|p2b: Volcarona|spe|1\n|move|p1b: Rillaboom|U-turn|p2a: Magical Mirai\n|-damage|p2a: Magical Mirai|80/100\n|\n|t:|1773553812\n|switch|p1b: Incineroar|Incineroar, L50, F|100/100|[from] U-turn\n|-ability|p1b: Incineroar|Intimidate|boost\n|-unboost|p2a: Magical Mirai|atk|1\n|-unboost|p2b: Volcarona|atk|1\n|\n|-heal|p2a: Magical Mirai|86/100|[from] Grassy Terrain\n|-heal|p1a: Calyrex|99/100|[from] Grassy Terrain\n|upkeep\n|turn|2\n|\n|t:|1773553823\n|switch|p2a: Incineroar|Incineroar, L50, M, shiny|100/100\n|-ability|p2a: Incineroar|Intimidate|boost\n|-unboost|p1a: Calyrex|atk|1\n|-unboost|p1b: Incineroar|atk|1\n|move|p1b: Incineroar|Fake Out|p2b: Volcarona\n|-damage|p2b: Volcarona|93/100\n|cant|p2b: Volcarona|flinch\n|move|p1a: Calyrex|Calm Mind|p1a: Calyrex\n|-boost|p1a: Calyrex|spa|1\n|-boost|p1a: Calyrex|spd|1\n|\n|-heal|p2b: Volcarona|99/100|[from] Grassy Terrain\n|-heal|p1a: Calyrex|100/100|[from] Grassy Terrain\n|upkeep\n|turn|3\n|\n|t:|1773553857\n|move|p2b: Volcarona|Quiver Dance|p2b: Volcarona\n|-boost|p2b: Volcarona|spa|1\n|-boost|p2b: Volcarona|spd|1\n|-boost|p2b: Volcarona|spe|1\n|move|p1a: Calyrex|Calm Mind|p1a: Calyrex\n|-boost|p1a: Calyrex|spa|1\n|-boost|p1a: Calyrex|spd|1\n|move|p2a: Incineroar|Knock Off|p1a: Calyrex\n|-resisted|p1a: Calyrex\n|-damage|p1a: Calyrex|83/100\n|-enditem|p1a: Calyrex|Covert Cloak|[from] move: Knock Off|[of] p2a: Incineroar\n|move|p1b: Incineroar|Parting Shot|p2b: Volcarona\n|-unboost|p2b: Volcarona|atk|1\n|-unboost|p2b: Volcarona|spa|1\n|\n|t:|1773553870\n|switch|p1b: Miraidon|Miraidon, L50|100/100|[from] Parting Shot\n|-fieldstart|move: Electric Terrain|[from] ability: Hadron Engine|[of] p1b: Miraidon\n|\n|upkeep\n|turn|4\n|\n|t:|1773553906\n|move|p2b: Volcarona|Quiver Dance|p2b: Volcarona\n|-boost|p2b: Volcarona|spa|1\n|-boost|p2b: Volcarona|spd|1\n|-boost|p2b: Volcarona|spe|1\n|move|p1b: Miraidon|Electro Drift|p2b: Volcarona\n|-damage|p2b: Volcarona|60/100\n|move|p1a: Calyrex|Astral Barrage|p2a: Incineroar|[spread] p2a,p2b\n|-resisted|p2a: Incineroar\n|-damage|p2a: Incineroar|60/100\n|-damage|p2b: Volcarona|7/100\n|move|p2a: Incineroar|U-turn|p1b: Miraidon\n|-damage|p1b: Miraidon|84/100\n|\n|t:|1773553911\n|switch|p2a: Magical Mirai|Miraidon, L50|86/100|[from] U-turn\n|-activate|p2a: Magical Mirai|ability: Hadron Engine\n|\n|upkeep\n|turn|5\n|\n|t:|1773553934\n|switch|p1b: Rillaboom|Rillaboom, L50, M|90/100\n|-fieldstart|move: Grassy Terrain|[from] ability: Grassy Surge|[of] p1b: Rillaboom\n|-terastallize|p2b: Volcarona|Grass\n|move|p2b: Volcarona|Giga Drain|p1a: Calyrex\n|-damage|p1a: Calyrex|45/100\n|-heal|p2b: Volcarona|31/100|[from] drain|[of] p1a: Calyrex\n|move|p2a: Magical Mirai|Volt Switch|p1a: Calyrex\n|-damage|p1a: Calyrex|29/100\n|\n|t:|1773553939\n|switch|p2a: Incineroar|Incineroar, L50, M, shiny|60/100|[from] Volt Switch\n|-ability|p2a: Incineroar|Intimidate|boost\n|-unboost|p1a: Calyrex|atk|1\n|-unboost|p1b: Rillaboom|atk|1\n|move|p1a: Calyrex|Astral Barrage|p2a: Incineroar|[spread] p2a,p2b\n|-resisted|p2a: Incineroar\n|-damage|p2a: Incineroar|27/100\n|-damage|p2b: Volcarona|0 fnt\n|faint|p2b: Volcarona\n|-ability|p1a: Calyrex|Grim Neigh|boost\n|-boost|p1a: Calyrex|spa|1\n|\n|-heal|p1a: Calyrex|35/100|[from] Grassy Terrain\n|-heal|p1b: Rillaboom|96/100|[from] Grassy Terrain\n|-heal|p2a: Incineroar|33/100|[from] Grassy Terrain\n|upkeep\n|\n|t:|1773553942\n|switch|p2b: Zamazenta|Zamazenta-Crowned, L50|100/100\n|-ability|p2b: Zamazenta|Dauntless Shield|boost\n|-boost|p2b: Zamazenta|def|1\n|turn|6\n|c|\u2606TheManOfSausage|gg\n|-message|TheManOfSausage forfeited.\n|\n|win|Umanohito\n|raw|Umanohito's rating: 1518 &rarr; <strong>1538</strong><br />(+20 for winning)\n|raw|TheManOfSausage's rating: 1510 &rarr; <strong>1490</strong><br />(-20 for losing)\n|l|\u2606TheManOfSausage\n|player|p2|\n|l|\u2606Umanohito\n|player|p1|\n","uploadtime":1773554163,"views":16,"formatid":"gen9vgc2026regi","rating":1490,"private":0,"password":null}