{"id":"gen9vgc2026regi-2538577340","format":"[Gen 9] VGC 2026 Reg I","players":["eye-zitt","kakkoiiwwwwww"],"log":"|j|\u2606eye-zitt\n|j|\u2606kakkoiiwwwwww\n|t:|1770942651\n|gametype|doubles\n|player|p1|eye-zitt|hilbert|1233\n|player|p2|kakkoiiwwwwww|2|1204\n|gen|9\n|tier|[Gen 9] VGC 2026 Reg I\n|rated|\n|rule|Species Clause: Limit one of each Pok\u00e9mon\n|rule|Item Clause: Limit 1 of each item\n|clearpoke\n|poke|p1|Terapagos, L50, M|\n|poke|p1|Calyrex-Shadow, L50|\n|poke|p1|Rillaboom, L50, F|\n|poke|p1|Incineroar, L50, F|\n|poke|p1|Amoonguss, L50, F|\n|poke|p1|Ogerpon-Cornerstone, L50, F|\n|poke|p2|Miraidon, L50|\n|poke|p2|Electivire, L50, M|\n|poke|p2|Groudon, L50|\n|poke|p2|Walking Wake, L50|\n|poke|p2|Incineroar, L50, M|\n|poke|p2|Chien-Pao, L50|\n|teampreview|4\n|inactive|Battle timer is ON: inactive players will automatically lose when time's up. (requested by eye-zitt)\n|\n|t:|1770942669\n|teamsize|p1|4\n|teamsize|p2|4\n|start\n|switch|p1a: Terapagos|Terapagos, L50, M|100/100\n|switch|p1b: Amoonguss|Amoonguss, L50, F|100/100\n|switch|p2a: Groudon|Groudon, L50|100/100\n|switch|p2b: Walking Wake|Walking Wake, L50|100/100\n|-activate|p1a: Terapagos|ability: Tera Shift\n|detailschange|p1a: Terapagos|Terapagos-Terastal, L50, M\n|-heal|p1a: Terapagos|100/100|[silent]\n|-weather|SunnyDay|[from] ability: Drought|[of] p2a: Groudon\n|-activate|p2b: Walking Wake|ability: Protosynthesis\n|-start|p2b: Walking Wake|protosynthesisspa\n|turn|1\n|\n|t:|1770942689\n|move|p1b: Amoonguss|Rage Powder|p1b: Amoonguss\n|-singleturn|p1b: Amoonguss|move: Rage Powder\n|move|p2b: Walking Wake|Flamethrower|p1b: Amoonguss\n|-supereffective|p1b: Amoonguss\n|-damage|p1b: Amoonguss|0 fnt\n|faint|p1b: Amoonguss\n|move|p1a: Terapagos|Calm Mind|p1a: Terapagos\n|-boost|p1a: Terapagos|spa|1\n|-boost|p1a: Terapagos|spd|1\n|move|p2a: Groudon|Precipice Blades|p1a: Terapagos\n|-activate|p1a: Terapagos|ability: Tera Shell\n|-resisted|p1a: Terapagos\n|-damage|p1a: Terapagos|71/100\n|\n|-weather|SunnyDay|[upkeep]\n|-heal|p1a: Terapagos|77/100|[from] item: Leftovers\n|upkeep\n|\n|t:|1770942697\n|switch|p1b: Calyrex|Calyrex-Shadow, L50|100/100\n|-ability|p1b: Calyrex|As One\n|-ability|p1b: Calyrex|Unnerve\n|turn|2\n|inactive|kakkoiiwwwwww has 30 seconds left.\n|\n|t:|1770942728\n|-terastallize|p1a: Terapagos|Stellar\n|detailschange|p1a: Terapagos|Terapagos-Stellar, L50, M, tera:Stellar\n|-heal|p1a: Terapagos|83/100|[silent]\n|-ability|p1a: Terapagos|Teraform Zero\n|-weather|none\n|-end|p2b: Walking Wake|Protosynthesis\n|-enditem|p2b: Walking Wake|Booster Energy\n|-activate|p2b: Walking Wake|ability: Protosynthesis|[fromitem]\n|-start|p2b: Walking Wake|protosynthesisspa\n|move|p2a: Groudon|Protect|p2a: Groudon\n|-singleturn|p2a: Groudon|Protect\n|move|p1b: Calyrex|Astral Barrage|p2b: Walking Wake|[spread] p2b\n|-activate|p2a: Groudon|move: Protect\n|-damage|p2b: Walking Wake|34/100\n|move|p2b: Walking Wake|Snarl|p1a: Terapagos|[spread] p1a,p1b\n|-supereffective|p1b: Calyrex\n|-damage|p1a: Terapagos|74/100\n|-damage|p1b: Calyrex|16/100\n|-unboost|p1a: Terapagos|spa|1\n|-unboost|p1b: Calyrex|spa|1\n|move|p1a: Terapagos|Tera Starstorm|p2b: Walking Wake|[spread] p2b\n|-activate|p2a: Groudon|move: Protect\n|-damage|p2b: Walking Wake|0 fnt\n|faint|p2b: Walking Wake\n|-end|p2b: Walking Wake|Protosynthesis|[silent]\n|\n|-heal|p1a: Terapagos|80/100|[from] item: Leftovers\n|upkeep\n|inactive|kakkoiiwwwwww has 30 seconds left.\n|\n|t:|1770942756\n|switch|p2b: Electivire|Electivire, L50, M|100/100\n|turn|3\n|\n|t:|1770942764\n|move|p2b: Electivire|Protect|p2b: Electivire\n|-singleturn|p2b: Electivire|Protect\n|move|p1b: Calyrex|Astral Barrage|p2b: Electivire|[spread] p2a\n|-activate|p2b: Electivire|move: Protect\n|-damage|p2a: Groudon|69/100\n|move|p1a: Terapagos|Earth Power|p2b: Electivire\n|-activate|p2b: Electivire|move: Protect\n|move|p2a: Groudon|Precipice Blades|p1b: Calyrex|[spread] p1a,p1b\n|-damage|p1a: Terapagos|48/100\n|-damage|p1b: Calyrex|0 fnt\n|faint|p1b: Calyrex\n|\n|-heal|p1a: Terapagos|55/100|[from] item: Leftovers\n|upkeep\n|\n|t:|1770942767\n|switch|p1b: Rillaboom|Rillaboom, L50, F|100/100\n|-fieldstart|move: Grassy Terrain|[from] ability: Grassy Surge|[of] p1b: Rillaboom\n|turn|4\n|\n|t:|1770942788\n|switch|p2b: Miraidon|Miraidon, L50|100/100\n|-fieldstart|move: Electric Terrain|[from] ability: Hadron Engine|[of] p2b: Miraidon\n|move|p1a: Terapagos|Earth Power|p2a: Groudon\n|-damage|p2a: Groudon|32/100\n|move|p2a: Groudon|Heat Crash|p1b: Rillaboom\n|-supereffective|p1b: Rillaboom\n|-damage|p1b: Rillaboom|7/100\n|move|p1b: Rillaboom|Grassy Glide|p2b: Miraidon\n|-resisted|p2b: Miraidon\n|-damage|p2b: Miraidon|87/100\n|\n|-heal|p1a: Terapagos|61/100|[from] item: Leftovers\n|upkeep\n|turn|5\n|\n|t:|1770942808\n|switch|p2a: Electivire|Electivire, L50, M|100/100\n|-terastallize|p2b: Miraidon|Electric\n|move|p2b: Miraidon|Discharge|p1b: Rillaboom|[spread] p1a,p1b\n|-ability|p2a: Electivire|Motor Drive|boost\n|-boost|p2a: Electivire|spe|1\n|-resisted|p1b: Rillaboom\n|-damage|p1a: Terapagos|32/100\n|-damage|p1b: Rillaboom|0 fnt\n|faint|p1b: Rillaboom\n|move|p1a: Terapagos|Earth Power|p2b: Miraidon\n|-supereffective|p2b: Miraidon\n|-damage|p2b: Miraidon|19/100\n|\n|-heal|p1a: Terapagos|38/100|[from] item: Leftovers\n|upkeep\n|turn|6\n|\n|t:|1770942826\n|move|p1a: Terapagos|Protect|p1a: Terapagos\n|-singleturn|p1a: Terapagos|Protect\n|move|p2b: Miraidon|Discharge|p1a: Terapagos|[spread] \n|-activate|p1a: Terapagos|move: Protect\n|-ability|p2a: Electivire|Motor Drive|boost\n|-boost|p2a: Electivire|spe|1\n|move|p2a: Electivire|Hammer Arm|p1a: Terapagos\n|-activate|p1a: Terapagos|move: Protect\n|\n|-heal|p1a: Terapagos|44/100|[from] item: Leftovers\n|upkeep\n|turn|7\n|\n|t:|1770942842\n|move|p2b: Miraidon|Discharge|p1a: Terapagos|[spread] p1a\n|-ability|p2a: Electivire|Motor Drive|boost\n|-boost|p2a: Electivire|spe|1\n|-crit|p1a: Terapagos\n|-damage|p1a: Terapagos|0 fnt\n|faint|p1a: Terapagos\n|detailschange|p1: Terapagos|Terapagos, L50, M|[silent]\n|\n|win|kakkoiiwwwwww\n|raw|eye-zitt's rating: 1233 &rarr; <strong>1206</strong><br />(-27 for losing)\n|raw|kakkoiiwwwwww's rating: 1204 &rarr; <strong>1231</strong><br />(+27 for winning)\n|l|\u2606eye-zitt\n|player|p1|\n|l|\u2606kakkoiiwwwwww\n|player|p2|\n","uploadtime":1770942846,"views":38,"formatid":"gen9vgc2026regi","rating":1206,"private":0,"password":null}