{"id":"gen9vgc2026regi-2533181045","format":"[Gen 9] VGC 2026 Reg I","players":["Cannon14","VJ2511"],"log":"|j|\u2606Cannon14\n|j|\u2606VJ2511\n|t:|1770268229\n|gametype|doubles\n|player|p1|Cannon14|steven|1397\n|player|p2|VJ2511|red-masters3|1477\n|gen|9\n|tier|[Gen 9] VGC 2026 Reg I\n|rated|\n|rule|Species Clause: Limit one of each Pok\u00e9mon\n|rule|Item Clause: Limit 1 of each item\n|clearpoke\n|poke|p1|Calyrex-Shadow, L50|\n|poke|p1|Clefairy, L50, F|\n|poke|p1|Terapagos, L50, M|\n|poke|p1|Incineroar, L50, F|\n|poke|p1|Amoonguss, L50, M|\n|poke|p1|Ogerpon-Cornerstone, L50, F|\n|poke|p2|Calyrex-Shadow, L50|\n|poke|p2|Zamazenta-*, L50|\n|poke|p2|Chien-Pao, L50|\n|poke|p2|Dragonite, L50, M|\n|poke|p2|Raging Bolt, L50|\n|poke|p2|Amoonguss, L50, F|\n|teampreview|4\n|inactive|Battle timer is ON: inactive players will automatically lose when time's up. (requested by Cannon14)\n|inactive|VJ2511 has 60 seconds left.\n|c|\u2606Cannon14|wait\n|\n|t:|1770268262\n|teamsize|p1|4\n|teamsize|p2|4\n|start\n|switch|p1a: Terapagos|Terapagos, L50, M|100/100\n|switch|p1b: Ogerpon|Ogerpon-Cornerstone, L50, F|100/100\n|switch|p2a: Calyrex|Calyrex-Shadow, L50|100/100\n|switch|p2b: Dragonite|Dragonite, L50, M, shiny|100/100\n|-activate|p1a: Terapagos|ability: Tera Shift\n|detailschange|p1a: Terapagos|Terapagos-Terastal, L50, M\n|-heal|p1a: Terapagos|100/100|[silent]\n|-ability|p2a: Calyrex|As One\n|-ability|p2a: Calyrex|Unnerve\n|turn|1\n|c|\u2606Cannon14|hello?\n|c|\u2606VJ2511|hi cannon\n|c|\u2606Cannon14|ah\n|c|\u2606Cannon14|found u\n|c|\u2606VJ2511|we do in fact know each other\n|c|\u2606Cannon14|yea\n|c|\u2606Cannon14|what a coincidence\n|inactive|Cannon14 has 30 seconds left.\n|c|\u2606VJ2511|indeed\n|inactive|Cannon14 has 20 seconds left.\n|inactive|VJ2511 has 30 seconds left.\n|\n|t:|1770268302\n|-terastallize|p2b: Dragonite|Normal\n|move|p2b: Dragonite|Extreme Speed|p1b: Ogerpon\n|-resisted|p1b: Ogerpon\n|-damage|p1b: Ogerpon|62/100\n|move|p2a: Calyrex|Astral Barrage|p1a: Terapagos|[spread] p1b\n|-immune|p1a: Terapagos\n|-damage|p1b: Ogerpon|6/100\n|move|p1b: Ogerpon|Ivy Cudgel|p2a: Calyrex|[anim] Ivy Cudgel Rock\n|-damage|p2a: Calyrex|28/100\n|move|p1a: Terapagos|Substitute|p1a: Terapagos\n|-start|p1a: Terapagos|Substitute\n|-damage|p1a: Terapagos|76/100\n|\n|-heal|p1a: Terapagos|82/100|[from] item: Leftovers\n|upkeep\n|turn|2\n|inactive|Cannon14 has 30 seconds left.\n|\n|t:|1770268328\n|-terastallize|p1a: Terapagos|Stellar\n|detailschange|p1a: Terapagos|Terapagos-Stellar, L50, M, tera:Stellar\n|-heal|p1a: Terapagos|86/100|[silent]\n|move|p2b: Dragonite|Extreme Speed|p1b: Ogerpon\n|-resisted|p1b: Ogerpon\n|-damage|p1b: Ogerpon|0 fnt\n|faint|p1b: Ogerpon\n|move|p2a: Calyrex|Encore|p1a: Terapagos\n|-start|p1a: Terapagos|Encore\n|move|p1a: Terapagos|Substitute|p1a: Terapagos\n|-fail|p1a: Terapagos|move: Substitute\n|\n|-heal|p1a: Terapagos|92/100|[from] item: Leftovers\n|upkeep\n|c|\u2606Cannon14|bru\n|\n|t:|1770268349\n|switch|p1b: Calyrex|Calyrex-Shadow, L50|100/100\n|-ability|p1b: Calyrex|As One\n|-ability|p1b: Calyrex|Unnerve\n|turn|3\n|\n|t:|1770268360\n|move|p1b: Calyrex|Protect|p1b: Calyrex\n|-singleturn|p1b: Calyrex|Protect\n|move|p2b: Dragonite|Extreme Speed|p1a: Terapagos\n|-end|p1a: Terapagos|Substitute\n|move|p2a: Calyrex|Astral Barrage|p1b: Calyrex|[spread] \n|-activate|p1b: Calyrex|move: Protect\n|-immune|p1a: Terapagos\n|move|p1a: Terapagos|Substitute|p1a: Terapagos\n|-start|p1a: Terapagos|Substitute\n|-damage|p1a: Terapagos|68/100\n|\n|-heal|p1a: Terapagos|74/100|[from] item: Leftovers\n|upkeep\n|turn|4\n|\n|t:|1770268370\n|move|p2b: Dragonite|Extreme Speed|p1a: Terapagos\n|-end|p1a: Terapagos|Substitute\n|move|p1b: Calyrex|Astral Barrage|p2a: Calyrex|[spread] p2a\n|-immune|p2b: Dragonite\n|-supereffective|p2a: Calyrex\n|-damage|p2a: Calyrex|0 fnt\n|faint|p2a: Calyrex\n|-ability|p1b: Calyrex|Grim Neigh|boost\n|-boost|p1b: Calyrex|spa|1\n|-damage|p1b: Calyrex|91/100|[from] item: Life Orb\n|move|p1a: Terapagos|Substitute|p1a: Terapagos\n|-start|p1a: Terapagos|Substitute\n|-damage|p1a: Terapagos|49/100\n|\n|-heal|p1a: Terapagos|55/100|[from] item: Leftovers\n|-end|p1a: Terapagos|Encore\n|upkeep\n|\n|t:|1770268376\n|switch|p2a: Chien-Pao|Chien-Pao, L50|100/100\n|-ability|p2a: Chien-Pao|Sword of Ruin\n|turn|5\n|\n|t:|1770268390\n|switch|p1b: Incineroar|Incineroar, L50, F|100/100\n|-ability|p1b: Incineroar|Intimidate|boost\n|-unboost|p2a: Chien-Pao|atk|1\n|-fail|p2b: Dragonite|unboost|Attack|[from] ability: Inner Focus|[of] p2b: Dragonite\n|switch|p2b: Zamazenta|Zamazenta-Crowned, L50|100/100\n|-ability|p2b: Zamazenta|Dauntless Shield|boost\n|-boost|p2b: Zamazenta|def|1\n|move|p2a: Chien-Pao|Ice Spinner|p1a: Terapagos\n|-activate|p1a: Terapagos|move: Substitute|[damage]\n|move|p1a: Terapagos|Tera Starstorm|p2b: Zamazenta|[spread] p2a,p2b\n|-crit|p2a: Chien-Pao\n|-damage|p2a: Chien-Pao|51/100\n|-damage|p2b: Zamazenta|78/100\n|\n|-heal|p1a: Terapagos|61/100|[from] item: Leftovers\n|upkeep\n|turn|6\n|\n|t:|1770268405\n|move|p1b: Incineroar|Fake Out|p2b: Zamazenta\n|-resisted|p2b: Zamazenta\n|-damage|p2b: Zamazenta|75/100\n|move|p2a: Chien-Pao|Ruination|p1a: Terapagos\n|-end|p1a: Terapagos|Substitute\n|cant|p2b: Zamazenta|flinch\n|move|p1a: Terapagos|Calm Mind|p1a: Terapagos\n|-boost|p1a: Terapagos|spa|1\n|-boost|p1a: Terapagos|spd|1\n|\n|-heal|p1a: Terapagos|67/100|[from] item: Leftovers\n|upkeep\n|turn|7\n|\n|t:|1770268416\n|move|p1a: Terapagos|Protect|p1a: Terapagos\n|-singleturn|p1a: Terapagos|Protect\n|move|p2a: Chien-Pao|Ruination|p1a: Terapagos\n|-activate|p1a: Terapagos|move: Protect\n|move|p2b: Zamazenta|Body Press|p1b: Incineroar\n|-supereffective|p1b: Incineroar\n|-damage|p1b: Incineroar|0 fnt\n|faint|p1b: Incineroar\n|\n|-heal|p1a: Terapagos|73/100|[from] item: Leftovers\n|upkeep\n|\n|t:|1770268423\n|switch|p1b: Calyrex|Calyrex-Shadow, L50|91/100\n|-ability|p1b: Calyrex|As One\n|-ability|p1b: Calyrex|Unnerve\n|turn|8\n|\n|t:|1770268433\n|move|p2a: Chien-Pao|Sucker Punch|p1b: Calyrex\n|-supereffective|p1b: Calyrex\n|-damage|p1b: Calyrex|0 fnt\n|faint|p1b: Calyrex\n|move|p2b: Zamazenta|Body Press|p1a: Terapagos\n|-supereffective|p1a: Terapagos\n|-damage|p1a: Terapagos|0 fnt\n|faint|p1a: Terapagos\n|detailschange|p1: Terapagos|Terapagos, L50, M|[silent]\n|\n|win|VJ2511\n|raw|Cannon14's rating: 1397 &rarr; <strong>1382</strong><br />(-15 for losing)\n|raw|VJ2511's rating: 1477 &rarr; <strong>1492</strong><br />(+15 for winning)\n|c|\u2606Cannon14|ggs\n|c|\u2606VJ2511|gg\n|l|\u2606Cannon14\n|player|p1|\n|l|\u2606VJ2511\n|player|p2|\n","uploadtime":1770268441,"views":16,"formatid":"gen9vgc2026regi","rating":1382,"private":0,"password":null}