{"id":"gen9vgc2026regi-2581518255","format":"[Gen 9] VGC 2026 Reg I","players":["magicalarcher57","PPYYY"],"log":"|j|\u2606magicalarcher57\n|j|\u2606PPYYY\n|t:|1776007617\n|gametype|doubles\n|player|p1|magicalarcher57|cynthia-masters4|\n|player|p2|PPYYY|miku-water|\n|gen|9\n|tier|[Gen 9] VGC 2026 Reg I\n|rated|Tournament battle\n|rule|Species Clause: Limit one of each Pok\u00e9mon\n|rule|Item Clause: Limit 1 of each item\n|raw|<div class=\"infobox\"><details class=\"readmore\" open><summary><strong>3 custom rules:</strong></summary> Open Team Sheets, Force Open Team Sheets, !Open Team Sheets</details></div>\n|clearpoke\n|poke|p1|Calyrex-Ice, L50|\n|poke|p1|Incineroar, L50, M|\n|poke|p1|Koraidon, L50|\n|poke|p1|Grimmsnarl, L50, M|\n|poke|p1|Raging Bolt, L50|\n|poke|p1|Brute Bonnet, L50|\n|poke|p2|Scream Tail, L50|\n|poke|p2|Rillaboom, L50, F|\n|poke|p2|Urshifu-*, L50, M|\n|poke|p2|Incineroar, L50, F|\n|poke|p2|Calyrex-Shadow, L50|\n|poke|p2|Zamazenta-*, L50|\n|teampreview|4\n|showteam|p1|Calyrex-Ice||Leftovers|AsOneGlastrier|GlacialLance,LeechSeed,TrickRoom,Protect||||||50|,,,,,Fairy]Incineroar||SafetyGoggles|Intimidate|FakeOut,FlareBlitz,KnockOff,Uturn|||M|||50|,,,,,Bug]Koraidon||LifeOrb|OrichalcumPulse|CloseCombat,FlareBlitz,FlameCharge,Protect||||||50|,,,,,Fire]Grimmsnarl||LightClay|Prankster|FoulPlay,LightScreen,Reflect,ScaryFace|||M|||50|,,,,,Ghost]Raging Bolt||AssaultVest|Protosynthesis|Thunderbolt,DracoMeteor,Thunderclap,Electroweb||||||50|,,,,,Fairy]Brute Bonnet||CovertCloak|Protosynthesis|SeedBomb,Crunch,Spore,RagePowder||||||50|,,,,,Water\n|showteam|p2|Scream Tail||BoosterEnergy|Protosynthesis|DazzlingGleam,Encore,Disable,Protect||||||50|,,,,,Dark]Rillaboom||AssaultVest|GrassySurge|FakeOut,WoodHammer,GrassyGlide,Uturn|||F|||50|,,,,,Fire]Urshifu-Rapid-Strike||FocusSash|UnseenFist|SurgingStrikes,AquaJet,Taunt,Detect|||M|||50|,,,,,Grass]Incineroar||CovertCloak|Intimidate|FakeOut,WillOWisp,KnockOff,PartingShot|||F|||50|,,,,,Bug]Calyrex-Shadow||SpellTag|AsOneSpectrier|AstralBarrage,Psychic,NastyPlot,Protect||||||50|,,,,,Water]Zamazenta-Crowned||RustedShield|DauntlessShield|BodyPress,HeavySlam,WideGuard,Protect||||||50|,,,,,Ghost\n|c|\u2606PPYYY|glhf\n|c|\u2606magicalarcher57|glhf ppyyy\n|j| coolguy58213\n|\n|t:|1776007660\n|teamsize|p1|4\n|teamsize|p2|4\n|start\n|switch|p1a: Koraidon|Koraidon, L50|100/100\n|switch|p1b: Grimmsnarl|Grimmsnarl, L50, M|100/100\n|switch|p2a: Urshifu|Urshifu-Rapid-Strike, L50, M|100/100\n|switch|p2b: Calyrex|Calyrex-Shadow, L50|100/100\n|-ability|p2b: Calyrex|As One\n|-ability|p2b: Calyrex|Unnerve\n|-weather|SunnyDay|[from] ability: Orichalcum Pulse|[of] p1a: Koraidon\n|-activate|p1a: Koraidon|Orichalcum Pulse|[source]\n|turn|1\n|j| Dito02\n|\n|t:|1776007673\n|switch|p2a: Incineroar|Incineroar, L50, F|100/100\n|-ability|p2a: Incineroar|Intimidate|boost\n|-unboost|p1a: Koraidon|atk|1\n|-unboost|p1b: Grimmsnarl|atk|1\n|-terastallize|p1a: Koraidon|Fire\n|move|p2b: Calyrex|Protect|p2b: Calyrex\n|-singleturn|p2b: Calyrex|Protect\n|move|p1b: Grimmsnarl|Light Screen|p1b: Grimmsnarl\n|-sidestart|p1: magicalarcher57|move: Light Screen\n|move|p1a: Koraidon|Flame Charge|p2a: Incineroar\n|-resisted|p2a: Incineroar\n|-damage|p2a: Incineroar|82/100\n|-boost|p1a: Koraidon|spe|1\n|-damage|p1a: Koraidon|91/100|[from] item: Life Orb\n|\n|-weather|SunnyDay|[upkeep]\n|upkeep\n|turn|2\n|l| Dito02\n|\n|t:|1776007682\n|move|p1a: Koraidon|Protect|p1a: Koraidon\n|-singleturn|p1a: Koraidon|Protect\n|move|p2a: Incineroar|Fake Out|p1b: Grimmsnarl\n|-damage|p1b: Grimmsnarl|91/100\n|move|p2b: Calyrex|Nasty Plot|p2b: Calyrex\n|-boost|p2b: Calyrex|spa|2\n|cant|p1b: Grimmsnarl|flinch\n|\n|-weather|SunnyDay|[upkeep]\n|upkeep\n|turn|3\n|j| Dito02\n|l| Dito02\n|\n|t:|1776007713\n|switch|p1b: Incineroar|Incineroar, L50, M|100/100\n|-ability|p1b: Incineroar|Intimidate|boost\n|-unboost|p2a: Incineroar|atk|1\n|-unboost|p2b: Calyrex|atk|1\n|move|p2b: Calyrex|Protect|p2b: Calyrex\n|-singleturn|p2b: Calyrex|Protect\n|move|p1a: Koraidon|Flare Blitz|p2b: Calyrex\n|-activate|p2b: Calyrex|move: Protect\n|move|p2a: Incineroar|Parting Shot|p1a: Koraidon\n|-unboost|p1a: Koraidon|atk|1\n|-unboost|p1a: Koraidon|spa|1\n|\n|t:|1776007721\n|switch|p2a: Urshifu|Urshifu-Rapid-Strike, L50, M|100/100|[from] Parting Shot\n|\n|-weather|SunnyDay|[upkeep]\n|upkeep\n|turn|4\n|\n|t:|1776007752\n|-terastallize|p2b: Calyrex|Water\n|move|p1a: Koraidon|Flare Blitz|p2b: Calyrex\n|-resisted|p2b: Calyrex\n|-damage|p2b: Calyrex|56/100\n|-damage|p1a: Koraidon|76/100|[from] Recoil\n|-damage|p1a: Koraidon|66/100|[from] item: Life Orb\n|move|p2b: Calyrex|Astral Barrage|p1a: Koraidon|[spread] p1a,p1b\n|-resisted|p1b: Incineroar\n|-damage|p1a: Koraidon|0 fnt\n|-damage|p1b: Incineroar|64/100\n|faint|p1a: Koraidon\n|-ability|p2b: Calyrex|Grim Neigh|boost\n|-boost|p2b: Calyrex|spa|1\n|move|p2a: Urshifu|Surging Strikes|p1b: Incineroar\n|-supereffective|p1b: Incineroar\n|-crit|p1b: Incineroar\n|-damage|p1b: Incineroar|44/100\n|-supereffective|p1b: Incineroar\n|-crit|p1b: Incineroar\n|-damage|p1b: Incineroar|25/100\n|-supereffective|p1b: Incineroar\n|-crit|p1b: Incineroar\n|-damage|p1b: Incineroar|4/100\n|-hitcount|p1b: Incineroar|3\n|move|p1b: Incineroar|Knock Off|p2b: Calyrex\n|-damage|p2b: Calyrex|9/100\n|-enditem|p2b: Calyrex|Spell Tag|[from] move: Knock Off|[of] p1b: Incineroar\n|\n|-weather|SunnyDay|[upkeep]\n|upkeep\n|\n|t:|1776007755\n|switch|p1a: Raging Bolt|Raging Bolt, L50|100/100\n|-activate|p1a: Raging Bolt|ability: Protosynthesis\n|-start|p1a: Raging Bolt|protosynthesisspa\n|turn|5\n|\n|t:|1776007779\n|switch|p1b: Grimmsnarl|Grimmsnarl, L50, M|91/100\n|move|p2b: Calyrex|Astral Barrage|p1a: Raging Bolt|[spread] p1a,p1b\n|-resisted|p1b: Grimmsnarl\n|-damage|p1a: Raging Bolt|52/100\n|-damage|p1b: Grimmsnarl|51/100\n|move|p2a: Urshifu|Surging Strikes|p1b: Grimmsnarl\n|-crit|p1b: Grimmsnarl\n|-damage|p1b: Grimmsnarl|42/100\n|-crit|p1b: Grimmsnarl\n|-damage|p1b: Grimmsnarl|32/100\n|-crit|p1b: Grimmsnarl\n|-damage|p1b: Grimmsnarl|22/100\n|-hitcount|p1b: Grimmsnarl|3\n|move|p1a: Raging Bolt|Electroweb|p2a: Urshifu|[spread] p2a,p2b\n|-supereffective|p2a: Urshifu\n|-supereffective|p2b: Calyrex\n|-enditem|p2a: Urshifu|Focus Sash\n|-damage|p2a: Urshifu|1/100\n|-damage|p2b: Calyrex|0 fnt\n|-unboost|p2a: Urshifu|spe|1\n|faint|p2b: Calyrex\n|\n|-weather|none\n|-end|p1a: Raging Bolt|Protosynthesis\n|upkeep\n|j| Draxolotl\n|\n|t:|1776007789\n|switch|p2b: Zamazenta|Zamazenta-Crowned, L50|100/100\n|-ability|p2b: Zamazenta|Dauntless Shield|boost\n|-boost|p2b: Zamazenta|def|1\n|turn|6\n|l| Draxolotl\n|\n|t:|1776007800\n|switch|p2a: Incineroar|Incineroar, L50, F|82/100\n|-ability|p2a: Incineroar|Intimidate|boost\n|-unboost|p1a: Raging Bolt|atk|1\n|-unboost|p1b: Grimmsnarl|atk|1\n|move|p1b: Grimmsnarl|Reflect|p1b: Grimmsnarl\n|-sidestart|p1: magicalarcher57|Reflect\n|move|p2b: Zamazenta|Body Press|p1b: Grimmsnarl\n|-damage|p1b: Grimmsnarl|0 fnt\n|faint|p1b: Grimmsnarl\n|move|p1a: Raging Bolt|Thunderbolt|p2b: Zamazenta\n|-damage|p2b: Zamazenta|62/100\n|\n|upkeep\n|\n|t:|1776007806\n|switch|p1b: Incineroar|Incineroar, L50, M|4/100\n|-ability|p1b: Incineroar|Intimidate|boost\n|-unboost|p2a: Incineroar|atk|1\n|-unboost|p2b: Zamazenta|atk|1\n|turn|7\n|\n|t:|1776007813\n|move|p2b: Zamazenta|Protect|p2b: Zamazenta\n|-singleturn|p2b: Zamazenta|Protect\n|move|p1b: Incineroar|Fake Out|p2a: Incineroar\n|-damage|p2a: Incineroar|72/100\n|move|p1a: Raging Bolt|Electroweb|p2a: Incineroar|[spread] p2a\n|-activate|p2b: Zamazenta|move: Protect\n|-damage|p2a: Incineroar|48/100\n|move|p2a: Incineroar|Parting Shot|p1a: Raging Bolt\n|-unboost|p1a: Raging Bolt|atk|1\n|-unboost|p1a: Raging Bolt|spa|1\n|\n|t:|1776007815\n|switch|p2a: Urshifu|Urshifu-Rapid-Strike, L50, M|1/100|[from] Parting Shot\n|\n|upkeep\n|turn|8\n|\n|t:|1776007827\n|move|p2b: Zamazenta|Wide Guard|p2b: Zamazenta\n|-singleturn|p2b: Zamazenta|Wide Guard\n|move|p2a: Urshifu|Aqua Jet|p1b: Incineroar\n|-supereffective|p1b: Incineroar\n|-damage|p1b: Incineroar|0 fnt\n|faint|p1b: Incineroar\n|move|p1a: Raging Bolt|Thunderclap||[still]\n|-fail|p1a: Raging Bolt\n|\n|-sideend|p1: magicalarcher57|move: Light Screen\n|upkeep\n|turn|9\n|c|\u2606magicalarcher57|gg\n|-message|magicalarcher57 forfeited.\n|\n|win|PPYYY\n|n|\u2606magicalarcher57|magicalarcher57\n|n|\u2606PPYYY|ppyyy\n|n| coolguy58213|coolguy58213\n|c|\u2606PPYYY|gg\n|l|\u2606magicalarcher57\n|player|p1|\n","uploadtime":1776007837,"views":9,"formatid":"gen9vgc2026regi","rating":null,"private":0,"password":null}