{"id":"gen9vgc2026regi-2536443804","format":"[Gen 9] VGC 2026 Reg I","players":["lalo's pollos","ConnerTEP"],"log":"|j|\u2606lalo's pollos\n|j|\u2606ConnerTEP\n|t:|1770688718\n|gametype|doubles\n|player|p1|lalo's pollos|102|1506\n|player|p2|ConnerTEP|acerola-masters2|1493\n|gen|9\n|tier|[Gen 9] VGC 2026 Reg I\n|rated|\n|rule|Species Clause: Limit one of each Pok\u00e9mon\n|rule|Item Clause: Limit 1 of each item\n|clearpoke\n|poke|p1|Zamazenta-*, L50|\n|poke|p1|Lunala, L50|\n|poke|p1|Rillaboom, L50, M|\n|poke|p1|Incineroar, L50, M|\n|poke|p1|Urshifu-*, L50, F|\n|poke|p1|Tornadus, L50, M|\n|poke|p2|Groudon, L50|\n|poke|p2|Miraidon, L50|\n|poke|p2|Farigiraf, L50, M|\n|poke|p2|Walking Wake, L50|\n|poke|p2|Iron Hands, L50|\n|poke|p2|Ogerpon-Hearthflame, L50, F|\n|teampreview|4\n|inactive|Battle timer is ON: inactive players will automatically lose when time's up. (requested by ConnerTEP)\n|inactive|lalo's pollos has 60 seconds left.\n|inactive|ConnerTEP has 60 seconds left.\n|\n|t:|1770688771\n|teamsize|p1|4\n|teamsize|p2|4\n|start\n|switch|p1a: Rillaboom|Rillaboom, L50, M|100/100\n|switch|p1b: Lunala|Lunala, L50|100/100\n|switch|p2a: Miraidon|Miraidon, L50|100/100\n|switch|p2b: Ogerpon|Ogerpon-Hearthflame, L50, F|100/100\n|-fieldstart|move: Electric Terrain|[from] ability: Hadron Engine|[of] p2a: Miraidon\n|-ability|p2b: Ogerpon|Mold Breaker\n|-fieldstart|move: Grassy Terrain|[from] ability: Grassy Surge|[of] p1a: Rillaboom\n|turn|1\n|\n|t:|1770688787\n|move|p2b: Ogerpon|Spiky Shield|p2b: Ogerpon\n|-singleturn|p2b: Ogerpon|move: Protect\n|move|p1a: Rillaboom|Fake Out|p2b: Ogerpon\n|-activate|p2b: Ogerpon|move: Protect\n|-damage|p1a: Rillaboom|88/100|[from] Spiky Shield|[of] p2b: Ogerpon\n|move|p2a: Miraidon|Volt Switch|p1b: Lunala\n|-damage|p1b: Lunala|87/100\n|\n|t:|1770688793\n|switch|p2a: Farigiraf|Farigiraf, L50, M|100/100|[from] Volt Switch\n|move|p1b: Lunala|Calm Mind|p1b: Lunala\n|-boost|p1b: Lunala|spa|1\n|-boost|p1b: Lunala|spd|1\n|\n|-heal|p1b: Lunala|93/100|[from] Grassy Terrain\n|-heal|p1b: Lunala|99/100|[from] item: Leftovers\n|-heal|p1a: Rillaboom|94/100|[from] Grassy Terrain\n|upkeep\n|turn|2\n|\n|t:|1770688811\n|switch|p1a: Tornadus|Tornadus, L50, M|100/100\n|switch|p2a: Groudon|Groudon, L50|100/100\n|-weather|SunnyDay|[from] ability: Drought|[of] p2a: Groudon\n|-terastallize|p2b: Ogerpon|Fire\n|detailschange|p2b: Ogerpon|Ogerpon-Hearthflame-Tera, L50, F, tera:Fire\n|-ability|p2b: Ogerpon|Embody Aspect (Hearthflame)|boost\n|-boost|p2b: Ogerpon|atk|1\n|move|p1b: Lunala|Protect|p1b: Lunala\n|-singleturn|p1b: Lunala|Protect\n|move|p2b: Ogerpon|Ivy Cudgel|p1b: Lunala|[anim] Ivy Cudgel Fire\n|-activate|p1b: Lunala|move: Protect\n|\n|-weather|SunnyDay|[upkeep]\n|-heal|p1b: Lunala|100/100|[from] Grassy Terrain\n|upkeep\n|turn|3\n|\n|t:|1770688833\n|move|p1a: Tornadus|Rain Dance|p1a: Tornadus\n|-weather|RainDance\n|move|p1b: Lunala|Moongeist Beam|p2b: Ogerpon\n|-damage|p2b: Ogerpon|23/100\n|move|p2b: Ogerpon|Wood Hammer|p1b: Lunala\n|-crit|p1b: Lunala\n|-damage|p1b: Lunala|25/100\n|-damage|p2b: Ogerpon|0 fnt|[from] Recoil\n|faint|p2b: Ogerpon\n|detailschange|p2: Ogerpon|Ogerpon-Hearthflame, L50, F|[silent]\n|move|p2a: Groudon|Precipice Blades|p1b: Lunala|[spread] \n|-immune|p1a: Tornadus\n|-miss|p2a: Groudon|p1b: Lunala\n|\n|-weather|RainDance|[upkeep]\n|-heal|p1b: Lunala|31/100|[from] Grassy Terrain\n|-heal|p1b: Lunala|37/100|[from] item: Leftovers\n|upkeep\n|\n|t:|1770688846\n|switch|p2b: Miraidon|Miraidon, L50|100/100\n|-fieldstart|move: Electric Terrain|[from] ability: Hadron Engine|[of] p2b: Miraidon\n|turn|4\n|\n|t:|1770688868\n|move|p1b: Lunala|Protect|p1b: Lunala\n|-singleturn|p1b: Lunala|Protect\n|move|p1a: Tornadus|Tailwind|p1a: Tornadus\n|-sidestart|p1: lalo's pollos|move: Tailwind\n|move|p2b: Miraidon|Draco Meteor|p1a: Tornadus\n|-enditem|p1a: Tornadus|Focus Sash\n|-damage|p1a: Tornadus|1/100\n|-unboost|p2b: Miraidon|spa|2\n|move|p2a: Groudon|Heat Crash|p1a: Tornadus\n|-damage|p1a: Tornadus|0 fnt\n|faint|p1a: Tornadus\n|\n|-weather|RainDance|[upkeep]\n|-heal|p1b: Lunala|43/100|[from] item: Leftovers\n|upkeep\n|\n|t:|1770688880\n|switch|p1a: Rillaboom|Rillaboom, L50, M|94/100\n|-fieldstart|move: Grassy Terrain|[from] ability: Grassy Surge|[of] p1a: Rillaboom\n|turn|5\n|\n|t:|1770688887\n|switch|p2a: Farigiraf|Farigiraf, L50, M|100/100\n|move|p1b: Lunala|Moongeist Beam|p2a: Farigiraf\n|-immune|p2a: Farigiraf\n|move|p2b: Miraidon|Draco Meteor|p1a: Rillaboom\n|-damage|p1a: Rillaboom|68/100\n|-unboost|p2b: Miraidon|spa|2\n|move|p1a: Rillaboom|Wood Hammer|p2a: Farigiraf\n|-damage|p2a: Farigiraf|52/100\n|-damage|p1a: Rillaboom|51/100|[from] Recoil\n|\n|-weather|RainDance|[upkeep]\n|-heal|p1b: Lunala|49/100|[from] Grassy Terrain\n|-heal|p1b: Lunala|55/100|[from] item: Leftovers\n|-heal|p1a: Rillaboom|57/100|[from] Grassy Terrain\n|-heal|p2a: Farigiraf|58/100|[from] Grassy Terrain\n|upkeep\n|turn|6\n|\n|t:|1770688911\n|switch|p2b: Groudon|Groudon, L50|100/100\n|-weather|SunnyDay|[from] ability: Drought|[of] p2b: Groudon\n|-terastallize|p1b: Lunala|Fairy\n|move|p1b: Lunala|Moonblast|p2b: Groudon\n|-damage|p2b: Groudon|35/100\n|-unboost|p2b: Groudon|spa|1\n|move|p1a: Rillaboom|U-turn|p2a: Farigiraf\n|-supereffective|p2a: Farigiraf\n|-damage|p2a: Farigiraf|29/100\n|\n|t:|1770688922\n|switch|p1a: Zamazenta|Zamazenta-Crowned, L50|100/100|[from] U-turn\n|-ability|p1a: Zamazenta|Dauntless Shield|boost\n|-boost|p1a: Zamazenta|def|1\n|move|p2a: Farigiraf|Foul Play|p1b: Lunala\n|-resisted|p1b: Lunala\n|-damage|p1b: Lunala|47/100\n|\n|-weather|SunnyDay|[upkeep]\n|-heal|p1b: Lunala|53/100|[from] Grassy Terrain\n|-heal|p1b: Lunala|59/100|[from] item: Leftovers\n|-heal|p2b: Groudon|41/100|[from] Grassy Terrain\n|-heal|p2b: Groudon|47/100|[from] item: Leftovers\n|-heal|p2a: Farigiraf|35/100|[from] Grassy Terrain\n|upkeep\n|turn|7\n|\n|t:|1770688945\n|switch|p2a: Miraidon|Miraidon, L50|100/100\n|-fieldstart|move: Electric Terrain|[from] ability: Hadron Engine|[of] p2a: Miraidon\n|move|p2b: Groudon|Protect|p2b: Groudon\n|-singleturn|p2b: Groudon|Protect\n|move|p1a: Zamazenta|Body Press|p2a: Miraidon\n|-damage|p2a: Miraidon|39/100\n|move|p1b: Lunala|Moonblast|p2b: Groudon\n|-activate|p2b: Groudon|move: Protect\n|\n|-weather|SunnyDay|[upkeep]\n|-heal|p1b: Lunala|65/100|[from] item: Leftovers\n|-heal|p2b: Groudon|54/100|[from] item: Leftovers\n|-sideend|p1: lalo's pollos|move: Tailwind\n|upkeep\n|turn|8\n|inactive|lalo's pollos has 30 seconds left.\n|inactive|ConnerTEP has 30 seconds left.\n|inactive|lalo's pollos has 20 seconds left.\n|\n|t:|1770688982\n|move|p2a: Miraidon|Volt Switch|p1b: Lunala\n|-damage|p1b: Lunala|31/100\n|\n|t:|1770688984\n|switch|p2a: Farigiraf|Farigiraf, L50, M|35/100|[from] Volt Switch\n|-enditem|p2a: Farigiraf|Electric Seed\n|-boost|p2a: Farigiraf|def|1|[from] item: Electric Seed\n|move|p1a: Zamazenta|Body Press|p2a: Farigiraf\n|-damage|p2a: Farigiraf|0 fnt\n|faint|p2a: Farigiraf\n|move|p1b: Lunala|Moongeist Beam|p2b: Groudon\n|-damage|p2b: Groudon|0 fnt\n|faint|p2b: Groudon\n|\n|-weather|SunnyDay|[upkeep]\n|-heal|p1b: Lunala|37/100|[from] item: Leftovers\n|upkeep\n|-message|ConnerTEP forfeited.\n|\n|win|lalo's pollos\n|raw|lalo&apos;s pollos's rating: 1506 &rarr; <strong>1525</strong><br />(+19 for winning)\n|raw|ConnerTEP's rating: 1493 &rarr; <strong>1474</strong><br />(-19 for losing)\n|l|\u2606ConnerTEP\n|player|p2|\n","uploadtime":1770689231,"views":21,"formatid":"gen9vgc2026regi","rating":1474,"private":0,"password":null}