{"id":"gen9vgc2026regi-2567353751","format":"[Gen 9] VGC 2026 Reg I","players":["gonegeb","Bicentenario"],"log":"|j|\u2606gonegeb\n|j|\u2606Bicentenario\n|t:|1774468967\n|gametype|doubles\n|player|p1|gonegeb|alain|1149\n|player|p2|Bicentenario|1|1190\n|gen|9\n|tier|[Gen 9] VGC 2026 Reg I\n|rated|\n|rule|Species Clause: Limit one of each Pok\u00e9mon\n|rule|Item Clause: Limit 1 of each item\n|clearpoke\n|poke|p1|Lucario, L50, M|\n|poke|p1|Umbreon, L50, M|\n|poke|p1|Arcanine, L50, F|\n|poke|p1|Ceruledge, L50, M|\n|poke|p1|Zacian-*, L50|\n|poke|p1|Lunala, L50|\n|poke|p2|Calyrex-Ice, L50|\n|poke|p2|Indeedee-F, L50, F|\n|poke|p2|Urshifu-*, L50, M|\n|poke|p2|Lunala, L50|\n|poke|p2|Torkoal, L50, F|\n|poke|p2|Smeargle, L50, M|\n|teampreview|4\n|\n|t:|1774468983\n|teamsize|p1|4\n|teamsize|p2|4\n|start\n|switch|p1a: Zacian|Zacian-Crowned, L50, shiny|100/100\n|switch|p1b: Lunala|Lunala, L50|100/100\n|switch|p2a: Indeedee|Indeedee-F, L50, F|100/100\n|switch|p2b: Lunala|Lunala, L50|100/100\n|-ability|p1a: Zacian|Intrepid Sword|boost\n|-boost|p1a: Zacian|atk|1\n|-fieldstart|move: Psychic Terrain|[from] ability: Psychic Surge|[of] p2a: Indeedee\n|turn|1\n|\n|t:|1774468997\n|-terastallize|p1b: Lunala|Fairy\n|move|p2a: Indeedee|Follow Me|p2a: Indeedee\n|-singleturn|p2a: Indeedee|move: Follow Me\n|move|p1a: Zacian|Swords Dance|p1a: Zacian\n|-boost|p1a: Zacian|atk|2\n|move|p1b: Lunala|Meteor Beam||[still]\n|-prepare|p1b: Lunala|Meteor Beam\n|-boost|p1b: Lunala|spa|1\n|-enditem|p1b: Lunala|Power Herb\n|-anim|p1b: Lunala|Meteor Beam|p2a: Indeedee\n|-damage|p2a: Indeedee|29/100\n|move|p2b: Lunala|Trick Room|p2b: Lunala\n|-fieldstart|move: Trick Room|[of] p2b: Lunala\n|\n|upkeep\n|turn|2\n|inactive|Battle timer is ON: inactive players will automatically lose when time's up. (requested by Bicentenario)\n|\n|t:|1774469020\n|move|p2a: Indeedee|Follow Me|p2a: Indeedee\n|-singleturn|p2a: Indeedee|move: Follow Me\n|move|p2b: Lunala|Moongeist Beam|p1a: Zacian\n|-damage|p1a: Zacian|42/100\n|move|p1b: Lunala|Moonblast|p2a: Indeedee\n|-damage|p2a: Indeedee|0 fnt\n|faint|p2a: Indeedee\n|move|p1a: Zacian|Behemoth Blade|p2b: Lunala\n|-damage|p2b: Lunala|40/100\n|\n|-heal|p2b: Lunala|46/100|[from] item: Leftovers\n|upkeep\n|\n|t:|1774469028\n|switch|p2a: Calyrex|Calyrex-Ice, L50|100/100\n|-ability|p2a: Calyrex|As One\n|-ability|p2a: Calyrex|Unnerve\n|turn|3\n|\n|t:|1774469052\n|-terastallize|p2a: Calyrex|Grass\n|move|p1a: Zacian|Protect|p1a: Zacian\n|-singleturn|p1a: Zacian|Protect\n|move|p2a: Calyrex|High Horsepower|p1a: Zacian\n|-activate|p1a: Zacian|move: Protect\n|move|p2b: Lunala|Moongeist Beam|p1b: Lunala\n|-damage|p1b: Lunala|81/100\n|move|p1b: Lunala|Moongeist Beam|p2a: Calyrex\n|-damage|p2a: Calyrex|38/100\n|\n|-heal|p2b: Lunala|53/100|[from] item: Leftovers\n|upkeep\n|turn|4\n|\n|t:|1774469077\n|switch|p1a: Arcanine|Arcanine, L50, F, shiny|100/100\n|-ability|p1a: Arcanine|Intimidate|boost\n|-fail|p2a: Calyrex|unboost|[from] item: Clear Amulet|[of] p2a: Calyrex\n|-unboost|p2b: Lunala|atk|1\n|move|p2a: Calyrex|Glacial Lance|p1a: Arcanine|[spread] p1a,p1b\n|-resisted|p1a: Arcanine\n|-damage|p1a: Arcanine|73/100\n|-damage|p1b: Lunala|35/100\n|move|p2b: Lunala|Moongeist Beam|p1b: Lunala\n|-damage|p1b: Lunala|0 fnt\n|faint|p1b: Lunala\n|\n|-heal|p2b: Lunala|59/100|[from] item: Leftovers\n|upkeep\n|\n|t:|1774469089\n|switch|p1b: Ceruledge|Ceruledge, L50, M|100/100\n|turn|5\n|\n|t:|1774469102\n|move|p1b: Ceruledge|Protect|p1b: Ceruledge\n|-singleturn|p1b: Ceruledge|Protect\n|move|p2a: Calyrex|High Horsepower|p1a: Arcanine\n|-supereffective|p1a: Arcanine\n|-damage|p1a: Arcanine|6/100\n|move|p2b: Lunala|Moongeist Beam|p1b: Ceruledge\n|-activate|p1b: Ceruledge|move: Protect\n|move|p1a: Arcanine|Snarl|p2b: Lunala|[spread] p2a,p2b\n|-supereffective|p2b: Lunala\n|-damage|p2a: Calyrex|32/100\n|-damage|p2b: Lunala|36/100\n|-unboost|p2b: Lunala|spa|1\n|\n|-heal|p2b: Lunala|42/100|[from] item: Leftovers\n|-fieldend|move: Trick Room\n|-fieldend|move: Psychic Terrain\n|upkeep\n|turn|6\n|\n|t:|1774469118\n|move|p1a: Arcanine|Flare Blitz|p1b: Ceruledge\n|-start|p1b: Ceruledge|ability: Flash Fire\n|move|p1b: Ceruledge|Bitter Blade|p2a: Calyrex\n|-supereffective|p2a: Calyrex\n|-damage|p2a: Calyrex|0 fnt\n|-enditem|p1a: Arcanine|Figy Berry|[eat]\n|-heal|p1a: Arcanine|39/100|[from] item: Figy Berry\n|faint|p2a: Calyrex\n|move|p2b: Lunala|Trick Room|p2b: Lunala\n|-fieldstart|move: Trick Room|[of] p2b: Lunala\n|\n|-heal|p2b: Lunala|48/100|[from] item: Leftovers\n|upkeep\n|\n|t:|1774469123\n|switch|p2a: Urshifu|Urshifu, L50, M|100/100\n|turn|7\n|inactive|gonegeb has 30 seconds left.\n|\n|t:|1774469152\n|move|p2a: Urshifu|Wicked Blow|p1b: Ceruledge\n|-supereffective|p1b: Ceruledge\n|-crit|p1b: Ceruledge\n|-damage|p1b: Ceruledge|0 fnt\n|faint|p1b: Ceruledge\n|move|p2b: Lunala|Moongeist Beam|p1a: Arcanine\n|-damage|p1a: Arcanine|0 fnt\n|faint|p1a: Arcanine\n|\n|-heal|p2b: Lunala|54/100|[from] item: Leftovers\n|upkeep\n|\n|t:|1774469156\n|switch|p1b: Zacian|Zacian-Crowned, L50, shiny|42/100\n|turn|8\n|\n|t:|1774469161\n|move|p2a: Urshifu|Close Combat|p1b: Zacian\n|-damage|p1b: Zacian|0 fnt\n|-unboost|p2a: Urshifu|def|1\n|-unboost|p2a: Urshifu|spd|1\n|faint|p1b: Zacian\n|\n|win|Bicentenario\n|raw|gonegeb's rating: 1149 &rarr; <strong>1127</strong><br />(-22 for losing)\n|raw|Bicentenario's rating: 1190 &rarr; <strong>1212</strong><br />(+22 for winning)\n|l|\u2606gonegeb\n|player|p1|\n|l|\u2606Bicentenario\n|player|p2|\n","uploadtime":1774469364,"views":10,"formatid":"gen9vgc2026regi","rating":1127,"private":0,"password":null}