{"id":"gen9vgc2026regi-2586939650","format":"[Gen 9] VGC 2026 Reg I","players":["lalo's pollos","dawillys"],"log":"|j|\u2606lalo's pollos\n|j|\u2606dawillys\n|t:|1776473785\n|gametype|doubles\n|player|p1|lalo's pollos|266|1609\n|player|p2|dawillys|170|1486\n|gen|9\n|tier|[Gen 9] VGC 2026 Reg I\n|rated|\n|rule|Species Clause: Limit one of each Pok\u00e9mon\n|rule|Item Clause: Limit 1 of each item\n|clearpoke\n|poke|p1|Miraidon, L50|\n|poke|p1|Landorus, L50, M|\n|poke|p1|Incineroar, L50, M|\n|poke|p1|Iron Bundle, L50|\n|poke|p1|Farigiraf, L50, M|\n|poke|p1|Calyrex-Ice, L50|\n|poke|p2|Miraidon, L50|\n|poke|p2|Hariyama, L50, M|\n|poke|p2|Whimsicott, L50, M|\n|poke|p2|Calyrex-Ice, L50|\n|poke|p2|Arcanine, L50, F|\n|poke|p2|Urshifu-*, L50, M|\n|teampreview|4\n|inactive|Battle timer is ON: inactive players will automatically lose when time's up. (requested by lalo's pollos)\n|\n|t:|1776473835\n|teamsize|p1|4\n|teamsize|p2|4\n|start\n|switch|p1a: Calyrex|Calyrex-Ice, L50|100/100\n|switch|p1b: Incineroar|Incineroar, L50, M|100/100\n|switch|p2a: Urshifu|Urshifu, L50, M|100/100\n|switch|p2b: Whimsicott|Whimsicott, L50, M|100/100\n|-ability|p1a: Calyrex|As One\n|-ability|p1a: Calyrex|Unnerve\n|-ability|p1b: Incineroar|Intimidate|boost\n|-unboost|p2a: Urshifu|atk|1\n|-unboost|p2b: Whimsicott|atk|1\n|turn|1\n|inactive|dawillys has 30 seconds left.\n|\n|t:|1776473866\n|move|p2a: Urshifu|Detect|p2a: Urshifu\n|-singleturn|p2a: Urshifu|Protect\n|move|p1b: Incineroar|Fake Out|p2a: Urshifu\n|-activate|p2a: Urshifu|move: Protect\n|move|p2b: Whimsicott|Moonblast|p1a: Calyrex\n|-damage|p1a: Calyrex|82/100\n|move|p1a: Calyrex|Glacial Lance|p2a: Urshifu|[spread] p2b\n|-activate|p2a: Urshifu|move: Protect\n|-supereffective|p2b: Whimsicott\n|-enditem|p2b: Whimsicott|Focus Sash\n|-damage|p2b: Whimsicott|1/100\n|\n|upkeep\n|turn|2\n|inactive|dawillys has 30 seconds left.\n|\n|t:|1776473897\n|switch|p2b: Calyrex|Calyrex-Ice, L50|100/100\n|-ability|p2b: Calyrex|As One\n|-ability|p2b: Calyrex|Unnerve\n|switch|p1a: Co-Star|Miraidon, L50|100/100\n|-fieldstart|move: Electric Terrain|[from] ability: Hadron Engine|[of] p1a: Co-Star\n|move|p2a: Urshifu|Wicked Blow|p1a: Co-Star\n|-crit|p1a: Co-Star\n|-damage|p1a: Co-Star|35/100\n|move|p1b: Incineroar|U-turn|p2b: Calyrex\n|-supereffective|p2b: Calyrex\n|-damage|p2b: Calyrex|77/100\n|\n|t:|1776473913\n|switch|p1b: Calyrex|Calyrex-Ice, L50|82/100|[from] U-turn\n|-ability|p1b: Calyrex|As One\n|-ability|p1b: Calyrex|Unnerve\n|\n|upkeep\n|turn|3\n|inactive|dawillys has 30 seconds left.\n|inactive|dawillys has 20 seconds left.\n|\n|t:|1776473950\n|-terastallize|p1a: Co-Star|Fairy\n|-terastallize|p2b: Calyrex|Dragon\n|move|p1a: Co-Star|Electro Drift|p2b: Calyrex\n|-resisted|p2b: Calyrex\n|-damage|p2b: Calyrex|25/100\n|move|p2a: Urshifu|Wicked Blow|p1a: Co-Star\n|-resisted|p1a: Co-Star\n|-crit|p1a: Co-Star\n|-damage|p1a: Co-Star|4/100\n|move|p2b: Calyrex|Imprison|p2b: Calyrex\n|-start|p2b: Calyrex|move: Imprison\n|cant|p1b: Calyrex|move: Imprison|Glacial Lance\n|\n|upkeep\n|turn|4\n|\n|t:|1776473974\n|switch|p1b: Incineroar|Incineroar, L50, M|100/100\n|-ability|p1b: Incineroar|Intimidate|boost\n|-unboost|p2a: Urshifu|atk|1\n|-fail|p2b: Calyrex|unboost|[from] item: Clear Amulet|[of] p2b: Calyrex\n|move|p2a: Urshifu|Sucker Punch|p1a: Co-Star\n|-resisted|p1a: Co-Star\n|-damage|p1a: Co-Star|0 fnt\n|faint|p1a: Co-Star\n|move|p2b: Calyrex|Glacial Lance|p1b: Incineroar\n|-resisted|p1b: Incineroar\n|-damage|p1b: Incineroar|76/100\n|\n|upkeep\n|\n|t:|1776473987\n|switch|p1a: Landorus|Landorus, L50, M|100/100\n|turn|5\n|\n|t:|1776474001\n|move|p2b: Calyrex|Protect|p2b: Calyrex\n|-singleturn|p2b: Calyrex|Protect\n|move|p1b: Incineroar|Fake Out|p2a: Urshifu\n|-damage|p2a: Urshifu|90/100\n|move|p1a: Landorus|Sandsear Storm|p2a: Urshifu|[spread] \n|-activate|p2b: Calyrex|move: Protect\n|-miss|p1a: Landorus|p2a: Urshifu\n|cant|p2a: Urshifu|flinch\n|\n|upkeep\n|turn|6\n|inactive|dawillys has 30 seconds left.\n|inactive|dawillys has 20 seconds left.\n|inactive|dawillys has 15 seconds left.\n|inactive|dawillys has 10 seconds left.\n|\n|t:|1776474047\n|move|p2a: Urshifu|Detect|p2a: Urshifu\n|-singleturn|p2a: Urshifu|Protect\n|move|p1a: Landorus|Sandsear Storm|p2a: Urshifu|[spread] p2b\n|-activate|p2a: Urshifu|move: Protect\n|-damage|p2b: Calyrex|0 fnt\n|faint|p2b: Calyrex\n|move|p1b: Incineroar|U-turn|p2a: Urshifu\n|-activate|p2a: Urshifu|move: Protect\n|\n|-fieldend|move: Electric Terrain\n|upkeep\n|inactive|dawillys has 30 seconds left.\n|\n|t:|1776474073\n|switch|p2b: Miraidon|Miraidon, L50, shiny|100/100\n|-fieldstart|move: Electric Terrain|[from] ability: Hadron Engine|[of] p2b: Miraidon\n|turn|7\n|inactive|dawillys has 30 seconds left.\n|inactive|dawillys has 20 seconds left.\n|\n|t:|1776474112\n|switch|p1a: Calyrex|Calyrex-Ice, L50|82/100\n|-ability|p1a: Calyrex|As One\n|-ability|p1a: Calyrex|Unnerve\n|move|p2b: Miraidon|Draco Meteor|p1a: Calyrex\n|-damage|p1a: Calyrex|8/100\n|-unboost|p2b: Miraidon|spa|2\n|-damage|p2b: Miraidon|91/100|[from] item: Life Orb\n|move|p2a: Urshifu|Wicked Blow|p1a: Calyrex\n|-supereffective|p1a: Calyrex\n|-crit|p1a: Calyrex\n|-damage|p1a: Calyrex|0 fnt\n|faint|p1a: Calyrex\n|move|p1b: Incineroar|U-turn|p2a: Urshifu\n|-damage|p2a: Urshifu|69/100\n|\n|t:|1776474123\n|switch|p1b: Landorus|Landorus, L50, M|100/100|[from] U-turn\n|\n|upkeep\n|\n|t:|1776474125\n|switch|p1a: Incineroar|Incineroar, L50, M|76/100\n|-ability|p1a: Incineroar|Intimidate|boost\n|-unboost|p2a: Urshifu|atk|1\n|-unboost|p2b: Miraidon|atk|1\n|turn|8\n|\n|t:|1776474138\n|switch|p2b: Whimsicott|Whimsicott, L50, M|1/100\n|move|p2a: Urshifu|Detect|p2a: Urshifu\n|-singleturn|p2a: Urshifu|Protect\n|move|p1a: Incineroar|Fake Out|p2b: Whimsicott\n|-damage|p2b: Whimsicott|0 fnt\n|faint|p2b: Whimsicott\n|move|p1b: Landorus|Sandsear Storm|p2a: Urshifu\n|-activate|p2a: Urshifu|move: Protect\n|\n|upkeep\n|\n|t:|1776474151\n|switch|p2b: Miraidon|Miraidon, L50, shiny|91/100\n|-activate|p2b: Miraidon|ability: Hadron Engine\n|turn|9\n|\n|t:|1776474167\n|move|p1b: Landorus|Protect|p1b: Landorus\n|-singleturn|p1b: Landorus|Protect\n|move|p2b: Miraidon|Draco Meteor|p1b: Landorus\n|-activate|p1b: Landorus|move: Protect\n|move|p2a: Urshifu|Wicked Blow|p1b: Landorus\n|-crit|p1b: Landorus\n|-damage|p1b: Landorus|22/100\n|move|p1a: Incineroar|U-turn|p2a: Urshifu\n|-damage|p2a: Urshifu|49/100\n|\n|upkeep\n|turn|10\n|inactive|dawillys has 30 seconds left.\n|\n|t:|1776474199\n|move|p2a: Urshifu|Sucker Punch|p1b: Landorus\n|-damage|p1b: Landorus|4/100\n|move|p2b: Miraidon|Draco Meteor|p1b: Landorus\n|-damage|p1b: Landorus|0 fnt\n|-unboost|p2b: Miraidon|spa|2\n|faint|p1b: Landorus\n|-damage|p2b: Miraidon|81/100|[from] item: Life Orb\n|move|p1a: Incineroar|Flare Blitz|p2a: Urshifu\n|-damage|p2a: Urshifu|3/100\n|-damage|p1a: Incineroar|62/100|[from] Recoil\n|\n|upkeep\n|turn|11\n|\n|t:|1776474222\n|move|p2b: Miraidon|Electro Drift|p1a: Incineroar\n|-damage|p1a: Incineroar|27/100\n|-damage|p2b: Miraidon|71/100|[from] item: Life Orb\n|move|p2a: Urshifu|Wicked Blow|p1a: Incineroar\n|-resisted|p1a: Incineroar\n|-crit|p1a: Incineroar\n|-damage|p1a: Incineroar|3/100\n|move|p1a: Incineroar|Knock Off|p2a: Urshifu\n|-resisted|p2a: Urshifu\n|-damage|p2a: Urshifu|0 fnt\n|-enditem|p2a: Urshifu|Safety Goggles|[from] move: Knock Off|[of] p1a: Incineroar\n|faint|p2a: Urshifu\n|\n|-fieldend|move: Electric Terrain\n|upkeep\n|turn|12\n|\n|t:|1776474238\n|move|p2b: Miraidon|Electro Drift|p1a: Incineroar\n|-damage|p1a: Incineroar|0 fnt\n|faint|p1a: Incineroar\n|-damage|p2b: Miraidon|61/100|[from] item: Life Orb\n|\n|win|dawillys\n|raw|lalo&apos;s pollos's rating: 1566 &rarr; <strong>1541</strong><br />(-25 for losing)\n|raw|dawillys's rating: 1486 &rarr; <strong>1511</strong><br />(+25 for winning)\n|l|\u2606lalo's pollos\n|player|p1|\n","uploadtime":1776474402,"views":12,"formatid":"gen9vgc2026regi","rating":1511,"private":0,"password":null}