{"id":"gen9vgc2026regi-2590729855","format":"[Gen 9] VGC 2026 Reg I","players":["fliglio","stupid test8"],"log":"|j|\u2606fliglio\n|j|\u2606stupid test8\n|t:|1776840327\n|gametype|doubles\n|player|p1|fliglio|169|1370\n|player|p2|stupid test8|170|1410\n|gen|9\n|tier|[Gen 9] VGC 2026 Reg I\n|rated|\n|rule|Species Clause: Limit one of each Pok\u00e9mon\n|rule|Item Clause: Limit 1 of each item\n|clearpoke\n|poke|p1|Incineroar, L50, M|\n|poke|p1|Rillaboom, L50, F|\n|poke|p1|Calyrex-Ice, L50|\n|poke|p1|Urshifu-*, L50, M|\n|poke|p1|Pelipper, L50, F|\n|poke|p1|Raging Bolt, L50|\n|poke|p2|Lugia, L50|\n|poke|p2|Kyogre, L50|\n|poke|p2|Urshifu-*, L50, F|\n|poke|p2|Chien-Pao, L50|\n|poke|p2|Farigiraf, L50, M|\n|poke|p2|Rillaboom, L50, F|\n|teampreview|4\n|\n|t:|1776840346\n|teamsize|p1|4\n|teamsize|p2|4\n|start\n|switch|p1a: Urshifu|Urshifu-Rapid-Strike, L50, M|100/100\n|switch|p1b: Calyrex|Calyrex-Ice, L50|100/100\n|switch|p2a: Farigiraf|Farigiraf, L50, M|100/100\n|switch|p2b: Rillaboom|Rillaboom, L50, F|100/100\n|-ability|p1b: Calyrex|As One\n|-ability|p1b: Calyrex|Unnerve\n|-fieldstart|move: Grassy Terrain|[from] ability: Grassy Surge|[of] p2b: Rillaboom\n|-enditem|p2a: Farigiraf|Grassy Seed\n|-boost|p2a: Farigiraf|def|1|[from] item: Grassy Seed\n|turn|1\n|\n|t:|1776840373\n|move|p1b: Calyrex|Protect|p1b: Calyrex\n|-singleturn|p1b: Calyrex|Protect\n|move|p2b: Rillaboom|Fake Out|p1a: Urshifu\n|-damage|p1a: Urshifu|87/100\n|cant|p1a: Urshifu|flinch\n|move|p2a: Farigiraf|Baton Pass|p2a: Farigiraf\n|\n|t:|1776840380\n|switch|p2a: Lugia|Lugia, L50|100/100|[from] Baton Pass\n|\n|-heal|p1a: Urshifu|94/100|[from] Grassy Terrain\n|upkeep\n|turn|2\n|\n|t:|1776840388\n|move|p1a: Urshifu|Coaching|p1b: Calyrex\n|-boost|p1b: Calyrex|atk|1\n|-boost|p1b: Calyrex|def|1\n|move|p2a: Lugia|Aeroblast|p1a: Urshifu|[miss]\n|-miss|p2a: Lugia|p1a: Urshifu\n|move|p2b: Rillaboom|U-turn|p1b: Calyrex\n|-supereffective|p1b: Calyrex\n|-damage|p1b: Calyrex|82/100\n|\n|t:|1776840395\n|switch|p2b: Kyogre|Kyogre, L50|100/100|[from] U-turn\n|-weather|RainDance|[from] ability: Drizzle|[of] p2b: Kyogre\n|move|p1b: Calyrex|Glacial Lance|p2b: Kyogre|[spread] p2a,p2b\n|-supereffective|p2a: Lugia\n|-resisted|p2b: Kyogre\n|-damage|p2a: Lugia|54/100\n|-damage|p2b: Kyogre|70/100\n|-enditem|p2a: Lugia|Weakness Policy\n|-boost|p2a: Lugia|atk|2|[from] item: Weakness Policy\n|-boost|p2a: Lugia|spa|2|[from] item: Weakness Policy\n|\n|-weather|RainDance|[upkeep]\n|-heal|p1a: Urshifu|99/100|[from] Grassy Terrain\n|-heal|p2b: Kyogre|76/100|[from] Grassy Terrain\n|-heal|p1b: Calyrex|88/100|[from] Grassy Terrain\n|upkeep\n|turn|3\n|\n|t:|1776840415\n|-terastallize|p2a: Lugia|Grass\n|-terastallize|p1b: Calyrex|Water\n|move|p1a: Urshifu|Coaching|p1b: Calyrex\n|-boost|p1b: Calyrex|atk|1\n|-boost|p1b: Calyrex|def|1\n|move|p2a: Lugia|Giga Drain|p1b: Calyrex\n|-supereffective|p1b: Calyrex\n|-damage|p1b: Calyrex|0 fnt\n|-heal|p2a: Lugia|100/100|[from] drain|[of] p1b: Calyrex\n|faint|p1b: Calyrex\n|move|p2b: Kyogre|Origin Pulse|p1a: Urshifu\n|-resisted|p1a: Urshifu\n|-damage|p1a: Urshifu|33/100\n|\n|-weather|RainDance|[upkeep]\n|-heal|p1a: Urshifu|40/100|[from] Grassy Terrain\n|-heal|p2b: Kyogre|82/100|[from] Grassy Terrain\n|upkeep\n|\n|t:|1776840432\n|switch|p1b: Rillaboom|Rillaboom, L50, F, shiny|100/100\n|turn|4\n|inactive|Battle timer is ON: inactive players will automatically lose when time's up. (requested by stupid test8)\n|inactive|fliglio has 60 seconds left.\n|inactive|fliglio has 30 seconds left.\n|inactive|fliglio has 20 seconds left.\n|inactive|fliglio has 15 seconds left.\n|inactive|fliglio has 10 seconds left.\n|inactive|fliglio has 5 seconds left.\n|\n|t:|1776840660\n|switch|p2b: Farigiraf|Farigiraf, L50, M|100/100\n|move|p1a: Urshifu|Coaching|p1b: Rillaboom\n|-boost|p1b: Rillaboom|atk|1\n|-boost|p1b: Rillaboom|def|1\n|move|p2a: Lugia|Aeroblast|p1b: Rillaboom\n|-supereffective|p1b: Rillaboom\n|-damage|p1b: Rillaboom|0 fnt\n|faint|p1b: Rillaboom\n|\n|-weather|RainDance|[upkeep]\n|-heal|p1a: Urshifu|46/100|[from] Grassy Terrain\n|upkeep\n|inactive|fliglio has 30 seconds left.\n|inactive|fliglio has 20 seconds left.\n|inactive|fliglio has 15 seconds left.\n|inactive|fliglio has 10 seconds left.\n|inactive|fliglio has 5 seconds left.\n|\n|t:|1776840715\n|switch|p1b: Incineroar|Incineroar, L50, M, shiny|100/100\n|-ability|p1b: Incineroar|Intimidate|boost\n|-unboost|p2a: Lugia|atk|1\n|-unboost|p2b: Farigiraf|atk|1\n|turn|5\n|inactive|fliglio has 30 seconds left.\n|inactive|stupid test8 has 30 seconds left.\n|inactive|fliglio has 20 seconds left.\n|inactive|stupid test8 has 20 seconds left.\n|inactive|fliglio has 15 seconds left.\n|inactive|stupid test8 has 15 seconds left.\n|inactive|fliglio has 10 seconds left.\n|inactive|stupid test8 has 10 seconds left.\n|inactive|fliglio has 5 seconds left.\n|inactive|stupid test8 has 5 seconds left.\n|\n|t:|1776840770\n|move|p1a: Urshifu|Coaching|p1b: Incineroar\n|-boost|p1b: Incineroar|atk|1\n|-boost|p1b: Incineroar|def|1\n|move|p2a: Lugia|Aeroblast|p1b: Incineroar\n|-damage|p1b: Incineroar|19/100\n|move|p1b: Incineroar|Knock Off|p2b: Farigiraf\n|-supereffective|p2b: Farigiraf\n|-damage|p2b: Farigiraf|32/100\n|move|p2b: Farigiraf|Psychic Noise|p1b: Incineroar\n|-immune|p1b: Incineroar\n|\n|-weather|RainDance|[upkeep]\n|-heal|p1a: Urshifu|52/100|[from] Grassy Terrain\n|-heal|p1b: Incineroar|25/100|[from] Grassy Terrain\n|-heal|p2b: Farigiraf|38/100|[from] Grassy Terrain\n|-fieldend|move: Grassy Terrain\n|upkeep\n|turn|6\n|inactive|fliglio has 30 seconds left.\n|inactive|stupid test8 has 30 seconds left.\n|inactive|fliglio has 20 seconds left.\n|inactive|stupid test8 has 20 seconds left.\n|inactive|fliglio has 15 seconds left.\n|inactive|stupid test8 has 15 seconds left.\n|inactive|fliglio has 10 seconds left.\n|inactive|stupid test8 has 10 seconds left.\n|inactive|fliglio has 5 seconds left.\n|inactive|stupid test8 has 5 seconds left.\n|\n|t:|1776840825\n|move|p1a: Urshifu|Coaching|p1b: Incineroar\n|-boost|p1b: Incineroar|atk|1\n|-boost|p1b: Incineroar|def|1\n|move|p2a: Lugia|Aeroblast|p1b: Incineroar|[miss]\n|-miss|p2a: Lugia|p1b: Incineroar\n|move|p1b: Incineroar|Knock Off|p2b: Farigiraf\n|-supereffective|p2b: Farigiraf\n|-damage|p2b: Farigiraf|0 fnt\n|faint|p2b: Farigiraf\n|\n|-weather|none\n|upkeep\n|inactive|stupid test8 has 30 seconds left.\n|inactive|stupid test8 has 20 seconds left.\n|inactive|stupid test8 has 15 seconds left.\n|inactive|stupid test8 has 10 seconds left.\n|inactive|stupid test8 has 5 seconds left.\n|\n|t:|1776840881\n|switch|p2b: Kyogre|Kyogre, L50|82/100\n|-weather|RainDance|[from] ability: Drizzle|[of] p2b: Kyogre\n|turn|7\n|l|\u2606fliglio\n|inactive|fliglio disconnected and has a minute to reconnect!\n|player|p1|\n|inactive|fliglio has 30 seconds left.\n|inactive|stupid test8 has 30 seconds left.\n|inactive|fliglio has 20 seconds left.\n|inactive|stupid test8 has 20 seconds left.\n|inactive|fliglio has 15 seconds left.\n|inactive|stupid test8 has 15 seconds left.\n|inactive|fliglio has 10 seconds left.\n|inactive|stupid test8 has 10 seconds left.\n|inactive|fliglio has 5 seconds left.\n|inactive|stupid test8 has 5 seconds left.\n|-message|fliglio lost due to inactivity.\n|\n|win|stupid test8\n|raw|fliglio's rating: 1391 &rarr; <strong>1373</strong><br />(-18 for losing)\n|raw|stupid test8's rating: 1426 &rarr; <strong>1444</strong><br />(+18 for winning)\n|l|\u2606stupid test8\n|player|p2|\n","uploadtime":1776841118,"views":11,"formatid":"gen9vgc2026regi","rating":1373,"private":0,"password":null}