{"id":"gen9vgc2026regi-2567774203","format":"[Gen 9] VGC 2026 Reg I","players":["casper427","araf zaman"],"log":"|j|\u2606casper427\n|j|\u2606araf zaman\n|t:|1774518065\n|gametype|doubles\n|player|p1|casper427|2|1327\n|player|p2|araf zaman|1|1417\n|gen|9\n|tier|[Gen 9] VGC 2026 Reg I\n|rated|\n|rule|Species Clause: Limit one of each Pok\u00e9mon\n|rule|Item Clause: Limit 1 of each item\n|clearpoke\n|poke|p1|Calyrex-Ice, L50|\n|poke|p1|Ting-Lu, L50|\n|poke|p1|Urshifu-*, L50, F|\n|poke|p1|Miraidon, L50|\n|poke|p1|Incineroar, L50, M|\n|poke|p1|Volcarona, L50, M|\n|poke|p2|Rillaboom, L50, F|\n|poke|p2|Terapagos, L50, M|\n|poke|p2|Calyrex-Shadow, L50|\n|poke|p2|Incineroar, L50, F|\n|poke|p2|Ogerpon-Cornerstone, L50, F|\n|poke|p2|Flutter Mane, L50|\n|teampreview|4\n|\n|t:|1774518083\n|teamsize|p1|4\n|teamsize|p2|4\n|start\n|switch|p1a: Ting-Lu|Ting-Lu, L50|100/100\n|switch|p1b: Calyrex|Calyrex-Ice, L50|100/100\n|switch|p2a: Ogerpon|Ogerpon-Cornerstone, L50, F|100/100\n|switch|p2b: Terapagos|Terapagos, L50, M|100/100\n|-activate|p2b: Terapagos|ability: Tera Shift\n|detailschange|p2b: Terapagos|Terapagos-Terastal, L50, M\n|-heal|p2b: Terapagos|100/100|[silent]\n|-ability|p1b: Calyrex|As One\n|-ability|p1b: Calyrex|Unnerve\n|-ability|p1a: Ting-Lu|Vessel of Ruin\n|turn|1\n|\n|t:|1774518107\n|move|p2a: Ogerpon|Ivy Cudgel|p1b: Calyrex|[anim] Ivy Cudgel Rock\n|-supereffective|p1b: Calyrex\n|-damage|p1b: Calyrex|28/100\n|move|p2b: Terapagos|Calm Mind|p2b: Terapagos\n|-boost|p2b: Terapagos|spa|1\n|-boost|p2b: Terapagos|spd|1\n|move|p1a: Ting-Lu|Ruination|p2b: Terapagos\n|-damage|p2b: Terapagos|51/100\n|move|p1b: Calyrex|Glacial Lance|p2a: Ogerpon|[spread] p2a,p2b\n|-supereffective|p2a: Ogerpon\n|-ability|p2a: Ogerpon|Sturdy\n|-damage|p2a: Ogerpon|1/100\n|-damage|p2b: Terapagos|17/100\n|\n|-heal|p2b: Terapagos|23/100|[from] item: Leftovers\n|-heal|p1b: Calyrex|34/100|[from] item: Leftovers\n|upkeep\n|turn|2\n|\n|t:|1774518125\n|-terastallize|p2b: Terapagos|Stellar\n|detailschange|p2b: Terapagos|Terapagos-Stellar, L50, M, tera:Stellar\n|-heal|p2b: Terapagos|42/100|[silent]\n|move|p1b: Calyrex|Protect|p1b: Calyrex\n|-singleturn|p1b: Calyrex|Protect\n|move|p2a: Ogerpon|Power Whip|p1a: Ting-Lu\n|-supereffective|p1a: Ting-Lu\n|-damage|p1a: Ting-Lu|38/100\n|move|p2b: Terapagos|Tera Starstorm|p1a: Ting-Lu|[spread] p1a\n|-activate|p1b: Calyrex|move: Protect\n|-damage|p1a: Ting-Lu|8/100\n|move|p1a: Ting-Lu|Throat Chop|p2a: Ogerpon\n|-damage|p2a: Ogerpon|0 fnt\n|faint|p2a: Ogerpon\n|\n|-heal|p2b: Terapagos|49/100|[from] item: Leftovers\n|-heal|p1b: Calyrex|40/100|[from] item: Leftovers\n|upkeep\n|\n|t:|1774518132\n|switch|p2a: Rillaboom|Rillaboom, L50, F|100/100\n|-fieldstart|move: Grassy Terrain|[from] ability: Grassy Surge|[of] p2a: Rillaboom\n|turn|3\n|\n|t:|1774518136\n|move|p2a: Rillaboom|U-turn|p1b: Calyrex\n|-supereffective|p1b: Calyrex\n|-damage|p1b: Calyrex|14/100\n|\n|t:|1774518139\n|switch|p2a: Incineroar|Incineroar, L50, F|100/100|[from] U-turn\n|-ability|p2a: Incineroar|Intimidate|boost\n|-unboost|p1a: Ting-Lu|atk|1\n|-unboost|p1b: Calyrex|atk|1\n|move|p2b: Terapagos|Tera Starstorm|p1b: Calyrex|[spread] p1a,p1b\n|-damage|p1a: Ting-Lu|0 fnt\n|-damage|p1b: Calyrex|0 fnt\n|faint|p1a: Ting-Lu\n|faint|p1b: Calyrex\n|\n|-heal|p2b: Terapagos|55/100|[from] Grassy Terrain\n|-heal|p2b: Terapagos|61/100|[from] item: Leftovers\n|upkeep\n|\n|t:|1774518147\n|switch|p1a: Volcarona|Volcarona, L50, M, shiny|100/100\n|switch|p1b: Miraidon|Miraidon, L50, shiny|100/100\n|-fieldstart|move: Electric Terrain|[from] ability: Hadron Engine|[of] p1b: Miraidon\n|turn|4\n|\n|t:|1774518184\n|move|p2a: Incineroar|Fake Out|p1b: Miraidon\n|-damage|p1b: Miraidon|90/100\n|cant|p1b: Miraidon|flinch\n|move|p1a: Volcarona|Quiver Dance|p1a: Volcarona\n|-boost|p1a: Volcarona|spa|1\n|-boost|p1a: Volcarona|spd|1\n|-boost|p1a: Volcarona|spe|1\n|move|p2b: Terapagos|Earth Power|p1b: Miraidon\n|-supereffective|p1b: Miraidon\n|-damage|p1b: Miraidon|0 fnt\n|faint|p1b: Miraidon\n|\n|-heal|p2b: Terapagos|67/100|[from] item: Leftovers\n|upkeep\n|turn|5\n|\n|t:|1774518193\n|move|p1a: Volcarona|Fiery Dance|p2b: Terapagos\n|-damage|p2b: Terapagos|45/100\n|move|p2b: Terapagos|Calm Mind|p2b: Terapagos\n|-boost|p2b: Terapagos|spa|1\n|-boost|p2b: Terapagos|spd|1\n|move|p2a: Incineroar|Taunt|p1a: Volcarona\n|-start|p1a: Volcarona|move: Taunt\n|\n|-heal|p2b: Terapagos|51/100|[from] item: Leftovers\n|upkeep\n|turn|6\n|\n|t:|1774518200\n|move|p1a: Volcarona|Fiery Dance|p2b: Terapagos\n|-damage|p2b: Terapagos|34/100\n|move|p2b: Terapagos|Tera Starstorm|p1a: Volcarona\n|-damage|p1a: Volcarona|41/100\n|move|p2a: Incineroar|Knock Off|p1a: Volcarona\n|-damage|p1a: Volcarona|7/100\n|-damage|p2a: Incineroar|84/100|[from] item: Rocky Helmet|[of] p1a: Volcarona\n|-enditem|p1a: Volcarona|Rocky Helmet|[from] move: Knock Off|[of] p2a: Incineroar\n|\n|-heal|p2b: Terapagos|40/100|[from] item: Leftovers\n|upkeep\n|turn|7\n|\n|t:|1774518205\n|move|p1a: Volcarona|Fiery Dance|p2b: Terapagos\n|-damage|p2b: Terapagos|23/100\n|-boost|p1a: Volcarona|spa|1\n|move|p2b: Terapagos|Tera Starstorm|p1a: Volcarona\n|-damage|p1a: Volcarona|0 fnt\n|faint|p1a: Volcarona\n|\n|win|araf zaman\n|raw|casper427's rating: 1327 &rarr; <strong>1312</strong><br />(-15 for losing)\n|raw|araf zaman's rating: 1417 &rarr; <strong>1432</strong><br />(+15 for winning)\n|c|\u2606casper427|undeserved but gg ig\n","uploadtime":1774518220,"views":18,"formatid":"gen9vgc2026regi","rating":1312,"private":0,"password":null}