{"id":"gen9vgc2026regi-2573661271","format":"[Gen 9] VGC 2026 Reg I","players":["Mirthinion","LechonkBro"],"log":"|j|\u2606Mirthinion\n|j|\u2606LechonkBro\n|t:|1775154611\n|gametype|doubles\n|player|p1|Mirthinion|janitor|1533\n|player|p2|LechonkBro|2|1529\n|gen|9\n|tier|[Gen 9] VGC 2026 Reg I\n|rated|\n|rule|Species Clause: Limit one of each Pok\u00e9mon\n|rule|Item Clause: Limit 1 of each item\n|clearpoke\n|poke|p1|Calyrex-Shadow, L50|\n|poke|p1|Zamazenta-*, L50|\n|poke|p1|Urshifu-*, L50, M|\n|poke|p1|Incineroar, L50, M|\n|poke|p1|Rillaboom, L50, M|\n|poke|p1|Tornadus, L50, M|\n|poke|p2|Chien-Pao, L50|\n|poke|p2|Calyrex-Shadow, L50|\n|poke|p2|Dondozo, L50, F|\n|poke|p2|Zamazenta-*, L50|\n|poke|p2|Dragonite, L50, M|\n|poke|p2|Tatsugiri, L50, F|\n|teampreview|4\n|inactive|Battle timer is ON: inactive players will automatically lose when time's up. (requested by LechonkBro)\n|inactive|Mirthinion also wants the timer to be on.\nMirthinion rejected open team sheets.\n|inactive|Mirthinion has 60 seconds left.\n|\n|t:|1775154646\n|teamsize|p1|4\n|teamsize|p2|4\n|start\n|switch|p1a: Drambor|Zamazenta-Crowned, L50|100/100\n|switch|p1b: Hoplite|Rillaboom, L50, M|100/100\n|switch|p2a: Calyrex|Calyrex-Shadow, L50|100/100\n|switch|p2b: Dragonite|Dragonite, L50, M|100/100\n|-ability|p2a: Calyrex|As One\n|-ability|p2a: Calyrex|Unnerve\n|-ability|p1a: Drambor|Dauntless Shield|boost\n|-boost|p1a: Drambor|def|1\n|-fieldstart|move: Grassy Terrain|[from] ability: Grassy Surge|[of] p1b: Hoplite\n|turn|1\n|\n|t:|1775154668\n|-terastallize|p2b: Dragonite|Normal\n|move|p2b: Dragonite|Extreme Speed|p1b: Hoplite\n|-crit|p1b: Hoplite\n|-damage|p1b: Hoplite|10/100\n|move|p1b: Hoplite|Grassy Glide|p2a: Calyrex\n|-damage|p2a: Calyrex|51/100\n|move|p2a: Calyrex|Astral Barrage|p1b: Hoplite|[spread] p1a,p1b\n|-damage|p1a: Drambor|56/100\n|-damage|p1b: Hoplite|0 fnt\n|faint|p1b: Hoplite\n|-ability|p2a: Calyrex|Grim Neigh|boost\n|-boost|p2a: Calyrex|spa|1\n|move|p1a: Drambor|Behemoth Bash|p2a: Calyrex\n|-damage|p2a: Calyrex|2/100\n|\n|-heal|p2a: Calyrex|8/100|[from] Grassy Terrain\n|-heal|p1a: Drambor|62/100|[from] Grassy Terrain\n|upkeep\n|\n|t:|1775154689\n|switch|p1b: Mithrandir|Calyrex-Shadow, L50|100/100\n|-ability|p1b: Mithrandir|As One\n|-ability|p1b: Mithrandir|Unnerve\n|turn|2\n|\n|t:|1775154702\n|move|p1a: Drambor|Protect|p1a: Drambor\n|-singleturn|p1a: Drambor|Protect\n|move|p2b: Dragonite|Extreme Speed|p1a: Drambor\n|-activate|p1a: Drambor|move: Protect\n|move|p2a: Calyrex|Astral Barrage|p1a: Drambor|[spread] p1b\n|-activate|p1a: Drambor|move: Protect\n|-supereffective|p1b: Mithrandir\n|-enditem|p1b: Mithrandir|Focus Sash\n|-damage|p1b: Mithrandir|1/100\n|move|p1b: Mithrandir|Pollen Puff|p2a: Calyrex\n|-damage|p2a: Calyrex|0 fnt\n|faint|p2a: Calyrex\n|-ability|p1b: Mithrandir|Grim Neigh|boost\n|-boost|p1b: Mithrandir|spa|1\n|\n|-heal|p1b: Mithrandir|7/100|[from] Grassy Terrain\n|-heal|p1a: Drambor|68/100|[from] Grassy Terrain\n|upkeep\n|\n|t:|1775154720\n|switch|p2a: Zamazenta|Zamazenta-Crowned, L50|100/100\n|-ability|p2a: Zamazenta|Dauntless Shield|boost\n|-boost|p2a: Zamazenta|def|1\n|turn|3\n|\n|t:|1775154738\n|move|p2b: Dragonite|Extreme Speed|p1a: Drambor\n|-resisted|p1a: Drambor\n|-damage|p1a: Drambor|53/100\n|move|p1b: Mithrandir|Astral Barrage|p2a: Zamazenta|[spread] p2a\n|-immune|p2b: Dragonite\n|-damage|p2a: Zamazenta|48/100\n|move|p1a: Drambor|Body Press|p2b: Dragonite\n|-supereffective|p2b: Dragonite\n|-damage|p2b: Dragonite|0 fnt\n|faint|p2b: Dragonite\n|move|p2a: Zamazenta|Body Press|p1a: Drambor\n|-supereffective|p1a: Drambor\n|-crit|p1a: Drambor\n|-damage|p1a: Drambor|0 fnt\n|faint|p1a: Drambor\n|\n|-heal|p1b: Mithrandir|13/100|[from] Grassy Terrain\n|-heal|p2a: Zamazenta|54/100|[from] Grassy Terrain\n|upkeep\n|\n|t:|1775154755\n|switch|p1a: Wolfgang|Incineroar, L50, M|100/100\n|switch|p2b: Chien-Pao|Chien-Pao, L50|100/100\n|-ability|p2b: Chien-Pao|Sword of Ruin\n|-ability|p1a: Wolfgang|Intimidate|boost\n|-unboost|p2a: Zamazenta|atk|1\n|-unboost|p2b: Chien-Pao|atk|1\n|turn|4\n|inactive|Mirthinion has 30 seconds left.\n|inactive|Mirthinion has 20 seconds left.\n|\n|t:|1775154794\n|move|p2a: Zamazenta|Wide Guard|p2a: Zamazenta\n|-singleturn|p2a: Zamazenta|Wide Guard\n|move|p1a: Wolfgang|Fake Out|p2b: Chien-Pao\n|-damage|p2b: Chien-Pao|86/100\n|move|p1b: Mithrandir|Astral Barrage|p2b: Chien-Pao|[spread] \n|-activate|p2a: Zamazenta|move: Wide Guard\n|-activate|p2b: Chien-Pao|move: Wide Guard\n|cant|p2b: Chien-Pao|flinch\n|\n|-heal|p1b: Mithrandir|19/100|[from] Grassy Terrain\n|-heal|p2b: Chien-Pao|91/100|[from] Grassy Terrain\n|-heal|p2a: Zamazenta|61/100|[from] Grassy Terrain\n|upkeep\n|turn|5\n|\n|t:|1775154810\n|-terastallize|p1a: Wolfgang|Bug\n|move|p1b: Mithrandir|Protect|p1b: Mithrandir\n|-singleturn|p1b: Mithrandir|Protect\n|move|p2b: Chien-Pao|Sucker Punch||[still]\n|-fail|p2b: Chien-Pao\n|move|p2a: Zamazenta|Body Press|p1a: Wolfgang\n|-resisted|p1a: Wolfgang\n|-damage|p1a: Wolfgang|56/100\n|move|p1a: Wolfgang|Flare Blitz|p2b: Chien-Pao\n|-supereffective|p2b: Chien-Pao\n|-damage|p2b: Chien-Pao|0 fnt\n|faint|p2b: Chien-Pao\n|-damage|p1a: Wolfgang|33/100|[from] Recoil\n|\n|-heal|p1b: Mithrandir|24/100|[from] Grassy Terrain\n|-heal|p2a: Zamazenta|67/100|[from] Grassy Terrain\n|-heal|p1a: Wolfgang|39/100|[from] Grassy Terrain\n|-fieldend|move: Grassy Terrain\n|upkeep\n|turn|6\n|\n|t:|1775154832\n|move|p1b: Mithrandir|Astral Barrage|p2a: Zamazenta\n|-damage|p2a: Zamazenta|0 fnt\n|faint|p2a: Zamazenta\n|\n|win|Mirthinion\n|raw|Mirthinion's rating: 1533 &rarr; <strong>1553</strong><br />(+20 for winning)\n|raw|LechonkBro's rating: 1529 &rarr; <strong>1509</strong><br />(-20 for losing)\n|l|\u2606LechonkBro\n|player|p2|\n","uploadtime":1775154843,"views":66,"formatid":"gen9vgc2026regi","rating":1509,"private":0,"password":null}