{"id":"gen9vgc2026regi-2530057028","format":"[Gen 9] VGC 2026 Reg I","players":["QAQeee\u603b\u5bfc\u6f14","zonavideovigilada"],"log":"|j|\u2606QAQeee\u603b\u5bfc\u6f14\n|j|\u2606zonavideovigilada\n|t:|1769870424\n|gametype|doubles\n|player|p1|QAQeee\u603b\u5bfc\u6f14|may-masters4|1420\n|player|p2|zonavideovigilada|101|1552\n|gen|9\n|tier|[Gen 9] VGC 2026 Reg I\n|rated|\n|rule|Species Clause: Limit one of each Pok\u00e9mon\n|rule|Item Clause: Limit 1 of each item\n|clearpoke\n|poke|p1|Calyrex-Shadow, L50|\n|poke|p1|Zamazenta-*, L50|\n|poke|p1|Chien-Pao, L50|\n|poke|p1|Dragonite, L50, F|\n|poke|p1|Amoonguss, L50, F|\n|poke|p1|Ogerpon-Cornerstone, L50, F|\n|poke|p2|Calyrex-Shadow, L50|\n|poke|p2|Zamazenta-*, L50|\n|poke|p2|Amoonguss, L50, M|\n|poke|p2|Chi-Yu, L50|\n|poke|p2|Rillaboom, L50, F|\n|poke|p2|Chien-Pao, L50|\n|teampreview|4\n|\n|t:|1769870478\n|teamsize|p1|4\n|teamsize|p2|4\n|start\n|switch|p1a: Zamazenta|Zamazenta-Crowned, L50|100/100\n|switch|p1b: Chien-Pao|Chien-Pao, L50|100/100\n|switch|p2a: Zamazenta|Zamazenta-Crowned, L50|100/100\n|switch|p2b: Chien-Pao|Chien-Pao, L50|100/100\n|-ability|p1b: Chien-Pao|Sword of Ruin\n|-ability|p2b: Chien-Pao|Sword of Ruin\n|-ability|p2a: Zamazenta|Dauntless Shield|boost\n|-boost|p2a: Zamazenta|def|1\n|-ability|p1a: Zamazenta|Dauntless Shield|boost\n|-boost|p1a: Zamazenta|def|1\n|turn|1\n|\n|t:|1769870497\n|-terastallize|p2b: Chien-Pao|Poison\n|move|p1b: Chien-Pao|Icy Wind|p2a: Zamazenta|[spread] p2a,p2b\n|-resisted|p2a: Zamazenta\n|-damage|p2a: Zamazenta|96/100\n|-damage|p2b: Chien-Pao|90/100\n|-unboost|p2a: Zamazenta|spe|1\n|-unboost|p2b: Chien-Pao|spe|1\n|move|p1a: Zamazenta|Behemoth Bash|p2b: Chien-Pao\n|-damage|p2b: Chien-Pao|40/100\n|move|p2b: Chien-Pao|Sacred Sword|p1b: Chien-Pao\n|-supereffective|p1b: Chien-Pao\n|-damage|p1b: Chien-Pao|0 fnt\n|faint|p1b: Chien-Pao\n|move|p2a: Zamazenta|Body Press|p1a: Zamazenta\n|-supereffective|p1a: Zamazenta\n|-damage|p1a: Zamazenta|34/100\n|\n|upkeep\n|\n|t:|1769870514\n|switch|p1b: Calyrex|Calyrex-Shadow, L50|100/100\n|-ability|p1b: Calyrex|As One\n|-ability|p1b: Calyrex|Unnerve\n|turn|2\n|\n|t:|1769870537\n|move|p2a: Zamazenta|Protect|p2a: Zamazenta\n|-singleturn|p2a: Zamazenta|Protect\n|move|p2b: Chien-Pao|Ice Shard|p1b: Calyrex\n|-damage|p1b: Calyrex|71/100\n|move|p1b: Calyrex|Psychic|p2b: Chien-Pao\n|-supereffective|p2b: Chien-Pao\n|-damage|p2b: Chien-Pao|0 fnt\n|faint|p2b: Chien-Pao\n|-ability|p1b: Calyrex|Grim Neigh|boost\n|-boost|p1b: Calyrex|spa|1\n|move|p1a: Zamazenta|Body Press|p2a: Zamazenta\n|-activate|p2a: Zamazenta|move: Protect\n|\n|upkeep\n|\n|t:|1769870551\n|switch|p2b: Chi-Yu|Chi-Yu, L50|100/100\n|-ability|p2b: Chi-Yu|Beads of Ruin\n|turn|3\n|\n|t:|1769870569\n|move|p1b: Calyrex|Protect|p1b: Calyrex\n|-singleturn|p1b: Calyrex|Protect\n|move|p1a: Zamazenta|Protect|p1a: Zamazenta\n|-singleturn|p1a: Zamazenta|Protect\n|move|p2b: Chi-Yu|Overheat|p1b: Calyrex\n|-activate|p1b: Calyrex|move: Protect\n|move|p2a: Zamazenta|Body Press|p1a: Zamazenta\n|-activate|p1a: Zamazenta|move: Protect\n|\n|upkeep\n|turn|4\n|\n|t:|1769870590\n|switch|p1b: Dragonite|Dragonite, L50, F|100/100\n|move|p2a: Zamazenta|Wide Guard|p2a: Zamazenta\n|-singleturn|p2a: Zamazenta|Wide Guard\n|move|p2b: Chi-Yu|Overheat|p1a: Zamazenta\n|-supereffective|p1a: Zamazenta\n|-damage|p1a: Zamazenta|0 fnt\n|-unboost|p2b: Chi-Yu|spa|2\n|faint|p1a: Zamazenta\n|\n|upkeep\n|\n|t:|1769870598\n|switch|p1a: Calyrex|Calyrex-Shadow, L50|71/100\n|-ability|p1a: Calyrex|As One\n|-ability|p1a: Calyrex|Unnerve\n|turn|5\n|\n|t:|1769870620\n|move|p2b: Chi-Yu|Overheat|p1a: Calyrex\n|-damage|p1a: Calyrex|23/100\n|-unboost|p2b: Chi-Yu|spa|2\n|move|p1a: Calyrex|Encore|p2a: Zamazenta\n|-start|p2a: Zamazenta|Encore\n|move|p2a: Zamazenta|Wide Guard|p2a: Zamazenta\n|-singleturn|p2a: Zamazenta|Wide Guard\n|move|p1b: Dragonite|Outrage|p2a: Zamazenta\n|-resisted|p2a: Zamazenta\n|-damage|p2a: Zamazenta|77/100\n|\n|upkeep\n|turn|6\n|\n|t:|1769870635\n|move|p1a: Calyrex|Protect|p1a: Calyrex\n|-singleturn|p1a: Calyrex|Protect\n|move|p2a: Zamazenta|Wide Guard|p2a: Zamazenta\n|-singleturn|p2a: Zamazenta|Wide Guard\n|move|p2b: Chi-Yu|Overheat|p1a: Calyrex\n|-activate|p1a: Calyrex|move: Protect\n|move|p1b: Dragonite|Outrage|p2a: Zamazenta|[from] lockedmove\n|-resisted|p2a: Zamazenta\n|-damage|p2a: Zamazenta|58/100\n|-start|p1b: Dragonite|confusion|[fatigue]\n|\n|upkeep\n|turn|7\n|inactive|Battle timer is ON: inactive players will automatically lose when time's up. (requested by zonavideovigilada)\n|\n|t:|1769870652\n|move|p2a: Zamazenta|Wide Guard|p2a: Zamazenta\n|-singleturn|p2a: Zamazenta|Wide Guard\n|move|p2b: Chi-Yu|Overheat|p1a: Calyrex\n|-damage|p1a: Calyrex|0 fnt\n|-unboost|p2b: Chi-Yu|spa|2\n|faint|p1a: Calyrex\n|-activate|p1b: Dragonite|confusion\n|-damage|p1b: Dragonite|84/100|[from] confusion\n|\n|-end|p2a: Zamazenta|Encore\n|upkeep\n|turn|8\n|-message|QAQeee\u603b\u5bfc\u6f14 forfeited.\n|\n|win|zonavideovigilada\n|raw|QAQeee\u603b\u5bfc\u6f14's rating: 1420 &rarr; <strong>1407</strong><br />(-13 for losing)\n|raw|zonavideovigilada's rating: 1552 &rarr; <strong>1565</strong><br />(+13 for winning)\n|l|\u2606QAQeee\u603b\u5bfc\u6f14\n|player|p1|\n|l|\u2606zonavideovigilada\n|player|p2|\n","uploadtime":1769870869,"views":15,"formatid":"gen9vgc2026regi","rating":1407,"private":0,"password":null}