{"id":"gen9vgc2026regi-2576208784","format":"[Gen 9] VGC 2026 Reg I","players":["yubanmeiqin","lieyanshu"],"log":"|j|\u2606yubanmeiqin\n|j|\u2606lieyanshu\n|t:|1775440718\n|gametype|doubles\n|player|p1|yubanmeiqin|lillie-masters2|1507\n|player|p2|lieyanshu|dawn-gen4pt|1566\n|gen|9\n|tier|[Gen 9] VGC 2026 Reg I\n|rated|\n|rule|Species Clause: Limit one of each Pok\u00e9mon\n|rule|Item Clause: Limit 1 of each item\n|clearpoke\n|poke|p1|Zamazenta-*, L50|\n|poke|p1|Kyogre, L50|\n|poke|p1|Rillaboom, L50, M|\n|poke|p1|Iron Jugulis, L50|\n|poke|p1|Kingambit, L50, F|\n|poke|p1|Chien-Pao, L50|\n|poke|p2|Tornadus, L50, M|\n|poke|p2|Miraidon, L50|\n|poke|p2|Iron Moth, L50|\n|poke|p2|Urshifu-*, L50, M|\n|poke|p2|Calyrex-Ice, L50|\n|poke|p2|Landorus, L50, M|\n|teampreview|4\n|\n|t:|1775440754\n|teamsize|p1|4\n|teamsize|p2|4\n|start\n|switch|p1a: Kyogre|Kyogre, L50|100/100\n|switch|p1b: Rillaboom|Rillaboom, L50, M|100/100\n|switch|p2a: Iron Moth|Iron Moth, L50|100/100\n|switch|p2b: Calyrex|Calyrex-Ice, L50|100/100\n|-ability|p2b: Calyrex|As One\n|-ability|p2b: Calyrex|Unnerve\n|-fieldstart|move: Grassy Terrain|[from] ability: Grassy Surge|[of] p1b: Rillaboom\n|-weather|RainDance|[from] ability: Drizzle|[of] p1a: Kyogre\n|turn|1\n|\n|t:|1775440768\n|switch|p1b: Kingambit|Kingambit, L50, F|100/100\n|-terastallize|p2b: Calyrex|Grass\n|move|p2a: Iron Moth|Protect|p2a: Iron Moth\n|-singleturn|p2a: Iron Moth|Protect\n|move|p1a: Kyogre|Water Spout|p2a: Iron Moth|[spread] p2b\n|-activate|p2a: Iron Moth|move: Protect\n|-resisted|p2b: Calyrex\n|-crit|p2b: Calyrex\n|-damage|p2b: Calyrex|41/100\n|move|p2b: Calyrex|Glacial Lance|p1a: Kyogre|[spread] p1a,p1b\n|-resisted|p1a: Kyogre\n|-resisted|p1b: Kingambit\n|-damage|p1a: Kyogre|74/100\n|-damage|p1b: Kingambit|78/100\n|\n|-weather|RainDance|[upkeep]\n|-heal|p1a: Kyogre|80/100|[from] Grassy Terrain\n|-heal|p2b: Calyrex|47/100|[from] Grassy Terrain\n|-heal|p1b: Kingambit|84/100|[from] Grassy Terrain\n|upkeep\n|turn|2\n|\n|t:|1775440791\n|-end|p2a: Iron Moth|Quark Drive|[silent]\n|switch|p2a: Miraidon|Miraidon, L50|100/100\n|-fieldstart|move: Electric Terrain|[from] ability: Hadron Engine|[of] p2a: Miraidon\n|move|p1a: Kyogre|Water Spout|p2b: Calyrex|[spread] p2a,p2b\n|-resisted|p2a: Miraidon\n|-crit|p2a: Miraidon\n|-resisted|p2b: Calyrex\n|-damage|p2a: Miraidon|47/100\n|-damage|p2b: Calyrex|16/100\n|move|p2b: Calyrex|Seed Bomb|p1a: Kyogre\n|-supereffective|p1a: Kyogre\n|-damage|p1a: Kyogre|0 fnt\n|faint|p1a: Kyogre\n|-ability|p2b: Calyrex|Chilling Neigh|boost\n|-boost|p2b: Calyrex|atk|1\n|move|p1b: Kingambit|Kowtow Cleave|p2b: Calyrex\n|-damage|p2b: Calyrex|0 fnt\n|faint|p2b: Calyrex\n|-damage|p1b: Kingambit|74/100|[from] item: Life Orb\n|\n|-weather|RainDance|[upkeep]\n|upkeep\n|\n|t:|1775440813\n|switch|p1a: Rillaboom|Rillaboom, L50, M|100/100\n|switch|p2b: Iron Moth|Iron Moth, L50|100/100\n|-fieldstart|move: Grassy Terrain|[from] ability: Grassy Surge|[of] p1a: Rillaboom\n|turn|3\n|j| touchdownJulio\n|\n|t:|1775440833\n|switch|p2a: Tornadus|Tornadus, L50, M|100/100\n|move|p1a: Rillaboom|Fake Out|p2b: Iron Moth\n|-damage|p2b: Iron Moth|79/100\n|cant|p2b: Iron Moth|flinch\n|move|p1b: Kingambit|Kowtow Cleave|p2b: Iron Moth\n|-damage|p2b: Iron Moth|0 fnt\n|faint|p2b: Iron Moth\n|-end|p2b: Iron Moth|Quark Drive|[silent]\n|-damage|p1b: Kingambit|65/100|[from] item: Life Orb\n|\n|-weather|RainDance|[upkeep]\n|-heal|p1b: Kingambit|71/100|[from] Grassy Terrain\n|upkeep\n|\n|t:|1775440845\n|switch|p2b: Miraidon|Miraidon, L50|47/100\n|-fieldstart|move: Electric Terrain|[from] ability: Hadron Engine|[of] p2b: Miraidon\n|turn|4\n|\n|t:|1775440851\n|switch|p1a: Zamazenta|Zamazenta-Crowned, L50|100/100\n|-ability|p1a: Zamazenta|Dauntless Shield|boost\n|-boost|p1a: Zamazenta|def|1\n|move|p1b: Kingambit|Sucker Punch|p2b: Miraidon\n|-damage|p2b: Miraidon|0 fnt\n|faint|p2b: Miraidon\n|-damage|p1b: Kingambit|61/100|[from] item: Life Orb\n|move|p2a: Tornadus|Bleakwind Storm|p1a: Zamazenta|[spread] p1a,p1b\n|-resisted|p1b: Kingambit\n|-damage|p1a: Zamazenta|72/100\n|-damage|p1b: Kingambit|43/100\n|-unboost|p1a: Zamazenta|spe|1\n|\n|-weather|RainDance|[upkeep]\n|upkeep\n|turn|5\n|-message|lieyanshu forfeited.\n|\n|win|yubanmeiqin\n|raw|yubanmeiqin's rating: 1507 &rarr; <strong>1530</strong><br />(+23 for winning)\n|raw|lieyanshu's rating: 1566 &rarr; <strong>1543</strong><br />(-23 for losing)\n|l|\u2606lieyanshu\n|player|p2|\n","uploadtime":1775440861,"views":11,"formatid":"gen9vgc2026regi","rating":1530,"private":0,"password":null}