{"id":"gen9vgc2026regi-2560968859","format":"[Gen 9] VGC 2026 Reg I","players":["KaiMVGC","Jerald Jimes"],"log":"|j|\u2606KaiMVGC\n|j|\u2606Jerald Jimes\n|t:|1773753184\n|gametype|doubles\n|player|p1|KaiMVGC|boarder|1369\n|player|p2|Jerald Jimes|turo|1434\n|gen|9\n|tier|[Gen 9] VGC 2026 Reg I\n|rated|\n|rule|Species Clause: Limit one of each Pok\u00e9mon\n|rule|Item Clause: Limit 1 of each item\n|clearpoke\n|poke|p1|Calyrex-Shadow, L50|\n|poke|p1|Incineroar, L50, F|\n|poke|p1|Rillaboom, L50, M|\n|poke|p1|Amoonguss, L50, M|\n|poke|p2|Chi-Yu, L50|\n|poke|p2|Landorus, L50, M|\n|poke|p2|Tornadus, L50, M|\n|poke|p2|Calyrex-Shadow, L50|\n|poke|p2|Zamazenta-*, L50|\n|poke|p2|Rillaboom, L50, M|\n|teampreview|4\n|inactive|Battle timer is ON: inactive players will automatically lose when time's up. (requested by KaiMVGC)\n|inactive|Jerald Jimes has 60 seconds left.\n|\n|t:|1773753249\n|teamsize|p1|4\n|teamsize|p2|4\n|start\n|switch|p1a: Incineroar|Incineroar, L50, F|100/100\n|switch|p1b: Amoonguss|Amoonguss, L50, M|100/100\n|switch|p2a: Rillaboom|Rillaboom, L50, M, shiny|100/100\n|switch|p2b: Landorus|Landorus, L50, M, shiny|100/100\n|-fieldstart|move: Grassy Terrain|[from] ability: Grassy Surge|[of] p2a: Rillaboom\n|-ability|p1a: Incineroar|Intimidate|boost\n|-unboost|p2a: Rillaboom|atk|1\n|-unboost|p2b: Landorus|atk|1\n|turn|1\n|\n|t:|1773753260\n|move|p1b: Amoonguss|Protect|p1b: Amoonguss\n|-singleturn|p1b: Amoonguss|Protect\n|move|p2a: Rillaboom|Fake Out|p1b: Amoonguss\n|-activate|p1b: Amoonguss|move: Protect\n|move|p1a: Incineroar|Fake Out|p2b: Landorus\n|-damage|p2b: Landorus|89/100\n|cant|p2b: Landorus|flinch\n|\n|upkeep\n|turn|2\n|\n|t:|1773753276\n|switch|p1a: Rillaboom|Rillaboom, L50, M|100/100\n|move|p2b: Landorus|Protect|p2b: Landorus\n|-singleturn|p2b: Landorus|Protect\n|move|p2a: Rillaboom|U-turn|p1b: Amoonguss\n|-damage|p1b: Amoonguss|86/100\n|\n|t:|1773753284\n|switch|p2a: Chi-Yu|Chi-Yu, L50, shiny|100/100|[from] U-turn\n|-ability|p2a: Chi-Yu|Beads of Ruin\n|move|p1b: Amoonguss|Spore|p2b: Landorus\n|-activate|p2b: Landorus|move: Protect\n|\n|-heal|p1b: Amoonguss|92/100|[from] Grassy Terrain\n|upkeep\n|turn|3\n|\n|t:|1773753304\n|switch|p1a: Incineroar|Incineroar, L50, F|100/100\n|-ability|p1a: Incineroar|Intimidate|boost\n|-unboost|p2a: Chi-Yu|atk|1\n|-unboost|p2b: Landorus|atk|1\n|-terastallize|p2a: Chi-Yu|Ghost\n|-terastallize|p1b: Amoonguss|Fire\n|move|p2a: Chi-Yu|Heat Wave|p1a: Incineroar|[spread] p1b\n|-miss|p2a: Chi-Yu|p1a: Incineroar\n|-resisted|p1b: Amoonguss\n|-damage|p1b: Amoonguss|73/100\n|move|p2b: Landorus|Earth Power|p1a: Incineroar\n|-supereffective|p1a: Incineroar\n|-damage|p1a: Incineroar|0 fnt\n|faint|p1a: Incineroar\n|move|p1b: Amoonguss|Spore|p2a: Chi-Yu\n|-status|p2a: Chi-Yu|slp|[from] move: Spore\n|\n|-heal|p1b: Amoonguss|79/100|[from] Grassy Terrain\n|upkeep\n|\n|t:|1773753318\n|switch|p1a: Rillaboom|Rillaboom, L50, M|100/100\n|turn|4\n|\n|t:|1773753324\n|switch|p2a: Rillaboom|Rillaboom, L50, M, shiny|100/100\n|switch|p1b: Calyrex|Calyrex-Shadow, L50|100/100\n|-ability|p1b: Calyrex|As One\n|-ability|p1b: Calyrex|Unnerve\n|move|p2b: Landorus|Protect|p2b: Landorus\n|-singleturn|p2b: Landorus|Protect\n|move|p1a: Rillaboom|Fake Out|p2b: Landorus\n|-activate|p2b: Landorus|move: Protect\n|\n|upkeep\n|turn|5\n|inactive|Jerald Jimes has 30 seconds left.\n|\n|t:|1773753351\n|move|p1a: Rillaboom|Grassy Glide|p2b: Landorus\n|-damage|p2b: Landorus|48/100\n|move|p1b: Calyrex|Astral Barrage|p2a: Rillaboom|[spread] p2a,p2b\n|-damage|p2a: Rillaboom|70/100\n|-damage|p2b: Landorus|0 fnt\n|faint|p2b: Landorus\n|-ability|p1b: Calyrex|Grim Neigh|boost\n|-boost|p1b: Calyrex|spa|1\n|move|p2a: Rillaboom|U-turn|p1a: Rillaboom\n|-supereffective|p1a: Rillaboom\n|-crit|p1a: Rillaboom\n|-damage|p1a: Rillaboom|40/100\n|\n|t:|1773753361\n|switch|p2a: Calyrex|Calyrex-Shadow, L50|100/100|[from] U-turn\n|-ability|p2a: Calyrex|As One\n|-ability|p2a: Calyrex|Unnerve\n|\n|-heal|p1a: Rillaboom|46/100|[from] Grassy Terrain\n|-fieldend|move: Grassy Terrain\n|upkeep\n|\n|t:|1773753366\n|switch|p2b: Chi-Yu|Chi-Yu, L50, shiny, tera:Ghost|100/100 slp\n|-ability|p2b: Chi-Yu|Beads of Ruin\n|turn|6\n|\n|t:|1773753375\n|switch|p2b: Rillaboom|Rillaboom, L50, M, shiny|70/100\n|-fieldstart|move: Grassy Terrain|[from] ability: Grassy Surge|[of] p2b: Rillaboom\n|switch|p1a: Amoonguss|Amoonguss, L50, M, tera:Fire|100/100\n|move|p1b: Calyrex|Protect|p1b: Calyrex\n|-singleturn|p1b: Calyrex|Protect\n|move|p2a: Calyrex|Astral Barrage|p1b: Calyrex|[spread] p1a\n|-activate|p1b: Calyrex|move: Protect\n|-damage|p1a: Amoonguss|61/100\n|\n|-heal|p2b: Rillaboom|75/100|[from] Grassy Terrain\n|-heal|p1a: Amoonguss|67/100|[from] Grassy Terrain\n|upkeep\n|turn|7\n|\n|t:|1773753394\n|move|p2b: Rillaboom|Grassy Glide|p1b: Calyrex\n|-damage|p1b: Calyrex|62/100\n|move|p2a: Calyrex|Astral Barrage|p1a: Amoonguss|[spread] p1a,p1b\n|-supereffective|p1b: Calyrex\n|-damage|p1a: Amoonguss|26/100\n|-damage|p1b: Calyrex|0 fnt\n|faint|p1b: Calyrex\n|-ability|p2a: Calyrex|Grim Neigh|boost\n|-boost|p2a: Calyrex|spa|1\n|move|p1a: Amoonguss|Spore|p2a: Calyrex\n|-status|p2a: Calyrex|slp|[from] move: Spore\n|\n|-heal|p2b: Rillaboom|81/100|[from] Grassy Terrain\n|-heal|p1a: Amoonguss|32/100|[from] Grassy Terrain\n|upkeep\n|\n|t:|1773753400\n|switch|p1b: Rillaboom|Rillaboom, L50, M|46/100\n|turn|8\n|\n|t:|1773753411\n|cant|p2a: Calyrex|slp\n|move|p1b: Rillaboom|Fake Out|p2b: Rillaboom\n|-damage|p2b: Rillaboom|69/100\n|cant|p2b: Rillaboom|flinch\n|move|p1a: Amoonguss|Pollen Puff|p1b: Rillaboom\n|-heal|p1b: Rillaboom|96/100\n|\n|-heal|p1b: Rillaboom|100/100|[from] Grassy Terrain\n|-heal|p2b: Rillaboom|74/100|[from] Grassy Terrain\n|-heal|p1a: Amoonguss|38/100|[from] Grassy Terrain\n|upkeep\n|turn|9\n|\n|t:|1773753421\n|cant|p2a: Calyrex|slp\n|move|p1b: Rillaboom|Wood Hammer|p2a: Calyrex\n|-damage|p2a: Calyrex|6/100 slp\n|-damage|p1b: Rillaboom|73/100|[from] Recoil\n|move|p2b: Rillaboom|U-turn|p1b: Rillaboom\n|-supereffective|p1b: Rillaboom\n|-damage|p1b: Rillaboom|27/100\n|\n|t:|1773753430\n|switch|p2b: Chi-Yu|Chi-Yu, L50, shiny, tera:Ghost|100/100 slp|[from] U-turn\n|-ability|p2b: Chi-Yu|Beads of Ruin\n|move|p1a: Amoonguss|Pollen Puff|p2a: Calyrex\n|-damage|p2a: Calyrex|0 fnt\n|faint|p2a: Calyrex\n|\n|-heal|p1b: Rillaboom|33/100|[from] Grassy Terrain\n|-heal|p1a: Amoonguss|43/100|[from] Grassy Terrain\n|upkeep\n|\n|t:|1773753431\n|switch|p2a: Rillaboom|Rillaboom, L50, M, shiny|74/100\n|turn|10\n|\n|t:|1773753448\n|move|p1b: Rillaboom|Grassy Glide|p2b: Chi-Yu\n|-damage|p2b: Chi-Yu|43/100 slp\n|cant|p2b: Chi-Yu|slp\n|move|p2a: Rillaboom|U-turn|p1b: Rillaboom\n|-supereffective|p1b: Rillaboom\n|-damage|p1b: Rillaboom|0 fnt\n|faint|p1b: Rillaboom\n|move|p1a: Amoonguss|Pollen Puff|p2a: Rillaboom\n|-supereffective|p2a: Rillaboom\n|-damage|p2a: Rillaboom|44/100\n|\n|-heal|p2b: Chi-Yu|49/100 slp|[from] Grassy Terrain\n|-heal|p2a: Rillaboom|50/100|[from] Grassy Terrain\n|-heal|p1a: Amoonguss|49/100|[from] Grassy Terrain\n|-fieldend|move: Grassy Terrain\n|upkeep\n|turn|11\n|\n|t:|1773753462\n|cant|p2b: Chi-Yu|slp\n|move|p2a: Rillaboom|Wood Hammer|p1a: Amoonguss\n|-resisted|p1a: Amoonguss\n|-damage|p1a: Amoonguss|25/100\n|-damage|p2a: Rillaboom|42/100|[from] Recoil\n|move|p1a: Amoonguss|Pollen Puff|p2a: Rillaboom\n|-supereffective|p2a: Rillaboom\n|-damage|p2a: Rillaboom|15/100\n|\n|upkeep\n|turn|12\n|\n|t:|1773753468\n|move|p1a: Amoonguss|Protect|p1a: Amoonguss\n|-singleturn|p1a: Amoonguss|Protect\n|cant|p2b: Chi-Yu|slp\n|move|p2a: Rillaboom|Wood Hammer|p1a: Amoonguss\n|-activate|p1a: Amoonguss|move: Protect\n|\n|upkeep\n|turn|13\n|\n|t:|1773753471\n|-curestatus|p2b: Chi-Yu|slp|[msg]\n|move|p2b: Chi-Yu|Dark Pulse|p1a: Amoonguss\n|-damage|p1a: Amoonguss|0 fnt\n|faint|p1a: Amoonguss\n|\n|win|Jerald Jimes\n|raw|KaiMVGC's rating: 1369 &rarr; <strong>1353</strong><br />(-16 for losing)\n|raw|Jerald Jimes's rating: 1434 &rarr; <strong>1450</strong><br />(+16 for winning)\n|l|\u2606KaiMVGC\n|player|p1|\n","uploadtime":1773753477,"views":22,"formatid":"gen9vgc2026regi","rating":1353,"private":0,"password":null}