{"id":"gen9vgc2026regi-2573552213","format":"[Gen 9] VGC 2026 Reg I","players":["Jigglyjoe13","Harry Koekenpan"],"log":"|j|\u2606Jigglyjoe13\n|j|\u2606Harry Koekenpan\n|t:|1775146140\n|gametype|doubles\n|player|p1|Jigglyjoe13|102|1410\n|player|p2|Harry Koekenpan|266|1357\n|gen|9\n|tier|[Gen 9] VGC 2026 Reg I\n|rated|\n|rule|Species Clause: Limit one of each Pok\u00e9mon\n|rule|Item Clause: Limit 1 of each item\n|clearpoke\n|poke|p1|Iron Valiant, L50|\n|poke|p1|Bronzong, L50|\n|poke|p1|Miraidon, L50|\n|poke|p1|Farigiraf, L50, M|\n|poke|p1|Lunala, L50|\n|poke|p1|Incineroar, L50, M|\n|poke|p2|Weezing-Galar, L50, F|\n|poke|p2|Calyrex-Shadow, L50|\n|poke|p2|Brute Bonnet, L50|\n|poke|p2|Koraidon, L50|\n|poke|p2|Chien-Pao, L50|\n|poke|p2|Regigigas, L50|\n|teampreview|4\n|inactive|Battle timer is ON: inactive players will automatically lose when time's up. (requested by Harry Koekenpan)\n|inactive|Jigglyjoe13 has 60 seconds left.\n|\n|t:|1775146175\n|teamsize|p1|4\n|teamsize|p2|4\n|start\n|switch|p1a: Iron Valiant|Iron Valiant, L50|100/100\n|switch|p1b: Miraidon|Miraidon, L50|100/100\n|switch|p2a: Weezing|Weezing-Galar, L50, F|100/100\n|switch|p2b: Regigigas|Regigigas, L50|100/100\n|-ability|p2a: Weezing|Neutralizing Gas\n|turn|1\n|j| vominhduc\n|inactive|Jigglyjoe13 has 30 seconds left.\n|inactive|Jigglyjoe13 has 20 seconds left.\n|inactive|Jigglyjoe13 has 15 seconds left.\n|inactive|Jigglyjoe13 has 10 seconds left.\n|\n|t:|1775146224\n|move|p2b: Regigigas|Knock Off|p1b: Miraidon\n|-damage|p1b: Miraidon|59/100\n|-enditem|p1b: Miraidon|Life Orb|[from] move: Knock Off|[of] p2b: Regigigas\n|move|p1b: Miraidon|Electro Drift|p2b: Regigigas\n|-damage|p2b: Regigigas|49/100\n|move|p1a: Iron Valiant|Moonblast|p2b: Regigigas\n|-damage|p2b: Regigigas|9/100\n|-unboost|p2b: Regigigas|spa|1\n|move|p2a: Weezing|Poison Gas|p1a: Iron Valiant|[spread] p1a,p1b\n|-status|p1a: Iron Valiant|psn\n|-status|p1b: Miraidon|psn\n|\n|-damage|p1b: Miraidon|47/100 psn|[from] psn\n|-damage|p1a: Iron Valiant|88/100 psn|[from] psn\n|upkeep\n|turn|2\n|\n|t:|1775146248\n|move|p1a: Iron Valiant|Vacuum Wave|p2b: Regigigas\n|-supereffective|p2b: Regigigas\n|-damage|p2b: Regigigas|0 fnt\n|faint|p2b: Regigigas\n|-end|p2b: Regigigas|Slow Start|[silent]\n|move|p1b: Miraidon|Electro Drift|p2a: Weezing\n|-damage|p2a: Weezing|46/100\n|-enditem|p2a: Weezing|Sitrus Berry|[eat]\n|-heal|p2a: Weezing|71/100|[from] item: Sitrus Berry\n|move|p2a: Weezing|Toxic Spikes|p1b: Miraidon\n|-sidestart|p1: Jigglyjoe13|move: Toxic Spikes\n|\n|-damage|p1b: Miraidon|35/100 psn|[from] psn\n|-damage|p1a: Iron Valiant|76/100 psn|[from] psn\n|upkeep\n|inactive|Harry Koekenpan has 30 seconds left.\n|\n|t:|1775146278\n|switch|p2b: Koraidon|Koraidon, L50|100/100\n|turn|3\n|\n|t:|1775146299\n|-terastallize|p2b: Koraidon|Fire\n|move|p1b: Miraidon|Draco Meteor|p2b: Koraidon\n|-damage|p2b: Koraidon|27/100\n|-unboost|p1b: Miraidon|spa|2\n|move|p2b: Koraidon|Flare Blitz|p1b: Miraidon\n|-resisted|p1b: Miraidon\n|-damage|p1b: Miraidon|0 fnt\n|faint|p1b: Miraidon\n|-damage|p2b: Koraidon|15/100|[from] Recoil\n|move|p1a: Iron Valiant|Icy Wind|p2a: Weezing|[spread] p2a,p2b\n|-resisted|p2b: Koraidon\n|-damage|p2a: Weezing|59/100\n|-damage|p2b: Koraidon|9/100\n|-unboost|p2a: Weezing|spe|1\n|move|p2a: Weezing|Sludge Bomb|p1a: Iron Valiant\n|-supereffective|p1a: Iron Valiant\n|-damage|p1a: Iron Valiant|0 fnt\n|faint|p1a: Iron Valiant\n|-end|p1a: Iron Valiant|Quark Drive|[silent]\n|\n|upkeep\n|\n|t:|1775146320\n|switch|p1b: Lunala|Lunala, L50|100/100\n|switch|p1a: Incineroar|Incineroar, L50, M|100/100\n|-status|p1b: Lunala|psn\n|-status|p1a: Incineroar|psn\n|turn|4\n|inactive|Harry Koekenpan has 30 seconds left.\n|\n|t:|1775146348\n|move|p2b: Koraidon|Protect|p2b: Koraidon\n|-singleturn|p2b: Koraidon|Protect\n|move|p1a: Incineroar|Fake Out|p2b: Koraidon\n|-activate|p2b: Koraidon|move: Protect\n|move|p1b: Lunala|Calm Mind|p1b: Lunala\n|-boost|p1b: Lunala|spa|1\n|-boost|p1b: Lunala|spd|1\n|move|p2a: Weezing|Sludge Bomb|p1b: Lunala\n|-resisted|p1b: Lunala\n|-damage|p1b: Lunala|94/100 psn\n|\n|-damage|p1b: Lunala|82/100 psn|[from] psn\n|-damage|p1a: Incineroar|88/100 psn|[from] psn\n|upkeep\n|turn|5\n|inactive|Jigglyjoe13 has 30 seconds left.\n|inactive|Jigglyjoe13 has 20 seconds left.\n|inactive|Jigglyjoe13 has 15 seconds left.\n|inactive|Jigglyjoe13 has 10 seconds left.\n|inactive|Jigglyjoe13 has 5 seconds left.\n|\n|t:|1775146399\n|move|p2b: Koraidon|Collision Course|p1a: Incineroar\n|-supereffective|p1a: Incineroar\n|-damage|p1a: Incineroar|0 fnt\n|faint|p1a: Incineroar\n|move|p1b: Lunala|Moongeist Beam|p2a: Weezing\n|-damage|p2a: Weezing|0 fnt\n|faint|p2a: Weezing\n|-end|p2a: Weezing|ability: Neutralizing Gas\n|-weather|SunnyDay|[from] ability: Orichalcum Pulse|[of] p2b: Koraidon\n|-activate|p2b: Koraidon|Orichalcum Pulse|[source]\n|\n|-weather|SunnyDay|[upkeep]\n|-damage|p1b: Lunala|70/100 psn|[from] psn\n|upkeep\n|\n|t:|1775146407\n|switch|p2a: Chien-Pao|Chien-Pao, L50|100/100\n|-ability|p2a: Chien-Pao|Sword of Ruin\n|turn|6\n|\n|t:|1775146420\n|-terastallize|p1b: Lunala|Fairy\n|move|p2a: Chien-Pao|Sucker Punch|p1b: Lunala\n|-resisted|p1b: Lunala\n|-damage|p1b: Lunala|51/100 psn\n|move|p2b: Koraidon|Flare Blitz|p1b: Lunala\n|-damage|p1b: Lunala|0 fnt\n|faint|p1b: Lunala\n|-damage|p2b: Koraidon|0 fnt|[from] Recoil\n|faint|p2b: Koraidon\n|\n|win|Harry Koekenpan\n|raw|Jigglyjoe13's rating: 1410 &rarr; <strong>1387</strong><br />(-23 for losing)\n|raw|Harry Koekenpan's rating: 1357 &rarr; <strong>1380</strong><br />(+23 for winning)\n|l|\u2606Jigglyjoe13\n|player|p1|\n|l|\u2606Harry Koekenpan\n|player|p2|\n","uploadtime":1775146576,"views":11,"formatid":"gen9vgc2026regi","rating":1380,"private":0,"password":null}