{"id":"gen9vgc2026regi-2543921624","format":"[Gen 9] VGC 2026 Reg I","players":["ImEnigmaa_","Shagrathisbeast"],"log":"|j|\u2606ImEnigmaa_\n|j|\u2606Shagrathisbeast\n|t:|1771630743\n|gametype|doubles\n|player|p1|ImEnigmaa_|benga|1389\n|player|p2|Shagrathisbeast|steven|1355\n|gen|9\n|tier|[Gen 9] VGC 2026 Reg I\n|rated|\n|rule|Species Clause: Limit one of each Pok\u00e9mon\n|rule|Item Clause: Limit 1 of each item\n|clearpoke\n|poke|p1|Calyrex-Ice, L50|\n|poke|p1|Groudon, L50|\n|poke|p1|Flutter Mane, L50|\n|poke|p1|Raging Bolt, L50|\n|poke|p1|Brute Bonnet, L50|\n|poke|p1|Incineroar, L50, M|\n|poke|p2|Zacian-*, L50|\n|poke|p2|Calyrex-Shadow, L50|\n|poke|p2|Tornadus, L50, M|\n|poke|p2|Landorus, L50, M|\n|poke|p2|Incineroar, L50, M|\n|poke|p2|Ogerpon-Wellspring, L50, F|\n|teampreview|4\n|inactive|Battle timer is ON: inactive players will automatically lose when time's up. (requested by ImEnigmaa_)\n|inactive|ImEnigmaa_ has 60 seconds left.\n|inactive|Shagrathisbeast has 60 seconds left.\n|\n|t:|1771630793\n|teamsize|p1|4\n|teamsize|p2|4\n|start\n|switch|p1a: Chicken Jockey|Calyrex-Ice, L50|100/100\n|switch|p1b: Inceliroar|Incineroar, L50, M, shiny|100/100\n|switch|p2a: Calyrex|Calyrex-Shadow, L50|100/100\n|switch|p2b: Tornadus|Tornadus, L50, M, shiny|100/100\n|-ability|p2a: Calyrex|As One\n|-ability|p2a: Calyrex|Unnerve\n|-ability|p1a: Chicken Jockey|As One\n|-ability|p1a: Chicken Jockey|Unnerve\n|-ability|p1b: Inceliroar|Intimidate|boost\n|-unboost|p2a: Calyrex|atk|1\n|-unboost|p2b: Tornadus|atk|1\n|turn|1\n|\n|t:|1771630814\n|-terastallize|p2a: Calyrex|Fighting\n|-terastallize|p1a: Chicken Jockey|Water\n|move|p2b: Tornadus|Taunt|p1a: Chicken Jockey\n|-start|p1a: Chicken Jockey|move: Taunt\n|move|p2a: Calyrex|Tera Blast|p1b: Inceliroar|[anim] Tera Blast Fighting\n|-supereffective|p1b: Inceliroar\n|-damage|p1b: Inceliroar|14/100\n|move|p1a: Chicken Jockey|Glacial Lance|p2a: Calyrex|[spread] p2a,p2b\n|-crit|p2a: Calyrex\n|-supereffective|p2b: Tornadus\n|-enditem|p2a: Calyrex|Focus Sash\n|-damage|p2a: Calyrex|1/100\n|-damage|p2b: Tornadus|0 fnt\n|faint|p2b: Tornadus\n|-ability|p1a: Chicken Jockey|Chilling Neigh|boost\n|-boost|p1a: Chicken Jockey|atk|1\n|move|p1b: Inceliroar|Knock Off|p2a: Calyrex\n|-resisted|p2a: Calyrex\n|-damage|p2a: Calyrex|0 fnt\n|faint|p2a: Calyrex\n|\n|upkeep\n|\n|t:|1771630830\n|switch|p2a: Zacian|Zacian-Crowned, L50, shiny|100/100\n|switch|p2b: Ogerpon|Ogerpon-Wellspring, L50, F|100/100\n|-ability|p2a: Zacian|Intrepid Sword|boost\n|-boost|p2a: Zacian|atk|1\n|turn|2\n|\n|t:|1771630853\n|switch|p1a: Biggest Sucker|Brute Bonnet, L50, shiny|100/100\n|move|p2a: Zacian|Play Rough|p1a: Biggest Sucker|[miss]\n|-miss|p2a: Zacian|p1a: Biggest Sucker\n|move|p2b: Ogerpon|Horn Leech|p1a: Biggest Sucker\n|-resisted|p1a: Biggest Sucker\n|-damage|p1a: Biggest Sucker|87/100\n|move|p1b: Inceliroar|Flare Blitz|p2a: Zacian\n|-supereffective|p2a: Zacian\n|-damage|p2a: Zacian|19/100\n|-damage|p1b: Inceliroar|0 fnt|[from] Recoil\n|faint|p1b: Inceliroar\n|\n|upkeep\n|\n|t:|1771630863\n|switch|p1b: Gordon|Groudon, L50, shiny|100/100\n|-weather|SunnyDay|[from] ability: Drought|[of] p1b: Gordon\n|-activate|p1a: Biggest Sucker|ability: Protosynthesis\n|-start|p1a: Biggest Sucker|protosynthesisdef\n|turn|3\n|\n|t:|1771630877\n|move|p2a: Zacian|Protect|p2a: Zacian\n|-singleturn|p2a: Zacian|Protect\n|move|p1a: Biggest Sucker|Rage Powder|p1a: Biggest Sucker\n|-singleturn|p1a: Biggest Sucker|move: Rage Powder\n|move|p2b: Ogerpon|Horn Leech|p1b: Gordon\n|-supereffective|p1b: Gordon\n|-damage|p1b: Gordon|48/100\n|move|p1b: Gordon|Precipice Blades|p2a: Zacian|[spread] p2b\n|-activate|p2a: Zacian|move: Protect\n|-resisted|p2b: Ogerpon\n|-damage|p2b: Ogerpon|78/100\n|\n|-weather|SunnyDay|[upkeep]\n|upkeep\n|turn|4\n|\n|t:|1771630891\n|move|p1b: Gordon|Protect|p1b: Gordon\n|-singleturn|p1b: Gordon|Protect\n|move|p2a: Zacian|Play Rough|p1a: Biggest Sucker\n|-supereffective|p1a: Biggest Sucker\n|-damage|p1a: Biggest Sucker|12/100\n|move|p2b: Ogerpon|Horn Leech|p1b: Gordon\n|-activate|p1b: Gordon|move: Protect\n|move|p1a: Biggest Sucker|Spore|p2a: Zacian\n|-status|p2a: Zacian|slp|[from] move: Spore\n|\n|-weather|SunnyDay|[upkeep]\n|upkeep\n|turn|5\n|inactive|ImEnigmaa_ has 30 seconds left.\n|\n|t:|1771630923\n|cant|p2a: Zacian|slp\n|move|p2b: Ogerpon|Horn Leech|p1b: Gordon\n|-supereffective|p1b: Gordon\n|-damage|p1b: Gordon|0 fnt\n|-heal|p2b: Ogerpon|100/100|[from] drain|[of] p1b: Gordon\n|faint|p1b: Gordon\n|move|p1a: Biggest Sucker|Seed Bomb|p2a: Zacian\n|-resisted|p2a: Zacian\n|-damage|p2a: Zacian|4/100 slp\n|\n|-weather|SunnyDay|[upkeep]\n|upkeep\n|\n|t:|1771630928\n|switch|p1b: Chicken Jockey|Calyrex-Ice, L50, tera:Water|100/100\n|-ability|p1b: Chicken Jockey|As One\n|-ability|p1b: Chicken Jockey|Unnerve\n|turn|6\n|inactive|Shagrathisbeast has 30 seconds left.\n|inactive|Shagrathisbeast has 20 seconds left.\n|\n|t:|1771630966\n|move|p1a: Biggest Sucker|Sucker Punch|p2b: Ogerpon\n|-damage|p2b: Ogerpon|69/100\n|cant|p2a: Zacian|slp\n|move|p2b: Ogerpon|Horn Leech|p1b: Chicken Jockey\n|-supereffective|p1b: Chicken Jockey\n|-damage|p1b: Chicken Jockey|56/100\n|-heal|p2b: Ogerpon|94/100|[from] drain|[of] p1b: Chicken Jockey\n|move|p1b: Chicken Jockey|Trick Room|p1b: Chicken Jockey\n|-fieldstart|move: Trick Room|[of] p1b: Chicken Jockey\n|\n|-weather|SunnyDay|[upkeep]\n|upkeep\n|turn|7\n|\n|t:|1771630984\n|move|p1a: Biggest Sucker|Seed Bomb|p2b: Ogerpon\n|-damage|p2b: Ogerpon|58/100\n|move|p1b: Chicken Jockey|Glacial Lance|p2b: Ogerpon|[spread] p2a,p2b\n|-resisted|p2a: Zacian\n|-damage|p2a: Zacian|0 fnt\n|-damage|p2b: Ogerpon|8/100\n|faint|p2a: Zacian\n|-ability|p1b: Chicken Jockey|Chilling Neigh|boost\n|-boost|p1b: Chicken Jockey|atk|1\n|move|p2b: Ogerpon|Horn Leech|p1b: Chicken Jockey\n|-supereffective|p1b: Chicken Jockey\n|-damage|p1b: Chicken Jockey|13/100\n|-heal|p2b: Ogerpon|32/100|[from] drain|[of] p1b: Chicken Jockey\n|\n|-weather|none\n|-end|p1a: Biggest Sucker|Protosynthesis\n|upkeep\n|turn|8\n|-message|Shagrathisbeast forfeited.\n|\n|win|ImEnigmaa_\n|raw|ImEnigmaa_'s rating: 1389 &rarr; <strong>1407</strong><br />(+18 for winning)\n|raw|Shagrathisbeast's rating: 1355 &rarr; <strong>1337</strong><br />(-18 for losing)\n|l|\u2606Shagrathisbeast\n|player|p2|\n","uploadtime":1771631001,"views":19,"formatid":"gen9vgc2026regi","rating":1337,"private":0,"password":null}