{"id":"gen9vgc2026regi-2578046421","format":"[Gen 9] VGC 2026 Reg I","players":["Hazweioh","Wan Wood"],"log":"|j|\u2606Hazweioh\n|j|\u2606Wan Wood\n|t:|1775640563\n|gametype|doubles\n|player|p1|Hazweioh|265|1480\n|player|p2|Wan Wood|2|1446\n|gen|9\n|tier|[Gen 9] VGC 2026 Reg I\n|rated|\n|rule|Species Clause: Limit one of each Pok\u00e9mon\n|rule|Item Clause: Limit 1 of each item\n|clearpoke\n|poke|p1|Calyrex-Shadow, L50|\n|poke|p1|Zamazenta-*, L50|\n|poke|p1|Chien-Pao, L50|\n|poke|p1|Dragonite, L50, M|\n|poke|p1|Raging Bolt, L50|\n|poke|p1|Amoonguss, L50, M|\n|poke|p2|Rayquaza, L50|\n|poke|p2|Chien-Pao, L50|\n|poke|p2|Rillaboom, L50, F|\n|poke|p2|Volcarona, L50, F|\n|poke|p2|Urshifu-*, L50, M|\n|poke|p2|Solgaleo, L50|\n|teampreview|4\n|inactive|Battle timer is ON: inactive players will automatically lose when time's up. (requested by Wan Wood)\n|inactive|Hazweioh has 60 seconds left.\n|\n|t:|1775640614\n|teamsize|p1|4\n|teamsize|p2|4\n|start\n|switch|p1a: PinkPonyClub|Calyrex-Shadow, L50|100/100\n|switch|p1b: Arlie|Chien-Pao, L50|100/100\n|switch|p2a: Chien-Pao|Chien-Pao, L50|100/100\n|switch|p2b: Solgaleo|Solgaleo, L50|100/100\n|-ability|p1a: PinkPonyClub|As One\n|-ability|p1a: PinkPonyClub|Unnerve\n|-ability|p2a: Chien-Pao|Sword of Ruin\n|-ability|p1b: Arlie|Sword of Ruin\n|turn|1\n|inactive|Wan Wood has 30 seconds left.\n|\n|t:|1775640641\n|move|p2b: Solgaleo|Wide Guard|p2b: Solgaleo\n|-singleturn|p2b: Solgaleo|Wide Guard\n|move|p2a: Chien-Pao|Sucker Punch|p1a: PinkPonyClub\n|-supereffective|p1a: PinkPonyClub\n|-enditem|p1a: PinkPonyClub|Focus Sash\n|-damage|p1a: PinkPonyClub|1/100\n|move|p1a: PinkPonyClub|Astral Barrage|p2a: Chien-Pao|[spread] \n|-activate|p2a: Chien-Pao|move: Wide Guard\n|-activate|p2b: Solgaleo|move: Wide Guard\n|move|p1b: Arlie|Ruination|p2b: Solgaleo\n|-damage|p2b: Solgaleo|50/100\n|\n|upkeep\n|turn|2\n|\n|t:|1775640661\n|move|p2a: Chien-Pao|Sucker Punch||[still]\n|-fail|p2a: Chien-Pao\n|move|p1a: PinkPonyClub|Encore|p2b: Solgaleo\n|-start|p2b: Solgaleo|Encore\n|move|p1b: Arlie|Ruination|p2a: Chien-Pao\n|-damage|p2a: Chien-Pao|51/100\n|move|p2b: Solgaleo|Wide Guard||[still]\n|-fail|p2b: Solgaleo\n|\n|upkeep\n|turn|3\n|\n|t:|1775640677\n|switch|p1a: protec|Zamazenta-Crowned, L50|100/100\n|-ability|p1a: protec|Dauntless Shield|boost\n|-boost|p1a: protec|def|1\n|switch|p2b: Volcarona|Volcarona, L50, F|100/100\n|move|p2a: Chien-Pao|Sucker Punch||[still]\n|-fail|p2a: Chien-Pao\n|move|p1b: Arlie|Ruination|p2a: Chien-Pao\n|-damage|p2a: Chien-Pao|26/100\n|\n|upkeep\n|turn|4\n|j| CrazyyBoi\n|\n|t:|1775640698\n|move|p2a: Chien-Pao|Protect|p2a: Chien-Pao\n|-singleturn|p2a: Chien-Pao|Protect\n|move|p1b: Arlie|Ruination|p2b: Volcarona\n|-damage|p2b: Volcarona|51/100\n|move|p1a: protec|Body Press|p2a: Chien-Pao\n|-activate|p2a: Chien-Pao|move: Protect\n|move|p2b: Volcarona|Tailwind|p2b: Volcarona\n|-sidestart|p2: Wan Wood|move: Tailwind\n|\n|upkeep\n|turn|5\n|inactive|Hazweioh has 30 seconds left.\n|\n|t:|1775640723\n|-terastallize|p1b: Arlie|Poison\n|move|p1a: protec|Protect|p1a: protec\n|-singleturn|p1a: protec|Protect\n|move|p2a: Chien-Pao|Sacred Sword|p1a: protec\n|-activate|p1a: protec|move: Protect\n|move|p2b: Volcarona|Heat Wave|p1a: protec|[spread] p1b\n|-activate|p1a: protec|move: Protect\n|-damage|p1b: Arlie|74/100\n|move|p1b: Arlie|Icy Wind|p2a: Chien-Pao|[spread] p2a\n|-miss|p1b: Arlie|p2b: Volcarona\n|-resisted|p2a: Chien-Pao\n|-damage|p2a: Chien-Pao|15/100\n|-unboost|p2a: Chien-Pao|spe|1\n|\n|upkeep\n|turn|6\n|inactive|Hazweioh has 30 seconds left.\n|\n|t:|1775640749\n|move|p2a: Chien-Pao|Ice Spinner|p1b: Arlie\n|-damage|p1b: Arlie|17/100\n|move|p2b: Volcarona|Heat Wave|p1b: Arlie|[spread] p1a,p1b\n|-supereffective|p1a: protec\n|-damage|p1a: protec|61/100\n|-damage|p1b: Arlie|0 fnt\n|faint|p1b: Arlie\n|move|p1a: protec|Body Press|p2a: Chien-Pao\n|-supereffective|p2a: Chien-Pao\n|-damage|p2a: Chien-Pao|0 fnt\n|faint|p2a: Chien-Pao\n|\n|upkeep\n|\n|t:|1775640760\n|switch|p1b: Raging Bolt|Raging Bolt, L50|100/100\n|switch|p2a: Solgaleo|Solgaleo, L50|50/100\n|-enditem|p1b: Raging Bolt|Booster Energy\n|-activate|p1b: Raging Bolt|ability: Protosynthesis|[fromitem]\n|-start|p1b: Raging Bolt|protosynthesisspa\n|turn|7\n|\n|t:|1775640765\n|-terastallize|p2a: Solgaleo|Ground\n|move|p2b: Volcarona|Protect|p2b: Volcarona\n|-singleturn|p2b: Volcarona|Protect\n|move|p1a: protec|Wide Guard|p1a: protec\n|-singleturn|p1a: protec|Wide Guard\n|move|p2a: Solgaleo|Earthquake|p1b: Raging Bolt|[spread] \n|-activate|p1a: protec|move: Wide Guard\n|-activate|p1b: Raging Bolt|move: Wide Guard\n|-activate|p2b: Volcarona|move: Protect\n|move|p1b: Raging Bolt|Thunderbolt|p2a: Solgaleo\n|-immune|p2a: Solgaleo\n|\n|-sideend|p2: Wan Wood|move: Tailwind\n|upkeep\n|turn|8\n|\n|t:|1775640785\n|move|p2a: Solgaleo|Earthquake|p1a: protec|[spread] p2b,p1a,p1b\n|-supereffective|p1a: protec\n|-supereffective|p1b: Raging Bolt\n|-damage|p2b: Volcarona|0 fnt\n|-damage|p1a: protec|21/100\n|-damage|p1b: Raging Bolt|6/100\n|faint|p2b: Volcarona\n|-damage|p2a: Solgaleo|41/100|[from] item: Life Orb\n|move|p1a: protec|Body Press|p2a: Solgaleo\n|-damage|p2a: Solgaleo|0 fnt\n|faint|p2a: Solgaleo\n|move|p1b: Raging Bolt|Dragon Pulse|p2: Solgaleo|[notarget]\n|-fail|p1b: Raging Bolt\n|\n|upkeep\n|\n|t:|1775640789\n|switch|p2b: Rayquaza|Rayquaza, L50|100/100\n|-ability|p2b: Rayquaza|Air Lock\n|turn|9\n|inactive|Hazweioh has 30 seconds left.\n|\n|t:|1775640817\n|move|p2b: Rayquaza|Extreme Speed|p1b: Raging Bolt\n|-damage|p1b: Raging Bolt|0 fnt\n|faint|p1b: Raging Bolt\n|-end|p1b: Raging Bolt|Protosynthesis|[silent]\n|move|p1a: protec|Heavy Slam|p2b: Rayquaza\n|-damage|p2b: Rayquaza|70/100\n|\n|upkeep\n|\n|t:|1775640825\n|switch|p1b: PinkPonyClub|Calyrex-Shadow, L50|1/100\n|-ability|p1b: PinkPonyClub|As One\n|-ability|p1b: PinkPonyClub|Unnerve\n|turn|10\n|\n|t:|1775640833\n|move|p1b: PinkPonyClub|Protect|p1b: PinkPonyClub\n|-singleturn|p1b: PinkPonyClub|Protect\n|move|p1a: protec|Heavy Slam|p2b: Rayquaza\n|-damage|p2b: Rayquaza|40/100\n|move|p2b: Rayquaza|Dragon Ascent|p1b: PinkPonyClub\n|-activate|p1b: PinkPonyClub|move: Protect\n|\n|upkeep\n|turn|11\n|\n|t:|1775640844\n|move|p1b: PinkPonyClub|Astral Barrage|p2b: Rayquaza\n|-damage|p2b: Rayquaza|0 fnt\n|faint|p2b: Rayquaza\n|\n|win|Hazweioh\n|raw|Hazweioh's rating: 1480 &rarr; <strong>1498</strong><br />(+18 for winning)\n|raw|Wan Wood's rating: 1446 &rarr; <strong>1428</strong><br />(-18 for losing)\n|l|\u2606Wan Wood\n|player|p2|\n|l|\u2606Hazweioh\n|player|p1|\n","uploadtime":1775641034,"views":10,"formatid":"gen9vgc2026regi","rating":1428,"private":0,"password":null}