{"id":"gen9vgc2026regi-2520779996","format":"[Gen 9] VGC 2026 Reg I","players":["ArtianoV.","j0l0k0"],"log":"|j|\u2606ArtianoV.\n|j|\u2606j0l0k0\n|t:|1768681829\n|gametype|doubles\n|player|p1|ArtianoV.|dahlia|1362\n|player|p2|j0l0k0|brycen|1426\n|gen|9\n|tier|[Gen 9] VGC 2026 Reg I\n|rated|\n|rule|Species Clause: Limit one of each Pok\u00e9mon\n|rule|Item Clause: Limit 1 of each item\n|clearpoke\n|poke|p1|Koraidon, L50|\n|poke|p1|Lunala, L50|\n|poke|p1|Ursaluna, L50, F|\n|poke|p1|Incineroar, L50, M|\n|poke|p1|Amoonguss, L50, F|\n|poke|p1|Flutter Mane, L50|\n|poke|p2|Calyrex-Ice, L50|\n|poke|p2|Kyogre, L50|\n|poke|p2|Indeedee-F, L50, F|\n|poke|p2|Urshifu-*, L50, F|\n|poke|p2|Amoonguss, L50, F|\n|poke|p2|Landorus, L50, M|\n|teampreview|4\n|inactive|Battle timer is ON: inactive players will automatically lose when time's up. (requested by j0l0k0)\n|inactive|ArtianoV. has 60 seconds left.\n|\n|t:|1768681866\n|teamsize|p1|4\n|teamsize|p2|4\n|start\n|switch|p1a: Lunala|Lunala, L50|100/100\n|switch|p1b: Incineroar|Incineroar, L50, M|100/100\n|switch|p2a: Indeedee|Indeedee-F, L50, F, shiny|100/100\n|switch|p2b: Calyrex|Calyrex-Ice, L50|100/100\n|-ability|p2b: Calyrex|As One\n|-ability|p2b: Calyrex|Unnerve\n|-fieldstart|move: Psychic Terrain|[from] ability: Psychic Surge|[of] p2a: Indeedee\n|-ability|p1b: Incineroar|Intimidate|boost\n|-unboost|p2a: Indeedee|atk|1\n|-fail|p2b: Calyrex|unboost|[from] item: Clear Amulet|[of] p2b: Calyrex\n|turn|1\n|inactive|ArtianoV. has 30 seconds left.\n|\n|t:|1768681892\n|move|p2a: Indeedee|Follow Me|p2a: Indeedee\n|-singleturn|p2a: Indeedee|move: Follow Me\n|move|p1b: Incineroar|Parting Shot|p2a: Indeedee\n|-unboost|p2a: Indeedee|atk|1\n|-unboost|p2a: Indeedee|spa|1\n|\n|t:|1768681895\n|switch|p1b: Ursaluna|Ursaluna, L50, F|100/100|[from] Parting Shot\n|move|p1a: Lunala|Moonblast|p2a: Indeedee\n|-damage|p2a: Indeedee|69/100\n|move|p2b: Calyrex|Trick Room|p2b: Calyrex\n|-fieldstart|move: Trick Room|[of] p2b: Calyrex\n|\n|-status|p1b: Ursaluna|brn|[from] item: Flame Orb\n|upkeep\n|turn|2\n|inactive|j0l0k0 has 30 seconds left.\n|\n|t:|1768681926\n|move|p1a: Lunala|Wide Guard|p1a: Lunala\n|-singleturn|p1a: Lunala|Wide Guard\n|move|p2a: Indeedee|Follow Me|p2a: Indeedee\n|-singleturn|p2a: Indeedee|move: Follow Me\n|move|p1b: Ursaluna|Earthquake|p2b: Calyrex|[spread] p2a,p2b\n|-activate|p1a: Lunala|move: Wide Guard\n|-damage|p2a: Indeedee|0 fnt\n|-damage|p2b: Calyrex|58/100\n|faint|p2a: Indeedee\n|move|p2b: Calyrex|Crunch|p1a: Lunala\n|-supereffective|p1a: Lunala\n|-damage|p1a: Lunala|42/100\n|\n|-damage|p1b: Ursaluna|95/100 brn|[from] brn\n|upkeep\n|\n|t:|1768681939\n|switch|p2a: Kyogre|Kyogre, L50, shiny|100/100\n|-weather|RainDance|[from] ability: Drizzle|[of] p2a: Kyogre\n|turn|3\n|\n|t:|1768681952\n|move|p1b: Ursaluna|Facade|p2b: Calyrex\n|-damage|p2b: Calyrex|0 fnt\n|faint|p2b: Calyrex\n|move|p1a: Lunala|Moongeist Beam|p2a: Kyogre\n|-damage|p2a: Kyogre|77/100\n|move|p2a: Kyogre|Ice Beam|p1b: Ursaluna\n|-supereffective|p1b: Ursaluna\n|-damage|p1b: Ursaluna|30/100 brn\n|\n|-weather|RainDance|[upkeep]\n|-damage|p1b: Ursaluna|25/100 brn|[from] brn\n|upkeep\n|\n|t:|1768681964\n|switch|p2b: Urshifu|Urshifu, L50, F|100/100\n|turn|4\n|\n|t:|1768681984\n|-terastallize|p1a: Lunala|Fairy\n|-terastallize|p2b: Urshifu|Ghost\n|move|p1b: Ursaluna|Facade|p2a: Kyogre\n|-damage|p2a: Kyogre|0 fnt\n|faint|p2a: Kyogre\n|move|p1a: Lunala|Moonblast|p2b: Urshifu\n|-damage|p2b: Urshifu|14/100\n|move|p2b: Urshifu|Wicked Blow|p1a: Lunala\n|-resisted|p1a: Lunala\n|-crit|p1a: Lunala\n|-damage|p1a: Lunala|15/100\n|\n|-weather|RainDance|[upkeep]\n|-damage|p1b: Ursaluna|19/100 brn|[from] brn\n|upkeep\n|turn|5\n|\n|t:|1768682002\n|move|p2b: Urshifu|Protect|p2b: Urshifu\n|-singleturn|p2b: Urshifu|Protect\n|move|p1b: Ursaluna|Facade|p2b: Urshifu\n|-activate|p2b: Urshifu|move: Protect\n|move|p1a: Lunala|Moonblast|p2b: Urshifu\n|-activate|p2b: Urshifu|move: Protect\n|\n|-weather|RainDance|[upkeep]\n|-damage|p1b: Ursaluna|13/100 brn|[from] brn\n|-fieldend|move: Trick Room\n|-fieldend|move: Psychic Terrain\n|upkeep\n|turn|6\n|\n|t:|1768682014\n|move|p2b: Urshifu|Wicked Blow|p1a: Lunala\n|-resisted|p1a: Lunala\n|-crit|p1a: Lunala\n|-damage|p1a: Lunala|0 fnt\n|faint|p1a: Lunala\n|move|p1b: Ursaluna|Facade|p2b: Urshifu\n|-immune|p2b: Urshifu\n|\n|-weather|RainDance|[upkeep]\n|-damage|p1b: Ursaluna|7/100 brn|[from] brn\n|upkeep\n|\n|t:|1768682023\n|switch|p1a: Koraidon|Koraidon, L50|100/100\n|-weather|SunnyDay|[from] ability: Orichalcum Pulse|[of] p1a: Koraidon\n|-activate|p1a: Koraidon|Orichalcum Pulse|[source]\n|turn|7\n|\n|t:|1768682031\n|switch|p1b: Incineroar|Incineroar, L50, M|100/100\n|-ability|p1b: Incineroar|Intimidate|boost\n|-unboost|p2b: Urshifu|atk|1\n|move|p1a: Koraidon|Flare Blitz|p2b: Urshifu\n|-damage|p2b: Urshifu|0 fnt\n|faint|p2b: Urshifu\n|-damage|p1a: Koraidon|96/100|[from] Recoil\n|-damage|p1a: Koraidon|86/100|[from] item: Life Orb\n|\n|win|ArtianoV.\n|raw|ArtianoV.'s rating: 1362 &rarr; <strong>1386</strong><br />(+24 for winning)\n|raw|j0l0k0's rating: 1426 &rarr; <strong>1402</strong><br />(-24 for losing)\n|l|\u2606j0l0k0\n|player|p2|\n|l|\u2606ArtianoV.\n|player|p1|\n","uploadtime":1768682189,"views":16,"formatid":"gen9vgc2026regi","rating":1386,"private":0,"password":null}