{"id":"gen9vgc2026regi-2565247008","format":"[Gen 9] VGC 2026 Reg I","players":["KaiMVGC","htotoT"],"log":"|j|\u2606KaiMVGC\n|j|\u2606htotoT\n|t:|1774251139\n|gametype|doubles\n|player|p1|KaiMVGC|boarder|1382\n|player|p2|htotoT|102|1279\n|gen|9\n|tier|[Gen 9] VGC 2026 Reg I\n|rated|\n|rule|Species Clause: Limit one of each Pok\u00e9mon\n|rule|Item Clause: Limit 1 of each item\n|clearpoke\n|poke|p1|Calyrex-Shadow, L50|\n|poke|p1|Zamazenta-*, L50|\n|poke|p1|Rillaboom, L50, M|\n|poke|p1|Raging Bolt, L50|\n|poke|p1|Smeargle, L50, M|\n|poke|p1|Ogerpon-Cornerstone, L50, F|\n|poke|p2|Grimmsnarl, L50, M|\n|poke|p2|Terapagos, L50, M|\n|poke|p2|Raichu, L50, F|\n|poke|p2|Ogerpon-Wellspring, L50, F|\n|poke|p2|Amoonguss, L50, M|\n|poke|p2|Kyogre, L50|\n|teampreview|4\n|inactive|Battle timer is ON: inactive players will automatically lose when time's up. (requested by htotoT)\n|inactive|KaiMVGC has 60 seconds left.\n|inactive|KaiMVGC has 30 seconds left.\n|\n|t:|1774251207\n|teamsize|p1|4\n|teamsize|p2|4\n|start\n|switch|p1a: Calyrex|Calyrex-Shadow, L50|100/100\n|switch|p1b: Smeargle|Smeargle, L50, M|100/100\n|switch|p2a: Grimmsnarl|Grimmsnarl, L50, M|100/100\n|switch|p2b: Terapagos|Terapagos, L50, M|100/100\n|-activate|p2b: Terapagos|ability: Tera Shift\n|detailschange|p2b: Terapagos|Terapagos-Terastal, L50, M\n|-heal|p2b: Terapagos|100/100|[silent]\n|-ability|p1a: Calyrex|As One\n|-ability|p1a: Calyrex|Unnerve\n|turn|1\n|\n|t:|1774251217\n|switch|p1a: Zamazenta|Zamazenta-Crowned, L50|100/100\n|-ability|p1a: Zamazenta|Dauntless Shield|boost\n|-boost|p1a: Zamazenta|def|1\n|move|p1b: Smeargle|Spore|p2b: Terapagos\n|-status|p2b: Terapagos|slp|[from] move: Spore\n|cant|p2b: Terapagos|slp\n|move|p2a: Grimmsnarl|Foul Play|p1a: Zamazenta\n|-resisted|p1a: Zamazenta\n|-damage|p1a: Zamazenta|94/100\n|\n|-ability|p1b: Smeargle|Moody|boost\n|-boost|p1b: Smeargle|def|2\n|-unboost|p1b: Smeargle|spe|1\n|upkeep\n|turn|2\n|\n|t:|1774251233\n|move|p2a: Grimmsnarl|Reflect|p2a: Grimmsnarl\n|-sidestart|p2: htotoT|Reflect\n|move|p1a: Zamazenta|Body Press|p2b: Terapagos\n|-activate|p2b: Terapagos|ability: Tera Shell\n|-resisted|p2b: Terapagos\n|-damage|p2b: Terapagos|83/100 slp\n|-curestatus|p2b: Terapagos|slp|[msg]\n|move|p2b: Terapagos|Calm Mind|p2b: Terapagos\n|-boost|p2b: Terapagos|spa|1\n|-boost|p2b: Terapagos|spd|1\n|move|p1b: Smeargle|Spore|p2a: Grimmsnarl\n|-status|p2a: Grimmsnarl|slp|[from] move: Spore\n|\n|-heal|p2b: Terapagos|89/100|[from] item: Leftovers\n|-ability|p1b: Smeargle|Moody|boost\n|-boost|p1b: Smeargle|spd|2\n|-unboost|p1b: Smeargle|spe|1\n|upkeep\n|turn|3\n|inactive|htotoT has 30 seconds left.\n|\n|t:|1774251263\n|switch|p2a: Ogerpon|Ogerpon-Wellspring, L50, F|100/100\n|move|p1a: Zamazenta|Protect|p1a: Zamazenta\n|-singleturn|p1a: Zamazenta|Protect\n|move|p2b: Terapagos|Protect|p2b: Terapagos\n|-singleturn|p2b: Terapagos|Protect\n|move|p1b: Smeargle|Spore|p2b: Terapagos\n|-activate|p2b: Terapagos|move: Protect\n|\n|-heal|p2b: Terapagos|95/100|[from] item: Leftovers\n|-ability|p1b: Smeargle|Moody|boost\n|-boost|p1b: Smeargle|spa|2\n|-unboost|p1b: Smeargle|spd|1\n|upkeep\n|turn|4\n|\n|t:|1774251285\n|switch|p1b: Rillaboom|Rillaboom, L50, M|100/100\n|-fieldstart|move: Grassy Terrain|[from] ability: Grassy Surge|[of] p1b: Rillaboom\n|move|p2a: Ogerpon|Follow Me|p2a: Ogerpon\n|-singleturn|p2a: Ogerpon|move: Follow Me\n|move|p1a: Zamazenta|Body Press|p2a: Ogerpon\n|-damage|p2a: Ogerpon|47/100\n|move|p2b: Terapagos|Earth Power|p1a: Zamazenta\n|-supereffective|p1a: Zamazenta\n|-damage|p1a: Zamazenta|38/100\n|\n|-heal|p2a: Ogerpon|53/100|[from] Grassy Terrain\n|-heal|p1a: Zamazenta|44/100|[from] Grassy Terrain\n|-heal|p2b: Terapagos|100/100|[from] Grassy Terrain\n|upkeep\n|turn|5\n|\n|t:|1774251310\n|move|p2a: Ogerpon|Spiky Shield|p2a: Ogerpon\n|-singleturn|p2a: Ogerpon|move: Protect\n|move|p1a: Zamazenta|Protect|p1a: Zamazenta\n|-singleturn|p1a: Zamazenta|Protect\n|move|p2b: Terapagos|Protect|p2b: Terapagos\n|-singleturn|p2b: Terapagos|Protect\n|move|p1b: Rillaboom|Wood Hammer|p2b: Terapagos\n|-activate|p2b: Terapagos|move: Protect\n|\n|-heal|p2a: Ogerpon|59/100|[from] Grassy Terrain\n|-heal|p1a: Zamazenta|50/100|[from] Grassy Terrain\n|upkeep\n|turn|6\n|\n|t:|1774251335\n|switch|p2a: Grimmsnarl|Grimmsnarl, L50, M|100/100 slp\n|-terastallize|p1a: Zamazenta|Water\n|move|p1a: Zamazenta|Body Press|p2a: Grimmsnarl\n|-damage|p2a: Grimmsnarl|52/100 slp\n|move|p2b: Terapagos|Earth Power|p1a: Zamazenta\n|-damage|p1a: Zamazenta|24/100\n|move|p1b: Rillaboom|Wood Hammer|p2b: Terapagos\n|-activate|p2b: Terapagos|ability: Tera Shell\n|-resisted|p2b: Terapagos\n|-damage|p2b: Terapagos|78/100\n|-damage|p1b: Rillaboom|94/100|[from] Recoil\n|\n|-heal|p1a: Zamazenta|30/100|[from] Grassy Terrain\n|-heal|p2b: Terapagos|84/100|[from] Grassy Terrain\n|-heal|p2b: Terapagos|90/100|[from] item: Leftovers\n|-heal|p1b: Rillaboom|99/100|[from] Grassy Terrain\n|-heal|p2a: Grimmsnarl|58/100 slp|[from] Grassy Terrain\n|upkeep\n|turn|7\n|inactive|htotoT has 30 seconds left.\n|\n|t:|1774251365\n|-terastallize|p2b: Terapagos|Stellar\n|detailschange|p2b: Terapagos|Terapagos-Stellar, L50, M, tera:Stellar\n|-heal|p2b: Terapagos|92/100|[silent]\n|-ability|p2b: Terapagos|Teraform Zero\n|-fieldend|move: Grassy Terrain\n|move|p1a: Zamazenta|Protect|p1a: Zamazenta\n|-singleturn|p1a: Zamazenta|Protect\n|cant|p2a: Grimmsnarl|slp\n|move|p2b: Terapagos|Tera Starstorm|p1a: Zamazenta|[spread] p1b\n|-activate|p1a: Zamazenta|move: Protect\n|-damage|p1b: Rillaboom|62/100\n|move|p1b: Rillaboom|Wood Hammer|p2a: Grimmsnarl\n|-damage|p2a: Grimmsnarl|14/100 slp\n|-damage|p1b: Rillaboom|48/100|[from] Recoil\n|\n|-heal|p2b: Terapagos|99/100|[from] item: Leftovers\n|upkeep\n|turn|8\n|inactive|htotoT has 30 seconds left.\n|\n|t:|1774251405\n|move|p1a: Zamazenta|Protect||[still]\n|-fail|p1a: Zamazenta\n|move|p2b: Terapagos|Tera Starstorm|p1b: Rillaboom|[spread] p1a,p1b\n|-supereffective|p1a: Zamazenta\n|-damage|p1a: Zamazenta|0 fnt\n|-damage|p1b: Rillaboom|10/100\n|faint|p1a: Zamazenta\n|move|p1b: Rillaboom|U-turn|p2a: Grimmsnarl\n|-damage|p2a: Grimmsnarl|0 fnt\n|faint|p2a: Grimmsnarl\n|\n|t:|1774251408\n|switch|p1b: Smeargle|Smeargle, L50, M|100/100|[from] U-turn\n|\n|-heal|p2b: Terapagos|100/100|[from] item: Leftovers\n|-ability|p1b: Smeargle|Moody|boost\n|-boost|p1b: Smeargle|spd|2\n|-unboost|p1b: Smeargle|spa|1\n|upkeep\n|\n|t:|1774251414\n|switch|p1a: Rillaboom|Rillaboom, L50, M|10/100\n|switch|p2a: Raichu|Raichu, L50, F|100/100\n|-fieldstart|move: Grassy Terrain|[from] ability: Grassy Surge|[of] p1a: Rillaboom\n|turn|9\n|\n|t:|1774251434\n|move|p2a: Raichu|Fake Out|p1b: Smeargle\n|-damage|p1b: Smeargle|85/100\n|move|p1a: Rillaboom|Fake Out|p2a: Raichu\n|-damage|p2a: Raichu|87/100\n|cant|p1b: Smeargle|flinch\n|move|p2b: Terapagos|Tera Starstorm|p1a: Rillaboom|[spread] p1a,p1b\n|-damage|p1a: Rillaboom|0 fnt\n|-damage|p1b: Smeargle|13/100\n|faint|p1a: Rillaboom\n|\n|-heal|p2a: Raichu|93/100|[from] Grassy Terrain\n|-heal|p1b: Smeargle|19/100|[from] Grassy Terrain\n|-sideend|p2: htotoT|Reflect\n|-ability|p1b: Smeargle|Moody|boost\n|-boost|p1b: Smeargle|spa|2\n|-unboost|p1b: Smeargle|def|1\n|upkeep\n|\n|t:|1774251437\n|switch|p1a: Calyrex|Calyrex-Shadow, L50|100/100\n|-ability|p1a: Calyrex|As One\n|-ability|p1a: Calyrex|Unnerve\n|turn|10\n|\n|t:|1774251455\n|move|p1b: Smeargle|Wide Guard|p1b: Smeargle\n|-singleturn|p1b: Smeargle|Wide Guard\n|move|p1a: Calyrex|Nasty Plot|p1a: Calyrex\n|-boost|p1a: Calyrex|spa|2\n|move|p2a: Raichu|Nuzzle|p1b: Smeargle\n|-damage|p1b: Smeargle|2/100\n|-status|p1b: Smeargle|par\n|move|p2b: Terapagos|Earth Power|p1b: Smeargle\n|-damage|p1b: Smeargle|0 fnt\n|faint|p1b: Smeargle\n|\n|-heal|p2a: Raichu|98/100|[from] Grassy Terrain\n|upkeep\n|turn|11\n|\n|t:|1774251473\n|move|p1a: Calyrex|Psychic|p2b: Terapagos\n|-damage|p2b: Terapagos|32/100\n|-damage|p1a: Calyrex|91/100|[from] item: Life Orb\n|move|p2a: Raichu|Nuzzle|p1a: Calyrex\n|-damage|p1a: Calyrex|84/100\n|-status|p1a: Calyrex|par\n|move|p2b: Terapagos|Calm Mind|p2b: Terapagos\n|-boost|p2b: Terapagos|spa|1\n|-boost|p2b: Terapagos|spd|1\n|\n|-heal|p2a: Raichu|100/100|[from] Grassy Terrain\n|-heal|p2b: Terapagos|38/100|[from] Grassy Terrain\n|-heal|p2b: Terapagos|45/100|[from] item: Leftovers\n|-heal|p1a: Calyrex|90/100 par|[from] Grassy Terrain\n|upkeep\n|turn|12\n|\n|t:|1774251485\n|move|p2a: Raichu|Volt Switch|p1a: Calyrex\n|-damage|p1a: Calyrex|68/100 par\n|\n|t:|1774251488\n|switch|p2a: Ogerpon|Ogerpon-Wellspring, L50, F|59/100|[from] Volt Switch\n|move|p2b: Terapagos|Tera Starstorm|p1a: Calyrex\n|-crit|p1a: Calyrex\n|-damage|p1a: Calyrex|0 fnt\n|faint|p1a: Calyrex\n|\n|win|htotoT\n|raw|KaiMVGC's rating: 1382 &rarr; <strong>1356</strong><br />(-26 for losing)\n|raw|htotoT's rating: 1279 &rarr; <strong>1311</strong><br />(+32 for winning)\n|l|\u2606KaiMVGC\n|player|p1|\n|l|\u2606htotoT\n|player|p2|\n","uploadtime":1774251702,"views":16,"formatid":"gen9vgc2026regi","rating":1311,"private":0,"password":null}