{"id":"gen9vgc2026regi-2551895760","format":"[Gen 9] VGC 2026 Reg I","players":["KogaAF1219","Maphoo"],"log":"|j|\u2606KogaAF1219\n|j|\u203dMaphoo\n|t:|1772654391\n|gametype|doubles\n|player|p1|KogaAF1219|102|1370\n|player|p2|Maphoo|2|1401\n|gen|9\n|tier|[Gen 9] VGC 2026 Reg I\n|rated|\n|rule|Species Clause: Limit one of each Pok\u00e9mon\n|rule|Item Clause: Limit 1 of each item\n|clearpoke\n|poke|p1|Groudon, L50|\n|poke|p1|Calyrex-Shadow, L50|\n|poke|p1|Indeedee, L50, M|\n|poke|p1|Illumise, L50, F|\n|poke|p1|Hitmonlee, L50, M|\n|poke|p1|Venusaur, L50, M|\n|poke|p2|Lunala, L50|\n|poke|p2|Indeedee-F, L50, F|\n|poke|p2|Roaring Moon, L50|\n|poke|p2|Kyogre, L50|\n|poke|p2|Urshifu-*, L50, M|\n|poke|p2|Ursaluna, L50, M|\n|teampreview|4\n|inactive|Battle timer is ON: inactive players will automatically lose when time's up. (requested by KogaAF1219)\n|\n|t:|1772654418\n|teamsize|p1|4\n|teamsize|p2|4\n|start\n|switch|p1a: Indeedee|Indeedee, L50, M|100/100\n|switch|p1b: Hitmonlee|Hitmonlee, L50, M, shiny|100/100\n|switch|p2a: Lunala|Lunala, L50, shiny|100/100\n|switch|p2b: Indeedee|Indeedee-F, L50, F, shiny|100/100\n|-fieldstart|move: Psychic Terrain|[from] ability: Psychic Surge|[of] p1a: Indeedee\n|-enditem|p1b: Hitmonlee|Psychic Seed\n|-boost|p1b: Hitmonlee|spd|1|[from] item: Psychic Seed\n|-enditem|p2b: Indeedee|Psychic Seed\n|-boost|p2b: Indeedee|spd|1|[from] item: Psychic Seed\n|turn|1\n|\n|t:|1772654439\n|move|p2b: Indeedee|Follow Me|p2b: Indeedee\n|-singleturn|p2b: Indeedee|move: Follow Me\n|move|p1b: Hitmonlee|Knock Off|p2b: Indeedee\n|-supereffective|p2b: Indeedee\n|-damage|p2b: Indeedee|56/100\n|move|p1a: Indeedee|Imprison|p1a: Indeedee\n|-start|p1a: Indeedee|move: Imprison\n|cant|p2a: Lunala|move: Imprison|Expanding Force\n|\n|upkeep\n|turn|2\n|\n|t:|1772654453\n|move|p1b: Hitmonlee|Knock Off|p2a: Lunala\n|-supereffective|p2a: Lunala\n|-damage|p2a: Lunala|37/100\n|-enditem|p2a: Lunala|Power Herb|[from] move: Knock Off|[of] p1b: Hitmonlee\n|move|p1a: Indeedee|Expanding Force|p2a: Lunala|[spread] p2a,p2b\n|-resisted|p2a: Lunala\n|-resisted|p2b: Indeedee\n|-damage|p2a: Lunala|17/100\n|-damage|p2b: Indeedee|40/100\n|move|p2a: Lunala|Meteor Beam||[still]\n|-prepare|p2a: Lunala|Meteor Beam\n|-boost|p2a: Lunala|spa|1\n|move|p2b: Indeedee|Alluring Voice|p1a: Indeedee\n|-damage|p1a: Indeedee|77/100\n|\n|upkeep\n|turn|3\n|\n|t:|1772654471\n|move|p2b: Indeedee|Follow Me|p2b: Indeedee\n|-singleturn|p2b: Indeedee|move: Follow Me\n|move|p1b: Hitmonlee|Knock Off|p2b: Indeedee\n|-supereffective|p2b: Indeedee\n|-damage|p2b: Indeedee|0 fnt\n|faint|p2b: Indeedee\n|move|p1a: Indeedee|Expanding Force|p2a: Lunala\n|-resisted|p2a: Lunala\n|-damage|p2a: Lunala|0 fnt\n|faint|p2a: Lunala\n|\n|upkeep\n|\n|t:|1772654480\n|switch|p2a: Kyogre|Kyogre, L50|100/100\n|switch|p2b: Roaring Moon|Roaring Moon, L50|100/100\n|-weather|RainDance|[from] ability: Drizzle|[of] p2a: Kyogre\n|-enditem|p2b: Roaring Moon|Booster Energy\n|-activate|p2b: Roaring Moon|ability: Protosynthesis|[fromitem]\n|-start|p2b: Roaring Moon|protosynthesisspe\n|turn|4\n|\n|t:|1772654494\n|move|p1b: Hitmonlee|Wide Guard|p1b: Hitmonlee\n|-singleturn|p1b: Hitmonlee|Wide Guard\n|move|p2b: Roaring Moon|Tailwind|p2b: Roaring Moon\n|-sidestart|p2: Maphoo|move: Tailwind\n|move|p2a: Kyogre|Water Spout|p1a: Indeedee|[spread] \n|-activate|p1a: Indeedee|move: Wide Guard\n|-activate|p1b: Hitmonlee|move: Wide Guard\n|move|p1a: Indeedee|Dazzling Gleam|p2b: Roaring Moon|[spread] p2a,p2b\n|-supereffective|p2b: Roaring Moon\n|-damage|p2a: Kyogre|88/100\n|-damage|p2b: Roaring Moon|29/100\n|\n|-weather|RainDance|[upkeep]\n|upkeep\n|turn|5\n|\n|t:|1772654510\n|-terastallize|p2b: Roaring Moon|Flying\n|move|p1b: Hitmonlee|Wide Guard|p1b: Hitmonlee\n|-singleturn|p1b: Hitmonlee|Wide Guard\n|move|p2b: Roaring Moon|Acrobatics|p1b: Hitmonlee\n|-supereffective|p1b: Hitmonlee\n|-damage|p1b: Hitmonlee|0 fnt\n|faint|p1b: Hitmonlee\n|move|p2a: Kyogre|Water Spout|p1a: Indeedee\n|-activate|p1a: Indeedee|move: Wide Guard\n|move|p1a: Indeedee|Trick Room|p1a: Indeedee\n|-fieldstart|move: Trick Room|[of] p1a: Indeedee\n|\n|-weather|RainDance|[upkeep]\n|-fieldend|move: Psychic Terrain\n|upkeep\n|\n|t:|1772654513\n|switch|p1b: Groudon|Groudon, L50, shiny|100/100\n|-weather|SunnyDay|[from] ability: Drought|[of] p1b: Groudon\n|turn|6\n|\n|t:|1772654528\n|-terastallize|p1b: Groudon|Water\n|move|p2a: Kyogre|Protect|p2a: Kyogre\n|-singleturn|p2a: Kyogre|Protect\n|move|p2b: Roaring Moon|Protect|p2b: Roaring Moon\n|-singleturn|p2b: Roaring Moon|Protect\n|move|p1b: Groudon|Heat Crash|p2b: Roaring Moon\n|-activate|p2b: Roaring Moon|move: Protect\n|move|p1a: Indeedee|Trick Room|p1a: Indeedee\n|-fieldend|move: Trick Room\n|\n|-weather|SunnyDay|[upkeep]\n|upkeep\n|turn|7\n|-message|Maphoo forfeited.\n|\n|win|KogaAF1219\n|raw|KogaAF1219's rating: 1370 &rarr; <strong>1392</strong><br />(+22 for winning)\n|raw|Maphoo's rating: 1401 &rarr; <strong>1379</strong><br />(-22 for losing)\n|l|\u203dMaphoo\n|player|p2|\n|l|\u2606KogaAF1219\n|player|p1|\n","uploadtime":1772654730,"views":15,"formatid":"gen9vgc2026regi","rating":1379,"private":0,"password":null}