{"id":"gen9vgc2026regi-2549719106","format":"[Gen 9] VGC 2026 Reg I","players":["STEV1188","dialgasucksnow"],"log":"|j|\u2606STEV1188\n|j|\u2606dialgasucksnow\n|t:|1772401142\n|gametype|doubles\n|player|p1|STEV1188|unknown|\n|player|p2|dialgasucksnow|yancy|\n|gen|9\n|tier|[Gen 9] VGC 2026 Reg I\n|rated|Tournament battle\n|rule|Species Clause: Limit one of each Pok\u00e9mon\n|rule|Item Clause: Limit 1 of each item\n|clearpoke\n|poke|p1|Necrozma-Dawn-Wings, L50|\n|poke|p1|Calyrex-Ice, L50|\n|poke|p1|Smeargle, L50, M|\n|poke|p1|Indeedee-F, L50, F|\n|poke|p1|Glastrier, L50|\n|poke|p1|Ursaluna-Bloodmoon, L50, M|\n|poke|p2|Incineroar, L50, M|\n|poke|p2|Rillaboom, L50, M|\n|poke|p2|Landorus, L50, M|\n|poke|p2|Smeargle, L50, F|\n|poke|p2|Koraidon, L50|\n|poke|p2|Calyrex-Ice, L50|\n|teampreview|4\n|inactive|Battle timer is ON: inactive players will automatically lose when time's up. (requested by STEV1188)\n|c|\u2606STEV1188|whats good\n|c|\u2606STEV1188|glhf\n|j| Cello L.\n|inactive|STEV1188 has 60 seconds left.\n|\n|t:|1772401179\n|teamsize|p1|4\n|teamsize|p2|4\n|start\n|switch|p1a: Calyrex|Calyrex-Ice, L50|100/100\n|switch|p1b: Indeedee|Indeedee-F, L50, F|100/100\n|switch|p2a: Koraidon|Koraidon, L50|100/100\n|switch|p2b: Calyrex|Calyrex-Ice, L50|100/100\n|-ability|p1a: Calyrex|As One\n|-ability|p1a: Calyrex|Unnerve\n|-ability|p2b: Calyrex|As One\n|-ability|p2b: Calyrex|Unnerve\n|-weather|SunnyDay|[from] ability: Orichalcum Pulse|[of] p2a: Koraidon\n|-activate|p2a: Koraidon|Orichalcum Pulse|[source]\n|-fieldstart|move: Psychic Terrain|[from] ability: Psychic Surge|[of] p1b: Indeedee\n|turn|1\n|c|\u2606dialgasucksnow|hf\n|j| knoxxzeta\n|c|\u2606STEV1188|can we have a muatal agreement to get tr up\n|inactive|STEV1188 has 30 seconds left.\n|j| Graffiti Boy\n|inactive|STEV1188 has 20 seconds left.\n|inactive|STEV1188 has 15 seconds left.\n|inactive|STEV1188 has 10 seconds left.\n|\n|t:|1772401225\n|switch|p2a: Incineroar|Incineroar, L50, M|100/100\n|-ability|p2a: Incineroar|Intimidate|boost\n|-fail|p1a: Calyrex|unboost|[from] item: Clear Amulet|[of] p1a: Calyrex\n|-unboost|p1b: Indeedee|atk|1\n|move|p1b: Indeedee|Follow Me|p1b: Indeedee\n|-singleturn|p1b: Indeedee|move: Follow Me\n|move|p1a: Calyrex|Glacial Lance|p2a: Incineroar|[spread] p2a,p2b\n|-resisted|p2a: Incineroar\n|-resisted|p2b: Calyrex\n|-damage|p2a: Incineroar|78/100\n|-damage|p2b: Calyrex|85/100\n|move|p2b: Calyrex|Leech Seed|p1b: Indeedee\n|-start|p1b: Indeedee|move: Leech Seed\n|\n|-weather|SunnyDay|[upkeep]\n|-heal|p2b: Calyrex|90/100|[from] item: Leftovers\n|-damage|p1b: Indeedee|88/100|[from] Leech Seed|[of] p2b: Calyrex\n|-heal|p2b: Calyrex|99/100|[silent]\n|upkeep\n|turn|2\n|c|\u2606dialgasucksnow|nah\n|c|\u2606dialgasucksnow|you can try tho\n|c|\u2606dialgasucksnow|it\u2019s pretty free\n|inactive|STEV1188 has 30 seconds left.\n|inactive|dialgasucksnow has 30 seconds left.\n|inactive|STEV1188 has 20 seconds left.\n|inactive|STEV1188 has 15 seconds left.\n|\n|t:|1772401269\n|move|p1b: Indeedee|Follow Me|p1b: Indeedee\n|-singleturn|p1b: Indeedee|move: Follow Me\n|move|p2a: Incineroar|Flare Blitz|p1b: Indeedee\n|-damage|p1b: Indeedee|12/100\n|-damage|p2a: Incineroar|62/100|[from] item: Rocky Helmet|[of] p1b: Indeedee\n|-damage|p2a: Incineroar|42/100|[from] Recoil\n|move|p1a: Calyrex|Glacial Lance|p2b: Calyrex|[spread] p2a,p2b\n|-resisted|p2a: Incineroar\n|-resisted|p2b: Calyrex\n|-damage|p2a: Incineroar|21/100\n|-damage|p2b: Calyrex|84/100\n|move|p2b: Calyrex|Leech Seed||[still]\n|-fail|p2b: Calyrex\n|\n|-weather|SunnyDay|[upkeep]\n|-heal|p2b: Calyrex|90/100|[from] item: Leftovers\n|-damage|p1b: Indeedee|0 fnt|[from] Leech Seed|[of] p2b: Calyrex\n|-heal|p2b: Calyrex|99/100|[silent]\n|faint|p1b: Indeedee\n|upkeep\n|j| 25Arcanines\n|c|\u2606dialgasucksnow|would knock do more there?\n|c|\u2606dialgasucksnow|idk\n|inactive|STEV1188 has 30 seconds left.\n|\n|t:|1772401303\n|switch|p1b: Smeargle|Smeargle, L50, M|100/100\n|turn|3\n|c| Graffiti Boy|a little more I think\n|c|\u2606dialgasucksnow|I figured 120 x1.5 x1.5 vs 97.5 x1.5 would be more\n|inactive|dialgasucksnow has 30 seconds left.\n|c| knoxxzeta|130\n|c| knoxxzeta|65+65\n|\n|t:|1772401336\n|move|p2b: Calyrex|Protect|p2b: Calyrex\n|-singleturn|p2b: Calyrex|Protect\n|move|p1b: Smeargle|Follow Me|p1b: Smeargle\n|-singleturn|p1b: Smeargle|move: Follow Me\n|move|p2a: Incineroar|Flare Blitz|p1b: Smeargle\n|-damage|p1b: Smeargle|2/100\n|-status|p1b: Smeargle|brn\n|-damage|p2a: Incineroar|0 fnt|[from] Recoil\n|faint|p2a: Incineroar\n|move|p1a: Calyrex|Trick Room|p1a: Calyrex\n|-fieldstart|move: Trick Room|[of] p1a: Calyrex\n|\n|-weather|SunnyDay|[upkeep]\n|-heal|p2b: Calyrex|100/100|[from] item: Leftovers\n|-damage|p1b: Smeargle|0 fnt|[from] brn\n|faint|p1b: Smeargle\n|upkeep\n|c| Graffiti Boy|U need to factor super effective\n|\n|t:|1772401350\n|switch|p1b: Necrozma|Necrozma-Dawn-Wings, L50|100/100\n|switch|p2a: Rillaboom|Rillaboom, L50, M|100/100\n|-fieldstart|move: Grassy Terrain|[from] ability: Grassy Surge|[of] p2a: Rillaboom\n|turn|4\n|l| Cello L.\n|\n|t:|1772401370\n|-terastallize|p2b: Calyrex|Fairy\n|move|p2a: Rillaboom|Fake Out|p1a: Calyrex\n|-damage|p1a: Calyrex|93/100\n|move|p2b: Calyrex|Leech Seed|p1b: Necrozma|[miss]\n|-miss|p2b: Calyrex|p1b: Necrozma\n|cant|p1a: Calyrex|flinch\n|move|p1b: Necrozma|Meteor Beam||[still]\n|-prepare|p1b: Necrozma|Meteor Beam\n|-boost|p1b: Necrozma|spa|1\n|-enditem|p1b: Necrozma|Power Herb\n|-anim|p1b: Necrozma|Meteor Beam|p2b: Calyrex\n|-damage|p2b: Calyrex|58/100\n|\n|-weather|SunnyDay|[upkeep]\n|-heal|p2b: Calyrex|64/100|[from] Grassy Terrain\n|-heal|p2b: Calyrex|70/100|[from] item: Leftovers\n|-heal|p1a: Calyrex|99/100|[from] Grassy Terrain\n|upkeep\n|turn|5\n|c|\u2606dialgasucksnow|bruh\n|j| Kyre6\n|l| Graffiti Boy\n|inactive|STEV1188 has 30 seconds left.\n|inactive|dialgasucksnow has 30 seconds left.\n|c|\u2606dialgasucksnow|ggs I think\n|c|\u2606STEV1188|ggs\n|inactive|dialgasucksnow has 20 seconds left.\n|inactive|dialgasucksnow has 15 seconds left.\n|c|\u2606STEV1188|my team is goated\n|inactive|dialgasucksnow has 10 seconds left.\n|\n|t:|1772401417\n|switch|p2a: Koraidon|Koraidon, L50|100/100\n|-activate|p2a: Koraidon|ability: Orichalcum Pulse\n|move|p2b: Calyrex|Protect|p2b: Calyrex\n|-singleturn|p2b: Calyrex|Protect\n|move|p1a: Calyrex|Glacial Lance|p2a: Koraidon|[spread] p2a\n|-activate|p2b: Calyrex|move: Protect\n|-supereffective|p2a: Koraidon\n|-crit|p2a: Koraidon\n|-damage|p2a: Koraidon|0 fnt\n|faint|p2a: Koraidon\n|-ability|p1a: Calyrex|Chilling Neigh|boost\n|-boost|p1a: Calyrex|atk|1\n|move|p1b: Necrozma|Flash Cannon|p2b: Calyrex\n|-activate|p2b: Calyrex|move: Protect\n|\n|-weather|none\n|-heal|p2b: Calyrex|75/100|[from] Grassy Terrain\n|-heal|p2b: Calyrex|81/100|[from] item: Leftovers\n|-heal|p1a: Calyrex|100/100|[from] Grassy Terrain\n|upkeep\n|c| knoxxzeta|knock off was super effective plus dd was holding an item so its power is doubled plus stab\n|\n|t:|1772401420\n|switch|p2a: Rillaboom|Rillaboom, L50, M|100/100\n|turn|6\n|c|\u2606dialgasucksnow|it\u2019s not doubled\n|c|\u2606dialgasucksnow|knock does 97.5\n|c|\u2606STEV1188|never hate on 2 glatier and dawn wings\n|\n|t:|1772401444\n|move|p2a: Rillaboom|Fake Out|p1a: Calyrex\n|-damage|p1a: Calyrex|93/100\n|move|p2b: Calyrex|Leech Seed|p1a: Calyrex\n|-start|p1a: Calyrex|move: Leech Seed\n|cant|p1a: Calyrex|flinch\n|move|p1b: Necrozma|Flash Cannon|p2b: Calyrex\n|-supereffective|p2b: Calyrex\n|-damage|p2b: Calyrex|15/100\n|\n|-heal|p2b: Calyrex|21/100|[from] Grassy Terrain\n|-heal|p2b: Calyrex|27/100|[from] item: Leftovers\n|-heal|p1a: Calyrex|99/100|[from] Grassy Terrain\n|-damage|p1a: Calyrex|86/100|[from] Leech Seed|[of] p2b: Calyrex\n|-heal|p2b: Calyrex|39/100|[silent]\n|upkeep\n|turn|7\n|c| knoxxzeta|mb\n|c| knoxxzeta|i forgot tht shi\n|inactive|dialgasucksnow has 30 seconds left.\n|\n|t:|1772401471\n|move|p2b: Calyrex|Protect|p2b: Calyrex\n|-singleturn|p2b: Calyrex|Protect\n|move|p2a: Rillaboom|Grassy Glide|p1b: Necrozma\n|-damage|p1b: Necrozma|74/100\n|move|p1a: Calyrex|Glacial Lance|p2b: Calyrex|[spread] p2a\n|-activate|p2b: Calyrex|move: Protect\n|-supereffective|p2a: Rillaboom\n|-damage|p2a: Rillaboom|0 fnt\n|faint|p2a: Rillaboom\n|-ability|p1a: Calyrex|Chilling Neigh|boost\n|-boost|p1a: Calyrex|atk|1\n|move|p1b: Necrozma|Flash Cannon|p2b: Calyrex\n|-activate|p2b: Calyrex|move: Protect\n|\n|-heal|p2b: Calyrex|45/100|[from] Grassy Terrain\n|-heal|p2b: Calyrex|51/100|[from] item: Leftovers\n|-heal|p1a: Calyrex|92/100|[from] Grassy Terrain\n|-heal|p1b: Necrozma|79/100|[from] Grassy Terrain\n|-damage|p1a: Calyrex|80/100|[from] Leech Seed|[of] p2b: Calyrex\n|-heal|p2b: Calyrex|63/100|[silent]\n|-fieldend|move: Trick Room\n|upkeep\n|turn|8\n|c|\u2606dialgasucksnow|maybe if i hit my leech seeds\n|c|\u2606STEV1188|ya\n|c|\u2606dialgasucksnow|also flash cannon\n|inactive|STEV1188 has 30 seconds left.\n|inactive|dialgasucksnow has 30 seconds left.\n|c|\u2606STEV1188|ya\n|\n|t:|1772401503\n|move|p1b: Necrozma|Flash Cannon|p2b: Calyrex\n|-supereffective|p2b: Calyrex\n|-damage|p2b: Calyrex|2/100\n|move|p1a: Calyrex|Glacial Lance|p2b: Calyrex\n|-damage|p2b: Calyrex|0 fnt\n|faint|p2b: Calyrex\n|\n|win|STEV1188\n|n|\u2606STEV1188|stev1188\n|n|\u2606dialgasucksnow|dialgasucksnow\n|n| knoxxzeta|knoxxzeta\n|n| 25Arcanines|25arcanines\n|n| Kyre6|kyre6\n","uploadtime":1772401503,"views":18,"formatid":"gen9vgc2026regi","rating":null,"private":0,"password":null}