{"id":"gen9vgc2026regi-2534721067","format":"[Gen 9] VGC 2026 Reg I","players":["j0l0k0","zz2233"],"log":"|j|\u2606j0l0k0\n|j|\u2606zz2233\n|t:|1770467643\n|gametype|doubles\n|player|p1|j0l0k0|brycen|1408\n|player|p2|zz2233|cyrus|1348\n|gen|9\n|tier|[Gen 9] VGC 2026 Reg I\n|rated|\n|rule|Species Clause: Limit one of each Pok\u00e9mon\n|rule|Item Clause: Limit 1 of each item\n|clearpoke\n|poke|p1|Calyrex-Ice, L50|\n|poke|p1|Kyogre, L50|\n|poke|p1|Indeedee-F, L50, F|\n|poke|p1|Urshifu-*, L50, F|\n|poke|p1|Amoonguss, L50, F|\n|poke|p1|Landorus, L50, M|\n|poke|p2|Koraidon, L50|\n|poke|p2|Flutter Mane, L50|\n|poke|p2|Brute Bonnet, L50|\n|poke|p2|Chi-Yu, L50|\n|poke|p2|Raging Bolt, L50|\n|poke|p2|Ho-Oh, L50|\n|teampreview|4\n|inactive|Battle timer is ON: inactive players will automatically lose when time's up. (requested by j0l0k0)\n|\n|t:|1770467672\n|teamsize|p1|4\n|teamsize|p2|4\n|start\n|switch|p1a: Indeedee|Indeedee-F, L50, F, shiny|100/100\n|switch|p1b: Calyrex|Calyrex-Ice, L50|100/100\n|switch|p2a: Koraidon|Koraidon, L50|100/100\n|switch|p2b: Raging Bolt|Raging Bolt, L50|100/100\n|-ability|p1b: Calyrex|As One\n|-ability|p1b: Calyrex|Unnerve\n|-weather|SunnyDay|[from] ability: Orichalcum Pulse|[of] p2a: Koraidon\n|-activate|p2b: Raging Bolt|ability: Protosynthesis\n|-start|p2b: Raging Bolt|protosynthesisspa\n|-activate|p2a: Koraidon|Orichalcum Pulse|[source]\n|-fieldstart|move: Psychic Terrain|[from] ability: Psychic Surge|[of] p1a: Indeedee\n|turn|1\n|inactive|zz2233 has 30 seconds left.\n|inactive|zz2233 has 20 seconds left.\n|inactive|zz2233 has 15 seconds left.\n|inactive|zz2233 has 10 seconds left.\n|\n|t:|1770467721\n|-terastallize|p2a: Koraidon|Fire\n|move|p1a: Indeedee|Follow Me|p1a: Indeedee\n|-singleturn|p1a: Indeedee|move: Follow Me\n|move|p2a: Koraidon|Flare Blitz|p1a: Indeedee\n|-damage|p1a: Indeedee|0 fnt\n|faint|p1a: Indeedee\n|-damage|p2a: Koraidon|72/100|[from] Recoil\n|move|p2b: Raging Bolt|Thunderbolt|p1b: Calyrex\n|-damage|p1b: Calyrex|56/100\n|move|p1b: Calyrex|Trick Room|p1b: Calyrex\n|-fieldstart|move: Trick Room|[of] p1b: Calyrex\n|\n|-weather|SunnyDay|[upkeep]\n|upkeep\n|\n|t:|1770467733\n|switch|p1a: Kyogre|Kyogre, L50, shiny|100/100\n|-weather|RainDance|[from] ability: Drizzle|[of] p1a: Kyogre\n|-end|p2b: Raging Bolt|Protosynthesis\n|turn|2\n|\n|t:|1770467756\n|switch|p2a: Brute Bonnet|Brute Bonnet, L50|100/100\n|move|p1b: Calyrex|Glacial Lance|p2b: Raging Bolt|[spread] p2a,p2b\n|-supereffective|p2a: Brute Bonnet\n|-supereffective|p2b: Raging Bolt\n|-damage|p2a: Brute Bonnet|25/100\n|-damage|p2b: Raging Bolt|2/100\n|move|p1a: Kyogre|Water Spout|p2b: Raging Bolt|[spread] p2a,p2b\n|-resisted|p2a: Brute Bonnet\n|-resisted|p2b: Raging Bolt\n|-damage|p2a: Brute Bonnet|0 fnt\n|-damage|p2b: Raging Bolt|0 fnt\n|faint|p2a: Brute Bonnet\n|-end|p2a: Brute Bonnet|Protosynthesis|[silent]\n|faint|p2b: Raging Bolt\n|-end|p2b: Raging Bolt|Protosynthesis|[silent]\n|\n|-weather|RainDance|[upkeep]\n|upkeep\n|\n|t:|1770467772\n|switch|p2a: Ho-Oh|Ho-Oh, L50|100/100\n|switch|p2b: Koraidon|Koraidon, L50, tera:Fire|72/100\n|-weather|SunnyDay|[from] ability: Orichalcum Pulse|[of] p2b: Koraidon\n|-activate|p2b: Koraidon|Orichalcum Pulse|[source]\n|turn|3\n|\n|t:|1770467789\n|move|p2b: Koraidon|Protect|p2b: Koraidon\n|-singleturn|p2b: Koraidon|Protect\n|move|p1b: Calyrex|Glacial Lance|p2a: Ho-Oh|[spread] p2a\n|-activate|p2b: Koraidon|move: Protect\n|-damage|p2a: Ho-Oh|48/100\n|move|p1a: Kyogre|Hydro Pump|p2b: Koraidon\n|-activate|p2b: Koraidon|move: Protect\n|move|p2a: Ho-Oh|Sacred Fire|p1b: Calyrex\n|-supereffective|p1b: Calyrex\n|-damage|p1b: Calyrex|0 fnt\n|faint|p1b: Calyrex\n|\n|-weather|SunnyDay|[upkeep]\n|upkeep\n|\n|t:|1770467802\n|switch|p1b: Landorus|Landorus, L50, M, shiny|100/100\n|turn|4\n|\n|t:|1770467822\n|move|p1b: Landorus|Earth Power|p2b: Koraidon\n|-supereffective|p2b: Koraidon\n|-damage|p2b: Koraidon|0 fnt\n|faint|p2b: Koraidon\n|move|p1a: Kyogre|Thunder|p2a: Ho-Oh|[miss]\n|-miss|p1a: Kyogre|p2a: Ho-Oh\n|move|p2a: Ho-Oh|Life Dew|p2a: Ho-Oh\n|-heal|p2a: Ho-Oh|73/100\n|\n|-weather|SunnyDay|[upkeep]\n|upkeep\n|turn|5\n|\n|t:|1770467835\n|move|p2a: Ho-Oh|Protect|p2a: Ho-Oh\n|-singleturn|p2a: Ho-Oh|Protect\n|move|p1b: Landorus|Sludge Bomb|p2a: Ho-Oh\n|-activate|p2a: Ho-Oh|move: Protect\n|move|p1a: Kyogre|Thunder|p2a: Ho-Oh\n|-activate|p2a: Ho-Oh|move: Protect\n|\n|-weather|SunnyDay|[upkeep]\n|-fieldend|move: Trick Room\n|-fieldend|move: Psychic Terrain\n|upkeep\n|turn|6\n|\n|t:|1770467857\n|move|p2a: Ho-Oh|Brave Bird|p1a: Kyogre\n|-damage|p1a: Kyogre|44/100\n|-damage|p2a: Ho-Oh|54/100|[from] Recoil\n|move|p1b: Landorus|Sludge Bomb|p2a: Ho-Oh\n|-damage|p2a: Ho-Oh|24/100\n|move|p1a: Kyogre|Thunder|p2a: Ho-Oh\n|-supereffective|p2a: Ho-Oh\n|-damage|p2a: Ho-Oh|0 fnt\n|faint|p2a: Ho-Oh\n|\n|win|j0l0k0\n|raw|j0l0k0's rating: 1408 &rarr; <strong>1425</strong><br />(+17 for winning)\n|raw|zz2233's rating: 1348 &rarr; <strong>1331</strong><br />(-17 for losing)\n|l|\u2606zz2233\n|player|p2|\n|l|\u2606j0l0k0\n|player|p1|\n","uploadtime":1770468113,"views":11,"formatid":"gen9vgc2026regi","rating":1331,"private":0,"password":null}