{"id":"gen9vgc2026regi-2515815895","format":"[Gen 9] VGC 2026 Reg I","players":["SelfDestructionn","fogdocker"],"log":"|j|\u2606SelfDestructionn\n|j|\u2606fogdocker\n|t:|1768045226\n|gametype|doubles\n|player|p1|SelfDestructionn|ghetsis|1186\n|player|p2|fogdocker|2|1261\n|gen|9\n|tier|[Gen 9] VGC 2026 Reg I\n|rated|\n|rule|Species Clause: Limit one of each Pok\u00e9mon\n|rule|Item Clause: Limit 1 of each item\n|clearpoke\n|poke|p1|Kyogre, L50|\n|poke|p1|Scizor, L50, M|\n|poke|p1|Urshifu-*, L50, M|\n|poke|p1|Rhydon, L50, M|\n|poke|p1|Miraidon, L50|\n|poke|p1|Tornadus, L50, M|\n|poke|p2|Calyrex-Shadow, L50|\n|poke|p2|Zacian-*, L50|\n|poke|p2|Incineroar, L50, F|\n|poke|p2|Ogerpon-Wellspring, L50, F|\n|poke|p2|Landorus, L50, M|\n|poke|p2|Tornadus, L50, M|\n|teampreview|4\n|inactive|Battle timer is ON: inactive players will automatically lose when time's up. (requested by SelfDestructionn)\n|inactive|SelfDestructionn has 60 seconds left.\n|\n|t:|1768045263\n|teamsize|p1|4\n|teamsize|p2|4\n|start\n|switch|p1a: Miraidon|Miraidon, L50|100/100\n|switch|p1b: Tornadus|Tornadus, L50, M, shiny|100/100\n|switch|p2a: Calyrex|Calyrex-Shadow, L50|100/100\n|switch|p2b: Landorus|Landorus, L50, M|100/100\n|-ability|p2a: Calyrex|As One\n|-ability|p2a: Calyrex|Unnerve\n|-fieldstart|move: Electric Terrain|[from] ability: Hadron Engine|[of] p1a: Miraidon\n|turn|1\n|inactive|SelfDestructionn has 30 seconds left.\n|inactive|SelfDestructionn has 20 seconds left.\n|inactive|SelfDestructionn has 15 seconds left.\n|\n|t:|1768045304\n|-terastallize|p1a: Miraidon|Fairy\n|move|p1b: Tornadus|Tailwind|p1b: Tornadus\n|-sidestart|p1: SelfDestructionn|move: Tailwind\n|move|p1a: Miraidon|Electro Drift|p2a: Calyrex\n|-damage|p2a: Calyrex|6/100\n|move|p2a: Calyrex|Astral Barrage|p1b: Tornadus|[spread] p1a,p1b\n|-damage|p1a: Miraidon|51/100\n|-damage|p1b: Tornadus|45/100\n|move|p2b: Landorus|Earth Power|p1a: Miraidon\n|-damage|p1a: Miraidon|0 fnt\n|faint|p1a: Miraidon\n|\n|upkeep\n|\n|t:|1768045321\n|switch|p1a: Da Feesh|Kyogre, L50, shiny|100/100\n|-weather|RainDance|[from] ability: Drizzle|[of] p1a: Da Feesh\n|turn|2\n|inactive|fogdocker has 30 seconds left.\n|j| AHAan KANTO\n|inactive|fogdocker has 20 seconds left.\n|inactive|fogdocker has 15 seconds left.\n|inactive|fogdocker has 10 seconds left.\n|inactive|fogdocker has 5 seconds left.\n|\n|t:|1768045372\n|switch|p2a: Ogerpon|Ogerpon-Wellspring, L50, F|100/100\n|move|p2b: Landorus|Protect|p2b: Landorus\n|-singleturn|p2b: Landorus|Protect\n|move|p1b: Tornadus|Bleakwind Storm|p2a: Ogerpon|[spread] p2a\n|-activate|p2b: Landorus|move: Protect\n|-supereffective|p2a: Ogerpon\n|-damage|p2a: Ogerpon|42/100\n|move|p1a: Da Feesh|Water Spout|p2a: Ogerpon|[spread] \n|-activate|p2b: Landorus|move: Protect\n|-heal|p2a: Ogerpon|67/100|[from] ability: Water Absorb|[of] p1a: Da Feesh\n|\n|-weather|RainDance|[upkeep]\n|upkeep\n|turn|3\n|\n|t:|1768045397\n|-terastallize|p2a: Ogerpon|Water\n|detailschange|p2a: Ogerpon|Ogerpon-Wellspring-Tera, L50, F, tera:Water\n|-ability|p2a: Ogerpon|Embody Aspect (Wellspring)|boost\n|-boost|p2a: Ogerpon|spd|1\n|move|p1b: Tornadus|Taunt|p2a: Ogerpon\n|-start|p2a: Ogerpon|move: Taunt\n|move|p1a: Da Feesh|Water Spout|p2b: Landorus|[spread] p2a,p2b\n|-resisted|p2a: Ogerpon\n|-supereffective|p2b: Landorus\n|-damage|p2a: Ogerpon|29/100\n|-damage|p2b: Landorus|0 fnt\n|faint|p2b: Landorus\n|move|p2a: Ogerpon|Ivy Cudgel|p1b: Tornadus|[anim] Ivy Cudgel Water\n|-damage|p1b: Tornadus|0 fnt\n|faint|p1b: Tornadus\n|\n|-weather|RainDance|[upkeep]\n|upkeep\n|\n|t:|1768045413\n|switch|p1b: Dont Run|Scizor, L50, M, shiny|100/100\n|switch|p2b: Zacian|Zacian-Crowned, L50|100/100\n|-ability|p2b: Zacian|Intrepid Sword|boost\n|-boost|p2b: Zacian|atk|1\n|turn|4\n|inactive|SelfDestructionn has 30 seconds left.\n|\n|t:|1768045441\n|move|p2b: Zacian|Protect|p2b: Zacian\n|-singleturn|p2b: Zacian|Protect\n|move|p1b: Dont Run|Bullet Punch|p2a: Ogerpon\n|-resisted|p2a: Ogerpon\n|-damage|p2a: Ogerpon|12/100\n|move|p1a: Da Feesh|Water Spout|p2a: Ogerpon|[spread] p2a\n|-activate|p2b: Zacian|move: Protect\n|-resisted|p2a: Ogerpon\n|-damage|p2a: Ogerpon|0 fnt\n|faint|p2a: Ogerpon\n|detailschange|p2: Ogerpon|Ogerpon-Wellspring, L50, F|[silent]\n|\n|-weather|RainDance|[upkeep]\n|-sideend|p1: SelfDestructionn|move: Tailwind\n|upkeep\n|\n|t:|1768045448\n|switch|p2a: Calyrex|Calyrex-Shadow, L50|6/100\n|-ability|p2a: Calyrex|As One\n|-ability|p2a: Calyrex|Unnerve\n|turn|5\n|\n|t:|1768045457\n|move|p2a: Calyrex|Protect|p2a: Calyrex\n|-singleturn|p2a: Calyrex|Protect\n|move|p1b: Dont Run|Bullet Punch|p2a: Calyrex\n|-activate|p2a: Calyrex|move: Protect\n|move|p2b: Zacian|Play Rough|p1a: Da Feesh\n|-damage|p1a: Da Feesh|16/100\n|move|p1a: Da Feesh|Water Spout|p2b: Zacian|[spread] p2b\n|-activate|p2a: Calyrex|move: Protect\n|-damage|p2b: Zacian|86/100\n|\n|-weather|RainDance|[upkeep]\n|-fieldend|move: Electric Terrain\n|upkeep\n|turn|6\n|\n|t:|1768045473\n|move|p1b: Dont Run|Bullet Punch|p2a: Calyrex\n|-damage|p2a: Calyrex|0 fnt\n|faint|p2a: Calyrex\n|move|p2b: Zacian|Sacred Sword|p1b: Dont Run\n|-damage|p1b: Dont Run|46/100\n|move|p1a: Da Feesh|Origin Pulse|p2b: Zacian\n|-damage|p2b: Zacian|0 fnt\n|faint|p2b: Zacian\n|\n|win|SelfDestructionn\n|raw|SelfDestructionn's rating: 1186 &rarr; <strong>1216</strong><br />(+30 for winning)\n|raw|fogdocker's rating: 1261 &rarr; <strong>1231</strong><br />(-30 for losing)\n|l|\u2606SelfDestructionn\n|player|p1|\n|l| AHAan KANTO\n","uploadtime":1768045614,"views":29,"formatid":"gen9vgc2026regi","rating":1216,"private":0,"password":null}