{"id":"gen9vgc2026regi-2527908543","format":"[Gen 9] VGC 2026 Reg I","players":["Schimmli","ky123456"],"log":"|j|\u2606Schimmli\n|j|\u2606ky123456\n|t:|1769598479\n|gametype|doubles\n|player|p1|Schimmli|170|1452\n|player|p2|ky123456|cynthia-gen4|1636\n|gen|9\n|tier|[Gen 9] VGC 2026 Reg I\n|rated|\n|rule|Species Clause: Limit one of each Pok\u00e9mon\n|rule|Item Clause: Limit 1 of each item\n|clearpoke\n|poke|p1|Kyogre, L50|\n|poke|p1|Tornadus, L50, M|\n|poke|p1|Urshifu-*, L50, F|\n|poke|p1|Landorus, L50, M|\n|poke|p1|Flutter Mane, L50|\n|poke|p1|Zamazenta-*, L50|\n|poke|p2|Kyogre, L50|\n|poke|p2|Calyrex-Ice, L50|\n|poke|p2|Grimmsnarl, L50, M|\n|poke|p2|Rillaboom, L50, M|\n|poke|p2|Landorus, L50, M|\n|poke|p2|Urshifu-*, L50, M|\n|teampreview|4\n|\n|t:|1769598542\n|teamsize|p1|4\n|teamsize|p2|4\n|start\n|switch|p1a: Kyogre|Kyogre, L50|100/100\n|switch|p1b: Tornadus|Tornadus, L50, M|100/100\n|switch|p2a: Calyrex|Calyrex-Ice, L50|100/100\n|switch|p2b: Grimmsnarl|Grimmsnarl, L50, M|100/100\n|-ability|p2a: Calyrex|As One\n|-ability|p2a: Calyrex|Unnerve\n|-weather|RainDance|[from] ability: Drizzle|[of] p1a: Kyogre\n|turn|1\n|\n|t:|1769598565\n|move|p2b: Grimmsnarl|Light Screen|p2b: Grimmsnarl\n|-sidestart|p2: ky123456|move: Light Screen\n|move|p1b: Tornadus|Bleakwind Storm|p2a: Calyrex|[spread] p2a,p2b\n|-damage|p2a: Calyrex|88/100\n|-damage|p2b: Grimmsnarl|80/100\n|-unboost|p2b: Grimmsnarl|spe|1\n|move|p1a: Kyogre|Water Spout|p2a: Calyrex|[spread] p2a,p2b\n|-damage|p2a: Calyrex|22/100\n|-damage|p2b: Grimmsnarl|0 fnt\n|faint|p2b: Grimmsnarl\n|move|p2a: Calyrex|Glacial Lance|p1a: Kyogre|[spread] p1a,p1b\n|-resisted|p1a: Kyogre\n|-supereffective|p1b: Tornadus\n|-damage|p1a: Kyogre|72/100\n|-damage|p1b: Tornadus|4/100\n|\n|-weather|RainDance|[upkeep]\n|-heal|p2a: Calyrex|28/100|[from] item: Leftovers\n|upkeep\n|\n|t:|1769598581\n|switch|p2b: Kyogre|Kyogre, L50|100/100\n|turn|2\n|l|\u2606Schimmli\n|player|p1|\n|j|\u2606Schimmli\n|player|p1|Schimmli|170|\n|\n|t:|1769598655\n|move|p2a: Calyrex|Protect|p2a: Calyrex\n|-singleturn|p2a: Calyrex|Protect\n|move|p1b: Tornadus|Bleakwind Storm|p2b: Kyogre|[spread] p2b\n|-activate|p2a: Calyrex|move: Protect\n|-damage|p2b: Kyogre|92/100\n|-unboost|p2b: Kyogre|spe|1\n|move|p1a: Kyogre|Water Spout|p2b: Kyogre|[spread] p2b\n|-activate|p2a: Calyrex|move: Protect\n|-resisted|p2b: Kyogre\n|-damage|p2b: Kyogre|75/100\n|move|p2b: Kyogre|Thunder|p1a: Kyogre\n|-supereffective|p1a: Kyogre\n|-damage|p1a: Kyogre|4/100\n|\n|-weather|RainDance|[upkeep]\n|-heal|p2a: Calyrex|34/100|[from] item: Leftovers\n|upkeep\n|turn|3\n|\n|t:|1769598693\n|switch|p1a: Zamazenta|Zamazenta-Crowned, L50|100/100\n|-ability|p1a: Zamazenta|Dauntless Shield|boost\n|-boost|p1a: Zamazenta|def|1\n|move|p2a: Calyrex|Protect||[still]\n|-fail|p2a: Calyrex\n|move|p1b: Tornadus|Bleakwind Storm|p2b: Kyogre|[spread] p2a,p2b\n|-damage|p2a: Calyrex|21/100\n|-damage|p2b: Kyogre|66/100\n|move|p2b: Kyogre|Water Spout|p1b: Tornadus|[spread] p1a,p1b\n|-damage|p1a: Zamazenta|53/100\n|-damage|p1b: Tornadus|0 fnt\n|faint|p1b: Tornadus\n|\n|-weather|RainDance|[upkeep]\n|-heal|p2a: Calyrex|27/100|[from] item: Leftovers\n|upkeep\n|\n|t:|1769598709\n|switch|p1b: Kyogre|Kyogre, L50|4/100\n|turn|4\n|\n|t:|1769598728\n|move|p2a: Calyrex|Protect|p2a: Calyrex\n|-singleturn|p2a: Calyrex|Protect\n|move|p1a: Zamazenta|Body Press|p2b: Kyogre\n|-damage|p2b: Kyogre|0 fnt\n|faint|p2b: Kyogre\n|move|p1b: Kyogre|Origin Pulse|p2a: Calyrex\n|-activate|p2a: Calyrex|move: Protect\n|\n|-weather|RainDance|[upkeep]\n|-heal|p2a: Calyrex|33/100|[from] item: Leftovers\n|upkeep\n|\n|t:|1769598731\n|switch|p2b: Landorus|Landorus, L50, M|100/100\n|turn|5\n|\n|t:|1769598752\n|-terastallize|p1a: Zamazenta|Dragon\n|-terastallize|p2a: Calyrex|Fairy\n|move|p1a: Zamazenta|Wide Guard|p1a: Zamazenta\n|-singleturn|p1a: Zamazenta|Wide Guard\n|move|p1b: Kyogre|Origin Pulse|p2b: Landorus|[spread] p2a,p2b\n|-supereffective|p2b: Landorus\n|-damage|p2a: Calyrex|0 fnt\n|-damage|p2b: Landorus|0 fnt\n|faint|p2a: Calyrex\n|faint|p2b: Landorus\n|\n|win|Schimmli\n|raw|Schimmli's rating: 1452 &rarr; <strong>1482</strong><br />(+30 for winning)\n|raw|ky123456's rating: 1636 &rarr; <strong>1606</strong><br />(-30 for losing)\n|l|\u2606Schimmli\n|player|p1|\n|l|\u2606ky123456\n|player|p2|\n","uploadtime":1769598984,"views":18,"formatid":"gen9vgc2026regi","rating":1482,"private":0,"password":null}