{"id":"gen9vgc2026regi-2578143033","format":"[Gen 9] VGC 2026 Reg I","players":["navinsachump","DSarg"],"log":"|j|\u2606navinsachump\n|j|\u2606DSarg\n|t:|1775653046\n|gametype|doubles\n|player|p1|navinsachump|170|1400\n|player|p2|DSarg|266|1333\n|gen|9\n|tier|[Gen 9] VGC 2026 Reg I\n|rated|\n|rule|Species Clause: Limit one of each Pok\u00e9mon\n|rule|Item Clause: Limit 1 of each item\n|clearpoke\n|poke|p1|Calyrex-Shadow, L50|\n|poke|p1|Koraidon, L50|\n|poke|p1|Raging Bolt, L50|\n|poke|p1|Brute Bonnet, L50|\n|poke|p1|Landorus, L50, M|\n|poke|p1|Incineroar, L50, M|\n|poke|p2|Ting-Lu, L50|\n|poke|p2|Chien-Pao, L50|\n|poke|p2|Zapdos-Galar, L50|\n|poke|p2|Sinistcha, L50|\n|poke|p2|Koraidon, L50|\n|poke|p2|Calyrex-Ice, L50|\n|teampreview|4\n|inactive|Battle timer is ON: inactive players will automatically lose when time's up. (requested by navinsachump)\n|\n|t:|1775653063\n|teamsize|p1|4\n|teamsize|p2|4\n|start\n|switch|p1a: Calyrex|Calyrex-Shadow, L50|100/100\n|switch|p1b: Koraidon|Koraidon, L50|100/100\n|switch|p2a: Ting-Lu|Ting-Lu, L50|100/100\n|switch|p2b: Zapdos|Zapdos-Galar, L50|100/100\n|-ability|p1a: Calyrex|As One\n|-ability|p1a: Calyrex|Unnerve\n|-weather|SunnyDay|[from] ability: Orichalcum Pulse|[of] p1b: Koraidon\n|-activate|p1b: Koraidon|Orichalcum Pulse|[source]\n|-ability|p2a: Ting-Lu|Vessel of Ruin\n|turn|1\n|\n|t:|1775653081\n|move|p1a: Calyrex|Protect|p1a: Calyrex\n|-singleturn|p1a: Calyrex|Protect\n|move|p1b: Koraidon|Protect|p1b: Koraidon\n|-singleturn|p1b: Koraidon|Protect\n|move|p2b: Zapdos|Brave Bird|p1b: Koraidon\n|-activate|p1b: Koraidon|move: Protect\n|move|p2a: Ting-Lu|Throat Chop|p1a: Calyrex\n|-activate|p1a: Calyrex|move: Protect\n|\n|-weather|SunnyDay|[upkeep]\n|upkeep\n|turn|2\n|\n|t:|1775653095\n|switch|p1a: Incineroar|Incineroar, L50, M|100/100\n|-ability|p1a: Incineroar|Intimidate|boost\n|-fail|p2a: Ting-Lu|unboost|[from] item: Clear Amulet|[of] p2a: Ting-Lu\n|-unboost|p2b: Zapdos|atk|1\n|-ability|p2b: Zapdos|Defiant|boost\n|-boost|p2b: Zapdos|atk|2\n|-terastallize|p1b: Koraidon|Fire\n|move|p2a: Ting-Lu|Protect|p2a: Ting-Lu\n|-singleturn|p2a: Ting-Lu|Protect\n|move|p2b: Zapdos|Brave Bird|p1b: Koraidon\n|-damage|p1b: Koraidon|24/100\n|-damage|p2b: Zapdos|72/100|[from] Recoil\n|move|p1b: Koraidon|Collision Course|p2a: Ting-Lu\n|-activate|p2a: Ting-Lu|move: Protect\n|\n|-weather|SunnyDay|[upkeep]\n|upkeep\n|turn|3\n|inactive|DSarg has 30 seconds left.\n|\n|t:|1775653125\n|-terastallize|p2b: Zapdos|Ghost\n|move|p1a: Incineroar|Fake Out|p2a: Ting-Lu\n|-damage|p2a: Ting-Lu|94/100\n|move|p2b: Zapdos|Brave Bird|p1a: Incineroar\n|-damage|p1a: Incineroar|25/100\n|-damage|p2b: Zapdos|56/100|[from] item: Rocky Helmet|[of] p1a: Incineroar\n|-damage|p2b: Zapdos|27/100|[from] Recoil\n|move|p1b: Koraidon|Flare Blitz|p2b: Zapdos\n|-damage|p2b: Zapdos|0 fnt\n|faint|p2b: Zapdos\n|-damage|p1b: Koraidon|17/100|[from] Recoil\n|cant|p2a: Ting-Lu|flinch\n|\n|-weather|SunnyDay|[upkeep]\n|upkeep\n|\n|t:|1775653139\n|switch|p2b: Koraidon|Koraidon, L50, shiny|100/100\n|-activate|p2b: Koraidon|ability: Orichalcum Pulse\n|turn|4\n|\n|t:|1775653158\n|move|p1a: Incineroar|Helping Hand|p1b: Koraidon\n|-singleturn|p1b: Koraidon|Helping Hand|[of] p1a: Incineroar\n|move|p2b: Koraidon|Protect|p2b: Koraidon\n|-singleturn|p2b: Koraidon|Protect\n|move|p1b: Koraidon|Collision Course|p2b: Koraidon\n|-activate|p2b: Koraidon|move: Protect\n|move|p2a: Ting-Lu|Earthquake|p1a: Incineroar|[spread] p1a,p1b\n|-activate|p2b: Koraidon|move: Protect\n|-supereffective|p1a: Incineroar\n|-supereffective|p1b: Koraidon\n|-damage|p1a: Incineroar|0 fnt\n|-damage|p1b: Koraidon|0 fnt\n|faint|p1a: Incineroar\n|faint|p1b: Koraidon\n|\n|-weather|SunnyDay|[upkeep]\n|upkeep\n|\n|t:|1775653165\n|switch|p1b: Raging Bolt|Raging Bolt, L50|100/100\n|switch|p1a: Calyrex|Calyrex-Shadow, L50|100/100\n|-ability|p1a: Calyrex|As One\n|-ability|p1a: Calyrex|Unnerve\n|-activate|p1b: Raging Bolt|ability: Protosynthesis\n|-start|p1b: Raging Bolt|protosynthesisspa\n|turn|5\n|\n|t:|1775653185\n|move|p1a: Calyrex|Protect|p1a: Calyrex\n|-singleturn|p1a: Calyrex|Protect\n|move|p2b: Koraidon|Scale Shot|p1b: Raging Bolt\n|-supereffective|p1b: Raging Bolt\n|-damage|p1b: Raging Bolt|69/100\n|-supereffective|p1b: Raging Bolt\n|-damage|p1b: Raging Bolt|36/100\n|-supereffective|p1b: Raging Bolt\n|-damage|p1b: Raging Bolt|8/100\n|-supereffective|p1b: Raging Bolt\n|-crit|p1b: Raging Bolt\n|-damage|p1b: Raging Bolt|0 fnt\n|faint|p1b: Raging Bolt\n|-end|p1b: Raging Bolt|Protosynthesis|[silent]\n|-hitcount|p1: Raging Bolt|4\n|-unboost|p2b: Koraidon|def|1\n|-boost|p2b: Koraidon|spe|1\n|move|p2a: Ting-Lu|Throat Chop|p1a: Calyrex\n|-activate|p1a: Calyrex|move: Protect\n|\n|-weather|none\n|upkeep\n|turn|6\n|-message|navinsachump forfeited.\n|\n|win|DSarg\n|raw|navinsachump's rating: 1400 &rarr; <strong>1376</strong><br />(-24 for losing)\n|raw|DSarg's rating: 1333 &rarr; <strong>1357</strong><br />(+24 for winning)\n|l|\u2606navinsachump\n|player|p1|\n|l|\u2606DSarg\n|player|p2|\n","uploadtime":1775653393,"views":8,"formatid":"gen9vgc2026regi","rating":1357,"private":0,"password":null}