{"id":"gen9vgc2026regi-2537761791","format":"[Gen 9] VGC 2026 Reg I","players":["photon sheister","yamato-tak"],"log":"|j|\u2606photon sheister\n|j|\u2606yamato-tak\n|t:|1770845506\n|gametype|doubles\n|player|p1|photon sheister|101|1477\n|player|p2|yamato-tak|2|1419\n|gen|9\n|tier|[Gen 9] VGC 2026 Reg I\n|rated|\n|rule|Species Clause: Limit one of each Pok\u00e9mon\n|rule|Item Clause: Limit 1 of each item\n|clearpoke\n|poke|p1|Miraidon, L50|\n|poke|p1|Lunala, L50|\n|poke|p1|Sylveon, L50, F|\n|poke|p1|Incineroar, L50, F|\n|poke|p1|Whimsicott, L50, M|\n|poke|p1|Urshifu-*, L50, M|\n|poke|p2|Miraidon, L50|\n|poke|p2|Calyrex-Ice, L50|\n|poke|p2|Volcarona, L50, F|\n|poke|p2|Araquanid, L50, M|\n|poke|p2|Grimmsnarl, L50, M|\n|poke|p2|Rillaboom, L50, F|\n|teampreview|4\n|inactive|Battle timer is ON: inactive players will automatically lose when time's up. (requested by yamato-tak)\n|\n|t:|1770845528\n|teamsize|p1|4\n|teamsize|p2|4\n|start\n|switch|p1a: Urshifu|Urshifu-Rapid-Strike, L50, M|100/100\n|switch|p1b: Whimsicott|Whimsicott, L50, M, shiny|100/100\n|switch|p2a: Grimmsnarl|Grimmsnarl, L50, M, shiny|100/100\n|switch|p2b: Calyrex|Calyrex-Ice, L50|100/100\n|-ability|p2b: Calyrex|As One\n|-ability|p2b: Calyrex|Unnerve\n|turn|1\n|\n|t:|1770845545\n|move|p2a: Grimmsnarl|Fake Out|p1b: Whimsicott\n|-damage|p1b: Whimsicott|80/100\n|cant|p1b: Whimsicott|flinch\n|move|p1a: Urshifu|Surging Strikes|p2b: Calyrex\n|-crit|p2b: Calyrex\n|-damage|p2b: Calyrex|82/100\n|-crit|p2b: Calyrex\n|-damage|p2b: Calyrex|60/100\n|-crit|p2b: Calyrex\n|-damage|p2b: Calyrex|41/100\n|-hitcount|p2b: Calyrex|3\n|move|p2b: Calyrex|Glacial Lance|p1b: Whimsicott|[spread] p1a,p1b\n|-resisted|p1a: Urshifu\n|-supereffective|p1b: Whimsicott\n|-damage|p1a: Urshifu|74/100\n|-damage|p1b: Whimsicott|0 fnt\n|faint|p1b: Whimsicott\n|-ability|p2b: Calyrex|Chilling Neigh|boost\n|-boost|p2b: Calyrex|atk|1\n|\n|upkeep\n|\n|t:|1770845550\n|switch|p1b: Miraidon|Miraidon, L50, shiny|100/100\n|-fieldstart|move: Electric Terrain|[from] ability: Hadron Engine|[of] p1b: Miraidon\n|turn|2\n|\n|t:|1770845561\n|switch|p2b: Araquanid|Araquanid, L50, M, shiny|100/100\n|move|p2a: Grimmsnarl|Light Screen|p2a: Grimmsnarl\n|-sidestart|p2: yamato-tak|move: Light Screen\n|move|p1b: Miraidon|Volt Switch|p2a: Grimmsnarl\n|-damage|p2a: Grimmsnarl|28/100\n|\n|t:|1770845564\n|switch|p1b: Lunala|Lunala, L50|100/100|[from] Volt Switch\n|-enditem|p1b: Lunala|Electric Seed\n|-boost|p1b: Lunala|def|1|[from] item: Electric Seed\n|move|p1a: Urshifu|Surging Strikes|p2b: Araquanid\n|-resisted|p2b: Araquanid\n|-crit|p2b: Araquanid\n|-damage|p2b: Araquanid|84/100\n|-damage|p1a: Urshifu|57/100|[from] item: Rocky Helmet|[of] p2b: Araquanid\n|-resisted|p2b: Araquanid\n|-crit|p2b: Araquanid\n|-damage|p2b: Araquanid|67/100\n|-damage|p1a: Urshifu|41/100|[from] item: Rocky Helmet|[of] p2b: Araquanid\n|-resisted|p2b: Araquanid\n|-crit|p2b: Araquanid\n|-damage|p2b: Araquanid|51/100\n|-damage|p1a: Urshifu|24/100|[from] item: Rocky Helmet|[of] p2b: Araquanid\n|-hitcount|p2b: Araquanid|3\n|\n|upkeep\n|turn|3\n|\n|t:|1770845584\n|switch|p2b: Calyrex|Calyrex-Ice, L50|41/100\n|-ability|p2b: Calyrex|As One\n|-ability|p2b: Calyrex|Unnerve\n|move|p2a: Grimmsnarl|Parting Shot|p1b: Lunala\n|-unboost|p1b: Lunala|atk|1\n|-unboost|p1b: Lunala|spa|1\n|\n|t:|1770845589\n|switch|p2a: Araquanid|Araquanid, L50, M, shiny|51/100|[from] Parting Shot\n|move|p1a: Urshifu|Surging Strikes|p2b: Calyrex\n|-crit|p2b: Calyrex\n|-damage|p2b: Calyrex|19/100\n|-crit|p2b: Calyrex\n|-damage|p2b: Calyrex|0 fnt\n|faint|p2b: Calyrex\n|-hitcount|p2: Calyrex|2\n|move|p1b: Lunala|Moonblast|p2a: Araquanid\n|-damage|p2a: Araquanid|39/100\n|\n|upkeep\n|\n|t:|1770845593\n|switch|p2b: Miraidon|Miraidon, L50, shiny|100/100\n|-activate|p2b: Miraidon|ability: Hadron Engine\n|turn|4\n|\n|t:|1770845601\n|move|p1b: Lunala|Wide Guard|p1b: Lunala\n|-singleturn|p1b: Lunala|Wide Guard\n|move|p2b: Miraidon|Calm Mind|p2b: Miraidon\n|-boost|p2b: Miraidon|spa|1\n|-boost|p2b: Miraidon|spd|1\n|move|p1a: Urshifu|Surging Strikes|p2b: Miraidon\n|-resisted|p2b: Miraidon\n|-crit|p2b: Miraidon\n|-damage|p2b: Miraidon|88/100\n|-resisted|p2b: Miraidon\n|-crit|p2b: Miraidon\n|-damage|p2b: Miraidon|75/100\n|-resisted|p2b: Miraidon\n|-crit|p2b: Miraidon\n|-damage|p2b: Miraidon|62/100\n|-hitcount|p2b: Miraidon|3\n|move|p2a: Araquanid|Leech Life|p1b: Lunala\n|-crit|p1b: Lunala\n|-damage|p1b: Lunala|83/100\n|-heal|p2a: Araquanid|50/100|[from] drain|[of] p1b: Lunala\n|\n|upkeep\n|turn|5\n|\n|t:|1770845623\n|move|p1b: Lunala|Wide Guard|p1b: Lunala\n|-singleturn|p1b: Lunala|Wide Guard\n|move|p2b: Miraidon|Electro Drift|p1b: Lunala\n|-damage|p1b: Lunala|4/100\n|move|p1a: Urshifu|Surging Strikes|p2b: Miraidon\n|-resisted|p2b: Miraidon\n|-crit|p2b: Miraidon\n|-damage|p2b: Miraidon|50/100\n|-resisted|p2b: Miraidon\n|-crit|p2b: Miraidon\n|-damage|p2b: Miraidon|36/100\n|-resisted|p2b: Miraidon\n|-crit|p2b: Miraidon\n|-damage|p2b: Miraidon|23/100\n|-hitcount|p2b: Miraidon|3\n|move|p2a: Araquanid|Leech Life|p1a: Urshifu\n|-resisted|p1a: Urshifu\n|-damage|p1a: Urshifu|7/100\n|-heal|p2a: Araquanid|59/100|[from] drain|[of] p1a: Urshifu\n|\n|upkeep\n|turn|6\n|\n|t:|1770845635\n|-terastallize|p1b: Lunala|Fairy\n|move|p2b: Miraidon|Electro Drift|p1a: Urshifu\n|-supereffective|p1a: Urshifu\n|-damage|p1a: Urshifu|0 fnt\n|faint|p1a: Urshifu\n|move|p1b: Lunala|Moonblast|p2b: Miraidon\n|-supereffective|p2b: Miraidon\n|-damage|p2b: Miraidon|0 fnt\n|faint|p2b: Miraidon\n|move|p2a: Araquanid|Leech Life|p1b: Lunala\n|-resisted|p1b: Lunala\n|-damage|p1b: Lunala|0 fnt\n|-heal|p2a: Araquanid|61/100|[from] drain|[of] p1b: Lunala\n|faint|p1b: Lunala\n|\n|-fieldend|move: Electric Terrain\n|upkeep\n|\n|t:|1770845639\n|switch|p2b: Grimmsnarl|Grimmsnarl, L50, M, shiny|28/100\n|switch|p1a: Miraidon|Miraidon, L50, shiny|100/100\n|-fieldstart|move: Electric Terrain|[from] ability: Hadron Engine|[of] p1a: Miraidon\n|turn|7\n|\n|t:|1770845652\n|-terastallize|p2a: Araquanid|Grass\n|move|p2b: Grimmsnarl|Fake Out|p1a: Miraidon\n|-damage|p1a: Miraidon|89/100\n|cant|p1a: Miraidon|flinch\n|move|p2a: Araquanid|Leech Life|p1a: Miraidon\n|-damage|p1a: Miraidon|58/100\n|-heal|p2a: Araquanid|76/100|[from] drain|[of] p1a: Miraidon\n|\n|upkeep\n|turn|8\n|\n|t:|1770845666\n|move|p2b: Grimmsnarl|Parting Shot|p1a: Miraidon\n|-unboost|p1a: Miraidon|atk|1\n|-unboost|p1a: Miraidon|spa|1\n|move|p1a: Miraidon|Dazzling Gleam|p2b: Grimmsnarl|[spread] p2a,p2b\n|-supereffective|p2b: Grimmsnarl\n|-damage|p2a: Araquanid|59/100\n|-damage|p2b: Grimmsnarl|0 fnt\n|faint|p2b: Grimmsnarl\n|move|p2a: Araquanid|Leech Life|p1a: Miraidon\n|-damage|p1a: Miraidon|27/100\n|-heal|p2a: Araquanid|75/100|[from] drain|[of] p1a: Miraidon\n|\n|upkeep\n|turn|9\n|-message|photon sheister forfeited.\n|\n|win|yamato-tak\n|raw|photon sheister's rating: 1477 &rarr; <strong>1454</strong><br />(-23 for losing)\n|raw|yamato-tak's rating: 1419 &rarr; <strong>1442</strong><br />(+23 for winning)\n|l|\u2606photon sheister\n|player|p1|\n|l|\u2606yamato-tak\n|player|p2|\n","uploadtime":1770845925,"views":21,"formatid":"gen9vgc2026regi","rating":1442,"private":0,"password":null}