{"id":"gen9vgc2026regi-2561469016","format":"[Gen 9] VGC 2026 Reg I","players":["GAPDHD","terafireflareblitz"],"log":"|j|\u2606GAPDHD\n|j|\u2606terafireflareblitz\n|t:|1773799713\n|gametype|doubles\n|player|p1|GAPDHD|ruinmaniac|1402\n|player|p2|terafireflareblitz|sycamore|1576\n|gen|9\n|tier|[Gen 9] VGC 2026 Reg I\n|rated|\n|rule|Species Clause: Limit one of each Pok\u00e9mon\n|rule|Item Clause: Limit 1 of each item\n|clearpoke\n|poke|p1|Lunala, L50|\n|poke|p1|Groudon, L50|\n|poke|p1|Indeedee-F, L50, F|\n|poke|p1|Walking Wake, L50|\n|poke|p1|Incineroar, L50, F|\n|poke|p1|Brute Bonnet, L50|\n|poke|p2|Koraidon, L50|\n|poke|p2|Lunala, L50|\n|poke|p2|Indeedee-F, L50, F|\n|poke|p2|Flutter Mane, L50|\n|poke|p2|Volcarona, L50, M|\n|poke|p2|Ursaluna, L50, M|\n|teampreview|4\n|inactive|Battle timer is ON: inactive players will automatically lose when time's up. (requested by terafireflareblitz)\nGAPDHD has agreed to open team sheets.\n|inactive|GAPDHD has 60 seconds left.\n|\n|t:|1773799760\n|teamsize|p1|4\n|teamsize|p2|4\n|start\n|switch|p1a: Lunala|Lunala, L50|100/100\n|switch|p1b: Indeedee|Indeedee-F, L50, F|100/100\n|switch|p2a: Lunala|Lunala, L50, shiny|100/100\n|switch|p2b: Indeedee|Indeedee-F, L50, F|100/100\n|-fieldstart|move: Psychic Terrain|[from] ability: Psychic Surge|[of] p2b: Indeedee\n|turn|1\n|\n|t:|1773799770\n|move|p2b: Indeedee|Helping Hand|p2a: Lunala\n|-singleturn|p2a: Lunala|Helping Hand|[of] p2b: Indeedee\n|move|p1b: Indeedee|Helping Hand|p1a: Lunala\n|-singleturn|p1a: Lunala|Helping Hand|[of] p1b: Indeedee\n|move|p2a: Lunala|Meteor Beam||[still]\n|-prepare|p2a: Lunala|Meteor Beam\n|-boost|p2a: Lunala|spa|1\n|-enditem|p2a: Lunala|Power Herb\n|-anim|p2a: Lunala|Meteor Beam|p1b: Indeedee|[miss]\n|-miss|p2a: Lunala|p1b: Indeedee\n|move|p1a: Lunala|Meteor Beam||[still]\n|-prepare|p1a: Lunala|Meteor Beam\n|-boost|p1a: Lunala|spa|1\n|-enditem|p1a: Lunala|Power Herb\n|-anim|p1a: Lunala|Meteor Beam|p2b: Indeedee\n|-damage|p2b: Indeedee|2/100\n|\n|upkeep\n|turn|2\n|\n|t:|1773799788\n|move|p2b: Indeedee|Helping Hand|p2a: Lunala\n|-singleturn|p2a: Lunala|Helping Hand|[of] p2b: Indeedee\n|move|p2a: Lunala|Expanding Force|p1b: Indeedee|[spread] p1a,p1b\n|-resisted|p1a: Lunala\n|-resisted|p1b: Indeedee\n|-damage|p1a: Lunala|76/100\n|-damage|p1b: Indeedee|20/100\n|move|p1a: Lunala|Moongeist Beam|p2a: Lunala\n|-supereffective|p2a: Lunala\n|-damage|p2a: Lunala|0 fnt\n|faint|p2a: Lunala\n|move|p1b: Indeedee|Dazzling Gleam|p2b: Indeedee\n|-damage|p2b: Indeedee|0 fnt\n|faint|p2b: Indeedee\n|\n|upkeep\n|\n|t:|1773799792\n|switch|p2a: Koraidon|Koraidon, L50, shiny|100/100\n|switch|p2b: Flutter Mane|Flutter Mane, L50|100/100\n|-weather|SunnyDay|[from] ability: Orichalcum Pulse|[of] p2a: Koraidon\n|-activate|p2b: Flutter Mane|ability: Protosynthesis\n|-start|p2b: Flutter Mane|protosynthesisspe\n|-activate|p2a: Koraidon|Orichalcum Pulse|[source]\n|turn|3\n|\n|t:|1773799811\n|-terastallize|p2a: Koraidon|Fire\n|move|p1a: Lunala|Wide Guard|p1a: Lunala\n|-singleturn|p1a: Lunala|Wide Guard\n|move|p2b: Flutter Mane|Moonblast|p1b: Indeedee\n|-damage|p1b: Indeedee|0 fnt\n|faint|p1b: Indeedee\n|move|p2a: Koraidon|Flare Blitz|p1a: Lunala\n|-damage|p1a: Lunala|0 fnt\n|faint|p1a: Lunala\n|-damage|p2a: Koraidon|66/100|[from] Recoil\n|-damage|p2a: Koraidon|56/100|[from] item: Life Orb\n|\n|-weather|SunnyDay|[upkeep]\n|upkeep\n|\n|t:|1773799818\n|switch|p1a: Incineroar|Incineroar, L50, F|100/100\n|switch|p1b: Groudon|Groudon, L50|100/100\n|-ability|p1a: Incineroar|Intimidate|boost\n|-unboost|p2a: Koraidon|atk|1\n|-unboost|p2b: Flutter Mane|atk|1\n|turn|4\n|\n|t:|1773799828\n|move|p1a: Incineroar|Fake Out|p2a: Koraidon\n|-activate|p2a: Koraidon|move: Psychic Terrain\n|move|p2b: Flutter Mane|Moonblast|p1b: Groudon\n|-damage|p1b: Groudon|54/100\n|move|p2a: Koraidon|Close Combat|p1a: Incineroar\n|-supereffective|p1a: Incineroar\n|-damage|p1a: Incineroar|0 fnt\n|-unboost|p2a: Koraidon|def|1\n|-unboost|p2a: Koraidon|spd|1\n|faint|p1a: Incineroar\n|-damage|p2a: Koraidon|46/100|[from] item: Life Orb\n|move|p1b: Groudon|Precipice Blades|p2b: Flutter Mane|[spread] p2a\n|-miss|p1b: Groudon|p2b: Flutter Mane\n|-supereffective|p2a: Koraidon\n|-damage|p2a: Koraidon|0 fnt\n|faint|p2a: Koraidon\n|\n|-weather|SunnyDay|[upkeep]\n|upkeep\n|turn|5\n|\n|t:|1773799843\n|move|p2b: Flutter Mane|Moonblast|p1b: Groudon\n|-damage|p1b: Groudon|2/100\n|move|p1b: Groudon|Precipice Blades|p2b: Flutter Mane\n|-enditem|p2b: Flutter Mane|Focus Sash\n|-damage|p2b: Flutter Mane|1/100\n|\n|-weather|SunnyDay|[upkeep]\n|-fieldend|move: Psychic Terrain\n|upkeep\n|turn|6\n|-message|GAPDHD forfeited.\n|\n|win|terafireflareblitz\n|raw|GAPDHD's rating: 1402 &rarr; <strong>1391</strong><br />(-11 for losing)\n|raw|terafireflareblitz's rating: 1576 &rarr; <strong>1587</strong><br />(+11 for winning)\n","uploadtime":1773799850,"views":10,"formatid":"gen9vgc2026regi","rating":1391,"private":0,"password":null}