{"id":"gen9vgc2026regi-2575527195","format":"[Gen 9] VGC 2026 Reg I","players":["beignetsfordayzzz","TheManOfSausage"],"log":"|j|\u2606beignetsfordayzzz\n|j|\u2606TheManOfSausage\n|t:|1775362659\n|gametype|doubles\n|player|p1|beignetsfordayzzz|1|1335\n|player|p2|TheManOfSausage|miku-water|1483\n|gen|9\n|tier|[Gen 9] VGC 2026 Reg I\n|rated|\n|rule|Species Clause: Limit one of each Pok\u00e9mon\n|rule|Item Clause: Limit 1 of each item\n|clearpoke\n|poke|p1|Farigiraf, L50, F|\n|poke|p1|Iron Hands, L50|\n|poke|p1|Calyrex-Ice, L50|\n|poke|p1|Ogerpon-Cornerstone, L50, F|\n|poke|p1|Pelipper, L50, M|\n|poke|p1|Miraidon, L50|\n|poke|p2|Calyrex-Shadow, L50|\n|poke|p2|Miraidon, L50|\n|poke|p2|Clefairy, L50, M|\n|poke|p2|Rillaboom, L50, M|\n|poke|p2|Incineroar, L50, M|\n|poke|p2|Volcarona, L50, M|\n|teampreview|4\nTheManOfSausage has agreed to open team sheets.\n|\n|t:|1775362677\n|teamsize|p1|4\n|teamsize|p2|4\n|start\n|switch|p1a: Miraidon|Miraidon, L50|100/100\n|switch|p1b: Farigiraf|Farigiraf, L50, F|100/100\n|switch|p2a: Magical Mirai|Miraidon, L50|100/100\n|switch|p2b: Rice Shower|Calyrex-Shadow, L50|100/100\n|-ability|p2b: Rice Shower|As One\n|-ability|p2b: Rice Shower|Unnerve\n|-fieldstart|move: Electric Terrain|[from] ability: Hadron Engine|[of] p2a: Magical Mirai\n|-enditem|p1b: Farigiraf|Electric Seed\n|-boost|p1b: Farigiraf|def|1|[from] item: Electric Seed\n|-activate|p1a: Miraidon|ability: Hadron Engine\n|turn|1\n|\n|t:|1775362705\n|move|p2a: Magical Mirai|Volt Switch|p1b: Farigiraf\n|-damage|p1b: Farigiraf|31/100\n|\n|t:|1775362710\n|switch|p2a: pipi|Clefairy, L50, M|100/100|[from] Volt Switch\n|move|p1a: Miraidon|Volt Switch|p2b: Rice Shower\n|-damage|p2b: Rice Shower|49/100\n|\n|t:|1775362723\n|switch|p1a: Pelipper|Pelipper, L50, M|100/100|[from] Volt Switch\n|-weather|RainDance|[from] ability: Drizzle|[of] p1a: Pelipper\n|move|p2b: Rice Shower|Nasty Plot|p2b: Rice Shower\n|-boost|p2b: Rice Shower|spa|2\n|move|p1b: Farigiraf|Trick Room|p1b: Farigiraf\n|-fieldstart|move: Trick Room|[of] p1b: Farigiraf\n|\n|-weather|RainDance|[upkeep]\n|upkeep\n|turn|2\n|\n|t:|1775362745\n|move|p2b: Rice Shower|Protect|p2b: Rice Shower\n|-singleturn|p2b: Rice Shower|Protect\n|move|p2a: pipi|Life Dew||[still]|[spread] p2a,p2b\n|-fail|p2a: pipi|heal\n|-heal|p2b: Rice Shower|74/100\n|move|p1b: Farigiraf|Foul Play|p2b: Rice Shower\n|-activate|p2b: Rice Shower|move: Protect\n|move|p1a: Pelipper|Weather Ball|p2a: pipi\n|-damage|p2a: pipi|46/100\n|\n|-weather|RainDance|[upkeep]\n|upkeep\n|turn|3\n|\n|t:|1775362756\n|-terastallize|p2b: Rice Shower|Fairy\n|move|p2a: pipi|Life Dew|p2a: pipi|[spread] p2a,p2b\n|-heal|p2a: pipi|72/100\n|-heal|p2b: Rice Shower|99/100\n|move|p1b: Farigiraf|Foul Play|p2b: Rice Shower\n|-resisted|p2b: Rice Shower\n|-damage|p2b: Rice Shower|93/100\n|move|p1a: Pelipper|Weather Ball|p2b: Rice Shower\n|-damage|p2b: Rice Shower|45/100\n|move|p2b: Rice Shower|Draining Kiss|p1b: Farigiraf\n|-damage|p1b: Farigiraf|0 fnt\n|-heal|p2b: Rice Shower|72/100|[from] drain|[of] p1b: Farigiraf\n|faint|p1b: Farigiraf\n|-ability|p2b: Rice Shower|Grim Neigh|boost\n|-boost|p2b: Rice Shower|spa|1\n|\n|-weather|RainDance|[upkeep]\n|upkeep\n|\n|t:|1775362761\n|switch|p1b: Ice Ice Baby|Calyrex-Ice, L50|100/100\n|-ability|p1b: Ice Ice Baby|As One\n|-ability|p1b: Ice Ice Baby|Unnerve\n|turn|4\n|\n|t:|1775362782\n|-terastallize|p1b: Ice Ice Baby|Water\n|move|p1a: Pelipper|Helping Hand|p1b: Ice Ice Baby\n|-singleturn|p1b: Ice Ice Baby|Helping Hand|[of] p1a: Pelipper\n|move|p2b: Rice Shower|Protect|p2b: Rice Shower\n|-singleturn|p2b: Rice Shower|Protect\n|move|p2a: pipi|Life Dew|p2a: pipi|[spread] p2a,p2b\n|-heal|p2a: pipi|97/100\n|-heal|p2b: Rice Shower|97/100\n|move|p1b: Ice Ice Baby|Glacial Lance|p2a: pipi|[spread] p2a\n|-activate|p2b: Rice Shower|move: Protect\n|-damage|p2a: pipi|14/100\n|\n|-weather|RainDance|[upkeep]\n|upkeep\n|turn|5\n|\n|t:|1775362801\n|move|p1a: Pelipper|Wide Guard|p1a: Pelipper\n|-singleturn|p1a: Pelipper|Wide Guard\n|move|p2a: pipi|Follow Me|p2a: pipi\n|-singleturn|p2a: pipi|move: Follow Me\n|move|p1b: Ice Ice Baby|Glacial Lance|p2b: Rice Shower|[spread] p2a,p2b\n|-damage|p2a: pipi|0 fnt\n|-damage|p2b: Rice Shower|49/100\n|faint|p2a: pipi\n|-ability|p1b: Ice Ice Baby|Chilling Neigh|boost\n|-boost|p1b: Ice Ice Baby|atk|1\n|move|p2b: Rice Shower|Astral Barrage|p1b: Ice Ice Baby|[spread] \n|-activate|p1a: Pelipper|move: Wide Guard\n|-activate|p1b: Ice Ice Baby|move: Wide Guard\n|\n|-weather|none\n|-fieldend|move: Trick Room\n|-fieldend|move: Electric Terrain\n|upkeep\n|\n|t:|1775362808\n|switch|p2a: Magical Mirai|Miraidon, L50|100/100\n|-fieldstart|move: Electric Terrain|[from] ability: Hadron Engine|[of] p2a: Magical Mirai\n|turn|6\n|\n|t:|1775362826\n|switch|p1b: Miraidon|Miraidon, L50|100/100\n|-activate|p1b: Miraidon|ability: Hadron Engine\n|move|p1a: Pelipper|Wide Guard|p1a: Pelipper\n|-singleturn|p1a: Pelipper|Wide Guard\n|move|p2a: Magical Mirai|Volt Switch|p1b: Miraidon\n|-resisted|p1b: Miraidon\n|-damage|p1b: Miraidon|87/100\n|\n|t:|1775362829\n|switch|p2a: Incineroar|Incineroar, L50, M, shiny|100/100|[from] Volt Switch\n|-ability|p2a: Incineroar|Intimidate|boost\n|-unboost|p1a: Pelipper|atk|1\n|-unboost|p1b: Miraidon|atk|1\n|move|p2b: Rice Shower|Draining Kiss|p1a: Pelipper\n|-enditem|p1a: Pelipper|Focus Sash\n|-damage|p1a: Pelipper|1/100\n|-heal|p2b: Rice Shower|100/100|[from] drain|[of] p1a: Pelipper\n|\n|upkeep\n|turn|7\n|\n|t:|1775362853\n|switch|p1a: Ice Ice Baby|Calyrex-Ice, L50, tera:Water|100/100\n|-ability|p1a: Ice Ice Baby|As One\n|-ability|p1a: Ice Ice Baby|Unnerve\n|move|p2a: Incineroar|Fake Out|p1b: Miraidon\n|-damage|p1b: Miraidon|77/100\n|cant|p1b: Miraidon|flinch\n|move|p2b: Rice Shower|Draining Kiss|p1b: Miraidon\n|-supereffective|p1b: Miraidon\n|-damage|p1b: Miraidon|0 fnt\n|faint|p1b: Miraidon\n|-ability|p2b: Rice Shower|Grim Neigh|boost\n|-boost|p2b: Rice Shower|spa|1\n|\n|upkeep\n|\n|t:|1775362867\n|switch|p1b: Pelipper|Pelipper, L50, M|1/100\n|-weather|RainDance|[from] ability: Drizzle|[of] p1b: Pelipper\n|turn|8\n|\n|t:|1775362876\n|move|p1a: Ice Ice Baby|Protect|p1a: Ice Ice Baby\n|-singleturn|p1a: Ice Ice Baby|Protect\n|move|p2b: Rice Shower|Draining Kiss|p1b: Pelipper\n|-damage|p1b: Pelipper|0 fnt\n|faint|p1b: Pelipper\n|-ability|p2b: Rice Shower|Grim Neigh|boost\n|-boost|p2b: Rice Shower|spa|1\n|move|p2a: Incineroar|Knock Off|p1a: Ice Ice Baby\n|-activate|p1a: Ice Ice Baby|move: Protect\n|\n|-weather|RainDance|[upkeep]\n|upkeep\n|turn|9\n|\n|t:|1775362884\n|move|p2b: Rice Shower|Astral Barrage|p1a: Ice Ice Baby\n|-damage|p1a: Ice Ice Baby|0 fnt\n|faint|p1a: Ice Ice Baby\n|\n|win|TheManOfSausage\n|raw|beignetsfordayzzz's rating: 1335 &rarr; <strong>1323</strong><br />(-12 for losing)\n|raw|TheManOfSausage's rating: 1483 &rarr; <strong>1495</strong><br />(+12 for winning)\n|c|\u2606TheManOfSausage|gg\n|c|\u2606beignetsfordayzzz|gg\n","uploadtime":1775362889,"views":8,"formatid":"gen9vgc2026regi","rating":1323,"private":0,"password":null}