{"id":"gen9vgc2026regi-2550591762","format":"[Gen 9] VGC 2026 Reg I","players":["blackred123","palHunter"],"log":"|j|\u2606blackred123\n|j|\u2606palHunter\n|t:|1772504118\n|gametype|doubles\n|player|p1|blackred123|iono-masters|1428\n|player|p2|palHunter|dawn|1664\n|gen|9\n|tier|[Gen 9] VGC 2026 Reg I\n|rated|\n|rule|Species Clause: Limit one of each Pok\u00e9mon\n|rule|Item Clause: Limit 1 of each item\n|clearpoke\n|poke|p1|Kyogre, L50|\n|poke|p1|Zamazenta-*, L50|\n|poke|p1|Chien-Pao, L50|\n|poke|p1|Amoonguss, L50, F|\n|poke|p1|Dragonite, L50, F|\n|poke|p1|Rillaboom, L50, F|\n|poke|p2|Miraidon, L50|\n|poke|p2|Amoonguss, L50, F|\n|poke|p2|Calyrex-Ice, L50|\n|poke|p2|Urshifu-*, L50, F|\n|poke|p2|Incineroar, L50, F|\n|poke|p2|Landorus, L50, M|\n|teampreview|4\n|inactive|Battle timer is ON: inactive players will automatically lose when time's up. (requested by blackred123)\n|inactive|palHunter has 60 seconds left.\n|\n|t:|1772504167\n|teamsize|p1|4\n|teamsize|p2|4\n|start\n|switch|p1a: Zamazenta|Zamazenta-Crowned, L50|100/100\n|switch|p1b: Chien-Pao|Chien-Pao, L50|100/100\n|switch|p2a: Calyrex|Calyrex-Ice, L50|100/100\n|switch|p2b: Amoonguss|Amoonguss, L50, F, shiny|100/100\n|-ability|p2a: Calyrex|As One\n|-ability|p2a: Calyrex|Unnerve\n|-ability|p1b: Chien-Pao|Sword of Ruin\n|-ability|p1a: Zamazenta|Dauntless Shield|boost\n|-boost|p1a: Zamazenta|def|1\n|turn|1\n|inactive|blackred123 has 30 seconds left.\n|inactive|palHunter has 30 seconds left.\n|\n|t:|1772504196\n|move|p2b: Amoonguss|Protect|p2b: Amoonguss\n|-singleturn|p2b: Amoonguss|Protect\n|move|p1b: Chien-Pao|Ice Spinner|p2b: Amoonguss\n|-activate|p2b: Amoonguss|move: Protect\n|move|p1a: Zamazenta|Body Press|p2b: Amoonguss\n|-activate|p2b: Amoonguss|move: Protect\n|move|p2a: Calyrex|High Horsepower|p1a: Zamazenta\n|-supereffective|p1a: Zamazenta\n|-damage|p1a: Zamazenta|56/100\n|\n|upkeep\n|turn|2\n|\n|t:|1772504218\n|-terastallize|p2b: Amoonguss|Water\n|move|p1b: Chien-Pao|Ice Spinner|p2b: Amoonguss\n|-resisted|p2b: Amoonguss\n|-damage|p2b: Amoonguss|80/100\n|-damage|p1b: Chien-Pao|84/100|[from] item: Rocky Helmet|[of] p2b: Amoonguss\n|move|p1a: Zamazenta|Body Press|p2b: Amoonguss\n|-damage|p2b: Amoonguss|10/100\n|-damage|p1a: Zamazenta|39/100|[from] item: Rocky Helmet|[of] p2b: Amoonguss\n|move|p2b: Amoonguss|Spore|p1a: Zamazenta\n|-status|p1a: Zamazenta|slp|[from] move: Spore\n|move|p2a: Calyrex|Trick Room|p2a: Calyrex\n|-fieldstart|move: Trick Room|[of] p2a: Calyrex\n|\n|upkeep\n|turn|3\n|\n|t:|1772504237\n|cant|p1a: Zamazenta|slp\n|move|p1b: Chien-Pao|Sucker Punch|p2a: Calyrex\n|-supereffective|p2a: Calyrex\n|-damage|p2a: Calyrex|42/100\n|move|p2b: Amoonguss|Spore|p1b: Chien-Pao\n|-status|p1b: Chien-Pao|slp|[from] move: Spore\n|move|p2a: Calyrex|High Horsepower|p1a: Zamazenta\n|-supereffective|p1a: Zamazenta\n|-damage|p1a: Zamazenta|0 fnt\n|faint|p1a: Zamazenta\n|-ability|p2a: Calyrex|Chilling Neigh|boost\n|-boost|p2a: Calyrex|atk|1\n|\n|upkeep\n|\n|t:|1772504243\n|switch|p1a: Dragonite|Dragonite, L50, F|100/100\n|turn|4\n|\n|t:|1772504258\n|-terastallize|p1a: Dragonite|Normal\n|move|p2b: Amoonguss|Rage Powder|p2b: Amoonguss\n|-singleturn|p2b: Amoonguss|move: Rage Powder\n|move|p1a: Dragonite|Extreme Speed|p2b: Amoonguss\n|-damage|p2b: Amoonguss|0 fnt\n|-damage|p1a: Dragonite|84/100|[from] item: Rocky Helmet|[of] p2b: Amoonguss\n|faint|p2b: Amoonguss\n|cant|p1b: Chien-Pao|slp\n|move|p2a: Calyrex|Glacial Lance|p1b: Chien-Pao|[spread] p1a,p1b\n|-resisted|p1b: Chien-Pao\n|-damage|p1a: Dragonite|0 fnt\n|-damage|p1b: Chien-Pao|30/100 slp\n|faint|p1a: Dragonite\n|-ability|p2a: Calyrex|Chilling Neigh|boost\n|-boost|p2a: Calyrex|atk|1\n|\n|upkeep\n|\n|t:|1772504275\n|switch|p2b: Landorus|Landorus, L50, M, shiny|100/100\n|switch|p1a: Kyogre|Kyogre, L50|100/100\n|-weather|RainDance|[from] ability: Drizzle|[of] p1a: Kyogre\n|turn|5\n|\n|t:|1772504282\n|cant|p1b: Chien-Pao|slp\n|move|p2a: Calyrex|Glacial Lance|p1b: Chien-Pao|[spread] p1a,p1b\n|-resisted|p1a: Kyogre\n|-resisted|p1b: Chien-Pao\n|-damage|p1a: Kyogre|30/100\n|-damage|p1b: Chien-Pao|0 fnt\n|faint|p1b: Chien-Pao\n|-ability|p2a: Calyrex|Chilling Neigh|boost\n|-boost|p2a: Calyrex|atk|1\n|move|p2b: Landorus|Sandsear Storm|p1a: Kyogre\n|-damage|p1a: Kyogre|0 fnt\n|faint|p1a: Kyogre\n|\n|win|palHunter\n|raw|blackred123's rating: 1428 &rarr; <strong>1420</strong><br />(-8 for losing)\n|raw|palHunter's rating: 1664 &rarr; <strong>1672</strong><br />(+8 for winning)\n|l|\u2606palHunter\n|player|p2|\n|l|\u2606blackred123\n|player|p1|\n","uploadtime":1772504520,"views":17,"formatid":"gen9vgc2026regi","rating":1420,"private":0,"password":null}