{"id":"gen9vgc2026regi-2543968572","format":"[Gen 9] VGC 2026 Reg I","players":["crabominable 740","Coreydfgh"],"log":"|j|\u2606crabominable 740\n|j|\u2606Coreydfgh\n|t:|1771636699\n|gametype|doubles\n|player|p1|crabominable 740|hiker-gen4|1318\n|player|p2|Coreydfgh|101|1455\n|gen|9\n|tier|[Gen 9] VGC 2026 Reg I\n|rated|\n|rule|Species Clause: Limit one of each Pok\u00e9mon\n|rule|Item Clause: Limit 1 of each item\n|clearpoke\n|poke|p1|Calyrex-Ice, L50|\n|poke|p1|Ursaluna-Bloodmoon, L50, M|\n|poke|p1|Primarina, L50, M|\n|poke|p1|Grimmsnarl, L50, M|\n|poke|p1|Farigiraf, L50, F|\n|poke|p1|Koraidon, L50|\n|poke|p2|Calyrex-Ice, L50|\n|poke|p2|Indeedee-F, L50, F|\n|poke|p2|Torkoal, L50, M|\n|poke|p2|Brute Bonnet, L50|\n|poke|p2|Lunala, L50|\n|poke|p2|Iron Hands, L50|\n|teampreview|4\n|\n|t:|1771636754\n|teamsize|p1|4\n|teamsize|p2|4\n|start\n|switch|p1a: \uc218\ub839\ub2d8|Calyrex-Ice, L50|100/100\n|switch|p1b: \uc624\uac10\uc790|Grimmsnarl, L50, M|100/100\n|switch|p2a: Calyrex|Calyrex-Ice, L50|100/100\n|switch|p2b: Lunala|Lunala, L50|100/100\n|-ability|p2a: Calyrex|As One\n|-ability|p2a: Calyrex|Unnerve\n|-ability|p1a: \uc218\ub839\ub2d8|As One\n|-ability|p1a: \uc218\ub839\ub2d8|Unnerve\n|turn|1\n|\n|t:|1771636766\n|move|p1a: \uc218\ub839\ub2d8|Protect|p1a: \uc218\ub839\ub2d8\n|-singleturn|p1a: \uc218\ub839\ub2d8|Protect\n|move|p1b: \uc624\uac10\uc790|Light Screen|p1b: \uc624\uac10\uc790\n|-sidestart|p1: crabominable 740|move: Light Screen\n|move|p2b: Lunala|Meteor Beam||[still]\n|-prepare|p2b: Lunala|Meteor Beam\n|-boost|p2b: Lunala|spa|1\n|-enditem|p2b: Lunala|Power Herb\n|-anim|p2b: Lunala|Meteor Beam|p1a: \uc218\ub839\ub2d8\n|-activate|p1a: \uc218\ub839\ub2d8|move: Protect\n|move|p2a: Calyrex|Glacial Lance|p1b: \uc624\uac10\uc790|[spread] p1b\n|-activate|p1a: \uc218\ub839\ub2d8|move: Protect\n|-damage|p1b: \uc624\uac10\uc790|54/100\n|\n|upkeep\n|turn|2\n|\n|t:|1771636782\n|-terastallize|p1a: \uc218\ub839\ub2d8|Water\n|move|p2b: Lunala|Moongeist Beam|p1a: \uc218\ub839\ub2d8\n|-damage|p1a: \uc218\ub839\ub2d8|58/100\n|move|p1b: \uc624\uac10\uc790|Foul Play|p2b: Lunala\n|-supereffective|p2b: Lunala\n|-damage|p2b: Lunala|46/100\n|move|p2a: Calyrex|Glacial Lance|p1b: \uc624\uac10\uc790|[spread] p1a,p1b\n|-resisted|p1a: \uc218\ub839\ub2d8\n|-damage|p1a: \uc218\ub839\ub2d8|42/100\n|-damage|p1b: \uc624\uac10\uc790|8/100\n|move|p1a: \uc218\ub839\ub2d8|Throat Chop|p2b: Lunala\n|-supereffective|p2b: Lunala\n|-damage|p2b: Lunala|0 fnt\n|faint|p2b: Lunala\n|-ability|p1a: \uc218\ub839\ub2d8|Chilling Neigh|boost\n|-boost|p1a: \uc218\ub839\ub2d8|atk|1\n|\n|upkeep\n|\n|t:|1771636798\n|switch|p2b: Iron Hands|Iron Hands, L50|100/100\n|turn|3\n|\n|t:|1771636804\n|move|p1a: \uc218\ub839\ub2d8|Protect|p1a: \uc218\ub839\ub2d8\n|-singleturn|p1a: \uc218\ub839\ub2d8|Protect\n|move|p2b: Iron Hands|Fake Out|p1a: \uc218\ub839\ub2d8\n|-activate|p1a: \uc218\ub839\ub2d8|move: Protect\n|move|p1b: \uc624\uac10\uc790|Misty Terrain|p1b: \uc624\uac10\uc790\n|-fieldstart|move: Misty Terrain\n|move|p2a: Calyrex|Trick Room|p2a: Calyrex\n|-fieldstart|move: Trick Room|[of] p2a: Calyrex\n|\n|upkeep\n|turn|4\n|\n|t:|1771636816\n|move|p1a: \uc218\ub839\ub2d8|Glacial Lance|p2a: Calyrex|[spread] p2a,p2b\n|-resisted|p2a: Calyrex\n|-damage|p2a: Calyrex|71/100\n|-damage|p2b: Iron Hands|40/100\n|move|p2a: Calyrex|Glacial Lance|p1b: \uc624\uac10\uc790|[spread] p1a,p1b\n|-resisted|p1a: \uc218\ub839\ub2d8\n|-damage|p1a: \uc218\ub839\ub2d8|22/100\n|-damage|p1b: \uc624\uac10\uc790|0 fnt\n|faint|p1b: \uc624\uac10\uc790\n|-ability|p2a: Calyrex|Chilling Neigh|boost\n|-boost|p2a: Calyrex|atk|1\n|move|p2b: Iron Hands|Low Kick|p1a: \uc218\ub839\ub2d8\n|-damage|p1a: \uc218\ub839\ub2d8|0 fnt\n|faint|p1a: \uc218\ub839\ub2d8\n|\n|upkeep\n|\n|t:|1771636821\n|switch|p1a: \uc6b0\ub8e8\ub098|Ursaluna-Bloodmoon, L50, M|100/100\n|switch|p1b: \ud06c\ub77c\uc789\ub3c8|Koraidon, L50|100/100\n|-weather|SunnyDay|[from] ability: Orichalcum Pulse|[of] p1b: \ud06c\ub77c\uc789\ub3c8\n|-activate|p1b: \ud06c\ub77c\uc789\ub3c8|Orichalcum Pulse|[source]\n|turn|5\n|\n|t:|1771636831\n|move|p1a: \uc6b0\ub8e8\ub098|Blood Moon|p2a: Calyrex\n|-damage|p2a: Calyrex|0 fnt\n|faint|p2a: Calyrex\n|-damage|p1a: \uc6b0\ub8e8\ub098|91/100|[from] item: Life Orb\n|move|p2b: Iron Hands|Low Kick|p1b: \ud06c\ub77c\uc789\ub3c8\n|-damage|p1b: \ud06c\ub77c\uc789\ub3c8|45/100\n|move|p1b: \ud06c\ub77c\uc789\ub3c8|Flare Blitz|p2b: Iron Hands\n|-damage|p2b: Iron Hands|0 fnt\n|faint|p2b: Iron Hands\n|-end|p2b: Iron Hands|Quark Drive|[silent]\n|-damage|p1b: \ud06c\ub77c\uc789\ub3c8|29/100|[from] Recoil\n|\n|-weather|SunnyDay|[upkeep]\n|-sideend|p1: crabominable 740|move: Light Screen\n|upkeep\n|\n|t:|1771636835\n|switch|p2b: Torkoal|Torkoal, L50, M|100/100\n|turn|6\n|\n|t:|1771636844\n|-terastallize|p2b: Torkoal|Fire\n|move|p2b: Torkoal|Eruption|p1a: \uc6b0\ub8e8\ub098|[spread] p1a,p1b\n|-crit|p1a: \uc6b0\ub8e8\ub098\n|-resisted|p1b: \ud06c\ub77c\uc789\ub3c8\n|-damage|p1a: \uc6b0\ub8e8\ub098|0 fnt\n|-damage|p1b: \ud06c\ub77c\uc789\ub3c8|0 fnt\n|faint|p1a: \uc6b0\ub8e8\ub098\n|faint|p1b: \ud06c\ub77c\uc789\ub3c8\n|\n|win|Coreydfgh\n|raw|crabominable 740's rating: 1318 &rarr; <strong>1306</strong><br />(-12 for losing)\n|raw|Coreydfgh's rating: 1455 &rarr; <strong>1467</strong><br />(+12 for winning)\n|l|\u2606crabominable 740\n|player|p1|\n|l|\u2606Coreydfgh\n|player|p2|\n","uploadtime":1771636986,"views":13,"formatid":"gen9vgc2026regi","rating":1306,"private":0,"password":null}