{"id":"gen9vgc2026regi-2576509613","format":"[Gen 9] VGC 2026 Reg I","players":["Leu_vgc","Mirthinion"],"log":"|j|\u2606Leu_vgc\n|j|\u2606Mirthinion\n|t:|1775483023\n|gametype|doubles\n|player|p1|Leu_vgc|acetrainer|1373\n|player|p2|Mirthinion|janitor|1526\n|gen|9\n|tier|[Gen 9] VGC 2026 Reg I\n|rated|\n|rule|Species Clause: Limit one of each Pok\u00e9mon\n|rule|Item Clause: Limit 1 of each item\n|clearpoke\n|poke|p1|Miraidon, L50|\n|poke|p1|Terapagos, L50, M|\n|poke|p1|Ogerpon-Hearthflame, L50, F|\n|poke|p1|Iron Hands, L50|\n|poke|p1|Chien-Pao, L50|\n|poke|p1|Flutter Mane, L50|\n|poke|p2|Calyrex-Shadow, L50|\n|poke|p2|Zamazenta-*, L50|\n|poke|p2|Urshifu-*, L50, M|\n|poke|p2|Incineroar, L50, M|\n|poke|p2|Rillaboom, L50, M|\n|poke|p2|Tornadus, L50, M|\n|teampreview|4\n|inactive|Battle timer is ON: inactive players will automatically lose when time's up. (requested by Mirthinion)\nMirthinion rejected open team sheets.\n|inactive|Leu_vgc has 60 seconds left.\n|\n|t:|1775483058\n|teamsize|p1|4\n|teamsize|p2|4\n|start\n|switch|p1a: Miraidon|Miraidon, L50|100/100\n|switch|p1b: Terapagos|Terapagos, L50, M|100/100\n|switch|p2a: Hoplite|Rillaboom, L50, M|100/100\n|switch|p2b: Drambor|Zamazenta-Crowned, L50|100/100\n|-activate|p1b: Terapagos|ability: Tera Shift\n|detailschange|p1b: Terapagos|Terapagos-Terastal, L50, M\n|-heal|p1b: Terapagos|100/100|[silent]\n|-fieldstart|move: Electric Terrain|[from] ability: Hadron Engine|[of] p1a: Miraidon\n|-enditem|p1b: Terapagos|Electric Seed\n|-boost|p1b: Terapagos|def|1|[from] item: Electric Seed\n|-ability|p2b: Drambor|Dauntless Shield|boost\n|-boost|p2b: Drambor|def|1\n|-fieldstart|move: Grassy Terrain|[from] ability: Grassy Surge|[of] p2a: Hoplite\n|turn|1\n|inactive|Mirthinion has 30 seconds left.\n|\n|t:|1775483084\n|switch|p1a: Ogerpon|Ogerpon-Hearthflame, L50, F|100/100\n|-ability|p1a: Ogerpon|Mold Breaker\n|move|p1b: Terapagos|Protect|p1b: Terapagos\n|-singleturn|p1b: Terapagos|Protect\n|move|p2a: Hoplite|Fake Out|p1b: Terapagos\n|-activate|p1b: Terapagos|move: Protect\n|move|p2b: Drambor|Body Press|p1b: Terapagos\n|-activate|p1b: Terapagos|move: Protect\n|\n|upkeep\n|turn|2\n|inactive|Mirthinion has 30 seconds left.\n|inactive|Mirthinion has 20 seconds left.\n|\n|t:|1775483122\n|move|p2b: Drambor|Body Press|p1a: Ogerpon\n|-damage|p1a: Ogerpon|21/100\n|move|p1a: Ogerpon|Ivy Cudgel|p2a: Hoplite|[anim] Ivy Cudgel Fire\n|-supereffective|p2a: Hoplite\n|-damage|p2a: Hoplite|0 fnt\n|faint|p2a: Hoplite\n|move|p1b: Terapagos|Calm Mind|p1b: Terapagos\n|-boost|p1b: Terapagos|spa|1\n|-boost|p1b: Terapagos|spd|1\n|\n|-heal|p1a: Ogerpon|26/100|[from] Grassy Terrain\n|upkeep\n|\n|t:|1775483132\n|switch|p2a: Mithrandir|Calyrex-Shadow, L50|100/100\n|-ability|p2a: Mithrandir|As One\n|-ability|p2a: Mithrandir|Unnerve\n|turn|3\n|\n|t:|1775483148\n|-terastallize|p1b: Terapagos|Stellar\n|detailschange|p1b: Terapagos|Terapagos-Stellar, L50, M, tera:Stellar\n|-heal|p1b: Terapagos|100/100|[silent]\n|-ability|p1b: Terapagos|Teraform Zero\n|-fieldend|move: Grassy Terrain\n|move|p1a: Ogerpon|Follow Me|p1a: Ogerpon\n|-singleturn|p1a: Ogerpon|move: Follow Me\n|move|p2a: Mithrandir|Astral Barrage|p1a: Ogerpon|[spread] p1a\n|-immune|p1b: Terapagos\n|-damage|p1a: Ogerpon|0 fnt\n|faint|p1a: Ogerpon\n|-ability|p2a: Mithrandir|Grim Neigh|boost\n|-boost|p2a: Mithrandir|spa|1\n|move|p2b: Drambor|Body Press|p1b: Terapagos\n|-supereffective|p1b: Terapagos\n|-damage|p1b: Terapagos|49/100\n|move|p1b: Terapagos|Earth Power|p2b: Drambor\n|-supereffective|p2b: Drambor\n|-damage|p2b: Drambor|15/100\n|\n|upkeep\n|\n|t:|1775483157\n|switch|p1a: Miraidon|Miraidon, L50|100/100\n|-fieldstart|move: Electric Terrain|[from] ability: Hadron Engine|[of] p1a: Miraidon\n|turn|4\n|\n|t:|1775483179\n|move|p1a: Miraidon|Electro Drift|p2a: Mithrandir\n|-damage|p2a: Mithrandir|3/100\n|move|p2a: Mithrandir|Astral Barrage|p1b: Terapagos|[spread] p1a\n|-immune|p1b: Terapagos\n|-damage|p1a: Miraidon|42/100\n|move|p2b: Drambor|Body Press|p1b: Terapagos\n|-supereffective|p1b: Terapagos\n|-damage|p1b: Terapagos|1/100\n|move|p1b: Terapagos|Tera Starstorm|p2a: Mithrandir|[spread] p2a,p2b\n|-damage|p2a: Mithrandir|0 fnt\n|-damage|p2b: Drambor|0 fnt\n|faint|p2a: Mithrandir\n|faint|p2b: Drambor\n|\n|upkeep\n|\n|t:|1775483195\n|switch|p2a: Beowulf|Urshifu-Rapid-Strike, L50, M|100/100\n|turn|5\n|\n|t:|1775483200\n|move|p2a: Beowulf|Aqua Jet|p1b: Terapagos\n|-damage|p1b: Terapagos|0 fnt\n|faint|p1b: Terapagos\n|detailschange|p1: Terapagos|Terapagos, L50, M|[silent]\n|move|p1a: Miraidon|Electro Drift|p2a: Beowulf\n|-supereffective|p2a: Beowulf\n|-damage|p2a: Beowulf|0 fnt\n|faint|p2a: Beowulf\n|\n|win|Leu_vgc\n|raw|Leu_vgc's rating: 1373 &rarr; <strong>1401</strong><br />(+28 for winning)\n|raw|Mirthinion's rating: 1526 &rarr; <strong>1498</strong><br />(-28 for losing)\n|c|\u2606Leu_vgc|gg wp\n|c|\u2606Mirthinion|ggf wp\n","uploadtime":1775483212,"views":45,"formatid":"gen9vgc2026regi","rating":1401,"private":0,"password":null}