{"id":"gen9vgc2026regi-2578898049","format":"[Gen 9] VGC 2026 Reg I","players":["Sheevp","Luca8"],"log":"|j|\u2606Sheevp\n|j|\u2606Luca8\n|t:|1775733899\n|gametype|doubles\n|player|p1|Sheevp|102|1466\n|player|p2|Luca8|flint|1456\n|gen|9\n|tier|[Gen 9] VGC 2026 Reg I\n|rated|\n|rule|Species Clause: Limit one of each Pok\u00e9mon\n|rule|Item Clause: Limit 1 of each item\n|clearpoke\n|poke|p1|Miraidon, L50|\n|poke|p1|Okidogi, L50, M|\n|poke|p1|Lunala, L50|\n|poke|p1|Iron Bundle, L50|\n|poke|p1|Ursaluna, L50, M|\n|poke|p1|Ogerpon-Cornerstone, L50, F|\n|poke|p2|Zamazenta-*, L50|\n|poke|p2|Calyrex-Shadow, L50|\n|poke|p2|Indeedee-F, L50, F|\n|poke|p2|Torkoal, L50, M|\n|poke|p2|Fezandipiti, L50, M|\n|poke|p2|Pelipper, L50, M|\n|teampreview|4\n|\n|t:|1775733916\n|teamsize|p1|4\n|teamsize|p2|4\n|start\n|switch|p1a: Iron Bundle|Iron Bundle, L50|100/100\n|switch|p1b: Miraidon|Miraidon, L50|100/100\n|switch|p2a: Fezandipiti|Fezandipiti, L50, M|100/100\n|switch|p2b: Zamazenta|Zamazenta-Crowned, L50|100/100\n|-fieldstart|move: Electric Terrain|[from] ability: Hadron Engine|[of] p1b: Miraidon\n|-activate|p1a: Iron Bundle|ability: Quark Drive\n|-start|p1a: Iron Bundle|quarkdrivespe\n|-ability|p2b: Zamazenta|Dauntless Shield|boost\n|-boost|p2b: Zamazenta|def|1\n|turn|1\n|\n|t:|1775733958\n|switch|p2a: Indeedee|Indeedee-F, L50, F|100/100\n|-fieldstart|move: Psychic Terrain|[from] ability: Psychic Surge|[of] p2a: Indeedee\n|-end|p1a: Iron Bundle|Quark Drive\n|-terastallize|p1b: Miraidon|Electric\n|move|p1a: Iron Bundle|Icy Wind|p2b: Zamazenta|[spread] p2a,p2b\n|-resisted|p2b: Zamazenta\n|-damage|p2a: Indeedee|81/100\n|-damage|p2b: Zamazenta|94/100\n|-unboost|p2a: Indeedee|spe|1\n|-unboost|p2b: Zamazenta|spe|1\n|move|p1b: Miraidon|Electro Drift|p2b: Zamazenta\n|-damage|p2b: Zamazenta|37/100\n|-damage|p1b: Miraidon|91/100|[from] item: Life Orb\n|move|p2b: Zamazenta|Body Press|p1a: Iron Bundle\n|-supereffective|p1a: Iron Bundle\n|-enditem|p1a: Iron Bundle|Focus Sash\n|-damage|p1a: Iron Bundle|1/100\n|\n|upkeep\n|turn|2\n|\n|t:|1775733992\n|move|p1a: Iron Bundle|Protect|p1a: Iron Bundle\n|-singleturn|p1a: Iron Bundle|Protect\n|move|p2b: Zamazenta|Protect|p2b: Zamazenta\n|-singleturn|p2b: Zamazenta|Protect\n|move|p1b: Miraidon|Volt Switch|p2b: Zamazenta\n|-activate|p2b: Zamazenta|move: Protect\n|move|p2a: Indeedee|Psychic|p1a: Iron Bundle\n|-activate|p1a: Iron Bundle|move: Protect\n|\n|upkeep\n|turn|3\n|inactive|Battle timer is ON: inactive players will automatically lose when time's up. (requested by Sheevp)\n|\n|t:|1775734014\n|switch|p2b: Fezandipiti|Fezandipiti, L50, M|100/100\n|move|p1a: Iron Bundle|Encore||[still]\n|-fail|p1a: Iron Bundle\n|move|p1b: Miraidon|Volt Switch|p2b: Fezandipiti\n|-damage|p2b: Fezandipiti|50/100\n|-damage|p1b: Miraidon|81/100|[from] item: Life Orb\n|\n|t:|1775734022\n|switch|p1b: Lunala|Lunala, L50|100/100|[from] Volt Switch\n|move|p2a: Indeedee|Psychic|p1a: Iron Bundle\n|-damage|p1a: Iron Bundle|0 fnt\n|faint|p1a: Iron Bundle\n|-end|p1a: Iron Bundle|Quark Drive|[silent]\n|\n|upkeep\n|\n|t:|1775734029\n|switch|p1a: Miraidon|Miraidon, L50, tera:Electric|81/100\n|-fieldstart|move: Electric Terrain|[from] ability: Hadron Engine|[of] p1a: Miraidon\n|-enditem|p1b: Lunala|Electric Seed\n|-boost|p1b: Lunala|def|1|[from] item: Electric Seed\n|turn|4\n|\n|t:|1775734044\n|switch|p2a: Zamazenta|Zamazenta-Crowned, L50|37/100\n|move|p1a: Miraidon|Volt Switch|p2a: Zamazenta\n|-damage|p2a: Zamazenta|0 fnt\n|faint|p2a: Zamazenta\n|-damage|p1a: Miraidon|72/100|[from] item: Life Orb\n|\n|t:|1775734052\n|switch|p1a: Ursaluna|Ursaluna, L50, M|100/100|[from] Volt Switch\n|move|p2b: Fezandipiti|Icy Wind|p1b: Lunala|[spread] p1a,p1b\n|-supereffective|p1a: Ursaluna\n|-damage|p1a: Ursaluna|87/100\n|-damage|p1b: Lunala|98/100\n|-unboost|p1a: Ursaluna|spe|1\n|-unboost|p1b: Lunala|spe|1\n|-status|p1b: Lunala|tox|[from] ability: Toxic Chain|[of] p2b: Fezandipiti\n|move|p1b: Lunala|Trick Room|p1b: Lunala\n|-fieldstart|move: Trick Room|[of] p1b: Lunala\n|\n|-damage|p1b: Lunala|92/100 tox|[from] psn\n|-status|p1a: Ursaluna|brn|[from] item: Flame Orb\n|upkeep\n|\n|t:|1775734077\n|switch|p2a: Calyrex|Calyrex-Shadow, L50|100/100\n|-ability|p2a: Calyrex|As One\n|-ability|p2a: Calyrex|Unnerve\n|turn|5\n|\n|t:|1775734089\n|switch|p2b: Indeedee|Indeedee-F, L50, F|81/100\n|-fieldstart|move: Psychic Terrain|[from] ability: Psychic Surge|[of] p2b: Indeedee\n|-terastallize|p2a: Calyrex|Normal\n|move|p1b: Lunala|Wide Guard|p1b: Lunala\n|-singleturn|p1b: Lunala|Wide Guard\n|move|p1a: Ursaluna|Earthquake|p2b: Indeedee|[spread] p2a,p2b\n|-activate|p1b: Lunala|move: Wide Guard\n|-damage|p2a: Calyrex|25/100\n|-damage|p2b: Indeedee|8/100\n|move|p2a: Calyrex|Expanding Force|p1a: Ursaluna|[spread] \n|-activate|p1a: Ursaluna|move: Wide Guard\n|-activate|p1b: Lunala|move: Wide Guard\n|\n|-damage|p1b: Lunala|81/100 tox|[from] psn\n|-damage|p1a: Ursaluna|81/100 brn|[from] brn\n|upkeep\n|turn|6\n|\n|t:|1775734111\n|move|p2a: Calyrex|Protect|p2a: Calyrex\n|-singleturn|p2a: Calyrex|Protect\n|move|p1b: Lunala|Wide Guard|p1b: Lunala\n|-singleturn|p1b: Lunala|Wide Guard\n|move|p1a: Ursaluna|Earthquake|p2a: Calyrex|[spread] p2b\n|-activate|p1b: Lunala|move: Wide Guard\n|-activate|p2a: Calyrex|move: Protect\n|-damage|p2b: Indeedee|0 fnt\n|faint|p2b: Indeedee\n|\n|-damage|p1b: Lunala|63/100 tox|[from] psn\n|-damage|p1a: Ursaluna|75/100 brn|[from] brn\n|upkeep\n|-message|Luca8 forfeited.\n|\n|win|Sheevp\n|raw|Sheevp's rating: 1466 &rarr; <strong>1485</strong><br />(+19 for winning)\n|raw|Luca8's rating: 1456 &rarr; <strong>1437</strong><br />(-19 for losing)\n|l|\u2606Luca8\n|player|p2|\n|l|\u2606Sheevp\n|player|p1|\n","uploadtime":1775734368,"views":8,"formatid":"gen9vgc2026regi","rating":1437,"private":0,"password":null}