{"id":"gen9vgc2026regi-2544693070","format":"[Gen 9] VGC 2026 Reg I","players":["StellarDevil","lalo's pollos"],"log":"|j|\u2606StellarDevil\n|j|\u2606lalo's pollos\n|t:|1771740624\n|gametype|doubles\n|player|p1|StellarDevil|dawn-gen4pt|1456\n|player|p2|lalo's pollos|265|1528\n|gen|9\n|tier|[Gen 9] VGC 2026 Reg I\n|rated|\n|rule|Species Clause: Limit one of each Pok\u00e9mon\n|rule|Item Clause: Limit 1 of each item\n|clearpoke\n|poke|p1|Calyrex-Ice, L50|\n|poke|p1|Miraidon, L50|\n|poke|p1|Whimsicott, L50, F|\n|poke|p1|Farigiraf, L50, F|\n|poke|p1|Urshifu-*, L50, M|\n|poke|p1|Ogerpon-Hearthflame, L50, F|\n|poke|p2|Zamazenta-*, L50|\n|poke|p2|Lunala, L50|\n|poke|p2|Rillaboom, L50, M|\n|poke|p2|Incineroar, L50, M|\n|poke|p2|Urshifu-*, L50, F|\n|poke|p2|Tornadus, L50, M|\n|teampreview|4\n|inactive|Battle timer is ON: inactive players will automatically lose when time's up. (requested by StellarDevil)\n|\n|t:|1771740687\n|teamsize|p1|4\n|teamsize|p2|4\n|start\n|switch|p1a: Calyrex|Calyrex-Ice, L50|100/100\n|switch|p1b: Whimsicott|Whimsicott, L50, F|100/100\n|switch|p2a: Lunala|Lunala, L50|100/100\n|switch|p2b: Rillaboom|Rillaboom, L50, M|100/100\n|-ability|p1a: Calyrex|As One\n|-ability|p1a: Calyrex|Unnerve\n|-fieldstart|move: Grassy Terrain|[from] ability: Grassy Surge|[of] p2b: Rillaboom\n|turn|1\n|\n|t:|1771740701\n|move|p1a: Calyrex|Protect|p1a: Calyrex\n|-singleturn|p1a: Calyrex|Protect\n|move|p1b: Whimsicott|Light Screen|p1b: Whimsicott\n|-sidestart|p1: StellarDevil|move: Light Screen\n|move|p2a: Lunala|Calm Mind|p2a: Lunala\n|-boost|p2a: Lunala|spa|1\n|-boost|p2a: Lunala|spd|1\n|move|p2b: Rillaboom|U-turn|p1a: Calyrex\n|-activate|p1a: Calyrex|move: Protect\n|\n|upkeep\n|turn|2\n|\n|t:|1771740721\n|-terastallize|p1a: Calyrex|Fire\n|move|p2a: Lunala|Protect|p2a: Lunala\n|-singleturn|p2a: Lunala|Protect\n|move|p1b: Whimsicott|Encore|p2a: Lunala\n|-activate|p2a: Lunala|move: Protect\n|move|p2b: Rillaboom|U-turn|p1a: Calyrex\n|-resisted|p1a: Calyrex\n|-damage|p1a: Calyrex|94/100\n|\n|t:|1771740733\n|switch|p2b: Zamazenta|Zamazenta-Crowned, L50|100/100|[from] U-turn\n|-ability|p2b: Zamazenta|Dauntless Shield|boost\n|-boost|p2b: Zamazenta|def|1\n|move|p1a: Calyrex|Glacial Lance|p2a: Lunala|[spread] p2b\n|-activate|p2a: Lunala|move: Protect\n|-resisted|p2b: Zamazenta\n|-damage|p2b: Zamazenta|89/100\n|\n|-heal|p2b: Zamazenta|95/100|[from] Grassy Terrain\n|-heal|p1a: Calyrex|99/100|[from] Grassy Terrain\n|upkeep\n|turn|3\n|inactive|StellarDevil has 30 seconds left.\n|\n|t:|1771740767\n|move|p1a: Calyrex|Protect|p1a: Calyrex\n|-singleturn|p1a: Calyrex|Protect\n|move|p1b: Whimsicott|Encore|p2a: Lunala\n|-start|p2a: Lunala|Encore\n|move|p2b: Zamazenta|Heavy Slam|p1b: Whimsicott\n|-supereffective|p1b: Whimsicott\n|-damage|p1b: Whimsicott|0 fnt\n|faint|p1b: Whimsicott\n|move|p2a: Lunala|Protect||[still]\n|-fail|p2a: Lunala\n|\n|-heal|p2b: Zamazenta|100/100|[from] Grassy Terrain\n|-heal|p1a: Calyrex|100/100|[from] Grassy Terrain\n|upkeep\n|\n|t:|1771740778\n|switch|p1b: Ogerpon|Ogerpon-Hearthflame, L50, F|100/100\n|-ability|p1b: Ogerpon|Mold Breaker\n|turn|4\n|\n|t:|1771740789\n|switch|p2a: Incineroar|Incineroar, L50, M|100/100\n|-ability|p2a: Incineroar|Intimidate|boost\n|-fail|p1a: Calyrex|unboost|[from] item: Clear Amulet|[of] p1a: Calyrex\n|-unboost|p1b: Ogerpon|atk|1\n|-terastallize|p2b: Zamazenta|Water\n|move|p2b: Zamazenta|Body Press|p1b: Ogerpon\n|-damage|p1b: Ogerpon|4/100\n|move|p1b: Ogerpon|Knock Off|p2a: Incineroar\n|-resisted|p2a: Incineroar\n|-damage|p2a: Incineroar|88/100\n|-enditem|p2a: Incineroar|Safety Goggles|[from] move: Knock Off|[of] p1b: Ogerpon\n|move|p1a: Calyrex|High Horsepower|p2b: Zamazenta\n|-damage|p2b: Zamazenta|84/100\n|\n|-heal|p2b: Zamazenta|90/100|[from] Grassy Terrain\n|-heal|p1b: Ogerpon|9/100|[from] Grassy Terrain\n|-heal|p2a: Incineroar|94/100|[from] Grassy Terrain\n|upkeep\n|turn|5\n|inactive|StellarDevil has 30 seconds left.\n|\n|t:|1771740820\n|switch|p1a: Miraidon|Miraidon, L50|100/100\n|-fieldstart|move: Electric Terrain|[from] ability: Hadron Engine|[of] p1a: Miraidon\n|move|p1b: Ogerpon|Spiky Shield|p1b: Ogerpon\n|-singleturn|p1b: Ogerpon|move: Protect\n|move|p2a: Incineroar|Fake Out|p1b: Ogerpon\n|-activate|p1b: Ogerpon|move: Protect\n|-damage|p2a: Incineroar|82/100|[from] Spiky Shield|[of] p1b: Ogerpon\n|move|p2b: Zamazenta|Body Press|p1a: Miraidon\n|-damage|p1a: Miraidon|23/100\n|\n|-sideend|p1: StellarDevil|move: Light Screen\n|upkeep\n|turn|6\n|inactive|StellarDevil has 30 seconds left.\n|\n|t:|1771740847\n|switch|p1b: Calyrex|Calyrex-Ice, L50, tera:Fire|100/100\n|-ability|p1b: Calyrex|As One\n|-ability|p1b: Calyrex|Unnerve\n|move|p2b: Zamazenta|Protect|p2b: Zamazenta\n|-singleturn|p2b: Zamazenta|Protect\n|move|p1a: Miraidon|Draco Meteor|p2b: Zamazenta\n|-activate|p2b: Zamazenta|move: Protect\n|move|p2a: Incineroar|Parting Shot|p1a: Miraidon\n|-unboost|p1a: Miraidon|atk|1\n|-unboost|p1a: Miraidon|spa|1\n|\n|t:|1771740860\n|switch|p2a: Rillaboom|Rillaboom, L50, M|100/100|[from] Parting Shot\n|-fieldstart|move: Grassy Terrain|[from] ability: Grassy Surge|[of] p2a: Rillaboom\n|\n|-heal|p1a: Miraidon|28/100|[from] Grassy Terrain\n|-heal|p2b: Zamazenta|97/100|[from] Grassy Terrain\n|upkeep\n|turn|7\n|\n|t:|1771740875\n|move|p2a: Rillaboom|Fake Out|p1b: Calyrex\n|-damage|p1b: Calyrex|92/100\n|move|p1a: Miraidon|Draco Meteor|p2b: Zamazenta\n|-damage|p2b: Zamazenta|47/100\n|-unboost|p1a: Miraidon|spa|2\n|move|p2b: Zamazenta|Body Press|p1a: Miraidon\n|-damage|p1a: Miraidon|0 fnt\n|faint|p1a: Miraidon\n|cant|p1b: Calyrex|flinch\n|\n|-heal|p2b: Zamazenta|54/100|[from] Grassy Terrain\n|-heal|p1b: Calyrex|98/100|[from] Grassy Terrain\n|upkeep\n|\n|t:|1771740882\n|switch|p1a: Ogerpon|Ogerpon-Hearthflame, L50, F|9/100\n|-ability|p1a: Ogerpon|Mold Breaker\n|turn|8\n|\n|t:|1771740889\n|switch|p2a: Incineroar|Incineroar, L50, M|82/100\n|-ability|p2a: Incineroar|Intimidate|boost\n|-unboost|p1a: Ogerpon|atk|1\n|-fail|p1b: Calyrex|unboost|[from] item: Clear Amulet|[of] p1b: Calyrex\n|move|p2b: Zamazenta|Protect|p2b: Zamazenta\n|-singleturn|p2b: Zamazenta|Protect\n|move|p1a: Ogerpon|Horn Leech|p2b: Zamazenta\n|-activate|p2b: Zamazenta|move: Protect\n|move|p1b: Calyrex|Glacial Lance|p2a: Incineroar|[spread] p2a\n|-activate|p2b: Zamazenta|move: Protect\n|-resisted|p2a: Incineroar\n|-damage|p2a: Incineroar|57/100\n|\n|-heal|p2b: Zamazenta|60/100|[from] Grassy Terrain\n|-heal|p1a: Ogerpon|15/100|[from] Grassy Terrain\n|-heal|p1b: Calyrex|100/100|[from] Grassy Terrain\n|-heal|p2a: Incineroar|63/100|[from] Grassy Terrain\n|upkeep\n|turn|9\n|\n|t:|1771740902\n|move|p2a: Incineroar|Fake Out|p1a: Ogerpon\n|-damage|p1a: Ogerpon|2/100\n|move|p2b: Zamazenta|Body Press|p1b: Calyrex\n|-damage|p1b: Calyrex|49/100\n|cant|p1a: Ogerpon|flinch\n|move|p1b: Calyrex|High Horsepower|p2a: Incineroar\n|-supereffective|p2a: Incineroar\n|-damage|p2a: Incineroar|0 fnt\n|faint|p2a: Incineroar\n|-ability|p1b: Calyrex|Chilling Neigh|boost\n|-boost|p1b: Calyrex|atk|1\n|\n|-heal|p2b: Zamazenta|66/100|[from] Grassy Terrain\n|-heal|p1a: Ogerpon|8/100|[from] Grassy Terrain\n|-heal|p1b: Calyrex|56/100|[from] Grassy Terrain\n|upkeep\n|\n|t:|1771740913\n|switch|p2a: Lunala|Lunala, L50|100/100\n|turn|10\n|\n|t:|1771740925\n|move|p2b: Zamazenta|Wide Guard|p2b: Zamazenta\n|-singleturn|p2b: Zamazenta|Wide Guard\n|move|p1a: Ogerpon|Knock Off|p2a: Lunala\n|-supereffective|p2a: Lunala\n|-damage|p2a: Lunala|52/100\n|-enditem|p2a: Lunala|Leftovers|[from] move: Knock Off|[of] p1a: Ogerpon\n|move|p2a: Lunala|Moongeist Beam|p1a: Ogerpon\n|-damage|p1a: Ogerpon|0 fnt\n|faint|p1a: Ogerpon\n|move|p1b: Calyrex|High Horsepower|p2b: Zamazenta\n|-damage|p2b: Zamazenta|42/100\n|\n|-heal|p2b: Zamazenta|48/100|[from] Grassy Terrain\n|-heal|p2a: Lunala|58/100|[from] Grassy Terrain\n|-heal|p1b: Calyrex|62/100|[from] Grassy Terrain\n|-fieldend|move: Grassy Terrain\n|upkeep\n|turn|11\n|\n|t:|1771740943\n|move|p2b: Zamazenta|Body Press|p1b: Calyrex\n|-damage|p1b: Calyrex|12/100\n|move|p2a: Lunala|Moongeist Beam|p1b: Calyrex\n|-damage|p1b: Calyrex|0 fnt\n|faint|p1b: Calyrex\n|\n|win|lalo's pollos\n|raw|StellarDevil's rating: 1456 &rarr; <strong>1440</strong><br />(-16 for losing)\n|raw|lalo&apos;s pollos's rating: 1528 &rarr; <strong>1544</strong><br />(+16 for winning)\n|l|\u2606StellarDevil\n|player|p1|\n","uploadtime":1771741211,"views":16,"formatid":"gen9vgc2026regi","rating":1440,"private":0,"password":null}