{"id":"gen9vgc2026regi-2589725810","format":"[Gen 9] VGC 2026 Reg I","players":["Almosttruenoglaca","Glaceon_1740"],"log":"|j|\u2606Almosttruenoglaca\n|j|\u203dGlaceon_1740\n|t:|1776752345\n|gametype|doubles\n|player|p1|Almosttruenoglaca|101|1296\n|player|p2|Glaceon_1740|dawn-gen4pt|1443\n|gen|9\n|tier|[Gen 9] VGC 2026 Reg I\n|rated|\n|rule|Species Clause: Limit one of each Pok\u00e9mon\n|rule|Item Clause: Limit 1 of each item\n|clearpoke\n|poke|p1|Ninetales-Alola, L50, F|\n|poke|p1|Calyrex-Shadow, L50|\n|poke|p1|Ho-Oh, L50|\n|poke|p1|Ogerpon-Wellspring, L50, F|\n|poke|p1|Kingambit, L50, M|\n|poke|p1|Sandy Shocks, L50|\n|poke|p2|Meowscarada, L50, F|\n|poke|p2|Murkrow, L50, M|\n|poke|p2|Kyogre, L50|\n|poke|p2|Zacian-*, L50|\n|poke|p2|Incineroar, L50, F|\n|poke|p2|Rillaboom, L50, F|\n|teampreview|4\n|inactive|Battle timer is ON: inactive players will automatically lose when time's up. (requested by Glaceon_1740)\n|\n|t:|1776752364\n|teamsize|p1|4\n|teamsize|p2|4\n|start\n|switch|p1a: Kingambit|Kingambit, L50, M|100/100\n|switch|p1b: Calyrex|Calyrex-Shadow, L50|100/100\n|switch|p2a: Meowscarada|Meowscarada, L50, F|100/100\n|switch|p2b: Kyogre|Kyogre, L50|100/100\n|-ability|p1b: Calyrex|As One\n|-ability|p1b: Calyrex|Unnerve\n|-weather|RainDance|[from] ability: Drizzle|[of] p2b: Kyogre\n|turn|1\n|\n|t:|1776752378\n|move|p1b: Calyrex|Protect|p1b: Calyrex\n|-singleturn|p1b: Calyrex|Protect\n|move|p2b: Kyogre|Protect|p2b: Kyogre\n|-singleturn|p2b: Kyogre|Protect\n|move|p1a: Kingambit|Sucker Punch||[still]\n|-fail|p1a: Kingambit\n|move|p2a: Meowscarada|U-turn|p1b: Calyrex\n|-start|p2a: Meowscarada|typechange|Bug|[from] ability: Protean\n|-activate|p1b: Calyrex|move: Protect\n|\n|-weather|RainDance|[upkeep]\n|upkeep\n|turn|2\n|\n|t:|1776752400\n|switch|p2b: Murkrow|Murkrow, L50, M, shiny|100/100\n|move|p1a: Kingambit|Sucker Punch|p2a: Meowscarada\n|-damage|p2a: Meowscarada|23/100\n|-damage|p1a: Kingambit|91/100|[from] item: Life Orb\n|move|p2a: Meowscarada|U-turn|p1b: Calyrex\n|-damage|p1b: Calyrex|59/100\n|\n|t:|1776752410\n|switch|p2a: Zacian|Zacian-Crowned, L50|100/100|[from] U-turn\n|-ability|p2a: Zacian|Intrepid Sword|boost\n|-boost|p2a: Zacian|atk|1\n|move|p1b: Calyrex|Astral Barrage|p2a: Zacian|[spread] p2a,p2b\n|-resisted|p2b: Murkrow\n|-damage|p2a: Zacian|50/100\n|-damage|p2b: Murkrow|66/100\n|\n|-weather|RainDance|[upkeep]\n|upkeep\n|turn|3\n|\n|t:|1776752433\n|move|p1b: Calyrex|Astral Barrage|p2a: Zacian|[spread] p2a,p2b\n|-resisted|p2b: Murkrow\n|-damage|p2a: Zacian|3/100\n|-damage|p2b: Murkrow|32/100\n|move|p2a: Zacian|Play Rough|p1a: Kingambit\n|-damage|p1a: Kingambit|31/100\n|move|p2b: Murkrow|Foul Play|p1b: Calyrex\n|-supereffective|p1b: Calyrex\n|-damage|p1b: Calyrex|0 fnt\n|faint|p1b: Calyrex\n|move|p1a: Kingambit|Iron Head|p2a: Zacian\n|-damage|p2a: Zacian|0 fnt\n|faint|p2a: Zacian\n|-damage|p1a: Kingambit|22/100|[from] item: Life Orb\n|\n|-weather|RainDance|[upkeep]\n|upkeep\n|\n|t:|1776752453\n|switch|p1b: Ho-Oh|Ho-Oh, L50|100/100\n|switch|p2a: Kyogre|Kyogre, L50|100/100\n|turn|4\n|inactive|Almosttruenoglaca has 30 seconds left.\n|\n|t:|1776752486\n|-terastallize|p1b: Ho-Oh|Grass\n|move|p2b: Murkrow|Tailwind|p2b: Murkrow\n|-sidestart|p2: Glaceon_1740|move: Tailwind\n|move|p1a: Kingambit|Sucker Punch|p2a: Kyogre\n|-damage|p2a: Kyogre|62/100\n|-damage|p1a: Kingambit|12/100|[from] item: Life Orb\n|move|p2a: Kyogre|Water Spout|p1a: Kingambit|[spread] p1a,p1b\n|-resisted|p1b: Ho-Oh\n|-damage|p1a: Kingambit|0 fnt\n|-damage|p1b: Ho-Oh|88/100\n|faint|p1a: Kingambit\n|move|p1b: Ho-Oh|Sacred Fire|p2b: Murkrow|[miss]\n|-miss|p1b: Ho-Oh|p2b: Murkrow\n|\n|-weather|RainDance|[upkeep]\n|upkeep\n|\n|t:|1776752500\n|switch|p1a: Ninetales|Ninetales-Alola, L50, F|100/100\n|-weather|Snowscape|[from] ability: Snow Warning|[of] p1a: Ninetales\n|turn|5\n|inactive|Glaceon_1740 has 30 seconds left.\n|\n|t:|1776752526\n|move|p2b: Murkrow|Rain Dance|p2b: Murkrow\n|-weather|RainDance\n|move|p2a: Kyogre|Origin Pulse|p1b: Ho-Oh|[spread] p1a,p1b\n|-resisted|p1b: Ho-Oh\n|-damage|p1a: Ninetales|29/100\n|-damage|p1b: Ho-Oh|73/100\n|move|p1a: Ninetales|Dazzling Gleam|p2a: Kyogre|[spread] p2a,p2b\n|-supereffective|p2b: Murkrow\n|-damage|p2a: Kyogre|50/100\n|-damage|p2b: Murkrow|0 fnt\n|faint|p2b: Murkrow\n|move|p1b: Ho-Oh|Tera Blast|p2a: Kyogre|[anim] Tera Blast Grass\n|-supereffective|p2a: Kyogre\n|-crit|p2a: Kyogre\n|-damage|p2a: Kyogre|0 fnt\n|faint|p2a: Kyogre\n|\n|-weather|RainDance|[upkeep]\n|upkeep\n|\n|t:|1776752543\n|switch|p2b: Meowscarada|Meowscarada, L50, F|23/100\n|turn|6\n|\n|t:|1776752550\n|move|p2b: Meowscarada|Triple Axel|p1b: Ho-Oh\n|-start|p2b: Meowscarada|typechange|Ice|[from] ability: Protean\n|-supereffective|p1b: Ho-Oh\n|-damage|p1b: Ho-Oh|50/100\n|-hitcount|p1b: Ho-Oh|1\n|move|p1a: Ninetales|Weather Ball|p2b: Meowscarada\n|-damage|p2b: Meowscarada|0 fnt\n|faint|p2b: Meowscarada\n|\n|win|Almosttruenoglaca\n|raw|Almosttruenoglaca's rating: 1296 &rarr; <strong>1331</strong><br />(+35 for winning)\n|raw|Glaceon_1740's rating: 1443 &rarr; <strong>1415</strong><br />(-28 for losing)\n|l|\u2606Almosttruenoglaca\n|player|p1|\n|l|\u203dGlaceon_1740\n|player|p2|\n","uploadtime":1776752802,"views":7,"formatid":"gen9vgc2026regi","rating":1331,"private":0,"password":null}