{"id":"gen9vgc2026regi-2531769862","format":"[Gen 9] VGC 2026 Reg I","players":["lalo's pollos","palhunter"],"log":"|j|\u2606lalo's pollos\n|j|\u2606palhunter\n|t:|1770095484\n|gametype|doubles\n|player|p1|lalo's pollos|2|1335\n|player|p2|palhunter|dawn|1507\n|gen|9\n|tier|[Gen 9] VGC 2026 Reg I\n|rated|\n|rule|Species Clause: Limit one of each Pok\u00e9mon\n|rule|Item Clause: Limit 1 of each item\n|clearpoke\n|poke|p1|Zamazenta-*, L50|\n|poke|p1|Lunala, L50|\n|poke|p1|Rillaboom, L50, M|\n|poke|p1|Incineroar, L50, M|\n|poke|p1|Urshifu-*, L50, F|\n|poke|p1|Tornadus, L50, M|\n|poke|p2|Miraidon, L50|\n|poke|p2|Amoonguss, L50, F|\n|poke|p2|Calyrex-Ice, L50|\n|poke|p2|Urshifu-*, L50, M|\n|poke|p2|Incineroar, L50, F|\n|poke|p2|Landorus, L50, M|\n|teampreview|4\n|inactive|Battle timer is ON: inactive players will automatically lose when time's up. (requested by palhunter)\n|\n|t:|1770095518\n|teamsize|p1|4\n|teamsize|p2|4\n|start\n|switch|p1a: Lunala|Lunala, L50|100/100\n|switch|p1b: Tornadus|Tornadus, L50, M|100/100\n|switch|p2a: Incineroar|Incineroar, L50, F, shiny|100/100\n|switch|p2b: Calyrex|Calyrex-Ice, L50|100/100\n|-ability|p2b: Calyrex|As One\n|-ability|p2b: Calyrex|Unnerve\n|-ability|p2a: Incineroar|Intimidate|boost\n|-unboost|p1a: Lunala|atk|1\n|-unboost|p1b: Tornadus|atk|1\n|turn|1\n|\n|t:|1770095535\n|switch|p2a: Amoonguss|Amoonguss, L50, F, shiny|100/100\n|move|p1a: Lunala|Protect|p1a: Lunala\n|-singleturn|p1a: Lunala|Protect\n|move|p1b: Tornadus|Bleakwind Storm|p2a: Amoonguss|[spread] p2a,p2b\n|-supereffective|p2a: Amoonguss\n|-damage|p2a: Amoonguss|45/100\n|-damage|p2b: Calyrex|75/100\n|move|p2b: Calyrex|Glacial Lance|p1a: Lunala|[spread] p1b\n|-activate|p1a: Lunala|move: Protect\n|-supereffective|p1b: Tornadus\n|-enditem|p1b: Tornadus|Focus Sash\n|-damage|p1b: Tornadus|1/100\n|\n|upkeep\n|turn|2\n|\n|t:|1770095557\n|switch|p2a: Incineroar|Incineroar, L50, F, shiny|100/100\n|-ability|p2a: Incineroar|Intimidate|boost\n|-unboost|p1a: Lunala|atk|1\n|-unboost|p1b: Tornadus|atk|1\n|-terastallize|p2b: Calyrex|Fire\n|move|p1b: Tornadus|Bleakwind Storm|p2b: Calyrex|[spread] p2a,p2b\n|-damage|p2a: Incineroar|79/100\n|-damage|p2b: Calyrex|52/100\n|move|p1a: Lunala|Moongeist Beam|p2b: Calyrex\n|-damage|p2b: Calyrex|18/100\n|move|p2b: Calyrex|Trick Room|p2b: Calyrex\n|-fieldstart|move: Trick Room|[of] p2b: Calyrex\n|\n|upkeep\n|turn|3\n|\n|t:|1770095575\n|switch|p1b: Zamazenta|Zamazenta-Crowned, L50|100/100\n|-ability|p1b: Zamazenta|Dauntless Shield|boost\n|-boost|p1b: Zamazenta|def|1\n|move|p1a: Lunala|Protect|p1a: Lunala\n|-singleturn|p1a: Lunala|Protect\n|move|p2b: Calyrex|Glacial Lance|p1b: Zamazenta|[spread] p1b\n|-activate|p1a: Lunala|move: Protect\n|-resisted|p1b: Zamazenta\n|-crit|p1b: Zamazenta\n|-damage|p1b: Zamazenta|77/100\n|move|p2a: Incineroar|Knock Off|p1a: Lunala\n|-activate|p1a: Lunala|move: Protect\n|\n|upkeep\n|turn|4\n|\n|t:|1770095591\n|-terastallize|p1a: Lunala|Fairy\n|move|p2b: Calyrex|Protect|p2b: Calyrex\n|-singleturn|p2b: Calyrex|Protect\n|move|p2a: Incineroar|U-turn|p1a: Lunala\n|-resisted|p1a: Lunala\n|-damage|p1a: Lunala|96/100\n|\n|t:|1770095598\n|switch|p2a: Amoonguss|Amoonguss, L50, F, shiny|78/100|[from] U-turn\n|move|p1a: Lunala|Moongeist Beam|p2b: Calyrex\n|-activate|p2b: Calyrex|move: Protect\n|move|p1b: Zamazenta|Body Press|p2a: Amoonguss\n|-resisted|p2a: Amoonguss\n|-damage|p2a: Amoonguss|45/100\n|-damage|p1b: Zamazenta|61/100|[from] item: Rocky Helmet|[of] p2a: Amoonguss\n|\n|-heal|p1a: Lunala|100/100|[from] item: Leftovers\n|upkeep\n|turn|5\n|\n|t:|1770095619\n|move|p2a: Amoonguss|Pollen Puff|p2b: Calyrex\n|-heal|p2b: Calyrex|68/100\n|move|p2b: Calyrex|High Horsepower|p1b: Zamazenta\n|-supereffective|p1b: Zamazenta\n|-damage|p1b: Zamazenta|30/100\n|move|p1a: Lunala|Moongeist Beam|p2b: Calyrex\n|-damage|p2b: Calyrex|31/100\n|move|p1b: Zamazenta|Body Press|p2b: Calyrex\n|-damage|p2b: Calyrex|0 fnt\n|faint|p2b: Calyrex\n|\n|upkeep\n|\n|t:|1770095637\n|switch|p2b: Incineroar|Incineroar, L50, F, shiny|79/100\n|-ability|p2b: Incineroar|Intimidate|boost\n|-unboost|p1a: Lunala|atk|1\n|-unboost|p1b: Zamazenta|atk|1\n|turn|6\n|\n|t:|1770095660\n|switch|p2a: Miraidon|Miraidon, L50|100/100\n|-fieldstart|move: Electric Terrain|[from] ability: Hadron Engine|[of] p2a: Miraidon\n|move|p1a: Lunala|Protect|p1a: Lunala\n|-singleturn|p1a: Lunala|Protect\n|move|p1b: Zamazenta|Protect|p1b: Zamazenta\n|-singleturn|p1b: Zamazenta|Protect\n|move|p2b: Incineroar|Flare Blitz|p1b: Zamazenta\n|-activate|p1b: Zamazenta|move: Protect\n|\n|-fieldend|move: Trick Room\n|upkeep\n|turn|7\n|inactive|palhunter has 30 seconds left.\n|inactive|palhunter has 20 seconds left.\n|inactive|palhunter has 15 seconds left.\n|\n|t:|1770095704\n|move|p2a: Miraidon|Volt Switch|p1b: Zamazenta\n|-damage|p1b: Zamazenta|0 fnt\n|faint|p1b: Zamazenta\n|\n|t:|1770095709\n|switch|p2a: Amoonguss|Amoonguss, L50, F, shiny|78/100|[from] Volt Switch\n|move|p1a: Lunala|Moonblast|p2a: Amoonguss\n|-resisted|p2a: Amoonguss\n|-damage|p2a: Amoonguss|58/100\n|move|p2b: Incineroar|Knock Off|p1a: Lunala\n|-resisted|p1a: Lunala\n|-damage|p1a: Lunala|92/100\n|-enditem|p1a: Lunala|Leftovers|[from] move: Knock Off|[of] p2b: Incineroar\n|\n|upkeep\n|\n|t:|1770095714\n|switch|p1b: Tornadus|Tornadus, L50, M|1/100\n|turn|8\n|\n|t:|1770095744\n|move|p2a: Amoonguss|Protect|p2a: Amoonguss\n|-singleturn|p2a: Amoonguss|Protect\n|move|p1b: Tornadus|Tailwind|p1b: Tornadus\n|-sidestart|p1: lalo's pollos|move: Tailwind\n|move|p1a: Lunala|Moongeist Beam|p2a: Amoonguss\n|-activate|p2a: Amoonguss|move: Protect\n|move|p2b: Incineroar|U-turn|p1b: Tornadus\n|-resisted|p1b: Tornadus\n|-damage|p1b: Tornadus|0 fnt\n|faint|p1b: Tornadus\n|\n|t:|1770095757\n|switch|p2b: Miraidon|Miraidon, L50|100/100|[from] U-turn\n|-activate|p2b: Miraidon|ability: Hadron Engine\n|\n|upkeep\n|\n|t:|1770095762\n|switch|p1b: Urshifu|Urshifu-Rapid-Strike, L50, F|100/100\n|turn|9\n|\n|t:|1770095778\n|move|p1b: Urshifu|Detect|p1b: Urshifu\n|-singleturn|p1b: Urshifu|Protect\n|move|p2a: Amoonguss|Rage Powder|p2a: Amoonguss\n|-singleturn|p2a: Amoonguss|move: Rage Powder\n|move|p1a: Lunala|Moongeist Beam|p2a: Amoonguss\n|-damage|p2a: Amoonguss|12/100\n|move|p2b: Miraidon|Electro Drift|p1a: Lunala\n|-damage|p1a: Lunala|22/100\n|\n|upkeep\n|turn|10\n|j| qwerikda\n|inactive|palhunter has 30 seconds left.\n|\n|t:|1770095811\n|move|p2a: Amoonguss|Rage Powder|p2a: Amoonguss\n|-singleturn|p2a: Amoonguss|move: Rage Powder\n|move|p1b: Urshifu|Close Combat|p2a: Amoonguss\n|-resisted|p2a: Amoonguss\n|-damage|p2a: Amoonguss|0 fnt\n|-unboost|p1b: Urshifu|def|1\n|-unboost|p1b: Urshifu|spd|1\n|-damage|p1b: Urshifu|84/100|[from] item: Rocky Helmet|[of] p2a: Amoonguss\n|faint|p2a: Amoonguss\n|move|p1a: Lunala|Moonblast|p2b: Miraidon\n|-supereffective|p2b: Miraidon\n|-damage|p2b: Miraidon|11/100\n|-unboost|p2b: Miraidon|spa|1\n|move|p2b: Miraidon|Electro Drift|p1a: Lunala\n|-damage|p1a: Lunala|0 fnt\n|faint|p1a: Lunala\n|\n|-fieldend|move: Electric Terrain\n|upkeep\n|\n|t:|1770095830\n|switch|p2a: Incineroar|Incineroar, L50, F, shiny|79/100\n|-ability|p2a: Incineroar|Intimidate|boost\n|-unboost|p1b: Urshifu|atk|1\n|turn|11\n|\n|t:|1770095836\n|move|p1b: Urshifu|Detect|p1b: Urshifu\n|-singleturn|p1b: Urshifu|Protect\n|move|p2a: Incineroar|Fake Out|p1b: Urshifu\n|-activate|p1b: Urshifu|move: Protect\n|move|p2b: Miraidon|Electro Drift|p1b: Urshifu\n|-activate|p1b: Urshifu|move: Protect\n|\n|-sideend|p1: lalo's pollos|move: Tailwind\n|upkeep\n|turn|12\n|\n|t:|1770095850\n|move|p1b: Urshifu|Aqua Jet|p2b: Miraidon\n|-resisted|p2b: Miraidon\n|-damage|p2b: Miraidon|0 fnt\n|faint|p2b: Miraidon\n|move|p2a: Incineroar|Knock Off|p1b: Urshifu\n|-resisted|p1b: Urshifu\n|-damage|p1b: Urshifu|46/100\n|-enditem|p1b: Urshifu|Mystic Water|[from] move: Knock Off|[of] p2a: Incineroar\n|\n|upkeep\n|turn|13\n|-message|palhunter forfeited.\n|\n|win|lalo's pollos\n|raw|lalo&apos;s pollos's rating: 1335 &rarr; <strong>1364</strong><br />(+29 for winning)\n|raw|palhunter's rating: 1507 &rarr; <strong>1478</strong><br />(-29 for losing)\n|l|\u2606palhunter\n|player|p2|\n","uploadtime":1770095939,"views":13,"formatid":"gen9vgc2026regi","rating":1364,"private":0,"password":null}