{"id":"gen9vgc2026regi-2537662965","format":"[Gen 9] VGC 2026 Reg I","players":["j0l0k0","mohammed mo7trf"],"log":"|j|\u2606j0l0k0\n|j|\u2606mohammed mo7trf\n|t:|1770836384\n|gametype|doubles\n|player|p1|j0l0k0|brycen|1478\n|player|p2|mohammed mo7trf|nate|1460\n|gen|9\n|tier|[Gen 9] VGC 2026 Reg I\n|rated|\n|rule|Species Clause: Limit one of each Pok\u00e9mon\n|rule|Item Clause: Limit 1 of each item\n|clearpoke\n|poke|p1|Calyrex-Ice, L50|\n|poke|p1|Kyogre, L50|\n|poke|p1|Indeedee-F, L50, F|\n|poke|p1|Urshifu-*, L50, F|\n|poke|p1|Amoonguss, L50, F|\n|poke|p1|Landorus, L50, M|\n|poke|p2|Calyrex-Ice, L50|\n|poke|p2|Lunala, L50|\n|poke|p2|Smeargle, L50, M|\n|poke|p2|Iron Hands, L50|\n|poke|p2|Torkoal, L50, M|\n|poke|p2|Ursaluna, L50, M|\n|teampreview|4\n|inactive|Battle timer is ON: inactive players will automatically lose when time's up. (requested by j0l0k0)\n|inactive|j0l0k0 has 60 seconds left.\n|inactive|mohammed mo7trf has 60 seconds left.\n|\n|t:|1770836416\n|teamsize|p1|4\n|teamsize|p2|4\n|start\n|switch|p1a: Urshifu|Urshifu, L50, F|100/100\n|switch|p1b: Calyrex|Calyrex-Ice, L50|100/100\n|switch|p2a: Calyrex|Calyrex-Ice, L50|100/100\n|switch|p2b: Lunala|Lunala, L50, shiny|100/100\n|-ability|p1b: Calyrex|As One\n|-ability|p1b: Calyrex|Unnerve\n|-ability|p2a: Calyrex|As One\n|-ability|p2a: Calyrex|Unnerve\n|turn|1\n|inactive|j0l0k0 has 30 seconds left.\n|\n|t:|1770836451\n|switch|p2a: deathegg|Iron Hands, L50|100/100\n|-terastallize|p2b: Lunala|Fairy\n|move|p1a: Urshifu|Wicked Blow|p2a: deathegg\n|-resisted|p2a: deathegg\n|-crit|p2a: deathegg\n|-damage|p2a: deathegg|81/100\n|move|p2b: Lunala|Moonblast|p1a: Urshifu\n|-supereffective|p1a: Urshifu\n|-enditem|p1a: Urshifu|Focus Sash\n|-damage|p1a: Urshifu|1/100\n|move|p1b: Calyrex|Glacial Lance|p2b: Lunala|[spread] p2a,p2b\n|-damage|p2a: deathegg|46/100\n|-damage|p2b: Lunala|79/100\n|\n|-heal|p2b: Lunala|85/100|[from] item: Leftovers\n|upkeep\n|turn|2\n|\n|t:|1770836475\n|move|p1a: Urshifu|Protect|p1a: Urshifu\n|-singleturn|p1a: Urshifu|Protect\n|move|p2a: deathegg|Fake Out|p1a: Urshifu\n|-activate|p1a: Urshifu|move: Protect\n|move|p1b: Calyrex|Glacial Lance|p2b: Lunala|[spread] p2a,p2b\n|-damage|p2a: deathegg|9/100\n|-damage|p2b: Lunala|38/100\n|move|p2b: Lunala|Trick Room|p2b: Lunala\n|-fieldstart|move: Trick Room|[of] p2b: Lunala\n|\n|-heal|p2b: Lunala|44/100|[from] item: Leftovers\n|upkeep\n|turn|3\n|\n|t:|1770836491\n|move|p1a: Urshifu|Protect||[still]\n|-fail|p1a: Urshifu\n|move|p2a: deathegg|Drain Punch|p1b: Calyrex\n|-damage|p1b: Calyrex|72/100\n|-heal|p2a: deathegg|21/100|[from] drain|[of] p1b: Calyrex\n|move|p1b: Calyrex|Glacial Lance|p2b: Lunala|[spread] p2a,p2b\n|-damage|p2a: deathegg|0 fnt\n|-damage|p2b: Lunala|0 fnt\n|faint|p2a: deathegg\n|-end|p2a: deathegg|Quark Drive|[silent]\n|faint|p2b: Lunala\n|-ability|p1b: Calyrex|Chilling Neigh|boost\n|-boost|p1b: Calyrex|atk|2\n|\n|upkeep\n|\n|t:|1770836498\n|switch|p2a: Calyrex|Calyrex-Ice, L50|100/100\n|switch|p2b: Torkoal|Torkoal, L50, M, shiny|100/100\n|-ability|p2a: Calyrex|As One\n|-ability|p2a: Calyrex|Unnerve\n|-weather|SunnyDay|[from] ability: Drought|[of] p2b: Torkoal\n|turn|4\n|\n|t:|1770836509\n|switch|p1a: Kyogre|Kyogre, L50, shiny|100/100\n|-weather|RainDance|[from] ability: Drizzle|[of] p1a: Kyogre\n|move|p2b: Torkoal|Eruption|p1a: Kyogre|[spread] p1a,p1b\n|-resisted|p1a: Kyogre\n|-supereffective|p1b: Calyrex\n|-damage|p1a: Kyogre|95/100\n|-damage|p1b: Calyrex|33/100\n|move|p2a: Calyrex|Glacial Lance|p1a: Kyogre|[spread] p1a,p1b\n|-resisted|p1a: Kyogre\n|-resisted|p1b: Calyrex\n|-damage|p1a: Kyogre|66/100\n|-damage|p1b: Calyrex|15/100\n|move|p1b: Calyrex|Crunch|p2a: Calyrex\n|-supereffective|p2a: Calyrex\n|-damage|p2a: Calyrex|11/100\n|\n|-weather|RainDance|[upkeep]\n|upkeep\n|turn|5\n|\n|t:|1770836525\n|move|p2b: Torkoal|Eruption|p1a: Kyogre|[spread] p1a,p1b\n|-resisted|p1a: Kyogre\n|-supereffective|p1b: Calyrex\n|-damage|p1a: Kyogre|60/100\n|-damage|p1b: Calyrex|0 fnt\n|faint|p1b: Calyrex\n|move|p2a: Calyrex|High Horsepower|p1a: Kyogre\n|-damage|p1a: Kyogre|20/100\n|move|p1a: Kyogre|Water Spout|p2b: Torkoal|[spread] p2a,p2b\n|-supereffective|p2b: Torkoal\n|-damage|p2a: Calyrex|0 fnt\n|-damage|p2b: Torkoal|41/100\n|faint|p2a: Calyrex\n|\n|-weather|RainDance|[upkeep]\n|upkeep\n|\n|t:|1770836528\n|switch|p1b: Amoonguss|Amoonguss, L50, F, shiny|100/100\n|turn|6\n|-message|mohammed mo7trf forfeited.\n|\n|win|j0l0k0\n|raw|j0l0k0's rating: 1478 &rarr; <strong>1497</strong><br />(+19 for winning)\n|raw|mohammed mo7trf's rating: 1460 &rarr; <strong>1441</strong><br />(-19 for losing)\n|l|\u2606mohammed mo7trf\n|player|p2|\n|l|\u2606j0l0k0\n|player|p1|\n","uploadtime":1770836759,"views":14,"formatid":"gen9vgc2026regi","rating":1441,"private":0,"password":null}