{"id":"gen9vgc2026regi-2537101579","format":"[Gen 9] VGC 2026 Reg I","players":["ConnerTEP","yubanmeiqin"],"log":"|j|\u2606ConnerTEP\n|j|\u2606yubanmeiqin\n|t:|1770766005\n|gametype|doubles\n|player|p1|ConnerTEP|acerola-masters2|1442\n|player|p2|yubanmeiqin|iono-masters|1388\n|gen|9\n|tier|[Gen 9] VGC 2026 Reg I\n|rated|\n|rule|Species Clause: Limit one of each Pok\u00e9mon\n|rule|Item Clause: Limit 1 of each item\n|clearpoke\n|poke|p1|Groudon, L50|\n|poke|p1|Miraidon, L50|\n|poke|p1|Farigiraf, L50, F|\n|poke|p1|Walking Wake, L50|\n|poke|p1|Iron Hands, L50|\n|poke|p1|Ogerpon-Hearthflame, L50, F|\n|poke|p2|Koraidon, L50|\n|poke|p2|Lunala, L50|\n|poke|p2|Tornadus, L50, M|\n|poke|p2|Raging Bolt, L50|\n|poke|p2|Rillaboom, L50, M|\n|poke|p2|Incineroar, L50, M|\n|teampreview|4\n|inactive|Battle timer is ON: inactive players will automatically lose when time's up. (requested by ConnerTEP)\n|inactive|yubanmeiqin has 60 seconds left.\n|\n|t:|1770766039\n|teamsize|p1|4\n|teamsize|p2|4\n|start\n|switch|p1a: Miraidon|Miraidon, L50|100/100\n|switch|p1b: Farigiraf|Farigiraf, L50, F|100/100\n|switch|p2a: Incineroar|Incineroar, L50, M|100/100\n|switch|p2b: Koraidon|Koraidon, L50|100/100\n|-fieldstart|move: Electric Terrain|[from] ability: Hadron Engine|[of] p1a: Miraidon\n|-enditem|p1b: Farigiraf|Electric Seed\n|-boost|p1b: Farigiraf|def|1|[from] item: Electric Seed\n|-weather|SunnyDay|[from] ability: Orichalcum Pulse|[of] p2b: Koraidon\n|-activate|p2b: Koraidon|Orichalcum Pulse|[source]\n|-ability|p2a: Incineroar|Intimidate|boost\n|-unboost|p1a: Miraidon|atk|1\n|-unboost|p1b: Farigiraf|atk|1\n|turn|1\n|\n|t:|1770766055\n|switch|p2b: Rillaboom|Rillaboom, L50, M|100/100\n|-fieldstart|move: Grassy Terrain|[from] ability: Grassy Surge|[of] p2b: Rillaboom\n|move|p1b: Farigiraf|Helping Hand|p1a: Miraidon\n|-singleturn|p1a: Miraidon|Helping Hand|[of] p1b: Farigiraf\n|move|p1a: Miraidon|Draco Meteor|p2b: Rillaboom\n|-damage|p2b: Rillaboom|0 fnt\n|-unboost|p1a: Miraidon|spa|2\n|faint|p2b: Rillaboom\n|move|p2a: Incineroar|Flare Blitz|p1b: Farigiraf\n|-damage|p1b: Farigiraf|60/100\n|-damage|p2a: Incineroar|86/100|[from] Recoil\n|\n|-weather|SunnyDay|[upkeep]\n|-heal|p2a: Incineroar|92/100|[from] Grassy Terrain\n|-heal|p1b: Farigiraf|66/100|[from] Grassy Terrain\n|upkeep\n|\n|t:|1770766074\n|switch|p2b: Lunala|Lunala, L50|100/100\n|turn|2\n|\n|t:|1770766080\n|switch|p1a: Walking Wake|Walking Wake, L50|100/100\n|-activate|p1a: Walking Wake|ability: Protosynthesis\n|-start|p1a: Walking Wake|protosynthesisspe\n|move|p2b: Lunala|Meteor Beam||[still]\n|-prepare|p2b: Lunala|Meteor Beam\n|-boost|p2b: Lunala|spa|1\n|-enditem|p2b: Lunala|Power Herb\n|-anim|p2b: Lunala|Meteor Beam|p1b: Farigiraf\n|-damage|p1b: Farigiraf|1/100\n|move|p2a: Incineroar|U-turn|p1b: Farigiraf\n|-supereffective|p1b: Farigiraf\n|-damage|p1b: Farigiraf|0 fnt\n|faint|p1b: Farigiraf\n|\n|t:|1770766086\n|switch|p2a: Koraidon|Koraidon, L50|100/100|[from] U-turn\n|-activate|p2a: Koraidon|ability: Orichalcum Pulse\n|\n|-weather|SunnyDay|[upkeep]\n|upkeep\n|\n|t:|1770766094\n|switch|p1b: Miraidon|Miraidon, L50|100/100\n|-fieldstart|move: Electric Terrain|[from] ability: Hadron Engine|[of] p1b: Miraidon\n|turn|3\n|inactive|ConnerTEP has 30 seconds left.\n|\n|t:|1770766120\n|switch|p2a: Incineroar|Incineroar, L50, M|92/100\n|-ability|p2a: Incineroar|Intimidate|boost\n|-unboost|p1a: Walking Wake|atk|1\n|-unboost|p1b: Miraidon|atk|1\n|-terastallize|p1a: Walking Wake|Fire\n|-terastallize|p2b: Lunala|Fairy\n|move|p1a: Walking Wake|Weather Ball|p2b: Lunala\n|-damage|p2b: Lunala|64/100\n|-damage|p1a: Walking Wake|91/100|[from] item: Life Orb\n|move|p1b: Miraidon|Volt Switch|p2b: Lunala\n|-damage|p2b: Lunala|8/100\n|\n|t:|1770766131\n|switch|p1b: Groudon|Groudon, L50|100/100|[from] Volt Switch\n|move|p2b: Lunala|Moonblast|p1b: Groudon\n|-damage|p1b: Groudon|29/100\n|\n|-weather|SunnyDay|[upkeep]\n|-heal|p1b: Groudon|35/100|[from] item: Leftovers\n|upkeep\n|turn|4\n|\n|t:|1770766143\n|move|p1a: Walking Wake|Protect|p1a: Walking Wake\n|-singleturn|p1a: Walking Wake|Protect\n|move|p1b: Groudon|Protect|p1b: Groudon\n|-singleturn|p1b: Groudon|Protect\n|move|p2a: Incineroar|Fake Out|p1a: Walking Wake\n|-activate|p1a: Walking Wake|move: Protect\n|move|p2b: Lunala|Moonblast|p1b: Groudon\n|-activate|p1b: Groudon|move: Protect\n|\n|-weather|SunnyDay|[upkeep]\n|-heal|p1b: Groudon|41/100|[from] item: Leftovers\n|upkeep\n|turn|5\n|-message|yubanmeiqin forfeited.\n|\n|win|ConnerTEP\n|raw|ConnerTEP's rating: 1442 &rarr; <strong>1459</strong><br />(+17 for winning)\n|raw|yubanmeiqin's rating: 1388 &rarr; <strong>1371</strong><br />(-17 for losing)\n|l|\u2606yubanmeiqin\n|player|p2|\n|l|\u2606ConnerTEP\n|player|p1|\n","uploadtime":1770766300,"views":22,"formatid":"gen9vgc2026regi","rating":1371,"private":0,"password":null}