{"id":"gen9vgc2026regi-2565760523","format":"[Gen 9] VGC 2026 Reg I","players":["Harry Koekenpan","bjrcjggjhvb"],"log":"|j|\u2606Harry Koekenpan\n|j|\u2606bjrcjggjhvb\n|t:|1774301774\n|gametype|doubles\n|player|p1|Harry Koekenpan|102|1181\n|player|p2|bjrcjggjhvb|265|1200\n|gen|9\n|tier|[Gen 9] VGC 2026 Reg I\n|rated|\n|rule|Species Clause: Limit one of each Pok\u00e9mon\n|rule|Item Clause: Limit 1 of each item\n|clearpoke\n|poke|p1|Dondozo, L50, M|\n|poke|p1|Tatsugiri-Droopy, L50, F|\n|poke|p1|Weezing-Galar, L50, M|\n|poke|p1|Calyrex-Shadow, L50|\n|poke|p1|Koraidon, L50|\n|poke|p1|Raging Bolt, L50|\n|poke|p2|Calyrex-Ice, L50|\n|poke|p2|Kyogre, L50|\n|poke|p2|Farigiraf, L50, F|\n|poke|p2|Carbink, L50|\n|poke|p2|Porygon2, L50|\n|poke|p2|Wooper-Paldea, L50, F|\n|teampreview|4\n|inactive|Battle timer is ON: inactive players will automatically lose when time's up. (requested by Harry Koekenpan)\n|\n|t:|1774301793\n|teamsize|p1|4\n|teamsize|p2|4\n|start\n|switch|p1a: Weezing|Weezing-Galar, L50, M|100/100\n|switch|p1b: Calyrex|Calyrex-Shadow, L50|100/100\n|switch|p2a: Calyrex|Calyrex-Ice, L50|100/100\n|switch|p2b: Farigiraf|Farigiraf, L50, F|100/100\n|-ability|p1a: Weezing|Neutralizing Gas\n|-ability|p1b: Calyrex|As One\n|-ability|p1b: Calyrex|Unnerve\n|-ability|p2a: Calyrex|As One\n|-ability|p2a: Calyrex|Unnerve\n|turn|1\n|\n|t:|1774301810\n|move|p2a: Calyrex|Protect|p2a: Calyrex\n|-singleturn|p2a: Calyrex|Protect\n|move|p1b: Calyrex|Astral Barrage|p2b: Farigiraf|[spread] \n|-activate|p2a: Calyrex|move: Protect\n|-immune|p2b: Farigiraf\n|move|p1a: Weezing|Poison Gas|p2a: Calyrex|[spread] \n|-activate|p2a: Calyrex|move: Protect\n|-miss|p1a: Weezing|p2b: Farigiraf\n|move|p2b: Farigiraf|Trick Room|p2b: Farigiraf\n|-fieldstart|move: Trick Room|[of] p2b: Farigiraf\n|\n|upkeep\n|turn|2\n|\n|t:|1774301834\n|switch|p1b: Dondozo|Dondozo, L50, M|100/100\n|-terastallize|p2a: Calyrex|Ice\n|move|p2a: Calyrex|Glacial Lance|p1b: Dondozo|[spread] p1a,p1b\n|-resisted|p1b: Dondozo\n|-damage|p1a: Weezing|13/100\n|-damage|p1b: Dondozo|76/100\n|-damage|p2a: Calyrex|91/100|[from] item: Life Orb\n|move|p2b: Farigiraf|Psychic|p1a: Weezing\n|-supereffective|p1a: Weezing\n|-damage|p1a: Weezing|0 fnt\n|faint|p1a: Weezing\n|-end|p1a: Weezing|ability: Neutralizing Gas\n|\n|-heal|p1b: Dondozo|82/100|[from] item: Leftovers\n|upkeep\n|inactive|Harry Koekenpan has 30 seconds left.\n|\n|t:|1774301860\n|switch|p1a: Tatsugiri|Tatsugiri-Droopy, L50, F|100/100\n|-activate|p1a: Tatsugiri|ability: Commander|[of] p1b: Dondozo\n|-boost|p1b: Dondozo|atk|2\n|-boost|p1b: Dondozo|spa|2\n|-boost|p1b: Dondozo|spe|2\n|-boost|p1b: Dondozo|def|2\n|-boost|p1b: Dondozo|spd|2\n|turn|3\n|\n|t:|1774301870\n|move|p1b: Dondozo|Protect|p1b: Dondozo\n|-singleturn|p1b: Dondozo|Protect\n|move|p2a: Calyrex|Glacial Lance|p1a: Tatsugiri|[spread] \n|-miss|p2a: Calyrex|p1a: Tatsugiri\n|-activate|p1b: Dondozo|move: Protect\n|move|p2b: Farigiraf|Psychic|p1b: Dondozo\n|-activate|p1b: Dondozo|move: Protect\n|\n|-heal|p1b: Dondozo|88/100|[from] item: Leftovers\n|upkeep\n|turn|4\n|\n|t:|1774301881\n|move|p2a: Calyrex|Glacial Lance|p1a: Tatsugiri|[spread] p1b\n|-miss|p2a: Calyrex|p1a: Tatsugiri\n|-resisted|p1b: Dondozo\n|-damage|p1b: Dondozo|74/100\n|-damage|p2a: Calyrex|81/100|[from] item: Life Orb\n|move|p2b: Farigiraf|Psychic|p1b: Dondozo\n|-damage|p1b: Dondozo|56/100\n|move|p1b: Dondozo|Earthquake|p2b: Farigiraf|[spread] p2a,p2b\n|-miss|p1b: Dondozo|p1a: Tatsugiri\n|-damage|p2a: Calyrex|60/100\n|-damage|p2b: Farigiraf|61/100\n|\n|-heal|p1b: Dondozo|62/100|[from] item: Leftovers\n|upkeep\n|turn|5\n|inactive|bjrcjggjhvb has 30 seconds left.\n|\n|t:|1774301910\n|switch|p2b: Porygon2|Porygon2, L50|100/100\n|-ability|p2b: Porygon2|Unaware|Trace|[from] ability: Trace|[of] p1b: Dondozo\n|move|p2a: Calyrex|Glacial Lance|p1a: Tatsugiri|[spread] p1b\n|-miss|p2a: Calyrex|p1a: Tatsugiri\n|-resisted|p1b: Dondozo\n|-crit|p1b: Dondozo\n|-damage|p1b: Dondozo|21/100\n|-damage|p2a: Calyrex|51/100|[from] item: Life Orb\n|move|p1b: Dondozo|Order Up|p2b: Porygon2\n|-damage|p2b: Porygon2|87/100\n|-boost|p1b: Dondozo|def|1\n|\n|-heal|p1b: Dondozo|27/100|[from] item: Leftovers\n|-fieldend|move: Trick Room\n|upkeep\n|turn|6\n|\n|t:|1774301934\n|move|p2a: Calyrex|Protect|p2a: Calyrex\n|-singleturn|p2a: Calyrex|Protect\n|move|p1b: Dondozo|Order Up|p2b: Porygon2\n|-damage|p2b: Porygon2|74/100\n|-boost|p1b: Dondozo|def|1\n|move|p2b: Porygon2|Trick Room|p2b: Porygon2\n|-fieldstart|move: Trick Room|[of] p2b: Porygon2\n|\n|-heal|p1b: Dondozo|33/100|[from] item: Leftovers\n|upkeep\n|turn|7\n|\n|t:|1774301946\n|switch|p2a: Kyogre|Kyogre, L50|100/100\n|-weather|RainDance|[from] ability: Drizzle|[of] p2a: Kyogre\n|move|p1b: Dondozo|Protect|p1b: Dondozo\n|-singleturn|p1b: Dondozo|Protect\n|move|p2b: Porygon2|Thunder|p1b: Dondozo\n|-activate|p1b: Dondozo|move: Protect\n|\n|-weather|RainDance|[upkeep]\n|-heal|p1b: Dondozo|40/100|[from] item: Leftovers\n|upkeep\n|turn|8\n|\n|t:|1774301960\n|-terastallize|p1b: Dondozo|Grass\n|move|p2a: Kyogre|Water Spout|p1b: Dondozo|[spread] p1b\n|-miss|p2a: Kyogre|p1a: Tatsugiri\n|-resisted|p1b: Dondozo\n|-damage|p1b: Dondozo|15/100\n|move|p2b: Porygon2|Thunder|p1b: Dondozo\n|-resisted|p1b: Dondozo\n|-damage|p1b: Dondozo|0 fnt\n|faint|p1b: Dondozo\n|\n|-weather|RainDance|[upkeep]\n|upkeep\n|\n|t:|1774301974\n|switch|p1b: Calyrex|Calyrex-Shadow, L50|100/100\n|-ability|p1b: Calyrex|As One\n|-ability|p1b: Calyrex|Unnerve\n|turn|9\n|inactive|bjrcjggjhvb has 30 seconds left.\n|\n|t:|1774302002\n|move|p1b: Calyrex|Protect|p1b: Calyrex\n|-singleturn|p1b: Calyrex|Protect\n|move|p2a: Kyogre|Water Spout|p1b: Calyrex|[spread] p1a\n|-activate|p1b: Calyrex|move: Protect\n|-resisted|p1a: Tatsugiri\n|-damage|p1a: Tatsugiri|69/100\n|move|p2b: Porygon2|Shadow Ball|p1b: Calyrex\n|-activate|p1b: Calyrex|move: Protect\n|move|p1a: Tatsugiri|Muddy Water|p2b: Porygon2|[spread] p2a,p2b\n|-resisted|p2a: Kyogre\n|-damage|p2a: Kyogre|82/100\n|-damage|p2b: Porygon2|39/100\n|-unboost|p2b: Porygon2|accuracy|1\n|\n|-weather|RainDance|[upkeep]\n|upkeep\n|turn|10\n|\n|t:|1774302025\n|move|p2a: Kyogre|Water Spout|p1b: Calyrex|[spread] p1a,p1b\n|-resisted|p1a: Tatsugiri\n|-damage|p1a: Tatsugiri|41/100\n|-damage|p1b: Calyrex|19/100\n|move|p2b: Porygon2|Shadow Ball|p1b: Calyrex\n|-supereffective|p1b: Calyrex\n|-damage|p1b: Calyrex|0 fnt\n|faint|p1b: Calyrex\n|move|p1a: Tatsugiri|Muddy Water|p2a: Kyogre|[spread] p2a\n|-miss|p1a: Tatsugiri|p2b: Porygon2\n|-resisted|p2a: Kyogre\n|-damage|p2a: Kyogre|65/100\n|\n|-weather|RainDance|[upkeep]\n|-fieldend|move: Trick Room\n|upkeep\n|turn|11\n|\n|t:|1774302037\n|move|p2a: Kyogre|Protect|p2a: Kyogre\n|-singleturn|p2a: Kyogre|Protect\n|move|p1a: Tatsugiri|Muddy Water|p2b: Porygon2|[spread] \n|-activate|p2a: Kyogre|move: Protect\n|-miss|p1a: Tatsugiri|p2b: Porygon2\n|move|p2b: Porygon2|Trick Room|p2b: Porygon2\n|-fieldstart|move: Trick Room|[of] p2b: Porygon2\n|\n|-weather|none\n|upkeep\n|turn|12\n|\n|t:|1774302048\n|switch|p2a: Calyrex|Calyrex-Ice, L50, tera:Ice|51/100\n|-ability|p2a: Calyrex|As One\n|-ability|p2a: Calyrex|Unnerve\n|move|p2b: Porygon2|Tri Attack|p1a: Tatsugiri\n|-damage|p1a: Tatsugiri|0 fnt\n|faint|p1a: Tatsugiri\n|\n|win|bjrcjggjhvb\n|raw|Harry Koekenpan's rating: 1181 &rarr; <strong>1157</strong><br />(-24 for losing)\n|raw|bjrcjggjhvb's rating: 1200 &rarr; <strong>1224</strong><br />(+24 for winning)\n|l|\u2606Harry Koekenpan\n|player|p1|\n","uploadtime":1774302312,"views":11,"formatid":"gen9vgc2026regi","rating":1157,"private":0,"password":null}