{"id":"gen9vgc2026regi-2560091257","format":"[Gen 9] VGC 2026 Reg I","players":["navinsachump","LinkXswords"],"log":"|j|\u2606navinsachump\n|j|\u2606LinkXswords\n|t:|1773650267\n|gametype|doubles\n|player|p1|navinsachump|102|1415\n|player|p2|LinkXswords|zinnia|1398\n|gen|9\n|tier|[Gen 9] VGC 2026 Reg I\n|rated|\n|rule|Species Clause: Limit one of each Pok\u00e9mon\n|rule|Item Clause: Limit 1 of each item\n|clearpoke\n|poke|p1|Miraidon, L50|\n|poke|p1|Incineroar, L50, M|\n|poke|p1|Whimsicott, L50, F|\n|poke|p1|Urshifu-*, L50, F|\n|poke|p1|Lunala, L50|\n|poke|p1|Ursaluna, L50, F|\n|poke|p2|Calyrex-Ice, L50|\n|poke|p2|Miraidon, L50|\n|poke|p2|Iron Hands, L50|\n|poke|p2|Farigiraf, L50, M|\n|poke|p2|Ogerpon-Hearthflame, L50, F|\n|poke|p2|Urshifu-*, L50, F|\n|teampreview|4\n|\n|t:|1773650292\n|teamsize|p1|4\n|teamsize|p2|4\n|start\n|switch|p1a: Miraidon|Miraidon, L50|100/100\n|switch|p1b: Lunala|Lunala, L50|100/100\n|switch|p2a: Belmonda|Miraidon, L50|100/100\n|switch|p2b: Rafa|Farigiraf, L50, M, shiny|100/100\n|-fieldstart|move: Electric Terrain|[from] ability: Hadron Engine|[of] p2a: Belmonda\n|-enditem|p1b: Lunala|Electric Seed\n|-boost|p1b: Lunala|def|1|[from] item: Electric Seed\n|-activate|p1a: Miraidon|ability: Hadron Engine\n|turn|1\n|inactive|Battle timer is ON: inactive players will automatically lose when time's up. (requested by navinsachump)\n|\n|t:|1773650314\n|-terastallize|p2a: Belmonda|Fairy\n|-terastallize|p1b: Lunala|Fairy\n|move|p2a: Belmonda|Dazzling Gleam|p1b: Lunala|[spread] p1a,p1b\n|-supereffective|p1a: Miraidon\n|-damage|p1a: Miraidon|0 fnt\n|-damage|p1b: Lunala|73/100\n|faint|p1a: Miraidon\n|move|p1b: Lunala|Moonblast|p2a: Belmonda\n|-damage|p2a: Belmonda|51/100\n|move|p2b: Rafa|Foul Play|p1b: Lunala\n|-resisted|p1b: Lunala\n|-damage|p1b: Lunala|69/100\n|\n|upkeep\n|\n|t:|1773650326\n|switch|p1a: Ursaluna|Ursaluna, L50, F|100/100\n|turn|2\n|\n|t:|1773650341\n|move|p1b: Lunala|Wide Guard|p1b: Lunala\n|-singleturn|p1b: Lunala|Wide Guard\n|move|p2a: Belmonda|Dazzling Gleam|p1b: Lunala|[spread] \n|-activate|p1a: Ursaluna|move: Wide Guard\n|-activate|p1b: Lunala|move: Wide Guard\n|move|p2b: Rafa|Foul Play|p1a: Ursaluna\n|-damage|p1a: Ursaluna|70/100\n|move|p1a: Ursaluna|Earthquake|p2b: Rafa|[spread] p2a,p2b\n|-activate|p1b: Lunala|move: Wide Guard\n|-damage|p2a: Belmonda|6/100\n|-damage|p2b: Rafa|66/100\n|\n|-status|p1a: Ursaluna|brn|[from] item: Flame Orb\n|upkeep\n|turn|3\n|\n|t:|1773650363\n|switch|p2a: Ibai|Iron Hands, L50|100/100\n|-activate|p2a: Ibai|ability: Quark Drive\n|-start|p2a: Ibai|quarkdriveatk\n|move|p1b: Lunala|Wide Guard|p1b: Lunala\n|-singleturn|p1b: Lunala|Wide Guard\n|move|p2b: Rafa|Foul Play|p1a: Ursaluna\n|-damage|p1a: Ursaluna|41/100 brn\n|move|p1a: Ursaluna|Earthquake|p2a: Ibai|[spread] p2a,p2b\n|-activate|p1b: Lunala|move: Wide Guard\n|-supereffective|p2a: Ibai\n|-damage|p2a: Ibai|13/100\n|-damage|p2b: Rafa|19/100\n|\n|-damage|p1a: Ursaluna|35/100 brn|[from] brn\n|upkeep\n|turn|4\n|inactive|LinkXswords has 30 seconds left.\n|\n|t:|1773650397\n|move|p1b: Lunala|Wide Guard|p1b: Lunala\n|-singleturn|p1b: Lunala|Wide Guard\n|move|p2a: Ibai|Fake Out|p1b: Lunala\n|-damage|p1b: Lunala|59/100\n|move|p2b: Rafa|Hyper Voice|p1a: Ursaluna|[spread] \n|-activate|p1a: Ursaluna|move: Wide Guard\n|-activate|p1b: Lunala|move: Wide Guard\n|move|p1a: Ursaluna|Earthquake|p2b: Rafa|[spread] p2a,p2b\n|-activate|p1b: Lunala|move: Wide Guard\n|-supereffective|p2a: Ibai\n|-damage|p2a: Ibai|0 fnt\n|-damage|p2b: Rafa|0 fnt\n|faint|p2a: Ibai\n|-end|p2a: Ibai|Quark Drive|[silent]\n|faint|p2b: Rafa\n|\n|-damage|p1a: Ursaluna|30/100 brn|[from] brn\n|upkeep\n|\n|t:|1773650401\n|switch|p2b: Belmonda|Miraidon, L50, tera:Fairy|6/100\n|switch|p2a: Cabez\u00f3n|Calyrex-Ice, L50|100/100\n|-ability|p2a: Cabez\u00f3n|As One\n|-ability|p2a: Cabez\u00f3n|Unnerve\n|-activate|p2b: Belmonda|ability: Hadron Engine\n|turn|5\n|inactive|navinsachump has 30 seconds left.\n|\n|t:|1773650433\n|move|p2b: Belmonda|Electro Drift|p1b: Lunala\n|-damage|p1b: Lunala|0 fnt\n|faint|p1b: Lunala\n|move|p1a: Ursaluna|Facade|p2b: Belmonda\n|-damage|p2b: Belmonda|0 fnt\n|faint|p2b: Belmonda\n|move|p2a: Cabez\u00f3n|High Horsepower|p1a: Ursaluna\n|-damage|p1a: Ursaluna|0 fnt\n|faint|p1a: Ursaluna\n|-ability|p2a: Cabez\u00f3n|Chilling Neigh|boost\n|-boost|p2a: Cabez\u00f3n|atk|1\n|\n|-fieldend|move: Electric Terrain\n|upkeep\n|\n|t:|1773650437\n|switch|p1b: Incineroar|Incineroar, L50, M|100/100\n|-ability|p1b: Incineroar|Intimidate|boost\n|-fail|p2a: Cabez\u00f3n|unboost|[from] item: Clear Amulet|[of] p2a: Cabez\u00f3n\n|turn|6\n|\n|t:|1773650442\n|move|p2a: Cabez\u00f3n|Protect|p2a: Cabez\u00f3n\n|-singleturn|p2a: Cabez\u00f3n|Protect\n|move|p1b: Incineroar|Fake Out|p2a: Cabez\u00f3n\n|-activate|p2a: Cabez\u00f3n|move: Protect\n|\n|upkeep\n|turn|7\n|\n|t:|1773650450\n|move|p1b: Incineroar|Knock Off|p2a: Cabez\u00f3n\n|-supereffective|p2a: Cabez\u00f3n\n|-damage|p2a: Cabez\u00f3n|40/100\n|-enditem|p2a: Cabez\u00f3n|Clear Amulet|[from] move: Knock Off|[of] p1b: Incineroar\n|move|p2a: Cabez\u00f3n|High Horsepower|p1b: Incineroar\n|-supereffective|p1b: Incineroar\n|-damage|p1b: Incineroar|0 fnt\n|faint|p1b: Incineroar\n|\n|win|LinkXswords\n|raw|navinsachump's rating: 1415 &rarr; <strong>1394</strong><br />(-21 for losing)\n|raw|LinkXswords's rating: 1398 &rarr; <strong>1419</strong><br />(+21 for winning)\n|l|\u2606navinsachump\n|player|p1|\n|l|\u2606LinkXswords\n|player|p2|\n","uploadtime":1773650622,"views":10,"formatid":"gen9vgc2026regi","rating":1394,"private":0,"password":null}