{"id":"gen9vgc2026regi-2561476203","format":"[Gen 9] VGC 2026 Reg I","players":["GAPDHD","mitosisbaby"],"log":"|j|\u2606GAPDHD\n|j|\u2606mitosisbaby\n|t:|1773800534\n|gametype|doubles\n|player|p1|GAPDHD|ruinmaniac|1404\n|player|p2|mitosisbaby|n|1398\n|gen|9\n|tier|[Gen 9] VGC 2026 Reg I\n|rated|\n|rule|Species Clause: Limit one of each Pok\u00e9mon\n|rule|Item Clause: Limit 1 of each item\n|clearpoke\n|poke|p1|Lunala, L50|\n|poke|p1|Groudon, L50|\n|poke|p1|Indeedee-F, L50, F|\n|poke|p1|Walking Wake, L50|\n|poke|p1|Incineroar, L50, F|\n|poke|p1|Brute Bonnet, L50|\n|poke|p2|Lunala, L50|\n|poke|p2|Miraidon, L50|\n|poke|p2|Chi-Yu, L50|\n|poke|p2|Flutter Mane, L50|\n|poke|p2|Glastrier, L50|\n|poke|p2|Ursaluna, L50, M|\n|teampreview|4\n|inactive|Battle timer is ON: inactive players will automatically lose when time's up. (requested by mitosisbaby)\nGAPDHD has agreed to open team sheets.\nmitosisbaby has agreed to open team sheets.\n|showteam|p1|Lunala||PowerHerb|ShadowShield|MeteorBeam,MoongeistBeam,WideGuard,TrickRoom||||||50|,,,,,Dark]Groudon||ChoiceBand|Drought|PrecipiceBlades,HeatCrash,RockSlide,HighHorsepower||||||50|,,,,,Fairy]Indeedee-F||RockyHelmet|PsychicSurge|FollowMe,HelpingHand,TrickRoom,DazzlingGleam|||F|||50|,,,,,Water]Walking Wake||LifeOrb|Protosynthesis|HydroSteam,DracoMeteor,Protect,Snarl||||||50|,,,,,Water]Incineroar||SafetyGoggles|Intimidate|FakeOut,KnockOff,Taunt,FlareBlitz|||F|||50|,,,,,Water]Brute Bonnet||BoosterEnergy|Protosynthesis|RagePowder,Spore,SuckerPunch,SeedBomb||||||50|,,,,,Fire\n|showteam|p2|Lunala||ElectricSeed|ShadowShield|MoongeistBeam,Moonblast,TrickRoom,WideGuard||||||50|,,,,,Fairy]Miraidon||ChoiceScarf|HadronEngine|ElectroDrift,DracoMeteor,VoltSwitch,DazzlingGleam||||||50|,,,,,Ghost]Chi-Yu||FocusSash|BeadsofRuin|HeatWave,DarkPulse,Flamethrower,Protect||||||50|,,,,,Ghost]Flutter Mane||BoosterEnergy|Protosynthesis|DazzlingGleam,ShadowBall,IcyWind,Protect||||||50|,,,,,Dark]Glastrier||AssaultVest|ChillingNeigh|IcicleCrash,HighHorsepower,Crunch,HeavySlam||||||50|,,,,,Water]Ursaluna||FlameOrb|Guts|Facade,HeadlongRush,Earthquake,Protect|||M|||50|,,,,,Ghost\n|inactive|GAPDHD has 60 seconds left.\n|inactive|mitosisbaby has 60 seconds left.\n|\n|t:|1773800585\n|teamsize|p1|4\n|teamsize|p2|4\n|start\n|switch|p1a: Lunala|Lunala, L50|100/100\n|switch|p1b: Indeedee|Indeedee-F, L50, F|100/100\n|switch|p2a: Chi-Yu|Chi-Yu, L50, shiny|100/100\n|switch|p2b: Miraidon|Miraidon, L50|100/100\n|-fieldstart|move: Electric Terrain|[from] ability: Hadron Engine|[of] p2b: Miraidon\n|-ability|p2a: Chi-Yu|Beads of Ruin\n|-fieldstart|move: Psychic Terrain|[from] ability: Psychic Surge|[of] p1b: Indeedee\n|turn|1\n|inactive|GAPDHD has 30 seconds left.\n|\n|t:|1773800611\n|-terastallize|p1a: Lunala|Dark\n|move|p2b: Miraidon|Volt Switch|p1a: Lunala\n|-damage|p1a: Lunala|82/100\n|\n|t:|1773800618\n|switch|p2b: Ursaluna|Ursaluna, L50, M|100/100|[from] Volt Switch\n|move|p2a: Chi-Yu|Dark Pulse|p1a: Lunala\n|-resisted|p1a: Lunala\n|-damage|p1a: Lunala|62/100\n|move|p1b: Indeedee|Dazzling Gleam|p2a: Chi-Yu|[spread] p2a,p2b\n|-damage|p2a: Chi-Yu|84/100\n|-damage|p2b: Ursaluna|84/100\n|move|p1a: Lunala|Trick Room|p1a: Lunala\n|-fieldstart|move: Trick Room|[of] p1a: Lunala\n|\n|-status|p2b: Ursaluna|brn|[from] item: Flame Orb\n|upkeep\n|turn|2\n|\n|t:|1773800634\n|move|p2a: Chi-Yu|Protect|p2a: Chi-Yu\n|-singleturn|p2a: Chi-Yu|Protect\n|move|p1b: Indeedee|Follow Me|p1b: Indeedee\n|-singleturn|p1b: Indeedee|move: Follow Me\n|move|p2b: Ursaluna|Earthquake|p1a: Lunala|[spread] p1a,p1b\n|-activate|p2a: Chi-Yu|move: Protect\n|-damage|p1a: Lunala|3/100\n|-damage|p1b: Indeedee|30/100\n|move|p1a: Lunala|Meteor Beam||[still]\n|-prepare|p1a: Lunala|Meteor Beam\n|-boost|p1a: Lunala|spa|1\n|-enditem|p1a: Lunala|Power Herb\n|-anim|p1a: Lunala|Meteor Beam|p2b: Ursaluna\n|-resisted|p2b: Ursaluna\n|-damage|p2b: Ursaluna|43/100 brn\n|\n|-damage|p2b: Ursaluna|37/100 brn|[from] brn\n|upkeep\n|turn|3\n|\n|t:|1773800650\n|move|p2a: Chi-Yu|Protect||[still]\n|-fail|p2a: Chi-Yu\n|move|p1a: Lunala|Wide Guard|p1a: Lunala\n|-singleturn|p1a: Lunala|Wide Guard\n|move|p2b: Ursaluna|Earthquake|p1b: Indeedee|[spread] p2a\n|-activate|p1a: Lunala|move: Wide Guard\n|-activate|p1b: Indeedee|move: Wide Guard\n|-supereffective|p2a: Chi-Yu\n|-damage|p2a: Chi-Yu|0 fnt\n|faint|p2a: Chi-Yu\n|move|p1b: Indeedee|Dazzling Gleam|p2b: Ursaluna\n|-damage|p2b: Ursaluna|20/100 brn\n|\n|-damage|p2b: Ursaluna|15/100 brn|[from] brn\n|upkeep\n|\n|t:|1773800663\n|switch|p2a: Lunala|Lunala, L50, shiny|100/100\n|turn|4\n|\n|t:|1773800674\n|move|p1b: Indeedee|Follow Me|p1b: Indeedee\n|-singleturn|p1b: Indeedee|move: Follow Me\n|move|p2b: Ursaluna|Facade|p1b: Indeedee\n|-damage|p1b: Indeedee|0 fnt\n|-damage|p2b: Ursaluna|0 fnt|[from] item: Rocky Helmet|[of] p1b: Indeedee\n|faint|p1b: Indeedee\n|faint|p2b: Ursaluna\n|move|p1a: Lunala|Moongeist Beam|p2a: Lunala\n|-supereffective|p2a: Lunala\n|-damage|p2a: Lunala|0 fnt\n|faint|p2a: Lunala\n|\n|upkeep\n|\n|t:|1773800686\n|switch|p2b: Miraidon|Miraidon, L50|100/100\n|switch|p1b: Groudon|Groudon, L50|100/100\n|-weather|SunnyDay|[from] ability: Drought|[of] p1b: Groudon\n|-fieldstart|move: Electric Terrain|[from] ability: Hadron Engine|[of] p2b: Miraidon\n|turn|5\n|\n|t:|1773800694\n|move|p1b: Groudon|Precipice Blades|p2b: Miraidon\n|-supereffective|p2b: Miraidon\n|-damage|p2b: Miraidon|0 fnt\n|faint|p2b: Miraidon\n|\n|win|GAPDHD\n|raw|GAPDHD's rating: 1404 &rarr; <strong>1424</strong><br />(+20 for winning)\n|raw|mitosisbaby's rating: 1398 &rarr; <strong>1378</strong><br />(-20 for losing)\n|c|\u2606mitosisbaby|ggs\n|l|\u2606mitosisbaby\n|player|p2|\n|l|\u2606GAPDHD\n|player|p1|\n","uploadtime":1773800929,"views":10,"formatid":"gen9vgc2026regi","rating":1378,"private":0,"password":null}