{"id":"gen9vgc2026regi-2513945624","format":"[Gen 9] VGC 2026 Reg I","players":["Kellen1999","kojimuranishi"],"log":"|j|\u2606Kellen1999\n|j|\u2606kojimuranishi\n|t:|1767802762\n|gametype|doubles\n|player|p1|Kellen1999|skyla|1334\n|player|p2|kojimuranishi|170|1334\n|gen|9\n|tier|[Gen 9] VGC 2026 Reg I\n|rated|\n|rule|Species Clause: Limit one of each Pok\u00e9mon\n|rule|Item Clause: Limit 1 of each item\n|clearpoke\n|poke|p1|Calyrex-Ice, L50|\n|poke|p1|Miraidon, L50|\n|poke|p1|Grimmsnarl, L50, M|\n|poke|p1|Urshifu-*, L50, F|\n|poke|p1|Incineroar, L50, F|\n|poke|p1|Landorus, L50, M|\n|poke|p2|Zamazenta-*, L50|\n|poke|p2|Lunala, L50|\n|poke|p2|Chien-Pao, L50|\n|poke|p2|Dragonite, L50, M|\n|poke|p2|Chi-Yu, L50|\n|poke|p2|Urshifu-*, L50, F|\n|teampreview|4\n|inactive|Battle timer is ON: inactive players will automatically lose when time's up. (requested by Kellen1999)\n|inactive|kojimuranishi has 60 seconds left.\n|\n|t:|1767802808\n|teamsize|p1|4\n|teamsize|p2|4\n|start\n|switch|p1a: Grimmsnarl|Grimmsnarl, L50, M, shiny|100/100\n|switch|p1b: Urshifu|Urshifu-Rapid-Strike, L50, F|100/100\n|switch|p2a: Dragonite|Dragonite, L50, M|100/100\n|switch|p2b: Chien-Pao|Chien-Pao, L50|100/100\n|-ability|p2b: Chien-Pao|Sword of Ruin\n|turn|1\n|\n|t:|1767802831\n|-terastallize|p2a: Dragonite|Normal\n|-terastallize|p1a: Grimmsnarl|Ghost\n|move|p2a: Dragonite|Extreme Speed|p1b: Urshifu\n|-damage|p1b: Urshifu|17/100\n|move|p2b: Chien-Pao|Sucker Punch|p1b: Urshifu\n|-resisted|p1b: Urshifu\n|-damage|p1b: Urshifu|0 fnt\n|faint|p1b: Urshifu\n|-damage|p2b: Chien-Pao|91/100|[from] item: Life Orb\n|move|p1a: Grimmsnarl|Reflect|p1a: Grimmsnarl\n|-sidestart|p1: Kellen1999|Reflect\n|\n|upkeep\n|\n|t:|1767802844\n|switch|p1b: Calyrex|Calyrex-Ice, L50|100/100\n|-ability|p1b: Calyrex|As One\n|-ability|p1b: Calyrex|Unnerve\n|turn|2\n|j| Nocturnee\n|\n|t:|1767802868\n|move|p2a: Dragonite|Extreme Speed|p1b: Calyrex\n|-damage|p1b: Calyrex|63/100\n|move|p2b: Chien-Pao|Crunch|p1a: Grimmsnarl\n|-supereffective|p1a: Grimmsnarl\n|-damage|p1a: Grimmsnarl|2/100\n|-damage|p2b: Chien-Pao|81/100|[from] item: Life Orb\n|move|p1a: Grimmsnarl|Spirit Break|p2b: Chien-Pao\n|-supereffective|p2b: Chien-Pao\n|-damage|p2b: Chien-Pao|0 fnt\n|faint|p2b: Chien-Pao\n|move|p1b: Calyrex|Leech Seed|p2a: Dragonite\n|-start|p2a: Dragonite|move: Leech Seed\n|\n|-heal|p1b: Calyrex|69/100|[from] item: Leftovers\n|-damage|p2a: Dragonite|88/100|[from] Leech Seed|[of] p1b: Calyrex\n|-heal|p1b: Calyrex|80/100|[silent]\n|upkeep\n|inactive|kojimuranishi has 30 seconds left.\n|\n|t:|1767802896\n|switch|p2b: Lunala|Lunala, L50|100/100\n|turn|3\n|\n|t:|1767802916\n|switch|p2a: Zamazenta|Zamazenta-Crowned, L50|100/100\n|-ability|p2a: Zamazenta|Dauntless Shield|boost\n|-boost|p2a: Zamazenta|def|1\n|move|p1a: Grimmsnarl|Light Screen|p1a: Grimmsnarl\n|-sidestart|p1: Kellen1999|move: Light Screen\n|move|p2b: Lunala|Meteor Beam||[still]\n|-prepare|p2b: Lunala|Meteor Beam\n|-boost|p2b: Lunala|spa|1\n|-enditem|p2b: Lunala|Power Herb\n|-anim|p2b: Lunala|Meteor Beam|p1a: Grimmsnarl\n|-damage|p1a: Grimmsnarl|0 fnt\n|faint|p1a: Grimmsnarl\n|move|p1b: Calyrex|Leech Seed|p2b: Lunala\n|-start|p2b: Lunala|move: Leech Seed\n|\n|-heal|p1b: Calyrex|86/100|[from] item: Leftovers\n|-damage|p2b: Lunala|88/100|[from] Leech Seed|[of] p1b: Calyrex\n|-heal|p1b: Calyrex|100/100|[silent]\n|upkeep\n|\n|t:|1767802933\n|switch|p1a: Miraidon|Miraidon, L50, shiny|100/100\n|-fieldstart|move: Electric Terrain|[from] ability: Hadron Engine|[of] p1a: Miraidon\n|turn|4\n|\n|t:|1767802946\n|move|p1a: Miraidon|Electro Drift|p2b: Lunala\n|-damage|p2b: Lunala|0 fnt\n|faint|p2b: Lunala\n|move|p2a: Zamazenta|Body Press|p1a: Miraidon\n|-damage|p1a: Miraidon|55/100\n|move|p1b: Calyrex|Leech Seed|p2a: Zamazenta\n|-start|p2a: Zamazenta|move: Leech Seed\n|\n|-damage|p2a: Zamazenta|88/100|[from] Leech Seed|[of] p1b: Calyrex\n|upkeep\n|\n|t:|1767802957\n|switch|p2b: Dragonite|Dragonite, L50, M, tera:Normal|88/100\n|turn|5\n|\n|t:|1767802966\n|move|p2b: Dragonite|Extreme Speed|p1a: Miraidon\n|-damage|p1a: Miraidon|14/100\n|move|p1a: Miraidon|Electro Drift|p2a: Zamazenta\n|-damage|p2a: Zamazenta|0 fnt\n|faint|p2a: Zamazenta\n|move|p1b: Calyrex|Leech Seed|p2b: Dragonite\n|-start|p2b: Dragonite|move: Leech Seed\n|\n|-damage|p2b: Dragonite|76/100|[from] Leech Seed|[of] p1b: Calyrex\n|upkeep\n|turn|6\n|-message|kojimuranishi forfeited.\n|\n|win|Kellen1999\n|raw|Kellen1999's rating: 1334 &rarr; <strong>1354</strong><br />(+20 for winning)\n|raw|kojimuranishi's rating: 1334 &rarr; <strong>1314</strong><br />(-20 for losing)\n|l|\u2606kojimuranishi\n|player|p2|\n|j|\u2606kojimuranishi\n|player|p2|kojimuranishi|170|\n|l|\u2606Kellen1999\n|player|p1|\n|l|\u2606kojimuranishi\n|player|p2|\n","uploadtime":1767803248,"views":16,"formatid":"gen9vgc2026regi","rating":1314,"private":0,"password":null}