{"id":"gen9vgc2026regi-2576524520","format":"[Gen 9] VGC 2026 Reg I","players":["dasabe\u76d6\u6b27\u5361\u4fa0","Jamstiffer"],"log":"|j|\u2606dasabe\u76d6\u6b27\u5361\u4fa0\n|j|\u2606Jamstiffer\n|t:|1775484501\n|gametype|doubles\n|player|p1|dasabe\u76d6\u6b27\u5361\u4fa0|may-masters4|\n|player|p2|Jamstiffer|aaron|\n|gen|9\n|tier|[Gen 9] VGC 2026 Reg I\n|rated|Tournament battle\n|rule|Species Clause: Limit one of each Pok\u00e9mon\n|rule|Item Clause: Limit 1 of each item\n|raw|<div class=\"infobox\"><details class=\"readmore\" open><summary><strong>3 custom rules:</strong></summary> Open Team Sheets, Force Open Team Sheets, !Open Team Sheets</details></div>\n|clearpoke\n|poke|p1|Kyogre, L50|\n|poke|p1|Miraidon, L50|\n|poke|p1|Whimsicott, L50, F|\n|poke|p1|Iron Hands, L50|\n|poke|p1|Farigiraf, L50, F|\n|poke|p1|Urshifu-*, L50, M|\n|poke|p2|Koraidon, L50|\n|poke|p2|Miraidon, L50|\n|poke|p2|Whimsicott, L50, F|\n|poke|p2|Chi-Yu, L50|\n|poke|p2|Flutter Mane, L50|\n|poke|p2|Iron Hands, L50|\n|teampreview|4\n|showteam|p1|Kyogre||ChoiceSpecs|Drizzle|WaterSpout,HydroPump,OriginPulse,IceBeam||||||50|,,,,,Water]Miraidon||LifeOrb|HadronEngine|DazzlingGleam,DracoMeteor,Protect,ElectroDrift||||||50|,,,,,Fairy]Whimsicott||FocusSash|Prankster|Tailwind,Moonblast,Encore,Endeavor|||F|||50|,,,,,Ghost]Iron Hands||AssaultVest|QuarkDrive|LowKick,DrainPunch,WildCharge,FakeOut||||||50|,,,,,Water]Farigiraf||ElectricSeed|ArmorTail|Imprison,Psychic,TrickRoom,HelpingHand|||F|||50|,,,,,Fairy]Urshifu||ChoiceBand|UnseenFist|WickedBlow,SuckerPunch,CloseCombat,PoisonJab|||M|||50|,,,,,Poison\n|showteam|p2|Koraidon||LifeOrb|OrichalcumPulse|CloseCombat,FlareBlitz,FlameCharge,Protect||||||50|,,,,,Fire]Miraidon||ChoiceSpecs|HadronEngine|ElectroDrift,VoltSwitch,DazzlingGleam,DracoMeteor||||||50|,,,,,Fairy]Whimsicott||CovertCloak|Prankster|Tailwind,Taunt,Encore,Moonblast|||F|||50|,,,,,Dark]Chi-Yu||ChoiceScarf|BeadsofRuin|HeatWave,Overheat,DarkPulse,Snarl||||||50|,,,,,Ghost]Flutter Mane||FocusSash|Protosynthesis|IcyWind,Moonblast,ShadowBall,Protect||||||50|,,,,,Normal]Iron Hands||AssaultVest|QuarkDrive|FakeOut,WildCharge,LowKick,DrainPunch||||||50|,,,,,Bug\n|inactive|Battle timer is ON: inactive players will automatically lose when time's up. (requested by Jamstiffer)\n|j| PXian\n|j| lord bidoof spiky\n|j| NotherNpc\n|j| gamerej2012\n|j| imtheroaringknight\n|j| Yokikies\n|j| MrCatMan219\n|l| gamerej2012\n|j| teal_knight\n|l| Yokikies\n|inactive|Jamstiffer has 60 seconds left.\n|j| silentstorm_366\n|\n|t:|1775484540\n|teamsize|p1|4\n|teamsize|p2|4\n|start\n|switch|p1a: \u624b\u94f6|Iron Hands, L50, shiny|100/100\n|switch|p1b: \u5c0f\u5934\u63a7\u5927\u5934|Farigiraf, L50, F, shiny|100/100\n|switch|p2a: Whimsicott|Whimsicott, L50, F|100/100\n|switch|p2b: Miraidon|Miraidon, L50|100/100\n|-fieldstart|move: Electric Terrain|[from] ability: Hadron Engine|[of] p2b: Miraidon\n|-enditem|p1b: \u5c0f\u5934\u63a7\u5927\u5934|Electric Seed\n|-boost|p1b: \u5c0f\u5934\u63a7\u5927\u5934|def|1|[from] item: Electric Seed\n|-activate|p1a: \u624b\u94f6|ability: Quark Drive\n|-start|p1a: \u624b\u94f6|quarkdriveatk\n|turn|1\n|\n|t:|1775484556\n|move|p1a: \u624b\u94f6|Fake Out|p2b: Miraidon\n|-damage|p2b: Miraidon|80/100\n|cant|p2b: Miraidon|flinch\n|move|p2a: Whimsicott|Moonblast|p1a: \u624b\u94f6\n|-supereffective|p1a: \u624b\u94f6\n|-damage|p1a: \u624b\u94f6|67/100\n|-unboost|p1a: \u624b\u94f6|spa|1\n|move|p1b: \u5c0f\u5934\u63a7\u5927\u5934|Trick Room|p1b: \u5c0f\u5934\u63a7\u5927\u5934\n|-fieldstart|move: Trick Room|[of] p1b: \u5c0f\u5934\u63a7\u5927\u5934\n|\n|upkeep\n|turn|2\n|j| villaingamer\n|j| gamerej2012\n|\n|t:|1775484573\n|-terastallize|p2b: Miraidon|Fairy\n|move|p1b: \u5c0f\u5934\u63a7\u5927\u5934|Helping Hand|p1a: \u624b\u94f6\n|-singleturn|p1a: \u624b\u94f6|Helping Hand|[of] p1b: \u5c0f\u5934\u63a7\u5927\u5934\n|move|p1a: \u624b\u94f6|Low Kick|p2b: Miraidon\n|-resisted|p2b: Miraidon\n|-damage|p2b: Miraidon|6/100\n|move|p2a: Whimsicott|Moonblast|p1a: \u624b\u94f6\n|-supereffective|p1a: \u624b\u94f6\n|-damage|p1a: \u624b\u94f6|29/100\n|move|p2b: Miraidon|Electro Drift|p1b: \u5c0f\u5934\u63a7\u5927\u5934\n|-damage|p1b: \u5c0f\u5934\u63a7\u5927\u5934|0 fnt\n|faint|p1b: \u5c0f\u5934\u63a7\u5927\u5934\n|\n|upkeep\n|\n|t:|1775484577\n|switch|p1b: \u6210\u90fd\u8001\u76d6|Kyogre, L50, shiny|100/100\n|-weather|RainDance|[from] ability: Drizzle|[of] p1b: \u6210\u90fd\u8001\u76d6\n|turn|3\n|\n|t:|1775484589\n|switch|p2b: Koraidon|Koraidon, L50|100/100\n|-weather|SunnyDay|[from] ability: Orichalcum Pulse|[of] p2b: Koraidon\n|-activate|p2b: Koraidon|Orichalcum Pulse|[source]\n|move|p1a: \u624b\u94f6|Drain Punch|p2b: Koraidon\n|-damage|p2b: Koraidon|46/100\n|-heal|p1a: \u624b\u94f6|49/100|[from] drain|[of] p2b: Koraidon\n|move|p1b: \u6210\u90fd\u8001\u76d6|Ice Beam|p2a: Whimsicott\n|-supereffective|p2a: Whimsicott\n|-damage|p2a: Whimsicott|0 fnt\n|faint|p2a: Whimsicott\n|\n|-weather|SunnyDay|[upkeep]\n|upkeep\n|\n|t:|1775484600\n|switch|p2a: Chi-Yu|Chi-Yu, L50|100/100\n|-ability|p2a: Chi-Yu|Beads of Ruin\n|turn|4\n|\n|t:|1775484614\n|switch|p2b: Miraidon|Miraidon, L50, tera:Fairy|6/100\n|-activate|p2b: Miraidon|ability: Hadron Engine\n|-terastallize|p1a: \u624b\u94f6|Water\n|move|p1a: \u624b\u94f6|Low Kick|p2b: Miraidon\n|-resisted|p2b: Miraidon\n|-damage|p2b: Miraidon|0 fnt\n|faint|p2b: Miraidon\n|move|p1b: \u6210\u90fd\u8001\u76d6|Ice Beam|p2a: Chi-Yu\n|-resisted|p2a: Chi-Yu\n|-damage|p2a: Chi-Yu|67/100\n|move|p2a: Chi-Yu|Heat Wave|p1b: \u6210\u90fd\u8001\u76d6|[spread] p1a,p1b\n|-resisted|p1a: \u624b\u94f6\n|-resisted|p1b: \u6210\u90fd\u8001\u76d6\n|-damage|p1a: \u624b\u94f6|30/100\n|-damage|p1b: \u6210\u90fd\u8001\u76d6|72/100\n|\n|-weather|SunnyDay|[upkeep]\n|upkeep\n|\n|t:|1775484616\n|switch|p2b: Koraidon|Koraidon, L50|46/100\n|-activate|p2b: Koraidon|ability: Orichalcum Pulse\n|turn|5\n|\n|t:|1775484624\n|switch|p1b: \u94f6\u91d1\u5996\u86c7|Miraidon, L50, shiny|100/100\n|-activate|p1b: \u94f6\u91d1\u5996\u86c7|ability: Hadron Engine\n|move|p2b: Koraidon|Protect|p2b: Koraidon\n|-singleturn|p2b: Koraidon|Protect\n|move|p1a: \u624b\u94f6|Drain Punch|p2a: Chi-Yu\n|-supereffective|p2a: Chi-Yu\n|-damage|p2a: Chi-Yu|0 fnt\n|-heal|p1a: \u624b\u94f6|48/100|[from] drain|[of] p2a: Chi-Yu\n|faint|p2a: Chi-Yu\n|\n|-weather|SunnyDay|[upkeep]\n|-fieldend|move: Trick Room\n|-fieldend|move: Electric Terrain\n|-end|p1a: \u624b\u94f6|Quark Drive\n|upkeep\n|turn|6\n|\n|t:|1775484630\n|-end|p1a: \u624b\u94f6|Quark Drive|[silent]\n|switch|p1a: \u6210\u90fd\u8001\u76d6|Kyogre, L50, shiny|72/100\n|-weather|RainDance|[from] ability: Drizzle|[of] p1a: \u6210\u90fd\u8001\u76d6\n|move|p2b: Koraidon|Close Combat|p1b: \u94f6\u91d1\u5996\u86c7\n|-damage|p1b: \u94f6\u91d1\u5996\u86c7|23/100\n|-unboost|p2b: Koraidon|def|1\n|-unboost|p2b: Koraidon|spd|1\n|-damage|p2b: Koraidon|36/100|[from] item: Life Orb\n|move|p1b: \u94f6\u91d1\u5996\u86c7|Dazzling Gleam|p2b: Koraidon\n|-supereffective|p2b: Koraidon\n|-damage|p2b: Koraidon|0 fnt\n|faint|p2b: Koraidon\n|-damage|p1b: \u94f6\u91d1\u5996\u86c7|13/100|[from] item: Life Orb\n|\n|win|dasabe\u76d6\u6b27\u5361\u4fa0\n|n|\u2606dasabe\u76d6\u6b27\u5361\u4fa0|dasabe\n|n|\u2606Jamstiffer|jamstiffer\n|n| PXian|pxian\n|n| lord bidoof spiky|lordbidoofspiky\n|n| NotherNpc|nothernpc\n|n| imtheroaringknight|imtheroaringknight\n|n| MrCatMan219|mrcatman219\n|n| teal_knight|tealknight\n|n| silentstorm_366|silentstorm366\n|n| villaingamer|villaingamer\n|n| gamerej2012|gamerej2012\n","uploadtime":1775484630,"views":11,"formatid":"gen9vgc2026regi","rating":null,"private":0,"password":null}